Trd, 4317822.443, 95
Trd, 4317822.843, 96
Trd, 4317822.893, 95
Trd, 4317823.293, 96
Trd, 4317825.193, 97
Trd, 4317825.593, 98
Trd, 4317826.493, 94
Trd, 4317828.643, 97
Trd, 4317831.593, 97
Trd, 4317833.293, 92
Trd, 4317833.843, 95
Trd, 4317835.543, 95
Trd, 4317836.643, 95
Trd, 4317837.693, 93
Trd, 4317840.943, 95
Trd, 4317841.143, 95
Trd, 4317843.443, 92
Trd, 4317843.593, 95
Trd, 4317845.493, 95
Trd, 4317847.193, 95
Trd, 4317847.593, 92
Trd, 4317849.493, 94
Trd, 4317849.593, 95
Trd, 4317851.693, 95
Trd, 4317854.693, 92
Trd, 4317856.793, 95
Trd, 4317859.293, 95
Trd, 4317861.743, 95
Trd, 4317862.693, 91
Trd, 4317867.893, 95
Trd, 4317867.993, 90
Trd, 4317868.643, 95
Trd, 4317871.593, 95
Trd, 4317871.743, 95
Trd, 4317872.943, 95
Trd, 4317873.893, 90
Trd, 4317875.593, 95
Trd, 4317876.693, 95
Trd, 4317877.493, 93
Trd, 4317880.143, 95
Trd, 4317883.343, 95
Trd, 4317884.943, 92
Trd, 4317887.143, 95
Trd, 4317887.743, 96
Trd, 4317887.993, 95
Trd, 4317890.893, 96
Trd, 4317890.993, 97
Trd, 4317891.493, 93
Trd, 4317897.643, 96
Trd, 4317898.393, 96
Trd, 4317899.243, 92
Trd, 4317901.593, 93
Trd, 4317903.793, 96
Trd, 4317904.543, 96
Trd, 4317905.043, 96
Trd, 4317906.643, 92
Trd, 4317908.593, 96
Trd, 4317910.543, 92
Trd, 4317911.793, 96
Trd, 4317911.943, 97
Trd, 4317915.693, 96
Trd, 4317916.343, 96
Trd, 4317919.943, 92
Trd, 4317922.943, 93
Trd, 4317924.593, 94
Trd, 4317924.943, 92
Trd, 4317925.593, 93
Trd, 4317928.193, 92
Trd, 4317929.843, 93
Trd, 4317930.093, 93
Trd, 4317930.943, 91
Trd, 4317933.043, 92
Trd, 4317933.743, 95
Trd, 4317935.493, 90
Trd, 4317936.693, 92
Trd, 4317937.493, 91
Trd, 4317938.293, 89
Trd, 4317938.443, 95
Trd, 4317939.743, 93
Trd, 4317942.143, 105
Trd, 4317944.093, 94
Trd, 4317945.343, 95
Trd, 4317947.043, 93
Trd, 4317947.243, 94
Trd, 4317950.793, 95
Trd, 4317951.243, 95
Trd, 4317951.943, 95
Trd, 4317952.793, 93
Trd, 4317954.743, 95
Trd, 4317956.793, 94
Trd, 4317957.443, 93
Trd, 4317957.793, 94
Trd, 4317961.343, 94
Trd, 4317962.743, 93
Trd, 4317963.143, 92
Trd, 4317964.293, 92
Trd, 4317964.593, 93
Trd, 4317967.393, 93
Trd, 4317968.193, 94
Trd, 4317968.993, 95
Trd, 4317971.343, 94
Trd, 4317971.543, 91
Trd, 4317974.293, 91
Trd, 4317974.393, 93
Trd, 4317974.493, 93
Trd, 4317976.893, 92
Trd, 4317977.243, 87
Trd, 4317977.843, 92
Trd, 4317979.193, 91
Trd, 4317980.143, 91
Trd, 4317981.393, 90
Trd, 4317984.743, 89
Trd, 4317984.993, 95
Trd, 4317985.643, 114
Trd, 4317986.443, 95
Trd, 4317986.993, 95
Trd, 4317992.043, 95
Trd, 4317992.293, 96
Trd, 4317992.443, 97
Trd, 4317996.493, 94
Trd, 4317997.543, 95
Trd, 4317998.343, 95
Trd, 4317999.393, 95
Trd, 4318003.593, 94
Trd, 4318003.693, 93
Trd, 4318007.093, 92
Trd, 4318008.693, 93
Trd, 4318011.893, 91
Trd, 4318012.243, 93
Trd, 4318016.643, 90
Trd, 4318017.243, 93
Trd, 4318017.743, 90
Trd, 4318021.493, 92
Trd, 4318022.643, 93
Trd, 4318022.893, 90
Trd, 4318023.443, 93
Trd, 4318023.993, 94
Trd, 4318025.493, 93
Trd, 4318027.393, 90
Trd, 4318028.843, 93
Trd, 4318031.143, 93
Trd, 4318032.893, 93
Trd, 4318034.243, 93
Trd, 4318034.893, 108
Trd, 4318035.893, 90
Trd, 4318038.193, 89
Trd, 4318038.743, 94
Trd, 4318041.593, 94
Trd, 4318044.743, 93
Trd, 4318045.093, 92
Trd, 4318046.093, 92
Trd, 4318048.643, 90
Trd, 4318049.793, 91
Trd, 4318050.493, 92
Trd, 4318052.043, 90
Trd, 4318053.643, 93
Trd, 4318054.343, 93
Trd, 4318055.343, 91
Trd, 4318057.393, 94
Trd, 4318057.843, 95
Trd, 4318058.743, 104
Trd, 4318060.293, 92
Trd, 4318060.593, 96
Trd, 4318064.793, 96
Trd, 4318066.093, 92
Trd, 4318067.643, 96
Trd, 4318068.293, 96
Trd, 4318072.093, 95
Trd, 4318074.843, 94
Trd, 4318076.193, 95
Trd, 4318078.343, 95
Trd, 4318079.543, 94
Trd, 4318080.243, 93
Trd, 4318081.193, 95
Trd, 4318083.743, 95
Trd, 4318086.343, 93
Trd, 4318090.593, 92
Trd, 4318090.793, 95
Trd, 4318091.243, 95
Trd, 4318093.343, 95
Trd, 4318094.393, 95
Trd, 4318095.243, 104
Trd, 4318097.293, 92
Trd, 4318097.893, 93
Trd, 4318098.293, 91
Trd, 4318098.493, 93
Trd, 4318101.743, 91
Trd, 4318103.493, 92
Trd, 4318103.693, 90
Trd, 4318106.093, 92
Trd, 4318108.643, 92
Trd, 4318108.943, 89
Trd, 4318111.093, 92
Trd, 4318111.143, 93
Trd, 4318111.693, 88
Trd, 4318113.793, 95
Trd, 4318115.143, 92
Trd, 4318117.343, 87
Trd, 4318117.593, 92
Trd, 4318120.293, 91
Trd, 4318123.043, 92
Trd, 4318123.243, 92
Trd, 4318124.893, 95
Trd, 4318125.543, 95
Trd, 4318125.893, 97
Trd, 4318126.393, 113
Trd, 4318126.543, 122
Trd, 4318129.893, 103
Trd, 4318130.843, 101
Trd, 4318132.993, 101
Trd, 4318136.093, 99
Trd, 4318136.693, 100
Trd, 4318137.643, 102
Trd, 4318141.093, 102
Trd, 4318141.493, 98
Trd, 4318142.343, 109
Trd, 4318145.093, 103
Trd, 4318146.093, 97
Trd, 4318149.093, 100
Trd, 4318151.343, 100
Trd, 4318152.843, 96
Trd, 4318154.593, 100
Trd, 4318157.393, 96
Trd, 4318158.393, 100
Trd, 4318158.493, 100
Trd, 4318161.343, 95
Trd, 4318164.093, 98
Trd, 4318164.843, 98
Trd, 4318166.643, 98
Trd, 4318168.693, 95
Trd, 4318170.643, 98
Trd, 4318171.093, 95
Trd, 4318172.943, 98
Trd, 4318175.543, 98
Trd, 4318176.743, 98
Trd, 4318176.893, 95
Trd, 4318178.643, 97
Trd, 4318183.543, 97
Trd, 4318184.343, 94
Trd, 4318185.043, 97
Trd, 4318187.093, 97
Trd, 4318187.493, 97
Trd, 4318190.643, 94
Trd, 4318190.743, 97
Trd, 4318194.143, 97
Trd, 4318194.293, 94
Trd, 4318195.693, 97
Trd, 4318198.193, 95
Trd, 4318198.843, 97
Trd, 4318200.743, 96
Trd, 4318202.693, 95
Trd, 4318204.143, 96
Trd, 4318206.293, 94
Trd, 4318207.643, 95
Trd, 4318208.393, 95
Trd, 4318209.393, 94
Trd, 4318213.693, 93
Trd, 4318214.093, 94
Trd, 4318216.693, 94
Trd, 4318219.143, 94
Trd, 4318220.143, 94
Trd, 4318221.743, 94
Trd, 4318223.843, 94
Trd, 4318223.993, 92
Trd, 4318225.743, 91
Trd, 4318226.193, 93
Trd, 4318227.243, 93
Trd, 4318228.693, 94
Trd, 4318230.493, 94
Trd, 4318230.543, 89
Trd, 4318231.043, 95
Trd, 4318234.693, 94
Trd, 4318235.793, 93
Trd, 4318238.543, 94
Trd, 4318238.643, 92
Trd, 4318239.843, 94
Trd, 4318240.143, 94
Trd, 4318242.543, 95
Trd, 4318243.343, 93
Trd, 4318244.843, 105
Trd, 4318248.593, 97
Trd, 4318248.843, 96
Trd, 4318251.343, 92
Trd, 4318255.193, 96
Trd, 4318255.893, 96
Trd, 4318256.343, 93
Trd, 4318258.643, 96
Trd, 4318258.993, 96
Trd, 4318260.493, 94
Trd, 4318266.043, 96
Trd, 4318266.093, 96
Trd, 4318266.543, 94
Trd, 4318270.043, 95
Trd, 4318270.343, 95
Trd, 4318271.543, 93
Trd, 4318273.343, 92
Trd, 4318275.093, 95
Trd, 4318275.393, 95
Trd, 4318279.493, 95
Trd, 4318279.843, 95
Trd, 4318281.043, 91
Trd, 4318281.493, 95
Trd, 4318284.193, 94
Trd, 4318284.493, 90
Trd, 4318286.093, 94
Trd, 4318287.293, 94
Trd, 4318290.393, 95
Trd, 4318291.043, 95
Trd, 4318292.843, 91
Trd, 4318294.593, 96
Trd, 4318296.293, 95
Trd, 4318298.443, 94
Trd, 4318298.493, 95
Trd, 4318299.893, 95
Trd, 4318301.593, 93
Trd, 4318302.843, 95
Trd, 4318302.993, 94
Trd, 4318305.093, 94
Trd, 4318305.243, 105
Trd, 4318306.143, 115
Trd, 4318306.543, 92
Trd, 4318308.093, 100
Trd, 4318312.393, 91
Trd, 4318312.643, 95
Trd, 4318313.493, 95
Trd, 4318317.593, 95
Trd, 4318318.893, 95
Trd, 4318320.543, 91
Trd, 4318321.793, 95
Trd, 4318322.093, 90
Trd, 4318325.443, 90
Trd, 4318327.393, 95
Trd, 4318328.743, 94
Trd, 4318328.793, 95
Trd, 4318330.193, 94
Trd, 4318331.043, 95
Trd, 4318335.893, 93
Trd, 4318336.843, 95
Trd, 4318337.643, 95
Trd, 4318338.243, 97
Trd, 4318338.543, 95
Trd, 4318338.943, 95
Trd, 4318340.943, 96
Trd, 4318341.193, 96
Trd, 4318341.743, 94
Trd, 4318344.343, 105
Trd, 4318344.993, 100
Trd, 4318347.443, 99
Trd, 4318348.043, 98
Trd, 4318349.493, 98
Trd, 4318349.643, 93
Trd, 4318352.843, 96
Trd, 4318355.343, 97
Trd, 4318355.493, 95
Trd, 4318358.293, 97
Trd, 4318359.843, 97
Trd, 4318363.343, 94
Trd, 4318364.593, 97
Trd, 4318365.443, 97
Trd, 4318366.993, 109
Trd, 4318368.893, 94
Trd, 4318370.643, 98
Trd, 4318371.693, 94
Trd, 4318372.193, 98
Trd, 4318374.343, 98
Trd, 4318375.693, 93
Trd, 4318376.793, 98
Trd, 4318380.643, 98
Trd, 4318381.393, 93
Trd, 4318383.043, 97
Trd, 4318388.043, 93
Trd, 4318389.393, 97
Trd, 4318389.443, 97
Trd, 4318391.943, 97
Trd, 4318393.393, 92
Trd, 4318393.943, 97
Trd, 4318395.893, 91
Trd, 4318396.793, 97
Trd, 4318397.893, 97
Trd, 4318399.743, 90
Trd, 4318402.243, 97
Trd, 4318404.593, 96
Trd, 4318405.743, 95
Trd, 4318406.943, 96
Trd, 4318407.593, 95
Trd, 4318410.443, 94
Trd, 4318411.043, 96
Trd, 4318412.293, 93
Trd, 4318414.493, 96
Trd, 4318415.193, 96
Trd, 4318415.343, 94
Trd, 4318417.293, 95
Trd, 4318422.293, 94
Trd, 4318423.793, 93
Trd, 4318425.843, 94
Trd, 4318426.893, 94
Trd, 4318426.943, 95
Trd, 4318427.893, 95
Trd, 4318429.693, 92
Trd, 4318430.093, 95
Trd, 4318431.343, 94
Trd, 4318432.043, 92
Trd, 4318433.493, 96
Trd, 4318435.143, 96
Trd, 4318436.693, 93
Trd, 4318437.793, 95
Trd, 4318440.693, 95
Trd, 4318441.343, 95
Trd, 4318443.893, 94
Trd, 4318446.343, 95
Trd, 4318447.993, 95
Trd, 4318449.343, 95
Trd, 4318450.543, 93
Trd, 4318451.343, 95
Trd, 4318453.793, 94
Trd, 4318454.643, 95
Trd, 4318459.043, 94
Trd, 4318459.643, 94
Trd, 4318459.943, 95
Trd, 4318460.543, 93
Trd, 4318461.743, 95
Trd, 4318464.493, 94
Trd, 4318465.643, 95
Trd, 4318467.843, 92
Trd, 4318468.093, 92
Trd, 4318468.943, 95
Trd, 4318469.693, 91
Trd, 4318470.093, 90
Trd, 4318471.393, 89
Trd, 4318473.243, 92
Trd, 4318473.293, 104
Trd, 4318476.193, 89
Trd, 4318476.443, 92
Trd, 4318479.393, 92
Trd, 4318481.843, 88
Trd, 4318482.993, 90
Trd, 4318483.343, 91
Trd, 4318485.493, 90
Trd, 4318485.993, 91
Trd, 4318487.443, 95
Trd, 4318488.793, 88
Trd, 4318490.393, 92
Trd, 4318492.243, 87
Trd, 4318493.093, 92
Trd, 4318495.343, 92
Trd, 4318496.393, 92
Trd, 4318498.943, 92
Trd, 4318500.143, 92
Trd, 4318500.943, 92
Trd, 4318501.393, 91
Trd, 4318503.993, 92
Trd, 4318505.093, 91
Trd, 4318505.693, 92
Trd, 4318507.093, 92
Trd, 4318508.243, 104
Trd, 4318509.443, 90
Trd, 4318512.193, 94
Trd, 4318512.293, 91
Trd, 4318516.693, 94
Trd, 4318516.943, 94
Trd, 4318517.643, 95
Trd, 4318518.943, 94
Trd, 4318518.993, 91
Trd, 4318520.143, 95
Trd, 4318521.993, 102
Trd, 4318522.543, 106
Trd, 4318522.593, 103
Trd, 4318523.143, 98
Trd, 4318525.593, 100
Trd, 4318525.993, 103
Trd, 4318529.593, 100
Trd, 4318529.893, 100
Trd, 4318530.643, 99
Trd, 4318534.543, 98
Trd, 4318535.693, 100
Trd, 4318537.493, 100
Trd, 4318537.743, 101
Trd, 4318538.493, 98
Trd, 4318541.143, 100
Trd, 4318543.893, 101
Trd, 4318545.493, 100
Trd, 4318548.393, 97
Trd, 4318550.093, 99
Trd, 4318550.393, 99
Trd, 4318552.943, 96
Trd, 4318553.193, 98
Trd, 4318558.693, 97
Trd, 4318562.043, 97
Trd, 4318562.793, 95
Trd, 4318563.993, 97
Trd, 4318564.243, 97
Trd, 4318565.243, 94
Trd, 4318569.093, 93
Trd, 4318569.993, 95
Trd, 4318570.943, 95
Trd, 4318571.943, 94
Trd, 4318572.893, 95
Trd, 4318573.093, 93
Trd, 4318574.393, 94
Trd, 4318580.693, 93
Trd, 4318581.043, 95
Trd, 4318582.593, 94
Trd, 4318585.243, 93
Trd, 4318585.543, 93
Trd, 4318586.243, 94
Trd, 4318587.093, 92
Trd, 4318589.643, 94
Trd, 4318590.743, 91
Trd, 4318591.993, 94
Trd, 4318592.043, 94
Trd, 4318593.093, 93
Trd, 4318594.143, 93
Trd, 4318595.993, 94
Trd, 4318598.643, 91
Trd, 4318600.193, 94
Trd, 4318603.043, 94
Trd, 4318606.243, 94
Trd, 4318607.093, 94
Trd, 4318608.943, 92
Trd, 4318609.093, 95
Trd, 4318613.243, 95
Trd, 4318614.693, 94
Trd, 4318616.893, 93
Trd, 4318617.543, 93
Trd, 4318618.393, 94
Trd, 4318618.543, 93
Trd, 4318618.993, 94
Trd, 4318623.393, 94
Trd, 4318623.893, 92
Trd, 4318624.593, 94
Trd, 4318625.193, 94
Trd, 4318626.143, 92
Trd, 4318628.393, 93
Trd, 4318631.993, 94
Trd, 4318633.343, 91
Trd, 4318633.393, 94
Trd, 4318633.693, 93
Trd, 4318635.543, 91
Trd, 4318635.993, 93
Trd, 4318638.993, 90
Trd, 4318640.843, 92
Trd, 4318641.493, 89
Trd, 4318643.493, 88
Trd, 4318643.993, 89
Trd, 4318644.843, 88
Trd, 4318648.893, 95
Trd, 4318649.093, 113
Trd, 4318649.393, 96
Trd, 4318650.443, 95
Trd, 4318652.243, 96
Trd, 4318652.943, 95
Trd, 4318654.143, 96
Trd, 4318654.343, 96
Trd, 4318656.943, 90
Trd, 4318657.643, 94
Trd, 4318658.493, 92
Trd, 4318658.893, 94
Trd, 4318660.493, 94
Trd, 4318660.693, 95
Trd, 4318661.743, 107
Trd, 4318662.393, 94
Trd, 4318664.593, 95
Trd, 4318665.243, 93
Trd, 4318665.643, 122
Trd, 4318668.643, 99
Trd, 4318671.693, 93
Trd, 4318672.143, 99
Trd, 4318672.193, 99
Trd, 4318676.043, 92
Trd, 4318677.893, 97
Trd, 4318680.093, 97
Trd, 4318680.343, 93
Trd, 4318682.743, 97
Trd, 4318682.943, 97
Trd, 4318687.943, 96
Trd, 4318688.493, 95
Trd, 4318689.293, 96
Trd, 4318690.443, 96
Trd, 4318691.043, 94
Trd, 4318693.793, 96
Trd, 4318694.693, 93
Trd, 4318696.093, 92
Trd, 4318697.793, 95
Trd, 4318698.543, 97
Trd, 4318704.443, 93
Trd, 4318705.243, 94
Trd, 4318705.643, 94
Trd, 4318707.043, 95
Trd, 4318709.443, 95
Trd, 4318709.893, 92
Trd, 4318712.793, 91
Trd, 4318715.943, 93
Trd, 4318716.393, 93
Trd, 4318718.893, 94
Trd, 4318719.693, 94
Trd, 4318720.343, 90
Trd, 4318720.393, 95
Trd, 4318721.043, 90
Trd, 4318724.893, 95
Trd, 4318725.393, 94
Trd, 4318726.893, 92
Trd, 4318729.093, 93
Trd, 4318730.693, 94
Trd, 4318730.743, 89
Trd, 4318732.543, 93
Trd, 4318735.143, 91
Trd, 4318735.593, 91
Trd, 4318735.943, 92
Trd, 4318736.093, 92
Trd, 4318736.643, 95
Trd, 4318737.643, 93
Trd, 4318740.243, 93
Trd, 4318742.443, 94
Trd, 4318745.543, 94
Trd, 4318745.993, 93
Trd, 4318747.243, 93
Trd, 4318747.393, 92
Trd, 4318748.243, 95
Trd, 4318750.893, 93
Trd, 4318751.943, 94
Trd, 4318752.743, 95
Trd, 4318752.943, 92
Trd, 4318755.193, 94
Trd, 4318755.293, 106
Trd, 4318757.993, 97
Trd, 4318758.593, 98
Trd, 4318759.393, 93
Trd, 4318763.393, 93
Trd, 4318766.493, 97
Trd, 4318767.193, 97
Trd, 4318768.593, 96
Trd, 4318770.693, 92
Trd, 4318771.643, 96
Trd, 4318771.793, 95
Trd, 4318776.343, 96
Trd, 4318776.493, 96
Trd, 4318777.943, 96
Trd, 4318779.643, 92
Trd, 4318782.493, 96
Trd, 4318786.493, 95
Trd, 4318787.643, 95
Trd, 4318789.893, 95
Trd, 4318790.093, 91
Trd, 4318791.343, 91
Trd, 4318791.843, 93
Trd, 4318794.343, 91
Trd, 4318795.743, 92
Trd, 4318796.643, 92
Trd, 4318798.593, 91
Trd, 4318799.293, 91
Trd, 4318799.893, 90
Trd, 4318800.293, 90
Trd, 4318801.393, 92
Trd, 4318802.143, 95
Trd, 4318803.143, 89
Trd, 4318803.543, 92
Trd, 4318805.993, 89
Trd, 4318807.943, 92
Trd, 4318809.493, 88
Trd, 4318811.493, 91
Trd, 4318812.343, 90
Trd, 4318814.893, 90
Trd, 4318815.643, 87
Trd, 4318815.843, 95
Trd, 4318817.293, 117
Trd, 4318818.393, 95
Trd, 4318820.243, 92
Trd, 4318822.993, 96
Trd, 4318823.343, 96
Trd, 4318824.943, 96
Trd, 4318825.993, 92
Trd, 4318828.543, 95
Trd, 4318830.243, 91
Trd, 4318831.293, 94
Trd, 4318832.393, 94
Trd, 4318833.093, 94
Trd, 4318834.343, 94
Trd, 4318836.143, 94
Trd, 4318836.243, 91
Trd, 4318836.843, 94
Trd, 4318837.043, 95
Trd, 4318839.093, 94
Trd, 4318840.893, 94
Trd, 4318841.493, 95
Trd, 4318845.443, 95
Trd, 4318845.643, 94
Trd, 4318846.743, 93
Trd, 4318847.243, 95
Trd, 4318849.193, 92
Trd, 4318850.093, 94
Trd, 4318850.293, 96
Trd, 4318856.893, 94
Trd, 4318857.143, 95
Trd, 4318857.243, 92
Trd, 4318857.293, 95
Trd, 4318860.093, 96
Trd, 4318863.193, 91
Trd, 4318865.493, 96
Trd, 4318866.643, 96
Trd, 4318868.443, 91
Trd, 4318868.643, 96
Trd, 4318870.143, 94
Trd, 4318870.393, 91
Trd, 4318872.293, 92
Trd, 4318876.843, 91
Trd, 4318877.643, 90
Trd, 4318878.493, 89
Trd, 4318878.693, 95
Trd, 4318879.943, 94
Trd, 4318880.343, 93
Trd, 4318882.893, 113
Trd, 4318883.393, 122
Trd, 4318884.743, 102
Trd, 4318885.043, 93
Trd, 4318888.693, 98
Trd, 4318892.193, 98
Trd, 4318892.593, 98
Trd, 4318893.593, 94
Trd, 4318896.643, 98
Trd, 4318898.393, 98
Trd, 4318901.593, 94
Trd, 4318901.793, 98
Trd, 4318902.893, 98
Trd, 4318904.343, 98
Trd, 4318909.793, 97
Trd, 4318910.743, 93
Trd, 4318913.343, 97
Trd, 4318913.443, 93
Trd, 4318914.593, 89
Trd, 4318914.643, 97
Trd, 4318915.893, 97
Trd, 4318917.043, 95
Trd, 4318920.093, 94
Trd, 4318922.893, 94
Trd, 4318923.793, 91
Trd, 4318929.443, 94
Trd, 4318929.493, 95
Trd, 4318930.043, 90
Trd, 4318931.743, 94
Trd, 4318933.193, 94
Trd, 4318933.343, 92
Trd, 4318933.643, 94
Trd, 4318935.993, 94
Trd, 4318938.543, 95
Trd, 4318940.893, 95
Trd, 4318941.993, 95
Trd, 4318942.493, 92
Trd, 4318947.643, 94
Trd, 4318949.443, 94
Trd, 4318949.893, 95
Trd, 4318950.893, 95
Trd, 4318951.393, 92
Trd, 4318954.243, 95
Trd, 4318954.993, 91
Trd, 4318958.143, 94
Trd, 4318960.643, 93
Trd, 4318960.743, 90
Trd, 4318962.243, 90
Trd, 4318962.293, 93
Trd, 4318964.143, 94
Trd, 4318964.693, 95
Trd, 4318967.043, 92
Trd, 4318968.743, 107
Trd, 4318969.643, 96
Trd, 4318971.343, 95
Trd, 4318973.743, 94
Trd, 4318973.993, 94
Trd, 4318975.143, 91
Trd, 4318975.693, 95
Trd, 4318976.893, 90
Trd, 4318980.493, 94
Trd, 4318982.693, 94
Trd, 4318982.943, 95
Trd, 4318986.893, 89
Trd, 4318987.243, 94
Trd, 4318989.393, 94
Trd, 4318989.693, 105
Trd, 4318993.093, 95
Trd, 4318994.293, 88
Trd, 4318994.593, 92
Trd, 4318996.593, 95
Trd, 4318998.543, 88
Trd, 4319000.643, 89
Trd, 4319004.093, 88
Trd, 4319004.243, 87
Trd, 4319004.643, 89
Trd, 4319005.193, 88
Trd, 4319007.893, 86
Trd, 4319008.293, 88
Trd, 4319008.693, 86
Trd, 4319010.943, 86
Trd, 4319013.093, 86
Trd, 4319013.143, 87
Trd, 4319015.443, 87
Trd, 4319016.393, 91
Trd, 4319016.793, 88
Trd, 4319018.843, 89
Trd, 4319019.293, 91
Trd, 4319023.093, 90
Trd, 4319024.293, 93
Trd, 4319024.493, 95
Trd, 4319028.643, 92
Trd, 4319028.893, 91
Trd, 4319030.193, 91
Trd, 4319031.543, 91
Trd, 4319033.193, 91
Trd, 4319034.643, 90
Trd, 4319037.643, 89
Trd, 4319038.193, 91
Trd, 4319038.993, 95
Trd, 4319041.393, 88
Trd, 4319042.943, 91
Trd, 4319043.493, 91
Trd, 4319044.793, 89
Trd, 4319047.143, 88
Trd, 4319047.393, 91
Trd, 4319048.193, 91
Trd, 4319050.043, 95
Trd, 4319053.343, 92
Trd, 4319056.143, 88
Trd, 4319057.043, 92
Trd, 4319057.893, 87
Trd, 4319058.293, 92
Trd, 4319061.193, 92
Trd, 4319062.893, 89
Trd, 4319065.093, 93
Trd, 4319066.993, 110
Trd, 4319068.943, 96
Trd, 4319070.843, 96
Trd, 4319072.443, 90
Trd, 4319073.893, 96
Trd, 4319074.043, 94
Trd, 4319075.543, 96
Trd, 4319079.293, 96
Trd, 4319081.443, 96
Trd, 4319082.743, 96
Trd, 4319083.443, 92
Trd, 4319086.443, 94
Trd, 4319086.543, 92
Trd, 4319088.993, 94
Trd, 4319089.343, 94
Trd, 4319092.393, 91
Trd, 4319095.043, 94
Trd, 4319095.993, 94
Trd, 4319096.493, 113
Trd, 4319097.343, 92
Trd, 4319099.043, 100
Trd, 4319099.593, 93
Trd, 4319103.043, 97
Trd, 4319104.293, 96
Trd, 4319106.793, 92
Trd, 4319107.893, 96
Trd, 4319109.343, 96
Trd, 4319109.793, 96
Trd, 4319112.143, 91
Trd, 4319114.843, 94
Trd, 4319117.543, 90
Trd, 4319117.743, 94
Trd, 4319118.943, 94
Trd, 4319121.143, 93
Trd, 4319122.593, 93
Trd, 4319123.243, 89
Trd, 4319125.043, 93
Trd, 4319125.593, 90
Trd, 4319125.793, 93
Trd, 4319126.443, 94
Trd, 4319131.093, 92
Trd, 4319132.193, 93
Trd, 4319132.293, 95
Trd, 4319133.843, 90
Trd, 4319134.293, 94
Trd, 4319136.343, 89
Trd, 4319138.093, 93
Trd, 4319141.793, 93
Trd, 4319144.693, 90
Trd, 4319144.893, 92
Trd, 4319145.543, 92
Trd, 4319146.143, 91
Trd, 4319148.043, 89
Trd, 4319152.043, 90
Trd, 4319152.293, 91
Trd, 4319152.943, 89
Trd, 4319153.593, 112
Trd, 4319154.893, 88
Trd, 4319155.093, 93
Trd, 4319155.843, 93
Trd, 4319157.943, 85
Trd, 4319158.093, 89
Trd, 4319160.743, 86
Trd, 4319161.343, 87
Trd, 4319161.393, 87
Trd, 4319162.243, 86
Trd, 4319163.893, 95
Trd, 4319164.943, 105
Trd, 4319165.243, 91
Trd, 4319168.643, 84
Trd, 4319169.693, 90
Trd, 4319171.443, 88
Trd, 4319172.443, 90
Trd, 4319172.493, 95
Trd, 4319172.643, 93
Trd, 4319175.643, 96
Trd, 4319176.943, 106
Trd, 4319176.993, 97
Trd, 4319177.893, 97
Trd, 4319179.343, 98
Trd, 4319180.193, 96
Trd, 4319181.393, 97
Trd, 4319181.793, 98
Trd, 4319184.543, 98
Trd, 4319184.793, 96
Trd, 4319188.043, 98
Trd, 4319191.243, 98
Trd, 4319192.693, 98
Trd, 4319195.093, 96
Trd, 4319195.993, 98
Trd, 4319197.593, 97
Trd, 4319198.893, 96
Trd, 4319201.493, 97
Trd, 4319204.443, 96
Trd, 4319206.743, 95
Trd, 4319209.493, 96
Trd, 4319209.543, 94
Trd, 4319209.593, 96
Trd, 4319212.543, 96
Trd, 4319215.493, 94
Trd, 4319218.243, 96
Trd, 4319218.393, 96
Trd, 4319220.093, 94
Trd, 4319220.843, 96
Trd, 4319222.343, 86
Trd, 4319223.293, 96
Trd, 4319225.743, 95
Trd, 4319226.593, 91
Trd, 4319227.993, 95
Trd, 4319228.543, 96
Trd, 4319233.043, 94
Trd, 4319233.143, 89
Trd, 4319233.793, 93
Trd, 4319235.543, 93
Trd, 4319238.643, 93
Trd, 4319239.093, 92
Trd, 4319239.593, 93
Trd, 4319241.393, 94
Trd, 4319243.093, 94
Trd, 4319246.793, 90
Trd, 4319247.893, 94
Trd, 4319250.593, 93
Trd, 4319250.943, 92
Trd, 4319251.043, 89
Trd, 4319254.043, 91
Trd, 4319254.393, 89
Trd, 4319254.693, 91
Trd, 4319255.943, 92
Trd, 4319259.943, 91
Trd, 4319261.243, 89
Trd, 4319261.393, 91
Trd, 4319262.943, 90
Trd, 4319264.493, 89
Trd, 4319265.043, 89
Trd, 4319265.943, 88
Trd, 4319267.343, 89
Trd, 4319269.393, 91
Trd, 4319269.493, 105
Trd, 4319270.993, 92
Trd, 4319272.693, 114
Trd, 4319274.693, 93
Trd, 4319275.943, 96
Trd, 4319280.093, 93
Trd, 4319280.893, 95
Trd, 4319281.343, 95
Trd, 4319283.493, 94
Trd, 4319284.343, 95
Trd, 4319285.143, 92
Trd, 4319286.493, 95
Trd, 4319288.943, 91
Trd, 4319290.943, 95
Trd, 4319293.093, 92
Trd, 4319293.993, 95
Trd, 4319294.993, 95
Trd, 4319295.543, 95
Trd, 4319297.193, 95
Trd, 4319300.293, 94
Trd, 4319302.193, 90
Trd, 4319302.693, 93
Trd, 4319304.193, 93
Trd, 4319304.893, 90
Trd, 4319305.843, 93
Trd, 4319306.793, 93
Trd, 4319309.143, 93
Trd, 4319311.293, 92
Trd, 4319312.193, 89
Trd, 4319312.543, 89
Trd, 4319313.143, 93
Trd, 4319313.943, 95
Trd, 4319315.593, 93
Trd, 4319316.393, 95
Trd, 4319321.393, 93
Trd, 4319322.093, 89
Trd, 4319322.393, 93
Trd, 4319322.743, 93
Trd, 4319323.593, 88
Trd, 4319324.293, 95
Trd, 4319326.393, 92
Trd, 4319328.743, 90
Trd, 4319328.893, 91
Trd, 4319330.393, 91
Trd, 4319331.143, 91
Trd, 4319336.893, 91
Trd, 4319338.093, 91
Trd, 4319338.243, 89
Trd, 4319340.843, 91
Trd, 4319344.443, 91
Trd, 4319345.993, 90
Trd, 4319346.693, 95
Trd, 4319348.793, 91
Trd, 4319350.193, 90
Trd, 4319350.293, 91
Trd, 4319351.893, 91
Trd, 4319353.043, 90
Trd, 4319356.493, 90
Trd, 4319357.143, 91
Trd, 4319357.593, 91
Trd, 4319357.693, 91
Trd, 4319358.793, 91
Trd, 4319360.743, 112
Trd, 4319361.243, 140
Trd, 4319363.893, 89
Trd, 4319366.193, 98
Trd, 4319368.043, 97
Trd, 4319371.043, 95
Trd, 4319371.593, 90
Trd, 4319372.293, 110
Trd, 4319374.293, 97
Trd, 4319376.143, 90
Trd, 4319376.243, 97
Trd, 4319378.593, 91
Trd, 4319379.643, 97
Trd, 4319383.493, 96
Trd, 4319386.393, 95
Trd, 4319386.493, 92
Trd, 4319387.893, 94
Trd, 4319389.093, 95
Trd, 4319390.743, 92
Trd, 4319392.643, 95
Trd, 4319393.793, 95
Trd, 4319395.543, 92
Trd, 4319396.543, 94
Trd, 4319398.993, 94
Trd, 4319400.143, 94
Trd, 4319400.593, 95
Trd, 4319401.343, 91
Trd, 4319402.743, 95
Trd, 4319406.393, 95
Trd, 4319407.193, 91
Trd, 4319408.093, 95
Trd, 4319410.543, 94
Trd, 4319412.593, 90
Trd, 4319413.493, 93
Trd, 4319416.043, 93
Trd, 4319417.593, 93
Trd, 4319418.393, 89
Trd, 4319421.193, 92
Trd, 4319421.343, 95
Trd, 4319423.093, 88
Trd, 4319423.193, 104
Trd, 4319424.493, 100
Trd, 4319426.443, 95
Trd, 4319427.043, 95
Trd, 4319427.993, 87
Trd, 4319431.893, 94
Trd, 4319433.193, 89
Trd, 4319433.443, 94
Trd, 4319434.693, 95
Trd, 4319437.843, 88
Trd, 4319439.043, 87
Trd, 4319439.693, 86
Trd, 4319440.093, 92
Trd, 4319440.893, 90
Trd, 4319442.693, 91
Trd, 4319443.493, 86
Trd, 4319444.043, 95
Trd, 4319445.593, 91
Trd, 4319446.493, 90
Trd, 4319448.243, 107
Trd, 4319450.643, 115
Trd, 4319451.293, 95
Trd, 4319451.843, 96
Trd, 4319454.993, 96
Trd, 4319455.693, 96
Trd, 4319457.043, 96
Trd, 4319457.693, 95
Trd, 4319458.293, 96
Trd, 4319463.593, 93
Trd, 4319463.993, 96
Trd, 4319465.193, 96
Trd, 4319468.643, 92
Trd, 4319470.643, 96
Trd, 4319471.043, 96
Trd, 4319473.393, 96
Trd, 4319474.993, 96
Trd, 4319475.343, 92
Trd, 4319475.893, 96
Trd, 4319475.943, 96
Trd, 4319478.193, 92
Trd, 4319483.843, 96
Trd, 4319484.843, 92
Trd, 4319485.243, 94
Trd, 4319486.443, 95
Trd, 4319488.143, 96
Trd, 4319490.543, 94
Trd, 4319493.343, 93
Trd, 4319494.693, 92
Trd, 4319495.593, 92
Trd, 4319495.843, 95
Trd, 4319497.143, 91
Trd, 4319497.643, 94
Trd, 4319499.093, 93
Trd, 4319502.193, 93
Trd, 4319502.543, 91
Trd, 4319503.493, 90
Trd, 4319505.193, 92
Trd, 4319505.843, 92
Trd, 4319506.793, 93
Trd, 4319507.393, 95
Trd, 4319510.393, 94
Trd, 4319512.043, 90
Trd, 4319512.993, 94
Trd, 4319513.443, 94
Trd, 4319513.493, 88
Trd, 4319519.493, 92
Trd, 4319520.043, 93
Trd, 4319520.943, 94
Trd, 4319524.193, 91
Trd, 4319524.843, 93
Trd, 4319524.893, 94
Trd, 4319527.043, 94
Trd, 4319530.093, 90
Trd, 4319531.393, 89
Trd, 4319533.143, 93
Trd, 4319536.743, 92
Trd, 4319537.293, 92
Trd, 4319540.143, 91
Trd, 4319540.943, 88
Trd, 4319543.793, 88
Trd, 4319545.393, 91
Trd, 4319546.843, 91
Trd, 4319551.043, 91
Trd, 4319551.193, 91
Trd, 4319551.343, 89
Trd, 4319552.393, 95
Trd, 4319553.243, 94
Trd, 4319554.693, 93
Trd, 4319555.093, 88
Trd, 4319557.143, 87
Trd, 4319560.693, 95
Trd, 4319561.893, 93
Trd, 4319563.193, 90
Trd, 4319565.843, 93
Trd, 4319566.243, 93
Trd, 4319568.543, 89
Trd, 4319570.093, 93
Trd, 4319570.443, 94
Trd, 4319571.543, 93
Trd, 4319574.543, 89
Trd, 4319575.743, 92
Trd, 4319577.493, 92
Trd, 4319577.693, 93
Trd, 4319578.243, 88
Trd, 4319579.043, 108
Trd, 4319582.943, 95
Trd, 4319583.843, 87
Trd, 4319584.343, 92
Trd, 4319586.193, 92
Trd, 4319589.043, 92
Trd, 4319589.393, 92
Trd, 4319589.443, 95
Trd, 4319589.993, 95
Trd, 4319591.593, 94
Trd, 4319593.793, 93
Trd, 4319594.243, 97
Trd, 4319594.443, 93
Trd, 4319598.243, 96
Trd, 4319600.493, 92
Trd, 4319601.143, 95
Trd, 4319602.193, 95
Trd, 4319603.793, 96
Trd, 4319603.893, 109
Trd, 4319604.743, 94
Trd, 4319607.093, 98
Trd, 4319608.343, 98
Trd, 4319610.643, 96
Trd, 4319612.043, 98
Trd, 4319612.393, 98
Trd, 4319613.393, 97
Trd, 4319615.493, 97
Trd, 4319618.343, 95
Trd, 4319619.843, 94
Trd, 4319622.543, 97
Trd, 4319624.743, 97
Trd, 4319627.843, 94
Trd, 4319628.893, 97
Trd, 4319632.193, 93
Trd, 4319632.243, 97
Trd, 4319632.543, 97
Trd, 4319636.093, 97
Trd, 4319637.093, 92
Trd, 4319638.193, 97
Trd, 4319639.343, 97
Trd, 4319644.093, 96
Trd, 4319645.443, 92
Trd, 4319646.543, 95
Trd, 4319647.343, 95
Trd, 4319650.093, 95
Trd, 4319653.393, 95
Trd, 4319653.843, 95
Trd, 4319653.943, 93
Trd, 4319654.893, 95
Trd, 4319655.543, 92
Trd, 4319656.993, 94
Trd, 4319659.243, 95
Trd, 4319660.993, 92
Trd, 4319661.593, 95
Trd, 4319662.193, 104
Trd, 4319664.443, 92
Trd, 4319666.543, 96
Trd, 4319667.593, 95
Trd, 4319667.793, 91
Trd, 4319668.343, 95
Trd, 4319671.043, 95
Trd, 4319671.443, 95
Trd, 4319672.893, 95
Trd, 4319673.093, 91
Trd, 4319675.643, 92
Trd, 4319677.543, 95
Trd, 4319679.393, 95
Trd, 4319681.993, 95
Trd, 4319683.593, 94
Trd, 4319683.793, 94
Trd, 4319684.143, 91
Trd, 4319684.943, 93
Trd, 4319685.693, 91
Trd, 4319689.193, 92
Trd, 4319690.243, 92
Trd, 4319691.093, 93
Trd, 4319693.193, 91
Trd, 4319694.093, 93
Trd, 4319695.443, 90
Trd, 4319695.893, 93
Trd, 4319697.793, 114
Trd, 4319699.943, 97
Trd, 4319701.893, 89
Trd, 4319703.893, 97
Trd, 4319705.443, 97
Trd, 4319707.543, 95
Trd, 4319708.593, 95
Trd, 4319708.943, 116
Trd, 4319712.843, 100
Trd, 4319714.543, 100
Trd, 4319715.443, 93
Trd, 4319717.043, 100
Trd, 4319718.093, 100
Trd, 4319719.943, 92
Trd, 4319722.943, 100
Trd, 4319723.493, 100
Trd, 4319723.643, 92
Trd, 4319728.143, 96
Trd, 4319729.343, 95
Trd, 4319731.793, 93
Trd, 4319732.793, 91
Trd, 4319733.093, 95
Trd, 4319733.693, 91
Trd, 4319734.943, 92
Trd, 4319735.043, 94
Trd, 4319738.443, 93
Trd, 4319741.193, 93
Trd, 4319741.343, 91
Trd, 4319742.043, 93
Trd, 4319743.593, 93
Trd, 4319745.043, 93
Trd, 4319746.243, 90
Trd, 4319748.693, 93
Trd, 4319748.993, 93
Trd, 4319750.793, 93
Trd, 4319751.693, 91
Trd, 4319753.193, 90
Trd, 4319753.643, 92
Trd, 4319753.993, 92
Trd, 4319755.793, 95
Trd, 4319756.093, 106
Trd, 4319757.593, 114
Trd, 4319760.243, 98
Trd, 4319762.193, 95
Trd, 4319763.743, 99
Trd, 4319765.693, 99
Trd, 4319767.843, 99
Trd, 4319767.893, 100
Trd, 4319773.393, 99
Trd, 4319773.793, 96
Trd, 4319775.843, 96
Trd, 4319777.143, 99
Trd, 4319779.443, 98
Trd, 4319779.743, 98
Trd, 4319780.693, 95
Trd, 4319781.493, 94
Trd, 4319782.743, 94
Trd, 4319783.043, 95
Trd, 4319783.443, 92
Trd, 4319784.743, 92
Trd, 4319785.143, 95
Trd, 4319789.143, 95
Trd, 4319789.993, 95
Trd, 4319790.043, 92
Trd, 4319792.043, 96
Trd, 4319792.143, 93
Trd, 4319792.943, 106
Trd, 4319795.043, 96
Trd, 4319797.443, 96
Trd, 4319798.893, 96
Trd, 4319799.043, 96
Trd, 4319803.443, 96
Trd, 4319805.893, 95
Trd, 4319806.793, 92
Trd, 4319808.293, 92
Trd, 4319810.093, 95
Trd, 4319810.293, 95
Trd, 4319815.093, 94
Trd, 4319815.843, 92
Trd, 4319816.893, 94
Trd, 4319818.043, 94
Trd, 4319820.243, 92
Trd, 4319821.843, 94
Trd, 4319822.793, 94
Trd, 4319823.643, 94
Trd, 4319823.743, 95
Trd, 4319825.843, 94
Trd, 4319826.893, 92
Trd, 4319831.693, 94
Trd, 4319831.943, 94
Trd, 4319833.443, 91
Trd, 4319833.493, 94
Trd, 4319835.143, 90
Trd, 4319836.943, 94
Trd, 4319837.993, 94
Trd, 4319840.343, 93
Trd, 4319843.743, 91
Trd, 4319846.343, 93
Trd, 4319848.043, 93
Trd, 4319848.543, 94
Trd, 4319850.243, 93
Trd, 4319851.893, 91
Trd, 4319854.493, 92
Trd, 4319855.043, 90
Trd, 4319856.343, 93
Trd, 4319858.693, 90
Trd, 4319859.493, 93
Trd, 4319859.993, 94
Trd, 4319862.943, 93
Trd, 4319864.343, 92
Trd, 4319866.243, 93
Trd, 4319866.293, 94
Trd, 4319867.743, 94
Trd, 4319868.643, 93
Trd, 4319871.843, 94
Trd, 4319873.393, 94
Trd, 4319873.593, 92
Trd, 4319876.443, 95
Trd, 4319877.443, 94
Trd, 4319877.793, 95
Trd, 4319877.993, 106
Trd, 4319879.943, 96
Trd, 4319880.393, 98
Trd, 4319881.343, 94
Trd, 4319884.893, 93
Trd, 4319888.043, 95
Trd, 4319889.443, 96
Trd, 4319890.543, 96
Trd, 4319892.293, 95
Trd, 4319893.193, 92
Trd, 4319895.493, 95
Trd, 4319897.693, 92
Trd, 4319899.093, 95
Trd, 4319899.343, 91
Trd, 4319903.543, 94
Trd, 4319904.093, 95
Trd, 4319904.743, 94
Trd, 4319906.093, 92
Trd, 4319906.793, 93
Trd, 4319907.393, 93
Trd, 4319909.293, 95
Trd, 4319909.943, 95
Trd, 4319911.243, 109
Trd, 4319911.593, 83
Trd, 4319911.743, 113
Trd, 4319915.093, 96
Trd, 4319916.093, 96
Trd, 4319918.193, 91
Trd, 4319922.643, 94
Trd, 4319923.893, 91
Trd, 4319925.193, 93
Trd, 4319925.793, 92
Trd, 4319926.593, 93
Trd, 4319929.843, 93
Trd, 4319932.593, 94
Trd, 4319933.043, 95
Trd, 4319933.693, 108
Trd, 4319934.443, 91
Trd, 4319937.743, 96
Trd, 4319938.093, 91
Trd, 4319938.543, 96
Trd, 4319940.093, 91
Trd, 4319941.793, 95
Trd, 4319944.693, 95
Trd, 4319946.243, 95
Trd, 4319946.743, 95
Trd, 4319950.643, 91
Trd, 4319950.843, 95
Trd, 4319951.793, 91
Trd, 4319953.943, 95
Trd, 4319957.343, 95
Trd, 4319957.593, 95
Trd, 4319959.093, 90
Trd, 4319960.793, 95
Trd, 4319963.793, 95
Trd, 4319963.943, 89
Trd, 4319964.693, 95
Trd, 4319965.643, 89
Trd, 4319966.193, 90
Trd, 4319966.693, 95
Trd, 4319969.443, 94
Trd, 4319972.593, 94
Trd, 4319973.993, 95
Trd, 4319975.493, 89
Trd, 4319978.843, 93
Trd, 4319979.193, 89
Trd, 4319980.593, 94
Trd, 4319980.993, 94
Trd, 4319982.443, 93
Trd, 4319982.793, 95
Trd, 4319984.093, 89
Trd, 4319984.293, 94
Trd, 4319986.993, 89
Trd, 4319988.843, 94
Trd, 4319988.993, 95
Trd, 4319992.593, 90
Trd, 4319994.393, 94
Trd, 4319995.343, 93
Trd, 4319998.143, 90
Trd, 4319999.993, 92
