Trd, 4317894.693, 98
Trd, 4317895.493, 97
Trd, 4317895.743, 99
Trd, 4317896.593, 96
Trd, 4317898.743, 96
Trd, 4317899.993, 102
Trd, 4317901.743, 100
Trd, 4317903.243, 103
Trd, 4317904.143, 103
Trd, 4317905.393, 101
Trd, 4317906.143, 98
Trd, 4317906.493, 97
Trd, 4317907.193, 104
Trd, 4317908.343, 97
Trd, 4317910.993, 95
Trd, 4317911.693, 96
Trd, 4317914.043, 96
Trd, 4317916.093, 95
Trd, 4317916.343, 96
Trd, 4317916.943, 95
Trd, 4317918.693, 95
Trd, 4317918.743, 96
Trd, 4317920.543, 95
Trd, 4317921.493, 104
Trd, 4317921.593, 104
Trd, 4317922.393, 100
Trd, 4317924.293, 104
Trd, 4317925.343, 103
Trd, 4317927.193, 102
Trd, 4317928.293, 102
Trd, 4317929.093, 103
Trd, 4317930.693, 103
Trd, 4317932.393, 103
Trd, 4317935.193, 104
Trd, 4317936.143, 104
Trd, 4317937.193, 102
Trd, 4317938.043, 100
Trd, 4317938.243, 99
Trd, 4317939.243, 95
Trd, 4317939.293, 98
Trd, 4317939.843, 92
Trd, 4317941.043, 93
Trd, 4317942.193, 104
Trd, 4317943.443, 95
Trd, 4317943.543, 92
Trd, 4317944.093, 95
Trd, 4317947.693, 93
Trd, 4317948.843, 95
Trd, 4317948.993, 95
Trd, 4317949.493, 96
Trd, 4317951.993, 94
Trd, 4317952.643, 102
Trd, 4317954.793, 104
Trd, 4317957.193, 96
Trd, 4317957.643, 97
Trd, 4317959.193, 95
Trd, 4317959.593, 95
Trd, 4317959.693, 96
Trd, 4317961.593, 94
Trd, 4317962.843, 94
Trd, 4317963.893, 93
Trd, 4317964.843, 105
Trd, 4317965.493, 96
Trd, 4317967.843, 96
Trd, 4317968.643, 96
Trd, 4317969.643, 96
Trd, 4317971.193, 104
Trd, 4317973.143, 95
Trd, 4317973.793, 102
Trd, 4317975.343, 100
Trd, 4317976.243, 99
Trd, 4317976.693, 104
Trd, 4317979.443, 98
Trd, 4317980.593, 97
Trd, 4317981.993, 98
Trd, 4317983.293, 99
Trd, 4317983.843, 104
Trd, 4317984.493, 101
Trd, 4317986.243, 101
Trd, 4317987.443, 99
Trd, 4317988.643, 98
Trd, 4317990.643, 97
Trd, 4317990.843, 97
Trd, 4317991.593, 104
Trd, 4317992.443, 98
Trd, 4317994.993, 104
Trd, 4317995.643, 101
Trd, 4317996.143, 102
Trd, 4317997.793, 100
Trd, 4317998.043, 100
Trd, 4317998.893, 99
Trd, 4318000.643, 97
Trd, 4318000.693, 99
Trd, 4318001.193, 99
Trd, 4318004.043, 95
Trd, 4318004.193, 99
Trd, 4318005.243, 94
Trd, 4318007.743, 105
Trd, 4318008.743, 102
Trd, 4318010.893, 104
Trd, 4318011.593, 103
Trd, 4318012.693, 102
Trd, 4318015.593, 91
Trd, 4318015.943, 92
Trd, 4318016.643, 93
Trd, 4318016.793, 87
Trd, 4318017.893, 95
Trd, 4318018.693, 104
Trd, 4318020.693, 96
Trd, 4318021.393, 94
Trd, 4318023.643, 92
Trd, 4318024.243, 90
Trd, 4318025.193, 92
Trd, 4318026.793, 91
Trd, 4318027.943, 92
Trd, 4318028.843, 94
Trd, 4318031.793, 91
Trd, 4318031.843, 93
Trd, 4318035.043, 95
Trd, 4318035.643, 95
Trd, 4318036.743, 95
Trd, 4318037.143, 94
Trd, 4318037.493, 96
Trd, 4318039.193, 95
Trd, 4318041.143, 94
Trd, 4318041.243, 93
Trd, 4318042.043, 95
Trd, 4318042.293, 116
Trd, 4318042.743, 104
Trd, 4318044.143, 104
Trd, 4318045.143, 105
Trd, 4318045.893, 104
Trd, 4318048.293, 104
Trd, 4318048.443, 113
Trd, 4318050.643, 103
Trd, 4318052.643, 104
Trd, 4318053.643, 104
Trd, 4318054.743, 104
Trd, 4318055.693, 103
Trd, 4318056.093, 103
Trd, 4318056.993, 104
Trd, 4318059.193, 103
Trd, 4318059.293, 102
Trd, 4318061.493, 101
Trd, 4318062.493, 102
Trd, 4318062.593, 103
Trd, 4318063.793, 99
Trd, 4318066.593, 99
Trd, 4318067.643, 99
Trd, 4318067.743, 100
Trd, 4318069.543, 100
Trd, 4318070.143, 101
Trd, 4318071.243, 104
Trd, 4318072.093, 99
Trd, 4318073.643, 97
Trd, 4318073.693, 101
Trd, 4318078.843, 99
Trd, 4318080.193, 97
Trd, 4318080.493, 97
Trd, 4318080.593, 99
Trd, 4318080.743, 96
Trd, 4318082.393, 103
Trd, 4318086.543, 96
Trd, 4318086.643, 95
Trd, 4318087.193, 94
Trd, 4318088.843, 95
Trd, 4318089.643, 93
Trd, 4318090.743, 92
Trd, 4318091.393, 94
Trd, 4318092.593, 95
Trd, 4318096.693, 100
Trd, 4318098.393, 98
Trd, 4318098.493, 97
Trd, 4318099.093, 97
Trd, 4318099.843, 95
Trd, 4318100.043, 97
Trd, 4318100.993, 95
Trd, 4318101.393, 96
Trd, 4318104.393, 94
Trd, 4318104.543, 95
Trd, 4318106.893, 73
Trd, 4318108.193, 89
Trd, 4318111.493, 87
Trd, 4318111.643, 104
Trd, 4318113.143, 104
Trd, 4318113.343, 96
Trd, 4318113.543, 95
Trd, 4318115.043, 94
Trd, 4318117.193, 100
Trd, 4318119.493, 95
Trd, 4318119.843, 94
Trd, 4318122.243, 93
Trd, 4318123.193, 95
Trd, 4318124.593, 94
Trd, 4318124.893, 103
Trd, 4318127.493, 95
Trd, 4318127.893, 95
Trd, 4318128.743, 96
Trd, 4318131.993, 94
Trd, 4318132.743, 101
Trd, 4318133.743, 95
Trd, 4318134.043, 96
Trd, 4318134.393, 95
Trd, 4318134.443, 95
Trd, 4318138.443, 93
Trd, 4318138.743, 94
Trd, 4318139.043, 95
Trd, 4318139.643, 95
Trd, 4318140.743, 93
Trd, 4318141.243, 103
Trd, 4318142.193, 104
Trd, 4318143.643, 108
Trd, 4318145.043, 108
Trd, 4318145.693, 108
Trd, 4318146.193, 108
Trd, 4318147.343, 107
Trd, 4318148.193, 107
Trd, 4318149.293, 105
Trd, 4318152.143, 104
Trd, 4318152.293, 105
Trd, 4318154.593, 104
Trd, 4318154.693, 105
Trd, 4318156.093, 104
Trd, 4318158.843, 103
Trd, 4318160.043, 103
Trd, 4318161.193, 104
Trd, 4318161.543, 103
Trd, 4318162.293, 102
Trd, 4318164.043, 100
Trd, 4318166.643, 100
Trd, 4318167.743, 101
Trd, 4318169.143, 100
Trd, 4318170.043, 99
Trd, 4318172.793, 99
Trd, 4318173.593, 99
Trd, 4318173.843, 98
Trd, 4318174.793, 98
Trd, 4318174.843, 97
Trd, 4318176.943, 102
Trd, 4318178.343, 99
Trd, 4318179.443, 99
Trd, 4318179.843, 98
Trd, 4318180.043, 97
Trd, 4318181.943, 104
Trd, 4318183.893, 97
Trd, 4318184.493, 98
Trd, 4318184.543, 97
Trd, 4318185.643, 95
Trd, 4318185.893, 98
Trd, 4318189.443, 97
Trd, 4318190.593, 95
Trd, 4318190.993, 95
Trd, 4318191.393, 104
Trd, 4318191.493, 95
Trd, 4318194.193, 95
Trd, 4318195.143, 96
Trd, 4318195.693, 94
Trd, 4318197.443, 94
Trd, 4318199.793, 95
Trd, 4318200.143, 94
Trd, 4318201.043, 94
Trd, 4318201.393, 96
Trd, 4318202.943, 99
Trd, 4318204.443, 97
Trd, 4318207.843, 95
Trd, 4318207.943, 97
Trd, 4318210.443, 95
Trd, 4318210.643, 97
Trd, 4318211.643, 94
Trd, 4318211.693, 97
Trd, 4318213.593, 96
Trd, 4318214.143, 96
Trd, 4318214.193, 97
Trd, 4318218.093, 95
Trd, 4318218.943, 95
Trd, 4318219.143, 96
Trd, 4318220.243, 95
Trd, 4318221.443, 95
Trd, 4318221.693, 97
Trd, 4318222.593, 97
Trd, 4318223.593, 95
Trd, 4318225.343, 99
Trd, 4318228.393, 95
Trd, 4318228.593, 96
Trd, 4318228.893, 96
Trd, 4318230.043, 94
Trd, 4318230.293, 102
Trd, 4318231.943, 100
Trd, 4318233.643, 96
Trd, 4318234.143, 101
Trd, 4318235.843, 104
Trd, 4318236.343, 95
Trd, 4318236.743, 98
Trd, 4318237.043, 99
Trd, 4318240.343, 99
Trd, 4318243.743, 99
Trd, 4318245.393, 98
Trd, 4318246.043, 97
Trd, 4318247.693, 98
Trd, 4318249.743, 97
Trd, 4318251.193, 96
Trd, 4318252.493, 95
Trd, 4318252.843, 95
Trd, 4318253.743, 95
Trd, 4318254.493, 95
Trd, 4318255.843, 95
Trd, 4318257.093, 104
Trd, 4318258.243, 113
Trd, 4318258.843, 94
Trd, 4318259.743, 99
Trd, 4318263.493, 98
Trd, 4318263.893, 95
Trd, 4318264.093, 96
Trd, 4318267.093, 95
Trd, 4318267.393, 96
Trd, 4318268.593, 95
Trd, 4318269.293, 95
Trd, 4318269.993, 95
Trd, 4318271.693, 96
Trd, 4318273.143, 95
Trd, 4318274.243, 96
Trd, 4318275.193, 93
Trd, 4318275.743, 104
Trd, 4318277.443, 100
Trd, 4318280.343, 95
Trd, 4318281.043, 94
Trd, 4318281.643, 104
Trd, 4318282.593, 95
Trd, 4318284.493, 99
Trd, 4318284.843, 99
Trd, 4318286.243, 103
Trd, 4318288.193, 98
Trd, 4318290.593, 99
Trd, 4318293.343, 98
Trd, 4318294.143, 97
Trd, 4318294.493, 96
Trd, 4318295.293, 97
Trd, 4318297.793, 95
Trd, 4318298.543, 95
Trd, 4318299.193, 93
Trd, 4318301.493, 94
Trd, 4318302.043, 93
Trd, 4318302.343, 95
Trd, 4318303.243, 95
Trd, 4318304.543, 95
Trd, 4318304.743, 102
Trd, 4318308.493, 97
Trd, 4318308.543, 103
Trd, 4318311.043, 104
Trd, 4318311.093, 96
Trd, 4318314.793, 99
Trd, 4318315.343, 96
Trd, 4318316.593, 95
Trd, 4318317.343, 96
Trd, 4318318.793, 95
Trd, 4318319.043, 95
Trd, 4318321.243, 97
Trd, 4318322.593, 97
Trd, 4318326.393, 94
Trd, 4318327.143, 95
Trd, 4318327.243, 96
Trd, 4318327.393, 97
Trd, 4318329.143, 95
Trd, 4318331.343, 94
Trd, 4318331.393, 93
Trd, 4318333.093, 91
Trd, 4318334.193, 93
Trd, 4318334.693, 92
Trd, 4318335.243, 94
Trd, 4318337.093, 93
Trd, 4318337.693, 95
Trd, 4318338.893, 90
Trd, 4318341.943, 91
Trd, 4318342.043, 91
Trd, 4318342.293, 90
Trd, 4318342.993, 91
Trd, 4318344.293, 91
Trd, 4318344.843, 91
Trd, 4318346.493, 92
Trd, 4318346.543, 92
Trd, 4318346.593, 95
Trd, 4318347.843, 104
Trd, 4318348.593, 98
Trd, 4318349.593, 98
Trd, 4318350.243, 100
Trd, 4318350.393, 73
Trd, 4318353.743, 101
Trd, 4318354.043, 103
Trd, 4318354.643, 104
Trd, 4318355.843, 96
Trd, 4318359.143, 96
Trd, 4318360.443, 98
Trd, 4318360.993, 95
Trd, 4318363.193, 95
Trd, 4318364.743, 95
Trd, 4318365.093, 96
Trd, 4318366.993, 104
Trd, 4318369.043, 98
Trd, 4318369.293, 96
Trd, 4318369.543, 96
Trd, 4318370.193, 96
Trd, 4318370.693, 95
Trd, 4318372.743, 92
Trd, 4318373.293, 89
Trd, 4318374.393, 91
Trd, 4318375.493, 95
Trd, 4318378.593, 92
Trd, 4318378.993, 91
Trd, 4318379.643, 90
Trd, 4318379.943, 92
Trd, 4318380.543, 104
Trd, 4318382.793, 89
Trd, 4318383.643, 93
Trd, 4318386.143, 95
Trd, 4318386.593, 91
Trd, 4318387.943, 93
Trd, 4318388.693, 103
Trd, 4318390.593, 97
Trd, 4318391.493, 97
Trd, 4318393.293, 97
Trd, 4318395.193, 96
Trd, 4318395.793, 97
Trd, 4318397.843, 96
Trd, 4318398.793, 97
Trd, 4318400.093, 96
Trd, 4318400.993, 96
Trd, 4318401.743, 96
Trd, 4318401.893, 95
Trd, 4318403.793, 96
Trd, 4318405.743, 98
Trd, 4318406.193, 97
Trd, 4318407.093, 114
Trd, 4318409.193, 105
Trd, 4318410.843, 105
Trd, 4318411.043, 104
Trd, 4318413.793, 104
Trd, 4318413.993, 106
Trd, 4318414.293, 104
Trd, 4318414.843, 102
Trd, 4318416.693, 102
Trd, 4318416.993, 103
Trd, 4318418.143, 103
Trd, 4318420.843, 102
Trd, 4318420.993, 102
Trd, 4318424.293, 103
Trd, 4318425.193, 102
Trd, 4318425.643, 100
Trd, 4318426.743, 104
Trd, 4318428.393, 100
Trd, 4318428.743, 102
Trd, 4318431.543, 99
Trd, 4318432.293, 97
Trd, 4318432.643, 99
Trd, 4318434.343, 99
Trd, 4318437.693, 96
Trd, 4318438.143, 98
Trd, 4318438.493, 96
Trd, 4318439.643, 96
Trd, 4318439.793, 95
Trd, 4318441.143, 95
Trd, 4318442.193, 113
Trd, 4318442.843, 99
Trd, 4318444.543, 100
Trd, 4318446.243, 99
Trd, 4318446.693, 98
Trd, 4318447.043, 103
Trd, 4318448.343, 95
Trd, 4318448.893, 99
Trd, 4318450.993, 93
Trd, 4318451.643, 96
Trd, 4318454.643, 98
Trd, 4318454.793, 96
Trd, 4318455.243, 101
Trd, 4318456.393, 98
Trd, 4318457.093, 96
Trd, 4318457.293, 95
Trd, 4318457.993, 95
Trd, 4318459.093, 94
Trd, 4318461.493, 95
Trd, 4318462.993, 95
Trd, 4318464.493, 95
Trd, 4318464.593, 95
Trd, 4318465.043, 94
Trd, 4318466.993, 95
Trd, 4318468.243, 95
Trd, 4318469.543, 97
Trd, 4318470.593, 96
Trd, 4318472.243, 95
Trd, 4318472.893, 95
Trd, 4318473.543, 95
Trd, 4318475.493, 94
Trd, 4318476.043, 93
Trd, 4318476.443, 93
Trd, 4318478.593, 92
Trd, 4318478.793, 93
Trd, 4318479.893, 92
Trd, 4318480.493, 95
Trd, 4318483.843, 92
Trd, 4318484.293, 94
Trd, 4318486.993, 93
Trd, 4318487.093, 93
Trd, 4318489.443, 103
Trd, 4318489.943, 103
Trd, 4318490.793, 99
Trd, 4318491.793, 98
Trd, 4318494.693, 101
Trd, 4318494.943, 102
Trd, 4318496.543, 104
Trd, 4318498.893, 97
Trd, 4318499.193, 101
Trd, 4318502.643, 99
Trd, 4318505.243, 96
Trd, 4318505.993, 96
Trd, 4318506.443, 95
Trd, 4318507.893, 104
Trd, 4318509.293, 102
Trd, 4318510.743, 104
Trd, 4318511.093, 102
Trd, 4318511.643, 104
Trd, 4318513.593, 100
Trd, 4318514.493, 101
Trd, 4318515.393, 98
Trd, 4318516.343, 98
Trd, 4318516.793, 97
Trd, 4318517.593, 97
Trd, 4318517.643, 96
Trd, 4318519.293, 104
Trd, 4318519.993, 101
Trd, 4318522.493, 102
Trd, 4318523.493, 102
Trd, 4318524.843, 106
Trd, 4318525.343, 106
Trd, 4318525.493, 103
Trd, 4318527.293, 103
Trd, 4318527.693, 104
Trd, 4318528.493, 103
Trd, 4318530.343, 95
Trd, 4318530.793, 102
Trd, 4318533.043, 104
Trd, 4318536.893, 101
Trd, 4318537.943, 99
Trd, 4318538.643, 99
Trd, 4318538.943, 99
Trd, 4318539.893, 103
Trd, 4318544.143, 98
Trd, 4318544.243, 99
Trd, 4318544.393, 98
Trd, 4318545.493, 99
Trd, 4318545.793, 98
Trd, 4318548.243, 103
Trd, 4318550.543, 97
Trd, 4318550.593, 98
Trd, 4318553.143, 96
Trd, 4318555.293, 96
Trd, 4318556.593, 96
Trd, 4318556.893, 104
Trd, 4318558.493, 96
Trd, 4318559.293, 97
Trd, 4318560.543, 95
Trd, 4318562.243, 95
Trd, 4318562.343, 95
Trd, 4318562.443, 93
Trd, 4318562.793, 96
Trd, 4318565.543, 95
Trd, 4318566.693, 95
Trd, 4318569.043, 96
Trd, 4318570.643, 102
Trd, 4318570.743, 95
Trd, 4318572.893, 102
Trd, 4318577.643, 95
Trd, 4318577.743, 95
Trd, 4318578.143, 96
Trd, 4318579.443, 94
Trd, 4318581.043, 95
Trd, 4318581.393, 96
Trd, 4318585.593, 96
Trd, 4318586.843, 99
Trd, 4318587.093, 99
Trd, 4318588.843, 96
Trd, 4318589.393, 96
Trd, 4318591.793, 97
Trd, 4318592.593, 96
Trd, 4318592.843, 97
Trd, 4318594.593, 95
Trd, 4318595.493, 96
Trd, 4318596.743, 95
Trd, 4318598.743, 96
Trd, 4318599.593, 94
Trd, 4318599.793, 95
Trd, 4318601.393, 95
Trd, 4318601.693, 95
Trd, 4318602.593, 96
Trd, 4318604.043, 103
Trd, 4318606.393, 100
Trd, 4318607.093, 100
Trd, 4318608.793, 97
Trd, 4318609.193, 97
Trd, 4318611.243, 104
Trd, 4318611.543, 95
Trd, 4318612.693, 112
Trd, 4318614.893, 104
Trd, 4318616.843, 105
Trd, 4318617.093, 104
Trd, 4318617.543, 102
Trd, 4318618.293, 95
Trd, 4318618.543, 103
Trd, 4318620.393, 101
Trd, 4318621.643, 99
Trd, 4318622.243, 100
Trd, 4318622.793, 97
Trd, 4318624.593, 97
Trd, 4318624.843, 100
Trd, 4318626.543, 99
Trd, 4318628.093, 95
Trd, 4318630.393, 95
Trd, 4318631.793, 96
Trd, 4318632.093, 95
Trd, 4318632.543, 96
Trd, 4318634.543, 95
Trd, 4318634.893, 95
Trd, 4318637.393, 96
Trd, 4318640.293, 96
Trd, 4318641.093, 95
Trd, 4318643.393, 102
Trd, 4318644.293, 96
Trd, 4318644.893, 94
Trd, 4318645.543, 97
Trd, 4318647.643, 96
Trd, 4318650.093, 111
Trd, 4318651.343, 95
Trd, 4318653.843, 97
Trd, 4318655.293, 96
Trd, 4318655.543, 98
Trd, 4318656.543, 95
Trd, 4318659.343, 97
Trd, 4318661.043, 96
Trd, 4318662.643, 94
Trd, 4318663.743, 94
Trd, 4318664.393, 94
Trd, 4318664.743, 94
Trd, 4318666.493, 94
Trd, 4318667.543, 101
Trd, 4318668.793, 96
Trd, 4318670.443, 95
Trd, 4318672.143, 95
Trd, 4318673.043, 95
Trd, 4318673.193, 97
Trd, 4318673.993, 95
Trd, 4318674.043, 95
Trd, 4318676.793, 96
Trd, 4318676.843, 95
Trd, 4318677.243, 73
Trd, 4318677.543, 103
Trd, 4318678.843, 104
Trd, 4318680.293, 104
Trd, 4318680.993, 103
Trd, 4318681.993, 102
Trd, 4318683.093, 113
Trd, 4318684.993, 108
Trd, 4318685.793, 109
Trd, 4318687.543, 108
Trd, 4318689.393, 107
Trd, 4318689.693, 95
Trd, 4318691.193, 103
Trd, 4318691.543, 106
Trd, 4318693.393, 102
Trd, 4318693.893, 113
Trd, 4318696.143, 104
Trd, 4318697.343, 106
Trd, 4318700.643, 103
Trd, 4318700.793, 103
Trd, 4318701.993, 104
Trd, 4318702.843, 104
Trd, 4318702.893, 95
Trd, 4318703.843, 97
Trd, 4318705.293, 102
Trd, 4318706.293, 114
Trd, 4318707.893, 107
Trd, 4318709.593, 107
Trd, 4318709.643, 106
Trd, 4318713.143, 105
Trd, 4318713.693, 106
Trd, 4318713.743, 105
Trd, 4318713.893, 105
Trd, 4318714.793, 104
Trd, 4318717.993, 102
Trd, 4318719.393, 101
Trd, 4318719.793, 101
Trd, 4318721.193, 95
Trd, 4318721.693, 103
Trd, 4318722.493, 85
Trd, 4318725.193, 104
Trd, 4318725.843, 104
Trd, 4318726.993, 103
Trd, 4318727.543, 102
Trd, 4318730.093, 101
Trd, 4318731.043, 102
Trd, 4318732.693, 101
Trd, 4318733.193, 100
Trd, 4318733.893, 104
Trd, 4318734.043, 113
Trd, 4318734.443, 95
Trd, 4318736.143, 94
Trd, 4318737.393, 95
Trd, 4318738.093, 94
Trd, 4318738.593, 92
Trd, 4318740.793, 94
Trd, 4318743.293, 93
Trd, 4318743.993, 93
Trd, 4318744.893, 94
Trd, 4318746.593, 92
Trd, 4318747.593, 94
Trd, 4318748.193, 94
Trd, 4318750.493, 94
Trd, 4318751.393, 94
Trd, 4318751.643, 95
Trd, 4318752.193, 95
Trd, 4318755.593, 94
Trd, 4318755.943, 94
Trd, 4318756.593, 95
Trd, 4318757.493, 104
Trd, 4318757.693, 93
Trd, 4318759.193, 93
Trd, 4318759.843, 96
Trd, 4318760.993, 95
Trd, 4318763.743, 94
Trd, 4318765.393, 93
Trd, 4318766.093, 93
Trd, 4318766.893, 95
Trd, 4318767.893, 95
Trd, 4318768.443, 94
Trd, 4318768.793, 93
Trd, 4318769.043, 104
Trd, 4318771.943, 96
Trd, 4318772.593, 110
Trd, 4318772.793, 95
Trd, 4318775.693, 97
Trd, 4318776.043, 96
Trd, 4318776.143, 96
Trd, 4318777.293, 96
Trd, 4318777.443, 96
Trd, 4318778.593, 96
Trd, 4318779.743, 104
Trd, 4318782.293, 95
Trd, 4318783.143, 99
Trd, 4318786.243, 96
Trd, 4318787.793, 95
Trd, 4318787.843, 97
Trd, 4318787.943, 95
Trd, 4318789.293, 101
Trd, 4318791.343, 97
Trd, 4318793.243, 98
Trd, 4318793.293, 96
Trd, 4318793.443, 101
Trd, 4318799.693, 98
Trd, 4318800.293, 97
Trd, 4318800.593, 98
Trd, 4318801.993, 96
Trd, 4318802.393, 103
Trd, 4318803.843, 95
Trd, 4318807.043, 99
Trd, 4318807.693, 96
Trd, 4318808.893, 97
Trd, 4318809.593, 96
Trd, 4318810.693, 97
Trd, 4318811.543, 98
Trd, 4318814.693, 104
Trd, 4318815.493, 95
Trd, 4318818.543, 95
Trd, 4318818.843, 95
Trd, 4318818.993, 97
Trd, 4318821.343, 93
Trd, 4318821.843, 94
Trd, 4318823.793, 95
Trd, 4318824.493, 91
Trd, 4318825.743, 95
Trd, 4318830.243, 93
Trd, 4318832.243, 94
Trd, 4318832.993, 94
Trd, 4318833.493, 93
Trd, 4318834.193, 95
Trd, 4318835.393, 104
Trd, 4318836.543, 98
Trd, 4318838.493, 100
Trd, 4318840.543, 99
Trd, 4318841.293, 99
Trd, 4318842.943, 98
Trd, 4318844.093, 98
Trd, 4318844.593, 98
Trd, 4318846.543, 98
Trd, 4318847.593, 97
Trd, 4318848.793, 104
Trd, 4318850.993, 96
Trd, 4318851.143, 96
Trd, 4318851.543, 95
Trd, 4318851.843, 96
Trd, 4318854.943, 97
Trd, 4318855.593, 95
Trd, 4318856.843, 97
Trd, 4318859.893, 95
Trd, 4318861.443, 95
Trd, 4318861.843, 95
Trd, 4318861.993, 94
Trd, 4318863.093, 94
Trd, 4318864.193, 95
Trd, 4318864.893, 105
Trd, 4318866.193, 97
Trd, 4318868.343, 93
Trd, 4318869.343, 94
Trd, 4318869.893, 95
Trd, 4318870.543, 94
Trd, 4318871.293, 93
Trd, 4318873.693, 95
Trd, 4318876.693, 95
Trd, 4318877.343, 95
Trd, 4318878.243, 93
Trd, 4318880.843, 92
Trd, 4318881.693, 93
Trd, 4318882.243, 95
Trd, 4318883.643, 96
Trd, 4318884.393, 96
Trd, 4318885.943, 99
Trd, 4318887.843, 100
Trd, 4318888.493, 102
Trd, 4318890.793, 101
Trd, 4318890.943, 99
Trd, 4318893.193, 98
Trd, 4318894.393, 97
Trd, 4318894.543, 99
Trd, 4318895.143, 99
Trd, 4318896.443, 104
Trd, 4318898.493, 96
Trd, 4318900.343, 95
Trd, 4318900.843, 95
Trd, 4318900.993, 95
Trd, 4318901.443, 99
Trd, 4318902.493, 98
Trd, 4318903.243, 104
Trd, 4318905.443, 99
Trd, 4318905.793, 99
Trd, 4318907.643, 102
Trd, 4318909.293, 100
Trd, 4318910.243, 99
Trd, 4318910.693, 104
Trd, 4318911.593, 100
Trd, 4318911.893, 99
Trd, 4318916.043, 100
Trd, 4318916.093, 99
Trd, 4318916.493, 97
Trd, 4318916.843, 100
Trd, 4318918.593, 97
Trd, 4318919.243, 99
Trd, 4318922.443, 103
Trd, 4318922.693, 105
Trd, 4318923.043, 113
Trd, 4318924.243, 96
Trd, 4318924.343, 103
Trd, 4318925.143, 101
Trd, 4318925.793, 100
Trd, 4318928.193, 98
Trd, 4318928.643, 99
Trd, 4318929.643, 100
Trd, 4318929.943, 97
Trd, 4318932.293, 95
Trd, 4318933.743, 97
Trd, 4318935.143, 97
Trd, 4318936.143, 94
Trd, 4318938.293, 95
Trd, 4318938.693, 94
Trd, 4318939.643, 92
Trd, 4318939.743, 96
Trd, 4318941.143, 97
Trd, 4318944.643, 95
Trd, 4318946.593, 93
Trd, 4318947.093, 92
Trd, 4318947.293, 93
Trd, 4318949.793, 97
Trd, 4318949.843, 92
Trd, 4318951.443, 93
Trd, 4318953.593, 92
Trd, 4318954.693, 92
Trd, 4318954.993, 91
Trd, 4318955.943, 103
Trd, 4318956.493, 89
Trd, 4318956.793, 101
Trd, 4318959.843, 98
Trd, 4318962.143, 96
Trd, 4318963.993, 96
Trd, 4318964.043, 97
Trd, 4318964.093, 97
Trd, 4318964.893, 104
Trd, 4318965.843, 68
Trd, 4318968.193, 100
Trd, 4318968.493, 102
Trd, 4318970.143, 105
Trd, 4318970.243, 104
Trd, 4318971.443, 103
Trd, 4318973.593, 101
Trd, 4318974.693, 101
Trd, 4318975.143, 102
Trd, 4318975.493, 103
Trd, 4318977.443, 103
Trd, 4318981.443, 100
Trd, 4318981.493, 102
Trd, 4318983.143, 99
Trd, 4318983.443, 101
Trd, 4318984.443, 97
Trd, 4318988.393, 97
Trd, 4318989.243, 96
Trd, 4318989.443, 97
Trd, 4318989.593, 96
Trd, 4318991.943, 104
Trd, 4318994.443, 98
Trd, 4318994.793, 95
Trd, 4318996.243, 95
Trd, 4318998.993, 96
Trd, 4318999.093, 95
Trd, 4319001.593, 94
Trd, 4319001.843, 95
Trd, 4319003.093, 94
Trd, 4319003.343, 95
Trd, 4319005.193, 94
Trd, 4319006.143, 95
Trd, 4319007.393, 95
Trd, 4319008.443, 93
Trd, 4319009.993, 94
Trd, 4319011.293, 92
Trd, 4319012.943, 93
Trd, 4319013.093, 92
Trd, 4319013.643, 93
Trd, 4319015.593, 99
Trd, 4319015.843, 97
Trd, 4319015.893, 112
Trd, 4319019.493, 98
Trd, 4319021.193, 102
Trd, 4319021.643, 100
Trd, 4319021.843, 96
Trd, 4319022.493, 100
Trd, 4319024.543, 99
Trd, 4319024.793, 96
Trd, 4319026.493, 95
Trd, 4319028.193, 95
Trd, 4319030.993, 97
Trd, 4319032.543, 104
Trd, 4319034.443, 95
Trd, 4319035.643, 98
Trd, 4319036.643, 94
Trd, 4319039.443, 93
Trd, 4319039.693, 95
Trd, 4319039.843, 96
Trd, 4319041.243, 100
Trd, 4319042.543, 104
Trd, 4319043.393, 99
Trd, 4319045.593, 95
Trd, 4319045.643, 96
Trd, 4319046.093, 94
Trd, 4319046.393, 102
Trd, 4319048.493, 94
Trd, 4319049.643, 100
Trd, 4319052.643, 97
Trd, 4319054.293, 96
Trd, 4319055.143, 96
Trd, 4319057.293, 95
Trd, 4319057.843, 96
Trd, 4319059.793, 96
Trd, 4319060.893, 103
Trd, 4319061.493, 105
Trd, 4319061.643, 105
Trd, 4319063.793, 104
Trd, 4319065.493, 102
Trd, 4319066.093, 102
Trd, 4319068.443, 102
Trd, 4319069.693, 101
Trd, 4319070.993, 103
Trd, 4319071.443, 100
Trd, 4319072.793, 103
Trd, 4319073.193, 104
Trd, 4319074.843, 101
Trd, 4319074.893, 103
Trd, 4319076.843, 100
Trd, 4319077.843, 103
Trd, 4319078.943, 99
Trd, 4319079.143, 99
Trd, 4319079.643, 99
Trd, 4319084.193, 98
Trd, 4319085.393, 97
Trd, 4319085.693, 97
Trd, 4319085.843, 100
Trd, 4319089.093, 96
Trd, 4319089.493, 97
Trd, 4319090.243, 95
Trd, 4319090.393, 104
Trd, 4319094.343, 95
Trd, 4319094.443, 98
Trd, 4319095.893, 97
Trd, 4319097.243, 104
Trd, 4319097.993, 95
Trd, 4319101.243, 99
Trd, 4319102.143, 100
Trd, 4319102.293, 99
Trd, 4319103.543, 94
Trd, 4319104.993, 98
Trd, 4319106.193, 96
Trd, 4319107.093, 97
Trd, 4319108.143, 95
Trd, 4319109.093, 95
Trd, 4319110.943, 96
Trd, 4319112.893, 95
Trd, 4319113.393, 96
Trd, 4319117.293, 93
Trd, 4319117.393, 93
Trd, 4319117.643, 93
Trd, 4319118.293, 95
Trd, 4319119.643, 95
Trd, 4319120.143, 94
Trd, 4319121.143, 93
Trd, 4319122.343, 95
Trd, 4319122.443, 104
Trd, 4319123.943, 99
Trd, 4319125.143, 110
Trd, 4319127.593, 104
Trd, 4319128.143, 104
Trd, 4319129.393, 104
Trd, 4319130.443, 102
Trd, 4319131.693, 101
Trd, 4319132.693, 104
Trd, 4319134.593, 99
Trd, 4319136.993, 101
Trd, 4319138.293, 85
Trd, 4319138.943, 101
Trd, 4319139.243, 102
Trd, 4319140.743, 84
Trd, 4319141.293, 95
Trd, 4319141.443, 95
Trd, 4319143.343, 91
Trd, 4319143.493, 79
Trd, 4319144.693, 93
Trd, 4319146.293, 93
Trd, 4319147.693, 86
Trd, 4319149.143, 93
Trd, 4319150.093, 94
Trd, 4319152.143, 94
Trd, 4319153.743, 95
Trd, 4319153.793, 94
Trd, 4319154.093, 93
Trd, 4319154.643, 104
Trd, 4319154.993, 92
Trd, 4319155.493, 106
Trd, 4319157.943, 103
Trd, 4319159.593, 103
Trd, 4319159.893, 104
Trd, 4319160.443, 101
Trd, 4319163.243, 99
Trd, 4319164.493, 98
Trd, 4319165.593, 97
Trd, 4319166.093, 98
Trd, 4319166.443, 101
Trd, 4319168.843, 96
Trd, 4319169.793, 95
Trd, 4319171.243, 95
Trd, 4319172.243, 96
Trd, 4319172.393, 95
Trd, 4319173.193, 96
Trd, 4319174.343, 95
Trd, 4319175.393, 94
Trd, 4319177.743, 95
Trd, 4319179.493, 96
Trd, 4319181.793, 96
Trd, 4319181.893, 96
Trd, 4319182.893, 96
Trd, 4319184.043, 95
Trd, 4319184.593, 95
Trd, 4319185.043, 97
Trd, 4319186.893, 96
Trd, 4319189.693, 94
Trd, 4319190.843, 95
Trd, 4319191.193, 95
Trd, 4319192.343, 95
Trd, 4319192.893, 94
Trd, 4319193.693, 92
Trd, 4319195.543, 94
Trd, 4319197.393, 91
Trd, 4319198.793, 94
Trd, 4319200.043, 95
Trd, 4319204.343, 94
Trd, 4319205.093, 92
Trd, 4319205.493, 93
Trd, 4319206.943, 92
Trd, 4319207.043, 93
Trd, 4319208.693, 93
Trd, 4319211.793, 92
Trd, 4319212.543, 93
Trd, 4319212.993, 103
Trd, 4319216.393, 95
Trd, 4319217.593, 95
Trd, 4319218.093, 97
Trd, 4319218.543, 113
Trd, 4319219.143, 104
Trd, 4319222.043, 104
Trd, 4319223.893, 104
Trd, 4319224.693, 104
Trd, 4319224.993, 103
Trd, 4319225.593, 111
Trd, 4319226.943, 105
Trd, 4319229.543, 104
Trd, 4319232.543, 103
Trd, 4319234.193, 105
Trd, 4319235.593, 103
Trd, 4319236.593, 101
Trd, 4319236.843, 101
Trd, 4319237.193, 104
Trd, 4319240.293, 102
Trd, 4319240.993, 101
Trd, 4319242.143, 99
Trd, 4319242.543, 86
Trd, 4319246.343, 93
Trd, 4319246.543, 94
Trd, 4319247.093, 93
Trd, 4319247.543, 94
Trd, 4319247.593, 104
Trd, 4319249.493, 113
Trd, 4319250.293, 92
Trd, 4319252.743, 97
Trd, 4319253.543, 97
Trd, 4319253.793, 103
Trd, 4319254.893, 102
Trd, 4319255.893, 105
Trd, 4319256.993, 104
Trd, 4319258.893, 111
Trd, 4319261.693, 101
Trd, 4319263.993, 103
Trd, 4319265.893, 101
Trd, 4319266.843, 99
Trd, 4319269.443, 102
Trd, 4319270.143, 99
Trd, 4319270.343, 99
Trd, 4319271.093, 95
Trd, 4319271.143, 104
Trd, 4319272.493, 104
Trd, 4319274.543, 103
Trd, 4319275.193, 103
Trd, 4319275.593, 103
Trd, 4319276.143, 102
Trd, 4319278.843, 104
Trd, 4319280.443, 101
Trd, 4319281.143, 100
Trd, 4319281.193, 101
Trd, 4319282.493, 100
Trd, 4319282.743, 98
Trd, 4319283.443, 95
Trd, 4319284.693, 93
Trd, 4319285.943, 94
Trd, 4319287.143, 104
Trd, 4319287.643, 94
Trd, 4319288.443, 100
Trd, 4319289.643, 100
Trd, 4319291.893, 104
Trd, 4319295.643, 105
Trd, 4319296.193, 104
Trd, 4319297.043, 106
Trd, 4319298.493, 104
Trd, 4319299.843, 103
Trd, 4319300.093, 103
Trd, 4319300.443, 103
Trd, 4319301.093, 102
Trd, 4319302.343, 101
Trd, 4319303.093, 95
Trd, 4319306.593, 100
Trd, 4319307.043, 100
Trd, 4319308.393, 98
Trd, 4319309.493, 97
Trd, 4319309.893, 97
Trd, 4319310.343, 98
Trd, 4319311.693, 97
Trd, 4319313.543, 102
Trd, 4319315.493, 100
Trd, 4319315.943, 95
Trd, 4319316.593, 103
Trd, 4319317.893, 119
Trd, 4319320.493, 97
Trd, 4319321.543, 100
Trd, 4319322.343, 101
Trd, 4319325.193, 96
Trd, 4319325.243, 99
Trd, 4319326.743, 95
Trd, 4319329.243, 95
Trd, 4319330.043, 94
Trd, 4319331.043, 95
Trd, 4319331.543, 94
Trd, 4319332.393, 93
Trd, 4319334.743, 92
Trd, 4319335.393, 93
Trd, 4319335.843, 93
Trd, 4319336.493, 91
Trd, 4319338.943, 104
Trd, 4319341.493, 103
Trd, 4319342.243, 98
Trd, 4319342.743, 104
Trd, 4319346.493, 99
Trd, 4319346.993, 97
Trd, 4319347.193, 96
Trd, 4319347.993, 96
Trd, 4319348.193, 97
Trd, 4319350.743, 95
Trd, 4319351.193, 95
Trd, 4319351.893, 96
Trd, 4319353.143, 94
Trd, 4319355.693, 95
Trd, 4319355.993, 94
Trd, 4319356.193, 95
Trd, 4319358.243, 95
Trd, 4319359.343, 103
Trd, 4319361.093, 98
Trd, 4319361.943, 99
Trd, 4319362.193, 96
Trd, 4319366.943, 97
Trd, 4319366.993, 96
Trd, 4319367.893, 95
Trd, 4319368.043, 96
Trd, 4319368.293, 98
Trd, 4319369.793, 104
Trd, 4319370.043, 94
Trd, 4319370.643, 98
Trd, 4319374.493, 101
Trd, 4319375.243, 105
Trd, 4319377.093, 85
Trd, 4319377.393, 97
Trd, 4319377.843, 96
Trd, 4319378.243, 93
Trd, 4319379.143, 96
Trd, 4319380.343, 104
Trd, 4319382.143, 103
Trd, 4319382.643, 103
Trd, 4319384.193, 99
Trd, 4319384.743, 99
Trd, 4319386.443, 101
Trd, 4319386.793, 97
Trd, 4319387.343, 99
Trd, 4319389.993, 100
Trd, 4319390.793, 104
Trd, 4319393.993, 97
Trd, 4319395.043, 97
Trd, 4319396.493, 96
Trd, 4319396.543, 96
Trd, 4319397.193, 98
Trd, 4319397.893, 98
Trd, 4319402.393, 95
Trd, 4319404.193, 95
Trd, 4319404.493, 97
Trd, 4319404.643, 94
Trd, 4319406.393, 94
Trd, 4319407.693, 94
Trd, 4319409.443, 94
Trd, 4319409.643, 93
Trd, 4319410.393, 94
Trd, 4319411.943, 94
Trd, 4319413.493, 93
Trd, 4319414.243, 94
Trd, 4319415.193, 93
Trd, 4319416.193, 93
Trd, 4319417.893, 93
Trd, 4319418.643, 92
Trd, 4319419.393, 93
Trd, 4319421.943, 102
Trd, 4319422.543, 103
Trd, 4319423.543, 103
Trd, 4319423.843, 101
Trd, 4319423.893, 103
Trd, 4319425.543, 104
Trd, 4319425.643, 121
Trd, 4319426.493, 117
Trd, 4319428.243, 116
Trd, 4319430.043, 114
Trd, 4319431.093, 113
Trd, 4319431.943, 112
Trd, 4319432.593, 110
Trd, 4319436.093, 107
Trd, 4319438.093, 104
Trd, 4319438.893, 105
Trd, 4319439.293, 103
Trd, 4319439.843, 104
Trd, 4319440.093, 103
Trd, 4319441.643, 104
Trd, 4319443.193, 102
Trd, 4319443.543, 95
Trd, 4319444.393, 99
Trd, 4319446.393, 98
Trd, 4319446.993, 97
Trd, 4319447.543, 98
Trd, 4319448.243, 102
Trd, 4319450.243, 101
Trd, 4319450.843, 105
Trd, 4319452.143, 104
Trd, 4319453.493, 105
Trd, 4319454.093, 103
Trd, 4319455.843, 101
Trd, 4319456.193, 85
Trd, 4319459.443, 105
Trd, 4319460.543, 102
Trd, 4319463.143, 101
Trd, 4319463.743, 100
Trd, 4319464.293, 102
Trd, 4319464.393, 113
Trd, 4319464.743, 95
Trd, 4319466.093, 105
Trd, 4319470.893, 97
Trd, 4319471.493, 97
Trd, 4319471.693, 98
Trd, 4319472.743, 95
Trd, 4319474.493, 98
Trd, 4319476.493, 97
Trd, 4319477.443, 96
Trd, 4319477.693, 95
Trd, 4319479.343, 98
Trd, 4319479.493, 104
Trd, 4319480.993, 101
Trd, 4319483.943, 101
Trd, 4319484.343, 101
Trd, 4319486.643, 101
Trd, 4319486.693, 103
Trd, 4319487.043, 100
Trd, 4319490.193, 99
Trd, 4319490.843, 98
Trd, 4319493.293, 99
Trd, 4319493.693, 97
Trd, 4319495.693, 97
Trd, 4319496.443, 97
Trd, 4319496.993, 98
Trd, 4319497.543, 98
Trd, 4319501.443, 97
Trd, 4319502.043, 96
Trd, 4319502.443, 96
Trd, 4319502.793, 85
Trd, 4319504.443, 93
Trd, 4319505.293, 93
Trd, 4319507.343, 96
Trd, 4319507.443, 104
Trd, 4319510.943, 106
Trd, 4319511.043, 106
Trd, 4319511.343, 104
Trd, 4319512.293, 104
Trd, 4319512.793, 103
Trd, 4319514.143, 102
Trd, 4319514.643, 101
Trd, 4319516.793, 103
Trd, 4319516.993, 105
Trd, 4319518.793, 104
Trd, 4319520.343, 103
Trd, 4319522.493, 103
Trd, 4319523.843, 101
Trd, 4319524.593, 101
Trd, 4319525.243, 101
Trd, 4319525.993, 103
Trd, 4319526.393, 103
Trd, 4319528.593, 101
Trd, 4319531.543, 99
Trd, 4319532.993, 98
Trd, 4319534.693, 97
Trd, 4319535.543, 97
Trd, 4319536.543, 104
Trd, 4319537.343, 100
Trd, 4319537.493, 110
Trd, 4319539.093, 100
Trd, 4319541.043, 99
Trd, 4319543.343, 101
Trd, 4319543.643, 99
Trd, 4319544.743, 100
Trd, 4319546.643, 99
Trd, 4319548.793, 100
Trd, 4319548.943, 102
Trd, 4319551.793, 97
Trd, 4319551.993, 97
Trd, 4319552.093, 99
Trd, 4319553.643, 96
Trd, 4319557.493, 97
Trd, 4319558.593, 96
Trd, 4319558.743, 95
Trd, 4319559.743, 97
Trd, 4319560.393, 96
Trd, 4319561.543, 95
Trd, 4319562.893, 94
Trd, 4319564.493, 94
Trd, 4319565.743, 93
Trd, 4319565.843, 93
Trd, 4319567.343, 93
Trd, 4319568.193, 95
Trd, 4319570.893, 96
Trd, 4319571.043, 103
Trd, 4319571.393, 95
Trd, 4319575.493, 96
Trd, 4319576.543, 100
Trd, 4319576.743, 95
Trd, 4319578.893, 100
Trd, 4319579.343, 97
Trd, 4319581.043, 97
Trd, 4319584.143, 96
Trd, 4319587.393, 95
Trd, 4319588.443, 94
Trd, 4319588.793, 94
Trd, 4319588.993, 96
Trd, 4319589.493, 96
Trd, 4319590.393, 96
Trd, 4319591.543, 95
Trd, 4319591.643, 102
Trd, 4319593.893, 103
Trd, 4319595.243, 104
Trd, 4319596.393, 101
Trd, 4319597.743, 104
Trd, 4319598.343, 103
Trd, 4319598.993, 104
Trd, 4319600.643, 103
Trd, 4319600.843, 105
Trd, 4319602.443, 103
Trd, 4319603.093, 102
Trd, 4319603.143, 95
Trd, 4319607.493, 99
Trd, 4319607.943, 100
Trd, 4319608.143, 100
Trd, 4319608.843, 98
Trd, 4319610.643, 100
Trd, 4319613.693, 98
Trd, 4319614.293, 99
Trd, 4319616.043, 96
Trd, 4319616.693, 95
Trd, 4319617.043, 94
Trd, 4319617.293, 99
Trd, 4319621.343, 93
Trd, 4319621.893, 94
Trd, 4319621.993, 95
Trd, 4319622.893, 93
Trd, 4319625.143, 95
Trd, 4319626.443, 96
Trd, 4319626.693, 95
Trd, 4319628.293, 94
Trd, 4319628.643, 94
Trd, 4319629.343, 102
Trd, 4319632.543, 96
Trd, 4319633.343, 97
Trd, 4319634.793, 95
Trd, 4319635.393, 95
Trd, 4319635.543, 95
Trd, 4319636.393, 94
Trd, 4319638.443, 76
Trd, 4319638.593, 96
Trd, 4319638.843, 105
Trd, 4319642.493, 92
Trd, 4319643.443, 93
Trd, 4319644.293, 94
Trd, 4319644.543, 95
Trd, 4319646.293, 104
Trd, 4319648.293, 100
Trd, 4319648.743, 101
Trd, 4319650.493, 98
Trd, 4319652.293, 99
Trd, 4319653.243, 100
Trd, 4319653.343, 98
Trd, 4319654.643, 98
Trd, 4319656.843, 96
Trd, 4319657.643, 95
Trd, 4319657.993, 98
Trd, 4319658.093, 85
Trd, 4319660.543, 103
Trd, 4319661.843, 101
Trd, 4319663.543, 104
Trd, 4319664.293, 105
Trd, 4319666.393, 100
Trd, 4319667.343, 100
Trd, 4319667.693, 99
Trd, 4319668.843, 101
Trd, 4319671.043, 101
Trd, 4319673.093, 100
Trd, 4319674.043, 98
Trd, 4319674.193, 95
Trd, 4319675.493, 85
Trd, 4319676.793, 86
Trd, 4319677.043, 95
Trd, 4319679.293, 91
Trd, 4319680.643, 91
Trd, 4319682.393, 90
Trd, 4319682.593, 90
Trd, 4319682.893, 90
Trd, 4319683.193, 85
Trd, 4319683.793, 95
Trd, 4319684.643, 113
Trd, 4319688.543, 90
Trd, 4319690.143, 94
Trd, 4319690.243, 94
Trd, 4319691.243, 93
Trd, 4319691.343, 93
Trd, 4319692.343, 90
Trd, 4319693.893, 95
Trd, 4319696.793, 94
Trd, 4319696.893, 93
Trd, 4319698.393, 96
Trd, 4319701.343, 94
Trd, 4319704.293, 95
Trd, 4319706.093, 95
Trd, 4319706.293, 95
Trd, 4319707.343, 94
Trd, 4319707.743, 102
Trd, 4319708.643, 93
Trd, 4319711.493, 89
Trd, 4319711.743, 92
Trd, 4319712.943, 91
Trd, 4319714.143, 90
Trd, 4319716.993, 89
Trd, 4319718.793, 88
Trd, 4319719.093, 87
Trd, 4319719.743, 95
Trd, 4319722.443, 90
Trd, 4319723.443, 90
Trd, 4319723.593, 91
Trd, 4319726.543, 91
Trd, 4319727.743, 104
Trd, 4319728.793, 88
Trd, 4319731.093, 93
Trd, 4319733.393, 95
Trd, 4319733.793, 97
Trd, 4319733.943, 92
Trd, 4319737.793, 91
Trd, 4319739.093, 91
Trd, 4319739.543, 94
Trd, 4319740.793, 93
Trd, 4319741.043, 91
Trd, 4319741.393, 95
Trd, 4319744.293, 93
Trd, 4319744.643, 92
Trd, 4319745.543, 94
Trd, 4319746.993, 92
Trd, 4319747.493, 93
Trd, 4319749.943, 94
Trd, 4319750.043, 95
Trd, 4319750.843, 93
Trd, 4319752.143, 95
Trd, 4319754.693, 95
Trd, 4319755.093, 94
Trd, 4319755.693, 94
Trd, 4319757.443, 94
Trd, 4319758.993, 95
Trd, 4319759.243, 104
Trd, 4319760.443, 94
Trd, 4319762.043, 97
Trd, 4319763.643, 97
Trd, 4319765.843, 104
Trd, 4319766.243, 105
Trd, 4319766.593, 95
Trd, 4319766.843, 104
Trd, 4319768.843, 99
Trd, 4319770.793, 99
Trd, 4319771.443, 98
Trd, 4319771.893, 98
Trd, 4319772.293, 98
Trd, 4319773.943, 98
Trd, 4319776.793, 97
Trd, 4319776.943, 96
Trd, 4319777.543, 77
Trd, 4319777.943, 94
Trd, 4319779.343, 91
Trd, 4319780.193, 102
Trd, 4319780.293, 97
Trd, 4319781.643, 98
Trd, 4319782.593, 97
Trd, 4319782.893, 95
Trd, 4319784.393, 100
Trd, 4319786.443, 98
Trd, 4319786.693, 98
Trd, 4319787.943, 98
Trd, 4319788.743, 102
Trd, 4319791.043, 100
Trd, 4319791.393, 97
Trd, 4319792.743, 98
Trd, 4319793.143, 95
Trd, 4319795.743, 102
Trd, 4319796.693, 100
Trd, 4319798.343, 99
Trd, 4319798.593, 95
Trd, 4319800.193, 99
Trd, 4319803.293, 102
Trd, 4319804.293, 99
Trd, 4319805.893, 97
Trd, 4319806.593, 98
Trd, 4319807.643, 99
Trd, 4319809.043, 95
Trd, 4319809.693, 92
Trd, 4319809.993, 96
Trd, 4319812.593, 92
Trd, 4319813.493, 93
Trd, 4319813.543, 94
Trd, 4319816.543, 90
Trd, 4319817.243, 91
Trd, 4319818.193, 90
Trd, 4319819.143, 104
Trd, 4319821.393, 98
Trd, 4319821.443, 97
Trd, 4319822.293, 95
Trd, 4319824.543, 103
Trd, 4319825.193, 104
Trd, 4319826.543, 102
Trd, 4319828.143, 104
Trd, 4319828.843, 101
Trd, 4319829.293, 101
Trd, 4319829.943, 100
Trd, 4319833.293, 100
Trd, 4319833.693, 100
Trd, 4319835.143, 98
Trd, 4319836.343, 99
Trd, 4319837.093, 85
Trd, 4319837.243, 99
Trd, 4319838.343, 103
Trd, 4319839.493, 108
Trd, 4319839.793, 106
Trd, 4319841.243, 106
Trd, 4319841.893, 107
Trd, 4319844.193, 104
Trd, 4319844.493, 95
Trd, 4319848.543, 102
Trd, 4319849.693, 103
Trd, 4319851.243, 103
Trd, 4319852.143, 102
Trd, 4319852.793, 101
Trd, 4319853.043, 102
Trd, 4319853.093, 101
Trd, 4319854.193, 102
Trd, 4319857.443, 100
Trd, 4319857.893, 100
Trd, 4319858.843, 104
Trd, 4319862.943, 100
Trd, 4319862.993, 99
Trd, 4319863.993, 100
Trd, 4319864.193, 100
Trd, 4319867.043, 97
Trd, 4319867.643, 93
Trd, 4319869.043, 94
Trd, 4319869.743, 94
Trd, 4319870.543, 94
Trd, 4319871.793, 94
Trd, 4319873.193, 95
Trd, 4319873.943, 94
Trd, 4319876.193, 93
Trd, 4319877.693, 95
Trd, 4319878.393, 93
Trd, 4319879.093, 94
Trd, 4319881.343, 94
Trd, 4319882.293, 93
Trd, 4319883.343, 93
Trd, 4319885.193, 92
Trd, 4319886.543, 103
Trd, 4319888.593, 98
Trd, 4319890.293, 94
Trd, 4319890.993, 94
Trd, 4319891.143, 95
Trd, 4319892.493, 94
Trd, 4319893.393, 93
Trd, 4319895.093, 95
Trd, 4319895.893, 91
Trd, 4319899.093, 92
Trd, 4319899.993, 93
Trd, 4319900.593, 91
Trd, 4319901.793, 89
Trd, 4319902.243, 90
Trd, 4319902.893, 88
Trd, 4319904.193, 95
Trd, 4319907.443, 89
Trd, 4319908.743, 89
Trd, 4319909.743, 89
Trd, 4319909.993, 90
Trd, 4319910.293, 88
Trd, 4319913.793, 90
Trd, 4319913.893, 93
Trd, 4319914.993, 87
Trd, 4319916.743, 87
Trd, 4319917.193, 87
Trd, 4319918.143, 95
Trd, 4319919.293, 86
Trd, 4319920.493, 104
Trd, 4319921.643, 99
Trd, 4319922.593, 93
Trd, 4319923.293, 93
Trd, 4319924.293, 95
Trd, 4319924.793, 94
Trd, 4319925.393, 96
Trd, 4319926.843, 94
Trd, 4319929.743, 98
Trd, 4319930.243, 95
Trd, 4319930.543, 97
Trd, 4319934.693, 95
Trd, 4319934.993, 97
Trd, 4319935.893, 95
Trd, 4319938.843, 95
Trd, 4319938.993, 96
Trd, 4319940.043, 95
Trd, 4319941.193, 101
Trd, 4319944.093, 100
Trd, 4319945.043, 100
Trd, 4319946.893, 98
Trd, 4319947.293, 99
Trd, 4319948.193, 98
Trd, 4319948.343, 99
Trd, 4319949.843, 99
Trd, 4319952.343, 97
Trd, 4319952.393, 99
Trd, 4319954.443, 99
Trd, 4319955.593, 96
Trd, 4319956.943, 101
Trd, 4319958.793, 101
Trd, 4319961.193, 99
Trd, 4319963.293, 97
Trd, 4319963.943, 95
Trd, 4319966.943, 97
Trd, 4319968.943, 95
Trd, 4319969.443, 95
Trd, 4319969.893, 95
Trd, 4319970.043, 94
Trd, 4319970.243, 96
Trd, 4319972.643, 100
Trd, 4319973.893, 103
Trd, 4319974.243, 93
Trd, 4319976.343, 98
Trd, 4319979.743, 97
Trd, 4319980.193, 97
Trd, 4319980.493, 97
Trd, 4319980.593, 96
Trd, 4319981.843, 95
Trd, 4319982.143, 96
Trd, 4319984.493, 94
Trd, 4319985.543, 94
Trd, 4319986.243, 95
Trd, 4319986.343, 93
Trd, 4319986.843, 95
Trd, 4319987.843, 104
Trd, 4319990.193, 94
Trd, 4319991.243, 94
Trd, 4319992.643, 93
Trd, 4319994.243, 94
Trd, 4319994.843, 95
Trd, 4319995.443, 97
Trd, 4319996.543, 104
Trd, 4319998.743, 85
Trd, 4319999.943, 95
