Trd, 4317844.143, 97
Trd, 4317845.593, 98
Trd, 4317845.743, 95
Trd, 4317846.243, 99
Trd, 4317848.443, 122
Trd, 4317849.643, 104
Trd, 4317851.193, 112
Trd, 4317851.593, 105
Trd, 4317852.343, 108
Trd, 4317855.593, 106
Trd, 4317857.643, 105
Trd, 4317857.693, 102
Trd, 4317858.343, 110
Trd, 4317859.693, 101
Trd, 4317860.143, 96
Trd, 4317860.493, 106
Trd, 4317862.243, 102
Trd, 4317863.293, 102
Trd, 4317864.793, 105
Trd, 4317870.943, 104
Trd, 4317872.893, 102
Trd, 4317873.793, 102
Trd, 4317874.343, 101
Trd, 4317875.793, 104
Trd, 4317875.843, 106
Trd, 4317876.593, 113
Trd, 4317880.693, 106
Trd, 4317880.943, 103
Trd, 4317882.043, 107
Trd, 4317882.343, 102
Trd, 4317883.543, 103
Trd, 4317884.693, 102
Trd, 4317885.643, 104
Trd, 4317889.793, 101
Trd, 4317891.643, 104
Trd, 4317891.693, 100
Trd, 4317893.443, 100
Trd, 4317893.793, 101
Trd, 4317895.593, 99
Trd, 4317896.093, 98
Trd, 4317897.543, 102
Trd, 4317899.393, 103
Trd, 4317899.743, 97
Trd, 4317903.343, 101
Trd, 4317904.293, 103
Trd, 4317904.793, 101
Trd, 4317905.893, 99
Trd, 4317906.143, 94
Trd, 4317906.693, 101
Trd, 4317906.843, 108
Trd, 4317908.043, 114
Trd, 4317908.943, 101
Trd, 4317912.393, 102
Trd, 4317912.943, 100
Trd, 4317913.243, 100
Trd, 4317917.193, 103
Trd, 4317919.093, 102
Trd, 4317919.943, 100
Trd, 4317922.243, 103
Trd, 4317922.643, 99
Trd, 4317923.043, 105
Trd, 4317925.093, 104
Trd, 4317926.143, 102
Trd, 4317931.043, 101
Trd, 4317931.443, 104
Trd, 4317932.493, 103
Trd, 4317932.893, 85
Trd, 4317934.543, 99
Trd, 4317935.543, 106
Trd, 4317936.393, 98
Trd, 4317937.793, 97
Trd, 4317939.443, 106
Trd, 4317941.893, 98
Trd, 4317942.543, 104
Trd, 4317945.143, 98
Trd, 4317945.243, 102
Trd, 4317947.593, 103
Trd, 4317948.143, 98
Trd, 4317950.043, 98
Trd, 4317950.843, 103
Trd, 4317953.693, 104
Trd, 4317955.143, 108
Trd, 4317956.643, 107
Trd, 4317957.743, 106
Trd, 4317959.093, 101
Trd, 4317959.493, 106
Trd, 4317959.693, 94
Trd, 4317961.843, 100
Trd, 4317963.393, 100
Trd, 4317963.593, 99
Trd, 4317964.793, 96
Trd, 4317965.943, 97
Trd, 4317966.343, 94
Trd, 4317968.443, 96
Trd, 4317969.143, 98
Trd, 4317969.393, 95
Trd, 4317971.093, 97
Trd, 4317973.643, 98
Trd, 4317974.343, 97
Trd, 4317974.593, 97
Trd, 4317974.843, 96
Trd, 4317977.243, 106
Trd, 4317979.393, 95
Trd, 4317981.343, 95
Trd, 4317981.593, 96
Trd, 4317984.043, 96
Trd, 4317988.193, 96
Trd, 4317988.443, 95
Trd, 4317990.743, 96
Trd, 4317992.343, 95
Trd, 4317996.043, 94
Trd, 4317996.393, 95
Trd, 4317997.393, 96
Trd, 4317997.443, 94
Trd, 4317999.843, 95
Trd, 4318000.843, 94
Trd, 4318004.093, 96
Trd, 4318004.243, 93
Trd, 4318006.743, 95
Trd, 4318007.843, 95
Trd, 4318008.693, 95
Trd, 4318009.093, 93
Trd, 4318013.593, 94
Trd, 4318017.193, 93
Trd, 4318018.443, 94
Trd, 4318022.893, 93
Trd, 4318024.143, 93
Trd, 4318024.743, 92
Trd, 4318024.893, 94
Trd, 4318026.693, 93
Trd, 4318028.993, 92
Trd, 4318030.893, 91
Trd, 4318031.443, 93
Trd, 4318032.093, 91
Trd, 4318035.093, 94
Trd, 4318035.443, 93
Trd, 4318035.943, 95
Trd, 4318039.593, 93
Trd, 4318041.293, 96
Trd, 4318042.143, 100
Trd, 4318045.843, 97
Trd, 4318047.043, 93
Trd, 4318047.243, 96
Trd, 4318048.193, 97
Trd, 4318049.093, 101
Trd, 4318049.443, 93
Trd, 4318049.843, 98
Trd, 4318050.593, 115
Trd, 4318051.143, 100
Trd, 4318052.943, 99
Trd, 4318056.493, 101
Trd, 4318059.593, 99
Trd, 4318060.093, 98
Trd, 4318060.193, 98
Trd, 4318061.043, 101
Trd, 4318062.693, 114
Trd, 4318064.293, 110
Trd, 4318066.043, 103
Trd, 4318066.293, 106
Trd, 4318069.243, 105
Trd, 4318072.293, 105
Trd, 4318072.943, 103
Trd, 4318073.143, 102
Trd, 4318073.643, 101
Trd, 4318073.843, 104
Trd, 4318075.743, 100
Trd, 4318076.193, 102
Trd, 4318080.893, 101
Trd, 4318084.243, 99
Trd, 4318084.793, 101
Trd, 4318084.893, 102
Trd, 4318085.643, 97
Trd, 4318086.393, 97
Trd, 4318088.893, 100
Trd, 4318090.093, 99
Trd, 4318090.893, 101
Trd, 4318093.243, 111
Trd, 4318093.743, 102
Trd, 4318097.293, 103
Trd, 4318098.893, 103
Trd, 4318099.343, 101
Trd, 4318100.293, 100
Trd, 4318100.943, 99
Trd, 4318101.843, 105
Trd, 4318104.943, 104
Trd, 4318106.143, 98
Trd, 4318106.343, 104
Trd, 4318108.293, 100
Trd, 4318109.843, 99
Trd, 4318112.893, 98
Trd, 4318113.793, 104
Trd, 4318114.293, 104
Trd, 4318114.543, 97
Trd, 4318115.043, 94
Trd, 4318115.793, 99
Trd, 4318116.343, 104
Trd, 4318117.243, 105
Trd, 4318119.543, 98
Trd, 4318121.243, 105
Trd, 4318121.893, 99
Trd, 4318122.843, 98
Trd, 4318124.143, 108
Trd, 4318124.843, 97
Trd, 4318126.943, 95
Trd, 4318130.343, 96
Trd, 4318131.043, 98
Trd, 4318132.643, 98
Trd, 4318132.993, 97
Trd, 4318136.143, 95
Trd, 4318136.393, 94
Trd, 4318136.793, 98
Trd, 4318137.143, 98
Trd, 4318140.543, 98
Trd, 4318141.093, 90
Trd, 4318141.893, 89
Trd, 4318142.443, 89
Trd, 4318143.143, 85
Trd, 4318143.243, 116
Trd, 4318145.343, 103
Trd, 4318146.243, 101
Trd, 4318148.143, 101
Trd, 4318148.343, 99
Trd, 4318149.143, 93
Trd, 4318150.943, 94
Trd, 4318153.093, 86
Trd, 4318153.443, 79
Trd, 4318154.543, 86
Trd, 4318154.943, 91
Trd, 4318157.843, 93
Trd, 4318158.243, 102
Trd, 4318158.843, 103
Trd, 4318159.643, 93
Trd, 4318161.093, 98
Trd, 4318164.293, 97
Trd, 4318168.093, 93
Trd, 4318169.493, 98
Trd, 4318171.393, 93
Trd, 4318171.793, 110
Trd, 4318172.393, 101
Trd, 4318174.843, 102
Trd, 4318175.093, 99
Trd, 4318175.293, 103
Trd, 4318177.593, 98
Trd, 4318181.193, 102
Trd, 4318181.293, 103
Trd, 4318183.893, 97
Trd, 4318185.043, 102
Trd, 4318186.043, 96
Trd, 4318188.393, 99
Trd, 4318190.243, 100
Trd, 4318190.543, 99
Trd, 4318192.843, 98
Trd, 4318195.893, 100
Trd, 4318196.043, 100
Trd, 4318196.393, 98
Trd, 4318198.993, 97
Trd, 4318199.943, 97
Trd, 4318202.193, 100
Trd, 4318203.343, 97
Trd, 4318204.443, 96
Trd, 4318206.543, 100
Trd, 4318207.443, 99
Trd, 4318207.693, 107
Trd, 4318208.893, 97
Trd, 4318212.093, 109
Trd, 4318212.293, 96
Trd, 4318218.093, 104
Trd, 4318219.093, 104
Trd, 4318219.943, 102
Trd, 4318220.893, 99
Trd, 4318221.793, 100
Trd, 4318222.243, 102
Trd, 4318223.543, 97
Trd, 4318223.843, 97
Trd, 4318225.093, 98
Trd, 4318228.143, 99
Trd, 4318229.493, 113
Trd, 4318231.793, 103
Trd, 4318231.943, 101
Trd, 4318232.293, 101
Trd, 4318238.543, 100
Trd, 4318238.993, 101
Trd, 4318240.093, 100
Trd, 4318242.493, 100
Trd, 4318242.693, 99
Trd, 4318244.243, 102
Trd, 4318244.593, 115
Trd, 4318247.243, 104
Trd, 4318247.543, 103
Trd, 4318250.943, 103
Trd, 4318251.243, 106
Trd, 4318251.643, 103
Trd, 4318252.293, 105
Trd, 4318254.393, 103
Trd, 4318255.143, 103
Trd, 4318255.443, 106
Trd, 4318256.243, 102
Trd, 4318257.093, 99
Trd, 4318259.493, 96
Trd, 4318260.193, 96
Trd, 4318260.993, 95
Trd, 4318261.743, 107
Trd, 4318262.793, 103
Trd, 4318263.493, 102
Trd, 4318265.443, 116
Trd, 4318269.943, 107
Trd, 4318270.193, 102
Trd, 4318272.443, 101
Trd, 4318272.593, 100
Trd, 4318273.593, 104
Trd, 4318274.693, 99
Trd, 4318275.193, 116
Trd, 4318275.743, 107
Trd, 4318278.843, 98
Trd, 4318279.943, 104
Trd, 4318282.743, 99
Trd, 4318283.043, 101
Trd, 4318286.343, 98
Trd, 4318288.893, 97
Trd, 4318288.943, 85
Trd, 4318289.243, 95
Trd, 4318290.993, 94
Trd, 4318291.493, 96
Trd, 4318291.793, 92
Trd, 4318293.043, 96
Trd, 4318293.893, 92
Trd, 4318295.343, 95
Trd, 4318295.793, 93
Trd, 4318299.543, 95
Trd, 4318300.693, 92
Trd, 4318304.043, 93
Trd, 4318304.493, 92
Trd, 4318306.193, 107
Trd, 4318306.293, 92
Trd, 4318308.643, 99
Trd, 4318309.493, 97
Trd, 4318311.643, 91
Trd, 4318312.693, 91
Trd, 4318312.793, 95
Trd, 4318317.493, 95
Trd, 4318319.843, 118
Trd, 4318322.443, 91
Trd, 4318322.493, 90
Trd, 4318322.943, 96
Trd, 4318325.343, 97
Trd, 4318327.643, 90
Trd, 4318329.843, 98
Trd, 4318330.393, 108
Trd, 4318330.893, 91
Trd, 4318331.443, 90
Trd, 4318333.543, 101
Trd, 4318335.543, 90
Trd, 4318337.293, 101
Trd, 4318341.093, 92
Trd, 4318341.143, 95
Trd, 4318343.443, 95
Trd, 4318345.843, 92
Trd, 4318346.443, 91
Trd, 4318348.743, 90
Trd, 4318348.843, 92
Trd, 4318351.043, 85
Trd, 4318351.793, 92
Trd, 4318352.043, 89
Trd, 4318356.143, 91
Trd, 4318359.093, 90
Trd, 4318360.493, 89
Trd, 4318361.043, 107
Trd, 4318361.843, 89
Trd, 4318363.643, 91
Trd, 4318364.043, 90
Trd, 4318364.893, 89
Trd, 4318365.443, 114
Trd, 4318366.193, 88
Trd, 4318369.493, 96
Trd, 4318369.993, 113
Trd, 4318371.243, 94
Trd, 4318371.743, 94
Trd, 4318375.943, 100
Trd, 4318376.793, 101
Trd, 4318378.293, 93
Trd, 4318379.143, 101
Trd, 4318381.243, 92
Trd, 4318382.043, 101
Trd, 4318382.543, 92
Trd, 4318384.293, 101
Trd, 4318386.593, 91
Trd, 4318387.893, 91
Trd, 4318388.743, 98
Trd, 4318391.693, 90
Trd, 4318392.793, 104
Trd, 4318393.743, 95
Trd, 4318396.243, 94
Trd, 4318400.393, 89
Trd, 4318401.043, 93
Trd, 4318402.193, 88
Trd, 4318405.843, 91
Trd, 4318410.993, 91
Trd, 4318412.593, 98
Trd, 4318413.443, 98
Trd, 4318414.843, 98
Trd, 4318415.943, 97
Trd, 4318415.993, 111
Trd, 4318416.293, 94
Trd, 4318416.893, 103
Trd, 4318417.293, 112
Trd, 4318419.243, 97
Trd, 4318422.193, 101
Trd, 4318423.593, 95
Trd, 4318424.543, 95
Trd, 4318424.993, 101
Trd, 4318428.343, 100
Trd, 4318429.743, 98
Trd, 4318432.143, 98
Trd, 4318433.443, 94
Trd, 4318435.743, 93
Trd, 4318438.543, 95
Trd, 4318439.643, 95
Trd, 4318440.493, 93
Trd, 4318440.743, 92
Trd, 4318442.643, 92
Trd, 4318444.593, 94
Trd, 4318445.393, 91
Trd, 4318445.493, 114
Trd, 4318446.643, 91
Trd, 4318450.343, 97
Trd, 4318450.493, 97
Trd, 4318452.193, 90
Trd, 4318453.843, 89
Trd, 4318453.893, 99
Trd, 4318456.443, 95
Trd, 4318457.143, 114
Trd, 4318458.543, 103
Trd, 4318459.293, 103
Trd, 4318461.793, 101
Trd, 4318464.393, 97
Trd, 4318465.543, 98
Trd, 4318467.693, 103
Trd, 4318468.293, 97
Trd, 4318470.693, 102
Trd, 4318473.793, 99
Trd, 4318474.043, 101
Trd, 4318475.293, 99
Trd, 4318480.193, 100
Trd, 4318480.543, 98
Trd, 4318480.593, 97
Trd, 4318482.243, 100
Trd, 4318483.393, 97
Trd, 4318483.993, 96
Trd, 4318485.293, 96
Trd, 4318488.143, 99
Trd, 4318491.143, 95
Trd, 4318491.243, 98
Trd, 4318492.943, 95
Trd, 4318494.293, 98
Trd, 4318496.193, 95
Trd, 4318496.943, 98
Trd, 4318497.343, 94
Trd, 4318499.143, 96
Trd, 4318503.543, 93
Trd, 4318504.993, 94
Trd, 4318505.493, 92
Trd, 4318506.943, 93
Trd, 4318507.093, 96
Trd, 4318510.343, 91
Trd, 4318514.643, 94
Trd, 4318515.843, 90
Trd, 4318518.243, 90
Trd, 4318519.493, 85
Trd, 4318519.693, 93
Trd, 4318521.443, 92
Trd, 4318522.993, 89
Trd, 4318523.993, 92
Trd, 4318528.793, 92
Trd, 4318530.993, 101
Trd, 4318531.543, 92
Trd, 4318532.843, 93
Trd, 4318535.693, 93
Trd, 4318536.443, 102
Trd, 4318538.843, 97
Trd, 4318539.943, 99
Trd, 4318540.043, 95
Trd, 4318541.143, 98
Trd, 4318542.293, 97
Trd, 4318543.093, 98
Trd, 4318543.293, 107
Trd, 4318546.643, 97
Trd, 4318547.543, 97
Trd, 4318548.743, 98
Trd, 4318548.943, 96
Trd, 4318549.093, 114
Trd, 4318551.543, 94
Trd, 4318554.193, 96
Trd, 4318555.543, 95
Trd, 4318557.193, 96
Trd, 4318557.493, 95
Trd, 4318558.993, 95
Trd, 4318559.843, 113
Trd, 4318562.093, 94
Trd, 4318568.043, 95
Trd, 4318571.543, 95
Trd, 4318572.143, 94
Trd, 4318573.343, 95
Trd, 4318574.443, 93
Trd, 4318575.943, 93
Trd, 4318578.843, 112
Trd, 4318579.793, 102
Trd, 4318582.493, 98
Trd, 4318583.893, 98
Trd, 4318588.143, 98
Trd, 4318588.593, 105
Trd, 4318589.743, 102
Trd, 4318589.893, 97
Trd, 4318591.543, 97
Trd, 4318593.143, 96
Trd, 4318594.643, 97
Trd, 4318595.493, 112
Trd, 4318596.843, 101
Trd, 4318598.943, 103
Trd, 4318599.293, 100
Trd, 4318600.593, 99
Trd, 4318601.043, 94
Trd, 4318605.293, 100
Trd, 4318605.793, 98
Trd, 4318607.493, 97
Trd, 4318610.043, 99
Trd, 4318612.243, 102
Trd, 4318612.643, 100
Trd, 4318613.443, 111
Trd, 4318613.893, 114
Trd, 4318615.493, 103
Trd, 4318617.543, 101
Trd, 4318617.593, 105
Trd, 4318618.393, 97
Trd, 4318619.543, 102
Trd, 4318621.543, 101
Trd, 4318624.143, 102
Trd, 4318625.343, 99
Trd, 4318626.793, 100
Trd, 4318628.893, 103
Trd, 4318629.493, 105
Trd, 4318629.643, 99
Trd, 4318632.243, 99
Trd, 4318634.143, 103
Trd, 4318634.493, 98
Trd, 4318637.643, 97
Trd, 4318638.543, 97
Trd, 4318639.843, 96
Trd, 4318640.143, 98
Trd, 4318641.293, 94
Trd, 4318643.993, 93
Trd, 4318645.393, 94
Trd, 4318647.243, 95
Trd, 4318647.443, 96
Trd, 4318648.893, 94
Trd, 4318649.493, 94
Trd, 4318649.743, 114
Trd, 4318650.893, 93
Trd, 4318651.293, 100
Trd, 4318655.943, 100
Trd, 4318657.343, 92
Trd, 4318659.343, 99
Trd, 4318661.793, 92
Trd, 4318661.993, 95
Trd, 4318664.243, 95
Trd, 4318665.643, 91
Trd, 4318669.593, 90
Trd, 4318670.743, 89
Trd, 4318671.193, 88
Trd, 4318671.743, 95
Trd, 4318674.293, 87
Trd, 4318677.543, 95
Trd, 4318677.743, 107
Trd, 4318679.943, 90
Trd, 4318679.993, 90
Trd, 4318680.193, 111
Trd, 4318680.593, 112
Trd, 4318683.893, 94
Trd, 4318684.943, 107
Trd, 4318688.243, 103
Trd, 4318690.243, 96
Trd, 4318690.443, 101
Trd, 4318691.393, 94
Trd, 4318694.043, 99
Trd, 4318694.243, 92
Trd, 4318696.443, 95
Trd, 4318698.093, 94
Trd, 4318698.243, 85
Trd, 4318699.193, 99
Trd, 4318705.593, 96
Trd, 4318706.893, 97
Trd, 4318708.293, 97
Trd, 4318709.443, 100
Trd, 4318709.493, 96
Trd, 4318710.443, 110
Trd, 4318710.643, 113
Trd, 4318712.243, 96
Trd, 4318713.993, 100
Trd, 4318715.893, 99
Trd, 4318716.393, 95
Trd, 4318718.743, 98
Trd, 4318718.793, 99
Trd, 4318723.993, 94
Trd, 4318724.043, 94
Trd, 4318725.343, 97
Trd, 4318726.943, 113
Trd, 4318729.143, 94
Trd, 4318729.543, 108
Trd, 4318732.243, 93
Trd, 4318733.393, 101
Trd, 4318733.693, 102
Trd, 4318734.593, 92
Trd, 4318738.143, 99
Trd, 4318738.593, 92
Trd, 4318738.743, 107
Trd, 4318740.843, 91
Trd, 4318741.393, 99
Trd, 4318746.193, 94
Trd, 4318746.593, 92
Trd, 4318748.193, 92
Trd, 4318748.893, 91
Trd, 4318749.243, 91
Trd, 4318750.043, 91
Trd, 4318750.693, 103
Trd, 4318753.093, 98
Trd, 4318755.093, 97
Trd, 4318755.243, 114
Trd, 4318757.043, 103
Trd, 4318758.443, 100
Trd, 4318759.093, 102
Trd, 4318760.093, 103
Trd, 4318762.643, 100
Trd, 4318763.843, 103
Trd, 4318764.343, 99
Trd, 4318766.843, 98
Trd, 4318767.143, 103
Trd, 4318768.843, 97
Trd, 4318772.143, 98
Trd, 4318772.643, 98
Trd, 4318773.643, 96
Trd, 4318774.643, 98
Trd, 4318776.443, 96
Trd, 4318778.293, 96
Trd, 4318780.743, 96
Trd, 4318781.043, 113
Trd, 4318781.893, 94
Trd, 4318783.243, 97
Trd, 4318783.643, 103
Trd, 4318784.343, 97
Trd, 4318786.593, 104
Trd, 4318787.643, 105
Trd, 4318788.993, 106
Trd, 4318790.193, 96
Trd, 4318795.643, 95
Trd, 4318796.543, 97
Trd, 4318797.443, 94
Trd, 4318800.543, 97
Trd, 4318801.543, 95
Trd, 4318803.243, 97
Trd, 4318805.043, 97
Trd, 4318807.093, 97
Trd, 4318808.593, 114
Trd, 4318810.193, 119
Trd, 4318810.643, 96
Trd, 4318812.343, 95
Trd, 4318815.193, 99
Trd, 4318816.443, 100
Trd, 4318816.943, 95
Trd, 4318817.993, 95
Trd, 4318818.343, 96
Trd, 4318818.543, 94
Trd, 4318820.593, 102
Trd, 4318822.393, 96
Trd, 4318822.893, 97
Trd, 4318824.543, 97
Trd, 4318825.743, 97
Trd, 4318826.343, 96
Trd, 4318827.543, 100
Trd, 4318828.743, 99
Trd, 4318828.943, 110
Trd, 4318831.993, 99
Trd, 4318832.793, 104
Trd, 4318834.993, 102
Trd, 4318836.493, 105
Trd, 4318836.593, 101
Trd, 4318836.943, 104
Trd, 4318838.693, 99
Trd, 4318840.593, 101
Trd, 4318841.943, 102
Trd, 4318843.493, 98
Trd, 4318844.793, 98
Trd, 4318845.143, 97
Trd, 4318848.143, 97
Trd, 4318848.543, 96
Trd, 4318848.743, 101
Trd, 4318850.593, 101
Trd, 4318851.843, 99
Trd, 4318852.993, 100
Trd, 4318853.543, 97
Trd, 4318853.993, 107
Trd, 4318856.243, 99
Trd, 4318859.393, 103
Trd, 4318860.343, 101
Trd, 4318861.343, 104
Trd, 4318863.493, 99
Trd, 4318864.593, 94
Trd, 4318865.193, 101
Trd, 4318867.093, 99
Trd, 4318867.793, 96
Trd, 4318868.343, 94
Trd, 4318871.193, 96
Trd, 4318871.543, 95
Trd, 4318871.993, 99
Trd, 4318872.143, 93
Trd, 4318874.893, 106
Trd, 4318875.343, 105
Trd, 4318876.043, 98
Trd, 4318877.143, 100
Trd, 4318879.043, 100
Trd, 4318880.643, 99
Trd, 4318880.743, 98
Trd, 4318881.443, 107
Trd, 4318883.093, 98
Trd, 4318884.793, 104
Trd, 4318886.043, 104
Trd, 4318886.543, 102
Trd, 4318886.943, 101
Trd, 4318888.043, 99
Trd, 4318890.943, 98
Trd, 4318891.893, 101
Trd, 4318893.043, 101
Trd, 4318894.943, 97
Trd, 4318896.843, 96
Trd, 4318898.593, 95
Trd, 4318898.843, 100
Trd, 4318899.443, 96
Trd, 4318900.393, 82
Trd, 4318901.193, 86
Trd, 4318901.593, 84
Trd, 4318903.443, 86
Trd, 4318905.993, 93
Trd, 4318906.293, 103
Trd, 4318907.943, 93
Trd, 4318912.243, 94
Trd, 4318913.243, 92
Trd, 4318913.743, 117
Trd, 4318914.443, 91
Trd, 4318915.643, 100
Trd, 4318917.043, 91
Trd, 4318918.743, 90
Trd, 4318919.593, 96
Trd, 4318920.843, 90
Trd, 4318921.193, 96
Trd, 4318923.593, 89
Trd, 4318923.693, 96
Trd, 4318926.493, 89
Trd, 4318926.593, 92
Trd, 4318927.893, 93
Trd, 4318930.143, 93
Trd, 4318931.943, 93
Trd, 4318932.843, 105
Trd, 4318933.293, 92
Trd, 4318934.393, 92
Trd, 4318936.643, 97
Trd, 4318939.093, 95
Trd, 4318939.343, 93
Trd, 4318944.043, 93
Trd, 4318944.193, 93
Trd, 4318944.843, 95
Trd, 4318945.593, 100
Trd, 4318948.893, 96
Trd, 4318949.593, 98
Trd, 4318951.743, 99
Trd, 4318952.843, 97
Trd, 4318955.393, 97
Trd, 4318955.493, 96
Trd, 4318957.243, 97
Trd, 4318957.443, 95
Trd, 4318958.393, 94
Trd, 4318961.093, 96
Trd, 4318962.543, 93
Trd, 4318963.093, 97
Trd, 4318964.293, 93
Trd, 4318966.043, 98
Trd, 4318967.843, 113
Trd, 4318970.993, 98
Trd, 4318971.743, 92
Trd, 4318974.293, 96
Trd, 4318975.543, 97
Trd, 4318976.793, 92
Trd, 4318978.643, 91
Trd, 4318979.593, 97
Trd, 4318979.643, 106
Trd, 4318981.493, 91
Trd, 4318983.193, 94
Trd, 4318984.493, 91
Trd, 4318985.543, 94
Trd, 4318986.243, 96
Trd, 4318987.343, 114
Trd, 4318989.643, 96
Trd, 4318990.193, 94
Trd, 4318992.493, 101
Trd, 4318993.743, 101
Trd, 4318994.143, 95
Trd, 4318994.643, 94
Trd, 4318997.943, 100
Trd, 4318998.343, 94
Trd, 4318999.143, 94
Trd, 4319000.443, 97
Trd, 4319002.143, 97
Trd, 4319005.343, 97
Trd, 4319008.443, 94
Trd, 4319008.843, 95
Trd, 4319009.543, 95
Trd, 4319009.893, 93
Trd, 4319012.343, 108
Trd, 4319012.943, 102
Trd, 4319015.093, 97
Trd, 4319016.193, 96
Trd, 4319016.293, 97
Trd, 4319017.093, 97
Trd, 4319017.793, 97
Trd, 4319018.043, 98
Trd, 4319019.643, 121
Trd, 4319023.343, 116
Trd, 4319025.393, 108
Trd, 4319026.993, 104
Trd, 4319027.793, 108
Trd, 4319027.943, 112
Trd, 4319030.143, 109
Trd, 4319032.893, 106
Trd, 4319033.693, 104
Trd, 4319036.193, 104
Trd, 4319036.793, 105
Trd, 4319037.993, 94
Trd, 4319040.693, 98
Trd, 4319040.793, 104
Trd, 4319041.043, 105
Trd, 4319042.393, 101
Trd, 4319044.293, 100
Trd, 4319044.743, 113
Trd, 4319048.593, 100
Trd, 4319048.793, 103
Trd, 4319051.343, 103
Trd, 4319051.743, 101
Trd, 4319052.543, 103
Trd, 4319052.993, 113
Trd, 4319055.843, 103
Trd, 4319057.443, 102
Trd, 4319058.993, 105
Trd, 4319059.693, 101
Trd, 4319059.793, 100
Trd, 4319060.993, 105
Trd, 4319061.093, 113
Trd, 4319065.893, 104
Trd, 4319066.543, 99
Trd, 4319067.393, 99
Trd, 4319069.843, 103
Trd, 4319070.643, 104
Trd, 4319073.643, 99
Trd, 4319074.743, 98
Trd, 4319076.343, 97
Trd, 4319078.343, 101
Trd, 4319079.643, 97
Trd, 4319080.443, 97
Trd, 4319082.643, 100
Trd, 4319083.843, 116
Trd, 4319084.193, 112
Trd, 4319085.293, 118
Trd, 4319086.793, 118
Trd, 4319087.043, 112
Trd, 4319087.893, 114
Trd, 4319089.593, 111
Trd, 4319090.743, 110
Trd, 4319091.043, 99
Trd, 4319091.493, 99
Trd, 4319091.643, 100
Trd, 4319092.343, 99
Trd, 4319095.893, 104
Trd, 4319096.843, 118
Trd, 4319097.043, 102
Trd, 4319099.593, 94
Trd, 4319100.143, 98
Trd, 4319101.393, 95
Trd, 4319101.543, 93
Trd, 4319101.843, 85
Trd, 4319101.943, 97
Trd, 4319102.393, 97
Trd, 4319105.143, 98
Trd, 4319106.693, 110
Trd, 4319108.793, 99
Trd, 4319112.543, 99
Trd, 4319112.693, 98
Trd, 4319114.443, 96
Trd, 4319114.943, 95
Trd, 4319115.443, 93
Trd, 4319115.543, 95
Trd, 4319118.393, 92
Trd, 4319118.493, 113
Trd, 4319118.593, 91
Trd, 4319118.993, 115
Trd, 4319121.393, 106
Trd, 4319123.743, 106
Trd, 4319126.043, 103
Trd, 4319126.143, 107
Trd, 4319129.343, 103
Trd, 4319130.943, 101
Trd, 4319130.993, 101
Trd, 4319134.293, 101
Trd, 4319137.443, 101
Trd, 4319138.143, 101
Trd, 4319138.293, 100
Trd, 4319138.893, 99
Trd, 4319139.243, 100
Trd, 4319139.943, 99
Trd, 4319141.743, 98
Trd, 4319141.993, 94
Trd, 4319142.893, 101
Trd, 4319146.093, 97
Trd, 4319146.593, 115
Trd, 4319146.893, 108
Trd, 4319146.943, 105
Trd, 4319148.893, 102
Trd, 4319150.993, 101
Trd, 4319152.143, 100
Trd, 4319152.743, 105
Trd, 4319154.143, 94
Trd, 4319155.993, 105
Trd, 4319156.293, 105
Trd, 4319157.243, 100
Trd, 4319157.993, 99
Trd, 4319161.193, 93
Trd, 4319161.643, 97
Trd, 4319161.743, 105
Trd, 4319164.693, 105
Trd, 4319166.343, 97
Trd, 4319167.243, 105
Trd, 4319167.293, 107
Trd, 4319169.643, 100
Trd, 4319170.393, 96
Trd, 4319171.843, 100
Trd, 4319174.943, 94
Trd, 4319175.843, 93
Trd, 4319176.193, 98
Trd, 4319179.243, 91
Trd, 4319180.093, 93
Trd, 4319180.393, 95
Trd, 4319181.993, 91
Trd, 4319184.493, 94
Trd, 4319184.893, 94
Trd, 4319185.243, 94
Trd, 4319186.993, 93
Trd, 4319189.143, 95
Trd, 4319190.643, 92
Trd, 4319192.243, 95
Trd, 4319192.543, 95
Trd, 4319193.793, 95
Trd, 4319194.493, 115
Trd, 4319195.493, 115
Trd, 4319197.693, 93
Trd, 4319198.393, 98
Trd, 4319198.993, 96
Trd, 4319200.193, 105
Trd, 4319201.293, 102
Trd, 4319202.143, 101
Trd, 4319202.993, 100
Trd, 4319205.143, 112
Trd, 4319206.793, 106
Trd, 4319207.093, 107
Trd, 4319209.193, 105
Trd, 4319209.693, 107
Trd, 4319212.743, 113
Trd, 4319212.993, 103
Trd, 4319213.993, 102
Trd, 4319215.093, 101
Trd, 4319215.543, 101
Trd, 4319217.993, 108
Trd, 4319218.443, 109
Trd, 4319218.493, 105
Trd, 4319220.993, 104
Trd, 4319223.543, 102
Trd, 4319224.493, 103
Trd, 4319224.843, 103
Trd, 4319227.143, 102
Trd, 4319227.293, 107
Trd, 4319228.643, 113
Trd, 4319229.493, 114
Trd, 4319231.293, 109
Trd, 4319232.243, 105
Trd, 4319233.693, 101
Trd, 4319234.343, 105
Trd, 4319236.393, 85
Trd, 4319237.993, 93
Trd, 4319238.593, 102
Trd, 4319238.693, 92
Trd, 4319239.743, 96
Trd, 4319241.843, 112
Trd, 4319244.243, 96
Trd, 4319244.793, 96
Trd, 4319245.643, 96
Trd, 4319247.093, 98
Trd, 4319247.443, 97
Trd, 4319249.943, 99
Trd, 4319251.443, 98
Trd, 4319252.443, 97
Trd, 4319254.443, 98
Trd, 4319254.693, 99
Trd, 4319254.943, 97
Trd, 4319256.343, 100
Trd, 4319257.393, 100
Trd, 4319258.143, 96
Trd, 4319258.943, 95
Trd, 4319258.993, 94
Trd, 4319261.843, 96
Trd, 4319263.493, 94
Trd, 4319265.243, 92
Trd, 4319266.893, 91
Trd, 4319267.543, 95
Trd, 4319267.593, 90
Trd, 4319269.043, 96
Trd, 4319270.893, 115
Trd, 4319271.393, 100
Trd, 4319272.343, 105
Trd, 4319274.843, 99
Trd, 4319278.443, 94
Trd, 4319280.293, 96
Trd, 4319281.093, 95
Trd, 4319281.593, 96
Trd, 4319281.893, 108
Trd, 4319282.393, 113
Trd, 4319283.243, 103
Trd, 4319283.893, 102
Trd, 4319284.093, 94
Trd, 4319285.093, 106
Trd, 4319287.793, 98
Trd, 4319290.543, 122
Trd, 4319291.193, 101
Trd, 4319291.643, 107
Trd, 4319292.643, 103
Trd, 4319293.443, 105
Trd, 4319293.643, 100
Trd, 4319296.943, 103
Trd, 4319296.993, 101
Trd, 4319298.843, 99
Trd, 4319300.693, 103
Trd, 4319301.393, 102
Trd, 4319302.443, 115
Trd, 4319302.943, 107
Trd, 4319303.643, 109
Trd, 4319305.243, 110
Trd, 4319305.843, 108
Trd, 4319306.143, 111
Trd, 4319306.993, 103
Trd, 4319310.193, 103
Trd, 4319310.293, 111
Trd, 4319311.993, 105
Trd, 4319314.593, 101
Trd, 4319315.093, 85
Trd, 4319315.893, 98
Trd, 4319316.943, 99
Trd, 4319318.943, 100
Trd, 4319319.193, 99
Trd, 4319320.943, 102
Trd, 4319322.143, 101
Trd, 4319322.943, 100
Trd, 4319324.543, 104
Trd, 4319325.743, 99
Trd, 4319326.443, 99
Trd, 4319331.243, 99
Trd, 4319331.393, 101
Trd, 4319331.493, 98
Trd, 4319332.043, 96
Trd, 4319333.693, 99
Trd, 4319336.893, 95
Trd, 4319337.793, 100
Trd, 4319338.593, 96
Trd, 4319340.293, 95
Trd, 4319341.693, 100
Trd, 4319346.093, 100
Trd, 4319347.243, 95
Trd, 4319347.743, 95
Trd, 4319350.043, 99
Trd, 4319350.593, 99
Trd, 4319350.893, 95
Trd, 4319357.093, 94
Trd, 4319357.243, 97
Trd, 4319357.893, 94
Trd, 4319359.143, 96
Trd, 4319362.393, 94
Trd, 4319362.493, 94
Trd, 4319363.443, 96
Trd, 4319367.243, 107
Trd, 4319367.593, 108
Trd, 4319367.943, 100
Trd, 4319369.593, 104
Trd, 4319372.343, 101
Trd, 4319372.693, 97
Trd, 4319372.893, 105
Trd, 4319373.343, 124
Trd, 4319378.493, 107
Trd, 4319379.693, 104
Trd, 4319380.093, 103
Trd, 4319380.493, 104
Trd, 4319380.743, 102
Trd, 4319385.593, 105
Trd, 4319387.693, 103
Trd, 4319388.443, 102
Trd, 4319392.443, 103
Trd, 4319392.743, 105
Trd, 4319393.793, 106
Trd, 4319393.993, 103
Trd, 4319394.343, 102
Trd, 4319395.693, 113
Trd, 4319396.593, 101
Trd, 4319399.793, 101
Trd, 4319401.293, 100
Trd, 4319401.793, 94
Trd, 4319402.493, 96
Trd, 4319404.843, 107
Trd, 4319407.093, 99
Trd, 4319407.143, 106
Trd, 4319408.393, 99
Trd, 4319411.693, 98
Trd, 4319411.993, 113
Trd, 4319413.043, 128
Trd, 4319414.293, 113
Trd, 4319415.393, 105
Trd, 4319415.993, 93
Trd, 4319416.743, 96
Trd, 4319417.943, 99
Trd, 4319419.593, 97
Trd, 4319421.743, 96
Trd, 4319423.043, 95
Trd, 4319424.543, 100
Trd, 4319425.243, 104
Trd, 4319427.093, 101
Trd, 4319427.293, 99
Trd, 4319429.143, 101
Trd, 4319430.643, 99
Trd, 4319431.343, 98
Trd, 4319433.093, 101
Trd, 4319436.743, 97
Trd, 4319438.343, 101
Trd, 4319438.443, 98
Trd, 4319438.793, 101
Trd, 4319443.843, 99
Trd, 4319444.043, 100
Trd, 4319444.543, 97
Trd, 4319447.443, 96
Trd, 4319448.643, 95
Trd, 4319449.743, 100
Trd, 4319451.043, 100
Trd, 4319452.093, 98
Trd, 4319453.293, 100
Trd, 4319455.493, 98
Trd, 4319455.843, 101
Trd, 4319456.793, 115
Trd, 4319459.043, 98
Trd, 4319461.743, 99
Trd, 4319461.943, 98
Trd, 4319464.893, 100
Trd, 4319464.943, 100
Trd, 4319465.393, 98
Trd, 4319466.943, 99
Trd, 4319468.193, 107
Trd, 4319468.993, 101
Trd, 4319469.093, 98
Trd, 4319472.593, 101
Trd, 4319473.043, 94
Trd, 4319474.443, 101
Trd, 4319477.493, 97
Trd, 4319478.093, 97
Trd, 4319478.293, 105
Trd, 4319478.943, 96
Trd, 4319482.243, 101
Trd, 4319482.693, 109
Trd, 4319484.943, 98
Trd, 4319486.893, 101
Trd, 4319487.243, 97
Trd, 4319489.743, 97
Trd, 4319490.293, 97
Trd, 4319492.293, 100
Trd, 4319495.543, 100
Trd, 4319495.593, 97
Trd, 4319496.493, 96
Trd, 4319498.743, 114
Trd, 4319499.093, 94
Trd, 4319501.093, 95
Trd, 4319504.493, 99
Trd, 4319505.193, 94
Trd, 4319506.543, 98
Trd, 4319506.843, 93
Trd, 4319509.893, 98
Trd, 4319510.143, 92
Trd, 4319510.193, 107
Trd, 4319511.793, 101
Trd, 4319512.493, 92
Trd, 4319516.243, 99
Trd, 4319517.243, 96
Trd, 4319521.343, 97
Trd, 4319521.943, 98
Trd, 4319523.693, 96
Trd, 4319524.493, 99
Trd, 4319525.293, 95
Trd, 4319527.993, 97
Trd, 4319528.193, 96
Trd, 4319529.693, 94
Trd, 4319532.593, 106
Trd, 4319536.693, 98
Trd, 4319537.343, 98
Trd, 4319539.093, 96
Trd, 4319540.843, 108
Trd, 4319541.893, 99
Trd, 4319544.193, 97
Trd, 4319548.693, 97
Trd, 4319549.143, 99
Trd, 4319549.493, 97
Trd, 4319551.843, 99
Trd, 4319555.943, 96
Trd, 4319556.693, 96
Trd, 4319557.043, 99
Trd, 4319558.943, 98
Trd, 4319561.343, 97
Trd, 4319561.993, 95
Trd, 4319562.193, 94
Trd, 4319565.643, 96
Trd, 4319566.543, 94
Trd, 4319570.043, 97
Trd, 4319571.793, 96
Trd, 4319571.843, 93
Trd, 4319574.793, 94
Trd, 4319575.993, 97
Trd, 4319576.743, 92
Trd, 4319578.643, 96
Trd, 4319578.743, 91
Trd, 4319580.343, 90
Trd, 4319583.143, 96
Trd, 4319584.893, 97
Trd, 4319585.693, 90
Trd, 4319585.893, 89
Trd, 4319589.543, 91
Trd, 4319591.243, 91
Trd, 4319591.293, 96
Trd, 4319592.743, 94
Trd, 4319593.493, 90
Trd, 4319596.993, 92
Trd, 4319597.743, 89
Trd, 4319601.493, 87
Trd, 4319603.043, 91
Trd, 4319605.543, 91
Trd, 4319605.893, 89
Trd, 4319609.643, 91
Trd, 4319609.743, 90
Trd, 4319611.793, 89
Trd, 4319612.243, 90
Trd, 4319612.293, 89
Trd, 4319613.093, 91
Trd, 4319615.393, 88
Trd, 4319616.293, 87
Trd, 4319618.393, 91
Trd, 4319618.993, 115
Trd, 4319619.843, 100
Trd, 4319621.593, 96
Trd, 4319622.193, 93
Trd, 4319623.793, 106
Trd, 4319624.893, 115
Trd, 4319626.843, 98
Trd, 4319627.493, 99
Trd, 4319630.343, 97
Trd, 4319631.193, 99
Trd, 4319632.093, 96
Trd, 4319635.793, 95
Trd, 4319636.943, 96
Trd, 4319637.043, 94
Trd, 4319637.993, 95
Trd, 4319642.593, 96
Trd, 4319643.643, 93
Trd, 4319644.393, 97
Trd, 4319645.193, 92
Trd, 4319645.443, 96
Trd, 4319648.543, 91
Trd, 4319650.343, 92
Trd, 4319652.793, 92
Trd, 4319652.993, 91
Trd, 4319654.843, 91
Trd, 4319655.993, 90
Trd, 4319656.493, 92
Trd, 4319659.993, 92
Trd, 4319661.293, 92
Trd, 4319661.593, 89
Trd, 4319663.543, 105
Trd, 4319664.193, 101
Trd, 4319664.793, 100
Trd, 4319668.743, 101
Trd, 4319670.343, 100
Trd, 4319671.193, 99
Trd, 4319671.493, 111
Trd, 4319673.293, 100
Trd, 4319677.193, 100
Trd, 4319678.743, 98
Trd, 4319678.993, 98
Trd, 4319679.443, 101
Trd, 4319679.543, 96
Trd, 4319680.893, 97
Trd, 4319683.293, 98
Trd, 4319684.343, 101
Trd, 4319686.143, 97
Trd, 4319686.593, 101
Trd, 4319689.243, 96
Trd, 4319689.643, 85
Trd, 4319693.643, 100
Trd, 4319694.443, 100
Trd, 4319694.893, 100
Trd, 4319695.643, 100
Trd, 4319698.293, 102
Trd, 4319699.693, 112
Trd, 4319701.193, 106
Trd, 4319704.643, 103
Trd, 4319704.793, 104
Trd, 4319705.093, 103
Trd, 4319706.793, 103
Trd, 4319710.043, 102
Trd, 4319710.293, 101
Trd, 4319710.543, 101
Trd, 4319712.293, 100
Trd, 4319713.243, 103
Trd, 4319714.693, 101
Trd, 4319715.293, 101
Trd, 4319715.743, 109
Trd, 4319717.793, 100
Trd, 4319719.243, 81
Trd, 4319719.743, 93
Trd, 4319720.293, 101
Trd, 4319721.593, 91
Trd, 4319724.393, 95
Trd, 4319725.343, 91
Trd, 4319729.743, 95
Trd, 4319730.593, 91
Trd, 4319731.443, 111
Trd, 4319731.793, 97
Trd, 4319733.293, 101
Trd, 4319733.743, 94
Trd, 4319735.043, 99
Trd, 4319738.493, 99
Trd, 4319739.343, 101
Trd, 4319740.193, 97
Trd, 4319741.793, 96
Trd, 4319743.393, 108
Trd, 4319743.443, 114
Trd, 4319744.843, 100
Trd, 4319745.143, 103
Trd, 4319747.593, 107
Trd, 4319747.743, 104
Trd, 4319748.843, 102
Trd, 4319751.043, 100
Trd, 4319751.993, 98
Trd, 4319752.893, 104
Trd, 4319754.143, 105
Trd, 4319756.543, 104
Trd, 4319757.593, 105
Trd, 4319757.943, 102
Trd, 4319758.493, 105
Trd, 4319759.443, 103
Trd, 4319762.893, 104
Trd, 4319763.143, 103
Trd, 4319764.593, 102
Trd, 4319766.293, 103
Trd, 4319766.643, 104
Trd, 4319768.243, 101
Trd, 4319769.743, 104
Trd, 4319772.543, 104
Trd, 4319772.793, 101
Trd, 4319774.543, 104
Trd, 4319776.743, 100
Trd, 4319776.943, 104
Trd, 4319779.693, 99
Trd, 4319780.643, 103
Trd, 4319781.943, 104
Trd, 4319783.143, 100
Trd, 4319784.343, 99
Trd, 4319786.193, 100
Trd, 4319786.643, 99
Trd, 4319787.443, 99
Trd, 4319788.393, 100
Trd, 4319789.243, 107
Trd, 4319790.493, 98
Trd, 4319790.893, 101
Trd, 4319791.343, 97
Trd, 4319792.393, 98
Trd, 4319794.343, 101
Trd, 4319795.493, 101
Trd, 4319797.343, 101
Trd, 4319798.643, 97
Trd, 4319800.993, 94
Trd, 4319801.093, 100
Trd, 4319801.693, 102
Trd, 4319802.893, 96
Trd, 4319804.593, 101
Trd, 4319806.643, 95
Trd, 4319808.243, 114
Trd, 4319810.193, 122
Trd, 4319810.793, 110
Trd, 4319812.043, 98
Trd, 4319812.593, 94
Trd, 4319813.393, 101
Trd, 4319814.093, 100
Trd, 4319815.493, 99
Trd, 4319815.793, 85
Trd, 4319817.343, 96
Trd, 4319818.943, 101
Trd, 4319822.743, 97
Trd, 4319822.943, 97
Trd, 4319823.193, 95
Trd, 4319823.893, 101
Trd, 4319827.643, 97
Trd, 4319828.043, 96
Trd, 4319829.743, 95
Trd, 4319831.093, 98
Trd, 4319831.493, 106
Trd, 4319835.293, 99
Trd, 4319840.343, 94
Trd, 4319841.293, 94
Trd, 4319842.943, 98
Trd, 4319846.743, 97
Trd, 4319846.943, 96
Trd, 4319847.193, 94
Trd, 4319850.493, 102
Trd, 4319850.943, 93
Trd, 4319851.543, 117
Trd, 4319852.693, 98
Trd, 4319853.243, 99
Trd, 4319855.843, 102
Trd, 4319858.743, 99
Trd, 4319860.043, 101
Trd, 4319860.743, 98
Trd, 4319862.243, 103
Trd, 4319863.443, 97
Trd, 4319865.093, 102
Trd, 4319865.743, 97
Trd, 4319866.243, 102
Trd, 4319867.743, 94
Trd, 4319868.993, 98
Trd, 4319870.843, 96
Trd, 4319871.543, 94
Trd, 4319872.493, 93
Trd, 4319875.693, 95
Trd, 4319876.743, 98
Trd, 4319877.293, 94
Trd, 4319878.143, 99
Trd, 4319880.743, 101
Trd, 4319881.493, 94
Trd, 4319882.643, 99
Trd, 4319883.193, 106
Trd, 4319883.493, 103
Trd, 4319883.693, 111
Trd, 4319885.393, 103
Trd, 4319885.993, 98
Trd, 4319887.843, 107
Trd, 4319888.243, 105
Trd, 4319889.543, 102
Trd, 4319891.443, 113
Trd, 4319891.693, 101
Trd, 4319893.993, 102
Trd, 4319894.293, 105
Trd, 4319894.393, 104
Trd, 4319895.693, 104
Trd, 4319898.193, 105
Trd, 4319898.293, 102
Trd, 4319900.443, 102
Trd, 4319900.793, 103
Trd, 4319902.393, 102
Trd, 4319902.943, 105
Trd, 4319907.443, 104
Trd, 4319909.793, 101
Trd, 4319910.343, 101
Trd, 4319910.443, 101
Trd, 4319911.343, 105
Trd, 4319912.443, 100
Trd, 4319912.493, 105
Trd, 4319913.943, 113
Trd, 4319916.043, 106
Trd, 4319916.243, 99
Trd, 4319917.743, 98
Trd, 4319918.793, 89
Trd, 4319919.493, 89
Trd, 4319921.143, 88
Trd, 4319923.993, 96
Trd, 4319924.493, 98
Trd, 4319924.743, 95
Trd, 4319924.893, 92
Trd, 4319925.043, 113
Trd, 4319926.543, 88
Trd, 4319927.493, 97
Trd, 4319929.343, 93
Trd, 4319930.793, 95
Trd, 4319931.193, 93
Trd, 4319934.293, 109
Trd, 4319935.043, 98
Trd, 4319935.943, 92
Trd, 4319936.093, 98
Trd, 4319937.643, 91
Trd, 4319939.743, 95
Trd, 4319944.143, 96
Trd, 4319948.693, 95
Trd, 4319949.443, 91
Trd, 4319952.993, 91
Trd, 4319954.093, 91
Trd, 4319955.293, 90
Trd, 4319956.093, 93
Trd, 4319956.793, 113
Trd, 4319961.343, 94
Trd, 4319963.543, 90
Trd, 4319963.743, 90
Trd, 4319965.843, 93
Trd, 4319966.143, 93
Trd, 4319966.293, 90
Trd, 4319968.293, 114
Trd, 4319971.193, 90
Trd, 4319972.243, 94
Trd, 4319972.793, 93
Trd, 4319974.593, 89
Trd, 4319976.843, 89
Trd, 4319977.543, 93
Trd, 4319980.393, 89
Trd, 4319984.943, 91
Trd, 4319989.043, 92
Trd, 4319989.143, 89
Trd, 4319990.343, 91
Trd, 4319991.693, 92
Trd, 4319991.793, 93
Trd, 4319993.793, 94
Trd, 4319997.043, 94
Trd, 4319997.643, 96
Trd, 4319999.793, 94
