Trd, 4317924.943, 94
Trd, 4317927.243, 94
Trd, 4317928.743, 96
Trd, 4317930.043, 93
Trd, 4317930.243, 89
Trd, 4317930.793, 93
Trd, 4317931.043, 95
Trd, 4317931.543, 99
Trd, 4317933.243, 95
Trd, 4317933.593, 86
Trd, 4317934.543, 102
Trd, 4317935.243, 104
Trd, 4317936.543, 97
Trd, 4317937.243, 92
Trd, 4317938.843, 99
Trd, 4317939.293, 85
Trd, 4317940.193, 103
Trd, 4317940.443, 104
Trd, 4317942.693, 89
Trd, 4317944.643, 90
Trd, 4317945.143, 84
Trd, 4317946.893, 89
Trd, 4317947.843, 77
Trd, 4317948.793, 79
Trd, 4317949.643, 103
Trd, 4317950.543, 88
Trd, 4317950.643, 104
Trd, 4317951.443, 112
Trd, 4317952.493, 89
Trd, 4317953.493, 89
Trd, 4317954.493, 94
Trd, 4317955.293, 88
Trd, 4317955.943, 95
Trd, 4317959.993, 103
Trd, 4317960.043, 97
Trd, 4317960.793, 97
Trd, 4317961.043, 94
Trd, 4317963.393, 83
Trd, 4317964.843, 95
Trd, 4317965.393, 94
Trd, 4317965.693, 96
Trd, 4317965.743, 104
Trd, 4317966.543, 92
Trd, 4317967.143, 92
Trd, 4317967.593, 99
Trd, 4317968.343, 102
Trd, 4317969.943, 104
Trd, 4317971.043, 99
Trd, 4317972.593, 111
Trd, 4317974.043, 105
Trd, 4317974.493, 103
Trd, 4317974.993, 102
Trd, 4317976.993, 102
Trd, 4317979.243, 100
Trd, 4317980.343, 101
Trd, 4317981.993, 100
Trd, 4317982.843, 101
Trd, 4317983.143, 94
Trd, 4317984.593, 104
Trd, 4317986.043, 98
Trd, 4317986.743, 112
Trd, 4317987.393, 108
Trd, 4317987.793, 96
Trd, 4317989.243, 97
Trd, 4317990.943, 102
Trd, 4317992.143, 102
Trd, 4317993.043, 101
Trd, 4317994.893, 100
Trd, 4317995.893, 98
Trd, 4317996.393, 94
Trd, 4317997.043, 94
Trd, 4317999.093, 93
Trd, 4317999.543, 125
Trd, 4318001.743, 122
Trd, 4318003.443, 111
Trd, 4318004.743, 124
Trd, 4318006.093, 88
Trd, 4318007.393, 106
Trd, 4318008.293, 106
Trd, 4318008.943, 105
Trd, 4318010.143, 93
Trd, 4318012.693, 86
Trd, 4318013.543, 89
Trd, 4318014.193, 95
Trd, 4318015.143, 102
Trd, 4318015.393, 104
Trd, 4318018.593, 95
Trd, 4318019.043, 96
Trd, 4318020.093, 95
Trd, 4318021.243, 94
Trd, 4318021.443, 96
Trd, 4318023.143, 87
Trd, 4318023.293, 85
Trd, 4318024.343, 102
Trd, 4318025.643, 104
Trd, 4318026.493, 98
Trd, 4318028.243, 96
Trd, 4318028.543, 95
Trd, 4318031.793, 98
Trd, 4318032.843, 98
Trd, 4318033.293, 103
Trd, 4318035.093, 102
Trd, 4318035.843, 94
Trd, 4318035.893, 104
Trd, 4318035.943, 84
Trd, 4318039.043, 100
Trd, 4318039.593, 93
Trd, 4318041.893, 94
Trd, 4318042.343, 96
Trd, 4318042.543, 96
Trd, 4318042.993, 104
Trd, 4318044.543, 113
Trd, 4318046.393, 84
Trd, 4318046.693, 89
Trd, 4318048.993, 91
Trd, 4318049.243, 88
Trd, 4318050.243, 91
Trd, 4318050.593, 92
Trd, 4318052.493, 90
Trd, 4318052.943, 89
Trd, 4318054.193, 95
Trd, 4318054.593, 88
Trd, 4318057.243, 88
Trd, 4318058.343, 87
Trd, 4318058.693, 90
Trd, 4318058.743, 91
Trd, 4318060.443, 106
Trd, 4318063.293, 90
Trd, 4318063.593, 96
Trd, 4318066.443, 111
Trd, 4318066.593, 113
Trd, 4318068.393, 98
Trd, 4318068.493, 108
Trd, 4318069.843, 94
Trd, 4318071.643, 97
Trd, 4318071.893, 105
Trd, 4318074.043, 102
Trd, 4318075.043, 101
Trd, 4318076.743, 102
Trd, 4318077.543, 102
Trd, 4318078.043, 99
Trd, 4318078.493, 103
Trd, 4318079.243, 104
Trd, 4318081.293, 100
Trd, 4318081.543, 94
Trd, 4318083.093, 101
Trd, 4318083.343, 102
Trd, 4318084.593, 94
Trd, 4318085.293, 100
Trd, 4318086.243, 104
Trd, 4318086.843, 102
Trd, 4318087.343, 97
Trd, 4318088.693, 89
Trd, 4318089.593, 94
Trd, 4318091.393, 95
Trd, 4318091.443, 113
Trd, 4318094.643, 99
Trd, 4318094.793, 100
Trd, 4318094.843, 96
Trd, 4318096.193, 94
Trd, 4318097.193, 95
Trd, 4318097.893, 94
Trd, 4318099.143, 104
Trd, 4318100.743, 94
Trd, 4318103.093, 93
Trd, 4318103.543, 92
Trd, 4318103.943, 96
Trd, 4318104.043, 96
Trd, 4318105.343, 95
Trd, 4318107.293, 95
Trd, 4318108.043, 95
Trd, 4318108.493, 94
Trd, 4318108.593, 94
Trd, 4318111.693, 94
Trd, 4318111.943, 93
Trd, 4318112.893, 95
Trd, 4318113.893, 93
Trd, 4318114.093, 103
Trd, 4318114.243, 77
Trd, 4318116.143, 89
Trd, 4318118.143, 93
Trd, 4318118.693, 94
Trd, 4318121.743, 92
Trd, 4318123.293, 90
Trd, 4318123.743, 86
Trd, 4318123.993, 90
Trd, 4318124.093, 95
Trd, 4318124.793, 104
Trd, 4318126.343, 103
Trd, 4318127.943, 91
Trd, 4318128.243, 88
Trd, 4318129.243, 104
Trd, 4318130.343, 110
Trd, 4318131.093, 99
Trd, 4318131.443, 94
Trd, 4318132.743, 95
Trd, 4318135.293, 99
Trd, 4318136.743, 99
Trd, 4318136.843, 104
Trd, 4318137.143, 94
Trd, 4318138.943, 77
Trd, 4318139.393, 97
Trd, 4318139.943, 102
Trd, 4318141.293, 122
Trd, 4318142.143, 106
Trd, 4318144.093, 101
Trd, 4318145.843, 99
Trd, 4318146.243, 99
Trd, 4318148.693, 95
Trd, 4318149.543, 96
Trd, 4318149.993, 87
Trd, 4318151.593, 85
Trd, 4318153.893, 90
Trd, 4318154.693, 93
Trd, 4318154.893, 90
Trd, 4318155.043, 89
Trd, 4318155.343, 95
Trd, 4318157.993, 89
Trd, 4318158.443, 92
Trd, 4318159.343, 95
Trd, 4318161.143, 122
Trd, 4318162.943, 104
Trd, 4318163.993, 94
Trd, 4318164.643, 103
Trd, 4318166.193, 95
Trd, 4318167.393, 99
Trd, 4318168.343, 97
Trd, 4318169.643, 99
Trd, 4318169.693, 101
Trd, 4318171.093, 94
Trd, 4318172.793, 86
Trd, 4318173.043, 88
Trd, 4318173.443, 113
Trd, 4318173.593, 96
Trd, 4318176.243, 106
Trd, 4318177.493, 112
Trd, 4318180.393, 106
Trd, 4318180.993, 100
Trd, 4318181.043, 99
Trd, 4318182.943, 102
Trd, 4318183.643, 94
Trd, 4318184.893, 96
Trd, 4318187.393, 99
Trd, 4318188.593, 97
Trd, 4318189.293, 96
Trd, 4318190.143, 98
Trd, 4318190.493, 84
Trd, 4318191.393, 104
Trd, 4318192.743, 83
Trd, 4318193.343, 90
Trd, 4318194.493, 103
Trd, 4318196.543, 97
Trd, 4318198.243, 91
Trd, 4318199.343, 93
Trd, 4318200.093, 86
Trd, 4318202.493, 91
Trd, 4318203.043, 93
Trd, 4318203.143, 95
Trd, 4318203.293, 89
Trd, 4318204.243, 94
Trd, 4318206.843, 94
Trd, 4318208.693, 89
Trd, 4318209.643, 89
Trd, 4318211.193, 88
Trd, 4318211.243, 89
Trd, 4318211.293, 88
Trd, 4318211.493, 95
Trd, 4318213.943, 104
Trd, 4318214.843, 96
Trd, 4318214.993, 89
Trd, 4318219.343, 94
Trd, 4318220.643, 93
Trd, 4318221.593, 94
Trd, 4318221.693, 95
Trd, 4318221.993, 92
Trd, 4318222.043, 92
Trd, 4318223.143, 92
Trd, 4318223.643, 86
Trd, 4318225.943, 104
Trd, 4318227.993, 90
Trd, 4318228.393, 91
Trd, 4318230.793, 92
Trd, 4318231.043, 90
Trd, 4318233.543, 88
Trd, 4318234.293, 86
Trd, 4318235.493, 86
Trd, 4318236.493, 95
Trd, 4318237.743, 104
Trd, 4318238.493, 95
Trd, 4318239.343, 91
Trd, 4318240.443, 91
Trd, 4318243.093, 88
Trd, 4318243.243, 93
Trd, 4318245.143, 92
Trd, 4318245.743, 89
Trd, 4318247.393, 89
Trd, 4318248.193, 88
Trd, 4318249.593, 95
Trd, 4318250.093, 95
Trd, 4318251.193, 94
Trd, 4318252.743, 88
Trd, 4318253.293, 91
Trd, 4318254.193, 91
Trd, 4318254.493, 90
Trd, 4318256.043, 95
Trd, 4318257.593, 104
Trd, 4318258.143, 85
Trd, 4318258.193, 113
Trd, 4318260.793, 90
Trd, 4318261.493, 95
Trd, 4318263.943, 92
Trd, 4318266.343, 89
Trd, 4318266.993, 89
Trd, 4318268.043, 91
Trd, 4318268.193, 88
Trd, 4318269.193, 91
Trd, 4318269.243, 84
Trd, 4318272.243, 91
Trd, 4318273.043, 88
Trd, 4318274.993, 94
Trd, 4318276.243, 86
Trd, 4318276.493, 95
Trd, 4318276.993, 99
Trd, 4318277.993, 95
Trd, 4318278.843, 93
Trd, 4318279.143, 96
Trd, 4318282.393, 95
Trd, 4318282.743, 92
Trd, 4318285.093, 94
Trd, 4318285.393, 91
Trd, 4318285.643, 95
Trd, 4318287.243, 92
Trd, 4318287.343, 102
Trd, 4318289.343, 96
Trd, 4318289.393, 92
Trd, 4318289.593, 104
Trd, 4318290.393, 97
Trd, 4318293.993, 91
Trd, 4318294.293, 86
Trd, 4318294.493, 94
Trd, 4318296.293, 93
Trd, 4318296.643, 94
Trd, 4318298.343, 94
Trd, 4318298.743, 94
Trd, 4318301.743, 91
Trd, 4318302.243, 92
Trd, 4318302.943, 95
Trd, 4318304.643, 95
Trd, 4318305.993, 96
Trd, 4318307.443, 91
Trd, 4318308.143, 90
Trd, 4318308.793, 85
Trd, 4318310.993, 88
Trd, 4318311.643, 89
Trd, 4318312.793, 95
Trd, 4318313.293, 104
Trd, 4318315.543, 96
Trd, 4318315.643, 88
Trd, 4318316.643, 85
Trd, 4318317.843, 87
Trd, 4318319.693, 89
Trd, 4318321.693, 89
Trd, 4318321.943, 96
Trd, 4318322.443, 87
Trd, 4318323.543, 86
Trd, 4318325.293, 90
Trd, 4318325.493, 85
Trd, 4318325.693, 103
Trd, 4318327.193, 95
Trd, 4318329.543, 91
Trd, 4318330.293, 90
Trd, 4318330.443, 95
Trd, 4318331.543, 104
Trd, 4318335.493, 97
Trd, 4318335.843, 96
Trd, 4318335.943, 93
Trd, 4318337.693, 92
Trd, 4318338.743, 91
Trd, 4318340.843, 95
Trd, 4318342.443, 95
Trd, 4318342.943, 92
Trd, 4318344.993, 91
Trd, 4318347.043, 96
Trd, 4318348.193, 93
Trd, 4318348.343, 91
Trd, 4318348.943, 92
Trd, 4318349.143, 93
Trd, 4318349.293, 104
Trd, 4318350.593, 112
Trd, 4318353.843, 93
Trd, 4318353.943, 83
Trd, 4318355.043, 95
Trd, 4318355.293, 90
Trd, 4318358.143, 95
Trd, 4318359.393, 96
Trd, 4318360.043, 96
Trd, 4318361.543, 96
Trd, 4318363.743, 98
Trd, 4318364.693, 99
Trd, 4318365.143, 94
Trd, 4318366.493, 96
Trd, 4318368.393, 97
Trd, 4318368.493, 104
Trd, 4318369.843, 100
Trd, 4318371.943, 100
Trd, 4318372.243, 96
Trd, 4318374.043, 89
Trd, 4318374.293, 95
Trd, 4318374.843, 96
Trd, 4318376.743, 93
Trd, 4318377.943, 87
Trd, 4318380.543, 94
Trd, 4318381.543, 93
Trd, 4318382.393, 95
Trd, 4318383.043, 92
Trd, 4318383.143, 91
Trd, 4318383.643, 93
Trd, 4318385.493, 94
Trd, 4318385.643, 113
Trd, 4318388.143, 91
Trd, 4318390.243, 92
Trd, 4318391.043, 89
Trd, 4318391.693, 92
Trd, 4318392.843, 91
Trd, 4318397.443, 88
Trd, 4318397.743, 95
Trd, 4318398.043, 91
Trd, 4318398.343, 92
Trd, 4318399.443, 88
Trd, 4318400.743, 106
Trd, 4318401.343, 90
Trd, 4318402.093, 85
Trd, 4318402.843, 113
Trd, 4318405.043, 97
Trd, 4318405.393, 99
Trd, 4318406.593, 99
Trd, 4318407.993, 95
Trd, 4318409.193, 97
Trd, 4318409.393, 92
Trd, 4318410.643, 97
Trd, 4318411.143, 94
Trd, 4318413.843, 93
Trd, 4318414.043, 95
Trd, 4318414.443, 95
Trd, 4318416.993, 94
Trd, 4318418.793, 94
Trd, 4318419.643, 93
Trd, 4318419.693, 95
Trd, 4318420.593, 92
Trd, 4318421.643, 104
Trd, 4318422.193, 85
Trd, 4318423.593, 96
Trd, 4318425.193, 95
Trd, 4318426.293, 94
Trd, 4318428.293, 103
Trd, 4318428.593, 99
Trd, 4318430.343, 98
Trd, 4318431.143, 98
Trd, 4318431.693, 93
Trd, 4318432.593, 94
Trd, 4318433.893, 104
Trd, 4318433.943, 92
Trd, 4318434.343, 113
Trd, 4318436.943, 123
Trd, 4318437.093, 122
Trd, 4318438.493, 93
Trd, 4318439.643, 106
Trd, 4318440.193, 105
Trd, 4318440.243, 84
Trd, 4318442.143, 99
Trd, 4318442.593, 87
Trd, 4318444.843, 96
Trd, 4318445.193, 96
Trd, 4318447.493, 96
Trd, 4318447.593, 95
Trd, 4318448.093, 97
Trd, 4318448.393, 104
Trd, 4318448.743, 95
Trd, 4318450.393, 95
Trd, 4318452.193, 86
Trd, 4318452.893, 104
Trd, 4318454.143, 104
Trd, 4318456.643, 86
Trd, 4318457.343, 85
Trd, 4318458.793, 85
Trd, 4318459.293, 87
Trd, 4318459.993, 95
Trd, 4318461.243, 87
Trd, 4318462.393, 104
Trd, 4318462.993, 114
Trd, 4318466.093, 95
Trd, 4318466.443, 87
Trd, 4318468.443, 95
Trd, 4318468.643, 95
Trd, 4318468.843, 104
Trd, 4318470.093, 86
Trd, 4318473.193, 86
Trd, 4318473.393, 89
Trd, 4318473.493, 94
Trd, 4318475.593, 95
Trd, 4318477.293, 88
Trd, 4318478.293, 85
Trd, 4318479.443, 86
Trd, 4318479.693, 85
Trd, 4318480.243, 95
Trd, 4318480.793, 104
Trd, 4318482.993, 99
Trd, 4318483.343, 91
Trd, 4318484.493, 95
Trd, 4318486.693, 95
Trd, 4318487.143, 95
Trd, 4318488.593, 95
Trd, 4318489.893, 94
Trd, 4318491.593, 96
Trd, 4318491.693, 94
Trd, 4318493.643, 97
Trd, 4318495.393, 95
Trd, 4318495.993, 103
Trd, 4318496.293, 104
Trd, 4318496.743, 102
Trd, 4318497.393, 99
Trd, 4318498.743, 86
Trd, 4318498.843, 93
Trd, 4318501.443, 94
Trd, 4318502.443, 88
Trd, 4318503.643, 96
Trd, 4318504.693, 94
Trd, 4318504.893, 92
Trd, 4318505.143, 96
Trd, 4318505.293, 104
Trd, 4318509.043, 94
Trd, 4318509.943, 93
Trd, 4318510.743, 95
Trd, 4318511.593, 91
Trd, 4318511.743, 90
Trd, 4318512.293, 83
Trd, 4318514.093, 95
Trd, 4318515.143, 104
Trd, 4318515.743, 94
Trd, 4318519.343, 101
Trd, 4318520.743, 100
Trd, 4318520.893, 104
Trd, 4318521.593, 101
Trd, 4318521.793, 111
Trd, 4318522.043, 93
Trd, 4318522.843, 113
Trd, 4318526.093, 87
Trd, 4318526.543, 95
Trd, 4318527.593, 92
Trd, 4318528.293, 93
Trd, 4318529.393, 95
Trd, 4318531.343, 94
Trd, 4318531.643, 94
Trd, 4318531.793, 113
Trd, 4318532.193, 97
Trd, 4318532.493, 93
Trd, 4318535.843, 88
Trd, 4318535.943, 92
Trd, 4318536.443, 93
Trd, 4318537.093, 91
Trd, 4318539.993, 91
Trd, 4318541.193, 94
Trd, 4318541.693, 90
Trd, 4318541.943, 95
Trd, 4318544.793, 93
Trd, 4318544.893, 92
Trd, 4318546.443, 95
Trd, 4318546.893, 93
Trd, 4318549.693, 95
Trd, 4318549.893, 94
Trd, 4318549.993, 96
Trd, 4318551.093, 94
Trd, 4318551.993, 101
Trd, 4318552.193, 113
Trd, 4318554.593, 104
Trd, 4318555.643, 93
Trd, 4318556.343, 94
Trd, 4318556.643, 96
Trd, 4318557.593, 93
Trd, 4318560.543, 87
Trd, 4318560.843, 89
Trd, 4318561.493, 96
Trd, 4318563.043, 98
Trd, 4318563.443, 101
Trd, 4318564.143, 90
Trd, 4318564.993, 85
Trd, 4318565.293, 103
Trd, 4318568.043, 92
Trd, 4318569.293, 93
Trd, 4318569.843, 92
Trd, 4318570.193, 99
Trd, 4318570.543, 104
Trd, 4318570.993, 112
Trd, 4318574.793, 94
Trd, 4318575.993, 99
Trd, 4318578.293, 94
Trd, 4318578.443, 96
Trd, 4318579.493, 94
Trd, 4318579.693, 97
Trd, 4318581.193, 86
Trd, 4318581.643, 90
Trd, 4318585.893, 100
Trd, 4318587.493, 95
Trd, 4318588.243, 95
Trd, 4318589.043, 98
Trd, 4318589.243, 93
Trd, 4318590.293, 93
Trd, 4318590.593, 104
Trd, 4318591.393, 93
Trd, 4318594.193, 93
Trd, 4318594.793, 92
Trd, 4318595.643, 92
Trd, 4318596.393, 95
Trd, 4318598.243, 95
Trd, 4318598.543, 91
Trd, 4318599.293, 84
Trd, 4318601.593, 86
Trd, 4318601.943, 88
Trd, 4318603.593, 87
Trd, 4318604.143, 95
Trd, 4318607.643, 104
Trd, 4318607.793, 99
Trd, 4318608.043, 97
Trd, 4318608.243, 94
Trd, 4318609.193, 86
Trd, 4318609.243, 94
Trd, 4318609.743, 92
Trd, 4318610.193, 83
Trd, 4318612.093, 113
Trd, 4318613.393, 105
Trd, 4318615.693, 91
Trd, 4318615.943, 92
Trd, 4318616.443, 95
Trd, 4318618.643, 95
Trd, 4318619.043, 96
Trd, 4318619.793, 105
Trd, 4318620.443, 93
Trd, 4318623.893, 95
Trd, 4318625.543, 95
Trd, 4318626.243, 95
Trd, 4318626.293, 94
Trd, 4318627.843, 93
Trd, 4318629.893, 93
Trd, 4318630.843, 87
Trd, 4318631.543, 89
Trd, 4318632.643, 95
Trd, 4318633.343, 86
Trd, 4318634.293, 102
Trd, 4318634.743, 92
Trd, 4318635.793, 102
Trd, 4318637.843, 95
Trd, 4318638.743, 93
Trd, 4318639.343, 94
Trd, 4318639.443, 85
Trd, 4318639.593, 95
Trd, 4318641.043, 90
Trd, 4318641.143, 91
Trd, 4318645.543, 94
Trd, 4318645.993, 95
Trd, 4318646.843, 90
Trd, 4318647.993, 103
Trd, 4318649.693, 93
Trd, 4318650.493, 99
Trd, 4318650.593, 94
Trd, 4318651.293, 96
Trd, 4318653.643, 103
Trd, 4318654.793, 96
Trd, 4318656.793, 97
Trd, 4318657.193, 100
Trd, 4318657.643, 104
Trd, 4318659.793, 96
Trd, 4318662.993, 95
Trd, 4318663.093, 94
Trd, 4318663.193, 97
Trd, 4318664.643, 97
Trd, 4318665.943, 95
Trd, 4318666.493, 94
Trd, 4318668.393, 94
Trd, 4318669.543, 95
Trd, 4318670.143, 94
Trd, 4318670.893, 94
Trd, 4318671.643, 104
Trd, 4318672.243, 96
Trd, 4318672.993, 95
Trd, 4318673.193, 113
Trd, 4318676.843, 94
Trd, 4318677.093, 97
Trd, 4318678.543, 95
Trd, 4318679.143, 98
Trd, 4318681.843, 83
Trd, 4318683.143, 94
Trd, 4318683.593, 94
Trd, 4318684.643, 95
Trd, 4318684.693, 104
Trd, 4318685.643, 93
Trd, 4318686.443, 96
Trd, 4318686.943, 92
Trd, 4318687.793, 92
Trd, 4318689.143, 98
Trd, 4318692.143, 92
Trd, 4318694.893, 93
Trd, 4318695.243, 91
Trd, 4318695.693, 96
Trd, 4318697.893, 94
Trd, 4318699.293, 90
Trd, 4318700.593, 91
Trd, 4318701.393, 93
Trd, 4318701.443, 104
Trd, 4318704.143, 94
Trd, 4318704.743, 94
Trd, 4318705.443, 92
Trd, 4318707.243, 93
Trd, 4318708.493, 87
Trd, 4318708.593, 86
Trd, 4318708.843, 104
Trd, 4318709.443, 96
Trd, 4318711.643, 88
Trd, 4318713.243, 88
Trd, 4318713.943, 87
Trd, 4318714.443, 88
Trd, 4318714.693, 104
Trd, 4318715.393, 113
Trd, 4318715.693, 85
Trd, 4318718.943, 98
Trd, 4318718.993, 99
Trd, 4318719.793, 107
Trd, 4318721.243, 98
Trd, 4318723.143, 97
Trd, 4318723.443, 100
Trd, 4318725.443, 97
Trd, 4318725.643, 100
Trd, 4318727.993, 94
Trd, 4318729.593, 100
Trd, 4318729.693, 100
Trd, 4318729.943, 97
Trd, 4318730.593, 104
Trd, 4318732.293, 96
Trd, 4318734.243, 87
Trd, 4318734.743, 97
Trd, 4318735.143, 113
Trd, 4318736.793, 98
Trd, 4318738.743, 98
Trd, 4318739.593, 98
Trd, 4318740.693, 99
Trd, 4318740.843, 93
Trd, 4318743.193, 77
Trd, 4318744.243, 95
Trd, 4318744.293, 96
Trd, 4318746.443, 93
Trd, 4318747.193, 92
Trd, 4318749.143, 103
Trd, 4318750.093, 90
Trd, 4318751.043, 92
Trd, 4318752.993, 95
Trd, 4318754.343, 91
Trd, 4318754.593, 90
Trd, 4318755.943, 94
Trd, 4318759.543, 94
Trd, 4318760.443, 95
Trd, 4318760.643, 90
Trd, 4318761.543, 102
Trd, 4318761.943, 85
Trd, 4318763.093, 103
Trd, 4318763.393, 113
Trd, 4318765.493, 90
Trd, 4318766.793, 89
Trd, 4318767.343, 88
Trd, 4318769.243, 95
Trd, 4318769.593, 91
Trd, 4318770.193, 95
Trd, 4318771.843, 106
Trd, 4318774.643, 96
Trd, 4318774.893, 92
Trd, 4318776.293, 96
Trd, 4318776.943, 100
Trd, 4318777.393, 101
Trd, 4318779.843, 97
Trd, 4318781.493, 95
Trd, 4318781.843, 99
Trd, 4318782.193, 100
Trd, 4318782.443, 94
Trd, 4318784.493, 94
Trd, 4318784.893, 104
Trd, 4318787.443, 98
Trd, 4318787.893, 97
Trd, 4318788.293, 98
Trd, 4318790.643, 98
Trd, 4318791.943, 86
Trd, 4318792.143, 92
Trd, 4318793.193, 85
Trd, 4318793.793, 89
Trd, 4318795.743, 92
Trd, 4318796.593, 94
Trd, 4318798.543, 95
Trd, 4318801.143, 93
Trd, 4318801.893, 92
Trd, 4318802.693, 90
Trd, 4318805.843, 90
Trd, 4318807.093, 90
Trd, 4318808.243, 90
Trd, 4318808.493, 91
Trd, 4318809.093, 89
Trd, 4318809.493, 89
Trd, 4318813.093, 95
Trd, 4318814.543, 89
Trd, 4318814.893, 88
Trd, 4318815.543, 93
Trd, 4318816.843, 90
Trd, 4318817.443, 95
Trd, 4318817.743, 104
Trd, 4318818.593, 113
Trd, 4318821.943, 90
Trd, 4318822.543, 94
Trd, 4318822.843, 103
Trd, 4318823.293, 89
Trd, 4318827.993, 93
Trd, 4318828.443, 95
Trd, 4318831.543, 94
Trd, 4318831.843, 94
Trd, 4318832.043, 95
Trd, 4318832.193, 92
Trd, 4318833.743, 95
Trd, 4318834.693, 92
Trd, 4318835.393, 104
Trd, 4318836.043, 93
Trd, 4318837.843, 112
Trd, 4318838.843, 104
Trd, 4318839.243, 94
Trd, 4318840.593, 104
Trd, 4318841.943, 100
Trd, 4318843.793, 99
Trd, 4318844.893, 85
Trd, 4318845.193, 94
Trd, 4318846.293, 92
Trd, 4318846.743, 91
Trd, 4318846.993, 95
Trd, 4318848.843, 93
Trd, 4318848.943, 104
Trd, 4318851.393, 89
Trd, 4318852.593, 87
Trd, 4318854.143, 92
Trd, 4318855.393, 95
Trd, 4318856.193, 93
Trd, 4318856.643, 104
Trd, 4318856.843, 91
Trd, 4318857.093, 90
Trd, 4318858.143, 98
Trd, 4318861.393, 94
Trd, 4318862.193, 95
Trd, 4318862.993, 91
Trd, 4318863.393, 91
Trd, 4318864.843, 95
Trd, 4318867.593, 94
Trd, 4318867.993, 90
Trd, 4318869.543, 89
Trd, 4318871.243, 89
Trd, 4318872.443, 88
Trd, 4318873.393, 89
Trd, 4318874.543, 95
Trd, 4318876.543, 81
Trd, 4318877.393, 83
Trd, 4318877.893, 88
Trd, 4318878.743, 95
Trd, 4318880.543, 86
Trd, 4318880.893, 86
Trd, 4318882.043, 87
Trd, 4318882.943, 87
Trd, 4318885.243, 84
Trd, 4318887.493, 87
Trd, 4318888.093, 87
Trd, 4318888.693, 88
Trd, 4318890.193, 93
Trd, 4318891.593, 86
Trd, 4318892.343, 85
Trd, 4318895.743, 89
Trd, 4318895.943, 95
Trd, 4318897.993, 87
Trd, 4318899.843, 97
Trd, 4318900.093, 87
Trd, 4318900.793, 85
Trd, 4318903.343, 103
Trd, 4318904.643, 88
Trd, 4318905.993, 94
Trd, 4318909.093, 93
Trd, 4318909.493, 90
Trd, 4318909.693, 93
Trd, 4318910.093, 95
Trd, 4318911.393, 104
Trd, 4318911.443, 88
Trd, 4318913.843, 90
Trd, 4318914.743, 90
Trd, 4318914.943, 88
Trd, 4318915.993, 95
Trd, 4318916.493, 91
Trd, 4318916.743, 85
Trd, 4318916.993, 104
Trd, 4318920.593, 88
Trd, 4318922.393, 89
Trd, 4318922.743, 90
Trd, 4318923.593, 88
Trd, 4318924.493, 95
Trd, 4318925.243, 101
Trd, 4318927.193, 88
Trd, 4318927.493, 94
Trd, 4318929.493, 93
Trd, 4318929.593, 94
Trd, 4318930.543, 90
Trd, 4318930.793, 95
Trd, 4318930.843, 95
Trd, 4318931.943, 104
Trd, 4318937.293, 91
Trd, 4318937.793, 92
Trd, 4318938.143, 95
Trd, 4318939.093, 91
Trd, 4318939.543, 94
Trd, 4318940.243, 95
Trd, 4318940.343, 91
Trd, 4318940.843, 94
Trd, 4318942.093, 90
Trd, 4318944.393, 90
Trd, 4318945.443, 87
Trd, 4318947.393, 87
Trd, 4318947.843, 87
Trd, 4318948.143, 89
Trd, 4318948.593, 104
Trd, 4318951.793, 94
Trd, 4318952.743, 95
Trd, 4318953.043, 88
Trd, 4318954.043, 78
Trd, 4318955.593, 104
Trd, 4318956.243, 101
Trd, 4318956.443, 100
Trd, 4318956.693, 94
Trd, 4318959.393, 97
Trd, 4318959.993, 93
Trd, 4318961.143, 94
Trd, 4318962.693, 95
Trd, 4318963.343, 97
Trd, 4318965.243, 94
Trd, 4318965.843, 98
Trd, 4318967.943, 97
Trd, 4318968.593, 93
Trd, 4318969.693, 95
Trd, 4318970.943, 95
Trd, 4318972.243, 94
Trd, 4318973.293, 95
Trd, 4318973.743, 93
Trd, 4318975.943, 93
Trd, 4318977.193, 96
Trd, 4318978.743, 102
Trd, 4318978.993, 98
Trd, 4318980.693, 96
Trd, 4318981.743, 94
Trd, 4318982.993, 97
Trd, 4318984.643, 96
Trd, 4318985.043, 86
Trd, 4318985.293, 87
Trd, 4318986.343, 90
Trd, 4318986.793, 90
Trd, 4318986.943, 95
Trd, 4318988.993, 93
Trd, 4318991.043, 95
Trd, 4318992.093, 90
Trd, 4318992.593, 93
Trd, 4318994.693, 89
Trd, 4318994.943, 93
Trd, 4318997.593, 93
Trd, 4318998.343, 89
Trd, 4318998.493, 95
Trd, 4318999.293, 104
Trd, 4319001.543, 86
Trd, 4319002.093, 87
Trd, 4319002.693, 96
Trd, 4319003.193, 90
Trd, 4319004.393, 89
Trd, 4319006.093, 87
Trd, 4319007.043, 95
Trd, 4319007.243, 95
Trd, 4319007.443, 85
Trd, 4319011.343, 89
Trd, 4319012.293, 90
Trd, 4319013.693, 89
Trd, 4319014.293, 90
Trd, 4319014.443, 87
Trd, 4319015.943, 90
Trd, 4319016.593, 95
Trd, 4319017.643, 93
Trd, 4319020.093, 97
Trd, 4319020.893, 103
Trd, 4319022.643, 83
Trd, 4319023.643, 89
Trd, 4319024.843, 90
Trd, 4319026.193, 90
Trd, 4319028.143, 88
Trd, 4319028.593, 87
Trd, 4319029.743, 94
Trd, 4319030.043, 85
Trd, 4319032.693, 88
Trd, 4319032.893, 90
Trd, 4319036.493, 90
Trd, 4319037.193, 89
Trd, 4319037.993, 89
Trd, 4319039.693, 90
Trd, 4319041.943, 91
Trd, 4319042.093, 89
Trd, 4319042.393, 95
Trd, 4319044.093, 104
Trd, 4319046.193, 88
Trd, 4319046.293, 85
Trd, 4319048.143, 89
Trd, 4319048.543, 90
Trd, 4319049.343, 88
Trd, 4319049.593, 94
Trd, 4319050.743, 91
Trd, 4319051.293, 91
Trd, 4319052.893, 88
Trd, 4319054.043, 95
Trd, 4319054.593, 113
Trd, 4319054.943, 94
Trd, 4319059.543, 96
Trd, 4319059.943, 95
Trd, 4319061.343, 96
Trd, 4319061.993, 93
Trd, 4319063.143, 94
Trd, 4319063.343, 96
Trd, 4319065.343, 93
Trd, 4319066.043, 112
Trd, 4319066.193, 93
Trd, 4319069.443, 105
Trd, 4319069.843, 113
Trd, 4319070.493, 85
Trd, 4319071.693, 91
Trd, 4319074.543, 95
Trd, 4319074.893, 95
Trd, 4319075.343, 97
Trd, 4319076.293, 93
Trd, 4319077.793, 104
Trd, 4319078.843, 96
Trd, 4319079.043, 97
Trd, 4319080.693, 99
Trd, 4319081.093, 97
Trd, 4319082.493, 85
Trd, 4319082.743, 125
Trd, 4319083.943, 92
Trd, 4319085.043, 95
Trd, 4319086.743, 91
Trd, 4319087.343, 95
Trd, 4319088.093, 85
Trd, 4319090.143, 93
Trd, 4319090.493, 105
Trd, 4319093.443, 96
Trd, 4319093.643, 99
Trd, 4319094.093, 112
Trd, 4319095.643, 106
Trd, 4319096.493, 105
Trd, 4319098.443, 104
Trd, 4319099.043, 105
Trd, 4319100.393, 95
Trd, 4319102.943, 100
Trd, 4319103.093, 103
Trd, 4319103.893, 94
Trd, 4319104.993, 102
Trd, 4319105.393, 101
Trd, 4319107.393, 101
Trd, 4319109.293, 104
Trd, 4319110.843, 101
Trd, 4319112.043, 102
Trd, 4319113.793, 100
Trd, 4319115.093, 100
Trd, 4319115.193, 94
Trd, 4319116.143, 89
Trd, 4319116.893, 96
Trd, 4319118.993, 94
Trd, 4319120.093, 94
Trd, 4319120.943, 94
Trd, 4319121.843, 91
Trd, 4319123.293, 95
Trd, 4319124.543, 92
Trd, 4319124.893, 104
Trd, 4319128.093, 95
Trd, 4319128.943, 96
Trd, 4319129.643, 95
Trd, 4319131.143, 93
Trd, 4319131.443, 93
Trd, 4319132.043, 94
Trd, 4319132.743, 95
Trd, 4319133.343, 87
Trd, 4319134.643, 93
Trd, 4319135.593, 97
Trd, 4319137.543, 93
Trd, 4319138.743, 102
Trd, 4319139.843, 114
Trd, 4319140.043, 106
Trd, 4319142.593, 85
Trd, 4319142.793, 90
Trd, 4319142.993, 92
Trd, 4319143.693, 95
Trd, 4319145.293, 113
Trd, 4319146.293, 98
Trd, 4319147.093, 98
Trd, 4319147.843, 95
Trd, 4319147.893, 108
Trd, 4319149.643, 86
Trd, 4319150.443, 84
Trd, 4319151.993, 84
Trd, 4319153.443, 85
Trd, 4319153.743, 86
Trd, 4319154.893, 95
Trd, 4319157.493, 84
Trd, 4319158.593, 86
Trd, 4319159.943, 86
Trd, 4319160.193, 104
Trd, 4319160.343, 88
Trd, 4319162.343, 88
Trd, 4319164.543, 92
Trd, 4319165.093, 95
Trd, 4319165.693, 95
Trd, 4319166.293, 90
Trd, 4319167.193, 100
Trd, 4319167.693, 93
Trd, 4319170.393, 92
Trd, 4319172.493, 91
Trd, 4319172.893, 95
Trd, 4319174.393, 94
Trd, 4319175.393, 93
Trd, 4319176.643, 90
Trd, 4319177.143, 104
Trd, 4319177.643, 96
Trd, 4319177.993, 125
Trd, 4319179.643, 105
Trd, 4319183.243, 95
Trd, 4319184.143, 95
Trd, 4319184.843, 100
Trd, 4319186.993, 95
Trd, 4319188.593, 98
Trd, 4319188.843, 95
Trd, 4319189.743, 98
Trd, 4319191.293, 98
Trd, 4319191.343, 104
Trd, 4319191.943, 94
Trd, 4319193.343, 102
Trd, 4319194.143, 112
Trd, 4319194.893, 96
Trd, 4319196.443, 106
Trd, 4319197.893, 106
Trd, 4319199.543, 100
Trd, 4319200.993, 100
Trd, 4319201.793, 101
Trd, 4319202.293, 99
Trd, 4319204.043, 96
Trd, 4319204.243, 94
Trd, 4319204.393, 101
Trd, 4319206.293, 94
Trd, 4319208.093, 99
Trd, 4319208.743, 88
Trd, 4319209.493, 104
Trd, 4319211.743, 94
Trd, 4319212.893, 94
Trd, 4319213.693, 93
Trd, 4319214.943, 92
Trd, 4319215.093, 94
Trd, 4319215.993, 91
Trd, 4319216.243, 95
Trd, 4319217.743, 95
Trd, 4319219.243, 90
Trd, 4319220.793, 87
Trd, 4319221.443, 90
Trd, 4319223.093, 113
Trd, 4319223.243, 125
Trd, 4319223.793, 89
Trd, 4319226.343, 94
Trd, 4319227.143, 100
Trd, 4319227.593, 104
Trd, 4319229.643, 93
Trd, 4319231.393, 98
Trd, 4319232.043, 92
Trd, 4319233.243, 98
Trd, 4319235.393, 92
Trd, 4319235.993, 92
Trd, 4319239.093, 93
Trd, 4319239.693, 95
Trd, 4319240.193, 92
Trd, 4319241.093, 96
Trd, 4319241.343, 97
Trd, 4319243.793, 80
Trd, 4319245.143, 94
Trd, 4319245.643, 93
Trd, 4319248.643, 94
Trd, 4319249.343, 91
Trd, 4319249.793, 94
Trd, 4319251.343, 95
Trd, 4319251.743, 104
Trd, 4319252.393, 90
Trd, 4319255.293, 97
Trd, 4319255.943, 96
Trd, 4319257.493, 95
Trd, 4319258.543, 95
Trd, 4319259.793, 81
Trd, 4319261.993, 95
Trd, 4319262.343, 91
Trd, 4319262.943, 91
Trd, 4319264.093, 90
Trd, 4319265.493, 91
Trd, 4319265.543, 95
Trd, 4319266.343, 104
Trd, 4319267.643, 97
Trd, 4319269.243, 90
Trd, 4319270.643, 95
Trd, 4319271.943, 97
Trd, 4319272.643, 94
Trd, 4319275.293, 94
Trd, 4319276.143, 95
Trd, 4319276.743, 96
Trd, 4319277.343, 95
Trd, 4319278.443, 115
Trd, 4319279.143, 93
Trd, 4319279.643, 96
Trd, 4319279.993, 95
Trd, 4319281.243, 96
Trd, 4319281.693, 93
Trd, 4319283.843, 103
Trd, 4319285.643, 96
Trd, 4319286.893, 96
Trd, 4319287.443, 83
Trd, 4319287.993, 97
Trd, 4319289.493, 104
Trd, 4319290.143, 95
Trd, 4319290.893, 97
Trd, 4319292.093, 94
Trd, 4319292.143, 94
Trd, 4319292.743, 82
Trd, 4319295.693, 91
Trd, 4319296.443, 93
Trd, 4319296.693, 95
Trd, 4319297.093, 92
Trd, 4319298.693, 95
Trd, 4319299.443, 113
Trd, 4319301.743, 97
Trd, 4319302.393, 93
Trd, 4319302.793, 95
Trd, 4319304.793, 97
Trd, 4319305.843, 98
Trd, 4319306.993, 98
Trd, 4319307.443, 92
Trd, 4319308.193, 102
Trd, 4319310.393, 96
Trd, 4319311.593, 96
Trd, 4319314.143, 96
Trd, 4319315.443, 96
Trd, 4319316.093, 97
Trd, 4319316.343, 95
Trd, 4319317.593, 97
Trd, 4319318.093, 95
Trd, 4319318.543, 94
Trd, 4319318.643, 104
Trd, 4319319.593, 124
Trd, 4319321.343, 109
Trd, 4319322.793, 98
Trd, 4319323.393, 95
Trd, 4319323.693, 98
Trd, 4319324.143, 106
Trd, 4319329.593, 99
Trd, 4319329.743, 98
Trd, 4319331.143, 99
Trd, 4319331.293, 99
Trd, 4319331.443, 97
Trd, 4319332.443, 94
Trd, 4319334.793, 96
Trd, 4319336.693, 97
Trd, 4319337.093, 97
Trd, 4319339.243, 97
Trd, 4319340.143, 97
Trd, 4319341.543, 105
Trd, 4319342.493, 97
Trd, 4319343.843, 99
Trd, 4319344.343, 97
Trd, 4319346.643, 94
Trd, 4319346.943, 98
Trd, 4319348.243, 104
Trd, 4319348.543, 94
Trd, 4319349.243, 93
Trd, 4319353.393, 86
Trd, 4319353.493, 88
Trd, 4319353.793, 95
Trd, 4319355.393, 91
Trd, 4319356.293, 95
Trd, 4319357.743, 85
Trd, 4319357.943, 88
Trd, 4319359.893, 92
Trd, 4319360.143, 88
Trd, 4319361.443, 91
Trd, 4319364.193, 93
Trd, 4319365.543, 93
Trd, 4319366.643, 90
Trd, 4319366.943, 94
Trd, 4319370.293, 93
Trd, 4319370.443, 92
Trd, 4319370.793, 94
Trd, 4319373.943, 95
Trd, 4319374.593, 104
Trd, 4319375.043, 99
Trd, 4319376.043, 98
Trd, 4319376.243, 106
Trd, 4319379.093, 94
Trd, 4319379.243, 102
Trd, 4319381.843, 86
Trd, 4319381.893, 81
Trd, 4319382.093, 89
Trd, 4319384.543, 88
Trd, 4319384.593, 90
Trd, 4319385.793, 94
Trd, 4319386.693, 95
Trd, 4319387.443, 89
Trd, 4319388.643, 91
Trd, 4319390.143, 93
Trd, 4319390.693, 92
Trd, 4319392.143, 94
Trd, 4319393.643, 95
Trd, 4319395.443, 101
Trd, 4319397.043, 104
Trd, 4319398.443, 92
Trd, 4319399.793, 92
Trd, 4319401.193, 91
Trd, 4319401.643, 84
Trd, 4319401.793, 94
Trd, 4319403.843, 89
Trd, 4319405.893, 88
Trd, 4319406.093, 88
Trd, 4319407.743, 87
Trd, 4319407.843, 85
Trd, 4319409.593, 95
Trd, 4319410.543, 104
Trd, 4319411.143, 113
Trd, 4319412.693, 89
Trd, 4319412.993, 90
Trd, 4319415.543, 95
Trd, 4319415.793, 95
Trd, 4319417.943, 92
Trd, 4319418.693, 90
Trd, 4319419.393, 89
Trd, 4319420.743, 90
Trd, 4319420.993, 92
Trd, 4319423.093, 90
Trd, 4319424.643, 92
Trd, 4319425.093, 91
Trd, 4319426.593, 92
Trd, 4319428.493, 92
Trd, 4319429.893, 93
Trd, 4319431.043, 93
Trd, 4319431.693, 104
Trd, 4319432.993, 95
Trd, 4319433.093, 96
Trd, 4319433.843, 93
Trd, 4319434.743, 93
Trd, 4319435.443, 104
Trd, 4319437.543, 96
Trd, 4319438.343, 113
Trd, 4319439.293, 101
Trd, 4319439.543, 99
Trd, 4319440.443, 92
Trd, 4319440.643, 86
Trd, 4319441.643, 99
Trd, 4319443.843, 90
Trd, 4319445.643, 96
Trd, 4319446.193, 95
Trd, 4319446.393, 104
Trd, 4319446.743, 113
Trd, 4319448.843, 87
Trd, 4319450.093, 90
Trd, 4319450.843, 101
Trd, 4319452.793, 97
Trd, 4319453.843, 93
Trd, 4319455.093, 97
Trd, 4319456.493, 93
Trd, 4319456.643, 96
Trd, 4319457.693, 97
Trd, 4319460.193, 92
Trd, 4319461.043, 87
Trd, 4319462.293, 97
Trd, 4319463.393, 96
Trd, 4319463.943, 100
Trd, 4319465.143, 92
Trd, 4319465.243, 91
Trd, 4319465.743, 90
Trd, 4319468.093, 104
Trd, 4319468.193, 89
Trd, 4319471.943, 99
Trd, 4319472.543, 97
Trd, 4319472.643, 102
Trd, 4319472.893, 104
Trd, 4319474.893, 96
Trd, 4319475.243, 87
Trd, 4319477.143, 95
Trd, 4319479.143, 94
Trd, 4319479.843, 93
Trd, 4319479.893, 96
Trd, 4319480.443, 96
Trd, 4319481.093, 103
Trd, 4319484.843, 92
Trd, 4319485.243, 104
Trd, 4319485.693, 113
Trd, 4319486.443, 92
Trd, 4319486.993, 99
Trd, 4319488.743, 98
Trd, 4319489.643, 93
Trd, 4319490.043, 92
Trd, 4319492.293, 104
Trd, 4319493.293, 96
Trd, 4319494.343, 104
Trd, 4319494.843, 95
Trd, 4319499.993, 93
Trd, 4319500.243, 93
Trd, 4319500.993, 86
Trd, 4319501.643, 94
Trd, 4319502.843, 95
Trd, 4319503.193, 92
Trd, 4319505.093, 95
Trd, 4319505.243, 96
Trd, 4319505.643, 104
Trd, 4319506.343, 104
Trd, 4319507.243, 85
Trd, 4319508.193, 113
Trd, 4319508.743, 98
Trd, 4319510.893, 81
Trd, 4319511.393, 90
Trd, 4319512.943, 93
Trd, 4319513.443, 86
Trd, 4319513.543, 113
Trd, 4319515.043, 106
Trd, 4319519.693, 96
Trd, 4319520.443, 96
Trd, 4319521.243, 93
Trd, 4319521.493, 93
Trd, 4319522.093, 96
Trd, 4319522.693, 97
Trd, 4319522.943, 104
Trd, 4319525.143, 95
Trd, 4319525.743, 97
Trd, 4319525.893, 98
Trd, 4319527.293, 94
Trd, 4319528.393, 103
Trd, 4319528.793, 104
Trd, 4319529.543, 113
Trd, 4319531.343, 93
Trd, 4319532.493, 102
Trd, 4319533.293, 93
Trd, 4319535.443, 97
Trd, 4319536.993, 102
Trd, 4319539.093, 102
Trd, 4319541.593, 97
Trd, 4319542.843, 100
Trd, 4319543.493, 83
Trd, 4319543.793, 93
Trd, 4319545.593, 92
Trd, 4319546.043, 99
Trd, 4319547.593, 96
Trd, 4319548.793, 95
Trd, 4319550.693, 95
Trd, 4319551.393, 93
Trd, 4319552.143, 93
Trd, 4319553.393, 92
Trd, 4319554.793, 93
Trd, 4319555.793, 91
Trd, 4319556.093, 95
Trd, 4319559.093, 90
Trd, 4319559.243, 88
Trd, 4319560.093, 89
Trd, 4319560.643, 88
Trd, 4319561.793, 95
Trd, 4319564.393, 94
Trd, 4319566.643, 93
Trd, 4319566.743, 89
Trd, 4319567.593, 95
Trd, 4319568.093, 94
Trd, 4319570.393, 100
Trd, 4319571.493, 94
Trd, 4319572.193, 92
Trd, 4319574.193, 94
Trd, 4319574.293, 93
Trd, 4319574.843, 85
Trd, 4319575.343, 94
Trd, 4319575.843, 95
Trd, 4319577.343, 94
Trd, 4319579.243, 93
Trd, 4319580.393, 95
Trd, 4319581.643, 94
Trd, 4319583.093, 94
Trd, 4319584.143, 86
Trd, 4319584.393, 91
Trd, 4319584.793, 83
Trd, 4319585.593, 88
Trd, 4319585.893, 95
Trd, 4319590.043, 95
Trd, 4319590.893, 94
Trd, 4319592.243, 103
Trd, 4319592.543, 104
Trd, 4319593.093, 93
Trd, 4319593.693, 85
Trd, 4319595.543, 97
Trd, 4319597.143, 104
Trd, 4319597.243, 91
Trd, 4319597.843, 99
Trd, 4319598.543, 99
Trd, 4319599.693, 94
Trd, 4319601.693, 94
Trd, 4319602.593, 97
Trd, 4319603.293, 93
Trd, 4319605.193, 97
Trd, 4319606.843, 98
Trd, 4319609.143, 101
Trd, 4319609.593, 98
Trd, 4319611.343, 100
Trd, 4319611.543, 101
Trd, 4319612.943, 104
Trd, 4319616.293, 101
Trd, 4319616.443, 94
Trd, 4319616.793, 101
Trd, 4319617.693, 104
Trd, 4319618.843, 106
Trd, 4319618.943, 102
Trd, 4319621.043, 101
Trd, 4319621.293, 105
Trd, 4319622.843, 103
Trd, 4319624.593, 96
Trd, 4319627.943, 100
Trd, 4319628.093, 101
Trd, 4319628.443, 101
Trd, 4319628.843, 96
Trd, 4319628.993, 94
Trd, 4319633.293, 101
Trd, 4319633.543, 101
Trd, 4319635.293, 102
Trd, 4319636.043, 99
Trd, 4319637.743, 101
Trd, 4319638.193, 102
Trd, 4319640.843, 103
Trd, 4319641.793, 99
Trd, 4319643.193, 102
Trd, 4319643.243, 100
Trd, 4319644.143, 102
Trd, 4319644.943, 98
Trd, 4319647.093, 94
Trd, 4319647.643, 87
Trd, 4319648.593, 93
Trd, 4319650.543, 93
Trd, 4319651.093, 102
Trd, 4319651.293, 99
Trd, 4319653.243, 89
Trd, 4319653.293, 104
Trd, 4319654.643, 125
Trd, 4319655.943, 92
Trd, 4319656.343, 100
Trd, 4319657.093, 104
Trd, 4319659.143, 93
Trd, 4319661.393, 95
Trd, 4319662.343, 103
Trd, 4319664.043, 94
Trd, 4319665.943, 100
Trd, 4319668.343, 94
Trd, 4319668.843, 100
Trd, 4319669.093, 94
Trd, 4319671.543, 94
Trd, 4319672.393, 100
Trd, 4319673.093, 100
Trd, 4319673.443, 94
Trd, 4319675.243, 103
Trd, 4319676.843, 94
Trd, 4319679.993, 97
Trd, 4319680.293, 98
Trd, 4319680.743, 84
Trd, 4319681.393, 98
Trd, 4319683.343, 104
Trd, 4319685.043, 99
Trd, 4319685.343, 97
Trd, 4319686.243, 96
Trd, 4319688.343, 95
Trd, 4319688.543, 84
Trd, 4319690.193, 95
Trd, 4319691.643, 95
Trd, 4319691.843, 97
Trd, 4319693.143, 97
Trd, 4319694.043, 94
Trd, 4319695.093, 96
Trd, 4319697.893, 97
Trd, 4319699.543, 96
Trd, 4319699.643, 96
Trd, 4319699.943, 104
Trd, 4319703.293, 95
Trd, 4319703.493, 94
Trd, 4319703.543, 96
Trd, 4319703.693, 99
Trd, 4319705.743, 94
Trd, 4319706.393, 93
Trd, 4319706.743, 98
Trd, 4319708.293, 97
Trd, 4319710.093, 104
Trd, 4319711.693, 96
Trd, 4319711.793, 105
Trd, 4319712.243, 95
Trd, 4319713.493, 102
Trd, 4319716.093, 78
Trd, 4319716.243, 96
Trd, 4319716.543, 90
Trd, 4319719.143, 95
Trd, 4319720.443, 94
Trd, 4319721.393, 95
Trd, 4319721.793, 91
Trd, 4319724.243, 88
Trd, 4319724.893, 89
Trd, 4319725.043, 94
Trd, 4319726.193, 105
Trd, 4319726.343, 113
Trd, 4319729.543, 85
Trd, 4319729.943, 98
Trd, 4319730.243, 97
Trd, 4319730.293, 88
Trd, 4319731.343, 87
Trd, 4319731.743, 96
Trd, 4319735.243, 91
Trd, 4319735.293, 87
Trd, 4319736.693, 92
Trd, 4319737.943, 88
Trd, 4319738.043, 95
Trd, 4319738.593, 87
Trd, 4319740.343, 92
Trd, 4319742.093, 90
Trd, 4319742.343, 92
Trd, 4319743.393, 87
Trd, 4319744.693, 95
Trd, 4319745.993, 95
Trd, 4319746.643, 97
Trd, 4319747.293, 85
Trd, 4319747.943, 86
Trd, 4319748.843, 101
Trd, 4319750.293, 104
Trd, 4319752.243, 94
Trd, 4319752.693, 92
Trd, 4319753.393, 91
Trd, 4319755.243, 91
Trd, 4319756.443, 92
Trd, 4319756.793, 91
Trd, 4319756.943, 93
Trd, 4319757.693, 95
Trd, 4319757.843, 113
Trd, 4319759.393, 97
Trd, 4319762.143, 98
Trd, 4319762.643, 94
Trd, 4319762.993, 98
Trd, 4319765.343, 102
Trd, 4319766.243, 95
Trd, 4319769.593, 95
Trd, 4319770.143, 110
Trd, 4319771.093, 94
Trd, 4319771.343, 93
Trd, 4319772.493, 101
Trd, 4319774.943, 93
Trd, 4319775.893, 93
Trd, 4319776.143, 95
Trd, 4319776.243, 83
Trd, 4319776.843, 85
Trd, 4319777.343, 95
Trd, 4319779.093, 86
Trd, 4319779.893, 83
Trd, 4319781.393, 87
Trd, 4319781.743, 87
Trd, 4319784.293, 86
Trd, 4319784.443, 87
Trd, 4319784.793, 83
Trd, 4319787.093, 94
Trd, 4319787.593, 90
Trd, 4319788.393, 89
Trd, 4319790.343, 95
Trd, 4319790.893, 105
Trd, 4319791.093, 91
Trd, 4319793.193, 91
Trd, 4319795.143, 96
Trd, 4319795.343, 90
Trd, 4319796.343, 96
Trd, 4319799.643, 93
Trd, 4319799.743, 105
Trd, 4319799.843, 91
Trd, 4319800.843, 90
Trd, 4319801.243, 96
Trd, 4319802.793, 96
Trd, 4319804.693, 104
Trd, 4319804.993, 91
Trd, 4319805.643, 97
Trd, 4319807.793, 94
Trd, 4319808.843, 93
Trd, 4319810.293, 103
Trd, 4319810.343, 102
Trd, 4319811.443, 98
Trd, 4319812.193, 86
Trd, 4319815.093, 92
Trd, 4319815.293, 100
Trd, 4319815.343, 104
Trd, 4319816.793, 92
Trd, 4319816.943, 113
Trd, 4319817.743, 105
Trd, 4319819.893, 99
Trd, 4319821.493, 87
Trd, 4319822.093, 98
Trd, 4319824.443, 93
Trd, 4319824.593, 92
Trd, 4319826.043, 90
Trd, 4319826.793, 90
Trd, 4319829.643, 94
Trd, 4319830.643, 85
Trd, 4319831.093, 92
Trd, 4319832.193, 113
Trd, 4319832.343, 90
Trd, 4319833.643, 96
Trd, 4319834.543, 97
Trd, 4319835.143, 84
Trd, 4319835.893, 92
Trd, 4319836.643, 98
Trd, 4319838.943, 103
Trd, 4319839.643, 97
Trd, 4319844.193, 96
Trd, 4319844.443, 98
Trd, 4319848.193, 96
Trd, 4319848.493, 96
Trd, 4319848.743, 104
Trd, 4319849.093, 94
Trd, 4319851.443, 94
Trd, 4319852.343, 102
Trd, 4319853.443, 99
Trd, 4319854.843, 96
Trd, 4319856.343, 94
Trd, 4319856.443, 95
Trd, 4319856.593, 97
Trd, 4319856.943, 93
Trd, 4319859.643, 94
Trd, 4319860.043, 96
Trd, 4319860.693, 93
Trd, 4319862.093, 95
Trd, 4319862.743, 113
Trd, 4319866.193, 101
Trd, 4319866.343, 94
Trd, 4319866.893, 104
Trd, 4319867.393, 99
Trd, 4319868.243, 99
Trd, 4319868.543, 92
Trd, 4319869.043, 92
Trd, 4319869.443, 113
Trd, 4319872.843, 94
Trd, 4319873.693, 93
Trd, 4319875.543, 95
Trd, 4319875.843, 96
Trd, 4319876.393, 92
Trd, 4319878.543, 96
Trd, 4319878.743, 93
Trd, 4319878.893, 102
Trd, 4319881.143, 95
Trd, 4319881.893, 96
Trd, 4319885.293, 104
Trd, 4319887.293, 91
Trd, 4319887.493, 92
Trd, 4319888.393, 91
Trd, 4319889.893, 90
Trd, 4319890.743, 90
Trd, 4319891.843, 95
Trd, 4319892.243, 92
Trd, 4319893.393, 91
Trd, 4319895.743, 93
Trd, 4319895.843, 95
Trd, 4319897.243, 93
Trd, 4319897.393, 104
Trd, 4319899.043, 104
Trd, 4319900.693, 94
Trd, 4319901.443, 85
Trd, 4319902.043, 90
Trd, 4319902.643, 93
Trd, 4319902.943, 95
Trd, 4319903.793, 93
Trd, 4319905.143, 95
Trd, 4319905.243, 90
Trd, 4319907.793, 93
Trd, 4319908.843, 93
Trd, 4319909.343, 112
Trd, 4319911.293, 99
Trd, 4319913.093, 94
Trd, 4319914.893, 95
Trd, 4319914.943, 94
Trd, 4319916.193, 95
Trd, 4319916.843, 97
Trd, 4319917.843, 97
Trd, 4319918.793, 97
Trd, 4319920.543, 95
Trd, 4319922.193, 95
Trd, 4319922.293, 104
Trd, 4319922.893, 93
Trd, 4319924.593, 92
Trd, 4319924.843, 92
Trd, 4319925.193, 98
Trd, 4319927.743, 113
Trd, 4319929.293, 91
Trd, 4319929.593, 98
Trd, 4319932.293, 82
Trd, 4319932.643, 86
Trd, 4319935.193, 90
Trd, 4319936.093, 95
Trd, 4319937.093, 103
Trd, 4319938.443, 91
Trd, 4319939.493, 90
Trd, 4319941.843, 95
Trd, 4319943.443, 91
Trd, 4319943.993, 90
Trd, 4319944.393, 91
Trd, 4319946.143, 90
Trd, 4319946.643, 91
Trd, 4319947.043, 95
Trd, 4319948.843, 92
Trd, 4319949.443, 91
Trd, 4319949.893, 95
Trd, 4319952.393, 78
Trd, 4319954.043, 87
Trd, 4319955.343, 88
Trd, 4319955.993, 83
Trd, 4319957.543, 104
Trd, 4319958.343, 93
Trd, 4319961.493, 87
Trd, 4319961.543, 88
Trd, 4319962.893, 95
Trd, 4319963.143, 88
Trd, 4319963.543, 104
Trd, 4319965.193, 93
Trd, 4319965.593, 96
Trd, 4319967.043, 93
Trd, 4319968.543, 92
Trd, 4319970.343, 95
Trd, 4319971.343, 92
Trd, 4319971.993, 95
Trd, 4319972.343, 95
Trd, 4319973.493, 95
Trd, 4319974.193, 104
Trd, 4319974.743, 94
Trd, 4319975.643, 104
Trd, 4319976.143, 113
Trd, 4319976.393, 93
Trd, 4319980.293, 98
Trd, 4319980.393, 99
Trd, 4319980.643, 104
Trd, 4319980.993, 94
Trd, 4319982.143, 96
Trd, 4319983.643, 99
Trd, 4319986.243, 98
Trd, 4319986.993, 96
Trd, 4319988.093, 95
Trd, 4319989.243, 104
Trd, 4319991.043, 94
Trd, 4319992.893, 96
Trd, 4319993.243, 94
Trd, 4319994.743, 95
Trd, 4319995.693, 96
Trd, 4319996.543, 93
Trd, 4319998.443, 89
Trd, 4319998.943, 95
Trd, 4319999.793, 96
