Trd, 4317869.093, 104
Trd, 4317870.643, 92
Trd, 4317873.293, 96
Trd, 4317874.043, 91
Trd, 4317875.393, 90
Trd, 4317875.593, 93
Trd, 4317877.943, 95
Trd, 4317878.693, 93
Trd, 4317879.243, 100
Trd, 4317882.593, 96
Trd, 4317882.993, 95
Trd, 4317883.443, 96
Trd, 4317887.943, 97
Trd, 4317888.443, 97
Trd, 4317889.743, 95
Trd, 4317892.543, 96
Trd, 4317892.593, 94
Trd, 4317894.143, 99
Trd, 4317897.343, 94
Trd, 4317898.043, 95
Trd, 4317898.343, 97
Trd, 4317900.743, 93
Trd, 4317902.193, 96
Trd, 4317903.943, 93
Trd, 4317905.843, 97
Trd, 4317907.743, 98
Trd, 4317908.143, 96
Trd, 4317908.543, 95
Trd, 4317908.693, 104
Trd, 4317910.943, 96
Trd, 4317912.343, 101
Trd, 4317912.993, 95
Trd, 4317914.693, 95
Trd, 4317915.243, 99
Trd, 4317919.493, 96
Trd, 4317921.193, 96
Trd, 4317921.293, 99
Trd, 4317921.893, 96
Trd, 4317923.393, 96
Trd, 4317925.543, 95
Trd, 4317925.893, 94
Trd, 4317927.393, 94
Trd, 4317928.243, 93
Trd, 4317929.343, 96
Trd, 4317930.493, 97
Trd, 4317932.693, 94
Trd, 4317934.193, 97
Trd, 4317935.143, 94
Trd, 4317935.593, 86
Trd, 4317935.943, 90
Trd, 4317936.243, 76
Trd, 4317936.293, 104
Trd, 4317941.993, 95
Trd, 4317942.593, 96
Trd, 4317944.043, 97
Trd, 4317944.093, 96
Trd, 4317944.393, 96
Trd, 4317945.993, 95
Trd, 4317946.993, 94
Trd, 4317949.393, 96
Trd, 4317949.693, 95
Trd, 4317951.593, 104
Trd, 4317952.193, 97
Trd, 4317952.743, 98
Trd, 4317954.443, 100
Trd, 4317955.593, 100
Trd, 4317955.893, 113
Trd, 4317956.043, 99
Trd, 4317957.593, 98
Trd, 4317957.893, 98
Trd, 4317963.143, 100
Trd, 4317963.343, 100
Trd, 4317964.793, 100
Trd, 4317965.293, 99
Trd, 4317965.643, 90
Trd, 4317965.943, 104
Trd, 4317966.543, 113
Trd, 4317968.243, 93
Trd, 4317969.743, 97
Trd, 4317970.643, 97
Trd, 4317971.643, 100
Trd, 4317971.793, 97
Trd, 4317974.493, 101
Trd, 4317975.743, 94
Trd, 4317977.043, 95
Trd, 4317977.393, 99
Trd, 4317979.393, 98
Trd, 4317981.943, 96
Trd, 4317982.193, 97
Trd, 4317982.693, 95
Trd, 4317985.943, 100
Trd, 4317986.993, 100
Trd, 4317987.993, 99
Trd, 4317989.893, 99
Trd, 4317990.093, 98
Trd, 4317990.343, 98
Trd, 4317991.493, 99
Trd, 4317993.743, 87
Trd, 4317994.643, 104
Trd, 4317995.243, 95
Trd, 4317996.443, 96
Trd, 4317998.393, 97
Trd, 4317998.443, 96
Trd, 4317999.143, 98
Trd, 4318001.943, 100
Trd, 4318002.043, 99
Trd, 4318004.143, 100
Trd, 4318005.193, 100
Trd, 4318007.393, 99
Trd, 4318007.593, 96
Trd, 4318010.043, 96
Trd, 4318010.943, 94
Trd, 4318011.143, 98
Trd, 4318012.493, 94
Trd, 4318015.093, 94
Trd, 4318015.493, 99
Trd, 4318017.343, 98
Trd, 4318018.243, 96
Trd, 4318018.843, 96
Trd, 4318020.343, 98
Trd, 4318021.443, 96
Trd, 4318022.843, 98
Trd, 4318023.193, 97
Trd, 4318024.143, 100
Trd, 4318026.093, 100
Trd, 4318026.193, 97
Trd, 4318027.943, 99
Trd, 4318029.493, 101
Trd, 4318031.343, 107
Trd, 4318033.743, 100
Trd, 4318034.293, 103
Trd, 4318035.193, 100
Trd, 4318035.693, 102
Trd, 4318037.793, 101
Trd, 4318038.493, 109
Trd, 4318040.443, 105
Trd, 4318040.543, 103
Trd, 4318042.193, 103
Trd, 4318042.443, 103
Trd, 4318044.693, 103
Trd, 4318044.993, 113
Trd, 4318045.743, 105
Trd, 4318046.243, 103
Trd, 4318048.043, 102
Trd, 4318050.293, 103
Trd, 4318050.943, 112
Trd, 4318051.843, 101
Trd, 4318055.743, 106
Trd, 4318055.943, 102
Trd, 4318056.143, 101
Trd, 4318057.793, 103
Trd, 4318058.293, 102
Trd, 4318060.493, 102
Trd, 4318061.643, 102
Trd, 4318062.093, 102
Trd, 4318064.843, 100
Trd, 4318066.193, 100
Trd, 4318066.243, 96
Trd, 4318066.793, 96
Trd, 4318067.043, 114
Trd, 4318068.293, 104
Trd, 4318070.293, 94
Trd, 4318072.093, 96
Trd, 4318072.343, 97
Trd, 4318074.193, 98
Trd, 4318074.843, 104
Trd, 4318074.893, 98
Trd, 4318074.993, 97
Trd, 4318076.993, 96
Trd, 4318080.143, 100
Trd, 4318080.293, 97
Trd, 4318081.443, 96
Trd, 4318082.743, 98
Trd, 4318085.243, 98
Trd, 4318085.793, 97
Trd, 4318087.043, 96
Trd, 4318088.743, 95
Trd, 4318089.043, 97
Trd, 4318089.943, 98
Trd, 4318093.143, 95
Trd, 4318094.043, 94
Trd, 4318094.093, 96
Trd, 4318094.993, 95
Trd, 4318095.493, 95
Trd, 4318101.893, 94
Trd, 4318102.143, 95
Trd, 4318102.893, 98
Trd, 4318103.343, 99
Trd, 4318104.243, 101
Trd, 4318104.593, 98
Trd, 4318104.943, 93
Trd, 4318106.943, 96
Trd, 4318108.143, 97
Trd, 4318112.143, 97
Trd, 4318112.193, 98
Trd, 4318114.693, 96
Trd, 4318114.793, 104
Trd, 4318114.943, 96
Trd, 4318116.343, 94
Trd, 4318117.543, 95
Trd, 4318117.843, 94
Trd, 4318118.543, 95
Trd, 4318119.243, 93
Trd, 4318121.493, 112
Trd, 4318123.393, 102
Trd, 4318123.643, 98
Trd, 4318124.393, 99
Trd, 4318126.593, 99
Trd, 4318127.693, 98
Trd, 4318128.793, 99
Trd, 4318129.493, 99
Trd, 4318133.543, 98
Trd, 4318135.243, 97
Trd, 4318135.493, 99
Trd, 4318138.393, 96
Trd, 4318139.293, 98
Trd, 4318142.593, 95
Trd, 4318142.843, 96
Trd, 4318143.593, 97
Trd, 4318145.493, 95
Trd, 4318146.493, 95
Trd, 4318147.493, 95
Trd, 4318148.243, 97
Trd, 4318151.493, 97
Trd, 4318153.043, 94
Trd, 4318153.193, 92
Trd, 4318157.393, 96
Trd, 4318158.093, 94
Trd, 4318159.943, 96
Trd, 4318159.993, 99
Trd, 4318160.943, 97
Trd, 4318161.993, 99
Trd, 4318162.193, 96
Trd, 4318162.793, 98
Trd, 4318166.743, 98
Trd, 4318167.343, 99
Trd, 4318167.643, 100
Trd, 4318170.093, 99
Trd, 4318170.243, 100
Trd, 4318172.893, 98
Trd, 4318173.443, 98
Trd, 4318174.793, 99
Trd, 4318174.993, 94
Trd, 4318178.193, 98
Trd, 4318179.643, 98
Trd, 4318182.743, 98
Trd, 4318184.043, 99
Trd, 4318185.393, 98
Trd, 4318186.293, 98
Trd, 4318188.193, 100
Trd, 4318189.193, 100
Trd, 4318189.943, 99
Trd, 4318190.843, 100
Trd, 4318192.943, 99
Trd, 4318194.543, 99
Trd, 4318195.443, 98
Trd, 4318196.293, 101
Trd, 4318198.643, 99
Trd, 4318198.793, 97
Trd, 4318200.393, 98
Trd, 4318201.043, 98
Trd, 4318202.043, 97
Trd, 4318202.593, 86
Trd, 4318203.593, 94
Trd, 4318206.343, 96
Trd, 4318207.493, 98
Trd, 4318209.593, 97
Trd, 4318209.843, 98
Trd, 4318209.943, 99
Trd, 4318213.343, 98
Trd, 4318214.193, 98
Trd, 4318215.643, 99
Trd, 4318216.193, 99
Trd, 4318217.393, 98
Trd, 4318219.993, 97
Trd, 4318221.143, 96
Trd, 4318223.943, 97
Trd, 4318224.243, 98
Trd, 4318224.493, 97
Trd, 4318225.493, 96
Trd, 4318226.543, 96
Trd, 4318228.593, 99
Trd, 4318229.843, 95
Trd, 4318230.793, 95
Trd, 4318231.143, 94
Trd, 4318234.343, 94
Trd, 4318235.793, 98
Trd, 4318240.493, 97
Trd, 4318241.543, 94
Trd, 4318242.493, 94
Trd, 4318242.793, 94
Trd, 4318245.493, 93
Trd, 4318247.293, 113
Trd, 4318247.643, 96
Trd, 4318249.643, 96
Trd, 4318250.193, 98
Trd, 4318250.793, 97
Trd, 4318251.893, 98
Trd, 4318252.143, 98
Trd, 4318253.493, 97
Trd, 4318254.043, 98
Trd, 4318256.493, 96
Trd, 4318257.293, 96
Trd, 4318257.543, 99
Trd, 4318259.893, 97
Trd, 4318260.093, 96
Trd, 4318262.343, 98
Trd, 4318263.293, 98
Trd, 4318264.943, 113
Trd, 4318266.893, 97
Trd, 4318267.093, 97
Trd, 4318268.943, 96
Trd, 4318270.743, 100
Trd, 4318272.393, 98
Trd, 4318273.893, 97
Trd, 4318275.093, 97
Trd, 4318275.443, 102
Trd, 4318278.143, 96
Trd, 4318279.943, 99
Trd, 4318280.693, 99
Trd, 4318281.143, 98
Trd, 4318282.143, 100
Trd, 4318282.543, 98
Trd, 4318282.943, 97
Trd, 4318286.443, 99
Trd, 4318286.943, 100
Trd, 4318287.843, 99
Trd, 4318288.193, 100
Trd, 4318289.543, 94
Trd, 4318290.593, 95
Trd, 4318293.193, 97
Trd, 4318293.743, 97
Trd, 4318294.193, 95
Trd, 4318295.843, 96
Trd, 4318296.343, 94
Trd, 4318296.943, 94
Trd, 4318297.993, 91
Trd, 4318298.243, 104
Trd, 4318300.043, 96
Trd, 4318301.643, 96
Trd, 4318302.193, 76
Trd, 4318304.493, 91
Trd, 4318306.243, 94
Trd, 4318307.693, 96
Trd, 4318310.493, 96
Trd, 4318312.243, 95
Trd, 4318312.643, 96
Trd, 4318313.293, 94
Trd, 4318314.393, 97
Trd, 4318316.093, 93
Trd, 4318316.343, 93
Trd, 4318321.343, 98
Trd, 4318322.943, 96
Trd, 4318323.093, 98
Trd, 4318323.543, 97
Trd, 4318324.193, 96
Trd, 4318324.243, 96
Trd, 4318325.293, 94
Trd, 4318326.693, 94
Trd, 4318329.443, 95
Trd, 4318329.593, 100
Trd, 4318331.243, 94
Trd, 4318331.593, 122
Trd, 4318333.293, 92
Trd, 4318334.193, 98
Trd, 4318334.693, 93
Trd, 4318337.643, 99
Trd, 4318338.843, 95
Trd, 4318340.093, 95
Trd, 4318340.793, 99
Trd, 4318342.693, 99
Trd, 4318343.243, 98
Trd, 4318344.593, 94
Trd, 4318347.243, 101
Trd, 4318347.593, 100
Trd, 4318347.793, 114
Trd, 4318349.193, 101
Trd, 4318351.493, 104
Trd, 4318352.093, 103
Trd, 4318353.393, 105
Trd, 4318354.493, 102
Trd, 4318354.593, 99
Trd, 4318356.543, 99
Trd, 4318357.143, 92
Trd, 4318358.243, 86
Trd, 4318359.143, 93
Trd, 4318361.143, 87
Trd, 4318362.993, 88
Trd, 4318363.393, 88
Trd, 4318366.193, 88
Trd, 4318366.743, 87
Trd, 4318366.843, 87
Trd, 4318369.843, 92
Trd, 4318371.643, 95
Trd, 4318372.093, 96
Trd, 4318373.093, 113
Trd, 4318373.793, 98
Trd, 4318374.393, 97
Trd, 4318376.943, 104
Trd, 4318377.343, 101
Trd, 4318380.543, 103
Trd, 4318380.793, 100
Trd, 4318380.893, 99
Trd, 4318381.693, 99
Trd, 4318385.643, 100
Trd, 4318386.443, 100
Trd, 4318389.443, 101
Trd, 4318389.693, 104
Trd, 4318390.843, 102
Trd, 4318391.643, 101
Trd, 4318392.043, 94
Trd, 4318392.943, 111
Trd, 4318393.693, 101
Trd, 4318395.993, 101
Trd, 4318397.493, 100
Trd, 4318399.343, 100
Trd, 4318399.943, 103
Trd, 4318402.393, 99
Trd, 4318402.743, 102
Trd, 4318403.843, 99
Trd, 4318406.243, 101
Trd, 4318408.293, 101
Trd, 4318409.093, 99
Trd, 4318410.393, 98
Trd, 4318411.393, 97
Trd, 4318413.193, 97
Trd, 4318414.893, 112
Trd, 4318416.693, 97
Trd, 4318417.243, 96
Trd, 4318419.643, 98
Trd, 4318422.093, 98
Trd, 4318423.293, 100
Trd, 4318423.843, 99
Trd, 4318424.493, 99
Trd, 4318428.743, 98
Trd, 4318429.193, 100
Trd, 4318429.293, 100
Trd, 4318430.643, 98
Trd, 4318431.743, 97
Trd, 4318432.493, 99
Trd, 4318433.793, 98
Trd, 4318434.493, 99
Trd, 4318437.493, 99
Trd, 4318437.993, 99
Trd, 4318439.043, 98
Trd, 4318441.143, 99
Trd, 4318442.293, 97
Trd, 4318442.843, 106
Trd, 4318443.043, 96
Trd, 4318450.293, 100
Trd, 4318450.593, 98
Trd, 4318450.693, 97
Trd, 4318451.693, 97
Trd, 4318451.743, 101
Trd, 4318455.443, 98
Trd, 4318455.743, 99
Trd, 4318456.843, 96
Trd, 4318457.693, 104
Trd, 4318460.693, 97
Trd, 4318461.093, 96
Trd, 4318461.943, 95
Trd, 4318464.043, 96
Trd, 4318466.143, 119
Trd, 4318469.793, 97
Trd, 4318470.643, 97
Trd, 4318472.743, 104
Trd, 4318474.093, 97
Trd, 4318474.243, 97
Trd, 4318474.293, 97
Trd, 4318474.393, 100
Trd, 4318476.343, 97
Trd, 4318476.593, 86
Trd, 4318477.493, 98
Trd, 4318482.593, 99
Trd, 4318482.793, 100
Trd, 4318484.243, 102
Trd, 4318484.393, 99
Trd, 4318485.093, 98
Trd, 4318485.843, 97
Trd, 4318488.143, 95
Trd, 4318489.493, 95
Trd, 4318490.493, 96
Trd, 4318491.093, 95
Trd, 4318492.293, 96
Trd, 4318492.743, 94
Trd, 4318494.643, 96
Trd, 4318495.193, 94
Trd, 4318495.793, 93
Trd, 4318499.843, 94
Trd, 4318500.193, 96
Trd, 4318501.793, 95
Trd, 4318502.393, 98
Trd, 4318502.593, 95
Trd, 4318503.543, 95
Trd, 4318504.143, 94
Trd, 4318506.293, 98
Trd, 4318507.443, 98
Trd, 4318507.993, 97
Trd, 4318508.193, 95
Trd, 4318508.743, 103
Trd, 4318513.393, 101
Trd, 4318513.893, 102
Trd, 4318514.343, 102
Trd, 4318516.493, 102
Trd, 4318517.343, 101
Trd, 4318517.993, 100
Trd, 4318518.693, 86
Trd, 4318519.793, 91
Trd, 4318521.043, 101
Trd, 4318521.793, 88
Trd, 4318522.643, 103
Trd, 4318524.293, 95
Trd, 4318527.893, 97
Trd, 4318529.193, 94
Trd, 4318529.743, 98
Trd, 4318530.343, 98
Trd, 4318531.493, 98
Trd, 4318531.843, 97
Trd, 4318532.343, 94
Trd, 4318534.493, 96
Trd, 4318536.293, 98
Trd, 4318536.343, 104
Trd, 4318539.043, 99
Trd, 4318540.293, 99
Trd, 4318541.843, 98
Trd, 4318542.143, 96
Trd, 4318544.443, 104
Trd, 4318545.693, 98
Trd, 4318546.193, 95
Trd, 4318547.893, 96
Trd, 4318549.343, 94
Trd, 4318549.443, 97
Trd, 4318550.343, 95
Trd, 4318551.293, 97
Trd, 4318552.543, 96
Trd, 4318555.593, 97
Trd, 4318556.393, 96
Trd, 4318556.743, 104
Trd, 4318559.293, 96
Trd, 4318560.793, 98
Trd, 4318561.593, 100
Trd, 4318561.993, 95
Trd, 4318562.243, 94
Trd, 4318563.993, 98
Trd, 4318564.493, 98
Trd, 4318565.093, 98
Trd, 4318566.693, 97
Trd, 4318567.543, 105
Trd, 4318567.993, 93
Trd, 4318570.293, 97
Trd, 4318575.093, 96
Trd, 4318575.543, 97
Trd, 4318575.643, 98
Trd, 4318576.343, 99
Trd, 4318577.043, 100
Trd, 4318579.693, 94
Trd, 4318581.143, 99
Trd, 4318582.093, 99
Trd, 4318582.493, 99
Trd, 4318583.343, 98
Trd, 4318584.343, 98
Trd, 4318585.993, 99
Trd, 4318588.093, 97
Trd, 4318588.443, 99
Trd, 4318590.693, 100
Trd, 4318590.943, 100
Trd, 4318591.843, 97
Trd, 4318595.143, 99
Trd, 4318596.493, 96
Trd, 4318597.143, 104
Trd, 4318598.593, 101
Trd, 4318600.443, 100
Trd, 4318600.843, 100
Trd, 4318601.943, 100
Trd, 4318602.793, 101
Trd, 4318602.843, 100
Trd, 4318604.693, 104
Trd, 4318605.593, 105
Trd, 4318606.643, 105
Trd, 4318608.043, 104
Trd, 4318609.043, 104
Trd, 4318609.393, 101
Trd, 4318610.143, 97
Trd, 4318610.893, 100
Trd, 4318612.043, 106
Trd, 4318613.693, 96
Trd, 4318615.043, 99
Trd, 4318616.293, 98
Trd, 4318617.093, 94
Trd, 4318617.293, 95
Trd, 4318617.743, 122
Trd, 4318618.893, 93
Trd, 4318621.743, 95
Trd, 4318622.843, 104
Trd, 4318624.793, 102
Trd, 4318625.593, 98
Trd, 4318626.393, 100
Trd, 4318626.893, 99
Trd, 4318629.793, 98
Trd, 4318633.693, 103
Trd, 4318634.243, 100
Trd, 4318635.843, 104
Trd, 4318637.893, 102
Trd, 4318638.793, 103
Trd, 4318640.343, 99
Trd, 4318641.643, 99
Trd, 4318642.643, 102
Trd, 4318644.693, 100
Trd, 4318646.093, 101
Trd, 4318648.143, 100
Trd, 4318648.193, 99
Trd, 4318648.343, 104
Trd, 4318650.643, 98
Trd, 4318650.743, 98
Trd, 4318652.443, 99
Trd, 4318654.193, 97
Trd, 4318654.393, 102
Trd, 4318654.693, 97
Trd, 4318655.843, 96
Trd, 4318657.993, 97
Trd, 4318659.143, 95
Trd, 4318660.943, 94
Trd, 4318663.243, 96
Trd, 4318665.443, 96
Trd, 4318666.093, 97
Trd, 4318667.693, 97
Trd, 4318669.393, 96
Trd, 4318671.093, 94
Trd, 4318671.793, 93
Trd, 4318672.643, 93
Trd, 4318672.843, 97
Trd, 4318677.043, 95
Trd, 4318677.643, 93
Trd, 4318678.843, 96
Trd, 4318678.893, 94
Trd, 4318682.393, 93
Trd, 4318684.093, 100
Trd, 4318684.393, 99
Trd, 4318686.493, 104
Trd, 4318687.193, 101
Trd, 4318687.343, 98
Trd, 4318688.893, 100
Trd, 4318689.943, 98
Trd, 4318690.793, 97
Trd, 4318693.343, 96
Trd, 4318694.093, 96
Trd, 4318695.143, 98
Trd, 4318699.693, 98
Trd, 4318700.343, 96
Trd, 4318700.493, 95
Trd, 4318700.743, 99
Trd, 4318701.993, 94
Trd, 4318702.643, 121
Trd, 4318704.893, 101
Trd, 4318704.943, 100
Trd, 4318705.743, 99
Trd, 4318706.293, 108
Trd, 4318706.593, 93
Trd, 4318708.593, 98
Trd, 4318709.543, 97
Trd, 4318712.043, 96
Trd, 4318714.443, 97
Trd, 4318715.443, 96
Trd, 4318716.443, 96
Trd, 4318716.993, 97
Trd, 4318717.193, 96
Trd, 4318719.143, 98
Trd, 4318722.343, 95
Trd, 4318723.343, 94
Trd, 4318724.093, 97
Trd, 4318727.543, 103
Trd, 4318728.543, 103
Trd, 4318728.893, 103
Trd, 4318729.693, 102
Trd, 4318730.643, 113
Trd, 4318731.043, 93
Trd, 4318733.143, 93
Trd, 4318734.193, 98
Trd, 4318734.443, 86
Trd, 4318737.243, 96
Trd, 4318738.693, 95
Trd, 4318738.843, 97
Trd, 4318741.543, 99
Trd, 4318742.843, 100
Trd, 4318742.893, 111
Trd, 4318744.393, 98
Trd, 4318745.693, 91
Trd, 4318747.343, 93
Trd, 4318747.893, 93
Trd, 4318748.393, 92
Trd, 4318749.393, 88
Trd, 4318751.493, 91
Trd, 4318752.443, 91
Trd, 4318752.593, 89
Trd, 4318754.243, 92
Trd, 4318755.693, 92
Trd, 4318756.093, 92
Trd, 4318757.543, 91
Trd, 4318759.043, 86
Trd, 4318760.393, 92
Trd, 4318762.443, 92
Trd, 4318766.043, 92
Trd, 4318766.693, 93
Trd, 4318766.943, 94
Trd, 4318768.243, 112
Trd, 4318768.393, 91
Trd, 4318772.893, 94
Trd, 4318773.643, 97
Trd, 4318777.843, 94
Trd, 4318780.493, 94
Trd, 4318781.093, 94
Trd, 4318781.593, 97
Trd, 4318784.793, 95
Trd, 4318784.943, 94
Trd, 4318786.793, 97
Trd, 4318786.993, 94
Trd, 4318789.393, 95
Trd, 4318789.443, 94
Trd, 4318791.893, 95
Trd, 4318794.343, 94
Trd, 4318795.543, 95
Trd, 4318796.593, 93
Trd, 4318797.193, 94
Trd, 4318799.093, 95
Trd, 4318799.543, 94
Trd, 4318803.593, 95
Trd, 4318803.693, 93
Trd, 4318806.443, 96
Trd, 4318808.243, 95
Trd, 4318808.693, 94
Trd, 4318811.043, 96
Trd, 4318812.243, 93
Trd, 4318814.993, 97
Trd, 4318815.543, 97
Trd, 4318816.293, 96
Trd, 4318816.393, 104
Trd, 4318817.193, 94
Trd, 4318818.693, 94
Trd, 4318819.843, 100
Trd, 4318820.593, 92
Trd, 4318824.693, 97
Trd, 4318824.793, 94
Trd, 4318825.693, 95
Trd, 4318826.043, 95
Trd, 4318828.543, 95
Trd, 4318829.043, 94
Trd, 4318829.943, 104
Trd, 4318830.893, 100
Trd, 4318831.643, 93
Trd, 4318834.393, 96
Trd, 4318837.043, 100
Trd, 4318838.093, 95
Trd, 4318839.443, 97
Trd, 4318841.393, 94
Trd, 4318843.043, 93
Trd, 4318845.793, 95
Trd, 4318845.993, 95
Trd, 4318847.243, 94
Trd, 4318847.393, 93
Trd, 4318849.093, 93
Trd, 4318850.993, 94
Trd, 4318851.843, 94
Trd, 4318851.893, 92
Trd, 4318853.893, 91
Trd, 4318854.843, 90
Trd, 4318855.843, 99
Trd, 4318857.493, 96
Trd, 4318859.243, 97
Trd, 4318859.293, 110
Trd, 4318859.493, 101
Trd, 4318861.543, 105
Trd, 4318861.943, 106
Trd, 4318864.743, 105
Trd, 4318864.993, 105
Trd, 4318865.543, 99
Trd, 4318867.093, 98
Trd, 4318869.393, 95
Trd, 4318871.043, 97
Trd, 4318873.093, 95
Trd, 4318873.843, 97
Trd, 4318876.443, 99
Trd, 4318876.593, 96
Trd, 4318876.843, 104
Trd, 4318880.693, 99
Trd, 4318883.143, 99
Trd, 4318883.393, 99
Trd, 4318883.643, 102
Trd, 4318884.293, 98
Trd, 4318884.443, 98
Trd, 4318887.393, 94
Trd, 4318888.793, 96
Trd, 4318889.143, 99
Trd, 4318889.243, 95
Trd, 4318892.943, 98
Trd, 4318896.193, 97
Trd, 4318896.993, 96
Trd, 4318898.493, 97
Trd, 4318898.843, 96
Trd, 4318899.893, 96
Trd, 4318900.593, 95
Trd, 4318901.443, 94
Trd, 4318901.543, 104
Trd, 4318902.293, 97
Trd, 4318904.693, 98
Trd, 4318905.543, 94
Trd, 4318906.293, 112
Trd, 4318907.443, 96
Trd, 4318908.493, 96
Trd, 4318912.093, 95
Trd, 4318913.243, 96
Trd, 4318914.593, 96
Trd, 4318915.293, 98
Trd, 4318915.643, 95
Trd, 4318918.593, 97
Trd, 4318920.343, 97
Trd, 4318921.943, 96
Trd, 4318922.443, 103
Trd, 4318922.743, 95
Trd, 4318924.943, 99
Trd, 4318924.993, 95
Trd, 4318925.743, 99
Trd, 4318928.543, 95
Trd, 4318929.143, 94
Trd, 4318929.843, 96
Trd, 4318931.693, 96
Trd, 4318932.093, 95
Trd, 4318932.743, 104
Trd, 4318933.893, 93
Trd, 4318937.443, 100
Trd, 4318940.843, 96
Trd, 4318942.243, 99
Trd, 4318942.343, 96
Trd, 4318942.893, 96
Trd, 4318946.793, 100
Trd, 4318946.893, 99
Trd, 4318949.693, 100
Trd, 4318951.143, 99
Trd, 4318951.243, 97
Trd, 4318952.093, 97
Trd, 4318954.093, 104
Trd, 4318954.993, 97
Trd, 4318956.643, 96
Trd, 4318956.843, 94
Trd, 4318957.243, 100
Trd, 4318959.593, 96
Trd, 4318960.493, 96
Trd, 4318965.193, 96
Trd, 4318965.743, 97
Trd, 4318965.993, 96
Trd, 4318969.993, 96
Trd, 4318971.343, 94
Trd, 4318972.993, 96
Trd, 4318973.643, 97
Trd, 4318973.693, 94
Trd, 4318976.493, 95
Trd, 4318977.943, 97
Trd, 4318978.893, 97
Trd, 4318979.093, 94
Trd, 4318979.493, 98
Trd, 4318979.993, 95
Trd, 4318983.193, 98
Trd, 4318983.793, 94
Trd, 4318987.393, 97
Trd, 4318987.743, 97
Trd, 4318987.893, 93
Trd, 4318989.243, 104
Trd, 4318989.943, 96
Trd, 4318990.293, 96
Trd, 4318991.443, 95
Trd, 4318992.843, 98
Trd, 4318995.593, 99
Trd, 4318995.893, 99
Trd, 4318996.993, 96
Trd, 4318999.743, 98
Trd, 4319001.593, 98
Trd, 4319001.743, 98
Trd, 4319002.443, 96
Trd, 4319003.793, 98
Trd, 4319004.393, 98
Trd, 4319005.343, 97
Trd, 4319006.643, 94
Trd, 4319008.443, 96
Trd, 4319008.743, 94
Trd, 4319010.093, 98
Trd, 4319012.793, 93
Trd, 4319013.343, 99
Trd, 4319013.693, 92
Trd, 4319017.643, 97
Trd, 4319017.943, 94
Trd, 4319018.993, 97
Trd, 4319020.743, 96
Trd, 4319021.293, 95
Trd, 4319024.243, 95
Trd, 4319024.593, 98
Trd, 4319026.893, 98
Trd, 4319027.193, 99
Trd, 4319027.443, 97
Trd, 4319029.243, 97
Trd, 4319030.193, 97
Trd, 4319030.643, 97
Trd, 4319030.943, 96
Trd, 4319032.293, 95
Trd, 4319034.193, 98
Trd, 4319035.543, 95
Trd, 4319037.993, 94
Trd, 4319039.843, 97
Trd, 4319040.393, 96
Trd, 4319040.443, 95
Trd, 4319045.143, 94
Trd, 4319045.643, 97
Trd, 4319047.543, 97
Trd, 4319047.943, 94
Trd, 4319047.993, 94
Trd, 4319050.493, 93
Trd, 4319053.293, 96
Trd, 4319055.143, 96
Trd, 4319056.943, 95
Trd, 4319057.143, 95
Trd, 4319058.993, 94
Trd, 4319060.243, 96
Trd, 4319062.643, 95
Trd, 4319063.393, 94
Trd, 4319063.593, 94
Trd, 4319063.743, 95
Trd, 4319064.393, 109
Trd, 4319066.643, 113
Trd, 4319067.693, 94
Trd, 4319069.093, 95
Trd, 4319069.743, 94
Trd, 4319071.493, 92
Trd, 4319073.143, 94
Trd, 4319073.693, 104
Trd, 4319074.193, 99
Trd, 4319076.493, 103
Trd, 4319078.843, 106
Trd, 4319079.343, 103
Trd, 4319079.543, 114
Trd, 4319082.593, 95
Trd, 4319083.093, 98
Trd, 4319084.293, 98
Trd, 4319084.993, 98
Trd, 4319085.543, 96
Trd, 4319087.393, 96
Trd, 4319090.343, 95
Trd, 4319090.543, 97
Trd, 4319091.493, 97
Trd, 4319093.443, 97
Trd, 4319093.793, 96
Trd, 4319094.243, 104
Trd, 4319098.143, 95
Trd, 4319098.693, 94
Trd, 4319099.543, 99
Trd, 4319100.693, 96
Trd, 4319102.993, 99
Trd, 4319103.643, 97
Trd, 4319104.743, 97
Trd, 4319105.493, 96
Trd, 4319108.793, 96
Trd, 4319109.043, 97
Trd, 4319109.443, 96
Trd, 4319111.693, 97
Trd, 4319113.693, 97
Trd, 4319114.743, 96
Trd, 4319115.093, 97
Trd, 4319115.243, 94
Trd, 4319118.443, 98
Trd, 4319119.793, 98
Trd, 4319119.993, 97
Trd, 4319120.143, 113
Trd, 4319123.593, 96
Trd, 4319125.393, 98
Trd, 4319125.893, 106
Trd, 4319127.543, 94
Trd, 4319129.793, 102
Trd, 4319131.543, 103
Trd, 4319132.043, 104
Trd, 4319132.693, 103
Trd, 4319132.943, 102
Trd, 4319135.393, 101
Trd, 4319135.843, 101
Trd, 4319137.893, 98
Trd, 4319138.143, 95
Trd, 4319140.943, 98
Trd, 4319141.793, 99
Trd, 4319143.993, 98
Trd, 4319145.543, 97
Trd, 4319146.593, 97
Trd, 4319147.193, 97
Trd, 4319147.793, 96
Trd, 4319148.593, 96
Trd, 4319149.043, 97
Trd, 4319149.893, 94
Trd, 4319151.943, 111
Trd, 4319153.043, 104
Trd, 4319153.493, 104
Trd, 4319153.843, 103
Trd, 4319156.793, 102
Trd, 4319157.343, 102
Trd, 4319158.093, 104
Trd, 4319161.743, 102
Trd, 4319163.143, 103
Trd, 4319163.493, 101
Trd, 4319166.643, 104
Trd, 4319167.293, 103
Trd, 4319168.293, 103
Trd, 4319169.943, 104
Trd, 4319170.643, 102
Trd, 4319172.043, 102
Trd, 4319172.493, 104
Trd, 4319174.043, 100
Trd, 4319174.343, 97
Trd, 4319174.793, 95
Trd, 4319175.643, 86
Trd, 4319176.243, 86
Trd, 4319176.643, 86
Trd, 4319176.793, 89
Trd, 4319179.843, 95
Trd, 4319180.043, 92
Trd, 4319181.393, 94
Trd, 4319182.943, 93
Trd, 4319183.293, 115
Trd, 4319185.793, 97
Trd, 4319187.943, 97
Trd, 4319189.543, 98
Trd, 4319192.043, 98
Trd, 4319192.393, 96
Trd, 4319192.643, 95
Trd, 4319193.743, 96
Trd, 4319196.393, 95
Trd, 4319197.193, 94
Trd, 4319197.643, 94
Trd, 4319198.393, 95
Trd, 4319199.093, 93
Trd, 4319204.193, 95
Trd, 4319204.343, 95
Trd, 4319204.393, 92
Trd, 4319205.143, 96
Trd, 4319206.493, 93
Trd, 4319208.543, 96
Trd, 4319209.893, 95
Trd, 4319211.543, 96
Trd, 4319212.143, 92
Trd, 4319213.593, 92
Trd, 4319216.293, 92
Trd, 4319220.093, 94
Trd, 4319221.043, 95
Trd, 4319221.243, 94
Trd, 4319223.093, 94
Trd, 4319223.643, 93
Trd, 4319224.793, 104
Trd, 4319225.693, 94
Trd, 4319227.493, 97
Trd, 4319227.743, 97
Trd, 4319229.443, 97
Trd, 4319230.643, 95
Trd, 4319232.493, 95
Trd, 4319233.143, 94
Trd, 4319233.343, 96
Trd, 4319236.993, 95
Trd, 4319237.893, 95
Trd, 4319239.043, 101
Trd, 4319240.343, 100
Trd, 4319240.543, 114
Trd, 4319241.443, 97
Trd, 4319243.593, 97
Trd, 4319245.343, 99
Trd, 4319245.743, 96
Trd, 4319246.193, 96
Trd, 4319248.193, 100
Trd, 4319250.293, 98
Trd, 4319251.243, 96
Trd, 4319251.693, 96
Trd, 4319252.843, 94
Trd, 4319253.043, 94
Trd, 4319253.943, 96
Trd, 4319254.843, 99
Trd, 4319258.643, 98
Trd, 4319258.943, 99
Trd, 4319259.143, 86
Trd, 4319259.293, 104
Trd, 4319261.493, 99
Trd, 4319263.843, 91
Trd, 4319265.293, 95
Trd, 4319268.493, 97
Trd, 4319268.543, 95
Trd, 4319268.593, 95
Trd, 4319271.993, 95
Trd, 4319272.743, 97
Trd, 4319273.043, 97
Trd, 4319273.593, 96
Trd, 4319274.843, 97
Trd, 4319277.443, 96
Trd, 4319278.493, 97
Trd, 4319279.443, 97
Trd, 4319281.143, 97
Trd, 4319282.043, 98
Trd, 4319282.493, 99
Trd, 4319285.993, 97
Trd, 4319286.393, 99
Trd, 4319287.643, 96
Trd, 4319289.193, 104
Trd, 4319290.693, 106
Trd, 4319290.943, 105
Trd, 4319291.093, 105
Trd, 4319291.143, 103
Trd, 4319293.093, 99
Trd, 4319293.543, 97
Trd, 4319294.243, 98
Trd, 4319296.493, 97
Trd, 4319297.093, 98
Trd, 4319297.793, 104
Trd, 4319300.143, 98
Trd, 4319300.393, 97
Trd, 4319301.993, 94
Trd, 4319303.443, 94
Trd, 4319304.843, 95
Trd, 4319305.843, 86
Trd, 4319307.343, 86
Trd, 4319307.693, 89
Trd, 4319308.793, 96
Trd, 4319310.393, 93
Trd, 4319311.793, 101
Trd, 4319312.243, 100
Trd, 4319312.293, 112
Trd, 4319314.943, 101
Trd, 4319315.243, 100
Trd, 4319316.243, 98
Trd, 4319317.093, 98
Trd, 4319317.143, 97
Trd, 4319318.943, 86
Trd, 4319319.343, 94
Trd, 4319321.793, 91
Trd, 4319322.093, 94
Trd, 4319323.343, 104
Trd, 4319325.143, 93
Trd, 4319327.843, 97
Trd, 4319329.643, 96
Trd, 4319330.393, 96
Trd, 4319332.193, 96
Trd, 4319332.243, 95
Trd, 4319334.093, 95
Trd, 4319334.593, 97
Trd, 4319337.293, 94
Trd, 4319337.543, 94
Trd, 4319341.443, 95
Trd, 4319341.943, 98
Trd, 4319343.143, 94
Trd, 4319345.793, 94
Trd, 4319346.393, 95
Trd, 4319349.593, 94
Trd, 4319350.643, 96
Trd, 4319351.893, 96
Trd, 4319352.493, 94
Trd, 4319355.993, 93
Trd, 4319356.843, 95
Trd, 4319357.093, 93
Trd, 4319358.593, 93
Trd, 4319358.693, 103
Trd, 4319360.443, 95
Trd, 4319364.593, 96
Trd, 4319366.993, 97
Trd, 4319369.543, 98
Trd, 4319369.943, 97
Trd, 4319370.743, 94
Trd, 4319373.443, 94
Trd, 4319373.543, 97
Trd, 4319375.393, 94
Trd, 4319375.693, 93
Trd, 4319376.143, 94
Trd, 4319379.443, 95
Trd, 4319381.143, 94
Trd, 4319381.743, 97
Trd, 4319382.793, 97
Trd, 4319384.193, 102
Trd, 4319384.293, 100
Trd, 4319384.693, 98
Trd, 4319385.643, 111
Trd, 4319386.443, 98
Trd, 4319388.043, 94
Trd, 4319390.393, 92
Trd, 4319391.593, 95
Trd, 4319392.443, 95
Trd, 4319392.493, 93
Trd, 4319394.193, 96
Trd, 4319395.093, 100
Trd, 4319396.693, 96
Trd, 4319398.093, 98
Trd, 4319399.093, 97
Trd, 4319401.693, 100
Trd, 4319401.793, 99
Trd, 4319402.243, 94
Trd, 4319403.043, 107
Trd, 4319404.043, 113
Trd, 4319406.693, 108
Trd, 4319409.043, 107
Trd, 4319409.193, 108
Trd, 4319409.943, 109
Trd, 4319410.443, 103
Trd, 4319411.843, 102
Trd, 4319412.643, 104
Trd, 4319413.493, 105
Trd, 4319414.293, 105
Trd, 4319415.143, 99
Trd, 4319417.293, 99
Trd, 4319417.593, 93
Trd, 4319418.743, 100
Trd, 4319420.843, 95
Trd, 4319421.843, 96
Trd, 4319423.343, 99
Trd, 4319424.793, 98
Trd, 4319424.993, 97
Trd, 4319425.493, 96
Trd, 4319428.943, 95
Trd, 4319429.143, 96
Trd, 4319429.893, 97
Trd, 4319429.993, 95
Trd, 4319431.443, 94
Trd, 4319431.643, 93
Trd, 4319432.193, 104
Trd, 4319435.793, 99
Trd, 4319436.193, 95
Trd, 4319436.493, 99
Trd, 4319438.043, 87
Trd, 4319438.693, 90
Trd, 4319440.893, 94
Trd, 4319441.993, 94
Trd, 4319442.443, 95
Trd, 4319445.043, 96
Trd, 4319446.493, 95
Trd, 4319447.093, 96
Trd, 4319451.093, 94
Trd, 4319451.493, 96
Trd, 4319454.843, 95
Trd, 4319455.993, 94
Trd, 4319456.193, 95
Trd, 4319456.343, 92
Trd, 4319458.343, 99
Trd, 4319460.093, 98
Trd, 4319460.243, 92
Trd, 4319461.843, 100
Trd, 4319464.843, 99
Trd, 4319465.343, 97
Trd, 4319467.093, 98
Trd, 4319467.493, 96
Trd, 4319469.593, 99
Trd, 4319471.393, 95
Trd, 4319471.493, 95
Trd, 4319475.093, 94
Trd, 4319475.643, 97
Trd, 4319476.593, 94
Trd, 4319477.793, 94
Trd, 4319480.743, 96
Trd, 4319481.293, 95
Trd, 4319481.943, 94
Trd, 4319485.743, 96
Trd, 4319486.443, 95
Trd, 4319487.843, 98
Trd, 4319488.493, 98
Trd, 4319489.393, 96
Trd, 4319491.993, 94
Trd, 4319492.293, 98
Trd, 4319493.043, 93
Trd, 4319494.593, 104
Trd, 4319498.343, 97
Trd, 4319498.443, 96
Trd, 4319498.643, 95
Trd, 4319500.793, 99
Trd, 4319502.193, 93
Trd, 4319502.893, 85
Trd, 4319503.293, 99
Trd, 4319506.743, 99
Trd, 4319507.343, 99
Trd, 4319507.793, 99
Trd, 4319508.393, 99
Trd, 4319509.993, 98
Trd, 4319512.043, 97
Trd, 4319512.543, 104
Trd, 4319513.893, 96
Trd, 4319514.643, 94
Trd, 4319515.693, 103
Trd, 4319517.693, 99
Trd, 4319520.043, 103
Trd, 4319520.893, 103
Trd, 4319521.093, 100
Trd, 4319524.343, 101
Trd, 4319524.843, 100
Trd, 4319526.593, 100
Trd, 4319527.043, 101
Trd, 4319528.643, 101
Trd, 4319529.793, 101
Trd, 4319531.293, 99
Trd, 4319531.493, 94
Trd, 4319533.143, 103
Trd, 4319534.193, 87
Trd, 4319535.743, 102
Trd, 4319536.643, 96
Trd, 4319538.093, 93
Trd, 4319539.493, 93
Trd, 4319539.843, 98
Trd, 4319542.593, 95
Trd, 4319544.393, 96
Trd, 4319546.793, 97
Trd, 4319547.193, 96
Trd, 4319548.393, 97
Trd, 4319551.293, 96
Trd, 4319552.543, 97
Trd, 4319552.843, 96
Trd, 4319553.943, 97
Trd, 4319554.743, 98
Trd, 4319555.593, 99
Trd, 4319556.943, 99
Trd, 4319557.643, 94
Trd, 4319559.293, 95
Trd, 4319559.493, 93
Trd, 4319561.493, 95
Trd, 4319562.243, 95
Trd, 4319562.643, 94
Trd, 4319563.893, 96
Trd, 4319564.743, 93
Trd, 4319566.743, 94
Trd, 4319569.043, 94
Trd, 4319569.793, 93
Trd, 4319569.843, 92
Trd, 4319571.893, 95
Trd, 4319572.493, 94
Trd, 4319572.743, 96
Trd, 4319573.943, 95
Trd, 4319574.093, 93
Trd, 4319574.443, 86
Trd, 4319577.293, 97
Trd, 4319579.043, 97
Trd, 4319581.793, 96
Trd, 4319582.993, 97
Trd, 4319583.143, 97
Trd, 4319583.743, 95
Trd, 4319584.193, 95
Trd, 4319586.593, 94
Trd, 4319589.443, 96
Trd, 4319589.643, 93
Trd, 4319591.743, 95
Trd, 4319593.243, 96
Trd, 4319595.743, 94
Trd, 4319595.993, 92
Trd, 4319596.143, 97
Trd, 4319599.593, 104
Trd, 4319601.593, 94
Trd, 4319603.243, 96
Trd, 4319604.093, 96
Trd, 4319604.193, 95
Trd, 4319604.343, 97
Trd, 4319606.243, 95
Trd, 4319607.493, 96
Trd, 4319608.893, 94
Trd, 4319610.943, 95
Trd, 4319611.443, 97
Trd, 4319612.943, 96
Trd, 4319614.093, 97
Trd, 4319615.893, 104
Trd, 4319618.693, 98
Trd, 4319618.793, 96
Trd, 4319619.043, 100
Trd, 4319621.393, 95
Trd, 4319622.993, 95
Trd, 4319626.043, 97
Trd, 4319628.243, 98
Trd, 4319628.493, 96
Trd, 4319629.993, 94
Trd, 4319630.793, 93
Trd, 4319633.343, 97
Trd, 4319633.643, 94
Trd, 4319634.193, 95
Trd, 4319635.443, 97
Trd, 4319636.393, 95
Trd, 4319637.343, 95
Trd, 4319638.593, 95
Trd, 4319641.093, 96
Trd, 4319641.293, 104
Trd, 4319641.893, 95
Trd, 4319644.093, 94
Trd, 4319645.093, 94
Trd, 4319646.843, 93
Trd, 4319648.493, 101
Trd, 4319649.743, 92
Trd, 4319653.343, 96
Trd, 4319653.743, 96
Trd, 4319654.393, 96
Trd, 4319655.093, 95
Trd, 4319657.143, 94
Trd, 4319657.293, 111
Trd, 4319657.443, 94
Trd, 4319660.093, 98
Trd, 4319660.893, 97
Trd, 4319662.843, 98
Trd, 4319664.243, 99
Trd, 4319665.143, 98
Trd, 4319667.893, 97
Trd, 4319667.943, 96
Trd, 4319669.443, 96
Trd, 4319670.443, 98
Trd, 4319670.643, 99
Trd, 4319671.493, 104
Trd, 4319672.943, 94
Trd, 4319674.893, 100
Trd, 4319679.043, 98
Trd, 4319680.743, 99
Trd, 4319680.943, 98
Trd, 4319681.143, 97
Trd, 4319681.543, 94
Trd, 4319683.993, 96
Trd, 4319685.443, 95
Trd, 4319685.743, 95
Trd, 4319686.243, 96
Trd, 4319688.243, 95
Trd, 4319689.693, 94
Trd, 4319689.843, 95
Trd, 4319691.343, 97
Trd, 4319693.043, 110
Trd, 4319694.093, 95
Trd, 4319695.593, 94
Trd, 4319696.893, 94
Trd, 4319697.493, 93
Trd, 4319698.143, 97
Trd, 4319701.143, 96
Trd, 4319702.093, 97
Trd, 4319703.593, 96
Trd, 4319705.093, 97
Trd, 4319705.643, 95
Trd, 4319708.993, 94
Trd, 4319710.493, 96
Trd, 4319710.943, 96
Trd, 4319711.943, 96
Trd, 4319713.793, 95
Trd, 4319714.393, 94
Trd, 4319716.193, 93
Trd, 4319717.693, 113
Trd, 4319718.443, 94
Trd, 4319718.893, 103
Trd, 4319723.143, 104
Trd, 4319723.693, 98
Trd, 4319724.343, 97
Trd, 4319726.843, 102
Trd, 4319728.093, 98
Trd, 4319730.543, 101
Trd, 4319731.943, 100
Trd, 4319733.343, 100
Trd, 4319735.043, 99
Trd, 4319735.793, 102
Trd, 4319738.293, 100
Trd, 4319739.593, 99
Trd, 4319742.393, 104
Trd, 4319743.093, 100
Trd, 4319746.143, 101
Trd, 4319746.393, 99
Trd, 4319747.193, 103
Trd, 4319748.643, 98
Trd, 4319749.043, 98
Trd, 4319749.143, 85
Trd, 4319753.043, 94
Trd, 4319755.143, 94
Trd, 4319756.043, 93
Trd, 4319756.343, 95
Trd, 4319758.843, 96
Trd, 4319759.143, 95
Trd, 4319761.943, 94
Trd, 4319764.743, 93
Trd, 4319765.943, 96
Trd, 4319766.693, 94
Trd, 4319768.143, 97
Trd, 4319769.493, 93
Trd, 4319770.993, 93
Trd, 4319771.643, 93
Trd, 4319772.493, 98
Trd, 4319774.143, 92
Trd, 4319777.793, 94
Trd, 4319778.293, 94
Trd, 4319779.543, 93
Trd, 4319779.793, 93
Trd, 4319781.143, 104
Trd, 4319782.143, 92
Trd, 4319783.043, 92
Trd, 4319783.793, 98
Trd, 4319785.893, 99
Trd, 4319786.593, 98
Trd, 4319787.343, 97
Trd, 4319789.843, 98
Trd, 4319791.793, 97
Trd, 4319792.543, 100
Trd, 4319793.693, 96
Trd, 4319796.043, 96
Trd, 4319797.643, 96
Trd, 4319800.193, 97
Trd, 4319800.543, 96
Trd, 4319803.443, 104
Trd, 4319804.143, 95
Trd, 4319804.343, 101
Trd, 4319806.543, 96
Trd, 4319808.093, 96
Trd, 4319810.193, 97
Trd, 4319811.043, 96
Trd, 4319811.593, 95
Trd, 4319811.693, 95
Trd, 4319812.243, 96
Trd, 4319815.243, 94
Trd, 4319816.293, 94
Trd, 4319817.143, 96
Trd, 4319817.443, 96
Trd, 4319818.843, 97
Trd, 4319819.293, 96
Trd, 4319819.343, 94
Trd, 4319819.793, 104
Trd, 4319822.943, 95
Trd, 4319823.693, 100
Trd, 4319825.843, 94
Trd, 4319827.593, 98
Trd, 4319828.443, 93
Trd, 4319831.593, 97
Trd, 4319833.693, 97
Trd, 4319833.793, 96
Trd, 4319834.193, 104
Trd, 4319834.593, 94
Trd, 4319837.993, 96
Trd, 4319839.293, 93
Trd, 4319839.493, 92
Trd, 4319839.993, 88
Trd, 4319841.793, 89
Trd, 4319845.743, 89
Trd, 4319845.793, 88
Trd, 4319847.643, 95
Trd, 4319848.193, 92
Trd, 4319848.793, 94
Trd, 4319848.843, 94
Trd, 4319850.343, 92
Trd, 4319851.143, 96
Trd, 4319852.593, 95
Trd, 4319855.143, 104
Trd, 4319857.443, 97
Trd, 4319860.093, 99
Trd, 4319860.243, 99
Trd, 4319860.643, 97
Trd, 4319861.993, 94
Trd, 4319863.743, 95
Trd, 4319865.343, 97
Trd, 4319866.343, 94
Trd, 4319867.443, 94
Trd, 4319870.643, 97
Trd, 4319872.193, 95
Trd, 4319873.593, 95
Trd, 4319876.093, 96
Trd, 4319876.943, 95
Trd, 4319877.643, 97
Trd, 4319880.143, 95
Trd, 4319880.593, 96
Trd, 4319882.493, 95
Trd, 4319883.543, 98
Trd, 4319886.393, 96
Trd, 4319886.443, 95
Trd, 4319887.093, 94
Trd, 4319888.443, 97
Trd, 4319888.993, 97
Trd, 4319890.593, 97
Trd, 4319890.643, 104
Trd, 4319892.393, 96
Trd, 4319893.393, 94
Trd, 4319896.243, 94
Trd, 4319896.293, 96
Trd, 4319897.743, 95
Trd, 4319901.843, 96
Trd, 4319902.593, 95
Trd, 4319902.993, 94
Trd, 4319903.593, 96
Trd, 4319906.643, 96
Trd, 4319907.693, 94
Trd, 4319909.793, 93
Trd, 4319909.843, 93
Trd, 4319909.893, 93
Trd, 4319912.243, 93
Trd, 4319913.743, 96
Trd, 4319914.343, 101
Trd, 4319914.743, 92
Trd, 4319915.743, 92
Trd, 4319921.843, 96
Trd, 4319922.293, 96
Trd, 4319922.393, 93
Trd, 4319922.493, 97
Trd, 4319925.043, 97
Trd, 4319925.693, 96
Trd, 4319927.093, 112
Trd, 4319928.443, 101
Trd, 4319929.143, 100
Trd, 4319930.293, 99
Trd, 4319933.793, 99
Trd, 4319935.443, 103
Trd, 4319935.643, 101
Trd, 4319936.343, 102
Trd, 4319937.943, 101
Trd, 4319938.843, 100
Trd, 4319941.143, 100
Trd, 4319943.243, 100
Trd, 4319943.943, 104
Trd, 4319944.693, 99
Trd, 4319946.093, 97
Trd, 4319946.493, 103
Trd, 4319949.993, 98
Trd, 4319951.043, 100
Trd, 4319951.543, 99
Trd, 4319953.943, 101
Trd, 4319954.193, 100
Trd, 4319954.943, 99
Trd, 4319955.743, 98
Trd, 4319956.793, 99
Trd, 4319958.293, 99
Trd, 4319959.143, 98
Trd, 4319959.793, 101
Trd, 4319960.793, 94
Trd, 4319962.743, 97
Trd, 4319965.143, 101
Trd, 4319965.943, 101
Trd, 4319966.843, 100
Trd, 4319967.693, 101
Trd, 4319970.293, 99
Trd, 4319971.393, 101
Trd, 4319973.043, 98
Trd, 4319975.243, 100
Trd, 4319975.843, 97
Trd, 4319977.243, 102
Trd, 4319978.193, 94
Trd, 4319981.943, 96
Trd, 4319983.043, 97
Trd, 4319983.493, 96
Trd, 4319984.243, 98
Trd, 4319985.443, 94
Trd, 4319986.343, 94
Trd, 4319988.543, 94
Trd, 4319988.593, 96
Trd, 4319990.993, 96
Trd, 4319994.143, 94
Trd, 4319994.493, 95
Trd, 4319995.093, 95
Trd, 4319996.293, 96
Trd, 4319997.693, 95
Trd, 4319997.943, 94
Trd, 4319999.793, 97
