Trd, 4317882.293, 95
Trd, 4317886.393, 95
Trd, 4317887.793, 93
Trd, 4317888.243, 95
Trd, 4317889.893, 93
Trd, 4317891.243, 94
Trd, 4317891.693, 94
Trd, 4317892.393, 104
Trd, 4317892.793, 98
Trd, 4317894.993, 97
Trd, 4317896.393, 132
Trd, 4317896.843, 106
Trd, 4317900.593, 105
Trd, 4317900.843, 105
Trd, 4317902.043, 104
Trd, 4317904.043, 103
Trd, 4317906.193, 100
Trd, 4317907.693, 101
Trd, 4317907.993, 101
Trd, 4317908.093, 100
Trd, 4317909.893, 100
Trd, 4317909.993, 104
Trd, 4317910.543, 126
Trd, 4317914.093, 104
Trd, 4317916.493, 101
Trd, 4317917.393, 102
Trd, 4317918.943, 96
Trd, 4317919.193, 102
Trd, 4317921.393, 95
Trd, 4317921.543, 96
Trd, 4317924.043, 90
Trd, 4317925.243, 91
Trd, 4317926.793, 93
Trd, 4317927.843, 94
Trd, 4317929.743, 93
Trd, 4317930.193, 93
Trd, 4317931.543, 93
Trd, 4317931.593, 94
Trd, 4317932.393, 95
Trd, 4317935.493, 95
Trd, 4317935.643, 94
Trd, 4317937.693, 93
Trd, 4317939.443, 93
Trd, 4317939.793, 93
Trd, 4317940.293, 95
Trd, 4317941.793, 94
Trd, 4317942.643, 102
Trd, 4317944.693, 96
Trd, 4317946.343, 96
Trd, 4317948.143, 96
Trd, 4317948.543, 96
Trd, 4317948.743, 96
Trd, 4317949.743, 95
Trd, 4317949.843, 100
Trd, 4317953.143, 89
Trd, 4317953.693, 91
Trd, 4317954.743, 92
Trd, 4317955.643, 92
Trd, 4317957.143, 91
Trd, 4317957.493, 92
Trd, 4317958.993, 93
Trd, 4317960.143, 91
Trd, 4317961.093, 95
Trd, 4317962.893, 92
Trd, 4317963.593, 92
Trd, 4317965.593, 93
Trd, 4317966.443, 92
Trd, 4317966.743, 93
Trd, 4317968.093, 95
Trd, 4317969.293, 98
Trd, 4317969.843, 104
Trd, 4317971.943, 97
Trd, 4317973.893, 98
Trd, 4317975.293, 97
Trd, 4317975.593, 96
Trd, 4317977.693, 104
Trd, 4317978.843, 100
Trd, 4317979.393, 100
Trd, 4317980.043, 100
Trd, 4317981.043, 100
Trd, 4317983.793, 97
Trd, 4317985.293, 97
Trd, 4317985.343, 95
Trd, 4317985.943, 98
Trd, 4317986.843, 121
Trd, 4317990.243, 100
Trd, 4317991.943, 99
Trd, 4317992.193, 99
Trd, 4317993.193, 98
Trd, 4317995.543, 97
Trd, 4317995.743, 96
Trd, 4317997.243, 96
Trd, 4317997.293, 97
Trd, 4317997.643, 97
Trd, 4317999.893, 98
Trd, 4318001.193, 98
Trd, 4318001.893, 100
Trd, 4318004.443, 99
Trd, 4318006.343, 101
Trd, 4318009.493, 96
Trd, 4318010.043, 97
Trd, 4318010.143, 98
Trd, 4318010.343, 96
Trd, 4318014.593, 94
Trd, 4318015.943, 94
Trd, 4318016.343, 95
Trd, 4318016.493, 95
Trd, 4318016.793, 96
Trd, 4318016.843, 96
Trd, 4318019.943, 96
Trd, 4318020.093, 95
Trd, 4318021.743, 94
Trd, 4318022.493, 95
Trd, 4318026.493, 98
Trd, 4318026.993, 98
Trd, 4318027.043, 97
Trd, 4318027.993, 101
Trd, 4318030.343, 95
Trd, 4318030.743, 96
Trd, 4318030.843, 95
Trd, 4318032.093, 95
Trd, 4318032.343, 96
Trd, 4318033.993, 95
Trd, 4318034.493, 96
Trd, 4318035.443, 104
Trd, 4318037.093, 97
Trd, 4318037.343, 96
Trd, 4318037.743, 96
Trd, 4318039.493, 95
Trd, 4318040.043, 96
Trd, 4318041.543, 97
Trd, 4318042.493, 97
Trd, 4318043.243, 104
Trd, 4318044.343, 97
Trd, 4318044.993, 98
Trd, 4318046.043, 94
Trd, 4318047.793, 91
Trd, 4318048.543, 96
Trd, 4318050.943, 95
Trd, 4318051.243, 94
Trd, 4318051.493, 95
Trd, 4318052.043, 96
Trd, 4318053.743, 105
Trd, 4318055.143, 97
Trd, 4318056.393, 96
Trd, 4318056.893, 95
Trd, 4318058.593, 95
Trd, 4318060.393, 96
Trd, 4318062.143, 93
Trd, 4318062.843, 94
Trd, 4318064.943, 94
Trd, 4318065.293, 102
Trd, 4318067.743, 95
Trd, 4318068.093, 95
Trd, 4318068.393, 95
Trd, 4318069.243, 96
Trd, 4318071.093, 93
Trd, 4318073.043, 93
Trd, 4318073.793, 94
Trd, 4318074.443, 95
Trd, 4318077.193, 94
Trd, 4318079.843, 99
Trd, 4318080.443, 99
Trd, 4318080.643, 98
Trd, 4318080.743, 100
Trd, 4318082.093, 99
Trd, 4318082.493, 103
Trd, 4318085.643, 100
Trd, 4318087.193, 100
Trd, 4318088.793, 101
Trd, 4318089.493, 101
Trd, 4318090.443, 101
Trd, 4318090.993, 101
Trd, 4318093.143, 101
Trd, 4318094.193, 101
Trd, 4318095.393, 101
Trd, 4318097.793, 101
Trd, 4318097.843, 101
Trd, 4318100.443, 97
Trd, 4318101.093, 97
Trd, 4318101.843, 96
Trd, 4318102.593, 96
Trd, 4318104.143, 96
Trd, 4318106.543, 96
Trd, 4318107.693, 95
Trd, 4318108.743, 96
Trd, 4318109.543, 96
Trd, 4318109.993, 104
Trd, 4318112.593, 101
Trd, 4318113.843, 99
Trd, 4318114.843, 99
Trd, 4318118.243, 98
Trd, 4318118.693, 96
Trd, 4318119.593, 97
Trd, 4318120.343, 95
Trd, 4318123.293, 90
Trd, 4318123.493, 104
Trd, 4318124.243, 94
Trd, 4318126.293, 94
Trd, 4318126.643, 95
Trd, 4318129.193, 94
Trd, 4318129.443, 94
Trd, 4318129.743, 93
Trd, 4318131.893, 94
Trd, 4318132.193, 93
Trd, 4318134.043, 95
Trd, 4318134.993, 95
Trd, 4318137.343, 94
Trd, 4318138.093, 95
Trd, 4318138.793, 102
Trd, 4318141.543, 96
Trd, 4318141.893, 104
Trd, 4318143.493, 96
Trd, 4318144.243, 95
Trd, 4318144.643, 96
Trd, 4318146.343, 96
Trd, 4318146.593, 97
Trd, 4318147.943, 96
Trd, 4318151.893, 95
Trd, 4318152.593, 96
Trd, 4318152.843, 96
Trd, 4318153.343, 104
Trd, 4318155.743, 98
Trd, 4318157.443, 96
Trd, 4318157.993, 95
Trd, 4318158.093, 95
Trd, 4318159.243, 96
Trd, 4318159.543, 97
Trd, 4318160.543, 104
Trd, 4318163.193, 99
Trd, 4318163.443, 99
Trd, 4318164.643, 99
Trd, 4318165.793, 99
Trd, 4318167.293, 104
Trd, 4318170.043, 101
Trd, 4318170.243, 100
Trd, 4318171.593, 101
Trd, 4318172.993, 100
Trd, 4318173.043, 101
Trd, 4318173.543, 128
Trd, 4318177.043, 108
Trd, 4318177.193, 107
Trd, 4318177.993, 108
Trd, 4318179.793, 108
Trd, 4318182.493, 103
Trd, 4318183.593, 102
Trd, 4318183.843, 102
Trd, 4318184.993, 100
Trd, 4318185.343, 101
Trd, 4318186.643, 102
Trd, 4318189.543, 101
Trd, 4318189.593, 102
Trd, 4318190.143, 102
Trd, 4318190.893, 101
Trd, 4318192.343, 101
Trd, 4318195.393, 101
Trd, 4318195.443, 101
Trd, 4318195.893, 103
Trd, 4318198.593, 97
Trd, 4318199.943, 92
Trd, 4318200.143, 92
Trd, 4318200.443, 92
Trd, 4318202.393, 91
Trd, 4318204.043, 92
Trd, 4318204.443, 92
Trd, 4318204.793, 95
Trd, 4318208.793, 89
Trd, 4318210.193, 88
Trd, 4318210.343, 87
Trd, 4318211.393, 88
Trd, 4318212.643, 92
Trd, 4318213.843, 94
Trd, 4318216.693, 94
Trd, 4318217.193, 95
Trd, 4318218.443, 97
Trd, 4318218.693, 104
Trd, 4318220.943, 91
Trd, 4318222.293, 89
Trd, 4318224.893, 89
Trd, 4318226.443, 88
Trd, 4318226.893, 88
Trd, 4318227.093, 91
Trd, 4318230.843, 88
Trd, 4318230.893, 88
Trd, 4318231.143, 88
Trd, 4318232.493, 88
Trd, 4318233.343, 89
Trd, 4318235.043, 95
Trd, 4318236.593, 104
Trd, 4318236.993, 101
Trd, 4318238.543, 99
Trd, 4318242.443, 99
Trd, 4318243.393, 101
Trd, 4318244.743, 102
Trd, 4318245.143, 100
Trd, 4318246.593, 99
Trd, 4318249.593, 99
Trd, 4318249.643, 98
Trd, 4318252.143, 98
Trd, 4318252.493, 97
Trd, 4318252.843, 96
Trd, 4318254.143, 96
Trd, 4318254.193, 97
Trd, 4318258.043, 96
Trd, 4318258.093, 95
Trd, 4318259.393, 96
Trd, 4318259.593, 97
Trd, 4318261.893, 97
Trd, 4318262.893, 100
Trd, 4318263.593, 101
Trd, 4318265.043, 102
Trd, 4318266.493, 100
Trd, 4318267.993, 97
Trd, 4318269.143, 97
Trd, 4318272.143, 94
Trd, 4318272.693, 95
Trd, 4318273.893, 95
Trd, 4318275.943, 95
Trd, 4318277.393, 99
Trd, 4318278.143, 98
Trd, 4318278.593, 97
Trd, 4318280.943, 100
Trd, 4318282.443, 100
Trd, 4318283.593, 101
Trd, 4318284.893, 99
Trd, 4318286.443, 98
Trd, 4318287.543, 99
Trd, 4318290.093, 97
Trd, 4318290.943, 96
Trd, 4318291.843, 96
Trd, 4318294.743, 95
Trd, 4318294.843, 96
Trd, 4318296.893, 95
Trd, 4318297.493, 96
Trd, 4318299.243, 122
Trd, 4318299.993, 103
Trd, 4318300.593, 103
Trd, 4318301.793, 102
Trd, 4318303.043, 102
Trd, 4318304.943, 100
Trd, 4318306.843, 100
Trd, 4318307.593, 99
Trd, 4318309.143, 96
Trd, 4318309.943, 95
Trd, 4318311.693, 96
Trd, 4318313.443, 97
Trd, 4318313.793, 104
Trd, 4318315.443, 122
Trd, 4318317.543, 103
Trd, 4318318.243, 103
Trd, 4318318.843, 103
Trd, 4318319.593, 103
Trd, 4318319.893, 103
Trd, 4318321.593, 101
Trd, 4318323.993, 99
Trd, 4318324.643, 99
Trd, 4318325.793, 95
Trd, 4318328.143, 92
Trd, 4318329.543, 92
Trd, 4318331.743, 91
Trd, 4318332.093, 91
Trd, 4318332.593, 95
Trd, 4318334.193, 91
Trd, 4318334.943, 92
Trd, 4318336.293, 92
Trd, 4318337.943, 94
Trd, 4318338.593, 94
Trd, 4318339.043, 94
Trd, 4318339.343, 93
Trd, 4318342.443, 94
Trd, 4318344.943, 96
Trd, 4318345.193, 101
Trd, 4318346.843, 97
Trd, 4318347.693, 97
Trd, 4318348.993, 96
Trd, 4318349.043, 97
Trd, 4318351.293, 97
Trd, 4318352.593, 96
Trd, 4318353.343, 95
Trd, 4318357.693, 93
Trd, 4318357.793, 92
Trd, 4318358.493, 94
Trd, 4318359.193, 95
Trd, 4318360.493, 95
Trd, 4318361.693, 97
Trd, 4318361.993, 104
Trd, 4318363.793, 101
Trd, 4318364.593, 103
Trd, 4318364.893, 102
Trd, 4318366.493, 102
Trd, 4318366.843, 103
Trd, 4318368.243, 102
Trd, 4318368.443, 104
Trd, 4318370.293, 104
Trd, 4318371.793, 103
Trd, 4318373.293, 103
Trd, 4318377.043, 102
Trd, 4318377.693, 102
Trd, 4318378.193, 102
Trd, 4318379.943, 100
Trd, 4318381.593, 97
Trd, 4318382.093, 99
Trd, 4318384.993, 95
Trd, 4318385.993, 93
Trd, 4318386.443, 94
Trd, 4318386.643, 95
Trd, 4318387.993, 96
Trd, 4318389.643, 95
Trd, 4318391.593, 98
Trd, 4318392.043, 97
Trd, 4318393.293, 94
Trd, 4318394.643, 92
Trd, 4318395.993, 92
Trd, 4318397.243, 92
Trd, 4318399.443, 93
Trd, 4318399.993, 94
Trd, 4318400.243, 95
Trd, 4318400.843, 94
Trd, 4318403.343, 96
Trd, 4318405.043, 100
Trd, 4318405.193, 100
Trd, 4318407.543, 100
Trd, 4318407.993, 99
Trd, 4318408.343, 99
Trd, 4318409.693, 99
Trd, 4318410.643, 100
Trd, 4318412.393, 96
Trd, 4318412.893, 95
Trd, 4318414.193, 92
Trd, 4318414.293, 92
Trd, 4318417.993, 90
Trd, 4318418.093, 88
Trd, 4318418.993, 89
Trd, 4318419.243, 95
Trd, 4318420.143, 90
Trd, 4318421.143, 92
Trd, 4318423.043, 104
Trd, 4318424.193, 103
Trd, 4318425.743, 99
Trd, 4318426.293, 99
Trd, 4318427.293, 99
Trd, 4318427.643, 99
Trd, 4318429.943, 99
Trd, 4318431.393, 103
Trd, 4318431.893, 102
Trd, 4318433.343, 101
Trd, 4318436.993, 92
Trd, 4318438.293, 87
Trd, 4318438.693, 90
Trd, 4318439.693, 89
Trd, 4318439.743, 95
Trd, 4318441.243, 92
Trd, 4318442.243, 92
Trd, 4318443.643, 92
Trd, 4318444.243, 91
Trd, 4318444.293, 95
Trd, 4318446.893, 101
Trd, 4318449.493, 95
Trd, 4318449.793, 95
Trd, 4318449.993, 94
Trd, 4318451.593, 92
Trd, 4318452.943, 91
Trd, 4318454.443, 86
Trd, 4318455.143, 104
Trd, 4318457.893, 90
Trd, 4318459.743, 91
Trd, 4318460.443, 92
Trd, 4318460.943, 94
Trd, 4318461.643, 91
Trd, 4318463.143, 91
Trd, 4318464.393, 92
Trd, 4318465.643, 92
Trd, 4318467.593, 94
Trd, 4318468.293, 95
Trd, 4318470.793, 94
Trd, 4318471.843, 94
Trd, 4318472.143, 94
Trd, 4318473.593, 104
Trd, 4318475.493, 103
Trd, 4318476.243, 98
Trd, 4318476.893, 98
Trd, 4318477.793, 98
Trd, 4318479.243, 98
Trd, 4318480.493, 99
Trd, 4318483.043, 96
Trd, 4318483.743, 92
Trd, 4318485.243, 95
Trd, 4318486.543, 96
Trd, 4318486.993, 98
Trd, 4318488.743, 98
Trd, 4318490.193, 99
Trd, 4318490.893, 97
Trd, 4318491.693, 97
Trd, 4318492.793, 97
Trd, 4318492.843, 104
Trd, 4318495.243, 100
Trd, 4318496.343, 98
Trd, 4318496.643, 97
Trd, 4318498.393, 96
Trd, 4318499.043, 97
Trd, 4318500.593, 97
Trd, 4318502.943, 95
Trd, 4318503.293, 96
Trd, 4318505.043, 94
Trd, 4318507.093, 95
Trd, 4318507.643, 96
Trd, 4318509.293, 96
Trd, 4318509.993, 95
Trd, 4318510.693, 96
Trd, 4318512.043, 94
Trd, 4318512.743, 95
Trd, 4318512.843, 96
Trd, 4318515.893, 101
Trd, 4318516.493, 100
Trd, 4318517.893, 97
Trd, 4318518.493, 97
Trd, 4318520.143, 96
Trd, 4318520.443, 96
Trd, 4318520.743, 95
Trd, 4318523.743, 91
Trd, 4318525.243, 91
Trd, 4318526.293, 92
Trd, 4318526.543, 92
Trd, 4318526.843, 104
Trd, 4318527.843, 97
Trd, 4318529.893, 95
Trd, 4318530.993, 94
Trd, 4318532.093, 94
Trd, 4318532.293, 95
Trd, 4318534.443, 94
Trd, 4318534.593, 95
Trd, 4318537.643, 95
Trd, 4318539.243, 95
Trd, 4318540.393, 95
Trd, 4318541.493, 99
Trd, 4318545.043, 96
Trd, 4318545.093, 95
Trd, 4318545.693, 95
Trd, 4318547.293, 96
Trd, 4318547.743, 96
Trd, 4318550.493, 104
Trd, 4318551.843, 98
Trd, 4318552.143, 97
Trd, 4318553.243, 98
Trd, 4318554.343, 97
Trd, 4318555.693, 96
Trd, 4318558.293, 94
Trd, 4318558.793, 93
Trd, 4318559.243, 93
Trd, 4318561.243, 91
Trd, 4318561.493, 92
Trd, 4318562.493, 92
Trd, 4318564.443, 91
Trd, 4318565.443, 91
Trd, 4318566.993, 91
Trd, 4318567.393, 91
Trd, 4318567.643, 95
Trd, 4318570.043, 91
Trd, 4318571.643, 92
Trd, 4318572.293, 95
Trd, 4318574.593, 103
Trd, 4318576.443, 96
Trd, 4318578.043, 95
Trd, 4318578.293, 96
Trd, 4318578.743, 95
Trd, 4318579.593, 95
Trd, 4318580.743, 95
Trd, 4318581.143, 105
Trd, 4318585.143, 97
Trd, 4318585.643, 96
Trd, 4318587.243, 97
Trd, 4318588.843, 99
Trd, 4318589.043, 104
Trd, 4318592.243, 97
Trd, 4318593.343, 96
Trd, 4318595.393, 96
Trd, 4318595.743, 97
Trd, 4318596.843, 97
Trd, 4318598.043, 98
Trd, 4318600.993, 97
Trd, 4318601.343, 97
Trd, 4318601.693, 96
Trd, 4318602.143, 97
Trd, 4318603.843, 96
Trd, 4318606.293, 95
Trd, 4318606.743, 102
Trd, 4318610.093, 97
Trd, 4318610.743, 97
Trd, 4318611.693, 97
Trd, 4318612.193, 97
Trd, 4318612.893, 97
Trd, 4318613.843, 104
Trd, 4318617.843, 98
Trd, 4318617.943, 100
Trd, 4318620.343, 100
Trd, 4318622.043, 100
Trd, 4318622.693, 100
Trd, 4318623.343, 103
Trd, 4318623.443, 104
Trd, 4318625.243, 102
Trd, 4318626.593, 101
Trd, 4318627.193, 100
Trd, 4318629.043, 99
Trd, 4318631.943, 94
Trd, 4318632.143, 93
Trd, 4318632.343, 94
Trd, 4318632.993, 94
Trd, 4318633.543, 95
Trd, 4318634.843, 93
Trd, 4318636.843, 95
Trd, 4318638.043, 96
Trd, 4318638.293, 95
Trd, 4318640.793, 95
Trd, 4318642.693, 94
Trd, 4318643.893, 93
Trd, 4318644.393, 93
Trd, 4318644.993, 94
Trd, 4318646.493, 95
Trd, 4318647.493, 98
Trd, 4318647.893, 97
Trd, 4318651.193, 90
Trd, 4318652.893, 87
Trd, 4318653.143, 88
Trd, 4318653.943, 88
Trd, 4318656.693, 92
Trd, 4318657.143, 92
Trd, 4318657.543, 94
Trd, 4318659.593, 92
Trd, 4318661.993, 93
Trd, 4318662.993, 95
Trd, 4318663.693, 94
Trd, 4318665.893, 101
Trd, 4318666.993, 95
Trd, 4318667.243, 95
Trd, 4318667.943, 95
Trd, 4318670.293, 92
Trd, 4318671.193, 94
Trd, 4318672.443, 93
Trd, 4318674.793, 95
Trd, 4318675.193, 94
Trd, 4318676.993, 101
Trd, 4318677.943, 97
Trd, 4318680.043, 96
Trd, 4318680.343, 96
Trd, 4318681.043, 95
Trd, 4318682.993, 96
Trd, 4318683.443, 96
Trd, 4318684.143, 95
Trd, 4318684.843, 96
Trd, 4318687.293, 96
Trd, 4318687.993, 95
Trd, 4318689.593, 96
Trd, 4318692.493, 98
Trd, 4318693.393, 97
Trd, 4318694.793, 97
Trd, 4318696.493, 99
Trd, 4318697.593, 100
Trd, 4318698.893, 100
Trd, 4318698.993, 101
Trd, 4318700.693, 102
Trd, 4318703.193, 102
Trd, 4318703.743, 102
Trd, 4318704.793, 101
Trd, 4318705.293, 100
Trd, 4318706.443, 101
Trd, 4318708.243, 100
Trd, 4318709.243, 101
Trd, 4318711.143, 97
Trd, 4318713.493, 93
Trd, 4318714.593, 92
Trd, 4318715.093, 91
Trd, 4318715.443, 93
Trd, 4318716.593, 93
Trd, 4318717.543, 93
Trd, 4318719.493, 92
Trd, 4318720.493, 92
Trd, 4318720.843, 91
Trd, 4318721.093, 95
Trd, 4318723.743, 92
Trd, 4318723.993, 90
Trd, 4318726.543, 95
Trd, 4318727.343, 91
Trd, 4318728.043, 92
Trd, 4318729.793, 93
Trd, 4318729.843, 94
Trd, 4318732.943, 93
Trd, 4318734.043, 92
Trd, 4318735.343, 91
Trd, 4318737.193, 91
Trd, 4318737.393, 91
Trd, 4318739.093, 95
Trd, 4318740.893, 97
Trd, 4318741.493, 95
Trd, 4318742.943, 97
Trd, 4318744.143, 95
Trd, 4318746.043, 94
Trd, 4318746.793, 93
Trd, 4318747.543, 94
Trd, 4318748.043, 94
Trd, 4318749.793, 95
Trd, 4318750.043, 104
Trd, 4318751.693, 98
Trd, 4318752.993, 97
Trd, 4318753.993, 97
Trd, 4318755.743, 96
Trd, 4318757.793, 93
Trd, 4318760.143, 91
Trd, 4318760.693, 92
Trd, 4318760.943, 93
Trd, 4318762.593, 94
Trd, 4318764.443, 92
Trd, 4318765.093, 94
Trd, 4318766.343, 95
Trd, 4318767.043, 95
Trd, 4318770.343, 91
Trd, 4318770.643, 92
Trd, 4318770.793, 92
Trd, 4318772.093, 92
Trd, 4318772.643, 93
Trd, 4318773.743, 94
Trd, 4318774.943, 94
Trd, 4318777.543, 95
Trd, 4318779.293, 100
Trd, 4318781.193, 101
Trd, 4318781.893, 103
Trd, 4318782.393, 104
Trd, 4318784.393, 101
Trd, 4318787.693, 95
Trd, 4318788.143, 95
Trd, 4318788.593, 96
Trd, 4318788.643, 96
Trd, 4318789.693, 95
Trd, 4318790.893, 100
Trd, 4318791.093, 104
Trd, 4318793.193, 120
Trd, 4318795.893, 99
Trd, 4318797.043, 98
Trd, 4318797.943, 96
Trd, 4318798.893, 96
Trd, 4318800.293, 97
Trd, 4318801.793, 98
Trd, 4318802.293, 98
Trd, 4318803.293, 102
Trd, 4318803.493, 103
Trd, 4318805.943, 103
Trd, 4318808.043, 99
Trd, 4318808.393, 100
Trd, 4318810.543, 99
Trd, 4318811.393, 100
Trd, 4318813.943, 100
Trd, 4318815.693, 99
Trd, 4318815.993, 98
Trd, 4318816.393, 98
Trd, 4318819.193, 100
Trd, 4318821.093, 98
Trd, 4318821.843, 97
Trd, 4318823.693, 98
Trd, 4318824.193, 97
Trd, 4318825.943, 91
Trd, 4318826.993, 96
Trd, 4318828.843, 90
Trd, 4318829.343, 91
Trd, 4318829.543, 90
Trd, 4318830.443, 104
Trd, 4318832.943, 101
Trd, 4318833.793, 101
Trd, 4318834.393, 99
Trd, 4318838.743, 94
Trd, 4318838.943, 95
Trd, 4318839.793, 94
Trd, 4318841.193, 97
Trd, 4318842.993, 96
Trd, 4318843.943, 96
Trd, 4318844.493, 95
Trd, 4318844.793, 96
Trd, 4318846.943, 104
Trd, 4318848.193, 103
Trd, 4318848.993, 107
Trd, 4318850.993, 100
Trd, 4318852.893, 100
Trd, 4318854.343, 98
Trd, 4318855.943, 98
Trd, 4318856.193, 104
Trd, 4318857.293, 98
Trd, 4318857.593, 98
Trd, 4318858.043, 97
Trd, 4318859.643, 93
Trd, 4318859.793, 97
Trd, 4318861.993, 92
Trd, 4318863.393, 91
Trd, 4318864.643, 94
Trd, 4318866.843, 93
Trd, 4318867.193, 93
Trd, 4318868.093, 94
Trd, 4318869.793, 95
Trd, 4318870.493, 104
Trd, 4318873.343, 98
Trd, 4318873.493, 99
Trd, 4318877.443, 88
Trd, 4318878.043, 88
Trd, 4318878.393, 87
Trd, 4318879.643, 93
Trd, 4318882.293, 93
Trd, 4318882.993, 94
Trd, 4318883.493, 94
Trd, 4318885.243, 93
Trd, 4318885.893, 93
Trd, 4318886.593, 104
Trd, 4318888.743, 96
Trd, 4318888.943, 97
Trd, 4318892.143, 116
Trd, 4318892.693, 110
Trd, 4318893.793, 105
Trd, 4318894.393, 104
Trd, 4318895.493, 104
Trd, 4318895.843, 103
Trd, 4318896.043, 116
Trd, 4318899.593, 108
Trd, 4318901.093, 98
Trd, 4318903.043, 102
Trd, 4318906.193, 98
Trd, 4318906.443, 98
Trd, 4318907.743, 124
Trd, 4318910.143, 106
Trd, 4318910.343, 106
Trd, 4318911.993, 106
Trd, 4318912.743, 106
Trd, 4318914.093, 95
Trd, 4318915.843, 94
Trd, 4318917.543, 125
Trd, 4318921.293, 99
Trd, 4318921.443, 99
Trd, 4318921.893, 98
Trd, 4318922.993, 95
Trd, 4318923.293, 97
Trd, 4318923.543, 96
Trd, 4318926.043, 103
Trd, 4318928.093, 97
Trd, 4318929.143, 98
Trd, 4318929.793, 97
Trd, 4318931.093, 98
Trd, 4318933.093, 98
Trd, 4318936.093, 98
Trd, 4318937.793, 97
Trd, 4318938.343, 97
Trd, 4318938.593, 99
Trd, 4318939.893, 101
Trd, 4318942.843, 100
Trd, 4318944.043, 100
Trd, 4318944.243, 101
Trd, 4318945.593, 100
Trd, 4318947.643, 98
Trd, 4318948.543, 99
Trd, 4318948.943, 98
Trd, 4318952.793, 92
Trd, 4318953.193, 93
Trd, 4318953.843, 93
Trd, 4318954.093, 93
Trd, 4318956.143, 95
Trd, 4318956.443, 93
Trd, 4318958.443, 95
Trd, 4318959.843, 95
Trd, 4318960.793, 95
Trd, 4318961.393, 95
Trd, 4318963.343, 99
Trd, 4318963.493, 101
Trd, 4318964.593, 99
Trd, 4318966.193, 102
Trd, 4318968.243, 98
Trd, 4318969.743, 92
Trd, 4318970.843, 93
Trd, 4318971.943, 93
Trd, 4318972.043, 95
Trd, 4318972.593, 96
Trd, 4318973.993, 95
Trd, 4318974.243, 94
Trd, 4318978.393, 90
Trd, 4318979.493, 91
Trd, 4318980.243, 93
Trd, 4318981.493, 92
Trd, 4318982.993, 94
Trd, 4318984.093, 94
Trd, 4318984.793, 94
Trd, 4318987.343, 94
Trd, 4318988.343, 94
Trd, 4318989.843, 104
Trd, 4318990.393, 97
Trd, 4318991.343, 104
Trd, 4318991.593, 120
Trd, 4318993.693, 103
Trd, 4318995.093, 103
Trd, 4318997.793, 104
Trd, 4318998.593, 104
Trd, 4318999.243, 103
Trd, 4319000.993, 104
Trd, 4319001.693, 102
Trd, 4319003.593, 103
Trd, 4319004.693, 103
Trd, 4319004.943, 103
Trd, 4319007.193, 101
Trd, 4319007.643, 101
Trd, 4319009.143, 100
Trd, 4319009.443, 101
Trd, 4319011.043, 100
Trd, 4319012.943, 96
Trd, 4319014.143, 94
Trd, 4319015.143, 93
Trd, 4319015.943, 92
Trd, 4319018.293, 91
Trd, 4319018.693, 92
Trd, 4319020.543, 93
Trd, 4319021.543, 95
Trd, 4319023.443, 96
Trd, 4319024.493, 96
Trd, 4319025.393, 98
Trd, 4319026.643, 96
Trd, 4319026.943, 96
Trd, 4319029.593, 88
Trd, 4319030.893, 88
Trd, 4319031.193, 89
Trd, 4319031.443, 95
Trd, 4319033.393, 92
Trd, 4319035.093, 93
Trd, 4319035.743, 94
Trd, 4319036.993, 94
Trd, 4319038.443, 94
Trd, 4319038.643, 95
Trd, 4319041.093, 95
Trd, 4319041.343, 95
Trd, 4319042.343, 94
Trd, 4319043.293, 93
Trd, 4319046.193, 92
Trd, 4319046.693, 93
Trd, 4319048.393, 95
Trd, 4319049.443, 94
Trd, 4319049.943, 95
Trd, 4319052.693, 102
Trd, 4319052.843, 100
Trd, 4319054.043, 100
Trd, 4319056.643, 100
Trd, 4319057.193, 100
Trd, 4319058.293, 101
Trd, 4319059.543, 101
Trd, 4319060.393, 102
Trd, 4319061.643, 101
Trd, 4319062.943, 102
Trd, 4319063.343, 103
Trd, 4319064.193, 100
Trd, 4319067.293, 100
Trd, 4319067.343, 99
Trd, 4319067.993, 100
Trd, 4319068.943, 99
Trd, 4319069.793, 99
Trd, 4319070.793, 98
Trd, 4319072.593, 98
Trd, 4319073.393, 97
Trd, 4319073.593, 98
Trd, 4319075.893, 100
Trd, 4319077.143, 101
Trd, 4319077.843, 100
Trd, 4319082.593, 91
Trd, 4319082.843, 92
Trd, 4319085.493, 89
Trd, 4319085.543, 90
Trd, 4319087.143, 90
Trd, 4319088.043, 95
Trd, 4319091.193, 92
Trd, 4319091.843, 90
Trd, 4319093.193, 87
Trd, 4319093.343, 89
Trd, 4319094.543, 88
Trd, 4319097.493, 87
Trd, 4319097.893, 87
Trd, 4319099.543, 88
Trd, 4319100.293, 88
Trd, 4319101.743, 89
Trd, 4319102.243, 94
Trd, 4319103.493, 95
Trd, 4319105.093, 95
Trd, 4319107.443, 99
Trd, 4319107.543, 95
Trd, 4319107.593, 100
Trd, 4319110.143, 98
Trd, 4319110.943, 97
Trd, 4319111.493, 95
Trd, 4319114.043, 92
Trd, 4319115.643, 93
Trd, 4319116.293, 92
Trd, 4319117.443, 95
Trd, 4319117.693, 95
Trd, 4319119.093, 93
Trd, 4319119.243, 94
Trd, 4319119.743, 104
Trd, 4319121.093, 97
Trd, 4319123.243, 104
Trd, 4319124.343, 103
Trd, 4319127.093, 101
Trd, 4319128.293, 97
Trd, 4319129.793, 96
Trd, 4319131.293, 96
Trd, 4319131.593, 95
Trd, 4319132.143, 97
Trd, 4319132.493, 103
Trd, 4319135.993, 103
Trd, 4319136.043, 102
Trd, 4319137.493, 103
Trd, 4319138.343, 102
Trd, 4319139.043, 102
Trd, 4319139.393, 105
Trd, 4319140.243, 102
Trd, 4319144.693, 99
Trd, 4319145.693, 97
Trd, 4319145.943, 96
Trd, 4319146.393, 96
Trd, 4319147.193, 97
Trd, 4319151.243, 97
Trd, 4319151.343, 97
Trd, 4319151.943, 95
Trd, 4319153.393, 90
Trd, 4319153.943, 90
Trd, 4319155.143, 91
Trd, 4319156.793, 94
Trd, 4319157.293, 94
Trd, 4319157.443, 95
Trd, 4319160.743, 95
Trd, 4319161.093, 104
Trd, 4319163.443, 95
Trd, 4319163.743, 95
Trd, 4319164.593, 95
Trd, 4319165.143, 95
Trd, 4319167.443, 92
Trd, 4319167.943, 92
Trd, 4319169.393, 104
Trd, 4319171.443, 95
Trd, 4319171.693, 96
Trd, 4319172.693, 95
Trd, 4319175.193, 96
Trd, 4319176.493, 95
Trd, 4319177.443, 97
Trd, 4319178.793, 101
Trd, 4319181.543, 93
Trd, 4319182.343, 94
Trd, 4319182.443, 94
Trd, 4319183.593, 95
Trd, 4319187.543, 97
Trd, 4319187.643, 96
Trd, 4319189.093, 94
Trd, 4319189.693, 95
Trd, 4319190.143, 95
Trd, 4319192.943, 97
Trd, 4319193.493, 97
Trd, 4319193.693, 100
Trd, 4319196.143, 98
Trd, 4319197.393, 97
Trd, 4319197.593, 97
Trd, 4319198.293, 95
Trd, 4319199.193, 95
Trd, 4319200.843, 97
Trd, 4319204.843, 90
Trd, 4319205.293, 90
Trd, 4319205.543, 90
Trd, 4319206.043, 89
Trd, 4319206.743, 90
Trd, 4319208.393, 90
Trd, 4319209.993, 95
Trd, 4319211.393, 95
Trd, 4319213.293, 96
Trd, 4319214.443, 98
Trd, 4319215.543, 96
Trd, 4319216.093, 99
Trd, 4319217.743, 97
Trd, 4319219.993, 103
Trd, 4319221.843, 101
Trd, 4319224.093, 98
Trd, 4319224.343, 97
Trd, 4319225.993, 97
Trd, 4319226.843, 95
Trd, 4319228.343, 93
Trd, 4319228.493, 95
Trd, 4319230.393, 92
Trd, 4319231.143, 93
Trd, 4319231.843, 93
Trd, 4319233.793, 94
Trd, 4319235.393, 92
Trd, 4319235.843, 92
Trd, 4319236.693, 93
Trd, 4319237.593, 94
Trd, 4319238.543, 91
Trd, 4319241.193, 94
Trd, 4319241.443, 94
Trd, 4319241.693, 95
Trd, 4319243.743, 95
Trd, 4319245.343, 92
Trd, 4319245.893, 93
Trd, 4319249.993, 92
Trd, 4319250.393, 92
Trd, 4319250.443, 93
Trd, 4319251.443, 93
Trd, 4319251.593, 95
Trd, 4319252.793, 95
Trd, 4319254.643, 100
Trd, 4319256.743, 95
Trd, 4319258.443, 96
Trd, 4319258.493, 96
Trd, 4319260.693, 95
Trd, 4319261.243, 95
Trd, 4319261.643, 96
Trd, 4319262.493, 95
Trd, 4319262.993, 94
Trd, 4319264.843, 94
Trd, 4319266.543, 93
Trd, 4319268.093, 93
Trd, 4319269.443, 95
Trd, 4319269.843, 95
Trd, 4319272.443, 99
Trd, 4319274.243, 98
Trd, 4319275.943, 98
Trd, 4319276.343, 98
Trd, 4319277.893, 97
Trd, 4319279.993, 97
Trd, 4319280.243, 96
Trd, 4319280.943, 96
Trd, 4319282.143, 95
Trd, 4319282.193, 96
Trd, 4319284.793, 102
Trd, 4319285.343, 98
Trd, 4319285.993, 97
Trd, 4319287.893, 95
Trd, 4319288.293, 96
Trd, 4319289.593, 99
Trd, 4319290.743, 97
Trd, 4319291.743, 104
Trd, 4319295.693, 92
Trd, 4319296.093, 94
Trd, 4319296.343, 93
Trd, 4319298.143, 94
Trd, 4319299.643, 94
Trd, 4319301.293, 90
Trd, 4319302.193, 91
Trd, 4319302.443, 91
Trd, 4319303.343, 92
Trd, 4319304.893, 95
Trd, 4319307.543, 89
Trd, 4319307.643, 90
Trd, 4319308.543, 90
Trd, 4319309.993, 93
Trd, 4319310.743, 95
Trd, 4319312.993, 95
Trd, 4319314.543, 99
Trd, 4319316.443, 100
Trd, 4319317.593, 98
Trd, 4319320.193, 90
Trd, 4319320.493, 92
Trd, 4319321.793, 90
Trd, 4319322.343, 90
Trd, 4319322.943, 91
Trd, 4319325.793, 92
Trd, 4319326.743, 95
Trd, 4319327.593, 94
Trd, 4319328.243, 95
Trd, 4319330.093, 95
Trd, 4319330.943, 94
Trd, 4319331.093, 94
Trd, 4319333.043, 91
Trd, 4319334.743, 90
Trd, 4319335.093, 89
Trd, 4319335.693, 91
Trd, 4319336.043, 105
Trd, 4319338.943, 94
Trd, 4319338.993, 93
Trd, 4319340.743, 94
Trd, 4319341.593, 95
Trd, 4319342.193, 95
Trd, 4319344.243, 99
Trd, 4319344.693, 103
Trd, 4319347.293, 103
Trd, 4319350.343, 101
Trd, 4319351.443, 104
Trd, 4319352.093, 101
Trd, 4319352.943, 102
Trd, 4319353.743, 101
Trd, 4319356.893, 99
Trd, 4319357.543, 99
Trd, 4319357.893, 99
Trd, 4319361.293, 95
Trd, 4319361.643, 96
Trd, 4319361.743, 95
Trd, 4319362.593, 93
Trd, 4319364.743, 92
Trd, 4319365.443, 91
Trd, 4319366.193, 92
Trd, 4319367.393, 93
Trd, 4319368.193, 95
Trd, 4319370.093, 102
Trd, 4319372.393, 95
Trd, 4319373.743, 95
Trd, 4319373.793, 96
Trd, 4319375.893, 93
Trd, 4319376.543, 91
Trd, 4319377.293, 92
Trd, 4319379.343, 92
Trd, 4319380.093, 95
Trd, 4319380.993, 94
Trd, 4319382.793, 95
Trd, 4319384.193, 96
Trd, 4319385.693, 95
Trd, 4319386.793, 94
Trd, 4319387.793, 91
Trd, 4319389.043, 91
Trd, 4319389.543, 92
Trd, 4319392.693, 92
Trd, 4319393.843, 93
Trd, 4319395.293, 94
Trd, 4319397.243, 94
Trd, 4319398.293, 95
Trd, 4319398.993, 103
Trd, 4319399.443, 98
Trd, 4319400.893, 104
Trd, 4319403.843, 92
Trd, 4319404.293, 91
Trd, 4319405.993, 90
Trd, 4319406.793, 88
Trd, 4319407.643, 88
Trd, 4319408.143, 87
Trd, 4319409.543, 87
Trd, 4319410.343, 89
Trd, 4319413.093, 87
Trd, 4319414.343, 86
Trd, 4319414.993, 86
Trd, 4319415.343, 87
Trd, 4319416.443, 85
Trd, 4319416.593, 84
Trd, 4319418.143, 84
Trd, 4319421.793, 89
Trd, 4319422.493, 90
Trd, 4319423.393, 89
Trd, 4319425.993, 87
Trd, 4319426.593, 86
Trd, 4319427.393, 86
Trd, 4319427.543, 95
Trd, 4319430.393, 92
Trd, 4319431.043, 91
Trd, 4319431.843, 91
Trd, 4319433.493, 91
Trd, 4319433.943, 91
Trd, 4319435.193, 91
Trd, 4319438.393, 90
Trd, 4319438.693, 91
Trd, 4319440.993, 93
Trd, 4319441.993, 93
Trd, 4319442.043, 95
Trd, 4319443.293, 93
Trd, 4319444.243, 103
Trd, 4319445.593, 96
Trd, 4319447.243, 95
Trd, 4319452.743, 98
Trd, 4319453.143, 98
Trd, 4319453.343, 98
Trd, 4319454.743, 99
Trd, 4319457.493, 97
Trd, 4319457.943, 98
Trd, 4319459.943, 97
Trd, 4319460.643, 97
Trd, 4319461.793, 97
Trd, 4319463.293, 97
Trd, 4319464.993, 96
Trd, 4319465.443, 96
Trd, 4319466.693, 95
Trd, 4319469.993, 93
Trd, 4319470.043, 94
Trd, 4319470.293, 93
Trd, 4319471.793, 95
Trd, 4319473.643, 93
Trd, 4319474.543, 95
Trd, 4319475.543, 94
Trd, 4319475.643, 95
Trd, 4319476.593, 96
Trd, 4319477.893, 96
Trd, 4319477.943, 98
Trd, 4319479.643, 100
Trd, 4319480.493, 99
Trd, 4319483.093, 96
Trd, 4319483.793, 96
Trd, 4319485.143, 95
Trd, 4319485.493, 95
Trd, 4319486.793, 104
Trd, 4319488.943, 96
Trd, 4319489.043, 97
Trd, 4319489.843, 98
Trd, 4319490.443, 97
Trd, 4319491.093, 97
Trd, 4319492.643, 95
Trd, 4319493.693, 95
Trd, 4319493.893, 94
Trd, 4319495.543, 95
Trd, 4319496.143, 124
Trd, 4319499.243, 101
Trd, 4319500.593, 97
Trd, 4319501.093, 97
Trd, 4319501.693, 98
Trd, 4319501.943, 98
Trd, 4319502.793, 98
Trd, 4319505.093, 97
Trd, 4319507.543, 97
Trd, 4319507.643, 97
Trd, 4319508.343, 96
Trd, 4319509.993, 97
Trd, 4319511.293, 101
Trd, 4319511.643, 99
Trd, 4319513.343, 99
Trd, 4319515.543, 99
Trd, 4319517.043, 99
Trd, 4319519.243, 99
Trd, 4319519.343, 98
Trd, 4319521.043, 100
Trd, 4319523.993, 96
Trd, 4319524.493, 96
Trd, 4319524.643, 96
Trd, 4319525.643, 97
Trd, 4319527.643, 95
Trd, 4319529.143, 92
Trd, 4319529.543, 91
Trd, 4319529.643, 93
Trd, 4319531.943, 94
Trd, 4319533.393, 94
Trd, 4319533.793, 95
Trd, 4319533.993, 124
Trd, 4319536.743, 99
Trd, 4319537.093, 99
Trd, 4319538.393, 99
Trd, 4319540.193, 98
Trd, 4319541.443, 99
Trd, 4319542.293, 99
Trd, 4319543.193, 98
Trd, 4319545.643, 99
Trd, 4319547.393, 96
Trd, 4319547.643, 96
Trd, 4319547.943, 95
Trd, 4319548.293, 95
Trd, 4319550.593, 96
Trd, 4319551.593, 97
Trd, 4319552.943, 97
Trd, 4319554.093, 100
Trd, 4319556.993, 94
Trd, 4319557.143, 95
Trd, 4319557.343, 97
Trd, 4319559.593, 97
Trd, 4319561.193, 95
Trd, 4319562.193, 94
Trd, 4319562.393, 93
Trd, 4319563.693, 94
Trd, 4319565.093, 93
Trd, 4319566.093, 94
Trd, 4319566.693, 94
Trd, 4319567.793, 95
Trd, 4319570.893, 100
Trd, 4319571.293, 100
Trd, 4319571.793, 100
Trd, 4319573.143, 95
Trd, 4319574.143, 96
Trd, 4319575.543, 99
Trd, 4319575.893, 104
Trd, 4319576.693, 132
Trd, 4319578.943, 106
Trd, 4319580.443, 102
Trd, 4319581.743, 102
Trd, 4319582.843, 102
Trd, 4319585.443, 100
Trd, 4319587.593, 98
Trd, 4319587.993, 98
Trd, 4319588.293, 99
Trd, 4319589.643, 102
Trd, 4319591.043, 104
Trd, 4319592.293, 105
Trd, 4319593.593, 104
Trd, 4319594.293, 103
Trd, 4319594.693, 103
Trd, 4319596.693, 99
Trd, 4319597.843, 99
Trd, 4319598.493, 100
Trd, 4319600.093, 96
Trd, 4319600.243, 97
Trd, 4319603.643, 97
Trd, 4319605.943, 96
Trd, 4319606.043, 95
Trd, 4319607.593, 94
Trd, 4319609.043, 92
Trd, 4319609.293, 92
Trd, 4319610.193, 95
Trd, 4319611.293, 95
Trd, 4319611.443, 94
Trd, 4319612.193, 101
Trd, 4319616.393, 95
Trd, 4319618.243, 94
Trd, 4319618.643, 94
Trd, 4319620.443, 97
Trd, 4319621.293, 99
Trd, 4319622.193, 98
Trd, 4319624.093, 98
Trd, 4319624.643, 98
Trd, 4319625.393, 97
Trd, 4319626.543, 96
Trd, 4319628.193, 97
Trd, 4319630.043, 97
Trd, 4319631.443, 97
Trd, 4319631.893, 96
Trd, 4319633.793, 95
Trd, 4319633.943, 95
Trd, 4319636.143, 90
Trd, 4319636.293, 90
Trd, 4319637.393, 92
Trd, 4319641.493, 99
Trd, 4319642.243, 95
Trd, 4319644.043, 96
Trd, 4319644.243, 99
Trd, 4319646.093, 96
Trd, 4319646.543, 95
Trd, 4319647.743, 95
Trd, 4319649.093, 96
Trd, 4319651.343, 94
Trd, 4319651.743, 97
Trd, 4319653.093, 104
Trd, 4319654.043, 94
Trd, 4319654.493, 95
Trd, 4319654.693, 97
Trd, 4319657.343, 104
Trd, 4319658.843, 104
Trd, 4319659.693, 105
Trd, 4319659.893, 103
Trd, 4319661.443, 107
Trd, 4319663.893, 104
Trd, 4319664.293, 103
Trd, 4319664.493, 104
Trd, 4319667.193, 103
Trd, 4319670.093, 101
Trd, 4319670.443, 101
Trd, 4319671.593, 99
Trd, 4319672.393, 99
Trd, 4319673.743, 97
Trd, 4319676.193, 97
Trd, 4319676.643, 96
Trd, 4319677.793, 96
Trd, 4319678.243, 98
Trd, 4319678.343, 124
Trd, 4319683.943, 101
Trd, 4319684.043, 101
Trd, 4319684.443, 99
Trd, 4319684.693, 99
Trd, 4319686.343, 99
Trd, 4319688.093, 99
Trd, 4319689.343, 99
Trd, 4319690.343, 98
Trd, 4319691.143, 99
Trd, 4319692.343, 98
Trd, 4319694.993, 94
Trd, 4319697.743, 91
Trd, 4319697.893, 90
Trd, 4319698.143, 93
Trd, 4319701.143, 92
Trd, 4319702.593, 93
Trd, 4319703.293, 92
Trd, 4319703.743, 92
Trd, 4319705.893, 96
Trd, 4319706.893, 95
Trd, 4319708.993, 96
Trd, 4319709.043, 95
Trd, 4319709.143, 95
Trd, 4319710.643, 96
Trd, 4319712.043, 96
Trd, 4319715.193, 97
Trd, 4319716.693, 96
Trd, 4319718.893, 95
Trd, 4319719.143, 95
Trd, 4319720.543, 95
Trd, 4319721.043, 95
Trd, 4319723.943, 95
Trd, 4319726.143, 94
Trd, 4319726.293, 94
Trd, 4319728.193, 101
Trd, 4319729.343, 100
Trd, 4319730.693, 98
Trd, 4319730.943, 96
Trd, 4319732.043, 104
Trd, 4319733.793, 97
Trd, 4319733.843, 98
Trd, 4319734.843, 95
Trd, 4319736.293, 95
Trd, 4319738.943, 94
Trd, 4319739.893, 94
Trd, 4319740.243, 94
Trd, 4319740.593, 95
Trd, 4319740.793, 104
Trd, 4319741.293, 132
Trd, 4319745.193, 97
Trd, 4319745.543, 98
Trd, 4319745.843, 97
Trd, 4319747.993, 95
Trd, 4319748.293, 96
Trd, 4319750.043, 95
Trd, 4319750.593, 95
Trd, 4319754.143, 95
Trd, 4319755.093, 96
Trd, 4319755.593, 96
Trd, 4319756.193, 95
Trd, 4319759.693, 90
Trd, 4319760.143, 91
Trd, 4319762.543, 93
Trd, 4319763.093, 93
Trd, 4319765.143, 93
Trd, 4319765.893, 93
Trd, 4319768.643, 94
Trd, 4319770.843, 90
Trd, 4319771.743, 91
Trd, 4319772.893, 92
Trd, 4319774.243, 95
Trd, 4319775.293, 98
Trd, 4319776.493, 102
Trd, 4319777.593, 98
Trd, 4319778.693, 97
Trd, 4319779.893, 97
Trd, 4319782.493, 94
Trd, 4319783.243, 97
Trd, 4319784.293, 97
Trd, 4319786.443, 95
Trd, 4319786.843, 96
Trd, 4319787.993, 104
Trd, 4319789.743, 96
Trd, 4319790.493, 95
Trd, 4319791.043, 95
Trd, 4319791.893, 96
Trd, 4319793.343, 95
Trd, 4319793.643, 94
Trd, 4319795.543, 95
Trd, 4319796.393, 99
Trd, 4319796.543, 96
Trd, 4319800.693, 91
Trd, 4319801.193, 91
Trd, 4319801.543, 92
Trd, 4319801.943, 91
Trd, 4319805.043, 91
Trd, 4319806.143, 94
Trd, 4319806.293, 92
Trd, 4319809.843, 93
Trd, 4319810.893, 93
Trd, 4319811.493, 94
Trd, 4319811.743, 94
Trd, 4319813.243, 103
Trd, 4319813.443, 101
Trd, 4319814.143, 104
Trd, 4319817.893, 91
Trd, 4319818.643, 90
Trd, 4319819.293, 91
Trd, 4319821.643, 94
Trd, 4319822.543, 93
Trd, 4319824.693, 88
Trd, 4319826.443, 89
Trd, 4319827.193, 88
Trd, 4319827.493, 88
Trd, 4319827.593, 89
Trd, 4319829.443, 88
Trd, 4319831.343, 95
Trd, 4319831.793, 95
Trd, 4319833.893, 96
Trd, 4319834.493, 95
Trd, 4319835.093, 95
Trd, 4319836.193, 95
Trd, 4319837.843, 93
Trd, 4319839.043, 93
Trd, 4319840.443, 92
Trd, 4319842.093, 94
Trd, 4319842.743, 94
Trd, 4319843.493, 95
Trd, 4319844.043, 94
Trd, 4319845.893, 94
Trd, 4319847.493, 95
Trd, 4319847.793, 94
Trd, 4319848.043, 94
Trd, 4319849.893, 89
Trd, 4319850.843, 93
Trd, 4319853.193, 91
Trd, 4319854.293, 95
Trd, 4319854.443, 104
Trd, 4319855.943, 96
Trd, 4319856.643, 97
Trd, 4319859.393, 98
Trd, 4319861.043, 101
Trd, 4319863.143, 96
Trd, 4319863.643, 96
Trd, 4319864.793, 104
Trd, 4319866.393, 96
Trd, 4319866.993, 95
Trd, 4319869.543, 87
Trd, 4319871.593, 88
Trd, 4319871.643, 89
Trd, 4319872.393, 92
Trd, 4319873.493, 90
Trd, 4319874.893, 92
Trd, 4319875.693, 104
Trd, 4319877.093, 97
Trd, 4319877.543, 97
Trd, 4319879.993, 99
Trd, 4319880.093, 104
Trd, 4319882.693, 101
Trd, 4319885.143, 99
Trd, 4319886.743, 99
Trd, 4319888.243, 99
Trd, 4319888.393, 99
Trd, 4319889.643, 98
Trd, 4319893.593, 95
Trd, 4319894.443, 96
Trd, 4319895.043, 96
Trd, 4319895.243, 95
Trd, 4319897.243, 95
Trd, 4319897.993, 96
Trd, 4319898.343, 104
Trd, 4319899.893, 96
Trd, 4319901.643, 95
Trd, 4319902.093, 114
Trd, 4319902.993, 106
Trd, 4319905.743, 107
Trd, 4319907.893, 106
Trd, 4319910.343, 104
Trd, 4319911.843, 103
Trd, 4319912.743, 102
Trd, 4319914.243, 102
Trd, 4319915.643, 100
Trd, 4319916.343, 100
Trd, 4319917.393, 99
Trd, 4319918.543, 99
Trd, 4319919.343, 100
Trd, 4319921.543, 100
Trd, 4319922.293, 99
Trd, 4319923.243, 100
Trd, 4319923.593, 100
Trd, 4319925.293, 100
Trd, 4319925.343, 99
Trd, 4319926.843, 101
Trd, 4319929.693, 100
Trd, 4319929.943, 100
Trd, 4319931.343, 98
Trd, 4319932.043, 98
Trd, 4319934.543, 92
Trd, 4319936.393, 90
Trd, 4319936.643, 90
Trd, 4319937.743, 91
Trd, 4319939.443, 91
Trd, 4319939.893, 95
Trd, 4319942.193, 94
Trd, 4319943.143, 101
Trd, 4319944.593, 98
Trd, 4319945.143, 97
Trd, 4319946.393, 96
Trd, 4319946.893, 97
Trd, 4319948.093, 98
Trd, 4319948.493, 99
Trd, 4319951.443, 97
Trd, 4319952.843, 97
Trd, 4319953.993, 104
Trd, 4319954.893, 97
Trd, 4319957.443, 97
Trd, 4319957.543, 96
Trd, 4319958.693, 97
Trd, 4319959.643, 97
Trd, 4319960.243, 96
Trd, 4319960.493, 97
Trd, 4319961.993, 96
Trd, 4319963.543, 95
Trd, 4319963.743, 95
Trd, 4319967.293, 94
Trd, 4319967.843, 94
Trd, 4319968.193, 95
Trd, 4319970.893, 99
Trd, 4319971.093, 101
Trd, 4319971.143, 122
Trd, 4319974.393, 102
Trd, 4319974.493, 101
Trd, 4319975.543, 102
Trd, 4319976.393, 102
Trd, 4319977.593, 102
Trd, 4319977.943, 102
Trd, 4319983.693, 96
Trd, 4319984.143, 95
Trd, 4319984.693, 96
Trd, 4319985.243, 96
Trd, 4319985.693, 95
Trd, 4319988.043, 94
Trd, 4319988.493, 95
Trd, 4319989.593, 95
Trd, 4319990.543, 95
Trd, 4319991.493, 95
Trd, 4319991.693, 132
Trd, 4319994.443, 104
Trd, 4319994.743, 104
Trd, 4319995.293, 103
Trd, 4319998.343, 104
Trd, 4319998.543, 105
Trd, 4319999.043, 103
