Trd, 4317862.993, 95
Trd, 4317863.793, 95
Trd, 4317864.243, 93
Trd, 4317865.443, 93
Trd, 4317866.893, 102
Trd, 4317867.843, 104
Trd, 4317868.693, 104
Trd, 4317868.793, 103
Trd, 4317869.943, 103
Trd, 4317870.793, 93
Trd, 4317871.143, 96
Trd, 4317871.693, 89
Trd, 4317871.893, 86
Trd, 4317873.943, 96
Trd, 4317875.543, 97
Trd, 4317876.643, 96
Trd, 4317876.943, 85
Trd, 4317878.693, 94
Trd, 4317879.393, 97
Trd, 4317879.693, 93
Trd, 4317879.893, 92
Trd, 4317880.843, 95
Trd, 4317884.943, 95
Trd, 4317885.443, 97
Trd, 4317887.643, 96
Trd, 4317893.443, 99
Trd, 4317893.993, 99
Trd, 4317894.043, 98
Trd, 4317894.093, 98
Trd, 4317894.593, 98
Trd, 4317896.493, 96
Trd, 4317898.243, 96
Trd, 4317900.243, 98
Trd, 4317901.293, 95
Trd, 4317902.743, 86
Trd, 4317903.293, 90
Trd, 4317905.093, 95
Trd, 4317905.543, 95
Trd, 4317908.593, 97
Trd, 4317909.593, 96
Trd, 4317909.793, 97
Trd, 4317910.643, 96
Trd, 4317911.493, 94
Trd, 4317912.543, 96
Trd, 4317912.893, 95
Trd, 4317913.993, 94
Trd, 4317914.893, 95
Trd, 4317916.143, 96
Trd, 4317916.643, 96
Trd, 4317917.643, 95
Trd, 4317917.843, 95
Trd, 4317922.143, 92
Trd, 4317922.343, 92
Trd, 4317922.643, 90
Trd, 4317923.793, 92
Trd, 4317924.543, 91
Trd, 4317926.093, 95
Trd, 4317928.043, 94
Trd, 4317929.643, 94
Trd, 4317929.993, 94
Trd, 4317930.543, 93
Trd, 4317932.693, 95
Trd, 4317932.843, 93
Trd, 4317934.093, 92
Trd, 4317936.243, 95
Trd, 4317936.343, 92
Trd, 4317936.993, 91
Trd, 4317938.293, 91
Trd, 4317939.093, 91
Trd, 4317940.743, 92
Trd, 4317944.643, 92
Trd, 4317945.743, 92
Trd, 4317946.493, 94
Trd, 4317946.843, 95
Trd, 4317947.743, 95
Trd, 4317948.793, 99
Trd, 4317948.843, 97
Trd, 4317949.793, 97
Trd, 4317950.143, 97
Trd, 4317952.343, 88
Trd, 4317954.693, 93
Trd, 4317955.543, 96
Trd, 4317957.493, 95
Trd, 4317957.743, 96
Trd, 4317958.743, 96
Trd, 4317959.043, 95
Trd, 4317961.943, 100
Trd, 4317962.243, 100
Trd, 4317962.893, 98
Trd, 4317963.493, 97
Trd, 4317965.693, 99
Trd, 4317968.093, 98
Trd, 4317968.243, 99
Trd, 4317968.743, 98
Trd, 4317972.093, 98
Trd, 4317973.893, 99
Trd, 4317975.843, 98
Trd, 4317976.093, 97
Trd, 4317978.443, 99
Trd, 4317978.993, 99
Trd, 4317979.043, 96
Trd, 4317979.093, 94
Trd, 4317980.543, 87
Trd, 4317982.893, 100
Trd, 4317984.543, 98
Trd, 4317984.993, 95
Trd, 4317986.043, 97
Trd, 4317986.143, 95
Trd, 4317987.893, 96
Trd, 4317990.343, 97
Trd, 4317990.843, 96
Trd, 4317991.043, 94
Trd, 4317992.643, 94
Trd, 4317993.293, 92
Trd, 4317994.993, 93
Trd, 4317997.343, 93
Trd, 4317998.943, 95
Trd, 4317999.093, 93
Trd, 4318003.343, 96
Trd, 4318004.593, 95
Trd, 4318006.593, 95
Trd, 4318008.843, 95
Trd, 4318011.593, 95
Trd, 4318011.893, 94
Trd, 4318013.543, 94
Trd, 4318015.443, 95
Trd, 4318016.443, 95
Trd, 4318017.193, 95
Trd, 4318017.393, 94
Trd, 4318018.393, 101
Trd, 4318021.343, 96
Trd, 4318021.793, 97
Trd, 4318021.843, 94
Trd, 4318023.543, 96
Trd, 4318024.993, 87
Trd, 4318025.693, 89
Trd, 4318025.843, 92
Trd, 4318028.893, 94
Trd, 4318030.793, 94
Trd, 4318031.743, 93
Trd, 4318034.193, 94
Trd, 4318034.343, 94
Trd, 4318034.393, 92
Trd, 4318038.393, 92
Trd, 4318039.593, 93
Trd, 4318041.393, 94
Trd, 4318042.243, 94
Trd, 4318042.693, 92
Trd, 4318043.693, 92
Trd, 4318044.593, 91
Trd, 4318047.543, 95
Trd, 4318049.093, 95
Trd, 4318050.993, 95
Trd, 4318053.193, 94
Trd, 4318055.143, 94
Trd, 4318055.393, 94
Trd, 4318056.293, 92
Trd, 4318058.093, 92
Trd, 4318060.693, 93
Trd, 4318060.893, 93
Trd, 4318064.843, 92
Trd, 4318067.643, 93
Trd, 4318070.243, 96
Trd, 4318070.943, 96
Trd, 4318071.643, 95
Trd, 4318073.193, 96
Trd, 4318073.693, 96
Trd, 4318074.293, 95
Trd, 4318077.943, 96
Trd, 4318078.243, 96
Trd, 4318078.893, 97
Trd, 4318080.343, 96
Trd, 4318080.593, 96
Trd, 4318081.793, 97
Trd, 4318082.243, 97
Trd, 4318083.293, 95
Trd, 4318085.543, 97
Trd, 4318085.843, 95
Trd, 4318085.893, 95
Trd, 4318087.493, 94
Trd, 4318087.943, 97
Trd, 4318091.593, 99
Trd, 4318092.343, 98
Trd, 4318092.843, 100
Trd, 4318093.493, 98
Trd, 4318095.293, 98
Trd, 4318095.843, 98
Trd, 4318096.393, 101
Trd, 4318098.093, 100
Trd, 4318098.193, 99
Trd, 4318098.493, 86
Trd, 4318102.443, 98
Trd, 4318103.493, 97
Trd, 4318103.843, 97
Trd, 4318105.093, 98
Trd, 4318105.393, 96
Trd, 4318106.393, 97
Trd, 4318107.643, 97
Trd, 4318109.393, 96
Trd, 4318110.593, 96
Trd, 4318110.893, 95
Trd, 4318114.943, 97
Trd, 4318115.793, 95
Trd, 4318118.243, 98
Trd, 4318119.093, 97
Trd, 4318121.393, 96
Trd, 4318123.193, 98
Trd, 4318123.493, 94
Trd, 4318124.493, 96
Trd, 4318124.793, 94
Trd, 4318125.993, 93
Trd, 4318128.093, 92
Trd, 4318129.793, 93
Trd, 4318131.043, 94
Trd, 4318132.993, 96
Trd, 4318133.643, 95
Trd, 4318135.643, 95
Trd, 4318137.243, 96
Trd, 4318138.693, 95
Trd, 4318140.643, 96
Trd, 4318142.043, 96
Trd, 4318142.593, 95
Trd, 4318143.643, 96
Trd, 4318144.543, 95
Trd, 4318144.993, 94
Trd, 4318147.143, 94
Trd, 4318149.093, 96
Trd, 4318149.293, 95
Trd, 4318151.593, 94
Trd, 4318153.493, 96
Trd, 4318153.643, 94
Trd, 4318155.643, 94
Trd, 4318156.693, 93
Trd, 4318157.843, 93
Trd, 4318158.043, 92
Trd, 4318160.043, 94
Trd, 4318161.593, 94
Trd, 4318163.093, 94
Trd, 4318166.893, 96
Trd, 4318168.293, 93
Trd, 4318168.593, 94
Trd, 4318170.193, 95
Trd, 4318171.543, 96
Trd, 4318172.293, 95
Trd, 4318172.643, 94
Trd, 4318174.193, 93
Trd, 4318175.893, 93
Trd, 4318178.893, 95
Trd, 4318179.193, 97
Trd, 4318179.843, 97
Trd, 4318182.593, 95
Trd, 4318184.443, 94
Trd, 4318185.343, 94
Trd, 4318186.143, 97
Trd, 4318186.643, 96
Trd, 4318188.243, 96
Trd, 4318190.343, 94
Trd, 4318191.743, 96
Trd, 4318193.743, 95
Trd, 4318193.793, 94
Trd, 4318196.393, 97
Trd, 4318199.643, 95
Trd, 4318200.093, 94
Trd, 4318200.893, 95
Trd, 4318202.743, 96
Trd, 4318205.693, 96
Trd, 4318205.743, 94
Trd, 4318208.393, 97
Trd, 4318209.143, 96
Trd, 4318211.893, 96
Trd, 4318213.193, 96
Trd, 4318213.543, 95
Trd, 4318214.243, 95
Trd, 4318216.343, 94
Trd, 4318218.493, 95
Trd, 4318219.593, 94
Trd, 4318220.443, 95
Trd, 4318221.443, 95
Trd, 4318221.543, 95
Trd, 4318223.193, 95
Trd, 4318223.743, 94
Trd, 4318226.093, 93
Trd, 4318226.943, 93
Trd, 4318229.393, 94
Trd, 4318229.893, 95
Trd, 4318231.593, 94
Trd, 4318231.843, 94
Trd, 4318235.243, 98
Trd, 4318235.843, 98
Trd, 4318235.893, 96
Trd, 4318235.943, 96
Trd, 4318236.593, 91
Trd, 4318239.843, 95
Trd, 4318240.743, 97
Trd, 4318240.993, 96
Trd, 4318241.943, 97
Trd, 4318242.193, 97
Trd, 4318242.593, 96
Trd, 4318243.843, 95
Trd, 4318247.443, 96
Trd, 4318247.943, 97
Trd, 4318249.093, 98
Trd, 4318250.493, 97
Trd, 4318251.693, 98
Trd, 4318255.243, 104
Trd, 4318255.743, 102
Trd, 4318255.843, 101
Trd, 4318256.693, 99
Trd, 4318259.293, 101
Trd, 4318259.593, 99
Trd, 4318260.843, 101
Trd, 4318262.043, 101
Trd, 4318262.793, 101
Trd, 4318263.443, 100
Trd, 4318263.693, 98
Trd, 4318264.943, 99
Trd, 4318268.293, 101
Trd, 4318269.793, 100
Trd, 4318270.343, 102
Trd, 4318270.943, 101
Trd, 4318273.543, 99
Trd, 4318275.793, 99
Trd, 4318276.143, 99
Trd, 4318278.343, 102
Trd, 4318279.893, 99
Trd, 4318281.343, 98
Trd, 4318281.743, 99
Trd, 4318284.393, 100
Trd, 4318285.243, 100
Trd, 4318285.693, 98
Trd, 4318288.243, 101
Trd, 4318289.343, 102
Trd, 4318289.643, 100
Trd, 4318291.293, 102
Trd, 4318292.293, 101
Trd, 4318293.143, 101
Trd, 4318296.743, 101
Trd, 4318297.243, 100
Trd, 4318299.493, 100
Trd, 4318300.243, 102
Trd, 4318301.443, 101
Trd, 4318302.543, 100
Trd, 4318302.743, 98
Trd, 4318306.143, 99
Trd, 4318309.343, 98
Trd, 4318310.643, 102
Trd, 4318311.893, 100
Trd, 4318312.143, 99
Trd, 4318313.043, 98
Trd, 4318313.343, 85
Trd, 4318319.193, 102
Trd, 4318320.143, 100
Trd, 4318321.243, 100
Trd, 4318321.393, 99
Trd, 4318323.193, 102
Trd, 4318324.343, 99
Trd, 4318326.143, 103
Trd, 4318326.743, 102
Trd, 4318327.243, 101
Trd, 4318328.293, 99
Trd, 4318329.143, 94
Trd, 4318332.193, 99
Trd, 4318334.643, 100
Trd, 4318337.093, 102
Trd, 4318337.343, 98
Trd, 4318338.843, 100
Trd, 4318339.993, 99
Trd, 4318340.443, 99
Trd, 4318341.293, 100
Trd, 4318342.943, 101
Trd, 4318343.793, 99
Trd, 4318345.043, 101
Trd, 4318346.743, 104
Trd, 4318347.343, 102
Trd, 4318347.543, 103
Trd, 4318349.693, 102
Trd, 4318350.893, 103
Trd, 4318350.993, 101
Trd, 4318352.643, 100
Trd, 4318355.193, 102
Trd, 4318356.293, 104
Trd, 4318356.493, 103
Trd, 4318356.543, 101
Trd, 4318357.493, 108
Trd, 4318358.593, 105
Trd, 4318359.493, 105
Trd, 4318362.843, 104
Trd, 4318364.243, 104
Trd, 4318364.293, 103
Trd, 4318365.443, 87
Trd, 4318367.493, 102
Trd, 4318371.293, 104
Trd, 4318371.393, 101
Trd, 4318372.143, 101
Trd, 4318377.343, 103
Trd, 4318377.743, 102
Trd, 4318379.543, 101
Trd, 4318379.893, 100
Trd, 4318381.093, 99
Trd, 4318382.943, 99
Trd, 4318386.743, 104
Trd, 4318386.793, 103
Trd, 4318387.493, 100
Trd, 4318391.643, 105
Trd, 4318392.343, 104
Trd, 4318392.743, 100
Trd, 4318393.643, 99
Trd, 4318394.943, 102
Trd, 4318397.843, 104
Trd, 4318398.493, 102
Trd, 4318398.593, 99
Trd, 4318401.943, 104
Trd, 4318402.843, 102
Trd, 4318404.643, 103
Trd, 4318405.793, 102
Trd, 4318406.243, 101
Trd, 4318408.393, 101
Trd, 4318412.543, 100
Trd, 4318413.393, 100
Trd, 4318415.693, 104
Trd, 4318416.393, 102
Trd, 4318416.743, 103
Trd, 4318417.393, 101
Trd, 4318417.593, 100
Trd, 4318419.293, 103
Trd, 4318420.993, 103
Trd, 4318422.393, 102
Trd, 4318422.893, 103
Trd, 4318423.943, 103
Trd, 4318427.243, 102
Trd, 4318429.893, 102
Trd, 4318430.043, 101
Trd, 4318431.393, 100
Trd, 4318432.643, 102
Trd, 4318434.293, 103
Trd, 4318434.693, 102
Trd, 4318435.593, 100
Trd, 4318438.093, 103
Trd, 4318439.593, 101
Trd, 4318441.093, 102
Trd, 4318441.893, 101
Trd, 4318443.143, 101
Trd, 4318445.093, 101
Trd, 4318446.943, 101
Trd, 4318447.693, 100
Trd, 4318451.143, 100
Trd, 4318453.593, 99
Trd, 4318454.143, 101
Trd, 4318455.343, 100
Trd, 4318456.393, 100
Trd, 4318457.193, 99
Trd, 4318458.843, 99
Trd, 4318459.293, 101
Trd, 4318460.493, 101
Trd, 4318461.743, 99
Trd, 4318464.643, 100
Trd, 4318465.543, 101
Trd, 4318466.243, 99
Trd, 4318467.793, 99
Trd, 4318469.293, 97
Trd, 4318473.293, 100
Trd, 4318474.043, 100
Trd, 4318475.343, 98
Trd, 4318477.243, 101
Trd, 4318478.743, 98
Trd, 4318480.043, 99
Trd, 4318482.143, 99
Trd, 4318484.893, 101
Trd, 4318485.293, 99
Trd, 4318485.693, 97
Trd, 4318489.943, 98
Trd, 4318490.143, 98
Trd, 4318491.193, 96
Trd, 4318492.743, 95
Trd, 4318494.293, 95
Trd, 4318494.843, 94
Trd, 4318497.593, 99
Trd, 4318500.143, 100
Trd, 4318500.493, 96
Trd, 4318502.543, 98
Trd, 4318503.343, 95
Trd, 4318504.993, 98
Trd, 4318507.043, 99
Trd, 4318507.643, 99
Trd, 4318510.243, 101
Trd, 4318511.493, 100
Trd, 4318512.193, 99
Trd, 4318513.893, 99
Trd, 4318514.193, 97
Trd, 4318517.643, 101
Trd, 4318519.893, 97
Trd, 4318520.743, 100
Trd, 4318522.193, 100
Trd, 4318524.893, 100
Trd, 4318527.993, 101
Trd, 4318528.143, 101
Trd, 4318528.193, 98
Trd, 4318528.843, 97
Trd, 4318529.643, 97
Trd, 4318530.093, 96
Trd, 4318533.543, 96
Trd, 4318533.743, 96
Trd, 4318536.393, 96
Trd, 4318537.093, 95
Trd, 4318537.643, 95
Trd, 4318540.093, 95
Trd, 4318543.593, 97
Trd, 4318544.093, 95
Trd, 4318545.393, 94
Trd, 4318547.843, 93
Trd, 4318548.693, 96
Trd, 4318549.843, 98
Trd, 4318551.543, 97
Trd, 4318551.643, 95
Trd, 4318555.143, 95
Trd, 4318555.793, 96
Trd, 4318556.293, 94
Trd, 4318557.593, 87
Trd, 4318558.193, 92
Trd, 4318560.193, 92
Trd, 4318560.943, 92
Trd, 4318561.043, 86
Trd, 4318561.543, 90
Trd, 4318564.743, 92
Trd, 4318566.443, 91
Trd, 4318566.693, 91
Trd, 4318568.493, 92
Trd, 4318569.093, 91
Trd, 4318570.793, 90
Trd, 4318573.743, 92
Trd, 4318574.643, 91
Trd, 4318575.443, 90
Trd, 4318577.743, 93
Trd, 4318581.443, 94
Trd, 4318581.993, 93
Trd, 4318584.243, 94
Trd, 4318584.393, 92
Trd, 4318587.293, 93
Trd, 4318587.743, 93
Trd, 4318588.293, 94
Trd, 4318588.593, 93
Trd, 4318590.743, 92
Trd, 4318591.443, 94
Trd, 4318593.243, 92
Trd, 4318597.093, 93
Trd, 4318597.893, 91
Trd, 4318600.043, 95
Trd, 4318601.093, 94
Trd, 4318603.443, 93
Trd, 4318603.643, 92
Trd, 4318604.843, 93
Trd, 4318605.193, 94
Trd, 4318607.093, 94
Trd, 4318609.093, 93
Trd, 4318611.843, 94
Trd, 4318612.343, 94
Trd, 4318613.443, 93
Trd, 4318613.993, 93
Trd, 4318615.393, 93
Trd, 4318616.943, 92
Trd, 4318617.993, 94
Trd, 4318618.293, 92
Trd, 4318619.443, 92
Trd, 4318620.193, 88
Trd, 4318624.293, 94
Trd, 4318625.043, 93
Trd, 4318626.143, 94
Trd, 4318627.543, 93
Trd, 4318628.993, 93
Trd, 4318629.693, 91
Trd, 4318631.393, 93
Trd, 4318632.143, 91
Trd, 4318634.543, 94
Trd, 4318634.993, 92
Trd, 4318636.193, 95
Trd, 4318637.793, 93
Trd, 4318638.593, 95
Trd, 4318638.993, 95
Trd, 4318640.393, 96
Trd, 4318641.043, 94
Trd, 4318642.393, 97
Trd, 4318644.543, 96
Trd, 4318645.543, 98
Trd, 4318647.443, 98
Trd, 4318649.943, 97
Trd, 4318650.793, 96
Trd, 4318651.093, 98
Trd, 4318652.893, 98
Trd, 4318654.693, 97
Trd, 4318656.493, 96
Trd, 4318657.093, 96
Trd, 4318658.993, 97
Trd, 4318659.493, 98
Trd, 4318662.843, 98
Trd, 4318663.093, 97
Trd, 4318663.743, 97
Trd, 4318664.793, 97
Trd, 4318666.443, 96
Trd, 4318669.543, 95
Trd, 4318670.443, 94
Trd, 4318672.043, 98
Trd, 4318672.143, 96
Trd, 4318672.493, 95
Trd, 4318673.543, 94
Trd, 4318674.843, 98
Trd, 4318675.993, 94
Trd, 4318676.693, 93
Trd, 4318677.893, 95
Trd, 4318679.843, 95
Trd, 4318681.543, 97
Trd, 4318681.693, 96
Trd, 4318683.043, 96
Trd, 4318684.343, 98
Trd, 4318685.493, 97
Trd, 4318688.343, 96
Trd, 4318688.793, 94
Trd, 4318689.843, 96
Trd, 4318690.543, 97
Trd, 4318691.943, 96
Trd, 4318693.693, 97
Trd, 4318694.393, 96
Trd, 4318694.893, 97
Trd, 4318695.593, 96
Trd, 4318698.793, 97
Trd, 4318699.543, 95
Trd, 4318699.893, 94
Trd, 4318700.243, 92
Trd, 4318701.143, 97
Trd, 4318702.043, 95
Trd, 4318703.693, 87
Trd, 4318705.543, 92
Trd, 4318707.843, 93
Trd, 4318710.393, 95
Trd, 4318710.643, 93
Trd, 4318712.343, 93
Trd, 4318712.893, 93
Trd, 4318713.643, 94
Trd, 4318714.493, 96
Trd, 4318714.843, 94
Trd, 4318716.743, 97
Trd, 4318717.393, 96
Trd, 4318719.043, 96
Trd, 4318721.093, 96
Trd, 4318721.893, 95
Trd, 4318722.093, 93
Trd, 4318725.493, 97
Trd, 4318726.543, 99
Trd, 4318727.393, 100
Trd, 4318727.843, 99
Trd, 4318728.893, 96
Trd, 4318729.093, 98
Trd, 4318732.043, 96
Trd, 4318732.493, 84
Trd, 4318733.493, 86
Trd, 4318735.043, 86
Trd, 4318735.593, 87
Trd, 4318736.543, 93
Trd, 4318737.143, 95
Trd, 4318738.093, 94
Trd, 4318739.143, 95
Trd, 4318739.893, 96
Trd, 4318741.093, 95
Trd, 4318741.293, 88
Trd, 4318742.643, 86
Trd, 4318743.993, 95
Trd, 4318745.293, 97
Trd, 4318745.993, 96
Trd, 4318747.393, 93
Trd, 4318749.393, 95
Trd, 4318751.893, 95
Trd, 4318753.143, 94
Trd, 4318754.693, 96
Trd, 4318755.493, 95
Trd, 4318757.793, 95
Trd, 4318759.693, 94
Trd, 4318760.093, 94
Trd, 4318761.243, 95
Trd, 4318762.893, 94
Trd, 4318763.193, 91
Trd, 4318764.043, 92
Trd, 4318764.243, 76
Trd, 4318768.243, 95
Trd, 4318768.843, 95
Trd, 4318769.893, 86
Trd, 4318770.093, 77
Trd, 4318771.843, 90
Trd, 4318773.193, 89
Trd, 4318775.643, 89
Trd, 4318776.843, 88
Trd, 4318777.343, 87
Trd, 4318780.843, 94
Trd, 4318781.543, 92
Trd, 4318782.243, 93
Trd, 4318783.443, 93
Trd, 4318784.243, 92
Trd, 4318784.443, 90
Trd, 4318787.793, 91
Trd, 4318789.593, 95
Trd, 4318789.693, 93
Trd, 4318790.943, 94
Trd, 4318792.443, 93
Trd, 4318793.043, 93
Trd, 4318795.543, 95
Trd, 4318797.293, 92
Trd, 4318798.393, 94
Trd, 4318798.593, 93
Trd, 4318801.093, 92
Trd, 4318802.593, 95
Trd, 4318802.743, 93
Trd, 4318803.143, 91
Trd, 4318807.343, 93
Trd, 4318807.843, 92
Trd, 4318808.793, 93
Trd, 4318811.743, 94
Trd, 4318813.543, 93
Trd, 4318814.143, 94
Trd, 4318814.643, 94
Trd, 4318818.243, 93
Trd, 4318818.393, 86
Trd, 4318819.693, 91
Trd, 4318821.843, 93
Trd, 4318824.243, 95
Trd, 4318824.443, 91
Trd, 4318824.743, 91
Trd, 4318828.493, 92
Trd, 4318830.043, 95
Trd, 4318830.893, 94
Trd, 4318832.843, 94
Trd, 4318833.043, 92
Trd, 4318835.343, 95
Trd, 4318835.443, 92
Trd, 4318837.293, 92
Trd, 4318838.943, 94
Trd, 4318839.493, 92
Trd, 4318840.143, 91
Trd, 4318843.043, 93
Trd, 4318843.443, 92
Trd, 4318845.893, 94
Trd, 4318846.593, 94
Trd, 4318847.693, 93
Trd, 4318849.193, 93
Trd, 4318849.243, 92
Trd, 4318850.943, 91
Trd, 4318853.243, 94
Trd, 4318854.443, 92
Trd, 4318855.043, 92
Trd, 4318855.693, 91
Trd, 4318860.193, 93
Trd, 4318862.743, 94
Trd, 4318863.543, 93
Trd, 4318865.293, 92
Trd, 4318867.293, 95
Trd, 4318867.543, 93
Trd, 4318868.593, 93
Trd, 4318869.043, 94
Trd, 4318871.293, 93
Trd, 4318872.693, 93
Trd, 4318873.843, 92
Trd, 4318875.143, 91
Trd, 4318877.643, 92
Trd, 4318878.443, 92
Trd, 4318878.543, 91
Trd, 4318879.043, 91
Trd, 4318879.893, 90
Trd, 4318881.093, 90
Trd, 4318884.343, 93
Trd, 4318885.943, 93
Trd, 4318886.293, 90
Trd, 4318888.443, 93
Trd, 4318892.443, 92
Trd, 4318892.793, 91
Trd, 4318893.793, 93
Trd, 4318894.443, 92
Trd, 4318897.443, 92
Trd, 4318898.193, 91
Trd, 4318899.143, 92
Trd, 4318899.893, 93
Trd, 4318902.543, 93
Trd, 4318902.993, 92
Trd, 4318905.993, 93
Trd, 4318907.643, 93
Trd, 4318907.893, 92
Trd, 4318909.593, 91
Trd, 4318910.243, 95
Trd, 4318912.043, 97
Trd, 4318912.843, 96
Trd, 4318913.043, 91
Trd, 4318914.143, 86
Trd, 4318916.643, 95
Trd, 4318916.993, 94
Trd, 4318918.543, 93
Trd, 4318921.343, 93
Trd, 4318922.843, 92
Trd, 4318924.443, 95
Trd, 4318925.343, 94
Trd, 4318926.043, 93
Trd, 4318928.193, 93
Trd, 4318928.693, 92
Trd, 4318931.843, 94
Trd, 4318933.443, 95
Trd, 4318934.693, 94
Trd, 4318935.693, 92
Trd, 4318936.793, 94
Trd, 4318938.193, 93
Trd, 4318939.093, 95
Trd, 4318940.543, 94
Trd, 4318940.943, 95
Trd, 4318942.743, 92
Trd, 4318944.093, 92
Trd, 4318944.143, 92
Trd, 4318946.843, 94
Trd, 4318947.843, 95
Trd, 4318950.993, 94
Trd, 4318951.543, 92
Trd, 4318952.493, 95
Trd, 4318954.193, 96
Trd, 4318954.293, 96
Trd, 4318955.493, 86
Trd, 4318955.893, 86
Trd, 4318957.943, 88
Trd, 4318959.143, 90
Trd, 4318959.343, 89
Trd, 4318960.493, 88
Trd, 4318962.093, 89
Trd, 4318963.743, 89
Trd, 4318966.293, 88
Trd, 4318966.893, 90
Trd, 4318967.443, 88
Trd, 4318971.493, 91
Trd, 4318975.393, 90
Trd, 4318975.543, 89
Trd, 4318975.593, 86
Trd, 4318977.643, 91
Trd, 4318978.043, 88
Trd, 4318980.393, 92
Trd, 4318980.443, 91
Trd, 4318981.693, 91
Trd, 4318982.743, 91
Trd, 4318984.043, 92
Trd, 4318984.193, 91
Trd, 4318987.743, 91
Trd, 4318987.943, 91
Trd, 4318989.893, 89
Trd, 4318990.843, 90
Trd, 4318993.043, 90
Trd, 4318993.393, 89
Trd, 4318995.343, 92
Trd, 4318996.443, 90
Trd, 4318997.593, 90
Trd, 4318998.443, 92
Trd, 4318999.093, 87
Trd, 4319000.643, 90
Trd, 4319002.093, 93
Trd, 4319003.043, 95
Trd, 4319003.493, 94
Trd, 4319003.743, 96
Trd, 4319005.843, 95
Trd, 4319006.543, 96
Trd, 4319006.793, 95
Trd, 4319008.993, 94
Trd, 4319009.493, 95
Trd, 4319013.293, 94
Trd, 4319016.143, 96
Trd, 4319016.293, 94
Trd, 4319016.393, 93
Trd, 4319019.443, 97
Trd, 4319019.543, 94
Trd, 4319021.193, 98
Trd, 4319021.293, 98
Trd, 4319021.593, 97
Trd, 4319023.893, 98
Trd, 4319024.643, 97
Trd, 4319025.243, 96
Trd, 4319026.593, 92
Trd, 4319028.293, 93
Trd, 4319028.943, 91
Trd, 4319031.693, 95
Trd, 4319032.243, 94
Trd, 4319032.543, 94
Trd, 4319033.893, 93
Trd, 4319036.493, 95
Trd, 4319037.793, 94
Trd, 4319039.643, 96
Trd, 4319040.493, 97
Trd, 4319041.843, 95
Trd, 4319042.643, 95
Trd, 4319043.093, 96
Trd, 4319043.493, 94
Trd, 4319045.793, 96
Trd, 4319046.843, 94
Trd, 4319046.893, 93
Trd, 4319050.743, 96
Trd, 4319052.443, 96
Trd, 4319054.643, 98
Trd, 4319055.143, 97
Trd, 4319055.293, 96
Trd, 4319059.193, 95
Trd, 4319060.093, 95
Trd, 4319060.743, 95
Trd, 4319063.893, 95
Trd, 4319064.593, 94
Trd, 4319066.293, 96
Trd, 4319068.343, 94
Trd, 4319068.493, 94
Trd, 4319072.793, 97
Trd, 4319073.593, 97
Trd, 4319074.393, 97
Trd, 4319074.993, 94
Trd, 4319076.393, 97
Trd, 4319077.643, 96
Trd, 4319080.893, 95
Trd, 4319081.593, 97
Trd, 4319081.793, 95
Trd, 4319082.543, 97
Trd, 4319083.493, 94
Trd, 4319083.693, 94
Trd, 4319084.993, 95
Trd, 4319086.343, 96
Trd, 4319088.943, 96
Trd, 4319090.043, 97
Trd, 4319091.493, 97
Trd, 4319092.143, 96
Trd, 4319095.193, 97
Trd, 4319095.793, 95
Trd, 4319097.043, 94
Trd, 4319099.343, 95
Trd, 4319099.893, 93
Trd, 4319103.293, 96
Trd, 4319103.743, 96
Trd, 4319103.993, 95
Trd, 4319107.343, 97
Trd, 4319107.443, 96
Trd, 4319107.943, 94
Trd, 4319109.943, 95
Trd, 4319111.543, 94
Trd, 4319113.793, 97
Trd, 4319114.493, 95
Trd, 4319115.443, 96
Trd, 4319118.193, 94
Trd, 4319119.693, 97
Trd, 4319121.543, 94
Trd, 4319122.343, 93
Trd, 4319123.743, 97
Trd, 4319123.843, 94
Trd, 4319126.043, 93
Trd, 4319128.293, 95
Trd, 4319129.643, 94
Trd, 4319129.993, 93
Trd, 4319132.193, 95
Trd, 4319132.943, 93
Trd, 4319134.643, 95
Trd, 4319136.793, 97
Trd, 4319137.843, 98
Trd, 4319138.193, 97
Trd, 4319139.193, 97
Trd, 4319141.193, 96
Trd, 4319141.243, 97
Trd, 4319141.943, 95
Trd, 4319143.143, 97
Trd, 4319144.293, 96
Trd, 4319144.843, 97
Trd, 4319145.043, 96
Trd, 4319145.643, 87
Trd, 4319146.943, 95
Trd, 4319149.443, 95
Trd, 4319150.693, 94
Trd, 4319152.293, 94
Trd, 4319153.993, 93
Trd, 4319154.293, 95
Trd, 4319158.893, 94
Trd, 4319158.943, 93
Trd, 4319159.193, 92
Trd, 4319160.943, 91
Trd, 4319161.793, 94
Trd, 4319162.393, 94
Trd, 4319164.893, 93
Trd, 4319166.843, 92
Trd, 4319167.993, 95
Trd, 4319168.643, 95
Trd, 4319169.243, 94
Trd, 4319170.293, 95
Trd, 4319170.893, 95
Trd, 4319174.243, 98
Trd, 4319175.043, 98
Trd, 4319177.043, 101
Trd, 4319177.443, 100
Trd, 4319178.443, 99
Trd, 4319178.643, 99
Trd, 4319180.993, 99
Trd, 4319182.243, 100
Trd, 4319182.693, 97
Trd, 4319185.843, 102
Trd, 4319186.143, 100
Trd, 4319187.293, 101
Trd, 4319187.693, 99
Trd, 4319189.093, 102
Trd, 4319189.893, 101
Trd, 4319190.993, 102
Trd, 4319191.793, 101
Trd, 4319192.493, 93
Trd, 4319193.693, 97
Trd, 4319194.793, 98
Trd, 4319196.443, 97
Trd, 4319196.793, 92
Trd, 4319198.243, 96
Trd, 4319201.343, 96
Trd, 4319202.143, 98
Trd, 4319202.343, 97
Trd, 4319204.543, 95
Trd, 4319206.993, 96
Trd, 4319207.743, 94
Trd, 4319209.993, 95
Trd, 4319211.243, 95
Trd, 4319212.243, 95
Trd, 4319214.193, 94
Trd, 4319215.493, 97
Trd, 4319216.943, 95
Trd, 4319218.093, 96
Trd, 4319220.343, 95
Trd, 4319224.093, 95
Trd, 4319226.143, 96
Trd, 4319226.743, 93
Trd, 4319226.793, 93
Trd, 4319227.543, 93
Trd, 4319229.243, 96
Trd, 4319229.843, 95
Trd, 4319233.343, 96
Trd, 4319233.443, 94
Trd, 4319234.543, 96
Trd, 4319235.243, 93
Trd, 4319235.943, 93
Trd, 4319238.443, 95
Trd, 4319239.743, 96
Trd, 4319240.393, 94
Trd, 4319240.543, 94
Trd, 4319241.743, 93
Trd, 4319242.143, 94
Trd, 4319243.043, 93
Trd, 4319245.143, 92
Trd, 4319246.643, 94
Trd, 4319247.693, 93
Trd, 4319248.293, 95
Trd, 4319250.343, 95
Trd, 4319250.993, 94
Trd, 4319252.743, 93
Trd, 4319253.743, 94
Trd, 4319254.193, 95
Trd, 4319254.943, 94
Trd, 4319256.943, 92
Trd, 4319257.493, 92
Trd, 4319258.543, 97
Trd, 4319260.343, 97
Trd, 4319261.293, 96
Trd, 4319261.393, 96
Trd, 4319262.943, 97
Trd, 4319263.693, 95
Trd, 4319264.243, 97
Trd, 4319265.443, 95
Trd, 4319266.343, 94
Trd, 4319268.093, 99
Trd, 4319268.943, 100
Trd, 4319270.593, 100
Trd, 4319270.693, 99
Trd, 4319273.893, 101
Trd, 4319274.243, 100
Trd, 4319276.193, 98
Trd, 4319277.093, 94
Trd, 4319278.043, 96
Trd, 4319280.143, 94
Trd, 4319280.343, 94
Trd, 4319281.993, 97
Trd, 4319283.143, 96
Trd, 4319285.693, 98
Trd, 4319286.093, 98
Trd, 4319287.243, 97
Trd, 4319287.343, 97
Trd, 4319289.143, 93
Trd, 4319289.593, 97
Trd, 4319291.143, 97
Trd, 4319291.193, 96
Trd, 4319291.993, 97
Trd, 4319292.743, 95
Trd, 4319295.443, 96
Trd, 4319295.643, 95
Trd, 4319298.943, 95
Trd, 4319300.793, 97
Trd, 4319301.393, 95
Trd, 4319302.693, 95
Trd, 4319303.643, 94
Trd, 4319306.043, 95
Trd, 4319306.193, 93
Trd, 4319307.943, 96
Trd, 4319308.743, 94
Trd, 4319310.643, 97
Trd, 4319312.543, 96
Trd, 4319314.793, 97
Trd, 4319314.993, 96
Trd, 4319315.593, 97
Trd, 4319317.743, 94
Trd, 4319318.343, 93
Trd, 4319319.843, 93
Trd, 4319321.043, 94
Trd, 4319321.193, 93
Trd, 4319321.743, 94
Trd, 4319322.943, 93
Trd, 4319325.843, 93
Trd, 4319326.643, 94
Trd, 4319326.793, 93
Trd, 4319328.643, 95
Trd, 4319330.943, 95
Trd, 4319332.593, 95
Trd, 4319332.943, 94
Trd, 4319335.243, 96
Trd, 4319335.293, 95
Trd, 4319337.193, 95
Trd, 4319337.943, 94
Trd, 4319338.743, 96
Trd, 4319339.893, 95
Trd, 4319340.593, 92
Trd, 4319342.093, 92
Trd, 4319343.093, 93
Trd, 4319343.593, 91
Trd, 4319344.793, 95
Trd, 4319345.593, 94
Trd, 4319347.493, 95
Trd, 4319348.943, 95
Trd, 4319349.543, 93
Trd, 4319350.193, 96
Trd, 4319350.943, 95
Trd, 4319354.093, 96
Trd, 4319355.293, 95
Trd, 4319357.243, 97
Trd, 4319357.343, 94
Trd, 4319359.243, 98
Trd, 4319359.443, 97
Trd, 4319361.193, 98
Trd, 4319361.943, 97
Trd, 4319362.893, 98
Trd, 4319365.093, 98
Trd, 4319367.143, 97
Trd, 4319367.693, 96
Trd, 4319367.843, 96
Trd, 4319368.843, 95
Trd, 4319370.293, 98
Trd, 4319371.543, 98
Trd, 4319373.743, 99
Trd, 4319374.643, 98
Trd, 4319376.793, 97
Trd, 4319377.643, 94
Trd, 4319379.193, 99
Trd, 4319380.993, 99
Trd, 4319381.543, 97
Trd, 4319382.343, 96
Trd, 4319383.543, 99
Trd, 4319384.793, 98
Trd, 4319386.593, 97
Trd, 4319388.343, 99
Trd, 4319388.793, 97
Trd, 4319389.393, 96
Trd, 4319391.293, 99
Trd, 4319391.343, 98
Trd, 4319393.843, 96
Trd, 4319394.143, 95
Trd, 4319395.043, 96
Trd, 4319396.943, 96
Trd, 4319399.293, 95
Trd, 4319400.993, 97
Trd, 4319401.243, 94
Trd, 4319404.543, 98
Trd, 4319405.643, 96
Trd, 4319408.743, 97
Trd, 4319410.993, 99
Trd, 4319411.443, 97
Trd, 4319411.793, 95
Trd, 4319412.443, 95
Trd, 4319414.193, 94
Trd, 4319416.993, 95
Trd, 4319419.093, 95
Trd, 4319423.343, 96
Trd, 4319423.893, 95
Trd, 4319424.193, 95
Trd, 4319424.893, 99
Trd, 4319425.343, 94
Trd, 4319427.793, 99
Trd, 4319429.243, 100
Trd, 4319430.843, 98
Trd, 4319432.343, 100
Trd, 4319433.493, 99
Trd, 4319433.543, 97
Trd, 4319435.843, 98
Trd, 4319435.893, 96
Trd, 4319437.943, 97
Trd, 4319440.143, 98
Trd, 4319441.793, 98
Trd, 4319443.393, 98
Trd, 4319444.243, 97
Trd, 4319444.293, 86
Trd, 4319445.943, 97
Trd, 4319447.393, 96
Trd, 4319447.543, 98
Trd, 4319449.643, 97
Trd, 4319450.293, 96
Trd, 4319452.993, 96
Trd, 4319453.643, 97
Trd, 4319454.543, 95
Trd, 4319456.693, 95
Trd, 4319457.543, 95
Trd, 4319458.593, 94
Trd, 4319462.193, 94
Trd, 4319462.543, 93
Trd, 4319463.393, 92
Trd, 4319466.193, 93
Trd, 4319468.493, 95
Trd, 4319471.193, 94
Trd, 4319471.743, 92
Trd, 4319473.193, 92
Trd, 4319475.593, 93
Trd, 4319477.443, 96
Trd, 4319478.093, 95
Trd, 4319479.393, 96
Trd, 4319480.743, 93
Trd, 4319481.393, 95
Trd, 4319482.893, 94
Trd, 4319483.043, 93
Trd, 4319485.293, 96
Trd, 4319486.993, 95
Trd, 4319487.293, 93
Trd, 4319488.693, 94
Trd, 4319490.093, 96
Trd, 4319490.343, 97
Trd, 4319494.643, 99
Trd, 4319494.793, 98
Trd, 4319494.943, 94
Trd, 4319496.343, 97
Trd, 4319496.593, 97
Trd, 4319497.493, 86
Trd, 4319497.943, 76
Trd, 4319499.443, 93
Trd, 4319502.093, 93
Trd, 4319503.693, 92
Trd, 4319503.843, 92
Trd, 4319507.693, 96
Trd, 4319508.343, 96
Trd, 4319509.343, 96
Trd, 4319510.443, 94
Trd, 4319510.643, 95
Trd, 4319512.193, 95
Trd, 4319513.843, 94
Trd, 4319514.693, 100
Trd, 4319515.443, 98
Trd, 4319516.293, 97
Trd, 4319518.293, 100
Trd, 4319518.993, 98
Trd, 4319519.293, 100
Trd, 4319521.043, 99
Trd, 4319522.943, 100
Trd, 4319524.243, 99
Trd, 4319526.243, 100
Trd, 4319527.993, 99
Trd, 4319528.493, 98
Trd, 4319530.193, 98
Trd, 4319530.693, 98
Trd, 4319531.993, 99
Trd, 4319534.743, 99
Trd, 4319536.593, 99
Trd, 4319537.343, 98
Trd, 4319537.543, 98
Trd, 4319539.943, 98
Trd, 4319541.143, 97
Trd, 4319542.743, 99
Trd, 4319543.443, 98
Trd, 4319544.843, 96
Trd, 4319545.393, 94
Trd, 4319547.843, 97
Trd, 4319548.393, 97
Trd, 4319551.343, 99
Trd, 4319551.693, 96
Trd, 4319553.893, 105
Trd, 4319554.593, 105
Trd, 4319555.793, 104
Trd, 4319555.943, 102
Trd, 4319556.243, 94
Trd, 4319559.143, 100
Trd, 4319560.043, 100
Trd, 4319561.143, 99
Trd, 4319562.893, 100
Trd, 4319565.143, 101
Trd, 4319565.693, 101
Trd, 4319566.093, 98
Trd, 4319568.543, 98
Trd, 4319569.643, 97
Trd, 4319570.243, 97
Trd, 4319572.593, 98
Trd, 4319573.493, 97
Trd, 4319577.293, 98
Trd, 4319580.393, 97
Trd, 4319580.793, 100
Trd, 4319581.143, 100
Trd, 4319581.793, 98
Trd, 4319582.243, 97
Trd, 4319584.543, 98
Trd, 4319585.643, 96
Trd, 4319588.193, 100
Trd, 4319589.143, 97
Trd, 4319589.893, 97
Trd, 4319591.793, 99
Trd, 4319593.143, 97
Trd, 4319595.693, 98
Trd, 4319597.343, 99
Trd, 4319598.443, 97
Trd, 4319600.043, 100
Trd, 4319600.293, 99
Trd, 4319600.543, 96
Trd, 4319604.643, 100
Trd, 4319604.743, 98
Trd, 4319605.793, 100
Trd, 4319607.793, 99
Trd, 4319608.343, 98
Trd, 4319611.243, 98
Trd, 4319611.343, 97
Trd, 4319612.793, 97
Trd, 4319614.393, 100
Trd, 4319614.543, 100
Trd, 4319615.743, 97
Trd, 4319617.343, 94
Trd, 4319618.643, 96
Trd, 4319619.143, 95
Trd, 4319624.343, 96
Trd, 4319625.893, 99
Trd, 4319626.293, 97
Trd, 4319626.993, 96
Trd, 4319630.443, 96
Trd, 4319630.793, 95
Trd, 4319633.243, 95
Trd, 4319633.693, 95
Trd, 4319634.643, 97
Trd, 4319636.093, 96
Trd, 4319638.043, 97
Trd, 4319639.043, 96
Trd, 4319641.343, 95
Trd, 4319643.043, 95
Trd, 4319645.943, 94
Trd, 4319646.293, 94
Trd, 4319647.593, 95
Trd, 4319647.793, 93
Trd, 4319649.143, 95
Trd, 4319652.493, 94
Trd, 4319652.693, 93
Trd, 4319653.043, 92
Trd, 4319655.593, 95
Trd, 4319655.643, 94
Trd, 4319657.593, 94
Trd, 4319659.093, 95
Trd, 4319659.443, 94
Trd, 4319659.993, 93
Trd, 4319660.143, 92
Trd, 4319662.893, 92
Trd, 4319665.893, 95
Trd, 4319666.043, 94
Trd, 4319666.943, 92
Trd, 4319668.543, 95
Trd, 4319668.693, 94
Trd, 4319670.243, 94
Trd, 4319671.093, 94
Trd, 4319673.143, 95
Trd, 4319673.693, 95
Trd, 4319674.743, 95
Trd, 4319678.193, 96
Trd, 4319678.493, 96
Trd, 4319679.093, 95
Trd, 4319679.643, 95
Trd, 4319679.943, 94
Trd, 4319682.293, 89
Trd, 4319682.343, 86
Trd, 4319684.293, 92
Trd, 4319686.193, 95
Trd, 4319687.193, 95
Trd, 4319687.393, 94
Trd, 4319688.043, 94
Trd, 4319688.543, 86
Trd, 4319689.143, 90
Trd, 4319691.593, 92
Trd, 4319691.693, 86
Trd, 4319692.743, 90
Trd, 4319695.143, 95
Trd, 4319695.593, 101
Trd, 4319695.643, 92
Trd, 4319697.043, 99
Trd, 4319697.493, 98
Trd, 4319699.093, 100
Trd, 4319701.143, 100
Trd, 4319702.343, 99
Trd, 4319703.843, 102
Trd, 4319704.243, 100
Trd, 4319705.443, 99
Trd, 4319705.693, 99
Trd, 4319707.043, 100
Trd, 4319708.493, 100
Trd, 4319709.293, 99
Trd, 4319709.543, 98
Trd, 4319713.243, 96
Trd, 4319714.393, 99
Trd, 4319715.893, 98
Trd, 4319716.143, 97
Trd, 4319716.343, 99
Trd, 4319719.193, 97
Trd, 4319720.443, 99
Trd, 4319721.343, 98
Trd, 4319721.993, 97
Trd, 4319723.743, 96
Trd, 4319726.493, 96
Trd, 4319726.693, 96
Trd, 4319728.143, 96
Trd, 4319732.343, 97
Trd, 4319733.443, 99
Trd, 4319734.543, 100
Trd, 4319735.643, 99
Trd, 4319735.893, 99
Trd, 4319739.343, 100
Trd, 4319739.593, 99
Trd, 4319740.593, 99
Trd, 4319740.793, 98
Trd, 4319743.893, 98
Trd, 4319745.443, 100
Trd, 4319746.443, 97
Trd, 4319747.693, 98
Trd, 4319748.143, 97
Trd, 4319750.843, 98
Trd, 4319752.043, 100
Trd, 4319753.493, 98
Trd, 4319754.093, 99
Trd, 4319755.843, 94
Trd, 4319755.993, 86
Trd, 4319757.893, 97
Trd, 4319758.143, 96
Trd, 4319761.193, 96
Trd, 4319761.493, 95
Trd, 4319763.693, 94
Trd, 4319766.043, 99
Trd, 4319768.443, 97
Trd, 4319768.743, 96
Trd, 4319769.043, 97
Trd, 4319769.493, 95
Trd, 4319772.143, 94
Trd, 4319772.993, 93
Trd, 4319774.393, 85
Trd, 4319776.943, 92
Trd, 4319777.593, 94
Trd, 4319778.243, 93
Trd, 4319779.043, 91
Trd, 4319781.343, 100
Trd, 4319782.743, 101
Trd, 4319783.143, 101
Trd, 4319784.093, 100
Trd, 4319785.593, 102
Trd, 4319788.243, 101
Trd, 4319789.393, 101
Trd, 4319790.843, 101
Trd, 4319791.293, 100
Trd, 4319791.443, 99
Trd, 4319792.543, 98
Trd, 4319793.393, 98
Trd, 4319796.693, 101
Trd, 4319797.743, 98
Trd, 4319798.943, 99
Trd, 4319800.443, 100
Trd, 4319803.843, 101
Trd, 4319803.893, 99
Trd, 4319804.143, 101
Trd, 4319804.393, 99
Trd, 4319804.543, 94
Trd, 4319807.993, 98
Trd, 4319808.093, 98
Trd, 4319812.093, 99
Trd, 4319813.643, 99
Trd, 4319814.743, 99
Trd, 4319815.893, 97
Trd, 4319817.693, 101
Trd, 4319818.643, 99
Trd, 4319819.293, 100
Trd, 4319820.093, 98
Trd, 4319821.393, 95
Trd, 4319824.743, 100
Trd, 4319826.243, 99
Trd, 4319826.593, 97
Trd, 4319828.143, 96
Trd, 4319828.193, 86
Trd, 4319829.893, 94
Trd, 4319832.093, 96
Trd, 4319832.343, 95
Trd, 4319833.143, 94
Trd, 4319835.793, 98
Trd, 4319835.993, 95
Trd, 4319836.893, 98
Trd, 4319837.243, 96
Trd, 4319838.743, 98
Trd, 4319839.893, 96
Trd, 4319840.443, 95
Trd, 4319842.543, 95
Trd, 4319843.693, 94
Trd, 4319843.893, 94
Trd, 4319846.193, 96
Trd, 4319849.893, 98
Trd, 4319850.093, 98
Trd, 4319850.893, 95
Trd, 4319852.643, 94
Trd, 4319852.893, 94
Trd, 4319854.493, 97
Trd, 4319856.243, 98
Trd, 4319856.443, 96
Trd, 4319857.543, 95
Trd, 4319859.643, 96
Trd, 4319859.943, 94
Trd, 4319861.193, 94
Trd, 4319863.193, 98
Trd, 4319863.743, 97
Trd, 4319865.493, 95
Trd, 4319867.893, 95
Trd, 4319869.093, 98
Trd, 4319869.843, 96
Trd, 4319872.193, 95
Trd, 4319873.293, 95
Trd, 4319873.493, 97
Trd, 4319874.743, 94
Trd, 4319877.843, 105
Trd, 4319879.293, 115
Trd, 4319879.943, 117
Trd, 4319880.093, 116
Trd, 4319880.193, 114
Trd, 4319881.393, 103
Trd, 4319883.943, 109
Trd, 4319884.093, 109
Trd, 4319885.043, 113
Trd, 4319885.393, 108
Trd, 4319886.993, 103
Trd, 4319887.043, 94
Trd, 4319889.293, 106
Trd, 4319891.893, 105
Trd, 4319892.543, 103
Trd, 4319893.843, 103
Trd, 4319895.493, 103
Trd, 4319897.593, 105
Trd, 4319897.893, 103
Trd, 4319899.343, 101
Trd, 4319899.743, 94
Trd, 4319902.993, 99
Trd, 4319904.893, 100
Trd, 4319905.043, 101
Trd, 4319905.943, 99
Trd, 4319907.043, 103
Trd, 4319907.543, 100
Trd, 4319910.143, 102
Trd, 4319911.043, 102
Trd, 4319911.143, 101
Trd, 4319912.093, 101
Trd, 4319912.293, 100
Trd, 4319913.893, 100
Trd, 4319916.043, 105
Trd, 4319917.243, 105
Trd, 4319917.643, 105
Trd, 4319918.393, 104
Trd, 4319919.893, 102
Trd, 4319921.593, 104
Trd, 4319923.443, 104
Trd, 4319925.743, 103
Trd, 4319927.993, 102
Trd, 4319928.193, 102
Trd, 4319929.243, 93
Trd, 4319931.393, 100
Trd, 4319933.443, 99
Trd, 4319934.143, 100
Trd, 4319937.243, 99
Trd, 4319937.993, 99
Trd, 4319938.093, 98
Trd, 4319941.843, 101
Trd, 4319943.043, 98
Trd, 4319943.993, 100
Trd, 4319945.993, 97
Trd, 4319947.543, 100
Trd, 4319949.193, 99
Trd, 4319951.843, 98
Trd, 4319952.743, 97
Trd, 4319954.493, 102
Trd, 4319955.443, 99
Trd, 4319955.893, 99
Trd, 4319957.193, 97
Trd, 4319958.293, 97
Trd, 4319959.343, 97
Trd, 4319960.393, 87
Trd, 4319961.943, 93
Trd, 4319964.293, 95
Trd, 4319965.043, 94
Trd, 4319967.243, 97
Trd, 4319969.393, 98
Trd, 4319971.343, 97
Trd, 4319972.043, 96
Trd, 4319973.793, 98
Trd, 4319976.493, 99
Trd, 4319978.043, 97
Trd, 4319979.593, 100
Trd, 4319979.643, 100
Trd, 4319979.943, 95
Trd, 4319981.693, 98
Trd, 4319982.093, 97
Trd, 4319984.943, 99
Trd, 4319985.793, 98
Trd, 4319986.293, 97
Trd, 4319989.793, 98
Trd, 4319991.893, 97
Trd, 4319992.893, 96
Trd, 4319995.593, 96
Trd, 4319997.793, 99
Trd, 4319999.993, 97
