Trd, 4317875.393, 106
Trd, 4317877.743, 103
Trd, 4317878.043, 103
Trd, 4317878.843, 102
Trd, 4317880.693, 101
Trd, 4317881.843, 102
Trd, 4317882.543, 103
Trd, 4317882.793, 101
Trd, 4317884.043, 103
Trd, 4317884.943, 94
Trd, 4317885.643, 107
Trd, 4317887.493, 100
Trd, 4317889.443, 100
Trd, 4317889.593, 104
Trd, 4317890.493, 101
Trd, 4317891.243, 99
Trd, 4317892.093, 101
Trd, 4317894.193, 104
Trd, 4317895.443, 111
Trd, 4317895.993, 102
Trd, 4317897.943, 104
Trd, 4317898.493, 101
Trd, 4317900.043, 101
Trd, 4317900.543, 102
Trd, 4317901.693, 97
Trd, 4317902.393, 104
Trd, 4317904.993, 102
Trd, 4317905.443, 110
Trd, 4317907.193, 101
Trd, 4317908.943, 100
Trd, 4317909.693, 100
Trd, 4317910.843, 99
Trd, 4317910.893, 94
Trd, 4317911.843, 104
Trd, 4317912.343, 97
Trd, 4317913.143, 94
Trd, 4317913.943, 94
Trd, 4317914.943, 104
Trd, 4317917.193, 104
Trd, 4317918.793, 112
Trd, 4317919.043, 108
Trd, 4317922.593, 102
Trd, 4317924.093, 113
Trd, 4317925.243, 124
Trd, 4317928.593, 111
Trd, 4317928.893, 112
Trd, 4317930.343, 109
Trd, 4317930.443, 102
Trd, 4317930.793, 96
Trd, 4317933.093, 94
Trd, 4317933.593, 107
Trd, 4317933.743, 114
Trd, 4317936.193, 101
Trd, 4317936.543, 107
Trd, 4317938.343, 111
Trd, 4317938.743, 103
Trd, 4317940.093, 102
Trd, 4317940.193, 94
Trd, 4317940.493, 101
Trd, 4317941.693, 103
Trd, 4317943.343, 99
Trd, 4317943.393, 105
Trd, 4317945.343, 99
Trd, 4317946.943, 100
Trd, 4317947.493, 102
Trd, 4317948.943, 103
Trd, 4317951.043, 101
Trd, 4317951.943, 98
Trd, 4317953.393, 94
Trd, 4317954.543, 102
Trd, 4317956.243, 96
Trd, 4317957.943, 99
Trd, 4317959.143, 98
Trd, 4317961.343, 100
Trd, 4317961.493, 104
Trd, 4317961.743, 97
Trd, 4317965.043, 103
Trd, 4317969.693, 103
Trd, 4317970.693, 104
Trd, 4317972.143, 102
Trd, 4317972.293, 101
Trd, 4317972.643, 104
Trd, 4317974.343, 112
Trd, 4317974.793, 103
Trd, 4317975.443, 100
Trd, 4317978.943, 98
Trd, 4317979.143, 97
Trd, 4317980.693, 94
Trd, 4317980.893, 104
Trd, 4317981.343, 109
Trd, 4317983.943, 104
Trd, 4317984.193, 123
Trd, 4317984.993, 107
Trd, 4317985.493, 97
Trd, 4317988.193, 95
Trd, 4317989.193, 94
Trd, 4317990.843, 96
Trd, 4317991.093, 96
Trd, 4317991.293, 105
Trd, 4317992.343, 94
Trd, 4317993.043, 119
Trd, 4317994.543, 98
Trd, 4317994.943, 103
Trd, 4317998.793, 98
Trd, 4317999.143, 97
Trd, 4317999.543, 98
Trd, 4318002.543, 104
Trd, 4318003.643, 96
Trd, 4318004.293, 99
Trd, 4318005.043, 95
Trd, 4318007.543, 99
Trd, 4318007.793, 99
Trd, 4318009.643, 98
Trd, 4318009.893, 96
Trd, 4318010.093, 104
Trd, 4318013.993, 101
Trd, 4318018.743, 97
Trd, 4318019.693, 95
Trd, 4318020.293, 104
Trd, 4318021.043, 94
Trd, 4318021.743, 108
Trd, 4318024.993, 106
Trd, 4318025.343, 105
Trd, 4318027.793, 105
Trd, 4318029.143, 104
Trd, 4318029.843, 103
Trd, 4318032.643, 95
Trd, 4318032.893, 100
Trd, 4318033.643, 104
Trd, 4318035.143, 112
Trd, 4318036.143, 113
Trd, 4318038.593, 110
Trd, 4318038.843, 109
Trd, 4318040.393, 102
Trd, 4318040.543, 94
Trd, 4318040.893, 113
Trd, 4318044.593, 99
Trd, 4318045.843, 99
Trd, 4318046.743, 98
Trd, 4318048.093, 97
Trd, 4318048.693, 94
Trd, 4318048.893, 104
Trd, 4318049.093, 111
Trd, 4318049.543, 113
Trd, 4318050.743, 106
Trd, 4318053.493, 98
Trd, 4318055.793, 101
Trd, 4318058.443, 102
Trd, 4318059.443, 100
Trd, 4318059.843, 98
Trd, 4318060.943, 97
Trd, 4318060.993, 104
Trd, 4318062.193, 96
Trd, 4318063.393, 106
Trd, 4318063.993, 101
Trd, 4318065.443, 125
Trd, 4318066.893, 103
Trd, 4318067.043, 109
Trd, 4318070.443, 107
Trd, 4318072.143, 105
Trd, 4318072.893, 103
Trd, 4318073.543, 101
Trd, 4318074.843, 101
Trd, 4318075.443, 105
Trd, 4318075.493, 94
Trd, 4318076.793, 95
Trd, 4318076.893, 122
Trd, 4318080.343, 97
Trd, 4318081.243, 99
Trd, 4318081.943, 98
Trd, 4318085.243, 103
Trd, 4318088.143, 97
Trd, 4318088.443, 100
Trd, 4318088.643, 100
Trd, 4318092.643, 104
Trd, 4318093.793, 102
Trd, 4318095.193, 97
Trd, 4318095.593, 102
Trd, 4318096.143, 104
Trd, 4318097.093, 98
Trd, 4318097.343, 96
Trd, 4318098.293, 130
Trd, 4318099.743, 108
Trd, 4318100.193, 102
Trd, 4318101.093, 103
Trd, 4318102.343, 101
Trd, 4318103.743, 87
Trd, 4318104.343, 87
Trd, 4318106.893, 86
Trd, 4318107.093, 85
Trd, 4318107.193, 122
Trd, 4318109.693, 98
Trd, 4318110.343, 104
Trd, 4318111.393, 97
Trd, 4318112.943, 96
Trd, 4318113.243, 93
Trd, 4318113.793, 99
Trd, 4318115.043, 90
Trd, 4318116.143, 93
Trd, 4318117.143, 93
Trd, 4318121.493, 93
Trd, 4318121.843, 93
Trd, 4318123.893, 93
Trd, 4318126.993, 92
Trd, 4318128.843, 93
Trd, 4318130.643, 93
Trd, 4318131.193, 95
Trd, 4318132.893, 96
Trd, 4318134.993, 92
Trd, 4318137.193, 104
Trd, 4318138.443, 92
Trd, 4318138.593, 98
Trd, 4318141.343, 100
Trd, 4318142.843, 113
Trd, 4318143.093, 102
Trd, 4318144.843, 109
Trd, 4318145.593, 105
Trd, 4318146.193, 109
Trd, 4318147.043, 100
Trd, 4318147.843, 89
Trd, 4318148.643, 88
Trd, 4318150.143, 87
Trd, 4318151.343, 90
Trd, 4318153.093, 123
Trd, 4318153.293, 96
Trd, 4318154.243, 95
Trd, 4318158.293, 91
Trd, 4318159.643, 95
Trd, 4318161.693, 95
Trd, 4318162.893, 94
Trd, 4318163.843, 94
Trd, 4318166.043, 94
Trd, 4318166.643, 104
Trd, 4318169.493, 96
Trd, 4318170.043, 90
Trd, 4318170.493, 96
Trd, 4318171.693, 97
Trd, 4318172.243, 95
Trd, 4318174.693, 104
Trd, 4318174.793, 113
Trd, 4318176.093, 94
Trd, 4318176.443, 109
Trd, 4318177.493, 111
Trd, 4318178.293, 110
Trd, 4318178.893, 101
Trd, 4318183.393, 107
Trd, 4318183.443, 108
Trd, 4318183.693, 100
Trd, 4318184.343, 107
Trd, 4318185.393, 107
Trd, 4318187.993, 104
Trd, 4318188.093, 93
Trd, 4318189.293, 99
Trd, 4318189.793, 99
Trd, 4318190.343, 104
Trd, 4318191.493, 93
Trd, 4318192.793, 99
Trd, 4318193.543, 102
Trd, 4318197.243, 100
Trd, 4318201.043, 99
Trd, 4318201.443, 99
Trd, 4318203.393, 101
Trd, 4318203.743, 104
Trd, 4318203.843, 98
Trd, 4318205.443, 98
Trd, 4318205.893, 97
Trd, 4318207.593, 100
Trd, 4318207.843, 95
Trd, 4318209.893, 98
Trd, 4318211.243, 98
Trd, 4318211.493, 96
Trd, 4318213.193, 96
Trd, 4318214.393, 98
Trd, 4318215.693, 100
Trd, 4318215.943, 98
Trd, 4318216.143, 95
Trd, 4318218.393, 104
Trd, 4318219.193, 104
Trd, 4318223.993, 98
Trd, 4318225.593, 97
Trd, 4318226.543, 99
Trd, 4318227.343, 107
Trd, 4318227.743, 99
Trd, 4318228.793, 101
Trd, 4318231.543, 105
Trd, 4318232.093, 100
Trd, 4318234.593, 101
Trd, 4318235.343, 101
Trd, 4318235.793, 101
Trd, 4318236.593, 105
Trd, 4318239.293, 94
Trd, 4318239.543, 98
Trd, 4318239.593, 100
Trd, 4318245.193, 98
Trd, 4318245.243, 99
Trd, 4318246.693, 102
Trd, 4318248.093, 96
Trd, 4318248.243, 95
Trd, 4318250.143, 96
Trd, 4318250.493, 100
Trd, 4318252.793, 104
Trd, 4318253.093, 110
Trd, 4318253.893, 113
Trd, 4318254.043, 102
Trd, 4318255.943, 114
Trd, 4318260.493, 101
Trd, 4318261.243, 105
Trd, 4318261.543, 108
Trd, 4318262.143, 106
Trd, 4318263.743, 103
Trd, 4318264.293, 108
Trd, 4318266.443, 105
Trd, 4318266.543, 107
Trd, 4318267.293, 108
Trd, 4318268.893, 107
Trd, 4318271.193, 96
Trd, 4318271.893, 111
Trd, 4318273.093, 111
Trd, 4318273.193, 103
Trd, 4318275.493, 101
Trd, 4318275.593, 101
Trd, 4318277.443, 95
Trd, 4318277.693, 104
Trd, 4318278.593, 94
Trd, 4318280.793, 98
Trd, 4318283.143, 99
Trd, 4318284.293, 115
Trd, 4318284.693, 99
Trd, 4318285.793, 104
Trd, 4318285.943, 99
Trd, 4318288.893, 99
Trd, 4318289.143, 101
Trd, 4318290.693, 100
Trd, 4318294.543, 100
Trd, 4318294.993, 101
Trd, 4318296.443, 99
Trd, 4318297.943, 101
Trd, 4318299.643, 98
Trd, 4318301.543, 99
Trd, 4318305.143, 99
Trd, 4318305.243, 99
Trd, 4318306.443, 97
Trd, 4318307.493, 98
Trd, 4318308.143, 104
Trd, 4318310.043, 112
Trd, 4318310.393, 101
Trd, 4318312.693, 99
Trd, 4318313.493, 100
Trd, 4318313.743, 102
Trd, 4318316.043, 107
Trd, 4318317.643, 102
Trd, 4318319.693, 101
Trd, 4318319.793, 104
Trd, 4318319.943, 104
Trd, 4318320.693, 104
Trd, 4318322.593, 104
Trd, 4318325.693, 103
Trd, 4318326.143, 101
Trd, 4318326.693, 100
Trd, 4318327.643, 101
Trd, 4318330.743, 109
Trd, 4318330.993, 107
Trd, 4318331.493, 105
Trd, 4318332.043, 105
Trd, 4318335.793, 100
Trd, 4318338.993, 104
Trd, 4318340.143, 104
Trd, 4318341.293, 104
Trd, 4318341.743, 104
Trd, 4318343.093, 99
Trd, 4318344.643, 98
Trd, 4318346.393, 95
Trd, 4318347.243, 100
Trd, 4318347.693, 94
Trd, 4318350.143, 100
Trd, 4318351.543, 100
Trd, 4318352.443, 97
Trd, 4318354.943, 98
Trd, 4318355.693, 96
Trd, 4318357.593, 110
Trd, 4318358.893, 104
Trd, 4318359.243, 103
Trd, 4318360.893, 105
Trd, 4318361.993, 102
Trd, 4318363.143, 105
Trd, 4318364.593, 98
Trd, 4318364.693, 95
Trd, 4318365.643, 94
Trd, 4318365.993, 105
Trd, 4318368.993, 101
Trd, 4318370.943, 99
Trd, 4318371.843, 97
Trd, 4318372.943, 101
Trd, 4318373.893, 102
Trd, 4318376.393, 100
Trd, 4318377.293, 97
Trd, 4318378.343, 96
Trd, 4318378.843, 100
Trd, 4318381.343, 94
Trd, 4318382.793, 93
Trd, 4318383.643, 104
Trd, 4318383.793, 110
Trd, 4318384.043, 99
Trd, 4318385.243, 100
Trd, 4318388.243, 99
Trd, 4318388.993, 105
Trd, 4318390.093, 98
Trd, 4318392.393, 108
Trd, 4318392.793, 107
Trd, 4318393.143, 105
Trd, 4318394.643, 105
Trd, 4318396.093, 102
Trd, 4318396.943, 107
Trd, 4318398.143, 103
Trd, 4318399.643, 101
Trd, 4318401.343, 95
Trd, 4318402.643, 97
Trd, 4318403.043, 96
Trd, 4318405.243, 95
Trd, 4318405.943, 96
Trd, 4318406.693, 96
Trd, 4318409.143, 85
Trd, 4318409.293, 89
Trd, 4318409.543, 100
Trd, 4318410.293, 105
Trd, 4318412.493, 107
Trd, 4318415.193, 98
Trd, 4318415.293, 105
Trd, 4318416.743, 102
Trd, 4318420.543, 102
Trd, 4318420.993, 104
Trd, 4318423.543, 104
Trd, 4318424.193, 104
Trd, 4318424.593, 101
Trd, 4318427.093, 100
Trd, 4318427.143, 104
Trd, 4318430.343, 104
Trd, 4318430.493, 99
Trd, 4318430.593, 104
Trd, 4318432.493, 98
Trd, 4318433.043, 94
Trd, 4318433.843, 97
Trd, 4318436.293, 95
Trd, 4318436.593, 94
Trd, 4318437.843, 95
Trd, 4318438.443, 93
Trd, 4318440.693, 101
Trd, 4318440.793, 104
Trd, 4318444.743, 99
Trd, 4318446.243, 99
Trd, 4318447.293, 93
Trd, 4318449.243, 104
Trd, 4318450.393, 106
Trd, 4318450.843, 96
Trd, 4318452.093, 96
Trd, 4318452.193, 102
Trd, 4318453.293, 114
Trd, 4318454.043, 109
Trd, 4318454.343, 103
Trd, 4318457.193, 102
Trd, 4318459.543, 103
Trd, 4318460.293, 102
Trd, 4318461.893, 104
Trd, 4318463.343, 101
Trd, 4318463.893, 105
Trd, 4318465.143, 104
Trd, 4318466.093, 101
Trd, 4318467.193, 98
Trd, 4318467.593, 104
Trd, 4318469.743, 102
Trd, 4318472.543, 102
Trd, 4318473.493, 102
Trd, 4318474.043, 101
Trd, 4318477.643, 101
Trd, 4318478.543, 100
Trd, 4318478.943, 98
Trd, 4318479.443, 104
Trd, 4318480.443, 98
Trd, 4318481.543, 101
Trd, 4318483.793, 97
Trd, 4318483.993, 100
Trd, 4318484.843, 94
Trd, 4318485.293, 95
Trd, 4318486.343, 99
Trd, 4318488.093, 104
Trd, 4318492.143, 98
Trd, 4318493.993, 99
Trd, 4318494.943, 99
Trd, 4318497.543, 99
Trd, 4318497.743, 104
Trd, 4318497.793, 95
Trd, 4318502.043, 94
Trd, 4318502.243, 99
Trd, 4318503.643, 97
Trd, 4318504.443, 93
Trd, 4318504.693, 96
Trd, 4318505.243, 124
Trd, 4318506.343, 107
Trd, 4318509.393, 94
Trd, 4318509.543, 100
Trd, 4318510.843, 95
Trd, 4318510.993, 104
Trd, 4318513.843, 102
Trd, 4318514.393, 104
Trd, 4318516.793, 100
Trd, 4318517.093, 93
Trd, 4318520.343, 98
Trd, 4318520.393, 104
Trd, 4318522.593, 92
Trd, 4318523.143, 97
Trd, 4318523.893, 110
Trd, 4318524.693, 103
Trd, 4318524.743, 94
Trd, 4318526.793, 104
Trd, 4318528.043, 99
Trd, 4318529.793, 99
Trd, 4318530.243, 101
Trd, 4318533.343, 99
Trd, 4318534.243, 95
Trd, 4318534.643, 94
Trd, 4318535.543, 94
Trd, 4318536.093, 118
Trd, 4318536.343, 111
Trd, 4318539.193, 100
Trd, 4318540.743, 99
Trd, 4318540.893, 104
Trd, 4318542.843, 103
Trd, 4318544.043, 99
Trd, 4318545.593, 104
Trd, 4318545.793, 104
Trd, 4318548.093, 103
Trd, 4318549.093, 104
Trd, 4318549.293, 99
Trd, 4318551.143, 98
Trd, 4318552.343, 100
Trd, 4318554.193, 97
Trd, 4318554.743, 96
Trd, 4318555.643, 97
Trd, 4318556.343, 104
Trd, 4318557.793, 96
Trd, 4318558.893, 102
Trd, 4318560.843, 104
Trd, 4318562.693, 101
Trd, 4318563.193, 94
Trd, 4318563.293, 101
Trd, 4318565.343, 94
Trd, 4318565.793, 101
Trd, 4318567.893, 100
Trd, 4318572.493, 96
Trd, 4318573.743, 97
Trd, 4318574.843, 93
Trd, 4318576.843, 101
Trd, 4318578.593, 104
Trd, 4318580.093, 92
Trd, 4318580.743, 95
Trd, 4318582.093, 92
Trd, 4318583.843, 96
Trd, 4318584.143, 89
Trd, 4318584.543, 90
Trd, 4318586.243, 99
Trd, 4318586.743, 95
Trd, 4318587.743, 104
Trd, 4318589.093, 99
Trd, 4318590.443, 98
Trd, 4318592.893, 99
Trd, 4318593.993, 97
Trd, 4318594.343, 98
Trd, 4318595.193, 112
Trd, 4318597.793, 121
Trd, 4318597.993, 111
Trd, 4318599.143, 116
Trd, 4318600.693, 109
Trd, 4318601.243, 110
Trd, 4318602.093, 103
Trd, 4318602.193, 106
Trd, 4318605.343, 97
Trd, 4318605.793, 100
Trd, 4318607.193, 94
Trd, 4318608.243, 93
Trd, 4318609.093, 101
Trd, 4318610.293, 100
Trd, 4318611.743, 104
Trd, 4318614.093, 99
Trd, 4318615.093, 99
Trd, 4318616.143, 123
Trd, 4318616.493, 98
Trd, 4318617.143, 94
Trd, 4318619.643, 98
Trd, 4318619.693, 107
Trd, 4318623.093, 95
Trd, 4318623.393, 102
Trd, 4318623.543, 119
Trd, 4318624.793, 96
Trd, 4318626.393, 105
Trd, 4318628.693, 96
Trd, 4318628.943, 105
Trd, 4318630.643, 102
Trd, 4318632.843, 104
Trd, 4318637.393, 101
Trd, 4318637.593, 99
Trd, 4318638.143, 104
Trd, 4318638.843, 104
Trd, 4318641.043, 104
Trd, 4318643.343, 104
Trd, 4318643.793, 99
Trd, 4318644.993, 104
Trd, 4318647.393, 99
Trd, 4318648.543, 102
Trd, 4318649.043, 98
Trd, 4318649.093, 134
Trd, 4318650.493, 101
Trd, 4318651.443, 108
Trd, 4318652.943, 109
Trd, 4318654.143, 101
Trd, 4318656.093, 102
Trd, 4318657.593, 94
Trd, 4318658.293, 94
Trd, 4318658.643, 118
Trd, 4318659.393, 106
Trd, 4318662.293, 97
Trd, 4318662.993, 93
Trd, 4318663.243, 104
Trd, 4318663.743, 95
Trd, 4318664.443, 94
Trd, 4318665.543, 94
Trd, 4318666.843, 93
Trd, 4318668.943, 104
Trd, 4318669.843, 104
Trd, 4318670.293, 96
Trd, 4318671.243, 100
Trd, 4318671.393, 101
Trd, 4318673.343, 95
Trd, 4318675.493, 97
Trd, 4318676.693, 102
Trd, 4318678.743, 99
Trd, 4318678.893, 100
Trd, 4318680.293, 96
Trd, 4318685.243, 99
Trd, 4318686.793, 99
Trd, 4318687.243, 104
Trd, 4318689.593, 95
Trd, 4318691.143, 96
Trd, 4318693.593, 94
Trd, 4318694.493, 98
Trd, 4318695.643, 95
Trd, 4318696.893, 98
Trd, 4318697.893, 94
Trd, 4318699.043, 97
Trd, 4318700.243, 93
Trd, 4318700.893, 104
Trd, 4318702.993, 100
Trd, 4318704.293, 98
Trd, 4318706.993, 99
Trd, 4318708.843, 94
Trd, 4318709.193, 100
Trd, 4318710.143, 97
Trd, 4318710.393, 94
Trd, 4318710.743, 122
Trd, 4318711.643, 117
Trd, 4318713.643, 107
Trd, 4318715.593, 107
Trd, 4318716.893, 102
Trd, 4318717.293, 113
Trd, 4318718.543, 107
Trd, 4318720.593, 103
Trd, 4318720.843, 101
Trd, 4318720.893, 104
Trd, 4318722.743, 113
Trd, 4318724.343, 104
Trd, 4318724.393, 100
Trd, 4318724.693, 105
Trd, 4318726.543, 106
Trd, 4318727.293, 106
Trd, 4318727.843, 107
Trd, 4318729.743, 107
Trd, 4318732.143, 104
Trd, 4318732.293, 102
Trd, 4318732.893, 107
Trd, 4318736.393, 107
Trd, 4318736.843, 103
Trd, 4318737.043, 107
Trd, 4318739.093, 99
Trd, 4318740.293, 98
Trd, 4318742.043, 112
Trd, 4318742.843, 103
Trd, 4318743.993, 103
Trd, 4318744.693, 104
Trd, 4318747.393, 105
Trd, 4318747.993, 100
Trd, 4318750.893, 101
Trd, 4318751.593, 103
Trd, 4318752.043, 104
Trd, 4318752.993, 99
Trd, 4318753.243, 98
Trd, 4318754.993, 94
Trd, 4318756.743, 93
Trd, 4318757.543, 98
Trd, 4318759.043, 93
Trd, 4318759.843, 98
Trd, 4318761.143, 121
Trd, 4318762.093, 113
Trd, 4318763.193, 110
Trd, 4318765.043, 97
Trd, 4318766.893, 106
Trd, 4318768.843, 103
Trd, 4318768.993, 104
Trd, 4318769.793, 112
Trd, 4318769.993, 103
Trd, 4318770.243, 94
Trd, 4318771.743, 110
Trd, 4318771.943, 102
Trd, 4318772.343, 118
Trd, 4318774.593, 101
Trd, 4318775.443, 114
Trd, 4318777.743, 108
Trd, 4318780.543, 106
Trd, 4318781.693, 107
Trd, 4318781.843, 108
Trd, 4318783.743, 103
Trd, 4318786.093, 106
Trd, 4318786.393, 107
Trd, 4318787.093, 104
Trd, 4318788.043, 103
Trd, 4318790.893, 105
Trd, 4318792.893, 103
Trd, 4318793.093, 104
Trd, 4318793.743, 102
Trd, 4318794.993, 105
Trd, 4318797.893, 104
Trd, 4318797.993, 104
Trd, 4318798.243, 94
Trd, 4318799.393, 105
Trd, 4318800.243, 99
Trd, 4318802.643, 98
Trd, 4318802.993, 106
Trd, 4318804.093, 120
Trd, 4318804.443, 105
Trd, 4318807.943, 104
Trd, 4318808.593, 103
Trd, 4318809.693, 85
Trd, 4318810.443, 108
Trd, 4318812.943, 93
Trd, 4318813.043, 95
Trd, 4318816.593, 103
Trd, 4318816.643, 104
Trd, 4318818.893, 104
Trd, 4318818.943, 104
Trd, 4318821.543, 104
Trd, 4318823.343, 103
Trd, 4318823.543, 104
Trd, 4318825.293, 102
Trd, 4318826.393, 102
Trd, 4318826.493, 103
Trd, 4318827.593, 104
Trd, 4318828.143, 101
Trd, 4318828.593, 108
Trd, 4318829.093, 94
Trd, 4318829.843, 102
Trd, 4318831.693, 99
Trd, 4318834.343, 98
Trd, 4318836.493, 99
Trd, 4318840.443, 97
Trd, 4318840.643, 99
Trd, 4318841.093, 100
Trd, 4318842.093, 104
Trd, 4318843.293, 96
Trd, 4318843.643, 102
Trd, 4318843.893, 122
Trd, 4318844.743, 95
Trd, 4318848.293, 101
Trd, 4318849.793, 99
Trd, 4318852.643, 94
Trd, 4318853.793, 99
Trd, 4318855.343, 92
Trd, 4318856.293, 99
Trd, 4318856.693, 104
Trd, 4318858.493, 97
Trd, 4318861.093, 92
Trd, 4318861.293, 96
Trd, 4318861.493, 100
Trd, 4318864.293, 91
Trd, 4318865.843, 104
Trd, 4318868.193, 95
Trd, 4318869.693, 94
Trd, 4318870.743, 94
Trd, 4318872.893, 104
Trd, 4318875.843, 95
Trd, 4318877.993, 91
Trd, 4318878.743, 104
Trd, 4318879.693, 122
Trd, 4318882.843, 91
Trd, 4318883.343, 95
Trd, 4318885.293, 90
Trd, 4318885.943, 89
Trd, 4318886.393, 96
Trd, 4318887.893, 93
Trd, 4318890.293, 93
Trd, 4318891.043, 93
Trd, 4318893.593, 97
Trd, 4318895.893, 88
Trd, 4318896.493, 88
Trd, 4318898.043, 104
Trd, 4318898.943, 87
Trd, 4318899.643, 96
Trd, 4318900.643, 86
Trd, 4318901.593, 97
Trd, 4318905.643, 96
Trd, 4318905.693, 104
Trd, 4318906.443, 101
Trd, 4318906.693, 106
Trd, 4318911.443, 105
Trd, 4318911.543, 100
Trd, 4318912.293, 107
Trd, 4318912.993, 104
Trd, 4318914.943, 102
Trd, 4318915.193, 101
Trd, 4318917.993, 102
Trd, 4318919.043, 104
Trd, 4318919.093, 101
Trd, 4318919.393, 101
Trd, 4318921.393, 104
Trd, 4318922.443, 100
Trd, 4318924.393, 104
Trd, 4318928.093, 103
Trd, 4318928.243, 104
Trd, 4318929.093, 103
Trd, 4318931.093, 99
Trd, 4318931.243, 98
Trd, 4318933.343, 100
Trd, 4318934.143, 114
Trd, 4318934.893, 111
Trd, 4318936.643, 112
Trd, 4318937.293, 103
Trd, 4318939.093, 103
Trd, 4318939.793, 110
Trd, 4318941.343, 103
Trd, 4318942.593, 97
Trd, 4318945.143, 101
Trd, 4318945.793, 94
Trd, 4318947.343, 107
Trd, 4318949.493, 99
Trd, 4318950.043, 104
Trd, 4318950.093, 105
Trd, 4318951.643, 94
Trd, 4318952.193, 96
Trd, 4318953.493, 105
Trd, 4318955.943, 102
Trd, 4318957.043, 101
Trd, 4318957.143, 101
Trd, 4318959.043, 102
Trd, 4318961.043, 102
Trd, 4318964.143, 102
Trd, 4318964.393, 104
Trd, 4318965.143, 100
Trd, 4318967.843, 103
Trd, 4318969.343, 99
Trd, 4318972.143, 101
Trd, 4318973.193, 98
Trd, 4318973.493, 103
Trd, 4318973.593, 104
Trd, 4318974.893, 97
Trd, 4318977.943, 104
Trd, 4318979.243, 97
Trd, 4318981.543, 102
Trd, 4318982.943, 99
Trd, 4318984.243, 94
Trd, 4318984.293, 97
Trd, 4318985.143, 94
Trd, 4318986.393, 98
Trd, 4318987.443, 97
Trd, 4318990.493, 95
Trd, 4318990.993, 96
Trd, 4318993.843, 94
Trd, 4318994.393, 96
Trd, 4318996.093, 97
Trd, 4318999.393, 98
Trd, 4319000.993, 97
Trd, 4319002.243, 96
Trd, 4319002.793, 104
Trd, 4319003.943, 96
Trd, 4319007.443, 95
Trd, 4319008.793, 96
Trd, 4319009.243, 94
Trd, 4319009.393, 95
Trd, 4319010.793, 104
Trd, 4319011.693, 98
Trd, 4319013.843, 97
Trd, 4319015.193, 94
Trd, 4319017.043, 104
Trd, 4319018.593, 93
Trd, 4319020.593, 97
Trd, 4319021.743, 98
Trd, 4319021.893, 104
Trd, 4319024.443, 98
Trd, 4319025.793, 104
Trd, 4319026.393, 93
Trd, 4319027.993, 92
Trd, 4319028.993, 98
Trd, 4319029.343, 100
Trd, 4319033.293, 96
Trd, 4319033.643, 99
Trd, 4319035.093, 97
Trd, 4319035.493, 105
Trd, 4319037.993, 103
Trd, 4319040.243, 104
Trd, 4319042.543, 113
Trd, 4319042.793, 103
Trd, 4319044.393, 102
Trd, 4319045.443, 107
Trd, 4319045.893, 102
Trd, 4319047.393, 107
Trd, 4319047.593, 106
Trd, 4319049.393, 103
Trd, 4319051.493, 103
Trd, 4319052.693, 104
Trd, 4319052.893, 102
Trd, 4319055.843, 101
Trd, 4319056.243, 101
Trd, 4319058.943, 101
Trd, 4319059.543, 100
Trd, 4319060.743, 102
Trd, 4319062.843, 101
Trd, 4319064.993, 99
Trd, 4319065.643, 100
Trd, 4319066.443, 101
Trd, 4319068.193, 113
Trd, 4319070.743, 103
Trd, 4319072.593, 103
Trd, 4319074.843, 105
Trd, 4319075.343, 104
Trd, 4319076.443, 101
Trd, 4319077.743, 94
Trd, 4319079.193, 96
Trd, 4319080.443, 98
Trd, 4319080.543, 96
Trd, 4319081.943, 104
Trd, 4319081.993, 97
Trd, 4319084.293, 115
Trd, 4319086.093, 104
Trd, 4319088.893, 99
Trd, 4319091.743, 100
Trd, 4319093.343, 100
Trd, 4319095.293, 97
Trd, 4319096.293, 99
Trd, 4319096.893, 100
Trd, 4319099.043, 97
Trd, 4319099.493, 94
Trd, 4319099.643, 100
Trd, 4319101.343, 101
Trd, 4319105.893, 101
Trd, 4319106.393, 99
Trd, 4319108.143, 99
Trd, 4319109.143, 102
Trd, 4319110.493, 102
Trd, 4319111.643, 99
Trd, 4319113.343, 94
Trd, 4319114.243, 96
Trd, 4319114.793, 104
Trd, 4319116.193, 110
Trd, 4319117.043, 114
Trd, 4319118.293, 102
Trd, 4319119.043, 105
Trd, 4319120.193, 103
Trd, 4319120.693, 102
Trd, 4319123.193, 104
Trd, 4319125.293, 109
Trd, 4319126.943, 106
Trd, 4319127.443, 118
Trd, 4319130.893, 105
Trd, 4319133.543, 108
Trd, 4319134.093, 104
Trd, 4319134.243, 109
Trd, 4319135.343, 103
Trd, 4319136.393, 108
Trd, 4319136.993, 102
Trd, 4319137.843, 107
Trd, 4319139.543, 94
Trd, 4319143.443, 102
Trd, 4319144.193, 104
Trd, 4319144.243, 100
Trd, 4319144.793, 100
Trd, 4319145.093, 111
Trd, 4319146.843, 100
Trd, 4319147.893, 100
Trd, 4319147.943, 105
Trd, 4319148.793, 103
Trd, 4319150.943, 103
Trd, 4319151.643, 102
Trd, 4319151.743, 104
Trd, 4319153.693, 101
Trd, 4319154.693, 94
Trd, 4319157.843, 95
Trd, 4319158.093, 99
Trd, 4319158.193, 104
Trd, 4319160.943, 99
Trd, 4319161.043, 97
Trd, 4319162.643, 101
Trd, 4319163.993, 101
Trd, 4319164.793, 101
Trd, 4319165.143, 97
Trd, 4319165.743, 94
Trd, 4319166.543, 104
Trd, 4319168.443, 105
Trd, 4319169.143, 101
Trd, 4319171.493, 101
Trd, 4319172.893, 104
Trd, 4319173.393, 104
Trd, 4319174.943, 97
Trd, 4319175.393, 101
Trd, 4319175.543, 101
Trd, 4319176.843, 104
Trd, 4319178.843, 109
Trd, 4319179.643, 99
Trd, 4319180.293, 102
Trd, 4319182.843, 102
Trd, 4319183.343, 102
Trd, 4319185.093, 111
Trd, 4319186.693, 101
Trd, 4319187.893, 106
Trd, 4319188.143, 94
Trd, 4319189.243, 93
Trd, 4319190.593, 102
Trd, 4319191.343, 108
Trd, 4319193.143, 113
Trd, 4319194.293, 104
Trd, 4319194.693, 106
Trd, 4319194.843, 94
Trd, 4319197.293, 107
Trd, 4319198.043, 106
Trd, 4319199.693, 104
Trd, 4319200.543, 106
Trd, 4319202.743, 103
Trd, 4319204.093, 102
Trd, 4319204.743, 106
Trd, 4319205.193, 105
Trd, 4319205.593, 102
Trd, 4319206.543, 106
Trd, 4319208.193, 99
Trd, 4319209.943, 96
Trd, 4319210.643, 104
Trd, 4319214.143, 99
Trd, 4319214.643, 100
Trd, 4319215.643, 98
Trd, 4319216.093, 100
Trd, 4319217.193, 96
Trd, 4319219.343, 95
Trd, 4319219.693, 98
Trd, 4319222.943, 98
Trd, 4319223.493, 95
Trd, 4319224.593, 98
Trd, 4319224.793, 104
Trd, 4319224.943, 94
Trd, 4319227.743, 100
Trd, 4319228.593, 97
Trd, 4319231.593, 96
Trd, 4319232.043, 95
Trd, 4319232.493, 94
Trd, 4319234.543, 95
Trd, 4319235.493, 95
Trd, 4319237.193, 94
Trd, 4319238.043, 106
Trd, 4319239.293, 101
Trd, 4319240.643, 98
Trd, 4319240.743, 99
Trd, 4319241.843, 103
Trd, 4319242.293, 94
Trd, 4319243.943, 97
Trd, 4319247.993, 98
Trd, 4319249.943, 97
Trd, 4319250.043, 100
Trd, 4319251.543, 96
Trd, 4319251.843, 95
Trd, 4319252.393, 97
Trd, 4319254.143, 94
Trd, 4319254.743, 104
Trd, 4319257.393, 99
Trd, 4319257.593, 100
Trd, 4319260.693, 100
Trd, 4319263.493, 99
Trd, 4319264.143, 94
Trd, 4319264.493, 104
Trd, 4319268.143, 98
Trd, 4319268.793, 104
Trd, 4319270.143, 94
Trd, 4319271.943, 95
Trd, 4319273.143, 93
Trd, 4319274.693, 95
Trd, 4319278.643, 95
Trd, 4319281.493, 95
Trd, 4319281.743, 95
Trd, 4319281.793, 92
Trd, 4319283.743, 94
Trd, 4319284.893, 94
Trd, 4319287.193, 94
Trd, 4319288.443, 93
Trd, 4319289.643, 94
Trd, 4319290.293, 95
Trd, 4319293.043, 104
Trd, 4319293.393, 106
Trd, 4319295.393, 105
Trd, 4319296.043, 93
Trd, 4319297.043, 102
Trd, 4319299.193, 98
Trd, 4319299.493, 108
Trd, 4319300.443, 97
Trd, 4319302.343, 106
Trd, 4319306.843, 99
Trd, 4319307.193, 99
Trd, 4319309.893, 99
Trd, 4319310.493, 104
Trd, 4319310.643, 98
Trd, 4319314.493, 97
Trd, 4319314.743, 101
Trd, 4319315.693, 96
Trd, 4319317.343, 96
Trd, 4319319.093, 96
Trd, 4319319.443, 95
Trd, 4319322.193, 97
Trd, 4319323.193, 97
Trd, 4319325.743, 98
Trd, 4319326.993, 94
Trd, 4319327.243, 97
Trd, 4319328.743, 99
Trd, 4319330.793, 98
Trd, 4319332.993, 95
Trd, 4319333.743, 104
Trd, 4319334.893, 104
Trd, 4319335.493, 104
Trd, 4319336.743, 101
Trd, 4319337.493, 95
Trd, 4319338.393, 94
Trd, 4319340.093, 91
Trd, 4319340.543, 95
Trd, 4319341.543, 97
Trd, 4319341.793, 104
Trd, 4319343.343, 95
Trd, 4319343.893, 116
Trd, 4319344.043, 110
Trd, 4319349.043, 103
Trd, 4319350.843, 102
Trd, 4319351.793, 104
Trd, 4319353.793, 103
Trd, 4319354.243, 103
Trd, 4319354.993, 100
Trd, 4319355.193, 100
Trd, 4319357.643, 104
Trd, 4319358.993, 94
Trd, 4319359.343, 99
Trd, 4319360.693, 106
Trd, 4319361.843, 106
Trd, 4319362.993, 111
Trd, 4319363.893, 107
Trd, 4319363.993, 104
Trd, 4319365.443, 102
Trd, 4319365.593, 105
Trd, 4319367.943, 100
Trd, 4319368.343, 104
Trd, 4319372.543, 102
Trd, 4319372.593, 104
Trd, 4319373.193, 103
Trd, 4319374.143, 106
Trd, 4319374.343, 99
Trd, 4319375.843, 104
Trd, 4319377.493, 94
Trd, 4319378.343, 98
Trd, 4319378.643, 115
Trd, 4319380.643, 99
Trd, 4319380.893, 102
Trd, 4319381.293, 94
Trd, 4319381.943, 104
Trd, 4319384.393, 95
Trd, 4319384.543, 97
Trd, 4319386.293, 97
Trd, 4319388.443, 98
Trd, 4319391.443, 103
Trd, 4319391.543, 96
Trd, 4319391.743, 104
Trd, 4319392.493, 106
Trd, 4319394.593, 104
Trd, 4319396.893, 102
Trd, 4319397.043, 103
Trd, 4319397.993, 101
Trd, 4319398.943, 105
Trd, 4319400.693, 100
Trd, 4319403.693, 99
Trd, 4319405.243, 94
Trd, 4319405.943, 95
Trd, 4319406.293, 96
Trd, 4319409.493, 96
Trd, 4319411.393, 95
Trd, 4319411.493, 96
Trd, 4319413.343, 94
Trd, 4319415.393, 104
Trd, 4319416.593, 100
Trd, 4319416.993, 114
Trd, 4319419.043, 97
Trd, 4319422.143, 98
Trd, 4319423.293, 96
Trd, 4319423.843, 95
Trd, 4319424.293, 96
Trd, 4319424.343, 98
Trd, 4319424.743, 104
Trd, 4319427.693, 101
Trd, 4319428.493, 95
Trd, 4319428.893, 101
Trd, 4319429.393, 94
Trd, 4319431.993, 104
Trd, 4319432.643, 116
Trd, 4319433.393, 98
Trd, 4319435.793, 94
Trd, 4319436.493, 85
Trd, 4319437.343, 94
Trd, 4319437.993, 106
Trd, 4319438.243, 123
Trd, 4319440.043, 100
Trd, 4319441.493, 100
Trd, 4319444.393, 95
Trd, 4319444.693, 97
Trd, 4319445.543, 98
Trd, 4319446.443, 104
Trd, 4319448.043, 94
Trd, 4319449.443, 99
Trd, 4319451.593, 104
Trd, 4319452.093, 105
Trd, 4319452.743, 102
Trd, 4319455.343, 99
Trd, 4319455.743, 101
Trd, 4319455.893, 101
Trd, 4319458.393, 98
Trd, 4319459.243, 98
Trd, 4319459.543, 94
Trd, 4319459.893, 98
Trd, 4319461.943, 99
Trd, 4319463.193, 96
Trd, 4319464.543, 100
Trd, 4319465.443, 104
Trd, 4319466.593, 96
Trd, 4319467.393, 95
Trd, 4319468.793, 101
Trd, 4319470.343, 101
Trd, 4319471.993, 102
Trd, 4319472.393, 104
Trd, 4319475.043, 104
Trd, 4319475.093, 96
Trd, 4319476.393, 118
Trd, 4319477.043, 96
Trd, 4319480.343, 103
Trd, 4319480.793, 102
Trd, 4319481.693, 100
Trd, 4319482.193, 98
Trd, 4319482.743, 98
Trd, 4319484.393, 103
Trd, 4319484.543, 104
Trd, 4319485.193, 94
Trd, 4319486.193, 96
Trd, 4319486.793, 97
Trd, 4319489.043, 92
Trd, 4319489.143, 96
Trd, 4319491.843, 93
Trd, 4319494.693, 92
Trd, 4319495.193, 93
Trd, 4319495.693, 92
Trd, 4319495.943, 104
Trd, 4319498.243, 132
Trd, 4319499.343, 104
Trd, 4319501.043, 102
Trd, 4319501.593, 92
Trd, 4319502.293, 104
Trd, 4319503.543, 108
Trd, 4319503.993, 105
Trd, 4319504.193, 109
Trd, 4319506.943, 106
Trd, 4319508.043, 109
Trd, 4319510.693, 107
Trd, 4319511.443, 106
Trd, 4319511.793, 122
Trd, 4319512.393, 110
Trd, 4319513.993, 106
Trd, 4319515.043, 112
Trd, 4319517.543, 103
Trd, 4319518.443, 109
Trd, 4319519.443, 94
Trd, 4319519.643, 109
Trd, 4319520.593, 104
Trd, 4319522.043, 92
Trd, 4319524.143, 94
Trd, 4319524.543, 93
Trd, 4319525.693, 85
Trd, 4319526.843, 95
Trd, 4319529.343, 95
Trd, 4319529.793, 95
Trd, 4319532.093, 97
Trd, 4319532.743, 94
Trd, 4319534.843, 97
Trd, 4319536.443, 100
Trd, 4319536.593, 104
Trd, 4319537.043, 103
Trd, 4319540.143, 102
Trd, 4319540.693, 110
Trd, 4319540.843, 105
Trd, 4319540.993, 101
Trd, 4319542.393, 108
Trd, 4319543.743, 95
Trd, 4319545.693, 105
Trd, 4319545.943, 88
Trd, 4319546.343, 100
Trd, 4319547.793, 113
Trd, 4319550.243, 106
Trd, 4319551.593, 105
Trd, 4319551.943, 106
Trd, 4319554.643, 102
Trd, 4319554.693, 102
Trd, 4319555.143, 104
Trd, 4319557.043, 102
Trd, 4319557.693, 104
Trd, 4319559.643, 101
Trd, 4319560.143, 104
Trd, 4319560.793, 104
Trd, 4319561.843, 102
Trd, 4319564.643, 103
Trd, 4319564.993, 100
Trd, 4319566.143, 94
Trd, 4319567.043, 114
Trd, 4319567.793, 105
Trd, 4319570.543, 97
Trd, 4319572.193, 96
Trd, 4319573.493, 96
Trd, 4319573.843, 97
Trd, 4319574.443, 99
Trd, 4319578.193, 110
Trd, 4319580.043, 105
Trd, 4319580.693, 102
Trd, 4319582.193, 105
Trd, 4319582.343, 101
Trd, 4319582.443, 114
Trd, 4319583.543, 108
Trd, 4319584.943, 113
Trd, 4319586.843, 100
Trd, 4319590.143, 108
Trd, 4319590.593, 106
Trd, 4319590.693, 109
Trd, 4319593.193, 95
Trd, 4319595.993, 104
Trd, 4319596.293, 105
Trd, 4319596.943, 101
Trd, 4319598.043, 102
Trd, 4319601.093, 94
Trd, 4319602.143, 102
Trd, 4319602.393, 102
Trd, 4319603.193, 100
Trd, 4319604.493, 104
Trd, 4319605.443, 100
Trd, 4319607.543, 98
Trd, 4319608.343, 92
Trd, 4319608.643, 91
Trd, 4319608.743, 90
Trd, 4319609.943, 90
Trd, 4319612.193, 93
Trd, 4319613.443, 104
Trd, 4319613.493, 122
Trd, 4319616.893, 92
Trd, 4319618.693, 93
Trd, 4319619.943, 111
Trd, 4319620.343, 99
Trd, 4319622.193, 102
Trd, 4319623.193, 101
Trd, 4319623.843, 110
Trd, 4319624.693, 117
Trd, 4319624.993, 94
Trd, 4319625.793, 102
Trd, 4319626.643, 97
Trd, 4319626.693, 101
Trd, 4319627.393, 84
Trd, 4319629.093, 101
Trd, 4319629.793, 104
Trd, 4319631.043, 105
Trd, 4319632.243, 101
Trd, 4319636.543, 104
Trd, 4319636.893, 101
Trd, 4319637.193, 104
Trd, 4319638.393, 100
Trd, 4319638.893, 88
Trd, 4319640.393, 99
Trd, 4319641.643, 97
Trd, 4319643.693, 104
Trd, 4319644.843, 115
Trd, 4319645.243, 102
Trd, 4319646.193, 97
Trd, 4319647.543, 96
Trd, 4319647.643, 98
Trd, 4319648.943, 94
Trd, 4319650.143, 99
Trd, 4319650.343, 104
Trd, 4319650.843, 120
Trd, 4319653.543, 94
Trd, 4319655.393, 100
Trd, 4319656.393, 107
Trd, 4319658.743, 99
Trd, 4319658.893, 104
Trd, 4319659.143, 98
Trd, 4319660.643, 100
Trd, 4319661.043, 97
Trd, 4319663.393, 104
Trd, 4319664.493, 100
Trd, 4319666.743, 96
Trd, 4319666.793, 100
Trd, 4319669.343, 110
Trd, 4319670.743, 102
Trd, 4319670.843, 105
Trd, 4319672.993, 102
Trd, 4319673.443, 102
Trd, 4319674.793, 94
Trd, 4319675.643, 104
Trd, 4319675.843, 95
Trd, 4319677.043, 114
Trd, 4319678.443, 103
Trd, 4319679.043, 93
Trd, 4319679.943, 118
Trd, 4319681.293, 104
Trd, 4319681.443, 87
Trd, 4319682.043, 95
Trd, 4319683.593, 94
Trd, 4319684.143, 92
Trd, 4319687.643, 94
Trd, 4319689.393, 94
Trd, 4319689.993, 103
Trd, 4319694.843, 97
Trd, 4319695.793, 97
Trd, 4319696.743, 118
Trd, 4319698.743, 106
Trd, 4319698.993, 101
Trd, 4319701.093, 96
Trd, 4319703.443, 101
Trd, 4319703.993, 109
Trd, 4319704.893, 94
Trd, 4319705.193, 100
Trd, 4319705.843, 122
Trd, 4319709.993, 101
Trd, 4319710.243, 108
Trd, 4319711.643, 104
Trd, 4319712.193, 94
Trd, 4319712.443, 104
Trd, 4319713.043, 104
Trd, 4319714.343, 112
Trd, 4319715.243, 102
Trd, 4319717.093, 101
Trd, 4319717.393, 101
Trd, 4319718.893, 105
Trd, 4319720.143, 108
Trd, 4319721.893, 105
Trd, 4319721.943, 100
Trd, 4319723.743, 105
Trd, 4319724.293, 111
Trd, 4319725.593, 99
Trd, 4319727.543, 94
Trd, 4319728.143, 99
Trd, 4319729.393, 97
Trd, 4319729.993, 97
Trd, 4319730.393, 104
Trd, 4319732.093, 122
Trd, 4319732.943, 106
Trd, 4319733.243, 111
Trd, 4319735.443, 104
Trd, 4319736.943, 102
Trd, 4319738.093, 104
Trd, 4319738.843, 103
Trd, 4319740.543, 96
Trd, 4319740.843, 96
Trd, 4319742.593, 97
Trd, 4319744.743, 98
Trd, 4319744.893, 104
Trd, 4319746.393, 113
Trd, 4319747.093, 109
Trd, 4319747.543, 104
Trd, 4319749.343, 105
Trd, 4319749.393, 114
Trd, 4319750.593, 108
Trd, 4319752.193, 101
Trd, 4319753.693, 110
Trd, 4319753.843, 100
Trd, 4319757.693, 103
Trd, 4319758.343, 105
Trd, 4319759.693, 102
Trd, 4319760.993, 100
Trd, 4319762.143, 103
Trd, 4319762.693, 104
Trd, 4319763.993, 104
Trd, 4319764.143, 103
Trd, 4319766.393, 100
Trd, 4319767.643, 104
Trd, 4319767.993, 119
Trd, 4319768.493, 101
Trd, 4319769.343, 108
Trd, 4319769.593, 94
Trd, 4319773.943, 102
Trd, 4319774.893, 105
Trd, 4319775.493, 105
Trd, 4319776.093, 94
Trd, 4319776.793, 98
Trd, 4319778.943, 95
Trd, 4319780.143, 108
Trd, 4319781.343, 98
Trd, 4319781.593, 103
Trd, 4319783.443, 100
Trd, 4319783.693, 99
Trd, 4319785.593, 101
Trd, 4319787.943, 101
Trd, 4319789.993, 101
Trd, 4319790.293, 98
Trd, 4319791.943, 101
Trd, 4319793.643, 104
Trd, 4319793.843, 97
Trd, 4319794.793, 101
Trd, 4319797.893, 97
Trd, 4319798.693, 94
Trd, 4319799.143, 100
Trd, 4319799.693, 104
Trd, 4319803.243, 95
Trd, 4319804.643, 101
Trd, 4319807.793, 94
Trd, 4319808.093, 98
Trd, 4319808.243, 98
Trd, 4319811.093, 94
Trd, 4319811.193, 97
Trd, 4319811.343, 99
Trd, 4319814.493, 98
Trd, 4319815.943, 99
Trd, 4319816.043, 104
Trd, 4319817.443, 94
Trd, 4319820.443, 100
Trd, 4319820.943, 101
Trd, 4319821.893, 93
Trd, 4319821.943, 93
Trd, 4319822.893, 103
Trd, 4319825.943, 93
Trd, 4319826.943, 93
Trd, 4319828.493, 93
Trd, 4319829.193, 101
Trd, 4319830.793, 92
Trd, 4319830.843, 104
Trd, 4319833.243, 100
Trd, 4319835.493, 97
Trd, 4319836.943, 100
Trd, 4319839.993, 97
Trd, 4319840.293, 96
Trd, 4319840.893, 101
Trd, 4319843.943, 104
Trd, 4319844.443, 94
Trd, 4319846.543, 101
Trd, 4319849.193, 94
Trd, 4319850.593, 93
Trd, 4319852.793, 94
Trd, 4319853.243, 96
Trd, 4319854.343, 92
Trd, 4319854.643, 96
Trd, 4319854.793, 104
Trd, 4319856.793, 120
Trd, 4319857.093, 92
Trd, 4319858.993, 98
Trd, 4319860.593, 91
Trd, 4319862.893, 99
Trd, 4319864.093, 100
Trd, 4319864.793, 98
Trd, 4319867.993, 101
Trd, 4319868.443, 101
Trd, 4319868.693, 96
Trd, 4319869.693, 93
Trd, 4319871.243, 96
Trd, 4319871.393, 98
Trd, 4319872.793, 93
Trd, 4319874.743, 97
Trd, 4319875.793, 103
Trd, 4319878.993, 92
Trd, 4319879.243, 96
Trd, 4319879.993, 97
Trd, 4319882.293, 98
Trd, 4319884.743, 98
Trd, 4319889.093, 94
Trd, 4319889.193, 94
Trd, 4319890.443, 91
Trd, 4319891.593, 104
Trd, 4319892.843, 99
Trd, 4319895.393, 113
Trd, 4319895.993, 102
Trd, 4319896.793, 100
Trd, 4319899.393, 99
Trd, 4319900.843, 102
Trd, 4319900.893, 102
Trd, 4319902.193, 104
Trd, 4319903.343, 99
Trd, 4319904.493, 98
Trd, 4319907.643, 102
Trd, 4319911.643, 99
Trd, 4319912.443, 97
Trd, 4319914.293, 97
Trd, 4319914.693, 99
Trd, 4319915.593, 106
Trd, 4319917.343, 102
Trd, 4319918.743, 101
Trd, 4319919.593, 103
Trd, 4319920.743, 94
Trd, 4319921.443, 104
Trd, 4319923.693, 99
Trd, 4319925.643, 103
Trd, 4319927.443, 98
Trd, 4319927.543, 104
Trd, 4319928.893, 108
Trd, 4319929.643, 104
Trd, 4319932.243, 102
Trd, 4319932.893, 104
Trd, 4319933.193, 113
Trd, 4319934.443, 101
Trd, 4319934.893, 110
Trd, 4319938.793, 106
Trd, 4319939.143, 103
Trd, 4319939.793, 107
Trd, 4319939.943, 107
Trd, 4319940.343, 120
Trd, 4319940.943, 122
Trd, 4319944.143, 104
Trd, 4319945.593, 98
Trd, 4319946.293, 101
Trd, 4319946.393, 94
Trd, 4319949.143, 92
Trd, 4319949.643, 103
Trd, 4319949.943, 104
Trd, 4319951.593, 97
Trd, 4319953.493, 100
Trd, 4319954.093, 100
Trd, 4319956.143, 100
Trd, 4319958.143, 99
Trd, 4319958.943, 104
Trd, 4319958.993, 94
Trd, 4319960.593, 98
Trd, 4319961.093, 110
Trd, 4319964.543, 109
Trd, 4319964.843, 105
Trd, 4319967.293, 110
Trd, 4319967.443, 103
Trd, 4319968.693, 107
Trd, 4319969.343, 107
Trd, 4319970.593, 108
Trd, 4319972.093, 107
Trd, 4319972.143, 106
Trd, 4319974.243, 108
Trd, 4319977.743, 108
Trd, 4319979.293, 107
Trd, 4319980.143, 107
Trd, 4319981.493, 106
Trd, 4319981.643, 103
Trd, 4319982.493, 97
Trd, 4319984.793, 97
Trd, 4319985.293, 94
Trd, 4319986.593, 92
Trd, 4319987.193, 92
Trd, 4319989.643, 92
Trd, 4319990.093, 94
Trd, 4319991.543, 93
Trd, 4319991.643, 98
Trd, 4319991.943, 92
Trd, 4319994.393, 100
Trd, 4319995.543, 104
Trd, 4319998.393, 97
Trd, 4319998.743, 96
Trd, 4319999.943, 104
