Trd, 4317820.493, 95
Trd, 4317822.643, 94
Trd, 4317824.293, 92
Trd, 4317825.143, 92
Trd, 4317825.293, 93
Trd, 4317827.793, 93
Trd, 4317828.593, 93
Trd, 4317831.293, 92
Trd, 4317833.293, 93
Trd, 4317834.193, 92
Trd, 4317835.193, 91
Trd, 4317837.993, 90
Trd, 4317840.193, 91
Trd, 4317843.593, 91
Trd, 4317843.993, 92
Trd, 4317846.843, 90
Trd, 4317847.843, 92
Trd, 4317852.493, 90
Trd, 4317853.543, 90
Trd, 4317853.993, 95
Trd, 4317857.843, 89
Trd, 4317858.043, 90
Trd, 4317858.543, 89
Trd, 4317861.093, 88
Trd, 4317862.393, 89
Trd, 4317865.193, 88
Trd, 4317865.843, 88
Trd, 4317866.143, 87
Trd, 4317866.243, 86
Trd, 4317867.143, 87
Trd, 4317867.493, 87
Trd, 4317870.743, 87
Trd, 4317871.443, 87
Trd, 4317873.143, 79
Trd, 4317874.093, 86
Trd, 4317874.543, 86
Trd, 4317879.993, 90
Trd, 4317881.043, 89
Trd, 4317881.493, 87
Trd, 4317882.143, 86
Trd, 4317883.593, 86
Trd, 4317883.743, 87
Trd, 4317886.293, 87
Trd, 4317888.293, 86
Trd, 4317888.893, 85
Trd, 4317893.193, 95
Trd, 4317894.343, 94
Trd, 4317894.793, 92
Trd, 4317895.943, 93
Trd, 4317899.343, 96
Trd, 4317901.893, 96
Trd, 4317902.343, 95
Trd, 4317904.593, 95
Trd, 4317904.743, 94
Trd, 4317905.443, 95
Trd, 4317908.293, 94
Trd, 4317908.493, 94
Trd, 4317910.293, 93
Trd, 4317911.493, 94
Trd, 4317914.293, 94
Trd, 4317915.143, 93
Trd, 4317916.093, 93
Trd, 4317918.593, 93
Trd, 4317919.793, 92
Trd, 4317921.193, 92
Trd, 4317921.243, 91
Trd, 4317922.943, 90
Trd, 4317923.993, 92
Trd, 4317924.893, 91
Trd, 4317927.493, 91
Trd, 4317929.193, 94
Trd, 4317929.443, 94
Trd, 4317931.443, 94
Trd, 4317932.493, 93
Trd, 4317934.793, 92
Trd, 4317937.093, 93
Trd, 4317940.093, 92
Trd, 4317940.443, 92
Trd, 4317940.693, 91
Trd, 4317941.343, 91
Trd, 4317941.943, 90
Trd, 4317943.143, 90
Trd, 4317944.743, 90
Trd, 4317945.743, 90
Trd, 4317949.943, 98
Trd, 4317950.693, 98
Trd, 4317951.593, 99
Trd, 4317952.843, 100
Trd, 4317953.843, 99
Trd, 4317956.343, 98
Trd, 4317956.393, 98
Trd, 4317958.493, 98
Trd, 4317958.993, 98
Trd, 4317961.393, 97
Trd, 4317963.343, 96
Trd, 4317963.543, 95
Trd, 4317963.993, 94
Trd, 4317966.643, 95
Trd, 4317967.093, 97
Trd, 4317968.943, 97
Trd, 4317969.943, 96
Trd, 4317970.293, 95
Trd, 4317972.793, 95
Trd, 4317972.943, 96
Trd, 4317976.043, 94
Trd, 4317976.793, 95
Trd, 4317978.043, 94
Trd, 4317979.593, 95
Trd, 4317980.593, 93
Trd, 4317982.293, 93
Trd, 4317984.543, 92
Trd, 4317985.593, 92
Trd, 4317986.843, 93
Trd, 4317987.893, 92
Trd, 4317990.393, 92
Trd, 4317991.943, 92
Trd, 4317993.193, 93
Trd, 4317994.993, 90
Trd, 4317996.893, 90
Trd, 4317998.793, 88
Trd, 4317998.993, 84
Trd, 4317999.343, 85
Trd, 4318000.843, 84
Trd, 4318002.693, 103
Trd, 4318005.693, 89
Trd, 4318006.593, 88
Trd, 4318007.243, 87
Trd, 4318008.743, 87
Trd, 4318009.093, 86
Trd, 4318011.543, 91
Trd, 4318011.743, 92
Trd, 4318015.343, 94
Trd, 4318016.643, 94
Trd, 4318017.943, 93
Trd, 4318019.293, 91
Trd, 4318019.443, 90
Trd, 4318021.443, 91
Trd, 4318021.943, 95
Trd, 4318025.293, 93
Trd, 4318025.993, 93
Trd, 4318028.893, 95
Trd, 4318030.093, 94
Trd, 4318032.543, 93
Trd, 4318034.843, 89
Trd, 4318035.693, 88
Trd, 4318036.543, 88
Trd, 4318037.893, 92
Trd, 4318038.693, 90
Trd, 4318039.293, 89
Trd, 4318042.343, 90
Trd, 4318043.793, 88
Trd, 4318044.593, 88
Trd, 4318045.843, 88
Trd, 4318047.043, 83
Trd, 4318047.243, 87
Trd, 4318049.643, 87
Trd, 4318050.143, 88
Trd, 4318052.093, 92
Trd, 4318053.643, 91
Trd, 4318055.543, 89
Trd, 4318056.493, 89
Trd, 4318056.693, 90
Trd, 4318058.943, 99
Trd, 4318061.343, 103
Trd, 4318062.343, 103
Trd, 4318063.343, 103
Trd, 4318063.643, 102
Trd, 4318067.643, 93
Trd, 4318068.693, 87
Trd, 4318070.443, 78
Trd, 4318071.993, 78
Trd, 4318074.043, 85
Trd, 4318074.443, 81
Trd, 4318074.843, 86
Trd, 4318075.093, 95
Trd, 4318076.693, 112
Trd, 4318076.743, 94
Trd, 4318081.193, 94
Trd, 4318082.193, 93
Trd, 4318083.643, 92
Trd, 4318084.493, 94
Trd, 4318085.693, 95
Trd, 4318089.643, 98
Trd, 4318091.243, 95
Trd, 4318091.793, 93
Trd, 4318095.643, 92
Trd, 4318097.543, 92
Trd, 4318097.593, 91
Trd, 4318097.693, 92
Trd, 4318098.443, 92
Trd, 4318099.793, 93
Trd, 4318106.343, 93
Trd, 4318106.793, 93
Trd, 4318111.743, 91
Trd, 4318113.843, 91
Trd, 4318114.993, 90
Trd, 4318116.443, 90
Trd, 4318118.293, 90
Trd, 4318118.543, 89
Trd, 4318120.293, 88
Trd, 4318122.843, 87
Trd, 4318123.243, 88
Trd, 4318125.643, 88
Trd, 4318127.393, 87
Trd, 4318129.343, 86
Trd, 4318129.443, 88
Trd, 4318130.043, 87
Trd, 4318132.743, 88
Trd, 4318133.293, 89
Trd, 4318135.643, 89
Trd, 4318138.393, 90
Trd, 4318139.343, 90
Trd, 4318142.393, 89
Trd, 4318142.593, 90
Trd, 4318143.793, 88
Trd, 4318143.943, 90
Trd, 4318147.193, 92
Trd, 4318150.843, 94
Trd, 4318151.343, 94
Trd, 4318152.243, 93
Trd, 4318155.293, 92
Trd, 4318157.893, 91
Trd, 4318157.943, 91
Trd, 4318159.193, 91
Trd, 4318161.793, 94
Trd, 4318163.243, 91
Trd, 4318163.893, 91
Trd, 4318165.493, 90
Trd, 4318166.443, 91
Trd, 4318166.593, 95
Trd, 4318169.043, 100
Trd, 4318169.693, 100
Trd, 4318171.893, 101
Trd, 4318174.893, 100
Trd, 4318175.443, 99
Trd, 4318175.943, 99
Trd, 4318178.443, 99
Trd, 4318180.443, 98
Trd, 4318182.593, 91
Trd, 4318183.443, 93
Trd, 4318184.593, 95
Trd, 4318185.993, 93
Trd, 4318186.843, 94
Trd, 4318188.043, 100
Trd, 4318189.043, 96
Trd, 4318190.743, 95
Trd, 4318190.993, 95
Trd, 4318191.543, 94
Trd, 4318192.893, 95
Trd, 4318193.943, 93
Trd, 4318194.793, 96
Trd, 4318198.293, 93
Trd, 4318200.143, 94
Trd, 4318201.593, 93
Trd, 4318202.993, 93
Trd, 4318203.843, 92
Trd, 4318204.893, 94
Trd, 4318206.943, 92
Trd, 4318207.093, 92
Trd, 4318208.943, 92
Trd, 4318213.543, 88
Trd, 4318214.293, 81
Trd, 4318214.793, 84
Trd, 4318217.593, 86
Trd, 4318217.793, 87
Trd, 4318218.443, 85
Trd, 4318223.243, 102
Trd, 4318224.443, 92
Trd, 4318225.443, 92
Trd, 4318227.593, 93
Trd, 4318229.343, 94
Trd, 4318233.293, 93
Trd, 4318237.593, 93
Trd, 4318238.643, 92
Trd, 4318240.343, 91
Trd, 4318240.393, 92
Trd, 4318242.443, 92
Trd, 4318244.743, 90
Trd, 4318244.793, 91
Trd, 4318246.793, 91
Trd, 4318248.643, 92
Trd, 4318250.543, 91
Trd, 4318250.893, 91
Trd, 4318252.493, 92
Trd, 4318253.043, 93
Trd, 4318256.293, 100
Trd, 4318256.693, 99
Trd, 4318259.293, 98
Trd, 4318260.243, 97
Trd, 4318260.693, 96
Trd, 4318261.143, 95
Trd, 4318261.893, 93
Trd, 4318264.243, 114
Trd, 4318264.543, 110
Trd, 4318267.993, 105
Trd, 4318268.843, 103
Trd, 4318269.143, 103
Trd, 4318270.293, 99
Trd, 4318270.993, 102
Trd, 4318273.993, 103
Trd, 4318274.843, 107
Trd, 4318276.593, 103
Trd, 4318276.743, 103
Trd, 4318279.243, 102
Trd, 4318279.643, 103
Trd, 4318283.243, 101
Trd, 4318283.493, 99
Trd, 4318284.143, 100
Trd, 4318286.793, 99
Trd, 4318287.643, 98
Trd, 4318288.843, 97
Trd, 4318291.193, 84
Trd, 4318291.293, 89
Trd, 4318293.193, 85
Trd, 4318295.143, 96
Trd, 4318296.443, 95
Trd, 4318298.343, 95
Trd, 4318298.543, 94
Trd, 4318298.993, 95
Trd, 4318301.793, 96
Trd, 4318303.643, 100
Trd, 4318304.643, 101
Trd, 4318305.343, 101
Trd, 4318307.143, 107
Trd, 4318311.143, 104
Trd, 4318313.043, 106
Trd, 4318313.743, 104
Trd, 4318314.593, 104
Trd, 4318317.743, 104
Trd, 4318319.193, 103
Trd, 4318319.393, 103
Trd, 4318322.693, 103
Trd, 4318322.793, 104
Trd, 4318324.743, 103
Trd, 4318325.293, 102
Trd, 4318327.043, 107
Trd, 4318328.143, 104
Trd, 4318328.743, 103
Trd, 4318329.143, 103
Trd, 4318329.493, 101
Trd, 4318330.993, 99
Trd, 4318332.843, 80
Trd, 4318335.643, 81
Trd, 4318336.243, 80
Trd, 4318336.393, 81
Trd, 4318337.293, 92
Trd, 4318338.643, 87
Trd, 4318340.493, 93
Trd, 4318341.093, 95
Trd, 4318342.143, 92
Trd, 4318344.943, 95
Trd, 4318346.743, 93
Trd, 4318346.793, 93
Trd, 4318349.443, 95
Trd, 4318351.443, 94
Trd, 4318351.843, 93
Trd, 4318352.943, 92
Trd, 4318354.943, 94
Trd, 4318355.243, 95
Trd, 4318359.993, 92
Trd, 4318360.343, 91
Trd, 4318360.493, 91
Trd, 4318361.343, 91
Trd, 4318362.043, 87
Trd, 4318363.893, 91
Trd, 4318364.743, 93
Trd, 4318365.493, 99
Trd, 4318366.943, 96
Trd, 4318368.643, 102
Trd, 4318372.343, 95
Trd, 4318373.543, 94
Trd, 4318374.343, 95
Trd, 4318374.643, 90
Trd, 4318375.443, 92
Trd, 4318375.843, 91
Trd, 4318378.393, 88
Trd, 4318378.643, 90
Trd, 4318381.893, 94
Trd, 4318383.243, 91
Trd, 4318386.393, 93
Trd, 4318387.793, 93
Trd, 4318387.993, 94
Trd, 4318391.143, 94
Trd, 4318391.443, 93
Trd, 4318395.043, 92
Trd, 4318395.843, 92
Trd, 4318397.593, 92
Trd, 4318399.093, 91
Trd, 4318399.193, 91
Trd, 4318403.143, 91
Trd, 4318403.843, 91
Trd, 4318404.743, 90
Trd, 4318406.893, 91
Trd, 4318407.343, 95
Trd, 4318412.993, 90
Trd, 4318414.293, 89
Trd, 4318414.343, 90
Trd, 4318415.643, 92
Trd, 4318416.493, 91
Trd, 4318419.993, 92
Trd, 4318420.643, 93
Trd, 4318421.143, 92
Trd, 4318421.693, 93
Trd, 4318423.943, 93
Trd, 4318424.543, 93
Trd, 4318426.443, 93
Trd, 4318427.093, 94
Trd, 4318432.893, 92
Trd, 4318432.993, 93
Trd, 4318435.243, 92
Trd, 4318437.543, 91
Trd, 4318437.643, 91
Trd, 4318438.043, 93
Trd, 4318439.293, 93
Trd, 4318440.643, 94
Trd, 4318444.343, 97
Trd, 4318445.093, 96
Trd, 4318446.893, 95
Trd, 4318447.693, 94
Trd, 4318448.843, 93
Trd, 4318450.593, 101
Trd, 4318452.843, 97
Trd, 4318454.943, 96
Trd, 4318456.643, 94
Trd, 4318457.793, 94
Trd, 4318460.143, 93
Trd, 4318461.493, 93
Trd, 4318461.793, 92
Trd, 4318464.643, 90
Trd, 4318465.693, 90
Trd, 4318466.343, 89
Trd, 4318467.893, 80
Trd, 4318468.443, 81
Trd, 4318469.693, 86
Trd, 4318472.093, 89
Trd, 4318476.693, 95
Trd, 4318476.893, 94
Trd, 4318477.743, 93
Trd, 4318478.093, 92
Trd, 4318480.443, 94
Trd, 4318482.843, 95
Trd, 4318484.043, 97
Trd, 4318484.843, 103
Trd, 4318488.443, 96
Trd, 4318489.143, 96
Trd, 4318491.043, 95
Trd, 4318492.143, 94
Trd, 4318493.993, 94
Trd, 4318497.493, 94
Trd, 4318498.743, 93
Trd, 4318499.443, 94
Trd, 4318500.243, 95
Trd, 4318502.693, 94
Trd, 4318505.093, 95
Trd, 4318506.493, 94
Trd, 4318510.043, 95
Trd, 4318511.493, 93
Trd, 4318511.793, 93
Trd, 4318513.193, 95
Trd, 4318515.643, 94
Trd, 4318518.193, 93
Trd, 4318519.593, 92
Trd, 4318520.643, 92
Trd, 4318520.893, 91
Trd, 4318521.943, 93
Trd, 4318522.493, 92
Trd, 4318522.593, 92
Trd, 4318524.743, 93
Trd, 4318525.943, 94
Trd, 4318529.593, 91
Trd, 4318532.593, 90
Trd, 4318532.893, 90
Trd, 4318533.943, 90
Trd, 4318539.893, 99
Trd, 4318540.343, 96
Trd, 4318540.443, 97
Trd, 4318541.193, 95
Trd, 4318542.243, 96
Trd, 4318546.443, 95
Trd, 4318546.743, 95
Trd, 4318547.293, 96
Trd, 4318551.643, 93
Trd, 4318552.293, 93
Trd, 4318552.493, 93
Trd, 4318553.943, 93
Trd, 4318555.043, 94
Trd, 4318555.743, 94
Trd, 4318556.443, 95
Trd, 4318559.993, 94
Trd, 4318560.893, 94
Trd, 4318563.043, 94
Trd, 4318565.893, 94
Trd, 4318567.193, 93
Trd, 4318567.293, 93
Trd, 4318568.693, 95
Trd, 4318571.343, 95
Trd, 4318572.643, 95
Trd, 4318572.693, 94
Trd, 4318575.443, 96
Trd, 4318576.043, 101
Trd, 4318578.843, 97
Trd, 4318579.443, 96
Trd, 4318580.043, 96
Trd, 4318581.593, 95
Trd, 4318582.693, 94
Trd, 4318585.493, 94
Trd, 4318585.843, 92
Trd, 4318585.993, 95
Trd, 4318587.493, 94
Trd, 4318591.443, 96
Trd, 4318591.693, 95
Trd, 4318593.393, 94
Trd, 4318593.993, 94
Trd, 4318595.343, 94
Trd, 4318597.443, 93
Trd, 4318599.693, 95
Trd, 4318602.443, 92
Trd, 4318603.993, 92
Trd, 4318604.743, 91
Trd, 4318607.043, 93
Trd, 4318609.593, 91
Trd, 4318611.343, 90
Trd, 4318612.193, 91
Trd, 4318613.293, 93
Trd, 4318616.293, 92
Trd, 4318616.943, 91
Trd, 4318619.643, 91
Trd, 4318620.893, 92
Trd, 4318623.743, 91
Trd, 4318624.043, 90
Trd, 4318624.093, 90
Trd, 4318625.693, 88
Trd, 4318626.493, 87
Trd, 4318627.943, 87
Trd, 4318629.543, 87
Trd, 4318629.643, 88
Trd, 4318631.393, 87
Trd, 4318638.293, 95
Trd, 4318639.393, 96
Trd, 4318639.993, 94
Trd, 4318640.943, 94
Trd, 4318641.943, 93
Trd, 4318642.243, 94
Trd, 4318643.893, 93
Trd, 4318644.193, 92
Trd, 4318646.693, 94
Trd, 4318650.943, 94
Trd, 4318651.443, 93
Trd, 4318652.693, 94
Trd, 4318652.843, 93
Trd, 4318655.843, 95
Trd, 4318657.993, 94
Trd, 4318658.843, 95
Trd, 4318661.743, 94
Trd, 4318662.293, 95
Trd, 4318663.293, 93
Trd, 4318664.843, 94
Trd, 4318667.693, 94
Trd, 4318670.143, 93
Trd, 4318670.843, 93
Trd, 4318672.093, 107
Trd, 4318673.043, 97
Trd, 4318673.243, 98
Trd, 4318673.543, 97
Trd, 4318677.693, 97
Trd, 4318678.493, 97
Trd, 4318678.993, 98
Trd, 4318683.343, 96
Trd, 4318683.993, 96
Trd, 4318684.493, 95
Trd, 4318684.893, 95
Trd, 4318686.143, 98
Trd, 4318688.443, 97
Trd, 4318689.593, 95
Trd, 4318691.693, 94
Trd, 4318692.593, 94
Trd, 4318693.993, 93
Trd, 4318696.143, 93
Trd, 4318696.743, 92
Trd, 4318698.193, 91
Trd, 4318700.243, 91
Trd, 4318703.493, 90
Trd, 4318704.493, 90
Trd, 4318705.543, 90
Trd, 4318707.693, 89
Trd, 4318709.493, 89
Trd, 4318709.543, 88
Trd, 4318709.643, 88
Trd, 4318711.893, 89
Trd, 4318712.643, 108
Trd, 4318718.043, 95
Trd, 4318718.893, 95
Trd, 4318719.143, 95
Trd, 4318720.743, 96
Trd, 4318722.493, 94
Trd, 4318724.393, 95
Trd, 4318724.943, 95
Trd, 4318726.843, 95
Trd, 4318729.693, 95
Trd, 4318730.793, 94
Trd, 4318732.993, 96
Trd, 4318734.293, 96
Trd, 4318734.793, 104
Trd, 4318736.343, 100
Trd, 4318736.793, 98
Trd, 4318737.993, 98
Trd, 4318740.243, 95
Trd, 4318740.543, 96
Trd, 4318743.543, 92
Trd, 4318744.643, 93
Trd, 4318745.193, 92
Trd, 4318745.443, 93
Trd, 4318749.693, 94
Trd, 4318750.793, 92
Trd, 4318751.043, 92
Trd, 4318751.793, 93
Trd, 4318752.143, 94
Trd, 4318753.943, 92
Trd, 4318754.793, 93
Trd, 4318755.593, 94
Trd, 4318757.493, 93
Trd, 4318761.193, 97
Trd, 4318763.143, 97
Trd, 4318765.193, 96
Trd, 4318766.243, 97
Trd, 4318766.493, 97
Trd, 4318767.993, 94
Trd, 4318770.293, 95
Trd, 4318771.643, 94
Trd, 4318771.993, 93
Trd, 4318772.893, 93
Trd, 4318776.043, 92
Trd, 4318777.293, 92
Trd, 4318777.893, 91
Trd, 4318779.193, 93
Trd, 4318780.443, 90
Trd, 4318780.593, 91
Trd, 4318781.493, 91
Trd, 4318782.193, 91
Trd, 4318784.543, 90
Trd, 4318786.243, 88
Trd, 4318786.743, 89
Trd, 4318789.393, 91
Trd, 4318789.743, 91
Trd, 4318794.643, 93
Trd, 4318794.943, 93
Trd, 4318796.843, 92
Trd, 4318797.593, 94
Trd, 4318799.343, 93
Trd, 4318802.643, 104
Trd, 4318804.043, 102
Trd, 4318804.393, 99
Trd, 4318806.143, 99
Trd, 4318807.093, 97
Trd, 4318808.243, 92
Trd, 4318810.593, 92
Trd, 4318810.993, 91
Trd, 4318811.743, 91
Trd, 4318812.743, 91
Trd, 4318813.293, 92
Trd, 4318815.343, 91
Trd, 4318817.793, 87
Trd, 4318817.943, 86
Trd, 4318818.243, 87
Trd, 4318822.943, 94
Trd, 4318823.743, 94
Trd, 4318824.843, 94
Trd, 4318825.243, 94
Trd, 4318827.043, 94
Trd, 4318828.093, 93
Trd, 4318830.143, 93
Trd, 4318833.543, 93
Trd, 4318834.043, 93
Trd, 4318836.293, 87
Trd, 4318837.393, 86
Trd, 4318837.743, 87
Trd, 4318838.343, 87
Trd, 4318839.943, 89
Trd, 4318842.843, 95
Trd, 4318844.393, 94
Trd, 4318844.543, 93
Trd, 4318845.793, 92
Trd, 4318847.743, 91
Trd, 4318849.943, 94
Trd, 4318850.743, 92
Trd, 4318855.893, 91
Trd, 4318856.743, 91
Trd, 4318857.843, 91
Trd, 4318862.443, 91
Trd, 4318864.743, 90
Trd, 4318864.993, 95
Trd, 4318867.393, 89
Trd, 4318869.993, 91
Trd, 4318870.593, 90
Trd, 4318872.993, 91
Trd, 4318875.893, 92
Trd, 4318877.643, 91
Trd, 4318878.093, 92
Trd, 4318878.493, 90
Trd, 4318880.543, 89
Trd, 4318882.243, 90
Trd, 4318883.743, 90
Trd, 4318884.843, 89
Trd, 4318886.693, 90
Trd, 4318887.043, 91
Trd, 4318888.343, 111
Trd, 4318892.443, 99
Trd, 4318894.043, 97
Trd, 4318895.643, 96
Trd, 4318896.493, 95
Trd, 4318896.793, 96
Trd, 4318900.593, 95
Trd, 4318901.043, 94
Trd, 4318901.843, 93
Trd, 4318902.893, 93
Trd, 4318903.943, 93
Trd, 4318906.593, 96
Trd, 4318909.193, 96
Trd, 4318911.343, 97
Trd, 4318911.793, 96
Trd, 4318912.343, 96
Trd, 4318913.793, 95
Trd, 4318914.393, 95
Trd, 4318915.993, 93
Trd, 4318916.193, 92
Trd, 4318919.593, 92
Trd, 4318920.193, 93
Trd, 4318922.093, 93
Trd, 4318922.693, 92
Trd, 4318927.093, 92
Trd, 4318927.193, 91
Trd, 4318928.943, 92
Trd, 4318932.593, 92
Trd, 4318933.843, 90
Trd, 4318933.993, 92
Trd, 4318938.193, 94
Trd, 4318940.743, 93
Trd, 4318941.693, 92
Trd, 4318942.093, 92
Trd, 4318943.643, 93
Trd, 4318944.493, 93
Trd, 4318947.143, 94
Trd, 4318951.093, 94
Trd, 4318951.243, 93
Trd, 4318951.893, 93
Trd, 4318952.943, 95
Trd, 4318954.843, 96
Trd, 4318956.893, 101
Trd, 4318958.393, 113
Trd, 4318960.993, 103
Trd, 4318962.643, 105
Trd, 4318963.043, 104
Trd, 4318964.743, 103
Trd, 4318965.093, 103
Trd, 4318967.793, 103
Trd, 4318967.993, 102
Trd, 4318969.093, 101
Trd, 4318970.843, 101
Trd, 4318972.743, 98
Trd, 4318975.543, 93
Trd, 4318975.893, 92
Trd, 4318977.543, 85
Trd, 4318977.843, 86
Trd, 4318977.943, 95
Trd, 4318980.493, 95
Trd, 4318983.143, 94
Trd, 4318984.493, 93
Trd, 4318986.443, 93
Trd, 4318986.843, 94
Trd, 4318987.743, 101
Trd, 4318990.193, 94
Trd, 4318991.943, 95
Trd, 4318993.443, 95
Trd, 4318996.593, 94
Trd, 4318998.643, 93
Trd, 4318999.443, 91
Trd, 4318999.693, 91
Trd, 4318999.993, 95
Trd, 4319002.043, 91
Trd, 4319002.793, 90
Trd, 4319003.593, 89
Trd, 4319005.343, 90
Trd, 4319005.793, 89
Trd, 4319007.743, 88
Trd, 4319008.693, 87
Trd, 4319009.193, 86
Trd, 4319009.643, 86
Trd, 4319011.493, 95
Trd, 4319011.843, 84
Trd, 4319013.893, 85
Trd, 4319015.893, 94
Trd, 4319016.493, 88
Trd, 4319020.093, 89
Trd, 4319020.643, 91
Trd, 4319022.643, 92
Trd, 4319024.943, 94
Trd, 4319026.193, 96
Trd, 4319027.143, 95
Trd, 4319027.593, 96
Trd, 4319028.343, 94
Trd, 4319030.293, 95
Trd, 4319032.143, 94
Trd, 4319032.643, 93
Trd, 4319033.893, 92
Trd, 4319035.793, 92
Trd, 4319036.693, 94
Trd, 4319040.443, 94
Trd, 4319041.043, 94
Trd, 4319041.293, 94
Trd, 4319042.543, 94
Trd, 4319044.693, 97
Trd, 4319045.643, 96
Trd, 4319045.743, 96
Trd, 4319048.193, 95
Trd, 4319050.743, 94
Trd, 4319051.143, 94
Trd, 4319052.093, 95
Trd, 4319053.543, 95
Trd, 4319053.593, 96
Trd, 4319056.393, 94
Trd, 4319057.493, 94
Trd, 4319058.593, 93
Trd, 4319060.193, 94
Trd, 4319062.843, 93
Trd, 4319063.293, 93
Trd, 4319066.193, 95
Trd, 4319066.893, 94
Trd, 4319069.893, 92
Trd, 4319070.143, 92
Trd, 4319070.843, 93
Trd, 4319073.643, 92
Trd, 4319076.593, 91
Trd, 4319077.093, 92
Trd, 4319077.243, 91
Trd, 4319080.943, 91
Trd, 4319082.393, 91
Trd, 4319083.143, 90
Trd, 4319084.693, 90
Trd, 4319085.593, 91
Trd, 4319088.843, 93
Trd, 4319091.643, 96
Trd, 4319092.693, 94
Trd, 4319093.293, 94
Trd, 4319094.393, 93
Trd, 4319094.843, 95
Trd, 4319096.193, 93
Trd, 4319099.343, 94
Trd, 4319099.393, 93
Trd, 4319101.043, 93
Trd, 4319101.643, 94
Trd, 4319103.093, 94
Trd, 4319103.993, 93
Trd, 4319105.543, 95
Trd, 4319106.543, 95
Trd, 4319108.843, 93
Trd, 4319109.093, 92
Trd, 4319111.093, 90
Trd, 4319111.943, 90
Trd, 4319113.543, 90
Trd, 4319115.643, 95
Trd, 4319116.643, 91
Trd, 4319118.343, 90
Trd, 4319119.943, 91
Trd, 4319121.493, 89
Trd, 4319124.493, 91
Trd, 4319127.443, 89
Trd, 4319130.293, 89
Trd, 4319133.443, 89
Trd, 4319134.093, 88
Trd, 4319134.293, 87
Trd, 4319135.543, 88
Trd, 4319137.493, 94
Trd, 4319138.893, 92
Trd, 4319141.943, 94
Trd, 4319143.393, 94
Trd, 4319144.193, 95
Trd, 4319147.543, 95
Trd, 4319149.543, 96
Trd, 4319150.143, 94
Trd, 4319150.543, 95
Trd, 4319152.893, 94
Trd, 4319155.993, 93
Trd, 4319159.243, 93
Trd, 4319160.443, 92
Trd, 4319160.843, 91
Trd, 4319164.293, 92
Trd, 4319166.543, 91
Trd, 4319167.793, 90
Trd, 4319168.493, 90
Trd, 4319169.693, 90
Trd, 4319170.543, 95
Trd, 4319174.243, 91
Trd, 4319174.393, 94
Trd, 4319176.943, 96
Trd, 4319177.943, 96
Trd, 4319179.843, 95
Trd, 4319181.343, 96
Trd, 4319181.593, 96
Trd, 4319184.443, 94
Trd, 4319186.993, 93
Trd, 4319188.393, 92
Trd, 4319189.293, 91
Trd, 4319190.043, 95
Trd, 4319190.993, 94
Trd, 4319192.443, 92
Trd, 4319193.393, 93
Trd, 4319194.343, 99
Trd, 4319195.693, 104
Trd, 4319198.343, 103
Trd, 4319199.843, 103
Trd, 4319200.793, 102
Trd, 4319201.243, 101
Trd, 4319203.043, 101
Trd, 4319204.093, 101
Trd, 4319206.793, 101
Trd, 4319210.193, 100
Trd, 4319210.243, 100
Trd, 4319210.543, 100
Trd, 4319212.443, 100
Trd, 4319213.943, 94
Trd, 4319215.093, 92
Trd, 4319216.093, 94
Trd, 4319218.093, 93
Trd, 4319219.293, 92
Trd, 4319220.143, 91
Trd, 4319223.393, 90
Trd, 4319223.993, 92
Trd, 4319225.043, 90
Trd, 4319226.743, 90
Trd, 4319229.443, 100
Trd, 4319230.543, 97
Trd, 4319230.993, 97
Trd, 4319231.093, 96
Trd, 4319233.143, 96
Trd, 4319234.693, 101
Trd, 4319235.943, 96
Trd, 4319236.293, 95
Trd, 4319237.443, 94
Trd, 4319239.243, 95
Trd, 4319241.793, 94
Trd, 4319244.493, 94
Trd, 4319245.693, 91
Trd, 4319247.043, 94
Trd, 4319248.093, 93
Trd, 4319251.843, 92
Trd, 4319252.193, 91
Trd, 4319255.193, 97
Trd, 4319256.143, 99
Trd, 4319259.493, 100
Trd, 4319260.493, 100
Trd, 4319262.243, 99
Trd, 4319262.743, 99
Trd, 4319263.393, 99
Trd, 4319265.293, 97
Trd, 4319265.843, 94
Trd, 4319266.193, 95
Trd, 4319268.643, 96
Trd, 4319269.643, 103
Trd, 4319271.443, 98
Trd, 4319272.093, 98
Trd, 4319272.843, 97
Trd, 4319276.343, 96
Trd, 4319276.693, 94
Trd, 4319279.493, 95
Trd, 4319281.793, 97
Trd, 4319282.243, 96
Trd, 4319284.543, 96
Trd, 4319284.793, 96
Trd, 4319285.393, 97
Trd, 4319287.143, 97
Trd, 4319288.343, 96
Trd, 4319289.043, 95
Trd, 4319291.743, 99
Trd, 4319294.293, 99
Trd, 4319296.143, 104
Trd, 4319297.943, 99
Trd, 4319298.643, 98
Trd, 4319299.343, 98
Trd, 4319300.193, 98
Trd, 4319301.343, 97
Trd, 4319301.443, 96
Trd, 4319305.043, 97
Trd, 4319305.693, 96
Trd, 4319306.843, 96
Trd, 4319307.243, 95
Trd, 4319309.243, 95
Trd, 4319312.843, 96
Trd, 4319314.743, 95
Trd, 4319316.293, 94
Trd, 4319317.293, 94
Trd, 4319317.843, 95
Trd, 4319319.543, 94
Trd, 4319320.893, 94
Trd, 4319322.143, 94
Trd, 4319323.293, 94
Trd, 4319327.443, 96
Trd, 4319327.493, 95
Trd, 4319330.293, 99
Trd, 4319332.293, 99
Trd, 4319335.243, 98
Trd, 4319335.893, 98
Trd, 4319338.443, 99
Trd, 4319339.243, 100
Trd, 4319341.443, 102
Trd, 4319343.593, 103
Trd, 4319344.343, 102
Trd, 4319346.143, 103
Trd, 4319347.193, 100
Trd, 4319347.843, 97
Trd, 4319349.143, 99
Trd, 4319351.343, 93
Trd, 4319352.843, 94
Trd, 4319354.293, 94
Trd, 4319354.543, 95
Trd, 4319355.143, 93
Trd, 4319356.793, 94
Trd, 4319358.543, 92
Trd, 4319359.893, 92
Trd, 4319362.893, 95
Trd, 4319363.693, 95
Trd, 4319363.793, 95
Trd, 4319364.843, 94
Trd, 4319364.943, 93
Trd, 4319366.843, 94
Trd, 4319366.893, 93
Trd, 4319368.593, 92
Trd, 4319371.893, 96
Trd, 4319373.293, 96
Trd, 4319375.293, 95
Trd, 4319377.343, 95
Trd, 4319377.743, 94
Trd, 4319380.843, 107
Trd, 4319380.943, 106
Trd, 4319381.893, 104
Trd, 4319383.493, 103
Trd, 4319385.543, 101
Trd, 4319386.543, 101
Trd, 4319387.443, 99
Trd, 4319390.343, 100
Trd, 4319390.743, 99
Trd, 4319392.943, 99
Trd, 4319392.993, 99
Trd, 4319393.993, 98
Trd, 4319398.443, 99
Trd, 4319398.643, 99
Trd, 4319400.043, 98
Trd, 4319400.443, 98
Trd, 4319401.143, 94
Trd, 4319402.193, 95
Trd, 4319403.393, 95
Trd, 4319408.093, 90
Trd, 4319409.943, 84
Trd, 4319410.893, 84
Trd, 4319411.643, 85
Trd, 4319411.693, 86
Trd, 4319413.143, 87
Trd, 4319415.293, 86
Trd, 4319416.993, 87
Trd, 4319419.493, 88
Trd, 4319421.393, 88
Trd, 4319422.843, 89
Trd, 4319426.043, 88
Trd, 4319426.293, 88
Trd, 4319428.443, 86
Trd, 4319430.643, 87
Trd, 4319430.743, 86
Trd, 4319431.043, 86
Trd, 4319435.643, 89
Trd, 4319436.443, 89
Trd, 4319437.743, 88
Trd, 4319438.893, 89
Trd, 4319439.793, 95
Trd, 4319441.743, 89
Trd, 4319443.893, 88
Trd, 4319444.643, 89
Trd, 4319444.793, 90
Trd, 4319447.543, 94
Trd, 4319449.543, 97
Trd, 4319449.993, 96
Trd, 4319450.443, 95
Trd, 4319452.093, 94
Trd, 4319454.293, 94
Trd, 4319458.093, 96
Trd, 4319458.143, 94
Trd, 4319460.193, 94
Trd, 4319460.543, 89
Trd, 4319461.443, 93
Trd, 4319461.943, 88
Trd, 4319464.093, 94
Trd, 4319465.093, 91
Trd, 4319468.393, 101
Trd, 4319468.643, 98
Trd, 4319469.343, 100
Trd, 4319469.543, 99
Trd, 4319469.943, 104
Trd, 4319473.593, 99
Trd, 4319474.643, 97
Trd, 4319474.743, 97
Trd, 4319476.543, 97
Trd, 4319477.043, 96
Trd, 4319479.843, 94
Trd, 4319480.593, 94
Trd, 4319481.593, 93
Trd, 4319481.993, 93
Trd, 4319482.493, 92
Trd, 4319485.593, 93
Trd, 4319489.243, 94
Trd, 4319490.293, 93
Trd, 4319491.143, 93
Trd, 4319493.093, 93
Trd, 4319494.593, 92
Trd, 4319495.293, 92
Trd, 4319497.793, 92
Trd, 4319497.943, 91
Trd, 4319499.593, 90
Trd, 4319501.393, 91
Trd, 4319502.943, 90
Trd, 4319505.143, 95
Trd, 4319505.743, 93
Trd, 4319506.343, 94
Trd, 4319508.993, 92
Trd, 4319510.043, 92
Trd, 4319510.393, 93
Trd, 4319510.993, 93
Trd, 4319513.243, 96
Trd, 4319517.243, 98
Trd, 4319517.993, 100
Trd, 4319519.243, 99
Trd, 4319519.593, 98
Trd, 4319519.843, 98
Trd, 4319525.793, 102
Trd, 4319526.693, 101
Trd, 4319527.093, 100
Trd, 4319528.243, 99
Trd, 4319529.393, 98
Trd, 4319531.343, 97
Trd, 4319534.393, 94
Trd, 4319534.493, 96
Trd, 4319535.893, 95
Trd, 4319538.193, 96
Trd, 4319538.393, 96
Trd, 4319538.593, 95
Trd, 4319539.293, 94
Trd, 4319541.043, 93
Trd, 4319543.943, 92
Trd, 4319545.143, 92
Trd, 4319547.343, 96
Trd, 4319548.193, 96
Trd, 4319550.843, 96
Trd, 4319551.643, 95
Trd, 4319552.393, 95
Trd, 4319553.793, 95
Trd, 4319555.193, 94
Trd, 4319558.543, 95
Trd, 4319558.643, 95
Trd, 4319561.043, 94
Trd, 4319563.393, 95
Trd, 4319563.493, 93
Trd, 4319565.493, 93
Trd, 4319566.493, 92
Trd, 4319568.443, 91
Trd, 4319568.643, 90
Trd, 4319571.043, 91
Trd, 4319571.393, 91
Trd, 4319574.043, 91
Trd, 4319575.943, 90
Trd, 4319576.743, 94
Trd, 4319578.893, 93
Trd, 4319579.593, 91
Trd, 4319582.043, 91
Trd, 4319583.493, 91
Trd, 4319585.243, 90
Trd, 4319585.593, 91
Trd, 4319585.743, 93
Trd, 4319587.543, 92
Trd, 4319589.393, 91
Trd, 4319591.343, 89
Trd, 4319592.993, 89
Trd, 4319593.193, 89
Trd, 4319594.193, 89
Trd, 4319596.193, 88
Trd, 4319596.243, 88
Trd, 4319598.493, 90
Trd, 4319600.843, 102
Trd, 4319601.993, 107
Trd, 4319603.443, 101
Trd, 4319604.393, 100
Trd, 4319604.943, 99
Trd, 4319607.543, 98
Trd, 4319608.643, 97
Trd, 4319609.643, 98
Trd, 4319611.793, 98
Trd, 4319613.043, 97
Trd, 4319613.893, 97
Trd, 4319615.843, 97
Trd, 4319617.493, 96
Trd, 4319618.293, 95
Trd, 4319620.243, 94
Trd, 4319621.643, 93
Trd, 4319622.593, 93
Trd, 4319622.793, 92
Trd, 4319624.943, 92
Trd, 4319626.743, 92
Trd, 4319628.343, 93
Trd, 4319631.843, 92
Trd, 4319632.493, 93
Trd, 4319633.143, 95
Trd, 4319636.843, 91
Trd, 4319637.543, 91
Trd, 4319638.343, 91
Trd, 4319640.493, 91
Trd, 4319641.543, 90
Trd, 4319643.243, 90
Trd, 4319644.893, 90
Trd, 4319645.343, 91
Trd, 4319646.493, 95
Trd, 4319647.643, 93
Trd, 4319650.643, 93
Trd, 4319652.843, 92
Trd, 4319653.243, 92
Trd, 4319653.693, 93
Trd, 4319654.143, 91
Trd, 4319656.243, 92
Trd, 4319656.843, 95
Trd, 4319658.743, 92
Trd, 4319660.993, 93
Trd, 4319662.293, 92
Trd, 4319665.293, 91
Trd, 4319666.043, 92
Trd, 4319667.943, 92
Trd, 4319668.743, 91
Trd, 4319671.443, 92
Trd, 4319673.543, 90
Trd, 4319673.793, 92
Trd, 4319674.643, 92
Trd, 4319675.543, 90
Trd, 4319676.343, 90
Trd, 4319679.443, 93
Trd, 4319679.993, 95
Trd, 4319680.543, 91
Trd, 4319682.093, 92
Trd, 4319682.443, 93
Trd, 4319687.143, 92
Trd, 4319687.843, 92
Trd, 4319690.943, 92
Trd, 4319692.443, 90
Trd, 4319694.543, 91
Trd, 4319695.393, 90
Trd, 4319697.043, 89
Trd, 4319697.143, 91
Trd, 4319699.193, 89
Trd, 4319700.193, 90
Trd, 4319701.343, 89
Trd, 4319702.843, 88
Trd, 4319705.143, 89
Trd, 4319705.243, 88
Trd, 4319708.193, 107
Trd, 4319708.943, 99
Trd, 4319710.193, 98
Trd, 4319710.443, 97
Trd, 4319711.993, 97
Trd, 4319713.943, 97
Trd, 4319714.493, 96
Trd, 4319717.243, 95
Trd, 4319717.943, 94
Trd, 4319720.393, 95
Trd, 4319721.443, 93
Trd, 4319721.993, 92
Trd, 4319722.893, 94
Trd, 4319725.143, 93
Trd, 4319725.743, 92
Trd, 4319728.643, 94
Trd, 4319730.793, 93
Trd, 4319732.143, 91
Trd, 4319732.793, 92
Trd, 4319733.643, 91
Trd, 4319739.243, 88
Trd, 4319739.343, 89
Trd, 4319739.643, 89
Trd, 4319743.343, 96
Trd, 4319745.743, 95
Trd, 4319746.393, 95
Trd, 4319746.843, 95
Trd, 4319748.943, 94
Trd, 4319749.243, 95
Trd, 4319751.443, 93
Trd, 4319752.643, 93
Trd, 4319753.243, 93
Trd, 4319755.293, 91
Trd, 4319755.893, 91
Trd, 4319756.743, 91
Trd, 4319759.093, 91
Trd, 4319759.793, 92
Trd, 4319760.193, 90
Trd, 4319761.193, 90
Trd, 4319762.193, 92
Trd, 4319764.643, 99
Trd, 4319765.743, 97
Trd, 4319766.393, 97
Trd, 4319770.243, 96
Trd, 4319771.143, 96
Trd, 4319772.093, 95
Trd, 4319774.643, 96
Trd, 4319776.043, 93
Trd, 4319776.493, 94
Trd, 4319778.743, 92
Trd, 4319779.343, 92
Trd, 4319783.543, 91
Trd, 4319783.643, 92
Trd, 4319784.393, 92
Trd, 4319785.093, 91
Trd, 4319787.243, 92
Trd, 4319791.893, 101
Trd, 4319792.993, 99
Trd, 4319795.243, 99
Trd, 4319796.893, 98
Trd, 4319798.143, 99
Trd, 4319799.893, 99
Trd, 4319800.093, 100
Trd, 4319800.693, 98
Trd, 4319801.843, 97
Trd, 4319803.493, 92
Trd, 4319804.543, 93
Trd, 4319806.643, 91
Trd, 4319806.793, 93
Trd, 4319807.743, 92
Trd, 4319809.743, 91
Trd, 4319809.893, 92
Trd, 4319813.793, 91
Trd, 4319815.443, 81
Trd, 4319816.743, 90
Trd, 4319818.293, 89
Trd, 4319819.193, 87
Trd, 4319820.993, 87
Trd, 4319823.743, 86
Trd, 4319824.993, 88
Trd, 4319827.443, 88
Trd, 4319828.093, 88
Trd, 4319829.993, 87
Trd, 4319832.393, 86
Trd, 4319833.393, 86
Trd, 4319834.593, 86
Trd, 4319834.693, 86
Trd, 4319838.343, 86
Trd, 4319841.243, 86
Trd, 4319842.543, 85
Trd, 4319843.393, 87
Trd, 4319846.893, 86
Trd, 4319847.643, 86
Trd, 4319847.743, 86
Trd, 4319847.893, 87
Trd, 4319849.893, 85
Trd, 4319850.843, 86
Trd, 4319853.343, 86
Trd, 4319854.043, 85
Trd, 4319854.343, 86
Trd, 4319858.243, 91
Trd, 4319861.343, 92
Trd, 4319861.693, 93
Trd, 4319863.743, 92
Trd, 4319864.843, 92
Trd, 4319867.193, 91
Trd, 4319868.343, 92
Trd, 4319869.193, 92
Trd, 4319871.043, 94
Trd, 4319873.243, 92
Trd, 4319876.793, 90
Trd, 4319878.293, 91
Trd, 4319880.793, 93
Trd, 4319881.593, 92
Trd, 4319883.793, 91
Trd, 4319885.793, 90
Trd, 4319888.243, 89
Trd, 4319888.643, 90
Trd, 4319890.043, 90
Trd, 4319890.793, 89
Trd, 4319891.793, 88
Trd, 4319892.743, 88
Trd, 4319894.743, 89
Trd, 4319895.893, 89
Trd, 4319897.893, 93
Trd, 4319899.243, 90
Trd, 4319903.643, 94
Trd, 4319904.443, 93
Trd, 4319906.593, 92
Trd, 4319906.843, 92
Trd, 4319907.993, 93
Trd, 4319910.093, 92
Trd, 4319911.143, 91
Trd, 4319912.543, 91
Trd, 4319914.293, 92
Trd, 4319915.693, 90
Trd, 4319916.843, 89
Trd, 4319917.293, 89
Trd, 4319920.143, 89
Trd, 4319920.993, 89
Trd, 4319922.143, 88
Trd, 4319923.993, 89
Trd, 4319924.793, 89
Trd, 4319925.893, 88
Trd, 4319929.893, 93
Trd, 4319930.393, 93
Trd, 4319931.593, 93
Trd, 4319933.043, 92
Trd, 4319936.543, 92
Trd, 4319937.543, 91
Trd, 4319938.043, 101
Trd, 4319941.743, 93
Trd, 4319941.993, 93
Trd, 4319943.193, 92
Trd, 4319944.793, 93
Trd, 4319947.643, 91
Trd, 4319948.093, 91
Trd, 4319950.943, 91
Trd, 4319951.593, 91
Trd, 4319952.093, 90
Trd, 4319954.943, 91
Trd, 4319955.593, 90
Trd, 4319957.293, 91
Trd, 4319958.543, 91
Trd, 4319961.243, 91
Trd, 4319961.693, 90
Trd, 4319963.043, 91
Trd, 4319964.443, 91
Trd, 4319965.543, 90
Trd, 4319965.643, 89
Trd, 4319965.693, 89
Trd, 4319967.743, 95
Trd, 4319969.593, 90
Trd, 4319971.093, 91
Trd, 4319972.543, 90
Trd, 4319976.543, 89
Trd, 4319977.143, 100
Trd, 4319978.293, 91
Trd, 4319980.293, 90
Trd, 4319982.293, 89
Trd, 4319984.543, 88
Trd, 4319984.593, 89
Trd, 4319986.993, 89
Trd, 4319989.843, 91
Trd, 4319990.443, 90
Trd, 4319992.243, 89
Trd, 4319993.393, 87
Trd, 4319995.293, 87
Trd, 4319995.343, 88
Trd, 4319996.043, 90
Trd, 4319996.193, 88
Trd, 4319997.893, 89
