Trd, 4317872.893, 99
Trd, 4317873.243, 93
Trd, 4317873.793, 99
Trd, 4317877.093, 97
Trd, 4317878.493, 96
Trd, 4317882.093, 96
Trd, 4317882.593, 95
Trd, 4317883.793, 94
Trd, 4317884.643, 97
Trd, 4317885.293, 97
Trd, 4317887.893, 94
Trd, 4317887.943, 93
Trd, 4317888.693, 95
Trd, 4317891.293, 95
Trd, 4317893.343, 92
Trd, 4317894.293, 93
Trd, 4317894.693, 95
Trd, 4317894.843, 92
Trd, 4317894.993, 80
Trd, 4317898.643, 91
Trd, 4317899.143, 91
Trd, 4317900.143, 91
Trd, 4317900.943, 90
Trd, 4317901.043, 95
Trd, 4317905.043, 92
Trd, 4317905.293, 90
Trd, 4317906.293, 92
Trd, 4317906.443, 90
Trd, 4317907.443, 95
Trd, 4317908.943, 97
Trd, 4317909.893, 99
Trd, 4317910.493, 97
Trd, 4317911.143, 105
Trd, 4317911.593, 97
Trd, 4317913.293, 76
Trd, 4317917.043, 97
Trd, 4317917.793, 92
Trd, 4317919.293, 91
Trd, 4317922.893, 93
Trd, 4317923.443, 94
Trd, 4317926.243, 91
Trd, 4317927.093, 91
Trd, 4317928.593, 94
Trd, 4317928.993, 94
Trd, 4317932.043, 92
Trd, 4317933.643, 92
Trd, 4317933.693, 93
Trd, 4317934.993, 91
Trd, 4317935.393, 104
Trd, 4317937.493, 102
Trd, 4317938.243, 104
Trd, 4317939.243, 104
Trd, 4317940.043, 105
Trd, 4317940.343, 104
Trd, 4317942.543, 90
Trd, 4317942.993, 100
Trd, 4317943.693, 95
Trd, 4317944.143, 99
Trd, 4317946.943, 98
Trd, 4317947.143, 95
Trd, 4317948.693, 94
Trd, 4317949.243, 93
Trd, 4317950.893, 95
Trd, 4317953.093, 93
Trd, 4317953.543, 94
Trd, 4317954.943, 93
Trd, 4317956.043, 94
Trd, 4317956.343, 91
Trd, 4317958.593, 90
Trd, 4317960.493, 92
Trd, 4317961.993, 89
Trd, 4317962.743, 88
Trd, 4317963.193, 80
Trd, 4317964.593, 84
Trd, 4317967.343, 88
Trd, 4317968.193, 87
Trd, 4317969.743, 88
Trd, 4317970.543, 88
Trd, 4317973.493, 92
Trd, 4317973.943, 92
Trd, 4317974.143, 94
Trd, 4317974.443, 91
Trd, 4317977.193, 93
Trd, 4317977.493, 95
Trd, 4317978.793, 92
Trd, 4317983.293, 104
Trd, 4317983.543, 97
Trd, 4317984.493, 99
Trd, 4317985.643, 93
Trd, 4317986.743, 96
Trd, 4317987.043, 95
Trd, 4317987.693, 112
Trd, 4317988.293, 103
Trd, 4317990.193, 93
Trd, 4317993.743, 101
Trd, 4317994.293, 100
Trd, 4317995.143, 96
Trd, 4317996.593, 99
Trd, 4317997.093, 102
Trd, 4317997.243, 98
Trd, 4318000.993, 93
Trd, 4318001.293, 94
Trd, 4318002.043, 91
Trd, 4318002.293, 91
Trd, 4318004.143, 92
Trd, 4318005.143, 92
Trd, 4318008.893, 92
Trd, 4318011.893, 91
Trd, 4318011.943, 91
Trd, 4318012.293, 94
Trd, 4318012.843, 104
Trd, 4318013.643, 98
Trd, 4318016.343, 109
Trd, 4318016.893, 105
Trd, 4318020.693, 97
Trd, 4318020.743, 98
Trd, 4318021.393, 108
Trd, 4318022.243, 104
Trd, 4318022.993, 103
Trd, 4318023.943, 102
Trd, 4318025.493, 102
Trd, 4318026.593, 104
Trd, 4318029.293, 103
Trd, 4318029.843, 104
Trd, 4318030.293, 92
Trd, 4318031.743, 96
Trd, 4318032.793, 99
Trd, 4318034.043, 96
Trd, 4318034.993, 99
Trd, 4318037.293, 98
Trd, 4318039.443, 102
Trd, 4318039.943, 100
Trd, 4318040.493, 104
Trd, 4318041.143, 98
Trd, 4318042.993, 105
Trd, 4318044.893, 103
Trd, 4318046.043, 102
Trd, 4318046.593, 95
Trd, 4318048.493, 95
Trd, 4318049.793, 94
Trd, 4318050.893, 101
Trd, 4318054.443, 95
Trd, 4318055.193, 98
Trd, 4318057.243, 97
Trd, 4318057.343, 96
Trd, 4318058.293, 96
Trd, 4318059.693, 97
Trd, 4318059.893, 101
Trd, 4318060.443, 99
Trd, 4318061.043, 96
Trd, 4318064.093, 96
Trd, 4318064.843, 95
Trd, 4318065.893, 95
Trd, 4318068.193, 94
Trd, 4318068.343, 95
Trd, 4318069.643, 92
Trd, 4318071.393, 91
Trd, 4318073.943, 92
Trd, 4318077.443, 98
Trd, 4318079.043, 100
Trd, 4318079.143, 99
Trd, 4318082.093, 95
Trd, 4318082.243, 95
Trd, 4318083.043, 111
Trd, 4318084.343, 98
Trd, 4318085.243, 98
Trd, 4318086.493, 77
Trd, 4318088.293, 86
Trd, 4318088.493, 76
Trd, 4318092.693, 96
Trd, 4318093.193, 91
Trd, 4318095.493, 95
Trd, 4318096.443, 90
Trd, 4318098.093, 90
Trd, 4318098.793, 92
Trd, 4318100.893, 92
Trd, 4318101.193, 91
Trd, 4318102.893, 92
Trd, 4318103.843, 100
Trd, 4318104.193, 100
Trd, 4318105.243, 100
Trd, 4318106.593, 104
Trd, 4318107.243, 97
Trd, 4318108.093, 97
Trd, 4318110.793, 90
Trd, 4318111.293, 86
Trd, 4318113.843, 85
Trd, 4318114.693, 98
Trd, 4318115.593, 89
Trd, 4318117.443, 86
Trd, 4318118.593, 101
Trd, 4318118.893, 105
Trd, 4318119.193, 89
Trd, 4318121.293, 103
Trd, 4318123.343, 104
Trd, 4318123.793, 98
Trd, 4318124.143, 100
Trd, 4318124.193, 105
Trd, 4318124.643, 99
Trd, 4318128.443, 96
Trd, 4318129.193, 77
Trd, 4318130.593, 89
Trd, 4318131.343, 97
Trd, 4318132.793, 105
Trd, 4318133.793, 87
Trd, 4318135.043, 85
Trd, 4318138.493, 87
Trd, 4318138.743, 88
Trd, 4318140.143, 96
Trd, 4318141.843, 91
Trd, 4318142.093, 94
Trd, 4318142.643, 95
Trd, 4318144.843, 99
Trd, 4318145.493, 100
Trd, 4318145.843, 99
Trd, 4318149.293, 99
Trd, 4318149.443, 79
Trd, 4318150.643, 86
Trd, 4318154.493, 91
Trd, 4318155.343, 90
Trd, 4318155.893, 91
Trd, 4318156.293, 91
Trd, 4318158.943, 94
Trd, 4318160.443, 91
Trd, 4318162.043, 90
Trd, 4318164.043, 93
Trd, 4318164.193, 91
Trd, 4318164.443, 90
Trd, 4318166.943, 91
Trd, 4318169.193, 91
Trd, 4318171.093, 90
Trd, 4318172.793, 90
Trd, 4318173.943, 89
Trd, 4318175.293, 89
Trd, 4318176.843, 89
Trd, 4318177.543, 88
Trd, 4318179.243, 90
Trd, 4318179.443, 95
Trd, 4318181.543, 95
Trd, 4318182.743, 90
Trd, 4318183.293, 95
Trd, 4318184.093, 91
Trd, 4318186.793, 90
Trd, 4318187.993, 93
Trd, 4318189.693, 92
Trd, 4318189.843, 89
Trd, 4318192.293, 90
Trd, 4318192.593, 90
Trd, 4318193.043, 95
Trd, 4318194.993, 89
Trd, 4318196.143, 89
Trd, 4318199.293, 92
Trd, 4318199.793, 92
Trd, 4318199.993, 91
Trd, 4318200.293, 91
Trd, 4318203.143, 91
Trd, 4318206.493, 90
Trd, 4318208.143, 90
Trd, 4318208.743, 91
Trd, 4318210.793, 91
Trd, 4318212.943, 92
Trd, 4318213.093, 90
Trd, 4318215.443, 91
Trd, 4318218.943, 90
Trd, 4318220.543, 91
Trd, 4318221.143, 91
Trd, 4318221.193, 92
Trd, 4318221.993, 89
Trd, 4318225.243, 89
Trd, 4318226.093, 92
Trd, 4318226.693, 92
Trd, 4318228.043, 91
Trd, 4318230.943, 92
Trd, 4318231.193, 92
Trd, 4318231.693, 102
Trd, 4318232.193, 94
Trd, 4318233.493, 98
Trd, 4318236.493, 95
Trd, 4318236.793, 103
Trd, 4318239.493, 96
Trd, 4318240.143, 95
Trd, 4318240.243, 98
Trd, 4318241.643, 96
Trd, 4318243.893, 94
Trd, 4318244.743, 97
Trd, 4318246.343, 94
Trd, 4318246.893, 95
Trd, 4318248.843, 95
Trd, 4318249.643, 96
Trd, 4318250.193, 95
Trd, 4318251.643, 94
Trd, 4318253.893, 94
Trd, 4318255.693, 92
Trd, 4318255.793, 96
Trd, 4318256.443, 94
Trd, 4318256.493, 93
Trd, 4318260.043, 93
Trd, 4318261.593, 93
Trd, 4318262.043, 94
Trd, 4318263.443, 94
Trd, 4318264.993, 94
Trd, 4318267.593, 93
Trd, 4318268.293, 92
Trd, 4318268.593, 92
Trd, 4318270.193, 93
Trd, 4318274.143, 93
Trd, 4318276.143, 94
Trd, 4318276.393, 93
Trd, 4318276.793, 93
Trd, 4318278.143, 92
Trd, 4318279.643, 91
Trd, 4318280.243, 91
Trd, 4318281.543, 92
Trd, 4318283.093, 90
Trd, 4318285.643, 89
Trd, 4318286.093, 91
Trd, 4318286.343, 95
Trd, 4318286.543, 89
Trd, 4318288.793, 90
Trd, 4318289.443, 100
Trd, 4318291.393, 96
Trd, 4318293.443, 95
Trd, 4318294.543, 79
Trd, 4318295.793, 95
Trd, 4318298.443, 90
Trd, 4318300.543, 91
Trd, 4318301.693, 92
Trd, 4318302.343, 93
Trd, 4318302.443, 91
Trd, 4318305.743, 93
Trd, 4318305.793, 92
Trd, 4318307.693, 91
Trd, 4318307.993, 90
Trd, 4318311.093, 91
Trd, 4318313.943, 95
Trd, 4318314.893, 93
Trd, 4318315.243, 89
Trd, 4318317.893, 90
Trd, 4318318.343, 89
Trd, 4318318.893, 89
Trd, 4318322.493, 93
Trd, 4318322.943, 88
Trd, 4318326.293, 89
Trd, 4318327.143, 88
Trd, 4318328.643, 91
Trd, 4318329.893, 93
Trd, 4318331.943, 91
Trd, 4318332.143, 90
Trd, 4318335.743, 90
Trd, 4318336.243, 89
Trd, 4318337.693, 95
Trd, 4318338.043, 96
Trd, 4318340.793, 102
Trd, 4318341.193, 100
Trd, 4318341.943, 94
Trd, 4318342.143, 100
Trd, 4318345.343, 93
Trd, 4318346.043, 89
Trd, 4318346.243, 96
Trd, 4318348.193, 90
Trd, 4318350.793, 92
Trd, 4318351.243, 91
Trd, 4318351.543, 91
Trd, 4318353.243, 93
Trd, 4318354.093, 93
Trd, 4318355.293, 78
Trd, 4318355.543, 95
Trd, 4318358.943, 88
Trd, 4318359.243, 85
Trd, 4318360.543, 85
Trd, 4318361.093, 88
Trd, 4318362.143, 88
Trd, 4318365.743, 92
Trd, 4318366.243, 90
Trd, 4318367.243, 89
Trd, 4318369.543, 90
Trd, 4318370.293, 89
Trd, 4318370.893, 89
Trd, 4318372.993, 95
Trd, 4318373.693, 90
Trd, 4318375.493, 96
Trd, 4318375.843, 91
Trd, 4318378.693, 93
Trd, 4318379.193, 94
Trd, 4318380.243, 95
Trd, 4318380.693, 94
Trd, 4318381.343, 93
Trd, 4318384.143, 95
Trd, 4318385.993, 104
Trd, 4318386.943, 101
Trd, 4318387.993, 105
Trd, 4318389.893, 100
Trd, 4318390.093, 99
Trd, 4318391.443, 99
Trd, 4318392.443, 97
Trd, 4318394.293, 95
Trd, 4318396.543, 95
Trd, 4318398.343, 94
Trd, 4318399.843, 94
Trd, 4318400.893, 93
Trd, 4318402.593, 95
Trd, 4318404.093, 77
Trd, 4318406.893, 85
Trd, 4318407.743, 85
Trd, 4318408.093, 85
Trd, 4318408.343, 87
Trd, 4318410.243, 84
Trd, 4318410.993, 94
Trd, 4318412.343, 88
Trd, 4318412.693, 95
Trd, 4318413.193, 90
Trd, 4318414.893, 97
Trd, 4318415.793, 86
Trd, 4318416.793, 86
Trd, 4318417.493, 105
Trd, 4318417.543, 114
Trd, 4318420.393, 94
Trd, 4318424.893, 94
Trd, 4318425.193, 93
Trd, 4318425.993, 93
Trd, 4318427.743, 93
Trd, 4318430.493, 92
Trd, 4318430.743, 91
Trd, 4318430.843, 93
Trd, 4318435.293, 91
Trd, 4318435.943, 92
Trd, 4318435.993, 91
Trd, 4318436.893, 95
Trd, 4318437.643, 90
Trd, 4318439.693, 101
Trd, 4318439.993, 97
Trd, 4318441.943, 98
Trd, 4318442.143, 96
Trd, 4318443.693, 94
Trd, 4318444.193, 99
Trd, 4318444.843, 99
Trd, 4318445.493, 98
Trd, 4318445.693, 94
Trd, 4318447.443, 91
Trd, 4318449.793, 96
Trd, 4318450.393, 98
Trd, 4318450.843, 96
Trd, 4318452.243, 96
Trd, 4318452.343, 96
Trd, 4318453.893, 91
Trd, 4318454.593, 92
Trd, 4318455.193, 94
Trd, 4318456.193, 97
Trd, 4318457.843, 94
Trd, 4318458.393, 93
Trd, 4318460.143, 93
Trd, 4318462.293, 95
Trd, 4318462.743, 92
Trd, 4318463.643, 79
Trd, 4318463.893, 104
Trd, 4318470.243, 93
Trd, 4318470.693, 98
Trd, 4318471.793, 92
Trd, 4318472.843, 92
Trd, 4318472.943, 95
Trd, 4318473.943, 93
Trd, 4318474.493, 94
Trd, 4318476.193, 93
Trd, 4318477.293, 92
Trd, 4318479.093, 92
Trd, 4318479.393, 93
Trd, 4318482.643, 92
Trd, 4318483.993, 95
Trd, 4318485.843, 94
Trd, 4318486.543, 94
Trd, 4318486.843, 95
Trd, 4318488.093, 98
Trd, 4318488.243, 94
Trd, 4318489.293, 94
Trd, 4318491.193, 103
Trd, 4318491.893, 100
Trd, 4318492.193, 98
Trd, 4318492.643, 105
Trd, 4318495.293, 103
Trd, 4318495.593, 102
Trd, 4318495.843, 93
Trd, 4318496.143, 104
Trd, 4318499.643, 104
Trd, 4318501.193, 104
Trd, 4318501.243, 105
Trd, 4318501.293, 103
Trd, 4318503.693, 101
Trd, 4318503.993, 102
Trd, 4318505.243, 101
Trd, 4318509.393, 100
Trd, 4318510.193, 99
Trd, 4318513.043, 98
Trd, 4318513.293, 101
Trd, 4318515.693, 99
Trd, 4318516.393, 100
Trd, 4318517.043, 99
Trd, 4318518.343, 100
Trd, 4318519.293, 101
Trd, 4318520.843, 100
Trd, 4318521.043, 98
Trd, 4318523.143, 96
Trd, 4318527.093, 95
Trd, 4318527.193, 94
Trd, 4318529.993, 93
Trd, 4318530.293, 97
Trd, 4318531.393, 93
Trd, 4318531.593, 77
Trd, 4318533.043, 84
Trd, 4318533.143, 86
Trd, 4318533.593, 83
Trd, 4318535.193, 92
Trd, 4318537.343, 98
Trd, 4318537.443, 97
Trd, 4318541.443, 96
Trd, 4318541.793, 95
Trd, 4318542.843, 96
Trd, 4318544.043, 94
Trd, 4318544.293, 96
Trd, 4318547.093, 98
Trd, 4318547.643, 97
Trd, 4318547.943, 102
Trd, 4318548.193, 76
Trd, 4318549.543, 79
Trd, 4318551.893, 96
Trd, 4318554.843, 95
Trd, 4318554.943, 93
Trd, 4318555.343, 91
Trd, 4318556.493, 94
Trd, 4318556.893, 95
Trd, 4318557.893, 95
Trd, 4318559.793, 95
Trd, 4318561.093, 95
Trd, 4318562.893, 95
Trd, 4318566.243, 94
Trd, 4318566.743, 93
Trd, 4318566.893, 93
Trd, 4318568.593, 84
Trd, 4318568.693, 104
Trd, 4318571.543, 95
Trd, 4318571.993, 89
Trd, 4318573.043, 92
Trd, 4318573.943, 92
Trd, 4318574.643, 91
Trd, 4318574.743, 91
Trd, 4318574.993, 92
Trd, 4318579.743, 90
Trd, 4318579.943, 92
Trd, 4318581.893, 94
Trd, 4318582.143, 93
Trd, 4318585.493, 93
Trd, 4318586.393, 93
Trd, 4318588.643, 93
Trd, 4318588.943, 90
Trd, 4318590.793, 95
Trd, 4318591.743, 94
Trd, 4318592.593, 90
Trd, 4318593.493, 104
Trd, 4318594.293, 96
Trd, 4318596.343, 96
Trd, 4318596.643, 96
Trd, 4318598.343, 94
Trd, 4318598.793, 95
Trd, 4318599.943, 94
Trd, 4318601.143, 94
Trd, 4318603.243, 94
Trd, 4318603.843, 92
Trd, 4318604.393, 87
Trd, 4318606.093, 95
Trd, 4318606.693, 77
Trd, 4318611.393, 88
Trd, 4318612.443, 86
Trd, 4318612.693, 88
Trd, 4318615.043, 91
Trd, 4318615.543, 90
Trd, 4318616.743, 91
Trd, 4318618.443, 90
Trd, 4318618.843, 95
Trd, 4318619.693, 110
Trd, 4318619.843, 104
Trd, 4318620.993, 111
Trd, 4318622.043, 104
Trd, 4318623.243, 104
Trd, 4318623.543, 104
Trd, 4318626.243, 97
Trd, 4318627.393, 98
Trd, 4318629.243, 97
Trd, 4318630.143, 96
Trd, 4318633.593, 96
Trd, 4318635.243, 95
Trd, 4318635.943, 95
Trd, 4318637.843, 96
Trd, 4318639.293, 106
Trd, 4318639.543, 103
Trd, 4318641.543, 103
Trd, 4318642.593, 104
Trd, 4318642.743, 102
Trd, 4318644.943, 95
Trd, 4318647.793, 95
Trd, 4318648.393, 94
Trd, 4318650.193, 93
Trd, 4318653.493, 95
Trd, 4318653.543, 95
Trd, 4318656.893, 93
Trd, 4318657.743, 93
Trd, 4318658.593, 93
Trd, 4318660.243, 94
Trd, 4318660.543, 94
Trd, 4318661.943, 94
Trd, 4318662.893, 95
Trd, 4318664.043, 93
Trd, 4318664.943, 95
Trd, 4318666.393, 99
Trd, 4318666.943, 98
Trd, 4318668.743, 98
Trd, 4318670.343, 112
Trd, 4318670.693, 102
Trd, 4318672.493, 95
Trd, 4318673.943, 112
Trd, 4318674.143, 95
Trd, 4318675.593, 99
Trd, 4318677.743, 102
Trd, 4318679.543, 100
Trd, 4318681.443, 98
Trd, 4318681.743, 101
Trd, 4318685.343, 99
Trd, 4318685.693, 99
Trd, 4318685.993, 98
Trd, 4318687.693, 97
Trd, 4318688.043, 95
Trd, 4318688.893, 97
Trd, 4318691.943, 96
Trd, 4318692.543, 96
Trd, 4318693.193, 96
Trd, 4318696.493, 94
Trd, 4318700.493, 94
Trd, 4318700.543, 95
Trd, 4318701.243, 95
Trd, 4318701.643, 100
Trd, 4318703.493, 96
Trd, 4318703.943, 96
Trd, 4318706.943, 95
Trd, 4318707.793, 96
Trd, 4318709.093, 97
Trd, 4318710.543, 97
Trd, 4318710.893, 96
Trd, 4318713.643, 100
Trd, 4318713.893, 101
Trd, 4318714.343, 99
Trd, 4318714.593, 98
Trd, 4318716.493, 94
Trd, 4318716.543, 114
Trd, 4318718.693, 104
Trd, 4318720.443, 97
Trd, 4318721.593, 98
Trd, 4318723.443, 96
Trd, 4318723.693, 95
Trd, 4318723.993, 94
Trd, 4318727.643, 96
Trd, 4318727.893, 94
Trd, 4318728.493, 94
Trd, 4318728.593, 106
Trd, 4318730.043, 93
Trd, 4318734.843, 95
Trd, 4318735.443, 94
Trd, 4318737.043, 76
Trd, 4318737.493, 95
Trd, 4318741.143, 90
Trd, 4318741.793, 91
Trd, 4318742.043, 92
Trd, 4318744.543, 93
Trd, 4318744.643, 92
Trd, 4318744.843, 79
Trd, 4318746.493, 93
Trd, 4318748.743, 95
Trd, 4318750.243, 99
Trd, 4318750.993, 90
Trd, 4318753.593, 93
Trd, 4318755.343, 96
Trd, 4318755.843, 93
Trd, 4318756.743, 97
Trd, 4318759.493, 94
Trd, 4318760.893, 84
Trd, 4318763.143, 76
Trd, 4318763.793, 86
Trd, 4318764.693, 79
Trd, 4318765.893, 82
Trd, 4318768.443, 86
Trd, 4318770.493, 82
Trd, 4318770.843, 93
Trd, 4318773.193, 96
Trd, 4318774.343, 93
Trd, 4318776.443, 93
Trd, 4318777.443, 93
Trd, 4318779.393, 96
Trd, 4318779.843, 107
Trd, 4318780.843, 105
Trd, 4318781.793, 96
Trd, 4318782.543, 100
Trd, 4318782.793, 99
Trd, 4318784.443, 85
Trd, 4318788.443, 92
Trd, 4318788.543, 91
Trd, 4318789.243, 93
Trd, 4318790.243, 93
Trd, 4318793.493, 91
Trd, 4318794.793, 90
Trd, 4318796.593, 95
Trd, 4318797.643, 91
Trd, 4318798.393, 90
Trd, 4318800.843, 92
Trd, 4318801.993, 93
Trd, 4318804.043, 94
Trd, 4318804.943, 90
Trd, 4318805.743, 92
Trd, 4318805.893, 90
Trd, 4318806.193, 80
Trd, 4318808.743, 95
Trd, 4318809.243, 91
Trd, 4318809.493, 93
Trd, 4318811.893, 92
Trd, 4318812.343, 91
Trd, 4318813.543, 91
Trd, 4318815.343, 92
Trd, 4318819.443, 92
Trd, 4318820.393, 91
Trd, 4318820.993, 89
Trd, 4318823.293, 91
Trd, 4318823.693, 89
Trd, 4318823.743, 89
Trd, 4318827.643, 90
Trd, 4318827.893, 90
Trd, 4318828.743, 97
Trd, 4318831.143, 106
Trd, 4318831.243, 95
Trd, 4318831.843, 94
Trd, 4318834.343, 100
Trd, 4318836.893, 107
Trd, 4318837.043, 105
Trd, 4318838.293, 97
Trd, 4318841.093, 95
Trd, 4318841.243, 97
Trd, 4318841.293, 94
Trd, 4318842.993, 101
Trd, 4318844.143, 93
Trd, 4318846.593, 97
Trd, 4318847.043, 98
Trd, 4318847.643, 99
Trd, 4318849.143, 103
Trd, 4318850.043, 97
Trd, 4318850.843, 100
Trd, 4318850.943, 94
Trd, 4318851.893, 101
Trd, 4318854.143, 92
Trd, 4318855.143, 106
Trd, 4318855.693, 102
Trd, 4318857.143, 101
Trd, 4318857.943, 101
Trd, 4318858.343, 100
Trd, 4318863.043, 99
Trd, 4318864.343, 100
Trd, 4318866.843, 99
Trd, 4318867.143, 100
Trd, 4318867.793, 100
Trd, 4318868.043, 94
Trd, 4318868.143, 105
Trd, 4318869.143, 105
Trd, 4318870.693, 98
Trd, 4318871.793, 100
Trd, 4318872.443, 100
Trd, 4318873.093, 100
Trd, 4318875.493, 102
Trd, 4318876.643, 102
Trd, 4318877.093, 104
Trd, 4318878.043, 104
Trd, 4318878.743, 105
Trd, 4318880.293, 94
Trd, 4318880.443, 93
Trd, 4318880.743, 109
Trd, 4318884.743, 98
Trd, 4318885.043, 97
Trd, 4318885.493, 92
Trd, 4318886.793, 76
Trd, 4318888.143, 98
Trd, 4318890.143, 97
Trd, 4318890.743, 87
Trd, 4318891.043, 86
Trd, 4318894.043, 91
Trd, 4318894.793, 91
Trd, 4318896.743, 86
Trd, 4318896.993, 95
Trd, 4318897.093, 85
Trd, 4318901.543, 89
Trd, 4318902.293, 94
Trd, 4318903.243, 96
Trd, 4318904.493, 98
Trd, 4318904.543, 101
Trd, 4318906.593, 97
Trd, 4318908.143, 97
Trd, 4318909.143, 84
Trd, 4318909.193, 82
Trd, 4318910.693, 104
Trd, 4318912.993, 97
Trd, 4318913.893, 96
Trd, 4318914.143, 96
Trd, 4318916.943, 104
Trd, 4318919.093, 104
Trd, 4318919.443, 102
Trd, 4318920.243, 100
Trd, 4318924.043, 94
Trd, 4318925.993, 95
Trd, 4318926.493, 93
Trd, 4318927.743, 100
Trd, 4318928.243, 94
Trd, 4318930.293, 97
Trd, 4318930.993, 96
Trd, 4318932.243, 94
Trd, 4318934.493, 95
Trd, 4318934.743, 95
Trd, 4318936.643, 94
Trd, 4318938.243, 93
Trd, 4318940.343, 93
Trd, 4318941.843, 95
Trd, 4318942.293, 95
Trd, 4318943.193, 92
Trd, 4318944.793, 103
Trd, 4318945.743, 105
Trd, 4318946.893, 106
Trd, 4318948.243, 99
Trd, 4318948.443, 100
Trd, 4318949.893, 99
Trd, 4318952.843, 97
Trd, 4318953.943, 94
Trd, 4318954.793, 97
Trd, 4318955.693, 96
Trd, 4318955.943, 96
Trd, 4318956.843, 95
Trd, 4318957.693, 96
Trd, 4318958.493, 96
Trd, 4318959.243, 96
Trd, 4318959.493, 84
Trd, 4318962.643, 96
Trd, 4318963.293, 94
Trd, 4318964.243, 92
Trd, 4318964.743, 95
Trd, 4318967.343, 76
Trd, 4318967.393, 77
Trd, 4318969.543, 87
Trd, 4318972.893, 94
Trd, 4318973.543, 94
Trd, 4318976.193, 96
Trd, 4318977.293, 94
Trd, 4318977.593, 92
Trd, 4318977.893, 95
Trd, 4318978.193, 86
Trd, 4318979.793, 93
Trd, 4318982.493, 89
Trd, 4318982.893, 92
Trd, 4318984.193, 90
Trd, 4318985.793, 90
Trd, 4318987.043, 91
Trd, 4318988.593, 95
Trd, 4318989.093, 91
Trd, 4318990.643, 91
Trd, 4318991.593, 92
Trd, 4318992.493, 95
Trd, 4318993.143, 93
Trd, 4318995.743, 93
Trd, 4318995.793, 92
Trd, 4318997.243, 94
Trd, 4318998.493, 94
Trd, 4319000.093, 95
Trd, 4319000.143, 93
Trd, 4319002.143, 77
Trd, 4319002.193, 77
Trd, 4319003.643, 95
Trd, 4319005.943, 94
Trd, 4319007.293, 88
Trd, 4319007.543, 95
Trd, 4319007.893, 83
Trd, 4319009.893, 89
Trd, 4319010.643, 85
Trd, 4319013.743, 95
Trd, 4319014.893, 92
Trd, 4319015.743, 94
Trd, 4319016.443, 96
Trd, 4319017.043, 95
Trd, 4319017.643, 96
Trd, 4319017.693, 94
Trd, 4319018.793, 106
Trd, 4319020.693, 97
Trd, 4319021.293, 93
Trd, 4319022.493, 102
Trd, 4319023.243, 101
Trd, 4319024.193, 75
Trd, 4319027.243, 99
Trd, 4319029.793, 97
Trd, 4319029.943, 95
Trd, 4319030.493, 98
Trd, 4319031.543, 94
Trd, 4319031.643, 75
Trd, 4319035.543, 96
Trd, 4319036.743, 94
Trd, 4319036.893, 86
Trd, 4319037.943, 96
Trd, 4319040.493, 99
Trd, 4319041.643, 98
Trd, 4319043.643, 95
Trd, 4319044.693, 96
Trd, 4319045.893, 94
Trd, 4319046.643, 93
Trd, 4319048.543, 93
Trd, 4319050.493, 92
Trd, 4319051.593, 93
Trd, 4319052.243, 93
Trd, 4319053.043, 92
Trd, 4319053.293, 94
Trd, 4319053.543, 95
Trd, 4319053.993, 93
Trd, 4319057.143, 103
Trd, 4319057.943, 100
Trd, 4319057.993, 91
Trd, 4319062.343, 96
Trd, 4319063.343, 96
Trd, 4319064.043, 96
Trd, 4319064.393, 94
Trd, 4319065.093, 100
Trd, 4319065.993, 105
Trd, 4319067.193, 95
Trd, 4319068.043, 94
Trd, 4319071.193, 94
Trd, 4319073.243, 97
Trd, 4319075.793, 97
Trd, 4319075.843, 98
Trd, 4319076.843, 103
Trd, 4319077.593, 102
Trd, 4319078.093, 98
Trd, 4319078.543, 103
Trd, 4319081.293, 100
Trd, 4319081.543, 99
Trd, 4319082.693, 94
Trd, 4319083.593, 99
Trd, 4319083.643, 82
Trd, 4319083.793, 85
Trd, 4319085.093, 104
Trd, 4319090.793, 92
Trd, 4319091.243, 97
Trd, 4319093.543, 95
Trd, 4319093.693, 91
Trd, 4319094.493, 92
Trd, 4319095.493, 91
Trd, 4319097.143, 91
Trd, 4319099.693, 91
Trd, 4319101.393, 93
Trd, 4319102.493, 93
Trd, 4319102.643, 94
Trd, 4319103.243, 95
Trd, 4319103.943, 91
Trd, 4319105.543, 91
Trd, 4319108.293, 95
Trd, 4319108.393, 94
Trd, 4319109.043, 92
Trd, 4319109.993, 90
Trd, 4319110.743, 95
Trd, 4319111.493, 89
Trd, 4319113.943, 77
Trd, 4319116.993, 83
Trd, 4319117.893, 87
Trd, 4319119.493, 88
Trd, 4319120.393, 85
Trd, 4319122.343, 86
Trd, 4319123.093, 86
Trd, 4319124.893, 84
Trd, 4319125.243, 95
Trd, 4319125.793, 84
Trd, 4319127.443, 97
Trd, 4319127.943, 101
Trd, 4319129.793, 98
Trd, 4319130.543, 96
Trd, 4319132.643, 94
Trd, 4319133.543, 102
Trd, 4319134.593, 92
Trd, 4319134.893, 100
Trd, 4319136.143, 92
Trd, 4319139.443, 95
Trd, 4319140.343, 94
Trd, 4319141.393, 96
Trd, 4319142.093, 97
Trd, 4319142.193, 96
Trd, 4319143.543, 94
Trd, 4319145.393, 94
Trd, 4319146.793, 96
Trd, 4319147.693, 95
Trd, 4319147.893, 93
Trd, 4319150.593, 93
Trd, 4319150.843, 94
Trd, 4319151.093, 93
Trd, 4319151.343, 91
Trd, 4319154.243, 90
Trd, 4319155.843, 94
Trd, 4319156.443, 95
Trd, 4319156.993, 92
Trd, 4319158.893, 91
Trd, 4319159.093, 93
Trd, 4319160.043, 96
Trd, 4319160.693, 91
Trd, 4319163.443, 92
Trd, 4319165.793, 91
Trd, 4319167.343, 92
Trd, 4319168.743, 92
Trd, 4319169.293, 91
Trd, 4319171.593, 95
Trd, 4319172.043, 93
Trd, 4319173.843, 93
Trd, 4319174.893, 94
Trd, 4319176.143, 93
Trd, 4319177.093, 93
Trd, 4319178.143, 102
Trd, 4319179.793, 101
Trd, 4319180.393, 104
Trd, 4319181.843, 98
Trd, 4319182.143, 93
Trd, 4319182.393, 97
Trd, 4319187.293, 94
Trd, 4319188.093, 94
Trd, 4319190.693, 94
Trd, 4319191.093, 95
Trd, 4319192.593, 95
Trd, 4319192.743, 91
Trd, 4319196.393, 90
Trd, 4319197.343, 89
Trd, 4319199.143, 94
Trd, 4319201.593, 97
Trd, 4319201.843, 96
Trd, 4319202.593, 94
Trd, 4319204.543, 83
Trd, 4319205.693, 86
Trd, 4319206.093, 78
Trd, 4319207.243, 96
Trd, 4319208.093, 80
Trd, 4319209.443, 97
Trd, 4319211.793, 104
Trd, 4319211.993, 103
Trd, 4319213.893, 97
Trd, 4319215.043, 82
Trd, 4319217.043, 85
Trd, 4319219.643, 88
Trd, 4319220.493, 93
Trd, 4319220.793, 104
Trd, 4319222.893, 92
Trd, 4319224.993, 92
Trd, 4319227.393, 93
Trd, 4319227.693, 91
Trd, 4319230.343, 93
Trd, 4319230.493, 91
Trd, 4319230.993, 95
Trd, 4319232.943, 94
Trd, 4319234.493, 94
Trd, 4319235.893, 93
Trd, 4319236.843, 93
Trd, 4319238.793, 92
Trd, 4319239.693, 94
Trd, 4319241.043, 93
Trd, 4319241.243, 95
Trd, 4319242.493, 94
Trd, 4319243.243, 97
Trd, 4319244.193, 98
Trd, 4319245.993, 95
Trd, 4319247.493, 94
Trd, 4319250.193, 94
Trd, 4319250.443, 93
Trd, 4319251.793, 86
Trd, 4319252.643, 81
Trd, 4319256.093, 90
Trd, 4319256.143, 92
Trd, 4319259.443, 90
Trd, 4319261.543, 91
Trd, 4319261.743, 90
Trd, 4319265.143, 87
Trd, 4319266.343, 84
Trd, 4319266.393, 87
Trd, 4319267.893, 95
Trd, 4319268.743, 95
Trd, 4319270.593, 82
Trd, 4319272.243, 87
Trd, 4319272.643, 86
Trd, 4319273.193, 88
Trd, 4319273.493, 120
Trd, 4319276.043, 102
Trd, 4319276.093, 100
Trd, 4319276.493, 96
Trd, 4319278.443, 96
Trd, 4319279.393, 93
Trd, 4319282.093, 95
Trd, 4319282.543, 92
Trd, 4319284.743, 95
Trd, 4319286.893, 91
Trd, 4319287.493, 95
Trd, 4319289.643, 94
Trd, 4319292.343, 93
Trd, 4319293.593, 94
Trd, 4319293.943, 95
Trd, 4319294.693, 93
Trd, 4319296.493, 103
Trd, 4319296.993, 102
Trd, 4319299.143, 103
Trd, 4319300.743, 104
Trd, 4319300.943, 103
Trd, 4319302.093, 102
Trd, 4319302.843, 96
Trd, 4319304.593, 101
Trd, 4319305.643, 100
Trd, 4319306.193, 98
Trd, 4319306.743, 96
Trd, 4319309.293, 95
Trd, 4319309.743, 100
Trd, 4319311.843, 96
Trd, 4319314.543, 96
Trd, 4319315.343, 96
Trd, 4319316.543, 98
Trd, 4319317.293, 94
Trd, 4319319.193, 94
Trd, 4319323.093, 96
Trd, 4319323.593, 94
Trd, 4319324.893, 94
Trd, 4319325.043, 97
Trd, 4319326.093, 96
Trd, 4319328.743, 96
Trd, 4319330.393, 96
Trd, 4319331.993, 96
Trd, 4319332.193, 96
Trd, 4319332.893, 96
Trd, 4319334.743, 100
Trd, 4319335.893, 99
Trd, 4319336.243, 99
Trd, 4319336.493, 93
Trd, 4319337.693, 94
Trd, 4319338.993, 104
Trd, 4319340.593, 105
Trd, 4319340.693, 98
Trd, 4319342.543, 98
Trd, 4319342.843, 100
Trd, 4319345.193, 97
Trd, 4319346.893, 96
Trd, 4319346.993, 98
Trd, 4319347.193, 97
Trd, 4319349.443, 94
Trd, 4319352.693, 94
Trd, 4319352.893, 97
Trd, 4319354.143, 96
Trd, 4319356.293, 93
Trd, 4319359.393, 95
Trd, 4319359.493, 96
Trd, 4319360.743, 93
Trd, 4319361.643, 92
Trd, 4319362.593, 97
Trd, 4319364.793, 95
Trd, 4319365.043, 95
Trd, 4319365.793, 105
Trd, 4319367.293, 94
Trd, 4319368.143, 93
Trd, 4319370.393, 97
Trd, 4319371.093, 95
Trd, 4319373.593, 97
Trd, 4319375.293, 97
Trd, 4319375.943, 100
Trd, 4319378.893, 100
Trd, 4319379.243, 103
Trd, 4319379.543, 100
Trd, 4319381.343, 96
Trd, 4319381.593, 95
Trd, 4319386.593, 95
Trd, 4319386.743, 94
Trd, 4319389.093, 95
Trd, 4319389.993, 96
Trd, 4319390.493, 95
Trd, 4319390.893, 95
Trd, 4319391.743, 95
Trd, 4319394.643, 93
Trd, 4319396.993, 95
Trd, 4319397.943, 94
Trd, 4319399.143, 94
Trd, 4319400.493, 95
Trd, 4319401.693, 95
Trd, 4319403.393, 95
Trd, 4319403.793, 97
Trd, 4319404.243, 100
Trd, 4319405.593, 92
Trd, 4319407.043, 93
Trd, 4319407.793, 81
Trd, 4319408.143, 82
Trd, 4319409.143, 86
Trd, 4319412.043, 95
Trd, 4319413.993, 95
Trd, 4319416.293, 95
Trd, 4319416.393, 94
Trd, 4319417.943, 86
Trd, 4319418.293, 94
Trd, 4319419.743, 81
Trd, 4319420.843, 85
Trd, 4319422.193, 91
Trd, 4319423.993, 85
Trd, 4319426.293, 87
Trd, 4319426.493, 91
Trd, 4319426.943, 87
Trd, 4319429.743, 91
Trd, 4319430.343, 88
Trd, 4319430.393, 95
Trd, 4319432.843, 99
Trd, 4319433.243, 97
Trd, 4319434.143, 97
Trd, 4319436.293, 97
Trd, 4319436.593, 104
Trd, 4319437.043, 96
Trd, 4319438.343, 95
Trd, 4319440.043, 93
Trd, 4319442.593, 110
Trd, 4319444.493, 91
Trd, 4319445.193, 95
Trd, 4319447.043, 92
Trd, 4319448.743, 90
Trd, 4319448.893, 91
Trd, 4319449.843, 90
Trd, 4319450.393, 84
Trd, 4319450.843, 95
Trd, 4319454.743, 87
Trd, 4319456.243, 90
Trd, 4319456.343, 86
Trd, 4319458.593, 93
Trd, 4319458.993, 93
Trd, 4319459.043, 92
Trd, 4319460.493, 92
Trd, 4319462.193, 91
Trd, 4319462.843, 95
Trd, 4319463.993, 104
Trd, 4319464.043, 102
Trd, 4319464.743, 102
Trd, 4319466.693, 93
Trd, 4319468.393, 96
Trd, 4319470.543, 95
Trd, 4319471.593, 95
Trd, 4319472.943, 95
Trd, 4319474.343, 96
Trd, 4319475.743, 105
Trd, 4319477.043, 98
Trd, 4319479.743, 98
Trd, 4319480.693, 77
Trd, 4319481.693, 86
Trd, 4319483.393, 88
Trd, 4319487.643, 93
Trd, 4319488.793, 93
Trd, 4319489.293, 91
Trd, 4319490.743, 93
Trd, 4319494.593, 91
Trd, 4319496.393, 92
Trd, 4319496.443, 93
Trd, 4319497.493, 92
Trd, 4319497.843, 92
Trd, 4319500.543, 97
Trd, 4319501.093, 100
Trd, 4319502.143, 97
Trd, 4319503.243, 94
Trd, 4319504.943, 92
Trd, 4319506.043, 97
Trd, 4319506.443, 111
Trd, 4319506.493, 97
Trd, 4319510.293, 106
Trd, 4319511.793, 105
Trd, 4319511.843, 104
Trd, 4319512.293, 104
Trd, 4319515.043, 105
Trd, 4319516.943, 104
Trd, 4319518.743, 103
Trd, 4319520.343, 104
Trd, 4319521.193, 104
Trd, 4319522.793, 103
Trd, 4319523.743, 102
Trd, 4319523.893, 94
Trd, 4319525.543, 103
Trd, 4319526.743, 98
Trd, 4319527.193, 97
Trd, 4319527.593, 104
Trd, 4319528.743, 95
Trd, 4319530.193, 102
Trd, 4319534.293, 97
Trd, 4319536.243, 97
Trd, 4319536.693, 96
Trd, 4319536.993, 95
Trd, 4319538.093, 94
Trd, 4319539.993, 93
Trd, 4319542.543, 92
Trd, 4319543.143, 92
Trd, 4319543.743, 90
Trd, 4319546.793, 89
Trd, 4319548.143, 91
Trd, 4319548.993, 89
Trd, 4319550.043, 90
Trd, 4319550.093, 88
Trd, 4319550.293, 95
Trd, 4319553.443, 95
Trd, 4319553.543, 94
Trd, 4319555.243, 92
Trd, 4319555.393, 104
Trd, 4319558.543, 100
Trd, 4319559.243, 83
Trd, 4319562.693, 99
Trd, 4319563.243, 104
Trd, 4319563.543, 94
Trd, 4319563.893, 94
Trd, 4319565.843, 97
Trd, 4319566.043, 98
Trd, 4319566.393, 95
Trd, 4319569.193, 97
Trd, 4319569.843, 97
Trd, 4319570.643, 98
Trd, 4319572.043, 97
Trd, 4319572.143, 98
Trd, 4319572.443, 94
Trd, 4319576.843, 98
Trd, 4319577.193, 96
Trd, 4319578.443, 95
Trd, 4319580.193, 96
Trd, 4319581.243, 94
Trd, 4319582.793, 96
Trd, 4319582.943, 95
Trd, 4319586.693, 94
Trd, 4319588.093, 95
Trd, 4319588.143, 93
Trd, 4319589.893, 91
Trd, 4319591.793, 91
Trd, 4319593.043, 91
Trd, 4319594.393, 92
Trd, 4319595.593, 93
Trd, 4319595.943, 91
Trd, 4319597.043, 93
Trd, 4319598.493, 94
Trd, 4319601.143, 95
Trd, 4319601.393, 94
Trd, 4319602.543, 94
Trd, 4319603.293, 94
Trd, 4319604.043, 94
Trd, 4319607.193, 79
Trd, 4319607.893, 86
Trd, 4319609.393, 93
Trd, 4319610.693, 85
Trd, 4319611.843, 92
Trd, 4319612.543, 85
Trd, 4319613.693, 83
Trd, 4319615.893, 83
Trd, 4319618.993, 91
Trd, 4319620.593, 92
Trd, 4319621.943, 91
Trd, 4319624.793, 91
Trd, 4319626.393, 90
Trd, 4319626.943, 91
Trd, 4319628.693, 106
Trd, 4319628.893, 99
Trd, 4319630.143, 96
Trd, 4319630.993, 98
Trd, 4319631.143, 97
Trd, 4319633.843, 106
Trd, 4319634.393, 97
Trd, 4319634.543, 90
Trd, 4319637.543, 86
Trd, 4319639.143, 97
Trd, 4319639.843, 90
Trd, 4319642.293, 92
Trd, 4319644.693, 93
Trd, 4319644.793, 93
Trd, 4319646.743, 95
Trd, 4319646.993, 107
Trd, 4319647.793, 92
Trd, 4319648.893, 95
Trd, 4319650.043, 76
Trd, 4319653.493, 85
Trd, 4319653.843, 89
Trd, 4319654.093, 84
Trd, 4319654.143, 91
Trd, 4319657.243, 103
Trd, 4319657.943, 103
Trd, 4319659.843, 101
Trd, 4319660.943, 103
Trd, 4319661.893, 103
Trd, 4319663.393, 103
Trd, 4319663.543, 102
Trd, 4319664.693, 101
Trd, 4319664.943, 94
Trd, 4319667.143, 81
Trd, 4319667.593, 100
Trd, 4319672.293, 96
Trd, 4319673.343, 96
Trd, 4319673.743, 94
Trd, 4319674.593, 94
Trd, 4319674.943, 96
Trd, 4319677.343, 96
Trd, 4319678.693, 93
Trd, 4319679.543, 95
Trd, 4319679.843, 94
Trd, 4319680.543, 93
Trd, 4319682.593, 90
Trd, 4319682.843, 89
Trd, 4319682.893, 104
Trd, 4319683.893, 91
Trd, 4319685.843, 91
Trd, 4319686.393, 98
Trd, 4319687.393, 96
Trd, 4319687.593, 92
Trd, 4319688.193, 92
Trd, 4319688.943, 68
Trd, 4319691.093, 84
Trd, 4319693.693, 83
Trd, 4319695.293, 83
Trd, 4319696.843, 86
Trd, 4319698.043, 96
Trd, 4319698.593, 83
Trd, 4319700.243, 83
Trd, 4319700.743, 87
Trd, 4319703.243, 93
Trd, 4319703.993, 90
Trd, 4319704.043, 91
Trd, 4319704.243, 90
Trd, 4319705.993, 90
Trd, 4319706.643, 90
Trd, 4319707.993, 95
Trd, 4319710.493, 94
Trd, 4319711.143, 93
Trd, 4319711.643, 91
Trd, 4319711.793, 94
Trd, 4319717.593, 91
Trd, 4319718.093, 91
Trd, 4319720.793, 95
Trd, 4319720.943, 94
Trd, 4319722.693, 93
Trd, 4319724.143, 95
Trd, 4319724.193, 96
Trd, 4319725.843, 94
Trd, 4319726.843, 93
Trd, 4319727.143, 91
Trd, 4319727.443, 101
Trd, 4319729.893, 90
Trd, 4319731.093, 92
Trd, 4319733.393, 90
Trd, 4319733.593, 91
Trd, 4319734.543, 95
Trd, 4319736.293, 89
Trd, 4319736.993, 81
Trd, 4319740.393, 102
Trd, 4319740.493, 102
Trd, 4319740.593, 94
Trd, 4319742.143, 77
Trd, 4319743.293, 90
Trd, 4319743.943, 98
Trd, 4319743.993, 100
Trd, 4319745.093, 95
Trd, 4319747.843, 97
Trd, 4319748.593, 111
Trd, 4319749.893, 108
Trd, 4319750.393, 106
Trd, 4319750.643, 104
Trd, 4319751.893, 104
Trd, 4319751.943, 105
Trd, 4319753.693, 94
Trd, 4319755.043, 103
Trd, 4319755.843, 100
Trd, 4319757.843, 103
Trd, 4319759.443, 104
Trd, 4319759.493, 103
Trd, 4319761.143, 103
Trd, 4319761.593, 94
Trd, 4319764.093, 99
Trd, 4319765.393, 103
Trd, 4319766.943, 99
Trd, 4319767.693, 102
Trd, 4319769.693, 98
Trd, 4319769.993, 99
Trd, 4319771.943, 101
Trd, 4319774.493, 100
Trd, 4319776.243, 100
Trd, 4319776.693, 97
Trd, 4319776.793, 94
Trd, 4319777.093, 101
Trd, 4319780.643, 96
Trd, 4319781.893, 99
Trd, 4319781.993, 98
Trd, 4319784.343, 96
Trd, 4319784.793, 95
Trd, 4319788.443, 97
Trd, 4319788.793, 88
Trd, 4319790.793, 92
Trd, 4319791.293, 93
Trd, 4319792.643, 92
Trd, 4319793.043, 95
Trd, 4319795.043, 94
Trd, 4319795.143, 91
Trd, 4319798.643, 90
Trd, 4319803.493, 91
Trd, 4319804.793, 91
Trd, 4319804.943, 90
Trd, 4319806.193, 95
Trd, 4319807.543, 94
Trd, 4319808.343, 93
Trd, 4319808.743, 93
Trd, 4319809.693, 92
Trd, 4319810.843, 93
Trd, 4319811.543, 95
Trd, 4319813.193, 92
Trd, 4319813.593, 103
Trd, 4319817.043, 99
Trd, 4319817.193, 98
Trd, 4319818.193, 93
Trd, 4319819.943, 95
Trd, 4319820.243, 96
Trd, 4319821.393, 95
Trd, 4319822.743, 93
Trd, 4319823.393, 82
Trd, 4319823.543, 95
Trd, 4319826.643, 89
Trd, 4319827.143, 94
Trd, 4319827.393, 95
Trd, 4319829.343, 95
Trd, 4319830.343, 94
Trd, 4319831.143, 99
Trd, 4319833.243, 92
Trd, 4319834.243, 93
Trd, 4319836.193, 92
Trd, 4319836.743, 95
Trd, 4319838.093, 94
Trd, 4319840.443, 94
Trd, 4319840.543, 92
Trd, 4319841.843, 95
Trd, 4319842.943, 92
Trd, 4319844.643, 95
Trd, 4319844.843, 91
Trd, 4319845.943, 91
Trd, 4319846.493, 100
Trd, 4319848.193, 95
Trd, 4319848.793, 95
Trd, 4319849.493, 92
Trd, 4319850.243, 91
Trd, 4319851.593, 95
Trd, 4319852.593, 104
Trd, 4319854.093, 106
Trd, 4319854.793, 104
Trd, 4319856.443, 93
Trd, 4319857.893, 107
Trd, 4319858.343, 104
Trd, 4319859.093, 104
Trd, 4319859.593, 103
Trd, 4319860.793, 91
Trd, 4319862.393, 103
Trd, 4319862.793, 104
Trd, 4319863.493, 97
Trd, 4319865.993, 85
Trd, 4319866.543, 97
Trd, 4319866.893, 96
Trd, 4319868.543, 88
Trd, 4319869.593, 95
Trd, 4319870.243, 89
Trd, 4319873.893, 92
Trd, 4319874.643, 93
Trd, 4319876.443, 92
Trd, 4319877.043, 83
Trd, 4319879.143, 95
Trd, 4319879.843, 93
Trd, 4319881.693, 97
Trd, 4319882.893, 104
Trd, 4319885.293, 96
Trd, 4319886.693, 94
Trd, 4319887.043, 93
Trd, 4319887.893, 101
Trd, 4319888.543, 99
Trd, 4319889.793, 96
Trd, 4319891.443, 96
Trd, 4319893.093, 94
Trd, 4319893.643, 95
Trd, 4319893.743, 94
Trd, 4319893.943, 93
Trd, 4319896.293, 96
Trd, 4319897.693, 95
Trd, 4319899.343, 93
Trd, 4319900.743, 94
Trd, 4319901.143, 94
Trd, 4319901.443, 95
Trd, 4319903.843, 94
Trd, 4319904.193, 95
Trd, 4319906.643, 94
Trd, 4319907.593, 95
Trd, 4319907.743, 96
Trd, 4319908.743, 92
Trd, 4319913.693, 94
Trd, 4319914.043, 94
Trd, 4319915.193, 92
Trd, 4319917.793, 94
Trd, 4319917.843, 94
Trd, 4319917.893, 95
Trd, 4319920.393, 94
Trd, 4319921.343, 93
Trd, 4319923.643, 95
Trd, 4319924.343, 93
Trd, 4319924.693, 103
Trd, 4319924.943, 99
Trd, 4319925.043, 104
Trd, 4319926.443, 101
Trd, 4319929.843, 101
Trd, 4319931.593, 91
Trd, 4319934.243, 97
Trd, 4319934.293, 95
Trd, 4319934.693, 98
Trd, 4319934.793, 95
Trd, 4319936.243, 96
Trd, 4319936.343, 97
Trd, 4319938.643, 97
Trd, 4319939.043, 97
Trd, 4319940.643, 98
Trd, 4319940.893, 98
Trd, 4319942.493, 99
Trd, 4319944.693, 105
Trd, 4319946.093, 103
Trd, 4319946.443, 94
Trd, 4319948.643, 95
Trd, 4319950.293, 96
Trd, 4319950.743, 96
Trd, 4319952.693, 105
Trd, 4319953.843, 97
Trd, 4319954.443, 97
Trd, 4319955.693, 96
Trd, 4319956.093, 99
Trd, 4319959.493, 96
Trd, 4319961.293, 95
Trd, 4319962.693, 95
Trd, 4319963.243, 94
Trd, 4319963.843, 95
Trd, 4319965.143, 95
Trd, 4319966.743, 95
Trd, 4319967.993, 105
Trd, 4319969.193, 101
Trd, 4319969.843, 101
Trd, 4319971.343, 103
Trd, 4319972.943, 101
Trd, 4319973.443, 100
Trd, 4319974.743, 104
Trd, 4319978.093, 101
Trd, 4319978.793, 85
Trd, 4319979.343, 101
Trd, 4319981.193, 98
Trd, 4319981.393, 97
Trd, 4319982.443, 94
Trd, 4319985.643, 97
Trd, 4319986.393, 98
Trd, 4319986.643, 97
Trd, 4319990.943, 98
Trd, 4319992.093, 97
Trd, 4319993.443, 96
Trd, 4319994.193, 94
Trd, 4319996.143, 96
Trd, 4319996.343, 97
Trd, 4319998.443, 93
Trd, 4319999.943, 96
