Trd, 4317869.093, 98
Trd, 4317870.043, 97
Trd, 4317871.443, 98
Trd, 4317872.143, 95
Trd, 4317873.843, 98
Trd, 4317874.543, 97
Trd, 4317876.793, 97
Trd, 4317876.843, 95
Trd, 4317877.343, 97
Trd, 4317878.143, 128
Trd, 4317881.593, 118
Trd, 4317882.243, 113
Trd, 4317884.443, 107
Trd, 4317886.143, 105
Trd, 4317887.943, 102
Trd, 4317888.443, 105
Trd, 4317889.343, 105
Trd, 4317893.643, 103
Trd, 4317894.443, 102
Trd, 4317894.893, 103
Trd, 4317895.043, 118
Trd, 4317895.193, 100
Trd, 4317897.593, 111
Trd, 4317898.843, 106
Trd, 4317900.793, 103
Trd, 4317902.893, 103
Trd, 4317905.993, 99
Trd, 4317906.043, 98
Trd, 4317907.093, 97
Trd, 4317907.893, 98
Trd, 4317908.493, 98
Trd, 4317909.343, 99
Trd, 4317911.143, 99
Trd, 4317913.393, 103
Trd, 4317916.493, 105
Trd, 4317917.643, 101
Trd, 4317918.293, 101
Trd, 4317920.993, 100
Trd, 4317924.193, 97
Trd, 4317925.143, 97
Trd, 4317925.893, 96
Trd, 4317926.143, 97
Trd, 4317926.593, 96
Trd, 4317927.243, 97
Trd, 4317928.793, 102
Trd, 4317933.343, 99
Trd, 4317933.393, 99
Trd, 4317934.393, 95
Trd, 4317934.893, 96
Trd, 4317935.443, 96
Trd, 4317938.993, 96
Trd, 4317939.393, 121
Trd, 4317941.143, 99
Trd, 4317943.143, 98
Trd, 4317944.443, 98
Trd, 4317944.593, 99
Trd, 4317947.093, 99
Trd, 4317949.943, 99
Trd, 4317950.343, 105
Trd, 4317951.093, 102
Trd, 4317952.543, 95
Trd, 4317953.543, 99
Trd, 4317953.893, 99
Trd, 4317954.893, 95
Trd, 4317957.843, 99
Trd, 4317958.493, 99
Trd, 4317959.243, 100
Trd, 4317963.093, 95
Trd, 4317963.743, 96
Trd, 4317964.543, 96
Trd, 4317964.693, 95
Trd, 4317964.843, 95
Trd, 4317966.393, 104
Trd, 4317966.943, 113
Trd, 4317968.693, 103
Trd, 4317969.743, 101
Trd, 4317970.493, 101
Trd, 4317970.693, 104
Trd, 4317972.143, 102
Trd, 4317972.893, 99
Trd, 4317975.193, 98
Trd, 4317975.343, 102
Trd, 4317975.743, 101
Trd, 4317977.943, 89
Trd, 4317979.093, 95
Trd, 4317979.693, 94
Trd, 4317980.543, 95
Trd, 4317982.343, 96
Trd, 4317984.443, 113
Trd, 4317986.143, 102
Trd, 4317986.493, 100
Trd, 4317987.293, 105
Trd, 4317988.293, 113
Trd, 4317990.193, 107
Trd, 4317992.343, 104
Trd, 4317992.943, 106
Trd, 4317995.493, 103
Trd, 4317995.843, 101
Trd, 4317995.893, 104
Trd, 4317998.543, 104
Trd, 4318000.043, 101
Trd, 4318000.993, 101
Trd, 4318001.043, 99
Trd, 4318001.243, 102
Trd, 4318002.993, 101
Trd, 4318003.393, 101
Trd, 4318006.993, 98
Trd, 4318007.693, 97
Trd, 4318007.793, 96
Trd, 4318008.293, 104
Trd, 4318010.093, 102
Trd, 4318012.543, 111
Trd, 4318015.343, 103
Trd, 4318015.493, 105
Trd, 4318016.643, 104
Trd, 4318017.493, 100
Trd, 4318019.893, 96
Trd, 4318020.093, 104
Trd, 4318020.993, 104
Trd, 4318022.793, 105
Trd, 4318024.293, 100
Trd, 4318026.343, 96
Trd, 4318026.493, 98
Trd, 4318028.243, 97
Trd, 4318028.443, 97
Trd, 4318030.943, 94
Trd, 4318031.393, 94
Trd, 4318033.143, 104
Trd, 4318036.893, 94
Trd, 4318036.993, 95
Trd, 4318037.443, 94
Trd, 4318037.493, 95
Trd, 4318037.843, 105
Trd, 4318038.243, 118
Trd, 4318041.243, 105
Trd, 4318041.393, 103
Trd, 4318043.243, 104
Trd, 4318043.993, 101
Trd, 4318045.943, 99
Trd, 4318046.493, 98
Trd, 4318047.243, 99
Trd, 4318047.843, 99
Trd, 4318048.093, 101
Trd, 4318051.393, 100
Trd, 4318052.343, 99
Trd, 4318052.893, 98
Trd, 4318053.593, 105
Trd, 4318055.043, 95
Trd, 4318055.893, 100
Trd, 4318056.643, 100
Trd, 4318061.493, 97
Trd, 4318061.743, 98
Trd, 4318061.943, 105
Trd, 4318064.393, 101
Trd, 4318064.893, 102
Trd, 4318065.293, 104
Trd, 4318068.293, 103
Trd, 4318071.043, 100
Trd, 4318074.793, 99
Trd, 4318074.943, 100
Trd, 4318077.643, 97
Trd, 4318079.143, 96
Trd, 4318081.043, 97
Trd, 4318081.143, 104
Trd, 4318083.193, 100
Trd, 4318087.093, 98
Trd, 4318087.143, 99
Trd, 4318087.993, 99
Trd, 4318090.743, 95
Trd, 4318091.993, 93
Trd, 4318092.293, 95
Trd, 4318092.743, 94
Trd, 4318093.693, 98
Trd, 4318094.293, 119
Trd, 4318094.843, 121
Trd, 4318096.043, 113
Trd, 4318097.443, 102
Trd, 4318100.843, 93
Trd, 4318101.043, 93
Trd, 4318102.593, 92
Trd, 4318102.643, 95
Trd, 4318103.543, 94
Trd, 4318104.443, 113
Trd, 4318106.393, 107
Trd, 4318107.193, 108
Trd, 4318110.293, 102
Trd, 4318110.543, 107
Trd, 4318110.893, 107
Trd, 4318113.143, 96
Trd, 4318114.943, 98
Trd, 4318115.693, 98
Trd, 4318116.243, 97
Trd, 4318117.943, 100
Trd, 4318121.443, 97
Trd, 4318121.843, 99
Trd, 4318123.993, 99
Trd, 4318124.993, 98
Trd, 4318125.493, 104
Trd, 4318127.943, 122
Trd, 4318128.643, 129
Trd, 4318130.093, 103
Trd, 4318130.543, 103
Trd, 4318131.343, 100
Trd, 4318132.243, 99
Trd, 4318132.493, 102
Trd, 4318133.843, 101
Trd, 4318135.843, 100
Trd, 4318139.043, 101
Trd, 4318139.543, 102
Trd, 4318140.843, 99
Trd, 4318142.293, 98
Trd, 4318142.593, 98
Trd, 4318143.043, 98
Trd, 4318144.943, 98
Trd, 4318145.443, 104
Trd, 4318146.643, 97
Trd, 4318149.843, 91
Trd, 4318151.343, 92
Trd, 4318151.643, 94
Trd, 4318152.643, 95
Trd, 4318152.893, 93
Trd, 4318155.493, 95
Trd, 4318155.593, 105
Trd, 4318156.343, 131
Trd, 4318159.393, 100
Trd, 4318159.693, 104
Trd, 4318162.843, 96
Trd, 4318164.293, 94
Trd, 4318164.393, 97
Trd, 4318165.043, 96
Trd, 4318165.293, 104
Trd, 4318165.343, 129
Trd, 4318167.843, 115
Trd, 4318170.093, 113
Trd, 4318171.443, 106
Trd, 4318174.243, 103
Trd, 4318175.193, 103
Trd, 4318176.893, 103
Trd, 4318178.543, 100
Trd, 4318180.393, 102
Trd, 4318183.243, 100
Trd, 4318184.093, 101
Trd, 4318185.443, 102
Trd, 4318187.843, 103
Trd, 4318188.343, 99
Trd, 4318188.743, 101
Trd, 4318191.543, 100
Trd, 4318193.443, 104
Trd, 4318194.643, 102
Trd, 4318199.193, 99
Trd, 4318199.393, 101
Trd, 4318201.743, 100
Trd, 4318201.993, 98
Trd, 4318205.293, 99
Trd, 4318205.793, 98
Trd, 4318206.143, 98
Trd, 4318206.843, 105
Trd, 4318208.043, 100
Trd, 4318210.343, 97
Trd, 4318210.543, 96
Trd, 4318211.393, 99
Trd, 4318212.293, 104
Trd, 4318213.143, 113
Trd, 4318215.293, 102
Trd, 4318215.693, 106
Trd, 4318216.643, 106
Trd, 4318217.693, 106
Trd, 4318220.743, 100
Trd, 4318221.093, 101
Trd, 4318222.193, 99
Trd, 4318222.893, 95
Trd, 4318222.993, 97
Trd, 4318225.693, 96
Trd, 4318226.093, 96
Trd, 4318226.893, 95
Trd, 4318229.243, 103
Trd, 4318230.193, 104
Trd, 4318232.293, 97
Trd, 4318235.743, 97
Trd, 4318235.993, 98
Trd, 4318236.293, 104
Trd, 4318238.093, 96
Trd, 4318238.593, 101
Trd, 4318240.693, 95
Trd, 4318241.593, 97
Trd, 4318242.843, 96
Trd, 4318244.293, 98
Trd, 4318245.943, 95
Trd, 4318246.393, 95
Trd, 4318247.293, 93
Trd, 4318247.943, 91
Trd, 4318248.343, 119
Trd, 4318248.943, 128
Trd, 4318252.343, 111
Trd, 4318252.943, 112
Trd, 4318253.193, 112
Trd, 4318255.243, 112
Trd, 4318258.493, 106
Trd, 4318259.393, 106
Trd, 4318259.543, 107
Trd, 4318263.443, 102
Trd, 4318263.793, 104
Trd, 4318266.043, 103
Trd, 4318267.393, 103
Trd, 4318268.443, 103
Trd, 4318269.343, 103
Trd, 4318269.843, 101
Trd, 4318272.343, 101
Trd, 4318273.493, 100
Trd, 4318275.043, 94
Trd, 4318275.993, 128
Trd, 4318277.543, 101
Trd, 4318277.693, 113
Trd, 4318278.043, 114
Trd, 4318280.043, 100
Trd, 4318282.243, 104
Trd, 4318283.043, 104
Trd, 4318283.243, 103
Trd, 4318285.443, 103
Trd, 4318286.043, 104
Trd, 4318289.693, 102
Trd, 4318289.743, 101
Trd, 4318291.943, 103
Trd, 4318292.343, 102
Trd, 4318293.943, 102
Trd, 4318295.543, 102
Trd, 4318295.793, 102
Trd, 4318298.443, 102
Trd, 4318299.193, 101
Trd, 4318299.943, 99
Trd, 4318301.243, 100
Trd, 4318304.043, 105
Trd, 4318306.543, 101
Trd, 4318307.293, 99
Trd, 4318307.443, 105
Trd, 4318308.243, 103
Trd, 4318309.743, 94
Trd, 4318310.243, 96
Trd, 4318313.543, 95
Trd, 4318315.093, 96
Trd, 4318315.543, 96
Trd, 4318315.643, 104
Trd, 4318317.043, 100
Trd, 4318318.643, 104
Trd, 4318320.243, 100
Trd, 4318322.743, 97
Trd, 4318326.193, 97
Trd, 4318326.343, 97
Trd, 4318327.793, 96
Trd, 4318328.243, 99
Trd, 4318328.843, 95
Trd, 4318329.543, 104
Trd, 4318329.743, 105
Trd, 4318332.593, 98
Trd, 4318333.043, 98
Trd, 4318334.243, 97
Trd, 4318336.493, 97
Trd, 4318336.943, 96
Trd, 4318339.093, 97
Trd, 4318339.193, 95
Trd, 4318340.143, 89
Trd, 4318340.193, 91
Trd, 4318341.693, 104
Trd, 4318344.743, 131
Trd, 4318345.543, 102
Trd, 4318346.143, 121
Trd, 4318346.643, 112
Trd, 4318347.893, 99
Trd, 4318350.493, 106
Trd, 4318350.793, 107
Trd, 4318352.093, 105
Trd, 4318353.493, 104
Trd, 4318354.393, 104
Trd, 4318354.493, 105
Trd, 4318357.543, 112
Trd, 4318357.893, 107
Trd, 4318359.943, 103
Trd, 4318359.993, 108
Trd, 4318361.843, 106
Trd, 4318362.443, 105
Trd, 4318362.743, 102
Trd, 4318364.643, 99
Trd, 4318366.093, 99
Trd, 4318366.493, 99
Trd, 4318367.643, 98
Trd, 4318368.593, 104
Trd, 4318369.243, 114
Trd, 4318370.393, 101
Trd, 4318372.593, 101
Trd, 4318374.893, 101
Trd, 4318375.443, 99
Trd, 4318379.093, 98
Trd, 4318379.243, 99
Trd, 4318380.793, 102
Trd, 4318382.343, 98
Trd, 4318383.693, 100
Trd, 4318384.893, 100
Trd, 4318386.943, 100
Trd, 4318389.043, 100
Trd, 4318391.493, 100
Trd, 4318392.793, 102
Trd, 4318393.343, 104
Trd, 4318395.343, 100
Trd, 4318396.243, 98
Trd, 4318396.693, 100
Trd, 4318398.243, 100
Trd, 4318399.393, 96
Trd, 4318401.493, 96
Trd, 4318401.643, 95
Trd, 4318404.193, 98
Trd, 4318404.893, 98
Trd, 4318405.593, 113
Trd, 4318407.493, 105
Trd, 4318408.743, 114
Trd, 4318408.893, 103
Trd, 4318409.843, 123
Trd, 4318411.793, 107
Trd, 4318412.893, 106
Trd, 4318414.493, 120
Trd, 4318417.043, 109
Trd, 4318419.293, 102
Trd, 4318419.443, 103
Trd, 4318420.393, 104
Trd, 4318421.743, 100
Trd, 4318422.243, 101
Trd, 4318424.943, 102
Trd, 4318425.193, 102
Trd, 4318425.843, 105
Trd, 4318427.793, 104
Trd, 4318427.943, 103
Trd, 4318431.593, 104
Trd, 4318434.993, 101
Trd, 4318435.043, 101
Trd, 4318436.543, 101
Trd, 4318436.593, 100
Trd, 4318436.893, 104
Trd, 4318439.793, 99
Trd, 4318441.143, 100
Trd, 4318441.193, 101
Trd, 4318445.093, 101
Trd, 4318446.493, 99
Trd, 4318446.993, 100
Trd, 4318447.043, 101
Trd, 4318447.243, 104
Trd, 4318448.943, 101
Trd, 4318450.943, 99
Trd, 4318452.443, 100
Trd, 4318453.993, 99
Trd, 4318456.643, 99
Trd, 4318457.143, 100
Trd, 4318457.643, 100
Trd, 4318461.343, 97
Trd, 4318461.793, 97
Trd, 4318462.193, 98
Trd, 4318463.843, 96
Trd, 4318464.643, 98
Trd, 4318465.793, 97
Trd, 4318466.093, 104
Trd, 4318466.743, 101
Trd, 4318466.843, 119
Trd, 4318473.143, 97
Trd, 4318473.993, 97
Trd, 4318476.293, 97
Trd, 4318478.143, 97
Trd, 4318480.193, 96
Trd, 4318480.643, 95
Trd, 4318484.343, 96
Trd, 4318485.043, 97
Trd, 4318485.943, 113
Trd, 4318486.693, 103
Trd, 4318487.143, 124
Trd, 4318488.743, 103
Trd, 4318489.693, 102
Trd, 4318490.843, 102
Trd, 4318491.693, 103
Trd, 4318494.543, 101
Trd, 4318494.793, 102
Trd, 4318495.443, 101
Trd, 4318499.193, 101
Trd, 4318499.243, 100
Trd, 4318499.843, 100
Trd, 4318499.943, 101
Trd, 4318501.193, 101
Trd, 4318502.693, 98
Trd, 4318503.993, 98
Trd, 4318505.443, 98
Trd, 4318506.243, 97
Trd, 4318506.343, 99
Trd, 4318508.043, 104
Trd, 4318508.543, 95
Trd, 4318509.443, 98
Trd, 4318512.043, 98
Trd, 4318512.843, 98
Trd, 4318513.593, 97
Trd, 4318514.793, 100
Trd, 4318514.943, 105
Trd, 4318516.193, 113
Trd, 4318516.793, 102
Trd, 4318520.543, 103
Trd, 4318522.143, 101
Trd, 4318522.743, 102
Trd, 4318525.843, 101
Trd, 4318526.793, 100
Trd, 4318527.793, 101
Trd, 4318528.193, 104
Trd, 4318528.493, 113
Trd, 4318530.293, 98
Trd, 4318530.343, 103
Trd, 4318531.793, 100
Trd, 4318534.393, 89
Trd, 4318534.793, 90
Trd, 4318535.543, 104
Trd, 4318536.343, 97
Trd, 4318538.393, 93
Trd, 4318540.343, 93
Trd, 4318540.743, 95
Trd, 4318541.693, 105
Trd, 4318543.093, 105
Trd, 4318543.843, 121
Trd, 4318545.993, 113
Trd, 4318548.843, 104
Trd, 4318551.543, 101
Trd, 4318553.893, 100
Trd, 4318554.643, 101
Trd, 4318554.893, 101
Trd, 4318556.743, 100
Trd, 4318558.943, 100
Trd, 4318560.493, 99
Trd, 4318560.993, 99
Trd, 4318562.593, 99
Trd, 4318563.043, 104
Trd, 4318566.893, 100
Trd, 4318567.093, 101
Trd, 4318567.943, 105
Trd, 4318569.093, 113
Trd, 4318570.443, 109
Trd, 4318572.793, 106
Trd, 4318572.843, 102
Trd, 4318576.043, 104
Trd, 4318577.093, 104
Trd, 4318578.343, 103
Trd, 4318580.593, 102
Trd, 4318581.343, 101
Trd, 4318582.143, 102
Trd, 4318582.243, 101
Trd, 4318583.493, 95
Trd, 4318586.143, 99
Trd, 4318586.443, 98
Trd, 4318586.793, 98
Trd, 4318587.943, 103
Trd, 4318589.993, 98
Trd, 4318591.193, 100
Trd, 4318591.493, 104
Trd, 4318594.543, 97
Trd, 4318596.693, 99
Trd, 4318598.193, 99
Trd, 4318598.393, 99
Trd, 4318602.243, 99
Trd, 4318603.043, 97
Trd, 4318603.293, 98
Trd, 4318604.143, 98
Trd, 4318604.993, 98
Trd, 4318607.243, 96
Trd, 4318607.743, 98
Trd, 4318609.543, 104
Trd, 4318609.843, 112
Trd, 4318611.743, 96
Trd, 4318612.793, 102
Trd, 4318615.343, 99
Trd, 4318616.993, 98
Trd, 4318617.043, 100
Trd, 4318619.143, 104
Trd, 4318619.993, 123
Trd, 4318620.743, 104
Trd, 4318624.693, 101
Trd, 4318624.743, 104
Trd, 4318626.793, 112
Trd, 4318626.893, 120
Trd, 4318629.393, 107
Trd, 4318630.193, 103
Trd, 4318631.293, 107
Trd, 4318636.343, 102
Trd, 4318637.043, 102
Trd, 4318639.143, 103
Trd, 4318639.493, 101
Trd, 4318639.843, 103
Trd, 4318643.293, 103
Trd, 4318643.743, 103
Trd, 4318644.393, 102
Trd, 4318644.993, 100
Trd, 4318645.243, 101
Trd, 4318646.243, 102
Trd, 4318646.493, 102
Trd, 4318649.293, 101
Trd, 4318651.343, 101
Trd, 4318652.443, 101
Trd, 4318653.093, 104
Trd, 4318657.393, 101
Trd, 4318657.643, 101
Trd, 4318658.243, 100
Trd, 4318659.943, 101
Trd, 4318659.993, 122
Trd, 4318661.543, 108
Trd, 4318664.293, 105
Trd, 4318665.193, 104
Trd, 4318665.543, 100
Trd, 4318666.993, 102
Trd, 4318669.543, 99
Trd, 4318670.343, 99
Trd, 4318672.543, 98
Trd, 4318672.843, 100
Trd, 4318673.743, 99
Trd, 4318673.943, 100
Trd, 4318674.093, 104
Trd, 4318677.093, 100
Trd, 4318677.843, 100
Trd, 4318680.393, 101
Trd, 4318681.543, 105
Trd, 4318682.893, 103
Trd, 4318683.543, 103
Trd, 4318687.843, 100
Trd, 4318688.343, 100
Trd, 4318688.793, 98
Trd, 4318689.693, 97
Trd, 4318692.093, 92
Trd, 4318692.293, 91
Trd, 4318693.393, 94
Trd, 4318694.343, 95
Trd, 4318695.393, 95
Trd, 4318696.343, 96
Trd, 4318698.093, 99
Trd, 4318698.493, 99
Trd, 4318701.493, 95
Trd, 4318704.043, 95
Trd, 4318704.143, 94
Trd, 4318705.243, 96
Trd, 4318705.693, 97
Trd, 4318706.243, 104
Trd, 4318706.793, 113
Trd, 4318708.193, 101
Trd, 4318709.243, 101
Trd, 4318712.893, 97
Trd, 4318714.743, 97
Trd, 4318715.043, 97
Trd, 4318716.143, 95
Trd, 4318716.193, 97
Trd, 4318718.193, 97
Trd, 4318720.043, 95
Trd, 4318720.143, 98
Trd, 4318722.093, 99
Trd, 4318723.793, 102
Trd, 4318724.293, 112
Trd, 4318726.893, 102
Trd, 4318728.643, 98
Trd, 4318730.593, 97
Trd, 4318733.143, 97
Trd, 4318733.543, 96
Trd, 4318733.943, 95
Trd, 4318734.243, 97
Trd, 4318734.493, 98
Trd, 4318736.093, 98
Trd, 4318738.993, 104
Trd, 4318740.143, 97
Trd, 4318741.093, 97
Trd, 4318743.993, 96
Trd, 4318744.043, 97
Trd, 4318746.443, 97
Trd, 4318747.343, 98
Trd, 4318748.093, 95
Trd, 4318748.443, 96
Trd, 4318750.743, 96
Trd, 4318753.193, 96
Trd, 4318753.843, 97
Trd, 4318756.343, 96
Trd, 4318756.993, 96
Trd, 4318759.293, 98
Trd, 4318761.593, 96
Trd, 4318763.293, 96
Trd, 4318763.793, 95
Trd, 4318765.493, 95
Trd, 4318766.493, 94
Trd, 4318766.593, 95
Trd, 4318768.343, 96
Trd, 4318769.343, 111
Trd, 4318769.743, 100
Trd, 4318770.843, 104
Trd, 4318771.743, 121
Trd, 4318772.543, 100
Trd, 4318775.543, 98
Trd, 4318776.543, 98
Trd, 4318776.943, 96
Trd, 4318777.993, 98
Trd, 4318778.943, 96
Trd, 4318780.593, 98
Trd, 4318780.943, 104
Trd, 4318784.343, 98
Trd, 4318785.243, 95
Trd, 4318787.943, 97
Trd, 4318788.543, 95
Trd, 4318788.643, 95
Trd, 4318788.693, 96
Trd, 4318789.293, 97
Trd, 4318789.843, 105
Trd, 4318790.143, 123
Trd, 4318791.993, 102
Trd, 4318794.543, 95
Trd, 4318795.893, 99
Trd, 4318796.243, 99
Trd, 4318797.943, 96
Trd, 4318799.693, 96
Trd, 4318801.593, 97
Trd, 4318802.843, 98
Trd, 4318805.593, 97
Trd, 4318806.293, 97
Trd, 4318809.843, 95
Trd, 4318811.343, 104
Trd, 4318812.343, 99
Trd, 4318812.493, 98
Trd, 4318814.493, 97
Trd, 4318815.043, 98
Trd, 4318816.943, 97
Trd, 4318819.393, 97
Trd, 4318820.143, 98
Trd, 4318822.393, 98
Trd, 4318823.293, 98
Trd, 4318823.743, 97
Trd, 4318826.643, 94
Trd, 4318826.993, 96
Trd, 4318827.043, 97
Trd, 4318828.593, 95
Trd, 4318831.793, 96
Trd, 4318831.893, 96
Trd, 4318833.343, 95
Trd, 4318833.393, 96
Trd, 4318835.393, 96
Trd, 4318835.993, 101
Trd, 4318837.593, 98
Trd, 4318840.493, 98
Trd, 4318841.193, 96
Trd, 4318842.993, 111
Trd, 4318844.643, 102
Trd, 4318846.293, 103
Trd, 4318847.043, 99
Trd, 4318847.193, 103
Trd, 4318847.893, 104
Trd, 4318848.693, 95
Trd, 4318850.043, 83
Trd, 4318850.393, 84
Trd, 4318851.543, 111
Trd, 4318852.593, 93
Trd, 4318853.643, 99
Trd, 4318854.993, 97
Trd, 4318856.893, 103
Trd, 4318858.193, 104
Trd, 4318860.243, 95
Trd, 4318861.343, 93
Trd, 4318861.893, 91
Trd, 4318863.293, 95
Trd, 4318863.493, 105
Trd, 4318863.543, 122
Trd, 4318864.893, 102
Trd, 4318866.343, 122
Trd, 4318868.093, 98
Trd, 4318868.543, 98
Trd, 4318872.393, 98
Trd, 4318872.443, 104
Trd, 4318873.443, 121
Trd, 4318874.593, 104
Trd, 4318874.743, 95
Trd, 4318878.293, 99
Trd, 4318878.843, 97
Trd, 4318878.993, 98
Trd, 4318881.443, 97
Trd, 4318883.443, 97
Trd, 4318884.643, 97
Trd, 4318885.843, 97
Trd, 4318886.143, 98
Trd, 4318889.443, 98
Trd, 4318889.893, 99
Trd, 4318892.093, 104
Trd, 4318892.243, 122
Trd, 4318895.393, 96
Trd, 4318895.443, 110
Trd, 4318897.093, 103
Trd, 4318898.343, 103
Trd, 4318901.993, 96
Trd, 4318902.043, 95
Trd, 4318902.343, 96
Trd, 4318903.743, 95
Trd, 4318904.093, 100
Trd, 4318906.443, 98
Trd, 4318907.393, 96
Trd, 4318909.193, 104
Trd, 4318912.443, 97
Trd, 4318912.493, 98
Trd, 4318913.793, 97
Trd, 4318915.943, 95
Trd, 4318916.093, 94
Trd, 4318918.093, 96
Trd, 4318919.293, 95
Trd, 4318921.043, 95
Trd, 4318921.593, 95
Trd, 4318923.893, 113
Trd, 4318924.543, 140
Trd, 4318926.543, 110
Trd, 4318926.843, 112
Trd, 4318927.443, 109
Trd, 4318927.643, 116
Trd, 4318929.793, 108
Trd, 4318930.293, 110
Trd, 4318931.693, 110
Trd, 4318935.443, 102
Trd, 4318937.643, 94
Trd, 4318937.943, 96
Trd, 4318938.393, 99
Trd, 4318939.993, 97
Trd, 4318942.043, 96
Trd, 4318942.743, 96
Trd, 4318943.943, 97
Trd, 4318945.193, 101
Trd, 4318945.793, 100
Trd, 4318947.893, 104
Trd, 4318949.143, 101
Trd, 4318950.393, 103
Trd, 4318953.993, 102
Trd, 4318955.293, 102
Trd, 4318956.893, 101
Trd, 4318958.793, 101
Trd, 4318960.643, 101
Trd, 4318961.243, 100
Trd, 4318963.543, 101
Trd, 4318965.593, 104
Trd, 4318965.893, 121
Trd, 4318967.093, 108
Trd, 4318967.143, 109
Trd, 4318971.443, 101
Trd, 4318971.693, 103
Trd, 4318972.993, 103
Trd, 4318974.793, 102
Trd, 4318977.293, 104
Trd, 4318977.843, 104
Trd, 4318980.493, 102
Trd, 4318982.893, 101
Trd, 4318983.793, 100
Trd, 4318984.093, 101
Trd, 4318987.743, 101
Trd, 4318988.093, 101
Trd, 4318988.243, 102
Trd, 4318990.693, 117
Trd, 4318992.293, 104
Trd, 4318995.693, 103
Trd, 4318996.843, 101
Trd, 4318997.543, 103
Trd, 4318998.993, 102
Trd, 4319000.993, 100
Trd, 4319003.693, 102
Trd, 4319005.193, 101
Trd, 4319005.343, 99
Trd, 4319007.293, 100
Trd, 4319008.693, 100
Trd, 4319009.343, 97
Trd, 4319010.793, 96
Trd, 4319011.193, 98
Trd, 4319012.143, 97
Trd, 4319014.443, 95
Trd, 4319015.193, 94
Trd, 4319015.443, 95
Trd, 4319016.293, 95
Trd, 4319017.143, 96
Trd, 4319019.443, 104
Trd, 4319022.443, 98
Trd, 4319024.493, 98
Trd, 4319025.543, 98
Trd, 4319027.743, 95
Trd, 4319029.093, 96
Trd, 4319031.543, 96
Trd, 4319032.543, 98
Trd, 4319034.043, 96
Trd, 4319035.743, 102
Trd, 4319036.293, 99
Trd, 4319037.943, 99
Trd, 4319038.093, 104
Trd, 4319040.843, 95
Trd, 4319041.743, 95
Trd, 4319041.943, 96
Trd, 4319042.643, 96
Trd, 4319043.393, 96
Trd, 4319043.743, 96
Trd, 4319046.693, 95
Trd, 4319047.243, 97
Trd, 4319048.393, 95
Trd, 4319049.093, 94
Trd, 4319050.643, 94
Trd, 4319050.743, 95
Trd, 4319053.493, 94
Trd, 4319053.993, 122
Trd, 4319054.843, 112
Trd, 4319056.393, 102
Trd, 4319059.443, 97
Trd, 4319059.693, 102
Trd, 4319059.843, 123
Trd, 4319062.443, 102
Trd, 4319063.593, 102
Trd, 4319066.343, 99
Trd, 4319066.443, 96
Trd, 4319066.793, 95
Trd, 4319067.843, 97
Trd, 4319070.093, 96
Trd, 4319070.193, 95
Trd, 4319071.943, 103
Trd, 4319072.043, 104
Trd, 4319072.693, 100
Trd, 4319073.593, 100
Trd, 4319074.843, 111
Trd, 4319077.193, 102
Trd, 4319078.443, 103
Trd, 4319081.243, 102
Trd, 4319081.943, 102
Trd, 4319083.593, 103
Trd, 4319083.943, 101
Trd, 4319086.243, 102
Trd, 4319086.743, 102
Trd, 4319089.093, 101
Trd, 4319089.543, 102
Trd, 4319090.843, 100
Trd, 4319091.093, 101
Trd, 4319092.893, 99
Trd, 4319094.493, 99
Trd, 4319094.693, 100
Trd, 4319098.743, 100
Trd, 4319098.893, 104
Trd, 4319101.193, 98
Trd, 4319102.293, 98
Trd, 4319102.543, 97
Trd, 4319103.443, 101
Trd, 4319104.243, 96
Trd, 4319106.193, 98
Trd, 4319107.943, 98
Trd, 4319109.293, 96
Trd, 4319109.743, 95
Trd, 4319109.893, 104
Trd, 4319110.893, 100
Trd, 4319111.493, 87
Trd, 4319113.093, 96
Trd, 4319113.493, 105
Trd, 4319115.593, 97
Trd, 4319116.343, 97
Trd, 4319118.543, 97
Trd, 4319120.193, 96
Trd, 4319121.043, 95
Trd, 4319121.243, 105
Trd, 4319122.393, 112
Trd, 4319123.393, 103
Trd, 4319124.993, 101
Trd, 4319125.943, 102
Trd, 4319126.793, 101
Trd, 4319127.143, 105
Trd, 4319130.843, 101
Trd, 4319132.293, 101
Trd, 4319133.443, 95
Trd, 4319133.993, 105
Trd, 4319134.743, 100
Trd, 4319135.843, 101
Trd, 4319136.893, 101
Trd, 4319137.643, 113
Trd, 4319140.543, 103
Trd, 4319140.693, 102
Trd, 4319142.743, 103
Trd, 4319142.943, 104
Trd, 4319144.493, 101
Trd, 4319146.743, 104
Trd, 4319147.143, 102
Trd, 4319148.693, 104
Trd, 4319150.343, 102
Trd, 4319150.993, 101
Trd, 4319153.143, 102
Trd, 4319153.293, 102
Trd, 4319154.593, 104
Trd, 4319155.143, 102
Trd, 4319155.543, 100
Trd, 4319157.693, 99
Trd, 4319157.993, 102
Trd, 4319159.343, 95
Trd, 4319160.343, 102
Trd, 4319161.093, 96
Trd, 4319161.993, 102
Trd, 4319163.693, 97
Trd, 4319164.893, 102
Trd, 4319165.043, 104
Trd, 4319165.543, 113
Trd, 4319169.143, 100
Trd, 4319169.493, 99
Trd, 4319170.143, 100
Trd, 4319171.593, 103
Trd, 4319173.443, 101
Trd, 4319175.893, 98
Trd, 4319177.593, 101
Trd, 4319178.293, 101
Trd, 4319179.793, 101
Trd, 4319180.193, 101
Trd, 4319182.793, 101
Trd, 4319183.793, 100
Trd, 4319184.543, 97
Trd, 4319186.343, 100
Trd, 4319186.443, 100
Trd, 4319188.043, 100
Trd, 4319190.943, 98
Trd, 4319191.493, 96
Trd, 4319191.793, 97
Trd, 4319192.393, 100
Trd, 4319194.793, 100
Trd, 4319198.143, 100
Trd, 4319198.743, 100
Trd, 4319200.493, 99
Trd, 4319204.343, 98
Trd, 4319204.643, 95
Trd, 4319204.693, 95
Trd, 4319205.293, 96
Trd, 4319205.943, 131
Trd, 4319206.093, 94
Trd, 4319206.543, 128
Trd, 4319207.293, 129
Trd, 4319210.043, 103
Trd, 4319211.143, 105
Trd, 4319211.293, 104
Trd, 4319212.993, 102
Trd, 4319213.593, 103
Trd, 4319216.043, 102
Trd, 4319218.243, 103
Trd, 4319219.443, 101
Trd, 4319220.143, 102
Trd, 4319220.443, 102
Trd, 4319222.743, 103
Trd, 4319224.943, 101
Trd, 4319225.143, 104
Trd, 4319225.643, 118
Trd, 4319227.293, 105
Trd, 4319228.743, 103
Trd, 4319230.543, 103
Trd, 4319231.943, 99
Trd, 4319232.093, 102
Trd, 4319234.243, 102
Trd, 4319235.243, 104
Trd, 4319236.593, 112
Trd, 4319238.093, 108
Trd, 4319239.893, 106
Trd, 4319241.443, 107
Trd, 4319241.493, 103
Trd, 4319242.343, 108
Trd, 4319244.093, 108
Trd, 4319245.843, 103
Trd, 4319246.643, 104
Trd, 4319247.043, 106
Trd, 4319251.393, 106
Trd, 4319252.293, 106
Trd, 4319253.743, 105
Trd, 4319254.793, 104
Trd, 4319255.843, 102
Trd, 4319256.643, 103
Trd, 4319257.743, 103
Trd, 4319258.793, 104
Trd, 4319261.793, 102
Trd, 4319262.543, 98
Trd, 4319264.843, 97
Trd, 4319265.193, 98
Trd, 4319265.243, 99
Trd, 4319266.393, 99
Trd, 4319269.243, 98
Trd, 4319270.443, 98
Trd, 4319271.643, 97
Trd, 4319271.793, 98
Trd, 4319273.593, 96
Trd, 4319273.843, 98
Trd, 4319275.393, 98
Trd, 4319276.593, 99
Trd, 4319278.143, 97
Trd, 4319280.093, 95
Trd, 4319280.693, 96
Trd, 4319283.143, 97
Trd, 4319283.493, 96
Trd, 4319284.843, 98
Trd, 4319286.643, 103
Trd, 4319287.043, 104
Trd, 4319288.643, 95
Trd, 4319289.293, 102
Trd, 4319290.943, 100
Trd, 4319293.743, 96
Trd, 4319295.743, 95
Trd, 4319296.093, 96
Trd, 4319297.143, 97
Trd, 4319297.193, 98
Trd, 4319300.893, 99
Trd, 4319302.543, 96
Trd, 4319303.443, 94
Trd, 4319307.093, 95
Trd, 4319307.243, 94
Trd, 4319308.043, 94
Trd, 4319310.593, 95
Trd, 4319310.743, 95
Trd, 4319312.193, 107
Trd, 4319313.843, 98
Trd, 4319314.493, 106
Trd, 4319316.393, 99
Trd, 4319320.493, 99
Trd, 4319320.643, 98
Trd, 4319322.043, 98
Trd, 4319322.943, 99
Trd, 4319324.343, 97
Trd, 4319325.143, 97
Trd, 4319325.643, 96
Trd, 4319326.593, 97
Trd, 4319327.343, 104
Trd, 4319330.243, 99
Trd, 4319331.193, 99
Trd, 4319332.993, 98
Trd, 4319334.093, 97
Trd, 4319335.493, 96
Trd, 4319339.243, 95
Trd, 4319339.893, 95
Trd, 4319340.843, 95
Trd, 4319341.193, 95
Trd, 4319341.493, 95
Trd, 4319342.043, 104
Trd, 4319345.993, 97
Trd, 4319346.843, 95
Trd, 4319347.693, 96
Trd, 4319347.743, 104
Trd, 4319349.343, 98
Trd, 4319350.543, 108
Trd, 4319351.543, 104
Trd, 4319354.643, 101
Trd, 4319355.043, 102
Trd, 4319355.593, 99
Trd, 4319357.443, 100
Trd, 4319359.843, 100
Trd, 4319362.343, 100
Trd, 4319362.543, 98
Trd, 4319363.243, 97
Trd, 4319363.543, 99
Trd, 4319366.543, 98
Trd, 4319366.943, 97
Trd, 4319367.843, 98
Trd, 4319368.543, 98
Trd, 4319368.693, 104
Trd, 4319372.093, 96
Trd, 4319373.343, 95
Trd, 4319373.993, 96
Trd, 4319374.443, 98
Trd, 4319374.943, 99
Trd, 4319375.993, 101
Trd, 4319377.043, 95
Trd, 4319377.143, 101
Trd, 4319379.243, 101
Trd, 4319381.643, 99
Trd, 4319382.543, 99
Trd, 4319383.393, 95
Trd, 4319385.543, 95
Trd, 4319385.693, 94
Trd, 4319386.093, 105
Trd, 4319387.993, 113
Trd, 4319390.193, 112
Trd, 4319391.043, 103
Trd, 4319391.543, 104
Trd, 4319392.243, 105
Trd, 4319394.243, 102
Trd, 4319394.693, 100
Trd, 4319396.543, 100
Trd, 4319396.793, 102
Trd, 4319397.443, 99
Trd, 4319399.843, 102
Trd, 4319401.443, 100
Trd, 4319402.243, 101
Trd, 4319403.343, 100
Trd, 4319404.593, 98
Trd, 4319406.593, 100
Trd, 4319406.993, 105
Trd, 4319408.393, 103
Trd, 4319409.443, 98
Trd, 4319411.143, 97
Trd, 4319411.943, 96
Trd, 4319413.943, 96
Trd, 4319414.393, 97
Trd, 4319417.643, 97
Trd, 4319417.893, 104
Trd, 4319421.343, 96
Trd, 4319421.443, 98
Trd, 4319422.043, 97
Trd, 4319422.393, 97
Trd, 4319424.343, 96
Trd, 4319424.843, 103
Trd, 4319426.393, 93
Trd, 4319426.543, 94
Trd, 4319426.643, 96
Trd, 4319428.643, 97
Trd, 4319431.743, 96
Trd, 4319432.393, 95
Trd, 4319432.943, 112
Trd, 4319434.043, 98
Trd, 4319435.293, 101
Trd, 4319436.543, 99
Trd, 4319439.193, 97
Trd, 4319440.043, 99
Trd, 4319440.943, 99
Trd, 4319441.043, 105
Trd, 4319442.043, 95
Trd, 4319444.293, 98
Trd, 4319445.143, 97
Trd, 4319447.693, 98
Trd, 4319448.293, 98
Trd, 4319450.693, 96
Trd, 4319451.243, 98
Trd, 4319452.243, 104
Trd, 4319452.993, 100
Trd, 4319455.043, 98
Trd, 4319456.843, 97
Trd, 4319458.843, 97
Trd, 4319460.043, 97
Trd, 4319462.193, 97
Trd, 4319462.793, 96
Trd, 4319462.993, 105
Trd, 4319464.493, 95
Trd, 4319465.043, 99
Trd, 4319465.143, 116
Trd, 4319466.643, 97
Trd, 4319467.193, 95
Trd, 4319469.043, 95
Trd, 4319469.093, 96
Trd, 4319469.443, 95
Trd, 4319472.143, 95
Trd, 4319472.843, 95
Trd, 4319473.293, 106
Trd, 4319474.293, 97
Trd, 4319476.143, 100
Trd, 4319477.543, 98
Trd, 4319478.993, 106
Trd, 4319481.993, 98
Trd, 4319483.143, 97
Trd, 4319485.693, 96
Trd, 4319485.743, 97
Trd, 4319486.993, 96
Trd, 4319488.243, 96
Trd, 4319489.543, 95
Trd, 4319489.993, 96
Trd, 4319492.093, 97
Trd, 4319492.693, 96
Trd, 4319493.143, 97
Trd, 4319493.343, 104
Trd, 4319497.243, 99
Trd, 4319498.193, 99
Trd, 4319498.393, 95
Trd, 4319499.443, 99
Trd, 4319503.593, 97
Trd, 4319503.993, 98
Trd, 4319505.993, 98
Trd, 4319507.293, 98
Trd, 4319508.693, 98
Trd, 4319510.143, 105
Trd, 4319511.593, 95
Trd, 4319511.893, 94
Trd, 4319512.693, 95
Trd, 4319515.543, 93
Trd, 4319516.193, 95
Trd, 4319516.393, 106
Trd, 4319517.893, 107
Trd, 4319518.393, 139
Trd, 4319519.693, 107
Trd, 4319522.843, 99
Trd, 4319523.493, 98
Trd, 4319524.243, 98
Trd, 4319524.843, 98
Trd, 4319526.343, 98
Trd, 4319527.793, 99
Trd, 4319528.793, 100
Trd, 4319532.293, 98
Trd, 4319532.943, 97
Trd, 4319533.493, 96
Trd, 4319533.693, 99
Trd, 4319535.143, 105
Trd, 4319535.743, 100
Trd, 4319537.843, 99
Trd, 4319539.893, 97
Trd, 4319540.293, 98
Trd, 4319541.393, 95
Trd, 4319543.043, 97
Trd, 4319543.943, 96
Trd, 4319546.743, 95
Trd, 4319548.493, 95
Trd, 4319549.243, 97
Trd, 4319549.343, 97
Trd, 4319551.693, 97
Trd, 4319553.693, 96
Trd, 4319554.843, 95
Trd, 4319554.893, 95
Trd, 4319557.093, 128
Trd, 4319557.443, 112
Trd, 4319559.543, 107
Trd, 4319559.793, 109
Trd, 4319560.593, 130
Trd, 4319561.243, 139
Trd, 4319562.893, 113
Trd, 4319564.243, 110
Trd, 4319565.793, 110
Trd, 4319568.193, 107
Trd, 4319569.243, 103
Trd, 4319569.893, 104
Trd, 4319571.093, 103
Trd, 4319572.193, 98
Trd, 4319572.743, 103
Trd, 4319573.493, 101
Trd, 4319574.793, 103
Trd, 4319577.443, 102
Trd, 4319580.393, 102
Trd, 4319580.493, 103
Trd, 4319581.243, 103
Trd, 4319582.043, 104
Trd, 4319584.793, 99
Trd, 4319585.943, 102
Trd, 4319586.943, 102
Trd, 4319587.393, 104
Trd, 4319587.593, 118
Trd, 4319589.093, 111
Trd, 4319590.043, 111
Trd, 4319592.343, 107
Trd, 4319592.743, 101
Trd, 4319594.193, 105
Trd, 4319594.293, 106
Trd, 4319594.493, 123
Trd, 4319597.593, 103
Trd, 4319598.793, 100
Trd, 4319600.743, 99
Trd, 4319600.793, 102
Trd, 4319604.093, 100
Trd, 4319604.743, 100
Trd, 4319605.193, 99
Trd, 4319605.643, 103
Trd, 4319607.843, 98
Trd, 4319608.993, 101
Trd, 4319610.793, 99
Trd, 4319611.143, 99
Trd, 4319611.193, 104
Trd, 4319617.843, 100
Trd, 4319618.593, 100
Trd, 4319618.793, 101
Trd, 4319619.243, 104
Trd, 4319620.043, 103
Trd, 4319620.593, 123
Trd, 4319620.843, 99
Trd, 4319625.443, 103
Trd, 4319627.743, 104
Trd, 4319628.293, 106
Trd, 4319630.043, 101
Trd, 4319630.893, 101
Trd, 4319631.293, 101
Trd, 4319633.943, 100
Trd, 4319634.943, 98
Trd, 4319635.893, 100
Trd, 4319636.393, 99
Trd, 4319639.893, 97
Trd, 4319640.093, 98
Trd, 4319641.193, 98
Trd, 4319642.793, 98
Trd, 4319645.443, 98
Trd, 4319645.593, 96
Trd, 4319646.343, 98
Trd, 4319647.093, 104
Trd, 4319650.393, 95
Trd, 4319651.693, 92
Trd, 4319651.993, 92
Trd, 4319653.343, 95
Trd, 4319653.893, 94
Trd, 4319654.243, 103
Trd, 4319655.293, 104
Trd, 4319657.843, 98
Trd, 4319659.293, 98
Trd, 4319661.593, 96
Trd, 4319662.343, 95
Trd, 4319663.443, 95
Trd, 4319664.993, 95
Trd, 4319667.593, 95
Trd, 4319668.343, 96
Trd, 4319669.643, 104
Trd, 4319671.743, 96
Trd, 4319672.293, 97
Trd, 4319672.543, 97
Trd, 4319675.143, 97
Trd, 4319676.443, 95
Trd, 4319678.243, 96
Trd, 4319679.193, 102
Trd, 4319679.893, 99
Trd, 4319680.743, 123
Trd, 4319682.493, 102
Trd, 4319683.543, 97
Trd, 4319687.243, 99
Trd, 4319687.843, 99
Trd, 4319688.593, 99
Trd, 4319690.743, 105
Trd, 4319691.493, 97
Trd, 4319693.593, 104
Trd, 4319695.043, 101
Trd, 4319698.243, 97
Trd, 4319698.393, 97
Trd, 4319699.193, 98
Trd, 4319699.893, 98
Trd, 4319701.493, 98
Trd, 4319703.393, 111
Trd, 4319705.043, 101
Trd, 4319707.393, 99
Trd, 4319708.393, 100
Trd, 4319708.493, 101
Trd, 4319709.593, 101
Trd, 4319711.193, 113
Trd, 4319714.293, 104
Trd, 4319716.043, 105
Trd, 4319716.093, 105
Trd, 4319717.243, 113
Trd, 4319720.143, 103
Trd, 4319721.493, 101
Trd, 4319722.943, 93
Trd, 4319723.293, 95
Trd, 4319723.993, 95
Trd, 4319725.643, 95
Trd, 4319726.293, 96
Trd, 4319727.243, 97
Trd, 4319728.693, 96
Trd, 4319730.993, 99
Trd, 4319731.093, 104
Trd, 4319733.143, 101
Trd, 4319737.293, 97
Trd, 4319738.093, 98
Trd, 4319740.043, 97
Trd, 4319740.693, 96
Trd, 4319744.543, 96
Trd, 4319744.893, 95
Trd, 4319745.493, 95
Trd, 4319745.643, 104
Trd, 4319746.443, 100
Trd, 4319746.943, 102
Trd, 4319750.093, 102
Trd, 4319751.043, 96
Trd, 4319751.493, 102
Trd, 4319752.993, 101
Trd, 4319755.693, 99
Trd, 4319756.943, 98
Trd, 4319757.293, 96
Trd, 4319758.043, 97
Trd, 4319760.693, 96
Trd, 4319763.043, 96
Trd, 4319763.193, 104
Trd, 4319764.643, 98
Trd, 4319766.793, 95
Trd, 4319767.193, 95
Trd, 4319769.143, 99
Trd, 4319769.743, 95
Trd, 4319770.243, 100
Trd, 4319771.093, 104
Trd, 4319771.193, 97
Trd, 4319773.943, 100
Trd, 4319774.893, 97
Trd, 4319775.743, 99
Trd, 4319775.893, 104
Trd, 4319778.793, 96
Trd, 4319778.993, 96
Trd, 4319779.843, 97
Trd, 4319779.993, 105
Trd, 4319781.743, 121
Trd, 4319784.343, 103
Trd, 4319786.743, 99
Trd, 4319789.293, 97
Trd, 4319789.493, 97
Trd, 4319789.543, 98
Trd, 4319793.393, 95
Trd, 4319793.443, 95
Trd, 4319794.693, 96
Trd, 4319797.243, 95
Trd, 4319797.293, 96
Trd, 4319797.543, 106
Trd, 4319801.243, 97
Trd, 4319802.293, 96
Trd, 4319804.793, 96
Trd, 4319805.243, 95
Trd, 4319806.793, 95
Trd, 4319806.993, 95
Trd, 4319808.293, 94
Trd, 4319809.593, 106
Trd, 4319811.393, 96
Trd, 4319811.893, 96
Trd, 4319812.343, 97
Trd, 4319812.493, 97
Trd, 4319814.343, 96
Trd, 4319815.043, 97
Trd, 4319816.843, 96
Trd, 4319819.393, 113
Trd, 4319820.193, 108
Trd, 4319820.943, 116
Trd, 4319824.293, 105
Trd, 4319825.093, 106
Trd, 4319825.393, 107
Trd, 4319827.893, 103
Trd, 4319829.993, 101
Trd, 4319830.943, 102
Trd, 4319832.193, 100
Trd, 4319832.893, 101
Trd, 4319833.993, 102
Trd, 4319836.793, 99
Trd, 4319837.693, 102
Trd, 4319838.143, 102
Trd, 4319840.393, 98
Trd, 4319840.793, 101
Trd, 4319842.293, 98
Trd, 4319842.443, 99
Trd, 4319844.243, 98
Trd, 4319844.443, 95
Trd, 4319844.693, 100
Trd, 4319845.443, 104
Trd, 4319850.893, 98
Trd, 4319850.943, 97
Trd, 4319851.443, 99
Trd, 4319852.243, 99
Trd, 4319853.043, 97
Trd, 4319854.193, 105
Trd, 4319854.943, 113
Trd, 4319856.243, 102
Trd, 4319858.843, 95
Trd, 4319860.143, 99
Trd, 4319860.893, 96
Trd, 4319860.943, 104
Trd, 4319862.793, 109
Trd, 4319864.593, 100
Trd, 4319864.743, 104
Trd, 4319865.043, 104
Trd, 4319866.343, 99
Trd, 4319868.393, 102
Trd, 4319871.393, 99
Trd, 4319872.793, 100
Trd, 4319872.993, 100
Trd, 4319873.893, 100
Trd, 4319877.443, 97
Trd, 4319877.543, 99
Trd, 4319878.443, 98
Trd, 4319878.943, 98
Trd, 4319880.393, 105
Trd, 4319882.993, 98
Trd, 4319884.043, 99
Trd, 4319886.743, 96
Trd, 4319887.193, 98
Trd, 4319887.393, 104
Trd, 4319889.893, 98
Trd, 4319891.343, 95
Trd, 4319892.193, 98
Trd, 4319893.793, 97
Trd, 4319894.893, 97
Trd, 4319896.743, 95
Trd, 4319896.943, 95
Trd, 4319897.593, 95
Trd, 4319898.343, 95
Trd, 4319903.043, 96
Trd, 4319903.743, 95
Trd, 4319903.793, 104
Trd, 4319904.593, 122
Trd, 4319905.793, 105
Trd, 4319905.993, 103
Trd, 4319906.943, 105
Trd, 4319907.943, 103
Trd, 4319910.193, 104
Trd, 4319913.843, 103
Trd, 4319913.993, 103
Trd, 4319918.143, 103
Trd, 4319918.543, 103
Trd, 4319918.793, 101
Trd, 4319919.943, 101
Trd, 4319920.243, 104
Trd, 4319922.443, 101
Trd, 4319923.543, 102
Trd, 4319924.493, 99
Trd, 4319925.093, 102
Trd, 4319926.543, 103
Trd, 4319926.693, 104
Trd, 4319928.843, 94
Trd, 4319929.093, 95
Trd, 4319930.643, 91
Trd, 4319931.543, 103
Trd, 4319933.293, 104
Trd, 4319933.543, 101
Trd, 4319935.243, 99
Trd, 4319937.093, 92
Trd, 4319937.143, 93
Trd, 4319938.343, 94
Trd, 4319941.043, 95
Trd, 4319941.393, 131
Trd, 4319942.043, 112
Trd, 4319943.843, 112
Trd, 4319945.143, 101
Trd, 4319946.343, 105
Trd, 4319949.043, 109
Trd, 4319949.443, 113
Trd, 4319949.693, 111
Trd, 4319950.243, 127
Trd, 4319952.643, 107
Trd, 4319953.043, 108
Trd, 4319953.893, 105
Trd, 4319956.543, 105
Trd, 4319957.843, 103
Trd, 4319958.493, 101
Trd, 4319959.793, 103
Trd, 4319960.043, 128
Trd, 4319960.393, 108
Trd, 4319962.893, 112
Trd, 4319966.193, 101
Trd, 4319966.643, 101
Trd, 4319967.793, 101
Trd, 4319968.443, 101
Trd, 4319969.593, 99
Trd, 4319971.643, 98
Trd, 4319973.743, 98
Trd, 4319974.293, 98
Trd, 4319975.543, 101
Trd, 4319976.793, 97
Trd, 4319977.493, 104
Trd, 4319978.743, 113
Trd, 4319979.193, 86
Trd, 4319980.693, 94
Trd, 4319983.243, 106
Trd, 4319983.943, 101
Trd, 4319984.293, 109
Trd, 4319986.593, 100
Trd, 4319986.643, 99
Trd, 4319987.343, 98
Trd, 4319988.343, 99
Trd, 4319990.943, 99
Trd, 4319991.993, 98
Trd, 4319992.293, 100
Trd, 4319992.843, 104
Trd, 4319992.893, 97
Trd, 4319995.343, 95
Trd, 4319996.743, 94
Trd, 4319999.193, 104
Trd, 4319999.743, 99
