Trd, 4317828.393, 102
Trd, 4317828.543, 101
Trd, 4317830.943, 101
Trd, 4317831.043, 93
Trd, 4317833.743, 100
Trd, 4317836.143, 100
Trd, 4317837.043, 100
Trd, 4317838.643, 99
Trd, 4317838.943, 101
Trd, 4317839.393, 98
Trd, 4317843.993, 101
Trd, 4317844.943, 99
Trd, 4317847.743, 98
Trd, 4317847.943, 98
Trd, 4317850.093, 99
Trd, 4317851.393, 96
Trd, 4317853.743, 102
Trd, 4317855.243, 99
Trd, 4317855.993, 99
Trd, 4317856.543, 98
Trd, 4317856.793, 97
Trd, 4317858.993, 97
Trd, 4317859.743, 91
Trd, 4317863.243, 95
Trd, 4317865.193, 94
Trd, 4317865.643, 95
Trd, 4317865.693, 93
Trd, 4317868.393, 89
Trd, 4317870.543, 85
Trd, 4317871.043, 87
Trd, 4317872.043, 85
Trd, 4317873.993, 81
Trd, 4317875.093, 87
Trd, 4317877.543, 113
Trd, 4317878.343, 109
Trd, 4317879.243, 106
Trd, 4317879.793, 106
Trd, 4317880.243, 102
Trd, 4317881.643, 85
Trd, 4317884.893, 103
Trd, 4317885.993, 102
Trd, 4317886.693, 101
Trd, 4317888.093, 104
Trd, 4317889.893, 96
Trd, 4317890.243, 102
Trd, 4317892.643, 95
Trd, 4317893.343, 77
Trd, 4317894.343, 91
Trd, 4317895.043, 95
Trd, 4317896.493, 104
Trd, 4317896.943, 101
Trd, 4317898.443, 100
Trd, 4317899.993, 99
Trd, 4317900.293, 98
Trd, 4317901.293, 99
Trd, 4317901.743, 96
Trd, 4317904.443, 96
Trd, 4317904.543, 95
Trd, 4317906.993, 97
Trd, 4317908.293, 96
Trd, 4317908.343, 97
Trd, 4317910.493, 85
Trd, 4317910.543, 77
Trd, 4317912.343, 98
Trd, 4317915.793, 98
Trd, 4317917.093, 98
Trd, 4317918.693, 97
Trd, 4317921.043, 87
Trd, 4317922.843, 101
Trd, 4317924.693, 104
Trd, 4317925.443, 100
Trd, 4317926.893, 101
Trd, 4317927.993, 102
Trd, 4317928.743, 101
Trd, 4317930.043, 104
Trd, 4317931.643, 101
Trd, 4317933.093, 99
Trd, 4317934.093, 89
Trd, 4317935.343, 97
Trd, 4317936.043, 101
Trd, 4317936.993, 102
Trd, 4317939.843, 104
Trd, 4317941.193, 109
Trd, 4317941.593, 110
Trd, 4317941.793, 93
Trd, 4317943.393, 85
Trd, 4317946.593, 102
Trd, 4317947.893, 104
Trd, 4317947.993, 106
Trd, 4317949.943, 104
Trd, 4317951.793, 103
Trd, 4317953.343, 103
Trd, 4317953.643, 102
Trd, 4317955.493, 93
Trd, 4317957.043, 98
Trd, 4317957.343, 102
Trd, 4317960.243, 100
Trd, 4317962.093, 98
Trd, 4317964.543, 98
Trd, 4317964.743, 99
Trd, 4317965.543, 97
Trd, 4317969.943, 97
Trd, 4317970.943, 100
Trd, 4317971.043, 96
Trd, 4317973.793, 94
Trd, 4317974.493, 95
Trd, 4317975.093, 95
Trd, 4317977.143, 94
Trd, 4317977.543, 95
Trd, 4317978.543, 99
Trd, 4317979.393, 96
Trd, 4317979.693, 85
Trd, 4317981.493, 100
Trd, 4317982.643, 90
Trd, 4317983.593, 95
Trd, 4317987.393, 94
Trd, 4317990.293, 93
Trd, 4317993.243, 97
Trd, 4317993.343, 98
Trd, 4317994.993, 92
Trd, 4317995.543, 92
Trd, 4318001.043, 92
Trd, 4318005.593, 92
Trd, 4318005.893, 93
Trd, 4318007.943, 91
Trd, 4318009.143, 94
Trd, 4318009.493, 90
Trd, 4318010.893, 99
Trd, 4318014.843, 105
Trd, 4318014.893, 104
Trd, 4318015.093, 102
Trd, 4318019.043, 93
Trd, 4318020.043, 109
Trd, 4318020.243, 97
Trd, 4318020.643, 102
Trd, 4318022.593, 96
Trd, 4318023.093, 85
Trd, 4318023.243, 96
Trd, 4318025.293, 94
Trd, 4318027.343, 93
Trd, 4318029.543, 106
Trd, 4318030.393, 97
Trd, 4318033.693, 100
Trd, 4318033.943, 97
Trd, 4318035.393, 98
Trd, 4318035.443, 96
Trd, 4318036.943, 93
Trd, 4318039.193, 94
Trd, 4318040.293, 94
Trd, 4318041.243, 101
Trd, 4318042.793, 103
Trd, 4318043.893, 103
Trd, 4318045.493, 104
Trd, 4318047.093, 104
Trd, 4318048.493, 85
Trd, 4318048.993, 96
Trd, 4318051.193, 96
Trd, 4318052.043, 96
Trd, 4318057.243, 105
Trd, 4318057.393, 103
Trd, 4318057.943, 101
Trd, 4318059.493, 103
Trd, 4318060.593, 104
Trd, 4318061.543, 99
Trd, 4318061.943, 84
Trd, 4318062.943, 98
Trd, 4318064.643, 99
Trd, 4318068.143, 98
Trd, 4318068.293, 99
Trd, 4318068.543, 98
Trd, 4318070.243, 100
Trd, 4318071.493, 96
Trd, 4318073.593, 99
Trd, 4318076.693, 100
Trd, 4318076.893, 84
Trd, 4318077.893, 97
Trd, 4318078.893, 96
Trd, 4318079.043, 92
Trd, 4318080.143, 94
Trd, 4318081.293, 95
Trd, 4318082.693, 95
Trd, 4318085.743, 84
Trd, 4318088.293, 94
Trd, 4318091.343, 93
Trd, 4318093.743, 94
Trd, 4318095.393, 92
Trd, 4318095.643, 92
Trd, 4318096.143, 93
Trd, 4318096.293, 95
Trd, 4318098.043, 100
Trd, 4318098.243, 98
Trd, 4318100.543, 98
Trd, 4318101.693, 100
Trd, 4318102.793, 101
Trd, 4318103.193, 104
Trd, 4318104.293, 88
Trd, 4318108.093, 107
Trd, 4318108.843, 117
Trd, 4318109.143, 115
Trd, 4318110.643, 115
Trd, 4318112.743, 107
Trd, 4318113.193, 111
Trd, 4318115.893, 99
Trd, 4318117.993, 96
Trd, 4318118.293, 96
Trd, 4318119.493, 99
Trd, 4318121.193, 99
Trd, 4318122.493, 98
Trd, 4318124.243, 94
Trd, 4318124.393, 96
Trd, 4318124.543, 95
Trd, 4318126.593, 94
Trd, 4318127.443, 95
Trd, 4318127.593, 96
Trd, 4318128.093, 95
Trd, 4318128.843, 82
Trd, 4318129.943, 102
Trd, 4318131.643, 98
Trd, 4318132.543, 103
Trd, 4318133.293, 101
Trd, 4318134.393, 101
Trd, 4318136.343, 102
Trd, 4318137.393, 101
Trd, 4318139.493, 102
Trd, 4318141.243, 90
Trd, 4318142.443, 98
Trd, 4318143.743, 100
Trd, 4318144.843, 100
Trd, 4318146.243, 100
Trd, 4318146.993, 99
Trd, 4318148.043, 95
Trd, 4318149.293, 95
Trd, 4318150.443, 97
Trd, 4318151.193, 87
Trd, 4318151.793, 94
Trd, 4318152.143, 85
Trd, 4318152.943, 87
Trd, 4318154.093, 92
Trd, 4318157.493, 84
Trd, 4318157.593, 90
Trd, 4318159.343, 91
Trd, 4318160.343, 89
Trd, 4318161.443, 88
Trd, 4318163.993, 91
Trd, 4318164.193, 88
Trd, 4318168.443, 89
Trd, 4318168.593, 87
Trd, 4318169.493, 89
Trd, 4318170.793, 87
Trd, 4318173.493, 98
Trd, 4318173.943, 97
Trd, 4318175.843, 96
Trd, 4318176.393, 95
Trd, 4318177.193, 112
Trd, 4318179.993, 113
Trd, 4318183.043, 112
Trd, 4318183.143, 111
Trd, 4318183.493, 110
Trd, 4318186.243, 101
Trd, 4318187.693, 72
Trd, 4318188.443, 86
Trd, 4318188.493, 94
Trd, 4318191.593, 91
Trd, 4318193.893, 103
Trd, 4318194.043, 104
Trd, 4318195.343, 101
Trd, 4318197.293, 84
Trd, 4318199.243, 99
Trd, 4318201.543, 99
Trd, 4318203.893, 99
Trd, 4318204.193, 103
Trd, 4318204.343, 99
Trd, 4318205.593, 102
Trd, 4318206.243, 102
Trd, 4318207.593, 104
Trd, 4318208.393, 84
Trd, 4318208.943, 84
Trd, 4318211.943, 102
Trd, 4318213.943, 102
Trd, 4318214.593, 101
Trd, 4318215.893, 100
Trd, 4318216.593, 93
Trd, 4318217.793, 106
Trd, 4318218.593, 108
Trd, 4318219.043, 108
Trd, 4318221.843, 107
Trd, 4318225.193, 108
Trd, 4318225.693, 109
Trd, 4318228.793, 108
Trd, 4318229.293, 109
Trd, 4318231.543, 101
Trd, 4318232.193, 88
Trd, 4318232.943, 88
Trd, 4318233.393, 91
Trd, 4318237.543, 99
Trd, 4318239.593, 112
Trd, 4318240.193, 108
Trd, 4318241.443, 85
Trd, 4318242.543, 92
Trd, 4318243.443, 94
Trd, 4318246.393, 100
Trd, 4318246.493, 99
Trd, 4318247.993, 98
Trd, 4318248.443, 86
Trd, 4318250.093, 100
Trd, 4318252.043, 100
Trd, 4318255.243, 99
Trd, 4318256.143, 98
Trd, 4318256.343, 97
Trd, 4318257.993, 99
Trd, 4318258.993, 97
Trd, 4318260.193, 97
Trd, 4318261.743, 96
Trd, 4318264.093, 96
Trd, 4318264.643, 97
Trd, 4318266.193, 96
Trd, 4318269.543, 97
Trd, 4318269.743, 86
Trd, 4318270.493, 98
Trd, 4318271.793, 95
Trd, 4318274.843, 95
Trd, 4318275.493, 95
Trd, 4318277.093, 94
Trd, 4318277.843, 113
Trd, 4318278.543, 105
Trd, 4318279.443, 104
Trd, 4318279.693, 102
Trd, 4318283.893, 102
Trd, 4318285.293, 102
Trd, 4318287.143, 99
Trd, 4318287.543, 103
Trd, 4318291.593, 110
Trd, 4318293.643, 103
Trd, 4318294.243, 102
Trd, 4318294.993, 95
Trd, 4318296.343, 95
Trd, 4318297.493, 95
Trd, 4318298.043, 85
Trd, 4318299.443, 102
Trd, 4318301.143, 94
Trd, 4318302.143, 95
Trd, 4318302.793, 95
Trd, 4318307.143, 94
Trd, 4318307.693, 94
Trd, 4318308.493, 95
Trd, 4318310.693, 93
Trd, 4318312.543, 89
Trd, 4318314.993, 90
Trd, 4318316.043, 88
Trd, 4318316.443, 91
Trd, 4318318.593, 98
Trd, 4318319.443, 94
Trd, 4318322.643, 101
Trd, 4318322.893, 96
Trd, 4318324.593, 98
Trd, 4318325.343, 101
Trd, 4318326.043, 98
Trd, 4318327.043, 89
Trd, 4318328.743, 99
Trd, 4318331.793, 98
Trd, 4318332.443, 99
Trd, 4318332.943, 97
Trd, 4318334.343, 85
Trd, 4318336.193, 94
Trd, 4318337.493, 93
Trd, 4318338.943, 99
Trd, 4318340.593, 92
Trd, 4318344.643, 92
Trd, 4318348.843, 94
Trd, 4318350.393, 96
Trd, 4318353.893, 95
Trd, 4318354.943, 93
Trd, 4318355.693, 93
Trd, 4318356.043, 92
Trd, 4318357.843, 94
Trd, 4318359.043, 109
Trd, 4318359.843, 98
Trd, 4318361.493, 104
Trd, 4318361.593, 103
Trd, 4318362.793, 100
Trd, 4318364.093, 100
Trd, 4318364.843, 95
Trd, 4318365.093, 97
Trd, 4318367.643, 93
Trd, 4318367.943, 95
Trd, 4318369.993, 94
Trd, 4318370.393, 99
Trd, 4318372.693, 105
Trd, 4318372.743, 103
Trd, 4318376.093, 88
Trd, 4318376.793, 88
Trd, 4318377.693, 96
Trd, 4318379.443, 92
Trd, 4318379.493, 88
Trd, 4318380.793, 93
Trd, 4318380.843, 91
Trd, 4318381.993, 93
Trd, 4318385.143, 93
Trd, 4318385.343, 92
Trd, 4318387.343, 94
Trd, 4318391.443, 95
Trd, 4318391.943, 101
Trd, 4318392.993, 85
Trd, 4318393.543, 97
Trd, 4318395.543, 98
Trd, 4318396.393, 102
Trd, 4318397.393, 98
Trd, 4318398.643, 100
Trd, 4318398.743, 93
Trd, 4318401.343, 101
Trd, 4318401.643, 100
Trd, 4318403.093, 100
Trd, 4318404.593, 107
Trd, 4318405.493, 100
Trd, 4318407.043, 108
Trd, 4318407.143, 107
Trd, 4318407.643, 107
Trd, 4318412.643, 97
Trd, 4318413.343, 87
Trd, 4318414.943, 96
Trd, 4318416.043, 113
Trd, 4318416.893, 111
Trd, 4318417.243, 109
Trd, 4318419.443, 107
Trd, 4318422.143, 111
Trd, 4318423.193, 113
Trd, 4318424.443, 112
Trd, 4318425.643, 109
Trd, 4318426.643, 88
Trd, 4318427.193, 99
Trd, 4318429.143, 85
Trd, 4318429.793, 99
Trd, 4318432.793, 106
Trd, 4318433.293, 107
Trd, 4318435.143, 99
Trd, 4318435.643, 97
Trd, 4318435.693, 84
Trd, 4318438.393, 98
Trd, 4318440.693, 98
Trd, 4318441.193, 98
Trd, 4318446.193, 98
Trd, 4318446.643, 99
Trd, 4318449.393, 97
Trd, 4318449.843, 100
Trd, 4318453.193, 97
Trd, 4318454.493, 100
Trd, 4318457.193, 88
Trd, 4318457.593, 98
Trd, 4318459.443, 99
Trd, 4318461.993, 98
Trd, 4318464.093, 99
Trd, 4318467.593, 104
Trd, 4318468.193, 102
Trd, 4318469.543, 103
Trd, 4318471.593, 102
Trd, 4318472.243, 111
Trd, 4318472.293, 109
Trd, 4318473.293, 106
Trd, 4318477.643, 96
Trd, 4318478.243, 94
Trd, 4318478.643, 97
Trd, 4318478.843, 88
Trd, 4318480.793, 105
Trd, 4318482.193, 100
Trd, 4318482.743, 99
Trd, 4318487.143, 99
Trd, 4318487.243, 98
Trd, 4318489.593, 98
Trd, 4318491.293, 106
Trd, 4318491.743, 101
Trd, 4318492.593, 104
Trd, 4318494.143, 104
Trd, 4318495.543, 96
Trd, 4318496.943, 98
Trd, 4318499.443, 100
Trd, 4318501.193, 99
Trd, 4318501.743, 98
Trd, 4318502.343, 85
Trd, 4318502.593, 98
Trd, 4318502.693, 72
Trd, 4318507.743, 108
Trd, 4318508.043, 101
Trd, 4318511.393, 111
Trd, 4318511.693, 108
Trd, 4318512.593, 109
Trd, 4318514.893, 86
Trd, 4318516.543, 93
Trd, 4318517.343, 101
Trd, 4318520.193, 106
Trd, 4318520.743, 105
Trd, 4318521.243, 105
Trd, 4318524.243, 108
Trd, 4318525.593, 107
Trd, 4318526.693, 106
Trd, 4318527.243, 84
Trd, 4318529.243, 107
Trd, 4318529.793, 97
Trd, 4318531.893, 99
Trd, 4318538.293, 100
Trd, 4318538.493, 102
Trd, 4318540.293, 100
Trd, 4318541.793, 99
Trd, 4318543.043, 97
Trd, 4318544.043, 99
Trd, 4318544.643, 97
Trd, 4318545.293, 97
Trd, 4318545.993, 98
Trd, 4318547.243, 99
Trd, 4318550.793, 98
Trd, 4318552.343, 97
Trd, 4318552.543, 98
Trd, 4318553.693, 96
Trd, 4318555.843, 95
Trd, 4318559.343, 94
Trd, 4318563.143, 95
Trd, 4318564.343, 98
Trd, 4318567.043, 94
Trd, 4318572.843, 96
Trd, 4318573.543, 98
Trd, 4318575.393, 99
Trd, 4318575.693, 94
Trd, 4318579.993, 94
Trd, 4318580.593, 94
Trd, 4318581.043, 99
Trd, 4318585.043, 99
Trd, 4318585.743, 103
Trd, 4318586.893, 96
Trd, 4318590.343, 105
Trd, 4318591.343, 104
Trd, 4318592.393, 104
Trd, 4318594.293, 104
Trd, 4318595.743, 105
Trd, 4318597.743, 104
Trd, 4318598.293, 104
Trd, 4318598.393, 92
Trd, 4318599.193, 100
Trd, 4318601.843, 104
Trd, 4318602.543, 110
Trd, 4318604.243, 104
Trd, 4318605.343, 107
Trd, 4318605.493, 106
Trd, 4318605.843, 103
Trd, 4318607.643, 104
Trd, 4318608.143, 102
Trd, 4318611.493, 103
Trd, 4318612.293, 103
Trd, 4318614.643, 102
Trd, 4318615.143, 100
Trd, 4318618.043, 101
Trd, 4318619.693, 100
Trd, 4318620.093, 100
Trd, 4318623.893, 102
Trd, 4318624.593, 100
Trd, 4318626.043, 99
Trd, 4318631.093, 98
Trd, 4318631.243, 98
Trd, 4318631.743, 102
Trd, 4318632.693, 103
Trd, 4318632.843, 97
Trd, 4318637.193, 97
Trd, 4318638.343, 96
Trd, 4318640.343, 95
Trd, 4318640.643, 98
Trd, 4318644.093, 95
Trd, 4318646.243, 94
Trd, 4318646.743, 98
Trd, 4318646.993, 94
Trd, 4318650.643, 85
Trd, 4318652.493, 98
Trd, 4318654.843, 98
Trd, 4318657.893, 92
Trd, 4318658.343, 94
Trd, 4318662.293, 91
Trd, 4318663.093, 90
Trd, 4318664.443, 95
Trd, 4318665.043, 95
Trd, 4318666.393, 95
Trd, 4318667.693, 96
Trd, 4318669.793, 96
Trd, 4318670.243, 95
Trd, 4318673.243, 96
Trd, 4318673.293, 94
Trd, 4318673.743, 93
Trd, 4318674.443, 96
Trd, 4318676.593, 101
Trd, 4318678.193, 98
Trd, 4318680.743, 99
Trd, 4318682.193, 97
Trd, 4318682.943, 96
Trd, 4318683.593, 91
Trd, 4318685.543, 100
Trd, 4318686.143, 99
Trd, 4318687.043, 98
Trd, 4318687.543, 85
Trd, 4318689.893, 97
Trd, 4318690.593, 99
Trd, 4318691.643, 105
Trd, 4318692.643, 105
Trd, 4318693.243, 105
Trd, 4318695.093, 104
Trd, 4318697.043, 98
Trd, 4318698.193, 99
Trd, 4318699.793, 100
Trd, 4318700.393, 85
Trd, 4318702.593, 98
Trd, 4318703.143, 102
Trd, 4318703.543, 94
Trd, 4318705.393, 94
Trd, 4318706.943, 101
Trd, 4318707.243, 96
Trd, 4318708.493, 85
Trd, 4318710.343, 99
Trd, 4318712.393, 98
Trd, 4318714.643, 98
Trd, 4318716.543, 97
Trd, 4318716.793, 98
Trd, 4318717.893, 96
Trd, 4318721.093, 96
Trd, 4318722.543, 98
Trd, 4318725.843, 95
Trd, 4318726.093, 93
Trd, 4318728.893, 85
Trd, 4318730.243, 93
Trd, 4318730.293, 95
Trd, 4318731.393, 94
Trd, 4318732.093, 92
Trd, 4318735.143, 99
Trd, 4318735.743, 100
Trd, 4318736.493, 108
Trd, 4318738.093, 107
Trd, 4318738.593, 107
Trd, 4318739.093, 106
Trd, 4318739.643, 109
Trd, 4318742.643, 108
Trd, 4318743.293, 108
Trd, 4318746.193, 107
Trd, 4318747.043, 96
Trd, 4318747.093, 97
Trd, 4318748.343, 100
Trd, 4318750.493, 101
Trd, 4318752.543, 84
Trd, 4318753.793, 84
Trd, 4318756.493, 106
Trd, 4318757.493, 106
Trd, 4318759.293, 105
Trd, 4318761.193, 104
Trd, 4318761.943, 103
Trd, 4318763.193, 103
Trd, 4318763.243, 102
Trd, 4318764.843, 100
Trd, 4318765.793, 99
Trd, 4318767.593, 100
Trd, 4318769.643, 101
Trd, 4318769.693, 100
Trd, 4318770.193, 109
Trd, 4318772.943, 96
Trd, 4318773.043, 98
Trd, 4318775.493, 99
Trd, 4318776.293, 75
Trd, 4318776.793, 95
Trd, 4318779.443, 102
Trd, 4318780.943, 100
Trd, 4318782.843, 99
Trd, 4318783.943, 100
Trd, 4318785.243, 100
Trd, 4318786.093, 101
Trd, 4318786.893, 101
Trd, 4318787.493, 102
Trd, 4318787.843, 103
Trd, 4318790.793, 103
Trd, 4318793.293, 102
Trd, 4318795.143, 102
Trd, 4318796.343, 102
Trd, 4318797.243, 101
Trd, 4318799.393, 100
Trd, 4318801.193, 97
Trd, 4318801.943, 98
Trd, 4318802.843, 102
Trd, 4318803.443, 85
Trd, 4318804.793, 96
Trd, 4318805.393, 100
Trd, 4318807.143, 74
Trd, 4318807.943, 88
Trd, 4318810.943, 84
Trd, 4318811.243, 91
Trd, 4318811.493, 94
Trd, 4318815.543, 105
Trd, 4318816.843, 105
Trd, 4318818.143, 105
Trd, 4318818.893, 84
Trd, 4318821.393, 84
Trd, 4318821.843, 83
Trd, 4318822.143, 87
Trd, 4318823.393, 94
Trd, 4318823.893, 95
Trd, 4318825.093, 98
Trd, 4318826.143, 95
Trd, 4318826.393, 96
Trd, 4318827.093, 75
Trd, 4318828.143, 73
Trd, 4318829.493, 100
Trd, 4318830.593, 89
Trd, 4318830.993, 102
Trd, 4318835.343, 100
Trd, 4318837.843, 99
Trd, 4318838.993, 99
Trd, 4318839.093, 98
Trd, 4318841.643, 97
Trd, 4318842.693, 97
Trd, 4318844.443, 98
Trd, 4318848.043, 97
Trd, 4318848.893, 96
Trd, 4318850.643, 96
Trd, 4318851.443, 98
Trd, 4318852.643, 95
Trd, 4318852.743, 94
Trd, 4318853.193, 104
Trd, 4318855.393, 100
Trd, 4318855.693, 98
Trd, 4318859.943, 100
Trd, 4318861.193, 100
Trd, 4318864.043, 99
Trd, 4318865.243, 98
Trd, 4318868.643, 98
Trd, 4318872.643, 97
Trd, 4318873.093, 97
Trd, 4318874.543, 94
Trd, 4318875.843, 94
Trd, 4318876.393, 95
Trd, 4318876.893, 81
Trd, 4318880.093, 95
Trd, 4318884.493, 94
Trd, 4318885.093, 92
Trd, 4318885.243, 92
Trd, 4318887.243, 95
Trd, 4318889.393, 92
Trd, 4318890.443, 93
Trd, 4318892.143, 93
Trd, 4318892.343, 92
Trd, 4318893.393, 93
Trd, 4318895.093, 93
Trd, 4318895.193, 92
Trd, 4318898.843, 93
Trd, 4318900.543, 98
Trd, 4318903.043, 95
Trd, 4318903.093, 104
Trd, 4318904.543, 91
Trd, 4318906.743, 93
Trd, 4318911.543, 93
Trd, 4318912.893, 95
Trd, 4318914.243, 93
Trd, 4318915.643, 96
Trd, 4318916.693, 96
Trd, 4318917.793, 98
Trd, 4318918.493, 102
Trd, 4318919.293, 100
Trd, 4318920.443, 75
Trd, 4318920.993, 81
Trd, 4318923.693, 88
Trd, 4318924.243, 91
Trd, 4318926.793, 97
Trd, 4318926.943, 95
Trd, 4318928.643, 95
Trd, 4318929.843, 95
Trd, 4318932.893, 95
Trd, 4318933.643, 92
Trd, 4318934.193, 92
Trd, 4318934.343, 85
Trd, 4318934.743, 104
Trd, 4318936.543, 96
Trd, 4318937.543, 85
Trd, 4318939.993, 97
Trd, 4318940.143, 88
Trd, 4318942.743, 107
Trd, 4318943.843, 102
Trd, 4318945.093, 105
Trd, 4318945.843, 104
Trd, 4318949.093, 103
Trd, 4318950.593, 97
Trd, 4318951.143, 97
Trd, 4318952.443, 98
Trd, 4318953.943, 97
Trd, 4318954.893, 99
Trd, 4318956.593, 103
Trd, 4318957.943, 103
Trd, 4318958.993, 102
Trd, 4318960.293, 101
Trd, 4318963.043, 100
Trd, 4318964.143, 85
Trd, 4318964.293, 97
Trd, 4318964.493, 98
Trd, 4318965.593, 99
Trd, 4318966.743, 99
Trd, 4318969.543, 99
Trd, 4318970.743, 102
Trd, 4318970.843, 87
Trd, 4318971.743, 96
Trd, 4318973.743, 99
Trd, 4318974.543, 98
Trd, 4318975.793, 88
Trd, 4318976.993, 96
Trd, 4318979.293, 95
Trd, 4318981.293, 97
Trd, 4318982.593, 97
Trd, 4318984.743, 96
Trd, 4318987.593, 99
Trd, 4318988.143, 100
Trd, 4318988.543, 99
Trd, 4318989.343, 109
Trd, 4318990.193, 101
Trd, 4318990.993, 101
Trd, 4318993.743, 85
Trd, 4318994.443, 87
Trd, 4318995.243, 98
Trd, 4318995.643, 97
Trd, 4318997.343, 96
Trd, 4319001.893, 97
Trd, 4319006.443, 96
Trd, 4319010.043, 96
Trd, 4319011.393, 95
Trd, 4319014.193, 94
Trd, 4319015.593, 93
Trd, 4319015.643, 99
Trd, 4319018.593, 98
Trd, 4319020.643, 98
Trd, 4319022.393, 102
Trd, 4319022.593, 102
Trd, 4319022.793, 88
Trd, 4319023.893, 98
Trd, 4319024.343, 98
Trd, 4319025.093, 85
Trd, 4319028.393, 102
Trd, 4319029.493, 100
Trd, 4319030.593, 86
Trd, 4319031.293, 103
Trd, 4319031.743, 98
Trd, 4319034.543, 104
Trd, 4319036.593, 94
Trd, 4319037.843, 103
Trd, 4319038.293, 98
Trd, 4319040.693, 100
Trd, 4319040.893, 99
Trd, 4319041.793, 97
Trd, 4319043.743, 99
Trd, 4319043.843, 91
Trd, 4319046.243, 107
Trd, 4319046.943, 103
Trd, 4319047.593, 103
Trd, 4319050.593, 107
Trd, 4319052.093, 105
Trd, 4319052.943, 95
Trd, 4319053.593, 103
Trd, 4319054.443, 103
Trd, 4319055.443, 102
Trd, 4319059.893, 104
Trd, 4319062.343, 102
Trd, 4319063.293, 103
Trd, 4319063.643, 85
Trd, 4319065.693, 95
Trd, 4319065.893, 96
Trd, 4319067.543, 85
Trd, 4319070.193, 95
Trd, 4319070.493, 96
Trd, 4319072.993, 95
Trd, 4319073.693, 100
Trd, 4319076.143, 102
Trd, 4319077.343, 98
Trd, 4319079.443, 104
Trd, 4319080.593, 85
Trd, 4319081.593, 100
Trd, 4319082.043, 101
Trd, 4319083.993, 87
Trd, 4319086.043, 101
Trd, 4319088.343, 85
Trd, 4319088.693, 100
Trd, 4319090.243, 105
Trd, 4319091.543, 104
Trd, 4319092.143, 105
Trd, 4319094.293, 105
Trd, 4319095.993, 104
Trd, 4319098.243, 104
Trd, 4319100.193, 90
Trd, 4319103.043, 102
Trd, 4319104.243, 105
Trd, 4319106.493, 105
Trd, 4319106.893, 101
Trd, 4319107.293, 100
Trd, 4319110.443, 101
Trd, 4319110.693, 99
Trd, 4319115.893, 100
Trd, 4319116.993, 99
Trd, 4319118.993, 100
Trd, 4319119.143, 101
Trd, 4319122.343, 100
Trd, 4319122.593, 98
Trd, 4319124.443, 102
Trd, 4319128.993, 102
Trd, 4319130.243, 102
Trd, 4319133.343, 99
Trd, 4319135.243, 97
Trd, 4319135.543, 96
Trd, 4319135.943, 95
Trd, 4319136.543, 94
Trd, 4319137.493, 95
Trd, 4319140.443, 99
Trd, 4319140.743, 98
Trd, 4319142.843, 100
Trd, 4319146.643, 112
Trd, 4319147.243, 109
Trd, 4319147.543, 109
Trd, 4319147.643, 85
Trd, 4319149.843, 104
Trd, 4319151.843, 108
Trd, 4319157.293, 105
Trd, 4319162.293, 104
Trd, 4319165.393, 103
Trd, 4319168.043, 102
Trd, 4319171.193, 101
Trd, 4319172.093, 101
Trd, 4319175.693, 104
Trd, 4319176.893, 100
Trd, 4319180.443, 102
Trd, 4319182.743, 99
Trd, 4319182.943, 98
Trd, 4319183.543, 103
Trd, 4319186.143, 103
Trd, 4319186.793, 98
Trd, 4319190.543, 98
Trd, 4319192.743, 97
Trd, 4319192.893, 103
Trd, 4319194.693, 104
Trd, 4319197.293, 101
Trd, 4319197.943, 104
Trd, 4319199.993, 100
Trd, 4319200.093, 99
Trd, 4319202.343, 99
Trd, 4319202.393, 105
Trd, 4319204.243, 100
Trd, 4319205.093, 94
Trd, 4319207.893, 94
Trd, 4319209.643, 99
Trd, 4319210.943, 98
Trd, 4319211.043, 97
Trd, 4319212.443, 94
Trd, 4319212.693, 97
Trd, 4319214.793, 94
Trd, 4319216.593, 94
Trd, 4319217.843, 94
Trd, 4319219.293, 93
Trd, 4319222.043, 101
Trd, 4319222.793, 104
Trd, 4319223.343, 96
Trd, 4319224.243, 98
Trd, 4319224.293, 85
Trd, 4319226.643, 95
Trd, 4319227.893, 93
Trd, 4319227.943, 95
Trd, 4319231.193, 96
Trd, 4319233.693, 96
Trd, 4319235.293, 99
Trd, 4319236.943, 76
Trd, 4319238.943, 95
Trd, 4319240.693, 99
Trd, 4319241.143, 98
Trd, 4319243.193, 112
Trd, 4319244.443, 105
Trd, 4319245.093, 104
Trd, 4319246.693, 106
Trd, 4319249.143, 103
Trd, 4319249.343, 101
Trd, 4319249.893, 102
Trd, 4319251.193, 103
Trd, 4319252.193, 85
Trd, 4319254.143, 103
Trd, 4319257.793, 101
Trd, 4319258.093, 99
Trd, 4319260.743, 98
Trd, 4319261.993, 101
Trd, 4319262.743, 98
Trd, 4319264.093, 97
Trd, 4319272.493, 97
Trd, 4319273.193, 95
Trd, 4319273.443, 100
Trd, 4319273.993, 100
Trd, 4319274.343, 95
Trd, 4319276.343, 94
Trd, 4319276.743, 88
Trd, 4319281.243, 93
Trd, 4319282.793, 92
Trd, 4319282.993, 92
Trd, 4319283.993, 95
Trd, 4319288.343, 96
Trd, 4319289.843, 93
Trd, 4319291.793, 93
Trd, 4319293.793, 95
Trd, 4319298.093, 92
Trd, 4319299.843, 95
Trd, 4319301.143, 91
Trd, 4319302.343, 91
Trd, 4319304.143, 90
Trd, 4319306.093, 92
Trd, 4319308.443, 90
Trd, 4319309.293, 90
Trd, 4319310.593, 95
Trd, 4319313.143, 89
Trd, 4319317.593, 88
Trd, 4319319.543, 95
Trd, 4319320.143, 95
Trd, 4319321.243, 88
Trd, 4319323.593, 89
Trd, 4319324.443, 95
Trd, 4319324.793, 103
Trd, 4319325.893, 96
Trd, 4319328.193, 98
Trd, 4319328.293, 97
Trd, 4319329.293, 96
Trd, 4319330.143, 101
Trd, 4319332.143, 100
Trd, 4319333.293, 86
Trd, 4319335.793, 91
Trd, 4319336.443, 91
Trd, 4319337.543, 85
Trd, 4319340.193, 104
Trd, 4319340.243, 101
Trd, 4319340.593, 96
Trd, 4319344.493, 105
Trd, 4319345.493, 103
Trd, 4319347.393, 103
Trd, 4319347.643, 103
Trd, 4319347.793, 102
Trd, 4319348.343, 98
Trd, 4319350.643, 105
Trd, 4319352.643, 104
Trd, 4319354.693, 105
Trd, 4319355.943, 103
Trd, 4319356.343, 103
Trd, 4319357.493, 84
Trd, 4319361.043, 100
Trd, 4319362.193, 99
Trd, 4319363.343, 99
Trd, 4319367.493, 99
Trd, 4319368.093, 98
Trd, 4319370.293, 98
Trd, 4319370.693, 85
Trd, 4319372.543, 112
Trd, 4319373.993, 105
Trd, 4319375.443, 102
Trd, 4319376.243, 102
Trd, 4319377.743, 104
Trd, 4319377.843, 103
Trd, 4319378.993, 105
Trd, 4319380.543, 98
Trd, 4319381.393, 85
Trd, 4319381.843, 101
Trd, 4319383.243, 104
Trd, 4319386.493, 101
Trd, 4319386.743, 100
Trd, 4319389.593, 105
Trd, 4319389.693, 92
Trd, 4319390.643, 101
Trd, 4319391.993, 102
Trd, 4319395.243, 104
Trd, 4319395.693, 110
Trd, 4319398.093, 109
Trd, 4319398.293, 103
Trd, 4319398.543, 101
Trd, 4319399.643, 85
Trd, 4319400.243, 112
Trd, 4319403.393, 102
Trd, 4319403.993, 102
Trd, 4319407.693, 104
Trd, 4319409.393, 102
Trd, 4319410.093, 101
Trd, 4319411.243, 105
Trd, 4319414.293, 99
Trd, 4319415.093, 102
Trd, 4319416.393, 99
Trd, 4319416.443, 98
Trd, 4319418.243, 102
Trd, 4319420.693, 98
Trd, 4319421.143, 101
Trd, 4319423.443, 97
Trd, 4319424.693, 97
Trd, 4319425.443, 101
Trd, 4319428.543, 96
Trd, 4319428.693, 96
Trd, 4319431.593, 100
Trd, 4319431.843, 95
Trd, 4319433.093, 94
Trd, 4319433.343, 94
Trd, 4319435.993, 99
Trd, 4319437.293, 93
Trd, 4319439.593, 93
Trd, 4319442.793, 94
Trd, 4319445.393, 92
Trd, 4319450.593, 91
Trd, 4319450.993, 91
Trd, 4319451.643, 94
Trd, 4319453.243, 91
Trd, 4319453.293, 94
Trd, 4319453.643, 90
Trd, 4319459.643, 94
Trd, 4319459.743, 93
Trd, 4319460.093, 90
Trd, 4319460.343, 89
Trd, 4319463.443, 90
Trd, 4319464.893, 94
Trd, 4319468.093, 94
Trd, 4319468.893, 94
Trd, 4319470.693, 93
Trd, 4319470.743, 94
Trd, 4319472.743, 94
Trd, 4319473.893, 93
Trd, 4319475.293, 92
Trd, 4319476.293, 94
Trd, 4319476.843, 91
Trd, 4319479.793, 89
Trd, 4319482.143, 93
Trd, 4319482.593, 94
Trd, 4319483.243, 90
Trd, 4319484.843, 89
Trd, 4319484.993, 92
Trd, 4319487.293, 90
Trd, 4319487.443, 89
Trd, 4319488.043, 92
Trd, 4319492.843, 91
Trd, 4319492.943, 89
Trd, 4319493.943, 87
Trd, 4319495.343, 90
Trd, 4319495.693, 91
Trd, 4319497.993, 100
Trd, 4319499.643, 93
Trd, 4319500.143, 85
Trd, 4319502.143, 104
Trd, 4319503.393, 102
Trd, 4319504.593, 98
Trd, 4319505.243, 110
Trd, 4319506.493, 85
Trd, 4319508.343, 98
Trd, 4319512.143, 102
Trd, 4319512.693, 101
Trd, 4319513.493, 105
Trd, 4319514.693, 100
Trd, 4319517.093, 101
Trd, 4319520.493, 100
Trd, 4319522.143, 104
Trd, 4319524.593, 101
Trd, 4319526.193, 101
Trd, 4319527.543, 104
Trd, 4319529.693, 102
Trd, 4319530.743, 95
Trd, 4319531.393, 75
Trd, 4319532.393, 83
Trd, 4319532.643, 95
Trd, 4319535.493, 87
Trd, 4319539.893, 91
Trd, 4319539.943, 89
Trd, 4319540.743, 93
Trd, 4319544.143, 89
Trd, 4319544.343, 94
Trd, 4319545.943, 94
Trd, 4319548.643, 89
Trd, 4319552.443, 92
Trd, 4319552.843, 100
Trd, 4319553.143, 89
Trd, 4319554.693, 95
Trd, 4319556.843, 92
Trd, 4319559.543, 96
Trd, 4319561.693, 91
Trd, 4319563.043, 90
Trd, 4319564.593, 108
Trd, 4319565.443, 103
Trd, 4319566.543, 104
Trd, 4319566.793, 103
Trd, 4319566.943, 95
Trd, 4319570.343, 102
Trd, 4319571.243, 85
Trd, 4319573.043, 92
Trd, 4319573.643, 103
Trd, 4319573.843, 103
Trd, 4319575.993, 95
Trd, 4319578.393, 103
Trd, 4319579.043, 101
Trd, 4319579.243, 100
Trd, 4319581.643, 100
Trd, 4319583.243, 103
Trd, 4319584.693, 91
Trd, 4319586.143, 94
Trd, 4319587.393, 95
Trd, 4319587.993, 95
Trd, 4319588.043, 96
Trd, 4319589.943, 99
Trd, 4319590.643, 98
Trd, 4319592.593, 97
Trd, 4319593.793, 96
Trd, 4319595.443, 98
Trd, 4319596.093, 101
Trd, 4319599.143, 103
Trd, 4319599.443, 101
Trd, 4319600.293, 84
Trd, 4319600.543, 99
Trd, 4319603.593, 91
Trd, 4319604.193, 90
Trd, 4319605.643, 84
Trd, 4319608.193, 111
Trd, 4319608.343, 111
Trd, 4319608.993, 110
Trd, 4319611.943, 110
Trd, 4319612.443, 110
Trd, 4319616.593, 109
Trd, 4319617.443, 109
Trd, 4319618.393, 108
Trd, 4319621.243, 108
Trd, 4319622.243, 108
Trd, 4319622.693, 107
Trd, 4319623.193, 108
Trd, 4319625.843, 107
Trd, 4319626.743, 106
Trd, 4319628.143, 104
Trd, 4319629.293, 85
Trd, 4319629.443, 87
Trd, 4319630.643, 107
Trd, 4319631.593, 103
Trd, 4319632.943, 103
Trd, 4319632.993, 102
Trd, 4319634.643, 102
Trd, 4319635.643, 111
Trd, 4319637.393, 103
Trd, 4319639.743, 104
Trd, 4319640.793, 98
Trd, 4319643.393, 100
Trd, 4319644.993, 86
Trd, 4319645.143, 77
Trd, 4319646.543, 84
Trd, 4319647.343, 95
Trd, 4319650.693, 88
Trd, 4319651.293, 91
Trd, 4319653.743, 90
Trd, 4319654.643, 83
Trd, 4319655.293, 93
Trd, 4319657.893, 100
Trd, 4319658.293, 100
Trd, 4319659.093, 99
Trd, 4319661.843, 98
Trd, 4319662.693, 95
Trd, 4319663.493, 95
Trd, 4319666.443, 102
Trd, 4319667.443, 86
Trd, 4319667.943, 98
Trd, 4319669.943, 99
Trd, 4319670.143, 99
Trd, 4319672.393, 96
Trd, 4319673.343, 97
Trd, 4319675.643, 98
Trd, 4319676.843, 102
Trd, 4319677.693, 93
Trd, 4319679.343, 96
Trd, 4319681.243, 102
Trd, 4319682.343, 103
Trd, 4319682.693, 103
Trd, 4319685.043, 102
Trd, 4319686.393, 101
Trd, 4319687.493, 90
Trd, 4319688.893, 109
Trd, 4319689.443, 100
Trd, 4319693.293, 100
Trd, 4319694.243, 101
Trd, 4319696.443, 100
Trd, 4319696.793, 91
Trd, 4319696.993, 95
Trd, 4319697.693, 97
Trd, 4319701.293, 101
Trd, 4319702.343, 103
Trd, 4319702.943, 104
Trd, 4319704.343, 104
Trd, 4319707.643, 104
Trd, 4319708.193, 103
Trd, 4319709.793, 103
Trd, 4319713.543, 103
Trd, 4319713.893, 103
Trd, 4319714.843, 102
Trd, 4319717.493, 103
Trd, 4319718.893, 102
Trd, 4319720.143, 104
Trd, 4319722.093, 101
Trd, 4319725.193, 101
Trd, 4319728.693, 100
Trd, 4319729.743, 99
Trd, 4319729.843, 99
Trd, 4319730.293, 98
Trd, 4319731.243, 98
Trd, 4319733.443, 99
Trd, 4319734.043, 76
Trd, 4319735.343, 95
Trd, 4319737.543, 105
Trd, 4319738.343, 103
Trd, 4319739.693, 106
Trd, 4319741.593, 105
Trd, 4319742.693, 90
Trd, 4319743.043, 90
Trd, 4319743.593, 94
Trd, 4319744.743, 92
Trd, 4319747.343, 97
Trd, 4319749.143, 100
Trd, 4319749.693, 99
Trd, 4319750.693, 99
Trd, 4319752.643, 98
Trd, 4319753.843, 90
Trd, 4319754.643, 93
Trd, 4319754.843, 96
Trd, 4319754.893, 85
Trd, 4319757.243, 102
Trd, 4319759.293, 96
Trd, 4319759.543, 97
Trd, 4319760.793, 95
Trd, 4319762.393, 95
Trd, 4319762.443, 85
Trd, 4319762.693, 104
Trd, 4319765.693, 96
Trd, 4319765.843, 91
Trd, 4319767.193, 101
Trd, 4319768.743, 97
Trd, 4319770.143, 101
Trd, 4319771.143, 105
Trd, 4319771.543, 104
Trd, 4319771.843, 98
Trd, 4319774.743, 103
Trd, 4319775.743, 102
Trd, 4319776.243, 84
Trd, 4319777.543, 103
Trd, 4319779.393, 97
Trd, 4319779.443, 96
Trd, 4319783.643, 103
Trd, 4319785.043, 105
Trd, 4319785.343, 103
Trd, 4319786.743, 110
Trd, 4319787.243, 94
Trd, 4319789.843, 86
Trd, 4319790.593, 87
Trd, 4319791.693, 98
Trd, 4319792.593, 103
Trd, 4319792.793, 101
Trd, 4319793.993, 102
Trd, 4319797.243, 105
Trd, 4319797.793, 104
Trd, 4319801.193, 104
Trd, 4319802.143, 103
Trd, 4319803.143, 102
Trd, 4319804.043, 102
Trd, 4319805.943, 93
Trd, 4319808.593, 85
Trd, 4319809.443, 91
Trd, 4319809.843, 94
Trd, 4319813.293, 94
Trd, 4319813.343, 94
Trd, 4319814.643, 103
Trd, 4319815.143, 99
Trd, 4319816.893, 100
Trd, 4319818.343, 102
Trd, 4319819.143, 108
Trd, 4319819.243, 101
Trd, 4319820.943, 103
Trd, 4319821.193, 113
Trd, 4319822.793, 85
Trd, 4319823.743, 102
Trd, 4319824.143, 96
Trd, 4319827.793, 107
Trd, 4319831.543, 110
Trd, 4319831.893, 110
Trd, 4319834.493, 109
Trd, 4319834.993, 108
Trd, 4319838.943, 107
Trd, 4319839.093, 106
Trd, 4319840.743, 87
Trd, 4319845.643, 102
Trd, 4319853.443, 101
Trd, 4319853.543, 101
Trd, 4319855.493, 100
Trd, 4319857.593, 99
Trd, 4319857.693, 98
Trd, 4319858.793, 85
Trd, 4319861.193, 93
Trd, 4319862.193, 95
Trd, 4319865.043, 102
Trd, 4319865.843, 98
Trd, 4319869.343, 111
Trd, 4319869.593, 105
Trd, 4319870.393, 107
Trd, 4319871.543, 105
Trd, 4319873.743, 104
Trd, 4319875.893, 103
Trd, 4319876.293, 85
Trd, 4319878.593, 97
Trd, 4319880.593, 99
Trd, 4319881.143, 99
Trd, 4319882.793, 98
Trd, 4319882.893, 94
Trd, 4319883.443, 85
Trd, 4319883.843, 99
Trd, 4319886.143, 101
Trd, 4319887.493, 100
Trd, 4319888.393, 99
Trd, 4319888.593, 84
Trd, 4319888.943, 100
Trd, 4319893.593, 100
Trd, 4319893.743, 99
Trd, 4319895.943, 99
Trd, 4319896.893, 98
Trd, 4319897.093, 107
Trd, 4319898.343, 105
Trd, 4319898.493, 85
Trd, 4319900.993, 103
Trd, 4319902.743, 98
Trd, 4319904.493, 98
Trd, 4319904.993, 85
Trd, 4319905.993, 96
Trd, 4319907.293, 101
Trd, 4319908.393, 88
Trd, 4319908.693, 95
Trd, 4319910.043, 95
Trd, 4319910.643, 98
Trd, 4319911.493, 95
Trd, 4319912.693, 95
Trd, 4319914.293, 88
Trd, 4319915.893, 85
Trd, 4319918.243, 96
Trd, 4319918.543, 99
Trd, 4319919.093, 100
Trd, 4319922.393, 100
Trd, 4319923.393, 103
Trd, 4319923.443, 102
Trd, 4319924.243, 102
Trd, 4319925.793, 99
Trd, 4319928.543, 110
Trd, 4319928.843, 107
Trd, 4319929.993, 88
Trd, 4319930.193, 92
Trd, 4319931.143, 100
Trd, 4319932.543, 101
Trd, 4319934.643, 105
Trd, 4319934.993, 101
Trd, 4319937.243, 90
Trd, 4319938.543, 85
Trd, 4319940.093, 94
Trd, 4319942.093, 102
Trd, 4319942.693, 100
Trd, 4319943.993, 96
Trd, 4319944.493, 98
Trd, 4319946.693, 104
Trd, 4319949.643, 104
Trd, 4319950.893, 103
Trd, 4319951.243, 103
Trd, 4319954.243, 103
Trd, 4319955.043, 101
Trd, 4319955.943, 102
Trd, 4319957.843, 100
Trd, 4319962.493, 102
Trd, 4319962.543, 100
Trd, 4319963.893, 102
Trd, 4319965.843, 105
Trd, 4319966.593, 104
Trd, 4319968.693, 106
Trd, 4319970.693, 105
Trd, 4319974.543, 103
Trd, 4319975.393, 105
Trd, 4319975.593, 104
Trd, 4319979.693, 102
Trd, 4319980.693, 102
Trd, 4319981.543, 103
Trd, 4319984.143, 105
Trd, 4319986.793, 102
Trd, 4319987.243, 103
Trd, 4319987.793, 102
Trd, 4319989.843, 104
Trd, 4319990.743, 102
Trd, 4319993.243, 102
Trd, 4319993.493, 103
Trd, 4319994.793, 102
Trd, 4319996.793, 100
Trd, 4319997.443, 102
Trd, 4319997.493, 100
Trd, 4319999.793, 98
