Trd, 4317880.793, 87
Trd, 4317881.843, 89
Trd, 4317884.693, 89
Trd, 4317884.943, 95
Trd, 4317885.993, 106
Trd, 4317887.443, 88
Trd, 4317889.443, 96
Trd, 4317890.243, 90
Trd, 4317893.393, 94
Trd, 4317894.093, 90
Trd, 4317894.993, 89
Trd, 4317895.393, 94
Trd, 4317896.243, 89
Trd, 4317896.543, 85
Trd, 4317897.943, 92
Trd, 4317900.193, 92
Trd, 4317900.943, 95
Trd, 4317901.343, 113
Trd, 4317901.643, 93
Trd, 4317902.693, 97
Trd, 4317905.893, 91
Trd, 4317906.943, 92
Trd, 4317908.793, 93
Trd, 4317910.743, 95
Trd, 4317911.893, 95
Trd, 4317912.493, 91
Trd, 4317914.993, 94
Trd, 4317916.543, 93
Trd, 4317916.793, 95
Trd, 4317917.593, 93
Trd, 4317919.593, 93
Trd, 4317921.993, 94
Trd, 4317922.743, 92
Trd, 4317922.793, 95
Trd, 4317923.943, 92
Trd, 4317926.693, 92
Trd, 4317928.443, 91
Trd, 4317929.593, 93
Trd, 4317930.143, 95
Trd, 4317930.443, 91
Trd, 4317932.293, 90
Trd, 4317932.493, 93
Trd, 4317932.543, 93
Trd, 4317933.543, 91
Trd, 4317934.443, 95
Trd, 4317935.693, 91
Trd, 4317937.193, 92
Trd, 4317939.343, 93
Trd, 4317939.443, 90
Trd, 4317941.493, 95
Trd, 4317942.243, 113
Trd, 4317943.393, 96
Trd, 4317944.243, 97
Trd, 4317945.893, 94
Trd, 4317946.843, 101
Trd, 4317947.993, 111
Trd, 4317948.693, 95
Trd, 4317950.543, 96
Trd, 4317952.793, 99
Trd, 4317955.093, 95
Trd, 4317957.343, 99
Trd, 4317958.193, 94
Trd, 4317958.893, 99
Trd, 4317959.743, 113
Trd, 4317961.843, 99
Trd, 4317963.043, 99
Trd, 4317963.993, 101
Trd, 4317966.043, 99
Trd, 4317966.343, 100
Trd, 4317966.493, 102
Trd, 4317969.043, 102
Trd, 4317970.143, 100
Trd, 4317970.793, 101
Trd, 4317971.643, 100
Trd, 4317971.893, 94
Trd, 4317972.393, 87
Trd, 4317973.543, 98
Trd, 4317978.743, 95
Trd, 4317978.893, 95
Trd, 4317979.143, 92
Trd, 4317979.593, 92
Trd, 4317980.993, 97
Trd, 4317983.393, 92
Trd, 4317985.143, 95
Trd, 4317986.143, 96
Trd, 4317986.493, 91
Trd, 4317988.143, 91
Trd, 4317989.093, 90
Trd, 4317989.143, 113
Trd, 4317993.693, 98
Trd, 4317994.843, 95
Trd, 4317995.243, 98
Trd, 4317995.343, 93
Trd, 4317999.393, 93
Trd, 4318000.293, 98
Trd, 4318002.093, 98
Trd, 4318002.243, 95
Trd, 4318003.493, 94
Trd, 4318005.143, 97
Trd, 4318005.293, 93
Trd, 4318006.693, 97
Trd, 4318007.043, 111
Trd, 4318007.343, 99
Trd, 4318008.993, 84
Trd, 4318009.693, 99
Trd, 4318010.343, 92
Trd, 4318011.243, 99
Trd, 4318013.093, 97
Trd, 4318015.093, 98
Trd, 4318015.943, 91
Trd, 4318017.043, 91
Trd, 4318018.993, 91
Trd, 4318019.143, 97
Trd, 4318020.993, 97
Trd, 4318021.243, 98
Trd, 4318021.993, 90
Trd, 4318023.143, 97
Trd, 4318025.043, 89
Trd, 4318025.893, 88
Trd, 4318029.243, 92
Trd, 4318030.893, 91
Trd, 4318030.943, 88
Trd, 4318034.593, 91
Trd, 4318035.893, 91
Trd, 4318038.343, 90
Trd, 4318038.993, 95
Trd, 4318041.043, 93
Trd, 4318041.293, 88
Trd, 4318042.343, 88
Trd, 4318042.543, 92
Trd, 4318045.093, 92
Trd, 4318045.143, 95
Trd, 4318046.543, 94
Trd, 4318047.093, 92
Trd, 4318049.393, 92
Trd, 4318050.493, 91
Trd, 4318051.193, 91
Trd, 4318052.943, 90
Trd, 4318054.293, 89
Trd, 4318055.093, 86
Trd, 4318056.693, 89
Trd, 4318057.893, 89
Trd, 4318060.093, 88
Trd, 4318060.893, 89
Trd, 4318062.343, 91
Trd, 4318062.793, 95
Trd, 4318062.993, 85
Trd, 4318063.693, 87
Trd, 4318065.843, 87
Trd, 4318066.393, 91
Trd, 4318068.393, 94
Trd, 4318069.793, 93
Trd, 4318071.393, 93
Trd, 4318071.893, 95
Trd, 4318073.393, 93
Trd, 4318075.143, 91
Trd, 4318076.593, 94
Trd, 4318078.143, 93
Trd, 4318080.743, 95
Trd, 4318081.843, 97
Trd, 4318083.343, 98
Trd, 4318083.543, 97
Trd, 4318083.743, 97
Trd, 4318086.593, 97
Trd, 4318087.093, 94
Trd, 4318087.993, 95
Trd, 4318089.843, 95
Trd, 4318092.093, 94
Trd, 4318092.643, 95
Trd, 4318093.193, 95
Trd, 4318093.343, 94
Trd, 4318095.143, 98
Trd, 4318097.043, 94
Trd, 4318097.343, 95
Trd, 4318097.593, 96
Trd, 4318099.243, 95
Trd, 4318100.393, 122
Trd, 4318101.293, 105
Trd, 4318101.343, 115
Trd, 4318102.543, 94
Trd, 4318103.943, 85
Trd, 4318105.093, 102
Trd, 4318108.143, 97
Trd, 4318109.493, 94
Trd, 4318113.043, 97
Trd, 4318113.243, 97
Trd, 4318113.943, 94
Trd, 4318114.043, 97
Trd, 4318115.443, 92
Trd, 4318116.993, 93
Trd, 4318119.643, 93
Trd, 4318120.243, 97
Trd, 4318120.693, 97
Trd, 4318121.043, 98
Trd, 4318121.493, 92
Trd, 4318121.993, 92
Trd, 4318122.793, 91
Trd, 4318126.593, 90
Trd, 4318126.993, 93
Trd, 4318128.493, 89
Trd, 4318129.043, 92
Trd, 4318131.093, 109
Trd, 4318131.493, 90
Trd, 4318132.743, 95
Trd, 4318132.943, 85
Trd, 4318135.143, 92
Trd, 4318135.493, 94
Trd, 4318136.543, 96
Trd, 4318138.143, 92
Trd, 4318138.443, 93
Trd, 4318141.543, 93
Trd, 4318141.943, 107
Trd, 4318144.143, 94
Trd, 4318145.143, 96
Trd, 4318145.843, 96
Trd, 4318147.143, 87
Trd, 4318147.543, 90
Trd, 4318148.743, 88
Trd, 4318149.893, 93
Trd, 4318151.293, 92
Trd, 4318151.343, 90
Trd, 4318152.043, 95
Trd, 4318153.243, 89
Trd, 4318157.043, 89
Trd, 4318157.243, 89
Trd, 4318157.493, 93
Trd, 4318158.793, 93
Trd, 4318159.793, 94
Trd, 4318161.643, 95
Trd, 4318162.793, 90
Trd, 4318166.593, 90
Trd, 4318167.093, 89
Trd, 4318168.043, 88
Trd, 4318168.543, 89
Trd, 4318173.343, 89
Trd, 4318174.693, 89
Trd, 4318174.943, 88
Trd, 4318178.943, 95
Trd, 4318179.143, 88
Trd, 4318179.843, 87
Trd, 4318180.193, 89
Trd, 4318181.693, 96
Trd, 4318182.193, 93
Trd, 4318183.193, 92
Trd, 4318183.693, 105
Trd, 4318185.143, 96
Trd, 4318185.243, 94
Trd, 4318186.293, 118
Trd, 4318187.193, 112
Trd, 4318187.443, 109
Trd, 4318189.493, 93
Trd, 4318189.593, 112
Trd, 4318192.343, 105
Trd, 4318193.793, 102
Trd, 4318194.443, 100
Trd, 4318194.793, 103
Trd, 4318196.293, 103
Trd, 4318196.743, 110
Trd, 4318198.793, 99
Trd, 4318201.343, 103
Trd, 4318201.393, 98
Trd, 4318202.393, 103
Trd, 4318204.593, 96
Trd, 4318206.093, 102
Trd, 4318208.293, 95
Trd, 4318208.743, 89
Trd, 4318208.943, 91
Trd, 4318209.493, 96
Trd, 4318212.593, 91
Trd, 4318213.393, 89
Trd, 4318213.893, 85
Trd, 4318214.793, 92
Trd, 4318215.493, 95
Trd, 4318216.443, 93
Trd, 4318216.493, 110
Trd, 4318218.443, 87
Trd, 4318219.493, 96
Trd, 4318221.043, 93
Trd, 4318221.443, 91
Trd, 4318223.043, 96
Trd, 4318223.293, 91
Trd, 4318226.693, 96
Trd, 4318228.043, 96
Trd, 4318228.093, 90
Trd, 4318228.743, 96
Trd, 4318229.343, 88
Trd, 4318234.743, 89
Trd, 4318235.993, 96
Trd, 4318236.893, 95
Trd, 4318237.143, 96
Trd, 4318238.093, 96
Trd, 4318238.793, 95
Trd, 4318240.093, 91
Trd, 4318241.093, 98
Trd, 4318242.543, 92
Trd, 4318245.943, 95
Trd, 4318246.343, 95
Trd, 4318246.593, 96
Trd, 4318248.693, 114
Trd, 4318248.843, 97
Trd, 4318249.993, 96
Trd, 4318253.943, 103
Trd, 4318256.293, 95
Trd, 4318256.393, 94
Trd, 4318256.893, 98
Trd, 4318259.093, 97
Trd, 4318259.743, 94
Trd, 4318260.293, 97
Trd, 4318261.343, 94
Trd, 4318262.543, 97
Trd, 4318263.243, 90
Trd, 4318263.543, 83
Trd, 4318264.643, 86
Trd, 4318264.693, 114
Trd, 4318268.143, 92
Trd, 4318268.893, 89
Trd, 4318269.243, 88
Trd, 4318270.293, 95
Trd, 4318271.293, 92
Trd, 4318276.293, 88
Trd, 4318276.443, 90
Trd, 4318276.543, 91
Trd, 4318276.643, 95
Trd, 4318278.643, 93
Trd, 4318278.843, 95
Trd, 4318280.243, 87
Trd, 4318281.593, 107
Trd, 4318282.643, 103
Trd, 4318283.593, 93
Trd, 4318283.893, 114
Trd, 4318285.493, 99
Trd, 4318287.043, 98
Trd, 4318288.993, 99
Trd, 4318289.793, 97
Trd, 4318291.843, 95
Trd, 4318296.093, 94
Trd, 4318296.343, 99
Trd, 4318296.843, 100
Trd, 4318297.043, 92
Trd, 4318298.443, 95
Trd, 4318301.293, 91
Trd, 4318303.043, 95
Trd, 4318303.243, 95
Trd, 4318304.543, 91
Trd, 4318305.793, 92
Trd, 4318309.043, 94
Trd, 4318309.593, 94
Trd, 4318309.743, 95
Trd, 4318310.693, 121
Trd, 4318311.993, 120
Trd, 4318312.593, 110
Trd, 4318312.793, 91
Trd, 4318313.093, 85
Trd, 4318314.643, 104
Trd, 4318314.943, 100
Trd, 4318315.643, 101
Trd, 4318317.043, 105
Trd, 4318318.093, 91
Trd, 4318319.643, 83
Trd, 4318319.943, 91
Trd, 4318322.043, 121
Trd, 4318322.143, 118
Trd, 4318322.293, 103
Trd, 4318323.493, 100
Trd, 4318324.643, 90
Trd, 4318326.443, 101
Trd, 4318327.143, 96
Trd, 4318329.293, 101
Trd, 4318330.593, 99
Trd, 4318333.443, 96
Trd, 4318333.843, 101
Trd, 4318334.543, 122
Trd, 4318335.943, 103
Trd, 4318336.293, 94
Trd, 4318338.743, 102
Trd, 4318339.743, 102
Trd, 4318339.993, 99
Trd, 4318340.343, 94
Trd, 4318341.493, 86
Trd, 4318342.243, 91
Trd, 4318343.543, 96
Trd, 4318346.043, 92
Trd, 4318346.193, 92
Trd, 4318347.493, 96
Trd, 4318347.643, 91
Trd, 4318348.843, 90
Trd, 4318349.893, 87
Trd, 4318351.243, 94
Trd, 4318352.693, 96
Trd, 4318353.343, 96
Trd, 4318353.643, 87
Trd, 4318355.393, 113
Trd, 4318358.093, 94
Trd, 4318358.493, 93
Trd, 4318358.643, 95
Trd, 4318358.693, 88
Trd, 4318361.743, 94
Trd, 4318363.143, 94
Trd, 4318363.843, 90
Trd, 4318364.843, 89
Trd, 4318365.743, 84
Trd, 4318366.143, 94
Trd, 4318366.543, 95
Trd, 4318370.743, 87
Trd, 4318371.343, 94
Trd, 4318374.093, 92
Trd, 4318377.493, 88
Trd, 4318378.143, 88
Trd, 4318378.643, 89
Trd, 4318378.893, 90
Trd, 4318379.693, 87
Trd, 4318379.843, 95
Trd, 4318381.343, 94
Trd, 4318382.393, 91
Trd, 4318386.143, 92
Trd, 4318387.993, 86
Trd, 4318388.643, 88
Trd, 4318390.093, 87
Trd, 4318393.043, 88
Trd, 4318393.643, 85
Trd, 4318394.643, 93
Trd, 4318395.543, 95
Trd, 4318395.793, 90
Trd, 4318395.843, 94
Trd, 4318395.993, 83
Trd, 4318397.793, 88
Trd, 4318398.543, 95
Trd, 4318399.893, 98
Trd, 4318400.543, 98
Trd, 4318402.893, 94
Trd, 4318404.493, 94
Trd, 4318405.443, 95
Trd, 4318407.043, 95
Trd, 4318407.093, 93
Trd, 4318408.043, 92
Trd, 4318409.543, 92
Trd, 4318409.693, 96
Trd, 4318413.693, 95
Trd, 4318414.093, 94
Trd, 4318414.593, 94
Trd, 4318414.993, 96
Trd, 4318415.643, 94
Trd, 4318416.543, 88
Trd, 4318417.343, 91
Trd, 4318417.443, 105
Trd, 4318417.543, 113
Trd, 4318418.143, 85
Trd, 4318421.093, 108
Trd, 4318421.693, 122
Trd, 4318422.093, 115
Trd, 4318424.293, 93
Trd, 4318424.793, 99
Trd, 4318425.743, 102
Trd, 4318426.293, 123
Trd, 4318426.343, 94
Trd, 4318426.993, 100
Trd, 4318428.293, 97
Trd, 4318431.793, 102
Trd, 4318432.043, 100
Trd, 4318434.993, 98
Trd, 4318437.393, 99
Trd, 4318438.393, 100
Trd, 4318438.993, 100
Trd, 4318439.443, 97
Trd, 4318439.493, 104
Trd, 4318440.343, 95
Trd, 4318440.393, 104
Trd, 4318442.843, 95
Trd, 4318443.443, 95
Trd, 4318444.143, 100
Trd, 4318446.393, 100
Trd, 4318446.693, 101
Trd, 4318447.293, 105
Trd, 4318449.043, 98
Trd, 4318449.793, 94
Trd, 4318450.193, 99
Trd, 4318453.043, 99
Trd, 4318454.393, 94
Trd, 4318454.493, 98
Trd, 4318456.793, 92
Trd, 4318457.193, 93
Trd, 4318458.393, 108
Trd, 4318460.193, 93
Trd, 4318460.543, 99
Trd, 4318461.493, 93
Trd, 4318463.193, 99
Trd, 4318463.543, 114
Trd, 4318466.443, 92
Trd, 4318466.993, 92
Trd, 4318467.693, 98
Trd, 4318467.943, 99
Trd, 4318472.893, 98
Trd, 4318473.093, 98
Trd, 4318473.743, 94
Trd, 4318473.893, 98
Trd, 4318475.743, 93
Trd, 4318476.943, 92
Trd, 4318479.293, 98
Trd, 4318479.493, 98
Trd, 4318482.043, 91
Trd, 4318482.093, 98
Trd, 4318484.643, 85
Trd, 4318485.543, 89
Trd, 4318485.893, 93
Trd, 4318489.293, 92
Trd, 4318490.393, 89
Trd, 4318490.493, 92
Trd, 4318491.143, 88
Trd, 4318492.043, 87
Trd, 4318492.593, 92
Trd, 4318495.293, 92
Trd, 4318497.793, 93
Trd, 4318499.643, 89
Trd, 4318501.493, 88
Trd, 4318501.543, 92
Trd, 4318501.743, 95
Trd, 4318503.993, 114
Trd, 4318506.143, 87
Trd, 4318506.493, 87
Trd, 4318508.043, 97
Trd, 4318508.593, 86
Trd, 4318509.293, 97
Trd, 4318511.343, 86
Trd, 4318515.543, 87
Trd, 4318516.443, 87
Trd, 4318517.293, 90
Trd, 4318517.943, 86
Trd, 4318518.343, 91
Trd, 4318522.443, 90
Trd, 4318523.243, 86
Trd, 4318523.993, 85
Trd, 4318526.543, 85
Trd, 4318528.243, 87
Trd, 4318529.443, 87
Trd, 4318529.843, 89
Trd, 4318531.643, 87
Trd, 4318534.343, 84
Trd, 4318536.043, 87
Trd, 4318536.443, 87
Trd, 4318538.993, 86
Trd, 4318540.993, 86
Trd, 4318543.993, 92
Trd, 4318545.043, 88
Trd, 4318545.443, 85
Trd, 4318546.843, 85
Trd, 4318548.143, 87
Trd, 4318549.843, 87
Trd, 4318550.343, 87
Trd, 4318550.493, 85
Trd, 4318551.943, 95
Trd, 4318555.493, 91
Trd, 4318555.693, 87
Trd, 4318557.293, 87
Trd, 4318559.343, 88
Trd, 4318559.943, 95
Trd, 4318560.393, 94
Trd, 4318561.193, 91
Trd, 4318562.343, 94
Trd, 4318564.193, 94
Trd, 4318565.193, 94
Trd, 4318567.243, 95
Trd, 4318568.993, 94
Trd, 4318569.393, 95
Trd, 4318571.443, 94
Trd, 4318571.643, 95
Trd, 4318572.593, 117
Trd, 4318572.693, 101
Trd, 4318574.093, 108
Trd, 4318574.993, 100
Trd, 4318575.943, 103
Trd, 4318577.843, 100
Trd, 4318578.693, 100
Trd, 4318579.393, 99
Trd, 4318579.593, 94
Trd, 4318579.743, 103
Trd, 4318582.243, 85
Trd, 4318582.743, 89
Trd, 4318585.293, 91
Trd, 4318585.493, 95
Trd, 4318586.893, 87
Trd, 4318587.943, 88
Trd, 4318588.243, 87
Trd, 4318590.143, 86
Trd, 4318590.243, 87
Trd, 4318590.493, 87
Trd, 4318591.293, 88
Trd, 4318592.343, 95
Trd, 4318595.193, 92
Trd, 4318596.843, 90
Trd, 4318597.093, 87
Trd, 4318598.943, 95
Trd, 4318599.593, 91
Trd, 4318599.843, 90
Trd, 4318602.193, 88
Trd, 4318603.993, 87
Trd, 4318605.493, 90
Trd, 4318607.893, 89
Trd, 4318608.143, 91
Trd, 4318609.793, 90
Trd, 4318611.343, 90
Trd, 4318611.793, 95
Trd, 4318613.093, 94
Trd, 4318613.343, 85
Trd, 4318615.693, 80
Trd, 4318616.443, 84
Trd, 4318616.743, 83
Trd, 4318620.193, 96
Trd, 4318621.793, 85
Trd, 4318622.293, 95
Trd, 4318623.593, 91
Trd, 4318624.943, 90
Trd, 4318625.243, 90
Trd, 4318625.743, 95
Trd, 4318627.943, 89
Trd, 4318628.543, 90
Trd, 4318629.393, 89
Trd, 4318629.693, 99
Trd, 4318631.243, 113
Trd, 4318632.393, 96
Trd, 4318634.443, 94
Trd, 4318635.643, 87
Trd, 4318636.293, 85
Trd, 4318638.493, 90
Trd, 4318638.843, 90
Trd, 4318639.193, 90
Trd, 4318641.743, 89
Trd, 4318642.893, 89
Trd, 4318642.943, 90
Trd, 4318643.793, 90
Trd, 4318647.293, 88
Trd, 4318648.293, 90
Trd, 4318649.343, 87
Trd, 4318649.593, 90
Trd, 4318649.843, 86
Trd, 4318650.443, 95
Trd, 4318651.993, 91
Trd, 4318652.843, 91
Trd, 4318652.943, 110
Trd, 4318655.143, 97
Trd, 4318656.843, 94
Trd, 4318657.743, 90
Trd, 4318658.293, 90
Trd, 4318658.443, 110
Trd, 4318659.393, 95
Trd, 4318662.243, 90
Trd, 4318663.643, 94
Trd, 4318664.443, 91
Trd, 4318665.993, 93
Trd, 4318668.843, 89
Trd, 4318668.893, 89
Trd, 4318669.193, 95
Trd, 4318670.743, 113
Trd, 4318672.493, 97
Trd, 4318673.843, 91
Trd, 4318673.943, 97
Trd, 4318674.943, 90
Trd, 4318676.043, 97
Trd, 4318677.693, 97
Trd, 4318680.493, 89
Trd, 4318680.843, 96
Trd, 4318681.493, 121
Trd, 4318682.393, 98
Trd, 4318682.493, 114
Trd, 4318683.343, 93
Trd, 4318687.893, 101
Trd, 4318687.943, 99
Trd, 4318687.993, 101
Trd, 4318690.143, 94
Trd, 4318690.643, 87
Trd, 4318692.393, 93
Trd, 4318693.043, 92
Trd, 4318693.643, 100
Trd, 4318696.393, 93
Trd, 4318697.543, 95
Trd, 4318698.093, 93
Trd, 4318698.593, 92
Trd, 4318703.243, 94
Trd, 4318703.743, 91
Trd, 4318705.793, 93
Trd, 4318706.443, 90
Trd, 4318707.543, 93
Trd, 4318710.993, 93
Trd, 4318711.843, 92
Trd, 4318712.293, 90
Trd, 4318713.943, 93
Trd, 4318715.043, 95
Trd, 4318716.043, 94
Trd, 4318716.243, 104
Trd, 4318718.543, 89
Trd, 4318720.143, 89
Trd, 4318723.393, 93
Trd, 4318723.593, 94
Trd, 4318725.243, 89
Trd, 4318725.793, 95
Trd, 4318727.543, 88
Trd, 4318728.593, 94
Trd, 4318728.793, 88
Trd, 4318730.993, 88
Trd, 4318731.793, 95
Trd, 4318733.593, 94
Trd, 4318734.193, 87
Trd, 4318735.843, 92
Trd, 4318737.943, 93
Trd, 4318738.543, 89
Trd, 4318738.743, 93
Trd, 4318740.043, 88
Trd, 4318741.943, 87
Trd, 4318743.493, 89
Trd, 4318747.793, 86
Trd, 4318748.443, 87
Trd, 4318749.393, 86
Trd, 4318751.093, 101
Trd, 4318751.343, 104
Trd, 4318751.543, 123
Trd, 4318752.743, 92
Trd, 4318755.643, 98
Trd, 4318757.143, 93
Trd, 4318758.993, 99
Trd, 4318759.493, 93
Trd, 4318759.743, 99
Trd, 4318765.043, 98
Trd, 4318765.193, 93
Trd, 4318765.343, 98
Trd, 4318766.343, 93
Trd, 4318767.593, 92
Trd, 4318770.343, 97
Trd, 4318770.543, 91
Trd, 4318771.693, 97
Trd, 4318771.993, 111
Trd, 4318772.843, 93
Trd, 4318774.343, 104
Trd, 4318776.143, 95
Trd, 4318777.743, 100
Trd, 4318778.143, 94
Trd, 4318779.793, 100
Trd, 4318781.543, 93
Trd, 4318783.293, 100
Trd, 4318783.643, 100
Trd, 4318784.343, 94
Trd, 4318787.743, 97
Trd, 4318791.593, 98
Trd, 4318791.693, 94
Trd, 4318793.193, 94
Trd, 4318793.543, 94
Trd, 4318794.593, 94
Trd, 4318795.893, 98
Trd, 4318795.943, 98
Trd, 4318798.643, 93
Trd, 4318799.693, 97
Trd, 4318801.243, 94
Trd, 4318803.043, 85
Trd, 4318803.543, 97
Trd, 4318808.693, 97
Trd, 4318809.543, 92
Trd, 4318812.143, 92
Trd, 4318812.693, 96
Trd, 4318813.243, 96
Trd, 4318814.593, 91
Trd, 4318816.743, 95
Trd, 4318817.793, 96
Trd, 4318819.643, 94
Trd, 4318820.793, 96
Trd, 4318821.893, 106
Trd, 4318822.893, 97
Trd, 4318823.293, 93
Trd, 4318825.043, 122
Trd, 4318825.593, 118
Trd, 4318826.543, 110
Trd, 4318827.743, 112
Trd, 4318829.743, 110
Trd, 4318830.043, 109
Trd, 4318831.443, 107
Trd, 4318831.693, 94
Trd, 4318833.143, 101
Trd, 4318833.843, 84
Trd, 4318834.343, 107
Trd, 4318839.043, 103
Trd, 4318839.943, 100
Trd, 4318840.543, 103
Trd, 4318840.793, 103
Trd, 4318843.693, 96
Trd, 4318848.043, 97
Trd, 4318849.143, 99
Trd, 4318849.493, 99
Trd, 4318850.843, 96
Trd, 4318853.243, 99
Trd, 4318853.993, 99
Trd, 4318855.893, 95
Trd, 4318856.043, 98
Trd, 4318858.993, 95
Trd, 4318859.643, 94
Trd, 4318860.843, 95
Trd, 4318861.443, 98
Trd, 4318863.843, 98
Trd, 4318865.493, 94
Trd, 4318866.093, 98
Trd, 4318867.443, 92
Trd, 4318868.243, 98
Trd, 4318869.093, 97
Trd, 4318870.293, 97
Trd, 4318871.543, 83
Trd, 4318872.493, 97
Trd, 4318873.293, 90
Trd, 4318874.343, 97
Trd, 4318877.693, 89
Trd, 4318878.843, 97
Trd, 4318879.493, 97
Trd, 4318879.793, 108
Trd, 4318881.643, 88
Trd, 4318882.943, 93
Trd, 4318883.993, 87
Trd, 4318887.893, 95
Trd, 4318888.593, 93
Trd, 4318889.793, 87
Trd, 4318892.943, 92
Trd, 4318893.043, 95
Trd, 4318894.243, 86
Trd, 4318898.043, 85
Trd, 4318898.843, 86
Trd, 4318899.493, 88
Trd, 4318901.543, 84
Trd, 4318902.493, 86
Trd, 4318902.793, 87
Trd, 4318903.843, 88
Trd, 4318904.243, 95
Trd, 4318906.593, 88
Trd, 4318908.343, 86
Trd, 4318909.543, 87
Trd, 4318912.143, 87
Trd, 4318914.393, 95
Trd, 4318915.093, 85
Trd, 4318915.893, 92
Trd, 4318916.643, 84
Trd, 4318921.093, 87
Trd, 4318921.743, 89
Trd, 4318923.643, 95
Trd, 4318924.593, 89
Trd, 4318925.393, 86
Trd, 4318926.293, 85
Trd, 4318928.693, 84
Trd, 4318929.543, 87
Trd, 4318933.443, 83
Trd, 4318934.243, 86
Trd, 4318934.793, 86
Trd, 4318935.743, 95
Trd, 4318936.093, 107
Trd, 4318936.393, 86
Trd, 4318937.093, 86
Trd, 4318940.343, 89
Trd, 4318941.393, 89
Trd, 4318942.043, 86
Trd, 4318943.343, 89
Trd, 4318949.443, 85
Trd, 4318949.543, 87
Trd, 4318951.643, 88
Trd, 4318952.843, 87
Trd, 4318953.993, 87
Trd, 4318956.743, 85
Trd, 4318957.043, 88
Trd, 4318957.893, 95
Trd, 4318960.193, 89
Trd, 4318962.143, 90
Trd, 4318962.943, 88
Trd, 4318963.493, 90
Trd, 4318964.643, 88
Trd, 4318965.593, 87
Trd, 4318967.493, 97
Trd, 4318967.943, 97
Trd, 4318967.993, 95
Trd, 4318968.993, 85
Trd, 4318969.243, 113
Trd, 4318971.443, 104
Trd, 4318972.793, 106
Trd, 4318973.393, 101
Trd, 4318974.293, 80
Trd, 4318976.693, 92
Trd, 4318978.643, 94
Trd, 4318978.693, 97
Trd, 4318978.943, 91
Trd, 4318979.593, 91
Trd, 4318982.493, 90
Trd, 4318983.043, 95
Trd, 4318984.393, 94
Trd, 4318985.393, 89
Trd, 4318986.893, 86
Trd, 4318987.843, 91
Trd, 4318988.693, 108
Trd, 4318989.843, 96
Trd, 4318991.243, 94
Trd, 4318992.693, 96
Trd, 4318993.093, 95
Trd, 4318993.343, 96
Trd, 4318996.993, 94
Trd, 4318998.243, 96
Trd, 4318999.143, 96
Trd, 4319003.993, 93
Trd, 4319004.343, 96
Trd, 4319004.843, 93
Trd, 4319007.393, 96
Trd, 4319008.243, 96
Trd, 4319011.393, 92
Trd, 4319011.693, 86
Trd, 4319013.793, 92
Trd, 4319013.843, 92
Trd, 4319015.393, 92
Trd, 4319015.493, 92
Trd, 4319017.943, 90
Trd, 4319018.543, 95
Trd, 4319022.243, 89
Trd, 4319022.493, 93
Trd, 4319023.243, 92
Trd, 4319023.543, 113
Trd, 4319024.293, 97
Trd, 4319025.193, 88
Trd, 4319026.643, 88
Trd, 4319029.193, 85
Trd, 4319029.693, 89
Trd, 4319030.593, 92
Trd, 4319030.843, 96
Trd, 4319033.993, 95
Trd, 4319034.943, 98
Trd, 4319035.793, 95
Trd, 4319036.443, 97
Trd, 4319036.743, 93
Trd, 4319037.993, 113
Trd, 4319041.643, 96
Trd, 4319041.693, 96
Trd, 4319041.943, 98
Trd, 4319042.243, 98
Trd, 4319042.893, 94
Trd, 4319044.043, 92
Trd, 4319046.993, 98
Trd, 4319049.493, 98
Trd, 4319050.343, 98
Trd, 4319051.643, 93
Trd, 4319052.143, 86
Trd, 4319053.243, 84
Trd, 4319055.243, 90
Trd, 4319055.743, 93
Trd, 4319057.943, 89
Trd, 4319060.193, 87
Trd, 4319060.543, 91
Trd, 4319061.743, 87
Trd, 4319064.893, 88
Trd, 4319066.543, 88
Trd, 4319066.793, 93
Trd, 4319067.843, 87
Trd, 4319068.693, 89
Trd, 4319071.493, 90
Trd, 4319071.743, 89
Trd, 4319072.293, 108
Trd, 4319072.493, 87
Trd, 4319075.243, 93
Trd, 4319076.443, 94
Trd, 4319077.393, 89
Trd, 4319079.043, 95
Trd, 4319079.093, 105
Trd, 4319081.493, 90
Trd, 4319081.543, 89
Trd, 4319084.293, 89
Trd, 4319085.193, 96
Trd, 4319087.993, 88
Trd, 4319089.643, 86
Trd, 4319090.543, 88
Trd, 4319091.743, 89
Trd, 4319095.243, 87
Trd, 4319096.493, 87
Trd, 4319100.443, 87
Trd, 4319101.143, 95
Trd, 4319102.443, 89
Trd, 4319104.743, 86
Trd, 4319105.343, 89
Trd, 4319108.443, 90
Trd, 4319110.193, 90
Trd, 4319110.443, 88
Trd, 4319111.643, 90
Trd, 4319112.843, 95
Trd, 4319115.943, 102
Trd, 4319116.493, 97
Trd, 4319116.943, 98
Trd, 4319117.043, 91
Trd, 4319118.893, 77
Trd, 4319119.843, 105
Trd, 4319119.943, 98
Trd, 4319121.943, 97
Trd, 4319122.293, 97
Trd, 4319124.043, 113
Trd, 4319125.293, 101
Trd, 4319125.693, 101
Trd, 4319127.443, 90
Trd, 4319128.043, 90
Trd, 4319128.243, 83
Trd, 4319129.493, 93
Trd, 4319131.293, 113
Trd, 4319132.543, 90
Trd, 4319133.693, 89
Trd, 4319135.493, 96
Trd, 4319138.643, 89
Trd, 4319139.243, 93
Trd, 4319140.643, 88
Trd, 4319141.243, 90
Trd, 4319142.993, 88
Trd, 4319144.543, 87
Trd, 4319145.843, 89
Trd, 4319147.993, 88
Trd, 4319148.943, 86
Trd, 4319150.393, 88
Trd, 4319150.443, 86
Trd, 4319151.093, 91
Trd, 4319153.193, 85
Trd, 4319155.393, 84
Trd, 4319156.943, 89
Trd, 4319157.693, 95
Trd, 4319157.793, 113
Trd, 4319161.193, 93
Trd, 4319162.943, 97
Trd, 4319164.093, 92
Trd, 4319165.693, 92
Trd, 4319165.843, 95
Trd, 4319167.143, 96
Trd, 4319167.493, 92
Trd, 4319171.043, 94
Trd, 4319172.093, 91
Trd, 4319173.593, 91
Trd, 4319173.693, 94
Trd, 4319174.093, 93
Trd, 4319174.443, 95
Trd, 4319178.243, 90
Trd, 4319178.643, 94
Trd, 4319178.793, 94
Trd, 4319182.393, 90
Trd, 4319182.993, 92
Trd, 4319184.043, 89
Trd, 4319184.443, 95
Trd, 4319185.893, 90
Trd, 4319186.893, 88
Trd, 4319188.543, 90
Trd, 4319189.743, 90
Trd, 4319191.343, 95
Trd, 4319191.393, 88
Trd, 4319193.043, 87
Trd, 4319193.243, 91
Trd, 4319194.693, 88
Trd, 4319196.943, 95
Trd, 4319197.343, 87
Trd, 4319199.843, 88
Trd, 4319203.193, 87
Trd, 4319204.043, 88
Trd, 4319204.893, 88
Trd, 4319205.893, 86
Trd, 4319206.593, 89
Trd, 4319209.543, 88
Trd, 4319210.393, 85
Trd, 4319210.743, 88
Trd, 4319213.893, 88
Trd, 4319214.543, 89
Trd, 4319218.143, 87
Trd, 4319218.743, 85
Trd, 4319220.043, 84
Trd, 4319220.593, 84
Trd, 4319221.543, 87
Trd, 4319221.943, 87
Trd, 4319223.993, 90
Trd, 4319224.543, 88
Trd, 4319225.843, 95
Trd, 4319228.543, 89
Trd, 4319228.793, 88
Trd, 4319229.393, 107
Trd, 4319229.893, 88
Trd, 4319230.243, 96
Trd, 4319230.793, 96
Trd, 4319233.293, 89
Trd, 4319234.493, 87
Trd, 4319235.443, 86
Trd, 4319237.093, 87
Trd, 4319238.393, 95
Trd, 4319241.843, 85
Trd, 4319241.893, 88
Trd, 4319243.493, 86
Trd, 4319244.143, 87
Trd, 4319245.093, 85
Trd, 4319249.093, 87
Trd, 4319249.943, 85
Trd, 4319251.493, 87
Trd, 4319253.343, 87
Trd, 4319254.943, 87
Trd, 4319255.143, 104
Trd, 4319256.743, 90
Trd, 4319260.243, 86
Trd, 4319261.843, 86
Trd, 4319262.043, 86
Trd, 4319262.443, 88
Trd, 4319265.643, 87
Trd, 4319267.443, 86
Trd, 4319269.043, 87
Trd, 4319269.143, 88
Trd, 4319269.993, 86
Trd, 4319271.243, 85
Trd, 4319272.893, 94
Trd, 4319275.143, 88
Trd, 4319275.693, 95
Trd, 4319278.093, 86
Trd, 4319278.543, 89
Trd, 4319283.093, 88
Trd, 4319283.693, 85
Trd, 4319285.893, 84
Trd, 4319287.643, 87
Trd, 4319288.293, 83
Trd, 4319291.393, 86
Trd, 4319291.743, 91
Trd, 4319294.493, 88
Trd, 4319294.993, 88
Trd, 4319295.443, 95
Trd, 4319295.843, 82
Trd, 4319297.743, 87
Trd, 4319298.243, 81
Trd, 4319299.093, 104
Trd, 4319302.093, 90
Trd, 4319304.793, 88
Trd, 4319305.693, 84
Trd, 4319306.143, 121
Trd, 4319306.693, 93
Trd, 4319308.293, 93
Trd, 4319308.443, 114
Trd, 4319309.193, 92
Trd, 4319312.043, 98
Trd, 4319313.543, 97
Trd, 4319314.393, 97
Trd, 4319314.593, 93
Trd, 4319315.343, 112
Trd, 4319316.993, 99
Trd, 4319317.093, 95
Trd, 4319319.193, 99
Trd, 4319319.443, 92
Trd, 4319321.693, 98
Trd, 4319322.543, 114
Trd, 4319326.293, 92
Trd, 4319327.443, 99
Trd, 4319327.793, 93
Trd, 4319328.543, 109
Trd, 4319329.743, 104
Trd, 4319332.043, 94
Trd, 4319334.093, 99
Trd, 4319334.593, 93
Trd, 4319335.493, 98
Trd, 4319335.843, 99
Trd, 4319337.393, 98
Trd, 4319338.543, 87
Trd, 4319340.393, 92
Trd, 4319340.593, 96
Trd, 4319340.943, 85
Trd, 4319342.743, 111
Trd, 4319343.393, 114
Trd, 4319345.243, 106
Trd, 4319345.993, 108
Trd, 4319347.393, 85
Trd, 4319347.443, 91
Trd, 4319349.043, 86
Trd, 4319350.093, 86
Trd, 4319350.593, 93
Trd, 4319352.343, 92
Trd, 4319354.043, 85
Trd, 4319355.043, 95
Trd, 4319355.493, 90
Trd, 4319356.843, 95
Trd, 4319359.593, 94
Trd, 4319360.343, 90
Trd, 4319360.443, 94
Trd, 4319362.243, 95
Trd, 4319363.943, 90
Trd, 4319365.043, 94
Trd, 4319365.643, 90
Trd, 4319367.493, 90
Trd, 4319367.993, 92
Trd, 4319368.793, 95
Trd, 4319368.843, 90
Trd, 4319368.943, 114
Trd, 4319371.043, 91
Trd, 4319373.643, 97
Trd, 4319375.743, 95
Trd, 4319376.543, 94
Trd, 4319376.593, 95
Trd, 4319377.843, 95
Trd, 4319379.393, 92
Trd, 4319380.543, 95
Trd, 4319381.193, 91
Trd, 4319382.193, 95
Trd, 4319382.693, 91
Trd, 4319386.243, 94
Trd, 4319386.443, 94
Trd, 4319386.643, 90
Trd, 4319386.743, 113
Trd, 4319388.293, 89
Trd, 4319389.393, 92
Trd, 4319390.793, 88
Trd, 4319391.343, 93
Trd, 4319394.193, 94
Trd, 4319396.893, 90
Trd, 4319396.993, 94
Trd, 4319397.693, 89
Trd, 4319397.893, 95
Trd, 4319399.343, 95
Trd, 4319399.893, 88
Trd, 4319402.043, 95
Trd, 4319405.243, 88
Trd, 4319407.043, 91
Trd, 4319407.143, 90
Trd, 4319411.193, 91
Trd, 4319411.243, 93
Trd, 4319412.843, 92
Trd, 4319416.143, 101
Trd, 4319417.543, 100
Trd, 4319418.693, 94
Trd, 4319419.593, 96
Trd, 4319420.443, 96
Trd, 4319421.643, 96
Trd, 4319421.793, 95
Trd, 4319421.993, 93
Trd, 4319423.693, 96
Trd, 4319425.943, 96
Trd, 4319427.693, 97
Trd, 4319427.943, 93
Trd, 4319428.793, 93
Trd, 4319430.843, 96
Trd, 4319431.643, 88
Trd, 4319431.993, 93
Trd, 4319434.843, 96
Trd, 4319435.943, 91
Trd, 4319436.443, 94
Trd, 4319437.793, 94
Trd, 4319438.743, 85
Trd, 4319440.393, 113
Trd, 4319441.093, 89
Trd, 4319441.993, 97
Trd, 4319443.243, 91
Trd, 4319444.343, 96
Trd, 4319444.743, 88
Trd, 4319445.493, 107
Trd, 4319447.243, 113
Trd, 4319447.543, 102
Trd, 4319447.843, 101
Trd, 4319448.193, 113
Trd, 4319451.593, 93
Trd, 4319452.193, 97
Trd, 4319452.843, 101
Trd, 4319453.243, 101
Trd, 4319457.243, 96
Trd, 4319457.993, 94
Trd, 4319459.243, 101
Trd, 4319461.643, 99
Trd, 4319464.143, 95
Trd, 4319464.943, 94
Trd, 4319466.693, 100
Trd, 4319468.293, 94
Trd, 4319469.543, 94
Trd, 4319470.443, 100
Trd, 4319470.993, 100
Trd, 4319471.793, 101
Trd, 4319472.593, 95
Trd, 4319474.043, 100
Trd, 4319475.643, 94
Trd, 4319477.793, 93
Trd, 4319477.993, 84
Trd, 4319478.443, 85
Trd, 4319480.843, 113
Trd, 4319481.293, 101
Trd, 4319481.793, 95
Trd, 4319482.243, 98
Trd, 4319482.293, 97
Trd, 4319484.893, 96
Trd, 4319486.043, 94
Trd, 4319486.743, 102
Trd, 4319487.193, 113
Trd, 4319488.093, 101
Trd, 4319488.793, 122
Trd, 4319489.393, 94
Trd, 4319490.693, 102
Trd, 4319492.343, 100
Trd, 4319493.643, 94
Trd, 4319495.043, 95
Trd, 4319496.393, 84
Trd, 4319496.443, 100
Trd, 4319497.193, 99
Trd, 4319498.243, 103
Trd, 4319498.993, 100
Trd, 4319499.093, 94
Trd, 4319499.293, 106
Trd, 4319503.293, 95
Trd, 4319504.143, 93
Trd, 4319504.543, 100
Trd, 4319504.943, 100
Trd, 4319505.043, 115
Trd, 4319507.843, 94
Trd, 4319509.643, 99
Trd, 4319510.293, 99
Trd, 4319511.043, 97
Trd, 4319513.493, 99
Trd, 4319514.943, 99
Trd, 4319515.393, 98
Trd, 4319515.593, 95
Trd, 4319515.693, 95
Trd, 4319517.043, 94
Trd, 4319518.543, 89
Trd, 4319519.093, 98
Trd, 4319519.793, 98
Trd, 4319521.593, 98
Trd, 4319522.693, 98
Trd, 4319524.293, 97
Trd, 4319524.743, 98
Trd, 4319524.893, 98
Trd, 4319525.893, 95
Trd, 4319527.143, 93
Trd, 4319529.393, 96
Trd, 4319530.443, 83
Trd, 4319534.093, 92
Trd, 4319534.143, 90
Trd, 4319534.943, 92
Trd, 4319538.493, 92
Trd, 4319538.943, 89
Trd, 4319539.993, 90
Trd, 4319541.293, 89
Trd, 4319545.593, 88
Trd, 4319545.893, 88
Trd, 4319548.193, 88
Trd, 4319548.443, 90
Trd, 4319548.593, 90
Trd, 4319550.393, 90
Trd, 4319551.843, 88
Trd, 4319553.743, 90
Trd, 4319555.243, 96
Trd, 4319555.293, 93
Trd, 4319556.093, 114
Trd, 4319556.393, 85
Trd, 4319557.493, 86
Trd, 4319557.693, 119
Trd, 4319560.793, 100
Trd, 4319561.893, 94
Trd, 4319562.693, 93
Trd, 4319564.693, 95
Trd, 4319564.893, 100
Trd, 4319565.893, 98
Trd, 4319567.593, 99
Trd, 4319569.393, 101
Trd, 4319569.893, 94
Trd, 4319571.543, 84
Trd, 4319571.693, 100
Trd, 4319572.043, 96
Trd, 4319574.343, 94
Trd, 4319574.943, 96
Trd, 4319577.843, 93
Trd, 4319579.443, 96
Trd, 4319580.043, 96
Trd, 4319580.493, 95
Trd, 4319580.943, 94
Trd, 4319581.443, 96
Trd, 4319587.093, 95
Trd, 4319587.243, 96
Trd, 4319587.593, 96
Trd, 4319587.643, 94
Trd, 4319587.893, 104
Trd, 4319588.543, 93
Trd, 4319591.443, 99
Trd, 4319592.143, 114
Trd, 4319592.943, 89
Trd, 4319595.093, 93
Trd, 4319595.393, 94
Trd, 4319596.093, 95
Trd, 4319596.643, 121
Trd, 4319601.543, 112
Trd, 4319601.643, 113
Trd, 4319602.143, 107
Trd, 4319602.443, 93
Trd, 4319605.593, 83
Trd, 4319605.893, 92
Trd, 4319606.193, 95
Trd, 4319606.543, 113
Trd, 4319609.693, 90
Trd, 4319611.243, 100
Trd, 4319611.993, 92
Trd, 4319612.493, 97
Trd, 4319613.693, 91
Trd, 4319617.143, 90
Trd, 4319617.393, 93
Trd, 4319617.443, 89
Trd, 4319618.343, 95
Trd, 4319619.743, 93
Trd, 4319620.393, 88
Trd, 4319620.743, 95
Trd, 4319622.693, 92
Trd, 4319624.893, 92
Trd, 4319626.843, 87
Trd, 4319627.093, 92
Trd, 4319627.543, 87
Trd, 4319627.893, 92
Trd, 4319628.943, 95
Trd, 4319630.193, 79
Trd, 4319634.743, 86
Trd, 4319635.143, 88
Trd, 4319635.743, 95
Trd, 4319636.543, 96
Trd, 4319636.593, 85
Trd, 4319637.843, 93
Trd, 4319639.493, 95
Trd, 4319640.343, 89
Trd, 4319641.643, 92
Trd, 4319643.343, 92
Trd, 4319643.743, 91
Trd, 4319645.843, 88
Trd, 4319646.093, 90
Trd, 4319646.143, 85
Trd, 4319646.293, 95
Trd, 4319649.843, 91
Trd, 4319652.793, 89
Trd, 4319653.643, 90
Trd, 4319654.743, 91
Trd, 4319655.793, 88
Trd, 4319657.593, 90
Trd, 4319657.793, 87
Trd, 4319657.843, 95
Trd, 4319659.693, 86
Trd, 4319660.393, 94
Trd, 4319663.893, 89
Trd, 4319664.593, 92
Trd, 4319667.293, 88
Trd, 4319669.543, 91
Trd, 4319669.743, 91
Trd, 4319670.843, 87
Trd, 4319672.393, 87
Trd, 4319673.443, 88
Trd, 4319673.693, 95
Trd, 4319675.793, 90
Trd, 4319677.493, 90
Trd, 4319679.043, 89
Trd, 4319679.493, 87
Trd, 4319683.093, 88
Trd, 4319683.543, 85
Trd, 4319683.843, 86
Trd, 4319686.043, 87
Trd, 4319686.643, 86
Trd, 4319688.543, 85
Trd, 4319689.593, 87
Trd, 4319690.443, 87
Trd, 4319692.993, 86
Trd, 4319695.143, 84
Trd, 4319695.493, 95
Trd, 4319695.893, 91
Trd, 4319697.793, 88
Trd, 4319699.793, 87
Trd, 4319701.493, 84
Trd, 4319702.743, 87
Trd, 4319702.893, 95
Trd, 4319704.143, 87
Trd, 4319707.543, 86
Trd, 4319710.193, 86
Trd, 4319711.093, 90
Trd, 4319713.343, 84
Trd, 4319713.793, 87
Trd, 4319717.493, 84
Trd, 4319717.643, 87
Trd, 4319718.543, 88
Trd, 4319719.393, 86
Trd, 4319720.793, 92
Trd, 4319721.893, 89
Trd, 4319721.943, 95
Trd, 4319722.843, 89
Trd, 4319724.993, 95
Trd, 4319725.343, 101
Trd, 4319726.443, 94
Trd, 4319727.593, 94
Trd, 4319728.493, 93
Trd, 4319729.943, 95
Trd, 4319731.143, 112
Trd, 4319731.293, 91
Trd, 4319732.093, 97
Trd, 4319732.293, 85
Trd, 4319733.943, 98
Trd, 4319734.793, 97
Trd, 4319738.343, 102
Trd, 4319738.593, 101
Trd, 4319738.843, 94
Trd, 4319739.643, 109
Trd, 4319741.343, 101
Trd, 4319742.093, 94
Trd, 4319744.043, 94
Trd, 4319744.393, 100
Trd, 4319745.793, 99
Trd, 4319746.793, 94
Trd, 4319748.143, 99
Trd, 4319748.293, 94
Trd, 4319750.843, 99
Trd, 4319752.143, 99
Trd, 4319752.193, 93
Trd, 4319754.843, 96
Trd, 4319756.743, 93
Trd, 4319758.793, 95
Trd, 4319760.743, 93
Trd, 4319760.843, 92
Trd, 4319761.393, 95
Trd, 4319762.993, 94
Trd, 4319763.093, 84
Trd, 4319763.643, 87
Trd, 4319764.493, 94
Trd, 4319767.393, 95
Trd, 4319767.993, 93
Trd, 4319768.393, 96
Trd, 4319768.543, 93
Trd, 4319768.743, 90
Trd, 4319770.993, 90
Trd, 4319771.793, 95
Trd, 4319772.643, 113
Trd, 4319773.493, 91
Trd, 4319773.543, 124
Trd, 4319773.743, 91
Trd, 4319775.293, 90
Trd, 4319777.293, 99
Trd, 4319781.643, 90
Trd, 4319782.143, 92
Trd, 4319782.843, 90
Trd, 4319783.143, 90
Trd, 4319784.643, 93
Trd, 4319784.943, 89
Trd, 4319787.943, 115
Trd, 4319787.993, 100
Trd, 4319788.543, 100
Trd, 4319790.393, 103
Trd, 4319791.143, 98
Trd, 4319791.893, 94
Trd, 4319792.643, 109
Trd, 4319794.493, 107
Trd, 4319795.193, 107
Trd, 4319796.093, 103
Trd, 4319797.243, 105
Trd, 4319799.343, 106
Trd, 4319799.793, 93
Trd, 4319800.943, 110
Trd, 4319802.693, 103
Trd, 4319804.243, 99
Trd, 4319804.543, 103
Trd, 4319805.193, 102
Trd, 4319805.493, 99
Trd, 4319807.793, 94
Trd, 4319808.343, 102
Trd, 4319810.743, 96
Trd, 4319812.893, 102
Trd, 4319813.743, 96
Trd, 4319815.743, 102
Trd, 4319816.793, 94
Trd, 4319817.393, 94
Trd, 4319818.293, 101
Trd, 4319819.143, 104
Trd, 4319820.093, 102
Trd, 4319821.943, 102
Trd, 4319824.443, 103
Trd, 4319824.643, 101
Trd, 4319827.243, 103
Trd, 4319827.493, 101
Trd, 4319830.643, 99
Trd, 4319831.143, 104
Trd, 4319832.043, 103
Trd, 4319833.493, 94
Trd, 4319834.293, 105
Trd, 4319838.193, 100
Trd, 4319839.243, 101
Trd, 4319839.593, 101
Trd, 4319839.843, 98
Trd, 4319839.943, 94
Trd, 4319843.043, 99
Trd, 4319843.143, 96
Trd, 4319843.593, 99
Trd, 4319845.143, 95
Trd, 4319847.993, 99
Trd, 4319849.793, 94
Trd, 4319850.443, 93
Trd, 4319853.043, 97
Trd, 4319853.743, 97
Trd, 4319856.093, 96
Trd, 4319857.193, 93
Trd, 4319858.343, 93
Trd, 4319859.893, 96
Trd, 4319860.793, 92
Trd, 4319862.543, 95
Trd, 4319863.093, 91
Trd, 4319864.243, 95
Trd, 4319867.293, 92
Trd, 4319868.493, 95
Trd, 4319868.743, 92
Trd, 4319870.993, 91
Trd, 4319871.243, 95
Trd, 4319871.493, 90
Trd, 4319873.893, 89
Trd, 4319875.893, 85
Trd, 4319876.493, 95
Trd, 4319877.243, 95
Trd, 4319880.293, 89
Trd, 4319882.993, 94
Trd, 4319883.243, 94
Trd, 4319883.393, 95
Trd, 4319884.993, 88
Trd, 4319887.393, 95
Trd, 4319888.793, 91
Trd, 4319889.093, 94
Trd, 4319890.493, 103
Trd, 4319891.943, 98
Trd, 4319892.343, 94
Trd, 4319892.843, 114
Trd, 4319893.193, 94
Trd, 4319895.193, 108
Trd, 4319895.543, 92
Trd, 4319896.293, 103
Trd, 4319899.793, 93
Trd, 4319900.493, 94
Trd, 4319901.493, 101
Trd, 4319902.493, 106
Trd, 4319903.943, 98
Trd, 4319904.743, 100
Trd, 4319905.293, 102
Trd, 4319905.443, 98
Trd, 4319906.843, 100
Trd, 4319907.943, 96
Trd, 4319910.643, 95
Trd, 4319913.193, 99
Trd, 4319913.243, 99
Trd, 4319913.593, 95
Trd, 4319914.243, 94
Trd, 4319917.043, 99
Trd, 4319919.443, 93
Trd, 4319919.593, 99
Trd, 4319920.793, 98
Trd, 4319920.893, 94
Trd, 4319921.543, 96
Trd, 4319927.143, 95
Trd, 4319928.043, 94
Trd, 4319928.493, 97
Trd, 4319929.143, 97
Trd, 4319930.493, 94
Trd, 4319931.293, 97
Trd, 4319932.193, 105
Trd, 4319933.843, 77
Trd, 4319934.643, 79
Trd, 4319936.093, 86
Trd, 4319937.193, 83
Trd, 4319938.493, 84
Trd, 4319941.293, 85
Trd, 4319941.393, 82
Trd, 4319942.843, 84
Trd, 4319945.893, 84
Trd, 4319947.393, 83
Trd, 4319947.843, 83
Trd, 4319950.493, 83
Trd, 4319951.443, 82
Trd, 4319953.043, 85
Trd, 4319953.843, 87
Trd, 4319956.193, 88
Trd, 4319959.243, 86
Trd, 4319960.043, 95
Trd, 4319962.043, 88
Trd, 4319962.293, 91
Trd, 4319963.743, 86
Trd, 4319964.493, 88
Trd, 4319965.393, 89
Trd, 4319969.693, 86
Trd, 4319970.393, 88
Trd, 4319972.193, 89
Trd, 4319972.543, 85
Trd, 4319973.643, 89
Trd, 4319975.143, 88
Trd, 4319977.743, 89
Trd, 4319978.943, 87
Trd, 4319979.093, 90
Trd, 4319980.543, 113
Trd, 4319980.693, 97
Trd, 4319982.843, 96
Trd, 4319983.193, 100
Trd, 4319984.443, 97
Trd, 4319985.193, 93
Trd, 4319987.393, 94
Trd, 4319987.743, 97
Trd, 4319988.193, 93
Trd, 4319989.193, 97
Trd, 4319991.843, 93
Trd, 4319992.393, 97
Trd, 4319995.743, 92
Trd, 4319995.943, 97
Trd, 4319996.993, 90
Trd, 4319999.943, 97
