Trd, 4317922.493, 104
Trd, 4317922.993, 93
Trd, 4317924.143, 99
Trd, 4317924.343, 104
Trd, 4317925.293, 107
Trd, 4317927.243, 113
Trd, 4317929.643, 103
Trd, 4317929.693, 103
Trd, 4317930.093, 107
Trd, 4317930.393, 92
Trd, 4317930.493, 107
Trd, 4317931.593, 100
Trd, 4317934.493, 97
Trd, 4317934.643, 97
Trd, 4317936.393, 96
Trd, 4317940.143, 99
Trd, 4317940.193, 100
Trd, 4317941.043, 96
Trd, 4317942.293, 107
Trd, 4317943.093, 94
Trd, 4317943.693, 112
Trd, 4317945.243, 112
Trd, 4317946.243, 112
Trd, 4317947.393, 110
Trd, 4317948.193, 102
Trd, 4317950.893, 111
Trd, 4317951.593, 93
Trd, 4317951.693, 86
Trd, 4317952.343, 102
Trd, 4317953.193, 104
Trd, 4317954.543, 93
Trd, 4317955.843, 101
Trd, 4317956.643, 121
Trd, 4317958.343, 117
Trd, 4317958.393, 122
Trd, 4317960.093, 113
Trd, 4317960.793, 92
Trd, 4317963.943, 101
Trd, 4317964.793, 104
Trd, 4317965.343, 106
Trd, 4317965.393, 101
Trd, 4317966.843, 94
Trd, 4317969.043, 101
Trd, 4317969.643, 112
Trd, 4317970.643, 109
Trd, 4317970.993, 109
Trd, 4317972.093, 114
Trd, 4317972.943, 116
Trd, 4317973.343, 95
Trd, 4317974.193, 75
Trd, 4317975.993, 97
Trd, 4317976.843, 87
Trd, 4317977.243, 106
Trd, 4317978.443, 120
Trd, 4317979.493, 112
Trd, 4317979.543, 102
Trd, 4317980.993, 104
Trd, 4317982.193, 87
Trd, 4317983.243, 113
Trd, 4317983.543, 102
Trd, 4317986.043, 122
Trd, 4317986.643, 92
Trd, 4317987.843, 74
Trd, 4317987.993, 93
Trd, 4317989.243, 112
Trd, 4317991.593, 92
Trd, 4317994.093, 92
Trd, 4317994.793, 103
Trd, 4317994.843, 91
Trd, 4317997.143, 106
Trd, 4317997.243, 92
Trd, 4317997.593, 106
Trd, 4317999.793, 86
Trd, 4318000.643, 86
Trd, 4318001.293, 97
Trd, 4318002.143, 90
Trd, 4318002.743, 105
Trd, 4318005.693, 100
Trd, 4318006.593, 100
Trd, 4318007.943, 94
Trd, 4318008.693, 104
Trd, 4318008.793, 93
Trd, 4318008.993, 92
Trd, 4318009.993, 87
Trd, 4318011.193, 118
Trd, 4318012.343, 105
Trd, 4318013.943, 99
Trd, 4318016.693, 101
Trd, 4318017.043, 105
Trd, 4318017.093, 105
Trd, 4318018.543, 99
Trd, 4318019.543, 97
Trd, 4318020.293, 93
Trd, 4318025.043, 93
Trd, 4318025.893, 98
Trd, 4318026.093, 98
Trd, 4318028.043, 96
Trd, 4318028.693, 94
Trd, 4318029.293, 93
Trd, 4318030.593, 92
Trd, 4318031.843, 95
Trd, 4318033.243, 92
Trd, 4318033.593, 86
Trd, 4318035.593, 96
Trd, 4318037.243, 105
Trd, 4318037.643, 94
Trd, 4318039.343, 116
Trd, 4318040.793, 101
Trd, 4318040.843, 107
Trd, 4318042.593, 85
Trd, 4318042.643, 86
Trd, 4318043.893, 95
Trd, 4318044.993, 112
Trd, 4318046.593, 110
Trd, 4318046.643, 122
Trd, 4318047.943, 113
Trd, 4318048.543, 112
Trd, 4318049.543, 103
Trd, 4318050.593, 110
Trd, 4318052.343, 91
Trd, 4318053.343, 97
Trd, 4318055.593, 121
Trd, 4318055.843, 113
Trd, 4318056.643, 110
Trd, 4318057.343, 94
Trd, 4318058.093, 109
Trd, 4318060.243, 107
Trd, 4318060.643, 102
Trd, 4318063.393, 113
Trd, 4318064.293, 111
Trd, 4318065.693, 112
Trd, 4318066.643, 122
Trd, 4318068.043, 117
Trd, 4318068.193, 108
Trd, 4318068.643, 103
Trd, 4318071.543, 104
Trd, 4318072.843, 109
Trd, 4318073.143, 103
Trd, 4318073.243, 109
Trd, 4318073.843, 90
Trd, 4318075.293, 92
Trd, 4318075.493, 95
Trd, 4318080.443, 94
Trd, 4318081.293, 93
Trd, 4318081.693, 93
Trd, 4318082.393, 95
Trd, 4318084.943, 89
Trd, 4318086.243, 90
Trd, 4318086.293, 96
Trd, 4318086.443, 90
Trd, 4318088.743, 122
Trd, 4318090.043, 106
Trd, 4318091.493, 102
Trd, 4318091.593, 109
Trd, 4318091.693, 101
Trd, 4318093.193, 111
Trd, 4318093.893, 93
Trd, 4318096.593, 98
Trd, 4318097.093, 98
Trd, 4318097.743, 98
Trd, 4318098.493, 97
Trd, 4318098.543, 95
Trd, 4318101.093, 99
Trd, 4318101.643, 94
Trd, 4318101.793, 104
Trd, 4318103.093, 95
Trd, 4318104.093, 103
Trd, 4318106.393, 97
Trd, 4318108.293, 97
Trd, 4318109.093, 102
Trd, 4318112.093, 95
Trd, 4318112.743, 94
Trd, 4318113.243, 103
Trd, 4318114.443, 104
Trd, 4318115.293, 97
Trd, 4318115.343, 105
Trd, 4318115.843, 104
Trd, 4318117.993, 105
Trd, 4318118.043, 104
Trd, 4318120.943, 104
Trd, 4318121.893, 101
Trd, 4318121.943, 122
Trd, 4318123.693, 113
Trd, 4318126.093, 89
Trd, 4318126.293, 92
Trd, 4318127.793, 79
Trd, 4318127.993, 73
Trd, 4318128.243, 80
Trd, 4318130.093, 95
Trd, 4318130.593, 105
Trd, 4318130.843, 86
Trd, 4318131.993, 97
Trd, 4318132.093, 87
Trd, 4318135.393, 92
Trd, 4318136.043, 97
Trd, 4318137.943, 90
Trd, 4318138.743, 99
Trd, 4318139.893, 98
Trd, 4318141.193, 99
Trd, 4318141.893, 97
Trd, 4318142.793, 97
Trd, 4318144.293, 95
Trd, 4318145.643, 93
Trd, 4318146.743, 106
Trd, 4318149.193, 103
Trd, 4318149.893, 93
Trd, 4318150.343, 92
Trd, 4318152.393, 99
Trd, 4318152.793, 104
Trd, 4318153.043, 93
Trd, 4318153.793, 93
Trd, 4318155.843, 92
Trd, 4318156.243, 102
Trd, 4318157.293, 81
Trd, 4318158.693, 100
Trd, 4318159.993, 89
Trd, 4318160.993, 101
Trd, 4318162.793, 100
Trd, 4318163.843, 91
Trd, 4318164.493, 98
Trd, 4318167.443, 97
Trd, 4318168.943, 122
Trd, 4318169.293, 106
Trd, 4318169.443, 103
Trd, 4318169.693, 94
Trd, 4318173.143, 100
Trd, 4318173.293, 96
Trd, 4318173.343, 103
Trd, 4318173.793, 104
Trd, 4318175.743, 94
Trd, 4318176.543, 88
Trd, 4318178.143, 89
Trd, 4318178.443, 95
Trd, 4318179.093, 86
Trd, 4318180.243, 83
Trd, 4318182.393, 122
Trd, 4318182.443, 86
Trd, 4318183.343, 88
Trd, 4318187.143, 89
Trd, 4318187.843, 91
Trd, 4318188.193, 73
Trd, 4318189.243, 96
Trd, 4318191.193, 104
Trd, 4318192.643, 108
Trd, 4318193.343, 113
Trd, 4318195.293, 108
Trd, 4318195.843, 100
Trd, 4318197.293, 93
Trd, 4318197.543, 98
Trd, 4318200.293, 95
Trd, 4318202.393, 95
Trd, 4318202.593, 94
Trd, 4318204.293, 104
Trd, 4318205.893, 102
Trd, 4318206.293, 93
Trd, 4318207.443, 83
Trd, 4318207.643, 104
Trd, 4318208.343, 105
Trd, 4318211.043, 94
Trd, 4318212.293, 94
Trd, 4318212.543, 88
Trd, 4318213.243, 98
Trd, 4318213.893, 87
Trd, 4318215.693, 112
Trd, 4318216.643, 86
Trd, 4318217.793, 96
Trd, 4318218.893, 100
Trd, 4318219.343, 94
Trd, 4318220.143, 96
Trd, 4318220.543, 107
Trd, 4318221.493, 104
Trd, 4318222.393, 94
Trd, 4318224.543, 92
Trd, 4318225.443, 107
Trd, 4318226.393, 92
Trd, 4318227.143, 107
Trd, 4318229.343, 107
Trd, 4318230.293, 121
Trd, 4318232.343, 119
Trd, 4318232.943, 117
Trd, 4318235.993, 112
Trd, 4318236.793, 115
Trd, 4318237.493, 121
Trd, 4318240.293, 107
Trd, 4318240.393, 101
Trd, 4318240.493, 92
Trd, 4318241.243, 86
Trd, 4318241.543, 97
Trd, 4318241.793, 106
Trd, 4318243.093, 86
Trd, 4318244.343, 101
Trd, 4318246.143, 113
Trd, 4318247.393, 109
Trd, 4318249.293, 88
Trd, 4318250.093, 95
Trd, 4318250.593, 108
Trd, 4318251.493, 94
Trd, 4318253.793, 103
Trd, 4318254.443, 93
Trd, 4318254.593, 93
Trd, 4318255.443, 113
Trd, 4318256.243, 110
Trd, 4318256.593, 91
Trd, 4318258.743, 90
Trd, 4318260.993, 104
Trd, 4318261.843, 100
Trd, 4318262.493, 97
Trd, 4318264.193, 95
Trd, 4318265.343, 99
Trd, 4318266.293, 100
Trd, 4318266.693, 96
Trd, 4318270.693, 99
Trd, 4318270.943, 100
Trd, 4318271.093, 97
Trd, 4318271.993, 100
Trd, 4318274.293, 98
Trd, 4318275.093, 98
Trd, 4318275.243, 117
Trd, 4318275.893, 94
Trd, 4318279.293, 103
Trd, 4318280.643, 104
Trd, 4318280.843, 102
Trd, 4318281.743, 102
Trd, 4318283.893, 101
Trd, 4318285.193, 101
Trd, 4318286.643, 102
Trd, 4318287.343, 103
Trd, 4318287.793, 99
Trd, 4318288.793, 93
Trd, 4318289.143, 104
Trd, 4318289.393, 106
Trd, 4318289.593, 86
Trd, 4318292.443, 96
Trd, 4318294.543, 95
Trd, 4318294.943, 102
Trd, 4318295.943, 101
Trd, 4318297.893, 86
Trd, 4318299.393, 100
Trd, 4318302.593, 94
Trd, 4318303.543, 97
Trd, 4318303.893, 93
Trd, 4318304.093, 92
Trd, 4318305.343, 96
Trd, 4318306.343, 90
Trd, 4318306.743, 97
Trd, 4318308.443, 96
Trd, 4318310.043, 95
Trd, 4318310.993, 93
Trd, 4318311.793, 86
Trd, 4318312.393, 105
Trd, 4318312.943, 101
Trd, 4318315.843, 101
Trd, 4318316.543, 94
Trd, 4318317.793, 93
Trd, 4318318.243, 100
Trd, 4318319.543, 93
Trd, 4318319.643, 104
Trd, 4318319.943, 93
Trd, 4318321.943, 101
Trd, 4318322.843, 104
Trd, 4318325.393, 103
Trd, 4318326.693, 104
Trd, 4318327.093, 104
Trd, 4318328.143, 103
Trd, 4318328.943, 104
Trd, 4318329.193, 105
Trd, 4318330.843, 94
Trd, 4318331.793, 110
Trd, 4318332.393, 103
Trd, 4318334.393, 103
Trd, 4318335.343, 103
Trd, 4318337.043, 100
Trd, 4318338.043, 100
Trd, 4318338.593, 104
Trd, 4318339.543, 105
Trd, 4318343.143, 103
Trd, 4318343.193, 104
Trd, 4318344.443, 103
Trd, 4318345.643, 101
Trd, 4318346.093, 102
Trd, 4318347.643, 94
Trd, 4318348.793, 100
Trd, 4318349.393, 97
Trd, 4318351.493, 94
Trd, 4318351.793, 100
Trd, 4318353.293, 94
Trd, 4318353.843, 93
Trd, 4318355.593, 96
Trd, 4318355.793, 92
Trd, 4318356.293, 104
Trd, 4318356.693, 102
Trd, 4318358.993, 101
Trd, 4318359.443, 91
Trd, 4318360.643, 86
Trd, 4318361.243, 87
Trd, 4318362.143, 86
Trd, 4318363.743, 104
Trd, 4318364.793, 95
Trd, 4318366.243, 96
Trd, 4318368.893, 87
Trd, 4318370.243, 91
Trd, 4318370.943, 96
Trd, 4318372.243, 89
Trd, 4318372.543, 94
Trd, 4318372.643, 104
Trd, 4318374.193, 88
Trd, 4318374.893, 101
Trd, 4318375.743, 87
Trd, 4318376.293, 95
Trd, 4318377.643, 87
Trd, 4318379.043, 101
Trd, 4318380.443, 91
Trd, 4318380.943, 101
Trd, 4318383.393, 99
Trd, 4318384.993, 89
Trd, 4318386.293, 104
Trd, 4318386.393, 91
Trd, 4318387.543, 95
Trd, 4318388.343, 99
Trd, 4318388.693, 100
Trd, 4318390.743, 113
Trd, 4318391.693, 105
Trd, 4318392.093, 107
Trd, 4318397.443, 109
Trd, 4318398.343, 104
Trd, 4318398.643, 110
Trd, 4318398.693, 101
Trd, 4318399.093, 122
Trd, 4318401.193, 105
Trd, 4318401.993, 101
Trd, 4318402.843, 104
Trd, 4318404.593, 100
Trd, 4318406.793, 99
Trd, 4318408.843, 102
Trd, 4318409.193, 103
Trd, 4318409.593, 98
Trd, 4318409.643, 104
Trd, 4318410.543, 86
Trd, 4318412.493, 95
Trd, 4318414.543, 101
Trd, 4318415.493, 94
Trd, 4318417.843, 95
Trd, 4318420.443, 101
Trd, 4318421.043, 101
Trd, 4318422.093, 104
Trd, 4318424.143, 105
Trd, 4318425.243, 122
Trd, 4318425.293, 101
Trd, 4318426.843, 114
Trd, 4318428.743, 113
Trd, 4318431.193, 111
Trd, 4318432.593, 87
Trd, 4318432.993, 112
Trd, 4318434.193, 110
Trd, 4318435.543, 102
Trd, 4318436.143, 110
Trd, 4318436.493, 118
Trd, 4318438.293, 101
Trd, 4318438.893, 108
Trd, 4318441.743, 94
Trd, 4318442.143, 100
Trd, 4318442.193, 101
Trd, 4318444.593, 98
Trd, 4318445.643, 95
Trd, 4318446.393, 99
Trd, 4318447.193, 104
Trd, 4318449.693, 94
Trd, 4318450.243, 93
Trd, 4318451.493, 104
Trd, 4318451.843, 103
Trd, 4318454.743, 104
Trd, 4318455.143, 97
Trd, 4318458.143, 99
Trd, 4318458.993, 104
Trd, 4318459.193, 101
Trd, 4318460.343, 100
Trd, 4318463.693, 105
Trd, 4318465.943, 99
Trd, 4318467.793, 99
Trd, 4318467.893, 102
Trd, 4318468.493, 103
Trd, 4318468.943, 98
Trd, 4318470.643, 86
Trd, 4318471.593, 91
Trd, 4318472.193, 97
Trd, 4318472.393, 103
Trd, 4318475.643, 91
Trd, 4318475.693, 99
Trd, 4318478.093, 90
Trd, 4318480.693, 99
Trd, 4318480.843, 90
Trd, 4318481.443, 90
Trd, 4318483.143, 95
Trd, 4318483.293, 99
Trd, 4318484.493, 89
Trd, 4318484.593, 88
Trd, 4318485.093, 104
Trd, 4318485.243, 86
Trd, 4318488.343, 85
Trd, 4318490.493, 91
Trd, 4318490.543, 101
Trd, 4318494.593, 101
Trd, 4318495.443, 104
Trd, 4318495.543, 90
Trd, 4318496.193, 90
Trd, 4318496.243, 86
Trd, 4318496.393, 102
Trd, 4318497.343, 111
Trd, 4318499.143, 104
Trd, 4318499.693, 101
Trd, 4318500.643, 104
Trd, 4318500.843, 120
Trd, 4318501.243, 88
Trd, 4318502.543, 109
Trd, 4318503.293, 94
Trd, 4318504.493, 113
Trd, 4318506.393, 90
Trd, 4318506.943, 100
Trd, 4318507.993, 109
Trd, 4318510.093, 110
Trd, 4318510.593, 74
Trd, 4318512.843, 104
Trd, 4318513.743, 108
Trd, 4318513.893, 106
Trd, 4318515.693, 102
Trd, 4318516.143, 90
Trd, 4318517.693, 106
Trd, 4318518.693, 92
Trd, 4318519.743, 77
Trd, 4318520.143, 102
Trd, 4318521.093, 81
Trd, 4318522.343, 102
Trd, 4318524.443, 95
Trd, 4318524.793, 113
Trd, 4318526.943, 104
Trd, 4318527.243, 98
Trd, 4318527.693, 97
Trd, 4318527.843, 106
Trd, 4318531.293, 97
Trd, 4318531.343, 101
Trd, 4318531.393, 97
Trd, 4318532.843, 94
Trd, 4318533.943, 102
Trd, 4318536.943, 94
Trd, 4318537.743, 103
Trd, 4318538.843, 104
Trd, 4318540.643, 92
Trd, 4318541.443, 92
Trd, 4318541.593, 99
Trd, 4318544.843, 92
Trd, 4318545.343, 100
Trd, 4318545.543, 91
Trd, 4318545.993, 104
Trd, 4318548.743, 103
Trd, 4318549.093, 90
Trd, 4318549.443, 98
Trd, 4318549.943, 102
Trd, 4318552.293, 104
Trd, 4318554.043, 89
Trd, 4318556.993, 88
Trd, 4318557.043, 96
Trd, 4318557.843, 104
Trd, 4318558.043, 88
Trd, 4318560.243, 87
Trd, 4318561.093, 95
Trd, 4318561.743, 86
Trd, 4318563.293, 96
Trd, 4318565.743, 101
Trd, 4318566.793, 101
Trd, 4318567.293, 93
Trd, 4318567.343, 86
Trd, 4318567.643, 104
Trd, 4318570.593, 104
Trd, 4318570.793, 92
Trd, 4318570.843, 86
Trd, 4318572.043, 116
Trd, 4318573.893, 109
Trd, 4318574.843, 113
Trd, 4318575.493, 98
Trd, 4318576.743, 95
Trd, 4318577.743, 98
Trd, 4318579.343, 94
Trd, 4318581.143, 96
Trd, 4318581.843, 93
Trd, 4318582.093, 97
Trd, 4318584.743, 97
Trd, 4318586.243, 105
Trd, 4318586.743, 94
Trd, 4318587.343, 100
Trd, 4318589.343, 100
Trd, 4318589.993, 93
Trd, 4318591.043, 90
Trd, 4318591.293, 95
Trd, 4318592.693, 95
Trd, 4318595.393, 105
Trd, 4318596.043, 103
Trd, 4318596.543, 91
Trd, 4318597.343, 97
Trd, 4318598.293, 103
Trd, 4318598.743, 102
Trd, 4318599.493, 102
Trd, 4318601.743, 99
Trd, 4318602.693, 122
Trd, 4318603.243, 91
Trd, 4318604.143, 86
Trd, 4318606.393, 97
Trd, 4318607.193, 102
Trd, 4318607.643, 110
Trd, 4318608.243, 97
Trd, 4318608.343, 96
Trd, 4318611.843, 108
Trd, 4318612.793, 119
Trd, 4318613.593, 114
Trd, 4318615.843, 114
Trd, 4318615.993, 94
Trd, 4318616.693, 98
Trd, 4318616.793, 113
Trd, 4318618.793, 113
Trd, 4318618.993, 110
Trd, 4318621.843, 96
Trd, 4318622.493, 102
Trd, 4318623.393, 103
Trd, 4318627.093, 102
Trd, 4318627.543, 103
Trd, 4318628.243, 100
Trd, 4318628.293, 96
Trd, 4318628.443, 104
Trd, 4318631.643, 103
Trd, 4318631.843, 104
Trd, 4318631.993, 94
Trd, 4318632.993, 94
Trd, 4318634.293, 102
Trd, 4318634.943, 76
Trd, 4318635.843, 104
Trd, 4318637.693, 87
Trd, 4318638.093, 112
Trd, 4318638.543, 106
Trd, 4318639.143, 108
Trd, 4318641.493, 121
Trd, 4318641.643, 111
Trd, 4318641.743, 94
Trd, 4318643.243, 103
Trd, 4318645.393, 102
Trd, 4318647.793, 93
Trd, 4318649.093, 104
Trd, 4318650.143, 97
Trd, 4318650.493, 100
Trd, 4318651.743, 96
Trd, 4318653.343, 122
Trd, 4318653.893, 112
Trd, 4318654.243, 114
Trd, 4318655.743, 103
Trd, 4318657.993, 115
Trd, 4318658.943, 115
Trd, 4318659.193, 113
Trd, 4318661.293, 121
Trd, 4318662.993, 117
Trd, 4318663.493, 114
Trd, 4318666.743, 112
Trd, 4318666.993, 102
Trd, 4318667.743, 115
Trd, 4318671.643, 112
Trd, 4318672.043, 113
Trd, 4318673.643, 100
Trd, 4318675.393, 115
Trd, 4318676.693, 113
Trd, 4318677.343, 110
Trd, 4318678.343, 103
Trd, 4318679.743, 108
Trd, 4318681.593, 93
Trd, 4318682.343, 86
Trd, 4318683.043, 107
Trd, 4318683.293, 105
Trd, 4318685.593, 91
Trd, 4318687.643, 92
Trd, 4318689.743, 97
Trd, 4318689.793, 90
Trd, 4318689.993, 90
Trd, 4318692.293, 122
Trd, 4318692.393, 115
Trd, 4318693.093, 113
Trd, 4318693.243, 98
Trd, 4318694.393, 106
Trd, 4318694.993, 107
Trd, 4318696.943, 87
Trd, 4318698.243, 92
Trd, 4318698.493, 96
Trd, 4318699.143, 108
Trd, 4318699.893, 93
Trd, 4318701.693, 86
Trd, 4318702.393, 101
Trd, 4318703.343, 94
Trd, 4318704.593, 91
Trd, 4318704.993, 102
Trd, 4318706.393, 91
Trd, 4318708.043, 101
Trd, 4318708.543, 90
Trd, 4318709.293, 120
Trd, 4318710.493, 111
Trd, 4318711.043, 113
Trd, 4318715.193, 99
Trd, 4318715.393, 103
Trd, 4318716.893, 104
Trd, 4318716.993, 104
Trd, 4318717.343, 94
Trd, 4318718.943, 104
Trd, 4318720.543, 105
Trd, 4318721.193, 100
Trd, 4318721.393, 105
Trd, 4318722.143, 121
Trd, 4318724.243, 102
Trd, 4318725.143, 106
Trd, 4318726.043, 99
Trd, 4318727.243, 113
Trd, 4318727.543, 94
Trd, 4318729.143, 79
Trd, 4318730.793, 109
Trd, 4318731.043, 99
Trd, 4318733.693, 90
Trd, 4318734.043, 99
Trd, 4318734.643, 90
Trd, 4318735.693, 93
Trd, 4318739.093, 94
Trd, 4318739.493, 94
Trd, 4318739.643, 100
Trd, 4318740.193, 100
Trd, 4318742.493, 104
Trd, 4318744.143, 114
Trd, 4318744.643, 94
Trd, 4318745.193, 93
Trd, 4318746.393, 108
Trd, 4318747.393, 95
Trd, 4318747.843, 104
Trd, 4318749.943, 94
Trd, 4318750.343, 105
Trd, 4318750.593, 94
Trd, 4318751.693, 95
Trd, 4318752.093, 105
Trd, 4318753.543, 95
Trd, 4318754.743, 88
Trd, 4318756.093, 90
Trd, 4318758.543, 90
Trd, 4318759.643, 105
Trd, 4318759.693, 106
Trd, 4318761.193, 104
Trd, 4318761.293, 103
Trd, 4318762.793, 104
Trd, 4318764.843, 103
Trd, 4318765.043, 86
Trd, 4318765.393, 106
Trd, 4318766.543, 95
Trd, 4318767.843, 88
Trd, 4318768.843, 106
Trd, 4318769.543, 106
Trd, 4318769.743, 86
Trd, 4318770.793, 105
Trd, 4318771.343, 87
Trd, 4318773.093, 88
Trd, 4318774.343, 94
Trd, 4318774.393, 98
Trd, 4318776.743, 93
Trd, 4318777.293, 98
Trd, 4318778.843, 100
Trd, 4318780.943, 100
Trd, 4318781.543, 98
Trd, 4318781.743, 94
Trd, 4318783.343, 94
Trd, 4318784.593, 98
Trd, 4318786.343, 93
Trd, 4318786.793, 94
Trd, 4318787.093, 99
Trd, 4318789.793, 94
Trd, 4318791.893, 93
Trd, 4318792.943, 94
Trd, 4318793.293, 91
Trd, 4318793.393, 107
Trd, 4318794.443, 120
Trd, 4318795.493, 113
Trd, 4318795.593, 111
Trd, 4318798.093, 113
Trd, 4318799.143, 122
Trd, 4318799.543, 102
Trd, 4318801.693, 94
Trd, 4318803.643, 99
Trd, 4318805.193, 88
Trd, 4318805.593, 98
Trd, 4318806.093, 113
Trd, 4318808.393, 106
Trd, 4318808.843, 102
Trd, 4318810.043, 108
Trd, 4318811.143, 122
Trd, 4318811.693, 107
Trd, 4318813.743, 102
Trd, 4318816.043, 106
Trd, 4318816.793, 114
Trd, 4318817.443, 113
Trd, 4318820.493, 94
Trd, 4318820.943, 104
Trd, 4318821.593, 102
Trd, 4318821.843, 106
Trd, 4318823.343, 97
Trd, 4318823.593, 106
Trd, 4318825.743, 107
Trd, 4318827.243, 98
Trd, 4318827.443, 97
Trd, 4318828.593, 103
Trd, 4318830.343, 93
Trd, 4318831.543, 95
Trd, 4318832.093, 101
Trd, 4318832.293, 112
Trd, 4318833.693, 86
Trd, 4318834.293, 88
Trd, 4318835.043, 95
Trd, 4318835.443, 90
Trd, 4318838.643, 96
Trd, 4318839.393, 90
Trd, 4318840.593, 89
Trd, 4318842.293, 94
Trd, 4318843.243, 88
Trd, 4318843.443, 96
Trd, 4318845.793, 94
Trd, 4318846.693, 93
Trd, 4318847.743, 95
Trd, 4318849.143, 108
Trd, 4318850.993, 92
Trd, 4318851.743, 92
Trd, 4318853.843, 101
Trd, 4318855.093, 93
Trd, 4318857.193, 91
Trd, 4318857.743, 91
Trd, 4318857.893, 93
Trd, 4318859.493, 94
Trd, 4318861.093, 92
Trd, 4318861.543, 96
Trd, 4318863.293, 91
Trd, 4318863.593, 104
Trd, 4318865.143, 90
Trd, 4318866.293, 89
Trd, 4318866.993, 88
Trd, 4318867.143, 94
Trd, 4318868.993, 87
Trd, 4318869.043, 96
Trd, 4318869.993, 103
Trd, 4318871.743, 97
Trd, 4318872.643, 104
Trd, 4318874.343, 96
Trd, 4318875.043, 93
Trd, 4318875.643, 103
Trd, 4318877.243, 91
Trd, 4318877.293, 97
Trd, 4318878.643, 98
Trd, 4318880.093, 120
Trd, 4318881.043, 96
Trd, 4318881.993, 112
Trd, 4318882.443, 96
Trd, 4318884.843, 97
Trd, 4318887.393, 98
Trd, 4318888.443, 100
Trd, 4318888.843, 97
Trd, 4318891.293, 98
Trd, 4318891.643, 100
Trd, 4318891.693, 104
Trd, 4318894.443, 89
Trd, 4318895.543, 95
Trd, 4318896.243, 102
Trd, 4318897.343, 116
Trd, 4318898.543, 107
Trd, 4318899.293, 105
Trd, 4318900.493, 94
Trd, 4318900.593, 102
Trd, 4318901.993, 120
Trd, 4318903.993, 99
Trd, 4318905.243, 93
Trd, 4318906.293, 95
Trd, 4318907.143, 86
Trd, 4318908.093, 104
Trd, 4318909.143, 113
Trd, 4318910.493, 106
Trd, 4318913.293, 106
Trd, 4318913.343, 105
Trd, 4318913.693, 102
Trd, 4318914.443, 106
Trd, 4318916.193, 88
Trd, 4318916.243, 92
Trd, 4318916.493, 77
Trd, 4318917.243, 98
Trd, 4318919.393, 90
Trd, 4318921.293, 95
Trd, 4318922.043, 91
Trd, 4318922.343, 96
Trd, 4318923.193, 91
Trd, 4318925.893, 95
Trd, 4318925.993, 106
Trd, 4318926.243, 111
Trd, 4318928.093, 78
Trd, 4318928.893, 92
Trd, 4318928.943, 106
Trd, 4318930.643, 91
Trd, 4318931.243, 109
Trd, 4318931.543, 104
Trd, 4318932.993, 90
Trd, 4318933.593, 111
Trd, 4318933.943, 76
Trd, 4318935.393, 102
Trd, 4318936.943, 100
Trd, 4318937.643, 96
Trd, 4318939.393, 97
Trd, 4318939.443, 86
Trd, 4318939.543, 104
Trd, 4318940.793, 121
Trd, 4318941.843, 103
Trd, 4318943.143, 102
Trd, 4318944.393, 105
Trd, 4318944.943, 101
Trd, 4318945.543, 103
Trd, 4318947.643, 104
Trd, 4318948.343, 99
Trd, 4318949.343, 104
Trd, 4318950.093, 94
Trd, 4318950.743, 95
Trd, 4318951.243, 103
Trd, 4318952.643, 104
Trd, 4318954.393, 94
Trd, 4318956.843, 93
Trd, 4318956.893, 104
Trd, 4318959.193, 96
Trd, 4318960.293, 104
Trd, 4318960.443, 97
Trd, 4318961.193, 94
Trd, 4318961.543, 96
Trd, 4318962.493, 98
Trd, 4318966.043, 95
Trd, 4318966.993, 98
Trd, 4318968.043, 94
Trd, 4318969.193, 95
Trd, 4318969.943, 97
Trd, 4318969.993, 94
Trd, 4318971.893, 94
Trd, 4318972.793, 93
Trd, 4318974.443, 96
Trd, 4318975.743, 95
Trd, 4318976.243, 96
Trd, 4318976.343, 97
Trd, 4318977.243, 92
Trd, 4318980.293, 92
Trd, 4318980.643, 94
Trd, 4318981.443, 93
Trd, 4318982.043, 93
Trd, 4318983.793, 91
Trd, 4318983.993, 95
Trd, 4318986.043, 95
Trd, 4318988.493, 91
Trd, 4318989.793, 95
Trd, 4318991.043, 90
Trd, 4318992.343, 95
Trd, 4318992.543, 91
Trd, 4318992.593, 89
Trd, 4318995.993, 95
Trd, 4318996.293, 104
Trd, 4318996.743, 88
Trd, 4318996.943, 87
Trd, 4318998.043, 86
Trd, 4319000.193, 101
Trd, 4319000.643, 101
Trd, 4319000.893, 95
Trd, 4319001.643, 104
Trd, 4319002.743, 93
Trd, 4319004.393, 94
Trd, 4319004.493, 103
Trd, 4319008.793, 92
Trd, 4319010.343, 91
Trd, 4319010.643, 101
Trd, 4319011.843, 101
Trd, 4319013.343, 104
Trd, 4319013.543, 116
Trd, 4319014.093, 91
Trd, 4319015.543, 92
Trd, 4319016.843, 91
Trd, 4319016.993, 110
Trd, 4319018.843, 111
Trd, 4319019.943, 120
Trd, 4319021.543, 96
Trd, 4319021.743, 86
Trd, 4319022.993, 77
Trd, 4319024.243, 110
Trd, 4319025.843, 87
Trd, 4319025.993, 105
Trd, 4319027.793, 121
Trd, 4319028.043, 113
Trd, 4319029.143, 101
Trd, 4319030.093, 95
Trd, 4319030.793, 103
Trd, 4319031.493, 122
Trd, 4319032.393, 77
Trd, 4319034.643, 102
Trd, 4319034.943, 93
Trd, 4319036.793, 91
Trd, 4319037.343, 95
Trd, 4319038.293, 96
Trd, 4319038.893, 93
Trd, 4319041.343, 95
Trd, 4319042.543, 93
Trd, 4319043.093, 96
Trd, 4319044.293, 99
Trd, 4319044.843, 107
Trd, 4319046.893, 113
Trd, 4319046.943, 98
Trd, 4319047.093, 119
Trd, 4319047.943, 94
Trd, 4319048.693, 90
Trd, 4319049.593, 92
Trd, 4319053.043, 93
Trd, 4319053.643, 103
Trd, 4319053.943, 91
Trd, 4319054.343, 105
Trd, 4319056.293, 89
Trd, 4319058.643, 104
Trd, 4319060.593, 97
Trd, 4319061.693, 103
Trd, 4319061.993, 101
Trd, 4319062.693, 94
Trd, 4319063.793, 104
Trd, 4319064.093, 96
Trd, 4319067.193, 99
Trd, 4319067.343, 94
Trd, 4319067.943, 94
Trd, 4319068.693, 98
Trd, 4319068.993, 94
Trd, 4319072.043, 112
Trd, 4319072.493, 104
Trd, 4319073.243, 113
Trd, 4319075.543, 113
Trd, 4319075.743, 122
Trd, 4319076.743, 106
Trd, 4319077.493, 86
Trd, 4319078.193, 97
Trd, 4319079.243, 104
Trd, 4319081.043, 96
Trd, 4319082.593, 104
Trd, 4319083.243, 94
Trd, 4319084.443, 103
Trd, 4319085.143, 77
Trd, 4319085.493, 105
Trd, 4319085.843, 88
Trd, 4319086.993, 95
Trd, 4319088.243, 89
Trd, 4319091.443, 94
Trd, 4319094.093, 95
Trd, 4319094.393, 105
Trd, 4319094.493, 93
Trd, 4319096.093, 82
Trd, 4319096.793, 91
Trd, 4319096.993, 76
Trd, 4319099.343, 86
Trd, 4319099.643, 92
Trd, 4319102.693, 95
Trd, 4319103.743, 89
Trd, 4319103.793, 92
Trd, 4319103.943, 88
Trd, 4319104.443, 87
Trd, 4319106.043, 87
Trd, 4319106.343, 88
Trd, 4319109.793, 96
Trd, 4319111.093, 86
Trd, 4319112.293, 100
Trd, 4319112.893, 93
Trd, 4319113.793, 95
Trd, 4319115.643, 95
Trd, 4319117.343, 94
Trd, 4319118.693, 93
Trd, 4319119.393, 96
Trd, 4319119.943, 92
Trd, 4319123.043, 91
Trd, 4319123.193, 95
Trd, 4319124.093, 90
Trd, 4319124.293, 96
Trd, 4319125.443, 105
Trd, 4319126.293, 90
Trd, 4319127.193, 101
Trd, 4319127.493, 93
Trd, 4319127.893, 104
Trd, 4319128.843, 92
Trd, 4319130.043, 101
Trd, 4319131.093, 113
Trd, 4319131.543, 97
Trd, 4319134.993, 107
Trd, 4319136.043, 102
Trd, 4319136.093, 107
Trd, 4319138.893, 101
Trd, 4319139.193, 94
Trd, 4319139.893, 105
Trd, 4319143.793, 101
Trd, 4319143.943, 103
Trd, 4319145.093, 98
Trd, 4319145.393, 94
Trd, 4319146.043, 104
Trd, 4319146.593, 101
Trd, 4319148.293, 107
Trd, 4319149.393, 105
Trd, 4319150.043, 110
Trd, 4319150.593, 118
Trd, 4319151.293, 122
Trd, 4319151.393, 103
Trd, 4319155.043, 107
Trd, 4319155.343, 102
Trd, 4319156.343, 118
Trd, 4319157.843, 116
Trd, 4319158.793, 100
Trd, 4319159.093, 93
Trd, 4319161.243, 113
Trd, 4319162.943, 104
Trd, 4319163.693, 97
Trd, 4319164.243, 97
Trd, 4319164.843, 94
Trd, 4319165.143, 76
Trd, 4319165.543, 100
Trd, 4319165.693, 89
Trd, 4319167.443, 97
Trd, 4319168.243, 118
Trd, 4319169.793, 111
Trd, 4319171.193, 110
Trd, 4319171.343, 122
Trd, 4319171.693, 103
Trd, 4319175.293, 113
Trd, 4319178.643, 115
Trd, 4319180.093, 113
Trd, 4319181.643, 113
Trd, 4319182.143, 113
Trd, 4319182.293, 101
Trd, 4319183.993, 113
Trd, 4319185.093, 106
Trd, 4319185.943, 109
Trd, 4319186.293, 92
Trd, 4319187.243, 111
Trd, 4319188.393, 98
Trd, 4319188.743, 111
Trd, 4319189.393, 112
Trd, 4319191.643, 112
Trd, 4319193.143, 96
Trd, 4319196.443, 104
Trd, 4319196.643, 98
Trd, 4319197.493, 105
Trd, 4319199.543, 97
Trd, 4319201.543, 105
Trd, 4319202.493, 103
Trd, 4319203.893, 101
Trd, 4319204.093, 96
Trd, 4319205.143, 95
Trd, 4319205.893, 122
Trd, 4319207.293, 93
Trd, 4319209.043, 111
Trd, 4319211.093, 108
Trd, 4319212.143, 106
Trd, 4319214.043, 99
Trd, 4319214.443, 99
Trd, 4319216.593, 101
Trd, 4319217.093, 108
Trd, 4319218.193, 93
Trd, 4319219.943, 104
Trd, 4319220.243, 98
Trd, 4319220.993, 93
Trd, 4319221.943, 86
Trd, 4319224.543, 100
Trd, 4319225.393, 100
Trd, 4319225.793, 104
Trd, 4319226.893, 122
Trd, 4319227.993, 93
Trd, 4319229.943, 112
Trd, 4319230.493, 111
Trd, 4319230.993, 92
Trd, 4319231.343, 86
Trd, 4319232.143, 111
Trd, 4319232.993, 122
Trd, 4319235.193, 91
Trd, 4319236.393, 99
Trd, 4319237.043, 90
Trd, 4319237.593, 90
Trd, 4319239.493, 99
Trd, 4319239.543, 122
Trd, 4319241.593, 90
Trd, 4319241.793, 93
Trd, 4319242.143, 97
Trd, 4319242.793, 106
Trd, 4319243.193, 90
Trd, 4319243.443, 89
Trd, 4319246.343, 95
Trd, 4319247.243, 88
Trd, 4319248.743, 88
Trd, 4319250.443, 92
Trd, 4319251.593, 89
Trd, 4319253.393, 95
Trd, 4319253.543, 87
Trd, 4319254.743, 87
Trd, 4319255.393, 95
Trd, 4319257.443, 96
Trd, 4319258.893, 91
Trd, 4319261.593, 86
Trd, 4319261.893, 97
Trd, 4319262.643, 86
Trd, 4319264.893, 86
Trd, 4319265.043, 93
Trd, 4319266.043, 98
Trd, 4319267.793, 96
Trd, 4319269.243, 108
Trd, 4319269.743, 117
Trd, 4319271.793, 86
Trd, 4319273.143, 109
Trd, 4319275.943, 86
Trd, 4319277.493, 101
Trd, 4319278.593, 86
Trd, 4319280.293, 86
Trd, 4319282.993, 92
Trd, 4319283.993, 90
Trd, 4319284.643, 105
Trd, 4319284.993, 89
Trd, 4319285.793, 87
Trd, 4319288.093, 92
Trd, 4319288.643, 97
Trd, 4319289.893, 106
Trd, 4319290.993, 109
Trd, 4319291.643, 110
Trd, 4319291.793, 100
Trd, 4319292.743, 93
Trd, 4319294.193, 98
Trd, 4319294.893, 96
Trd, 4319296.893, 100
Trd, 4319298.493, 112
Trd, 4319299.593, 106
Trd, 4319300.693, 93
Trd, 4319302.193, 99
Trd, 4319302.993, 75
Trd, 4319304.643, 86
Trd, 4319306.343, 96
Trd, 4319307.243, 96
Trd, 4319307.643, 97
Trd, 4319308.143, 107
Trd, 4319311.293, 121
Trd, 4319311.443, 115
Trd, 4319313.293, 86
Trd, 4319313.393, 107
Trd, 4319314.843, 92
Trd, 4319315.193, 107
Trd, 4319317.693, 107
Trd, 4319319.193, 102
Trd, 4319319.393, 108
Trd, 4319320.643, 113
Trd, 4319321.243, 94
Trd, 4319322.843, 111
Trd, 4319324.843, 111
Trd, 4319325.993, 113
Trd, 4319327.093, 110
Trd, 4319327.143, 98
Trd, 4319330.193, 110
Trd, 4319330.393, 102
Trd, 4319330.993, 109
Trd, 4319331.893, 93
Trd, 4319331.943, 112
Trd, 4319333.343, 87
Trd, 4319335.093, 92
Trd, 4319335.343, 102
Trd, 4319336.343, 91
Trd, 4319336.593, 90
Trd, 4319337.343, 112
Trd, 4319340.093, 106
Trd, 4319340.193, 107
Trd, 4319344.093, 106
Trd, 4319345.293, 103
Trd, 4319345.793, 93
Trd, 4319346.343, 113
Trd, 4319348.093, 103
Trd, 4319349.693, 86
Trd, 4319352.593, 95
Trd, 4319353.043, 100
Trd, 4319353.093, 100
Trd, 4319356.543, 100
Trd, 4319356.893, 95
Trd, 4319357.543, 99
Trd, 4319358.043, 94
Trd, 4319358.793, 122
Trd, 4319359.193, 87
Trd, 4319361.943, 98
Trd, 4319363.343, 97
Trd, 4319365.693, 96
Trd, 4319365.743, 98
Trd, 4319366.193, 104
Trd, 4319366.943, 94
Trd, 4319371.043, 100
Trd, 4319371.743, 94
Trd, 4319371.843, 93
Trd, 4319372.293, 97
Trd, 4319372.843, 97
Trd, 4319373.893, 105
Trd, 4319373.993, 86
Trd, 4319378.243, 112
Trd, 4319379.143, 91
Trd, 4319379.943, 108
Trd, 4319380.343, 105
Trd, 4319383.443, 105
Trd, 4319384.243, 104
Trd, 4319385.693, 101
Trd, 4319386.493, 94
Trd, 4319387.943, 93
Trd, 4319388.543, 95
Trd, 4319390.443, 96
Trd, 4319390.893, 97
Trd, 4319391.693, 105
Trd, 4319392.043, 103
Trd, 4319394.093, 92
Trd, 4319395.193, 90
Trd, 4319398.193, 84
Trd, 4319398.293, 86
Trd, 4319399.893, 92
Trd, 4319401.093, 84
Trd, 4319401.393, 97
Trd, 4319401.493, 82
Trd, 4319402.293, 104
Trd, 4319405.293, 87
Trd, 4319406.093, 93
Trd, 4319406.943, 95
Trd, 4319407.243, 89
Trd, 4319409.693, 105
Trd, 4319409.793, 114
Trd, 4319411.993, 105
Trd, 4319413.293, 109
Trd, 4319414.443, 110
Trd, 4319414.843, 103
Trd, 4319414.943, 94
Trd, 4319416.143, 111
Trd, 4319419.843, 102
Trd, 4319419.893, 110
Trd, 4319422.043, 104
Trd, 4319422.843, 101
Trd, 4319422.993, 93
Trd, 4319423.143, 104
Trd, 4319423.793, 104
Trd, 4319426.543, 93
Trd, 4319428.643, 97
Trd, 4319429.193, 96
Trd, 4319429.493, 99
Trd, 4319430.043, 94
Trd, 4319430.893, 105
Trd, 4319431.443, 95
Trd, 4319431.643, 94
Trd, 4319432.643, 103
Trd, 4319434.493, 107
Trd, 4319434.993, 107
Trd, 4319435.593, 103
Trd, 4319436.443, 117
Trd, 4319438.593, 93
Trd, 4319439.293, 113
Trd, 4319440.693, 92
Trd, 4319441.793, 113
Trd, 4319443.743, 105
Trd, 4319445.643, 121
Trd, 4319445.943, 114
Trd, 4319447.093, 112
Trd, 4319447.993, 98
Trd, 4319450.143, 104
Trd, 4319453.543, 100
Trd, 4319453.793, 100
Trd, 4319453.843, 98
Trd, 4319454.143, 94
Trd, 4319455.043, 89
Trd, 4319455.893, 104
Trd, 4319456.943, 103
Trd, 4319456.993, 74
Trd, 4319459.743, 103
Trd, 4319461.693, 92
Trd, 4319462.193, 103
Trd, 4319462.843, 122
Trd, 4319463.643, 112
Trd, 4319465.243, 109
Trd, 4319465.293, 92
Trd, 4319467.143, 112
Trd, 4319467.493, 109
Trd, 4319471.043, 102
Trd, 4319471.243, 107
Trd, 4319473.743, 100
Trd, 4319475.393, 100
Trd, 4319476.393, 102
Trd, 4319478.593, 98
Trd, 4319479.293, 94
Trd, 4319480.193, 98
Trd, 4319480.943, 104
Trd, 4319482.743, 91
Trd, 4319482.793, 76
Trd, 4319484.393, 92
Trd, 4319484.893, 120
Trd, 4319487.393, 113
Trd, 4319488.093, 100
Trd, 4319489.493, 112
Trd, 4319490.843, 119
Trd, 4319492.143, 115
Trd, 4319492.693, 117
Trd, 4319494.043, 94
Trd, 4319495.493, 113
Trd, 4319497.943, 109
Trd, 4319498.743, 113
Trd, 4319500.743, 111
Trd, 4319502.343, 112
Trd, 4319502.893, 103
Trd, 4319503.093, 86
Trd, 4319504.493, 112
Trd, 4319505.043, 99
Trd, 4319505.343, 113
Trd, 4319507.343, 75
Trd, 4319507.443, 106
Trd, 4319508.543, 100
Trd, 4319508.643, 90
Trd, 4319511.993, 99
Trd, 4319512.593, 95
Trd, 4319513.393, 100
Trd, 4319514.793, 100
Trd, 4319516.943, 122
Trd, 4319518.443, 106
Trd, 4319520.993, 112
Trd, 4319523.343, 104
Trd, 4319524.293, 108
Trd, 4319525.093, 108
Trd, 4319526.193, 102
Trd, 4319526.543, 95
Trd, 4319529.243, 104
Trd, 4319530.243, 97
Trd, 4319531.193, 96
Trd, 4319533.393, 103
Trd, 4319533.993, 105
Trd, 4319534.293, 98
Trd, 4319535.043, 106
Trd, 4319535.893, 94
Trd, 4319537.543, 113
Trd, 4319537.743, 95
Trd, 4319541.293, 98
Trd, 4319541.493, 95
Trd, 4319542.593, 100
Trd, 4319544.243, 98
Trd, 4319545.093, 96
Trd, 4319546.143, 101
Trd, 4319546.993, 94
Trd, 4319548.643, 100
Trd, 4319549.043, 94
Trd, 4319551.343, 99
Trd, 4319551.793, 93
Trd, 4319552.493, 86
Trd, 4319552.843, 105
Trd, 4319553.543, 122
Trd, 4319554.543, 114
Trd, 4319556.493, 113
Trd, 4319556.843, 100
Trd, 4319557.893, 90
Trd, 4319558.843, 103
Trd, 4319559.693, 106
Trd, 4319561.643, 122
Trd, 4319561.793, 106
Trd, 4319564.293, 105
Trd, 4319564.543, 101
Trd, 4319564.743, 106
Trd, 4319565.243, 116
Trd, 4319565.643, 94
Trd, 4319565.843, 86
Trd, 4319568.943, 98
Trd, 4319570.943, 103
Trd, 4319572.643, 103
Trd, 4319575.043, 102
Trd, 4319575.443, 97
Trd, 4319576.343, 96
Trd, 4319576.393, 104
Trd, 4319577.343, 86
Trd, 4319577.543, 80
Trd, 4319580.293, 104
Trd, 4319581.393, 94
Trd, 4319582.843, 104
Trd, 4319583.393, 95
Trd, 4319584.393, 94
Trd, 4319585.493, 97
Trd, 4319586.143, 94
Trd, 4319588.943, 94
Trd, 4319589.543, 105
Trd, 4319590.793, 94
Trd, 4319591.343, 93
Trd, 4319592.693, 89
Trd, 4319592.993, 89
Trd, 4319593.143, 97
Trd, 4319593.643, 105
Trd, 4319595.643, 106
Trd, 4319597.943, 93
Trd, 4319598.093, 89
Trd, 4319599.293, 95
Trd, 4319599.843, 90
Trd, 4319600.493, 95
Trd, 4319600.543, 106
Trd, 4319601.943, 101
Trd, 4319603.643, 113
Trd, 4319603.993, 102
Trd, 4319605.593, 89
Trd, 4319605.793, 108
Trd, 4319605.993, 86
Trd, 4319608.643, 98
Trd, 4319610.243, 104
Trd, 4319611.343, 109
Trd, 4319613.143, 111
Trd, 4319614.043, 111
Trd, 4319614.393, 103
Trd, 4319614.943, 94
Trd, 4319617.743, 113
Trd, 4319618.693, 113
Trd, 4319620.193, 113
Trd, 4319620.643, 93
Trd, 4319621.743, 96
Trd, 4319623.143, 103
Trd, 4319626.093, 100
Trd, 4319626.143, 95
Trd, 4319626.443, 103
Trd, 4319628.693, 94
Trd, 4319628.843, 102
Trd, 4319629.043, 104
Trd, 4319631.243, 92
Trd, 4319635.193, 95
Trd, 4319635.443, 92
Trd, 4319637.293, 104
Trd, 4319638.293, 92
Trd, 4319638.943, 98
Trd, 4319641.543, 99
Trd, 4319642.993, 95
Trd, 4319643.593, 99
Trd, 4319643.793, 104
Trd, 4319644.093, 95
Trd, 4319644.493, 113
Trd, 4319646.193, 94
Trd, 4319646.543, 86
Trd, 4319648.593, 95
Trd, 4319649.443, 91
Trd, 4319649.643, 107
Trd, 4319651.043, 108
Trd, 4319652.093, 112
Trd, 4319653.643, 111
Trd, 4319654.793, 94
Trd, 4319656.193, 89
Trd, 4319657.443, 94
Trd, 4319658.293, 101
Trd, 4319659.093, 104
Trd, 4319659.543, 93
Trd, 4319660.193, 113
Trd, 4319660.593, 117
Trd, 4319665.043, 106
Trd, 4319665.543, 110
Trd, 4319665.993, 102
Trd, 4319667.443, 92
Trd, 4319668.593, 110
Trd, 4319668.993, 102
Trd, 4319669.743, 97
Trd, 4319672.943, 95
Trd, 4319673.543, 96
Trd, 4319675.093, 89
Trd, 4319675.493, 91
Trd, 4319675.543, 86
Trd, 4319676.843, 104
Trd, 4319677.643, 100
Trd, 4319680.243, 97
Trd, 4319681.993, 88
Trd, 4319683.093, 96
Trd, 4319684.693, 104
Trd, 4319685.693, 94
Trd, 4319687.043, 100
Trd, 4319688.293, 93
Trd, 4319688.493, 100
Trd, 4319688.543, 93
Trd, 4319688.693, 96
Trd, 4319690.693, 98
Trd, 4319693.743, 97
Trd, 4319694.543, 93
Trd, 4319694.843, 93
Trd, 4319696.493, 98
Trd, 4319696.793, 99
Trd, 4319699.843, 92
Trd, 4319700.093, 92
Trd, 4319700.143, 104
Trd, 4319702.743, 92
Trd, 4319703.193, 103
Trd, 4319703.343, 122
Trd, 4319705.993, 98
Trd, 4319706.893, 98
Trd, 4319707.743, 111
Trd, 4319708.443, 113
Trd, 4319709.143, 112
Trd, 4319712.743, 110
Trd, 4319713.393, 111
Trd, 4319714.743, 111
Trd, 4319715.293, 112
Trd, 4319715.643, 112
Trd, 4319716.543, 94
Trd, 4319716.943, 86
Trd, 4319718.643, 112
Trd, 4319718.943, 94
Trd, 4319720.393, 111
Trd, 4319722.543, 100
Trd, 4319723.993, 105
Trd, 4319724.343, 99
Trd, 4319724.393, 105
Trd, 4319724.443, 92
Trd, 4319725.793, 105
Trd, 4319725.843, 94
Trd, 4319726.893, 86
Trd, 4319729.493, 89
Trd, 4319729.793, 105
Trd, 4319730.943, 92
Trd, 4319730.993, 103
Trd, 4319732.443, 91
Trd, 4319733.043, 104
Trd, 4319735.543, 103
Trd, 4319736.693, 103
Trd, 4319737.593, 103
Trd, 4319738.993, 101
Trd, 4319739.993, 99
Trd, 4319743.243, 104
Trd, 4319744.143, 99
Trd, 4319744.843, 105
Trd, 4319745.143, 88
Trd, 4319745.493, 86
Trd, 4319747.793, 120
Trd, 4319749.393, 112
Trd, 4319749.593, 103
Trd, 4319749.843, 92
Trd, 4319751.543, 113
Trd, 4319751.843, 113
Trd, 4319751.993, 92
Trd, 4319755.293, 96
Trd, 4319757.093, 96
Trd, 4319757.193, 95
Trd, 4319759.293, 92
Trd, 4319759.643, 107
Trd, 4319761.943, 94
Trd, 4319763.293, 92
Trd, 4319763.743, 97
Trd, 4319763.793, 86
Trd, 4319764.093, 97
Trd, 4319766.243, 107
Trd, 4319767.943, 90
Trd, 4319768.993, 112
Trd, 4319770.743, 95
Trd, 4319771.343, 100
Trd, 4319772.393, 94
Trd, 4319772.843, 86
Trd, 4319773.493, 122
Trd, 4319774.993, 113
Trd, 4319775.843, 94
Trd, 4319776.543, 113
Trd, 4319780.193, 101
Trd, 4319781.093, 100
Trd, 4319781.293, 93
Trd, 4319781.693, 107
Trd, 4319783.843, 93
Trd, 4319783.993, 98
Trd, 4319784.493, 92
Trd, 4319784.793, 105
Trd, 4319785.393, 112
Trd, 4319786.443, 107
Trd, 4319788.043, 107
Trd, 4319789.543, 101
Trd, 4319790.443, 101
Trd, 4319791.943, 93
Trd, 4319793.293, 98
Trd, 4319793.393, 97
Trd, 4319793.593, 106
Trd, 4319793.793, 75
Trd, 4319795.693, 104
Trd, 4319798.093, 120
Trd, 4319798.193, 114
Trd, 4319799.243, 113
Trd, 4319801.293, 89
Trd, 4319801.393, 116
Trd, 4319803.943, 100
Trd, 4319804.793, 95
Trd, 4319805.893, 95
Trd, 4319806.193, 96
Trd, 4319807.493, 93
Trd, 4319807.693, 95
Trd, 4319809.193, 94
Trd, 4319811.793, 95
Trd, 4319812.093, 96
Trd, 4319814.393, 95
Trd, 4319816.543, 93
Trd, 4319816.643, 96
Trd, 4319817.943, 92
Trd, 4319817.993, 104
Trd, 4319819.743, 91
Trd, 4319819.893, 102
Trd, 4319822.593, 91
Trd, 4319823.443, 92
Trd, 4319823.543, 103
Trd, 4319824.493, 113
Trd, 4319825.193, 100
Trd, 4319825.993, 105
Trd, 4319826.543, 122
Trd, 4319827.993, 94
Trd, 4319829.143, 102
Trd, 4319829.843, 105
Trd, 4319831.543, 111
Trd, 4319832.193, 112
Trd, 4319833.693, 112
Trd, 4319834.893, 102
Trd, 4319836.143, 111
Trd, 4319836.893, 109
Trd, 4319837.993, 104
Trd, 4319838.743, 94
Trd, 4319840.493, 110
Trd, 4319841.893, 109
Trd, 4319842.543, 97
Trd, 4319843.193, 95
Trd, 4319843.893, 107
Trd, 4319844.493, 106
Trd, 4319846.193, 96
Trd, 4319846.843, 105
Trd, 4319848.393, 94
Trd, 4319851.093, 103
Trd, 4319852.193, 106
Trd, 4319852.343, 106
Trd, 4319852.893, 102
Trd, 4319854.143, 97
Trd, 4319854.743, 86
Trd, 4319855.443, 87
Trd, 4319856.893, 107
Trd, 4319857.893, 103
Trd, 4319860.393, 101
Trd, 4319861.093, 100
Trd, 4319861.793, 96
Trd, 4319862.143, 94
Trd, 4319864.093, 98
Trd, 4319864.293, 95
Trd, 4319866.043, 106
Trd, 4319866.543, 113
Trd, 4319866.793, 111
Trd, 4319866.843, 94
Trd, 4319871.893, 102
Trd, 4319872.243, 99
Trd, 4319874.193, 104
Trd, 4319874.793, 93
Trd, 4319874.843, 108
Trd, 4319874.943, 122
Trd, 4319875.993, 96
Trd, 4319876.693, 114
Trd, 4319880.393, 114
Trd, 4319880.843, 113
Trd, 4319881.943, 111
Trd, 4319883.343, 113
Trd, 4319884.593, 90
Trd, 4319886.743, 96
Trd, 4319886.793, 105
Trd, 4319888.493, 76
Trd, 4319888.743, 83
Trd, 4319889.193, 101
Trd, 4319890.893, 87
Trd, 4319891.593, 99
Trd, 4319893.293, 82
Trd, 4319894.543, 94
Trd, 4319896.343, 94
Trd, 4319898.293, 91
Trd, 4319898.743, 100
Trd, 4319899.543, 105
Trd, 4319900.793, 109
Trd, 4319901.143, 113
Trd, 4319901.543, 100
Trd, 4319902.693, 106
Trd, 4319904.843, 110
Trd, 4319906.593, 92
Trd, 4319907.343, 98
Trd, 4319908.293, 97
Trd, 4319909.593, 99
Trd, 4319911.843, 99
Trd, 4319912.843, 98
Trd, 4319913.893, 98
Trd, 4319914.693, 94
Trd, 4319915.593, 98
Trd, 4319916.093, 99
Trd, 4319917.993, 99
Trd, 4319920.743, 106
Trd, 4319921.143, 99
Trd, 4319922.493, 99
Trd, 4319922.993, 95
Trd, 4319924.243, 96
Trd, 4319925.093, 101
Trd, 4319926.043, 100
Trd, 4319926.443, 95
Trd, 4319926.693, 101
Trd, 4319929.093, 94
Trd, 4319929.193, 113
Trd, 4319931.243, 100
Trd, 4319932.293, 108
Trd, 4319932.593, 108
Trd, 4319934.243, 93
Trd, 4319935.293, 98
Trd, 4319935.643, 97
Trd, 4319936.393, 94
Trd, 4319937.893, 106
Trd, 4319938.043, 117
Trd, 4319940.643, 93
Trd, 4319942.443, 93
Trd, 4319942.543, 105
Trd, 4319943.193, 90
Trd, 4319944.343, 96
Trd, 4319944.993, 90
Trd, 4319946.593, 78
Trd, 4319947.793, 89
Trd, 4319948.593, 95
Trd, 4319950.793, 91
Trd, 4319954.843, 91
Trd, 4319954.943, 95
Trd, 4319955.243, 90
Trd, 4319955.443, 105
Trd, 4319955.643, 88
Trd, 4319956.943, 98
Trd, 4319957.493, 89
Trd, 4319959.793, 94
Trd, 4319960.743, 98
Trd, 4319961.093, 98
Trd, 4319961.243, 105
Trd, 4319963.543, 93
Trd, 4319963.643, 105
Trd, 4319964.843, 100
Trd, 4319964.993, 98
Trd, 4319965.843, 122
Trd, 4319967.243, 99
Trd, 4319968.993, 99
Trd, 4319969.943, 105
Trd, 4319971.843, 105
Trd, 4319973.743, 106
Trd, 4319974.343, 94
Trd, 4319975.043, 80
Trd, 4319976.143, 88
Trd, 4319979.293, 106
Trd, 4319979.343, 87
Trd, 4319979.843, 87
Trd, 4319980.943, 99
Trd, 4319981.043, 105
Trd, 4319983.843, 96
Trd, 4319984.643, 94
Trd, 4319985.993, 100
Trd, 4319986.243, 92
Trd, 4319986.543, 86
Trd, 4319988.043, 92
Trd, 4319990.343, 89
Trd, 4319990.543, 104
Trd, 4319991.493, 99
Trd, 4319993.293, 113
Trd, 4319993.843, 96
Trd, 4319995.043, 90
Trd, 4319996.843, 108
Trd, 4319997.793, 94
Trd, 4319999.893, 106
