Trd, 4317892.643, 91
Trd, 4317892.793, 104
Trd, 4317893.493, 98
Trd, 4317895.593, 101
Trd, 4317896.543, 101
Trd, 4317897.393, 104
Trd, 4317898.143, 100
Trd, 4317898.743, 100
Trd, 4317900.493, 100
Trd, 4317903.493, 100
Trd, 4317903.793, 103
Trd, 4317904.493, 100
Trd, 4317904.543, 98
Trd, 4317905.943, 98
Trd, 4317907.493, 101
Trd, 4317908.343, 101
Trd, 4317910.543, 103
Trd, 4317910.643, 100
Trd, 4317913.093, 101
Trd, 4317913.643, 102
Trd, 4317913.943, 99
Trd, 4317914.043, 94
Trd, 4317917.393, 96
Trd, 4317917.843, 95
Trd, 4317918.193, 84
Trd, 4317918.643, 68
Trd, 4317920.343, 102
Trd, 4317922.443, 108
Trd, 4317922.743, 110
Trd, 4317923.293, 93
Trd, 4317926.043, 104
Trd, 4317927.793, 103
Trd, 4317928.743, 105
Trd, 4317929.693, 103
Trd, 4317929.743, 101
Trd, 4317931.043, 102
Trd, 4317932.993, 104
Trd, 4317934.543, 104
Trd, 4317934.593, 104
Trd, 4317934.943, 104
Trd, 4317936.693, 103
Trd, 4317937.643, 91
Trd, 4317938.393, 104
Trd, 4317938.643, 98
Trd, 4317941.843, 96
Trd, 4317942.943, 97
Trd, 4317943.193, 100
Trd, 4317944.843, 97
Trd, 4317947.393, 100
Trd, 4317948.043, 99
Trd, 4317950.043, 99
Trd, 4317950.743, 99
Trd, 4317951.543, 99
Trd, 4317951.743, 99
Trd, 4317955.943, 99
Trd, 4317956.793, 97
Trd, 4317957.493, 103
Trd, 4317957.943, 96
Trd, 4317959.393, 99
Trd, 4317960.643, 101
Trd, 4317961.343, 102
Trd, 4317964.193, 99
Trd, 4317965.143, 102
Trd, 4317966.793, 102
Trd, 4317966.893, 98
Trd, 4317967.793, 99
Trd, 4317968.943, 98
Trd, 4317971.443, 97
Trd, 4317973.843, 96
Trd, 4317975.193, 95
Trd, 4317975.943, 95
Trd, 4317978.443, 95
Trd, 4317979.543, 95
Trd, 4317980.443, 105
Trd, 4317981.393, 106
Trd, 4317981.743, 105
Trd, 4317982.043, 104
Trd, 4317983.593, 103
Trd, 4317983.743, 103
Trd, 4317986.643, 103
Trd, 4317988.193, 102
Trd, 4317988.243, 104
Trd, 4317989.843, 96
Trd, 4317991.093, 93
Trd, 4317991.343, 97
Trd, 4317993.393, 96
Trd, 4317994.993, 95
Trd, 4317996.143, 97
Trd, 4317996.343, 94
Trd, 4317997.293, 98
Trd, 4317998.993, 98
Trd, 4318000.443, 98
Trd, 4318000.643, 97
Trd, 4318003.243, 97
Trd, 4318003.843, 94
Trd, 4318004.543, 95
Trd, 4318006.093, 95
Trd, 4318008.593, 94
Trd, 4318009.343, 93
Trd, 4318011.043, 93
Trd, 4318012.093, 92
Trd, 4318013.593, 91
Trd, 4318015.493, 90
Trd, 4318015.593, 91
Trd, 4318018.043, 91
Trd, 4318019.993, 95
Trd, 4318021.893, 104
Trd, 4318022.593, 103
Trd, 4318022.993, 100
Trd, 4318023.143, 96
Trd, 4318024.543, 94
Trd, 4318026.843, 105
Trd, 4318027.943, 104
Trd, 4318031.043, 104
Trd, 4318031.293, 104
Trd, 4318032.043, 104
Trd, 4318032.993, 94
Trd, 4318034.793, 102
Trd, 4318036.093, 100
Trd, 4318036.943, 95
Trd, 4318038.043, 71
Trd, 4318040.243, 90
Trd, 4318041.043, 96
Trd, 4318041.343, 89
Trd, 4318043.793, 90
Trd, 4318044.843, 94
Trd, 4318045.193, 92
Trd, 4318045.293, 91
Trd, 4318051.043, 91
Trd, 4318051.193, 91
Trd, 4318052.343, 92
Trd, 4318052.993, 97
Trd, 4318053.593, 95
Trd, 4318054.493, 96
Trd, 4318056.143, 104
Trd, 4318056.343, 101
Trd, 4318057.543, 105
Trd, 4318057.993, 104
Trd, 4318059.643, 106
Trd, 4318062.493, 108
Trd, 4318063.543, 107
Trd, 4318063.643, 107
Trd, 4318064.093, 106
Trd, 4318065.093, 103
Trd, 4318066.293, 104
Trd, 4318066.943, 103
Trd, 4318067.243, 104
Trd, 4318067.793, 101
Trd, 4318069.693, 104
Trd, 4318069.843, 103
Trd, 4318070.943, 100
Trd, 4318073.193, 104
Trd, 4318073.793, 94
Trd, 4318074.793, 101
Trd, 4318075.593, 97
Trd, 4318076.843, 97
Trd, 4318078.543, 95
Trd, 4318079.143, 95
Trd, 4318079.243, 94
Trd, 4318080.643, 96
Trd, 4318081.793, 93
Trd, 4318084.693, 92
Trd, 4318085.093, 91
Trd, 4318085.943, 91
Trd, 4318089.143, 92
Trd, 4318089.393, 93
Trd, 4318090.093, 104
Trd, 4318091.043, 91
Trd, 4318091.993, 99
Trd, 4318092.793, 99
Trd, 4318093.693, 102
Trd, 4318095.793, 99
Trd, 4318096.643, 97
Trd, 4318098.993, 97
Trd, 4318099.043, 97
Trd, 4318099.343, 99
Trd, 4318101.443, 101
Trd, 4318102.693, 95
Trd, 4318103.743, 94
Trd, 4318103.993, 98
Trd, 4318106.193, 96
Trd, 4318107.693, 95
Trd, 4318109.043, 95
Trd, 4318110.993, 100
Trd, 4318111.843, 94
Trd, 4318113.843, 95
Trd, 4318114.693, 93
Trd, 4318115.993, 92
Trd, 4318116.843, 94
Trd, 4318117.843, 92
Trd, 4318119.093, 93
Trd, 4318119.343, 94
Trd, 4318119.893, 93
Trd, 4318122.843, 93
Trd, 4318123.293, 94
Trd, 4318124.093, 92
Trd, 4318126.193, 92
Trd, 4318127.493, 92
Trd, 4318129.443, 103
Trd, 4318129.693, 95
Trd, 4318130.293, 96
Trd, 4318131.743, 95
Trd, 4318133.343, 102
Trd, 4318134.243, 101
Trd, 4318134.843, 101
Trd, 4318137.443, 101
Trd, 4318138.943, 100
Trd, 4318139.393, 99
Trd, 4318140.093, 101
Trd, 4318142.493, 104
Trd, 4318142.993, 104
Trd, 4318143.893, 103
Trd, 4318145.043, 103
Trd, 4318145.143, 101
Trd, 4318147.843, 102
Trd, 4318149.593, 101
Trd, 4318149.693, 104
Trd, 4318150.193, 103
Trd, 4318150.293, 101
Trd, 4318152.343, 94
Trd, 4318153.543, 96
Trd, 4318154.393, 97
Trd, 4318155.943, 95
Trd, 4318158.293, 98
Trd, 4318159.443, 96
Trd, 4318162.093, 98
Trd, 4318162.593, 97
Trd, 4318163.193, 96
Trd, 4318165.543, 96
Trd, 4318166.293, 96
Trd, 4318166.943, 96
Trd, 4318167.443, 95
Trd, 4318168.743, 104
Trd, 4318171.293, 95
Trd, 4318171.693, 96
Trd, 4318171.793, 99
Trd, 4318173.343, 94
Trd, 4318174.743, 93
Trd, 4318175.143, 98
Trd, 4318176.993, 93
Trd, 4318177.543, 93
Trd, 4318180.093, 98
Trd, 4318180.193, 103
Trd, 4318181.293, 100
Trd, 4318181.793, 95
Trd, 4318182.443, 100
Trd, 4318183.193, 94
Trd, 4318184.393, 97
Trd, 4318186.643, 96
Trd, 4318187.393, 104
Trd, 4318188.093, 95
Trd, 4318188.393, 92
Trd, 4318190.693, 93
Trd, 4318191.943, 92
Trd, 4318193.893, 93
Trd, 4318193.993, 92
Trd, 4318195.493, 93
Trd, 4318195.593, 97
Trd, 4318198.593, 100
Trd, 4318199.343, 95
Trd, 4318201.243, 96
Trd, 4318201.743, 95
Trd, 4318202.343, 103
Trd, 4318202.693, 94
Trd, 4318205.693, 96
Trd, 4318207.993, 95
Trd, 4318208.043, 97
Trd, 4318209.643, 96
Trd, 4318211.743, 96
Trd, 4318211.943, 95
Trd, 4318212.593, 94
Trd, 4318214.243, 98
Trd, 4318215.993, 94
Trd, 4318216.493, 87
Trd, 4318217.993, 95
Trd, 4318219.993, 98
Trd, 4318220.793, 98
Trd, 4318221.243, 104
Trd, 4318223.393, 97
Trd, 4318224.593, 97
Trd, 4318225.393, 96
Trd, 4318227.643, 98
Trd, 4318227.843, 104
Trd, 4318229.143, 97
Trd, 4318229.393, 95
Trd, 4318229.793, 93
Trd, 4318231.993, 93
Trd, 4318233.643, 104
Trd, 4318235.043, 100
Trd, 4318235.443, 100
Trd, 4318237.393, 101
Trd, 4318240.843, 101
Trd, 4318241.143, 102
Trd, 4318241.393, 99
Trd, 4318241.793, 97
Trd, 4318242.693, 93
Trd, 4318244.143, 103
Trd, 4318244.993, 102
Trd, 4318245.343, 102
Trd, 4318247.543, 104
Trd, 4318250.293, 101
Trd, 4318251.193, 103
Trd, 4318251.343, 99
Trd, 4318252.343, 99
Trd, 4318253.643, 103
Trd, 4318254.493, 98
Trd, 4318254.543, 98
Trd, 4318256.543, 100
Trd, 4318256.843, 97
Trd, 4318258.243, 92
Trd, 4318258.943, 101
Trd, 4318261.993, 98
Trd, 4318264.643, 113
Trd, 4318264.793, 112
Trd, 4318265.093, 111
Trd, 4318265.543, 101
Trd, 4318266.443, 104
Trd, 4318266.843, 60
Trd, 4318269.143, 104
Trd, 4318269.793, 96
Trd, 4318270.293, 98
Trd, 4318273.343, 104
Trd, 4318273.993, 104
Trd, 4318275.443, 103
Trd, 4318275.993, 93
Trd, 4318278.943, 102
Trd, 4318279.193, 104
Trd, 4318279.993, 104
Trd, 4318281.793, 109
Trd, 4318281.993, 108
Trd, 4318283.493, 107
Trd, 4318284.693, 107
Trd, 4318287.093, 106
Trd, 4318287.193, 103
Trd, 4318288.693, 99
Trd, 4318289.893, 94
Trd, 4318290.493, 98
Trd, 4318291.293, 99
Trd, 4318293.743, 100
Trd, 4318293.943, 99
Trd, 4318295.193, 101
Trd, 4318295.843, 95
Trd, 4318298.193, 100
Trd, 4318299.143, 98
Trd, 4318300.893, 97
Trd, 4318304.093, 96
Trd, 4318304.893, 96
Trd, 4318305.593, 97
Trd, 4318306.743, 99
Trd, 4318308.793, 98
Trd, 4318308.943, 98
Trd, 4318309.893, 97
Trd, 4318310.443, 98
Trd, 4318310.593, 97
Trd, 4318312.443, 96
Trd, 4318314.543, 98
Trd, 4318314.943, 96
Trd, 4318316.243, 94
Trd, 4318316.693, 95
Trd, 4318317.443, 93
Trd, 4318319.793, 92
Trd, 4318320.643, 90
Trd, 4318320.943, 96
Trd, 4318325.543, 92
Trd, 4318326.593, 93
Trd, 4318326.993, 92
Trd, 4318327.293, 98
Trd, 4318328.193, 100
Trd, 4318330.093, 105
Trd, 4318330.543, 104
Trd, 4318331.743, 103
Trd, 4318332.143, 101
Trd, 4318335.143, 107
Trd, 4318335.743, 105
Trd, 4318335.843, 104
Trd, 4318336.193, 103
Trd, 4318339.793, 106
Trd, 4318341.743, 108
Trd, 4318342.143, 107
Trd, 4318342.293, 105
Trd, 4318343.143, 105
Trd, 4318343.293, 103
Trd, 4318344.443, 104
Trd, 4318347.193, 105
Trd, 4318347.793, 104
Trd, 4318347.943, 104
Trd, 4318349.293, 94
Trd, 4318350.143, 98
Trd, 4318351.543, 97
Trd, 4318352.543, 102
Trd, 4318354.293, 97
Trd, 4318356.043, 93
Trd, 4318356.293, 94
Trd, 4318356.493, 104
Trd, 4318359.843, 97
Trd, 4318360.293, 94
Trd, 4318360.543, 94
Trd, 4318361.193, 104
Trd, 4318363.843, 95
Trd, 4318365.743, 96
Trd, 4318366.493, 95
Trd, 4318366.893, 95
Trd, 4318367.293, 94
Trd, 4318368.043, 95
Trd, 4318370.743, 96
Trd, 4318372.093, 97
Trd, 4318373.793, 97
Trd, 4318374.243, 97
Trd, 4318376.093, 99
Trd, 4318377.393, 97
Trd, 4318378.493, 97
Trd, 4318379.893, 96
Trd, 4318380.793, 96
Trd, 4318382.393, 96
Trd, 4318382.843, 95
Trd, 4318384.243, 84
Trd, 4318385.243, 89
Trd, 4318386.793, 90
Trd, 4318388.493, 89
Trd, 4318389.243, 90
Trd, 4318392.043, 100
Trd, 4318392.543, 89
Trd, 4318393.643, 90
Trd, 4318396.743, 89
Trd, 4318398.043, 90
Trd, 4318398.393, 89
Trd, 4318399.493, 90
Trd, 4318399.543, 104
Trd, 4318400.043, 89
Trd, 4318400.193, 88
Trd, 4318404.293, 94
Trd, 4318405.543, 97
Trd, 4318405.843, 97
Trd, 4318406.993, 95
Trd, 4318407.593, 97
Trd, 4318407.843, 100
Trd, 4318409.943, 103
Trd, 4318412.993, 95
Trd, 4318413.693, 94
Trd, 4318413.793, 94
Trd, 4318415.893, 95
Trd, 4318417.193, 93
Trd, 4318419.143, 97
Trd, 4318420.093, 94
Trd, 4318420.543, 94
Trd, 4318422.293, 94
Trd, 4318423.893, 99
Trd, 4318426.143, 96
Trd, 4318426.693, 95
Trd, 4318428.193, 96
Trd, 4318428.743, 94
Trd, 4318429.393, 97
Trd, 4318430.443, 93
Trd, 4318431.193, 93
Trd, 4318432.443, 93
Trd, 4318433.543, 93
Trd, 4318433.943, 96
Trd, 4318435.943, 70
Trd, 4318437.043, 90
Trd, 4318438.143, 89
Trd, 4318439.243, 89
Trd, 4318442.893, 99
Trd, 4318443.343, 98
Trd, 4318445.143, 97
Trd, 4318445.393, 85
Trd, 4318447.943, 92
Trd, 4318449.993, 95
Trd, 4318450.043, 94
Trd, 4318450.593, 96
Trd, 4318453.293, 96
Trd, 4318453.843, 96
Trd, 4318454.393, 95
Trd, 4318455.043, 96
Trd, 4318455.593, 95
Trd, 4318457.243, 94
Trd, 4318458.493, 96
Trd, 4318460.793, 97
Trd, 4318461.943, 97
Trd, 4318462.993, 100
Trd, 4318464.043, 99
Trd, 4318465.343, 98
Trd, 4318465.993, 97
Trd, 4318466.843, 96
Trd, 4318469.343, 96
Trd, 4318469.843, 99
Trd, 4318469.943, 96
Trd, 4318472.993, 94
Trd, 4318474.043, 95
Trd, 4318475.193, 96
Trd, 4318475.693, 102
Trd, 4318477.993, 94
Trd, 4318478.193, 100
Trd, 4318480.293, 93
Trd, 4318480.943, 94
Trd, 4318482.693, 94
Trd, 4318482.943, 94
Trd, 4318483.893, 97
Trd, 4318486.693, 94
Trd, 4318488.793, 95
Trd, 4318489.343, 94
Trd, 4318490.743, 100
Trd, 4318491.493, 98
Trd, 4318492.543, 96
Trd, 4318493.993, 96
Trd, 4318495.793, 96
Trd, 4318495.993, 97
Trd, 4318496.243, 96
Trd, 4318498.893, 103
Trd, 4318499.943, 101
Trd, 4318500.143, 99
Trd, 4318503.193, 100
Trd, 4318503.393, 104
Trd, 4318503.693, 100
Trd, 4318505.343, 103
Trd, 4318506.193, 99
Trd, 4318508.043, 100
Trd, 4318508.343, 99
Trd, 4318509.393, 101
Trd, 4318510.443, 98
Trd, 4318511.643, 98
Trd, 4318511.693, 95
Trd, 4318514.993, 95
Trd, 4318515.243, 95
Trd, 4318516.993, 94
Trd, 4318518.493, 97
Trd, 4318519.343, 94
Trd, 4318523.893, 94
Trd, 4318525.043, 95
Trd, 4318526.293, 94
Trd, 4318527.943, 92
Trd, 4318528.993, 94
Trd, 4318530.293, 93
Trd, 4318530.543, 94
Trd, 4318532.493, 101
Trd, 4318534.493, 95
Trd, 4318534.893, 96
Trd, 4318535.343, 95
Trd, 4318538.293, 95
Trd, 4318538.393, 98
Trd, 4318539.243, 69
Trd, 4318540.543, 78
Trd, 4318540.693, 79
Trd, 4318544.243, 80
Trd, 4318544.793, 86
Trd, 4318545.693, 86
Trd, 4318546.593, 85
Trd, 4318547.093, 86
Trd, 4318548.493, 88
Trd, 4318549.493, 89
Trd, 4318551.043, 104
Trd, 4318553.043, 89
Trd, 4318554.193, 90
Trd, 4318554.543, 88
Trd, 4318555.143, 87
Trd, 4318556.193, 99
Trd, 4318557.893, 93
Trd, 4318559.893, 88
Trd, 4318561.693, 88
Trd, 4318562.843, 87
Trd, 4318564.643, 87
Trd, 4318567.293, 90
Trd, 4318568.593, 91
Trd, 4318569.293, 87
Trd, 4318572.093, 87
Trd, 4318574.943, 88
Trd, 4318576.593, 87
Trd, 4318576.643, 85
Trd, 4318577.193, 89
Trd, 4318579.893, 92
Trd, 4318582.143, 98
Trd, 4318582.443, 95
Trd, 4318582.693, 94
Trd, 4318584.993, 94
Trd, 4318586.193, 94
Trd, 4318587.093, 100
Trd, 4318587.543, 95
Trd, 4318588.743, 95
Trd, 4318589.943, 96
Trd, 4318590.143, 94
Trd, 4318590.493, 102
Trd, 4318593.743, 96
Trd, 4318594.393, 95
Trd, 4318595.493, 95
Trd, 4318596.993, 94
Trd, 4318598.193, 95
Trd, 4318599.593, 92
Trd, 4318600.993, 95
Trd, 4318601.343, 92
Trd, 4318605.293, 95
Trd, 4318605.743, 96
Trd, 4318607.443, 103
Trd, 4318607.493, 96
Trd, 4318610.393, 101
Trd, 4318610.743, 97
Trd, 4318611.193, 97
Trd, 4318612.693, 94
Trd, 4318613.043, 99
Trd, 4318615.743, 100
Trd, 4318615.943, 96
Trd, 4318618.743, 95
Trd, 4318620.243, 95
Trd, 4318620.543, 94
Trd, 4318621.893, 95
Trd, 4318624.343, 96
Trd, 4318624.993, 94
Trd, 4318626.643, 93
Trd, 4318626.843, 92
Trd, 4318629.843, 91
Trd, 4318630.893, 91
Trd, 4318632.843, 91
Trd, 4318633.193, 90
Trd, 4318634.443, 89
Trd, 4318635.843, 89
Trd, 4318636.943, 89
Trd, 4318638.093, 90
Trd, 4318638.843, 95
Trd, 4318639.393, 88
Trd, 4318639.843, 88
Trd, 4318641.843, 88
Trd, 4318643.243, 90
Trd, 4318643.593, 89
Trd, 4318644.843, 87
Trd, 4318648.093, 95
Trd, 4318648.393, 91
Trd, 4318648.793, 93
Trd, 4318650.343, 104
Trd, 4318650.993, 94
Trd, 4318652.743, 97
Trd, 4318654.543, 96
Trd, 4318655.393, 103
Trd, 4318655.943, 85
Trd, 4318656.893, 94
Trd, 4318658.143, 94
Trd, 4318659.543, 95
Trd, 4318660.743, 94
Trd, 4318660.893, 95
Trd, 4318662.493, 95
Trd, 4318663.593, 95
Trd, 4318663.893, 95
Trd, 4318665.593, 95
Trd, 4318666.643, 92
Trd, 4318667.193, 86
Trd, 4318668.043, 94
Trd, 4318670.843, 99
Trd, 4318672.093, 91
Trd, 4318673.393, 92
Trd, 4318675.393, 93
Trd, 4318675.943, 92
Trd, 4318676.743, 92
Trd, 4318678.043, 94
Trd, 4318681.943, 91
Trd, 4318682.093, 92
Trd, 4318684.393, 93
Trd, 4318684.643, 94
Trd, 4318685.793, 97
Trd, 4318686.793, 103
Trd, 4318686.893, 97
Trd, 4318688.643, 98
Trd, 4318689.943, 97
Trd, 4318691.093, 98
Trd, 4318692.243, 97
Trd, 4318694.393, 94
Trd, 4318695.043, 68
Trd, 4318695.793, 90
Trd, 4318696.943, 95
Trd, 4318698.943, 96
Trd, 4318699.193, 91
Trd, 4318699.393, 90
Trd, 4318700.743, 104
Trd, 4318702.293, 96
Trd, 4318702.943, 96
Trd, 4318703.993, 98
Trd, 4318704.343, 93
Trd, 4318705.593, 100
Trd, 4318706.243, 96
Trd, 4318707.443, 97
Trd, 4318712.593, 98
Trd, 4318712.743, 97
Trd, 4318712.943, 95
Trd, 4318715.243, 97
Trd, 4318715.343, 95
Trd, 4318718.793, 97
Trd, 4318719.343, 94
Trd, 4318719.543, 96
Trd, 4318719.593, 94
Trd, 4318721.493, 94
Trd, 4318723.593, 98
Trd, 4318724.193, 104
Trd, 4318724.293, 97
Trd, 4318725.143, 95
Trd, 4318726.793, 97
Trd, 4318727.543, 97
Trd, 4318727.843, 93
Trd, 4318729.943, 103
Trd, 4318730.443, 96
Trd, 4318731.493, 101
Trd, 4318732.193, 95
Trd, 4318732.593, 94
Trd, 4318734.993, 95
Trd, 4318736.743, 94
Trd, 4318737.443, 95
Trd, 4318737.493, 93
Trd, 4318740.943, 95
Trd, 4318741.743, 95
Trd, 4318742.043, 102
Trd, 4318743.393, 98
Trd, 4318743.893, 98
Trd, 4318746.143, 96
Trd, 4318746.593, 97
Trd, 4318747.943, 96
Trd, 4318748.993, 95
Trd, 4318749.393, 97
Trd, 4318752.643, 94
Trd, 4318752.993, 95
Trd, 4318753.593, 94
Trd, 4318754.743, 95
Trd, 4318758.893, 95
Trd, 4318759.243, 93
Trd, 4318761.043, 95
Trd, 4318761.293, 94
Trd, 4318761.993, 94
Trd, 4318762.343, 96
Trd, 4318764.093, 91
Trd, 4318765.443, 91
Trd, 4318766.593, 94
Trd, 4318769.243, 93
Trd, 4318770.043, 91
Trd, 4318770.643, 91
Trd, 4318772.543, 92
Trd, 4318773.193, 90
Trd, 4318773.743, 88
Trd, 4318776.193, 90
Trd, 4318777.393, 89
Trd, 4318778.793, 85
Trd, 4318780.143, 87
Trd, 4318782.143, 86
Trd, 4318782.393, 87
Trd, 4318784.593, 86
Trd, 4318785.043, 85
Trd, 4318788.893, 91
Trd, 4318789.193, 91
Trd, 4318790.643, 99
Trd, 4318790.693, 93
Trd, 4318793.693, 92
Trd, 4318794.043, 92
Trd, 4318796.443, 94
Trd, 4318797.343, 101
Trd, 4318799.493, 95
Trd, 4318799.693, 95
Trd, 4318801.843, 96
Trd, 4318803.893, 96
Trd, 4318805.043, 95
Trd, 4318805.543, 84
Trd, 4318806.293, 90
Trd, 4318806.793, 95
Trd, 4318807.543, 91
Trd, 4318807.893, 103
Trd, 4318808.743, 88
Trd, 4318811.543, 92
Trd, 4318814.143, 93
Trd, 4318814.793, 92
Trd, 4318815.593, 96
Trd, 4318816.493, 93
Trd, 4318818.143, 93
Trd, 4318818.643, 93
Trd, 4318820.443, 95
Trd, 4318820.643, 96
Trd, 4318823.593, 94
Trd, 4318824.243, 68
Trd, 4318825.643, 95
Trd, 4318829.943, 95
Trd, 4318830.493, 97
Trd, 4318832.393, 96
Trd, 4318832.743, 97
Trd, 4318833.293, 95
Trd, 4318833.343, 94
Trd, 4318837.943, 96
Trd, 4318838.793, 95
Trd, 4318839.343, 95
Trd, 4318839.993, 96
Trd, 4318842.043, 94
Trd, 4318842.143, 94
Trd, 4318843.693, 93
Trd, 4318846.393, 93
Trd, 4318846.543, 93
Trd, 4318847.343, 94
Trd, 4318848.443, 100
Trd, 4318848.943, 104
Trd, 4318849.693, 93
Trd, 4318851.643, 93
Trd, 4318854.443, 98
Trd, 4318855.693, 98
Trd, 4318858.093, 96
Trd, 4318858.893, 94
Trd, 4318859.893, 92
Trd, 4318861.443, 93
Trd, 4318861.593, 94
Trd, 4318863.543, 93
Trd, 4318865.143, 101
Trd, 4318866.193, 93
Trd, 4318867.993, 95
Trd, 4318868.943, 95
Trd, 4318869.693, 95
Trd, 4318869.893, 94
Trd, 4318870.293, 93
Trd, 4318871.393, 94
Trd, 4318872.643, 91
Trd, 4318875.843, 91
Trd, 4318876.093, 90
Trd, 4318876.543, 98
Trd, 4318876.643, 90
Trd, 4318880.893, 95
Trd, 4318882.443, 94
Trd, 4318882.593, 94
Trd, 4318882.893, 94
Trd, 4318883.543, 102
Trd, 4318883.643, 93
Trd, 4318885.993, 103
Trd, 4318891.243, 99
Trd, 4318891.943, 99
Trd, 4318893.693, 98
Trd, 4318894.343, 100
Trd, 4318894.443, 97
Trd, 4318895.043, 94
Trd, 4318899.743, 99
Trd, 4318900.093, 98
Trd, 4318901.143, 97
Trd, 4318902.243, 95
Trd, 4318902.993, 95
Trd, 4318903.293, 98
Trd, 4318907.893, 98
Trd, 4318907.943, 97
Trd, 4318909.443, 97
Trd, 4318910.693, 96
Trd, 4318910.743, 98
Trd, 4318912.493, 98
Trd, 4318913.393, 97
Trd, 4318913.593, 97
Trd, 4318913.893, 97
Trd, 4318914.543, 102
Trd, 4318916.943, 96
Trd, 4318917.793, 95
Trd, 4318918.493, 102
Trd, 4318920.143, 96
Trd, 4318920.993, 96
Trd, 4318921.043, 94
Trd, 4318921.593, 93
Trd, 4318921.893, 96
Trd, 4318926.043, 94
Trd, 4318927.243, 95
Trd, 4318930.793, 94
Trd, 4318931.143, 93
Trd, 4318931.693, 94
Trd, 4318933.493, 93
Trd, 4318934.093, 92
Trd, 4318935.393, 95
Trd, 4318936.093, 104
Trd, 4318936.293, 98
Trd, 4318939.193, 98
Trd, 4318939.993, 98
Trd, 4318940.143, 97
Trd, 4318940.843, 96
Trd, 4318940.993, 97
Trd, 4318941.243, 93
Trd, 4318943.893, 95
Trd, 4318945.343, 95
Trd, 4318947.343, 96
Trd, 4318947.393, 94
Trd, 4318947.893, 99
Trd, 4318950.093, 97
Trd, 4318951.643, 96
Trd, 4318951.693, 96
Trd, 4318952.543, 103
Trd, 4318955.343, 99
Trd, 4318955.593, 99
Trd, 4318956.143, 104
Trd, 4318957.743, 100
Trd, 4318959.443, 99
Trd, 4318959.543, 97
Trd, 4318960.043, 94
Trd, 4318960.393, 85
Trd, 4318961.293, 89
Trd, 4318963.143, 71
Trd, 4318964.593, 87
Trd, 4318965.893, 97
Trd, 4318968.843, 95
Trd, 4318969.493, 101
Trd, 4318970.343, 94
Trd, 4318971.293, 94
Trd, 4318971.443, 94
Trd, 4318972.493, 97
Trd, 4318972.893, 93
Trd, 4318976.843, 94
Trd, 4318977.293, 95
Trd, 4318978.143, 94
Trd, 4318980.393, 95
Trd, 4318983.343, 94
Trd, 4318984.893, 93
Trd, 4318986.543, 93
Trd, 4318986.643, 95
Trd, 4318987.393, 95
Trd, 4318988.043, 95
Trd, 4318989.293, 94
Trd, 4318989.893, 95
Trd, 4318991.193, 104
Trd, 4318991.993, 93
Trd, 4318992.793, 91
Trd, 4318996.643, 96
Trd, 4318997.443, 96
Trd, 4318999.293, 95
Trd, 4318999.943, 94
Trd, 4319003.243, 93
Trd, 4319005.593, 95
Trd, 4319005.793, 94
Trd, 4319006.243, 91
Trd, 4319006.743, 98
Trd, 4319007.543, 92
Trd, 4319008.143, 95
Trd, 4319009.343, 95
Trd, 4319009.443, 95
Trd, 4319012.593, 96
Trd, 4319014.643, 102
Trd, 4319014.693, 95
Trd, 4319014.993, 93
Trd, 4319017.793, 94
Trd, 4319020.543, 95
Trd, 4319020.643, 94
Trd, 4319023.643, 94
Trd, 4319024.193, 95
Trd, 4319025.693, 94
Trd, 4319026.443, 94
Trd, 4319028.193, 97
Trd, 4319030.393, 94
Trd, 4319030.793, 93
Trd, 4319031.693, 93
Trd, 4319032.543, 95
Trd, 4319035.043, 93
Trd, 4319035.993, 94
Trd, 4319037.493, 93
Trd, 4319037.993, 94
Trd, 4319039.493, 93
Trd, 4319043.743, 94
Trd, 4319045.093, 93
Trd, 4319046.443, 94
Trd, 4319048.593, 95
Trd, 4319049.743, 94
Trd, 4319050.343, 95
Trd, 4319050.593, 104
Trd, 4319052.043, 97
Trd, 4319052.193, 97
Trd, 4319052.943, 96
Trd, 4319054.443, 93
Trd, 4319055.193, 85
Trd, 4319055.793, 96
Trd, 4319056.943, 91
Trd, 4319057.293, 99
Trd, 4319057.743, 90
Trd, 4319058.843, 94
Trd, 4319059.143, 93
Trd, 4319063.493, 94
Trd, 4319063.993, 96
Trd, 4319067.893, 99
Trd, 4319069.093, 99
Trd, 4319069.793, 98
Trd, 4319072.243, 101
Trd, 4319072.743, 104
Trd, 4319073.443, 101
Trd, 4319074.843, 101
Trd, 4319075.793, 101
Trd, 4319077.943, 103
Trd, 4319078.893, 101
Trd, 4319080.543, 96
Trd, 4319081.543, 98
Trd, 4319083.093, 102
Trd, 4319086.343, 96
Trd, 4319088.043, 98
Trd, 4319088.743, 95
Trd, 4319089.393, 94
Trd, 4319089.693, 99
Trd, 4319092.693, 98
Trd, 4319093.243, 97
Trd, 4319093.793, 96
Trd, 4319095.293, 104
Trd, 4319095.593, 103
Trd, 4319097.693, 93
Trd, 4319100.193, 104
Trd, 4319100.693, 103
Trd, 4319101.843, 103
Trd, 4319102.343, 102
Trd, 4319103.193, 101
Trd, 4319103.393, 101
Trd, 4319106.493, 102
Trd, 4319107.043, 101
Trd, 4319107.743, 103
Trd, 4319108.293, 100
Trd, 4319111.043, 100
Trd, 4319111.293, 104
Trd, 4319111.893, 104
Trd, 4319112.543, 103
Trd, 4319113.643, 97
Trd, 4319114.143, 97
Trd, 4319115.893, 94
Trd, 4319116.343, 104
Trd, 4319119.743, 97
Trd, 4319120.343, 97
Trd, 4319121.943, 96
Trd, 4319122.293, 95
Trd, 4319122.543, 103
Trd, 4319124.193, 104
Trd, 4319126.443, 103
Trd, 4319128.143, 103
Trd, 4319128.843, 102
Trd, 4319129.243, 102
Trd, 4319131.943, 101
Trd, 4319132.893, 103
Trd, 4319133.293, 102
Trd, 4319135.743, 100
Trd, 4319137.193, 103
Trd, 4319138.943, 101
Trd, 4319139.293, 100
Trd, 4319139.743, 103
Trd, 4319142.193, 97
Trd, 4319143.843, 97
Trd, 4319144.343, 97
Trd, 4319146.343, 95
Trd, 4319146.393, 96
Trd, 4319148.093, 97
Trd, 4319151.393, 96
Trd, 4319151.443, 98
Trd, 4319152.643, 94
Trd, 4319154.143, 94
Trd, 4319156.143, 95
Trd, 4319156.393, 94
Trd, 4319157.293, 94
Trd, 4319159.693, 99
Trd, 4319161.493, 94
Trd, 4319163.293, 95
Trd, 4319165.043, 96
Trd, 4319165.093, 97
Trd, 4319165.493, 96
Trd, 4319167.793, 97
Trd, 4319169.293, 97
Trd, 4319169.643, 96
Trd, 4319172.393, 99
Trd, 4319173.643, 95
Trd, 4319173.993, 94
Trd, 4319174.593, 95
Trd, 4319176.093, 94
Trd, 4319177.593, 96
Trd, 4319177.693, 96
Trd, 4319181.043, 94
Trd, 4319182.243, 96
Trd, 4319182.443, 93
Trd, 4319184.843, 93
Trd, 4319185.093, 92
Trd, 4319185.693, 93
Trd, 4319187.693, 95
Trd, 4319189.293, 96
Trd, 4319189.893, 92
Trd, 4319193.293, 98
Trd, 4319193.343, 97
Trd, 4319193.843, 96
Trd, 4319194.793, 98
Trd, 4319196.493, 96
Trd, 4319196.593, 96
Trd, 4319197.443, 97
Trd, 4319199.793, 97
Trd, 4319201.143, 96
Trd, 4319202.643, 97
Trd, 4319205.643, 95
Trd, 4319205.743, 95
Trd, 4319205.793, 96
Trd, 4319207.043, 97
Trd, 4319209.293, 101
Trd, 4319211.243, 103
Trd, 4319211.643, 104
Trd, 4319212.243, 102
Trd, 4319213.243, 102
Trd, 4319213.293, 94
Trd, 4319215.093, 98
Trd, 4319217.493, 97
Trd, 4319219.493, 93
Trd, 4319219.943, 88
Trd, 4319222.143, 93
Trd, 4319223.343, 91
Trd, 4319224.893, 93
Trd, 4319225.243, 90
Trd, 4319227.443, 99
Trd, 4319227.893, 103
Trd, 4319227.943, 98
Trd, 4319228.343, 98
Trd, 4319230.993, 98
Trd, 4319232.443, 97
Trd, 4319233.943, 94
Trd, 4319234.093, 98
Trd, 4319234.393, 85
Trd, 4319235.643, 103
Trd, 4319238.243, 99
Trd, 4319239.043, 99
Trd, 4319239.493, 97
Trd, 4319240.343, 97
Trd, 4319244.893, 98
Trd, 4319244.993, 100
Trd, 4319247.093, 98
Trd, 4319247.993, 98
Trd, 4319249.193, 97
Trd, 4319250.893, 104
Trd, 4319251.293, 97
Trd, 4319251.743, 97
Trd, 4319253.643, 99
Trd, 4319255.043, 97
Trd, 4319255.343, 100
Trd, 4319257.243, 101
Trd, 4319257.743, 99
Trd, 4319259.593, 100
Trd, 4319260.043, 101
Trd, 4319260.193, 99
Trd, 4319261.793, 99
Trd, 4319262.293, 85
Trd, 4319262.843, 90
Trd, 4319263.943, 102
Trd, 4319265.593, 95
Trd, 4319266.743, 95
Trd, 4319267.893, 95
Trd, 4319267.943, 100
Trd, 4319270.093, 96
Trd, 4319271.293, 101
Trd, 4319273.093, 104
Trd, 4319273.993, 102
Trd, 4319274.343, 93
Trd, 4319275.393, 96
Trd, 4319277.593, 104
Trd, 4319279.743, 104
Trd, 4319280.743, 98
Trd, 4319281.493, 101
Trd, 4319281.543, 99
Trd, 4319283.893, 99
Trd, 4319283.993, 98
Trd, 4319284.493, 101
Trd, 4319285.643, 98
Trd, 4319289.193, 99
Trd, 4319289.293, 100
Trd, 4319289.843, 102
Trd, 4319291.193, 102
Trd, 4319292.543, 94
Trd, 4319294.243, 99
Trd, 4319296.193, 101
Trd, 4319298.393, 99
Trd, 4319299.343, 101
Trd, 4319301.093, 103
Trd, 4319301.493, 101
Trd, 4319301.793, 100
Trd, 4319302.193, 99
Trd, 4319303.193, 97
Trd, 4319304.293, 95
Trd, 4319307.243, 91
Trd, 4319307.343, 93
Trd, 4319307.793, 101
Trd, 4319309.643, 94
Trd, 4319311.393, 96
Trd, 4319312.393, 96
Trd, 4319312.543, 98
Trd, 4319314.093, 95
Trd, 4319315.143, 96
Trd, 4319316.443, 96
Trd, 4319317.493, 95
Trd, 4319317.593, 95
Trd, 4319319.343, 84
Trd, 4319321.343, 96
Trd, 4319322.093, 96
Trd, 4319322.443, 95
Trd, 4319324.593, 95
Trd, 4319325.743, 95
Trd, 4319326.243, 96
Trd, 4319326.693, 94
Trd, 4319326.943, 92
Trd, 4319328.643, 92
Trd, 4319329.043, 91
Trd, 4319330.593, 97
Trd, 4319332.393, 95
Trd, 4319333.543, 95
Trd, 4319335.393, 95
Trd, 4319337.143, 95
Trd, 4319338.343, 94
Trd, 4319339.343, 94
Trd, 4319339.793, 96
Trd, 4319343.043, 94
Trd, 4319343.893, 94
Trd, 4319345.443, 93
Trd, 4319346.143, 95
Trd, 4319347.043, 97
Trd, 4319347.443, 104
Trd, 4319347.543, 96
Trd, 4319350.343, 95
Trd, 4319350.993, 101
Trd, 4319351.693, 95
Trd, 4319354.593, 95
Trd, 4319357.243, 94
Trd, 4319357.343, 94
Trd, 4319357.493, 98
Trd, 4319360.593, 107
Trd, 4319361.193, 106
Trd, 4319361.743, 105
Trd, 4319363.243, 104
Trd, 4319364.943, 102
Trd, 4319367.093, 103
Trd, 4319369.143, 104
Trd, 4319371.443, 103
Trd, 4319371.593, 103
Trd, 4319372.643, 102
Trd, 4319373.743, 104
Trd, 4319375.093, 94
Trd, 4319375.493, 99
Trd, 4319376.593, 98
Trd, 4319377.393, 67
Trd, 4319378.043, 97
Trd, 4319379.893, 84
Trd, 4319380.693, 94
Trd, 4319383.593, 93
Trd, 4319383.643, 85
Trd, 4319384.443, 84
Trd, 4319388.993, 90
Trd, 4319389.443, 90
Trd, 4319389.793, 90
Trd, 4319390.093, 96
Trd, 4319390.193, 90
Trd, 4319391.243, 97
Trd, 4319396.743, 101
Trd, 4319397.493, 99
Trd, 4319397.693, 99
Trd, 4319400.593, 97
Trd, 4319401.393, 97
Trd, 4319402.493, 98
Trd, 4319403.643, 104
Trd, 4319403.743, 96
Trd, 4319406.193, 85
Trd, 4319408.143, 102
Trd, 4319408.293, 98
Trd, 4319410.893, 100
Trd, 4319411.143, 99
Trd, 4319411.943, 98
Trd, 4319412.243, 97
Trd, 4319414.543, 99
Trd, 4319416.593, 99
Trd, 4319417.943, 101
Trd, 4319419.043, 101
Trd, 4319419.993, 95
Trd, 4319420.093, 94
Trd, 4319421.743, 98
Trd, 4319422.743, 96
Trd, 4319422.793, 96
Trd, 4319424.193, 95
Trd, 4319425.743, 84
Trd, 4319427.593, 95
Trd, 4319428.293, 94
Trd, 4319429.843, 94
Trd, 4319430.193, 95
Trd, 4319431.643, 94
Trd, 4319432.243, 95
Trd, 4319433.543, 93
Trd, 4319434.093, 96
Trd, 4319437.593, 96
Trd, 4319437.843, 92
Trd, 4319438.593, 91
Trd, 4319441.443, 95
Trd, 4319442.293, 94
Trd, 4319443.443, 103
Trd, 4319445.643, 99
Trd, 4319445.793, 98
Trd, 4319448.243, 103
Trd, 4319449.793, 104
Trd, 4319450.493, 106
Trd, 4319451.193, 106
Trd, 4319451.243, 103
Trd, 4319453.593, 105
Trd, 4319453.843, 105
Trd, 4319454.193, 94
Trd, 4319456.343, 100
Trd, 4319457.793, 98
Trd, 4319458.443, 83
Trd, 4319460.293, 100
Trd, 4319463.393, 103
Trd, 4319464.093, 103
Trd, 4319464.993, 101
Trd, 4319465.393, 100
Trd, 4319467.043, 100
Trd, 4319467.143, 99
Trd, 4319468.843, 95
Trd, 4319469.643, 98
Trd, 4319470.243, 104
Trd, 4319471.243, 102
Trd, 4319471.543, 96
Trd, 4319473.993, 99
Trd, 4319475.193, 98
Trd, 4319476.843, 97
Trd, 4319476.993, 96
Trd, 4319477.493, 95
Trd, 4319478.543, 97
Trd, 4319479.693, 96
Trd, 4319480.643, 95
Trd, 4319482.893, 94
Trd, 4319483.243, 96
Trd, 4319485.893, 94
Trd, 4319486.693, 95
Trd, 4319488.693, 94
Trd, 4319488.843, 94
Trd, 4319490.643, 95
Trd, 4319491.193, 96
Trd, 4319491.893, 97
Trd, 4319491.993, 95
Trd, 4319495.143, 95
Trd, 4319495.193, 95
Trd, 4319496.243, 94
Trd, 4319497.743, 94
Trd, 4319498.393, 97
Trd, 4319501.093, 95
Trd, 4319502.543, 94
Trd, 4319504.943, 94
Trd, 4319505.193, 95
Trd, 4319506.093, 93
Trd, 4319508.893, 95
Trd, 4319509.343, 94
Trd, 4319509.993, 95
Trd, 4319511.393, 93
Trd, 4319511.593, 93
Trd, 4319512.693, 95
Trd, 4319514.393, 94
Trd, 4319516.343, 99
Trd, 4319516.643, 94
Trd, 4319518.243, 93
Trd, 4319519.393, 93
Trd, 4319521.643, 95
Trd, 4319522.093, 98
Trd, 4319524.343, 94
Trd, 4319525.593, 93
Trd, 4319525.693, 93
Trd, 4319527.293, 94
Trd, 4319528.043, 94
Trd, 4319528.893, 93
Trd, 4319529.493, 93
Trd, 4319531.193, 95
Trd, 4319531.643, 95
Trd, 4319533.043, 95
Trd, 4319534.593, 94
Trd, 4319535.993, 97
Trd, 4319536.143, 95
Trd, 4319537.393, 104
Trd, 4319538.443, 102
Trd, 4319540.793, 99
Trd, 4319541.143, 94
Trd, 4319542.093, 99
Trd, 4319542.993, 100
Trd, 4319544.693, 99
Trd, 4319544.943, 96
Trd, 4319545.393, 94
Trd, 4319548.543, 94
Trd, 4319549.943, 94
Trd, 4319550.643, 94
Trd, 4319551.043, 94
Trd, 4319553.243, 93
Trd, 4319553.643, 92
Trd, 4319554.293, 90
Trd, 4319555.643, 100
Trd, 4319557.843, 95
Trd, 4319561.543, 98
Trd, 4319562.193, 103
Trd, 4319563.193, 99
Trd, 4319563.343, 98
Trd, 4319563.443, 97
Trd, 4319566.093, 97
Trd, 4319566.343, 96
Trd, 4319567.443, 89
Trd, 4319569.543, 93
Trd, 4319569.843, 93
Trd, 4319570.293, 94
Trd, 4319573.593, 93
Trd, 4319575.543, 92
Trd, 4319576.343, 91
Trd, 4319578.243, 92
Trd, 4319579.293, 91
Trd, 4319580.293, 90
Trd, 4319580.393, 90
Trd, 4319582.793, 91
Trd, 4319583.143, 90
Trd, 4319585.593, 93
Trd, 4319586.693, 97
Trd, 4319587.293, 93
Trd, 4319588.193, 104
Trd, 4319590.193, 101
Trd, 4319591.043, 100
Trd, 4319592.693, 96
Trd, 4319593.993, 97
Trd, 4319594.243, 97
Trd, 4319595.243, 92
Trd, 4319595.793, 86
Trd, 4319598.243, 96
Trd, 4319599.393, 90
Trd, 4319602.743, 91
Trd, 4319603.393, 91
Trd, 4319604.143, 101
Trd, 4319604.193, 90
Trd, 4319605.743, 94
Trd, 4319608.443, 99
Trd, 4319609.593, 98
Trd, 4319609.643, 99
Trd, 4319610.343, 98
Trd, 4319611.843, 98
Trd, 4319612.793, 98
Trd, 4319613.443, 96
Trd, 4319614.493, 94
Trd, 4319615.093, 97
Trd, 4319615.493, 85
Trd, 4319617.293, 92
Trd, 4319618.943, 94
Trd, 4319622.243, 93
Trd, 4319622.293, 93
Trd, 4319623.193, 93
Trd, 4319624.143, 94
Trd, 4319624.743, 92
Trd, 4319627.743, 94
Trd, 4319629.393, 95
Trd, 4319629.793, 94
Trd, 4319630.993, 94
Trd, 4319631.493, 95
Trd, 4319631.543, 93
Trd, 4319633.043, 95
Trd, 4319633.693, 93
Trd, 4319634.793, 92
Trd, 4319635.643, 93
Trd, 4319637.593, 98
Trd, 4319638.693, 96
Trd, 4319638.743, 95
Trd, 4319639.243, 85
Trd, 4319641.593, 95
Trd, 4319641.893, 90
Trd, 4319645.343, 98
Trd, 4319646.943, 101
Trd, 4319647.493, 100
Trd, 4319648.643, 97
Trd, 4319649.193, 97
Trd, 4319650.343, 96
Trd, 4319651.193, 94
Trd, 4319651.543, 100
Trd, 4319653.693, 95
Trd, 4319655.843, 95
Trd, 4319657.043, 94
Trd, 4319657.743, 94
Trd, 4319658.093, 95
Trd, 4319659.193, 95
Trd, 4319660.393, 93
Trd, 4319661.743, 95
Trd, 4319662.793, 94
Trd, 4319667.393, 97
Trd, 4319668.193, 94
Trd, 4319668.693, 94
Trd, 4319669.743, 94
Trd, 4319672.043, 95
Trd, 4319673.693, 97
Trd, 4319673.943, 96
Trd, 4319675.943, 95
Trd, 4319676.793, 94
Trd, 4319679.143, 95
Trd, 4319680.693, 95
Trd, 4319681.243, 95
Trd, 4319682.343, 97
Trd, 4319683.793, 98
Trd, 4319684.043, 97
Trd, 4319684.593, 102
Trd, 4319684.793, 97
Trd, 4319686.893, 103
Trd, 4319688.393, 104
Trd, 4319688.543, 101
Trd, 4319689.543, 101
Trd, 4319690.343, 100
Trd, 4319692.593, 85
Trd, 4319693.193, 103
Trd, 4319694.593, 95
Trd, 4319695.193, 95
Trd, 4319696.393, 94
Trd, 4319696.693, 104
Trd, 4319699.993, 97
Trd, 4319701.293, 95
Trd, 4319703.843, 96
Trd, 4319703.993, 99
Trd, 4319704.043, 96
Trd, 4319706.443, 104
Trd, 4319706.943, 99
Trd, 4319707.393, 98
Trd, 4319708.443, 96
Trd, 4319709.693, 96
Trd, 4319711.143, 96
Trd, 4319711.943, 96
Trd, 4319712.293, 95
Trd, 4319715.043, 97
Trd, 4319715.693, 95
Trd, 4319717.643, 97
Trd, 4319718.443, 95
Trd, 4319720.043, 96
Trd, 4319720.793, 95
Trd, 4319723.843, 74
Trd, 4319724.793, 99
Trd, 4319725.943, 93
Trd, 4319727.193, 95
Trd, 4319727.643, 95
Trd, 4319727.743, 93
Trd, 4319730.293, 104
Trd, 4319730.343, 92
Trd, 4319731.193, 95
Trd, 4319731.843, 92
Trd, 4319731.943, 84
Trd, 4319734.693, 94
Trd, 4319736.093, 89
Trd, 4319736.243, 88
Trd, 4319740.743, 93
Trd, 4319741.143, 92
Trd, 4319742.243, 91
Trd, 4319743.543, 92
Trd, 4319744.843, 91
Trd, 4319745.843, 92
Trd, 4319747.693, 94
Trd, 4319748.693, 93
Trd, 4319750.293, 93
Trd, 4319751.343, 98
Trd, 4319751.593, 93
Trd, 4319754.543, 95
Trd, 4319754.793, 94
Trd, 4319756.043, 95
Trd, 4319756.743, 92
Trd, 4319758.093, 90
Trd, 4319760.993, 92
Trd, 4319761.043, 94
Trd, 4319762.593, 92
Trd, 4319763.143, 94
Trd, 4319765.293, 92
Trd, 4319765.993, 94
Trd, 4319769.193, 94
Trd, 4319769.243, 93
Trd, 4319770.393, 95
Trd, 4319770.443, 94
Trd, 4319771.493, 94
Trd, 4319773.343, 98
Trd, 4319773.543, 102
Trd, 4319776.343, 101
Trd, 4319776.643, 102
Trd, 4319779.343, 100
Trd, 4319779.693, 99
Trd, 4319780.043, 85
Trd, 4319780.793, 95
Trd, 4319782.843, 93
Trd, 4319783.893, 93
Trd, 4319785.893, 92
Trd, 4319786.893, 91
Trd, 4319787.343, 103
Trd, 4319787.843, 104
Trd, 4319790.393, 98
Trd, 4319790.843, 98
Trd, 4319791.343, 96
Trd, 4319791.693, 94
Trd, 4319791.993, 99
Trd, 4319795.493, 96
Trd, 4319796.443, 96
Trd, 4319796.893, 93
Trd, 4319797.443, 85
Trd, 4319800.243, 93
Trd, 4319800.993, 91
Trd, 4319802.693, 92
Trd, 4319804.393, 91
Trd, 4319805.643, 90
Trd, 4319806.293, 92
Trd, 4319806.443, 90
Trd, 4319810.743, 91
Trd, 4319811.743, 90
Trd, 4319812.943, 91
Trd, 4319814.993, 94
Trd, 4319815.043, 93
Trd, 4319816.093, 95
Trd, 4319817.643, 94
Trd, 4319820.843, 94
Trd, 4319821.393, 93
Trd, 4319821.943, 103
Trd, 4319822.243, 102
Trd, 4319823.643, 104
Trd, 4319824.893, 104
Trd, 4319825.393, 102
Trd, 4319826.243, 102
Trd, 4319828.443, 105
Trd, 4319829.493, 104
Trd, 4319831.443, 103
Trd, 4319832.543, 104
Trd, 4319833.393, 103
Trd, 4319833.743, 103
Trd, 4319835.343, 106
Trd, 4319837.143, 105
Trd, 4319839.243, 106
Trd, 4319839.893, 106
Trd, 4319840.143, 106
Trd, 4319841.143, 104
Trd, 4319841.943, 106
Trd, 4319842.343, 106
Trd, 4319844.543, 106
Trd, 4319844.743, 105
Trd, 4319846.493, 104
Trd, 4319848.193, 105
Trd, 4319849.943, 104
Trd, 4319851.443, 104
Trd, 4319851.743, 102
Trd, 4319853.293, 100
Trd, 4319854.293, 100
Trd, 4319855.143, 101
Trd, 4319856.843, 100
Trd, 4319857.843, 102
Trd, 4319859.593, 93
Trd, 4319861.493, 97
Trd, 4319862.243, 95
Trd, 4319862.643, 68
Trd, 4319863.043, 78
Trd, 4319863.443, 98
Trd, 4319863.543, 83
Trd, 4319866.343, 103
Trd, 4319866.393, 102
Trd, 4319867.493, 102
Trd, 4319867.843, 98
Trd, 4319868.293, 104
Trd, 4319871.393, 95
Trd, 4319872.193, 94
Trd, 4319872.593, 83
Trd, 4319873.493, 92
Trd, 4319875.543, 91
Trd, 4319875.793, 91
Trd, 4319876.593, 92
Trd, 4319877.293, 104
Trd, 4319878.443, 92
Trd, 4319879.643, 85
Trd, 4319880.043, 72
Trd, 4319883.543, 87
Trd, 4319884.593, 102
Trd, 4319886.993, 86
Trd, 4319887.443, 85
Trd, 4319889.443, 90
Trd, 4319891.043, 91
Trd, 4319891.143, 90
Trd, 4319891.243, 94
Trd, 4319891.893, 89
Trd, 4319895.443, 104
Trd, 4319895.543, 100
Trd, 4319896.743, 101
Trd, 4319897.693, 101
Trd, 4319899.143, 102
Trd, 4319900.743, 93
Trd, 4319901.543, 70
Trd, 4319902.193, 89
Trd, 4319902.343, 96
Trd, 4319906.543, 95
Trd, 4319907.743, 97
Trd, 4319908.093, 100
Trd, 4319908.293, 96
Trd, 4319909.393, 95
Trd, 4319910.543, 94
Trd, 4319912.193, 94
Trd, 4319913.243, 96
Trd, 4319913.893, 96
Trd, 4319916.443, 96
Trd, 4319916.843, 95
Trd, 4319919.843, 98
Trd, 4319919.943, 104
Trd, 4319920.743, 98
Trd, 4319921.743, 95
Trd, 4319922.843, 96
Trd, 4319925.293, 98
Trd, 4319926.393, 98
Trd, 4319927.843, 98
Trd, 4319928.093, 98
Trd, 4319928.143, 104
Trd, 4319929.693, 97
Trd, 4319929.943, 94
Trd, 4319932.193, 97
Trd, 4319933.293, 98
Trd, 4319935.043, 101
Trd, 4319935.093, 97
Trd, 4319937.393, 97
Trd, 4319938.243, 97
Trd, 4319939.493, 97
Trd, 4319940.493, 97
Trd, 4319941.943, 98
Trd, 4319943.193, 97
Trd, 4319943.893, 97
Trd, 4319944.593, 97
Trd, 4319945.593, 96
Trd, 4319946.743, 97
Trd, 4319947.243, 95
Trd, 4319950.343, 94
Trd, 4319950.393, 104
Trd, 4319952.293, 95
Trd, 4319953.493, 97
Trd, 4319953.993, 94
Trd, 4319954.093, 94
Trd, 4319956.543, 94
Trd, 4319956.993, 95
Trd, 4319958.543, 103
Trd, 4319959.193, 99
Trd, 4319959.993, 98
Trd, 4319961.743, 104
Trd, 4319962.393, 103
Trd, 4319963.493, 101
Trd, 4319964.893, 102
Trd, 4319966.243, 93
Trd, 4319967.593, 101
Trd, 4319967.693, 104
Trd, 4319968.593, 100
Trd, 4319969.443, 100
Trd, 4319970.293, 99
Trd, 4319970.793, 85
Trd, 4319973.593, 97
Trd, 4319975.243, 98
Trd, 4319976.693, 98
Trd, 4319978.193, 100
Trd, 4319978.293, 99
Trd, 4319978.443, 102
Trd, 4319981.493, 101
Trd, 4319981.593, 100
Trd, 4319983.793, 101
Trd, 4319986.043, 101
Trd, 4319986.293, 100
Trd, 4319986.843, 99
Trd, 4319987.043, 99
Trd, 4319989.243, 103
Trd, 4319989.543, 102
Trd, 4319991.793, 102
Trd, 4319994.693, 101
Trd, 4319995.443, 101
Trd, 4319995.943, 100
Trd, 4319997.693, 93
Trd, 4319998.443, 97
Trd, 4319999.443, 102
