Trd, 4317894.393, 99
Trd, 4317895.593, 99
Trd, 4317896.093, 100
Trd, 4317898.693, 99
Trd, 4317898.793, 100
Trd, 4317901.443, 101
Trd, 4317901.993, 104
Trd, 4317902.393, 101
Trd, 4317904.493, 101
Trd, 4317905.743, 102
Trd, 4317906.493, 100
Trd, 4317909.893, 101
Trd, 4317910.293, 102
Trd, 4317912.193, 101
Trd, 4317912.693, 102
Trd, 4317914.693, 101
Trd, 4317915.093, 100
Trd, 4317916.643, 98
Trd, 4317917.643, 102
Trd, 4317919.043, 99
Trd, 4317921.343, 99
Trd, 4317921.593, 100
Trd, 4317922.293, 99
Trd, 4317924.243, 99
Trd, 4317924.993, 99
Trd, 4317925.143, 99
Trd, 4317926.743, 101
Trd, 4317929.443, 100
Trd, 4317929.693, 101
Trd, 4317930.993, 99
Trd, 4317932.893, 100
Trd, 4317935.043, 98
Trd, 4317935.743, 99
Trd, 4317935.843, 101
Trd, 4317935.943, 97
Trd, 4317938.493, 100
Trd, 4317940.243, 100
Trd, 4317940.893, 99
Trd, 4317942.993, 99
Trd, 4317943.193, 99
Trd, 4317944.143, 97
Trd, 4317946.993, 95
Trd, 4317949.293, 90
Trd, 4317949.893, 89
Trd, 4317950.593, 90
Trd, 4317954.443, 95
Trd, 4317954.793, 94
Trd, 4317954.993, 93
Trd, 4317955.643, 96
Trd, 4317958.293, 102
Trd, 4317958.843, 102
Trd, 4317959.293, 99
Trd, 4317961.043, 99
Trd, 4317962.093, 101
Trd, 4317963.143, 101
Trd, 4317963.943, 104
Trd, 4317965.043, 102
Trd, 4317966.843, 102
Trd, 4317968.093, 103
Trd, 4317968.343, 103
Trd, 4317969.793, 102
Trd, 4317972.243, 102
Trd, 4317973.543, 85
Trd, 4317976.743, 103
Trd, 4317978.193, 100
Trd, 4317978.393, 98
Trd, 4317980.793, 101
Trd, 4317982.243, 100
Trd, 4317982.543, 99
Trd, 4317983.143, 99
Trd, 4317985.393, 99
Trd, 4317985.443, 98
Trd, 4317986.693, 100
Trd, 4317988.693, 100
Trd, 4317989.393, 98
Trd, 4317989.443, 98
Trd, 4317991.443, 95
Trd, 4317991.793, 98
Trd, 4317994.243, 97
Trd, 4317994.843, 95
Trd, 4317995.343, 94
Trd, 4317995.743, 95
Trd, 4317999.143, 95
Trd, 4317999.643, 95
Trd, 4317999.693, 95
Trd, 4318000.943, 95
Trd, 4318001.643, 96
Trd, 4318003.893, 95
Trd, 4318004.143, 96
Trd, 4318006.443, 95
Trd, 4318007.993, 97
Trd, 4318008.393, 94
Trd, 4318009.293, 94
Trd, 4318009.843, 94
Trd, 4318010.093, 93
Trd, 4318011.093, 95
Trd, 4318012.693, 95
Trd, 4318013.643, 104
Trd, 4318013.743, 94
Trd, 4318014.643, 96
Trd, 4318015.843, 98
Trd, 4318017.443, 99
Trd, 4318019.143, 104
Trd, 4318020.893, 101
Trd, 4318023.543, 99
Trd, 4318024.343, 98
Trd, 4318024.493, 95
Trd, 4318025.543, 101
Trd, 4318027.693, 98
Trd, 4318027.943, 99
Trd, 4318030.143, 99
Trd, 4318031.093, 98
Trd, 4318032.593, 96
Trd, 4318032.993, 97
Trd, 4318034.093, 97
Trd, 4318035.293, 99
Trd, 4318035.793, 99
Trd, 4318036.743, 104
Trd, 4318037.643, 97
Trd, 4318040.043, 100
Trd, 4318040.493, 98
Trd, 4318041.193, 99
Trd, 4318042.243, 100
Trd, 4318044.243, 99
Trd, 4318045.043, 98
Trd, 4318045.943, 101
Trd, 4318046.443, 100
Trd, 4318047.543, 99
Trd, 4318048.543, 100
Trd, 4318050.893, 99
Trd, 4318052.393, 100
Trd, 4318052.993, 101
Trd, 4318053.943, 101
Trd, 4318055.343, 95
Trd, 4318055.643, 104
Trd, 4318060.593, 99
Trd, 4318060.993, 98
Trd, 4318061.793, 96
Trd, 4318063.293, 97
Trd, 4318063.943, 97
Trd, 4318064.743, 97
Trd, 4318065.443, 104
Trd, 4318066.893, 107
Trd, 4318066.993, 107
Trd, 4318067.243, 105
Trd, 4318069.593, 102
Trd, 4318070.093, 96
Trd, 4318070.743, 100
Trd, 4318070.793, 106
Trd, 4318074.593, 98
Trd, 4318077.943, 99
Trd, 4318078.693, 100
Trd, 4318080.393, 100
Trd, 4318080.643, 101
Trd, 4318083.143, 101
Trd, 4318083.793, 100
Trd, 4318085.793, 99
Trd, 4318086.143, 100
Trd, 4318086.543, 99
Trd, 4318088.593, 100
Trd, 4318088.693, 100
Trd, 4318089.143, 104
Trd, 4318090.293, 100
Trd, 4318091.293, 103
Trd, 4318092.593, 104
Trd, 4318093.443, 104
Trd, 4318093.593, 103
Trd, 4318095.943, 103
Trd, 4318098.493, 96
Trd, 4318098.843, 99
Trd, 4318099.343, 98
Trd, 4318101.543, 99
Trd, 4318102.093, 99
Trd, 4318103.943, 99
Trd, 4318104.493, 100
Trd, 4318104.943, 104
Trd, 4318105.743, 102
Trd, 4318107.093, 103
Trd, 4318108.693, 102
Trd, 4318109.693, 101
Trd, 4318111.143, 100
Trd, 4318111.343, 100
Trd, 4318113.393, 100
Trd, 4318113.993, 100
Trd, 4318114.593, 99
Trd, 4318118.393, 100
Trd, 4318119.093, 99
Trd, 4318120.093, 100
Trd, 4318120.143, 98
Trd, 4318122.593, 98
Trd, 4318124.043, 99
Trd, 4318124.243, 104
Trd, 4318127.543, 99
Trd, 4318127.693, 98
Trd, 4318128.043, 97
Trd, 4318128.893, 99
Trd, 4318130.793, 99
Trd, 4318131.043, 104
Trd, 4318131.443, 98
Trd, 4318134.193, 97
Trd, 4318134.493, 97
Trd, 4318135.393, 96
Trd, 4318136.693, 96
Trd, 4318137.743, 97
Trd, 4318139.993, 96
Trd, 4318140.143, 97
Trd, 4318142.193, 96
Trd, 4318143.393, 96
Trd, 4318143.943, 95
Trd, 4318144.493, 98
Trd, 4318144.943, 95
Trd, 4318146.393, 97
Trd, 4318148.143, 97
Trd, 4318148.293, 97
Trd, 4318152.843, 97
Trd, 4318153.893, 95
Trd, 4318154.293, 97
Trd, 4318154.493, 97
Trd, 4318155.243, 96
Trd, 4318156.593, 97
Trd, 4318159.593, 96
Trd, 4318161.043, 97
Trd, 4318161.093, 96
Trd, 4318162.793, 96
Trd, 4318163.993, 95
Trd, 4318164.793, 92
Trd, 4318164.843, 94
Trd, 4318166.043, 93
Trd, 4318166.943, 72
Trd, 4318169.143, 89
Trd, 4318169.893, 89
Trd, 4318171.593, 89
Trd, 4318174.343, 88
Trd, 4318174.543, 93
Trd, 4318174.943, 91
Trd, 4318177.093, 93
Trd, 4318178.493, 94
Trd, 4318179.143, 93
Trd, 4318179.293, 94
Trd, 4318181.243, 96
Trd, 4318181.943, 100
Trd, 4318182.993, 100
Trd, 4318183.343, 105
Trd, 4318186.593, 99
Trd, 4318187.143, 98
Trd, 4318188.043, 99
Trd, 4318188.543, 98
Trd, 4318188.843, 113
Trd, 4318191.743, 98
Trd, 4318192.793, 98
Trd, 4318192.943, 97
Trd, 4318195.193, 98
Trd, 4318196.043, 103
Trd, 4318197.843, 102
Trd, 4318198.493, 101
Trd, 4318202.443, 102
Trd, 4318204.793, 103
Trd, 4318205.843, 103
Trd, 4318207.093, 101
Trd, 4318207.743, 102
Trd, 4318209.993, 102
Trd, 4318210.343, 101
Trd, 4318212.043, 103
Trd, 4318213.643, 102
Trd, 4318215.293, 104
Trd, 4318216.243, 103
Trd, 4318219.193, 104
Trd, 4318219.743, 102
Trd, 4318219.943, 104
Trd, 4318220.843, 103
Trd, 4318222.693, 103
Trd, 4318223.793, 102
Trd, 4318224.643, 101
Trd, 4318225.343, 102
Trd, 4318225.593, 101
Trd, 4318226.393, 122
Trd, 4318229.543, 94
Trd, 4318230.443, 97
Trd, 4318230.743, 97
Trd, 4318233.593, 90
Trd, 4318233.793, 86
Trd, 4318235.243, 89
Trd, 4318237.043, 88
Trd, 4318237.943, 89
Trd, 4318237.993, 96
Trd, 4318238.543, 88
Trd, 4318241.743, 89
Trd, 4318242.843, 88
Trd, 4318243.693, 88
Trd, 4318245.343, 89
Trd, 4318245.443, 87
Trd, 4318247.643, 93
Trd, 4318249.293, 89
Trd, 4318250.443, 89
Trd, 4318251.293, 88
Trd, 4318251.893, 89
Trd, 4318252.393, 61
Trd, 4318254.643, 82
Trd, 4318256.043, 87
Trd, 4318257.643, 88
Trd, 4318258.393, 95
Trd, 4318259.993, 96
Trd, 4318260.343, 94
Trd, 4318262.843, 98
Trd, 4318263.093, 98
Trd, 4318263.243, 102
Trd, 4318265.393, 99
Trd, 4318267.643, 99
Trd, 4318269.193, 99
Trd, 4318269.843, 98
Trd, 4318271.093, 102
Trd, 4318271.943, 99
Trd, 4318272.643, 101
Trd, 4318273.493, 101
Trd, 4318274.943, 98
Trd, 4318278.093, 99
Trd, 4318278.193, 98
Trd, 4318279.943, 98
Trd, 4318280.493, 98
Trd, 4318281.693, 98
Trd, 4318282.043, 97
Trd, 4318282.943, 95
Trd, 4318285.893, 96
Trd, 4318286.493, 96
Trd, 4318287.493, 96
Trd, 4318289.193, 96
Trd, 4318289.443, 95
Trd, 4318290.393, 94
Trd, 4318291.743, 94
Trd, 4318292.443, 96
Trd, 4318293.293, 93
Trd, 4318296.493, 95
Trd, 4318296.893, 95
Trd, 4318297.193, 96
Trd, 4318298.343, 96
Trd, 4318298.743, 93
Trd, 4318300.293, 96
Trd, 4318301.493, 95
Trd, 4318305.793, 93
Trd, 4318306.393, 96
Trd, 4318307.243, 95
Trd, 4318307.443, 96
Trd, 4318307.493, 96
Trd, 4318309.493, 96
Trd, 4318310.093, 96
Trd, 4318310.443, 85
Trd, 4318312.593, 96
Trd, 4318314.343, 98
Trd, 4318315.843, 104
Trd, 4318316.143, 98
Trd, 4318317.643, 102
Trd, 4318317.993, 102
Trd, 4318319.193, 100
Trd, 4318321.393, 102
Trd, 4318322.043, 102
Trd, 4318322.493, 104
Trd, 4318323.193, 102
Trd, 4318323.443, 101
Trd, 4318324.943, 102
Trd, 4318326.393, 102
Trd, 4318327.393, 104
Trd, 4318328.593, 103
Trd, 4318330.043, 103
Trd, 4318331.543, 103
Trd, 4318331.943, 103
Trd, 4318332.393, 105
Trd, 4318334.293, 104
Trd, 4318335.143, 104
Trd, 4318336.943, 102
Trd, 4318338.143, 101
Trd, 4318338.493, 85
Trd, 4318341.243, 101
Trd, 4318341.443, 102
Trd, 4318342.143, 103
Trd, 4318346.643, 102
Trd, 4318347.493, 100
Trd, 4318347.543, 99
Trd, 4318349.893, 99
Trd, 4318350.293, 99
Trd, 4318351.593, 99
Trd, 4318351.693, 98
Trd, 4318352.043, 99
Trd, 4318353.493, 102
Trd, 4318355.593, 99
Trd, 4318356.693, 99
Trd, 4318357.493, 98
Trd, 4318358.443, 101
Trd, 4318359.993, 98
Trd, 4318364.943, 98
Trd, 4318366.093, 97
Trd, 4318366.843, 96
Trd, 4318367.893, 97
Trd, 4318368.443, 95
Trd, 4318369.943, 85
Trd, 4318370.443, 96
Trd, 4318373.243, 94
Trd, 4318375.493, 94
Trd, 4318375.693, 95
Trd, 4318375.993, 94
Trd, 4318376.743, 95
Trd, 4318377.043, 104
Trd, 4318380.693, 95
Trd, 4318380.943, 95
Trd, 4318382.443, 90
Trd, 4318382.593, 91
Trd, 4318383.293, 92
Trd, 4318384.443, 95
Trd, 4318384.943, 94
Trd, 4318384.993, 104
Trd, 4318385.593, 97
Trd, 4318386.493, 96
Trd, 4318390.243, 97
Trd, 4318391.243, 97
Trd, 4318393.293, 98
Trd, 4318394.993, 98
Trd, 4318395.143, 95
Trd, 4318399.093, 103
Trd, 4318399.443, 96
Trd, 4318400.943, 100
Trd, 4318401.243, 100
Trd, 4318401.443, 99
Trd, 4318403.293, 100
Trd, 4318405.043, 100
Trd, 4318405.343, 99
Trd, 4318406.043, 98
Trd, 4318406.893, 105
Trd, 4318407.693, 97
Trd, 4318410.093, 100
Trd, 4318410.393, 98
Trd, 4318412.093, 99
Trd, 4318412.193, 98
Trd, 4318412.393, 98
Trd, 4318412.943, 95
Trd, 4318416.593, 87
Trd, 4318416.643, 88
Trd, 4318417.993, 88
Trd, 4318419.793, 89
Trd, 4318419.943, 85
Trd, 4318420.443, 98
Trd, 4318421.843, 91
Trd, 4318423.043, 91
Trd, 4318423.593, 95
Trd, 4318424.793, 95
Trd, 4318425.343, 94
Trd, 4318426.093, 93
Trd, 4318427.493, 94
Trd, 4318428.193, 95
Trd, 4318430.543, 100
Trd, 4318430.593, 98
Trd, 4318432.243, 99
Trd, 4318433.293, 98
Trd, 4318433.743, 104
Trd, 4318437.243, 99
Trd, 4318437.993, 98
Trd, 4318439.343, 97
Trd, 4318440.243, 96
Trd, 4318443.143, 96
Trd, 4318443.343, 95
Trd, 4318443.843, 96
Trd, 4318445.193, 97
Trd, 4318447.093, 97
Trd, 4318448.643, 97
Trd, 4318450.843, 96
Trd, 4318451.893, 97
Trd, 4318451.993, 98
Trd, 4318452.693, 96
Trd, 4318454.593, 94
Trd, 4318455.943, 94
Trd, 4318455.993, 94
Trd, 4318457.543, 94
Trd, 4318458.143, 93
Trd, 4318459.593, 96
Trd, 4318460.693, 96
Trd, 4318462.893, 96
Trd, 4318463.843, 95
Trd, 4318464.843, 96
Trd, 4318465.243, 95
Trd, 4318467.393, 95
Trd, 4318467.893, 94
Trd, 4318469.293, 94
Trd, 4318469.493, 113
Trd, 4318471.193, 100
Trd, 4318472.493, 99
Trd, 4318473.243, 98
Trd, 4318474.793, 98
Trd, 4318475.793, 98
Trd, 4318476.243, 98
Trd, 4318476.443, 99
Trd, 4318477.843, 98
Trd, 4318479.443, 100
Trd, 4318480.343, 100
Trd, 4318481.793, 102
Trd, 4318483.993, 101
Trd, 4318485.143, 102
Trd, 4318487.893, 101
Trd, 4318488.143, 100
Trd, 4318488.393, 101
Trd, 4318488.893, 102
Trd, 4318490.143, 101
Trd, 4318491.743, 101
Trd, 4318493.493, 100
Trd, 4318494.493, 99
Trd, 4318497.743, 99
Trd, 4318497.893, 99
Trd, 4318498.293, 99
Trd, 4318500.243, 102
Trd, 4318500.493, 104
Trd, 4318501.043, 103
Trd, 4318502.143, 102
Trd, 4318502.293, 103
Trd, 4318504.243, 97
Trd, 4318505.293, 94
Trd, 4318506.293, 95
Trd, 4318506.743, 94
Trd, 4318508.293, 97
Trd, 4318509.193, 98
Trd, 4318510.493, 98
Trd, 4318511.243, 101
Trd, 4318511.943, 99
Trd, 4318513.743, 102
Trd, 4318514.893, 113
Trd, 4318516.543, 104
Trd, 4318516.943, 104
Trd, 4318518.043, 103
Trd, 4318519.443, 102
Trd, 4318521.093, 102
Trd, 4318521.243, 101
Trd, 4318521.943, 95
Trd, 4318522.593, 102
Trd, 4318524.193, 101
Trd, 4318526.743, 101
Trd, 4318528.693, 102
Trd, 4318530.093, 102
Trd, 4318530.293, 101
Trd, 4318530.593, 95
Trd, 4318533.143, 99
Trd, 4318533.193, 98
Trd, 4318536.093, 98
Trd, 4318536.443, 97
Trd, 4318537.893, 98
Trd, 4318538.993, 96
Trd, 4318540.893, 102
Trd, 4318542.793, 100
Trd, 4318543.143, 100
Trd, 4318543.693, 100
Trd, 4318545.893, 100
Trd, 4318546.143, 100
Trd, 4318547.243, 100
Trd, 4318548.443, 99
Trd, 4318549.043, 104
Trd, 4318551.093, 99
Trd, 4318552.343, 99
Trd, 4318553.243, 98
Trd, 4318555.293, 96
Trd, 4318556.843, 97
Trd, 4318557.243, 113
Trd, 4318557.293, 96
Trd, 4318558.293, 95
Trd, 4318561.693, 101
Trd, 4318563.043, 102
Trd, 4318563.443, 102
Trd, 4318564.143, 101
Trd, 4318566.643, 101
Trd, 4318567.293, 102
Trd, 4318568.343, 102
Trd, 4318568.493, 102
Trd, 4318570.193, 101
Trd, 4318571.843, 100
Trd, 4318572.843, 100
Trd, 4318573.343, 101
Trd, 4318574.543, 100
Trd, 4318576.443, 100
Trd, 4318577.343, 100
Trd, 4318577.543, 95
Trd, 4318578.893, 100
Trd, 4318580.743, 100
Trd, 4318582.293, 99
Trd, 4318583.043, 100
Trd, 4318583.593, 100
Trd, 4318585.693, 100
Trd, 4318585.793, 99
Trd, 4318587.093, 95
Trd, 4318588.093, 96
Trd, 4318588.793, 96
Trd, 4318589.543, 97
Trd, 4318590.993, 95
Trd, 4318591.843, 96
Trd, 4318593.493, 97
Trd, 4318594.793, 97
Trd, 4318595.393, 97
Trd, 4318596.843, 104
Trd, 4318597.393, 96
Trd, 4318599.093, 97
Trd, 4318601.243, 97
Trd, 4318602.493, 97
Trd, 4318602.743, 104
Trd, 4318605.843, 102
Trd, 4318606.693, 101
Trd, 4318607.393, 101
Trd, 4318608.443, 100
Trd, 4318609.743, 100
Trd, 4318610.293, 99
Trd, 4318610.643, 97
Trd, 4318612.493, 96
Trd, 4318613.743, 96
Trd, 4318616.143, 96
Trd, 4318617.743, 95
Trd, 4318618.593, 96
Trd, 4318620.543, 96
Trd, 4318621.043, 95
Trd, 4318621.143, 94
Trd, 4318622.343, 95
Trd, 4318623.343, 97
Trd, 4318623.993, 97
Trd, 4318624.093, 96
Trd, 4318625.593, 104
Trd, 4318629.043, 98
Trd, 4318629.143, 97
Trd, 4318629.543, 99
Trd, 4318630.843, 99
Trd, 4318632.593, 97
Trd, 4318634.293, 99
Trd, 4318634.493, 98
Trd, 4318634.793, 99
Trd, 4318637.193, 100
Trd, 4318637.843, 99
Trd, 4318640.693, 100
Trd, 4318642.993, 99
Trd, 4318643.443, 98
Trd, 4318644.993, 96
Trd, 4318645.493, 96
Trd, 4318646.043, 97
Trd, 4318646.393, 96
Trd, 4318646.943, 95
Trd, 4318647.093, 98
Trd, 4318650.893, 97
Trd, 4318653.593, 97
Trd, 4318654.243, 95
Trd, 4318655.243, 97
Trd, 4318655.943, 96
Trd, 4318657.593, 96
Trd, 4318658.643, 95
Trd, 4318658.693, 95
Trd, 4318659.143, 104
Trd, 4318660.743, 96
Trd, 4318662.543, 97
Trd, 4318663.043, 96
Trd, 4318664.193, 98
Trd, 4318665.643, 97
Trd, 4318666.693, 98
Trd, 4318667.543, 98
Trd, 4318667.643, 95
Trd, 4318668.243, 99
Trd, 4318670.943, 99
Trd, 4318671.893, 96
Trd, 4318674.743, 99
Trd, 4318674.943, 100
Trd, 4318675.593, 99
Trd, 4318676.993, 85
Trd, 4318678.693, 98
Trd, 4318679.143, 98
Trd, 4318682.043, 99
Trd, 4318682.443, 98
Trd, 4318684.343, 100
Trd, 4318685.493, 99
Trd, 4318685.743, 105
Trd, 4318687.443, 98
Trd, 4318689.493, 100
Trd, 4318689.593, 99
Trd, 4318690.943, 99
Trd, 4318691.743, 98
Trd, 4318691.893, 98
Trd, 4318693.893, 98
Trd, 4318696.943, 98
Trd, 4318697.793, 104
Trd, 4318699.643, 100
Trd, 4318699.993, 100
Trd, 4318701.043, 93
Trd, 4318701.543, 100
Trd, 4318704.643, 98
Trd, 4318705.243, 96
Trd, 4318706.043, 98
Trd, 4318706.293, 98
Trd, 4318707.643, 104
Trd, 4318708.843, 99
Trd, 4318710.743, 101
Trd, 4318710.943, 98
Trd, 4318712.193, 103
Trd, 4318713.343, 101
Trd, 4318714.343, 95
Trd, 4318716.943, 101
Trd, 4318718.143, 100
Trd, 4318719.693, 100
Trd, 4318721.193, 101
Trd, 4318721.243, 100
Trd, 4318722.643, 101
Trd, 4318723.293, 101
Trd, 4318725.893, 100
Trd, 4318726.243, 99
Trd, 4318727.643, 98
Trd, 4318728.393, 99
Trd, 4318730.193, 99
Trd, 4318731.143, 98
Trd, 4318731.993, 98
Trd, 4318733.093, 98
Trd, 4318733.443, 97
Trd, 4318735.043, 97
Trd, 4318735.943, 99
Trd, 4318736.693, 96
Trd, 4318737.793, 99
Trd, 4318740.543, 95
Trd, 4318743.193, 96
Trd, 4318745.893, 96
Trd, 4318746.343, 95
Trd, 4318747.893, 95
Trd, 4318748.743, 96
Trd, 4318749.243, 96
Trd, 4318750.193, 97
Trd, 4318750.343, 95
Trd, 4318753.893, 97
Trd, 4318756.493, 95
Trd, 4318757.293, 96
Trd, 4318757.743, 98
Trd, 4318757.843, 97
Trd, 4318761.493, 98
Trd, 4318763.743, 95
Trd, 4318763.993, 95
Trd, 4318764.793, 94
Trd, 4318765.893, 95
Trd, 4318766.693, 103
Trd, 4318767.943, 95
Trd, 4318768.943, 95
Trd, 4318770.793, 98
Trd, 4318773.593, 96
Trd, 4318773.643, 97
Trd, 4318774.493, 94
Trd, 4318777.243, 97
Trd, 4318778.193, 96
Trd, 4318780.443, 96
Trd, 4318781.443, 97
Trd, 4318781.843, 96
Trd, 4318783.243, 98
Trd, 4318783.343, 98
Trd, 4318783.693, 98
Trd, 4318785.693, 99
Trd, 4318786.043, 104
Trd, 4318788.343, 103
Trd, 4318789.693, 105
Trd, 4318790.893, 74
Trd, 4318791.243, 95
Trd, 4318792.943, 94
Trd, 4318792.993, 99
Trd, 4318796.343, 96
Trd, 4318797.093, 97
Trd, 4318798.993, 96
Trd, 4318799.343, 97
Trd, 4318800.043, 95
Trd, 4318802.043, 97
Trd, 4318803.043, 96
Trd, 4318803.643, 95
Trd, 4318804.443, 97
Trd, 4318804.743, 95
Trd, 4318807.293, 96
Trd, 4318807.693, 96
Trd, 4318808.393, 94
Trd, 4318809.543, 96
Trd, 4318810.293, 96
Trd, 4318810.593, 95
Trd, 4318811.093, 96
Trd, 4318814.143, 95
Trd, 4318815.493, 100
Trd, 4318815.593, 113
Trd, 4318817.443, 103
Trd, 4318819.543, 105
Trd, 4318819.743, 104
Trd, 4318820.793, 103
Trd, 4318821.743, 104
Trd, 4318822.593, 103
Trd, 4318822.693, 105
Trd, 4318823.193, 103
Trd, 4318823.593, 101
Trd, 4318826.543, 99
Trd, 4318828.293, 102
Trd, 4318828.593, 103
Trd, 4318828.843, 103
Trd, 4318830.043, 102
Trd, 4318831.093, 95
Trd, 4318832.293, 97
Trd, 4318833.743, 97
Trd, 4318834.343, 98
Trd, 4318836.493, 97
Trd, 4318837.243, 97
Trd, 4318838.143, 96
Trd, 4318839.543, 97
Trd, 4318840.493, 98
Trd, 4318841.993, 99
Trd, 4318842.443, 99
Trd, 4318843.193, 103
Trd, 4318844.243, 99
Trd, 4318847.143, 100
Trd, 4318848.843, 98
Trd, 4318849.643, 97
Trd, 4318850.043, 100
Trd, 4318850.093, 95
Trd, 4318854.743, 97
Trd, 4318855.443, 96
Trd, 4318855.943, 96
Trd, 4318856.843, 99
Trd, 4318856.893, 97
Trd, 4318859.493, 99
Trd, 4318859.643, 99
Trd, 4318861.793, 98
Trd, 4318862.343, 99
Trd, 4318863.593, 98
Trd, 4318864.493, 99
Trd, 4318864.743, 104
Trd, 4318867.243, 100
Trd, 4318868.393, 101
Trd, 4318869.493, 100
Trd, 4318871.043, 100
Trd, 4318871.343, 99
Trd, 4318871.843, 99
Trd, 4318873.543, 99
Trd, 4318874.193, 99
Trd, 4318875.993, 103
Trd, 4318876.993, 104
Trd, 4318878.443, 103
Trd, 4318879.093, 102
Trd, 4318880.893, 102
Trd, 4318882.893, 99
Trd, 4318883.693, 99
Trd, 4318884.093, 99
Trd, 4318884.693, 98
Trd, 4318886.493, 96
Trd, 4318887.443, 99
Trd, 4318888.593, 96
Trd, 4318888.993, 94
Trd, 4318890.693, 95
Trd, 4318892.693, 96
Trd, 4318893.793, 95
Trd, 4318895.193, 96
Trd, 4318895.293, 94
Trd, 4318896.793, 113
Trd, 4318899.043, 98
Trd, 4318900.793, 98
Trd, 4318901.743, 97
Trd, 4318902.193, 98
Trd, 4318903.093, 99
Trd, 4318903.793, 100
Trd, 4318905.443, 121
Trd, 4318907.893, 104
Trd, 4318908.843, 104
Trd, 4318909.293, 96
Trd, 4318910.693, 102
Trd, 4318910.793, 100
Trd, 4318913.593, 100
Trd, 4318913.693, 99
Trd, 4318914.893, 101
Trd, 4318916.993, 100
Trd, 4318920.143, 97
Trd, 4318920.693, 100
Trd, 4318922.843, 97
Trd, 4318924.193, 96
Trd, 4318924.443, 96
Trd, 4318925.593, 95
Trd, 4318925.793, 96
Trd, 4318928.393, 97
Trd, 4318929.593, 100
Trd, 4318929.843, 99
Trd, 4318930.293, 95
Trd, 4318932.843, 98
Trd, 4318933.593, 98
Trd, 4318934.243, 99
Trd, 4318936.493, 98
Trd, 4318936.543, 97
Trd, 4318938.243, 97
Trd, 4318940.993, 97
Trd, 4318941.743, 97
Trd, 4318943.493, 98
Trd, 4318944.143, 98
Trd, 4318945.443, 120
Trd, 4318945.493, 113
Trd, 4318946.393, 110
Trd, 4318948.443, 108
Trd, 4318948.793, 103
Trd, 4318952.943, 107
Trd, 4318953.293, 106
Trd, 4318955.193, 105
Trd, 4318955.343, 104
Trd, 4318958.493, 103
Trd, 4318958.893, 104
Trd, 4318959.643, 95
Trd, 4318961.893, 97
Trd, 4318962.193, 98
Trd, 4318962.643, 100
Trd, 4318963.793, 99
Trd, 4318965.843, 96
Trd, 4318965.943, 97
Trd, 4318966.493, 95
Trd, 4318966.643, 122
Trd, 4318970.693, 99
Trd, 4318973.193, 100
Trd, 4318973.643, 100
Trd, 4318973.743, 99
Trd, 4318974.443, 97
Trd, 4318975.593, 95
Trd, 4318976.243, 97
Trd, 4318977.393, 74
Trd, 4318979.593, 95
Trd, 4318979.993, 96
Trd, 4318980.643, 95
Trd, 4318981.943, 95
Trd, 4318982.993, 97
Trd, 4318985.093, 97
Trd, 4318985.543, 97
Trd, 4318987.393, 96
Trd, 4318987.943, 95
Trd, 4318990.793, 95
Trd, 4318991.093, 94
Trd, 4318991.693, 95
Trd, 4318992.293, 95
Trd, 4318992.943, 99
Trd, 4318994.643, 106
Trd, 4318995.293, 97
Trd, 4318999.093, 96
Trd, 4318999.393, 96
Trd, 4318999.493, 96
Trd, 4319000.793, 95
Trd, 4319001.343, 95
Trd, 4319002.343, 94
Trd, 4319003.643, 94
Trd, 4319004.543, 95
Trd, 4319004.893, 95
Trd, 4319007.143, 96
Trd, 4319008.743, 94
Trd, 4319010.493, 95
Trd, 4319010.643, 96
Trd, 4319011.993, 95
Trd, 4319014.293, 96
Trd, 4319014.793, 95
Trd, 4319015.443, 97
Trd, 4319015.843, 97
Trd, 4319016.693, 97
Trd, 4319017.043, 95
Trd, 4319017.393, 106
Trd, 4319021.093, 103
Trd, 4319022.093, 104
Trd, 4319022.893, 103
Trd, 4319024.493, 102
Trd, 4319025.493, 99
Trd, 4319027.093, 96
Trd, 4319027.143, 95
Trd, 4319027.993, 95
Trd, 4319028.293, 97
Trd, 4319031.643, 96
Trd, 4319033.043, 96
Trd, 4319033.943, 97
Trd, 4319034.743, 97
Trd, 4319035.743, 96
Trd, 4319036.693, 96
Trd, 4319040.393, 97
Trd, 4319040.843, 98
Trd, 4319042.143, 97
Trd, 4319042.693, 98
Trd, 4319042.993, 104
Trd, 4319044.643, 99
Trd, 4319046.293, 101
Trd, 4319047.393, 101
Trd, 4319047.493, 99
Trd, 4319050.593, 100
Trd, 4319050.693, 100
Trd, 4319051.843, 99
Trd, 4319052.843, 100
Trd, 4319053.543, 99
Trd, 4319053.993, 118
Trd, 4319057.743, 102
Trd, 4319057.893, 101
Trd, 4319058.593, 100
Trd, 4319060.293, 101
Trd, 4319061.393, 101
Trd, 4319061.643, 102
Trd, 4319062.743, 101
Trd, 4319062.793, 100
Trd, 4319062.893, 98
Trd, 4319065.193, 101
Trd, 4319067.193, 102
Trd, 4319067.593, 101
Trd, 4319067.743, 99
Trd, 4319069.593, 101
Trd, 4319071.143, 102
Trd, 4319071.893, 102
Trd, 4319072.343, 101
Trd, 4319073.643, 100
Trd, 4319073.943, 100
Trd, 4319076.493, 97
Trd, 4319076.643, 99
Trd, 4319077.293, 98
Trd, 4319078.143, 99
Trd, 4319081.243, 99
Trd, 4319082.243, 98
Trd, 4319082.343, 99
Trd, 4319082.693, 104
Trd, 4319085.743, 97
Trd, 4319086.293, 96
Trd, 4319086.943, 95
Trd, 4319088.843, 96
Trd, 4319089.743, 97
Trd, 4319090.993, 97
Trd, 4319091.543, 98
Trd, 4319092.893, 96
Trd, 4319093.493, 104
Trd, 4319095.393, 104
Trd, 4319096.143, 103
Trd, 4319096.443, 103
Trd, 4319097.743, 94
Trd, 4319098.943, 101
Trd, 4319100.743, 99
Trd, 4319101.493, 99
Trd, 4319101.643, 97
Trd, 4319103.093, 95
Trd, 4319103.543, 96
Trd, 4319103.643, 95
Trd, 4319107.693, 94
Trd, 4319109.243, 94
Trd, 4319109.643, 93
Trd, 4319109.793, 95
Trd, 4319109.893, 93
Trd, 4319111.493, 93
Trd, 4319113.393, 96
Trd, 4319114.993, 95
Trd, 4319115.893, 95
Trd, 4319116.893, 96
Trd, 4319117.643, 98
Trd, 4319119.943, 98
Trd, 4319120.543, 103
Trd, 4319123.993, 96
Trd, 4319125.543, 96
Trd, 4319126.243, 95
Trd, 4319128.193, 96
Trd, 4319128.643, 96
Trd, 4319129.393, 95
Trd, 4319130.843, 97
Trd, 4319131.743, 96
Trd, 4319133.643, 97
Trd, 4319134.193, 94
Trd, 4319136.043, 96
Trd, 4319136.193, 96
Trd, 4319138.993, 95
Trd, 4319139.793, 96
Trd, 4319140.043, 95
Trd, 4319141.543, 95
Trd, 4319143.193, 99
Trd, 4319144.193, 98
Trd, 4319145.143, 97
Trd, 4319145.543, 98
Trd, 4319146.843, 98
Trd, 4319146.943, 96
Trd, 4319150.593, 98
Trd, 4319150.893, 100
Trd, 4319152.043, 96
Trd, 4319154.793, 99
Trd, 4319157.493, 98
Trd, 4319159.993, 98
Trd, 4319160.093, 96
Trd, 4319160.243, 97
Trd, 4319161.443, 96
Trd, 4319162.043, 96
Trd, 4319163.193, 95
Trd, 4319163.843, 96
Trd, 4319166.293, 95
Trd, 4319166.343, 95
Trd, 4319166.843, 94
Trd, 4319168.543, 94
Trd, 4319169.993, 93
Trd, 4319170.043, 95
Trd, 4319171.493, 93
Trd, 4319171.893, 104
Trd, 4319174.593, 95
Trd, 4319175.793, 97
Trd, 4319177.393, 96
Trd, 4319178.793, 98
Trd, 4319179.193, 97
Trd, 4319180.743, 98
Trd, 4319181.343, 118
Trd, 4319184.143, 98
Trd, 4319185.793, 102
Trd, 4319185.993, 101
Trd, 4319187.593, 103
Trd, 4319188.693, 103
Trd, 4319190.543, 102
Trd, 4319190.893, 100
Trd, 4319192.793, 104
Trd, 4319193.143, 95
Trd, 4319194.943, 98
Trd, 4319196.893, 99
Trd, 4319196.943, 98
Trd, 4319199.393, 97
Trd, 4319199.443, 99
Trd, 4319201.393, 96
Trd, 4319202.093, 104
Trd, 4319203.293, 99
Trd, 4319204.843, 99
Trd, 4319208.143, 97
Trd, 4319208.543, 98
Trd, 4319209.343, 99
Trd, 4319210.193, 99
Trd, 4319211.593, 100
Trd, 4319213.043, 99
Trd, 4319213.593, 100
Trd, 4319215.443, 98
Trd, 4319215.993, 99
Trd, 4319217.293, 98
Trd, 4319218.993, 97
Trd, 4319219.943, 96
Trd, 4319222.793, 98
Trd, 4319223.543, 98
Trd, 4319224.243, 99
Trd, 4319226.393, 97
Trd, 4319226.443, 97
Trd, 4319228.893, 96
Trd, 4319229.193, 96
Trd, 4319229.693, 97
Trd, 4319232.643, 96
Trd, 4319234.743, 97
Trd, 4319235.043, 96
Trd, 4319235.643, 95
Trd, 4319237.143, 97
Trd, 4319237.743, 105
Trd, 4319239.543, 100
Trd, 4319240.393, 100
Trd, 4319240.743, 98
Trd, 4319243.643, 100
Trd, 4319244.193, 96
Trd, 4319245.393, 100
Trd, 4319247.993, 101
Trd, 4319248.143, 97
Trd, 4319248.193, 101
Trd, 4319250.893, 97
Trd, 4319251.143, 97
Trd, 4319251.493, 94
Trd, 4319251.593, 104
Trd, 4319252.743, 94
Trd, 4319257.843, 95
Trd, 4319258.093, 93
Trd, 4319259.043, 93
Trd, 4319259.443, 95
Trd, 4319261.643, 94
Trd, 4319263.493, 94
Trd, 4319263.593, 94
Trd, 4319263.693, 94
Trd, 4319264.193, 95
Trd, 4319264.343, 94
Trd, 4319265.543, 104
Trd, 4319267.793, 101
Trd, 4319268.793, 117
Trd, 4319269.093, 97
Trd, 4319273.093, 103
Trd, 4319273.193, 105
Trd, 4319276.243, 103
Trd, 4319276.293, 102
Trd, 4319277.193, 103
Trd, 4319278.843, 103
Trd, 4319279.043, 104
Trd, 4319281.293, 104
Trd, 4319281.843, 104
Trd, 4319283.443, 105
Trd, 4319283.843, 105
Trd, 4319284.043, 103
Trd, 4319284.743, 101
Trd, 4319287.993, 102
Trd, 4319288.593, 102
Trd, 4319289.843, 102
Trd, 4319290.243, 101
Trd, 4319292.743, 100
Trd, 4319293.043, 103
Trd, 4319293.893, 102
Trd, 4319295.293, 96
Trd, 4319295.743, 99
Trd, 4319296.643, 98
Trd, 4319297.843, 99
Trd, 4319299.143, 100
Trd, 4319301.393, 98
Trd, 4319301.493, 97
Trd, 4319302.793, 98
Trd, 4319305.393, 97
Trd, 4319306.493, 98
Trd, 4319306.593, 97
Trd, 4319308.643, 97
Trd, 4319308.693, 96
Trd, 4319310.193, 98
Trd, 4319311.743, 96
Trd, 4319312.843, 100
Trd, 4319314.143, 98
Trd, 4319315.143, 99
Trd, 4319316.193, 98
Trd, 4319318.693, 97
Trd, 4319319.243, 96
Trd, 4319322.593, 96
Trd, 4319322.893, 95
Trd, 4319324.193, 96
Trd, 4319324.293, 94
Trd, 4319326.243, 96
Trd, 4319327.843, 97
Trd, 4319330.243, 97
Trd, 4319330.593, 98
Trd, 4319332.193, 99
Trd, 4319332.643, 96
Trd, 4319333.893, 94
Trd, 4319335.993, 95
Trd, 4319336.443, 95
Trd, 4319337.293, 95
Trd, 4319337.893, 94
Trd, 4319340.043, 95
Trd, 4319340.143, 96
Trd, 4319340.293, 96
Trd, 4319344.793, 95
Trd, 4319346.293, 95
Trd, 4319346.993, 93
Trd, 4319348.693, 94
Trd, 4319350.893, 94
Trd, 4319351.343, 104
Trd, 4319353.143, 101
Trd, 4319353.743, 105
Trd, 4319355.693, 110
Trd, 4319356.193, 105
Trd, 4319357.193, 103
Trd, 4319360.343, 96
Trd, 4319360.493, 97
Trd, 4319361.043, 98
Trd, 4319363.293, 108
Trd, 4319363.493, 97
Trd, 4319364.293, 113
Trd, 4319364.543, 97
Trd, 4319369.643, 101
Trd, 4319370.993, 98
Trd, 4319371.443, 100
Trd, 4319373.043, 100
Trd, 4319374.793, 100
Trd, 4319377.343, 99
Trd, 4319377.543, 100
Trd, 4319379.243, 99
Trd, 4319379.993, 98
Trd, 4319382.143, 99
Trd, 4319383.143, 100
Trd, 4319385.593, 100
Trd, 4319385.793, 99
Trd, 4319386.043, 100
Trd, 4319388.093, 97
Trd, 4319390.493, 100
Trd, 4319390.543, 98
Trd, 4319390.743, 104
Trd, 4319394.043, 100
Trd, 4319395.043, 100
Trd, 4319396.843, 100
Trd, 4319397.293, 99
Trd, 4319399.543, 100
Trd, 4319400.743, 99
Trd, 4319403.393, 98
Trd, 4319403.643, 97
Trd, 4319405.193, 97
Trd, 4319406.293, 96
Trd, 4319408.643, 95
Trd, 4319409.343, 96
Trd, 4319410.443, 95
Trd, 4319410.493, 94
Trd, 4319411.943, 97
Trd, 4319412.693, 95
Trd, 4319414.743, 95
Trd, 4319415.543, 94
Trd, 4319416.093, 94
Trd, 4319418.043, 95
Trd, 4319418.693, 95
Trd, 4319419.743, 93
Trd, 4319421.393, 98
Trd, 4319422.143, 95
Trd, 4319423.743, 98
Trd, 4319424.793, 98
Trd, 4319425.443, 98
Trd, 4319426.993, 105
Trd, 4319429.343, 99
Trd, 4319431.193, 99
Trd, 4319433.493, 99
Trd, 4319434.543, 100
Trd, 4319437.593, 99
Trd, 4319439.093, 100
Trd, 4319439.343, 101
Trd, 4319441.143, 100
Trd, 4319441.543, 101
Trd, 4319442.043, 101
Trd, 4319442.193, 101
Trd, 4319444.743, 100
Trd, 4319445.243, 99
Trd, 4319447.043, 99
Trd, 4319447.793, 98
Trd, 4319449.643, 99
Trd, 4319450.393, 98
Trd, 4319450.943, 97
Trd, 4319453.193, 97
Trd, 4319453.543, 98
Trd, 4319454.993, 98
Trd, 4319455.393, 98
Trd, 4319457.393, 99
Trd, 4319459.693, 98
Trd, 4319461.443, 99
Trd, 4319463.993, 99
Trd, 4319464.193, 99
Trd, 4319464.243, 98
Trd, 4319466.393, 99
Trd, 4319467.543, 97
Trd, 4319469.343, 99
Trd, 4319470.893, 99
Trd, 4319472.343, 96
Trd, 4319474.393, 98
Trd, 4319474.493, 96
Trd, 4319475.893, 96
Trd, 4319477.143, 95
Trd, 4319479.093, 96
Trd, 4319480.193, 97
Trd, 4319481.143, 97
Trd, 4319481.893, 97
Trd, 4319483.593, 96
Trd, 4319484.243, 103
Trd, 4319488.743, 98
Trd, 4319489.093, 98
Trd, 4319490.293, 98
Trd, 4319491.893, 96
Trd, 4319495.293, 98
Trd, 4319495.543, 95
Trd, 4319495.993, 97
Trd, 4319496.943, 96
Trd, 4319497.643, 97
Trd, 4319500.143, 97
Trd, 4319500.743, 96
Trd, 4319502.843, 92
Trd, 4319503.043, 91
Trd, 4319503.443, 85
Trd, 4319504.243, 93
Trd, 4319506.443, 91
Trd, 4319507.243, 92
Trd, 4319510.093, 91
Trd, 4319510.243, 93
Trd, 4319511.293, 94
Trd, 4319514.393, 94
Trd, 4319516.043, 93
Trd, 4319516.593, 94
Trd, 4319516.943, 91
Trd, 4319517.993, 113
Trd, 4319519.193, 95
Trd, 4319520.643, 95
Trd, 4319520.843, 94
Trd, 4319523.043, 94
Trd, 4319524.493, 94
Trd, 4319526.143, 96
Trd, 4319526.393, 96
Trd, 4319526.443, 113
Trd, 4319527.293, 97
Trd, 4319530.493, 99
Trd, 4319531.893, 100
Trd, 4319532.193, 100
Trd, 4319532.993, 98
Trd, 4319534.493, 99
Trd, 4319535.743, 100
Trd, 4319536.443, 101
Trd, 4319538.043, 101
Trd, 4319538.143, 100
Trd, 4319539.393, 100
Trd, 4319541.043, 101
Trd, 4319543.393, 100
Trd, 4319543.793, 99
Trd, 4319544.693, 100
Trd, 4319547.193, 99
Trd, 4319547.543, 98
Trd, 4319549.543, 100
Trd, 4319550.843, 101
Trd, 4319553.443, 99
Trd, 4319553.643, 101
Trd, 4319553.793, 102
Trd, 4319555.993, 101
Trd, 4319556.893, 101
Trd, 4319557.843, 102
Trd, 4319559.043, 101
Trd, 4319560.843, 102
Trd, 4319561.343, 101
Trd, 4319562.843, 99
Trd, 4319563.693, 100
Trd, 4319565.343, 101
Trd, 4319566.843, 98
Trd, 4319566.993, 99
Trd, 4319567.543, 104
Trd, 4319570.893, 100
Trd, 4319571.893, 100
Trd, 4319571.943, 100
Trd, 4319573.293, 99
Trd, 4319574.093, 98
Trd, 4319575.593, 97
Trd, 4319577.393, 97
Trd, 4319577.793, 98
Trd, 4319579.393, 96
Trd, 4319580.943, 97
Trd, 4319581.543, 97
Trd, 4319582.143, 97
Trd, 4319582.443, 94
Trd, 4319586.693, 96
Trd, 4319587.043, 95
Trd, 4319588.143, 97
Trd, 4319588.493, 97
Trd, 4319588.743, 97
Trd, 4319590.243, 97
Trd, 4319590.543, 96
Trd, 4319591.893, 94
Trd, 4319595.443, 95
Trd, 4319595.943, 96
Trd, 4319595.993, 94
Trd, 4319597.543, 96
Trd, 4319599.843, 95
Trd, 4319600.443, 95
Trd, 4319601.593, 96
Trd, 4319601.993, 97
Trd, 4319603.043, 98
Trd, 4319604.543, 99
Trd, 4319604.743, 97
Trd, 4319604.943, 85
Trd, 4319605.293, 103
Trd, 4319611.143, 100
Trd, 4319611.493, 99
Trd, 4319612.443, 98
Trd, 4319613.343, 99
Trd, 4319614.843, 99
Trd, 4319617.743, 99
Trd, 4319618.243, 99
Trd, 4319618.993, 112
Trd, 4319619.293, 99
Trd, 4319621.543, 101
Trd, 4319622.343, 101
Trd, 4319623.693, 101
Trd, 4319624.443, 102
Trd, 4319625.693, 101
Trd, 4319626.993, 102
Trd, 4319628.143, 101
Trd, 4319630.643, 100
Trd, 4319631.093, 100
Trd, 4319632.043, 101
Trd, 4319632.393, 101
Trd, 4319635.543, 100
Trd, 4319638.043, 99
Trd, 4319638.443, 100
Trd, 4319640.143, 100
Trd, 4319641.193, 100
Trd, 4319641.643, 97
Trd, 4319643.243, 97
Trd, 4319643.593, 97
Trd, 4319644.343, 96
Trd, 4319645.393, 104
Trd, 4319647.593, 95
Trd, 4319649.443, 95
Trd, 4319651.143, 95
Trd, 4319651.743, 96
Trd, 4319652.643, 96
Trd, 4319653.043, 96
Trd, 4319653.243, 95
Trd, 4319655.393, 93
Trd, 4319657.243, 94
Trd, 4319658.043, 95
Trd, 4319658.493, 95
Trd, 4319659.843, 97
Trd, 4319659.993, 97
Trd, 4319662.343, 95
Trd, 4319663.393, 96
Trd, 4319663.693, 96
Trd, 4319664.543, 96
Trd, 4319665.743, 94
Trd, 4319667.243, 95
Trd, 4319668.843, 96
Trd, 4319670.643, 95
Trd, 4319670.743, 87
Trd, 4319671.793, 95
Trd, 4319672.793, 102
Trd, 4319675.643, 97
Trd, 4319676.343, 99
Trd, 4319677.293, 100
Trd, 4319677.393, 99
Trd, 4319680.743, 102
Trd, 4319681.093, 104
Trd, 4319683.543, 102
Trd, 4319684.243, 102
Trd, 4319685.343, 101
Trd, 4319686.393, 100
Trd, 4319687.393, 101
Trd, 4319689.743, 101
Trd, 4319690.593, 101
Trd, 4319691.693, 101
Trd, 4319692.693, 105
Trd, 4319692.943, 93
Trd, 4319697.443, 101
Trd, 4319698.243, 99
Trd, 4319699.493, 100
Trd, 4319699.743, 100
Trd, 4319699.993, 100
Trd, 4319702.193, 124
Trd, 4319702.443, 122
Trd, 4319703.193, 119
Trd, 4319704.493, 98
Trd, 4319707.393, 99
Trd, 4319707.743, 100
Trd, 4319708.493, 97
Trd, 4319709.643, 99
Trd, 4319711.593, 97
Trd, 4319712.243, 96
Trd, 4319712.393, 99
Trd, 4319713.493, 85
Trd, 4319715.043, 97
Trd, 4319715.393, 97
Trd, 4319717.393, 101
Trd, 4319718.293, 99
Trd, 4319718.893, 99
Trd, 4319723.893, 98
Trd, 4319724.493, 97
Trd, 4319724.893, 99
Trd, 4319724.993, 99
Trd, 4319725.293, 99
Trd, 4319729.393, 99
Trd, 4319729.893, 99
Trd, 4319730.743, 95
Trd, 4319731.993, 95
Trd, 4319733.043, 95
Trd, 4319735.443, 94
Trd, 4319735.643, 96
Trd, 4319736.293, 96
Trd, 4319736.593, 96
Trd, 4319737.843, 96
Trd, 4319737.893, 97
Trd, 4319738.743, 98
Trd, 4319740.743, 98
Trd, 4319742.593, 102
Trd, 4319742.943, 97
Trd, 4319744.343, 101
Trd, 4319746.143, 103
Trd, 4319747.193, 101
Trd, 4319748.693, 102
Trd, 4319748.843, 103
Trd, 4319749.143, 103
Trd, 4319751.393, 103
Trd, 4319751.893, 101
Trd, 4319755.343, 103
Trd, 4319755.493, 103
Trd, 4319756.043, 103
Trd, 4319756.343, 104
Trd, 4319756.993, 104
Trd, 4319757.143, 102
Trd, 4319760.343, 102
Trd, 4319761.993, 104
Trd, 4319762.443, 104
Trd, 4319764.143, 104
Trd, 4319764.343, 103
Trd, 4319766.243, 102
Trd, 4319768.993, 101
Trd, 4319769.143, 104
Trd, 4319770.293, 103
Trd, 4319771.543, 104
Trd, 4319772.893, 104
Trd, 4319773.643, 103
Trd, 4319774.693, 102
Trd, 4319776.343, 102
Trd, 4319778.793, 103
Trd, 4319780.343, 102
Trd, 4319780.793, 96
Trd, 4319782.893, 99
Trd, 4319783.793, 102
Trd, 4319784.493, 101
Trd, 4319786.793, 100
Trd, 4319788.093, 101
Trd, 4319789.093, 100
Trd, 4319789.693, 101
Trd, 4319792.043, 98
Trd, 4319794.693, 104
Trd, 4319795.593, 103
Trd, 4319795.993, 104
Trd, 4319796.643, 95
Trd, 4319797.793, 103
Trd, 4319800.593, 105
Trd, 4319801.193, 102
Trd, 4319801.643, 93
Trd, 4319803.043, 102
Trd, 4319804.743, 102
Trd, 4319805.143, 101
Trd, 4319805.243, 100
Trd, 4319806.693, 103
Trd, 4319807.643, 95
Trd, 4319810.193, 103
Trd, 4319812.193, 99
Trd, 4319814.893, 99
Trd, 4319815.443, 100
Trd, 4319817.293, 100
Trd, 4319817.843, 100
Trd, 4319819.693, 99
Trd, 4319820.943, 99
Trd, 4319821.943, 98
Trd, 4319824.393, 96
Trd, 4319827.043, 98
Trd, 4319827.093, 97
Trd, 4319827.293, 98
Trd, 4319827.493, 98
Trd, 4319829.243, 97
Trd, 4319830.193, 104
Trd, 4319830.493, 96
Trd, 4319833.643, 100
Trd, 4319834.593, 100
Trd, 4319834.743, 99
Trd, 4319836.243, 101
Trd, 4319836.943, 101
Trd, 4319837.643, 101
Trd, 4319839.143, 74
Trd, 4319840.193, 96
Trd, 4319841.793, 98
Trd, 4319842.643, 96
Trd, 4319843.143, 95
Trd, 4319843.793, 96
Trd, 4319844.593, 95
Trd, 4319847.793, 96
Trd, 4319847.993, 95
Trd, 4319848.243, 96
Trd, 4319850.993, 94
Trd, 4319851.143, 93
Trd, 4319852.393, 92
Trd, 4319852.743, 85
Trd, 4319852.793, 104
Trd, 4319854.293, 89
Trd, 4319856.393, 87
Trd, 4319857.243, 86
Trd, 4319858.043, 85
Trd, 4319859.693, 85
Trd, 4319861.343, 100
Trd, 4319863.543, 95
Trd, 4319863.643, 95
Trd, 4319864.743, 86
Trd, 4319867.493, 97
Trd, 4319867.943, 100
Trd, 4319868.643, 96
Trd, 4319870.193, 97
Trd, 4319871.343, 95
Trd, 4319873.343, 97
Trd, 4319873.993, 95
Trd, 4319875.093, 94
Trd, 4319875.843, 95
Trd, 4319877.743, 94
Trd, 4319878.093, 93
Trd, 4319878.143, 95
Trd, 4319879.993, 94
Trd, 4319882.243, 94
Trd, 4319882.693, 94
Trd, 4319882.943, 93
Trd, 4319883.793, 95
Trd, 4319886.493, 113
Trd, 4319887.743, 100
Trd, 4319888.243, 103
Trd, 4319888.293, 102
Trd, 4319891.243, 99
Trd, 4319891.393, 99
Trd, 4319891.443, 100
Trd, 4319893.743, 100
Trd, 4319895.593, 99
Trd, 4319896.393, 98
Trd, 4319896.493, 100
Trd, 4319899.093, 97
Trd, 4319900.743, 98
Trd, 4319901.393, 98
Trd, 4319902.793, 95
Trd, 4319904.193, 95
Trd, 4319904.743, 98
Trd, 4319908.093, 91
Trd, 4319909.143, 91
Trd, 4319909.293, 91
Trd, 4319910.143, 91
Trd, 4319910.493, 90
Trd, 4319913.293, 91
Trd, 4319913.793, 89
Trd, 4319913.943, 95
Trd, 4319916.043, 95
Trd, 4319917.693, 102
Trd, 4319918.693, 95
Trd, 4319919.443, 97
Trd, 4319921.793, 97
Trd, 4319922.743, 97
Trd, 4319924.243, 97
Trd, 4319924.293, 97
Trd, 4319925.393, 100
Trd, 4319925.693, 98
Trd, 4319927.643, 97
Trd, 4319929.693, 99
Trd, 4319932.493, 98
Trd, 4319933.443, 98
Trd, 4319935.343, 97
Trd, 4319935.643, 98
Trd, 4319935.843, 99
Trd, 4319937.643, 96
Trd, 4319938.693, 96
Trd, 4319940.643, 95
Trd, 4319941.543, 99
Trd, 4319945.293, 99
Trd, 4319945.843, 98
Trd, 4319947.743, 104
Trd, 4319949.893, 100
Trd, 4319950.543, 100
Trd, 4319951.043, 101
Trd, 4319953.643, 100
Trd, 4319954.743, 101
Trd, 4319955.793, 104
Trd, 4319956.693, 104
Trd, 4319957.743, 106
Trd, 4319958.393, 102
Trd, 4319960.193, 103
Trd, 4319962.543, 104
Trd, 4319964.493, 102
Trd, 4319965.343, 101
Trd, 4319965.493, 101
Trd, 4319967.093, 95
Trd, 4319969.493, 94
Trd, 4319969.543, 94
Trd, 4319971.193, 93
Trd, 4319971.293, 94
Trd, 4319973.543, 95
Trd, 4319976.093, 100
Trd, 4319976.893, 99
Trd, 4319977.243, 98
Trd, 4319977.493, 104
Trd, 4319981.543, 97
Trd, 4319983.043, 96
Trd, 4319983.243, 95
Trd, 4319984.993, 97
Trd, 4319985.393, 97
Trd, 4319985.943, 97
Trd, 4319987.043, 98
Trd, 4319988.993, 98
Trd, 4319990.393, 98
Trd, 4319990.693, 98
Trd, 4319992.093, 98
Trd, 4319992.743, 97
Trd, 4319993.493, 96
Trd, 4319995.093, 97
Trd, 4319997.193, 96
Trd, 4319998.143, 95
Trd, 4319999.393, 86
Trd, 4319999.693, 95
