Trd, 4317896.393, 95
Trd, 4317899.693, 95
Trd, 4317900.043, 96
Trd, 4317901.143, 96
Trd, 4317902.493, 96
Trd, 4317903.193, 94
Trd, 4317904.143, 95
Trd, 4317904.593, 95
Trd, 4317905.843, 93
Trd, 4317907.143, 93
Trd, 4317908.593, 93
Trd, 4317908.743, 92
Trd, 4317910.443, 95
Trd, 4317911.793, 94
Trd, 4317913.293, 99
Trd, 4317913.943, 105
Trd, 4317913.993, 98
Trd, 4317915.943, 99
Trd, 4317916.243, 101
Trd, 4317917.943, 97
Trd, 4317921.943, 96
Trd, 4317923.643, 97
Trd, 4317923.793, 94
Trd, 4317925.143, 95
Trd, 4317925.793, 96
Trd, 4317928.593, 95
Trd, 4317928.943, 95
Trd, 4317929.043, 91
Trd, 4317930.393, 95
Trd, 4317930.743, 104
Trd, 4317931.493, 103
Trd, 4317932.443, 101
Trd, 4317934.543, 100
Trd, 4317934.643, 103
Trd, 4317935.143, 103
Trd, 4317937.393, 101
Trd, 4317937.493, 99
Trd, 4317939.543, 86
Trd, 4317939.793, 91
Trd, 4317940.543, 92
Trd, 4317942.743, 95
Trd, 4317944.343, 93
Trd, 4317944.893, 95
Trd, 4317944.943, 92
Trd, 4317945.343, 104
Trd, 4317948.743, 93
Trd, 4317950.343, 97
Trd, 4317950.893, 95
Trd, 4317951.993, 94
Trd, 4317952.143, 95
Trd, 4317953.393, 94
Trd, 4317955.093, 95
Trd, 4317955.743, 96
Trd, 4317958.943, 94
Trd, 4317959.893, 93
Trd, 4317961.443, 92
Trd, 4317962.143, 92
Trd, 4317963.343, 92
Trd, 4317963.693, 92
Trd, 4317964.043, 95
Trd, 4317964.343, 113
Trd, 4317967.893, 94
Trd, 4317968.143, 92
Trd, 4317970.643, 93
Trd, 4317970.893, 94
Trd, 4317972.343, 83
Trd, 4317974.043, 95
Trd, 4317974.493, 109
Trd, 4317977.243, 92
Trd, 4317978.643, 96
Trd, 4317978.843, 88
Trd, 4317979.693, 98
Trd, 4317981.493, 97
Trd, 4317982.843, 97
Trd, 4317982.893, 98
Trd, 4317984.043, 108
Trd, 4317986.293, 94
Trd, 4317987.343, 95
Trd, 4317987.893, 95
Trd, 4317988.193, 95
Trd, 4317989.093, 96
Trd, 4317989.543, 92
Trd, 4317992.493, 95
Trd, 4317993.443, 93
Trd, 4317995.093, 94
Trd, 4317995.493, 96
Trd, 4317996.543, 106
Trd, 4317997.193, 94
Trd, 4317998.643, 98
Trd, 4318000.693, 96
Trd, 4318003.743, 96
Trd, 4318004.293, 95
Trd, 4318004.643, 95
Trd, 4318005.193, 95
Trd, 4318005.693, 94
Trd, 4318005.793, 95
Trd, 4318006.493, 104
Trd, 4318006.843, 92
Trd, 4318009.193, 108
Trd, 4318009.793, 90
Trd, 4318013.443, 103
Trd, 4318014.043, 118
Trd, 4318015.793, 103
Trd, 4318016.343, 110
Trd, 4318019.043, 103
Trd, 4318020.593, 102
Trd, 4318021.843, 101
Trd, 4318022.243, 100
Trd, 4318022.843, 103
Trd, 4318023.343, 104
Trd, 4318027.243, 103
Trd, 4318028.193, 102
Trd, 4318028.743, 101
Trd, 4318029.993, 101
Trd, 4318030.643, 101
Trd, 4318030.743, 100
Trd, 4318031.443, 100
Trd, 4318032.943, 101
Trd, 4318035.893, 99
Trd, 4318036.593, 97
Trd, 4318038.043, 97
Trd, 4318038.843, 95
Trd, 4318038.993, 98
Trd, 4318040.093, 95
Trd, 4318041.793, 113
Trd, 4318042.143, 106
Trd, 4318043.693, 102
Trd, 4318045.093, 102
Trd, 4318045.143, 95
Trd, 4318049.193, 101
Trd, 4318049.593, 95
Trd, 4318051.343, 95
Trd, 4318051.893, 96
Trd, 4318053.093, 95
Trd, 4318054.443, 105
Trd, 4318056.443, 95
Trd, 4318057.093, 96
Trd, 4318058.493, 95
Trd, 4318059.343, 95
Trd, 4318059.793, 94
Trd, 4318061.343, 87
Trd, 4318061.643, 92
Trd, 4318062.893, 93
Trd, 4318063.443, 95
Trd, 4318064.443, 85
Trd, 4318065.143, 95
Trd, 4318068.393, 93
Trd, 4318069.843, 91
Trd, 4318070.393, 92
Trd, 4318070.543, 95
Trd, 4318074.443, 94
Trd, 4318074.693, 94
Trd, 4318076.393, 93
Trd, 4318078.143, 91
Trd, 4318078.943, 90
Trd, 4318079.493, 90
Trd, 4318080.943, 92
Trd, 4318081.943, 92
Trd, 4318083.143, 91
Trd, 4318083.493, 90
Trd, 4318083.643, 95
Trd, 4318084.893, 86
Trd, 4318086.543, 95
Trd, 4318087.143, 102
Trd, 4318090.943, 94
Trd, 4318092.293, 104
Trd, 4318092.493, 113
Trd, 4318093.143, 98
Trd, 4318094.293, 100
Trd, 4318094.443, 98
Trd, 4318096.943, 98
Trd, 4318098.243, 97
Trd, 4318098.543, 97
Trd, 4318098.643, 103
Trd, 4318101.643, 95
Trd, 4318103.693, 96
Trd, 4318104.893, 96
Trd, 4318105.593, 97
Trd, 4318106.393, 110
Trd, 4318109.143, 96
Trd, 4318109.193, 95
Trd, 4318110.143, 95
Trd, 4318111.593, 94
Trd, 4318112.143, 93
Trd, 4318114.693, 94
Trd, 4318115.643, 94
Trd, 4318115.893, 93
Trd, 4318117.543, 115
Trd, 4318117.843, 99
Trd, 4318120.543, 103
Trd, 4318121.543, 103
Trd, 4318122.343, 103
Trd, 4318122.893, 108
Trd, 4318124.543, 111
Trd, 4318126.393, 106
Trd, 4318128.143, 102
Trd, 4318128.793, 102
Trd, 4318129.593, 101
Trd, 4318132.043, 100
Trd, 4318132.593, 99
Trd, 4318132.893, 100
Trd, 4318134.693, 97
Trd, 4318135.043, 98
Trd, 4318136.093, 98
Trd, 4318138.793, 98
Trd, 4318139.143, 97
Trd, 4318140.493, 97
Trd, 4318140.643, 96
Trd, 4318140.993, 115
Trd, 4318144.143, 98
Trd, 4318144.343, 97
Trd, 4318148.193, 96
Trd, 4318148.593, 95
Trd, 4318148.843, 95
Trd, 4318148.993, 86
Trd, 4318149.043, 96
Trd, 4318151.143, 100
Trd, 4318151.893, 96
Trd, 4318153.643, 95
Trd, 4318154.293, 96
Trd, 4318155.243, 95
Trd, 4318157.793, 94
Trd, 4318158.093, 95
Trd, 4318159.943, 95
Trd, 4318162.193, 97
Trd, 4318163.793, 98
Trd, 4318164.393, 97
Trd, 4318164.493, 107
Trd, 4318164.593, 113
Trd, 4318165.743, 109
Trd, 4318166.493, 109
Trd, 4318168.693, 98
Trd, 4318169.493, 100
Trd, 4318170.743, 97
Trd, 4318171.193, 101
Trd, 4318173.943, 95
Trd, 4318174.093, 99
Trd, 4318175.843, 95
Trd, 4318176.693, 95
Trd, 4318176.743, 98
Trd, 4318178.493, 97
Trd, 4318179.193, 105
Trd, 4318181.393, 101
Trd, 4318182.193, 100
Trd, 4318183.443, 100
Trd, 4318183.843, 98
Trd, 4318186.243, 98
Trd, 4318186.843, 96
Trd, 4318188.593, 96
Trd, 4318189.343, 97
Trd, 4318191.193, 97
Trd, 4318194.693, 96
Trd, 4318194.993, 95
Trd, 4318195.093, 95
Trd, 4318195.843, 95
Trd, 4318198.493, 95
Trd, 4318199.643, 94
Trd, 4318199.793, 105
Trd, 4318201.043, 99
Trd, 4318201.343, 109
Trd, 4318201.793, 100
Trd, 4318204.593, 112
Trd, 4318207.943, 104
Trd, 4318211.643, 102
Trd, 4318211.693, 101
Trd, 4318212.143, 99
Trd, 4318213.343, 103
Trd, 4318214.143, 104
Trd, 4318215.093, 103
Trd, 4318217.843, 99
Trd, 4318219.443, 100
Trd, 4318219.893, 99
Trd, 4318220.293, 102
Trd, 4318222.943, 95
Trd, 4318223.943, 108
Trd, 4318225.993, 102
Trd, 4318226.543, 98
Trd, 4318228.143, 98
Trd, 4318229.293, 99
Trd, 4318229.493, 98
Trd, 4318229.593, 99
Trd, 4318231.693, 100
Trd, 4318233.193, 113
Trd, 4318233.993, 97
Trd, 4318236.043, 98
Trd, 4318237.443, 97
Trd, 4318238.143, 96
Trd, 4318239.393, 98
Trd, 4318239.743, 97
Trd, 4318241.193, 95
Trd, 4318241.593, 95
Trd, 4318242.493, 95
Trd, 4318243.093, 95
Trd, 4318243.343, 103
Trd, 4318246.493, 98
Trd, 4318247.393, 97
Trd, 4318248.293, 97
Trd, 4318249.043, 95
Trd, 4318250.143, 95
Trd, 4318250.843, 96
Trd, 4318251.843, 76
Trd, 4318255.993, 92
Trd, 4318256.693, 93
Trd, 4318258.293, 95
Trd, 4318259.993, 98
Trd, 4318261.193, 98
Trd, 4318263.193, 100
Trd, 4318263.593, 98
Trd, 4318263.793, 99
Trd, 4318264.243, 98
Trd, 4318265.543, 99
Trd, 4318269.143, 96
Trd, 4318269.193, 96
Trd, 4318270.843, 103
Trd, 4318271.443, 95
Trd, 4318271.643, 95
Trd, 4318272.193, 99
Trd, 4318273.093, 95
Trd, 4318274.993, 95
Trd, 4318276.093, 96
Trd, 4318277.043, 94
Trd, 4318277.243, 94
Trd, 4318278.043, 92
Trd, 4318279.243, 95
Trd, 4318279.593, 97
Trd, 4318282.043, 99
Trd, 4318283.443, 103
Trd, 4318283.943, 99
Trd, 4318284.143, 98
Trd, 4318286.143, 98
Trd, 4318287.493, 97
Trd, 4318288.793, 96
Trd, 4318289.943, 98
Trd, 4318291.293, 110
Trd, 4318293.293, 101
Trd, 4318295.743, 95
Trd, 4318298.643, 96
Trd, 4318299.793, 96
Trd, 4318300.243, 95
Trd, 4318301.493, 97
Trd, 4318301.693, 95
Trd, 4318305.193, 94
Trd, 4318305.693, 97
Trd, 4318307.393, 96
Trd, 4318308.443, 94
Trd, 4318308.793, 95
Trd, 4318313.493, 95
Trd, 4318313.893, 94
Trd, 4318314.843, 94
Trd, 4318315.243, 95
Trd, 4318315.793, 92
Trd, 4318316.493, 106
Trd, 4318318.943, 98
Trd, 4318319.343, 98
Trd, 4318321.143, 97
Trd, 4318321.393, 96
Trd, 4318321.493, 110
Trd, 4318323.993, 122
Trd, 4318326.143, 95
Trd, 4318326.493, 102
Trd, 4318327.243, 100
Trd, 4318327.793, 100
Trd, 4318330.243, 102
Trd, 4318331.393, 99
Trd, 4318332.593, 97
Trd, 4318332.693, 94
Trd, 4318334.243, 96
Trd, 4318335.693, 123
Trd, 4318336.843, 102
Trd, 4318339.043, 101
Trd, 4318339.443, 102
Trd, 4318341.443, 103
Trd, 4318342.993, 100
Trd, 4318345.343, 102
Trd, 4318346.843, 100
Trd, 4318348.393, 99
Trd, 4318349.893, 99
Trd, 4318350.143, 95
Trd, 4318351.693, 97
Trd, 4318354.293, 96
Trd, 4318354.993, 98
Trd, 4318358.143, 95
Trd, 4318358.543, 97
Trd, 4318358.993, 98
Trd, 4318363.043, 95
Trd, 4318363.443, 94
Trd, 4318363.943, 94
Trd, 4318364.093, 93
Trd, 4318364.443, 96
Trd, 4318365.093, 77
Trd, 4318367.243, 97
Trd, 4318368.393, 100
Trd, 4318370.943, 96
Trd, 4318372.693, 91
Trd, 4318374.493, 89
Trd, 4318377.343, 90
Trd, 4318377.743, 89
Trd, 4318377.993, 89
Trd, 4318379.443, 89
Trd, 4318379.843, 88
Trd, 4318380.043, 89
Trd, 4318380.093, 88
Trd, 4318381.093, 89
Trd, 4318381.193, 95
Trd, 4318385.543, 90
Trd, 4318387.293, 90
Trd, 4318389.143, 90
Trd, 4318390.343, 95
Trd, 4318390.643, 93
Trd, 4318394.043, 92
Trd, 4318394.443, 92
Trd, 4318394.893, 93
Trd, 4318396.293, 104
Trd, 4318398.143, 97
Trd, 4318399.543, 95
Trd, 4318399.943, 95
Trd, 4318401.043, 95
Trd, 4318401.643, 96
Trd, 4318403.043, 96
Trd, 4318403.093, 95
Trd, 4318406.193, 94
Trd, 4318406.643, 95
Trd, 4318406.993, 95
Trd, 4318409.443, 95
Trd, 4318410.393, 93
Trd, 4318410.743, 93
Trd, 4318413.543, 93
Trd, 4318413.593, 95
Trd, 4318414.693, 109
Trd, 4318416.943, 110
Trd, 4318417.293, 97
Trd, 4318417.543, 108
Trd, 4318422.693, 101
Trd, 4318422.943, 99
Trd, 4318423.943, 99
Trd, 4318424.743, 99
Trd, 4318427.193, 98
Trd, 4318428.793, 98
Trd, 4318429.493, 97
Trd, 4318430.043, 98
Trd, 4318430.293, 99
Trd, 4318431.793, 104
Trd, 4318434.243, 105
Trd, 4318434.993, 96
Trd, 4318435.443, 95
Trd, 4318437.993, 96
Trd, 4318438.993, 103
Trd, 4318440.793, 95
Trd, 4318442.693, 98
Trd, 4318444.143, 95
Trd, 4318444.843, 95
Trd, 4318446.343, 97
Trd, 4318448.043, 95
Trd, 4318449.593, 95
Trd, 4318450.643, 98
Trd, 4318451.293, 108
Trd, 4318452.343, 94
Trd, 4318455.443, 95
Trd, 4318455.493, 96
Trd, 4318456.393, 95
Trd, 4318458.143, 95
Trd, 4318459.143, 95
Trd, 4318459.243, 96
Trd, 4318459.293, 95
Trd, 4318462.693, 107
Trd, 4318464.543, 95
Trd, 4318465.193, 94
Trd, 4318465.593, 93
Trd, 4318466.243, 98
Trd, 4318468.493, 92
Trd, 4318469.893, 92
Trd, 4318470.043, 91
Trd, 4318470.343, 94
Trd, 4318470.793, 95
Trd, 4318475.193, 91
Trd, 4318475.343, 91
Trd, 4318475.693, 90
Trd, 4318477.143, 98
Trd, 4318477.693, 104
Trd, 4318479.143, 98
Trd, 4318479.643, 84
Trd, 4318482.243, 97
Trd, 4318482.743, 97
Trd, 4318484.193, 98
Trd, 4318485.943, 98
Trd, 4318486.593, 96
Trd, 4318486.793, 99
Trd, 4318487.093, 99
Trd, 4318491.093, 95
Trd, 4318491.743, 94
Trd, 4318493.243, 109
Trd, 4318495.493, 95
Trd, 4318495.593, 97
Trd, 4318496.743, 95
Trd, 4318498.693, 94
Trd, 4318498.893, 93
Trd, 4318499.443, 96
Trd, 4318499.493, 76
Trd, 4318500.693, 96
Trd, 4318501.393, 113
Trd, 4318503.543, 107
Trd, 4318505.293, 95
Trd, 4318506.543, 105
Trd, 4318508.943, 103
Trd, 4318509.993, 94
Trd, 4318511.443, 99
Trd, 4318513.193, 101
Trd, 4318513.443, 101
Trd, 4318514.643, 99
Trd, 4318515.793, 99
Trd, 4318515.993, 100
Trd, 4318519.193, 101
Trd, 4318519.843, 98
Trd, 4318520.743, 104
Trd, 4318521.693, 104
Trd, 4318523.743, 101
Trd, 4318524.243, 97
Trd, 4318526.043, 101
Trd, 4318529.193, 96
Trd, 4318529.443, 95
Trd, 4318530.693, 95
Trd, 4318531.793, 96
Trd, 4318532.843, 95
Trd, 4318534.043, 96
Trd, 4318535.193, 96
Trd, 4318536.443, 105
Trd, 4318538.043, 112
Trd, 4318540.193, 99
Trd, 4318540.393, 95
Trd, 4318541.143, 94
Trd, 4318542.443, 99
Trd, 4318544.593, 99
Trd, 4318545.343, 98
Trd, 4318546.493, 96
Trd, 4318547.893, 96
Trd, 4318548.343, 97
Trd, 4318549.943, 123
Trd, 4318549.993, 96
Trd, 4318553.393, 95
Trd, 4318553.943, 97
Trd, 4318556.143, 97
Trd, 4318557.493, 98
Trd, 4318558.093, 97
Trd, 4318560.843, 97
Trd, 4318561.193, 96
Trd, 4318561.393, 102
Trd, 4318561.643, 95
Trd, 4318561.993, 103
Trd, 4318564.993, 94
Trd, 4318565.493, 95
Trd, 4318566.243, 96
Trd, 4318567.093, 93
Trd, 4318570.993, 95
Trd, 4318572.443, 95
Trd, 4318572.593, 110
Trd, 4318573.043, 94
Trd, 4318574.543, 93
Trd, 4318577.043, 100
Trd, 4318577.643, 99
Trd, 4318579.343, 98
Trd, 4318579.893, 99
Trd, 4318581.293, 95
Trd, 4318584.943, 95
Trd, 4318585.343, 95
Trd, 4318585.543, 94
Trd, 4318587.043, 99
Trd, 4318589.193, 95
Trd, 4318590.693, 94
Trd, 4318591.743, 92
Trd, 4318592.643, 95
Trd, 4318592.843, 93
Trd, 4318593.543, 93
Trd, 4318593.643, 95
Trd, 4318595.293, 104
Trd, 4318597.343, 92
Trd, 4318597.643, 92
Trd, 4318597.843, 92
Trd, 4318598.043, 94
Trd, 4318600.493, 121
Trd, 4318600.793, 112
Trd, 4318602.243, 110
Trd, 4318602.643, 103
Trd, 4318605.243, 103
Trd, 4318605.593, 107
Trd, 4318606.443, 113
Trd, 4318607.443, 104
Trd, 4318607.743, 102
Trd, 4318609.193, 100
Trd, 4318609.243, 102
Trd, 4318610.843, 95
Trd, 4318610.893, 113
Trd, 4318612.243, 95
Trd, 4318613.993, 94
Trd, 4318614.343, 96
Trd, 4318614.993, 87
Trd, 4318616.293, 94
Trd, 4318619.443, 99
Trd, 4318620.593, 107
Trd, 4318621.193, 99
Trd, 4318622.893, 98
Trd, 4318623.043, 97
Trd, 4318623.993, 97
Trd, 4318624.293, 97
Trd, 4318624.543, 95
Trd, 4318627.493, 97
Trd, 4318628.543, 95
Trd, 4318630.043, 94
Trd, 4318631.543, 93
Trd, 4318631.843, 94
Trd, 4318632.793, 94
Trd, 4318632.993, 95
Trd, 4318636.843, 94
Trd, 4318637.193, 94
Trd, 4318637.243, 92
Trd, 4318639.393, 92
Trd, 4318639.443, 92
Trd, 4318639.743, 95
Trd, 4318639.943, 104
Trd, 4318644.043, 92
Trd, 4318645.143, 93
Trd, 4318645.243, 94
Trd, 4318646.743, 91
Trd, 4318649.293, 94
Trd, 4318650.843, 94
Trd, 4318651.693, 95
Trd, 4318653.793, 95
Trd, 4318654.443, 112
Trd, 4318654.543, 98
Trd, 4318656.243, 103
Trd, 4318658.693, 97
Trd, 4318659.093, 98
Trd, 4318659.693, 97
Trd, 4318661.393, 98
Trd, 4318663.493, 93
Trd, 4318663.693, 96
Trd, 4318665.943, 94
Trd, 4318666.393, 95
Trd, 4318668.093, 91
Trd, 4318668.943, 91
Trd, 4318671.393, 92
Trd, 4318671.493, 93
Trd, 4318673.043, 95
Trd, 4318675.193, 94
Trd, 4318675.243, 95
Trd, 4318677.093, 95
Trd, 4318680.343, 93
Trd, 4318681.143, 93
Trd, 4318681.793, 94
Trd, 4318683.743, 92
Trd, 4318684.243, 95
Trd, 4318687.143, 92
Trd, 4318687.243, 92
Trd, 4318688.043, 90
Trd, 4318689.643, 91
Trd, 4318690.043, 95
Trd, 4318690.543, 116
Trd, 4318693.643, 91
Trd, 4318694.043, 91
Trd, 4318694.693, 95
Trd, 4318695.543, 112
Trd, 4318696.443, 93
Trd, 4318699.043, 95
Trd, 4318699.543, 100
Trd, 4318702.343, 95
Trd, 4318703.293, 96
Trd, 4318703.443, 94
Trd, 4318705.293, 95
Trd, 4318705.593, 96
Trd, 4318708.043, 94
Trd, 4318709.193, 94
Trd, 4318709.443, 95
Trd, 4318711.193, 108
Trd, 4318712.093, 96
Trd, 4318712.343, 97
Trd, 4318714.743, 109
Trd, 4318715.293, 96
Trd, 4318716.543, 100
Trd, 4318718.093, 100
Trd, 4318719.643, 95
Trd, 4318721.043, 102
Trd, 4318723.943, 95
Trd, 4318724.093, 99
Trd, 4318726.843, 96
Trd, 4318727.793, 95
Trd, 4318729.343, 95
Trd, 4318729.743, 95
Trd, 4318730.693, 94
Trd, 4318730.943, 96
Trd, 4318731.693, 97
Trd, 4318733.543, 102
Trd, 4318735.893, 104
Trd, 4318736.893, 95
Trd, 4318739.093, 100
Trd, 4318739.993, 106
Trd, 4318740.243, 97
Trd, 4318742.793, 102
Trd, 4318743.243, 102
Trd, 4318743.743, 96
Trd, 4318746.493, 95
Trd, 4318747.093, 96
Trd, 4318747.243, 95
Trd, 4318747.493, 96
Trd, 4318750.143, 94
Trd, 4318751.193, 94
Trd, 4318751.643, 86
Trd, 4318754.543, 93
Trd, 4318755.143, 93
Trd, 4318756.493, 95
Trd, 4318757.243, 102
Trd, 4318760.543, 94
Trd, 4318760.643, 96
Trd, 4318761.443, 94
Trd, 4318761.943, 96
Trd, 4318762.743, 106
Trd, 4318763.543, 105
Trd, 4318767.243, 101
Trd, 4318768.343, 95
Trd, 4318768.843, 97
Trd, 4318769.293, 95
Trd, 4318772.843, 97
Trd, 4318773.793, 95
Trd, 4318774.293, 94
Trd, 4318775.043, 95
Trd, 4318776.443, 95
Trd, 4318777.143, 95
Trd, 4318778.493, 94
Trd, 4318779.493, 95
Trd, 4318780.093, 94
Trd, 4318780.693, 76
Trd, 4318782.193, 89
Trd, 4318782.843, 86
Trd, 4318783.643, 86
Trd, 4318783.943, 87
Trd, 4318784.993, 95
Trd, 4318788.393, 89
Trd, 4318788.743, 90
Trd, 4318789.343, 90
Trd, 4318792.243, 91
Trd, 4318793.093, 92
Trd, 4318795.293, 95
Trd, 4318796.393, 113
Trd, 4318796.643, 93
Trd, 4318798.293, 98
Trd, 4318798.993, 116
Trd, 4318801.593, 104
Trd, 4318803.343, 103
Trd, 4318804.643, 106
Trd, 4318805.443, 105
Trd, 4318806.443, 102
Trd, 4318806.943, 102
Trd, 4318807.193, 100
Trd, 4318807.843, 101
Trd, 4318808.243, 100
Trd, 4318809.693, 99
Trd, 4318810.943, 98
Trd, 4318812.143, 97
Trd, 4318814.893, 97
Trd, 4318815.793, 103
Trd, 4318818.493, 100
Trd, 4318818.843, 96
Trd, 4318821.243, 95
Trd, 4318821.343, 96
Trd, 4318821.393, 105
Trd, 4318825.243, 95
Trd, 4318825.443, 98
Trd, 4318826.743, 98
Trd, 4318828.093, 95
Trd, 4318828.493, 95
Trd, 4318830.393, 96
Trd, 4318832.193, 95
Trd, 4318832.743, 94
Trd, 4318832.893, 96
Trd, 4318833.043, 104
Trd, 4318833.143, 92
Trd, 4318835.993, 91
Trd, 4318836.193, 92
Trd, 4318837.043, 90
Trd, 4318839.693, 93
Trd, 4318839.843, 90
Trd, 4318840.293, 107
Trd, 4318840.993, 109
Trd, 4318846.043, 94
Trd, 4318847.043, 94
Trd, 4318847.893, 90
Trd, 4318850.193, 100
Trd, 4318850.343, 98
Trd, 4318851.693, 104
Trd, 4318852.543, 107
Trd, 4318854.593, 99
Trd, 4318854.693, 104
Trd, 4318856.543, 104
Trd, 4318858.493, 100
Trd, 4318858.993, 100
Trd, 4318860.793, 99
Trd, 4318862.343, 98
Trd, 4318863.393, 97
Trd, 4318863.793, 95
Trd, 4318864.293, 96
Trd, 4318864.643, 94
Trd, 4318865.093, 105
Trd, 4318865.143, 113
Trd, 4318869.293, 96
Trd, 4318869.643, 96
Trd, 4318871.143, 95
Trd, 4318871.193, 100
Trd, 4318875.043, 96
Trd, 4318875.243, 95
Trd, 4318876.043, 96
Trd, 4318878.143, 95
Trd, 4318878.943, 92
Trd, 4318880.943, 77
Trd, 4318881.043, 86
Trd, 4318881.693, 86
Trd, 4318884.193, 86
Trd, 4318884.443, 95
Trd, 4318884.993, 110
Trd, 4318885.343, 121
Trd, 4318885.793, 111
Trd, 4318887.743, 109
Trd, 4318890.343, 103
Trd, 4318890.693, 102
Trd, 4318892.493, 103
Trd, 4318892.893, 102
Trd, 4318895.043, 105
Trd, 4318896.793, 102
Trd, 4318896.993, 101
Trd, 4318897.443, 105
Trd, 4318898.343, 101
Trd, 4318899.843, 98
Trd, 4318900.143, 100
Trd, 4318901.193, 100
Trd, 4318904.043, 97
Trd, 4318907.143, 95
Trd, 4318907.693, 94
Trd, 4318908.043, 95
Trd, 4318908.593, 97
Trd, 4318909.543, 95
Trd, 4318909.743, 110
Trd, 4318912.193, 96
Trd, 4318913.493, 95
Trd, 4318913.643, 98
Trd, 4318915.693, 95
Trd, 4318917.293, 95
Trd, 4318917.793, 94
Trd, 4318917.843, 106
Trd, 4318918.193, 107
Trd, 4318921.593, 97
Trd, 4318923.443, 94
Trd, 4318923.793, 96
Trd, 4318924.443, 95
Trd, 4318925.443, 95
Trd, 4318925.993, 95
Trd, 4318926.093, 94
Trd, 4318927.693, 104
Trd, 4318929.293, 99
Trd, 4318933.343, 93
Trd, 4318934.393, 93
Trd, 4318934.493, 93
Trd, 4318934.793, 96
Trd, 4318935.793, 96
Trd, 4318935.993, 92
Trd, 4318939.193, 92
Trd, 4318940.793, 93
Trd, 4318941.393, 91
Trd, 4318941.793, 92
Trd, 4318944.343, 91
Trd, 4318944.543, 94
Trd, 4318945.893, 92
Trd, 4318947.643, 95
Trd, 4318947.693, 91
Trd, 4318950.093, 93
Trd, 4318950.393, 94
Trd, 4318951.543, 103
Trd, 4318952.743, 97
Trd, 4318955.943, 98
Trd, 4318956.593, 100
Trd, 4318958.393, 97
Trd, 4318958.443, 97
Trd, 4318959.893, 96
Trd, 4318961.393, 95
Trd, 4318963.343, 94
Trd, 4318963.593, 95
Trd, 4318964.943, 95
Trd, 4318965.593, 93
Trd, 4318967.093, 95
Trd, 4318968.243, 92
Trd, 4318971.243, 92
Trd, 4318972.693, 92
Trd, 4318973.593, 91
Trd, 4318973.743, 91
Trd, 4318973.793, 92
Trd, 4318976.243, 90
Trd, 4318976.543, 95
Trd, 4318979.093, 99
Trd, 4318980.843, 97
Trd, 4318981.793, 95
Trd, 4318981.893, 96
Trd, 4318983.293, 96
Trd, 4318983.693, 110
Trd, 4318985.793, 98
Trd, 4318986.843, 110
Trd, 4318986.943, 101
Trd, 4318988.193, 112
Trd, 4318991.593, 105
Trd, 4318993.393, 102
Trd, 4318994.393, 102
Trd, 4318994.793, 100
Trd, 4318995.543, 103
Trd, 4318997.943, 95
Trd, 4318998.843, 97
Trd, 4318999.293, 97
Trd, 4319000.043, 97
Trd, 4319003.243, 96
Trd, 4319003.593, 102
Trd, 4319005.593, 99
Trd, 4319007.093, 95
Trd, 4319008.393, 106
Trd, 4319010.293, 100
Trd, 4319011.443, 99
Trd, 4319011.493, 95
Trd, 4319012.343, 99
Trd, 4319013.193, 95
Trd, 4319015.893, 94
Trd, 4319015.943, 95
Trd, 4319017.093, 94
Trd, 4319017.593, 96
Trd, 4319021.043, 93
Trd, 4319021.343, 93
Trd, 4319022.593, 93
Trd, 4319022.743, 92
Trd, 4319022.943, 112
Trd, 4319024.343, 104
Trd, 4319024.493, 91
Trd, 4319029.743, 99
Trd, 4319031.393, 97
Trd, 4319031.593, 98
Trd, 4319031.843, 111
Trd, 4319033.043, 100
Trd, 4319033.643, 104
Trd, 4319034.793, 108
Trd, 4319036.893, 110
Trd, 4319038.993, 104
Trd, 4319039.893, 105
Trd, 4319042.243, 104
Trd, 4319043.493, 102
Trd, 4319043.593, 101
Trd, 4319044.593, 88
Trd, 4319047.043, 101
Trd, 4319047.543, 101
Trd, 4319048.993, 100
Trd, 4319050.043, 96
Trd, 4319053.043, 95
Trd, 4319055.893, 95
Trd, 4319056.193, 95
Trd, 4319057.343, 98
Trd, 4319057.743, 109
Trd, 4319060.093, 111
Trd, 4319060.293, 94
Trd, 4319062.043, 105
Trd, 4319064.393, 102
Trd, 4319066.043, 99
Trd, 4319066.743, 98
Trd, 4319067.743, 99
Trd, 4319068.443, 97
Trd, 4319071.193, 113
Trd, 4319071.643, 97
Trd, 4319072.243, 104
Trd, 4319073.593, 102
Trd, 4319074.443, 103
Trd, 4319077.543, 101
Trd, 4319077.593, 103
Trd, 4319078.943, 101
Trd, 4319080.043, 99
Trd, 4319080.093, 90
Trd, 4319081.793, 111
Trd, 4319082.693, 102
Trd, 4319083.743, 95
Trd, 4319084.193, 102
Trd, 4319087.443, 100
Trd, 4319090.143, 97
Trd, 4319090.293, 98
Trd, 4319092.293, 96
Trd, 4319092.943, 95
Trd, 4319094.943, 96
Trd, 4319095.843, 95
Trd, 4319096.743, 95
Trd, 4319096.993, 96
Trd, 4319097.843, 111
Trd, 4319097.993, 93
Trd, 4319099.043, 111
Trd, 4319102.443, 98
Trd, 4319102.993, 101
Trd, 4319105.393, 99
Trd, 4319106.143, 98
Trd, 4319106.293, 98
Trd, 4319106.893, 88
Trd, 4319108.293, 96
Trd, 4319110.443, 103
Trd, 4319110.693, 95
Trd, 4319110.793, 113
Trd, 4319115.243, 96
Trd, 4319115.493, 96
Trd, 4319115.843, 99
Trd, 4319117.493, 98
Trd, 4319118.593, 95
Trd, 4319118.643, 95
Trd, 4319119.443, 95
Trd, 4319120.943, 107
Trd, 4319123.243, 99
Trd, 4319123.943, 99
Trd, 4319124.693, 95
Trd, 4319126.193, 96
Trd, 4319126.243, 98
Trd, 4319128.243, 95
Trd, 4319129.893, 95
Trd, 4319131.593, 95
Trd, 4319131.643, 94
Trd, 4319132.143, 93
Trd, 4319133.593, 96
Trd, 4319135.143, 97
Trd, 4319137.343, 95
Trd, 4319138.143, 96
Trd, 4319139.243, 97
Trd, 4319139.643, 94
Trd, 4319141.843, 96
Trd, 4319144.443, 95
Trd, 4319144.943, 93
Trd, 4319145.543, 95
Trd, 4319146.093, 96
Trd, 4319147.543, 93
Trd, 4319149.393, 96
Trd, 4319151.493, 95
Trd, 4319151.993, 94
Trd, 4319152.393, 95
Trd, 4319153.793, 98
Trd, 4319154.793, 94
Trd, 4319156.593, 94
Trd, 4319156.793, 93
Trd, 4319159.143, 104
Trd, 4319159.293, 113
Trd, 4319161.143, 101
Trd, 4319163.143, 95
Trd, 4319164.993, 98
Trd, 4319165.293, 100
Trd, 4319166.343, 96
Trd, 4319166.493, 95
Trd, 4319166.643, 86
Trd, 4319167.293, 89
Trd, 4319170.993, 94
Trd, 4319171.493, 93
Trd, 4319172.093, 95
Trd, 4319173.093, 107
Trd, 4319175.043, 97
Trd, 4319176.643, 95
Trd, 4319177.393, 96
Trd, 4319179.143, 95
Trd, 4319180.743, 94
Trd, 4319180.943, 96
Trd, 4319181.643, 95
Trd, 4319182.243, 97
Trd, 4319185.043, 107
Trd, 4319185.343, 100
Trd, 4319186.293, 102
Trd, 4319188.943, 109
Trd, 4319190.393, 99
Trd, 4319192.993, 99
Trd, 4319194.793, 100
Trd, 4319195.143, 97
Trd, 4319196.793, 97
Trd, 4319197.393, 97
Trd, 4319197.493, 98
Trd, 4319199.293, 98
Trd, 4319200.943, 95
Trd, 4319201.643, 98
Trd, 4319201.793, 95
Trd, 4319202.143, 113
Trd, 4319204.893, 95
Trd, 4319206.093, 94
Trd, 4319207.343, 94
Trd, 4319207.743, 97
Trd, 4319209.443, 95
Trd, 4319210.243, 94
Trd, 4319211.193, 100
Trd, 4319211.593, 113
Trd, 4319212.243, 94
Trd, 4319212.893, 103
Trd, 4319213.793, 104
Trd, 4319215.643, 103
Trd, 4319217.493, 102
Trd, 4319217.793, 95
Trd, 4319219.293, 97
Trd, 4319220.293, 92
Trd, 4319220.593, 93
Trd, 4319222.543, 92
Trd, 4319222.643, 93
Trd, 4319223.593, 86
Trd, 4319225.293, 89
Trd, 4319225.493, 87
Trd, 4319226.093, 95
Trd, 4319227.743, 96
Trd, 4319230.393, 99
Trd, 4319230.843, 108
Trd, 4319231.993, 113
Trd, 4319234.593, 98
Trd, 4319236.143, 97
Trd, 4319236.543, 97
Trd, 4319237.093, 95
Trd, 4319238.543, 91
Trd, 4319240.193, 93
Trd, 4319240.893, 95
Trd, 4319240.993, 93
Trd, 4319242.143, 105
Trd, 4319242.493, 85
Trd, 4319244.293, 93
Trd, 4319245.793, 94
Trd, 4319246.843, 95
Trd, 4319247.993, 108
Trd, 4319249.993, 103
Trd, 4319250.543, 103
Trd, 4319250.593, 104
Trd, 4319251.643, 102
Trd, 4319252.943, 102
Trd, 4319253.393, 103
Trd, 4319254.793, 101
Trd, 4319256.643, 100
Trd, 4319256.943, 101
Trd, 4319257.343, 100
Trd, 4319258.893, 101
Trd, 4319261.493, 99
Trd, 4319265.243, 99
Trd, 4319265.643, 102
Trd, 4319265.993, 98
Trd, 4319267.793, 99
Trd, 4319268.193, 101
Trd, 4319270.243, 96
Trd, 4319270.343, 99
Trd, 4319272.243, 97
Trd, 4319272.993, 95
Trd, 4319273.443, 97
Trd, 4319274.993, 95
Trd, 4319275.793, 97
Trd, 4319278.493, 94
Trd, 4319278.693, 94
Trd, 4319279.493, 95
Trd, 4319281.343, 93
Trd, 4319281.793, 93
Trd, 4319282.543, 95
Trd, 4319283.693, 95
Trd, 4319285.393, 97
Trd, 4319285.993, 106
Trd, 4319289.693, 97
Trd, 4319292.093, 97
Trd, 4319292.843, 96
Trd, 4319293.293, 95
Trd, 4319293.343, 95
Trd, 4319293.493, 105
Trd, 4319295.543, 95
Trd, 4319296.493, 96
Trd, 4319296.843, 95
Trd, 4319297.043, 105
Trd, 4319297.793, 113
Trd, 4319299.393, 107
Trd, 4319300.443, 96
Trd, 4319303.743, 102
Trd, 4319305.693, 97
Trd, 4319306.393, 97
Trd, 4319306.643, 98
Trd, 4319308.443, 96
Trd, 4319308.643, 96
Trd, 4319308.693, 106
Trd, 4319311.943, 96
Trd, 4319312.293, 101
Trd, 4319314.343, 113
Trd, 4319316.843, 97
Trd, 4319317.243, 95
Trd, 4319317.743, 94
Trd, 4319318.593, 94
Trd, 4319319.243, 95
Trd, 4319320.643, 95
Trd, 4319322.143, 98
Trd, 4319322.693, 104
Trd, 4319323.293, 107
Trd, 4319324.043, 98
Trd, 4319326.693, 101
Trd, 4319329.243, 104
Trd, 4319330.443, 98
Trd, 4319330.893, 113
Trd, 4319333.093, 102
Trd, 4319333.493, 103
Trd, 4319333.693, 102
Trd, 4319336.193, 101
Trd, 4319337.993, 100
Trd, 4319338.593, 102
Trd, 4319341.643, 100
Trd, 4319341.943, 101
Trd, 4319342.093, 98
Trd, 4319343.193, 96
Trd, 4319343.293, 97
Trd, 4319343.943, 104
Trd, 4319346.793, 95
Trd, 4319347.193, 99
Trd, 4319349.393, 95
Trd, 4319351.593, 94
Trd, 4319351.943, 95
Trd, 4319352.693, 96
Trd, 4319355.543, 97
Trd, 4319355.743, 96
Trd, 4319356.943, 96
Trd, 4319356.993, 97
Trd, 4319360.593, 95
Trd, 4319361.743, 95
Trd, 4319362.093, 96
Trd, 4319362.243, 91
Trd, 4319364.493, 95
Trd, 4319364.993, 122
Trd, 4319365.193, 114
Trd, 4319365.943, 106
Trd, 4319366.643, 101
Trd, 4319366.893, 122
Trd, 4319368.643, 108
Trd, 4319368.943, 106
Trd, 4319370.193, 101
Trd, 4319371.543, 105
Trd, 4319373.493, 103
Trd, 4319374.293, 104
Trd, 4319376.493, 102
Trd, 4319377.993, 95
Trd, 4319378.393, 108
Trd, 4319380.843, 99
Trd, 4319381.143, 101
Trd, 4319382.793, 100
Trd, 4319384.193, 99
Trd, 4319386.993, 107
Trd, 4319387.843, 98
Trd, 4319388.743, 100
Trd, 4319390.493, 97
Trd, 4319390.643, 98
Trd, 4319393.193, 96
Trd, 4319393.643, 100
Trd, 4319394.493, 95
Trd, 4319395.293, 95
Trd, 4319396.343, 94
Trd, 4319397.093, 95
Trd, 4319398.793, 95
Trd, 4319400.293, 112
Trd, 4319401.993, 100
Trd, 4319404.043, 99
Trd, 4319406.543, 99
Trd, 4319406.843, 100
Trd, 4319409.393, 98
Trd, 4319410.043, 98
Trd, 4319410.543, 98
Trd, 4319411.543, 97
Trd, 4319413.293, 96
Trd, 4319413.443, 99
Trd, 4319415.293, 95
Trd, 4319417.493, 95
Trd, 4319417.693, 95
Trd, 4319418.293, 94
Trd, 4319419.543, 95
Trd, 4319419.993, 94
Trd, 4319421.743, 94
Trd, 4319422.543, 95
Trd, 4319423.743, 96
Trd, 4319423.843, 113
Trd, 4319424.743, 104
Trd, 4319425.993, 86
Trd, 4319428.393, 91
Trd, 4319428.993, 90
Trd, 4319429.193, 92
Trd, 4319430.443, 95
Trd, 4319430.743, 89
Trd, 4319431.293, 93
Trd, 4319433.993, 90
Trd, 4319436.493, 93
Trd, 4319439.393, 90
Trd, 4319439.893, 92
Trd, 4319440.393, 91
Trd, 4319441.393, 93
Trd, 4319442.443, 90
Trd, 4319444.043, 91
Trd, 4319444.543, 92
Trd, 4319445.343, 92
Trd, 4319446.943, 94
Trd, 4319449.593, 93
Trd, 4319449.643, 90
Trd, 4319450.843, 93
Trd, 4319451.443, 92
Trd, 4319452.643, 93
Trd, 4319453.343, 94
Trd, 4319455.843, 99
Trd, 4319456.643, 96
Trd, 4319457.243, 103
Trd, 4319458.743, 103
Trd, 4319460.193, 87
Trd, 4319462.893, 99
Trd, 4319463.293, 103
Trd, 4319467.443, 95
Trd, 4319467.543, 97
Trd, 4319468.193, 94
Trd, 4319470.443, 104
Trd, 4319470.993, 113
Trd, 4319473.293, 110
Trd, 4319474.443, 108
Trd, 4319474.843, 109
Trd, 4319475.243, 113
Trd, 4319475.543, 95
Trd, 4319477.293, 103
Trd, 4319478.443, 106
Trd, 4319479.143, 104
Trd, 4319479.443, 105
Trd, 4319481.543, 103
Trd, 4319484.243, 102
Trd, 4319484.643, 101
Trd, 4319485.643, 100
Trd, 4319485.943, 99
Trd, 4319486.993, 93
Trd, 4319487.343, 94
Trd, 4319488.893, 95
Trd, 4319490.493, 113
Trd, 4319491.643, 105
Trd, 4319491.943, 104
Trd, 4319492.543, 102
Trd, 4319493.243, 103
Trd, 4319494.743, 121
Trd, 4319495.593, 112
Trd, 4319496.643, 112
Trd, 4319496.843, 95
Trd, 4319498.043, 100
Trd, 4319498.543, 107
Trd, 4319500.843, 114
Trd, 4319501.793, 108
Trd, 4319503.693, 109
Trd, 4319504.493, 119
Trd, 4319504.643, 108
Trd, 4319504.693, 101
Trd, 4319507.443, 103
Trd, 4319511.093, 103
Trd, 4319511.393, 104
Trd, 4319512.743, 104
Trd, 4319513.993, 102
Trd, 4319514.793, 101
Trd, 4319515.643, 102
Trd, 4319515.743, 100
Trd, 4319517.493, 102
Trd, 4319519.343, 99
Trd, 4319520.143, 101
Trd, 4319523.843, 98
Trd, 4319523.893, 98
Trd, 4319524.143, 97
Trd, 4319524.493, 98
Trd, 4319524.543, 95
Trd, 4319526.943, 97
Trd, 4319530.493, 95
Trd, 4319530.943, 95
Trd, 4319530.993, 94
Trd, 4319531.743, 97
Trd, 4319532.593, 112
Trd, 4319535.143, 100
Trd, 4319535.243, 101
Trd, 4319535.393, 97
Trd, 4319538.193, 102
Trd, 4319538.293, 97
Trd, 4319539.793, 100
Trd, 4319542.543, 97
Trd, 4319543.243, 96
Trd, 4319545.193, 95
Trd, 4319545.793, 97
Trd, 4319546.543, 93
Trd, 4319548.293, 95
Trd, 4319549.093, 95
Trd, 4319551.393, 95
Trd, 4319552.593, 95
Trd, 4319552.793, 95
Trd, 4319555.243, 95
Trd, 4319556.343, 96
Trd, 4319556.593, 95
Trd, 4319557.793, 95
Trd, 4319558.043, 94
Trd, 4319559.893, 94
Trd, 4319560.443, 96
Trd, 4319561.493, 97
Trd, 4319563.243, 95
Trd, 4319563.943, 108
Trd, 4319565.243, 100
Trd, 4319566.343, 96
Trd, 4319567.043, 97
Trd, 4319568.343, 98
Trd, 4319569.593, 95
Trd, 4319569.893, 105
Trd, 4319571.943, 96
Trd, 4319572.993, 97
Trd, 4319573.293, 96
Trd, 4319573.543, 97
Trd, 4319576.593, 95
Trd, 4319576.693, 95
Trd, 4319578.193, 96
Trd, 4319580.693, 95
Trd, 4319581.893, 95
Trd, 4319582.493, 96
Trd, 4319584.393, 96
Trd, 4319586.243, 94
Trd, 4319586.343, 86
Trd, 4319587.343, 93
Trd, 4319588.443, 90
Trd, 4319590.743, 90
Trd, 4319592.043, 94
Trd, 4319592.943, 95
Trd, 4319593.693, 94
Trd, 4319594.793, 95
Trd, 4319595.543, 95
Trd, 4319596.543, 103
Trd, 4319598.493, 95
Trd, 4319598.943, 96
Trd, 4319600.943, 96
Trd, 4319601.893, 94
Trd, 4319602.193, 95
Trd, 4319605.443, 95
Trd, 4319605.693, 95
Trd, 4319606.293, 105
Trd, 4319608.943, 99
Trd, 4319610.443, 95
Trd, 4319611.643, 95
Trd, 4319612.443, 96
Trd, 4319613.293, 95
Trd, 4319614.943, 95
Trd, 4319615.243, 105
Trd, 4319617.743, 94
Trd, 4319618.593, 94
Trd, 4319618.793, 89
Trd, 4319621.493, 91
Trd, 4319622.293, 92
Trd, 4319623.293, 90
Trd, 4319623.843, 92
Trd, 4319624.993, 95
Trd, 4319626.043, 95
Trd, 4319626.793, 104
Trd, 4319632.143, 99
Trd, 4319632.393, 96
Trd, 4319632.893, 96
Trd, 4319633.143, 95
Trd, 4319635.893, 95
Trd, 4319636.543, 96
Trd, 4319636.893, 113
Trd, 4319639.493, 98
Trd, 4319643.193, 95
Trd, 4319643.243, 95
Trd, 4319643.693, 96
Trd, 4319644.443, 93
Trd, 4319646.293, 96
Trd, 4319646.943, 93
Trd, 4319647.493, 97
Trd, 4319648.993, 93
Trd, 4319651.493, 90
Trd, 4319651.793, 91
Trd, 4319653.093, 88
Trd, 4319654.143, 90
Trd, 4319656.243, 91
Trd, 4319657.043, 90
Trd, 4319657.443, 95
Trd, 4319657.693, 89
Trd, 4319658.543, 109
Trd, 4319660.143, 89
Trd, 4319661.493, 99
Trd, 4319661.743, 111
Trd, 4319665.843, 100
Trd, 4319666.343, 101
Trd, 4319668.393, 99
Trd, 4319668.593, 96
Trd, 4319669.343, 96
Trd, 4319669.543, 98
Trd, 4319669.893, 86
Trd, 4319670.443, 111
Trd, 4319674.443, 100
Trd, 4319675.543, 98
Trd, 4319675.943, 98
Trd, 4319678.693, 96
Trd, 4319678.743, 98
Trd, 4319679.243, 95
Trd, 4319679.893, 95
Trd, 4319682.993, 90
Trd, 4319683.243, 92
Trd, 4319683.893, 92
Trd, 4319685.043, 87
Trd, 4319686.643, 93
Trd, 4319686.993, 108
Trd, 4319690.743, 89
Trd, 4319691.843, 90
Trd, 4319693.093, 91
Trd, 4319694.693, 95
Trd, 4319695.093, 89
Trd, 4319695.343, 107
Trd, 4319698.093, 100
Trd, 4319700.793, 98
Trd, 4319701.493, 99
Trd, 4319702.243, 99
Trd, 4319702.693, 98
Trd, 4319702.893, 83
Trd, 4319704.793, 94
Trd, 4319705.243, 93
Trd, 4319705.693, 94
Trd, 4319708.243, 94
Trd, 4319710.293, 95
Trd, 4319711.343, 94
Trd, 4319712.093, 96
Trd, 4319713.543, 104
Trd, 4319713.793, 110
Trd, 4319715.993, 100
Trd, 4319716.743, 100
Trd, 4319718.143, 99
Trd, 4319719.343, 88
Trd, 4319719.493, 87
Trd, 4319719.943, 88
Trd, 4319720.093, 113
Trd, 4319724.143, 90
Trd, 4319724.643, 90
Trd, 4319725.193, 91
Trd, 4319726.093, 95
Trd, 4319727.193, 93
Trd, 4319727.693, 76
Trd, 4319728.493, 95
Trd, 4319728.943, 102
Trd, 4319732.943, 97
Trd, 4319733.343, 95
Trd, 4319733.593, 97
Trd, 4319735.643, 95
Trd, 4319737.693, 95
Trd, 4319737.793, 96
Trd, 4319738.793, 95
Trd, 4319739.793, 112
Trd, 4319743.093, 97
Trd, 4319743.143, 96
Trd, 4319743.343, 107
Trd, 4319744.393, 95
Trd, 4319747.393, 97
Trd, 4319748.143, 95
Trd, 4319750.193, 96
Trd, 4319751.493, 94
Trd, 4319752.643, 96
Trd, 4319753.393, 94
Trd, 4319754.793, 94
Trd, 4319755.493, 94
Trd, 4319755.643, 95
Trd, 4319757.743, 94
Trd, 4319758.243, 93
Trd, 4319759.393, 93
Trd, 4319760.093, 95
Trd, 4319761.193, 92
Trd, 4319761.543, 96
Trd, 4319763.593, 91
Trd, 4319763.793, 92
Trd, 4319765.693, 90
Trd, 4319766.793, 93
Trd, 4319768.293, 94
Trd, 4319769.043, 93
Trd, 4319770.043, 95
Trd, 4319770.443, 86
Trd, 4319770.743, 105
Trd, 4319772.093, 121
Trd, 4319774.093, 111
Trd, 4319775.743, 112
Trd, 4319775.893, 112
Trd, 4319776.493, 120
Trd, 4319776.693, 109
Trd, 4319778.593, 110
Trd, 4319779.543, 109
Trd, 4319781.493, 105
Trd, 4319781.843, 106
Trd, 4319783.643, 104
Trd, 4319783.893, 103
Trd, 4319786.893, 89
Trd, 4319788.643, 96
Trd, 4319789.493, 102
Trd, 4319789.943, 97
Trd, 4319790.243, 95
Trd, 4319791.293, 97
Trd, 4319792.993, 98
Trd, 4319794.093, 98
Trd, 4319796.493, 96
Trd, 4319797.643, 95
Trd, 4319798.643, 95
Trd, 4319798.743, 94
Trd, 4319799.093, 113
Trd, 4319799.893, 103
Trd, 4319801.143, 87
Trd, 4319802.693, 102
Trd, 4319806.093, 96
Trd, 4319806.193, 92
Trd, 4319808.543, 92
Trd, 4319809.193, 92
Trd, 4319809.293, 112
Trd, 4319809.493, 113
Trd, 4319813.793, 95
Trd, 4319814.093, 97
Trd, 4319815.793, 96
Trd, 4319816.143, 95
Trd, 4319816.193, 94
Trd, 4319816.693, 96
Trd, 4319818.743, 106
Trd, 4319819.543, 104
Trd, 4319821.843, 113
Trd, 4319822.043, 103
Trd, 4319823.493, 104
Trd, 4319826.193, 102
Trd, 4319826.243, 102
Trd, 4319826.293, 103
Trd, 4319827.493, 101
Trd, 4319829.743, 100
Trd, 4319830.843, 99
Trd, 4319832.243, 100
Trd, 4319832.943, 102
Trd, 4319832.993, 97
Trd, 4319833.943, 103
Trd, 4319835.193, 110
Trd, 4319838.443, 101
Trd, 4319839.843, 97
Trd, 4319843.743, 96
Trd, 4319844.893, 97
Trd, 4319844.993, 98
Trd, 4319846.943, 98
Trd, 4319847.293, 96
Trd, 4319849.343, 96
Trd, 4319850.293, 103
Trd, 4319851.393, 113
Trd, 4319854.343, 102
Trd, 4319856.393, 99
Trd, 4319856.593, 101
Trd, 4319857.993, 100
Trd, 4319858.043, 86
Trd, 4319858.393, 102
Trd, 4319859.293, 113
Trd, 4319862.343, 100
Trd, 4319862.993, 100
Trd, 4319864.043, 100
Trd, 4319864.293, 100
Trd, 4319866.793, 97
Trd, 4319866.843, 100
Trd, 4319867.143, 85
Trd, 4319868.043, 107
Trd, 4319868.493, 108
Trd, 4319868.793, 113
Trd, 4319872.693, 105
Trd, 4319874.293, 103
Trd, 4319875.593, 101
Trd, 4319875.893, 99
Trd, 4319877.693, 97
Trd, 4319878.043, 99
Trd, 4319878.443, 98
Trd, 4319880.093, 103
Trd, 4319883.343, 97
Trd, 4319883.743, 98
Trd, 4319885.493, 96
Trd, 4319885.843, 97
Trd, 4319886.893, 95
Trd, 4319888.193, 95
Trd, 4319890.693, 95
Trd, 4319890.743, 94
Trd, 4319892.793, 94
Trd, 4319892.843, 96
Trd, 4319893.293, 93
Trd, 4319893.943, 93
Trd, 4319894.593, 97
Trd, 4319897.143, 105
Trd, 4319898.993, 99
Trd, 4319899.493, 111
Trd, 4319901.443, 98
Trd, 4319901.593, 104
Trd, 4319904.793, 98
Trd, 4319905.993, 99
Trd, 4319907.043, 97
Trd, 4319908.843, 113
Trd, 4319909.743, 100
Trd, 4319910.293, 100
Trd, 4319910.593, 104
Trd, 4319913.793, 99
Trd, 4319913.943, 100
Trd, 4319917.243, 98
Trd, 4319918.393, 96
Trd, 4319918.593, 97
Trd, 4319918.993, 97
Trd, 4319920.243, 105
Trd, 4319922.393, 95
Trd, 4319923.293, 105
Trd, 4319924.843, 98
Trd, 4319926.993, 98
Trd, 4319927.143, 97
Trd, 4319928.343, 98
Trd, 4319929.143, 96
Trd, 4319930.793, 95
Trd, 4319931.393, 110
Trd, 4319932.943, 102
Trd, 4319933.543, 112
Trd, 4319935.343, 106
Trd, 4319936.493, 105
Trd, 4319936.843, 105
Trd, 4319936.893, 103
Trd, 4319939.843, 102
Trd, 4319940.793, 102
Trd, 4319941.893, 105
Trd, 4319943.543, 101
Trd, 4319943.693, 104
Trd, 4319944.693, 101
Trd, 4319946.293, 99
Trd, 4319946.543, 99
Trd, 4319946.893, 99
Trd, 4319949.543, 97
Trd, 4319950.043, 95
Trd, 4319950.693, 98
Trd, 4319951.493, 112
Trd, 4319951.793, 113
Trd, 4319955.643, 101
Trd, 4319958.693, 95
Trd, 4319958.993, 95
Trd, 4319959.443, 95
Trd, 4319959.893, 94
Trd, 4319961.243, 113
Trd, 4319963.943, 100
Trd, 4319964.393, 98
Trd, 4319964.493, 100
Trd, 4319964.843, 97
Trd, 4319965.293, 109
Trd, 4319967.193, 101
Trd, 4319968.193, 87
Trd, 4319969.643, 97
Trd, 4319970.743, 97
Trd, 4319971.643, 93
Trd, 4319972.643, 95
Trd, 4319975.293, 97
Trd, 4319975.493, 97
Trd, 4319976.143, 102
Trd, 4319979.393, 95
Trd, 4319979.493, 108
Trd, 4319982.193, 103
Trd, 4319983.993, 102
Trd, 4319986.193, 100
Trd, 4319987.143, 98
Trd, 4319988.793, 97
Trd, 4319989.043, 95
Trd, 4319990.543, 97
Trd, 4319990.793, 96
Trd, 4319991.493, 98
Trd, 4319992.793, 105
Trd, 4319993.143, 96
Trd, 4319997.143, 95
Trd, 4319998.093, 76
Trd, 4319998.943, 93
