Trd, 4317857.343, 96
Trd, 4317857.393, 95
Trd, 4317857.693, 96
Trd, 4317861.993, 96
Trd, 4317862.693, 96
Trd, 4317862.793, 97
Trd, 4317863.193, 97
Trd, 4317864.843, 95
Trd, 4317865.293, 94
Trd, 4317865.443, 101
Trd, 4317867.643, 97
Trd, 4317868.843, 96
Trd, 4317871.343, 96
Trd, 4317873.043, 101
Trd, 4317873.443, 110
Trd, 4317873.793, 101
Trd, 4317875.293, 100
Trd, 4317875.993, 102
Trd, 4317877.443, 100
Trd, 4317879.693, 97
Trd, 4317880.193, 105
Trd, 4317883.643, 101
Trd, 4317885.193, 99
Trd, 4317885.643, 99
Trd, 4317887.393, 98
Trd, 4317887.543, 98
Trd, 4317888.943, 97
Trd, 4317890.093, 96
Trd, 4317890.743, 96
Trd, 4317892.593, 96
Trd, 4317894.043, 97
Trd, 4317894.893, 97
Trd, 4317895.443, 97
Trd, 4317895.943, 95
Trd, 4317898.043, 94
Trd, 4317898.793, 95
Trd, 4317900.293, 95
Trd, 4317901.793, 95
Trd, 4317904.043, 95
Trd, 4317904.143, 95
Trd, 4317904.193, 96
Trd, 4317905.943, 97
Trd, 4317906.993, 95
Trd, 4317908.593, 94
Trd, 4317909.693, 97
Trd, 4317911.343, 104
Trd, 4317913.493, 94
Trd, 4317913.693, 93
Trd, 4317914.093, 93
Trd, 4317917.143, 96
Trd, 4317917.343, 96
Trd, 4317919.493, 93
Trd, 4317920.093, 94
Trd, 4317923.143, 94
Trd, 4317924.393, 94
Trd, 4317926.043, 94
Trd, 4317926.593, 93
Trd, 4317927.143, 92
Trd, 4317928.693, 95
Trd, 4317929.593, 95
Trd, 4317930.793, 94
Trd, 4317931.993, 92
Trd, 4317932.043, 92
Trd, 4317933.243, 93
Trd, 4317938.243, 94
Trd, 4317939.793, 94
Trd, 4317939.993, 94
Trd, 4317940.243, 93
Trd, 4317941.293, 93
Trd, 4317941.843, 93
Trd, 4317943.343, 95
Trd, 4317948.543, 94
Trd, 4317948.643, 94
Trd, 4317950.443, 93
Trd, 4317952.293, 95
Trd, 4317952.943, 93
Trd, 4317953.343, 94
Trd, 4317955.643, 92
Trd, 4317956.193, 93
Trd, 4317957.543, 92
Trd, 4317958.593, 93
Trd, 4317960.843, 93
Trd, 4317962.393, 93
Trd, 4317962.443, 94
Trd, 4317963.993, 104
Trd, 4317964.643, 98
Trd, 4317965.343, 96
Trd, 4317966.693, 94
Trd, 4317968.043, 96
Trd, 4317968.493, 115
Trd, 4317970.293, 99
Trd, 4317970.943, 98
Trd, 4317972.693, 96
Trd, 4317973.793, 96
Trd, 4317974.393, 96
Trd, 4317974.993, 94
Trd, 4317975.793, 95
Trd, 4317977.243, 96
Trd, 4317980.743, 95
Trd, 4317980.793, 96
Trd, 4317984.693, 95
Trd, 4317985.693, 96
Trd, 4317987.093, 95
Trd, 4317987.643, 95
Trd, 4317989.943, 95
Trd, 4317991.143, 95
Trd, 4317992.793, 94
Trd, 4317994.693, 95
Trd, 4317995.143, 95
Trd, 4317996.943, 95
Trd, 4317997.643, 95
Trd, 4317998.293, 95
Trd, 4318000.443, 95
Trd, 4318003.493, 95
Trd, 4318003.643, 94
Trd, 4318006.343, 95
Trd, 4318007.743, 94
Trd, 4318009.293, 95
Trd, 4318011.693, 96
Trd, 4318013.543, 94
Trd, 4318017.093, 95
Trd, 4318017.143, 95
Trd, 4318017.293, 95
Trd, 4318021.393, 95
Trd, 4318021.793, 94
Trd, 4318021.943, 95
Trd, 4318023.793, 93
Trd, 4318024.493, 93
Trd, 4318027.243, 93
Trd, 4318027.593, 93
Trd, 4318030.043, 92
Trd, 4318030.843, 93
Trd, 4318032.693, 92
Trd, 4318033.743, 91
Trd, 4318034.393, 93
Trd, 4318035.593, 92
Trd, 4318039.643, 92
Trd, 4318041.343, 91
Trd, 4318044.093, 91
Trd, 4318046.543, 91
Trd, 4318046.993, 92
Trd, 4318049.693, 91
Trd, 4318050.643, 90
Trd, 4318052.093, 88
Trd, 4318053.443, 90
Trd, 4318054.193, 89
Trd, 4318054.593, 89
Trd, 4318055.843, 89
Trd, 4318059.343, 89
Trd, 4318061.693, 89
Trd, 4318062.893, 89
Trd, 4318063.493, 88
Trd, 4318064.143, 95
Trd, 4318065.843, 88
Trd, 4318069.443, 88
Trd, 4318071.143, 88
Trd, 4318072.893, 88
Trd, 4318074.243, 87
Trd, 4318075.243, 88
Trd, 4318076.943, 88
Trd, 4318078.943, 91
Trd, 4318079.193, 90
Trd, 4318081.093, 92
Trd, 4318082.893, 95
Trd, 4318083.243, 96
Trd, 4318083.843, 92
Trd, 4318083.943, 104
Trd, 4318085.693, 98
Trd, 4318086.443, 99
Trd, 4318086.593, 96
Trd, 4318090.243, 98
Trd, 4318090.843, 97
Trd, 4318092.293, 96
Trd, 4318092.793, 97
Trd, 4318095.593, 97
Trd, 4318096.643, 96
Trd, 4318097.443, 97
Trd, 4318098.943, 97
Trd, 4318100.143, 97
Trd, 4318101.043, 94
Trd, 4318102.843, 96
Trd, 4318104.143, 94
Trd, 4318104.193, 94
Trd, 4318105.893, 95
Trd, 4318106.193, 95
Trd, 4318106.743, 93
Trd, 4318109.043, 91
Trd, 4318109.093, 92
Trd, 4318111.343, 91
Trd, 4318112.343, 95
Trd, 4318112.443, 106
Trd, 4318116.043, 95
Trd, 4318116.243, 96
Trd, 4318118.643, 97
Trd, 4318119.393, 96
Trd, 4318120.493, 104
Trd, 4318121.393, 100
Trd, 4318124.493, 98
Trd, 4318124.743, 98
Trd, 4318126.143, 97
Trd, 4318128.743, 98
Trd, 4318129.143, 96
Trd, 4318129.493, 117
Trd, 4318131.843, 102
Trd, 4318134.593, 97
Trd, 4318136.343, 96
Trd, 4318136.943, 96
Trd, 4318138.443, 97
Trd, 4318139.743, 97
Trd, 4318141.193, 105
Trd, 4318143.043, 99
Trd, 4318144.193, 99
Trd, 4318144.693, 103
Trd, 4318145.593, 106
Trd, 4318148.793, 97
Trd, 4318149.643, 97
Trd, 4318150.243, 96
Trd, 4318150.343, 97
Trd, 4318152.043, 95
Trd, 4318152.843, 96
Trd, 4318154.543, 96
Trd, 4318155.243, 96
Trd, 4318156.043, 97
Trd, 4318157.643, 96
Trd, 4318159.943, 96
Trd, 4318160.293, 96
Trd, 4318161.043, 96
Trd, 4318161.993, 96
Trd, 4318165.693, 96
Trd, 4318166.143, 96
Trd, 4318167.443, 95
Trd, 4318168.693, 95
Trd, 4318168.793, 96
Trd, 4318172.143, 95
Trd, 4318173.493, 95
Trd, 4318174.643, 95
Trd, 4318176.593, 95
Trd, 4318178.643, 95
Trd, 4318181.143, 94
Trd, 4318181.793, 95
Trd, 4318182.643, 95
Trd, 4318184.443, 95
Trd, 4318184.793, 94
Trd, 4318185.493, 96
Trd, 4318186.293, 95
Trd, 4318186.543, 95
Trd, 4318188.593, 103
Trd, 4318190.093, 97
Trd, 4318192.393, 95
Trd, 4318192.493, 94
Trd, 4318193.243, 95
Trd, 4318195.493, 95
Trd, 4318198.793, 95
Trd, 4318200.343, 94
Trd, 4318201.443, 95
Trd, 4318201.793, 95
Trd, 4318203.243, 94
Trd, 4318204.243, 103
Trd, 4318205.543, 99
Trd, 4318206.193, 95
Trd, 4318207.193, 95
Trd, 4318208.543, 96
Trd, 4318210.293, 96
Trd, 4318213.143, 94
Trd, 4318214.093, 93
Trd, 4318214.443, 95
Trd, 4318214.843, 96
Trd, 4318216.193, 98
Trd, 4318218.343, 107
Trd, 4318218.943, 104
Trd, 4318220.493, 102
Trd, 4318222.943, 98
Trd, 4318223.643, 100
Trd, 4318224.993, 100
Trd, 4318226.743, 100
Trd, 4318227.343, 101
Trd, 4318228.593, 100
Trd, 4318228.743, 101
Trd, 4318231.493, 101
Trd, 4318231.643, 102
Trd, 4318232.993, 104
Trd, 4318234.593, 102
Trd, 4318235.043, 100
Trd, 4318236.993, 100
Trd, 4318239.093, 100
Trd, 4318239.993, 101
Trd, 4318241.343, 100
Trd, 4318243.093, 100
Trd, 4318243.243, 99
Trd, 4318244.643, 100
Trd, 4318247.093, 100
Trd, 4318249.043, 98
Trd, 4318249.893, 99
Trd, 4318250.693, 98
Trd, 4318254.493, 99
Trd, 4318255.643, 99
Trd, 4318256.243, 98
Trd, 4318256.843, 99
Trd, 4318257.443, 97
Trd, 4318260.643, 98
Trd, 4318261.193, 99
Trd, 4318262.843, 99
Trd, 4318264.593, 105
Trd, 4318266.243, 101
Trd, 4318269.643, 100
Trd, 4318269.793, 100
Trd, 4318269.843, 101
Trd, 4318272.443, 96
Trd, 4318274.543, 97
Trd, 4318275.043, 97
Trd, 4318275.193, 97
Trd, 4318279.143, 96
Trd, 4318280.293, 95
Trd, 4318281.593, 95
Trd, 4318282.643, 95
Trd, 4318283.243, 95
Trd, 4318285.743, 96
Trd, 4318286.143, 96
Trd, 4318287.343, 103
Trd, 4318288.893, 97
Trd, 4318291.543, 96
Trd, 4318291.643, 97
Trd, 4318292.693, 95
Trd, 4318292.793, 95
Trd, 4318292.993, 94
Trd, 4318295.693, 93
Trd, 4318296.893, 95
Trd, 4318298.193, 95
Trd, 4318298.493, 95
Trd, 4318300.843, 95
Trd, 4318301.143, 94
Trd, 4318302.643, 94
Trd, 4318302.993, 94
Trd, 4318305.293, 93
Trd, 4318305.493, 94
Trd, 4318307.543, 96
Trd, 4318307.743, 109
Trd, 4318309.343, 97
Trd, 4318310.093, 97
Trd, 4318312.193, 96
Trd, 4318313.093, 94
Trd, 4318315.993, 96
Trd, 4318316.293, 96
Trd, 4318316.643, 108
Trd, 4318318.843, 95
Trd, 4318320.093, 94
Trd, 4318320.843, 94
Trd, 4318322.243, 95
Trd, 4318323.843, 95
Trd, 4318324.893, 93
Trd, 4318325.843, 93
Trd, 4318325.943, 92
Trd, 4318326.543, 93
Trd, 4318329.993, 107
Trd, 4318330.793, 101
Trd, 4318333.693, 96
Trd, 4318337.543, 94
Trd, 4318338.443, 95
Trd, 4318342.593, 94
Trd, 4318342.643, 94
Trd, 4318344.393, 94
Trd, 4318345.093, 93
Trd, 4318345.243, 95
Trd, 4318346.693, 94
Trd, 4318350.093, 93
Trd, 4318350.593, 95
Trd, 4318352.193, 95
Trd, 4318352.993, 92
Trd, 4318354.643, 93
Trd, 4318355.943, 93
Trd, 4318358.343, 93
Trd, 4318359.593, 93
Trd, 4318359.743, 92
Trd, 4318361.943, 92
Trd, 4318362.743, 94
Trd, 4318366.493, 95
Trd, 4318367.093, 94
Trd, 4318367.793, 94
Trd, 4318371.293, 94
Trd, 4318372.093, 95
Trd, 4318372.843, 95
Trd, 4318374.693, 104
Trd, 4318374.943, 97
Trd, 4318377.393, 100
Trd, 4318379.343, 97
Trd, 4318379.793, 97
Trd, 4318381.093, 96
Trd, 4318381.193, 97
Trd, 4318381.443, 97
Trd, 4318384.893, 96
Trd, 4318385.743, 96
Trd, 4318387.893, 95
Trd, 4318388.143, 95
Trd, 4318388.343, 96
Trd, 4318389.843, 94
Trd, 4318391.893, 95
Trd, 4318391.993, 94
Trd, 4318392.093, 104
Trd, 4318397.043, 95
Trd, 4318398.893, 96
Trd, 4318399.293, 96
Trd, 4318400.993, 96
Trd, 4318401.043, 96
Trd, 4318403.693, 95
Trd, 4318404.643, 95
Trd, 4318404.893, 95
Trd, 4318405.693, 95
Trd, 4318407.293, 95
Trd, 4318410.243, 97
Trd, 4318411.393, 94
Trd, 4318412.743, 95
Trd, 4318414.893, 96
Trd, 4318416.743, 95
Trd, 4318419.743, 96
Trd, 4318419.793, 96
Trd, 4318420.343, 106
Trd, 4318421.943, 94
Trd, 4318422.493, 97
Trd, 4318424.243, 97
Trd, 4318426.293, 93
Trd, 4318428.493, 95
Trd, 4318430.593, 94
Trd, 4318430.843, 94
Trd, 4318432.943, 95
Trd, 4318433.693, 94
Trd, 4318437.093, 94
Trd, 4318437.543, 95
Trd, 4318438.043, 93
Trd, 4318439.693, 95
Trd, 4318440.893, 94
Trd, 4318441.943, 94
Trd, 4318443.593, 93
Trd, 4318444.493, 92
Trd, 4318446.143, 95
Trd, 4318447.743, 94
Trd, 4318451.143, 93
Trd, 4318452.293, 92
Trd, 4318453.443, 93
Trd, 4318455.043, 93
Trd, 4318455.493, 95
Trd, 4318456.243, 104
Trd, 4318457.043, 95
Trd, 4318458.443, 102
Trd, 4318460.143, 100
Trd, 4318461.243, 96
Trd, 4318461.593, 102
Trd, 4318463.393, 99
Trd, 4318464.043, 99
Trd, 4318466.743, 98
Trd, 4318467.693, 97
Trd, 4318467.793, 98
Trd, 4318468.193, 97
Trd, 4318468.243, 96
Trd, 4318469.543, 98
Trd, 4318472.143, 105
Trd, 4318473.093, 105
Trd, 4318474.043, 105
Trd, 4318475.293, 104
Trd, 4318475.843, 101
Trd, 4318476.343, 103
Trd, 4318477.943, 100
Trd, 4318478.993, 101
Trd, 4318481.793, 99
Trd, 4318481.843, 99
Trd, 4318484.393, 99
Trd, 4318485.843, 98
Trd, 4318487.493, 96
Trd, 4318488.093, 96
Trd, 4318489.243, 102
Trd, 4318490.493, 98
Trd, 4318492.343, 109
Trd, 4318493.093, 104
Trd, 4318494.793, 102
Trd, 4318497.543, 100
Trd, 4318498.693, 101
Trd, 4318499.093, 100
Trd, 4318499.893, 101
Trd, 4318501.043, 101
Trd, 4318502.893, 115
Trd, 4318504.443, 105
Trd, 4318504.993, 105
Trd, 4318505.893, 104
Trd, 4318508.643, 101
Trd, 4318511.293, 98
Trd, 4318511.743, 99
Trd, 4318512.043, 99
Trd, 4318512.193, 104
Trd, 4318514.993, 99
Trd, 4318515.593, 99
Trd, 4318516.093, 99
Trd, 4318516.543, 100
Trd, 4318516.893, 100
Trd, 4318518.743, 99
Trd, 4318519.843, 98
Trd, 4318519.993, 100
Trd, 4318521.843, 101
Trd, 4318523.543, 100
Trd, 4318525.543, 99
Trd, 4318525.793, 101
Trd, 4318528.193, 98
Trd, 4318529.593, 99
Trd, 4318529.893, 98
Trd, 4318530.243, 100
Trd, 4318532.843, 97
Trd, 4318533.043, 99
Trd, 4318536.743, 98
Trd, 4318536.843, 97
Trd, 4318540.443, 98
Trd, 4318541.693, 98
Trd, 4318542.393, 97
Trd, 4318543.343, 96
Trd, 4318545.493, 96
Trd, 4318545.593, 97
Trd, 4318546.993, 97
Trd, 4318548.343, 95
Trd, 4318550.493, 96
Trd, 4318551.093, 96
Trd, 4318551.543, 96
Trd, 4318554.843, 96
Trd, 4318556.993, 96
Trd, 4318557.743, 96
Trd, 4318558.243, 97
Trd, 4318559.593, 95
Trd, 4318559.793, 98
Trd, 4318561.793, 96
Trd, 4318561.943, 97
Trd, 4318563.343, 99
Trd, 4318568.093, 97
Trd, 4318568.593, 95
Trd, 4318570.593, 96
Trd, 4318572.043, 94
Trd, 4318572.643, 95
Trd, 4318574.243, 96
Trd, 4318575.543, 95
Trd, 4318577.593, 96
Trd, 4318578.393, 95
Trd, 4318579.743, 96
Trd, 4318580.093, 95
Trd, 4318582.193, 94
Trd, 4318582.593, 95
Trd, 4318583.393, 94
Trd, 4318585.343, 96
Trd, 4318586.293, 94
Trd, 4318586.843, 95
Trd, 4318588.393, 95
Trd, 4318588.843, 104
Trd, 4318593.693, 97
Trd, 4318594.843, 96
Trd, 4318596.643, 96
Trd, 4318599.393, 96
Trd, 4318600.393, 95
Trd, 4318601.993, 96
Trd, 4318604.143, 96
Trd, 4318605.493, 96
Trd, 4318607.293, 96
Trd, 4318607.643, 95
Trd, 4318608.043, 95
Trd, 4318609.993, 95
Trd, 4318610.043, 96
Trd, 4318611.143, 94
Trd, 4318612.443, 95
Trd, 4318614.293, 95
Trd, 4318614.943, 96
Trd, 4318617.043, 104
Trd, 4318619.543, 100
Trd, 4318620.143, 98
Trd, 4318623.243, 97
Trd, 4318623.843, 97
Trd, 4318624.643, 96
Trd, 4318625.693, 95
Trd, 4318625.893, 96
Trd, 4318627.543, 94
Trd, 4318629.443, 94
Trd, 4318630.093, 94
Trd, 4318630.793, 97
Trd, 4318632.643, 96
Trd, 4318633.643, 95
Trd, 4318633.693, 96
Trd, 4318636.743, 96
Trd, 4318638.643, 96
Trd, 4318638.943, 95
Trd, 4318639.443, 96
Trd, 4318640.743, 97
Trd, 4318641.593, 97
Trd, 4318642.943, 97
Trd, 4318646.143, 97
Trd, 4318646.293, 96
Trd, 4318646.443, 97
Trd, 4318647.443, 99
Trd, 4318649.193, 98
Trd, 4318650.643, 99
Trd, 4318652.643, 98
Trd, 4318653.343, 97
Trd, 4318654.993, 97
Trd, 4318657.143, 96
Trd, 4318659.343, 95
Trd, 4318660.043, 96
Trd, 4318660.693, 96
Trd, 4318661.843, 96
Trd, 4318664.893, 95
Trd, 4318667.593, 95
Trd, 4318668.243, 96
Trd, 4318668.543, 96
Trd, 4318670.243, 96
Trd, 4318672.743, 96
Trd, 4318673.643, 95
Trd, 4318674.893, 95
Trd, 4318676.093, 95
Trd, 4318676.693, 94
Trd, 4318677.393, 94
Trd, 4318678.243, 96
Trd, 4318678.793, 93
Trd, 4318680.943, 94
Trd, 4318682.043, 93
Trd, 4318683.293, 94
Trd, 4318683.743, 93
Trd, 4318687.093, 93
Trd, 4318687.993, 93
Trd, 4318688.193, 92
Trd, 4318689.693, 95
Trd, 4318691.793, 94
Trd, 4318692.793, 93
Trd, 4318693.543, 94
Trd, 4318696.193, 94
Trd, 4318696.993, 93
Trd, 4318700.293, 94
Trd, 4318702.993, 94
Trd, 4318704.693, 94
Trd, 4318706.093, 94
Trd, 4318708.943, 95
Trd, 4318709.543, 95
Trd, 4318711.443, 104
Trd, 4318711.793, 102
Trd, 4318712.793, 106
Trd, 4318713.193, 102
Trd, 4318715.843, 100
Trd, 4318716.493, 104
Trd, 4318717.443, 101
Trd, 4318720.293, 100
Trd, 4318721.393, 100
Trd, 4318721.793, 100
Trd, 4318724.343, 100
Trd, 4318724.443, 99
Trd, 4318725.743, 100
Trd, 4318730.193, 99
Trd, 4318730.893, 100
Trd, 4318732.343, 100
Trd, 4318733.543, 99
Trd, 4318735.043, 99
Trd, 4318736.143, 98
Trd, 4318736.343, 100
Trd, 4318739.843, 95
Trd, 4318739.943, 99
Trd, 4318741.293, 94
Trd, 4318742.743, 94
Trd, 4318743.293, 94
Trd, 4318744.943, 94
Trd, 4318745.193, 95
Trd, 4318745.943, 108
Trd, 4318748.343, 98
Trd, 4318750.243, 98
Trd, 4318752.843, 95
Trd, 4318753.193, 97
Trd, 4318754.043, 98
Trd, 4318756.993, 95
Trd, 4318757.993, 95
Trd, 4318759.443, 94
Trd, 4318761.143, 95
Trd, 4318763.093, 94
Trd, 4318764.043, 95
Trd, 4318765.343, 95
Trd, 4318766.993, 95
Trd, 4318767.893, 95
Trd, 4318770.143, 95
Trd, 4318771.993, 93
Trd, 4318772.443, 93
Trd, 4318773.243, 93
Trd, 4318773.843, 93
Trd, 4318775.593, 94
Trd, 4318779.693, 95
Trd, 4318780.543, 93
Trd, 4318780.593, 95
Trd, 4318783.343, 92
Trd, 4318783.393, 92
Trd, 4318784.093, 94
Trd, 4318784.993, 94
Trd, 4318788.193, 94
Trd, 4318788.993, 95
Trd, 4318792.893, 92
Trd, 4318793.643, 93
Trd, 4318794.193, 95
Trd, 4318795.843, 93
Trd, 4318799.643, 91
Trd, 4318800.793, 91
Trd, 4318801.943, 92
Trd, 4318803.993, 92
Trd, 4318804.193, 92
Trd, 4318805.393, 95
Trd, 4318807.793, 91
Trd, 4318809.193, 91
Trd, 4318810.843, 91
Trd, 4318816.443, 91
Trd, 4318816.793, 91
Trd, 4318818.043, 90
Trd, 4318818.193, 91
Trd, 4318819.393, 91
Trd, 4318821.793, 91
Trd, 4318822.143, 90
Trd, 4318822.343, 91
Trd, 4318823.993, 91
Trd, 4318825.193, 90
Trd, 4318827.443, 91
Trd, 4318827.643, 91
Trd, 4318829.343, 89
Trd, 4318830.843, 89
Trd, 4318833.793, 89
Trd, 4318834.393, 89
Trd, 4318835.443, 90
Trd, 4318836.493, 89
Trd, 4318839.193, 95
Trd, 4318840.843, 91
Trd, 4318842.843, 89
Trd, 4318844.593, 89
Trd, 4318846.243, 96
Trd, 4318847.343, 89
Trd, 4318847.743, 88
Trd, 4318849.143, 88
Trd, 4318849.843, 90
Trd, 4318852.793, 87
Trd, 4318853.293, 88
Trd, 4318853.493, 97
Trd, 4318854.943, 98
Trd, 4318857.093, 100
Trd, 4318857.293, 99
Trd, 4318858.443, 95
Trd, 4318860.293, 95
Trd, 4318861.143, 95
Trd, 4318862.793, 99
Trd, 4318863.143, 98
Trd, 4318865.543, 97
Trd, 4318866.493, 98
Trd, 4318867.443, 97
Trd, 4318867.543, 103
Trd, 4318869.943, 98
Trd, 4318870.443, 96
Trd, 4318872.193, 97
Trd, 4318874.693, 97
Trd, 4318875.893, 97
Trd, 4318877.443, 96
Trd, 4318878.093, 95
Trd, 4318879.843, 97
Trd, 4318880.043, 96
Trd, 4318883.043, 95
Trd, 4318884.693, 94
Trd, 4318885.793, 94
Trd, 4318886.743, 95
Trd, 4318888.193, 95
Trd, 4318888.793, 95
Trd, 4318889.543, 95
Trd, 4318891.743, 96
Trd, 4318892.693, 95
Trd, 4318895.743, 93
Trd, 4318896.643, 94
Trd, 4318897.893, 93
Trd, 4318900.243, 94
Trd, 4318900.893, 94
Trd, 4318903.643, 94
Trd, 4318903.943, 93
Trd, 4318906.543, 91
Trd, 4318907.593, 93
Trd, 4318907.943, 93
Trd, 4318909.893, 93
Trd, 4318910.893, 92
Trd, 4318911.093, 91
Trd, 4318911.143, 95
Trd, 4318913.793, 93
Trd, 4318914.143, 129
Trd, 4318915.593, 124
Trd, 4318916.593, 119
Trd, 4318919.343, 106
Trd, 4318920.043, 105
Trd, 4318920.293, 105
Trd, 4318921.393, 104
Trd, 4318924.393, 105
Trd, 4318925.943, 104
Trd, 4318928.043, 104
Trd, 4318928.093, 105
Trd, 4318929.293, 104
Trd, 4318934.393, 104
Trd, 4318934.593, 104
Trd, 4318935.043, 103
Trd, 4318935.643, 104
Trd, 4318937.343, 103
Trd, 4318938.443, 103
Trd, 4318940.843, 105
Trd, 4318942.943, 102
Trd, 4318944.793, 103
Trd, 4318947.093, 103
Trd, 4318947.893, 102
Trd, 4318948.643, 103
Trd, 4318949.093, 103
Trd, 4318951.393, 101
Trd, 4318952.043, 101
Trd, 4318953.093, 101
Trd, 4318954.643, 102
Trd, 4318955.293, 102
Trd, 4318956.693, 102
Trd, 4318957.393, 103
Trd, 4318958.243, 99
Trd, 4318958.993, 99
Trd, 4318960.393, 100
Trd, 4318962.343, 100
Trd, 4318962.443, 99
Trd, 4318964.093, 98
Trd, 4318964.593, 99
Trd, 4318966.793, 98
Trd, 4318969.443, 97
Trd, 4318970.393, 97
Trd, 4318970.743, 97
Trd, 4318971.843, 98
Trd, 4318972.793, 97
Trd, 4318973.243, 98
Trd, 4318977.293, 98
Trd, 4318978.943, 97
Trd, 4318979.493, 96
Trd, 4318980.543, 97
Trd, 4318980.993, 97
Trd, 4318983.943, 97
Trd, 4318984.293, 96
Trd, 4318985.893, 97
Trd, 4318986.393, 97
Trd, 4318988.693, 95
Trd, 4318989.343, 115
Trd, 4318993.093, 98
Trd, 4318993.443, 98
Trd, 4318995.043, 95
Trd, 4318997.143, 95
Trd, 4318998.293, 94
Trd, 4319000.993, 94
Trd, 4319001.943, 94
Trd, 4319004.493, 94
Trd, 4319005.143, 93
Trd, 4319005.393, 93
Trd, 4319005.493, 95
Trd, 4319008.243, 94
Trd, 4319009.143, 105
Trd, 4319009.593, 104
Trd, 4319012.043, 104
Trd, 4319012.443, 104
Trd, 4319013.093, 103
Trd, 4319014.243, 105
Trd, 4319014.343, 105
Trd, 4319014.493, 104
Trd, 4319015.293, 102
Trd, 4319017.293, 100
Trd, 4319018.793, 99
Trd, 4319020.143, 98
Trd, 4319020.343, 97
Trd, 4319025.943, 98
Trd, 4319027.093, 98
Trd, 4319027.343, 98
Trd, 4319027.543, 97
Trd, 4319030.593, 98
Trd, 4319031.093, 97
Trd, 4319031.543, 98
Trd, 4319031.843, 97
Trd, 4319032.793, 98
Trd, 4319035.743, 97
Trd, 4319035.993, 109
Trd, 4319040.543, 99
Trd, 4319040.743, 98
Trd, 4319042.593, 98
Trd, 4319043.443, 97
Trd, 4319044.843, 96
Trd, 4319047.843, 96
Trd, 4319048.593, 95
Trd, 4319049.143, 96
Trd, 4319052.043, 96
Trd, 4319053.143, 94
Trd, 4319053.243, 96
Trd, 4319055.143, 95
Trd, 4319056.543, 95
Trd, 4319057.393, 104
Trd, 4319058.743, 96
Trd, 4319062.193, 94
Trd, 4319062.443, 96
Trd, 4319062.943, 97
Trd, 4319065.143, 97
Trd, 4319065.643, 97
Trd, 4319069.193, 96
Trd, 4319069.393, 95
Trd, 4319069.893, 96
Trd, 4319071.293, 97
Trd, 4319073.243, 100
Trd, 4319074.193, 97
Trd, 4319074.943, 98
Trd, 4319076.993, 97
Trd, 4319077.443, 98
Trd, 4319077.893, 98
Trd, 4319079.043, 97
Trd, 4319079.743, 97
Trd, 4319080.243, 104
Trd, 4319083.443, 106
Trd, 4319084.543, 99
Trd, 4319085.343, 100
Trd, 4319086.993, 100
Trd, 4319089.043, 99
Trd, 4319091.943, 100
Trd, 4319092.593, 99
Trd, 4319092.943, 99
Trd, 4319093.593, 99
Trd, 4319093.993, 99
Trd, 4319096.943, 100
Trd, 4319098.093, 100
Trd, 4319099.793, 100
Trd, 4319100.243, 101
Trd, 4319102.693, 100
Trd, 4319104.143, 99
Trd, 4319104.593, 97
Trd, 4319107.193, 97
Trd, 4319108.043, 98
Trd, 4319111.793, 97
Trd, 4319111.943, 96
Trd, 4319112.943, 96
Trd, 4319113.693, 97
Trd, 4319115.543, 97
Trd, 4319117.593, 96
Trd, 4319118.143, 97
Trd, 4319120.993, 95
Trd, 4319121.043, 96
Trd, 4319123.643, 96
Trd, 4319125.843, 97
Trd, 4319126.393, 97
Trd, 4319127.743, 96
Trd, 4319128.543, 96
Trd, 4319130.743, 94
Trd, 4319131.193, 96
Trd, 4319131.993, 96
Trd, 4319132.443, 97
Trd, 4319135.943, 95
Trd, 4319138.593, 95
Trd, 4319138.843, 95
Trd, 4319139.193, 94
Trd, 4319139.493, 95
Trd, 4319139.743, 97
Trd, 4319140.943, 95
Trd, 4319141.243, 94
Trd, 4319142.143, 95
Trd, 4319144.543, 94
Trd, 4319145.743, 104
Trd, 4319146.993, 100
Trd, 4319147.143, 108
Trd, 4319148.943, 97
Trd, 4319150.893, 96
Trd, 4319151.193, 97
Trd, 4319152.443, 97
Trd, 4319153.593, 96
Trd, 4319154.993, 96
Trd, 4319156.643, 96
Trd, 4319158.293, 96
Trd, 4319158.343, 95
Trd, 4319161.543, 96
Trd, 4319162.343, 95
Trd, 4319163.843, 96
Trd, 4319166.993, 96
Trd, 4319169.393, 95
Trd, 4319169.493, 96
Trd, 4319169.743, 95
Trd, 4319171.343, 95
Trd, 4319171.743, 95
Trd, 4319172.793, 94
Trd, 4319173.343, 93
Trd, 4319173.543, 95
Trd, 4319175.293, 93
Trd, 4319176.343, 94
Trd, 4319177.693, 94
Trd, 4319179.693, 95
Trd, 4319182.243, 98
Trd, 4319182.293, 105
Trd, 4319182.743, 104
Trd, 4319184.293, 105
Trd, 4319186.843, 102
Trd, 4319187.543, 104
Trd, 4319189.893, 99
Trd, 4319190.143, 98
Trd, 4319191.743, 97
Trd, 4319192.493, 98
Trd, 4319194.693, 99
Trd, 4319195.893, 96
Trd, 4319197.543, 95
Trd, 4319197.843, 95
Trd, 4319198.293, 93
Trd, 4319200.493, 94
Trd, 4319201.693, 93
Trd, 4319203.393, 93
Trd, 4319203.493, 92
Trd, 4319205.143, 94
Trd, 4319205.443, 95
Trd, 4319207.193, 108
Trd, 4319210.093, 93
Trd, 4319213.293, 94
Trd, 4319216.193, 93
Trd, 4319216.493, 93
Trd, 4319217.443, 93
Trd, 4319218.343, 92
Trd, 4319219.143, 93
Trd, 4319221.843, 93
Trd, 4319222.293, 93
Trd, 4319225.443, 93
Trd, 4319226.443, 91
Trd, 4319226.643, 91
Trd, 4319227.593, 92
Trd, 4319228.893, 93
Trd, 4319231.843, 91
Trd, 4319233.243, 91
Trd, 4319234.993, 91
Trd, 4319235.793, 92
Trd, 4319239.793, 92
Trd, 4319240.143, 92
Trd, 4319241.993, 92
Trd, 4319243.243, 93
Trd, 4319244.943, 91
Trd, 4319245.043, 92
Trd, 4319247.843, 92
Trd, 4319251.493, 91
Trd, 4319251.693, 90
Trd, 4319253.343, 92
Trd, 4319255.743, 92
Trd, 4319256.343, 104
Trd, 4319256.493, 94
Trd, 4319257.643, 102
Trd, 4319257.893, 101
Trd, 4319261.293, 109
Trd, 4319261.493, 105
Trd, 4319262.343, 105
Trd, 4319262.443, 104
Trd, 4319264.493, 101
Trd, 4319265.443, 101
Trd, 4319266.743, 101
Trd, 4319267.843, 101
Trd, 4319268.743, 122
Trd, 4319271.993, 103
Trd, 4319273.343, 104
Trd, 4319274.693, 102
Trd, 4319276.743, 104
Trd, 4319277.743, 103
Trd, 4319278.343, 103
Trd, 4319279.293, 103
Trd, 4319282.843, 98
Trd, 4319282.993, 99
Trd, 4319283.143, 99
Trd, 4319284.193, 99
Trd, 4319286.643, 97
Trd, 4319288.343, 96
Trd, 4319289.743, 97
Trd, 4319290.493, 97
Trd, 4319292.143, 98
Trd, 4319292.593, 100
Trd, 4319294.243, 98
Trd, 4319296.193, 100
Trd, 4319296.443, 99
Trd, 4319299.193, 99
Trd, 4319300.043, 97
Trd, 4319300.143, 99
Trd, 4319301.443, 99
Trd, 4319304.543, 99
Trd, 4319305.693, 98
Trd, 4319305.943, 98
Trd, 4319306.193, 100
Trd, 4319308.143, 96
Trd, 4319308.293, 98
Trd, 4319310.993, 98
Trd, 4319311.793, 98
Trd, 4319312.543, 97
Trd, 4319312.843, 107
Trd, 4319316.393, 97
Trd, 4319316.943, 97
Trd, 4319318.493, 95
Trd, 4319318.993, 95
Trd, 4319319.193, 94
Trd, 4319320.293, 104
Trd, 4319322.243, 96
Trd, 4319323.093, 95
Trd, 4319324.743, 96
Trd, 4319327.143, 96
Trd, 4319328.093, 95
Trd, 4319328.293, 96
Trd, 4319331.293, 96
Trd, 4319332.043, 97
Trd, 4319333.343, 95
Trd, 4319333.443, 94
Trd, 4319334.443, 95
Trd, 4319335.493, 96
Trd, 4319338.393, 94
Trd, 4319340.093, 96
Trd, 4319341.743, 96
Trd, 4319342.793, 95
Trd, 4319343.993, 95
Trd, 4319345.643, 104
Trd, 4319347.143, 95
Trd, 4319348.593, 95
Trd, 4319348.643, 94
Trd, 4319350.943, 93
Trd, 4319350.993, 93
Trd, 4319351.093, 94
Trd, 4319352.243, 95
Trd, 4319353.993, 108
Trd, 4319354.243, 104
Trd, 4319356.093, 106
Trd, 4319357.993, 106
Trd, 4319360.643, 99
Trd, 4319360.993, 99
Trd, 4319361.493, 97
Trd, 4319362.893, 95
Trd, 4319363.293, 98
Trd, 4319363.543, 95
Trd, 4319367.193, 96
Trd, 4319368.943, 95
Trd, 4319369.293, 96
Trd, 4319371.343, 96
Trd, 4319374.093, 96
Trd, 4319374.393, 96
Trd, 4319374.993, 96
Trd, 4319375.893, 97
Trd, 4319376.893, 98
Trd, 4319380.393, 97
Trd, 4319381.543, 98
Trd, 4319384.243, 97
Trd, 4319386.143, 96
Trd, 4319386.193, 95
Trd, 4319387.193, 95
Trd, 4319388.493, 104
Trd, 4319391.343, 94
Trd, 4319392.293, 96
Trd, 4319394.193, 96
Trd, 4319394.543, 95
Trd, 4319395.343, 96
Trd, 4319395.793, 95
Trd, 4319402.043, 95
Trd, 4319402.593, 94
Trd, 4319403.143, 95
Trd, 4319403.343, 95
Trd, 4319404.693, 95
Trd, 4319407.143, 104
Trd, 4319408.643, 99
Trd, 4319409.293, 97
Trd, 4319411.043, 98
Trd, 4319411.643, 98
Trd, 4319411.793, 104
Trd, 4319414.493, 99
Trd, 4319415.743, 97
Trd, 4319416.443, 98
Trd, 4319418.793, 96
Trd, 4319419.143, 97
Trd, 4319421.093, 96
Trd, 4319421.293, 95
Trd, 4319422.743, 94
Trd, 4319422.893, 95
Trd, 4319423.843, 95
Trd, 4319424.893, 94
Trd, 4319427.293, 95
Trd, 4319427.743, 95
Trd, 4319429.393, 95
Trd, 4319431.543, 95
Trd, 4319433.143, 97
Trd, 4319434.043, 96
Trd, 4319435.793, 96
Trd, 4319435.893, 95
Trd, 4319438.543, 95
Trd, 4319440.493, 95
Trd, 4319441.343, 94
Trd, 4319442.693, 95
Trd, 4319443.443, 95
Trd, 4319443.993, 94
Trd, 4319446.593, 95
Trd, 4319447.493, 95
Trd, 4319448.343, 97
Trd, 4319449.943, 98
Trd, 4319451.093, 101
Trd, 4319451.143, 98
Trd, 4319454.393, 97
Trd, 4319455.493, 98
Trd, 4319455.943, 100
Trd, 4319457.393, 98
Trd, 4319459.593, 98
Trd, 4319459.643, 97
Trd, 4319460.393, 96
Trd, 4319460.593, 97
Trd, 4319461.993, 97
Trd, 4319464.593, 96
Trd, 4319465.043, 99
Trd, 4319465.293, 96
Trd, 4319466.643, 97
Trd, 4319467.193, 98
Trd, 4319469.143, 103
Trd, 4319471.143, 101
Trd, 4319474.193, 100
Trd, 4319475.193, 99
Trd, 4319475.443, 98
Trd, 4319476.093, 98
Trd, 4319478.243, 98
Trd, 4319478.393, 97
Trd, 4319478.893, 98
Trd, 4319480.293, 98
Trd, 4319481.393, 98
Trd, 4319484.493, 104
Trd, 4319485.393, 105
Trd, 4319486.243, 101
Trd, 4319488.043, 101
Trd, 4319489.843, 99
Trd, 4319490.593, 101
Trd, 4319491.943, 98
Trd, 4319492.243, 99
Trd, 4319494.243, 99
Trd, 4319496.643, 98
Trd, 4319497.193, 100
Trd, 4319498.893, 99
Trd, 4319499.643, 98
Trd, 4319501.643, 98
Trd, 4319502.693, 97
Trd, 4319503.693, 103
Trd, 4319505.043, 101
Trd, 4319505.793, 107
Trd, 4319508.193, 100
Trd, 4319511.743, 100
Trd, 4319513.343, 100
Trd, 4319513.543, 99
Trd, 4319515.043, 100
Trd, 4319515.793, 99
Trd, 4319516.543, 100
Trd, 4319519.093, 98
Trd, 4319520.343, 98
Trd, 4319520.543, 97
Trd, 4319522.593, 97
Trd, 4319522.693, 98
Trd, 4319525.043, 96
Trd, 4319525.843, 97
Trd, 4319526.193, 97
Trd, 4319526.793, 97
Trd, 4319528.543, 96
Trd, 4319529.593, 95
Trd, 4319530.943, 96
Trd, 4319532.993, 96
Trd, 4319533.593, 95
Trd, 4319533.693, 96
Trd, 4319536.893, 95
Trd, 4319539.243, 95
Trd, 4319540.043, 94
Trd, 4319541.143, 95
Trd, 4319542.193, 95
Trd, 4319542.843, 94
Trd, 4319544.293, 95
Trd, 4319547.043, 95
Trd, 4319548.593, 94
Trd, 4319550.593, 95
Trd, 4319552.093, 95
Trd, 4319553.393, 95
Trd, 4319553.793, 95
Trd, 4319553.843, 95
Trd, 4319555.143, 93
Trd, 4319555.243, 94
Trd, 4319556.493, 97
Trd, 4319557.393, 95
Trd, 4319558.543, 95
Trd, 4319560.443, 92
Trd, 4319561.143, 93
Trd, 4319563.543, 94
Trd, 4319564.043, 104
Trd, 4319566.093, 99
Trd, 4319567.943, 95
Trd, 4319568.093, 97
Trd, 4319568.193, 98
Trd, 4319570.143, 96
Trd, 4319570.793, 97
Trd, 4319573.493, 97
Trd, 4319574.293, 96
Trd, 4319575.943, 103
Trd, 4319576.893, 98
Trd, 4319579.393, 95
Trd, 4319580.393, 96
Trd, 4319580.843, 97
Trd, 4319583.143, 97
Trd, 4319584.493, 97
Trd, 4319585.643, 97
Trd, 4319587.543, 96
Trd, 4319587.643, 97
Trd, 4319589.793, 97
Trd, 4319590.193, 97
Trd, 4319593.643, 95
Trd, 4319596.593, 94
Trd, 4319596.643, 94
Trd, 4319596.843, 96
Trd, 4319598.043, 96
Trd, 4319598.193, 97
Trd, 4319599.243, 95
Trd, 4319600.293, 95
Trd, 4319601.493, 95
Trd, 4319603.943, 95
Trd, 4319604.393, 103
Trd, 4319606.493, 97
Trd, 4319608.043, 96
Trd, 4319609.043, 95
Trd, 4319611.243, 95
Trd, 4319612.643, 95
Trd, 4319613.243, 95
Trd, 4319614.043, 96
Trd, 4319615.793, 95
Trd, 4319616.793, 97
Trd, 4319617.593, 103
Trd, 4319618.293, 96
Trd, 4319621.893, 100
Trd, 4319622.043, 103
Trd, 4319623.493, 99
Trd, 4319624.093, 103
Trd, 4319626.093, 98
Trd, 4319626.193, 101
Trd, 4319626.293, 108
Trd, 4319629.093, 101
Trd, 4319632.943, 99
Trd, 4319633.443, 100
Trd, 4319634.393, 99
Trd, 4319636.643, 99
Trd, 4319637.043, 98
Trd, 4319638.843, 97
Trd, 4319639.693, 98
Trd, 4319640.093, 97
Trd, 4319643.243, 97
Trd, 4319645.293, 96
Trd, 4319646.743, 97
Trd, 4319649.443, 97
Trd, 4319649.493, 96
Trd, 4319650.393, 96
Trd, 4319650.493, 95
Trd, 4319650.943, 97
Trd, 4319653.193, 94
Trd, 4319653.793, 94
Trd, 4319655.293, 89
Trd, 4319656.543, 90
Trd, 4319657.493, 97
Trd, 4319659.093, 92
Trd, 4319659.143, 91
Trd, 4319661.193, 90
Trd, 4319662.093, 91
Trd, 4319662.643, 92
Trd, 4319663.943, 91
Trd, 4319664.893, 104
Trd, 4319665.493, 94
Trd, 4319666.793, 96
Trd, 4319668.193, 96
Trd, 4319668.693, 95
Trd, 4319670.443, 94
Trd, 4319672.243, 97
Trd, 4319673.893, 94
Trd, 4319674.443, 92
Trd, 4319674.943, 93
Trd, 4319676.493, 93
Trd, 4319677.793, 92
Trd, 4319678.543, 93
Trd, 4319678.643, 93
Trd, 4319681.243, 94
Trd, 4319681.993, 95
Trd, 4319684.593, 93
Trd, 4319686.093, 94
Trd, 4319688.543, 93
Trd, 4319689.943, 93
Trd, 4319691.293, 93
Trd, 4319692.693, 93
Trd, 4319694.443, 92
Trd, 4319694.493, 93
Trd, 4319699.493, 93
Trd, 4319700.143, 92
Trd, 4319700.343, 95
Trd, 4319700.793, 103
Trd, 4319702.093, 102
Trd, 4319703.693, 98
Trd, 4319704.243, 100
Trd, 4319705.693, 96
Trd, 4319705.843, 111
Trd, 4319710.793, 99
Trd, 4319714.143, 97
Trd, 4319714.593, 96
Trd, 4319714.843, 97
Trd, 4319715.993, 98
Trd, 4319717.393, 98
Trd, 4319718.143, 98
Trd, 4319720.843, 95
Trd, 4319720.893, 94
Trd, 4319721.043, 94
Trd, 4319722.393, 94
Trd, 4319722.793, 95
Trd, 4319724.243, 97
Trd, 4319725.543, 93
Trd, 4319727.143, 93
Trd, 4319729.343, 94
Trd, 4319730.643, 93
Trd, 4319731.143, 93
Trd, 4319731.893, 93
Trd, 4319732.243, 92
Trd, 4319733.243, 92
Trd, 4319733.543, 93
Trd, 4319734.543, 93
Trd, 4319735.993, 95
Trd, 4319737.593, 93
Trd, 4319737.693, 95
Trd, 4319740.693, 93
Trd, 4319741.493, 94
Trd, 4319743.843, 94
Trd, 4319744.343, 93
Trd, 4319748.293, 94
Trd, 4319748.993, 94
Trd, 4319749.443, 95
Trd, 4319752.343, 94
Trd, 4319755.093, 94
Trd, 4319755.843, 93
Trd, 4319756.493, 94
Trd, 4319757.243, 94
Trd, 4319759.093, 94
Trd, 4319759.943, 93
Trd, 4319761.293, 94
Trd, 4319763.443, 92
Trd, 4319763.943, 93
Trd, 4319764.443, 94
Trd, 4319767.293, 93
Trd, 4319767.843, 92
Trd, 4319768.943, 91
Trd, 4319769.893, 92
Trd, 4319773.293, 92
Trd, 4319774.243, 93
Trd, 4319775.543, 93
Trd, 4319777.593, 92
Trd, 4319778.543, 92
Trd, 4319780.543, 91
Trd, 4319781.143, 92
Trd, 4319783.243, 91
Trd, 4319783.693, 92
Trd, 4319785.843, 92
Trd, 4319788.743, 92
Trd, 4319789.593, 93
Trd, 4319791.893, 95
Trd, 4319792.643, 93
Trd, 4319793.893, 94
Trd, 4319795.543, 105
Trd, 4319796.493, 104
Trd, 4319798.443, 103
Trd, 4319799.643, 101
Trd, 4319801.143, 100
Trd, 4319802.693, 99
Trd, 4319803.843, 97
Trd, 4319804.093, 97
Trd, 4319805.893, 97
Trd, 4319806.293, 97
Trd, 4319807.793, 97
Trd, 4319811.943, 97
Trd, 4319812.043, 96
Trd, 4319812.693, 96
Trd, 4319812.893, 97
Trd, 4319813.943, 96
Trd, 4319816.593, 95
Trd, 4319818.543, 96
Trd, 4319818.593, 96
Trd, 4319818.793, 96
Trd, 4319819.843, 94
Trd, 4319822.193, 96
Trd, 4319823.293, 96
Trd, 4319824.093, 95
Trd, 4319825.193, 94
Trd, 4319825.243, 96
Trd, 4319826.493, 95
Trd, 4319826.693, 96
Trd, 4319828.493, 97
Trd, 4319829.793, 96
Trd, 4319831.693, 96
Trd, 4319832.893, 104
Trd, 4319835.843, 101
Trd, 4319835.993, 98
Trd, 4319836.993, 113
Trd, 4319839.093, 102
Trd, 4319839.793, 101
Trd, 4319840.543, 100
Trd, 4319841.043, 102
Trd, 4319843.243, 105
Trd, 4319844.843, 104
Trd, 4319845.243, 111
Trd, 4319849.243, 105
Trd, 4319852.393, 105
Trd, 4319852.543, 104
Trd, 4319854.643, 104
Trd, 4319857.043, 103
Trd, 4319857.093, 104
Trd, 4319857.543, 104
Trd, 4319859.243, 103
Trd, 4319860.993, 103
Trd, 4319862.843, 98
Trd, 4319864.443, 96
Trd, 4319864.793, 96
Trd, 4319865.843, 96
Trd, 4319867.943, 97
Trd, 4319868.143, 104
Trd, 4319869.343, 126
Trd, 4319870.443, 104
Trd, 4319871.693, 102
Trd, 4319874.093, 101
Trd, 4319875.643, 102
Trd, 4319875.993, 101
Trd, 4319876.343, 101
Trd, 4319881.493, 102
Trd, 4319882.093, 100
Trd, 4319884.093, 99
Trd, 4319884.643, 99
Trd, 4319886.793, 97
Trd, 4319887.493, 100
Trd, 4319887.643, 100
Trd, 4319891.043, 99
Trd, 4319891.193, 98
Trd, 4319892.193, 99
Trd, 4319893.593, 100
Trd, 4319894.543, 100
Trd, 4319897.893, 99
Trd, 4319897.993, 99
Trd, 4319898.543, 99
Trd, 4319901.493, 99
Trd, 4319902.493, 98
Trd, 4319903.093, 96
Trd, 4319903.143, 98
Trd, 4319905.593, 97
Trd, 4319906.043, 96
Trd, 4319908.193, 96
Trd, 4319909.593, 97
Trd, 4319911.093, 97
Trd, 4319911.743, 96
Trd, 4319913.793, 97
Trd, 4319916.593, 97
Trd, 4319916.943, 96
Trd, 4319916.993, 97
Trd, 4319919.043, 98
Trd, 4319920.193, 97
Trd, 4319924.043, 97
Trd, 4319924.193, 97
Trd, 4319924.743, 97
Trd, 4319925.093, 96
Trd, 4319927.593, 96
Trd, 4319928.393, 94
Trd, 4319928.743, 94
Trd, 4319928.943, 96
Trd, 4319934.143, 95
Trd, 4319934.193, 95
Trd, 4319935.093, 95
Trd, 4319935.693, 124
Trd, 4319937.643, 98
Trd, 4319939.393, 97
Trd, 4319942.243, 94
Trd, 4319943.393, 93
Trd, 4319943.993, 93
Trd, 4319944.743, 95
Trd, 4319946.193, 96
Trd, 4319948.193, 95
Trd, 4319948.443, 94
Trd, 4319949.543, 95
Trd, 4319951.193, 93
Trd, 4319951.393, 93
Trd, 4319952.193, 93
Trd, 4319953.093, 93
Trd, 4319955.193, 95
Trd, 4319955.543, 95
Trd, 4319956.293, 94
Trd, 4319957.743, 93
Trd, 4319959.893, 94
Trd, 4319960.493, 94
Trd, 4319964.693, 93
Trd, 4319965.293, 92
Trd, 4319965.893, 91
Trd, 4319966.693, 92
Trd, 4319967.743, 93
Trd, 4319969.543, 93
Trd, 4319969.693, 92
Trd, 4319971.293, 107
Trd, 4319974.743, 94
Trd, 4319977.293, 95
Trd, 4319979.843, 94
Trd, 4319979.943, 93
Trd, 4319980.343, 95
Trd, 4319980.893, 103
Trd, 4319981.293, 104
Trd, 4319982.093, 99
Trd, 4319984.993, 99
Trd, 4319987.243, 104
Trd, 4319989.543, 100
Trd, 4319989.693, 99
Trd, 4319990.343, 99
Trd, 4319990.993, 98
Trd, 4319991.843, 99
Trd, 4319994.143, 122
Trd, 4319997.143, 100
Trd, 4319997.243, 98
Trd, 4319997.693, 99
