Trd, 4317901.293, 96
Trd, 4317901.443, 91
Trd, 4317902.193, 81
Trd, 4317903.543, 91
Trd, 4317903.943, 87
Trd, 4317904.493, 91
Trd, 4317904.793, 104
Trd, 4317905.693, 122
Trd, 4317909.293, 95
Trd, 4317909.443, 86
Trd, 4317911.593, 90
Trd, 4317911.643, 92
Trd, 4317912.643, 104
Trd, 4317914.243, 132
Trd, 4317915.443, 94
Trd, 4317916.593, 105
Trd, 4317918.743, 106
Trd, 4317920.293, 106
Trd, 4317922.193, 98
Trd, 4317922.493, 102
Trd, 4317923.893, 101
Trd, 4317924.143, 102
Trd, 4317924.593, 102
Trd, 4317926.843, 100
Trd, 4317928.393, 102
Trd, 4317928.893, 102
Trd, 4317930.193, 102
Trd, 4317931.093, 75
Trd, 4317933.793, 103
Trd, 4317935.443, 102
Trd, 4317935.543, 102
Trd, 4317936.393, 107
Trd, 4317937.043, 116
Trd, 4317938.093, 108
Trd, 4317938.543, 118
Trd, 4317939.943, 94
Trd, 4317940.043, 107
Trd, 4317941.443, 109
Trd, 4317941.893, 94
Trd, 4317945.043, 103
Trd, 4317946.893, 102
Trd, 4317947.743, 102
Trd, 4317950.443, 98
Trd, 4317950.793, 96
Trd, 4317950.893, 99
Trd, 4317951.993, 98
Trd, 4317953.143, 98
Trd, 4317953.593, 95
Trd, 4317956.893, 97
Trd, 4317957.143, 97
Trd, 4317958.393, 97
Trd, 4317958.793, 97
Trd, 4317961.793, 110
Trd, 4317962.843, 129
Trd, 4317963.043, 109
Trd, 4317965.943, 108
Trd, 4317966.193, 107
Trd, 4317966.293, 78
Trd, 4317970.743, 100
Trd, 4317971.043, 100
Trd, 4317971.693, 100
Trd, 4317972.693, 107
Trd, 4317973.193, 109
Trd, 4317974.643, 107
Trd, 4317977.393, 97
Trd, 4317977.793, 99
Trd, 4317977.943, 105
Trd, 4317980.093, 97
Trd, 4317981.793, 102
Trd, 4317985.493, 103
Trd, 4317985.643, 98
Trd, 4317987.193, 100
Trd, 4317989.093, 100
Trd, 4317990.043, 81
Trd, 4317990.443, 100
Trd, 4317992.443, 101
Trd, 4317995.593, 101
Trd, 4317995.943, 95
Trd, 4317997.193, 101
Trd, 4317997.793, 101
Trd, 4317998.243, 102
Trd, 4317999.243, 104
Trd, 4318000.693, 112
Trd, 4318001.043, 93
Trd, 4318004.943, 100
Trd, 4318005.793, 98
Trd, 4318006.043, 99
Trd, 4318007.393, 92
Trd, 4318008.143, 104
Trd, 4318008.843, 101
Trd, 4318012.093, 99
Trd, 4318012.393, 86
Trd, 4318014.743, 100
Trd, 4318017.843, 100
Trd, 4318017.943, 93
Trd, 4318018.643, 100
Trd, 4318019.993, 112
Trd, 4318021.543, 105
Trd, 4318022.843, 104
Trd, 4318024.593, 102
Trd, 4318027.043, 94
Trd, 4318027.093, 96
Trd, 4318029.893, 95
Trd, 4318030.493, 93
Trd, 4318030.643, 104
Trd, 4318032.043, 76
Trd, 4318033.543, 100
Trd, 4318035.393, 89
Trd, 4318037.143, 99
Trd, 4318037.393, 104
Trd, 4318037.693, 131
Trd, 4318038.893, 92
Trd, 4318039.343, 95
Trd, 4318040.143, 106
Trd, 4318042.193, 99
Trd, 4318043.843, 100
Trd, 4318045.793, 97
Trd, 4318046.993, 92
Trd, 4318047.343, 98
Trd, 4318049.043, 99
Trd, 4318051.443, 96
Trd, 4318051.943, 92
Trd, 4318052.093, 94
Trd, 4318053.593, 94
Trd, 4318054.443, 94
Trd, 4318055.593, 105
Trd, 4318055.843, 93
Trd, 4318056.093, 96
Trd, 4318057.643, 87
Trd, 4318057.793, 95
Trd, 4318060.043, 122
Trd, 4318060.893, 106
Trd, 4318061.443, 107
Trd, 4318064.093, 94
Trd, 4318064.993, 97
Trd, 4318065.793, 96
Trd, 4318065.893, 99
Trd, 4318069.043, 100
Trd, 4318071.443, 98
Trd, 4318071.893, 96
Trd, 4318072.193, 99
Trd, 4318073.193, 94
Trd, 4318075.093, 104
Trd, 4318076.743, 95
Trd, 4318076.943, 99
Trd, 4318077.293, 100
Trd, 4318077.443, 100
Trd, 4318078.893, 104
Trd, 4318079.643, 112
Trd, 4318080.643, 111
Trd, 4318081.493, 110
Trd, 4318082.893, 108
Trd, 4318086.743, 100
Trd, 4318086.993, 100
Trd, 4318087.593, 81
Trd, 4318088.693, 99
Trd, 4318088.743, 100
Trd, 4318090.443, 99
Trd, 4318091.193, 98
Trd, 4318091.543, 105
Trd, 4318092.143, 104
Trd, 4318093.043, 81
Trd, 4318094.993, 105
Trd, 4318096.893, 103
Trd, 4318096.993, 95
Trd, 4318098.643, 107
Trd, 4318100.093, 98
Trd, 4318101.243, 96
Trd, 4318101.593, 98
Trd, 4318102.593, 104
Trd, 4318103.743, 101
Trd, 4318104.893, 110
Trd, 4318108.643, 105
Trd, 4318108.993, 119
Trd, 4318109.843, 92
Trd, 4318111.443, 105
Trd, 4318113.443, 103
Trd, 4318114.243, 101
Trd, 4318116.143, 89
Trd, 4318116.793, 87
Trd, 4318118.943, 88
Trd, 4318119.243, 88
Trd, 4318121.343, 92
Trd, 4318121.993, 91
Trd, 4318123.343, 90
Trd, 4318124.843, 93
Trd, 4318124.893, 104
Trd, 4318126.343, 81
Trd, 4318129.393, 92
Trd, 4318129.843, 93
Trd, 4318129.993, 104
Trd, 4318130.843, 90
Trd, 4318131.693, 95
Trd, 4318133.543, 96
Trd, 4318133.843, 97
Trd, 4318135.193, 98
Trd, 4318137.743, 98
Trd, 4318137.943, 91
Trd, 4318138.043, 104
Trd, 4318139.143, 109
Trd, 4318139.943, 109
Trd, 4318140.693, 108
Trd, 4318140.993, 107
Trd, 4318142.993, 96
Trd, 4318144.143, 95
Trd, 4318144.693, 95
Trd, 4318145.943, 118
Trd, 4318146.443, 113
Trd, 4318147.943, 111
Trd, 4318149.993, 110
Trd, 4318151.143, 137
Trd, 4318152.143, 89
Trd, 4318152.943, 107
Trd, 4318153.593, 115
Trd, 4318157.043, 103
Trd, 4318157.243, 101
Trd, 4318160.143, 100
Trd, 4318160.393, 102
Trd, 4318162.643, 100
Trd, 4318163.843, 96
Trd, 4318164.393, 96
Trd, 4318165.793, 94
Trd, 4318166.443, 90
Trd, 4318167.043, 94
Trd, 4318169.543, 94
Trd, 4318172.743, 89
Trd, 4318173.193, 88
Trd, 4318173.243, 92
Trd, 4318175.243, 90
Trd, 4318176.293, 104
Trd, 4318178.193, 94
Trd, 4318178.693, 94
Trd, 4318180.193, 87
Trd, 4318180.643, 94
Trd, 4318183.993, 94
Trd, 4318184.293, 92
Trd, 4318184.843, 93
Trd, 4318184.943, 104
Trd, 4318185.593, 101
Trd, 4318186.043, 75
Trd, 4318186.743, 91
Trd, 4318189.193, 103
Trd, 4318189.343, 132
Trd, 4318191.043, 121
Trd, 4318192.493, 100
Trd, 4318192.543, 104
Trd, 4318193.943, 101
Trd, 4318194.693, 112
Trd, 4318196.593, 103
Trd, 4318198.543, 94
Trd, 4318199.793, 98
Trd, 4318200.343, 102
Trd, 4318201.793, 94
Trd, 4318202.393, 97
Trd, 4318202.543, 100
Trd, 4318204.343, 93
Trd, 4318206.093, 92
Trd, 4318206.593, 110
Trd, 4318207.593, 91
Trd, 4318208.193, 104
Trd, 4318211.393, 100
Trd, 4318212.543, 97
Trd, 4318213.143, 100
Trd, 4318213.793, 96
Trd, 4318214.193, 99
Trd, 4318215.793, 104
Trd, 4318217.293, 100
Trd, 4318218.793, 100
Trd, 4318221.543, 99
Trd, 4318222.893, 98
Trd, 4318223.043, 97
Trd, 4318223.843, 104
Trd, 4318225.243, 94
Trd, 4318227.793, 73
Trd, 4318227.943, 96
Trd, 4318228.343, 84
Trd, 4318229.243, 81
Trd, 4318232.093, 96
Trd, 4318233.343, 88
Trd, 4318234.093, 90
Trd, 4318235.793, 104
Trd, 4318236.093, 100
Trd, 4318239.093, 96
Trd, 4318241.093, 96
Trd, 4318242.293, 96
Trd, 4318242.793, 94
Trd, 4318243.793, 104
Trd, 4318244.193, 101
Trd, 4318245.443, 107
Trd, 4318246.243, 94
Trd, 4318246.693, 92
Trd, 4318246.993, 96
Trd, 4318247.443, 94
Trd, 4318249.293, 92
Trd, 4318250.143, 104
Trd, 4318250.343, 105
Trd, 4318252.943, 99
Trd, 4318253.193, 91
Trd, 4318254.343, 97
Trd, 4318254.943, 72
Trd, 4318257.993, 94
Trd, 4318258.243, 94
Trd, 4318258.293, 105
Trd, 4318258.493, 109
Trd, 4318259.793, 100
Trd, 4318261.293, 74
Trd, 4318261.443, 82
Trd, 4318262.943, 84
Trd, 4318265.193, 86
Trd, 4318266.743, 76
Trd, 4318267.143, 81
Trd, 4318267.243, 95
Trd, 4318268.693, 87
Trd, 4318269.843, 91
Trd, 4318270.643, 75
Trd, 4318271.393, 104
Trd, 4318272.043, 112
Trd, 4318274.143, 110
Trd, 4318274.893, 108
Trd, 4318276.193, 107
Trd, 4318276.943, 94
Trd, 4318276.993, 100
Trd, 4318277.943, 99
Trd, 4318279.193, 132
Trd, 4318281.493, 105
Trd, 4318282.593, 104
Trd, 4318283.243, 107
Trd, 4318284.243, 97
Trd, 4318285.193, 104
Trd, 4318287.993, 97
Trd, 4318288.443, 97
Trd, 4318291.593, 95
Trd, 4318293.593, 95
Trd, 4318294.943, 95
Trd, 4318295.593, 95
Trd, 4318296.543, 94
Trd, 4318298.443, 94
Trd, 4318301.093, 95
Trd, 4318301.593, 104
Trd, 4318302.193, 102
Trd, 4318303.993, 94
Trd, 4318305.643, 119
Trd, 4318307.193, 104
Trd, 4318307.993, 105
Trd, 4318309.693, 99
Trd, 4318310.193, 104
Trd, 4318311.393, 100
Trd, 4318312.393, 103
Trd, 4318313.943, 101
Trd, 4318314.093, 103
Trd, 4318314.893, 99
Trd, 4318315.893, 103
Trd, 4318317.943, 102
Trd, 4318320.343, 104
Trd, 4318320.393, 100
Trd, 4318321.543, 94
Trd, 4318321.993, 97
Trd, 4318322.793, 101
Trd, 4318322.943, 104
Trd, 4318325.593, 88
Trd, 4318326.243, 90
Trd, 4318327.443, 104
Trd, 4318327.793, 99
Trd, 4318327.843, 111
Trd, 4318328.643, 98
Trd, 4318330.043, 104
Trd, 4318331.593, 101
Trd, 4318331.843, 81
Trd, 4318333.393, 100
Trd, 4318334.143, 124
Trd, 4318334.643, 108
Trd, 4318337.843, 90
Trd, 4318339.943, 104
Trd, 4318342.543, 96
Trd, 4318343.143, 97
Trd, 4318343.593, 96
Trd, 4318344.293, 97
Trd, 4318345.543, 104
Trd, 4318346.543, 102
Trd, 4318346.993, 102
Trd, 4318347.143, 106
Trd, 4318348.643, 93
Trd, 4318351.143, 95
Trd, 4318352.143, 105
Trd, 4318352.493, 104
Trd, 4318352.993, 105
Trd, 4318355.043, 112
Trd, 4318356.493, 107
Trd, 4318357.443, 100
Trd, 4318360.043, 92
Trd, 4318360.093, 95
Trd, 4318360.293, 100
Trd, 4318362.093, 120
Trd, 4318362.343, 119
Trd, 4318363.393, 127
Trd, 4318365.343, 113
Trd, 4318368.493, 98
Trd, 4318368.793, 96
Trd, 4318369.143, 96
Trd, 4318369.643, 81
Trd, 4318370.743, 92
Trd, 4318372.343, 95
Trd, 4318373.693, 92
Trd, 4318375.093, 104
Trd, 4318376.443, 124
Trd, 4318376.693, 108
Trd, 4318377.693, 108
Trd, 4318379.243, 91
Trd, 4318379.993, 103
Trd, 4318381.543, 103
Trd, 4318383.043, 99
Trd, 4318383.293, 104
Trd, 4318385.193, 99
Trd, 4318385.543, 100
Trd, 4318388.293, 100
Trd, 4318388.643, 99
Trd, 4318389.293, 104
Trd, 4318390.243, 121
Trd, 4318391.443, 91
Trd, 4318392.093, 111
Trd, 4318393.743, 113
Trd, 4318395.843, 91
Trd, 4318396.593, 96
Trd, 4318399.393, 99
Trd, 4318400.493, 96
Trd, 4318403.593, 98
Trd, 4318403.793, 97
Trd, 4318403.943, 98
Trd, 4318404.693, 99
Trd, 4318407.943, 98
Trd, 4318408.243, 99
Trd, 4318410.093, 99
Trd, 4318410.343, 101
Trd, 4318410.943, 117
Trd, 4318413.943, 96
Trd, 4318414.093, 94
Trd, 4318415.993, 79
Trd, 4318416.243, 86
Trd, 4318417.993, 85
Trd, 4318418.693, 85
Trd, 4318419.943, 86
Trd, 4318420.843, 86
Trd, 4318421.643, 104
Trd, 4318422.693, 100
Trd, 4318425.093, 104
Trd, 4318425.193, 84
Trd, 4318425.643, 98
Trd, 4318426.693, 93
Trd, 4318427.093, 95
Trd, 4318429.243, 117
Trd, 4318429.293, 107
Trd, 4318431.093, 115
Trd, 4318433.643, 100
Trd, 4318435.443, 99
Trd, 4318438.143, 98
Trd, 4318438.743, 104
Trd, 4318439.643, 88
Trd, 4318439.993, 82
Trd, 4318442.243, 89
Trd, 4318443.993, 88
Trd, 4318444.343, 87
Trd, 4318446.193, 92
Trd, 4318446.393, 92
Trd, 4318447.543, 91
Trd, 4318447.793, 104
Trd, 4318448.643, 133
Trd, 4318450.993, 89
Trd, 4318451.943, 109
Trd, 4318451.993, 109
Trd, 4318453.593, 101
Trd, 4318455.443, 96
Trd, 4318456.193, 93
Trd, 4318457.493, 95
Trd, 4318458.743, 95
Trd, 4318459.943, 94
Trd, 4318460.693, 97
Trd, 4318463.693, 96
Trd, 4318466.043, 97
Trd, 4318466.343, 95
Trd, 4318466.743, 96
Trd, 4318467.143, 98
Trd, 4318469.843, 93
Trd, 4318470.143, 96
Trd, 4318471.043, 96
Trd, 4318472.193, 97
Trd, 4318472.443, 104
Trd, 4318473.693, 93
Trd, 4318474.993, 98
Trd, 4318478.993, 92
Trd, 4318479.293, 93
Trd, 4318479.493, 95
Trd, 4318480.593, 95
Trd, 4318482.643, 100
Trd, 4318482.943, 96
Trd, 4318485.393, 86
Trd, 4318486.143, 94
Trd, 4318486.543, 95
Trd, 4318488.093, 94
Trd, 4318488.793, 101
Trd, 4318489.943, 90
Trd, 4318492.543, 97
Trd, 4318494.393, 94
Trd, 4318494.543, 96
Trd, 4318495.093, 93
Trd, 4318495.993, 96
Trd, 4318496.943, 104
Trd, 4318498.143, 102
Trd, 4318498.543, 126
Trd, 4318500.093, 125
Trd, 4318501.143, 106
Trd, 4318502.343, 118
Trd, 4318505.893, 107
Trd, 4318506.843, 102
Trd, 4318507.443, 102
Trd, 4318507.543, 94
Trd, 4318511.093, 101
Trd, 4318511.493, 98
Trd, 4318513.043, 98
Trd, 4318513.643, 131
Trd, 4318513.843, 127
Trd, 4318514.993, 113
Trd, 4318516.093, 110
Trd, 4318516.543, 93
Trd, 4318517.943, 107
Trd, 4318521.143, 101
Trd, 4318521.543, 100
Trd, 4318522.193, 102
Trd, 4318523.643, 100
Trd, 4318524.293, 77
Trd, 4318526.143, 99
Trd, 4318527.093, 97
Trd, 4318527.793, 98
Trd, 4318530.193, 97
Trd, 4318530.593, 91
Trd, 4318531.093, 99
Trd, 4318531.593, 104
Trd, 4318532.243, 97
Trd, 4318532.493, 132
Trd, 4318533.443, 122
Trd, 4318533.643, 81
Trd, 4318536.343, 111
Trd, 4318536.693, 105
Trd, 4318538.393, 102
Trd, 4318539.793, 100
Trd, 4318540.143, 104
Trd, 4318540.443, 97
Trd, 4318543.243, 100
Trd, 4318546.193, 100
Trd, 4318547.143, 99
Trd, 4318547.943, 104
Trd, 4318549.143, 81
Trd, 4318549.343, 93
Trd, 4318551.643, 94
Trd, 4318551.943, 89
Trd, 4318554.993, 89
Trd, 4318556.043, 92
Trd, 4318556.943, 92
Trd, 4318558.143, 93
Trd, 4318559.193, 93
Trd, 4318559.843, 93
Trd, 4318560.043, 104
Trd, 4318560.993, 109
Trd, 4318561.493, 110
Trd, 4318564.043, 118
Trd, 4318565.443, 109
Trd, 4318565.493, 111
Trd, 4318570.743, 100
Trd, 4318572.193, 98
Trd, 4318572.443, 99
Trd, 4318573.243, 103
Trd, 4318574.843, 99
Trd, 4318575.143, 101
Trd, 4318575.593, 108
Trd, 4318578.293, 94
Trd, 4318581.093, 98
Trd, 4318581.293, 117
Trd, 4318582.193, 106
Trd, 4318584.093, 106
Trd, 4318584.293, 93
Trd, 4318587.143, 99
Trd, 4318587.943, 100
Trd, 4318590.443, 98
Trd, 4318591.393, 104
Trd, 4318592.143, 97
Trd, 4318592.493, 99
Trd, 4318595.893, 94
Trd, 4318597.093, 97
Trd, 4318597.593, 97
Trd, 4318598.293, 96
Trd, 4318602.493, 93
Trd, 4318603.093, 97
Trd, 4318604.493, 95
Trd, 4318605.293, 95
Trd, 4318605.693, 99
Trd, 4318606.843, 104
Trd, 4318608.243, 92
Trd, 4318609.493, 116
Trd, 4318611.693, 101
Trd, 4318612.543, 94
Trd, 4318612.843, 105
Trd, 4318613.993, 102
Trd, 4318615.293, 101
Trd, 4318615.943, 101
Trd, 4318616.743, 104
Trd, 4318617.193, 81
Trd, 4318622.693, 91
Trd, 4318623.143, 86
Trd, 4318623.543, 91
Trd, 4318625.793, 91
Trd, 4318626.693, 89
Trd, 4318626.993, 89
Trd, 4318627.493, 86
Trd, 4318628.443, 96
Trd, 4318631.443, 93
Trd, 4318631.493, 104
Trd, 4318632.093, 99
Trd, 4318633.193, 90
Trd, 4318635.643, 93
Trd, 4318635.793, 100
Trd, 4318636.393, 104
Trd, 4318637.393, 112
Trd, 4318638.193, 127
Trd, 4318641.043, 107
Trd, 4318642.443, 115
Trd, 4318642.543, 105
Trd, 4318644.843, 102
Trd, 4318646.243, 105
Trd, 4318646.543, 76
Trd, 4318648.243, 91
Trd, 4318649.693, 99
Trd, 4318650.843, 105
Trd, 4318650.993, 89
Trd, 4318652.843, 101
Trd, 4318653.843, 101
Trd, 4318656.093, 101
Trd, 4318656.243, 101
Trd, 4318657.993, 100
Trd, 4318659.343, 101
Trd, 4318660.143, 102
Trd, 4318661.793, 99
Trd, 4318662.143, 102
Trd, 4318665.093, 97
Trd, 4318666.793, 97
Trd, 4318669.193, 104
Trd, 4318669.693, 101
Trd, 4318672.243, 101
Trd, 4318672.893, 101
Trd, 4318673.143, 102
Trd, 4318673.843, 94
Trd, 4318674.143, 104
Trd, 4318675.893, 104
Trd, 4318677.143, 104
Trd, 4318679.143, 112
Trd, 4318681.743, 103
Trd, 4318683.743, 105
Trd, 4318685.043, 105
Trd, 4318685.543, 103
Trd, 4318687.793, 103
Trd, 4318689.243, 103
Trd, 4318690.993, 104
Trd, 4318692.793, 104
Trd, 4318692.993, 116
Trd, 4318694.243, 104
Trd, 4318694.543, 107
Trd, 4318697.593, 78
Trd, 4318698.343, 95
Trd, 4318700.993, 91
Trd, 4318701.193, 93
Trd, 4318702.143, 93
Trd, 4318702.693, 93
Trd, 4318704.243, 92
Trd, 4318706.443, 92
Trd, 4318707.143, 104
Trd, 4318708.193, 112
Trd, 4318709.443, 103
Trd, 4318710.993, 103
Trd, 4318712.393, 101
Trd, 4318714.243, 94
Trd, 4318715.443, 99
Trd, 4318715.793, 101
Trd, 4318717.693, 94
Trd, 4318719.343, 98
Trd, 4318719.943, 99
Trd, 4318720.093, 104
Trd, 4318722.043, 101
Trd, 4318722.493, 104
Trd, 4318723.143, 122
Trd, 4318724.543, 104
Trd, 4318724.793, 102
Trd, 4318726.093, 102
Trd, 4318727.443, 102
Trd, 4318728.643, 101
Trd, 4318730.293, 93
Trd, 4318733.743, 96
Trd, 4318733.843, 101
Trd, 4318734.793, 104
Trd, 4318735.993, 103
Trd, 4318736.593, 104
Trd, 4318736.693, 94
Trd, 4318738.043, 92
Trd, 4318741.093, 87
Trd, 4318742.343, 87
Trd, 4318744.093, 86
Trd, 4318745.343, 93
Trd, 4318746.993, 84
Trd, 4318747.493, 113
Trd, 4318748.743, 89
Trd, 4318749.893, 98
Trd, 4318750.243, 117
Trd, 4318751.843, 103
Trd, 4318752.743, 105
Trd, 4318754.343, 104
Trd, 4318754.893, 102
Trd, 4318755.043, 103
Trd, 4318757.793, 100
Trd, 4318757.843, 94
Trd, 4318758.643, 100
Trd, 4318760.343, 99
Trd, 4318761.643, 99
Trd, 4318761.993, 104
Trd, 4318763.743, 102
Trd, 4318763.793, 103
Trd, 4318766.343, 92
Trd, 4318767.393, 97
Trd, 4318767.793, 104
Trd, 4318769.043, 99
Trd, 4318771.693, 99
Trd, 4318772.593, 99
Trd, 4318773.743, 94
Trd, 4318774.243, 99
Trd, 4318774.643, 108
Trd, 4318776.043, 96
Trd, 4318777.243, 98
Trd, 4318777.893, 97
Trd, 4318779.643, 103
Trd, 4318781.193, 97
Trd, 4318783.843, 93
Trd, 4318784.443, 95
Trd, 4318784.493, 100
Trd, 4318785.493, 105
Trd, 4318785.843, 100
Trd, 4318789.593, 99
Trd, 4318790.093, 98
Trd, 4318791.043, 99
Trd, 4318792.043, 99
Trd, 4318793.043, 97
Trd, 4318794.593, 97
Trd, 4318795.993, 98
Trd, 4318797.893, 100
Trd, 4318801.793, 96
Trd, 4318802.043, 99
Trd, 4318802.693, 100
Trd, 4318803.943, 94
Trd, 4318805.443, 94
Trd, 4318805.943, 100
Trd, 4318806.693, 104
Trd, 4318807.643, 103
Trd, 4318808.393, 96
Trd, 4318809.143, 106
Trd, 4318810.443, 104
Trd, 4318811.343, 94
Trd, 4318812.643, 103
Trd, 4318815.293, 91
Trd, 4318816.493, 91
Trd, 4318817.243, 91
Trd, 4318818.643, 91
Trd, 4318820.593, 83
Trd, 4318821.793, 87
Trd, 4318822.793, 115
Trd, 4318823.493, 98
Trd, 4318824.643, 96
Trd, 4318824.743, 104
Trd, 4318826.793, 95
Trd, 4318828.343, 101
Trd, 4318830.043, 102
Trd, 4318833.043, 100
Trd, 4318833.143, 100
Trd, 4318833.343, 97
Trd, 4318834.893, 120
Trd, 4318836.443, 95
Trd, 4318837.843, 99
Trd, 4318838.943, 98
Trd, 4318840.693, 115
Trd, 4318841.343, 110
Trd, 4318842.643, 104
Trd, 4318843.493, 108
Trd, 4318844.043, 105
Trd, 4318845.143, 104
Trd, 4318847.043, 94
Trd, 4318847.843, 103
Trd, 4318850.893, 131
Trd, 4318851.243, 120
Trd, 4318854.493, 110
Trd, 4318854.643, 94
Trd, 4318855.143, 94
Trd, 4318855.193, 102
Trd, 4318857.493, 98
Trd, 4318857.893, 103
Trd, 4318861.193, 101
Trd, 4318861.793, 102
Trd, 4318863.843, 104
Trd, 4318864.543, 101
Trd, 4318865.093, 100
Trd, 4318865.543, 93
Trd, 4318865.893, 99
Trd, 4318868.993, 99
Trd, 4318869.193, 100
Trd, 4318869.343, 104
Trd, 4318869.943, 101
Trd, 4318872.093, 96
Trd, 4318872.193, 100
Trd, 4318872.993, 93
Trd, 4318874.643, 104
Trd, 4318875.593, 105
Trd, 4318878.643, 92
Trd, 4318878.843, 97
Trd, 4318880.093, 97
Trd, 4318882.343, 97
Trd, 4318883.293, 97
Trd, 4318883.343, 95
Trd, 4318883.843, 98
Trd, 4318885.493, 99
Trd, 4318886.793, 122
Trd, 4318887.543, 108
Trd, 4318887.643, 96
Trd, 4318891.193, 105
Trd, 4318892.243, 104
Trd, 4318893.993, 100
Trd, 4318895.843, 99
Trd, 4318896.193, 102
Trd, 4318896.643, 103
Trd, 4318897.443, 93
Trd, 4318899.343, 103
Trd, 4318899.793, 104
Trd, 4318900.793, 101
Trd, 4318902.793, 92
Trd, 4318903.093, 98
Trd, 4318904.343, 101
Trd, 4318905.643, 101
Trd, 4318907.843, 127
Trd, 4318909.243, 110
Trd, 4318909.393, 98
Trd, 4318910.643, 92
Trd, 4318910.943, 112
Trd, 4318912.093, 114
Trd, 4318912.843, 114
Trd, 4318912.993, 103
Trd, 4318915.193, 92
Trd, 4318917.393, 109
Trd, 4318917.743, 112
Trd, 4318920.143, 107
Trd, 4318921.193, 107
Trd, 4318922.893, 107
Trd, 4318923.993, 91
Trd, 4318924.693, 105
Trd, 4318926.043, 100
Trd, 4318929.543, 100
Trd, 4318929.893, 96
Trd, 4318930.143, 98
Trd, 4318932.543, 97
Trd, 4318932.743, 96
Trd, 4318933.743, 105
Trd, 4318937.043, 101
Trd, 4318938.243, 97
Trd, 4318939.293, 101
Trd, 4318939.443, 105
Trd, 4318939.493, 93
Trd, 4318939.843, 118
Trd, 4318941.793, 93
Trd, 4318943.243, 102
Trd, 4318944.243, 101
Trd, 4318945.493, 98
Trd, 4318947.743, 98
Trd, 4318947.843, 97
Trd, 4318949.893, 97
Trd, 4318950.743, 94
Trd, 4318952.443, 88
Trd, 4318954.293, 89
Trd, 4318955.043, 104
Trd, 4318955.643, 102
Trd, 4318957.093, 101
Trd, 4318958.793, 100
Trd, 4318959.593, 101
Trd, 4318960.443, 99
Trd, 4318962.643, 101
Trd, 4318963.293, 104
Trd, 4318964.093, 100
Trd, 4318964.743, 101
Trd, 4318967.193, 99
Trd, 4318967.293, 101
Trd, 4318968.893, 100
Trd, 4318970.493, 100
Trd, 4318970.693, 104
Trd, 4318971.293, 97
Trd, 4318971.993, 107
Trd, 4318973.993, 102
Trd, 4318975.643, 100
Trd, 4318976.643, 97
Trd, 4318977.143, 105
Trd, 4318979.593, 98
Trd, 4318980.493, 98
Trd, 4318982.693, 96
Trd, 4318983.243, 98
Trd, 4318983.693, 104
Trd, 4318985.593, 100
Trd, 4318986.643, 95
Trd, 4318986.893, 100
Trd, 4318989.143, 99
Trd, 4318989.443, 121
Trd, 4318989.993, 117
Trd, 4318991.143, 94
Trd, 4318992.343, 100
Trd, 4318993.893, 100
Trd, 4318994.843, 98
Trd, 4318997.093, 99
Trd, 4318998.593, 99
Trd, 4318999.493, 99
Trd, 4318999.643, 98
Trd, 4319000.643, 93
Trd, 4319000.943, 93
Trd, 4319003.243, 96
Trd, 4319005.193, 95
Trd, 4319005.543, 92
Trd, 4319006.993, 95
Trd, 4319008.193, 95
Trd, 4319008.293, 92
Trd, 4319008.693, 104
Trd, 4319009.893, 131
Trd, 4319010.593, 111
Trd, 4319013.293, 90
Trd, 4319014.343, 80
Trd, 4319015.793, 82
Trd, 4319016.043, 82
Trd, 4319016.143, 105
Trd, 4319019.093, 104
Trd, 4319020.143, 81
Trd, 4319020.643, 91
Trd, 4319021.093, 97
Trd, 4319021.743, 95
Trd, 4319022.243, 98
Trd, 4319023.793, 121
Trd, 4319023.893, 112
Trd, 4319025.643, 105
Trd, 4319025.943, 99
Trd, 4319028.943, 104
Trd, 4319031.243, 104
Trd, 4319031.793, 102
Trd, 4319032.393, 102
Trd, 4319033.643, 76
Trd, 4319034.043, 104
Trd, 4319034.093, 104
Trd, 4319037.343, 99
Trd, 4319038.093, 95
Trd, 4319040.743, 97
Trd, 4319041.843, 95
Trd, 4319042.393, 104
Trd, 4319043.043, 99
Trd, 4319044.543, 99
Trd, 4319045.293, 92
Trd, 4319047.793, 97
Trd, 4319047.993, 99
Trd, 4319048.393, 99
Trd, 4319049.843, 94
Trd, 4319050.293, 100
Trd, 4319054.993, 94
Trd, 4319056.193, 93
Trd, 4319057.393, 92
Trd, 4319058.043, 92
Trd, 4319059.543, 98
Trd, 4319061.843, 95
Trd, 4319062.093, 104
Trd, 4319063.343, 94
Trd, 4319065.093, 95
Trd, 4319065.443, 92
Trd, 4319065.743, 97
Trd, 4319066.143, 104
Trd, 4319069.943, 91
Trd, 4319070.543, 92
Trd, 4319070.643, 90
Trd, 4319071.893, 116
Trd, 4319072.343, 106
Trd, 4319073.843, 108
Trd, 4319074.993, 104
Trd, 4319075.293, 107
Trd, 4319077.293, 102
Trd, 4319079.343, 97
Trd, 4319079.843, 90
Trd, 4319082.793, 95
Trd, 4319083.343, 95
Trd, 4319085.643, 97
Trd, 4319085.843, 104
Trd, 4319087.043, 101
Trd, 4319087.843, 102
Trd, 4319092.393, 101
Trd, 4319093.843, 99
Trd, 4319096.143, 96
Trd, 4319097.343, 95
Trd, 4319097.793, 94
Trd, 4319100.193, 75
Trd, 4319100.443, 100
Trd, 4319100.893, 93
Trd, 4319101.743, 104
Trd, 4319101.993, 89
Trd, 4319104.943, 92
Trd, 4319105.793, 97
Trd, 4319105.943, 98
Trd, 4319109.443, 94
Trd, 4319110.193, 95
Trd, 4319112.893, 96
Trd, 4319112.943, 96
Trd, 4319115.593, 92
Trd, 4319116.443, 97
Trd, 4319117.443, 97
Trd, 4319118.343, 96
Trd, 4319118.793, 92
Trd, 4319119.893, 96
Trd, 4319121.543, 97
Trd, 4319121.593, 131
Trd, 4319122.393, 110
Trd, 4319124.593, 98
Trd, 4319126.193, 97
Trd, 4319126.543, 90
Trd, 4319128.793, 84
Trd, 4319129.393, 93
Trd, 4319130.593, 74
Trd, 4319131.093, 90
Trd, 4319133.693, 86
Trd, 4319134.043, 88
Trd, 4319134.293, 80
Trd, 4319134.593, 105
Trd, 4319135.193, 119
Trd, 4319137.043, 106
Trd, 4319138.143, 96
Trd, 4319139.693, 107
Trd, 4319139.993, 131
Trd, 4319141.593, 102
Trd, 4319142.143, 100
Trd, 4319143.093, 92
Trd, 4319143.943, 95
Trd, 4319144.693, 92
Trd, 4319145.093, 95
Trd, 4319145.643, 104
Trd, 4319148.343, 97
Trd, 4319149.193, 98
Trd, 4319151.893, 98
Trd, 4319151.943, 92
Trd, 4319157.493, 97
Trd, 4319158.493, 96
Trd, 4319159.043, 93
Trd, 4319159.593, 104
Trd, 4319159.693, 102
Trd, 4319160.493, 104
Trd, 4319162.443, 103
Trd, 4319163.193, 102
Trd, 4319163.543, 102
Trd, 4319165.343, 104
Trd, 4319167.343, 91
Trd, 4319167.793, 101
Trd, 4319168.643, 101
Trd, 4319169.143, 97
Trd, 4319170.693, 131
Trd, 4319173.293, 98
Trd, 4319174.993, 100
Trd, 4319176.543, 100
Trd, 4319176.793, 95
Trd, 4319178.393, 98
Trd, 4319178.843, 104
Trd, 4319179.793, 100
Trd, 4319181.143, 98
Trd, 4319181.593, 97
Trd, 4319185.443, 99
Trd, 4319185.943, 96
Trd, 4319186.893, 104
Trd, 4319187.393, 102
Trd, 4319189.193, 99
Trd, 4319189.443, 95
Trd, 4319190.493, 98
Trd, 4319191.093, 94
Trd, 4319191.743, 104
Trd, 4319194.043, 100
Trd, 4319195.093, 99
Trd, 4319196.043, 100
Trd, 4319197.093, 94
Trd, 4319199.793, 98
Trd, 4319201.843, 98
Trd, 4319202.493, 104
Trd, 4319203.443, 115
Trd, 4319204.743, 101
Trd, 4319205.043, 81
Trd, 4319207.743, 92
Trd, 4319207.793, 96
Trd, 4319209.943, 94
Trd, 4319210.543, 95
Trd, 4319212.143, 99
Trd, 4319213.693, 98
Trd, 4319214.493, 103
Trd, 4319214.793, 89
Trd, 4319215.793, 100
Trd, 4319217.943, 102
Trd, 4319218.093, 105
Trd, 4319218.493, 95
Trd, 4319219.493, 103
Trd, 4319221.693, 94
Trd, 4319222.643, 103
Trd, 4319222.793, 104
Trd, 4319223.743, 95
Trd, 4319224.243, 104
Trd, 4319226.793, 98
Trd, 4319227.693, 99
Trd, 4319228.143, 99
Trd, 4319230.493, 101
Trd, 4319230.793, 99
Trd, 4319230.943, 104
Trd, 4319233.993, 97
Trd, 4319234.293, 103
Trd, 4319235.243, 103
Trd, 4319238.043, 102
Trd, 4319238.943, 102
Trd, 4319240.543, 102
Trd, 4319242.193, 101
Trd, 4319242.493, 102
Trd, 4319243.343, 102
Trd, 4319243.693, 100
Trd, 4319244.943, 94
Trd, 4319246.593, 104
Trd, 4319248.143, 107
Trd, 4319248.743, 106
Trd, 4319251.693, 100
Trd, 4319252.543, 100
Trd, 4319253.393, 98
Trd, 4319255.893, 102
Trd, 4319257.643, 103
Trd, 4319257.893, 104
Trd, 4319260.293, 84
Trd, 4319261.043, 87
Trd, 4319261.443, 87
Trd, 4319262.493, 86
Trd, 4319262.743, 88
Trd, 4319263.443, 104
Trd, 4319265.593, 91
Trd, 4319266.743, 90
Trd, 4319267.893, 85
Trd, 4319268.393, 104
Trd, 4319270.793, 89
Trd, 4319271.493, 89
Trd, 4319273.143, 88
Trd, 4319274.143, 87
Trd, 4319274.493, 88
Trd, 4319276.843, 90
Trd, 4319277.143, 92
Trd, 4319278.393, 131
Trd, 4319280.843, 109
Trd, 4319280.943, 108
Trd, 4319282.993, 117
Trd, 4319283.793, 113
Trd, 4319284.193, 93
Trd, 4319285.443, 109
Trd, 4319286.443, 109
Trd, 4319288.693, 106
Trd, 4319290.043, 103
Trd, 4319290.293, 105
Trd, 4319291.693, 105
Trd, 4319292.943, 102
Trd, 4319293.993, 104
Trd, 4319296.643, 101
Trd, 4319297.493, 93
Trd, 4319298.843, 103
Trd, 4319302.293, 97
Trd, 4319302.443, 100
Trd, 4319303.593, 96
Trd, 4319304.493, 95
Trd, 4319306.643, 95
Trd, 4319307.693, 93
Trd, 4319308.743, 94
Trd, 4319310.243, 93
Trd, 4319312.843, 92
Trd, 4319313.043, 94
Trd, 4319314.493, 93
Trd, 4319314.693, 93
Trd, 4319315.643, 92
Trd, 4319317.643, 94
Trd, 4319317.693, 104
Trd, 4319318.743, 121
Trd, 4319320.243, 105
Trd, 4319320.993, 103
Trd, 4319323.143, 101
Trd, 4319323.743, 103
Trd, 4319325.893, 100
Trd, 4319326.693, 90
Trd, 4319327.293, 98
Trd, 4319327.693, 104
Trd, 4319328.993, 89
Trd, 4319329.193, 99
Trd, 4319330.293, 100
Trd, 4319330.893, 97
Trd, 4319332.893, 97
Trd, 4319333.743, 104
Trd, 4319335.793, 124
Trd, 4319336.343, 119
Trd, 4319337.343, 99
Trd, 4319337.543, 92
Trd, 4319338.593, 98
Trd, 4319340.143, 98
Trd, 4319340.193, 98
Trd, 4319340.643, 97
Trd, 4319342.343, 94
Trd, 4319343.543, 98
Trd, 4319345.543, 94
Trd, 4319346.543, 93
Trd, 4319347.843, 98
Trd, 4319347.893, 104
Trd, 4319349.193, 93
Trd, 4319350.443, 99
Trd, 4319351.693, 111
Trd, 4319351.893, 100
Trd, 4319357.193, 95
Trd, 4319357.493, 95
Trd, 4319358.843, 94
Trd, 4319358.893, 95
Trd, 4319360.543, 116
Trd, 4319361.043, 106
Trd, 4319362.543, 105
Trd, 4319363.743, 106
Trd, 4319366.893, 85
Trd, 4319368.393, 98
Trd, 4319368.593, 100
Trd, 4319369.143, 102
Trd, 4319370.593, 100
Trd, 4319371.943, 102
Trd, 4319373.943, 102
Trd, 4319374.893, 81
Trd, 4319375.043, 104
Trd, 4319376.293, 131
Trd, 4319378.543, 102
Trd, 4319380.193, 101
Trd, 4319380.593, 99
Trd, 4319382.443, 100
Trd, 4319383.593, 100
Trd, 4319385.593, 99
Trd, 4319385.943, 101
Trd, 4319386.993, 94
Trd, 4319387.643, 98
Trd, 4319389.243, 98
Trd, 4319389.493, 103
Trd, 4319392.343, 95
Trd, 4319393.243, 98
Trd, 4319394.193, 93
Trd, 4319394.293, 98
Trd, 4319395.693, 104
Trd, 4319396.743, 99
Trd, 4319397.593, 99
Trd, 4319398.343, 100
Trd, 4319398.493, 97
Trd, 4319399.143, 91
Trd, 4319401.643, 101
Trd, 4319402.393, 101
Trd, 4319402.793, 104
Trd, 4319403.543, 120
Trd, 4319403.693, 91
Trd, 4319406.443, 94
Trd, 4319408.243, 104
Trd, 4319409.943, 103
Trd, 4319410.043, 99
Trd, 4319410.193, 104
Trd, 4319410.893, 99
Trd, 4319411.993, 100
Trd, 4319412.793, 111
Trd, 4319415.343, 99
Trd, 4319417.443, 96
Trd, 4319418.793, 97
Trd, 4319419.543, 81
Trd, 4319420.293, 104
Trd, 4319421.493, 102
Trd, 4319423.293, 95
Trd, 4319423.343, 101
Trd, 4319425.793, 97
Trd, 4319426.543, 96
Trd, 4319429.143, 94
Trd, 4319429.243, 98
Trd, 4319431.893, 104
Trd, 4319434.043, 100
Trd, 4319434.543, 100
Trd, 4319435.093, 93
Trd, 4319435.343, 102
Trd, 4319435.643, 104
Trd, 4319437.393, 100
Trd, 4319440.493, 98
Trd, 4319441.743, 96
Trd, 4319442.993, 99
Trd, 4319444.393, 99
Trd, 4319446.143, 77
Trd, 4319446.743, 86
Trd, 4319446.793, 88
Trd, 4319448.793, 104
Trd, 4319448.893, 131
Trd, 4319450.643, 132
Trd, 4319454.693, 103
Trd, 4319455.293, 103
Trd, 4319457.193, 101
Trd, 4319458.843, 103
Trd, 4319459.593, 104
Trd, 4319459.893, 117
Trd, 4319461.743, 102
Trd, 4319462.743, 115
Trd, 4319463.443, 108
Trd, 4319463.593, 92
Trd, 4319466.393, 89
Trd, 4319467.493, 90
Trd, 4319469.293, 111
Trd, 4319470.093, 96
Trd, 4319470.193, 114
Trd, 4319472.193, 110
Trd, 4319473.343, 101
Trd, 4319474.443, 99
Trd, 4319474.493, 107
Trd, 4319476.793, 89
Trd, 4319477.543, 106
Trd, 4319479.693, 104
Trd, 4319480.893, 106
Trd, 4319483.443, 103
Trd, 4319484.343, 105
Trd, 4319485.143, 104
Trd, 4319485.843, 105
Trd, 4319486.193, 103
Trd, 4319487.993, 103
Trd, 4319488.493, 114
Trd, 4319490.843, 108
Trd, 4319490.943, 107
Trd, 4319492.493, 96
Trd, 4319493.843, 103
Trd, 4319495.043, 100
Trd, 4319497.293, 100
Trd, 4319497.943, 94
Trd, 4319498.493, 104
Trd, 4319498.643, 125
Trd, 4319501.793, 108
Trd, 4319503.893, 107
Trd, 4319505.043, 101
Trd, 4319505.093, 107
Trd, 4319506.543, 107
Trd, 4319508.543, 103
Trd, 4319510.243, 99
Trd, 4319510.343, 104
Trd, 4319511.393, 92
Trd, 4319512.143, 103
Trd, 4319513.593, 94
Trd, 4319515.043, 101
Trd, 4319516.343, 96
Trd, 4319517.343, 92
Trd, 4319517.943, 93
Trd, 4319519.443, 83
Trd, 4319522.143, 94
Trd, 4319522.293, 87
Trd, 4319523.443, 94
Trd, 4319525.193, 104
Trd, 4319526.693, 97
Trd, 4319527.193, 97
Trd, 4319527.243, 92
Trd, 4319528.893, 98
Trd, 4319531.793, 97
Trd, 4319532.193, 92
Trd, 4319533.843, 77
Trd, 4319534.093, 102
Trd, 4319534.543, 105
Trd, 4319535.693, 113
Trd, 4319537.343, 95
Trd, 4319538.443, 95
Trd, 4319539.343, 76
Trd, 4319540.143, 96
Trd, 4319541.593, 96
Trd, 4319543.243, 101
Trd, 4319543.693, 100
Trd, 4319544.193, 99
Trd, 4319545.793, 119
Trd, 4319548.343, 108
Trd, 4319549.843, 93
Trd, 4319551.593, 94
Trd, 4319552.393, 93
Trd, 4319553.793, 92
Trd, 4319553.993, 111
Trd, 4319554.193, 107
Trd, 4319556.093, 96
Trd, 4319556.443, 104
Trd, 4319558.393, 99
Trd, 4319559.193, 98
Trd, 4319560.543, 97
Trd, 4319561.843, 97
Trd, 4319561.893, 95
Trd, 4319563.293, 90
Trd, 4319564.443, 125
Trd, 4319566.543, 106
Trd, 4319568.143, 107
Trd, 4319569.043, 101
Trd, 4319570.493, 100
Trd, 4319572.393, 100
Trd, 4319572.793, 104
Trd, 4319574.693, 95
Trd, 4319576.743, 94
Trd, 4319578.093, 97
Trd, 4319578.593, 88
Trd, 4319578.893, 96
Trd, 4319579.993, 104
Trd, 4319581.243, 100
Trd, 4319581.493, 75
Trd, 4319583.493, 100
Trd, 4319583.693, 104
Trd, 4319584.943, 101
Trd, 4319586.743, 104
Trd, 4319587.843, 95
Trd, 4319588.343, 101
Trd, 4319588.993, 101
Trd, 4319590.093, 98
Trd, 4319591.793, 98
Trd, 4319592.543, 104
Trd, 4319594.543, 97
Trd, 4319595.893, 96
Trd, 4319598.793, 99
Trd, 4319600.043, 92
Trd, 4319600.893, 73
Trd, 4319601.493, 90
Trd, 4319603.643, 90
Trd, 4319605.343, 127
Trd, 4319606.393, 114
Trd, 4319606.843, 111
Trd, 4319608.043, 104
Trd, 4319608.893, 113
Trd, 4319610.743, 106
Trd, 4319611.093, 108
Trd, 4319611.393, 131
Trd, 4319612.943, 88
Trd, 4319613.493, 113
Trd, 4319613.843, 120
Trd, 4319614.793, 89
Trd, 4319617.343, 98
Trd, 4319618.243, 99
Trd, 4319618.293, 99
Trd, 4319619.193, 104
Trd, 4319620.293, 100
Trd, 4319621.943, 96
Trd, 4319623.243, 93
Trd, 4319623.343, 94
Trd, 4319625.243, 98
Trd, 4319628.343, 93
Trd, 4319629.793, 95
Trd, 4319629.843, 94
Trd, 4319630.943, 96
Trd, 4319632.043, 73
Trd, 4319632.343, 97
Trd, 4319633.543, 82
Trd, 4319635.243, 92
Trd, 4319635.993, 90
Trd, 4319636.593, 94
Trd, 4319637.743, 92
Trd, 4319638.393, 92
Trd, 4319638.743, 104
Trd, 4319640.343, 105
Trd, 4319641.093, 105
Trd, 4319644.443, 95
Trd, 4319645.643, 97
Trd, 4319646.043, 103
Trd, 4319647.193, 101
Trd, 4319647.393, 105
Trd, 4319648.893, 102
Trd, 4319651.793, 94
Trd, 4319652.793, 93
Trd, 4319653.243, 98
Trd, 4319654.193, 98
Trd, 4319655.143, 97
Trd, 4319655.343, 100
Trd, 4319658.493, 97
Trd, 4319658.793, 98
Trd, 4319659.593, 92
Trd, 4319660.693, 104
Trd, 4319660.843, 102
Trd, 4319661.543, 103
Trd, 4319665.043, 100
Trd, 4319665.343, 101
Trd, 4319668.643, 103
Trd, 4319668.993, 94
Trd, 4319671.093, 104
Trd, 4319672.043, 103
Trd, 4319672.843, 98
Trd, 4319673.593, 100
Trd, 4319674.443, 101
Trd, 4319674.593, 102
Trd, 4319676.293, 104
Trd, 4319676.443, 104
Trd, 4319677.543, 102
Trd, 4319678.493, 93
Trd, 4319679.393, 105
Trd, 4319682.143, 104
Trd, 4319683.843, 100
Trd, 4319684.943, 101
Trd, 4319685.293, 92
Trd, 4319685.543, 104
Trd, 4319686.693, 77
Trd, 4319688.193, 104
Trd, 4319688.743, 128
Trd, 4319689.343, 96
Trd, 4319690.943, 95
Trd, 4319691.093, 95
Trd, 4319692.393, 93
Trd, 4319694.143, 106
Trd, 4319694.793, 93
Trd, 4319696.043, 91
Trd, 4319696.393, 91
Trd, 4319698.593, 92
Trd, 4319700.693, 93
Trd, 4319700.943, 90
Trd, 4319701.793, 98
Trd, 4319701.993, 104
Trd, 4319702.643, 101
Trd, 4319702.693, 93
Trd, 4319706.493, 102
Trd, 4319706.593, 104
Trd, 4319707.843, 93
Trd, 4319709.293, 102
Trd, 4319710.043, 93
Trd, 4319710.893, 92
Trd, 4319712.343, 92
Trd, 4319712.543, 102
Trd, 4319714.493, 104
Trd, 4319715.793, 113
Trd, 4319717.143, 94
Trd, 4319718.543, 91
Trd, 4319718.693, 92
Trd, 4319719.693, 90
Trd, 4319721.393, 91
Trd, 4319722.943, 101
Trd, 4319724.493, 96
Trd, 4319725.193, 104
Trd, 4319727.143, 102
Trd, 4319728.893, 101
Trd, 4319729.693, 102
Trd, 4319731.143, 101
Trd, 4319731.993, 102
Trd, 4319732.743, 102
Trd, 4319733.943, 99
Trd, 4319736.443, 103
Trd, 4319739.543, 103
Trd, 4319740.093, 104
Trd, 4319740.543, 103
Trd, 4319740.693, 104
Trd, 4319741.193, 81
Trd, 4319741.343, 103
Trd, 4319743.743, 103
Trd, 4319743.993, 104
Trd, 4319744.343, 94
Trd, 4319745.143, 105
Trd, 4319746.943, 104
Trd, 4319749.493, 103
Trd, 4319749.943, 95
Trd, 4319750.893, 104
Trd, 4319751.143, 94
Trd, 4319754.893, 105
Trd, 4319755.743, 105
Trd, 4319757.343, 103
Trd, 4319757.443, 104
Trd, 4319759.843, 99
Trd, 4319761.193, 101
Trd, 4319761.943, 101
Trd, 4319763.493, 102
Trd, 4319764.793, 94
Trd, 4319765.093, 104
Trd, 4319767.743, 95
Trd, 4319768.043, 93
Trd, 4319769.243, 83
Trd, 4319771.093, 104
Trd, 4319773.943, 96
Trd, 4319774.193, 96
Trd, 4319774.793, 95
Trd, 4319775.443, 104
Trd, 4319775.893, 103
Trd, 4319778.343, 101
Trd, 4319780.093, 104
Trd, 4319782.393, 94
Trd, 4319782.493, 99
Trd, 4319782.543, 102
Trd, 4319783.043, 81
Trd, 4319784.693, 99
Trd, 4319785.843, 103
Trd, 4319786.543, 98
Trd, 4319787.093, 96
Trd, 4319787.643, 94
Trd, 4319789.593, 95
Trd, 4319791.743, 94
Trd, 4319792.343, 104
Trd, 4319793.643, 99
Trd, 4319795.443, 99
Trd, 4319795.643, 92
Trd, 4319797.843, 99
Trd, 4319798.993, 104
Trd, 4319801.693, 103
Trd, 4319801.743, 101
Trd, 4319801.793, 98
Trd, 4319802.343, 94
Trd, 4319804.043, 94
Trd, 4319804.843, 93
Trd, 4319805.393, 104
Trd, 4319806.893, 98
Trd, 4319812.143, 94
Trd, 4319812.243, 95
Trd, 4319812.543, 100
Trd, 4319813.243, 98
Trd, 4319816.293, 96
Trd, 4319816.493, 96
Trd, 4319817.593, 94
Trd, 4319819.943, 96
Trd, 4319820.393, 93
Trd, 4319820.993, 97
Trd, 4319822.443, 98
Trd, 4319822.693, 101
Trd, 4319823.243, 104
Trd, 4319825.043, 98
Trd, 4319826.243, 96
Trd, 4319827.193, 83
Trd, 4319828.143, 89
Trd, 4319828.543, 104
Trd, 4319830.093, 95
Trd, 4319830.493, 96
Trd, 4319833.343, 101
Trd, 4319834.243, 115
Trd, 4319836.093, 105
Trd, 4319837.493, 96
Trd, 4319837.593, 100
Trd, 4319838.443, 99
Trd, 4319838.643, 90
Trd, 4319839.993, 104
Trd, 4319841.993, 102
Trd, 4319842.193, 105
Trd, 4319843.243, 105
Trd, 4319843.643, 100
Trd, 4319845.543, 105
Trd, 4319846.643, 121
Trd, 4319847.043, 111
Trd, 4319847.543, 116
Trd, 4319848.593, 94
Trd, 4319852.093, 88
Trd, 4319852.193, 92
Trd, 4319852.293, 109
Trd, 4319853.343, 86
Trd, 4319855.093, 99
Trd, 4319856.793, 111
Trd, 4319857.893, 126
Trd, 4319858.743, 122
Trd, 4319859.893, 110
Trd, 4319862.043, 107
Trd, 4319862.243, 109
Trd, 4319862.643, 124
Trd, 4319863.193, 107
Trd, 4319864.293, 99
Trd, 4319868.043, 99
Trd, 4319868.093, 96
Trd, 4319870.043, 101
Trd, 4319870.543, 104
Trd, 4319870.843, 105
Trd, 4319872.293, 95
Trd, 4319872.843, 96
Trd, 4319873.243, 131
Trd, 4319874.093, 76
Trd, 4319875.543, 85
Trd, 4319878.343, 88
Trd, 4319879.343, 119
Trd, 4319879.893, 118
Trd, 4319881.443, 112
Trd, 4319882.043, 111
Trd, 4319883.143, 113
Trd, 4319886.893, 99
Trd, 4319887.493, 99
Trd, 4319887.593, 101
Trd, 4319888.743, 91
Trd, 4319889.943, 104
Trd, 4319890.843, 103
Trd, 4319891.143, 75
Trd, 4319893.143, 85
Trd, 4319894.843, 94
Trd, 4319896.593, 104
Trd, 4319896.743, 100
Trd, 4319898.093, 91
Trd, 4319898.643, 115
Trd, 4319901.293, 97
Trd, 4319901.793, 101
Trd, 4319902.443, 115
Trd, 4319902.743, 91
Trd, 4319904.043, 107
Trd, 4319905.043, 85
Trd, 4319905.243, 86
Trd, 4319907.993, 108
Trd, 4319909.743, 97
Trd, 4319910.493, 96
Trd, 4319911.243, 95
Trd, 4319912.993, 94
Trd, 4319914.343, 93
Trd, 4319914.893, 94
Trd, 4319916.093, 94
Trd, 4319916.243, 95
Trd, 4319917.393, 95
Trd, 4319918.743, 93
Trd, 4319919.493, 105
Trd, 4319920.043, 92
Trd, 4319921.393, 98
Trd, 4319921.943, 99
Trd, 4319922.343, 105
Trd, 4319926.443, 102
Trd, 4319927.193, 97
Trd, 4319928.543, 103
Trd, 4319929.043, 104
Trd, 4319931.793, 100
Trd, 4319932.093, 99
Trd, 4319932.393, 102
Trd, 4319933.543, 102
Trd, 4319933.593, 104
Trd, 4319935.843, 93
Trd, 4319936.693, 92
Trd, 4319937.793, 104
Trd, 4319937.943, 91
Trd, 4319939.743, 96
Trd, 4319941.993, 93
Trd, 4319942.743, 92
Trd, 4319943.543, 74
Trd, 4319945.943, 89
Trd, 4319947.293, 86
Trd, 4319947.343, 88
Trd, 4319948.443, 81
Trd, 4319949.893, 85
Trd, 4319951.143, 88
Trd, 4319953.343, 89
Trd, 4319953.443, 79
Trd, 4319954.293, 88
Trd, 4319955.693, 104
Trd, 4319956.343, 96
Trd, 4319958.193, 91
Trd, 4319961.843, 92
Trd, 4319961.943, 94
Trd, 4319963.443, 93
Trd, 4319963.543, 91
Trd, 4319963.993, 104
Trd, 4319967.293, 101
Trd, 4319969.243, 96
Trd, 4319969.593, 104
Trd, 4319970.293, 105
Trd, 4319971.843, 102
Trd, 4319972.143, 99
Trd, 4319973.493, 90
Trd, 4319975.743, 102
Trd, 4319976.443, 103
Trd, 4319976.843, 90
Trd, 4319977.093, 104
Trd, 4319977.943, 118
Trd, 4319982.743, 97
Trd, 4319984.593, 96
Trd, 4319985.343, 98
Trd, 4319986.093, 105
Trd, 4319986.843, 100
Trd, 4319988.193, 100
Trd, 4319988.993, 85
Trd, 4319990.393, 87
Trd, 4319990.543, 91
Trd, 4319990.943, 104
Trd, 4319992.593, 114
Trd, 4319993.193, 109
Trd, 4319995.993, 95
Trd, 4319996.693, 95
Trd, 4319997.693, 96
Trd, 4319998.193, 104
Trd, 4319999.343, 106
