Trd, 4317888.093, 98
Trd, 4317888.593, 97
Trd, 4317889.793, 96
Trd, 4317892.093, 95
Trd, 4317892.743, 96
Trd, 4317893.843, 97
Trd, 4317894.143, 96
Trd, 4317894.593, 96
Trd, 4317895.093, 104
Trd, 4317897.993, 95
Trd, 4317901.143, 96
Trd, 4317903.393, 98
Trd, 4317903.893, 98
Trd, 4317904.493, 97
Trd, 4317906.693, 96
Trd, 4317907.443, 96
Trd, 4317908.843, 98
Trd, 4317910.143, 97
Trd, 4317910.443, 98
Trd, 4317912.193, 98
Trd, 4317913.243, 99
Trd, 4317914.443, 97
Trd, 4317915.243, 98
Trd, 4317916.343, 98
Trd, 4317916.893, 98
Trd, 4317918.543, 100
Trd, 4317919.693, 99
Trd, 4317921.843, 99
Trd, 4317922.093, 104
Trd, 4317922.893, 97
Trd, 4317924.143, 98
Trd, 4317926.093, 101
Trd, 4317928.343, 94
Trd, 4317930.693, 90
Trd, 4317931.643, 95
Trd, 4317932.093, 92
Trd, 4317933.043, 95
Trd, 4317933.543, 95
Trd, 4317934.343, 95
Trd, 4317936.793, 95
Trd, 4317937.243, 95
Trd, 4317937.793, 104
Trd, 4317938.443, 95
Trd, 4317938.993, 94
Trd, 4317942.543, 94
Trd, 4317943.043, 96
Trd, 4317943.543, 93
Trd, 4317944.243, 96
Trd, 4317946.893, 93
Trd, 4317947.343, 93
Trd, 4317948.993, 95
Trd, 4317950.043, 96
Trd, 4317951.243, 96
Trd, 4317952.743, 95
Trd, 4317953.393, 94
Trd, 4317954.143, 102
Trd, 4317954.243, 101
Trd, 4317956.043, 97
Trd, 4317957.093, 96
Trd, 4317957.843, 94
Trd, 4317959.743, 94
Trd, 4317960.343, 97
Trd, 4317961.543, 93
Trd, 4317961.893, 98
Trd, 4317962.693, 95
Trd, 4317963.693, 96
Trd, 4317965.643, 95
Trd, 4317966.693, 95
Trd, 4317968.293, 94
Trd, 4317968.793, 95
Trd, 4317969.093, 112
Trd, 4317972.493, 94
Trd, 4317973.343, 98
Trd, 4317975.343, 98
Trd, 4317975.793, 98
Trd, 4317975.993, 98
Trd, 4317977.593, 99
Trd, 4317978.093, 98
Trd, 4317979.543, 97
Trd, 4317979.743, 99
Trd, 4317981.843, 98
Trd, 4317983.093, 99
Trd, 4317983.393, 100
Trd, 4317985.093, 98
Trd, 4317985.743, 94
Trd, 4317989.643, 94
Trd, 4317990.593, 99
Trd, 4317991.743, 98
Trd, 4317992.143, 99
Trd, 4317992.693, 98
Trd, 4317994.193, 99
Trd, 4317995.043, 98
Trd, 4317995.893, 98
Trd, 4318000.293, 97
Trd, 4318000.493, 99
Trd, 4318002.343, 99
Trd, 4318002.393, 98
Trd, 4318003.093, 99
Trd, 4318003.993, 99
Trd, 4318006.143, 101
Trd, 4318006.793, 101
Trd, 4318008.893, 101
Trd, 4318010.143, 102
Trd, 4318010.643, 101
Trd, 4318011.543, 104
Trd, 4318011.643, 101
Trd, 4318012.443, 94
Trd, 4318013.393, 128
Trd, 4318017.043, 98
Trd, 4318017.343, 97
Trd, 4318017.793, 103
Trd, 4318020.293, 102
Trd, 4318021.743, 102
Trd, 4318022.493, 103
Trd, 4318023.993, 102
Trd, 4318024.693, 102
Trd, 4318025.093, 102
Trd, 4318025.893, 102
Trd, 4318027.493, 96
Trd, 4318029.443, 102
Trd, 4318029.543, 102
Trd, 4318030.943, 102
Trd, 4318031.093, 99
Trd, 4318035.293, 99
Trd, 4318036.293, 101
Trd, 4318037.393, 102
Trd, 4318038.293, 100
Trd, 4318041.243, 100
Trd, 4318041.443, 99
Trd, 4318043.393, 100
Trd, 4318043.793, 94
Trd, 4318044.493, 101
Trd, 4318048.243, 101
Trd, 4318048.843, 100
Trd, 4318049.593, 100
Trd, 4318049.643, 101
Trd, 4318051.493, 100
Trd, 4318053.343, 99
Trd, 4318053.993, 100
Trd, 4318057.293, 99
Trd, 4318057.543, 100
Trd, 4318058.193, 100
Trd, 4318060.143, 99
Trd, 4318061.743, 100
Trd, 4318062.093, 97
Trd, 4318064.193, 99
Trd, 4318065.193, 100
Trd, 4318067.193, 98
Trd, 4318070.193, 99
Trd, 4318070.243, 97
Trd, 4318071.543, 97
Trd, 4318073.343, 98
Trd, 4318074.243, 97
Trd, 4318075.343, 98
Trd, 4318075.693, 97
Trd, 4318077.743, 98
Trd, 4318078.443, 99
Trd, 4318078.743, 98
Trd, 4318078.793, 104
Trd, 4318081.293, 99
Trd, 4318083.493, 98
Trd, 4318084.193, 99
Trd, 4318086.943, 97
Trd, 4318087.143, 104
Trd, 4318087.493, 95
Trd, 4318089.143, 94
Trd, 4318091.793, 98
Trd, 4318092.743, 98
Trd, 4318093.193, 99
Trd, 4318093.743, 104
Trd, 4318094.443, 100
Trd, 4318095.043, 99
Trd, 4318097.493, 100
Trd, 4318098.543, 97
Trd, 4318099.943, 100
Trd, 4318101.843, 99
Trd, 4318102.043, 100
Trd, 4318102.843, 97
Trd, 4318105.293, 98
Trd, 4318106.793, 100
Trd, 4318107.493, 98
Trd, 4318107.843, 100
Trd, 4318108.693, 100
Trd, 4318110.443, 98
Trd, 4318111.043, 100
Trd, 4318114.093, 99
Trd, 4318115.893, 100
Trd, 4318116.093, 98
Trd, 4318117.543, 99
Trd, 4318119.143, 100
Trd, 4318120.243, 99
Trd, 4318122.793, 100
Trd, 4318122.843, 100
Trd, 4318123.793, 94
Trd, 4318124.493, 85
Trd, 4318127.893, 100
Trd, 4318128.243, 100
Trd, 4318128.793, 99
Trd, 4318131.043, 99
Trd, 4318131.093, 100
Trd, 4318133.443, 118
Trd, 4318133.493, 113
Trd, 4318133.993, 109
Trd, 4318134.743, 114
Trd, 4318134.993, 94
Trd, 4318136.943, 102
Trd, 4318140.393, 104
Trd, 4318142.393, 93
Trd, 4318143.643, 100
Trd, 4318144.343, 104
Trd, 4318144.993, 99
Trd, 4318145.643, 104
Trd, 4318148.293, 100
Trd, 4318152.093, 103
Trd, 4318152.443, 104
Trd, 4318153.593, 101
Trd, 4318154.643, 104
Trd, 4318157.893, 102
Trd, 4318159.643, 104
Trd, 4318160.493, 103
Trd, 4318161.893, 102
Trd, 4318161.993, 104
Trd, 4318164.643, 103
Trd, 4318164.943, 104
Trd, 4318166.093, 103
Trd, 4318166.693, 104
Trd, 4318168.643, 104
Trd, 4318170.293, 103
Trd, 4318170.343, 104
Trd, 4318170.593, 103
Trd, 4318174.593, 98
Trd, 4318174.643, 104
Trd, 4318178.743, 102
Trd, 4318179.243, 103
Trd, 4318179.993, 104
Trd, 4318180.093, 101
Trd, 4318182.143, 103
Trd, 4318184.093, 104
Trd, 4318184.293, 104
Trd, 4318184.393, 104
Trd, 4318189.843, 103
Trd, 4318190.493, 102
Trd, 4318191.693, 102
Trd, 4318192.193, 101
Trd, 4318193.743, 102
Trd, 4318193.993, 101
Trd, 4318194.893, 100
Trd, 4318197.293, 98
Trd, 4318201.293, 100
Trd, 4318202.043, 98
Trd, 4318203.243, 100
Trd, 4318203.343, 100
Trd, 4318205.093, 99
Trd, 4318205.693, 100
Trd, 4318206.093, 101
Trd, 4318207.243, 101
Trd, 4318208.493, 100
Trd, 4318210.743, 97
Trd, 4318211.543, 97
Trd, 4318211.593, 94
Trd, 4318213.793, 95
Trd, 4318214.793, 95
Trd, 4318215.993, 97
Trd, 4318217.193, 97
Trd, 4318217.693, 111
Trd, 4318217.793, 94
Trd, 4318219.993, 95
Trd, 4318221.893, 98
Trd, 4318223.093, 95
Trd, 4318224.043, 99
Trd, 4318227.643, 99
Trd, 4318228.843, 98
Trd, 4318229.243, 98
Trd, 4318230.693, 99
Trd, 4318232.243, 98
Trd, 4318232.543, 99
Trd, 4318233.543, 99
Trd, 4318234.193, 97
Trd, 4318237.493, 99
Trd, 4318239.993, 94
Trd, 4318242.043, 97
Trd, 4318242.493, 98
Trd, 4318243.593, 98
Trd, 4318243.643, 97
Trd, 4318243.893, 98
Trd, 4318244.143, 94
Trd, 4318246.293, 93
Trd, 4318246.693, 94
Trd, 4318247.293, 93
Trd, 4318252.793, 93
Trd, 4318253.143, 95
Trd, 4318254.543, 93
Trd, 4318255.593, 94
Trd, 4318258.743, 93
Trd, 4318258.893, 93
Trd, 4318259.843, 92
Trd, 4318261.343, 93
Trd, 4318262.593, 94
Trd, 4318263.693, 101
Trd, 4318263.743, 100
Trd, 4318264.843, 99
Trd, 4318265.743, 95
Trd, 4318267.343, 96
Trd, 4318268.693, 95
Trd, 4318270.443, 98
Trd, 4318270.743, 97
Trd, 4318271.443, 94
Trd, 4318271.643, 113
Trd, 4318273.493, 91
Trd, 4318274.793, 93
Trd, 4318277.043, 97
Trd, 4318277.243, 95
Trd, 4318279.543, 97
Trd, 4318281.093, 97
Trd, 4318281.143, 95
Trd, 4318282.943, 96
Trd, 4318283.393, 87
Trd, 4318283.743, 85
Trd, 4318286.693, 94
Trd, 4318287.643, 93
Trd, 4318289.293, 93
Trd, 4318291.043, 93
Trd, 4318291.443, 92
Trd, 4318292.193, 96
Trd, 4318294.843, 92
Trd, 4318295.943, 94
Trd, 4318296.943, 94
Trd, 4318297.393, 94
Trd, 4318297.893, 95
Trd, 4318298.193, 104
Trd, 4318298.843, 92
Trd, 4318300.393, 87
Trd, 4318300.643, 88
Trd, 4318303.643, 95
Trd, 4318303.693, 93
Trd, 4318304.743, 95
Trd, 4318305.893, 95
Trd, 4318307.243, 97
Trd, 4318309.193, 100
Trd, 4318309.543, 100
Trd, 4318311.293, 97
Trd, 4318311.543, 97
Trd, 4318312.193, 95
Trd, 4318314.093, 95
Trd, 4318315.343, 95
Trd, 4318316.543, 97
Trd, 4318317.043, 97
Trd, 4318320.793, 97
Trd, 4318320.993, 97
Trd, 4318321.193, 97
Trd, 4318322.143, 95
Trd, 4318326.393, 97
Trd, 4318327.093, 95
Trd, 4318327.793, 96
Trd, 4318327.943, 95
Trd, 4318329.493, 95
Trd, 4318330.593, 104
Trd, 4318333.093, 95
Trd, 4318333.843, 94
Trd, 4318335.043, 98
Trd, 4318335.693, 95
Trd, 4318339.143, 98
Trd, 4318339.843, 98
Trd, 4318341.793, 98
Trd, 4318342.393, 97
Trd, 4318343.293, 97
Trd, 4318343.493, 96
Trd, 4318343.943, 95
Trd, 4318344.243, 94
Trd, 4318346.043, 113
Trd, 4318349.543, 98
Trd, 4318349.593, 97
Trd, 4318352.443, 102
Trd, 4318353.693, 104
Trd, 4318353.993, 100
Trd, 4318354.243, 96
Trd, 4318356.893, 100
Trd, 4318357.143, 98
Trd, 4318358.993, 100
Trd, 4318359.343, 102
Trd, 4318359.393, 101
Trd, 4318360.493, 100
Trd, 4318361.243, 94
Trd, 4318362.943, 102
Trd, 4318365.143, 101
Trd, 4318365.643, 101
Trd, 4318366.243, 101
Trd, 4318366.993, 102
Trd, 4318370.793, 100
Trd, 4318371.543, 102
Trd, 4318371.993, 101
Trd, 4318372.343, 102
Trd, 4318374.443, 96
Trd, 4318374.943, 99
Trd, 4318377.293, 98
Trd, 4318378.793, 98
Trd, 4318379.343, 98
Trd, 4318380.393, 99
Trd, 4318381.693, 97
Trd, 4318381.893, 96
Trd, 4318384.443, 98
Trd, 4318384.943, 98
Trd, 4318386.493, 97
Trd, 4318387.543, 96
Trd, 4318388.193, 98
Trd, 4318389.043, 98
Trd, 4318389.943, 98
Trd, 4318390.293, 97
Trd, 4318390.993, 85
Trd, 4318393.093, 99
Trd, 4318397.493, 98
Trd, 4318398.643, 97
Trd, 4318399.843, 98
Trd, 4318400.043, 96
Trd, 4318401.193, 94
Trd, 4318401.493, 98
Trd, 4318403.393, 98
Trd, 4318404.593, 97
Trd, 4318404.843, 98
Trd, 4318406.443, 104
Trd, 4318407.143, 103
Trd, 4318407.593, 104
Trd, 4318408.943, 106
Trd, 4318410.043, 105
Trd, 4318410.943, 103
Trd, 4318411.993, 87
Trd, 4318412.743, 69
Trd, 4318412.843, 104
Trd, 4318418.343, 94
Trd, 4318418.793, 93
Trd, 4318418.943, 94
Trd, 4318420.293, 93
Trd, 4318420.743, 95
Trd, 4318421.443, 95
Trd, 4318423.693, 86
Trd, 4318424.843, 98
Trd, 4318425.493, 94
Trd, 4318427.243, 94
Trd, 4318427.843, 93
Trd, 4318429.293, 94
Trd, 4318430.793, 90
Trd, 4318431.293, 108
Trd, 4318431.543, 91
Trd, 4318432.993, 99
Trd, 4318435.343, 91
Trd, 4318437.443, 94
Trd, 4318438.343, 95
Trd, 4318440.143, 94
Trd, 4318440.343, 93
Trd, 4318440.643, 95
Trd, 4318441.543, 94
Trd, 4318443.793, 95
Trd, 4318446.343, 95
Trd, 4318448.243, 94
Trd, 4318448.393, 95
Trd, 4318448.493, 95
Trd, 4318449.693, 95
Trd, 4318452.443, 96
Trd, 4318452.543, 95
Trd, 4318455.043, 96
Trd, 4318455.393, 94
Trd, 4318457.943, 94
Trd, 4318458.143, 95
Trd, 4318459.793, 95
Trd, 4318463.143, 95
Trd, 4318463.443, 95
Trd, 4318463.493, 96
Trd, 4318464.793, 104
Trd, 4318465.043, 95
Trd, 4318465.843, 94
Trd, 4318468.593, 95
Trd, 4318468.893, 93
Trd, 4318469.293, 95
Trd, 4318472.243, 95
Trd, 4318472.293, 94
Trd, 4318473.193, 94
Trd, 4318473.993, 113
Trd, 4318474.593, 94
Trd, 4318477.343, 97
Trd, 4318478.193, 97
Trd, 4318480.193, 99
Trd, 4318480.393, 96
Trd, 4318482.093, 94
Trd, 4318482.743, 99
Trd, 4318485.893, 98
Trd, 4318486.193, 95
Trd, 4318487.943, 96
Trd, 4318488.093, 95
Trd, 4318488.343, 94
Trd, 4318490.093, 97
Trd, 4318491.293, 98
Trd, 4318493.093, 97
Trd, 4318493.943, 98
Trd, 4318495.443, 98
Trd, 4318495.893, 98
Trd, 4318497.143, 98
Trd, 4318497.693, 98
Trd, 4318497.893, 97
Trd, 4318498.893, 113
Trd, 4318502.293, 100
Trd, 4318502.493, 99
Trd, 4318503.093, 101
Trd, 4318506.193, 99
Trd, 4318506.343, 97
Trd, 4318506.493, 94
Trd, 4318508.293, 96
Trd, 4318509.443, 98
Trd, 4318510.243, 98
Trd, 4318510.393, 98
Trd, 4318513.943, 97
Trd, 4318514.893, 98
Trd, 4318515.493, 99
Trd, 4318516.093, 98
Trd, 4318518.593, 99
Trd, 4318519.993, 101
Trd, 4318520.343, 101
Trd, 4318521.043, 100
Trd, 4318521.093, 94
Trd, 4318521.743, 112
Trd, 4318522.893, 102
Trd, 4318525.243, 102
Trd, 4318525.793, 102
Trd, 4318526.093, 101
Trd, 4318526.343, 94
Trd, 4318529.893, 98
Trd, 4318530.143, 100
Trd, 4318531.693, 100
Trd, 4318532.393, 102
Trd, 4318533.243, 103
Trd, 4318534.443, 102
Trd, 4318534.543, 101
Trd, 4318534.893, 94
Trd, 4318537.393, 95
Trd, 4318539.443, 102
Trd, 4318540.293, 105
Trd, 4318541.443, 104
Trd, 4318542.693, 104
Trd, 4318542.943, 104
Trd, 4318543.743, 103
Trd, 4318544.793, 96
Trd, 4318547.143, 99
Trd, 4318547.193, 102
Trd, 4318550.143, 101
Trd, 4318551.543, 101
Trd, 4318551.793, 101
Trd, 4318551.843, 101
Trd, 4318551.943, 102
Trd, 4318553.893, 104
Trd, 4318554.393, 100
Trd, 4318555.593, 98
Trd, 4318559.443, 102
Trd, 4318560.693, 99
Trd, 4318561.793, 96
Trd, 4318562.393, 102
Trd, 4318564.193, 98
Trd, 4318565.493, 99
Trd, 4318565.893, 100
Trd, 4318568.793, 100
Trd, 4318570.343, 100
Trd, 4318570.493, 99
Trd, 4318571.593, 98
Trd, 4318572.693, 96
Trd, 4318574.343, 96
Trd, 4318577.543, 98
Trd, 4318577.743, 96
Trd, 4318578.693, 98
Trd, 4318579.643, 97
Trd, 4318581.693, 99
Trd, 4318582.893, 98
Trd, 4318583.993, 98
Trd, 4318584.943, 100
Trd, 4318585.893, 87
Trd, 4318585.943, 85
Trd, 4318589.843, 92
Trd, 4318589.893, 97
Trd, 4318593.493, 95
Trd, 4318593.743, 94
Trd, 4318593.793, 92
Trd, 4318593.943, 92
Trd, 4318596.843, 92
Trd, 4318600.143, 93
Trd, 4318601.543, 94
Trd, 4318601.793, 95
Trd, 4318602.893, 93
Trd, 4318604.043, 92
Trd, 4318607.193, 92
Trd, 4318608.343, 94
Trd, 4318610.343, 92
Trd, 4318610.493, 95
Trd, 4318611.343, 91
Trd, 4318615.193, 93
Trd, 4318615.293, 93
Trd, 4318615.443, 113
Trd, 4318616.193, 97
Trd, 4318616.643, 93
Trd, 4318618.093, 98
Trd, 4318621.593, 98
Trd, 4318622.743, 98
Trd, 4318623.293, 96
Trd, 4318623.943, 98
Trd, 4318626.743, 97
Trd, 4318626.843, 95
Trd, 4318626.943, 94
Trd, 4318626.993, 98
Trd, 4318632.043, 98
Trd, 4318633.393, 96
Trd, 4318634.093, 98
Trd, 4318634.793, 98
Trd, 4318635.093, 97
Trd, 4318638.243, 97
Trd, 4318638.343, 98
Trd, 4318640.393, 98
Trd, 4318640.643, 96
Trd, 4318642.043, 98
Trd, 4318643.843, 98
Trd, 4318643.893, 96
Trd, 4318645.743, 97
Trd, 4318646.693, 97
Trd, 4318648.043, 98
Trd, 4318648.393, 97
Trd, 4318649.093, 96
Trd, 4318649.143, 95
Trd, 4318651.643, 98
Trd, 4318652.093, 97
Trd, 4318652.693, 95
Trd, 4318653.143, 112
Trd, 4318654.393, 98
Trd, 4318655.943, 100
Trd, 4318656.793, 99
Trd, 4318656.993, 94
Trd, 4318658.693, 100
Trd, 4318659.443, 100
Trd, 4318661.893, 99
Trd, 4318662.243, 99
Trd, 4318663.843, 98
Trd, 4318663.993, 95
Trd, 4318664.343, 100
Trd, 4318664.843, 104
Trd, 4318667.493, 95
Trd, 4318668.793, 94
Trd, 4318670.043, 86
Trd, 4318671.543, 97
Trd, 4318672.543, 90
Trd, 4318677.143, 92
Trd, 4318679.243, 93
Trd, 4318679.593, 96
Trd, 4318682.043, 96
Trd, 4318682.593, 96
Trd, 4318684.643, 101
Trd, 4318684.893, 101
Trd, 4318685.493, 100
Trd, 4318686.393, 104
Trd, 4318686.893, 100
Trd, 4318688.343, 101
Trd, 4318689.443, 100
Trd, 4318690.593, 99
Trd, 4318692.843, 101
Trd, 4318693.743, 100
Trd, 4318694.493, 99
Trd, 4318696.943, 98
Trd, 4318698.343, 101
Trd, 4318699.893, 99
Trd, 4318700.093, 97
Trd, 4318702.343, 99
Trd, 4318705.343, 99
Trd, 4318705.643, 99
Trd, 4318706.193, 97
Trd, 4318706.243, 100
Trd, 4318706.293, 85
Trd, 4318708.293, 89
Trd, 4318708.493, 77
Trd, 4318712.893, 91
Trd, 4318713.543, 94
Trd, 4318715.643, 91
Trd, 4318716.293, 92
Trd, 4318716.843, 91
Trd, 4318717.743, 90
Trd, 4318720.743, 93
Trd, 4318721.443, 94
Trd, 4318722.843, 94
Trd, 4318724.243, 95
Trd, 4318724.643, 93
Trd, 4318726.693, 113
Trd, 4318727.093, 106
Trd, 4318727.893, 104
Trd, 4318729.093, 104
Trd, 4318730.593, 96
Trd, 4318731.343, 94
Trd, 4318732.443, 94
Trd, 4318732.643, 102
Trd, 4318737.343, 98
Trd, 4318739.393, 97
Trd, 4318739.443, 94
Trd, 4318742.743, 98
Trd, 4318743.343, 98
Trd, 4318743.593, 98
Trd, 4318744.093, 99
Trd, 4318746.443, 98
Trd, 4318746.543, 97
Trd, 4318747.793, 98
Trd, 4318749.243, 98
Trd, 4318749.293, 97
Trd, 4318751.443, 99
Trd, 4318752.893, 102
Trd, 4318752.943, 100
Trd, 4318753.593, 98
Trd, 4318754.693, 112
Trd, 4318755.393, 104
Trd, 4318756.893, 95
Trd, 4318759.043, 98
Trd, 4318760.043, 103
Trd, 4318760.693, 94
Trd, 4318762.743, 100
Trd, 4318765.193, 99
Trd, 4318765.293, 98
Trd, 4318765.843, 98
Trd, 4318767.193, 96
Trd, 4318768.293, 98
Trd, 4318769.493, 97
Trd, 4318771.293, 99
Trd, 4318773.793, 99
Trd, 4318774.493, 100
Trd, 4318774.643, 99
Trd, 4318777.093, 100
Trd, 4318780.093, 96
Trd, 4318781.293, 95
Trd, 4318783.443, 95
Trd, 4318784.593, 99
Trd, 4318786.243, 97
Trd, 4318786.343, 98
Trd, 4318788.843, 98
Trd, 4318789.893, 98
Trd, 4318791.143, 97
Trd, 4318791.793, 98
Trd, 4318792.543, 97
Trd, 4318794.143, 97
Trd, 4318796.243, 96
Trd, 4318796.493, 96
Trd, 4318798.293, 97
Trd, 4318798.443, 95
Trd, 4318799.093, 97
Trd, 4318800.193, 94
Trd, 4318802.193, 97
Trd, 4318803.843, 97
Trd, 4318805.343, 101
Trd, 4318805.993, 112
Trd, 4318806.193, 98
Trd, 4318809.193, 99
Trd, 4318810.643, 100
Trd, 4318812.293, 100
Trd, 4318812.793, 100
Trd, 4318814.243, 100
Trd, 4318814.543, 99
Trd, 4318815.943, 101
Trd, 4318816.093, 100
Trd, 4318817.693, 94
Trd, 4318818.093, 101
Trd, 4318820.443, 98
Trd, 4318820.843, 99
Trd, 4318821.443, 98
Trd, 4318823.893, 99
Trd, 4318824.843, 104
Trd, 4318825.343, 100
Trd, 4318826.243, 102
Trd, 4318827.093, 106
Trd, 4318827.543, 95
Trd, 4318828.293, 94
Trd, 4318830.843, 97
Trd, 4318831.793, 89
Trd, 4318834.943, 97
Trd, 4318835.393, 104
Trd, 4318836.293, 97
Trd, 4318837.443, 97
Trd, 4318838.693, 99
Trd, 4318840.143, 99
Trd, 4318840.993, 95
Trd, 4318841.093, 99
Trd, 4318842.393, 96
Trd, 4318844.843, 99
Trd, 4318844.993, 99
Trd, 4318847.443, 96
Trd, 4318848.443, 99
Trd, 4318849.393, 96
Trd, 4318849.993, 95
Trd, 4318854.343, 99
Trd, 4318854.643, 95
Trd, 4318857.243, 99
Trd, 4318857.943, 96
Trd, 4318858.093, 95
Trd, 4318858.743, 95
Trd, 4318859.843, 99
Trd, 4318861.243, 99
Trd, 4318862.943, 100
Trd, 4318863.693, 100
Trd, 4318864.293, 95
Trd, 4318865.793, 101
Trd, 4318866.343, 100
Trd, 4318867.943, 96
Trd, 4318868.443, 100
Trd, 4318870.193, 97
Trd, 4318870.843, 94
Trd, 4318870.993, 99
Trd, 4318876.143, 98
Trd, 4318876.243, 97
Trd, 4318877.043, 95
Trd, 4318877.593, 97
Trd, 4318879.843, 95
Trd, 4318881.293, 94
Trd, 4318883.343, 97
Trd, 4318883.543, 97
Trd, 4318885.243, 97
Trd, 4318886.043, 98
Trd, 4318886.893, 99
Trd, 4318887.793, 99
Trd, 4318888.643, 113
Trd, 4318888.743, 99
Trd, 4318891.593, 101
Trd, 4318893.243, 102
Trd, 4318893.293, 104
Trd, 4318893.993, 104
Trd, 4318894.343, 102
Trd, 4318895.093, 113
Trd, 4318899.793, 105
Trd, 4318900.143, 104
Trd, 4318900.493, 103
Trd, 4318901.543, 103
Trd, 4318903.393, 104
Trd, 4318903.943, 103
Trd, 4318905.093, 104
Trd, 4318905.443, 104
Trd, 4318906.693, 104
Trd, 4318906.993, 103
Trd, 4318908.343, 105
Trd, 4318908.943, 104
Trd, 4318911.043, 102
Trd, 4318913.243, 104
Trd, 4318913.643, 103
Trd, 4318914.593, 102
Trd, 4318915.193, 104
Trd, 4318917.043, 104
Trd, 4318917.293, 103
Trd, 4318917.543, 103
Trd, 4318919.543, 104
Trd, 4318921.743, 103
Trd, 4318922.143, 99
Trd, 4318925.143, 103
Trd, 4318926.843, 99
Trd, 4318927.593, 98
Trd, 4318928.293, 96
Trd, 4318929.693, 103
Trd, 4318932.543, 98
Trd, 4318934.143, 102
Trd, 4318934.543, 98
Trd, 4318935.893, 98
Trd, 4318936.043, 102
Trd, 4318937.743, 94
Trd, 4318939.793, 101
Trd, 4318942.643, 101
Trd, 4318942.893, 101
Trd, 4318943.293, 100
Trd, 4318943.543, 98
Trd, 4318945.743, 98
Trd, 4318950.043, 98
Trd, 4318950.893, 100
Trd, 4318952.443, 104
Trd, 4318953.893, 101
Trd, 4318954.743, 100
Trd, 4318957.993, 101
Trd, 4318958.843, 101
Trd, 4318959.043, 100
Trd, 4318959.143, 102
Trd, 4318959.343, 94
Trd, 4318962.743, 97
Trd, 4318962.993, 96
Trd, 4318964.493, 98
Trd, 4318965.743, 96
Trd, 4318967.293, 95
Trd, 4318968.393, 97
Trd, 4318968.993, 95
Trd, 4318970.793, 97
Trd, 4318972.443, 96
Trd, 4318973.893, 97
Trd, 4318975.293, 97
Trd, 4318975.343, 96
Trd, 4318975.943, 95
Trd, 4318977.243, 97
Trd, 4318979.343, 95
Trd, 4318980.493, 97
Trd, 4318981.543, 94
Trd, 4318982.943, 97
Trd, 4318984.693, 97
Trd, 4318984.893, 95
Trd, 4318987.043, 97
Trd, 4318987.543, 97
Trd, 4318987.843, 95
Trd, 4318990.943, 94
Trd, 4318990.993, 97
Trd, 4318992.793, 93
Trd, 4318994.393, 95
Trd, 4318995.093, 95
Trd, 4318996.593, 99
Trd, 4318996.693, 96
Trd, 4318997.293, 97
Trd, 4318998.943, 98
Trd, 4319000.693, 98
Trd, 4319000.893, 98
Trd, 4319003.543, 97
Trd, 4319004.143, 97
Trd, 4319004.643, 97
Trd, 4319004.843, 98
Trd, 4319005.593, 96
Trd, 4319007.693, 97
Trd, 4319008.743, 96
Trd, 4319009.593, 96
Trd, 4319009.843, 94
Trd, 4319010.293, 104
Trd, 4319012.393, 86
Trd, 4319014.143, 94
Trd, 4319015.043, 87
Trd, 4319015.893, 90
Trd, 4319017.443, 90
Trd, 4319020.993, 89
Trd, 4319021.593, 89
Trd, 4319021.843, 90
Trd, 4319021.893, 113
Trd, 4319025.293, 93
Trd, 4319025.343, 92
Trd, 4319027.443, 92
Trd, 4319028.143, 94
Trd, 4319030.193, 93
Trd, 4319032.243, 94
Trd, 4319034.143, 95
Trd, 4319034.993, 96
Trd, 4319036.793, 96
Trd, 4319037.093, 95
Trd, 4319038.393, 96
Trd, 4319038.593, 95
Trd, 4319040.243, 94
Trd, 4319044.943, 96
Trd, 4319045.043, 95
Trd, 4319045.643, 95
Trd, 4319046.193, 95
Trd, 4319046.293, 94
Trd, 4319048.443, 93
Trd, 4319049.943, 112
Trd, 4319050.043, 98
Trd, 4319050.593, 98
Trd, 4319052.543, 99
Trd, 4319052.793, 95
Trd, 4319053.343, 100
Trd, 4319054.943, 95
Trd, 4319056.093, 99
Trd, 4319056.393, 99
Trd, 4319057.143, 129
Trd, 4319057.893, 96
Trd, 4319061.443, 94
Trd, 4319063.843, 99
Trd, 4319064.243, 98
Trd, 4319065.843, 100
Trd, 4319066.993, 97
Trd, 4319067.243, 94
Trd, 4319069.943, 98
Trd, 4319070.193, 100
Trd, 4319070.493, 97
Trd, 4319072.793, 100
Trd, 4319072.943, 100
Trd, 4319073.293, 101
Trd, 4319074.743, 102
Trd, 4319075.943, 101
Trd, 4319076.943, 95
Trd, 4319078.043, 94
Trd, 4319080.493, 98
Trd, 4319081.793, 101
Trd, 4319083.543, 101
Trd, 4319085.543, 104
Trd, 4319085.793, 103
Trd, 4319087.043, 102
Trd, 4319087.943, 102
Trd, 4319089.043, 94
Trd, 4319090.343, 102
Trd, 4319092.693, 101
Trd, 4319093.243, 102
Trd, 4319093.893, 102
Trd, 4319094.293, 100
Trd, 4319098.193, 107
Trd, 4319098.743, 106
Trd, 4319099.893, 105
Trd, 4319101.093, 104
Trd, 4319101.393, 104
Trd, 4319102.043, 94
Trd, 4319102.343, 103
Trd, 4319103.643, 86
Trd, 4319105.843, 96
Trd, 4319108.593, 98
Trd, 4319109.693, 99
Trd, 4319110.193, 112
Trd, 4319110.343, 98
Trd, 4319110.793, 97
Trd, 4319113.693, 98
Trd, 4319117.143, 102
Trd, 4319117.543, 99
Trd, 4319118.693, 102
Trd, 4319120.793, 102
Trd, 4319120.893, 104
Trd, 4319121.743, 101
Trd, 4319122.793, 108
Trd, 4319122.943, 85
Trd, 4319126.593, 101
Trd, 4319127.443, 95
Trd, 4319129.643, 98
Trd, 4319130.143, 99
Trd, 4319131.043, 100
Trd, 4319131.193, 104
Trd, 4319133.343, 100
Trd, 4319135.143, 97
Trd, 4319136.193, 96
Trd, 4319137.193, 100
Trd, 4319138.543, 95
Trd, 4319142.143, 98
Trd, 4319143.693, 98
Trd, 4319143.843, 97
Trd, 4319145.393, 98
Trd, 4319145.643, 96
Trd, 4319146.993, 98
Trd, 4319147.443, 96
Trd, 4319147.643, 104
Trd, 4319150.543, 99
Trd, 4319152.993, 96
Trd, 4319153.643, 97
Trd, 4319155.543, 99
Trd, 4319155.893, 98
Trd, 4319156.843, 97
Trd, 4319157.493, 113
Trd, 4319159.243, 96
Trd, 4319159.493, 86
Trd, 4319161.693, 86
Trd, 4319163.693, 91
Trd, 4319164.343, 91
Trd, 4319164.993, 91
Trd, 4319165.243, 91
Trd, 4319167.943, 95
Trd, 4319168.393, 111
Trd, 4319168.943, 97
Trd, 4319169.293, 85
Trd, 4319171.593, 95
Trd, 4319173.143, 94
Trd, 4319173.743, 94
Trd, 4319175.493, 95
Trd, 4319176.043, 95
Trd, 4319176.443, 94
Trd, 4319177.293, 95
Trd, 4319177.643, 94
Trd, 4319178.243, 96
Trd, 4319181.093, 112
Trd, 4319181.343, 101
Trd, 4319182.693, 100
Trd, 4319184.243, 100
Trd, 4319187.093, 101
Trd, 4319187.993, 100
Trd, 4319188.093, 101
Trd, 4319188.493, 94
Trd, 4319189.793, 97
Trd, 4319191.093, 100
Trd, 4319194.943, 108
Trd, 4319195.193, 107
Trd, 4319195.343, 107
Trd, 4319195.793, 104
Trd, 4319197.243, 95
Trd, 4319197.793, 102
Trd, 4319201.893, 102
Trd, 4319202.893, 101
Trd, 4319204.343, 100
Trd, 4319206.593, 100
Trd, 4319207.093, 101
Trd, 4319207.243, 101
Trd, 4319208.843, 95
Trd, 4319209.043, 101
Trd, 4319211.543, 95
Trd, 4319213.343, 96
Trd, 4319214.293, 101
Trd, 4319215.693, 101
Trd, 4319216.093, 101
Trd, 4319217.643, 100
Trd, 4319219.993, 100
Trd, 4319221.693, 101
Trd, 4319223.593, 101
Trd, 4319223.743, 98
Trd, 4319225.343, 98
Trd, 4319227.493, 98
Trd, 4319227.543, 101
Trd, 4319227.593, 97
Trd, 4319231.893, 101
Trd, 4319232.593, 100
Trd, 4319232.993, 94
Trd, 4319235.143, 101
Trd, 4319238.043, 100
Trd, 4319238.643, 100
Trd, 4319238.793, 98
Trd, 4319239.943, 99
Trd, 4319241.993, 100
Trd, 4319243.543, 99
Trd, 4319244.343, 100
Trd, 4319245.643, 101
Trd, 4319247.043, 100
Trd, 4319248.093, 98
Trd, 4319251.393, 100
Trd, 4319251.843, 98
Trd, 4319252.443, 97
Trd, 4319254.793, 99
Trd, 4319256.193, 100
Trd, 4319257.093, 100
Trd, 4319257.343, 98
Trd, 4319261.193, 100
Trd, 4319261.293, 97
Trd, 4319261.443, 96
Trd, 4319262.993, 94
Trd, 4319263.643, 100
Trd, 4319270.393, 100
Trd, 4319271.443, 98
Trd, 4319272.843, 99
Trd, 4319274.043, 98
Trd, 4319274.193, 99
Trd, 4319275.043, 98
Trd, 4319277.893, 99
Trd, 4319279.943, 99
Trd, 4319280.243, 100
Trd, 4319281.293, 95
Trd, 4319282.793, 96
Trd, 4319283.543, 97
Trd, 4319283.993, 96
Trd, 4319285.143, 99
Trd, 4319288.243, 98
Trd, 4319289.493, 98
Trd, 4319291.043, 98
Trd, 4319291.193, 94
Trd, 4319291.643, 86
Trd, 4319295.593, 94
Trd, 4319295.743, 93
Trd, 4319295.943, 92
Trd, 4319297.893, 93
Trd, 4319298.393, 92
Trd, 4319299.493, 91
Trd, 4319300.743, 92
Trd, 4319303.343, 95
Trd, 4319304.443, 115
Trd, 4319305.043, 107
Trd, 4319305.693, 112
Trd, 4319306.443, 94
Trd, 4319308.643, 102
Trd, 4319309.093, 101
Trd, 4319309.143, 92
Trd, 4319311.493, 101
Trd, 4319311.843, 97
Trd, 4319312.993, 97
Trd, 4319314.493, 98
Trd, 4319315.293, 104
Trd, 4319315.543, 94
Trd, 4319318.393, 96
Trd, 4319318.693, 97
Trd, 4319319.343, 96
Trd, 4319320.143, 94
Trd, 4319321.293, 96
Trd, 4319324.193, 96
Trd, 4319324.493, 97
Trd, 4319324.843, 96
Trd, 4319325.143, 113
Trd, 4319327.393, 100
Trd, 4319328.893, 101
Trd, 4319329.293, 101
Trd, 4319329.943, 100
Trd, 4319331.843, 98
Trd, 4319334.743, 101
Trd, 4319337.493, 101
Trd, 4319337.543, 101
Trd, 4319337.693, 100
Trd, 4319337.943, 99
Trd, 4319338.143, 94
Trd, 4319340.543, 101
Trd, 4319342.243, 97
Trd, 4319344.893, 101
Trd, 4319345.793, 101
Trd, 4319345.843, 100
Trd, 4319346.993, 101
Trd, 4319347.993, 99
Trd, 4319350.393, 97
Trd, 4319350.993, 97
Trd, 4319352.843, 98
Trd, 4319353.493, 98
Trd, 4319354.793, 104
Trd, 4319355.693, 98
Trd, 4319356.943, 99
Trd, 4319360.143, 99
Trd, 4319361.243, 98
Trd, 4319361.543, 97
Trd, 4319362.343, 99
Trd, 4319365.243, 99
Trd, 4319366.343, 96
Trd, 4319366.543, 99
Trd, 4319367.143, 85
Trd, 4319370.843, 94
Trd, 4319372.043, 95
Trd, 4319374.693, 99
Trd, 4319375.343, 99
Trd, 4319376.243, 99
Trd, 4319376.393, 94
Trd, 4319380.543, 98
Trd, 4319381.193, 99
Trd, 4319381.293, 97
Trd, 4319381.343, 99
Trd, 4319384.093, 99
Trd, 4319385.143, 99
Trd, 4319385.843, 99
Trd, 4319385.893, 96
Trd, 4319386.043, 96
Trd, 4319388.093, 99
Trd, 4319388.643, 99
Trd, 4319389.593, 98
Trd, 4319390.643, 99
Trd, 4319392.043, 98
Trd, 4319392.793, 104
Trd, 4319394.543, 99
Trd, 4319395.093, 98
Trd, 4319396.743, 105
Trd, 4319397.243, 105
Trd, 4319398.693, 104
Trd, 4319398.893, 103
Trd, 4319400.193, 102
Trd, 4319402.693, 102
Trd, 4319403.293, 102
Trd, 4319404.743, 101
Trd, 4319405.443, 102
Trd, 4319407.243, 103
Trd, 4319408.243, 102
Trd, 4319409.093, 102
Trd, 4319409.743, 99
Trd, 4319411.693, 103
Trd, 4319412.293, 97
Trd, 4319413.393, 94
Trd, 4319415.743, 103
Trd, 4319415.943, 94
Trd, 4319418.693, 96
Trd, 4319419.993, 103
Trd, 4319421.343, 103
Trd, 4319421.693, 102
Trd, 4319422.443, 92
Trd, 4319424.143, 96
Trd, 4319425.293, 95
Trd, 4319426.193, 98
Trd, 4319427.293, 96
Trd, 4319427.943, 97
Trd, 4319429.193, 94
Trd, 4319430.293, 104
Trd, 4319432.343, 94
Trd, 4319433.743, 93
Trd, 4319434.743, 98
Trd, 4319435.993, 95
Trd, 4319437.293, 95
Trd, 4319440.743, 98
Trd, 4319441.843, 97
Trd, 4319442.093, 94
Trd, 4319442.943, 98
Trd, 4319444.743, 97
Trd, 4319444.793, 104
Trd, 4319446.393, 102
Trd, 4319447.693, 103
Trd, 4319447.943, 103
Trd, 4319450.443, 96
Trd, 4319454.043, 101
Trd, 4319454.643, 98
Trd, 4319457.093, 99
Trd, 4319457.793, 101
Trd, 4319458.893, 101
Trd, 4319460.243, 100
Trd, 4319461.143, 101
Trd, 4319462.793, 100
Trd, 4319464.393, 100
Trd, 4319465.593, 101
Trd, 4319465.643, 101
Trd, 4319466.293, 97
Trd, 4319466.393, 94
Trd, 4319466.443, 104
Trd, 4319468.493, 101
Trd, 4319469.343, 95
Trd, 4319470.843, 94
Trd, 4319472.293, 93
Trd, 4319474.243, 99
Trd, 4319478.143, 97
Trd, 4319479.243, 97
Trd, 4319480.393, 97
Trd, 4319480.493, 94
Trd, 4319480.893, 93
Trd, 4319481.843, 92
Trd, 4319482.143, 85
Trd, 4319483.093, 104
Trd, 4319483.793, 96
Trd, 4319486.093, 98
Trd, 4319487.193, 96
Trd, 4319489.093, 97
Trd, 4319490.643, 96
Trd, 4319490.943, 96
Trd, 4319492.043, 97
Trd, 4319493.843, 96
Trd, 4319497.293, 94
Trd, 4319498.193, 93
Trd, 4319500.143, 97
Trd, 4319502.993, 97
Trd, 4319503.043, 96
Trd, 4319504.043, 95
Trd, 4319506.243, 97
Trd, 4319507.943, 97
Trd, 4319508.443, 96
Trd, 4319508.743, 94
Trd, 4319509.943, 94
Trd, 4319510.143, 97
Trd, 4319511.293, 97
Trd, 4319512.193, 85
Trd, 4319512.793, 97
Trd, 4319514.893, 94
Trd, 4319516.393, 100
Trd, 4319516.943, 99
Trd, 4319517.093, 96
Trd, 4319518.193, 94
Trd, 4319521.643, 98
Trd, 4319522.093, 97
Trd, 4319522.493, 97
Trd, 4319522.743, 98
Trd, 4319523.343, 104
Trd, 4319523.943, 100
Trd, 4319527.343, 99
Trd, 4319527.643, 98
Trd, 4319528.993, 100
Trd, 4319530.543, 98
Trd, 4319531.243, 99
Trd, 4319532.593, 112
Trd, 4319534.093, 97
Trd, 4319536.193, 98
Trd, 4319538.043, 101
Trd, 4319538.793, 98
Trd, 4319539.793, 101
Trd, 4319540.143, 101
Trd, 4319540.393, 101
Trd, 4319540.793, 95
Trd, 4319542.293, 104
Trd, 4319543.593, 96
Trd, 4319545.443, 103
Trd, 4319545.943, 102
Trd, 4319547.643, 102
Trd, 4319547.993, 103
Trd, 4319548.193, 100
Trd, 4319549.193, 85
Trd, 4319552.993, 102
Trd, 4319553.193, 102
Trd, 4319555.343, 101
Trd, 4319555.793, 102
Trd, 4319555.993, 102
Trd, 4319558.493, 101
Trd, 4319560.293, 102
Trd, 4319561.493, 105
Trd, 4319561.543, 104
Trd, 4319565.143, 99
Trd, 4319565.293, 95
Trd, 4319565.443, 100
Trd, 4319566.693, 94
Trd, 4319568.093, 100
Trd, 4319570.993, 98
Trd, 4319572.293, 98
Trd, 4319573.993, 99
Trd, 4319574.193, 98
Trd, 4319576.143, 100
Trd, 4319577.943, 100
Trd, 4319578.793, 100
Trd, 4319581.443, 100
Trd, 4319582.193, 98
Trd, 4319582.893, 98
Trd, 4319583.993, 99
Trd, 4319585.043, 96
Trd, 4319587.943, 99
Trd, 4319587.993, 96
Trd, 4319589.393, 96
Trd, 4319590.843, 99
Trd, 4319591.043, 99
Trd, 4319591.993, 99
Trd, 4319593.393, 96
Trd, 4319593.543, 95
Trd, 4319594.843, 97
Trd, 4319597.893, 91
Trd, 4319599.693, 93
Trd, 4319599.993, 94
Trd, 4319601.343, 94
Trd, 4319601.743, 94
Trd, 4319603.393, 95
Trd, 4319603.593, 95
Trd, 4319605.093, 96
Trd, 4319606.043, 95
Trd, 4319607.043, 111
Trd, 4319607.243, 94
Trd, 4319607.843, 105
Trd, 4319608.443, 105
Trd, 4319609.543, 95
Trd, 4319611.743, 102
Trd, 4319612.443, 99
Trd, 4319612.843, 104
Trd, 4319613.943, 95
Trd, 4319614.243, 103
Trd, 4319615.593, 98
Trd, 4319618.243, 99
Trd, 4319618.293, 99
Trd, 4319622.443, 100
Trd, 4319622.893, 101
Trd, 4319623.243, 100
Trd, 4319625.143, 100
Trd, 4319625.293, 98
Trd, 4319625.343, 100
Trd, 4319629.793, 98
Trd, 4319630.793, 100
Trd, 4319630.843, 98
Trd, 4319631.143, 100
Trd, 4319633.393, 100
Trd, 4319634.643, 98
Trd, 4319635.643, 101
Trd, 4319638.043, 97
Trd, 4319638.243, 97
Trd, 4319640.243, 100
Trd, 4319640.993, 100
Trd, 4319641.343, 100
Trd, 4319642.593, 98
Trd, 4319643.443, 94
Trd, 4319646.593, 99
Trd, 4319646.743, 96
Trd, 4319646.893, 93
Trd, 4319651.493, 95
Trd, 4319651.693, 99
Trd, 4319652.343, 96
Trd, 4319655.593, 96
Trd, 4319655.793, 95
Trd, 4319659.343, 99
Trd, 4319660.143, 99
Trd, 4319661.143, 99
Trd, 4319662.243, 99
Trd, 4319662.993, 98
Trd, 4319663.443, 99
Trd, 4319663.993, 99
Trd, 4319667.393, 97
Trd, 4319669.043, 98
Trd, 4319669.293, 99
Trd, 4319669.393, 98
Trd, 4319669.693, 97
Trd, 4319671.193, 98
Trd, 4319671.643, 95
Trd, 4319674.843, 96
Trd, 4319675.543, 96
Trd, 4319675.893, 94
Trd, 4319677.793, 96
Trd, 4319679.743, 97
Trd, 4319680.593, 95
Trd, 4319681.543, 104
Trd, 4319682.043, 95
Trd, 4319683.693, 100
Trd, 4319684.393, 100
Trd, 4319684.593, 99
Trd, 4319685.243, 97
Trd, 4319687.693, 95
Trd, 4319688.993, 99
Trd, 4319689.743, 97
Trd, 4319690.043, 98
Trd, 4319692.593, 98
Trd, 4319692.793, 99
Trd, 4319692.943, 95
Trd, 4319695.193, 99
Trd, 4319696.443, 99
Trd, 4319698.543, 100
Trd, 4319699.143, 104
Trd, 4319700.293, 101
Trd, 4319701.543, 99
Trd, 4319703.793, 98
Trd, 4319704.143, 99
Trd, 4319705.443, 99
Trd, 4319707.443, 99
Trd, 4319707.793, 97
Trd, 4319709.543, 98
Trd, 4319709.793, 97
Trd, 4319712.393, 97
Trd, 4319714.293, 97
Trd, 4319714.493, 98
Trd, 4319714.893, 99
Trd, 4319716.143, 98
Trd, 4319716.393, 85
Trd, 4319717.443, 113
Trd, 4319718.793, 112
Trd, 4319718.893, 110
Trd, 4319719.843, 109
Trd, 4319721.643, 107
Trd, 4319722.743, 105
Trd, 4319723.143, 93
Trd, 4319723.743, 85
Trd, 4319725.043, 104
Trd, 4319726.193, 124
Trd, 4319728.493, 107
Trd, 4319728.543, 100
Trd, 4319729.093, 99
Trd, 4319730.793, 95
Trd, 4319734.393, 98
Trd, 4319735.293, 102
Trd, 4319735.493, 102
Trd, 4319736.543, 102
Trd, 4319738.893, 104
Trd, 4319738.993, 100
Trd, 4319740.443, 100
Trd, 4319740.693, 103
Trd, 4319743.393, 97
Trd, 4319743.693, 96
Trd, 4319747.943, 97
Trd, 4319748.243, 102
Trd, 4319749.193, 96
Trd, 4319753.543, 100
Trd, 4319755.643, 101
Trd, 4319756.593, 100
Trd, 4319757.743, 101
Trd, 4319759.893, 100
Trd, 4319762.743, 99
Trd, 4319763.293, 96
Trd, 4319766.543, 101
Trd, 4319767.493, 101
Trd, 4319768.043, 101
Trd, 4319768.343, 101
Trd, 4319770.393, 101
Trd, 4319770.493, 100
Trd, 4319773.143, 100
Trd, 4319774.293, 99
Trd, 4319775.893, 99
Trd, 4319777.893, 100
Trd, 4319778.043, 99
Trd, 4319781.043, 100
Trd, 4319781.393, 98
Trd, 4319782.743, 100
Trd, 4319783.543, 100
Trd, 4319784.493, 97
Trd, 4319786.693, 100
Trd, 4319787.093, 94
Trd, 4319789.243, 87
Trd, 4319790.793, 92
Trd, 4319791.693, 91
Trd, 4319794.443, 95
Trd, 4319795.343, 96
Trd, 4319796.193, 94
Trd, 4319796.243, 96
Trd, 4319796.443, 89
Trd, 4319798.643, 93
Trd, 4319800.243, 93
Trd, 4319801.443, 93
Trd, 4319801.493, 94
Trd, 4319804.043, 92
Trd, 4319804.693, 93
Trd, 4319805.943, 93
Trd, 4319806.693, 95
Trd, 4319810.493, 105
Trd, 4319810.643, 105
Trd, 4319810.743, 104
Trd, 4319811.043, 109
Trd, 4319811.993, 101
Trd, 4319812.243, 92
Trd, 4319812.893, 85
Trd, 4319814.143, 99
Trd, 4319817.443, 95
Trd, 4319820.543, 99
Trd, 4319821.193, 99
Trd, 4319822.143, 99
Trd, 4319822.593, 98
Trd, 4319822.943, 99
Trd, 4319823.343, 96
Trd, 4319828.843, 98
Trd, 4319829.793, 98
Trd, 4319830.143, 96
Trd, 4319831.093, 97
Trd, 4319833.543, 97
Trd, 4319835.543, 98
Trd, 4319835.593, 97
Trd, 4319836.643, 84
Trd, 4319837.593, 98
Trd, 4319840.043, 92
Trd, 4319840.143, 91
Trd, 4319841.493, 96
Trd, 4319841.843, 111
Trd, 4319843.443, 98
Trd, 4319843.543, 98
Trd, 4319844.843, 98
Trd, 4319845.293, 98
Trd, 4319846.793, 104
Trd, 4319849.143, 95
Trd, 4319850.143, 100
Trd, 4319850.993, 94
Trd, 4319853.743, 94
Trd, 4319855.143, 95
Trd, 4319858.493, 99
Trd, 4319858.793, 98
Trd, 4319862.193, 98
Trd, 4319862.543, 98
Trd, 4319863.093, 97
Trd, 4319864.843, 97
Trd, 4319866.643, 97
Trd, 4319866.743, 96
Trd, 4319868.043, 96
Trd, 4319870.993, 96
Trd, 4319871.193, 95
Trd, 4319871.793, 96
Trd, 4319871.893, 92
Trd, 4319873.943, 96
Trd, 4319874.143, 94
Trd, 4319875.693, 93
Trd, 4319878.743, 96
Trd, 4319880.143, 95
Trd, 4319880.193, 94
Trd, 4319880.893, 96
Trd, 4319881.543, 104
Trd, 4319882.493, 95
Trd, 4319884.243, 94
Trd, 4319885.093, 90
Trd, 4319887.543, 90
Trd, 4319889.293, 90
Trd, 4319891.393, 95
Trd, 4319891.993, 95
Trd, 4319892.193, 104
Trd, 4319893.143, 94
Trd, 4319893.643, 96
Trd, 4319894.093, 97
Trd, 4319894.143, 96
Trd, 4319895.943, 95
Trd, 4319898.743, 95
Trd, 4319899.493, 98
Trd, 4319900.093, 97
Trd, 4319901.343, 96
Trd, 4319901.743, 95
Trd, 4319903.493, 97
Trd, 4319904.493, 98
Trd, 4319906.243, 99
Trd, 4319907.243, 99
Trd, 4319908.643, 98
Trd, 4319910.043, 98
Trd, 4319911.093, 97
Trd, 4319912.343, 97
Trd, 4319913.943, 84
Trd, 4319915.493, 86
Trd, 4319915.743, 89
Trd, 4319916.543, 88
Trd, 4319918.893, 89
Trd, 4319920.043, 88
Trd, 4319920.743, 88
Trd, 4319921.443, 88
Trd, 4319921.643, 87
Trd, 4319923.243, 88
Trd, 4319924.693, 95
Trd, 4319925.693, 87
Trd, 4319926.643, 88
Trd, 4319927.593, 89
Trd, 4319928.593, 89
Trd, 4319931.093, 96
Trd, 4319931.493, 90
Trd, 4319933.443, 94
Trd, 4319934.543, 94
Trd, 4319934.893, 96
Trd, 4319935.943, 97
Trd, 4319936.393, 96
Trd, 4319937.793, 92
Trd, 4319938.693, 110
Trd, 4319942.043, 93
Trd, 4319943.093, 95
Trd, 4319943.943, 97
Trd, 4319944.593, 97
Trd, 4319945.843, 99
Trd, 4319946.743, 101
Trd, 4319948.393, 99
Trd, 4319949.543, 97
Trd, 4319949.793, 112
Trd, 4319950.993, 105
Trd, 4319951.643, 106
Trd, 4319952.343, 110
Trd, 4319952.643, 105
Trd, 4319954.593, 105
Trd, 4319955.093, 104
Trd, 4319957.793, 104
Trd, 4319958.793, 105
Trd, 4319959.043, 104
Trd, 4319959.093, 103
Trd, 4319959.943, 103
Trd, 4319961.143, 104
Trd, 4319961.493, 105
Trd, 4319963.393, 104
Trd, 4319963.443, 104
Trd, 4319963.843, 104
Trd, 4319965.143, 102
Trd, 4319966.543, 96
Trd, 4319967.693, 103
Trd, 4319970.843, 98
Trd, 4319971.693, 101
Trd, 4319975.043, 101
Trd, 4319976.343, 101
Trd, 4319978.043, 100
Trd, 4319979.293, 101
Trd, 4319979.393, 94
Trd, 4319981.843, 101
Trd, 4319982.393, 97
Trd, 4319984.193, 99
Trd, 4319985.643, 99
Trd, 4319986.243, 98
Trd, 4319989.743, 96
Trd, 4319992.243, 99
Trd, 4319992.743, 97
Trd, 4319993.243, 99
Trd, 4319994.393, 99
Trd, 4319995.593, 99
Trd, 4319995.993, 111
Trd, 4319997.693, 100
Trd, 4319999.393, 101
