Trd, 4317912.043, 113
Trd, 4317912.493, 100
Trd, 4317913.443, 69
Trd, 4317914.443, 92
Trd, 4317917.493, 91
Trd, 4317919.343, 91
Trd, 4317920.243, 92
Trd, 4317920.343, 96
Trd, 4317920.993, 95
Trd, 4317921.293, 94
Trd, 4317921.493, 85
Trd, 4317922.193, 66
Trd, 4317923.443, 69
Trd, 4317924.343, 109
Trd, 4317926.193, 91
Trd, 4317927.243, 83
Trd, 4317929.543, 85
Trd, 4317930.393, 93
Trd, 4317931.993, 91
Trd, 4317932.893, 91
Trd, 4317935.093, 98
Trd, 4317936.193, 98
Trd, 4317937.643, 97
Trd, 4317938.793, 98
Trd, 4317939.243, 95
Trd, 4317940.043, 98
Trd, 4317940.193, 113
Trd, 4317941.293, 106
Trd, 4317942.093, 112
Trd, 4317942.543, 102
Trd, 4317944.643, 106
Trd, 4317946.043, 107
Trd, 4317947.543, 104
Trd, 4317949.143, 108
Trd, 4317949.243, 105
Trd, 4317950.293, 105
Trd, 4317951.493, 98
Trd, 4317953.293, 101
Trd, 4317956.643, 101
Trd, 4317957.843, 101
Trd, 4317958.493, 102
Trd, 4317958.543, 99
Trd, 4317958.693, 98
Trd, 4317961.293, 95
Trd, 4317962.493, 98
Trd, 4317963.093, 95
Trd, 4317963.493, 94
Trd, 4317968.293, 96
Trd, 4317969.843, 95
Trd, 4317970.693, 96
Trd, 4317971.343, 104
Trd, 4317972.343, 96
Trd, 4317974.493, 95
Trd, 4317976.493, 96
Trd, 4317976.593, 95
Trd, 4317977.043, 97
Trd, 4317979.243, 97
Trd, 4317979.943, 95
Trd, 4317981.043, 104
Trd, 4317982.243, 89
Trd, 4317983.643, 87
Trd, 4317985.443, 95
Trd, 4317987.693, 95
Trd, 4317989.843, 95
Trd, 4317990.443, 95
Trd, 4317990.593, 94
Trd, 4317992.293, 94
Trd, 4317994.443, 95
Trd, 4317996.293, 93
Trd, 4317996.593, 95
Trd, 4317996.743, 91
Trd, 4317999.143, 93
Trd, 4318000.993, 94
Trd, 4318002.093, 95
Trd, 4318002.293, 95
Trd, 4318002.793, 95
Trd, 4318003.643, 96
Trd, 4318005.443, 95
Trd, 4318006.243, 85
Trd, 4318007.043, 79
Trd, 4318008.693, 96
Trd, 4318010.043, 95
Trd, 4318010.293, 91
Trd, 4318013.693, 91
Trd, 4318014.693, 95
Trd, 4318015.343, 91
Trd, 4318018.793, 95
Trd, 4318019.543, 95
Trd, 4318019.893, 94
Trd, 4318021.943, 93
Trd, 4318023.943, 95
Trd, 4318024.943, 96
Trd, 4318025.793, 96
Trd, 4318026.443, 96
Trd, 4318028.393, 96
Trd, 4318029.493, 95
Trd, 4318031.293, 95
Trd, 4318032.343, 94
Trd, 4318033.593, 95
Trd, 4318034.243, 95
Trd, 4318035.443, 96
Trd, 4318035.793, 100
Trd, 4318036.943, 94
Trd, 4318038.143, 94
Trd, 4318038.893, 87
Trd, 4318041.593, 94
Trd, 4318041.693, 95
Trd, 4318044.743, 98
Trd, 4318044.893, 97
Trd, 4318044.943, 105
Trd, 4318046.893, 98
Trd, 4318048.693, 99
Trd, 4318049.193, 98
Trd, 4318050.093, 98
Trd, 4318050.693, 106
Trd, 4318051.893, 97
Trd, 4318053.293, 98
Trd, 4318053.493, 97
Trd, 4318053.593, 96
Trd, 4318055.393, 99
Trd, 4318055.443, 103
Trd, 4318056.343, 95
Trd, 4318059.043, 95
Trd, 4318059.493, 95
Trd, 4318059.843, 105
Trd, 4318061.193, 101
Trd, 4318061.743, 99
Trd, 4318064.893, 112
Trd, 4318065.193, 99
Trd, 4318068.243, 97
Trd, 4318069.493, 99
Trd, 4318069.643, 96
Trd, 4318070.643, 95
Trd, 4318072.193, 100
Trd, 4318073.143, 99
Trd, 4318073.893, 101
Trd, 4318074.443, 99
Trd, 4318075.843, 98
Trd, 4318077.293, 95
Trd, 4318078.493, 96
Trd, 4318079.843, 99
Trd, 4318080.543, 95
Trd, 4318081.793, 97
Trd, 4318082.393, 96
Trd, 4318082.693, 104
Trd, 4318086.593, 100
Trd, 4318086.643, 104
Trd, 4318086.693, 99
Trd, 4318087.293, 97
Trd, 4318088.643, 100
Trd, 4318088.793, 96
Trd, 4318091.393, 98
Trd, 4318093.443, 100
Trd, 4318094.043, 98
Trd, 4318098.293, 100
Trd, 4318098.443, 96
Trd, 4318099.293, 98
Trd, 4318100.093, 98
Trd, 4318101.693, 96
Trd, 4318103.143, 99
Trd, 4318104.443, 99
Trd, 4318105.843, 99
Trd, 4318106.193, 99
Trd, 4318107.793, 99
Trd, 4318108.593, 98
Trd, 4318109.193, 98
Trd, 4318109.893, 100
Trd, 4318112.093, 99
Trd, 4318113.093, 100
Trd, 4318113.493, 99
Trd, 4318115.243, 98
Trd, 4318116.593, 97
Trd, 4318119.543, 96
Trd, 4318120.143, 97
Trd, 4318121.543, 98
Trd, 4318122.093, 98
Trd, 4318122.243, 97
Trd, 4318122.943, 94
Trd, 4318123.793, 98
Trd, 4318125.443, 105
Trd, 4318126.093, 89
Trd, 4318126.793, 84
Trd, 4318129.143, 99
Trd, 4318130.543, 100
Trd, 4318132.893, 98
Trd, 4318134.043, 100
Trd, 4318134.443, 98
Trd, 4318134.693, 97
Trd, 4318134.743, 96
Trd, 4318136.193, 96
Trd, 4318138.193, 99
Trd, 4318138.443, 98
Trd, 4318141.893, 100
Trd, 4318142.493, 104
Trd, 4318143.893, 99
Trd, 4318144.093, 100
Trd, 4318144.293, 99
Trd, 4318146.043, 100
Trd, 4318147.943, 101
Trd, 4318149.093, 101
Trd, 4318149.243, 100
Trd, 4318149.793, 99
Trd, 4318150.143, 95
Trd, 4318154.343, 96
Trd, 4318154.793, 95
Trd, 4318155.793, 95
Trd, 4318156.443, 95
Trd, 4318157.943, 97
Trd, 4318158.443, 102
Trd, 4318158.943, 97
Trd, 4318160.143, 97
Trd, 4318160.693, 95
Trd, 4318161.143, 101
Trd, 4318162.943, 98
Trd, 4318165.143, 99
Trd, 4318166.693, 101
Trd, 4318167.393, 99
Trd, 4318167.893, 98
Trd, 4318168.293, 84
Trd, 4318171.093, 97
Trd, 4318171.543, 97
Trd, 4318172.293, 96
Trd, 4318173.293, 95
Trd, 4318174.093, 97
Trd, 4318174.843, 96
Trd, 4318175.593, 96
Trd, 4318175.993, 104
Trd, 4318178.593, 97
Trd, 4318179.993, 99
Trd, 4318180.693, 98
Trd, 4318181.593, 98
Trd, 4318183.043, 95
Trd, 4318183.393, 84
Trd, 4318184.593, 95
Trd, 4318185.043, 93
Trd, 4318185.743, 104
Trd, 4318186.793, 95
Trd, 4318187.693, 96
Trd, 4318190.093, 95
Trd, 4318190.143, 87
Trd, 4318191.943, 93
Trd, 4318192.543, 94
Trd, 4318193.793, 97
Trd, 4318194.593, 98
Trd, 4318194.843, 113
Trd, 4318196.743, 97
Trd, 4318196.843, 85
Trd, 4318196.893, 76
Trd, 4318199.993, 98
Trd, 4318200.843, 97
Trd, 4318201.243, 95
Trd, 4318203.593, 97
Trd, 4318204.093, 104
Trd, 4318204.243, 97
Trd, 4318205.693, 100
Trd, 4318209.243, 98
Trd, 4318209.493, 97
Trd, 4318210.343, 97
Trd, 4318211.193, 95
Trd, 4318212.593, 96
Trd, 4318213.343, 88
Trd, 4318214.693, 92
Trd, 4318215.793, 95
Trd, 4318216.093, 97
Trd, 4318217.843, 96
Trd, 4318218.643, 95
Trd, 4318219.343, 95
Trd, 4318220.443, 94
Trd, 4318223.993, 97
Trd, 4318226.093, 96
Trd, 4318226.343, 95
Trd, 4318227.743, 96
Trd, 4318227.793, 95
Trd, 4318231.143, 95
Trd, 4318231.293, 96
Trd, 4318231.493, 113
Trd, 4318232.193, 104
Trd, 4318232.993, 97
Trd, 4318233.293, 96
Trd, 4318237.693, 99
Trd, 4318238.693, 98
Trd, 4318239.543, 96
Trd, 4318242.443, 99
Trd, 4318242.993, 96
Trd, 4318243.843, 96
Trd, 4318244.443, 99
Trd, 4318246.743, 99
Trd, 4318247.393, 96
Trd, 4318247.643, 95
Trd, 4318248.093, 95
Trd, 4318249.643, 94
Trd, 4318250.493, 94
Trd, 4318253.693, 99
Trd, 4318253.743, 98
Trd, 4318254.393, 98
Trd, 4318256.743, 96
Trd, 4318257.793, 95
Trd, 4318259.143, 95
Trd, 4318259.793, 96
Trd, 4318260.993, 96
Trd, 4318263.143, 96
Trd, 4318264.693, 96
Trd, 4318264.793, 95
Trd, 4318264.843, 85
Trd, 4318266.143, 79
Trd, 4318266.893, 96
Trd, 4318267.393, 93
Trd, 4318268.643, 96
Trd, 4318269.943, 96
Trd, 4318272.393, 96
Trd, 4318273.193, 96
Trd, 4318274.093, 94
Trd, 4318274.443, 96
Trd, 4318274.743, 96
Trd, 4318275.593, 95
Trd, 4318279.543, 96
Trd, 4318280.443, 95
Trd, 4318282.643, 96
Trd, 4318283.493, 97
Trd, 4318284.343, 97
Trd, 4318284.793, 83
Trd, 4318286.643, 96
Trd, 4318288.143, 105
Trd, 4318288.543, 97
Trd, 4318289.093, 96
Trd, 4318290.593, 96
Trd, 4318291.293, 95
Trd, 4318293.193, 88
Trd, 4318293.693, 91
Trd, 4318294.793, 86
Trd, 4318296.993, 101
Trd, 4318297.893, 93
Trd, 4318298.793, 94
Trd, 4318299.993, 94
Trd, 4318301.043, 96
Trd, 4318301.193, 113
Trd, 4318301.893, 96
Trd, 4318302.893, 96
Trd, 4318304.343, 98
Trd, 4318305.693, 96
Trd, 4318305.993, 88
Trd, 4318307.343, 94
Trd, 4318308.693, 93
Trd, 4318308.793, 96
Trd, 4318312.343, 95
Trd, 4318312.393, 94
Trd, 4318313.643, 95
Trd, 4318314.543, 95
Trd, 4318316.493, 96
Trd, 4318316.793, 95
Trd, 4318318.093, 101
Trd, 4318318.943, 99
Trd, 4318321.693, 103
Trd, 4318321.893, 103
Trd, 4318322.693, 104
Trd, 4318323.793, 103
Trd, 4318324.993, 102
Trd, 4318326.143, 105
Trd, 4318327.443, 100
Trd, 4318327.643, 96
Trd, 4318327.993, 87
Trd, 4318328.993, 95
Trd, 4318329.743, 95
Trd, 4318330.943, 96
Trd, 4318332.143, 95
Trd, 4318334.443, 95
Trd, 4318335.193, 96
Trd, 4318335.393, 95
Trd, 4318337.093, 96
Trd, 4318338.193, 95
Trd, 4318341.543, 95
Trd, 4318342.243, 94
Trd, 4318342.693, 95
Trd, 4318343.243, 93
Trd, 4318346.843, 95
Trd, 4318347.593, 95
Trd, 4318347.643, 94
Trd, 4318347.693, 113
Trd, 4318349.293, 93
Trd, 4318351.093, 97
Trd, 4318351.643, 98
Trd, 4318353.293, 100
Trd, 4318353.493, 97
Trd, 4318354.643, 107
Trd, 4318354.993, 95
Trd, 4318355.643, 98
Trd, 4318357.143, 100
Trd, 4318358.893, 99
Trd, 4318360.093, 99
Trd, 4318360.893, 101
Trd, 4318362.543, 101
Trd, 4318363.793, 100
Trd, 4318364.493, 100
Trd, 4318364.643, 105
Trd, 4318364.743, 99
Trd, 4318367.843, 115
Trd, 4318367.993, 112
Trd, 4318368.343, 108
Trd, 4318368.893, 113
Trd, 4318369.543, 103
Trd, 4318371.693, 92
Trd, 4318371.843, 90
Trd, 4318375.293, 98
Trd, 4318375.743, 97
Trd, 4318377.193, 102
Trd, 4318380.493, 99
Trd, 4318381.993, 100
Trd, 4318382.343, 102
Trd, 4318382.393, 99
Trd, 4318383.293, 98
Trd, 4318384.743, 95
Trd, 4318385.093, 85
Trd, 4318387.043, 96
Trd, 4318387.793, 95
Trd, 4318388.493, 100
Trd, 4318393.293, 96
Trd, 4318393.693, 95
Trd, 4318394.943, 95
Trd, 4318396.493, 98
Trd, 4318397.043, 98
Trd, 4318397.693, 96
Trd, 4318398.093, 97
Trd, 4318398.343, 113
Trd, 4318399.843, 111
Trd, 4318400.393, 101
Trd, 4318401.093, 95
Trd, 4318403.993, 94
Trd, 4318404.143, 93
Trd, 4318404.343, 95
Trd, 4318406.643, 96
Trd, 4318407.493, 95
Trd, 4318409.143, 87
Trd, 4318411.643, 96
Trd, 4318413.893, 93
Trd, 4318414.043, 92
Trd, 4318415.643, 93
Trd, 4318419.093, 95
Trd, 4318419.593, 96
Trd, 4318420.043, 97
Trd, 4318420.193, 95
Trd, 4318421.043, 95
Trd, 4318421.443, 95
Trd, 4318424.043, 95
Trd, 4318425.243, 96
Trd, 4318425.443, 95
Trd, 4318428.543, 96
Trd, 4318428.743, 96
Trd, 4318429.943, 96
Trd, 4318430.493, 95
Trd, 4318432.543, 95
Trd, 4318433.293, 95
Trd, 4318433.943, 95
Trd, 4318436.093, 98
Trd, 4318436.443, 98
Trd, 4318437.043, 98
Trd, 4318438.343, 113
Trd, 4318439.493, 101
Trd, 4318440.493, 98
Trd, 4318441.893, 112
Trd, 4318443.043, 113
Trd, 4318443.143, 113
Trd, 4318443.793, 103
Trd, 4318444.043, 85
Trd, 4318444.743, 105
Trd, 4318446.943, 96
Trd, 4318449.943, 85
Trd, 4318450.193, 95
Trd, 4318450.543, 85
Trd, 4318453.193, 93
Trd, 4318455.343, 94
Trd, 4318455.493, 94
Trd, 4318455.993, 93
Trd, 4318456.493, 84
Trd, 4318456.693, 89
Trd, 4318459.943, 94
Trd, 4318460.693, 90
Trd, 4318464.043, 97
Trd, 4318464.743, 98
Trd, 4318465.943, 113
Trd, 4318466.193, 112
Trd, 4318466.543, 105
Trd, 4318468.043, 103
Trd, 4318468.743, 104
Trd, 4318469.543, 103
Trd, 4318471.293, 106
Trd, 4318473.443, 104
Trd, 4318475.293, 102
Trd, 4318475.943, 89
Trd, 4318478.343, 100
Trd, 4318478.493, 99
Trd, 4318478.693, 104
Trd, 4318479.443, 99
Trd, 4318482.693, 100
Trd, 4318483.343, 96
Trd, 4318484.843, 104
Trd, 4318486.043, 98
Trd, 4318486.293, 103
Trd, 4318486.793, 97
Trd, 4318490.093, 102
Trd, 4318492.543, 103
Trd, 4318493.843, 103
Trd, 4318493.943, 102
Trd, 4318494.343, 101
Trd, 4318495.343, 103
Trd, 4318498.543, 100
Trd, 4318498.993, 100
Trd, 4318499.493, 101
Trd, 4318501.093, 100
Trd, 4318501.793, 97
Trd, 4318501.843, 85
Trd, 4318504.143, 96
Trd, 4318506.743, 113
Trd, 4318507.293, 96
Trd, 4318507.543, 101
Trd, 4318509.943, 99
Trd, 4318512.743, 99
Trd, 4318513.443, 99
Trd, 4318514.793, 98
Trd, 4318515.043, 101
Trd, 4318515.143, 98
Trd, 4318516.643, 87
Trd, 4318518.793, 99
Trd, 4318520.143, 104
Trd, 4318520.293, 99
Trd, 4318520.793, 103
Trd, 4318521.943, 103
Trd, 4318522.793, 102
Trd, 4318523.193, 101
Trd, 4318524.443, 86
Trd, 4318525.293, 104
Trd, 4318527.743, 98
Trd, 4318529.093, 99
Trd, 4318531.193, 99
Trd, 4318531.843, 98
Trd, 4318532.043, 98
Trd, 4318533.193, 95
Trd, 4318533.343, 101
Trd, 4318533.543, 85
Trd, 4318536.293, 102
Trd, 4318536.743, 103
Trd, 4318538.293, 104
Trd, 4318539.543, 104
Trd, 4318540.343, 102
Trd, 4318541.593, 101
Trd, 4318543.343, 104
Trd, 4318543.393, 100
Trd, 4318545.643, 99
Trd, 4318547.293, 99
Trd, 4318548.193, 99
Trd, 4318548.893, 101
Trd, 4318549.143, 99
Trd, 4318549.443, 103
Trd, 4318552.443, 104
Trd, 4318553.343, 104
Trd, 4318553.443, 103
Trd, 4318554.143, 103
Trd, 4318554.843, 113
Trd, 4318556.393, 108
Trd, 4318557.693, 106
Trd, 4318557.993, 104
Trd, 4318558.993, 95
Trd, 4318559.993, 106
Trd, 4318561.443, 101
Trd, 4318562.993, 101
Trd, 4318563.443, 100
Trd, 4318564.943, 105
Trd, 4318567.943, 105
Trd, 4318568.143, 101
Trd, 4318570.293, 105
Trd, 4318570.443, 105
Trd, 4318570.493, 102
Trd, 4318571.193, 101
Trd, 4318572.993, 98
Trd, 4318573.543, 97
Trd, 4318577.193, 102
Trd, 4318577.993, 102
Trd, 4318579.393, 102
Trd, 4318580.143, 101
Trd, 4318580.193, 95
Trd, 4318581.493, 97
Trd, 4318583.743, 103
Trd, 4318585.393, 96
Trd, 4318586.143, 96
Trd, 4318587.693, 98
Trd, 4318587.793, 96
Trd, 4318588.593, 99
Trd, 4318589.393, 95
Trd, 4318591.343, 98
Trd, 4318591.943, 94
Trd, 4318594.143, 96
Trd, 4318594.743, 95
Trd, 4318596.643, 98
Trd, 4318599.293, 98
Trd, 4318600.193, 98
Trd, 4318600.293, 96
Trd, 4318600.893, 95
Trd, 4318602.493, 112
Trd, 4318603.193, 111
Trd, 4318603.743, 110
Trd, 4318604.393, 113
Trd, 4318606.743, 102
Trd, 4318608.093, 88
Trd, 4318609.143, 97
Trd, 4318609.843, 97
Trd, 4318611.543, 101
Trd, 4318613.343, 103
Trd, 4318614.093, 102
Trd, 4318615.043, 96
Trd, 4318617.443, 97
Trd, 4318618.043, 106
Trd, 4318618.793, 98
Trd, 4318619.743, 84
Trd, 4318622.043, 95
Trd, 4318622.393, 96
Trd, 4318624.093, 95
Trd, 4318625.093, 96
Trd, 4318626.043, 97
Trd, 4318626.093, 99
Trd, 4318627.293, 96
Trd, 4318628.493, 95
Trd, 4318630.993, 94
Trd, 4318632.193, 97
Trd, 4318633.193, 97
Trd, 4318633.893, 96
Trd, 4318634.043, 95
Trd, 4318636.043, 83
Trd, 4318637.643, 84
Trd, 4318639.843, 89
Trd, 4318640.543, 95
Trd, 4318643.193, 89
Trd, 4318643.343, 87
Trd, 4318644.243, 92
Trd, 4318645.243, 93
Trd, 4318646.193, 93
Trd, 4318648.093, 95
Trd, 4318650.043, 96
Trd, 4318651.043, 98
Trd, 4318651.793, 99
Trd, 4318652.243, 99
Trd, 4318652.643, 99
Trd, 4318653.293, 99
Trd, 4318654.293, 85
Trd, 4318654.593, 106
Trd, 4318655.993, 94
Trd, 4318657.593, 93
Trd, 4318658.443, 96
Trd, 4318658.993, 87
Trd, 4318661.293, 91
Trd, 4318662.493, 96
Trd, 4318663.443, 97
Trd, 4318663.593, 93
Trd, 4318665.143, 96
Trd, 4318667.643, 95
Trd, 4318668.493, 98
Trd, 4318669.443, 97
Trd, 4318669.843, 94
Trd, 4318671.993, 85
Trd, 4318673.543, 90
Trd, 4318674.843, 92
Trd, 4318676.143, 93
Trd, 4318677.643, 94
Trd, 4318679.743, 101
Trd, 4318680.043, 100
Trd, 4318680.893, 101
Trd, 4318681.443, 100
Trd, 4318681.893, 113
Trd, 4318682.693, 98
Trd, 4318683.993, 95
Trd, 4318685.143, 85
Trd, 4318687.393, 95
Trd, 4318689.193, 100
Trd, 4318689.543, 108
Trd, 4318689.643, 98
Trd, 4318692.143, 102
Trd, 4318693.343, 103
Trd, 4318693.493, 102
Trd, 4318694.943, 101
Trd, 4318696.643, 100
Trd, 4318697.943, 101
Trd, 4318698.243, 97
Trd, 4318700.393, 101
Trd, 4318700.443, 100
Trd, 4318702.043, 98
Trd, 4318703.243, 101
Trd, 4318703.643, 96
Trd, 4318704.893, 98
Trd, 4318705.893, 96
Trd, 4318706.593, 104
Trd, 4318709.193, 94
Trd, 4318709.643, 96
Trd, 4318710.193, 96
Trd, 4318711.393, 95
Trd, 4318711.693, 75
Trd, 4318714.893, 97
Trd, 4318717.093, 95
Trd, 4318719.043, 95
Trd, 4318719.493, 92
Trd, 4318720.493, 97
Trd, 4318722.593, 102
Trd, 4318723.293, 95
Trd, 4318724.443, 95
Trd, 4318724.943, 98
Trd, 4318726.993, 98
Trd, 4318727.843, 96
Trd, 4318729.343, 96
Trd, 4318730.593, 96
Trd, 4318731.643, 96
Trd, 4318733.743, 105
Trd, 4318733.943, 95
Trd, 4318734.743, 95
Trd, 4318735.993, 95
Trd, 4318736.993, 99
Trd, 4318737.093, 94
Trd, 4318739.743, 94
Trd, 4318741.143, 98
Trd, 4318741.843, 96
Trd, 4318742.943, 98
Trd, 4318746.293, 98
Trd, 4318746.493, 97
Trd, 4318748.993, 96
Trd, 4318749.043, 96
Trd, 4318749.643, 95
Trd, 4318750.243, 98
Trd, 4318751.693, 86
Trd, 4318753.543, 86
Trd, 4318755.293, 98
Trd, 4318756.693, 96
Trd, 4318757.443, 98
Trd, 4318757.843, 96
Trd, 4318758.293, 96
Trd, 4318760.843, 96
Trd, 4318762.043, 95
Trd, 4318764.393, 97
Trd, 4318764.743, 97
Trd, 4318766.143, 95
Trd, 4318766.593, 105
Trd, 4318766.843, 95
Trd, 4318769.243, 98
Trd, 4318770.393, 95
Trd, 4318773.193, 96
Trd, 4318776.293, 97
Trd, 4318776.793, 97
Trd, 4318777.893, 96
Trd, 4318778.343, 106
Trd, 4318778.643, 95
Trd, 4318778.943, 95
Trd, 4318781.793, 96
Trd, 4318782.593, 95
Trd, 4318782.893, 94
Trd, 4318785.243, 98
Trd, 4318786.693, 98
Trd, 4318786.943, 96
Trd, 4318787.143, 98
Trd, 4318788.393, 97
Trd, 4318789.293, 96
Trd, 4318789.643, 95
Trd, 4318791.593, 106
Trd, 4318792.593, 104
Trd, 4318792.643, 100
Trd, 4318793.943, 101
Trd, 4318796.743, 119
Trd, 4318797.293, 117
Trd, 4318797.743, 100
Trd, 4318798.043, 113
Trd, 4318799.843, 99
Trd, 4318800.043, 104
Trd, 4318800.643, 95
Trd, 4318802.743, 97
Trd, 4318805.143, 96
Trd, 4318807.243, 98
Trd, 4318808.343, 100
Trd, 4318809.693, 97
Trd, 4318809.843, 95
Trd, 4318812.193, 90
Trd, 4318812.843, 88
Trd, 4318814.943, 96
Trd, 4318816.243, 98
Trd, 4318817.893, 98
Trd, 4318818.143, 98
Trd, 4318819.293, 97
Trd, 4318821.793, 98
Trd, 4318821.943, 98
Trd, 4318822.693, 97
Trd, 4318823.693, 113
Trd, 4318824.043, 102
Trd, 4318825.493, 99
Trd, 4318827.843, 104
Trd, 4318828.693, 102
Trd, 4318829.143, 106
Trd, 4318829.393, 102
Trd, 4318831.843, 106
Trd, 4318832.243, 105
Trd, 4318832.943, 103
Trd, 4318833.743, 102
Trd, 4318834.943, 101
Trd, 4318836.543, 106
Trd, 4318836.693, 101
Trd, 4318840.343, 101
Trd, 4318841.743, 104
Trd, 4318842.743, 97
Trd, 4318844.143, 101
Trd, 4318845.093, 99
Trd, 4318845.843, 104
Trd, 4318846.793, 92
Trd, 4318847.493, 95
Trd, 4318850.193, 96
Trd, 4318851.343, 96
Trd, 4318852.843, 95
Trd, 4318854.343, 95
Trd, 4318855.743, 98
Trd, 4318856.043, 95
Trd, 4318858.343, 98
Trd, 4318859.893, 95
Trd, 4318860.343, 95
Trd, 4318862.893, 98
Trd, 4318863.093, 98
Trd, 4318864.193, 99
Trd, 4318865.293, 98
Trd, 4318866.093, 98
Trd, 4318866.593, 104
Trd, 4318866.843, 97
Trd, 4318869.793, 98
Trd, 4318870.093, 100
Trd, 4318870.643, 98
Trd, 4318873.593, 97
Trd, 4318875.243, 98
Trd, 4318875.643, 95
Trd, 4318876.543, 100
Trd, 4318879.093, 99
Trd, 4318880.643, 100
Trd, 4318882.693, 101
Trd, 4318882.743, 101
Trd, 4318883.543, 100
Trd, 4318883.893, 96
Trd, 4318885.493, 105
Trd, 4318886.143, 98
Trd, 4318887.643, 97
Trd, 4318889.143, 97
Trd, 4318890.443, 96
Trd, 4318892.943, 96
Trd, 4318893.143, 95
Trd, 4318894.043, 85
Trd, 4318894.093, 101
Trd, 4318895.593, 98
Trd, 4318898.093, 96
Trd, 4318898.643, 97
Trd, 4318899.343, 96
Trd, 4318900.843, 95
Trd, 4318901.043, 106
Trd, 4318905.393, 99
Trd, 4318906.143, 99
Trd, 4318906.743, 97
Trd, 4318906.943, 96
Trd, 4318908.993, 95
Trd, 4318910.543, 96
Trd, 4318911.493, 98
Trd, 4318912.643, 100
Trd, 4318913.493, 100
Trd, 4318913.793, 95
Trd, 4318915.443, 98
Trd, 4318916.643, 98
Trd, 4318918.243, 100
Trd, 4318918.743, 101
Trd, 4318919.893, 98
Trd, 4318920.843, 99
Trd, 4318921.343, 106
Trd, 4318923.293, 99
Trd, 4318926.093, 113
Trd, 4318926.243, 114
Trd, 4318927.293, 105
Trd, 4318928.943, 109
Trd, 4318931.643, 105
Trd, 4318932.293, 104
Trd, 4318932.893, 105
Trd, 4318933.093, 103
Trd, 4318935.843, 89
Trd, 4318936.193, 88
Trd, 4318937.843, 101
Trd, 4318938.693, 92
Trd, 4318940.393, 94
Trd, 4318942.593, 94
Trd, 4318943.143, 95
Trd, 4318944.043, 96
Trd, 4318944.893, 94
Trd, 4318946.493, 105
Trd, 4318946.593, 95
Trd, 4318947.293, 96
Trd, 4318947.693, 75
Trd, 4318951.493, 92
Trd, 4318952.093, 97
Trd, 4318952.443, 93
Trd, 4318953.993, 96
Trd, 4318954.093, 95
Trd, 4318955.643, 96
Trd, 4318956.143, 95
Trd, 4318956.543, 96
Trd, 4318957.093, 85
Trd, 4318957.643, 75
Trd, 4318959.593, 97
Trd, 4318960.443, 99
Trd, 4318960.993, 105
Trd, 4318963.343, 102
Trd, 4318964.293, 101
Trd, 4318965.493, 96
Trd, 4318968.243, 98
Trd, 4318968.843, 99
Trd, 4318969.743, 97
Trd, 4318971.393, 97
Trd, 4318972.043, 97
Trd, 4318972.843, 97
Trd, 4318975.493, 85
Trd, 4318977.443, 98
Trd, 4318980.043, 97
Trd, 4318980.443, 97
Trd, 4318980.643, 96
Trd, 4318982.443, 98
Trd, 4318982.893, 98
Trd, 4318985.393, 96
Trd, 4318987.293, 106
Trd, 4318987.343, 98
Trd, 4318987.593, 97
Trd, 4318988.043, 84
Trd, 4318989.493, 98
Trd, 4318991.043, 100
Trd, 4318992.243, 100
Trd, 4318992.493, 98
Trd, 4318993.393, 96
Trd, 4318995.743, 100
Trd, 4318996.793, 85
Trd, 4318998.493, 97
Trd, 4318999.893, 97
Trd, 4319000.093, 93
Trd, 4319000.693, 95
Trd, 4319003.293, 102
Trd, 4319003.443, 104
Trd, 4319004.293, 111
Trd, 4319004.943, 113
Trd, 4319005.293, 111
Trd, 4319006.393, 110
Trd, 4319006.893, 84
Trd, 4319008.043, 104
Trd, 4319008.493, 66
Trd, 4319009.893, 78
Trd, 4319011.193, 80
Trd, 4319013.243, 84
Trd, 4319014.593, 90
Trd, 4319015.143, 89
Trd, 4319015.843, 96
Trd, 4319017.393, 96
Trd, 4319019.293, 96
Trd, 4319019.693, 95
Trd, 4319020.243, 95
Trd, 4319021.893, 113
Trd, 4319023.993, 103
Trd, 4319024.943, 104
Trd, 4319025.743, 105
Trd, 4319026.593, 103
Trd, 4319027.693, 85
Trd, 4319029.493, 95
Trd, 4319030.393, 95
Trd, 4319031.043, 77
Trd, 4319032.493, 99
Trd, 4319034.193, 90
Trd, 4319036.293, 93
Trd, 4319037.193, 94
Trd, 4319039.243, 95
Trd, 4319039.593, 95
Trd, 4319041.093, 98
Trd, 4319041.543, 96
Trd, 4319042.493, 95
Trd, 4319043.243, 99
Trd, 4319044.243, 76
Trd, 4319045.393, 60
Trd, 4319049.743, 100
Trd, 4319051.093, 99
Trd, 4319052.893, 101
Trd, 4319053.143, 100
Trd, 4319053.943, 100
Trd, 4319055.393, 105
Trd, 4319057.393, 85
Trd, 4319059.093, 93
Trd, 4319062.443, 97
Trd, 4319062.593, 95
Trd, 4319063.193, 102
Trd, 4319065.393, 102
Trd, 4319065.943, 101
Trd, 4319066.493, 101
Trd, 4319067.593, 100
Trd, 4319067.743, 96
Trd, 4319069.743, 96
Trd, 4319071.243, 99
Trd, 4319071.893, 99
Trd, 4319074.743, 99
Trd, 4319074.793, 100
Trd, 4319075.143, 98
Trd, 4319077.993, 100
Trd, 4319079.093, 99
Trd, 4319079.793, 101
Trd, 4319082.593, 98
Trd, 4319083.143, 98
Trd, 4319084.743, 99
Trd, 4319085.593, 98
Trd, 4319087.643, 99
Trd, 4319087.943, 97
Trd, 4319088.843, 99
Trd, 4319089.743, 99
Trd, 4319089.793, 105
Trd, 4319091.893, 98
Trd, 4319093.593, 99
Trd, 4319093.893, 96
Trd, 4319094.743, 99
Trd, 4319096.443, 95
Trd, 4319097.343, 93
Trd, 4319098.593, 92
Trd, 4319101.143, 92
Trd, 4319102.643, 95
Trd, 4319104.393, 95
Trd, 4319104.843, 93
Trd, 4319107.693, 96
Trd, 4319107.993, 93
Trd, 4319108.843, 95
Trd, 4319108.893, 97
Trd, 4319109.393, 95
Trd, 4319111.093, 95
Trd, 4319112.143, 96
Trd, 4319112.293, 94
Trd, 4319114.193, 95
Trd, 4319115.793, 97
Trd, 4319116.693, 94
Trd, 4319117.143, 95
Trd, 4319117.943, 95
Trd, 4319120.293, 95
Trd, 4319120.893, 94
Trd, 4319124.443, 93
Trd, 4319124.493, 96
Trd, 4319127.193, 95
Trd, 4319128.843, 96
Trd, 4319128.893, 97
Trd, 4319131.843, 96
Trd, 4319133.293, 96
Trd, 4319133.543, 95
Trd, 4319134.243, 97
Trd, 4319135.943, 97
Trd, 4319136.543, 95
Trd, 4319137.593, 95
Trd, 4319137.893, 96
Trd, 4319139.993, 95
Trd, 4319141.793, 97
Trd, 4319143.093, 96
Trd, 4319143.693, 96
Trd, 4319143.943, 95
Trd, 4319143.993, 85
Trd, 4319144.843, 105
Trd, 4319148.293, 95
Trd, 4319148.693, 97
Trd, 4319149.293, 96
Trd, 4319149.743, 96
Trd, 4319150.243, 97
Trd, 4319150.743, 106
Trd, 4319151.943, 97
Trd, 4319153.843, 100
Trd, 4319154.943, 100
Trd, 4319155.093, 99
Trd, 4319156.293, 101
Trd, 4319156.943, 101
Trd, 4319157.443, 84
Trd, 4319158.043, 102
Trd, 4319162.393, 94
Trd, 4319162.943, 94
Trd, 4319163.143, 94
Trd, 4319164.093, 94
Trd, 4319164.643, 95
Trd, 4319166.143, 96
Trd, 4319167.343, 99
Trd, 4319169.343, 101
Trd, 4319170.143, 100
Trd, 4319171.243, 99
Trd, 4319172.293, 104
Trd, 4319174.043, 98
Trd, 4319174.243, 87
Trd, 4319175.493, 97
Trd, 4319176.393, 95
Trd, 4319176.543, 95
Trd, 4319178.643, 95
Trd, 4319178.843, 95
Trd, 4319180.393, 97
Trd, 4319181.243, 85
Trd, 4319185.443, 97
Trd, 4319185.793, 95
Trd, 4319187.193, 94
Trd, 4319188.993, 97
Trd, 4319189.293, 95
Trd, 4319189.693, 97
Trd, 4319190.643, 97
Trd, 4319193.193, 97
Trd, 4319194.043, 97
Trd, 4319194.493, 96
Trd, 4319196.193, 105
Trd, 4319196.393, 98
Trd, 4319197.143, 98
Trd, 4319198.193, 97
Trd, 4319200.693, 99
Trd, 4319201.043, 88
Trd, 4319201.493, 76
Trd, 4319202.693, 89
Trd, 4319204.643, 89
Trd, 4319206.593, 93
Trd, 4319209.243, 100
Trd, 4319209.493, 105
Trd, 4319209.643, 97
Trd, 4319209.893, 94
Trd, 4319211.343, 96
Trd, 4319212.193, 96
Trd, 4319212.293, 95
Trd, 4319216.243, 94
Trd, 4319216.593, 96
Trd, 4319217.243, 93
Trd, 4319219.843, 95
Trd, 4319220.443, 95
Trd, 4319221.143, 95
Trd, 4319222.093, 96
Trd, 4319222.743, 102
Trd, 4319223.543, 95
Trd, 4319224.193, 97
Trd, 4319228.293, 97
Trd, 4319229.543, 98
Trd, 4319229.643, 96
Trd, 4319229.743, 95
Trd, 4319230.993, 98
Trd, 4319231.193, 80
Trd, 4319234.093, 98
Trd, 4319235.093, 90
Trd, 4319236.343, 90
Trd, 4319238.343, 96
Trd, 4319239.193, 96
Trd, 4319239.393, 97
Trd, 4319239.843, 96
Trd, 4319240.893, 96
Trd, 4319241.393, 95
Trd, 4319243.843, 94
Trd, 4319244.593, 97
Trd, 4319244.643, 94
Trd, 4319245.393, 106
Trd, 4319248.043, 97
Trd, 4319248.293, 98
Trd, 4319248.593, 95
Trd, 4319250.043, 85
Trd, 4319250.593, 105
Trd, 4319252.093, 102
Trd, 4319253.043, 87
Trd, 4319253.143, 85
Trd, 4319255.493, 96
Trd, 4319256.093, 98
Trd, 4319256.993, 96
Trd, 4319258.643, 96
Trd, 4319259.143, 101
Trd, 4319260.993, 101
Trd, 4319261.193, 99
Trd, 4319261.443, 105
Trd, 4319262.643, 99
Trd, 4319263.393, 98
Trd, 4319265.543, 75
Trd, 4319266.893, 89
Trd, 4319268.693, 94
Trd, 4319269.543, 95
Trd, 4319269.893, 92
Trd, 4319272.593, 95
Trd, 4319275.193, 95
Trd, 4319275.843, 104
Trd, 4319275.993, 95
Trd, 4319276.893, 97
Trd, 4319279.543, 98
Trd, 4319281.143, 98
Trd, 4319281.643, 99
Trd, 4319282.293, 100
Trd, 4319282.943, 99
Trd, 4319283.093, 100
Trd, 4319283.293, 105
Trd, 4319284.343, 97
Trd, 4319285.293, 111
Trd, 4319288.343, 107
Trd, 4319290.893, 102
Trd, 4319291.943, 101
Trd, 4319292.593, 102
Trd, 4319292.943, 102
Trd, 4319293.843, 101
Trd, 4319295.243, 100
Trd, 4319297.093, 103
Trd, 4319298.343, 104
Trd, 4319298.693, 103
Trd, 4319299.943, 101
Trd, 4319301.793, 86
Trd, 4319302.143, 95
Trd, 4319302.443, 94
Trd, 4319302.543, 84
Trd, 4319302.743, 104
Trd, 4319306.893, 97
Trd, 4319307.393, 95
Trd, 4319308.193, 96
Trd, 4319308.343, 97
Trd, 4319310.293, 96
Trd, 4319311.243, 97
Trd, 4319311.543, 97
Trd, 4319313.143, 97
Trd, 4319314.843, 97
Trd, 4319315.993, 96
Trd, 4319316.043, 97
Trd, 4319318.193, 98
Trd, 4319318.643, 98
Trd, 4319319.693, 96
Trd, 4319320.043, 95
Trd, 4319320.143, 105
Trd, 4319321.193, 84
Trd, 4319324.443, 93
Trd, 4319326.093, 95
Trd, 4319326.143, 96
Trd, 4319326.293, 94
Trd, 4319327.943, 84
Trd, 4319329.993, 92
Trd, 4319331.893, 94
Trd, 4319333.893, 95
Trd, 4319334.293, 95
Trd, 4319334.393, 92
Trd, 4319336.393, 95
Trd, 4319336.743, 94
Trd, 4319338.093, 95
Trd, 4319338.143, 105
Trd, 4319339.243, 94
Trd, 4319342.543, 99
Trd, 4319342.743, 97
Trd, 4319342.993, 97
Trd, 4319344.093, 99
Trd, 4319344.143, 96
Trd, 4319344.343, 105
Trd, 4319348.043, 95
Trd, 4319348.693, 96
Trd, 4319348.893, 94
Trd, 4319350.593, 97
Trd, 4319352.543, 98
Trd, 4319353.643, 98
Trd, 4319354.293, 105
Trd, 4319354.443, 96
Trd, 4319355.893, 103
Trd, 4319356.743, 103
Trd, 4319357.093, 101
Trd, 4319358.793, 102
Trd, 4319359.143, 101
Trd, 4319360.293, 100
Trd, 4319360.543, 104
Trd, 4319363.393, 100
Trd, 4319364.293, 102
Trd, 4319365.693, 104
Trd, 4319365.943, 103
Trd, 4319366.893, 104
Trd, 4319368.243, 95
Trd, 4319371.443, 99
Trd, 4319371.593, 99
Trd, 4319373.893, 102
Trd, 4319374.943, 94
Trd, 4319376.393, 95
Trd, 4319377.293, 101
Trd, 4319378.993, 96
Trd, 4319379.193, 99
Trd, 4319382.443, 98
Trd, 4319382.743, 96
Trd, 4319383.843, 96
Trd, 4319383.893, 95
Trd, 4319383.993, 95
Trd, 4319386.643, 93
Trd, 4319387.743, 85
Trd, 4319388.293, 93
Trd, 4319389.393, 93
Trd, 4319391.743, 93
Trd, 4319392.743, 93
Trd, 4319392.843, 93
Trd, 4319395.043, 102
Trd, 4319395.643, 105
Trd, 4319396.443, 96
Trd, 4319397.043, 95
Trd, 4319398.393, 91
Trd, 4319400.593, 99
Trd, 4319400.843, 105
Trd, 4319400.893, 93
Trd, 4319403.393, 98
Trd, 4319404.543, 96
Trd, 4319405.243, 100
Trd, 4319407.243, 96
Trd, 4319409.443, 97
Trd, 4319410.993, 96
Trd, 4319411.693, 95
Trd, 4319411.893, 97
Trd, 4319412.493, 95
Trd, 4319413.643, 95
Trd, 4319415.343, 95
Trd, 4319415.393, 96
Trd, 4319415.793, 95
Trd, 4319418.943, 96
Trd, 4319419.543, 96
Trd, 4319421.093, 97
Trd, 4319421.893, 96
Trd, 4319423.943, 94
Trd, 4319425.543, 98
Trd, 4319426.943, 94
Trd, 4319427.593, 93
Trd, 4319428.393, 94
Trd, 4319428.843, 93
Trd, 4319430.443, 96
Trd, 4319430.543, 95
Trd, 4319430.793, 99
Trd, 4319434.093, 94
Trd, 4319436.443, 95
Trd, 4319437.393, 93
Trd, 4319437.643, 96
Trd, 4319438.693, 92
Trd, 4319439.993, 88
Trd, 4319440.543, 96
Trd, 4319440.743, 90
Trd, 4319444.643, 95
Trd, 4319445.043, 96
Trd, 4319445.993, 96
Trd, 4319446.843, 95
Trd, 4319447.943, 100
Trd, 4319448.193, 94
Trd, 4319449.343, 92
Trd, 4319451.793, 97
Trd, 4319452.443, 95
Trd, 4319453.793, 97
Trd, 4319453.893, 95
Trd, 4319456.293, 96
Trd, 4319457.293, 99
Trd, 4319457.843, 105
Trd, 4319457.943, 96
Trd, 4319458.643, 99
Trd, 4319459.043, 85
Trd, 4319460.743, 77
Trd, 4319461.243, 86
Trd, 4319466.393, 94
Trd, 4319466.843, 93
Trd, 4319466.893, 92
Trd, 4319467.593, 96
Trd, 4319470.393, 102
Trd, 4319470.543, 100
Trd, 4319470.743, 101
Trd, 4319472.243, 96
Trd, 4319472.793, 97
Trd, 4319475.393, 98
Trd, 4319475.593, 97
Trd, 4319476.393, 98
Trd, 4319476.443, 95
Trd, 4319477.343, 105
Trd, 4319478.693, 98
Trd, 4319479.993, 99
Trd, 4319483.343, 98
Trd, 4319484.193, 95
Trd, 4319485.893, 95
Trd, 4319486.843, 99
Trd, 4319488.043, 102
Trd, 4319488.293, 100
Trd, 4319488.993, 99
Trd, 4319489.393, 95
Trd, 4319489.543, 106
Trd, 4319493.143, 98
Trd, 4319493.343, 98
Trd, 4319493.693, 97
Trd, 4319494.193, 96
Trd, 4319497.593, 97
Trd, 4319498.593, 101
Trd, 4319499.393, 106
Trd, 4319499.443, 101
Trd, 4319499.593, 100
Trd, 4319502.493, 102
Trd, 4319502.843, 102
Trd, 4319503.343, 101
Trd, 4319505.093, 99
Trd, 4319506.143, 101
Trd, 4319506.643, 98
Trd, 4319508.693, 95
Trd, 4319509.043, 100
Trd, 4319511.143, 97
Trd, 4319513.143, 99
Trd, 4319514.193, 99
Trd, 4319514.843, 96
Trd, 4319515.443, 100
Trd, 4319515.993, 95
Trd, 4319517.643, 95
Trd, 4319519.343, 95
Trd, 4319519.793, 95
Trd, 4319519.993, 97
Trd, 4319523.493, 96
Trd, 4319524.793, 96
Trd, 4319525.043, 95
Trd, 4319526.193, 94
Trd, 4319526.643, 85
Trd, 4319526.743, 97
Trd, 4319531.293, 93
Trd, 4319532.343, 95
Trd, 4319533.193, 96
Trd, 4319534.393, 96
Trd, 4319534.743, 97
Trd, 4319535.043, 96
Trd, 4319535.643, 95
Trd, 4319537.793, 95
Trd, 4319538.293, 95
Trd, 4319538.343, 94
Trd, 4319540.993, 96
Trd, 4319543.493, 96
Trd, 4319544.393, 94
Trd, 4319545.193, 85
Trd, 4319545.893, 84
Trd, 4319547.743, 91
Trd, 4319549.643, 94
Trd, 4319550.443, 96
Trd, 4319551.193, 93
Trd, 4319552.443, 97
Trd, 4319552.493, 94
Trd, 4319553.893, 96
Trd, 4319554.343, 96
Trd, 4319555.643, 99
Trd, 4319556.143, 104
Trd, 4319556.593, 99
Trd, 4319557.343, 97
Trd, 4319560.143, 95
Trd, 4319561.543, 96
Trd, 4319561.693, 95
Trd, 4319561.793, 105
Trd, 4319562.793, 98
Trd, 4319564.793, 99
Trd, 4319565.243, 97
Trd, 4319566.293, 96
Trd, 4319568.393, 96
Trd, 4319570.243, 96
Trd, 4319570.993, 98
Trd, 4319571.293, 98
Trd, 4319572.393, 105
Trd, 4319575.043, 98
Trd, 4319576.293, 98
Trd, 4319576.593, 96
Trd, 4319577.143, 99
Trd, 4319577.443, 98
Trd, 4319577.493, 98
Trd, 4319579.593, 99
Trd, 4319580.743, 115
Trd, 4319581.093, 113
Trd, 4319581.343, 97
Trd, 4319584.943, 96
Trd, 4319584.993, 103
Trd, 4319586.143, 85
Trd, 4319590.043, 101
Trd, 4319590.743, 98
Trd, 4319591.043, 97
Trd, 4319591.193, 105
Trd, 4319592.093, 95
Trd, 4319592.793, 84
Trd, 4319596.243, 94
Trd, 4319596.943, 95
Trd, 4319597.393, 95
Trd, 4319597.843, 95
Trd, 4319599.343, 84
Trd, 4319601.793, 96
Trd, 4319602.993, 93
Trd, 4319603.493, 95
Trd, 4319604.143, 95
Trd, 4319605.893, 97
Trd, 4319606.693, 97
Trd, 4319608.093, 97
Trd, 4319610.643, 97
Trd, 4319611.393, 96
Trd, 4319612.843, 96
Trd, 4319613.193, 97
Trd, 4319614.993, 98
Trd, 4319616.243, 95
Trd, 4319617.943, 97
Trd, 4319618.593, 97
Trd, 4319618.993, 113
Trd, 4319620.143, 108
Trd, 4319621.343, 103
Trd, 4319622.093, 95
Trd, 4319623.693, 95
Trd, 4319627.743, 99
Trd, 4319628.043, 99
Trd, 4319628.243, 97
Trd, 4319628.793, 98
Trd, 4319629.793, 100
Trd, 4319630.643, 99
Trd, 4319631.143, 104
Trd, 4319633.793, 100
Trd, 4319635.193, 100
Trd, 4319636.093, 103
Trd, 4319636.243, 100
Trd, 4319636.543, 83
Trd, 4319637.543, 104
Trd, 4319637.993, 75
Trd, 4319638.943, 105
Trd, 4319641.743, 93
Trd, 4319642.143, 91
Trd, 4319644.893, 95
Trd, 4319646.743, 96
Trd, 4319647.943, 97
Trd, 4319648.393, 96
Trd, 4319648.493, 94
Trd, 4319649.793, 95
Trd, 4319649.843, 99
Trd, 4319652.243, 97
Trd, 4319652.393, 100
Trd, 4319653.743, 96
Trd, 4319655.893, 95
Trd, 4319656.943, 98
Trd, 4319657.543, 98
Trd, 4319658.443, 97
Trd, 4319659.043, 95
Trd, 4319659.393, 113
Trd, 4319661.193, 89
Trd, 4319661.443, 113
Trd, 4319662.293, 88
Trd, 4319665.543, 96
Trd, 4319666.843, 95
Trd, 4319667.243, 95
Trd, 4319667.593, 94
Trd, 4319669.343, 91
Trd, 4319670.043, 94
Trd, 4319671.293, 92
Trd, 4319672.793, 96
Trd, 4319673.243, 91
Trd, 4319676.693, 93
Trd, 4319676.893, 94
Trd, 4319677.243, 92
Trd, 4319678.393, 97
Trd, 4319679.693, 96
Trd, 4319680.093, 97
Trd, 4319680.193, 96
Trd, 4319681.543, 113
Trd, 4319683.843, 103
Trd, 4319684.143, 96
Trd, 4319684.343, 99
Trd, 4319685.943, 96
Trd, 4319685.993, 99
Trd, 4319687.043, 97
Trd, 4319688.343, 97
Trd, 4319689.193, 75
Trd, 4319692.193, 93
Trd, 4319692.393, 95
Trd, 4319693.693, 94
Trd, 4319694.893, 98
Trd, 4319695.093, 95
Trd, 4319696.093, 105
Trd, 4319697.643, 95
Trd, 4319698.343, 100
Trd, 4319699.093, 101
Trd, 4319699.993, 101
Trd, 4319702.243, 96
Trd, 4319703.893, 95
Trd, 4319705.043, 96
Trd, 4319705.593, 91
Trd, 4319707.243, 95
Trd, 4319708.193, 95
Trd, 4319708.393, 94
Trd, 4319708.743, 106
Trd, 4319710.493, 89
Trd, 4319714.093, 97
Trd, 4319714.443, 97
Trd, 4319715.393, 96
Trd, 4319716.993, 95
Trd, 4319717.143, 97
Trd, 4319718.893, 96
Trd, 4319719.393, 95
Trd, 4319722.243, 96
Trd, 4319722.543, 96
Trd, 4319723.443, 97
Trd, 4319724.193, 96
Trd, 4319724.743, 95
Trd, 4319725.693, 106
Trd, 4319725.843, 95
Trd, 4319726.893, 94
Trd, 4319729.343, 97
Trd, 4319729.543, 106
Trd, 4319731.793, 99
Trd, 4319731.843, 98
Trd, 4319732.693, 102
Trd, 4319733.693, 99
Trd, 4319734.793, 99
Trd, 4319735.993, 98
Trd, 4319737.393, 99
Trd, 4319737.993, 97
Trd, 4319738.893, 97
Trd, 4319741.443, 98
Trd, 4319742.993, 99
Trd, 4319743.393, 99
Trd, 4319745.543, 98
Trd, 4319746.493, 98
Trd, 4319747.493, 97
Trd, 4319748.593, 95
Trd, 4319749.643, 100
Trd, 4319751.243, 98
Trd, 4319751.393, 98
Trd, 4319752.893, 97
Trd, 4319755.843, 100
Trd, 4319757.393, 101
Trd, 4319757.493, 99
Trd, 4319757.743, 97
Trd, 4319760.243, 97
Trd, 4319761.243, 97
Trd, 4319761.393, 95
Trd, 4319764.743, 97
Trd, 4319765.393, 106
Trd, 4319766.493, 95
Trd, 4319766.543, 95
Trd, 4319767.043, 95
Trd, 4319769.093, 87
Trd, 4319770.143, 96
Trd, 4319770.543, 96
Trd, 4319772.093, 107
Trd, 4319773.743, 109
Trd, 4319774.043, 108
Trd, 4319776.093, 103
Trd, 4319776.693, 105
Trd, 4319777.093, 102
Trd, 4319779.093, 85
Trd, 4319781.043, 100
Trd, 4319781.193, 81
Trd, 4319782.593, 91
Trd, 4319783.493, 94
Trd, 4319785.293, 92
Trd, 4319787.893, 95
Trd, 4319788.443, 95
Trd, 4319788.993, 94
Trd, 4319789.693, 95
Trd, 4319791.143, 95
Trd, 4319793.293, 95
Trd, 4319793.343, 102
Trd, 4319794.193, 94
Trd, 4319794.743, 85
Trd, 4319797.243, 97
Trd, 4319797.393, 96
Trd, 4319798.743, 96
Trd, 4319799.443, 113
Trd, 4319799.543, 74
Trd, 4319802.193, 92
Trd, 4319804.743, 95
Trd, 4319806.143, 94
Trd, 4319806.543, 98
Trd, 4319808.343, 96
Trd, 4319809.093, 95
Trd, 4319809.243, 98
Trd, 4319812.443, 96
Trd, 4319813.943, 99
Trd, 4319814.093, 96
Trd, 4319814.993, 98
Trd, 4319815.493, 97
Trd, 4319816.243, 104
Trd, 4319818.093, 98
Trd, 4319819.543, 100
Trd, 4319820.143, 98
Trd, 4319820.693, 97
Trd, 4319821.893, 95
Trd, 4319823.843, 97
Trd, 4319825.293, 97
Trd, 4319826.693, 96
Trd, 4319827.193, 96
Trd, 4319828.593, 95
Trd, 4319828.843, 96
Trd, 4319829.743, 97
Trd, 4319833.743, 97
Trd, 4319833.793, 99
Trd, 4319834.043, 97
Trd, 4319835.693, 98
Trd, 4319837.443, 98
Trd, 4319838.893, 96
Trd, 4319839.043, 95
Trd, 4319840.843, 94
Trd, 4319843.443, 98
Trd, 4319844.643, 99
Trd, 4319845.393, 100
Trd, 4319845.593, 99
Trd, 4319845.993, 95
Trd, 4319847.243, 95
Trd, 4319849.743, 95
Trd, 4319849.943, 93
Trd, 4319851.443, 94
Trd, 4319852.543, 96
Trd, 4319855.193, 97
Trd, 4319857.193, 99
Trd, 4319857.693, 99
Trd, 4319858.143, 99
Trd, 4319858.193, 98
Trd, 4319860.193, 91
Trd, 4319860.393, 85
Trd, 4319862.643, 95
Trd, 4319862.843, 95
Trd, 4319864.193, 96
Trd, 4319865.793, 97
Trd, 4319866.043, 97
Trd, 4319867.143, 96
Trd, 4319868.143, 98
Trd, 4319869.193, 84
Trd, 4319869.793, 75
Trd, 4319871.943, 96
Trd, 4319875.043, 94
Trd, 4319875.993, 93
Trd, 4319876.943, 95
Trd, 4319876.993, 93
Trd, 4319878.093, 95
Trd, 4319879.193, 95
Trd, 4319879.743, 95
Trd, 4319880.393, 95
Trd, 4319880.743, 95
Trd, 4319884.943, 97
Trd, 4319885.093, 96
Trd, 4319885.743, 95
Trd, 4319886.843, 93
Trd, 4319887.693, 96
Trd, 4319888.793, 97
Trd, 4319889.043, 96
Trd, 4319889.493, 113
Trd, 4319889.943, 85
Trd, 4319893.993, 101
Trd, 4319894.893, 103
Trd, 4319895.093, 104
Trd, 4319895.493, 102
Trd, 4319897.043, 101
Trd, 4319898.343, 82
Trd, 4319901.443, 97
Trd, 4319903.143, 96
Trd, 4319903.693, 96
Trd, 4319906.293, 97
Trd, 4319906.643, 95
Trd, 4319906.743, 94
Trd, 4319907.643, 95
Trd, 4319909.143, 94
Trd, 4319910.243, 93
Trd, 4319910.943, 95
Trd, 4319912.143, 104
Trd, 4319913.493, 93
Trd, 4319914.093, 91
Trd, 4319915.093, 96
Trd, 4319916.593, 96
Trd, 4319918.593, 94
Trd, 4319919.243, 96
Trd, 4319919.943, 96
Trd, 4319922.443, 86
Trd, 4319922.793, 95
Trd, 4319925.943, 91
Trd, 4319926.243, 93
Trd, 4319926.593, 95
Trd, 4319928.543, 96
Trd, 4319929.743, 99
Trd, 4319930.943, 99
Trd, 4319931.293, 97
Trd, 4319932.293, 98
Trd, 4319934.443, 88
Trd, 4319934.643, 87
Trd, 4319936.793, 94
Trd, 4319937.243, 94
Trd, 4319937.493, 93
Trd, 4319938.143, 102
Trd, 4319938.843, 95
Trd, 4319940.093, 96
Trd, 4319941.893, 98
Trd, 4319942.893, 99
Trd, 4319943.293, 96
Trd, 4319944.893, 98
Trd, 4319946.643, 97
Trd, 4319948.443, 99
Trd, 4319948.643, 98
Trd, 4319949.243, 97
Trd, 4319949.693, 104
Trd, 4319951.093, 113
Trd, 4319951.393, 96
Trd, 4319954.143, 95
Trd, 4319954.993, 99
Trd, 4319956.093, 100
Trd, 4319957.793, 100
Trd, 4319957.843, 99
Trd, 4319958.493, 100
Trd, 4319961.043, 104
Trd, 4319961.743, 103
Trd, 4319962.243, 100
Trd, 4319963.693, 113
Trd, 4319964.393, 111
Trd, 4319965.143, 100
Trd, 4319967.093, 98
Trd, 4319967.543, 95
Trd, 4319967.943, 106
Trd, 4319969.493, 98
Trd, 4319969.843, 98
Trd, 4319970.043, 85
Trd, 4319973.393, 99
Trd, 4319974.093, 101
Trd, 4319974.343, 99
Trd, 4319975.193, 101
Trd, 4319976.293, 101
Trd, 4319978.193, 99
Trd, 4319980.143, 101
Trd, 4319980.693, 98
Trd, 4319982.793, 113
Trd, 4319983.343, 107
Trd, 4319983.493, 106
Trd, 4319983.693, 103
Trd, 4319986.543, 103
Trd, 4319987.643, 103
Trd, 4319987.693, 102
Trd, 4319988.143, 85
Trd, 4319989.393, 102
Trd, 4319991.943, 84
Trd, 4319992.793, 102
Trd, 4319993.793, 79
Trd, 4319996.293, 89
Trd, 4319996.593, 98
Trd, 4319998.143, 90
