Trd, 4317997.643, 91
Trd, 4317997.993, 113
Trd, 4317999.443, 90
Trd, 4318001.543, 104
Trd, 4318002.693, 88
Trd, 4318002.743, 84
Trd, 4318005.443, 94
Trd, 4318005.643, 96
Trd, 4318005.693, 88
Trd, 4318006.343, 89
Trd, 4318006.393, 104
Trd, 4318009.243, 101
Trd, 4318009.643, 92
Trd, 4318010.443, 91
Trd, 4318010.593, 98
Trd, 4318012.043, 89
Trd, 4318013.943, 89
Trd, 4318014.743, 95
Trd, 4318015.843, 92
Trd, 4318016.893, 104
Trd, 4318017.243, 95
Trd, 4318018.193, 95
Trd, 4318018.293, 94
Trd, 4318019.393, 94
Trd, 4318019.893, 104
Trd, 4318020.393, 85
Trd, 4318020.993, 99
Trd, 4318022.843, 104
Trd, 4318023.043, 89
Trd, 4318023.593, 77
Trd, 4318024.193, 88
Trd, 4318025.943, 92
Trd, 4318027.743, 98
Trd, 4318028.293, 99
Trd, 4318028.393, 96
Trd, 4318028.643, 123
Trd, 4318030.043, 87
Trd, 4318030.243, 85
Trd, 4318032.993, 98
Trd, 4318034.443, 96
Trd, 4318034.643, 92
Trd, 4318036.593, 96
Trd, 4318037.543, 98
Trd, 4318037.843, 97
Trd, 4318038.893, 104
Trd, 4318039.643, 114
Trd, 4318039.943, 96
Trd, 4318040.243, 94
Trd, 4318041.093, 84
Trd, 4318042.343, 76
Trd, 4318045.043, 104
Trd, 4318045.293, 106
Trd, 4318045.493, 105
Trd, 4318045.643, 103
Trd, 4318046.043, 124
Trd, 4318046.643, 84
Trd, 4318048.093, 83
Trd, 4318049.143, 88
Trd, 4318049.943, 78
Trd, 4318052.093, 82
Trd, 4318052.893, 89
Trd, 4318053.143, 81
Trd, 4318054.243, 95
Trd, 4318054.743, 85
Trd, 4318056.293, 86
Trd, 4318058.693, 88
Trd, 4318059.993, 114
Trd, 4318060.243, 90
Trd, 4318061.993, 86
Trd, 4318062.293, 86
Trd, 4318063.193, 97
Trd, 4318063.293, 105
Trd, 4318064.643, 85
Trd, 4318065.143, 79
Trd, 4318066.643, 81
Trd, 4318068.093, 85
Trd, 4318069.543, 84
Trd, 4318071.443, 89
Trd, 4318072.043, 83
Trd, 4318072.093, 80
Trd, 4318072.893, 88
Trd, 4318073.443, 84
Trd, 4318075.993, 83
Trd, 4318077.743, 90
Trd, 4318077.993, 89
Trd, 4318078.493, 95
Trd, 4318079.143, 88
Trd, 4318079.293, 105
Trd, 4318080.043, 87
Trd, 4318081.243, 87
Trd, 4318081.393, 86
Trd, 4318081.493, 114
Trd, 4318084.693, 92
Trd, 4318085.193, 91
Trd, 4318085.943, 100
Trd, 4318086.943, 90
Trd, 4318087.043, 105
Trd, 4318087.843, 89
Trd, 4318088.993, 85
Trd, 4318090.843, 90
Trd, 4318091.293, 101
Trd, 4318091.693, 89
Trd, 4318091.993, 114
Trd, 4318094.343, 93
Trd, 4318094.393, 92
Trd, 4318095.543, 92
Trd, 4318096.393, 103
Trd, 4318097.143, 105
Trd, 4318099.543, 93
Trd, 4318100.043, 93
Trd, 4318100.493, 104
Trd, 4318100.793, 92
Trd, 4318101.793, 92
Trd, 4318102.793, 114
Trd, 4318103.843, 93
Trd, 4318105.193, 106
Trd, 4318105.293, 98
Trd, 4318105.593, 93
Trd, 4318106.443, 106
Trd, 4318106.843, 95
Trd, 4318108.343, 88
Trd, 4318108.893, 105
Trd, 4318109.893, 114
Trd, 4318109.943, 85
Trd, 4318111.543, 86
Trd, 4318113.243, 89
Trd, 4318113.493, 88
Trd, 4318115.643, 97
Trd, 4318115.893, 92
Trd, 4318116.993, 92
Trd, 4318118.493, 91
Trd, 4318118.643, 91
Trd, 4318120.443, 104
Trd, 4318120.693, 92
Trd, 4318121.193, 114
Trd, 4318121.793, 92
Trd, 4318122.843, 105
Trd, 4318124.343, 103
Trd, 4318126.193, 94
Trd, 4318126.643, 121
Trd, 4318127.793, 107
Trd, 4318128.593, 104
Trd, 4318129.143, 85
Trd, 4318129.193, 114
Trd, 4318129.543, 86
Trd, 4318131.993, 68
Trd, 4318132.743, 89
Trd, 4318133.393, 90
Trd, 4318134.793, 76
Trd, 4318136.193, 86
Trd, 4318136.443, 88
Trd, 4318137.393, 95
Trd, 4318137.843, 105
Trd, 4318138.443, 88
Trd, 4318141.393, 98
Trd, 4318141.993, 114
Trd, 4318142.043, 100
Trd, 4318142.993, 122
Trd, 4318143.343, 100
Trd, 4318144.093, 104
Trd, 4318145.493, 109
Trd, 4318145.993, 93
Trd, 4318146.393, 106
Trd, 4318147.193, 91
Trd, 4318148.493, 97
Trd, 4318148.993, 96
Trd, 4318150.743, 105
Trd, 4318152.043, 99
Trd, 4318152.743, 99
Trd, 4318153.443, 98
Trd, 4318154.593, 92
Trd, 4318155.093, 105
Trd, 4318156.193, 77
Trd, 4318157.493, 92
Trd, 4318157.893, 99
Trd, 4318158.793, 91
Trd, 4318158.893, 88
Trd, 4318161.543, 105
Trd, 4318162.393, 89
Trd, 4318163.343, 90
Trd, 4318163.593, 105
Trd, 4318163.793, 85
Trd, 4318164.693, 86
Trd, 4318165.993, 122
Trd, 4318166.093, 113
Trd, 4318166.343, 109
Trd, 4318166.993, 107
Trd, 4318167.693, 76
Trd, 4318169.493, 80
Trd, 4318169.593, 89
Trd, 4318171.143, 86
Trd, 4318172.143, 88
Trd, 4318172.543, 84
Trd, 4318172.893, 68
Trd, 4318173.143, 95
Trd, 4318173.293, 125
Trd, 4318175.543, 77
Trd, 4318177.143, 108
Trd, 4318178.193, 81
Trd, 4318178.493, 79
Trd, 4318180.243, 98
Trd, 4318182.043, 84
Trd, 4318183.243, 88
Trd, 4318183.393, 82
Trd, 4318183.643, 104
Trd, 4318184.393, 82
Trd, 4318187.043, 98
Trd, 4318187.543, 92
Trd, 4318187.593, 113
Trd, 4318187.843, 131
Trd, 4318188.893, 95
Trd, 4318189.943, 84
Trd, 4318190.593, 76
Trd, 4318191.293, 82
Trd, 4318192.193, 94
Trd, 4318192.743, 100
Trd, 4318193.793, 77
Trd, 4318196.293, 73
Trd, 4318198.343, 85
Trd, 4318198.443, 98
Trd, 4318198.493, 84
Trd, 4318200.193, 86
Trd, 4318200.893, 90
Trd, 4318202.743, 89
Trd, 4318204.443, 89
Trd, 4318204.893, 88
Trd, 4318206.193, 93
Trd, 4318207.093, 95
Trd, 4318207.543, 104
Trd, 4318207.843, 127
Trd, 4318208.643, 95
Trd, 4318210.993, 101
Trd, 4318211.843, 100
Trd, 4318212.593, 94
Trd, 4318212.693, 85
Trd, 4318214.143, 102
Trd, 4318215.043, 80
Trd, 4318215.193, 106
Trd, 4318215.993, 86
Trd, 4318216.743, 88
Trd, 4318218.843, 106
Trd, 4318219.393, 90
Trd, 4318220.393, 91
Trd, 4318220.793, 91
Trd, 4318222.643, 91
Trd, 4318223.893, 90
Trd, 4318224.943, 89
Trd, 4318225.143, 85
Trd, 4318227.243, 86
Trd, 4318227.993, 95
Trd, 4318228.243, 85
Trd, 4318229.293, 69
Trd, 4318230.743, 90
Trd, 4318231.793, 104
Trd, 4318231.843, 83
Trd, 4318234.993, 88
Trd, 4318235.743, 96
Trd, 4318235.793, 87
Trd, 4318235.993, 86
Trd, 4318237.943, 96
Trd, 4318239.143, 86
Trd, 4318239.293, 86
Trd, 4318239.393, 87
Trd, 4318242.343, 85
Trd, 4318242.593, 85
Trd, 4318243.293, 86
Trd, 4318244.093, 85
Trd, 4318244.493, 104
Trd, 4318245.643, 84
Trd, 4318245.843, 96
Trd, 4318247.493, 84
Trd, 4318248.793, 84
Trd, 4318250.043, 89
Trd, 4318250.993, 96
Trd, 4318251.393, 104
Trd, 4318252.793, 87
Trd, 4318253.143, 89
Trd, 4318254.843, 104
Trd, 4318254.993, 90
Trd, 4318256.243, 89
Trd, 4318256.743, 98
Trd, 4318257.493, 89
Trd, 4318257.893, 89
Trd, 4318258.443, 98
Trd, 4318259.543, 92
Trd, 4318260.293, 85
Trd, 4318262.693, 104
Trd, 4318262.793, 90
Trd, 4318263.893, 91
Trd, 4318266.193, 91
Trd, 4318266.543, 86
Trd, 4318267.793, 90
Trd, 4318268.943, 90
Trd, 4318269.293, 95
Trd, 4318270.643, 90
Trd, 4318271.393, 89
Trd, 4318272.593, 95
Trd, 4318273.393, 87
Trd, 4318273.743, 85
Trd, 4318276.543, 93
Trd, 4318277.993, 93
Trd, 4318278.243, 113
Trd, 4318278.493, 93
Trd, 4318280.293, 93
Trd, 4318280.593, 105
Trd, 4318280.993, 101
Trd, 4318282.043, 97
Trd, 4318282.443, 84
Trd, 4318283.743, 87
Trd, 4318284.543, 88
Trd, 4318284.593, 113
Trd, 4318285.943, 99
Trd, 4318286.843, 96
Trd, 4318287.293, 91
Trd, 4318288.793, 94
Trd, 4318289.793, 91
Trd, 4318290.693, 92
Trd, 4318290.993, 96
Trd, 4318291.143, 104
Trd, 4318291.193, 85
Trd, 4318293.343, 104
Trd, 4318294.393, 99
Trd, 4318294.643, 98
Trd, 4318294.693, 94
Trd, 4318295.243, 113
Trd, 4318298.293, 96
Trd, 4318298.943, 96
Trd, 4318299.943, 102
Trd, 4318302.543, 97
Trd, 4318303.643, 97
Trd, 4318303.843, 98
Trd, 4318305.343, 102
Trd, 4318305.693, 94
Trd, 4318306.843, 96
Trd, 4318307.493, 104
Trd, 4318308.743, 113
Trd, 4318309.343, 97
Trd, 4318309.693, 95
Trd, 4318311.193, 94
Trd, 4318311.943, 105
Trd, 4318312.643, 95
Trd, 4318313.593, 94
Trd, 4318315.393, 122
Trd, 4318315.543, 93
Trd, 4318316.693, 85
Trd, 4318317.743, 86
Trd, 4318318.943, 91
Trd, 4318319.393, 104
Trd, 4318320.743, 92
Trd, 4318321.243, 85
Trd, 4318321.543, 102
Trd, 4318323.843, 90
Trd, 4318324.943, 88
Trd, 4318325.243, 114
Trd, 4318326.743, 121
Trd, 4318327.643, 97
Trd, 4318327.993, 90
Trd, 4318328.843, 94
Trd, 4318328.943, 105
Trd, 4318329.493, 95
Trd, 4318331.793, 122
Trd, 4318332.143, 93
Trd, 4318333.093, 108
Trd, 4318333.893, 94
Trd, 4318334.093, 122
Trd, 4318334.393, 125
Trd, 4318335.543, 88
Trd, 4318336.593, 85
Trd, 4318338.443, 99
Trd, 4318340.793, 105
Trd, 4318341.043, 115
Trd, 4318341.593, 100
Trd, 4318342.993, 99
Trd, 4318343.043, 94
Trd, 4318343.443, 92
Trd, 4318343.643, 77
Trd, 4318343.843, 80
Trd, 4318345.893, 69
Trd, 4318345.993, 83
Trd, 4318347.493, 82
Trd, 4318348.393, 104
Trd, 4318348.943, 81
Trd, 4318349.443, 77
Trd, 4318353.243, 86
Trd, 4318353.293, 98
Trd, 4318354.393, 89
Trd, 4318354.743, 87
Trd, 4318354.793, 104
Trd, 4318357.543, 96
Trd, 4318357.793, 104
Trd, 4318358.743, 89
Trd, 4318359.693, 114
Trd, 4318360.143, 93
Trd, 4318360.343, 122
Trd, 4318362.843, 100
Trd, 4318363.443, 94
Trd, 4318363.643, 85
Trd, 4318363.793, 109
Trd, 4318364.843, 113
Trd, 4318365.693, 77
Trd, 4318368.043, 95
Trd, 4318369.893, 95
Trd, 4318371.043, 86
Trd, 4318372.293, 105
Trd, 4318372.943, 89
Trd, 4318374.893, 90
Trd, 4318375.343, 85
Trd, 4318376.693, 105
Trd, 4318378.393, 104
Trd, 4318379.343, 94
Trd, 4318379.443, 94
Trd, 4318379.643, 113
Trd, 4318380.893, 93
Trd, 4318381.443, 93
Trd, 4318382.543, 77
Trd, 4318383.743, 106
Trd, 4318384.243, 96
Trd, 4318384.843, 95
Trd, 4318387.393, 95
Trd, 4318388.393, 102
Trd, 4318389.293, 95
Trd, 4318389.393, 94
Trd, 4318390.593, 94
Trd, 4318391.393, 85
Trd, 4318391.493, 104
Trd, 4318391.693, 113
Trd, 4318392.793, 91
Trd, 4318394.543, 94
Trd, 4318395.393, 106
Trd, 4318395.593, 76
Trd, 4318395.743, 106
Trd, 4318397.143, 96
Trd, 4318398.543, 94
Trd, 4318399.893, 95
Trd, 4318400.243, 131
Trd, 4318403.193, 100
Trd, 4318403.343, 106
Trd, 4318403.393, 99
Trd, 4318404.693, 99
Trd, 4318404.743, 93
Trd, 4318405.393, 86
Trd, 4318407.743, 94
Trd, 4318407.843, 85
Trd, 4318407.943, 105
Trd, 4318410.193, 90
Trd, 4318410.443, 113
Trd, 4318412.093, 96
Trd, 4318412.343, 91
Trd, 4318412.693, 85
Trd, 4318415.793, 106
Trd, 4318416.593, 97
Trd, 4318416.943, 106
Trd, 4318417.993, 96
Trd, 4318418.293, 94
Trd, 4318419.693, 98
Trd, 4318420.293, 96
Trd, 4318420.843, 106
Trd, 4318422.143, 106
Trd, 4318423.093, 97
Trd, 4318424.693, 97
Trd, 4318425.943, 105
Trd, 4318426.893, 100
Trd, 4318427.693, 99
Trd, 4318428.393, 93
Trd, 4318429.743, 84
Trd, 4318429.793, 104
Trd, 4318430.943, 94
Trd, 4318431.593, 93
Trd, 4318432.043, 84
Trd, 4318432.193, 99
Trd, 4318432.743, 104
Trd, 4318434.743, 77
Trd, 4318436.193, 86
Trd, 4318439.543, 96
Trd, 4318439.643, 93
Trd, 4318439.943, 104
Trd, 4318440.543, 93
Trd, 4318440.793, 113
Trd, 4318441.043, 87
Trd, 4318443.693, 92
Trd, 4318443.943, 91
Trd, 4318443.993, 85
Trd, 4318444.593, 101
Trd, 4318446.343, 88
Trd, 4318446.393, 104
Trd, 4318448.343, 102
Trd, 4318448.943, 96
Trd, 4318449.143, 94
Trd, 4318449.843, 86
Trd, 4318450.593, 104
Trd, 4318450.893, 92
Trd, 4318451.143, 113
Trd, 4318452.293, 91
Trd, 4318454.243, 92
Trd, 4318456.693, 97
Trd, 4318458.093, 105
Trd, 4318458.393, 94
Trd, 4318459.193, 93
Trd, 4318461.043, 92
Trd, 4318462.093, 93
Trd, 4318462.343, 92
Trd, 4318462.893, 101
Trd, 4318464.843, 94
Trd, 4318464.943, 101
Trd, 4318465.443, 93
Trd, 4318467.443, 94
Trd, 4318468.693, 94
Trd, 4318469.043, 93
Trd, 4318469.343, 101
Trd, 4318470.493, 92
Trd, 4318471.893, 85
Trd, 4318472.693, 104
Trd, 4318473.593, 113
Trd, 4318473.693, 93
Trd, 4318474.343, 122
Trd, 4318474.893, 107
Trd, 4318478.693, 105
Trd, 4318478.793, 103
Trd, 4318478.843, 100
Trd, 4318479.243, 92
Trd, 4318480.643, 105
Trd, 4318480.743, 84
Trd, 4318481.643, 114
Trd, 4318484.143, 99
Trd, 4318485.193, 100
Trd, 4318485.443, 100
Trd, 4318486.393, 106
Trd, 4318486.943, 99
Trd, 4318487.193, 77
Trd, 4318488.893, 106
Trd, 4318489.643, 92
Trd, 4318490.993, 94
Trd, 4318491.443, 93
Trd, 4318492.043, 106
Trd, 4318492.893, 131
Trd, 4318493.293, 99
Trd, 4318494.693, 118
Trd, 4318497.443, 111
Trd, 4318497.543, 98
Trd, 4318499.843, 96
Trd, 4318500.093, 94
Trd, 4318500.243, 104
Trd, 4318502.293, 94
Trd, 4318502.643, 85
Trd, 4318503.693, 77
Trd, 4318504.593, 106
Trd, 4318505.243, 95
Trd, 4318506.943, 97
Trd, 4318508.043, 98
Trd, 4318508.693, 105
Trd, 4318508.993, 98
Trd, 4318509.843, 85
Trd, 4318511.443, 88
Trd, 4318511.793, 105
Trd, 4318512.693, 91
Trd, 4318514.143, 105
Trd, 4318514.593, 92
Trd, 4318515.143, 85
Trd, 4318517.543, 95
Trd, 4318519.143, 103
Trd, 4318521.243, 104
Trd, 4318521.343, 95
Trd, 4318521.743, 94
Trd, 4318522.343, 114
Trd, 4318522.543, 94
Trd, 4318523.143, 94
Trd, 4318523.293, 93
Trd, 4318523.643, 85
Trd, 4318524.543, 105
Trd, 4318525.843, 118
Trd, 4318526.393, 103
Trd, 4318528.093, 91
Trd, 4318529.543, 100
Trd, 4318530.043, 88
Trd, 4318530.243, 103
Trd, 4318530.993, 113
Trd, 4318532.643, 105
Trd, 4318533.043, 98
Trd, 4318533.143, 97
Trd, 4318533.793, 98
Trd, 4318535.443, 85
Trd, 4318536.193, 113
Trd, 4318537.543, 95
Trd, 4318538.093, 104
Trd, 4318539.093, 105
Trd, 4318539.543, 94
Trd, 4318539.843, 95
Trd, 4318542.043, 98
Trd, 4318542.493, 97
Trd, 4318542.693, 104
Trd, 4318543.293, 93
Trd, 4318544.993, 72
Trd, 4318545.293, 86
Trd, 4318547.193, 89
Trd, 4318548.593, 89
Trd, 4318548.893, 88
Trd, 4318549.243, 95
Trd, 4318549.293, 67
Trd, 4318551.243, 82
Trd, 4318551.793, 104
Trd, 4318553.193, 96
Trd, 4318554.243, 113
Trd, 4318554.943, 95
Trd, 4318555.293, 105
Trd, 4318555.393, 94
Trd, 4318556.443, 94
Trd, 4318557.293, 84
Trd, 4318558.543, 101
Trd, 4318559.643, 104
Trd, 4318560.093, 77
Trd, 4318561.193, 98
Trd, 4318561.243, 97
Trd, 4318562.443, 113
Trd, 4318562.843, 94
Trd, 4318563.843, 96
Trd, 4318564.043, 82
Trd, 4318565.743, 122
Trd, 4318567.993, 99
Trd, 4318569.343, 99
Trd, 4318569.793, 108
Trd, 4318571.343, 105
Trd, 4318571.643, 103
Trd, 4318572.443, 108
Trd, 4318572.893, 102
Trd, 4318575.043, 94
Trd, 4318575.293, 108
Trd, 4318576.193, 86
Trd, 4318576.693, 88
Trd, 4318576.743, 108
Trd, 4318577.993, 93
Trd, 4318578.643, 85
Trd, 4318579.943, 92
Trd, 4318581.143, 104
Trd, 4318581.393, 96
Trd, 4318582.043, 113
Trd, 4318582.193, 97
Trd, 4318584.593, 91
Trd, 4318585.393, 105
Trd, 4318585.693, 94
Trd, 4318586.893, 105
Trd, 4318587.293, 95
Trd, 4318587.943, 94
Trd, 4318589.743, 92
Trd, 4318590.043, 105
Trd, 4318590.543, 89
Trd, 4318590.893, 113
Trd, 4318590.943, 85
Trd, 4318594.293, 95
Trd, 4318594.893, 94
Trd, 4318595.043, 94
Trd, 4318595.143, 101
Trd, 4318596.693, 113
Trd, 4318597.993, 93
Trd, 4318599.243, 79
Trd, 4318602.893, 91
Trd, 4318602.943, 91
Trd, 4318603.093, 104
Trd, 4318603.143, 113
Trd, 4318603.393, 83
Trd, 4318605.293, 89
Trd, 4318605.543, 107
Trd, 4318605.643, 85
Trd, 4318606.343, 84
Trd, 4318607.443, 89
Trd, 4318610.743, 100
Trd, 4318611.693, 88
Trd, 4318612.543, 88
Trd, 4318612.943, 88
Trd, 4318613.443, 104
Trd, 4318613.943, 90
Trd, 4318616.143, 104
Trd, 4318616.543, 91
Trd, 4318616.693, 87
Trd, 4318618.443, 102
Trd, 4318618.793, 93
Trd, 4318621.243, 97
Trd, 4318621.693, 102
Trd, 4318621.943, 96
Trd, 4318622.193, 95
Trd, 4318622.343, 85
Trd, 4318623.293, 86
Trd, 4318623.493, 104
Trd, 4318624.493, 89
Trd, 4318626.243, 101
Trd, 4318627.343, 81
Trd, 4318627.643, 85
Trd, 4318629.193, 104
Trd, 4318631.743, 98
Trd, 4318633.043, 89
Trd, 4318633.093, 88
Trd, 4318634.343, 104
Trd, 4318635.093, 90
Trd, 4318635.843, 85
Trd, 4318637.343, 88
Trd, 4318637.743, 80
Trd, 4318639.443, 86
Trd, 4318640.093, 83
Trd, 4318640.293, 95
Trd, 4318641.593, 81
Trd, 4318641.643, 77
Trd, 4318643.693, 95
Trd, 4318645.193, 86
Trd, 4318646.693, 88
Trd, 4318646.743, 84
Trd, 4318648.043, 86
Trd, 4318649.043, 67
Trd, 4318649.543, 104
Trd, 4318650.793, 86
Trd, 4318651.143, 87
Trd, 4318652.293, 85
Trd, 4318652.943, 84
Trd, 4318655.143, 84
Trd, 4318656.693, 87
Trd, 4318656.743, 95
Trd, 4318657.343, 87
Trd, 4318658.443, 86
Trd, 4318659.393, 104
Trd, 4318659.743, 86
Trd, 4318660.993, 85
Trd, 4318661.143, 85
Trd, 4318662.143, 104
Trd, 4318663.943, 113
Trd, 4318665.393, 85
Trd, 4318668.293, 86
Trd, 4318668.743, 87
Trd, 4318669.793, 86
Trd, 4318669.943, 86
Trd, 4318671.493, 86
Trd, 4318672.593, 96
Trd, 4318672.843, 85
Trd, 4318673.693, 83
Trd, 4318676.193, 83
Trd, 4318677.243, 86
Trd, 4318678.393, 84
Trd, 4318679.743, 101
Trd, 4318680.193, 90
Trd, 4318680.243, 96
Trd, 4318680.993, 89
Trd, 4318681.543, 85
Trd, 4318682.293, 104
Trd, 4318682.743, 90
Trd, 4318683.543, 98
Trd, 4318685.143, 79
Trd, 4318685.643, 122
Trd, 4318685.693, 88
Trd, 4318686.493, 84
Trd, 4318686.893, 90
Trd, 4318690.643, 86
Trd, 4318691.043, 85
Trd, 4318692.543, 95
Trd, 4318693.393, 92
Trd, 4318693.843, 92
Trd, 4318695.393, 104
Trd, 4318696.793, 96
Trd, 4318697.443, 104
Trd, 4318697.593, 114
Trd, 4318697.743, 95
Trd, 4318699.293, 93
Trd, 4318701.793, 98
Trd, 4318703.293, 98
Trd, 4318703.943, 100
Trd, 4318704.343, 113
Trd, 4318705.393, 97
Trd, 4318705.643, 85
Trd, 4318706.493, 93
Trd, 4318707.343, 122
Trd, 4318707.793, 94
Trd, 4318708.193, 94
Trd, 4318709.593, 108
Trd, 4318711.643, 95
Trd, 4318712.543, 94
Trd, 4318713.593, 93
Trd, 4318714.343, 90
Trd, 4318714.543, 84
Trd, 4318716.493, 99
Trd, 4318717.243, 106
Trd, 4318718.143, 101
Trd, 4318718.643, 94
Trd, 4318719.093, 93
Trd, 4318720.593, 97
Trd, 4318722.043, 98
Trd, 4318723.193, 102
Trd, 4318724.993, 102
Trd, 4318725.293, 92
Trd, 4318725.943, 104
Trd, 4318726.343, 96
Trd, 4318726.793, 93
Trd, 4318729.193, 95
Trd, 4318729.543, 113
Trd, 4318730.393, 105
Trd, 4318730.993, 97
Trd, 4318732.193, 105
Trd, 4318733.993, 105
Trd, 4318734.043, 92
Trd, 4318735.493, 89
Trd, 4318735.843, 93
Trd, 4318736.093, 86
Trd, 4318736.593, 90
Trd, 4318736.943, 105
Trd, 4318737.093, 90
Trd, 4318739.093, 91
Trd, 4318739.643, 113
Trd, 4318740.193, 85
Trd, 4318742.193, 102
Trd, 4318743.443, 98
Trd, 4318744.143, 94
Trd, 4318744.243, 94
Trd, 4318746.293, 94
Trd, 4318747.593, 94
Trd, 4318748.693, 100
Trd, 4318748.993, 104
Trd, 4318749.093, 93
Trd, 4318749.893, 86
Trd, 4318751.393, 88
Trd, 4318751.993, 77
Trd, 4318753.343, 113
Trd, 4318754.043, 84
Trd, 4318754.843, 84
Trd, 4318756.493, 100
Trd, 4318757.793, 90
Trd, 4318758.243, 91
Trd, 4318758.793, 92
Trd, 4318760.943, 95
Trd, 4318761.293, 113
Trd, 4318762.443, 99
Trd, 4318763.143, 96
Trd, 4318764.443, 98
Trd, 4318765.493, 100
Trd, 4318766.743, 104
Trd, 4318767.443, 98
Trd, 4318768.493, 104
Trd, 4318769.143, 85
Trd, 4318771.443, 102
Trd, 4318771.893, 101
Trd, 4318772.093, 102
Trd, 4318772.143, 101
Trd, 4318773.693, 86
Trd, 4318774.193, 89
Trd, 4318776.193, 93
Trd, 4318777.293, 104
Trd, 4318777.593, 92
Trd, 4318777.943, 90
Trd, 4318778.393, 76
Trd, 4318780.943, 86
Trd, 4318780.993, 85
Trd, 4318781.643, 85
Trd, 4318782.043, 98
Trd, 4318783.493, 84
Trd, 4318784.093, 96
Trd, 4318785.443, 86
Trd, 4318787.093, 94
Trd, 4318788.143, 83
Trd, 4318788.443, 87
Trd, 4318788.843, 89
Trd, 4318789.193, 96
Trd, 4318789.943, 104
Trd, 4318790.493, 89
Trd, 4318791.793, 122
Trd, 4318793.993, 79
Trd, 4318794.393, 86
Trd, 4318794.693, 70
Trd, 4318795.043, 106
Trd, 4318795.793, 76
Trd, 4318798.843, 91
Trd, 4318799.143, 97
Trd, 4318799.443, 90
Trd, 4318800.043, 104
Trd, 4318800.593, 90
Trd, 4318801.993, 93
Trd, 4318802.443, 92
Trd, 4318804.493, 86
Trd, 4318804.893, 98
Trd, 4318805.693, 114
Trd, 4318805.993, 89
Trd, 4318807.743, 88
Trd, 4318809.743, 87
Trd, 4318810.993, 98
Trd, 4318812.043, 91
Trd, 4318812.143, 87
Trd, 4318812.843, 85
Trd, 4318813.793, 77
Trd, 4318814.693, 85
Trd, 4318814.793, 104
Trd, 4318814.843, 114
Trd, 4318816.043, 86
Trd, 4318818.093, 85
Trd, 4318818.293, 87
Trd, 4318820.843, 88
Trd, 4318822.493, 97
Trd, 4318822.793, 86
Trd, 4318824.093, 85
Trd, 4318824.143, 104
Trd, 4318826.793, 87
Trd, 4318826.893, 87
Trd, 4318827.543, 95
Trd, 4318827.743, 86
Trd, 4318830.243, 87
Trd, 4318830.543, 86
Trd, 4318832.043, 95
Trd, 4318832.593, 87
Trd, 4318832.793, 85
Trd, 4318832.893, 104
Trd, 4318833.393, 80
Trd, 4318834.743, 104
Trd, 4318836.843, 90
Trd, 4318837.393, 90
Trd, 4318839.493, 91
Trd, 4318841.643, 98
Trd, 4318842.093, 104
Trd, 4318842.343, 95
Trd, 4318843.143, 94
Trd, 4318843.993, 94
Trd, 4318846.493, 94
Trd, 4318847.643, 96
Trd, 4318848.243, 97
Trd, 4318848.293, 95
Trd, 4318848.643, 94
Trd, 4318849.443, 86
Trd, 4318849.693, 104
Trd, 4318851.443, 95
Trd, 4318851.593, 92
Trd, 4318851.993, 85
Trd, 4318853.693, 99
Trd, 4318854.343, 92
Trd, 4318855.043, 104
Trd, 4318855.293, 88
Trd, 4318856.443, 86
Trd, 4318858.293, 85
Trd, 4318858.543, 87
Trd, 4318859.793, 99
Trd, 4318861.393, 91
Trd, 4318862.493, 95
Trd, 4318863.793, 86
Trd, 4318864.393, 87
Trd, 4318864.893, 87
Trd, 4318865.693, 87
Trd, 4318866.443, 95
Trd, 4318867.393, 104
Trd, 4318868.343, 88
Trd, 4318869.693, 87
Trd, 4318869.943, 85
Trd, 4318870.893, 84
Trd, 4318873.293, 89
Trd, 4318873.943, 95
Trd, 4318875.593, 87
Trd, 4318878.143, 92
Trd, 4318878.243, 91
Trd, 4318878.543, 95
Trd, 4318878.593, 85
Trd, 4318879.343, 114
Trd, 4318879.643, 78
Trd, 4318880.093, 98
Trd, 4318883.343, 86
Trd, 4318883.643, 85
Trd, 4318884.943, 85
Trd, 4318885.493, 88
Trd, 4318886.693, 87
Trd, 4318887.193, 94
Trd, 4318888.993, 102
Trd, 4318889.593, 114
Trd, 4318890.143, 104
Trd, 4318890.543, 122
Trd, 4318891.243, 103
Trd, 4318893.293, 103
Trd, 4318893.593, 102
Trd, 4318894.643, 120
Trd, 4318895.393, 119
Trd, 4318895.943, 102
Trd, 4318896.843, 111
Trd, 4318897.843, 96
Trd, 4318898.393, 93
Trd, 4318899.993, 101
Trd, 4318900.443, 111
Trd, 4318901.093, 84
Trd, 4318902.443, 83
Trd, 4318903.743, 85
Trd, 4318904.643, 87
Trd, 4318906.393, 95
Trd, 4318906.693, 105
Trd, 4318907.143, 113
Trd, 4318908.143, 89
Trd, 4318908.293, 83
Trd, 4318909.943, 86
Trd, 4318911.793, 86
Trd, 4318912.043, 66
Trd, 4318912.843, 81
Trd, 4318914.543, 95
Trd, 4318916.343, 89
Trd, 4318916.443, 121
Trd, 4318917.443, 97
Trd, 4318917.893, 114
Trd, 4318918.393, 99
Trd, 4318920.743, 92
Trd, 4318921.393, 90
Trd, 4318921.693, 105
Trd, 4318922.143, 84
Trd, 4318923.443, 79
Trd, 4318923.543, 77
Trd, 4318924.043, 102
Trd, 4318924.693, 80
Trd, 4318927.043, 91
Trd, 4318927.343, 114
Trd, 4318928.193, 102
Trd, 4318929.243, 93
Trd, 4318929.293, 93
Trd, 4318931.543, 81
Trd, 4318931.643, 77
Trd, 4318931.893, 86
Trd, 4318933.393, 85
Trd, 4318933.943, 104
Trd, 4318934.643, 97
Trd, 4318935.293, 83
Trd, 4318936.443, 104
Trd, 4318937.843, 98
Trd, 4318939.043, 97
Trd, 4318940.193, 97
Trd, 4318940.743, 100
Trd, 4318941.193, 93
Trd, 4318941.293, 114
Trd, 4318941.593, 94
Trd, 4318943.543, 105
Trd, 4318945.043, 93
Trd, 4318946.193, 104
Trd, 4318946.593, 94
Trd, 4318947.693, 104
Trd, 4318948.393, 93
Trd, 4318949.043, 92
Trd, 4318949.293, 76
Trd, 4318949.543, 75
Trd, 4318951.143, 86
Trd, 4318951.493, 85
Trd, 4318953.093, 104
Trd, 4318954.243, 83
Trd, 4318955.493, 83
Trd, 4318955.943, 82
Trd, 4318956.143, 104
Trd, 4318959.493, 86
Trd, 4318960.143, 86
Trd, 4318961.043, 87
Trd, 4318961.993, 85
Trd, 4318963.143, 95
Trd, 4318964.443, 85
Trd, 4318964.593, 95
Trd, 4318965.743, 85
Trd, 4318966.843, 104
Trd, 4318967.693, 88
Trd, 4318968.043, 87
Trd, 4318968.593, 85
Trd, 4318969.543, 86
Trd, 4318970.343, 95
Trd, 4318971.843, 97
Trd, 4318973.243, 98
Trd, 4318974.093, 97
Trd, 4318974.843, 92
Trd, 4318976.793, 92
Trd, 4318976.893, 84
Trd, 4318977.243, 95
Trd, 4318978.493, 90
Trd, 4318979.193, 104
Trd, 4318980.693, 83
Trd, 4318980.943, 85
Trd, 4318981.193, 91
Trd, 4318982.993, 97
Trd, 4318984.343, 85
Trd, 4318985.343, 91
Trd, 4318986.043, 90
Trd, 4318986.443, 85
Trd, 4318988.743, 97
Trd, 4318988.893, 88
Trd, 4318990.243, 88
Trd, 4318990.943, 87
Trd, 4318991.943, 91
Trd, 4318992.943, 90
Trd, 4318993.443, 88
Trd, 4318995.193, 89
Trd, 4318997.693, 95
Trd, 4318997.743, 88
Trd, 4318998.993, 87
Trd, 4318999.543, 86
Trd, 4318999.643, 104
Trd, 4319000.493, 78
Trd, 4319001.043, 104
Trd, 4319001.993, 114
Trd, 4319002.393, 78
Trd, 4319004.143, 75
Trd, 4319004.493, 78
Trd, 4319006.343, 88
Trd, 4319007.993, 87
Trd, 4319009.293, 95
Trd, 4319009.943, 105
Trd, 4319010.293, 88
Trd, 4319011.393, 93
Trd, 4319011.493, 85
Trd, 4319011.843, 89
Trd, 4319012.593, 86
Trd, 4319015.043, 97
Trd, 4319016.193, 98
Trd, 4319017.443, 98
Trd, 4319017.643, 92
Trd, 4319017.893, 84
Trd, 4319018.343, 105
Trd, 4319020.193, 94
Trd, 4319020.343, 105
Trd, 4319020.893, 92
Trd, 4319021.843, 94
Trd, 4319022.393, 123
Trd, 4319023.543, 92
Trd, 4319024.343, 115
Trd, 4319024.593, 92
Trd, 4319025.143, 84
Trd, 4319025.293, 77
Trd, 4319027.243, 105
Trd, 4319028.793, 102
Trd, 4319029.393, 99
Trd, 4319031.143, 105
Trd, 4319031.943, 100
Trd, 4319032.493, 99
Trd, 4319032.543, 99
Trd, 4319034.543, 105
Trd, 4319034.593, 95
Trd, 4319035.093, 93
Trd, 4319036.243, 114
Trd, 4319037.893, 107
Trd, 4319038.593, 95
Trd, 4319038.893, 85
Trd, 4319038.993, 77
Trd, 4319041.643, 94
Trd, 4319042.343, 106
Trd, 4319043.443, 94
Trd, 4319043.843, 94
Trd, 4319044.293, 103
Trd, 4319045.293, 104
Trd, 4319045.693, 93
Trd, 4319046.793, 92
Trd, 4319046.943, 113
Trd, 4319048.743, 113
Trd, 4319048.793, 98
Trd, 4319050.293, 100
Trd, 4319050.393, 96
Trd, 4319051.093, 92
Trd, 4319052.643, 94
Trd, 4319054.093, 95
Trd, 4319055.293, 100
Trd, 4319055.593, 95
Trd, 4319055.743, 94
Trd, 4319057.943, 93
Trd, 4319057.993, 104
Trd, 4319060.743, 101
Trd, 4319061.643, 95
Trd, 4319061.793, 93
Trd, 4319062.793, 97
Trd, 4319063.293, 95
Trd, 4319063.793, 113
Trd, 4319063.993, 92
Trd, 4319065.643, 105
Trd, 4319067.743, 89
Trd, 4319068.743, 89
Trd, 4319068.943, 77
Trd, 4319069.943, 68
Trd, 4319070.293, 97
Trd, 4319072.443, 83
Trd, 4319073.493, 86
Trd, 4319073.893, 82
Trd, 4319074.293, 104
Trd, 4319075.393, 80
Trd, 4319075.793, 82
Trd, 4319077.193, 90
Trd, 4319077.693, 104
Trd, 4319078.093, 113
Trd, 4319081.543, 89
Trd, 4319081.693, 89
Trd, 4319082.693, 89
Trd, 4319083.443, 92
Trd, 4319083.543, 99
Trd, 4319084.043, 86
Trd, 4319085.493, 86
Trd, 4319086.443, 97
Trd, 4319086.943, 88
Trd, 4319089.843, 89
Trd, 4319091.293, 96
Trd, 4319092.793, 92
Trd, 4319093.193, 91
Trd, 4319093.343, 89
Trd, 4319095.493, 89
Trd, 4319096.493, 95
Trd, 4319096.643, 88
Trd, 4319097.643, 104
Trd, 4319097.993, 88
Trd, 4319099.093, 90
Trd, 4319099.743, 90
Trd, 4319100.543, 92
Trd, 4319100.643, 104
Trd, 4319100.693, 92
Trd, 4319103.243, 121
Trd, 4319103.343, 97
Trd, 4319104.143, 122
Trd, 4319105.093, 101
Trd, 4319107.643, 101
Trd, 4319107.793, 108
Trd, 4319108.643, 99
Trd, 4319109.443, 91
Trd, 4319109.943, 97
Trd, 4319111.093, 96
Trd, 4319111.193, 107
Trd, 4319111.293, 85
Trd, 4319111.893, 114
Trd, 4319113.593, 109
Trd, 4319115.143, 85
Trd, 4319117.793, 90
Trd, 4319117.993, 109
Trd, 4319118.193, 88
Trd, 4319119.693, 106
Trd, 4319120.193, 91
Trd, 4319121.443, 91
Trd, 4319122.443, 85
Trd, 4319123.643, 106
Trd, 4319123.743, 91
Trd, 4319126.143, 106
Trd, 4319126.993, 94
Trd, 4319127.493, 94
Trd, 4319127.843, 93
Trd, 4319129.543, 92
Trd, 4319131.093, 106
Trd, 4319131.493, 85
Trd, 4319131.843, 76
Trd, 4319132.043, 95
Trd, 4319133.543, 106
Trd, 4319134.743, 135
Trd, 4319136.293, 110
Trd, 4319137.343, 110
Trd, 4319137.393, 101
Trd, 4319138.743, 110
Trd, 4319138.993, 114
Trd, 4319139.793, 110
Trd, 4319139.993, 131
Trd, 4319141.193, 101
Trd, 4319143.093, 107
Trd, 4319143.543, 107
Trd, 4319145.893, 106
Trd, 4319146.293, 105
Trd, 4319146.493, 92
Trd, 4319146.543, 113
Trd, 4319147.743, 113
Trd, 4319147.993, 82
Trd, 4319149.893, 106
Trd, 4319151.193, 106
Trd, 4319151.543, 95
Trd, 4319152.543, 95
Trd, 4319154.043, 99
Trd, 4319154.093, 93
Trd, 4319157.243, 105
Trd, 4319157.593, 121
Trd, 4319158.243, 101
Trd, 4319158.793, 86
Trd, 4319159.243, 85
Trd, 4319161.393, 126
Trd, 4319161.543, 101
Trd, 4319162.543, 96
Trd, 4319164.793, 99
Trd, 4319165.443, 96
Trd, 4319165.643, 105
Trd, 4319166.543, 113
Trd, 4319167.243, 93
Trd, 4319167.943, 77
Trd, 4319170.393, 90
Trd, 4319172.793, 104
Trd, 4319173.193, 90
Trd, 4319173.343, 90
Trd, 4319174.493, 103
Trd, 4319176.043, 94
Trd, 4319176.193, 89
Trd, 4319177.643, 92
Trd, 4319178.443, 91
Trd, 4319181.093, 90
Trd, 4319181.943, 103
Trd, 4319182.143, 89
Trd, 4319183.043, 104
Trd, 4319183.593, 87
Trd, 4319183.643, 85
Trd, 4319185.343, 103
Trd, 4319185.543, 85
Trd, 4319187.093, 89
Trd, 4319187.743, 92
Trd, 4319187.793, 104
Trd, 4319187.943, 113
Trd, 4319188.093, 90
Trd, 4319190.843, 113
Trd, 4319191.693, 99
Trd, 4319191.843, 98
Trd, 4319193.193, 103
Trd, 4319193.693, 77
Trd, 4319194.193, 84
Trd, 4319195.793, 104
Trd, 4319196.393, 89
Trd, 4319196.543, 85
Trd, 4319197.293, 87
Trd, 4319198.143, 83
Trd, 4319198.393, 113
Trd, 4319200.943, 113
Trd, 4319201.443, 85
Trd, 4319201.643, 85
Trd, 4319202.893, 78
Trd, 4319203.843, 104
Trd, 4319206.193, 83
Trd, 4319207.743, 86
Trd, 4319207.893, 95
Trd, 4319208.743, 85
Trd, 4319210.593, 89
Trd, 4319211.543, 86
Trd, 4319213.293, 85
Trd, 4319214.043, 95
Trd, 4319214.093, 85
Trd, 4319214.443, 104
Trd, 4319215.293, 92
Trd, 4319215.443, 97
Trd, 4319218.143, 122
Trd, 4319218.343, 91
Trd, 4319218.693, 105
Trd, 4319219.543, 85
Trd, 4319222.243, 89
Trd, 4319222.843, 89
Trd, 4319223.193, 99
Trd, 4319225.243, 91
Trd, 4319225.343, 90
Trd, 4319225.443, 85
Trd, 4319226.593, 81
Trd, 4319227.493, 77
Trd, 4319228.643, 96
Trd, 4319229.693, 88
Trd, 4319230.893, 114
Trd, 4319231.643, 95
Trd, 4319232.593, 105
Trd, 4319233.143, 101
Trd, 4319234.443, 101
Trd, 4319234.893, 105
Trd, 4319235.093, 94
Trd, 4319236.893, 102
Trd, 4319237.943, 95
Trd, 4319238.843, 97
Trd, 4319239.293, 94
Trd, 4319239.493, 105
Trd, 4319240.593, 94
Trd, 4319242.543, 78
Trd, 4319243.093, 89
Trd, 4319243.893, 95
Trd, 4319243.993, 85
Trd, 4319245.393, 87
Trd, 4319246.693, 87
Trd, 4319248.743, 91
Trd, 4319249.143, 113
Trd, 4319249.493, 91
Trd, 4319250.993, 106
Trd, 4319251.443, 97
Trd, 4319253.293, 95
Trd, 4319253.493, 101
Trd, 4319253.743, 92
Trd, 4319255.043, 92
Trd, 4319255.793, 84
Trd, 4319256.093, 105
Trd, 4319257.843, 113
Trd, 4319258.093, 96
Trd, 4319258.943, 97
Trd, 4319259.993, 101
Trd, 4319261.043, 104
Trd, 4319261.593, 113
Trd, 4319261.843, 101
Trd, 4319263.293, 106
Trd, 4319263.643, 100
Trd, 4319265.643, 95
Trd, 4319266.493, 97
Trd, 4319268.993, 94
Trd, 4319271.143, 104
Trd, 4319271.193, 89
Trd, 4319272.243, 85
Trd, 4319272.593, 127
Trd, 4319274.243, 91
Trd, 4319274.643, 78
Trd, 4319275.493, 97
Trd, 4319277.143, 85
Trd, 4319278.593, 78
Trd, 4319278.943, 76
Trd, 4319282.893, 86
Trd, 4319283.543, 89
Trd, 4319284.393, 85
Trd, 4319286.743, 90
Trd, 4319286.843, 77
Trd, 4319287.543, 95
Trd, 4319288.443, 105
Trd, 4319289.893, 87
Trd, 4319291.293, 88
Trd, 4319292.543, 87
Trd, 4319292.793, 88
Trd, 4319293.343, 88
Trd, 4319294.043, 95
Trd, 4319296.143, 87
Trd, 4319297.693, 87
Trd, 4319298.193, 95
Trd, 4319298.743, 87
Trd, 4319299.193, 88
Trd, 4319299.493, 104
Trd, 4319300.643, 85
Trd, 4319300.893, 88
Trd, 4319303.443, 92
Trd, 4319303.693, 91
Trd, 4319305.143, 97
Trd, 4319307.643, 91
Trd, 4319307.793, 91
Trd, 4319308.193, 90
Trd, 4319309.343, 96
Trd, 4319310.343, 85
Trd, 4319311.393, 85
Trd, 4319311.793, 115
Trd, 4319313.943, 89
Trd, 4319314.293, 88
Trd, 4319314.543, 96
Trd, 4319315.893, 89
Trd, 4319316.343, 85
Trd, 4319317.543, 88
Trd, 4319317.593, 90
Trd, 4319321.343, 88
Trd, 4319321.643, 88
Trd, 4319322.393, 87
Trd, 4319322.793, 96
Trd, 4319323.893, 104
Trd, 4319326.393, 94
Trd, 4319326.543, 115
Trd, 4319326.643, 91
Trd, 4319327.593, 93
Trd, 4319329.193, 92
Trd, 4319331.193, 86
Trd, 4319331.643, 85
Trd, 4319332.143, 88
Trd, 4319333.993, 88
Trd, 4319334.643, 80
Trd, 4319335.093, 95
Trd, 4319336.293, 85
Trd, 4319336.693, 88
Trd, 4319336.993, 105
Trd, 4319338.243, 84
Trd, 4319341.293, 91
Trd, 4319341.943, 87
Trd, 4319342.043, 87
Trd, 4319342.593, 97
Trd, 4319343.243, 86
Trd, 4319344.293, 105
Trd, 4319345.943, 88
Trd, 4319345.993, 86
Trd, 4319348.043, 88
Trd, 4319348.743, 89
Trd, 4319349.243, 95
Trd, 4319349.743, 88
Trd, 4319349.943, 86
Trd, 4319351.643, 119
Trd, 4319353.543, 100
Trd, 4319354.043, 100
Trd, 4319355.643, 104
Trd, 4319356.093, 95
Trd, 4319356.593, 94
Trd, 4319357.493, 97
Trd, 4319359.093, 96
Trd, 4319360.793, 95
Trd, 4319361.093, 113
Trd, 4319361.743, 94
Trd, 4319362.643, 105
Trd, 4319363.543, 93
Trd, 4319364.093, 87
Trd, 4319364.643, 85
Trd, 4319365.543, 77
Trd, 4319365.593, 113
Trd, 4319366.993, 84
Trd, 4319367.043, 127
Trd, 4319368.943, 84
Trd, 4319370.143, 84
Trd, 4319370.543, 87
Trd, 4319372.943, 88
Trd, 4319373.793, 85
Trd, 4319375.993, 96
Trd, 4319376.893, 104
Trd, 4319377.043, 90
Trd, 4319377.193, 89
Trd, 4319378.943, 91
Trd, 4319379.743, 95
Trd, 4319379.893, 89
Trd, 4319380.893, 96
Trd, 4319381.643, 104
Trd, 4319382.793, 85
Trd, 4319384.043, 90
Trd, 4319385.043, 77
Trd, 4319386.943, 97
Trd, 4319387.543, 94
Trd, 4319389.143, 93
Trd, 4319390.043, 93
Trd, 4319390.443, 104
Trd, 4319392.543, 93
Trd, 4319392.643, 85
Trd, 4319393.493, 87
Trd, 4319394.293, 99
Trd, 4319394.993, 90
Trd, 4319395.193, 104
Trd, 4319395.643, 77
Trd, 4319395.943, 113
Trd, 4319397.393, 95
Trd, 4319399.443, 93
Trd, 4319399.843, 90
Trd, 4319401.143, 92
Trd, 4319402.193, 128
Trd, 4319403.843, 105
Trd, 4319404.543, 90
Trd, 4319405.793, 93
Trd, 4319406.493, 105
Trd, 4319406.943, 91
Trd, 4319408.393, 91
Trd, 4319408.893, 91
Trd, 4319409.193, 105
Trd, 4319409.843, 89
Trd, 4319410.793, 105
Trd, 4319411.843, 89
Trd, 4319412.393, 122
Trd, 4319413.193, 86
Trd, 4319414.143, 85
Trd, 4319417.793, 107
Trd, 4319418.393, 99
Trd, 4319418.593, 99
Trd, 4319419.193, 97
Trd, 4319419.243, 109
Trd, 4319419.493, 93
Trd, 4319420.443, 85
Trd, 4319421.043, 114
Trd, 4319421.843, 94
Trd, 4319423.243, 108
Trd, 4319423.543, 99
Trd, 4319425.193, 108
Trd, 4319425.593, 98
Trd, 4319426.893, 97
Trd, 4319426.943, 114
Trd, 4319428.193, 91
Trd, 4319430.793, 94
Trd, 4319433.043, 95
Trd, 4319433.293, 95
Trd, 4319434.193, 93
Trd, 4319434.943, 104
Trd, 4319435.893, 95
Trd, 4319436.243, 104
Trd, 4319436.343, 104
Trd, 4319438.843, 94
Trd, 4319439.343, 104
Trd, 4319439.743, 94
Trd, 4319440.193, 94
Trd, 4319440.943, 84
Trd, 4319441.743, 113
Trd, 4319442.693, 90
Trd, 4319444.743, 91
Trd, 4319445.193, 106
Trd, 4319445.543, 113
Trd, 4319447.493, 91
Trd, 4319447.743, 84
Trd, 4319449.193, 104
Trd, 4319449.893, 94
Trd, 4319452.093, 93
Trd, 4319452.143, 105
Trd, 4319453.093, 92
Trd, 4319454.043, 104
Trd, 4319454.593, 93
Trd, 4319455.643, 104
Trd, 4319457.593, 98
Trd, 4319457.843, 94
Trd, 4319458.793, 93
Trd, 4319460.143, 103
Trd, 4319461.443, 95
Trd, 4319462.043, 104
Trd, 4319462.593, 86
Trd, 4319463.493, 85
Trd, 4319464.093, 113
Trd, 4319465.443, 92
Trd, 4319466.143, 89
Trd, 4319466.243, 77
Trd, 4319467.043, 91
Trd, 4319469.393, 87
Trd, 4319470.743, 88
Trd, 4319471.193, 88
Trd, 4319471.893, 95
Trd, 4319474.743, 97
Trd, 4319474.893, 106
Trd, 4319475.443, 87
Trd, 4319476.193, 94
Trd, 4319477.693, 94
Trd, 4319479.293, 105
Trd, 4319480.393, 94
Trd, 4319480.493, 93
Trd, 4319480.893, 99
Trd, 4319481.543, 92
Trd, 4319483.443, 97
Trd, 4319484.293, 99
Trd, 4319485.493, 98
Trd, 4319485.843, 91
Trd, 4319485.943, 85
Trd, 4319485.993, 113
Trd, 4319487.343, 105
Trd, 4319488.443, 92
Trd, 4319490.093, 93
Trd, 4319490.893, 92
Trd, 4319492.493, 102
Trd, 4319492.593, 96
Trd, 4319492.643, 113
Trd, 4319493.243, 96
Trd, 4319495.393, 95
Trd, 4319495.843, 77
Trd, 4319497.593, 88
Trd, 4319499.743, 90
Trd, 4319499.893, 89
Trd, 4319499.943, 97
Trd, 4319500.243, 89
Trd, 4319501.793, 105
Trd, 4319502.293, 88
Trd, 4319503.593, 113
Trd, 4319503.843, 88
Trd, 4319504.393, 102
Trd, 4319505.543, 87
Trd, 4319506.443, 86
Trd, 4319507.093, 85
Trd, 4319507.493, 91
Trd, 4319508.043, 79
Trd, 4319508.943, 106
Trd, 4319512.943, 92
Trd, 4319513.643, 91
Trd, 4319515.343, 94
Trd, 4319515.493, 93
Trd, 4319515.693, 100
Trd, 4319515.743, 90
Trd, 4319517.443, 104
Trd, 4319519.343, 113
Trd, 4319519.793, 91
Trd, 4319520.343, 89
Trd, 4319520.493, 105
Trd, 4319520.843, 77
Trd, 4319521.193, 69
Trd, 4319522.743, 90
Trd, 4319523.393, 84
Trd, 4319523.693, 122
Trd, 4319525.393, 102
Trd, 4319526.143, 83
Trd, 4319527.693, 86
Trd, 4319528.093, 98
Trd, 4319529.493, 89
Trd, 4319529.993, 86
Trd, 4319530.593, 95
Trd, 4319532.293, 88
Trd, 4319532.343, 87
Trd, 4319533.193, 104
Trd, 4319533.793, 86
Trd, 4319534.193, 85
Trd, 4319535.393, 131
Trd, 4319537.243, 92
Trd, 4319538.243, 94
Trd, 4319538.693, 93
Trd, 4319538.993, 104
Trd, 4319539.243, 91
Trd, 4319539.593, 77
Trd, 4319541.993, 114
Trd, 4319542.193, 122
Trd, 4319542.243, 91
Trd, 4319544.043, 102
Trd, 4319545.493, 100
Trd, 4319546.793, 105
Trd, 4319547.093, 93
Trd, 4319548.193, 98
Trd, 4319548.443, 97
Trd, 4319549.943, 92
Trd, 4319550.693, 105
Trd, 4319550.793, 105
Trd, 4319552.093, 86
Trd, 4319553.743, 87
Trd, 4319554.593, 85
Trd, 4319555.043, 86
Trd, 4319555.593, 76
Trd, 4319555.843, 113
Trd, 4319556.743, 106
Trd, 4319557.543, 83
Trd, 4319559.393, 83
Trd, 4319559.493, 103
Trd, 4319560.943, 88
Trd, 4319561.993, 91
Trd, 4319562.593, 113
Trd, 4319562.893, 90
Trd, 4319564.593, 88
Trd, 4319564.993, 88
Trd, 4319565.743, 86
Trd, 4319567.243, 105
Trd, 4319567.443, 113
Trd, 4319568.793, 85
Trd, 4319568.893, 77
Trd, 4319571.243, 87
Trd, 4319571.643, 83
Trd, 4319572.193, 97
Trd, 4319573.543, 97
Trd, 4319574.743, 89
Trd, 4319575.193, 92
Trd, 4319575.343, 89
Trd, 4319577.143, 89
Trd, 4319577.293, 91
Trd, 4319577.643, 104
Trd, 4319578.693, 88
Trd, 4319580.343, 98
Trd, 4319580.743, 87
Trd, 4319581.293, 88
Trd, 4319583.493, 104
Trd, 4319584.143, 88
Trd, 4319584.593, 87
Trd, 4319586.443, 86
Trd, 4319586.693, 97
Trd, 4319588.193, 102
Trd, 4319588.393, 95
Trd, 4319589.293, 113
Trd, 4319591.793, 102
Trd, 4319593.193, 91
Trd, 4319593.643, 96
Trd, 4319595.743, 85
Trd, 4319595.893, 104
Trd, 4319596.643, 113
Trd, 4319598.043, 86
Trd, 4319598.393, 80
Trd, 4319598.843, 122
Trd, 4319598.893, 77
Trd, 4319600.993, 91
Trd, 4319601.493, 97
Trd, 4319602.293, 94
Trd, 4319603.193, 99
Trd, 4319603.593, 94
Trd, 4319604.193, 93
Trd, 4319605.793, 92
Trd, 4319607.743, 99
Trd, 4319608.093, 94
Trd, 4319608.593, 105
Trd, 4319610.143, 97
Trd, 4319611.593, 96
Trd, 4319613.343, 95
Trd, 4319613.593, 94
Trd, 4319613.793, 100
Trd, 4319615.393, 84
Trd, 4319615.693, 104
Trd, 4319618.343, 101
Trd, 4319618.643, 97
Trd, 4319618.893, 104
Trd, 4319619.793, 94
Trd, 4319621.493, 99
Trd, 4319622.243, 122
Trd, 4319622.593, 110
Trd, 4319623.243, 92
Trd, 4319623.443, 85
Trd, 4319624.043, 109
Trd, 4319625.043, 114
Trd, 4319625.543, 93
Trd, 4319626.943, 103
Trd, 4319629.143, 105
Trd, 4319629.343, 103
Trd, 4319630.493, 88
Trd, 4319630.793, 108
Trd, 4319631.343, 85
Trd, 4319632.293, 114
Trd, 4319633.143, 78
Trd, 4319634.543, 91
Trd, 4319636.493, 88
Trd, 4319636.643, 85
Trd, 4319638.243, 109
Trd, 4319638.693, 106
Trd, 4319639.043, 88
Trd, 4319640.243, 114
Trd, 4319641.243, 93
Trd, 4319641.593, 87
Trd, 4319643.843, 90
Trd, 4319645.493, 93
Trd, 4319645.843, 99
Trd, 4319645.943, 122
Trd, 4319646.143, 92
Trd, 4319648.743, 101
Trd, 4319649.493, 98
Trd, 4319649.593, 104
Trd, 4319649.893, 91
Trd, 4319650.993, 90
Trd, 4319651.593, 113
Trd, 4319652.893, 78
Trd, 4319653.893, 83
Trd, 4319655.193, 89
Trd, 4319657.393, 91
Trd, 4319657.593, 95
Trd, 4319657.793, 91
Trd, 4319658.843, 90
Trd, 4319659.443, 105
Trd, 4319660.393, 86
Trd, 4319660.693, 96
Trd, 4319661.743, 85
Trd, 4319662.743, 88
Trd, 4319663.843, 86
Trd, 4319665.243, 86
Trd, 4319666.593, 96
Trd, 4319666.643, 105
Trd, 4319668.093, 97
Trd, 4319669.143, 98
Trd, 4319669.443, 98
Trd, 4319669.993, 85
Trd, 4319670.993, 86
Trd, 4319671.893, 91
Trd, 4319672.143, 87
Trd, 4319672.943, 113
Trd, 4319674.493, 86
Trd, 4319675.693, 91
Trd, 4319676.593, 89
Trd, 4319677.443, 97
Trd, 4319677.643, 89
Trd, 4319680.443, 113
Trd, 4319681.643, 95
Trd, 4319682.043, 105
Trd, 4319682.443, 98
Trd, 4319682.593, 96
Trd, 4319682.643, 113
Trd, 4319682.893, 85
Trd, 4319684.493, 78
Trd, 4319686.243, 89
Trd, 4319687.143, 89
Trd, 4319687.493, 90
Trd, 4319688.843, 96
Trd, 4319688.893, 95
Trd, 4319690.493, 104
Trd, 4319690.793, 88
Trd, 4319691.993, 113
Trd, 4319693.443, 89
Trd, 4319693.943, 84
Trd, 4319694.793, 89
Trd, 4319697.943, 92
Trd, 4319698.093, 100
Trd, 4319698.443, 105
Trd, 4319699.493, 99
Trd, 4319699.693, 100
Trd, 4319700.543, 99
Trd, 4319701.693, 105
Trd, 4319702.193, 85
Trd, 4319702.493, 103
Trd, 4319703.743, 96
Trd, 4319705.693, 98
Trd, 4319707.193, 97
Trd, 4319707.393, 93
Trd, 4319707.793, 86
Trd, 4319708.493, 92
Trd, 4319709.193, 103
Trd, 4319710.793, 113
Trd, 4319711.793, 85
Trd, 4319713.493, 73
Trd, 4319713.793, 83
Trd, 4319715.593, 86
Trd, 4319715.793, 95
Trd, 4319716.893, 85
Trd, 4319718.293, 83
Trd, 4319718.443, 86
Trd, 4319720.593, 105
Trd, 4319720.893, 92
Trd, 4319722.793, 113
Trd, 4319724.543, 97
Trd, 4319725.243, 93
Trd, 4319725.293, 92
Trd, 4319725.393, 100
Trd, 4319726.543, 94
Trd, 4319726.593, 76
Trd, 4319726.893, 113
Trd, 4319727.893, 105
Trd, 4319729.343, 90
Trd, 4319729.493, 89
Trd, 4319733.043, 85
Trd, 4319733.993, 91
Trd, 4319734.693, 88
Trd, 4319735.493, 105
Trd, 4319735.593, 113
Trd, 4319735.843, 86
Trd, 4319736.493, 86
Trd, 4319737.193, 102
Trd, 4319740.143, 113
Trd, 4319740.343, 86
Trd, 4319740.893, 106
Trd, 4319740.993, 87
Trd, 4319741.293, 85
Trd, 4319741.343, 76
Trd, 4319742.293, 84
Trd, 4319744.193, 106
Trd, 4319744.593, 88
Trd, 4319745.643, 92
Trd, 4319747.643, 113
Trd, 4319749.643, 105
Trd, 4319750.143, 95
Trd, 4319750.593, 94
Trd, 4319751.043, 93
Trd, 4319752.843, 92
Trd, 4319754.043, 87
Trd, 4319754.793, 105
Trd, 4319755.293, 90
Trd, 4319755.993, 100
Trd, 4319756.243, 90
Trd, 4319757.693, 90
Trd, 4319758.093, 89
Trd, 4319759.743, 89
Trd, 4319759.943, 85
Trd, 4319760.343, 98
Trd, 4319760.693, 105
Trd, 4319762.793, 92
Trd, 4319762.943, 89
Trd, 4319764.193, 105
Trd, 4319764.343, 97
Trd, 4319766.243, 90
Trd, 4319767.293, 91
Trd, 4319767.393, 97
Trd, 4319768.793, 90
Trd, 4319769.943, 96
Trd, 4319770.343, 89
Trd, 4319771.193, 85
Trd, 4319772.793, 87
Trd, 4319773.793, 105
Trd, 4319774.843, 89
Trd, 4319775.943, 95
Trd, 4319776.443, 91
Trd, 4319777.843, 85
Trd, 4319778.093, 79
Trd, 4319779.243, 95
Trd, 4319779.943, 85
Trd, 4319781.293, 89
Trd, 4319782.393, 91
Trd, 4319782.693, 77
Trd, 4319783.643, 104
Trd, 4319783.843, 113
Trd, 4319784.943, 83
Trd, 4319785.793, 90
Trd, 4319786.393, 85
Trd, 4319788.293, 98
Trd, 4319789.193, 90
Trd, 4319790.493, 91
Trd, 4319790.893, 97
Trd, 4319792.443, 93
Trd, 4319792.793, 92
Trd, 4319794.493, 91
Trd, 4319794.693, 90
Trd, 4319795.293, 85
Trd, 4319796.243, 86
Trd, 4319797.693, 88
Trd, 4319799.093, 113
Trd, 4319799.643, 98
Trd, 4319801.893, 93
Trd, 4319802.843, 93
Trd, 4319803.893, 94
Trd, 4319803.943, 94
Trd, 4319804.293, 105
Trd, 4319806.093, 94
Trd, 4319806.343, 99
Trd, 4319806.893, 93
Trd, 4319807.643, 122
Trd, 4319808.343, 87
Trd, 4319811.943, 93
Trd, 4319812.043, 90
Trd, 4319812.893, 103
Trd, 4319812.943, 106
Trd, 4319814.393, 96
Trd, 4319815.243, 96
Trd, 4319815.643, 97
Trd, 4319816.143, 92
Trd, 4319818.093, 94
Trd, 4319819.243, 94
Trd, 4319820.343, 104
Trd, 4319821.243, 93
Trd, 4319821.493, 104
Trd, 4319823.343, 86
Trd, 4319823.743, 87
Trd, 4319824.193, 85
Trd, 4319824.843, 77
Trd, 4319825.093, 113
Trd, 4319825.743, 113
Trd, 4319828.543, 92
Trd, 4319829.293, 90
Trd, 4319831.343, 101
Trd, 4319831.543, 94
Trd, 4319832.343, 94
Trd, 4319833.593, 104
Trd, 4319833.743, 85
Trd, 4319834.093, 84
Trd, 4319835.093, 88
Trd, 4319837.293, 88
Trd, 4319837.443, 104
Trd, 4319837.743, 113
Trd, 4319839.593, 86
Trd, 4319840.543, 104
Trd, 4319840.843, 85
Trd, 4319841.743, 86
Trd, 4319842.293, 85
Trd, 4319842.543, 104
Trd, 4319843.593, 85
Trd, 4319845.443, 90
Trd, 4319845.843, 91
Trd, 4319850.093, 90
Trd, 4319850.343, 104
Trd, 4319850.393, 89
Trd, 4319851.793, 77
Trd, 4319852.043, 98
Trd, 4319854.093, 90
Trd, 4319854.443, 83
Trd, 4319854.743, 74
Trd, 4319856.393, 79
Trd, 4319857.793, 98
Trd, 4319859.243, 87
Trd, 4319860.893, 88
Trd, 4319861.293, 95
Trd, 4319863.093, 90
Trd, 4319863.543, 89
Trd, 4319865.143, 88
Trd, 4319865.443, 89
Trd, 4319865.893, 95
Trd, 4319866.893, 89
Trd, 4319868.443, 113
Trd, 4319870.343, 89
Trd, 4319870.893, 88
Trd, 4319871.893, 105
Trd, 4319873.643, 94
Trd, 4319874.493, 93
Trd, 4319875.393, 99
Trd, 4319876.243, 93
Trd, 4319877.143, 92
Trd, 4319878.993, 91
Trd, 4319879.693, 88
Trd, 4319879.743, 94
Trd, 4319880.593, 75
Trd, 4319883.243, 96
Trd, 4319885.943, 96
Trd, 4319886.093, 105
Trd, 4319886.793, 113
Trd, 4319888.243, 96
Trd, 4319888.493, 94
Trd, 4319889.693, 94
Trd, 4319891.193, 86
Trd, 4319891.943, 86
Trd, 4319892.693, 85
Trd, 4319893.043, 87
Trd, 4319893.443, 96
Trd, 4319895.543, 86
Trd, 4319896.243, 105
Trd, 4319896.343, 113
Trd, 4319896.593, 76
Trd, 4319897.593, 80
Trd, 4319900.093, 88
Trd, 4319900.493, 81
Trd, 4319903.543, 88
Trd, 4319903.893, 87
Trd, 4319904.143, 85
Trd, 4319905.893, 106
Trd, 4319905.943, 87
Trd, 4319906.143, 97
Trd, 4319906.443, 88
Trd, 4319907.293, 113
Trd, 4319908.843, 95
Trd, 4319909.043, 94
Trd, 4319909.743, 95
Trd, 4319912.143, 100
Trd, 4319914.893, 97
Trd, 4319915.143, 127
Trd, 4319916.193, 97
Trd, 4319916.493, 95
Trd, 4319918.193, 106
Trd, 4319918.543, 106
Trd, 4319919.443, 99
Trd, 4319920.293, 94
Trd, 4319920.593, 77
Trd, 4319920.843, 106
Trd, 4319922.293, 86
Trd, 4319922.743, 84
Trd, 4319924.143, 70
Trd, 4319924.993, 77
Trd, 4319925.843, 82
Trd, 4319925.943, 82
Trd, 4319927.143, 82
Trd, 4319927.393, 95
Trd, 4319928.743, 88
Trd, 4319929.693, 82
Trd, 4319930.293, 83
Trd, 4319932.843, 89
Trd, 4319933.993, 106
Trd, 4319934.493, 88
Trd, 4319935.043, 77
Trd, 4319935.693, 97
Trd, 4319935.993, 85
Trd, 4319936.893, 104
Trd, 4319938.393, 88
Trd, 4319940.243, 88
Trd, 4319940.843, 97
Trd, 4319941.343, 104
Trd, 4319942.643, 88
Trd, 4319943.443, 87
Trd, 4319944.943, 86
Trd, 4319945.493, 99
Trd, 4319946.143, 86
Trd, 4319947.193, 85
Trd, 4319950.793, 89
Trd, 4319950.993, 95
Trd, 4319952.293, 88
Trd, 4319953.193, 88
Trd, 4319953.243, 95
Trd, 4319954.093, 88
Trd, 4319954.743, 93
Trd, 4319955.143, 104
Trd, 4319955.443, 92
Trd, 4319956.193, 90
Trd, 4319957.243, 86
Trd, 4319959.393, 97
Trd, 4319959.743, 90
Trd, 4319961.293, 90
Trd, 4319961.343, 89
Trd, 4319962.693, 113
Trd, 4319963.993, 101
Trd, 4319964.793, 93
Trd, 4319965.193, 89
Trd, 4319966.493, 86
Trd, 4319967.993, 104
Trd, 4319968.243, 92
Trd, 4319968.493, 90
Trd, 4319969.343, 101
Trd, 4319970.943, 85
Trd, 4319971.793, 77
Trd, 4319973.343, 86
Trd, 4319975.043, 89
Trd, 4319976.643, 95
Trd, 4319977.693, 90
Trd, 4319977.843, 88
Trd, 4319978.743, 80
Trd, 4319979.743, 87
Trd, 4319980.693, 95
Trd, 4319982.643, 86
Trd, 4319983.193, 85
Trd, 4319983.843, 104
Trd, 4319984.143, 81
Trd, 4319985.643, 88
Trd, 4319987.143, 87
Trd, 4319987.743, 86
Trd, 4319989.293, 89
Trd, 4319990.343, 86
Trd, 4319992.193, 95
Trd, 4319992.993, 89
Trd, 4319993.643, 104
Trd, 4319993.943, 89
Trd, 4319995.443, 88
Trd, 4319995.943, 77
Trd, 4319996.643, 83
Trd, 4319997.093, 84
Trd, 4319997.793, 127
Trd, 4319999.143, 102
Trd, 4319999.793, 83
