Trd, 4317827.293, 94
Trd, 4317828.393, 95
Trd, 4317828.443, 96
Trd, 4317829.993, 95
Trd, 4317832.843, 95
Trd, 4317834.543, 95
Trd, 4317835.493, 100
Trd, 4317835.743, 97
Trd, 4317837.743, 102
Trd, 4317838.543, 102
Trd, 4317839.243, 102
Trd, 4317841.543, 98
Trd, 4317841.943, 94
Trd, 4317842.093, 100
Trd, 4317842.693, 118
Trd, 4317846.193, 98
Trd, 4317846.293, 97
Trd, 4317847.993, 100
Trd, 4317848.393, 97
Trd, 4317849.543, 95
Trd, 4317849.743, 117
Trd, 4317850.593, 101
Trd, 4317854.243, 101
Trd, 4317854.743, 101
Trd, 4317854.843, 100
Trd, 4317855.393, 100
Trd, 4317859.993, 100
Trd, 4317862.193, 100
Trd, 4317862.643, 99
Trd, 4317865.593, 100
Trd, 4317868.443, 101
Trd, 4317868.943, 99
Trd, 4317870.843, 101
Trd, 4317872.143, 100
Trd, 4317873.893, 98
Trd, 4317874.643, 99
Trd, 4317874.693, 98
Trd, 4317875.193, 86
Trd, 4317877.943, 97
Trd, 4317879.443, 98
Trd, 4317882.593, 96
Trd, 4317884.043, 96
Trd, 4317884.343, 95
Trd, 4317884.793, 95
Trd, 4317885.093, 97
Trd, 4317888.843, 96
Trd, 4317889.393, 95
Trd, 4317889.793, 96
Trd, 4317891.643, 94
Trd, 4317893.643, 94
Trd, 4317894.243, 96
Trd, 4317896.443, 95
Trd, 4317899.693, 94
Trd, 4317899.843, 93
Trd, 4317900.593, 95
Trd, 4317900.743, 96
Trd, 4317900.943, 94
Trd, 4317901.643, 117
Trd, 4317906.593, 98
Trd, 4317907.943, 98
Trd, 4317908.393, 98
Trd, 4317908.643, 98
Trd, 4317912.243, 104
Trd, 4317912.443, 99
Trd, 4317912.693, 98
Trd, 4317917.643, 99
Trd, 4317917.843, 97
Trd, 4317918.443, 97
Trd, 4317921.043, 98
Trd, 4317924.293, 98
Trd, 4317924.693, 97
Trd, 4317925.743, 98
Trd, 4317925.893, 97
Trd, 4317926.393, 98
Trd, 4317929.493, 99
Trd, 4317929.943, 99
Trd, 4317930.343, 98
Trd, 4317931.893, 98
Trd, 4317933.143, 97
Trd, 4317933.343, 98
Trd, 4317934.493, 97
Trd, 4317935.543, 117
Trd, 4317937.843, 110
Trd, 4317938.993, 100
Trd, 4317940.993, 103
Trd, 4317941.843, 103
Trd, 4317943.393, 100
Trd, 4317945.443, 100
Trd, 4317947.393, 101
Trd, 4317947.593, 102
Trd, 4317948.293, 112
Trd, 4317949.993, 104
Trd, 4317950.893, 104
Trd, 4317951.993, 104
Trd, 4317954.093, 114
Trd, 4317955.793, 106
Trd, 4317956.043, 107
Trd, 4317957.493, 105
Trd, 4317959.793, 106
Trd, 4317965.443, 107
Trd, 4317965.493, 108
Trd, 4317967.243, 107
Trd, 4317967.743, 106
Trd, 4317967.843, 105
Trd, 4317970.293, 104
Trd, 4317972.043, 94
Trd, 4317973.343, 93
Trd, 4317974.543, 94
Trd, 4317975.093, 95
Trd, 4317976.393, 94
Trd, 4317977.793, 93
Trd, 4317978.993, 99
Trd, 4317980.493, 98
Trd, 4317980.793, 98
Trd, 4317983.043, 95
Trd, 4317983.193, 98
Trd, 4317985.293, 94
Trd, 4317986.143, 93
Trd, 4317986.993, 95
Trd, 4317987.843, 97
Trd, 4317988.743, 95
Trd, 4317989.493, 106
Trd, 4317989.943, 94
Trd, 4317991.893, 97
Trd, 4317993.443, 97
Trd, 4317995.043, 98
Trd, 4317996.143, 98
Trd, 4317996.843, 98
Trd, 4317998.343, 103
Trd, 4318001.343, 99
Trd, 4318001.843, 98
Trd, 4318004.043, 98
Trd, 4318005.393, 97
Trd, 4318006.993, 96
Trd, 4318007.693, 99
Trd, 4318007.943, 99
Trd, 4318010.693, 98
Trd, 4318011.493, 97
Trd, 4318012.093, 98
Trd, 4318013.043, 96
Trd, 4318013.543, 97
Trd, 4318016.043, 103
Trd, 4318016.743, 99
Trd, 4318018.643, 99
Trd, 4318020.693, 99
Trd, 4318021.243, 98
Trd, 4318023.043, 99
Trd, 4318025.443, 99
Trd, 4318027.393, 97
Trd, 4318030.143, 98
Trd, 4318032.393, 97
Trd, 4318032.593, 97
Trd, 4318033.393, 96
Trd, 4318034.493, 98
Trd, 4318036.793, 99
Trd, 4318037.443, 99
Trd, 4318038.343, 98
Trd, 4318038.543, 99
Trd, 4318038.793, 87
Trd, 4318039.193, 99
Trd, 4318040.743, 97
Trd, 4318042.443, 95
Trd, 4318044.793, 95
Trd, 4318046.893, 94
Trd, 4318047.043, 95
Trd, 4318047.143, 122
Trd, 4318051.193, 98
Trd, 4318051.893, 95
Trd, 4318054.343, 94
Trd, 4318056.343, 97
Trd, 4318058.843, 96
Trd, 4318060.293, 95
Trd, 4318064.243, 95
Trd, 4318066.343, 95
Trd, 4318067.243, 93
Trd, 4318070.093, 93
Trd, 4318071.693, 92
Trd, 4318072.693, 93
Trd, 4318075.343, 93
Trd, 4318077.743, 95
Trd, 4318080.693, 93
Trd, 4318081.593, 91
Trd, 4318083.293, 92
Trd, 4318084.093, 92
Trd, 4318085.643, 94
Trd, 4318086.593, 94
Trd, 4318090.693, 94
Trd, 4318091.093, 92
Trd, 4318096.343, 92
Trd, 4318098.043, 91
Trd, 4318098.193, 90
Trd, 4318099.343, 89
Trd, 4318100.393, 89
Trd, 4318100.593, 89
Trd, 4318102.143, 89
Trd, 4318104.043, 90
Trd, 4318105.793, 89
Trd, 4318106.643, 93
Trd, 4318110.843, 95
Trd, 4318112.243, 93
Trd, 4318112.443, 93
Trd, 4318115.493, 92
Trd, 4318117.143, 93
Trd, 4318117.193, 94
Trd, 4318120.043, 94
Trd, 4318122.293, 93
Trd, 4318125.643, 92
Trd, 4318126.993, 91
Trd, 4318130.243, 93
Trd, 4318131.793, 92
Trd, 4318132.593, 95
Trd, 4318134.093, 93
Trd, 4318135.393, 117
Trd, 4318135.993, 104
Trd, 4318137.093, 99
Trd, 4318139.243, 105
Trd, 4318139.543, 103
Trd, 4318141.143, 137
Trd, 4318146.193, 110
Trd, 4318147.093, 111
Trd, 4318149.793, 110
Trd, 4318149.893, 108
Trd, 4318151.993, 111
Trd, 4318154.793, 112
Trd, 4318156.643, 113
Trd, 4318158.643, 108
Trd, 4318159.793, 110
Trd, 4318160.243, 110
Trd, 4318161.643, 109
Trd, 4318162.843, 108
Trd, 4318164.093, 107
Trd, 4318167.293, 107
Trd, 4318167.393, 108
Trd, 4318167.693, 106
Trd, 4318172.493, 107
Trd, 4318175.143, 105
Trd, 4318176.393, 106
Trd, 4318176.793, 113
Trd, 4318181.393, 106
Trd, 4318181.593, 105
Trd, 4318182.743, 103
Trd, 4318183.493, 104
Trd, 4318184.643, 102
Trd, 4318185.093, 105
Trd, 4318186.893, 103
Trd, 4318188.543, 103
Trd, 4318188.793, 102
Trd, 4318190.893, 101
Trd, 4318192.143, 99
Trd, 4318192.643, 99
Trd, 4318193.043, 86
Trd, 4318195.593, 100
Trd, 4318197.193, 100
Trd, 4318199.043, 100
Trd, 4318200.543, 101
Trd, 4318202.743, 99
Trd, 4318203.193, 100
Trd, 4318203.743, 99
Trd, 4318204.093, 98
Trd, 4318205.293, 97
Trd, 4318207.843, 113
Trd, 4318208.943, 101
Trd, 4318209.743, 102
Trd, 4318211.093, 102
Trd, 4318211.743, 103
Trd, 4318215.143, 103
Trd, 4318215.593, 102
Trd, 4318219.443, 101
Trd, 4318219.593, 101
Trd, 4318220.643, 102
Trd, 4318222.243, 102
Trd, 4318223.343, 101
Trd, 4318224.893, 102
Trd, 4318227.193, 100
Trd, 4318227.343, 100
Trd, 4318229.393, 101
Trd, 4318229.593, 101
Trd, 4318233.193, 102
Trd, 4318234.493, 102
Trd, 4318234.893, 113
Trd, 4318236.393, 101
Trd, 4318236.743, 100
Trd, 4318237.343, 103
Trd, 4318239.243, 99
Trd, 4318240.943, 99
Trd, 4318243.493, 92
Trd, 4318243.843, 92
Trd, 4318245.443, 82
Trd, 4318247.043, 98
Trd, 4318247.193, 96
Trd, 4318247.843, 113
Trd, 4318249.793, 96
Trd, 4318250.543, 96
Trd, 4318252.043, 95
Trd, 4318253.443, 96
Trd, 4318255.043, 140
Trd, 4318255.943, 114
Trd, 4318256.343, 109
Trd, 4318259.643, 86
Trd, 4318260.093, 90
Trd, 4318260.293, 95
Trd, 4318261.343, 115
Trd, 4318261.693, 97
Trd, 4318264.543, 98
Trd, 4318265.893, 99
Trd, 4318267.093, 99
Trd, 4318267.143, 115
Trd, 4318270.193, 99
Trd, 4318272.443, 99
Trd, 4318273.693, 99
Trd, 4318275.543, 99
Trd, 4318276.493, 98
Trd, 4318276.893, 97
Trd, 4318278.093, 97
Trd, 4318278.393, 96
Trd, 4318280.543, 97
Trd, 4318282.143, 100
Trd, 4318283.393, 100
Trd, 4318284.193, 99
Trd, 4318285.843, 101
Trd, 4318286.343, 99
Trd, 4318288.243, 98
Trd, 4318288.343, 86
Trd, 4318289.043, 97
Trd, 4318291.393, 96
Trd, 4318291.843, 98
Trd, 4318294.343, 96
Trd, 4318295.293, 96
Trd, 4318296.243, 97
Trd, 4318298.943, 99
Trd, 4318300.293, 107
Trd, 4318301.743, 102
Trd, 4318302.993, 102
Trd, 4318303.443, 113
Trd, 4318305.743, 104
Trd, 4318308.993, 103
Trd, 4318310.343, 95
Trd, 4318310.393, 96
Trd, 4318310.643, 100
Trd, 4318311.643, 90
Trd, 4318315.243, 98
Trd, 4318315.393, 98
Trd, 4318316.693, 99
Trd, 4318318.693, 98
Trd, 4318319.293, 98
Trd, 4318319.893, 97
Trd, 4318323.043, 97
Trd, 4318324.343, 96
Trd, 4318325.893, 115
Trd, 4318327.693, 101
Trd, 4318329.043, 100
Trd, 4318329.893, 101
Trd, 4318332.643, 100
Trd, 4318335.543, 100
Trd, 4318336.243, 101
Trd, 4318337.493, 100
Trd, 4318337.893, 99
Trd, 4318340.543, 100
Trd, 4318341.793, 116
Trd, 4318343.943, 103
Trd, 4318344.293, 102
Trd, 4318344.893, 99
Trd, 4318346.493, 93
Trd, 4318347.543, 98
Trd, 4318349.693, 93
Trd, 4318351.193, 93
Trd, 4318352.643, 93
Trd, 4318353.443, 95
Trd, 4318354.843, 92
Trd, 4318355.543, 95
Trd, 4318358.443, 94
Trd, 4318359.893, 94
Trd, 4318361.793, 95
Trd, 4318362.993, 94
Trd, 4318364.543, 93
Trd, 4318365.143, 95
Trd, 4318366.893, 93
Trd, 4318367.193, 94
Trd, 4318367.593, 94
Trd, 4318368.443, 93
Trd, 4318369.593, 100
Trd, 4318370.793, 117
Trd, 4318374.443, 98
Trd, 4318374.693, 99
Trd, 4318377.643, 97
Trd, 4318378.743, 98
Trd, 4318380.043, 96
Trd, 4318380.443, 95
Trd, 4318382.393, 94
Trd, 4318382.543, 95
Trd, 4318383.943, 95
Trd, 4318385.293, 94
Trd, 4318385.643, 96
Trd, 4318388.893, 95
Trd, 4318389.443, 94
Trd, 4318390.943, 94
Trd, 4318393.443, 95
Trd, 4318394.943, 111
Trd, 4318395.193, 110
Trd, 4318395.993, 102
Trd, 4318396.143, 86
Trd, 4318399.143, 106
Trd, 4318399.193, 104
Trd, 4318400.243, 122
Trd, 4318403.193, 105
Trd, 4318405.393, 104
Trd, 4318407.443, 104
Trd, 4318407.993, 103
Trd, 4318409.543, 103
Trd, 4318411.693, 103
Trd, 4318412.543, 102
Trd, 4318413.093, 103
Trd, 4318413.643, 101
Trd, 4318415.093, 100
Trd, 4318416.993, 99
Trd, 4318417.143, 99
Trd, 4318417.793, 97
Trd, 4318419.593, 122
Trd, 4318423.343, 98
Trd, 4318423.793, 97
Trd, 4318424.793, 98
Trd, 4318425.343, 98
Trd, 4318426.693, 97
Trd, 4318428.143, 97
Trd, 4318431.043, 96
Trd, 4318431.093, 95
Trd, 4318432.043, 96
Trd, 4318433.143, 96
Trd, 4318435.393, 96
Trd, 4318435.893, 96
Trd, 4318438.243, 97
Trd, 4318440.893, 96
Trd, 4318442.293, 96
Trd, 4318442.793, 95
Trd, 4318446.143, 95
Trd, 4318446.193, 94
Trd, 4318446.893, 93
Trd, 4318449.243, 93
Trd, 4318450.243, 96
Trd, 4318451.743, 101
Trd, 4318452.493, 98
Trd, 4318454.793, 99
Trd, 4318454.893, 103
Trd, 4318456.393, 97
Trd, 4318458.743, 98
Trd, 4318459.943, 97
Trd, 4318462.393, 97
Trd, 4318462.593, 96
Trd, 4318465.743, 97
Trd, 4318466.843, 98
Trd, 4318467.893, 122
Trd, 4318472.993, 100
Trd, 4318473.343, 99
Trd, 4318473.493, 101
Trd, 4318477.193, 99
Trd, 4318477.793, 99
Trd, 4318478.343, 98
Trd, 4318479.793, 100
Trd, 4318483.843, 99
Trd, 4318483.893, 98
Trd, 4318484.443, 97
Trd, 4318487.843, 98
Trd, 4318489.893, 98
Trd, 4318490.193, 97
Trd, 4318491.643, 98
Trd, 4318492.943, 98
Trd, 4318493.293, 118
Trd, 4318494.743, 97
Trd, 4318500.093, 102
Trd, 4318502.143, 99
Trd, 4318502.643, 101
Trd, 4318503.293, 101
Trd, 4318504.093, 117
Trd, 4318506.943, 105
Trd, 4318509.993, 105
Trd, 4318513.193, 104
Trd, 4318513.243, 105
Trd, 4318513.993, 105
Trd, 4318514.943, 109
Trd, 4318515.893, 108
Trd, 4318517.293, 111
Trd, 4318518.843, 113
Trd, 4318518.893, 112
Trd, 4318520.993, 110
Trd, 4318521.043, 103
Trd, 4318521.443, 114
Trd, 4318523.143, 96
Trd, 4318524.193, 96
Trd, 4318526.143, 102
Trd, 4318526.943, 102
Trd, 4318528.343, 104
Trd, 4318528.943, 87
Trd, 4318530.493, 97
Trd, 4318532.993, 95
Trd, 4318533.643, 96
Trd, 4318534.343, 95
Trd, 4318536.043, 95
Trd, 4318537.593, 95
Trd, 4318538.293, 96
Trd, 4318539.293, 94
Trd, 4318540.893, 96
Trd, 4318542.443, 96
Trd, 4318543.593, 95
Trd, 4318544.893, 97
Trd, 4318545.093, 95
Trd, 4318549.143, 96
Trd, 4318551.193, 95
Trd, 4318555.243, 94
Trd, 4318557.093, 94
Trd, 4318558.293, 94
Trd, 4318559.293, 122
Trd, 4318561.393, 102
Trd, 4318562.393, 101
Trd, 4318562.893, 98
Trd, 4318563.993, 98
Trd, 4318566.793, 97
Trd, 4318567.643, 97
Trd, 4318567.943, 96
Trd, 4318568.143, 97
Trd, 4318570.943, 112
Trd, 4318572.143, 100
Trd, 4318572.293, 99
Trd, 4318573.443, 99
Trd, 4318575.543, 100
Trd, 4318576.043, 100
Trd, 4318579.193, 97
Trd, 4318580.493, 95
Trd, 4318580.593, 94
Trd, 4318581.093, 95
Trd, 4318582.593, 95
Trd, 4318585.693, 96
Trd, 4318586.343, 96
Trd, 4318586.693, 113
Trd, 4318589.943, 97
Trd, 4318590.843, 101
Trd, 4318594.093, 98
Trd, 4318595.043, 99
Trd, 4318596.743, 99
Trd, 4318597.943, 103
Trd, 4318598.593, 112
Trd, 4318600.443, 102
Trd, 4318602.493, 101
Trd, 4318604.293, 103
Trd, 4318604.543, 102
Trd, 4318605.143, 102
Trd, 4318605.343, 101
Trd, 4318607.293, 102
Trd, 4318610.493, 100
Trd, 4318610.693, 100
Trd, 4318610.943, 102
Trd, 4318612.043, 99
Trd, 4318614.443, 101
Trd, 4318615.393, 101
Trd, 4318617.993, 99
Trd, 4318618.793, 98
Trd, 4318621.493, 99
Trd, 4318622.393, 98
Trd, 4318623.093, 99
Trd, 4318625.893, 99
Trd, 4318628.643, 99
Trd, 4318628.993, 98
Trd, 4318629.943, 100
Trd, 4318632.143, 98
Trd, 4318633.793, 99
Trd, 4318634.793, 99
Trd, 4318637.993, 98
Trd, 4318638.693, 97
Trd, 4318639.243, 97
Trd, 4318640.593, 98
Trd, 4318641.243, 95
Trd, 4318642.443, 96
Trd, 4318644.343, 93
Trd, 4318644.443, 92
Trd, 4318644.543, 97
Trd, 4318645.993, 94
Trd, 4318647.493, 94
Trd, 4318650.393, 96
Trd, 4318652.043, 98
Trd, 4318652.393, 97
Trd, 4318653.143, 88
Trd, 4318654.593, 96
Trd, 4318657.493, 94
Trd, 4318658.493, 94
Trd, 4318659.193, 94
Trd, 4318661.143, 94
Trd, 4318663.993, 94
Trd, 4318664.443, 93
Trd, 4318666.343, 94
Trd, 4318666.693, 94
Trd, 4318667.743, 94
Trd, 4318669.843, 93
Trd, 4318671.143, 92
Trd, 4318671.593, 86
Trd, 4318675.343, 92
Trd, 4318675.693, 93
Trd, 4318678.593, 113
Trd, 4318681.743, 98
Trd, 4318682.693, 95
Trd, 4318687.093, 95
Trd, 4318689.743, 96
Trd, 4318690.243, 96
Trd, 4318690.593, 94
Trd, 4318696.443, 95
Trd, 4318697.343, 94
Trd, 4318697.493, 95
Trd, 4318699.493, 94
Trd, 4318700.093, 93
Trd, 4318702.543, 100
Trd, 4318703.093, 98
Trd, 4318703.993, 99
Trd, 4318704.993, 114
Trd, 4318706.493, 95
Trd, 4318707.943, 97
Trd, 4318709.543, 95
Trd, 4318709.743, 114
Trd, 4318712.293, 102
Trd, 4318719.693, 98
Trd, 4318720.143, 97
Trd, 4318721.543, 109
Trd, 4318723.993, 100
Trd, 4318726.293, 100
Trd, 4318727.093, 99
Trd, 4318729.843, 103
Trd, 4318730.843, 101
Trd, 4318731.093, 113
Trd, 4318732.593, 101
Trd, 4318735.493, 101
Trd, 4318736.343, 101
Trd, 4318738.143, 98
Trd, 4318739.593, 96
Trd, 4318740.393, 95
Trd, 4318741.143, 96
Trd, 4318741.743, 95
Trd, 4318745.193, 95
Trd, 4318745.643, 95
Trd, 4318747.693, 95
Trd, 4318748.743, 94
Trd, 4318749.393, 95
Trd, 4318750.693, 95
Trd, 4318751.943, 95
Trd, 4318754.743, 95
Trd, 4318754.943, 94
Trd, 4318755.043, 96
Trd, 4318757.093, 95
Trd, 4318760.993, 95
Trd, 4318762.243, 94
Trd, 4318763.943, 93
Trd, 4318766.493, 92
Trd, 4318768.643, 95
Trd, 4318769.943, 95
Trd, 4318770.393, 94
Trd, 4318770.893, 95
Trd, 4318772.243, 95
Trd, 4318772.943, 95
Trd, 4318773.243, 96
Trd, 4318775.143, 96
Trd, 4318777.193, 96
Trd, 4318778.143, 94
Trd, 4318780.143, 94
Trd, 4318780.593, 94
Trd, 4318782.243, 94
Trd, 4318783.243, 95
Trd, 4318784.043, 96
Trd, 4318784.793, 114
Trd, 4318787.843, 100
Trd, 4318788.843, 101
Trd, 4318790.493, 101
Trd, 4318791.993, 100
Trd, 4318792.293, 101
Trd, 4318793.793, 114
Trd, 4318798.043, 102
Trd, 4318798.293, 99
Trd, 4318798.443, 101
Trd, 4318799.793, 99
Trd, 4318801.093, 100
Trd, 4318801.843, 99
Trd, 4318805.393, 96
Trd, 4318805.893, 96
Trd, 4318806.193, 95
Trd, 4318808.393, 93
Trd, 4318809.193, 93
Trd, 4318810.543, 95
Trd, 4318812.843, 95
Trd, 4318813.443, 95
Trd, 4318816.143, 94
Trd, 4318816.343, 113
Trd, 4318821.493, 95
Trd, 4318822.443, 94
Trd, 4318822.993, 92
Trd, 4318824.943, 93
Trd, 4318825.943, 92
Trd, 4318827.693, 94
Trd, 4318828.493, 99
Trd, 4318829.743, 98
Trd, 4318830.043, 98
Trd, 4318830.443, 113
Trd, 4318833.043, 100
Trd, 4318833.443, 114
Trd, 4318834.343, 104
Trd, 4318837.593, 115
Trd, 4318838.343, 115
Trd, 4318840.493, 111
Trd, 4318843.243, 105
Trd, 4318843.343, 108
Trd, 4318843.943, 103
Trd, 4318846.343, 96
Trd, 4318848.043, 116
Trd, 4318848.793, 106
Trd, 4318849.093, 104
Trd, 4318850.343, 103
Trd, 4318851.443, 113
Trd, 4318855.093, 106
Trd, 4318857.643, 105
Trd, 4318859.243, 104
Trd, 4318859.793, 104
Trd, 4318860.143, 105
Trd, 4318861.993, 105
Trd, 4318862.643, 104
Trd, 4318864.143, 104
Trd, 4318865.743, 103
Trd, 4318865.943, 104
Trd, 4318867.693, 95
Trd, 4318869.443, 102
Trd, 4318870.143, 101
Trd, 4318872.243, 100
Trd, 4318873.143, 100
Trd, 4318873.743, 101
Trd, 4318876.043, 94
Trd, 4318876.993, 94
Trd, 4318878.243, 94
Trd, 4318878.543, 95
Trd, 4318879.043, 83
Trd, 4318881.893, 94
Trd, 4318883.143, 94
Trd, 4318883.393, 94
Trd, 4318884.643, 95
Trd, 4318887.443, 94
Trd, 4318888.743, 95
Trd, 4318890.843, 96
Trd, 4318891.143, 93
Trd, 4318892.443, 93
Trd, 4318893.793, 95
Trd, 4318895.443, 96
Trd, 4318898.093, 96
Trd, 4318900.593, 95
Trd, 4318901.293, 94
Trd, 4318902.543, 113
Trd, 4318906.593, 97
Trd, 4318907.743, 96
Trd, 4318908.693, 96
Trd, 4318910.793, 97
Trd, 4318910.843, 97
Trd, 4318913.543, 96
Trd, 4318914.193, 95
Trd, 4318916.293, 96
Trd, 4318916.893, 95
Trd, 4318918.343, 94
Trd, 4318922.993, 95
Trd, 4318923.593, 96
Trd, 4318923.843, 94
Trd, 4318926.893, 93
Trd, 4318927.693, 95
Trd, 4318928.143, 95
Trd, 4318930.543, 98
Trd, 4318931.193, 96
Trd, 4318931.243, 96
Trd, 4318932.543, 87
Trd, 4318932.893, 96
Trd, 4318935.293, 96
Trd, 4318938.443, 94
Trd, 4318939.593, 96
Trd, 4318940.143, 95
Trd, 4318940.593, 97
Trd, 4318940.693, 93
Trd, 4318944.493, 95
Trd, 4318948.243, 96
Trd, 4318949.993, 94
Trd, 4318950.093, 95
Trd, 4318952.593, 95
Trd, 4318954.293, 95
Trd, 4318956.443, 93
Trd, 4318957.143, 95
Trd, 4318958.693, 93
Trd, 4318959.793, 95
Trd, 4318960.743, 93
Trd, 4318961.193, 95
Trd, 4318962.893, 94
Trd, 4318963.943, 94
Trd, 4318968.343, 94
Trd, 4318969.043, 94
Trd, 4318970.493, 94
Trd, 4318971.693, 94
Trd, 4318972.593, 95
Trd, 4318974.543, 94
Trd, 4318974.643, 93
Trd, 4318977.093, 94
Trd, 4318981.243, 93
Trd, 4318984.543, 93
Trd, 4318984.743, 92
Trd, 4318986.043, 95
Trd, 4318988.993, 93
Trd, 4318989.043, 95
Trd, 4318991.093, 94
Trd, 4318991.693, 93
Trd, 4318995.493, 94
Trd, 4318996.293, 93
Trd, 4318997.543, 94
Trd, 4318997.593, 95
Trd, 4319000.943, 94
Trd, 4319002.093, 93
Trd, 4319005.743, 93
Trd, 4319006.793, 94
Trd, 4319008.443, 95
Trd, 4319010.193, 97
Trd, 4319011.193, 96
Trd, 4319012.243, 96
Trd, 4319012.343, 95
Trd, 4319012.843, 97
Trd, 4319016.093, 95
Trd, 4319016.643, 96
Trd, 4319017.693, 95
Trd, 4319018.543, 94
Trd, 4319019.043, 113
Trd, 4319020.943, 93
Trd, 4319021.143, 95
Trd, 4319023.693, 91
Trd, 4319025.343, 92
Trd, 4319026.143, 90
Trd, 4319027.093, 91
Trd, 4319027.743, 95
Trd, 4319029.093, 93
Trd, 4319029.793, 93
Trd, 4319031.393, 92
Trd, 4319032.043, 92
Trd, 4319033.343, 92
Trd, 4319035.393, 94
Trd, 4319035.793, 93
Trd, 4319037.993, 91
Trd, 4319041.643, 92
Trd, 4319042.643, 91
Trd, 4319042.693, 92
Trd, 4319043.543, 94
Trd, 4319044.293, 94
Trd, 4319046.493, 93
Trd, 4319048.543, 92
Trd, 4319049.543, 93
Trd, 4319052.093, 93
Trd, 4319052.143, 93
Trd, 4319053.893, 91
Trd, 4319054.843, 91
Trd, 4319056.093, 92
Trd, 4319058.893, 92
Trd, 4319060.893, 92
Trd, 4319061.193, 91
Trd, 4319062.293, 91
Trd, 4319062.893, 93
Trd, 4319063.543, 88
Trd, 4319065.643, 90
Trd, 4319066.893, 94
Trd, 4319068.043, 94
Trd, 4319070.843, 94
Trd, 4319071.243, 93
Trd, 4319073.193, 95
Trd, 4319074.093, 95
Trd, 4319075.993, 98
Trd, 4319076.093, 111
Trd, 4319079.593, 101
Trd, 4319079.993, 113
Trd, 4319080.193, 97
Trd, 4319083.993, 103
Trd, 4319085.343, 103
Trd, 4319085.893, 103
Trd, 4319087.993, 103
Trd, 4319088.693, 104
Trd, 4319090.393, 114
Trd, 4319092.543, 109
Trd, 4319092.993, 108
Trd, 4319094.843, 107
Trd, 4319096.043, 105
Trd, 4319099.493, 104
Trd, 4319099.893, 106
Trd, 4319101.593, 104
Trd, 4319102.693, 104
Trd, 4319102.993, 105
Trd, 4319107.093, 105
Trd, 4319107.993, 103
Trd, 4319108.743, 103
Trd, 4319110.793, 104
Trd, 4319112.293, 103
Trd, 4319112.843, 104
Trd, 4319113.693, 105
Trd, 4319114.493, 103
Trd, 4319116.043, 106
Trd, 4319116.793, 102
Trd, 4319118.843, 104
Trd, 4319119.143, 103
Trd, 4319119.693, 102
Trd, 4319121.443, 96
Trd, 4319121.543, 84
Trd, 4319122.043, 95
Trd, 4319122.993, 102
Trd, 4319126.143, 99
Trd, 4319127.443, 99
Trd, 4319128.493, 99
Trd, 4319128.943, 98
Trd, 4319129.493, 86
Trd, 4319129.843, 99
Trd, 4319133.993, 98
Trd, 4319135.193, 100
Trd, 4319136.093, 98
Trd, 4319136.343, 100
Trd, 4319139.393, 98
Trd, 4319139.843, 98
Trd, 4319141.543, 99
Trd, 4319142.643, 97
Trd, 4319142.693, 96
Trd, 4319144.093, 96
Trd, 4319144.543, 96
Trd, 4319145.343, 96
Trd, 4319145.793, 113
Trd, 4319149.843, 100
Trd, 4319152.043, 100
Trd, 4319152.793, 98
Trd, 4319152.993, 96
Trd, 4319155.793, 95
Trd, 4319157.893, 95
Trd, 4319159.143, 96
Trd, 4319161.993, 96
Trd, 4319163.543, 95
Trd, 4319163.593, 95
Trd, 4319164.593, 94
Trd, 4319164.893, 95
Trd, 4319166.493, 112
Trd, 4319167.793, 100
Trd, 4319170.193, 99
Trd, 4319172.143, 98
Trd, 4319172.743, 99
Trd, 4319174.743, 98
Trd, 4319175.143, 99
Trd, 4319177.643, 98
Trd, 4319179.593, 99
Trd, 4319181.643, 97
Trd, 4319182.093, 97
Trd, 4319184.993, 97
Trd, 4319186.643, 97
Trd, 4319187.843, 96
Trd, 4319188.893, 97
Trd, 4319190.593, 97
Trd, 4319190.893, 97
Trd, 4319190.943, 111
Trd, 4319193.243, 101
Trd, 4319194.193, 98
Trd, 4319194.493, 100
Trd, 4319199.393, 99
Trd, 4319200.193, 98
Trd, 4319201.743, 98
Trd, 4319201.943, 97
Trd, 4319202.193, 98
Trd, 4319202.243, 99
Trd, 4319205.143, 97
Trd, 4319206.893, 96
Trd, 4319207.843, 99
Trd, 4319210.293, 98
Trd, 4319210.343, 98
Trd, 4319211.643, 99
Trd, 4319214.143, 98
Trd, 4319214.843, 99
Trd, 4319215.043, 98
Trd, 4319215.543, 97
Trd, 4319217.143, 98
Trd, 4319217.593, 113
Trd, 4319223.593, 97
Trd, 4319225.093, 97
Trd, 4319225.493, 97
Trd, 4319227.043, 97
Trd, 4319229.943, 96
Trd, 4319230.693, 97
Trd, 4319233.893, 96
Trd, 4319234.143, 97
Trd, 4319237.193, 95
Trd, 4319239.343, 100
Trd, 4319239.643, 114
Trd, 4319240.543, 100
Trd, 4319243.343, 101
Trd, 4319243.993, 102
Trd, 4319244.743, 99
Trd, 4319247.243, 103
Trd, 4319248.543, 103
Trd, 4319248.943, 112
Trd, 4319251.143, 114
Trd, 4319255.243, 104
Trd, 4319259.793, 103
Trd, 4319262.193, 103
Trd, 4319262.743, 103
Trd, 4319263.093, 104
Trd, 4319264.243, 102
Trd, 4319264.443, 102
Trd, 4319267.443, 103
Trd, 4319267.643, 103
Trd, 4319269.693, 102
Trd, 4319275.743, 101
Trd, 4319276.043, 102
Trd, 4319276.143, 101
Trd, 4319276.293, 114
Trd, 4319279.493, 103
Trd, 4319281.543, 114
Trd, 4319282.993, 103
Trd, 4319284.193, 105
Trd, 4319284.343, 106
Trd, 4319287.793, 105
Trd, 4319287.843, 104
Trd, 4319290.343, 105
Trd, 4319292.043, 103
Trd, 4319293.843, 104
Trd, 4319295.993, 103
Trd, 4319297.793, 104
Trd, 4319300.143, 102
Trd, 4319304.293, 102
Trd, 4319304.893, 88
Trd, 4319305.443, 96
Trd, 4319305.543, 97
Trd, 4319307.693, 95
Trd, 4319308.943, 122
Trd, 4319309.943, 86
Trd, 4319315.593, 100
Trd, 4319317.793, 100
Trd, 4319318.143, 99
Trd, 4319319.443, 100
Trd, 4319321.193, 99
Trd, 4319323.443, 100
Trd, 4319327.243, 100
Trd, 4319327.543, 116
Trd, 4319328.943, 99
Trd, 4319330.643, 98
Trd, 4319333.743, 100
Trd, 4319335.743, 98
Trd, 4319336.343, 97
Trd, 4319336.393, 96
Trd, 4319337.543, 96
Trd, 4319341.493, 97
Trd, 4319342.493, 97
Trd, 4319342.943, 95
Trd, 4319344.143, 96
Trd, 4319345.043, 95
Trd, 4319348.643, 95
Trd, 4319348.693, 96
Trd, 4319349.593, 93
Trd, 4319351.693, 92
Trd, 4319353.843, 94
Trd, 4319354.043, 94
Trd, 4319355.143, 95
Trd, 4319358.143, 92
Trd, 4319360.293, 99
Trd, 4319360.543, 91
Trd, 4319361.393, 97
Trd, 4319361.643, 94
Trd, 4319362.543, 112
Trd, 4319367.943, 97
Trd, 4319368.393, 96
Trd, 4319370.643, 96
Trd, 4319372.393, 95
Trd, 4319373.643, 96
Trd, 4319377.043, 93
Trd, 4319377.143, 94
Trd, 4319378.193, 95
Trd, 4319380.243, 114
Trd, 4319387.943, 97
Trd, 4319388.643, 98
Trd, 4319392.893, 97
Trd, 4319394.743, 97
Trd, 4319396.093, 96
Trd, 4319397.243, 97
Trd, 4319397.793, 96
Trd, 4319400.443, 95
Trd, 4319401.893, 96
Trd, 4319404.243, 96
Trd, 4319404.343, 95
Trd, 4319405.293, 113
Trd, 4319407.743, 96
Trd, 4319413.293, 97
Trd, 4319415.343, 98
Trd, 4319417.893, 98
Trd, 4319418.843, 96
Trd, 4319418.943, 96
Trd, 4319419.393, 114
Trd, 4319423.393, 98
Trd, 4319425.593, 97
Trd, 4319427.143, 95
Trd, 4319429.343, 96
Trd, 4319433.643, 96
Trd, 4319433.793, 95
Trd, 4319434.393, 96
Trd, 4319434.843, 95
Trd, 4319437.843, 95
Trd, 4319439.443, 94
Trd, 4319440.593, 95
Trd, 4319441.143, 96
Trd, 4319442.393, 96
Trd, 4319442.793, 95
Trd, 4319443.043, 94
Trd, 4319445.093, 95
Trd, 4319447.093, 95
Trd, 4319447.543, 94
Trd, 4319450.193, 94
Trd, 4319453.593, 95
Trd, 4319454.393, 94
Trd, 4319455.393, 95
Trd, 4319457.193, 93
Trd, 4319458.593, 94
Trd, 4319458.993, 94
Trd, 4319461.343, 94
Trd, 4319463.393, 93
Trd, 4319463.443, 92
Trd, 4319464.493, 95
Trd, 4319464.693, 92
Trd, 4319467.293, 94
Trd, 4319467.643, 93
Trd, 4319469.093, 94
Trd, 4319470.743, 100
Trd, 4319471.193, 91
Trd, 4319472.193, 96
Trd, 4319473.943, 96
Trd, 4319473.993, 97
Trd, 4319474.193, 95
Trd, 4319479.393, 96
Trd, 4319479.593, 96
Trd, 4319481.193, 95
Trd, 4319485.493, 96
Trd, 4319485.593, 115
Trd, 4319487.193, 94
Trd, 4319488.043, 99
Trd, 4319489.693, 99
Trd, 4319491.743, 99
Trd, 4319492.293, 99
Trd, 4319494.143, 111
Trd, 4319495.493, 102
Trd, 4319496.943, 103
Trd, 4319497.593, 104
Trd, 4319499.643, 103
Trd, 4319501.093, 104
Trd, 4319501.843, 103
Trd, 4319504.843, 102
Trd, 4319505.543, 103
Trd, 4319507.143, 103
Trd, 4319509.343, 103
Trd, 4319509.393, 102
Trd, 4319510.743, 102
Trd, 4319513.293, 103
Trd, 4319515.293, 103
Trd, 4319515.443, 102
Trd, 4319517.543, 102
Trd, 4319517.693, 101
Trd, 4319518.993, 102
Trd, 4319520.293, 102
Trd, 4319521.593, 100
Trd, 4319522.393, 98
Trd, 4319522.593, 108
Trd, 4319523.093, 88
Trd, 4319527.943, 97
Trd, 4319528.243, 96
Trd, 4319528.543, 96
Trd, 4319530.493, 93
Trd, 4319532.943, 94
Trd, 4319533.343, 94
Trd, 4319533.443, 97
Trd, 4319536.443, 93
Trd, 4319537.043, 93
Trd, 4319537.993, 114
Trd, 4319541.943, 96
Trd, 4319542.893, 95
Trd, 4319543.793, 96
Trd, 4319545.243, 96
Trd, 4319547.043, 98
Trd, 4319548.243, 102
Trd, 4319550.043, 98
Trd, 4319550.443, 101
Trd, 4319553.643, 100
Trd, 4319555.043, 99
Trd, 4319555.893, 99
Trd, 4319555.993, 98
Trd, 4319557.193, 100
Trd, 4319558.293, 107
Trd, 4319561.643, 106
Trd, 4319562.293, 106
Trd, 4319564.593, 105
Trd, 4319565.343, 105
Trd, 4319565.443, 104
Trd, 4319568.693, 106
Trd, 4319568.893, 107
Trd, 4319575.093, 105
Trd, 4319576.193, 104
Trd, 4319576.643, 105
Trd, 4319579.493, 105
Trd, 4319581.093, 106
Trd, 4319581.543, 104
Trd, 4319584.993, 103
Trd, 4319587.393, 103
Trd, 4319587.693, 103
Trd, 4319590.743, 102
Trd, 4319591.993, 103
Trd, 4319592.043, 102
Trd, 4319594.743, 102
Trd, 4319595.693, 102
Trd, 4319596.593, 102
Trd, 4319600.543, 101
Trd, 4319601.893, 102
Trd, 4319602.093, 101
Trd, 4319604.793, 100
Trd, 4319605.743, 100
Trd, 4319608.393, 101
Trd, 4319608.543, 100
Trd, 4319608.943, 99
Trd, 4319610.343, 100
Trd, 4319611.293, 99
Trd, 4319614.143, 99
Trd, 4319614.343, 98
Trd, 4319617.443, 98
Trd, 4319617.843, 113
Trd, 4319621.693, 98
Trd, 4319622.293, 99
Trd, 4319623.143, 99
Trd, 4319623.943, 98
Trd, 4319625.643, 102
Trd, 4319625.743, 99
Trd, 4319627.443, 100
Trd, 4319628.393, 99
Trd, 4319630.943, 98
Trd, 4319632.743, 101
Trd, 4319632.943, 111
Trd, 4319635.043, 101
Trd, 4319638.043, 101
Trd, 4319638.193, 101
Trd, 4319638.343, 100
Trd, 4319639.443, 99
Trd, 4319641.943, 100
Trd, 4319643.143, 101
Trd, 4319643.743, 101
Trd, 4319645.443, 99
Trd, 4319646.743, 99
Trd, 4319647.893, 113
Trd, 4319649.493, 98
Trd, 4319651.043, 100
Trd, 4319652.643, 99
Trd, 4319654.843, 99
Trd, 4319655.293, 99
Trd, 4319657.443, 99
Trd, 4319659.693, 100
Trd, 4319662.943, 98
Trd, 4319663.743, 99
Trd, 4319665.243, 98
Trd, 4319665.843, 98
Trd, 4319669.593, 99
Trd, 4319669.693, 97
Trd, 4319672.293, 96
Trd, 4319672.793, 96
Trd, 4319674.193, 95
Trd, 4319676.143, 93
Trd, 4319676.343, 94
Trd, 4319677.143, 114
Trd, 4319677.393, 88
Trd, 4319682.143, 99
Trd, 4319684.793, 93
Trd, 4319687.993, 94
Trd, 4319690.393, 93
Trd, 4319692.043, 92
Trd, 4319692.893, 93
Trd, 4319693.393, 95
Trd, 4319695.393, 91
Trd, 4319696.943, 92
Trd, 4319698.343, 95
Trd, 4319700.243, 94
Trd, 4319702.543, 93
Trd, 4319704.043, 93
Trd, 4319705.193, 93
Trd, 4319706.143, 95
Trd, 4319706.643, 92
Trd, 4319707.643, 94
Trd, 4319709.993, 95
Trd, 4319714.043, 95
Trd, 4319714.493, 95
Trd, 4319715.343, 94
Trd, 4319717.043, 93
Trd, 4319720.093, 94
Trd, 4319720.193, 93
Trd, 4319721.143, 94
Trd, 4319722.443, 94
Trd, 4319723.843, 94
Trd, 4319725.593, 94
Trd, 4319727.493, 93
Trd, 4319728.293, 94
Trd, 4319731.243, 93
Trd, 4319733.543, 94
Trd, 4319735.693, 93
Trd, 4319736.243, 94
Trd, 4319739.493, 92
Trd, 4319740.193, 94
Trd, 4319740.793, 93
Trd, 4319743.093, 95
Trd, 4319743.793, 95
Trd, 4319744.443, 108
Trd, 4319745.743, 96
Trd, 4319747.593, 94
Trd, 4319748.343, 93
Trd, 4319750.043, 94
Trd, 4319750.593, 95
Trd, 4319752.043, 97
Trd, 4319753.643, 94
Trd, 4319753.793, 95
Trd, 4319755.693, 98
Trd, 4319756.793, 95
Trd, 4319756.943, 96
Trd, 4319759.743, 95
Trd, 4319761.043, 94
Trd, 4319761.293, 95
Trd, 4319761.643, 97
Trd, 4319763.643, 95
Trd, 4319764.193, 94
Trd, 4319768.393, 95
Trd, 4319770.043, 93
Trd, 4319772.343, 94
Trd, 4319772.843, 94
Trd, 4319774.843, 94
Trd, 4319776.793, 92
Trd, 4319779.893, 93
Trd, 4319780.843, 92
Trd, 4319781.143, 90
Trd, 4319784.443, 94
Trd, 4319784.793, 91
Trd, 4319787.193, 90
Trd, 4319789.943, 92
Trd, 4319791.093, 91
Trd, 4319793.243, 90
Trd, 4319794.943, 91
Trd, 4319795.493, 90
Trd, 4319795.793, 89
Trd, 4319796.643, 89
Trd, 4319798.943, 93
Trd, 4319799.743, 93
Trd, 4319800.293, 122
Trd, 4319802.493, 99
Trd, 4319804.593, 95
Trd, 4319805.043, 91
Trd, 4319806.443, 95
Trd, 4319810.393, 94
Trd, 4319811.693, 95
Trd, 4319812.843, 94
Trd, 4319814.143, 96
Trd, 4319815.043, 94
Trd, 4319816.093, 94
Trd, 4319817.843, 94
Trd, 4319819.893, 94
Trd, 4319821.193, 95
Trd, 4319821.493, 93
Trd, 4319824.093, 94
Trd, 4319824.693, 94
Trd, 4319826.293, 95
Trd, 4319828.143, 96
Trd, 4319831.593, 92
Trd, 4319832.943, 93
Trd, 4319834.793, 92
Trd, 4319836.343, 93
Trd, 4319837.893, 92
Trd, 4319838.743, 93
Trd, 4319839.593, 95
Trd, 4319842.593, 92
Trd, 4319843.493, 92
Trd, 4319843.793, 91
Trd, 4319845.243, 92
Trd, 4319845.893, 90
Trd, 4319848.793, 91
Trd, 4319850.643, 90
Trd, 4319852.843, 90
Trd, 4319853.393, 91
Trd, 4319854.043, 91
Trd, 4319855.043, 91
Trd, 4319857.393, 89
Trd, 4319857.693, 90
Trd, 4319859.843, 91
Trd, 4319860.393, 91
Trd, 4319862.193, 95
Trd, 4319864.493, 91
Trd, 4319865.493, 94
Trd, 4319866.093, 95
Trd, 4319866.893, 94
Trd, 4319868.493, 94
Trd, 4319869.093, 98
Trd, 4319869.193, 97
Trd, 4319870.643, 97
Trd, 4319872.493, 99
Trd, 4319874.693, 104
Trd, 4319875.543, 100
Trd, 4319877.993, 101
Trd, 4319878.743, 100
Trd, 4319879.043, 108
Trd, 4319881.443, 99
Trd, 4319882.493, 99
Trd, 4319882.693, 98
Trd, 4319884.693, 100
Trd, 4319884.843, 99
Trd, 4319885.093, 107
Trd, 4319888.193, 100
Trd, 4319889.393, 98
Trd, 4319894.393, 96
Trd, 4319894.443, 99
Trd, 4319897.443, 99
Trd, 4319898.193, 103
Trd, 4319899.093, 103
Trd, 4319901.043, 103
Trd, 4319901.293, 103
Trd, 4319904.593, 103
Trd, 4319905.443, 102
Trd, 4319907.093, 103
Trd, 4319907.843, 102
Trd, 4319908.843, 100
Trd, 4319911.743, 101
Trd, 4319912.243, 101
Trd, 4319912.943, 102
Trd, 4319913.943, 102
Trd, 4319915.043, 101
Trd, 4319915.443, 101
Trd, 4319916.243, 99
Trd, 4319918.243, 94
Trd, 4319918.743, 94
Trd, 4319921.093, 95
Trd, 4319922.543, 93
Trd, 4319922.943, 94
Trd, 4319925.443, 101
Trd, 4319926.193, 115
Trd, 4319926.393, 100
Trd, 4319928.093, 100
Trd, 4319929.593, 104
Trd, 4319930.143, 137
Trd, 4319932.743, 107
Trd, 4319935.093, 107
Trd, 4319936.243, 106
Trd, 4319937.893, 107
Trd, 4319942.793, 108
Trd, 4319944.993, 106
Trd, 4319946.793, 105
Trd, 4319947.643, 105
Trd, 4319950.693, 105
Trd, 4319951.093, 104
Trd, 4319951.943, 113
Trd, 4319955.093, 105
Trd, 4319955.393, 103
Trd, 4319955.743, 104
Trd, 4319956.593, 105
Trd, 4319957.943, 103
Trd, 4319959.043, 102
Trd, 4319960.343, 102
Trd, 4319961.743, 97
Trd, 4319961.843, 99
Trd, 4319963.793, 95
Trd, 4319965.993, 93
Trd, 4319966.993, 93
Trd, 4319967.793, 94
Trd, 4319968.093, 95
Trd, 4319969.993, 94
Trd, 4319970.143, 94
Trd, 4319971.593, 95
Trd, 4319974.093, 100
Trd, 4319974.993, 98
Trd, 4319975.593, 97
Trd, 4319976.343, 110
Trd, 4319979.443, 100
Trd, 4319981.793, 99
Trd, 4319982.643, 100
Trd, 4319985.243, 100
Trd, 4319988.093, 98
Trd, 4319989.843, 97
Trd, 4319990.793, 99
Trd, 4319991.793, 98
Trd, 4319995.243, 98
Trd, 4319995.593, 99
Trd, 4319997.843, 97
Trd, 4319998.193, 97
Trd, 4319999.093, 98
Trd, 4319999.293, 113
