Trd, 4317808.393, 104
Trd, 4317811.443, 104
Trd, 4317813.343, 103
Trd, 4317817.343, 104
Trd, 4317818.943, 105
Trd, 4317820.593, 103
Trd, 4317820.943, 101
Trd, 4317822.593, 102
Trd, 4317823.343, 102
Trd, 4317825.643, 100
Trd, 4317826.043, 104
Trd, 4317829.243, 102
Trd, 4317830.143, 104
Trd, 4317831.743, 104
Trd, 4317836.793, 118
Trd, 4317838.443, 110
Trd, 4317839.293, 109
Trd, 4317842.943, 108
Trd, 4317843.743, 110
Trd, 4317844.293, 110
Trd, 4317845.893, 116
Trd, 4317848.643, 111
Trd, 4317851.243, 111
Trd, 4317851.743, 110
Trd, 4317856.143, 110
Trd, 4317856.343, 109
Trd, 4317856.393, 109
Trd, 4317857.093, 109
Trd, 4317860.843, 107
Trd, 4317860.943, 108
Trd, 4317861.593, 108
Trd, 4317863.443, 107
Trd, 4317866.993, 103
Trd, 4317867.493, 103
Trd, 4317868.693, 103
Trd, 4317869.543, 102
Trd, 4317869.843, 105
Trd, 4317870.643, 113
Trd, 4317872.293, 107
Trd, 4317874.893, 107
Trd, 4317877.543, 104
Trd, 4317879.093, 111
Trd, 4317879.643, 105
Trd, 4317880.193, 112
Trd, 4317882.593, 103
Trd, 4317885.643, 107
Trd, 4317885.743, 107
Trd, 4317886.193, 103
Trd, 4317888.143, 102
Trd, 4317888.993, 101
Trd, 4317889.293, 100
Trd, 4317890.043, 97
Trd, 4317891.593, 102
Trd, 4317892.393, 104
Trd, 4317894.593, 102
Trd, 4317894.643, 104
Trd, 4317896.893, 100
Trd, 4317899.443, 102
Trd, 4317901.293, 103
Trd, 4317903.643, 104
Trd, 4317904.443, 105
Trd, 4317908.043, 104
Trd, 4317908.593, 103
Trd, 4317908.743, 101
Trd, 4317911.193, 102
Trd, 4317911.943, 101
Trd, 4317915.443, 100
Trd, 4317917.543, 101
Trd, 4317919.043, 100
Trd, 4317920.493, 99
Trd, 4317921.793, 99
Trd, 4317923.193, 99
Trd, 4317924.443, 98
Trd, 4317925.693, 100
Trd, 4317925.993, 100
Trd, 4317929.343, 100
Trd, 4317930.243, 101
Trd, 4317932.843, 100
Trd, 4317934.393, 101
Trd, 4317936.043, 101
Trd, 4317938.193, 101
Trd, 4317938.493, 102
Trd, 4317941.743, 102
Trd, 4317945.943, 102
Trd, 4317948.243, 102
Trd, 4317948.543, 100
Trd, 4317951.293, 102
Trd, 4317955.443, 102
Trd, 4317955.643, 104
Trd, 4317956.443, 105
Trd, 4317961.693, 104
Trd, 4317962.043, 104
Trd, 4317964.593, 102
Trd, 4317964.643, 103
Trd, 4317968.643, 102
Trd, 4317968.943, 102
Trd, 4317971.243, 103
Trd, 4317973.243, 104
Trd, 4317975.193, 104
Trd, 4317976.943, 104
Trd, 4317979.193, 104
Trd, 4317979.893, 104
Trd, 4317980.093, 105
Trd, 4317982.093, 106
Trd, 4317985.743, 105
Trd, 4317986.443, 104
Trd, 4317988.993, 105
Trd, 4317989.693, 104
Trd, 4317990.143, 105
Trd, 4317995.093, 106
Trd, 4317998.543, 106
Trd, 4318004.543, 106
Trd, 4318005.493, 105
Trd, 4318006.093, 107
Trd, 4318007.093, 104
Trd, 4318011.043, 106
Trd, 4318011.693, 105
Trd, 4318011.943, 104
Trd, 4318013.293, 105
Trd, 4318014.393, 103
Trd, 4318015.143, 104
Trd, 4318015.293, 103
Trd, 4318017.243, 104
Trd, 4318017.943, 103
Trd, 4318019.993, 103
Trd, 4318020.893, 104
Trd, 4318022.743, 104
Trd, 4318023.143, 103
Trd, 4318025.993, 104
Trd, 4318027.693, 104
Trd, 4318029.993, 104
Trd, 4318032.493, 104
Trd, 4318033.893, 104
Trd, 4318035.043, 105
Trd, 4318037.443, 104
Trd, 4318040.243, 103
Trd, 4318040.443, 104
Trd, 4318041.743, 104
Trd, 4318042.343, 103
Trd, 4318044.493, 104
Trd, 4318044.743, 104
Trd, 4318045.293, 108
Trd, 4318046.493, 107
Trd, 4318048.143, 106
Trd, 4318048.943, 107
Trd, 4318049.593, 108
Trd, 4318054.493, 108
Trd, 4318055.943, 105
Trd, 4318060.043, 107
Trd, 4318060.393, 104
Trd, 4318061.443, 104
Trd, 4318062.943, 106
Trd, 4318064.493, 106
Trd, 4318065.193, 106
Trd, 4318068.893, 104
Trd, 4318069.343, 103
Trd, 4318069.693, 104
Trd, 4318070.093, 103
Trd, 4318071.843, 103
Trd, 4318073.393, 88
Trd, 4318073.593, 99
Trd, 4318075.243, 97
Trd, 4318075.393, 106
Trd, 4318076.443, 118
Trd, 4318078.693, 102
Trd, 4318079.743, 103
Trd, 4318081.393, 102
Trd, 4318082.993, 102
Trd, 4318086.843, 103
Trd, 4318087.393, 104
Trd, 4318088.893, 105
Trd, 4318090.043, 105
Trd, 4318091.443, 106
Trd, 4318092.743, 118
Trd, 4318094.393, 110
Trd, 4318095.543, 111
Trd, 4318098.993, 109
Trd, 4318101.193, 108
Trd, 4318103.443, 107
Trd, 4318104.143, 107
Trd, 4318104.693, 107
Trd, 4318105.893, 107
Trd, 4318107.393, 118
Trd, 4318110.443, 104
Trd, 4318111.743, 105
Trd, 4318113.443, 104
Trd, 4318113.843, 98
Trd, 4318114.843, 97
Trd, 4318116.143, 94
Trd, 4318116.743, 76
Trd, 4318117.843, 101
Trd, 4318118.693, 99
Trd, 4318119.243, 105
Trd, 4318121.343, 102
Trd, 4318122.493, 97
Trd, 4318126.693, 101
Trd, 4318127.943, 96
Trd, 4318129.793, 101
Trd, 4318130.893, 101
Trd, 4318132.343, 101
Trd, 4318132.743, 101
Trd, 4318136.293, 102
Trd, 4318136.643, 102
Trd, 4318138.243, 102
Trd, 4318138.343, 100
Trd, 4318139.293, 102
Trd, 4318139.393, 99
Trd, 4318140.843, 104
Trd, 4318141.843, 118
Trd, 4318143.093, 85
Trd, 4318144.143, 95
Trd, 4318146.993, 93
Trd, 4318147.643, 92
Trd, 4318147.893, 91
Trd, 4318148.493, 110
Trd, 4318149.593, 111
Trd, 4318149.893, 81
Trd, 4318150.843, 95
Trd, 4318154.593, 95
Trd, 4318156.593, 93
Trd, 4318157.893, 95
Trd, 4318158.843, 96
Trd, 4318159.143, 104
Trd, 4318163.243, 99
Trd, 4318163.693, 104
Trd, 4318165.343, 104
Trd, 4318166.343, 102
Trd, 4318166.743, 122
Trd, 4318168.043, 109
Trd, 4318169.193, 108
Trd, 4318170.193, 104
Trd, 4318171.643, 104
Trd, 4318172.493, 107
Trd, 4318174.093, 105
Trd, 4318176.243, 105
Trd, 4318177.743, 128
Trd, 4318179.243, 107
Trd, 4318180.293, 112
Trd, 4318183.993, 109
Trd, 4318185.343, 109
Trd, 4318185.643, 108
Trd, 4318188.493, 108
Trd, 4318191.593, 106
Trd, 4318192.243, 108
Trd, 4318192.693, 108
Trd, 4318194.843, 105
Trd, 4318197.443, 109
Trd, 4318198.793, 109
Trd, 4318201.943, 108
Trd, 4318204.243, 108
Trd, 4318206.693, 107
Trd, 4318209.043, 107
Trd, 4318209.343, 105
Trd, 4318209.743, 105
Trd, 4318213.543, 106
Trd, 4318216.093, 106
Trd, 4318218.943, 105
Trd, 4318219.543, 106
Trd, 4318220.193, 106
Trd, 4318222.543, 104
Trd, 4318224.643, 107
Trd, 4318228.693, 107
Trd, 4318231.593, 107
Trd, 4318232.293, 107
Trd, 4318235.243, 106
Trd, 4318235.443, 104
Trd, 4318236.443, 104
Trd, 4318240.443, 105
Trd, 4318241.993, 105
Trd, 4318242.243, 104
Trd, 4318244.443, 106
Trd, 4318246.043, 105
Trd, 4318246.993, 104
Trd, 4318247.743, 105
Trd, 4318249.593, 103
Trd, 4318250.343, 95
Trd, 4318251.343, 104
Trd, 4318252.043, 106
Trd, 4318253.543, 124
Trd, 4318256.493, 109
Trd, 4318256.643, 109
Trd, 4318257.393, 109
Trd, 4318258.993, 108
Trd, 4318265.043, 107
Trd, 4318265.393, 106
Trd, 4318266.293, 107
Trd, 4318269.693, 106
Trd, 4318269.993, 107
Trd, 4318275.793, 106
Trd, 4318278.093, 105
Trd, 4318279.593, 104
Trd, 4318279.943, 104
Trd, 4318280.243, 104
Trd, 4318281.493, 105
Trd, 4318284.843, 105
Trd, 4318287.243, 106
Trd, 4318287.393, 106
Trd, 4318289.543, 106
Trd, 4318290.993, 106
Trd, 4318293.243, 106
Trd, 4318299.093, 106
Trd, 4318299.343, 105
Trd, 4318300.343, 105
Trd, 4318300.843, 104
Trd, 4318301.443, 105
Trd, 4318304.543, 104
Trd, 4318305.043, 103
Trd, 4318307.093, 105
Trd, 4318309.343, 103
Trd, 4318311.293, 106
Trd, 4318313.193, 102
Trd, 4318314.043, 105
Trd, 4318314.793, 106
Trd, 4318318.043, 104
Trd, 4318319.343, 105
Trd, 4318322.643, 105
Trd, 4318322.943, 104
Trd, 4318324.943, 104
Trd, 4318327.493, 105
Trd, 4318327.543, 105
Trd, 4318329.143, 103
Trd, 4318329.243, 104
Trd, 4318333.043, 103
Trd, 4318333.393, 103
Trd, 4318335.143, 102
Trd, 4318335.743, 104
Trd, 4318337.993, 103
Trd, 4318338.393, 103
Trd, 4318339.693, 103
Trd, 4318340.943, 102
Trd, 4318342.843, 103
Trd, 4318345.543, 102
Trd, 4318347.893, 104
Trd, 4318350.443, 102
Trd, 4318350.693, 102
Trd, 4318350.793, 103
Trd, 4318356.893, 103
Trd, 4318358.243, 103
Trd, 4318359.143, 102
Trd, 4318360.593, 103
Trd, 4318361.293, 104
Trd, 4318363.243, 103
Trd, 4318363.643, 105
Trd, 4318365.193, 105
Trd, 4318366.743, 115
Trd, 4318368.543, 109
Trd, 4318370.843, 109
Trd, 4318371.593, 108
Trd, 4318372.543, 109
Trd, 4318378.793, 104
Trd, 4318379.043, 105
Trd, 4318379.243, 104
Trd, 4318379.993, 105
Trd, 4318381.343, 122
Trd, 4318381.793, 110
Trd, 4318387.043, 110
Trd, 4318387.093, 108
Trd, 4318389.343, 111
Trd, 4318390.443, 109
Trd, 4318391.693, 108
Trd, 4318392.793, 109
Trd, 4318395.293, 108
Trd, 4318395.543, 107
Trd, 4318398.593, 105
Trd, 4318399.093, 105
Trd, 4318401.443, 105
Trd, 4318402.443, 118
Trd, 4318402.943, 109
Trd, 4318407.143, 111
Trd, 4318410.093, 109
Trd, 4318410.193, 108
Trd, 4318410.393, 109
Trd, 4318410.843, 107
Trd, 4318414.643, 107
Trd, 4318415.293, 108
Trd, 4318416.943, 105
Trd, 4318419.043, 107
Trd, 4318420.843, 106
Trd, 4318422.193, 106
Trd, 4318426.143, 104
Trd, 4318427.093, 106
Trd, 4318429.443, 105
Trd, 4318430.043, 105
Trd, 4318430.143, 104
Trd, 4318434.893, 104
Trd, 4318435.993, 105
Trd, 4318437.943, 104
Trd, 4318438.943, 103
Trd, 4318439.243, 103
Trd, 4318439.493, 105
Trd, 4318442.493, 103
Trd, 4318443.943, 103
Trd, 4318444.343, 105
Trd, 4318445.793, 102
Trd, 4318447.343, 103
Trd, 4318448.393, 103
Trd, 4318450.593, 104
Trd, 4318451.243, 104
Trd, 4318451.393, 102
Trd, 4318454.093, 104
Trd, 4318454.793, 104
Trd, 4318458.193, 104
Trd, 4318460.043, 105
Trd, 4318461.293, 105
Trd, 4318461.443, 106
Trd, 4318462.943, 101
Trd, 4318464.893, 102
Trd, 4318467.193, 104
Trd, 4318467.693, 104
Trd, 4318469.193, 102
Trd, 4318471.143, 103
Trd, 4318473.343, 103
Trd, 4318477.393, 103
Trd, 4318477.843, 103
Trd, 4318478.993, 102
Trd, 4318480.143, 104
Trd, 4318480.743, 100
Trd, 4318483.493, 120
Trd, 4318484.543, 109
Trd, 4318485.243, 110
Trd, 4318491.243, 109
Trd, 4318491.743, 107
Trd, 4318493.693, 109
Trd, 4318496.043, 108
Trd, 4318496.093, 107
Trd, 4318497.643, 109
Trd, 4318502.643, 107
Trd, 4318503.293, 107
Trd, 4318504.343, 107
Trd, 4318506.443, 106
Trd, 4318507.843, 107
Trd, 4318508.993, 106
Trd, 4318510.693, 105
Trd, 4318514.293, 106
Trd, 4318515.893, 106
Trd, 4318516.143, 104
Trd, 4318517.793, 105
Trd, 4318519.043, 106
Trd, 4318520.793, 105
Trd, 4318521.693, 104
Trd, 4318524.293, 103
Trd, 4318525.293, 102
Trd, 4318526.543, 103
Trd, 4318526.893, 104
Trd, 4318530.593, 103
Trd, 4318533.093, 103
Trd, 4318534.343, 104
Trd, 4318535.193, 103
Trd, 4318537.093, 102
Trd, 4318537.743, 101
Trd, 4318538.643, 104
Trd, 4318540.093, 103
Trd, 4318543.393, 103
Trd, 4318544.293, 99
Trd, 4318547.293, 103
Trd, 4318550.043, 104
Trd, 4318550.743, 104
Trd, 4318550.943, 103
Trd, 4318553.493, 102
Trd, 4318555.943, 104
Trd, 4318557.593, 104
Trd, 4318558.243, 102
Trd, 4318558.793, 102
Trd, 4318561.093, 102
Trd, 4318561.993, 100
Trd, 4318563.243, 94
Trd, 4318563.893, 89
Trd, 4318564.343, 102
Trd, 4318564.643, 104
Trd, 4318568.243, 99
Trd, 4318568.693, 99
Trd, 4318569.093, 99
Trd, 4318571.843, 99
Trd, 4318572.493, 97
Trd, 4318573.793, 95
Trd, 4318574.443, 98
Trd, 4318574.943, 100
Trd, 4318577.443, 100
Trd, 4318578.843, 100
Trd, 4318580.493, 99
Trd, 4318585.193, 98
Trd, 4318586.593, 98
Trd, 4318586.893, 97
Trd, 4318588.793, 98
Trd, 4318589.743, 99
Trd, 4318591.293, 99
Trd, 4318593.043, 99
Trd, 4318594.643, 100
Trd, 4318595.993, 100
Trd, 4318596.293, 104
Trd, 4318599.893, 102
Trd, 4318599.993, 104
Trd, 4318603.243, 100
Trd, 4318604.643, 103
Trd, 4318605.093, 103
Trd, 4318606.093, 100
Trd, 4318610.793, 102
Trd, 4318612.543, 115
Trd, 4318615.193, 101
Trd, 4318616.793, 104
Trd, 4318619.743, 103
Trd, 4318620.293, 102
Trd, 4318620.393, 103
Trd, 4318622.593, 101
Trd, 4318623.943, 100
Trd, 4318624.693, 99
Trd, 4318626.693, 101
Trd, 4318627.043, 102
Trd, 4318627.443, 104
Trd, 4318631.143, 102
Trd, 4318631.343, 104
Trd, 4318634.193, 102
Trd, 4318636.543, 100
Trd, 4318637.193, 104
Trd, 4318638.793, 103
Trd, 4318639.343, 100
Trd, 4318643.143, 101
Trd, 4318643.593, 102
Trd, 4318644.093, 105
Trd, 4318645.093, 102
Trd, 4318646.943, 104
Trd, 4318648.693, 104
Trd, 4318652.243, 104
Trd, 4318652.443, 104
Trd, 4318652.693, 104
Trd, 4318652.743, 102
Trd, 4318654.493, 119
Trd, 4318658.243, 105
Trd, 4318658.993, 107
Trd, 4318659.093, 107
Trd, 4318664.593, 106
Trd, 4318664.693, 106
Trd, 4318664.843, 105
Trd, 4318666.843, 107
Trd, 4318670.043, 105
Trd, 4318670.943, 107
Trd, 4318672.643, 104
Trd, 4318673.543, 104
Trd, 4318674.143, 104
Trd, 4318674.243, 104
Trd, 4318676.393, 102
Trd, 4318677.893, 103
Trd, 4318680.143, 103
Trd, 4318680.643, 102
Trd, 4318680.943, 104
Trd, 4318684.293, 103
Trd, 4318685.293, 103
Trd, 4318687.693, 103
Trd, 4318688.293, 105
Trd, 4318691.793, 105
Trd, 4318692.693, 104
Trd, 4318693.093, 104
Trd, 4318695.093, 106
Trd, 4318696.243, 103
Trd, 4318698.243, 119
Trd, 4318698.643, 108
Trd, 4318698.993, 109
Trd, 4318703.193, 108
Trd, 4318703.343, 108
Trd, 4318704.493, 113
Trd, 4318705.643, 107
Trd, 4318707.743, 111
Trd, 4318710.693, 111
Trd, 4318712.793, 109
Trd, 4318713.043, 107
Trd, 4318714.193, 103
Trd, 4318714.593, 103
Trd, 4318715.843, 104
Trd, 4318718.243, 104
Trd, 4318718.843, 103
Trd, 4318719.043, 103
Trd, 4318720.093, 101
Trd, 4318721.993, 76
Trd, 4318723.293, 94
Trd, 4318725.443, 93
Trd, 4318725.693, 93
Trd, 4318727.543, 94
Trd, 4318728.943, 94
Trd, 4318730.193, 94
Trd, 4318730.443, 95
Trd, 4318731.343, 95
Trd, 4318734.893, 95
Trd, 4318734.993, 95
Trd, 4318735.143, 104
Trd, 4318736.643, 113
Trd, 4318738.843, 103
Trd, 4318740.493, 95
Trd, 4318743.893, 102
Trd, 4318745.043, 102
Trd, 4318749.193, 103
Trd, 4318749.593, 103
Trd, 4318752.393, 105
Trd, 4318754.443, 104
Trd, 4318754.793, 105
Trd, 4318756.193, 105
Trd, 4318757.893, 104
Trd, 4318759.393, 101
Trd, 4318759.593, 97
Trd, 4318760.743, 96
Trd, 4318761.443, 103
Trd, 4318763.943, 113
Trd, 4318765.643, 103
Trd, 4318767.493, 102
Trd, 4318768.393, 98
Trd, 4318768.993, 102
Trd, 4318769.593, 102
Trd, 4318772.793, 102
Trd, 4318772.843, 99
Trd, 4318775.093, 100
Trd, 4318776.093, 104
Trd, 4318776.943, 105
Trd, 4318777.443, 103
Trd, 4318779.393, 103
Trd, 4318779.643, 104
Trd, 4318784.693, 104
Trd, 4318785.593, 113
Trd, 4318786.293, 108
Trd, 4318790.393, 105
Trd, 4318791.043, 109
Trd, 4318792.693, 107
Trd, 4318792.843, 105
Trd, 4318793.393, 105
Trd, 4318794.243, 104
Trd, 4318795.593, 105
Trd, 4318799.943, 105
Trd, 4318800.643, 114
Trd, 4318801.893, 109
Trd, 4318803.643, 109
Trd, 4318805.043, 105
Trd, 4318805.893, 99
Trd, 4318809.143, 101
Trd, 4318809.793, 101
Trd, 4318810.193, 106
Trd, 4318811.443, 122
Trd, 4318813.743, 110
Trd, 4318814.443, 109
Trd, 4318814.493, 108
Trd, 4318819.043, 107
Trd, 4318820.743, 108
Trd, 4318821.143, 109
Trd, 4318825.493, 106
Trd, 4318826.443, 109
Trd, 4318826.593, 109
Trd, 4318827.693, 109
Trd, 4318828.943, 104
Trd, 4318829.743, 110
Trd, 4318830.343, 103
Trd, 4318833.243, 111
Trd, 4318836.693, 108
Trd, 4318842.043, 106
Trd, 4318842.793, 104
Trd, 4318844.493, 105
Trd, 4318845.743, 104
Trd, 4318846.493, 103
Trd, 4318846.693, 105
Trd, 4318848.643, 103
Trd, 4318850.443, 105
Trd, 4318852.343, 105
Trd, 4318853.543, 103
Trd, 4318854.943, 104
Trd, 4318858.093, 104
Trd, 4318858.443, 104
Trd, 4318858.693, 105
Trd, 4318859.693, 105
Trd, 4318860.243, 103
Trd, 4318862.093, 102
Trd, 4318864.843, 105
Trd, 4318868.593, 105
Trd, 4318873.043, 105
Trd, 4318873.693, 105
Trd, 4318873.893, 104
Trd, 4318874.593, 104
Trd, 4318876.193, 102
Trd, 4318877.193, 104
Trd, 4318877.893, 94
Trd, 4318878.493, 99
Trd, 4318880.893, 97
Trd, 4318881.043, 98
Trd, 4318883.093, 98
Trd, 4318885.043, 98
Trd, 4318886.293, 99
Trd, 4318887.493, 100
Trd, 4318888.243, 105
Trd, 4318892.793, 103
Trd, 4318895.543, 102
Trd, 4318897.243, 103
Trd, 4318898.043, 101
Trd, 4318898.243, 105
Trd, 4318899.193, 105
Trd, 4318900.993, 105
Trd, 4318901.593, 113
Trd, 4318903.093, 108
Trd, 4318908.693, 108
Trd, 4318908.943, 108
Trd, 4318910.743, 107
Trd, 4318915.543, 104
Trd, 4318915.593, 106
Trd, 4318915.693, 107
Trd, 4318923.593, 106
Trd, 4318928.043, 105
Trd, 4318928.393, 104
Trd, 4318928.493, 104
Trd, 4318930.293, 104
Trd, 4318931.993, 105
Trd, 4318934.493, 106
Trd, 4318937.443, 104
Trd, 4318937.543, 103
Trd, 4318938.493, 102
Trd, 4318939.793, 105
Trd, 4318940.343, 100
Trd, 4318941.093, 99
Trd, 4318942.793, 99
Trd, 4318943.393, 100
Trd, 4318943.843, 105
Trd, 4318947.993, 101
Trd, 4318949.143, 102
Trd, 4318949.543, 103
Trd, 4318949.943, 101
Trd, 4318953.143, 100
Trd, 4318953.843, 101
Trd, 4318954.093, 96
Trd, 4318956.243, 115
Trd, 4318956.343, 107
Trd, 4318956.493, 122
Trd, 4318958.243, 112
Trd, 4318958.393, 98
Trd, 4318962.043, 107
Trd, 4318965.293, 105
Trd, 4318968.543, 105
Trd, 4318969.893, 105
Trd, 4318970.343, 104
Trd, 4318971.093, 101
Trd, 4318972.343, 103
Trd, 4318974.343, 103
Trd, 4318976.393, 102
Trd, 4318976.993, 103
Trd, 4318977.343, 104
Trd, 4318980.343, 103
Trd, 4318981.693, 102
Trd, 4318984.543, 104
Trd, 4318984.743, 104
Trd, 4318987.093, 103
Trd, 4318987.193, 103
Trd, 4318987.843, 103
Trd, 4318988.943, 103
Trd, 4318992.593, 103
Trd, 4318995.493, 102
Trd, 4318996.193, 102
Trd, 4318996.643, 103
Trd, 4318999.593, 102
Trd, 4319002.543, 102
Trd, 4319003.943, 102
Trd, 4319006.043, 101
Trd, 4319007.593, 102
Trd, 4319007.643, 101
Trd, 4319008.943, 100
Trd, 4319011.343, 101
Trd, 4319014.343, 102
Trd, 4319016.543, 102
Trd, 4319017.893, 103
Trd, 4319018.793, 103
Trd, 4319019.443, 102
Trd, 4319022.543, 101
Trd, 4319024.243, 103
Trd, 4319026.693, 101
Trd, 4319027.093, 102
Trd, 4319027.893, 101
Trd, 4319029.043, 100
Trd, 4319030.843, 99
Trd, 4319032.843, 101
Trd, 4319035.293, 104
Trd, 4319036.893, 108
Trd, 4319037.893, 113
Trd, 4319037.993, 109
Trd, 4319038.243, 122
Trd, 4319041.643, 102
Trd, 4319045.043, 102
Trd, 4319045.743, 102
Trd, 4319047.593, 104
Trd, 4319048.093, 105
Trd, 4319049.743, 105
Trd, 4319051.693, 106
Trd, 4319053.493, 105
Trd, 4319055.093, 106
Trd, 4319058.193, 106
Trd, 4319059.043, 104
Trd, 4319059.493, 107
Trd, 4319060.843, 104
Trd, 4319064.393, 107
Trd, 4319064.493, 104
Trd, 4319065.943, 105
Trd, 4319066.693, 106
Trd, 4319068.693, 105
Trd, 4319069.443, 104
Trd, 4319070.493, 104
Trd, 4319073.643, 105
Trd, 4319074.293, 106
Trd, 4319074.543, 103
Trd, 4319078.593, 104
Trd, 4319078.693, 106
Trd, 4319079.843, 105
Trd, 4319084.893, 104
Trd, 4319085.693, 104
Trd, 4319086.443, 104
Trd, 4319088.093, 104
Trd, 4319089.443, 104
Trd, 4319090.643, 116
Trd, 4319091.943, 108
Trd, 4319094.943, 105
Trd, 4319095.893, 109
Trd, 4319096.043, 109
Trd, 4319101.543, 106
Trd, 4319102.843, 105
Trd, 4319103.243, 104
Trd, 4319103.543, 104
Trd, 4319104.293, 105
Trd, 4319108.243, 105
Trd, 4319111.043, 105
Trd, 4319111.543, 104
Trd, 4319111.693, 104
Trd, 4319111.793, 105
Trd, 4319117.243, 104
Trd, 4319118.193, 105
Trd, 4319120.743, 104
Trd, 4319120.893, 103
Trd, 4319122.043, 103
Trd, 4319122.743, 103
Trd, 4319125.143, 103
Trd, 4319125.193, 104
Trd, 4319127.343, 104
Trd, 4319128.293, 110
Trd, 4319130.043, 111
Trd, 4319130.343, 111
Trd, 4319131.193, 111
Trd, 4319131.443, 104
Trd, 4319132.543, 119
Trd, 4319132.693, 123
Trd, 4319136.093, 117
Trd, 4319138.843, 113
Trd, 4319141.243, 114
Trd, 4319143.143, 114
Trd, 4319144.393, 112
Trd, 4319146.043, 113
Trd, 4319146.593, 113
Trd, 4319147.493, 111
Trd, 4319152.593, 113
Trd, 4319153.243, 110
Trd, 4319153.893, 112
Trd, 4319154.093, 108
Trd, 4319155.193, 113
Trd, 4319158.793, 112
Trd, 4319162.393, 110
Trd, 4319162.693, 109
Trd, 4319163.243, 109
Trd, 4319163.793, 108
Trd, 4319164.443, 107
Trd, 4319164.543, 111
Trd, 4319171.093, 110
Trd, 4319173.543, 107
Trd, 4319173.993, 110
Trd, 4319174.043, 104
Trd, 4319175.743, 102
Trd, 4319177.093, 102
Trd, 4319177.493, 103
Trd, 4319180.643, 101
Trd, 4319181.343, 101
Trd, 4319181.943, 100
Trd, 4319183.243, 100
Trd, 4319183.443, 117
Trd, 4319184.443, 107
Trd, 4319189.693, 101
Trd, 4319191.193, 107
Trd, 4319197.143, 104
Trd, 4319197.543, 103
Trd, 4319197.843, 104
Trd, 4319199.393, 104
Trd, 4319200.093, 102
Trd, 4319200.843, 101
Trd, 4319202.293, 101
Trd, 4319204.843, 102
Trd, 4319207.293, 102
Trd, 4319208.043, 102
Trd, 4319209.193, 103
Trd, 4319209.343, 104
Trd, 4319212.293, 103
Trd, 4319212.943, 104
Trd, 4319213.443, 104
Trd, 4319217.343, 102
Trd, 4319217.543, 104
Trd, 4319218.993, 100
Trd, 4319220.343, 105
Trd, 4319222.643, 103
Trd, 4319223.143, 102
Trd, 4319223.943, 103
Trd, 4319225.093, 99
Trd, 4319226.643, 102
Trd, 4319227.043, 104
Trd, 4319230.893, 102
Trd, 4319231.193, 102
Trd, 4319232.243, 103
Trd, 4319232.893, 118
Trd, 4319234.193, 111
Trd, 4319234.743, 105
Trd, 4319236.493, 105
Trd, 4319239.893, 106
Trd, 4319240.293, 105
Trd, 4319240.343, 104
Trd, 4319241.493, 103
Trd, 4319241.643, 105
Trd, 4319244.593, 103
Trd, 4319247.243, 102
Trd, 4319248.243, 105
Trd, 4319249.593, 104
Trd, 4319251.443, 103
Trd, 4319252.593, 103
Trd, 4319252.693, 103
Trd, 4319254.643, 103
Trd, 4319255.093, 102
Trd, 4319255.293, 105
Trd, 4319256.393, 122
Trd, 4319257.343, 113
Trd, 4319259.843, 110
Trd, 4319264.993, 108
Trd, 4319265.093, 104
Trd, 4319266.793, 108
Trd, 4319267.243, 108
Trd, 4319268.093, 107
Trd, 4319270.993, 105
Trd, 4319273.993, 105
Trd, 4319275.993, 106
Trd, 4319277.493, 106
Trd, 4319278.043, 106
Trd, 4319279.193, 106
Trd, 4319281.193, 104
Trd, 4319281.793, 104
Trd, 4319284.143, 106
Trd, 4319290.693, 105
Trd, 4319291.793, 104
Trd, 4319291.893, 105
Trd, 4319292.443, 105
Trd, 4319296.093, 106
Trd, 4319298.643, 104
Trd, 4319299.893, 106
Trd, 4319302.143, 105
Trd, 4319303.993, 104
Trd, 4319304.693, 102
Trd, 4319306.543, 103
Trd, 4319306.843, 104
Trd, 4319307.793, 103
Trd, 4319309.193, 102
Trd, 4319310.493, 102
Trd, 4319312.143, 103
Trd, 4319314.793, 102
Trd, 4319316.093, 101
Trd, 4319316.293, 103
Trd, 4319317.043, 102
Trd, 4319320.643, 104
Trd, 4319322.193, 103
Trd, 4319322.293, 104
Trd, 4319325.743, 103
Trd, 4319327.143, 103
Trd, 4319327.743, 103
Trd, 4319329.093, 102
Trd, 4319330.193, 100
Trd, 4319330.893, 91
Trd, 4319331.943, 95
Trd, 4319332.843, 94
Trd, 4319336.243, 95
Trd, 4319336.993, 95
Trd, 4319337.693, 95
Trd, 4319339.893, 95
Trd, 4319340.343, 94
Trd, 4319340.693, 105
Trd, 4319343.043, 98
Trd, 4319345.493, 97
Trd, 4319346.743, 97
Trd, 4319349.243, 98
Trd, 4319349.393, 98
Trd, 4319351.793, 97
Trd, 4319352.343, 98
Trd, 4319356.893, 98
Trd, 4319357.343, 98
Trd, 4319357.843, 105
Trd, 4319359.043, 97
Trd, 4319360.893, 102
Trd, 4319362.393, 102
Trd, 4319362.843, 106
Trd, 4319363.543, 102
Trd, 4319367.193, 105
Trd, 4319368.043, 107
Trd, 4319368.343, 106
Trd, 4319368.893, 106
Trd, 4319369.893, 107
Trd, 4319372.043, 107
Trd, 4319375.143, 107
Trd, 4319375.643, 105
Trd, 4319376.693, 108
Trd, 4319380.143, 105
Trd, 4319380.293, 108
Trd, 4319384.543, 105
Trd, 4319386.043, 105
Trd, 4319388.693, 105
Trd, 4319390.493, 104
Trd, 4319391.443, 105
Trd, 4319393.293, 106
Trd, 4319394.193, 106
Trd, 4319394.343, 104
Trd, 4319396.393, 105
Trd, 4319399.943, 104
Trd, 4319400.093, 104
Trd, 4319400.143, 105
Trd, 4319401.593, 104
Trd, 4319405.943, 105
Trd, 4319406.993, 103
Trd, 4319409.543, 104
Trd, 4319410.543, 105
Trd, 4319411.193, 104
Trd, 4319412.493, 106
Trd, 4319413.193, 107
Trd, 4319414.993, 106
Trd, 4319417.293, 104
Trd, 4319418.193, 104
Trd, 4319418.943, 103
Trd, 4319420.093, 101
Trd, 4319420.693, 104
Trd, 4319422.343, 104
Trd, 4319424.293, 104
Trd, 4319424.343, 118
Trd, 4319425.093, 110
Trd, 4319426.193, 105
Trd, 4319428.193, 103
Trd, 4319430.043, 104
Trd, 4319430.493, 104
Trd, 4319434.143, 104
Trd, 4319434.443, 105
Trd, 4319436.343, 105
Trd, 4319438.693, 104
Trd, 4319439.443, 105
Trd, 4319439.893, 105
Trd, 4319442.943, 105
Trd, 4319443.393, 104
Trd, 4319444.443, 104
Trd, 4319444.693, 103
Trd, 4319445.793, 118
Trd, 4319447.593, 106
Trd, 4319448.793, 111
Trd, 4319451.243, 111
Trd, 4319451.393, 107
Trd, 4319451.493, 112
Trd, 4319456.093, 108
Trd, 4319462.743, 107
Trd, 4319463.393, 104
Trd, 4319465.343, 107
Trd, 4319465.593, 107
Trd, 4319465.693, 105
Trd, 4319466.843, 108
Trd, 4319469.343, 107
Trd, 4319473.543, 107
Trd, 4319474.243, 104
Trd, 4319475.293, 104
Trd, 4319475.993, 106
Trd, 4319477.043, 106
Trd, 4319481.743, 106
Trd, 4319483.543, 106
Trd, 4319483.743, 104
Trd, 4319485.143, 106
Trd, 4319489.243, 105
Trd, 4319490.493, 105
Trd, 4319490.943, 106
Trd, 4319492.543, 106
Trd, 4319496.743, 104
Trd, 4319497.943, 106
Trd, 4319499.043, 107
Trd, 4319501.343, 105
Trd, 4319502.543, 104
Trd, 4319503.543, 107
Trd, 4319505.393, 101
Trd, 4319505.893, 103
Trd, 4319506.693, 102
Trd, 4319509.693, 102
Trd, 4319510.643, 120
Trd, 4319511.493, 105
Trd, 4319512.093, 108
Trd, 4319517.243, 104
Trd, 4319518.643, 107
Trd, 4319519.043, 105
Trd, 4319523.243, 104
Trd, 4319524.743, 103
Trd, 4319524.793, 104
Trd, 4319525.943, 102
Trd, 4319525.993, 104
Trd, 4319526.393, 100
Trd, 4319528.743, 96
Trd, 4319529.343, 104
Trd, 4319529.793, 104
Trd, 4319529.993, 103
Trd, 4319534.293, 98
Trd, 4319535.043, 100
Trd, 4319536.343, 102
Trd, 4319536.393, 99
Trd, 4319538.643, 101
Trd, 4319538.893, 104
Trd, 4319541.493, 101
Trd, 4319542.343, 101
Trd, 4319542.993, 101
Trd, 4319544.893, 104
Trd, 4319545.093, 103
Trd, 4319545.843, 116
Trd, 4319549.743, 105
Trd, 4319550.343, 106
Trd, 4319552.193, 107
Trd, 4319554.793, 106
Trd, 4319563.243, 105
Trd, 4319563.743, 97
Trd, 4319564.343, 98
Trd, 4319565.143, 98
Trd, 4319566.843, 98
Trd, 4319567.443, 98
Trd, 4319567.843, 104
Trd, 4319569.693, 100
Trd, 4319571.193, 116
Trd, 4319573.243, 105
Trd, 4319573.343, 107
Trd, 4319575.693, 106
Trd, 4319575.843, 105
Trd, 4319576.293, 105
Trd, 4319576.693, 107
Trd, 4319579.193, 115
Trd, 4319580.393, 111
Trd, 4319584.443, 108
Trd, 4319586.743, 107
Trd, 4319587.893, 105
Trd, 4319590.993, 107
Trd, 4319592.343, 106
Trd, 4319596.993, 104
Trd, 4319597.543, 120
Trd, 4319597.843, 111
Trd, 4319598.543, 103
Trd, 4319600.643, 108
Trd, 4319601.443, 106
Trd, 4319604.343, 105
Trd, 4319604.543, 104
Trd, 4319605.493, 105
Trd, 4319605.743, 103
Trd, 4319608.693, 104
Trd, 4319610.343, 104
Trd, 4319610.743, 103
Trd, 4319611.893, 104
Trd, 4319615.343, 102
Trd, 4319618.043, 102
Trd, 4319618.143, 104
Trd, 4319619.393, 103
Trd, 4319620.293, 102
Trd, 4319622.693, 104
Trd, 4319625.943, 104
Trd, 4319628.693, 102
Trd, 4319628.793, 104
Trd, 4319632.143, 104
Trd, 4319633.543, 104
Trd, 4319635.293, 104
Trd, 4319637.993, 104
Trd, 4319638.393, 103
Trd, 4319638.443, 102
Trd, 4319638.593, 105
Trd, 4319642.793, 103
Trd, 4319645.793, 118
Trd, 4319646.043, 111
Trd, 4319646.643, 115
Trd, 4319649.093, 108
Trd, 4319649.443, 112
Trd, 4319653.643, 110
Trd, 4319654.793, 109
Trd, 4319658.843, 108
Trd, 4319659.943, 104
Trd, 4319661.443, 105
Trd, 4319662.043, 108
Trd, 4319662.493, 107
Trd, 4319665.443, 107
Trd, 4319666.643, 104
Trd, 4319669.143, 107
Trd, 4319672.993, 106
Trd, 4319673.693, 105
Trd, 4319676.743, 104
Trd, 4319678.043, 103
Trd, 4319679.043, 105
Trd, 4319680.693, 102
Trd, 4319682.343, 94
Trd, 4319682.443, 105
Trd, 4319684.593, 103
Trd, 4319686.393, 102
Trd, 4319687.343, 104
Trd, 4319689.143, 104
Trd, 4319690.943, 104
Trd, 4319691.643, 103
Trd, 4319692.993, 104
Trd, 4319694.143, 105
Trd, 4319694.593, 104
Trd, 4319695.743, 104
Trd, 4319697.143, 105
Trd, 4319699.393, 105
Trd, 4319700.543, 106
Trd, 4319701.543, 106
Trd, 4319704.793, 106
Trd, 4319706.793, 106
Trd, 4319707.143, 106
Trd, 4319708.493, 106
Trd, 4319709.343, 105
Trd, 4319711.543, 106
Trd, 4319717.143, 106
Trd, 4319720.043, 106
Trd, 4319721.493, 104
Trd, 4319721.793, 104
Trd, 4319723.243, 106
Trd, 4319724.343, 106
Trd, 4319728.693, 105
Trd, 4319730.343, 105
Trd, 4319730.743, 104
Trd, 4319731.093, 102
Trd, 4319731.293, 105
Trd, 4319731.393, 116
Trd, 4319737.293, 106
Trd, 4319738.793, 106
Trd, 4319741.593, 106
Trd, 4319745.543, 105
Trd, 4319746.693, 105
Trd, 4319747.843, 105
Trd, 4319749.193, 104
Trd, 4319751.393, 105
Trd, 4319751.443, 105
Trd, 4319751.743, 104
Trd, 4319752.493, 104
Trd, 4319755.193, 104
Trd, 4319755.343, 103
Trd, 4319756.793, 104
Trd, 4319760.143, 105
Trd, 4319760.643, 103
Trd, 4319761.293, 104
Trd, 4319765.793, 104
Trd, 4319765.943, 105
Trd, 4319766.293, 103
Trd, 4319766.693, 105
Trd, 4319768.043, 103
Trd, 4319769.393, 102
Trd, 4319769.693, 104
Trd, 4319769.993, 105
Trd, 4319774.043, 102
Trd, 4319774.743, 103
Trd, 4319774.843, 104
Trd, 4319777.043, 104
Trd, 4319778.093, 101
Trd, 4319778.443, 117
Trd, 4319778.543, 122
Trd, 4319783.893, 113
Trd, 4319786.743, 111
Trd, 4319787.593, 108
Trd, 4319788.243, 113
Trd, 4319788.343, 113
Trd, 4319791.593, 108
Trd, 4319794.443, 109
Trd, 4319795.593, 109
Trd, 4319796.743, 107
Trd, 4319797.943, 109
Trd, 4319801.793, 108
Trd, 4319804.493, 107
Trd, 4319805.693, 106
Trd, 4319806.143, 106
Trd, 4319809.093, 105
Trd, 4319809.643, 106
Trd, 4319809.743, 104
Trd, 4319811.743, 106
Trd, 4319812.343, 106
Trd, 4319817.493, 106
Trd, 4319820.793, 105
Trd, 4319820.943, 104
Trd, 4319821.293, 104
Trd, 4319824.993, 105
Trd, 4319826.293, 105
Trd, 4319827.043, 122
Trd, 4319830.043, 100
Trd, 4319830.343, 100
Trd, 4319831.393, 102
Trd, 4319832.343, 101
Trd, 4319835.443, 102
Trd, 4319835.643, 102
Trd, 4319836.143, 104
Trd, 4319837.643, 104
Trd, 4319838.143, 102
Trd, 4319838.643, 96
Trd, 4319839.643, 105
Trd, 4319842.743, 100
Trd, 4319842.993, 99
Trd, 4319844.743, 100
Trd, 4319845.643, 100
Trd, 4319849.293, 100
Trd, 4319849.643, 100
Trd, 4319851.243, 101
Trd, 4319852.043, 99
Trd, 4319852.643, 98
Trd, 4319852.793, 104
Trd, 4319853.293, 102
Trd, 4319854.093, 103
Trd, 4319856.243, 103
Trd, 4319859.743, 91
Trd, 4319860.443, 92
Trd, 4319860.743, 85
Trd, 4319861.343, 91
Trd, 4319863.093, 104
Trd, 4319866.693, 95
Trd, 4319867.343, 104
Trd, 4319871.293, 98
Trd, 4319871.543, 97
Trd, 4319872.193, 97
Trd, 4319874.193, 97
Trd, 4319876.343, 97
Trd, 4319878.793, 98
Trd, 4319881.243, 105
Trd, 4319883.793, 99
Trd, 4319885.443, 100
Trd, 4319885.793, 100
Trd, 4319886.843, 100
Trd, 4319888.443, 102
Trd, 4319889.243, 105
Trd, 4319889.793, 116
Trd, 4319896.543, 104
Trd, 4319896.743, 104
Trd, 4319896.993, 104
Trd, 4319897.543, 100
Trd, 4319899.743, 101
Trd, 4319899.943, 94
Trd, 4319902.443, 101
Trd, 4319902.843, 101
Trd, 4319902.893, 104
Trd, 4319905.593, 104
Trd, 4319906.693, 114
Trd, 4319906.993, 109
Trd, 4319908.843, 109
Trd, 4319909.643, 122
Trd, 4319909.693, 113
Trd, 4319911.043, 110
Trd, 4319912.893, 108
Trd, 4319914.843, 100
Trd, 4319916.593, 97
Trd, 4319916.743, 94
Trd, 4319917.743, 103
Trd, 4319918.993, 98
Trd, 4319920.093, 105
Trd, 4319923.243, 101
Trd, 4319923.893, 98
Trd, 4319924.243, 96
Trd, 4319925.393, 97
Trd, 4319926.393, 97
Trd, 4319926.643, 94
Trd, 4319928.043, 106
Trd, 4319931.943, 100
Trd, 4319933.093, 101
Trd, 4319934.393, 101
Trd, 4319935.243, 102
Trd, 4319935.843, 104
Trd, 4319938.093, 100
Trd, 4319939.393, 104
Trd, 4319940.193, 103
Trd, 4319940.943, 104
Trd, 4319941.843, 101
Trd, 4319943.793, 92
Trd, 4319945.143, 102
Trd, 4319947.343, 102
Trd, 4319949.193, 101
Trd, 4319950.093, 102
Trd, 4319952.693, 123
Trd, 4319955.943, 109
Trd, 4319956.043, 106
Trd, 4319956.843, 106
Trd, 4319958.193, 106
Trd, 4319959.993, 101
Trd, 4319960.993, 100
Trd, 4319961.593, 100
Trd, 4319963.493, 104
Trd, 4319965.643, 103
Trd, 4319965.993, 104
Trd, 4319966.593, 96
Trd, 4319967.793, 115
Trd, 4319968.093, 118
Trd, 4319970.193, 111
Trd, 4319970.843, 114
Trd, 4319973.193, 110
Trd, 4319973.643, 112
Trd, 4319975.293, 109
Trd, 4319976.193, 107
Trd, 4319978.143, 104
Trd, 4319979.993, 99
Trd, 4319980.543, 99
Trd, 4319982.143, 105
Trd, 4319983.093, 104
Trd, 4319984.343, 104
Trd, 4319984.693, 104
Trd, 4319987.143, 102
Trd, 4319988.793, 103
Trd, 4319989.343, 104
Trd, 4319991.193, 104
Trd, 4319992.793, 101
Trd, 4319993.743, 101
Trd, 4319995.093, 103
Trd, 4319997.243, 95
Trd, 4319998.143, 92
Trd, 4319999.143, 91
