Trd, 4317809.093, 97
Trd, 4317810.593, 97
Trd, 4317811.993, 96
Trd, 4317812.293, 97
Trd, 4317814.293, 99
Trd, 4317815.693, 98
Trd, 4317817.343, 98
Trd, 4317818.193, 97
Trd, 4317819.093, 105
Trd, 4317821.243, 97
Trd, 4317821.593, 99
Trd, 4317822.743, 96
Trd, 4317824.193, 100
Trd, 4317824.643, 97
Trd, 4317825.293, 96
Trd, 4317825.593, 95
Trd, 4317828.493, 94
Trd, 4317830.493, 98
Trd, 4317831.893, 104
Trd, 4317832.393, 103
Trd, 4317832.843, 107
Trd, 4317833.193, 96
Trd, 4317835.943, 100
Trd, 4317839.293, 101
Trd, 4317840.243, 99
Trd, 4317841.293, 100
Trd, 4317841.443, 99
Trd, 4317845.693, 99
Trd, 4317845.993, 101
Trd, 4317846.893, 100
Trd, 4317848.893, 101
Trd, 4317849.293, 99
Trd, 4317852.543, 101
Trd, 4317854.893, 98
Trd, 4317856.193, 97
Trd, 4317856.593, 97
Trd, 4317856.693, 97
Trd, 4317860.943, 96
Trd, 4317863.343, 95
Trd, 4317864.843, 100
Trd, 4317865.193, 96
Trd, 4317867.793, 94
Trd, 4317870.393, 94
Trd, 4317872.393, 100
Trd, 4317872.993, 100
Trd, 4317874.443, 101
Trd, 4317874.743, 102
Trd, 4317874.893, 104
Trd, 4317875.293, 100
Trd, 4317876.693, 101
Trd, 4317877.543, 96
Trd, 4317881.893, 102
Trd, 4317883.943, 100
Trd, 4317885.593, 99
Trd, 4317888.293, 99
Trd, 4317889.993, 100
Trd, 4317891.843, 101
Trd, 4317893.893, 99
Trd, 4317895.393, 98
Trd, 4317897.493, 100
Trd, 4317898.193, 101
Trd, 4317900.993, 100
Trd, 4317904.193, 100
Trd, 4317904.893, 94
Trd, 4317907.543, 98
Trd, 4317908.293, 101
Trd, 4317909.443, 98
Trd, 4317911.593, 100
Trd, 4317914.743, 99
Trd, 4317915.843, 98
Trd, 4317918.793, 94
Trd, 4317920.043, 97
Trd, 4317921.393, 98
Trd, 4317922.143, 104
Trd, 4317922.543, 96
Trd, 4317924.143, 101
Trd, 4317924.293, 101
Trd, 4317928.793, 100
Trd, 4317929.093, 98
Trd, 4317929.593, 102
Trd, 4317929.943, 85
Trd, 4317931.793, 95
Trd, 4317933.243, 96
Trd, 4317933.443, 94
Trd, 4317933.893, 92
Trd, 4317935.693, 101
Trd, 4317939.493, 93
Trd, 4317940.193, 95
Trd, 4317943.193, 95
Trd, 4317944.593, 95
Trd, 4317945.093, 94
Trd, 4317945.543, 94
Trd, 4317947.743, 92
Trd, 4317949.443, 92
Trd, 4317950.893, 95
Trd, 4317952.043, 93
Trd, 4317953.593, 94
Trd, 4317959.443, 93
Trd, 4317961.043, 93
Trd, 4317962.893, 95
Trd, 4317963.443, 94
Trd, 4317963.943, 93
Trd, 4317968.693, 96
Trd, 4317969.293, 97
Trd, 4317970.693, 96
Trd, 4317972.193, 98
Trd, 4317973.993, 96
Trd, 4317974.893, 95
Trd, 4317975.693, 94
Trd, 4317977.293, 95
Trd, 4317978.643, 95
Trd, 4317981.093, 96
Trd, 4317981.393, 95
Trd, 4317981.693, 94
Trd, 4317983.043, 95
Trd, 4317986.093, 94
Trd, 4317986.593, 95
Trd, 4317990.143, 95
Trd, 4317991.193, 95
Trd, 4317991.393, 94
Trd, 4317992.793, 96
Trd, 4317995.393, 94
Trd, 4317995.443, 94
Trd, 4317996.943, 96
Trd, 4317998.143, 95
Trd, 4317999.443, 96
Trd, 4317999.693, 94
Trd, 4318002.243, 94
Trd, 4318003.643, 96
Trd, 4318004.143, 104
Trd, 4318005.993, 94
Trd, 4318007.043, 101
Trd, 4318008.043, 104
Trd, 4318008.793, 103
Trd, 4318009.043, 102
Trd, 4318011.143, 102
Trd, 4318012.193, 72
Trd, 4318013.743, 101
Trd, 4318014.993, 100
Trd, 4318017.743, 101
Trd, 4318019.243, 100
Trd, 4318019.293, 101
Trd, 4318024.843, 100
Trd, 4318025.193, 101
Trd, 4318025.993, 101
Trd, 4318027.043, 100
Trd, 4318028.393, 101
Trd, 4318029.443, 100
Trd, 4318031.593, 102
Trd, 4318032.943, 99
Trd, 4318034.093, 98
Trd, 4318035.243, 99
Trd, 4318039.943, 102
Trd, 4318040.193, 100
Trd, 4318040.943, 98
Trd, 4318044.743, 97
Trd, 4318046.043, 98
Trd, 4318050.593, 101
Trd, 4318053.193, 99
Trd, 4318053.493, 98
Trd, 4318054.693, 101
Trd, 4318055.343, 98
Trd, 4318057.593, 97
Trd, 4318059.093, 97
Trd, 4318063.293, 101
Trd, 4318063.543, 99
Trd, 4318064.893, 99
Trd, 4318067.193, 100
Trd, 4318067.443, 98
Trd, 4318068.493, 100
Trd, 4318069.443, 104
Trd, 4318071.043, 100
Trd, 4318071.393, 101
Trd, 4318073.593, 99
Trd, 4318074.793, 100
Trd, 4318074.943, 99
Trd, 4318075.993, 99
Trd, 4318081.093, 98
Trd, 4318085.043, 98
Trd, 4318085.993, 97
Trd, 4318089.593, 98
Trd, 4318091.843, 98
Trd, 4318095.343, 99
Trd, 4318096.093, 99
Trd, 4318097.093, 98
Trd, 4318097.743, 97
Trd, 4318099.693, 104
Trd, 4318102.943, 100
Trd, 4318103.693, 98
Trd, 4318104.343, 100
Trd, 4318104.543, 98
Trd, 4318105.743, 94
Trd, 4318107.093, 100
Trd, 4318108.643, 99
Trd, 4318111.893, 98
Trd, 4318117.243, 97
Trd, 4318118.293, 97
Trd, 4318119.543, 96
Trd, 4318120.093, 94
Trd, 4318125.293, 99
Trd, 4318127.043, 99
Trd, 4318127.093, 99
Trd, 4318131.943, 99
Trd, 4318134.093, 99
Trd, 4318136.393, 99
Trd, 4318137.493, 98
Trd, 4318138.893, 97
Trd, 4318142.543, 96
Trd, 4318144.943, 99
Trd, 4318145.443, 97
Trd, 4318149.543, 96
Trd, 4318152.643, 97
Trd, 4318152.993, 97
Trd, 4318156.143, 100
Trd, 4318156.743, 99
Trd, 4318157.293, 98
Trd, 4318157.793, 97
Trd, 4318162.293, 96
Trd, 4318165.193, 97
Trd, 4318167.693, 100
Trd, 4318169.143, 100
Trd, 4318169.443, 97
Trd, 4318169.543, 99
Trd, 4318170.043, 96
Trd, 4318171.893, 97
Trd, 4318173.643, 100
Trd, 4318176.143, 98
Trd, 4318178.493, 100
Trd, 4318179.043, 100
Trd, 4318179.393, 97
Trd, 4318180.693, 98
Trd, 4318183.793, 101
Trd, 4318184.993, 104
Trd, 4318185.343, 102
Trd, 4318186.993, 101
Trd, 4318187.193, 96
Trd, 4318193.143, 101
Trd, 4318193.193, 99
Trd, 4318193.993, 101
Trd, 4318194.243, 99
Trd, 4318196.093, 98
Trd, 4318196.143, 94
Trd, 4318200.943, 98
Trd, 4318201.443, 99
Trd, 4318201.943, 99
Trd, 4318202.143, 97
Trd, 4318204.293, 99
Trd, 4318204.793, 97
Trd, 4318206.243, 97
Trd, 4318207.243, 99
Trd, 4318209.043, 98
Trd, 4318210.993, 99
Trd, 4318213.593, 97
Trd, 4318214.193, 96
Trd, 4318217.993, 99
Trd, 4318218.443, 99
Trd, 4318219.193, 96
Trd, 4318219.943, 96
Trd, 4318221.893, 95
Trd, 4318224.543, 95
Trd, 4318227.093, 94
Trd, 4318228.043, 94
Trd, 4318228.843, 98
Trd, 4318231.143, 94
Trd, 4318235.493, 95
Trd, 4318236.143, 93
Trd, 4318236.793, 95
Trd, 4318237.043, 93
Trd, 4318241.843, 95
Trd, 4318241.893, 92
Trd, 4318243.293, 95
Trd, 4318243.593, 91
Trd, 4318244.643, 95
Trd, 4318246.893, 98
Trd, 4318247.543, 97
Trd, 4318247.693, 97
Trd, 4318250.593, 96
Trd, 4318251.843, 98
Trd, 4318254.693, 95
Trd, 4318256.193, 96
Trd, 4318256.893, 97
Trd, 4318257.793, 98
Trd, 4318259.193, 98
Trd, 4318260.693, 97
Trd, 4318263.393, 96
Trd, 4318264.743, 98
Trd, 4318266.243, 97
Trd, 4318269.693, 97
Trd, 4318271.043, 97
Trd, 4318274.793, 97
Trd, 4318275.393, 95
Trd, 4318278.343, 97
Trd, 4318279.893, 97
Trd, 4318281.093, 98
Trd, 4318281.293, 96
Trd, 4318282.443, 96
Trd, 4318283.893, 95
Trd, 4318285.393, 98
Trd, 4318287.043, 98
Trd, 4318287.793, 98
Trd, 4318288.493, 96
Trd, 4318289.043, 97
Trd, 4318292.493, 98
Trd, 4318294.543, 98
Trd, 4318294.643, 97
Trd, 4318295.443, 96
Trd, 4318298.043, 95
Trd, 4318298.993, 97
Trd, 4318301.343, 96
Trd, 4318303.043, 96
Trd, 4318306.343, 95
Trd, 4318306.843, 96
Trd, 4318309.043, 95
Trd, 4318311.243, 95
Trd, 4318314.143, 97
Trd, 4318317.343, 94
Trd, 4318317.543, 94
Trd, 4318323.093, 94
Trd, 4318323.343, 94
Trd, 4318323.993, 94
Trd, 4318325.943, 95
Trd, 4318326.543, 93
Trd, 4318330.393, 92
Trd, 4318332.793, 95
Trd, 4318334.743, 94
Trd, 4318334.993, 94
Trd, 4318335.793, 93
Trd, 4318336.093, 95
Trd, 4318336.593, 95
Trd, 4318339.093, 92
Trd, 4318342.693, 93
Trd, 4318343.143, 95
Trd, 4318347.743, 93
Trd, 4318348.193, 93
Trd, 4318348.443, 92
Trd, 4318349.993, 94
Trd, 4318351.343, 93
Trd, 4318353.043, 94
Trd, 4318353.543, 94
Trd, 4318356.243, 92
Trd, 4318357.843, 94
Trd, 4318358.993, 92
Trd, 4318361.093, 94
Trd, 4318362.093, 93
Trd, 4318362.643, 94
Trd, 4318363.793, 93
Trd, 4318366.093, 94
Trd, 4318366.593, 93
Trd, 4318366.893, 94
Trd, 4318369.593, 95
Trd, 4318369.943, 94
Trd, 4318371.643, 93
Trd, 4318373.043, 95
Trd, 4318373.793, 102
Trd, 4318375.043, 98
Trd, 4318375.443, 104
Trd, 4318376.393, 101
Trd, 4318376.943, 102
Trd, 4318377.293, 101
Trd, 4318378.693, 106
Trd, 4318379.643, 85
Trd, 4318383.193, 96
Trd, 4318383.743, 95
Trd, 4318384.193, 97
Trd, 4318385.443, 98
Trd, 4318387.443, 96
Trd, 4318387.843, 96
Trd, 4318387.993, 96
Trd, 4318390.593, 96
Trd, 4318392.593, 94
Trd, 4318394.793, 96
Trd, 4318395.843, 95
Trd, 4318396.993, 93
Trd, 4318401.593, 96
Trd, 4318401.643, 94
Trd, 4318403.443, 95
Trd, 4318404.193, 94
Trd, 4318404.243, 95
Trd, 4318405.843, 96
Trd, 4318406.443, 95
Trd, 4318406.993, 93
Trd, 4318408.993, 95
Trd, 4318410.443, 94
Trd, 4318411.043, 92
Trd, 4318413.343, 95
Trd, 4318414.843, 93
Trd, 4318417.043, 95
Trd, 4318417.443, 93
Trd, 4318418.393, 92
Trd, 4318420.593, 96
Trd, 4318421.893, 96
Trd, 4318424.343, 94
Trd, 4318424.543, 93
Trd, 4318426.493, 93
Trd, 4318428.193, 96
Trd, 4318428.393, 84
Trd, 4318430.843, 91
Trd, 4318431.443, 91
Trd, 4318435.543, 95
Trd, 4318437.343, 95
Trd, 4318438.493, 93
Trd, 4318438.693, 93
Trd, 4318440.293, 95
Trd, 4318441.293, 96
Trd, 4318441.743, 95
Trd, 4318441.993, 95
Trd, 4318445.093, 95
Trd, 4318446.043, 96
Trd, 4318447.793, 94
Trd, 4318451.543, 96
Trd, 4318451.593, 96
Trd, 4318451.643, 95
Trd, 4318452.993, 95
Trd, 4318456.643, 95
Trd, 4318459.243, 94
Trd, 4318459.943, 95
Trd, 4318460.343, 96
Trd, 4318460.793, 94
Trd, 4318463.643, 104
Trd, 4318465.743, 103
Trd, 4318465.793, 102
Trd, 4318467.143, 101
Trd, 4318468.343, 100
Trd, 4318468.843, 93
Trd, 4318469.393, 98
Trd, 4318469.993, 97
Trd, 4318471.793, 97
Trd, 4318472.593, 96
Trd, 4318474.293, 98
Trd, 4318474.893, 98
Trd, 4318478.743, 97
Trd, 4318479.893, 98
Trd, 4318480.393, 98
Trd, 4318481.743, 97
Trd, 4318482.493, 95
Trd, 4318484.293, 95
Trd, 4318487.093, 95
Trd, 4318490.093, 95
Trd, 4318492.093, 95
Trd, 4318496.943, 95
Trd, 4318497.843, 95
Trd, 4318498.543, 98
Trd, 4318499.943, 96
Trd, 4318505.343, 96
Trd, 4318506.493, 98
Trd, 4318506.693, 96
Trd, 4318507.293, 102
Trd, 4318508.543, 98
Trd, 4318511.093, 96
Trd, 4318511.843, 95
Trd, 4318513.393, 98
Trd, 4318515.343, 97
Trd, 4318516.093, 97
Trd, 4318517.643, 94
Trd, 4318519.293, 98
Trd, 4318520.343, 98
Trd, 4318522.043, 97
Trd, 4318523.243, 98
Trd, 4318523.893, 96
Trd, 4318524.643, 95
Trd, 4318527.543, 98
Trd, 4318530.493, 96
Trd, 4318532.293, 96
Trd, 4318532.743, 95
Trd, 4318533.043, 98
Trd, 4318536.543, 95
Trd, 4318538.293, 98
Trd, 4318538.843, 96
Trd, 4318541.393, 95
Trd, 4318542.193, 98
Trd, 4318544.343, 94
Trd, 4318546.393, 97
Trd, 4318546.993, 93
Trd, 4318550.743, 95
Trd, 4318552.943, 96
Trd, 4318554.243, 94
Trd, 4318556.493, 93
Trd, 4318558.543, 96
Trd, 4318559.643, 94
Trd, 4318561.393, 93
Trd, 4318562.543, 95
Trd, 4318566.943, 94
Trd, 4318569.393, 93
Trd, 4318569.493, 92
Trd, 4318570.793, 95
Trd, 4318572.193, 94
Trd, 4318574.343, 95
Trd, 4318576.543, 94
Trd, 4318576.843, 92
Trd, 4318580.993, 93
Trd, 4318582.793, 91
Trd, 4318586.843, 90
Trd, 4318587.043, 90
Trd, 4318588.643, 89
Trd, 4318591.643, 92
Trd, 4318594.543, 91
Trd, 4318596.493, 90
Trd, 4318599.393, 103
Trd, 4318599.693, 103
Trd, 4318600.893, 103
Trd, 4318602.943, 103
Trd, 4318604.093, 100
Trd, 4318604.193, 100
Trd, 4318604.543, 100
Trd, 4318606.593, 106
Trd, 4318609.293, 101
Trd, 4318610.643, 102
Trd, 4318611.243, 102
Trd, 4318612.643, 102
Trd, 4318613.893, 102
Trd, 4318615.643, 105
Trd, 4318617.893, 103
Trd, 4318618.793, 101
Trd, 4318618.893, 100
Trd, 4318619.443, 94
Trd, 4318621.043, 97
Trd, 4318625.943, 99
Trd, 4318627.193, 99
Trd, 4318630.643, 99
Trd, 4318631.043, 99
Trd, 4318634.043, 100
Trd, 4318634.793, 100
Trd, 4318636.193, 99
Trd, 4318638.743, 100
Trd, 4318641.943, 100
Trd, 4318643.393, 99
Trd, 4318643.543, 100
Trd, 4318644.543, 100
Trd, 4318644.943, 101
Trd, 4318645.193, 99
Trd, 4318646.943, 99
Trd, 4318647.193, 77
Trd, 4318649.443, 95
Trd, 4318653.893, 98
Trd, 4318654.093, 97
Trd, 4318656.543, 99
Trd, 4318657.293, 98
Trd, 4318658.293, 97
Trd, 4318660.743, 97
Trd, 4318661.043, 98
Trd, 4318663.643, 97
Trd, 4318666.493, 96
Trd, 4318668.493, 98
Trd, 4318668.743, 98
Trd, 4318668.793, 95
Trd, 4318671.343, 94
Trd, 4318672.343, 94
Trd, 4318672.893, 98
Trd, 4318675.743, 95
Trd, 4318677.993, 97
Trd, 4318678.243, 97
Trd, 4318680.243, 97
Trd, 4318681.493, 97
Trd, 4318683.193, 96
Trd, 4318683.543, 95
Trd, 4318685.143, 97
Trd, 4318686.443, 101
Trd, 4318686.893, 100
Trd, 4318688.143, 99
Trd, 4318688.443, 99
Trd, 4318692.493, 100
Trd, 4318692.893, 99
Trd, 4318693.193, 97
Trd, 4318696.243, 94
Trd, 4318696.943, 85
Trd, 4318698.643, 97
Trd, 4318701.143, 95
Trd, 4318703.093, 98
Trd, 4318703.993, 95
Trd, 4318706.593, 98
Trd, 4318706.743, 95
Trd, 4318708.743, 94
Trd, 4318711.543, 96
Trd, 4318712.943, 98
Trd, 4318713.443, 97
Trd, 4318714.343, 95
Trd, 4318718.993, 96
Trd, 4318720.593, 95
Trd, 4318723.143, 98
Trd, 4318723.893, 94
Trd, 4318724.593, 95
Trd, 4318728.193, 94
Trd, 4318728.793, 95
Trd, 4318730.393, 98
Trd, 4318733.043, 98
Trd, 4318733.893, 98
Trd, 4318734.093, 97
Trd, 4318734.843, 96
Trd, 4318735.543, 97
Trd, 4318736.693, 96
Trd, 4318738.093, 96
Trd, 4318740.143, 103
Trd, 4318740.993, 101
Trd, 4318741.793, 98
Trd, 4318744.043, 103
Trd, 4318744.493, 101
Trd, 4318747.393, 100
Trd, 4318748.593, 99
Trd, 4318749.593, 94
Trd, 4318750.993, 98
Trd, 4318754.043, 98
Trd, 4318755.293, 97
Trd, 4318756.993, 96
Trd, 4318758.243, 95
Trd, 4318762.743, 99
Trd, 4318764.193, 94
Trd, 4318765.693, 94
Trd, 4318766.393, 93
Trd, 4318768.093, 98
Trd, 4318769.793, 98
Trd, 4318772.893, 98
Trd, 4318772.993, 99
Trd, 4318774.743, 97
Trd, 4318776.293, 96
Trd, 4318777.843, 99
Trd, 4318778.343, 96
Trd, 4318779.493, 94
Trd, 4318783.143, 99
Trd, 4318784.043, 94
Trd, 4318784.643, 94
Trd, 4318788.793, 95
Trd, 4318789.943, 99
Trd, 4318792.793, 96
Trd, 4318794.743, 99
Trd, 4318794.943, 97
Trd, 4318795.343, 95
Trd, 4318798.643, 96
Trd, 4318801.643, 98
Trd, 4318802.793, 97
Trd, 4318805.043, 99
Trd, 4318806.343, 96
Trd, 4318809.393, 96
Trd, 4318810.943, 95
Trd, 4318815.893, 98
Trd, 4318816.443, 96
Trd, 4318816.493, 95
Trd, 4318818.643, 95
Trd, 4318823.443, 95
Trd, 4318824.743, 98
Trd, 4318826.343, 97
Trd, 4318827.393, 97
Trd, 4318830.843, 96
Trd, 4318832.693, 95
Trd, 4318835.393, 98
Trd, 4318835.843, 97
Trd, 4318836.393, 98
Trd, 4318837.043, 95
Trd, 4318837.743, 94
Trd, 4318842.743, 95
Trd, 4318843.743, 94
Trd, 4318844.043, 97
Trd, 4318845.743, 94
Trd, 4318846.593, 97
Trd, 4318849.193, 94
Trd, 4318851.243, 95
Trd, 4318852.843, 94
Trd, 4318855.493, 97
Trd, 4318857.493, 96
Trd, 4318857.993, 94
Trd, 4318859.993, 94
Trd, 4318861.043, 96
Trd, 4318864.343, 94
Trd, 4318864.443, 96
Trd, 4318866.993, 96
Trd, 4318867.643, 93
Trd, 4318868.043, 93
Trd, 4318870.543, 93
Trd, 4318873.393, 93
Trd, 4318874.093, 96
Trd, 4318874.393, 92
Trd, 4318878.143, 93
Trd, 4318879.693, 93
Trd, 4318880.593, 93
Trd, 4318881.643, 96
Trd, 4318881.993, 96
Trd, 4318882.093, 96
Trd, 4318883.593, 97
Trd, 4318885.943, 97
Trd, 4318886.643, 98
Trd, 4318887.143, 99
Trd, 4318889.043, 99
Trd, 4318891.143, 98
Trd, 4318891.293, 99
Trd, 4318894.493, 101
Trd, 4318895.143, 100
Trd, 4318895.993, 103
Trd, 4318896.193, 99
Trd, 4318897.943, 94
Trd, 4318900.993, 98
Trd, 4318901.943, 99
Trd, 4318902.143, 97
Trd, 4318903.893, 98
Trd, 4318905.893, 94
Trd, 4318907.343, 95
Trd, 4318908.843, 95
Trd, 4318911.243, 94
Trd, 4318911.843, 95
Trd, 4318912.493, 94
Trd, 4318914.243, 94
Trd, 4318916.843, 94
Trd, 4318920.343, 94
Trd, 4318922.143, 95
Trd, 4318923.643, 93
Trd, 4318925.943, 95
Trd, 4318928.343, 94
Trd, 4318929.643, 93
Trd, 4318930.743, 92
Trd, 4318933.493, 95
Trd, 4318933.993, 93
Trd, 4318936.443, 92
Trd, 4318941.143, 94
Trd, 4318943.293, 93
Trd, 4318943.993, 93
Trd, 4318946.993, 93
Trd, 4318948.443, 95
Trd, 4318949.743, 94
Trd, 4318950.743, 94
Trd, 4318953.293, 95
Trd, 4318954.243, 95
Trd, 4318957.393, 94
Trd, 4318958.443, 94
Trd, 4318958.593, 93
Trd, 4318962.643, 92
Trd, 4318965.143, 95
Trd, 4318965.593, 93
Trd, 4318967.243, 95
Trd, 4318967.693, 91
Trd, 4318969.043, 95
Trd, 4318969.943, 91
Trd, 4318970.793, 95
Trd, 4318972.193, 99
Trd, 4318973.143, 97
Trd, 4318975.543, 96
Trd, 4318976.843, 96
Trd, 4318978.343, 97
Trd, 4318978.943, 96
Trd, 4318980.743, 95
Trd, 4318981.393, 95
Trd, 4318984.243, 98
Trd, 4318984.743, 104
Trd, 4318985.693, 98
Trd, 4318985.743, 85
Trd, 4318987.693, 94
Trd, 4318989.893, 95
Trd, 4318993.093, 95
Trd, 4318994.843, 98
Trd, 4318995.043, 98
Trd, 4318997.643, 97
Trd, 4318998.293, 98
Trd, 4318998.543, 97
Trd, 4319003.543, 96
Trd, 4319005.393, 95
Trd, 4319006.793, 98
Trd, 4319007.343, 98
Trd, 4319008.593, 97
Trd, 4319009.543, 98
Trd, 4319012.143, 96
Trd, 4319012.593, 104
Trd, 4319013.443, 99
Trd, 4319013.543, 101
Trd, 4319013.643, 104
Trd, 4319016.443, 101
Trd, 4319017.193, 99
Trd, 4319017.693, 99
Trd, 4319019.593, 107
Trd, 4319021.043, 105
Trd, 4319021.393, 102
Trd, 4319025.043, 102
Trd, 4319026.243, 102
Trd, 4319027.143, 101
Trd, 4319028.243, 101
Trd, 4319030.993, 100
Trd, 4319032.743, 102
Trd, 4319033.593, 99
Trd, 4319036.543, 100
Trd, 4319037.693, 102
Trd, 4319038.743, 102
Trd, 4319040.243, 103
Trd, 4319040.943, 105
Trd, 4319041.043, 101
Trd, 4319041.593, 99
Trd, 4319044.593, 100
Trd, 4319046.843, 98
Trd, 4319050.443, 98
Trd, 4319053.743, 99
Trd, 4319054.393, 104
Trd, 4319055.793, 98
Trd, 4319059.243, 97
Trd, 4319059.443, 97
Trd, 4319060.843, 96
Trd, 4319065.643, 99
Trd, 4319065.943, 98
Trd, 4319069.443, 98
Trd, 4319070.493, 97
Trd, 4319070.843, 94
Trd, 4319073.743, 95
Trd, 4319075.243, 95
Trd, 4319075.293, 101
Trd, 4319079.693, 96
Trd, 4319082.043, 96
Trd, 4319084.843, 96
Trd, 4319086.543, 95
Trd, 4319090.743, 97
Trd, 4319092.743, 96
Trd, 4319094.993, 96
Trd, 4319095.743, 98
Trd, 4319095.943, 96
Trd, 4319097.093, 95
Trd, 4319100.343, 95
Trd, 4319100.593, 94
Trd, 4319102.393, 98
Trd, 4319104.243, 97
Trd, 4319105.243, 97
Trd, 4319107.393, 97
Trd, 4319107.793, 94
Trd, 4319112.343, 97
Trd, 4319115.143, 99
Trd, 4319115.243, 94
Trd, 4319116.343, 97
Trd, 4319117.593, 98
Trd, 4319118.693, 97
Trd, 4319119.143, 98
Trd, 4319119.293, 97
Trd, 4319120.093, 76
Trd, 4319125.343, 105
Trd, 4319125.643, 104
Trd, 4319126.043, 99
Trd, 4319127.443, 102
Trd, 4319128.243, 104
Trd, 4319129.743, 103
Trd, 4319131.143, 102
Trd, 4319131.943, 94
Trd, 4319132.743, 92
Trd, 4319136.093, 98
Trd, 4319138.693, 97
Trd, 4319142.293, 99
Trd, 4319142.443, 97
Trd, 4319144.193, 98
Trd, 4319144.593, 99
Trd, 4319146.093, 99
Trd, 4319147.293, 100
Trd, 4319147.893, 98
Trd, 4319148.793, 102
Trd, 4319151.243, 102
Trd, 4319152.943, 103
Trd, 4319153.243, 94
Trd, 4319153.443, 73
Trd, 4319153.643, 104
Trd, 4319154.843, 79
Trd, 4319159.343, 96
Trd, 4319161.443, 95
Trd, 4319163.743, 94
Trd, 4319164.993, 95
Trd, 4319166.093, 96
Trd, 4319168.943, 95
Trd, 4319169.243, 94
Trd, 4319171.293, 95
Trd, 4319171.443, 94
Trd, 4319172.143, 93
Trd, 4319172.893, 95
Trd, 4319175.943, 92
Trd, 4319178.043, 91
Trd, 4319181.893, 92
Trd, 4319182.243, 91
Trd, 4319185.893, 95
Trd, 4319188.793, 95
Trd, 4319188.843, 94
Trd, 4319190.393, 95
Trd, 4319192.893, 93
Trd, 4319193.943, 94
Trd, 4319194.393, 94
Trd, 4319195.193, 92
Trd, 4319195.593, 85
Trd, 4319199.743, 92
Trd, 4319201.193, 92
Trd, 4319202.693, 93
Trd, 4319203.393, 93
Trd, 4319204.343, 92
Trd, 4319205.843, 93
Trd, 4319207.343, 94
Trd, 4319209.393, 94
Trd, 4319210.343, 96
Trd, 4319212.493, 98
Trd, 4319212.543, 96
Trd, 4319216.643, 100
Trd, 4319217.093, 99
Trd, 4319217.593, 99
Trd, 4319219.693, 100
Trd, 4319220.493, 100
Trd, 4319221.243, 98
Trd, 4319223.243, 100
Trd, 4319224.293, 98
Trd, 4319225.793, 96
Trd, 4319226.893, 96
Trd, 4319230.643, 96
Trd, 4319232.043, 95
Trd, 4319233.193, 98
Trd, 4319233.643, 104
Trd, 4319235.693, 95
Trd, 4319236.693, 95
Trd, 4319238.493, 95
Trd, 4319242.693, 98
Trd, 4319243.943, 101
Trd, 4319244.293, 98
Trd, 4319246.193, 97
Trd, 4319247.043, 96
Trd, 4319248.543, 98
Trd, 4319248.943, 97
Trd, 4319249.443, 96
Trd, 4319251.193, 95
Trd, 4319256.243, 97
Trd, 4319256.543, 96
Trd, 4319256.893, 94
Trd, 4319258.493, 94
Trd, 4319263.643, 97
Trd, 4319263.843, 96
Trd, 4319264.343, 94
Trd, 4319266.343, 97
Trd, 4319267.043, 97
Trd, 4319267.093, 95
Trd, 4319268.693, 94
Trd, 4319269.793, 98
Trd, 4319274.193, 94
Trd, 4319274.443, 94
Trd, 4319277.093, 94
Trd, 4319279.093, 95
Trd, 4319279.293, 97
Trd, 4319281.093, 93
Trd, 4319283.143, 93
Trd, 4319286.243, 97
Trd, 4319286.643, 97
Trd, 4319288.543, 96
Trd, 4319289.043, 97
Trd, 4319291.443, 100
Trd, 4319292.943, 102
Trd, 4319293.043, 100
Trd, 4319294.943, 98
Trd, 4319295.943, 101
Trd, 4319296.893, 100
Trd, 4319297.293, 104
Trd, 4319299.943, 100
Trd, 4319300.443, 100
Trd, 4319301.143, 101
Trd, 4319304.193, 99
Trd, 4319305.593, 98
Trd, 4319306.493, 101
Trd, 4319308.343, 101
Trd, 4319308.543, 98
Trd, 4319309.243, 97
Trd, 4319311.993, 97
Trd, 4319312.793, 94
Trd, 4319317.343, 96
Trd, 4319318.693, 95
Trd, 4319321.093, 95
Trd, 4319321.443, 95
Trd, 4319321.643, 98
Trd, 4319325.843, 97
Trd, 4319326.293, 97
Trd, 4319326.793, 96
Trd, 4319330.443, 96
Trd, 4319332.093, 97
Trd, 4319332.343, 95
Trd, 4319334.043, 96
Trd, 4319335.093, 95
Trd, 4319336.543, 95
Trd, 4319338.793, 96
Trd, 4319340.793, 95
Trd, 4319344.243, 94
Trd, 4319345.643, 94
Trd, 4319350.243, 94
Trd, 4319351.193, 93
Trd, 4319353.993, 93
Trd, 4319354.643, 95
Trd, 4319355.943, 93
Trd, 4319357.493, 95
Trd, 4319359.943, 94
Trd, 4319361.843, 95
Trd, 4319362.043, 95
Trd, 4319362.343, 94
Trd, 4319365.093, 98
Trd, 4319365.693, 99
Trd, 4319366.443, 99
Trd, 4319369.143, 99
Trd, 4319369.193, 98
Trd, 4319370.693, 98
Trd, 4319372.843, 98
Trd, 4319373.743, 97
Trd, 4319375.543, 94
Trd, 4319376.443, 95
Trd, 4319376.543, 97
Trd, 4319379.643, 98
Trd, 4319380.193, 98
Trd, 4319381.593, 98
Trd, 4319383.043, 97
Trd, 4319383.393, 96
Trd, 4319385.743, 95
Trd, 4319385.843, 94
Trd, 4319386.993, 97
Trd, 4319391.293, 95
Trd, 4319392.593, 97
Trd, 4319393.293, 95
Trd, 4319393.943, 97
Trd, 4319395.793, 95
Trd, 4319396.643, 96
Trd, 4319397.593, 94
Trd, 4319398.443, 96
Trd, 4319401.893, 94
Trd, 4319402.393, 96
Trd, 4319404.443, 95
Trd, 4319406.843, 96
Trd, 4319407.943, 94
Trd, 4319410.493, 96
Trd, 4319410.893, 93
Trd, 4319412.193, 94
Trd, 4319414.243, 96
Trd, 4319415.343, 95
Trd, 4319416.643, 96
Trd, 4319417.993, 96
Trd, 4319419.043, 94
Trd, 4319420.493, 93
Trd, 4319421.643, 98
Trd, 4319422.643, 97
Trd, 4319424.393, 96
Trd, 4319425.343, 95
Trd, 4319426.893, 94
Trd, 4319431.043, 97
Trd, 4319432.993, 95
Trd, 4319435.493, 96
Trd, 4319435.693, 96
Trd, 4319438.793, 95
Trd, 4319439.043, 96
Trd, 4319439.543, 96
Trd, 4319443.343, 96
Trd, 4319443.693, 96
Trd, 4319444.343, 101
Trd, 4319445.193, 95
Trd, 4319447.493, 96
Trd, 4319450.293, 98
Trd, 4319451.593, 96
Trd, 4319452.393, 96
Trd, 4319452.943, 95
Trd, 4319456.093, 99
Trd, 4319456.243, 94
Trd, 4319458.393, 93
Trd, 4319460.793, 96
Trd, 4319462.343, 98
Trd, 4319463.193, 101
Trd, 4319463.893, 100
Trd, 4319464.043, 99
Trd, 4319465.543, 93
Trd, 4319467.143, 95
Trd, 4319467.593, 84
Trd, 4319471.493, 99
Trd, 4319473.893, 98
Trd, 4319475.893, 99
Trd, 4319476.243, 97
Trd, 4319476.293, 96
Trd, 4319476.793, 99
Trd, 4319478.893, 95
Trd, 4319479.243, 95
Trd, 4319480.893, 94
Trd, 4319482.943, 94
Trd, 4319486.043, 99
Trd, 4319488.493, 98
Trd, 4319489.893, 98
Trd, 4319492.143, 94
Trd, 4319493.643, 93
Trd, 4319497.343, 95
Trd, 4319498.243, 99
Trd, 4319498.993, 95
Trd, 4319500.643, 99
Trd, 4319501.393, 99
Trd, 4319502.543, 99
Trd, 4319504.093, 98
Trd, 4319507.093, 97
Trd, 4319508.143, 99
Trd, 4319509.193, 96
Trd, 4319510.443, 98
Trd, 4319512.143, 99
Trd, 4319514.293, 99
Trd, 4319516.143, 99
Trd, 4319518.193, 98
Trd, 4319518.293, 99
Trd, 4319520.143, 99
Trd, 4319520.943, 98
Trd, 4319523.643, 100
Trd, 4319523.743, 98
Trd, 4319524.643, 98
Trd, 4319524.843, 99
Trd, 4319529.443, 97
Trd, 4319531.793, 99
Trd, 4319531.893, 97
Trd, 4319533.643, 101
Trd, 4319534.243, 99
Trd, 4319535.193, 97
Trd, 4319535.243, 94
Trd, 4319536.543, 68
Trd, 4319541.243, 96
Trd, 4319543.193, 96
Trd, 4319543.893, 97
Trd, 4319544.643, 95
Trd, 4319546.993, 94
Trd, 4319547.093, 94
Trd, 4319550.143, 98
Trd, 4319551.643, 94
Trd, 4319552.493, 104
Trd, 4319553.843, 94
Trd, 4319554.143, 93
Trd, 4319554.443, 99
Trd, 4319555.043, 99
Trd, 4319558.543, 103
Trd, 4319558.643, 104
Trd, 4319558.693, 102
Trd, 4319560.393, 101
Trd, 4319562.493, 102
Trd, 4319564.843, 100
Trd, 4319566.243, 101
Trd, 4319566.593, 98
Trd, 4319568.943, 100
Trd, 4319568.993, 101
Trd, 4319569.393, 95
Trd, 4319572.143, 104
Trd, 4319572.543, 101
Trd, 4319573.543, 102
Trd, 4319574.443, 102
Trd, 4319574.543, 94
Trd, 4319576.093, 97
Trd, 4319577.543, 99
Trd, 4319578.343, 98
Trd, 4319578.543, 99
Trd, 4319580.193, 97
Trd, 4319580.243, 94
Trd, 4319586.193, 96
Trd, 4319586.493, 95
Trd, 4319589.893, 99
Trd, 4319590.993, 99
Trd, 4319592.943, 98
Trd, 4319593.443, 97
Trd, 4319595.493, 97
Trd, 4319598.793, 99
Trd, 4319599.243, 99
Trd, 4319599.643, 102
Trd, 4319600.293, 97
Trd, 4319603.343, 99
Trd, 4319604.093, 100
Trd, 4319604.143, 96
Trd, 4319605.343, 85
Trd, 4319608.243, 99
Trd, 4319608.893, 95
Trd, 4319610.193, 96
Trd, 4319612.143, 99
Trd, 4319616.993, 97
Trd, 4319617.293, 96
Trd, 4319618.393, 96
Trd, 4319619.593, 96
Trd, 4319621.143, 95
Trd, 4319623.793, 95
Trd, 4319625.893, 96
Trd, 4319626.893, 96
Trd, 4319630.993, 96
Trd, 4319631.793, 96
Trd, 4319631.893, 99
Trd, 4319634.143, 95
Trd, 4319636.343, 98
Trd, 4319638.043, 96
Trd, 4319638.993, 94
Trd, 4319640.693, 94
Trd, 4319643.843, 98
Trd, 4319645.843, 95
Trd, 4319646.193, 95
Trd, 4319648.543, 98
Trd, 4319649.243, 96
Trd, 4319653.443, 97
Trd, 4319653.543, 96
Trd, 4319654.893, 98
Trd, 4319655.743, 97
Trd, 4319655.843, 95
Trd, 4319657.843, 95
Trd, 4319659.143, 96
Trd, 4319661.793, 97
Trd, 4319662.643, 96
Trd, 4319663.043, 93
Trd, 4319667.243, 94
Trd, 4319668.793, 99
Trd, 4319669.293, 98
Trd, 4319670.093, 98
Trd, 4319670.543, 98
Trd, 4319670.743, 97
Trd, 4319671.943, 94
Trd, 4319674.543, 98
Trd, 4319675.243, 98
Trd, 4319675.343, 96
Trd, 4319677.193, 104
Trd, 4319677.493, 99
Trd, 4319679.793, 99
Trd, 4319681.393, 94
Trd, 4319684.493, 96
Trd, 4319685.493, 99
Trd, 4319687.993, 101
Trd, 4319688.243, 100
Trd, 4319689.093, 98
Trd, 4319691.093, 101
Trd, 4319691.593, 101
Trd, 4319697.643, 100
Trd, 4319699.293, 99
Trd, 4319700.793, 99
Trd, 4319703.093, 98
Trd, 4319704.593, 100
Trd, 4319705.443, 98
Trd, 4319706.093, 96
Trd, 4319708.243, 97
Trd, 4319708.343, 97
Trd, 4319710.193, 100
Trd, 4319713.193, 94
Trd, 4319713.893, 100
Trd, 4319714.693, 96
Trd, 4319718.043, 100
Trd, 4319718.743, 98
Trd, 4319719.593, 96
Trd, 4319723.143, 98
Trd, 4319723.343, 97
Trd, 4319723.543, 99
Trd, 4319729.893, 96
Trd, 4319730.343, 94
Trd, 4319731.043, 97
Trd, 4319735.243, 95
Trd, 4319737.943, 95
Trd, 4319739.843, 95
Trd, 4319741.643, 94
Trd, 4319743.943, 98
Trd, 4319747.243, 94
Trd, 4319748.793, 98
Trd, 4319748.943, 93
Trd, 4319749.693, 92
Trd, 4319752.143, 96
Trd, 4319755.043, 96
Trd, 4319756.843, 95
Trd, 4319757.493, 97
Trd, 4319758.693, 97
Trd, 4319761.343, 95
Trd, 4319763.343, 94
Trd, 4319765.143, 93
Trd, 4319766.743, 96
Trd, 4319769.393, 96
Trd, 4319770.743, 95
Trd, 4319770.993, 96
Trd, 4319771.093, 93
Trd, 4319773.093, 99
Trd, 4319774.243, 97
Trd, 4319774.443, 95
Trd, 4319776.893, 104
Trd, 4319778.293, 98
Trd, 4319779.493, 106
Trd, 4319779.793, 101
Trd, 4319782.593, 102
Trd, 4319783.493, 102
Trd, 4319783.793, 103
Trd, 4319786.143, 103
Trd, 4319786.293, 102
Trd, 4319787.443, 101
Trd, 4319788.543, 94
Trd, 4319791.243, 97
Trd, 4319792.643, 102
Trd, 4319793.243, 105
Trd, 4319793.343, 103
Trd, 4319796.593, 105
Trd, 4319796.893, 104
Trd, 4319797.643, 103
Trd, 4319799.093, 102
Trd, 4319799.243, 101
Trd, 4319800.743, 101
Trd, 4319801.043, 100
Trd, 4319801.793, 101
Trd, 4319802.293, 94
Trd, 4319803.343, 86
Trd, 4319804.093, 105
Trd, 4319807.293, 100
Trd, 4319808.543, 101
Trd, 4319808.793, 100
Trd, 4319810.143, 100
Trd, 4319813.043, 99
Trd, 4319813.943, 100
Trd, 4319817.243, 99
Trd, 4319818.293, 100
Trd, 4319818.543, 94
Trd, 4319819.893, 84
Trd, 4319821.043, 102
Trd, 4319822.993, 100
Trd, 4319824.443, 100
Trd, 4319827.143, 99
Trd, 4319829.293, 100
Trd, 4319830.993, 100
Trd, 4319831.993, 100
Trd, 4319833.393, 101
Trd, 4319833.493, 94
Trd, 4319835.643, 97
Trd, 4319838.293, 97
Trd, 4319841.143, 100
Trd, 4319841.443, 96
Trd, 4319842.943, 100
Trd, 4319846.593, 100
Trd, 4319846.743, 97
Trd, 4319847.743, 98
Trd, 4319850.843, 97
Trd, 4319852.543, 99
Trd, 4319852.793, 99
Trd, 4319854.843, 99
Trd, 4319856.293, 98
Trd, 4319856.593, 99
Trd, 4319857.893, 97
Trd, 4319859.543, 96
Trd, 4319861.543, 99
Trd, 4319863.943, 96
Trd, 4319866.643, 97
Trd, 4319869.793, 97
Trd, 4319870.443, 98
Trd, 4319872.293, 98
Trd, 4319874.443, 98
Trd, 4319874.543, 97
Trd, 4319874.643, 97
Trd, 4319875.793, 82
Trd, 4319876.393, 89
Trd, 4319879.893, 98
Trd, 4319882.043, 98
Trd, 4319883.143, 97
Trd, 4319884.543, 96
Trd, 4319887.143, 96
Trd, 4319887.543, 95
Trd, 4319888.093, 96
Trd, 4319888.293, 98
Trd, 4319892.893, 97
Trd, 4319894.193, 98
Trd, 4319895.043, 97
Trd, 4319896.043, 97
Trd, 4319898.093, 96
Trd, 4319898.243, 98
Trd, 4319898.843, 95
Trd, 4319899.693, 94
Trd, 4319901.443, 93
Trd, 4319903.293, 96
Trd, 4319904.293, 96
Trd, 4319907.943, 95
Trd, 4319909.443, 94
Trd, 4319910.393, 96
Trd, 4319910.543, 94
Trd, 4319911.793, 93
Trd, 4319914.993, 93
Trd, 4319915.493, 93
Trd, 4319916.793, 96
Trd, 4319919.943, 96
Trd, 4319920.943, 94
Trd, 4319924.193, 94
Trd, 4319925.393, 94
Trd, 4319927.693, 93
Trd, 4319928.643, 92
Trd, 4319931.743, 92
Trd, 4319934.893, 91
Trd, 4319935.843, 90
Trd, 4319936.693, 89
Trd, 4319937.543, 93
Trd, 4319941.943, 105
Trd, 4319942.593, 92
Trd, 4319944.093, 94
Trd, 4319944.343, 93
Trd, 4319945.593, 92
Trd, 4319946.993, 97
Trd, 4319947.593, 102
Trd, 4319948.193, 101
Trd, 4319949.343, 101
Trd, 4319950.193, 97
Trd, 4319951.793, 98
Trd, 4319952.043, 97
Trd, 4319955.343, 98
Trd, 4319955.393, 98
Trd, 4319955.443, 98
Trd, 4319957.693, 105
Trd, 4319958.043, 103
Trd, 4319959.843, 97
Trd, 4319960.643, 85
Trd, 4319964.093, 95
Trd, 4319964.893, 96
Trd, 4319967.293, 96
Trd, 4319968.243, 96
Trd, 4319968.343, 93
Trd, 4319971.743, 95
Trd, 4319972.993, 95
Trd, 4319975.793, 96
Trd, 4319975.893, 96
Trd, 4319976.693, 95
Trd, 4319977.393, 94
Trd, 4319977.743, 83
Trd, 4319982.043, 96
Trd, 4319982.093, 93
Trd, 4319984.743, 96
Trd, 4319985.043, 94
Trd, 4319986.243, 93
Trd, 4319987.243, 96
Trd, 4319989.743, 93
Trd, 4319990.793, 96
Trd, 4319991.343, 91
Trd, 4319998.343, 92
Trd, 4319998.593, 96
Trd, 4319999.743, 92
