Trd, 4317825.193, 100
Trd, 4317827.193, 97
Trd, 4317827.943, 97
Trd, 4317828.843, 98
Trd, 4317830.343, 98
Trd, 4317832.543, 98
Trd, 4317833.043, 97
Trd, 4317835.993, 97
Trd, 4317836.193, 95
Trd, 4317838.743, 98
Trd, 4317839.793, 105
Trd, 4317840.543, 106
Trd, 4317840.943, 103
Trd, 4317842.243, 102
Trd, 4317844.393, 103
Trd, 4317846.393, 103
Trd, 4317846.843, 102
Trd, 4317849.043, 104
Trd, 4317850.093, 104
Trd, 4317852.793, 103
Trd, 4317854.393, 102
Trd, 4317855.393, 104
Trd, 4317857.193, 105
Trd, 4317858.943, 105
Trd, 4317859.343, 102
Trd, 4317860.143, 104
Trd, 4317860.543, 102
Trd, 4317860.693, 95
Trd, 4317863.093, 103
Trd, 4317863.293, 102
Trd, 4317865.793, 103
Trd, 4317867.843, 101
Trd, 4317869.093, 104
Trd, 4317869.893, 103
Trd, 4317870.693, 104
Trd, 4317875.893, 104
Trd, 4317875.993, 95
Trd, 4317878.243, 102
Trd, 4317883.693, 103
Trd, 4317884.643, 102
Trd, 4317888.093, 103
Trd, 4317888.543, 102
Trd, 4317891.293, 103
Trd, 4317891.393, 101
Trd, 4317893.293, 102
Trd, 4317895.993, 102
Trd, 4317896.643, 102
Trd, 4317897.293, 102
Trd, 4317901.943, 100
Trd, 4317903.293, 102
Trd, 4317906.143, 101
Trd, 4317907.043, 103
Trd, 4317908.693, 103
Trd, 4317908.943, 102
Trd, 4317910.643, 102
Trd, 4317911.993, 102
Trd, 4317912.793, 103
Trd, 4317914.943, 103
Trd, 4317915.293, 99
Trd, 4317916.293, 95
Trd, 4317919.043, 101
Trd, 4317919.893, 101
Trd, 4317920.593, 99
Trd, 4317923.893, 100
Trd, 4317924.093, 100
Trd, 4317924.993, 101
Trd, 4317925.443, 101
Trd, 4317926.243, 101
Trd, 4317926.993, 95
Trd, 4317928.543, 99
Trd, 4317929.043, 97
Trd, 4317930.293, 97
Trd, 4317933.043, 99
Trd, 4317934.343, 100
Trd, 4317936.193, 99
Trd, 4317937.243, 98
Trd, 4317938.743, 99
Trd, 4317940.693, 98
Trd, 4317942.193, 99
Trd, 4317942.543, 98
Trd, 4317945.693, 100
Trd, 4317946.393, 100
Trd, 4317946.643, 99
Trd, 4317946.793, 98
Trd, 4317949.593, 98
Trd, 4317952.793, 99
Trd, 4317955.393, 100
Trd, 4317956.743, 99
Trd, 4317959.543, 99
Trd, 4317959.643, 101
Trd, 4317962.543, 100
Trd, 4317962.843, 96
Trd, 4317965.843, 100
Trd, 4317966.643, 104
Trd, 4317968.743, 101
Trd, 4317969.543, 100
Trd, 4317974.693, 103
Trd, 4317976.143, 103
Trd, 4317980.043, 103
Trd, 4317980.893, 101
Trd, 4317980.993, 103
Trd, 4317981.843, 102
Trd, 4317982.943, 106
Trd, 4317984.443, 103
Trd, 4317984.593, 95
Trd, 4317986.193, 100
Trd, 4317990.843, 100
Trd, 4317990.943, 102
Trd, 4317991.643, 100
Trd, 4317994.293, 101
Trd, 4317995.743, 101
Trd, 4317997.493, 100
Trd, 4317997.843, 99
Trd, 4317999.393, 98
Trd, 4318001.443, 100
Trd, 4318002.343, 99
Trd, 4318004.093, 99
Trd, 4318005.893, 98
Trd, 4318007.293, 99
Trd, 4318007.943, 98
Trd, 4318009.343, 96
Trd, 4318010.043, 99
Trd, 4318012.943, 96
Trd, 4318013.193, 99
Trd, 4318017.543, 99
Trd, 4318017.993, 98
Trd, 4318019.643, 99
Trd, 4318020.143, 99
Trd, 4318022.493, 99
Trd, 4318023.193, 98
Trd, 4318023.943, 99
Trd, 4318025.643, 99
Trd, 4318027.043, 100
Trd, 4318029.193, 101
Trd, 4318030.243, 101
Trd, 4318032.643, 101
Trd, 4318033.443, 100
Trd, 4318035.493, 101
Trd, 4318036.243, 100
Trd, 4318037.943, 106
Trd, 4318038.043, 105
Trd, 4318041.043, 104
Trd, 4318041.993, 93
Trd, 4318042.343, 105
Trd, 4318042.893, 106
Trd, 4318043.893, 102
Trd, 4318046.093, 106
Trd, 4318048.043, 105
Trd, 4318048.793, 104
Trd, 4318049.793, 103
Trd, 4318051.343, 105
Trd, 4318052.343, 107
Trd, 4318053.093, 112
Trd, 4318054.193, 103
Trd, 4318055.693, 106
Trd, 4318056.243, 108
Trd, 4318056.343, 107
Trd, 4318059.893, 106
Trd, 4318061.093, 107
Trd, 4318061.693, 103
Trd, 4318062.543, 107
Trd, 4318063.643, 77
Trd, 4318064.943, 85
Trd, 4318065.143, 87
Trd, 4318066.093, 86
Trd, 4318066.243, 86
Trd, 4318068.693, 86
Trd, 4318068.943, 105
Trd, 4318069.093, 104
Trd, 4318069.143, 84
Trd, 4318074.243, 96
Trd, 4318074.443, 100
Trd, 4318076.893, 99
Trd, 4318077.893, 100
Trd, 4318079.493, 100
Trd, 4318081.593, 97
Trd, 4318083.593, 100
Trd, 4318084.393, 101
Trd, 4318086.193, 101
Trd, 4318086.343, 99
Trd, 4318089.493, 100
Trd, 4318089.793, 99
Trd, 4318092.993, 99
Trd, 4318093.793, 98
Trd, 4318095.843, 99
Trd, 4318095.893, 98
Trd, 4318098.493, 100
Trd, 4318101.843, 108
Trd, 4318102.193, 107
Trd, 4318103.343, 103
Trd, 4318106.143, 102
Trd, 4318106.443, 99
Trd, 4318108.243, 101
Trd, 4318110.293, 85
Trd, 4318112.993, 95
Trd, 4318113.943, 96
Trd, 4318115.793, 97
Trd, 4318117.493, 96
Trd, 4318117.743, 97
Trd, 4318117.993, 95
Trd, 4318120.693, 97
Trd, 4318121.293, 95
Trd, 4318121.443, 97
Trd, 4318125.393, 97
Trd, 4318126.193, 96
Trd, 4318127.343, 97
Trd, 4318129.643, 98
Trd, 4318130.743, 98
Trd, 4318131.893, 107
Trd, 4318132.593, 98
Trd, 4318135.143, 97
Trd, 4318137.193, 101
Trd, 4318138.093, 99
Trd, 4318140.143, 101
Trd, 4318143.743, 101
Trd, 4318145.443, 99
Trd, 4318146.493, 101
Trd, 4318147.943, 100
Trd, 4318148.343, 98
Trd, 4318149.843, 99
Trd, 4318152.693, 99
Trd, 4318154.743, 99
Trd, 4318156.993, 99
Trd, 4318157.593, 98
Trd, 4318159.043, 97
Trd, 4318162.243, 98
Trd, 4318163.593, 98
Trd, 4318165.743, 99
Trd, 4318165.843, 98
Trd, 4318168.493, 99
Trd, 4318169.743, 99
Trd, 4318172.243, 100
Trd, 4318173.193, 100
Trd, 4318175.093, 100
Trd, 4318176.093, 100
Trd, 4318177.543, 99
Trd, 4318177.743, 98
Trd, 4318180.293, 102
Trd, 4318181.043, 103
Trd, 4318181.893, 95
Trd, 4318182.343, 100
Trd, 4318185.143, 99
Trd, 4318186.293, 99
Trd, 4318187.743, 100
Trd, 4318188.793, 99
Trd, 4318189.393, 100
Trd, 4318191.693, 99
Trd, 4318197.693, 100
Trd, 4318198.943, 97
Trd, 4318200.243, 99
Trd, 4318200.643, 98
Trd, 4318202.943, 100
Trd, 4318204.043, 99
Trd, 4318204.443, 101
Trd, 4318205.193, 100
Trd, 4318206.193, 104
Trd, 4318209.593, 102
Trd, 4318210.193, 101
Trd, 4318210.243, 101
Trd, 4318210.893, 100
Trd, 4318211.443, 104
Trd, 4318213.643, 102
Trd, 4318217.093, 102
Trd, 4318218.443, 103
Trd, 4318218.493, 101
Trd, 4318220.143, 101
Trd, 4318220.843, 101
Trd, 4318223.243, 101
Trd, 4318223.593, 100
Trd, 4318225.043, 100
Trd, 4318225.793, 100
Trd, 4318229.793, 100
Trd, 4318232.043, 101
Trd, 4318233.393, 102
Trd, 4318235.993, 100
Trd, 4318236.843, 103
Trd, 4318237.193, 102
Trd, 4318239.693, 102
Trd, 4318239.793, 101
Trd, 4318240.893, 101
Trd, 4318245.443, 100
Trd, 4318245.593, 101
Trd, 4318246.293, 101
Trd, 4318249.443, 101
Trd, 4318249.593, 101
Trd, 4318250.143, 101
Trd, 4318254.443, 102
Trd, 4318255.343, 100
Trd, 4318257.543, 100
Trd, 4318259.143, 101
Trd, 4318259.343, 102
Trd, 4318263.493, 101
Trd, 4318266.043, 102
Trd, 4318266.393, 101
Trd, 4318266.543, 102
Trd, 4318268.443, 104
Trd, 4318269.843, 104
Trd, 4318269.893, 103
Trd, 4318275.343, 102
Trd, 4318275.543, 104
Trd, 4318275.693, 104
Trd, 4318275.893, 104
Trd, 4318276.093, 102
Trd, 4318279.293, 98
Trd, 4318279.343, 104
Trd, 4318280.443, 90
Trd, 4318283.093, 102
Trd, 4318285.993, 100
Trd, 4318286.843, 97
Trd, 4318287.393, 97
Trd, 4318288.293, 99
Trd, 4318288.693, 98
Trd, 4318290.893, 99
Trd, 4318292.893, 98
Trd, 4318295.893, 98
Trd, 4318296.243, 97
Trd, 4318297.493, 99
Trd, 4318299.843, 99
Trd, 4318300.093, 98
Trd, 4318301.243, 97
Trd, 4318301.993, 99
Trd, 4318305.143, 98
Trd, 4318305.543, 99
Trd, 4318306.893, 97
Trd, 4318309.393, 100
Trd, 4318310.743, 99
Trd, 4318311.843, 99
Trd, 4318312.243, 98
Trd, 4318313.143, 99
Trd, 4318314.043, 99
Trd, 4318315.593, 99
Trd, 4318316.243, 98
Trd, 4318317.243, 108
Trd, 4318322.243, 98
Trd, 4318323.343, 101
Trd, 4318324.543, 101
Trd, 4318325.493, 101
Trd, 4318326.343, 102
Trd, 4318329.393, 103
Trd, 4318331.293, 105
Trd, 4318331.393, 103
Trd, 4318334.743, 103
Trd, 4318336.343, 104
Trd, 4318339.043, 102
Trd, 4318339.443, 103
Trd, 4318342.043, 102
Trd, 4318342.743, 104
Trd, 4318343.743, 104
Trd, 4318345.543, 103
Trd, 4318346.143, 104
Trd, 4318346.993, 104
Trd, 4318348.493, 104
Trd, 4318350.993, 110
Trd, 4318351.293, 106
Trd, 4318351.893, 103
Trd, 4318352.543, 106
Trd, 4318355.043, 103
Trd, 4318355.943, 103
Trd, 4318356.243, 103
Trd, 4318357.693, 97
Trd, 4318357.993, 88
Trd, 4318360.993, 105
Trd, 4318361.193, 105
Trd, 4318361.393, 101
Trd, 4318361.893, 94
Trd, 4318363.593, 101
Trd, 4318365.193, 102
Trd, 4318365.693, 102
Trd, 4318366.993, 103
Trd, 4318368.993, 100
Trd, 4318371.443, 101
Trd, 4318372.593, 101
Trd, 4318372.743, 99
Trd, 4318373.443, 99
Trd, 4318376.993, 98
Trd, 4318377.593, 100
Trd, 4318378.743, 100
Trd, 4318381.243, 98
Trd, 4318383.293, 100
Trd, 4318383.843, 100
Trd, 4318384.743, 99
Trd, 4318385.743, 100
Trd, 4318385.793, 100
Trd, 4318388.843, 100
Trd, 4318389.143, 98
Trd, 4318391.093, 97
Trd, 4318394.293, 99
Trd, 4318394.643, 98
Trd, 4318396.643, 99
Trd, 4318398.543, 99
Trd, 4318400.893, 100
Trd, 4318401.093, 97
Trd, 4318401.343, 96
Trd, 4318402.793, 99
Trd, 4318404.393, 86
Trd, 4318408.593, 100
Trd, 4318409.193, 99
Trd, 4318412.643, 100
Trd, 4318413.943, 100
Trd, 4318414.643, 98
Trd, 4318417.643, 100
Trd, 4318417.793, 97
Trd, 4318419.543, 100
Trd, 4318421.393, 97
Trd, 4318422.243, 100
Trd, 4318424.743, 100
Trd, 4318425.593, 98
Trd, 4318429.243, 101
Trd, 4318429.693, 101
Trd, 4318429.893, 98
Trd, 4318433.493, 99
Trd, 4318435.193, 100
Trd, 4318437.093, 100
Trd, 4318437.243, 99
Trd, 4318438.643, 100
Trd, 4318439.143, 100
Trd, 4318442.493, 99
Trd, 4318443.093, 98
Trd, 4318446.693, 97
Trd, 4318448.843, 97
Trd, 4318449.593, 97
Trd, 4318450.793, 98
Trd, 4318453.343, 99
Trd, 4318453.593, 99
Trd, 4318453.693, 99
Trd, 4318454.943, 109
Trd, 4318457.143, 95
Trd, 4318459.343, 101
Trd, 4318460.943, 101
Trd, 4318461.093, 102
Trd, 4318461.643, 98
Trd, 4318463.143, 103
Trd, 4318468.143, 103
Trd, 4318468.893, 103
Trd, 4318472.693, 102
Trd, 4318473.793, 102
Trd, 4318474.093, 102
Trd, 4318474.343, 101
Trd, 4318477.893, 106
Trd, 4318478.993, 104
Trd, 4318479.543, 103
Trd, 4318479.993, 104
Trd, 4318481.343, 105
Trd, 4318482.343, 104
Trd, 4318485.593, 105
Trd, 4318486.443, 104
Trd, 4318489.193, 97
Trd, 4318490.343, 97
Trd, 4318491.043, 96
Trd, 4318491.543, 98
Trd, 4318492.893, 101
Trd, 4318494.543, 101
Trd, 4318496.393, 101
Trd, 4318498.293, 104
Trd, 4318498.643, 103
Trd, 4318500.943, 103
Trd, 4318502.893, 101
Trd, 4318504.993, 102
Trd, 4318506.843, 102
Trd, 4318508.243, 102
Trd, 4318509.893, 101
Trd, 4318511.393, 102
Trd, 4318511.743, 101
Trd, 4318513.793, 99
Trd, 4318515.093, 102
Trd, 4318515.443, 100
Trd, 4318516.243, 100
Trd, 4318516.543, 100
Trd, 4318517.743, 99
Trd, 4318519.993, 99
Trd, 4318520.893, 99
Trd, 4318524.393, 100
Trd, 4318524.793, 100
Trd, 4318525.843, 101
Trd, 4318526.693, 102
Trd, 4318529.593, 103
Trd, 4318530.043, 102
Trd, 4318531.643, 102
Trd, 4318533.443, 103
Trd, 4318533.493, 101
Trd, 4318535.943, 98
Trd, 4318536.293, 99
Trd, 4318537.543, 98
Trd, 4318537.893, 97
Trd, 4318538.393, 104
Trd, 4318541.043, 101
Trd, 4318541.293, 100
Trd, 4318542.643, 102
Trd, 4318543.593, 101
Trd, 4318545.943, 101
Trd, 4318547.393, 101
Trd, 4318547.893, 104
Trd, 4318549.793, 100
Trd, 4318550.343, 99
Trd, 4318550.693, 100
Trd, 4318552.643, 92
Trd, 4318552.893, 91
Trd, 4318553.993, 91
Trd, 4318554.293, 90
Trd, 4318555.143, 93
Trd, 4318556.593, 95
Trd, 4318558.943, 98
Trd, 4318559.243, 98
Trd, 4318561.393, 99
Trd, 4318562.693, 98
Trd, 4318564.293, 100
Trd, 4318566.043, 101
Trd, 4318567.893, 100
Trd, 4318568.493, 101
Trd, 4318570.143, 101
Trd, 4318570.893, 102
Trd, 4318572.043, 102
Trd, 4318574.793, 102
Trd, 4318575.693, 103
Trd, 4318577.543, 101
Trd, 4318580.193, 102
Trd, 4318580.693, 101
Trd, 4318584.993, 103
Trd, 4318585.593, 103
Trd, 4318586.493, 99
Trd, 4318589.943, 102
Trd, 4318590.743, 104
Trd, 4318590.843, 103
Trd, 4318594.443, 103
Trd, 4318594.493, 104
Trd, 4318595.693, 104
Trd, 4318597.293, 102
Trd, 4318603.093, 103
Trd, 4318603.343, 102
Trd, 4318606.843, 101
Trd, 4318608.593, 101
Trd, 4318609.943, 102
Trd, 4318612.843, 102
Trd, 4318614.243, 101
Trd, 4318615.593, 103
Trd, 4318618.293, 103
Trd, 4318618.543, 103
Trd, 4318619.893, 104
Trd, 4318620.943, 104
Trd, 4318622.743, 105
Trd, 4318623.343, 103
Trd, 4318624.143, 104
Trd, 4318625.243, 101
Trd, 4318628.643, 102
Trd, 4318632.393, 104
Trd, 4318632.893, 101
Trd, 4318635.693, 104
Trd, 4318636.193, 104
Trd, 4318638.593, 104
Trd, 4318639.743, 104
Trd, 4318641.093, 105
Trd, 4318641.893, 105
Trd, 4318642.493, 104
Trd, 4318644.293, 104
Trd, 4318646.093, 94
Trd, 4318646.693, 93
Trd, 4318647.243, 93
Trd, 4318647.843, 89
Trd, 4318650.043, 96
Trd, 4318651.493, 97
Trd, 4318653.343, 96
Trd, 4318654.093, 95
Trd, 4318656.443, 96
Trd, 4318658.543, 97
Trd, 4318660.543, 96
Trd, 4318661.093, 96
Trd, 4318662.793, 97
Trd, 4318665.143, 97
Trd, 4318665.193, 95
Trd, 4318667.193, 97
Trd, 4318670.343, 87
Trd, 4318670.693, 89
Trd, 4318671.293, 89
Trd, 4318673.943, 93
Trd, 4318675.743, 89
Trd, 4318676.443, 90
Trd, 4318676.743, 86
Trd, 4318678.843, 88
Trd, 4318679.693, 90
Trd, 4318682.343, 90
Trd, 4318682.793, 90
Trd, 4318684.593, 90
Trd, 4318685.693, 89
Trd, 4318686.493, 88
Trd, 4318686.643, 91
Trd, 4318687.943, 91
Trd, 4318688.193, 91
Trd, 4318689.043, 92
Trd, 4318692.093, 92
Trd, 4318694.043, 97
Trd, 4318694.543, 96
Trd, 4318695.643, 99
Trd, 4318697.643, 110
Trd, 4318698.343, 103
Trd, 4318699.843, 100
Trd, 4318700.743, 100
Trd, 4318703.293, 101
Trd, 4318704.993, 99
Trd, 4318706.093, 102
Trd, 4318706.943, 101
Trd, 4318708.393, 102
Trd, 4318711.993, 103
Trd, 4318713.393, 102
Trd, 4318717.843, 99
Trd, 4318719.593, 99
Trd, 4318720.293, 103
Trd, 4318723.493, 103
Trd, 4318723.643, 102
Trd, 4318724.743, 101
Trd, 4318729.493, 101
Trd, 4318730.693, 103
Trd, 4318731.393, 102
Trd, 4318731.943, 102
Trd, 4318733.393, 103
Trd, 4318734.943, 107
Trd, 4318737.143, 104
Trd, 4318737.593, 103
Trd, 4318738.793, 103
Trd, 4318739.593, 102
Trd, 4318740.693, 103
Trd, 4318744.193, 102
Trd, 4318745.793, 104
Trd, 4318746.493, 104
Trd, 4318746.843, 103
Trd, 4318747.393, 100
Trd, 4318748.743, 86
Trd, 4318748.993, 96
Trd, 4318751.843, 97
Trd, 4318754.193, 80
Trd, 4318754.843, 86
Trd, 4318755.043, 88
Trd, 4318755.843, 86
Trd, 4318757.993, 92
Trd, 4318758.143, 92
Trd, 4318759.143, 91
Trd, 4318760.493, 94
Trd, 4318762.193, 88
Trd, 4318763.843, 94
Trd, 4318766.343, 96
Trd, 4318767.393, 97
Trd, 4318768.593, 100
Trd, 4318769.693, 101
Trd, 4318770.743, 100
Trd, 4318773.493, 101
Trd, 4318773.643, 106
Trd, 4318774.443, 100
Trd, 4318776.843, 107
Trd, 4318778.743, 100
Trd, 4318780.343, 104
Trd, 4318783.243, 101
Trd, 4318783.643, 100
Trd, 4318788.793, 104
Trd, 4318790.793, 104
Trd, 4318790.943, 105
Trd, 4318791.743, 104
Trd, 4318793.193, 99
Trd, 4318794.543, 102
Trd, 4318796.443, 105
Trd, 4318798.543, 101
Trd, 4318799.093, 104
Trd, 4318800.943, 103
Trd, 4318802.193, 104
Trd, 4318803.393, 104
Trd, 4318805.493, 104
Trd, 4318806.143, 106
Trd, 4318807.993, 106
Trd, 4318808.393, 104
Trd, 4318809.243, 102
Trd, 4318810.243, 106
Trd, 4318810.343, 106
Trd, 4318813.393, 102
Trd, 4318814.943, 103
Trd, 4318818.293, 102
Trd, 4318818.543, 103
Trd, 4318822.243, 101
Trd, 4318822.843, 102
Trd, 4318823.393, 102
Trd, 4318826.143, 102
Trd, 4318827.143, 102
Trd, 4318828.193, 101
Trd, 4318829.343, 102
Trd, 4318831.693, 101
Trd, 4318832.093, 101
Trd, 4318832.293, 100
Trd, 4318834.993, 99
Trd, 4318838.593, 101
Trd, 4318839.243, 101
Trd, 4318839.693, 99
Trd, 4318840.093, 101
Trd, 4318840.893, 100
Trd, 4318842.943, 99
Trd, 4318843.243, 98
Trd, 4318846.143, 99
Trd, 4318847.043, 100
Trd, 4318847.343, 98
Trd, 4318848.143, 100
Trd, 4318849.243, 100
Trd, 4318851.643, 99
Trd, 4318853.643, 101
Trd, 4318856.943, 98
Trd, 4318858.143, 99
Trd, 4318858.543, 99
Trd, 4318858.593, 98
Trd, 4318859.693, 103
Trd, 4318859.743, 104
Trd, 4318862.393, 102
Trd, 4318863.493, 104
Trd, 4318865.193, 101
Trd, 4318866.093, 84
Trd, 4318867.843, 104
Trd, 4318868.443, 103
Trd, 4318870.093, 110
Trd, 4318871.043, 106
Trd, 4318871.793, 104
Trd, 4318873.293, 104
Trd, 4318873.893, 101
Trd, 4318876.043, 84
Trd, 4318876.543, 99
Trd, 4318877.643, 97
Trd, 4318878.743, 97
Trd, 4318880.193, 98
Trd, 4318880.893, 98
Trd, 4318883.643, 105
Trd, 4318883.743, 105
Trd, 4318885.093, 103
Trd, 4318886.993, 102
Trd, 4318888.693, 97
Trd, 4318892.193, 97
Trd, 4318892.543, 96
Trd, 4318892.643, 97
Trd, 4318893.993, 97
Trd, 4318894.743, 90
Trd, 4318896.543, 97
Trd, 4318901.043, 99
Trd, 4318901.843, 100
Trd, 4318902.943, 99
Trd, 4318904.143, 100
Trd, 4318904.793, 98
Trd, 4318904.993, 99
Trd, 4318905.443, 86
Trd, 4318906.543, 92
Trd, 4318907.843, 93
Trd, 4318909.543, 93
Trd, 4318911.943, 93
Trd, 4318912.043, 93
Trd, 4318913.443, 92
Trd, 4318914.693, 93
Trd, 4318916.293, 107
Trd, 4318917.793, 99
Trd, 4318918.693, 99
Trd, 4318920.743, 102
Trd, 4318924.143, 101
Trd, 4318924.793, 100
Trd, 4318929.043, 102
Trd, 4318929.343, 99
Trd, 4318930.043, 99
Trd, 4318931.743, 101
Trd, 4318931.993, 100
Trd, 4318934.543, 100
Trd, 4318938.893, 101
Trd, 4318942.243, 99
Trd, 4318943.743, 100
Trd, 4318944.093, 100
Trd, 4318945.243, 101
Trd, 4318946.393, 99
Trd, 4318949.643, 100
Trd, 4318949.893, 100
Trd, 4318950.843, 101
Trd, 4318952.293, 99
Trd, 4318954.593, 102
Trd, 4318956.093, 101
Trd, 4318957.293, 100
Trd, 4318957.593, 113
Trd, 4318957.693, 112
Trd, 4318958.893, 99
Trd, 4318960.393, 104
Trd, 4318961.343, 102
Trd, 4318962.743, 102
Trd, 4318964.893, 101
Trd, 4318967.693, 101
Trd, 4318968.693, 101
Trd, 4318969.143, 103
Trd, 4318970.393, 100
Trd, 4318970.743, 99
Trd, 4318973.793, 87
Trd, 4318974.493, 86
Trd, 4318974.843, 86
Trd, 4318976.543, 102
Trd, 4318977.443, 104
Trd, 4318978.143, 97
Trd, 4318979.493, 99
Trd, 4318981.943, 99
Trd, 4318982.843, 98
Trd, 4318985.043, 99
Trd, 4318986.243, 99
Trd, 4318986.643, 99
Trd, 4318987.743, 99
Trd, 4318988.893, 99
Trd, 4318989.393, 98
Trd, 4318991.393, 99
Trd, 4318993.343, 96
Trd, 4318994.043, 99
Trd, 4318997.043, 99
Trd, 4318997.243, 97
Trd, 4318997.593, 95
Trd, 4318999.293, 98
Trd, 4319003.293, 99
Trd, 4319003.593, 98
Trd, 4319004.543, 97
Trd, 4319005.593, 97
Trd, 4319008.093, 98
Trd, 4319008.343, 97
Trd, 4319012.343, 97
Trd, 4319013.043, 99
Trd, 4319015.643, 99
Trd, 4319017.093, 99
Trd, 4319018.543, 99
Trd, 4319018.793, 99
Trd, 4319020.043, 98
Trd, 4319020.843, 99
Trd, 4319023.493, 100
Trd, 4319024.443, 97
Trd, 4319027.693, 99
Trd, 4319028.543, 97
Trd, 4319030.793, 99
Trd, 4319031.493, 100
Trd, 4319032.843, 101
Trd, 4319033.793, 104
Trd, 4319034.443, 100
Trd, 4319035.343, 101
Trd, 4319039.443, 102
Trd, 4319040.343, 100
Trd, 4319042.643, 100
Trd, 4319042.743, 99
Trd, 4319045.893, 101
Trd, 4319048.093, 100
Trd, 4319049.643, 99
Trd, 4319052.743, 99
Trd, 4319057.693, 101
Trd, 4319058.993, 100
Trd, 4319059.493, 98
Trd, 4319061.043, 102
Trd, 4319061.293, 101
Trd, 4319064.643, 102
Trd, 4319067.043, 102
Trd, 4319067.943, 100
Trd, 4319073.043, 102
Trd, 4319074.893, 100
Trd, 4319075.993, 102
Trd, 4319076.593, 100
Trd, 4319079.193, 101
Trd, 4319080.143, 102
Trd, 4319081.843, 103
Trd, 4319083.393, 103
Trd, 4319084.293, 100
Trd, 4319087.493, 103
Trd, 4319089.843, 104
Trd, 4319089.893, 104
Trd, 4319091.443, 101
Trd, 4319093.943, 100
Trd, 4319094.443, 100
Trd, 4319095.343, 100
Trd, 4319095.893, 84
Trd, 4319097.493, 100
Trd, 4319098.893, 98
Trd, 4319099.443, 96
Trd, 4319102.093, 98
Trd, 4319103.893, 96
Trd, 4319104.293, 99
Trd, 4319104.643, 99
Trd, 4319106.693, 98
Trd, 4319111.193, 97
Trd, 4319112.043, 99
Trd, 4319113.793, 98
Trd, 4319114.743, 98
Trd, 4319117.643, 97
Trd, 4319120.493, 98
Trd, 4319121.243, 98
Trd, 4319121.743, 96
Trd, 4319122.593, 98
Trd, 4319123.743, 95
Trd, 4319127.843, 98
Trd, 4319128.493, 96
Trd, 4319130.043, 98
Trd, 4319130.993, 98
Trd, 4319131.343, 99
Trd, 4319132.343, 96
Trd, 4319136.793, 99
Trd, 4319137.843, 99
Trd, 4319138.893, 100
Trd, 4319140.043, 101
Trd, 4319141.893, 98
Trd, 4319144.093, 98
Trd, 4319145.943, 100
Trd, 4319146.043, 100
Trd, 4319148.543, 97
Trd, 4319152.043, 96
Trd, 4319152.793, 98
Trd, 4319153.793, 98
Trd, 4319154.143, 100
Trd, 4319156.743, 99
Trd, 4319157.393, 99
Trd, 4319159.643, 97
Trd, 4319162.043, 99
Trd, 4319164.543, 98
Trd, 4319169.093, 99
Trd, 4319169.543, 97
Trd, 4319169.793, 98
Trd, 4319173.743, 98
Trd, 4319173.993, 97
Trd, 4319174.643, 98
Trd, 4319175.343, 98
Trd, 4319176.693, 99
Trd, 4319179.193, 99
Trd, 4319180.243, 100
Trd, 4319182.293, 101
Trd, 4319183.943, 99
Trd, 4319185.643, 101
Trd, 4319187.293, 101
Trd, 4319187.543, 100
Trd, 4319189.443, 101
Trd, 4319189.643, 101
Trd, 4319193.993, 102
Trd, 4319194.693, 102
Trd, 4319194.843, 101
Trd, 4319195.993, 102
Trd, 4319196.243, 102
Trd, 4319196.943, 101
Trd, 4319200.093, 102
Trd, 4319201.843, 95
Trd, 4319204.243, 102
Trd, 4319205.393, 102
Trd, 4319205.443, 99
Trd, 4319206.243, 83
Trd, 4319207.343, 94
Trd, 4319208.743, 92
Trd, 4319210.543, 94
Trd, 4319212.343, 93
Trd, 4319213.693, 93
Trd, 4319214.693, 107
Trd, 4319215.693, 94
Trd, 4319217.293, 97
Trd, 4319220.193, 97
Trd, 4319222.543, 96
Trd, 4319224.193, 95
Trd, 4319226.643, 95
Trd, 4319227.293, 95
Trd, 4319227.793, 95
Trd, 4319230.643, 97
Trd, 4319231.843, 94
Trd, 4319233.543, 95
Trd, 4319234.393, 95
Trd, 4319236.893, 95
Trd, 4319237.343, 96
Trd, 4319238.393, 95
Trd, 4319239.093, 96
Trd, 4319241.893, 97
Trd, 4319243.393, 97
Trd, 4319244.743, 105
Trd, 4319245.743, 105
Trd, 4319247.593, 103
Trd, 4319248.493, 104
Trd, 4319251.243, 104
Trd, 4319251.893, 104
Trd, 4319253.293, 105
Trd, 4319253.493, 103
Trd, 4319256.893, 105
Trd, 4319258.243, 105
Trd, 4319260.893, 103
Trd, 4319265.293, 105
Trd, 4319266.593, 105
Trd, 4319267.593, 105
Trd, 4319271.243, 104
Trd, 4319271.793, 103
Trd, 4319272.843, 98
Trd, 4319274.343, 102
Trd, 4319274.543, 101
Trd, 4319274.793, 105
Trd, 4319277.243, 102
Trd, 4319280.593, 103
Trd, 4319281.193, 102
Trd, 4319282.743, 104
Trd, 4319285.743, 103
Trd, 4319285.893, 102
Trd, 4319286.843, 100
Trd, 4319288.043, 99
Trd, 4319288.143, 103
Trd, 4319291.193, 99
Trd, 4319294.993, 103
Trd, 4319296.943, 101
Trd, 4319298.543, 101
Trd, 4319299.493, 100
Trd, 4319300.143, 97
Trd, 4319303.793, 100
Trd, 4319305.793, 100
Trd, 4319306.643, 95
Trd, 4319307.643, 99
Trd, 4319310.243, 97
Trd, 4319311.043, 96
Trd, 4319313.043, 99
Trd, 4319316.443, 98
Trd, 4319317.493, 96
Trd, 4319318.493, 97
Trd, 4319321.743, 98
Trd, 4319322.243, 96
Trd, 4319324.293, 98
Trd, 4319325.793, 95
Trd, 4319326.343, 98
Trd, 4319328.393, 95
Trd, 4319332.443, 98
Trd, 4319333.943, 98
Trd, 4319334.193, 95
Trd, 4319337.343, 98
Trd, 4319338.943, 97
Trd, 4319340.093, 96
Trd, 4319341.243, 98
Trd, 4319341.993, 98
Trd, 4319342.393, 95
Trd, 4319345.443, 98
Trd, 4319346.593, 97
Trd, 4319350.043, 99
Trd, 4319352.043, 99
Trd, 4319353.443, 99
Trd, 4319353.793, 98
Trd, 4319355.093, 99
Trd, 4319356.493, 99
Trd, 4319356.793, 98
Trd, 4319357.143, 96
Trd, 4319357.943, 98
Trd, 4319362.743, 97
Trd, 4319363.043, 97
Trd, 4319363.093, 96
Trd, 4319363.443, 96
Trd, 4319365.143, 96
Trd, 4319365.743, 96
Trd, 4319367.743, 103
Trd, 4319368.643, 98
Trd, 4319371.843, 98
Trd, 4319372.793, 99
Trd, 4319373.293, 97
Trd, 4319374.643, 99
Trd, 4319376.093, 100
Trd, 4319377.593, 99
Trd, 4319379.693, 100
Trd, 4319380.393, 99
Trd, 4319382.293, 101
Trd, 4319383.593, 101
Trd, 4319384.093, 101
Trd, 4319387.443, 100
Trd, 4319387.593, 101
Trd, 4319388.193, 100
Trd, 4319389.543, 100
Trd, 4319392.193, 99
Trd, 4319394.443, 102
Trd, 4319396.943, 103
Trd, 4319398.043, 102
Trd, 4319398.643, 100
Trd, 4319398.793, 99
Trd, 4319399.343, 101
Trd, 4319400.843, 101
Trd, 4319401.193, 98
Trd, 4319402.943, 101
Trd, 4319403.393, 101
Trd, 4319406.493, 102
Trd, 4319407.693, 101
Trd, 4319408.593, 103
Trd, 4319409.193, 99
Trd, 4319409.493, 100
Trd, 4319411.393, 101
Trd, 4319412.043, 102
Trd, 4319412.493, 102
Trd, 4319413.443, 108
Trd, 4319417.393, 103
Trd, 4319418.243, 103
Trd, 4319419.243, 104
Trd, 4319420.393, 102
Trd, 4319420.993, 99
Trd, 4319422.793, 104
Trd, 4319424.743, 103
Trd, 4319428.593, 104
Trd, 4319431.643, 104
Trd, 4319432.293, 103
Trd, 4319433.343, 103
Trd, 4319434.543, 95
Trd, 4319438.693, 103
Trd, 4319443.193, 103
Trd, 4319443.593, 105
Trd, 4319443.793, 99
Trd, 4319448.143, 101
Trd, 4319448.843, 102
Trd, 4319450.143, 101
Trd, 4319451.043, 99
Trd, 4319451.143, 98
Trd, 4319452.743, 99
Trd, 4319453.793, 99
Trd, 4319454.693, 98
Trd, 4319456.693, 97
Trd, 4319458.993, 98
Trd, 4319459.843, 98
Trd, 4319461.093, 96
Trd, 4319462.393, 97
Trd, 4319463.943, 97
Trd, 4319465.743, 97
Trd, 4319467.843, 97
Trd, 4319468.343, 96
Trd, 4319469.343, 96
Trd, 4319472.493, 98
Trd, 4319474.143, 98
Trd, 4319474.693, 95
Trd, 4319474.993, 92
Trd, 4319476.243, 94
Trd, 4319476.743, 92
Trd, 4319478.293, 104
Trd, 4319479.293, 96
Trd, 4319480.893, 100
Trd, 4319482.643, 100
Trd, 4319484.143, 101
Trd, 4319485.543, 100
Trd, 4319488.593, 98
Trd, 4319490.793, 99
Trd, 4319491.043, 100
Trd, 4319492.043, 98
Trd, 4319494.143, 98
Trd, 4319494.193, 97
Trd, 4319496.343, 101
Trd, 4319498.093, 101
Trd, 4319499.243, 102
Trd, 4319500.893, 105
Trd, 4319502.893, 108
Trd, 4319503.743, 107
Trd, 4319505.393, 105
Trd, 4319505.493, 104
Trd, 4319509.943, 105
Trd, 4319511.393, 105
Trd, 4319511.443, 104
Trd, 4319512.693, 103
Trd, 4319514.393, 103
Trd, 4319515.093, 103
Trd, 4319516.693, 105
Trd, 4319520.443, 103
Trd, 4319520.743, 104
Trd, 4319522.293, 104
Trd, 4319522.993, 102
Trd, 4319524.793, 102
Trd, 4319529.193, 104
Trd, 4319529.843, 103
Trd, 4319530.193, 102
Trd, 4319531.193, 101
Trd, 4319531.793, 102
Trd, 4319532.393, 102
Trd, 4319533.443, 104
Trd, 4319534.243, 104
Trd, 4319534.793, 103
Trd, 4319538.693, 103
Trd, 4319538.943, 102
Trd, 4319539.143, 82
Trd, 4319541.443, 97
Trd, 4319542.643, 103
Trd, 4319544.443, 103
Trd, 4319545.343, 103
Trd, 4319545.993, 104
Trd, 4319546.293, 101
Trd, 4319547.393, 101
Trd, 4319548.443, 104
Trd, 4319550.443, 101
Trd, 4319552.293, 101
Trd, 4319553.243, 103
Trd, 4319553.843, 102
Trd, 4319554.893, 101
Trd, 4319555.593, 103
Trd, 4319558.493, 101
Trd, 4319559.993, 102
Trd, 4319562.293, 102
Trd, 4319563.793, 101
Trd, 4319565.143, 101
Trd, 4319565.293, 100
Trd, 4319566.343, 106
Trd, 4319568.443, 99
Trd, 4319570.343, 97
Trd, 4319571.643, 98
Trd, 4319572.143, 99
Trd, 4319575.493, 106
Trd, 4319575.693, 105
Trd, 4319576.393, 104
Trd, 4319577.193, 103
Trd, 4319580.693, 104
Trd, 4319581.443, 103
Trd, 4319582.793, 103
Trd, 4319584.393, 104
Trd, 4319585.193, 104
Trd, 4319586.543, 104
Trd, 4319588.093, 103
Trd, 4319589.493, 103
Trd, 4319589.793, 102
Trd, 4319590.543, 102
Trd, 4319591.593, 101
Trd, 4319593.893, 100
Trd, 4319594.093, 100
Trd, 4319597.193, 103
Trd, 4319597.943, 104
Trd, 4319602.343, 103
Trd, 4319603.193, 104
Trd, 4319603.343, 101
Trd, 4319603.743, 104
Trd, 4319605.693, 104
Trd, 4319605.993, 102
Trd, 4319607.693, 103
Trd, 4319608.343, 101
Trd, 4319609.143, 111
Trd, 4319611.993, 104
Trd, 4319612.743, 103
Trd, 4319615.693, 103
Trd, 4319617.743, 102
Trd, 4319620.543, 104
Trd, 4319620.793, 103
Trd, 4319621.743, 104
Trd, 4319622.543, 103
Trd, 4319624.793, 104
Trd, 4319625.993, 105
Trd, 4319626.993, 105
Trd, 4319627.443, 104
Trd, 4319630.243, 104
Trd, 4319632.043, 104
Trd, 4319633.043, 103
Trd, 4319636.793, 105
Trd, 4319637.693, 104
Trd, 4319637.793, 103
Trd, 4319639.293, 102
Trd, 4319640.743, 83
Trd, 4319644.793, 102
Trd, 4319646.243, 99
Trd, 4319649.643, 104
Trd, 4319651.543, 102
Trd, 4319651.643, 102
Trd, 4319653.193, 101
Trd, 4319655.193, 100
Trd, 4319657.893, 100
Trd, 4319658.093, 100
Trd, 4319658.843, 99
Trd, 4319660.743, 100
Trd, 4319662.793, 100
Trd, 4319664.343, 99
Trd, 4319664.743, 105
Trd, 4319667.193, 100
Trd, 4319667.443, 98
Trd, 4319670.493, 101
Trd, 4319671.543, 104
Trd, 4319671.693, 100
Trd, 4319674.443, 101
Trd, 4319675.143, 101
Trd, 4319676.643, 101
Trd, 4319677.793, 98
Trd, 4319679.343, 97
Trd, 4319681.693, 95
Trd, 4319682.243, 97
Trd, 4319685.443, 97
Trd, 4319685.943, 97
Trd, 4319686.943, 96
Trd, 4319688.243, 97
Trd, 4319694.093, 97
Trd, 4319694.193, 98
Trd, 4319695.043, 97
Trd, 4319695.343, 96
Trd, 4319698.543, 98
Trd, 4319698.893, 98
Trd, 4319702.393, 98
Trd, 4319703.543, 96
Trd, 4319706.393, 98
Trd, 4319707.543, 98
Trd, 4319708.093, 97
Trd, 4319711.193, 98
Trd, 4319712.643, 98
Trd, 4319712.743, 97
Trd, 4319715.443, 98
Trd, 4319715.943, 97
Trd, 4319717.143, 87
Trd, 4319718.493, 96
Trd, 4319721.343, 96
Trd, 4319721.543, 95
Trd, 4319722.693, 96
Trd, 4319724.393, 95
Trd, 4319726.443, 95
Trd, 4319728.943, 95
Trd, 4319729.643, 95
Trd, 4319730.793, 95
Trd, 4319731.043, 94
Trd, 4319733.243, 96
Trd, 4319734.493, 98
Trd, 4319734.893, 104
Trd, 4319736.993, 99
Trd, 4319739.743, 106
Trd, 4319740.343, 100
Trd, 4319741.393, 101
Trd, 4319742.293, 99
Trd, 4319745.593, 101
Trd, 4319747.493, 101
Trd, 4319749.143, 101
Trd, 4319749.343, 100
Trd, 4319750.493, 101
Trd, 4319750.743, 99
Trd, 4319754.643, 101
Trd, 4319755.793, 101
Trd, 4319755.993, 98
Trd, 4319758.593, 99
Trd, 4319759.593, 101
Trd, 4319760.143, 100
Trd, 4319762.643, 100
Trd, 4319763.543, 101
Trd, 4319764.193, 99
Trd, 4319766.493, 101
Trd, 4319770.843, 99
Trd, 4319773.093, 101
Trd, 4319773.143, 100
Trd, 4319776.593, 104
Trd, 4319776.843, 103
Trd, 4319777.193, 101
Trd, 4319779.293, 102
Trd, 4319780.143, 102
Trd, 4319780.993, 85
Trd, 4319782.893, 99
Trd, 4319783.143, 100
Trd, 4319786.043, 101
Trd, 4319787.143, 99
Trd, 4319789.943, 98
Trd, 4319792.893, 100
Trd, 4319796.093, 100
Trd, 4319797.143, 101
Trd, 4319797.743, 95
Trd, 4319799.743, 97
Trd, 4319801.893, 100
Trd, 4319802.793, 100
Trd, 4319803.193, 100
Trd, 4319803.293, 97
Trd, 4319804.643, 98
Trd, 4319807.543, 99
Trd, 4319808.243, 100
Trd, 4319809.243, 99
Trd, 4319811.643, 100
Trd, 4319815.543, 100
Trd, 4319815.843, 99
Trd, 4319816.193, 98
Trd, 4319819.193, 99
Trd, 4319820.543, 98
Trd, 4319820.593, 99
Trd, 4319821.743, 96
Trd, 4319822.093, 99
Trd, 4319825.493, 102
Trd, 4319827.043, 102
Trd, 4319827.193, 101
Trd, 4319827.343, 99
Trd, 4319828.543, 101
Trd, 4319830.743, 101
Trd, 4319830.993, 102
Trd, 4319831.843, 100
Trd, 4319834.043, 101
Trd, 4319835.443, 101
Trd, 4319836.643, 104
Trd, 4319836.893, 108
Trd, 4319840.443, 105
Trd, 4319840.643, 104
Trd, 4319841.343, 103
Trd, 4319843.643, 104
Trd, 4319844.043, 103
Trd, 4319844.693, 102
Trd, 4319847.743, 102
Trd, 4319847.793, 101
Trd, 4319849.743, 102
Trd, 4319851.543, 97
Trd, 4319853.243, 101
Trd, 4319853.693, 102
Trd, 4319854.143, 99
Trd, 4319855.393, 101
Trd, 4319856.993, 104
Trd, 4319860.493, 103
Trd, 4319862.243, 103
Trd, 4319863.093, 102
Trd, 4319863.293, 101
Trd, 4319863.443, 100
Trd, 4319864.393, 85
Trd, 4319869.843, 103
Trd, 4319872.343, 103
Trd, 4319873.393, 102
Trd, 4319874.843, 104
Trd, 4319878.543, 104
Trd, 4319881.343, 103
Trd, 4319882.993, 103
Trd, 4319883.293, 101
Trd, 4319887.393, 103
Trd, 4319888.243, 102
Trd, 4319888.543, 101
Trd, 4319889.593, 101
Trd, 4319890.193, 95
Trd, 4319892.643, 99
Trd, 4319893.393, 99
Trd, 4319895.643, 99
Trd, 4319895.943, 98
Trd, 4319897.643, 101
Trd, 4319899.743, 101
Trd, 4319900.543, 101
Trd, 4319900.743, 102
Trd, 4319901.693, 102
Trd, 4319902.943, 103
Trd, 4319904.743, 102
Trd, 4319905.093, 101
Trd, 4319905.543, 95
Trd, 4319908.643, 101
Trd, 4319908.793, 101
Trd, 4319910.893, 101
Trd, 4319911.243, 101
Trd, 4319913.643, 100
Trd, 4319915.693, 100
Trd, 4319916.893, 99
Trd, 4319917.443, 99
Trd, 4319920.493, 101
Trd, 4319924.243, 100
Trd, 4319925.093, 101
Trd, 4319925.643, 99
Trd, 4319928.093, 101
Trd, 4319928.743, 101
Trd, 4319929.943, 103
Trd, 4319932.043, 98
Trd, 4319932.143, 98
Trd, 4319932.193, 98
Trd, 4319933.443, 99
Trd, 4319933.743, 105
Trd, 4319936.093, 97
Trd, 4319936.343, 96
Trd, 4319937.493, 98
Trd, 4319940.943, 98
Trd, 4319940.993, 97
Trd, 4319942.343, 97
Trd, 4319943.043, 98
Trd, 4319945.043, 105
Trd, 4319947.943, 103
Trd, 4319947.993, 99
Trd, 4319949.593, 102
Trd, 4319952.693, 101
Trd, 4319953.143, 103
Trd, 4319954.193, 104
Trd, 4319956.193, 101
Trd, 4319956.843, 101
Trd, 4319959.693, 103
Trd, 4319962.893, 101
Trd, 4319963.543, 100
Trd, 4319963.593, 100
Trd, 4319964.893, 102
Trd, 4319966.643, 101
Trd, 4319966.843, 106
Trd, 4319969.943, 102
Trd, 4319971.893, 100
Trd, 4319972.593, 103
Trd, 4319973.793, 101
Trd, 4319974.343, 103
Trd, 4319974.643, 103
Trd, 4319977.443, 98
Trd, 4319978.243, 96
Trd, 4319978.293, 100
Trd, 4319979.743, 85
Trd, 4319982.093, 98
Trd, 4319982.193, 97
Trd, 4319983.243, 98
Trd, 4319984.143, 98
Trd, 4319985.843, 98
Trd, 4319986.593, 98
Trd, 4319988.343, 98
Trd, 4319988.443, 97
Trd, 4319991.043, 98
Trd, 4319993.743, 97
Trd, 4319994.793, 98
Trd, 4319995.593, 99
Trd, 4319998.993, 99
