Trd, 4317894.393, 93
Trd, 4317894.743, 95
Trd, 4317898.493, 94
Trd, 4317898.893, 91
Trd, 4317899.443, 93
Trd, 4317900.893, 93
Trd, 4317901.143, 91
Trd, 4317901.893, 93
Trd, 4317904.343, 108
Trd, 4317904.643, 122
Trd, 4317904.693, 91
Trd, 4317907.643, 101
Trd, 4317910.543, 98
Trd, 4317910.743, 98
Trd, 4317911.693, 101
Trd, 4317912.143, 84
Trd, 4317912.643, 105
Trd, 4317914.443, 100
Trd, 4317914.993, 101
Trd, 4317917.593, 100
Trd, 4317918.043, 101
Trd, 4317918.293, 99
Trd, 4317919.093, 99
Trd, 4317922.393, 100
Trd, 4317922.843, 97
Trd, 4317925.393, 100
Trd, 4317927.343, 96
Trd, 4317928.343, 96
Trd, 4317928.893, 95
Trd, 4317929.993, 95
Trd, 4317930.593, 97
Trd, 4317931.293, 103
Trd, 4317934.893, 95
Trd, 4317936.993, 95
Trd, 4317937.543, 94
Trd, 4317938.443, 93
Trd, 4317939.043, 82
Trd, 4317940.543, 88
Trd, 4317940.843, 95
Trd, 4317944.193, 94
Trd, 4317944.743, 94
Trd, 4317944.993, 95
Trd, 4317945.693, 102
Trd, 4317947.493, 94
Trd, 4317949.393, 95
Trd, 4317950.193, 95
Trd, 4317953.343, 95
Trd, 4317953.643, 94
Trd, 4317954.743, 95
Trd, 4317955.143, 92
Trd, 4317958.143, 96
Trd, 4317959.043, 103
Trd, 4317960.593, 95
Trd, 4317961.593, 92
Trd, 4317963.243, 94
Trd, 4317964.343, 93
Trd, 4317965.193, 93
Trd, 4317965.843, 94
Trd, 4317967.043, 93
Trd, 4317969.193, 104
Trd, 4317970.593, 96
Trd, 4317971.343, 95
Trd, 4317973.443, 96
Trd, 4317974.343, 96
Trd, 4317974.493, 97
Trd, 4317977.243, 97
Trd, 4317980.693, 97
Trd, 4317981.243, 95
Trd, 4317983.993, 95
Trd, 4317984.393, 94
Trd, 4317985.343, 94
Trd, 4317985.843, 93
Trd, 4317987.093, 95
Trd, 4317987.343, 95
Trd, 4317988.793, 95
Trd, 4317990.393, 95
Trd, 4317991.143, 94
Trd, 4317991.193, 89
Trd, 4317993.093, 95
Trd, 4317993.743, 97
Trd, 4317994.143, 104
Trd, 4317995.693, 112
Trd, 4317996.243, 95
Trd, 4317997.443, 100
Trd, 4317998.293, 99
Trd, 4318000.493, 99
Trd, 4318001.293, 98
Trd, 4318003.043, 98
Trd, 4318004.143, 101
Trd, 4318004.893, 96
Trd, 4318007.293, 104
Trd, 4318010.843, 96
Trd, 4318011.043, 95
Trd, 4318011.093, 95
Trd, 4318012.493, 95
Trd, 4318012.793, 95
Trd, 4318014.043, 96
Trd, 4318016.743, 96
Trd, 4318017.693, 95
Trd, 4318018.243, 96
Trd, 4318020.143, 94
Trd, 4318021.193, 95
Trd, 4318021.943, 95
Trd, 4318022.293, 95
Trd, 4318025.543, 94
Trd, 4318026.493, 93
Trd, 4318026.793, 95
Trd, 4318027.043, 95
Trd, 4318027.293, 95
Trd, 4318031.093, 94
Trd, 4318031.893, 92
Trd, 4318032.793, 92
Trd, 4318033.143, 93
Trd, 4318033.893, 95
Trd, 4318035.143, 94
Trd, 4318037.643, 95
Trd, 4318041.343, 95
Trd, 4318041.393, 93
Trd, 4318042.143, 93
Trd, 4318042.393, 93
Trd, 4318043.743, 95
Trd, 4318044.493, 93
Trd, 4318044.543, 94
Trd, 4318045.343, 77
Trd, 4318047.543, 94
Trd, 4318048.593, 95
Trd, 4318050.443, 93
Trd, 4318051.343, 90
Trd, 4318052.193, 93
Trd, 4318053.743, 95
Trd, 4318054.243, 93
Trd, 4318054.393, 122
Trd, 4318058.843, 98
Trd, 4318059.343, 96
Trd, 4318060.293, 97
Trd, 4318061.943, 95
Trd, 4318062.393, 95
Trd, 4318063.843, 95
Trd, 4318067.043, 95
Trd, 4318067.093, 96
Trd, 4318067.593, 97
Trd, 4318067.993, 95
Trd, 4318068.143, 104
Trd, 4318070.093, 101
Trd, 4318070.693, 101
Trd, 4318071.343, 101
Trd, 4318071.643, 95
Trd, 4318073.893, 106
Trd, 4318075.993, 104
Trd, 4318078.143, 99
Trd, 4318078.943, 99
Trd, 4318080.593, 95
Trd, 4318080.893, 95
Trd, 4318081.793, 98
Trd, 4318083.243, 103
Trd, 4318083.993, 95
Trd, 4318087.393, 100
Trd, 4318089.543, 99
Trd, 4318091.893, 100
Trd, 4318094.493, 97
Trd, 4318094.993, 96
Trd, 4318095.243, 98
Trd, 4318097.093, 96
Trd, 4318097.243, 96
Trd, 4318097.943, 94
Trd, 4318099.343, 93
Trd, 4318100.343, 95
Trd, 4318100.693, 97
Trd, 4318101.193, 98
Trd, 4318104.493, 95
Trd, 4318106.293, 95
Trd, 4318107.293, 96
Trd, 4318107.643, 95
Trd, 4318108.243, 96
Trd, 4318111.743, 96
Trd, 4318112.343, 96
Trd, 4318112.393, 95
Trd, 4318113.993, 95
Trd, 4318114.543, 95
Trd, 4318114.793, 96
Trd, 4318114.893, 96
Trd, 4318118.693, 95
Trd, 4318118.793, 95
Trd, 4318120.543, 93
Trd, 4318121.393, 91
Trd, 4318122.793, 86
Trd, 4318123.093, 91
Trd, 4318124.293, 91
Trd, 4318125.743, 103
Trd, 4318128.693, 89
Trd, 4318128.743, 93
Trd, 4318129.893, 90
Trd, 4318130.443, 91
Trd, 4318131.643, 105
Trd, 4318131.793, 90
Trd, 4318133.793, 112
Trd, 4318136.043, 96
Trd, 4318137.343, 94
Trd, 4318138.593, 95
Trd, 4318138.843, 93
Trd, 4318141.293, 94
Trd, 4318142.393, 93
Trd, 4318142.643, 94
Trd, 4318143.293, 103
Trd, 4318145.093, 92
Trd, 4318147.193, 96
Trd, 4318147.843, 101
Trd, 4318149.943, 99
Trd, 4318150.043, 95
Trd, 4318153.793, 95
Trd, 4318154.193, 95
Trd, 4318154.393, 94
Trd, 4318155.093, 97
Trd, 4318156.243, 99
Trd, 4318158.543, 94
Trd, 4318159.543, 93
Trd, 4318159.793, 95
Trd, 4318161.143, 94
Trd, 4318162.693, 100
Trd, 4318162.993, 104
Trd, 4318165.143, 101
Trd, 4318165.293, 100
Trd, 4318166.243, 99
Trd, 4318167.993, 95
Trd, 4318169.043, 94
Trd, 4318169.243, 95
Trd, 4318169.643, 104
Trd, 4318170.543, 95
Trd, 4318172.143, 113
Trd, 4318172.993, 109
Trd, 4318173.043, 107
Trd, 4318176.593, 103
Trd, 4318178.643, 103
Trd, 4318179.043, 95
Trd, 4318179.343, 103
Trd, 4318180.493, 102
Trd, 4318181.193, 104
Trd, 4318182.293, 100
Trd, 4318185.843, 103
Trd, 4318186.593, 103
Trd, 4318189.093, 100
Trd, 4318189.793, 100
Trd, 4318190.793, 100
Trd, 4318191.293, 99
Trd, 4318192.143, 98
Trd, 4318193.043, 97
Trd, 4318195.443, 96
Trd, 4318195.693, 97
Trd, 4318199.593, 95
Trd, 4318200.593, 95
Trd, 4318200.643, 97
Trd, 4318201.543, 94
Trd, 4318202.043, 96
Trd, 4318203.343, 94
Trd, 4318205.843, 94
Trd, 4318206.793, 95
Trd, 4318208.893, 95
Trd, 4318209.343, 93
Trd, 4318211.393, 86
Trd, 4318213.293, 94
Trd, 4318213.743, 94
Trd, 4318216.493, 94
Trd, 4318218.693, 93
Trd, 4318219.443, 94
Trd, 4318221.443, 93
Trd, 4318221.993, 95
Trd, 4318222.643, 94
Trd, 4318224.893, 95
Trd, 4318226.193, 95
Trd, 4318228.193, 103
Trd, 4318230.193, 98
Trd, 4318231.593, 94
Trd, 4318233.593, 93
Trd, 4318234.543, 92
Trd, 4318235.393, 92
Trd, 4318235.793, 91
Trd, 4318236.143, 113
Trd, 4318238.693, 107
Trd, 4318239.593, 103
Trd, 4318239.943, 95
Trd, 4318240.193, 105
Trd, 4318240.893, 101
Trd, 4318241.043, 104
Trd, 4318242.543, 113
Trd, 4318244.843, 101
Trd, 4318245.443, 102
Trd, 4318247.643, 101
Trd, 4318247.843, 102
Trd, 4318248.393, 102
Trd, 4318248.843, 101
Trd, 4318251.243, 99
Trd, 4318251.443, 98
Trd, 4318251.893, 104
Trd, 4318253.143, 105
Trd, 4318256.243, 97
Trd, 4318257.343, 97
Trd, 4318257.643, 95
Trd, 4318258.143, 98
Trd, 4318259.993, 98
Trd, 4318261.743, 96
Trd, 4318263.393, 95
Trd, 4318263.793, 95
Trd, 4318263.843, 94
Trd, 4318265.393, 94
Trd, 4318265.693, 103
Trd, 4318268.043, 99
Trd, 4318270.893, 98
Trd, 4318271.443, 95
Trd, 4318274.193, 101
Trd, 4318274.243, 95
Trd, 4318276.393, 95
Trd, 4318278.243, 95
Trd, 4318278.593, 95
Trd, 4318279.893, 100
Trd, 4318280.543, 101
Trd, 4318281.343, 95
Trd, 4318282.293, 105
Trd, 4318283.543, 102
Trd, 4318285.293, 85
Trd, 4318287.243, 91
Trd, 4318287.943, 91
Trd, 4318288.543, 91
Trd, 4318291.093, 92
Trd, 4318292.043, 91
Trd, 4318292.143, 92
Trd, 4318294.443, 89
Trd, 4318295.293, 91
Trd, 4318296.993, 89
Trd, 4318299.043, 90
Trd, 4318299.793, 90
Trd, 4318300.293, 87
Trd, 4318302.493, 88
Trd, 4318302.543, 87
Trd, 4318302.743, 88
Trd, 4318304.143, 105
Trd, 4318306.143, 92
Trd, 4318306.993, 99
Trd, 4318307.793, 96
Trd, 4318308.093, 104
Trd, 4318311.593, 116
Trd, 4318311.993, 110
Trd, 4318312.843, 107
Trd, 4318314.193, 107
Trd, 4318316.743, 105
Trd, 4318317.393, 105
Trd, 4318318.143, 103
Trd, 4318318.843, 102
Trd, 4318319.393, 95
Trd, 4318319.543, 103
Trd, 4318320.793, 97
Trd, 4318322.693, 97
Trd, 4318324.443, 96
Trd, 4318324.843, 96
Trd, 4318325.393, 105
Trd, 4318328.093, 95
Trd, 4318328.193, 95
Trd, 4318329.443, 95
Trd, 4318329.543, 94
Trd, 4318329.943, 97
Trd, 4318332.893, 105
Trd, 4318334.893, 113
Trd, 4318335.193, 101
Trd, 4318336.693, 103
Trd, 4318337.993, 107
Trd, 4318341.993, 102
Trd, 4318342.443, 103
Trd, 4318342.593, 102
Trd, 4318343.293, 104
Trd, 4318344.393, 102
Trd, 4318344.943, 102
Trd, 4318345.443, 103
Trd, 4318346.593, 103
Trd, 4318348.693, 102
Trd, 4318349.343, 104
Trd, 4318350.393, 102
Trd, 4318351.793, 102
Trd, 4318353.193, 96
Trd, 4318353.993, 96
Trd, 4318355.893, 91
Trd, 4318355.943, 91
Trd, 4318356.093, 95
Trd, 4318356.593, 104
Trd, 4318357.693, 92
Trd, 4318360.043, 90
Trd, 4318360.493, 93
Trd, 4318362.293, 105
Trd, 4318362.693, 91
Trd, 4318367.043, 99
Trd, 4318367.293, 100
Trd, 4318367.693, 99
Trd, 4318368.543, 99
Trd, 4318368.943, 95
Trd, 4318369.943, 94
Trd, 4318371.893, 96
Trd, 4318372.643, 95
Trd, 4318373.043, 96
Trd, 4318373.243, 104
Trd, 4318374.693, 98
Trd, 4318377.543, 94
Trd, 4318378.993, 96
Trd, 4318381.293, 95
Trd, 4318381.843, 95
Trd, 4318383.993, 95
Trd, 4318384.043, 95
Trd, 4318384.193, 93
Trd, 4318386.193, 94
Trd, 4318387.243, 95
Trd, 4318389.193, 93
Trd, 4318389.893, 95
Trd, 4318390.693, 95
Trd, 4318390.943, 103
Trd, 4318392.743, 95
Trd, 4318394.393, 96
Trd, 4318394.543, 97
Trd, 4318397.143, 95
Trd, 4318397.293, 95
Trd, 4318398.243, 95
Trd, 4318398.493, 104
Trd, 4318400.543, 98
Trd, 4318401.193, 95
Trd, 4318401.543, 94
Trd, 4318401.793, 113
Trd, 4318403.193, 93
Trd, 4318406.243, 95
Trd, 4318406.593, 101
Trd, 4318406.693, 103
Trd, 4318410.993, 101
Trd, 4318411.393, 100
Trd, 4318412.693, 102
Trd, 4318412.943, 103
Trd, 4318413.693, 101
Trd, 4318414.743, 104
Trd, 4318415.343, 100
Trd, 4318417.743, 101
Trd, 4318419.693, 99
Trd, 4318420.343, 95
Trd, 4318420.743, 99
Trd, 4318422.143, 95
Trd, 4318423.843, 96
Trd, 4318424.393, 101
Trd, 4318426.793, 98
Trd, 4318428.193, 97
Trd, 4318429.093, 96
Trd, 4318429.243, 96
Trd, 4318429.843, 104
Trd, 4318429.943, 95
Trd, 4318431.093, 99
Trd, 4318432.593, 94
Trd, 4318434.843, 98
Trd, 4318435.643, 96
Trd, 4318435.743, 95
Trd, 4318437.793, 95
Trd, 4318438.293, 94
Trd, 4318438.543, 96
Trd, 4318441.143, 95
Trd, 4318441.743, 94
Trd, 4318442.543, 95
Trd, 4318442.743, 104
Trd, 4318443.343, 99
Trd, 4318446.043, 103
Trd, 4318446.493, 102
Trd, 4318447.193, 104
Trd, 4318448.193, 112
Trd, 4318450.243, 102
Trd, 4318451.743, 87
Trd, 4318451.943, 96
Trd, 4318452.293, 97
Trd, 4318452.643, 101
Trd, 4318453.743, 103
Trd, 4318457.093, 104
Trd, 4318458.793, 97
Trd, 4318459.593, 101
Trd, 4318460.343, 100
Trd, 4318461.793, 100
Trd, 4318463.543, 101
Trd, 4318464.343, 98
Trd, 4318464.843, 101
Trd, 4318467.893, 98
Trd, 4318469.343, 99
Trd, 4318471.143, 98
Trd, 4318471.993, 98
Trd, 4318473.043, 99
Trd, 4318475.043, 98
Trd, 4318475.243, 97
Trd, 4318476.193, 103
Trd, 4318477.593, 104
Trd, 4318480.093, 100
Trd, 4318480.343, 95
Trd, 4318483.293, 96
Trd, 4318483.743, 95
Trd, 4318483.943, 95
Trd, 4318483.993, 95
Trd, 4318486.243, 101
Trd, 4318487.443, 94
Trd, 4318488.693, 99
Trd, 4318489.043, 100
Trd, 4318490.343, 96
Trd, 4318493.943, 95
Trd, 4318495.793, 96
Trd, 4318496.543, 96
Trd, 4318499.093, 96
Trd, 4318500.143, 95
Trd, 4318500.493, 95
Trd, 4318501.493, 104
Trd, 4318501.593, 105
Trd, 4318503.693, 100
Trd, 4318505.643, 95
Trd, 4318507.543, 95
Trd, 4318508.143, 95
Trd, 4318508.843, 95
Trd, 4318509.193, 99
Trd, 4318511.293, 98
Trd, 4318512.693, 96
Trd, 4318513.093, 95
Trd, 4318514.393, 95
Trd, 4318515.293, 95
Trd, 4318516.993, 95
Trd, 4318517.343, 95
Trd, 4318520.343, 96
Trd, 4318522.543, 95
Trd, 4318522.693, 106
Trd, 4318523.593, 98
Trd, 4318525.393, 98
Trd, 4318526.593, 99
Trd, 4318529.593, 104
Trd, 4318529.643, 100
Trd, 4318530.443, 103
Trd, 4318531.143, 98
Trd, 4318532.393, 85
Trd, 4318533.393, 94
Trd, 4318535.143, 94
Trd, 4318536.543, 93
Trd, 4318537.093, 104
Trd, 4318538.693, 113
Trd, 4318539.943, 100
Trd, 4318543.043, 96
Trd, 4318544.043, 96
Trd, 4318545.593, 96
Trd, 4318546.243, 95
Trd, 4318546.893, 94
Trd, 4318547.743, 85
Trd, 4318547.893, 104
Trd, 4318550.243, 90
Trd, 4318551.243, 93
Trd, 4318551.643, 94
Trd, 4318552.693, 92
Trd, 4318554.793, 94
Trd, 4318556.893, 93
Trd, 4318557.193, 95
Trd, 4318557.643, 95
Trd, 4318559.393, 95
Trd, 4318559.793, 94
Trd, 4318560.493, 112
Trd, 4318561.193, 113
Trd, 4318566.143, 93
Trd, 4318566.443, 97
Trd, 4318567.093, 96
Trd, 4318568.043, 94
Trd, 4318569.193, 94
Trd, 4318569.743, 95
Trd, 4318569.893, 95
Trd, 4318570.643, 94
Trd, 4318573.043, 94
Trd, 4318573.293, 94
Trd, 4318575.543, 94
Trd, 4318575.993, 95
Trd, 4318578.343, 99
Trd, 4318578.643, 100
Trd, 4318580.593, 101
Trd, 4318581.243, 102
Trd, 4318582.693, 104
Trd, 4318582.793, 95
Trd, 4318585.243, 113
Trd, 4318587.043, 106
Trd, 4318587.143, 106
Trd, 4318587.743, 106
Trd, 4318588.143, 103
Trd, 4318588.543, 108
Trd, 4318593.243, 103
Trd, 4318593.343, 106
Trd, 4318593.693, 106
Trd, 4318598.493, 104
Trd, 4318598.993, 102
Trd, 4318599.343, 102
Trd, 4318600.543, 102
Trd, 4318601.093, 104
Trd, 4318601.993, 106
Trd, 4318603.443, 101
Trd, 4318605.293, 101
Trd, 4318606.293, 100
Trd, 4318606.343, 95
Trd, 4318608.593, 101
Trd, 4318608.843, 103
Trd, 4318610.543, 97
Trd, 4318613.343, 102
Trd, 4318614.593, 98
Trd, 4318614.743, 96
Trd, 4318619.843, 96
Trd, 4318620.343, 95
Trd, 4318620.993, 95
Trd, 4318622.093, 104
Trd, 4318622.843, 114
Trd, 4318623.793, 100
Trd, 4318625.193, 102
Trd, 4318626.193, 102
Trd, 4318627.143, 104
Trd, 4318627.693, 103
Trd, 4318629.343, 101
Trd, 4318631.193, 93
Trd, 4318631.593, 92
Trd, 4318632.643, 92
Trd, 4318633.443, 95
Trd, 4318633.643, 93
Trd, 4318635.643, 94
Trd, 4318635.843, 94
Trd, 4318638.093, 101
Trd, 4318640.093, 113
Trd, 4318641.743, 116
Trd, 4318643.043, 113
Trd, 4318643.643, 105
Trd, 4318644.793, 103
Trd, 4318645.943, 101
Trd, 4318646.893, 113
Trd, 4318648.093, 106
Trd, 4318649.093, 89
Trd, 4318651.693, 104
Trd, 4318652.743, 100
Trd, 4318653.343, 101
Trd, 4318654.293, 99
Trd, 4318654.643, 100
Trd, 4318655.643, 98
Trd, 4318659.443, 97
Trd, 4318660.343, 96
Trd, 4318660.693, 96
Trd, 4318660.993, 95
Trd, 4318661.443, 104
Trd, 4318663.093, 95
Trd, 4318665.493, 94
Trd, 4318666.143, 93
Trd, 4318666.793, 92
Trd, 4318667.043, 94
Trd, 4318668.843, 93
Trd, 4318671.443, 98
Trd, 4318672.343, 104
Trd, 4318673.193, 121
Trd, 4318674.843, 110
Trd, 4318675.943, 107
Trd, 4318677.043, 96
Trd, 4318678.293, 89
Trd, 4318679.193, 91
Trd, 4318679.543, 92
Trd, 4318679.643, 95
Trd, 4318680.443, 92
Trd, 4318682.093, 91
Trd, 4318683.043, 91
Trd, 4318684.393, 92
Trd, 4318685.493, 102
Trd, 4318688.643, 96
Trd, 4318688.693, 95
Trd, 4318689.993, 95
Trd, 4318690.593, 94
Trd, 4318691.793, 94
Trd, 4318692.093, 95
Trd, 4318693.793, 95
Trd, 4318694.743, 95
Trd, 4318695.493, 95
Trd, 4318699.493, 99
Trd, 4318700.393, 97
Trd, 4318700.443, 96
Trd, 4318701.443, 97
Trd, 4318702.243, 106
Trd, 4318705.443, 95
Trd, 4318705.543, 95
Trd, 4318706.093, 95
Trd, 4318708.693, 96
Trd, 4318709.043, 95
Trd, 4318709.343, 106
Trd, 4318712.193, 99
Trd, 4318712.343, 99
Trd, 4318713.893, 102
Trd, 4318715.993, 102
Trd, 4318716.093, 104
Trd, 4318717.543, 101
Trd, 4318720.093, 99
Trd, 4318721.293, 99
Trd, 4318722.043, 98
Trd, 4318722.543, 98
Trd, 4318724.193, 105
Trd, 4318725.743, 96
Trd, 4318727.293, 96
Trd, 4318728.343, 102
Trd, 4318728.893, 104
Trd, 4318734.393, 95
Trd, 4318735.093, 96
Trd, 4318735.143, 97
Trd, 4318736.143, 95
Trd, 4318736.243, 94
Trd, 4318737.093, 105
Trd, 4318740.043, 98
Trd, 4318740.343, 94
Trd, 4318743.493, 95
Trd, 4318744.443, 95
Trd, 4318745.643, 94
Trd, 4318745.993, 94
Trd, 4318747.143, 103
Trd, 4318747.993, 100
Trd, 4318748.143, 94
Trd, 4318751.793, 95
Trd, 4318754.193, 95
Trd, 4318755.043, 95
Trd, 4318755.443, 96
Trd, 4318756.793, 102
Trd, 4318758.143, 103
Trd, 4318760.893, 97
Trd, 4318761.343, 95
Trd, 4318762.593, 95
Trd, 4318763.343, 95
Trd, 4318763.493, 94
Trd, 4318765.293, 95
Trd, 4318766.993, 101
Trd, 4318769.393, 103
Trd, 4318770.343, 102
Trd, 4318770.593, 101
Trd, 4318771.993, 99
Trd, 4318773.593, 99
Trd, 4318774.093, 99
Trd, 4318775.643, 98
Trd, 4318776.043, 103
Trd, 4318777.243, 98
Trd, 4318780.293, 99
Trd, 4318780.693, 98
Trd, 4318782.143, 97
Trd, 4318782.593, 99
Trd, 4318783.193, 102
Trd, 4318784.393, 95
Trd, 4318786.193, 100
Trd, 4318788.143, 95
Trd, 4318788.993, 96
Trd, 4318789.493, 95
Trd, 4318789.843, 96
Trd, 4318792.043, 101
Trd, 4318792.793, 100
Trd, 4318795.093, 95
Trd, 4318796.043, 95
Trd, 4318796.893, 95
Trd, 4318798.743, 95
Trd, 4318799.093, 94
Trd, 4318799.293, 97
Trd, 4318800.393, 103
Trd, 4318803.343, 95
Trd, 4318803.843, 95
Trd, 4318804.543, 95
Trd, 4318804.943, 94
Trd, 4318805.443, 95
Trd, 4318806.993, 93
Trd, 4318808.743, 91
Trd, 4318808.793, 94
Trd, 4318809.393, 90
Trd, 4318811.043, 91
Trd, 4318814.443, 89
Trd, 4318815.743, 89
Trd, 4318816.143, 90
Trd, 4318816.793, 90
Trd, 4318818.893, 92
Trd, 4318819.543, 92
Trd, 4318820.143, 92
Trd, 4318820.743, 92
Trd, 4318822.793, 104
Trd, 4318823.993, 105
Trd, 4318824.143, 92
Trd, 4318826.393, 96
Trd, 4318826.643, 95
Trd, 4318831.193, 95
Trd, 4318831.893, 94
Trd, 4318832.643, 95
Trd, 4318832.993, 95
Trd, 4318833.443, 94
Trd, 4318835.093, 85
Trd, 4318835.743, 95
Trd, 4318836.193, 105
Trd, 4318837.993, 98
Trd, 4318838.493, 95
Trd, 4318841.593, 96
Trd, 4318842.293, 96
Trd, 4318842.493, 98
Trd, 4318843.693, 105
Trd, 4318845.493, 116
Trd, 4318847.043, 95
Trd, 4318850.193, 95
Trd, 4318851.793, 95
Trd, 4318852.143, 95
Trd, 4318853.643, 94
Trd, 4318854.693, 105
Trd, 4318855.343, 105
Trd, 4318856.143, 110
Trd, 4318856.893, 97
Trd, 4318858.243, 98
Trd, 4318859.093, 97
Trd, 4318862.043, 99
Trd, 4318862.543, 99
Trd, 4318862.843, 100
Trd, 4318864.093, 100
Trd, 4318867.943, 97
Trd, 4318868.443, 97
Trd, 4318870.443, 95
Trd, 4318870.693, 95
Trd, 4318872.493, 94
Trd, 4318872.593, 95
Trd, 4318873.043, 96
Trd, 4318874.393, 96
Trd, 4318874.893, 95
Trd, 4318876.593, 101
Trd, 4318877.943, 95
Trd, 4318879.093, 95
Trd, 4318879.893, 96
Trd, 4318880.743, 97
Trd, 4318885.343, 99
Trd, 4318885.743, 97
Trd, 4318888.193, 96
Trd, 4318888.393, 98
Trd, 4318889.693, 95
Trd, 4318890.443, 96
Trd, 4318890.643, 95
Trd, 4318891.293, 93
Trd, 4318892.193, 92
Trd, 4318893.993, 93
Trd, 4318895.693, 113
Trd, 4318897.043, 111
Trd, 4318898.193, 110
Trd, 4318899.693, 103
Trd, 4318901.293, 103
Trd, 4318902.243, 102
Trd, 4318903.443, 100
Trd, 4318904.093, 97
Trd, 4318904.743, 96
Trd, 4318904.893, 107
Trd, 4318907.293, 112
Trd, 4318908.043, 102
Trd, 4318908.643, 103
Trd, 4318910.193, 111
Trd, 4318910.943, 102
Trd, 4318913.543, 102
Trd, 4318915.143, 104
Trd, 4318916.143, 102
Trd, 4318916.943, 104
Trd, 4318917.743, 102
Trd, 4318919.043, 100
Trd, 4318920.093, 99
Trd, 4318920.693, 95
Trd, 4318921.143, 102
Trd, 4318922.443, 100
Trd, 4318924.843, 95
Trd, 4318925.143, 95
Trd, 4318925.843, 94
Trd, 4318925.943, 95
Trd, 4318928.343, 94
Trd, 4318928.943, 103
Trd, 4318931.793, 100
Trd, 4318933.293, 95
Trd, 4318933.443, 95
Trd, 4318933.743, 97
Trd, 4318933.843, 84
Trd, 4318935.993, 97
Trd, 4318936.843, 94
Trd, 4318939.743, 96
Trd, 4318939.993, 96
Trd, 4318940.543, 97
Trd, 4318943.393, 102
Trd, 4318943.793, 95
Trd, 4318946.493, 95
Trd, 4318947.393, 96
Trd, 4318947.593, 97
Trd, 4318949.593, 95
Trd, 4318950.293, 95
Trd, 4318950.593, 95
Trd, 4318951.643, 96
Trd, 4318951.993, 95
Trd, 4318955.343, 90
Trd, 4318956.693, 90
Trd, 4318956.843, 84
Trd, 4318957.293, 90
Trd, 4318958.043, 95
Trd, 4318960.793, 102
Trd, 4318962.343, 90
Trd, 4318963.943, 99
Trd, 4318964.643, 100
Trd, 4318965.793, 100
Trd, 4318967.693, 102
Trd, 4318968.493, 103
Trd, 4318969.343, 100
Trd, 4318971.243, 98
Trd, 4318971.693, 101
Trd, 4318973.093, 95
Trd, 4318974.343, 100
Trd, 4318976.293, 96
Trd, 4318977.393, 95
Trd, 4318977.893, 95
Trd, 4318978.243, 98
Trd, 4318979.293, 104
Trd, 4318979.443, 95
Trd, 4318983.443, 98
Trd, 4318984.693, 96
Trd, 4318985.343, 96
Trd, 4318985.643, 95
Trd, 4318986.243, 95
Trd, 4318987.293, 94
Trd, 4318989.043, 90
Trd, 4318989.843, 89
Trd, 4318991.093, 93
Trd, 4318991.343, 90
Trd, 4318994.493, 93
Trd, 4318994.793, 98
Trd, 4318995.343, 95
Trd, 4318995.943, 99
Trd, 4318996.593, 94
Trd, 4318999.143, 112
Trd, 4318999.793, 99
Trd, 4319000.343, 95
Trd, 4319002.493, 97
Trd, 4319003.143, 96
Trd, 4319003.593, 98
Trd, 4319004.193, 95
Trd, 4319005.993, 99
Trd, 4319006.793, 104
Trd, 4319009.993, 102
Trd, 4319010.343, 99
Trd, 4319011.343, 99
Trd, 4319016.293, 98
Trd, 4319016.443, 97
Trd, 4319018.843, 98
Trd, 4319019.443, 103
Trd, 4319019.793, 96
Trd, 4319023.793, 97
Trd, 4319024.393, 99
Trd, 4319026.343, 94
Trd, 4319027.043, 94
Trd, 4319028.093, 97
Trd, 4319029.093, 104
Trd, 4319030.543, 94
Trd, 4319032.943, 94
Trd, 4319033.243, 93
Trd, 4319034.093, 94
Trd, 4319034.693, 95
Trd, 4319035.643, 92
Trd, 4319036.793, 96
Trd, 4319038.393, 102
Trd, 4319040.443, 100
Trd, 4319042.993, 98
Trd, 4319043.843, 96
Trd, 4319044.693, 95
Trd, 4319045.043, 95
Trd, 4319045.843, 96
Trd, 4319046.843, 93
Trd, 4319048.543, 94
Trd, 4319050.343, 95
Trd, 4319050.393, 95
Trd, 4319052.193, 95
Trd, 4319053.193, 93
Trd, 4319055.393, 113
Trd, 4319055.893, 106
Trd, 4319057.493, 106
Trd, 4319058.643, 113
Trd, 4319059.493, 111
Trd, 4319061.043, 110
Trd, 4319062.343, 109
Trd, 4319063.143, 107
Trd, 4319063.443, 108
Trd, 4319063.993, 109
Trd, 4319064.143, 95
Trd, 4319065.443, 114
Trd, 4319070.993, 103
Trd, 4319071.593, 101
Trd, 4319071.843, 102
Trd, 4319072.793, 101
Trd, 4319073.343, 102
Trd, 4319075.493, 100
Trd, 4319075.993, 100
Trd, 4319077.793, 101
Trd, 4319079.543, 100
Trd, 4319080.993, 98
Trd, 4319081.293, 122
Trd, 4319083.243, 96
Trd, 4319084.343, 108
Trd, 4319084.643, 106
Trd, 4319086.293, 95
Trd, 4319086.993, 105
Trd, 4319088.843, 95
Trd, 4319089.093, 95
Trd, 4319089.593, 95
Trd, 4319091.593, 110
Trd, 4319091.743, 93
Trd, 4319095.893, 95
Trd, 4319096.193, 95
Trd, 4319097.943, 94
Trd, 4319098.793, 92
Trd, 4319099.093, 92
Trd, 4319101.093, 94
Trd, 4319101.493, 93
Trd, 4319101.993, 94
Trd, 4319103.643, 103
Trd, 4319105.893, 95
Trd, 4319106.843, 94
Trd, 4319108.243, 96
Trd, 4319108.493, 106
Trd, 4319108.543, 93
Trd, 4319109.843, 85
Trd, 4319110.643, 101
Trd, 4319115.943, 93
Trd, 4319116.793, 94
Trd, 4319117.043, 93
Trd, 4319117.543, 92
Trd, 4319118.243, 93
Trd, 4319118.893, 95
Trd, 4319120.343, 91
Trd, 4319120.543, 103
Trd, 4319123.793, 97
Trd, 4319123.993, 104
Trd, 4319126.943, 99
Trd, 4319129.343, 96
Trd, 4319129.493, 100
Trd, 4319129.543, 104
Trd, 4319131.443, 95
Trd, 4319133.743, 99
Trd, 4319134.043, 98
Trd, 4319135.193, 95
Trd, 4319136.643, 95
Trd, 4319136.693, 97
Trd, 4319140.843, 95
Trd, 4319141.343, 95
Trd, 4319141.393, 96
Trd, 4319143.393, 96
Trd, 4319144.343, 96
Trd, 4319144.993, 94
Trd, 4319145.593, 93
Trd, 4319147.743, 92
Trd, 4319148.543, 102
Trd, 4319148.893, 96
Trd, 4319152.343, 104
Trd, 4319153.243, 95
Trd, 4319153.893, 96
Trd, 4319154.043, 95
Trd, 4319155.343, 95
Trd, 4319155.793, 96
Trd, 4319158.343, 95
Trd, 4319159.693, 95
Trd, 4319160.243, 94
Trd, 4319160.743, 94
Trd, 4319163.393, 94
Trd, 4319163.593, 93
Trd, 4319165.193, 95
Trd, 4319167.093, 102
Trd, 4319168.193, 96
Trd, 4319169.243, 95
Trd, 4319169.793, 99
Trd, 4319172.293, 97
Trd, 4319172.593, 95
Trd, 4319173.393, 105
Trd, 4319175.743, 95
Trd, 4319176.343, 95
Trd, 4319176.743, 94
Trd, 4319177.143, 93
Trd, 4319177.243, 95
Trd, 4319179.593, 93
Trd, 4319181.043, 94
Trd, 4319181.593, 94
Trd, 4319184.243, 94
Trd, 4319184.893, 100
Trd, 4319185.693, 102
Trd, 4319188.293, 97
Trd, 4319189.343, 96
Trd, 4319192.193, 95
Trd, 4319192.243, 95
Trd, 4319193.843, 95
Trd, 4319194.343, 94
Trd, 4319194.393, 96
Trd, 4319196.593, 110
Trd, 4319197.343, 114
Trd, 4319199.193, 95
Trd, 4319200.693, 99
Trd, 4319201.943, 95
Trd, 4319203.593, 98
Trd, 4319204.193, 98
Trd, 4319207.943, 95
Trd, 4319209.343, 96
Trd, 4319209.993, 96
Trd, 4319210.443, 96
Trd, 4319211.843, 96
Trd, 4319213.193, 95
Trd, 4319214.393, 95
Trd, 4319215.043, 97
Trd, 4319216.993, 97
Trd, 4319217.093, 94
Trd, 4319220.343, 97
Trd, 4319220.393, 96
Trd, 4319221.193, 96
Trd, 4319221.343, 100
Trd, 4319223.843, 95
Trd, 4319225.293, 98
Trd, 4319228.343, 95
Trd, 4319228.993, 95
Trd, 4319229.293, 95
Trd, 4319229.493, 96
Trd, 4319230.793, 98
Trd, 4319231.993, 95
Trd, 4319232.543, 96
Trd, 4319234.693, 102
Trd, 4319237.793, 99
Trd, 4319239.093, 95
Trd, 4319239.993, 95
Trd, 4319240.543, 98
Trd, 4319242.343, 97
Trd, 4319242.693, 95
Trd, 4319243.693, 96
Trd, 4319244.093, 95
Trd, 4319246.893, 95
Trd, 4319246.993, 96
Trd, 4319247.693, 97
Trd, 4319248.843, 94
Trd, 4319251.293, 93
Trd, 4319252.593, 93
Trd, 4319252.693, 92
Trd, 4319254.893, 91
Trd, 4319256.043, 91
Trd, 4319257.243, 90
Trd, 4319257.443, 90
Trd, 4319257.893, 95
Trd, 4319259.943, 94
Trd, 4319260.293, 95
Trd, 4319263.343, 100
Trd, 4319263.943, 95
Trd, 4319264.993, 95
Trd, 4319267.243, 96
Trd, 4319267.393, 96
Trd, 4319267.443, 95
Trd, 4319267.693, 77
Trd, 4319268.093, 105
Trd, 4319269.693, 104
Trd, 4319271.543, 98
Trd, 4319272.493, 96
Trd, 4319272.643, 95
Trd, 4319274.793, 94
Trd, 4319275.543, 95
Trd, 4319277.543, 96
Trd, 4319279.343, 95
Trd, 4319280.643, 95
Trd, 4319281.543, 95
Trd, 4319282.293, 95
Trd, 4319283.293, 95
Trd, 4319284.443, 95
Trd, 4319285.843, 95
Trd, 4319286.393, 95
Trd, 4319287.243, 94
Trd, 4319287.993, 85
Trd, 4319290.243, 91
Trd, 4319291.143, 91
Trd, 4319291.993, 91
Trd, 4319292.393, 90
Trd, 4319293.993, 103
Trd, 4319295.443, 105
Trd, 4319298.943, 91
Trd, 4319300.593, 91
Trd, 4319300.743, 91
Trd, 4319301.293, 91
Trd, 4319301.393, 91
Trd, 4319303.843, 92
Trd, 4319304.793, 93
Trd, 4319304.993, 92
Trd, 4319308.093, 105
Trd, 4319309.293, 97
Trd, 4319309.793, 104
Trd, 4319310.593, 112
Trd, 4319313.343, 101
Trd, 4319314.243, 97
Trd, 4319314.693, 99
Trd, 4319318.543, 105
Trd, 4319320.043, 98
Trd, 4319320.093, 96
Trd, 4319321.943, 98
Trd, 4319323.243, 95
Trd, 4319323.993, 95
Trd, 4319325.943, 106
Trd, 4319326.693, 113
Trd, 4319327.493, 100
Trd, 4319329.843, 100
Trd, 4319330.643, 102
Trd, 4319332.193, 99
Trd, 4319332.243, 98
Trd, 4319333.193, 97
Trd, 4319333.543, 100
Trd, 4319335.993, 98
Trd, 4319337.093, 98
Trd, 4319337.243, 98
Trd, 4319337.443, 100
Trd, 4319338.993, 102
Trd, 4319339.693, 87
Trd, 4319340.343, 104
Trd, 4319344.243, 98
Trd, 4319344.493, 95
Trd, 4319345.443, 96
Trd, 4319348.693, 96
Trd, 4319349.143, 97
Trd, 4319349.443, 95
Trd, 4319352.543, 95
Trd, 4319354.543, 95
Trd, 4319355.743, 94
Trd, 4319356.093, 95
Trd, 4319356.743, 96
Trd, 4319356.793, 96
Trd, 4319358.293, 94
Trd, 4319361.293, 95
Trd, 4319362.093, 94
Trd, 4319362.293, 94
Trd, 4319363.143, 95
Trd, 4319363.293, 114
Trd, 4319367.543, 94
Trd, 4319368.343, 96
Trd, 4319368.543, 95
Trd, 4319369.693, 95
Trd, 4319369.943, 107
Trd, 4319372.443, 97
Trd, 4319373.193, 97
Trd, 4319374.493, 97
Trd, 4319375.143, 96
Trd, 4319375.643, 97
Trd, 4319377.343, 104
Trd, 4319379.293, 116
Trd, 4319379.393, 96
Trd, 4319379.543, 110
Trd, 4319384.143, 100
Trd, 4319385.443, 98
Trd, 4319386.543, 99
Trd, 4319388.943, 97
Trd, 4319389.643, 97
Trd, 4319390.343, 98
Trd, 4319391.543, 98
Trd, 4319392.643, 96
Trd, 4319392.743, 96
Trd, 4319393.193, 95
Trd, 4319394.143, 93
Trd, 4319394.393, 104
Trd, 4319396.943, 96
Trd, 4319400.943, 94
Trd, 4319403.843, 95
Trd, 4319404.193, 97
Trd, 4319405.043, 95
Trd, 4319405.843, 94
Trd, 4319405.943, 94
Trd, 4319408.993, 96
Trd, 4319409.543, 105
Trd, 4319409.693, 112
Trd, 4319413.193, 94
Trd, 4319413.943, 95
Trd, 4319414.243, 95
Trd, 4319414.993, 96
Trd, 4319415.643, 94
Trd, 4319417.843, 96
Trd, 4319419.193, 95
Trd, 4319420.793, 95
Trd, 4319420.843, 96
Trd, 4319421.893, 103
Trd, 4319425.543, 101
Trd, 4319426.193, 103
Trd, 4319427.193, 100
Trd, 4319428.943, 100
Trd, 4319429.943, 98
Trd, 4319431.143, 98
Trd, 4319432.193, 95
Trd, 4319435.043, 99
Trd, 4319435.543, 96
Trd, 4319436.043, 97
Trd, 4319436.243, 96
Trd, 4319437.393, 95
Trd, 4319438.393, 95
Trd, 4319439.293, 93
Trd, 4319440.693, 92
Trd, 4319441.343, 91
Trd, 4319442.093, 93
Trd, 4319442.443, 90
Trd, 4319444.393, 93
Trd, 4319445.143, 91
Trd, 4319446.043, 94
Trd, 4319446.843, 122
Trd, 4319448.993, 91
Trd, 4319451.793, 95
Trd, 4319451.943, 96
Trd, 4319452.743, 94
Trd, 4319454.443, 95
Trd, 4319455.993, 95
Trd, 4319456.143, 95
Trd, 4319456.643, 95
Trd, 4319458.593, 94
Trd, 4319459.893, 100
Trd, 4319462.143, 96
Trd, 4319462.993, 94
Trd, 4319463.893, 94
Trd, 4319464.743, 93
Trd, 4319464.893, 93
Trd, 4319466.093, 103
Trd, 4319466.843, 95
Trd, 4319470.243, 95
Trd, 4319470.543, 96
Trd, 4319471.593, 96
Trd, 4319473.143, 94
Trd, 4319474.093, 95
Trd, 4319474.643, 94
Trd, 4319474.993, 95
Trd, 4319476.393, 95
Trd, 4319478.143, 94
Trd, 4319479.643, 95
Trd, 4319480.893, 95
Trd, 4319481.293, 95
Trd, 4319482.993, 94
Trd, 4319485.943, 95
Trd, 4319487.243, 94
Trd, 4319487.443, 93
Trd, 4319487.743, 92
Trd, 4319488.143, 95
Trd, 4319489.443, 112
Trd, 4319489.943, 102
Trd, 4319493.393, 113
Trd, 4319494.493, 102
Trd, 4319495.393, 102
Trd, 4319496.093, 104
Trd, 4319496.543, 95
Trd, 4319499.393, 99
Trd, 4319500.243, 99
Trd, 4319501.043, 98
Trd, 4319501.193, 99
Trd, 4319502.393, 98
Trd, 4319502.693, 95
Trd, 4319507.393, 96
Trd, 4319507.443, 99
Trd, 4319507.543, 102
Trd, 4319510.393, 95
Trd, 4319511.693, 98
Trd, 4319512.143, 100
Trd, 4319512.693, 96
Trd, 4319515.243, 99
Trd, 4319518.493, 96
Trd, 4319519.243, 96
Trd, 4319519.493, 96
Trd, 4319520.193, 97
Trd, 4319521.343, 97
Trd, 4319522.693, 94
Trd, 4319523.343, 88
Trd, 4319525.243, 87
Trd, 4319525.443, 88
Trd, 4319527.393, 92
Trd, 4319529.193, 98
Trd, 4319530.343, 103
Trd, 4319531.043, 98
Trd, 4319531.943, 104
Trd, 4319532.993, 98
Trd, 4319534.793, 100
Trd, 4319535.843, 103
Trd, 4319537.643, 100
Trd, 4319539.393, 98
Trd, 4319539.443, 98
Trd, 4319540.793, 104
Trd, 4319541.443, 86
Trd, 4319542.643, 92
Trd, 4319543.193, 94
Trd, 4319544.693, 89
Trd, 4319545.093, 90
Trd, 4319547.643, 103
Trd, 4319547.743, 89
Trd, 4319548.393, 103
Trd, 4319554.243, 95
Trd, 4319555.343, 94
Trd, 4319555.443, 93
Trd, 4319555.693, 97
Trd, 4319558.193, 95
Trd, 4319559.243, 94
Trd, 4319560.993, 104
Trd, 4319563.193, 95
Trd, 4319564.993, 95
Trd, 4319565.343, 95
Trd, 4319566.093, 104
Trd, 4319567.893, 95
Trd, 4319568.393, 96
Trd, 4319569.743, 96
Trd, 4319570.093, 95
Trd, 4319570.543, 95
Trd, 4319572.543, 93
Trd, 4319572.693, 95
Trd, 4319574.793, 94
Trd, 4319574.943, 95
Trd, 4319576.193, 95
Trd, 4319577.843, 103
Trd, 4319577.943, 94
Trd, 4319578.393, 104
Trd, 4319581.243, 93
Trd, 4319581.293, 94
Trd, 4319581.743, 93
Trd, 4319583.343, 84
Trd, 4319584.693, 95
Trd, 4319587.343, 95
Trd, 4319590.943, 95
Trd, 4319591.043, 95
Trd, 4319591.193, 94
Trd, 4319592.843, 99
Trd, 4319592.943, 92
Trd, 4319593.993, 93
Trd, 4319594.193, 97
Trd, 4319595.743, 90
Trd, 4319599.843, 93
Trd, 4319600.693, 95
Trd, 4319602.493, 95
Trd, 4319602.893, 94
Trd, 4319603.793, 95
Trd, 4319606.093, 94
Trd, 4319607.393, 92
Trd, 4319607.743, 94
Trd, 4319608.443, 94
Trd, 4319610.393, 93
Trd, 4319610.493, 87
Trd, 4319611.693, 93
Trd, 4319613.793, 92
Trd, 4319615.643, 92
Trd, 4319615.793, 95
Trd, 4319616.093, 90
Trd, 4319619.543, 93
Trd, 4319620.243, 92
Trd, 4319620.343, 93
Trd, 4319623.293, 93
Trd, 4319624.593, 93
Trd, 4319626.293, 95
Trd, 4319627.493, 96
Trd, 4319628.543, 85
Trd, 4319628.743, 101
Trd, 4319628.993, 103
Trd, 4319629.843, 76
Trd, 4319631.743, 98
Trd, 4319632.093, 90
Trd, 4319635.393, 96
Trd, 4319636.343, 94
Trd, 4319637.893, 90
Trd, 4319639.193, 95
Trd, 4319640.793, 93
Trd, 4319641.743, 92
Trd, 4319641.993, 89
Trd, 4319643.993, 92
Trd, 4319644.643, 92
Trd, 4319646.993, 93
Trd, 4319647.743, 103
Trd, 4319649.543, 93
Trd, 4319650.693, 99
Trd, 4319651.943, 99
Trd, 4319652.493, 95
Trd, 4319653.843, 95
Trd, 4319654.343, 95
Trd, 4319654.493, 95
Trd, 4319654.893, 77
Trd, 4319656.443, 96
Trd, 4319657.543, 102
Trd, 4319661.093, 95
Trd, 4319661.243, 95
Trd, 4319661.543, 95
Trd, 4319663.843, 95
Trd, 4319665.493, 97
Trd, 4319669.493, 101
Trd, 4319669.943, 97
Trd, 4319670.943, 95
Trd, 4319671.993, 95
Trd, 4319672.693, 95
Trd, 4319674.643, 95
Trd, 4319675.243, 96
Trd, 4319677.693, 94
Trd, 4319678.643, 95
Trd, 4319678.993, 94
Trd, 4319679.943, 95
Trd, 4319680.893, 94
Trd, 4319682.043, 97
Trd, 4319683.693, 93
Trd, 4319684.243, 96
Trd, 4319685.343, 93
Trd, 4319686.293, 93
Trd, 4319686.993, 92
Trd, 4319688.143, 91
Trd, 4319688.293, 92
Trd, 4319689.893, 95
Trd, 4319691.543, 104
Trd, 4319692.943, 95
Trd, 4319693.443, 95
Trd, 4319695.393, 96
Trd, 4319696.193, 96
Trd, 4319697.643, 95
Trd, 4319698.993, 97
Trd, 4319700.093, 95
Trd, 4319700.643, 94
Trd, 4319700.793, 95
Trd, 4319701.993, 94
Trd, 4319702.093, 95
Trd, 4319705.743, 93
Trd, 4319706.093, 95
Trd, 4319706.943, 93
Trd, 4319707.793, 93
Trd, 4319708.093, 94
Trd, 4319709.393, 94
Trd, 4319710.893, 94
Trd, 4319711.343, 100
Trd, 4319713.693, 94
Trd, 4319713.793, 93
Trd, 4319714.143, 95
Trd, 4319715.993, 103
Trd, 4319718.543, 96
Trd, 4319718.793, 97
Trd, 4319718.843, 95
Trd, 4319720.043, 96
Trd, 4319722.393, 86
Trd, 4319723.193, 90
Trd, 4319723.443, 92
Trd, 4319723.993, 91
Trd, 4319727.143, 104
Trd, 4319728.943, 113
Trd, 4319729.793, 118
Trd, 4319729.893, 115
Trd, 4319730.393, 114
Trd, 4319732.293, 104
Trd, 4319732.643, 104
Trd, 4319733.093, 96
Trd, 4319733.443, 104
Trd, 4319735.243, 103
Trd, 4319736.543, 90
Trd, 4319738.393, 89
Trd, 4319738.893, 89
Trd, 4319739.843, 90
Trd, 4319741.243, 94
Trd, 4319743.293, 95
Trd, 4319743.593, 89
Trd, 4319745.643, 90
Trd, 4319748.243, 90
Trd, 4319749.743, 88
Trd, 4319749.943, 88
Trd, 4319750.343, 88
Trd, 4319753.143, 89
Trd, 4319754.843, 88
Trd, 4319755.343, 85
Trd, 4319756.243, 89
Trd, 4319756.293, 104
Trd, 4319757.493, 86
Trd, 4319757.743, 110
Trd, 4319760.693, 96
Trd, 4319763.043, 96
Trd, 4319763.793, 95
Trd, 4319763.893, 95
Trd, 4319765.193, 95
Trd, 4319765.293, 95
Trd, 4319766.793, 114
Trd, 4319767.493, 113
Trd, 4319768.793, 103
Trd, 4319769.893, 112
Trd, 4319771.693, 107
Trd, 4319773.943, 107
Trd, 4319775.493, 102
Trd, 4319775.693, 106
Trd, 4319775.943, 107
Trd, 4319778.193, 98
Trd, 4319778.643, 98
Trd, 4319779.693, 95
Trd, 4319780.693, 105
Trd, 4319782.143, 103
Trd, 4319782.243, 102
Trd, 4319783.343, 113
Trd, 4319786.143, 102
Trd, 4319786.193, 102
Trd, 4319786.343, 102
Trd, 4319786.393, 104
Trd, 4319786.743, 85
Trd, 4319790.393, 96
Trd, 4319790.443, 96
Trd, 4319790.493, 98
Trd, 4319790.993, 98
Trd, 4319793.143, 95
Trd, 4319794.643, 93
Trd, 4319795.193, 93
Trd, 4319795.993, 93
Trd, 4319796.193, 95
Trd, 4319797.993, 104
Trd, 4319799.993, 111
Trd, 4319802.143, 101
Trd, 4319802.943, 105
Trd, 4319804.193, 105
Trd, 4319804.493, 102
Trd, 4319805.743, 102
Trd, 4319806.093, 100
Trd, 4319807.293, 105
Trd, 4319808.393, 103
Trd, 4319810.793, 100
Trd, 4319812.043, 101
Trd, 4319812.693, 99
Trd, 4319813.143, 98
Trd, 4319813.843, 95
Trd, 4319815.593, 101
Trd, 4319817.343, 101
Trd, 4319817.643, 95
Trd, 4319819.243, 95
Trd, 4319820.043, 95
Trd, 4319820.243, 93
Trd, 4319820.543, 99
Trd, 4319821.643, 99
Trd, 4319823.543, 93
Trd, 4319824.443, 86
Trd, 4319824.693, 92
Trd, 4319826.443, 91
Trd, 4319826.643, 91
Trd, 4319826.943, 92
Trd, 4319827.343, 90
Trd, 4319828.643, 103
Trd, 4319832.043, 94
Trd, 4319834.343, 93
Trd, 4319835.093, 94
Trd, 4319835.993, 93
Trd, 4319836.693, 94
Trd, 4319837.393, 93
Trd, 4319837.793, 94
Trd, 4319838.043, 104
Trd, 4319839.043, 99
Trd, 4319842.193, 94
Trd, 4319844.893, 93
Trd, 4319845.193, 94
Trd, 4319845.993, 94
Trd, 4319846.043, 93
Trd, 4319847.643, 95
Trd, 4319848.793, 94
Trd, 4319850.593, 101
Trd, 4319851.243, 104
Trd, 4319854.793, 93
Trd, 4319856.093, 94
Trd, 4319857.593, 95
Trd, 4319857.843, 95
Trd, 4319858.693, 94
Trd, 4319858.843, 93
Trd, 4319858.993, 95
Trd, 4319860.543, 103
Trd, 4319863.493, 97
Trd, 4319865.643, 95
Trd, 4319868.143, 96
Trd, 4319868.693, 95
Trd, 4319870.143, 95
Trd, 4319870.443, 95
Trd, 4319870.793, 95
Trd, 4319873.743, 104
Trd, 4319873.993, 94
Trd, 4319875.393, 100
Trd, 4319876.143, 92
Trd, 4319880.643, 92
Trd, 4319882.093, 92
Trd, 4319882.543, 95
Trd, 4319884.493, 94
Trd, 4319884.593, 90
Trd, 4319885.293, 94
Trd, 4319886.893, 94
Trd, 4319886.993, 94
Trd, 4319889.693, 104
Trd, 4319889.843, 95
Trd, 4319891.893, 100
Trd, 4319894.543, 94
Trd, 4319896.343, 94
Trd, 4319897.343, 95
Trd, 4319897.843, 94
Trd, 4319899.093, 93
Trd, 4319899.693, 92
Trd, 4319899.843, 101
Trd, 4319901.493, 103
Trd, 4319906.543, 93
Trd, 4319908.293, 93
Trd, 4319908.643, 94
Trd, 4319908.743, 95
Trd, 4319910.893, 104
Trd, 4319912.543, 92
Trd, 4319913.443, 98
Trd, 4319914.543, 94
Trd, 4319914.843, 95
Trd, 4319916.243, 96
Trd, 4319916.793, 94
Trd, 4319916.893, 104
Trd, 4319919.743, 96
Trd, 4319920.943, 95
Trd, 4319921.993, 94
Trd, 4319922.143, 93
Trd, 4319923.643, 93
Trd, 4319924.193, 94
Trd, 4319925.693, 93
Trd, 4319928.093, 94
Trd, 4319928.243, 111
Trd, 4319929.693, 107
Trd, 4319929.743, 92
Trd, 4319932.343, 100
Trd, 4319933.943, 96
Trd, 4319934.143, 96
Trd, 4319935.443, 97
Trd, 4319935.993, 95
Trd, 4319937.843, 95
Trd, 4319940.893, 94
Trd, 4319942.043, 95
Trd, 4319942.593, 95
Trd, 4319943.093, 94
Trd, 4319944.743, 95
Trd, 4319945.543, 95
Trd, 4319947.293, 96
Trd, 4319948.593, 95
Trd, 4319949.793, 95
Trd, 4319950.343, 94
Trd, 4319950.693, 104
Trd, 4319953.593, 98
Trd, 4319955.093, 95
Trd, 4319955.293, 95
Trd, 4319955.593, 93
Trd, 4319956.293, 95
Trd, 4319957.693, 95
Trd, 4319957.893, 95
Trd, 4319959.443, 94
Trd, 4319962.593, 93
Trd, 4319964.093, 89
Trd, 4319964.543, 91
Trd, 4319964.693, 105
Trd, 4319965.393, 113
Trd, 4319966.593, 104
Trd, 4319966.643, 111
Trd, 4319968.093, 110
Trd, 4319970.593, 101
Trd, 4319972.143, 101
Trd, 4319972.693, 104
Trd, 4319974.393, 102
Trd, 4319977.343, 101
Trd, 4319979.743, 100
Trd, 4319980.793, 113
Trd, 4319983.493, 99
Trd, 4319984.243, 99
Trd, 4319984.493, 98
Trd, 4319986.343, 85
Trd, 4319988.293, 97
Trd, 4319989.393, 95
Trd, 4319989.793, 95
Trd, 4319989.993, 99
Trd, 4319990.343, 104
Trd, 4319991.793, 94
Trd, 4319993.843, 95
Trd, 4319995.943, 95
Trd, 4319995.993, 94
Trd, 4319998.393, 94
Trd, 4319999.593, 95
