Trd, 4317935.493, 100
Trd, 4317936.093, 96
Trd, 4317938.293, 98
Trd, 4317939.043, 93
Trd, 4317939.743, 98
Trd, 4317940.893, 98
Trd, 4317940.993, 95
Trd, 4317942.243, 97
Trd, 4317943.243, 98
Trd, 4317945.243, 104
Trd, 4317948.543, 101
Trd, 4317949.693, 98
Trd, 4317949.793, 100
Trd, 4317949.943, 102
Trd, 4317951.593, 102
Trd, 4317952.893, 105
Trd, 4317954.543, 99
Trd, 4317955.943, 99
Trd, 4317957.243, 96
Trd, 4317957.943, 95
Trd, 4317959.143, 101
Trd, 4317959.893, 103
Trd, 4317961.193, 98
Trd, 4317961.993, 94
Trd, 4317963.343, 103
Trd, 4317964.393, 105
Trd, 4317965.943, 100
Trd, 4317967.443, 94
Trd, 4317967.543, 103
Trd, 4317969.743, 104
Trd, 4317971.043, 102
Trd, 4317971.993, 103
Trd, 4317972.343, 99
Trd, 4317973.293, 102
Trd, 4317973.593, 99
Trd, 4317975.043, 98
Trd, 4317978.093, 103
Trd, 4317979.543, 97
Trd, 4317979.643, 100
Trd, 4317980.243, 104
Trd, 4317980.893, 92
Trd, 4317981.343, 105
Trd, 4317983.793, 103
Trd, 4317985.093, 100
Trd, 4317986.393, 105
Trd, 4317986.843, 90
Trd, 4317987.893, 99
Trd, 4317988.343, 99
Trd, 4317989.093, 97
Trd, 4317989.543, 101
Trd, 4317990.643, 106
Trd, 4317991.943, 93
Trd, 4317992.393, 100
Trd, 4317994.743, 97
Trd, 4317995.043, 91
Trd, 4317995.643, 96
Trd, 4317996.843, 96
Trd, 4317997.343, 108
Trd, 4317998.493, 95
Trd, 4317999.343, 95
Trd, 4317999.943, 94
Trd, 4318002.093, 93
Trd, 4318003.843, 94
Trd, 4318004.143, 105
Trd, 4318005.943, 101
Trd, 4318008.243, 99
Trd, 4318008.793, 97
Trd, 4318009.493, 93
Trd, 4318010.693, 94
Trd, 4318011.893, 100
Trd, 4318012.343, 105
Trd, 4318012.393, 84
Trd, 4318014.443, 114
Trd, 4318014.893, 94
Trd, 4318015.393, 103
Trd, 4318018.143, 103
Trd, 4318019.443, 110
Trd, 4318019.593, 102
Trd, 4318020.043, 93
Trd, 4318020.893, 103
Trd, 4318021.893, 113
Trd, 4318022.043, 112
Trd, 4318024.443, 86
Trd, 4318026.043, 99
Trd, 4318026.093, 88
Trd, 4318026.493, 99
Trd, 4318026.943, 100
Trd, 4318027.643, 86
Trd, 4318029.393, 106
Trd, 4318031.593, 95
Trd, 4318032.043, 96
Trd, 4318033.693, 91
Trd, 4318033.743, 95
Trd, 4318034.693, 89
Trd, 4318038.043, 91
Trd, 4318038.443, 93
Trd, 4318039.893, 93
Trd, 4318040.043, 92
Trd, 4318043.493, 92
Trd, 4318043.843, 95
Trd, 4318044.943, 90
Trd, 4318045.693, 106
Trd, 4318046.443, 104
Trd, 4318047.193, 100
Trd, 4318048.243, 93
Trd, 4318048.493, 106
Trd, 4318048.743, 85
Trd, 4318050.693, 113
Trd, 4318051.693, 104
Trd, 4318052.693, 102
Trd, 4318053.393, 103
Trd, 4318055.593, 101
Trd, 4318056.393, 96
Trd, 4318057.293, 100
Trd, 4318057.993, 93
Trd, 4318058.243, 100
Trd, 4318058.643, 95
Trd, 4318058.993, 97
Trd, 4318059.443, 85
Trd, 4318062.293, 96
Trd, 4318063.743, 96
Trd, 4318064.793, 92
Trd, 4318066.293, 99
Trd, 4318068.243, 97
Trd, 4318069.543, 94
Trd, 4318069.643, 104
Trd, 4318070.843, 93
Trd, 4318071.643, 112
Trd, 4318072.193, 93
Trd, 4318074.193, 96
Trd, 4318074.543, 95
Trd, 4318075.193, 92
Trd, 4318076.943, 99
Trd, 4318077.193, 98
Trd, 4318078.593, 97
Trd, 4318079.293, 99
Trd, 4318080.293, 83
Trd, 4318082.093, 100
Trd, 4318082.693, 96
Trd, 4318083.243, 100
Trd, 4318083.843, 103
Trd, 4318086.143, 93
Trd, 4318086.343, 114
Trd, 4318088.993, 99
Trd, 4318090.243, 97
Trd, 4318091.543, 83
Trd, 4318092.593, 87
Trd, 4318093.943, 86
Trd, 4318094.693, 115
Trd, 4318095.143, 98
Trd, 4318096.193, 99
Trd, 4318097.193, 97
Trd, 4318097.543, 92
Trd, 4318098.443, 102
Trd, 4318098.793, 94
Trd, 4318099.243, 82
Trd, 4318101.093, 99
Trd, 4318101.993, 114
Trd, 4318102.593, 108
Trd, 4318103.593, 99
Trd, 4318104.043, 115
Trd, 4318107.543, 97
Trd, 4318108.343, 94
Trd, 4318109.243, 99
Trd, 4318109.943, 106
Trd, 4318111.893, 93
Trd, 4318113.143, 96
Trd, 4318113.643, 102
Trd, 4318114.393, 104
Trd, 4318115.943, 94
Trd, 4318116.293, 98
Trd, 4318117.543, 104
Trd, 4318118.443, 97
Trd, 4318119.493, 94
Trd, 4318120.843, 98
Trd, 4318121.493, 93
Trd, 4318122.893, 95
Trd, 4318124.243, 93
Trd, 4318125.193, 91
Trd, 4318125.293, 91
Trd, 4318127.193, 91
Trd, 4318128.993, 89
Trd, 4318129.193, 91
Trd, 4318130.393, 101
Trd, 4318131.493, 90
Trd, 4318132.243, 95
Trd, 4318132.893, 95
Trd, 4318133.443, 89
Trd, 4318135.193, 112
Trd, 4318137.093, 100
Trd, 4318139.493, 93
Trd, 4318139.593, 98
Trd, 4318139.693, 98
Trd, 4318139.943, 91
Trd, 4318141.193, 111
Trd, 4318141.243, 103
Trd, 4318143.393, 104
Trd, 4318145.243, 103
Trd, 4318146.743, 102
Trd, 4318148.893, 96
Trd, 4318150.393, 102
Trd, 4318152.443, 95
Trd, 4318152.993, 103
Trd, 4318153.043, 94
Trd, 4318154.093, 101
Trd, 4318156.193, 98
Trd, 4318158.243, 94
Trd, 4318158.593, 93
Trd, 4318159.143, 94
Trd, 4318159.293, 93
Trd, 4318160.993, 92
Trd, 4318162.343, 92
Trd, 4318162.393, 93
Trd, 4318165.193, 91
Trd, 4318166.393, 97
Trd, 4318167.143, 95
Trd, 4318169.043, 85
Trd, 4318170.143, 97
Trd, 4318170.443, 90
Trd, 4318170.743, 96
Trd, 4318171.593, 96
Trd, 4318171.693, 89
Trd, 4318172.843, 92
Trd, 4318175.093, 91
Trd, 4318176.643, 89
Trd, 4318178.193, 100
Trd, 4318179.093, 94
Trd, 4318180.743, 92
Trd, 4318181.743, 92
Trd, 4318181.943, 89
Trd, 4318182.093, 106
Trd, 4318185.993, 98
Trd, 4318186.343, 97
Trd, 4318186.743, 94
Trd, 4318187.643, 111
Trd, 4318189.743, 96
Trd, 4318190.693, 103
Trd, 4318190.793, 94
Trd, 4318192.243, 85
Trd, 4318192.443, 97
Trd, 4318193.043, 100
Trd, 4318196.043, 93
Trd, 4318196.193, 91
Trd, 4318196.743, 88
Trd, 4318197.293, 102
Trd, 4318198.543, 98
Trd, 4318199.343, 108
Trd, 4318202.093, 84
Trd, 4318202.893, 107
Trd, 4318203.293, 104
Trd, 4318204.993, 114
Trd, 4318206.243, 89
Trd, 4318206.693, 98
Trd, 4318206.943, 102
Trd, 4318207.643, 101
Trd, 4318209.443, 84
Trd, 4318210.293, 93
Trd, 4318210.943, 98
Trd, 4318212.543, 94
Trd, 4318213.443, 84
Trd, 4318215.293, 111
Trd, 4318215.893, 103
Trd, 4318216.393, 101
Trd, 4318217.943, 102
Trd, 4318219.043, 87
Trd, 4318219.343, 104
Trd, 4318221.043, 98
Trd, 4318223.193, 94
Trd, 4318224.243, 79
Trd, 4318224.643, 82
Trd, 4318226.043, 86
Trd, 4318226.443, 83
Trd, 4318226.993, 81
Trd, 4318229.293, 89
Trd, 4318230.293, 99
Trd, 4318231.393, 118
Trd, 4318231.843, 103
Trd, 4318231.893, 97
Trd, 4318233.693, 103
Trd, 4318234.193, 85
Trd, 4318235.493, 103
Trd, 4318238.443, 97
Trd, 4318238.493, 98
Trd, 4318238.693, 99
Trd, 4318240.993, 105
Trd, 4318241.893, 102
Trd, 4318242.343, 97
Trd, 4318243.293, 93
Trd, 4318245.343, 101
Trd, 4318246.143, 96
Trd, 4318246.943, 108
Trd, 4318249.343, 96
Trd, 4318249.643, 94
Trd, 4318250.243, 87
Trd, 4318251.593, 95
Trd, 4318252.643, 97
Trd, 4318253.793, 89
Trd, 4318255.793, 105
Trd, 4318257.343, 95
Trd, 4318258.093, 99
Trd, 4318259.743, 99
Trd, 4318260.443, 93
Trd, 4318262.443, 94
Trd, 4318262.493, 95
Trd, 4318264.993, 96
Trd, 4318265.643, 96
Trd, 4318266.293, 100
Trd, 4318266.843, 103
Trd, 4318267.343, 111
Trd, 4318268.043, 94
Trd, 4318268.993, 94
Trd, 4318269.293, 100
Trd, 4318271.343, 102
Trd, 4318271.943, 94
Trd, 4318272.893, 96
Trd, 4318273.543, 95
Trd, 4318275.393, 89
Trd, 4318277.693, 89
Trd, 4318277.993, 98
Trd, 4318278.843, 102
Trd, 4318279.343, 81
Trd, 4318279.743, 75
Trd, 4318280.843, 98
Trd, 4318283.393, 97
Trd, 4318284.543, 110
Trd, 4318285.543, 96
Trd, 4318287.593, 94
Trd, 4318289.393, 95
Trd, 4318290.493, 96
Trd, 4318290.743, 94
Trd, 4318291.343, 96
Trd, 4318291.793, 95
Trd, 4318292.243, 105
Trd, 4318295.193, 105
Trd, 4318295.993, 108
Trd, 4318296.593, 96
Trd, 4318296.693, 102
Trd, 4318297.543, 98
Trd, 4318300.143, 98
Trd, 4318300.193, 100
Trd, 4318300.293, 107
Trd, 4318301.543, 97
Trd, 4318302.193, 94
Trd, 4318304.543, 98
Trd, 4318305.193, 99
Trd, 4318307.543, 96
Trd, 4318307.793, 95
Trd, 4318308.343, 110
Trd, 4318308.793, 93
Trd, 4318309.843, 106
Trd, 4318310.943, 122
Trd, 4318311.043, 98
Trd, 4318312.443, 95
Trd, 4318313.293, 96
Trd, 4318313.543, 86
Trd, 4318313.893, 95
Trd, 4318315.043, 95
Trd, 4318315.643, 104
Trd, 4318318.993, 99
Trd, 4318321.343, 95
Trd, 4318322.943, 103
Trd, 4318323.093, 93
Trd, 4318323.393, 84
Trd, 4318326.493, 79
Trd, 4318327.343, 98
Trd, 4318327.793, 120
Trd, 4318331.343, 108
Trd, 4318332.943, 104
Trd, 4318333.543, 98
Trd, 4318333.643, 100
Trd, 4318335.393, 101
Trd, 4318335.893, 112
Trd, 4318336.243, 99
Trd, 4318336.993, 112
Trd, 4318338.643, 97
Trd, 4318339.143, 77
Trd, 4318339.393, 105
Trd, 4318341.443, 111
Trd, 4318341.843, 104
Trd, 4318343.643, 106
Trd, 4318344.493, 102
Trd, 4318344.993, 94
Trd, 4318345.693, 98
Trd, 4318345.843, 102
Trd, 4318347.543, 93
Trd, 4318350.343, 100
Trd, 4318351.143, 100
Trd, 4318351.643, 98
Trd, 4318352.593, 93
Trd, 4318354.693, 97
Trd, 4318354.793, 100
Trd, 4318355.143, 102
Trd, 4318357.043, 100
Trd, 4318357.243, 101
Trd, 4318360.043, 96
Trd, 4318360.243, 97
Trd, 4318361.793, 100
Trd, 4318362.493, 100
Trd, 4318364.243, 96
Trd, 4318366.443, 95
Trd, 4318368.193, 100
Trd, 4318368.543, 100
Trd, 4318368.893, 94
Trd, 4318369.593, 100
Trd, 4318370.893, 85
Trd, 4318371.443, 100
Trd, 4318371.943, 105
Trd, 4318374.143, 94
Trd, 4318376.843, 101
Trd, 4318377.743, 102
Trd, 4318378.243, 94
Trd, 4318378.843, 93
Trd, 4318379.643, 100
Trd, 4318380.293, 99
Trd, 4318381.493, 97
Trd, 4318382.843, 93
Trd, 4318383.043, 84
Trd, 4318383.243, 96
Trd, 4318383.843, 96
Trd, 4318384.793, 113
Trd, 4318384.993, 92
Trd, 4318388.443, 89
Trd, 4318391.793, 93
Trd, 4318393.243, 94
Trd, 4318393.943, 93
Trd, 4318394.093, 98
Trd, 4318394.243, 105
Trd, 4318395.543, 92
Trd, 4318396.893, 91
Trd, 4318397.593, 99
Trd, 4318398.093, 102
Trd, 4318400.593, 114
Trd, 4318401.443, 98
Trd, 4318401.793, 103
Trd, 4318402.643, 93
Trd, 4318402.693, 93
Trd, 4318405.393, 103
Trd, 4318408.793, 93
Trd, 4318409.143, 96
Trd, 4318409.193, 84
Trd, 4318409.543, 96
Trd, 4318409.843, 77
Trd, 4318410.043, 98
Trd, 4318411.143, 97
Trd, 4318411.493, 102
Trd, 4318412.293, 90
Trd, 4318414.943, 114
Trd, 4318416.243, 94
Trd, 4318419.093, 93
Trd, 4318419.343, 100
Trd, 4318419.943, 98
Trd, 4318420.093, 100
Trd, 4318420.343, 104
Trd, 4318420.393, 92
Trd, 4318422.493, 97
Trd, 4318423.943, 96
Trd, 4318424.693, 109
Trd, 4318424.793, 86
Trd, 4318426.693, 96
Trd, 4318428.093, 93
Trd, 4318428.743, 88
Trd, 4318429.243, 83
Trd, 4318433.093, 94
Trd, 4318435.743, 95
Trd, 4318436.543, 90
Trd, 4318436.643, 95
Trd, 4318437.643, 90
Trd, 4318438.693, 95
Trd, 4318440.293, 96
Trd, 4318440.343, 96
Trd, 4318440.793, 97
Trd, 4318443.393, 89
Trd, 4318443.493, 97
Trd, 4318444.593, 107
Trd, 4318446.143, 90
Trd, 4318446.343, 99
Trd, 4318447.243, 98
Trd, 4318448.543, 97
Trd, 4318450.093, 93
Trd, 4318451.743, 85
Trd, 4318452.393, 100
Trd, 4318452.543, 91
Trd, 4318453.243, 112
Trd, 4318453.743, 100
Trd, 4318455.643, 103
Trd, 4318457.743, 98
Trd, 4318458.543, 98
Trd, 4318459.343, 94
Trd, 4318459.743, 93
Trd, 4318461.393, 103
Trd, 4318463.043, 101
Trd, 4318464.843, 103
Trd, 4318465.493, 92
Trd, 4318465.543, 85
Trd, 4318467.393, 101
Trd, 4318469.843, 101
Trd, 4318470.693, 94
Trd, 4318471.693, 96
Trd, 4318471.793, 97
Trd, 4318472.843, 97
Trd, 4318473.043, 94
Trd, 4318474.493, 97
Trd, 4318474.793, 98
Trd, 4318474.893, 84
Trd, 4318478.293, 97
Trd, 4318478.843, 98
Trd, 4318479.743, 94
Trd, 4318479.893, 97
Trd, 4318483.793, 98
Trd, 4318484.043, 95
Trd, 4318484.143, 93
Trd, 4318485.643, 97
Trd, 4318485.793, 96
Trd, 4318485.843, 114
Trd, 4318486.293, 91
Trd, 4318487.393, 104
Trd, 4318489.043, 99
Trd, 4318490.493, 104
Trd, 4318490.993, 94
Trd, 4318494.493, 95
Trd, 4318494.943, 104
Trd, 4318496.143, 104
Trd, 4318497.243, 109
Trd, 4318497.943, 93
Trd, 4318498.393, 103
Trd, 4318499.093, 95
Trd, 4318501.643, 113
Trd, 4318502.043, 104
Trd, 4318504.893, 98
Trd, 4318505.593, 96
Trd, 4318506.593, 94
Trd, 4318507.393, 98
Trd, 4318507.743, 97
Trd, 4318510.693, 96
Trd, 4318512.093, 95
Trd, 4318512.793, 96
Trd, 4318513.743, 85
Trd, 4318514.643, 84
Trd, 4318514.893, 97
Trd, 4318516.743, 97
Trd, 4318516.893, 94
Trd, 4318517.943, 100
Trd, 4318519.793, 93
Trd, 4318520.493, 97
Trd, 4318522.493, 96
Trd, 4318523.193, 97
Trd, 4318525.343, 95
Trd, 4318526.293, 96
Trd, 4318526.493, 105
Trd, 4318527.543, 105
Trd, 4318528.293, 104
Trd, 4318530.543, 104
Trd, 4318530.593, 96
Trd, 4318535.093, 103
Trd, 4318535.643, 100
Trd, 4318537.493, 101
Trd, 4318539.293, 96
Trd, 4318539.793, 101
Trd, 4318541.693, 104
Trd, 4318541.993, 103
Trd, 4318542.243, 97
Trd, 4318542.743, 96
Trd, 4318544.493, 96
Trd, 4318545.293, 94
Trd, 4318545.543, 85
Trd, 4318548.193, 113
Trd, 4318548.343, 96
Trd, 4318548.993, 96
Trd, 4318549.643, 115
Trd, 4318550.793, 121
Trd, 4318551.293, 104
Trd, 4318553.043, 107
Trd, 4318553.493, 109
Trd, 4318555.143, 103
Trd, 4318555.843, 104
Trd, 4318556.093, 103
Trd, 4318557.443, 94
Trd, 4318560.193, 80
Trd, 4318560.793, 89
Trd, 4318561.443, 91
Trd, 4318564.143, 96
Trd, 4318564.243, 91
Trd, 4318565.393, 92
Trd, 4318565.693, 108
Trd, 4318567.393, 95
Trd, 4318567.643, 91
Trd, 4318568.993, 97
Trd, 4318570.443, 110
Trd, 4318570.843, 95
Trd, 4318572.043, 94
Trd, 4318572.793, 91
Trd, 4318573.343, 99
Trd, 4318575.093, 90
Trd, 4318575.293, 98
Trd, 4318575.993, 85
Trd, 4318577.343, 93
Trd, 4318577.843, 110
Trd, 4318579.043, 99
Trd, 4318580.393, 92
Trd, 4318581.293, 99
Trd, 4318581.943, 90
Trd, 4318583.093, 99
Trd, 4318583.693, 113
Trd, 4318585.893, 85
Trd, 4318586.943, 96
Trd, 4318588.293, 93
Trd, 4318588.393, 95
Trd, 4318588.593, 95
Trd, 4318588.793, 90
Trd, 4318591.543, 95
Trd, 4318592.593, 92
Trd, 4318592.993, 95
Trd, 4318593.493, 95
Trd, 4318594.443, 91
Trd, 4318595.143, 103
Trd, 4318595.493, 106
Trd, 4318600.293, 97
Trd, 4318600.793, 93
Trd, 4318601.993, 85
Trd, 4318602.193, 90
Trd, 4318603.743, 80
Trd, 4318604.043, 89
Trd, 4318604.793, 105
Trd, 4318606.043, 99
Trd, 4318606.943, 103
Trd, 4318609.193, 93
Trd, 4318610.793, 98
Trd, 4318611.643, 100
Trd, 4318613.393, 99
Trd, 4318614.543, 94
Trd, 4318616.793, 97
Trd, 4318616.893, 98
Trd, 4318617.893, 98
Trd, 4318618.193, 93
Trd, 4318618.543, 96
Trd, 4318619.293, 91
Trd, 4318622.293, 94
Trd, 4318622.793, 95
Trd, 4318622.843, 88
Trd, 4318623.593, 113
Trd, 4318624.343, 105
Trd, 4318625.593, 97
Trd, 4318625.893, 103
Trd, 4318626.943, 93
Trd, 4318627.943, 85
Trd, 4318628.143, 113
Trd, 4318631.043, 106
Trd, 4318631.143, 92
Trd, 4318633.843, 104
Trd, 4318635.593, 102
Trd, 4318635.943, 100
Trd, 4318638.143, 97
Trd, 4318638.293, 91
Trd, 4318638.793, 104
Trd, 4318639.993, 105
Trd, 4318640.793, 100
Trd, 4318641.393, 104
Trd, 4318643.293, 98
Trd, 4318645.543, 101
Trd, 4318645.593, 102
Trd, 4318646.393, 97
Trd, 4318646.693, 96
Trd, 4318648.693, 101
Trd, 4318650.043, 96
Trd, 4318651.393, 99
Trd, 4318652.093, 105
Trd, 4318652.343, 113
Trd, 4318652.993, 94
Trd, 4318654.193, 104
Trd, 4318655.343, 92
Trd, 4318656.243, 105
Trd, 4318656.593, 106
Trd, 4318656.993, 84
Trd, 4318658.693, 97
Trd, 4318660.093, 100
Trd, 4318660.693, 92
Trd, 4318661.043, 94
Trd, 4318662.443, 100
Trd, 4318664.493, 98
Trd, 4318664.793, 100
Trd, 4318666.593, 98
Trd, 4318666.643, 85
Trd, 4318669.343, 96
Trd, 4318669.743, 103
Trd, 4318673.843, 94
Trd, 4318673.943, 97
Trd, 4318674.093, 99
Trd, 4318674.393, 91
Trd, 4318674.543, 104
Trd, 4318675.843, 99
Trd, 4318676.393, 94
Trd, 4318676.943, 93
Trd, 4318677.043, 104
Trd, 4318678.693, 113
Trd, 4318679.593, 105
Trd, 4318680.693, 107
Trd, 4318681.693, 112
Trd, 4318683.943, 93
Trd, 4318684.043, 102
Trd, 4318684.893, 97
Trd, 4318686.843, 97
Trd, 4318686.943, 96
Trd, 4318687.193, 94
Trd, 4318687.293, 105
Trd, 4318687.993, 85
Trd, 4318688.593, 104
Trd, 4318691.093, 102
Trd, 4318692.193, 91
Trd, 4318692.943, 92
Trd, 4318692.993, 97
Trd, 4318694.343, 94
Trd, 4318694.793, 93
Trd, 4318695.843, 108
Trd, 4318698.043, 93
Trd, 4318699.493, 92
Trd, 4318701.643, 95
Trd, 4318701.843, 93
Trd, 4318703.493, 93
Trd, 4318704.043, 92
Trd, 4318704.293, 101
Trd, 4318705.993, 96
Trd, 4318706.443, 104
Trd, 4318706.893, 93
Trd, 4318707.093, 84
Trd, 4318707.793, 97
Trd, 4318710.043, 102
Trd, 4318710.493, 98
Trd, 4318710.793, 110
Trd, 4318712.693, 103
Trd, 4318712.793, 94
Trd, 4318715.443, 103
Trd, 4318716.193, 99
Trd, 4318716.443, 94
Trd, 4318717.293, 103
Trd, 4318718.993, 100
Trd, 4318722.293, 102
Trd, 4318722.393, 98
Trd, 4318722.493, 103
Trd, 4318724.143, 93
Trd, 4318725.193, 103
Trd, 4318726.243, 85
Trd, 4318727.043, 71
Trd, 4318728.243, 87
Trd, 4318730.643, 80
Trd, 4318731.093, 89
Trd, 4318731.893, 109
Trd, 4318732.493, 100
Trd, 4318732.543, 89
Trd, 4318733.593, 108
Trd, 4318735.643, 89
Trd, 4318735.843, 104
Trd, 4318738.143, 90
Trd, 4318738.993, 97
Trd, 4318739.893, 91
Trd, 4318741.243, 94
Trd, 4318742.693, 84
Trd, 4318742.743, 95
Trd, 4318743.743, 95
Trd, 4318745.593, 109
Trd, 4318746.493, 86
Trd, 4318747.693, 100
Trd, 4318748.393, 96
Trd, 4318749.593, 85
Trd, 4318750.043, 94
Trd, 4318751.143, 100
Trd, 4318751.693, 87
Trd, 4318752.943, 86
Trd, 4318753.943, 97
Trd, 4318754.393, 97
Trd, 4318754.543, 104
Trd, 4318756.293, 99
Trd, 4318758.693, 95
Trd, 4318760.893, 95
Trd, 4318761.343, 93
Trd, 4318761.543, 97
Trd, 4318765.843, 96
Trd, 4318766.393, 96
Trd, 4318768.043, 93
Trd, 4318769.093, 95
Trd, 4318770.193, 93
Trd, 4318772.843, 96
Trd, 4318773.443, 92
Trd, 4318774.693, 97
Trd, 4318776.593, 97
Trd, 4318776.893, 92
Trd, 4318777.643, 94
Trd, 4318778.143, 92
Trd, 4318779.893, 94
Trd, 4318783.143, 93
Trd, 4318783.443, 94
Trd, 4318785.393, 94
Trd, 4318786.643, 93
Trd, 4318789.993, 94
Trd, 4318790.593, 91
Trd, 4318791.943, 94
Trd, 4318794.243, 91
Trd, 4318794.543, 91
Trd, 4318797.043, 90
Trd, 4318797.093, 99
Trd, 4318797.743, 102
Trd, 4318797.793, 90
Trd, 4318798.493, 85
Trd, 4318801.343, 113
Trd, 4318802.093, 105
Trd, 4318803.343, 91
Trd, 4318805.093, 101
Trd, 4318807.043, 93
Trd, 4318807.143, 98
Trd, 4318809.293, 98
Trd, 4318810.043, 92
Trd, 4318810.893, 97
Trd, 4318812.043, 100
Trd, 4318814.243, 94
Trd, 4318814.743, 98
Trd, 4318815.593, 113
Trd, 4318817.043, 104
Trd, 4318819.243, 97
Trd, 4318822.343, 98
Trd, 4318822.793, 95
Trd, 4318822.843, 98
Trd, 4318822.893, 92
Trd, 4318825.293, 104
Trd, 4318827.143, 101
Trd, 4318827.393, 92
Trd, 4318828.643, 106
Trd, 4318829.943, 99
Trd, 4318830.043, 95
Trd, 4318830.943, 99
Trd, 4318832.243, 90
Trd, 4318832.943, 104
Trd, 4318833.993, 97
Trd, 4318835.493, 84
Trd, 4318836.043, 96
Trd, 4318836.643, 98
Trd, 4318837.343, 100
Trd, 4318839.943, 85
Trd, 4318841.593, 96
Trd, 4318842.343, 90
Trd, 4318842.693, 96
Trd, 4318844.193, 107
Trd, 4318845.593, 104
Trd, 4318846.193, 98
Trd, 4318847.393, 89
Trd, 4318848.343, 99
Trd, 4318849.243, 99
Trd, 4318850.093, 76
Trd, 4318850.693, 98
Trd, 4318850.793, 98
Trd, 4318851.943, 86
Trd, 4318852.043, 82
Trd, 4318853.793, 101
Trd, 4318854.543, 99
Trd, 4318857.693, 105
Trd, 4318858.043, 104
Trd, 4318858.693, 103
Trd, 4318858.793, 93
Trd, 4318861.743, 102
Trd, 4318862.693, 104
Trd, 4318863.243, 101
Trd, 4318864.493, 93
Trd, 4318867.493, 105
Trd, 4318868.493, 101
Trd, 4318868.593, 100
Trd, 4318869.243, 100
Trd, 4318869.543, 104
Trd, 4318870.093, 92
Trd, 4318870.443, 99
Trd, 4318873.293, 100
Trd, 4318874.943, 101
Trd, 4318876.543, 100
Trd, 4318877.493, 99
Trd, 4318879.193, 90
Trd, 4318879.343, 85
Trd, 4318879.693, 92
Trd, 4318880.193, 97
Trd, 4318881.643, 97
Trd, 4318883.043, 96
Trd, 4318883.943, 94
Trd, 4318885.493, 103
Trd, 4318886.143, 100
Trd, 4318886.443, 102
Trd, 4318887.893, 103
Trd, 4318890.493, 99
Trd, 4318891.593, 99
Trd, 4318892.593, 99
Trd, 4318893.843, 98
Trd, 4318894.793, 100
Trd, 4318894.943, 93
Trd, 4318897.993, 92
Trd, 4318898.043, 84
Trd, 4318898.693, 97
Trd, 4318899.093, 98
Trd, 4318900.243, 100
Trd, 4318900.793, 94
Trd, 4318900.943, 90
Trd, 4318901.843, 99
Trd, 4318903.693, 90
Trd, 4318904.693, 92
Trd, 4318908.043, 92
Trd, 4318908.243, 95
Trd, 4318909.193, 102
Trd, 4318910.493, 102
Trd, 4318910.743, 108
Trd, 4318911.293, 106
Trd, 4318912.743, 102
Trd, 4318913.243, 105
Trd, 4318915.693, 92
Trd, 4318916.143, 98
Trd, 4318916.343, 98
Trd, 4318917.543, 99
Trd, 4318920.443, 94
Trd, 4318921.893, 103
Trd, 4318921.993, 113
Trd, 4318922.393, 102
Trd, 4318923.143, 98
Trd, 4318924.043, 93
Trd, 4318925.193, 103
Trd, 4318925.893, 113
Trd, 4318926.193, 100
Trd, 4318927.693, 102
Trd, 4318931.293, 97
Trd, 4318932.993, 99
Trd, 4318933.643, 98
Trd, 4318933.693, 98
Trd, 4318935.343, 105
Trd, 4318936.493, 91
Trd, 4318937.343, 95
Trd, 4318939.243, 86
Trd, 4318940.043, 95
Trd, 4318940.693, 90
Trd, 4318941.193, 102
Trd, 4318941.443, 84
Trd, 4318942.293, 95
Trd, 4318943.493, 97
Trd, 4318943.893, 88
Trd, 4318945.043, 113
Trd, 4318945.393, 99
Trd, 4318946.893, 90
Trd, 4318947.293, 83
Trd, 4318950.693, 95
Trd, 4318951.543, 96
Trd, 4318952.093, 89
Trd, 4318952.543, 96
Trd, 4318953.793, 95
Trd, 4318954.493, 104
Trd, 4318955.893, 89
Trd, 4318957.343, 98
Trd, 4318958.743, 108
Trd, 4318959.243, 104
Trd, 4318960.343, 104
Trd, 4318960.643, 97
Trd, 4318962.593, 101
Trd, 4318962.793, 102
Trd, 4318963.843, 106
Trd, 4318964.043, 104
Trd, 4318967.243, 98
Trd, 4318968.543, 94
Trd, 4318968.643, 96
Trd, 4318969.593, 100
Trd, 4318971.093, 99
Trd, 4318972.543, 92
Trd, 4318974.343, 107
Trd, 4318974.593, 103
Trd, 4318974.643, 85
Trd, 4318976.293, 101
Trd, 4318976.543, 98
Trd, 4318978.743, 101
Trd, 4318979.043, 102
Trd, 4318979.493, 99
Trd, 4318980.143, 97
Trd, 4318981.443, 93
Trd, 4318981.493, 99
Trd, 4318983.843, 99
Trd, 4318984.093, 96
Trd, 4318985.643, 96
Trd, 4318985.793, 113
Trd, 4318990.193, 102
Trd, 4318990.543, 102
Trd, 4318990.743, 102
Trd, 4318990.893, 97
Trd, 4318993.343, 85
Trd, 4318994.443, 95
Trd, 4318995.343, 94
Trd, 4318995.793, 100
Trd, 4318997.443, 113
Trd, 4318998.793, 90
Trd, 4318999.793, 93
Trd, 4319000.893, 90
Trd, 4319002.543, 93
Trd, 4319005.993, 97
Trd, 4319006.293, 92
Trd, 4319007.043, 109
Trd, 4319007.993, 102
Trd, 4319008.493, 91
Trd, 4319008.993, 98
Trd, 4319009.393, 116
Trd, 4319012.043, 105
Trd, 4319012.793, 104
Trd, 4319013.293, 100
Trd, 4319014.793, 91
Trd, 4319016.943, 96
Trd, 4319018.043, 85
Trd, 4319018.793, 104
Trd, 4319018.893, 100
Trd, 4319018.993, 88
Trd, 4319022.443, 100
Trd, 4319022.843, 105
Trd, 4319024.043, 110
Trd, 4319026.043, 100
Trd, 4319026.793, 101
Trd, 4319027.393, 95
Trd, 4319027.493, 101
Trd, 4319029.893, 96
Trd, 4319031.443, 94
Trd, 4319032.243, 84
Trd, 4319033.093, 104
Trd, 4319035.143, 109
Trd, 4319035.993, 115
Trd, 4319036.343, 98
Trd, 4319036.843, 110
Trd, 4319038.793, 101
Trd, 4319039.593, 108
Trd, 4319040.543, 105
Trd, 4319041.493, 101
Trd, 4319041.743, 104
Trd, 4319045.993, 89
Trd, 4319046.143, 95
Trd, 4319046.243, 96
Trd, 4319047.393, 96
Trd, 4319047.943, 107
Trd, 4319049.093, 85
Trd, 4319049.643, 102
Trd, 4319049.743, 102
Trd, 4319052.293, 103
Trd, 4319053.293, 98
Trd, 4319053.543, 114
Trd, 4319056.643, 101
Trd, 4319057.043, 94
Trd, 4319058.193, 98
Trd, 4319058.593, 97
Trd, 4319060.493, 98
Trd, 4319060.593, 96
Trd, 4319062.543, 95
Trd, 4319062.793, 97
Trd, 4319063.843, 94
Trd, 4319065.393, 98
Trd, 4319067.143, 98
Trd, 4319067.343, 99
Trd, 4319068.493, 92
Trd, 4319069.893, 100
Trd, 4319069.943, 112
Trd, 4319070.293, 77
Trd, 4319072.243, 95
Trd, 4319072.643, 104
Trd, 4319073.943, 101
Trd, 4319075.293, 94
Trd, 4319075.693, 114
Trd, 4319077.343, 104
Trd, 4319080.043, 103
Trd, 4319080.093, 104
Trd, 4319080.243, 105
Trd, 4319081.243, 100
Trd, 4319081.493, 94
Trd, 4319081.943, 97
Trd, 4319084.493, 100
Trd, 4319085.193, 96
Trd, 4319086.393, 100
Trd, 4319087.343, 95
Trd, 4319089.193, 95
Trd, 4319089.693, 96
Trd, 4319091.693, 97
Trd, 4319092.093, 105
Trd, 4319092.193, 93
Trd, 4319093.393, 89
Trd, 4319094.943, 95
Trd, 4319095.793, 92
Trd, 4319097.743, 114
Trd, 4319097.793, 96
Trd, 4319100.693, 96
Trd, 4319101.093, 105
Trd, 4319101.793, 101
Trd, 4319102.243, 95
Trd, 4319102.643, 104
Trd, 4319104.393, 104
Trd, 4319105.493, 97
Trd, 4319105.743, 98
Trd, 4319107.543, 103
Trd, 4319107.693, 94
Trd, 4319109.393, 100
Trd, 4319112.193, 98
Trd, 4319113.143, 95
Trd, 4319113.243, 93
Trd, 4319113.493, 98
Trd, 4319114.443, 106
Trd, 4319115.793, 98
Trd, 4319116.993, 98
Trd, 4319117.193, 85
Trd, 4319117.743, 77
Trd, 4319118.643, 105
Trd, 4319119.843, 93
Trd, 4319120.443, 97
Trd, 4319121.593, 92
Trd, 4319122.293, 103
Trd, 4319125.593, 96
Trd, 4319125.943, 91
Trd, 4319127.093, 96
Trd, 4319127.443, 94
Trd, 4319128.593, 103
Trd, 4319128.743, 106
Trd, 4319130.143, 114
Trd, 4319130.493, 107
Trd, 4319133.443, 100
Trd, 4319134.193, 96
Trd, 4319135.443, 93
Trd, 4319137.543, 100
Trd, 4319137.893, 99
Trd, 4319139.143, 100
Trd, 4319140.293, 107
Trd, 4319140.993, 95
Trd, 4319141.693, 112
Trd, 4319143.143, 108
Trd, 4319143.193, 100
Trd, 4319144.643, 98
Trd, 4319147.143, 108
Trd, 4319148.143, 96
Trd, 4319149.143, 99
Trd, 4319149.993, 98
Trd, 4319150.593, 107
Trd, 4319150.843, 113
Trd, 4319151.243, 103
Trd, 4319154.593, 96
Trd, 4319156.293, 104
Trd, 4319156.993, 100
Trd, 4319158.343, 103
Trd, 4319158.593, 94
Trd, 4319159.193, 84
Trd, 4319161.543, 103
Trd, 4319162.793, 96
Trd, 4319163.493, 100
Trd, 4319163.993, 101
Trd, 4319164.393, 83
Trd, 4319165.543, 105
Trd, 4319165.743, 88
Trd, 4319166.393, 90
Trd, 4319166.643, 91
Trd, 4319167.843, 98
Trd, 4319168.643, 89
Trd, 4319171.643, 93
Trd, 4319172.743, 91
Trd, 4319173.493, 101
Trd, 4319174.693, 98
Trd, 4319174.793, 110
Trd, 4319175.793, 95
Trd, 4319177.943, 101
Trd, 4319179.443, 95
Trd, 4319179.493, 111
Trd, 4319181.343, 100
Trd, 4319181.943, 93
Trd, 4319182.143, 77
Trd, 4319186.243, 119
Trd, 4319187.743, 103
Trd, 4319189.443, 99
Trd, 4319190.093, 95
Trd, 4319190.793, 94
Trd, 4319190.843, 99
Trd, 4319192.343, 94
Trd, 4319193.943, 96
Trd, 4319195.093, 105
Trd, 4319195.193, 107
Trd, 4319198.293, 101
Trd, 4319198.843, 100
Trd, 4319199.893, 94
Trd, 4319201.943, 97
Trd, 4319203.593, 95
Trd, 4319204.243, 96
Trd, 4319205.143, 105
Trd, 4319205.693, 94
Trd, 4319206.743, 85
Trd, 4319207.293, 94
Trd, 4319207.343, 91
Trd, 4319209.843, 97
Trd, 4319210.793, 95
Trd, 4319211.043, 104
Trd, 4319212.743, 94
Trd, 4319215.593, 97
Trd, 4319216.943, 87
Trd, 4319217.093, 77
Trd, 4319217.293, 103
Trd, 4319218.693, 103
Trd, 4319221.143, 90
Trd, 4319222.543, 87
Trd, 4319222.743, 97
Trd, 4319223.893, 92
Trd, 4319224.443, 83
Trd, 4319225.593, 80
Trd, 4319226.843, 81
Trd, 4319227.643, 103
Trd, 4319228.743, 92
Trd, 4319230.043, 113
Trd, 4319231.343, 90
Trd, 4319235.493, 95
Trd, 4319235.993, 100
Trd, 4319236.293, 84
Trd, 4319236.443, 100
Trd, 4319238.143, 96
Trd, 4319239.293, 91
Trd, 4319240.143, 89
Trd, 4319240.343, 96
Trd, 4319240.643, 106
Trd, 4319240.743, 100
Trd, 4319241.343, 75
Trd, 4319242.843, 103
Trd, 4319244.543, 112
Trd, 4319246.493, 102
Trd, 4319247.143, 102
Trd, 4319248.843, 101
Trd, 4319249.543, 105
Trd, 4319250.193, 94
Trd, 4319250.343, 91
Trd, 4319252.793, 103
Trd, 4319254.293, 101
Trd, 4319255.143, 93
Trd, 4319256.543, 101
Trd, 4319258.293, 100
Trd, 4319259.043, 93
Trd, 4319260.643, 97
Trd, 4319261.843, 93
Trd, 4319262.643, 99
Trd, 4319263.343, 77
Trd, 4319263.493, 101
Trd, 4319264.393, 85
Trd, 4319266.843, 94
Trd, 4319267.843, 91
Trd, 4319269.793, 103
Trd, 4319270.043, 97
Trd, 4319270.393, 104
Trd, 4319270.843, 100
Trd, 4319272.143, 103
Trd, 4319273.693, 91
Trd, 4319276.193, 101
Trd, 4319276.293, 114
Trd, 4319276.993, 94
Trd, 4319277.743, 96
Trd, 4319279.743, 98
Trd, 4319279.793, 104
Trd, 4319282.093, 93
Trd, 4319282.193, 99
Trd, 4319283.543, 100
Trd, 4319286.343, 92
Trd, 4319286.943, 101
Trd, 4319286.993, 107
Trd, 4319287.593, 94
Trd, 4319288.793, 92
Trd, 4319291.093, 94
Trd, 4319291.543, 102
Trd, 4319294.793, 93
Trd, 4319294.993, 93
Trd, 4319295.443, 85
Trd, 4319295.693, 84
Trd, 4319295.793, 98
Trd, 4319298.543, 102
Trd, 4319299.593, 104
Trd, 4319300.043, 92
Trd, 4319300.143, 83
Trd, 4319302.593, 99
Trd, 4319304.093, 99
Trd, 4319305.243, 111
Trd, 4319305.443, 113
Trd, 4319306.393, 91
Trd, 4319309.243, 92
Trd, 4319309.343, 95
Trd, 4319309.693, 96
Trd, 4319310.943, 109
Trd, 4319314.993, 95
Trd, 4319315.043, 91
Trd, 4319315.093, 96
Trd, 4319315.693, 98
Trd, 4319316.193, 91
Trd, 4319317.643, 90
Trd, 4319317.743, 98
Trd, 4319318.543, 104
Trd, 4319318.643, 85
Trd, 4319318.943, 113
Trd, 4319319.043, 118
Trd, 4319322.243, 102
Trd, 4319323.993, 90
Trd, 4319326.943, 95
Trd, 4319328.343, 90
Trd, 4319329.593, 93
Trd, 4319329.743, 95
Trd, 4319330.293, 109
Trd, 4319332.143, 92
Trd, 4319332.793, 96
Trd, 4319333.893, 91
Trd, 4319335.143, 95
Trd, 4319336.143, 96
Trd, 4319336.793, 96
Trd, 4319339.043, 90
Trd, 4319340.543, 96
Trd, 4319342.743, 90
Trd, 4319343.743, 111
Trd, 4319345.593, 100
Trd, 4319346.693, 106
Trd, 4319347.493, 96
Trd, 4319349.393, 102
Trd, 4319350.143, 103
Trd, 4319351.643, 102
Trd, 4319352.643, 102
Trd, 4319354.593, 97
Trd, 4319354.793, 94
Trd, 4319356.493, 102
Trd, 4319357.143, 100
Trd, 4319357.743, 95
Trd, 4319359.343, 104
Trd, 4319361.743, 102
Trd, 4319362.993, 97
Trd, 4319363.393, 106
Trd, 4319364.543, 103
Trd, 4319366.293, 97
Trd, 4319366.643, 93
Trd, 4319367.293, 103
Trd, 4319368.193, 102
Trd, 4319369.493, 92
Trd, 4319371.693, 102
Trd, 4319371.793, 113
Trd, 4319372.343, 100
Trd, 4319372.943, 85
Trd, 4319374.043, 101
Trd, 4319374.993, 98
Trd, 4319375.243, 95
Trd, 4319376.243, 95
Trd, 4319379.043, 98
Trd, 4319380.143, 98
Trd, 4319380.243, 109
Trd, 4319381.343, 104
Trd, 4319381.793, 94
Trd, 4319383.493, 103
Trd, 4319384.143, 97
Trd, 4319384.443, 93
Trd, 4319386.693, 92
Trd, 4319387.343, 95
Trd, 4319388.493, 98
Trd, 4319391.193, 98
Trd, 4319391.843, 98
Trd, 4319392.743, 113
Trd, 4319393.393, 93
Trd, 4319395.893, 98
Trd, 4319397.043, 96
Trd, 4319397.393, 93
Trd, 4319401.943, 94
Trd, 4319402.493, 92
Trd, 4319402.693, 94
Trd, 4319403.843, 90
Trd, 4319403.993, 109
Trd, 4319404.293, 110
Trd, 4319405.193, 104
Trd, 4319405.893, 85
Trd, 4319406.543, 104
Trd, 4319409.193, 92
Trd, 4319410.293, 99
Trd, 4319412.693, 92
Trd, 4319413.043, 96
Trd, 4319414.043, 105
Trd, 4319414.293, 98
Trd, 4319416.193, 104
Trd, 4319416.793, 94
Trd, 4319417.043, 105
Trd, 4319419.443, 96
Trd, 4319420.693, 90
Trd, 4319421.993, 98
Trd, 4319425.343, 98
Trd, 4319426.343, 105
Trd, 4319426.543, 121
Trd, 4319427.243, 95
Trd, 4319427.593, 103
Trd, 4319428.843, 104
Trd, 4319430.443, 104
Trd, 4319430.893, 100
Trd, 4319432.543, 100
Trd, 4319435.043, 103
Trd, 4319435.143, 93
Trd, 4319436.093, 104
Trd, 4319436.243, 108
Trd, 4319438.193, 92
Trd, 4319439.943, 85
Trd, 4319440.043, 93
Trd, 4319440.343, 93
Trd, 4319441.093, 100
Trd, 4319443.943, 83
Trd, 4319444.093, 94
Trd, 4319445.793, 90
Trd, 4319446.443, 92
Trd, 4319446.743, 107
Trd, 4319447.393, 97
Trd, 4319449.393, 95
Trd, 4319450.143, 97
Trd, 4319452.493, 96
Trd, 4319452.893, 94
Trd, 4319453.593, 97
Trd, 4319454.993, 95
Trd, 4319456.143, 113
Trd, 4319457.243, 100
Trd, 4319457.393, 101
Trd, 4319459.693, 96
Trd, 4319461.343, 95
Trd, 4319462.443, 97
Trd, 4319463.243, 94
Trd, 4319463.643, 98
Trd, 4319466.243, 99
Trd, 4319467.643, 100
Trd, 4319467.943, 105
Trd, 4319470.193, 96
Trd, 4319470.543, 96
Trd, 4319470.793, 94
Trd, 4319472.343, 96
Trd, 4319472.543, 94
Trd, 4319477.243, 93
Trd, 4319477.343, 93
Trd, 4319478.693, 95
Trd, 4319479.143, 96
Trd, 4319479.493, 101
Trd, 4319480.443, 99
Trd, 4319481.393, 101
Trd, 4319483.693, 93
Trd, 4319485.143, 101
Trd, 4319486.793, 93
Trd, 4319487.393, 99
Trd, 4319488.543, 106
Trd, 4319489.143, 101
Trd, 4319491.293, 92
Trd, 4319492.443, 105
Trd, 4319493.293, 84
Trd, 4319494.493, 98
Trd, 4319496.693, 98
Trd, 4319496.943, 99
Trd, 4319497.743, 96
Trd, 4319498.693, 99
Trd, 4319499.393, 104
Trd, 4319500.693, 97
Trd, 4319502.193, 99
Trd, 4319502.443, 103
Trd, 4319504.443, 92
Trd, 4319504.943, 101
Trd, 4319506.543, 96
Trd, 4319508.193, 92
Trd, 4319510.093, 102
Trd, 4319510.593, 102
Trd, 4319510.893, 100
Trd, 4319511.443, 102
Trd, 4319511.993, 113
Trd, 4319512.993, 101
Trd, 4319514.393, 91
Trd, 4319515.893, 105
Trd, 4319516.543, 99
Trd, 4319516.593, 104
Trd, 4319517.943, 100
Trd, 4319520.043, 93
Trd, 4319520.093, 90
Trd, 4319521.993, 102
Trd, 4319522.243, 97
Trd, 4319523.243, 98
Trd, 4319524.293, 97
Trd, 4319525.393, 122
Trd, 4319528.293, 96
Trd, 4319529.243, 94
Trd, 4319530.093, 107
Trd, 4319530.493, 116
Trd, 4319530.793, 104
Trd, 4319531.993, 103
Trd, 4319535.843, 101
Trd, 4319536.243, 102
Trd, 4319537.993, 103
Trd, 4319538.043, 93
Trd, 4319539.043, 114
Trd, 4319539.343, 104
Trd, 4319539.493, 98
Trd, 4319540.093, 98
Trd, 4319541.593, 98
Trd, 4319543.143, 96
Trd, 4319543.743, 94
Trd, 4319543.843, 84
Trd, 4319544.943, 97
Trd, 4319549.443, 98
Trd, 4319549.793, 96
Trd, 4319551.793, 99
Trd, 4319551.843, 88
Trd, 4319552.743, 97
Trd, 4319556.043, 87
Trd, 4319556.093, 93
Trd, 4319556.493, 96
Trd, 4319556.743, 102
Trd, 4319557.593, 98
Trd, 4319560.093, 103
Trd, 4319560.643, 86
Trd, 4319561.793, 87
Trd, 4319562.393, 95
Trd, 4319562.993, 105
Trd, 4319564.043, 119
Trd, 4319564.093, 85
Trd, 4319567.093, 100
Trd, 4319568.093, 99
Trd, 4319570.893, 104
Trd, 4319572.043, 103
Trd, 4319573.743, 102
Trd, 4319574.393, 101
Trd, 4319575.643, 104
Trd, 4319576.493, 85
Trd, 4319576.543, 110
Trd, 4319577.343, 96
Trd, 4319578.943, 93
Trd, 4319579.293, 77
Trd, 4319580.893, 94
Trd, 4319581.043, 104
Trd, 4319581.843, 82
Trd, 4319582.593, 122
Trd, 4319583.043, 83
Trd, 4319585.643, 102
Trd, 4319586.743, 111
Trd, 4319587.493, 104
Trd, 4319587.593, 85
Trd, 4319589.993, 98
Trd, 4319590.143, 103
Trd, 4319590.593, 103
Trd, 4319592.693, 101
Trd, 4319593.393, 102
Trd, 4319594.093, 109
Trd, 4319594.243, 94
Trd, 4319596.093, 84
Trd, 4319596.143, 93
Trd, 4319597.043, 96
Trd, 4319597.143, 104
Trd, 4319600.693, 98
Trd, 4319602.043, 105
Trd, 4319604.043, 97
Trd, 4319604.093, 93
Trd, 4319604.893, 101
Trd, 4319605.493, 98
Trd, 4319606.543, 103
Trd, 4319606.893, 110
Trd, 4319608.543, 85
Trd, 4319609.043, 104
Trd, 4319609.743, 78
Trd, 4319610.443, 86
Trd, 4319610.893, 84
Trd, 4319611.693, 113
Trd, 4319614.243, 91
Trd, 4319615.793, 107
Trd, 4319615.993, 97
Trd, 4319616.093, 91
Trd, 4319618.443, 82
Trd, 4319621.793, 90
Trd, 4319621.843, 85
Trd, 4319622.893, 96
Trd, 4319622.943, 100
Trd, 4319623.343, 107
Trd, 4319624.543, 106
Trd, 4319626.943, 105
Trd, 4319627.493, 96
Trd, 4319627.843, 104
Trd, 4319630.693, 98
Trd, 4319630.943, 101
Trd, 4319631.343, 93
Trd, 4319631.493, 101
Trd, 4319632.393, 77
Trd, 4319632.443, 95
Trd, 4319634.243, 96
Trd, 4319635.993, 84
Trd, 4319637.043, 89
Trd, 4319637.593, 87
Trd, 4319637.993, 109
Trd, 4319638.493, 102
Trd, 4319639.743, 96
Trd, 4319642.443, 98
Trd, 4319643.643, 98
Trd, 4319644.393, 101
Trd, 4319645.243, 101
Trd, 4319646.793, 105
Trd, 4319648.093, 95
Trd, 4319650.443, 99
Trd, 4319650.493, 90
Trd, 4319652.493, 94
Trd, 4319654.743, 99
Trd, 4319656.793, 96
Trd, 4319657.393, 94
Trd, 4319657.693, 95
Trd, 4319658.193, 100
Trd, 4319658.743, 93
Trd, 4319659.793, 97
Trd, 4319660.543, 97
Trd, 4319663.443, 91
Trd, 4319663.643, 97
Trd, 4319663.843, 85
Trd, 4319667.093, 91
Trd, 4319667.143, 89
Trd, 4319668.993, 92
Trd, 4319669.843, 92
Trd, 4319670.193, 109
Trd, 4319670.243, 113
Trd, 4319672.243, 116
Trd, 4319673.293, 95
Trd, 4319674.193, 91
Trd, 4319674.543, 90
Trd, 4319675.843, 91
Trd, 4319677.243, 112
Trd, 4319677.793, 100
Trd, 4319679.593, 89
Trd, 4319679.993, 100
Trd, 4319680.693, 109
Trd, 4319680.843, 115
Trd, 4319683.993, 99
Trd, 4319684.843, 103
Trd, 4319685.493, 103
Trd, 4319687.393, 99
Trd, 4319687.893, 110
Trd, 4319690.043, 100
Trd, 4319693.843, 104
Trd, 4319694.143, 103
Trd, 4319694.193, 102
Trd, 4319694.493, 99
Trd, 4319695.293, 108
Trd, 4319696.943, 102
Trd, 4319699.443, 100
Trd, 4319700.393, 94
Trd, 4319701.293, 85
Trd, 4319702.693, 97
Trd, 4319703.643, 96
Trd, 4319703.693, 92
Trd, 4319704.743, 101
Trd, 4319705.893, 102
Trd, 4319708.493, 99
Trd, 4319708.793, 77
Trd, 4319709.293, 106
Trd, 4319709.993, 95
Trd, 4319711.243, 88
Trd, 4319711.593, 89
Trd, 4319713.593, 89
Trd, 4319714.243, 90
Trd, 4319716.493, 108
Trd, 4319716.543, 91
Trd, 4319716.843, 85
Trd, 4319717.793, 91
Trd, 4319719.193, 103
Trd, 4319720.043, 94
Trd, 4319720.493, 111
Trd, 4319722.093, 115
Trd, 4319723.943, 93
Trd, 4319724.993, 104
Trd, 4319725.743, 100
Trd, 4319725.993, 93
Trd, 4319726.993, 90
Trd, 4319728.393, 99
Trd, 4319729.793, 98
Trd, 4319732.543, 99
Trd, 4319732.993, 105
Trd, 4319733.643, 104
Trd, 4319733.843, 94
Trd, 4319734.043, 93
Trd, 4319734.943, 100
Trd, 4319735.243, 104
Trd, 4319738.343, 103
Trd, 4319738.743, 85
Trd, 4319739.793, 89
Trd, 4319741.243, 102
Trd, 4319742.143, 85
Trd, 4319742.643, 112
Trd, 4319743.943, 85
Trd, 4319744.443, 95
Trd, 4319746.093, 104
Trd, 4319746.693, 99
Trd, 4319747.193, 115
Trd, 4319747.993, 96
Trd, 4319749.093, 91
Trd, 4319751.093, 97
Trd, 4319751.343, 94
Trd, 4319752.693, 89
Trd, 4319753.343, 77
Trd, 4319753.643, 80
Trd, 4319755.743, 87
Trd, 4319756.193, 95
Trd, 4319757.493, 91
Trd, 4319759.293, 87
Trd, 4319759.793, 89
Trd, 4319762.243, 87
Trd, 4319762.843, 89
Trd, 4319763.193, 103
Trd, 4319764.793, 103
Trd, 4319765.043, 106
Trd, 4319767.893, 97
Trd, 4319769.193, 96
Trd, 4319771.293, 107
Trd, 4319772.393, 100
Trd, 4319773.043, 96
Trd, 4319775.093, 115
Trd, 4319775.593, 106
Trd, 4319775.643, 103
Trd, 4319778.393, 105
Trd, 4319778.543, 104
Trd, 4319778.943, 105
Trd, 4319780.243, 100
Trd, 4319783.893, 99
Trd, 4319784.043, 101
Trd, 4319785.093, 93
Trd, 4319786.043, 102
Trd, 4319788.043, 97
Trd, 4319789.293, 96
Trd, 4319789.393, 92
Trd, 4319789.743, 102
Trd, 4319790.743, 85
Trd, 4319791.843, 97
Trd, 4319792.893, 105
Trd, 4319793.343, 96
Trd, 4319796.043, 97
Trd, 4319799.643, 95
Trd, 4319800.443, 93
Trd, 4319800.793, 99
Trd, 4319801.243, 105
Trd, 4319801.593, 102
Trd, 4319802.193, 114
Trd, 4319802.843, 84
Trd, 4319804.793, 103
Trd, 4319805.593, 96
Trd, 4319806.843, 108
Trd, 4319808.193, 94
Trd, 4319808.343, 104
Trd, 4319808.893, 104
Trd, 4319809.943, 102
Trd, 4319811.843, 96
Trd, 4319812.493, 95
Trd, 4319814.393, 101
Trd, 4319816.143, 95
Trd, 4319816.793, 99
Trd, 4319817.193, 101
Trd, 4319817.293, 93
Trd, 4319818.293, 83
Trd, 4319819.443, 103
Trd, 4319821.543, 101
Trd, 4319822.693, 97
Trd, 4319823.743, 95
Trd, 4319824.243, 89
Trd, 4319826.543, 101
Trd, 4319828.043, 99
Trd, 4319828.543, 96
Trd, 4319828.693, 90
Trd, 4319831.843, 99
Trd, 4319831.993, 115
Trd, 4319832.643, 101
Trd, 4319835.893, 99
Trd, 4319837.893, 96
Trd, 4319839.193, 93
Trd, 4319839.643, 95
Trd, 4319840.643, 96
Trd, 4319840.993, 93
Trd, 4319841.043, 97
Trd, 4319842.943, 108
Trd, 4319843.093, 85
Trd, 4319845.893, 97
Trd, 4319847.493, 98
Trd, 4319848.943, 97
Trd, 4319849.193, 97
Trd, 4319851.193, 95
Trd, 4319852.893, 95
Trd, 4319853.543, 88
Trd, 4319853.893, 84
Trd, 4319855.943, 102
Trd, 4319858.693, 95
Trd, 4319860.043, 96
Trd, 4319860.793, 94
Trd, 4319862.943, 94
Trd, 4319863.193, 95
Trd, 4319863.793, 94
Trd, 4319864.543, 106
Trd, 4319864.593, 85
Trd, 4319866.643, 104
Trd, 4319866.743, 101
Trd, 4319867.943, 111
Trd, 4319868.843, 98
Trd, 4319871.093, 115
Trd, 4319872.093, 111
Trd, 4319872.743, 104
Trd, 4319876.543, 102
Trd, 4319877.143, 102
Trd, 4319877.993, 97
Trd, 4319878.893, 99
Trd, 4319879.193, 94
Trd, 4319880.643, 103
Trd, 4319880.793, 91
Trd, 4319882.293, 102
Trd, 4319883.143, 94
Trd, 4319884.793, 100
Trd, 4319885.643, 96
Trd, 4319885.843, 111
Trd, 4319887.293, 92
Trd, 4319888.443, 99
Trd, 4319889.743, 98
Trd, 4319890.643, 77
Trd, 4319891.593, 95
Trd, 4319893.393, 90
Trd, 4319893.793, 86
Trd, 4319894.943, 103
Trd, 4319895.693, 80
Trd, 4319896.993, 104
Trd, 4319897.443, 104
Trd, 4319899.943, 98
Trd, 4319901.093, 99
Trd, 4319901.743, 99
Trd, 4319901.943, 104
Trd, 4319903.293, 93
Trd, 4319905.293, 106
Trd, 4319905.643, 88
Trd, 4319906.393, 113
Trd, 4319907.493, 89
Trd, 4319909.593, 99
Trd, 4319910.343, 99
Trd, 4319911.143, 115
Trd, 4319911.293, 113
Trd, 4319911.993, 102
Trd, 4319912.443, 109
Trd, 4319914.393, 99
Trd, 4319915.443, 90
Trd, 4319915.593, 96
Trd, 4319917.093, 86
Trd, 4319917.893, 98
Trd, 4319920.043, 97
Trd, 4319920.293, 115
Trd, 4319922.093, 102
Trd, 4319922.243, 94
Trd, 4319923.993, 96
Trd, 4319926.843, 93
Trd, 4319927.043, 95
Trd, 4319927.193, 115
Trd, 4319927.993, 94
Trd, 4319929.243, 84
Trd, 4319929.693, 92
Trd, 4319930.193, 77
Trd, 4319930.693, 110
Trd, 4319932.943, 99
Trd, 4319933.043, 106
Trd, 4319934.093, 90
Trd, 4319934.743, 81
Trd, 4319936.193, 86
Trd, 4319936.843, 81
Trd, 4319937.093, 96
Trd, 4319940.343, 88
Trd, 4319940.543, 90
Trd, 4319941.593, 111
Trd, 4319942.743, 88
Trd, 4319942.943, 101
Trd, 4319943.793, 84
Trd, 4319946.993, 96
Trd, 4319947.693, 96
Trd, 4319948.093, 92
Trd, 4319948.893, 87
Trd, 4319949.293, 99
Trd, 4319952.693, 92
Trd, 4319955.343, 92
Trd, 4319955.393, 92
Trd, 4319955.593, 88
Trd, 4319956.243, 87
Trd, 4319956.943, 97
Trd, 4319956.993, 113
Trd, 4319958.943, 89
Trd, 4319960.843, 94
Trd, 4319961.743, 95
Trd, 4319962.193, 95
Trd, 4319962.693, 104
Trd, 4319965.193, 102
Trd, 4319966.593, 90
Trd, 4319967.243, 85
Trd, 4319967.293, 104
Trd, 4319970.093, 98
Trd, 4319971.793, 109
Trd, 4319973.693, 94
Trd, 4319974.243, 95
Trd, 4319976.943, 93
Trd, 4319977.643, 96
Trd, 4319977.993, 96
Trd, 4319979.193, 97
Trd, 4319979.793, 92
Trd, 4319979.993, 105
Trd, 4319982.493, 101
Trd, 4319983.093, 100
Trd, 4319984.693, 96
Trd, 4319984.843, 92
Trd, 4319988.043, 96
Trd, 4319988.443, 84
Trd, 4319989.043, 104
Trd, 4319990.893, 92
Trd, 4319990.993, 92
Trd, 4319993.543, 92
Trd, 4319993.693, 94
Trd, 4319995.043, 103
Trd, 4319995.693, 88
Trd, 4319996.143, 87
Trd, 4319996.193, 105
Trd, 4319998.143, 113
Trd, 4319999.743, 100
