Trd, 4317843.943, 84
Trd, 4317844.693, 83
Trd, 4317845.893, 86
Trd, 4317847.993, 84
Trd, 4317849.193, 87
Trd, 4317849.243, 108
Trd, 4317850.143, 98
Trd, 4317850.243, 90
Trd, 4317851.693, 119
Trd, 4317853.393, 96
Trd, 4317854.193, 88
Trd, 4317855.943, 92
Trd, 4317856.343, 94
Trd, 4317857.093, 95
Trd, 4317857.493, 90
Trd, 4317861.543, 95
Trd, 4317861.943, 95
Trd, 4317862.343, 100
Trd, 4317863.943, 101
Trd, 4317864.043, 100
Trd, 4317865.443, 85
Trd, 4317865.493, 112
Trd, 4317865.793, 123
Trd, 4317867.343, 100
Trd, 4317870.443, 100
Trd, 4317872.293, 100
Trd, 4317872.493, 100
Trd, 4317873.893, 100
Trd, 4317874.893, 94
Trd, 4317876.093, 94
Trd, 4317879.593, 99
Trd, 4317879.693, 99
Trd, 4317880.643, 99
Trd, 4317883.343, 99
Trd, 4317884.443, 94
Trd, 4317886.993, 96
Trd, 4317887.993, 96
Trd, 4317888.343, 94
Trd, 4317889.843, 96
Trd, 4317891.693, 93
Trd, 4317892.143, 96
Trd, 4317894.593, 96
Trd, 4317896.493, 96
Trd, 4317897.493, 96
Trd, 4317898.443, 96
Trd, 4317898.793, 94
Trd, 4317900.543, 96
Trd, 4317902.943, 96
Trd, 4317904.343, 93
Trd, 4317905.243, 95
Trd, 4317906.493, 95
Trd, 4317907.943, 95
Trd, 4317908.143, 93
Trd, 4317908.793, 95
Trd, 4317909.893, 104
Trd, 4317910.943, 94
Trd, 4317913.443, 96
Trd, 4317916.843, 96
Trd, 4317918.443, 96
Trd, 4317918.993, 97
Trd, 4317920.593, 93
Trd, 4317920.643, 93
Trd, 4317920.843, 96
Trd, 4317921.343, 104
Trd, 4317924.443, 101
Trd, 4317926.143, 97
Trd, 4317926.643, 95
Trd, 4317928.793, 97
Trd, 4317930.293, 97
Trd, 4317930.693, 97
Trd, 4317931.243, 112
Trd, 4317931.293, 115
Trd, 4317933.293, 104
Trd, 4317933.643, 102
Trd, 4317936.043, 102
Trd, 4317936.843, 100
Trd, 4317937.743, 102
Trd, 4317939.743, 101
Trd, 4317940.693, 101
Trd, 4317941.493, 107
Trd, 4317942.993, 102
Trd, 4317944.893, 100
Trd, 4317945.243, 101
Trd, 4317945.293, 103
Trd, 4317946.093, 104
Trd, 4317947.693, 105
Trd, 4317948.943, 94
Trd, 4317953.243, 97
Trd, 4317953.943, 103
Trd, 4317954.843, 103
Trd, 4317958.043, 104
Trd, 4317959.093, 96
Trd, 4317960.743, 103
Trd, 4317963.193, 103
Trd, 4317965.693, 103
Trd, 4317965.993, 95
Trd, 4317970.193, 103
Trd, 4317970.293, 96
Trd, 4317971.093, 103
Trd, 4317973.093, 103
Trd, 4317976.743, 103
Trd, 4317976.793, 94
Trd, 4317977.343, 103
Trd, 4317978.993, 103
Trd, 4317980.243, 100
Trd, 4317981.193, 103
Trd, 4317982.943, 93
Trd, 4317983.693, 99
Trd, 4317985.443, 98
Trd, 4317988.193, 98
Trd, 4317988.843, 97
Trd, 4317989.293, 97
Trd, 4317991.493, 93
Trd, 4317991.793, 97
Trd, 4317992.643, 97
Trd, 4317993.193, 92
Trd, 4317998.393, 96
Trd, 4317999.743, 96
Trd, 4318000.343, 92
Trd, 4318001.893, 95
Trd, 4318003.793, 92
Trd, 4318005.743, 95
Trd, 4318006.143, 95
Trd, 4318006.693, 107
Trd, 4318009.493, 96
Trd, 4318010.043, 92
Trd, 4318011.193, 94
Trd, 4318011.393, 96
Trd, 4318012.893, 92
Trd, 4318015.243, 95
Trd, 4318016.593, 95
Trd, 4318018.743, 93
Trd, 4318019.893, 95
Trd, 4318021.793, 95
Trd, 4318024.793, 95
Trd, 4318025.993, 95
Trd, 4318027.143, 95
Trd, 4318028.143, 95
Trd, 4318030.043, 94
Trd, 4318031.343, 95
Trd, 4318031.743, 94
Trd, 4318031.893, 95
Trd, 4318032.593, 95
Trd, 4318033.193, 121
Trd, 4318034.643, 120
Trd, 4318035.743, 92
Trd, 4318039.843, 91
Trd, 4318041.193, 96
Trd, 4318041.493, 96
Trd, 4318043.193, 96
Trd, 4318044.893, 96
Trd, 4318046.393, 90
Trd, 4318048.293, 96
Trd, 4318048.793, 96
Trd, 4318050.093, 91
Trd, 4318052.693, 96
Trd, 4318052.843, 96
Trd, 4318054.793, 95
Trd, 4318055.343, 96
Trd, 4318057.693, 96
Trd, 4318058.793, 96
Trd, 4318060.743, 96
Trd, 4318062.693, 94
Trd, 4318062.793, 97
Trd, 4318063.443, 94
Trd, 4318063.993, 97
Trd, 4318066.093, 95
Trd, 4318066.693, 95
Trd, 4318067.943, 95
Trd, 4318068.193, 107
Trd, 4318069.443, 99
Trd, 4318070.093, 93
Trd, 4318075.093, 96
Trd, 4318077.743, 96
Trd, 4318079.543, 96
Trd, 4318080.293, 96
Trd, 4318080.843, 92
Trd, 4318082.143, 96
Trd, 4318083.343, 96
Trd, 4318085.043, 94
Trd, 4318086.943, 95
Trd, 4318088.093, 95
Trd, 4318088.293, 90
Trd, 4318088.543, 96
Trd, 4318092.393, 95
Trd, 4318093.243, 90
Trd, 4318094.443, 95
Trd, 4318095.543, 95
Trd, 4318095.743, 89
Trd, 4318097.293, 105
Trd, 4318098.993, 99
Trd, 4318100.443, 88
Trd, 4318101.143, 96
Trd, 4318102.643, 96
Trd, 4318103.993, 96
Trd, 4318104.593, 97
Trd, 4318105.643, 94
Trd, 4318108.393, 96
Trd, 4318108.793, 96
Trd, 4318110.943, 94
Trd, 4318112.443, 95
Trd, 4318112.793, 95
Trd, 4318115.243, 96
Trd, 4318115.793, 93
Trd, 4318117.243, 96
Trd, 4318117.993, 108
Trd, 4318118.493, 123
Trd, 4318119.093, 93
Trd, 4318120.943, 105
Trd, 4318123.293, 104
Trd, 4318124.393, 105
Trd, 4318125.143, 103
Trd, 4318127.993, 96
Trd, 4318128.743, 100
Trd, 4318129.993, 100
Trd, 4318130.893, 99
Trd, 4318131.993, 100
Trd, 4318134.943, 100
Trd, 4318137.443, 95
Trd, 4318138.643, 99
Trd, 4318139.693, 94
Trd, 4318140.843, 99
Trd, 4318141.093, 99
Trd, 4318141.193, 94
Trd, 4318146.893, 99
Trd, 4318147.093, 99
Trd, 4318148.743, 94
Trd, 4318151.393, 94
Trd, 4318152.343, 99
Trd, 4318154.593, 99
Trd, 4318156.493, 99
Trd, 4318156.793, 99
Trd, 4318157.193, 93
Trd, 4318160.643, 99
Trd, 4318161.943, 92
Trd, 4318162.693, 96
Trd, 4318164.943, 96
Trd, 4318169.043, 96
Trd, 4318170.243, 92
Trd, 4318171.093, 96
Trd, 4318171.893, 96
Trd, 4318172.993, 92
Trd, 4318173.793, 95
Trd, 4318174.093, 94
Trd, 4318176.093, 91
Trd, 4318177.143, 93
Trd, 4318178.993, 93
Trd, 4318180.543, 91
Trd, 4318182.943, 95
Trd, 4318184.093, 93
Trd, 4318184.343, 95
Trd, 4318185.493, 95
Trd, 4318185.793, 91
Trd, 4318187.043, 94
Trd, 4318187.993, 95
Trd, 4318193.743, 94
Trd, 4318194.143, 94
Trd, 4318195.293, 89
Trd, 4318195.993, 122
Trd, 4318196.043, 88
Trd, 4318196.543, 97
Trd, 4318198.193, 95
Trd, 4318200.493, 96
Trd, 4318202.293, 96
Trd, 4318204.443, 95
Trd, 4318204.643, 96
Trd, 4318205.993, 96
Trd, 4318206.143, 95
Trd, 4318208.443, 94
Trd, 4318208.693, 96
Trd, 4318211.243, 96
Trd, 4318211.293, 97
Trd, 4318213.543, 96
Trd, 4318215.843, 95
Trd, 4318216.443, 94
Trd, 4318217.593, 92
Trd, 4318218.043, 95
Trd, 4318219.493, 95
Trd, 4318222.243, 94
Trd, 4318223.143, 94
Trd, 4318227.593, 94
Trd, 4318228.043, 92
Trd, 4318229.543, 92
Trd, 4318230.393, 94
Trd, 4318232.443, 94
Trd, 4318234.793, 91
Trd, 4318237.293, 94
Trd, 4318238.043, 95
Trd, 4318239.243, 91
Trd, 4318240.393, 95
Trd, 4318242.143, 94
Trd, 4318244.493, 94
Trd, 4318245.693, 91
Trd, 4318248.293, 90
Trd, 4318248.393, 94
Trd, 4318251.543, 94
Trd, 4318251.893, 95
Trd, 4318254.443, 89
Trd, 4318256.393, 94
Trd, 4318258.693, 89
Trd, 4318260.343, 94
Trd, 4318260.543, 94
Trd, 4318263.793, 92
Trd, 4318265.093, 88
Trd, 4318265.643, 92
Trd, 4318266.043, 95
Trd, 4318266.743, 120
Trd, 4318267.443, 100
Trd, 4318267.893, 107
Trd, 4318268.143, 102
Trd, 4318270.093, 101
Trd, 4318271.393, 84
Trd, 4318273.193, 104
Trd, 4318275.893, 97
Trd, 4318276.843, 99
Trd, 4318278.393, 94
Trd, 4318279.793, 98
Trd, 4318280.443, 98
Trd, 4318283.493, 98
Trd, 4318285.293, 94
Trd, 4318286.943, 98
Trd, 4318287.193, 98
Trd, 4318287.243, 99
Trd, 4318289.443, 98
Trd, 4318290.243, 93
Trd, 4318292.143, 97
Trd, 4318293.293, 96
Trd, 4318294.493, 92
Trd, 4318296.243, 96
Trd, 4318297.643, 96
Trd, 4318300.293, 96
Trd, 4318301.043, 94
Trd, 4318302.693, 95
Trd, 4318303.743, 95
Trd, 4318307.043, 95
Trd, 4318307.893, 94
Trd, 4318308.893, 95
Trd, 4318309.843, 94
Trd, 4318310.943, 95
Trd, 4318311.993, 95
Trd, 4318313.043, 94
Trd, 4318313.443, 95
Trd, 4318316.343, 93
Trd, 4318318.293, 95
Trd, 4318319.293, 94
Trd, 4318319.543, 95
Trd, 4318320.793, 94
Trd, 4318321.643, 93
Trd, 4318324.243, 93
Trd, 4318324.393, 94
Trd, 4318325.293, 94
Trd, 4318326.693, 92
Trd, 4318327.993, 90
Trd, 4318329.243, 94
Trd, 4318329.943, 94
Trd, 4318330.693, 95
Trd, 4318335.043, 94
Trd, 4318336.443, 94
Trd, 4318336.993, 92
Trd, 4318340.293, 91
Trd, 4318341.443, 94
Trd, 4318344.643, 94
Trd, 4318345.693, 94
Trd, 4318346.293, 93
Trd, 4318346.843, 95
Trd, 4318351.643, 92
Trd, 4318352.193, 91
Trd, 4318353.593, 93
Trd, 4318354.093, 95
Trd, 4318355.093, 91
Trd, 4318356.043, 93
Trd, 4318358.893, 92
Trd, 4318360.293, 95
Trd, 4318360.643, 100
Trd, 4318361.043, 94
Trd, 4318361.443, 95
Trd, 4318362.243, 123
Trd, 4318362.393, 90
Trd, 4318363.993, 92
Trd, 4318365.343, 100
Trd, 4318367.593, 99
Trd, 4318370.143, 124
Trd, 4318371.243, 100
Trd, 4318373.543, 91
Trd, 4318374.793, 96
Trd, 4318376.293, 95
Trd, 4318376.443, 90
Trd, 4318378.293, 95
Trd, 4318378.643, 95
Trd, 4318382.443, 93
Trd, 4318382.793, 91
Trd, 4318383.843, 93
Trd, 4318384.293, 94
Trd, 4318385.993, 94
Trd, 4318388.843, 93
Trd, 4318390.943, 91
Trd, 4318393.293, 93
Trd, 4318395.143, 93
Trd, 4318395.793, 93
Trd, 4318396.643, 93
Trd, 4318396.993, 95
Trd, 4318400.343, 94
Trd, 4318400.543, 92
Trd, 4318401.643, 94
Trd, 4318403.543, 91
Trd, 4318404.293, 94
Trd, 4318405.443, 94
Trd, 4318406.043, 95
Trd, 4318409.493, 90
Trd, 4318409.793, 93
Trd, 4318410.143, 95
Trd, 4318413.993, 93
Trd, 4318414.043, 94
Trd, 4318415.243, 95
Trd, 4318418.293, 94
Trd, 4318419.293, 95
Trd, 4318420.243, 92
Trd, 4318421.193, 95
Trd, 4318422.493, 95
Trd, 4318423.043, 107
Trd, 4318424.293, 92
Trd, 4318425.293, 97
Trd, 4318428.943, 92
Trd, 4318430.243, 96
Trd, 4318430.843, 96
Trd, 4318430.893, 96
Trd, 4318435.593, 91
Trd, 4318436.593, 95
Trd, 4318437.743, 95
Trd, 4318437.843, 95
Trd, 4318440.293, 91
Trd, 4318440.743, 93
Trd, 4318445.043, 93
Trd, 4318445.893, 94
Trd, 4318446.593, 95
Trd, 4318446.993, 99
Trd, 4318447.343, 99
Trd, 4318449.043, 94
Trd, 4318449.593, 85
Trd, 4318451.793, 93
Trd, 4318452.343, 94
Trd, 4318453.493, 94
Trd, 4318454.243, 95
Trd, 4318455.093, 95
Trd, 4318456.143, 95
Trd, 4318457.993, 95
Trd, 4318458.443, 92
Trd, 4318459.293, 113
Trd, 4318462.643, 97
Trd, 4318463.143, 97
Trd, 4318463.443, 98
Trd, 4318466.243, 91
Trd, 4318470.893, 96
Trd, 4318472.243, 96
Trd, 4318473.293, 96
Trd, 4318473.993, 91
Trd, 4318478.543, 96
Trd, 4318479.393, 96
Trd, 4318482.393, 91
Trd, 4318483.493, 96
Trd, 4318483.843, 107
Trd, 4318484.093, 92
Trd, 4318484.643, 98
Trd, 4318486.293, 96
Trd, 4318488.043, 93
Trd, 4318492.093, 94
Trd, 4318493.643, 95
Trd, 4318494.443, 94
Trd, 4318495.743, 95
Trd, 4318498.743, 95
Trd, 4318500.243, 95
Trd, 4318500.343, 93
Trd, 4318501.843, 95
Trd, 4318501.893, 95
Trd, 4318503.843, 94
Trd, 4318504.893, 93
Trd, 4318506.443, 94
Trd, 4318507.343, 93
Trd, 4318509.893, 94
Trd, 4318510.793, 95
Trd, 4318512.293, 93
Trd, 4318512.443, 95
Trd, 4318513.543, 95
Trd, 4318516.443, 95
Trd, 4318516.543, 95
Trd, 4318520.743, 95
Trd, 4318521.943, 95
Trd, 4318522.743, 95
Trd, 4318523.093, 93
Trd, 4318525.143, 95
Trd, 4318526.543, 97
Trd, 4318527.343, 110
Trd, 4318527.793, 96
Trd, 4318528.343, 96
Trd, 4318530.143, 98
Trd, 4318530.243, 101
Trd, 4318531.893, 95
Trd, 4318531.943, 104
Trd, 4318534.243, 93
Trd, 4318534.943, 94
Trd, 4318535.693, 92
Trd, 4318537.393, 94
Trd, 4318539.893, 92
Trd, 4318540.493, 94
Trd, 4318541.393, 95
Trd, 4318542.593, 94
Trd, 4318543.143, 95
Trd, 4318543.443, 91
Trd, 4318550.243, 94
Trd, 4318551.443, 93
Trd, 4318552.643, 95
Trd, 4318554.543, 93
Trd, 4318556.093, 91
Trd, 4318556.293, 95
Trd, 4318558.593, 95
Trd, 4318559.043, 93
Trd, 4318559.543, 95
Trd, 4318560.793, 94
Trd, 4318561.693, 94
Trd, 4318563.293, 95
Trd, 4318564.793, 92
Trd, 4318568.593, 94
Trd, 4318569.093, 92
Trd, 4318569.443, 94
Trd, 4318571.243, 104
Trd, 4318574.143, 95
Trd, 4318574.693, 95
Trd, 4318577.993, 91
Trd, 4318578.093, 94
Trd, 4318578.443, 91
Trd, 4318579.843, 93
Trd, 4318580.593, 93
Trd, 4318582.493, 93
Trd, 4318585.193, 93
Trd, 4318586.743, 91
Trd, 4318587.543, 92
Trd, 4318589.343, 95
Trd, 4318591.243, 92
Trd, 4318592.443, 90
Trd, 4318593.893, 92
Trd, 4318594.093, 89
Trd, 4318597.393, 92
Trd, 4318598.393, 92
Trd, 4318599.993, 92
Trd, 4318601.893, 88
Trd, 4318602.543, 92
Trd, 4318603.993, 92
Trd, 4318605.993, 87
Trd, 4318607.043, 92
Trd, 4318608.143, 92
Trd, 4318608.543, 91
Trd, 4318610.143, 95
Trd, 4318610.243, 87
Trd, 4318612.043, 104
Trd, 4318614.993, 94
Trd, 4318615.393, 95
Trd, 4318616.643, 94
Trd, 4318617.293, 91
Trd, 4318618.893, 93
Trd, 4318620.093, 92
Trd, 4318620.293, 93
Trd, 4318621.543, 95
Trd, 4318623.193, 94
Trd, 4318625.593, 93
Trd, 4318627.893, 91
Trd, 4318627.993, 92
Trd, 4318628.693, 92
Trd, 4318630.593, 93
Trd, 4318630.893, 95
Trd, 4318631.293, 91
Trd, 4318633.693, 121
Trd, 4318634.693, 98
Trd, 4318635.493, 100
Trd, 4318635.643, 94
Trd, 4318636.543, 96
Trd, 4318637.693, 95
Trd, 4318642.443, 95
Trd, 4318643.393, 94
Trd, 4318643.443, 93
Trd, 4318644.243, 94
Trd, 4318646.793, 94
Trd, 4318647.143, 94
Trd, 4318648.493, 92
Trd, 4318651.893, 95
Trd, 4318652.293, 91
Trd, 4318653.643, 94
Trd, 4318653.743, 95
Trd, 4318657.393, 94
Trd, 4318658.193, 94
Trd, 4318659.793, 92
Trd, 4318660.343, 91
Trd, 4318661.393, 95
Trd, 4318662.393, 94
Trd, 4318662.943, 98
Trd, 4318664.443, 101
Trd, 4318665.993, 98
Trd, 4318666.343, 104
Trd, 4318666.793, 98
Trd, 4318668.893, 97
Trd, 4318670.943, 97
Trd, 4318672.443, 97
Trd, 4318672.693, 104
Trd, 4318673.243, 95
Trd, 4318676.393, 95
Trd, 4318677.293, 97
Trd, 4318679.543, 97
Trd, 4318681.643, 97
Trd, 4318683.693, 94
Trd, 4318683.993, 95
Trd, 4318684.243, 96
Trd, 4318687.393, 95
Trd, 4318688.243, 97
Trd, 4318690.293, 95
Trd, 4318692.743, 95
Trd, 4318693.143, 93
Trd, 4318693.693, 95
Trd, 4318697.143, 94
Trd, 4318697.993, 93
Trd, 4318699.693, 92
Trd, 4318703.343, 94
Trd, 4318704.293, 93
Trd, 4318706.043, 91
Trd, 4318706.743, 90
Trd, 4318707.193, 95
Trd, 4318710.493, 92
Trd, 4318710.693, 94
Trd, 4318711.543, 94
Trd, 4318712.293, 94
Trd, 4318713.743, 92
Trd, 4318717.343, 94
Trd, 4318719.643, 93
Trd, 4318720.693, 91
Trd, 4318721.043, 93
Trd, 4318722.193, 91
Trd, 4318722.493, 93
Trd, 4318725.593, 91
Trd, 4318725.643, 93
Trd, 4318727.743, 90
Trd, 4318730.093, 93
Trd, 4318730.143, 93
Trd, 4318731.643, 93
Trd, 4318733.243, 90
Trd, 4318733.543, 93
Trd, 4318733.993, 104
Trd, 4318739.443, 94
Trd, 4318740.443, 94
Trd, 4318741.743, 89
Trd, 4318744.493, 94
Trd, 4318744.943, 89
Trd, 4318747.043, 94
Trd, 4318747.093, 93
Trd, 4318749.293, 92
Trd, 4318749.893, 95
Trd, 4318750.043, 107
Trd, 4318753.993, 95
Trd, 4318754.443, 94
Trd, 4318755.193, 91
Trd, 4318756.693, 95
Trd, 4318757.543, 94
Trd, 4318760.743, 90
Trd, 4318761.943, 94
Trd, 4318763.243, 94
Trd, 4318763.443, 89
Trd, 4318768.343, 94
Trd, 4318769.093, 94
Trd, 4318771.743, 89
Trd, 4318773.743, 94
Trd, 4318774.143, 94
Trd, 4318774.343, 88
Trd, 4318774.843, 95
Trd, 4318776.443, 105
Trd, 4318778.043, 101
Trd, 4318781.493, 96
Trd, 4318782.593, 96
Trd, 4318782.893, 95
Trd, 4318783.443, 96
Trd, 4318784.693, 106
Trd, 4318788.693, 97
Trd, 4318790.693, 96
Trd, 4318792.143, 94
Trd, 4318796.293, 96
Trd, 4318796.343, 96
Trd, 4318796.943, 93
Trd, 4318797.893, 97
Trd, 4318798.143, 97
Trd, 4318798.643, 92
Trd, 4318801.343, 95
Trd, 4318803.393, 95
Trd, 4318804.293, 95
Trd, 4318804.643, 92
Trd, 4318806.743, 95
Trd, 4318808.493, 91
Trd, 4318810.693, 95
Trd, 4318814.193, 94
Trd, 4318814.443, 94
Trd, 4318814.543, 94
Trd, 4318817.193, 92
Trd, 4318817.543, 94
Trd, 4318819.143, 95
Trd, 4318821.693, 92
Trd, 4318822.843, 94
Trd, 4318822.893, 92
Trd, 4318824.193, 93
Trd, 4318826.093, 93
Trd, 4318826.593, 92
Trd, 4318828.143, 93
Trd, 4318829.343, 93
Trd, 4318829.693, 95
Trd, 4318830.743, 91
Trd, 4318833.543, 93
Trd, 4318835.443, 92
Trd, 4318835.493, 93
Trd, 4318837.643, 93
Trd, 4318837.743, 93
Trd, 4318837.993, 95
Trd, 4318842.493, 91
Trd, 4318843.493, 93
Trd, 4318843.943, 93
Trd, 4318844.843, 93
Trd, 4318845.943, 91
Trd, 4318846.393, 95
Trd, 4318846.993, 96
Trd, 4318849.693, 94
Trd, 4318851.143, 94
Trd, 4318851.643, 95
Trd, 4318852.093, 91
Trd, 4318856.443, 95
Trd, 4318858.643, 94
Trd, 4318859.443, 94
Trd, 4318859.643, 93
Trd, 4318859.843, 95
Trd, 4318861.293, 114
Trd, 4318861.343, 91
Trd, 4318865.093, 97
Trd, 4318866.793, 95
Trd, 4318868.193, 96
Trd, 4318868.293, 97
Trd, 4318868.643, 91
Trd, 4318870.093, 96
Trd, 4318871.093, 93
Trd, 4318873.343, 96
Trd, 4318874.593, 115
Trd, 4318875.393, 116
Trd, 4318876.293, 103
Trd, 4318878.043, 100
Trd, 4318879.543, 92
Trd, 4318879.993, 92
Trd, 4318880.293, 100
Trd, 4318880.493, 100
Trd, 4318884.743, 92
Trd, 4318886.043, 98
Trd, 4318886.593, 98
Trd, 4318887.743, 98
Trd, 4318891.343, 90
Trd, 4318891.393, 97
Trd, 4318891.693, 97
Trd, 4318894.443, 95
Trd, 4318894.993, 89
Trd, 4318896.493, 95
Trd, 4318898.393, 95
Trd, 4318903.143, 95
Trd, 4318904.343, 95
Trd, 4318904.593, 95
Trd, 4318904.693, 95
Trd, 4318904.893, 107
Trd, 4318905.543, 91
Trd, 4318909.793, 96
Trd, 4318911.593, 91
Trd, 4318911.843, 96
Trd, 4318916.443, 95
Trd, 4318916.743, 91
Trd, 4318917.193, 95
Trd, 4318920.293, 95
Trd, 4318921.443, 90
Trd, 4318922.143, 95
Trd, 4318922.543, 95
Trd, 4318927.043, 93
Trd, 4318928.443, 89
Trd, 4318928.943, 93
Trd, 4318929.493, 93
Trd, 4318929.693, 94
Trd, 4318932.143, 88
Trd, 4318933.193, 93
Trd, 4318936.093, 93
Trd, 4318938.093, 93
Trd, 4318939.743, 92
Trd, 4318940.393, 93
Trd, 4318940.993, 95
Trd, 4318941.093, 92
Trd, 4318944.943, 93
Trd, 4318945.343, 91
Trd, 4318946.943, 92
Trd, 4318947.943, 92
Trd, 4318950.043, 95
Trd, 4318951.893, 91
Trd, 4318953.643, 93
Trd, 4318956.593, 93
Trd, 4318956.643, 91
Trd, 4318957.193, 95
Trd, 4318961.593, 92
Trd, 4318961.693, 93
Trd, 4318963.143, 91
Trd, 4318963.243, 93
Trd, 4318963.693, 95
Trd, 4318965.493, 92
Trd, 4318967.443, 94
Trd, 4318968.443, 92
Trd, 4318968.943, 91
Trd, 4318973.643, 93
Trd, 4318973.943, 104
Trd, 4318975.193, 94
Trd, 4318975.993, 90
Trd, 4318977.393, 119
Trd, 4318977.493, 97
Trd, 4318978.093, 97
Trd, 4318979.393, 121
Trd, 4318981.093, 88
Trd, 4318981.243, 109
Trd, 4318982.993, 100
Trd, 4318983.943, 101
Trd, 4318988.093, 100
Trd, 4318988.243, 98
Trd, 4318990.993, 100
Trd, 4318993.493, 97
Trd, 4318994.293, 100
Trd, 4318994.793, 100
Trd, 4318995.993, 100
Trd, 4318996.343, 96
Trd, 4318999.493, 99
Trd, 4319001.393, 99
Trd, 4319002.443, 99
Trd, 4319004.793, 99
Trd, 4319005.043, 95
Trd, 4319006.843, 99
Trd, 4319009.393, 94
Trd, 4319010.243, 99
Trd, 4319011.243, 99
Trd, 4319012.793, 93
Trd, 4319015.343, 97
Trd, 4319018.143, 96
Trd, 4319018.643, 93
Trd, 4319020.643, 95
Trd, 4319022.293, 95
Trd, 4319022.893, 95
Trd, 4319024.243, 95
Trd, 4319024.543, 92
Trd, 4319027.243, 95
Trd, 4319027.343, 92
Trd, 4319030.593, 95
Trd, 4319032.643, 95
Trd, 4319032.893, 95
Trd, 4319034.743, 95
Trd, 4319035.493, 95
Trd, 4319036.743, 91
Trd, 4319037.343, 95
Trd, 4319039.043, 91
Trd, 4319039.843, 95
Trd, 4319043.443, 95
Trd, 4319043.793, 91
Trd, 4319045.193, 95
Trd, 4319047.543, 95
Trd, 4319049.543, 95
Trd, 4319049.693, 91
Trd, 4319050.693, 95
Trd, 4319053.593, 95
Trd, 4319055.343, 95
Trd, 4319055.893, 95
Trd, 4319056.743, 90
Trd, 4319057.693, 93
Trd, 4319059.993, 93
Trd, 4319061.743, 90
Trd, 4319065.393, 90
Trd, 4319066.993, 92
Trd, 4319067.043, 92
Trd, 4319069.193, 92
Trd, 4319069.693, 92
Trd, 4319071.043, 90
Trd, 4319071.393, 95
Trd, 4319071.443, 105
Trd, 4319072.743, 90
Trd, 4319074.343, 94
Trd, 4319076.643, 95
Trd, 4319078.043, 95
Trd, 4319079.943, 95
Trd, 4319081.293, 91
Trd, 4319083.493, 95
Trd, 4319086.443, 95
Trd, 4319086.893, 91
Trd, 4319087.043, 95
Trd, 4319088.093, 95
Trd, 4319088.993, 95
Trd, 4319089.943, 89
Trd, 4319092.843, 94
Trd, 4319093.043, 94
Trd, 4319095.343, 94
Trd, 4319096.343, 90
Trd, 4319097.493, 94
Trd, 4319099.143, 90
Trd, 4319102.243, 94
Trd, 4319102.293, 94
Trd, 4319103.093, 94
Trd, 4319103.593, 112
Trd, 4319104.043, 122
Trd, 4319108.043, 89
Trd, 4319108.093, 98
Trd, 4319110.593, 97
Trd, 4319111.393, 93
Trd, 4319111.493, 96
Trd, 4319115.443, 95
Trd, 4319115.893, 95
Trd, 4319116.743, 95
Trd, 4319117.243, 85
Trd, 4319117.693, 97
Trd, 4319119.043, 107
Trd, 4319119.843, 90
Trd, 4319121.093, 97
Trd, 4319122.493, 97
Trd, 4319123.843, 97
Trd, 4319125.093, 89
Trd, 4319125.993, 97
Trd, 4319128.343, 95
Trd, 4319129.993, 88
Trd, 4319130.043, 95
Trd, 4319130.243, 95
Trd, 4319135.343, 93
Trd, 4319135.843, 87
Trd, 4319136.593, 93
Trd, 4319140.093, 92
Trd, 4319142.293, 90
Trd, 4319142.843, 92
Trd, 4319144.843, 86
Trd, 4319146.343, 92
Trd, 4319146.593, 85
Trd, 4319149.743, 92
Trd, 4319150.143, 90
Trd, 4319150.593, 91
Trd, 4319153.293, 90
Trd, 4319153.643, 91
Trd, 4319155.193, 89
Trd, 4319155.543, 95
Trd, 4319157.893, 91
Trd, 4319159.243, 91
Trd, 4319160.193, 91
Trd, 4319160.393, 89
Trd, 4319160.593, 109
Trd, 4319163.943, 93
Trd, 4319165.993, 88
Trd, 4319166.343, 92
Trd, 4319168.493, 90
Trd, 4319168.993, 90
Trd, 4319169.493, 87
Trd, 4319172.193, 90
Trd, 4319174.693, 90
Trd, 4319175.543, 90
Trd, 4319175.593, 91
Trd, 4319176.043, 89
Trd, 4319177.893, 90
Trd, 4319180.343, 90
Trd, 4319180.493, 90
Trd, 4319182.043, 90
Trd, 4319182.143, 89
Trd, 4319183.843, 89
Trd, 4319185.793, 90
Trd, 4319187.093, 108
Trd, 4319190.493, 89
Trd, 4319190.593, 92
Trd, 4319193.843, 90
Trd, 4319194.093, 88
Trd, 4319194.143, 95
Trd, 4319195.443, 90
Trd, 4319197.993, 88
Trd, 4319199.343, 90
Trd, 4319201.143, 88
Trd, 4319204.243, 88
Trd, 4319204.443, 87
Trd, 4319204.643, 86
Trd, 4319205.443, 88
Trd, 4319205.743, 89
Trd, 4319206.093, 88
Trd, 4319207.943, 79
Trd, 4319210.643, 104
Trd, 4319211.343, 96
Trd, 4319211.893, 94
Trd, 4319212.243, 92
Trd, 4319214.293, 95
Trd, 4319215.093, 96
Trd, 4319216.693, 92
Trd, 4319217.743, 98
Trd, 4319218.593, 92
Trd, 4319219.443, 93
Trd, 4319219.793, 95
Trd, 4319221.143, 107
Trd, 4319222.643, 101
Trd, 4319222.943, 91
Trd, 4319226.693, 95
Trd, 4319227.093, 96
Trd, 4319227.843, 97
Trd, 4319227.893, 91
Trd, 4319228.293, 97
Trd, 4319232.043, 96
Trd, 4319232.243, 91
Trd, 4319234.443, 96
Trd, 4319235.743, 96
Trd, 4319237.593, 96
Trd, 4319238.693, 96
Trd, 4319239.093, 92
Trd, 4319242.443, 96
Trd, 4319243.393, 95
Trd, 4319245.543, 91
Trd, 4319246.443, 95
Trd, 4319247.043, 95
Trd, 4319247.243, 91
Trd, 4319250.193, 95
Trd, 4319252.893, 92
Trd, 4319253.543, 95
Trd, 4319256.843, 94
Trd, 4319257.843, 94
Trd, 4319259.943, 92
Trd, 4319262.393, 92
Trd, 4319264.593, 93
Trd, 4319267.193, 93
Trd, 4319268.293, 93
Trd, 4319268.693, 91
Trd, 4319268.743, 93
Trd, 4319271.493, 93
Trd, 4319271.843, 93
Trd, 4319272.343, 94
Trd, 4319277.243, 90
Trd, 4319277.393, 94
Trd, 4319278.493, 94
Trd, 4319282.793, 90
Trd, 4319284.643, 93
Trd, 4319285.243, 93
Trd, 4319287.043, 91
Trd, 4319287.893, 95
Trd, 4319290.743, 90
Trd, 4319292.193, 93
Trd, 4319294.093, 92
Trd, 4319294.293, 92
Trd, 4319296.643, 92
Trd, 4319297.343, 95
Trd, 4319298.743, 90
Trd, 4319299.093, 92
Trd, 4319299.793, 92
Trd, 4319300.793, 91
Trd, 4319301.893, 92
Trd, 4319304.543, 92
Trd, 4319304.693, 92
Trd, 4319306.343, 89
Trd, 4319306.943, 92
Trd, 4319310.043, 90
Trd, 4319312.993, 92
Trd, 4319313.743, 92
Trd, 4319314.943, 92
Trd, 4319315.993, 95
Trd, 4319317.043, 90
Trd, 4319321.693, 89
Trd, 4319323.243, 92
Trd, 4319323.893, 92
Trd, 4319324.543, 92
Trd, 4319324.643, 87
Trd, 4319326.743, 92
Trd, 4319326.893, 93
Trd, 4319327.443, 88
Trd, 4319328.693, 95
Trd, 4319329.543, 92
Trd, 4319330.643, 109
Trd, 4319332.893, 95
Trd, 4319334.293, 87
Trd, 4319335.143, 97
Trd, 4319338.443, 94
Trd, 4319340.193, 94
Trd, 4319342.743, 87
Trd, 4319342.993, 93
Trd, 4319344.643, 86
Trd, 4319345.393, 95
Trd, 4319346.243, 94
Trd, 4319351.343, 92
Trd, 4319351.393, 85
Trd, 4319352.043, 92
Trd, 4319352.993, 92
Trd, 4319354.993, 92
Trd, 4319355.343, 92
Trd, 4319355.543, 84
Trd, 4319360.643, 92
Trd, 4319360.743, 92
Trd, 4319361.743, 94
Trd, 4319364.843, 83
Trd, 4319365.593, 90
Trd, 4319366.293, 83
Trd, 4319368.443, 90
Trd, 4319369.543, 89
Trd, 4319370.843, 89
Trd, 4319372.693, 84
Trd, 4319374.843, 88
Trd, 4319376.493, 83
Trd, 4319380.393, 87
Trd, 4319380.443, 82
Trd, 4319383.993, 87
Trd, 4319384.343, 88
Trd, 4319384.743, 87
Trd, 4319384.943, 85
Trd, 4319385.043, 105
Trd, 4319387.943, 98
Trd, 4319388.393, 99
Trd, 4319390.493, 99
Trd, 4319391.093, 94
Trd, 4319392.143, 98
Trd, 4319392.993, 93
Trd, 4319393.593, 93
Trd, 4319393.643, 123
Trd, 4319395.443, 98
Trd, 4319398.743, 96
Trd, 4319400.493, 95
Trd, 4319401.393, 96
Trd, 4319401.493, 93
Trd, 4319401.743, 95
Trd, 4319402.843, 96
Trd, 4319407.243, 95
Trd, 4319408.293, 94
Trd, 4319408.343, 95
Trd, 4319413.193, 95
Trd, 4319413.293, 94
Trd, 4319414.493, 94
Trd, 4319414.693, 95
Trd, 4319415.693, 95
Trd, 4319419.743, 85
Trd, 4319422.543, 94
Trd, 4319424.343, 94
Trd, 4319424.893, 94
Trd, 4319425.743, 94
Trd, 4319429.143, 93
Trd, 4319430.043, 95
Trd, 4319430.093, 92
Trd, 4319431.143, 93
Trd, 4319432.893, 93
Trd, 4319434.393, 92
Trd, 4319435.393, 93
Trd, 4319437.743, 93
Trd, 4319439.643, 92
Trd, 4319441.243, 91
Trd, 4319443.043, 93
Trd, 4319443.693, 93
Trd, 4319448.543, 94
Trd, 4319448.843, 95
Trd, 4319449.143, 90
Trd, 4319451.193, 93
Trd, 4319452.043, 92
Trd, 4319452.893, 95
Trd, 4319453.893, 89
Trd, 4319456.243, 94
Trd, 4319457.093, 93
Trd, 4319458.893, 95
Trd, 4319460.043, 94
Trd, 4319460.143, 106
Trd, 4319461.343, 97
Trd, 4319463.293, 89
Trd, 4319463.593, 93
Trd, 4319464.593, 92
Trd, 4319465.743, 90
Trd, 4319468.093, 92
Trd, 4319468.443, 95
Trd, 4319470.243, 91
Trd, 4319471.293, 92
Trd, 4319471.693, 90
Trd, 4319473.193, 92
Trd, 4319476.843, 92
Trd, 4319477.693, 93
Trd, 4319478.143, 90
Trd, 4319478.393, 95
Trd, 4319481.943, 90
Trd, 4319483.593, 92
Trd, 4319485.193, 92
Trd, 4319486.843, 89
Trd, 4319488.743, 93
Trd, 4319490.393, 92
Trd, 4319490.843, 92
Trd, 4319492.993, 92
Trd, 4319495.643, 89
Trd, 4319496.443, 92
Trd, 4319498.793, 92
Trd, 4319499.543, 92
Trd, 4319500.643, 88
Trd, 4319502.993, 87
Trd, 4319505.843, 92
Trd, 4319506.893, 92
Trd, 4319508.943, 91
Trd, 4319509.743, 87
Trd, 4319509.993, 90
Trd, 4319511.293, 89
Trd, 4319512.043, 90
Trd, 4319514.243, 86
Trd, 4319514.393, 89
Trd, 4319515.693, 89
Trd, 4319517.293, 89
Trd, 4319517.343, 86
Trd, 4319518.043, 90
Trd, 4319518.843, 95
Trd, 4319521.643, 85
Trd, 4319523.593, 95
Trd, 4319526.343, 89
Trd, 4319529.543, 89
Trd, 4319530.243, 89
Trd, 4319531.243, 89
Trd, 4319531.343, 85
Trd, 4319534.843, 85
Trd, 4319535.593, 89
Trd, 4319536.243, 89
Trd, 4319537.043, 95
Trd, 4319537.793, 92
Trd, 4319541.443, 86
Trd, 4319543.643, 90
Trd, 4319544.043, 90
Trd, 4319547.543, 90
Trd, 4319548.493, 86
Trd, 4319551.743, 86
Trd, 4319552.093, 88
Trd, 4319552.393, 90
Trd, 4319553.393, 105
Trd, 4319554.843, 91
Trd, 4319558.293, 89
Trd, 4319558.543, 91
Trd, 4319560.143, 88
Trd, 4319560.193, 91
Trd, 4319562.393, 91
Trd, 4319563.443, 88
Trd, 4319563.943, 91
Trd, 4319566.693, 91
Trd, 4319567.143, 91
Trd, 4319571.843, 91
Trd, 4319572.393, 91
Trd, 4319573.193, 89
Trd, 4319574.193, 91
Trd, 4319575.393, 91
Trd, 4319576.643, 89
Trd, 4319580.293, 91
Trd, 4319580.643, 96
Trd, 4319580.693, 104
Trd, 4319582.193, 89
Trd, 4319583.243, 93
Trd, 4319584.243, 89
Trd, 4319585.643, 93
Trd, 4319586.443, 93
Trd, 4319588.593, 93
Trd, 4319590.843, 88
Trd, 4319591.643, 92
Trd, 4319593.043, 92
Trd, 4319594.343, 92
Trd, 4319596.593, 87
Trd, 4319597.343, 92
Trd, 4319601.143, 86
Trd, 4319601.243, 92
Trd, 4319602.843, 91
Trd, 4319603.443, 95
Trd, 4319604.243, 86
Trd, 4319607.743, 91
Trd, 4319607.793, 94
Trd, 4319608.093, 104
Trd, 4319609.893, 94
Trd, 4319610.443, 95
Trd, 4319611.343, 93
Trd, 4319612.043, 108
Trd, 4319614.693, 95
Trd, 4319615.593, 95
Trd, 4319616.043, 100
Trd, 4319616.093, 92
Trd, 4319620.193, 94
Trd, 4319623.393, 94
Trd, 4319624.893, 90
Trd, 4319625.893, 94
Trd, 4319625.943, 89
Trd, 4319627.993, 95
Trd, 4319629.243, 94
Trd, 4319632.843, 89
Trd, 4319634.593, 94
Trd, 4319636.093, 93
Trd, 4319636.343, 93
Trd, 4319638.893, 90
Trd, 4319640.593, 91
Trd, 4319641.793, 89
Trd, 4319642.293, 91
Trd, 4319645.643, 88
Trd, 4319645.743, 90
Trd, 4319647.293, 94
Trd, 4319648.693, 91
Trd, 4319650.093, 90
Trd, 4319651.393, 91
Trd, 4319654.293, 91
Trd, 4319655.793, 90
Trd, 4319656.593, 91
Trd, 4319658.243, 91
Trd, 4319662.993, 91
Trd, 4319663.593, 91
Trd, 4319663.943, 95
Trd, 4319665.243, 89
Trd, 4319665.543, 93
Trd, 4319669.143, 92
Trd, 4319669.593, 90
Trd, 4319671.593, 90
Trd, 4319671.993, 89
Trd, 4319672.343, 91
Trd, 4319674.593, 90
Trd, 4319674.843, 91
Trd, 4319676.043, 89
Trd, 4319676.143, 91
Trd, 4319680.143, 91
Trd, 4319680.643, 91
Trd, 4319682.043, 89
Trd, 4319682.893, 91
Trd, 4319685.793, 91
Trd, 4319688.793, 88
Trd, 4319690.643, 91
Trd, 4319693.443, 91
Trd, 4319694.393, 87
Trd, 4319694.593, 91
Trd, 4319694.893, 92
Trd, 4319697.493, 91
Trd, 4319698.793, 86
Trd, 4319699.043, 91
Trd, 4319701.993, 91
Trd, 4319702.943, 91
Trd, 4319704.893, 91
Trd, 4319704.943, 88
Trd, 4319705.693, 104
Trd, 4319707.843, 92
Trd, 4319710.193, 88
Trd, 4319710.843, 91
Trd, 4319710.893, 88
Trd, 4319711.993, 91
Trd, 4319714.243, 90
Trd, 4319717.243, 87
Trd, 4319717.693, 90
Trd, 4319719.093, 90
Trd, 4319720.293, 89
Trd, 4319721.793, 95
Trd, 4319723.593, 87
Trd, 4319725.193, 89
Trd, 4319725.893, 89
Trd, 4319728.843, 86
Trd, 4319729.693, 95
Trd, 4319730.793, 88
Trd, 4319731.093, 88
Trd, 4319734.443, 87
Trd, 4319735.843, 95
Trd, 4319736.193, 109
Trd, 4319737.593, 91
Trd, 4319738.693, 91
Trd, 4319739.593, 92
Trd, 4319740.043, 96
Trd, 4319741.693, 92
Trd, 4319742.743, 96
Trd, 4319743.043, 112
Trd, 4319743.193, 91
Trd, 4319745.443, 97
Trd, 4319746.693, 97
Trd, 4319748.493, 95
Trd, 4319752.693, 96
Trd, 4319754.593, 93
Trd, 4319754.743, 95
Trd, 4319755.093, 95
Trd, 4319756.993, 95
Trd, 4319757.193, 95
Trd, 4319758.143, 95
Trd, 4319759.893, 107
Trd, 4319760.693, 99
Trd, 4319761.643, 98
Trd, 4319761.743, 97
Trd, 4319764.043, 98
Trd, 4319764.393, 98
Trd, 4319764.793, 95
Trd, 4319765.543, 98
Trd, 4319766.693, 94
Trd, 4319767.443, 96
Trd, 4319768.293, 94
Trd, 4319769.743, 85
Trd, 4319771.443, 95
Trd, 4319771.593, 88
Trd, 4319772.743, 91
Trd, 4319774.093, 91
Trd, 4319774.743, 86
Trd, 4319777.593, 89
Trd, 4319777.843, 86
Trd, 4319779.593, 89
Trd, 4319781.543, 89
Trd, 4319783.293, 86
Trd, 4319784.493, 89
Trd, 4319785.943, 89
Trd, 4319787.093, 95
Trd, 4319789.693, 85
Trd, 4319790.243, 90
Trd, 4319790.843, 90
Trd, 4319792.393, 90
Trd, 4319793.493, 84
Trd, 4319793.843, 90
Trd, 4319795.493, 90
Trd, 4319797.843, 90
Trd, 4319800.043, 90
Trd, 4319801.943, 88
Trd, 4319802.543, 90
Trd, 4319804.143, 95
Trd, 4319805.243, 96
Trd, 4319805.393, 96
Trd, 4319805.993, 92
Trd, 4319807.293, 91
Trd, 4319807.643, 92
Trd, 4319808.743, 81
Trd, 4319809.443, 83
Trd, 4319812.193, 109
Trd, 4319813.043, 92
Trd, 4319813.143, 91
Trd, 4319815.393, 90
Trd, 4319815.743, 96
Trd, 4319815.843, 122
Trd, 4319820.993, 95
Trd, 4319821.343, 94
Trd, 4319821.643, 96
Trd, 4319821.993, 91
Trd, 4319824.093, 119
Trd, 4319824.293, 100
Trd, 4319825.793, 105
Trd, 4319827.643, 100
Trd, 4319827.743, 101
Trd, 4319828.543, 99
Trd, 4319829.543, 117
Trd, 4319830.993, 103
Trd, 4319833.393, 101
Trd, 4319836.243, 101
Trd, 4319837.993, 100
Trd, 4319838.593, 99
Trd, 4319839.493, 101
Trd, 4319843.143, 98
Trd, 4319843.343, 101
Trd, 4319844.293, 101
Trd, 4319848.543, 99
Trd, 4319851.693, 99
Trd, 4319852.643, 98
Trd, 4319852.843, 97
Trd, 4319853.143, 96
Trd, 4319854.743, 97
Trd, 4319855.593, 97
Trd, 4319858.043, 95
Trd, 4319858.543, 97
Trd, 4319860.243, 97
Trd, 4319860.543, 97
Trd, 4319866.043, 96
Trd, 4319866.143, 95
Trd, 4319868.843, 94
Trd, 4319870.993, 96
Trd, 4319871.393, 96
Trd, 4319873.143, 96
Trd, 4319874.293, 96
Trd, 4319877.493, 96
Trd, 4319877.943, 94
Trd, 4319879.043, 93
Trd, 4319882.393, 96
Trd, 4319882.643, 96
Trd, 4319882.943, 96
Trd, 4319885.293, 96
Trd, 4319886.393, 96
Trd, 4319887.943, 96
Trd, 4319888.643, 92
Trd, 4319889.193, 96
Trd, 4319893.393, 96
Trd, 4319894.143, 91
Trd, 4319895.543, 91
Trd, 4319896.593, 96
Trd, 4319899.143, 96
Trd, 4319899.343, 96
Trd, 4319900.093, 96
Trd, 4319902.893, 95
Trd, 4319905.043, 91
Trd, 4319905.143, 95
Trd, 4319907.493, 95
Trd, 4319908.443, 90
Trd, 4319908.943, 95
Trd, 4319909.343, 95
Trd, 4319909.793, 95
Trd, 4319910.443, 93
Trd, 4319912.343, 91
Trd, 4319914.493, 92
Trd, 4319915.393, 92
Trd, 4319917.243, 90
Trd, 4319920.543, 92
Trd, 4319921.043, 89
Trd, 4319921.993, 92
Trd, 4319923.293, 92
Trd, 4319927.693, 91
Trd, 4319927.793, 92
Trd, 4319929.043, 88
Trd, 4319930.843, 91
Trd, 4319931.793, 95
Trd, 4319932.193, 88
Trd, 4319932.393, 106
Trd, 4319935.843, 94
Trd, 4319936.293, 94
Trd, 4319936.793, 124
Trd, 4319937.693, 91
Trd, 4319940.893, 97
Trd, 4319941.843, 91
Trd, 4319944.093, 93
Trd, 4319945.293, 94
Trd, 4319945.493, 90
Trd, 4319946.543, 93
Trd, 4319950.543, 93
Trd, 4319950.793, 95
Trd, 4319953.743, 93
Trd, 4319954.543, 93
Trd, 4319954.993, 94
Trd, 4319956.093, 92
Trd, 4319957.043, 91
Trd, 4319959.443, 93
Trd, 4319962.593, 92
Trd, 4319963.693, 89
Trd, 4319964.793, 93
Trd, 4319965.543, 85
Trd, 4319966.543, 93
Trd, 4319968.193, 91
Trd, 4319968.593, 93
Trd, 4319969.593, 94
Trd, 4319972.243, 93
Trd, 4319973.693, 92
Trd, 4319974.993, 94
Trd, 4319975.043, 95
Trd, 4319975.243, 91
Trd, 4319977.043, 92
Trd, 4319977.843, 85
Trd, 4319978.393, 92
Trd, 4319981.693, 93
Trd, 4319982.643, 92
Trd, 4319984.143, 87
Trd, 4319984.693, 95
Trd, 4319985.893, 93
Trd, 4319985.993, 94
Trd, 4319986.343, 106
Trd, 4319988.793, 94
Trd, 4319992.143, 93
Trd, 4319992.193, 96
Trd, 4319997.493, 94
Trd, 4319997.743, 92
