Trd, 4317831.443, 98
Trd, 4317834.193, 98
Trd, 4317834.443, 99
Trd, 4317834.543, 101
Trd, 4317835.293, 97
Trd, 4317837.093, 96
Trd, 4317839.943, 95
Trd, 4317843.193, 98
Trd, 4317843.543, 96
Trd, 4317844.993, 97
Trd, 4317845.593, 104
Trd, 4317845.943, 95
Trd, 4317849.843, 96
Trd, 4317850.093, 98
Trd, 4317851.943, 99
Trd, 4317852.343, 97
Trd, 4317856.843, 96
Trd, 4317857.393, 96
Trd, 4317860.043, 98
Trd, 4317861.593, 98
Trd, 4317861.743, 95
Trd, 4317864.843, 94
Trd, 4317865.993, 94
Trd, 4317869.843, 94
Trd, 4317870.393, 93
Trd, 4317870.693, 95
Trd, 4317873.643, 94
Trd, 4317873.793, 95
Trd, 4317875.693, 95
Trd, 4317876.543, 95
Trd, 4317879.043, 94
Trd, 4317880.043, 94
Trd, 4317880.293, 95
Trd, 4317880.493, 93
Trd, 4317882.893, 102
Trd, 4317883.743, 104
Trd, 4317884.743, 99
Trd, 4317886.393, 99
Trd, 4317888.393, 100
Trd, 4317889.693, 98
Trd, 4317890.143, 100
Trd, 4317891.143, 97
Trd, 4317892.543, 117
Trd, 4317893.493, 100
Trd, 4317894.143, 105
Trd, 4317894.493, 73
Trd, 4317896.993, 127
Trd, 4317898.593, 104
Trd, 4317900.493, 103
Trd, 4317900.643, 102
Trd, 4317901.893, 101
Trd, 4317902.843, 100
Trd, 4317907.243, 99
Trd, 4317907.743, 94
Trd, 4317909.093, 98
Trd, 4317911.943, 97
Trd, 4317913.343, 100
Trd, 4317914.543, 104
Trd, 4317915.943, 97
Trd, 4317916.693, 97
Trd, 4317916.943, 99
Trd, 4317917.393, 94
Trd, 4317918.593, 100
Trd, 4317919.843, 96
Trd, 4317921.043, 96
Trd, 4317921.443, 86
Trd, 4317921.593, 98
Trd, 4317926.743, 93
Trd, 4317929.693, 96
Trd, 4317929.943, 93
Trd, 4317933.943, 92
Trd, 4317934.043, 96
Trd, 4317935.343, 91
Trd, 4317936.943, 91
Trd, 4317938.443, 94
Trd, 4317942.093, 90
Trd, 4317942.543, 89
Trd, 4317944.393, 94
Trd, 4317945.343, 92
Trd, 4317950.343, 90
Trd, 4317951.543, 94
Trd, 4317951.693, 89
Trd, 4317954.293, 94
Trd, 4317955.043, 95
Trd, 4317955.943, 89
Trd, 4317958.293, 94
Trd, 4317958.343, 89
Trd, 4317961.093, 88
Trd, 4317961.293, 94
Trd, 4317963.593, 88
Trd, 4317964.193, 87
Trd, 4317965.093, 94
Trd, 4317967.943, 87
Trd, 4317971.193, 86
Trd, 4317971.793, 92
Trd, 4317974.693, 95
Trd, 4317975.193, 95
Trd, 4317975.393, 94
Trd, 4317975.643, 94
Trd, 4317977.643, 94
Trd, 4317978.943, 93
Trd, 4317981.693, 93
Trd, 4317983.193, 92
Trd, 4317984.743, 94
Trd, 4317985.393, 91
Trd, 4317987.393, 90
Trd, 4317990.543, 90
Trd, 4317991.293, 94
Trd, 4317992.343, 89
Trd, 4317993.493, 95
Trd, 4317995.743, 89
Trd, 4318000.793, 95
Trd, 4318001.243, 88
Trd, 4318004.043, 95
Trd, 4318004.243, 91
Trd, 4318005.643, 91
Trd, 4318006.493, 92
Trd, 4318007.443, 90
Trd, 4318009.143, 92
Trd, 4318009.443, 92
Trd, 4318010.593, 90
Trd, 4318010.643, 90
Trd, 4318012.943, 89
Trd, 4318016.193, 88
Trd, 4318016.343, 92
Trd, 4318019.843, 88
Trd, 4318021.643, 92
Trd, 4318022.693, 89
Trd, 4318022.843, 88
Trd, 4318024.243, 88
Trd, 4318025.743, 92
Trd, 4318026.493, 92
Trd, 4318028.743, 87
Trd, 4318030.343, 93
Trd, 4318030.743, 92
Trd, 4318032.743, 94
Trd, 4318034.643, 98
Trd, 4318035.193, 98
Trd, 4318036.743, 97
Trd, 4318037.193, 98
Trd, 4318038.843, 102
Trd, 4318039.793, 103
Trd, 4318040.743, 102
Trd, 4318040.793, 102
Trd, 4318042.143, 94
Trd, 4318044.193, 100
Trd, 4318045.343, 94
Trd, 4318047.443, 78
Trd, 4318048.243, 93
Trd, 4318048.393, 90
Trd, 4318049.593, 92
Trd, 4318050.143, 104
Trd, 4318051.693, 91
Trd, 4318053.793, 97
Trd, 4318054.343, 90
Trd, 4318055.693, 90
Trd, 4318057.843, 96
Trd, 4318059.843, 96
Trd, 4318061.443, 100
Trd, 4318065.243, 97
Trd, 4318065.443, 98
Trd, 4318068.093, 97
Trd, 4318068.143, 97
Trd, 4318069.193, 104
Trd, 4318070.743, 110
Trd, 4318071.243, 110
Trd, 4318072.043, 94
Trd, 4318073.343, 94
Trd, 4318076.193, 100
Trd, 4318077.743, 102
Trd, 4318079.693, 94
Trd, 4318080.043, 98
Trd, 4318080.843, 101
Trd, 4318082.343, 101
Trd, 4318087.893, 99
Trd, 4318089.593, 99
Trd, 4318089.943, 101
Trd, 4318090.843, 98
Trd, 4318090.893, 101
Trd, 4318092.443, 96
Trd, 4318094.393, 95
Trd, 4318095.643, 94
Trd, 4318098.693, 99
Trd, 4318100.593, 98
Trd, 4318102.093, 97
Trd, 4318105.143, 96
Trd, 4318108.293, 96
Trd, 4318109.093, 98
Trd, 4318110.143, 95
Trd, 4318110.393, 93
Trd, 4318112.593, 98
Trd, 4318113.643, 94
Trd, 4318117.143, 93
Trd, 4318117.943, 93
Trd, 4318119.843, 97
Trd, 4318122.743, 93
Trd, 4318124.043, 92
Trd, 4318124.293, 96
Trd, 4318124.743, 91
Trd, 4318125.143, 96
Trd, 4318127.593, 93
Trd, 4318127.693, 96
Trd, 4318128.193, 97
Trd, 4318128.343, 104
Trd, 4318129.893, 99
Trd, 4318130.543, 97
Trd, 4318134.393, 99
Trd, 4318134.893, 100
Trd, 4318135.943, 97
Trd, 4318136.593, 96
Trd, 4318138.893, 95
Trd, 4318140.993, 97
Trd, 4318141.443, 101
Trd, 4318141.943, 104
Trd, 4318142.093, 99
Trd, 4318145.443, 99
Trd, 4318147.843, 99
Trd, 4318148.243, 98
Trd, 4318149.193, 98
Trd, 4318149.593, 97
Trd, 4318150.643, 94
Trd, 4318153.093, 99
Trd, 4318154.143, 98
Trd, 4318155.693, 97
Trd, 4318157.143, 96
Trd, 4318157.743, 98
Trd, 4318158.443, 95
Trd, 4318159.243, 95
Trd, 4318159.793, 99
Trd, 4318162.393, 97
Trd, 4318162.843, 94
Trd, 4318164.293, 97
Trd, 4318165.543, 94
Trd, 4318166.893, 94
Trd, 4318168.543, 97
Trd, 4318172.193, 93
Trd, 4318172.993, 92
Trd, 4318175.143, 95
Trd, 4318176.043, 91
Trd, 4318178.493, 94
Trd, 4318178.643, 90
Trd, 4318181.743, 94
Trd, 4318183.843, 91
Trd, 4318186.293, 90
Trd, 4318188.893, 94
Trd, 4318190.293, 89
Trd, 4318190.393, 89
Trd, 4318190.593, 94
Trd, 4318194.193, 88
Trd, 4318194.693, 91
Trd, 4318195.243, 93
Trd, 4318198.893, 91
Trd, 4318199.243, 88
Trd, 4318200.593, 89
Trd, 4318203.343, 88
Trd, 4318203.443, 89
Trd, 4318204.293, 90
Trd, 4318204.443, 87
Trd, 4318208.843, 88
Trd, 4318211.693, 88
Trd, 4318212.493, 89
Trd, 4318213.243, 87
Trd, 4318213.793, 89
Trd, 4318214.243, 87
Trd, 4318215.643, 105
Trd, 4318216.293, 91
Trd, 4318216.643, 91
Trd, 4318216.943, 92
Trd, 4318217.143, 89
Trd, 4318221.293, 105
Trd, 4318221.493, 106
Trd, 4318224.693, 104
Trd, 4318224.743, 101
Trd, 4318226.443, 106
Trd, 4318226.743, 105
Trd, 4318226.843, 94
Trd, 4318227.943, 106
Trd, 4318228.393, 102
Trd, 4318229.993, 103
Trd, 4318230.243, 85
Trd, 4318232.593, 95
Trd, 4318233.143, 94
Trd, 4318234.693, 93
Trd, 4318234.743, 95
Trd, 4318236.493, 96
Trd, 4318237.293, 95
Trd, 4318237.593, 106
Trd, 4318240.243, 101
Trd, 4318241.343, 102
Trd, 4318241.993, 80
Trd, 4318242.493, 98
Trd, 4318243.693, 96
Trd, 4318245.193, 98
Trd, 4318246.893, 106
Trd, 4318248.043, 103
Trd, 4318249.493, 102
Trd, 4318250.343, 100
Trd, 4318251.293, 102
Trd, 4318251.443, 100
Trd, 4318251.793, 94
Trd, 4318252.393, 104
Trd, 4318253.943, 102
Trd, 4318254.743, 95
Trd, 4318257.093, 100
Trd, 4318260.393, 100
Trd, 4318261.843, 99
Trd, 4318262.093, 98
Trd, 4318263.893, 97
Trd, 4318265.193, 98
Trd, 4318266.093, 103
Trd, 4318269.743, 98
Trd, 4318269.893, 96
Trd, 4318270.843, 94
Trd, 4318271.743, 99
Trd, 4318272.493, 99
Trd, 4318274.793, 97
Trd, 4318276.743, 96
Trd, 4318277.443, 96
Trd, 4318277.943, 95
Trd, 4318278.443, 98
Trd, 4318281.843, 95
Trd, 4318282.493, 98
Trd, 4318283.743, 94
Trd, 4318285.143, 97
Trd, 4318286.543, 95
Trd, 4318289.143, 97
Trd, 4318290.693, 94
Trd, 4318290.843, 93
Trd, 4318295.293, 93
Trd, 4318297.293, 92
Trd, 4318297.493, 96
Trd, 4318298.893, 95
Trd, 4318300.293, 102
Trd, 4318300.793, 97
Trd, 4318304.743, 97
Trd, 4318305.993, 96
Trd, 4318306.593, 97
Trd, 4318308.843, 95
Trd, 4318309.593, 97
Trd, 4318311.743, 95
Trd, 4318312.843, 94
Trd, 4318315.743, 97
Trd, 4318315.793, 97
Trd, 4318318.493, 94
Trd, 4318319.143, 94
Trd, 4318319.443, 94
Trd, 4318322.243, 93
Trd, 4318323.243, 92
Trd, 4318326.143, 92
Trd, 4318326.743, 95
Trd, 4318330.343, 94
Trd, 4318330.893, 95
Trd, 4318332.493, 95
Trd, 4318332.693, 91
Trd, 4318333.643, 91
Trd, 4318335.393, 95
Trd, 4318335.693, 95
Trd, 4318339.343, 97
Trd, 4318339.543, 96
Trd, 4318340.743, 95
Trd, 4318341.093, 94
Trd, 4318344.493, 96
Trd, 4318344.843, 96
Trd, 4318345.093, 93
Trd, 4318345.743, 73
Trd, 4318347.493, 96
Trd, 4318349.043, 96
Trd, 4318350.543, 90
Trd, 4318351.343, 90
Trd, 4318354.893, 94
Trd, 4318355.493, 89
Trd, 4318356.593, 95
Trd, 4318356.693, 89
Trd, 4318361.393, 94
Trd, 4318363.493, 92
Trd, 4318366.493, 90
Trd, 4318368.343, 93
Trd, 4318368.493, 90
Trd, 4318370.493, 93
Trd, 4318372.093, 90
Trd, 4318375.093, 93
Trd, 4318375.493, 90
Trd, 4318375.793, 90
Trd, 4318379.143, 90
Trd, 4318380.943, 90
Trd, 4318382.443, 89
Trd, 4318383.393, 89
Trd, 4318385.693, 88
Trd, 4318387.793, 90
Trd, 4318387.943, 104
Trd, 4318388.893, 88
Trd, 4318392.843, 92
Trd, 4318394.793, 87
Trd, 4318394.843, 92
Trd, 4318395.943, 89
Trd, 4318398.393, 87
Trd, 4318398.743, 86
Trd, 4318401.243, 86
Trd, 4318402.443, 85
Trd, 4318403.893, 90
Trd, 4318404.443, 84
Trd, 4318405.843, 90
Trd, 4318408.143, 90
Trd, 4318411.443, 90
Trd, 4318411.593, 85
Trd, 4318413.593, 84
Trd, 4318416.993, 90
Trd, 4318419.043, 83
Trd, 4318419.393, 83
Trd, 4318421.843, 90
Trd, 4318424.143, 83
Trd, 4318424.743, 90
Trd, 4318431.093, 83
Trd, 4318431.693, 89
Trd, 4318432.093, 83
Trd, 4318432.893, 83
Trd, 4318435.393, 83
Trd, 4318437.993, 87
Trd, 4318438.143, 84
Trd, 4318438.193, 87
Trd, 4318439.993, 83
Trd, 4318441.293, 82
Trd, 4318441.943, 87
Trd, 4318443.743, 82
Trd, 4318445.193, 87
Trd, 4318446.993, 81
Trd, 4318450.493, 81
Trd, 4318451.193, 86
Trd, 4318452.543, 80
Trd, 4318452.943, 86
Trd, 4318453.343, 104
Trd, 4318454.943, 79
Trd, 4318456.293, 89
Trd, 4318459.243, 84
Trd, 4318462.443, 88
Trd, 4318463.043, 83
Trd, 4318463.243, 83
Trd, 4318466.693, 88
Trd, 4318467.793, 88
Trd, 4318468.643, 88
Trd, 4318468.843, 82
Trd, 4318470.843, 83
Trd, 4318471.593, 95
Trd, 4318471.643, 83
Trd, 4318472.593, 86
Trd, 4318474.443, 89
Trd, 4318477.843, 88
Trd, 4318477.943, 86
Trd, 4318479.443, 85
Trd, 4318482.293, 84
Trd, 4318483.493, 87
Trd, 4318484.343, 83
Trd, 4318487.243, 94
Trd, 4318487.793, 90
Trd, 4318489.393, 94
Trd, 4318491.143, 94
Trd, 4318491.843, 94
Trd, 4318493.343, 94
Trd, 4318493.743, 94
Trd, 4318495.793, 94
Trd, 4318496.993, 93
Trd, 4318498.143, 93
Trd, 4318500.743, 92
Trd, 4318501.693, 99
Trd, 4318501.993, 97
Trd, 4318505.443, 98
Trd, 4318506.193, 97
Trd, 4318506.493, 94
Trd, 4318508.443, 96
Trd, 4318509.293, 96
Trd, 4318511.343, 95
Trd, 4318516.993, 95
Trd, 4318517.643, 96
Trd, 4318518.543, 95
Trd, 4318518.693, 96
Trd, 4318520.693, 96
Trd, 4318521.443, 94
Trd, 4318523.993, 93
Trd, 4318525.443, 93
Trd, 4318526.993, 96
Trd, 4318529.843, 97
Trd, 4318530.093, 92
Trd, 4318531.693, 96
Trd, 4318532.243, 91
Trd, 4318533.893, 91
Trd, 4318534.293, 91
Trd, 4318537.793, 96
Trd, 4318537.993, 91
Trd, 4318541.443, 95
Trd, 4318541.843, 92
Trd, 4318543.793, 95
Trd, 4318543.943, 92
Trd, 4318545.793, 91
Trd, 4318547.693, 94
Trd, 4318548.443, 90
Trd, 4318550.193, 94
Trd, 4318550.293, 89
Trd, 4318551.893, 94
Trd, 4318553.693, 88
Trd, 4318554.243, 96
Trd, 4318555.843, 92
Trd, 4318559.693, 95
Trd, 4318559.843, 95
Trd, 4318566.143, 93
Trd, 4318566.293, 94
Trd, 4318567.593, 93
Trd, 4318568.893, 92
Trd, 4318569.393, 94
Trd, 4318571.593, 104
Trd, 4318571.743, 101
Trd, 4318572.743, 97
Trd, 4318573.343, 106
Trd, 4318573.393, 105
Trd, 4318573.893, 105
Trd, 4318577.843, 94
Trd, 4318577.893, 99
Trd, 4318580.493, 100
Trd, 4318581.043, 77
Trd, 4318583.693, 98
Trd, 4318584.743, 100
Trd, 4318585.843, 100
Trd, 4318586.643, 101
Trd, 4318588.593, 99
Trd, 4318589.593, 99
Trd, 4318590.193, 97
Trd, 4318590.943, 94
Trd, 4318594.693, 100
Trd, 4318595.243, 96
Trd, 4318597.143, 96
Trd, 4318600.243, 100
Trd, 4318601.043, 97
Trd, 4318602.543, 100
Trd, 4318604.043, 99
Trd, 4318605.193, 99
Trd, 4318606.893, 98
Trd, 4318607.793, 97
Trd, 4318609.993, 96
Trd, 4318611.293, 94
Trd, 4318613.793, 98
Trd, 4318614.393, 96
Trd, 4318618.243, 95
Trd, 4318620.693, 98
Trd, 4318621.693, 95
Trd, 4318622.543, 94
Trd, 4318623.143, 93
Trd, 4318624.743, 92
Trd, 4318624.993, 97
Trd, 4318626.893, 91
Trd, 4318627.143, 92
Trd, 4318627.893, 90
Trd, 4318629.843, 92
Trd, 4318630.043, 91
Trd, 4318632.643, 92
Trd, 4318633.343, 91
Trd, 4318635.893, 92
Trd, 4318637.343, 92
Trd, 4318638.943, 91
Trd, 4318640.893, 90
Trd, 4318640.993, 92
Trd, 4318644.643, 118
Trd, 4318645.043, 106
Trd, 4318646.143, 106
Trd, 4318647.093, 104
Trd, 4318648.143, 104
Trd, 4318648.343, 94
Trd, 4318648.543, 105
Trd, 4318651.043, 100
Trd, 4318651.343, 100
Trd, 4318654.293, 101
Trd, 4318655.243, 99
Trd, 4318660.793, 100
Trd, 4318661.243, 99
Trd, 4318662.043, 97
Trd, 4318666.043, 97
Trd, 4318666.743, 97
Trd, 4318668.193, 100
Trd, 4318671.443, 99
Trd, 4318671.493, 100
Trd, 4318672.943, 98
Trd, 4318675.393, 97
Trd, 4318677.493, 97
Trd, 4318679.393, 96
Trd, 4318682.043, 95
Trd, 4318683.143, 94
Trd, 4318683.593, 100
Trd, 4318685.043, 99
Trd, 4318687.693, 104
Trd, 4318688.743, 110
Trd, 4318689.043, 106
Trd, 4318689.743, 110
Trd, 4318690.393, 104
Trd, 4318691.943, 109
Trd, 4318692.293, 94
Trd, 4318694.193, 85
Trd, 4318694.793, 87
Trd, 4318695.543, 92
Trd, 4318697.593, 106
Trd, 4318698.193, 94
Trd, 4318699.893, 95
Trd, 4318699.943, 94
Trd, 4318700.643, 93
Trd, 4318700.943, 100
Trd, 4318703.243, 102
Trd, 4318703.793, 101
Trd, 4318705.543, 103
Trd, 4318706.293, 74
Trd, 4318706.493, 102
Trd, 4318707.893, 97
Trd, 4318709.243, 96
Trd, 4318711.443, 99
Trd, 4318711.993, 101
Trd, 4318713.393, 79
Trd, 4318713.943, 95
Trd, 4318713.993, 95
Trd, 4318714.793, 80
Trd, 4318715.943, 105
Trd, 4318718.593, 104
Trd, 4318718.693, 102
Trd, 4318719.143, 95
Trd, 4318722.493, 103
Trd, 4318722.993, 96
Trd, 4318724.243, 101
Trd, 4318724.943, 94
Trd, 4318726.043, 101
Trd, 4318728.093, 100
Trd, 4318729.443, 99
Trd, 4318731.943, 99
Trd, 4318732.443, 99
Trd, 4318732.493, 101
Trd, 4318735.293, 99
Trd, 4318735.893, 97
Trd, 4318737.593, 97
Trd, 4318739.743, 96
Trd, 4318739.843, 96
Trd, 4318745.143, 95
Trd, 4318745.243, 99
Trd, 4318745.343, 95
Trd, 4318749.793, 95
Trd, 4318750.693, 95
Trd, 4318750.843, 98
Trd, 4318753.493, 102
Trd, 4318755.293, 102
Trd, 4318756.293, 101
Trd, 4318757.193, 101
Trd, 4318757.443, 97
Trd, 4318758.043, 94
Trd, 4318760.193, 102
Trd, 4318761.993, 100
Trd, 4318764.993, 96
Trd, 4318765.493, 93
Trd, 4318765.593, 77
Trd, 4318765.743, 94
Trd, 4318770.293, 103
Trd, 4318771.543, 97
Trd, 4318771.643, 97
Trd, 4318774.243, 96
Trd, 4318774.493, 96
Trd, 4318775.543, 95
Trd, 4318775.993, 95
Trd, 4318776.593, 97
Trd, 4318777.643, 94
Trd, 4318780.143, 96
Trd, 4318781.843, 94
Trd, 4318784.693, 93
Trd, 4318787.243, 95
Trd, 4318787.493, 92
Trd, 4318789.493, 91
Trd, 4318796.343, 92
Trd, 4318797.993, 90
Trd, 4318798.893, 93
Trd, 4318800.093, 89
Trd, 4318800.543, 93
Trd, 4318802.643, 110
Trd, 4318805.793, 94
Trd, 4318806.793, 94
Trd, 4318807.593, 93
Trd, 4318809.043, 95
Trd, 4318811.593, 95
Trd, 4318812.593, 93
Trd, 4318813.643, 92
Trd, 4318814.043, 95
Trd, 4318817.193, 92
Trd, 4318821.993, 93
Trd, 4318823.193, 92
Trd, 4318826.593, 94
Trd, 4318827.493, 91
Trd, 4318829.343, 94
Trd, 4318829.593, 91
Trd, 4318830.143, 95
Trd, 4318833.193, 91
Trd, 4318835.593, 91
Trd, 4318836.243, 91
Trd, 4318837.593, 94
Trd, 4318838.893, 94
Trd, 4318841.193, 93
Trd, 4318842.793, 90
Trd, 4318843.293, 90
Trd, 4318845.093, 92
Trd, 4318846.143, 89
Trd, 4318846.493, 92
Trd, 4318846.943, 89
Trd, 4318850.843, 88
Trd, 4318851.293, 92
Trd, 4318851.743, 87
Trd, 4318854.493, 86
Trd, 4318857.193, 92
Trd, 4318858.743, 88
Trd, 4318859.443, 86
Trd, 4318862.443, 86
Trd, 4318863.293, 89
Trd, 4318865.843, 85
Trd, 4318868.293, 89
Trd, 4318870.093, 88
Trd, 4318872.593, 87
Trd, 4318874.643, 84
Trd, 4318874.743, 84
Trd, 4318876.793, 85
Trd, 4318877.143, 84
Trd, 4318879.243, 86
Trd, 4318880.093, 84
Trd, 4318882.143, 98
Trd, 4318882.743, 92
Trd, 4318883.343, 91
Trd, 4318884.893, 104
Trd, 4318885.143, 94
Trd, 4318885.393, 95
Trd, 4318886.843, 92
Trd, 4318888.843, 91
Trd, 4318891.143, 91
Trd, 4318891.343, 90
Trd, 4318893.043, 103
Trd, 4318896.893, 97
Trd, 4318898.393, 98
Trd, 4318898.743, 94
Trd, 4318899.143, 92
Trd, 4318900.693, 95
Trd, 4318903.343, 94
Trd, 4318905.893, 96
Trd, 4318907.693, 94
Trd, 4318908.193, 93
Trd, 4318908.493, 95
Trd, 4318910.293, 92
Trd, 4318911.893, 95
Trd, 4318914.693, 92
Trd, 4318915.293, 95
Trd, 4318917.393, 90
Trd, 4318919.093, 91
Trd, 4318919.443, 95
Trd, 4318920.643, 90
Trd, 4318923.143, 93
Trd, 4318924.393, 93
Trd, 4318924.543, 89
Trd, 4318926.743, 89
Trd, 4318927.393, 89
Trd, 4318931.393, 92
Trd, 4318932.143, 88
Trd, 4318934.293, 89
Trd, 4318934.643, 90
Trd, 4318936.693, 90
Trd, 4318936.793, 89
Trd, 4318937.793, 89
Trd, 4318939.943, 101
Trd, 4318940.393, 89
Trd, 4318941.243, 91
Trd, 4318944.443, 90
Trd, 4318944.493, 91
Trd, 4318946.093, 89
Trd, 4318946.943, 91
Trd, 4318948.543, 81
Trd, 4318949.393, 88
Trd, 4318950.743, 90
Trd, 4318953.193, 90
Trd, 4318953.593, 91
Trd, 4318954.743, 94
Trd, 4318956.393, 94
Trd, 4318958.993, 98
Trd, 4318959.993, 98
Trd, 4318961.193, 104
Trd, 4318961.643, 98
Trd, 4318963.493, 104
Trd, 4318964.393, 104
Trd, 4318965.393, 104
Trd, 4318966.993, 103
Trd, 4318968.893, 103
Trd, 4318971.293, 102
Trd, 4318972.093, 101
Trd, 4318973.943, 100
Trd, 4318975.593, 94
Trd, 4318977.293, 101
Trd, 4318978.343, 100
Trd, 4318979.393, 101
Trd, 4318981.293, 98
Trd, 4318981.643, 100
Trd, 4318983.043, 98
Trd, 4318985.593, 99
Trd, 4318987.243, 100
Trd, 4318987.793, 101
Trd, 4318988.593, 104
Trd, 4318989.043, 103
Trd, 4318989.093, 103
Trd, 4318990.593, 79
Trd, 4318994.343, 97
Trd, 4318994.393, 93
Trd, 4318994.843, 83
Trd, 4318994.943, 100
Trd, 4318995.793, 96
Trd, 4318997.543, 96
Trd, 4318998.443, 104
Trd, 4318999.093, 94
Trd, 4319001.193, 96
Trd, 4319002.993, 97
Trd, 4319003.443, 98
Trd, 4319006.193, 94
Trd, 4319007.343, 98
Trd, 4319009.193, 96
Trd, 4319009.893, 98
Trd, 4319010.243, 104
Trd, 4319010.443, 97
Trd, 4319013.343, 101
Trd, 4319013.843, 100
Trd, 4319016.693, 99
Trd, 4319016.843, 96
Trd, 4319017.593, 96
Trd, 4319021.493, 99
Trd, 4319021.993, 97
Trd, 4319023.393, 99
Trd, 4319023.843, 96
Trd, 4319030.543, 99
Trd, 4319031.693, 95
Trd, 4319033.093, 94
Trd, 4319033.443, 99
Trd, 4319038.293, 95
Trd, 4319038.793, 97
Trd, 4319040.093, 98
Trd, 4319041.543, 95
Trd, 4319043.443, 94
Trd, 4319045.143, 94
Trd, 4319046.543, 97
Trd, 4319046.993, 95
Trd, 4319049.493, 95
Trd, 4319050.193, 94
Trd, 4319050.943, 94
Trd, 4319054.693, 94
Trd, 4319056.243, 95
Trd, 4319058.643, 93
Trd, 4319059.943, 93
Trd, 4319060.243, 95
Trd, 4319060.293, 92
Trd, 4319064.093, 92
Trd, 4319065.093, 96
Trd, 4319066.643, 104
Trd, 4319067.293, 101
Trd, 4319067.993, 96
Trd, 4319070.043, 100
Trd, 4319071.493, 98
Trd, 4319073.593, 97
Trd, 4319075.543, 97
Trd, 4319077.493, 99
Trd, 4319078.543, 98
Trd, 4319079.943, 97
Trd, 4319080.943, 97
Trd, 4319081.893, 97
Trd, 4319084.893, 96
Trd, 4319086.843, 95
Trd, 4319088.043, 97
Trd, 4319089.743, 98
Trd, 4319090.043, 94
Trd, 4319091.693, 94
Trd, 4319093.393, 98
Trd, 4319096.743, 98
Trd, 4319097.193, 93
Trd, 4319097.743, 93
Trd, 4319099.743, 92
Trd, 4319100.893, 114
Trd, 4319102.793, 99
Trd, 4319102.993, 97
Trd, 4319104.243, 97
Trd, 4319107.943, 98
Trd, 4319110.493, 98
Trd, 4319112.193, 99
Trd, 4319113.943, 100
Trd, 4319114.143, 95
Trd, 4319116.593, 94
Trd, 4319119.693, 99
Trd, 4319122.343, 99
Trd, 4319122.493, 97
Trd, 4319122.593, 100
Trd, 4319123.543, 97
Trd, 4319124.843, 96
Trd, 4319126.643, 96
Trd, 4319130.693, 99
Trd, 4319130.893, 95
Trd, 4319131.593, 99
Trd, 4319134.893, 94
Trd, 4319135.293, 94
Trd, 4319135.593, 97
Trd, 4319139.443, 96
Trd, 4319143.043, 96
Trd, 4319143.343, 93
Trd, 4319146.143, 93
Trd, 4319148.393, 94
Trd, 4319150.743, 93
Trd, 4319150.893, 94
Trd, 4319151.493, 104
Trd, 4319151.993, 91
Trd, 4319155.593, 96
Trd, 4319155.693, 96
Trd, 4319157.543, 96
Trd, 4319158.243, 95
Trd, 4319158.993, 94
Trd, 4319160.093, 93
Trd, 4319163.093, 96
Trd, 4319163.643, 93
Trd, 4319167.643, 93
Trd, 4319167.943, 92
Trd, 4319169.843, 102
Trd, 4319172.193, 94
Trd, 4319173.243, 95
Trd, 4319173.343, 94
Trd, 4319174.793, 102
Trd, 4319175.693, 79
Trd, 4319175.993, 74
Trd, 4319178.393, 90
Trd, 4319178.993, 93
Trd, 4319179.593, 92
Trd, 4319183.243, 92
Trd, 4319183.743, 89
Trd, 4319184.843, 88
Trd, 4319189.193, 88
Trd, 4319189.543, 88
Trd, 4319189.793, 91
Trd, 4319189.843, 95
Trd, 4319190.193, 87
Trd, 4319191.943, 86
Trd, 4319195.693, 89
Trd, 4319196.443, 89
Trd, 4319198.993, 89
Trd, 4319199.943, 85
Trd, 4319200.393, 85
Trd, 4319201.543, 84
Trd, 4319203.493, 84
Trd, 4319206.193, 88
Trd, 4319206.843, 100
Trd, 4319209.243, 87
Trd, 4319209.893, 86
Trd, 4319214.893, 86
Trd, 4319214.993, 85
Trd, 4319215.293, 88
Trd, 4319216.993, 88
Trd, 4319217.043, 84
Trd, 4319217.443, 87
Trd, 4319218.493, 105
Trd, 4319220.793, 88
Trd, 4319223.343, 91
Trd, 4319223.443, 89
Trd, 4319226.493, 90
Trd, 4319228.193, 91
Trd, 4319230.843, 89
Trd, 4319233.093, 91
Trd, 4319233.643, 88
Trd, 4319235.093, 91
Trd, 4319236.443, 89
Trd, 4319238.843, 88
Trd, 4319241.293, 92
Trd, 4319242.543, 90
Trd, 4319243.843, 94
Trd, 4319245.693, 92
Trd, 4319246.393, 93
Trd, 4319249.043, 92
Trd, 4319249.443, 91
Trd, 4319251.643, 92
Trd, 4319251.743, 90
Trd, 4319252.643, 92
Trd, 4319253.893, 96
Trd, 4319257.743, 95
Trd, 4319258.593, 95
Trd, 4319259.393, 94
Trd, 4319259.443, 94
Trd, 4319260.193, 105
Trd, 4319261.243, 87
Trd, 4319263.693, 93
Trd, 4319265.643, 95
Trd, 4319266.493, 93
Trd, 4319269.293, 92
Trd, 4319271.543, 91
Trd, 4319271.893, 91
Trd, 4319272.443, 90
Trd, 4319274.643, 95
Trd, 4319277.143, 92
Trd, 4319279.143, 95
Trd, 4319282.043, 91
Trd, 4319283.993, 91
Trd, 4319286.343, 91
Trd, 4319288.193, 90
Trd, 4319288.443, 95
Trd, 4319289.693, 93
Trd, 4319292.543, 92
Trd, 4319294.643, 91
Trd, 4319294.843, 89
Trd, 4319297.443, 93
Trd, 4319300.343, 91
Trd, 4319301.393, 96
Trd, 4319302.143, 96
Trd, 4319302.293, 99
Trd, 4319304.193, 95
Trd, 4319305.343, 97
Trd, 4319307.343, 97
Trd, 4319307.843, 97
Trd, 4319309.793, 101
Trd, 4319309.993, 96
Trd, 4319313.593, 98
Trd, 4319313.643, 97
Trd, 4319314.743, 98
Trd, 4319314.943, 96
Trd, 4319315.743, 97
Trd, 4319317.943, 95
Trd, 4319318.693, 94
Trd, 4319322.643, 95
Trd, 4319322.893, 93
Trd, 4319324.293, 93
Trd, 4319324.543, 95
Trd, 4319332.093, 93
Trd, 4319332.493, 95
Trd, 4319332.543, 93
Trd, 4319336.293, 95
Trd, 4319336.643, 92
Trd, 4319336.943, 95
Trd, 4319338.693, 92
Trd, 4319340.193, 91
Trd, 4319342.393, 93
Trd, 4319343.393, 93
Trd, 4319345.593, 102
Trd, 4319347.443, 98
Trd, 4319347.693, 98
Trd, 4319350.693, 101
Trd, 4319350.943, 97
Trd, 4319354.943, 98
Trd, 4319354.993, 97
Trd, 4319355.993, 94
Trd, 4319357.093, 102
Trd, 4319358.893, 81
Trd, 4319361.943, 106
Trd, 4319362.243, 93
Trd, 4319362.593, 79
Trd, 4319363.643, 94
Trd, 4319364.593, 93
Trd, 4319365.593, 96
Trd, 4319367.293, 95
Trd, 4319368.893, 99
Trd, 4319370.643, 99
Trd, 4319370.943, 97
Trd, 4319371.693, 102
Trd, 4319372.043, 97
Trd, 4319372.243, 79
Trd, 4319374.393, 93
Trd, 4319377.293, 93
Trd, 4319379.193, 93
Trd, 4319379.993, 92
Trd, 4319384.543, 96
Trd, 4319385.143, 92
Trd, 4319386.493, 96
Trd, 4319387.043, 93
Trd, 4319391.143, 94
Trd, 4319393.843, 93
Trd, 4319395.343, 93
Trd, 4319397.443, 96
Trd, 4319399.243, 92
Trd, 4319399.793, 91
Trd, 4319400.093, 91
Trd, 4319401.193, 96
Trd, 4319401.593, 95
Trd, 4319404.843, 95
Trd, 4319405.193, 96
Trd, 4319407.143, 91
Trd, 4319408.393, 90
Trd, 4319411.943, 91
Trd, 4319412.343, 95
Trd, 4319412.443, 95
Trd, 4319412.593, 90
Trd, 4319416.843, 95
Trd, 4319416.943, 90
Trd, 4319421.343, 90
Trd, 4319421.393, 94
Trd, 4319421.893, 89
Trd, 4319425.943, 89
Trd, 4319427.043, 88
Trd, 4319427.643, 91
Trd, 4319430.793, 87
Trd, 4319430.893, 91
Trd, 4319433.643, 104
Trd, 4319434.343, 87
Trd, 4319434.893, 97
Trd, 4319435.043, 96
Trd, 4319436.243, 94
Trd, 4319437.743, 94
Trd, 4319438.893, 101
Trd, 4319441.343, 102
Trd, 4319441.543, 101
Trd, 4319442.143, 102
Trd, 4319442.293, 94
Trd, 4319444.393, 99
Trd, 4319445.043, 98
Trd, 4319449.093, 99
Trd, 4319449.443, 99
Trd, 4319450.093, 98
Trd, 4319450.993, 97
Trd, 4319456.043, 96
Trd, 4319457.493, 95
Trd, 4319461.993, 94
Trd, 4319462.843, 93
Trd, 4319463.343, 104
Trd, 4319465.243, 102
Trd, 4319467.643, 100
Trd, 4319467.843, 99
Trd, 4319468.393, 99
Trd, 4319468.893, 94
Trd, 4319469.993, 101
Trd, 4319471.043, 98
Trd, 4319472.043, 97
Trd, 4319473.793, 102
Trd, 4319476.693, 97
Trd, 4319477.743, 100
Trd, 4319480.493, 96
Trd, 4319482.693, 99
Trd, 4319482.993, 95
Trd, 4319483.093, 94
Trd, 4319484.443, 99
Trd, 4319488.443, 94
Trd, 4319489.893, 98
Trd, 4319490.493, 95
Trd, 4319492.043, 98
Trd, 4319492.093, 98
Trd, 4319494.893, 94
Trd, 4319496.043, 94
Trd, 4319498.593, 94
Trd, 4319499.543, 97
Trd, 4319501.893, 93
Trd, 4319503.693, 93
Trd, 4319504.193, 96
Trd, 4319507.093, 92
Trd, 4319507.593, 92
Trd, 4319509.843, 95
Trd, 4319509.993, 95
Trd, 4319511.143, 92
Trd, 4319514.743, 93
Trd, 4319517.143, 92
Trd, 4319517.893, 95
Trd, 4319520.093, 93
Trd, 4319522.343, 95
Trd, 4319522.743, 92
Trd, 4319526.693, 94
Trd, 4319527.743, 96
Trd, 4319528.393, 94
Trd, 4319529.343, 94
Trd, 4319530.593, 104
Trd, 4319533.493, 93
Trd, 4319534.943, 92
Trd, 4319536.443, 93
Trd, 4319537.193, 95
Trd, 4319541.143, 93
Trd, 4319543.093, 92
Trd, 4319545.243, 91
Trd, 4319547.693, 93
Trd, 4319549.193, 92
Trd, 4319550.443, 91
Trd, 4319552.143, 90
Trd, 4319553.643, 89
Trd, 4319555.893, 92
Trd, 4319559.643, 91
Trd, 4319561.343, 89
Trd, 4319561.643, 88
Trd, 4319565.293, 90
Trd, 4319566.743, 90
Trd, 4319566.793, 88
Trd, 4319568.193, 91
Trd, 4319570.043, 88
Trd, 4319570.143, 87
Trd, 4319571.893, 91
Trd, 4319573.993, 89
Trd, 4319575.293, 88
Trd, 4319575.593, 91
Trd, 4319576.443, 95
Trd, 4319577.943, 92
Trd, 4319578.443, 91
Trd, 4319580.193, 91
Trd, 4319581.093, 92
Trd, 4319584.393, 94
Trd, 4319585.143, 98
Trd, 4319586.043, 104
Trd, 4319587.643, 103
Trd, 4319588.043, 107
Trd, 4319588.493, 106
Trd, 4319590.143, 106
Trd, 4319591.793, 101
Trd, 4319592.893, 102
Trd, 4319592.943, 94
Trd, 4319593.643, 101
Trd, 4319594.493, 105
Trd, 4319594.593, 99
Trd, 4319595.893, 95
Trd, 4319598.043, 99
Trd, 4319599.393, 98
Trd, 4319600.143, 83
Trd, 4319601.293, 94
Trd, 4319604.193, 93
Trd, 4319606.093, 93
Trd, 4319607.943, 92
Trd, 4319609.093, 92
Trd, 4319609.493, 96
Trd, 4319611.143, 102
Trd, 4319611.643, 99
Trd, 4319611.693, 98
Trd, 4319614.193, 99
Trd, 4319615.743, 99
Trd, 4319616.343, 94
Trd, 4319617.143, 97
Trd, 4319621.693, 96
Trd, 4319622.393, 97
Trd, 4319622.593, 98
Trd, 4319623.043, 95
Trd, 4319625.443, 94
Trd, 4319625.843, 93
Trd, 4319628.393, 98
Trd, 4319628.943, 92
Trd, 4319630.743, 91
Trd, 4319632.943, 98
Trd, 4319635.343, 98
Trd, 4319635.693, 102
Trd, 4319636.243, 94
Trd, 4319640.943, 100
Trd, 4319641.493, 95
Trd, 4319642.793, 94
Trd, 4319645.593, 99
Trd, 4319647.943, 93
Trd, 4319648.793, 99
Trd, 4319650.193, 93
Trd, 4319650.693, 104
Trd, 4319652.143, 99
Trd, 4319653.743, 99
Trd, 4319653.843, 92
Trd, 4319654.793, 93
Trd, 4319656.693, 99
Trd, 4319658.093, 99
Trd, 4319658.343, 98
Trd, 4319658.793, 104
Trd, 4319660.093, 95
Trd, 4319661.293, 97
Trd, 4319663.893, 96
Trd, 4319664.493, 100
Trd, 4319664.943, 100
Trd, 4319666.543, 95
Trd, 4319667.243, 97
Trd, 4319672.243, 99
Trd, 4319672.543, 97
Trd, 4319673.743, 96
Trd, 4319676.993, 97
Trd, 4319678.793, 96
Trd, 4319680.743, 99
Trd, 4319682.143, 95
Trd, 4319682.293, 99
Trd, 4319684.093, 94
Trd, 4319684.293, 99
Trd, 4319684.593, 94
Trd, 4319688.893, 101
Trd, 4319689.493, 104
Trd, 4319690.243, 107
Trd, 4319691.093, 103
Trd, 4319692.443, 105
Trd, 4319692.493, 94
Trd, 4319692.943, 95
Trd, 4319693.593, 79
Trd, 4319694.743, 96
Trd, 4319697.393, 95
Trd, 4319697.493, 95
Trd, 4319699.193, 102
Trd, 4319699.893, 86
Trd, 4319704.243, 95
Trd, 4319704.443, 96
Trd, 4319704.793, 95
Trd, 4319704.993, 94
Trd, 4319707.593, 96
Trd, 4319708.593, 100
Trd, 4319710.293, 94
Trd, 4319712.693, 93
Trd, 4319714.793, 96
Trd, 4319714.893, 92
Trd, 4319715.643, 96
Trd, 4319719.193, 91
Trd, 4319719.293, 95
Trd, 4319719.593, 91
Trd, 4319723.543, 94
Trd, 4319724.043, 94
Trd, 4319724.543, 90
Trd, 4319724.893, 94
Trd, 4319725.943, 89
Trd, 4319728.543, 103
Trd, 4319728.643, 104
Trd, 4319728.793, 98
Trd, 4319733.693, 99
Trd, 4319733.893, 97
Trd, 4319735.243, 97
Trd, 4319735.343, 96
Trd, 4319736.743, 84
Trd, 4319738.443, 92
Trd, 4319740.443, 93
Trd, 4319741.393, 92
Trd, 4319742.893, 91
Trd, 4319745.043, 96
Trd, 4319745.193, 93
Trd, 4319745.243, 104
Trd, 4319746.343, 93
Trd, 4319747.893, 93
Trd, 4319750.393, 98
Trd, 4319751.143, 97
Trd, 4319752.293, 97
Trd, 4319753.993, 96
Trd, 4319754.343, 98
Trd, 4319758.143, 97
Trd, 4319759.643, 93
Trd, 4319759.743, 79
Trd, 4319760.093, 94
Trd, 4319761.743, 90
Trd, 4319763.793, 92
Trd, 4319765.093, 92
Trd, 4319765.643, 91
Trd, 4319767.843, 90
Trd, 4319769.743, 92
Trd, 4319773.393, 92
Trd, 4319773.443, 91
Trd, 4319775.543, 104
Trd, 4319775.893, 96
Trd, 4319776.043, 94
Trd, 4319777.093, 95
Trd, 4319777.143, 95
Trd, 4319779.693, 94
Trd, 4319779.793, 94
Trd, 4319780.893, 97
Trd, 4319780.993, 93
Trd, 4319783.293, 100
Trd, 4319784.043, 99
Trd, 4319784.293, 97
Trd, 4319784.593, 94
Trd, 4319787.443, 97
Trd, 4319788.843, 98
Trd, 4319789.343, 93
Trd, 4319792.393, 95
Trd, 4319795.543, 94
Trd, 4319795.793, 94
Trd, 4319797.743, 96
Trd, 4319800.043, 93
Trd, 4319801.093, 93
Trd, 4319802.143, 95
Trd, 4319806.343, 93
Trd, 4319806.793, 95
Trd, 4319807.793, 95
Trd, 4319808.593, 92
Trd, 4319810.893, 92
Trd, 4319811.443, 94
Trd, 4319817.093, 93
Trd, 4319818.593, 92
Trd, 4319818.793, 94
Trd, 4319819.943, 92
Trd, 4319821.193, 91
Trd, 4319823.393, 95
Trd, 4319824.993, 94
Trd, 4319825.243, 95
Trd, 4319826.943, 91
Trd, 4319828.043, 90
Trd, 4319829.043, 95
Trd, 4319832.343, 92
Trd, 4319833.243, 91
Trd, 4319833.543, 95
Trd, 4319833.993, 90
Trd, 4319834.243, 95
Trd, 4319839.893, 95
Trd, 4319840.093, 95
Trd, 4319840.793, 91
Trd, 4319842.893, 90
Trd, 4319844.493, 96
Trd, 4319846.143, 89
Trd, 4319847.293, 89
Trd, 4319849.743, 94
Trd, 4319850.243, 88
Trd, 4319852.243, 90
Trd, 4319853.543, 89
Trd, 4319855.493, 90
Trd, 4319855.543, 94
Trd, 4319859.593, 92
Trd, 4319860.443, 93
Trd, 4319862.693, 88
Trd, 4319863.043, 88
Trd, 4319865.393, 87
Trd, 4319865.993, 86
Trd, 4319867.593, 92
Trd, 4319870.593, 91
Trd, 4319872.143, 89
Trd, 4319872.793, 88
Trd, 4319874.993, 91
Trd, 4319875.143, 89
Trd, 4319876.143, 91
Trd, 4319881.393, 89
Trd, 4319882.843, 91
Trd, 4319884.243, 91
Trd, 4319884.793, 88
Trd, 4319886.543, 101
Trd, 4319886.993, 93
Trd, 4319887.343, 93
Trd, 4319888.143, 93
Trd, 4319889.343, 85
Trd, 4319890.043, 90
Trd, 4319891.743, 91
Trd, 4319892.893, 88
Trd, 4319893.943, 91
Trd, 4319896.293, 89
Trd, 4319896.493, 90
Trd, 4319897.693, 72
Trd, 4319898.493, 87
Trd, 4319899.593, 87
Trd, 4319901.443, 96
Trd, 4319901.493, 90
Trd, 4319901.893, 92
Trd, 4319907.093, 91
Trd, 4319908.493, 91
Trd, 4319909.293, 94
Trd, 4319911.193, 94
Trd, 4319911.393, 93
Trd, 4319912.493, 93
Trd, 4319913.093, 80
Trd, 4319914.993, 104
Trd, 4319915.443, 102
Trd, 4319915.543, 100
Trd, 4319917.193, 99
Trd, 4319917.743, 104
Trd, 4319918.493, 101
Trd, 4319920.443, 102
Trd, 4319921.943, 77
Trd, 4319922.243, 70
Trd, 4319923.943, 89
Trd, 4319924.843, 89
Trd, 4319925.293, 84
Trd, 4319925.743, 97
Trd, 4319925.793, 86
Trd, 4319932.543, 100
Trd, 4319933.343, 101
Trd, 4319934.493, 99
Trd, 4319935.193, 95
Trd, 4319936.843, 94
Trd, 4319938.043, 95
Trd, 4319938.343, 82
Trd, 4319942.143, 92
Trd, 4319942.243, 93
Trd, 4319942.393, 92
Trd, 4319943.493, 99
Trd, 4319944.093, 94
Trd, 4319947.743, 93
Trd, 4319948.443, 92
Trd, 4319953.493, 93
Trd, 4319953.643, 92
Trd, 4319954.793, 93
Trd, 4319955.793, 92
Trd, 4319958.893, 97
Trd, 4319962.593, 94
Trd, 4319964.043, 91
Trd, 4319964.443, 94
Trd, 4319964.843, 91
Trd, 4319967.193, 94
Trd, 4319970.093, 100
Trd, 4319970.843, 95
Trd, 4319971.443, 95
Trd, 4319972.593, 94
Trd, 4319973.093, 95
Trd, 4319973.993, 93
Trd, 4319976.793, 97
Trd, 4319978.143, 92
Trd, 4319979.993, 95
Trd, 4319980.493, 91
Trd, 4319980.843, 95
Trd, 4319983.743, 91
Trd, 4319985.643, 95
Trd, 4319987.143, 104
Trd, 4319987.193, 99
Trd, 4319989.143, 100
Trd, 4319989.493, 96
Trd, 4319989.693, 91
Trd, 4319992.043, 100
Trd, 4319992.693, 100
Trd, 4319992.843, 97
Trd, 4319993.243, 100
Trd, 4319994.893, 90
Trd, 4319997.993, 100
Trd, 4319998.093, 99
Trd, 4319999.043, 98
Trd, 4319999.593, 98
