Trd, 4317914.693, 104
Trd, 4317915.493, 102
Trd, 4317916.543, 104
Trd, 4317918.843, 102
Trd, 4317920.243, 102
Trd, 4317920.843, 101
Trd, 4317921.643, 104
Trd, 4317922.793, 108
Trd, 4317922.943, 104
Trd, 4317923.243, 91
Trd, 4317927.893, 100
Trd, 4317928.443, 108
Trd, 4317929.893, 102
Trd, 4317932.343, 86
Trd, 4317932.643, 100
Trd, 4317934.443, 99
Trd, 4317935.893, 106
Trd, 4317936.293, 93
Trd, 4317936.843, 91
Trd, 4317939.043, 81
Trd, 4317940.243, 98
Trd, 4317940.543, 98
Trd, 4317940.943, 106
Trd, 4317945.643, 89
Trd, 4317946.243, 98
Trd, 4317947.693, 104
Trd, 4317948.193, 88
Trd, 4317949.593, 106
Trd, 4317949.893, 100
Trd, 4317954.593, 100
Trd, 4317954.993, 96
Trd, 4317955.793, 102
Trd, 4317956.443, 104
Trd, 4317957.193, 101
Trd, 4317958.443, 103
Trd, 4317960.043, 102
Trd, 4317962.143, 98
Trd, 4317962.793, 102
Trd, 4317963.993, 86
Trd, 4317964.743, 102
Trd, 4317967.743, 102
Trd, 4317968.393, 95
Trd, 4317968.443, 104
Trd, 4317968.943, 102
Trd, 4317969.843, 94
Trd, 4317973.493, 102
Trd, 4317973.793, 102
Trd, 4317974.143, 104
Trd, 4317976.493, 105
Trd, 4317976.593, 95
Trd, 4317978.893, 100
Trd, 4317981.243, 92
Trd, 4317981.743, 100
Trd, 4317982.943, 94
Trd, 4317983.593, 105
Trd, 4317985.443, 93
Trd, 4317985.893, 99
Trd, 4317988.593, 99
Trd, 4317989.693, 86
Trd, 4317990.843, 92
Trd, 4317991.993, 99
Trd, 4317993.943, 92
Trd, 4317994.143, 106
Trd, 4317994.793, 102
Trd, 4317995.243, 102
Trd, 4317996.443, 113
Trd, 4317997.393, 90
Trd, 4317998.193, 111
Trd, 4318000.393, 102
Trd, 4318000.693, 99
Trd, 4318000.993, 90
Trd, 4318002.243, 84
Trd, 4318003.093, 99
Trd, 4318003.243, 76
Trd, 4318005.043, 88
Trd, 4318005.943, 98
Trd, 4318006.993, 98
Trd, 4318008.593, 105
Trd, 4318008.943, 103
Trd, 4318009.743, 99
Trd, 4318010.343, 120
Trd, 4318011.943, 103
Trd, 4318012.943, 91
Trd, 4318014.943, 97
Trd, 4318015.393, 98
Trd, 4318016.343, 97
Trd, 4318017.143, 96
Trd, 4318017.593, 104
Trd, 4318017.743, 94
Trd, 4318019.743, 83
Trd, 4318020.293, 100
Trd, 4318022.743, 104
Trd, 4318023.093, 110
Trd, 4318023.743, 103
Trd, 4318026.443, 102
Trd, 4318026.543, 92
Trd, 4318027.993, 102
Trd, 4318029.893, 105
Trd, 4318030.193, 102
Trd, 4318030.643, 102
Trd, 4318031.393, 113
Trd, 4318033.193, 104
Trd, 4318034.543, 99
Trd, 4318034.843, 118
Trd, 4318035.043, 113
Trd, 4318036.093, 108
Trd, 4318037.043, 106
Trd, 4318040.593, 91
Trd, 4318041.193, 105
Trd, 4318043.493, 102
Trd, 4318044.693, 103
Trd, 4318044.793, 101
Trd, 4318044.993, 105
Trd, 4318045.093, 94
Trd, 4318046.643, 103
Trd, 4318047.443, 101
Trd, 4318050.893, 103
Trd, 4318052.193, 99
Trd, 4318052.943, 102
Trd, 4318052.993, 106
Trd, 4318056.293, 102
Trd, 4318056.643, 93
Trd, 4318057.493, 106
Trd, 4318059.143, 100
Trd, 4318059.693, 97
Trd, 4318059.893, 101
Trd, 4318061.293, 113
Trd, 4318062.893, 92
Trd, 4318063.593, 104
Trd, 4318063.843, 103
Trd, 4318066.193, 105
Trd, 4318066.393, 117
Trd, 4318067.893, 98
Trd, 4318067.943, 106
Trd, 4318070.543, 103
Trd, 4318072.293, 97
Trd, 4318072.743, 100
Trd, 4318075.043, 98
Trd, 4318076.093, 102
Trd, 4318076.243, 104
Trd, 4318077.193, 98
Trd, 4318077.893, 102
Trd, 4318080.043, 104
Trd, 4318082.243, 99
Trd, 4318082.993, 103
Trd, 4318083.593, 101
Trd, 4318084.593, 77
Trd, 4318086.793, 99
Trd, 4318087.743, 100
Trd, 4318090.393, 103
Trd, 4318090.893, 101
Trd, 4318091.643, 102
Trd, 4318091.993, 104
Trd, 4318093.443, 96
Trd, 4318094.793, 98
Trd, 4318095.343, 98
Trd, 4318096.943, 98
Trd, 4318098.443, 98
Trd, 4318098.993, 92
Trd, 4318099.493, 92
Trd, 4318100.443, 98
Trd, 4318101.093, 104
Trd, 4318102.843, 91
Trd, 4318104.243, 100
Trd, 4318105.743, 82
Trd, 4318107.243, 89
Trd, 4318107.893, 96
Trd, 4318109.043, 97
Trd, 4318109.393, 105
Trd, 4318110.693, 106
Trd, 4318111.343, 96
Trd, 4318111.993, 102
Trd, 4318113.943, 95
Trd, 4318114.693, 101
Trd, 4318114.743, 106
Trd, 4318114.793, 94
Trd, 4318115.793, 113
Trd, 4318117.593, 100
Trd, 4318119.643, 106
Trd, 4318121.943, 97
Trd, 4318122.743, 104
Trd, 4318123.543, 104
Trd, 4318126.143, 99
Trd, 4318128.093, 104
Trd, 4318128.743, 99
Trd, 4318128.793, 103
Trd, 4318129.743, 103
Trd, 4318130.043, 92
Trd, 4318130.593, 113
Trd, 4318134.143, 105
Trd, 4318134.993, 106
Trd, 4318135.343, 109
Trd, 4318136.143, 103
Trd, 4318136.493, 101
Trd, 4318138.043, 100
Trd, 4318139.743, 91
Trd, 4318139.993, 101
Trd, 4318140.243, 98
Trd, 4318142.543, 95
Trd, 4318142.893, 96
Trd, 4318144.393, 104
Trd, 4318144.443, 114
Trd, 4318144.543, 93
Trd, 4318145.793, 109
Trd, 4318145.943, 93
Trd, 4318147.743, 105
Trd, 4318148.943, 116
Trd, 4318149.443, 104
Trd, 4318150.493, 106
Trd, 4318152.443, 111
Trd, 4318152.793, 109
Trd, 4318153.293, 78
Trd, 4318153.393, 106
Trd, 4318154.593, 115
Trd, 4318158.393, 97
Trd, 4318158.743, 92
Trd, 4318160.193, 105
Trd, 4318161.943, 96
Trd, 4318162.193, 104
Trd, 4318162.893, 95
Trd, 4318162.943, 105
Trd, 4318163.593, 101
Trd, 4318166.393, 101
Trd, 4318166.443, 101
Trd, 4318166.743, 80
Trd, 4318169.043, 93
Trd, 4318170.743, 97
Trd, 4318171.243, 104
Trd, 4318172.593, 101
Trd, 4318172.793, 100
Trd, 4318173.643, 100
Trd, 4318173.693, 104
Trd, 4318174.193, 100
Trd, 4318176.743, 101
Trd, 4318177.993, 98
Trd, 4318179.993, 98
Trd, 4318181.343, 94
Trd, 4318182.543, 106
Trd, 4318183.093, 114
Trd, 4318183.843, 99
Trd, 4318185.593, 101
Trd, 4318185.643, 99
Trd, 4318187.443, 110
Trd, 4318188.293, 97
Trd, 4318189.693, 99
Trd, 4318189.843, 100
Trd, 4318190.093, 105
Trd, 4318192.393, 112
Trd, 4318192.793, 115
Trd, 4318194.243, 117
Trd, 4318196.043, 111
Trd, 4318196.143, 92
Trd, 4318197.693, 110
Trd, 4318199.543, 108
Trd, 4318199.593, 109
Trd, 4318199.693, 105
Trd, 4318200.993, 108
Trd, 4318202.543, 86
Trd, 4318205.443, 107
Trd, 4318206.293, 111
Trd, 4318206.493, 107
Trd, 4318206.593, 101
Trd, 4318208.793, 105
Trd, 4318210.143, 104
Trd, 4318210.343, 105
Trd, 4318211.593, 108
Trd, 4318211.943, 113
Trd, 4318215.393, 103
Trd, 4318215.543, 88
Trd, 4318216.693, 101
Trd, 4318217.193, 102
Trd, 4318218.093, 113
Trd, 4318218.393, 86
Trd, 4318221.643, 101
Trd, 4318222.593, 100
Trd, 4318222.743, 109
Trd, 4318225.643, 104
Trd, 4318226.243, 101
Trd, 4318226.293, 104
Trd, 4318226.593, 106
Trd, 4318228.593, 106
Trd, 4318228.943, 121
Trd, 4318229.593, 102
Trd, 4318230.443, 94
Trd, 4318232.293, 94
Trd, 4318234.143, 102
Trd, 4318235.393, 112
Trd, 4318238.593, 93
Trd, 4318241.143, 108
Trd, 4318241.693, 102
Trd, 4318241.843, 108
Trd, 4318242.493, 108
Trd, 4318242.743, 99
Trd, 4318245.543, 100
Trd, 4318245.843, 103
Trd, 4318247.293, 86
Trd, 4318248.443, 106
Trd, 4318248.893, 115
Trd, 4318250.543, 94
Trd, 4318252.643, 104
Trd, 4318252.693, 104
Trd, 4318253.843, 103
Trd, 4318253.893, 101
Trd, 4318254.643, 117
Trd, 4318255.443, 75
Trd, 4318257.293, 100
Trd, 4318259.693, 96
Trd, 4318260.143, 112
Trd, 4318260.543, 114
Trd, 4318260.693, 94
Trd, 4318265.493, 102
Trd, 4318266.743, 102
Trd, 4318266.993, 103
Trd, 4318267.793, 104
Trd, 4318267.943, 98
Trd, 4318268.793, 113
Trd, 4318270.193, 97
Trd, 4318270.243, 95
Trd, 4318271.793, 94
Trd, 4318275.143, 95
Trd, 4318275.393, 98
Trd, 4318276.543, 93
Trd, 4318276.993, 104
Trd, 4318277.193, 93
Trd, 4318277.243, 98
Trd, 4318278.493, 98
Trd, 4318278.793, 117
Trd, 4318282.843, 100
Trd, 4318283.643, 91
Trd, 4318287.243, 100
Trd, 4318288.293, 98
Trd, 4318288.743, 100
Trd, 4318292.243, 93
Trd, 4318293.793, 98
Trd, 4318293.843, 98
Trd, 4318294.893, 105
Trd, 4318297.343, 100
Trd, 4318297.443, 98
Trd, 4318299.793, 105
Trd, 4318299.993, 103
Trd, 4318302.893, 113
Trd, 4318304.643, 104
Trd, 4318304.793, 113
Trd, 4318305.643, 108
Trd, 4318306.543, 106
Trd, 4318306.793, 93
Trd, 4318307.243, 102
Trd, 4318308.293, 107
Trd, 4318308.743, 93
Trd, 4318311.293, 108
Trd, 4318312.443, 107
Trd, 4318314.193, 99
Trd, 4318314.393, 107
Trd, 4318317.093, 105
Trd, 4318318.743, 103
Trd, 4318319.493, 105
Trd, 4318319.593, 105
Trd, 4318320.293, 105
Trd, 4318320.993, 102
Trd, 4318322.743, 97
Trd, 4318324.893, 99
Trd, 4318325.293, 100
Trd, 4318326.093, 98
Trd, 4318327.793, 113
Trd, 4318328.693, 93
Trd, 4318329.143, 86
Trd, 4318330.243, 97
Trd, 4318334.193, 96
Trd, 4318335.643, 102
Trd, 4318335.943, 90
Trd, 4318336.243, 97
Trd, 4318338.543, 95
Trd, 4318339.293, 104
Trd, 4318340.643, 93
Trd, 4318341.843, 98
Trd, 4318343.043, 97
Trd, 4318344.743, 104
Trd, 4318345.193, 113
Trd, 4318345.393, 92
Trd, 4318347.043, 112
Trd, 4318348.543, 104
Trd, 4318348.793, 90
Trd, 4318352.093, 102
Trd, 4318352.243, 104
Trd, 4318353.443, 99
Trd, 4318354.343, 103
Trd, 4318356.493, 94
Trd, 4318358.043, 103
Trd, 4318360.893, 103
Trd, 4318361.493, 94
Trd, 4318362.093, 100
Trd, 4318364.643, 100
Trd, 4318364.893, 100
Trd, 4318365.393, 100
Trd, 4318366.543, 97
Trd, 4318368.043, 94
Trd, 4318368.093, 104
Trd, 4318369.393, 102
Trd, 4318371.693, 103
Trd, 4318371.943, 98
Trd, 4318372.793, 105
Trd, 4318373.393, 92
Trd, 4318374.243, 111
Trd, 4318375.543, 115
Trd, 4318376.593, 113
Trd, 4318377.943, 108
Trd, 4318378.543, 91
Trd, 4318379.943, 104
Trd, 4318381.343, 108
Trd, 4318382.143, 99
Trd, 4318382.243, 115
Trd, 4318383.343, 106
Trd, 4318384.543, 105
Trd, 4318385.493, 100
Trd, 4318386.943, 97
Trd, 4318387.493, 105
Trd, 4318387.643, 89
Trd, 4318389.143, 94
Trd, 4318390.543, 102
Trd, 4318391.843, 92
Trd, 4318394.343, 102
Trd, 4318394.843, 98
Trd, 4318396.143, 104
Trd, 4318396.293, 93
Trd, 4318396.893, 109
Trd, 4318397.293, 105
Trd, 4318399.993, 102
Trd, 4318402.693, 108
Trd, 4318402.793, 93
Trd, 4318403.043, 92
Trd, 4318403.793, 103
Trd, 4318406.293, 100
Trd, 4318407.043, 101
Trd, 4318408.143, 92
Trd, 4318409.793, 90
Trd, 4318409.993, 97
Trd, 4318411.943, 92
Trd, 4318412.693, 104
Trd, 4318413.093, 107
Trd, 4318413.543, 91
Trd, 4318414.743, 96
Trd, 4318415.743, 99
Trd, 4318419.093, 97
Trd, 4318419.243, 99
Trd, 4318419.593, 99
Trd, 4318419.693, 106
Trd, 4318422.093, 101
Trd, 4318423.093, 99
Trd, 4318423.693, 113
Trd, 4318424.343, 105
Trd, 4318425.243, 112
Trd, 4318426.043, 97
Trd, 4318427.843, 94
Trd, 4318427.943, 105
Trd, 4318430.243, 103
Trd, 4318431.243, 103
Trd, 4318431.593, 93
Trd, 4318435.843, 101
Trd, 4318436.193, 98
Trd, 4318438.993, 101
Trd, 4318439.943, 101
Trd, 4318440.193, 104
Trd, 4318441.393, 103
Trd, 4318441.893, 107
Trd, 4318444.043, 102
Trd, 4318445.143, 102
Trd, 4318445.793, 104
Trd, 4318447.493, 101
Trd, 4318449.193, 94
Trd, 4318449.693, 103
Trd, 4318449.743, 104
Trd, 4318450.493, 98
Trd, 4318453.043, 113
Trd, 4318456.343, 105
Trd, 4318459.343, 118
Trd, 4318460.593, 103
Trd, 4318462.243, 105
Trd, 4318462.743, 93
Trd, 4318464.093, 99
Trd, 4318464.543, 105
Trd, 4318466.443, 102
Trd, 4318467.493, 89
Trd, 4318469.043, 98
Trd, 4318471.443, 100
Trd, 4318471.693, 95
Trd, 4318472.893, 94
Trd, 4318474.193, 100
Trd, 4318475.743, 101
Trd, 4318478.043, 105
Trd, 4318478.343, 86
Trd, 4318479.293, 101
Trd, 4318479.443, 108
Trd, 4318480.043, 102
Trd, 4318483.543, 102
Trd, 4318484.443, 104
Trd, 4318485.793, 107
Trd, 4318485.893, 94
Trd, 4318487.593, 102
Trd, 4318489.043, 104
Trd, 4318490.693, 101
Trd, 4318491.793, 100
Trd, 4318493.293, 92
Trd, 4318493.543, 104
Trd, 4318493.593, 104
Trd, 4318494.243, 118
Trd, 4318496.793, 103
Trd, 4318498.293, 104
Trd, 4318501.493, 104
Trd, 4318503.993, 92
Trd, 4318504.643, 98
Trd, 4318506.143, 102
Trd, 4318506.243, 104
Trd, 4318509.093, 103
Trd, 4318509.743, 97
Trd, 4318510.243, 103
Trd, 4318510.793, 104
Trd, 4318511.143, 94
Trd, 4318512.143, 115
Trd, 4318513.893, 112
Trd, 4318513.943, 86
Trd, 4318514.943, 118
Trd, 4318516.693, 104
Trd, 4318517.493, 122
Trd, 4318518.993, 103
Trd, 4318521.093, 103
Trd, 4318521.143, 82
Trd, 4318524.143, 95
Trd, 4318525.243, 100
Trd, 4318525.743, 100
Trd, 4318525.893, 98
Trd, 4318526.143, 104
Trd, 4318529.593, 104
Trd, 4318530.243, 97
Trd, 4318532.593, 99
Trd, 4318532.643, 101
Trd, 4318533.043, 101
Trd, 4318535.693, 97
Trd, 4318536.493, 74
Trd, 4318538.093, 97
Trd, 4318538.143, 104
Trd, 4318539.293, 98
Trd, 4318541.493, 103
Trd, 4318543.193, 99
Trd, 4318543.943, 101
Trd, 4318546.643, 100
Trd, 4318546.893, 98
Trd, 4318547.193, 104
Trd, 4318549.043, 113
Trd, 4318549.193, 100
Trd, 4318549.693, 103
Trd, 4318550.493, 103
Trd, 4318550.543, 94
Trd, 4318550.843, 104
Trd, 4318553.493, 104
Trd, 4318555.543, 94
Trd, 4318557.643, 105
Trd, 4318558.943, 103
Trd, 4318559.943, 105
Trd, 4318562.293, 105
Trd, 4318563.293, 100
Trd, 4318566.193, 105
Trd, 4318567.243, 101
Trd, 4318567.293, 95
Trd, 4318567.893, 105
Trd, 4318568.543, 99
Trd, 4318569.743, 93
Trd, 4318571.243, 105
Trd, 4318573.143, 104
Trd, 4318575.543, 99
Trd, 4318576.093, 105
Trd, 4318578.643, 99
Trd, 4318578.943, 101
Trd, 4318580.293, 103
Trd, 4318581.493, 100
Trd, 4318582.843, 103
Trd, 4318582.993, 103
Trd, 4318583.643, 104
Trd, 4318583.843, 80
Trd, 4318585.543, 99
Trd, 4318587.293, 100
Trd, 4318587.543, 95
Trd, 4318587.843, 104
Trd, 4318588.893, 101
Trd, 4318590.493, 101
Trd, 4318592.443, 102
Trd, 4318593.943, 104
Trd, 4318594.093, 99
Trd, 4318595.743, 113
Trd, 4318598.793, 104
Trd, 4318599.743, 104
Trd, 4318599.793, 114
Trd, 4318600.293, 93
Trd, 4318600.443, 83
Trd, 4318601.543, 103
Trd, 4318602.443, 101
Trd, 4318603.593, 106
Trd, 4318604.293, 111
Trd, 4318604.593, 104
Trd, 4318606.893, 113
Trd, 4318608.093, 100
Trd, 4318608.643, 94
Trd, 4318610.993, 107
Trd, 4318611.643, 98
Trd, 4318611.943, 106
Trd, 4318612.543, 106
Trd, 4318612.843, 94
Trd, 4318616.493, 100
Trd, 4318616.993, 98
Trd, 4318617.543, 92
Trd, 4318618.293, 102
Trd, 4318618.393, 104
Trd, 4318619.293, 107
Trd, 4318619.893, 73
Trd, 4318621.843, 96
Trd, 4318621.893, 102
Trd, 4318623.843, 105
Trd, 4318625.693, 97
Trd, 4318625.843, 96
Trd, 4318626.793, 93
Trd, 4318629.043, 99
Trd, 4318629.343, 91
Trd, 4318630.793, 90
Trd, 4318631.043, 106
Trd, 4318632.293, 122
Trd, 4318633.293, 111
Trd, 4318634.943, 103
Trd, 4318635.593, 102
Trd, 4318635.643, 89
Trd, 4318636.093, 103
Trd, 4318638.293, 103
Trd, 4318638.943, 100
Trd, 4318641.343, 97
Trd, 4318641.643, 104
Trd, 4318642.443, 101
Trd, 4318644.243, 101
Trd, 4318644.693, 100
Trd, 4318647.793, 104
Trd, 4318649.243, 100
Trd, 4318653.193, 98
Trd, 4318653.243, 101
Trd, 4318653.343, 96
Trd, 4318655.043, 100
Trd, 4318656.993, 99
Trd, 4318657.693, 100
Trd, 4318657.743, 100
Trd, 4318659.893, 97
Trd, 4318661.693, 97
Trd, 4318662.543, 98
Trd, 4318664.643, 94
Trd, 4318664.843, 98
Trd, 4318666.793, 98
Trd, 4318667.293, 98
Trd, 4318667.993, 93
Trd, 4318670.093, 92
Trd, 4318670.643, 97
Trd, 4318671.743, 104
Trd, 4318672.343, 91
Trd, 4318673.243, 100
Trd, 4318674.693, 99
Trd, 4318674.743, 105
Trd, 4318675.343, 84
Trd, 4318676.343, 100
Trd, 4318677.393, 112
Trd, 4318679.143, 103
Trd, 4318680.343, 100
Trd, 4318680.493, 107
Trd, 4318681.943, 104
Trd, 4318682.443, 101
Trd, 4318682.993, 122
Trd, 4318683.043, 92
Trd, 4318684.243, 114
Trd, 4318685.443, 112
Trd, 4318687.893, 104
Trd, 4318689.443, 76
Trd, 4318689.943, 100
Trd, 4318690.643, 101
Trd, 4318691.243, 107
Trd, 4318692.143, 92
Trd, 4318692.693, 102
Trd, 4318694.093, 108
Trd, 4318694.693, 103
Trd, 4318695.143, 105
Trd, 4318695.843, 93
Trd, 4318698.693, 101
Trd, 4318698.943, 101
Trd, 4318699.993, 106
Trd, 4318701.343, 98
Trd, 4318703.843, 92
Trd, 4318706.993, 101
Trd, 4318708.793, 101
Trd, 4318710.943, 92
Trd, 4318711.343, 91
Trd, 4318711.443, 105
Trd, 4318713.043, 103
Trd, 4318713.693, 92
Trd, 4318717.143, 93
Trd, 4318718.343, 100
Trd, 4318718.993, 100
Trd, 4318720.093, 106
Trd, 4318720.893, 113
Trd, 4318722.043, 96
Trd, 4318723.043, 95
Trd, 4318723.093, 86
Trd, 4318724.543, 93
Trd, 4318729.243, 92
Trd, 4318730.143, 108
Trd, 4318730.793, 98
Trd, 4318732.393, 100
Trd, 4318732.593, 109
Trd, 4318733.393, 103
Trd, 4318733.643, 103
Trd, 4318734.543, 112
Trd, 4318735.293, 105
Trd, 4318736.793, 94
Trd, 4318738.693, 100
Trd, 4318739.443, 99
Trd, 4318740.143, 108
Trd, 4318742.143, 98
Trd, 4318743.293, 111
Trd, 4318745.043, 117
Trd, 4318745.543, 104
Trd, 4318746.043, 106
Trd, 4318747.543, 103
Trd, 4318748.093, 102
Trd, 4318749.593, 111
Trd, 4318753.893, 102
Trd, 4318754.893, 98
Trd, 4318756.593, 100
Trd, 4318760.193, 100
Trd, 4318760.443, 112
Trd, 4318761.843, 108
Trd, 4318763.793, 113
Trd, 4318763.943, 107
Trd, 4318765.443, 98
Trd, 4318766.693, 102
Trd, 4318766.843, 93
Trd, 4318768.493, 103
Trd, 4318769.743, 101
Trd, 4318770.843, 99
Trd, 4318772.793, 99
Trd, 4318772.843, 100
Trd, 4318775.193, 98
Trd, 4318776.593, 103
Trd, 4318777.643, 104
Trd, 4318778.993, 94
Trd, 4318780.143, 102
Trd, 4318781.743, 98
Trd, 4318782.193, 105
Trd, 4318784.493, 103
Trd, 4318786.293, 102
Trd, 4318786.943, 103
Trd, 4318788.593, 93
Trd, 4318789.043, 97
Trd, 4318789.293, 104
Trd, 4318789.443, 86
Trd, 4318792.193, 102
Trd, 4318793.093, 102
Trd, 4318793.393, 86
Trd, 4318793.543, 79
Trd, 4318796.493, 102
Trd, 4318799.343, 101
Trd, 4318800.743, 97
Trd, 4318801.293, 99
Trd, 4318802.243, 104
Trd, 4318803.943, 95
Trd, 4318805.543, 113
Trd, 4318806.793, 108
Trd, 4318806.843, 109
Trd, 4318808.643, 98
Trd, 4318808.843, 100
Trd, 4318808.893, 93
Trd, 4318810.943, 100
Trd, 4318812.643, 101
Trd, 4318813.193, 87
Trd, 4318815.743, 109
Trd, 4318816.343, 95
Trd, 4318816.543, 99
Trd, 4318817.093, 104
Trd, 4318817.193, 82
Trd, 4318818.393, 94
Trd, 4318819.393, 100
Trd, 4318820.193, 100
Trd, 4318821.443, 105
Trd, 4318823.793, 102
Trd, 4318824.143, 102
Trd, 4318824.543, 95
Trd, 4318824.843, 93
Trd, 4318827.793, 100
Trd, 4318829.443, 100
Trd, 4318830.293, 94
Trd, 4318830.443, 102
Trd, 4318833.293, 101
Trd, 4318833.393, 104
Trd, 4318835.043, 122
Trd, 4318835.193, 100
Trd, 4318835.943, 94
Trd, 4318836.893, 103
Trd, 4318837.993, 105
Trd, 4318840.293, 108
Trd, 4318840.743, 123
Trd, 4318841.093, 102
Trd, 4318842.193, 113
Trd, 4318842.793, 104
Trd, 4318844.243, 106
Trd, 4318844.393, 76
Trd, 4318845.993, 106
Trd, 4318847.443, 103
Trd, 4318849.043, 99
Trd, 4318850.043, 104
Trd, 4318850.543, 102
Trd, 4318853.993, 103
Trd, 4318854.643, 103
Trd, 4318854.793, 104
Trd, 4318855.243, 101
Trd, 4318855.293, 94
Trd, 4318857.143, 105
Trd, 4318859.243, 94
Trd, 4318860.393, 105
Trd, 4318861.593, 93
Trd, 4318864.693, 100
Trd, 4318864.793, 103
Trd, 4318866.993, 103
Trd, 4318868.093, 94
Trd, 4318868.543, 103
Trd, 4318869.543, 100
Trd, 4318870.193, 92
Trd, 4318871.093, 101
Trd, 4318873.493, 84
Trd, 4318873.543, 101
Trd, 4318873.993, 104
Trd, 4318874.943, 101
Trd, 4318876.693, 104
Trd, 4318877.843, 100
Trd, 4318878.593, 86
Trd, 4318880.693, 93
Trd, 4318882.343, 101
Trd, 4318882.693, 100
Trd, 4318883.693, 93
Trd, 4318886.243, 92
Trd, 4318886.393, 85
Trd, 4318887.893, 105
Trd, 4318889.093, 113
Trd, 4318890.593, 104
Trd, 4318890.993, 88
Trd, 4318891.693, 104
Trd, 4318892.643, 113
Trd, 4318893.443, 102
Trd, 4318896.843, 105
Trd, 4318899.043, 96
Trd, 4318899.443, 99
Trd, 4318899.543, 104
Trd, 4318899.743, 116
Trd, 4318901.243, 104
Trd, 4318901.593, 105
Trd, 4318902.093, 99
Trd, 4318904.143, 98
Trd, 4318904.693, 93
Trd, 4318906.193, 102
Trd, 4318906.793, 102
Trd, 4318909.243, 103
Trd, 4318910.243, 99
Trd, 4318910.493, 105
Trd, 4318910.793, 104
Trd, 4318912.693, 103
Trd, 4318914.493, 104
Trd, 4318916.793, 103
Trd, 4318917.093, 105
Trd, 4318917.293, 115
Trd, 4318920.693, 101
Trd, 4318921.193, 97
Trd, 4318921.243, 108
Trd, 4318923.393, 100
Trd, 4318924.643, 103
Trd, 4318924.843, 102
Trd, 4318924.893, 115
Trd, 4318927.793, 97
Trd, 4318927.943, 76
Trd, 4318929.793, 97
Trd, 4318933.093, 105
Trd, 4318933.643, 94
Trd, 4318933.843, 99
Trd, 4318934.593, 101
Trd, 4318935.793, 95
Trd, 4318936.443, 97
Trd, 4318937.143, 84
Trd, 4318938.693, 96
Trd, 4318939.543, 101
Trd, 4318940.543, 99
Trd, 4318941.493, 99
Trd, 4318944.293, 95
Trd, 4318945.893, 97
Trd, 4318946.643, 106
Trd, 4318947.643, 101
Trd, 4318949.093, 98
Trd, 4318949.843, 97
Trd, 4318949.993, 75
Trd, 4318951.593, 97
Trd, 4318952.443, 99
Trd, 4318953.343, 106
Trd, 4318954.193, 100
Trd, 4318955.543, 96
Trd, 4318959.043, 95
Trd, 4318959.293, 96
Trd, 4318960.793, 97
Trd, 4318961.393, 93
Trd, 4318964.093, 97
Trd, 4318965.293, 96
Trd, 4318965.993, 93
Trd, 4318967.593, 96
Trd, 4318968.693, 92
Trd, 4318969.243, 92
Trd, 4318970.193, 96
Trd, 4318971.293, 113
Trd, 4318974.093, 98
Trd, 4318974.743, 96
Trd, 4318975.693, 98
Trd, 4318976.293, 94
Trd, 4318976.343, 100
Trd, 4318976.843, 105
Trd, 4318977.293, 114
Trd, 4318979.293, 103
Trd, 4318980.643, 105
Trd, 4318981.443, 108
Trd, 4318983.843, 101
Trd, 4318984.193, 104
Trd, 4318984.793, 106
Trd, 4318985.793, 109
Trd, 4318985.893, 93
Trd, 4318986.343, 115
Trd, 4318987.293, 101
Trd, 4318988.343, 100
Trd, 4318989.643, 106
Trd, 4318990.143, 102
Trd, 4318993.593, 102
Trd, 4318993.893, 93
Trd, 4318994.393, 104
Trd, 4318996.043, 91
Trd, 4318996.743, 104
Trd, 4318997.243, 78
Trd, 4318997.693, 95
Trd, 4319001.443, 93
Trd, 4319002.343, 104
Trd, 4319002.693, 94
Trd, 4319004.593, 90
Trd, 4319005.343, 93
Trd, 4319005.393, 90
Trd, 4319007.793, 89
Trd, 4319008.243, 95
Trd, 4319010.393, 104
Trd, 4319010.443, 100
Trd, 4319010.893, 113
Trd, 4319011.393, 88
Trd, 4319013.343, 113
Trd, 4319016.043, 95
Trd, 4319016.093, 101
Trd, 4319016.843, 91
Trd, 4319018.143, 97
Trd, 4319019.143, 92
Trd, 4319020.793, 98
Trd, 4319020.843, 104
Trd, 4319021.243, 87
Trd, 4319022.593, 97
Trd, 4319022.793, 96
Trd, 4319024.093, 112
Trd, 4319025.443, 108
Trd, 4319027.493, 94
Trd, 4319027.743, 96
Trd, 4319029.493, 100
Trd, 4319030.093, 102
Trd, 4319031.143, 93
Trd, 4319031.243, 113
Trd, 4319032.443, 111
Trd, 4319032.793, 92
Trd, 4319033.943, 103
Trd, 4319034.543, 82
Trd, 4319035.843, 111
Trd, 4319036.893, 113
Trd, 4319037.193, 102
Trd, 4319038.393, 107
Trd, 4319039.543, 98
Trd, 4319040.443, 107
Trd, 4319040.993, 98
Trd, 4319042.643, 102
Trd, 4319044.193, 101
Trd, 4319046.393, 101
Trd, 4319047.593, 102
Trd, 4319048.243, 99
Trd, 4319050.093, 90
Trd, 4319050.843, 104
Trd, 4319052.793, 97
Trd, 4319054.043, 104
Trd, 4319055.693, 99
Trd, 4319055.893, 93
Trd, 4319057.493, 102
Trd, 4319057.943, 113
Trd, 4319058.743, 103
Trd, 4319059.193, 104
Trd, 4319061.793, 108
Trd, 4319062.743, 113
Trd, 4319064.143, 93
Trd, 4319065.043, 101
Trd, 4319065.243, 101
Trd, 4319066.093, 106
Trd, 4319066.443, 105
Trd, 4319066.843, 113
Trd, 4319068.693, 110
Trd, 4319070.093, 108
Trd, 4319070.243, 107
Trd, 4319071.443, 109
Trd, 4319074.193, 105
Trd, 4319075.093, 100
Trd, 4319076.343, 108
Trd, 4319077.443, 104
Trd, 4319077.493, 102
Trd, 4319078.143, 86
Trd, 4319078.593, 113
Trd, 4319079.793, 102
Trd, 4319080.493, 101
Trd, 4319081.593, 89
Trd, 4319086.943, 101
Trd, 4319088.893, 101
Trd, 4319088.943, 117
Trd, 4319089.043, 96
Trd, 4319089.443, 93
Trd, 4319090.393, 111
Trd, 4319091.393, 103
Trd, 4319091.643, 75
Trd, 4319092.143, 107
Trd, 4319094.443, 106
Trd, 4319095.743, 99
Trd, 4319098.293, 90
Trd, 4319099.093, 102
Trd, 4319099.743, 105
Trd, 4319100.293, 94
Trd, 4319101.593, 113
Trd, 4319106.093, 99
Trd, 4319106.293, 100
Trd, 4319106.343, 93
Trd, 4319107.543, 99
Trd, 4319107.843, 96
Trd, 4319107.943, 104
Trd, 4319110.143, 96
Trd, 4319110.643, 93
Trd, 4319112.743, 97
Trd, 4319113.093, 99
Trd, 4319114.593, 98
Trd, 4319115.493, 95
Trd, 4319117.043, 97
Trd, 4319117.943, 94
Trd, 4319119.043, 104
Trd, 4319121.343, 99
Trd, 4319121.843, 83
Trd, 4319123.893, 100
Trd, 4319123.993, 99
Trd, 4319125.543, 99
Trd, 4319126.943, 93
Trd, 4319127.993, 99
Trd, 4319130.343, 102
Trd, 4319131.993, 108
Trd, 4319132.393, 92
Trd, 4319132.943, 102
Trd, 4319133.943, 114
Trd, 4319134.643, 115
Trd, 4319136.343, 109
Trd, 4319138.143, 94
Trd, 4319138.493, 105
Trd, 4319138.943, 103
Trd, 4319139.443, 105
Trd, 4319140.493, 88
Trd, 4319142.743, 104
Trd, 4319142.943, 104
Trd, 4319144.043, 106
Trd, 4319145.293, 106
Trd, 4319148.193, 105
Trd, 4319148.493, 107
Trd, 4319150.043, 100
Trd, 4319152.293, 106
Trd, 4319154.793, 106
Trd, 4319155.293, 106
Trd, 4319155.443, 101
Trd, 4319156.093, 89
Trd, 4319156.943, 102
Trd, 4319158.093, 91
Trd, 4319159.093, 100
Trd, 4319160.343, 107
Trd, 4319161.643, 93
Trd, 4319163.693, 102
Trd, 4319165.093, 105
Trd, 4319166.643, 103
Trd, 4319168.243, 101
Trd, 4319169.993, 103
Trd, 4319170.393, 100
Trd, 4319170.643, 103
Trd, 4319171.043, 93
Trd, 4319172.943, 103
Trd, 4319173.143, 104
Trd, 4319174.843, 99
Trd, 4319175.143, 96
Trd, 4319178.443, 110
Trd, 4319179.193, 112
Trd, 4319179.893, 105
Trd, 4319180.243, 113
Trd, 4319180.493, 119
Trd, 4319182.693, 107
Trd, 4319183.193, 92
Trd, 4319184.793, 105
Trd, 4319185.793, 104
Trd, 4319187.543, 102
Trd, 4319189.093, 102
Trd, 4319190.143, 117
Trd, 4319190.193, 91
Trd, 4319191.793, 91
Trd, 4319192.593, 101
Trd, 4319192.943, 104
Trd, 4319193.643, 99
Trd, 4319194.343, 100
Trd, 4319195.193, 113
Trd, 4319198.993, 104
Trd, 4319199.393, 105
Trd, 4319199.643, 109
Trd, 4319200.093, 100
Trd, 4319200.943, 96
Trd, 4319201.493, 101
Trd, 4319203.043, 108
Trd, 4319205.543, 102
Trd, 4319205.893, 113
Trd, 4319206.043, 121
Trd, 4319206.143, 83
Trd, 4319207.743, 104
Trd, 4319210.093, 105
Trd, 4319210.343, 106
Trd, 4319210.993, 113
Trd, 4319212.193, 107
Trd, 4319213.593, 105
Trd, 4319214.093, 109
Trd, 4319216.043, 102
Trd, 4319216.143, 99
Trd, 4319216.243, 94
Trd, 4319218.843, 106
Trd, 4319220.143, 112
Trd, 4319221.243, 102
Trd, 4319221.643, 99
Trd, 4319222.143, 96
Trd, 4319224.743, 99
Trd, 4319225.393, 94
Trd, 4319226.643, 99
Trd, 4319226.743, 82
Trd, 4319228.443, 101
Trd, 4319228.743, 104
Trd, 4319230.443, 100
Trd, 4319231.543, 96
Trd, 4319233.543, 100
Trd, 4319234.743, 104
Trd, 4319235.493, 94
Trd, 4319235.793, 85
Trd, 4319237.843, 100
Trd, 4319238.343, 92
Trd, 4319238.943, 105
Trd, 4319240.743, 92
Trd, 4319240.843, 86
Trd, 4319242.743, 97
Trd, 4319243.293, 93
Trd, 4319245.843, 113
Trd, 4319246.293, 120
Trd, 4319246.493, 113
Trd, 4319248.493, 103
Trd, 4319250.493, 108
Trd, 4319250.743, 109
Trd, 4319254.793, 106
Trd, 4319254.843, 107
Trd, 4319256.793, 92
Trd, 4319256.893, 107
Trd, 4319257.443, 107
Trd, 4319258.343, 113
Trd, 4319258.793, 99
Trd, 4319260.493, 110
Trd, 4319261.293, 103
Trd, 4319264.093, 91
Trd, 4319264.243, 98
Trd, 4319264.843, 104
Trd, 4319266.893, 93
Trd, 4319267.793, 95
Trd, 4319269.343, 104
Trd, 4319270.093, 85
Trd, 4319270.543, 96
Trd, 4319271.843, 97
Trd, 4319273.193, 94
Trd, 4319274.443, 74
Trd, 4319275.493, 104
Trd, 4319275.943, 116
Trd, 4319276.793, 98
Trd, 4319278.093, 91
Trd, 4319279.493, 99
Trd, 4319280.593, 113
Trd, 4319282.043, 100
Trd, 4319283.193, 112
Trd, 4319283.643, 119
Trd, 4319284.493, 104
Trd, 4319286.443, 92
Trd, 4319287.293, 101
Trd, 4319288.593, 100
Trd, 4319289.543, 90
Trd, 4319289.793, 101
Trd, 4319292.343, 101
Trd, 4319294.093, 101
Trd, 4319294.393, 105
Trd, 4319295.293, 101
Trd, 4319296.343, 103
Trd, 4319297.343, 104
Trd, 4319299.043, 99
Trd, 4319300.793, 100
Trd, 4319302.393, 101
Trd, 4319303.193, 105
Trd, 4319303.393, 98
Trd, 4319304.043, 89
Trd, 4319308.543, 93
Trd, 4319308.843, 85
Trd, 4319309.093, 101
Trd, 4319309.493, 96
Trd, 4319309.743, 95
Trd, 4319311.643, 104
Trd, 4319312.143, 73
Trd, 4319313.993, 110
Trd, 4319316.443, 112
Trd, 4319318.343, 109
Trd, 4319318.393, 108
Trd, 4319320.543, 107
Trd, 4319321.643, 108
Trd, 4319322.193, 102
Trd, 4319322.643, 104
Trd, 4319322.993, 103
Trd, 4319324.143, 94
Trd, 4319326.543, 92
Trd, 4319326.993, 103
Trd, 4319327.743, 104
Trd, 4319328.943, 98
Trd, 4319330.343, 98
Trd, 4319333.443, 98
Trd, 4319333.993, 97
Trd, 4319335.393, 97
Trd, 4319336.193, 98
Trd, 4319337.143, 98
Trd, 4319338.343, 98
Trd, 4319339.543, 96
Trd, 4319340.343, 99
Trd, 4319340.543, 105
Trd, 4319342.043, 98
Trd, 4319343.043, 113
Trd, 4319343.593, 95
Trd, 4319343.693, 94
Trd, 4319345.493, 105
Trd, 4319347.493, 101
Trd, 4319349.593, 101
Trd, 4319350.843, 102
Trd, 4319352.443, 112
Trd, 4319352.493, 103
Trd, 4319352.893, 103
Trd, 4319352.943, 123
Trd, 4319354.143, 118
Trd, 4319354.243, 113
Trd, 4319354.793, 125
Trd, 4319357.543, 97
Trd, 4319357.943, 95
Trd, 4319359.693, 98
Trd, 4319360.093, 107
Trd, 4319361.393, 102
Trd, 4319362.043, 101
Trd, 4319366.393, 101
Trd, 4319366.443, 96
Trd, 4319367.843, 101
Trd, 4319367.943, 98
Trd, 4319369.343, 101
Trd, 4319369.943, 97
Trd, 4319370.543, 104
Trd, 4319372.843, 98
Trd, 4319374.243, 94
Trd, 4319374.293, 97
Trd, 4319375.693, 97
Trd, 4319376.243, 73
Trd, 4319378.243, 97
Trd, 4319379.143, 97
Trd, 4319380.693, 105
Trd, 4319382.693, 98
Trd, 4319383.743, 99
Trd, 4319385.043, 99
Trd, 4319385.893, 99
Trd, 4319386.493, 113
Trd, 4319388.343, 103
Trd, 4319388.443, 95
Trd, 4319389.793, 92
Trd, 4319391.643, 96
Trd, 4319393.043, 101
Trd, 4319393.093, 102
Trd, 4319394.143, 87
Trd, 4319394.693, 104
Trd, 4319395.443, 102
Trd, 4319397.843, 96
Trd, 4319400.543, 95
Trd, 4319400.693, 97
Trd, 4319402.693, 98
Trd, 4319404.843, 104
Trd, 4319407.793, 96
Trd, 4319407.843, 97
Trd, 4319409.943, 98
Trd, 4319410.893, 96
Trd, 4319411.243, 93
Trd, 4319414.043, 95
Trd, 4319414.943, 95
Trd, 4319415.393, 105
Trd, 4319417.443, 112
Trd, 4319417.993, 107
Trd, 4319418.743, 105
Trd, 4319420.743, 98
Trd, 4319422.043, 105
Trd, 4319424.443, 105
Trd, 4319424.593, 113
Trd, 4319424.793, 102
Trd, 4319427.393, 98
Trd, 4319428.693, 99
Trd, 4319430.093, 100
Trd, 4319430.293, 98
Trd, 4319430.743, 101
Trd, 4319432.193, 105
Trd, 4319434.093, 102
Trd, 4319434.393, 99
Trd, 4319434.593, 102
Trd, 4319435.143, 114
Trd, 4319435.993, 94
Trd, 4319436.593, 105
Trd, 4319437.393, 105
Trd, 4319438.193, 103
Trd, 4319442.043, 97
Trd, 4319442.693, 92
Trd, 4319443.143, 98
Trd, 4319444.243, 98
Trd, 4319445.193, 112
Trd, 4319446.543, 107
Trd, 4319448.743, 99
Trd, 4319450.843, 101
Trd, 4319451.143, 106
Trd, 4319452.593, 94
Trd, 4319454.093, 98
Trd, 4319454.493, 101
Trd, 4319454.793, 101
Trd, 4319455.643, 101
Trd, 4319455.993, 105
Trd, 4319457.893, 102
Trd, 4319460.043, 101
Trd, 4319460.793, 99
Trd, 4319461.293, 104
Trd, 4319462.343, 97
Trd, 4319463.343, 100
Trd, 4319463.543, 94
Trd, 4319464.843, 100
Trd, 4319465.493, 104
Trd, 4319466.443, 98
Trd, 4319468.743, 99
Trd, 4319468.993, 104
Trd, 4319471.243, 101
Trd, 4319472.143, 94
Trd, 4319472.943, 112
Trd, 4319474.093, 92
Trd, 4319475.343, 104
Trd, 4319476.293, 108
Trd, 4319477.543, 100
Trd, 4319478.593, 106
Trd, 4319478.943, 94
Trd, 4319479.193, 113
Trd, 4319481.093, 104
Trd, 4319483.593, 106
Trd, 4319483.743, 104
Trd, 4319484.193, 114
Trd, 4319485.543, 99
Trd, 4319485.893, 92
Trd, 4319486.293, 110
Trd, 4319487.293, 105
Trd, 4319488.493, 98
Trd, 4319490.693, 90
Trd, 4319491.493, 104
Trd, 4319494.443, 97
Trd, 4319494.743, 96
Trd, 4319495.343, 105
Trd, 4319497.293, 94
Trd, 4319497.993, 97
Trd, 4319499.043, 101
Trd, 4319499.443, 106
Trd, 4319501.293, 107
Trd, 4319502.443, 106
Trd, 4319503.293, 110
Trd, 4319504.043, 103
Trd, 4319505.343, 107
Trd, 4319506.293, 107
Trd, 4319507.243, 110
Trd, 4319509.993, 105
Trd, 4319512.393, 106
Trd, 4319512.793, 103
Trd, 4319513.343, 106
Trd, 4319514.593, 125
Trd, 4319514.693, 101
Trd, 4319515.093, 94
Trd, 4319515.893, 111
Trd, 4319517.743, 96
Trd, 4319520.043, 104
Trd, 4319521.693, 104
Trd, 4319521.743, 110
Trd, 4319522.193, 94
Trd, 4319525.493, 104
Trd, 4319526.893, 100
Trd, 4319527.193, 105
Trd, 4319528.443, 95
Trd, 4319528.943, 106
Trd, 4319531.293, 111
Trd, 4319532.243, 106
Trd, 4319532.993, 112
Trd, 4319533.443, 108
Trd, 4319533.543, 118
Trd, 4319533.893, 92
Trd, 4319536.393, 117
Trd, 4319537.193, 104
Trd, 4319538.493, 109
Trd, 4319542.343, 102
Trd, 4319545.593, 102
Trd, 4319545.643, 107
Trd, 4319545.743, 107
Trd, 4319546.443, 107
Trd, 4319547.593, 102
Trd, 4319548.743, 101
Trd, 4319550.743, 102
Trd, 4319551.493, 93
Trd, 4319553.193, 100
Trd, 4319553.593, 100
Trd, 4319556.543, 100
Trd, 4319558.293, 99
Trd, 4319559.193, 100
Trd, 4319559.893, 100
Trd, 4319560.393, 98
Trd, 4319560.693, 104
Trd, 4319560.843, 94
Trd, 4319562.743, 110
Trd, 4319563.643, 107
Trd, 4319564.993, 95
Trd, 4319565.343, 103
Trd, 4319567.043, 103
Trd, 4319569.293, 101
Trd, 4319569.443, 102
Trd, 4319569.593, 93
Trd, 4319571.293, 104
Trd, 4319572.643, 117
Trd, 4319573.543, 101
Trd, 4319576.343, 105
Trd, 4319577.243, 78
Trd, 4319580.143, 105
Trd, 4319580.343, 103
Trd, 4319580.793, 105
Trd, 4319581.143, 99
Trd, 4319583.343, 101
Trd, 4319583.393, 93
Trd, 4319583.593, 101
Trd, 4319586.293, 102
Trd, 4319589.693, 99
Trd, 4319591.393, 100
Trd, 4319591.893, 101
Trd, 4319592.593, 98
Trd, 4319594.493, 96
Trd, 4319595.193, 94
Trd, 4319595.243, 98
Trd, 4319596.093, 81
Trd, 4319596.843, 97
Trd, 4319597.043, 104
Trd, 4319599.693, 101
Trd, 4319599.993, 89
Trd, 4319600.593, 99
Trd, 4319600.893, 82
Trd, 4319601.443, 104
Trd, 4319602.643, 101
Trd, 4319603.843, 112
Trd, 4319604.793, 113
Trd, 4319605.993, 115
Trd, 4319606.393, 111
Trd, 4319607.393, 90
Trd, 4319608.443, 113
Trd, 4319609.043, 119
Trd, 4319610.793, 112
Trd, 4319613.743, 106
Trd, 4319614.043, 109
Trd, 4319614.693, 111
Trd, 4319617.493, 117
Trd, 4319618.993, 112
Trd, 4319619.043, 90
Trd, 4319620.243, 110
Trd, 4319622.243, 109
Trd, 4319622.643, 102
Trd, 4319624.693, 103
Trd, 4319626.193, 105
Trd, 4319626.643, 105
Trd, 4319627.393, 113
Trd, 4319629.593, 102
Trd, 4319631.243, 96
Trd, 4319632.193, 100
Trd, 4319632.243, 101
Trd, 4319633.943, 94
Trd, 4319633.993, 104
Trd, 4319635.443, 102
Trd, 4319636.943, 102
Trd, 4319639.693, 97
Trd, 4319639.943, 102
Trd, 4319641.293, 92
Trd, 4319643.243, 102
Trd, 4319643.293, 104
Trd, 4319643.643, 114
Trd, 4319644.893, 107
Trd, 4319647.543, 105
Trd, 4319647.593, 106
Trd, 4319648.293, 96
Trd, 4319651.193, 97
Trd, 4319651.293, 104
Trd, 4319652.593, 104
Trd, 4319653.993, 100
Trd, 4319654.993, 104
Trd, 4319656.943, 113
Trd, 4319657.693, 103
Trd, 4319660.493, 104
Trd, 4319660.743, 105
Trd, 4319663.293, 100
Trd, 4319663.693, 105
Trd, 4319663.793, 94
Trd, 4319665.893, 104
Trd, 4319667.143, 95
Trd, 4319668.093, 98
Trd, 4319668.593, 99
Trd, 4319670.243, 101
Trd, 4319670.993, 97
Trd, 4319672.993, 99
Trd, 4319673.093, 101
Trd, 4319673.743, 106
Trd, 4319676.293, 94
Trd, 4319678.193, 102
Trd, 4319678.593, 106
Trd, 4319679.943, 94
Trd, 4319680.393, 102
Trd, 4319680.893, 104
Trd, 4319681.443, 93
Trd, 4319682.393, 113
Trd, 4319684.593, 102
Trd, 4319685.343, 104
Trd, 4319687.693, 107
Trd, 4319689.793, 106
Trd, 4319689.993, 107
Trd, 4319690.243, 92
Trd, 4319693.693, 104
Trd, 4319694.043, 104
Trd, 4319695.143, 104
Trd, 4319695.593, 100
Trd, 4319695.943, 105
Trd, 4319697.693, 102
Trd, 4319698.293, 105
Trd, 4319698.543, 105
Trd, 4319700.793, 105
Trd, 4319700.843, 106
Trd, 4319701.943, 101
Trd, 4319704.393, 86
Trd, 4319709.393, 103
Trd, 4319709.893, 103
Trd, 4319710.893, 98
Trd, 4319711.543, 112
Trd, 4319711.793, 98
Trd, 4319714.293, 94
Trd, 4319717.243, 104
Trd, 4319717.943, 105
Trd, 4319719.943, 93
Trd, 4319722.393, 105
Trd, 4319722.743, 106
Trd, 4319723.793, 113
Trd, 4319725.043, 112
Trd, 4319725.343, 92
Trd, 4319725.643, 82
Trd, 4319726.243, 110
Trd, 4319727.493, 109
Trd, 4319728.543, 82
Trd, 4319730.293, 100
Trd, 4319730.993, 112
Trd, 4319731.593, 101
Trd, 4319731.893, 101
Trd, 4319733.443, 99
Trd, 4319733.893, 93
Trd, 4319734.193, 84
Trd, 4319735.043, 112
Trd, 4319737.343, 81
Trd, 4319738.143, 96
Trd, 4319738.943, 88
Trd, 4319739.593, 92
Trd, 4319740.893, 92
Trd, 4319741.093, 93
Trd, 4319742.293, 92
Trd, 4319742.443, 85
Trd, 4319743.793, 112
Trd, 4319747.143, 88
Trd, 4319747.543, 93
Trd, 4319747.793, 94
Trd, 4319749.193, 93
Trd, 4319750.643, 113
Trd, 4319750.843, 96
Trd, 4319751.643, 109
Trd, 4319752.843, 116
Trd, 4319753.593, 100
Trd, 4319755.243, 92
Trd, 4319756.593, 80
Trd, 4319757.243, 101
Trd, 4319758.143, 94
Trd, 4319759.093, 101
Trd, 4319760.343, 105
Trd, 4319763.343, 100
Trd, 4319764.143, 100
Trd, 4319765.193, 103
Trd, 4319765.593, 105
Trd, 4319766.843, 93
Trd, 4319770.243, 94
Trd, 4319771.143, 101
Trd, 4319771.193, 93
Trd, 4319771.543, 103
Trd, 4319772.843, 111
Trd, 4319773.593, 100
Trd, 4319773.693, 116
Trd, 4319774.893, 119
Trd, 4319776.343, 101
Trd, 4319776.393, 106
Trd, 4319777.493, 92
Trd, 4319778.043, 105
Trd, 4319780.543, 104
Trd, 4319781.293, 103
Trd, 4319782.043, 85
Trd, 4319784.543, 99
Trd, 4319784.793, 97
Trd, 4319786.343, 95
Trd, 4319788.493, 95
Trd, 4319788.543, 93
Trd, 4319788.693, 104
Trd, 4319790.743, 98
Trd, 4319791.743, 91
Trd, 4319792.043, 104
Trd, 4319794.643, 92
Trd, 4319795.493, 102
Trd, 4319796.143, 99
Trd, 4319797.543, 100
Trd, 4319798.393, 94
Trd, 4319799.593, 82
Trd, 4319800.043, 99
Trd, 4319801.093, 98
Trd, 4319802.793, 97
Trd, 4319803.643, 104
Trd, 4319805.393, 102
Trd, 4319805.893, 97
Trd, 4319807.243, 98
Trd, 4319807.543, 119
Trd, 4319810.593, 104
Trd, 4319811.343, 99
Trd, 4319811.893, 113
Trd, 4319812.643, 102
Trd, 4319813.893, 105
Trd, 4319814.593, 102
Trd, 4319815.443, 106
Trd, 4319817.643, 113
Trd, 4319818.443, 114
Trd, 4319819.543, 105
Trd, 4319821.343, 92
Trd, 4319821.843, 106
Trd, 4319823.943, 100
Trd, 4319824.243, 92
Trd, 4319826.543, 104
Trd, 4319826.843, 110
Trd, 4319829.643, 96
Trd, 4319830.093, 77
Trd, 4319831.193, 106
Trd, 4319832.093, 108
Trd, 4319833.643, 104
Trd, 4319834.643, 98
Trd, 4319834.993, 113
Trd, 4319836.843, 102
Trd, 4319837.743, 101
Trd, 4319838.893, 104
Trd, 4319839.243, 105
Trd, 4319840.343, 94
Trd, 4319842.193, 95
Trd, 4319843.793, 102
Trd, 4319846.393, 102
Trd, 4319847.043, 101
Trd, 4319847.143, 96
Trd, 4319847.443, 102
Trd, 4319848.743, 93
Trd, 4319850.443, 99
Trd, 4319851.543, 98
Trd, 4319852.193, 105
Trd, 4319852.593, 106
Trd, 4319855.393, 97
Trd, 4319855.793, 101
Trd, 4319855.993, 106
Trd, 4319856.193, 93
Trd, 4319860.093, 103
Trd, 4319861.593, 92
Trd, 4319861.693, 79
Trd, 4319861.943, 123
Trd, 4319862.293, 113
Trd, 4319863.893, 113
Trd, 4319866.093, 105
Trd, 4319866.193, 113
Trd, 4319868.543, 104
Trd, 4319869.243, 105
Trd, 4319870.343, 105
Trd, 4319871.443, 113
Trd, 4319872.243, 93
Trd, 4319872.643, 112
Trd, 4319873.943, 111
Trd, 4319874.043, 91
Trd, 4319874.793, 100
Trd, 4319876.493, 108
Trd, 4319878.443, 103
Trd, 4319879.193, 101
Trd, 4319879.893, 110
Trd, 4319882.593, 88
Trd, 4319882.893, 101
Trd, 4319884.393, 99
Trd, 4319884.793, 104
Trd, 4319885.143, 105
Trd, 4319885.243, 102
Trd, 4319886.543, 91
Trd, 4319892.643, 102
Trd, 4319893.793, 95
Trd, 4319893.893, 100
Trd, 4319894.243, 101
Trd, 4319894.693, 94
Trd, 4319895.693, 105
Trd, 4319898.543, 108
Trd, 4319898.743, 113
Trd, 4319899.893, 98
Trd, 4319901.893, 112
Trd, 4319902.243, 106
Trd, 4319903.893, 106
Trd, 4319904.443, 102
Trd, 4319905.693, 107
Trd, 4319908.243, 100
Trd, 4319908.993, 106
Trd, 4319910.593, 104
Trd, 4319911.943, 102
Trd, 4319912.993, 103
Trd, 4319913.693, 105
Trd, 4319913.943, 98
Trd, 4319915.293, 100
Trd, 4319916.893, 100
Trd, 4319918.343, 100
Trd, 4319918.793, 105
Trd, 4319919.793, 111
Trd, 4319922.993, 82
Trd, 4319923.443, 104
Trd, 4319925.143, 103
Trd, 4319925.193, 104
Trd, 4319927.193, 113
Trd, 4319927.893, 94
Trd, 4319931.643, 103
Trd, 4319932.243, 105
Trd, 4319932.693, 107
Trd, 4319932.893, 102
Trd, 4319934.293, 96
Trd, 4319935.043, 104
Trd, 4319939.343, 99
Trd, 4319941.243, 99
Trd, 4319941.443, 104
Trd, 4319942.443, 86
Trd, 4319943.043, 104
Trd, 4319943.743, 104
Trd, 4319945.743, 104
Trd, 4319946.143, 102
Trd, 4319946.593, 105
Trd, 4319948.393, 90
Trd, 4319949.193, 103
Trd, 4319950.593, 102
Trd, 4319954.043, 94
Trd, 4319954.443, 100
Trd, 4319955.393, 90
Trd, 4319955.693, 100
Trd, 4319955.943, 106
Trd, 4319957.343, 94
Trd, 4319958.093, 113
Trd, 4319959.693, 100
Trd, 4319960.643, 93
Trd, 4319961.293, 100
Trd, 4319963.793, 99
Trd, 4319966.343, 99
Trd, 4319966.543, 91
Trd, 4319968.243, 105
Trd, 4319969.143, 90
Trd, 4319969.343, 106
Trd, 4319971.993, 102
Trd, 4319974.543, 105
Trd, 4319975.543, 102
Trd, 4319976.393, 99
Trd, 4319977.243, 115
Trd, 4319978.543, 104
Trd, 4319979.243, 105
Trd, 4319980.343, 102
Trd, 4319981.543, 101
Trd, 4319982.393, 104
Trd, 4319983.043, 108
Trd, 4319983.643, 110
Trd, 4319983.843, 102
Trd, 4319985.093, 106
Trd, 4319985.743, 94
Trd, 4319985.993, 121
Trd, 4319989.693, 106
Trd, 4319990.143, 94
Trd, 4319990.293, 109
Trd, 4319991.193, 92
Trd, 4319992.293, 102
Trd, 4319993.343, 100
Trd, 4319994.243, 101
Trd, 4319994.643, 98
Trd, 4319995.443, 104
Trd, 4319995.943, 98
Trd, 4319997.593, 92
Trd, 4319999.093, 101
