Trd, 4317876.643, 107
Trd, 4317878.843, 107
Trd, 4317881.293, 107
Trd, 4317883.593, 104
Trd, 4317885.143, 107
Trd, 4317886.093, 103
Trd, 4317886.493, 113
Trd, 4317887.143, 102
Trd, 4317888.343, 92
Trd, 4317890.093, 104
Trd, 4317893.193, 104
Trd, 4317893.293, 104
Trd, 4317894.243, 105
Trd, 4317894.993, 104
Trd, 4317895.243, 113
Trd, 4317897.843, 103
Trd, 4317900.743, 102
Trd, 4317902.943, 102
Trd, 4317903.593, 107
Trd, 4317905.443, 102
Trd, 4317906.893, 103
Trd, 4317906.943, 102
Trd, 4317908.493, 102
Trd, 4317909.193, 102
Trd, 4317910.593, 105
Trd, 4317911.793, 102
Trd, 4317912.293, 104
Trd, 4317912.593, 113
Trd, 4317913.943, 101
Trd, 4317915.293, 101
Trd, 4317915.593, 105
Trd, 4317916.943, 83
Trd, 4317919.643, 91
Trd, 4317920.243, 99
Trd, 4317921.393, 95
Trd, 4317923.693, 99
Trd, 4317924.193, 122
Trd, 4317926.893, 116
Trd, 4317927.443, 115
Trd, 4317927.593, 114
Trd, 4317929.843, 112
Trd, 4317929.893, 112
Trd, 4317931.793, 111
Trd, 4317932.543, 113
Trd, 4317933.093, 113
Trd, 4317937.443, 120
Trd, 4317937.943, 118
Trd, 4317939.643, 106
Trd, 4317940.293, 115
Trd, 4317940.693, 104
Trd, 4317944.793, 113
Trd, 4317946.043, 108
Trd, 4317946.143, 107
Trd, 4317946.293, 113
Trd, 4317947.093, 104
Trd, 4317948.743, 113
Trd, 4317951.643, 94
Trd, 4317951.993, 94
Trd, 4317952.243, 97
Trd, 4317952.793, 102
Trd, 4317954.943, 97
Trd, 4317955.493, 94
Trd, 4317956.293, 102
Trd, 4317958.143, 99
Trd, 4317958.643, 94
Trd, 4317959.243, 98
Trd, 4317961.693, 98
Trd, 4317964.243, 97
Trd, 4317965.693, 122
Trd, 4317965.943, 109
Trd, 4317966.193, 104
Trd, 4317968.043, 105
Trd, 4317968.543, 104
Trd, 4317969.043, 107
Trd, 4317971.093, 106
Trd, 4317973.893, 106
Trd, 4317974.143, 104
Trd, 4317975.493, 111
Trd, 4317975.543, 104
Trd, 4317978.843, 107
Trd, 4317979.293, 107
Trd, 4317980.343, 104
Trd, 4317981.293, 103
Trd, 4317982.493, 101
Trd, 4317982.643, 105
Trd, 4317985.293, 103
Trd, 4317985.393, 104
Trd, 4317986.893, 103
Trd, 4317986.993, 105
Trd, 4317989.743, 107
Trd, 4317991.793, 105
Trd, 4317995.093, 105
Trd, 4317995.143, 106
Trd, 4317996.343, 105
Trd, 4317998.343, 111
Trd, 4317999.543, 110
Trd, 4318001.693, 114
Trd, 4318004.293, 110
Trd, 4318004.743, 108
Trd, 4318004.993, 104
Trd, 4318005.943, 110
Trd, 4318007.393, 106
Trd, 4318009.143, 110
Trd, 4318009.843, 104
Trd, 4318011.393, 104
Trd, 4318012.093, 110
Trd, 4318013.793, 104
Trd, 4318013.893, 104
Trd, 4318014.293, 114
Trd, 4318015.243, 102
Trd, 4318017.093, 102
Trd, 4318017.643, 93
Trd, 4318018.493, 114
Trd, 4318018.843, 105
Trd, 4318020.193, 97
Trd, 4318022.843, 98
Trd, 4318022.943, 98
Trd, 4318024.593, 114
Trd, 4318025.893, 97
Trd, 4318029.143, 102
Trd, 4318029.843, 100
Trd, 4318030.493, 94
Trd, 4318031.843, 98
Trd, 4318035.443, 98
Trd, 4318035.693, 99
Trd, 4318036.143, 97
Trd, 4318036.643, 101
Trd, 4318039.743, 100
Trd, 4318041.293, 100
Trd, 4318041.593, 99
Trd, 4318042.243, 113
Trd, 4318043.943, 94
Trd, 4318044.443, 103
Trd, 4318045.593, 97
Trd, 4318047.193, 101
Trd, 4318049.143, 101
Trd, 4318050.243, 99
Trd, 4318052.793, 104
Trd, 4318053.543, 113
Trd, 4318054.693, 108
Trd, 4318055.443, 108
Trd, 4318056.443, 97
Trd, 4318056.543, 93
Trd, 4318059.443, 111
Trd, 4318061.543, 106
Trd, 4318061.693, 113
Trd, 4318062.993, 107
Trd, 4318064.343, 106
Trd, 4318066.193, 109
Trd, 4318066.343, 105
Trd, 4318066.793, 104
Trd, 4318067.743, 113
Trd, 4318068.793, 84
Trd, 4318068.893, 113
Trd, 4318071.543, 100
Trd, 4318073.343, 100
Trd, 4318073.593, 101
Trd, 4318073.793, 99
Trd, 4318076.593, 98
Trd, 4318077.443, 97
Trd, 4318078.343, 99
Trd, 4318079.993, 97
Trd, 4318080.743, 98
Trd, 4318081.043, 96
Trd, 4318082.593, 97
Trd, 4318084.043, 95
Trd, 4318086.193, 95
Trd, 4318086.893, 95
Trd, 4318089.943, 97
Trd, 4318090.443, 98
Trd, 4318090.693, 113
Trd, 4318093.343, 99
Trd, 4318095.243, 96
Trd, 4318097.043, 97
Trd, 4318098.843, 99
Trd, 4318100.393, 99
Trd, 4318101.393, 100
Trd, 4318103.343, 100
Trd, 4318104.193, 99
Trd, 4318105.943, 98
Trd, 4318106.143, 99
Trd, 4318106.643, 99
Trd, 4318108.443, 113
Trd, 4318108.593, 97
Trd, 4318109.843, 105
Trd, 4318112.493, 99
Trd, 4318114.193, 99
Trd, 4318114.243, 98
Trd, 4318115.043, 99
Trd, 4318116.443, 98
Trd, 4318116.943, 94
Trd, 4318118.643, 99
Trd, 4318119.993, 99
Trd, 4318120.193, 97
Trd, 4318121.093, 95
Trd, 4318123.193, 100
Trd, 4318123.943, 97
Trd, 4318124.493, 113
Trd, 4318126.893, 101
Trd, 4318126.943, 96
Trd, 4318130.593, 99
Trd, 4318131.143, 113
Trd, 4318132.593, 104
Trd, 4318133.293, 103
Trd, 4318136.093, 103
Trd, 4318136.293, 101
Trd, 4318137.193, 114
Trd, 4318138.843, 114
Trd, 4318139.243, 109
Trd, 4318141.093, 111
Trd, 4318144.093, 102
Trd, 4318144.793, 105
Trd, 4318145.243, 101
Trd, 4318145.893, 106
Trd, 4318146.193, 105
Trd, 4318147.543, 106
Trd, 4318150.443, 94
Trd, 4318151.793, 98
Trd, 4318152.043, 106
Trd, 4318153.243, 114
Trd, 4318155.193, 107
Trd, 4318157.093, 103
Trd, 4318159.093, 106
Trd, 4318160.093, 106
Trd, 4318160.793, 103
Trd, 4318163.243, 106
Trd, 4318163.593, 116
Trd, 4318164.343, 122
Trd, 4318164.693, 115
Trd, 4318167.143, 108
Trd, 4318168.293, 110
Trd, 4318170.443, 108
Trd, 4318171.993, 115
Trd, 4318172.793, 94
Trd, 4318173.243, 104
Trd, 4318174.343, 97
Trd, 4318175.943, 98
Trd, 4318176.693, 98
Trd, 4318177.493, 94
Trd, 4318178.643, 114
Trd, 4318179.193, 83
Trd, 4318179.843, 103
Trd, 4318183.393, 99
Trd, 4318185.043, 109
Trd, 4318185.343, 102
Trd, 4318185.993, 122
Trd, 4318187.443, 121
Trd, 4318188.293, 114
Trd, 4318188.393, 112
Trd, 4318192.293, 99
Trd, 4318192.443, 105
Trd, 4318192.493, 105
Trd, 4318193.193, 113
Trd, 4318196.493, 106
Trd, 4318196.643, 106
Trd, 4318196.793, 113
Trd, 4318198.293, 99
Trd, 4318198.593, 110
Trd, 4318198.943, 94
Trd, 4318200.543, 97
Trd, 4318201.693, 116
Trd, 4318202.493, 92
Trd, 4318203.293, 112
Trd, 4318206.193, 104
Trd, 4318206.793, 104
Trd, 4318207.443, 112
Trd, 4318208.143, 103
Trd, 4318208.593, 101
Trd, 4318208.893, 113
Trd, 4318211.293, 112
Trd, 4318211.843, 104
Trd, 4318214.543, 111
Trd, 4318215.193, 104
Trd, 4318215.793, 104
Trd, 4318217.443, 113
Trd, 4318217.493, 122
Trd, 4318217.743, 104
Trd, 4318219.043, 110
Trd, 4318222.693, 111
Trd, 4318223.093, 108
Trd, 4318223.793, 111
Trd, 4318224.243, 107
Trd, 4318226.593, 106
Trd, 4318226.743, 108
Trd, 4318229.243, 114
Trd, 4318230.343, 85
Trd, 4318230.643, 99
Trd, 4318231.193, 95
Trd, 4318231.393, 88
Trd, 4318232.593, 95
Trd, 4318232.943, 114
Trd, 4318233.293, 84
Trd, 4318235.243, 99
Trd, 4318239.993, 94
Trd, 4318241.093, 95
Trd, 4318241.893, 94
Trd, 4318242.493, 96
Trd, 4318242.643, 95
Trd, 4318243.493, 95
Trd, 4318244.543, 95
Trd, 4318245.943, 96
Trd, 4318246.243, 94
Trd, 4318246.493, 97
Trd, 4318250.493, 97
Trd, 4318251.243, 97
Trd, 4318251.843, 92
Trd, 4318252.943, 99
Trd, 4318254.493, 101
Trd, 4318254.943, 100
Trd, 4318255.243, 114
Trd, 4318255.743, 93
Trd, 4318256.143, 92
Trd, 4318257.293, 113
Trd, 4318259.943, 96
Trd, 4318261.043, 105
Trd, 4318262.093, 96
Trd, 4318262.843, 95
Trd, 4318263.343, 105
Trd, 4318263.993, 94
Trd, 4318267.293, 102
Trd, 4318267.343, 105
Trd, 4318268.843, 99
Trd, 4318271.943, 95
Trd, 4318274.443, 97
Trd, 4318274.893, 98
Trd, 4318275.643, 97
Trd, 4318276.993, 97
Trd, 4318278.193, 98
Trd, 4318281.093, 99
Trd, 4318281.393, 96
Trd, 4318283.243, 102
Trd, 4318283.743, 102
Trd, 4318284.043, 113
Trd, 4318285.843, 103
Trd, 4318287.293, 105
Trd, 4318287.593, 103
Trd, 4318288.443, 106
Trd, 4318290.843, 104
Trd, 4318291.543, 102
Trd, 4318293.643, 103
Trd, 4318295.043, 104
Trd, 4318296.043, 104
Trd, 4318297.893, 104
Trd, 4318297.943, 113
Trd, 4318299.543, 104
Trd, 4318300.293, 94
Trd, 4318303.293, 106
Trd, 4318303.643, 108
Trd, 4318304.143, 103
Trd, 4318304.793, 103
Trd, 4318306.393, 104
Trd, 4318307.743, 107
Trd, 4318310.093, 102
Trd, 4318310.293, 101
Trd, 4318311.093, 113
Trd, 4318312.193, 108
Trd, 4318313.293, 95
Trd, 4318313.993, 109
Trd, 4318317.793, 105
Trd, 4318318.843, 109
Trd, 4318319.343, 108
Trd, 4318321.343, 113
Trd, 4318321.393, 107
Trd, 4318322.593, 104
Trd, 4318323.943, 110
Trd, 4318325.043, 108
Trd, 4318326.093, 107
Trd, 4318327.693, 110
Trd, 4318329.143, 105
Trd, 4318329.743, 110
Trd, 4318331.693, 106
Trd, 4318332.743, 113
Trd, 4318333.293, 105
Trd, 4318334.393, 104
Trd, 4318336.493, 105
Trd, 4318337.593, 111
Trd, 4318337.743, 111
Trd, 4318338.743, 105
Trd, 4318340.243, 95
Trd, 4318340.743, 108
Trd, 4318342.093, 86
Trd, 4318343.693, 102
Trd, 4318344.093, 93
Trd, 4318345.793, 98
Trd, 4318346.193, 99
Trd, 4318347.443, 113
Trd, 4318348.943, 91
Trd, 4318349.943, 94
Trd, 4318352.743, 95
Trd, 4318353.243, 97
Trd, 4318354.193, 99
Trd, 4318355.093, 99
Trd, 4318357.393, 98
Trd, 4318358.043, 99
Trd, 4318359.843, 103
Trd, 4318360.693, 102
Trd, 4318361.143, 113
Trd, 4318362.843, 101
Trd, 4318363.293, 94
Trd, 4318363.643, 106
Trd, 4318365.693, 101
Trd, 4318366.793, 102
Trd, 4318367.393, 102
Trd, 4318368.243, 100
Trd, 4318368.543, 94
Trd, 4318369.543, 102
Trd, 4318370.243, 99
Trd, 4318370.493, 122
Trd, 4318373.543, 102
Trd, 4318373.693, 100
Trd, 4318376.643, 104
Trd, 4318377.293, 105
Trd, 4318377.693, 106
Trd, 4318379.643, 106
Trd, 4318381.693, 105
Trd, 4318384.093, 104
Trd, 4318385.093, 106
Trd, 4318386.343, 106
Trd, 4318386.643, 103
Trd, 4318387.593, 110
Trd, 4318388.693, 105
Trd, 4318391.193, 107
Trd, 4318393.843, 104
Trd, 4318394.643, 107
Trd, 4318395.593, 107
Trd, 4318397.243, 105
Trd, 4318397.993, 104
Trd, 4318400.643, 106
Trd, 4318402.993, 104
Trd, 4318403.193, 105
Trd, 4318404.343, 103
Trd, 4318404.993, 104
Trd, 4318406.293, 102
Trd, 4318407.143, 95
Trd, 4318408.793, 105
Trd, 4318409.343, 99
Trd, 4318411.593, 104
Trd, 4318411.893, 105
Trd, 4318415.043, 102
Trd, 4318415.593, 101
Trd, 4318415.943, 100
Trd, 4318416.043, 103
Trd, 4318418.093, 100
Trd, 4318420.743, 115
Trd, 4318421.143, 99
Trd, 4318421.493, 107
Trd, 4318422.993, 105
Trd, 4318423.943, 103
Trd, 4318424.543, 101
Trd, 4318425.793, 117
Trd, 4318427.193, 107
Trd, 4318429.443, 106
Trd, 4318429.893, 108
Trd, 4318431.293, 106
Trd, 4318432.143, 105
Trd, 4318432.793, 107
Trd, 4318433.493, 107
Trd, 4318435.293, 114
Trd, 4318436.343, 105
Trd, 4318436.543, 104
Trd, 4318438.443, 93
Trd, 4318440.193, 96
Trd, 4318441.393, 98
Trd, 4318444.193, 105
Trd, 4318445.493, 114
Trd, 4318446.193, 104
Trd, 4318446.293, 104
Trd, 4318446.693, 104
Trd, 4318447.143, 93
Trd, 4318449.093, 104
Trd, 4318449.893, 106
Trd, 4318450.143, 114
Trd, 4318452.793, 106
Trd, 4318454.393, 108
Trd, 4318455.393, 106
Trd, 4318456.393, 114
Trd, 4318456.593, 91
Trd, 4318458.293, 115
Trd, 4318458.643, 122
Trd, 4318459.643, 111
Trd, 4318460.243, 105
Trd, 4318463.793, 110
Trd, 4318463.843, 108
Trd, 4318465.393, 110
Trd, 4318467.543, 90
Trd, 4318468.243, 102
Trd, 4318468.493, 113
Trd, 4318472.193, 106
Trd, 4318473.993, 104
Trd, 4318474.493, 102
Trd, 4318476.043, 102
Trd, 4318477.693, 94
Trd, 4318478.543, 102
Trd, 4318479.743, 102
Trd, 4318479.793, 98
Trd, 4318483.193, 98
Trd, 4318485.043, 101
Trd, 4318485.643, 113
Trd, 4318486.243, 98
Trd, 4318490.143, 98
Trd, 4318490.593, 101
Trd, 4318490.693, 101
Trd, 4318490.893, 96
Trd, 4318492.193, 101
Trd, 4318496.493, 100
Trd, 4318496.993, 100
Trd, 4318497.543, 98
Trd, 4318499.043, 110
Trd, 4318501.293, 102
Trd, 4318501.793, 113
Trd, 4318503.643, 101
Trd, 4318505.993, 105
Trd, 4318506.893, 105
Trd, 4318507.193, 94
Trd, 4318509.343, 113
Trd, 4318511.093, 107
Trd, 4318512.243, 107
Trd, 4318512.643, 106
Trd, 4318513.093, 104
Trd, 4318514.243, 103
Trd, 4318515.893, 107
Trd, 4318516.943, 102
Trd, 4318517.993, 102
Trd, 4318521.193, 106
Trd, 4318521.693, 103
Trd, 4318522.393, 106
Trd, 4318523.643, 114
Trd, 4318524.043, 104
Trd, 4318526.893, 104
Trd, 4318530.243, 107
Trd, 4318531.693, 107
Trd, 4318531.993, 104
Trd, 4318532.043, 102
Trd, 4318534.293, 107
Trd, 4318535.893, 102
Trd, 4318536.243, 101
Trd, 4318537.043, 107
Trd, 4318538.793, 94
Trd, 4318542.193, 101
Trd, 4318543.743, 101
Trd, 4318544.093, 102
Trd, 4318545.743, 113
Trd, 4318546.193, 101
Trd, 4318546.643, 105
Trd, 4318548.243, 101
Trd, 4318550.543, 102
Trd, 4318552.043, 102
Trd, 4318553.043, 113
Trd, 4318553.993, 102
Trd, 4318554.443, 111
Trd, 4318554.743, 111
Trd, 4318555.593, 94
Trd, 4318556.493, 108
Trd, 4318558.293, 107
Trd, 4318558.543, 113
Trd, 4318559.443, 102
Trd, 4318561.093, 97
Trd, 4318563.893, 101
Trd, 4318564.793, 100
Trd, 4318566.443, 103
Trd, 4318567.243, 104
Trd, 4318567.343, 122
Trd, 4318567.993, 104
Trd, 4318568.243, 93
Trd, 4318569.343, 113
Trd, 4318569.793, 85
Trd, 4318570.593, 115
Trd, 4318573.243, 99
Trd, 4318573.843, 101
Trd, 4318574.843, 103
Trd, 4318575.893, 104
Trd, 4318577.293, 115
Trd, 4318578.643, 103
Trd, 4318579.593, 122
Trd, 4318580.543, 129
Trd, 4318580.993, 112
Trd, 4318582.543, 104
Trd, 4318585.193, 113
Trd, 4318587.093, 109
Trd, 4318587.443, 109
Trd, 4318588.243, 104
Trd, 4318589.343, 107
Trd, 4318589.493, 113
Trd, 4318591.893, 108
Trd, 4318594.443, 107
Trd, 4318596.643, 106
Trd, 4318597.393, 102
Trd, 4318599.643, 103
Trd, 4318600.093, 113
Trd, 4318601.893, 109
Trd, 4318601.993, 103
Trd, 4318605.143, 108
Trd, 4318606.343, 105
Trd, 4318607.443, 107
Trd, 4318610.343, 113
Trd, 4318611.393, 131
Trd, 4318612.043, 106
Trd, 4318613.443, 104
Trd, 4318613.943, 106
Trd, 4318614.293, 111
Trd, 4318616.343, 105
Trd, 4318618.393, 104
Trd, 4318618.843, 100
Trd, 4318618.893, 95
Trd, 4318620.943, 94
Trd, 4318621.693, 98
Trd, 4318621.993, 99
Trd, 4318623.993, 113
Trd, 4318624.043, 97
Trd, 4318625.793, 104
Trd, 4318626.843, 102
Trd, 4318628.293, 102
Trd, 4318628.893, 113
Trd, 4318631.443, 95
Trd, 4318632.093, 103
Trd, 4318632.493, 94
Trd, 4318633.343, 103
Trd, 4318635.293, 101
Trd, 4318636.543, 104
Trd, 4318637.593, 104
Trd, 4318640.293, 104
Trd, 4318642.443, 113
Trd, 4318643.593, 105
Trd, 4318647.543, 105
Trd, 4318647.943, 104
Trd, 4318648.043, 98
Trd, 4318648.343, 113
Trd, 4318648.643, 93
Trd, 4318652.743, 100
Trd, 4318653.493, 99
Trd, 4318653.793, 97
Trd, 4318654.343, 103
Trd, 4318654.493, 103
Trd, 4318657.393, 96
Trd, 4318658.143, 113
Trd, 4318658.243, 123
Trd, 4318659.093, 95
Trd, 4318659.893, 101
Trd, 4318663.143, 101
Trd, 4318665.893, 100
Trd, 4318667.343, 102
Trd, 4318668.093, 116
Trd, 4318668.893, 109
Trd, 4318669.543, 108
Trd, 4318670.143, 104
Trd, 4318670.243, 108
Trd, 4318671.743, 108
Trd, 4318672.893, 99
Trd, 4318674.343, 106
Trd, 4318675.943, 95
Trd, 4318677.893, 104
Trd, 4318679.893, 103
Trd, 4318680.693, 112
Trd, 4318681.343, 105
Trd, 4318683.893, 109
Trd, 4318684.093, 108
Trd, 4318684.493, 113
Trd, 4318688.443, 109
Trd, 4318689.043, 109
Trd, 4318689.893, 108
Trd, 4318691.193, 107
Trd, 4318691.393, 108
Trd, 4318691.493, 104
Trd, 4318692.393, 90
Trd, 4318693.143, 113
Trd, 4318695.443, 122
Trd, 4318695.543, 112
Trd, 4318697.393, 112
Trd, 4318699.093, 110
Trd, 4318699.193, 93
Trd, 4318703.293, 112
Trd, 4318704.243, 110
Trd, 4318704.443, 104
Trd, 4318706.643, 104
Trd, 4318706.993, 103
Trd, 4318707.843, 113
Trd, 4318710.143, 109
Trd, 4318712.143, 107
Trd, 4318713.243, 107
Trd, 4318715.793, 104
Trd, 4318715.843, 106
Trd, 4318716.343, 103
Trd, 4318716.843, 113
Trd, 4318719.393, 104
Trd, 4318719.443, 102
Trd, 4318720.343, 101
Trd, 4318724.543, 107
Trd, 4318725.293, 113
Trd, 4318726.043, 106
Trd, 4318728.743, 111
Trd, 4318729.993, 105
Trd, 4318730.993, 95
Trd, 4318731.243, 108
Trd, 4318734.643, 104
Trd, 4318735.043, 103
Trd, 4318735.693, 108
Trd, 4318736.043, 109
Trd, 4318736.093, 103
Trd, 4318738.443, 108
Trd, 4318739.193, 102
Trd, 4318740.893, 102
Trd, 4318741.043, 107
Trd, 4318741.143, 113
Trd, 4318744.293, 104
Trd, 4318744.793, 107
Trd, 4318745.193, 94
Trd, 4318745.693, 110
Trd, 4318746.443, 104
Trd, 4318747.943, 109
Trd, 4318748.393, 104
Trd, 4318749.193, 103
Trd, 4318750.693, 113
Trd, 4318753.143, 109
Trd, 4318753.443, 102
Trd, 4318755.543, 104
Trd, 4318756.593, 104
Trd, 4318758.693, 105
Trd, 4318759.743, 105
Trd, 4318763.943, 104
Trd, 4318765.493, 105
Trd, 4318765.643, 102
Trd, 4318765.993, 103
Trd, 4318766.143, 105
Trd, 4318770.193, 105
Trd, 4318770.943, 105
Trd, 4318771.293, 104
Trd, 4318773.993, 104
Trd, 4318775.643, 103
Trd, 4318775.993, 103
Trd, 4318776.643, 106
Trd, 4318777.043, 113
Trd, 4318781.343, 104
Trd, 4318781.593, 109
Trd, 4318785.343, 103
Trd, 4318785.493, 103
Trd, 4318785.943, 108
Trd, 4318786.093, 108
Trd, 4318786.343, 95
Trd, 4318788.993, 104
Trd, 4318789.093, 108
Trd, 4318790.443, 113
Trd, 4318792.193, 109
Trd, 4318793.593, 109
Trd, 4318794.893, 94
Trd, 4318796.743, 101
Trd, 4318796.793, 109
Trd, 4318798.443, 104
Trd, 4318800.043, 104
Trd, 4318800.393, 92
Trd, 4318800.893, 96
Trd, 4318802.743, 92
Trd, 4318804.343, 95
Trd, 4318804.943, 96
Trd, 4318806.543, 95
Trd, 4318809.843, 97
Trd, 4318810.243, 94
Trd, 4318810.943, 113
Trd, 4318811.043, 93
Trd, 4318813.043, 99
Trd, 4318814.643, 100
Trd, 4318814.793, 113
Trd, 4318814.993, 102
Trd, 4318819.393, 105
Trd, 4318819.893, 102
Trd, 4318821.243, 103
Trd, 4318822.743, 113
Trd, 4318823.793, 96
Trd, 4318824.893, 92
Trd, 4318824.943, 105
Trd, 4318828.343, 98
Trd, 4318831.493, 97
Trd, 4318832.643, 99
Trd, 4318832.793, 97
Trd, 4318832.843, 99
Trd, 4318832.993, 101
Trd, 4318837.643, 96
Trd, 4318838.693, 98
Trd, 4318841.943, 98
Trd, 4318843.643, 99
Trd, 4318844.043, 99
Trd, 4318845.443, 113
Trd, 4318846.543, 99
Trd, 4318848.643, 102
Trd, 4318849.143, 101
Trd, 4318850.393, 122
Trd, 4318851.793, 113
Trd, 4318852.243, 108
Trd, 4318853.743, 110
Trd, 4318853.843, 104
Trd, 4318854.843, 113
Trd, 4318857.243, 112
Trd, 4318857.293, 113
Trd, 4318858.593, 104
Trd, 4318859.593, 102
Trd, 4318862.543, 101
Trd, 4318863.293, 96
Trd, 4318865.393, 104
Trd, 4318865.743, 113
Trd, 4318867.043, 104
Trd, 4318867.843, 104
Trd, 4318868.043, 102
Trd, 4318868.143, 101
Trd, 4318871.243, 101
Trd, 4318873.193, 104
Trd, 4318874.143, 104
Trd, 4318877.793, 104
Trd, 4318878.243, 109
Trd, 4318880.593, 104
Trd, 4318882.193, 106
Trd, 4318882.243, 113
Trd, 4318882.893, 103
Trd, 4318886.643, 101
Trd, 4318886.943, 107
Trd, 4318887.993, 107
Trd, 4318888.293, 102
Trd, 4318890.993, 102
Trd, 4318892.243, 101
Trd, 4318892.693, 94
Trd, 4318894.643, 105
Trd, 4318896.843, 105
Trd, 4318897.043, 102
Trd, 4318897.193, 113
Trd, 4318897.943, 101
Trd, 4318899.543, 103
Trd, 4318900.193, 104
Trd, 4318901.493, 113
Trd, 4318902.443, 140
Trd, 4318904.343, 116
Trd, 4318904.643, 104
Trd, 4318906.043, 116
Trd, 4318907.393, 113
Trd, 4318909.593, 113
Trd, 4318909.993, 111
Trd, 4318911.893, 103
Trd, 4318912.343, 104
Trd, 4318914.593, 106
Trd, 4318915.593, 105
Trd, 4318916.443, 99
Trd, 4318916.743, 92
Trd, 4318917.093, 98
Trd, 4318920.693, 95
Trd, 4318921.543, 99
Trd, 4318922.743, 113
Trd, 4318923.093, 104
Trd, 4318923.593, 103
Trd, 4318927.093, 104
Trd, 4318928.693, 103
Trd, 4318929.143, 103
Trd, 4318930.043, 113
Trd, 4318931.143, 94
Trd, 4318932.543, 105
Trd, 4318932.743, 122
Trd, 4318934.743, 109
Trd, 4318935.793, 113
Trd, 4318935.993, 107
Trd, 4318937.493, 110
Trd, 4318937.743, 114
Trd, 4318941.493, 109
Trd, 4318944.393, 111
Trd, 4318944.993, 111
Trd, 4318945.393, 109
Trd, 4318946.643, 113
Trd, 4318947.793, 107
Trd, 4318948.343, 112
Trd, 4318948.493, 104
Trd, 4318948.893, 107
Trd, 4318952.193, 100
Trd, 4318952.443, 99
Trd, 4318952.743, 92
Trd, 4318954.293, 99
Trd, 4318956.193, 97
Trd, 4318956.693, 98
Trd, 4318957.693, 113
Trd, 4318958.993, 96
Trd, 4318959.343, 113
Trd, 4318961.093, 100
Trd, 4318961.343, 104
Trd, 4318961.443, 99
Trd, 4318964.693, 104
Trd, 4318967.393, 106
Trd, 4318968.243, 122
Trd, 4318969.493, 105
Trd, 4318969.743, 115
Trd, 4318975.043, 105
Trd, 4318975.193, 110
Trd, 4318977.193, 104
Trd, 4318977.593, 110
Trd, 4318978.593, 104
Trd, 4318978.693, 111
Trd, 4318979.043, 104
Trd, 4318985.793, 109
Trd, 4318986.143, 110
Trd, 4318986.393, 104
Trd, 4318988.893, 110
Trd, 4318990.343, 104
Trd, 4318991.093, 108
Trd, 4318992.143, 105
Trd, 4318993.593, 104
Trd, 4318994.393, 108
Trd, 4318997.493, 104
Trd, 4318999.343, 104
Trd, 4319000.793, 106
Trd, 4319001.443, 106
Trd, 4319003.893, 106
Trd, 4319004.043, 104
Trd, 4319004.443, 122
Trd, 4319005.293, 111
Trd, 4319008.343, 110
Trd, 4319010.093, 105
Trd, 4319010.693, 105
Trd, 4319010.743, 104
Trd, 4319012.043, 100
Trd, 4319013.593, 94
Trd, 4319016.443, 106
Trd, 4319018.293, 103
Trd, 4319018.593, 105
Trd, 4319018.943, 112
Trd, 4319021.443, 101
Trd, 4319023.143, 104
Trd, 4319024.043, 105
Trd, 4319026.943, 106
Trd, 4319027.843, 113
Trd, 4319030.343, 109
Trd, 4319031.443, 110
Trd, 4319033.493, 121
Trd, 4319034.743, 111
Trd, 4319035.793, 94
Trd, 4319036.043, 114
Trd, 4319037.843, 107
Trd, 4319038.343, 101
Trd, 4319041.943, 105
Trd, 4319043.643, 106
Trd, 4319043.793, 113
Trd, 4319044.043, 104
Trd, 4319046.043, 105
Trd, 4319047.393, 104
Trd, 4319047.493, 109
Trd, 4319048.393, 103
Trd, 4319049.993, 106
Trd, 4319050.093, 102
Trd, 4319050.743, 103
Trd, 4319052.543, 106
Trd, 4319054.093, 106
Trd, 4319055.043, 102
Trd, 4319057.943, 103
Trd, 4319058.443, 101
Trd, 4319058.593, 93
Trd, 4319060.093, 122
Trd, 4319062.143, 108
Trd, 4319062.393, 104
Trd, 4319064.193, 116
Trd, 4319065.643, 104
Trd, 4319065.793, 111
Trd, 4319067.143, 101
Trd, 4319068.243, 111
Trd, 4319068.493, 100
Trd, 4319070.043, 113
Trd, 4319072.293, 100
Trd, 4319074.443, 109
Trd, 4319075.243, 109
Trd, 4319076.543, 94
Trd, 4319079.593, 109
Trd, 4319081.693, 100
Trd, 4319082.693, 101
Trd, 4319083.043, 99
Trd, 4319083.593, 96
Trd, 4319084.493, 94
Trd, 4319085.243, 98
Trd, 4319085.893, 104
Trd, 4319089.093, 99
Trd, 4319089.193, 113
Trd, 4319090.193, 97
Trd, 4319090.443, 100
Trd, 4319093.593, 100
Trd, 4319094.543, 100
Trd, 4319095.143, 99
Trd, 4319095.443, 98
Trd, 4319096.743, 112
Trd, 4319096.943, 97
Trd, 4319099.993, 102
Trd, 4319100.543, 107
Trd, 4319101.843, 103
Trd, 4319102.643, 101
Trd, 4319103.943, 113
Trd, 4319105.443, 94
Trd, 4319108.393, 102
Trd, 4319108.643, 101
Trd, 4319110.243, 100
Trd, 4319110.843, 101
Trd, 4319111.193, 99
Trd, 4319111.643, 137
Trd, 4319115.093, 104
Trd, 4319115.443, 104
Trd, 4319116.593, 114
Trd, 4319118.543, 127
Trd, 4319119.343, 137
Trd, 4319121.093, 114
Trd, 4319122.693, 112
Trd, 4319123.693, 117
Trd, 4319124.993, 118
Trd, 4319126.793, 119
Trd, 4319129.043, 111
Trd, 4319131.843, 115
Trd, 4319132.643, 112
Trd, 4319134.493, 104
Trd, 4319135.493, 107
Trd, 4319135.993, 115
Trd, 4319136.743, 102
Trd, 4319139.093, 105
Trd, 4319139.343, 107
Trd, 4319140.443, 95
Trd, 4319141.793, 101
Trd, 4319142.043, 84
Trd, 4319142.693, 113
Trd, 4319144.693, 108
Trd, 4319145.143, 93
Trd, 4319146.443, 96
Trd, 4319147.693, 102
Trd, 4319149.243, 100
Trd, 4319150.093, 122
Trd, 4319151.643, 106
Trd, 4319152.343, 101
Trd, 4319153.093, 97
Trd, 4319156.093, 125
Trd, 4319156.143, 99
Trd, 4319157.393, 110
Trd, 4319158.093, 102
Trd, 4319158.643, 96
Trd, 4319159.443, 93
Trd, 4319159.943, 105
Trd, 4319161.993, 106
Trd, 4319162.493, 101
Trd, 4319162.643, 105
Trd, 4319169.043, 105
Trd, 4319169.193, 105
Trd, 4319169.693, 104
Trd, 4319170.693, 103
Trd, 4319171.243, 105
Trd, 4319171.943, 113
Trd, 4319173.993, 104
Trd, 4319176.093, 105
Trd, 4319176.443, 106
Trd, 4319176.743, 106
Trd, 4319177.493, 105
Trd, 4319180.243, 108
Trd, 4319181.143, 106
Trd, 4319183.893, 105
Trd, 4319184.643, 106
Trd, 4319186.293, 105
Trd, 4319186.693, 104
Trd, 4319187.093, 104
Trd, 4319190.693, 106
Trd, 4319193.493, 104
Trd, 4319194.593, 106
Trd, 4319194.643, 107
Trd, 4319195.993, 104
Trd, 4319196.943, 102
Trd, 4319197.443, 113
Trd, 4319200.843, 108
Trd, 4319202.743, 107
Trd, 4319203.093, 106
Trd, 4319205.143, 109
Trd, 4319206.993, 104
Trd, 4319207.943, 112
Trd, 4319209.343, 104
Trd, 4319210.493, 110
Trd, 4319213.743, 104
Trd, 4319214.043, 104
Trd, 4319214.343, 106
Trd, 4319215.693, 106
Trd, 4319217.393, 106
Trd, 4319217.893, 114
Trd, 4319219.593, 108
Trd, 4319221.643, 105
Trd, 4319223.893, 99
Trd, 4319224.343, 94
Trd, 4319224.743, 103
Trd, 4319226.543, 99
Trd, 4319227.743, 99
Trd, 4319228.043, 98
Trd, 4319230.843, 104
Trd, 4319231.193, 103
Trd, 4319231.343, 113
Trd, 4319232.043, 122
Trd, 4319232.093, 103
Trd, 4319233.393, 109
Trd, 4319235.943, 104
Trd, 4319236.393, 104
Trd, 4319237.743, 103
Trd, 4319239.293, 106
Trd, 4319239.643, 103
Trd, 4319241.393, 113
Trd, 4319244.293, 106
Trd, 4319247.593, 104
Trd, 4319249.393, 104
Trd, 4319250.693, 103
Trd, 4319252.143, 106
Trd, 4319253.143, 107
Trd, 4319253.893, 103
Trd, 4319255.693, 93
Trd, 4319256.643, 107
Trd, 4319258.043, 122
Trd, 4319259.043, 101
Trd, 4319260.893, 104
Trd, 4319262.493, 100
Trd, 4319262.643, 105
Trd, 4319264.343, 114
Trd, 4319264.943, 113
Trd, 4319265.443, 113
Trd, 4319268.243, 109
Trd, 4319268.593, 113
Trd, 4319269.243, 109
Trd, 4319269.843, 98
Trd, 4319270.743, 92
Trd, 4319272.443, 100
Trd, 4319273.893, 105
Trd, 4319274.893, 102
Trd, 4319276.143, 104
Trd, 4319277.393, 104
Trd, 4319278.743, 113
Trd, 4319280.493, 104
Trd, 4319280.893, 104
Trd, 4319282.693, 107
Trd, 4319282.743, 104
Trd, 4319283.843, 113
Trd, 4319285.143, 104
Trd, 4319287.993, 122
Trd, 4319288.743, 104
Trd, 4319291.843, 110
Trd, 4319294.393, 104
Trd, 4319294.693, 110
Trd, 4319295.743, 103
Trd, 4319297.343, 110
Trd, 4319298.693, 113
Trd, 4319299.193, 103
Trd, 4319302.893, 110
Trd, 4319306.293, 106
Trd, 4319306.543, 104
Trd, 4319307.793, 106
Trd, 4319308.793, 104
Trd, 4319309.343, 105
Trd, 4319313.493, 104
Trd, 4319313.693, 102
Trd, 4319314.243, 105
Trd, 4319316.593, 105
Trd, 4319319.743, 105
Trd, 4319320.043, 105
Trd, 4319321.893, 101
Trd, 4319323.893, 103
Trd, 4319323.993, 108
Trd, 4319326.893, 104
Trd, 4319327.343, 105
Trd, 4319328.593, 103
Trd, 4319328.793, 104
Trd, 4319331.543, 103
Trd, 4319332.243, 102
Trd, 4319332.943, 104
Trd, 4319333.393, 101
Trd, 4319333.943, 92
Trd, 4319334.093, 104
Trd, 4319337.043, 104
Trd, 4319338.293, 105
Trd, 4319339.043, 101
Trd, 4319340.393, 92
Trd, 4319340.893, 104
Trd, 4319341.543, 113
Trd, 4319342.243, 98
Trd, 4319342.943, 114
Trd, 4319343.193, 94
Trd, 4319346.493, 98
Trd, 4319347.093, 96
Trd, 4319350.343, 98
Trd, 4319350.693, 97
Trd, 4319352.093, 97
Trd, 4319352.793, 115
Trd, 4319353.043, 94
Trd, 4319354.093, 103
Trd, 4319355.693, 109
Trd, 4319357.843, 105
Trd, 4319359.393, 104
Trd, 4319360.393, 104
Trd, 4319361.443, 105
Trd, 4319363.093, 106
Trd, 4319364.143, 106
Trd, 4319366.693, 104
Trd, 4319366.743, 102
Trd, 4319368.043, 107
Trd, 4319368.693, 106
Trd, 4319370.143, 113
Trd, 4319371.443, 102
Trd, 4319373.993, 104
Trd, 4319374.493, 104
Trd, 4319374.643, 107
Trd, 4319379.093, 104
Trd, 4319382.293, 107
Trd, 4319382.843, 107
Trd, 4319383.843, 113
Trd, 4319384.993, 109
Trd, 4319385.743, 104
Trd, 4319387.943, 104
Trd, 4319389.443, 108
Trd, 4319389.643, 109
Trd, 4319391.593, 105
Trd, 4319393.793, 104
Trd, 4319395.143, 109
Trd, 4319396.143, 104
Trd, 4319396.293, 93
Trd, 4319399.093, 101
Trd, 4319400.843, 109
Trd, 4319402.893, 108
Trd, 4319403.943, 103
Trd, 4319404.743, 102
Trd, 4319404.893, 102
Trd, 4319406.993, 101
Trd, 4319409.043, 108
Trd, 4319410.443, 108
Trd, 4319410.893, 113
Trd, 4319411.243, 104
Trd, 4319413.793, 108
Trd, 4319416.093, 104
Trd, 4319416.893, 108
Trd, 4319418.693, 104
Trd, 4319419.293, 105
Trd, 4319421.193, 106
Trd, 4319421.843, 104
Trd, 4319421.943, 103
Trd, 4319424.193, 105
Trd, 4319426.793, 106
Trd, 4319427.193, 104
Trd, 4319429.993, 103
Trd, 4319431.143, 105
Trd, 4319431.193, 122
Trd, 4319432.643, 101
Trd, 4319434.943, 103
Trd, 4319435.593, 101
Trd, 4319437.593, 107
Trd, 4319440.243, 94
Trd, 4319440.543, 113
Trd, 4319440.943, 98
Trd, 4319441.993, 98
Trd, 4319444.243, 100
Trd, 4319445.693, 98
Trd, 4319445.843, 114
Trd, 4319446.143, 94
Trd, 4319448.143, 114
Trd, 4319448.743, 122
Trd, 4319450.393, 122
Trd, 4319450.843, 104
Trd, 4319452.943, 110
Trd, 4319454.593, 109
Trd, 4319454.793, 113
Trd, 4319455.093, 104
Trd, 4319456.243, 112
Trd, 4319459.343, 108
Trd, 4319460.793, 102
Trd, 4319462.643, 104
Trd, 4319463.293, 112
Trd, 4319466.193, 105
Trd, 4319466.743, 112
Trd, 4319468.093, 112
Trd, 4319470.543, 104
Trd, 4319471.593, 112
Trd, 4319471.643, 104
Trd, 4319473.593, 104
Trd, 4319475.693, 107
Trd, 4319476.893, 106
Trd, 4319477.143, 104
Trd, 4319477.643, 104
Trd, 4319480.643, 104
Trd, 4319480.693, 105
Trd, 4319481.893, 106
Trd, 4319482.693, 113
Trd, 4319483.493, 104
Trd, 4319484.393, 93
Trd, 4319486.543, 102
Trd, 4319486.593, 105
Trd, 4319488.043, 113
Trd, 4319488.443, 106
Trd, 4319491.493, 106
Trd, 4319492.443, 108
Trd, 4319493.193, 106
Trd, 4319495.243, 106
Trd, 4319495.593, 104
Trd, 4319497.443, 104
Trd, 4319498.693, 108
Trd, 4319500.043, 113
Trd, 4319502.043, 104
Trd, 4319503.543, 103
Trd, 4319505.693, 108
Trd, 4319506.593, 108
Trd, 4319508.143, 104
Trd, 4319508.343, 95
Trd, 4319508.643, 101
Trd, 4319511.393, 98
Trd, 4319511.643, 94
Trd, 4319514.993, 101
Trd, 4319516.093, 113
Trd, 4319516.443, 100
Trd, 4319516.843, 104
Trd, 4319518.743, 101
Trd, 4319521.143, 104
Trd, 4319521.393, 103
Trd, 4319523.893, 102
Trd, 4319524.993, 94
Trd, 4319525.793, 98
Trd, 4319526.043, 99
Trd, 4319527.543, 99
Trd, 4319530.343, 113
Trd, 4319531.043, 98
Trd, 4319531.543, 104
Trd, 4319531.893, 94
Trd, 4319533.043, 102
Trd, 4319534.093, 103
Trd, 4319536.193, 102
Trd, 4319537.243, 102
Trd, 4319537.343, 101
Trd, 4319539.243, 117
Trd, 4319539.843, 107
Trd, 4319540.893, 96
Trd, 4319541.793, 112
Trd, 4319544.693, 107
Trd, 4319544.943, 106
Trd, 4319546.693, 103
Trd, 4319547.193, 115
Trd, 4319547.743, 98
Trd, 4319548.793, 87
Trd, 4319549.693, 92
Trd, 4319551.093, 95
Trd, 4319552.743, 99
Trd, 4319553.493, 98
Trd, 4319554.243, 97
Trd, 4319555.893, 114
Trd, 4319556.093, 110
Trd, 4319556.393, 104
Trd, 4319557.043, 90
Trd, 4319559.543, 109
Trd, 4319560.193, 96
Trd, 4319562.143, 90
Trd, 4319562.493, 101
Trd, 4319563.443, 93
Trd, 4319564.243, 100
Trd, 4319565.843, 100
Trd, 4319567.343, 101
Trd, 4319568.493, 101
Trd, 4319570.393, 114
Trd, 4319570.543, 100
Trd, 4319572.093, 104
Trd, 4319573.793, 104
Trd, 4319574.193, 106
Trd, 4319576.793, 106
Trd, 4319577.493, 107
Trd, 4319579.393, 113
Trd, 4319579.943, 106
Trd, 4319580.793, 106
Trd, 4319582.393, 105
Trd, 4319582.743, 108
Trd, 4319583.443, 107
Trd, 4319584.193, 104
Trd, 4319584.593, 103
Trd, 4319587.643, 108
Trd, 4319588.893, 108
Trd, 4319591.293, 104
Trd, 4319592.043, 108
Trd, 4319596.243, 105
Trd, 4319597.193, 104
Trd, 4319598.243, 106
Trd, 4319600.293, 106
Trd, 4319600.893, 102
Trd, 4319601.143, 113
Trd, 4319601.793, 102
Trd, 4319603.343, 107
Trd, 4319604.793, 105
Trd, 4319606.443, 100
Trd, 4319608.093, 94
Trd, 4319609.093, 101
Trd, 4319610.393, 100
Trd, 4319611.293, 100
Trd, 4319611.693, 114
Trd, 4319612.343, 101
Trd, 4319614.543, 95
Trd, 4319615.443, 103
Trd, 4319617.393, 101
Trd, 4319618.843, 99
Trd, 4319619.443, 101
Trd, 4319621.093, 99
Trd, 4319623.443, 101
Trd, 4319623.943, 101
Trd, 4319625.143, 111
Trd, 4319627.543, 104
Trd, 4319629.693, 104
Trd, 4319630.243, 104
Trd, 4319631.393, 103
Trd, 4319631.793, 114
Trd, 4319632.193, 87
Trd, 4319633.493, 124
Trd, 4319634.243, 110
Trd, 4319635.093, 110
Trd, 4319635.593, 113
Trd, 4319637.443, 112
Trd, 4319637.593, 109
Trd, 4319640.293, 109
Trd, 4319640.693, 108
Trd, 4319642.993, 108
Trd, 4319644.043, 113
Trd, 4319644.443, 114
Trd, 4319646.093, 109
Trd, 4319648.293, 110
Trd, 4319650.093, 112
Trd, 4319652.243, 108
Trd, 4319654.593, 107
Trd, 4319654.743, 104
Trd, 4319655.643, 108
Trd, 4319655.843, 113
Trd, 4319658.993, 107
Trd, 4319660.743, 108
Trd, 4319660.843, 107
Trd, 4319663.243, 107
Trd, 4319663.943, 105
Trd, 4319664.643, 104
Trd, 4319665.343, 99
Trd, 4319666.743, 113
Trd, 4319669.243, 104
Trd, 4319669.493, 105
Trd, 4319669.643, 104
Trd, 4319671.043, 92
Trd, 4319672.993, 104
Trd, 4319674.093, 102
Trd, 4319675.843, 103
Trd, 4319676.143, 113
Trd, 4319677.593, 101
Trd, 4319678.593, 108
Trd, 4319678.843, 107
Trd, 4319679.693, 85
Trd, 4319682.343, 106
Trd, 4319682.443, 102
Trd, 4319682.643, 98
Trd, 4319683.893, 79
Trd, 4319684.243, 113
Trd, 4319685.193, 122
Trd, 4319689.793, 96
Trd, 4319690.843, 100
Trd, 4319691.293, 96
Trd, 4319693.693, 103
Trd, 4319694.043, 100
Trd, 4319694.743, 101
Trd, 4319695.993, 99
Trd, 4319696.893, 116
Trd, 4319698.443, 104
Trd, 4319699.293, 104
Trd, 4319701.393, 104
Trd, 4319702.043, 94
Trd, 4319702.643, 104
Trd, 4319703.293, 96
Trd, 4319704.143, 103
Trd, 4319704.793, 139
Trd, 4319706.343, 108
Trd, 4319707.943, 107
Trd, 4319708.093, 83
Trd, 4319709.093, 113
Trd, 4319710.243, 99
Trd, 4319711.743, 96
Trd, 4319713.293, 112
Trd, 4319716.043, 101
Trd, 4319716.943, 96
Trd, 4319718.193, 92
Trd, 4319719.443, 98
Trd, 4319720.093, 96
Trd, 4319720.543, 98
Trd, 4319722.493, 95
Trd, 4319724.243, 94
Trd, 4319724.543, 98
Trd, 4319725.543, 98
Trd, 4319726.393, 113
Trd, 4319726.893, 96
Trd, 4319728.393, 102
Trd, 4319730.593, 102
Trd, 4319732.043, 113
Trd, 4319732.693, 97
Trd, 4319732.893, 100
Trd, 4319736.393, 101
Trd, 4319737.643, 102
Trd, 4319739.243, 108
Trd, 4319741.743, 101
Trd, 4319743.243, 95
Trd, 4319743.593, 95
Trd, 4319744.343, 98
Trd, 4319745.393, 113
Trd, 4319747.743, 99
Trd, 4319750.093, 98
Trd, 4319752.293, 97
Trd, 4319753.343, 82
Trd, 4319755.943, 113
Trd, 4319756.093, 122
Trd, 4319757.143, 108
Trd, 4319757.893, 106
Trd, 4319762.743, 101
Trd, 4319765.243, 109
Trd, 4319765.543, 117
Trd, 4319765.943, 122
Trd, 4319766.743, 108
Trd, 4319769.643, 95
Trd, 4319770.243, 98
Trd, 4319772.743, 96
Trd, 4319772.843, 95
Trd, 4319774.793, 102
Trd, 4319775.593, 96
Trd, 4319776.193, 117
Trd, 4319776.993, 97
Trd, 4319777.793, 116
Trd, 4319780.893, 122
Trd, 4319781.043, 103
Trd, 4319782.343, 105
Trd, 4319783.593, 104
Trd, 4319785.543, 95
Trd, 4319786.543, 100
Trd, 4319788.043, 100
Trd, 4319789.643, 99
Trd, 4319791.693, 101
Trd, 4319793.043, 98
Trd, 4319793.143, 94
Trd, 4319793.343, 82
Trd, 4319794.543, 96
Trd, 4319797.043, 98
Trd, 4319797.493, 114
Trd, 4319798.693, 108
Trd, 4319799.643, 122
Trd, 4319800.643, 107
Trd, 4319800.893, 107
Trd, 4319803.193, 107
Trd, 4319804.643, 108
Trd, 4319805.393, 95
Trd, 4319806.293, 107
Trd, 4319807.743, 114
Trd, 4319809.043, 108
Trd, 4319809.293, 122
Trd, 4319812.393, 112
Trd, 4319812.643, 106
Trd, 4319814.243, 105
Trd, 4319815.943, 93
Trd, 4319815.993, 108
Trd, 4319817.643, 104
Trd, 4319817.793, 102
Trd, 4319818.793, 114
Trd, 4319821.393, 100
Trd, 4319821.593, 105
Trd, 4319826.793, 105
Trd, 4319827.943, 91
Trd, 4319828.893, 106
Trd, 4319831.593, 106
Trd, 4319831.943, 106
Trd, 4319832.693, 102
Trd, 4319833.693, 139
Trd, 4319834.293, 99
Trd, 4319835.243, 116
Trd, 4319840.143, 108
Trd, 4319841.193, 112
Trd, 4319842.793, 108
Trd, 4319843.443, 107
Trd, 4319844.043, 111
Trd, 4319846.243, 114
Trd, 4319847.593, 107
Trd, 4319848.593, 96
Trd, 4319850.543, 96
Trd, 4319851.643, 99
Trd, 4319851.743, 98
Trd, 4319853.793, 100
Trd, 4319853.943, 114
Trd, 4319853.993, 94
Trd, 4319855.093, 85
Trd, 4319861.393, 97
Trd, 4319861.893, 99
Trd, 4319864.593, 98
Trd, 4319864.893, 99
Trd, 4319867.393, 104
Trd, 4319870.193, 114
Trd, 4319871.593, 101
Trd, 4319872.943, 103
Trd, 4319874.343, 103
Trd, 4319875.943, 101
Trd, 4319876.243, 101
Trd, 4319878.243, 104
Trd, 4319878.343, 104
Trd, 4319879.243, 100
Trd, 4319879.293, 114
Trd, 4319882.593, 100
Trd, 4319884.293, 105
Trd, 4319887.093, 102
Trd, 4319889.243, 102
Trd, 4319889.343, 105
Trd, 4319890.343, 105
Trd, 4319891.043, 102
Trd, 4319892.443, 113
Trd, 4319893.593, 103
Trd, 4319895.243, 103
Trd, 4319895.993, 103
Trd, 4319898.493, 101
Trd, 4319900.343, 103
Trd, 4319901.143, 102
Trd, 4319902.643, 101
Trd, 4319903.593, 103
Trd, 4319904.243, 100
Trd, 4319906.243, 94
Trd, 4319907.193, 102
Trd, 4319909.593, 102
Trd, 4319909.743, 106
Trd, 4319910.743, 118
Trd, 4319912.543, 105
Trd, 4319913.593, 104
Trd, 4319916.343, 105
Trd, 4319917.543, 105
Trd, 4319918.543, 104
Trd, 4319918.593, 102
Trd, 4319921.493, 113
Trd, 4319921.893, 108
Trd, 4319922.043, 102
Trd, 4319923.393, 100
Trd, 4319925.093, 104
Trd, 4319925.343, 96
Trd, 4319926.793, 96
Trd, 4319927.093, 105
Trd, 4319928.793, 95
Trd, 4319930.393, 100
Trd, 4319932.743, 99
Trd, 4319933.793, 95
Trd, 4319935.943, 94
Trd, 4319937.643, 96
Trd, 4319940.593, 96
Trd, 4319940.743, 95
Trd, 4319941.643, 96
Trd, 4319942.193, 93
Trd, 4319945.543, 96
Trd, 4319945.843, 95
Trd, 4319947.243, 96
Trd, 4319949.693, 101
Trd, 4319952.643, 98
Trd, 4319952.993, 100
Trd, 4319954.593, 103
Trd, 4319954.693, 111
Trd, 4319955.093, 102
Trd, 4319955.443, 93
Trd, 4319956.493, 114
Trd, 4319958.943, 115
Trd, 4319959.793, 104
Trd, 4319961.193, 111
Trd, 4319961.793, 104
Trd, 4319963.643, 107
Trd, 4319963.943, 102
Trd, 4319965.443, 103
Trd, 4319965.493, 110
Trd, 4319966.243, 99
Trd, 4319968.193, 99
Trd, 4319969.093, 101
Trd, 4319971.393, 95
Trd, 4319974.993, 100
Trd, 4319975.043, 98
Trd, 4319975.493, 94
Trd, 4319978.443, 99
Trd, 4319978.693, 100
Trd, 4319980.243, 101
Trd, 4319981.343, 101
Trd, 4319982.593, 113
Trd, 4319984.193, 103
Trd, 4319985.743, 104
Trd, 4319987.043, 98
Trd, 4319988.243, 102
Trd, 4319988.493, 102
Trd, 4319990.193, 101
Trd, 4319993.243, 102
Trd, 4319993.393, 101
Trd, 4319993.943, 113
Trd, 4319998.643, 104
Trd, 4319998.743, 113
Trd, 4319999.143, 99
