Trd, 4318098.943, 100
Trd, 4318100.043, 96
Trd, 4318100.743, 118
Trd, 4318101.293, 133
Trd, 4318101.793, 139
Trd, 4318102.143, 104
Trd, 4318102.293, 104
Trd, 4318102.743, 99
Trd, 4318103.043, 90
Trd, 4318104.093, 115
Trd, 4318104.193, 107
Trd, 4318106.543, 110
Trd, 4318106.843, 140
Trd, 4318107.293, 112
Trd, 4318107.793, 111
Trd, 4318108.193, 116
Trd, 4318109.693, 138
Trd, 4318110.393, 137
Trd, 4318110.893, 123
Trd, 4318111.543, 123
Trd, 4318113.543, 110
Trd, 4318113.693, 113
Trd, 4318113.943, 98
Trd, 4318114.793, 86
Trd, 4318115.293, 98
Trd, 4318115.393, 81
Trd, 4318118.143, 99
Trd, 4318118.493, 108
Trd, 4318118.843, 100
Trd, 4318119.443, 138
Trd, 4318119.793, 114
Trd, 4318119.843, 111
Trd, 4318119.893, 95
Trd, 4318120.593, 102
Trd, 4318121.993, 114
Trd, 4318123.143, 75
Trd, 4318123.593, 79
Trd, 4318124.043, 68
Trd, 4318124.543, 122
Trd, 4318125.793, 100
Trd, 4318127.543, 117
Trd, 4318127.943, 102
Trd, 4318128.193, 99
Trd, 4318128.543, 94
Trd, 4318130.593, 140
Trd, 4318130.643, 140
Trd, 4318131.643, 127
Trd, 4318132.043, 103
Trd, 4318132.393, 124
Trd, 4318134.193, 96
Trd, 4318134.993, 109
Trd, 4318136.243, 137
Trd, 4318136.593, 137
Trd, 4318136.843, 136
Trd, 4318138.943, 125
Trd, 4318139.393, 105
Trd, 4318141.693, 115
Trd, 4318142.193, 94
Trd, 4318142.443, 93
Trd, 4318143.043, 140
Trd, 4318143.293, 140
Trd, 4318143.343, 140
Trd, 4318143.643, 97
Trd, 4318144.493, 126
Trd, 4318145.293, 139
Trd, 4318145.343, 111
Trd, 4318147.043, 104
Trd, 4318147.593, 81
Trd, 4318148.193, 92
Trd, 4318149.193, 123
Trd, 4318149.393, 77
Trd, 4318150.843, 77
Trd, 4318151.693, 82
Trd, 4318151.743, 110
Trd, 4318153.093, 89
Trd, 4318153.243, 95
Trd, 4318155.293, 139
Trd, 4318156.393, 120
Trd, 4318156.593, 116
Trd, 4318156.943, 123
Trd, 4318156.993, 97
Trd, 4318157.793, 71
Trd, 4318158.043, 68
Trd, 4318158.543, 94
Trd, 4318160.593, 103
Trd, 4318161.043, 102
Trd, 4318161.493, 117
Trd, 4318162.043, 98
Trd, 4318163.143, 78
Trd, 4318163.243, 77
Trd, 4318164.693, 140
Trd, 4318165.393, 96
Trd, 4318166.843, 99
Trd, 4318167.993, 140
Trd, 4318168.093, 140
Trd, 4318168.493, 105
Trd, 4318169.493, 91
Trd, 4318170.993, 85
Trd, 4318171.893, 116
Trd, 4318172.743, 91
Trd, 4318174.893, 126
Trd, 4318175.343, 117
Trd, 4318175.543, 114
Trd, 4318175.793, 100
Trd, 4318176.193, 133
Trd, 4318177.593, 124
Trd, 4318177.943, 110
Trd, 4318178.543, 100
Trd, 4318179.193, 68
Trd, 4318179.243, 119
Trd, 4318180.543, 73
Trd, 4318181.593, 100
Trd, 4318183.443, 79
Trd, 4318183.693, 138
Trd, 4318184.393, 109
Trd, 4318184.693, 107
Trd, 4318185.643, 140
Trd, 4318185.943, 111
Trd, 4318186.043, 111
Trd, 4318188.443, 93
Trd, 4318189.143, 103
Trd, 4318189.593, 97
Trd, 4318189.743, 84
Trd, 4318190.793, 82
Trd, 4318191.693, 91
Trd, 4318192.693, 92
Trd, 4318194.543, 140
Trd, 4318195.093, 139
Trd, 4318196.993, 114
Trd, 4318197.393, 96
Trd, 4318197.893, 86
Trd, 4318200.243, 139
Trd, 4318200.293, 130
Trd, 4318200.793, 124
Trd, 4318201.443, 140
Trd, 4318201.843, 130
Trd, 4318202.893, 110
Trd, 4318202.943, 110
Trd, 4318203.193, 126
Trd, 4318204.293, 95
Trd, 4318204.443, 89
Trd, 4318205.743, 100
Trd, 4318205.993, 124
Trd, 4318206.293, 75
Trd, 4318206.693, 122
Trd, 4318206.843, 101
Trd, 4318207.193, 90
Trd, 4318207.843, 89
Trd, 4318208.843, 63
Trd, 4318211.543, 101
Trd, 4318212.443, 112
Trd, 4318212.943, 128
Trd, 4318214.143, 85
Trd, 4318215.243, 84
Trd, 4318215.443, 73
Trd, 4318215.793, 100
Trd, 4318216.193, 86
Trd, 4318218.493, 72
Trd, 4318219.093, 89
Trd, 4318219.293, 85
Trd, 4318219.393, 91
Trd, 4318220.493, 140
Trd, 4318220.693, 140
Trd, 4318220.843, 103
Trd, 4318220.943, 74
Trd, 4318222.293, 95
Trd, 4318222.643, 88
Trd, 4318224.043, 76
Trd, 4318225.143, 140
Trd, 4318225.193, 123
Trd, 4318225.543, 100
Trd, 4318225.843, 100
Trd, 4318228.343, 93
Trd, 4318228.893, 92
Trd, 4318229.443, 121
Trd, 4318229.993, 91
Trd, 4318230.543, 110
Trd, 4318230.693, 80
Trd, 4318231.193, 78
Trd, 4318231.443, 66
Trd, 4318232.193, 92
Trd, 4318232.293, 74
Trd, 4318234.993, 63
Trd, 4318235.043, 66
Trd, 4318235.293, 111
Trd, 4318236.093, 77
Trd, 4318236.343, 72
Trd, 4318236.743, 94
Trd, 4318237.043, 93
Trd, 4318237.093, 91
Trd, 4318237.343, 64
Trd, 4318238.993, 138
Trd, 4318240.293, 85
Trd, 4318242.743, 102
Trd, 4318244.843, 126
Trd, 4318244.943, 114
Trd, 4318245.543, 118
Trd, 4318246.243, 123
Trd, 4318246.293, 132
Trd, 4318247.793, 130
Trd, 4318248.643, 129
Trd, 4318248.793, 119
Trd, 4318249.593, 140
Trd, 4318249.693, 105
Trd, 4318251.143, 92
Trd, 4318251.443, 82
Trd, 4318251.543, 80
Trd, 4318254.093, 111
Trd, 4318255.643, 113
Trd, 4318255.843, 111
Trd, 4318256.293, 105
Trd, 4318257.143, 125
Trd, 4318257.893, 140
Trd, 4318259.043, 100
Trd, 4318259.243, 95
Trd, 4318259.993, 74
Trd, 4318260.443, 85
Trd, 4318261.543, 64
Trd, 4318261.693, 61
Trd, 4318262.243, 88
Trd, 4318264.743, 72
Trd, 4318265.593, 72
Trd, 4318266.093, 78
Trd, 4318266.893, 70
Trd, 4318267.043, 79
Trd, 4318267.343, 83
Trd, 4318267.543, 69
Trd, 4318268.493, 62
Trd, 4318268.643, 89
Trd, 4318269.843, 83
Trd, 4318270.043, 103
Trd, 4318271.143, 140
Trd, 4318271.193, 118
Trd, 4318272.243, 102
Trd, 4318272.593, 101
Trd, 4318273.143, 133
Trd, 4318273.693, 61
Trd, 4318276.043, 73
Trd, 4318276.943, 84
Trd, 4318277.243, 81
Trd, 4318278.393, 130
Trd, 4318278.543, 129
Trd, 4318279.793, 106
Trd, 4318279.893, 106
Trd, 4318280.093, 111
Trd, 4318281.393, 115
Trd, 4318282.093, 139
Trd, 4318282.793, 130
Trd, 4318283.243, 110
Trd, 4318284.093, 106
Trd, 4318285.443, 108
Trd, 4318285.693, 99
Trd, 4318285.943, 140
Trd, 4318286.893, 118
Trd, 4318286.943, 83
Trd, 4318287.593, 79
Trd, 4318289.593, 127
Trd, 4318290.893, 140
Trd, 4318291.943, 98
Trd, 4318292.143, 98
Trd, 4318292.543, 87
Trd, 4318293.893, 123
Trd, 4318294.193, 101
Trd, 4318294.543, 104
Trd, 4318294.643, 85
Trd, 4318295.193, 129
Trd, 4318296.593, 79
Trd, 4318298.193, 97
Trd, 4318298.343, 83
Trd, 4318298.743, 111
Trd, 4318299.343, 110
Trd, 4318299.743, 132
Trd, 4318300.793, 120
Trd, 4318301.243, 109
Trd, 4318301.843, 90
Trd, 4318302.443, 70
Trd, 4318302.693, 97
Trd, 4318303.343, 74
Trd, 4318304.643, 111
Trd, 4318306.243, 86
Trd, 4318306.843, 85
Trd, 4318306.993, 103
Trd, 4318307.493, 81
Trd, 4318308.643, 98
Trd, 4318310.793, 131
Trd, 4318311.493, 140
Trd, 4318311.543, 109
Trd, 4318311.593, 99
Trd, 4318312.143, 100
Trd, 4318312.693, 92
Trd, 4318314.043, 93
Trd, 4318314.493, 75
Trd, 4318315.243, 93
Trd, 4318316.243, 104
Trd, 4318318.193, 136
Trd, 4318319.743, 113
Trd, 4318320.193, 118
Trd, 4318320.993, 130
Trd, 4318321.343, 139
Trd, 4318322.093, 121
Trd, 4318322.593, 135
Trd, 4318323.593, 134
Trd, 4318324.793, 139
Trd, 4318325.043, 111
Trd, 4318325.393, 96
Trd, 4318326.443, 99
Trd, 4318327.443, 97
Trd, 4318329.243, 113
Trd, 4318329.343, 119
Trd, 4318329.393, 102
Trd, 4318330.193, 139
Trd, 4318330.893, 118
Trd, 4318331.543, 81
Trd, 4318332.593, 61
Trd, 4318333.593, 116
Trd, 4318334.043, 114
Trd, 4318334.743, 127
Trd, 4318335.443, 65
Trd, 4318335.793, 63
Trd, 4318336.193, 68
Trd, 4318337.643, 61
Trd, 4318338.893, 81
Trd, 4318339.643, 89
Trd, 4318341.143, 126
Trd, 4318342.243, 140
Trd, 4318342.493, 140
Trd, 4318342.543, 111
Trd, 4318342.743, 120
Trd, 4318342.943, 102
Trd, 4318343.743, 116
Trd, 4318345.043, 116
Trd, 4318345.243, 119
Trd, 4318346.643, 102
Trd, 4318347.493, 102
Trd, 4318347.643, 97
Trd, 4318348.193, 67
Trd, 4318349.343, 140
Trd, 4318349.443, 106
Trd, 4318350.043, 99
Trd, 4318350.193, 91
Trd, 4318350.243, 89
Trd, 4318351.893, 140
Trd, 4318353.343, 105
Trd, 4318353.393, 104
Trd, 4318353.593, 84
Trd, 4318353.893, 77
Trd, 4318354.743, 134
Trd, 4318355.493, 96
Trd, 4318355.993, 79
Trd, 4318357.743, 139
Trd, 4318358.443, 140
Trd, 4318359.343, 127
Trd, 4318361.093, 135
Trd, 4318361.293, 94
Trd, 4318361.593, 93
Trd, 4318363.543, 103
Trd, 4318363.643, 77
Trd, 4318363.943, 84
Trd, 4318365.193, 80
Trd, 4318365.443, 103
Trd, 4318365.493, 121
Trd, 4318365.743, 75
Trd, 4318365.843, 129
Trd, 4318367.443, 132
Trd, 4318368.243, 61
Trd, 4318368.643, 65
Trd, 4318368.893, 100
Trd, 4318369.493, 82
Trd, 4318370.193, 81
Trd, 4318370.243, 92
Trd, 4318371.793, 75
Trd, 4318371.943, 127
Trd, 4318373.293, 91
Trd, 4318373.543, 89
Trd, 4318375.943, 69
Trd, 4318376.793, 65
Trd, 4318377.743, 68
Trd, 4318378.743, 89
Trd, 4318379.093, 72
Trd, 4318379.693, 69
Trd, 4318380.793, 130
Trd, 4318382.043, 128
Trd, 4318383.043, 101
Trd, 4318383.343, 72
Trd, 4318383.643, 78
Trd, 4318383.943, 115
Trd, 4318384.793, 115
Trd, 4318384.943, 138
Trd, 4318387.043, 132
Trd, 4318387.743, 109
Trd, 4318388.643, 105
Trd, 4318388.943, 104
Trd, 4318390.093, 115
Trd, 4318390.143, 103
Trd, 4318391.143, 89
Trd, 4318391.193, 104
Trd, 4318392.693, 60
Trd, 4318393.093, 65
Trd, 4318394.243, 64
Trd, 4318395.193, 80
Trd, 4318395.643, 131
Trd, 4318397.043, 92
Trd, 4318397.693, 97
Trd, 4318397.743, 89
Trd, 4318397.793, 107
Trd, 4318398.043, 104
Trd, 4318399.543, 105
Trd, 4318399.793, 125
Trd, 4318400.493, 115
Trd, 4318401.493, 140
Trd, 4318401.943, 137
Trd, 4318402.593, 98
Trd, 4318402.693, 109
Trd, 4318403.993, 128
Trd, 4318404.143, 126
Trd, 4318405.243, 108
Trd, 4318408.043, 93
Trd, 4318408.243, 101
Trd, 4318408.443, 84
Trd, 4318410.793, 134
Trd, 4318411.493, 113
Trd, 4318413.093, 89
Trd, 4318413.493, 81
Trd, 4318415.243, 79
Trd, 4318416.593, 67
Trd, 4318416.843, 78
Trd, 4318417.493, 64
Trd, 4318419.043, 65
Trd, 4318419.193, 78
Trd, 4318420.343, 73
Trd, 4318420.943, 72
Trd, 4318421.193, 99
Trd, 4318421.693, 81
Trd, 4318421.893, 62
Trd, 4318422.843, 72
Trd, 4318424.643, 123
Trd, 4318424.843, 123
Trd, 4318426.343, 118
Trd, 4318427.143, 140
Trd, 4318428.293, 96
Trd, 4318428.693, 109
Trd, 4318429.843, 120
Trd, 4318430.143, 84
Trd, 4318430.593, 111
Trd, 4318430.893, 85
Trd, 4318430.943, 84
Trd, 4318432.093, 61
Trd, 4318433.143, 101
Trd, 4318434.243, 93
Trd, 4318435.043, 94
Trd, 4318437.043, 140
Trd, 4318437.193, 139
Trd, 4318438.543, 95
Trd, 4318439.143, 89
Trd, 4318439.443, 87
Trd, 4318440.443, 87
Trd, 4318441.243, 79
Trd, 4318441.443, 72
Trd, 4318441.843, 79
Trd, 4318442.593, 66
Trd, 4318443.443, 85
Trd, 4318444.343, 89
Trd, 4318444.743, 107
Trd, 4318444.843, 88
Trd, 4318445.193, 68
Trd, 4318447.293, 63
Trd, 4318449.393, 78
Trd, 4318449.943, 75
Trd, 4318450.093, 64
Trd, 4318450.793, 135
Trd, 4318452.693, 100
Trd, 4318453.193, 97
Trd, 4318453.343, 108
Trd, 4318453.693, 96
Trd, 4318454.693, 79
Trd, 4318455.193, 82
Trd, 4318455.443, 112
Trd, 4318456.193, 84
Trd, 4318457.093, 93
Trd, 4318457.143, 72
Trd, 4318459.093, 140
Trd, 4318459.293, 137
Trd, 4318459.843, 111
Trd, 4318461.893, 70
Trd, 4318462.193, 96
Trd, 4318463.893, 63
Trd, 4318464.243, 62
Trd, 4318464.693, 81
Trd, 4318465.543, 63
Trd, 4318466.293, 95
Trd, 4318466.493, 85
Trd, 4318466.993, 80
Trd, 4318467.393, 77
Trd, 4318467.843, 96
Trd, 4318468.393, 97
Trd, 4318469.343, 96
Trd, 4318469.543, 130
Trd, 4318470.493, 69
Trd, 4318472.493, 92
Trd, 4318472.743, 85
Trd, 4318473.443, 77
Trd, 4318474.143, 78
Trd, 4318474.943, 112
Trd, 4318476.093, 140
Trd, 4318476.793, 133
Trd, 4318477.043, 131
Trd, 4318478.043, 112
Trd, 4318478.093, 111
Trd, 4318479.693, 140
Trd, 4318479.943, 131
Trd, 4318481.093, 120
Trd, 4318481.193, 116
Trd, 4318481.343, 114
Trd, 4318481.593, 100
Trd, 4318482.443, 68
Trd, 4318484.443, 134
Trd, 4318484.743, 98
Trd, 4318485.093, 112
Trd, 4318485.893, 92
Trd, 4318486.343, 97
Trd, 4318487.893, 66
Trd, 4318488.343, 68
Trd, 4318489.043, 80
Trd, 4318489.793, 80
Trd, 4318491.243, 139
Trd, 4318491.693, 89
Trd, 4318493.293, 116
Trd, 4318494.043, 107
Trd, 4318494.343, 90
Trd, 4318494.643, 88
Trd, 4318495.843, 103
Trd, 4318496.143, 84
Trd, 4318497.693, 138
Trd, 4318498.543, 121
Trd, 4318499.343, 138
Trd, 4318500.993, 90
Trd, 4318501.243, 88
Trd, 4318501.493, 136
Trd, 4318501.943, 73
Trd, 4318502.893, 94
Trd, 4318502.943, 94
Trd, 4318503.493, 70
Trd, 4318505.043, 66
Trd, 4318505.693, 97
Trd, 4318505.843, 101
Trd, 4318506.843, 117
Trd, 4318508.643, 85
Trd, 4318508.843, 94
Trd, 4318510.093, 87
Trd, 4318510.493, 86
Trd, 4318510.743, 71
Trd, 4318510.843, 98
Trd, 4318511.693, 62
Trd, 4318512.993, 140
Trd, 4318513.043, 139
Trd, 4318513.693, 95
Trd, 4318514.843, 126
Trd, 4318516.493, 114
Trd, 4318516.993, 86
Trd, 4318517.243, 85
Trd, 4318517.643, 64
Trd, 4318518.843, 61
Trd, 4318518.993, 118
Trd, 4318520.093, 83
Trd, 4318520.943, 136
Trd, 4318521.443, 103
Trd, 4318521.743, 100
Trd, 4318521.793, 98
Trd, 4318523.243, 92
Trd, 4318523.743, 91
Trd, 4318524.793, 81
Trd, 4318525.043, 83
Trd, 4318526.443, 124
Trd, 4318526.543, 103
Trd, 4318527.143, 93
Trd, 4318527.193, 92
Trd, 4318528.893, 135
Trd, 4318528.943, 90
Trd, 4318530.243, 82
Trd, 4318530.743, 83
Trd, 4318530.993, 118
Trd, 4318531.693, 79
Trd, 4318532.343, 97
Trd, 4318533.893, 138
Trd, 4318534.443, 108
Trd, 4318535.093, 134
Trd, 4318536.443, 126
Trd, 4318536.643, 125
Trd, 4318536.943, 124
Trd, 4318537.993, 124
Trd, 4318538.493, 99
Trd, 4318538.593, 88
Trd, 4318539.043, 114
Trd, 4318540.993, 92
Trd, 4318541.293, 91
Trd, 4318542.593, 131
Trd, 4318545.193, 138
Trd, 4318546.543, 139
Trd, 4318547.243, 140
Trd, 4318547.343, 118
Trd, 4318547.943, 116
Trd, 4318548.593, 96
Trd, 4318549.343, 86
Trd, 4318549.593, 83
Trd, 4318550.043, 76
Trd, 4318550.593, 109
Trd, 4318550.743, 95
Trd, 4318551.193, 124
Trd, 4318552.643, 136
Trd, 4318553.043, 112
Trd, 4318553.943, 108
Trd, 4318554.143, 89
Trd, 4318555.793, 65
Trd, 4318556.843, 62
Trd, 4318557.243, 66
Trd, 4318559.643, 100
Trd, 4318559.793, 99
Trd, 4318560.193, 95
Trd, 4318560.593, 86
Trd, 4318561.093, 97
Trd, 4318562.243, 135
Trd, 4318563.543, 115
Trd, 4318564.543, 112
Trd, 4318564.893, 111
Trd, 4318565.093, 92
Trd, 4318565.343, 140
Trd, 4318565.393, 84
Trd, 4318566.943, 109
Trd, 4318567.493, 108
Trd, 4318569.643, 120
Trd, 4318570.343, 120
Trd, 4318570.543, 69
Trd, 4318571.843, 78
Trd, 4318572.643, 72
Trd, 4318574.093, 136
Trd, 4318574.243, 123
Trd, 4318575.443, 119
Trd, 4318575.843, 115
Trd, 4318577.093, 93
Trd, 4318577.643, 79
Trd, 4318577.943, 108
Trd, 4318578.593, 87
Trd, 4318579.643, 63
Trd, 4318580.293, 85
Trd, 4318580.843, 63
Trd, 4318581.343, 114
Trd, 4318582.293, 125
Trd, 4318583.743, 106
Trd, 4318584.543, 138
Trd, 4318585.193, 103
Trd, 4318585.943, 120
Trd, 4318586.443, 108
Trd, 4318586.543, 107
Trd, 4318586.743, 105
Trd, 4318589.043, 103
Trd, 4318589.693, 109
Trd, 4318589.893, 125
Trd, 4318590.093, 103
Trd, 4318590.243, 101
Trd, 4318591.093, 109
Trd, 4318592.043, 139
Trd, 4318592.643, 91
Trd, 4318593.643, 120
Trd, 4318593.893, 109
Trd, 4318594.793, 71
Trd, 4318595.943, 121
Trd, 4318596.693, 131
Trd, 4318596.743, 130
Trd, 4318597.343, 118
Trd, 4318597.543, 117
Trd, 4318599.143, 125
Trd, 4318600.093, 140
Trd, 4318600.143, 126
Trd, 4318600.393, 113
Trd, 4318601.343, 88
Trd, 4318602.843, 106
Trd, 4318602.943, 90
Trd, 4318605.293, 99
Trd, 4318605.643, 92
Trd, 4318605.693, 76
Trd, 4318606.743, 106
Trd, 4318606.993, 77
Trd, 4318607.393, 132
Trd, 4318609.293, 73
Trd, 4318610.893, 91
Trd, 4318612.443, 72
Trd, 4318613.093, 86
Trd, 4318613.543, 80
Trd, 4318613.743, 84
Trd, 4318614.093, 87
Trd, 4318614.993, 92
Trd, 4318615.443, 134
Trd, 4318615.643, 78
Trd, 4318617.193, 113
Trd, 4318617.243, 103
Trd, 4318617.593, 78
Trd, 4318618.193, 72
Trd, 4318619.593, 140
Trd, 4318619.743, 140
Trd, 4318621.043, 85
Trd, 4318621.143, 102
Trd, 4318621.393, 98
Trd, 4318621.943, 82
Trd, 4318623.293, 62
Trd, 4318623.443, 70
Trd, 4318624.493, 95
Trd, 4318624.593, 107
Trd, 4318626.543, 110
Trd, 4318626.843, 108
Trd, 4318627.343, 136
Trd, 4318627.443, 109
Trd, 4318628.043, 107
Trd, 4318629.293, 89
Trd, 4318629.393, 77
Trd, 4318630.393, 78
Trd, 4318630.643, 90
Trd, 4318632.143, 140
Trd, 4318632.493, 126
Trd, 4318632.743, 107
Trd, 4318632.993, 106
Trd, 4318633.293, 103
Trd, 4318634.043, 76
Trd, 4318634.793, 130
Trd, 4318636.593, 96
Trd, 4318637.543, 96
Trd, 4318637.793, 128
Trd, 4318638.993, 140
Trd, 4318639.193, 123
Trd, 4318639.593, 97
Trd, 4318642.443, 129
Trd, 4318642.693, 139
Trd, 4318643.343, 109
Trd, 4318644.443, 106
Trd, 4318644.943, 96
Trd, 4318645.043, 92
Trd, 4318645.393, 82
Trd, 4318648.043, 140
Trd, 4318648.293, 118
Trd, 4318648.743, 111
Trd, 4318649.043, 110
Trd, 4318651.393, 130
Trd, 4318651.443, 128
Trd, 4318651.593, 113
Trd, 4318652.693, 140
Trd, 4318652.793, 119
Trd, 4318652.993, 100
Trd, 4318655.543, 123
Trd, 4318655.743, 93
Trd, 4318656.643, 76
Trd, 4318656.843, 105
Trd, 4318656.993, 87
Trd, 4318659.543, 99
Trd, 4318660.643, 68
Trd, 4318661.093, 140
Trd, 4318662.243, 139
Trd, 4318662.493, 86
Trd, 4318662.893, 88
Trd, 4318664.243, 138
Trd, 4318664.393, 137
Trd, 4318665.993, 135
Trd, 4318666.293, 110
Trd, 4318667.943, 85
Trd, 4318668.243, 83
Trd, 4318669.193, 86
Trd, 4318669.693, 88
Trd, 4318670.243, 73
Trd, 4318671.443, 85
Trd, 4318671.693, 78
Trd, 4318672.093, 71
Trd, 4318672.493, 86
Trd, 4318673.743, 87
Trd, 4318674.143, 107
Trd, 4318674.643, 77
Trd, 4318675.893, 66
Trd, 4318676.393, 109
Trd, 4318677.593, 64
Trd, 4318678.593, 71
Trd, 4318679.543, 78
Trd, 4318680.043, 73
Trd, 4318680.393, 85
Trd, 4318682.443, 121
Trd, 4318682.693, 113
Trd, 4318682.943, 107
Trd, 4318684.093, 116
Trd, 4318684.293, 110
Trd, 4318684.643, 75
Trd, 4318685.643, 106
Trd, 4318686.193, 86
Trd, 4318686.393, 82
Trd, 4318687.643, 81
Trd, 4318688.993, 124
Trd, 4318690.193, 76
Trd, 4318691.593, 106
Trd, 4318691.943, 140
Trd, 4318692.893, 120
Trd, 4318692.993, 118
Trd, 4318693.743, 98
Trd, 4318694.293, 94
Trd, 4318695.443, 73
Trd, 4318695.993, 71
Trd, 4318696.943, 71
Trd, 4318697.093, 71
Trd, 4318698.443, 101
Trd, 4318698.843, 80
Trd, 4318699.993, 85
Trd, 4318700.693, 96
Trd, 4318702.043, 103
Trd, 4318702.493, 102
Trd, 4318702.743, 91
Trd, 4318702.893, 84
Trd, 4318703.843, 132
Trd, 4318704.543, 115
Trd, 4318706.093, 123
Trd, 4318707.293, 122
Trd, 4318707.393, 108
Trd, 4318707.693, 128
Trd, 4318708.343, 97
Trd, 4318710.143, 133
Trd, 4318710.493, 115
Trd, 4318711.493, 109
Trd, 4318711.843, 107
Trd, 4318712.543, 86
Trd, 4318713.393, 124
Trd, 4318714.493, 117
Trd, 4318715.593, 104
Trd, 4318715.843, 103
Trd, 4318716.643, 124
Trd, 4318717.293, 138
Trd, 4318717.693, 108
Trd, 4318719.593, 94
Trd, 4318719.993, 82
Trd, 4318720.543, 116
Trd, 4318720.643, 98
Trd, 4318722.093, 77
Trd, 4318722.443, 72
Trd, 4318723.343, 86
Trd, 4318724.193, 92
Trd, 4318725.943, 140
Trd, 4318726.243, 140
Trd, 4318726.743, 126
Trd, 4318727.293, 121
Trd, 4318727.843, 138
Trd, 4318728.493, 107
Trd, 4318728.943, 102
Trd, 4318730.943, 91
Trd, 4318731.343, 108
Trd, 4318731.593, 84
Trd, 4318732.343, 72
Trd, 4318734.293, 103
Trd, 4318734.493, 95
Trd, 4318734.693, 94
Trd, 4318735.543, 81
Trd, 4318735.693, 108
Trd, 4318735.843, 66
Trd, 4318737.093, 92
Trd, 4318737.393, 86
Trd, 4318737.893, 85
Trd, 4318739.493, 85
Trd, 4318740.193, 105
Trd, 4318741.143, 140
Trd, 4318742.743, 83
Trd, 4318743.743, 81
Trd, 4318744.293, 73
Trd, 4318744.843, 72
Trd, 4318745.093, 64
Trd, 4318746.343, 115
Trd, 4318746.543, 114
Trd, 4318748.093, 102
Trd, 4318748.243, 97
Trd, 4318749.293, 79
Trd, 4318750.793, 61
Trd, 4318750.893, 69
Trd, 4318751.093, 70
Trd, 4318751.393, 74
Trd, 4318752.493, 89
Trd, 4318752.693, 80
Trd, 4318753.043, 69
Trd, 4318753.593, 67
Trd, 4318754.593, 95
Trd, 4318755.143, 107
Trd, 4318755.543, 106
Trd, 4318756.393, 103
Trd, 4318756.793, 134
Trd, 4318758.043, 140
Trd, 4318759.393, 115
Trd, 4318759.693, 102
Trd, 4318760.593, 108
Trd, 4318761.293, 101
Trd, 4318761.643, 126
Trd, 4318761.893, 93
Trd, 4318761.993, 84
Trd, 4318763.743, 139
Trd, 4318763.893, 127
Trd, 4318765.943, 108
Trd, 4318768.443, 113
Trd, 4318768.543, 112
Trd, 4318768.743, 140
Trd, 4318769.043, 99
Trd, 4318769.843, 113
Trd, 4318769.893, 104
Trd, 4318770.093, 86
Trd, 4318771.143, 104
Trd, 4318773.443, 129
Trd, 4318774.093, 115
Trd, 4318774.143, 100
Trd, 4318774.193, 65
Trd, 4318775.443, 64
Trd, 4318776.343, 107
Trd, 4318776.943, 137
Trd, 4318777.743, 125
Trd, 4318778.193, 123
Trd, 4318780.043, 129
Trd, 4318780.593, 119
Trd, 4318780.793, 106
Trd, 4318781.543, 140
Trd, 4318782.143, 126
Trd, 4318782.593, 83
Trd, 4318783.943, 138
Trd, 4318784.943, 124
Trd, 4318785.593, 107
Trd, 4318786.393, 69
Trd, 4318786.543, 118
Trd, 4318786.993, 69
Trd, 4318787.343, 70
Trd, 4318788.593, 76
Trd, 4318788.743, 67
Trd, 4318789.143, 76
Trd, 4318789.643, 108
Trd, 4318791.543, 117
Trd, 4318792.043, 115
Trd, 4318792.193, 80
Trd, 4318792.843, 139
Trd, 4318793.843, 74
Trd, 4318794.493, 131
Trd, 4318796.543, 75
Trd, 4318797.743, 104
Trd, 4318798.293, 87
Trd, 4318799.543, 111
Trd, 4318801.043, 115
Trd, 4318801.343, 114
Trd, 4318801.743, 104
Trd, 4318802.093, 88
Trd, 4318802.343, 106
Trd, 4318802.743, 112
Trd, 4318803.843, 60
Trd, 4318804.043, 102
Trd, 4318805.593, 135
Trd, 4318806.493, 139
Trd, 4318807.093, 135
Trd, 4318807.143, 134
Trd, 4318807.993, 135
Trd, 4318809.193, 110
Trd, 4318811.443, 112
Trd, 4318811.693, 109
Trd, 4318812.393, 96
Trd, 4318812.843, 139
Trd, 4318813.343, 96
Trd, 4318813.543, 103
Trd, 4318814.143, 70
Trd, 4318814.693, 119
Trd, 4318815.793, 71
Trd, 4318816.243, 96
Trd, 4318818.293, 87
Trd, 4318818.493, 99
Trd, 4318820.243, 98
Trd, 4318820.743, 103
Trd, 4318821.543, 96
Trd, 4318822.093, 82
Trd, 4318822.793, 106
Trd, 4318822.993, 138
Trd, 4318823.993, 118
Trd, 4318824.293, 117
Trd, 4318824.643, 136
Trd, 4318826.143, 124
Trd, 4318826.843, 117
Trd, 4318827.943, 118
Trd, 4318829.293, 126
Trd, 4318830.843, 127
Trd, 4318831.443, 127
Trd, 4318832.293, 89
Trd, 4318832.493, 88
Trd, 4318832.743, 140
Trd, 4318834.093, 140
Trd, 4318834.193, 139
Trd, 4318835.893, 80
Trd, 4318836.393, 99
Trd, 4318839.043, 113
Trd, 4318839.393, 120
Trd, 4318839.743, 109
Trd, 4318840.443, 140
Trd, 4318841.993, 101
Trd, 4318842.043, 123
Trd, 4318843.293, 124
Trd, 4318843.893, 101
Trd, 4318844.343, 110
Trd, 4318844.693, 106
Trd, 4318845.143, 130
Trd, 4318845.743, 61
Trd, 4318846.293, 63
Trd, 4318847.193, 110
Trd, 4318848.343, 92
Trd, 4318848.843, 89
Trd, 4318849.343, 88
Trd, 4318850.693, 88
Trd, 4318851.243, 139
Trd, 4318851.443, 91
Trd, 4318852.693, 87
Trd, 4318853.693, 95
Trd, 4318854.043, 88
Trd, 4318854.193, 87
Trd, 4318854.593, 86
Trd, 4318856.543, 97
Trd, 4318858.093, 139
Trd, 4318859.493, 139
Trd, 4318859.593, 138
Trd, 4318859.793, 116
Trd, 4318861.293, 139
Trd, 4318862.493, 124
Trd, 4318863.443, 105
Trd, 4318863.593, 104
Trd, 4318863.893, 125
Trd, 4318864.593, 115
Trd, 4318865.143, 96
Trd, 4318866.293, 91
Trd, 4318866.543, 89
Trd, 4318866.593, 81
Trd, 4318867.443, 64
Trd, 4318867.843, 61
Trd, 4318869.293, 140
Trd, 4318870.193, 140
Trd, 4318872.243, 104
Trd, 4318872.643, 93
Trd, 4318872.893, 93
Trd, 4318872.943, 89
Trd, 4318873.443, 62
Trd, 4318874.443, 140
Trd, 4318875.243, 140
Trd, 4318875.993, 140
Trd, 4318876.543, 140
Trd, 4318877.243, 140
Trd, 4318877.793, 109
Trd, 4318877.893, 102
Trd, 4318879.693, 68
Trd, 4318880.043, 113
Trd, 4318880.293, 82
Trd, 4318881.093, 66
Trd, 4318882.493, 102
Trd, 4318882.593, 76
Trd, 4318883.643, 76
Trd, 4318883.693, 84
Trd, 4318883.793, 77
Trd, 4318884.393, 72
Trd, 4318886.443, 135
Trd, 4318886.893, 110
Trd, 4318887.193, 93
Trd, 4318887.693, 92
Trd, 4318888.443, 77
Trd, 4318889.193, 119
Trd, 4318889.393, 92
Trd, 4318890.743, 86
Trd, 4318891.793, 106
Trd, 4318893.443, 115
Trd, 4318893.693, 100
Trd, 4318894.043, 76
Trd, 4318894.443, 68
Trd, 4318894.593, 99
Trd, 4318896.143, 65
Trd, 4318896.693, 70
Trd, 4318898.243, 116
Trd, 4318898.543, 139
Trd, 4318898.693, 121
Trd, 4318900.193, 107
Trd, 4318900.493, 105
Trd, 4318900.643, 104
Trd, 4318900.993, 106
Trd, 4318901.693, 98
Trd, 4318902.143, 78
Trd, 4318903.393, 85
Trd, 4318904.393, 103
Trd, 4318904.693, 123
Trd, 4318905.193, 99
Trd, 4318905.843, 136
Trd, 4318906.643, 129
Trd, 4318907.993, 114
Trd, 4318910.243, 135
Trd, 4318910.343, 132
Trd, 4318911.093, 131
Trd, 4318912.193, 113
Trd, 4318913.443, 89
Trd, 4318914.743, 111
Trd, 4318914.793, 114
Trd, 4318915.543, 113
Trd, 4318915.743, 112
Trd, 4318916.843, 100
Trd, 4318917.593, 100
Trd, 4318917.793, 69
Trd, 4318917.993, 63
Trd, 4318918.943, 125
Trd, 4318919.543, 140
Trd, 4318919.693, 99
Trd, 4318920.393, 66
Trd, 4318920.993, 76
Trd, 4318921.793, 86
Trd, 4318923.593, 115
Trd, 4318923.643, 113
Trd, 4318924.193, 71
Trd, 4318925.493, 69
Trd, 4318927.743, 74
Trd, 4318928.943, 78
Trd, 4318929.093, 91
Trd, 4318930.143, 75
Trd, 4318930.543, 74
Trd, 4318931.243, 75
Trd, 4318932.393, 94
Trd, 4318932.493, 77
Trd, 4318932.593, 109
Trd, 4318932.943, 126
Trd, 4318933.243, 97
Trd, 4318934.293, 109
Trd, 4318936.193, 120
Trd, 4318936.643, 121
Trd, 4318936.843, 119
Trd, 4318937.793, 104
Trd, 4318937.893, 102
Trd, 4318938.043, 98
Trd, 4318938.193, 80
Trd, 4318938.593, 71
Trd, 4318939.343, 104
Trd, 4318942.143, 70
Trd, 4318942.793, 65
Trd, 4318943.343, 67
Trd, 4318944.593, 79
Trd, 4318944.843, 60
Trd, 4318946.493, 80
Trd, 4318946.543, 112
Trd, 4318947.843, 112
Trd, 4318948.893, 85
Trd, 4318950.143, 134
Trd, 4318950.243, 124
Trd, 4318951.043, 104
Trd, 4318951.093, 99
Trd, 4318951.593, 103
Trd, 4318951.793, 102
Trd, 4318954.243, 137
Trd, 4318954.693, 137
Trd, 4318955.093, 123
Trd, 4318955.293, 135
Trd, 4318955.543, 121
Trd, 4318955.743, 110
Trd, 4318955.993, 105
Trd, 4318957.393, 110
Trd, 4318957.943, 99
Trd, 4318958.093, 89
Trd, 4318959.943, 97
Trd, 4318960.843, 140
Trd, 4318961.793, 140
Trd, 4318961.843, 115
Trd, 4318962.543, 100
Trd, 4318962.893, 83
Trd, 4318964.793, 118
Trd, 4318965.393, 102
Trd, 4318966.043, 85
Trd, 4318966.393, 85
Trd, 4318966.443, 81
Trd, 4318967.543, 104
Trd, 4318968.393, 99
Trd, 4318969.193, 99
Trd, 4318969.943, 84
Trd, 4318970.393, 60
Trd, 4318971.043, 81
Trd, 4318971.843, 106
Trd, 4318971.943, 86
Trd, 4318972.993, 61
Trd, 4318974.093, 71
Trd, 4318975.243, 64
Trd, 4318975.593, 67
Trd, 4318976.993, 72
Trd, 4318977.593, 83
Trd, 4318979.143, 74
Trd, 4318979.743, 77
Trd, 4318980.843, 140
Trd, 4318980.943, 100
Trd, 4318981.693, 71
Trd, 4318981.743, 69
Trd, 4318981.993, 79
Trd, 4318983.543, 118
Trd, 4318984.293, 102
Trd, 4318984.743, 82
Trd, 4318985.193, 139
Trd, 4318985.293, 138
Trd, 4318985.943, 71
Trd, 4318987.043, 119
Trd, 4318988.343, 140
Trd, 4318988.793, 139
Trd, 4318989.693, 140
Trd, 4318989.743, 136
Trd, 4318990.143, 117
Trd, 4318990.293, 93
Trd, 4318991.793, 113
Trd, 4318991.843, 111
Trd, 4318993.193, 139
Trd, 4318993.693, 118
Trd, 4318997.093, 117
Trd, 4318997.143, 113
Trd, 4318997.243, 102
Trd, 4318998.443, 120
Trd, 4318998.593, 115
Trd, 4318999.143, 118
Trd, 4318999.643, 111
Trd, 4319001.343, 140
Trd, 4319001.493, 140
Trd, 4319001.893, 86
Trd, 4319004.793, 130
Trd, 4319004.943, 112
Trd, 4319005.843, 140
Trd, 4319006.943, 140
Trd, 4319007.143, 140
Trd, 4319009.043, 140
Trd, 4319009.443, 140
Trd, 4319010.093, 125
Trd, 4319010.943, 110
Trd, 4319011.043, 98
Trd, 4319012.693, 101
Trd, 4319012.743, 100
Trd, 4319013.793, 138
Trd, 4319015.143, 130
Trd, 4319015.293, 129
Trd, 4319016.893, 125
Trd, 4319017.493, 138
Trd, 4319018.243, 82
Trd, 4319019.243, 140
Trd, 4319019.943, 140
Trd, 4319020.343, 140
Trd, 4319020.443, 98
Trd, 4319021.393, 112
Trd, 4319021.993, 70
Trd, 4319022.543, 73
Trd, 4319023.193, 66
Trd, 4319023.493, 78
Trd, 4319024.193, 62
Trd, 4319025.393, 63
Trd, 4319025.593, 88
Trd, 4319026.893, 84
Trd, 4319028.593, 100
Trd, 4319028.943, 124
Trd, 4319029.243, 98
Trd, 4319029.493, 140
Trd, 4319029.793, 111
Trd, 4319030.343, 103
Trd, 4319031.443, 119
Trd, 4319031.543, 118
Trd, 4319033.143, 112
Trd, 4319033.193, 111
Trd, 4319033.443, 96
Trd, 4319033.693, 81
Trd, 4319036.993, 104
Trd, 4319037.443, 105
Trd, 4319037.493, 85
Trd, 4319037.793, 83
Trd, 4319038.293, 140
Trd, 4319039.043, 126
Trd, 4319039.843, 125
Trd, 4319039.943, 106
Trd, 4319040.393, 101
Trd, 4319040.743, 85
Trd, 4319041.143, 78
Trd, 4319041.443, 90
Trd, 4319043.893, 83
Trd, 4319045.243, 140
Trd, 4319045.343, 140
Trd, 4319045.643, 139
Trd, 4319045.743, 112
Trd, 4319046.543, 122
Trd, 4319046.743, 104
Trd, 4319047.043, 106
Trd, 4319047.443, 127
Trd, 4319047.543, 101
Trd, 4319049.143, 69
Trd, 4319051.293, 111
Trd, 4319051.443, 80
Trd, 4319051.743, 80
Trd, 4319053.043, 91
Trd, 4319053.893, 136
Trd, 4319054.393, 135
Trd, 4319054.743, 107
Trd, 4319055.743, 113
Trd, 4319055.993, 97
Trd, 4319057.093, 125
Trd, 4319058.893, 134
Trd, 4319059.043, 131
Trd, 4319059.793, 139
Trd, 4319060.393, 114
Trd, 4319061.343, 62
Trd, 4319061.993, 66
Trd, 4319063.593, 92
Trd, 4319064.943, 140
Trd, 4319065.093, 140
Trd, 4319065.893, 120
Trd, 4319066.143, 124
Trd, 4319067.393, 135
Trd, 4319068.293, 137
Trd, 4319068.593, 93
Trd, 4319068.993, 125
Trd, 4319070.393, 91
Trd, 4319071.293, 88
Trd, 4319072.343, 96
Trd, 4319073.193, 114
Trd, 4319075.143, 115
Trd, 4319075.293, 109
Trd, 4319076.043, 121
Trd, 4319076.293, 112
Trd, 4319076.643, 139
Trd, 4319078.643, 98
Trd, 4319079.793, 133
Trd, 4319080.593, 99
Trd, 4319081.143, 98
Trd, 4319081.793, 125
Trd, 4319082.393, 89
Trd, 4319084.493, 102
Trd, 4319084.993, 97
Trd, 4319086.093, 90
Trd, 4319086.193, 89
Trd, 4319086.693, 75
Trd, 4319087.043, 140
Trd, 4319087.293, 108
Trd, 4319088.993, 66
Trd, 4319089.443, 77
Trd, 4319089.793, 140
Trd, 4319091.043, 61
Trd, 4319092.043, 79
Trd, 4319093.143, 132
Trd, 4319093.993, 88
Trd, 4319094.743, 68
Trd, 4319094.843, 64
Trd, 4319095.693, 62
Trd, 4319096.243, 63
Trd, 4319096.643, 84
Trd, 4319099.143, 140
Trd, 4319099.643, 140
Trd, 4319100.093, 137
Trd, 4319100.593, 115
Trd, 4319100.893, 100
Trd, 4319100.993, 98
Trd, 4319102.893, 83
Trd, 4319103.993, 82
Trd, 4319104.593, 92
Trd, 4319104.793, 82
Trd, 4319106.893, 127
Trd, 4319106.993, 108
Trd, 4319108.193, 122
Trd, 4319108.743, 102
Trd, 4319110.093, 97
Trd, 4319110.243, 93
Trd, 4319111.593, 81
Trd, 4319111.743, 103
Trd, 4319112.693, 104
Trd, 4319112.743, 108
Trd, 4319112.943, 94
Trd, 4319114.193, 92
Trd, 4319115.993, 116
Trd, 4319116.043, 99
Trd, 4319116.643, 114
Trd, 4319116.843, 98
Trd, 4319117.393, 79
Trd, 4319118.243, 65
Trd, 4319118.543, 71
Trd, 4319119.193, 78
Trd, 4319119.993, 76
Trd, 4319121.143, 140
Trd, 4319121.543, 86
Trd, 4319122.193, 136
Trd, 4319122.343, 121
Trd, 4319122.493, 76
Trd, 4319123.393, 110
Trd, 4319125.193, 140
Trd, 4319125.343, 140
Trd, 4319125.743, 106
Trd, 4319125.943, 101
Trd, 4319126.093, 100
Trd, 4319126.893, 120
Trd, 4319127.393, 119
Trd, 4319127.843, 101
Trd, 4319130.743, 102
Trd, 4319131.643, 102
Trd, 4319131.793, 101
Trd, 4319132.793, 112
Trd, 4319133.543, 106
Trd, 4319133.843, 100
Trd, 4319134.693, 98
Trd, 4319135.193, 86
Trd, 4319135.393, 83
Trd, 4319137.143, 136
Trd, 4319137.793, 101
Trd, 4319138.643, 94
Trd, 4319140.793, 110
Trd, 4319141.443, 109
Trd, 4319141.543, 108
Trd, 4319142.093, 106
Trd, 4319142.343, 84
Trd, 4319143.093, 129
Trd, 4319143.893, 122
Trd, 4319145.343, 110
Trd, 4319145.893, 94
Trd, 4319146.443, 106
Trd, 4319147.893, 140
Trd, 4319148.443, 110
Trd, 4319148.743, 98
Trd, 4319148.893, 96
Trd, 4319150.393, 105
Trd, 4319151.093, 60
Trd, 4319151.243, 84
Trd, 4319152.093, 109
Trd, 4319153.143, 67
Trd, 4319155.043, 115
Trd, 4319155.293, 114
Trd, 4319156.193, 130
Trd, 4319156.793, 102
Trd, 4319156.893, 92
Trd, 4319156.943, 86
Trd, 4319157.493, 108
Trd, 4319157.643, 116
Trd, 4319157.843, 69
Trd, 4319158.943, 86
Trd, 4319159.993, 106
Trd, 4319160.793, 102
Trd, 4319161.043, 77
Trd, 4319161.793, 111
Trd, 4319162.343, 87
Trd, 4319162.843, 81
Trd, 4319164.043, 123
Trd, 4319164.543, 101
Trd, 4319165.143, 100
Trd, 4319165.393, 83
Trd, 4319165.893, 126
Trd, 4319167.843, 138
Trd, 4319168.093, 126
Trd, 4319168.643, 89
Trd, 4319168.993, 94
Trd, 4319169.493, 97
Trd, 4319170.193, 131
Trd, 4319170.493, 92
Trd, 4319171.543, 74
Trd, 4319171.693, 93
Trd, 4319172.293, 62
Trd, 4319173.343, 106
Trd, 4319174.393, 107
Trd, 4319174.443, 98
Trd, 4319174.893, 100
Trd, 4319175.643, 99
Trd, 4319176.043, 110
Trd, 4319177.243, 109
Trd, 4319177.593, 135
Trd, 4319177.643, 94
Trd, 4319178.643, 90
Trd, 4319179.693, 77
Trd, 4319179.793, 75
Trd, 4319180.543, 127
Trd, 4319182.293, 75
Trd, 4319182.643, 140
Trd, 4319182.693, 70
Trd, 4319184.093, 71
Trd, 4319184.793, 110
Trd, 4319184.993, 120
Trd, 4319185.993, 98
Trd, 4319186.743, 80
Trd, 4319187.043, 69
Trd, 4319188.843, 68
Trd, 4319189.393, 60
Trd, 4319190.593, 125
Trd, 4319190.643, 85
Trd, 4319191.293, 108
Trd, 4319191.843, 81
Trd, 4319192.593, 83
Trd, 4319192.693, 89
Trd, 4319194.593, 94
Trd, 4319194.843, 114
Trd, 4319194.943, 93
Trd, 4319196.393, 84
Trd, 4319196.793, 100
Trd, 4319197.193, 112
Trd, 4319198.593, 108
Trd, 4319199.443, 79
Trd, 4319200.143, 107
Trd, 4319200.543, 104
Trd, 4319200.843, 79
Trd, 4319202.693, 139
Trd, 4319203.293, 99
Trd, 4319204.843, 122
Trd, 4319204.893, 120
Trd, 4319205.443, 85
Trd, 4319206.893, 90
Trd, 4319207.143, 90
Trd, 4319207.593, 136
Trd, 4319207.993, 136
Trd, 4319208.393, 99
Trd, 4319210.493, 94
Trd, 4319210.843, 91
Trd, 4319212.143, 106
Trd, 4319212.393, 100
Trd, 4319213.293, 115
Trd, 4319213.793, 138
Trd, 4319214.493, 98
Trd, 4319216.093, 96
Trd, 4319216.893, 109
Trd, 4319217.843, 86
Trd, 4319218.043, 79
Trd, 4319218.543, 84
Trd, 4319218.643, 90
Trd, 4319219.393, 85
Trd, 4319220.243, 93
Trd, 4319220.943, 70
Trd, 4319223.343, 113
Trd, 4319223.843, 110
Trd, 4319224.093, 102
Trd, 4319224.393, 120
Trd, 4319226.493, 140
Trd, 4319226.743, 140
Trd, 4319227.643, 140
Trd, 4319227.943, 118
Trd, 4319228.193, 106
Trd, 4319230.843, 111
Trd, 4319231.443, 138
Trd, 4319231.543, 133
Trd, 4319232.193, 106
Trd, 4319232.243, 114
Trd, 4319232.693, 95
Trd, 4319232.893, 92
Trd, 4319233.243, 91
Trd, 4319233.543, 117
Trd, 4319235.543, 128
Trd, 4319236.493, 92
Trd, 4319237.493, 73
Trd, 4319237.593, 93
Trd, 4319238.243, 105
Trd, 4319238.643, 108
Trd, 4319239.543, 75
Trd, 4319242.393, 75
Trd, 4319242.893, 93
Trd, 4319244.093, 92
Trd, 4319245.093, 123
Trd, 4319245.543, 119
Trd, 4319245.943, 140
Trd, 4319246.243, 140
Trd, 4319247.193, 124
Trd, 4319247.343, 102
Trd, 4319247.793, 83
Trd, 4319248.343, 83
Trd, 4319248.993, 80
Trd, 4319250.093, 131
Trd, 4319250.843, 110
Trd, 4319252.143, 140
Trd, 4319252.243, 140
Trd, 4319252.393, 86
Trd, 4319253.093, 140
Trd, 4319253.243, 112
Trd, 4319253.993, 102
Trd, 4319254.893, 101
Trd, 4319255.143, 93
Trd, 4319256.793, 111
Trd, 4319256.943, 74
Trd, 4319257.493, 77
Trd, 4319259.143, 82
Trd, 4319259.943, 138
Trd, 4319261.043, 138
Trd, 4319261.843, 104
Trd, 4319262.393, 104
Trd, 4319262.693, 104
Trd, 4319262.993, 100
Trd, 4319263.943, 101
Trd, 4319264.443, 90
Trd, 4319264.843, 60
Trd, 4319265.493, 74
Trd, 4319265.793, 89
Trd, 4319266.893, 137
Trd, 4319267.593, 107
Trd, 4319268.693, 116
Trd, 4319269.743, 139
Trd, 4319270.343, 96
Trd, 4319270.843, 116
Trd, 4319270.943, 95
Trd, 4319271.793, 91
Trd, 4319273.243, 121
Trd, 4319273.443, 120
Trd, 4319275.293, 104
Trd, 4319275.493, 103
Trd, 4319275.543, 137
Trd, 4319277.943, 137
Trd, 4319278.543, 115
Trd, 4319278.893, 92
Trd, 4319279.193, 77
Trd, 4319279.943, 99
Trd, 4319280.443, 95
Trd, 4319280.893, 106
Trd, 4319281.343, 124
Trd, 4319283.393, 93
Trd, 4319283.943, 95
Trd, 4319284.093, 88
Trd, 4319285.843, 116
Trd, 4319286.443, 140
Trd, 4319286.543, 107
Trd, 4319288.093, 137
Trd, 4319288.193, 97
Trd, 4319288.493, 104
Trd, 4319288.693, 87
Trd, 4319289.843, 64
Trd, 4319290.743, 82
Trd, 4319291.293, 66
Trd, 4319292.293, 69
Trd, 4319292.643, 76
Trd, 4319294.693, 67
Trd, 4319295.043, 68
Trd, 4319295.243, 120
Trd, 4319296.293, 90
Trd, 4319296.493, 92
Trd, 4319296.743, 95
Trd, 4319296.793, 66
Trd, 4319297.193, 60
Trd, 4319298.993, 107
Trd, 4319299.343, 85
Trd, 4319300.243, 81
Trd, 4319301.293, 80
Trd, 4319302.993, 120
Trd, 4319303.043, 110
Trd, 4319304.043, 112
Trd, 4319305.243, 109
Trd, 4319305.493, 115
Trd, 4319305.843, 137
Trd, 4319307.193, 128
Trd, 4319307.443, 94
Trd, 4319308.143, 67
Trd, 4319308.643, 93
Trd, 4319310.093, 111
Trd, 4319310.293, 104
Trd, 4319311.493, 83
Trd, 4319313.093, 130
Trd, 4319313.143, 112
Trd, 4319314.843, 140
Trd, 4319314.893, 115
Trd, 4319315.593, 78
Trd, 4319316.843, 87
Trd, 4319317.993, 114
Trd, 4319318.143, 112
Trd, 4319318.793, 102
Trd, 4319319.343, 76
Trd, 4319321.393, 103
Trd, 4319321.593, 116
Trd, 4319323.743, 120
Trd, 4319324.043, 102
Trd, 4319324.493, 112
Trd, 4319325.343, 138
Trd, 4319325.743, 92
Trd, 4319326.093, 102
Trd, 4319326.743, 91
Trd, 4319329.393, 76
Trd, 4319329.693, 91
Trd, 4319330.143, 81
Trd, 4319331.243, 97
Trd, 4319331.843, 87
Trd, 4319334.693, 72
Trd, 4319335.243, 81
Trd, 4319335.993, 111
Trd, 4319336.043, 110
Trd, 4319336.893, 80
Trd, 4319337.143, 89
Trd, 4319338.243, 96
Trd, 4319338.593, 78
Trd, 4319340.643, 103
Trd, 4319341.143, 105
Trd, 4319342.593, 69
Trd, 4319342.743, 76
Trd, 4319343.343, 79
Trd, 4319343.493, 68
Trd, 4319344.193, 109
Trd, 4319344.393, 94
Trd, 4319344.543, 80
Trd, 4319345.043, 108
Trd, 4319345.243, 73
Trd, 4319348.643, 64
Trd, 4319348.693, 134
Trd, 4319349.693, 99
Trd, 4319350.043, 77
Trd, 4319350.293, 70
Trd, 4319351.093, 73
Trd, 4319351.993, 70
Trd, 4319352.743, 108
Trd, 4319353.243, 101
Trd, 4319354.293, 98
Trd, 4319355.593, 116
Trd, 4319356.943, 92
Trd, 4319357.193, 126
Trd, 4319357.293, 102
Trd, 4319358.693, 87
Trd, 4319358.893, 130
Trd, 4319359.693, 91
Trd, 4319360.743, 123
Trd, 4319361.043, 88
Trd, 4319361.893, 88
Trd, 4319362.743, 104
Trd, 4319363.943, 97
Trd, 4319366.093, 91
Trd, 4319367.093, 140
Trd, 4319367.593, 140
Trd, 4319367.643, 140
Trd, 4319368.643, 114
Trd, 4319368.893, 105
Trd, 4319369.343, 85
Trd, 4319369.693, 86
Trd, 4319370.543, 91
Trd, 4319370.643, 74
Trd, 4319371.843, 61
Trd, 4319372.893, 135
Trd, 4319374.493, 101
Trd, 4319375.043, 121
Trd, 4319375.293, 140
Trd, 4319376.143, 135
Trd, 4319377.943, 73
Trd, 4319379.093, 76
Trd, 4319379.593, 103
Trd, 4319380.843, 102
Trd, 4319381.093, 113
Trd, 4319381.993, 96
Trd, 4319382.293, 98
Trd, 4319382.993, 117
Trd, 4319383.193, 85
Trd, 4319383.543, 68
Trd, 4319383.993, 132
Trd, 4319385.293, 81
Trd, 4319386.543, 99
Trd, 4319386.693, 89
Trd, 4319387.143, 92
Trd, 4319388.743, 113
Trd, 4319389.043, 112
Trd, 4319389.593, 112
Trd, 4319390.193, 110
Trd, 4319390.443, 93
Trd, 4319391.243, 67
Trd, 4319392.143, 70
Trd, 4319392.593, 69
Trd, 4319393.093, 92
Trd, 4319394.343, 82
Trd, 4319394.693, 119
Trd, 4319395.193, 140
Trd, 4319396.293, 140
Trd, 4319397.293, 120
Trd, 4319398.243, 102
Trd, 4319399.643, 120
Trd, 4319399.893, 106
Trd, 4319402.143, 110
Trd, 4319402.393, 105
Trd, 4319402.693, 94
Trd, 4319403.243, 103
Trd, 4319403.593, 87
Trd, 4319404.143, 81
Trd, 4319404.943, 127
Trd, 4319406.043, 88
Trd, 4319406.643, 77
Trd, 4319407.393, 72
Trd, 4319407.793, 124
Trd, 4319408.543, 101
Trd, 4319408.593, 98
Trd, 4319409.093, 97
Trd, 4319409.343, 97
Trd, 4319409.793, 87
Trd, 4319411.493, 95
Trd, 4319412.393, 138
Trd, 4319413.193, 128
Trd, 4319413.693, 127
Trd, 4319414.043, 116
Trd, 4319414.593, 111
Trd, 4319414.693, 89
Trd, 4319415.693, 65
Trd, 4319416.193, 60
Trd, 4319417.193, 82
Trd, 4319417.743, 83
Trd, 4319419.143, 73
Trd, 4319419.343, 80
Trd, 4319419.693, 82
Trd, 4319419.893, 131
Trd, 4319420.393, 63
Trd, 4319420.843, 62
Trd, 4319422.543, 135
Trd, 4319424.243, 139
Trd, 4319424.543, 123
Trd, 4319425.343, 91
Trd, 4319426.093, 76
Trd, 4319426.793, 65
Trd, 4319429.393, 140
Trd, 4319429.443, 140
Trd, 4319429.743, 128
Trd, 4319429.943, 127
Trd, 4319429.993, 103
Trd, 4319430.893, 112
Trd, 4319431.343, 103
Trd, 4319432.543, 137
Trd, 4319435.843, 137
Trd, 4319436.143, 137
Trd, 4319436.343, 103
Trd, 4319437.593, 95
Trd, 4319438.043, 82
Trd, 4319439.643, 119
Trd, 4319439.743, 83
Trd, 4319440.443, 119
Trd, 4319440.643, 118
Trd, 4319440.893, 97
Trd, 4319441.593, 73
Trd, 4319441.993, 79
Trd, 4319443.493, 140
Trd, 4319443.543, 138
Trd, 4319443.793, 112
Trd, 4319445.843, 104
Trd, 4319446.093, 103
Trd, 4319447.043, 96
Trd, 4319448.343, 118
Trd, 4319448.693, 98
Trd, 4319449.793, 80
Trd, 4319450.293, 135
Trd, 4319450.643, 134
Trd, 4319450.693, 135
Trd, 4319451.093, 120
Trd, 4319452.093, 110
Trd, 4319452.643, 78
Trd, 4319453.193, 85
Trd, 4319454.893, 109
Trd, 4319454.943, 87
Trd, 4319456.543, 107
Trd, 4319457.443, 140
Trd, 4319457.693, 113
Trd, 4319458.793, 126
Trd, 4319459.043, 107
Trd, 4319459.343, 106
Trd, 4319459.743, 102
Trd, 4319462.043, 119
Trd, 4319462.143, 124
Trd, 4319463.293, 101
Trd, 4319463.793, 94
Trd, 4319464.593, 140
Trd, 4319465.643, 81
Trd, 4319466.043, 84
Trd, 4319467.093, 118
Trd, 4319467.443, 119
Trd, 4319467.693, 114
Trd, 4319468.443, 99
Trd, 4319469.293, 118
Trd, 4319470.193, 140
Trd, 4319470.693, 140
Trd, 4319470.793, 140
Trd, 4319471.293, 114
Trd, 4319472.093, 97
Trd, 4319473.393, 140
Trd, 4319473.593, 134
Trd, 4319473.743, 95
Trd, 4319474.843, 90
Trd, 4319476.043, 92
Trd, 4319476.893, 89
Trd, 4319478.543, 96
Trd, 4319478.943, 95
Trd, 4319479.043, 80
Trd, 4319479.943, 96
Trd, 4319480.243, 85
Trd, 4319481.593, 94
Trd, 4319481.743, 73
Trd, 4319482.393, 62
Trd, 4319483.143, 136
Trd, 4319483.243, 108
Trd, 4319485.593, 106
Trd, 4319486.343, 118
Trd, 4319486.743, 96
Trd, 4319487.393, 80
Trd, 4319487.693, 84
Trd, 4319488.493, 96
Trd, 4319492.493, 140
Trd, 4319494.143, 140
Trd, 4319494.293, 139
Trd, 4319495.293, 107
Trd, 4319496.393, 95
Trd, 4319496.793, 118
Trd, 4319498.093, 112
Trd, 4319498.193, 100
Trd, 4319498.293, 130
Trd, 4319499.143, 91
Trd, 4319499.193, 77
Trd, 4319500.243, 67
Trd, 4319500.993, 140
Trd, 4319501.343, 140
Trd, 4319501.943, 140
Trd, 4319502.443, 95
Trd, 4319503.293, 76
Trd, 4319504.793, 124
Trd, 4319504.843, 123
Trd, 4319505.843, 95
Trd, 4319506.893, 93
Trd, 4319507.793, 73
Trd, 4319508.643, 66
Trd, 4319509.993, 140
Trd, 4319510.843, 140
Trd, 4319511.143, 139
Trd, 4319511.693, 97
Trd, 4319511.793, 96
Trd, 4319512.893, 106
Trd, 4319513.093, 105
Trd, 4319514.293, 140
Trd, 4319514.693, 140
Trd, 4319515.543, 103
Trd, 4319516.743, 99
Trd, 4319518.243, 140
Trd, 4319519.443, 85
Trd, 4319519.943, 90
Trd, 4319519.993, 86
Trd, 4319520.593, 96
Trd, 4319522.043, 86
Trd, 4319522.143, 72
Trd, 4319522.743, 114
Trd, 4319523.093, 90
Trd, 4319523.193, 85
Trd, 4319525.343, 83
Trd, 4319527.193, 115
Trd, 4319527.743, 96
Trd, 4319527.843, 95
Trd, 4319527.893, 139
Trd, 4319528.543, 112
Trd, 4319528.743, 102
Trd, 4319529.143, 99
Trd, 4319529.493, 140
Trd, 4319530.493, 76
Trd, 4319531.593, 61
Trd, 4319534.993, 67
Trd, 4319535.443, 103
Trd, 4319536.443, 101
Trd, 4319536.993, 100
Trd, 4319537.393, 86
Trd, 4319537.493, 107
Trd, 4319539.043, 85
Trd, 4319541.393, 125
Trd, 4319542.293, 101
Trd, 4319542.593, 93
Trd, 4319544.343, 140
Trd, 4319544.443, 139
Trd, 4319544.993, 94
Trd, 4319545.493, 99
Trd, 4319545.893, 77
Trd, 4319546.743, 118
Trd, 4319546.843, 114
Trd, 4319548.243, 103
Trd, 4319548.643, 83
Trd, 4319549.243, 82
Trd, 4319549.793, 74
Trd, 4319551.093, 93
Trd, 4319551.193, 127
Trd, 4319552.143, 113
Trd, 4319552.393, 83
Trd, 4319553.393, 119
Trd, 4319553.643, 90
Trd, 4319554.493, 117
Trd, 4319556.593, 118
Trd, 4319556.993, 112
Trd, 4319557.393, 111
Trd, 4319557.593, 121
Trd, 4319558.993, 101
Trd, 4319559.493, 100
Trd, 4319559.593, 97
Trd, 4319560.443, 84
Trd, 4319561.643, 67
Trd, 4319563.393, 125
Trd, 4319563.593, 108
Trd, 4319564.993, 130
Trd, 4319565.043, 128
Trd, 4319565.093, 107
Trd, 4319565.593, 119
Trd, 4319566.943, 97
Trd, 4319567.193, 96
Trd, 4319567.293, 120
Trd, 4319568.793, 106
Trd, 4319568.943, 107
Trd, 4319570.093, 106
Trd, 4319571.993, 102
Trd, 4319572.843, 140
Trd, 4319573.143, 126
Trd, 4319574.893, 126
Trd, 4319575.143, 125
Trd, 4319575.293, 107
Trd, 4319575.343, 106
Trd, 4319576.693, 108
Trd, 4319578.543, 65
Trd, 4319578.993, 139
Trd, 4319579.543, 97
Trd, 4319579.693, 88
Trd, 4319581.343, 73
Trd, 4319582.043, 70
Trd, 4319582.693, 88
Trd, 4319582.743, 87
Trd, 4319583.093, 112
Trd, 4319584.793, 84
Trd, 4319586.043, 98
Trd, 4319587.543, 80
Trd, 4319587.743, 84
Trd, 4319587.843, 104
Trd, 4319588.493, 74
Trd, 4319589.593, 89
Trd, 4319589.993, 70
Trd, 4319591.593, 65
Trd, 4319592.493, 71
Trd, 4319594.143, 62
Trd, 4319594.293, 73
Trd, 4319594.443, 66
Trd, 4319595.343, 126
Trd, 4319596.443, 67
Trd, 4319597.193, 60
Trd, 4319598.893, 68
Trd, 4319598.993, 69
Trd, 4319599.893, 95
Trd, 4319600.093, 118
Trd, 4319602.343, 96
Trd, 4319602.493, 81
Trd, 4319602.793, 74
Trd, 4319604.093, 134
Trd, 4319604.843, 93
Trd, 4319606.093, 106
Trd, 4319606.343, 89
Trd, 4319606.593, 114
Trd, 4319608.843, 98
Trd, 4319609.593, 140
Trd, 4319609.893, 140
Trd, 4319610.143, 138
Trd, 4319611.443, 112
Trd, 4319612.493, 94
Trd, 4319612.643, 99
Trd, 4319614.293, 95
Trd, 4319614.393, 139
Trd, 4319616.293, 139
Trd, 4319616.793, 115
Trd, 4319618.293, 101
Trd, 4319618.493, 100
Trd, 4319619.143, 112
Trd, 4319619.593, 102
Trd, 4319620.943, 92
Trd, 4319622.343, 103
Trd, 4319622.543, 86
Trd, 4319623.243, 140
Trd, 4319623.393, 140
Trd, 4319624.593, 140
Trd, 4319625.593, 131
Trd, 4319625.693, 108
Trd, 4319626.993, 72
Trd, 4319628.743, 108
Trd, 4319629.193, 108
Trd, 4319629.643, 105
Trd, 4319631.393, 116
Trd, 4319631.743, 111
Trd, 4319631.943, 96
Trd, 4319632.293, 86
Trd, 4319633.593, 65
Trd, 4319633.943, 65
Trd, 4319634.343, 102
Trd, 4319634.593, 69
Trd, 4319635.343, 139
Trd, 4319635.743, 140
Trd, 4319637.993, 86
Trd, 4319639.443, 91
Trd, 4319639.543, 88
Trd, 4319640.193, 67
Trd, 4319640.943, 104
Trd, 4319641.193, 81
Trd, 4319641.543, 67
Trd, 4319643.843, 140
Trd, 4319644.343, 140
Trd, 4319645.493, 140
Trd, 4319645.793, 108
Trd, 4319646.243, 140
Trd, 4319646.293, 133
Trd, 4319646.693, 108
Trd, 4319647.693, 98
Trd, 4319649.243, 69
Trd, 4319651.543, 107
Trd, 4319652.243, 102
Trd, 4319653.493, 127
Trd, 4319654.443, 76
Trd, 4319654.793, 66
Trd, 4319656.143, 95
Trd, 4319656.843, 96
Trd, 4319657.193, 140
Trd, 4319657.493, 95
Trd, 4319658.243, 130
Trd, 4319659.193, 124
Trd, 4319660.843, 122
Trd, 4319660.993, 117
Trd, 4319662.343, 140
Trd, 4319662.543, 140
Trd, 4319663.643, 117
Trd, 4319663.793, 116
Trd, 4319664.793, 123
Trd, 4319664.943, 101
Trd, 4319666.043, 100
Trd, 4319666.343, 94
Trd, 4319666.793, 93
Trd, 4319667.643, 63
Trd, 4319668.093, 85
Trd, 4319669.993, 74
Trd, 4319670.693, 60
Trd, 4319670.943, 69
Trd, 4319671.343, 111
Trd, 4319673.493, 81
Trd, 4319674.393, 80
Trd, 4319675.143, 76
Trd, 4319675.943, 79
Trd, 4319676.943, 61
Trd, 4319678.643, 140
Trd, 4319679.243, 139
Trd, 4319679.493, 118
Trd, 4319679.993, 117
Trd, 4319680.093, 102
Trd, 4319682.193, 83
Trd, 4319682.343, 82
Trd, 4319682.443, 136
Trd, 4319683.293, 63
Trd, 4319683.493, 66
Trd, 4319684.993, 84
Trd, 4319686.993, 90
Trd, 4319687.593, 130
Trd, 4319688.393, 104
Trd, 4319688.743, 98
Trd, 4319688.943, 91
Trd, 4319689.493, 123
Trd, 4319690.043, 139
Trd, 4319690.293, 107
Trd, 4319690.493, 103
Trd, 4319691.643, 91
Trd, 4319692.043, 62
Trd, 4319693.993, 72
Trd, 4319694.093, 137
Trd, 4319695.443, 86
Trd, 4319696.143, 82
Trd, 4319697.743, 129
Trd, 4319698.093, 127
Trd, 4319698.193, 125
Trd, 4319698.593, 104
Trd, 4319699.543, 90
Trd, 4319700.893, 140
Trd, 4319701.243, 113
Trd, 4319701.693, 91
Trd, 4319702.193, 90
Trd, 4319703.093, 88
Trd, 4319703.593, 93
Trd, 4319704.243, 130
Trd, 4319706.643, 140
Trd, 4319706.843, 138
Trd, 4319706.993, 126
Trd, 4319707.293, 126
Trd, 4319707.393, 90
Trd, 4319708.993, 138
Trd, 4319711.043, 135
Trd, 4319711.643, 134
Trd, 4319711.893, 123
Trd, 4319712.343, 119
Trd, 4319713.293, 140
Trd, 4319713.343, 106
Trd, 4319715.093, 89
Trd, 4319715.243, 60
Trd, 4319715.843, 67
Trd, 4319716.693, 61
Trd, 4319717.693, 63
Trd, 4319718.493, 118
Trd, 4319718.543, 117
Trd, 4319718.943, 63
Trd, 4319719.743, 107
Trd, 4319720.193, 87
Trd, 4319720.943, 135
Trd, 4319721.093, 114
Trd, 4319722.593, 107
Trd, 4319723.343, 110
Trd, 4319723.543, 81
Trd, 4319723.843, 77
Trd, 4319725.493, 65
Trd, 4319725.643, 103
Trd, 4319726.143, 67
Trd, 4319726.593, 86
Trd, 4319728.443, 65
Trd, 4319729.293, 96
Trd, 4319731.193, 101
Trd, 4319732.093, 97
Trd, 4319732.443, 139
Trd, 4319732.593, 92
Trd, 4319733.743, 87
Trd, 4319734.943, 76
Trd, 4319735.343, 75
Trd, 4319736.143, 74
Trd, 4319736.293, 117
Trd, 4319736.793, 99
Trd, 4319737.443, 98
Trd, 4319737.993, 116
Trd, 4319739.993, 140
Trd, 4319740.443, 140
Trd, 4319740.643, 101
Trd, 4319741.793, 101
Trd, 4319742.593, 83
Trd, 4319742.743, 81
Trd, 4319743.793, 86
Trd, 4319744.843, 86
Trd, 4319746.993, 83
Trd, 4319747.443, 134
Trd, 4319747.643, 111
Trd, 4319748.643, 127
Trd, 4319749.843, 131
Trd, 4319750.193, 129
Trd, 4319751.343, 123
Trd, 4319751.393, 115
Trd, 4319751.743, 139
Trd, 4319752.193, 108
Trd, 4319753.643, 98
Trd, 4319755.393, 101
Trd, 4319755.843, 92
Trd, 4319757.143, 85
Trd, 4319757.193, 97
Trd, 4319757.993, 139
Trd, 4319758.593, 81
Trd, 4319759.443, 61
Trd, 4319759.893, 60
Trd, 4319761.793, 86
Trd, 4319762.943, 101
Trd, 4319764.743, 96
Trd, 4319766.043, 107
Trd, 4319766.243, 116
Trd, 4319766.393, 106
Trd, 4319766.443, 74
Trd, 4319767.743, 140
Trd, 4319768.093, 139
Trd, 4319768.143, 119
Trd, 4319768.643, 116
Trd, 4319770.193, 113
Trd, 4319771.043, 104
Trd, 4319771.143, 101
Trd, 4319771.793, 88
Trd, 4319772.143, 75
Trd, 4319773.243, 75
Trd, 4319774.193, 100
Trd, 4319774.343, 66
Trd, 4319776.093, 72
Trd, 4319777.043, 80
Trd, 4319777.393, 130
Trd, 4319777.843, 100
Trd, 4319778.143, 117
Trd, 4319779.043, 89
Trd, 4319779.643, 88
Trd, 4319780.743, 139
Trd, 4319780.843, 88
Trd, 4319781.793, 121
Trd, 4319783.343, 96
Trd, 4319783.393, 95
Trd, 4319783.993, 80
Trd, 4319784.493, 122
Trd, 4319784.793, 110
Trd, 4319785.043, 105
Trd, 4319785.893, 135
Trd, 4319786.393, 109
Trd, 4319786.743, 91
Trd, 4319788.843, 126
Trd, 4319789.493, 94
Trd, 4319790.793, 106
Trd, 4319790.893, 102
Trd, 4319791.043, 93
Trd, 4319791.443, 95
Trd, 4319791.643, 86
Trd, 4319791.993, 70
Trd, 4319792.893, 138
Trd, 4319795.093, 139
Trd, 4319795.243, 109
Trd, 4319795.543, 98
Trd, 4319795.843, 108
Trd, 4319797.543, 131
Trd, 4319798.093, 104
Trd, 4319798.293, 122
Trd, 4319799.143, 91
Trd, 4319800.793, 104
Trd, 4319800.893, 87
Trd, 4319801.243, 97
Trd, 4319801.293, 74
Trd, 4319802.593, 62
Trd, 4319803.093, 68
Trd, 4319803.793, 67
Trd, 4319805.393, 63
Trd, 4319806.743, 90
Trd, 4319806.893, 99
Trd, 4319806.943, 75
Trd, 4319809.693, 113
Trd, 4319809.893, 112
Trd, 4319809.993, 95
Trd, 4319810.593, 98
Trd, 4319810.743, 92
Trd, 4319811.443, 77
Trd, 4319812.043, 73
Trd, 4319813.643, 139
Trd, 4319814.693, 106
Trd, 4319815.643, 109
Trd, 4319816.093, 98
Trd, 4319816.693, 99
Trd, 4319817.143, 103
Trd, 4319817.543, 73
Trd, 4319817.793, 72
Trd, 4319818.243, 82
Trd, 4319819.343, 103
Trd, 4319820.843, 140
Trd, 4319820.943, 105
Trd, 4319821.293, 92
Trd, 4319821.743, 75
Trd, 4319821.793, 77
Trd, 4319821.943, 88
Trd, 4319823.443, 72
Trd, 4319824.093, 98
Trd, 4319824.693, 65
Trd, 4319824.993, 75
Trd, 4319825.443, 108
Trd, 4319825.993, 61
Trd, 4319829.443, 140
Trd, 4319829.643, 114
Trd, 4319830.093, 91
Trd, 4319831.343, 81
Trd, 4319832.143, 99
Trd, 4319832.243, 75
Trd, 4319832.943, 92
Trd, 4319833.593, 65
Trd, 4319834.043, 81
Trd, 4319835.343, 92
Trd, 4319836.793, 90
Trd, 4319836.943, 91
Trd, 4319837.093, 104
Trd, 4319837.743, 88
Trd, 4319838.593, 71
Trd, 4319839.043, 140
Trd, 4319840.093, 66
Trd, 4319840.193, 69
Trd, 4319840.593, 69
Trd, 4319841.943, 103
Trd, 4319842.593, 63
Trd, 4319843.393, 63
Trd, 4319843.493, 67
Trd, 4319844.793, 124
Trd, 4319844.943, 106
Trd, 4319846.493, 70
Trd, 4319847.293, 83
Trd, 4319848.443, 113
Trd, 4319848.743, 101
Trd, 4319849.593, 94
Trd, 4319850.793, 89
Trd, 4319851.743, 92
Trd, 4319851.893, 81
Trd, 4319853.093, 96
Trd, 4319853.543, 86
Trd, 4319855.493, 87
Trd, 4319856.693, 96
Trd, 4319857.143, 113
Trd, 4319857.743, 97
Trd, 4319858.293, 131
Trd, 4319858.993, 117
Trd, 4319859.143, 116
Trd, 4319860.293, 109
Trd, 4319861.043, 96
Trd, 4319861.643, 98
Trd, 4319863.293, 105
Trd, 4319863.343, 104
Trd, 4319863.993, 97
Trd, 4319864.243, 91
Trd, 4319864.493, 89
Trd, 4319866.793, 118
Trd, 4319867.243, 126
Trd, 4319868.593, 109
Trd, 4319868.893, 123
Trd, 4319869.493, 100
Trd, 4319870.343, 102
Trd, 4319870.743, 93
Trd, 4319871.243, 137
Trd, 4319871.993, 120
Trd, 4319872.593, 101
Trd, 4319874.143, 124
Trd, 4319874.243, 107
Trd, 4319874.743, 98
Trd, 4319874.843, 87
Trd, 4319876.493, 93
Trd, 4319878.643, 140
Trd, 4319879.243, 140
Trd, 4319879.893, 112
Trd, 4319880.293, 125
Trd, 4319880.893, 140
Trd, 4319881.593, 120
Trd, 4319882.043, 119
Trd, 4319883.143, 98
Trd, 4319884.493, 140
Trd, 4319885.493, 111
Trd, 4319885.943, 89
Trd, 4319887.043, 139
Trd, 4319887.193, 138
Trd, 4319887.843, 109
Trd, 4319888.343, 113
Trd, 4319889.943, 70
Trd, 4319890.393, 85
Trd, 4319891.493, 77
Trd, 4319891.643, 94
Trd, 4319892.243, 67
Trd, 4319892.393, 139
Trd, 4319894.393, 140
Trd, 4319894.443, 140
Trd, 4319895.693, 86
Trd, 4319896.243, 112
Trd, 4319896.293, 88
Trd, 4319897.643, 93
Trd, 4319898.443, 88
Trd, 4319899.393, 111
Trd, 4319899.843, 78
Trd, 4319900.443, 82
Trd, 4319902.093, 69
Trd, 4319903.743, 81
Trd, 4319905.143, 140
Trd, 4319905.343, 139
Trd, 4319905.643, 117
Trd, 4319905.743, 108
Trd, 4319906.093, 101
Trd, 4319907.293, 125
Trd, 4319907.793, 97
Trd, 4319908.543, 101
Trd, 4319908.793, 98
Trd, 4319910.943, 106
Trd, 4319910.993, 96
Trd, 4319911.293, 106
Trd, 4319911.943, 110
Trd, 4319912.143, 110
Trd, 4319912.293, 109
Trd, 4319913.643, 116
Trd, 4319914.493, 129
Trd, 4319915.143, 98
Trd, 4319915.493, 69
Trd, 4319916.143, 102
Trd, 4319916.343, 65
Trd, 4319919.293, 62
Trd, 4319920.043, 72
Trd, 4319921.393, 75
Trd, 4319922.093, 136
Trd, 4319922.743, 137
Trd, 4319924.143, 79
Trd, 4319924.443, 82
Trd, 4319924.593, 81
Trd, 4319924.843, 123
Trd, 4319925.493, 107
Trd, 4319925.693, 78
Trd, 4319926.993, 110
Trd, 4319927.443, 80
Trd, 4319929.093, 83
Trd, 4319929.343, 81
Trd, 4319929.843, 80
Trd, 4319931.093, 138
Trd, 4319931.543, 119
Trd, 4319932.043, 109
Trd, 4319932.443, 93
Trd, 4319932.843, 92
Trd, 4319932.893, 67
Trd, 4319933.993, 70
Trd, 4319934.043, 66
Trd, 4319935.343, 124
Trd, 4319937.443, 94
Trd, 4319938.493, 63
Trd, 4319939.443, 94
Trd, 4319939.493, 93
Trd, 4319939.743, 100
Trd, 4319940.643, 140
Trd, 4319941.793, 140
Trd, 4319942.143, 111
Trd, 4319942.343, 98
Trd, 4319943.593, 95
Trd, 4319944.693, 127
Trd, 4319944.793, 111
Trd, 4319945.043, 112
Trd, 4319945.843, 111
Trd, 4319947.443, 96
Trd, 4319948.093, 105
Trd, 4319949.793, 90
Trd, 4319949.943, 86
Trd, 4319950.893, 136
Trd, 4319950.993, 98
Trd, 4319952.293, 83
Trd, 4319952.493, 82
Trd, 4319952.643, 135
Trd, 4319952.993, 133
Trd, 4319953.443, 123
Trd, 4319955.693, 103
Trd, 4319955.843, 101
Trd, 4319957.193, 118
Trd, 4319957.543, 120
Trd, 4319958.143, 96
Trd, 4319958.443, 95
Trd, 4319958.543, 70
Trd, 4319959.693, 114
Trd, 4319959.793, 111
Trd, 4319960.793, 75
Trd, 4319963.143, 71
Trd, 4319963.343, 77
Trd, 4319964.343, 98
Trd, 4319964.443, 67
Trd, 4319964.643, 75
Trd, 4319965.993, 108
Trd, 4319966.493, 108
Trd, 4319966.843, 74
Trd, 4319968.993, 115
Trd, 4319969.393, 114
Trd, 4319969.643, 124
Trd, 4319970.543, 120
Trd, 4319970.843, 130
Trd, 4319971.743, 108
Trd, 4319971.993, 102
Trd, 4319972.793, 72
Trd, 4319974.193, 125
Trd, 4319975.593, 137
Trd, 4319976.143, 109
Trd, 4319977.243, 106
Trd, 4319977.593, 117
Trd, 4319978.743, 108
Trd, 4319979.093, 109
Trd, 4319979.443, 78
Trd, 4319980.193, 123
Trd, 4319980.893, 140
Trd, 4319981.043, 139
Trd, 4319982.293, 109
Trd, 4319982.393, 106
Trd, 4319984.443, 140
Trd, 4319984.893, 140
Trd, 4319985.343, 132
Trd, 4319985.393, 121
Trd, 4319986.743, 124
Trd, 4319986.993, 109
Trd, 4319987.293, 107
Trd, 4319987.893, 111
Trd, 4319988.593, 88
Trd, 4319989.043, 126
Trd, 4319989.543, 132
Trd, 4319989.993, 135
Trd, 4319990.143, 68
Trd, 4319991.943, 60
Trd, 4319992.143, 64
Trd, 4319992.443, 99
Trd, 4319993.193, 61
Trd, 4319993.793, 97
Trd, 4319995.843, 64
Trd, 4319995.943, 71
Trd, 4319997.343, 64
Trd, 4319997.993, 61
Trd, 4319998.243, 62
Trd, 4319998.843, 129
