Trd, 4318070.093, 138
Trd, 4318071.193, 134
Trd, 4318071.793, 106
Trd, 4318074.243, 139
Trd, 4318074.293, 137
Trd, 4318074.493, 89
Trd, 4318074.943, 87
Trd, 4318075.043, 104
Trd, 4318075.593, 110
Trd, 4318076.193, 91
Trd, 4318077.743, 134
Trd, 4318078.093, 113
Trd, 4318079.493, 121
Trd, 4318080.593, 107
Trd, 4318081.043, 133
Trd, 4318081.443, 132
Trd, 4318082.193, 130
Trd, 4318082.693, 114
Trd, 4318084.493, 140
Trd, 4318085.293, 113
Trd, 4318085.893, 120
Trd, 4318086.093, 130
Trd, 4318086.843, 134
Trd, 4318087.693, 135
Trd, 4318088.393, 81
Trd, 4318088.843, 97
Trd, 4318088.993, 82
Trd, 4318089.343, 81
Trd, 4318090.443, 126
Trd, 4318090.493, 124
Trd, 4318091.243, 122
Trd, 4318091.693, 124
Trd, 4318092.293, 93
Trd, 4318093.643, 105
Trd, 4318095.093, 102
Trd, 4318095.893, 122
Trd, 4318096.093, 122
Trd, 4318098.343, 94
Trd, 4318098.993, 109
Trd, 4318099.043, 84
Trd, 4318099.793, 98
Trd, 4318101.293, 129
Trd, 4318102.943, 126
Trd, 4318103.293, 95
Trd, 4318103.593, 104
Trd, 4318104.143, 106
Trd, 4318104.443, 98
Trd, 4318105.093, 135
Trd, 4318106.093, 134
Trd, 4318106.893, 132
Trd, 4318107.193, 118
Trd, 4318108.443, 120
Trd, 4318108.593, 125
Trd, 4318108.693, 104
Trd, 4318109.243, 89
Trd, 4318111.893, 89
Trd, 4318112.093, 92
Trd, 4318113.043, 93
Trd, 4318113.993, 139
Trd, 4318114.393, 137
Trd, 4318116.143, 113
Trd, 4318116.243, 112
Trd, 4318116.543, 111
Trd, 4318116.593, 105
Trd, 4318117.193, 98
Trd, 4318120.143, 114
Trd, 4318120.843, 109
Trd, 4318122.143, 128
Trd, 4318122.543, 126
Trd, 4318123.443, 124
Trd, 4318123.693, 108
Trd, 4318125.293, 121
Trd, 4318127.193, 130
Trd, 4318128.043, 127
Trd, 4318129.393, 111
Trd, 4318130.643, 77
Trd, 4318131.243, 98
Trd, 4318131.843, 116
Trd, 4318132.293, 115
Trd, 4318132.493, 123
Trd, 4318132.693, 135
Trd, 4318133.193, 126
Trd, 4318134.343, 101
Trd, 4318134.693, 96
Trd, 4318136.143, 100
Trd, 4318137.493, 107
Trd, 4318137.693, 113
Trd, 4318139.343, 127
Trd, 4318140.343, 128
Trd, 4318140.493, 124
Trd, 4318140.843, 110
Trd, 4318142.743, 110
Trd, 4318143.893, 101
Trd, 4318144.343, 110
Trd, 4318145.293, 106
Trd, 4318145.343, 96
Trd, 4318145.693, 124
Trd, 4318145.943, 91
Trd, 4318147.443, 110
Trd, 4318147.793, 87
Trd, 4318148.043, 89
Trd, 4318149.993, 130
Trd, 4318150.443, 123
Trd, 4318150.643, 123
Trd, 4318151.193, 87
Trd, 4318152.293, 110
Trd, 4318152.793, 95
Trd, 4318152.993, 92
Trd, 4318154.593, 137
Trd, 4318155.193, 135
Trd, 4318156.043, 120
Trd, 4318157.893, 120
Trd, 4318158.493, 118
Trd, 4318159.843, 132
Trd, 4318160.243, 130
Trd, 4318161.993, 120
Trd, 4318162.393, 108
Trd, 4318163.743, 103
Trd, 4318164.593, 102
Trd, 4318164.893, 101
Trd, 4318165.343, 94
Trd, 4318167.343, 128
Trd, 4318167.943, 118
Trd, 4318168.643, 100
Trd, 4318170.343, 100
Trd, 4318170.843, 98
Trd, 4318170.943, 98
Trd, 4318172.643, 120
Trd, 4318173.143, 117
Trd, 4318173.793, 78
Trd, 4318174.743, 116
Trd, 4318175.293, 118
Trd, 4318175.593, 87
Trd, 4318176.443, 74
Trd, 4318177.193, 83
Trd, 4318177.443, 117
Trd, 4318177.893, 69
Trd, 4318179.443, 131
Trd, 4318180.143, 130
Trd, 4318180.443, 121
Trd, 4318182.993, 124
Trd, 4318183.143, 90
Trd, 4318185.193, 103
Trd, 4318185.993, 135
Trd, 4318186.743, 127
Trd, 4318186.843, 124
Trd, 4318187.193, 126
Trd, 4318187.493, 101
Trd, 4318189.393, 127
Trd, 4318190.043, 128
Trd, 4318190.593, 134
Trd, 4318190.693, 132
Trd, 4318191.043, 131
Trd, 4318191.193, 128
Trd, 4318192.593, 139
Trd, 4318193.443, 138
Trd, 4318194.493, 134
Trd, 4318194.543, 125
Trd, 4318196.043, 111
Trd, 4318196.743, 132
Trd, 4318197.493, 100
Trd, 4318198.493, 78
Trd, 4318199.193, 67
Trd, 4318200.193, 114
Trd, 4318200.343, 107
Trd, 4318200.893, 82
Trd, 4318200.993, 88
Trd, 4318201.143, 124
Trd, 4318202.043, 105
Trd, 4318202.543, 138
Trd, 4318203.693, 137
Trd, 4318204.043, 133
Trd, 4318204.293, 120
Trd, 4318204.893, 136
Trd, 4318205.543, 101
Trd, 4318205.793, 111
Trd, 4318207.443, 124
Trd, 4318207.693, 90
Trd, 4318207.993, 98
Trd, 4318210.143, 121
Trd, 4318210.943, 115
Trd, 4318211.143, 113
Trd, 4318212.643, 132
Trd, 4318213.493, 99
Trd, 4318214.443, 107
Trd, 4318215.243, 109
Trd, 4318215.343, 117
Trd, 4318215.893, 131
Trd, 4318215.943, 108
Trd, 4318217.943, 118
Trd, 4318219.843, 130
Trd, 4318220.243, 127
Trd, 4318220.593, 123
Trd, 4318220.843, 119
Trd, 4318220.993, 128
Trd, 4318222.593, 140
Trd, 4318223.793, 134
Trd, 4318223.893, 110
Trd, 4318224.243, 86
Trd, 4318227.443, 121
Trd, 4318227.843, 120
Trd, 4318228.293, 122
Trd, 4318230.793, 83
Trd, 4318230.843, 103
Trd, 4318231.743, 119
Trd, 4318232.293, 96
Trd, 4318232.443, 91
Trd, 4318232.593, 82
Trd, 4318233.693, 113
Trd, 4318235.743, 134
Trd, 4318235.893, 132
Trd, 4318235.993, 103
Trd, 4318237.693, 125
Trd, 4318238.243, 86
Trd, 4318239.843, 101
Trd, 4318240.493, 127
Trd, 4318240.943, 114
Trd, 4318241.393, 97
Trd, 4318241.943, 96
Trd, 4318242.693, 113
Trd, 4318243.193, 113
Trd, 4318245.093, 114
Trd, 4318245.343, 110
Trd, 4318246.693, 99
Trd, 4318247.043, 95
Trd, 4318247.343, 92
Trd, 4318247.943, 113
Trd, 4318249.943, 135
Trd, 4318251.793, 122
Trd, 4318251.893, 120
Trd, 4318252.543, 120
Trd, 4318252.993, 118
Trd, 4318253.493, 137
Trd, 4318254.193, 78
Trd, 4318254.793, 116
Trd, 4318254.843, 115
Trd, 4318255.343, 95
Trd, 4318257.443, 123
Trd, 4318257.543, 125
Trd, 4318258.193, 131
Trd, 4318260.543, 110
Trd, 4318261.843, 109
Trd, 4318261.893, 107
Trd, 4318262.643, 125
Trd, 4318262.793, 104
Trd, 4318263.843, 77
Trd, 4318264.693, 80
Trd, 4318264.793, 78
Trd, 4318264.893, 83
Trd, 4318266.893, 98
Trd, 4318267.043, 99
Trd, 4318267.193, 102
Trd, 4318268.393, 114
Trd, 4318270.293, 116
Trd, 4318270.493, 115
Trd, 4318270.793, 76
Trd, 4318271.493, 104
Trd, 4318273.193, 137
Trd, 4318273.493, 102
Trd, 4318274.093, 136
Trd, 4318274.293, 104
Trd, 4318274.543, 97
Trd, 4318275.943, 91
Trd, 4318277.193, 137
Trd, 4318278.143, 121
Trd, 4318278.193, 119
Trd, 4318279.443, 101
Trd, 4318280.193, 96
Trd, 4318281.243, 108
Trd, 4318281.593, 113
Trd, 4318282.143, 118
Trd, 4318285.993, 138
Trd, 4318286.843, 133
Trd, 4318287.043, 119
Trd, 4318288.443, 113
Trd, 4318288.743, 137
Trd, 4318289.543, 135
Trd, 4318289.843, 113
Trd, 4318290.043, 108
Trd, 4318290.143, 89
Trd, 4318290.893, 73
Trd, 4318291.843, 80
Trd, 4318292.343, 73
Trd, 4318294.693, 86
Trd, 4318295.843, 96
Trd, 4318296.043, 95
Trd, 4318296.793, 107
Trd, 4318297.143, 105
Trd, 4318297.393, 84
Trd, 4318298.243, 86
Trd, 4318299.793, 120
Trd, 4318300.143, 108
Trd, 4318300.593, 92
Trd, 4318301.043, 74
Trd, 4318301.143, 119
Trd, 4318303.343, 86
Trd, 4318303.793, 115
Trd, 4318304.743, 104
Trd, 4318305.143, 103
Trd, 4318306.093, 83
Trd, 4318306.893, 103
Trd, 4318309.193, 110
Trd, 4318310.893, 109
Trd, 4318311.293, 133
Trd, 4318312.793, 125
Trd, 4318313.143, 116
Trd, 4318313.393, 113
Trd, 4318313.993, 108
Trd, 4318314.993, 131
Trd, 4318316.243, 121
Trd, 4318316.993, 94
Trd, 4318317.443, 89
Trd, 4318318.093, 137
Trd, 4318318.743, 132
Trd, 4318320.643, 100
Trd, 4318322.143, 97
Trd, 4318322.943, 95
Trd, 4318323.143, 124
Trd, 4318323.193, 107
Trd, 4318325.643, 140
Trd, 4318325.693, 140
Trd, 4318326.593, 131
Trd, 4318327.293, 130
Trd, 4318327.343, 130
Trd, 4318327.843, 126
Trd, 4318327.893, 108
Trd, 4318329.393, 69
Trd, 4318331.493, 140
Trd, 4318331.593, 122
Trd, 4318332.243, 135
Trd, 4318333.393, 132
Trd, 4318334.493, 134
Trd, 4318335.343, 117
Trd, 4318335.393, 116
Trd, 4318336.993, 110
Trd, 4318337.493, 98
Trd, 4318338.393, 136
Trd, 4318339.893, 123
Trd, 4318340.293, 112
Trd, 4318341.393, 108
Trd, 4318341.593, 102
Trd, 4318343.693, 110
Trd, 4318344.093, 107
Trd, 4318344.343, 118
Trd, 4318345.843, 104
Trd, 4318345.943, 100
Trd, 4318347.043, 93
Trd, 4318347.793, 137
Trd, 4318349.143, 130
Trd, 4318349.493, 125
Trd, 4318349.993, 123
Trd, 4318350.643, 115
Trd, 4318351.543, 128
Trd, 4318353.093, 110
Trd, 4318353.893, 125
Trd, 4318354.193, 124
Trd, 4318354.393, 103
Trd, 4318355.493, 136
Trd, 4318356.093, 126
Trd, 4318356.693, 95
Trd, 4318356.893, 90
Trd, 4318358.343, 72
Trd, 4318359.293, 72
Trd, 4318359.943, 76
Trd, 4318360.093, 72
Trd, 4318360.293, 74
Trd, 4318360.993, 139
Trd, 4318362.493, 89
Trd, 4318363.693, 91
Trd, 4318364.243, 127
Trd, 4318364.343, 126
Trd, 4318364.793, 126
Trd, 4318365.743, 87
Trd, 4318366.343, 139
Trd, 4318368.293, 123
Trd, 4318368.543, 122
Trd, 4318368.593, 127
Trd, 4318368.843, 113
Trd, 4318370.943, 75
Trd, 4318371.643, 121
Trd, 4318372.893, 99
Trd, 4318373.243, 101
Trd, 4318373.393, 85
Trd, 4318375.193, 133
Trd, 4318375.593, 132
Trd, 4318375.743, 125
Trd, 4318376.043, 107
Trd, 4318377.393, 107
Trd, 4318378.643, 85
Trd, 4318379.093, 81
Trd, 4318379.843, 75
Trd, 4318380.793, 96
Trd, 4318381.993, 121
Trd, 4318383.043, 90
Trd, 4318383.943, 129
Trd, 4318385.143, 101
Trd, 4318385.343, 118
Trd, 4318386.743, 104
Trd, 4318388.593, 99
Trd, 4318388.793, 107
Trd, 4318389.493, 116
Trd, 4318389.893, 120
Trd, 4318389.993, 103
Trd, 4318390.843, 124
Trd, 4318391.743, 91
Trd, 4318392.193, 75
Trd, 4318394.143, 118
Trd, 4318394.193, 80
Trd, 4318394.743, 132
Trd, 4318394.843, 77
Trd, 4318396.593, 104
Trd, 4318398.043, 114
Trd, 4318398.143, 113
Trd, 4318398.593, 108
Trd, 4318398.793, 106
Trd, 4318399.793, 128
Trd, 4318400.293, 94
Trd, 4318400.393, 92
Trd, 4318402.593, 123
Trd, 4318404.093, 119
Trd, 4318404.393, 100
Trd, 4318405.043, 99
Trd, 4318405.743, 78
Trd, 4318406.443, 90
Trd, 4318407.143, 63
Trd, 4318407.543, 97
Trd, 4318407.743, 91
Trd, 4318408.243, 76
Trd, 4318410.593, 131
Trd, 4318411.543, 102
Trd, 4318411.843, 84
Trd, 4318412.293, 104
Trd, 4318412.693, 109
Trd, 4318413.893, 65
Trd, 4318415.643, 98
Trd, 4318415.943, 82
Trd, 4318417.043, 100
Trd, 4318417.343, 81
Trd, 4318419.343, 107
Trd, 4318420.743, 137
Trd, 4318420.843, 135
Trd, 4318421.543, 133
Trd, 4318423.093, 128
Trd, 4318423.243, 136
Trd, 4318423.593, 128
Trd, 4318423.993, 125
Trd, 4318424.093, 116
Trd, 4318424.593, 116
Trd, 4318424.993, 96
Trd, 4318426.443, 133
Trd, 4318426.843, 118
Trd, 4318427.493, 93
Trd, 4318428.143, 91
Trd, 4318428.243, 115
Trd, 4318430.943, 99
Trd, 4318431.243, 99
Trd, 4318432.193, 73
Trd, 4318432.493, 71
Trd, 4318432.743, 75
Trd, 4318433.043, 97
Trd, 4318434.743, 90
Trd, 4318436.843, 89
Trd, 4318438.143, 81
Trd, 4318438.593, 67
Trd, 4318440.243, 107
Trd, 4318440.293, 115
Trd, 4318441.243, 84
Trd, 4318442.443, 135
Trd, 4318442.743, 139
Trd, 4318442.843, 76
Trd, 4318444.143, 88
Trd, 4318444.393, 97
Trd, 4318444.643, 94
Trd, 4318445.743, 85
Trd, 4318446.393, 98
Trd, 4318447.993, 88
Trd, 4318449.343, 126
Trd, 4318449.493, 125
Trd, 4318450.193, 122
Trd, 4318450.643, 118
Trd, 4318450.693, 117
Trd, 4318450.893, 109
Trd, 4318453.393, 131
Trd, 4318454.293, 113
Trd, 4318454.743, 108
Trd, 4318456.493, 111
Trd, 4318457.993, 136
Trd, 4318458.243, 120
Trd, 4318459.793, 109
Trd, 4318460.143, 109
Trd, 4318460.943, 119
Trd, 4318461.393, 139
Trd, 4318463.993, 124
Trd, 4318464.493, 92
Trd, 4318465.543, 100
Trd, 4318465.693, 98
Trd, 4318466.743, 126
Trd, 4318468.093, 128
Trd, 4318469.043, 127
Trd, 4318469.193, 126
Trd, 4318469.393, 114
Trd, 4318469.443, 103
Trd, 4318471.743, 118
Trd, 4318471.893, 101
Trd, 4318472.243, 101
Trd, 4318473.043, 100
Trd, 4318473.393, 71
Trd, 4318475.793, 131
Trd, 4318475.993, 115
Trd, 4318476.243, 103
Trd, 4318477.143, 115
Trd, 4318477.843, 90
Trd, 4318478.193, 88
Trd, 4318478.993, 106
Trd, 4318480.343, 82
Trd, 4318480.643, 135
Trd, 4318480.743, 75
Trd, 4318482.193, 118
Trd, 4318482.493, 122
Trd, 4318484.843, 94
Trd, 4318484.943, 95
Trd, 4318484.993, 95
Trd, 4318485.243, 87
Trd, 4318486.343, 127
Trd, 4318487.693, 127
Trd, 4318488.493, 140
Trd, 4318489.093, 125
Trd, 4318489.393, 124
Trd, 4318489.993, 100
Trd, 4318490.093, 94
Trd, 4318491.593, 107
Trd, 4318491.793, 95
Trd, 4318493.493, 100
Trd, 4318494.593, 81
Trd, 4318494.743, 115
Trd, 4318496.043, 123
Trd, 4318496.143, 112
Trd, 4318496.593, 115
Trd, 4318497.493, 130
Trd, 4318498.343, 129
Trd, 4318499.493, 122
Trd, 4318500.243, 123
Trd, 4318500.643, 121
Trd, 4318500.693, 110
Trd, 4318501.193, 116
Trd, 4318501.793, 134
Trd, 4318501.843, 101
Trd, 4318502.143, 100
Trd, 4318503.293, 113
Trd, 4318504.993, 102
Trd, 4318505.593, 128
Trd, 4318506.943, 140
Trd, 4318507.043, 139
Trd, 4318507.143, 137
Trd, 4318508.443, 127
Trd, 4318508.793, 125
Trd, 4318509.493, 125
Trd, 4318509.843, 124
Trd, 4318509.943, 109
Trd, 4318510.293, 106
Trd, 4318511.093, 132
Trd, 4318512.393, 126
Trd, 4318513.043, 97
Trd, 4318513.243, 124
Trd, 4318514.093, 104
Trd, 4318516.493, 119
Trd, 4318516.543, 118
Trd, 4318517.443, 110
Trd, 4318517.743, 103
Trd, 4318518.793, 109
Trd, 4318518.943, 134
Trd, 4318519.343, 92
Trd, 4318520.893, 113
Trd, 4318521.643, 68
Trd, 4318523.043, 138
Trd, 4318523.993, 132
Trd, 4318525.193, 111
Trd, 4318525.493, 111
Trd, 4318526.243, 118
Trd, 4318526.743, 115
Trd, 4318528.743, 131
Trd, 4318528.843, 123
Trd, 4318528.993, 115
Trd, 4318529.093, 115
Trd, 4318530.293, 114
Trd, 4318530.543, 92
Trd, 4318530.843, 97
Trd, 4318531.343, 82
Trd, 4318532.393, 89
Trd, 4318532.443, 101
Trd, 4318532.893, 76
Trd, 4318533.393, 98
Trd, 4318535.243, 139
Trd, 4318535.393, 138
Trd, 4318535.593, 135
Trd, 4318536.843, 117
Trd, 4318538.093, 83
Trd, 4318538.243, 123
Trd, 4318538.693, 95
Trd, 4318539.993, 127
Trd, 4318540.043, 77
Trd, 4318540.293, 74
Trd, 4318540.593, 77
Trd, 4318542.243, 121
Trd, 4318543.693, 125
Trd, 4318544.093, 70
Trd, 4318545.093, 128
Trd, 4318546.943, 127
Trd, 4318547.893, 136
Trd, 4318548.293, 134
Trd, 4318549.143, 114
Trd, 4318549.393, 97
Trd, 4318549.793, 117
Trd, 4318550.843, 128
Trd, 4318550.893, 127
Trd, 4318551.543, 90
Trd, 4318552.293, 104
Trd, 4318554.693, 89
Trd, 4318554.893, 84
Trd, 4318555.393, 96
Trd, 4318556.443, 111
Trd, 4318557.043, 78
Trd, 4318558.343, 93
Trd, 4318558.443, 89
Trd, 4318558.843, 72
Trd, 4318559.743, 110
Trd, 4318559.943, 96
Trd, 4318560.593, 112
Trd, 4318561.143, 111
Trd, 4318561.643, 110
Trd, 4318563.293, 119
Trd, 4318563.493, 106
Trd, 4318566.043, 128
Trd, 4318566.143, 126
Trd, 4318566.243, 99
Trd, 4318567.193, 105
Trd, 4318567.743, 89
Trd, 4318567.993, 127
Trd, 4318569.093, 94
Trd, 4318569.243, 87
Trd, 4318570.093, 85
Trd, 4318570.643, 96
Trd, 4318571.343, 106
Trd, 4318573.143, 100
Trd, 4318574.343, 111
Trd, 4318575.993, 140
Trd, 4318576.143, 137
Trd, 4318577.743, 135
Trd, 4318579.643, 126
Trd, 4318580.143, 106
Trd, 4318580.493, 98
Trd, 4318580.843, 78
Trd, 4318581.143, 74
Trd, 4318581.793, 93
Trd, 4318582.143, 92
Trd, 4318583.593, 105
Trd, 4318583.743, 104
Trd, 4318584.343, 108
Trd, 4318585.393, 131
Trd, 4318585.743, 130
Trd, 4318588.343, 130
Trd, 4318588.493, 130
Trd, 4318588.943, 121
Trd, 4318589.593, 134
Trd, 4318589.843, 132
Trd, 4318590.743, 124
Trd, 4318592.043, 118
Trd, 4318593.193, 112
Trd, 4318593.493, 124
Trd, 4318593.793, 102
Trd, 4318594.343, 115
Trd, 4318594.493, 109
Trd, 4318596.993, 95
Trd, 4318597.893, 96
Trd, 4318598.593, 135
Trd, 4318599.343, 89
Trd, 4318599.643, 88
Trd, 4318600.193, 74
Trd, 4318600.343, 97
Trd, 4318600.743, 93
Trd, 4318601.643, 85
Trd, 4318603.443, 122
Trd, 4318604.693, 110
Trd, 4318605.143, 86
Trd, 4318605.943, 97
Trd, 4318606.743, 98
Trd, 4318607.893, 119
Trd, 4318607.943, 120
Trd, 4318609.093, 137
Trd, 4318609.843, 136
Trd, 4318611.893, 136
Trd, 4318612.793, 122
Trd, 4318613.093, 125
Trd, 4318613.293, 92
Trd, 4318614.543, 131
Trd, 4318615.343, 138
Trd, 4318616.243, 106
Trd, 4318616.343, 106
Trd, 4318617.243, 123
Trd, 4318618.393, 84
Trd, 4318618.493, 91
Trd, 4318619.043, 81
Trd, 4318619.493, 81
Trd, 4318620.093, 139
Trd, 4318621.343, 129
Trd, 4318622.643, 111
Trd, 4318622.793, 104
Trd, 4318623.193, 123
Trd, 4318623.843, 116
Trd, 4318624.143, 136
Trd, 4318625.043, 86
Trd, 4318627.143, 97
Trd, 4318627.443, 129
Trd, 4318627.993, 120
Trd, 4318628.443, 119
Trd, 4318630.443, 105
Trd, 4318630.493, 95
Trd, 4318631.593, 65
Trd, 4318633.443, 120
Trd, 4318633.543, 118
Trd, 4318633.643, 104
Trd, 4318634.543, 88
Trd, 4318634.643, 95
Trd, 4318635.893, 73
Trd, 4318637.193, 67
Trd, 4318638.943, 136
Trd, 4318639.193, 133
Trd, 4318640.343, 125
Trd, 4318640.443, 118
Trd, 4318641.443, 119
Trd, 4318642.293, 117
Trd, 4318642.793, 117
Trd, 4318642.993, 115
Trd, 4318643.043, 86
Trd, 4318644.243, 129
Trd, 4318644.643, 109
Trd, 4318645.143, 107
Trd, 4318645.993, 122
Trd, 4318646.093, 88
Trd, 4318647.493, 92
Trd, 4318648.993, 129
Trd, 4318649.343, 118
Trd, 4318649.893, 119
Trd, 4318650.493, 94
Trd, 4318650.643, 92
Trd, 4318651.343, 126
Trd, 4318651.843, 129
Trd, 4318652.643, 97
Trd, 4318653.793, 80
Trd, 4318655.093, 126
Trd, 4318655.643, 68
Trd, 4318657.393, 101
Trd, 4318657.843, 99
Trd, 4318659.093, 106
Trd, 4318659.993, 101
Trd, 4318661.693, 123
Trd, 4318661.993, 97
Trd, 4318662.743, 120
Trd, 4318663.493, 128
Trd, 4318663.693, 121
Trd, 4318665.843, 123
Trd, 4318666.093, 108
Trd, 4318666.643, 131
Trd, 4318668.643, 118
Trd, 4318669.393, 117
Trd, 4318671.043, 118
Trd, 4318671.543, 116
Trd, 4318676.643, 135
Trd, 4318677.843, 126
Trd, 4318678.443, 132
Trd, 4318678.893, 124
Trd, 4318680.243, 81
Trd, 4318681.493, 127
Trd, 4318684.243, 128
Trd, 4318684.393, 127
Trd, 4318684.543, 121
Trd, 4318684.993, 101
Trd, 4318685.843, 136
Trd, 4318686.643, 132
Trd, 4318686.693, 126
Trd, 4318687.693, 117
Trd, 4318688.543, 108
Trd, 4318689.043, 118
Trd, 4318689.343, 122
Trd, 4318689.843, 118
Trd, 4318690.443, 90
Trd, 4318690.993, 96
Trd, 4318691.643, 69
Trd, 4318692.743, 101
Trd, 4318693.993, 63
Trd, 4318694.843, 114
Trd, 4318695.243, 123
Trd, 4318696.643, 90
Trd, 4318697.493, 116
Trd, 4318698.643, 119
Trd, 4318699.643, 90
Trd, 4318699.743, 89
Trd, 4318700.243, 121
Trd, 4318700.993, 118
Trd, 4318701.143, 87
Trd, 4318702.143, 110
Trd, 4318703.543, 114
Trd, 4318704.043, 100
Trd, 4318704.993, 94
Trd, 4318705.443, 116
Trd, 4318705.493, 115
Trd, 4318705.643, 124
Trd, 4318705.993, 86
Trd, 4318706.343, 77
Trd, 4318707.043, 117
Trd, 4318709.343, 79
Trd, 4318710.993, 112
Trd, 4318711.243, 104
Trd, 4318711.543, 91
Trd, 4318712.943, 77
Trd, 4318714.293, 79
Trd, 4318715.193, 130
Trd, 4318715.643, 95
Trd, 4318717.443, 101
Trd, 4318718.043, 101
Trd, 4318719.143, 137
Trd, 4318719.243, 132
Trd, 4318720.743, 70
Trd, 4318721.043, 76
Trd, 4318721.993, 84
Trd, 4318722.143, 119
Trd, 4318723.443, 124
Trd, 4318725.093, 88
Trd, 4318725.243, 90
Trd, 4318726.193, 85
Trd, 4318726.393, 77
Trd, 4318727.143, 74
Trd, 4318727.243, 73
Trd, 4318727.443, 70
Trd, 4318727.793, 128
Trd, 4318728.493, 99
Trd, 4318729.993, 111
Trd, 4318730.493, 99
Trd, 4318730.793, 78
Trd, 4318732.293, 77
Trd, 4318732.893, 112
Trd, 4318733.593, 98
Trd, 4318734.493, 135
Trd, 4318736.693, 112
Trd, 4318737.293, 114
Trd, 4318737.793, 128
Trd, 4318738.793, 109
Trd, 4318740.193, 102
Trd, 4318740.593, 100
Trd, 4318741.393, 102
Trd, 4318741.543, 128
Trd, 4318742.693, 134
Trd, 4318743.593, 116
Trd, 4318744.343, 123
Trd, 4318745.043, 103
Trd, 4318746.043, 121
Trd, 4318748.343, 117
Trd, 4318749.193, 72
Trd, 4318749.443, 114
Trd, 4318750.443, 90
Trd, 4318751.343, 88
Trd, 4318752.043, 102
Trd, 4318753.543, 103
Trd, 4318754.143, 115
Trd, 4318755.743, 98
Trd, 4318756.143, 123
Trd, 4318757.693, 129
Trd, 4318758.443, 122
Trd, 4318759.993, 126
Trd, 4318760.893, 121
Trd, 4318761.643, 139
Trd, 4318762.593, 119
Trd, 4318763.143, 107
Trd, 4318763.793, 94
Trd, 4318764.443, 76
Trd, 4318766.493, 73
Trd, 4318766.743, 88
Trd, 4318766.843, 72
Trd, 4318767.693, 102
Trd, 4318768.293, 101
Trd, 4318768.893, 128
Trd, 4318769.893, 132
Trd, 4318770.293, 97
Trd, 4318770.493, 95
Trd, 4318770.743, 87
Trd, 4318770.893, 119
Trd, 4318773.043, 130
Trd, 4318774.593, 130
Trd, 4318775.793, 98
Trd, 4318776.243, 97
Trd, 4318777.243, 82
Trd, 4318777.393, 83
Trd, 4318778.043, 100
Trd, 4318778.693, 100
Trd, 4318779.043, 113
Trd, 4318780.343, 73
Trd, 4318780.743, 71
Trd, 4318781.043, 82
Trd, 4318781.743, 104
Trd, 4318783.093, 110
Trd, 4318783.443, 87
Trd, 4318783.943, 129
Trd, 4318785.043, 84
Trd, 4318787.093, 121
Trd, 4318787.193, 109
Trd, 4318787.793, 94
Trd, 4318788.393, 87
Trd, 4318788.593, 61
Trd, 4318791.643, 126
Trd, 4318792.043, 125
Trd, 4318792.893, 124
Trd, 4318794.593, 110
Trd, 4318795.293, 113
Trd, 4318795.693, 108
Trd, 4318795.743, 87
Trd, 4318796.843, 124
Trd, 4318797.093, 122
Trd, 4318798.143, 115
Trd, 4318798.243, 110
Trd, 4318799.343, 128
Trd, 4318800.443, 120
Trd, 4318800.493, 119
Trd, 4318800.843, 121
Trd, 4318802.743, 134
Trd, 4318803.043, 132
Trd, 4318803.643, 120
Trd, 4318804.393, 103
Trd, 4318805.443, 129
Trd, 4318806.993, 131
Trd, 4318808.843, 137
Trd, 4318809.193, 131
Trd, 4318809.893, 128
Trd, 4318810.393, 127
Trd, 4318811.443, 119
Trd, 4318811.593, 127
Trd, 4318812.093, 111
Trd, 4318812.593, 136
Trd, 4318813.143, 116
Trd, 4318814.943, 130
Trd, 4318815.443, 112
Trd, 4318815.493, 109
Trd, 4318815.793, 102
Trd, 4318817.193, 106
Trd, 4318817.343, 100
Trd, 4318817.843, 121
Trd, 4318818.043, 96
Trd, 4318819.793, 107
Trd, 4318821.243, 133
Trd, 4318821.343, 125
Trd, 4318823.143, 114
Trd, 4318823.493, 70
Trd, 4318823.793, 105
Trd, 4318824.393, 101
Trd, 4318825.293, 137
Trd, 4318826.343, 121
Trd, 4318827.993, 107
Trd, 4318828.293, 111
Trd, 4318828.343, 134
Trd, 4318830.043, 76
Trd, 4318831.293, 98
Trd, 4318831.893, 102
Trd, 4318832.893, 140
Trd, 4318833.493, 119
Trd, 4318833.943, 110
Trd, 4318834.343, 94
Trd, 4318835.493, 83
Trd, 4318836.243, 117
Trd, 4318837.143, 61
Trd, 4318839.543, 127
Trd, 4318839.593, 103
Trd, 4318840.143, 114
Trd, 4318840.193, 113
Trd, 4318840.643, 90
Trd, 4318840.943, 70
Trd, 4318841.843, 103
Trd, 4318842.193, 108
Trd, 4318843.143, 125
Trd, 4318843.543, 129
Trd, 4318845.193, 136
Trd, 4318845.793, 134
Trd, 4318846.393, 128
Trd, 4318847.793, 110
Trd, 4318847.893, 106
Trd, 4318848.893, 102
Trd, 4318849.643, 140
Trd, 4318850.143, 115
Trd, 4318850.243, 108
Trd, 4318851.293, 120
Trd, 4318853.693, 79
Trd, 4318854.693, 82
Trd, 4318855.543, 106
Trd, 4318855.843, 110
Trd, 4318856.693, 102
Trd, 4318857.743, 109
Trd, 4318858.043, 90
Trd, 4318859.793, 120
Trd, 4318859.943, 91
Trd, 4318860.543, 69
Trd, 4318861.243, 127
Trd, 4318861.743, 83
Trd, 4318862.543, 135
Trd, 4318864.643, 134
Trd, 4318865.743, 130
Trd, 4318866.393, 111
Trd, 4318867.943, 105
Trd, 4318868.043, 88
Trd, 4318868.443, 134
Trd, 4318869.293, 134
Trd, 4318871.893, 140
Trd, 4318872.143, 137
Trd, 4318873.493, 129
Trd, 4318873.543, 118
Trd, 4318874.093, 123
Trd, 4318874.193, 122
Trd, 4318874.393, 140
Trd, 4318874.793, 95
Trd, 4318876.043, 101
Trd, 4318879.043, 126
Trd, 4318879.443, 109
Trd, 4318880.893, 109
Trd, 4318881.243, 105
Trd, 4318881.443, 99
Trd, 4318882.943, 95
Trd, 4318883.993, 94
Trd, 4318884.643, 108
Trd, 4318886.643, 130
Trd, 4318887.393, 131
Trd, 4318887.493, 113
Trd, 4318887.843, 115
Trd, 4318887.893, 124
Trd, 4318889.393, 126
Trd, 4318889.943, 124
Trd, 4318890.293, 100
Trd, 4318890.743, 87
Trd, 4318890.793, 130
Trd, 4318891.143, 78
Trd, 4318892.193, 106
Trd, 4318893.793, 78
Trd, 4318893.893, 71
Trd, 4318894.043, 82
Trd, 4318895.443, 94
Trd, 4318896.143, 89
Trd, 4318898.043, 87
Trd, 4318898.143, 111
Trd, 4318899.843, 113
Trd, 4318899.893, 76
Trd, 4318900.693, 100
Trd, 4318901.643, 110
Trd, 4318901.693, 105
Trd, 4318901.943, 118
Trd, 4318902.693, 96
Trd, 4318904.443, 137
Trd, 4318904.893, 133
Trd, 4318904.943, 112
Trd, 4318905.343, 123
Trd, 4318906.793, 113
Trd, 4318906.943, 105
Trd, 4318907.243, 123
Trd, 4318909.243, 80
Trd, 4318909.393, 124
Trd, 4318910.193, 96
Trd, 4318910.943, 95
Trd, 4318911.443, 98
Trd, 4318911.493, 94
Trd, 4318913.693, 130
Trd, 4318914.243, 129
Trd, 4318915.893, 124
Trd, 4318916.493, 123
Trd, 4318917.193, 120
Trd, 4318918.793, 140
Trd, 4318918.893, 140
Trd, 4318919.693, 140
Trd, 4318919.993, 119
Trd, 4318921.443, 108
Trd, 4318922.843, 103
Trd, 4318923.593, 98
Trd, 4318924.893, 130
Trd, 4318925.943, 124
Trd, 4318927.393, 132
Trd, 4318927.793, 137
Trd, 4318928.843, 130
Trd, 4318930.543, 129
Trd, 4318930.943, 135
Trd, 4318931.493, 113
Trd, 4318932.143, 131
Trd, 4318933.093, 116
Trd, 4318933.743, 107
Trd, 4318934.343, 86
Trd, 4318935.493, 117
Trd, 4318937.493, 102
Trd, 4318938.793, 109
Trd, 4318939.243, 131
Trd, 4318939.943, 108
Trd, 4318940.843, 109
Trd, 4318942.043, 122
Trd, 4318942.343, 105
Trd, 4318942.843, 124
Trd, 4318943.693, 120
Trd, 4318944.493, 118
Trd, 4318945.743, 119
Trd, 4318947.893, 132
Trd, 4318949.143, 126
Trd, 4318950.043, 110
Trd, 4318950.243, 98
Trd, 4318950.393, 82
Trd, 4318950.993, 115
Trd, 4318951.043, 96
Trd, 4318951.293, 132
Trd, 4318952.043, 134
Trd, 4318952.443, 130
Trd, 4318952.843, 129
Trd, 4318953.993, 118
Trd, 4318954.893, 109
Trd, 4318956.493, 95
Trd, 4318956.893, 97
Trd, 4318957.043, 104
Trd, 4318959.393, 130
Trd, 4318961.043, 137
Trd, 4318961.193, 136
Trd, 4318961.743, 124
Trd, 4318962.093, 128
Trd, 4318962.643, 96
Trd, 4318963.643, 107
Trd, 4318965.093, 122
Trd, 4318965.343, 121
Trd, 4318965.743, 121
Trd, 4318966.043, 104
Trd, 4318967.193, 113
Trd, 4318967.593, 111
Trd, 4318968.693, 103
Trd, 4318969.093, 131
Trd, 4318969.193, 111
Trd, 4318969.893, 110
Trd, 4318971.143, 108
Trd, 4318972.943, 110
Trd, 4318974.643, 103
Trd, 4318974.943, 136
Trd, 4318975.093, 77
Trd, 4318975.693, 89
Trd, 4318976.593, 133
Trd, 4318977.343, 111
Trd, 4318977.593, 113
Trd, 4318978.943, 130
Trd, 4318979.693, 128
Trd, 4318979.743, 98
Trd, 4318981.093, 100
Trd, 4318981.593, 105
Trd, 4318982.793, 132
Trd, 4318983.043, 85
Trd, 4318984.143, 120
Trd, 4318984.643, 105
Trd, 4318985.643, 120
Trd, 4318986.443, 116
Trd, 4318986.793, 98
Trd, 4318986.843, 89
Trd, 4318987.693, 116
Trd, 4318988.543, 106
Trd, 4318990.843, 84
Trd, 4318991.743, 119
Trd, 4318992.093, 87
Trd, 4318992.443, 82
Trd, 4318992.943, 107
Trd, 4318994.043, 125
Trd, 4318994.093, 84
Trd, 4318995.443, 111
Trd, 4318995.493, 110
Trd, 4318997.493, 123
Trd, 4318998.043, 108
Trd, 4319000.543, 104
Trd, 4319002.893, 127
Trd, 4319003.593, 126
Trd, 4319003.693, 125
Trd, 4319005.393, 124
Trd, 4319005.643, 85
Trd, 4319005.743, 81
Trd, 4319007.743, 131
Trd, 4319008.043, 126
Trd, 4319008.993, 110
Trd, 4319009.943, 114
Trd, 4319010.093, 109
Trd, 4319010.343, 92
Trd, 4319010.893, 115
Trd, 4319011.043, 83
Trd, 4319011.993, 133
Trd, 4319012.393, 94
Trd, 4319012.643, 126
Trd, 4319012.893, 82
Trd, 4319015.043, 130
Trd, 4319015.393, 128
Trd, 4319016.393, 100
Trd, 4319016.743, 77
Trd, 4319017.143, 140
Trd, 4319017.193, 113
Trd, 4319017.793, 101
Trd, 4319019.293, 123
Trd, 4319019.943, 130
Trd, 4319019.993, 121
Trd, 4319020.143, 131
Trd, 4319020.793, 98
Trd, 4319021.893, 79
Trd, 4319023.243, 83
Trd, 4319023.793, 73
Trd, 4319025.893, 114
Trd, 4319026.543, 114
Trd, 4319027.043, 115
Trd, 4319027.543, 112
Trd, 4319027.943, 90
Trd, 4319028.193, 111
Trd, 4319029.793, 131
Trd, 4319030.543, 139
Trd, 4319030.693, 121
Trd, 4319031.443, 109
Trd, 4319032.393, 102
Trd, 4319034.743, 97
Trd, 4319035.193, 89
Trd, 4319036.143, 96
Trd, 4319036.593, 106
Trd, 4319037.143, 107
Trd, 4319038.143, 94
Trd, 4319038.643, 93
Trd, 4319039.943, 115
Trd, 4319040.093, 95
Trd, 4319040.993, 113
Trd, 4319041.893, 124
Trd, 4319043.343, 121
Trd, 4319044.843, 122
Trd, 4319045.443, 121
Trd, 4319045.643, 126
Trd, 4319045.893, 133
Trd, 4319046.043, 120
Trd, 4319046.993, 70
Trd, 4319047.993, 77
Trd, 4319048.293, 104
Trd, 4319048.643, 115
Trd, 4319049.793, 81
Trd, 4319050.343, 126
Trd, 4319051.143, 132
Trd, 4319052.093, 130
Trd, 4319053.293, 118
Trd, 4319054.293, 125
Trd, 4319054.893, 123
Trd, 4319055.993, 115
Trd, 4319056.243, 96
Trd, 4319056.943, 97
Trd, 4319057.343, 84
Trd, 4319058.693, 85
Trd, 4319058.843, 119
Trd, 4319059.643, 109
Trd, 4319060.743, 121
Trd, 4319061.243, 101
Trd, 4319062.543, 96
Trd, 4319063.493, 67
Trd, 4319063.793, 123
Trd, 4319064.093, 105
Trd, 4319064.593, 104
Trd, 4319065.843, 114
Trd, 4319066.693, 116
Trd, 4319066.993, 120
Trd, 4319067.793, 116
Trd, 4319067.893, 113
Trd, 4319068.593, 91
Trd, 4319068.743, 123
Trd, 4319071.343, 120
Trd, 4319072.243, 119
Trd, 4319073.043, 133
Trd, 4319073.293, 116
Trd, 4319073.643, 137
Trd, 4319074.743, 95
Trd, 4319075.893, 96
Trd, 4319075.993, 135
Trd, 4319077.093, 129
Trd, 4319077.393, 119
Trd, 4319077.993, 118
Trd, 4319078.243, 121
Trd, 4319079.043, 93
Trd, 4319079.743, 92
Trd, 4319080.143, 122
Trd, 4319081.193, 119
Trd, 4319081.943, 119
Trd, 4319083.443, 138
Trd, 4319084.993, 140
Trd, 4319085.143, 138
Trd, 4319086.043, 133
Trd, 4319086.793, 112
Trd, 4319087.043, 99
Trd, 4319088.143, 99
Trd, 4319088.793, 93
Trd, 4319089.193, 105
Trd, 4319089.743, 108
Trd, 4319090.793, 137
Trd, 4319091.643, 130
Trd, 4319091.843, 128
Trd, 4319093.393, 121
Trd, 4319094.143, 115
Trd, 4319094.443, 103
Trd, 4319095.593, 138
Trd, 4319097.493, 72
Trd, 4319098.443, 70
Trd, 4319100.043, 105
Trd, 4319100.193, 104
Trd, 4319100.543, 97
Trd, 4319101.693, 116
Trd, 4319102.293, 123
Trd, 4319102.943, 120
Trd, 4319102.993, 113
Trd, 4319103.493, 99
Trd, 4319104.643, 91
Trd, 4319105.893, 89
Trd, 4319106.393, 109
Trd, 4319106.843, 95
Trd, 4319107.493, 95
Trd, 4319108.693, 112
Trd, 4319109.743, 108
Trd, 4319110.093, 97
Trd, 4319111.093, 118
Trd, 4319111.993, 111
Trd, 4319113.793, 126
Trd, 4319115.043, 123
Trd, 4319115.243, 111
Trd, 4319116.043, 121
Trd, 4319116.943, 124
Trd, 4319118.993, 82
Trd, 4319120.393, 104
Trd, 4319120.993, 112
Trd, 4319121.143, 104
Trd, 4319121.293, 130
Trd, 4319121.893, 138
Trd, 4319122.043, 95
Trd, 4319123.093, 105
Trd, 4319123.893, 131
Trd, 4319124.043, 119
Trd, 4319125.343, 101
Trd, 4319127.543, 129
Trd, 4319127.893, 130
Trd, 4319128.143, 127
Trd, 4319128.693, 140
Trd, 4319129.143, 121
Trd, 4319131.793, 118
Trd, 4319131.993, 113
Trd, 4319132.493, 106
Trd, 4319132.993, 116
Trd, 4319133.943, 110
Trd, 4319134.593, 120
Trd, 4319134.693, 119
Trd, 4319134.893, 87
Trd, 4319135.893, 89
Trd, 4319137.493, 128
Trd, 4319137.593, 117
Trd, 4319139.393, 110
Trd, 4319139.743, 135
Trd, 4319140.043, 133
Trd, 4319140.093, 132
Trd, 4319140.443, 114
Trd, 4319141.093, 85
Trd, 4319141.593, 88
Trd, 4319143.893, 75
Trd, 4319146.093, 126
Trd, 4319146.243, 120
Trd, 4319146.543, 121
Trd, 4319148.343, 122
Trd, 4319149.043, 123
Trd, 4319150.343, 134
Trd, 4319150.493, 127
Trd, 4319152.143, 119
Trd, 4319153.043, 111
Trd, 4319153.543, 109
Trd, 4319153.843, 82
Trd, 4319156.993, 90
Trd, 4319157.543, 90
Trd, 4319158.793, 102
Trd, 4319160.293, 136
Trd, 4319160.493, 109
Trd, 4319160.693, 98
Trd, 4319160.843, 96
Trd, 4319162.793, 80
Trd, 4319163.393, 122
Trd, 4319163.493, 117
Trd, 4319164.893, 85
Trd, 4319166.393, 83
Trd, 4319168.443, 126
Trd, 4319169.543, 137
Trd, 4319169.743, 123
Trd, 4319169.893, 117
Trd, 4319170.493, 121
Trd, 4319171.793, 135
Trd, 4319172.443, 135
Trd, 4319172.993, 125
Trd, 4319173.693, 96
Trd, 4319174.643, 126
Trd, 4319176.093, 134
Trd, 4319176.593, 125
Trd, 4319176.793, 109
Trd, 4319177.193, 131
Trd, 4319177.843, 75
Trd, 4319178.093, 92
Trd, 4319178.793, 121
Trd, 4319179.293, 119
Trd, 4319179.993, 116
Trd, 4319180.593, 68
Trd, 4319180.993, 92
Trd, 4319181.793, 93
Trd, 4319183.543, 74
Trd, 4319184.243, 108
Trd, 4319185.093, 104
Trd, 4319185.543, 95
Trd, 4319187.843, 111
Trd, 4319187.943, 102
Trd, 4319188.943, 111
Trd, 4319189.143, 100
Trd, 4319190.343, 115
Trd, 4319190.593, 113
Trd, 4319191.143, 135
Trd, 4319191.293, 95
Trd, 4319192.143, 99
Trd, 4319192.693, 130
Trd, 4319193.793, 108
Trd, 4319194.293, 111
Trd, 4319194.943, 121
Trd, 4319195.843, 87
Trd, 4319197.493, 107
Trd, 4319198.043, 120
Trd, 4319198.843, 129
Trd, 4319199.143, 105
Trd, 4319199.843, 124
Trd, 4319201.643, 138
Trd, 4319202.643, 137
Trd, 4319203.393, 134
Trd, 4319203.993, 101
Trd, 4319204.093, 106
Trd, 4319204.893, 93
Trd, 4319207.043, 140
Trd, 4319207.693, 126
Trd, 4319207.843, 125
Trd, 4319208.543, 134
Trd, 4319210.443, 117
Trd, 4319210.643, 111
Trd, 4319211.543, 104
Trd, 4319213.893, 135
Trd, 4319214.193, 129
Trd, 4319215.093, 106
Trd, 4319215.243, 118
Trd, 4319215.493, 89
Trd, 4319215.993, 120
Trd, 4319218.493, 100
Trd, 4319218.843, 93
Trd, 4319220.943, 103
Trd, 4319221.043, 105
Trd, 4319221.693, 123
Trd, 4319222.643, 101
Trd, 4319225.093, 119
Trd, 4319225.293, 100
Trd, 4319226.293, 107
Trd, 4319226.393, 106
Trd, 4319226.493, 88
Trd, 4319228.043, 135
Trd, 4319229.493, 126
Trd, 4319229.743, 124
Trd, 4319230.243, 115
Trd, 4319231.093, 112
Trd, 4319231.193, 106
Trd, 4319233.293, 132
Trd, 4319234.243, 123
Trd, 4319234.643, 134
Trd, 4319235.343, 132
Trd, 4319235.943, 90
Trd, 4319236.943, 108
Trd, 4319237.743, 110
Trd, 4319237.893, 104
Trd, 4319239.493, 105
Trd, 4319239.843, 101
Trd, 4319242.643, 109
Trd, 4319242.993, 130
Trd, 4319244.143, 123
Trd, 4319245.693, 106
Trd, 4319246.043, 131
Trd, 4319246.843, 79
Trd, 4319247.343, 96
Trd, 4319248.793, 102
Trd, 4319248.943, 86
Trd, 4319248.993, 86
Trd, 4319249.693, 135
Trd, 4319250.393, 134
Trd, 4319251.243, 133
Trd, 4319251.743, 132
Trd, 4319253.943, 119
Trd, 4319255.543, 118
Trd, 4319256.043, 135
Trd, 4319256.643, 125
Trd, 4319257.443, 130
Trd, 4319258.093, 113
Trd, 4319258.243, 93
Trd, 4319258.593, 87
Trd, 4319259.293, 71
Trd, 4319260.043, 63
Trd, 4319261.443, 129
Trd, 4319261.993, 127
Trd, 4319262.043, 101
Trd, 4319263.443, 132
Trd, 4319264.093, 124
Trd, 4319265.743, 114
Trd, 4319268.143, 122
Trd, 4319268.893, 122
Trd, 4319269.643, 138
Trd, 4319270.543, 103
Trd, 4319271.743, 99
Trd, 4319271.943, 75
Trd, 4319273.093, 137
Trd, 4319273.893, 134
Trd, 4319274.193, 109
Trd, 4319274.393, 111
Trd, 4319274.543, 108
Trd, 4319274.793, 100
Trd, 4319275.043, 93
Trd, 4319277.943, 90
Trd, 4319278.193, 91
Trd, 4319279.543, 111
Trd, 4319279.693, 90
Trd, 4319280.643, 87
Trd, 4319281.093, 114
Trd, 4319283.993, 118
Trd, 4319285.393, 126
Trd, 4319285.493, 103
Trd, 4319286.093, 104
Trd, 4319287.843, 108
Trd, 4319288.143, 100
Trd, 4319288.393, 140
Trd, 4319290.293, 111
Trd, 4319290.593, 81
Trd, 4319291.193, 96
Trd, 4319291.693, 77
Trd, 4319292.293, 118
Trd, 4319292.543, 117
Trd, 4319293.143, 89
Trd, 4319294.543, 121
Trd, 4319295.893, 121
Trd, 4319296.193, 92
Trd, 4319296.343, 100
Trd, 4319297.943, 81
Trd, 4319298.593, 115
Trd, 4319299.093, 125
Trd, 4319300.093, 116
Trd, 4319300.643, 117
Trd, 4319300.993, 112
Trd, 4319301.493, 99
Trd, 4319302.643, 83
Trd, 4319302.843, 91
Trd, 4319305.293, 133
Trd, 4319305.493, 131
Trd, 4319305.643, 119
Trd, 4319305.693, 111
Trd, 4319308.193, 118
Trd, 4319309.093, 120
Trd, 4319310.493, 133
Trd, 4319310.593, 97
Trd, 4319311.893, 116
Trd, 4319312.443, 99
Trd, 4319313.743, 78
Trd, 4319314.043, 83
Trd, 4319314.543, 92
Trd, 4319314.843, 61
Trd, 4319315.743, 123
Trd, 4319317.193, 138
Trd, 4319317.343, 137
Trd, 4319317.393, 136
Trd, 4319318.243, 139
Trd, 4319318.693, 114
Trd, 4319319.143, 105
Trd, 4319319.593, 99
Trd, 4319319.893, 101
Trd, 4319321.043, 124
Trd, 4319323.243, 122
Trd, 4319323.593, 121
Trd, 4319323.643, 115
Trd, 4319324.493, 95
Trd, 4319324.793, 86
Trd, 4319326.193, 129
Trd, 4319327.343, 135
Trd, 4319327.493, 90
Trd, 4319328.693, 111
Trd, 4319330.143, 96
Trd, 4319330.693, 80
Trd, 4319332.793, 113
Trd, 4319333.593, 105
Trd, 4319334.893, 123
Trd, 4319335.543, 140
Trd, 4319335.843, 117
Trd, 4319337.593, 122
Trd, 4319338.943, 118
Trd, 4319339.043, 97
Trd, 4319340.243, 137
Trd, 4319340.793, 133
Trd, 4319343.193, 109
Trd, 4319343.293, 104
Trd, 4319343.793, 98
Trd, 4319343.893, 96
Trd, 4319344.543, 81
Trd, 4319344.843, 108
Trd, 4319345.543, 126
Trd, 4319347.443, 114
Trd, 4319348.543, 140
Trd, 4319349.993, 108
Trd, 4319350.193, 100
Trd, 4319350.743, 123
Trd, 4319351.343, 86
Trd, 4319352.443, 87
Trd, 4319352.993, 100
Trd, 4319354.443, 119
Trd, 4319355.793, 97
Trd, 4319356.493, 111
Trd, 4319356.943, 115
Trd, 4319357.443, 92
Trd, 4319357.743, 128
Trd, 4319358.743, 103
Trd, 4319359.593, 128
Trd, 4319359.843, 111
Trd, 4319360.543, 68
Trd, 4319361.443, 86
Trd, 4319361.993, 96
Trd, 4319363.593, 130
Trd, 4319364.743, 128
Trd, 4319367.543, 126
Trd, 4319367.643, 136
Trd, 4319368.193, 120
Trd, 4319368.343, 106
Trd, 4319369.593, 139
Trd, 4319369.743, 137
Trd, 4319371.093, 94
Trd, 4319372.493, 122
Trd, 4319373.243, 106
Trd, 4319373.593, 113
Trd, 4319374.293, 139
Trd, 4319374.693, 123
Trd, 4319376.593, 118
Trd, 4319376.643, 117
Trd, 4319376.743, 110
Trd, 4319378.393, 111
Trd, 4319378.693, 107
Trd, 4319379.293, 99
Trd, 4319381.193, 99
Trd, 4319381.393, 98
Trd, 4319381.643, 97
Trd, 4319382.893, 108
Trd, 4319383.493, 103
Trd, 4319385.193, 140
Trd, 4319386.093, 139
Trd, 4319386.393, 125
Trd, 4319386.593, 110
Trd, 4319386.893, 121
Trd, 4319387.143, 108
Trd, 4319387.943, 77
Trd, 4319389.693, 79
Trd, 4319389.743, 96
Trd, 4319391.243, 127
Trd, 4319391.693, 123
Trd, 4319392.093, 122
Trd, 4319392.393, 109
Trd, 4319392.793, 107
Trd, 4319392.993, 106
Trd, 4319394.343, 114
Trd, 4319394.393, 101
Trd, 4319395.293, 73
Trd, 4319396.043, 116
Trd, 4319397.043, 94
Trd, 4319397.793, 120
Trd, 4319398.193, 101
Trd, 4319399.493, 100
Trd, 4319400.843, 101
Trd, 4319402.493, 101
Trd, 4319402.693, 98
Trd, 4319403.743, 132
Trd, 4319404.143, 128
Trd, 4319404.393, 102
Trd, 4319406.843, 114
Trd, 4319406.993, 116
Trd, 4319408.243, 127
Trd, 4319408.893, 133
Trd, 4319409.393, 116
Trd, 4319409.443, 114
Trd, 4319409.493, 113
Trd, 4319409.993, 119
Trd, 4319411.793, 111
Trd, 4319412.493, 105
Trd, 4319412.793, 103
Trd, 4319414.893, 92
Trd, 4319415.043, 114
Trd, 4319415.193, 89
Trd, 4319416.143, 109
Trd, 4319419.093, 140
Trd, 4319419.143, 115
Trd, 4319419.443, 115
Trd, 4319421.193, 118
Trd, 4319421.693, 105
Trd, 4319422.293, 89
Trd, 4319422.793, 116
Trd, 4319422.943, 84
Trd, 4319423.593, 93
Trd, 4319423.643, 92
Trd, 4319424.593, 105
Trd, 4319425.543, 81
Trd, 4319425.743, 74
Trd, 4319426.793, 113
Trd, 4319426.893, 111
Trd, 4319428.043, 102
Trd, 4319430.393, 102
Trd, 4319431.743, 103
Trd, 4319431.793, 102
Trd, 4319431.943, 114
Trd, 4319433.243, 94
Trd, 4319434.193, 93
Trd, 4319436.143, 110
Trd, 4319436.643, 116
Trd, 4319436.843, 114
Trd, 4319436.893, 101
Trd, 4319437.143, 100
Trd, 4319437.443, 118
Trd, 4319438.993, 109
Trd, 4319440.493, 130
Trd, 4319441.143, 126
Trd, 4319441.193, 125
Trd, 4319441.243, 117
Trd, 4319443.493, 114
Trd, 4319443.643, 112
Trd, 4319443.993, 121
Trd, 4319444.843, 126
Trd, 4319445.543, 111
Trd, 4319446.143, 139
Trd, 4319446.843, 115
Trd, 4319446.893, 123
Trd, 4319447.993, 117
Trd, 4319449.093, 116
Trd, 4319449.993, 113
Trd, 4319450.843, 123
Trd, 4319451.443, 113
Trd, 4319451.943, 121
Trd, 4319452.643, 113
Trd, 4319452.693, 111
Trd, 4319452.993, 96
Trd, 4319453.193, 132
Trd, 4319455.743, 119
Trd, 4319456.843, 110
Trd, 4319457.743, 107
Trd, 4319460.643, 127
Trd, 4319460.943, 100
Trd, 4319461.243, 114
Trd, 4319461.993, 94
Trd, 4319462.493, 124
Trd, 4319462.543, 92
Trd, 4319463.243, 99
Trd, 4319463.793, 107
Trd, 4319464.243, 130
Trd, 4319464.343, 96
Trd, 4319465.243, 115
Trd, 4319467.393, 80
Trd, 4319468.943, 79
Trd, 4319469.343, 122
Trd, 4319469.693, 112
Trd, 4319470.343, 94
Trd, 4319470.543, 131
Trd, 4319471.343, 105
Trd, 4319471.493, 104
Trd, 4319471.793, 110
Trd, 4319471.993, 120
Trd, 4319472.393, 111
Trd, 4319472.893, 69
Trd, 4319473.243, 78
Trd, 4319474.693, 131
Trd, 4319475.743, 110
Trd, 4319475.943, 112
Trd, 4319475.993, 100
Trd, 4319477.793, 120
Trd, 4319478.393, 124
Trd, 4319478.493, 105
Trd, 4319479.293, 132
Trd, 4319479.393, 96
Trd, 4319480.843, 133
Trd, 4319482.693, 140
Trd, 4319485.393, 119
Trd, 4319485.493, 107
Trd, 4319486.643, 108
Trd, 4319487.243, 87
Trd, 4319487.443, 96
Trd, 4319488.643, 107
Trd, 4319489.093, 117
Trd, 4319490.043, 135
Trd, 4319490.243, 102
Trd, 4319491.893, 112
Trd, 4319492.093, 110
Trd, 4319492.443, 132
Trd, 4319493.193, 115
Trd, 4319493.543, 131
Trd, 4319494.843, 139
Trd, 4319495.493, 122
Trd, 4319495.943, 105
Trd, 4319496.693, 113
Trd, 4319496.893, 103
Trd, 4319497.893, 109
Trd, 4319498.693, 98
Trd, 4319499.893, 127
Trd, 4319499.943, 110
Trd, 4319500.843, 109
Trd, 4319501.393, 119
Trd, 4319503.693, 99
Trd, 4319504.493, 112
Trd, 4319504.743, 99
Trd, 4319504.843, 83
Trd, 4319505.693, 134
Trd, 4319506.043, 83
Trd, 4319506.693, 127
Trd, 4319507.293, 134
Trd, 4319507.743, 74
Trd, 4319509.293, 91
Trd, 4319509.543, 100
Trd, 4319510.643, 85
Trd, 4319511.093, 95
Trd, 4319511.243, 103
Trd, 4319512.693, 86
Trd, 4319514.693, 107
Trd, 4319515.043, 108
Trd, 4319516.193, 105
Trd, 4319516.743, 132
Trd, 4319517.293, 86
Trd, 4319517.443, 90
Trd, 4319518.893, 98
Trd, 4319519.743, 134
Trd, 4319520.943, 119
Trd, 4319522.093, 122
Trd, 4319522.543, 125
Trd, 4319522.943, 117
Trd, 4319523.493, 108
Trd, 4319524.193, 106
Trd, 4319525.043, 84
Trd, 4319525.943, 63
Trd, 4319526.743, 130
Trd, 4319526.893, 122
Trd, 4319527.793, 137
Trd, 4319529.243, 90
Trd, 4319529.543, 135
Trd, 4319529.993, 110
Trd, 4319530.143, 115
Trd, 4319531.793, 119
Trd, 4319534.593, 115
Trd, 4319534.643, 107
Trd, 4319535.693, 138
Trd, 4319535.743, 130
Trd, 4319536.343, 99
Trd, 4319538.793, 117
Trd, 4319538.993, 119
Trd, 4319539.493, 90
Trd, 4319539.843, 89
Trd, 4319540.093, 82
Trd, 4319541.593, 112
Trd, 4319543.193, 102
Trd, 4319544.293, 110
Trd, 4319544.793, 109
Trd, 4319545.043, 92
Trd, 4319546.643, 116
Trd, 4319547.193, 124
Trd, 4319548.543, 112
Trd, 4319549.893, 121
Trd, 4319549.993, 121
Trd, 4319550.043, 120
Trd, 4319550.293, 102
Trd, 4319550.693, 132
Trd, 4319551.243, 84
Trd, 4319552.793, 93
Trd, 4319553.593, 104
Trd, 4319554.743, 118
Trd, 4319556.093, 111
Trd, 4319556.493, 127
Trd, 4319556.793, 126
Trd, 4319557.593, 128
Trd, 4319558.243, 135
Trd, 4319558.593, 130
Trd, 4319559.243, 134
Trd, 4319559.593, 129
Trd, 4319560.393, 110
Trd, 4319561.293, 107
Trd, 4319561.793, 121
Trd, 4319562.143, 119
Trd, 4319563.043, 117
Trd, 4319563.143, 103
Trd, 4319563.493, 128
Trd, 4319565.593, 112
Trd, 4319565.793, 125
Trd, 4319568.243, 82
Trd, 4319569.643, 101
Trd, 4319571.693, 131
Trd, 4319571.843, 130
Trd, 4319571.893, 123
Trd, 4319572.293, 123
Trd, 4319573.593, 99
Trd, 4319574.043, 81
Trd, 4319574.443, 102
Trd, 4319575.943, 63
Trd, 4319576.393, 67
Trd, 4319576.793, 79
Trd, 4319577.393, 108
Trd, 4319578.693, 116
Trd, 4319579.993, 102
Trd, 4319580.393, 90
Trd, 4319580.543, 90
Trd, 4319580.943, 84
Trd, 4319581.643, 107
Trd, 4319582.443, 133
Trd, 4319582.493, 78
Trd, 4319582.793, 69
Trd, 4319583.343, 128
Trd, 4319583.843, 106
Trd, 4319584.343, 101
Trd, 4319585.393, 110
Trd, 4319587.493, 73
Trd, 4319587.693, 132
Trd, 4319589.243, 121
Trd, 4319591.043, 137
Trd, 4319591.343, 105
Trd, 4319593.693, 130
Trd, 4319593.743, 128
Trd, 4319593.993, 102
Trd, 4319594.543, 90
Trd, 4319594.793, 136
Trd, 4319595.443, 109
Trd, 4319596.093, 130
Trd, 4319598.643, 130
Trd, 4319598.893, 134
Trd, 4319599.443, 131
Trd, 4319600.893, 126
Trd, 4319601.443, 125
Trd, 4319601.993, 134
Trd, 4319602.043, 105
Trd, 4319602.793, 122
Trd, 4319602.943, 73
Trd, 4319603.993, 92
Trd, 4319604.543, 117
Trd, 4319605.043, 130
Trd, 4319606.093, 86
Trd, 4319606.193, 118
Trd, 4319608.093, 69
Trd, 4319608.343, 74
Trd, 4319608.743, 70
Trd, 4319610.443, 70
Trd, 4319610.943, 89
Trd, 4319612.293, 88
Trd, 4319612.393, 87
Trd, 4319612.643, 88
Trd, 4319612.893, 88
Trd, 4319613.243, 119
Trd, 4319616.093, 114
Trd, 4319616.793, 125
Trd, 4319616.943, 121
Trd, 4319616.993, 107
Trd, 4319617.493, 69
Trd, 4319618.293, 104
Trd, 4319618.893, 100
Trd, 4319619.793, 99
Trd, 4319619.893, 99
Trd, 4319620.093, 73
Trd, 4319621.493, 93
Trd, 4319622.293, 120
Trd, 4319623.393, 81
Trd, 4319623.643, 96
Trd, 4319624.343, 106
Trd, 4319625.993, 113
Trd, 4319626.793, 136
Trd, 4319626.893, 96
Trd, 4319627.693, 73
Trd, 4319627.843, 72
Trd, 4319628.293, 107
Trd, 4319629.043, 135
Trd, 4319630.943, 117
Trd, 4319630.993, 109
Trd, 4319631.493, 114
Trd, 4319631.993, 119
Trd, 4319632.243, 111
Trd, 4319633.543, 108
Trd, 4319635.043, 100
Trd, 4319635.143, 97
Trd, 4319636.443, 126
Trd, 4319637.243, 137
Trd, 4319637.393, 136
Trd, 4319637.893, 132
Trd, 4319638.743, 108
Trd, 4319639.143, 86
Trd, 4319640.193, 121
Trd, 4319640.643, 108
Trd, 4319641.793, 98
Trd, 4319642.193, 103
Trd, 4319643.443, 102
Trd, 4319643.993, 117
Trd, 4319647.893, 136
Trd, 4319648.143, 133
Trd, 4319648.593, 132
Trd, 4319649.543, 136
Trd, 4319650.743, 110
Trd, 4319650.843, 113
Trd, 4319651.543, 95
Trd, 4319652.693, 107
Trd, 4319652.843, 105
Trd, 4319654.743, 135
Trd, 4319655.743, 124
Trd, 4319655.943, 124
Trd, 4319655.993, 106
Trd, 4319657.193, 138
Trd, 4319657.593, 94
Trd, 4319658.743, 91
Trd, 4319659.743, 82
Trd, 4319660.643, 87
Trd, 4319660.993, 90
Trd, 4319661.493, 106
Trd, 4319661.643, 81
Trd, 4319663.043, 107
Trd, 4319663.143, 96
Trd, 4319663.793, 115
Trd, 4319664.893, 84
Trd, 4319666.043, 80
Trd, 4319666.743, 80
Trd, 4319667.543, 112
Trd, 4319668.943, 116
Trd, 4319668.993, 115
Trd, 4319669.243, 115
Trd, 4319670.593, 126
Trd, 4319671.393, 110
Trd, 4319672.093, 139
Trd, 4319672.143, 106
Trd, 4319673.243, 94
Trd, 4319673.693, 111
Trd, 4319674.243, 112
Trd, 4319674.743, 107
Trd, 4319675.043, 129
Trd, 4319676.393, 108
Trd, 4319677.643, 101
Trd, 4319678.043, 80
Trd, 4319679.293, 106
Trd, 4319679.443, 116
Trd, 4319680.443, 104
Trd, 4319680.893, 98
Trd, 4319681.543, 109
Trd, 4319682.293, 126
Trd, 4319682.543, 133
Trd, 4319682.593, 99
Trd, 4319683.293, 91
Trd, 4319684.343, 114
Trd, 4319684.993, 88
Trd, 4319685.193, 110
Trd, 4319686.243, 85
Trd, 4319687.493, 64
Trd, 4319688.543, 118
Trd, 4319688.843, 89
Trd, 4319690.793, 99
Trd, 4319690.993, 119
Trd, 4319691.193, 109
Trd, 4319691.543, 99
Trd, 4319692.643, 113
Trd, 4319693.693, 132
Trd, 4319694.243, 125
Trd, 4319695.043, 120
Trd, 4319695.943, 117
Trd, 4319697.493, 111
Trd, 4319697.593, 110
Trd, 4319698.343, 65
Trd, 4319698.993, 78
Trd, 4319699.443, 75
Trd, 4319699.743, 116
Trd, 4319700.393, 64
Trd, 4319700.693, 129
Trd, 4319701.693, 120
Trd, 4319701.893, 103
Trd, 4319704.543, 125
Trd, 4319705.193, 128
Trd, 4319705.293, 87
Trd, 4319706.293, 123
Trd, 4319706.443, 83
Trd, 4319707.843, 64
Trd, 4319708.193, 94
Trd, 4319710.093, 112
Trd, 4319710.393, 108
Trd, 4319711.193, 90
Trd, 4319712.343, 90
Trd, 4319714.643, 126
Trd, 4319716.093, 114
Trd, 4319716.793, 113
Trd, 4319717.693, 99
Trd, 4319717.743, 124
Trd, 4319720.243, 106
Trd, 4319720.293, 104
Trd, 4319720.693, 108
Trd, 4319721.593, 94
Trd, 4319721.993, 105
Trd, 4319723.143, 78
Trd, 4319723.993, 90
Trd, 4319724.443, 90
Trd, 4319725.443, 106
Trd, 4319726.293, 114
Trd, 4319726.593, 116
Trd, 4319729.343, 134
Trd, 4319729.743, 118
Trd, 4319731.043, 131
Trd, 4319731.393, 129
Trd, 4319732.443, 124
Trd, 4319734.043, 125
Trd, 4319735.593, 73
Trd, 4319736.443, 93
Trd, 4319737.193, 109
Trd, 4319738.443, 129
Trd, 4319739.043, 128
Trd, 4319739.943, 126
Trd, 4319740.793, 118
Trd, 4319741.093, 117
Trd, 4319742.093, 95
Trd, 4319742.743, 91
Trd, 4319743.293, 118
Trd, 4319743.643, 86
Trd, 4319744.343, 82
Trd, 4319745.043, 118
Trd, 4319745.443, 83
Trd, 4319747.193, 104
Trd, 4319747.643, 122
Trd, 4319748.343, 121
Trd, 4319749.693, 127
Trd, 4319752.693, 117
Trd, 4319754.193, 130
Trd, 4319754.393, 129
Trd, 4319755.743, 128
Trd, 4319755.943, 125
Trd, 4319756.943, 105
Trd, 4319758.293, 127
Trd, 4319758.343, 125
Trd, 4319758.593, 119
Trd, 4319758.993, 108
Trd, 4319759.493, 121
Trd, 4319760.143, 119
Trd, 4319761.293, 96
Trd, 4319762.293, 100
Trd, 4319762.393, 112
Trd, 4319763.893, 70
Trd, 4319765.743, 127
Trd, 4319766.993, 113
Trd, 4319767.893, 98
Trd, 4319768.543, 129
Trd, 4319770.343, 100
Trd, 4319770.543, 124
Trd, 4319770.843, 139
Trd, 4319772.093, 118
Trd, 4319773.943, 68
Trd, 4319774.743, 128
Trd, 4319775.693, 137
Trd, 4319777.543, 109
Trd, 4319777.593, 108
Trd, 4319778.793, 100
Trd, 4319778.893, 98
Trd, 4319780.093, 119
Trd, 4319780.193, 96
Trd, 4319781.193, 110
Trd, 4319781.793, 80
Trd, 4319782.143, 121
Trd, 4319782.493, 97
Trd, 4319782.843, 99
Trd, 4319784.193, 84
Trd, 4319785.243, 100
Trd, 4319787.093, 107
Trd, 4319787.743, 134
Trd, 4319788.543, 133
Trd, 4319789.243, 125
Trd, 4319790.543, 131
Trd, 4319791.743, 132
Trd, 4319792.343, 123
Trd, 4319792.643, 117
Trd, 4319793.843, 120
Trd, 4319794.043, 121
Trd, 4319795.593, 139
Trd, 4319796.843, 139
Trd, 4319797.593, 116
Trd, 4319798.093, 130
Trd, 4319798.493, 129
Trd, 4319800.993, 129
Trd, 4319801.643, 137
Trd, 4319802.193, 124
Trd, 4319802.243, 115
Trd, 4319802.843, 101
Trd, 4319803.793, 137
Trd, 4319804.293, 136
Trd, 4319804.693, 135
Trd, 4319806.893, 119
Trd, 4319807.043, 94
Trd, 4319808.143, 139
Trd, 4319808.343, 98
Trd, 4319808.493, 94
Trd, 4319809.093, 82
Trd, 4319810.743, 101
Trd, 4319810.793, 105
Trd, 4319811.093, 111
Trd, 4319811.193, 100
Trd, 4319812.093, 97
Trd, 4319812.693, 127
Trd, 4319813.893, 117
Trd, 4319814.893, 94
Trd, 4319815.943, 90
Trd, 4319816.493, 131
Trd, 4319816.543, 129
Trd, 4319819.593, 63
Trd, 4319821.093, 93
Trd, 4319821.193, 105
Trd, 4319822.943, 95
Trd, 4319823.293, 104
Trd, 4319823.343, 113
Trd, 4319823.443, 92
Trd, 4319823.793, 92
Trd, 4319825.543, 101
Trd, 4319826.093, 101
Trd, 4319826.793, 91
Trd, 4319827.043, 90
Trd, 4319827.543, 84
Trd, 4319828.693, 101
Trd, 4319829.343, 124
Trd, 4319831.493, 108
Trd, 4319831.693, 102
Trd, 4319831.993, 115
Trd, 4319832.293, 98
Trd, 4319832.693, 98
Trd, 4319833.543, 85
Trd, 4319834.443, 69
Trd, 4319834.993, 77
Trd, 4319835.793, 136
Trd, 4319835.843, 112
Trd, 4319837.043, 106
Trd, 4319838.293, 117
Trd, 4319840.593, 121
Trd, 4319841.043, 130
Trd, 4319841.593, 130
Trd, 4319842.793, 98
Trd, 4319844.093, 96
Trd, 4319844.443, 82
Trd, 4319845.243, 98
Trd, 4319845.693, 94
Trd, 4319847.743, 112
Trd, 4319847.843, 102
Trd, 4319848.143, 91
Trd, 4319848.393, 121
Trd, 4319849.043, 90
Trd, 4319849.593, 92
Trd, 4319851.893, 115
Trd, 4319852.293, 111
Trd, 4319852.393, 110
Trd, 4319852.793, 107
Trd, 4319852.843, 92
Trd, 4319854.143, 113
Trd, 4319855.343, 129
Trd, 4319855.893, 115
Trd, 4319856.643, 137
Trd, 4319857.293, 135
Trd, 4319858.043, 109
Trd, 4319858.993, 121
Trd, 4319859.493, 88
Trd, 4319860.593, 122
Trd, 4319860.643, 118
Trd, 4319861.943, 110
Trd, 4319861.993, 105
Trd, 4319863.243, 111
Trd, 4319864.143, 129
Trd, 4319864.693, 126
Trd, 4319865.093, 120
Trd, 4319865.143, 103
Trd, 4319866.143, 104
Trd, 4319869.643, 114
Trd, 4319870.493, 126
Trd, 4319870.743, 118
Trd, 4319871.343, 117
Trd, 4319873.443, 122
Trd, 4319873.593, 112
Trd, 4319874.243, 123
Trd, 4319874.443, 138
Trd, 4319874.693, 99
Trd, 4319874.793, 80
Trd, 4319876.743, 125
Trd, 4319876.843, 124
Trd, 4319877.243, 120
Trd, 4319877.643, 131
Trd, 4319878.093, 130
Trd, 4319878.193, 117
Trd, 4319878.993, 79
Trd, 4319879.943, 97
Trd, 4319880.493, 89
Trd, 4319880.643, 71
Trd, 4319882.493, 137
Trd, 4319882.593, 136
Trd, 4319883.443, 118
Trd, 4319883.793, 114
Trd, 4319883.843, 113
Trd, 4319886.543, 110
Trd, 4319887.743, 109
Trd, 4319887.843, 107
Trd, 4319887.893, 107
Trd, 4319887.993, 110
Trd, 4319888.593, 125
Trd, 4319889.793, 99
Trd, 4319890.193, 71
Trd, 4319890.693, 70
Trd, 4319892.443, 95
Trd, 4319892.843, 112
Trd, 4319893.743, 109
Trd, 4319893.893, 79
Trd, 4319895.193, 99
Trd, 4319895.793, 75
Trd, 4319895.993, 67
Trd, 4319896.843, 63
Trd, 4319900.543, 115
Trd, 4319900.743, 114
Trd, 4319901.143, 118
Trd, 4319902.693, 123
Trd, 4319902.943, 119
Trd, 4319903.543, 131
Trd, 4319904.293, 140
Trd, 4319905.243, 118
Trd, 4319905.993, 136
Trd, 4319906.843, 129
Trd, 4319907.943, 118
Trd, 4319908.743, 118
Trd, 4319909.693, 91
Trd, 4319910.193, 138
Trd, 4319912.643, 134
Trd, 4319913.843, 118
Trd, 4319914.043, 116
Trd, 4319914.793, 74
Trd, 4319915.543, 106
Trd, 4319916.443, 71
Trd, 4319917.393, 70
Trd, 4319918.043, 116
Trd, 4319919.393, 128
Trd, 4319920.243, 118
Trd, 4319920.643, 123
Trd, 4319920.693, 89
Trd, 4319922.243, 140
Trd, 4319922.743, 101
Trd, 4319923.493, 111
Trd, 4319923.993, 99
Trd, 4319924.843, 74
Trd, 4319924.943, 75
Trd, 4319926.293, 118
Trd, 4319926.543, 117
Trd, 4319927.693, 114
Trd, 4319929.393, 76
Trd, 4319929.543, 95
Trd, 4319930.593, 132
Trd, 4319931.443, 112
Trd, 4319931.793, 129
Trd, 4319933.343, 129
Trd, 4319933.793, 109
Trd, 4319934.243, 92
Trd, 4319936.093, 119
Trd, 4319936.793, 133
Trd, 4319937.293, 97
Trd, 4319937.693, 97
Trd, 4319937.843, 95
Trd, 4319939.093, 119
Trd, 4319939.443, 121
Trd, 4319939.893, 133
Trd, 4319940.843, 116
Trd, 4319940.943, 79
Trd, 4319941.693, 72
Trd, 4319942.093, 72
Trd, 4319943.993, 137
Trd, 4319944.193, 136
Trd, 4319945.493, 125
Trd, 4319946.743, 131
Trd, 4319947.643, 124
Trd, 4319948.543, 117
Trd, 4319949.043, 115
Trd, 4319949.293, 106
Trd, 4319949.443, 132
Trd, 4319952.543, 121
Trd, 4319953.443, 118
Trd, 4319955.393, 129
Trd, 4319956.693, 116
Trd, 4319956.743, 115
Trd, 4319957.793, 114
Trd, 4319958.143, 102
Trd, 4319958.593, 94
Trd, 4319959.193, 84
Trd, 4319959.343, 122
Trd, 4319960.143, 122
Trd, 4319961.543, 112
Trd, 4319961.843, 110
Trd, 4319961.993, 100
Trd, 4319963.343, 116
Trd, 4319964.193, 102
Trd, 4319965.693, 133
Trd, 4319966.693, 124
Trd, 4319967.193, 126
Trd, 4319967.643, 113
Trd, 4319969.293, 99
Trd, 4319969.493, 98
Trd, 4319969.893, 98
Trd, 4319970.843, 96
Trd, 4319971.943, 78
Trd, 4319974.043, 95
Trd, 4319974.793, 111
Trd, 4319974.843, 89
Trd, 4319975.243, 103
Trd, 4319975.843, 100
Trd, 4319976.043, 96
Trd, 4319976.593, 115
Trd, 4319977.493, 137
Trd, 4319978.493, 109
Trd, 4319980.593, 135
Trd, 4319980.693, 132
Trd, 4319981.093, 111
Trd, 4319981.143, 101
Trd, 4319981.493, 101
Trd, 4319982.143, 109
Trd, 4319982.943, 128
Trd, 4319982.993, 93
Trd, 4319985.393, 132
Trd, 4319985.593, 67
Trd, 4319987.843, 140
Trd, 4319988.843, 133
Trd, 4319989.093, 131
Trd, 4319989.793, 101
Trd, 4319989.993, 103
Trd, 4319990.193, 123
Trd, 4319992.243, 129
Trd, 4319993.343, 124
Trd, 4319993.593, 118
Trd, 4319994.993, 125
Trd, 4319995.343, 123
Trd, 4319995.743, 128
Trd, 4319996.293, 128
Trd, 4319996.943, 94
Trd, 4319997.243, 88
Trd, 4319998.693, 89
Trd, 4319998.943, 81
