Trd, 4318165.293, 60
Trd, 4318165.393, 61
Trd, 4318165.643, 61
Trd, 4318166.693, 60
Trd, 4318167.043, 62
Trd, 4318167.843, 64
Trd, 4318168.443, 140
Trd, 4318169.293, 140
Trd, 4318169.543, 140
Trd, 4318169.793, 66
Trd, 4318171.143, 64
Trd, 4318171.593, 62
Trd, 4318172.193, 140
Trd, 4318172.993, 139
Trd, 4318173.143, 67
Trd, 4318174.893, 63
Trd, 4318175.593, 70
Trd, 4318176.793, 60
Trd, 4318177.443, 61
Trd, 4318177.993, 61
Trd, 4318178.343, 61
Trd, 4318178.593, 62
Trd, 4318178.643, 64
Trd, 4318179.193, 60
Trd, 4318180.043, 62
Trd, 4318182.143, 140
Trd, 4318182.193, 140
Trd, 4318182.543, 140
Trd, 4318183.143, 140
Trd, 4318183.643, 140
Trd, 4318183.693, 137
Trd, 4318184.143, 94
Trd, 4318185.443, 72
Trd, 4318186.843, 140
Trd, 4318186.943, 140
Trd, 4318187.993, 61
Trd, 4318188.893, 60
Trd, 4318189.643, 60
Trd, 4318189.693, 61
Trd, 4318189.743, 66
Trd, 4318189.943, 73
Trd, 4318192.243, 84
Trd, 4318192.543, 63
Trd, 4318193.643, 62
Trd, 4318194.143, 140
Trd, 4318194.843, 140
Trd, 4318195.543, 140
Trd, 4318195.643, 140
Trd, 4318195.793, 140
Trd, 4318196.743, 140
Trd, 4318198.093, 139
Trd, 4318199.043, 102
Trd, 4318199.593, 86
Trd, 4318199.793, 85
Trd, 4318200.043, 138
Trd, 4318201.193, 139
Trd, 4318201.393, 139
Trd, 4318201.793, 70
Trd, 4318202.493, 62
Trd, 4318203.293, 140
Trd, 4318204.043, 61
Trd, 4318205.093, 85
Trd, 4318205.743, 140
Trd, 4318205.993, 140
Trd, 4318206.693, 92
Trd, 4318206.943, 140
Trd, 4318207.343, 140
Trd, 4318208.343, 91
Trd, 4318209.293, 61
Trd, 4318210.993, 62
Trd, 4318211.893, 62
Trd, 4318213.293, 60
Trd, 4318213.793, 62
Trd, 4318213.993, 60
Trd, 4318214.143, 69
Trd, 4318214.343, 60
Trd, 4318214.643, 61
Trd, 4318215.143, 66
Trd, 4318215.893, 139
Trd, 4318216.243, 137
Trd, 4318217.043, 140
Trd, 4318217.243, 136
Trd, 4318218.593, 62
Trd, 4318219.243, 60
Trd, 4318219.593, 140
Trd, 4318220.143, 109
Trd, 4318221.043, 75
Trd, 4318221.943, 140
Trd, 4318222.543, 140
Trd, 4318223.143, 140
Trd, 4318223.293, 97
Trd, 4318224.593, 63
Trd, 4318225.193, 81
Trd, 4318225.343, 80
Trd, 4318225.593, 79
Trd, 4318226.093, 140
Trd, 4318226.743, 140
Trd, 4318227.693, 140
Trd, 4318227.793, 138
Trd, 4318228.093, 140
Trd, 4318229.043, 77
Trd, 4318229.743, 139
Trd, 4318230.243, 140
Trd, 4318231.243, 140
Trd, 4318231.743, 140
Trd, 4318232.343, 140
Trd, 4318232.393, 139
Trd, 4318233.243, 140
Trd, 4318233.743, 140
Trd, 4318235.493, 140
Trd, 4318235.843, 140
Trd, 4318237.093, 140
Trd, 4318237.293, 138
Trd, 4318237.993, 140
Trd, 4318239.643, 140
Trd, 4318240.343, 139
Trd, 4318241.093, 138
Trd, 4318241.193, 138
Trd, 4318241.393, 103
Trd, 4318241.693, 140
Trd, 4318243.243, 60
Trd, 4318244.243, 140
Trd, 4318244.293, 137
Trd, 4318244.943, 140
Trd, 4318246.193, 140
Trd, 4318246.243, 139
Trd, 4318246.493, 140
Trd, 4318246.593, 139
Trd, 4318247.343, 100
Trd, 4318247.843, 69
Trd, 4318248.943, 140
Trd, 4318251.743, 140
Trd, 4318251.843, 140
Trd, 4318251.993, 140
Trd, 4318252.343, 140
Trd, 4318252.743, 140
Trd, 4318253.843, 140
Trd, 4318254.043, 140
Trd, 4318254.743, 62
Trd, 4318254.893, 67
Trd, 4318255.143, 140
Trd, 4318256.743, 140
Trd, 4318257.543, 140
Trd, 4318257.943, 79
Trd, 4318258.793, 139
Trd, 4318258.993, 129
Trd, 4318260.193, 140
Trd, 4318260.943, 140
Trd, 4318261.093, 140
Trd, 4318261.593, 140
Trd, 4318262.543, 140
Trd, 4318262.843, 139
Trd, 4318263.043, 112
Trd, 4318264.793, 140
Trd, 4318265.193, 140
Trd, 4318266.393, 139
Trd, 4318266.643, 139
Trd, 4318267.443, 140
Trd, 4318267.493, 140
Trd, 4318267.743, 139
Trd, 4318269.093, 139
Trd, 4318269.393, 140
Trd, 4318270.393, 140
Trd, 4318270.593, 139
Trd, 4318270.743, 136
Trd, 4318271.293, 127
Trd, 4318271.993, 61
Trd, 4318272.193, 123
Trd, 4318272.393, 69
Trd, 4318273.193, 65
Trd, 4318274.493, 62
Trd, 4318275.093, 60
Trd, 4318275.793, 63
Trd, 4318279.043, 64
Trd, 4318279.993, 65
Trd, 4318280.843, 64
Trd, 4318281.343, 65
Trd, 4318281.593, 62
Trd, 4318281.643, 65
Trd, 4318281.943, 63
Trd, 4318282.343, 60
Trd, 4318282.643, 65
Trd, 4318283.943, 140
Trd, 4318284.343, 140
Trd, 4318284.743, 140
Trd, 4318285.143, 139
Trd, 4318285.243, 135
Trd, 4318285.743, 67
Trd, 4318286.043, 64
Trd, 4318287.543, 62
Trd, 4318289.493, 60
Trd, 4318290.143, 61
Trd, 4318291.343, 60
Trd, 4318291.693, 60
Trd, 4318292.493, 62
Trd, 4318292.593, 64
Trd, 4318293.143, 62
Trd, 4318294.343, 60
Trd, 4318294.593, 60
Trd, 4318295.143, 62
Trd, 4318295.393, 62
Trd, 4318296.793, 63
Trd, 4318297.043, 63
Trd, 4318297.093, 64
Trd, 4318297.843, 65
Trd, 4318298.093, 76
Trd, 4318300.943, 140
Trd, 4318301.393, 140
Trd, 4318301.943, 140
Trd, 4318301.993, 140
Trd, 4318302.193, 139
Trd, 4318303.143, 140
Trd, 4318303.243, 140
Trd, 4318304.193, 114
Trd, 4318304.893, 140
Trd, 4318305.443, 140
Trd, 4318305.793, 140
Trd, 4318306.543, 140
Trd, 4318306.743, 138
Trd, 4318308.343, 140
Trd, 4318309.993, 140
Trd, 4318310.043, 140
Trd, 4318310.543, 140
Trd, 4318310.793, 91
Trd, 4318311.443, 63
Trd, 4318312.393, 140
Trd, 4318312.593, 139
Trd, 4318312.643, 139
Trd, 4318313.493, 140
Trd, 4318314.843, 140
Trd, 4318315.443, 140
Trd, 4318316.043, 140
Trd, 4318316.643, 140
Trd, 4318316.793, 140
Trd, 4318318.143, 140
Trd, 4318319.093, 140
Trd, 4318319.443, 140
Trd, 4318319.893, 140
Trd, 4318320.043, 140
Trd, 4318320.743, 139
Trd, 4318322.043, 140
Trd, 4318322.143, 140
Trd, 4318322.693, 62
Trd, 4318322.793, 60
Trd, 4318323.343, 140
Trd, 4318325.843, 140
Trd, 4318326.093, 140
Trd, 4318327.043, 140
Trd, 4318327.093, 140
Trd, 4318327.143, 140
Trd, 4318327.443, 140
Trd, 4318328.443, 140
Trd, 4318328.493, 140
Trd, 4318328.943, 139
Trd, 4318329.843, 140
Trd, 4318330.693, 139
Trd, 4318331.543, 140
Trd, 4318331.743, 139
Trd, 4318332.193, 119
Trd, 4318332.343, 118
Trd, 4318333.793, 139
Trd, 4318334.193, 139
Trd, 4318334.493, 61
Trd, 4318334.993, 88
Trd, 4318335.593, 140
Trd, 4318335.893, 140
Trd, 4318336.343, 140
Trd, 4318336.393, 72
Trd, 4318337.643, 60
Trd, 4318338.793, 60
Trd, 4318338.843, 61
Trd, 4318340.293, 67
Trd, 4318341.993, 62
Trd, 4318342.893, 61
Trd, 4318343.043, 65
Trd, 4318343.343, 63
Trd, 4318343.793, 66
Trd, 4318344.243, 140
Trd, 4318344.493, 61
Trd, 4318345.093, 115
Trd, 4318345.943, 61
Trd, 4318346.143, 80
Trd, 4318346.493, 62
Trd, 4318347.293, 62
Trd, 4318347.593, 62
Trd, 4318349.093, 140
Trd, 4318349.993, 140
Trd, 4318350.493, 140
Trd, 4318351.193, 140
Trd, 4318351.293, 139
Trd, 4318351.443, 138
Trd, 4318352.743, 140
Trd, 4318353.493, 140
Trd, 4318353.593, 140
Trd, 4318353.993, 69
Trd, 4318354.793, 62
Trd, 4318356.043, 140
Trd, 4318356.093, 140
Trd, 4318357.243, 140
Trd, 4318357.343, 139
Trd, 4318357.843, 140
Trd, 4318357.993, 139
Trd, 4318358.843, 140
Trd, 4318360.593, 140
Trd, 4318360.793, 140
Trd, 4318362.243, 140
Trd, 4318362.893, 140
Trd, 4318363.193, 140
Trd, 4318364.093, 140
Trd, 4318364.593, 140
Trd, 4318364.893, 140
Trd, 4318365.193, 139
Trd, 4318365.543, 140
Trd, 4318366.143, 91
Trd, 4318366.193, 89
Trd, 4318367.943, 140
Trd, 4318368.293, 140
Trd, 4318368.443, 140
Trd, 4318368.893, 140
Trd, 4318369.593, 138
Trd, 4318370.543, 138
Trd, 4318370.843, 131
Trd, 4318371.793, 60
Trd, 4318373.593, 61
Trd, 4318374.993, 61
Trd, 4318375.093, 63
Trd, 4318375.393, 60
Trd, 4318376.293, 60
Trd, 4318376.593, 66
Trd, 4318376.943, 67
Trd, 4318376.993, 111
Trd, 4318377.993, 64
Trd, 4318378.843, 137
Trd, 4318381.493, 61
Trd, 4318382.243, 60
Trd, 4318382.393, 62
Trd, 4318382.843, 63
Trd, 4318383.843, 60
Trd, 4318384.293, 60
Trd, 4318384.593, 60
Trd, 4318385.543, 65
Trd, 4318385.943, 60
Trd, 4318386.343, 61
Trd, 4318386.543, 65
Trd, 4318387.743, 61
Trd, 4318388.943, 64
Trd, 4318389.493, 60
Trd, 4318390.793, 60
Trd, 4318390.843, 64
Trd, 4318391.343, 140
Trd, 4318391.743, 140
Trd, 4318392.293, 62
Trd, 4318395.543, 60
Trd, 4318395.943, 60
Trd, 4318396.043, 63
Trd, 4318396.943, 66
Trd, 4318397.993, 140
Trd, 4318398.243, 140
Trd, 4318398.493, 139
Trd, 4318399.393, 60
Trd, 4318399.843, 65
Trd, 4318400.443, 64
Trd, 4318400.643, 67
Trd, 4318401.043, 61
Trd, 4318401.393, 67
Trd, 4318402.393, 73
Trd, 4318403.093, 139
Trd, 4318403.343, 65
Trd, 4318405.393, 61
Trd, 4318406.693, 61
Trd, 4318407.393, 61
Trd, 4318407.693, 64
Trd, 4318408.193, 64
Trd, 4318409.743, 60
Trd, 4318409.793, 63
Trd, 4318410.543, 69
Trd, 4318411.393, 140
Trd, 4318411.843, 140
Trd, 4318411.893, 140
Trd, 4318412.893, 140
Trd, 4318414.093, 140
Trd, 4318414.193, 138
Trd, 4318415.443, 140
Trd, 4318415.543, 139
Trd, 4318415.793, 97
Trd, 4318416.643, 139
Trd, 4318417.793, 69
Trd, 4318418.493, 140
Trd, 4318418.793, 140
Trd, 4318419.543, 107
Trd, 4318420.343, 140
Trd, 4318420.393, 105
Trd, 4318421.593, 132
Trd, 4318423.343, 63
Trd, 4318423.493, 62
Trd, 4318423.643, 140
Trd, 4318423.943, 134
Trd, 4318424.043, 60
Trd, 4318424.893, 69
Trd, 4318425.143, 64
Trd, 4318425.293, 65
Trd, 4318426.243, 68
Trd, 4318427.393, 64
Trd, 4318427.943, 72
Trd, 4318429.143, 62
Trd, 4318429.593, 61
Trd, 4318429.843, 70
Trd, 4318430.793, 64
Trd, 4318432.093, 62
Trd, 4318432.243, 61
Trd, 4318432.743, 65
Trd, 4318433.643, 140
Trd, 4318434.193, 140
Trd, 4318434.543, 140
Trd, 4318434.893, 140
Trd, 4318435.993, 75
Trd, 4318437.293, 140
Trd, 4318437.393, 140
Trd, 4318438.643, 140
Trd, 4318438.943, 140
Trd, 4318439.193, 139
Trd, 4318439.593, 140
Trd, 4318442.293, 140
Trd, 4318442.393, 140
Trd, 4318442.493, 140
Trd, 4318442.593, 140
Trd, 4318443.543, 138
Trd, 4318443.943, 139
Trd, 4318443.993, 101
Trd, 4318444.293, 75
Trd, 4318446.643, 140
Trd, 4318447.093, 138
Trd, 4318447.343, 123
Trd, 4318447.393, 121
Trd, 4318448.843, 140
Trd, 4318448.943, 139
Trd, 4318449.693, 140
Trd, 4318450.093, 139
Trd, 4318451.743, 140
Trd, 4318451.943, 140
Trd, 4318452.443, 140
Trd, 4318452.643, 139
Trd, 4318452.943, 140
Trd, 4318453.593, 140
Trd, 4318454.993, 140
Trd, 4318455.393, 140
Trd, 4318456.093, 140
Trd, 4318457.093, 140
Trd, 4318457.543, 134
Trd, 4318457.843, 117
Trd, 4318458.543, 139
Trd, 4318459.143, 140
Trd, 4318459.743, 140
Trd, 4318459.793, 139
Trd, 4318460.443, 140
Trd, 4318461.393, 61
Trd, 4318461.493, 67
Trd, 4318462.843, 61
Trd, 4318463.943, 140
Trd, 4318464.843, 62
Trd, 4318464.943, 76
Trd, 4318465.643, 85
Trd, 4318465.693, 84
Trd, 4318465.793, 83
Trd, 4318466.643, 140
Trd, 4318467.243, 140
Trd, 4318468.093, 109
Trd, 4318468.993, 64
Trd, 4318469.343, 60
Trd, 4318469.643, 62
Trd, 4318471.293, 68
Trd, 4318473.143, 140
Trd, 4318473.293, 140
Trd, 4318473.543, 140
Trd, 4318474.593, 140
Trd, 4318476.143, 140
Trd, 4318477.393, 140
Trd, 4318477.543, 139
Trd, 4318477.643, 138
Trd, 4318477.693, 136
Trd, 4318478.143, 61
Trd, 4318478.343, 67
Trd, 4318478.443, 62
Trd, 4318479.343, 65
Trd, 4318479.893, 139
Trd, 4318482.243, 140
Trd, 4318483.143, 140
Trd, 4318483.943, 140
Trd, 4318484.493, 140
Trd, 4318485.593, 140
Trd, 4318485.843, 140
Trd, 4318485.893, 139
Trd, 4318485.993, 115
Trd, 4318486.893, 140
Trd, 4318488.143, 140
Trd, 4318488.443, 139
Trd, 4318488.693, 138
Trd, 4318488.943, 92
Trd, 4318490.093, 139
Trd, 4318491.043, 140
Trd, 4318491.643, 140
Trd, 4318491.943, 140
Trd, 4318492.493, 62
Trd, 4318492.743, 60
Trd, 4318493.993, 139
Trd, 4318494.743, 140
Trd, 4318495.943, 140
Trd, 4318496.293, 140
Trd, 4318496.743, 140
Trd, 4318497.143, 139
Trd, 4318497.943, 140
Trd, 4318498.993, 140
Trd, 4318499.443, 138
Trd, 4318499.543, 138
Trd, 4318500.443, 138
Trd, 4318500.493, 137
Trd, 4318501.993, 107
Trd, 4318502.193, 140
Trd, 4318502.743, 140
Trd, 4318503.643, 101
Trd, 4318503.893, 67
Trd, 4318504.443, 137
Trd, 4318504.993, 139
Trd, 4318505.143, 71
Trd, 4318506.293, 140
Trd, 4318507.543, 139
Trd, 4318507.943, 140
Trd, 4318508.893, 140
Trd, 4318509.743, 139
Trd, 4318510.393, 138
Trd, 4318510.743, 139
Trd, 4318511.093, 140
Trd, 4318511.643, 140
Trd, 4318511.993, 140
Trd, 4318513.443, 140
Trd, 4318513.993, 140
Trd, 4318514.843, 140
Trd, 4318515.143, 140
Trd, 4318515.893, 140
Trd, 4318516.293, 140
Trd, 4318518.443, 140
Trd, 4318518.893, 140
Trd, 4318519.743, 140
Trd, 4318519.793, 135
Trd, 4318520.643, 63
Trd, 4318521.193, 138
Trd, 4318522.293, 140
Trd, 4318522.493, 136
Trd, 4318522.693, 121
Trd, 4318523.443, 138
Trd, 4318524.493, 140
Trd, 4318524.593, 140
Trd, 4318524.693, 64
Trd, 4318526.443, 60
Trd, 4318526.543, 116
Trd, 4318527.093, 140
Trd, 4318528.143, 140
Trd, 4318529.543, 140
Trd, 4318529.793, 140
Trd, 4318530.243, 139
Trd, 4318531.443, 140
Trd, 4318531.843, 139
Trd, 4318532.443, 140
Trd, 4318532.693, 140
Trd, 4318533.343, 123
Trd, 4318533.443, 111
Trd, 4318533.993, 140
Trd, 4318535.243, 66
Trd, 4318535.543, 65
Trd, 4318535.643, 68
Trd, 4318536.643, 140
Trd, 4318537.593, 140
Trd, 4318537.793, 140
Trd, 4318538.193, 140
Trd, 4318538.743, 136
Trd, 4318539.143, 140
Trd, 4318540.293, 140
Trd, 4318540.943, 135
Trd, 4318541.343, 117
Trd, 4318542.143, 60
Trd, 4318542.643, 108
Trd, 4318545.293, 60
Trd, 4318545.443, 61
Trd, 4318545.743, 61
Trd, 4318546.093, 60
Trd, 4318546.343, 62
Trd, 4318546.943, 60
Trd, 4318547.343, 71
Trd, 4318548.493, 140
Trd, 4318549.493, 62
Trd, 4318549.593, 65
Trd, 4318550.343, 60
Trd, 4318550.843, 64
Trd, 4318551.593, 60
Trd, 4318551.993, 140
Trd, 4318552.743, 140
Trd, 4318553.043, 140
Trd, 4318553.093, 140
Trd, 4318553.743, 138
Trd, 4318554.193, 126
Trd, 4318556.043, 140
Trd, 4318556.743, 140
Trd, 4318556.793, 140
Trd, 4318557.893, 140
Trd, 4318557.993, 140
Trd, 4318559.343, 140
Trd, 4318559.443, 139
Trd, 4318560.143, 122
Trd, 4318560.543, 140
Trd, 4318560.643, 138
Trd, 4318561.543, 138
Trd, 4318562.693, 140
Trd, 4318562.793, 140
Trd, 4318563.393, 140
Trd, 4318565.443, 140
Trd, 4318565.943, 140
Trd, 4318566.193, 140
Trd, 4318566.893, 140
Trd, 4318567.393, 140
Trd, 4318568.093, 140
Trd, 4318569.093, 140
Trd, 4318570.193, 140
Trd, 4318570.893, 140
Trd, 4318571.293, 139
Trd, 4318571.443, 86
Trd, 4318571.743, 78
Trd, 4318572.093, 62
Trd, 4318573.443, 140
Trd, 4318575.243, 140
Trd, 4318575.693, 140
Trd, 4318575.993, 140
Trd, 4318576.293, 140
Trd, 4318577.193, 140
Trd, 4318577.493, 140
Trd, 4318577.643, 140
Trd, 4318578.693, 140
Trd, 4318580.593, 140
Trd, 4318581.543, 140
Trd, 4318581.843, 140
Trd, 4318582.343, 138
Trd, 4318582.493, 138
Trd, 4318582.843, 140
Trd, 4318583.793, 138
Trd, 4318584.893, 139
Trd, 4318585.743, 140
Trd, 4318587.643, 140
Trd, 4318587.743, 140
Trd, 4318587.943, 140
Trd, 4318588.893, 140
Trd, 4318589.243, 140
Trd, 4318589.293, 139
Trd, 4318589.393, 138
Trd, 4318589.793, 93
Trd, 4318590.393, 140
Trd, 4318591.293, 140
Trd, 4318591.943, 140
Trd, 4318592.593, 140
Trd, 4318592.893, 123
Trd, 4318593.893, 138
Trd, 4318594.293, 140
Trd, 4318595.743, 60
Trd, 4318596.193, 71
Trd, 4318596.743, 136
Trd, 4318597.143, 60
Trd, 4318597.243, 137
Trd, 4318597.543, 137
Trd, 4318599.943, 60
Trd, 4318601.193, 61
Trd, 4318601.943, 61
Trd, 4318602.743, 64
Trd, 4318603.293, 65
Trd, 4318604.243, 69
Trd, 4318604.643, 63
Trd, 4318604.843, 75
Trd, 4318606.243, 140
Trd, 4318606.393, 140
Trd, 4318606.593, 140
Trd, 4318607.293, 140
Trd, 4318607.843, 139
Trd, 4318608.443, 136
Trd, 4318609.293, 140
Trd, 4318610.293, 140
Trd, 4318610.793, 140
Trd, 4318610.943, 140
Trd, 4318612.243, 140
Trd, 4318612.643, 61
Trd, 4318613.343, 60
Trd, 4318613.493, 72
Trd, 4318614.443, 62
Trd, 4318615.743, 140
Trd, 4318615.793, 139
Trd, 4318616.193, 140
Trd, 4318616.293, 140
Trd, 4318617.093, 140
Trd, 4318617.443, 140
Trd, 4318617.593, 136
Trd, 4318617.993, 139
Trd, 4318619.593, 66
Trd, 4318620.243, 63
Trd, 4318622.193, 65
Trd, 4318622.543, 66
Trd, 4318623.293, 140
Trd, 4318623.543, 139
Trd, 4318624.693, 60
Trd, 4318624.893, 61
Trd, 4318625.743, 72
Trd, 4318626.193, 80
Trd, 4318626.543, 64
Trd, 4318626.743, 63
Trd, 4318626.793, 62
Trd, 4318627.943, 139
Trd, 4318627.993, 61
Trd, 4318628.893, 132
Trd, 4318629.293, 140
Trd, 4318630.693, 60
Trd, 4318631.093, 61
Trd, 4318631.543, 111
Trd, 4318632.893, 140
Trd, 4318634.793, 140
Trd, 4318635.043, 140
Trd, 4318635.343, 140
Trd, 4318635.943, 140
Trd, 4318636.343, 140
Trd, 4318637.393, 140
Trd, 4318637.793, 140
Trd, 4318638.243, 140
Trd, 4318639.243, 140
Trd, 4318639.593, 140
Trd, 4318641.193, 140
Trd, 4318641.293, 140
Trd, 4318642.443, 140
Trd, 4318643.493, 140
Trd, 4318643.543, 140
Trd, 4318644.193, 140
Trd, 4318644.393, 140
Trd, 4318644.643, 139
Trd, 4318646.343, 140
Trd, 4318646.393, 140
Trd, 4318646.493, 140
Trd, 4318647.343, 136
Trd, 4318648.743, 139
Trd, 4318648.943, 139
Trd, 4318649.193, 110
Trd, 4318650.543, 62
Trd, 4318650.743, 63
Trd, 4318651.393, 65
Trd, 4318653.193, 140
Trd, 4318653.343, 138
Trd, 4318654.293, 60
Trd, 4318654.893, 61
Trd, 4318654.943, 61
Trd, 4318656.193, 60
Trd, 4318656.593, 62
Trd, 4318657.843, 61
Trd, 4318658.243, 140
Trd, 4318658.293, 140
Trd, 4318660.493, 61
Trd, 4318661.043, 61
Trd, 4318661.243, 60
Trd, 4318663.243, 60
Trd, 4318663.293, 60
Trd, 4318663.643, 65
Trd, 4318663.693, 64
Trd, 4318664.243, 65
Trd, 4318664.393, 66
Trd, 4318665.293, 63
Trd, 4318665.593, 60
Trd, 4318666.343, 60
Trd, 4318666.593, 63
Trd, 4318667.793, 107
Trd, 4318668.043, 130
Trd, 4318668.843, 65
Trd, 4318669.243, 67
Trd, 4318669.493, 131
Trd, 4318670.393, 63
Trd, 4318671.293, 140
Trd, 4318671.943, 140
Trd, 4318672.543, 140
Trd, 4318673.193, 140
Trd, 4318674.843, 140
Trd, 4318675.043, 140
Trd, 4318675.193, 140
Trd, 4318675.443, 140
Trd, 4318675.643, 139
Trd, 4318676.693, 60
Trd, 4318677.043, 61
Trd, 4318678.293, 62
Trd, 4318678.443, 124
Trd, 4318678.993, 65
Trd, 4318679.243, 61
Trd, 4318680.843, 68
Trd, 4318681.093, 61
Trd, 4318681.343, 62
Trd, 4318682.943, 140
Trd, 4318683.343, 140
Trd, 4318683.443, 140
Trd, 4318684.343, 140
Trd, 4318684.943, 140
Trd, 4318685.693, 140
Trd, 4318687.093, 140
Trd, 4318687.393, 140
Trd, 4318687.493, 137
Trd, 4318687.543, 96
Trd, 4318688.693, 109
Trd, 4318689.093, 140
Trd, 4318689.193, 108
Trd, 4318689.343, 107
Trd, 4318690.243, 72
Trd, 4318691.693, 140
Trd, 4318691.793, 140
Trd, 4318692.543, 62
Trd, 4318692.893, 60
Trd, 4318694.743, 140
Trd, 4318695.243, 139
Trd, 4318696.143, 140
Trd, 4318696.293, 113
Trd, 4318696.693, 64
Trd, 4318697.243, 62
Trd, 4318697.693, 63
Trd, 4318699.193, 60
Trd, 4318699.443, 62
Trd, 4318702.293, 61
Trd, 4318702.443, 63
Trd, 4318702.793, 60
Trd, 4318704.743, 67
Trd, 4318705.043, 60
Trd, 4318705.543, 60
Trd, 4318705.643, 63
Trd, 4318706.393, 64
Trd, 4318707.843, 60
Trd, 4318708.093, 60
Trd, 4318708.943, 66
Trd, 4318709.243, 64
Trd, 4318710.193, 140
Trd, 4318710.343, 71
Trd, 4318711.943, 61
Trd, 4318712.193, 61
Trd, 4318713.143, 60
Trd, 4318713.893, 62
Trd, 4318714.693, 60
Trd, 4318715.393, 62
Trd, 4318716.243, 63
Trd, 4318716.393, 62
Trd, 4318717.043, 61
Trd, 4318717.493, 138
Trd, 4318717.943, 140
Trd, 4318718.143, 139
Trd, 4318718.493, 61
Trd, 4318718.843, 61
Trd, 4318719.543, 99
Trd, 4318721.543, 60
Trd, 4318721.593, 60
Trd, 4318721.843, 61
Trd, 4318723.493, 63
Trd, 4318723.843, 60
Trd, 4318726.243, 60
Trd, 4318726.343, 61
Trd, 4318726.593, 61
Trd, 4318727.143, 64
Trd, 4318727.943, 61
Trd, 4318728.743, 60
Trd, 4318729.143, 64
Trd, 4318729.593, 64
Trd, 4318730.143, 60
Trd, 4318731.443, 60
Trd, 4318732.543, 61
Trd, 4318733.093, 60
Trd, 4318733.643, 62
Trd, 4318734.743, 60
Trd, 4318735.393, 60
Trd, 4318735.493, 61
Trd, 4318735.693, 60
Trd, 4318736.593, 67
Trd, 4318737.943, 60
Trd, 4318738.043, 62
Trd, 4318738.343, 63
Trd, 4318740.343, 60
Trd, 4318740.893, 60
Trd, 4318741.543, 60
Trd, 4318742.143, 61
Trd, 4318742.943, 61
Trd, 4318743.193, 61
Trd, 4318743.843, 63
Trd, 4318744.143, 61
Trd, 4318744.943, 63
Trd, 4318746.743, 60
Trd, 4318746.943, 60
Trd, 4318747.443, 60
Trd, 4318748.643, 60
Trd, 4318749.243, 60
Trd, 4318750.493, 60
Trd, 4318751.443, 62
Trd, 4318752.593, 60
Trd, 4318752.643, 64
Trd, 4318753.393, 60
Trd, 4318753.993, 61
Trd, 4318755.843, 60
Trd, 4318756.443, 60
Trd, 4318757.593, 60
Trd, 4318757.843, 61
Trd, 4318758.093, 62
Trd, 4318758.793, 65
Trd, 4318758.843, 65
Trd, 4318759.393, 63
Trd, 4318759.543, 131
Trd, 4318759.643, 64
Trd, 4318761.693, 140
Trd, 4318762.143, 140
Trd, 4318762.343, 138
Trd, 4318762.943, 136
Trd, 4318765.043, 60
Trd, 4318765.393, 61
Trd, 4318765.693, 60
Trd, 4318765.943, 63
Trd, 4318766.243, 64
Trd, 4318766.443, 140
Trd, 4318767.243, 60
Trd, 4318768.193, 122
Trd, 4318769.593, 68
Trd, 4318770.193, 65
Trd, 4318770.743, 137
Trd, 4318771.693, 139
Trd, 4318771.893, 130
Trd, 4318772.093, 139
Trd, 4318772.243, 60
Trd, 4318773.793, 65
Trd, 4318774.893, 140
Trd, 4318775.293, 140
Trd, 4318775.443, 140
Trd, 4318775.943, 140
Trd, 4318776.493, 140
Trd, 4318776.793, 139
Trd, 4318777.493, 98
Trd, 4318778.293, 64
Trd, 4318779.743, 140
Trd, 4318780.143, 140
Trd, 4318780.443, 140
Trd, 4318780.993, 140
Trd, 4318781.293, 117
Trd, 4318781.643, 140
Trd, 4318784.593, 140
Trd, 4318785.143, 140
Trd, 4318785.193, 140
Trd, 4318785.293, 139
Trd, 4318786.293, 139
Trd, 4318786.643, 140
Trd, 4318787.643, 140
Trd, 4318787.793, 140
Trd, 4318788.493, 137
Trd, 4318789.143, 140
Trd, 4318790.443, 140
Trd, 4318790.893, 140
Trd, 4318791.443, 140
Trd, 4318791.693, 140
Trd, 4318791.993, 140
Trd, 4318792.193, 140
Trd, 4318792.243, 74
Trd, 4318793.043, 61
Trd, 4318793.793, 140
Trd, 4318795.793, 139
Trd, 4318795.993, 140
Trd, 4318796.243, 137
Trd, 4318796.293, 116
Trd, 4318797.143, 139
Trd, 4318797.893, 137
Trd, 4318798.143, 136
Trd, 4318799.193, 98
Trd, 4318799.793, 97
Trd, 4318799.943, 114
Trd, 4318800.943, 63
Trd, 4318801.243, 139
Trd, 4318801.393, 129
Trd, 4318802.293, 138
Trd, 4318803.493, 140
Trd, 4318803.643, 139
Trd, 4318804.593, 132
Trd, 4318805.343, 64
Trd, 4318806.043, 62
Trd, 4318806.493, 140
Trd, 4318806.893, 138
Trd, 4318807.343, 63
Trd, 4318809.243, 140
Trd, 4318809.293, 140
Trd, 4318809.493, 138
Trd, 4318810.043, 121
Trd, 4318810.993, 62
Trd, 4318811.043, 69
Trd, 4318812.743, 64
Trd, 4318813.193, 62
Trd, 4318814.193, 64
Trd, 4318815.343, 60
Trd, 4318815.893, 64
Trd, 4318817.043, 60
Trd, 4318817.593, 60
Trd, 4318818.193, 62
Trd, 4318818.343, 62
Trd, 4318818.743, 61
Trd, 4318819.343, 92
Trd, 4318819.843, 60
Trd, 4318820.643, 68
Trd, 4318821.943, 60
Trd, 4318822.343, 60
Trd, 4318822.843, 60
Trd, 4318824.243, 62
Trd, 4318824.693, 63
Trd, 4318824.793, 60
Trd, 4318826.693, 60
Trd, 4318826.743, 60
Trd, 4318827.243, 60
Trd, 4318827.793, 89
Trd, 4318828.093, 138
Trd, 4318828.593, 60
Trd, 4318828.993, 68
Trd, 4318829.793, 131
Trd, 4318830.293, 62
Trd, 4318831.643, 62
Trd, 4318832.843, 61
Trd, 4318833.143, 61
Trd, 4318833.643, 62
Trd, 4318834.993, 63
Trd, 4318835.593, 62
Trd, 4318835.743, 63
Trd, 4318835.993, 62
Trd, 4318836.343, 139
Trd, 4318836.993, 140
Trd, 4318837.443, 140
Trd, 4318838.243, 140
Trd, 4318839.043, 140
Trd, 4318840.693, 140
Trd, 4318840.993, 140
Trd, 4318841.443, 140
Trd, 4318842.143, 140
Trd, 4318842.343, 138
Trd, 4318842.793, 118
Trd, 4318843.743, 140
Trd, 4318843.843, 140
Trd, 4318844.393, 140
Trd, 4318845.043, 139
Trd, 4318846.243, 138
Trd, 4318847.443, 140
Trd, 4318847.993, 139
Trd, 4318848.093, 80
Trd, 4318848.443, 140
Trd, 4318849.793, 84
Trd, 4318850.743, 105
Trd, 4318850.893, 140
Trd, 4318851.393, 140
Trd, 4318851.643, 139
Trd, 4318852.393, 140
Trd, 4318852.743, 140
Trd, 4318854.543, 135
Trd, 4318854.593, 133
Trd, 4318854.943, 140
Trd, 4318855.843, 139
Trd, 4318857.443, 61
Trd, 4318858.143, 140
Trd, 4318858.243, 136
Trd, 4318858.543, 136
Trd, 4318858.993, 138
Trd, 4318860.193, 139
Trd, 4318860.843, 140
Trd, 4318861.043, 110
Trd, 4318862.593, 140
Trd, 4318862.793, 140
Trd, 4318863.443, 140
Trd, 4318863.993, 138
Trd, 4318864.693, 122
Trd, 4318865.293, 140
Trd, 4318865.843, 139
Trd, 4318866.293, 92
Trd, 4318866.493, 128
Trd, 4318867.093, 90
Trd, 4318868.543, 63
Trd, 4318868.843, 123
Trd, 4318869.243, 60
Trd, 4318870.243, 137
Trd, 4318870.993, 137
Trd, 4318871.643, 65
Trd, 4318872.293, 69
Trd, 4318872.993, 139
Trd, 4318873.193, 140
Trd, 4318873.543, 140
Trd, 4318873.743, 63
Trd, 4318875.493, 61
Trd, 4318876.093, 139
Trd, 4318876.243, 138
Trd, 4318877.043, 140
Trd, 4318877.743, 140
Trd, 4318878.143, 140
Trd, 4318878.543, 139
Trd, 4318880.193, 60
Trd, 4318880.743, 137
Trd, 4318880.893, 136
Trd, 4318881.893, 140
Trd, 4318882.243, 140
Trd, 4318882.743, 140
Trd, 4318883.093, 135
Trd, 4318883.543, 63
Trd, 4318885.293, 60
Trd, 4318885.893, 74
Trd, 4318886.543, 74
Trd, 4318887.443, 75
Trd, 4318887.793, 140
Trd, 4318887.843, 74
Trd, 4318888.643, 103
Trd, 4318889.943, 60
Trd, 4318890.293, 60
Trd, 4318891.093, 63
Trd, 4318891.693, 61
Trd, 4318891.793, 63
Trd, 4318892.893, 63
Trd, 4318893.743, 61
Trd, 4318893.993, 66
Trd, 4318894.593, 140
Trd, 4318894.893, 134
Trd, 4318894.943, 133
Trd, 4318896.493, 140
Trd, 4318897.443, 140
Trd, 4318898.443, 140
Trd, 4318898.793, 140
Trd, 4318899.193, 82
Trd, 4318899.943, 94
Trd, 4318900.593, 71
Trd, 4318900.993, 63
Trd, 4318901.293, 140
Trd, 4318902.093, 60
Trd, 4318903.443, 61
Trd, 4318903.593, 65
Trd, 4318904.243, 88
Trd, 4318904.943, 61
Trd, 4318906.543, 78
Trd, 4318906.943, 62
Trd, 4318907.293, 140
Trd, 4318907.693, 140
Trd, 4318908.343, 140
Trd, 4318909.093, 140
Trd, 4318909.593, 139
Trd, 4318910.343, 61
Trd, 4318910.993, 140
Trd, 4318911.843, 140
Trd, 4318912.193, 140
Trd, 4318913.293, 140
Trd, 4318913.393, 140
Trd, 4318913.943, 139
Trd, 4318914.493, 139
Trd, 4318916.043, 139
Trd, 4318916.293, 128
Trd, 4318916.543, 101
Trd, 4318917.143, 140
Trd, 4318918.543, 60
Trd, 4318918.893, 61
Trd, 4318919.893, 140
Trd, 4318919.993, 139
Trd, 4318921.193, 140
Trd, 4318921.393, 140
Trd, 4318922.643, 140
Trd, 4318923.643, 140
Trd, 4318924.893, 140
Trd, 4318925.543, 140
Trd, 4318925.893, 140
Trd, 4318926.593, 139
Trd, 4318927.693, 139
Trd, 4318928.293, 139
Trd, 4318929.543, 140
Trd, 4318929.643, 140
Trd, 4318929.843, 140
Trd, 4318929.993, 139
Trd, 4318930.143, 140
Trd, 4318930.793, 139
Trd, 4318931.993, 139
Trd, 4318932.593, 138
Trd, 4318933.443, 139
Trd, 4318933.943, 138
Trd, 4318934.593, 90
Trd, 4318934.893, 79
Trd, 4318935.143, 66
Trd, 4318935.293, 107
Trd, 4318936.243, 66
Trd, 4318936.893, 140
Trd, 4318936.943, 140
Trd, 4318938.293, 79
Trd, 4318938.493, 98
Trd, 4318939.293, 60
Trd, 4318939.443, 63
Trd, 4318941.043, 60
Trd, 4318941.693, 66
Trd, 4318942.493, 63
Trd, 4318943.393, 62
Trd, 4318944.343, 60
Trd, 4318944.693, 60
Trd, 4318945.593, 62
Trd, 4318946.093, 60
Trd, 4318946.793, 60
Trd, 4318947.343, 60
Trd, 4318947.643, 61
Trd, 4318948.043, 63
Trd, 4318948.793, 60
Trd, 4318949.443, 84
Trd, 4318949.693, 83
Trd, 4318950.693, 62
Trd, 4318951.443, 140
Trd, 4318951.743, 139
Trd, 4318952.093, 139
Trd, 4318952.193, 136
Trd, 4318952.993, 63
Trd, 4318953.243, 140
Trd, 4318954.393, 61
Trd, 4318954.893, 60
Trd, 4318955.493, 139
Trd, 4318955.843, 140
Trd, 4318956.093, 134
Trd, 4318956.643, 140
Trd, 4318957.193, 139
Trd, 4318957.793, 91
Trd, 4318958.343, 140
Trd, 4318959.093, 140
Trd, 4318960.443, 140
Trd, 4318962.343, 140
Trd, 4318962.493, 140
Trd, 4318963.293, 61
Trd, 4318964.093, 66
Trd, 4318964.543, 61
Trd, 4318964.943, 60
Trd, 4318965.043, 138
Trd, 4318965.793, 60
Trd, 4318966.793, 60
Trd, 4318967.443, 76
Trd, 4318967.843, 140
Trd, 4318968.043, 92
Trd, 4318968.993, 136
Trd, 4318969.493, 79
Trd, 4318969.693, 77
Trd, 4318971.193, 60
Trd, 4318971.643, 60
Trd, 4318971.693, 62
Trd, 4318972.443, 61
Trd, 4318972.993, 66
Trd, 4318974.193, 106
Trd, 4318974.243, 105
Trd, 4318975.543, 140
Trd, 4318977.043, 140
Trd, 4318977.243, 140
Trd, 4318977.493, 140
Trd, 4318977.743, 138
Trd, 4318977.993, 123
Trd, 4318978.643, 140
Trd, 4318980.093, 139
Trd, 4318980.993, 139
Trd, 4318981.093, 136
Trd, 4318981.143, 135
Trd, 4318981.693, 109
Trd, 4318981.793, 108
Trd, 4318982.743, 68
Trd, 4318982.943, 110
Trd, 4318983.943, 140
Trd, 4318985.293, 140
Trd, 4318985.593, 140
Trd, 4318986.193, 140
Trd, 4318986.893, 138
Trd, 4318986.993, 127
Trd, 4318987.893, 140
Trd, 4318988.393, 140
Trd, 4318989.043, 138
Trd, 4318990.843, 140
Trd, 4318991.693, 140
Trd, 4318992.043, 140
Trd, 4318992.343, 140
Trd, 4318992.693, 140
Trd, 4318992.743, 140
Trd, 4318993.043, 140
Trd, 4318993.943, 140
Trd, 4318995.243, 140
Trd, 4318995.693, 60
Trd, 4318997.143, 140
Trd, 4318997.293, 140
Trd, 4318997.593, 140
Trd, 4318998.343, 139
Trd, 4319000.043, 140
Trd, 4319000.393, 140
Trd, 4319000.793, 138
Trd, 4319001.793, 136
Trd, 4319002.443, 140
Trd, 4319003.143, 136
Trd, 4319003.193, 117
Trd, 4319004.743, 140
Trd, 4319005.043, 140
Trd, 4319005.193, 140
Trd, 4319006.043, 140
Trd, 4319006.143, 140
Trd, 4319006.393, 140
Trd, 4319007.793, 140
Trd, 4319007.893, 139
Trd, 4319009.243, 140
Trd, 4319009.443, 112
Trd, 4319009.993, 65
Trd, 4319010.143, 135
Trd, 4319011.043, 61
Trd, 4319011.243, 62
Trd, 4319012.493, 140
Trd, 4319012.893, 140
Trd, 4319013.693, 140
Trd, 4319014.093, 139
Trd, 4319014.943, 140
Trd, 4319015.443, 140
Trd, 4319016.693, 140
Trd, 4319016.993, 140
Trd, 4319018.243, 140
Trd, 4319018.793, 135
Trd, 4319019.093, 125
Trd, 4319020.093, 139
Trd, 4319021.193, 139
Trd, 4319021.293, 140
Trd, 4319021.493, 139
Trd, 4319022.143, 139
Trd, 4319022.193, 137
Trd, 4319022.293, 80
Trd, 4319023.543, 88
Trd, 4319024.293, 140
Trd, 4319024.443, 139
Trd, 4319025.293, 140
Trd, 4319026.793, 140
Trd, 4319026.943, 138
Trd, 4319027.693, 85
Trd, 4319028.743, 140
Trd, 4319028.843, 139
Trd, 4319029.743, 62
Trd, 4319030.193, 61
Trd, 4319030.343, 68
Trd, 4319030.993, 136
Trd, 4319031.843, 140
Trd, 4319031.993, 93
Trd, 4319032.843, 60
Trd, 4319033.143, 65
Trd, 4319034.293, 140
Trd, 4319035.093, 140
Trd, 4319035.443, 140
Trd, 4319037.693, 60
Trd, 4319038.143, 61
Trd, 4319038.243, 64
Trd, 4319038.843, 63
Trd, 4319041.293, 61
Trd, 4319041.443, 61
Trd, 4319041.643, 61
Trd, 4319041.943, 63
Trd, 4319042.643, 60
Trd, 4319043.693, 60
Trd, 4319045.293, 62
Trd, 4319045.343, 62
Trd, 4319045.943, 67
Trd, 4319046.393, 134
Trd, 4319046.843, 66
Trd, 4319047.343, 137
Trd, 4319047.543, 61
Trd, 4319048.043, 140
Trd, 4319048.643, 61
Trd, 4319050.893, 140
Trd, 4319051.093, 140
Trd, 4319051.243, 140
Trd, 4319051.343, 139
Trd, 4319051.943, 139
Trd, 4319052.243, 67
Trd, 4319054.593, 72
Trd, 4319054.943, 136
Trd, 4319055.743, 140
Trd, 4319055.993, 140
Trd, 4319056.543, 140
Trd, 4319056.693, 139
Trd, 4319056.743, 107
Trd, 4319056.793, 98
Trd, 4319058.393, 140
Trd, 4319059.043, 140
Trd, 4319059.343, 140
Trd, 4319060.793, 140
Trd, 4319060.843, 140
Trd, 4319061.243, 139
Trd, 4319062.043, 140
Trd, 4319062.243, 138
Trd, 4319064.393, 140
Trd, 4319065.093, 140
Trd, 4319065.293, 140
Trd, 4319065.893, 140
Trd, 4319066.093, 140
Trd, 4319066.243, 139
Trd, 4319066.943, 140
Trd, 4319067.593, 68
Trd, 4319067.893, 140
Trd, 4319068.443, 140
Trd, 4319069.343, 140
Trd, 4319070.693, 140
Trd, 4319071.643, 140
Trd, 4319072.193, 140
Trd, 4319072.943, 139
Trd, 4319073.293, 140
Trd, 4319074.343, 140
Trd, 4319075.443, 140
Trd, 4319076.943, 140
Trd, 4319077.543, 140
Trd, 4319078.043, 140
Trd, 4319078.543, 140
Trd, 4319078.693, 139
Trd, 4319079.493, 140
Trd, 4319079.943, 139
Trd, 4319080.543, 139
Trd, 4319081.693, 139
Trd, 4319081.893, 138
Trd, 4319082.543, 139
Trd, 4319083.043, 140
Trd, 4319083.443, 137
Trd, 4319085.893, 140
Trd, 4319086.293, 139
Trd, 4319086.493, 140
Trd, 4319088.343, 140
Trd, 4319088.443, 140
Trd, 4319088.843, 140
Trd, 4319088.943, 130
Trd, 4319090.093, 140
Trd, 4319090.293, 140
Trd, 4319091.443, 125
Trd, 4319092.743, 140
Trd, 4319093.393, 140
Trd, 4319093.693, 140
Trd, 4319093.793, 139
Trd, 4319096.693, 140
Trd, 4319096.793, 140
Trd, 4319097.393, 140
Trd, 4319097.593, 63
Trd, 4319098.143, 140
Trd, 4319098.393, 120
Trd, 4319099.293, 119
Trd, 4319099.743, 140
Trd, 4319100.043, 140
Trd, 4319100.743, 140
Trd, 4319100.943, 107
Trd, 4319102.643, 140
Trd, 4319102.693, 139
Trd, 4319103.943, 140
Trd, 4319103.993, 73
Trd, 4319104.693, 139
Trd, 4319105.443, 140
Trd, 4319106.693, 140
Trd, 4319106.743, 139
Trd, 4319107.493, 137
Trd, 4319108.193, 140
Trd, 4319108.993, 64
Trd, 4319109.843, 60
Trd, 4319111.143, 140
Trd, 4319111.543, 79
Trd, 4319112.743, 62
Trd, 4319113.643, 63
Trd, 4319113.843, 138
Trd, 4319114.193, 139
Trd, 4319114.343, 138
Trd, 4319115.343, 140
Trd, 4319115.393, 89
Trd, 4319116.243, 64
Trd, 4319116.893, 63
Trd, 4319117.193, 137
Trd, 4319117.843, 82
Trd, 4319118.393, 78
Trd, 4319119.943, 140
Trd, 4319119.993, 140
Trd, 4319120.443, 119
Trd, 4319120.993, 60
Trd, 4319122.243, 64
Trd, 4319122.993, 83
Trd, 4319123.243, 139
Trd, 4319123.293, 121
Trd, 4319124.543, 62
Trd, 4319124.643, 62
Trd, 4319124.843, 63
Trd, 4319126.543, 139
Trd, 4319126.743, 66
Trd, 4319127.693, 61
Trd, 4319128.693, 62
Trd, 4319128.893, 62
Trd, 4319129.593, 63
Trd, 4319131.893, 61
Trd, 4319133.543, 60
Trd, 4319133.693, 62
Trd, 4319134.393, 60
Trd, 4319134.893, 60
Trd, 4319135.143, 60
Trd, 4319135.643, 63
Trd, 4319136.293, 60
Trd, 4319137.043, 60
Trd, 4319137.193, 61
Trd, 4319137.293, 62
Trd, 4319138.793, 65
Trd, 4319139.193, 60
Trd, 4319140.143, 60
Trd, 4319141.443, 62
Trd, 4319142.093, 61
Trd, 4319142.143, 62
Trd, 4319142.893, 61
Trd, 4319144.043, 64
Trd, 4319144.993, 60
Trd, 4319145.393, 60
Trd, 4319146.943, 60
Trd, 4319147.193, 62
Trd, 4319147.293, 64
Trd, 4319147.943, 61
Trd, 4319149.693, 61
Trd, 4319150.293, 60
Trd, 4319151.193, 62
Trd, 4319151.593, 68
Trd, 4319151.643, 72
Trd, 4319152.793, 61
Trd, 4319155.043, 60
Trd, 4319155.343, 63
Trd, 4319155.643, 76
Trd, 4319156.093, 80
Trd, 4319156.293, 114
Trd, 4319157.843, 140
Trd, 4319158.043, 140
Trd, 4319158.593, 140
Trd, 4319158.693, 140
Trd, 4319159.193, 140
Trd, 4319159.643, 138
Trd, 4319160.143, 63
Trd, 4319160.993, 140
Trd, 4319161.893, 140
Trd, 4319162.143, 140
Trd, 4319163.443, 139
Trd, 4319163.743, 140
Trd, 4319163.893, 139
Trd, 4319164.543, 68
Trd, 4319165.793, 114
Trd, 4319166.343, 114
Trd, 4319166.643, 60
Trd, 4319167.843, 140
Trd, 4319169.493, 140
Trd, 4319169.843, 140
Trd, 4319169.943, 137
Trd, 4319170.843, 63
Trd, 4319171.243, 64
Trd, 4319171.493, 122
Trd, 4319171.943, 62
Trd, 4319172.193, 60
Trd, 4319172.743, 140
Trd, 4319173.193, 140
Trd, 4319173.793, 70
Trd, 4319175.393, 71
Trd, 4319176.643, 140
Trd, 4319176.793, 139
Trd, 4319176.943, 138
Trd, 4319177.343, 137
Trd, 4319178.093, 120
Trd, 4319178.793, 99
Trd, 4319179.093, 140
Trd, 4319180.243, 140
Trd, 4319180.343, 140
Trd, 4319182.493, 140
Trd, 4319182.593, 140
Trd, 4319182.693, 139
Trd, 4319183.343, 138
Trd, 4319183.643, 137
Trd, 4319184.893, 140
Trd, 4319185.093, 140
Trd, 4319186.043, 140
Trd, 4319187.693, 140
Trd, 4319188.543, 140
Trd, 4319188.643, 140
Trd, 4319188.893, 140
Trd, 4319189.693, 140
Trd, 4319190.443, 61
Trd, 4319190.743, 61
Trd, 4319190.893, 82
Trd, 4319191.943, 68
Trd, 4319192.343, 97
Trd, 4319192.993, 62
Trd, 4319193.343, 61
Trd, 4319194.243, 138
Trd, 4319194.893, 140
Trd, 4319195.393, 140
Trd, 4319196.343, 140
Trd, 4319197.743, 140
Trd, 4319197.793, 138
Trd, 4319199.143, 140
Trd, 4319199.493, 114
Trd, 4319199.693, 113
Trd, 4319200.793, 61
Trd, 4319201.093, 62
Trd, 4319201.493, 140
Trd, 4319201.743, 138
Trd, 4319202.543, 140
Trd, 4319204.093, 140
Trd, 4319204.293, 140
Trd, 4319205.093, 128
Trd, 4319205.393, 132
Trd, 4319205.943, 102
Trd, 4319206.043, 99
Trd, 4319206.743, 133
Trd, 4319206.943, 64
Trd, 4319208.443, 140
Trd, 4319208.943, 140
Trd, 4319208.993, 140
Trd, 4319210.143, 140
Trd, 4319210.943, 140
Trd, 4319211.343, 140
Trd, 4319212.893, 140
Trd, 4319213.393, 140
Trd, 4319214.243, 138
Trd, 4319214.943, 140
Trd, 4319215.143, 140
Trd, 4319216.193, 122
Trd, 4319216.543, 140
Trd, 4319216.743, 140
Trd, 4319217.143, 121
Trd, 4319218.793, 138
Trd, 4319219.193, 140
Trd, 4319219.243, 99
Trd, 4319220.343, 140
Trd, 4319220.643, 139
Trd, 4319220.743, 77
Trd, 4319221.993, 63
Trd, 4319222.743, 60
Trd, 4319222.943, 65
Trd, 4319223.193, 69
Trd, 4319224.193, 139
Trd, 4319224.943, 60
Trd, 4319226.043, 63
Trd, 4319227.843, 61
Trd, 4319227.993, 65
Trd, 4319228.443, 139
Trd, 4319229.993, 140
Trd, 4319230.293, 140
Trd, 4319230.393, 140
Trd, 4319230.743, 138
Trd, 4319231.943, 140
Trd, 4319232.143, 140
Trd, 4319232.343, 120
Trd, 4319233.093, 140
Trd, 4319233.893, 140
Trd, 4319234.043, 105
Trd, 4319236.143, 139
Trd, 4319236.393, 134
Trd, 4319236.543, 139
Trd, 4319238.743, 62
Trd, 4319238.843, 61
Trd, 4319239.393, 70
Trd, 4319239.643, 82
Trd, 4319240.493, 60
Trd, 4319240.843, 65
Trd, 4319241.343, 65
Trd, 4319242.193, 139
Trd, 4319244.643, 60
Trd, 4319245.293, 62
Trd, 4319246.093, 64
Trd, 4319246.443, 72
Trd, 4319246.693, 60
Trd, 4319247.493, 65
Trd, 4319247.743, 87
Trd, 4319248.093, 139
Trd, 4319248.893, 140
Trd, 4319249.593, 137
Trd, 4319250.893, 140
Trd, 4319251.293, 140
Trd, 4319253.193, 140
Trd, 4319253.793, 140
Trd, 4319254.493, 140
Trd, 4319254.743, 140
Trd, 4319255.893, 140
Trd, 4319256.043, 140
Trd, 4319256.493, 140
Trd, 4319258.043, 140
Trd, 4319258.593, 140
Trd, 4319258.693, 140
Trd, 4319258.843, 137
Trd, 4319259.443, 97
Trd, 4319261.043, 135
Trd, 4319261.443, 117
Trd, 4319262.393, 140
Trd, 4319262.593, 138
Trd, 4319262.993, 112
Trd, 4319263.193, 64
Trd, 4319264.143, 64
Trd, 4319264.993, 140
Trd, 4319266.243, 140
Trd, 4319266.593, 138
Trd, 4319267.743, 139
Trd, 4319267.993, 139
Trd, 4319268.343, 121
Trd, 4319269.743, 140
Trd, 4319269.843, 140
Trd, 4319270.393, 139
Trd, 4319270.493, 70
Trd, 4319270.993, 140
Trd, 4319272.543, 61
Trd, 4319272.843, 60
Trd, 4319274.093, 60
Trd, 4319275.693, 63
Trd, 4319276.543, 64
Trd, 4319276.693, 64
Trd, 4319277.293, 65
Trd, 4319277.743, 70
Trd, 4319278.093, 63
Trd, 4319278.893, 140
Trd, 4319280.143, 140
Trd, 4319280.343, 140
Trd, 4319280.793, 139
Trd, 4319281.593, 140
Trd, 4319282.543, 140
Trd, 4319283.093, 139
Trd, 4319283.643, 140
Trd, 4319283.843, 138
Trd, 4319284.343, 116
Trd, 4319285.143, 140
Trd, 4319285.293, 140
Trd, 4319285.443, 72
Trd, 4319286.743, 140
Trd, 4319286.843, 140
Trd, 4319287.393, 139
Trd, 4319288.093, 140
Trd, 4319288.893, 139
Trd, 4319289.393, 133
Trd, 4319290.393, 63
Trd, 4319290.743, 60
Trd, 4319290.993, 107
Trd, 4319291.643, 61
Trd, 4319292.543, 137
Trd, 4319293.243, 95
Trd, 4319293.393, 93
Trd, 4319294.393, 140
Trd, 4319294.793, 140
Trd, 4319295.643, 139
Trd, 4319296.743, 139
Trd, 4319297.643, 140
Trd, 4319299.093, 139
Trd, 4319299.493, 140
Trd, 4319300.393, 140
Trd, 4319300.493, 140
Trd, 4319301.393, 138
Trd, 4319301.643, 135
Trd, 4319302.493, 140
Trd, 4319302.693, 139
Trd, 4319302.843, 137
Trd, 4319304.143, 67
Trd, 4319304.743, 139
Trd, 4319305.893, 123
Trd, 4319306.443, 64
Trd, 4319306.493, 65
Trd, 4319307.093, 61
Trd, 4319307.393, 62
Trd, 4319307.693, 60
Trd, 4319308.793, 66
Trd, 4319309.443, 86
Trd, 4319310.243, 140
Trd, 4319311.343, 140
Trd, 4319311.393, 140
Trd, 4319312.193, 140
Trd, 4319312.443, 140
Trd, 4319312.993, 140
Trd, 4319313.793, 139
Trd, 4319313.943, 140
Trd, 4319314.143, 137
Trd, 4319315.293, 139
Trd, 4319316.243, 94
Trd, 4319316.793, 135
Trd, 4319317.243, 102
Trd, 4319318.543, 140
Trd, 4319318.743, 140
Trd, 4319318.793, 137
Trd, 4319320.093, 140
Trd, 4319320.743, 140
Trd, 4319320.793, 74
Trd, 4319321.193, 88
Trd, 4319322.243, 139
Trd, 4319322.743, 90
Trd, 4319324.893, 135
Trd, 4319325.193, 60
Trd, 4319326.093, 62
Trd, 4319326.443, 137
Trd, 4319326.743, 137
Trd, 4319327.393, 140
Trd, 4319329.143, 140
Trd, 4319329.793, 140
Trd, 4319329.943, 140
Trd, 4319330.793, 76
Trd, 4319331.393, 139
Trd, 4319331.593, 110
Trd, 4319332.093, 137
Trd, 4319333.193, 138
Trd, 4319334.943, 64
Trd, 4319335.393, 61
Trd, 4319335.643, 106
Trd, 4319337.243, 140
Trd, 4319337.293, 140
Trd, 4319337.893, 113
Trd, 4319337.993, 112
Trd, 4319338.993, 60
Trd, 4319339.143, 63
Trd, 4319340.193, 61
Trd, 4319340.693, 61
Trd, 4319340.843, 69
Trd, 4319342.043, 66
Trd, 4319343.293, 63
Trd, 4319343.843, 63
Trd, 4319343.943, 68
Trd, 4319344.193, 70
Trd, 4319346.643, 60
Trd, 4319347.043, 61
Trd, 4319347.243, 70
Trd, 4319347.993, 69
Trd, 4319348.643, 138
Trd, 4319348.843, 64
Trd, 4319349.393, 60
Trd, 4319349.693, 63
Trd, 4319350.543, 62
Trd, 4319351.593, 62
Trd, 4319352.243, 106
Trd, 4319352.493, 105
Trd, 4319353.243, 60
Trd, 4319354.693, 76
Trd, 4319355.593, 60
Trd, 4319356.693, 60
Trd, 4319357.493, 60
Trd, 4319357.843, 62
Trd, 4319358.493, 64
Trd, 4319359.243, 65
Trd, 4319359.793, 67
Trd, 4319360.893, 61
Trd, 4319362.093, 60
Trd, 4319363.043, 61
Trd, 4319363.293, 62
Trd, 4319363.493, 62
Trd, 4319364.093, 62
Trd, 4319364.193, 63
Trd, 4319364.993, 62
Trd, 4319365.393, 64
Trd, 4319365.743, 64
Trd, 4319367.193, 140
Trd, 4319367.343, 139
Trd, 4319367.493, 139
Trd, 4319367.643, 90
Trd, 4319368.793, 86
Trd, 4319368.943, 61
Trd, 4319369.343, 60
Trd, 4319369.893, 63
Trd, 4319372.393, 60
Trd, 4319372.643, 62
Trd, 4319373.493, 140
Trd, 4319373.743, 140
Trd, 4319373.893, 139
Trd, 4319374.693, 140
Trd, 4319375.243, 138
Trd, 4319375.343, 138
Trd, 4319375.543, 93
Trd, 4319376.343, 93
Trd, 4319376.893, 139
Trd, 4319377.693, 140
Trd, 4319378.693, 140
Trd, 4319379.693, 140
Trd, 4319379.893, 140
Trd, 4319380.993, 140
Trd, 4319381.043, 126
Trd, 4319382.343, 140
Trd, 4319383.193, 140
Trd, 4319383.393, 140
Trd, 4319383.443, 140
Trd, 4319384.343, 140
Trd, 4319384.943, 112
Trd, 4319385.393, 135
Trd, 4319385.543, 140
Trd, 4319386.543, 138
Trd, 4319386.593, 137
Trd, 4319387.243, 134
Trd, 4319388.443, 140
Trd, 4319388.893, 139
Trd, 4319389.393, 140
Trd, 4319390.943, 140
Trd, 4319391.693, 140
Trd, 4319392.143, 140
Trd, 4319392.543, 140
Trd, 4319392.643, 140
Trd, 4319393.143, 140
Trd, 4319393.643, 140
Trd, 4319395.143, 140
Trd, 4319395.743, 140
Trd, 4319396.043, 139
Trd, 4319397.843, 140
Trd, 4319398.093, 140
Trd, 4319398.343, 140
Trd, 4319398.943, 140
Trd, 4319399.493, 139
Trd, 4319399.693, 139
Trd, 4319399.893, 94
Trd, 4319400.743, 132
Trd, 4319400.843, 72
Trd, 4319401.643, 66
Trd, 4319401.993, 140
Trd, 4319402.293, 140
Trd, 4319403.743, 140
Trd, 4319403.993, 140
Trd, 4319404.143, 140
Trd, 4319405.093, 140
Trd, 4319407.143, 139
Trd, 4319407.243, 139
Trd, 4319407.743, 140
Trd, 4319408.043, 139
Trd, 4319408.493, 140
Trd, 4319410.043, 140
Trd, 4319410.293, 140
Trd, 4319410.993, 140
Trd, 4319411.893, 140
Trd, 4319411.943, 140
Trd, 4319412.193, 138
Trd, 4319412.893, 138
Trd, 4319413.843, 138
Trd, 4319414.193, 136
Trd, 4319414.543, 139
Trd, 4319414.893, 93
Trd, 4319416.043, 60
Trd, 4319416.493, 64
Trd, 4319417.093, 140
Trd, 4319418.193, 139
Trd, 4319418.393, 67
Trd, 4319419.743, 63
Trd, 4319420.143, 63
Trd, 4319420.893, 140
Trd, 4319422.093, 140
Trd, 4319422.143, 140
Trd, 4319422.793, 140
Trd, 4319423.293, 140
Trd, 4319423.493, 139
Trd, 4319423.843, 75
Trd, 4319424.543, 63
Trd, 4319425.943, 61
Trd, 4319426.743, 63
Trd, 4319427.093, 140
Trd, 4319427.593, 63
Trd, 4319427.893, 62
Trd, 4319429.443, 64
Trd, 4319429.693, 135
Trd, 4319430.543, 62
Trd, 4319431.243, 62
Trd, 4319431.693, 138
Trd, 4319431.943, 139
Trd, 4319433.843, 137
Trd, 4319434.493, 131
Trd, 4319434.843, 140
Trd, 4319435.443, 138
Trd, 4319435.793, 139
Trd, 4319436.093, 132
Trd, 4319436.943, 140
Trd, 4319437.843, 140
Trd, 4319438.493, 64
Trd, 4319439.193, 67
Trd, 4319439.343, 64
Trd, 4319440.243, 62
Trd, 4319440.543, 111
Trd, 4319441.043, 61
Trd, 4319441.443, 134
Trd, 4319442.143, 140
Trd, 4319442.593, 63
Trd, 4319443.193, 60
Trd, 4319444.093, 61
Trd, 4319445.193, 62
Trd, 4319445.243, 62
Trd, 4319445.743, 61
Trd, 4319446.343, 140
Trd, 4319446.993, 67
Trd, 4319448.193, 65
Trd, 4319448.393, 62
Trd, 4319448.843, 85
Trd, 4319449.093, 88
Trd, 4319450.293, 60
Trd, 4319450.393, 64
Trd, 4319451.143, 65
Trd, 4319452.293, 62
Trd, 4319453.443, 62
Trd, 4319453.843, 63
Trd, 4319454.943, 60
Trd, 4319456.493, 60
Trd, 4319457.243, 60
Trd, 4319457.393, 60
Trd, 4319459.243, 60
Trd, 4319459.643, 60
Trd, 4319459.943, 61
Trd, 4319460.093, 63
Trd, 4319460.943, 67
Trd, 4319461.043, 68
Trd, 4319461.093, 71
Trd, 4319461.493, 60
Trd, 4319462.643, 125
Trd, 4319463.993, 63
Trd, 4319464.993, 60
Trd, 4319465.643, 60
Trd, 4319465.743, 62
Trd, 4319465.943, 63
Trd, 4319466.393, 65
Trd, 4319467.543, 108
Trd, 4319468.643, 60
Trd, 4319468.843, 62
Trd, 4319470.043, 60
Trd, 4319471.043, 64
Trd, 4319472.393, 62
Trd, 4319473.143, 67
Trd, 4319474.143, 67
Trd, 4319474.793, 60
Trd, 4319474.843, 62
Trd, 4319475.693, 68
Trd, 4319476.893, 60
Trd, 4319477.043, 63
Trd, 4319477.493, 65
Trd, 4319477.943, 62
Trd, 4319479.293, 60
Trd, 4319480.993, 60
Trd, 4319481.743, 61
Trd, 4319482.793, 60
Trd, 4319482.943, 63
Trd, 4319483.143, 60
Trd, 4319483.693, 64
Trd, 4319484.293, 60
Trd, 4319484.943, 139
Trd, 4319485.043, 113
Trd, 4319487.093, 61
Trd, 4319487.343, 62
Trd, 4319488.343, 64
Trd, 4319488.393, 88
Trd, 4319489.343, 65
Trd, 4319490.093, 139
Trd, 4319490.243, 138
Trd, 4319490.543, 137
Trd, 4319491.443, 65
Trd, 4319491.643, 66
Trd, 4319492.993, 140
Trd, 4319493.743, 139
Trd, 4319494.193, 64
Trd, 4319495.543, 62
Trd, 4319496.693, 60
Trd, 4319497.143, 64
Trd, 4319497.743, 63
Trd, 4319498.043, 61
Trd, 4319498.643, 60
Trd, 4319498.743, 62
Trd, 4319498.993, 138
Trd, 4319499.643, 97
Trd, 4319500.393, 140
Trd, 4319501.543, 139
Trd, 4319502.393, 140
Trd, 4319502.443, 139
Trd, 4319502.743, 139
Trd, 4319503.143, 138
Trd, 4319503.293, 137
Trd, 4319503.593, 135
Trd, 4319504.643, 140
Trd, 4319504.793, 139
Trd, 4319505.743, 140
Trd, 4319505.943, 65
Trd, 4319507.943, 139
Trd, 4319508.143, 138
Trd, 4319508.443, 140
Trd, 4319509.643, 63
Trd, 4319509.843, 75
Trd, 4319510.393, 140
Trd, 4319510.893, 136
Trd, 4319512.443, 140
Trd, 4319512.643, 140
Trd, 4319513.843, 140
Trd, 4319514.593, 140
Trd, 4319514.993, 140
Trd, 4319515.393, 139
Trd, 4319515.943, 139
Trd, 4319516.093, 138
Trd, 4319516.793, 71
Trd, 4319517.293, 69
Trd, 4319517.593, 95
Trd, 4319517.643, 73
Trd, 4319520.193, 140
Trd, 4319520.393, 140
Trd, 4319521.043, 140
Trd, 4319521.693, 139
Trd, 4319522.093, 139
Trd, 4319522.593, 103
Trd, 4319524.093, 140
Trd, 4319524.243, 139
Trd, 4319525.093, 139
Trd, 4319526.243, 112
Trd, 4319526.543, 110
Trd, 4319527.193, 140
Trd, 4319527.493, 140
Trd, 4319527.593, 139
Trd, 4319528.143, 140
Trd, 4319528.193, 140
Trd, 4319529.793, 138
Trd, 4319530.443, 139
Trd, 4319531.293, 140
Trd, 4319532.143, 140
Trd, 4319533.843, 140
Trd, 4319534.143, 140
Trd, 4319534.643, 139
Trd, 4319535.243, 140
Trd, 4319536.143, 140
Trd, 4319536.443, 140
Trd, 4319536.743, 140
Trd, 4319536.893, 138
Trd, 4319538.643, 140
Trd, 4319538.693, 140
Trd, 4319538.743, 137
Trd, 4319539.893, 140
Trd, 4319540.593, 140
Trd, 4319541.143, 140
Trd, 4319542.193, 140
Trd, 4319542.593, 140
Trd, 4319543.693, 140
Trd, 4319544.843, 140
Trd, 4319544.893, 140
Trd, 4319545.443, 139
Trd, 4319546.093, 137
Trd, 4319546.793, 60
Trd, 4319546.843, 66
Trd, 4319549.243, 60
Trd, 4319549.643, 63
Trd, 4319550.193, 60
Trd, 4319550.293, 62
Trd, 4319550.543, 61
Trd, 4319551.043, 64
Trd, 4319552.693, 63
Trd, 4319553.043, 64
Trd, 4319554.043, 140
Trd, 4319554.243, 140
Trd, 4319554.993, 140
Trd, 4319555.493, 121
Trd, 4319556.093, 139
Trd, 4319557.343, 134
Trd, 4319557.743, 124
Trd, 4319557.943, 123
Trd, 4319558.443, 140
Trd, 4319558.543, 138
Trd, 4319560.043, 139
Trd, 4319560.743, 60
Trd, 4319560.793, 62
Trd, 4319562.343, 61
Trd, 4319563.443, 63
Trd, 4319563.893, 64
Trd, 4319564.843, 63
Trd, 4319565.293, 65
Trd, 4319567.143, 60
Trd, 4319567.843, 69
Trd, 4319568.593, 68
Trd, 4319569.343, 64
Trd, 4319570.493, 60
Trd, 4319571.743, 60
Trd, 4319572.443, 62
Trd, 4319573.493, 61
Trd, 4319574.443, 61
Trd, 4319575.393, 60
Trd, 4319575.693, 61
Trd, 4319576.693, 60
Trd, 4319576.993, 63
Trd, 4319577.793, 60
Trd, 4319578.093, 64
Trd, 4319578.193, 77
Trd, 4319578.893, 140
Trd, 4319579.193, 62
Trd, 4319579.243, 61
Trd, 4319580.443, 140
Trd, 4319581.043, 87
Trd, 4319581.693, 95
Trd, 4319582.943, 137
Trd, 4319584.443, 61
Trd, 4319584.593, 62
Trd, 4319584.743, 64
Trd, 4319585.343, 60
Trd, 4319586.693, 66
Trd, 4319587.693, 63
Trd, 4319587.943, 60
Trd, 4319588.093, 63
Trd, 4319588.793, 60
Trd, 4319588.993, 61
Trd, 4319591.993, 60
Trd, 4319592.243, 60
Trd, 4319592.543, 62
Trd, 4319593.643, 60
Trd, 4319594.793, 60
Trd, 4319595.093, 61
Trd, 4319595.893, 61
Trd, 4319596.093, 60
Trd, 4319596.293, 64
Trd, 4319596.993, 65
Trd, 4319597.343, 62
Trd, 4319597.893, 60
Trd, 4319598.943, 62
Trd, 4319599.243, 61
Trd, 4319600.643, 61
Trd, 4319601.643, 61
Trd, 4319601.743, 63
Trd, 4319602.043, 140
Trd, 4319602.243, 140
Trd, 4319602.593, 140
Trd, 4319603.343, 60
Trd, 4319604.343, 140
Trd, 4319605.493, 66
Trd, 4319605.943, 65
Trd, 4319606.193, 69
Trd, 4319607.343, 64
Trd, 4319607.943, 138
Trd, 4319608.543, 138
Trd, 4319609.143, 67
Trd, 4319609.893, 61
Trd, 4319610.743, 107
Trd, 4319610.943, 108
Trd, 4319612.143, 140
Trd, 4319612.893, 139
Trd, 4319613.093, 140
Trd, 4319613.593, 140
Trd, 4319614.593, 140
Trd, 4319614.893, 140
Trd, 4319616.493, 140
Trd, 4319616.943, 140
Trd, 4319617.643, 140
Trd, 4319617.943, 140
Trd, 4319617.993, 139
Trd, 4319618.743, 140
Trd, 4319619.043, 140
Trd, 4319619.393, 138
Trd, 4319620.293, 140
Trd, 4319621.743, 60
Trd, 4319622.343, 61
Trd, 4319622.443, 61
Trd, 4319624.093, 65
Trd, 4319624.243, 64
Trd, 4319625.643, 62
Trd, 4319625.743, 69
Trd, 4319625.843, 71
Trd, 4319626.893, 64
Trd, 4319627.043, 62
Trd, 4319629.293, 140
Trd, 4319629.993, 140
Trd, 4319630.493, 140
Trd, 4319630.543, 140
Trd, 4319631.193, 138
Trd, 4319631.243, 137
Trd, 4319632.443, 64
Trd, 4319633.393, 140
Trd, 4319634.643, 140
Trd, 4319636.243, 140
Trd, 4319637.193, 140
Trd, 4319637.293, 140
Trd, 4319637.443, 140
Trd, 4319638.243, 75
Trd, 4319638.493, 140
Trd, 4319639.193, 140
Trd, 4319639.243, 140
Trd, 4319639.943, 140
Trd, 4319640.593, 69
Trd, 4319640.843, 62
Trd, 4319641.993, 139
Trd, 4319642.593, 75
Trd, 4319643.243, 63
Trd, 4319643.743, 64
Trd, 4319644.043, 70
Trd, 4319644.343, 61
Trd, 4319645.643, 83
Trd, 4319646.193, 64
Trd, 4319647.293, 118
Trd, 4319647.593, 140
Trd, 4319647.993, 138
Trd, 4319649.193, 127
Trd, 4319649.893, 140
Trd, 4319649.943, 129
Trd, 4319650.043, 128
Trd, 4319650.343, 89
Trd, 4319650.743, 140
Trd, 4319651.643, 140
Trd, 4319652.243, 140
Trd, 4319653.443, 140
Trd, 4319653.793, 140
Trd, 4319655.443, 140
Trd, 4319655.493, 138
Trd, 4319655.693, 137
Trd, 4319655.943, 97
Trd, 4319656.393, 65
Trd, 4319656.493, 140
Trd, 4319658.793, 62
Trd, 4319658.843, 86
Trd, 4319659.993, 63
Trd, 4319660.393, 64
Trd, 4319660.443, 133
Trd, 4319660.793, 91
Trd, 4319661.293, 140
Trd, 4319661.843, 140
Trd, 4319662.293, 138
Trd, 4319662.593, 121
Trd, 4319663.893, 62
Trd, 4319666.393, 61
Trd, 4319667.743, 61
Trd, 4319667.793, 62
Trd, 4319667.993, 62
Trd, 4319668.143, 62
Trd, 4319669.293, 62
Trd, 4319669.893, 60
Trd, 4319670.293, 60
Trd, 4319670.443, 61
Trd, 4319670.843, 64
Trd, 4319672.743, 140
Trd, 4319672.843, 140
Trd, 4319672.943, 140
Trd, 4319673.043, 140
Trd, 4319673.193, 140
Trd, 4319674.543, 140
Trd, 4319674.843, 140
Trd, 4319675.393, 81
Trd, 4319675.643, 140
Trd, 4319676.093, 93
Trd, 4319677.693, 140
Trd, 4319678.493, 140
Trd, 4319678.693, 139
Trd, 4319680.143, 140
Trd, 4319680.693, 140
Trd, 4319680.943, 140
Trd, 4319682.293, 140
Trd, 4319683.093, 139
Trd, 4319683.743, 140
Trd, 4319683.893, 139
Trd, 4319684.343, 70
Trd, 4319684.593, 60
Trd, 4319685.093, 65
Trd, 4319685.493, 67
Trd, 4319685.843, 138
Trd, 4319687.143, 140
Trd, 4319687.543, 70
Trd, 4319688.393, 140
Trd, 4319689.493, 77
Trd, 4319689.993, 130
Trd, 4319690.093, 65
Trd, 4319691.793, 140
Trd, 4319691.893, 77
Trd, 4319692.093, 76
Trd, 4319692.593, 122
Trd, 4319693.693, 62
Trd, 4319693.793, 60
Trd, 4319694.143, 140
Trd, 4319695.193, 65
Trd, 4319695.893, 60
Trd, 4319697.293, 140
Trd, 4319697.643, 140
Trd, 4319698.343, 140
Trd, 4319698.943, 140
Trd, 4319699.093, 140
Trd, 4319701.043, 139
Trd, 4319701.593, 70
Trd, 4319702.143, 61
Trd, 4319703.693, 61
Trd, 4319704.743, 61
Trd, 4319705.093, 62
Trd, 4319705.593, 60
Trd, 4319705.643, 65
Trd, 4319706.293, 139
Trd, 4319706.493, 127
Trd, 4319707.393, 62
Trd, 4319707.993, 61
Trd, 4319708.793, 61
Trd, 4319709.893, 62
Trd, 4319710.043, 66
Trd, 4319712.393, 65
Trd, 4319712.743, 61
Trd, 4319713.643, 61
Trd, 4319714.843, 60
Trd, 4319715.143, 60
Trd, 4319715.693, 63
Trd, 4319715.743, 64
Trd, 4319716.893, 61
Trd, 4319717.393, 60
Trd, 4319718.493, 64
Trd, 4319719.243, 60
Trd, 4319719.993, 60
Trd, 4319720.843, 60
Trd, 4319721.093, 62
Trd, 4319721.593, 62
Trd, 4319722.193, 60
Trd, 4319722.243, 61
Trd, 4319723.293, 60
Trd, 4319724.443, 61
Trd, 4319725.643, 64
Trd, 4319727.693, 68
Trd, 4319727.793, 64
Trd, 4319728.293, 140
Trd, 4319728.393, 64
Trd, 4319728.893, 60
Trd, 4319729.143, 60
Trd, 4319730.193, 62
Trd, 4319730.293, 76
Trd, 4319731.093, 139
Trd, 4319732.943, 62
Trd, 4319733.643, 60
Trd, 4319734.143, 61
Trd, 4319734.343, 63
Trd, 4319735.293, 70
Trd, 4319735.443, 139
Trd, 4319736.043, 60
Trd, 4319736.443, 140
Trd, 4319737.093, 139
Trd, 4319738.493, 140
Trd, 4319738.793, 140
Trd, 4319738.843, 140
Trd, 4319740.343, 140
Trd, 4319740.593, 140
Trd, 4319740.693, 139
Trd, 4319741.793, 140
Trd, 4319742.393, 76
Trd, 4319743.043, 92
Trd, 4319743.993, 140
Trd, 4319744.293, 140
Trd, 4319745.293, 138
Trd, 4319746.043, 140
Trd, 4319746.393, 140
Trd, 4319747.943, 140
Trd, 4319748.043, 140
Trd, 4319748.293, 61
Trd, 4319749.393, 139
Trd, 4319750.443, 140
Trd, 4319751.093, 140
Trd, 4319751.143, 113
Trd, 4319752.493, 140
Trd, 4319752.993, 139
Trd, 4319753.793, 140
Trd, 4319755.193, 139
Trd, 4319756.493, 140
Trd, 4319756.643, 140
Trd, 4319756.993, 139
Trd, 4319757.093, 127
Trd, 4319757.593, 61
Trd, 4319759.793, 140
Trd, 4319759.893, 140
Trd, 4319760.243, 140
Trd, 4319760.593, 140
Trd, 4319761.493, 140
Trd, 4319762.843, 140
Trd, 4319763.893, 139
Trd, 4319764.143, 139
Trd, 4319764.343, 140
Trd, 4319765.393, 140
Trd, 4319765.543, 140
Trd, 4319766.343, 140
Trd, 4319767.093, 62
Trd, 4319767.343, 60
Trd, 4319768.593, 63
Trd, 4319769.693, 60
Trd, 4319770.643, 61
Trd, 4319770.693, 62
Trd, 4319771.143, 76
Trd, 4319771.893, 62
Trd, 4319772.093, 60
Trd, 4319772.843, 65
Trd, 4319773.193, 140
Trd, 4319773.593, 63
Trd, 4319775.343, 140
Trd, 4319775.843, 140
Trd, 4319776.543, 140
Trd, 4319776.843, 140
Trd, 4319777.293, 140
Trd, 4319778.143, 140
Trd, 4319778.243, 140
Trd, 4319779.543, 140
Trd, 4319779.843, 140
Trd, 4319779.893, 139
Trd, 4319781.093, 140
Trd, 4319781.543, 140
Trd, 4319781.743, 69
Trd, 4319782.443, 67
Trd, 4319783.293, 140
Trd, 4319783.443, 140
Trd, 4319783.693, 139
Trd, 4319784.193, 140
Trd, 4319785.093, 136
Trd, 4319785.343, 131
Trd, 4319786.093, 140
Trd, 4319786.243, 136
Trd, 4319787.943, 120
Trd, 4319788.843, 75
Trd, 4319789.343, 139
Trd, 4319790.043, 140
Trd, 4319790.393, 62
Trd, 4319791.093, 62
Trd, 4319791.593, 140
Trd, 4319792.493, 60
Trd, 4319793.143, 61
Trd, 4319793.543, 63
Trd, 4319794.593, 60
Trd, 4319794.793, 60
Trd, 4319795.293, 61
Trd, 4319795.543, 61
Trd, 4319796.993, 140
Trd, 4319797.693, 140
Trd, 4319798.243, 139
Trd, 4319798.593, 63
Trd, 4319799.543, 140
Trd, 4319799.843, 139
Trd, 4319800.293, 140
Trd, 4319800.543, 138
Trd, 4319801.793, 139
Trd, 4319802.893, 140
Trd, 4319803.743, 140
Trd, 4319804.343, 140
Trd, 4319804.393, 140
Trd, 4319804.843, 92
Trd, 4319805.293, 68
Trd, 4319805.543, 140
Trd, 4319807.043, 138
Trd, 4319807.843, 131
Trd, 4319808.643, 140
Trd, 4319809.093, 72
Trd, 4319809.343, 139
Trd, 4319809.993, 140
Trd, 4319810.193, 140
Trd, 4319810.293, 99
Trd, 4319811.143, 139
Trd, 4319813.443, 62
Trd, 4319814.743, 62
Trd, 4319814.893, 60
Trd, 4319815.193, 75
Trd, 4319816.093, 60
Trd, 4319816.343, 64
Trd, 4319816.743, 69
Trd, 4319818.593, 60
Trd, 4319819.343, 65
Trd, 4319819.393, 69
Trd, 4319820.093, 61
Trd, 4319820.143, 63
Trd, 4319821.393, 65
Trd, 4319821.493, 61
Trd, 4319822.293, 63
Trd, 4319822.493, 61
Trd, 4319823.443, 62
Trd, 4319824.143, 61
Trd, 4319824.843, 61
Trd, 4319825.893, 140
Trd, 4319826.543, 139
Trd, 4319827.543, 61
Trd, 4319828.093, 66
Trd, 4319828.343, 67
Trd, 4319828.493, 63
Trd, 4319828.593, 60
Trd, 4319830.443, 101
Trd, 4319830.843, 127
Trd, 4319831.343, 140
Trd, 4319831.743, 140
Trd, 4319832.043, 140
Trd, 4319832.293, 140
Trd, 4319832.593, 140
Trd, 4319833.393, 140
Trd, 4319833.943, 140
Trd, 4319834.043, 140
Trd, 4319835.043, 137
Trd, 4319835.893, 118
Trd, 4319837.293, 60
Trd, 4319837.343, 60
Trd, 4319838.693, 61
Trd, 4319838.893, 61
Trd, 4319839.243, 103
Trd, 4319840.043, 140
Trd, 4319840.193, 140
Trd, 4319841.443, 140
Trd, 4319841.543, 140
Trd, 4319842.143, 140
Trd, 4319842.293, 140
Trd, 4319842.493, 140
Trd, 4319843.543, 140
Trd, 4319843.743, 140
Trd, 4319844.543, 140
Trd, 4319845.143, 119
Trd, 4319845.993, 140
Trd, 4319846.543, 140
Trd, 4319847.693, 140
Trd, 4319848.243, 140
Trd, 4319848.643, 140
Trd, 4319848.743, 140
Trd, 4319850.343, 140
Trd, 4319850.943, 140
Trd, 4319851.743, 140
Trd, 4319852.043, 140
Trd, 4319852.693, 140
Trd, 4319852.843, 140
Trd, 4319852.893, 140
Trd, 4319853.843, 140
Trd, 4319855.293, 140
Trd, 4319855.543, 139
Trd, 4319855.643, 139
Trd, 4319856.293, 140
Trd, 4319856.343, 138
Trd, 4319856.443, 137
Trd, 4319858.893, 140
Trd, 4319859.243, 140
Trd, 4319859.993, 140
Trd, 4319860.643, 140
Trd, 4319860.693, 140
Trd, 4319861.243, 139
Trd, 4319861.443, 139
Trd, 4319862.443, 139
Trd, 4319863.143, 140
Trd, 4319864.143, 140
Trd, 4319864.543, 140
Trd, 4319864.593, 140
Trd, 4319864.943, 84
Trd, 4319866.593, 140
Trd, 4319867.143, 63
Trd, 4319867.643, 140
Trd, 4319868.543, 61
Trd, 4319869.243, 140
Trd, 4319869.693, 140
Trd, 4319870.693, 140
Trd, 4319871.893, 140
Trd, 4319872.843, 140
Trd, 4319873.143, 140
Trd, 4319874.043, 140
Trd, 4319874.893, 140
Trd, 4319875.243, 140
Trd, 4319875.493, 140
Trd, 4319876.043, 140
Trd, 4319877.193, 140
Trd, 4319878.093, 112
Trd, 4319878.743, 140
Trd, 4319879.843, 140
Trd, 4319880.693, 139
Trd, 4319881.393, 140
Trd, 4319882.243, 113
Trd, 4319882.293, 138
Trd, 4319882.443, 111
Trd, 4319882.843, 90
Trd, 4319883.393, 139
Trd, 4319883.643, 135
Trd, 4319886.593, 140
Trd, 4319886.743, 140
Trd, 4319887.293, 140
Trd, 4319887.593, 139
Trd, 4319888.293, 140
Trd, 4319888.493, 140
Trd, 4319889.543, 138
Trd, 4319889.593, 133
Trd, 4319889.993, 140
Trd, 4319890.793, 140
Trd, 4319891.543, 140
Trd, 4319892.843, 140
Trd, 4319893.343, 140
Trd, 4319893.443, 140
Trd, 4319893.693, 140
Trd, 4319894.893, 140
Trd, 4319895.193, 140
Trd, 4319896.193, 140
Trd, 4319896.643, 140
Trd, 4319897.693, 140
Trd, 4319897.993, 140
Trd, 4319898.743, 77
Trd, 4319900.593, 72
Trd, 4319900.993, 102
Trd, 4319901.443, 60
Trd, 4319901.593, 75
Trd, 4319902.243, 63
Trd, 4319902.493, 60
Trd, 4319903.893, 66
Trd, 4319904.543, 60
Trd, 4319905.243, 65
Trd, 4319906.293, 60
Trd, 4319907.343, 61
Trd, 4319907.943, 61
Trd, 4319908.193, 63
Trd, 4319908.893, 66
Trd, 4319909.643, 60
Trd, 4319910.693, 60
Trd, 4319911.143, 60
Trd, 4319912.043, 60
Trd, 4319913.593, 60
Trd, 4319913.743, 61
Trd, 4319913.943, 61
Trd, 4319914.393, 61
Trd, 4319915.143, 140
Trd, 4319915.893, 140
Trd, 4319916.243, 140
Trd, 4319916.793, 140
Trd, 4319917.243, 140
Trd, 4319917.493, 140
Trd, 4319917.743, 140
Trd, 4319918.243, 140
Trd, 4319919.593, 137
Trd, 4319919.693, 98
Trd, 4319920.793, 69
Trd, 4319921.093, 69
Trd, 4319921.443, 62
Trd, 4319922.243, 67
Trd, 4319922.593, 65
Trd, 4319923.743, 62
Trd, 4319924.593, 60
Trd, 4319924.743, 66
Trd, 4319926.093, 66
Trd, 4319926.593, 66
Trd, 4319926.993, 140
Trd, 4319927.343, 139
Trd, 4319928.043, 64
Trd, 4319929.743, 61
Trd, 4319930.943, 74
Trd, 4319931.843, 61
Trd, 4319931.993, 60
Trd, 4319932.293, 63
Trd, 4319932.593, 62
Trd, 4319932.943, 139
Trd, 4319934.643, 66
Trd, 4319934.793, 104
Trd, 4319935.793, 60
Trd, 4319936.693, 138
Trd, 4319937.193, 138
Trd, 4319937.443, 138
Trd, 4319937.843, 137
Trd, 4319938.393, 140
Trd, 4319939.393, 62
Trd, 4319940.443, 140
Trd, 4319941.043, 140
Trd, 4319941.893, 140
Trd, 4319941.993, 140
Trd, 4319943.293, 140
Trd, 4319943.543, 140
Trd, 4319944.693, 140
Trd, 4319945.543, 140
Trd, 4319945.643, 140
Trd, 4319946.393, 140
Trd, 4319947.093, 140
Trd, 4319947.143, 140
Trd, 4319947.593, 140
Trd, 4319947.743, 140
Trd, 4319947.893, 140
Trd, 4319948.593, 139
Trd, 4319949.493, 61
Trd, 4319950.393, 60
Trd, 4319951.393, 62
Trd, 4319952.393, 140
Trd, 4319952.943, 140
Trd, 4319953.043, 140
Trd, 4319953.243, 140
Trd, 4319953.443, 117
Trd, 4319953.943, 100
Trd, 4319955.693, 140
Trd, 4319955.793, 140
Trd, 4319956.093, 139
Trd, 4319956.943, 138
Trd, 4319957.093, 132
Trd, 4319957.343, 88
Trd, 4319957.893, 135
Trd, 4319958.993, 62
Trd, 4319959.593, 60
Trd, 4319960.243, 67
Trd, 4319961.043, 64
Trd, 4319961.643, 62
Trd, 4319962.993, 140
Trd, 4319963.293, 140
Trd, 4319963.443, 140
Trd, 4319963.993, 136
Trd, 4319964.643, 62
Trd, 4319965.443, 109
Trd, 4319965.843, 63
Trd, 4319966.243, 140
Trd, 4319966.743, 140
Trd, 4319966.943, 136
Trd, 4319969.493, 68
Trd, 4319970.243, 60
Trd, 4319970.343, 60
Trd, 4319971.043, 138
Trd, 4319972.243, 140
Trd, 4319972.343, 140
Trd, 4319972.693, 140
Trd, 4319973.743, 139
Trd, 4319973.943, 140
Trd, 4319974.043, 138
Trd, 4319975.093, 140
Trd, 4319975.993, 140
Trd, 4319976.643, 63
Trd, 4319977.143, 140
Trd, 4319977.293, 77
Trd, 4319977.943, 140
Trd, 4319978.343, 140
Trd, 4319978.893, 136
Trd, 4319978.993, 76
Trd, 4319980.793, 140
Trd, 4319980.843, 140
Trd, 4319981.893, 140
Trd, 4319981.943, 140
Trd, 4319982.143, 138
Trd, 4319983.343, 93
Trd, 4319984.343, 61
Trd, 4319984.793, 140
Trd, 4319986.093, 60
Trd, 4319987.643, 61
Trd, 4319987.993, 61
Trd, 4319988.443, 62
Trd, 4319989.493, 62
Trd, 4319990.943, 61
Trd, 4319991.343, 64
Trd, 4319991.743, 60
Trd, 4319993.543, 60
Trd, 4319993.643, 60
Trd, 4319993.943, 60
Trd, 4319994.493, 65
Trd, 4319994.593, 61
Trd, 4319994.843, 62
Trd, 4319995.243, 61
Trd, 4319995.743, 62
Trd, 4319996.593, 66
Trd, 4319997.793, 140
Trd, 4319998.443, 72
Trd, 4319998.693, 103
Trd, 4319999.143, 68
