Trd, 4318068.793, 129
Trd, 4318069.443, 86
Trd, 4318070.443, 87
Trd, 4318072.243, 117
Trd, 4318072.293, 106
Trd, 4318072.993, 122
Trd, 4318073.693, 135
Trd, 4318075.193, 114
Trd, 4318075.343, 113
Trd, 4318076.693, 123
Trd, 4318077.543, 106
Trd, 4318077.993, 101
Trd, 4318078.043, 98
Trd, 4318078.543, 93
Trd, 4318078.893, 134
Trd, 4318079.293, 111
Trd, 4318080.943, 112
Trd, 4318081.843, 105
Trd, 4318081.943, 131
Trd, 4318083.293, 102
Trd, 4318083.593, 99
Trd, 4318085.043, 114
Trd, 4318085.143, 122
Trd, 4318086.643, 86
Trd, 4318087.093, 94
Trd, 4318087.193, 102
Trd, 4318088.393, 107
Trd, 4318089.843, 105
Trd, 4318089.893, 128
Trd, 4318090.193, 70
Trd, 4318091.193, 81
Trd, 4318092.293, 101
Trd, 4318092.443, 71
Trd, 4318093.143, 84
Trd, 4318094.643, 135
Trd, 4318094.893, 128
Trd, 4318095.893, 121
Trd, 4318096.343, 112
Trd, 4318096.743, 137
Trd, 4318096.943, 112
Trd, 4318097.043, 96
Trd, 4318097.493, 108
Trd, 4318098.443, 114
Trd, 4318099.393, 138
Trd, 4318099.943, 95
Trd, 4318101.043, 124
Trd, 4318102.343, 131
Trd, 4318103.193, 119
Trd, 4318103.243, 93
Trd, 4318105.793, 118
Trd, 4318106.293, 113
Trd, 4318106.393, 94
Trd, 4318106.693, 91
Trd, 4318108.193, 133
Trd, 4318109.143, 110
Trd, 4318110.093, 137
Trd, 4318110.843, 117
Trd, 4318111.093, 101
Trd, 4318111.143, 122
Trd, 4318111.293, 136
Trd, 4318113.993, 126
Trd, 4318114.443, 116
Trd, 4318114.693, 134
Trd, 4318115.843, 115
Trd, 4318116.043, 94
Trd, 4318116.293, 111
Trd, 4318117.993, 86
Trd, 4318118.493, 93
Trd, 4318118.793, 118
Trd, 4318118.843, 132
Trd, 4318120.393, 106
Trd, 4318120.843, 105
Trd, 4318121.743, 96
Trd, 4318122.093, 85
Trd, 4318122.443, 92
Trd, 4318122.793, 81
Trd, 4318123.043, 90
Trd, 4318124.393, 124
Trd, 4318125.343, 131
Trd, 4318125.393, 112
Trd, 4318125.643, 107
Trd, 4318126.543, 103
Trd, 4318127.493, 78
Trd, 4318128.093, 91
Trd, 4318128.543, 111
Trd, 4318130.893, 99
Trd, 4318131.443, 83
Trd, 4318132.643, 91
Trd, 4318132.893, 93
Trd, 4318133.993, 96
Trd, 4318135.393, 137
Trd, 4318136.493, 115
Trd, 4318136.543, 106
Trd, 4318137.793, 128
Trd, 4318137.843, 107
Trd, 4318138.443, 68
Trd, 4318140.743, 111
Trd, 4318141.843, 124
Trd, 4318141.993, 111
Trd, 4318142.293, 93
Trd, 4318145.043, 130
Trd, 4318146.743, 109
Trd, 4318146.943, 93
Trd, 4318147.243, 113
Trd, 4318147.293, 85
Trd, 4318147.543, 88
Trd, 4318148.693, 111
Trd, 4318148.943, 85
Trd, 4318150.843, 101
Trd, 4318151.743, 125
Trd, 4318152.093, 115
Trd, 4318153.043, 108
Trd, 4318153.793, 99
Trd, 4318154.393, 117
Trd, 4318154.743, 136
Trd, 4318156.543, 117
Trd, 4318157.293, 109
Trd, 4318158.143, 125
Trd, 4318158.793, 133
Trd, 4318158.993, 117
Trd, 4318159.343, 90
Trd, 4318161.343, 127
Trd, 4318161.543, 69
Trd, 4318161.693, 69
Trd, 4318164.143, 93
Trd, 4318164.643, 99
Trd, 4318164.793, 90
Trd, 4318165.143, 109
Trd, 4318166.093, 85
Trd, 4318166.543, 84
Trd, 4318168.593, 110
Trd, 4318168.843, 106
Trd, 4318170.193, 102
Trd, 4318171.793, 129
Trd, 4318173.193, 102
Trd, 4318173.493, 129
Trd, 4318174.193, 101
Trd, 4318174.443, 135
Trd, 4318174.643, 109
Trd, 4318175.093, 122
Trd, 4318177.093, 129
Trd, 4318178.893, 133
Trd, 4318179.693, 132
Trd, 4318180.293, 137
Trd, 4318180.693, 127
Trd, 4318180.843, 125
Trd, 4318181.493, 135
Trd, 4318184.043, 131
Trd, 4318184.793, 97
Trd, 4318185.043, 99
Trd, 4318185.993, 122
Trd, 4318186.493, 101
Trd, 4318186.843, 124
Trd, 4318187.643, 126
Trd, 4318187.943, 105
Trd, 4318189.393, 105
Trd, 4318189.793, 110
Trd, 4318190.193, 109
Trd, 4318192.043, 136
Trd, 4318192.493, 98
Trd, 4318193.093, 105
Trd, 4318193.743, 113
Trd, 4318194.993, 99
Trd, 4318195.543, 116
Trd, 4318195.593, 76
Trd, 4318195.643, 72
Trd, 4318196.093, 111
Trd, 4318199.843, 129
Trd, 4318200.193, 112
Trd, 4318200.793, 81
Trd, 4318201.543, 67
Trd, 4318201.793, 103
Trd, 4318202.143, 96
Trd, 4318202.543, 94
Trd, 4318203.943, 123
Trd, 4318205.143, 106
Trd, 4318205.593, 75
Trd, 4318205.693, 78
Trd, 4318209.643, 115
Trd, 4318209.843, 106
Trd, 4318211.393, 136
Trd, 4318211.593, 130
Trd, 4318212.143, 132
Trd, 4318213.993, 122
Trd, 4318214.243, 115
Trd, 4318215.143, 109
Trd, 4318215.893, 109
Trd, 4318217.843, 124
Trd, 4318219.293, 109
Trd, 4318219.393, 95
Trd, 4318220.943, 135
Trd, 4318221.893, 84
Trd, 4318221.943, 127
Trd, 4318222.093, 72
Trd, 4318223.093, 117
Trd, 4318225.143, 116
Trd, 4318225.543, 86
Trd, 4318225.893, 84
Trd, 4318226.743, 104
Trd, 4318227.243, 102
Trd, 4318228.393, 118
Trd, 4318228.993, 117
Trd, 4318230.043, 118
Trd, 4318231.043, 111
Trd, 4318232.593, 110
Trd, 4318234.543, 88
Trd, 4318235.593, 106
Trd, 4318235.643, 105
Trd, 4318235.793, 78
Trd, 4318238.293, 130
Trd, 4318238.843, 124
Trd, 4318239.043, 90
Trd, 4318239.143, 88
Trd, 4318239.243, 130
Trd, 4318240.343, 123
Trd, 4318241.093, 111
Trd, 4318241.293, 98
Trd, 4318241.693, 119
Trd, 4318242.993, 89
Trd, 4318243.243, 61
Trd, 4318244.793, 66
Trd, 4318246.493, 106
Trd, 4318247.993, 125
Trd, 4318248.443, 122
Trd, 4318249.043, 119
Trd, 4318249.293, 135
Trd, 4318250.243, 99
Trd, 4318251.393, 118
Trd, 4318252.243, 130
Trd, 4318252.793, 111
Trd, 4318253.093, 136
Trd, 4318253.893, 121
Trd, 4318255.093, 108
Trd, 4318255.393, 86
Trd, 4318256.443, 90
Trd, 4318258.243, 121
Trd, 4318258.743, 109
Trd, 4318259.643, 120
Trd, 4318260.593, 132
Trd, 4318260.743, 131
Trd, 4318261.243, 127
Trd, 4318261.693, 105
Trd, 4318262.393, 119
Trd, 4318262.593, 138
Trd, 4318264.393, 88
Trd, 4318264.543, 119
Trd, 4318265.143, 92
Trd, 4318265.493, 95
Trd, 4318266.743, 70
Trd, 4318267.843, 139
Trd, 4318269.393, 109
Trd, 4318269.493, 79
Trd, 4318270.093, 84
Trd, 4318271.993, 124
Trd, 4318272.543, 110
Trd, 4318274.793, 104
Trd, 4318275.743, 110
Trd, 4318277.043, 100
Trd, 4318277.343, 92
Trd, 4318277.493, 124
Trd, 4318277.893, 109
Trd, 4318279.293, 102
Trd, 4318279.693, 122
Trd, 4318281.143, 101
Trd, 4318281.693, 87
Trd, 4318282.243, 111
Trd, 4318282.493, 88
Trd, 4318284.693, 67
Trd, 4318284.743, 73
Trd, 4318285.143, 63
Trd, 4318285.443, 73
Trd, 4318285.843, 73
Trd, 4318286.893, 69
Trd, 4318287.543, 79
Trd, 4318288.343, 83
Trd, 4318288.543, 88
Trd, 4318288.943, 67
Trd, 4318289.093, 74
Trd, 4318289.693, 108
Trd, 4318291.293, 135
Trd, 4318291.943, 106
Trd, 4318291.993, 84
Trd, 4318294.543, 106
Trd, 4318295.343, 109
Trd, 4318295.993, 92
Trd, 4318296.343, 77
Trd, 4318296.443, 105
Trd, 4318297.193, 127
Trd, 4318298.993, 102
Trd, 4318299.843, 129
Trd, 4318301.943, 134
Trd, 4318302.093, 127
Trd, 4318302.743, 123
Trd, 4318302.843, 105
Trd, 4318303.793, 89
Trd, 4318304.643, 123
Trd, 4318305.343, 114
Trd, 4318306.393, 127
Trd, 4318306.893, 79
Trd, 4318308.543, 94
Trd, 4318308.743, 78
Trd, 4318308.843, 75
Trd, 4318309.193, 119
Trd, 4318309.593, 92
Trd, 4318309.943, 61
Trd, 4318310.493, 115
Trd, 4318312.093, 75
Trd, 4318313.143, 80
Trd, 4318313.693, 84
Trd, 4318314.243, 105
Trd, 4318316.593, 94
Trd, 4318316.943, 120
Trd, 4318317.043, 115
Trd, 4318317.293, 74
Trd, 4318317.793, 86
Trd, 4318319.043, 134
Trd, 4318319.843, 113
Trd, 4318322.893, 129
Trd, 4318323.393, 114
Trd, 4318324.143, 117
Trd, 4318324.893, 108
Trd, 4318325.243, 132
Trd, 4318326.293, 121
Trd, 4318326.343, 98
Trd, 4318327.643, 136
Trd, 4318327.793, 101
Trd, 4318329.493, 101
Trd, 4318330.643, 117
Trd, 4318331.193, 110
Trd, 4318333.493, 128
Trd, 4318333.843, 92
Trd, 4318334.093, 129
Trd, 4318334.893, 111
Trd, 4318335.993, 95
Trd, 4318336.393, 118
Trd, 4318336.493, 103
Trd, 4318337.043, 107
Trd, 4318337.693, 100
Trd, 4318339.593, 94
Trd, 4318340.843, 130
Trd, 4318341.093, 121
Trd, 4318342.043, 132
Trd, 4318342.393, 104
Trd, 4318342.893, 73
Trd, 4318343.143, 69
Trd, 4318344.143, 111
Trd, 4318344.743, 109
Trd, 4318345.943, 89
Trd, 4318346.493, 86
Trd, 4318349.943, 129
Trd, 4318350.243, 114
Trd, 4318350.443, 120
Trd, 4318352.243, 121
Trd, 4318353.093, 135
Trd, 4318354.043, 77
Trd, 4318354.893, 116
Trd, 4318355.193, 108
Trd, 4318355.443, 99
Trd, 4318356.793, 92
Trd, 4318357.893, 82
Trd, 4318358.893, 78
Trd, 4318359.143, 119
Trd, 4318359.793, 89
Trd, 4318361.393, 129
Trd, 4318361.793, 114
Trd, 4318362.143, 100
Trd, 4318363.593, 99
Trd, 4318365.093, 130
Trd, 4318365.343, 122
Trd, 4318365.493, 92
Trd, 4318365.543, 87
Trd, 4318366.643, 81
Trd, 4318367.043, 108
Trd, 4318368.143, 77
Trd, 4318369.143, 83
Trd, 4318369.493, 72
Trd, 4318370.443, 93
Trd, 4318370.843, 71
Trd, 4318371.343, 76
Trd, 4318373.643, 114
Trd, 4318374.543, 97
Trd, 4318376.543, 103
Trd, 4318376.593, 88
Trd, 4318377.193, 102
Trd, 4318377.543, 89
Trd, 4318378.393, 113
Trd, 4318378.843, 96
Trd, 4318379.743, 85
Trd, 4318380.093, 119
Trd, 4318382.343, 83
Trd, 4318382.693, 93
Trd, 4318383.743, 112
Trd, 4318383.843, 76
Trd, 4318384.793, 137
Trd, 4318386.693, 111
Trd, 4318386.793, 106
Trd, 4318386.893, 101
Trd, 4318387.893, 132
Trd, 4318389.193, 111
Trd, 4318389.243, 115
Trd, 4318389.743, 96
Trd, 4318389.993, 84
Trd, 4318390.393, 118
Trd, 4318391.743, 109
Trd, 4318392.743, 100
Trd, 4318394.393, 98
Trd, 4318394.443, 90
Trd, 4318396.093, 108
Trd, 4318397.793, 128
Trd, 4318398.093, 93
Trd, 4318398.243, 76
Trd, 4318399.643, 126
Trd, 4318399.943, 122
Trd, 4318399.993, 94
Trd, 4318402.043, 79
Trd, 4318402.193, 64
Trd, 4318402.743, 102
Trd, 4318405.193, 94
Trd, 4318405.243, 92
Trd, 4318405.393, 122
Trd, 4318406.893, 93
Trd, 4318407.693, 107
Trd, 4318408.193, 89
Trd, 4318408.743, 106
Trd, 4318409.243, 104
Trd, 4318409.993, 107
Trd, 4318410.543, 137
Trd, 4318410.843, 76
Trd, 4318412.843, 104
Trd, 4318413.743, 119
Trd, 4318414.143, 115
Trd, 4318414.543, 99
Trd, 4318414.743, 70
Trd, 4318416.843, 101
Trd, 4318417.043, 122
Trd, 4318417.243, 96
Trd, 4318418.343, 111
Trd, 4318419.293, 109
Trd, 4318420.993, 138
Trd, 4318421.343, 97
Trd, 4318421.443, 93
Trd, 4318422.043, 89
Trd, 4318422.493, 78
Trd, 4318422.743, 122
Trd, 4318423.393, 97
Trd, 4318424.543, 113
Trd, 4318427.243, 127
Trd, 4318428.443, 123
Trd, 4318429.793, 120
Trd, 4318429.943, 121
Trd, 4318430.593, 133
Trd, 4318430.793, 124
Trd, 4318431.043, 89
Trd, 4318431.843, 123
Trd, 4318433.143, 89
Trd, 4318434.043, 135
Trd, 4318434.893, 125
Trd, 4318435.293, 95
Trd, 4318436.093, 122
Trd, 4318437.043, 111
Trd, 4318437.193, 96
Trd, 4318438.193, 74
Trd, 4318438.543, 105
Trd, 4318438.943, 113
Trd, 4318440.043, 75
Trd, 4318440.293, 94
Trd, 4318441.543, 60
Trd, 4318442.643, 107
Trd, 4318443.643, 132
Trd, 4318444.593, 113
Trd, 4318446.393, 121
Trd, 4318446.993, 119
Trd, 4318448.243, 115
Trd, 4318448.393, 100
Trd, 4318449.243, 79
Trd, 4318449.693, 104
Trd, 4318450.393, 135
Trd, 4318450.493, 135
Trd, 4318452.093, 76
Trd, 4318453.043, 103
Trd, 4318453.343, 66
Trd, 4318454.393, 125
Trd, 4318454.543, 105
Trd, 4318455.643, 115
Trd, 4318456.793, 91
Trd, 4318457.143, 120
Trd, 4318458.093, 131
Trd, 4318459.043, 77
Trd, 4318459.543, 92
Trd, 4318460.643, 102
Trd, 4318461.143, 93
Trd, 4318462.543, 104
Trd, 4318462.693, 120
Trd, 4318463.543, 109
Trd, 4318464.393, 89
Trd, 4318465.343, 90
Trd, 4318466.843, 102
Trd, 4318467.143, 89
Trd, 4318468.643, 88
Trd, 4318469.293, 131
Trd, 4318470.593, 102
Trd, 4318470.993, 97
Trd, 4318471.143, 84
Trd, 4318471.643, 118
Trd, 4318472.543, 106
Trd, 4318473.693, 120
Trd, 4318474.343, 75
Trd, 4318474.643, 84
Trd, 4318475.093, 62
Trd, 4318475.743, 123
Trd, 4318476.293, 92
Trd, 4318476.493, 114
Trd, 4318477.243, 76
Trd, 4318477.943, 70
Trd, 4318479.443, 61
Trd, 4318480.743, 85
Trd, 4318480.943, 87
Trd, 4318481.343, 81
Trd, 4318482.043, 88
Trd, 4318482.793, 120
Trd, 4318483.393, 95
Trd, 4318484.693, 99
Trd, 4318485.343, 118
Trd, 4318486.543, 89
Trd, 4318487.143, 69
Trd, 4318487.393, 126
Trd, 4318488.243, 74
Trd, 4318488.843, 136
Trd, 4318489.143, 93
Trd, 4318491.993, 95
Trd, 4318492.493, 99
Trd, 4318492.543, 109
Trd, 4318492.693, 115
Trd, 4318493.143, 110
Trd, 4318495.793, 113
Trd, 4318495.893, 111
Trd, 4318496.393, 71
Trd, 4318497.343, 100
Trd, 4318498.243, 88
Trd, 4318499.193, 127
Trd, 4318499.493, 118
Trd, 4318500.043, 98
Trd, 4318501.243, 130
Trd, 4318502.343, 118
Trd, 4318502.643, 118
Trd, 4318503.693, 115
Trd, 4318503.893, 106
Trd, 4318504.293, 106
Trd, 4318504.743, 101
Trd, 4318505.443, 97
Trd, 4318508.593, 112
Trd, 4318508.993, 93
Trd, 4318509.393, 92
Trd, 4318509.493, 81
Trd, 4318510.043, 111
Trd, 4318510.093, 89
Trd, 4318510.893, 95
Trd, 4318512.543, 128
Trd, 4318514.843, 96
Trd, 4318515.843, 116
Trd, 4318516.843, 119
Trd, 4318516.943, 106
Trd, 4318517.243, 119
Trd, 4318517.293, 121
Trd, 4318518.243, 94
Trd, 4318519.493, 133
Trd, 4318519.743, 137
Trd, 4318520.543, 120
Trd, 4318520.693, 123
Trd, 4318520.993, 99
Trd, 4318521.393, 80
Trd, 4318521.543, 86
Trd, 4318523.593, 84
Trd, 4318524.393, 128
Trd, 4318524.693, 98
Trd, 4318526.443, 113
Trd, 4318526.743, 109
Trd, 4318528.443, 88
Trd, 4318528.693, 94
Trd, 4318528.993, 112
Trd, 4318530.743, 120
Trd, 4318530.993, 99
Trd, 4318531.093, 89
Trd, 4318533.243, 107
Trd, 4318534.893, 104
Trd, 4318535.443, 99
Trd, 4318535.543, 121
Trd, 4318536.193, 116
Trd, 4318537.293, 125
Trd, 4318539.343, 118
Trd, 4318540.643, 132
Trd, 4318541.293, 112
Trd, 4318542.343, 129
Trd, 4318542.493, 98
Trd, 4318542.893, 101
Trd, 4318543.043, 80
Trd, 4318543.543, 78
Trd, 4318546.143, 135
Trd, 4318546.593, 118
Trd, 4318547.043, 135
Trd, 4318547.193, 104
Trd, 4318547.693, 87
Trd, 4318548.043, 93
Trd, 4318548.943, 104
Trd, 4318549.743, 92
Trd, 4318550.443, 104
Trd, 4318551.093, 133
Trd, 4318552.093, 123
Trd, 4318553.943, 112
Trd, 4318554.643, 86
Trd, 4318555.843, 95
Trd, 4318556.943, 86
Trd, 4318558.343, 105
Trd, 4318558.693, 82
Trd, 4318559.593, 114
Trd, 4318559.893, 110
Trd, 4318560.893, 65
Trd, 4318561.543, 92
Trd, 4318561.643, 71
Trd, 4318562.993, 94
Trd, 4318563.543, 133
Trd, 4318563.843, 135
Trd, 4318564.043, 119
Trd, 4318565.793, 94
Trd, 4318566.493, 121
Trd, 4318567.443, 126
Trd, 4318567.993, 132
Trd, 4318569.543, 118
Trd, 4318569.893, 102
Trd, 4318569.993, 94
Trd, 4318570.593, 89
Trd, 4318571.493, 115
Trd, 4318571.743, 126
Trd, 4318572.443, 111
Trd, 4318574.593, 100
Trd, 4318575.843, 121
Trd, 4318576.543, 116
Trd, 4318576.643, 95
Trd, 4318577.643, 117
Trd, 4318577.793, 85
Trd, 4318578.293, 99
Trd, 4318579.843, 131
Trd, 4318580.643, 116
Trd, 4318581.893, 116
Trd, 4318582.593, 111
Trd, 4318582.643, 109
Trd, 4318583.843, 97
Trd, 4318585.193, 76
Trd, 4318585.743, 81
Trd, 4318587.443, 133
Trd, 4318588.093, 99
Trd, 4318588.843, 112
Trd, 4318589.293, 118
Trd, 4318589.343, 112
Trd, 4318589.693, 124
Trd, 4318589.743, 104
Trd, 4318590.493, 88
Trd, 4318591.093, 75
Trd, 4318591.993, 96
Trd, 4318592.293, 119
Trd, 4318593.493, 106
Trd, 4318594.443, 122
Trd, 4318594.593, 118
Trd, 4318596.343, 124
Trd, 4318596.393, 107
Trd, 4318596.493, 116
Trd, 4318598.393, 119
Trd, 4318599.843, 111
Trd, 4318600.593, 90
Trd, 4318602.293, 138
Trd, 4318602.593, 111
Trd, 4318603.443, 68
Trd, 4318604.143, 103
Trd, 4318604.643, 77
Trd, 4318606.243, 71
Trd, 4318606.293, 77
Trd, 4318606.893, 101
Trd, 4318608.043, 114
Trd, 4318608.293, 80
Trd, 4318609.043, 132
Trd, 4318610.443, 134
Trd, 4318612.643, 119
Trd, 4318613.243, 84
Trd, 4318615.593, 110
Trd, 4318615.743, 93
Trd, 4318615.893, 75
Trd, 4318616.943, 114
Trd, 4318617.743, 99
Trd, 4318618.643, 126
Trd, 4318619.243, 96
Trd, 4318620.643, 137
Trd, 4318621.643, 119
Trd, 4318622.243, 108
Trd, 4318622.543, 105
Trd, 4318624.343, 95
Trd, 4318626.543, 115
Trd, 4318626.793, 106
Trd, 4318628.443, 104
Trd, 4318628.543, 103
Trd, 4318628.893, 121
Trd, 4318629.343, 98
Trd, 4318629.893, 97
Trd, 4318630.793, 94
Trd, 4318631.443, 101
Trd, 4318631.793, 133
Trd, 4318632.193, 96
Trd, 4318632.793, 99
Trd, 4318635.093, 121
Trd, 4318635.443, 69
Trd, 4318635.843, 86
Trd, 4318637.743, 140
Trd, 4318638.243, 82
Trd, 4318639.543, 127
Trd, 4318640.293, 106
Trd, 4318640.893, 85
Trd, 4318641.743, 104
Trd, 4318642.143, 131
Trd, 4318642.493, 122
Trd, 4318644.343, 104
Trd, 4318645.193, 115
Trd, 4318645.943, 106
Trd, 4318646.143, 128
Trd, 4318646.293, 94
Trd, 4318646.893, 137
Trd, 4318649.443, 110
Trd, 4318651.393, 107
Trd, 4318651.943, 107
Trd, 4318651.993, 85
Trd, 4318652.743, 116
Trd, 4318652.993, 108
Trd, 4318653.543, 140
Trd, 4318654.393, 106
Trd, 4318654.993, 114
Trd, 4318655.743, 91
Trd, 4318656.743, 113
Trd, 4318657.043, 131
Trd, 4318658.393, 66
Trd, 4318658.743, 66
Trd, 4318658.793, 75
Trd, 4318659.643, 98
Trd, 4318659.793, 72
Trd, 4318660.043, 131
Trd, 4318661.043, 135
Trd, 4318661.643, 129
Trd, 4318662.343, 89
Trd, 4318664.043, 75
Trd, 4318664.943, 87
Trd, 4318665.093, 90
Trd, 4318667.093, 106
Trd, 4318668.743, 120
Trd, 4318669.193, 88
Trd, 4318669.443, 121
Trd, 4318670.443, 120
Trd, 4318671.643, 121
Trd, 4318671.693, 119
Trd, 4318671.893, 98
Trd, 4318673.143, 133
Trd, 4318674.143, 113
Trd, 4318675.343, 126
Trd, 4318676.743, 103
Trd, 4318676.793, 85
Trd, 4318677.243, 83
Trd, 4318679.243, 122
Trd, 4318680.793, 69
Trd, 4318681.643, 87
Trd, 4318682.093, 85
Trd, 4318682.543, 87
Trd, 4318682.743, 80
Trd, 4318682.993, 118
Trd, 4318684.793, 136
Trd, 4318685.293, 108
Trd, 4318686.143, 134
Trd, 4318687.393, 113
Trd, 4318688.343, 118
Trd, 4318688.543, 86
Trd, 4318689.493, 87
Trd, 4318689.943, 79
Trd, 4318690.393, 134
Trd, 4318691.343, 119
Trd, 4318691.393, 115
Trd, 4318693.843, 105
Trd, 4318695.493, 131
Trd, 4318697.443, 114
Trd, 4318697.743, 99
Trd, 4318697.993, 86
Trd, 4318698.493, 90
Trd, 4318699.393, 117
Trd, 4318699.443, 114
Trd, 4318700.543, 80
Trd, 4318701.043, 122
Trd, 4318701.543, 98
Trd, 4318702.243, 101
Trd, 4318702.993, 95
Trd, 4318703.593, 86
Trd, 4318705.243, 81
Trd, 4318706.643, 92
Trd, 4318706.893, 100
Trd, 4318707.743, 84
Trd, 4318707.893, 93
Trd, 4318708.393, 109
Trd, 4318710.193, 122
Trd, 4318710.293, 139
Trd, 4318710.793, 88
Trd, 4318711.493, 134
Trd, 4318712.243, 116
Trd, 4318712.443, 130
Trd, 4318715.093, 126
Trd, 4318715.793, 113
Trd, 4318715.943, 133
Trd, 4318716.243, 138
Trd, 4318716.693, 97
Trd, 4318718.293, 132
Trd, 4318718.743, 137
Trd, 4318719.893, 112
Trd, 4318720.993, 87
Trd, 4318721.793, 125
Trd, 4318721.843, 125
Trd, 4318722.543, 91
Trd, 4318722.843, 104
Trd, 4318723.893, 105
Trd, 4318724.593, 135
Trd, 4318725.043, 134
Trd, 4318725.743, 129
Trd, 4318725.793, 122
Trd, 4318727.443, 106
Trd, 4318728.193, 111
Trd, 4318728.543, 104
Trd, 4318728.993, 123
Trd, 4318729.243, 78
Trd, 4318731.293, 103
Trd, 4318734.343, 111
Trd, 4318734.493, 130
Trd, 4318734.843, 132
Trd, 4318735.793, 111
Trd, 4318736.443, 118
Trd, 4318736.593, 84
Trd, 4318739.043, 68
Trd, 4318740.743, 134
Trd, 4318741.843, 131
Trd, 4318742.393, 99
Trd, 4318743.893, 103
Trd, 4318744.243, 93
Trd, 4318744.443, 128
Trd, 4318746.243, 114
Trd, 4318746.293, 121
Trd, 4318746.793, 100
Trd, 4318746.993, 127
Trd, 4318749.343, 102
Trd, 4318750.043, 97
Trd, 4318750.243, 122
Trd, 4318752.343, 85
Trd, 4318752.393, 91
Trd, 4318754.293, 119
Trd, 4318754.593, 102
Trd, 4318756.543, 80
Trd, 4318757.243, 100
Trd, 4318757.393, 83
Trd, 4318758.443, 71
Trd, 4318760.393, 96
Trd, 4318761.593, 109
Trd, 4318762.093, 115
Trd, 4318762.193, 80
Trd, 4318762.393, 77
Trd, 4318762.693, 81
Trd, 4318763.893, 121
Trd, 4318765.243, 118
Trd, 4318766.443, 113
Trd, 4318766.943, 105
Trd, 4318767.593, 115
Trd, 4318768.593, 104
Trd, 4318769.393, 103
Trd, 4318770.293, 129
Trd, 4318770.393, 117
Trd, 4318770.543, 126
Trd, 4318773.093, 131
Trd, 4318773.493, 128
Trd, 4318773.593, 114
Trd, 4318774.193, 90
Trd, 4318775.493, 117
Trd, 4318776.693, 129
Trd, 4318776.893, 109
Trd, 4318777.443, 108
Trd, 4318777.793, 106
Trd, 4318779.243, 83
Trd, 4318780.143, 99
Trd, 4318780.343, 87
Trd, 4318780.593, 102
Trd, 4318781.393, 91
Trd, 4318782.943, 71
Trd, 4318784.443, 129
Trd, 4318784.993, 111
Trd, 4318785.693, 103
Trd, 4318786.193, 125
Trd, 4318786.543, 77
Trd, 4318788.193, 124
Trd, 4318789.143, 135
Trd, 4318789.393, 115
Trd, 4318790.293, 91
Trd, 4318790.793, 121
Trd, 4318790.993, 104
Trd, 4318791.693, 125
Trd, 4318792.143, 117
Trd, 4318793.143, 117
Trd, 4318793.793, 87
Trd, 4318794.743, 89
Trd, 4318795.843, 65
Trd, 4318796.443, 99
Trd, 4318797.043, 80
Trd, 4318797.393, 86
Trd, 4318797.693, 72
Trd, 4318797.943, 104
Trd, 4318799.793, 123
Trd, 4318800.743, 107
Trd, 4318801.193, 125
Trd, 4318801.293, 105
Trd, 4318801.943, 90
Trd, 4318802.843, 125
Trd, 4318803.893, 81
Trd, 4318804.043, 81
Trd, 4318804.293, 119
Trd, 4318804.943, 88
Trd, 4318805.993, 99
Trd, 4318806.793, 130
Trd, 4318807.443, 102
Trd, 4318808.943, 114
Trd, 4318809.743, 101
Trd, 4318812.143, 102
Trd, 4318812.793, 94
Trd, 4318812.843, 92
Trd, 4318813.293, 124
Trd, 4318814.243, 121
Trd, 4318815.443, 117
Trd, 4318815.993, 94
Trd, 4318816.093, 90
Trd, 4318816.793, 99
Trd, 4318817.393, 122
Trd, 4318818.843, 130
Trd, 4318819.043, 134
Trd, 4318819.243, 120
Trd, 4318819.543, 139
Trd, 4318820.293, 125
Trd, 4318820.643, 104
Trd, 4318821.843, 100
Trd, 4318821.943, 81
Trd, 4318822.143, 112
Trd, 4318824.243, 131
Trd, 4318824.443, 122
Trd, 4318824.543, 121
Trd, 4318825.593, 79
Trd, 4318826.243, 85
Trd, 4318826.393, 95
Trd, 4318827.193, 72
Trd, 4318828.793, 115
Trd, 4318830.393, 125
Trd, 4318830.443, 118
Trd, 4318831.493, 124
Trd, 4318832.093, 138
Trd, 4318832.293, 123
Trd, 4318832.993, 102
Trd, 4318833.693, 95
Trd, 4318833.943, 125
Trd, 4318835.143, 82
Trd, 4318835.193, 115
Trd, 4318835.993, 115
Trd, 4318837.293, 105
Trd, 4318837.693, 104
Trd, 4318838.293, 104
Trd, 4318839.293, 125
Trd, 4318840.093, 80
Trd, 4318841.143, 117
Trd, 4318843.093, 106
Trd, 4318843.543, 92
Trd, 4318843.893, 103
Trd, 4318844.393, 91
Trd, 4318844.743, 106
Trd, 4318846.743, 70
Trd, 4318847.443, 93
Trd, 4318848.343, 130
Trd, 4318849.743, 119
Trd, 4318850.293, 119
Trd, 4318851.943, 119
Trd, 4318853.343, 92
Trd, 4318854.093, 95
Trd, 4318854.293, 127
Trd, 4318855.643, 112
Trd, 4318856.593, 129
Trd, 4318857.593, 96
Trd, 4318858.293, 78
Trd, 4318860.143, 127
Trd, 4318860.443, 110
Trd, 4318860.743, 101
Trd, 4318861.843, 97
Trd, 4318862.543, 61
Trd, 4318863.493, 131
Trd, 4318864.443, 119
Trd, 4318865.243, 126
Trd, 4318865.293, 101
Trd, 4318866.543, 121
Trd, 4318867.343, 125
Trd, 4318867.593, 124
Trd, 4318868.093, 100
Trd, 4318869.193, 125
Trd, 4318869.593, 86
Trd, 4318870.693, 133
Trd, 4318872.543, 140
Trd, 4318872.943, 126
Trd, 4318873.543, 127
Trd, 4318874.093, 130
Trd, 4318874.543, 77
Trd, 4318874.743, 114
Trd, 4318874.843, 126
Trd, 4318874.943, 105
Trd, 4318875.643, 86
Trd, 4318878.043, 129
Trd, 4318878.643, 103
Trd, 4318879.693, 65
Trd, 4318881.093, 119
Trd, 4318881.543, 119
Trd, 4318882.143, 131
Trd, 4318882.443, 120
Trd, 4318883.543, 111
Trd, 4318884.793, 103
Trd, 4318885.193, 89
Trd, 4318885.693, 92
Trd, 4318886.693, 132
Trd, 4318886.943, 66
Trd, 4318887.293, 70
Trd, 4318888.393, 67
Trd, 4318888.593, 99
Trd, 4318890.243, 125
Trd, 4318890.443, 116
Trd, 4318890.943, 101
Trd, 4318891.843, 79
Trd, 4318893.443, 124
Trd, 4318894.193, 92
Trd, 4318895.043, 105
Trd, 4318895.943, 92
Trd, 4318896.793, 105
Trd, 4318896.993, 61
Trd, 4318897.693, 62
Trd, 4318898.343, 129
Trd, 4318899.493, 119
Trd, 4318901.343, 131
Trd, 4318901.493, 128
Trd, 4318901.843, 116
Trd, 4318903.043, 79
Trd, 4318904.143, 131
Trd, 4318904.543, 113
Trd, 4318906.193, 110
Trd, 4318906.343, 87
Trd, 4318907.343, 85
Trd, 4318907.993, 96
Trd, 4318909.193, 111
Trd, 4318909.793, 103
Trd, 4318910.493, 118
Trd, 4318910.693, 127
Trd, 4318911.893, 64
Trd, 4318912.093, 102
Trd, 4318912.543, 65
Trd, 4318914.193, 123
Trd, 4318914.643, 106
Trd, 4318915.593, 114
Trd, 4318916.143, 106
Trd, 4318916.243, 105
Trd, 4318918.743, 62
Trd, 4318919.643, 81
Trd, 4318920.843, 127
Trd, 4318920.993, 110
Trd, 4318921.193, 121
Trd, 4318922.943, 111
Trd, 4318923.843, 117
Trd, 4318924.593, 107
Trd, 4318925.043, 101
Trd, 4318926.443, 120
Trd, 4318926.543, 108
Trd, 4318927.593, 105
Trd, 4318929.193, 140
Trd, 4318929.293, 138
Trd, 4318929.393, 115
Trd, 4318930.593, 117
Trd, 4318931.493, 104
Trd, 4318932.593, 115
Trd, 4318933.343, 125
Trd, 4318934.443, 126
Trd, 4318934.893, 122
Trd, 4318935.393, 96
Trd, 4318935.943, 131
Trd, 4318937.043, 87
Trd, 4318938.343, 85
Trd, 4318938.443, 91
Trd, 4318939.093, 91
Trd, 4318939.443, 113
Trd, 4318940.243, 109
Trd, 4318942.093, 108
Trd, 4318942.843, 134
Trd, 4318943.043, 91
Trd, 4318943.343, 96
Trd, 4318943.843, 114
Trd, 4318944.193, 116
Trd, 4318945.843, 119
Trd, 4318947.043, 130
Trd, 4318947.193, 123
Trd, 4318947.543, 86
Trd, 4318948.693, 112
Trd, 4318948.993, 123
Trd, 4318949.693, 111
Trd, 4318951.043, 111
Trd, 4318951.893, 105
Trd, 4318951.943, 121
Trd, 4318952.593, 123
Trd, 4318954.643, 100
Trd, 4318954.893, 89
Trd, 4318955.993, 103
Trd, 4318957.243, 113
Trd, 4318957.543, 114
Trd, 4318957.593, 107
Trd, 4318959.893, 113
Trd, 4318960.193, 116
Trd, 4318960.643, 119
Trd, 4318960.793, 106
Trd, 4318961.043, 114
Trd, 4318962.943, 93
Trd, 4318963.193, 119
Trd, 4318964.243, 86
Trd, 4318964.493, 117
Trd, 4318966.443, 113
Trd, 4318966.943, 94
Trd, 4318968.143, 122
Trd, 4318968.993, 92
Trd, 4318969.193, 92
Trd, 4318970.343, 115
Trd, 4318970.443, 127
Trd, 4318971.193, 116
Trd, 4318971.343, 128
Trd, 4318974.443, 125
Trd, 4318975.293, 112
Trd, 4318976.893, 118
Trd, 4318978.093, 124
Trd, 4318978.243, 124
Trd, 4318978.393, 117
Trd, 4318978.793, 95
Trd, 4318980.343, 72
Trd, 4318980.593, 91
Trd, 4318980.843, 71
Trd, 4318981.543, 127
Trd, 4318981.943, 108
Trd, 4318983.393, 91
Trd, 4318985.193, 92
Trd, 4318985.493, 94
Trd, 4318985.843, 75
Trd, 4318986.143, 139
Trd, 4318986.443, 71
Trd, 4318986.593, 61
Trd, 4318987.393, 114
Trd, 4318987.493, 98
Trd, 4318988.343, 87
Trd, 4318988.793, 93
Trd, 4318990.593, 128
Trd, 4318991.743, 124
Trd, 4318991.893, 88
Trd, 4318992.443, 140
Trd, 4318993.343, 133
Trd, 4318994.543, 103
Trd, 4318995.543, 109
Trd, 4318996.193, 110
Trd, 4318998.393, 107
Trd, 4318998.543, 93
Trd, 4318998.943, 88
Trd, 4318999.643, 139
Trd, 4319000.143, 123
Trd, 4319001.993, 84
Trd, 4319002.993, 87
Trd, 4319004.593, 124
Trd, 4319006.143, 111
Trd, 4319007.893, 84
Trd, 4319009.443, 107
Trd, 4319010.093, 119
Trd, 4319010.993, 108
Trd, 4319011.193, 130
Trd, 4319011.943, 96
Trd, 4319012.043, 92
Trd, 4319012.493, 101
Trd, 4319013.093, 103
Trd, 4319016.743, 130
Trd, 4319017.593, 115
Trd, 4319018.043, 116
Trd, 4319018.743, 93
Trd, 4319020.393, 126
Trd, 4319020.993, 116
Trd, 4319023.593, 129
Trd, 4319023.643, 126
Trd, 4319024.543, 121
Trd, 4319025.643, 127
Trd, 4319026.493, 120
Trd, 4319028.293, 111
Trd, 4319028.443, 124
Trd, 4319028.493, 90
Trd, 4319030.443, 105
Trd, 4319030.693, 100
Trd, 4319032.093, 89
Trd, 4319032.443, 96
Trd, 4319033.443, 105
Trd, 4319033.943, 66
Trd, 4319034.943, 87
Trd, 4319036.243, 128
Trd, 4319036.543, 105
Trd, 4319038.593, 86
Trd, 4319039.293, 68
Trd, 4319039.643, 96
Trd, 4319040.293, 71
Trd, 4319040.493, 118
Trd, 4319040.743, 136
Trd, 4319042.193, 115
Trd, 4319042.893, 101
Trd, 4319043.893, 128
Trd, 4319044.443, 118
Trd, 4319044.693, 120
Trd, 4319046.393, 112
Trd, 4319046.593, 124
Trd, 4319046.943, 135
Trd, 4319047.243, 100
Trd, 4319048.643, 133
Trd, 4319051.243, 133
Trd, 4319051.443, 99
Trd, 4319052.393, 71
Trd, 4319052.493, 104
Trd, 4319052.793, 75
Trd, 4319053.393, 133
Trd, 4319053.643, 93
Trd, 4319054.943, 126
Trd, 4319055.743, 134
Trd, 4319056.793, 91
Trd, 4319058.443, 124
Trd, 4319060.693, 135
Trd, 4319061.293, 118
Trd, 4319061.743, 118
Trd, 4319062.593, 83
Trd, 4319063.443, 110
Trd, 4319064.693, 124
Trd, 4319065.293, 93
Trd, 4319065.993, 132
Trd, 4319067.793, 111
Trd, 4319068.543, 106
Trd, 4319068.843, 113
Trd, 4319069.343, 99
Trd, 4319069.993, 105
Trd, 4319071.143, 119
Trd, 4319071.243, 76
Trd, 4319071.443, 75
Trd, 4319072.293, 76
Trd, 4319072.443, 75
Trd, 4319073.343, 77
Trd, 4319074.543, 117
Trd, 4319075.043, 140
Trd, 4319075.893, 132
Trd, 4319076.743, 99
Trd, 4319077.293, 115
Trd, 4319077.443, 123
Trd, 4319079.743, 125
Trd, 4319081.793, 128
Trd, 4319082.543, 90
Trd, 4319082.793, 89
Trd, 4319084.643, 131
Trd, 4319085.443, 100
Trd, 4319086.993, 122
Trd, 4319087.593, 135
Trd, 4319089.043, 126
Trd, 4319089.643, 115
Trd, 4319090.743, 118
Trd, 4319091.743, 133
Trd, 4319092.993, 135
Trd, 4319093.793, 103
Trd, 4319093.943, 94
Trd, 4319095.393, 122
Trd, 4319095.993, 103
Trd, 4319096.693, 74
Trd, 4319097.443, 95
Trd, 4319097.493, 94
Trd, 4319097.843, 66
Trd, 4319098.843, 70
Trd, 4319099.443, 87
Trd, 4319100.193, 121
Trd, 4319101.343, 76
Trd, 4319101.593, 102
Trd, 4319102.893, 120
Trd, 4319103.293, 137
Trd, 4319104.293, 110
Trd, 4319106.043, 95
Trd, 4319106.343, 110
Trd, 4319108.293, 124
Trd, 4319108.543, 131
Trd, 4319108.843, 99
Trd, 4319111.743, 125
Trd, 4319112.293, 78
Trd, 4319112.493, 116
Trd, 4319112.643, 75
Trd, 4319113.593, 92
Trd, 4319113.893, 95
Trd, 4319114.393, 106
Trd, 4319114.743, 114
Trd, 4319114.943, 103
Trd, 4319115.543, 93
Trd, 4319116.443, 106
Trd, 4319116.843, 139
Trd, 4319117.793, 106
Trd, 4319118.193, 105
Trd, 4319118.543, 107
Trd, 4319119.293, 116
Trd, 4319120.043, 123
Trd, 4319121.193, 113
Trd, 4319122.193, 73
Trd, 4319122.593, 124
Trd, 4319124.643, 130
Trd, 4319126.143, 92
Trd, 4319127.243, 122
Trd, 4319128.143, 121
Trd, 4319128.443, 91
Trd, 4319128.893, 112
Trd, 4319129.193, 100
Trd, 4319130.393, 87
Trd, 4319131.943, 132
Trd, 4319133.543, 87
Trd, 4319133.693, 97
Trd, 4319133.943, 117
Trd, 4319134.243, 128
Trd, 4319135.993, 86
Trd, 4319136.293, 99
Trd, 4319136.793, 81
Trd, 4319137.893, 79
Trd, 4319138.093, 137
Trd, 4319139.193, 110
Trd, 4319140.993, 105
Trd, 4319142.743, 105
Trd, 4319142.893, 88
Trd, 4319143.643, 132
Trd, 4319144.043, 88
Trd, 4319144.893, 102
Trd, 4319145.393, 109
Trd, 4319145.693, 123
Trd, 4319145.743, 103
Trd, 4319147.093, 133
Trd, 4319148.943, 137
Trd, 4319149.443, 78
Trd, 4319149.743, 104
Trd, 4319150.143, 136
Trd, 4319150.493, 118
Trd, 4319153.393, 103
Trd, 4319153.843, 100
Trd, 4319154.293, 81
Trd, 4319154.793, 102
Trd, 4319156.193, 121
Trd, 4319156.343, 107
Trd, 4319156.843, 105
Trd, 4319157.543, 125
Trd, 4319158.343, 96
Trd, 4319159.843, 106
Trd, 4319160.193, 110
Trd, 4319160.243, 123
Trd, 4319160.743, 100
Trd, 4319161.693, 124
Trd, 4319162.343, 119
Trd, 4319162.743, 101
Trd, 4319163.693, 110
Trd, 4319164.243, 85
Trd, 4319166.393, 106
Trd, 4319166.743, 114
Trd, 4319168.693, 105
Trd, 4319170.693, 131
Trd, 4319170.993, 100
Trd, 4319171.693, 136
Trd, 4319172.693, 140
Trd, 4319172.893, 85
Trd, 4319173.193, 84
Trd, 4319174.243, 86
Trd, 4319174.893, 88
Trd, 4319175.593, 92
Trd, 4319177.193, 116
Trd, 4319177.493, 129
Trd, 4319177.743, 132
Trd, 4319178.843, 107
Trd, 4319179.993, 127
Trd, 4319180.493, 107
Trd, 4319181.143, 88
Trd, 4319181.343, 115
Trd, 4319182.093, 85
Trd, 4319184.093, 125
Trd, 4319184.593, 71
Trd, 4319184.693, 72
Trd, 4319185.643, 100
Trd, 4319186.743, 117
Trd, 4319186.793, 78
Trd, 4319188.743, 107
Trd, 4319188.943, 121
Trd, 4319190.293, 135
Trd, 4319190.893, 127
Trd, 4319190.943, 121
Trd, 4319192.193, 102
Trd, 4319192.543, 82
Trd, 4319193.193, 124
Trd, 4319193.993, 119
Trd, 4319194.193, 109
Trd, 4319195.043, 112
Trd, 4319195.193, 104
Trd, 4319195.993, 120
Trd, 4319196.693, 114
Trd, 4319196.843, 111
Trd, 4319198.693, 85
Trd, 4319200.393, 66
Trd, 4319201.143, 81
Trd, 4319201.393, 68
Trd, 4319202.343, 124
Trd, 4319203.693, 137
Trd, 4319204.643, 132
Trd, 4319205.893, 106
Trd, 4319206.393, 90
Trd, 4319208.043, 88
Trd, 4319208.843, 72
Trd, 4319209.693, 69
Trd, 4319210.293, 90
Trd, 4319210.393, 100
Trd, 4319210.593, 98
Trd, 4319211.043, 112
Trd, 4319212.543, 115
Trd, 4319213.693, 103
Trd, 4319214.243, 99
Trd, 4319214.743, 90
Trd, 4319215.093, 121
Trd, 4319215.243, 85
Trd, 4319215.793, 74
Trd, 4319216.843, 107
Trd, 4319219.193, 120
Trd, 4319219.443, 96
Trd, 4319221.193, 120
Trd, 4319221.343, 108
Trd, 4319221.893, 118
Trd, 4319222.893, 104
Trd, 4319223.893, 128
Trd, 4319224.493, 91
Trd, 4319226.193, 121
Trd, 4319226.943, 84
Trd, 4319228.093, 107
Trd, 4319228.193, 79
Trd, 4319228.743, 98
Trd, 4319229.343, 135
Trd, 4319230.493, 117
Trd, 4319231.093, 104
Trd, 4319231.493, 121
Trd, 4319232.393, 135
Trd, 4319233.043, 95
Trd, 4319234.543, 120
Trd, 4319235.093, 113
Trd, 4319235.193, 90
Trd, 4319235.443, 85
Trd, 4319235.793, 98
Trd, 4319237.243, 131
Trd, 4319239.143, 96
Trd, 4319240.893, 124
Trd, 4319241.093, 79
Trd, 4319241.193, 72
Trd, 4319241.793, 87
Trd, 4319243.193, 96
Trd, 4319244.693, 107
Trd, 4319246.093, 132
Trd, 4319246.993, 127
Trd, 4319247.593, 110
Trd, 4319248.693, 115
Trd, 4319249.293, 84
Trd, 4319251.343, 79
Trd, 4319251.643, 74
Trd, 4319252.143, 108
Trd, 4319252.543, 62
Trd, 4319252.993, 83
Trd, 4319254.193, 99
Trd, 4319254.743, 69
Trd, 4319255.143, 69
Trd, 4319256.343, 108
Trd, 4319256.693, 99
Trd, 4319258.443, 101
Trd, 4319259.393, 123
Trd, 4319260.543, 101
Trd, 4319261.093, 101
Trd, 4319261.393, 115
Trd, 4319262.043, 69
Trd, 4319262.743, 70
Trd, 4319263.793, 113
Trd, 4319264.443, 131
Trd, 4319264.593, 120
Trd, 4319265.793, 107
Trd, 4319267.793, 129
Trd, 4319267.993, 117
Trd, 4319270.343, 135
Trd, 4319270.493, 100
Trd, 4319271.593, 118
Trd, 4319272.043, 137
Trd, 4319272.693, 108
Trd, 4319272.943, 110
Trd, 4319273.943, 95
Trd, 4319274.593, 85
Trd, 4319275.293, 101
Trd, 4319275.343, 108
Trd, 4319275.693, 107
Trd, 4319276.893, 102
Trd, 4319279.093, 109
Trd, 4319279.143, 102
Trd, 4319279.343, 88
Trd, 4319280.993, 101
Trd, 4319281.993, 77
Trd, 4319282.543, 81
Trd, 4319283.993, 131
Trd, 4319284.393, 92
Trd, 4319285.093, 86
Trd, 4319286.593, 79
Trd, 4319287.743, 94
Trd, 4319289.543, 127
Trd, 4319289.943, 107
Trd, 4319291.293, 116
Trd, 4319291.793, 129
Trd, 4319291.893, 107
Trd, 4319292.893, 134
Trd, 4319293.493, 131
Trd, 4319293.843, 107
Trd, 4319294.593, 73
Trd, 4319295.793, 113
Trd, 4319295.943, 108
Trd, 4319296.893, 103
Trd, 4319297.843, 128
Trd, 4319298.243, 117
Trd, 4319299.993, 140
Trd, 4319302.643, 134
Trd, 4319302.893, 90
Trd, 4319303.293, 89
Trd, 4319303.393, 83
Trd, 4319304.893, 88
Trd, 4319305.243, 65
Trd, 4319305.343, 132
Trd, 4319306.593, 119
Trd, 4319307.793, 79
Trd, 4319308.443, 68
Trd, 4319309.393, 63
Trd, 4319309.993, 97
Trd, 4319310.543, 113
Trd, 4319311.093, 60
Trd, 4319312.793, 124
Trd, 4319315.943, 120
Trd, 4319315.993, 126
Trd, 4319317.193, 140
Trd, 4319318.393, 111
Trd, 4319318.593, 127
Trd, 4319319.943, 103
Trd, 4319320.743, 130
Trd, 4319320.993, 82
Trd, 4319321.243, 110
Trd, 4319322.243, 65
Trd, 4319322.593, 98
Trd, 4319324.293, 122
Trd, 4319324.843, 111
Trd, 4319325.143, 102
Trd, 4319326.293, 108
Trd, 4319326.593, 90
Trd, 4319327.093, 125
Trd, 4319327.643, 102
Trd, 4319328.993, 107
Trd, 4319329.293, 106
Trd, 4319330.443, 105
Trd, 4319330.943, 122
Trd, 4319331.843, 111
Trd, 4319332.943, 76
Trd, 4319333.193, 73
Trd, 4319334.293, 131
Trd, 4319334.843, 76
Trd, 4319336.043, 121
Trd, 4319336.843, 124
Trd, 4319338.943, 123
Trd, 4319339.393, 84
Trd, 4319339.793, 88
Trd, 4319341.493, 108
Trd, 4319341.643, 64
Trd, 4319341.993, 75
Trd, 4319342.843, 111
Trd, 4319343.743, 125
Trd, 4319344.543, 134
Trd, 4319344.943, 129
Trd, 4319345.443, 128
Trd, 4319345.593, 125
Trd, 4319346.993, 131
Trd, 4319347.293, 123
Trd, 4319347.693, 139
Trd, 4319347.743, 78
Trd, 4319348.443, 80
Trd, 4319349.693, 78
Trd, 4319350.593, 71
Trd, 4319351.393, 114
Trd, 4319351.693, 100
Trd, 4319352.243, 98
Trd, 4319353.143, 113
Trd, 4319355.393, 79
Trd, 4319356.043, 121
Trd, 4319356.893, 74
Trd, 4319357.543, 132
Trd, 4319358.093, 126
Trd, 4319358.193, 110
Trd, 4319358.643, 128
Trd, 4319359.693, 128
Trd, 4319360.543, 86
Trd, 4319360.893, 85
Trd, 4319361.793, 62
Trd, 4319362.293, 76
Trd, 4319363.593, 108
Trd, 4319364.243, 119
Trd, 4319364.693, 114
Trd, 4319365.593, 131
Trd, 4319366.293, 101
Trd, 4319366.443, 97
Trd, 4319366.793, 71
Trd, 4319367.543, 75
Trd, 4319367.893, 94
Trd, 4319368.393, 116
Trd, 4319369.443, 128
Trd, 4319369.943, 90
Trd, 4319371.043, 109
Trd, 4319372.243, 77
Trd, 4319372.793, 94
Trd, 4319373.643, 108
Trd, 4319373.743, 103
Trd, 4319375.293, 131
Trd, 4319375.593, 127
Trd, 4319377.243, 124
Trd, 4319377.443, 122
Trd, 4319378.493, 96
Trd, 4319378.793, 102
Trd, 4319380.393, 92
Trd, 4319381.343, 112
Trd, 4319381.443, 111
Trd, 4319382.243, 116
Trd, 4319382.793, 112
Trd, 4319383.493, 75
Trd, 4319383.793, 135
Trd, 4319384.443, 99
Trd, 4319385.493, 123
Trd, 4319387.393, 120
Trd, 4319388.343, 100
Trd, 4319388.743, 108
Trd, 4319389.493, 80
Trd, 4319389.893, 95
Trd, 4319391.093, 73
Trd, 4319391.193, 87
Trd, 4319393.393, 126
Trd, 4319393.543, 121
Trd, 4319394.743, 100
Trd, 4319394.993, 91
Trd, 4319395.893, 95
Trd, 4319396.493, 112
Trd, 4319398.993, 123
Trd, 4319399.143, 121
Trd, 4319399.293, 132
Trd, 4319400.143, 125
Trd, 4319400.593, 126
Trd, 4319400.643, 121
Trd, 4319402.093, 71
Trd, 4319403.193, 115
Trd, 4319404.393, 92
Trd, 4319405.743, 79
Trd, 4319406.443, 104
Trd, 4319408.493, 110
Trd, 4319408.593, 99
Trd, 4319408.793, 86
Trd, 4319409.143, 105
Trd, 4319410.043, 103
Trd, 4319410.193, 118
Trd, 4319411.693, 128
Trd, 4319412.393, 130
Trd, 4319413.793, 140
Trd, 4319414.193, 109
Trd, 4319414.843, 86
Trd, 4319415.493, 124
Trd, 4319415.593, 112
Trd, 4319416.793, 130
Trd, 4319417.893, 105
Trd, 4319418.793, 95
Trd, 4319419.293, 98
Trd, 4319420.793, 113
Trd, 4319421.093, 75
Trd, 4319421.493, 61
Trd, 4319422.093, 115
Trd, 4319422.343, 99
Trd, 4319422.643, 77
Trd, 4319423.143, 125
Trd, 4319424.143, 137
Trd, 4319425.793, 122
Trd, 4319426.143, 114
Trd, 4319426.193, 109
Trd, 4319426.793, 104
Trd, 4319427.643, 128
Trd, 4319428.893, 134
Trd, 4319430.143, 131
Trd, 4319432.293, 117
Trd, 4319432.443, 105
Trd, 4319432.843, 98
Trd, 4319433.593, 112
Trd, 4319435.993, 113
Trd, 4319436.043, 111
Trd, 4319437.543, 133
Trd, 4319438.393, 140
Trd, 4319438.993, 118
Trd, 4319439.993, 109
Trd, 4319440.443, 97
Trd, 4319440.843, 109
Trd, 4319441.243, 128
Trd, 4319442.193, 109
Trd, 4319443.993, 121
Trd, 4319444.143, 100
Trd, 4319444.443, 131
Trd, 4319444.593, 138
Trd, 4319446.543, 108
Trd, 4319446.843, 110
Trd, 4319448.043, 106
Trd, 4319448.943, 119
Trd, 4319449.343, 111
Trd, 4319449.543, 132
Trd, 4319449.993, 110
Trd, 4319451.143, 69
Trd, 4319451.793, 88
Trd, 4319452.543, 122
Trd, 4319452.843, 125
Trd, 4319453.843, 77
Trd, 4319454.043, 116
Trd, 4319454.343, 126
Trd, 4319455.143, 110
Trd, 4319455.443, 124
Trd, 4319455.693, 107
Trd, 4319457.143, 110
Trd, 4319458.043, 109
Trd, 4319459.043, 109
Trd, 4319459.093, 107
Trd, 4319460.343, 106
Trd, 4319461.343, 97
Trd, 4319461.393, 80
Trd, 4319464.493, 93
Trd, 4319464.793, 124
Trd, 4319466.343, 112
Trd, 4319467.393, 88
Trd, 4319468.043, 116
Trd, 4319468.593, 133
Trd, 4319468.793, 96
Trd, 4319468.843, 93
Trd, 4319470.743, 125
Trd, 4319471.043, 129
Trd, 4319471.893, 131
Trd, 4319472.343, 117
Trd, 4319473.143, 138
Trd, 4319473.943, 60
Trd, 4319474.193, 62
Trd, 4319474.393, 62
Trd, 4319475.243, 73
Trd, 4319477.143, 80
Trd, 4319477.593, 103
Trd, 4319478.793, 73
Trd, 4319479.093, 140
Trd, 4319479.693, 136
Trd, 4319479.843, 104
Trd, 4319481.043, 119
Trd, 4319481.093, 109
Trd, 4319482.243, 138
Trd, 4319483.593, 114
Trd, 4319483.843, 88
Trd, 4319484.443, 116
Trd, 4319484.643, 88
Trd, 4319485.643, 120
Trd, 4319486.043, 121
Trd, 4319487.293, 90
Trd, 4319487.493, 95
Trd, 4319487.743, 122
Trd, 4319488.143, 83
Trd, 4319489.343, 113
Trd, 4319491.543, 119
Trd, 4319491.893, 139
Trd, 4319492.543, 127
Trd, 4319492.943, 108
Trd, 4319493.993, 106
Trd, 4319494.443, 111
Trd, 4319495.643, 93
Trd, 4319496.843, 104
Trd, 4319497.043, 111
Trd, 4319498.593, 77
Trd, 4319499.143, 129
Trd, 4319500.643, 132
Trd, 4319501.193, 75
Trd, 4319501.643, 74
Trd, 4319501.693, 74
Trd, 4319502.143, 126
Trd, 4319502.993, 129
Trd, 4319503.643, 121
Trd, 4319504.443, 92
Trd, 4319506.493, 105
Trd, 4319507.393, 95
Trd, 4319508.343, 104
Trd, 4319509.193, 74
Trd, 4319509.993, 139
Trd, 4319510.693, 98
Trd, 4319511.643, 61
Trd, 4319511.793, 68
Trd, 4319513.093, 95
Trd, 4319514.893, 125
Trd, 4319515.193, 116
Trd, 4319515.893, 109
Trd, 4319516.493, 91
Trd, 4319516.943, 125
Trd, 4319517.893, 107
Trd, 4319519.543, 98
Trd, 4319519.793, 83
Trd, 4319520.543, 91
Trd, 4319522.743, 111
Trd, 4319522.993, 91
Trd, 4319523.093, 80
Trd, 4319523.243, 108
Trd, 4319524.643, 103
Trd, 4319524.693, 117
Trd, 4319525.493, 75
Trd, 4319525.593, 66
Trd, 4319528.343, 102
Trd, 4319528.893, 119
Trd, 4319529.543, 124
Trd, 4319530.493, 97
Trd, 4319530.843, 133
Trd, 4319532.643, 113
Trd, 4319533.393, 113
Trd, 4319534.043, 128
Trd, 4319534.993, 139
Trd, 4319536.093, 126
Trd, 4319537.743, 101
Trd, 4319538.793, 94
Trd, 4319539.093, 108
Trd, 4319540.243, 109
Trd, 4319540.293, 64
Trd, 4319541.143, 112
Trd, 4319543.493, 87
Trd, 4319544.443, 136
Trd, 4319545.043, 90
Trd, 4319545.243, 92
Trd, 4319545.943, 89
Trd, 4319546.993, 97
Trd, 4319547.243, 75
Trd, 4319548.593, 84
Trd, 4319549.993, 85
Trd, 4319550.293, 99
Trd, 4319550.393, 82
Trd, 4319551.043, 103
Trd, 4319551.993, 98
Trd, 4319552.493, 111
Trd, 4319552.793, 63
Trd, 4319553.743, 138
Trd, 4319554.593, 91
Trd, 4319555.893, 137
Trd, 4319556.593, 79
Trd, 4319556.943, 119
Trd, 4319557.893, 88
Trd, 4319557.993, 108
Trd, 4319558.043, 112
Trd, 4319558.943, 134
Trd, 4319561.643, 83
Trd, 4319561.943, 96
Trd, 4319562.893, 100
Trd, 4319563.093, 83
Trd, 4319564.543, 124
Trd, 4319565.543, 115
Trd, 4319565.693, 104
Trd, 4319566.093, 129
Trd, 4319567.793, 115
Trd, 4319569.793, 115
Trd, 4319569.943, 115
Trd, 4319570.043, 108
Trd, 4319572.443, 126
Trd, 4319572.843, 129
Trd, 4319574.793, 91
Trd, 4319575.343, 117
Trd, 4319575.693, 140
Trd, 4319576.443, 99
Trd, 4319576.843, 89
Trd, 4319578.493, 71
Trd, 4319578.543, 112
Trd, 4319581.193, 81
Trd, 4319581.243, 91
Trd, 4319581.343, 108
Trd, 4319581.443, 104
Trd, 4319582.393, 79
Trd, 4319582.843, 89
Trd, 4319582.993, 134
Trd, 4319584.543, 81
Trd, 4319584.643, 66
Trd, 4319584.843, 61
Trd, 4319586.093, 87
Trd, 4319586.693, 73
Trd, 4319587.843, 88
Trd, 4319588.143, 67
Trd, 4319588.893, 123
Trd, 4319590.343, 127
Trd, 4319590.893, 102
Trd, 4319591.593, 111
Trd, 4319593.043, 121
Trd, 4319594.043, 129
Trd, 4319594.293, 111
Trd, 4319595.093, 107
Trd, 4319596.293, 110
Trd, 4319597.743, 109
Trd, 4319598.793, 98
Trd, 4319599.243, 96
Trd, 4319600.243, 118
Trd, 4319601.093, 104
Trd, 4319601.193, 86
Trd, 4319601.843, 87
Trd, 4319604.043, 89
Trd, 4319604.143, 71
Trd, 4319604.493, 102
Trd, 4319605.793, 99
Trd, 4319606.393, 85
Trd, 4319606.643, 108
Trd, 4319607.993, 82
Trd, 4319609.043, 72
Trd, 4319609.193, 121
Trd, 4319609.793, 103
Trd, 4319610.793, 74
Trd, 4319612.493, 127
Trd, 4319613.043, 110
Trd, 4319613.293, 98
Trd, 4319614.293, 123
Trd, 4319614.993, 78
Trd, 4319615.243, 67
Trd, 4319616.893, 69
Trd, 4319617.493, 105
Trd, 4319618.443, 120
Trd, 4319618.893, 120
Trd, 4319619.893, 116
Trd, 4319619.993, 97
Trd, 4319622.693, 105
Trd, 4319623.143, 103
Trd, 4319623.243, 125
Trd, 4319624.643, 114
Trd, 4319625.243, 115
Trd, 4319625.693, 101
Trd, 4319626.793, 84
Trd, 4319627.993, 66
Trd, 4319629.393, 66
Trd, 4319629.593, 113
Trd, 4319630.093, 136
Trd, 4319630.743, 103
Trd, 4319631.493, 70
Trd, 4319632.593, 124
Trd, 4319635.643, 117
Trd, 4319636.143, 86
Trd, 4319636.543, 118
Trd, 4319637.143, 124
Trd, 4319637.193, 113
Trd, 4319638.243, 130
Trd, 4319638.643, 125
Trd, 4319638.843, 118
Trd, 4319639.743, 127
Trd, 4319640.043, 106
Trd, 4319640.843, 121
Trd, 4319642.493, 138
Trd, 4319642.543, 125
Trd, 4319643.643, 116
Trd, 4319643.693, 123
Trd, 4319643.743, 115
Trd, 4319644.293, 113
Trd, 4319646.143, 107
Trd, 4319647.043, 137
Trd, 4319647.343, 98
Trd, 4319648.143, 128
Trd, 4319648.793, 94
Trd, 4319649.043, 85
Trd, 4319649.493, 115
Trd, 4319650.243, 124
Trd, 4319650.743, 104
Trd, 4319651.243, 84
Trd, 4319651.443, 106
Trd, 4319651.993, 98
Trd, 4319652.443, 126
Trd, 4319652.793, 108
Trd, 4319652.843, 86
Trd, 4319653.193, 93
Trd, 4319654.293, 115
Trd, 4319655.393, 134
Trd, 4319655.443, 108
Trd, 4319656.343, 115
Trd, 4319657.793, 73
Trd, 4319658.593, 123
Trd, 4319659.193, 107
Trd, 4319659.393, 129
Trd, 4319661.493, 112
Trd, 4319662.593, 129
Trd, 4319662.693, 105
Trd, 4319663.393, 80
Trd, 4319664.193, 76
Trd, 4319665.543, 93
Trd, 4319666.093, 81
Trd, 4319667.393, 82
Trd, 4319667.793, 81
Trd, 4319668.343, 81
Trd, 4319668.893, 93
Trd, 4319669.443, 118
Trd, 4319669.793, 129
Trd, 4319671.143, 86
Trd, 4319673.893, 101
Trd, 4319674.343, 122
Trd, 4319674.793, 126
Trd, 4319675.293, 135
Trd, 4319675.693, 115
Trd, 4319677.493, 105
Trd, 4319677.743, 100
Trd, 4319678.293, 132
Trd, 4319679.243, 105
Trd, 4319679.293, 94
Trd, 4319680.593, 107
Trd, 4319681.193, 87
Trd, 4319682.443, 98
Trd, 4319682.943, 112
Trd, 4319683.293, 86
Trd, 4319684.243, 108
Trd, 4319684.543, 110
Trd, 4319685.793, 96
Trd, 4319686.193, 109
Trd, 4319686.343, 95
Trd, 4319686.943, 97
Trd, 4319687.793, 84
Trd, 4319688.693, 78
Trd, 4319689.493, 81
Trd, 4319691.043, 119
Trd, 4319693.393, 137
Trd, 4319693.843, 118
Trd, 4319694.393, 114
Trd, 4319694.693, 101
Trd, 4319695.393, 138
Trd, 4319698.693, 123
Trd, 4319699.293, 110
Trd, 4319699.793, 99
Trd, 4319700.093, 120
Trd, 4319701.343, 113
Trd, 4319702.843, 82
Trd, 4319702.893, 96
Trd, 4319703.343, 133
Trd, 4319703.943, 102
Trd, 4319705.543, 102
Trd, 4319705.693, 89
Trd, 4319706.343, 132
Trd, 4319706.543, 117
Trd, 4319707.593, 93
Trd, 4319707.743, 74
Trd, 4319709.293, 125
Trd, 4319709.593, 122
Trd, 4319710.693, 140
Trd, 4319711.543, 105
Trd, 4319712.043, 125
Trd, 4319712.543, 117
Trd, 4319713.343, 80
Trd, 4319713.943, 77
Trd, 4319714.493, 60
Trd, 4319714.643, 83
Trd, 4319715.443, 131
Trd, 4319715.843, 140
Trd, 4319716.293, 118
Trd, 4319716.843, 140
Trd, 4319719.143, 108
Trd, 4319719.893, 107
Trd, 4319720.143, 115
Trd, 4319720.443, 113
Trd, 4319720.643, 93
Trd, 4319723.493, 125
Trd, 4319724.043, 106
Trd, 4319725.093, 67
Trd, 4319725.843, 99
Trd, 4319725.893, 93
Trd, 4319726.193, 108
Trd, 4319726.393, 122
Trd, 4319728.143, 101
Trd, 4319728.243, 80
Trd, 4319728.643, 123
Trd, 4319729.043, 100
Trd, 4319730.343, 94
Trd, 4319730.493, 88
Trd, 4319731.293, 92
Trd, 4319731.443, 89
Trd, 4319733.243, 119
Trd, 4319733.393, 110
Trd, 4319734.193, 111
Trd, 4319734.743, 123
Trd, 4319736.793, 92
Trd, 4319737.443, 126
Trd, 4319737.543, 109
Trd, 4319737.843, 95
Trd, 4319738.893, 85
Trd, 4319739.193, 82
Trd, 4319739.993, 108
Trd, 4319740.643, 138
Trd, 4319741.593, 127
Trd, 4319742.693, 90
Trd, 4319743.443, 68
Trd, 4319744.043, 131
Trd, 4319745.093, 78
Trd, 4319745.543, 138
Trd, 4319746.793, 121
Trd, 4319747.093, 108
Trd, 4319747.693, 98
Trd, 4319747.843, 114
Trd, 4319748.743, 83
Trd, 4319749.543, 80
Trd, 4319750.843, 73
Trd, 4319751.043, 74
Trd, 4319751.493, 84
Trd, 4319752.193, 85
Trd, 4319753.393, 99
Trd, 4319753.943, 104
Trd, 4319755.843, 103
Trd, 4319758.043, 119
Trd, 4319759.293, 73
Trd, 4319760.443, 90
Trd, 4319761.493, 137
Trd, 4319761.793, 113
Trd, 4319762.493, 79
Trd, 4319763.393, 123
Trd, 4319764.393, 115
Trd, 4319764.743, 93
Trd, 4319765.493, 88
Trd, 4319766.343, 111
Trd, 4319767.243, 81
Trd, 4319767.293, 119
Trd, 4319767.493, 75
Trd, 4319767.843, 93
Trd, 4319768.843, 81
Trd, 4319769.193, 94
Trd, 4319769.443, 102
Trd, 4319769.543, 83
Trd, 4319770.093, 121
Trd, 4319770.443, 114
Trd, 4319773.143, 108
Trd, 4319774.543, 89
Trd, 4319775.843, 116
Trd, 4319776.243, 102
Trd, 4319776.593, 126
Trd, 4319776.693, 122
Trd, 4319777.193, 98
Trd, 4319777.993, 117
Trd, 4319778.893, 71
Trd, 4319779.493, 75
Trd, 4319779.743, 79
Trd, 4319780.043, 63
Trd, 4319781.843, 132
Trd, 4319782.343, 85
Trd, 4319782.543, 136
Trd, 4319783.293, 118
Trd, 4319784.093, 124
Trd, 4319784.443, 116
Trd, 4319784.943, 84
Trd, 4319785.443, 103
Trd, 4319787.143, 95
Trd, 4319787.343, 90
Trd, 4319788.343, 101
Trd, 4319788.393, 91
Trd, 4319791.093, 115
Trd, 4319793.643, 115
Trd, 4319794.393, 100
Trd, 4319795.543, 113
Trd, 4319795.943, 91
Trd, 4319797.993, 116
Trd, 4319798.743, 106
Trd, 4319799.393, 121
Trd, 4319799.493, 99
Trd, 4319800.593, 96
Trd, 4319802.993, 125
Trd, 4319803.643, 83
Trd, 4319804.643, 120
Trd, 4319805.343, 117
Trd, 4319806.243, 117
Trd, 4319806.493, 88
Trd, 4319808.243, 121
Trd, 4319808.293, 107
Trd, 4319808.793, 67
Trd, 4319808.993, 75
Trd, 4319809.793, 117
Trd, 4319810.143, 77
Trd, 4319810.993, 100
Trd, 4319811.593, 105
Trd, 4319812.193, 65
Trd, 4319812.243, 119
Trd, 4319812.393, 79
Trd, 4319813.343, 132
Trd, 4319813.493, 119
Trd, 4319815.893, 127
Trd, 4319817.743, 101
Trd, 4319818.793, 124
Trd, 4319819.193, 131
Trd, 4319820.293, 104
Trd, 4319820.693, 79
Trd, 4319820.843, 84
Trd, 4319822.643, 126
Trd, 4319823.743, 75
Trd, 4319823.943, 77
Trd, 4319824.693, 73
Trd, 4319825.293, 131
Trd, 4319825.393, 114
Trd, 4319826.193, 139
Trd, 4319827.743, 115
Trd, 4319828.143, 132
Trd, 4319828.993, 95
Trd, 4319829.543, 87
Trd, 4319829.593, 84
Trd, 4319830.943, 80
Trd, 4319831.193, 82
Trd, 4319831.393, 63
Trd, 4319832.543, 134
Trd, 4319833.493, 110
Trd, 4319835.443, 105
Trd, 4319836.393, 139
Trd, 4319837.393, 123
Trd, 4319837.743, 113
Trd, 4319838.893, 111
Trd, 4319840.093, 114
Trd, 4319841.343, 69
Trd, 4319841.943, 70
Trd, 4319842.393, 111
Trd, 4319842.943, 118
Trd, 4319844.593, 125
Trd, 4319844.843, 105
Trd, 4319844.943, 104
Trd, 4319845.043, 80
Trd, 4319846.843, 79
Trd, 4319847.193, 93
Trd, 4319849.093, 113
Trd, 4319849.593, 95
Trd, 4319849.793, 86
Trd, 4319851.693, 84
Trd, 4319851.793, 137
Trd, 4319852.043, 100
Trd, 4319853.193, 72
Trd, 4319853.993, 134
Trd, 4319855.593, 130
Trd, 4319856.093, 98
Trd, 4319857.793, 121
Trd, 4319858.693, 110
Trd, 4319858.993, 60
Trd, 4319859.393, 89
Trd, 4319859.743, 89
Trd, 4319860.643, 94
Trd, 4319861.143, 120
Trd, 4319861.693, 79
Trd, 4319862.193, 137
Trd, 4319862.443, 98
Trd, 4319863.093, 80
Trd, 4319865.043, 129
Trd, 4319865.843, 116
Trd, 4319865.993, 79
Trd, 4319866.043, 77
Trd, 4319866.693, 90
Trd, 4319866.793, 95
Trd, 4319866.943, 76
Trd, 4319867.393, 97
Trd, 4319869.293, 86
Trd, 4319870.043, 112
Trd, 4319870.743, 114
Trd, 4319870.943, 101
Trd, 4319873.893, 79
Trd, 4319874.693, 113
Trd, 4319874.843, 98
Trd, 4319876.293, 130
Trd, 4319877.493, 129
Trd, 4319878.043, 108
Trd, 4319878.543, 102
Trd, 4319879.543, 121
Trd, 4319880.593, 123
Trd, 4319880.943, 97
Trd, 4319881.543, 75
Trd, 4319883.143, 102
Trd, 4319883.493, 89
Trd, 4319884.393, 132
Trd, 4319885.093, 118
Trd, 4319885.643, 125
Trd, 4319886.043, 88
Trd, 4319887.543, 138
Trd, 4319889.943, 115
Trd, 4319890.393, 110
Trd, 4319891.693, 110
Trd, 4319891.993, 61
Trd, 4319892.393, 91
Trd, 4319893.293, 112
Trd, 4319894.243, 97
Trd, 4319895.893, 117
Trd, 4319896.493, 113
Trd, 4319896.743, 124
Trd, 4319897.143, 107
Trd, 4319897.593, 75
Trd, 4319897.943, 90
Trd, 4319899.793, 102
Trd, 4319899.993, 99
Trd, 4319901.943, 118
Trd, 4319902.943, 132
Trd, 4319903.393, 135
Trd, 4319903.893, 121
Trd, 4319904.293, 103
Trd, 4319904.343, 112
Trd, 4319905.243, 104
Trd, 4319906.993, 97
Trd, 4319907.443, 91
Trd, 4319907.593, 72
Trd, 4319907.743, 75
Trd, 4319908.993, 97
Trd, 4319909.593, 84
Trd, 4319909.793, 63
Trd, 4319912.093, 70
Trd, 4319912.793, 68
Trd, 4319912.843, 66
Trd, 4319912.943, 106
Trd, 4319914.643, 130
Trd, 4319914.893, 122
Trd, 4319915.993, 136
Trd, 4319916.293, 103
Trd, 4319916.643, 110
Trd, 4319917.693, 118
Trd, 4319917.743, 102
Trd, 4319919.943, 108
Trd, 4319920.093, 97
Trd, 4319920.743, 110
Trd, 4319920.993, 108
Trd, 4319921.493, 87
Trd, 4319924.643, 129
Trd, 4319925.493, 119
Trd, 4319925.893, 98
Trd, 4319926.743, 104
Trd, 4319927.393, 125
Trd, 4319928.143, 81
Trd, 4319928.593, 102
Trd, 4319929.143, 89
Trd, 4319929.693, 117
Trd, 4319930.543, 135
Trd, 4319931.643, 116
Trd, 4319931.843, 113
Trd, 4319932.443, 128
Trd, 4319933.943, 103
Trd, 4319935.593, 96
Trd, 4319936.543, 93
Trd, 4319937.243, 74
Trd, 4319937.893, 125
Trd, 4319938.843, 101
Trd, 4319939.643, 118
Trd, 4319940.393, 132
Trd, 4319941.493, 136
Trd, 4319941.943, 111
Trd, 4319942.693, 101
Trd, 4319943.243, 74
Trd, 4319943.893, 76
Trd, 4319943.943, 81
Trd, 4319944.293, 99
Trd, 4319944.593, 114
Trd, 4319945.193, 72
Trd, 4319945.843, 111
Trd, 4319946.393, 78
Trd, 4319946.993, 136
Trd, 4319948.093, 121
Trd, 4319950.493, 130
Trd, 4319951.143, 117
Trd, 4319952.093, 103
Trd, 4319952.543, 107
Trd, 4319952.843, 84
Trd, 4319952.893, 76
Trd, 4319953.643, 92
Trd, 4319954.093, 87
Trd, 4319956.293, 120
Trd, 4319956.893, 115
Trd, 4319957.343, 133
Trd, 4319957.643, 104
Trd, 4319958.493, 96
Trd, 4319959.493, 121
Trd, 4319960.343, 95
Trd, 4319960.793, 89
Trd, 4319961.893, 73
Trd, 4319963.743, 80
Trd, 4319964.043, 105
Trd, 4319965.193, 111
Trd, 4319965.443, 100
Trd, 4319966.243, 126
Trd, 4319966.443, 105
Trd, 4319966.793, 89
Trd, 4319967.593, 103
Trd, 4319968.493, 93
Trd, 4319969.793, 72
Trd, 4319970.093, 111
Trd, 4319971.543, 133
Trd, 4319972.193, 106
Trd, 4319973.193, 102
Trd, 4319973.593, 135
Trd, 4319973.893, 76
Trd, 4319974.793, 92
Trd, 4319974.843, 94
Trd, 4319974.993, 95
Trd, 4319975.343, 124
Trd, 4319976.543, 92
Trd, 4319977.493, 125
Trd, 4319977.793, 107
Trd, 4319978.393, 125
Trd, 4319979.693, 124
Trd, 4319979.793, 108
Trd, 4319979.893, 87
Trd, 4319981.793, 96
Trd, 4319982.443, 124
Trd, 4319984.043, 133
Trd, 4319984.293, 118
Trd, 4319984.793, 92
Trd, 4319985.893, 121
Trd, 4319986.793, 118
Trd, 4319987.593, 99
Trd, 4319988.043, 101
Trd, 4319989.243, 118
Trd, 4319990.093, 93
Trd, 4319990.193, 123
Trd, 4319990.943, 76
Trd, 4319991.193, 90
Trd, 4319991.643, 124
Trd, 4319992.593, 110
Trd, 4319993.893, 134
Trd, 4319995.893, 115
Trd, 4319996.693, 95
Trd, 4319997.243, 102
Trd, 4319997.893, 112
Trd, 4319998.493, 79
Trd, 4319998.593, 78
Trd, 4319999.193, 105
Trd, 4319999.443, 95
Trd, 4319999.943, 80
