Trd, 4318151.193, 140
Trd, 4318151.593, 138
Trd, 4318153.043, 140
Trd, 4318153.093, 140
Trd, 4318154.243, 122
Trd, 4318155.293, 96
Trd, 4318155.443, 102
Trd, 4318156.743, 61
Trd, 4318157.843, 76
Trd, 4318158.093, 106
Trd, 4318158.493, 77
Trd, 4318159.693, 110
Trd, 4318161.693, 140
Trd, 4318162.393, 140
Trd, 4318162.793, 119
Trd, 4318163.143, 125
Trd, 4318163.293, 119
Trd, 4318164.043, 122
Trd, 4318164.243, 121
Trd, 4318164.493, 109
Trd, 4318165.893, 140
Trd, 4318166.593, 140
Trd, 4318167.093, 113
Trd, 4318168.193, 140
Trd, 4318169.093, 97
Trd, 4318169.343, 96
Trd, 4318170.393, 139
Trd, 4318170.943, 139
Trd, 4318171.593, 90
Trd, 4318172.143, 91
Trd, 4318172.693, 105
Trd, 4318172.943, 123
Trd, 4318173.293, 140
Trd, 4318173.993, 140
Trd, 4318174.393, 140
Trd, 4318174.693, 140
Trd, 4318175.193, 103
Trd, 4318175.993, 100
Trd, 4318176.843, 134
Trd, 4318178.993, 114
Trd, 4318179.243, 84
Trd, 4318179.893, 67
Trd, 4318180.093, 73
Trd, 4318181.293, 60
Trd, 4318181.443, 61
Trd, 4318182.443, 60
Trd, 4318182.993, 106
Trd, 4318183.343, 60
Trd, 4318184.593, 140
Trd, 4318184.793, 140
Trd, 4318185.043, 140
Trd, 4318185.343, 140
Trd, 4318185.443, 139
Trd, 4318185.893, 137
Trd, 4318186.393, 117
Trd, 4318187.293, 92
Trd, 4318188.643, 93
Trd, 4318189.143, 140
Trd, 4318189.643, 103
Trd, 4318190.343, 106
Trd, 4318191.293, 140
Trd, 4318192.443, 131
Trd, 4318193.293, 114
Trd, 4318194.043, 140
Trd, 4318194.393, 140
Trd, 4318194.843, 69
Trd, 4318195.643, 119
Trd, 4318196.193, 139
Trd, 4318197.193, 132
Trd, 4318197.693, 99
Trd, 4318198.443, 98
Trd, 4318198.493, 77
Trd, 4318198.643, 71
Trd, 4318198.743, 64
Trd, 4318199.693, 132
Trd, 4318200.043, 120
Trd, 4318201.743, 105
Trd, 4318202.143, 139
Trd, 4318203.293, 140
Trd, 4318203.943, 125
Trd, 4318204.093, 102
Trd, 4318204.943, 138
Trd, 4318205.243, 99
Trd, 4318206.343, 138
Trd, 4318206.843, 129
Trd, 4318207.543, 131
Trd, 4318208.093, 125
Trd, 4318208.793, 140
Trd, 4318209.593, 139
Trd, 4318211.393, 114
Trd, 4318211.443, 98
Trd, 4318212.293, 128
Trd, 4318212.793, 91
Trd, 4318213.293, 140
Trd, 4318213.393, 139
Trd, 4318213.593, 74
Trd, 4318213.743, 105
Trd, 4318215.743, 140
Trd, 4318216.043, 135
Trd, 4318217.193, 128
Trd, 4318217.343, 140
Trd, 4318218.893, 140
Trd, 4318219.843, 140
Trd, 4318220.293, 140
Trd, 4318220.493, 140
Trd, 4318221.893, 135
Trd, 4318222.343, 133
Trd, 4318223.143, 117
Trd, 4318223.643, 139
Trd, 4318224.493, 130
Trd, 4318225.743, 140
Trd, 4318226.743, 137
Trd, 4318227.943, 138
Trd, 4318228.543, 136
Trd, 4318228.793, 89
Trd, 4318229.043, 87
Trd, 4318229.543, 140
Trd, 4318231.743, 96
Trd, 4318231.893, 93
Trd, 4318232.043, 71
Trd, 4318232.343, 134
Trd, 4318232.893, 140
Trd, 4318233.143, 140
Trd, 4318233.443, 69
Trd, 4318234.243, 61
Trd, 4318235.043, 66
Trd, 4318235.893, 127
Trd, 4318236.393, 137
Trd, 4318236.493, 136
Trd, 4318237.693, 138
Trd, 4318238.093, 63
Trd, 4318238.393, 92
Trd, 4318238.793, 96
Trd, 4318240.593, 140
Trd, 4318240.743, 140
Trd, 4318240.793, 104
Trd, 4318241.343, 115
Trd, 4318242.943, 89
Trd, 4318242.993, 88
Trd, 4318243.893, 140
Trd, 4318244.793, 140
Trd, 4318244.843, 124
Trd, 4318246.293, 139
Trd, 4318246.393, 104
Trd, 4318247.193, 140
Trd, 4318248.793, 98
Trd, 4318249.043, 100
Trd, 4318249.143, 98
Trd, 4318249.493, 91
Trd, 4318250.693, 140
Trd, 4318251.443, 140
Trd, 4318251.693, 140
Trd, 4318251.793, 100
Trd, 4318251.843, 96
Trd, 4318253.093, 62
Trd, 4318253.543, 107
Trd, 4318254.943, 140
Trd, 4318255.193, 140
Trd, 4318256.243, 140
Trd, 4318256.393, 116
Trd, 4318257.943, 113
Trd, 4318258.843, 139
Trd, 4318259.693, 139
Trd, 4318260.793, 140
Trd, 4318263.043, 140
Trd, 4318263.243, 140
Trd, 4318263.293, 140
Trd, 4318263.393, 140
Trd, 4318263.493, 136
Trd, 4318265.343, 133
Trd, 4318265.493, 114
Trd, 4318265.893, 106
Trd, 4318266.693, 119
Trd, 4318266.843, 110
Trd, 4318267.543, 127
Trd, 4318268.243, 126
Trd, 4318268.293, 125
Trd, 4318269.043, 118
Trd, 4318270.043, 121
Trd, 4318271.243, 139
Trd, 4318271.343, 88
Trd, 4318272.093, 119
Trd, 4318272.243, 71
Trd, 4318272.393, 140
Trd, 4318273.193, 140
Trd, 4318273.743, 125
Trd, 4318274.693, 133
Trd, 4318276.243, 139
Trd, 4318276.493, 130
Trd, 4318277.643, 90
Trd, 4318277.693, 89
Trd, 4318278.193, 70
Trd, 4318278.893, 136
Trd, 4318280.193, 66
Trd, 4318280.293, 76
Trd, 4318280.643, 66
Trd, 4318281.843, 80
Trd, 4318283.143, 140
Trd, 4318283.293, 140
Trd, 4318283.393, 107
Trd, 4318283.493, 79
Trd, 4318284.493, 136
Trd, 4318284.793, 63
Trd, 4318285.843, 127
Trd, 4318287.093, 140
Trd, 4318287.643, 138
Trd, 4318289.393, 138
Trd, 4318290.143, 140
Trd, 4318291.393, 140
Trd, 4318292.043, 140
Trd, 4318293.193, 123
Trd, 4318293.293, 122
Trd, 4318293.343, 102
Trd, 4318293.743, 104
Trd, 4318294.543, 63
Trd, 4318295.843, 63
Trd, 4318296.193, 61
Trd, 4318296.993, 140
Trd, 4318297.993, 89
Trd, 4318299.043, 127
Trd, 4318299.193, 125
Trd, 4318299.593, 139
Trd, 4318300.093, 135
Trd, 4318301.193, 137
Trd, 4318301.643, 137
Trd, 4318302.193, 116
Trd, 4318302.593, 103
Trd, 4318303.643, 72
Trd, 4318304.143, 81
Trd, 4318305.143, 68
Trd, 4318305.243, 94
Trd, 4318305.743, 101
Trd, 4318306.393, 87
Trd, 4318306.493, 81
Trd, 4318306.743, 139
Trd, 4318307.793, 140
Trd, 4318308.543, 140
Trd, 4318308.893, 121
Trd, 4318310.393, 140
Trd, 4318310.543, 139
Trd, 4318310.643, 80
Trd, 4318311.343, 62
Trd, 4318312.043, 60
Trd, 4318312.643, 128
Trd, 4318312.693, 119
Trd, 4318314.143, 139
Trd, 4318315.443, 140
Trd, 4318316.143, 140
Trd, 4318316.243, 137
Trd, 4318317.143, 137
Trd, 4318317.943, 140
Trd, 4318318.443, 117
Trd, 4318318.693, 83
Trd, 4318319.143, 88
Trd, 4318320.143, 96
Trd, 4318321.443, 95
Trd, 4318321.693, 95
Trd, 4318322.293, 140
Trd, 4318322.593, 140
Trd, 4318323.493, 139
Trd, 4318324.443, 135
Trd, 4318327.093, 140
Trd, 4318327.193, 102
Trd, 4318327.893, 136
Trd, 4318328.043, 115
Trd, 4318328.493, 119
Trd, 4318328.693, 95
Trd, 4318328.743, 125
Trd, 4318328.943, 74
Trd, 4318331.243, 139
Trd, 4318331.993, 135
Trd, 4318332.893, 137
Trd, 4318333.143, 136
Trd, 4318333.943, 98
Trd, 4318334.743, 137
Trd, 4318335.243, 136
Trd, 4318335.393, 105
Trd, 4318335.593, 140
Trd, 4318336.193, 64
Trd, 4318337.943, 133
Trd, 4318338.993, 132
Trd, 4318339.943, 140
Trd, 4318340.043, 140
Trd, 4318342.093, 140
Trd, 4318343.093, 140
Trd, 4318343.543, 140
Trd, 4318343.693, 139
Trd, 4318344.943, 139
Trd, 4318345.143, 137
Trd, 4318345.643, 140
Trd, 4318345.743, 104
Trd, 4318346.143, 94
Trd, 4318346.593, 140
Trd, 4318347.393, 140
Trd, 4318349.043, 103
Trd, 4318349.193, 102
Trd, 4318350.743, 87
Trd, 4318351.793, 140
Trd, 4318352.043, 140
Trd, 4318352.643, 139
Trd, 4318353.093, 119
Trd, 4318353.443, 139
Trd, 4318353.543, 92
Trd, 4318353.693, 89
Trd, 4318355.643, 130
Trd, 4318355.843, 135
Trd, 4318355.943, 129
Trd, 4318356.443, 137
Trd, 4318356.993, 114
Trd, 4318357.143, 106
Trd, 4318357.993, 140
Trd, 4318359.893, 63
Trd, 4318360.593, 64
Trd, 4318361.193, 64
Trd, 4318361.293, 63
Trd, 4318362.143, 61
Trd, 4318362.343, 70
Trd, 4318362.693, 132
Trd, 4318364.043, 68
Trd, 4318364.793, 140
Trd, 4318365.193, 139
Trd, 4318365.993, 73
Trd, 4318366.993, 140
Trd, 4318367.393, 140
Trd, 4318367.993, 125
Trd, 4318368.893, 111
Trd, 4318369.293, 138
Trd, 4318369.393, 62
Trd, 4318369.593, 83
Trd, 4318370.593, 60
Trd, 4318370.743, 84
Trd, 4318371.943, 140
Trd, 4318372.343, 139
Trd, 4318372.393, 122
Trd, 4318373.543, 97
Trd, 4318374.393, 78
Trd, 4318374.693, 136
Trd, 4318377.793, 63
Trd, 4318378.393, 64
Trd, 4318378.443, 65
Trd, 4318378.943, 61
Trd, 4318379.743, 62
Trd, 4318380.593, 140
Trd, 4318381.343, 140
Trd, 4318381.393, 140
Trd, 4318381.893, 140
Trd, 4318382.343, 107
Trd, 4318383.043, 75
Trd, 4318383.893, 85
Trd, 4318384.493, 140
Trd, 4318384.943, 140
Trd, 4318385.293, 139
Trd, 4318385.393, 138
Trd, 4318385.943, 67
Trd, 4318387.943, 61
Trd, 4318388.293, 95
Trd, 4318388.343, 140
Trd, 4318389.743, 61
Trd, 4318390.343, 66
Trd, 4318390.493, 67
Trd, 4318391.643, 113
Trd, 4318392.793, 96
Trd, 4318393.393, 92
Trd, 4318393.543, 85
Trd, 4318394.093, 140
Trd, 4318394.343, 137
Trd, 4318395.793, 90
Trd, 4318396.143, 69
Trd, 4318396.193, 116
Trd, 4318396.993, 82
Trd, 4318397.693, 64
Trd, 4318397.943, 133
Trd, 4318398.393, 139
Trd, 4318399.443, 92
Trd, 4318399.743, 67
Trd, 4318399.893, 85
Trd, 4318401.193, 60
Trd, 4318401.293, 138
Trd, 4318401.693, 87
Trd, 4318402.143, 63
Trd, 4318403.443, 114
Trd, 4318404.793, 129
Trd, 4318404.993, 116
Trd, 4318405.143, 103
Trd, 4318405.243, 86
Trd, 4318406.193, 61
Trd, 4318406.543, 61
Trd, 4318407.143, 140
Trd, 4318407.543, 140
Trd, 4318409.043, 139
Trd, 4318409.593, 138
Trd, 4318409.693, 137
Trd, 4318409.743, 130
Trd, 4318411.493, 140
Trd, 4318411.543, 140
Trd, 4318411.743, 137
Trd, 4318412.093, 97
Trd, 4318413.793, 140
Trd, 4318414.093, 80
Trd, 4318414.443, 61
Trd, 4318415.493, 72
Trd, 4318415.843, 71
Trd, 4318417.093, 62
Trd, 4318417.643, 64
Trd, 4318417.743, 81
Trd, 4318418.343, 61
Trd, 4318419.293, 64
Trd, 4318419.643, 91
Trd, 4318420.693, 140
Trd, 4318420.993, 121
Trd, 4318422.243, 99
Trd, 4318422.593, 140
Trd, 4318423.743, 125
Trd, 4318424.193, 98
Trd, 4318424.893, 140
Trd, 4318425.543, 140
Trd, 4318426.143, 140
Trd, 4318426.243, 112
Trd, 4318426.393, 138
Trd, 4318426.643, 81
Trd, 4318426.893, 125
Trd, 4318427.593, 134
Trd, 4318429.293, 94
Trd, 4318430.593, 125
Trd, 4318431.093, 100
Trd, 4318432.693, 140
Trd, 4318432.843, 140
Trd, 4318432.893, 138
Trd, 4318433.143, 139
Trd, 4318433.893, 80
Trd, 4318434.443, 140
Trd, 4318434.593, 139
Trd, 4318434.993, 79
Trd, 4318435.443, 79
Trd, 4318436.243, 79
Trd, 4318437.093, 126
Trd, 4318438.293, 125
Trd, 4318439.943, 140
Trd, 4318440.843, 137
Trd, 4318440.893, 105
Trd, 4318440.943, 77
Trd, 4318441.343, 140
Trd, 4318441.993, 140
Trd, 4318442.343, 135
Trd, 4318442.793, 134
Trd, 4318443.193, 93
Trd, 4318443.343, 140
Trd, 4318443.543, 66
Trd, 4318444.993, 127
Trd, 4318445.293, 139
Trd, 4318445.843, 116
Trd, 4318446.043, 121
Trd, 4318448.143, 65
Trd, 4318448.643, 81
Trd, 4318448.693, 70
Trd, 4318449.743, 66
Trd, 4318450.193, 110
Trd, 4318450.643, 61
Trd, 4318452.243, 140
Trd, 4318452.593, 140
Trd, 4318452.893, 140
Trd, 4318453.193, 130
Trd, 4318453.393, 127
Trd, 4318454.043, 85
Trd, 4318455.293, 140
Trd, 4318455.743, 139
Trd, 4318455.843, 137
Trd, 4318457.093, 138
Trd, 4318457.293, 136
Trd, 4318458.843, 140
Trd, 4318459.743, 140
Trd, 4318460.493, 140
Trd, 4318460.593, 140
Trd, 4318461.393, 133
Trd, 4318461.593, 119
Trd, 4318463.093, 140
Trd, 4318463.293, 140
Trd, 4318464.593, 133
Trd, 4318465.193, 117
Trd, 4318465.643, 140
Trd, 4318466.093, 138
Trd, 4318466.493, 122
Trd, 4318466.743, 116
Trd, 4318467.643, 132
Trd, 4318468.793, 60
Trd, 4318469.643, 60
Trd, 4318470.143, 64
Trd, 4318470.693, 129
Trd, 4318472.843, 63
Trd, 4318472.993, 63
Trd, 4318473.493, 61
Trd, 4318473.743, 60
Trd, 4318474.793, 138
Trd, 4318475.643, 88
Trd, 4318475.743, 86
Trd, 4318478.393, 140
Trd, 4318478.893, 139
Trd, 4318479.343, 137
Trd, 4318479.393, 82
Trd, 4318480.593, 140
Trd, 4318480.943, 107
Trd, 4318481.043, 105
Trd, 4318481.993, 76
Trd, 4318482.343, 140
Trd, 4318482.643, 97
Trd, 4318483.843, 109
Trd, 4318484.343, 60
Trd, 4318484.443, 139
Trd, 4318486.293, 140
Trd, 4318486.393, 139
Trd, 4318486.443, 112
Trd, 4318486.593, 140
Trd, 4318487.043, 103
Trd, 4318489.493, 73
Trd, 4318489.943, 126
Trd, 4318489.993, 125
Trd, 4318490.843, 128
Trd, 4318490.993, 115
Trd, 4318491.543, 140
Trd, 4318492.643, 125
Trd, 4318493.193, 122
Trd, 4318494.143, 140
Trd, 4318494.893, 140
Trd, 4318495.593, 140
Trd, 4318495.643, 137
Trd, 4318497.093, 140
Trd, 4318497.393, 129
Trd, 4318498.493, 96
Trd, 4318498.993, 102
Trd, 4318499.243, 140
Trd, 4318499.293, 139
Trd, 4318500.493, 140
Trd, 4318500.543, 109
Trd, 4318501.793, 62
Trd, 4318501.993, 137
Trd, 4318503.643, 60
Trd, 4318504.043, 64
Trd, 4318505.693, 60
Trd, 4318506.043, 135
Trd, 4318506.143, 134
Trd, 4318508.693, 118
Trd, 4318508.993, 117
Trd, 4318509.043, 80
Trd, 4318510.343, 136
Trd, 4318510.843, 107
Trd, 4318511.243, 92
Trd, 4318511.393, 128
Trd, 4318511.743, 69
Trd, 4318512.243, 62
Trd, 4318513.243, 64
Trd, 4318513.343, 69
Trd, 4318514.293, 60
Trd, 4318514.993, 91
Trd, 4318515.843, 131
Trd, 4318516.443, 118
Trd, 4318516.643, 75
Trd, 4318516.943, 73
Trd, 4318517.093, 118
Trd, 4318518.743, 105
Trd, 4318519.443, 140
Trd, 4318519.543, 73
Trd, 4318521.293, 131
Trd, 4318521.743, 138
Trd, 4318521.893, 127
Trd, 4318523.943, 140
Trd, 4318524.343, 140
Trd, 4318524.543, 140
Trd, 4318524.693, 140
Trd, 4318525.043, 140
Trd, 4318526.743, 140
Trd, 4318528.093, 140
Trd, 4318528.793, 139
Trd, 4318529.443, 105
Trd, 4318530.393, 94
Trd, 4318530.993, 85
Trd, 4318531.143, 97
Trd, 4318531.893, 140
Trd, 4318532.043, 101
Trd, 4318533.043, 136
Trd, 4318533.943, 66
Trd, 4318534.793, 72
Trd, 4318535.443, 140
Trd, 4318537.193, 82
Trd, 4318537.343, 66
Trd, 4318538.193, 121
Trd, 4318539.043, 140
Trd, 4318539.293, 139
Trd, 4318539.693, 135
Trd, 4318540.443, 113
Trd, 4318541.093, 60
Trd, 4318541.893, 60
Trd, 4318542.293, 62
Trd, 4318542.493, 65
Trd, 4318543.143, 61
Trd, 4318545.143, 60
Trd, 4318545.193, 61
Trd, 4318545.393, 75
Trd, 4318546.193, 62
Trd, 4318547.043, 61
Trd, 4318547.393, 61
Trd, 4318547.993, 60
Trd, 4318550.493, 73
Trd, 4318551.043, 140
Trd, 4318551.193, 139
Trd, 4318551.643, 97
Trd, 4318551.943, 69
Trd, 4318552.843, 65
Trd, 4318553.143, 103
Trd, 4318554.693, 65
Trd, 4318555.393, 65
Trd, 4318556.893, 140
Trd, 4318557.143, 140
Trd, 4318557.793, 140
Trd, 4318559.093, 140
Trd, 4318559.993, 70
Trd, 4318560.593, 69
Trd, 4318560.843, 68
Trd, 4318560.943, 116
Trd, 4318561.243, 89
Trd, 4318561.443, 60
Trd, 4318562.043, 61
Trd, 4318563.543, 100
Trd, 4318563.793, 60
Trd, 4318565.243, 140
Trd, 4318565.943, 140
Trd, 4318566.293, 139
Trd, 4318566.693, 138
Trd, 4318567.343, 72
Trd, 4318568.643, 60
Trd, 4318570.093, 140
Trd, 4318570.243, 140
Trd, 4318570.943, 64
Trd, 4318571.443, 61
Trd, 4318571.743, 62
Trd, 4318572.193, 112
Trd, 4318572.593, 62
Trd, 4318572.843, 68
Trd, 4318573.993, 107
Trd, 4318574.193, 71
Trd, 4318574.693, 137
Trd, 4318575.143, 140
Trd, 4318575.693, 104
Trd, 4318577.593, 127
Trd, 4318577.693, 125
Trd, 4318577.843, 123
Trd, 4318579.393, 109
Trd, 4318580.343, 113
Trd, 4318580.743, 140
Trd, 4318581.243, 140
Trd, 4318582.593, 139
Trd, 4318582.643, 112
Trd, 4318583.393, 128
Trd, 4318583.543, 139
Trd, 4318584.293, 93
Trd, 4318584.793, 129
Trd, 4318584.843, 128
Trd, 4318585.643, 63
Trd, 4318586.993, 83
Trd, 4318587.293, 108
Trd, 4318589.193, 140
Trd, 4318590.193, 139
Trd, 4318590.243, 137
Trd, 4318590.293, 132
Trd, 4318590.643, 139
Trd, 4318591.993, 118
Trd, 4318592.143, 97
Trd, 4318593.443, 88
Trd, 4318593.793, 106
Trd, 4318594.043, 62
Trd, 4318594.693, 64
Trd, 4318596.843, 76
Trd, 4318596.993, 104
Trd, 4318597.243, 134
Trd, 4318598.043, 80
Trd, 4318598.093, 75
Trd, 4318601.643, 140
Trd, 4318602.343, 140
Trd, 4318602.693, 138
Trd, 4318602.793, 99
Trd, 4318603.193, 139
Trd, 4318603.493, 132
Trd, 4318604.343, 133
Trd, 4318605.693, 136
Trd, 4318606.043, 127
Trd, 4318606.943, 102
Trd, 4318607.643, 71
Trd, 4318608.143, 64
Trd, 4318608.343, 66
Trd, 4318608.693, 138
Trd, 4318609.193, 138
Trd, 4318609.393, 111
Trd, 4318609.643, 139
Trd, 4318610.393, 109
Trd, 4318610.743, 111
Trd, 4318612.693, 62
Trd, 4318614.093, 139
Trd, 4318614.443, 140
Trd, 4318615.443, 140
Trd, 4318616.293, 106
Trd, 4318616.393, 94
Trd, 4318617.543, 140
Trd, 4318618.093, 140
Trd, 4318618.143, 101
Trd, 4318618.243, 95
Trd, 4318618.843, 63
Trd, 4318619.343, 117
Trd, 4318619.743, 76
Trd, 4318621.143, 75
Trd, 4318622.843, 63
Trd, 4318624.043, 91
Trd, 4318624.093, 133
Trd, 4318624.543, 67
Trd, 4318624.643, 66
Trd, 4318625.243, 115
Trd, 4318626.593, 136
Trd, 4318626.793, 92
Trd, 4318627.943, 60
Trd, 4318628.193, 60
Trd, 4318629.643, 60
Trd, 4318630.243, 82
Trd, 4318630.743, 133
Trd, 4318631.393, 130
Trd, 4318632.743, 140
Trd, 4318632.943, 140
Trd, 4318633.393, 113
Trd, 4318633.943, 140
Trd, 4318634.293, 140
Trd, 4318634.343, 139
Trd, 4318634.443, 83
Trd, 4318635.443, 139
Trd, 4318636.543, 121
Trd, 4318637.393, 140
Trd, 4318637.443, 140
Trd, 4318638.043, 99
Trd, 4318639.293, 113
Trd, 4318640.093, 132
Trd, 4318640.293, 131
Trd, 4318640.443, 119
Trd, 4318640.893, 97
Trd, 4318642.043, 140
Trd, 4318642.293, 139
Trd, 4318642.993, 115
Trd, 4318645.093, 93
Trd, 4318645.943, 139
Trd, 4318646.093, 92
Trd, 4318646.743, 140
Trd, 4318647.393, 100
Trd, 4318647.643, 80
Trd, 4318647.843, 139
Trd, 4318649.193, 140
Trd, 4318649.993, 139
Trd, 4318650.193, 130
Trd, 4318651.493, 134
Trd, 4318653.193, 138
Trd, 4318653.343, 140
Trd, 4318654.393, 136
Trd, 4318654.493, 136
Trd, 4318655.543, 130
Trd, 4318655.693, 125
Trd, 4318656.193, 139
Trd, 4318656.243, 139
Trd, 4318656.343, 120
Trd, 4318657.893, 60
Trd, 4318658.343, 60
Trd, 4318659.143, 62
Trd, 4318660.043, 60
Trd, 4318660.243, 67
Trd, 4318660.543, 61
Trd, 4318661.943, 61
Trd, 4318662.493, 60
Trd, 4318662.843, 71
Trd, 4318664.043, 62
Trd, 4318664.843, 65
Trd, 4318665.193, 115
Trd, 4318665.293, 114
Trd, 4318665.443, 114
Trd, 4318666.293, 140
Trd, 4318668.493, 140
Trd, 4318668.543, 140
Trd, 4318668.893, 93
Trd, 4318669.393, 61
Trd, 4318669.843, 130
Trd, 4318670.443, 92
Trd, 4318670.943, 120
Trd, 4318671.743, 68
Trd, 4318672.343, 93
Trd, 4318673.793, 140
Trd, 4318674.243, 139
Trd, 4318674.643, 81
Trd, 4318675.143, 79
Trd, 4318677.143, 61
Trd, 4318677.643, 123
Trd, 4318678.093, 122
Trd, 4318678.443, 140
Trd, 4318679.093, 103
Trd, 4318679.343, 79
Trd, 4318679.693, 139
Trd, 4318680.793, 77
Trd, 4318681.093, 102
Trd, 4318681.893, 63
Trd, 4318683.793, 61
Trd, 4318684.043, 81
Trd, 4318684.443, 82
Trd, 4318685.043, 63
Trd, 4318686.293, 64
Trd, 4318686.843, 61
Trd, 4318686.893, 63
Trd, 4318687.093, 71
Trd, 4318687.643, 79
Trd, 4318688.143, 114
Trd, 4318690.093, 140
Trd, 4318691.093, 130
Trd, 4318692.293, 131
Trd, 4318692.893, 140
Trd, 4318694.143, 138
Trd, 4318694.343, 140
Trd, 4318694.443, 124
Trd, 4318695.093, 119
Trd, 4318695.443, 140
Trd, 4318695.893, 112
Trd, 4318696.343, 122
Trd, 4318696.993, 133
Trd, 4318697.343, 77
Trd, 4318698.343, 96
Trd, 4318699.293, 140
Trd, 4318699.493, 140
Trd, 4318699.893, 139
Trd, 4318700.993, 119
Trd, 4318701.893, 64
Trd, 4318702.093, 83
Trd, 4318702.193, 100
Trd, 4318703.993, 61
Trd, 4318704.143, 64
Trd, 4318704.293, 67
Trd, 4318705.143, 139
Trd, 4318705.193, 133
Trd, 4318706.693, 140
Trd, 4318706.793, 102
Trd, 4318707.743, 101
Trd, 4318709.093, 118
Trd, 4318709.493, 134
Trd, 4318709.893, 140
Trd, 4318710.943, 140
Trd, 4318711.693, 139
Trd, 4318711.993, 97
Trd, 4318713.393, 136
Trd, 4318714.093, 140
Trd, 4318715.293, 140
Trd, 4318715.893, 129
Trd, 4318716.043, 128
Trd, 4318716.593, 103
Trd, 4318717.243, 99
Trd, 4318717.343, 81
Trd, 4318717.993, 140
Trd, 4318718.893, 132
Trd, 4318719.043, 118
Trd, 4318719.493, 86
Trd, 4318721.493, 140
Trd, 4318721.743, 90
Trd, 4318721.893, 114
Trd, 4318722.493, 96
Trd, 4318723.693, 67
Trd, 4318724.343, 79
Trd, 4318725.393, 140
Trd, 4318725.443, 139
Trd, 4318726.543, 111
Trd, 4318726.993, 139
Trd, 4318728.743, 140
Trd, 4318728.843, 119
Trd, 4318728.893, 111
Trd, 4318729.143, 106
Trd, 4318729.343, 109
Trd, 4318730.893, 62
Trd, 4318732.643, 64
Trd, 4318733.443, 62
Trd, 4318734.143, 133
Trd, 4318734.743, 136
Trd, 4318734.943, 107
Trd, 4318735.843, 104
Trd, 4318737.993, 60
Trd, 4318738.343, 62
Trd, 4318738.593, 61
Trd, 4318740.393, 140
Trd, 4318740.793, 126
Trd, 4318741.043, 119
Trd, 4318741.343, 104
Trd, 4318741.943, 140
Trd, 4318744.043, 108
Trd, 4318744.893, 107
Trd, 4318745.443, 139
Trd, 4318745.693, 112
Trd, 4318746.493, 69
Trd, 4318747.593, 99
Trd, 4318748.643, 60
Trd, 4318749.993, 60
Trd, 4318750.893, 61
Trd, 4318751.443, 60
Trd, 4318751.793, 60
Trd, 4318752.393, 64
Trd, 4318752.793, 60
Trd, 4318754.143, 64
Trd, 4318754.493, 65
Trd, 4318754.943, 137
Trd, 4318756.193, 140
Trd, 4318757.293, 140
Trd, 4318758.693, 140
Trd, 4318759.293, 138
Trd, 4318759.593, 137
Trd, 4318760.543, 140
Trd, 4318760.643, 116
Trd, 4318761.593, 101
Trd, 4318761.893, 140
Trd, 4318762.293, 140
Trd, 4318762.643, 136
Trd, 4318762.693, 112
Trd, 4318763.493, 111
Trd, 4318764.543, 104
Trd, 4318765.093, 102
Trd, 4318766.643, 128
Trd, 4318767.243, 98
Trd, 4318767.943, 69
Trd, 4318768.193, 70
Trd, 4318769.493, 73
Trd, 4318769.843, 78
Trd, 4318771.843, 140
Trd, 4318772.393, 137
Trd, 4318772.693, 124
Trd, 4318772.893, 106
Trd, 4318772.993, 79
Trd, 4318773.443, 62
Trd, 4318773.743, 67
Trd, 4318774.143, 68
Trd, 4318777.143, 65
Trd, 4318777.193, 70
Trd, 4318777.643, 61
Trd, 4318778.443, 122
Trd, 4318779.643, 140
Trd, 4318780.493, 140
Trd, 4318781.543, 140
Trd, 4318782.343, 140
Trd, 4318783.393, 139
Trd, 4318783.543, 125
Trd, 4318783.893, 98
Trd, 4318784.693, 120
Trd, 4318785.493, 97
Trd, 4318785.943, 97
Trd, 4318786.143, 94
Trd, 4318786.893, 66
Trd, 4318787.043, 131
Trd, 4318787.293, 140
Trd, 4318787.993, 140
Trd, 4318788.893, 139
Trd, 4318789.143, 128
Trd, 4318790.993, 66
Trd, 4318791.793, 109
Trd, 4318792.343, 93
Trd, 4318793.143, 112
Trd, 4318793.793, 113
Trd, 4318794.143, 123
Trd, 4318794.193, 112
Trd, 4318794.493, 100
Trd, 4318794.893, 138
Trd, 4318795.593, 61
Trd, 4318796.093, 66
Trd, 4318796.643, 60
Trd, 4318797.393, 67
Trd, 4318797.793, 115
Trd, 4318798.893, 139
Trd, 4318799.243, 136
Trd, 4318800.443, 68
Trd, 4318801.243, 137
Trd, 4318802.393, 107
Trd, 4318803.193, 139
Trd, 4318803.393, 112
Trd, 4318803.493, 106
Trd, 4318805.043, 140
Trd, 4318805.343, 128
Trd, 4318806.043, 76
Trd, 4318806.143, 74
Trd, 4318806.443, 123
Trd, 4318807.793, 137
Trd, 4318807.943, 96
Trd, 4318809.043, 67
Trd, 4318810.193, 63
Trd, 4318810.893, 60
Trd, 4318811.293, 62
Trd, 4318812.443, 64
Trd, 4318812.693, 66
Trd, 4318812.843, 125
Trd, 4318813.693, 140
Trd, 4318813.943, 140
Trd, 4318814.543, 139
Trd, 4318814.793, 124
Trd, 4318817.493, 140
Trd, 4318817.993, 140
Trd, 4318818.093, 138
Trd, 4318819.643, 140
Trd, 4318820.043, 105
Trd, 4318820.843, 140
Trd, 4318820.993, 94
Trd, 4318822.393, 128
Trd, 4318823.243, 126
Trd, 4318824.943, 140
Trd, 4318825.543, 140
Trd, 4318825.593, 114
Trd, 4318825.943, 103
Trd, 4318825.993, 88
Trd, 4318826.593, 118
Trd, 4318827.993, 86
Trd, 4318828.193, 87
Trd, 4318828.893, 74
Trd, 4318829.343, 70
Trd, 4318829.643, 139
Trd, 4318830.043, 133
Trd, 4318830.293, 69
Trd, 4318830.543, 92
Trd, 4318831.393, 60
Trd, 4318833.693, 140
Trd, 4318833.943, 140
Trd, 4318834.593, 140
Trd, 4318835.143, 126
Trd, 4318837.493, 100
Trd, 4318838.443, 140
Trd, 4318838.743, 139
Trd, 4318838.893, 95
Trd, 4318839.293, 89
Trd, 4318840.193, 61
Trd, 4318840.593, 66
Trd, 4318840.993, 82
Trd, 4318842.193, 117
Trd, 4318842.793, 83
Trd, 4318843.293, 62
Trd, 4318843.443, 68
Trd, 4318843.643, 60
Trd, 4318846.243, 73
Trd, 4318847.343, 130
Trd, 4318847.693, 127
Trd, 4318848.043, 126
Trd, 4318848.343, 140
Trd, 4318848.393, 92
Trd, 4318848.993, 118
Trd, 4318849.693, 63
Trd, 4318852.243, 63
Trd, 4318852.343, 116
Trd, 4318852.443, 106
Trd, 4318852.693, 62
Trd, 4318853.193, 135
Trd, 4318854.943, 140
Trd, 4318855.993, 105
Trd, 4318856.443, 93
Trd, 4318856.543, 124
Trd, 4318857.493, 63
Trd, 4318857.993, 82
Trd, 4318859.193, 92
Trd, 4318859.443, 140
Trd, 4318860.293, 75
Trd, 4318860.493, 80
Trd, 4318860.793, 139
Trd, 4318861.093, 101
Trd, 4318861.443, 139
Trd, 4318863.543, 60
Trd, 4318863.643, 60
Trd, 4318864.493, 61
Trd, 4318865.393, 62
Trd, 4318865.893, 60
Trd, 4318866.343, 63
Trd, 4318867.393, 63
Trd, 4318867.493, 92
Trd, 4318867.943, 106
Trd, 4318869.993, 62
Trd, 4318871.243, 61
Trd, 4318872.043, 72
Trd, 4318872.893, 64
Trd, 4318873.693, 140
Trd, 4318873.843, 140
Trd, 4318873.943, 140
Trd, 4318875.643, 140
Trd, 4318876.293, 137
Trd, 4318876.693, 108
Trd, 4318876.793, 80
Trd, 4318878.443, 137
Trd, 4318878.943, 64
Trd, 4318879.243, 96
Trd, 4318879.943, 138
Trd, 4318880.143, 139
Trd, 4318880.443, 137
Trd, 4318882.093, 130
Trd, 4318882.293, 129
Trd, 4318882.593, 139
Trd, 4318883.893, 140
Trd, 4318884.143, 134
Trd, 4318884.543, 119
Trd, 4318884.943, 135
Trd, 4318885.093, 92
Trd, 4318886.443, 64
Trd, 4318886.793, 64
Trd, 4318890.293, 140
Trd, 4318890.443, 140
Trd, 4318890.493, 127
Trd, 4318890.943, 139
Trd, 4318892.143, 68
Trd, 4318892.843, 95
Trd, 4318893.643, 139
Trd, 4318894.443, 139
Trd, 4318894.643, 140
Trd, 4318895.093, 100
Trd, 4318895.993, 135
Trd, 4318896.293, 91
Trd, 4318896.593, 69
Trd, 4318898.043, 85
Trd, 4318898.143, 71
Trd, 4318898.543, 65
Trd, 4318899.193, 76
Trd, 4318899.593, 139
Trd, 4318900.293, 139
Trd, 4318900.393, 93
Trd, 4318901.493, 60
Trd, 4318902.143, 61
Trd, 4318903.693, 139
Trd, 4318904.643, 138
Trd, 4318905.843, 140
Trd, 4318905.943, 140
Trd, 4318906.193, 95
Trd, 4318906.943, 130
Trd, 4318907.143, 101
Trd, 4318907.593, 118
Trd, 4318908.643, 132
Trd, 4318909.243, 98
Trd, 4318909.893, 67
Trd, 4318911.093, 140
Trd, 4318911.743, 140
Trd, 4318912.343, 140
Trd, 4318912.943, 140
Trd, 4318913.443, 140
Trd, 4318914.743, 138
Trd, 4318915.893, 140
Trd, 4318915.993, 140
Trd, 4318916.493, 136
Trd, 4318918.243, 63
Trd, 4318918.943, 61
Trd, 4318919.393, 89
Trd, 4318919.493, 132
Trd, 4318919.943, 99
Trd, 4318920.543, 140
Trd, 4318920.793, 89
Trd, 4318921.093, 140
Trd, 4318921.143, 139
Trd, 4318921.893, 83
Trd, 4318923.593, 62
Trd, 4318924.043, 65
Trd, 4318925.093, 140
Trd, 4318925.243, 140
Trd, 4318927.193, 139
Trd, 4318927.343, 134
Trd, 4318928.243, 140
Trd, 4318928.843, 139
Trd, 4318929.993, 125
Trd, 4318930.143, 96
Trd, 4318931.593, 88
Trd, 4318932.193, 136
Trd, 4318932.293, 74
Trd, 4318932.993, 139
Trd, 4318934.793, 140
Trd, 4318935.143, 117
Trd, 4318935.243, 103
Trd, 4318936.593, 136
Trd, 4318937.243, 140
Trd, 4318937.493, 140
Trd, 4318937.743, 140
Trd, 4318938.093, 139
Trd, 4318938.443, 138
Trd, 4318939.843, 133
Trd, 4318940.593, 123
Trd, 4318941.493, 119
Trd, 4318941.843, 100
Trd, 4318942.093, 74
Trd, 4318943.393, 140
Trd, 4318944.193, 61
Trd, 4318944.993, 61
Trd, 4318945.193, 60
Trd, 4318945.243, 66
Trd, 4318947.093, 70
Trd, 4318947.293, 138
Trd, 4318947.843, 62
Trd, 4318950.243, 61
Trd, 4318950.293, 61
Trd, 4318950.843, 69
Trd, 4318951.743, 140
Trd, 4318952.693, 140
Trd, 4318953.493, 140
Trd, 4318954.643, 140
Trd, 4318955.093, 140
Trd, 4318955.743, 140
Trd, 4318956.043, 137
Trd, 4318956.193, 101
Trd, 4318957.743, 107
Trd, 4318957.793, 138
Trd, 4318959.043, 139
Trd, 4318959.243, 131
Trd, 4318960.393, 138
Trd, 4318961.993, 140
Trd, 4318962.243, 135
Trd, 4318964.093, 139
Trd, 4318964.443, 137
Trd, 4318965.693, 140
Trd, 4318965.943, 138
Trd, 4318966.793, 114
Trd, 4318966.943, 137
Trd, 4318967.143, 105
Trd, 4318968.643, 139
Trd, 4318968.743, 140
Trd, 4318969.793, 98
Trd, 4318970.393, 137
Trd, 4318970.793, 96
Trd, 4318971.193, 140
Trd, 4318972.843, 139
Trd, 4318973.293, 70
Trd, 4318973.993, 119
Trd, 4318974.893, 139
Trd, 4318975.843, 136
Trd, 4318975.943, 135
Trd, 4318976.493, 100
Trd, 4318976.843, 94
Trd, 4318977.043, 128
Trd, 4318977.943, 65
Trd, 4318978.493, 60
Trd, 4318978.843, 76
Trd, 4318979.443, 95
Trd, 4318980.043, 139
Trd, 4318981.743, 115
Trd, 4318982.693, 61
Trd, 4318983.043, 68
Trd, 4318983.543, 67
Trd, 4318984.693, 60
Trd, 4318985.343, 128
Trd, 4318986.643, 78
Trd, 4318988.243, 140
Trd, 4318988.443, 140
Trd, 4318988.593, 140
Trd, 4318989.293, 139
Trd, 4318990.093, 139
Trd, 4318990.793, 135
Trd, 4318991.343, 140
Trd, 4318991.393, 115
Trd, 4318991.443, 94
Trd, 4318991.993, 63
Trd, 4318993.993, 61
Trd, 4318994.893, 60
Trd, 4318995.243, 61
Trd, 4318995.643, 79
Trd, 4318996.893, 63
Trd, 4318997.543, 74
Trd, 4318997.643, 80
Trd, 4318998.543, 140
Trd, 4318999.593, 140
Trd, 4318999.693, 140
Trd, 4318999.843, 140
Trd, 4319000.593, 140
Trd, 4319000.843, 140
Trd, 4319001.243, 112
Trd, 4319001.593, 127
Trd, 4319002.293, 91
Trd, 4319003.393, 139
Trd, 4319004.993, 136
Trd, 4319005.393, 138
Trd, 4319005.643, 140
Trd, 4319006.343, 95
Trd, 4319006.693, 84
Trd, 4319006.743, 83
Trd, 4319007.343, 140
Trd, 4319009.293, 140
Trd, 4319009.643, 138
Trd, 4319009.993, 127
Trd, 4319010.343, 125
Trd, 4319010.743, 124
Trd, 4319011.743, 62
Trd, 4319011.843, 65
Trd, 4319013.043, 62
Trd, 4319013.143, 64
Trd, 4319014.293, 115
Trd, 4319015.343, 119
Trd, 4319015.443, 101
Trd, 4319015.693, 140
Trd, 4319016.593, 70
Trd, 4319016.793, 140
Trd, 4319018.243, 140
Trd, 4319018.343, 98
Trd, 4319018.893, 139
Trd, 4319020.393, 88
Trd, 4319021.493, 100
Trd, 4319021.743, 104
Trd, 4319022.293, 62
Trd, 4319022.343, 65
Trd, 4319022.793, 83
Trd, 4319025.043, 140
Trd, 4319025.843, 140
Trd, 4319026.593, 140
Trd, 4319026.643, 139
Trd, 4319026.793, 130
Trd, 4319026.893, 79
Trd, 4319027.743, 95
Trd, 4319028.393, 106
Trd, 4319028.693, 140
Trd, 4319029.293, 91
Trd, 4319031.093, 140
Trd, 4319031.393, 140
Trd, 4319031.643, 140
Trd, 4319031.693, 134
Trd, 4319032.443, 127
Trd, 4319033.243, 107
Trd, 4319034.143, 139
Trd, 4319034.793, 132
Trd, 4319034.943, 73
Trd, 4319034.993, 65
Trd, 4319036.643, 60
Trd, 4319037.393, 85
Trd, 4319037.443, 95
Trd, 4319038.143, 70
Trd, 4319038.893, 126
Trd, 4319040.593, 140
Trd, 4319041.293, 140
Trd, 4319042.043, 139
Trd, 4319042.343, 118
Trd, 4319043.493, 140
Trd, 4319043.943, 133
Trd, 4319044.493, 140
Trd, 4319044.893, 119
Trd, 4319045.093, 79
Trd, 4319047.043, 60
Trd, 4319048.943, 140
Trd, 4319049.343, 140
Trd, 4319049.393, 136
Trd, 4319050.043, 139
Trd, 4319050.343, 117
Trd, 4319050.993, 137
Trd, 4319051.293, 129
Trd, 4319052.543, 67
Trd, 4319052.643, 101
Trd, 4319053.593, 83
Trd, 4319054.193, 80
Trd, 4319054.843, 134
Trd, 4319055.643, 140
Trd, 4319055.743, 140
Trd, 4319055.993, 140
Trd, 4319056.943, 84
Trd, 4319057.143, 83
Trd, 4319057.643, 82
Trd, 4319058.493, 118
Trd, 4319059.443, 98
Trd, 4319059.693, 98
Trd, 4319060.043, 138
Trd, 4319061.393, 138
Trd, 4319061.493, 98
Trd, 4319062.593, 140
Trd, 4319062.643, 101
Trd, 4319063.643, 140
Trd, 4319063.893, 140
Trd, 4319064.293, 138
Trd, 4319064.743, 64
Trd, 4319065.743, 128
Trd, 4319066.343, 116
Trd, 4319066.943, 136
Trd, 4319067.393, 91
Trd, 4319068.393, 96
Trd, 4319069.593, 137
Trd, 4319070.943, 140
Trd, 4319071.893, 122
Trd, 4319072.893, 104
Trd, 4319073.793, 140
Trd, 4319075.143, 140
Trd, 4319075.293, 140
Trd, 4319077.893, 140
Trd, 4319078.243, 139
Trd, 4319078.543, 120
Trd, 4319079.143, 100
Trd, 4319079.843, 140
Trd, 4319079.993, 124
Trd, 4319080.493, 98
Trd, 4319081.993, 140
Trd, 4319082.793, 140
Trd, 4319084.343, 140
Trd, 4319084.493, 139
Trd, 4319084.543, 129
Trd, 4319085.893, 140
Trd, 4319086.343, 140
Trd, 4319087.293, 117
Trd, 4319087.743, 105
Trd, 4319087.943, 140
Trd, 4319089.343, 139
Trd, 4319090.443, 140
Trd, 4319090.643, 135
Trd, 4319090.793, 108
Trd, 4319091.343, 139
Trd, 4319093.043, 85
Trd, 4319094.693, 140
Trd, 4319094.793, 139
Trd, 4319095.343, 135
Trd, 4319095.443, 137
Trd, 4319095.743, 111
Trd, 4319095.943, 86
Trd, 4319096.693, 98
Trd, 4319097.843, 102
Trd, 4319099.343, 137
Trd, 4319099.543, 97
Trd, 4319099.793, 79
Trd, 4319101.293, 124
Trd, 4319101.343, 122
Trd, 4319102.593, 140
Trd, 4319102.993, 65
Trd, 4319103.793, 140
Trd, 4319103.993, 140
Trd, 4319104.043, 109
Trd, 4319104.193, 139
Trd, 4319104.943, 107
Trd, 4319104.993, 104
Trd, 4319106.193, 140
Trd, 4319106.243, 140
Trd, 4319107.343, 60
Trd, 4319107.443, 61
Trd, 4319107.843, 65
Trd, 4319109.893, 64
Trd, 4319110.493, 65
Trd, 4319110.643, 112
Trd, 4319110.693, 64
Trd, 4319111.543, 69
Trd, 4319111.643, 103
Trd, 4319114.593, 138
Trd, 4319115.193, 139
Trd, 4319115.243, 137
Trd, 4319115.893, 119
Trd, 4319116.793, 68
Trd, 4319117.993, 140
Trd, 4319118.693, 139
Trd, 4319119.193, 123
Trd, 4319119.943, 139
Trd, 4319120.493, 127
Trd, 4319121.943, 130
Trd, 4319122.943, 138
Trd, 4319123.293, 136
Trd, 4319123.393, 135
Trd, 4319124.593, 140
Trd, 4319125.243, 139
Trd, 4319127.143, 140
Trd, 4319127.193, 140
Trd, 4319127.743, 139
Trd, 4319128.543, 139
Trd, 4319129.243, 124
Trd, 4319131.043, 81
Trd, 4319131.943, 128
Trd, 4319131.993, 96
Trd, 4319132.793, 82
Trd, 4319132.943, 81
Trd, 4319133.893, 91
Trd, 4319134.643, 139
Trd, 4319135.343, 140
Trd, 4319136.043, 117
Trd, 4319136.943, 118
Trd, 4319137.343, 133
Trd, 4319138.243, 140
Trd, 4319139.093, 140
Trd, 4319139.493, 138
Trd, 4319139.743, 137
Trd, 4319139.893, 119
Trd, 4319140.143, 86
Trd, 4319140.293, 140
Trd, 4319141.193, 91
Trd, 4319142.543, 60
Trd, 4319143.943, 140
Trd, 4319144.893, 140
Trd, 4319145.093, 140
Trd, 4319145.443, 140
Trd, 4319146.643, 105
Trd, 4319146.893, 140
Trd, 4319147.393, 106
Trd, 4319148.393, 60
Trd, 4319148.793, 68
Trd, 4319150.393, 62
Trd, 4319150.493, 63
Trd, 4319151.243, 140
Trd, 4319151.393, 120
Trd, 4319153.193, 93
Trd, 4319153.843, 95
Trd, 4319153.993, 90
Trd, 4319155.043, 140
Trd, 4319155.443, 140
Trd, 4319156.043, 120
Trd, 4319156.093, 89
Trd, 4319156.293, 108
Trd, 4319157.193, 140
Trd, 4319157.593, 131
Trd, 4319159.093, 140
Trd, 4319159.543, 139
Trd, 4319159.593, 139
Trd, 4319160.393, 92
Trd, 4319161.843, 136
Trd, 4319162.343, 115
Trd, 4319162.443, 114
Trd, 4319164.143, 140
Trd, 4319164.193, 137
Trd, 4319165.543, 140
Trd, 4319165.693, 140
Trd, 4319165.743, 109
Trd, 4319166.043, 65
Trd, 4319168.143, 140
Trd, 4319168.343, 139
Trd, 4319169.093, 139
Trd, 4319169.343, 137
Trd, 4319169.543, 78
Trd, 4319170.243, 61
Trd, 4319170.793, 74
Trd, 4319170.993, 65
Trd, 4319171.443, 63
Trd, 4319172.093, 72
Trd, 4319172.293, 88
Trd, 4319175.493, 60
Trd, 4319176.093, 60
Trd, 4319176.293, 100
Trd, 4319176.943, 100
Trd, 4319177.443, 110
Trd, 4319178.443, 123
Trd, 4319178.493, 122
Trd, 4319179.343, 60
Trd, 4319179.743, 102
Trd, 4319180.193, 60
Trd, 4319180.643, 136
Trd, 4319182.493, 140
Trd, 4319183.143, 140
Trd, 4319183.993, 140
Trd, 4319184.243, 140
Trd, 4319184.293, 122
Trd, 4319184.993, 82
Trd, 4319185.793, 137
Trd, 4319185.943, 84
Trd, 4319186.043, 77
Trd, 4319186.543, 125
Trd, 4319187.543, 137
Trd, 4319188.743, 140
Trd, 4319189.093, 116
Trd, 4319189.143, 100
Trd, 4319189.793, 63
Trd, 4319190.143, 107
Trd, 4319190.543, 139
Trd, 4319191.943, 110
Trd, 4319193.143, 140
Trd, 4319194.093, 140
Trd, 4319195.193, 133
Trd, 4319195.293, 132
Trd, 4319195.843, 103
Trd, 4319197.043, 140
Trd, 4319197.093, 71
Trd, 4319198.893, 60
Trd, 4319199.243, 61
Trd, 4319199.593, 62
Trd, 4319200.043, 140
Trd, 4319201.143, 140
Trd, 4319201.843, 140
Trd, 4319202.243, 140
Trd, 4319202.793, 140
Trd, 4319203.443, 140
Trd, 4319203.593, 140
Trd, 4319204.343, 140
Trd, 4319204.993, 132
Trd, 4319205.893, 97
Trd, 4319205.943, 87
Trd, 4319206.643, 88
Trd, 4319207.943, 103
Trd, 4319208.343, 130
Trd, 4319208.393, 86
Trd, 4319209.443, 140
Trd, 4319209.743, 100
Trd, 4319211.993, 139
Trd, 4319212.193, 131
Trd, 4319212.843, 139
Trd, 4319213.293, 108
Trd, 4319214.493, 107
Trd, 4319214.643, 103
Trd, 4319214.843, 114
Trd, 4319215.643, 60
Trd, 4319216.643, 65
Trd, 4319216.993, 138
Trd, 4319218.093, 93
Trd, 4319219.743, 62
Trd, 4319219.793, 63
Trd, 4319220.243, 60
Trd, 4319220.643, 62
Trd, 4319220.893, 90
Trd, 4319221.993, 139
Trd, 4319223.593, 120
Trd, 4319223.943, 118
Trd, 4319224.843, 140
Trd, 4319225.193, 140
Trd, 4319226.393, 140
Trd, 4319226.993, 140
Trd, 4319227.593, 140
Trd, 4319227.693, 123
Trd, 4319229.043, 140
Trd, 4319229.143, 114
Trd, 4319230.243, 140
Trd, 4319230.343, 139
Trd, 4319230.543, 139
Trd, 4319231.193, 105
Trd, 4319231.843, 99
Trd, 4319232.843, 135
Trd, 4319234.093, 123
Trd, 4319235.043, 120
Trd, 4319235.443, 101
Trd, 4319236.093, 140
Trd, 4319236.393, 140
Trd, 4319237.043, 127
Trd, 4319239.093, 140
Trd, 4319239.193, 140
Trd, 4319240.493, 140
Trd, 4319241.293, 140
Trd, 4319241.443, 128
Trd, 4319241.493, 120
Trd, 4319241.843, 94
Trd, 4319242.893, 138
Trd, 4319243.393, 102
Trd, 4319243.793, 138
Trd, 4319243.893, 75
Trd, 4319245.093, 139
Trd, 4319245.443, 119
Trd, 4319245.693, 87
Trd, 4319246.243, 130
Trd, 4319246.593, 61
Trd, 4319247.893, 65
Trd, 4319248.843, 64
Trd, 4319248.893, 69
Trd, 4319249.693, 83
Trd, 4319250.993, 60
Trd, 4319251.293, 63
Trd, 4319251.693, 76
Trd, 4319252.143, 69
Trd, 4319252.343, 60
Trd, 4319253.743, 69
Trd, 4319254.093, 63
Trd, 4319254.593, 66
Trd, 4319255.893, 67
Trd, 4319257.043, 79
Trd, 4319257.193, 94
Trd, 4319257.793, 135
Trd, 4319258.593, 74
Trd, 4319259.343, 140
Trd, 4319260.593, 140
Trd, 4319260.643, 139
Trd, 4319260.943, 95
Trd, 4319261.843, 138
Trd, 4319261.893, 120
Trd, 4319262.493, 67
Trd, 4319263.393, 123
Trd, 4319264.043, 140
Trd, 4319265.193, 140
Trd, 4319265.393, 140
Trd, 4319265.993, 139
Trd, 4319266.793, 140
Trd, 4319267.043, 136
Trd, 4319268.093, 91
Trd, 4319268.643, 140
Trd, 4319269.043, 140
Trd, 4319269.143, 94
Trd, 4319270.393, 130
Trd, 4319271.443, 114
Trd, 4319271.843, 140
Trd, 4319271.993, 140
Trd, 4319272.143, 95
Trd, 4319273.043, 73
Trd, 4319273.993, 104
Trd, 4319274.493, 117
Trd, 4319275.093, 61
Trd, 4319275.393, 64
Trd, 4319276.493, 65
Trd, 4319277.243, 62
Trd, 4319277.793, 63
Trd, 4319279.143, 60
Trd, 4319279.393, 61
Trd, 4319279.693, 63
Trd, 4319280.793, 62
Trd, 4319281.393, 140
Trd, 4319281.693, 140
Trd, 4319283.243, 113
Trd, 4319283.443, 112
Trd, 4319283.893, 138
Trd, 4319284.043, 73
Trd, 4319285.543, 140
Trd, 4319285.693, 140
Trd, 4319286.343, 140
Trd, 4319286.993, 140
Trd, 4319287.193, 101
Trd, 4319287.393, 98
Trd, 4319288.393, 140
Trd, 4319289.843, 88
Trd, 4319290.293, 85
Trd, 4319291.143, 138
Trd, 4319291.443, 88
Trd, 4319293.643, 114
Trd, 4319294.643, 136
Trd, 4319294.793, 127
Trd, 4319295.093, 92
Trd, 4319295.493, 72
Trd, 4319296.293, 96
Trd, 4319297.443, 140
Trd, 4319297.593, 140
Trd, 4319298.293, 140
Trd, 4319298.743, 140
Trd, 4319299.143, 97
Trd, 4319299.943, 114
Trd, 4319300.493, 65
Trd, 4319302.143, 140
Trd, 4319302.593, 138
Trd, 4319303.093, 122
Trd, 4319303.143, 121
Trd, 4319303.743, 140
Trd, 4319303.893, 118
Trd, 4319304.993, 108
Trd, 4319305.243, 140
Trd, 4319306.593, 93
Trd, 4319306.743, 91
Trd, 4319308.093, 138
Trd, 4319308.243, 127
Trd, 4319309.143, 61
Trd, 4319310.743, 140
Trd, 4319311.693, 140
Trd, 4319312.243, 139
Trd, 4319312.593, 138
Trd, 4319312.993, 77
Trd, 4319313.693, 108
Trd, 4319313.843, 116
Trd, 4319314.493, 136
Trd, 4319314.693, 80
Trd, 4319315.893, 138
Trd, 4319316.743, 140
Trd, 4319318.243, 138
Trd, 4319320.343, 140
Trd, 4319320.393, 140
Trd, 4319320.743, 140
Trd, 4319321.093, 133
Trd, 4319321.293, 100
Trd, 4319322.593, 140
Trd, 4319322.693, 135
Trd, 4319322.843, 67
Trd, 4319324.143, 60
Trd, 4319324.193, 68
Trd, 4319324.843, 139
Trd, 4319325.643, 79
Trd, 4319326.643, 140
Trd, 4319327.843, 140
Trd, 4319329.043, 133
Trd, 4319329.093, 63
Trd, 4319329.343, 62
Trd, 4319329.993, 98
Trd, 4319331.193, 140
Trd, 4319332.143, 127
Trd, 4319332.443, 107
Trd, 4319333.243, 133
Trd, 4319333.743, 109
Trd, 4319334.043, 140
Trd, 4319335.693, 101
Trd, 4319336.343, 118
Trd, 4319336.993, 134
Trd, 4319337.443, 103
Trd, 4319337.843, 135
Trd, 4319338.243, 116
Trd, 4319339.193, 137
Trd, 4319339.693, 110
Trd, 4319340.293, 108
Trd, 4319340.393, 111
Trd, 4319340.593, 102
Trd, 4319341.893, 121
Trd, 4319342.693, 78
Trd, 4319342.743, 80
Trd, 4319343.893, 140
Trd, 4319343.943, 137
Trd, 4319344.543, 120
Trd, 4319345.143, 92
Trd, 4319346.393, 136
Trd, 4319347.043, 60
Trd, 4319347.993, 60
Trd, 4319348.243, 65
Trd, 4319349.043, 60
Trd, 4319349.993, 79
Trd, 4319350.493, 60
Trd, 4319351.093, 60
Trd, 4319351.393, 60
Trd, 4319352.643, 61
Trd, 4319353.943, 123
Trd, 4319354.393, 96
Trd, 4319355.093, 140
Trd, 4319355.293, 126
Trd, 4319356.143, 140
Trd, 4319356.243, 140
Trd, 4319357.693, 136
Trd, 4319357.843, 124
Trd, 4319358.393, 105
Trd, 4319360.293, 137
Trd, 4319361.343, 130
Trd, 4319361.843, 115
Trd, 4319361.993, 107
Trd, 4319362.693, 139
Trd, 4319363.043, 140
Trd, 4319363.493, 105
Trd, 4319364.943, 77
Trd, 4319366.043, 60
Trd, 4319366.443, 62
Trd, 4319367.043, 61
Trd, 4319367.343, 62
Trd, 4319368.193, 60
Trd, 4319368.393, 75
Trd, 4319369.093, 140
Trd, 4319369.543, 138
Trd, 4319370.593, 121
Trd, 4319372.143, 140
Trd, 4319372.293, 138
Trd, 4319372.793, 106
Trd, 4319373.893, 139
Trd, 4319374.043, 137
Trd, 4319375.143, 140
Trd, 4319375.593, 139
Trd, 4319376.193, 100
Trd, 4319376.643, 112
Trd, 4319376.893, 96
Trd, 4319377.793, 130
Trd, 4319378.993, 124
Trd, 4319379.043, 139
Trd, 4319379.343, 89
Trd, 4319380.793, 137
Trd, 4319381.143, 64
Trd, 4319382.393, 117
Trd, 4319382.893, 115
Trd, 4319383.493, 140
Trd, 4319383.743, 93
Trd, 4319384.793, 89
Trd, 4319385.243, 62
Trd, 4319385.593, 61
Trd, 4319386.643, 64
Trd, 4319386.843, 116
Trd, 4319387.843, 71
Trd, 4319388.593, 71
Trd, 4319388.643, 96
Trd, 4319389.893, 126
Trd, 4319390.143, 81
Trd, 4319390.693, 140
Trd, 4319392.043, 140
Trd, 4319392.193, 139
Trd, 4319392.993, 85
Trd, 4319393.493, 66
Trd, 4319394.693, 75
Trd, 4319395.643, 129
Trd, 4319395.993, 129
Trd, 4319396.693, 104
Trd, 4319397.343, 89
Trd, 4319397.643, 87
Trd, 4319397.693, 84
Trd, 4319398.243, 119
Trd, 4319398.343, 85
Trd, 4319399.043, 138
Trd, 4319399.343, 83
Trd, 4319399.993, 128
Trd, 4319400.193, 127
Trd, 4319402.593, 61
Trd, 4319402.693, 62
Trd, 4319402.843, 63
Trd, 4319403.143, 140
Trd, 4319404.443, 139
Trd, 4319405.393, 140
Trd, 4319405.493, 118
Trd, 4319405.543, 113
Trd, 4319405.893, 78
Trd, 4319408.043, 140
Trd, 4319408.143, 140
Trd, 4319408.843, 138
Trd, 4319409.343, 95
Trd, 4319409.643, 138
Trd, 4319410.493, 100
Trd, 4319410.743, 73
Trd, 4319411.893, 65
Trd, 4319413.843, 140
Trd, 4319413.943, 140
Trd, 4319414.043, 139
Trd, 4319414.243, 94
Trd, 4319414.793, 140
Trd, 4319415.293, 139
Trd, 4319416.693, 140
Trd, 4319416.743, 139
Trd, 4319417.143, 79
Trd, 4319417.543, 110
Trd, 4319417.893, 77
Trd, 4319418.593, 66
Trd, 4319419.043, 70
Trd, 4319420.693, 60
Trd, 4319421.243, 66
Trd, 4319421.693, 60
Trd, 4319424.043, 128
Trd, 4319424.243, 114
Trd, 4319424.643, 113
Trd, 4319425.243, 119
Trd, 4319425.443, 79
Trd, 4319426.993, 129
Trd, 4319427.293, 124
Trd, 4319427.393, 123
Trd, 4319427.743, 102
Trd, 4319428.493, 61
Trd, 4319429.393, 60
Trd, 4319429.493, 61
Trd, 4319429.543, 134
Trd, 4319431.293, 74
Trd, 4319431.543, 108
Trd, 4319432.543, 60
Trd, 4319434.293, 61
Trd, 4319434.793, 90
Trd, 4319435.043, 61
Trd, 4319435.793, 63
Trd, 4319436.893, 60
Trd, 4319436.943, 62
Trd, 4319437.993, 63
Trd, 4319438.193, 77
Trd, 4319438.293, 67
Trd, 4319438.943, 79
Trd, 4319439.993, 83
Trd, 4319441.893, 140
Trd, 4319443.343, 122
Trd, 4319443.893, 121
Trd, 4319444.693, 140
Trd, 4319445.943, 125
Trd, 4319446.143, 117
Trd, 4319446.343, 93
Trd, 4319446.893, 93
Trd, 4319448.143, 140
Trd, 4319448.343, 110
Trd, 4319448.793, 64
Trd, 4319450.043, 140
Trd, 4319451.343, 87
Trd, 4319451.893, 69
Trd, 4319453.743, 140
Trd, 4319453.993, 71
Trd, 4319454.943, 77
Trd, 4319455.993, 119
Trd, 4319457.443, 139
Trd, 4319458.543, 140
Trd, 4319458.593, 140
Trd, 4319458.993, 77
Trd, 4319460.143, 113
Trd, 4319460.243, 113
Trd, 4319460.293, 76
Trd, 4319462.093, 66
Trd, 4319462.543, 122
Trd, 4319463.743, 139
Trd, 4319464.443, 111
Trd, 4319464.943, 109
Trd, 4319465.243, 138
Trd, 4319465.293, 133
Trd, 4319465.793, 113
Trd, 4319467.143, 140
Trd, 4319467.243, 140
Trd, 4319467.993, 139
Trd, 4319468.093, 123
Trd, 4319468.443, 140
Trd, 4319468.493, 118
Trd, 4319469.993, 137
Trd, 4319470.593, 103
Trd, 4319470.993, 140
Trd, 4319471.693, 140
Trd, 4319472.193, 122
Trd, 4319473.143, 133
Trd, 4319473.493, 140
Trd, 4319473.943, 139
Trd, 4319473.993, 138
Trd, 4319474.443, 96
Trd, 4319475.893, 100
Trd, 4319475.943, 80
Trd, 4319476.793, 73
Trd, 4319478.143, 74
Trd, 4319478.793, 138
Trd, 4319479.443, 89
Trd, 4319480.843, 140
Trd, 4319480.893, 95
Trd, 4319482.143, 123
Trd, 4319482.493, 140
Trd, 4319483.143, 140
Trd, 4319484.193, 60
Trd, 4319484.443, 62
Trd, 4319484.893, 139
Trd, 4319486.043, 61
Trd, 4319487.443, 60
Trd, 4319488.093, 65
Trd, 4319489.943, 61
Trd, 4319490.193, 60
Trd, 4319490.493, 63
Trd, 4319490.843, 96
Trd, 4319491.693, 88
Trd, 4319492.693, 140
Trd, 4319493.393, 73
Trd, 4319495.593, 139
Trd, 4319496.243, 138
Trd, 4319497.143, 140
Trd, 4319497.393, 117
Trd, 4319497.743, 111
Trd, 4319498.243, 140
Trd, 4319499.593, 131
Trd, 4319500.043, 131
Trd, 4319500.643, 122
Trd, 4319500.693, 118
Trd, 4319501.043, 64
Trd, 4319501.293, 117
Trd, 4319501.793, 137
Trd, 4319501.843, 123
Trd, 4319502.743, 140
Trd, 4319504.143, 140
Trd, 4319504.993, 140
Trd, 4319505.143, 139
Trd, 4319505.593, 107
Trd, 4319506.393, 123
Trd, 4319507.393, 99
Trd, 4319507.843, 140
Trd, 4319507.993, 140
Trd, 4319508.493, 138
Trd, 4319508.593, 117
Trd, 4319509.593, 140
Trd, 4319510.293, 139
Trd, 4319510.843, 91
Trd, 4319511.043, 89
Trd, 4319512.693, 98
Trd, 4319512.993, 132
Trd, 4319513.493, 131
Trd, 4319514.443, 122
Trd, 4319514.693, 137
Trd, 4319514.843, 88
Trd, 4319516.493, 140
Trd, 4319517.193, 140
Trd, 4319517.793, 140
Trd, 4319517.843, 107
Trd, 4319519.993, 140
Trd, 4319520.093, 139
Trd, 4319520.143, 139
Trd, 4319520.743, 111
Trd, 4319522.893, 118
Trd, 4319523.043, 103
Trd, 4319524.043, 61
Trd, 4319524.593, 137
Trd, 4319525.743, 67
Trd, 4319525.993, 140
Trd, 4319526.243, 76
Trd, 4319526.693, 64
Trd, 4319527.193, 137
Trd, 4319528.593, 64
Trd, 4319529.343, 67
Trd, 4319529.843, 60
Trd, 4319530.593, 61
Trd, 4319530.743, 64
Trd, 4319530.893, 130
Trd, 4319533.443, 64
Trd, 4319535.043, 140
Trd, 4319535.143, 139
Trd, 4319535.493, 132
Trd, 4319536.143, 139
Trd, 4319536.843, 140
Trd, 4319537.643, 138
Trd, 4319538.493, 137
Trd, 4319538.943, 140
Trd, 4319539.043, 139
Trd, 4319539.093, 117
Trd, 4319539.143, 88
Trd, 4319540.843, 63
Trd, 4319541.443, 64
Trd, 4319543.143, 62
Trd, 4319544.743, 132
Trd, 4319545.043, 60
Trd, 4319545.843, 60
Trd, 4319546.393, 109
Trd, 4319546.943, 61
Trd, 4319547.743, 66
Trd, 4319548.143, 140
Trd, 4319549.093, 140
Trd, 4319549.743, 140
Trd, 4319549.843, 140
Trd, 4319550.743, 112
Trd, 4319551.093, 110
Trd, 4319551.343, 107
Trd, 4319551.743, 140
Trd, 4319552.343, 139
Trd, 4319553.343, 62
Trd, 4319554.243, 62
Trd, 4319554.293, 87
Trd, 4319554.943, 63
Trd, 4319555.743, 63
Trd, 4319556.343, 139
Trd, 4319556.793, 60
Trd, 4319557.343, 60
Trd, 4319557.643, 89
Trd, 4319559.543, 61
Trd, 4319559.593, 61
Trd, 4319560.243, 60
Trd, 4319560.943, 140
Trd, 4319562.193, 139
Trd, 4319562.743, 139
Trd, 4319562.793, 138
Trd, 4319562.943, 140
Trd, 4319563.743, 130
Trd, 4319565.543, 140
Trd, 4319565.893, 139
Trd, 4319566.243, 100
Trd, 4319567.243, 129
Trd, 4319567.793, 66
Trd, 4319568.543, 140
Trd, 4319569.043, 105
Trd, 4319570.143, 103
Trd, 4319570.243, 100
Trd, 4319570.843, 135
Trd, 4319571.443, 140
Trd, 4319571.943, 106
Trd, 4319572.543, 138
Trd, 4319573.493, 140
Trd, 4319575.743, 140
Trd, 4319576.443, 140
Trd, 4319576.843, 140
Trd, 4319577.893, 140
Trd, 4319577.993, 138
Trd, 4319578.293, 140
Trd, 4319578.443, 127
Trd, 4319580.393, 137
Trd, 4319580.643, 102
Trd, 4319580.943, 118
Trd, 4319582.343, 129
Trd, 4319582.443, 128
Trd, 4319583.093, 120
Trd, 4319583.993, 122
Trd, 4319584.143, 119
Trd, 4319584.793, 116
Trd, 4319585.043, 95
Trd, 4319585.993, 140
Trd, 4319587.043, 140
Trd, 4319588.593, 140
Trd, 4319588.843, 139
Trd, 4319589.093, 137
Trd, 4319589.493, 126
Trd, 4319591.093, 140
Trd, 4319592.243, 140
Trd, 4319593.643, 140
Trd, 4319593.893, 140
Trd, 4319594.243, 140
Trd, 4319595.043, 139
Trd, 4319595.143, 126
Trd, 4319596.293, 140
Trd, 4319596.893, 122
Trd, 4319597.143, 60
Trd, 4319597.393, 70
Trd, 4319598.793, 139
Trd, 4319599.143, 111
Trd, 4319599.293, 108
Trd, 4319599.893, 140
Trd, 4319600.943, 63
Trd, 4319602.093, 62
Trd, 4319602.743, 63
Trd, 4319603.393, 133
Trd, 4319604.093, 75
Trd, 4319604.743, 64
Trd, 4319604.893, 86
Trd, 4319605.293, 140
Trd, 4319606.843, 140
Trd, 4319607.393, 139
Trd, 4319607.643, 138
Trd, 4319608.193, 131
Trd, 4319609.143, 140
Trd, 4319609.593, 99
Trd, 4319610.043, 112
Trd, 4319610.543, 89
Trd, 4319611.343, 88
Trd, 4319611.893, 104
Trd, 4319612.943, 140
Trd, 4319613.793, 102
Trd, 4319614.193, 103
Trd, 4319614.793, 137
Trd, 4319615.593, 72
Trd, 4319616.943, 139
Trd, 4319617.393, 60
Trd, 4319617.643, 64
Trd, 4319618.793, 140
Trd, 4319620.243, 133
Trd, 4319620.293, 116
Trd, 4319622.143, 139
Trd, 4319623.193, 138
Trd, 4319623.343, 139
Trd, 4319623.593, 137
Trd, 4319623.793, 140
Trd, 4319624.693, 108
Trd, 4319626.243, 84
Trd, 4319627.143, 66
Trd, 4319627.243, 77
Trd, 4319627.343, 77
Trd, 4319628.893, 60
Trd, 4319629.093, 60
Trd, 4319629.343, 68
Trd, 4319630.543, 93
Trd, 4319630.843, 119
Trd, 4319632.143, 140
Trd, 4319633.393, 67
Trd, 4319633.543, 68
Trd, 4319634.493, 64
Trd, 4319634.993, 77
Trd, 4319636.643, 63
Trd, 4319636.693, 68
Trd, 4319637.543, 66
Trd, 4319637.643, 83
Trd, 4319638.043, 101
Trd, 4319638.493, 60
Trd, 4319639.343, 61
Trd, 4319639.793, 61
Trd, 4319640.643, 66
Trd, 4319641.343, 61
Trd, 4319641.593, 62
Trd, 4319641.893, 84
Trd, 4319643.193, 136
Trd, 4319644.093, 61
Trd, 4319645.343, 62
Trd, 4319645.793, 137
Trd, 4319646.843, 97
Trd, 4319647.643, 139
Trd, 4319648.293, 95
Trd, 4319649.043, 140
Trd, 4319649.693, 140
Trd, 4319649.743, 140
Trd, 4319650.243, 140
Trd, 4319651.143, 133
Trd, 4319651.643, 62
Trd, 4319651.843, 140
Trd, 4319652.593, 81
Trd, 4319654.043, 140
Trd, 4319655.193, 140
Trd, 4319655.343, 140
Trd, 4319655.743, 140
Trd, 4319655.843, 108
Trd, 4319656.493, 90
Trd, 4319658.093, 139
Trd, 4319659.443, 140
Trd, 4319659.993, 136
Trd, 4319660.343, 140
Trd, 4319660.593, 97
Trd, 4319661.043, 139
Trd, 4319661.543, 60
Trd, 4319662.293, 73
Trd, 4319662.793, 62
Trd, 4319663.493, 61
Trd, 4319663.943, 140
Trd, 4319664.893, 139
Trd, 4319664.943, 134
Trd, 4319665.243, 132
Trd, 4319665.643, 96
Trd, 4319666.543, 140
Trd, 4319666.993, 93
Trd, 4319667.943, 92
Trd, 4319668.643, 139
Trd, 4319669.043, 119
Trd, 4319669.143, 94
Trd, 4319669.293, 88
Trd, 4319670.343, 60
Trd, 4319670.643, 135
Trd, 4319671.893, 62
Trd, 4319672.043, 61
Trd, 4319673.193, 61
Trd, 4319673.293, 62
Trd, 4319674.893, 139
Trd, 4319674.943, 99
Trd, 4319675.143, 140
Trd, 4319675.893, 67
Trd, 4319678.143, 107
Trd, 4319678.643, 118
Trd, 4319679.043, 130
Trd, 4319679.193, 117
Trd, 4319679.243, 133
Trd, 4319680.243, 140
Trd, 4319680.493, 139
Trd, 4319681.493, 67
Trd, 4319681.793, 64
Trd, 4319682.493, 114
Trd, 4319683.943, 139
Trd, 4319685.043, 112
Trd, 4319685.693, 121
Trd, 4319686.043, 111
Trd, 4319686.793, 89
Trd, 4319687.693, 140
Trd, 4319688.193, 139
Trd, 4319688.543, 97
Trd, 4319688.743, 95
Trd, 4319690.193, 127
Trd, 4319690.993, 134
Trd, 4319691.293, 138
Trd, 4319692.393, 66
Trd, 4319692.743, 87
Trd, 4319692.843, 87
Trd, 4319693.493, 118
Trd, 4319694.693, 60
Trd, 4319694.893, 67
Trd, 4319695.743, 61
Trd, 4319696.443, 60
Trd, 4319696.793, 66
Trd, 4319697.693, 62
Trd, 4319698.543, 62
Trd, 4319698.743, 76
Trd, 4319699.343, 99
Trd, 4319699.943, 65
Trd, 4319701.793, 102
Trd, 4319702.793, 119
Trd, 4319703.943, 138
Trd, 4319703.993, 94
Trd, 4319705.543, 140
Trd, 4319705.693, 140
Trd, 4319705.743, 139
Trd, 4319706.043, 118
Trd, 4319706.393, 110
Trd, 4319707.393, 135
Trd, 4319708.043, 60
Trd, 4319708.743, 67
Trd, 4319709.193, 129
Trd, 4319709.943, 63
Trd, 4319710.143, 60
Trd, 4319710.893, 140
Trd, 4319711.093, 98
Trd, 4319712.293, 140
Trd, 4319712.543, 140
Trd, 4319712.993, 127
Trd, 4319713.543, 96
Trd, 4319714.843, 99
Trd, 4319715.693, 139
Trd, 4319716.593, 140
Trd, 4319716.793, 136
Trd, 4319717.793, 93
Trd, 4319718.343, 73
Trd, 4319719.343, 140
Trd, 4319719.693, 140
Trd, 4319720.043, 140
Trd, 4319720.543, 140
Trd, 4319720.743, 139
Trd, 4319721.043, 129
Trd, 4319721.943, 140
Trd, 4319722.143, 139
Trd, 4319723.243, 66
Trd, 4319723.293, 71
Trd, 4319724.393, 60
Trd, 4319725.393, 71
Trd, 4319725.793, 69
Trd, 4319725.893, 81
Trd, 4319726.393, 80
Trd, 4319726.693, 139
Trd, 4319728.043, 139
Trd, 4319728.843, 139
Trd, 4319729.393, 140
Trd, 4319729.643, 138
Trd, 4319730.793, 140
Trd, 4319731.443, 128
Trd, 4319731.843, 98
Trd, 4319733.093, 86
Trd, 4319734.393, 140
Trd, 4319734.593, 140
Trd, 4319734.793, 109
Trd, 4319735.593, 79
Trd, 4319736.693, 61
Trd, 4319736.893, 64
Trd, 4319737.593, 60
Trd, 4319738.093, 139
Trd, 4319738.743, 140
Trd, 4319740.243, 140
Trd, 4319740.643, 137
Trd, 4319741.143, 140
Trd, 4319742.193, 140
Trd, 4319743.093, 135
Trd, 4319743.243, 133
Trd, 4319743.393, 130
Trd, 4319743.943, 114
Trd, 4319744.893, 103
Trd, 4319745.493, 130
Trd, 4319745.893, 60
Trd, 4319746.943, 140
Trd, 4319747.093, 139
Trd, 4319747.343, 138
Trd, 4319747.393, 137
Trd, 4319748.343, 134
Trd, 4319748.593, 133
Trd, 4319750.043, 139
Trd, 4319750.793, 107
Trd, 4319751.093, 73
Trd, 4319752.793, 130
Trd, 4319753.243, 128
Trd, 4319753.743, 138
Trd, 4319754.143, 125
Trd, 4319755.093, 139
Trd, 4319755.743, 101
Trd, 4319755.943, 122
Trd, 4319757.043, 99
Trd, 4319757.643, 116
Trd, 4319757.743, 66
Trd, 4319757.843, 65
Trd, 4319759.943, 61
Trd, 4319759.993, 62
Trd, 4319761.843, 61
Trd, 4319762.043, 63
Trd, 4319762.443, 97
Trd, 4319762.843, 63
Trd, 4319763.443, 140
Trd, 4319763.893, 78
Trd, 4319764.243, 96
Trd, 4319765.393, 102
Trd, 4319766.843, 68
Trd, 4319767.043, 66
Trd, 4319767.093, 65
Trd, 4319768.343, 140
Trd, 4319769.193, 139
Trd, 4319769.743, 120
Trd, 4319770.993, 139
Trd, 4319771.993, 140
Trd, 4319772.093, 98
Trd, 4319772.543, 79
Trd, 4319772.643, 77
Trd, 4319772.893, 106
Trd, 4319773.443, 67
Trd, 4319774.193, 140
Trd, 4319774.743, 84
Trd, 4319776.643, 60
Trd, 4319776.943, 62
Trd, 4319777.493, 67
Trd, 4319779.443, 140
Trd, 4319780.193, 140
Trd, 4319780.393, 140
Trd, 4319780.543, 139
Trd, 4319780.643, 96
Trd, 4319780.743, 86
Trd, 4319781.093, 76
Trd, 4319781.743, 140
Trd, 4319782.893, 140
Trd, 4319783.943, 140
Trd, 4319784.393, 62
Trd, 4319785.293, 63
Trd, 4319786.793, 79
Trd, 4319787.393, 73
Trd, 4319787.543, 133
Trd, 4319788.193, 122
Trd, 4319788.593, 140
Trd, 4319790.393, 140
Trd, 4319790.443, 94
Trd, 4319791.443, 60
Trd, 4319791.593, 68
Trd, 4319791.793, 72
Trd, 4319792.843, 66
Trd, 4319793.243, 64
Trd, 4319794.043, 60
Trd, 4319794.343, 61
Trd, 4319794.593, 79
Trd, 4319795.493, 98
Trd, 4319797.393, 63
Trd, 4319797.893, 64
Trd, 4319798.243, 65
Trd, 4319798.593, 139
Trd, 4319799.293, 94
Trd, 4319799.793, 93
Trd, 4319800.043, 85
Trd, 4319800.093, 65
Trd, 4319801.193, 63
Trd, 4319801.793, 140
Trd, 4319802.293, 88
Trd, 4319802.843, 61
Trd, 4319804.643, 136
Trd, 4319805.443, 136
Trd, 4319805.793, 134
Trd, 4319806.193, 131
Trd, 4319806.543, 118
Trd, 4319807.093, 80
Trd, 4319807.643, 70
Trd, 4319808.393, 65
Trd, 4319808.943, 74
Trd, 4319809.693, 96
Trd, 4319810.943, 140
Trd, 4319811.243, 140
Trd, 4319811.793, 92
Trd, 4319812.543, 101
Trd, 4319812.993, 92
Trd, 4319813.243, 66
Trd, 4319814.843, 140
Trd, 4319815.043, 140
Trd, 4319815.193, 92
Trd, 4319816.293, 63
Trd, 4319816.943, 116
Trd, 4319817.543, 64
Trd, 4319818.143, 139
Trd, 4319819.593, 107
Trd, 4319819.793, 106
Trd, 4319820.443, 139
Trd, 4319821.493, 140
Trd, 4319822.193, 140
Trd, 4319822.743, 140
Trd, 4319824.193, 140
Trd, 4319824.843, 140
Trd, 4319825.243, 139
Trd, 4319825.343, 124
Trd, 4319825.493, 122
Trd, 4319826.093, 110
Trd, 4319826.293, 79
Trd, 4319827.093, 113
Trd, 4319827.193, 82
Trd, 4319828.143, 140
Trd, 4319828.843, 140
Trd, 4319828.893, 139
Trd, 4319829.693, 140
Trd, 4319830.093, 119
Trd, 4319831.293, 100
Trd, 4319831.693, 92
Trd, 4319832.793, 92
Trd, 4319833.243, 127
Trd, 4319834.043, 140
Trd, 4319835.093, 140
Trd, 4319835.993, 140
Trd, 4319836.043, 140
Trd, 4319836.193, 140
Trd, 4319836.993, 112
Trd, 4319838.993, 63
Trd, 4319839.393, 126
Trd, 4319839.643, 110
Trd, 4319841.643, 140
Trd, 4319841.943, 140
Trd, 4319842.143, 138
Trd, 4319842.243, 75
Trd, 4319843.493, 91
Trd, 4319843.793, 97
Trd, 4319844.693, 140
Trd, 4319844.793, 140
Trd, 4319844.993, 136
Trd, 4319845.443, 135
Trd, 4319846.293, 61
Trd, 4319848.243, 89
Trd, 4319848.693, 115
Trd, 4319849.043, 71
Trd, 4319849.443, 107
Trd, 4319849.843, 70
Trd, 4319850.893, 72
Trd, 4319851.493, 86
Trd, 4319852.143, 126
Trd, 4319852.543, 137
Trd, 4319852.843, 91
Trd, 4319853.293, 64
Trd, 4319854.393, 63
Trd, 4319854.943, 61
Trd, 4319855.043, 63
Trd, 4319855.343, 138
Trd, 4319855.643, 133
Trd, 4319857.093, 62
Trd, 4319858.343, 121
Trd, 4319858.393, 128
Trd, 4319858.693, 120
Trd, 4319860.393, 140
Trd, 4319861.893, 140
Trd, 4319862.093, 101
Trd, 4319862.843, 124
Trd, 4319863.043, 100
Trd, 4319863.493, 60
Trd, 4319864.593, 139
Trd, 4319865.193, 61
Trd, 4319866.043, 61
Trd, 4319866.943, 65
Trd, 4319867.993, 79
Trd, 4319868.993, 65
Trd, 4319870.493, 114
Trd, 4319870.693, 139
Trd, 4319871.493, 99
Trd, 4319871.793, 74
Trd, 4319872.443, 85
Trd, 4319872.843, 72
Trd, 4319873.543, 119
Trd, 4319873.743, 123
Trd, 4319874.293, 98
Trd, 4319875.743, 140
Trd, 4319875.993, 119
Trd, 4319876.143, 118
Trd, 4319877.793, 140
Trd, 4319878.143, 139
Trd, 4319879.393, 91
Trd, 4319879.743, 93
Trd, 4319879.893, 90
Trd, 4319880.143, 137
Trd, 4319881.443, 139
Trd, 4319881.793, 86
Trd, 4319881.943, 120
Trd, 4319882.443, 113
Trd, 4319882.493, 77
Trd, 4319884.543, 61
Trd, 4319884.893, 60
Trd, 4319886.193, 62
Trd, 4319886.293, 64
Trd, 4319886.693, 67
Trd, 4319888.293, 62
Trd, 4319888.393, 61
Trd, 4319888.543, 86
Trd, 4319888.793, 66
Trd, 4319889.893, 62
Trd, 4319890.743, 97
Trd, 4319890.843, 64
Trd, 4319891.043, 65
Trd, 4319892.193, 100
Trd, 4319892.943, 108
Trd, 4319893.543, 116
Trd, 4319894.393, 137
Trd, 4319894.843, 140
Trd, 4319895.693, 84
Trd, 4319896.343, 67
Trd, 4319897.743, 140
Trd, 4319898.793, 140
Trd, 4319899.193, 140
Trd, 4319899.793, 138
Trd, 4319900.593, 115
Trd, 4319902.843, 102
Trd, 4319903.643, 137
Trd, 4319904.043, 140
Trd, 4319904.143, 88
Trd, 4319904.493, 137
Trd, 4319904.543, 127
Trd, 4319905.643, 71
Trd, 4319906.593, 83
Trd, 4319907.643, 78
Trd, 4319908.143, 63
Trd, 4319908.743, 140
Trd, 4319909.843, 140
Trd, 4319910.543, 140
Trd, 4319910.793, 95
Trd, 4319911.393, 117
Trd, 4319912.893, 139
Trd, 4319913.143, 139
Trd, 4319913.193, 138
Trd, 4319913.693, 104
Trd, 4319915.393, 140
Trd, 4319915.693, 78
Trd, 4319917.393, 140
Trd, 4319917.493, 136
Trd, 4319917.743, 140
Trd, 4319918.243, 131
Trd, 4319919.193, 128
Trd, 4319919.393, 127
Trd, 4319920.143, 140
Trd, 4319920.943, 140
Trd, 4319921.093, 139
Trd, 4319922.493, 99
Trd, 4319922.893, 138
Trd, 4319923.793, 68
Trd, 4319924.093, 69
Trd, 4319924.743, 61
Trd, 4319926.093, 137
Trd, 4319926.443, 122
Trd, 4319926.843, 105
Trd, 4319927.243, 87
Trd, 4319927.343, 73
Trd, 4319928.293, 84
Trd, 4319929.843, 72
Trd, 4319930.893, 67
Trd, 4319931.093, 80
Trd, 4319933.143, 140
Trd, 4319933.643, 139
Trd, 4319933.793, 126
Trd, 4319933.943, 101
Trd, 4319934.493, 140
Trd, 4319934.693, 73
Trd, 4319935.243, 117
Trd, 4319935.343, 86
Trd, 4319936.393, 92
Trd, 4319936.893, 140
Trd, 4319938.893, 140
Trd, 4319939.493, 140
Trd, 4319939.893, 140
Trd, 4319940.693, 138
Trd, 4319941.093, 106
Trd, 4319941.393, 105
Trd, 4319941.643, 127
Trd, 4319942.643, 96
Trd, 4319943.643, 139
Trd, 4319946.093, 140
Trd, 4319946.993, 140
Trd, 4319947.243, 139
Trd, 4319948.343, 140
Trd, 4319948.843, 140
Trd, 4319949.193, 140
Trd, 4319951.193, 114
Trd, 4319951.643, 104
Trd, 4319952.843, 104
Trd, 4319953.243, 103
Trd, 4319953.843, 140
Trd, 4319954.043, 89
Trd, 4319955.143, 67
Trd, 4319955.193, 98
Trd, 4319955.493, 64
Trd, 4319956.243, 140
Trd, 4319956.393, 139
Trd, 4319956.543, 101
Trd, 4319956.693, 99
Trd, 4319957.293, 60
Trd, 4319957.743, 72
Trd, 4319958.393, 118
Trd, 4319958.843, 64
Trd, 4319959.493, 60
Trd, 4319960.543, 139
Trd, 4319962.443, 61
Trd, 4319963.093, 63
Trd, 4319963.493, 89
Trd, 4319963.743, 114
Trd, 4319964.493, 139
Trd, 4319964.993, 107
Trd, 4319965.193, 106
Trd, 4319966.393, 104
Trd, 4319966.943, 102
Trd, 4319967.843, 62
Trd, 4319968.843, 67
Trd, 4319969.493, 61
Trd, 4319970.093, 95
Trd, 4319970.493, 106
Trd, 4319971.193, 83
Trd, 4319972.243, 110
Trd, 4319972.643, 117
Trd, 4319973.343, 91
Trd, 4319973.993, 104
Trd, 4319974.443, 139
Trd, 4319974.493, 92
Trd, 4319975.143, 83
Trd, 4319976.043, 140
Trd, 4319976.743, 140
Trd, 4319976.793, 81
Trd, 4319977.343, 64
Trd, 4319977.793, 62
Trd, 4319978.143, 140
Trd, 4319979.593, 78
Trd, 4319980.643, 61
Trd, 4319981.943, 140
Trd, 4319982.043, 130
Trd, 4319982.543, 135
Trd, 4319985.343, 62
Trd, 4319985.443, 63
Trd, 4319985.593, 69
Trd, 4319986.443, 78
Trd, 4319987.093, 105
Trd, 4319987.243, 108
Trd, 4319987.393, 74
Trd, 4319987.843, 140
Trd, 4319988.043, 140
Trd, 4319989.743, 67
Trd, 4319990.043, 60
Trd, 4319991.493, 67
Trd, 4319994.093, 138
Trd, 4319995.043, 140
Trd, 4319995.493, 140
Trd, 4319995.593, 138
Trd, 4319996.043, 111
Trd, 4319996.893, 93
Trd, 4319997.143, 84
Trd, 4319997.993, 112
Trd, 4319998.893, 140
Trd, 4319999.143, 139
Trd, 4319999.893, 62
