Trd, 4318170.893, 62
Trd, 4318171.143, 60
Trd, 4318171.693, 64
Trd, 4318172.543, 82
Trd, 4318172.643, 75
Trd, 4318173.793, 67
Trd, 4318174.393, 62
Trd, 4318174.843, 63
Trd, 4318174.943, 110
Trd, 4318176.393, 140
Trd, 4318176.743, 140
Trd, 4318177.193, 140
Trd, 4318177.993, 64
Trd, 4318179.743, 140
Trd, 4318180.393, 140
Trd, 4318180.493, 139
Trd, 4318181.043, 138
Trd, 4318181.343, 140
Trd, 4318182.593, 140
Trd, 4318182.793, 137
Trd, 4318183.043, 132
Trd, 4318184.143, 66
Trd, 4318184.343, 67
Trd, 4318186.193, 140
Trd, 4318186.643, 139
Trd, 4318186.793, 138
Trd, 4318187.843, 140
Trd, 4318188.893, 63
Trd, 4318189.043, 127
Trd, 4318190.243, 137
Trd, 4318190.343, 67
Trd, 4318191.343, 139
Trd, 4318191.693, 107
Trd, 4318191.743, 98
Trd, 4318193.193, 140
Trd, 4318193.693, 140
Trd, 4318193.893, 140
Trd, 4318194.243, 140
Trd, 4318195.193, 140
Trd, 4318196.793, 140
Trd, 4318197.043, 139
Trd, 4318197.243, 138
Trd, 4318197.743, 137
Trd, 4318197.843, 130
Trd, 4318198.143, 93
Trd, 4318198.643, 68
Trd, 4318199.093, 124
Trd, 4318199.793, 86
Trd, 4318201.093, 140
Trd, 4318201.143, 140
Trd, 4318202.143, 63
Trd, 4318202.193, 68
Trd, 4318202.993, 139
Trd, 4318203.543, 138
Trd, 4318203.993, 139
Trd, 4318205.093, 138
Trd, 4318206.543, 140
Trd, 4318208.043, 140
Trd, 4318208.493, 140
Trd, 4318208.643, 140
Trd, 4318208.793, 140
Trd, 4318209.193, 139
Trd, 4318209.743, 140
Trd, 4318210.093, 138
Trd, 4318211.293, 113
Trd, 4318211.793, 76
Trd, 4318212.443, 139
Trd, 4318212.793, 139
Trd, 4318213.043, 138
Trd, 4318214.743, 140
Trd, 4318215.043, 140
Trd, 4318215.093, 139
Trd, 4318217.193, 140
Trd, 4318217.443, 140
Trd, 4318217.743, 140
Trd, 4318218.493, 140
Trd, 4318218.543, 127
Trd, 4318219.293, 140
Trd, 4318220.243, 61
Trd, 4318220.293, 62
Trd, 4318221.793, 63
Trd, 4318221.943, 64
Trd, 4318222.593, 67
Trd, 4318223.393, 62
Trd, 4318224.893, 140
Trd, 4318225.443, 140
Trd, 4318226.193, 140
Trd, 4318227.143, 140
Trd, 4318227.743, 140
Trd, 4318228.293, 140
Trd, 4318228.443, 70
Trd, 4318229.793, 65
Trd, 4318230.643, 140
Trd, 4318231.093, 70
Trd, 4318231.443, 134
Trd, 4318232.193, 139
Trd, 4318232.393, 139
Trd, 4318233.093, 133
Trd, 4318234.043, 123
Trd, 4318235.243, 140
Trd, 4318235.593, 140
Trd, 4318236.993, 140
Trd, 4318237.143, 140
Trd, 4318237.443, 139
Trd, 4318238.393, 140
Trd, 4318238.593, 140
Trd, 4318239.343, 140
Trd, 4318239.743, 132
Trd, 4318239.843, 131
Trd, 4318241.293, 140
Trd, 4318241.743, 139
Trd, 4318242.393, 123
Trd, 4318243.093, 82
Trd, 4318243.893, 60
Trd, 4318244.793, 60
Trd, 4318245.143, 60
Trd, 4318245.693, 60
Trd, 4318245.943, 63
Trd, 4318245.993, 111
Trd, 4318247.343, 66
Trd, 4318248.093, 65
Trd, 4318248.143, 70
Trd, 4318249.293, 65
Trd, 4318250.093, 61
Trd, 4318252.043, 60
Trd, 4318252.143, 64
Trd, 4318252.493, 60
Trd, 4318252.643, 62
Trd, 4318252.693, 62
Trd, 4318253.593, 104
Trd, 4318254.593, 64
Trd, 4318255.043, 69
Trd, 4318255.943, 60
Trd, 4318257.193, 60
Trd, 4318257.893, 60
Trd, 4318258.343, 63
Trd, 4318259.493, 61
Trd, 4318259.743, 63
Trd, 4318259.993, 70
Trd, 4318260.943, 61
Trd, 4318261.093, 62
Trd, 4318261.893, 62
Trd, 4318262.093, 62
Trd, 4318263.493, 65
Trd, 4318263.793, 140
Trd, 4318263.893, 63
Trd, 4318264.093, 127
Trd, 4318264.943, 140
Trd, 4318267.543, 140
Trd, 4318267.993, 140
Trd, 4318268.243, 138
Trd, 4318269.993, 139
Trd, 4318270.543, 138
Trd, 4318270.943, 139
Trd, 4318272.443, 138
Trd, 4318272.543, 136
Trd, 4318273.093, 130
Trd, 4318273.243, 135
Trd, 4318273.743, 134
Trd, 4318274.493, 64
Trd, 4318275.493, 60
Trd, 4318276.293, 60
Trd, 4318276.343, 82
Trd, 4318276.943, 90
Trd, 4318277.643, 65
Trd, 4318278.643, 63
Trd, 4318279.293, 64
Trd, 4318280.293, 60
Trd, 4318280.743, 63
Trd, 4318280.893, 140
Trd, 4318281.293, 68
Trd, 4318282.943, 130
Trd, 4318283.593, 89
Trd, 4318283.643, 85
Trd, 4318283.993, 61
Trd, 4318284.993, 140
Trd, 4318286.943, 140
Trd, 4318286.993, 138
Trd, 4318288.243, 140
Trd, 4318288.943, 140
Trd, 4318289.893, 139
Trd, 4318290.643, 138
Trd, 4318291.243, 140
Trd, 4318291.543, 140
Trd, 4318293.493, 140
Trd, 4318293.643, 124
Trd, 4318295.493, 140
Trd, 4318295.643, 140
Trd, 4318295.793, 140
Trd, 4318296.143, 138
Trd, 4318296.293, 130
Trd, 4318297.543, 60
Trd, 4318297.893, 139
Trd, 4318298.343, 140
Trd, 4318298.493, 134
Trd, 4318299.643, 137
Trd, 4318299.893, 108
Trd, 4318300.793, 63
Trd, 4318301.643, 62
Trd, 4318301.793, 65
Trd, 4318302.693, 62
Trd, 4318303.443, 62
Trd, 4318304.543, 60
Trd, 4318304.643, 60
Trd, 4318306.493, 61
Trd, 4318306.643, 62
Trd, 4318306.793, 62
Trd, 4318307.493, 60
Trd, 4318308.593, 60
Trd, 4318309.193, 62
Trd, 4318309.443, 62
Trd, 4318310.743, 64
Trd, 4318311.193, 61
Trd, 4318312.543, 60
Trd, 4318314.043, 60
Trd, 4318315.343, 60
Trd, 4318315.643, 60
Trd, 4318315.693, 68
Trd, 4318316.693, 67
Trd, 4318317.093, 119
Trd, 4318318.043, 61
Trd, 4318318.493, 62
Trd, 4318318.543, 65
Trd, 4318319.293, 62
Trd, 4318319.943, 62
Trd, 4318321.093, 61
Trd, 4318321.543, 67
Trd, 4318321.993, 74
Trd, 4318322.243, 63
Trd, 4318323.243, 138
Trd, 4318324.193, 140
Trd, 4318325.793, 60
Trd, 4318326.493, 61
Trd, 4318326.843, 63
Trd, 4318326.893, 70
Trd, 4318327.593, 140
Trd, 4318327.993, 140
Trd, 4318329.693, 140
Trd, 4318329.793, 140
Trd, 4318330.043, 140
Trd, 4318330.843, 139
Trd, 4318332.193, 139
Trd, 4318332.543, 112
Trd, 4318332.843, 78
Trd, 4318333.293, 62
Trd, 4318333.393, 71
Trd, 4318333.493, 71
Trd, 4318334.693, 60
Trd, 4318334.843, 64
Trd, 4318335.443, 60
Trd, 4318335.893, 121
Trd, 4318337.043, 61
Trd, 4318338.093, 89
Trd, 4318338.393, 139
Trd, 4318338.843, 62
Trd, 4318338.893, 61
Trd, 4318339.643, 85
Trd, 4318340.843, 75
Trd, 4318341.543, 76
Trd, 4318341.793, 63
Trd, 4318342.043, 67
Trd, 4318342.243, 74
Trd, 4318343.743, 96
Trd, 4318344.393, 67
Trd, 4318344.493, 100
Trd, 4318345.343, 66
Trd, 4318345.893, 60
Trd, 4318346.043, 101
Trd, 4318347.793, 140
Trd, 4318348.193, 140
Trd, 4318348.693, 140
Trd, 4318350.043, 61
Trd, 4318350.493, 61
Trd, 4318350.793, 140
Trd, 4318351.193, 140
Trd, 4318352.493, 61
Trd, 4318352.643, 63
Trd, 4318352.943, 61
Trd, 4318353.543, 139
Trd, 4318354.093, 116
Trd, 4318354.943, 140
Trd, 4318355.193, 140
Trd, 4318356.893, 61
Trd, 4318357.443, 61
Trd, 4318357.743, 63
Trd, 4318359.193, 60
Trd, 4318360.143, 61
Trd, 4318361.593, 60
Trd, 4318361.743, 61
Trd, 4318361.793, 67
Trd, 4318362.593, 139
Trd, 4318363.593, 61
Trd, 4318363.643, 71
Trd, 4318364.193, 140
Trd, 4318364.893, 114
Trd, 4318365.643, 61
Trd, 4318366.893, 65
Trd, 4318367.043, 97
Trd, 4318367.093, 64
Trd, 4318367.443, 137
Trd, 4318367.743, 64
Trd, 4318368.193, 104
Trd, 4318368.393, 62
Trd, 4318370.143, 60
Trd, 4318370.293, 60
Trd, 4318370.793, 122
Trd, 4318371.543, 121
Trd, 4318372.693, 140
Trd, 4318373.343, 116
Trd, 4318373.443, 139
Trd, 4318375.143, 140
Trd, 4318375.443, 140
Trd, 4318375.643, 140
Trd, 4318376.293, 140
Trd, 4318376.343, 140
Trd, 4318377.143, 136
Trd, 4318377.893, 140
Trd, 4318378.043, 124
Trd, 4318378.943, 138
Trd, 4318379.793, 140
Trd, 4318379.943, 140
Trd, 4318380.593, 140
Trd, 4318381.293, 102
Trd, 4318381.893, 140
Trd, 4318382.443, 135
Trd, 4318383.393, 140
Trd, 4318383.793, 140
Trd, 4318384.243, 140
Trd, 4318385.843, 131
Trd, 4318386.643, 140
Trd, 4318386.693, 90
Trd, 4318387.793, 139
Trd, 4318388.793, 139
Trd, 4318389.293, 140
Trd, 4318389.343, 140
Trd, 4318390.243, 140
Trd, 4318390.793, 140
Trd, 4318392.243, 140
Trd, 4318392.643, 140
Trd, 4318393.693, 140
Trd, 4318394.893, 60
Trd, 4318395.543, 140
Trd, 4318395.743, 140
Trd, 4318396.093, 138
Trd, 4318396.543, 138
Trd, 4318396.593, 130
Trd, 4318398.493, 60
Trd, 4318398.943, 61
Trd, 4318399.043, 60
Trd, 4318399.293, 140
Trd, 4318400.193, 140
Trd, 4318400.393, 140
Trd, 4318400.493, 140
Trd, 4318400.793, 63
Trd, 4318401.493, 140
Trd, 4318401.743, 139
Trd, 4318403.093, 139
Trd, 4318404.343, 107
Trd, 4318404.843, 60
Trd, 4318406.943, 60
Trd, 4318406.993, 64
Trd, 4318407.343, 128
Trd, 4318407.593, 61
Trd, 4318408.293, 87
Trd, 4318408.843, 70
Trd, 4318409.193, 66
Trd, 4318410.443, 140
Trd, 4318410.943, 139
Trd, 4318411.093, 139
Trd, 4318411.543, 124
Trd, 4318412.393, 139
Trd, 4318412.593, 123
Trd, 4318413.293, 139
Trd, 4318414.493, 91
Trd, 4318414.993, 64
Trd, 4318415.693, 139
Trd, 4318416.693, 140
Trd, 4318417.293, 137
Trd, 4318417.493, 123
Trd, 4318418.043, 114
Trd, 4318418.543, 138
Trd, 4318419.093, 140
Trd, 4318419.993, 69
Trd, 4318421.043, 138
Trd, 4318421.493, 137
Trd, 4318421.543, 137
Trd, 4318423.293, 140
Trd, 4318423.693, 140
Trd, 4318424.143, 139
Trd, 4318424.243, 132
Trd, 4318424.593, 126
Trd, 4318425.493, 140
Trd, 4318426.093, 140
Trd, 4318428.343, 140
Trd, 4318428.393, 140
Trd, 4318429.243, 140
Trd, 4318429.343, 139
Trd, 4318429.543, 138
Trd, 4318429.843, 131
Trd, 4318431.543, 140
Trd, 4318431.943, 139
Trd, 4318432.143, 113
Trd, 4318432.743, 140
Trd, 4318433.343, 139
Trd, 4318433.793, 97
Trd, 4318433.993, 88
Trd, 4318435.243, 140
Trd, 4318435.493, 139
Trd, 4318435.743, 79
Trd, 4318436.593, 139
Trd, 4318437.693, 139
Trd, 4318438.193, 137
Trd, 4318439.043, 136
Trd, 4318439.243, 139
Trd, 4318440.393, 133
Trd, 4318441.093, 123
Trd, 4318441.893, 105
Trd, 4318441.943, 91
Trd, 4318442.943, 138
Trd, 4318443.943, 140
Trd, 4318444.643, 140
Trd, 4318444.743, 140
Trd, 4318445.143, 140
Trd, 4318445.343, 104
Trd, 4318447.393, 140
Trd, 4318447.793, 139
Trd, 4318449.243, 140
Trd, 4318449.543, 140
Trd, 4318450.093, 140
Trd, 4318450.143, 139
Trd, 4318450.543, 92
Trd, 4318450.593, 88
Trd, 4318453.393, 62
Trd, 4318453.693, 63
Trd, 4318453.943, 64
Trd, 4318454.543, 61
Trd, 4318454.793, 69
Trd, 4318455.643, 140
Trd, 4318456.793, 140
Trd, 4318457.643, 140
Trd, 4318458.243, 140
Trd, 4318458.693, 140
Trd, 4318458.993, 138
Trd, 4318459.543, 137
Trd, 4318461.393, 140
Trd, 4318461.493, 137
Trd, 4318462.243, 139
Trd, 4318462.393, 127
Trd, 4318462.693, 102
Trd, 4318463.643, 138
Trd, 4318464.093, 140
Trd, 4318464.243, 101
Trd, 4318465.593, 138
Trd, 4318467.043, 140
Trd, 4318467.543, 140
Trd, 4318467.993, 139
Trd, 4318468.393, 140
Trd, 4318469.043, 140
Trd, 4318470.143, 140
Trd, 4318470.393, 139
Trd, 4318470.493, 135
Trd, 4318470.843, 123
Trd, 4318471.443, 89
Trd, 4318472.743, 140
Trd, 4318473.093, 140
Trd, 4318473.393, 140
Trd, 4318473.693, 137
Trd, 4318475.793, 140
Trd, 4318476.943, 140
Trd, 4318477.093, 139
Trd, 4318477.193, 131
Trd, 4318478.343, 140
Trd, 4318478.743, 103
Trd, 4318479.793, 139
Trd, 4318480.893, 140
Trd, 4318481.043, 140
Trd, 4318481.143, 131
Trd, 4318482.443, 139
Trd, 4318483.693, 128
Trd, 4318483.943, 115
Trd, 4318484.993, 140
Trd, 4318485.593, 138
Trd, 4318486.393, 139
Trd, 4318486.693, 137
Trd, 4318487.093, 71
Trd, 4318488.243, 137
Trd, 4318488.793, 138
Trd, 4318489.493, 64
Trd, 4318489.943, 114
Trd, 4318490.393, 62
Trd, 4318491.193, 66
Trd, 4318491.243, 67
Trd, 4318491.993, 140
Trd, 4318492.493, 140
Trd, 4318492.793, 119
Trd, 4318493.393, 68
Trd, 4318494.143, 71
Trd, 4318495.843, 140
Trd, 4318496.993, 140
Trd, 4318497.493, 140
Trd, 4318498.693, 140
Trd, 4318498.743, 138
Trd, 4318499.343, 140
Trd, 4318500.093, 140
Trd, 4318500.893, 140
Trd, 4318501.343, 140
Trd, 4318502.093, 140
Trd, 4318502.443, 140
Trd, 4318502.593, 131
Trd, 4318503.193, 138
Trd, 4318504.243, 140
Trd, 4318504.393, 83
Trd, 4318504.993, 140
Trd, 4318505.543, 131
Trd, 4318506.293, 138
Trd, 4318507.093, 126
Trd, 4318507.193, 124
Trd, 4318507.493, 140
Trd, 4318508.393, 61
Trd, 4318508.893, 85
Trd, 4318509.393, 86
Trd, 4318510.493, 60
Trd, 4318510.643, 60
Trd, 4318512.193, 60
Trd, 4318512.593, 60
Trd, 4318512.993, 63
Trd, 4318513.393, 139
Trd, 4318513.593, 140
Trd, 4318514.443, 64
Trd, 4318515.193, 139
Trd, 4318515.643, 138
Trd, 4318516.443, 61
Trd, 4318517.743, 97
Trd, 4318518.193, 140
Trd, 4318518.993, 60
Trd, 4318519.493, 67
Trd, 4318519.943, 78
Trd, 4318520.043, 126
Trd, 4318520.493, 76
Trd, 4318520.743, 74
Trd, 4318521.843, 62
Trd, 4318521.943, 64
Trd, 4318522.543, 67
Trd, 4318523.293, 140
Trd, 4318523.693, 140
Trd, 4318525.693, 140
Trd, 4318526.393, 139
Trd, 4318526.893, 140
Trd, 4318527.693, 140
Trd, 4318528.193, 140
Trd, 4318528.343, 138
Trd, 4318529.093, 140
Trd, 4318530.993, 140
Trd, 4318532.343, 140
Trd, 4318532.793, 140
Trd, 4318533.243, 140
Trd, 4318533.643, 140
Trd, 4318534.193, 116
Trd, 4318534.243, 103
Trd, 4318534.793, 129
Trd, 4318535.593, 140
Trd, 4318535.793, 138
Trd, 4318535.993, 140
Trd, 4318537.543, 140
Trd, 4318537.643, 123
Trd, 4318538.743, 140
Trd, 4318540.643, 140
Trd, 4318540.893, 139
Trd, 4318541.293, 139
Trd, 4318542.093, 140
Trd, 4318542.643, 140
Trd, 4318542.943, 137
Trd, 4318544.343, 138
Trd, 4318545.343, 140
Trd, 4318545.543, 139
Trd, 4318545.643, 132
Trd, 4318545.893, 69
Trd, 4318546.293, 140
Trd, 4318546.943, 60
Trd, 4318547.843, 139
Trd, 4318548.693, 140
Trd, 4318549.743, 140
Trd, 4318550.093, 140
Trd, 4318550.343, 131
Trd, 4318550.443, 117
Trd, 4318550.743, 138
Trd, 4318552.043, 140
Trd, 4318552.193, 70
Trd, 4318553.043, 135
Trd, 4318553.443, 70
Trd, 4318553.793, 63
Trd, 4318554.693, 60
Trd, 4318554.793, 60
Trd, 4318555.243, 69
Trd, 4318557.493, 61
Trd, 4318557.593, 61
Trd, 4318557.893, 61
Trd, 4318558.143, 62
Trd, 4318558.593, 61
Trd, 4318558.793, 66
Trd, 4318559.893, 120
Trd, 4318560.043, 110
Trd, 4318560.743, 68
Trd, 4318560.943, 60
Trd, 4318562.643, 95
Trd, 4318562.893, 82
Trd, 4318563.743, 140
Trd, 4318564.443, 140
Trd, 4318564.593, 139
Trd, 4318564.893, 131
Trd, 4318566.093, 140
Trd, 4318566.543, 139
Trd, 4318566.793, 138
Trd, 4318567.343, 99
Trd, 4318567.893, 128
Trd, 4318569.693, 139
Trd, 4318569.893, 139
Trd, 4318570.043, 125
Trd, 4318570.343, 91
Trd, 4318571.493, 139
Trd, 4318571.543, 137
Trd, 4318572.593, 140
Trd, 4318573.143, 139
Trd, 4318573.393, 131
Trd, 4318574.443, 140
Trd, 4318575.543, 139
Trd, 4318576.343, 139
Trd, 4318576.443, 131
Trd, 4318577.593, 140
Trd, 4318578.693, 140
Trd, 4318579.443, 139
Trd, 4318579.793, 137
Trd, 4318581.793, 140
Trd, 4318582.093, 139
Trd, 4318583.243, 140
Trd, 4318583.393, 140
Trd, 4318584.393, 140
Trd, 4318585.693, 140
Trd, 4318586.743, 140
Trd, 4318587.043, 140
Trd, 4318587.543, 140
Trd, 4318587.993, 139
Trd, 4318588.043, 138
Trd, 4318589.693, 139
Trd, 4318589.893, 138
Trd, 4318590.693, 138
Trd, 4318590.993, 98
Trd, 4318591.443, 77
Trd, 4318592.243, 61
Trd, 4318592.543, 62
Trd, 4318593.243, 62
Trd, 4318594.093, 140
Trd, 4318594.693, 63
Trd, 4318595.043, 64
Trd, 4318596.743, 63
Trd, 4318596.793, 66
Trd, 4318596.943, 61
Trd, 4318597.543, 76
Trd, 4318598.293, 140
Trd, 4318598.743, 140
Trd, 4318599.393, 140
Trd, 4318599.943, 140
Trd, 4318600.743, 140
Trd, 4318601.043, 87
Trd, 4318602.093, 140
Trd, 4318602.243, 139
Trd, 4318602.693, 140
Trd, 4318603.193, 136
Trd, 4318603.493, 124
Trd, 4318605.543, 136
Trd, 4318605.943, 140
Trd, 4318606.243, 140
Trd, 4318606.943, 139
Trd, 4318607.193, 138
Trd, 4318607.343, 115
Trd, 4318607.593, 104
Trd, 4318608.593, 139
Trd, 4318609.693, 140
Trd, 4318609.793, 140
Trd, 4318609.843, 128
Trd, 4318610.543, 140
Trd, 4318611.043, 139
Trd, 4318611.243, 131
Trd, 4318611.643, 103
Trd, 4318613.293, 140
Trd, 4318613.443, 138
Trd, 4318613.843, 60
Trd, 4318615.543, 140
Trd, 4318615.893, 140
Trd, 4318617.193, 140
Trd, 4318618.043, 140
Trd, 4318618.743, 138
Trd, 4318618.843, 138
Trd, 4318618.993, 137
Trd, 4318619.193, 131
Trd, 4318620.743, 140
Trd, 4318621.343, 140
Trd, 4318621.593, 139
Trd, 4318623.343, 140
Trd, 4318623.443, 139
Trd, 4318624.143, 118
Trd, 4318624.443, 120
Trd, 4318624.893, 140
Trd, 4318625.443, 140
Trd, 4318626.793, 61
Trd, 4318627.443, 61
Trd, 4318627.543, 62
Trd, 4318628.043, 108
Trd, 4318628.293, 139
Trd, 4318629.843, 140
Trd, 4318630.343, 140
Trd, 4318630.393, 139
Trd, 4318630.993, 127
Trd, 4318631.993, 138
Trd, 4318632.443, 137
Trd, 4318633.043, 114
Trd, 4318633.193, 79
Trd, 4318634.793, 137
Trd, 4318634.893, 75
Trd, 4318636.343, 78
Trd, 4318637.243, 78
Trd, 4318637.743, 63
Trd, 4318637.843, 85
Trd, 4318638.243, 62
Trd, 4318638.843, 140
Trd, 4318639.543, 140
Trd, 4318640.093, 124
Trd, 4318641.943, 60
Trd, 4318641.993, 61
Trd, 4318643.343, 60
Trd, 4318643.393, 63
Trd, 4318644.193, 61
Trd, 4318644.893, 60
Trd, 4318645.243, 66
Trd, 4318645.293, 86
Trd, 4318646.143, 63
Trd, 4318648.693, 60
Trd, 4318648.893, 61
Trd, 4318648.993, 67
Trd, 4318650.093, 66
Trd, 4318650.843, 60
Trd, 4318651.093, 60
Trd, 4318651.243, 61
Trd, 4318651.793, 60
Trd, 4318653.943, 65
Trd, 4318654.043, 65
Trd, 4318654.993, 92
Trd, 4318655.243, 91
Trd, 4318655.743, 135
Trd, 4318656.743, 140
Trd, 4318656.843, 139
Trd, 4318658.443, 99
Trd, 4318658.993, 76
Trd, 4318659.193, 103
Trd, 4318659.393, 74
Trd, 4318659.693, 63
Trd, 4318660.843, 99
Trd, 4318661.143, 70
Trd, 4318661.643, 61
Trd, 4318662.143, 97
Trd, 4318664.193, 61
Trd, 4318664.293, 61
Trd, 4318664.543, 62
Trd, 4318664.843, 64
Trd, 4318666.043, 62
Trd, 4318666.643, 140
Trd, 4318666.893, 140
Trd, 4318667.393, 139
Trd, 4318668.793, 139
Trd, 4318670.093, 140
Trd, 4318671.793, 140
Trd, 4318672.093, 135
Trd, 4318672.293, 135
Trd, 4318673.593, 136
Trd, 4318673.693, 128
Trd, 4318674.143, 139
Trd, 4318674.593, 94
Trd, 4318675.193, 138
Trd, 4318676.193, 140
Trd, 4318677.043, 140
Trd, 4318677.543, 139
Trd, 4318678.493, 138
Trd, 4318678.693, 140
Trd, 4318678.993, 139
Trd, 4318679.843, 132
Trd, 4318680.193, 108
Trd, 4318680.693, 140
Trd, 4318681.393, 131
Trd, 4318681.743, 131
Trd, 4318682.143, 140
Trd, 4318683.343, 140
Trd, 4318684.743, 140
Trd, 4318685.843, 140
Trd, 4318686.043, 140
Trd, 4318686.893, 140
Trd, 4318687.543, 140
Trd, 4318688.343, 140
Trd, 4318689.343, 139
Trd, 4318689.593, 140
Trd, 4318689.993, 139
Trd, 4318691.243, 108
Trd, 4318691.493, 100
Trd, 4318692.843, 140
Trd, 4318693.143, 140
Trd, 4318694.293, 140
Trd, 4318695.243, 139
Trd, 4318695.393, 139
Trd, 4318696.293, 138
Trd, 4318697.543, 140
Trd, 4318697.943, 140
Trd, 4318698.543, 140
Trd, 4318699.293, 140
Trd, 4318699.943, 140
Trd, 4318700.793, 114
Trd, 4318700.943, 111
Trd, 4318701.843, 83
Trd, 4318701.893, 85
Trd, 4318702.693, 140
Trd, 4318702.793, 140
Trd, 4318703.243, 140
Trd, 4318703.393, 139
Trd, 4318704.443, 63
Trd, 4318705.493, 68
Trd, 4318706.243, 135
Trd, 4318706.543, 82
Trd, 4318707.843, 138
Trd, 4318708.443, 138
Trd, 4318709.393, 62
Trd, 4318709.543, 67
Trd, 4318710.393, 68
Trd, 4318710.693, 61
Trd, 4318711.143, 64
Trd, 4318711.793, 60
Trd, 4318711.893, 71
Trd, 4318712.443, 68
Trd, 4318713.693, 62
Trd, 4318715.193, 61
Trd, 4318715.443, 62
Trd, 4318715.593, 79
Trd, 4318715.993, 60
Trd, 4318716.543, 63
Trd, 4318718.693, 60
Trd, 4318719.643, 63
Trd, 4318719.993, 62
Trd, 4318720.243, 67
Trd, 4318720.893, 70
Trd, 4318721.143, 139
Trd, 4318721.593, 82
Trd, 4318722.343, 126
Trd, 4318722.793, 140
Trd, 4318723.393, 62
Trd, 4318725.643, 60
Trd, 4318725.743, 61
Trd, 4318726.143, 61
Trd, 4318726.493, 62
Trd, 4318726.793, 140
Trd, 4318727.593, 63
Trd, 4318728.343, 135
Trd, 4318728.943, 140
Trd, 4318729.743, 140
Trd, 4318730.143, 70
Trd, 4318730.243, 71
Trd, 4318731.543, 60
Trd, 4318731.743, 60
Trd, 4318731.843, 64
Trd, 4318733.493, 140
Trd, 4318733.643, 131
Trd, 4318734.043, 83
Trd, 4318735.243, 140
Trd, 4318735.643, 140
Trd, 4318736.093, 138
Trd, 4318736.743, 65
Trd, 4318736.943, 60
Trd, 4318737.543, 65
Trd, 4318737.793, 62
Trd, 4318738.893, 139
Trd, 4318740.393, 60
Trd, 4318740.643, 60
Trd, 4318741.543, 60
Trd, 4318742.293, 73
Trd, 4318742.393, 107
Trd, 4318742.593, 81
Trd, 4318742.943, 139
Trd, 4318743.093, 85
Trd, 4318743.543, 140
Trd, 4318744.993, 61
Trd, 4318745.243, 62
Trd, 4318746.393, 60
Trd, 4318747.443, 60
Trd, 4318748.693, 65
Trd, 4318749.293, 63
Trd, 4318749.493, 66
Trd, 4318751.143, 60
Trd, 4318752.243, 60
Trd, 4318752.393, 61
Trd, 4318752.543, 65
Trd, 4318753.193, 63
Trd, 4318753.443, 136
Trd, 4318755.693, 60
Trd, 4318755.843, 63
Trd, 4318756.643, 60
Trd, 4318757.093, 60
Trd, 4318757.243, 66
Trd, 4318757.843, 100
Trd, 4318758.093, 140
Trd, 4318758.643, 68
Trd, 4318759.843, 60
Trd, 4318760.443, 62
Trd, 4318761.493, 61
Trd, 4318761.993, 67
Trd, 4318763.143, 75
Trd, 4318763.293, 64
Trd, 4318763.343, 76
Trd, 4318763.693, 62
Trd, 4318764.643, 61
Trd, 4318764.693, 62
Trd, 4318765.143, 139
Trd, 4318766.543, 140
Trd, 4318766.843, 137
Trd, 4318766.943, 136
Trd, 4318767.843, 60
Trd, 4318768.443, 61
Trd, 4318770.543, 61
Trd, 4318770.893, 60
Trd, 4318771.093, 61
Trd, 4318772.043, 62
Trd, 4318772.243, 105
Trd, 4318772.893, 140
Trd, 4318773.093, 114
Trd, 4318773.593, 139
Trd, 4318774.243, 137
Trd, 4318774.393, 136
Trd, 4318774.843, 63
Trd, 4318775.393, 106
Trd, 4318776.493, 140
Trd, 4318777.093, 140
Trd, 4318777.843, 140
Trd, 4318778.793, 140
Trd, 4318779.043, 139
Trd, 4318779.193, 140
Trd, 4318779.343, 131
Trd, 4318779.993, 120
Trd, 4318780.693, 140
Trd, 4318781.443, 100
Trd, 4318782.093, 87
Trd, 4318782.493, 65
Trd, 4318782.893, 65
Trd, 4318783.893, 139
Trd, 4318784.743, 140
Trd, 4318784.793, 140
Trd, 4318785.343, 138
Trd, 4318785.643, 138
Trd, 4318786.993, 140
Trd, 4318787.093, 124
Trd, 4318787.643, 140
Trd, 4318787.893, 113
Trd, 4318789.043, 139
Trd, 4318790.593, 140
Trd, 4318791.193, 140
Trd, 4318791.593, 140
Trd, 4318791.793, 140
Trd, 4318792.243, 138
Trd, 4318792.343, 132
Trd, 4318792.743, 138
Trd, 4318793.043, 140
Trd, 4318793.943, 140
Trd, 4318794.443, 139
Trd, 4318794.893, 116
Trd, 4318795.143, 86
Trd, 4318795.393, 140
Trd, 4318796.843, 140
Trd, 4318797.843, 137
Trd, 4318799.143, 139
Trd, 4318799.743, 140
Trd, 4318800.243, 127
Trd, 4318801.143, 140
Trd, 4318801.343, 138
Trd, 4318801.843, 140
Trd, 4318803.293, 140
Trd, 4318803.793, 140
Trd, 4318803.893, 138
Trd, 4318804.243, 131
Trd, 4318805.043, 79
Trd, 4318805.543, 139
Trd, 4318806.143, 61
Trd, 4318807.143, 137
Trd, 4318807.543, 138
Trd, 4318808.243, 122
Trd, 4318808.643, 112
Trd, 4318808.893, 140
Trd, 4318809.293, 140
Trd, 4318809.493, 140
Trd, 4318810.293, 140
Trd, 4318810.843, 140
Trd, 4318812.143, 140
Trd, 4318812.543, 140
Trd, 4318812.743, 131
Trd, 4318813.593, 140
Trd, 4318815.093, 140
Trd, 4318815.193, 140
Trd, 4318815.543, 138
Trd, 4318816.043, 77
Trd, 4318817.393, 62
Trd, 4318817.843, 75
Trd, 4318817.943, 77
Trd, 4318818.993, 63
Trd, 4318820.643, 140
Trd, 4318820.943, 139
Trd, 4318821.093, 139
Trd, 4318821.543, 139
Trd, 4318822.093, 135
Trd, 4318822.443, 140
Trd, 4318823.943, 139
Trd, 4318824.043, 139
Trd, 4318824.243, 140
Trd, 4318825.543, 116
Trd, 4318826.693, 140
Trd, 4318827.093, 140
Trd, 4318827.593, 140
Trd, 4318827.743, 139
Trd, 4318828.443, 138
Trd, 4318829.043, 140
Trd, 4318829.593, 123
Trd, 4318829.743, 96
Trd, 4318830.643, 140
Trd, 4318831.093, 140
Trd, 4318832.143, 140
Trd, 4318832.893, 140
Trd, 4318834.443, 140
Trd, 4318834.793, 140
Trd, 4318835.493, 139
Trd, 4318835.543, 137
Trd, 4318837.593, 140
Trd, 4318837.643, 139
Trd, 4318838.193, 140
Trd, 4318838.343, 137
Trd, 4318838.693, 132
Trd, 4318838.943, 124
Trd, 4318839.293, 140
Trd, 4318839.793, 140
Trd, 4318840.793, 140
Trd, 4318841.393, 131
Trd, 4318841.543, 76
Trd, 4318841.993, 140
Trd, 4318842.893, 66
Trd, 4318843.893, 118
Trd, 4318844.943, 115
Trd, 4318845.643, 69
Trd, 4318845.843, 76
Trd, 4318846.143, 87
Trd, 4318846.693, 139
Trd, 4318846.793, 138
Trd, 4318847.243, 130
Trd, 4318847.643, 140
Trd, 4318848.143, 95
Trd, 4318849.493, 140
Trd, 4318849.593, 87
Trd, 4318850.143, 60
Trd, 4318850.843, 61
Trd, 4318852.343, 140
Trd, 4318852.493, 140
Trd, 4318853.643, 140
Trd, 4318854.243, 140
Trd, 4318854.393, 140
Trd, 4318854.943, 140
Trd, 4318856.143, 140
Trd, 4318856.693, 140
Trd, 4318858.093, 140
Trd, 4318858.443, 140
Trd, 4318858.693, 140
Trd, 4318860.043, 139
Trd, 4318860.493, 135
Trd, 4318860.593, 131
Trd, 4318861.743, 140
Trd, 4318862.593, 140
Trd, 4318863.593, 139
Trd, 4318863.793, 131
Trd, 4318864.293, 140
Trd, 4318865.393, 139
Trd, 4318865.693, 124
Trd, 4318866.293, 140
Trd, 4318866.443, 139
Trd, 4318867.543, 87
Trd, 4318867.693, 113
Trd, 4318868.493, 127
Trd, 4318869.193, 138
Trd, 4318869.493, 134
Trd, 4318870.043, 124
Trd, 4318870.393, 82
Trd, 4318871.693, 136
Trd, 4318871.793, 126
Trd, 4318872.143, 86
Trd, 4318873.393, 140
Trd, 4318873.443, 139
Trd, 4318873.643, 134
Trd, 4318874.843, 96
Trd, 4318875.643, 139
Trd, 4318876.193, 140
Trd, 4318876.693, 138
Trd, 4318877.343, 87
Trd, 4318877.493, 85
Trd, 4318878.743, 139
Trd, 4318879.043, 140
Trd, 4318879.393, 138
Trd, 4318880.143, 135
Trd, 4318881.793, 60
Trd, 4318882.243, 60
Trd, 4318882.643, 63
Trd, 4318883.093, 65
Trd, 4318884.143, 61
Trd, 4318884.393, 74
Trd, 4318884.643, 108
Trd, 4318884.693, 110
Trd, 4318885.793, 63
Trd, 4318886.143, 64
Trd, 4318886.793, 71
Trd, 4318888.093, 60
Trd, 4318888.293, 61
Trd, 4318888.793, 61
Trd, 4318888.943, 97
Trd, 4318891.243, 69
Trd, 4318891.393, 140
Trd, 4318891.743, 67
Trd, 4318892.243, 132
Trd, 4318893.343, 140
Trd, 4318893.493, 140
Trd, 4318894.293, 140
Trd, 4318894.543, 138
Trd, 4318895.543, 63
Trd, 4318897.193, 140
Trd, 4318897.993, 140
Trd, 4318898.143, 139
Trd, 4318898.593, 138
Trd, 4318899.043, 138
Trd, 4318899.293, 130
Trd, 4318899.793, 111
Trd, 4318900.793, 140
Trd, 4318901.193, 125
Trd, 4318902.043, 106
Trd, 4318902.093, 100
Trd, 4318902.243, 126
Trd, 4318904.043, 139
Trd, 4318904.243, 138
Trd, 4318905.693, 140
Trd, 4318905.843, 139
Trd, 4318906.243, 139
Trd, 4318907.743, 140
Trd, 4318908.543, 140
Trd, 4318908.693, 138
Trd, 4318909.393, 140
Trd, 4318910.393, 139
Trd, 4318910.793, 139
Trd, 4318912.593, 140
Trd, 4318913.143, 140
Trd, 4318913.193, 139
Trd, 4318913.893, 140
Trd, 4318914.743, 140
Trd, 4318914.993, 101
Trd, 4318916.893, 140
Trd, 4318917.643, 140
Trd, 4318918.393, 140
Trd, 4318918.443, 140
Trd, 4318919.043, 140
Trd, 4318919.493, 139
Trd, 4318920.093, 139
Trd, 4318920.743, 139
Trd, 4318921.843, 139
Trd, 4318921.943, 126
Trd, 4318922.043, 84
Trd, 4318923.893, 140
Trd, 4318924.243, 139
Trd, 4318924.793, 140
Trd, 4318925.443, 60
Trd, 4318925.793, 63
Trd, 4318925.893, 124
Trd, 4318927.193, 71
Trd, 4318927.393, 60
Trd, 4318927.843, 60
Trd, 4318927.943, 60
Trd, 4318928.193, 97
Trd, 4318929.743, 140
Trd, 4318930.693, 129
Trd, 4318931.843, 61
Trd, 4318932.243, 84
Trd, 4318932.493, 67
Trd, 4318933.093, 84
Trd, 4318934.643, 62
Trd, 4318934.893, 60
Trd, 4318935.593, 62
Trd, 4318935.643, 62
Trd, 4318936.543, 69
Trd, 4318937.693, 115
Trd, 4318938.643, 61
Trd, 4318938.943, 64
Trd, 4318939.943, 140
Trd, 4318940.293, 139
Trd, 4318940.543, 136
Trd, 4318940.643, 131
Trd, 4318941.343, 140
Trd, 4318942.643, 140
Trd, 4318943.243, 140
Trd, 4318944.443, 140
Trd, 4318944.593, 140
Trd, 4318945.143, 140
Trd, 4318945.893, 139
Trd, 4318945.943, 136
Trd, 4318946.693, 68
Trd, 4318947.643, 112
Trd, 4318948.043, 109
Trd, 4318948.943, 137
Trd, 4318949.793, 140
Trd, 4318949.943, 139
Trd, 4318950.493, 100
Trd, 4318950.993, 140
Trd, 4318951.943, 140
Trd, 4318952.293, 140
Trd, 4318954.343, 140
Trd, 4318954.693, 140
Trd, 4318954.843, 140
Trd, 4318955.043, 140
Trd, 4318956.043, 140
Trd, 4318956.093, 139
Trd, 4318956.543, 140
Trd, 4318957.643, 132
Trd, 4318958.143, 140
Trd, 4318958.293, 140
Trd, 4318958.643, 140
Trd, 4318960.193, 140
Trd, 4318960.293, 113
Trd, 4318960.743, 140
Trd, 4318961.243, 139
Trd, 4318962.143, 140
Trd, 4318962.243, 140
Trd, 4318962.843, 140
Trd, 4318963.993, 140
Trd, 4318964.043, 117
Trd, 4318964.943, 140
Trd, 4318965.343, 78
Trd, 4318965.393, 104
Trd, 4318966.593, 138
Trd, 4318966.693, 78
Trd, 4318967.593, 138
Trd, 4318968.293, 140
Trd, 4318968.443, 123
Trd, 4318969.843, 138
Trd, 4318970.093, 137
Trd, 4318971.993, 61
Trd, 4318972.243, 62
Trd, 4318972.793, 138
Trd, 4318973.843, 140
Trd, 4318974.093, 140
Trd, 4318974.443, 138
Trd, 4318975.693, 140
Trd, 4318975.743, 104
Trd, 4318976.343, 140
Trd, 4318978.093, 138
Trd, 4318978.643, 140
Trd, 4318978.993, 95
Trd, 4318979.643, 136
Trd, 4318980.493, 140
Trd, 4318980.543, 131
Trd, 4318981.843, 137
Trd, 4318982.293, 60
Trd, 4318984.143, 140
Trd, 4318985.293, 140
Trd, 4318985.643, 140
Trd, 4318985.843, 140
Trd, 4318986.093, 140
Trd, 4318986.443, 140
Trd, 4318987.393, 139
Trd, 4318987.993, 137
Trd, 4318988.093, 140
Trd, 4318988.793, 139
Trd, 4318988.843, 138
Trd, 4318989.243, 123
Trd, 4318990.093, 64
Trd, 4318990.743, 77
Trd, 4318992.093, 140
Trd, 4318992.693, 140
Trd, 4318993.093, 139
Trd, 4318994.343, 60
Trd, 4318994.393, 70
Trd, 4318995.643, 140
Trd, 4318995.943, 138
Trd, 4318996.093, 131
Trd, 4318996.343, 70
Trd, 4318996.993, 137
Trd, 4318997.143, 140
Trd, 4318998.043, 140
Trd, 4318998.793, 123
Trd, 4318998.993, 92
Trd, 4319000.093, 140
Trd, 4319000.693, 139
Trd, 4319003.143, 140
Trd, 4319003.593, 140
Trd, 4319004.293, 131
Trd, 4319004.593, 137
Trd, 4319005.143, 140
Trd, 4319005.393, 86
Trd, 4319005.993, 95
Trd, 4319007.093, 139
Trd, 4319007.193, 138
Trd, 4319008.043, 138
Trd, 4319010.043, 140
Trd, 4319010.493, 139
Trd, 4319011.293, 140
Trd, 4319011.443, 140
Trd, 4319011.743, 131
Trd, 4319012.043, 140
Trd, 4319012.193, 76
Trd, 4319012.743, 96
Trd, 4319012.893, 139
Trd, 4319013.993, 140
Trd, 4319014.643, 140
Trd, 4319017.493, 140
Trd, 4319017.843, 140
Trd, 4319017.893, 140
Trd, 4319018.093, 140
Trd, 4319019.093, 140
Trd, 4319019.493, 89
Trd, 4319019.893, 86
Trd, 4319020.643, 140
Trd, 4319021.293, 131
Trd, 4319021.943, 140
Trd, 4319022.043, 92
Trd, 4319023.393, 140
Trd, 4319024.393, 138
Trd, 4319024.793, 130
Trd, 4319026.343, 140
Trd, 4319026.393, 140
Trd, 4319026.693, 139
Trd, 4319027.843, 135
Trd, 4319028.993, 140
Trd, 4319029.843, 140
Trd, 4319029.993, 139
Trd, 4319030.243, 78
Trd, 4319030.843, 62
Trd, 4319031.243, 92
Trd, 4319031.493, 133
Trd, 4319032.143, 140
Trd, 4319033.043, 140
Trd, 4319033.743, 140
Trd, 4319034.493, 140
Trd, 4319034.843, 138
Trd, 4319035.893, 140
Trd, 4319036.043, 139
Trd, 4319036.743, 140
Trd, 4319037.293, 111
Trd, 4319037.743, 98
Trd, 4319038.143, 82
Trd, 4319039.043, 138
Trd, 4319039.143, 137
Trd, 4319040.793, 140
Trd, 4319041.993, 140
Trd, 4319042.343, 140
Trd, 4319043.043, 140
Trd, 4319043.693, 136
Trd, 4319043.843, 119
Trd, 4319044.193, 103
Trd, 4319044.793, 139
Trd, 4319045.443, 70
Trd, 4319046.493, 61
Trd, 4319047.643, 60
Trd, 4319047.693, 60
Trd, 4319048.193, 60
Trd, 4319048.443, 66
Trd, 4319049.043, 60
Trd, 4319049.543, 61
Trd, 4319049.843, 73
Trd, 4319051.043, 67
Trd, 4319051.193, 68
Trd, 4319051.893, 60
Trd, 4319053.493, 60
Trd, 4319053.893, 60
Trd, 4319054.093, 70
Trd, 4319054.293, 63
Trd, 4319055.143, 60
Trd, 4319055.743, 60
Trd, 4319057.293, 63
Trd, 4319057.343, 67
Trd, 4319057.643, 63
Trd, 4319057.893, 140
Trd, 4319059.993, 60
Trd, 4319060.593, 87
Trd, 4319061.343, 139
Trd, 4319062.193, 61
Trd, 4319062.543, 63
Trd, 4319062.893, 68
Trd, 4319064.393, 68
Trd, 4319064.893, 60
Trd, 4319065.193, 61
Trd, 4319065.293, 126
Trd, 4319066.043, 140
Trd, 4319066.493, 82
Trd, 4319066.593, 140
Trd, 4319067.493, 69
Trd, 4319068.193, 77
Trd, 4319068.693, 67
Trd, 4319069.293, 62
Trd, 4319069.993, 60
Trd, 4319070.793, 60
Trd, 4319071.493, 60
Trd, 4319072.043, 61
Trd, 4319072.193, 61
Trd, 4319074.843, 60
Trd, 4319075.343, 61
Trd, 4319075.593, 62
Trd, 4319075.743, 60
Trd, 4319076.693, 62
Trd, 4319077.743, 60
Trd, 4319077.943, 65
Trd, 4319078.293, 61
Trd, 4319079.393, 82
Trd, 4319080.193, 82
Trd, 4319081.093, 61
Trd, 4319081.243, 62
Trd, 4319081.943, 60
Trd, 4319082.493, 62
Trd, 4319082.643, 68
Trd, 4319083.743, 60
Trd, 4319083.993, 63
Trd, 4319084.093, 70
Trd, 4319085.493, 60
Trd, 4319085.793, 61
Trd, 4319086.193, 74
Trd, 4319087.293, 61
Trd, 4319087.393, 66
Trd, 4319087.993, 69
Trd, 4319088.493, 80
Trd, 4319089.393, 140
Trd, 4319089.443, 139
Trd, 4319090.393, 140
Trd, 4319090.843, 140
Trd, 4319092.193, 140
Trd, 4319092.793, 136
Trd, 4319093.143, 139
Trd, 4319093.293, 123
Trd, 4319093.743, 95
Trd, 4319094.593, 108
Trd, 4319095.693, 97
Trd, 4319096.443, 60
Trd, 4319097.293, 66
Trd, 4319098.143, 140
Trd, 4319098.443, 99
Trd, 4319098.793, 140
Trd, 4319100.093, 88
Trd, 4319100.893, 139
Trd, 4319100.993, 139
Trd, 4319101.693, 140
Trd, 4319102.743, 138
Trd, 4319102.843, 137
Trd, 4319103.343, 139
Trd, 4319103.793, 67
Trd, 4319104.643, 63
Trd, 4319104.693, 64
Trd, 4319104.993, 64
Trd, 4319105.493, 62
Trd, 4319106.993, 64
Trd, 4319108.493, 60
Trd, 4319109.043, 61
Trd, 4319109.093, 65
Trd, 4319110.543, 60
Trd, 4319110.593, 63
Trd, 4319112.893, 61
Trd, 4319114.193, 60
Trd, 4319114.643, 61
Trd, 4319115.343, 65
Trd, 4319115.393, 76
Trd, 4319116.343, 140
Trd, 4319116.793, 140
Trd, 4319117.193, 131
Trd, 4319117.343, 122
Trd, 4319117.543, 66
Trd, 4319119.043, 140
Trd, 4319119.243, 140
Trd, 4319119.443, 140
Trd, 4319120.343, 72
Trd, 4319120.543, 138
Trd, 4319121.043, 139
Trd, 4319122.093, 75
Trd, 4319122.693, 140
Trd, 4319123.993, 140
Trd, 4319124.043, 139
Trd, 4319124.193, 140
Trd, 4319124.793, 123
Trd, 4319125.293, 140
Trd, 4319126.643, 138
Trd, 4319127.493, 138
Trd, 4319127.643, 140
Trd, 4319127.993, 140
Trd, 4319129.493, 124
Trd, 4319129.643, 122
Trd, 4319130.143, 117
Trd, 4319130.193, 76
Trd, 4319130.593, 64
Trd, 4319131.143, 140
Trd, 4319131.943, 140
Trd, 4319132.343, 140
Trd, 4319134.143, 140
Trd, 4319134.493, 140
Trd, 4319135.043, 140
Trd, 4319136.343, 140
Trd, 4319137.043, 140
Trd, 4319137.543, 131
Trd, 4319137.643, 102
Trd, 4319138.893, 139
Trd, 4319140.243, 140
Trd, 4319140.893, 140
Trd, 4319141.043, 140
Trd, 4319142.643, 140
Trd, 4319142.743, 140
Trd, 4319143.493, 140
Trd, 4319143.943, 140
Trd, 4319144.043, 139
Trd, 4319145.143, 139
Trd, 4319145.593, 138
Trd, 4319145.943, 121
Trd, 4319147.143, 140
Trd, 4319147.893, 133
Trd, 4319149.843, 139
Trd, 4319150.543, 140
Trd, 4319150.593, 139
Trd, 4319150.843, 139
Trd, 4319150.993, 131
Trd, 4319152.243, 78
Trd, 4319153.543, 140
Trd, 4319154.693, 140
Trd, 4319155.193, 137
Trd, 4319155.243, 129
Trd, 4319156.393, 140
Trd, 4319156.893, 140
Trd, 4319156.943, 140
Trd, 4319157.943, 129
Trd, 4319158.993, 140
Trd, 4319160.393, 139
Trd, 4319161.293, 140
Trd, 4319161.593, 138
Trd, 4319162.743, 140
Trd, 4319163.543, 139
Trd, 4319164.143, 140
Trd, 4319165.343, 140
Trd, 4319165.443, 140
Trd, 4319165.543, 140
Trd, 4319165.843, 140
Trd, 4319166.993, 127
Trd, 4319167.193, 138
Trd, 4319167.393, 110
Trd, 4319167.593, 60
Trd, 4319168.893, 100
Trd, 4319169.343, 140
Trd, 4319169.493, 140
Trd, 4319170.343, 116
Trd, 4319170.993, 139
Trd, 4319171.193, 80
Trd, 4319171.793, 72
Trd, 4319173.043, 61
Trd, 4319173.443, 140
Trd, 4319174.443, 140
Trd, 4319175.493, 140
Trd, 4319175.593, 140
Trd, 4319175.793, 140
Trd, 4319176.343, 139
Trd, 4319176.743, 139
Trd, 4319177.793, 138
Trd, 4319178.043, 131
Trd, 4319179.793, 140
Trd, 4319179.843, 139
Trd, 4319180.193, 140
Trd, 4319181.543, 139
Trd, 4319181.643, 100
Trd, 4319182.093, 140
Trd, 4319183.343, 140
Trd, 4319183.393, 140
Trd, 4319183.793, 140
Trd, 4319183.943, 138
Trd, 4319185.043, 140
Trd, 4319186.493, 139
Trd, 4319186.993, 131
Trd, 4319188.643, 140
Trd, 4319189.193, 140
Trd, 4319189.393, 140
Trd, 4319189.743, 140
Trd, 4319190.143, 140
Trd, 4319190.293, 79
Trd, 4319191.693, 63
Trd, 4319192.243, 61
Trd, 4319192.343, 135
Trd, 4319192.443, 139
Trd, 4319193.393, 64
Trd, 4319193.993, 60
Trd, 4319194.143, 106
Trd, 4319195.293, 136
Trd, 4319195.393, 128
Trd, 4319196.493, 61
Trd, 4319197.093, 140
Trd, 4319197.643, 108
Trd, 4319198.993, 140
Trd, 4319199.043, 140
Trd, 4319199.143, 140
Trd, 4319200.093, 139
Trd, 4319200.443, 138
Trd, 4319201.943, 139
Trd, 4319202.543, 139
Trd, 4319202.843, 140
Trd, 4319203.343, 140
Trd, 4319203.393, 138
Trd, 4319204.593, 140
Trd, 4319205.093, 112
Trd, 4319205.893, 123
Trd, 4319206.043, 66
Trd, 4319206.443, 61
Trd, 4319206.793, 127
Trd, 4319207.193, 70
Trd, 4319207.793, 140
Trd, 4319207.893, 72
Trd, 4319208.643, 140
Trd, 4319210.093, 138
Trd, 4319211.693, 140
Trd, 4319212.943, 139
Trd, 4319212.993, 137
Trd, 4319214.093, 140
Trd, 4319214.143, 138
Trd, 4319214.243, 123
Trd, 4319215.343, 139
Trd, 4319215.693, 140
Trd, 4319216.043, 140
Trd, 4319216.693, 140
Trd, 4319216.743, 138
Trd, 4319217.443, 68
Trd, 4319217.843, 95
Trd, 4319218.593, 69
Trd, 4319219.743, 139
Trd, 4319219.993, 132
Trd, 4319220.443, 132
Trd, 4319222.493, 140
Trd, 4319222.593, 140
Trd, 4319223.393, 139
Trd, 4319224.143, 140
Trd, 4319224.693, 139
Trd, 4319226.143, 140
Trd, 4319227.243, 140
Trd, 4319227.643, 140
Trd, 4319227.893, 140
Trd, 4319228.343, 139
Trd, 4319228.793, 140
Trd, 4319230.143, 140
Trd, 4319230.393, 123
Trd, 4319230.543, 73
Trd, 4319230.943, 139
Trd, 4319232.193, 137
Trd, 4319232.543, 133
Trd, 4319233.943, 140
Trd, 4319234.793, 140
Trd, 4319234.993, 140
Trd, 4319235.693, 140
Trd, 4319235.993, 139
Trd, 4319236.093, 131
Trd, 4319236.843, 140
Trd, 4319237.493, 139
Trd, 4319237.543, 89
Trd, 4319238.243, 63
Trd, 4319239.693, 140
Trd, 4319240.143, 139
Trd, 4319240.693, 138
Trd, 4319241.043, 138
Trd, 4319241.543, 140
Trd, 4319241.743, 140
Trd, 4319242.393, 140
Trd, 4319242.443, 103
Trd, 4319245.893, 140
Trd, 4319246.093, 139
Trd, 4319246.193, 139
Trd, 4319246.993, 140
Trd, 4319247.243, 140
Trd, 4319247.793, 132
Trd, 4319247.843, 131
Trd, 4319248.043, 70
Trd, 4319248.243, 125
Trd, 4319248.993, 140
Trd, 4319249.593, 138
Trd, 4319250.643, 139
Trd, 4319251.343, 140
Trd, 4319251.643, 65
Trd, 4319252.443, 62
Trd, 4319254.093, 64
Trd, 4319254.243, 64
Trd, 4319255.993, 61
Trd, 4319256.143, 62
Trd, 4319256.843, 61
Trd, 4319256.993, 60
Trd, 4319258.743, 66
Trd, 4319259.143, 92
Trd, 4319259.843, 119
Trd, 4319260.193, 77
Trd, 4319260.793, 67
Trd, 4319261.143, 60
Trd, 4319263.093, 64
Trd, 4319263.593, 60
Trd, 4319264.293, 62
Trd, 4319264.893, 63
Trd, 4319265.343, 72
Trd, 4319265.593, 74
Trd, 4319266.043, 66
Trd, 4319266.293, 138
Trd, 4319267.043, 60
Trd, 4319267.293, 69
Trd, 4319268.793, 64
Trd, 4319270.843, 140
Trd, 4319271.843, 139
Trd, 4319272.443, 140
Trd, 4319272.743, 138
Trd, 4319273.743, 136
Trd, 4319274.193, 116
Trd, 4319274.343, 109
Trd, 4319274.943, 119
Trd, 4319275.443, 69
Trd, 4319275.493, 121
Trd, 4319275.693, 60
Trd, 4319275.893, 61
Trd, 4319276.293, 128
Trd, 4319278.843, 61
Trd, 4319279.043, 60
Trd, 4319279.843, 64
Trd, 4319279.993, 72
Trd, 4319280.443, 72
Trd, 4319280.593, 101
Trd, 4319280.793, 107
Trd, 4319281.943, 61
Trd, 4319282.943, 62
Trd, 4319283.793, 64
Trd, 4319285.493, 61
Trd, 4319285.643, 61
Trd, 4319285.893, 62
Trd, 4319285.993, 65
Trd, 4319286.643, 65
Trd, 4319286.693, 66
Trd, 4319288.943, 60
Trd, 4319289.293, 60
Trd, 4319289.543, 70
Trd, 4319290.193, 140
Trd, 4319290.343, 140
Trd, 4319290.643, 62
Trd, 4319291.543, 140
Trd, 4319291.893, 139
Trd, 4319293.543, 139
Trd, 4319294.443, 140
Trd, 4319294.643, 140
Trd, 4319294.993, 131
Trd, 4319295.543, 83
Trd, 4319296.793, 140
Trd, 4319296.893, 139
Trd, 4319296.993, 138
Trd, 4319297.243, 140
Trd, 4319297.893, 65
Trd, 4319298.493, 64
Trd, 4319299.193, 139
Trd, 4319299.393, 70
Trd, 4319300.493, 140
Trd, 4319300.643, 140
Trd, 4319302.193, 139
Trd, 4319302.543, 138
Trd, 4319302.693, 123
Trd, 4319303.493, 140
Trd, 4319303.693, 140
Trd, 4319304.043, 108
Trd, 4319305.043, 63
Trd, 4319305.643, 64
Trd, 4319306.693, 66
Trd, 4319307.543, 139
Trd, 4319308.143, 140
Trd, 4319308.293, 137
Trd, 4319308.743, 132
Trd, 4319309.293, 79
Trd, 4319311.593, 140
Trd, 4319312.043, 140
Trd, 4319312.343, 140
Trd, 4319312.643, 139
Trd, 4319313.043, 140
Trd, 4319314.143, 115
Trd, 4319316.043, 139
Trd, 4319316.393, 132
Trd, 4319316.593, 123
Trd, 4319317.543, 140
Trd, 4319317.793, 139
Trd, 4319318.493, 62
Trd, 4319319.993, 140
Trd, 4319321.343, 140
Trd, 4319321.643, 140
Trd, 4319322.543, 140
Trd, 4319323.143, 140
Trd, 4319323.643, 140
Trd, 4319323.893, 140
Trd, 4319324.793, 140
Trd, 4319325.143, 139
Trd, 4319325.593, 137
Trd, 4319325.793, 132
Trd, 4319326.693, 140
Trd, 4319328.093, 140
Trd, 4319328.193, 139
Trd, 4319328.993, 139
Trd, 4319329.393, 139
Trd, 4319329.743, 123
Trd, 4319329.843, 121
Trd, 4319330.493, 136
Trd, 4319331.493, 140
Trd, 4319333.793, 140
Trd, 4319334.143, 139
Trd, 4319334.493, 139
Trd, 4319335.443, 140
Trd, 4319335.543, 140
Trd, 4319336.393, 133
Trd, 4319336.943, 140
Trd, 4319337.693, 140
Trd, 4319339.593, 140
Trd, 4319339.793, 125
Trd, 4319340.243, 137
Trd, 4319341.293, 135
Trd, 4319341.443, 92
Trd, 4319341.843, 139
Trd, 4319341.993, 69
Trd, 4319343.443, 140
Trd, 4319343.793, 140
Trd, 4319343.993, 134
Trd, 4319344.293, 94
Trd, 4319345.543, 121
Trd, 4319346.293, 140
Trd, 4319346.543, 140
Trd, 4319347.943, 140
Trd, 4319348.693, 118
Trd, 4319349.243, 140
Trd, 4319349.743, 138
Trd, 4319350.143, 131
Trd, 4319350.243, 130
Trd, 4319351.193, 139
Trd, 4319351.743, 136
Trd, 4319353.143, 139
Trd, 4319353.293, 125
Trd, 4319354.643, 140
Trd, 4319354.893, 140
Trd, 4319355.793, 140
Trd, 4319356.693, 140
Trd, 4319356.993, 140
Trd, 4319358.143, 140
Trd, 4319358.543, 139
Trd, 4319358.843, 87
Trd, 4319359.443, 139
Trd, 4319361.593, 140
Trd, 4319361.843, 140
Trd, 4319362.693, 140
Trd, 4319363.843, 140
Trd, 4319365.043, 140
Trd, 4319365.343, 138
Trd, 4319365.693, 131
Trd, 4319366.093, 133
Trd, 4319366.143, 100
Trd, 4319366.793, 140
Trd, 4319367.493, 139
Trd, 4319368.393, 137
Trd, 4319368.593, 68
Trd, 4319369.343, 73
Trd, 4319370.893, 140
Trd, 4319371.493, 140
Trd, 4319372.443, 140
Trd, 4319372.693, 139
Trd, 4319372.743, 136
Trd, 4319373.593, 140
Trd, 4319373.793, 131
Trd, 4319375.643, 140
Trd, 4319376.243, 140
Trd, 4319376.343, 138
Trd, 4319376.843, 138
Trd, 4319378.393, 140
Trd, 4319378.743, 140
Trd, 4319380.593, 140
Trd, 4319381.143, 140
Trd, 4319381.643, 139
Trd, 4319381.843, 132
Trd, 4319382.193, 74
Trd, 4319382.993, 83
Trd, 4319383.193, 84
Trd, 4319384.543, 60
Trd, 4319384.693, 61
Trd, 4319385.443, 68
Trd, 4319386.193, 60
Trd, 4319387.093, 95
Trd, 4319387.343, 122
Trd, 4319387.593, 61
Trd, 4319388.193, 66
Trd, 4319388.443, 72
Trd, 4319389.793, 61
Trd, 4319390.593, 63
Trd, 4319391.043, 60
Trd, 4319391.393, 61
Trd, 4319391.943, 63
Trd, 4319392.193, 112
Trd, 4319393.243, 65
Trd, 4319394.743, 140
Trd, 4319394.793, 140
Trd, 4319394.943, 138
Trd, 4319395.543, 132
Trd, 4319395.593, 126
Trd, 4319396.993, 139
Trd, 4319397.343, 140
Trd, 4319399.493, 60
Trd, 4319399.693, 61
Trd, 4319400.193, 62
Trd, 4319401.593, 60
Trd, 4319402.093, 60
Trd, 4319402.443, 65
Trd, 4319403.393, 61
Trd, 4319404.043, 60
Trd, 4319404.393, 61
Trd, 4319405.143, 63
Trd, 4319406.293, 66
Trd, 4319406.393, 121
Trd, 4319407.743, 136
Trd, 4319407.843, 134
Trd, 4319408.593, 139
Trd, 4319408.643, 135
Trd, 4319408.793, 132
Trd, 4319409.093, 131
Trd, 4319410.143, 140
Trd, 4319410.943, 140
Trd, 4319411.343, 140
Trd, 4319411.743, 140
Trd, 4319411.993, 83
Trd, 4319412.443, 66
Trd, 4319412.643, 135
Trd, 4319414.043, 60
Trd, 4319415.343, 140
Trd, 4319415.493, 140
Trd, 4319416.293, 139
Trd, 4319416.993, 139
Trd, 4319417.893, 140
Trd, 4319418.393, 140
Trd, 4319419.243, 135
Trd, 4319419.843, 63
Trd, 4319420.443, 65
Trd, 4319421.093, 66
Trd, 4319421.843, 140
Trd, 4319422.343, 138
Trd, 4319423.393, 140
Trd, 4319424.443, 140
Trd, 4319424.743, 140
Trd, 4319424.993, 139
Trd, 4319425.043, 131
Trd, 4319425.443, 98
Trd, 4319426.143, 140
Trd, 4319426.443, 140
Trd, 4319426.993, 140
Trd, 4319427.493, 139
Trd, 4319428.993, 140
Trd, 4319429.143, 138
Trd, 4319429.693, 129
Trd, 4319429.993, 121
Trd, 4319430.143, 92
Trd, 4319430.793, 77
Trd, 4319431.693, 140
Trd, 4319432.943, 140
Trd, 4319434.943, 140
Trd, 4319435.243, 140
Trd, 4319435.443, 140
Trd, 4319435.493, 139
Trd, 4319436.193, 139
Trd, 4319436.743, 76
Trd, 4319438.193, 140
Trd, 4319439.493, 140
Trd, 4319439.843, 140
Trd, 4319440.343, 138
Trd, 4319440.793, 75
Trd, 4319441.193, 61
Trd, 4319441.793, 61
Trd, 4319442.193, 60
Trd, 4319442.343, 65
Trd, 4319443.793, 140
Trd, 4319444.193, 139
Trd, 4319444.393, 139
Trd, 4319444.993, 140
Trd, 4319445.343, 132
Trd, 4319445.843, 140
Trd, 4319446.843, 131
Trd, 4319446.993, 83
Trd, 4319448.093, 140
Trd, 4319449.493, 140
Trd, 4319449.593, 140
Trd, 4319449.743, 140
Trd, 4319449.793, 132
Trd, 4319450.343, 60
Trd, 4319450.793, 138
Trd, 4319451.143, 139
Trd, 4319452.793, 65
Trd, 4319453.093, 66
Trd, 4319453.793, 63
Trd, 4319454.843, 140
Trd, 4319455.143, 131
Trd, 4319456.693, 140
Trd, 4319457.293, 140
Trd, 4319457.493, 73
Trd, 4319458.943, 140
Trd, 4319459.393, 140
Trd, 4319459.593, 139
Trd, 4319460.243, 140
Trd, 4319460.693, 140
Trd, 4319460.793, 138
Trd, 4319461.293, 123
Trd, 4319463.393, 140
Trd, 4319464.143, 140
Trd, 4319464.343, 140
Trd, 4319465.043, 140
Trd, 4319465.743, 140
Trd, 4319466.193, 140
Trd, 4319466.243, 138
Trd, 4319466.293, 127
Trd, 4319467.043, 117
Trd, 4319468.543, 140
Trd, 4319469.143, 140
Trd, 4319469.893, 140
Trd, 4319470.893, 140
Trd, 4319472.893, 140
Trd, 4319473.143, 140
Trd, 4319473.443, 139
Trd, 4319474.193, 140
Trd, 4319474.293, 138
Trd, 4319474.593, 140
Trd, 4319475.193, 136
Trd, 4319476.143, 86
Trd, 4319477.143, 140
Trd, 4319477.443, 72
Trd, 4319478.093, 75
Trd, 4319478.943, 140
Trd, 4319479.393, 140
Trd, 4319479.793, 139
Trd, 4319480.293, 138
Trd, 4319481.593, 140
Trd, 4319482.243, 136
Trd, 4319483.093, 140
Trd, 4319483.243, 139
Trd, 4319484.093, 138
Trd, 4319484.243, 70
Trd, 4319485.843, 140
Trd, 4319485.943, 138
Trd, 4319486.193, 131
Trd, 4319486.793, 139
Trd, 4319487.593, 67
Trd, 4319487.843, 61
Trd, 4319488.493, 139
Trd, 4319488.693, 137
Trd, 4319489.143, 122
Trd, 4319489.393, 99
Trd, 4319489.793, 64
Trd, 4319490.843, 136
Trd, 4319491.243, 140
Trd, 4319492.393, 140
Trd, 4319493.093, 60
Trd, 4319493.743, 61
Trd, 4319493.893, 60
Trd, 4319494.743, 137
Trd, 4319495.343, 140
Trd, 4319495.543, 139
Trd, 4319497.293, 60
Trd, 4319497.543, 60
Trd, 4319498.143, 60
Trd, 4319498.293, 61
Trd, 4319498.493, 68
Trd, 4319498.893, 77
Trd, 4319500.543, 61
Trd, 4319500.693, 101
Trd, 4319500.993, 61
Trd, 4319501.543, 77
Trd, 4319502.693, 140
Trd, 4319503.243, 139
Trd, 4319504.893, 65
Trd, 4319504.943, 131
Trd, 4319505.893, 105
Trd, 4319506.043, 69
Trd, 4319506.193, 70
Trd, 4319506.493, 64
Trd, 4319506.843, 61
Trd, 4319509.093, 61
Trd, 4319509.243, 62
Trd, 4319509.793, 68
Trd, 4319510.093, 105
Trd, 4319511.293, 140
Trd, 4319511.493, 138
Trd, 4319512.193, 62
Trd, 4319512.343, 63
Trd, 4319512.743, 140
Trd, 4319513.343, 66
Trd, 4319513.493, 99
Trd, 4319515.093, 61
Trd, 4319515.443, 63
Trd, 4319515.793, 65
Trd, 4319516.843, 65
Trd, 4319518.643, 60
Trd, 4319518.993, 63
Trd, 4319520.993, 60
Trd, 4319521.093, 67
Trd, 4319521.343, 60
Trd, 4319521.693, 63
Trd, 4319521.743, 69
Trd, 4319521.843, 140
Trd, 4319523.193, 64
Trd, 4319523.443, 108
Trd, 4319525.093, 61
Trd, 4319525.493, 70
Trd, 4319525.643, 61
Trd, 4319528.293, 60
Trd, 4319528.893, 60
Trd, 4319529.393, 60
Trd, 4319529.443, 64
Trd, 4319530.943, 60
Trd, 4319532.093, 60
Trd, 4319532.143, 72
Trd, 4319532.443, 64
Trd, 4319532.493, 135
Trd, 4319532.743, 69
Trd, 4319533.793, 76
Trd, 4319533.993, 71
Trd, 4319534.093, 66
Trd, 4319534.293, 104
Trd, 4319534.693, 137
Trd, 4319535.743, 140
Trd, 4319536.593, 61
Trd, 4319536.643, 131
Trd, 4319538.693, 60
Trd, 4319539.143, 60
Trd, 4319540.193, 69
Trd, 4319541.443, 61
Trd, 4319541.543, 63
Trd, 4319542.043, 63
Trd, 4319542.543, 60
Trd, 4319543.993, 61
Trd, 4319544.443, 61
Trd, 4319544.743, 62
Trd, 4319545.243, 60
Trd, 4319546.293, 140
Trd, 4319546.493, 139
Trd, 4319546.743, 140
Trd, 4319547.943, 120
Trd, 4319549.093, 63
Trd, 4319549.593, 67
Trd, 4319549.743, 69
Trd, 4319549.893, 129
Trd, 4319550.143, 64
Trd, 4319551.793, 140
Trd, 4319551.893, 139
Trd, 4319552.043, 140
Trd, 4319552.643, 108
Trd, 4319553.043, 107
Trd, 4319554.693, 140
Trd, 4319555.493, 139
Trd, 4319555.693, 140
Trd, 4319555.843, 131
Trd, 4319557.643, 140
Trd, 4319558.443, 140
Trd, 4319559.193, 140
Trd, 4319559.693, 140
Trd, 4319560.793, 140
Trd, 4319562.093, 140
Trd, 4319562.243, 140
Trd, 4319563.093, 140
Trd, 4319563.543, 140
Trd, 4319564.093, 137
Trd, 4319565.443, 139
Trd, 4319565.593, 140
Trd, 4319565.693, 137
Trd, 4319567.143, 140
Trd, 4319567.643, 140
Trd, 4319568.593, 140
Trd, 4319569.793, 140
Trd, 4319569.893, 138
Trd, 4319570.993, 81
Trd, 4319571.143, 116
Trd, 4319571.993, 108
Trd, 4319572.443, 138
Trd, 4319573.193, 97
Trd, 4319573.993, 62
Trd, 4319574.193, 63
Trd, 4319574.593, 62
Trd, 4319575.493, 90
Trd, 4319575.793, 85
Trd, 4319576.643, 140
Trd, 4319576.743, 140
Trd, 4319578.393, 140
Trd, 4319578.543, 84
Trd, 4319579.093, 139
Trd, 4319579.993, 139
Trd, 4319581.343, 139
Trd, 4319582.843, 140
Trd, 4319583.193, 139
Trd, 4319583.243, 139
Trd, 4319583.793, 140
Trd, 4319584.743, 140
Trd, 4319585.143, 140
Trd, 4319585.543, 140
Trd, 4319586.093, 120
Trd, 4319587.393, 138
Trd, 4319588.243, 133
Trd, 4319589.393, 140
Trd, 4319589.543, 131
Trd, 4319590.393, 62
Trd, 4319590.793, 140
Trd, 4319590.943, 85
Trd, 4319591.543, 94
Trd, 4319591.993, 140
Trd, 4319592.493, 63
Trd, 4319593.593, 133
Trd, 4319594.143, 139
Trd, 4319594.443, 122
Trd, 4319594.793, 140
Trd, 4319595.943, 139
Trd, 4319596.643, 63
Trd, 4319597.243, 139
Trd, 4319597.693, 137
Trd, 4319599.843, 62
Trd, 4319600.393, 64
Trd, 4319601.093, 139
Trd, 4319602.443, 140
Trd, 4319602.643, 139
Trd, 4319603.093, 140
Trd, 4319603.493, 140
Trd, 4319604.093, 140
Trd, 4319604.743, 140
Trd, 4319605.693, 65
Trd, 4319605.793, 65
Trd, 4319606.193, 135
Trd, 4319606.743, 140
Trd, 4319607.493, 139
Trd, 4319608.843, 61
Trd, 4319608.993, 65
Trd, 4319609.593, 61
Trd, 4319610.593, 66
Trd, 4319610.743, 67
Trd, 4319611.043, 64
Trd, 4319612.393, 140
Trd, 4319612.793, 140
Trd, 4319612.943, 137
Trd, 4319613.493, 139
Trd, 4319613.843, 108
Trd, 4319614.643, 119
Trd, 4319615.093, 140
Trd, 4319615.943, 138
Trd, 4319616.993, 140
Trd, 4319617.343, 132
Trd, 4319618.043, 139
Trd, 4319618.493, 139
Trd, 4319618.793, 140
Trd, 4319621.393, 60
Trd, 4319622.893, 60
Trd, 4319622.993, 63
Trd, 4319623.093, 63
Trd, 4319623.593, 61
Trd, 4319623.693, 60
Trd, 4319623.893, 73
Trd, 4319624.093, 140
Trd, 4319624.743, 138
Trd, 4319625.743, 140
Trd, 4319627.293, 140
Trd, 4319627.443, 139
Trd, 4319628.993, 60
Trd, 4319629.143, 64
Trd, 4319630.493, 61
Trd, 4319631.343, 139
Trd, 4319631.643, 98
Trd, 4319632.493, 63
Trd, 4319633.693, 60
Trd, 4319634.043, 65
Trd, 4319634.593, 68
Trd, 4319634.643, 108
Trd, 4319635.943, 140
Trd, 4319636.493, 138
Trd, 4319636.943, 140
Trd, 4319636.993, 140
Trd, 4319637.593, 136
Trd, 4319638.143, 139
Trd, 4319638.793, 119
Trd, 4319639.493, 140
Trd, 4319640.393, 140
Trd, 4319640.493, 111
Trd, 4319642.493, 60
Trd, 4319642.943, 60
Trd, 4319643.243, 62
Trd, 4319643.743, 61
Trd, 4319644.043, 63
Trd, 4319644.693, 63
Trd, 4319646.043, 62
Trd, 4319646.193, 64
Trd, 4319646.443, 93
Trd, 4319646.493, 61
Trd, 4319647.443, 63
Trd, 4319649.343, 140
Trd, 4319649.943, 140
Trd, 4319650.893, 140
Trd, 4319650.943, 135
Trd, 4319651.743, 131
Trd, 4319652.193, 99
Trd, 4319653.243, 140
Trd, 4319653.343, 140
Trd, 4319653.393, 132
Trd, 4319653.893, 140
Trd, 4319654.693, 138
Trd, 4319655.943, 140
Trd, 4319655.993, 100
Trd, 4319656.643, 140
Trd, 4319657.543, 140
Trd, 4319657.793, 140
Trd, 4319658.393, 139
Trd, 4319658.793, 135
Trd, 4319660.643, 140
Trd, 4319662.593, 140
Trd, 4319662.743, 140
Trd, 4319662.993, 139
Trd, 4319664.243, 140
Trd, 4319664.293, 140
Trd, 4319665.393, 140
Trd, 4319665.443, 138
Trd, 4319665.993, 140
Trd, 4319666.643, 139
Trd, 4319667.193, 120
Trd, 4319668.293, 140
Trd, 4319668.493, 139
Trd, 4319669.243, 140
Trd, 4319669.443, 138
Trd, 4319669.643, 132
Trd, 4319671.793, 138
Trd, 4319672.043, 138
Trd, 4319672.493, 140
Trd, 4319672.843, 140
Trd, 4319673.793, 139
Trd, 4319674.193, 139
Trd, 4319674.493, 122
Trd, 4319676.443, 140
Trd, 4319676.743, 139
Trd, 4319676.793, 138
Trd, 4319677.143, 66
Trd, 4319677.843, 139
Trd, 4319679.343, 140
Trd, 4319679.393, 139
Trd, 4319680.093, 138
Trd, 4319680.643, 130
Trd, 4319680.793, 85
Trd, 4319681.793, 100
Trd, 4319682.243, 60
Trd, 4319682.593, 135
Trd, 4319684.293, 140
Trd, 4319684.593, 137
Trd, 4319685.793, 128
Trd, 4319686.543, 140
Trd, 4319686.693, 139
Trd, 4319687.343, 140
Trd, 4319688.193, 140
Trd, 4319688.493, 140
Trd, 4319688.693, 140
Trd, 4319689.543, 140
Trd, 4319689.993, 139
Trd, 4319690.193, 110
Trd, 4319690.393, 75
Trd, 4319690.693, 60
Trd, 4319692.143, 61
Trd, 4319692.693, 65
Trd, 4319693.493, 140
Trd, 4319694.643, 71
Trd, 4319694.943, 140
Trd, 4319694.993, 139
Trd, 4319695.293, 63
Trd, 4319696.043, 60
Trd, 4319697.943, 138
Trd, 4319698.943, 140
Trd, 4319699.143, 139
Trd, 4319699.493, 131
Trd, 4319699.943, 65
Trd, 4319701.443, 60
Trd, 4319701.543, 64
Trd, 4319701.943, 62
Trd, 4319702.893, 60
Trd, 4319703.243, 64
Trd, 4319704.093, 61
Trd, 4319705.143, 60
Trd, 4319707.343, 60
Trd, 4319708.093, 60
Trd, 4319708.193, 61
Trd, 4319708.543, 62
Trd, 4319708.843, 64
Trd, 4319709.493, 65
Trd, 4319709.793, 61
Trd, 4319710.343, 140
Trd, 4319711.093, 140
Trd, 4319711.493, 139
Trd, 4319712.093, 140
Trd, 4319712.243, 139
Trd, 4319712.793, 135
Trd, 4319715.893, 140
Trd, 4319716.343, 140
Trd, 4319716.793, 139
Trd, 4319717.143, 138
Trd, 4319717.243, 138
Trd, 4319718.693, 138
Trd, 4319718.993, 140
Trd, 4319719.993, 136
Trd, 4319720.893, 138
Trd, 4319721.493, 140
Trd, 4319721.543, 129
Trd, 4319722.593, 140
Trd, 4319722.743, 87
Trd, 4319723.343, 135
Trd, 4319723.543, 128
Trd, 4319723.843, 62
Trd, 4319724.793, 140
Trd, 4319725.393, 123
Trd, 4319725.893, 71
Trd, 4319726.293, 140
Trd, 4319726.593, 139
Trd, 4319727.493, 78
Trd, 4319729.443, 140
Trd, 4319730.693, 140
Trd, 4319731.493, 140
Trd, 4319732.593, 140
Trd, 4319732.643, 140
Trd, 4319733.393, 140
Trd, 4319733.693, 140
Trd, 4319734.093, 140
Trd, 4319734.543, 140
Trd, 4319734.643, 131
Trd, 4319734.693, 122
Trd, 4319736.693, 140
Trd, 4319737.643, 140
Trd, 4319738.193, 140
Trd, 4319739.293, 138
Trd, 4319739.443, 136
Trd, 4319739.643, 128
Trd, 4319739.743, 124
Trd, 4319740.893, 63
Trd, 4319741.943, 139
Trd, 4319742.343, 139
Trd, 4319744.043, 60
Trd, 4319744.343, 66
Trd, 4319744.943, 140
Trd, 4319745.493, 140
Trd, 4319745.843, 140
Trd, 4319745.943, 79
Trd, 4319748.243, 140
Trd, 4319748.593, 140
Trd, 4319749.193, 140
Trd, 4319749.593, 140
Trd, 4319750.643, 140
Trd, 4319751.743, 140
Trd, 4319752.043, 139
Trd, 4319752.493, 138
Trd, 4319752.743, 139
Trd, 4319752.793, 130
Trd, 4319753.243, 73
Trd, 4319755.093, 139
Trd, 4319755.143, 88
Trd, 4319757.293, 140
Trd, 4319757.693, 138
Trd, 4319758.043, 140
Trd, 4319758.643, 140
Trd, 4319759.593, 140
Trd, 4319760.843, 140
Trd, 4319761.943, 140
Trd, 4319761.993, 140
Trd, 4319762.043, 131
Trd, 4319763.343, 140
Trd, 4319764.093, 138
Trd, 4319764.243, 78
Trd, 4319764.993, 140
Trd, 4319765.043, 76
Trd, 4319765.443, 138
Trd, 4319765.843, 140
Trd, 4319766.893, 60
Trd, 4319767.043, 69
Trd, 4319767.343, 139
Trd, 4319768.993, 60
Trd, 4319769.493, 66
Trd, 4319769.943, 140
Trd, 4319770.293, 140
Trd, 4319770.493, 105
Trd, 4319771.443, 140
Trd, 4319771.493, 139
Trd, 4319772.643, 60
Trd, 4319773.143, 60
Trd, 4319773.243, 64
Trd, 4319773.843, 61
Trd, 4319774.043, 67
Trd, 4319775.443, 61
Trd, 4319775.943, 124
Trd, 4319776.443, 140
Trd, 4319777.243, 140
Trd, 4319777.443, 138
Trd, 4319778.743, 140
Trd, 4319778.943, 140
Trd, 4319780.043, 140
Trd, 4319780.093, 139
Trd, 4319780.143, 138
Trd, 4319780.743, 138
Trd, 4319781.293, 139
Trd, 4319782.293, 103
Trd, 4319782.593, 134
Trd, 4319782.993, 97
Trd, 4319784.043, 140
Trd, 4319785.293, 140
Trd, 4319785.343, 138
Trd, 4319786.793, 140
Trd, 4319787.543, 91
Trd, 4319787.893, 133
Trd, 4319788.643, 140
Trd, 4319789.043, 139
Trd, 4319789.543, 97
Trd, 4319790.293, 129
Trd, 4319790.793, 75
Trd, 4319791.693, 139
Trd, 4319792.593, 140
Trd, 4319792.943, 138
Trd, 4319794.693, 140
Trd, 4319795.443, 140
Trd, 4319795.643, 140
Trd, 4319796.043, 139
Trd, 4319796.393, 139
Trd, 4319796.443, 137
Trd, 4319797.293, 139
Trd, 4319798.043, 140
Trd, 4319798.243, 139
Trd, 4319799.143, 119
Trd, 4319799.893, 71
Trd, 4319800.543, 139
Trd, 4319801.543, 137
Trd, 4319801.693, 135
Trd, 4319802.293, 127
Trd, 4319802.993, 140
Trd, 4319803.143, 140
Trd, 4319804.143, 140
Trd, 4319805.843, 140
Trd, 4319806.043, 140
Trd, 4319806.143, 139
Trd, 4319806.443, 140
Trd, 4319806.843, 107
Trd, 4319807.393, 140
Trd, 4319809.143, 140
Trd, 4319809.943, 140
Trd, 4319811.243, 140
Trd, 4319811.293, 140
Trd, 4319811.643, 140
Trd, 4319812.043, 140
Trd, 4319813.593, 139
Trd, 4319814.743, 140
Trd, 4319815.193, 140
Trd, 4319815.493, 140
Trd, 4319815.743, 140
Trd, 4319815.843, 140
Trd, 4319816.743, 140
Trd, 4319817.243, 138
Trd, 4319817.443, 131
Trd, 4319817.493, 119
Trd, 4319818.343, 68
Trd, 4319820.043, 61
Trd, 4319820.193, 69
Trd, 4319820.443, 60
Trd, 4319821.343, 140
Trd, 4319822.393, 140
Trd, 4319822.443, 140
Trd, 4319822.843, 140
Trd, 4319823.793, 140
Trd, 4319824.043, 140
Trd, 4319824.343, 106
Trd, 4319825.043, 139
Trd, 4319825.293, 139
Trd, 4319827.643, 140
Trd, 4319827.843, 140
Trd, 4319828.043, 132
Trd, 4319829.243, 139
Trd, 4319829.743, 140
Trd, 4319829.843, 123
Trd, 4319831.343, 140
Trd, 4319832.043, 140
Trd, 4319832.843, 140
Trd, 4319833.743, 140
Trd, 4319834.143, 140
Trd, 4319835.143, 137
Trd, 4319835.893, 140
Trd, 4319836.843, 140
Trd, 4319837.093, 140
Trd, 4319837.243, 140
Trd, 4319838.993, 140
Trd, 4319840.293, 140
Trd, 4319840.593, 140
Trd, 4319841.393, 139
Trd, 4319841.993, 140
Trd, 4319842.393, 139
Trd, 4319843.543, 139
Trd, 4319843.743, 140
Trd, 4319844.293, 132
Trd, 4319844.943, 137
Trd, 4319846.093, 140
Trd, 4319846.643, 140
Trd, 4319847.343, 125
Trd, 4319847.443, 72
Trd, 4319847.793, 140
Trd, 4319848.743, 140
Trd, 4319849.643, 139
Trd, 4319850.693, 140
Trd, 4319850.893, 115
Trd, 4319851.293, 137
Trd, 4319851.693, 138
Trd, 4319852.993, 65
Trd, 4319853.043, 66
Trd, 4319853.493, 139
Trd, 4319853.943, 139
Trd, 4319854.643, 139
Trd, 4319855.243, 140
Trd, 4319856.543, 140
Trd, 4319856.843, 140
Trd, 4319857.893, 140
Trd, 4319860.493, 61
Trd, 4319860.643, 61
Trd, 4319861.093, 95
Trd, 4319861.593, 61
Trd, 4319863.443, 140
Trd, 4319863.593, 140
Trd, 4319863.943, 140
Trd, 4319864.643, 140
Trd, 4319866.093, 139
Trd, 4319866.193, 118
Trd, 4319866.743, 140
Trd, 4319867.143, 138
Trd, 4319867.443, 130
Trd, 4319868.493, 139
Trd, 4319869.393, 140
Trd, 4319869.543, 84
Trd, 4319871.043, 60
Trd, 4319871.093, 61
Trd, 4319872.693, 62
Trd, 4319872.743, 63
Trd, 4319873.043, 95
Trd, 4319874.343, 61
Trd, 4319874.993, 140
Trd, 4319875.393, 60
Trd, 4319875.743, 139
Trd, 4319876.893, 134
Trd, 4319876.993, 133
Trd, 4319877.893, 140
Trd, 4319878.493, 140
Trd, 4319879.193, 140
Trd, 4319880.293, 140
Trd, 4319880.493, 140
Trd, 4319880.743, 140
Trd, 4319881.343, 140
Trd, 4319882.393, 140
Trd, 4319882.993, 140
Trd, 4319883.593, 139
Trd, 4319883.693, 137
Trd, 4319883.743, 129
Trd, 4319884.593, 140
Trd, 4319885.343, 140
Trd, 4319885.493, 140
Trd, 4319887.093, 140
Trd, 4319887.693, 138
Trd, 4319888.093, 131
Trd, 4319888.543, 139
Trd, 4319888.893, 119
Trd, 4319889.393, 139
Trd, 4319890.643, 140
Trd, 4319890.693, 140
Trd, 4319891.543, 140
Trd, 4319892.143, 140
Trd, 4319892.443, 137
Trd, 4319893.443, 140
Trd, 4319893.593, 140
Trd, 4319894.593, 140
Trd, 4319894.743, 140
Trd, 4319896.143, 140
Trd, 4319896.743, 140
Trd, 4319897.593, 140
Trd, 4319898.143, 140
Trd, 4319898.693, 140
Trd, 4319898.743, 139
Trd, 4319899.193, 140
Trd, 4319899.593, 139
Trd, 4319899.843, 86
Trd, 4319900.393, 70
Trd, 4319900.593, 136
Trd, 4319902.643, 140
Trd, 4319903.793, 140
Trd, 4319904.193, 140
Trd, 4319904.943, 139
Trd, 4319905.793, 136
Trd, 4319905.993, 129
Trd, 4319906.143, 140
Trd, 4319906.493, 140
Trd, 4319906.843, 90
Trd, 4319907.293, 102
Trd, 4319910.193, 140
Trd, 4319910.643, 140
Trd, 4319911.343, 140
Trd, 4319911.393, 136
Trd, 4319911.593, 136
Trd, 4319912.393, 139
Trd, 4319912.793, 123
Trd, 4319912.993, 138
Trd, 4319913.043, 116
Trd, 4319914.143, 90
Trd, 4319916.943, 140
Trd, 4319917.043, 140
Trd, 4319917.093, 139
Trd, 4319917.193, 138
Trd, 4319918.143, 140
Trd, 4319918.393, 138
Trd, 4319919.393, 139
Trd, 4319920.243, 91
Trd, 4319920.343, 88
Trd, 4319920.993, 74
Trd, 4319921.043, 70
Trd, 4319922.343, 140
Trd, 4319922.943, 140
Trd, 4319923.393, 140
Trd, 4319923.943, 140
Trd, 4319923.993, 139
Trd, 4319925.343, 139
Trd, 4319926.293, 61
Trd, 4319926.943, 74
Trd, 4319927.093, 139
Trd, 4319928.843, 140
Trd, 4319928.943, 140
Trd, 4319929.493, 140
Trd, 4319930.243, 140
Trd, 4319930.343, 139
Trd, 4319931.693, 140
Trd, 4319932.593, 140
Trd, 4319932.993, 138
Trd, 4319933.443, 140
Trd, 4319933.943, 140
Trd, 4319934.293, 68
Trd, 4319935.193, 60
Trd, 4319935.793, 60
Trd, 4319936.393, 73
Trd, 4319936.743, 64
Trd, 4319936.993, 87
Trd, 4319938.493, 92
Trd, 4319939.193, 140
Trd, 4319940.543, 140
Trd, 4319941.543, 140
Trd, 4319942.793, 140
Trd, 4319943.293, 139
Trd, 4319943.793, 140
Trd, 4319944.593, 140
Trd, 4319945.593, 140
Trd, 4319946.743, 140
Trd, 4319947.143, 140
Trd, 4319948.843, 140
Trd, 4319948.943, 140
Trd, 4319948.993, 140
Trd, 4319949.543, 140
Trd, 4319949.843, 140
Trd, 4319952.043, 139
Trd, 4319953.343, 139
Trd, 4319953.943, 140
Trd, 4319954.143, 138
Trd, 4319954.243, 137
Trd, 4319954.843, 127
Trd, 4319955.143, 83
Trd, 4319955.393, 137
Trd, 4319956.943, 71
Trd, 4319957.593, 74
Trd, 4319958.343, 139
Trd, 4319958.443, 131
Trd, 4319959.143, 140
Trd, 4319959.443, 140
Trd, 4319959.843, 140
Trd, 4319960.643, 134
Trd, 4319962.893, 60
Trd, 4319962.943, 60
Trd, 4319963.293, 62
Trd, 4319963.543, 66
Trd, 4319964.493, 63
Trd, 4319965.193, 62
Trd, 4319965.793, 60
Trd, 4319965.893, 62
Trd, 4319966.793, 140
Trd, 4319967.393, 138
Trd, 4319967.643, 69
Trd, 4319968.193, 64
Trd, 4319969.543, 65
Trd, 4319970.143, 66
Trd, 4319970.393, 61
Trd, 4319970.793, 112
Trd, 4319971.093, 138
Trd, 4319972.593, 61
Trd, 4319973.493, 63
Trd, 4319973.993, 66
Trd, 4319974.443, 67
Trd, 4319974.893, 139
Trd, 4319975.093, 60
Trd, 4319975.493, 140
Trd, 4319976.093, 70
Trd, 4319977.393, 60
Trd, 4319977.643, 61
Trd, 4319978.893, 61
Trd, 4319979.143, 67
Trd, 4319982.043, 140
Trd, 4319982.743, 140
Trd, 4319983.193, 138
Trd, 4319983.793, 138
Trd, 4319984.193, 137
Trd, 4319985.493, 140
Trd, 4319985.543, 140
Trd, 4319985.943, 123
Trd, 4319986.193, 120
Trd, 4319986.343, 98
Trd, 4319988.043, 139
Trd, 4319988.393, 139
Trd, 4319988.493, 138
Trd, 4319988.743, 140
Trd, 4319989.743, 140
Trd, 4319990.493, 138
Trd, 4319991.193, 136
Trd, 4319991.243, 125
Trd, 4319991.943, 83
Trd, 4319993.093, 140
Trd, 4319993.393, 140
Trd, 4319993.843, 140
Trd, 4319993.943, 140
Trd, 4319995.393, 140
Trd, 4319996.243, 139
Trd, 4319997.143, 140
Trd, 4319997.693, 139
Trd, 4319998.693, 140
Trd, 4319998.993, 140
Trd, 4319999.893, 140
