Trd, 4318089.843, 140
Trd, 4318090.143, 140
Trd, 4318090.343, 140
Trd, 4318091.743, 140
Trd, 4318092.493, 138
Trd, 4318092.893, 137
Trd, 4318093.493, 139
Trd, 4318094.443, 140
Trd, 4318094.993, 140
Trd, 4318095.043, 126
Trd, 4318095.243, 65
Trd, 4318097.543, 64
Trd, 4318097.693, 64
Trd, 4318099.343, 68
Trd, 4318099.443, 70
Trd, 4318099.493, 72
Trd, 4318100.293, 138
Trd, 4318100.493, 140
Trd, 4318100.993, 130
Trd, 4318101.093, 122
Trd, 4318102.093, 62
Trd, 4318104.893, 140
Trd, 4318106.043, 139
Trd, 4318106.293, 138
Trd, 4318107.643, 140
Trd, 4318108.443, 140
Trd, 4318108.743, 140
Trd, 4318110.593, 140
Trd, 4318110.943, 140
Trd, 4318111.343, 140
Trd, 4318111.743, 140
Trd, 4318112.143, 140
Trd, 4318112.693, 139
Trd, 4318114.193, 139
Trd, 4318115.193, 124
Trd, 4318115.543, 138
Trd, 4318116.343, 133
Trd, 4318116.393, 115
Trd, 4318116.443, 136
Trd, 4318116.793, 137
Trd, 4318117.093, 66
Trd, 4318119.893, 140
Trd, 4318121.493, 140
Trd, 4318122.243, 140
Trd, 4318122.743, 140
Trd, 4318123.493, 140
Trd, 4318123.743, 140
Trd, 4318123.843, 119
Trd, 4318124.343, 139
Trd, 4318124.993, 140
Trd, 4318125.693, 136
Trd, 4318126.043, 120
Trd, 4318126.393, 112
Trd, 4318127.493, 140
Trd, 4318129.643, 140
Trd, 4318130.793, 140
Trd, 4318131.143, 140
Trd, 4318131.593, 138
Trd, 4318132.343, 139
Trd, 4318133.893, 140
Trd, 4318134.643, 140
Trd, 4318137.093, 140
Trd, 4318137.743, 140
Trd, 4318138.293, 140
Trd, 4318139.093, 140
Trd, 4318139.293, 140
Trd, 4318139.493, 139
Trd, 4318139.993, 140
Trd, 4318141.343, 138
Trd, 4318142.093, 139
Trd, 4318142.843, 139
Trd, 4318143.293, 138
Trd, 4318144.443, 140
Trd, 4318145.443, 140
Trd, 4318146.693, 140
Trd, 4318146.743, 139
Trd, 4318147.243, 140
Trd, 4318148.743, 140
Trd, 4318149.143, 140
Trd, 4318149.393, 140
Trd, 4318150.143, 139
Trd, 4318151.793, 140
Trd, 4318152.393, 140
Trd, 4318152.993, 140
Trd, 4318153.693, 140
Trd, 4318155.143, 140
Trd, 4318157.193, 140
Trd, 4318157.893, 140
Trd, 4318158.993, 140
Trd, 4318159.543, 140
Trd, 4318160.693, 140
Trd, 4318160.943, 140
Trd, 4318161.543, 140
Trd, 4318161.793, 140
Trd, 4318162.193, 139
Trd, 4318163.893, 140
Trd, 4318164.643, 140
Trd, 4318164.693, 139
Trd, 4318165.393, 140
Trd, 4318165.543, 139
Trd, 4318166.543, 139
Trd, 4318168.493, 140
Trd, 4318168.843, 140
Trd, 4318168.993, 140
Trd, 4318169.993, 139
Trd, 4318171.993, 140
Trd, 4318172.393, 140
Trd, 4318172.543, 140
Trd, 4318174.093, 140
Trd, 4318174.843, 140
Trd, 4318174.893, 140
Trd, 4318175.943, 140
Trd, 4318176.843, 139
Trd, 4318177.793, 139
Trd, 4318178.893, 140
Trd, 4318179.593, 140
Trd, 4318180.693, 138
Trd, 4318180.793, 136
Trd, 4318181.843, 139
Trd, 4318182.043, 138
Trd, 4318183.143, 140
Trd, 4318184.143, 140
Trd, 4318185.443, 140
Trd, 4318186.293, 140
Trd, 4318187.143, 139
Trd, 4318187.543, 138
Trd, 4318187.893, 126
Trd, 4318188.293, 132
Trd, 4318189.593, 140
Trd, 4318190.093, 140
Trd, 4318190.143, 140
Trd, 4318190.643, 140
Trd, 4318192.443, 140
Trd, 4318192.543, 140
Trd, 4318193.343, 140
Trd, 4318193.643, 140
Trd, 4318194.543, 140
Trd, 4318197.393, 140
Trd, 4318197.543, 138
Trd, 4318198.693, 140
Trd, 4318199.793, 139
Trd, 4318200.293, 139
Trd, 4318202.293, 140
Trd, 4318202.443, 138
Trd, 4318204.593, 140
Trd, 4318204.843, 138
Trd, 4318205.643, 140
Trd, 4318205.743, 137
Trd, 4318205.793, 114
Trd, 4318207.893, 138
Trd, 4318208.193, 139
Trd, 4318209.993, 140
Trd, 4318210.943, 140
Trd, 4318211.093, 140
Trd, 4318212.193, 140
Trd, 4318212.493, 140
Trd, 4318213.943, 139
Trd, 4318214.193, 138
Trd, 4318214.693, 124
Trd, 4318214.893, 139
Trd, 4318216.593, 137
Trd, 4318216.743, 137
Trd, 4318219.393, 140
Trd, 4318219.743, 140
Trd, 4318219.943, 140
Trd, 4318220.293, 140
Trd, 4318220.593, 140
Trd, 4318221.193, 139
Trd, 4318221.243, 136
Trd, 4318222.293, 140
Trd, 4318222.493, 140
Trd, 4318223.143, 140
Trd, 4318224.193, 119
Trd, 4318224.293, 108
Trd, 4318225.043, 64
Trd, 4318225.793, 140
Trd, 4318226.543, 140
Trd, 4318227.843, 66
Trd, 4318229.343, 62
Trd, 4318229.943, 65
Trd, 4318230.043, 60
Trd, 4318230.493, 67
Trd, 4318232.093, 140
Trd, 4318232.293, 140
Trd, 4318232.793, 140
Trd, 4318234.643, 140
Trd, 4318235.543, 140
Trd, 4318237.243, 140
Trd, 4318237.493, 140
Trd, 4318239.243, 140
Trd, 4318239.643, 140
Trd, 4318240.493, 140
Trd, 4318241.293, 140
Trd, 4318241.993, 140
Trd, 4318243.793, 140
Trd, 4318246.143, 140
Trd, 4318246.243, 140
Trd, 4318246.743, 140
Trd, 4318247.393, 140
Trd, 4318249.093, 140
Trd, 4318249.593, 140
Trd, 4318250.343, 138
Trd, 4318251.243, 139
Trd, 4318251.793, 140
Trd, 4318252.693, 140
Trd, 4318253.543, 140
Trd, 4318254.943, 140
Trd, 4318254.993, 138
Trd, 4318255.443, 140
Trd, 4318257.043, 140
Trd, 4318257.993, 140
Trd, 4318258.793, 140
Trd, 4318259.493, 140
Trd, 4318259.593, 140
Trd, 4318261.393, 140
Trd, 4318261.593, 140
Trd, 4318261.993, 140
Trd, 4318264.043, 138
Trd, 4318264.143, 132
Trd, 4318264.693, 140
Trd, 4318265.093, 140
Trd, 4318265.193, 139
Trd, 4318266.993, 139
Trd, 4318267.043, 139
Trd, 4318267.443, 140
Trd, 4318267.693, 88
Trd, 4318269.243, 140
Trd, 4318269.793, 139
Trd, 4318270.343, 137
Trd, 4318270.693, 126
Trd, 4318272.493, 140
Trd, 4318272.593, 139
Trd, 4318273.193, 140
Trd, 4318274.943, 140
Trd, 4318274.993, 140
Trd, 4318275.593, 140
Trd, 4318276.693, 140
Trd, 4318278.293, 140
Trd, 4318279.243, 140
Trd, 4318280.293, 140
Trd, 4318280.643, 140
Trd, 4318281.793, 140
Trd, 4318283.243, 140
Trd, 4318284.543, 139
Trd, 4318284.843, 140
Trd, 4318284.993, 138
Trd, 4318285.043, 138
Trd, 4318286.143, 138
Trd, 4318286.393, 140
Trd, 4318286.643, 138
Trd, 4318287.443, 139
Trd, 4318288.793, 117
Trd, 4318289.043, 140
Trd, 4318289.493, 119
Trd, 4318290.593, 140
Trd, 4318291.893, 140
Trd, 4318292.543, 140
Trd, 4318293.193, 140
Trd, 4318293.243, 121
Trd, 4318293.943, 140
Trd, 4318294.243, 139
Trd, 4318294.993, 138
Trd, 4318295.543, 60
Trd, 4318296.043, 138
Trd, 4318297.193, 132
Trd, 4318297.843, 132
Trd, 4318297.893, 139
Trd, 4318297.943, 140
Trd, 4318298.743, 136
Trd, 4318299.643, 140
Trd, 4318300.393, 60
Trd, 4318301.193, 60
Trd, 4318301.443, 60
Trd, 4318303.043, 60
Trd, 4318303.543, 60
Trd, 4318303.643, 66
Trd, 4318305.343, 65
Trd, 4318305.593, 72
Trd, 4318305.843, 76
Trd, 4318306.093, 65
Trd, 4318306.493, 140
Trd, 4318307.243, 140
Trd, 4318307.343, 140
Trd, 4318307.643, 61
Trd, 4318307.943, 62
Trd, 4318309.793, 140
Trd, 4318311.193, 68
Trd, 4318311.593, 60
Trd, 4318311.943, 60
Trd, 4318311.993, 60
Trd, 4318312.393, 60
Trd, 4318312.643, 60
Trd, 4318312.843, 80
Trd, 4318315.443, 60
Trd, 4318315.893, 60
Trd, 4318316.143, 60
Trd, 4318316.643, 62
Trd, 4318316.693, 65
Trd, 4318317.793, 64
Trd, 4318318.693, 60
Trd, 4318319.343, 67
Trd, 4318321.243, 70
Trd, 4318322.043, 60
Trd, 4318322.543, 63
Trd, 4318323.543, 60
Trd, 4318325.293, 60
Trd, 4318325.443, 60
Trd, 4318325.693, 60
Trd, 4318326.643, 61
Trd, 4318326.793, 62
Trd, 4318327.143, 61
Trd, 4318328.093, 63
Trd, 4318328.143, 71
Trd, 4318328.193, 88
Trd, 4318328.593, 62
Trd, 4318330.593, 86
Trd, 4318330.643, 132
Trd, 4318331.643, 140
Trd, 4318332.793, 140
Trd, 4318333.093, 140
Trd, 4318333.143, 140
Trd, 4318333.393, 139
Trd, 4318337.243, 140
Trd, 4318337.843, 140
Trd, 4318337.943, 140
Trd, 4318338.043, 140
Trd, 4318338.343, 140
Trd, 4318338.643, 139
Trd, 4318339.743, 140
Trd, 4318340.343, 140
Trd, 4318340.993, 139
Trd, 4318343.143, 140
Trd, 4318343.193, 139
Trd, 4318343.743, 140
Trd, 4318344.643, 140
Trd, 4318345.593, 140
Trd, 4318345.943, 128
Trd, 4318346.843, 140
Trd, 4318347.743, 140
Trd, 4318347.943, 139
Trd, 4318348.893, 138
Trd, 4318348.993, 139
Trd, 4318350.443, 140
Trd, 4318350.543, 140
Trd, 4318350.893, 139
Trd, 4318351.443, 138
Trd, 4318352.493, 139
Trd, 4318352.693, 133
Trd, 4318354.043, 139
Trd, 4318354.443, 131
Trd, 4318354.893, 119
Trd, 4318355.243, 137
Trd, 4318355.643, 126
Trd, 4318356.893, 140
Trd, 4318357.093, 140
Trd, 4318358.093, 140
Trd, 4318359.443, 140
Trd, 4318359.643, 140
Trd, 4318359.693, 140
Trd, 4318360.243, 127
Trd, 4318360.493, 136
Trd, 4318361.043, 136
Trd, 4318362.393, 108
Trd, 4318362.693, 140
Trd, 4318364.543, 140
Trd, 4318364.593, 139
Trd, 4318365.793, 140
Trd, 4318366.593, 140
Trd, 4318366.643, 140
Trd, 4318368.243, 140
Trd, 4318368.443, 140
Trd, 4318368.593, 140
Trd, 4318368.643, 140
Trd, 4318369.743, 140
Trd, 4318370.993, 132
Trd, 4318371.493, 138
Trd, 4318372.093, 140
Trd, 4318372.593, 140
Trd, 4318374.193, 140
Trd, 4318374.343, 140
Trd, 4318375.643, 140
Trd, 4318375.993, 140
Trd, 4318377.243, 140
Trd, 4318377.693, 140
Trd, 4318378.543, 139
Trd, 4318379.793, 139
Trd, 4318380.643, 140
Trd, 4318380.893, 140
Trd, 4318382.043, 140
Trd, 4318383.393, 138
Trd, 4318384.543, 138
Trd, 4318385.993, 140
Trd, 4318387.343, 140
Trd, 4318387.943, 138
Trd, 4318388.343, 125
Trd, 4318388.993, 140
Trd, 4318389.243, 140
Trd, 4318389.743, 138
Trd, 4318389.943, 138
Trd, 4318392.693, 140
Trd, 4318393.543, 140
Trd, 4318393.793, 140
Trd, 4318394.343, 140
Trd, 4318394.443, 140
Trd, 4318394.893, 138
Trd, 4318394.943, 137
Trd, 4318395.893, 108
Trd, 4318396.143, 132
Trd, 4318397.393, 140
Trd, 4318398.643, 140
Trd, 4318399.143, 140
Trd, 4318399.243, 139
Trd, 4318399.693, 138
Trd, 4318400.393, 140
Trd, 4318401.343, 140
Trd, 4318401.743, 140
Trd, 4318402.443, 140
Trd, 4318402.843, 134
Trd, 4318404.493, 140
Trd, 4318405.243, 133
Trd, 4318406.393, 140
Trd, 4318406.893, 140
Trd, 4318406.943, 124
Trd, 4318410.543, 140
Trd, 4318411.293, 140
Trd, 4318411.593, 140
Trd, 4318412.393, 140
Trd, 4318412.743, 140
Trd, 4318413.893, 140
Trd, 4318416.443, 140
Trd, 4318416.743, 140
Trd, 4318418.143, 140
Trd, 4318418.743, 140
Trd, 4318419.793, 140
Trd, 4318421.443, 140
Trd, 4318422.193, 140
Trd, 4318422.343, 140
Trd, 4318422.543, 139
Trd, 4318424.993, 140
Trd, 4318425.043, 140
Trd, 4318425.443, 140
Trd, 4318426.293, 140
Trd, 4318426.493, 140
Trd, 4318427.493, 140
Trd, 4318428.143, 140
Trd, 4318428.843, 140
Trd, 4318430.993, 140
Trd, 4318431.443, 138
Trd, 4318432.643, 140
Trd, 4318433.043, 139
Trd, 4318433.643, 135
Trd, 4318433.843, 131
Trd, 4318434.093, 135
Trd, 4318434.143, 138
Trd, 4318434.243, 137
Trd, 4318434.743, 86
Trd, 4318434.943, 140
Trd, 4318435.993, 60
Trd, 4318436.643, 62
Trd, 4318439.093, 140
Trd, 4318439.543, 140
Trd, 4318440.143, 140
Trd, 4318440.843, 140
Trd, 4318441.443, 138
Trd, 4318442.743, 140
Trd, 4318442.943, 112
Trd, 4318443.293, 111
Trd, 4318446.143, 140
Trd, 4318447.643, 140
Trd, 4318447.693, 140
Trd, 4318448.943, 140
Trd, 4318449.593, 140
Trd, 4318449.643, 140
Trd, 4318450.443, 140
Trd, 4318450.793, 140
Trd, 4318451.693, 140
Trd, 4318451.993, 119
Trd, 4318454.893, 140
Trd, 4318455.443, 140
Trd, 4318455.593, 140
Trd, 4318458.743, 140
Trd, 4318459.293, 140
Trd, 4318459.743, 140
Trd, 4318460.293, 140
Trd, 4318460.743, 140
Trd, 4318461.643, 140
Trd, 4318462.693, 138
Trd, 4318462.743, 137
Trd, 4318463.043, 137
Trd, 4318463.093, 120
Trd, 4318463.543, 133
Trd, 4318463.593, 91
Trd, 4318464.493, 78
Trd, 4318464.693, 79
Trd, 4318465.743, 139
Trd, 4318466.243, 61
Trd, 4318466.293, 77
Trd, 4318467.643, 140
Trd, 4318469.143, 65
Trd, 4318469.443, 61
Trd, 4318470.493, 65
Trd, 4318470.543, 66
Trd, 4318471.193, 66
Trd, 4318471.843, 63
Trd, 4318472.093, 62
Trd, 4318472.743, 64
Trd, 4318474.093, 73
Trd, 4318475.643, 64
Trd, 4318475.893, 65
Trd, 4318476.143, 66
Trd, 4318476.793, 60
Trd, 4318477.543, 60
Trd, 4318477.843, 74
Trd, 4318478.293, 76
Trd, 4318478.893, 60
Trd, 4318481.143, 60
Trd, 4318481.893, 61
Trd, 4318481.993, 62
Trd, 4318482.093, 64
Trd, 4318483.093, 60
Trd, 4318483.543, 65
Trd, 4318483.993, 62
Trd, 4318484.243, 70
Trd, 4318485.643, 69
Trd, 4318486.793, 61
Trd, 4318487.393, 62
Trd, 4318487.443, 61
Trd, 4318488.393, 60
Trd, 4318488.893, 67
Trd, 4318489.543, 70
Trd, 4318489.843, 73
Trd, 4318490.543, 74
Trd, 4318490.893, 77
Trd, 4318492.443, 139
Trd, 4318494.243, 60
Trd, 4318495.093, 60
Trd, 4318495.643, 60
Trd, 4318496.293, 60
Trd, 4318496.993, 60
Trd, 4318497.443, 61
Trd, 4318497.693, 61
Trd, 4318499.043, 60
Trd, 4318499.743, 60
Trd, 4318500.243, 62
Trd, 4318500.543, 61
Trd, 4318501.193, 60
Trd, 4318501.543, 60
Trd, 4318502.343, 61
Trd, 4318502.643, 64
Trd, 4318502.943, 65
Trd, 4318503.593, 68
Trd, 4318505.493, 60
Trd, 4318505.743, 60
Trd, 4318506.393, 60
Trd, 4318506.593, 63
Trd, 4318508.043, 63
Trd, 4318508.093, 64
Trd, 4318508.243, 63
Trd, 4318509.843, 62
Trd, 4318510.093, 61
Trd, 4318510.843, 140
Trd, 4318512.043, 122
Trd, 4318512.793, 140
Trd, 4318514.043, 140
Trd, 4318515.743, 140
Trd, 4318515.993, 140
Trd, 4318516.193, 140
Trd, 4318516.943, 140
Trd, 4318518.243, 140
Trd, 4318518.793, 140
Trd, 4318518.893, 138
Trd, 4318519.743, 140
Trd, 4318520.543, 139
Trd, 4318520.893, 139
Trd, 4318521.043, 138
Trd, 4318521.643, 140
Trd, 4318521.843, 119
Trd, 4318523.043, 140
Trd, 4318523.543, 140
Trd, 4318523.593, 123
Trd, 4318524.193, 140
Trd, 4318524.493, 137
Trd, 4318525.143, 114
Trd, 4318526.443, 137
Trd, 4318528.343, 140
Trd, 4318529.493, 140
Trd, 4318529.793, 140
Trd, 4318530.443, 140
Trd, 4318530.743, 136
Trd, 4318532.393, 140
Trd, 4318534.443, 140
Trd, 4318535.043, 140
Trd, 4318536.643, 140
Trd, 4318537.493, 140
Trd, 4318537.943, 140
Trd, 4318537.993, 137
Trd, 4318538.643, 140
Trd, 4318540.943, 140
Trd, 4318541.493, 139
Trd, 4318541.843, 138
Trd, 4318542.093, 139
Trd, 4318542.643, 120
Trd, 4318542.993, 137
Trd, 4318543.093, 108
Trd, 4318544.093, 138
Trd, 4318544.493, 119
Trd, 4318545.543, 140
Trd, 4318546.443, 140
Trd, 4318546.493, 140
Trd, 4318547.643, 140
Trd, 4318548.143, 140
Trd, 4318548.693, 140
Trd, 4318549.393, 137
Trd, 4318549.693, 136
Trd, 4318549.743, 137
Trd, 4318549.893, 140
Trd, 4318550.893, 61
Trd, 4318553.393, 61
Trd, 4318553.843, 61
Trd, 4318553.893, 64
Trd, 4318554.543, 140
Trd, 4318554.743, 140
Trd, 4318555.243, 102
Trd, 4318556.993, 140
Trd, 4318557.943, 140
Trd, 4318558.243, 140
Trd, 4318558.443, 139
Trd, 4318559.693, 138
Trd, 4318560.193, 140
Trd, 4318560.793, 140
Trd, 4318562.793, 140
Trd, 4318563.593, 140
Trd, 4318563.743, 140
Trd, 4318563.793, 138
Trd, 4318565.143, 130
Trd, 4318565.893, 140
Trd, 4318566.593, 140
Trd, 4318566.693, 140
Trd, 4318567.693, 140
Trd, 4318568.293, 139
Trd, 4318569.993, 140
Trd, 4318570.843, 140
Trd, 4318571.043, 139
Trd, 4318571.293, 136
Trd, 4318571.993, 138
Trd, 4318572.143, 140
Trd, 4318573.793, 140
Trd, 4318574.293, 140
Trd, 4318574.993, 140
Trd, 4318576.993, 140
Trd, 4318577.093, 140
Trd, 4318578.393, 140
Trd, 4318578.693, 140
Trd, 4318580.293, 140
Trd, 4318580.393, 140
Trd, 4318581.043, 140
Trd, 4318582.343, 140
Trd, 4318582.893, 140
Trd, 4318583.743, 138
Trd, 4318583.993, 134
Trd, 4318584.143, 133
Trd, 4318584.793, 140
Trd, 4318585.593, 140
Trd, 4318585.643, 135
Trd, 4318586.643, 136
Trd, 4318588.343, 140
Trd, 4318588.693, 140
Trd, 4318589.543, 140
Trd, 4318590.243, 139
Trd, 4318590.443, 139
Trd, 4318592.243, 139
Trd, 4318592.393, 138
Trd, 4318592.443, 136
Trd, 4318593.693, 139
Trd, 4318594.143, 133
Trd, 4318594.893, 139
Trd, 4318596.493, 140
Trd, 4318597.193, 140
Trd, 4318598.293, 140
Trd, 4318599.843, 140
Trd, 4318600.193, 140
Trd, 4318600.443, 139
Trd, 4318601.793, 140
Trd, 4318603.693, 140
Trd, 4318604.193, 140
Trd, 4318604.743, 140
Trd, 4318606.593, 140
Trd, 4318607.443, 140
Trd, 4318609.493, 140
Trd, 4318611.393, 140
Trd, 4318611.443, 140
Trd, 4318611.693, 139
Trd, 4318613.093, 140
Trd, 4318613.293, 140
Trd, 4318613.643, 139
Trd, 4318614.043, 140
Trd, 4318614.093, 132
Trd, 4318616.293, 140
Trd, 4318616.443, 140
Trd, 4318616.743, 139
Trd, 4318617.593, 140
Trd, 4318618.043, 140
Trd, 4318620.793, 140
Trd, 4318621.043, 140
Trd, 4318621.643, 140
Trd, 4318621.693, 140
Trd, 4318623.543, 140
Trd, 4318624.193, 140
Trd, 4318624.743, 140
Trd, 4318625.793, 140
Trd, 4318626.743, 139
Trd, 4318627.943, 140
Trd, 4318628.143, 140
Trd, 4318628.993, 140
Trd, 4318629.793, 140
Trd, 4318630.243, 140
Trd, 4318631.093, 140
Trd, 4318631.743, 140
Trd, 4318632.093, 140
Trd, 4318632.793, 140
Trd, 4318633.193, 140
Trd, 4318634.593, 140
Trd, 4318635.843, 140
Trd, 4318637.043, 137
Trd, 4318637.343, 140
Trd, 4318637.593, 136
Trd, 4318637.843, 135
Trd, 4318638.293, 136
Trd, 4318638.793, 110
Trd, 4318639.393, 140
Trd, 4318641.793, 140
Trd, 4318642.393, 140
Trd, 4318642.793, 140
Trd, 4318643.143, 140
Trd, 4318644.243, 140
Trd, 4318644.743, 140
Trd, 4318646.093, 140
Trd, 4318646.343, 140
Trd, 4318647.443, 140
Trd, 4318648.193, 139
Trd, 4318648.843, 140
Trd, 4318649.293, 136
Trd, 4318649.843, 140
Trd, 4318650.643, 140
Trd, 4318652.143, 140
Trd, 4318652.293, 140
Trd, 4318652.493, 121
Trd, 4318655.493, 140
Trd, 4318655.693, 140
Trd, 4318656.543, 140
Trd, 4318657.943, 140
Trd, 4318658.693, 140
Trd, 4318659.093, 140
Trd, 4318660.293, 140
Trd, 4318660.793, 140
Trd, 4318661.693, 140
Trd, 4318662.993, 140
Trd, 4318663.593, 140
Trd, 4318664.293, 140
Trd, 4318664.443, 140
Trd, 4318664.793, 140
Trd, 4318666.343, 140
Trd, 4318666.843, 140
Trd, 4318667.993, 140
Trd, 4318668.243, 140
Trd, 4318669.293, 140
Trd, 4318669.643, 139
Trd, 4318670.643, 139
Trd, 4318671.193, 140
Trd, 4318671.343, 140
Trd, 4318671.493, 120
Trd, 4318671.543, 98
Trd, 4318672.543, 140
Trd, 4318672.693, 72
Trd, 4318674.293, 140
Trd, 4318674.393, 140
Trd, 4318674.993, 140
Trd, 4318676.343, 112
Trd, 4318676.993, 140
Trd, 4318677.793, 139
Trd, 4318678.793, 138
Trd, 4318678.893, 134
Trd, 4318680.543, 140
Trd, 4318680.993, 106
Trd, 4318681.243, 105
Trd, 4318681.293, 132
Trd, 4318681.693, 61
Trd, 4318681.743, 133
Trd, 4318682.393, 94
Trd, 4318682.843, 66
Trd, 4318683.193, 135
Trd, 4318683.693, 103
Trd, 4318686.143, 60
Trd, 4318687.343, 60
Trd, 4318687.793, 60
Trd, 4318687.893, 61
Trd, 4318690.593, 60
Trd, 4318690.793, 60
Trd, 4318691.093, 62
Trd, 4318691.443, 61
Trd, 4318692.593, 67
Trd, 4318692.843, 67
Trd, 4318694.243, 60
Trd, 4318694.493, 60
Trd, 4318694.543, 65
Trd, 4318694.893, 68
Trd, 4318696.593, 81
Trd, 4318698.743, 60
Trd, 4318698.943, 60
Trd, 4318699.393, 60
Trd, 4318700.393, 60
Trd, 4318700.793, 60
Trd, 4318701.593, 62
Trd, 4318702.093, 62
Trd, 4318702.193, 64
Trd, 4318703.043, 66
Trd, 4318703.093, 67
Trd, 4318704.643, 85
Trd, 4318704.743, 86
Trd, 4318705.543, 92
Trd, 4318705.693, 95
Trd, 4318706.593, 136
Trd, 4318707.393, 67
Trd, 4318708.793, 136
Trd, 4318708.843, 135
Trd, 4318708.893, 133
Trd, 4318709.593, 62
Trd, 4318712.593, 140
Trd, 4318712.893, 140
Trd, 4318713.543, 140
Trd, 4318714.093, 140
Trd, 4318714.443, 138
Trd, 4318715.093, 133
Trd, 4318715.343, 133
Trd, 4318717.743, 140
Trd, 4318718.493, 140
Trd, 4318718.593, 131
Trd, 4318719.743, 140
Trd, 4318720.143, 140
Trd, 4318721.593, 140
Trd, 4318722.043, 140
Trd, 4318724.393, 140
Trd, 4318724.893, 140
Trd, 4318725.293, 140
Trd, 4318725.943, 140
Trd, 4318726.243, 140
Trd, 4318726.843, 140
Trd, 4318727.993, 138
Trd, 4318728.243, 140
Trd, 4318729.343, 139
Trd, 4318730.593, 139
Trd, 4318731.143, 139
Trd, 4318731.243, 138
Trd, 4318731.943, 140
Trd, 4318734.043, 140
Trd, 4318734.943, 138
Trd, 4318735.243, 139
Trd, 4318735.493, 140
Trd, 4318737.593, 140
Trd, 4318737.693, 137
Trd, 4318738.543, 134
Trd, 4318738.943, 139
Trd, 4318739.993, 131
Trd, 4318740.693, 138
Trd, 4318741.293, 140
Trd, 4318741.543, 136
Trd, 4318742.693, 138
Trd, 4318743.043, 138
Trd, 4318743.093, 139
Trd, 4318743.243, 118
Trd, 4318743.293, 117
Trd, 4318744.643, 140
Trd, 4318745.443, 140
Trd, 4318745.493, 138
Trd, 4318745.743, 135
Trd, 4318747.493, 140
Trd, 4318749.393, 140
Trd, 4318749.543, 140
Trd, 4318749.593, 140
Trd, 4318750.243, 140
Trd, 4318751.443, 139
Trd, 4318751.893, 139
Trd, 4318752.743, 140
Trd, 4318753.443, 139
Trd, 4318754.393, 140
Trd, 4318756.243, 140
Trd, 4318757.243, 140
Trd, 4318758.843, 140
Trd, 4318759.093, 140
Trd, 4318760.043, 140
Trd, 4318761.343, 140
Trd, 4318762.193, 140
Trd, 4318762.743, 140
Trd, 4318764.793, 140
Trd, 4318765.593, 140
Trd, 4318765.743, 139
Trd, 4318765.943, 139
Trd, 4318766.593, 139
Trd, 4318766.743, 137
Trd, 4318768.543, 140
Trd, 4318768.743, 138
Trd, 4318769.143, 139
Trd, 4318770.393, 140
Trd, 4318770.793, 140
Trd, 4318770.993, 140
Trd, 4318772.493, 140
Trd, 4318772.893, 139
Trd, 4318772.993, 139
Trd, 4318773.043, 139
Trd, 4318773.643, 129
Trd, 4318774.093, 128
Trd, 4318774.743, 128
Trd, 4318775.593, 140
Trd, 4318775.793, 122
Trd, 4318776.593, 63
Trd, 4318778.443, 136
Trd, 4318778.743, 136
Trd, 4318778.843, 117
Trd, 4318778.893, 137
Trd, 4318779.593, 139
Trd, 4318779.993, 138
Trd, 4318780.493, 92
Trd, 4318782.243, 139
Trd, 4318782.693, 139
Trd, 4318783.043, 139
Trd, 4318784.493, 140
Trd, 4318784.793, 140
Trd, 4318785.393, 138
Trd, 4318785.843, 130
Trd, 4318786.743, 138
Trd, 4318787.393, 140
Trd, 4318788.843, 140
Trd, 4318789.443, 140
Trd, 4318789.793, 140
Trd, 4318789.843, 140
Trd, 4318791.093, 140
Trd, 4318792.293, 139
Trd, 4318792.593, 139
Trd, 4318793.093, 138
Trd, 4318794.143, 140
Trd, 4318794.493, 122
Trd, 4318795.043, 122
Trd, 4318797.193, 139
Trd, 4318798.643, 140
Trd, 4318798.893, 140
Trd, 4318799.093, 140
Trd, 4318801.043, 140
Trd, 4318801.243, 140
Trd, 4318803.643, 140
Trd, 4318803.843, 140
Trd, 4318803.943, 140
Trd, 4318804.143, 139
Trd, 4318805.093, 138
Trd, 4318805.443, 118
Trd, 4318806.093, 140
Trd, 4318806.443, 140
Trd, 4318807.543, 64
Trd, 4318807.693, 68
Trd, 4318808.443, 138
Trd, 4318809.143, 69
Trd, 4318809.343, 76
Trd, 4318809.843, 140
Trd, 4318811.243, 140
Trd, 4318812.343, 140
Trd, 4318815.243, 140
Trd, 4318815.743, 140
Trd, 4318815.993, 140
Trd, 4318816.743, 140
Trd, 4318817.693, 140
Trd, 4318817.993, 139
Trd, 4318818.093, 139
Trd, 4318818.143, 138
Trd, 4318818.893, 137
Trd, 4318818.993, 134
Trd, 4318819.393, 100
Trd, 4318820.543, 138
Trd, 4318820.693, 123
Trd, 4318821.693, 62
Trd, 4318822.593, 60
Trd, 4318822.743, 65
Trd, 4318823.293, 66
Trd, 4318823.443, 66
Trd, 4318825.093, 62
Trd, 4318825.643, 61
Trd, 4318826.543, 62
Trd, 4318827.193, 61
Trd, 4318827.393, 62
Trd, 4318827.743, 65
Trd, 4318828.543, 64
Trd, 4318830.693, 140
Trd, 4318831.293, 140
Trd, 4318831.893, 140
Trd, 4318832.693, 133
Trd, 4318833.043, 140
Trd, 4318833.843, 139
Trd, 4318834.393, 139
Trd, 4318834.843, 140
Trd, 4318837.643, 140
Trd, 4318838.043, 140
Trd, 4318838.243, 138
Trd, 4318838.643, 139
Trd, 4318838.793, 137
Trd, 4318839.193, 140
Trd, 4318839.593, 127
Trd, 4318840.743, 139
Trd, 4318842.543, 140
Trd, 4318842.743, 140
Trd, 4318844.093, 140
Trd, 4318844.993, 140
Trd, 4318845.093, 140
Trd, 4318845.593, 140
Trd, 4318846.643, 140
Trd, 4318847.543, 140
Trd, 4318848.493, 138
Trd, 4318848.643, 136
Trd, 4318848.843, 139
Trd, 4318849.343, 122
Trd, 4318849.593, 119
Trd, 4318849.843, 69
Trd, 4318850.843, 70
Trd, 4318851.043, 70
Trd, 4318851.243, 71
Trd, 4318851.993, 140
Trd, 4318853.693, 140
Trd, 4318853.993, 140
Trd, 4318854.193, 137
Trd, 4318854.693, 139
Trd, 4318855.693, 137
Trd, 4318856.893, 140
Trd, 4318857.493, 139
Trd, 4318857.843, 140
Trd, 4318859.193, 140
Trd, 4318860.743, 139
Trd, 4318862.193, 140
Trd, 4318863.143, 140
Trd, 4318863.293, 140
Trd, 4318863.643, 140
Trd, 4318865.693, 140
Trd, 4318866.643, 140
Trd, 4318866.793, 140
Trd, 4318868.443, 140
Trd, 4318868.993, 140
Trd, 4318869.843, 140
Trd, 4318871.843, 140
Trd, 4318872.743, 140
Trd, 4318872.843, 138
Trd, 4318872.993, 138
Trd, 4318873.993, 140
Trd, 4318874.393, 139
Trd, 4318875.993, 140
Trd, 4318876.293, 140
Trd, 4318877.293, 138
Trd, 4318877.443, 120
Trd, 4318879.193, 140
Trd, 4318880.043, 140
Trd, 4318880.593, 140
Trd, 4318881.593, 140
Trd, 4318883.543, 140
Trd, 4318884.043, 138
Trd, 4318885.843, 140
Trd, 4318886.543, 140
Trd, 4318886.643, 140
Trd, 4318887.293, 138
Trd, 4318887.443, 139
Trd, 4318887.693, 140
Trd, 4318887.843, 134
Trd, 4318888.643, 122
Trd, 4318889.693, 60
Trd, 4318889.743, 60
Trd, 4318890.793, 61
Trd, 4318891.143, 62
Trd, 4318891.793, 64
Trd, 4318892.343, 64
Trd, 4318892.493, 65
Trd, 4318892.793, 61
Trd, 4318893.743, 63
Trd, 4318894.193, 63
Trd, 4318895.493, 62
Trd, 4318896.243, 64
Trd, 4318896.443, 64
Trd, 4318896.793, 65
Trd, 4318898.093, 60
Trd, 4318898.793, 61
Trd, 4318898.943, 60
Trd, 4318900.193, 60
Trd, 4318900.843, 60
Trd, 4318902.293, 67
Trd, 4318903.343, 60
Trd, 4318904.193, 60
Trd, 4318904.493, 60
Trd, 4318904.543, 60
Trd, 4318906.243, 60
Trd, 4318906.743, 60
Trd, 4318908.093, 60
Trd, 4318908.143, 65
Trd, 4318908.343, 61
Trd, 4318909.493, 113
Trd, 4318909.793, 140
Trd, 4318910.093, 139
Trd, 4318910.343, 136
Trd, 4318911.793, 139
Trd, 4318913.493, 140
Trd, 4318913.593, 140
Trd, 4318913.843, 140
Trd, 4318914.943, 135
Trd, 4318915.143, 140
Trd, 4318916.643, 140
Trd, 4318917.743, 140
Trd, 4318918.643, 140
Trd, 4318921.843, 140
Trd, 4318922.193, 140
Trd, 4318923.293, 140
Trd, 4318923.493, 127
Trd, 4318924.743, 140
Trd, 4318924.793, 140
Trd, 4318925.393, 140
Trd, 4318925.893, 140
Trd, 4318926.543, 140
Trd, 4318927.243, 140
Trd, 4318928.093, 140
Trd, 4318929.293, 140
Trd, 4318930.693, 140
Trd, 4318930.893, 140
Trd, 4318931.843, 139
Trd, 4318931.943, 138
Trd, 4318933.693, 140
Trd, 4318933.893, 140
Trd, 4318934.243, 128
Trd, 4318934.893, 122
Trd, 4318936.193, 140
Trd, 4318939.143, 140
Trd, 4318939.493, 140
Trd, 4318939.843, 140
Trd, 4318941.643, 140
Trd, 4318941.743, 140
Trd, 4318943.543, 140
Trd, 4318945.093, 140
Trd, 4318945.193, 140
Trd, 4318946.493, 140
Trd, 4318947.293, 140
Trd, 4318947.393, 140
Trd, 4318947.493, 124
Trd, 4318949.143, 140
Trd, 4318949.743, 140
Trd, 4318949.943, 140
Trd, 4318950.343, 140
Trd, 4318951.093, 139
Trd, 4318951.743, 138
Trd, 4318952.543, 119
Trd, 4318953.343, 140
Trd, 4318953.843, 140
Trd, 4318955.243, 140
Trd, 4318956.293, 140
Trd, 4318956.793, 140
Trd, 4318957.643, 140
Trd, 4318958.143, 140
Trd, 4318958.543, 140
Trd, 4318959.543, 140
Trd, 4318960.393, 139
Trd, 4318961.693, 140
Trd, 4318962.143, 139
Trd, 4318962.493, 139
Trd, 4318963.543, 139
Trd, 4318963.643, 140
Trd, 4318966.293, 140
Trd, 4318967.043, 140
Trd, 4318967.193, 139
Trd, 4318967.843, 140
Trd, 4318970.843, 140
Trd, 4318971.693, 140
Trd, 4318971.793, 140
Trd, 4318972.043, 138
Trd, 4318972.343, 140
Trd, 4318973.493, 140
Trd, 4318974.043, 140
Trd, 4318976.593, 140
Trd, 4318976.793, 140
Trd, 4318977.093, 139
Trd, 4318978.393, 140
Trd, 4318980.643, 140
Trd, 4318981.643, 140
Trd, 4318981.793, 140
Trd, 4318982.643, 140
Trd, 4318982.893, 139
Trd, 4318983.743, 106
Trd, 4318985.993, 140
Trd, 4318987.693, 140
Trd, 4318988.293, 139
Trd, 4318988.593, 140
Trd, 4318990.343, 140
Trd, 4318991.143, 140
Trd, 4318992.293, 140
Trd, 4318993.993, 140
Trd, 4318994.143, 140
Trd, 4318994.193, 140
Trd, 4318994.293, 139
Trd, 4318995.343, 134
Trd, 4318995.543, 136
Trd, 4318995.593, 106
Trd, 4318996.943, 140
Trd, 4318997.893, 140
Trd, 4318998.143, 127
Trd, 4318998.693, 139
Trd, 4319000.343, 139
Trd, 4319001.293, 140
Trd, 4319001.743, 140
Trd, 4319002.443, 138
Trd, 4319004.793, 140
Trd, 4319005.193, 140
Trd, 4319006.293, 140
Trd, 4319006.993, 140
Trd, 4319007.243, 139
Trd, 4319008.893, 140
Trd, 4319010.043, 140
Trd, 4319011.543, 140
Trd, 4319012.193, 140
Trd, 4319012.943, 140
Trd, 4319012.993, 139
Trd, 4319013.693, 136
Trd, 4319013.993, 139
Trd, 4319014.443, 140
Trd, 4319015.043, 140
Trd, 4319015.293, 140
Trd, 4319015.643, 140
Trd, 4319015.893, 110
Trd, 4319016.693, 140
Trd, 4319017.593, 140
Trd, 4319019.193, 140
Trd, 4319019.793, 139
Trd, 4319020.343, 132
Trd, 4319020.893, 131
Trd, 4319021.293, 138
Trd, 4319024.093, 140
Trd, 4319025.293, 140
Trd, 4319025.793, 140
Trd, 4319026.393, 140
Trd, 4319027.193, 140
Trd, 4319027.543, 140
Trd, 4319027.993, 140
Trd, 4319028.643, 140
Trd, 4319028.993, 140
Trd, 4319030.243, 140
Trd, 4319030.543, 140
Trd, 4319031.093, 140
Trd, 4319032.943, 138
Trd, 4319035.243, 140
Trd, 4319035.543, 140
Trd, 4319036.243, 140
Trd, 4319036.593, 140
Trd, 4319037.293, 140
Trd, 4319037.393, 139
Trd, 4319038.793, 140
Trd, 4319039.143, 140
Trd, 4319040.293, 139
Trd, 4319041.893, 140
Trd, 4319043.143, 140
Trd, 4319043.943, 140
Trd, 4319044.643, 140
Trd, 4319045.893, 140
Trd, 4319045.993, 140
Trd, 4319046.743, 140
Trd, 4319048.893, 140
Trd, 4319049.993, 140
Trd, 4319050.643, 140
Trd, 4319051.693, 140
Trd, 4319053.443, 140
Trd, 4319053.843, 140
Trd, 4319054.343, 139
Trd, 4319054.893, 140
Trd, 4319055.093, 138
Trd, 4319056.093, 140
Trd, 4319059.693, 140
Trd, 4319059.743, 140
Trd, 4319060.343, 140
Trd, 4319060.493, 140
Trd, 4319060.893, 140
Trd, 4319062.143, 140
Trd, 4319062.693, 137
Trd, 4319063.443, 102
Trd, 4319063.993, 125
Trd, 4319064.043, 139
Trd, 4319064.643, 140
Trd, 4319064.843, 127
Trd, 4319065.843, 138
Trd, 4319066.743, 140
Trd, 4319067.093, 139
Trd, 4319067.693, 137
Trd, 4319068.293, 134
Trd, 4319070.193, 140
Trd, 4319070.693, 139
Trd, 4319071.043, 140
Trd, 4319071.443, 140
Trd, 4319072.993, 140
Trd, 4319073.193, 140
Trd, 4319073.393, 140
Trd, 4319074.543, 140
Trd, 4319074.843, 140
Trd, 4319074.893, 139
Trd, 4319075.943, 138
Trd, 4319076.293, 139
Trd, 4319076.993, 140
Trd, 4319077.943, 62
Trd, 4319079.293, 73
Trd, 4319080.943, 60
Trd, 4319081.043, 61
Trd, 4319081.093, 63
Trd, 4319081.143, 63
Trd, 4319082.343, 138
Trd, 4319083.493, 139
Trd, 4319085.593, 139
Trd, 4319086.893, 138
Trd, 4319087.343, 140
Trd, 4319087.993, 136
Trd, 4319088.243, 138
Trd, 4319089.543, 139
Trd, 4319090.193, 139
Trd, 4319090.493, 140
Trd, 4319091.693, 140
Trd, 4319093.193, 140
Trd, 4319093.893, 140
Trd, 4319094.693, 140
Trd, 4319096.193, 140
Trd, 4319096.243, 140
Trd, 4319097.243, 140
Trd, 4319099.243, 140
Trd, 4319100.643, 140
Trd, 4319100.843, 140
Trd, 4319101.943, 140
Trd, 4319103.393, 140
Trd, 4319103.893, 140
Trd, 4319104.443, 140
Trd, 4319104.593, 139
Trd, 4319104.843, 140
Trd, 4319104.993, 140
Trd, 4319105.593, 140
Trd, 4319108.193, 140
Trd, 4319108.793, 140
Trd, 4319109.443, 140
Trd, 4319111.593, 140
Trd, 4319112.643, 140
Trd, 4319113.243, 140
Trd, 4319113.793, 140
Trd, 4319114.193, 140
Trd, 4319114.593, 139
Trd, 4319115.893, 140
Trd, 4319117.193, 140
Trd, 4319117.693, 138
Trd, 4319120.343, 140
Trd, 4319121.493, 140
Trd, 4319122.843, 140
Trd, 4319123.243, 140
Trd, 4319123.443, 140
Trd, 4319123.943, 140
Trd, 4319124.943, 140
Trd, 4319125.543, 140
Trd, 4319125.643, 140
Trd, 4319126.143, 139
Trd, 4319126.193, 137
Trd, 4319127.443, 133
Trd, 4319127.543, 136
Trd, 4319127.993, 139
Trd, 4319128.393, 101
Trd, 4319128.693, 68
Trd, 4319129.293, 140
Trd, 4319131.443, 140
Trd, 4319132.343, 140
Trd, 4319132.843, 138
Trd, 4319133.793, 140
Trd, 4319133.893, 124
Trd, 4319135.093, 139
Trd, 4319136.243, 136
Trd, 4319137.793, 140
Trd, 4319138.593, 135
Trd, 4319138.793, 134
Trd, 4319138.993, 133
Trd, 4319139.043, 132
Trd, 4319139.693, 137
Trd, 4319140.693, 135
Trd, 4319140.793, 107
Trd, 4319141.343, 136
Trd, 4319141.443, 140
Trd, 4319142.143, 139
Trd, 4319142.693, 68
Trd, 4319144.193, 60
Trd, 4319144.493, 61
Trd, 4319145.093, 61
Trd, 4319145.793, 64
Trd, 4319146.143, 92
Trd, 4319146.443, 62
Trd, 4319147.543, 131
Trd, 4319148.793, 135
Trd, 4319149.093, 67
Trd, 4319149.693, 137
Trd, 4319150.593, 60
Trd, 4319151.543, 60
Trd, 4319151.693, 60
Trd, 4319152.243, 80
Trd, 4319153.143, 101
Trd, 4319154.593, 66
Trd, 4319154.643, 71
Trd, 4319155.193, 62
Trd, 4319156.143, 60
Trd, 4319156.943, 60
Trd, 4319157.043, 61
Trd, 4319157.293, 64
Trd, 4319158.393, 139
Trd, 4319158.993, 75
Trd, 4319159.943, 60
Trd, 4319160.193, 60
Trd, 4319161.193, 60
Trd, 4319161.993, 60
Trd, 4319162.893, 61
Trd, 4319162.993, 65
Trd, 4319163.143, 68
Trd, 4319164.393, 140
Trd, 4319165.743, 140
Trd, 4319165.993, 140
Trd, 4319168.243, 140
Trd, 4319168.943, 140
Trd, 4319169.593, 140
Trd, 4319170.843, 140
Trd, 4319172.293, 140
Trd, 4319173.243, 140
Trd, 4319173.893, 140
Trd, 4319174.243, 140
Trd, 4319174.843, 140
Trd, 4319174.893, 139
Trd, 4319175.593, 140
Trd, 4319176.343, 140
Trd, 4319176.843, 139
Trd, 4319178.793, 140
Trd, 4319178.843, 140
Trd, 4319179.043, 122
Trd, 4319181.193, 140
Trd, 4319181.943, 140
Trd, 4319182.343, 140
Trd, 4319182.843, 140
Trd, 4319183.193, 140
Trd, 4319186.043, 140
Trd, 4319186.243, 140
Trd, 4319186.593, 140
Trd, 4319186.793, 140
Trd, 4319188.193, 138
Trd, 4319188.293, 137
Trd, 4319190.093, 140
Trd, 4319191.493, 140
Trd, 4319192.393, 140
Trd, 4319192.643, 140
Trd, 4319192.693, 140
Trd, 4319192.943, 140
Trd, 4319193.043, 139
Trd, 4319193.543, 139
Trd, 4319193.643, 126
Trd, 4319195.293, 140
Trd, 4319195.343, 140
Trd, 4319196.093, 140
Trd, 4319197.093, 136
Trd, 4319197.443, 137
Trd, 4319197.843, 127
Trd, 4319198.343, 116
Trd, 4319198.793, 136
Trd, 4319199.393, 135
Trd, 4319202.393, 140
Trd, 4319202.943, 140
Trd, 4319204.743, 140
Trd, 4319204.943, 140
Trd, 4319205.593, 140
Trd, 4319205.943, 140
Trd, 4319205.993, 140
Trd, 4319207.243, 129
Trd, 4319207.643, 140
Trd, 4319207.693, 140
Trd, 4319209.993, 140
Trd, 4319210.993, 140
Trd, 4319211.993, 140
Trd, 4319212.093, 140
Trd, 4319213.243, 140
Trd, 4319213.743, 132
Trd, 4319214.193, 139
Trd, 4319215.543, 139
Trd, 4319216.543, 140
Trd, 4319217.793, 140
Trd, 4319219.143, 139
Trd, 4319219.393, 137
Trd, 4319220.143, 123
Trd, 4319220.393, 106
Trd, 4319221.993, 140
Trd, 4319223.143, 140
Trd, 4319223.393, 140
Trd, 4319223.643, 140
Trd, 4319223.843, 138
Trd, 4319225.293, 140
Trd, 4319225.543, 128
Trd, 4319226.193, 138
Trd, 4319226.493, 126
Trd, 4319226.743, 125
Trd, 4319227.443, 73
Trd, 4319229.193, 67
Trd, 4319229.243, 68
Trd, 4319229.693, 139
Trd, 4319231.393, 61
Trd, 4319232.393, 60
Trd, 4319232.993, 60
Trd, 4319233.043, 60
Trd, 4319233.843, 60
Trd, 4319235.293, 60
Trd, 4319236.593, 60
Trd, 4319236.793, 60
Trd, 4319236.993, 60
Trd, 4319237.043, 64
Trd, 4319238.843, 60
Trd, 4319239.643, 61
Trd, 4319239.693, 62
Trd, 4319239.793, 60
Trd, 4319239.843, 65
Trd, 4319240.493, 67
Trd, 4319242.443, 140
Trd, 4319243.643, 64
Trd, 4319244.443, 60
Trd, 4319244.993, 65
Trd, 4319245.193, 66
Trd, 4319245.893, 62
Trd, 4319246.243, 66
Trd, 4319246.643, 68
Trd, 4319246.793, 71
Trd, 4319246.943, 67
Trd, 4319247.893, 140
Trd, 4319248.443, 63
Trd, 4319248.643, 139
Trd, 4319249.743, 84
Trd, 4319249.943, 112
Trd, 4319250.893, 108
Trd, 4319250.993, 109
Trd, 4319252.343, 60
Trd, 4319253.043, 60
Trd, 4319253.143, 63
Trd, 4319254.093, 69
Trd, 4319254.793, 60
Trd, 4319254.993, 61
Trd, 4319255.243, 65
Trd, 4319256.093, 60
Trd, 4319256.943, 60
Trd, 4319257.793, 60
Trd, 4319259.693, 60
Trd, 4319259.743, 60
Trd, 4319260.343, 61
Trd, 4319260.593, 62
Trd, 4319260.843, 63
Trd, 4319261.343, 63
Trd, 4319261.693, 63
Trd, 4319262.043, 64
Trd, 4319263.093, 63
Trd, 4319263.643, 69
Trd, 4319266.093, 140
Trd, 4319266.293, 140
Trd, 4319266.693, 140
Trd, 4319268.643, 140
Trd, 4319269.493, 140
Trd, 4319269.893, 123
Trd, 4319270.593, 139
Trd, 4319271.593, 140
Trd, 4319272.693, 140
Trd, 4319273.693, 140
Trd, 4319273.793, 139
Trd, 4319273.843, 139
Trd, 4319275.693, 137
Trd, 4319275.743, 120
Trd, 4319275.843, 106
Trd, 4319276.193, 140
Trd, 4319276.643, 105
Trd, 4319277.943, 140
Trd, 4319278.593, 140
Trd, 4319279.093, 123
Trd, 4319280.343, 140
Trd, 4319280.793, 140
Trd, 4319281.743, 140
Trd, 4319281.893, 140
Trd, 4319282.593, 140
Trd, 4319284.493, 140
Trd, 4319286.493, 140
Trd, 4319286.893, 139
Trd, 4319287.043, 139
Trd, 4319287.393, 135
Trd, 4319288.343, 140
Trd, 4319290.393, 140
Trd, 4319291.643, 140
Trd, 4319291.693, 140
Trd, 4319291.793, 136
Trd, 4319292.143, 124
Trd, 4319292.793, 136
Trd, 4319293.093, 136
Trd, 4319293.993, 136
Trd, 4319294.143, 124
Trd, 4319294.993, 135
Trd, 4319295.393, 103
Trd, 4319296.293, 138
Trd, 4319297.093, 140
Trd, 4319297.993, 138
Trd, 4319299.993, 140
Trd, 4319300.443, 140
Trd, 4319301.193, 140
Trd, 4319301.593, 140
Trd, 4319301.993, 139
Trd, 4319303.093, 140
Trd, 4319304.443, 140
Trd, 4319305.443, 140
Trd, 4319305.893, 140
Trd, 4319307.143, 140
Trd, 4319307.393, 140
Trd, 4319307.643, 139
Trd, 4319308.293, 138
Trd, 4319309.093, 139
Trd, 4319309.293, 136
Trd, 4319310.343, 131
Trd, 4319311.493, 116
Trd, 4319311.743, 138
Trd, 4319312.343, 131
Trd, 4319313.493, 139
Trd, 4319313.593, 140
Trd, 4319313.993, 139
Trd, 4319314.193, 138
Trd, 4319316.193, 140
Trd, 4319316.293, 140
Trd, 4319316.443, 140
Trd, 4319316.993, 140
Trd, 4319317.643, 132
Trd, 4319319.043, 134
Trd, 4319319.743, 137
Trd, 4319320.593, 138
Trd, 4319321.393, 137
Trd, 4319321.743, 104
Trd, 4319322.443, 60
Trd, 4319323.093, 139
Trd, 4319325.093, 139
Trd, 4319325.693, 136
Trd, 4319326.393, 139
Trd, 4319326.993, 134
Trd, 4319327.793, 140
Trd, 4319328.093, 68
Trd, 4319329.043, 140
Trd, 4319329.593, 140
Trd, 4319330.293, 140
Trd, 4319333.043, 140
Trd, 4319334.143, 140
Trd, 4319335.843, 140
Trd, 4319336.643, 140
Trd, 4319337.743, 140
Trd, 4319338.593, 140
Trd, 4319338.893, 140
Trd, 4319340.093, 140
Trd, 4319342.443, 140
Trd, 4319342.943, 140
Trd, 4319343.593, 140
Trd, 4319343.743, 140
Trd, 4319345.093, 140
Trd, 4319347.493, 140
Trd, 4319348.443, 140
Trd, 4319348.993, 140
Trd, 4319349.043, 140
Trd, 4319349.993, 140
Trd, 4319350.593, 140
Trd, 4319350.893, 140
Trd, 4319351.843, 140
Trd, 4319352.043, 140
Trd, 4319352.593, 140
Trd, 4319352.743, 140
Trd, 4319353.443, 138
Trd, 4319354.143, 139
Trd, 4319354.243, 137
Trd, 4319354.543, 120
Trd, 4319354.793, 119
Trd, 4319357.443, 140
Trd, 4319357.943, 140
Trd, 4319358.893, 139
Trd, 4319358.993, 140
Trd, 4319359.693, 140
Trd, 4319360.393, 139
Trd, 4319362.293, 140
Trd, 4319363.093, 140
Trd, 4319363.793, 140
Trd, 4319364.393, 140
Trd, 4319364.543, 140
Trd, 4319365.243, 139
Trd, 4319365.943, 139
Trd, 4319367.443, 140
Trd, 4319367.843, 139
Trd, 4319368.593, 138
Trd, 4319370.693, 140
Trd, 4319370.743, 140
Trd, 4319371.343, 140
Trd, 4319371.743, 138
Trd, 4319372.693, 140
Trd, 4319373.893, 140
Trd, 4319374.893, 140
Trd, 4319374.993, 140
Trd, 4319375.393, 140
Trd, 4319376.193, 139
Trd, 4319378.043, 140
Trd, 4319378.143, 140
Trd, 4319378.193, 139
Trd, 4319380.043, 140
Trd, 4319380.543, 140
Trd, 4319380.843, 140
Trd, 4319383.143, 140
Trd, 4319383.493, 140
Trd, 4319383.693, 140
Trd, 4319383.793, 137
Trd, 4319383.993, 140
Trd, 4319384.993, 60
Trd, 4319385.543, 61
Trd, 4319386.443, 62
Trd, 4319387.893, 60
Trd, 4319388.493, 60
Trd, 4319388.643, 60
Trd, 4319388.993, 60
Trd, 4319389.543, 61
Trd, 4319390.543, 96
Trd, 4319391.043, 140
Trd, 4319391.493, 138
Trd, 4319392.943, 140
Trd, 4319393.493, 139
Trd, 4319393.743, 139
Trd, 4319394.743, 61
Trd, 4319395.843, 139
Trd, 4319397.393, 140
Trd, 4319398.443, 140
Trd, 4319398.793, 140
Trd, 4319398.993, 140
Trd, 4319399.943, 140
Trd, 4319400.493, 107
Trd, 4319402.243, 139
Trd, 4319402.643, 135
Trd, 4319404.643, 139
Trd, 4319404.843, 138
Trd, 4319404.943, 129
Trd, 4319406.043, 140
Trd, 4319406.493, 139
Trd, 4319407.293, 140
Trd, 4319407.843, 140
Trd, 4319408.293, 140
Trd, 4319409.643, 140
Trd, 4319410.643, 140
Trd, 4319411.443, 140
Trd, 4319411.893, 140
Trd, 4319412.793, 140
Trd, 4319413.043, 140
Trd, 4319414.343, 139
Trd, 4319415.793, 140
Trd, 4319416.093, 140
Trd, 4319417.543, 140
Trd, 4319418.943, 140
Trd, 4319419.643, 140
Trd, 4319419.743, 140
Trd, 4319420.993, 140
Trd, 4319422.143, 140
Trd, 4319422.193, 139
Trd, 4319422.993, 138
Trd, 4319424.243, 140
Trd, 4319426.143, 140
Trd, 4319427.993, 140
Trd, 4319428.043, 140
Trd, 4319428.793, 140
Trd, 4319429.393, 139
Trd, 4319431.093, 140
Trd, 4319431.893, 140
Trd, 4319432.093, 140
Trd, 4319432.143, 139
Trd, 4319432.543, 139
Trd, 4319432.893, 140
Trd, 4319433.543, 103
Trd, 4319433.993, 68
Trd, 4319434.743, 60
Trd, 4319436.193, 60
Trd, 4319436.343, 60
Trd, 4319436.393, 60
Trd, 4319436.993, 60
Trd, 4319437.493, 62
Trd, 4319437.743, 65
Trd, 4319437.943, 69
Trd, 4319438.743, 63
Trd, 4319438.993, 64
Trd, 4319439.693, 60
Trd, 4319440.893, 60
Trd, 4319441.293, 63
Trd, 4319441.543, 67
Trd, 4319443.793, 61
Trd, 4319444.343, 60
Trd, 4319444.793, 61
Trd, 4319445.093, 60
Trd, 4319445.693, 61
Trd, 4319445.743, 65
Trd, 4319446.093, 69
Trd, 4319447.393, 107
Trd, 4319447.843, 140
Trd, 4319447.893, 105
Trd, 4319448.843, 140
Trd, 4319449.993, 140
Trd, 4319450.393, 140
Trd, 4319450.593, 139
Trd, 4319451.143, 138
Trd, 4319452.293, 137
Trd, 4319452.493, 138
Trd, 4319453.393, 110
Trd, 4319453.593, 99
Trd, 4319454.543, 68
Trd, 4319455.093, 127
Trd, 4319455.243, 128
Trd, 4319455.593, 136
Trd, 4319457.543, 140
Trd, 4319457.843, 140
Trd, 4319459.293, 140
Trd, 4319459.343, 140
Trd, 4319461.343, 138
Trd, 4319462.543, 140
Trd, 4319462.843, 140
Trd, 4319463.643, 140
Trd, 4319463.943, 138
Trd, 4319464.843, 140
Trd, 4319464.943, 138
Trd, 4319465.993, 139
Trd, 4319467.193, 140
Trd, 4319467.993, 140
Trd, 4319468.543, 140
Trd, 4319469.043, 140
Trd, 4319469.893, 137
Trd, 4319470.743, 140
Trd, 4319471.193, 140
Trd, 4319471.743, 139
Trd, 4319472.193, 138
Trd, 4319472.743, 140
Trd, 4319473.343, 140
Trd, 4319474.443, 140
Trd, 4319474.493, 139
Trd, 4319475.243, 140
Trd, 4319475.993, 139
Trd, 4319477.443, 140
Trd, 4319477.943, 140
Trd, 4319479.343, 140
Trd, 4319479.593, 140
Trd, 4319480.293, 140
Trd, 4319482.543, 140
Trd, 4319483.543, 140
Trd, 4319483.793, 140
Trd, 4319483.893, 140
Trd, 4319484.293, 140
Trd, 4319485.393, 140
Trd, 4319486.543, 139
Trd, 4319487.193, 140
Trd, 4319487.343, 138
Trd, 4319489.743, 140
Trd, 4319492.443, 140
Trd, 4319492.493, 140
Trd, 4319493.193, 140
Trd, 4319493.643, 140
Trd, 4319495.243, 140
Trd, 4319497.243, 140
Trd, 4319497.393, 140
Trd, 4319498.543, 140
Trd, 4319498.993, 140
Trd, 4319500.143, 140
Trd, 4319500.693, 140
Trd, 4319501.093, 140
Trd, 4319502.043, 140
Trd, 4319502.193, 139
Trd, 4319503.043, 139
Trd, 4319504.093, 135
Trd, 4319504.343, 137
Trd, 4319505.193, 139
Trd, 4319506.143, 140
Trd, 4319506.593, 139
Trd, 4319506.643, 128
Trd, 4319507.643, 140
Trd, 4319508.693, 139
Trd, 4319508.843, 138
Trd, 4319510.993, 138
Trd, 4319511.443, 140
Trd, 4319511.843, 137
Trd, 4319512.593, 139
Trd, 4319512.993, 125
Trd, 4319513.843, 118
Trd, 4319513.943, 134
Trd, 4319514.743, 139
Trd, 4319515.593, 140
Trd, 4319516.093, 137
Trd, 4319516.793, 140
Trd, 4319517.043, 136
Trd, 4319517.593, 135
Trd, 4319518.343, 120
Trd, 4319518.943, 130
Trd, 4319521.143, 127
Trd, 4319521.543, 140
Trd, 4319521.643, 138
Trd, 4319521.743, 140
Trd, 4319522.443, 135
Trd, 4319522.843, 134
Trd, 4319523.243, 77
Trd, 4319525.393, 140
Trd, 4319526.493, 139
Trd, 4319526.543, 138
Trd, 4319527.393, 140
Trd, 4319528.093, 140
Trd, 4319530.593, 140
Trd, 4319531.343, 137
Trd, 4319531.393, 135
Trd, 4319532.243, 140
Trd, 4319532.393, 140
Trd, 4319534.293, 140
Trd, 4319534.543, 140
Trd, 4319534.893, 138
Trd, 4319535.493, 139
Trd, 4319536.043, 135
Trd, 4319536.393, 140
Trd, 4319537.593, 95
Trd, 4319538.493, 139
Trd, 4319538.943, 139
Trd, 4319540.243, 140
Trd, 4319540.543, 140
Trd, 4319541.343, 137
Trd, 4319541.493, 118
Trd, 4319541.693, 64
Trd, 4319542.143, 140
Trd, 4319543.993, 139
Trd, 4319544.593, 140
Trd, 4319544.893, 140
Trd, 4319547.293, 140
Trd, 4319547.443, 140
Trd, 4319548.043, 139
Trd, 4319550.493, 140
Trd, 4319550.543, 140
Trd, 4319553.243, 140
Trd, 4319553.893, 140
Trd, 4319554.193, 140
Trd, 4319554.793, 140
Trd, 4319555.043, 140
Trd, 4319555.893, 139
Trd, 4319556.643, 139
Trd, 4319558.293, 140
Trd, 4319558.393, 140
Trd, 4319558.893, 139
Trd, 4319559.993, 135
Trd, 4319560.893, 133
Trd, 4319560.993, 134
Trd, 4319561.243, 136
Trd, 4319562.493, 139
Trd, 4319562.743, 138
Trd, 4319563.843, 139
Trd, 4319563.893, 126
Trd, 4319563.993, 117
Trd, 4319566.843, 140
Trd, 4319567.743, 140
Trd, 4319568.393, 140
Trd, 4319568.843, 140
Trd, 4319570.143, 140
Trd, 4319570.693, 139
Trd, 4319573.543, 140
Trd, 4319574.193, 140
Trd, 4319574.243, 140
Trd, 4319574.793, 140
Trd, 4319576.243, 140
Trd, 4319577.293, 140
Trd, 4319578.093, 140
Trd, 4319578.393, 139
Trd, 4319579.293, 140
Trd, 4319580.143, 139
Trd, 4319580.743, 139
Trd, 4319580.793, 137
Trd, 4319581.243, 139
Trd, 4319584.943, 140
Trd, 4319585.043, 137
Trd, 4319585.393, 140
Trd, 4319585.943, 125
Trd, 4319586.393, 138
Trd, 4319588.993, 140
Trd, 4319589.493, 140
Trd, 4319589.793, 140
Trd, 4319590.443, 139
Trd, 4319590.643, 140
Trd, 4319591.143, 126
Trd, 4319592.343, 139
Trd, 4319592.993, 140
Trd, 4319593.643, 140
Trd, 4319594.643, 140
Trd, 4319595.693, 140
Trd, 4319598.993, 140
Trd, 4319599.193, 140
Trd, 4319599.493, 140
Trd, 4319599.793, 140
Trd, 4319601.043, 140
Trd, 4319601.443, 140
Trd, 4319601.893, 140
Trd, 4319602.543, 140
Trd, 4319602.643, 140
Trd, 4319603.693, 132
Trd, 4319604.343, 140
Trd, 4319605.143, 140
Trd, 4319605.443, 140
Trd, 4319606.193, 139
Trd, 4319606.593, 137
Trd, 4319607.043, 140
Trd, 4319607.093, 140
Trd, 4319608.693, 140
Trd, 4319609.193, 140
Trd, 4319609.843, 140
Trd, 4319611.093, 139
Trd, 4319612.293, 140
Trd, 4319612.593, 122
Trd, 4319613.843, 139
Trd, 4319614.793, 137
Trd, 4319614.943, 140
Trd, 4319616.593, 139
Trd, 4319616.643, 136
Trd, 4319617.293, 139
Trd, 4319618.393, 140
Trd, 4319618.443, 139
Trd, 4319620.043, 140
Trd, 4319621.393, 140
Trd, 4319621.543, 139
Trd, 4319622.593, 139
Trd, 4319624.193, 140
Trd, 4319624.743, 140
Trd, 4319626.393, 140
Trd, 4319627.843, 139
Trd, 4319628.293, 140
Trd, 4319628.443, 136
Trd, 4319628.743, 139
Trd, 4319629.593, 138
Trd, 4319630.193, 140
Trd, 4319632.293, 140
Trd, 4319633.393, 140
Trd, 4319634.843, 140
Trd, 4319634.893, 140
Trd, 4319635.243, 140
Trd, 4319635.543, 139
Trd, 4319639.543, 140
Trd, 4319640.293, 140
Trd, 4319640.843, 140
Trd, 4319641.543, 140
Trd, 4319642.643, 140
Trd, 4319643.543, 140
Trd, 4319643.793, 140
Trd, 4319644.993, 140
Trd, 4319646.893, 140
Trd, 4319647.243, 140
Trd, 4319647.843, 140
Trd, 4319648.843, 140
Trd, 4319649.643, 140
Trd, 4319650.093, 140
Trd, 4319650.143, 138
Trd, 4319650.893, 120
Trd, 4319651.893, 140
Trd, 4319653.493, 140
Trd, 4319653.543, 138
Trd, 4319654.743, 140
Trd, 4319655.743, 140
Trd, 4319656.543, 140
Trd, 4319657.043, 140
Trd, 4319657.243, 140
Trd, 4319657.793, 135
Trd, 4319657.993, 134
Trd, 4319659.093, 140
Trd, 4319659.243, 140
Trd, 4319659.693, 140
Trd, 4319661.893, 140
Trd, 4319662.193, 139
Trd, 4319662.993, 140
Trd, 4319663.893, 140
Trd, 4319664.143, 136
Trd, 4319664.643, 128
Trd, 4319664.743, 127
Trd, 4319665.393, 140
Trd, 4319666.843, 140
Trd, 4319667.043, 140
Trd, 4319667.343, 138
Trd, 4319668.943, 140
Trd, 4319669.693, 140
Trd, 4319670.043, 139
Trd, 4319670.893, 134
Trd, 4319670.993, 135
Trd, 4319671.793, 138
Trd, 4319672.093, 136
Trd, 4319672.493, 135
Trd, 4319672.743, 117
Trd, 4319673.493, 60
Trd, 4319674.243, 101
Trd, 4319676.793, 140
Trd, 4319678.293, 140
Trd, 4319678.793, 140
Trd, 4319678.943, 140
Trd, 4319679.593, 134
Trd, 4319679.693, 129
Trd, 4319679.793, 124
Trd, 4319680.493, 139
Trd, 4319681.793, 63
Trd, 4319682.593, 62
Trd, 4319682.843, 64
Trd, 4319683.293, 61
Trd, 4319684.093, 63
Trd, 4319684.243, 70
Trd, 4319686.943, 140
Trd, 4319686.993, 140
Trd, 4319688.143, 140
Trd, 4319689.793, 140
Trd, 4319689.843, 140
Trd, 4319691.043, 140
Trd, 4319691.643, 140
Trd, 4319692.193, 140
Trd, 4319693.443, 140
Trd, 4319694.393, 140
Trd, 4319694.643, 139
Trd, 4319695.143, 139
Trd, 4319695.193, 137
Trd, 4319695.643, 138
Trd, 4319696.593, 140
Trd, 4319697.593, 140
Trd, 4319698.743, 140
Trd, 4319698.843, 140
Trd, 4319699.893, 140
Trd, 4319700.643, 140
Trd, 4319701.143, 139
Trd, 4319702.443, 140
Trd, 4319702.743, 140
Trd, 4319703.593, 140
Trd, 4319704.493, 140
Trd, 4319705.743, 140
Trd, 4319705.893, 122
Trd, 4319707.343, 140
Trd, 4319707.843, 140
Trd, 4319708.293, 140
Trd, 4319708.343, 139
Trd, 4319709.293, 140
Trd, 4319709.443, 140
Trd, 4319711.143, 140
Trd, 4319712.343, 140
Trd, 4319712.893, 140
Trd, 4319713.193, 139
Trd, 4319714.143, 138
Trd, 4319714.543, 140
Trd, 4319715.993, 121
Trd, 4319717.193, 122
Trd, 4319718.443, 140
Trd, 4319718.593, 139
Trd, 4319719.793, 128
Trd, 4319719.893, 140
Trd, 4319722.193, 140
Trd, 4319724.443, 140
Trd, 4319724.843, 140
Trd, 4319725.093, 140
Trd, 4319725.743, 139
Trd, 4319725.793, 139
Trd, 4319728.343, 140
Trd, 4319728.643, 140
Trd, 4319728.743, 139
Trd, 4319728.943, 137
Trd, 4319729.893, 138
Trd, 4319731.193, 140
Trd, 4319732.043, 138
Trd, 4319732.493, 138
Trd, 4319733.093, 138
Trd, 4319733.993, 138
Trd, 4319734.843, 139
Trd, 4319735.493, 140
Trd, 4319737.443, 140
Trd, 4319738.743, 140
Trd, 4319739.843, 140
Trd, 4319740.093, 140
Trd, 4319740.493, 139
Trd, 4319741.693, 136
Trd, 4319742.093, 140
Trd, 4319742.943, 140
Trd, 4319743.043, 140
Trd, 4319745.593, 140
Trd, 4319746.693, 140
Trd, 4319746.893, 140
Trd, 4319747.093, 140
Trd, 4319747.543, 140
Trd, 4319748.693, 139
Trd, 4319749.043, 137
Trd, 4319749.743, 140
Trd, 4319750.093, 139
Trd, 4319750.243, 84
Trd, 4319750.793, 61
Trd, 4319751.843, 60
Trd, 4319752.893, 60
Trd, 4319753.543, 60
Trd, 4319753.693, 60
Trd, 4319754.293, 64
Trd, 4319755.343, 63
Trd, 4319755.393, 64
Trd, 4319757.343, 60
Trd, 4319757.843, 61
Trd, 4319758.093, 63
Trd, 4319758.593, 68
Trd, 4319758.943, 68
Trd, 4319758.993, 69
Trd, 4319759.143, 73
Trd, 4319759.343, 101
Trd, 4319760.293, 140
Trd, 4319761.393, 70
Trd, 4319761.643, 79
Trd, 4319761.793, 139
Trd, 4319762.843, 70
Trd, 4319764.943, 140
Trd, 4319765.193, 139
Trd, 4319765.743, 138
Trd, 4319767.743, 140
Trd, 4319768.143, 138
Trd, 4319768.493, 136
Trd, 4319769.393, 140
Trd, 4319771.493, 140
Trd, 4319771.593, 140
Trd, 4319772.493, 140
Trd, 4319773.443, 137
Trd, 4319774.743, 140
Trd, 4319774.893, 139
Trd, 4319775.343, 139
Trd, 4319777.093, 140
Trd, 4319777.193, 139
Trd, 4319777.443, 139
Trd, 4319780.593, 140
Trd, 4319780.643, 140
Trd, 4319781.343, 140
Trd, 4319782.593, 140
Trd, 4319783.093, 140
Trd, 4319783.693, 140
Trd, 4319784.293, 139
Trd, 4319785.243, 140
Trd, 4319785.543, 140
Trd, 4319787.443, 140
Trd, 4319787.843, 139
Trd, 4319788.243, 138
Trd, 4319790.493, 140
Trd, 4319791.793, 140
Trd, 4319792.543, 140
Trd, 4319792.793, 140
Trd, 4319793.643, 140
Trd, 4319794.093, 140
Trd, 4319794.593, 140
Trd, 4319794.743, 139
Trd, 4319795.243, 140
Trd, 4319796.993, 139
Trd, 4319797.043, 137
Trd, 4319797.243, 120
Trd, 4319797.593, 123
Trd, 4319797.993, 115
Trd, 4319798.143, 114
Trd, 4319801.043, 140
Trd, 4319801.543, 140
Trd, 4319801.693, 140
Trd, 4319804.143, 140
Trd, 4319805.643, 140
Trd, 4319806.243, 140
Trd, 4319806.793, 140
Trd, 4319807.343, 140
Trd, 4319808.993, 140
Trd, 4319809.743, 138
Trd, 4319809.843, 137
Trd, 4319811.393, 140
Trd, 4319811.643, 139
Trd, 4319813.043, 140
Trd, 4319813.143, 140
Trd, 4319813.193, 138
Trd, 4319813.293, 138
Trd, 4319814.193, 94
Trd, 4319816.293, 140
Trd, 4319816.843, 140
Trd, 4319816.943, 139
Trd, 4319817.143, 138
Trd, 4319817.843, 140
Trd, 4319817.993, 140
Trd, 4319819.643, 140
Trd, 4319820.093, 140
Trd, 4319820.593, 140
Trd, 4319820.843, 140
Trd, 4319821.093, 140
Trd, 4319821.243, 121
Trd, 4319821.893, 89
Trd, 4319824.243, 140
Trd, 4319825.243, 140
Trd, 4319825.993, 139
Trd, 4319827.743, 140
Trd, 4319827.893, 140
Trd, 4319828.793, 140
Trd, 4319828.893, 140
Trd, 4319829.543, 139
Trd, 4319830.593, 140
Trd, 4319831.093, 139
Trd, 4319831.893, 139
Trd, 4319832.443, 139
Trd, 4319833.093, 124
Trd, 4319833.793, 126
Trd, 4319833.893, 134
Trd, 4319836.143, 140
Trd, 4319837.543, 140
Trd, 4319837.643, 140
Trd, 4319838.993, 140
Trd, 4319839.093, 140
Trd, 4319839.293, 140
Trd, 4319840.693, 140
Trd, 4319841.043, 120
Trd, 4319842.443, 140
Trd, 4319844.593, 139
Trd, 4319845.643, 140
Trd, 4319847.143, 140
Trd, 4319847.343, 140
Trd, 4319848.193, 140
Trd, 4319848.643, 140
Trd, 4319848.893, 138
Trd, 4319850.193, 140
Trd, 4319850.643, 140
Trd, 4319852.193, 132
Trd, 4319852.343, 136
Trd, 4319852.443, 138
Trd, 4319853.093, 138
Trd, 4319853.343, 137
Trd, 4319853.843, 70
Trd, 4319854.493, 60
Trd, 4319854.743, 60
Trd, 4319855.893, 60
Trd, 4319856.093, 62
Trd, 4319856.193, 66
Trd, 4319857.393, 140
Trd, 4319858.043, 140
Trd, 4319858.493, 140
Trd, 4319859.643, 140
Trd, 4319861.293, 140
Trd, 4319862.193, 140
Trd, 4319862.893, 140
Trd, 4319865.143, 140
Trd, 4319865.343, 140
Trd, 4319866.593, 140
Trd, 4319867.443, 140
Trd, 4319868.343, 140
Trd, 4319870.293, 140
Trd, 4319870.693, 140
Trd, 4319871.343, 140
Trd, 4319871.493, 140
Trd, 4319873.243, 140
Trd, 4319874.243, 140
Trd, 4319875.443, 140
Trd, 4319876.943, 140
Trd, 4319877.443, 140
Trd, 4319877.493, 140
Trd, 4319877.693, 139
Trd, 4319879.643, 139
Trd, 4319880.793, 140
Trd, 4319880.843, 140
Trd, 4319881.493, 139
Trd, 4319881.593, 139
Trd, 4319882.193, 140
Trd, 4319882.443, 140
Trd, 4319883.593, 140
Trd, 4319886.293, 133
Trd, 4319886.493, 135
Trd, 4319886.893, 115
Trd, 4319887.643, 123
Trd, 4319887.843, 97
Trd, 4319888.343, 77
Trd, 4319888.493, 79
Trd, 4319888.693, 135
Trd, 4319890.293, 130
Trd, 4319890.393, 136
Trd, 4319891.043, 61
Trd, 4319891.143, 71
Trd, 4319892.493, 135
Trd, 4319892.793, 69
Trd, 4319893.543, 140
Trd, 4319894.143, 140
Trd, 4319895.593, 140
Trd, 4319896.443, 140
Trd, 4319896.543, 140
Trd, 4319897.743, 140
Trd, 4319897.843, 138
Trd, 4319898.693, 134
Trd, 4319901.243, 140
Trd, 4319901.543, 140
Trd, 4319901.793, 138
Trd, 4319902.443, 139
Trd, 4319902.893, 140
Trd, 4319903.743, 140
Trd, 4319904.943, 140
Trd, 4319905.943, 140
Trd, 4319907.543, 140
Trd, 4319907.943, 140
Trd, 4319908.093, 140
Trd, 4319908.893, 139
Trd, 4319910.893, 140
Trd, 4319910.993, 139
Trd, 4319912.193, 140
Trd, 4319912.243, 137
Trd, 4319914.193, 140
Trd, 4319915.743, 140
Trd, 4319916.243, 140
Trd, 4319918.593, 140
Trd, 4319918.693, 140
Trd, 4319918.743, 140
Trd, 4319918.893, 140
Trd, 4319919.443, 138
Trd, 4319921.293, 140
Trd, 4319921.443, 139
Trd, 4319922.393, 107
Trd, 4319922.943, 62
Trd, 4319924.243, 140
Trd, 4319925.843, 140
Trd, 4319925.893, 140
Trd, 4319926.393, 140
Trd, 4319927.793, 140
Trd, 4319928.843, 139
Trd, 4319929.443, 139
Trd, 4319931.743, 140
Trd, 4319933.043, 140
Trd, 4319934.443, 140
Trd, 4319934.493, 140
Trd, 4319935.943, 140
Trd, 4319936.643, 140
Trd, 4319937.393, 140
Trd, 4319937.593, 137
Trd, 4319938.693, 140
Trd, 4319938.993, 140
Trd, 4319939.043, 139
Trd, 4319941.343, 140
Trd, 4319942.093, 140
Trd, 4319942.893, 140
Trd, 4319943.543, 140
Trd, 4319943.743, 140
Trd, 4319943.943, 140
Trd, 4319944.443, 124
Trd, 4319945.243, 140
Trd, 4319945.643, 140
Trd, 4319946.093, 139
Trd, 4319946.743, 140
Trd, 4319947.643, 140
Trd, 4319948.743, 140
Trd, 4319949.243, 140
Trd, 4319949.793, 140
Trd, 4319950.843, 140
Trd, 4319950.943, 140
Trd, 4319951.193, 139
Trd, 4319952.293, 104
Trd, 4319952.393, 135
Trd, 4319952.943, 130
Trd, 4319953.593, 131
Trd, 4319954.193, 130
Trd, 4319954.443, 133
Trd, 4319955.743, 114
Trd, 4319956.393, 133
Trd, 4319957.193, 120
Trd, 4319957.243, 139
Trd, 4319957.743, 139
Trd, 4319958.343, 140
Trd, 4319960.293, 131
Trd, 4319961.143, 110
Trd, 4319961.293, 71
Trd, 4319961.393, 123
Trd, 4319962.993, 125
Trd, 4319963.893, 140
Trd, 4319965.243, 140
Trd, 4319965.793, 140
Trd, 4319966.243, 140
Trd, 4319966.543, 128
Trd, 4319967.643, 140
Trd, 4319968.243, 140
Trd, 4319969.443, 140
Trd, 4319970.893, 140
Trd, 4319971.343, 140
Trd, 4319971.843, 136
Trd, 4319973.943, 140
Trd, 4319974.243, 139
Trd, 4319975.293, 140
Trd, 4319975.393, 140
Trd, 4319976.643, 140
Trd, 4319978.343, 140
Trd, 4319979.143, 140
Trd, 4319979.643, 140
Trd, 4319979.743, 140
Trd, 4319979.993, 140
Trd, 4319980.143, 139
Trd, 4319980.343, 82
Trd, 4319981.443, 128
Trd, 4319982.243, 133
Trd, 4319982.593, 60
Trd, 4319983.393, 65
Trd, 4319983.493, 69
Trd, 4319984.243, 60
Trd, 4319985.593, 60
Trd, 4319986.393, 61
Trd, 4319986.543, 106
Trd, 4319986.843, 136
Trd, 4319987.143, 135
Trd, 4319987.593, 101
Trd, 4319988.293, 135
Trd, 4319989.193, 139
Trd, 4319989.543, 139
Trd, 4319990.293, 139
Trd, 4319990.793, 134
Trd, 4319991.543, 115
Trd, 4319991.943, 139
Trd, 4319993.243, 140
Trd, 4319994.143, 140
Trd, 4319994.193, 140
Trd, 4319994.343, 134
Trd, 4319994.393, 121
Trd, 4319995.693, 140
Trd, 4319996.143, 140
Trd, 4319997.293, 140
Trd, 4319998.543, 140
Trd, 4319998.643, 140
Trd, 4319998.793, 140
Trd, 4319999.343, 139
