Trd, 4318162.593, 66
Trd, 4318162.793, 93
Trd, 4318163.093, 64
Trd, 4318163.593, 77
Trd, 4318163.693, 92
Trd, 4318164.293, 71
Trd, 4318164.843, 117
Trd, 4318165.293, 69
Trd, 4318167.143, 62
Trd, 4318167.993, 60
Trd, 4318168.193, 63
Trd, 4318168.493, 70
Trd, 4318169.743, 70
Trd, 4318170.443, 115
Trd, 4318173.143, 61
Trd, 4318173.243, 61
Trd, 4318174.643, 63
Trd, 4318174.843, 62
Trd, 4318175.543, 60
Trd, 4318176.243, 61
Trd, 4318177.243, 75
Trd, 4318177.643, 140
Trd, 4318177.743, 137
Trd, 4318178.793, 122
Trd, 4318178.893, 110
Trd, 4318179.893, 108
Trd, 4318180.043, 93
Trd, 4318180.343, 67
Trd, 4318181.193, 61
Trd, 4318181.993, 91
Trd, 4318182.293, 105
Trd, 4318183.243, 71
Trd, 4318184.893, 75
Trd, 4318185.093, 65
Trd, 4318185.743, 62
Trd, 4318186.143, 63
Trd, 4318187.793, 96
Trd, 4318187.843, 84
Trd, 4318188.243, 110
Trd, 4318188.593, 111
Trd, 4318188.743, 96
Trd, 4318190.293, 134
Trd, 4318190.343, 89
Trd, 4318190.843, 92
Trd, 4318191.643, 140
Trd, 4318192.093, 140
Trd, 4318192.643, 139
Trd, 4318193.693, 122
Trd, 4318194.843, 136
Trd, 4318194.993, 136
Trd, 4318195.343, 104
Trd, 4318196.143, 96
Trd, 4318197.143, 91
Trd, 4318197.343, 140
Trd, 4318198.093, 121
Trd, 4318198.793, 117
Trd, 4318200.343, 119
Trd, 4318200.643, 139
Trd, 4318200.693, 137
Trd, 4318200.843, 107
Trd, 4318202.343, 77
Trd, 4318203.593, 140
Trd, 4318203.643, 140
Trd, 4318204.393, 139
Trd, 4318204.993, 138
Trd, 4318205.343, 123
Trd, 4318205.893, 119
Trd, 4318206.393, 138
Trd, 4318207.143, 103
Trd, 4318207.693, 96
Trd, 4318207.993, 126
Trd, 4318208.393, 115
Trd, 4318209.643, 102
Trd, 4318209.893, 102
Trd, 4318210.143, 84
Trd, 4318211.543, 140
Trd, 4318211.793, 83
Trd, 4318211.893, 74
Trd, 4318213.043, 72
Trd, 4318214.043, 62
Trd, 4318215.093, 91
Trd, 4318215.193, 76
Trd, 4318215.343, 112
Trd, 4318215.793, 140
Trd, 4318216.293, 88
Trd, 4318217.643, 130
Trd, 4318218.093, 129
Trd, 4318218.593, 89
Trd, 4318218.893, 134
Trd, 4318219.393, 138
Trd, 4318220.043, 140
Trd, 4318221.143, 133
Trd, 4318221.693, 98
Trd, 4318222.243, 103
Trd, 4318222.393, 106
Trd, 4318222.693, 81
Trd, 4318223.543, 102
Trd, 4318224.243, 83
Trd, 4318225.293, 139
Trd, 4318225.943, 119
Trd, 4318226.643, 139
Trd, 4318227.143, 136
Trd, 4318227.543, 112
Trd, 4318228.343, 62
Trd, 4318228.493, 71
Trd, 4318229.293, 105
Trd, 4318230.143, 140
Trd, 4318230.193, 104
Trd, 4318230.843, 119
Trd, 4318232.043, 139
Trd, 4318232.293, 135
Trd, 4318233.193, 125
Trd, 4318233.343, 114
Trd, 4318234.143, 137
Trd, 4318234.993, 120
Trd, 4318235.693, 113
Trd, 4318236.993, 130
Trd, 4318237.393, 128
Trd, 4318237.493, 136
Trd, 4318237.543, 110
Trd, 4318237.643, 104
Trd, 4318238.493, 61
Trd, 4318240.943, 88
Trd, 4318241.343, 111
Trd, 4318242.143, 79
Trd, 4318242.993, 120
Trd, 4318243.043, 81
Trd, 4318243.693, 97
Trd, 4318244.893, 139
Trd, 4318245.093, 114
Trd, 4318245.493, 76
Trd, 4318247.243, 111
Trd, 4318248.043, 108
Trd, 4318248.093, 103
Trd, 4318248.443, 140
Trd, 4318249.243, 113
Trd, 4318250.193, 106
Trd, 4318250.443, 101
Trd, 4318251.693, 80
Trd, 4318252.093, 113
Trd, 4318252.493, 95
Trd, 4318252.593, 94
Trd, 4318254.243, 67
Trd, 4318254.893, 64
Trd, 4318256.293, 140
Trd, 4318256.793, 140
Trd, 4318256.893, 138
Trd, 4318257.143, 123
Trd, 4318257.993, 60
Trd, 4318258.443, 62
Trd, 4318258.993, 137
Trd, 4318259.393, 73
Trd, 4318261.193, 140
Trd, 4318261.393, 138
Trd, 4318263.343, 140
Trd, 4318263.443, 138
Trd, 4318263.993, 135
Trd, 4318264.693, 118
Trd, 4318264.793, 95
Trd, 4318265.043, 74
Trd, 4318265.943, 66
Trd, 4318266.543, 140
Trd, 4318266.943, 75
Trd, 4318268.293, 89
Trd, 4318268.843, 88
Trd, 4318269.843, 62
Trd, 4318269.993, 118
Trd, 4318270.143, 66
Trd, 4318271.143, 102
Trd, 4318271.643, 130
Trd, 4318271.893, 81
Trd, 4318272.143, 78
Trd, 4318273.893, 130
Trd, 4318273.993, 129
Trd, 4318274.343, 139
Trd, 4318275.693, 87
Trd, 4318276.043, 67
Trd, 4318277.193, 93
Trd, 4318277.693, 109
Trd, 4318278.043, 64
Trd, 4318279.243, 74
Trd, 4318279.643, 107
Trd, 4318280.643, 139
Trd, 4318281.793, 60
Trd, 4318281.893, 64
Trd, 4318282.543, 62
Trd, 4318283.593, 60
Trd, 4318284.443, 69
Trd, 4318285.343, 66
Trd, 4318285.943, 64
Trd, 4318286.393, 66
Trd, 4318287.493, 63
Trd, 4318287.543, 68
Trd, 4318288.343, 60
Trd, 4318288.593, 76
Trd, 4318289.843, 62
Trd, 4318289.893, 64
Trd, 4318290.643, 86
Trd, 4318291.243, 111
Trd, 4318291.593, 60
Trd, 4318292.893, 69
Trd, 4318293.243, 60
Trd, 4318293.543, 99
Trd, 4318294.843, 139
Trd, 4318294.943, 116
Trd, 4318295.193, 85
Trd, 4318295.893, 79
Trd, 4318296.993, 125
Trd, 4318297.093, 92
Trd, 4318297.193, 83
Trd, 4318298.393, 139
Trd, 4318299.143, 64
Trd, 4318300.693, 140
Trd, 4318301.293, 140
Trd, 4318301.743, 140
Trd, 4318302.043, 114
Trd, 4318302.943, 71
Trd, 4318303.243, 120
Trd, 4318304.193, 63
Trd, 4318304.643, 71
Trd, 4318305.143, 92
Trd, 4318305.593, 74
Trd, 4318306.343, 140
Trd, 4318307.443, 140
Trd, 4318308.893, 140
Trd, 4318308.993, 139
Trd, 4318309.143, 116
Trd, 4318310.343, 136
Trd, 4318310.593, 114
Trd, 4318310.943, 101
Trd, 4318311.143, 74
Trd, 4318312.143, 91
Trd, 4318312.893, 140
Trd, 4318313.693, 140
Trd, 4318313.993, 138
Trd, 4318314.193, 99
Trd, 4318314.743, 98
Trd, 4318315.643, 76
Trd, 4318316.243, 73
Trd, 4318316.893, 60
Trd, 4318316.993, 63
Trd, 4318318.843, 62
Trd, 4318319.393, 64
Trd, 4318319.943, 140
Trd, 4318320.143, 140
Trd, 4318320.893, 119
Trd, 4318321.743, 140
Trd, 4318322.093, 114
Trd, 4318322.643, 135
Trd, 4318322.843, 78
Trd, 4318324.043, 107
Trd, 4318324.193, 131
Trd, 4318324.943, 97
Trd, 4318325.293, 69
Trd, 4318326.993, 61
Trd, 4318327.643, 65
Trd, 4318328.193, 78
Trd, 4318328.643, 79
Trd, 4318328.993, 86
Trd, 4318329.343, 105
Trd, 4318330.043, 77
Trd, 4318330.793, 140
Trd, 4318330.993, 140
Trd, 4318331.143, 115
Trd, 4318332.343, 60
Trd, 4318333.193, 85
Trd, 4318333.493, 74
Trd, 4318334.143, 87
Trd, 4318335.643, 139
Trd, 4318335.893, 140
Trd, 4318336.993, 138
Trd, 4318337.343, 137
Trd, 4318337.743, 136
Trd, 4318337.793, 100
Trd, 4318338.143, 81
Trd, 4318338.243, 71
Trd, 4318340.143, 139
Trd, 4318340.793, 138
Trd, 4318341.043, 131
Trd, 4318341.743, 105
Trd, 4318342.843, 67
Trd, 4318343.043, 70
Trd, 4318343.643, 61
Trd, 4318343.743, 69
Trd, 4318344.443, 139
Trd, 4318346.093, 140
Trd, 4318346.243, 104
Trd, 4318346.643, 92
Trd, 4318347.043, 114
Trd, 4318347.243, 106
Trd, 4318347.643, 92
Trd, 4318347.693, 112
Trd, 4318348.343, 115
Trd, 4318348.493, 64
Trd, 4318350.793, 140
Trd, 4318350.843, 138
Trd, 4318350.943, 139
Trd, 4318350.993, 126
Trd, 4318351.943, 64
Trd, 4318352.143, 72
Trd, 4318353.893, 61
Trd, 4318354.993, 105
Trd, 4318355.393, 95
Trd, 4318356.393, 62
Trd, 4318357.243, 139
Trd, 4318357.293, 138
Trd, 4318358.943, 80
Trd, 4318359.093, 78
Trd, 4318361.043, 70
Trd, 4318361.193, 72
Trd, 4318361.743, 64
Trd, 4318362.193, 79
Trd, 4318363.493, 65
Trd, 4318363.843, 74
Trd, 4318363.993, 118
Trd, 4318364.743, 101
Trd, 4318365.143, 74
Trd, 4318365.293, 69
Trd, 4318365.893, 65
Trd, 4318366.193, 66
Trd, 4318367.143, 61
Trd, 4318368.343, 81
Trd, 4318368.643, 83
Trd, 4318368.793, 62
Trd, 4318369.643, 62
Trd, 4318369.843, 66
Trd, 4318371.093, 64
Trd, 4318372.293, 60
Trd, 4318372.493, 113
Trd, 4318372.693, 104
Trd, 4318373.743, 83
Trd, 4318373.993, 89
Trd, 4318374.443, 82
Trd, 4318375.093, 140
Trd, 4318375.443, 123
Trd, 4318376.193, 70
Trd, 4318376.593, 84
Trd, 4318377.193, 68
Trd, 4318377.993, 74
Trd, 4318378.943, 78
Trd, 4318379.043, 72
Trd, 4318379.593, 65
Trd, 4318380.793, 139
Trd, 4318382.543, 137
Trd, 4318383.493, 140
Trd, 4318383.793, 140
Trd, 4318384.743, 140
Trd, 4318384.893, 113
Trd, 4318385.093, 140
Trd, 4318385.743, 96
Trd, 4318386.093, 107
Trd, 4318386.343, 72
Trd, 4318387.143, 136
Trd, 4318387.343, 72
Trd, 4318388.343, 136
Trd, 4318388.693, 105
Trd, 4318389.043, 111
Trd, 4318389.893, 78
Trd, 4318390.243, 110
Trd, 4318390.843, 92
Trd, 4318391.093, 81
Trd, 4318392.493, 140
Trd, 4318392.543, 140
Trd, 4318392.993, 140
Trd, 4318393.993, 139
Trd, 4318394.193, 114
Trd, 4318394.643, 131
Trd, 4318395.143, 76
Trd, 4318395.893, 140
Trd, 4318397.643, 139
Trd, 4318397.943, 138
Trd, 4318398.293, 126
Trd, 4318398.893, 123
Trd, 4318399.843, 108
Trd, 4318400.343, 104
Trd, 4318400.843, 117
Trd, 4318400.993, 139
Trd, 4318401.493, 109
Trd, 4318401.993, 83
Trd, 4318404.593, 86
Trd, 4318405.693, 126
Trd, 4318405.843, 110
Trd, 4318406.043, 84
Trd, 4318406.243, 82
Trd, 4318406.943, 74
Trd, 4318407.143, 104
Trd, 4318408.993, 61
Trd, 4318409.693, 62
Trd, 4318410.793, 135
Trd, 4318411.443, 71
Trd, 4318412.243, 68
Trd, 4318412.493, 72
Trd, 4318414.343, 60
Trd, 4318414.943, 66
Trd, 4318415.643, 63
Trd, 4318415.843, 110
Trd, 4318416.343, 110
Trd, 4318417.193, 87
Trd, 4318417.543, 85
Trd, 4318417.793, 78
Trd, 4318418.443, 105
Trd, 4318418.893, 66
Trd, 4318419.893, 140
Trd, 4318420.593, 73
Trd, 4318421.043, 82
Trd, 4318421.643, 81
Trd, 4318422.193, 76
Trd, 4318422.743, 76
Trd, 4318423.593, 91
Trd, 4318424.643, 95
Trd, 4318424.993, 66
Trd, 4318425.193, 127
Trd, 4318426.493, 63
Trd, 4318427.543, 140
Trd, 4318427.843, 64
Trd, 4318428.193, 78
Trd, 4318429.993, 72
Trd, 4318430.343, 101
Trd, 4318431.043, 140
Trd, 4318431.343, 140
Trd, 4318432.343, 140
Trd, 4318432.693, 134
Trd, 4318432.943, 115
Trd, 4318433.793, 140
Trd, 4318434.043, 88
Trd, 4318435.093, 86
Trd, 4318436.043, 131
Trd, 4318437.493, 101
Trd, 4318438.543, 139
Trd, 4318439.343, 128
Trd, 4318439.893, 135
Trd, 4318440.143, 128
Trd, 4318440.843, 118
Trd, 4318440.893, 111
Trd, 4318440.993, 88
Trd, 4318442.243, 140
Trd, 4318442.493, 83
Trd, 4318442.693, 74
Trd, 4318444.693, 91
Trd, 4318444.793, 89
Trd, 4318445.743, 82
Trd, 4318446.643, 83
Trd, 4318447.243, 138
Trd, 4318447.443, 101
Trd, 4318448.643, 134
Trd, 4318449.093, 122
Trd, 4318449.143, 109
Trd, 4318449.193, 89
Trd, 4318450.193, 61
Trd, 4318450.443, 131
Trd, 4318451.843, 70
Trd, 4318451.943, 71
Trd, 4318453.943, 83
Trd, 4318454.043, 100
Trd, 4318454.293, 138
Trd, 4318454.793, 119
Trd, 4318455.243, 137
Trd, 4318456.043, 140
Trd, 4318456.193, 105
Trd, 4318456.593, 83
Trd, 4318457.343, 67
Trd, 4318457.893, 64
Trd, 4318459.793, 109
Trd, 4318460.243, 139
Trd, 4318460.543, 140
Trd, 4318460.893, 138
Trd, 4318461.343, 140
Trd, 4318461.443, 135
Trd, 4318461.693, 101
Trd, 4318461.943, 85
Trd, 4318462.993, 119
Trd, 4318464.193, 61
Trd, 4318465.293, 138
Trd, 4318465.393, 137
Trd, 4318466.293, 97
Trd, 4318466.593, 140
Trd, 4318467.143, 64
Trd, 4318467.643, 71
Trd, 4318467.943, 69
Trd, 4318469.093, 113
Trd, 4318471.493, 62
Trd, 4318472.193, 67
Trd, 4318472.243, 69
Trd, 4318472.743, 61
Trd, 4318472.793, 66
Trd, 4318474.193, 66
Trd, 4318474.543, 133
Trd, 4318474.593, 131
Trd, 4318475.693, 62
Trd, 4318476.343, 60
Trd, 4318476.743, 61
Trd, 4318477.143, 72
Trd, 4318477.793, 64
Trd, 4318477.943, 67
Trd, 4318479.343, 63
Trd, 4318479.643, 61
Trd, 4318479.843, 60
Trd, 4318481.393, 89
Trd, 4318482.843, 67
Trd, 4318483.293, 67
Trd, 4318484.443, 63
Trd, 4318484.943, 64
Trd, 4318486.893, 64
Trd, 4318487.293, 61
Trd, 4318487.493, 64
Trd, 4318488.343, 61
Trd, 4318488.893, 74
Trd, 4318489.643, 80
Trd, 4318489.793, 83
Trd, 4318490.443, 82
Trd, 4318490.843, 80
Trd, 4318491.743, 126
Trd, 4318493.293, 61
Trd, 4318493.943, 94
Trd, 4318494.093, 67
Trd, 4318494.593, 62
Trd, 4318494.943, 76
Trd, 4318495.393, 82
Trd, 4318496.243, 139
Trd, 4318496.693, 60
Trd, 4318497.743, 76
Trd, 4318499.043, 75
Trd, 4318499.243, 77
Trd, 4318499.493, 92
Trd, 4318499.993, 74
Trd, 4318500.593, 61
Trd, 4318500.993, 139
Trd, 4318502.693, 140
Trd, 4318503.243, 140
Trd, 4318503.393, 97
Trd, 4318505.193, 140
Trd, 4318505.693, 139
Trd, 4318506.143, 139
Trd, 4318507.293, 74
Trd, 4318508.193, 61
Trd, 4318508.243, 84
Trd, 4318508.643, 91
Trd, 4318509.493, 140
Trd, 4318509.893, 138
Trd, 4318510.043, 121
Trd, 4318510.243, 107
Trd, 4318511.543, 63
Trd, 4318512.593, 74
Trd, 4318513.093, 80
Trd, 4318514.043, 67
Trd, 4318514.443, 103
Trd, 4318514.643, 61
Trd, 4318516.343, 67
Trd, 4318517.293, 60
Trd, 4318517.893, 60
Trd, 4318518.493, 64
Trd, 4318518.943, 63
Trd, 4318520.143, 61
Trd, 4318520.293, 68
Trd, 4318521.243, 120
Trd, 4318521.643, 82
Trd, 4318522.243, 74
Trd, 4318523.143, 69
Trd, 4318524.143, 65
Trd, 4318524.643, 65
Trd, 4318524.993, 64
Trd, 4318525.343, 80
Trd, 4318525.643, 62
Trd, 4318526.243, 64
Trd, 4318527.993, 64
Trd, 4318529.643, 62
Trd, 4318530.593, 62
Trd, 4318530.743, 70
Trd, 4318531.043, 91
Trd, 4318531.593, 79
Trd, 4318531.643, 78
Trd, 4318532.993, 64
Trd, 4318533.793, 63
Trd, 4318533.943, 95
Trd, 4318535.043, 122
Trd, 4318535.393, 65
Trd, 4318536.493, 60
Trd, 4318537.043, 60
Trd, 4318537.293, 61
Trd, 4318537.693, 63
Trd, 4318538.293, 128
Trd, 4318539.543, 62
Trd, 4318540.393, 124
Trd, 4318540.643, 103
Trd, 4318541.693, 64
Trd, 4318541.943, 120
Trd, 4318543.193, 83
Trd, 4318543.243, 80
Trd, 4318543.343, 60
Trd, 4318544.343, 64
Trd, 4318545.393, 118
Trd, 4318546.043, 139
Trd, 4318546.593, 83
Trd, 4318547.143, 80
Trd, 4318547.793, 61
Trd, 4318548.443, 63
Trd, 4318550.343, 128
Trd, 4318550.393, 127
Trd, 4318550.443, 86
Trd, 4318551.543, 113
Trd, 4318552.343, 108
Trd, 4318552.693, 79
Trd, 4318552.893, 76
Trd, 4318553.293, 93
Trd, 4318553.343, 101
Trd, 4318554.393, 60
Trd, 4318555.143, 60
Trd, 4318556.243, 97
Trd, 4318556.493, 123
Trd, 4318556.943, 140
Trd, 4318557.893, 139
Trd, 4318558.043, 139
Trd, 4318559.593, 92
Trd, 4318559.793, 91
Trd, 4318561.293, 64
Trd, 4318561.693, 76
Trd, 4318562.193, 94
Trd, 4318562.443, 132
Trd, 4318562.493, 108
Trd, 4318564.593, 140
Trd, 4318564.693, 140
Trd, 4318565.693, 113
Trd, 4318566.443, 68
Trd, 4318566.493, 85
Trd, 4318567.043, 67
Trd, 4318568.893, 88
Trd, 4318570.043, 82
Trd, 4318570.493, 108
Trd, 4318570.543, 117
Trd, 4318571.493, 108
Trd, 4318571.693, 140
Trd, 4318572.243, 60
Trd, 4318573.043, 60
Trd, 4318574.093, 63
Trd, 4318574.993, 91
Trd, 4318575.193, 68
Trd, 4318575.793, 67
Trd, 4318576.643, 80
Trd, 4318577.243, 62
Trd, 4318578.043, 104
Trd, 4318578.893, 140
Trd, 4318579.093, 140
Trd, 4318579.193, 68
Trd, 4318579.693, 63
Trd, 4318581.043, 60
Trd, 4318581.243, 61
Trd, 4318581.793, 63
Trd, 4318581.943, 98
Trd, 4318582.693, 71
Trd, 4318583.943, 64
Trd, 4318584.343, 69
Trd, 4318585.143, 78
Trd, 4318586.093, 62
Trd, 4318586.943, 60
Trd, 4318587.493, 65
Trd, 4318587.743, 60
Trd, 4318589.943, 64
Trd, 4318590.343, 70
Trd, 4318590.693, 87
Trd, 4318591.393, 63
Trd, 4318591.593, 119
Trd, 4318592.293, 107
Trd, 4318592.693, 61
Trd, 4318594.193, 61
Trd, 4318594.993, 75
Trd, 4318595.643, 62
Trd, 4318596.093, 96
Trd, 4318596.693, 65
Trd, 4318596.943, 63
Trd, 4318597.143, 86
Trd, 4318598.943, 140
Trd, 4318598.993, 140
Trd, 4318599.093, 107
Trd, 4318599.643, 137
Trd, 4318599.743, 136
Trd, 4318599.993, 101
Trd, 4318601.293, 136
Trd, 4318601.443, 100
Trd, 4318603.093, 61
Trd, 4318603.593, 73
Trd, 4318605.543, 62
Trd, 4318605.793, 64
Trd, 4318607.093, 83
Trd, 4318607.843, 61
Trd, 4318608.493, 65
Trd, 4318609.693, 60
Trd, 4318611.043, 61
Trd, 4318611.593, 63
Trd, 4318611.943, 67
Trd, 4318612.493, 62
Trd, 4318613.043, 96
Trd, 4318613.843, 127
Trd, 4318613.993, 137
Trd, 4318615.393, 75
Trd, 4318615.693, 61
Trd, 4318616.793, 80
Trd, 4318616.893, 74
Trd, 4318617.293, 98
Trd, 4318618.593, 67
Trd, 4318618.943, 61
Trd, 4318619.343, 70
Trd, 4318619.843, 69
Trd, 4318620.593, 140
Trd, 4318621.443, 95
Trd, 4318622.043, 107
Trd, 4318623.193, 124
Trd, 4318623.593, 89
Trd, 4318623.643, 67
Trd, 4318624.543, 103
Trd, 4318624.993, 105
Trd, 4318625.043, 103
Trd, 4318626.493, 65
Trd, 4318627.243, 67
Trd, 4318627.543, 70
Trd, 4318628.093, 105
Trd, 4318629.493, 70
Trd, 4318629.693, 71
Trd, 4318630.143, 137
Trd, 4318630.393, 76
Trd, 4318630.843, 101
Trd, 4318632.843, 60
Trd, 4318633.743, 105
Trd, 4318635.193, 70
Trd, 4318635.343, 140
Trd, 4318636.193, 94
Trd, 4318637.093, 93
Trd, 4318637.393, 122
Trd, 4318638.743, 105
Trd, 4318639.493, 140
Trd, 4318639.943, 140
Trd, 4318640.143, 140
Trd, 4318640.293, 127
Trd, 4318641.593, 107
Trd, 4318641.793, 99
Trd, 4318643.243, 140
Trd, 4318643.343, 102
Trd, 4318643.893, 101
Trd, 4318644.243, 96
Trd, 4318645.743, 123
Trd, 4318646.093, 122
Trd, 4318646.593, 109
Trd, 4318647.293, 121
Trd, 4318647.593, 105
Trd, 4318648.393, 139
Trd, 4318649.393, 138
Trd, 4318649.943, 140
Trd, 4318650.393, 140
Trd, 4318651.343, 140
Trd, 4318651.543, 116
Trd, 4318651.643, 107
Trd, 4318652.393, 81
Trd, 4318653.293, 64
Trd, 4318654.243, 76
Trd, 4318654.743, 98
Trd, 4318655.793, 140
Trd, 4318656.093, 137
Trd, 4318656.543, 132
Trd, 4318657.693, 107
Trd, 4318658.293, 108
Trd, 4318658.693, 114
Trd, 4318659.043, 102
Trd, 4318659.343, 98
Trd, 4318660.943, 60
Trd, 4318661.393, 67
Trd, 4318662.393, 62
Trd, 4318663.793, 80
Trd, 4318664.293, 78
Trd, 4318664.893, 103
Trd, 4318665.043, 121
Trd, 4318665.743, 101
Trd, 4318665.993, 95
Trd, 4318666.093, 95
Trd, 4318666.843, 140
Trd, 4318667.043, 139
Trd, 4318667.543, 138
Trd, 4318668.093, 140
Trd, 4318669.243, 68
Trd, 4318669.843, 62
Trd, 4318670.693, 61
Trd, 4318671.493, 70
Trd, 4318672.043, 76
Trd, 4318673.143, 135
Trd, 4318673.443, 134
Trd, 4318674.293, 122
Trd, 4318674.543, 105
Trd, 4318674.793, 79
Trd, 4318675.493, 73
Trd, 4318675.893, 114
Trd, 4318676.493, 136
Trd, 4318677.793, 140
Trd, 4318677.843, 140
Trd, 4318679.043, 105
Trd, 4318679.593, 140
Trd, 4318679.943, 98
Trd, 4318681.443, 66
Trd, 4318682.243, 64
Trd, 4318683.093, 82
Trd, 4318683.243, 70
Trd, 4318684.243, 78
Trd, 4318684.593, 140
Trd, 4318684.893, 104
Trd, 4318686.043, 139
Trd, 4318686.293, 120
Trd, 4318687.443, 90
Trd, 4318688.343, 140
Trd, 4318688.693, 138
Trd, 4318689.093, 137
Trd, 4318689.143, 113
Trd, 4318693.343, 64
Trd, 4318693.593, 67
Trd, 4318693.693, 71
Trd, 4318693.943, 113
Trd, 4318694.493, 82
Trd, 4318695.443, 60
Trd, 4318695.493, 69
Trd, 4318696.143, 61
Trd, 4318696.243, 83
Trd, 4318697.193, 66
Trd, 4318698.243, 62
Trd, 4318699.193, 64
Trd, 4318699.293, 68
Trd, 4318699.643, 71
Trd, 4318700.043, 60
Trd, 4318702.093, 140
Trd, 4318702.393, 81
Trd, 4318703.093, 89
Trd, 4318704.293, 114
Trd, 4318704.793, 65
Trd, 4318704.893, 63
Trd, 4318706.193, 140
Trd, 4318706.243, 81
Trd, 4318706.443, 140
Trd, 4318707.593, 60
Trd, 4318709.293, 138
Trd, 4318709.793, 64
Trd, 4318710.193, 101
Trd, 4318710.593, 85
Trd, 4318711.043, 99
Trd, 4318711.293, 83
Trd, 4318712.043, 65
Trd, 4318712.843, 65
Trd, 4318714.343, 83
Trd, 4318715.343, 109
Trd, 4318716.693, 64
Trd, 4318716.743, 64
Trd, 4318717.143, 63
Trd, 4318718.093, 140
Trd, 4318718.843, 65
Trd, 4318719.343, 103
Trd, 4318719.543, 139
Trd, 4318720.443, 69
Trd, 4318720.693, 61
Trd, 4318721.543, 140
Trd, 4318721.793, 110
Trd, 4318722.693, 103
Trd, 4318723.043, 107
Trd, 4318723.293, 84
Trd, 4318724.043, 140
Trd, 4318726.693, 105
Trd, 4318727.293, 95
Trd, 4318727.443, 99
Trd, 4318728.543, 62
Trd, 4318729.593, 64
Trd, 4318730.193, 91
Trd, 4318730.443, 111
Trd, 4318730.843, 82
Trd, 4318731.493, 113
Trd, 4318731.993, 62
Trd, 4318733.293, 63
Trd, 4318734.293, 104
Trd, 4318734.543, 100
Trd, 4318734.643, 64
Trd, 4318736.193, 65
Trd, 4318736.593, 65
Trd, 4318737.143, 78
Trd, 4318737.943, 85
Trd, 4318738.993, 60
Trd, 4318739.743, 60
Trd, 4318739.943, 61
Trd, 4318741.243, 70
Trd, 4318741.343, 79
Trd, 4318742.593, 61
Trd, 4318743.143, 66
Trd, 4318744.343, 72
Trd, 4318744.943, 113
Trd, 4318744.993, 112
Trd, 4318745.343, 118
Trd, 4318746.693, 70
Trd, 4318747.443, 73
Trd, 4318747.743, 105
Trd, 4318748.743, 109
Trd, 4318748.843, 76
Trd, 4318749.843, 140
Trd, 4318749.943, 140
Trd, 4318751.043, 77
Trd, 4318751.793, 140
Trd, 4318752.243, 90
Trd, 4318752.343, 89
Trd, 4318753.043, 83
Trd, 4318753.593, 84
Trd, 4318754.643, 100
Trd, 4318755.543, 116
Trd, 4318756.793, 140
Trd, 4318757.493, 139
Trd, 4318757.743, 139
Trd, 4318758.493, 105
Trd, 4318759.143, 84
Trd, 4318760.843, 139
Trd, 4318761.293, 140
Trd, 4318761.693, 120
Trd, 4318761.943, 119
Trd, 4318762.993, 124
Trd, 4318763.093, 123
Trd, 4318763.193, 112
Trd, 4318765.643, 140
Trd, 4318765.893, 140
Trd, 4318765.943, 129
Trd, 4318766.043, 100
Trd, 4318766.493, 140
Trd, 4318766.793, 111
Trd, 4318767.043, 110
Trd, 4318768.143, 140
Trd, 4318769.043, 120
Trd, 4318769.443, 101
Trd, 4318769.493, 87
Trd, 4318771.043, 60
Trd, 4318772.193, 136
Trd, 4318772.443, 128
Trd, 4318773.143, 92
Trd, 4318773.693, 137
Trd, 4318774.193, 136
Trd, 4318774.443, 112
Trd, 4318775.393, 88
Trd, 4318775.593, 90
Trd, 4318776.793, 139
Trd, 4318777.043, 114
Trd, 4318777.443, 73
Trd, 4318778.043, 96
Trd, 4318778.793, 137
Trd, 4318779.243, 95
Trd, 4318779.843, 140
Trd, 4318780.893, 60
Trd, 4318782.493, 123
Trd, 4318782.593, 114
Trd, 4318782.693, 66
Trd, 4318783.193, 63
Trd, 4318783.643, 62
Trd, 4318784.343, 122
Trd, 4318784.593, 64
Trd, 4318785.293, 84
Trd, 4318786.293, 140
Trd, 4318787.143, 116
Trd, 4318787.743, 138
Trd, 4318788.243, 137
Trd, 4318788.393, 115
Trd, 4318789.493, 99
Trd, 4318789.693, 94
Trd, 4318791.143, 134
Trd, 4318791.243, 118
Trd, 4318791.593, 91
Trd, 4318791.993, 103
Trd, 4318793.093, 140
Trd, 4318793.293, 139
Trd, 4318794.043, 139
Trd, 4318794.343, 135
Trd, 4318796.693, 126
Trd, 4318796.743, 125
Trd, 4318797.293, 119
Trd, 4318798.243, 96
Trd, 4318798.793, 93
Trd, 4318799.493, 85
Trd, 4318800.193, 69
Trd, 4318800.293, 135
Trd, 4318801.343, 92
Trd, 4318802.393, 126
Trd, 4318802.893, 131
Trd, 4318803.793, 139
Trd, 4318804.493, 119
Trd, 4318804.543, 118
Trd, 4318804.893, 139
Trd, 4318806.493, 86
Trd, 4318806.893, 99
Trd, 4318807.493, 120
Trd, 4318808.143, 139
Trd, 4318808.643, 139
Trd, 4318808.693, 73
Trd, 4318810.343, 70
Trd, 4318811.293, 140
Trd, 4318811.493, 140
Trd, 4318812.193, 135
Trd, 4318812.443, 134
Trd, 4318812.893, 115
Trd, 4318814.043, 63
Trd, 4318814.593, 138
Trd, 4318815.893, 140
Trd, 4318816.043, 119
Trd, 4318816.243, 82
Trd, 4318816.493, 72
Trd, 4318818.893, 60
Trd, 4318819.043, 71
Trd, 4318819.593, 74
Trd, 4318820.493, 64
Trd, 4318820.793, 71
Trd, 4318821.193, 79
Trd, 4318822.793, 60
Trd, 4318823.093, 69
Trd, 4318824.693, 124
Trd, 4318824.843, 71
Trd, 4318825.943, 60
Trd, 4318826.593, 131
Trd, 4318827.143, 135
Trd, 4318827.643, 70
Trd, 4318828.093, 60
Trd, 4318828.593, 64
Trd, 4318829.593, 61
Trd, 4318831.393, 63
Trd, 4318831.543, 66
Trd, 4318832.393, 86
Trd, 4318832.793, 66
Trd, 4318833.043, 98
Trd, 4318833.093, 95
Trd, 4318833.443, 60
Trd, 4318833.493, 62
Trd, 4318833.693, 95
Trd, 4318834.093, 104
Trd, 4318836.593, 140
Trd, 4318836.943, 76
Trd, 4318837.993, 99
Trd, 4318838.043, 91
Trd, 4318838.293, 90
Trd, 4318838.393, 86
Trd, 4318839.743, 62
Trd, 4318839.793, 87
Trd, 4318840.943, 115
Trd, 4318841.143, 114
Trd, 4318841.193, 101
Trd, 4318841.843, 95
Trd, 4318842.743, 65
Trd, 4318843.393, 135
Trd, 4318845.943, 139
Trd, 4318845.993, 138
Trd, 4318846.743, 102
Trd, 4318846.993, 85
Trd, 4318847.393, 117
Trd, 4318847.693, 87
Trd, 4318848.193, 90
Trd, 4318849.143, 137
Trd, 4318849.343, 136
Trd, 4318850.643, 140
Trd, 4318852.293, 83
Trd, 4318852.443, 81
Trd, 4318852.693, 80
Trd, 4318853.043, 120
Trd, 4318853.543, 122
Trd, 4318853.793, 87
Trd, 4318854.443, 61
Trd, 4318855.093, 60
Trd, 4318855.743, 85
Trd, 4318855.993, 103
Trd, 4318856.743, 139
Trd, 4318857.143, 76
Trd, 4318857.343, 98
Trd, 4318859.143, 106
Trd, 4318859.693, 98
Trd, 4318860.793, 124
Trd, 4318861.193, 119
Trd, 4318861.493, 140
Trd, 4318862.443, 75
Trd, 4318863.193, 100
Trd, 4318863.243, 99
Trd, 4318863.543, 71
Trd, 4318864.443, 60
Trd, 4318865.793, 60
Trd, 4318867.243, 73
Trd, 4318868.243, 62
Trd, 4318868.893, 60
Trd, 4318870.393, 62
Trd, 4318870.693, 65
Trd, 4318871.193, 64
Trd, 4318871.393, 77
Trd, 4318871.693, 63
Trd, 4318872.093, 76
Trd, 4318872.143, 95
Trd, 4318873.043, 119
Trd, 4318874.043, 83
Trd, 4318874.593, 112
Trd, 4318875.143, 63
Trd, 4318876.343, 140
Trd, 4318876.543, 140
Trd, 4318876.693, 140
Trd, 4318877.093, 89
Trd, 4318877.943, 83
Trd, 4318878.393, 84
Trd, 4318879.593, 111
Trd, 4318879.943, 77
Trd, 4318881.443, 61
Trd, 4318881.593, 69
Trd, 4318881.893, 94
Trd, 4318882.843, 61
Trd, 4318883.693, 73
Trd, 4318883.743, 81
Trd, 4318884.243, 71
Trd, 4318886.093, 103
Trd, 4318886.293, 82
Trd, 4318887.943, 139
Trd, 4318887.993, 138
Trd, 4318888.093, 86
Trd, 4318888.793, 140
Trd, 4318888.943, 113
Trd, 4318889.743, 88
Trd, 4318890.343, 140
Trd, 4318891.743, 140
Trd, 4318891.893, 137
Trd, 4318893.243, 65
Trd, 4318893.643, 63
Trd, 4318894.843, 77
Trd, 4318895.593, 89
Trd, 4318895.943, 139
Trd, 4318896.593, 138
Trd, 4318896.993, 140
Trd, 4318897.393, 81
Trd, 4318898.693, 61
Trd, 4318898.843, 98
Trd, 4318899.693, 60
Trd, 4318900.043, 60
Trd, 4318900.843, 68
Trd, 4318901.893, 64
Trd, 4318901.993, 67
Trd, 4318902.643, 96
Trd, 4318903.243, 101
Trd, 4318903.293, 90
Trd, 4318904.293, 107
Trd, 4318904.693, 61
Trd, 4318905.793, 93
Trd, 4318905.993, 110
Trd, 4318907.643, 61
Trd, 4318907.743, 100
Trd, 4318908.643, 62
Trd, 4318909.193, 65
Trd, 4318909.993, 60
Trd, 4318912.893, 140
Trd, 4318913.593, 140
Trd, 4318913.893, 140
Trd, 4318914.143, 140
Trd, 4318914.493, 125
Trd, 4318916.493, 61
Trd, 4318916.643, 61
Trd, 4318916.993, 64
Trd, 4318917.993, 138
Trd, 4318918.793, 65
Trd, 4318919.993, 70
Trd, 4318920.293, 81
Trd, 4318921.093, 67
Trd, 4318921.393, 67
Trd, 4318921.743, 114
Trd, 4318922.193, 97
Trd, 4318922.593, 90
Trd, 4318922.693, 81
Trd, 4318923.043, 137
Trd, 4318925.243, 139
Trd, 4318925.643, 109
Trd, 4318925.843, 97
Trd, 4318926.993, 64
Trd, 4318928.643, 62
Trd, 4318928.843, 69
Trd, 4318929.993, 62
Trd, 4318930.293, 74
Trd, 4318930.693, 85
Trd, 4318930.893, 67
Trd, 4318931.743, 63
Trd, 4318932.443, 89
Trd, 4318933.243, 60
Trd, 4318933.793, 61
Trd, 4318934.043, 112
Trd, 4318934.493, 63
Trd, 4318936.193, 69
Trd, 4318938.893, 63
Trd, 4318939.743, 60
Trd, 4318939.943, 61
Trd, 4318940.093, 61
Trd, 4318940.443, 95
Trd, 4318940.893, 64
Trd, 4318941.043, 88
Trd, 4318943.793, 63
Trd, 4318944.893, 60
Trd, 4318945.043, 61
Trd, 4318945.143, 68
Trd, 4318947.193, 60
Trd, 4318948.293, 60
Trd, 4318948.443, 60
Trd, 4318948.943, 62
Trd, 4318949.643, 61
Trd, 4318950.093, 61
Trd, 4318950.493, 66
Trd, 4318951.293, 63
Trd, 4318952.093, 138
Trd, 4318953.643, 65
Trd, 4318954.093, 60
Trd, 4318955.643, 63
Trd, 4318956.343, 66
Trd, 4318956.493, 67
Trd, 4318957.943, 91
Trd, 4318958.593, 140
Trd, 4318958.643, 140
Trd, 4318959.543, 140
Trd, 4318960.043, 74
Trd, 4318960.443, 100
Trd, 4318961.243, 62
Trd, 4318961.893, 62
Trd, 4318962.893, 111
Trd, 4318963.243, 122
Trd, 4318963.743, 100
Trd, 4318964.593, 139
Trd, 4318965.893, 74
Trd, 4318966.643, 99
Trd, 4318966.793, 73
Trd, 4318967.993, 79
Trd, 4318968.343, 73
Trd, 4318968.843, 63
Trd, 4318969.143, 63
Trd, 4318969.643, 66
Trd, 4318969.893, 62
Trd, 4318970.793, 88
Trd, 4318971.693, 97
Trd, 4318971.843, 87
Trd, 4318972.143, 130
Trd, 4318972.893, 68
Trd, 4318973.893, 130
Trd, 4318975.093, 139
Trd, 4318975.593, 139
Trd, 4318977.093, 138
Trd, 4318977.243, 116
Trd, 4318978.143, 133
Trd, 4318978.643, 98
Trd, 4318978.843, 80
Trd, 4318979.593, 139
Trd, 4318980.543, 137
Trd, 4318981.193, 126
Trd, 4318981.643, 125
Trd, 4318981.693, 124
Trd, 4318982.643, 139
Trd, 4318982.793, 104
Trd, 4318983.193, 138
Trd, 4318984.793, 126
Trd, 4318985.693, 101
Trd, 4318985.993, 93
Trd, 4318986.743, 76
Trd, 4318987.943, 64
Trd, 4318988.243, 62
Trd, 4318988.543, 111
Trd, 4318989.793, 60
Trd, 4318990.393, 140
Trd, 4318990.943, 69
Trd, 4318991.243, 65
Trd, 4318991.843, 61
Trd, 4318992.643, 79
Trd, 4318993.543, 62
Trd, 4318994.843, 98
Trd, 4318995.343, 140
Trd, 4318995.393, 139
Trd, 4318995.793, 69
Trd, 4318998.193, 60
Trd, 4318998.243, 62
Trd, 4318998.293, 63
Trd, 4318998.693, 72
Trd, 4318999.643, 133
Trd, 4319000.493, 111
Trd, 4319000.543, 100
Trd, 4319001.743, 82
Trd, 4319001.843, 81
Trd, 4319003.043, 140
Trd, 4319003.293, 140
Trd, 4319003.343, 90
Trd, 4319004.693, 82
Trd, 4319004.743, 79
Trd, 4319005.793, 104
Trd, 4319005.893, 113
Trd, 4319005.993, 64
Trd, 4319006.593, 139
Trd, 4319008.093, 63
Trd, 4319008.443, 68
Trd, 4319010.343, 61
Trd, 4319010.493, 71
Trd, 4319011.693, 62
Trd, 4319013.043, 140
Trd, 4319013.993, 140
Trd, 4319014.093, 140
Trd, 4319014.443, 137
Trd, 4319014.693, 125
Trd, 4319014.893, 93
Trd, 4319015.743, 125
Trd, 4319016.293, 76
Trd, 4319016.443, 74
Trd, 4319016.643, 73
Trd, 4319016.793, 71
Trd, 4319017.893, 60
Trd, 4319018.593, 103
Trd, 4319019.393, 128
Trd, 4319021.343, 120
Trd, 4319021.443, 139
Trd, 4319021.593, 120
Trd, 4319022.393, 125
Trd, 4319022.643, 106
Trd, 4319024.043, 140
Trd, 4319024.193, 120
Trd, 4319024.393, 113
Trd, 4319025.043, 104
Trd, 4319025.543, 107
Trd, 4319025.843, 105
Trd, 4319026.993, 138
Trd, 4319028.643, 122
Trd, 4319028.843, 116
Trd, 4319029.493, 100
Trd, 4319029.543, 94
Trd, 4319029.793, 68
Trd, 4319030.643, 116
Trd, 4319031.543, 94
Trd, 4319031.893, 140
Trd, 4319032.143, 69
Trd, 4319034.243, 140
Trd, 4319034.543, 140
Trd, 4319035.043, 140
Trd, 4319035.493, 114
Trd, 4319035.693, 133
Trd, 4319035.993, 112
Trd, 4319037.043, 79
Trd, 4319037.943, 81
Trd, 4319038.393, 140
Trd, 4319039.943, 72
Trd, 4319039.993, 78
Trd, 4319040.243, 71
Trd, 4319041.043, 71
Trd, 4319041.393, 137
Trd, 4319042.593, 140
Trd, 4319042.943, 138
Trd, 4319043.493, 137
Trd, 4319043.643, 133
Trd, 4319044.543, 115
Trd, 4319045.543, 116
Trd, 4319045.693, 96
Trd, 4319045.843, 94
Trd, 4319046.643, 118
Trd, 4319047.543, 138
Trd, 4319047.893, 103
Trd, 4319048.493, 99
Trd, 4319048.593, 89
Trd, 4319049.143, 76
Trd, 4319050.093, 74
Trd, 4319050.243, 82
Trd, 4319050.543, 84
Trd, 4319051.843, 62
Trd, 4319052.943, 73
Trd, 4319053.193, 132
Trd, 4319053.493, 67
Trd, 4319053.943, 71
Trd, 4319054.593, 92
Trd, 4319054.993, 67
Trd, 4319055.393, 89
Trd, 4319055.643, 65
Trd, 4319056.343, 73
Trd, 4319058.143, 69
Trd, 4319058.193, 65
Trd, 4319058.843, 63
Trd, 4319059.593, 132
Trd, 4319060.793, 60
Trd, 4319061.643, 69
Trd, 4319061.893, 137
Trd, 4319062.093, 62
Trd, 4319063.693, 84
Trd, 4319064.393, 64
Trd, 4319064.743, 71
Trd, 4319065.493, 128
Trd, 4319066.493, 140
Trd, 4319066.593, 97
Trd, 4319067.343, 81
Trd, 4319067.743, 139
Trd, 4319068.393, 96
Trd, 4319069.243, 60
Trd, 4319070.393, 60
Trd, 4319070.743, 69
Trd, 4319071.043, 61
Trd, 4319072.043, 60
Trd, 4319072.593, 61
Trd, 4319073.443, 61
Trd, 4319073.493, 77
Trd, 4319073.693, 102
Trd, 4319074.043, 71
Trd, 4319075.193, 62
Trd, 4319075.593, 65
Trd, 4319076.093, 83
Trd, 4319076.743, 64
Trd, 4319077.593, 65
Trd, 4319078.093, 82
Trd, 4319078.243, 84
Trd, 4319079.943, 101
Trd, 4319080.743, 60
Trd, 4319081.143, 74
Trd, 4319081.243, 66
Trd, 4319082.843, 140
Trd, 4319083.243, 140
Trd, 4319083.643, 134
Trd, 4319083.743, 132
Trd, 4319084.443, 138
Trd, 4319084.793, 137
Trd, 4319085.843, 108
Trd, 4319086.143, 140
Trd, 4319087.243, 72
Trd, 4319087.693, 78
Trd, 4319088.743, 140
Trd, 4319089.593, 140
Trd, 4319089.693, 139
Trd, 4319091.193, 65
Trd, 4319091.293, 82
Trd, 4319091.943, 60
Trd, 4319092.693, 61
Trd, 4319095.093, 61
Trd, 4319095.443, 64
Trd, 4319097.493, 66
Trd, 4319097.593, 67
Trd, 4319097.743, 70
Trd, 4319097.793, 65
Trd, 4319097.893, 101
Trd, 4319098.243, 140
Trd, 4319098.543, 140
Trd, 4319098.943, 136
Trd, 4319099.343, 93
Trd, 4319100.993, 62
Trd, 4319102.243, 75
Trd, 4319102.543, 65
Trd, 4319102.743, 60
Trd, 4319102.943, 122
Trd, 4319103.393, 66
Trd, 4319103.593, 62
Trd, 4319104.143, 108
Trd, 4319107.093, 140
Trd, 4319107.293, 140
Trd, 4319108.043, 140
Trd, 4319108.143, 103
Trd, 4319109.443, 60
Trd, 4319109.543, 66
Trd, 4319110.843, 121
Trd, 4319112.243, 60
Trd, 4319112.543, 64
Trd, 4319113.193, 79
Trd, 4319114.843, 139
Trd, 4319114.943, 94
Trd, 4319115.993, 113
Trd, 4319116.343, 140
Trd, 4319117.493, 140
Trd, 4319117.943, 114
Trd, 4319118.343, 90
Trd, 4319118.943, 102
Trd, 4319120.043, 127
Trd, 4319120.343, 130
Trd, 4319121.193, 127
Trd, 4319121.643, 126
Trd, 4319122.093, 138
Trd, 4319122.293, 120
Trd, 4319122.793, 89
Trd, 4319125.143, 93
Trd, 4319125.943, 112
Trd, 4319126.293, 99
Trd, 4319126.393, 98
Trd, 4319126.493, 95
Trd, 4319126.643, 128
Trd, 4319127.843, 61
Trd, 4319128.543, 103
Trd, 4319128.793, 62
Trd, 4319129.193, 138
Trd, 4319130.193, 116
Trd, 4319130.593, 85
Trd, 4319131.343, 84
Trd, 4319131.793, 76
Trd, 4319132.643, 79
Trd, 4319133.293, 60
Trd, 4319133.793, 119
Trd, 4319134.543, 118
Trd, 4319134.993, 115
Trd, 4319135.343, 120
Trd, 4319135.943, 115
Trd, 4319136.693, 115
Trd, 4319137.043, 103
Trd, 4319137.243, 103
Trd, 4319137.843, 92
Trd, 4319139.243, 140
Trd, 4319139.443, 120
Trd, 4319139.793, 139
Trd, 4319139.893, 97
Trd, 4319140.293, 73
Trd, 4319141.343, 128
Trd, 4319142.093, 113
Trd, 4319142.343, 112
Trd, 4319142.393, 107
Trd, 4319143.693, 140
Trd, 4319143.743, 138
Trd, 4319144.143, 65
Trd, 4319145.393, 115
Trd, 4319145.793, 114
Trd, 4319146.343, 113
Trd, 4319146.743, 106
Trd, 4319147.843, 137
Trd, 4319147.993, 74
Trd, 4319148.093, 71
Trd, 4319148.993, 140
Trd, 4319150.093, 140
Trd, 4319150.193, 140
Trd, 4319150.993, 104
Trd, 4319151.143, 109
Trd, 4319151.843, 102
Trd, 4319152.543, 80
Trd, 4319152.943, 66
Trd, 4319153.443, 81
Trd, 4319153.593, 109
Trd, 4319154.093, 140
Trd, 4319155.243, 137
Trd, 4319155.393, 136
Trd, 4319155.993, 77
Trd, 4319156.693, 76
Trd, 4319156.843, 140
Trd, 4319157.843, 137
Trd, 4319158.293, 73
Trd, 4319158.943, 140
Trd, 4319159.793, 85
Trd, 4319161.593, 60
Trd, 4319162.793, 60
Trd, 4319162.843, 61
Trd, 4319163.343, 65
Trd, 4319163.693, 66
Trd, 4319163.943, 69
Trd, 4319165.343, 60
Trd, 4319167.443, 60
Trd, 4319168.393, 60
Trd, 4319169.293, 61
Trd, 4319169.693, 60
Trd, 4319170.193, 84
Trd, 4319171.193, 75
Trd, 4319171.293, 76
Trd, 4319171.543, 63
Trd, 4319172.143, 137
Trd, 4319173.343, 62
Trd, 4319173.943, 60
Trd, 4319174.743, 66
Trd, 4319174.843, 68
Trd, 4319175.643, 60
Trd, 4319176.893, 68
Trd, 4319177.443, 140
Trd, 4319177.643, 140
Trd, 4319178.393, 138
Trd, 4319179.043, 140
Trd, 4319179.893, 95
Trd, 4319180.243, 88
Trd, 4319180.593, 64
Trd, 4319181.493, 106
Trd, 4319183.043, 140
Trd, 4319183.143, 116
Trd, 4319184.193, 94
Trd, 4319185.893, 110
Trd, 4319186.093, 99
Trd, 4319186.643, 88
Trd, 4319186.743, 97
Trd, 4319186.843, 67
Trd, 4319186.993, 121
Trd, 4319188.993, 61
Trd, 4319189.193, 60
Trd, 4319189.493, 66
Trd, 4319189.593, 67
Trd, 4319191.593, 73
Trd, 4319191.893, 71
Trd, 4319192.393, 140
Trd, 4319193.543, 75
Trd, 4319193.593, 92
Trd, 4319194.093, 115
Trd, 4319194.893, 139
Trd, 4319195.243, 140
Trd, 4319195.293, 75
Trd, 4319196.643, 125
Trd, 4319197.043, 81
Trd, 4319197.493, 139
Trd, 4319198.243, 75
Trd, 4319198.693, 81
Trd, 4319199.743, 61
Trd, 4319200.193, 60
Trd, 4319201.043, 74
Trd, 4319201.643, 139
Trd, 4319203.043, 60
Trd, 4319203.093, 95
Trd, 4319203.493, 63
Trd, 4319204.343, 125
Trd, 4319205.493, 62
Trd, 4319205.893, 60
Trd, 4319206.943, 63
Trd, 4319207.543, 71
Trd, 4319207.943, 60
Trd, 4319209.243, 67
Trd, 4319209.493, 67
Trd, 4319211.443, 140
Trd, 4319212.793, 140
Trd, 4319212.843, 139
Trd, 4319212.943, 120
Trd, 4319213.543, 104
Trd, 4319213.743, 133
Trd, 4319214.993, 91
Trd, 4319216.643, 63
Trd, 4319216.943, 65
Trd, 4319217.443, 82
Trd, 4319219.193, 61
Trd, 4319219.443, 74
Trd, 4319220.743, 70
Trd, 4319220.943, 87
Trd, 4319221.743, 67
Trd, 4319221.943, 118
Trd, 4319222.243, 60
Trd, 4319223.293, 60
Trd, 4319224.143, 63
Trd, 4319224.743, 63
Trd, 4319225.293, 64
Trd, 4319226.143, 77
Trd, 4319226.393, 109
Trd, 4319226.993, 65
Trd, 4319227.893, 77
Trd, 4319228.893, 96
Trd, 4319230.143, 110
Trd, 4319230.193, 95
Trd, 4319230.243, 93
Trd, 4319231.043, 139
Trd, 4319231.193, 95
Trd, 4319232.143, 76
Trd, 4319233.243, 139
Trd, 4319233.493, 78
Trd, 4319234.943, 95
Trd, 4319235.393, 99
Trd, 4319236.143, 138
Trd, 4319236.643, 136
Trd, 4319237.493, 84
Trd, 4319237.893, 72
Trd, 4319238.843, 86
Trd, 4319239.243, 124
Trd, 4319240.243, 87
Trd, 4319241.793, 117
Trd, 4319242.243, 139
Trd, 4319242.443, 138
Trd, 4319242.943, 96
Trd, 4319243.593, 93
Trd, 4319244.443, 139
Trd, 4319244.993, 102
Trd, 4319246.493, 140
Trd, 4319246.643, 140
Trd, 4319246.693, 139
Trd, 4319246.843, 119
Trd, 4319247.143, 106
Trd, 4319249.043, 140
Trd, 4319249.993, 139
Trd, 4319250.343, 115
Trd, 4319250.743, 114
Trd, 4319251.243, 97
Trd, 4319251.293, 116
Trd, 4319253.243, 104
Trd, 4319253.393, 93
Trd, 4319255.043, 67
Trd, 4319255.743, 111
Trd, 4319256.443, 61
Trd, 4319256.743, 61
Trd, 4319256.993, 74
Trd, 4319258.143, 62
Trd, 4319258.243, 61
Trd, 4319258.593, 63
Trd, 4319259.843, 68
Trd, 4319260.693, 62
Trd, 4319261.043, 113
Trd, 4319261.193, 67
Trd, 4319262.693, 61
Trd, 4319264.693, 69
Trd, 4319264.793, 71
Trd, 4319265.293, 62
Trd, 4319265.993, 74
Trd, 4319266.093, 113
Trd, 4319266.843, 69
Trd, 4319266.943, 69
Trd, 4319268.243, 93
Trd, 4319268.493, 91
Trd, 4319269.093, 139
Trd, 4319269.393, 139
Trd, 4319270.493, 138
Trd, 4319270.693, 119
Trd, 4319270.993, 82
Trd, 4319272.093, 136
Trd, 4319272.443, 127
Trd, 4319274.243, 118
Trd, 4319274.343, 117
Trd, 4319274.443, 117
Trd, 4319274.693, 140
Trd, 4319275.893, 140
Trd, 4319276.293, 140
Trd, 4319276.643, 139
Trd, 4319276.943, 139
Trd, 4319277.743, 99
Trd, 4319278.443, 64
Trd, 4319279.093, 108
Trd, 4319279.743, 61
Trd, 4319281.293, 136
Trd, 4319281.343, 135
Trd, 4319281.893, 118
Trd, 4319282.343, 128
Trd, 4319282.743, 65
Trd, 4319284.443, 137
Trd, 4319284.643, 95
Trd, 4319284.843, 94
Trd, 4319286.343, 140
Trd, 4319286.693, 140
Trd, 4319286.943, 109
Trd, 4319287.493, 65
Trd, 4319287.743, 66
Trd, 4319289.643, 140
Trd, 4319289.893, 139
Trd, 4319290.543, 128
Trd, 4319290.643, 95
Trd, 4319290.793, 89
Trd, 4319291.393, 140
Trd, 4319292.193, 80
Trd, 4319294.543, 61
Trd, 4319294.993, 62
Trd, 4319295.843, 66
Trd, 4319296.293, 66
Trd, 4319296.693, 66
Trd, 4319297.943, 60
Trd, 4319297.993, 66
Trd, 4319298.493, 73
Trd, 4319299.243, 93
Trd, 4319299.343, 129
Trd, 4319299.993, 60
Trd, 4319301.493, 62
Trd, 4319301.893, 60
Trd, 4319303.793, 64
Trd, 4319303.943, 65
Trd, 4319304.243, 68
Trd, 4319304.743, 69
Trd, 4319304.893, 64
Trd, 4319304.943, 60
Trd, 4319306.193, 80
Trd, 4319306.693, 83
Trd, 4319307.293, 140
Trd, 4319309.293, 79
Trd, 4319310.143, 140
Trd, 4319310.243, 113
Trd, 4319310.593, 92
Trd, 4319311.693, 122
Trd, 4319312.293, 88
Trd, 4319312.343, 67
Trd, 4319312.893, 140
Trd, 4319312.993, 139
Trd, 4319314.143, 72
Trd, 4319314.193, 74
Trd, 4319315.993, 109
Trd, 4319316.093, 102
Trd, 4319316.143, 101
Trd, 4319317.243, 82
Trd, 4319317.893, 140
Trd, 4319317.943, 113
Trd, 4319318.143, 74
Trd, 4319319.143, 71
Trd, 4319321.543, 64
Trd, 4319321.593, 63
Trd, 4319321.993, 63
Trd, 4319322.093, 94
Trd, 4319323.543, 132
Trd, 4319324.093, 99
Trd, 4319325.193, 60
Trd, 4319326.393, 62
Trd, 4319327.093, 64
Trd, 4319327.243, 65
Trd, 4319328.293, 60
Trd, 4319329.193, 65
Trd, 4319330.443, 60
Trd, 4319331.793, 66
Trd, 4319331.993, 81
Trd, 4319332.293, 90
Trd, 4319332.993, 67
Trd, 4319333.043, 63
Trd, 4319333.643, 88
Trd, 4319334.143, 87
Trd, 4319335.643, 60
Trd, 4319335.893, 62
Trd, 4319336.743, 124
Trd, 4319337.243, 61
Trd, 4319337.493, 67
Trd, 4319338.943, 62
Trd, 4319339.343, 62
Trd, 4319339.543, 140
Trd, 4319340.443, 76
Trd, 4319341.043, 119
Trd, 4319341.493, 118
Trd, 4319341.593, 116
Trd, 4319342.843, 113
Trd, 4319342.893, 83
Trd, 4319343.243, 106
Trd, 4319343.743, 90
Trd, 4319344.393, 102
Trd, 4319345.793, 102
Trd, 4319346.243, 88
Trd, 4319346.643, 81
Trd, 4319347.693, 69
Trd, 4319348.393, 66
Trd, 4319350.193, 60
Trd, 4319350.493, 97
Trd, 4319350.743, 110
Trd, 4319351.093, 72
Trd, 4319351.893, 85
Trd, 4319352.593, 65
Trd, 4319352.743, 98
Trd, 4319353.093, 81
Trd, 4319353.493, 70
Trd, 4319355.043, 91
Trd, 4319355.893, 103
Trd, 4319356.593, 103
Trd, 4319357.343, 140
Trd, 4319357.993, 140
Trd, 4319358.043, 130
Trd, 4319358.943, 102
Trd, 4319359.043, 99
Trd, 4319360.143, 140
Trd, 4319361.293, 140
Trd, 4319361.343, 110
Trd, 4319362.143, 140
Trd, 4319362.593, 113
Trd, 4319362.843, 71
Trd, 4319363.693, 140
Trd, 4319365.043, 82
Trd, 4319365.093, 71
Trd, 4319365.343, 136
Trd, 4319366.093, 76
Trd, 4319366.643, 140
Trd, 4319367.293, 76
Trd, 4319368.293, 115
Trd, 4319369.843, 127
Trd, 4319369.993, 136
Trd, 4319370.093, 135
Trd, 4319371.443, 140
Trd, 4319371.643, 104
Trd, 4319372.343, 108
Trd, 4319372.493, 63
Trd, 4319374.293, 138
Trd, 4319375.543, 140
Trd, 4319376.143, 140
Trd, 4319376.193, 139
Trd, 4319377.143, 139
Trd, 4319377.243, 114
Trd, 4319377.593, 105
Trd, 4319378.093, 98
Trd, 4319379.343, 140
Trd, 4319379.543, 140
Trd, 4319379.893, 140
Trd, 4319380.293, 133
Trd, 4319381.043, 82
Trd, 4319381.343, 75
Trd, 4319382.893, 65
Trd, 4319383.393, 63
Trd, 4319383.943, 138
Trd, 4319384.293, 73
Trd, 4319386.093, 128
Trd, 4319386.743, 105
Trd, 4319387.143, 109
Trd, 4319388.643, 140
Trd, 4319389.843, 140
Trd, 4319390.093, 119
Trd, 4319390.343, 118
Trd, 4319391.093, 98
Trd, 4319391.193, 86
Trd, 4319392.993, 60
Trd, 4319393.993, 60
Trd, 4319394.093, 61
Trd, 4319394.843, 119
Trd, 4319395.593, 118
Trd, 4319396.093, 67
Trd, 4319396.393, 77
Trd, 4319396.893, 140
Trd, 4319397.293, 138
Trd, 4319397.593, 138
Trd, 4319397.743, 116
Trd, 4319399.793, 113
Trd, 4319400.093, 127
Trd, 4319400.393, 111
Trd, 4319402.193, 75
Trd, 4319402.543, 140
Trd, 4319404.543, 67
Trd, 4319404.893, 140
Trd, 4319405.243, 140
Trd, 4319405.743, 140
Trd, 4319405.943, 138
Trd, 4319406.943, 90
Trd, 4319407.793, 107
Trd, 4319408.143, 139
Trd, 4319408.593, 128
Trd, 4319409.243, 96
Trd, 4319410.843, 64
Trd, 4319411.493, 112
Trd, 4319412.343, 101
Trd, 4319413.343, 107
Trd, 4319413.443, 92
Trd, 4319413.543, 90
Trd, 4319414.443, 140
Trd, 4319415.543, 90
Trd, 4319415.593, 82
Trd, 4319415.693, 73
Trd, 4319415.743, 63
Trd, 4319416.643, 140
Trd, 4319417.893, 111
Trd, 4319418.393, 105
Trd, 4319418.843, 122
Trd, 4319419.243, 104
Trd, 4319419.743, 139
Trd, 4319420.093, 82
Trd, 4319420.543, 133
Trd, 4319421.093, 132
Trd, 4319421.443, 83
Trd, 4319421.543, 140
Trd, 4319421.693, 79
Trd, 4319423.843, 65
Trd, 4319424.893, 63
Trd, 4319425.343, 93
Trd, 4319426.043, 111
Trd, 4319427.043, 140
Trd, 4319427.893, 140
Trd, 4319427.993, 124
Trd, 4319428.343, 76
Trd, 4319430.243, 138
Trd, 4319430.293, 93
Trd, 4319430.743, 91
Trd, 4319431.043, 97
Trd, 4319431.943, 128
Trd, 4319432.193, 73
Trd, 4319433.493, 63
Trd, 4319433.843, 98
Trd, 4319434.543, 117
Trd, 4319434.643, 116
Trd, 4319434.843, 73
Trd, 4319435.943, 137
Trd, 4319436.293, 64
Trd, 4319438.143, 60
Trd, 4319438.393, 66
Trd, 4319438.443, 105
Trd, 4319439.643, 70
Trd, 4319440.393, 103
Trd, 4319440.443, 85
Trd, 4319441.293, 72
Trd, 4319441.943, 76
Trd, 4319442.493, 66
Trd, 4319443.043, 115
Trd, 4319443.593, 70
Trd, 4319444.193, 140
Trd, 4319445.293, 132
Trd, 4319445.893, 110
Trd, 4319446.093, 61
Trd, 4319446.643, 123
Trd, 4319447.643, 118
Trd, 4319447.943, 92
Trd, 4319448.243, 139
Trd, 4319449.193, 67
Trd, 4319450.793, 67
Trd, 4319451.143, 76
Trd, 4319451.893, 71
Trd, 4319452.093, 72
Trd, 4319453.243, 61
Trd, 4319453.343, 62
Trd, 4319453.643, 62
Trd, 4319455.293, 62
Trd, 4319456.193, 64
Trd, 4319456.843, 85
Trd, 4319456.893, 76
Trd, 4319456.943, 100
Trd, 4319458.293, 136
Trd, 4319458.643, 119
Trd, 4319458.893, 67
Trd, 4319459.343, 66
Trd, 4319461.143, 61
Trd, 4319461.243, 60
Trd, 4319461.843, 61
Trd, 4319463.343, 60
Trd, 4319464.593, 61
Trd, 4319464.643, 71
Trd, 4319466.243, 61
Trd, 4319466.793, 79
Trd, 4319467.193, 96
Trd, 4319467.493, 78
Trd, 4319468.093, 119
Trd, 4319468.543, 113
Trd, 4319470.093, 67
Trd, 4319470.193, 66
Trd, 4319470.543, 139
Trd, 4319472.093, 60
Trd, 4319473.193, 64
Trd, 4319473.393, 134
Trd, 4319474.543, 60
Trd, 4319474.993, 61
Trd, 4319475.593, 140
Trd, 4319475.843, 139
Trd, 4319476.993, 140
Trd, 4319477.743, 140
Trd, 4319477.893, 120
Trd, 4319478.093, 115
Trd, 4319478.343, 139
Trd, 4319479.343, 61
Trd, 4319479.493, 113
Trd, 4319481.393, 104
Trd, 4319481.893, 86
Trd, 4319482.543, 100
Trd, 4319482.693, 85
Trd, 4319483.093, 138
Trd, 4319483.943, 68
Trd, 4319484.143, 72
Trd, 4319485.093, 121
Trd, 4319485.593, 107
Trd, 4319486.293, 90
Trd, 4319486.893, 140
Trd, 4319488.243, 139
Trd, 4319490.043, 63
Trd, 4319490.143, 67
Trd, 4319490.543, 61
Trd, 4319490.643, 63
Trd, 4319491.393, 75
Trd, 4319491.743, 73
Trd, 4319492.793, 60
Trd, 4319493.043, 91
Trd, 4319493.693, 69
Trd, 4319494.343, 60
Trd, 4319495.743, 60
Trd, 4319496.043, 75
Trd, 4319497.843, 60
Trd, 4319499.093, 61
Trd, 4319499.393, 69
Trd, 4319499.743, 114
Trd, 4319500.993, 140
Trd, 4319501.193, 137
Trd, 4319502.293, 63
Trd, 4319503.093, 94
Trd, 4319503.493, 70
Trd, 4319503.993, 70
Trd, 4319504.493, 85
Trd, 4319505.443, 67
Trd, 4319505.843, 130
Trd, 4319506.143, 75
Trd, 4319506.693, 137
Trd, 4319507.343, 66
Trd, 4319508.393, 140
Trd, 4319508.843, 140
Trd, 4319509.093, 140
Trd, 4319510.343, 136
Trd, 4319510.393, 113
Trd, 4319511.743, 95
Trd, 4319512.493, 140
Trd, 4319514.143, 118
Trd, 4319514.343, 81
Trd, 4319514.493, 74
Trd, 4319515.493, 65
Trd, 4319516.093, 64
Trd, 4319518.143, 63
Trd, 4319518.593, 64
Trd, 4319518.643, 61
Trd, 4319519.143, 61
Trd, 4319519.593, 70
Trd, 4319520.393, 61
Trd, 4319520.643, 95
Trd, 4319522.143, 140
Trd, 4319522.693, 140
Trd, 4319523.293, 134
Trd, 4319523.443, 133
Trd, 4319524.593, 92
Trd, 4319525.293, 69
Trd, 4319526.493, 89
Trd, 4319526.593, 63
Trd, 4319527.343, 64
Trd, 4319527.593, 133
Trd, 4319527.693, 61
Trd, 4319528.893, 97
Trd, 4319529.043, 70
Trd, 4319529.343, 131
Trd, 4319529.493, 62
Trd, 4319531.093, 140
Trd, 4319531.243, 140
Trd, 4319531.443, 114
Trd, 4319531.743, 64
Trd, 4319532.943, 62
Trd, 4319534.143, 76
Trd, 4319534.393, 81
Trd, 4319535.043, 103
Trd, 4319536.243, 65
Trd, 4319538.643, 64
Trd, 4319539.693, 61
Trd, 4319539.843, 62
Trd, 4319540.243, 66
Trd, 4319540.393, 63
Trd, 4319540.593, 68
Trd, 4319540.693, 125
Trd, 4319540.893, 85
Trd, 4319542.093, 138
Trd, 4319542.293, 137
Trd, 4319542.843, 133
Trd, 4319544.743, 60
Trd, 4319546.043, 63
Trd, 4319546.693, 66
Trd, 4319547.043, 62
Trd, 4319547.093, 75
Trd, 4319547.443, 62
Trd, 4319547.893, 62
Trd, 4319547.993, 60
Trd, 4319549.493, 60
Trd, 4319550.293, 72
Trd, 4319550.593, 114
Trd, 4319550.893, 80
Trd, 4319551.393, 140
Trd, 4319552.043, 63
Trd, 4319552.693, 65
Trd, 4319553.343, 64
Trd, 4319554.793, 81
Trd, 4319555.043, 90
Trd, 4319555.543, 81
Trd, 4319555.743, 68
Trd, 4319555.993, 105
Trd, 4319556.993, 139
Trd, 4319557.543, 139
Trd, 4319557.793, 108
Trd, 4319558.743, 60
Trd, 4319560.343, 113
Trd, 4319561.193, 136
Trd, 4319561.793, 111
Trd, 4319562.043, 140
Trd, 4319562.193, 93
Trd, 4319562.643, 92
Trd, 4319562.943, 65
Trd, 4319563.293, 107
Trd, 4319564.943, 140
Trd, 4319565.043, 140
Trd, 4319565.943, 140
Trd, 4319566.443, 107
Trd, 4319567.343, 63
Trd, 4319567.543, 65
Trd, 4319567.793, 66
Trd, 4319568.393, 86
Trd, 4319568.593, 89
Trd, 4319568.943, 83
Trd, 4319570.043, 69
Trd, 4319570.543, 61
Trd, 4319570.993, 61
Trd, 4319572.193, 104
Trd, 4319573.143, 134
Trd, 4319573.693, 73
Trd, 4319573.743, 72
Trd, 4319575.093, 100
Trd, 4319576.643, 140
Trd, 4319576.993, 140
Trd, 4319577.193, 140
Trd, 4319577.343, 126
Trd, 4319577.443, 116
Trd, 4319577.743, 112
Trd, 4319578.643, 115
Trd, 4319579.893, 62
Trd, 4319580.243, 84
Trd, 4319580.893, 108
Trd, 4319582.293, 61
Trd, 4319582.443, 62
Trd, 4319583.593, 65
Trd, 4319583.743, 107
Trd, 4319583.843, 65
Trd, 4319583.943, 63
Trd, 4319585.843, 138
Trd, 4319586.243, 132
Trd, 4319587.093, 139
Trd, 4319587.493, 83
Trd, 4319587.793, 94
Trd, 4319588.843, 107
Trd, 4319589.543, 73
Trd, 4319589.593, 64
Trd, 4319590.043, 83
Trd, 4319590.543, 82
Trd, 4319591.843, 140
Trd, 4319591.993, 137
Trd, 4319592.693, 140
Trd, 4319593.043, 72
Trd, 4319594.093, 97
Trd, 4319594.193, 95
Trd, 4319594.943, 135
Trd, 4319596.293, 139
Trd, 4319596.943, 88
Trd, 4319597.243, 102
Trd, 4319597.343, 85
Trd, 4319597.743, 139
Trd, 4319597.943, 106
Trd, 4319599.943, 140
Trd, 4319600.443, 140
Trd, 4319600.593, 113
Trd, 4319601.593, 71
Trd, 4319601.993, 69
Trd, 4319602.743, 78
Trd, 4319602.993, 65
Trd, 4319604.243, 91
Trd, 4319604.943, 67
Trd, 4319605.993, 62
Trd, 4319606.493, 74
Trd, 4319607.243, 70
Trd, 4319607.943, 114
Trd, 4319609.043, 89
Trd, 4319609.243, 84
Trd, 4319610.443, 61
Trd, 4319610.793, 88
Trd, 4319611.243, 72
Trd, 4319612.443, 140
Trd, 4319612.593, 140
Trd, 4319613.393, 98
Trd, 4319613.593, 90
Trd, 4319614.593, 139
Trd, 4319614.693, 76
Trd, 4319615.143, 130
Trd, 4319615.393, 99
Trd, 4319616.343, 86
Trd, 4319616.693, 86
Trd, 4319617.693, 139
Trd, 4319618.643, 140
Trd, 4319619.593, 140
Trd, 4319620.493, 139
Trd, 4319620.543, 139
Trd, 4319620.943, 114
Trd, 4319621.493, 106
Trd, 4319621.593, 140
Trd, 4319623.343, 140
Trd, 4319623.393, 108
Trd, 4319623.693, 78
Trd, 4319624.893, 108
Trd, 4319625.493, 140
Trd, 4319626.043, 68
Trd, 4319626.943, 60
Trd, 4319627.893, 61
Trd, 4319628.143, 62
Trd, 4319628.843, 132
Trd, 4319629.393, 140
Trd, 4319629.743, 137
Trd, 4319629.943, 92
Trd, 4319630.343, 79
Trd, 4319631.243, 62
Trd, 4319632.243, 65
Trd, 4319632.393, 74
Trd, 4319633.693, 66
Trd, 4319634.293, 66
Trd, 4319635.393, 132
Trd, 4319635.643, 108
Trd, 4319636.243, 95
Trd, 4319636.443, 82
Trd, 4319636.793, 71
Trd, 4319637.843, 60
Trd, 4319638.743, 62
Trd, 4319639.293, 61
Trd, 4319640.443, 60
Trd, 4319641.643, 60
Trd, 4319642.343, 66
Trd, 4319642.693, 71
Trd, 4319642.993, 79
Trd, 4319643.893, 116
Trd, 4319644.043, 62
Trd, 4319645.043, 78
Trd, 4319645.193, 83
Trd, 4319645.293, 70
Trd, 4319646.193, 139
Trd, 4319646.843, 100
Trd, 4319646.893, 90
Trd, 4319647.143, 88
Trd, 4319647.993, 62
Trd, 4319648.793, 60
Trd, 4319650.243, 62
Trd, 4319650.843, 60
Trd, 4319652.643, 62
Trd, 4319653.643, 94
Trd, 4319654.193, 139
Trd, 4319655.443, 133
Trd, 4319655.593, 132
Trd, 4319656.493, 99
Trd, 4319656.593, 94
Trd, 4319656.893, 68
Trd, 4319657.443, 98
Trd, 4319658.043, 109
Trd, 4319658.943, 65
Trd, 4319660.443, 60
Trd, 4319660.993, 137
Trd, 4319661.493, 140
Trd, 4319661.943, 136
Trd, 4319662.043, 130
Trd, 4319663.243, 140
Trd, 4319663.843, 140
Trd, 4319664.293, 113
Trd, 4319664.843, 112
Trd, 4319666.193, 140
Trd, 4319666.343, 140
Trd, 4319666.593, 125
Trd, 4319667.593, 84
Trd, 4319669.143, 79
Trd, 4319669.793, 140
Trd, 4319669.943, 137
Trd, 4319670.443, 125
Trd, 4319670.643, 109
Trd, 4319671.693, 85
Trd, 4319672.293, 84
Trd, 4319672.393, 76
Trd, 4319672.643, 75
Trd, 4319673.243, 100
Trd, 4319673.893, 73
Trd, 4319674.093, 60
Trd, 4319674.993, 60
Trd, 4319676.243, 72
Trd, 4319676.593, 66
Trd, 4319676.993, 75
Trd, 4319678.343, 90
Trd, 4319678.493, 107
Trd, 4319678.643, 85
Trd, 4319680.393, 68
Trd, 4319681.193, 128
Trd, 4319681.543, 85
Trd, 4319683.093, 72
Trd, 4319683.193, 80
Trd, 4319683.893, 60
Trd, 4319684.243, 109
Trd, 4319685.793, 69
Trd, 4319686.493, 79
Trd, 4319687.643, 61
Trd, 4319687.693, 62
Trd, 4319688.193, 60
Trd, 4319688.643, 60
Trd, 4319690.043, 71
Trd, 4319690.643, 61
Trd, 4319690.793, 95
Trd, 4319690.893, 119
Trd, 4319693.243, 61
Trd, 4319693.493, 68
Trd, 4319693.843, 65
Trd, 4319694.343, 73
Trd, 4319694.493, 63
Trd, 4319695.843, 95
Trd, 4319695.993, 108
Trd, 4319697.193, 105
Trd, 4319698.043, 139
Trd, 4319699.693, 140
Trd, 4319700.893, 140
Trd, 4319700.993, 140
Trd, 4319701.943, 111
Trd, 4319702.243, 111
Trd, 4319703.093, 70
Trd, 4319703.343, 71
Trd, 4319704.043, 140
Trd, 4319704.193, 117
Trd, 4319705.043, 99
Trd, 4319706.093, 115
Trd, 4319707.193, 140
Trd, 4319707.793, 137
Trd, 4319708.493, 139
Trd, 4319708.893, 138
Trd, 4319709.643, 96
Trd, 4319709.743, 73
Trd, 4319709.993, 71
Trd, 4319711.043, 99
Trd, 4319712.343, 60
Trd, 4319712.843, 64
Trd, 4319712.993, 69
Trd, 4319713.193, 86
Trd, 4319714.243, 65
Trd, 4319714.743, 63
Trd, 4319717.093, 140
Trd, 4319717.843, 103
Trd, 4319718.143, 139
Trd, 4319718.493, 135
Trd, 4319719.243, 126
Trd, 4319720.043, 73
Trd, 4319720.943, 73
Trd, 4319721.793, 99
Trd, 4319722.393, 86
Trd, 4319723.493, 60
Trd, 4319724.643, 62
Trd, 4319725.093, 65
Trd, 4319725.243, 78
Trd, 4319726.693, 140
Trd, 4319727.393, 136
Trd, 4319727.593, 139
Trd, 4319727.893, 135
Trd, 4319727.993, 116
Trd, 4319728.893, 63
Trd, 4319729.793, 120
Trd, 4319730.293, 110
Trd, 4319732.493, 65
Trd, 4319732.643, 63
Trd, 4319732.693, 126
Trd, 4319734.043, 99
Trd, 4319734.543, 67
Trd, 4319735.193, 64
Trd, 4319735.293, 65
Trd, 4319735.743, 62
Trd, 4319737.393, 60
Trd, 4319738.093, 60
Trd, 4319738.393, 61
Trd, 4319738.543, 62
Trd, 4319738.843, 71
Trd, 4319739.543, 90
Trd, 4319740.593, 88
Trd, 4319741.293, 104
Trd, 4319743.143, 69
Trd, 4319744.643, 61
Trd, 4319744.843, 66
Trd, 4319744.893, 84
Trd, 4319744.993, 86
Trd, 4319745.843, 61
Trd, 4319745.943, 65
Trd, 4319746.393, 68
Trd, 4319747.343, 62
Trd, 4319748.143, 64
Trd, 4319749.643, 60
Trd, 4319750.693, 61
Trd, 4319751.093, 62
Trd, 4319751.943, 60
Trd, 4319752.743, 62
Trd, 4319752.943, 62
Trd, 4319753.293, 71
Trd, 4319754.543, 139
Trd, 4319755.043, 140
Trd, 4319755.143, 140
Trd, 4319755.243, 124
Trd, 4319755.293, 98
Trd, 4319756.093, 136
Trd, 4319757.093, 140
Trd, 4319757.393, 140
Trd, 4319758.143, 119
Trd, 4319759.493, 140
Trd, 4319759.893, 139
Trd, 4319760.693, 136
Trd, 4319760.843, 98
Trd, 4319761.193, 97
Trd, 4319761.393, 74
Trd, 4319762.043, 64
Trd, 4319762.993, 62
Trd, 4319763.943, 139
Trd, 4319764.143, 137
Trd, 4319765.793, 123
Trd, 4319766.343, 130
Trd, 4319766.543, 72
Trd, 4319766.843, 115
Trd, 4319767.293, 69
Trd, 4319767.593, 75
Trd, 4319768.143, 60
Trd, 4319768.293, 111
Trd, 4319769.893, 113
Trd, 4319771.443, 64
Trd, 4319772.343, 65
Trd, 4319772.743, 66
Trd, 4319773.143, 69
Trd, 4319773.193, 82
Trd, 4319773.643, 61
Trd, 4319773.693, 118
Trd, 4319774.543, 94
Trd, 4319774.643, 62
Trd, 4319774.843, 85
Trd, 4319777.043, 114
Trd, 4319778.593, 63
Trd, 4319779.043, 96
Trd, 4319779.793, 60
Trd, 4319780.293, 60
Trd, 4319780.343, 60
Trd, 4319780.493, 67
Trd, 4319781.043, 61
Trd, 4319781.743, 65
Trd, 4319782.593, 127
Trd, 4319782.943, 101
Trd, 4319783.993, 140
Trd, 4319784.893, 93
Trd, 4319785.343, 115
Trd, 4319785.543, 125
Trd, 4319786.243, 111
Trd, 4319786.893, 140
Trd, 4319787.443, 136
Trd, 4319788.143, 139
Trd, 4319788.443, 133
Trd, 4319788.893, 119
Trd, 4319790.793, 98
Trd, 4319791.143, 97
Trd, 4319791.193, 89
Trd, 4319791.643, 138
Trd, 4319791.793, 97
Trd, 4319792.443, 85
Trd, 4319793.443, 138
Trd, 4319793.643, 126
Trd, 4319795.393, 140
Trd, 4319795.443, 139
Trd, 4319796.043, 96
Trd, 4319797.693, 121
Trd, 4319797.743, 86
Trd, 4319797.793, 86
Trd, 4319799.343, 140
Trd, 4319799.393, 109
Trd, 4319800.343, 103
Trd, 4319800.893, 87
Trd, 4319801.993, 140
Trd, 4319802.193, 73
Trd, 4319803.493, 140
Trd, 4319804.593, 140
Trd, 4319805.093, 140
Trd, 4319806.293, 140
Trd, 4319806.493, 113
Trd, 4319807.443, 140
Trd, 4319808.093, 140
Trd, 4319808.343, 140
Trd, 4319808.593, 139
Trd, 4319810.693, 133
Trd, 4319810.743, 123
Trd, 4319810.843, 112
Trd, 4319811.243, 70
Trd, 4319812.143, 60
Trd, 4319813.393, 64
Trd, 4319815.043, 140
Trd, 4319815.093, 140
Trd, 4319815.243, 135
Trd, 4319815.843, 99
Trd, 4319816.043, 95
Trd, 4319817.843, 66
Trd, 4319818.793, 62
Trd, 4319819.793, 94
Trd, 4319820.243, 112
Trd, 4319820.393, 94
Trd, 4319820.993, 93
Trd, 4319821.043, 111
Trd, 4319821.243, 74
Trd, 4319824.243, 60
Trd, 4319824.693, 62
Trd, 4319825.293, 60
Trd, 4319826.093, 65
Trd, 4319826.643, 89
Trd, 4319826.993, 85
Trd, 4319827.393, 65
Trd, 4319827.893, 130
Trd, 4319827.993, 129
Trd, 4319829.093, 138
Trd, 4319829.693, 133
Trd, 4319830.443, 89
Trd, 4319831.143, 89
Trd, 4319831.543, 134
Trd, 4319833.043, 60
Trd, 4319833.293, 74
Trd, 4319834.293, 62
Trd, 4319834.493, 64
Trd, 4319835.493, 128
Trd, 4319836.043, 133
Trd, 4319836.193, 136
Trd, 4319836.493, 114
Trd, 4319837.243, 100
Trd, 4319837.743, 73
Trd, 4319838.593, 74
Trd, 4319838.643, 71
Trd, 4319839.343, 135
Trd, 4319840.343, 61
Trd, 4319840.793, 65
Trd, 4319841.343, 74
Trd, 4319843.093, 135
Trd, 4319843.393, 123
Trd, 4319843.593, 69
Trd, 4319844.343, 94
Trd, 4319844.843, 60
Trd, 4319845.693, 62
Trd, 4319847.243, 92
Trd, 4319847.893, 139
Trd, 4319848.393, 116
Trd, 4319849.243, 140
Trd, 4319849.843, 140
Trd, 4319850.393, 140
Trd, 4319850.643, 120
Trd, 4319850.743, 108
Trd, 4319851.143, 81
Trd, 4319851.343, 136
Trd, 4319851.693, 89
Trd, 4319854.193, 138
Trd, 4319854.293, 136
Trd, 4319854.693, 98
Trd, 4319854.943, 65
Trd, 4319855.743, 130
Trd, 4319855.893, 60
Trd, 4319856.593, 140
Trd, 4319857.543, 116
Trd, 4319858.843, 115
Trd, 4319859.893, 139
Trd, 4319860.093, 115
Trd, 4319860.393, 112
Trd, 4319861.093, 140
Trd, 4319862.343, 62
Trd, 4319862.643, 79
Trd, 4319862.693, 79
Trd, 4319863.543, 140
Trd, 4319863.693, 103
Trd, 4319865.243, 140
Trd, 4319866.193, 139
Trd, 4319866.643, 140
Trd, 4319866.943, 117
Trd, 4319867.093, 89
Trd, 4319867.343, 133
Trd, 4319868.293, 89
Trd, 4319869.143, 82
Trd, 4319869.343, 78
Trd, 4319869.943, 77
Trd, 4319871.393, 61
Trd, 4319871.593, 60
Trd, 4319872.643, 60
Trd, 4319872.893, 60
Trd, 4319872.943, 61
Trd, 4319874.393, 98
Trd, 4319874.893, 60
Trd, 4319876.043, 65
Trd, 4319877.493, 66
Trd, 4319877.693, 67
Trd, 4319878.043, 66
Trd, 4319878.843, 140
Trd, 4319879.043, 117
Trd, 4319879.193, 90
Trd, 4319879.393, 64
Trd, 4319879.793, 60
Trd, 4319881.143, 90
Trd, 4319881.193, 75
Trd, 4319881.643, 100
Trd, 4319883.043, 87
Trd, 4319883.843, 118
Trd, 4319884.343, 80
Trd, 4319884.593, 65
Trd, 4319884.893, 133
Trd, 4319885.743, 133
Trd, 4319886.193, 132
Trd, 4319887.593, 63
Trd, 4319888.043, 61
Trd, 4319888.893, 82
Trd, 4319890.393, 123
Trd, 4319890.693, 79
Trd, 4319891.243, 140
Trd, 4319892.293, 139
Trd, 4319892.643, 72
Trd, 4319892.793, 66
Trd, 4319892.893, 136
Trd, 4319894.343, 66
Trd, 4319894.943, 71
Trd, 4319895.743, 68
Trd, 4319896.043, 68
Trd, 4319896.993, 134
Trd, 4319897.743, 65
Trd, 4319898.943, 78
Trd, 4319899.443, 65
Trd, 4319899.893, 66
Trd, 4319901.093, 63
Trd, 4319902.093, 107
Trd, 4319902.893, 60
Trd, 4319902.943, 62
Trd, 4319904.293, 64
Trd, 4319905.343, 60
Trd, 4319905.743, 64
Trd, 4319906.243, 60
Trd, 4319907.293, 97
Trd, 4319907.743, 72
Trd, 4319907.943, 70
Trd, 4319908.593, 69
Trd, 4319909.293, 64
Trd, 4319909.843, 68
Trd, 4319910.293, 83
Trd, 4319910.843, 104
Trd, 4319911.993, 65
Trd, 4319913.293, 66
Trd, 4319913.343, 70
Trd, 4319913.693, 92
Trd, 4319913.793, 78
Trd, 4319914.343, 69
Trd, 4319915.743, 110
Trd, 4319915.893, 109
Trd, 4319916.993, 76
Trd, 4319917.193, 139
Trd, 4319917.643, 139
Trd, 4319917.843, 60
Trd, 4319920.443, 60
Trd, 4319920.793, 65
Trd, 4319921.693, 64
Trd, 4319921.943, 71
Trd, 4319922.643, 69
Trd, 4319923.343, 139
Trd, 4319923.593, 119
Trd, 4319924.243, 100
Trd, 4319925.093, 100
Trd, 4319925.443, 99
Trd, 4319926.193, 61
Trd, 4319926.493, 87
Trd, 4319926.643, 109
Trd, 4319926.893, 62
Trd, 4319927.343, 66
Trd, 4319927.493, 74
Trd, 4319928.693, 65
Trd, 4319929.693, 139
Trd, 4319929.793, 113
Trd, 4319930.743, 62
Trd, 4319932.143, 87
Trd, 4319932.693, 67
Trd, 4319933.943, 137
Trd, 4319934.243, 135
Trd, 4319934.443, 139
Trd, 4319934.593, 115
Trd, 4319934.743, 99
Trd, 4319935.393, 69
Trd, 4319935.693, 107
Trd, 4319936.693, 104
Trd, 4319937.093, 103
Trd, 4319937.493, 110
Trd, 4319937.593, 114
Trd, 4319938.193, 93
Trd, 4319938.793, 99
Trd, 4319941.793, 140
Trd, 4319941.943, 125
Trd, 4319942.543, 94
Trd, 4319943.093, 139
Trd, 4319943.493, 102
Trd, 4319943.693, 82
Trd, 4319944.893, 81
Trd, 4319945.043, 77
Trd, 4319945.343, 92
Trd, 4319945.843, 140
Trd, 4319946.093, 82
Trd, 4319947.293, 135
Trd, 4319947.343, 134
Trd, 4319947.643, 110
Trd, 4319949.443, 81
Trd, 4319949.793, 94
Trd, 4319950.693, 126
Trd, 4319951.293, 85
Trd, 4319951.343, 78
Trd, 4319953.743, 60
Trd, 4319954.693, 60
Trd, 4319954.743, 61
Trd, 4319955.793, 60
Trd, 4319957.443, 60
Trd, 4319957.593, 60
Trd, 4319957.793, 60
Trd, 4319959.693, 60
Trd, 4319959.843, 64
Trd, 4319960.393, 60
Trd, 4319960.793, 65
Trd, 4319961.443, 65
Trd, 4319962.893, 69
Trd, 4319964.193, 140
Trd, 4319964.293, 138
Trd, 4319964.693, 106
Trd, 4319965.043, 104
Trd, 4319965.693, 102
Trd, 4319965.743, 90
Trd, 4319965.943, 138
Trd, 4319968.593, 129
Trd, 4319968.743, 127
Trd, 4319969.393, 115
Trd, 4319969.493, 97
Trd, 4319969.793, 130
Trd, 4319970.093, 88
Trd, 4319970.293, 136
Trd, 4319971.993, 139
Trd, 4319973.143, 60
Trd, 4319973.443, 60
Trd, 4319973.843, 60
Trd, 4319973.993, 119
Trd, 4319974.643, 138
Trd, 4319976.893, 128
Trd, 4319976.943, 99
Trd, 4319977.143, 98
Trd, 4319977.193, 86
Trd, 4319977.743, 140
Trd, 4319977.943, 100
Trd, 4319979.543, 107
Trd, 4319980.043, 140
Trd, 4319980.493, 85
Trd, 4319981.693, 62
Trd, 4319982.143, 71
Trd, 4319982.893, 67
Trd, 4319983.443, 63
Trd, 4319983.693, 81
Trd, 4319984.843, 134
Trd, 4319985.093, 133
Trd, 4319985.293, 125
Trd, 4319987.543, 140
Trd, 4319987.943, 140
Trd, 4319988.343, 140
Trd, 4319988.393, 137
Trd, 4319988.943, 127
Trd, 4319989.443, 133
Trd, 4319989.743, 96
Trd, 4319992.943, 80
Trd, 4319992.993, 77
Trd, 4319993.843, 67
Trd, 4319993.943, 60
Trd, 4319994.143, 66
Trd, 4319994.643, 61
Trd, 4319995.893, 60
Trd, 4319996.293, 62
Trd, 4319997.143, 63
Trd, 4319997.393, 67
Trd, 4319997.793, 102
Trd, 4319999.793, 83
