Trd, 4318090.593, 140
Trd, 4318090.743, 140
Trd, 4318091.293, 140
Trd, 4318091.793, 139
Trd, 4318093.143, 140
Trd, 4318093.443, 140
Trd, 4318095.043, 140
Trd, 4318096.243, 60
Trd, 4318096.693, 60
Trd, 4318097.843, 60
Trd, 4318097.893, 60
Trd, 4318097.943, 66
Trd, 4318098.493, 140
Trd, 4318099.543, 140
Trd, 4318099.593, 140
Trd, 4318100.193, 139
Trd, 4318102.293, 140
Trd, 4318102.543, 140
Trd, 4318102.643, 139
Trd, 4318102.693, 129
Trd, 4318103.243, 122
Trd, 4318103.743, 139
Trd, 4318103.993, 80
Trd, 4318104.793, 98
Trd, 4318105.093, 85
Trd, 4318105.593, 102
Trd, 4318107.693, 140
Trd, 4318108.443, 140
Trd, 4318108.493, 140
Trd, 4318109.143, 140
Trd, 4318109.393, 140
Trd, 4318110.243, 140
Trd, 4318110.493, 138
Trd, 4318113.343, 140
Trd, 4318114.443, 140
Trd, 4318115.143, 140
Trd, 4318115.193, 140
Trd, 4318117.043, 140
Trd, 4318117.143, 140
Trd, 4318117.793, 140
Trd, 4318118.943, 139
Trd, 4318119.443, 140
Trd, 4318119.693, 137
Trd, 4318121.943, 133
Trd, 4318122.093, 98
Trd, 4318123.393, 132
Trd, 4318123.443, 133
Trd, 4318124.093, 139
Trd, 4318124.193, 111
Trd, 4318125.293, 137
Trd, 4318126.993, 140
Trd, 4318127.843, 140
Trd, 4318129.293, 140
Trd, 4318129.593, 140
Trd, 4318131.243, 140
Trd, 4318131.343, 138
Trd, 4318132.843, 139
Trd, 4318132.993, 138
Trd, 4318133.643, 138
Trd, 4318134.743, 131
Trd, 4318134.993, 130
Trd, 4318135.543, 140
Trd, 4318135.693, 75
Trd, 4318135.943, 76
Trd, 4318136.743, 74
Trd, 4318137.043, 136
Trd, 4318137.193, 137
Trd, 4318138.093, 77
Trd, 4318140.143, 140
Trd, 4318140.843, 140
Trd, 4318141.493, 138
Trd, 4318142.793, 140
Trd, 4318143.243, 140
Trd, 4318144.293, 140
Trd, 4318145.543, 140
Trd, 4318145.593, 140
Trd, 4318146.743, 71
Trd, 4318146.943, 71
Trd, 4318147.493, 72
Trd, 4318147.843, 61
Trd, 4318148.193, 68
Trd, 4318149.593, 140
Trd, 4318149.693, 124
Trd, 4318149.793, 113
Trd, 4318150.543, 113
Trd, 4318151.593, 140
Trd, 4318151.743, 139
Trd, 4318152.993, 140
Trd, 4318154.493, 140
Trd, 4318156.493, 140
Trd, 4318158.543, 140
Trd, 4318158.943, 140
Trd, 4318160.093, 140
Trd, 4318160.943, 140
Trd, 4318161.943, 140
Trd, 4318162.243, 140
Trd, 4318164.893, 140
Trd, 4318165.193, 140
Trd, 4318166.193, 140
Trd, 4318166.243, 140
Trd, 4318167.043, 83
Trd, 4318167.543, 122
Trd, 4318168.543, 109
Trd, 4318170.043, 140
Trd, 4318170.093, 140
Trd, 4318170.193, 139
Trd, 4318170.393, 106
Trd, 4318170.443, 65
Trd, 4318171.643, 82
Trd, 4318173.493, 140
Trd, 4318174.593, 140
Trd, 4318176.693, 140
Trd, 4318177.693, 140
Trd, 4318177.793, 140
Trd, 4318178.993, 140
Trd, 4318180.093, 140
Trd, 4318180.493, 140
Trd, 4318182.093, 140
Trd, 4318182.293, 140
Trd, 4318182.893, 140
Trd, 4318183.043, 140
Trd, 4318184.093, 139
Trd, 4318184.993, 112
Trd, 4318185.593, 135
Trd, 4318185.793, 132
Trd, 4318187.143, 138
Trd, 4318187.643, 110
Trd, 4318187.793, 79
Trd, 4318188.293, 136
Trd, 4318189.043, 140
Trd, 4318189.393, 140
Trd, 4318191.243, 74
Trd, 4318191.343, 75
Trd, 4318191.693, 65
Trd, 4318192.643, 60
Trd, 4318193.693, 60
Trd, 4318194.543, 60
Trd, 4318195.193, 60
Trd, 4318195.593, 61
Trd, 4318196.193, 66
Trd, 4318196.693, 61
Trd, 4318196.743, 62
Trd, 4318197.193, 140
Trd, 4318198.293, 140
Trd, 4318198.593, 140
Trd, 4318199.743, 140
Trd, 4318200.143, 139
Trd, 4318201.593, 140
Trd, 4318202.643, 140
Trd, 4318203.093, 140
Trd, 4318204.343, 140
Trd, 4318204.693, 138
Trd, 4318204.993, 108
Trd, 4318205.593, 114
Trd, 4318205.843, 111
Trd, 4318207.343, 140
Trd, 4318208.493, 140
Trd, 4318209.543, 140
Trd, 4318210.243, 140
Trd, 4318211.393, 140
Trd, 4318211.893, 140
Trd, 4318212.743, 140
Trd, 4318214.643, 140
Trd, 4318214.893, 140
Trd, 4318215.043, 140
Trd, 4318215.793, 140
Trd, 4318216.093, 140
Trd, 4318216.543, 139
Trd, 4318217.793, 139
Trd, 4318217.893, 135
Trd, 4318219.443, 137
Trd, 4318219.493, 138
Trd, 4318221.093, 118
Trd, 4318221.193, 132
Trd, 4318221.593, 104
Trd, 4318222.193, 139
Trd, 4318222.493, 99
Trd, 4318222.943, 138
Trd, 4318223.993, 77
Trd, 4318225.493, 135
Trd, 4318226.043, 60
Trd, 4318226.143, 60
Trd, 4318226.793, 61
Trd, 4318227.143, 62
Trd, 4318227.293, 63
Trd, 4318229.893, 140
Trd, 4318229.943, 140
Trd, 4318230.693, 140
Trd, 4318230.893, 140
Trd, 4318230.943, 140
Trd, 4318231.843, 139
Trd, 4318232.593, 136
Trd, 4318234.393, 137
Trd, 4318235.043, 139
Trd, 4318235.143, 136
Trd, 4318236.893, 138
Trd, 4318237.143, 128
Trd, 4318237.893, 62
Trd, 4318238.743, 130
Trd, 4318239.543, 123
Trd, 4318241.243, 65
Trd, 4318241.543, 140
Trd, 4318242.543, 140
Trd, 4318242.743, 140
Trd, 4318242.993, 91
Trd, 4318243.143, 140
Trd, 4318243.693, 138
Trd, 4318244.743, 66
Trd, 4318245.693, 61
Trd, 4318245.993, 60
Trd, 4318246.893, 61
Trd, 4318248.543, 60
Trd, 4318249.043, 61
Trd, 4318250.593, 66
Trd, 4318251.193, 71
Trd, 4318252.093, 82
Trd, 4318252.593, 60
Trd, 4318253.193, 140
Trd, 4318253.493, 140
Trd, 4318254.293, 140
Trd, 4318254.593, 140
Trd, 4318254.893, 139
Trd, 4318256.643, 140
Trd, 4318257.193, 140
Trd, 4318257.493, 139
Trd, 4318258.643, 139
Trd, 4318260.043, 140
Trd, 4318260.093, 140
Trd, 4318260.243, 140
Trd, 4318260.343, 139
Trd, 4318261.393, 114
Trd, 4318261.943, 72
Trd, 4318262.293, 73
Trd, 4318264.043, 79
Trd, 4318264.093, 98
Trd, 4318264.443, 132
Trd, 4318264.843, 85
Trd, 4318265.043, 84
Trd, 4318265.743, 130
Trd, 4318266.693, 74
Trd, 4318266.943, 130
Trd, 4318269.643, 140
Trd, 4318269.693, 140
Trd, 4318269.793, 140
Trd, 4318270.093, 101
Trd, 4318272.793, 140
Trd, 4318273.243, 140
Trd, 4318273.943, 140
Trd, 4318274.743, 140
Trd, 4318275.143, 140
Trd, 4318275.493, 139
Trd, 4318276.243, 139
Trd, 4318278.393, 75
Trd, 4318278.443, 71
Trd, 4318279.393, 118
Trd, 4318280.243, 129
Trd, 4318280.593, 130
Trd, 4318280.743, 73
Trd, 4318281.193, 80
Trd, 4318281.443, 69
Trd, 4318281.843, 80
Trd, 4318282.393, 81
Trd, 4318284.293, 60
Trd, 4318284.693, 60
Trd, 4318284.793, 60
Trd, 4318284.843, 60
Trd, 4318286.993, 60
Trd, 4318287.493, 60
Trd, 4318288.393, 62
Trd, 4318288.843, 75
Trd, 4318290.893, 61
Trd, 4318292.043, 60
Trd, 4318292.143, 62
Trd, 4318294.143, 140
Trd, 4318294.893, 140
Trd, 4318295.043, 140
Trd, 4318295.243, 140
Trd, 4318295.893, 64
Trd, 4318297.443, 129
Trd, 4318297.843, 127
Trd, 4318298.743, 128
Trd, 4318298.893, 63
Trd, 4318299.243, 122
Trd, 4318299.443, 139
Trd, 4318299.943, 60
Trd, 4318301.793, 62
Trd, 4318302.343, 65
Trd, 4318303.043, 69
Trd, 4318304.393, 140
Trd, 4318305.693, 140
Trd, 4318305.793, 137
Trd, 4318306.293, 140
Trd, 4318306.543, 136
Trd, 4318308.343, 126
Trd, 4318309.243, 111
Trd, 4318309.793, 103
Trd, 4318310.793, 92
Trd, 4318310.843, 124
Trd, 4318311.593, 124
Trd, 4318312.093, 125
Trd, 4318312.293, 94
Trd, 4318313.593, 138
Trd, 4318314.143, 70
Trd, 4318314.593, 101
Trd, 4318314.943, 63
Trd, 4318316.243, 61
Trd, 4318316.993, 68
Trd, 4318317.243, 69
Trd, 4318318.843, 140
Trd, 4318319.043, 140
Trd, 4318319.393, 140
Trd, 4318319.693, 139
Trd, 4318319.743, 137
Trd, 4318321.243, 140
Trd, 4318321.893, 140
Trd, 4318325.293, 140
Trd, 4318326.343, 140
Trd, 4318326.393, 140
Trd, 4318326.993, 140
Trd, 4318327.293, 140
Trd, 4318327.493, 140
Trd, 4318327.943, 140
Trd, 4318330.243, 140
Trd, 4318330.543, 140
Trd, 4318331.293, 140
Trd, 4318331.793, 140
Trd, 4318332.943, 140
Trd, 4318333.443, 140
Trd, 4318335.093, 140
Trd, 4318335.393, 140
Trd, 4318336.893, 140
Trd, 4318337.543, 140
Trd, 4318337.793, 140
Trd, 4318338.693, 140
Trd, 4318338.993, 139
Trd, 4318339.043, 138
Trd, 4318341.093, 123
Trd, 4318341.293, 129
Trd, 4318341.443, 133
Trd, 4318341.993, 139
Trd, 4318342.493, 123
Trd, 4318343.193, 140
Trd, 4318345.643, 122
Trd, 4318346.293, 131
Trd, 4318346.793, 129
Trd, 4318347.243, 124
Trd, 4318347.593, 130
Trd, 4318348.043, 124
Trd, 4318348.243, 109
Trd, 4318348.493, 99
Trd, 4318348.993, 140
Trd, 4318349.543, 115
Trd, 4318350.293, 140
Trd, 4318350.943, 140
Trd, 4318351.543, 136
Trd, 4318353.443, 137
Trd, 4318353.693, 140
Trd, 4318354.343, 62
Trd, 4318355.193, 66
Trd, 4318355.293, 65
Trd, 4318355.493, 67
Trd, 4318355.843, 68
Trd, 4318357.193, 139
Trd, 4318358.943, 136
Trd, 4318359.043, 138
Trd, 4318359.643, 113
Trd, 4318359.993, 113
Trd, 4318360.093, 111
Trd, 4318361.493, 140
Trd, 4318362.093, 139
Trd, 4318363.993, 138
Trd, 4318364.043, 137
Trd, 4318365.293, 140
Trd, 4318365.693, 138
Trd, 4318367.393, 136
Trd, 4318368.343, 136
Trd, 4318368.393, 132
Trd, 4318368.893, 125
Trd, 4318369.443, 122
Trd, 4318369.493, 107
Trd, 4318370.143, 103
Trd, 4318370.993, 61
Trd, 4318371.993, 136
Trd, 4318372.743, 129
Trd, 4318373.643, 60
Trd, 4318373.793, 60
Trd, 4318374.843, 112
Trd, 4318375.493, 140
Trd, 4318375.693, 112
Trd, 4318378.743, 140
Trd, 4318378.843, 139
Trd, 4318381.043, 140
Trd, 4318381.093, 140
Trd, 4318382.543, 140
Trd, 4318383.193, 140
Trd, 4318383.243, 140
Trd, 4318386.143, 140
Trd, 4318386.793, 140
Trd, 4318387.693, 140
Trd, 4318387.793, 140
Trd, 4318388.443, 140
Trd, 4318388.893, 140
Trd, 4318389.143, 134
Trd, 4318390.843, 133
Trd, 4318391.993, 89
Trd, 4318392.693, 138
Trd, 4318392.943, 139
Trd, 4318393.143, 131
Trd, 4318393.693, 140
Trd, 4318394.293, 83
Trd, 4318394.743, 106
Trd, 4318395.093, 140
Trd, 4318395.943, 139
Trd, 4318396.143, 105
Trd, 4318396.293, 96
Trd, 4318397.943, 140
Trd, 4318398.843, 140
Trd, 4318398.943, 140
Trd, 4318400.993, 138
Trd, 4318401.143, 140
Trd, 4318402.093, 140
Trd, 4318402.643, 132
Trd, 4318402.843, 140
Trd, 4318404.093, 140
Trd, 4318405.043, 140
Trd, 4318405.443, 140
Trd, 4318407.093, 138
Trd, 4318407.393, 140
Trd, 4318408.343, 140
Trd, 4318408.443, 137
Trd, 4318408.593, 109
Trd, 4318408.893, 70
Trd, 4318408.993, 140
Trd, 4318411.943, 140
Trd, 4318412.743, 140
Trd, 4318412.993, 140
Trd, 4318414.343, 140
Trd, 4318415.943, 140
Trd, 4318416.393, 140
Trd, 4318416.593, 139
Trd, 4318417.743, 140
Trd, 4318418.493, 140
Trd, 4318419.493, 133
Trd, 4318421.243, 140
Trd, 4318421.793, 140
Trd, 4318422.243, 140
Trd, 4318422.743, 140
Trd, 4318423.093, 140
Trd, 4318424.393, 140
Trd, 4318424.793, 140
Trd, 4318426.093, 140
Trd, 4318426.693, 129
Trd, 4318427.143, 130
Trd, 4318427.443, 102
Trd, 4318428.093, 134
Trd, 4318429.043, 140
Trd, 4318429.443, 75
Trd, 4318431.743, 140
Trd, 4318432.043, 140
Trd, 4318432.993, 140
Trd, 4318433.543, 140
Trd, 4318433.793, 139
Trd, 4318434.543, 111
Trd, 4318434.693, 114
Trd, 4318434.743, 110
Trd, 4318435.443, 130
Trd, 4318435.993, 60
Trd, 4318439.293, 140
Trd, 4318439.543, 140
Trd, 4318439.893, 140
Trd, 4318440.143, 139
Trd, 4318441.793, 137
Trd, 4318442.143, 139
Trd, 4318442.393, 137
Trd, 4318442.443, 65
Trd, 4318444.343, 140
Trd, 4318445.793, 140
Trd, 4318446.243, 140
Trd, 4318446.943, 140
Trd, 4318447.893, 140
Trd, 4318448.993, 140
Trd, 4318450.143, 140
Trd, 4318451.793, 140
Trd, 4318453.143, 140
Trd, 4318454.043, 140
Trd, 4318454.593, 140
Trd, 4318454.843, 140
Trd, 4318456.793, 140
Trd, 4318456.893, 140
Trd, 4318459.193, 140
Trd, 4318459.293, 139
Trd, 4318460.093, 140
Trd, 4318460.443, 140
Trd, 4318461.393, 140
Trd, 4318461.893, 140
Trd, 4318462.793, 140
Trd, 4318464.093, 140
Trd, 4318464.643, 140
Trd, 4318465.293, 140
Trd, 4318465.893, 140
Trd, 4318466.293, 140
Trd, 4318466.543, 140
Trd, 4318467.393, 140
Trd, 4318467.493, 140
Trd, 4318469.443, 140
Trd, 4318470.143, 138
Trd, 4318470.843, 138
Trd, 4318471.143, 70
Trd, 4318471.543, 140
Trd, 4318473.243, 140
Trd, 4318473.593, 140
Trd, 4318475.293, 140
Trd, 4318475.793, 140
Trd, 4318476.293, 140
Trd, 4318477.593, 140
Trd, 4318477.993, 140
Trd, 4318479.043, 140
Trd, 4318479.193, 111
Trd, 4318479.443, 140
Trd, 4318479.593, 140
Trd, 4318479.743, 139
Trd, 4318481.993, 138
Trd, 4318482.793, 139
Trd, 4318483.343, 138
Trd, 4318483.393, 135
Trd, 4318483.443, 76
Trd, 4318484.243, 140
Trd, 4318484.293, 139
Trd, 4318484.793, 140
Trd, 4318485.643, 134
Trd, 4318486.043, 140
Trd, 4318488.643, 140
Trd, 4318489.293, 140
Trd, 4318490.743, 140
Trd, 4318490.943, 140
Trd, 4318491.243, 140
Trd, 4318491.693, 140
Trd, 4318492.393, 139
Trd, 4318493.843, 112
Trd, 4318493.943, 138
Trd, 4318494.193, 138
Trd, 4318494.243, 111
Trd, 4318494.893, 138
Trd, 4318495.993, 131
Trd, 4318496.543, 117
Trd, 4318497.143, 61
Trd, 4318497.593, 63
Trd, 4318497.893, 98
Trd, 4318499.643, 139
Trd, 4318500.593, 100
Trd, 4318500.993, 99
Trd, 4318501.043, 70
Trd, 4318501.393, 138
Trd, 4318501.793, 140
Trd, 4318502.143, 140
Trd, 4318503.143, 140
Trd, 4318504.543, 140
Trd, 4318504.793, 140
Trd, 4318507.293, 140
Trd, 4318508.893, 140
Trd, 4318509.693, 140
Trd, 4318509.943, 140
Trd, 4318510.243, 140
Trd, 4318511.093, 140
Trd, 4318511.993, 140
Trd, 4318512.193, 140
Trd, 4318514.093, 140
Trd, 4318514.443, 140
Trd, 4318514.843, 138
Trd, 4318515.543, 112
Trd, 4318518.293, 140
Trd, 4318519.593, 140
Trd, 4318520.543, 140
Trd, 4318521.693, 140
Trd, 4318521.793, 139
Trd, 4318523.193, 140
Trd, 4318523.793, 140
Trd, 4318524.393, 140
Trd, 4318524.693, 140
Trd, 4318525.243, 139
Trd, 4318525.943, 137
Trd, 4318526.493, 138
Trd, 4318526.593, 136
Trd, 4318528.043, 74
Trd, 4318528.443, 131
Trd, 4318529.143, 87
Trd, 4318529.343, 86
Trd, 4318531.793, 140
Trd, 4318532.043, 140
Trd, 4318534.293, 140
Trd, 4318535.393, 140
Trd, 4318536.393, 140
Trd, 4318537.143, 140
Trd, 4318537.993, 140
Trd, 4318538.443, 140
Trd, 4318539.543, 100
Trd, 4318540.393, 140
Trd, 4318542.393, 140
Trd, 4318542.493, 140
Trd, 4318542.893, 140
Trd, 4318543.343, 138
Trd, 4318544.093, 137
Trd, 4318544.993, 137
Trd, 4318545.793, 140
Trd, 4318547.643, 140
Trd, 4318548.343, 140
Trd, 4318548.493, 140
Trd, 4318550.343, 140
Trd, 4318550.943, 140
Trd, 4318551.043, 140
Trd, 4318552.093, 138
Trd, 4318552.293, 136
Trd, 4318552.993, 139
Trd, 4318553.393, 139
Trd, 4318553.543, 136
Trd, 4318554.193, 70
Trd, 4318554.743, 107
Trd, 4318555.443, 103
Trd, 4318555.943, 117
Trd, 4318558.743, 140
Trd, 4318559.043, 140
Trd, 4318559.293, 140
Trd, 4318559.643, 74
Trd, 4318560.043, 65
Trd, 4318562.193, 140
Trd, 4318562.493, 138
Trd, 4318564.193, 140
Trd, 4318564.243, 139
Trd, 4318565.193, 139
Trd, 4318565.543, 108
Trd, 4318566.493, 107
Trd, 4318566.793, 140
Trd, 4318567.493, 138
Trd, 4318567.943, 119
Trd, 4318568.043, 122
Trd, 4318570.943, 137
Trd, 4318571.293, 79
Trd, 4318571.593, 78
Trd, 4318572.143, 139
Trd, 4318572.693, 77
Trd, 4318573.443, 140
Trd, 4318573.693, 138
Trd, 4318574.593, 140
Trd, 4318574.643, 115
Trd, 4318575.293, 140
Trd, 4318576.693, 140
Trd, 4318577.443, 140
Trd, 4318577.743, 140
Trd, 4318580.193, 140
Trd, 4318580.593, 140
Trd, 4318581.193, 140
Trd, 4318583.493, 140
Trd, 4318583.593, 140
Trd, 4318584.093, 140
Trd, 4318584.293, 140
Trd, 4318584.993, 138
Trd, 4318585.593, 140
Trd, 4318585.793, 129
Trd, 4318588.493, 140
Trd, 4318588.593, 140
Trd, 4318588.643, 139
Trd, 4318589.243, 139
Trd, 4318589.893, 140
Trd, 4318590.193, 140
Trd, 4318590.743, 140
Trd, 4318590.793, 140
Trd, 4318592.443, 136
Trd, 4318594.043, 136
Trd, 4318594.643, 140
Trd, 4318595.143, 137
Trd, 4318596.893, 135
Trd, 4318597.843, 140
Trd, 4318598.393, 138
Trd, 4318598.843, 139
Trd, 4318599.093, 138
Trd, 4318599.793, 139
Trd, 4318599.943, 137
Trd, 4318600.093, 135
Trd, 4318600.543, 87
Trd, 4318600.743, 86
Trd, 4318600.893, 138
Trd, 4318602.643, 140
Trd, 4318603.343, 140
Trd, 4318605.943, 140
Trd, 4318607.243, 140
Trd, 4318607.643, 140
Trd, 4318608.243, 140
Trd, 4318608.793, 138
Trd, 4318608.893, 138
Trd, 4318609.343, 137
Trd, 4318609.443, 105
Trd, 4318611.143, 140
Trd, 4318611.643, 140
Trd, 4318612.243, 140
Trd, 4318612.893, 140
Trd, 4318613.743, 140
Trd, 4318614.393, 139
Trd, 4318614.643, 139
Trd, 4318615.243, 84
Trd, 4318615.593, 140
Trd, 4318618.143, 140
Trd, 4318619.793, 140
Trd, 4318620.343, 140
Trd, 4318622.143, 140
Trd, 4318623.143, 140
Trd, 4318623.693, 140
Trd, 4318624.243, 139
Trd, 4318625.043, 136
Trd, 4318625.943, 114
Trd, 4318626.693, 140
Trd, 4318626.793, 139
Trd, 4318627.443, 108
Trd, 4318628.093, 108
Trd, 4318628.243, 134
Trd, 4318629.193, 70
Trd, 4318629.343, 69
Trd, 4318631.593, 60
Trd, 4318632.293, 60
Trd, 4318632.743, 64
Trd, 4318633.093, 74
Trd, 4318634.193, 140
Trd, 4318635.143, 127
Trd, 4318635.893, 138
Trd, 4318636.493, 123
Trd, 4318637.393, 104
Trd, 4318637.693, 104
Trd, 4318637.993, 76
Trd, 4318638.393, 111
Trd, 4318638.643, 102
Trd, 4318640.193, 140
Trd, 4318640.643, 140
Trd, 4318641.443, 140
Trd, 4318642.093, 138
Trd, 4318642.343, 137
Trd, 4318643.143, 94
Trd, 4318644.443, 139
Trd, 4318645.243, 92
Trd, 4318645.543, 140
Trd, 4318645.943, 65
Trd, 4318646.993, 78
Trd, 4318647.593, 67
Trd, 4318647.843, 66
Trd, 4318648.293, 140
Trd, 4318650.293, 140
Trd, 4318651.093, 140
Trd, 4318651.793, 140
Trd, 4318652.893, 137
Trd, 4318653.843, 140
Trd, 4318654.793, 139
Trd, 4318655.593, 133
Trd, 4318657.143, 140
Trd, 4318658.293, 140
Trd, 4318658.443, 140
Trd, 4318658.493, 140
Trd, 4318659.793, 139
Trd, 4318660.793, 140
Trd, 4318661.543, 63
Trd, 4318661.593, 102
Trd, 4318662.643, 102
Trd, 4318664.043, 78
Trd, 4318664.243, 132
Trd, 4318664.793, 114
Trd, 4318665.343, 93
Trd, 4318665.843, 140
Trd, 4318666.143, 139
Trd, 4318666.743, 140
Trd, 4318667.893, 140
Trd, 4318668.743, 140
Trd, 4318671.143, 140
Trd, 4318671.293, 140
Trd, 4318671.593, 137
Trd, 4318671.943, 135
Trd, 4318672.043, 108
Trd, 4318672.393, 73
Trd, 4318672.593, 138
Trd, 4318674.793, 95
Trd, 4318675.743, 140
Trd, 4318676.493, 140
Trd, 4318679.193, 140
Trd, 4318679.393, 140
Trd, 4318679.743, 140
Trd, 4318681.843, 140
Trd, 4318682.393, 140
Trd, 4318683.193, 140
Trd, 4318684.693, 140
Trd, 4318685.093, 140
Trd, 4318686.693, 140
Trd, 4318687.343, 140
Trd, 4318688.243, 140
Trd, 4318688.643, 140
Trd, 4318689.743, 140
Trd, 4318690.093, 139
Trd, 4318690.443, 139
Trd, 4318690.993, 139
Trd, 4318691.393, 117
Trd, 4318691.593, 106
Trd, 4318692.193, 107
Trd, 4318692.393, 109
Trd, 4318694.443, 140
Trd, 4318694.843, 140
Trd, 4318695.043, 140
Trd, 4318695.093, 140
Trd, 4318695.893, 136
Trd, 4318697.393, 60
Trd, 4318697.493, 61
Trd, 4318697.543, 63
Trd, 4318698.393, 71
Trd, 4318699.893, 140
Trd, 4318701.693, 140
Trd, 4318701.793, 140
Trd, 4318702.393, 134
Trd, 4318703.493, 140
Trd, 4318703.843, 140
Trd, 4318705.043, 140
Trd, 4318705.193, 140
Trd, 4318705.893, 139
Trd, 4318707.193, 110
Trd, 4318707.343, 73
Trd, 4318707.393, 111
Trd, 4318707.743, 112
Trd, 4318707.893, 138
Trd, 4318708.643, 70
Trd, 4318709.743, 140
Trd, 4318710.193, 75
Trd, 4318711.643, 128
Trd, 4318713.143, 140
Trd, 4318715.643, 140
Trd, 4318715.843, 140
Trd, 4318716.043, 140
Trd, 4318716.493, 132
Trd, 4318716.993, 139
Trd, 4318718.843, 140
Trd, 4318719.293, 140
Trd, 4318720.193, 140
Trd, 4318720.493, 140
Trd, 4318721.443, 128
Trd, 4318722.443, 140
Trd, 4318724.093, 140
Trd, 4318724.593, 140
Trd, 4318725.293, 140
Trd, 4318725.543, 140
Trd, 4318725.993, 140
Trd, 4318726.143, 88
Trd, 4318728.093, 140
Trd, 4318729.443, 140
Trd, 4318730.393, 140
Trd, 4318731.043, 140
Trd, 4318731.293, 140
Trd, 4318732.193, 140
Trd, 4318733.843, 140
Trd, 4318734.443, 140
Trd, 4318734.693, 140
Trd, 4318735.093, 139
Trd, 4318735.993, 140
Trd, 4318736.843, 134
Trd, 4318736.893, 132
Trd, 4318736.993, 132
Trd, 4318738.493, 140
Trd, 4318739.143, 140
Trd, 4318741.093, 140
Trd, 4318741.293, 140
Trd, 4318743.093, 140
Trd, 4318746.043, 140
Trd, 4318746.093, 140
Trd, 4318746.343, 140
Trd, 4318749.093, 140
Trd, 4318749.143, 140
Trd, 4318749.743, 138
Trd, 4318750.193, 140
Trd, 4318750.393, 140
Trd, 4318751.393, 139
Trd, 4318751.543, 138
Trd, 4318752.793, 140
Trd, 4318752.893, 140
Trd, 4318753.643, 111
Trd, 4318753.793, 139
Trd, 4318754.093, 140
Trd, 4318754.193, 95
Trd, 4318755.993, 67
Trd, 4318756.443, 67
Trd, 4318757.193, 68
Trd, 4318757.243, 69
Trd, 4318758.843, 140
Trd, 4318759.493, 140
Trd, 4318759.593, 140
Trd, 4318759.693, 85
Trd, 4318759.793, 140
Trd, 4318760.243, 140
Trd, 4318761.843, 60
Trd, 4318762.793, 60
Trd, 4318763.293, 60
Trd, 4318763.543, 61
Trd, 4318763.693, 62
Trd, 4318764.143, 67
Trd, 4318764.643, 63
Trd, 4318765.843, 64
Trd, 4318766.493, 63
Trd, 4318768.443, 60
Trd, 4318769.793, 62
Trd, 4318770.293, 65
Trd, 4318770.593, 65
Trd, 4318772.243, 63
Trd, 4318772.293, 64
Trd, 4318772.393, 68
Trd, 4318772.493, 73
Trd, 4318772.893, 104
Trd, 4318774.343, 60
Trd, 4318774.443, 62
Trd, 4318775.993, 60
Trd, 4318776.493, 63
Trd, 4318776.543, 65
Trd, 4318776.643, 62
Trd, 4318777.093, 60
Trd, 4318777.143, 61
Trd, 4318778.993, 86
Trd, 4318779.593, 76
Trd, 4318779.893, 129
Trd, 4318780.693, 140
Trd, 4318782.093, 139
Trd, 4318782.793, 138
Trd, 4318783.643, 140
Trd, 4318784.243, 79
Trd, 4318784.543, 80
Trd, 4318785.243, 80
Trd, 4318787.243, 140
Trd, 4318787.593, 140
Trd, 4318787.693, 140
Trd, 4318788.643, 140
Trd, 4318789.393, 140
Trd, 4318789.793, 139
Trd, 4318790.543, 130
Trd, 4318791.643, 139
Trd, 4318791.943, 67
Trd, 4318792.693, 139
Trd, 4318794.143, 138
Trd, 4318794.293, 76
Trd, 4318794.393, 91
Trd, 4318796.393, 140
Trd, 4318796.943, 140
Trd, 4318797.943, 113
Trd, 4318798.643, 112
Trd, 4318799.193, 60
Trd, 4318799.443, 61
Trd, 4318799.693, 85
Trd, 4318801.543, 140
Trd, 4318802.193, 140
Trd, 4318802.693, 140
Trd, 4318803.043, 140
Trd, 4318803.393, 104
Trd, 4318803.493, 103
Trd, 4318803.643, 140
Trd, 4318805.193, 140
Trd, 4318807.543, 139
Trd, 4318807.743, 138
Trd, 4318808.443, 140
Trd, 4318810.143, 140
Trd, 4318810.543, 140
Trd, 4318811.193, 140
Trd, 4318811.943, 139
Trd, 4318811.993, 139
Trd, 4318812.193, 139
Trd, 4318812.593, 140
Trd, 4318813.093, 140
Trd, 4318814.643, 140
Trd, 4318815.643, 140
Trd, 4318817.493, 140
Trd, 4318817.743, 140
Trd, 4318818.443, 140
Trd, 4318820.843, 140
Trd, 4318821.043, 139
Trd, 4318822.293, 140
Trd, 4318822.693, 140
Trd, 4318824.043, 140
Trd, 4318824.493, 140
Trd, 4318824.843, 140
Trd, 4318825.843, 140
Trd, 4318826.843, 140
Trd, 4318827.343, 140
Trd, 4318828.143, 139
Trd, 4318828.493, 138
Trd, 4318828.693, 108
Trd, 4318830.193, 62
Trd, 4318830.343, 63
Trd, 4318831.493, 68
Trd, 4318831.643, 68
Trd, 4318832.043, 69
Trd, 4318832.193, 63
Trd, 4318833.593, 140
Trd, 4318833.743, 140
Trd, 4318834.693, 135
Trd, 4318836.893, 139
Trd, 4318838.443, 140
Trd, 4318839.343, 138
Trd, 4318839.693, 121
Trd, 4318839.943, 138
Trd, 4318840.443, 134
Trd, 4318840.493, 136
Trd, 4318841.143, 122
Trd, 4318842.143, 135
Trd, 4318842.343, 124
Trd, 4318844.693, 140
Trd, 4318844.893, 100
Trd, 4318844.993, 112
Trd, 4318845.893, 136
Trd, 4318847.693, 140
Trd, 4318848.093, 140
Trd, 4318848.143, 140
Trd, 4318849.093, 67
Trd, 4318849.693, 140
Trd, 4318850.043, 140
Trd, 4318850.543, 139
Trd, 4318852.393, 140
Trd, 4318854.993, 140
Trd, 4318855.693, 140
Trd, 4318856.043, 140
Trd, 4318856.593, 140
Trd, 4318856.643, 139
Trd, 4318856.943, 138
Trd, 4318858.643, 139
Trd, 4318858.693, 126
Trd, 4318861.393, 140
Trd, 4318861.993, 140
Trd, 4318862.193, 140
Trd, 4318863.043, 140
Trd, 4318863.343, 137
Trd, 4318863.693, 140
Trd, 4318863.743, 99
Trd, 4318864.743, 92
Trd, 4318864.943, 65
Trd, 4318865.093, 66
Trd, 4318865.743, 60
Trd, 4318866.393, 62
Trd, 4318867.993, 68
Trd, 4318868.193, 90
Trd, 4318868.943, 93
Trd, 4318870.243, 71
Trd, 4318870.593, 96
Trd, 4318871.093, 104
Trd, 4318871.843, 131
Trd, 4318871.993, 131
Trd, 4318872.193, 134
Trd, 4318874.843, 140
Trd, 4318875.943, 138
Trd, 4318876.593, 140
Trd, 4318876.893, 140
Trd, 4318877.193, 137
Trd, 4318877.743, 119
Trd, 4318879.043, 140
Trd, 4318880.043, 140
Trd, 4318880.443, 139
Trd, 4318881.693, 111
Trd, 4318881.743, 136
Trd, 4318881.843, 110
Trd, 4318882.043, 109
Trd, 4318883.193, 68
Trd, 4318884.443, 140
Trd, 4318884.543, 137
Trd, 4318884.893, 105
Trd, 4318885.493, 77
Trd, 4318887.193, 60
Trd, 4318887.693, 60
Trd, 4318889.743, 61
Trd, 4318889.893, 124
Trd, 4318890.943, 61
Trd, 4318891.343, 62
Trd, 4318891.843, 140
Trd, 4318892.093, 140
Trd, 4318892.643, 118
Trd, 4318894.093, 140
Trd, 4318897.393, 140
Trd, 4318897.693, 140
Trd, 4318897.943, 140
Trd, 4318898.993, 140
Trd, 4318899.043, 140
Trd, 4318901.893, 140
Trd, 4318903.943, 140
Trd, 4318904.093, 140
Trd, 4318904.293, 140
Trd, 4318904.493, 139
Trd, 4318904.893, 139
Trd, 4318904.943, 66
Trd, 4318906.643, 116
Trd, 4318907.893, 101
Trd, 4318908.593, 140
Trd, 4318909.543, 140
Trd, 4318910.493, 140
Trd, 4318910.693, 140
Trd, 4318911.043, 139
Trd, 4318912.043, 138
Trd, 4318912.593, 119
Trd, 4318913.043, 138
Trd, 4318913.693, 138
Trd, 4318914.093, 137
Trd, 4318915.193, 140
Trd, 4318915.293, 123
Trd, 4318915.793, 122
Trd, 4318918.143, 109
Trd, 4318918.293, 111
Trd, 4318918.543, 112
Trd, 4318918.593, 113
Trd, 4318918.843, 110
Trd, 4318919.143, 107
Trd, 4318919.243, 115
Trd, 4318920.193, 118
Trd, 4318920.993, 139
Trd, 4318922.793, 140
Trd, 4318923.293, 140
Trd, 4318924.993, 140
Trd, 4318925.593, 140
Trd, 4318926.993, 140
Trd, 4318927.093, 140
Trd, 4318927.293, 140
Trd, 4318927.893, 140
Trd, 4318928.393, 140
Trd, 4318929.193, 140
Trd, 4318930.843, 140
Trd, 4318931.193, 140
Trd, 4318931.493, 140
Trd, 4318933.343, 140
Trd, 4318934.143, 140
Trd, 4318935.943, 140
Trd, 4318936.793, 140
Trd, 4318938.793, 140
Trd, 4318939.243, 140
Trd, 4318939.643, 140
Trd, 4318940.093, 140
Trd, 4318940.293, 140
Trd, 4318940.443, 97
Trd, 4318941.693, 121
Trd, 4318942.743, 138
Trd, 4318942.843, 114
Trd, 4318943.143, 139
Trd, 4318943.943, 140
Trd, 4318944.193, 139
Trd, 4318944.543, 108
Trd, 4318947.293, 106
Trd, 4318947.343, 101
Trd, 4318948.643, 140
Trd, 4318949.143, 140
Trd, 4318949.343, 139
Trd, 4318949.443, 80
Trd, 4318950.693, 140
Trd, 4318951.793, 140
Trd, 4318952.343, 140
Trd, 4318952.543, 140
Trd, 4318953.093, 140
Trd, 4318954.243, 140
Trd, 4318954.593, 138
Trd, 4318954.693, 96
Trd, 4318955.243, 139
Trd, 4318956.143, 60
Trd, 4318956.193, 82
Trd, 4318956.443, 118
Trd, 4318958.493, 61
Trd, 4318958.943, 61
Trd, 4318959.243, 67
Trd, 4318960.393, 61
Trd, 4318962.193, 60
Trd, 4318962.293, 61
Trd, 4318962.393, 61
Trd, 4318964.143, 67
Trd, 4318964.793, 60
Trd, 4318966.393, 64
Trd, 4318966.743, 66
Trd, 4318967.093, 107
Trd, 4318967.293, 63
Trd, 4318967.843, 121
Trd, 4318968.143, 89
Trd, 4318968.443, 111
Trd, 4318968.793, 62
Trd, 4318970.293, 64
Trd, 4318972.493, 89
Trd, 4318973.193, 140
Trd, 4318973.493, 140
Trd, 4318973.743, 140
Trd, 4318974.343, 140
Trd, 4318974.443, 140
Trd, 4318974.593, 140
Trd, 4318974.993, 139
Trd, 4318976.293, 140
Trd, 4318978.093, 140
Trd, 4318978.143, 136
Trd, 4318978.243, 135
Trd, 4318978.843, 140
Trd, 4318980.493, 138
Trd, 4318982.793, 121
Trd, 4318982.943, 131
Trd, 4318984.293, 140
Trd, 4318984.343, 140
Trd, 4318986.093, 140
Trd, 4318987.293, 140
Trd, 4318988.893, 140
Trd, 4318990.343, 140
Trd, 4318990.493, 140
Trd, 4318990.743, 139
Trd, 4318991.193, 139
Trd, 4318991.293, 139
Trd, 4318991.343, 135
Trd, 4318993.093, 86
Trd, 4318993.193, 130
Trd, 4318993.443, 132
Trd, 4318993.693, 112
Trd, 4318993.993, 64
Trd, 4318994.493, 61
Trd, 4318996.793, 140
Trd, 4318997.293, 140
Trd, 4318998.193, 140
Trd, 4318999.093, 140
Trd, 4318999.843, 140
Trd, 4319000.643, 140
Trd, 4319001.543, 137
Trd, 4319005.393, 140
Trd, 4319005.543, 140
Trd, 4319005.943, 140
Trd, 4319006.093, 140
Trd, 4319007.043, 140
Trd, 4319007.743, 140
Trd, 4319009.693, 140
Trd, 4319010.093, 140
Trd, 4319010.993, 140
Trd, 4319011.643, 140
Trd, 4319013.193, 140
Trd, 4319013.493, 140
Trd, 4319013.543, 139
Trd, 4319014.443, 97
Trd, 4319015.193, 138
Trd, 4319015.693, 114
Trd, 4319016.143, 113
Trd, 4319017.693, 140
Trd, 4319018.193, 140
Trd, 4319019.743, 140
Trd, 4319020.043, 140
Trd, 4319020.843, 140
Trd, 4319021.693, 140
Trd, 4319022.843, 140
Trd, 4319022.893, 140
Trd, 4319023.093, 140
Trd, 4319025.193, 140
Trd, 4319025.443, 75
Trd, 4319025.943, 139
Trd, 4319026.443, 139
Trd, 4319027.293, 140
Trd, 4319028.193, 139
Trd, 4319028.593, 117
Trd, 4319031.193, 140
Trd, 4319031.343, 140
Trd, 4319031.643, 140
Trd, 4319031.693, 139
Trd, 4319032.993, 140
Trd, 4319033.743, 139
Trd, 4319034.393, 140
Trd, 4319036.393, 140
Trd, 4319036.943, 139
Trd, 4319037.343, 136
Trd, 4319037.443, 139
Trd, 4319037.493, 134
Trd, 4319037.643, 102
Trd, 4319038.743, 136
Trd, 4319039.793, 119
Trd, 4319040.443, 118
Trd, 4319040.843, 119
Trd, 4319041.443, 107
Trd, 4319042.143, 140
Trd, 4319044.643, 60
Trd, 4319045.343, 60
Trd, 4319045.843, 61
Trd, 4319045.893, 62
Trd, 4319045.993, 66
Trd, 4319047.093, 74
Trd, 4319047.143, 75
Trd, 4319048.943, 140
Trd, 4319049.243, 139
Trd, 4319050.293, 140
Trd, 4319051.143, 136
Trd, 4319052.293, 140
Trd, 4319052.543, 140
Trd, 4319052.693, 139
Trd, 4319052.743, 138
Trd, 4319052.943, 137
Trd, 4319054.893, 140
Trd, 4319055.843, 139
Trd, 4319056.393, 139
Trd, 4319056.943, 99
Trd, 4319056.993, 101
Trd, 4319057.993, 101
Trd, 4319058.493, 102
Trd, 4319060.393, 137
Trd, 4319060.443, 125
Trd, 4319060.543, 64
Trd, 4319061.843, 135
Trd, 4319061.893, 99
Trd, 4319062.343, 85
Trd, 4319063.393, 86
Trd, 4319063.643, 69
Trd, 4319063.893, 106
Trd, 4319065.843, 66
Trd, 4319066.143, 71
Trd, 4319067.343, 73
Trd, 4319067.643, 75
Trd, 4319068.093, 60
Trd, 4319069.443, 86
Trd, 4319069.643, 87
Trd, 4319070.093, 67
Trd, 4319072.393, 140
Trd, 4319073.343, 140
Trd, 4319074.243, 140
Trd, 4319074.343, 140
Trd, 4319075.493, 99
Trd, 4319076.493, 96
Trd, 4319077.943, 140
Trd, 4319078.093, 139
Trd, 4319078.193, 139
Trd, 4319079.293, 139
Trd, 4319079.993, 94
Trd, 4319080.093, 80
Trd, 4319081.993, 140
Trd, 4319082.043, 140
Trd, 4319083.243, 140
Trd, 4319083.443, 140
Trd, 4319083.493, 139
Trd, 4319084.393, 139
Trd, 4319085.943, 138
Trd, 4319086.243, 137
Trd, 4319086.993, 115
Trd, 4319087.543, 137
Trd, 4319088.193, 138
Trd, 4319088.843, 92
Trd, 4319089.693, 129
Trd, 4319089.893, 128
Trd, 4319090.293, 106
Trd, 4319090.693, 126
Trd, 4319091.143, 129
Trd, 4319091.943, 92
Trd, 4319093.943, 140
Trd, 4319094.143, 71
Trd, 4319095.243, 140
Trd, 4319095.593, 140
Trd, 4319096.793, 140
Trd, 4319097.593, 140
Trd, 4319097.743, 140
Trd, 4319098.543, 140
Trd, 4319098.743, 140
Trd, 4319099.993, 140
Trd, 4319100.243, 140
Trd, 4319100.943, 140
Trd, 4319101.743, 136
Trd, 4319102.593, 115
Trd, 4319102.743, 76
Trd, 4319103.393, 140
Trd, 4319103.543, 69
Trd, 4319105.543, 139
Trd, 4319106.193, 140
Trd, 4319108.593, 140
Trd, 4319108.893, 140
Trd, 4319109.043, 140
Trd, 4319109.243, 138
Trd, 4319110.093, 139
Trd, 4319110.143, 138
Trd, 4319110.793, 137
Trd, 4319111.393, 138
Trd, 4319112.843, 133
Trd, 4319112.943, 132
Trd, 4319113.393, 110
Trd, 4319115.243, 140
Trd, 4319117.193, 140
Trd, 4319117.593, 140
Trd, 4319118.143, 140
Trd, 4319118.243, 140
Trd, 4319118.743, 62
Trd, 4319119.493, 68
Trd, 4319121.543, 140
Trd, 4319122.093, 140
Trd, 4319122.243, 140
Trd, 4319123.793, 140
Trd, 4319124.893, 140
Trd, 4319126.743, 140
Trd, 4319126.793, 140
Trd, 4319127.593, 140
Trd, 4319129.193, 140
Trd, 4319129.993, 140
Trd, 4319130.493, 140
Trd, 4319130.593, 140
Trd, 4319132.293, 140
Trd, 4319133.493, 140
Trd, 4319134.393, 140
Trd, 4319135.043, 140
Trd, 4319135.493, 140
Trd, 4319136.643, 140
Trd, 4319137.043, 136
Trd, 4319137.993, 140
Trd, 4319138.743, 140
Trd, 4319139.093, 140
Trd, 4319140.243, 124
Trd, 4319140.343, 123
Trd, 4319141.093, 140
Trd, 4319142.843, 140
Trd, 4319143.343, 140
Trd, 4319143.943, 140
Trd, 4319144.043, 100
Trd, 4319145.743, 140
Trd, 4319145.993, 140
Trd, 4319146.043, 140
Trd, 4319146.543, 140
Trd, 4319146.693, 137
Trd, 4319147.343, 137
Trd, 4319147.393, 140
Trd, 4319147.643, 66
Trd, 4319148.343, 137
Trd, 4319149.343, 140
Trd, 4319151.293, 140
Trd, 4319151.443, 140
Trd, 4319153.243, 140
Trd, 4319153.443, 138
Trd, 4319153.893, 131
Trd, 4319154.193, 140
Trd, 4319154.243, 127
Trd, 4319155.193, 115
Trd, 4319156.543, 140
Trd, 4319157.043, 140
Trd, 4319157.843, 76
Trd, 4319159.893, 140
Trd, 4319163.243, 140
Trd, 4319163.743, 140
Trd, 4319163.893, 140
Trd, 4319165.643, 140
Trd, 4319166.243, 140
Trd, 4319166.493, 140
Trd, 4319168.993, 140
Trd, 4319169.093, 140
Trd, 4319170.093, 140
Trd, 4319170.293, 140
Trd, 4319170.693, 140
Trd, 4319170.793, 139
Trd, 4319173.643, 139
Trd, 4319173.993, 140
Trd, 4319176.193, 140
Trd, 4319176.843, 140
Trd, 4319176.943, 140
Trd, 4319177.693, 140
Trd, 4319177.893, 139
Trd, 4319178.893, 140
Trd, 4319179.643, 140
Trd, 4319179.943, 135
Trd, 4319181.143, 140
Trd, 4319181.643, 133
Trd, 4319181.793, 132
Trd, 4319183.243, 94
Trd, 4319183.293, 92
Trd, 4319183.493, 125
Trd, 4319184.293, 118
Trd, 4319184.543, 69
Trd, 4319186.143, 102
Trd, 4319186.743, 71
Trd, 4319187.493, 140
Trd, 4319187.993, 139
Trd, 4319188.743, 140
Trd, 4319189.143, 140
Trd, 4319189.893, 140
Trd, 4319191.143, 140
Trd, 4319192.893, 140
Trd, 4319193.643, 140
Trd, 4319194.193, 140
Trd, 4319194.643, 140
Trd, 4319194.843, 139
Trd, 4319198.293, 140
Trd, 4319198.793, 140
Trd, 4319199.343, 140
Trd, 4319200.693, 140
Trd, 4319200.793, 139
Trd, 4319201.393, 140
Trd, 4319202.443, 140
Trd, 4319202.593, 137
Trd, 4319202.793, 140
Trd, 4319204.843, 139
Trd, 4319205.293, 125
Trd, 4319205.743, 105
Trd, 4319207.043, 140
Trd, 4319210.293, 140
Trd, 4319211.643, 140
Trd, 4319211.843, 140
Trd, 4319212.043, 139
Trd, 4319212.593, 140
Trd, 4319212.993, 121
Trd, 4319213.843, 129
Trd, 4319215.643, 140
Trd, 4319215.743, 139
Trd, 4319217.493, 140
Trd, 4319217.693, 140
Trd, 4319218.293, 140
Trd, 4319218.893, 140
Trd, 4319221.043, 140
Trd, 4319223.443, 140
Trd, 4319224.093, 140
Trd, 4319224.743, 140
Trd, 4319225.593, 140
Trd, 4319226.443, 139
Trd, 4319226.693, 139
Trd, 4319227.343, 139
Trd, 4319229.893, 140
Trd, 4319229.993, 140
Trd, 4319230.543, 140
Trd, 4319230.693, 140
Trd, 4319231.943, 140
Trd, 4319232.143, 140
Trd, 4319232.343, 140
Trd, 4319234.443, 140
Trd, 4319235.143, 140
Trd, 4319236.093, 140
Trd, 4319236.743, 139
Trd, 4319237.243, 140
Trd, 4319238.793, 88
Trd, 4319238.993, 139
Trd, 4319239.143, 140
Trd, 4319241.793, 140
Trd, 4319242.293, 140
Trd, 4319242.993, 140
Trd, 4319243.093, 140
Trd, 4319245.593, 140
Trd, 4319245.993, 140
Trd, 4319246.293, 140
Trd, 4319246.993, 140
Trd, 4319247.143, 107
Trd, 4319248.093, 140
Trd, 4319249.543, 140
Trd, 4319250.493, 140
Trd, 4319250.793, 140
Trd, 4319250.993, 140
Trd, 4319251.343, 140
Trd, 4319251.843, 138
Trd, 4319251.993, 98
Trd, 4319253.143, 83
Trd, 4319253.493, 138
Trd, 4319254.093, 139
Trd, 4319255.393, 109
Trd, 4319255.843, 117
Trd, 4319256.043, 104
Trd, 4319257.493, 60
Trd, 4319258.393, 60
Trd, 4319260.593, 60
Trd, 4319260.743, 63
Trd, 4319261.043, 64
Trd, 4319261.543, 139
Trd, 4319262.043, 140
Trd, 4319262.693, 140
Trd, 4319263.693, 140
Trd, 4319264.093, 140
Trd, 4319265.243, 140
Trd, 4319265.543, 140
Trd, 4319265.693, 140
Trd, 4319266.393, 140
Trd, 4319267.893, 138
Trd, 4319268.793, 140
Trd, 4319269.343, 140
Trd, 4319270.743, 140
Trd, 4319270.893, 140
Trd, 4319271.493, 140
Trd, 4319273.293, 119
Trd, 4319273.443, 112
Trd, 4319274.243, 62
Trd, 4319274.843, 65
Trd, 4319275.943, 140
Trd, 4319276.343, 140
Trd, 4319276.843, 140
Trd, 4319279.443, 140
Trd, 4319279.843, 140
Trd, 4319281.043, 140
Trd, 4319281.843, 140
Trd, 4319281.943, 140
Trd, 4319282.643, 139
Trd, 4319282.743, 112
Trd, 4319283.343, 140
Trd, 4319284.993, 140
Trd, 4319286.743, 140
Trd, 4319287.793, 140
Trd, 4319287.843, 140
Trd, 4319289.393, 140
Trd, 4319290.193, 140
Trd, 4319290.693, 140
Trd, 4319291.643, 140
Trd, 4319292.893, 140
Trd, 4319292.993, 140
Trd, 4319293.343, 125
Trd, 4319294.293, 136
Trd, 4319294.543, 137
Trd, 4319294.743, 102
Trd, 4319297.493, 140
Trd, 4319297.643, 140
Trd, 4319298.093, 140
Trd, 4319298.893, 138
Trd, 4319299.793, 135
Trd, 4319300.293, 139
Trd, 4319300.443, 139
Trd, 4319302.093, 140
Trd, 4319303.193, 133
Trd, 4319305.243, 139
Trd, 4319305.593, 140
Trd, 4319306.443, 140
Trd, 4319307.543, 139
Trd, 4319308.643, 140
Trd, 4319308.893, 140
Trd, 4319309.093, 140
Trd, 4319309.493, 140
Trd, 4319310.093, 135
Trd, 4319310.393, 100
Trd, 4319311.043, 138
Trd, 4319311.943, 139
Trd, 4319312.293, 112
Trd, 4319313.043, 99
Trd, 4319315.343, 140
Trd, 4319315.643, 140
Trd, 4319316.343, 140
Trd, 4319316.693, 140
Trd, 4319317.193, 140
Trd, 4319317.443, 139
Trd, 4319317.843, 139
Trd, 4319319.843, 139
Trd, 4319321.593, 140
Trd, 4319322.243, 140
Trd, 4319322.443, 140
Trd, 4319322.993, 140
Trd, 4319323.093, 140
Trd, 4319323.143, 140
Trd, 4319323.993, 136
Trd, 4319325.793, 140
Trd, 4319326.143, 140
Trd, 4319326.893, 140
Trd, 4319328.143, 140
Trd, 4319328.543, 140
Trd, 4319328.643, 140
Trd, 4319328.893, 140
Trd, 4319329.743, 140
Trd, 4319330.143, 140
Trd, 4319331.793, 140
Trd, 4319331.893, 139
Trd, 4319332.893, 140
Trd, 4319333.593, 140
Trd, 4319333.993, 140
Trd, 4319335.393, 140
Trd, 4319336.393, 140
Trd, 4319336.643, 139
Trd, 4319338.443, 140
Trd, 4319338.593, 140
Trd, 4319339.493, 140
Trd, 4319339.593, 96
Trd, 4319340.143, 137
Trd, 4319341.243, 94
Trd, 4319342.743, 140
Trd, 4319343.643, 140
Trd, 4319344.443, 140
Trd, 4319344.893, 140
Trd, 4319344.943, 139
Trd, 4319345.143, 112
Trd, 4319345.443, 140
Trd, 4319347.893, 140
Trd, 4319347.943, 139
Trd, 4319349.143, 139
Trd, 4319349.243, 138
Trd, 4319350.893, 140
Trd, 4319352.093, 140
Trd, 4319353.493, 140
Trd, 4319353.843, 140
Trd, 4319354.043, 140
Trd, 4319354.243, 140
Trd, 4319354.643, 140
Trd, 4319355.793, 133
Trd, 4319356.843, 132
Trd, 4319358.343, 140
Trd, 4319358.743, 140
Trd, 4319359.543, 140
Trd, 4319359.893, 140
Trd, 4319360.043, 124
Trd, 4319360.443, 140
Trd, 4319360.993, 116
Trd, 4319361.543, 136
Trd, 4319362.243, 140
Trd, 4319364.393, 140
Trd, 4319364.643, 137
Trd, 4319365.243, 129
Trd, 4319368.243, 140
Trd, 4319369.393, 140
Trd, 4319370.043, 140
Trd, 4319370.843, 140
Trd, 4319370.943, 140
Trd, 4319373.243, 140
Trd, 4319374.893, 140
Trd, 4319375.593, 140
Trd, 4319376.543, 140
Trd, 4319378.243, 140
Trd, 4319378.943, 140
Trd, 4319379.293, 140
Trd, 4319379.543, 140
Trd, 4319379.993, 139
Trd, 4319380.093, 139
Trd, 4319380.543, 69
Trd, 4319381.043, 60
Trd, 4319381.993, 140
Trd, 4319382.943, 140
Trd, 4319383.543, 140
Trd, 4319383.693, 140
Trd, 4319384.943, 136
Trd, 4319386.543, 125
Trd, 4319387.243, 117
Trd, 4319387.393, 120
Trd, 4319387.493, 121
Trd, 4319388.743, 139
Trd, 4319388.993, 129
Trd, 4319389.593, 139
Trd, 4319391.593, 140
Trd, 4319392.693, 139
Trd, 4319393.293, 140
Trd, 4319394.343, 140
Trd, 4319395.793, 140
Trd, 4319395.943, 140
Trd, 4319396.343, 140
Trd, 4319397.143, 139
Trd, 4319398.593, 138
Trd, 4319399.943, 137
Trd, 4319401.593, 140
Trd, 4319403.443, 140
Trd, 4319403.643, 139
Trd, 4319404.443, 140
Trd, 4319405.043, 140
Trd, 4319405.843, 140
Trd, 4319406.893, 140
Trd, 4319407.093, 139
Trd, 4319409.143, 140
Trd, 4319409.193, 139
Trd, 4319409.393, 138
Trd, 4319409.443, 110
Trd, 4319410.043, 134
Trd, 4319410.343, 132
Trd, 4319411.193, 132
Trd, 4319412.443, 140
Trd, 4319413.343, 140
Trd, 4319414.343, 140
Trd, 4319415.793, 139
Trd, 4319415.843, 138
Trd, 4319416.743, 140
Trd, 4319417.693, 139
Trd, 4319419.193, 131
Trd, 4319419.443, 79
Trd, 4319420.343, 104
Trd, 4319420.493, 103
Trd, 4319420.993, 112
Trd, 4319421.893, 63
Trd, 4319422.393, 77
Trd, 4319422.943, 78
Trd, 4319423.043, 79
Trd, 4319423.143, 71
Trd, 4319423.493, 88
Trd, 4319424.243, 67
Trd, 4319425.843, 99
Trd, 4319426.443, 140
Trd, 4319428.743, 140
Trd, 4319428.943, 140
Trd, 4319429.443, 140
Trd, 4319429.843, 140
Trd, 4319431.043, 140
Trd, 4319431.393, 140
Trd, 4319431.443, 140
Trd, 4319432.943, 140
Trd, 4319434.593, 140
Trd, 4319435.343, 140
Trd, 4319435.443, 136
Trd, 4319437.843, 140
Trd, 4319440.043, 140
Trd, 4319441.193, 140
Trd, 4319441.693, 140
Trd, 4319441.743, 140
Trd, 4319441.993, 140
Trd, 4319443.393, 140
Trd, 4319443.693, 139
Trd, 4319443.943, 138
Trd, 4319444.643, 140
Trd, 4319445.093, 87
Trd, 4319446.743, 104
Trd, 4319446.843, 117
Trd, 4319447.143, 140
Trd, 4319447.593, 140
Trd, 4319448.343, 140
Trd, 4319448.793, 140
Trd, 4319448.943, 117
Trd, 4319449.993, 112
Trd, 4319450.493, 111
Trd, 4319450.743, 74
Trd, 4319451.793, 108
Trd, 4319452.093, 94
Trd, 4319453.043, 64
Trd, 4319453.243, 65
Trd, 4319453.443, 80
Trd, 4319454.543, 111
Trd, 4319455.343, 111
Trd, 4319456.993, 93
Trd, 4319457.293, 96
Trd, 4319457.943, 97
Trd, 4319458.293, 93
Trd, 4319459.643, 140
Trd, 4319459.793, 139
Trd, 4319460.643, 81
Trd, 4319461.743, 91
Trd, 4319461.843, 91
Trd, 4319462.493, 140
Trd, 4319464.243, 140
Trd, 4319466.843, 123
Trd, 4319467.093, 140
Trd, 4319467.493, 140
Trd, 4319467.793, 69
Trd, 4319469.193, 71
Trd, 4319470.593, 60
Trd, 4319471.343, 60
Trd, 4319471.443, 60
Trd, 4319471.593, 62
Trd, 4319473.893, 88
Trd, 4319474.193, 105
Trd, 4319474.693, 64
Trd, 4319474.893, 140
Trd, 4319476.843, 114
Trd, 4319477.593, 119
Trd, 4319477.943, 130
Trd, 4319478.293, 135
Trd, 4319478.543, 106
Trd, 4319479.243, 86
Trd, 4319480.843, 140
Trd, 4319481.193, 140
Trd, 4319481.393, 138
Trd, 4319483.043, 140
Trd, 4319483.743, 140
Trd, 4319484.343, 140
Trd, 4319485.043, 140
Trd, 4319485.843, 140
Trd, 4319488.943, 140
Trd, 4319489.943, 140
Trd, 4319490.743, 140
Trd, 4319491.243, 140
Trd, 4319491.343, 140
Trd, 4319491.993, 140
Trd, 4319492.243, 138
Trd, 4319492.343, 115
Trd, 4319492.393, 139
Trd, 4319492.743, 113
Trd, 4319494.343, 140
Trd, 4319494.543, 140
Trd, 4319494.793, 138
Trd, 4319496.093, 82
Trd, 4319497.043, 63
Trd, 4319497.793, 70
Trd, 4319498.343, 68
Trd, 4319499.143, 66
Trd, 4319499.443, 80
Trd, 4319500.043, 140
Trd, 4319500.393, 137
Trd, 4319502.293, 140
Trd, 4319504.243, 140
Trd, 4319504.693, 140
Trd, 4319505.043, 140
Trd, 4319506.543, 140
Trd, 4319506.593, 140
Trd, 4319506.643, 140
Trd, 4319506.793, 139
Trd, 4319506.993, 140
Trd, 4319508.693, 140
Trd, 4319509.043, 139
Trd, 4319509.493, 137
Trd, 4319510.443, 139
Trd, 4319510.593, 130
Trd, 4319511.443, 131
Trd, 4319512.443, 140
Trd, 4319512.593, 94
Trd, 4319513.993, 96
Trd, 4319514.243, 140
Trd, 4319514.793, 138
Trd, 4319515.493, 140
Trd, 4319515.693, 140
Trd, 4319515.993, 97
Trd, 4319516.943, 91
Trd, 4319517.493, 138
Trd, 4319518.693, 140
Trd, 4319518.943, 140
Trd, 4319520.093, 140
Trd, 4319520.543, 140
Trd, 4319521.893, 140
Trd, 4319522.543, 136
Trd, 4319523.593, 140
Trd, 4319524.493, 139
Trd, 4319524.593, 135
Trd, 4319524.993, 109
Trd, 4319525.443, 140
Trd, 4319525.743, 139
Trd, 4319526.543, 140
Trd, 4319528.743, 108
Trd, 4319528.943, 99
Trd, 4319529.243, 112
Trd, 4319529.693, 111
Trd, 4319529.943, 81
Trd, 4319531.693, 66
Trd, 4319531.943, 60
Trd, 4319533.093, 62
Trd, 4319533.293, 65
Trd, 4319534.593, 140
Trd, 4319535.093, 140
Trd, 4319535.593, 140
Trd, 4319536.093, 139
Trd, 4319536.493, 140
Trd, 4319536.893, 139
Trd, 4319537.193, 139
Trd, 4319538.693, 133
Trd, 4319539.693, 95
Trd, 4319540.093, 95
Trd, 4319540.593, 122
Trd, 4319540.743, 130
Trd, 4319541.743, 140
Trd, 4319541.843, 83
Trd, 4319542.443, 93
Trd, 4319542.893, 80
Trd, 4319544.393, 140
Trd, 4319544.793, 140
Trd, 4319545.193, 139
Trd, 4319545.243, 122
Trd, 4319547.243, 140
Trd, 4319547.993, 139
Trd, 4319550.493, 140
Trd, 4319551.443, 140
Trd, 4319551.993, 140
Trd, 4319552.343, 140
Trd, 4319552.493, 137
Trd, 4319553.193, 138
Trd, 4319553.493, 139
Trd, 4319553.893, 114
Trd, 4319554.643, 102
Trd, 4319555.143, 140
Trd, 4319557.043, 138
Trd, 4319558.093, 130
Trd, 4319558.293, 129
Trd, 4319559.093, 129
Trd, 4319559.143, 96
Trd, 4319559.643, 133
Trd, 4319560.293, 66
Trd, 4319561.593, 133
Trd, 4319561.793, 134
Trd, 4319562.293, 140
Trd, 4319563.143, 138
Trd, 4319564.243, 138
Trd, 4319565.193, 140
Trd, 4319565.893, 140
Trd, 4319566.343, 140
Trd, 4319566.593, 135
Trd, 4319567.493, 140
Trd, 4319568.343, 140
Trd, 4319569.293, 140
Trd, 4319570.693, 140
Trd, 4319570.893, 140
Trd, 4319572.243, 140
Trd, 4319573.193, 140
Trd, 4319573.593, 140
Trd, 4319573.943, 140
Trd, 4319574.143, 140
Trd, 4319574.243, 139
Trd, 4319576.993, 140
Trd, 4319577.293, 140
Trd, 4319578.093, 140
Trd, 4319578.143, 140
Trd, 4319578.343, 132
Trd, 4319579.143, 140
Trd, 4319579.593, 140
Trd, 4319579.793, 140
Trd, 4319580.493, 139
Trd, 4319581.043, 138
Trd, 4319583.543, 140
Trd, 4319584.143, 140
Trd, 4319584.193, 140
Trd, 4319584.243, 140
Trd, 4319584.993, 102
Trd, 4319585.443, 139
Trd, 4319587.643, 140
Trd, 4319588.243, 140
Trd, 4319589.343, 140
Trd, 4319589.393, 140
Trd, 4319589.543, 139
Trd, 4319591.493, 137
Trd, 4319591.843, 137
Trd, 4319592.143, 139
Trd, 4319593.443, 139
Trd, 4319593.493, 139
Trd, 4319594.643, 140
Trd, 4319596.143, 139
Trd, 4319596.393, 138
Trd, 4319597.693, 87
Trd, 4319598.193, 130
Trd, 4319599.743, 127
Trd, 4319599.893, 96
Trd, 4319600.843, 121
Trd, 4319601.743, 140
Trd, 4319601.943, 140
Trd, 4319602.893, 136
Trd, 4319603.443, 138
Trd, 4319603.693, 118
Trd, 4319604.293, 140
Trd, 4319605.393, 138
Trd, 4319607.593, 140
Trd, 4319607.893, 140
Trd, 4319609.443, 140
Trd, 4319609.543, 140
Trd, 4319609.943, 139
Trd, 4319610.443, 137
Trd, 4319611.093, 113
Trd, 4319611.893, 133
Trd, 4319611.993, 131
Trd, 4319612.143, 67
Trd, 4319614.243, 71
Trd, 4319614.493, 69
Trd, 4319615.343, 69
Trd, 4319615.443, 73
Trd, 4319615.643, 140
Trd, 4319615.843, 138
Trd, 4319617.993, 140
Trd, 4319618.143, 139
Trd, 4319618.993, 140
Trd, 4319619.193, 99
Trd, 4319619.443, 72
Trd, 4319619.943, 112
Trd, 4319620.393, 112
Trd, 4319621.493, 82
Trd, 4319622.793, 112
Trd, 4319623.593, 140
Trd, 4319625.793, 61
Trd, 4319625.943, 62
Trd, 4319626.943, 62
Trd, 4319627.693, 60
Trd, 4319627.993, 61
Trd, 4319628.193, 87
Trd, 4319628.893, 90
Trd, 4319629.393, 106
Trd, 4319630.043, 123
Trd, 4319630.293, 76
Trd, 4319631.293, 69
Trd, 4319632.643, 140
Trd, 4319632.693, 139
Trd, 4319633.143, 140
Trd, 4319638.343, 140
Trd, 4319638.793, 140
Trd, 4319639.343, 140
Trd, 4319640.343, 140
Trd, 4319640.543, 140
Trd, 4319640.843, 140
Trd, 4319640.943, 139
Trd, 4319642.093, 140
Trd, 4319642.193, 139
Trd, 4319643.693, 140
Trd, 4319643.743, 140
Trd, 4319644.493, 139
Trd, 4319645.343, 140
Trd, 4319647.093, 140
Trd, 4319647.593, 140
Trd, 4319647.993, 140
Trd, 4319648.843, 140
Trd, 4319650.593, 140
Trd, 4319651.893, 140
Trd, 4319651.993, 140
Trd, 4319652.093, 140
Trd, 4319652.143, 139
Trd, 4319655.843, 140
Trd, 4319655.893, 140
Trd, 4319657.443, 140
Trd, 4319657.893, 140
Trd, 4319658.893, 140
Trd, 4319658.943, 95
Trd, 4319659.643, 139
Trd, 4319659.893, 137
Trd, 4319659.943, 95
Trd, 4319660.243, 66
Trd, 4319661.093, 94
Trd, 4319661.243, 134
Trd, 4319662.943, 61
Trd, 4319663.943, 61
Trd, 4319663.993, 62
Trd, 4319664.743, 63
Trd, 4319665.993, 61
Trd, 4319666.193, 61
Trd, 4319666.893, 62
Trd, 4319667.693, 62
Trd, 4319668.843, 65
Trd, 4319669.193, 64
Trd, 4319670.193, 140
Trd, 4319670.493, 106
Trd, 4319672.043, 114
Trd, 4319672.093, 83
Trd, 4319673.593, 140
Trd, 4319675.243, 140
Trd, 4319677.443, 140
Trd, 4319678.543, 140
Trd, 4319678.993, 140
Trd, 4319679.143, 140
Trd, 4319679.343, 140
Trd, 4319680.943, 140
Trd, 4319681.043, 140
Trd, 4319681.343, 139
Trd, 4319681.593, 140
Trd, 4319683.293, 134
Trd, 4319683.743, 135
Trd, 4319685.043, 140
Trd, 4319686.993, 140
Trd, 4319687.343, 140
Trd, 4319687.443, 140
Trd, 4319689.343, 140
Trd, 4319689.393, 140
Trd, 4319691.243, 140
Trd, 4319691.893, 140
Trd, 4319692.893, 140
Trd, 4319693.843, 140
Trd, 4319695.043, 140
Trd, 4319695.743, 140
Trd, 4319697.293, 140
Trd, 4319697.843, 140
Trd, 4319698.793, 140
Trd, 4319699.143, 140
Trd, 4319699.843, 140
Trd, 4319701.343, 140
Trd, 4319702.593, 140
Trd, 4319702.993, 140
Trd, 4319703.493, 140
Trd, 4319703.943, 140
Trd, 4319704.493, 140
Trd, 4319704.743, 140
Trd, 4319704.843, 140
Trd, 4319706.493, 138
Trd, 4319706.893, 123
Trd, 4319707.543, 88
Trd, 4319709.143, 140
Trd, 4319709.243, 139
Trd, 4319709.893, 139
Trd, 4319710.543, 139
Trd, 4319712.893, 140
Trd, 4319712.943, 140
Trd, 4319713.393, 140
Trd, 4319713.793, 140
Trd, 4319713.893, 140
Trd, 4319714.343, 121
Trd, 4319715.193, 119
Trd, 4319715.543, 112
Trd, 4319715.743, 86
Trd, 4319716.693, 134
Trd, 4319716.743, 72
Trd, 4319719.243, 128
Trd, 4319719.943, 140
Trd, 4319720.343, 140
Trd, 4319721.693, 140
Trd, 4319724.143, 140
Trd, 4319724.243, 139
Trd, 4319724.293, 138
Trd, 4319724.893, 138
Trd, 4319725.543, 128
Trd, 4319725.943, 139
Trd, 4319727.843, 139
Trd, 4319728.093, 137
Trd, 4319728.293, 139
Trd, 4319728.393, 136
Trd, 4319728.793, 132
Trd, 4319729.043, 120
Trd, 4319729.893, 118
Trd, 4319730.193, 84
Trd, 4319730.843, 139
Trd, 4319731.393, 77
Trd, 4319732.893, 62
Trd, 4319733.543, 68
Trd, 4319734.693, 68
Trd, 4319735.343, 109
Trd, 4319735.693, 110
Trd, 4319738.243, 140
Trd, 4319738.743, 140
Trd, 4319739.093, 140
Trd, 4319739.793, 140
Trd, 4319740.943, 140
Trd, 4319742.643, 140
Trd, 4319743.293, 140
Trd, 4319743.343, 140
Trd, 4319744.043, 139
Trd, 4319745.493, 140
Trd, 4319746.243, 140
Trd, 4319746.893, 140
Trd, 4319746.993, 139
Trd, 4319748.193, 140
Trd, 4319748.243, 137
Trd, 4319749.093, 105
Trd, 4319749.193, 104
Trd, 4319750.843, 137
Trd, 4319751.293, 136
Trd, 4319751.343, 122
Trd, 4319751.443, 60
Trd, 4319752.593, 64
Trd, 4319753.243, 76
Trd, 4319755.043, 127
Trd, 4319756.043, 127
Trd, 4319756.393, 120
Trd, 4319756.543, 103
Trd, 4319757.643, 103
Trd, 4319758.643, 105
Trd, 4319759.293, 139
Trd, 4319760.293, 123
Trd, 4319760.543, 138
Trd, 4319760.993, 108
Trd, 4319761.143, 139
Trd, 4319761.343, 107
Trd, 4319762.343, 136
Trd, 4319762.543, 114
Trd, 4319765.243, 132
Trd, 4319766.743, 140
Trd, 4319768.343, 140
Trd, 4319768.593, 101
Trd, 4319768.943, 139
Trd, 4319770.193, 140
Trd, 4319772.093, 140
Trd, 4319772.393, 140
Trd, 4319773.943, 140
Trd, 4319774.093, 139
Trd, 4319774.443, 138
Trd, 4319775.093, 137
Trd, 4319775.443, 138
Trd, 4319775.943, 121
Trd, 4319776.343, 62
Trd, 4319776.743, 67
Trd, 4319777.793, 65
Trd, 4319777.943, 73
Trd, 4319778.043, 64
Trd, 4319779.543, 94
Trd, 4319779.793, 115
Trd, 4319780.443, 68
Trd, 4319781.443, 122
Trd, 4319781.543, 134
Trd, 4319782.743, 131
Trd, 4319783.793, 78
Trd, 4319784.493, 122
Trd, 4319784.743, 128
Trd, 4319786.243, 81
Trd, 4319787.593, 140
Trd, 4319787.993, 140
Trd, 4319788.493, 139
Trd, 4319789.043, 140
Trd, 4319789.993, 98
Trd, 4319790.893, 140
Trd, 4319792.343, 140
Trd, 4319793.143, 139
Trd, 4319793.643, 139
Trd, 4319794.293, 98
Trd, 4319794.493, 96
Trd, 4319794.843, 133
Trd, 4319794.993, 95
Trd, 4319796.843, 60
Trd, 4319797.193, 60
Trd, 4319797.793, 139
Trd, 4319799.293, 139
Trd, 4319799.793, 137
Trd, 4319800.393, 139
Trd, 4319800.493, 136
Trd, 4319801.493, 140
Trd, 4319804.043, 140
Trd, 4319805.593, 140
Trd, 4319806.043, 140
Trd, 4319806.843, 140
Trd, 4319808.143, 140
Trd, 4319808.243, 140
Trd, 4319809.143, 140
Trd, 4319809.443, 140
Trd, 4319809.793, 140
Trd, 4319809.843, 140
Trd, 4319809.893, 140
Trd, 4319811.193, 140
Trd, 4319811.643, 124
Trd, 4319812.943, 140
Trd, 4319813.643, 140
Trd, 4319814.243, 139
Trd, 4319815.343, 140
Trd, 4319816.443, 140
Trd, 4319817.393, 140
Trd, 4319820.143, 140
Trd, 4319820.343, 140
Trd, 4319820.843, 140
Trd, 4319821.043, 140
Trd, 4319821.643, 140
Trd, 4319821.843, 140
Trd, 4319822.593, 75
Trd, 4319823.993, 140
Trd, 4319824.543, 138
Trd, 4319826.043, 140
Trd, 4319826.193, 140
Trd, 4319826.593, 140
Trd, 4319827.093, 140
Trd, 4319827.893, 127
Trd, 4319829.943, 139
Trd, 4319830.343, 140
Trd, 4319831.343, 140
Trd, 4319831.843, 140
Trd, 4319831.943, 140
Trd, 4319832.293, 139
Trd, 4319833.593, 77
Trd, 4319833.693, 137
Trd, 4319834.693, 134
Trd, 4319835.543, 62
Trd, 4319835.943, 133
Trd, 4319837.243, 138
Trd, 4319837.593, 137
Trd, 4319839.193, 137
Trd, 4319839.643, 121
Trd, 4319840.043, 137
Trd, 4319840.393, 140
Trd, 4319840.843, 140
Trd, 4319841.743, 140
Trd, 4319843.643, 140
Trd, 4319844.243, 140
Trd, 4319844.643, 140
Trd, 4319845.193, 137
Trd, 4319845.493, 136
Trd, 4319846.943, 140
Trd, 4319847.393, 138
Trd, 4319847.643, 137
Trd, 4319848.743, 139
Trd, 4319849.043, 137
Trd, 4319850.593, 139
Trd, 4319851.093, 139
Trd, 4319851.593, 85
Trd, 4319852.843, 139
Trd, 4319852.893, 118
Trd, 4319854.593, 140
Trd, 4319855.343, 140
Trd, 4319855.593, 140
Trd, 4319856.793, 140
Trd, 4319857.143, 139
Trd, 4319857.243, 112
Trd, 4319857.943, 140
Trd, 4319858.543, 96
Trd, 4319858.693, 94
Trd, 4319861.793, 139
Trd, 4319862.193, 140
Trd, 4319863.193, 140
Trd, 4319863.293, 140
Trd, 4319863.993, 140
Trd, 4319865.143, 140
Trd, 4319865.243, 140
Trd, 4319868.093, 140
Trd, 4319869.093, 140
Trd, 4319869.843, 140
Trd, 4319870.093, 140
Trd, 4319872.193, 140
Trd, 4319872.243, 140
Trd, 4319872.343, 140
Trd, 4319874.843, 140
Trd, 4319875.643, 140
Trd, 4319875.693, 140
Trd, 4319875.843, 140
Trd, 4319876.093, 140
Trd, 4319876.543, 139
Trd, 4319877.643, 140
Trd, 4319878.193, 139
Trd, 4319878.893, 122
Trd, 4319879.743, 135
Trd, 4319880.943, 140
Trd, 4319882.243, 140
Trd, 4319882.443, 140
Trd, 4319883.743, 140
Trd, 4319883.843, 140
Trd, 4319884.193, 138
Trd, 4319884.243, 138
Trd, 4319886.393, 140
Trd, 4319887.043, 140
Trd, 4319887.743, 140
Trd, 4319889.093, 140
Trd, 4319890.143, 140
Trd, 4319890.643, 140
Trd, 4319891.543, 140
Trd, 4319892.993, 140
Trd, 4319893.143, 140
Trd, 4319893.343, 140
Trd, 4319893.393, 140
Trd, 4319894.243, 140
Trd, 4319894.343, 139
Trd, 4319896.043, 137
Trd, 4319896.543, 139
Trd, 4319898.193, 140
Trd, 4319898.593, 140
Trd, 4319899.143, 140
Trd, 4319900.243, 140
Trd, 4319900.443, 139
Trd, 4319900.493, 139
Trd, 4319901.043, 121
Trd, 4319901.393, 101
Trd, 4319901.593, 100
Trd, 4319903.543, 140
Trd, 4319905.093, 140
Trd, 4319906.043, 140
Trd, 4319906.993, 140
Trd, 4319907.593, 140
Trd, 4319908.743, 140
Trd, 4319908.893, 140
Trd, 4319909.243, 140
Trd, 4319909.743, 140
Trd, 4319910.043, 139
Trd, 4319912.143, 140
Trd, 4319912.943, 140
Trd, 4319913.993, 140
Trd, 4319914.343, 140
Trd, 4319915.443, 140
Trd, 4319916.443, 140
Trd, 4319916.543, 129
Trd, 4319917.643, 137
Trd, 4319917.793, 136
Trd, 4319918.643, 139
Trd, 4319919.743, 140
Trd, 4319920.243, 138
Trd, 4319921.293, 140
Trd, 4319922.043, 140
Trd, 4319922.143, 140
Trd, 4319922.693, 140
Trd, 4319923.143, 134
Trd, 4319925.693, 140
Trd, 4319926.793, 140
Trd, 4319927.743, 140
Trd, 4319927.793, 140
Trd, 4319928.343, 140
Trd, 4319929.293, 139
Trd, 4319930.343, 140
Trd, 4319930.893, 140
Trd, 4319932.443, 140
Trd, 4319932.593, 140
Trd, 4319934.143, 140
Trd, 4319935.343, 140
Trd, 4319937.043, 140
Trd, 4319937.243, 140
Trd, 4319937.493, 137
Trd, 4319938.293, 140
Trd, 4319938.793, 140
Trd, 4319939.343, 140
Trd, 4319941.293, 140
Trd, 4319942.093, 140
Trd, 4319942.143, 140
Trd, 4319942.943, 140
Trd, 4319944.093, 140
Trd, 4319944.293, 140
Trd, 4319944.493, 140
Trd, 4319944.593, 139
Trd, 4319944.743, 117
Trd, 4319945.893, 115
Trd, 4319947.343, 84
Trd, 4319947.393, 87
Trd, 4319947.943, 73
Trd, 4319948.743, 60
Trd, 4319949.943, 140
Trd, 4319951.693, 140
Trd, 4319951.743, 140
Trd, 4319953.093, 140
Trd, 4319953.693, 140
Trd, 4319956.743, 140
Trd, 4319957.493, 140
Trd, 4319957.593, 139
Trd, 4319958.093, 138
Trd, 4319958.893, 140
Trd, 4319959.093, 131
Trd, 4319959.993, 140
Trd, 4319960.243, 140
Trd, 4319960.643, 140
Trd, 4319961.193, 140
Trd, 4319962.693, 140
Trd, 4319962.943, 140
Trd, 4319964.393, 140
Trd, 4319965.243, 140
Trd, 4319965.443, 137
Trd, 4319965.593, 137
Trd, 4319965.643, 115
Trd, 4319967.843, 137
Trd, 4319968.743, 140
Trd, 4319970.243, 140
Trd, 4319971.143, 140
Trd, 4319971.943, 140
Trd, 4319973.043, 140
Trd, 4319973.143, 139
Trd, 4319974.943, 140
Trd, 4319975.093, 139
Trd, 4319976.243, 140
Trd, 4319976.943, 140
Trd, 4319977.093, 140
Trd, 4319977.493, 139
Trd, 4319978.343, 86
Trd, 4319978.643, 139
Trd, 4319978.743, 140
Trd, 4319979.343, 112
Trd, 4319979.693, 137
Trd, 4319980.693, 139
Trd, 4319983.493, 140
Trd, 4319983.843, 140
Trd, 4319984.243, 82
Trd, 4319985.043, 135
Trd, 4319985.243, 124
Trd, 4319986.543, 97
Trd, 4319986.893, 73
Trd, 4319988.143, 139
Trd, 4319988.793, 95
Trd, 4319989.043, 94
Trd, 4319989.393, 66
Trd, 4319989.943, 140
Trd, 4319991.843, 140
Trd, 4319992.493, 140
Trd, 4319993.543, 140
Trd, 4319995.493, 140
Trd, 4319995.643, 140
Trd, 4319995.793, 140
Trd, 4319996.143, 140
Trd, 4319998.243, 140
Trd, 4319999.093, 140
Trd, 4319999.293, 139
