Trd, 4318092.093, 140
Trd, 4318092.293, 139
Trd, 4318093.543, 139
Trd, 4318094.193, 75
Trd, 4318094.743, 117
Trd, 4318096.593, 137
Trd, 4318096.793, 111
Trd, 4318096.843, 111
Trd, 4318097.043, 97
Trd, 4318097.143, 96
Trd, 4318097.993, 70
Trd, 4318098.193, 102
Trd, 4318098.543, 81
Trd, 4318099.893, 74
Trd, 4318100.243, 140
Trd, 4318101.543, 113
Trd, 4318102.493, 127
Trd, 4318102.693, 120
Trd, 4318104.093, 97
Trd, 4318104.393, 114
Trd, 4318104.543, 106
Trd, 4318104.593, 85
Trd, 4318107.143, 118
Trd, 4318107.893, 79
Trd, 4318109.943, 126
Trd, 4318110.243, 125
Trd, 4318110.293, 112
Trd, 4318110.493, 89
Trd, 4318111.843, 108
Trd, 4318112.343, 110
Trd, 4318112.543, 101
Trd, 4318113.143, 85
Trd, 4318113.193, 96
Trd, 4318115.293, 124
Trd, 4318115.993, 140
Trd, 4318116.293, 139
Trd, 4318116.943, 133
Trd, 4318117.243, 131
Trd, 4318117.593, 112
Trd, 4318119.543, 117
Trd, 4318120.593, 88
Trd, 4318120.793, 91
Trd, 4318121.793, 69
Trd, 4318123.943, 93
Trd, 4318124.093, 108
Trd, 4318124.743, 82
Trd, 4318125.343, 76
Trd, 4318125.393, 79
Trd, 4318125.793, 101
Trd, 4318127.143, 80
Trd, 4318128.343, 121
Trd, 4318128.493, 120
Trd, 4318129.293, 138
Trd, 4318129.643, 132
Trd, 4318130.843, 126
Trd, 4318131.993, 133
Trd, 4318132.443, 93
Trd, 4318132.693, 93
Trd, 4318133.043, 140
Trd, 4318133.843, 122
Trd, 4318134.343, 95
Trd, 4318135.593, 93
Trd, 4318136.443, 89
Trd, 4318138.043, 91
Trd, 4318138.943, 140
Trd, 4318139.543, 114
Trd, 4318140.543, 120
Trd, 4318140.843, 139
Trd, 4318141.043, 120
Trd, 4318141.993, 138
Trd, 4318142.093, 124
Trd, 4318143.943, 111
Trd, 4318143.993, 109
Trd, 4318146.343, 77
Trd, 4318146.543, 73
Trd, 4318147.793, 106
Trd, 4318148.893, 139
Trd, 4318149.693, 140
Trd, 4318149.843, 139
Trd, 4318150.143, 83
Trd, 4318150.943, 134
Trd, 4318151.143, 97
Trd, 4318152.343, 112
Trd, 4318153.043, 126
Trd, 4318153.593, 136
Trd, 4318154.443, 91
Trd, 4318154.643, 117
Trd, 4318154.893, 95
Trd, 4318155.293, 93
Trd, 4318156.543, 118
Trd, 4318157.793, 139
Trd, 4318157.893, 139
Trd, 4318158.343, 127
Trd, 4318158.843, 140
Trd, 4318159.643, 110
Trd, 4318159.893, 99
Trd, 4318161.643, 107
Trd, 4318163.093, 106
Trd, 4318163.443, 109
Trd, 4318165.043, 138
Trd, 4318165.093, 105
Trd, 4318167.293, 140
Trd, 4318167.543, 139
Trd, 4318168.043, 105
Trd, 4318168.793, 124
Trd, 4318169.143, 111
Trd, 4318170.693, 111
Trd, 4318171.343, 110
Trd, 4318171.843, 133
Trd, 4318172.493, 128
Trd, 4318174.093, 128
Trd, 4318174.443, 127
Trd, 4318175.043, 124
Trd, 4318175.443, 109
Trd, 4318176.393, 134
Trd, 4318176.893, 93
Trd, 4318177.993, 94
Trd, 4318178.043, 93
Trd, 4318178.843, 103
Trd, 4318178.943, 85
Trd, 4318180.543, 82
Trd, 4318180.843, 140
Trd, 4318181.793, 81
Trd, 4318182.543, 88
Trd, 4318182.943, 86
Trd, 4318183.193, 65
Trd, 4318185.593, 112
Trd, 4318185.643, 111
Trd, 4318186.193, 108
Trd, 4318188.143, 114
Trd, 4318188.543, 113
Trd, 4318188.643, 111
Trd, 4318189.593, 101
Trd, 4318189.743, 78
Trd, 4318190.243, 137
Trd, 4318190.943, 61
Trd, 4318192.543, 138
Trd, 4318193.543, 75
Trd, 4318194.943, 79
Trd, 4318195.093, 80
Trd, 4318195.243, 63
Trd, 4318195.793, 123
Trd, 4318197.443, 124
Trd, 4318197.543, 124
Trd, 4318198.393, 133
Trd, 4318200.043, 140
Trd, 4318201.093, 111
Trd, 4318202.043, 138
Trd, 4318202.093, 133
Trd, 4318202.793, 126
Trd, 4318202.893, 117
Trd, 4318202.943, 102
Trd, 4318204.493, 108
Trd, 4318204.743, 110
Trd, 4318205.443, 95
Trd, 4318205.893, 93
Trd, 4318207.493, 140
Trd, 4318207.993, 116
Trd, 4318208.393, 94
Trd, 4318208.543, 118
Trd, 4318209.843, 117
Trd, 4318210.593, 127
Trd, 4318211.643, 117
Trd, 4318212.043, 108
Trd, 4318214.693, 100
Trd, 4318214.893, 96
Trd, 4318215.293, 138
Trd, 4318215.993, 114
Trd, 4318216.843, 140
Trd, 4318217.543, 130
Trd, 4318217.943, 110
Trd, 4318218.343, 108
Trd, 4318219.343, 97
Trd, 4318219.643, 104
Trd, 4318220.793, 107
Trd, 4318221.793, 100
Trd, 4318222.193, 105
Trd, 4318222.293, 85
Trd, 4318222.743, 80
Trd, 4318224.043, 118
Trd, 4318225.143, 135
Trd, 4318225.293, 135
Trd, 4318225.593, 109
Trd, 4318226.493, 109
Trd, 4318227.343, 66
Trd, 4318228.493, 109
Trd, 4318229.093, 137
Trd, 4318230.393, 85
Trd, 4318230.593, 95
Trd, 4318231.593, 67
Trd, 4318232.243, 71
Trd, 4318232.393, 100
Trd, 4318232.843, 110
Trd, 4318233.843, 113
Trd, 4318235.193, 82
Trd, 4318235.943, 68
Trd, 4318236.643, 88
Trd, 4318236.943, 109
Trd, 4318237.343, 109
Trd, 4318237.743, 97
Trd, 4318238.543, 96
Trd, 4318238.743, 136
Trd, 4318238.793, 95
Trd, 4318239.443, 135
Trd, 4318241.693, 114
Trd, 4318242.693, 140
Trd, 4318244.043, 139
Trd, 4318244.493, 140
Trd, 4318244.593, 139
Trd, 4318244.643, 139
Trd, 4318246.693, 96
Trd, 4318247.643, 129
Trd, 4318248.393, 109
Trd, 4318249.343, 136
Trd, 4318249.693, 125
Trd, 4318250.393, 110
Trd, 4318251.193, 109
Trd, 4318251.943, 136
Trd, 4318251.993, 120
Trd, 4318252.443, 125
Trd, 4318254.793, 111
Trd, 4318254.893, 95
Trd, 4318255.593, 99
Trd, 4318256.143, 92
Trd, 4318256.743, 140
Trd, 4318257.143, 112
Trd, 4318257.743, 111
Trd, 4318259.243, 113
Trd, 4318259.693, 81
Trd, 4318259.793, 98
Trd, 4318261.393, 113
Trd, 4318261.843, 94
Trd, 4318262.293, 91
Trd, 4318262.743, 113
Trd, 4318264.393, 72
Trd, 4318264.593, 75
Trd, 4318265.443, 74
Trd, 4318266.643, 114
Trd, 4318267.943, 74
Trd, 4318268.093, 68
Trd, 4318268.693, 112
Trd, 4318269.343, 134
Trd, 4318270.193, 129
Trd, 4318270.943, 110
Trd, 4318271.043, 106
Trd, 4318272.243, 77
Trd, 4318272.393, 72
Trd, 4318272.793, 83
Trd, 4318273.343, 85
Trd, 4318273.593, 107
Trd, 4318274.743, 140
Trd, 4318275.043, 140
Trd, 4318275.543, 139
Trd, 4318275.993, 106
Trd, 4318276.543, 140
Trd, 4318277.043, 134
Trd, 4318277.893, 99
Trd, 4318279.093, 95
Trd, 4318279.293, 92
Trd, 4318279.593, 85
Trd, 4318281.143, 61
Trd, 4318282.943, 99
Trd, 4318284.043, 96
Trd, 4318284.593, 124
Trd, 4318284.743, 100
Trd, 4318284.993, 125
Trd, 4318285.643, 100
Trd, 4318287.143, 139
Trd, 4318288.043, 140
Trd, 4318288.393, 140
Trd, 4318288.893, 127
Trd, 4318290.243, 136
Trd, 4318292.293, 136
Trd, 4318292.543, 133
Trd, 4318293.593, 118
Trd, 4318293.643, 118
Trd, 4318294.643, 108
Trd, 4318294.743, 76
Trd, 4318294.793, 123
Trd, 4318295.543, 140
Trd, 4318295.743, 114
Trd, 4318296.643, 114
Trd, 4318299.143, 104
Trd, 4318299.593, 116
Trd, 4318299.943, 104
Trd, 4318300.093, 90
Trd, 4318300.943, 89
Trd, 4318302.043, 123
Trd, 4318303.093, 140
Trd, 4318303.343, 139
Trd, 4318303.993, 107
Trd, 4318304.293, 140
Trd, 4318305.193, 81
Trd, 4318306.193, 113
Trd, 4318306.993, 93
Trd, 4318307.793, 126
Trd, 4318309.693, 130
Trd, 4318311.693, 140
Trd, 4318312.943, 131
Trd, 4318313.293, 135
Trd, 4318314.243, 86
Trd, 4318314.843, 140
Trd, 4318315.693, 89
Trd, 4318316.493, 100
Trd, 4318316.543, 70
Trd, 4318317.143, 91
Trd, 4318319.143, 95
Trd, 4318321.143, 140
Trd, 4318321.643, 140
Trd, 4318321.743, 139
Trd, 4318322.043, 140
Trd, 4318322.843, 118
Trd, 4318323.843, 92
Trd, 4318324.193, 72
Trd, 4318324.643, 79
Trd, 4318325.793, 109
Trd, 4318326.993, 107
Trd, 4318327.893, 138
Trd, 4318329.493, 108
Trd, 4318329.993, 108
Trd, 4318331.243, 109
Trd, 4318331.643, 121
Trd, 4318331.743, 108
Trd, 4318332.993, 107
Trd, 4318334.343, 139
Trd, 4318334.543, 120
Trd, 4318335.443, 124
Trd, 4318335.593, 119
Trd, 4318336.143, 99
Trd, 4318336.893, 99
Trd, 4318338.493, 101
Trd, 4318339.893, 101
Trd, 4318340.093, 101
Trd, 4318340.943, 111
Trd, 4318341.393, 82
Trd, 4318342.043, 107
Trd, 4318342.293, 91
Trd, 4318342.393, 113
Trd, 4318342.743, 85
Trd, 4318344.593, 101
Trd, 4318346.143, 140
Trd, 4318346.393, 139
Trd, 4318347.793, 139
Trd, 4318348.743, 89
Trd, 4318349.293, 79
Trd, 4318350.893, 61
Trd, 4318351.343, 134
Trd, 4318352.543, 65
Trd, 4318352.593, 110
Trd, 4318353.243, 133
Trd, 4318353.443, 91
Trd, 4318354.393, 114
Trd, 4318354.593, 114
Trd, 4318355.543, 134
Trd, 4318357.093, 120
Trd, 4318357.643, 139
Trd, 4318359.043, 69
Trd, 4318359.943, 74
Trd, 4318360.893, 106
Trd, 4318362.493, 104
Trd, 4318362.643, 109
Trd, 4318362.693, 103
Trd, 4318363.543, 84
Trd, 4318363.843, 119
Trd, 4318364.643, 133
Trd, 4318364.843, 84
Trd, 4318365.743, 83
Trd, 4318366.843, 78
Trd, 4318367.993, 69
Trd, 4318368.543, 103
Trd, 4318369.143, 124
Trd, 4318369.443, 60
Trd, 4318369.693, 80
Trd, 4318369.993, 76
Trd, 4318370.593, 76
Trd, 4318371.993, 106
Trd, 4318372.093, 104
Trd, 4318372.843, 119
Trd, 4318374.243, 92
Trd, 4318374.593, 85
Trd, 4318375.193, 79
Trd, 4318376.143, 82
Trd, 4318376.493, 92
Trd, 4318376.743, 91
Trd, 4318378.243, 72
Trd, 4318378.793, 121
Trd, 4318380.393, 123
Trd, 4318380.493, 124
Trd, 4318381.543, 111
Trd, 4318381.943, 120
Trd, 4318383.193, 119
Trd, 4318383.593, 129
Trd, 4318384.143, 77
Trd, 4318386.143, 114
Trd, 4318386.943, 138
Trd, 4318387.593, 109
Trd, 4318388.143, 75
Trd, 4318389.343, 125
Trd, 4318390.093, 124
Trd, 4318390.143, 88
Trd, 4318391.393, 140
Trd, 4318391.643, 139
Trd, 4318391.743, 134
Trd, 4318392.293, 120
Trd, 4318392.943, 139
Trd, 4318396.443, 137
Trd, 4318396.743, 134
Trd, 4318396.943, 113
Trd, 4318397.193, 106
Trd, 4318397.343, 106
Trd, 4318398.943, 78
Trd, 4318400.743, 83
Trd, 4318401.593, 65
Trd, 4318401.893, 116
Trd, 4318402.193, 115
Trd, 4318402.893, 94
Trd, 4318404.093, 108
Trd, 4318404.643, 130
Trd, 4318405.393, 107
Trd, 4318406.043, 111
Trd, 4318406.843, 128
Trd, 4318407.293, 128
Trd, 4318407.643, 93
Trd, 4318408.993, 139
Trd, 4318409.193, 139
Trd, 4318409.393, 110
Trd, 4318409.443, 109
Trd, 4318410.393, 79
Trd, 4318411.243, 64
Trd, 4318413.343, 121
Trd, 4318413.743, 130
Trd, 4318414.493, 107
Trd, 4318415.393, 140
Trd, 4318415.993, 120
Trd, 4318416.393, 97
Trd, 4318417.993, 128
Trd, 4318419.493, 137
Trd, 4318419.543, 128
Trd, 4318420.343, 122
Trd, 4318420.443, 111
Trd, 4318420.943, 105
Trd, 4318421.843, 108
Trd, 4318422.443, 139
Trd, 4318422.693, 83
Trd, 4318422.843, 128
Trd, 4318423.593, 89
Trd, 4318425.693, 123
Trd, 4318426.493, 103
Trd, 4318427.293, 100
Trd, 4318428.443, 63
Trd, 4318429.343, 105
Trd, 4318429.743, 61
Trd, 4318430.593, 66
Trd, 4318431.543, 137
Trd, 4318433.043, 133
Trd, 4318433.743, 134
Trd, 4318433.843, 134
Trd, 4318433.893, 117
Trd, 4318435.143, 93
Trd, 4318435.193, 96
Trd, 4318435.693, 81
Trd, 4318435.893, 85
Trd, 4318437.143, 94
Trd, 4318439.093, 92
Trd, 4318439.293, 137
Trd, 4318440.793, 132
Trd, 4318441.293, 123
Trd, 4318441.693, 114
Trd, 4318441.793, 114
Trd, 4318442.343, 137
Trd, 4318442.393, 111
Trd, 4318442.793, 89
Trd, 4318443.743, 65
Trd, 4318446.293, 98
Trd, 4318448.893, 140
Trd, 4318449.343, 138
Trd, 4318449.543, 133
Trd, 4318450.993, 128
Trd, 4318451.643, 140
Trd, 4318451.993, 107
Trd, 4318452.243, 125
Trd, 4318453.593, 118
Trd, 4318454.543, 135
Trd, 4318454.993, 89
Trd, 4318456.143, 93
Trd, 4318456.793, 93
Trd, 4318456.843, 92
Trd, 4318458.843, 92
Trd, 4318460.043, 138
Trd, 4318460.943, 115
Trd, 4318461.193, 100
Trd, 4318461.593, 60
Trd, 4318461.793, 114
Trd, 4318462.243, 74
Trd, 4318463.143, 75
Trd, 4318463.293, 73
Trd, 4318465.043, 116
Trd, 4318466.343, 126
Trd, 4318467.443, 140
Trd, 4318467.943, 126
Trd, 4318468.493, 87
Trd, 4318468.943, 102
Trd, 4318470.643, 107
Trd, 4318470.793, 108
Trd, 4318470.993, 116
Trd, 4318471.343, 106
Trd, 4318471.593, 112
Trd, 4318472.843, 118
Trd, 4318474.043, 97
Trd, 4318475.143, 100
Trd, 4318475.993, 122
Trd, 4318476.493, 96
Trd, 4318476.893, 93
Trd, 4318477.343, 86
Trd, 4318478.043, 100
Trd, 4318479.493, 122
Trd, 4318480.043, 97
Trd, 4318481.793, 138
Trd, 4318483.143, 121
Trd, 4318483.193, 120
Trd, 4318483.893, 140
Trd, 4318484.293, 126
Trd, 4318485.393, 122
Trd, 4318486.693, 128
Trd, 4318486.843, 109
Trd, 4318487.293, 139
Trd, 4318488.393, 124
Trd, 4318489.643, 89
Trd, 4318490.243, 82
Trd, 4318491.893, 78
Trd, 4318492.693, 139
Trd, 4318493.093, 123
Trd, 4318493.443, 99
Trd, 4318495.243, 123
Trd, 4318495.593, 119
Trd, 4318495.743, 119
Trd, 4318497.343, 90
Trd, 4318497.743, 131
Trd, 4318497.993, 79
Trd, 4318498.693, 129
Trd, 4318499.443, 95
Trd, 4318499.943, 123
Trd, 4318500.593, 121
Trd, 4318501.193, 98
Trd, 4318501.843, 98
Trd, 4318502.243, 78
Trd, 4318502.843, 80
Trd, 4318503.543, 109
Trd, 4318504.443, 121
Trd, 4318504.893, 139
Trd, 4318506.943, 138
Trd, 4318507.443, 91
Trd, 4318507.893, 102
Trd, 4318510.143, 131
Trd, 4318510.343, 115
Trd, 4318510.993, 67
Trd, 4318511.193, 120
Trd, 4318511.543, 130
Trd, 4318511.943, 125
Trd, 4318513.693, 100
Trd, 4318513.993, 79
Trd, 4318515.843, 98
Trd, 4318516.793, 132
Trd, 4318518.493, 129
Trd, 4318518.743, 120
Trd, 4318520.893, 122
Trd, 4318521.093, 120
Trd, 4318521.643, 136
Trd, 4318522.793, 139
Trd, 4318522.943, 101
Trd, 4318523.743, 96
Trd, 4318524.343, 74
Trd, 4318525.743, 116
Trd, 4318527.093, 122
Trd, 4318527.343, 122
Trd, 4318528.843, 120
Trd, 4318528.893, 130
Trd, 4318529.643, 98
Trd, 4318529.693, 134
Trd, 4318530.143, 120
Trd, 4318531.643, 139
Trd, 4318532.143, 130
Trd, 4318532.343, 112
Trd, 4318532.743, 111
Trd, 4318533.743, 115
Trd, 4318534.093, 132
Trd, 4318535.793, 80
Trd, 4318535.943, 73
Trd, 4318536.543, 93
Trd, 4318537.543, 73
Trd, 4318540.043, 70
Trd, 4318540.893, 82
Trd, 4318541.293, 64
Trd, 4318541.743, 123
Trd, 4318542.443, 139
Trd, 4318542.493, 87
Trd, 4318542.843, 79
Trd, 4318544.143, 102
Trd, 4318546.843, 122
Trd, 4318547.543, 140
Trd, 4318547.993, 99
Trd, 4318550.143, 122
Trd, 4318550.943, 127
Trd, 4318551.343, 132
Trd, 4318551.443, 123
Trd, 4318551.743, 123
Trd, 4318551.993, 138
Trd, 4318553.543, 93
Trd, 4318554.143, 97
Trd, 4318554.193, 82
Trd, 4318554.593, 122
Trd, 4318557.143, 137
Trd, 4318557.393, 115
Trd, 4318557.793, 104
Trd, 4318558.593, 117
Trd, 4318559.393, 82
Trd, 4318561.743, 114
Trd, 4318561.843, 135
Trd, 4318562.393, 115
Trd, 4318564.243, 124
Trd, 4318565.243, 137
Trd, 4318565.293, 130
Trd, 4318565.893, 95
Trd, 4318566.893, 95
Trd, 4318567.243, 100
Trd, 4318568.143, 122
Trd, 4318568.343, 94
Trd, 4318568.893, 116
Trd, 4318570.793, 132
Trd, 4318570.943, 131
Trd, 4318571.993, 103
Trd, 4318572.843, 140
Trd, 4318573.643, 112
Trd, 4318574.893, 103
Trd, 4318574.993, 103
Trd, 4318575.693, 101
Trd, 4318576.993, 140
Trd, 4318578.293, 140
Trd, 4318578.543, 139
Trd, 4318578.843, 111
Trd, 4318579.293, 123
Trd, 4318581.243, 103
Trd, 4318584.193, 140
Trd, 4318584.493, 138
Trd, 4318585.893, 133
Trd, 4318586.343, 126
Trd, 4318586.643, 125
Trd, 4318586.893, 138
Trd, 4318587.643, 122
Trd, 4318588.243, 102
Trd, 4318589.293, 94
Trd, 4318589.793, 95
Trd, 4318591.743, 130
Trd, 4318592.143, 131
Trd, 4318592.243, 125
Trd, 4318592.793, 139
Trd, 4318593.143, 139
Trd, 4318594.243, 131
Trd, 4318596.093, 139
Trd, 4318596.643, 111
Trd, 4318596.743, 98
Trd, 4318596.893, 91
Trd, 4318597.093, 80
Trd, 4318598.193, 64
Trd, 4318598.643, 84
Trd, 4318599.543, 66
Trd, 4318600.193, 87
Trd, 4318600.743, 93
Trd, 4318601.493, 99
Trd, 4318602.293, 88
Trd, 4318602.993, 110
Trd, 4318604.093, 107
Trd, 4318605.093, 115
Trd, 4318605.393, 84
Trd, 4318606.393, 93
Trd, 4318606.943, 138
Trd, 4318607.993, 83
Trd, 4318608.693, 90
Trd, 4318608.743, 89
Trd, 4318610.543, 140
Trd, 4318610.743, 139
Trd, 4318610.893, 138
Trd, 4318611.193, 102
Trd, 4318611.593, 95
Trd, 4318611.943, 103
Trd, 4318613.793, 83
Trd, 4318613.843, 85
Trd, 4318614.043, 81
Trd, 4318615.743, 140
Trd, 4318616.743, 140
Trd, 4318617.543, 118
Trd, 4318617.843, 129
Trd, 4318619.443, 69
Trd, 4318619.693, 68
Trd, 4318619.943, 69
Trd, 4318621.493, 84
Trd, 4318622.193, 86
Trd, 4318622.443, 125
Trd, 4318623.193, 85
Trd, 4318624.143, 136
Trd, 4318624.643, 110
Trd, 4318624.693, 110
Trd, 4318626.743, 115
Trd, 4318628.143, 103
Trd, 4318628.343, 92
Trd, 4318629.193, 88
Trd, 4318629.393, 119
Trd, 4318629.793, 103
Trd, 4318630.743, 88
Trd, 4318631.693, 76
Trd, 4318631.893, 140
Trd, 4318632.993, 130
Trd, 4318634.043, 126
Trd, 4318634.343, 82
Trd, 4318635.493, 124
Trd, 4318635.943, 139
Trd, 4318637.943, 99
Trd, 4318637.993, 104
Trd, 4318638.893, 101
Trd, 4318639.693, 88
Trd, 4318640.193, 140
Trd, 4318640.493, 93
Trd, 4318642.143, 108
Trd, 4318642.293, 108
Trd, 4318642.843, 93
Trd, 4318644.243, 103
Trd, 4318644.543, 123
Trd, 4318644.943, 98
Trd, 4318646.443, 129
Trd, 4318647.343, 139
Trd, 4318647.543, 126
Trd, 4318647.993, 88
Trd, 4318648.743, 126
Trd, 4318649.043, 128
Trd, 4318649.643, 138
Trd, 4318650.493, 137
Trd, 4318651.393, 109
Trd, 4318652.543, 117
Trd, 4318652.893, 70
Trd, 4318653.093, 133
Trd, 4318653.893, 119
Trd, 4318655.443, 102
Trd, 4318655.743, 115
Trd, 4318655.793, 101
Trd, 4318657.143, 132
Trd, 4318657.593, 84
Trd, 4318658.093, 105
Trd, 4318659.593, 105
Trd, 4318659.693, 104
Trd, 4318660.343, 105
Trd, 4318661.393, 129
Trd, 4318662.543, 130
Trd, 4318663.093, 140
Trd, 4318664.643, 139
Trd, 4318665.093, 119
Trd, 4318665.543, 108
Trd, 4318666.243, 135
Trd, 4318666.543, 107
Trd, 4318667.793, 103
Trd, 4318668.443, 66
Trd, 4318669.793, 87
Trd, 4318670.293, 66
Trd, 4318670.443, 88
Trd, 4318671.143, 140
Trd, 4318672.443, 139
Trd, 4318673.043, 80
Trd, 4318673.893, 98
Trd, 4318675.743, 122
Trd, 4318677.393, 98
Trd, 4318677.493, 135
Trd, 4318679.593, 128
Trd, 4318680.093, 116
Trd, 4318680.143, 115
Trd, 4318680.743, 98
Trd, 4318681.843, 140
Trd, 4318683.293, 128
Trd, 4318684.043, 88
Trd, 4318685.443, 120
Trd, 4318686.393, 119
Trd, 4318686.593, 109
Trd, 4318686.643, 101
Trd, 4318686.843, 86
Trd, 4318686.893, 87
Trd, 4318687.043, 74
Trd, 4318687.993, 124
Trd, 4318690.943, 140
Trd, 4318690.993, 140
Trd, 4318691.143, 96
Trd, 4318691.993, 69
Trd, 4318693.143, 60
Trd, 4318695.343, 140
Trd, 4318696.243, 140
Trd, 4318696.293, 130
Trd, 4318696.693, 109
Trd, 4318698.543, 133
Trd, 4318699.093, 140
Trd, 4318700.143, 136
Trd, 4318700.543, 134
Trd, 4318701.593, 85
Trd, 4318701.693, 105
Trd, 4318702.443, 115
Trd, 4318703.593, 96
Trd, 4318704.543, 122
Trd, 4318704.693, 114
Trd, 4318705.843, 107
Trd, 4318709.093, 134
Trd, 4318709.493, 134
Trd, 4318709.693, 138
Trd, 4318709.943, 133
Trd, 4318710.043, 125
Trd, 4318710.193, 112
Trd, 4318711.193, 139
Trd, 4318711.443, 115
Trd, 4318712.693, 104
Trd, 4318713.143, 87
Trd, 4318713.443, 109
Trd, 4318714.843, 105
Trd, 4318715.393, 107
Trd, 4318715.543, 107
Trd, 4318716.293, 106
Trd, 4318717.243, 120
Trd, 4318717.793, 112
Trd, 4318718.443, 140
Trd, 4318719.093, 109
Trd, 4318719.643, 79
Trd, 4318723.043, 132
Trd, 4318723.643, 129
Trd, 4318724.393, 117
Trd, 4318724.743, 139
Trd, 4318725.493, 117
Trd, 4318726.243, 93
Trd, 4318726.843, 78
Trd, 4318727.293, 110
Trd, 4318727.643, 120
Trd, 4318728.793, 140
Trd, 4318728.843, 140
Trd, 4318729.093, 107
Trd, 4318730.643, 118
Trd, 4318730.993, 101
Trd, 4318732.293, 79
Trd, 4318733.243, 86
Trd, 4318734.043, 123
Trd, 4318735.343, 121
Trd, 4318735.543, 121
Trd, 4318736.643, 78
Trd, 4318737.393, 135
Trd, 4318739.093, 129
Trd, 4318739.143, 106
Trd, 4318739.493, 101
Trd, 4318740.443, 140
Trd, 4318740.993, 69
Trd, 4318741.643, 130
Trd, 4318741.843, 119
Trd, 4318742.593, 106
Trd, 4318743.493, 84
Trd, 4318745.693, 88
Trd, 4318746.443, 83
Trd, 4318746.643, 93
Trd, 4318746.793, 102
Trd, 4318748.193, 71
Trd, 4318748.993, 78
Trd, 4318749.243, 70
Trd, 4318749.593, 109
Trd, 4318750.143, 90
Trd, 4318751.493, 78
Trd, 4318751.693, 71
Trd, 4318752.593, 81
Trd, 4318754.893, 113
Trd, 4318755.443, 88
Trd, 4318755.693, 77
Trd, 4318756.143, 94
Trd, 4318756.893, 137
Trd, 4318756.943, 120
Trd, 4318757.843, 82
Trd, 4318757.993, 63
Trd, 4318758.393, 101
Trd, 4318760.543, 94
Trd, 4318762.093, 140
Trd, 4318763.343, 140
Trd, 4318763.693, 140
Trd, 4318763.993, 139
Trd, 4318764.093, 119
Trd, 4318765.543, 110
Trd, 4318765.943, 108
Trd, 4318766.943, 110
Trd, 4318768.143, 125
Trd, 4318768.843, 87
Trd, 4318770.193, 136
Trd, 4318771.343, 103
Trd, 4318772.543, 88
Trd, 4318772.593, 98
Trd, 4318773.143, 82
Trd, 4318773.293, 81
Trd, 4318773.593, 109
Trd, 4318774.343, 80
Trd, 4318774.943, 99
Trd, 4318776.793, 114
Trd, 4318777.793, 86
Trd, 4318778.693, 85
Trd, 4318779.043, 123
Trd, 4318779.943, 133
Trd, 4318781.043, 105
Trd, 4318781.693, 118
Trd, 4318782.393, 99
Trd, 4318786.393, 140
Trd, 4318786.493, 139
Trd, 4318786.543, 139
Trd, 4318787.343, 124
Trd, 4318788.043, 116
Trd, 4318788.293, 128
Trd, 4318789.543, 140
Trd, 4318791.743, 139
Trd, 4318792.293, 89
Trd, 4318793.343, 82
Trd, 4318794.643, 114
Trd, 4318795.443, 103
Trd, 4318795.493, 104
Trd, 4318795.843, 89
Trd, 4318796.193, 97
Trd, 4318797.293, 115
Trd, 4318797.493, 114
Trd, 4318800.893, 124
Trd, 4318801.043, 114
Trd, 4318802.443, 130
Trd, 4318802.943, 127
Trd, 4318803.193, 105
Trd, 4318803.343, 139
Trd, 4318803.893, 107
Trd, 4318805.143, 105
Trd, 4318805.293, 118
Trd, 4318805.743, 85
Trd, 4318806.043, 115
Trd, 4318807.893, 134
Trd, 4318808.643, 122
Trd, 4318809.193, 76
Trd, 4318810.543, 140
Trd, 4318811.893, 121
Trd, 4318812.543, 112
Trd, 4318813.093, 113
Trd, 4318813.643, 104
Trd, 4318815.143, 128
Trd, 4318815.543, 112
Trd, 4318816.543, 140
Trd, 4318817.193, 97
Trd, 4318817.293, 108
Trd, 4318818.093, 98
Trd, 4318818.243, 97
Trd, 4318819.493, 139
Trd, 4318819.993, 133
Trd, 4318820.393, 110
Trd, 4318822.343, 89
Trd, 4318823.943, 126
Trd, 4318824.393, 122
Trd, 4318824.993, 124
Trd, 4318825.793, 119
Trd, 4318825.993, 108
Trd, 4318826.793, 72
Trd, 4318827.143, 106
Trd, 4318827.993, 139
Trd, 4318829.893, 140
Trd, 4318830.043, 139
Trd, 4318830.143, 108
Trd, 4318830.393, 125
Trd, 4318831.443, 135
Trd, 4318831.543, 123
Trd, 4318831.943, 120
Trd, 4318833.893, 125
Trd, 4318833.993, 79
Trd, 4318835.443, 87
Trd, 4318836.643, 92
Trd, 4318836.843, 94
Trd, 4318837.193, 92
Trd, 4318837.593, 102
Trd, 4318837.993, 100
Trd, 4318839.543, 114
Trd, 4318839.693, 94
Trd, 4318840.243, 91
Trd, 4318840.593, 98
Trd, 4318842.243, 75
Trd, 4318842.893, 109
Trd, 4318843.043, 106
Trd, 4318844.193, 137
Trd, 4318844.743, 116
Trd, 4318844.893, 108
Trd, 4318845.943, 139
Trd, 4318846.193, 117
Trd, 4318848.493, 121
Trd, 4318849.043, 120
Trd, 4318849.143, 115
Trd, 4318849.893, 125
Trd, 4318850.343, 116
Trd, 4318850.743, 101
Trd, 4318851.493, 100
Trd, 4318851.593, 137
Trd, 4318853.743, 73
Trd, 4318854.393, 95
Trd, 4318854.443, 70
Trd, 4318855.893, 91
Trd, 4318856.593, 108
Trd, 4318857.043, 106
Trd, 4318858.193, 140
Trd, 4318858.443, 106
Trd, 4318859.843, 79
Trd, 4318860.093, 111
Trd, 4318860.343, 132
Trd, 4318861.293, 79
Trd, 4318861.943, 66
Trd, 4318862.493, 79
Trd, 4318863.093, 108
Trd, 4318863.343, 133
Trd, 4318864.193, 114
Trd, 4318864.293, 114
Trd, 4318866.993, 92
Trd, 4318867.693, 65
Trd, 4318868.843, 69
Trd, 4318869.493, 82
Trd, 4318870.293, 81
Trd, 4318871.493, 139
Trd, 4318871.593, 115
Trd, 4318872.193, 137
Trd, 4318872.643, 131
Trd, 4318872.793, 140
Trd, 4318872.893, 129
Trd, 4318873.643, 107
Trd, 4318873.693, 104
Trd, 4318875.943, 119
Trd, 4318876.093, 113
Trd, 4318876.543, 80
Trd, 4318876.693, 104
Trd, 4318877.893, 90
Trd, 4318879.243, 109
Trd, 4318879.443, 89
Trd, 4318879.593, 74
Trd, 4318880.193, 71
Trd, 4318880.543, 98
Trd, 4318880.943, 74
Trd, 4318881.643, 69
Trd, 4318881.693, 117
Trd, 4318883.493, 140
Trd, 4318883.893, 136
Trd, 4318884.243, 120
Trd, 4318884.293, 119
Trd, 4318886.993, 69
Trd, 4318888.093, 123
Trd, 4318888.543, 130
Trd, 4318888.943, 130
Trd, 4318889.543, 114
Trd, 4318890.593, 140
Trd, 4318890.993, 115
Trd, 4318891.743, 115
Trd, 4318892.493, 116
Trd, 4318893.393, 125
Trd, 4318893.743, 140
Trd, 4318893.793, 139
Trd, 4318894.893, 117
Trd, 4318894.943, 114
Trd, 4318896.093, 139
Trd, 4318896.243, 90
Trd, 4318897.293, 133
Trd, 4318899.093, 103
Trd, 4318899.193, 139
Trd, 4318899.393, 102
Trd, 4318901.193, 87
Trd, 4318901.793, 91
Trd, 4318901.843, 99
Trd, 4318903.043, 100
Trd, 4318903.243, 64
Trd, 4318905.893, 140
Trd, 4318908.093, 140
Trd, 4318908.393, 139
Trd, 4318908.793, 140
Trd, 4318909.693, 119
Trd, 4318909.843, 115
Trd, 4318910.093, 105
Trd, 4318910.293, 129
Trd, 4318912.643, 119
Trd, 4318912.893, 125
Trd, 4318912.993, 120
Trd, 4318913.143, 119
Trd, 4318913.993, 134
Trd, 4318914.743, 125
Trd, 4318914.893, 125
Trd, 4318915.893, 102
Trd, 4318916.193, 94
Trd, 4318916.793, 140
Trd, 4318918.193, 134
Trd, 4318918.943, 106
Trd, 4318921.843, 119
Trd, 4318923.293, 121
Trd, 4318923.543, 102
Trd, 4318924.493, 135
Trd, 4318925.343, 140
Trd, 4318925.443, 110
Trd, 4318925.893, 110
Trd, 4318927.393, 118
Trd, 4318927.993, 133
Trd, 4318928.593, 129
Trd, 4318928.943, 134
Trd, 4318929.093, 104
Trd, 4318931.493, 92
Trd, 4318932.493, 132
Trd, 4318934.443, 105
Trd, 4318934.593, 88
Trd, 4318936.243, 84
Trd, 4318936.443, 89
Trd, 4318937.293, 91
Trd, 4318938.693, 110
Trd, 4318939.293, 99
Trd, 4318939.993, 128
Trd, 4318940.093, 126
Trd, 4318941.743, 140
Trd, 4318941.843, 139
Trd, 4318942.493, 101
Trd, 4318942.743, 81
Trd, 4318944.443, 120
Trd, 4318944.643, 140
Trd, 4318944.843, 113
Trd, 4318945.293, 99
Trd, 4318947.343, 124
Trd, 4318947.793, 103
Trd, 4318948.143, 96
Trd, 4318949.393, 138
Trd, 4318950.543, 138
Trd, 4318950.593, 137
Trd, 4318950.843, 123
Trd, 4318952.693, 122
Trd, 4318953.193, 100
Trd, 4318953.543, 85
Trd, 4318954.093, 86
Trd, 4318955.043, 71
Trd, 4318955.643, 81
Trd, 4318957.093, 87
Trd, 4318957.543, 77
Trd, 4318959.793, 140
Trd, 4318961.543, 125
Trd, 4318961.893, 122
Trd, 4318962.893, 101
Trd, 4318963.693, 129
Trd, 4318964.043, 111
Trd, 4318964.393, 107
Trd, 4318964.843, 89
Trd, 4318965.443, 91
Trd, 4318965.893, 92
Trd, 4318966.243, 134
Trd, 4318966.443, 133
Trd, 4318966.893, 97
Trd, 4318969.393, 107
Trd, 4318970.493, 81
Trd, 4318970.643, 94
Trd, 4318970.743, 71
Trd, 4318971.543, 107
Trd, 4318972.993, 113
Trd, 4318973.793, 113
Trd, 4318973.843, 95
Trd, 4318974.293, 95
Trd, 4318974.893, 83
Trd, 4318976.793, 116
Trd, 4318977.643, 104
Trd, 4318977.843, 98
Trd, 4318978.343, 99
Trd, 4318978.443, 82
Trd, 4318978.993, 100
Trd, 4318980.643, 91
Trd, 4318982.193, 139
Trd, 4318983.093, 135
Trd, 4318983.143, 134
Trd, 4318984.043, 111
Trd, 4318985.643, 118
Trd, 4318986.293, 86
Trd, 4318986.843, 69
Trd, 4318987.293, 78
Trd, 4318987.943, 100
Trd, 4318988.743, 100
Trd, 4318990.343, 98
Trd, 4318990.543, 85
Trd, 4318990.643, 127
Trd, 4318991.343, 81
Trd, 4318991.493, 81
Trd, 4318992.143, 107
Trd, 4318992.243, 81
Trd, 4318993.743, 133
Trd, 4318993.843, 95
Trd, 4318994.943, 113
Trd, 4318995.443, 92
Trd, 4318995.643, 118
Trd, 4318996.243, 118
Trd, 4318997.193, 85
Trd, 4318999.093, 75
Trd, 4318999.493, 82
Trd, 4318999.543, 83
Trd, 4319000.643, 85
Trd, 4319001.843, 140
Trd, 4319002.143, 139
Trd, 4319003.543, 139
Trd, 4319004.443, 102
Trd, 4319005.243, 119
Trd, 4319006.393, 120
Trd, 4319006.443, 119
Trd, 4319007.193, 121
Trd, 4319008.093, 139
Trd, 4319008.243, 94
Trd, 4319008.843, 94
Trd, 4319010.893, 103
Trd, 4319011.193, 108
Trd, 4319011.643, 87
Trd, 4319012.593, 95
Trd, 4319013.193, 138
Trd, 4319014.193, 98
Trd, 4319015.193, 115
Trd, 4319015.343, 107
Trd, 4319016.643, 118
Trd, 4319017.193, 108
Trd, 4319017.393, 83
Trd, 4319017.843, 71
Trd, 4319020.093, 92
Trd, 4319020.743, 128
Trd, 4319020.893, 132
Trd, 4319021.293, 114
Trd, 4319021.843, 103
Trd, 4319022.943, 92
Trd, 4319023.593, 73
Trd, 4319023.893, 134
Trd, 4319025.343, 82
Trd, 4319025.743, 107
Trd, 4319025.893, 99
Trd, 4319027.593, 95
Trd, 4319029.193, 133
Trd, 4319029.393, 126
Trd, 4319030.243, 81
Trd, 4319030.943, 103
Trd, 4319031.893, 85
Trd, 4319032.143, 107
Trd, 4319032.643, 84
Trd, 4319033.243, 86
Trd, 4319033.393, 88
Trd, 4319034.193, 122
Trd, 4319035.693, 101
Trd, 4319036.893, 90
Trd, 4319037.093, 114
Trd, 4319038.843, 116
Trd, 4319039.193, 115
Trd, 4319039.393, 84
Trd, 4319040.893, 114
Trd, 4319043.343, 139
Trd, 4319043.443, 139
Trd, 4319043.793, 127
Trd, 4319043.993, 116
Trd, 4319044.743, 114
Trd, 4319046.393, 98
Trd, 4319047.293, 133
Trd, 4319049.243, 102
Trd, 4319049.593, 122
Trd, 4319049.693, 93
Trd, 4319050.843, 77
Trd, 4319051.093, 101
Trd, 4319051.893, 70
Trd, 4319053.043, 140
Trd, 4319053.393, 137
Trd, 4319053.693, 92
Trd, 4319053.943, 91
Trd, 4319055.643, 139
Trd, 4319056.393, 79
Trd, 4319056.493, 87
Trd, 4319056.943, 78
Trd, 4319057.843, 94
Trd, 4319058.243, 115
Trd, 4319058.643, 127
Trd, 4319058.743, 93
Trd, 4319058.793, 74
Trd, 4319060.643, 97
Trd, 4319061.043, 79
Trd, 4319061.893, 140
Trd, 4319062.243, 108
Trd, 4319063.193, 121
Trd, 4319063.793, 120
Trd, 4319064.443, 127
Trd, 4319065.693, 116
Trd, 4319066.643, 115
Trd, 4319067.943, 138
Trd, 4319068.243, 114
Trd, 4319068.493, 123
Trd, 4319069.543, 114
Trd, 4319070.193, 111
Trd, 4319071.693, 123
Trd, 4319072.093, 132
Trd, 4319072.343, 115
Trd, 4319072.743, 137
Trd, 4319073.793, 84
Trd, 4319075.193, 113
Trd, 4319076.443, 103
Trd, 4319076.593, 109
Trd, 4319077.193, 104
Trd, 4319077.293, 103
Trd, 4319078.143, 140
Trd, 4319078.343, 103
Trd, 4319079.243, 138
Trd, 4319079.293, 89
Trd, 4319079.593, 88
Trd, 4319080.643, 67
Trd, 4319081.493, 134
Trd, 4319083.243, 125
Trd, 4319083.593, 130
Trd, 4319084.343, 120
Trd, 4319085.143, 90
Trd, 4319085.343, 101
Trd, 4319086.293, 139
Trd, 4319087.243, 121
Trd, 4319087.393, 98
Trd, 4319087.693, 122
Trd, 4319088.443, 140
Trd, 4319088.643, 111
Trd, 4319089.243, 103
Trd, 4319089.493, 102
Trd, 4319090.543, 121
Trd, 4319090.893, 102
Trd, 4319091.793, 100
Trd, 4319093.693, 107
Trd, 4319094.443, 101
Trd, 4319094.643, 138
Trd, 4319095.443, 60
Trd, 4319096.593, 134
Trd, 4319097.043, 112
Trd, 4319097.643, 77
Trd, 4319099.393, 118
Trd, 4319099.643, 116
Trd, 4319099.693, 115
Trd, 4319099.843, 105
Trd, 4319102.493, 108
Trd, 4319103.543, 140
Trd, 4319104.843, 121
Trd, 4319105.593, 125
Trd, 4319105.643, 114
Trd, 4319106.443, 91
Trd, 4319107.493, 90
Trd, 4319108.193, 114
Trd, 4319108.643, 87
Trd, 4319108.993, 81
Trd, 4319109.493, 117
Trd, 4319110.493, 140
Trd, 4319111.143, 113
Trd, 4319112.193, 109
Trd, 4319112.343, 106
Trd, 4319112.893, 104
Trd, 4319116.543, 140
Trd, 4319116.743, 140
Trd, 4319116.943, 139
Trd, 4319118.093, 116
Trd, 4319118.343, 115
Trd, 4319118.943, 136
Trd, 4319118.993, 113
Trd, 4319119.893, 115
Trd, 4319120.193, 102
Trd, 4319120.993, 99
Trd, 4319121.943, 94
Trd, 4319122.643, 92
Trd, 4319122.743, 92
Trd, 4319124.393, 82
Trd, 4319124.843, 115
Trd, 4319125.043, 83
Trd, 4319125.693, 78
Trd, 4319126.843, 119
Trd, 4319126.993, 118
Trd, 4319128.293, 122
Trd, 4319128.943, 85
Trd, 4319129.643, 72
Trd, 4319130.043, 134
Trd, 4319131.593, 139
Trd, 4319131.743, 137
Trd, 4319133.043, 139
Trd, 4319134.293, 114
Trd, 4319135.293, 72
Trd, 4319135.493, 99
Trd, 4319136.643, 83
Trd, 4319137.293, 115
Trd, 4319138.493, 113
Trd, 4319139.993, 114
Trd, 4319140.693, 108
Trd, 4319141.243, 103
Trd, 4319141.643, 115
Trd, 4319141.993, 86
Trd, 4319143.143, 109
Trd, 4319143.393, 119
Trd, 4319143.743, 90
Trd, 4319144.893, 82
Trd, 4319145.493, 140
Trd, 4319146.993, 117
Trd, 4319147.993, 109
Trd, 4319148.693, 126
Trd, 4319148.843, 106
Trd, 4319149.143, 78
Trd, 4319149.493, 97
Trd, 4319149.693, 75
Trd, 4319149.993, 82
Trd, 4319152.043, 80
Trd, 4319152.193, 95
Trd, 4319153.143, 96
Trd, 4319155.343, 86
Trd, 4319155.843, 132
Trd, 4319156.493, 95
Trd, 4319156.643, 93
Trd, 4319157.193, 106
Trd, 4319157.743, 103
Trd, 4319158.393, 114
Trd, 4319158.893, 107
Trd, 4319160.593, 94
Trd, 4319160.643, 85
Trd, 4319161.493, 103
Trd, 4319162.443, 126
Trd, 4319162.843, 91
Trd, 4319164.143, 140
Trd, 4319164.743, 129
Trd, 4319165.043, 111
Trd, 4319166.093, 132
Trd, 4319167.193, 136
Trd, 4319167.343, 103
Trd, 4319168.793, 102
Trd, 4319169.193, 103
Trd, 4319171.593, 78
Trd, 4319171.793, 72
Trd, 4319171.843, 110
Trd, 4319172.793, 84
Trd, 4319172.943, 86
Trd, 4319173.793, 94
Trd, 4319175.543, 123
Trd, 4319176.743, 123
Trd, 4319176.993, 108
Trd, 4319177.293, 76
Trd, 4319178.443, 112
Trd, 4319178.893, 125
Trd, 4319179.943, 121
Trd, 4319180.843, 125
Trd, 4319181.593, 124
Trd, 4319181.693, 122
Trd, 4319182.243, 112
Trd, 4319182.543, 124
Trd, 4319184.943, 122
Trd, 4319185.943, 122
Trd, 4319186.693, 139
Trd, 4319186.993, 113
Trd, 4319187.043, 77
Trd, 4319188.143, 73
Trd, 4319188.543, 118
Trd, 4319189.643, 72
Trd, 4319190.643, 97
Trd, 4319191.793, 92
Trd, 4319192.293, 130
Trd, 4319193.443, 110
Trd, 4319193.993, 67
Trd, 4319194.393, 84
Trd, 4319194.543, 85
Trd, 4319194.593, 91
Trd, 4319195.043, 138
Trd, 4319195.143, 134
Trd, 4319196.143, 80
Trd, 4319197.193, 95
Trd, 4319199.093, 114
Trd, 4319199.643, 132
Trd, 4319200.293, 109
Trd, 4319200.543, 109
Trd, 4319200.693, 118
Trd, 4319201.493, 115
Trd, 4319201.643, 105
Trd, 4319204.243, 140
Trd, 4319204.943, 139
Trd, 4319205.293, 126
Trd, 4319205.693, 112
Trd, 4319206.193, 108
Trd, 4319207.993, 64
Trd, 4319208.343, 78
Trd, 4319208.693, 80
Trd, 4319209.943, 71
Trd, 4319210.293, 84
Trd, 4319210.793, 112
Trd, 4319211.793, 138
Trd, 4319212.493, 139
Trd, 4319213.843, 139
Trd, 4319214.593, 96
Trd, 4319215.693, 121
Trd, 4319215.943, 108
Trd, 4319216.793, 119
Trd, 4319217.643, 128
Trd, 4319218.243, 138
Trd, 4319218.593, 137
Trd, 4319218.943, 133
Trd, 4319219.543, 105
Trd, 4319219.793, 81
Trd, 4319220.593, 97
Trd, 4319221.243, 139
Trd, 4319221.793, 127
Trd, 4319222.343, 87
Trd, 4319223.193, 122
Trd, 4319224.093, 121
Trd, 4319225.393, 136
Trd, 4319225.543, 114
Trd, 4319226.243, 113
Trd, 4319226.543, 125
Trd, 4319227.293, 130
Trd, 4319227.593, 95
Trd, 4319228.793, 87
Trd, 4319229.293, 83
Trd, 4319229.793, 80
Trd, 4319230.943, 137
Trd, 4319231.343, 137
Trd, 4319232.043, 86
Trd, 4319232.893, 109
Trd, 4319233.693, 137
Trd, 4319234.393, 130
Trd, 4319236.243, 126
Trd, 4319236.843, 126
Trd, 4319237.043, 118
Trd, 4319237.443, 133
Trd, 4319237.693, 78
Trd, 4319238.293, 105
Trd, 4319240.443, 111
Trd, 4319241.193, 110
Trd, 4319242.143, 109
Trd, 4319244.593, 121
Trd, 4319245.893, 120
Trd, 4319246.643, 75
Trd, 4319247.293, 81
Trd, 4319247.343, 82
Trd, 4319248.143, 131
Trd, 4319249.043, 110
Trd, 4319249.443, 79
Trd, 4319249.593, 94
Trd, 4319250.393, 115
Trd, 4319250.693, 109
Trd, 4319251.543, 140
Trd, 4319251.893, 123
Trd, 4319253.343, 140
Trd, 4319253.693, 139
Trd, 4319253.743, 138
Trd, 4319254.443, 98
Trd, 4319254.593, 94
Trd, 4319255.043, 124
Trd, 4319256.293, 114
Trd, 4319256.843, 109
Trd, 4319258.193, 90
Trd, 4319260.743, 118
Trd, 4319261.143, 135
Trd, 4319261.493, 109
Trd, 4319262.193, 124
Trd, 4319262.643, 140
Trd, 4319263.543, 92
Trd, 4319263.893, 84
Trd, 4319264.343, 105
Trd, 4319265.743, 79
Trd, 4319266.093, 73
Trd, 4319266.193, 100
Trd, 4319267.393, 84
Trd, 4319267.843, 101
Trd, 4319268.493, 86
Trd, 4319269.043, 85
Trd, 4319270.943, 133
Trd, 4319271.143, 98
Trd, 4319271.843, 130
Trd, 4319271.993, 130
Trd, 4319272.093, 126
Trd, 4319274.243, 74
Trd, 4319274.293, 89
Trd, 4319275.293, 125
Trd, 4319275.643, 98
Trd, 4319276.693, 99
Trd, 4319277.143, 107
Trd, 4319279.093, 125
Trd, 4319279.293, 116
Trd, 4319280.093, 113
Trd, 4319280.843, 87
Trd, 4319281.193, 112
Trd, 4319281.843, 72
Trd, 4319282.193, 110
Trd, 4319282.543, 68
Trd, 4319284.043, 138
Trd, 4319284.293, 112
Trd, 4319285.743, 107
Trd, 4319286.993, 107
Trd, 4319287.093, 107
Trd, 4319287.693, 109
Trd, 4319289.193, 74
Trd, 4319290.293, 136
Trd, 4319290.493, 96
Trd, 4319290.643, 96
Trd, 4319291.643, 132
Trd, 4319291.993, 97
Trd, 4319294.193, 104
Trd, 4319294.593, 100
Trd, 4319295.543, 96
Trd, 4319296.343, 106
Trd, 4319296.793, 111
Trd, 4319296.993, 84
Trd, 4319297.393, 70
Trd, 4319297.993, 98
Trd, 4319298.893, 86
Trd, 4319300.593, 66
Trd, 4319301.143, 69
Trd, 4319301.893, 76
Trd, 4319302.293, 94
Trd, 4319303.593, 140
Trd, 4319303.843, 140
Trd, 4319304.843, 98
Trd, 4319306.643, 107
Trd, 4319308.643, 135
Trd, 4319308.893, 136
Trd, 4319309.643, 135
Trd, 4319309.993, 129
Trd, 4319310.443, 101
Trd, 4319310.843, 104
Trd, 4319313.343, 138
Trd, 4319314.143, 128
Trd, 4319314.193, 122
Trd, 4319314.643, 95
Trd, 4319314.743, 100
Trd, 4319314.793, 95
Trd, 4319317.443, 102
Trd, 4319317.893, 93
Trd, 4319318.293, 128
Trd, 4319318.393, 89
Trd, 4319319.543, 113
Trd, 4319320.243, 106
Trd, 4319321.343, 100
Trd, 4319322.743, 132
Trd, 4319323.693, 117
Trd, 4319324.043, 139
Trd, 4319325.043, 113
Trd, 4319325.243, 119
Trd, 4319325.393, 114
Trd, 4319326.743, 119
Trd, 4319327.393, 119
Trd, 4319327.443, 118
Trd, 4319328.093, 101
Trd, 4319329.493, 75
Trd, 4319331.843, 87
Trd, 4319332.543, 140
Trd, 4319332.643, 120
Trd, 4319333.393, 127
Trd, 4319333.493, 89
Trd, 4319334.893, 97
Trd, 4319335.943, 134
Trd, 4319336.393, 138
Trd, 4319337.093, 110
Trd, 4319338.193, 116
Trd, 4319339.243, 140
Trd, 4319339.393, 103
Trd, 4319339.743, 131
Trd, 4319339.843, 91
Trd, 4319339.993, 105
Trd, 4319340.943, 63
Trd, 4319341.943, 89
Trd, 4319344.043, 94
Trd, 4319344.193, 91
Trd, 4319344.343, 90
Trd, 4319345.043, 87
Trd, 4319345.443, 96
Trd, 4319345.743, 87
Trd, 4319346.343, 64
Trd, 4319346.493, 119
Trd, 4319347.193, 115
Trd, 4319347.593, 122
Trd, 4319349.843, 62
Trd, 4319349.943, 66
Trd, 4319350.193, 66
Trd, 4319350.993, 68
Trd, 4319351.843, 140
Trd, 4319353.593, 139
Trd, 4319355.043, 125
Trd, 4319355.543, 113
Trd, 4319356.043, 125
Trd, 4319356.593, 113
Trd, 4319357.393, 127
Trd, 4319357.593, 126
Trd, 4319357.643, 126
Trd, 4319357.843, 121
Trd, 4319358.743, 79
Trd, 4319359.493, 139
Trd, 4319361.243, 108
Trd, 4319361.393, 86
Trd, 4319362.743, 74
Trd, 4319363.743, 120
Trd, 4319364.743, 125
Trd, 4319365.243, 137
Trd, 4319366.093, 138
Trd, 4319366.193, 126
Trd, 4319366.593, 89
Trd, 4319367.343, 89
Trd, 4319368.743, 70
Trd, 4319368.993, 87
Trd, 4319369.443, 71
Trd, 4319370.393, 79
Trd, 4319370.643, 82
Trd, 4319370.893, 101
Trd, 4319371.343, 83
Trd, 4319372.443, 129
Trd, 4319372.593, 129
Trd, 4319372.693, 111
Trd, 4319374.143, 137
Trd, 4319374.193, 127
Trd, 4319374.643, 96
Trd, 4319376.343, 94
Trd, 4319377.043, 108
Trd, 4319377.093, 86
Trd, 4319377.943, 136
Trd, 4319378.843, 135
Trd, 4319381.043, 116
Trd, 4319381.243, 117
Trd, 4319381.793, 115
Trd, 4319382.293, 107
Trd, 4319382.593, 118
Trd, 4319382.843, 132
Trd, 4319383.893, 124
Trd, 4319386.093, 140
Trd, 4319386.443, 132
Trd, 4319386.543, 129
Trd, 4319387.043, 129
Trd, 4319387.543, 114
Trd, 4319387.943, 113
Trd, 4319388.443, 105
Trd, 4319390.093, 124
Trd, 4319390.943, 126
Trd, 4319391.193, 140
Trd, 4319391.893, 138
Trd, 4319392.543, 137
Trd, 4319393.793, 126
Trd, 4319394.493, 120
Trd, 4319394.693, 112
Trd, 4319395.043, 90
Trd, 4319397.093, 123
Trd, 4319397.743, 113
Trd, 4319399.093, 140
Trd, 4319399.143, 139
Trd, 4319399.193, 113
Trd, 4319400.743, 128
Trd, 4319400.793, 128
Trd, 4319402.143, 101
Trd, 4319402.543, 139
Trd, 4319403.143, 108
Trd, 4319403.543, 82
Trd, 4319404.393, 97
Trd, 4319405.193, 91
Trd, 4319406.993, 92
Trd, 4319407.343, 90
Trd, 4319407.443, 70
Trd, 4319407.593, 73
Trd, 4319407.843, 115
Trd, 4319409.343, 103
Trd, 4319409.643, 95
Trd, 4319410.943, 87
Trd, 4319412.093, 112
Trd, 4319412.743, 99
Trd, 4319413.093, 74
Trd, 4319413.493, 90
Trd, 4319413.643, 130
Trd, 4319415.593, 118
Trd, 4319416.343, 139
Trd, 4319416.443, 131
Trd, 4319416.793, 122
Trd, 4319417.993, 133
Trd, 4319418.693, 117
Trd, 4319418.943, 116
Trd, 4319420.093, 103
Trd, 4319421.143, 109
Trd, 4319422.093, 86
Trd, 4319422.343, 106
Trd, 4319423.593, 138
Trd, 4319423.643, 138
Trd, 4319423.993, 111
Trd, 4319424.193, 88
Trd, 4319424.493, 68
Trd, 4319426.393, 73
Trd, 4319426.643, 116
Trd, 4319427.993, 84
Trd, 4319428.593, 75
Trd, 4319429.243, 128
Trd, 4319429.743, 96
Trd, 4319430.343, 120
Trd, 4319433.243, 122
Trd, 4319433.643, 108
Trd, 4319433.993, 125
Trd, 4319434.743, 125
Trd, 4319434.793, 107
Trd, 4319436.243, 126
Trd, 4319436.643, 140
Trd, 4319437.193, 138
Trd, 4319437.943, 86
Trd, 4319439.393, 108
Trd, 4319441.893, 119
Trd, 4319441.943, 118
Trd, 4319442.643, 132
Trd, 4319442.843, 118
Trd, 4319443.943, 101
Trd, 4319444.143, 111
Trd, 4319444.243, 100
Trd, 4319446.593, 131
Trd, 4319446.793, 135
Trd, 4319447.993, 123
Trd, 4319448.643, 121
Trd, 4319449.193, 120
Trd, 4319450.443, 120
Trd, 4319450.693, 99
Trd, 4319451.393, 103
Trd, 4319452.343, 133
Trd, 4319453.543, 140
Trd, 4319454.393, 96
Trd, 4319454.443, 94
Trd, 4319456.243, 117
Trd, 4319456.293, 117
Trd, 4319456.593, 110
Trd, 4319456.793, 98
Trd, 4319457.593, 128
Trd, 4319458.293, 136
Trd, 4319458.593, 117
Trd, 4319459.243, 94
Trd, 4319459.843, 121
Trd, 4319460.393, 81
Trd, 4319461.893, 94
Trd, 4319462.293, 90
Trd, 4319462.893, 139
Trd, 4319463.743, 101
Trd, 4319465.593, 135
Trd, 4319467.343, 115
Trd, 4319467.893, 96
Trd, 4319468.143, 134
Trd, 4319468.393, 82
Trd, 4319468.443, 73
Trd, 4319469.243, 129
Trd, 4319469.293, 72
Trd, 4319469.943, 73
Trd, 4319470.943, 137
Trd, 4319473.493, 122
Trd, 4319473.543, 104
Trd, 4319474.143, 136
Trd, 4319474.943, 100
Trd, 4319475.043, 98
Trd, 4319475.693, 110
Trd, 4319476.993, 140
Trd, 4319477.643, 140
Trd, 4319478.643, 139
Trd, 4319478.893, 127
Trd, 4319480.293, 131
Trd, 4319480.693, 117
Trd, 4319482.093, 120
Trd, 4319482.593, 103
Trd, 4319483.993, 126
Trd, 4319485.193, 139
Trd, 4319485.593, 126
Trd, 4319485.893, 78
Trd, 4319486.493, 139
Trd, 4319487.593, 121
Trd, 4319487.893, 135
Trd, 4319487.943, 83
Trd, 4319488.243, 111
Trd, 4319490.393, 100
Trd, 4319492.043, 109
Trd, 4319492.743, 122
Trd, 4319492.793, 101
Trd, 4319493.143, 100
Trd, 4319493.843, 97
Trd, 4319494.493, 119
Trd, 4319496.593, 140
Trd, 4319497.293, 127
Trd, 4319497.543, 99
Trd, 4319497.743, 70
Trd, 4319499.743, 79
Trd, 4319500.293, 82
Trd, 4319502.693, 138
Trd, 4319503.393, 112
Trd, 4319504.243, 131
Trd, 4319505.943, 129
Trd, 4319506.693, 131
Trd, 4319506.943, 120
Trd, 4319506.993, 108
Trd, 4319507.693, 98
Trd, 4319509.293, 92
Trd, 4319509.593, 98
Trd, 4319509.743, 74
Trd, 4319510.343, 140
Trd, 4319510.693, 114
Trd, 4319512.093, 120
Trd, 4319513.143, 134
Trd, 4319513.443, 134
Trd, 4319514.143, 131
Trd, 4319515.643, 123
Trd, 4319516.043, 108
Trd, 4319516.693, 82
Trd, 4319517.643, 112
Trd, 4319518.493, 140
Trd, 4319519.893, 140
Trd, 4319521.243, 96
Trd, 4319521.293, 76
Trd, 4319522.843, 122
Trd, 4319523.393, 119
Trd, 4319524.843, 115
Trd, 4319525.093, 112
Trd, 4319525.143, 111
Trd, 4319525.343, 89
Trd, 4319526.643, 111
Trd, 4319527.743, 70
Trd, 4319528.893, 64
Trd, 4319529.543, 113
Trd, 4319530.493, 114
Trd, 4319530.843, 105
Trd, 4319531.343, 110
Trd, 4319531.793, 116
Trd, 4319532.193, 119
Trd, 4319534.693, 139
Trd, 4319534.843, 113
Trd, 4319535.093, 140
Trd, 4319535.443, 107
Trd, 4319537.593, 131
Trd, 4319538.543, 102
Trd, 4319539.093, 92
Trd, 4319540.743, 132
Trd, 4319541.093, 112
Trd, 4319541.593, 114
Trd, 4319542.943, 138
Trd, 4319543.593, 88
Trd, 4319544.093, 87
Trd, 4319544.443, 82
Trd, 4319545.443, 108
Trd, 4319546.043, 104
Trd, 4319546.943, 116
Trd, 4319548.693, 119
Trd, 4319548.943, 119
Trd, 4319550.493, 112
Trd, 4319551.293, 79
Trd, 4319552.043, 86
Trd, 4319552.993, 93
Trd, 4319553.693, 92
Trd, 4319553.843, 106
Trd, 4319554.343, 96
Trd, 4319555.493, 97
Trd, 4319556.393, 99
Trd, 4319556.443, 94
Trd, 4319557.293, 109
Trd, 4319557.643, 112
Trd, 4319557.693, 120
Trd, 4319559.993, 69
Trd, 4319560.643, 66
Trd, 4319562.443, 113
Trd, 4319563.893, 108
Trd, 4319564.343, 96
Trd, 4319564.443, 95
Trd, 4319564.993, 140
Trd, 4319565.093, 125
Trd, 4319565.493, 115
Trd, 4319565.543, 115
Trd, 4319566.293, 136
Trd, 4319566.743, 74
Trd, 4319567.693, 130
Trd, 4319568.743, 90
Trd, 4319569.243, 94
Trd, 4319570.293, 98
Trd, 4319570.493, 113
Trd, 4319571.143, 90
Trd, 4319571.293, 138
Trd, 4319572.193, 97
Trd, 4319573.393, 123
Trd, 4319573.593, 114
Trd, 4319573.943, 83
Trd, 4319575.493, 123
Trd, 4319576.043, 138
Trd, 4319576.443, 105
Trd, 4319576.543, 105
Trd, 4319577.393, 138
Trd, 4319579.093, 104
Trd, 4319579.643, 96
Trd, 4319579.843, 87
Trd, 4319580.343, 62
Trd, 4319581.743, 139
Trd, 4319581.893, 108
Trd, 4319582.643, 108
Trd, 4319582.693, 116
Trd, 4319583.193, 66
Trd, 4319584.193, 121
Trd, 4319585.843, 132
Trd, 4319586.043, 132
Trd, 4319587.643, 139
Trd, 4319591.693, 135
Trd, 4319592.293, 134
Trd, 4319592.593, 124
Trd, 4319592.793, 140
Trd, 4319593.593, 122
Trd, 4319593.943, 122
Trd, 4319593.993, 117
Trd, 4319594.693, 140
Trd, 4319594.843, 116
Trd, 4319595.793, 75
Trd, 4319596.293, 75
Trd, 4319596.793, 107
Trd, 4319597.043, 82
Trd, 4319599.443, 128
Trd, 4319599.743, 72
Trd, 4319600.743, 71
Trd, 4319601.143, 108
Trd, 4319601.343, 94
Trd, 4319602.243, 116
Trd, 4319602.643, 127
Trd, 4319602.943, 117
Trd, 4319603.843, 106
Trd, 4319605.493, 118
Trd, 4319605.993, 116
Trd, 4319607.593, 134
Trd, 4319607.943, 115
Trd, 4319608.793, 100
Trd, 4319608.943, 100
Trd, 4319610.243, 83
Trd, 4319610.743, 86
Trd, 4319611.493, 136
Trd, 4319611.543, 67
Trd, 4319613.093, 88
Trd, 4319613.293, 78
Trd, 4319613.993, 122
Trd, 4319614.393, 90
Trd, 4319615.793, 87
Trd, 4319616.893, 79
Trd, 4319617.393, 88
Trd, 4319620.393, 105
Trd, 4319620.893, 114
Trd, 4319622.243, 103
Trd, 4319622.293, 101
Trd, 4319623.393, 138
Trd, 4319623.493, 131
Trd, 4319624.093, 122
Trd, 4319624.193, 116
Trd, 4319624.243, 102
Trd, 4319624.493, 63
Trd, 4319625.093, 74
Trd, 4319625.393, 103
Trd, 4319628.543, 92
Trd, 4319629.243, 133
Trd, 4319629.443, 89
Trd, 4319629.793, 116
Trd, 4319631.743, 93
Trd, 4319633.643, 140
Trd, 4319634.043, 140
Trd, 4319634.143, 139
Trd, 4319634.843, 133
Trd, 4319635.543, 116
Trd, 4319636.143, 103
Trd, 4319636.743, 108
Trd, 4319636.943, 88
Trd, 4319638.243, 106
Trd, 4319638.443, 101
Trd, 4319639.593, 121
Trd, 4319640.343, 93
Trd, 4319640.893, 100
Trd, 4319640.943, 81
Trd, 4319641.293, 111
Trd, 4319642.293, 77
Trd, 4319642.493, 72
Trd, 4319642.793, 92
Trd, 4319643.443, 75
Trd, 4319646.043, 137
Trd, 4319646.193, 132
Trd, 4319646.293, 131
Trd, 4319647.643, 129
Trd, 4319648.343, 129
Trd, 4319648.593, 122
Trd, 4319651.293, 140
Trd, 4319652.243, 140
Trd, 4319652.693, 139
Trd, 4319653.093, 135
Trd, 4319653.643, 117
Trd, 4319654.543, 81
Trd, 4319655.293, 67
Trd, 4319655.793, 66
Trd, 4319656.493, 127
Trd, 4319656.593, 114
Trd, 4319657.093, 100
Trd, 4319657.643, 137
Trd, 4319658.393, 116
Trd, 4319659.443, 110
Trd, 4319660.343, 109
Trd, 4319660.393, 95
Trd, 4319661.843, 138
Trd, 4319663.343, 140
Trd, 4319665.443, 131
Trd, 4319665.793, 99
Trd, 4319666.543, 124
Trd, 4319666.693, 94
Trd, 4319666.893, 84
Trd, 4319667.093, 140
Trd, 4319667.893, 76
Trd, 4319669.293, 112
Trd, 4319669.543, 105
Trd, 4319669.743, 90
Trd, 4319669.993, 82
Trd, 4319670.393, 114
Trd, 4319672.043, 111
Trd, 4319672.443, 99
Trd, 4319674.093, 105
Trd, 4319674.493, 106
Trd, 4319675.193, 140
Trd, 4319676.243, 126
Trd, 4319676.943, 124
Trd, 4319677.893, 124
Trd, 4319678.343, 88
Trd, 4319680.193, 102
Trd, 4319680.343, 87
Trd, 4319681.043, 78
Trd, 4319681.943, 125
Trd, 4319681.993, 125
Trd, 4319683.943, 99
Trd, 4319684.543, 112
Trd, 4319684.793, 107
Trd, 4319684.893, 94
Trd, 4319685.093, 115
Trd, 4319686.193, 95
Trd, 4319687.643, 99
Trd, 4319688.293, 124
Trd, 4319688.593, 108
Trd, 4319689.393, 129
Trd, 4319689.743, 114
Trd, 4319690.193, 124
Trd, 4319690.443, 105
Trd, 4319690.993, 140
Trd, 4319691.343, 90
Trd, 4319692.143, 129
Trd, 4319693.293, 87
Trd, 4319693.393, 85
Trd, 4319693.993, 82
Trd, 4319694.293, 80
Trd, 4319694.593, 108
Trd, 4319695.493, 125
Trd, 4319696.543, 67
Trd, 4319698.343, 78
Trd, 4319699.593, 115
Trd, 4319700.893, 107
Trd, 4319700.943, 107
Trd, 4319701.293, 105
Trd, 4319702.293, 136
Trd, 4319702.793, 139
Trd, 4319703.943, 128
Trd, 4319704.743, 101
Trd, 4319705.743, 139
Trd, 4319706.393, 139
Trd, 4319708.143, 119
Trd, 4319708.393, 125
Trd, 4319709.243, 136
Trd, 4319710.393, 138
Trd, 4319710.543, 124
Trd, 4319711.043, 123
Trd, 4319711.643, 105
Trd, 4319713.393, 119
Trd, 4319713.943, 118
Trd, 4319714.343, 117
Trd, 4319715.443, 101
Trd, 4319715.893, 95
Trd, 4319716.243, 90
Trd, 4319717.193, 94
Trd, 4319717.943, 138
Trd, 4319718.343, 107
Trd, 4319718.793, 106
Trd, 4319720.443, 76
Trd, 4319722.043, 122
Trd, 4319722.293, 118
Trd, 4319723.093, 122
Trd, 4319723.793, 99
Trd, 4319724.043, 96
Trd, 4319724.743, 94
Trd, 4319725.193, 111
Trd, 4319726.643, 137
Trd, 4319727.743, 79
Trd, 4319727.943, 110
Trd, 4319728.343, 139
Trd, 4319729.193, 89
Trd, 4319729.443, 78
Trd, 4319729.693, 123
Trd, 4319730.393, 93
Trd, 4319731.493, 82
Trd, 4319734.643, 130
Trd, 4319734.943, 126
Trd, 4319735.493, 140
Trd, 4319736.393, 132
Trd, 4319736.643, 126
Trd, 4319736.943, 127
Trd, 4319737.493, 88
Trd, 4319738.193, 62
Trd, 4319739.293, 127
Trd, 4319739.643, 98
Trd, 4319741.043, 80
Trd, 4319741.593, 97
Trd, 4319743.243, 100
Trd, 4319743.543, 94
Trd, 4319743.593, 94
Trd, 4319745.243, 101
Trd, 4319746.293, 133
Trd, 4319746.843, 105
Trd, 4319747.193, 117
Trd, 4319747.793, 95
Trd, 4319747.843, 94
Trd, 4319748.943, 61
Trd, 4319749.643, 91
Trd, 4319750.543, 78
Trd, 4319751.393, 140
Trd, 4319751.593, 85
Trd, 4319753.293, 102
Trd, 4319754.893, 101
Trd, 4319755.243, 101
Trd, 4319755.443, 101
Trd, 4319756.493, 127
Trd, 4319757.293, 138
Trd, 4319757.893, 114
Trd, 4319759.443, 95
Trd, 4319759.643, 128
Trd, 4319760.093, 126
Trd, 4319760.843, 116
Trd, 4319762.043, 107
Trd, 4319762.243, 107
Trd, 4319763.043, 140
Trd, 4319764.793, 107
Trd, 4319765.543, 140
Trd, 4319766.243, 120
Trd, 4319767.693, 124
Trd, 4319767.943, 114
Trd, 4319768.593, 140
Trd, 4319769.193, 129
Trd, 4319770.993, 106
Trd, 4319771.993, 108
Trd, 4319772.793, 114
Trd, 4319773.393, 93
Trd, 4319773.743, 65
Trd, 4319773.893, 99
Trd, 4319774.243, 93
Trd, 4319774.543, 82
Trd, 4319774.693, 82
Trd, 4319776.843, 72
Trd, 4319777.093, 88
Trd, 4319777.793, 81
Trd, 4319777.993, 91
Trd, 4319779.193, 140
Trd, 4319779.893, 134
Trd, 4319780.143, 117
Trd, 4319782.543, 110
Trd, 4319782.893, 92
Trd, 4319784.043, 102
Trd, 4319784.093, 110
Trd, 4319785.593, 139
Trd, 4319786.993, 139
Trd, 4319787.043, 138
Trd, 4319787.893, 112
Trd, 4319788.143, 117
Trd, 4319788.843, 116
Trd, 4319789.243, 92
Trd, 4319790.943, 120
Trd, 4319791.193, 60
Trd, 4319791.493, 109
Trd, 4319792.443, 128
Trd, 4319793.593, 140
Trd, 4319794.293, 94
Trd, 4319794.443, 116
Trd, 4319795.243, 92
Trd, 4319795.943, 89
Trd, 4319796.293, 89
Trd, 4319797.443, 102
Trd, 4319797.893, 108
Trd, 4319798.893, 140
Trd, 4319800.343, 93
Trd, 4319800.643, 108
Trd, 4319801.243, 101
Trd, 4319802.243, 105
Trd, 4319802.393, 78
Trd, 4319804.243, 133
Trd, 4319806.043, 138
Trd, 4319806.243, 99
Trd, 4319806.393, 99
Trd, 4319807.193, 134
Trd, 4319807.793, 109
Trd, 4319809.393, 79
Trd, 4319810.293, 89
Trd, 4319810.543, 88
Trd, 4319811.643, 87
Trd, 4319812.543, 139
Trd, 4319812.993, 78
Trd, 4319813.993, 131
Trd, 4319814.143, 90
Trd, 4319814.643, 89
Trd, 4319815.993, 124
Trd, 4319816.843, 106
Trd, 4319817.293, 129
Trd, 4319818.943, 90
Trd, 4319819.193, 89
Trd, 4319819.443, 99
Trd, 4319819.693, 123
Trd, 4319820.143, 106
Trd, 4319820.743, 140
Trd, 4319820.843, 125
Trd, 4319821.843, 75
Trd, 4319824.043, 120
Trd, 4319824.493, 140
Trd, 4319825.493, 140
Trd, 4319826.143, 126
Trd, 4319827.093, 125
Trd, 4319827.343, 120
Trd, 4319827.743, 108
Trd, 4319828.743, 140
Trd, 4319829.193, 139
Trd, 4319832.343, 129
Trd, 4319832.593, 130
Trd, 4319832.643, 129
Trd, 4319833.643, 119
Trd, 4319834.093, 93
Trd, 4319835.343, 115
Trd, 4319836.343, 115
Trd, 4319836.943, 128
Trd, 4319838.443, 140
Trd, 4319838.843, 134
Trd, 4319839.043, 117
Trd, 4319840.543, 130
Trd, 4319840.843, 116
Trd, 4319841.093, 101
Trd, 4319841.643, 81
Trd, 4319842.943, 112
Trd, 4319842.993, 132
Trd, 4319843.493, 91
Trd, 4319844.793, 127
Trd, 4319845.243, 98
Trd, 4319846.493, 98
Trd, 4319847.643, 138
Trd, 4319847.693, 138
Trd, 4319848.893, 128
Trd, 4319849.043, 126
Trd, 4319849.693, 68
Trd, 4319850.943, 69
Trd, 4319853.493, 138
Trd, 4319853.793, 97
Trd, 4319854.093, 80
Trd, 4319854.443, 90
Trd, 4319854.643, 90
Trd, 4319855.393, 129
Trd, 4319856.443, 140
Trd, 4319856.693, 136
Trd, 4319856.993, 115
Trd, 4319857.893, 109
Trd, 4319859.343, 125
Trd, 4319859.743, 119
Trd, 4319861.543, 110
Trd, 4319861.843, 108
Trd, 4319862.343, 140
Trd, 4319862.443, 102
Trd, 4319863.343, 98
Trd, 4319863.943, 69
Trd, 4319864.393, 117
Trd, 4319864.843, 132
Trd, 4319865.543, 85
Trd, 4319869.593, 140
Trd, 4319869.943, 126
Trd, 4319870.543, 108
Trd, 4319870.743, 107
Trd, 4319870.843, 106
Trd, 4319870.943, 98
Trd, 4319870.993, 82
Trd, 4319871.843, 81
Trd, 4319872.243, 140
Trd, 4319873.843, 107
Trd, 4319874.943, 118
Trd, 4319875.843, 139
Trd, 4319876.893, 139
Trd, 4319877.743, 121
Trd, 4319878.043, 130
Trd, 4319879.043, 139
Trd, 4319879.843, 95
Trd, 4319881.593, 132
Trd, 4319882.193, 126
Trd, 4319883.143, 100
Trd, 4319884.043, 99
Trd, 4319885.143, 139
Trd, 4319885.293, 138
Trd, 4319885.843, 118
Trd, 4319886.493, 113
Trd, 4319886.593, 98
Trd, 4319886.693, 92
Trd, 4319887.793, 83
Trd, 4319888.893, 95
Trd, 4319890.643, 134
Trd, 4319892.293, 111
Trd, 4319892.543, 108
Trd, 4319893.243, 91
Trd, 4319893.643, 119
Trd, 4319894.343, 86
Trd, 4319895.343, 82
Trd, 4319895.893, 98
Trd, 4319898.043, 104
Trd, 4319898.143, 120
Trd, 4319899.743, 113
Trd, 4319900.143, 98
Trd, 4319900.843, 111
Trd, 4319901.293, 111
Trd, 4319901.593, 104
Trd, 4319902.093, 102
Trd, 4319902.793, 129
Trd, 4319902.943, 128
Trd, 4319903.543, 140
Trd, 4319905.793, 129
Trd, 4319906.243, 104
Trd, 4319908.143, 140
Trd, 4319908.943, 140
Trd, 4319909.743, 140
Trd, 4319909.993, 139
Trd, 4319910.093, 133
Trd, 4319910.943, 86
Trd, 4319912.643, 134
Trd, 4319912.893, 114
Trd, 4319913.393, 71
Trd, 4319913.793, 91
Trd, 4319914.243, 78
Trd, 4319915.093, 124
Trd, 4319915.293, 91
Trd, 4319916.643, 140
Trd, 4319916.743, 140
Trd, 4319918.843, 134
Trd, 4319919.343, 105
Trd, 4319919.743, 101
Trd, 4319920.143, 103
Trd, 4319921.643, 126
Trd, 4319922.543, 111
Trd, 4319923.943, 75
Trd, 4319924.743, 112
Trd, 4319926.093, 137
Trd, 4319927.093, 137
Trd, 4319927.293, 137
Trd, 4319927.443, 88
Trd, 4319927.943, 87
Trd, 4319929.793, 116
Trd, 4319929.993, 115
Trd, 4319930.893, 115
Trd, 4319931.193, 109
Trd, 4319933.993, 85
Trd, 4319934.493, 140
Trd, 4319934.843, 121
Trd, 4319936.393, 139
Trd, 4319936.743, 109
Trd, 4319937.693, 135
Trd, 4319938.393, 118
Trd, 4319938.643, 104
Trd, 4319939.793, 108
Trd, 4319940.293, 105
Trd, 4319940.593, 98
Trd, 4319941.993, 68
Trd, 4319942.043, 81
Trd, 4319943.693, 93
Trd, 4319944.343, 115
Trd, 4319945.143, 134
Trd, 4319945.243, 70
Trd, 4319945.443, 74
Trd, 4319946.543, 133
Trd, 4319947.593, 94
Trd, 4319948.443, 95
Trd, 4319949.193, 136
Trd, 4319949.643, 83
Trd, 4319950.993, 64
Trd, 4319951.443, 85
Trd, 4319951.793, 102
Trd, 4319954.293, 138
Trd, 4319954.843, 138
Trd, 4319955.043, 140
Trd, 4319955.243, 128
Trd, 4319956.293, 107
Trd, 4319956.743, 102
Trd, 4319957.393, 106
Trd, 4319958.143, 93
Trd, 4319958.593, 90
Trd, 4319958.893, 90
Trd, 4319959.993, 140
Trd, 4319961.243, 140
Trd, 4319961.293, 125
Trd, 4319963.043, 128
Trd, 4319963.643, 134
Trd, 4319963.993, 113
Trd, 4319964.293, 108
Trd, 4319967.443, 122
Trd, 4319967.893, 140
Trd, 4319967.943, 121
Trd, 4319968.293, 108
Trd, 4319968.393, 106
Trd, 4319969.043, 103
Trd, 4319969.193, 102
Trd, 4319969.743, 118
Trd, 4319971.343, 103
Trd, 4319972.093, 135
Trd, 4319972.143, 112
Trd, 4319974.243, 127
Trd, 4319974.893, 127
Trd, 4319975.193, 124
Trd, 4319975.543, 123
Trd, 4319976.843, 117
Trd, 4319977.843, 111
Trd, 4319978.243, 126
Trd, 4319979.043, 135
Trd, 4319980.443, 109
Trd, 4319980.843, 110
Trd, 4319981.093, 108
Trd, 4319981.143, 86
Trd, 4319981.643, 124
Trd, 4319982.693, 106
Trd, 4319983.443, 113
Trd, 4319984.543, 129
Trd, 4319985.043, 121
Trd, 4319986.293, 128
Trd, 4319986.943, 129
Trd, 4319987.393, 128
Trd, 4319987.693, 109
Trd, 4319988.493, 107
Trd, 4319988.643, 120
Trd, 4319989.393, 86
Trd, 4319990.993, 99
Trd, 4319991.593, 84
Trd, 4319991.793, 79
Trd, 4319994.093, 122
Trd, 4319994.293, 79
Trd, 4319995.293, 78
Trd, 4319995.643, 76
Trd, 4319996.343, 132
Trd, 4319997.293, 137
Trd, 4319997.493, 97
Trd, 4319998.893, 85
Trd, 4319999.243, 139
Trd, 4319999.943, 119
