Trd, 4318127.393, 140
Trd, 4318127.543, 140
Trd, 4318127.943, 140
Trd, 4318128.993, 140
Trd, 4318129.593, 140
Trd, 4318130.143, 140
Trd, 4318130.643, 140
Trd, 4318130.993, 139
Trd, 4318131.493, 140
Trd, 4318131.693, 135
Trd, 4318133.393, 140
Trd, 4318133.893, 139
Trd, 4318134.493, 140
Trd, 4318134.743, 140
Trd, 4318134.993, 91
Trd, 4318136.993, 60
Trd, 4318137.843, 60
Trd, 4318137.893, 61
Trd, 4318139.143, 60
Trd, 4318139.743, 60
Trd, 4318141.243, 61
Trd, 4318141.343, 61
Trd, 4318142.693, 61
Trd, 4318142.843, 61
Trd, 4318143.593, 62
Trd, 4318144.043, 61
Trd, 4318144.493, 60
Trd, 4318144.593, 60
Trd, 4318146.993, 61
Trd, 4318148.293, 60
Trd, 4318148.843, 60
Trd, 4318148.893, 60
Trd, 4318149.243, 62
Trd, 4318149.693, 73
Trd, 4318150.543, 62
Trd, 4318150.793, 63
Trd, 4318151.293, 119
Trd, 4318152.343, 140
Trd, 4318152.943, 140
Trd, 4318153.543, 140
Trd, 4318153.593, 126
Trd, 4318154.443, 60
Trd, 4318155.043, 60
Trd, 4318156.493, 60
Trd, 4318156.993, 60
Trd, 4318157.493, 67
Trd, 4318158.793, 62
Trd, 4318159.043, 64
Trd, 4318159.193, 63
Trd, 4318159.893, 60
Trd, 4318159.943, 64
Trd, 4318162.393, 60
Trd, 4318162.593, 60
Trd, 4318163.543, 60
Trd, 4318165.393, 60
Trd, 4318165.443, 60
Trd, 4318167.943, 60
Trd, 4318168.193, 60
Trd, 4318168.243, 61
Trd, 4318168.743, 60
Trd, 4318170.393, 61
Trd, 4318170.743, 63
Trd, 4318171.193, 66
Trd, 4318171.643, 67
Trd, 4318171.743, 63
Trd, 4318172.193, 62
Trd, 4318174.043, 60
Trd, 4318174.643, 60
Trd, 4318175.643, 60
Trd, 4318176.043, 61
Trd, 4318177.293, 60
Trd, 4318177.393, 62
Trd, 4318177.643, 61
Trd, 4318178.243, 140
Trd, 4318178.493, 140
Trd, 4318178.793, 140
Trd, 4318180.193, 140
Trd, 4318181.343, 140
Trd, 4318181.843, 140
Trd, 4318182.243, 140
Trd, 4318182.293, 140
Trd, 4318182.543, 140
Trd, 4318183.693, 140
Trd, 4318184.943, 140
Trd, 4318185.393, 140
Trd, 4318186.443, 140
Trd, 4318186.643, 140
Trd, 4318187.893, 140
Trd, 4318188.093, 140
Trd, 4318188.293, 140
Trd, 4318188.393, 139
Trd, 4318189.643, 140
Trd, 4318189.793, 140
Trd, 4318190.643, 140
Trd, 4318191.693, 140
Trd, 4318191.843, 140
Trd, 4318192.143, 139
Trd, 4318193.543, 140
Trd, 4318194.243, 140
Trd, 4318194.993, 140
Trd, 4318195.593, 139
Trd, 4318196.793, 140
Trd, 4318196.943, 140
Trd, 4318197.143, 140
Trd, 4318197.193, 95
Trd, 4318198.893, 140
Trd, 4318199.143, 140
Trd, 4318199.243, 140
Trd, 4318199.843, 140
Trd, 4318199.893, 140
Trd, 4318201.093, 140
Trd, 4318201.143, 140
Trd, 4318201.893, 139
Trd, 4318202.593, 140
Trd, 4318203.343, 61
Trd, 4318204.543, 63
Trd, 4318205.543, 63
Trd, 4318206.543, 63
Trd, 4318207.193, 62
Trd, 4318208.143, 60
Trd, 4318208.293, 60
Trd, 4318211.043, 61
Trd, 4318212.893, 60
Trd, 4318212.993, 60
Trd, 4318213.343, 61
Trd, 4318213.543, 61
Trd, 4318215.343, 60
Trd, 4318215.493, 62
Trd, 4318216.493, 64
Trd, 4318216.893, 63
Trd, 4318217.243, 62
Trd, 4318217.893, 62
Trd, 4318218.293, 61
Trd, 4318219.793, 62
Trd, 4318220.443, 140
Trd, 4318221.143, 68
Trd, 4318221.193, 66
Trd, 4318221.993, 67
Trd, 4318222.043, 64
Trd, 4318222.093, 68
Trd, 4318222.393, 139
Trd, 4318222.543, 138
Trd, 4318223.243, 60
Trd, 4318223.893, 62
Trd, 4318225.143, 60
Trd, 4318226.893, 62
Trd, 4318227.243, 60
Trd, 4318228.743, 61
Trd, 4318229.343, 60
Trd, 4318231.893, 60
Trd, 4318231.943, 60
Trd, 4318233.893, 60
Trd, 4318234.343, 60
Trd, 4318234.543, 60
Trd, 4318234.643, 60
Trd, 4318234.793, 61
Trd, 4318234.843, 62
Trd, 4318235.193, 61
Trd, 4318235.293, 62
Trd, 4318236.693, 60
Trd, 4318238.093, 74
Trd, 4318238.593, 60
Trd, 4318241.743, 60
Trd, 4318241.793, 60
Trd, 4318242.143, 61
Trd, 4318242.643, 61
Trd, 4318242.843, 60
Trd, 4318242.993, 61
Trd, 4318243.893, 60
Trd, 4318243.993, 61
Trd, 4318245.493, 60
Trd, 4318247.993, 60
Trd, 4318248.293, 60
Trd, 4318248.343, 61
Trd, 4318251.243, 61
Trd, 4318252.193, 60
Trd, 4318252.743, 60
Trd, 4318253.093, 60
Trd, 4318253.493, 61
Trd, 4318253.793, 62
Trd, 4318254.043, 63
Trd, 4318254.193, 62
Trd, 4318254.943, 139
Trd, 4318255.993, 61
Trd, 4318256.093, 62
Trd, 4318256.193, 66
Trd, 4318257.443, 65
Trd, 4318257.593, 62
Trd, 4318257.693, 136
Trd, 4318257.843, 76
Trd, 4318259.843, 61
Trd, 4318259.893, 64
Trd, 4318262.243, 61
Trd, 4318263.143, 60
Trd, 4318263.943, 60
Trd, 4318265.043, 60
Trd, 4318265.493, 60
Trd, 4318267.043, 62
Trd, 4318267.093, 63
Trd, 4318267.343, 60
Trd, 4318267.893, 62
Trd, 4318268.443, 62
Trd, 4318268.493, 68
Trd, 4318269.193, 60
Trd, 4318269.393, 63
Trd, 4318269.843, 60
Trd, 4318270.043, 60
Trd, 4318270.393, 101
Trd, 4318271.893, 62
Trd, 4318272.593, 63
Trd, 4318273.293, 60
Trd, 4318274.493, 60
Trd, 4318274.643, 60
Trd, 4318275.393, 62
Trd, 4318277.843, 61
Trd, 4318279.543, 64
Trd, 4318279.843, 67
Trd, 4318280.393, 63
Trd, 4318280.493, 64
Trd, 4318281.193, 63
Trd, 4318282.493, 63
Trd, 4318282.593, 64
Trd, 4318282.843, 63
Trd, 4318283.043, 68
Trd, 4318283.543, 71
Trd, 4318285.793, 60
Trd, 4318287.943, 61
Trd, 4318288.743, 60
Trd, 4318288.793, 60
Trd, 4318289.493, 62
Trd, 4318291.493, 60
Trd, 4318291.993, 60
Trd, 4318293.143, 60
Trd, 4318293.743, 60
Trd, 4318294.193, 61
Trd, 4318295.043, 61
Trd, 4318295.493, 60
Trd, 4318295.593, 60
Trd, 4318295.693, 60
Trd, 4318296.243, 61
Trd, 4318297.443, 60
Trd, 4318298.093, 60
Trd, 4318298.793, 63
Trd, 4318298.943, 62
Trd, 4318299.593, 62
Trd, 4318299.793, 66
Trd, 4318300.143, 62
Trd, 4318300.793, 61
Trd, 4318300.993, 63
Trd, 4318303.043, 60
Trd, 4318303.893, 66
Trd, 4318306.493, 61
Trd, 4318307.543, 61
Trd, 4318307.843, 61
Trd, 4318308.243, 60
Trd, 4318308.443, 60
Trd, 4318308.593, 61
Trd, 4318309.743, 78
Trd, 4318310.693, 70
Trd, 4318311.143, 70
Trd, 4318311.343, 69
Trd, 4318311.793, 69
Trd, 4318312.743, 61
Trd, 4318313.543, 73
Trd, 4318313.893, 63
Trd, 4318315.743, 61
Trd, 4318316.093, 61
Trd, 4318317.143, 60
Trd, 4318317.743, 60
Trd, 4318319.043, 60
Trd, 4318319.993, 60
Trd, 4318320.293, 60
Trd, 4318322.743, 60
Trd, 4318323.893, 62
Trd, 4318323.993, 63
Trd, 4318324.093, 63
Trd, 4318324.643, 61
Trd, 4318324.793, 61
Trd, 4318326.593, 60
Trd, 4318327.393, 64
Trd, 4318327.493, 61
Trd, 4318328.193, 63
Trd, 4318328.543, 63
Trd, 4318330.043, 62
Trd, 4318330.143, 66
Trd, 4318330.643, 60
Trd, 4318332.743, 60
Trd, 4318333.743, 61
Trd, 4318333.993, 63
Trd, 4318335.343, 60
Trd, 4318335.393, 68
Trd, 4318335.643, 62
Trd, 4318336.543, 60
Trd, 4318339.643, 60
Trd, 4318339.793, 60
Trd, 4318340.093, 60
Trd, 4318342.243, 61
Trd, 4318342.443, 62
Trd, 4318343.293, 60
Trd, 4318344.543, 60
Trd, 4318344.693, 60
Trd, 4318346.543, 60
Trd, 4318347.093, 60
Trd, 4318347.793, 60
Trd, 4318348.693, 60
Trd, 4318348.743, 60
Trd, 4318349.193, 60
Trd, 4318350.043, 61
Trd, 4318350.093, 63
Trd, 4318350.993, 65
Trd, 4318351.193, 68
Trd, 4318351.293, 64
Trd, 4318351.443, 63
Trd, 4318352.043, 68
Trd, 4318353.993, 67
Trd, 4318354.343, 61
Trd, 4318354.893, 65
Trd, 4318357.843, 60
Trd, 4318360.093, 60
Trd, 4318360.593, 60
Trd, 4318361.343, 61
Trd, 4318361.793, 64
Trd, 4318362.943, 65
Trd, 4318363.843, 65
Trd, 4318363.943, 71
Trd, 4318364.543, 112
Trd, 4318365.093, 73
Trd, 4318365.493, 137
Trd, 4318365.593, 136
Trd, 4318366.343, 135
Trd, 4318366.443, 67
Trd, 4318367.493, 66
Trd, 4318370.393, 60
Trd, 4318370.593, 61
Trd, 4318371.293, 60
Trd, 4318372.243, 61
Trd, 4318374.193, 62
Trd, 4318374.593, 61
Trd, 4318374.643, 61
Trd, 4318375.843, 61
Trd, 4318376.243, 61
Trd, 4318376.643, 62
Trd, 4318377.193, 64
Trd, 4318377.393, 61
Trd, 4318377.893, 61
Trd, 4318378.593, 61
Trd, 4318378.993, 61
Trd, 4318380.643, 60
Trd, 4318382.393, 60
Trd, 4318383.043, 61
Trd, 4318383.743, 62
Trd, 4318384.143, 60
Trd, 4318385.243, 60
Trd, 4318386.393, 60
Trd, 4318386.693, 60
Trd, 4318387.343, 62
Trd, 4318387.493, 62
Trd, 4318388.293, 60
Trd, 4318388.343, 61
Trd, 4318388.843, 65
Trd, 4318389.743, 62
Trd, 4318391.543, 60
Trd, 4318391.843, 61
Trd, 4318392.943, 64
Trd, 4318393.393, 64
Trd, 4318393.943, 62
Trd, 4318394.793, 61
Trd, 4318396.793, 62
Trd, 4318397.043, 65
Trd, 4318398.793, 61
Trd, 4318399.293, 60
Trd, 4318399.443, 61
Trd, 4318399.643, 61
Trd, 4318400.093, 63
Trd, 4318400.293, 64
Trd, 4318400.743, 76
Trd, 4318401.043, 63
Trd, 4318401.743, 61
Trd, 4318402.443, 62
Trd, 4318402.643, 63
Trd, 4318404.793, 60
Trd, 4318405.443, 63
Trd, 4318406.343, 62
Trd, 4318407.843, 63
Trd, 4318408.443, 60
Trd, 4318409.643, 60
Trd, 4318410.743, 60
Trd, 4318412.693, 60
Trd, 4318413.143, 60
Trd, 4318413.243, 61
Trd, 4318413.943, 61
Trd, 4318414.193, 60
Trd, 4318414.343, 60
Trd, 4318414.443, 60
Trd, 4318414.593, 60
Trd, 4318415.693, 62
Trd, 4318417.443, 60
Trd, 4318418.043, 61
Trd, 4318418.593, 60
Trd, 4318418.893, 63
Trd, 4318421.393, 60
Trd, 4318422.743, 60
Trd, 4318423.693, 60
Trd, 4318424.643, 60
Trd, 4318424.893, 60
Trd, 4318425.493, 60
Trd, 4318425.543, 60
Trd, 4318426.093, 61
Trd, 4318426.193, 65
Trd, 4318427.243, 64
Trd, 4318427.493, 64
Trd, 4318427.843, 66
Trd, 4318428.243, 63
Trd, 4318428.343, 68
Trd, 4318429.093, 60
Trd, 4318429.993, 60
Trd, 4318431.393, 60
Trd, 4318432.293, 60
Trd, 4318433.543, 60
Trd, 4318433.943, 61
Trd, 4318434.993, 61
Trd, 4318435.793, 61
Trd, 4318437.143, 60
Trd, 4318437.493, 60
Trd, 4318439.593, 61
Trd, 4318439.943, 60
Trd, 4318440.893, 60
Trd, 4318441.093, 60
Trd, 4318441.493, 61
Trd, 4318441.743, 61
Trd, 4318442.693, 65
Trd, 4318442.993, 65
Trd, 4318443.043, 64
Trd, 4318444.143, 74
Trd, 4318445.193, 139
Trd, 4318445.243, 138
Trd, 4318445.293, 62
Trd, 4318446.593, 60
Trd, 4318446.793, 63
Trd, 4318447.493, 63
Trd, 4318447.693, 61
Trd, 4318447.943, 60
Trd, 4318448.293, 64
Trd, 4318448.393, 65
Trd, 4318450.343, 69
Trd, 4318450.693, 60
Trd, 4318451.743, 64
Trd, 4318451.793, 65
Trd, 4318452.743, 60
Trd, 4318453.693, 60
Trd, 4318455.443, 60
Trd, 4318456.443, 60
Trd, 4318457.043, 60
Trd, 4318457.543, 60
Trd, 4318457.993, 60
Trd, 4318458.293, 62
Trd, 4318459.193, 60
Trd, 4318459.393, 60
Trd, 4318459.893, 63
Trd, 4318460.143, 61
Trd, 4318461.193, 63
Trd, 4318462.093, 60
Trd, 4318464.443, 60
Trd, 4318465.043, 61
Trd, 4318465.093, 62
Trd, 4318467.743, 60
Trd, 4318467.993, 60
Trd, 4318468.393, 61
Trd, 4318470.343, 60
Trd, 4318470.443, 62
Trd, 4318470.693, 61
Trd, 4318470.943, 62
Trd, 4318471.193, 62
Trd, 4318471.243, 76
Trd, 4318471.493, 140
Trd, 4318472.393, 140
Trd, 4318472.543, 138
Trd, 4318473.343, 66
Trd, 4318474.093, 70
Trd, 4318475.343, 60
Trd, 4318476.193, 60
Trd, 4318476.643, 61
Trd, 4318478.243, 61
Trd, 4318478.643, 61
Trd, 4318478.993, 65
Trd, 4318479.043, 61
Trd, 4318479.393, 63
Trd, 4318480.643, 76
Trd, 4318480.943, 70
Trd, 4318480.993, 131
Trd, 4318481.493, 138
Trd, 4318482.143, 134
Trd, 4318482.593, 61
Trd, 4318485.093, 60
Trd, 4318487.293, 60
Trd, 4318487.493, 61
Trd, 4318487.793, 60
Trd, 4318488.443, 60
Trd, 4318488.643, 60
Trd, 4318488.943, 61
Trd, 4318489.643, 61
Trd, 4318489.843, 61
Trd, 4318490.643, 61
Trd, 4318490.993, 67
Trd, 4318492.643, 60
Trd, 4318493.243, 62
Trd, 4318494.743, 60
Trd, 4318496.293, 60
Trd, 4318496.443, 61
Trd, 4318497.843, 60
Trd, 4318498.293, 60
Trd, 4318498.993, 60
Trd, 4318499.343, 60
Trd, 4318499.593, 62
Trd, 4318500.543, 60
Trd, 4318500.893, 60
Trd, 4318501.193, 62
Trd, 4318501.993, 63
Trd, 4318502.393, 62
Trd, 4318502.743, 60
Trd, 4318503.243, 60
Trd, 4318503.693, 61
Trd, 4318504.493, 61
Trd, 4318505.093, 68
Trd, 4318506.193, 62
Trd, 4318506.943, 61
Trd, 4318507.543, 63
Trd, 4318508.543, 60
Trd, 4318509.793, 62
Trd, 4318510.093, 62
Trd, 4318511.193, 60
Trd, 4318512.193, 60
Trd, 4318512.493, 63
Trd, 4318513.843, 60
Trd, 4318515.043, 60
Trd, 4318515.293, 65
Trd, 4318517.343, 60
Trd, 4318517.593, 60
Trd, 4318517.643, 60
Trd, 4318517.893, 60
Trd, 4318519.743, 60
Trd, 4318520.093, 64
Trd, 4318520.643, 63
Trd, 4318521.393, 60
Trd, 4318522.593, 61
Trd, 4318522.643, 65
Trd, 4318523.143, 62
Trd, 4318523.593, 60
Trd, 4318524.193, 62
Trd, 4318524.793, 68
Trd, 4318525.743, 72
Trd, 4318525.793, 71
Trd, 4318526.043, 74
Trd, 4318526.943, 67
Trd, 4318528.243, 60
Trd, 4318528.943, 61
Trd, 4318530.043, 61
Trd, 4318531.643, 60
Trd, 4318532.243, 62
Trd, 4318533.043, 65
Trd, 4318533.143, 66
Trd, 4318533.893, 61
Trd, 4318535.043, 61
Trd, 4318535.393, 64
Trd, 4318537.243, 63
Trd, 4318538.643, 60
Trd, 4318538.893, 60
Trd, 4318539.043, 62
Trd, 4318539.393, 64
Trd, 4318540.343, 60
Trd, 4318540.443, 60
Trd, 4318541.843, 63
Trd, 4318543.343, 60
Trd, 4318544.593, 60
Trd, 4318544.843, 60
Trd, 4318546.793, 60
Trd, 4318546.943, 61
Trd, 4318547.093, 67
Trd, 4318548.593, 61
Trd, 4318549.093, 63
Trd, 4318549.243, 61
Trd, 4318549.743, 62
Trd, 4318550.443, 62
Trd, 4318550.943, 139
Trd, 4318551.943, 74
Trd, 4318552.043, 69
Trd, 4318552.143, 68
Trd, 4318553.243, 60
Trd, 4318554.593, 60
Trd, 4318557.243, 60
Trd, 4318557.343, 60
Trd, 4318557.543, 60
Trd, 4318558.943, 60
Trd, 4318559.743, 60
Trd, 4318561.993, 60
Trd, 4318562.193, 60
Trd, 4318562.243, 60
Trd, 4318562.443, 60
Trd, 4318564.143, 60
Trd, 4318564.543, 60
Trd, 4318564.693, 61
Trd, 4318564.793, 60
Trd, 4318565.393, 60
Trd, 4318565.593, 62
Trd, 4318566.793, 60
Trd, 4318567.593, 65
Trd, 4318569.543, 61
Trd, 4318569.843, 61
Trd, 4318569.993, 63
Trd, 4318570.193, 66
Trd, 4318572.943, 60
Trd, 4318573.143, 60
Trd, 4318573.243, 60
Trd, 4318573.793, 60
Trd, 4318574.093, 61
Trd, 4318575.443, 60
Trd, 4318575.643, 61
Trd, 4318576.343, 61
Trd, 4318576.393, 63
Trd, 4318577.243, 61
Trd, 4318577.843, 63
Trd, 4318578.243, 65
Trd, 4318578.893, 72
Trd, 4318579.193, 125
Trd, 4318579.343, 71
Trd, 4318580.093, 61
Trd, 4318581.243, 60
Trd, 4318583.393, 61
Trd, 4318584.043, 62
Trd, 4318584.793, 60
Trd, 4318584.893, 60
Trd, 4318586.593, 60
Trd, 4318587.543, 60
Trd, 4318589.243, 62
Trd, 4318589.643, 61
Trd, 4318589.843, 65
Trd, 4318590.493, 63
Trd, 4318590.843, 65
Trd, 4318590.893, 62
Trd, 4318591.643, 64
Trd, 4318592.393, 62
Trd, 4318592.843, 65
Trd, 4318593.293, 69
Trd, 4318593.393, 62
Trd, 4318594.093, 61
Trd, 4318594.643, 60
Trd, 4318595.293, 65
Trd, 4318598.493, 60
Trd, 4318598.743, 60
Trd, 4318599.393, 61
Trd, 4318600.493, 61
Trd, 4318602.593, 60
Trd, 4318603.693, 60
Trd, 4318605.093, 60
Trd, 4318605.293, 60
Trd, 4318606.243, 60
Trd, 4318606.743, 60
Trd, 4318606.993, 61
Trd, 4318607.643, 61
Trd, 4318607.693, 62
Trd, 4318608.043, 63
Trd, 4318610.243, 60
Trd, 4318610.543, 63
Trd, 4318611.493, 66
Trd, 4318611.643, 68
Trd, 4318613.243, 64
Trd, 4318614.193, 60
Trd, 4318616.643, 60
Trd, 4318617.043, 61
Trd, 4318617.143, 64
Trd, 4318617.193, 62
Trd, 4318617.943, 63
Trd, 4318618.393, 63
Trd, 4318618.943, 61
Trd, 4318619.643, 60
Trd, 4318620.793, 63
Trd, 4318621.393, 63
Trd, 4318621.443, 64
Trd, 4318622.343, 60
Trd, 4318623.493, 60
Trd, 4318624.443, 68
Trd, 4318628.593, 60
Trd, 4318628.943, 60
Trd, 4318629.043, 60
Trd, 4318629.343, 60
Trd, 4318629.443, 60
Trd, 4318629.643, 63
Trd, 4318630.243, 68
Trd, 4318630.643, 64
Trd, 4318630.693, 71
Trd, 4318632.243, 117
Trd, 4318632.943, 140
Trd, 4318633.043, 117
Trd, 4318633.343, 118
Trd, 4318633.393, 116
Trd, 4318633.693, 139
Trd, 4318635.293, 140
Trd, 4318635.443, 140
Trd, 4318636.693, 63
Trd, 4318637.293, 64
Trd, 4318638.143, 60
Trd, 4318639.293, 61
Trd, 4318642.443, 60
Trd, 4318642.893, 62
Trd, 4318642.993, 62
Trd, 4318643.043, 63
Trd, 4318644.743, 61
Trd, 4318644.943, 61
Trd, 4318645.093, 63
Trd, 4318645.343, 60
Trd, 4318645.443, 63
Trd, 4318646.193, 61
Trd, 4318646.593, 62
Trd, 4318647.093, 64
Trd, 4318647.393, 66
Trd, 4318647.643, 64
Trd, 4318648.993, 138
Trd, 4318649.843, 125
Trd, 4318650.493, 65
Trd, 4318651.293, 64
Trd, 4318654.193, 60
Trd, 4318654.343, 60
Trd, 4318655.293, 60
Trd, 4318656.343, 60
Trd, 4318656.393, 61
Trd, 4318657.143, 64
Trd, 4318657.643, 62
Trd, 4318657.743, 60
Trd, 4318658.293, 62
Trd, 4318659.093, 66
Trd, 4318660.193, 62
Trd, 4318660.293, 60
Trd, 4318660.993, 64
Trd, 4318664.193, 60
Trd, 4318665.393, 60
Trd, 4318665.843, 61
Trd, 4318666.443, 60
Trd, 4318666.743, 61
Trd, 4318666.793, 61
Trd, 4318667.393, 62
Trd, 4318667.493, 62
Trd, 4318667.943, 62
Trd, 4318668.243, 61
Trd, 4318668.893, 62
Trd, 4318669.443, 64
Trd, 4318669.643, 66
Trd, 4318670.493, 64
Trd, 4318670.793, 140
Trd, 4318670.993, 140
Trd, 4318672.543, 61
Trd, 4318674.193, 63
Trd, 4318674.493, 65
Trd, 4318674.743, 66
Trd, 4318675.143, 74
Trd, 4318675.293, 72
Trd, 4318675.893, 73
Trd, 4318675.993, 72
Trd, 4318676.243, 134
Trd, 4318677.293, 140
Trd, 4318677.743, 140
Trd, 4318678.943, 140
Trd, 4318679.393, 140
Trd, 4318679.443, 140
Trd, 4318680.193, 140
Trd, 4318680.893, 140
Trd, 4318681.693, 140
Trd, 4318682.243, 140
Trd, 4318682.643, 140
Trd, 4318683.443, 140
Trd, 4318684.493, 140
Trd, 4318684.943, 140
Trd, 4318685.293, 140
Trd, 4318685.493, 140
Trd, 4318686.343, 138
Trd, 4318686.443, 107
Trd, 4318686.743, 106
Trd, 4318687.893, 60
Trd, 4318689.243, 60
Trd, 4318689.443, 60
Trd, 4318689.543, 60
Trd, 4318689.743, 61
Trd, 4318690.743, 62
Trd, 4318691.243, 62
Trd, 4318692.093, 61
Trd, 4318692.493, 62
Trd, 4318692.643, 65
Trd, 4318694.243, 61
Trd, 4318694.343, 63
Trd, 4318694.393, 62
Trd, 4318695.193, 61
Trd, 4318695.343, 65
Trd, 4318696.243, 140
Trd, 4318696.593, 63
Trd, 4318697.993, 134
Trd, 4318698.443, 65
Trd, 4318699.743, 140
Trd, 4318700.643, 140
Trd, 4318700.943, 112
Trd, 4318701.043, 65
Trd, 4318701.393, 137
Trd, 4318701.793, 71
Trd, 4318703.193, 139
Trd, 4318703.743, 67
Trd, 4318704.143, 68
Trd, 4318704.193, 66
Trd, 4318705.193, 63
Trd, 4318707.143, 61
Trd, 4318708.093, 63
Trd, 4318708.343, 65
Trd, 4318709.643, 61
Trd, 4318709.943, 60
Trd, 4318711.093, 60
Trd, 4318711.543, 60
Trd, 4318711.943, 62
Trd, 4318712.143, 64
Trd, 4318712.593, 82
Trd, 4318713.193, 66
Trd, 4318713.993, 61
Trd, 4318714.193, 103
Trd, 4318715.393, 63
Trd, 4318715.443, 64
Trd, 4318716.843, 62
Trd, 4318716.993, 64
Trd, 4318717.793, 61
Trd, 4318719.493, 61
Trd, 4318719.543, 62
Trd, 4318721.993, 64
Trd, 4318723.943, 60
Trd, 4318724.793, 60
Trd, 4318726.043, 61
Trd, 4318726.443, 60
Trd, 4318726.743, 61
Trd, 4318727.343, 64
Trd, 4318727.443, 63
Trd, 4318727.593, 68
Trd, 4318728.193, 111
Trd, 4318729.193, 140
Trd, 4318729.643, 140
Trd, 4318730.043, 68
Trd, 4318730.693, 137
Trd, 4318730.993, 135
Trd, 4318731.993, 140
Trd, 4318732.293, 140
Trd, 4318732.493, 140
Trd, 4318732.693, 139
Trd, 4318732.993, 139
Trd, 4318734.043, 139
Trd, 4318736.093, 140
Trd, 4318736.243, 140
Trd, 4318736.543, 140
Trd, 4318738.093, 140
Trd, 4318738.243, 139
Trd, 4318738.443, 110
Trd, 4318738.993, 140
Trd, 4318739.793, 140
Trd, 4318740.343, 62
Trd, 4318742.143, 61
Trd, 4318742.643, 61
Trd, 4318742.843, 63
Trd, 4318743.143, 65
Trd, 4318743.643, 67
Trd, 4318743.693, 64
Trd, 4318744.243, 65
Trd, 4318744.943, 63
Trd, 4318745.443, 64
Trd, 4318746.293, 63
Trd, 4318746.543, 64
Trd, 4318747.243, 63
Trd, 4318748.093, 61
Trd, 4318749.843, 60
Trd, 4318750.693, 60
Trd, 4318751.443, 60
Trd, 4318751.743, 61
Trd, 4318752.343, 60
Trd, 4318753.743, 61
Trd, 4318754.143, 61
Trd, 4318754.743, 61
Trd, 4318755.443, 61
Trd, 4318755.643, 61
Trd, 4318756.043, 62
Trd, 4318756.593, 60
Trd, 4318757.093, 61
Trd, 4318757.593, 64
Trd, 4318757.893, 77
Trd, 4318760.643, 61
Trd, 4318761.343, 60
Trd, 4318763.693, 62
Trd, 4318764.993, 61
Trd, 4318765.693, 62
Trd, 4318766.293, 62
Trd, 4318766.593, 64
Trd, 4318766.743, 65
Trd, 4318767.943, 60
Trd, 4318768.343, 60
Trd, 4318769.543, 60
Trd, 4318770.143, 60
Trd, 4318770.193, 61
Trd, 4318770.893, 68
Trd, 4318771.143, 63
Trd, 4318772.193, 79
Trd, 4318774.443, 60
Trd, 4318775.743, 60
Trd, 4318776.043, 60
Trd, 4318776.993, 60
Trd, 4318777.143, 61
Trd, 4318777.343, 63
Trd, 4318778.593, 62
Trd, 4318778.893, 63
Trd, 4318778.943, 64
Trd, 4318779.893, 104
Trd, 4318779.943, 64
Trd, 4318780.443, 66
Trd, 4318781.243, 140
Trd, 4318781.343, 140
Trd, 4318781.943, 140
Trd, 4318782.143, 140
Trd, 4318782.343, 124
Trd, 4318784.243, 68
Trd, 4318784.543, 68
Trd, 4318786.343, 140
Trd, 4318787.043, 140
Trd, 4318787.443, 140
Trd, 4318787.593, 140
Trd, 4318788.593, 140
Trd, 4318788.693, 140
Trd, 4318788.743, 139
Trd, 4318789.493, 140
Trd, 4318789.693, 138
Trd, 4318791.493, 60
Trd, 4318792.143, 61
Trd, 4318792.193, 63
Trd, 4318793.443, 60
Trd, 4318795.093, 61
Trd, 4318795.743, 61
Trd, 4318795.893, 61
Trd, 4318796.093, 61
Trd, 4318796.493, 63
Trd, 4318796.743, 62
Trd, 4318797.393, 61
Trd, 4318798.543, 61
Trd, 4318799.343, 64
Trd, 4318801.443, 60
Trd, 4318802.243, 60
Trd, 4318802.993, 60
Trd, 4318803.893, 60
Trd, 4318803.993, 61
Trd, 4318804.943, 60
Trd, 4318805.943, 60
Trd, 4318806.043, 60
Trd, 4318806.593, 60
Trd, 4318806.843, 60
Trd, 4318807.443, 60
Trd, 4318807.643, 61
Trd, 4318808.143, 62
Trd, 4318808.493, 61
Trd, 4318809.543, 61
Trd, 4318811.993, 60
Trd, 4318812.043, 60
Trd, 4318812.793, 60
Trd, 4318813.643, 62
Trd, 4318813.693, 64
Trd, 4318814.443, 61
Trd, 4318814.993, 61
Trd, 4318815.193, 63
Trd, 4318815.643, 65
Trd, 4318815.693, 63
Trd, 4318816.393, 64
Trd, 4318818.493, 62
Trd, 4318819.143, 62
Trd, 4318819.493, 64
Trd, 4318819.893, 116
Trd, 4318820.593, 96
Trd, 4318821.193, 102
Trd, 4318821.293, 102
Trd, 4318821.743, 101
Trd, 4318822.093, 99
Trd, 4318822.143, 97
Trd, 4318822.743, 60
Trd, 4318823.843, 60
Trd, 4318825.443, 60
Trd, 4318827.093, 60
Trd, 4318827.393, 62
Trd, 4318827.693, 62
Trd, 4318828.493, 60
Trd, 4318830.143, 60
Trd, 4318830.743, 60
Trd, 4318831.293, 61
Trd, 4318831.793, 61
Trd, 4318831.893, 65
Trd, 4318832.293, 64
Trd, 4318832.443, 65
Trd, 4318832.843, 60
Trd, 4318833.293, 61
Trd, 4318833.493, 69
Trd, 4318834.443, 60
Trd, 4318834.743, 61
Trd, 4318835.393, 61
Trd, 4318836.593, 139
Trd, 4318836.943, 63
Trd, 4318837.043, 62
Trd, 4318837.643, 60
Trd, 4318838.393, 60
Trd, 4318840.093, 63
Trd, 4318841.443, 60
Trd, 4318843.943, 60
Trd, 4318844.593, 60
Trd, 4318844.643, 60
Trd, 4318847.093, 60
Trd, 4318848.593, 61
Trd, 4318848.643, 61
Trd, 4318849.043, 61
Trd, 4318849.093, 62
Trd, 4318850.743, 61
Trd, 4318851.043, 60
Trd, 4318851.093, 63
Trd, 4318851.193, 64
Trd, 4318852.493, 60
Trd, 4318852.993, 61
Trd, 4318853.343, 62
Trd, 4318853.793, 64
Trd, 4318854.243, 65
Trd, 4318854.443, 64
Trd, 4318855.593, 60
Trd, 4318856.743, 60
Trd, 4318857.843, 60
Trd, 4318858.293, 60
Trd, 4318860.593, 63
Trd, 4318860.793, 64
Trd, 4318861.243, 63
Trd, 4318861.543, 63
Trd, 4318861.893, 61
Trd, 4318861.943, 62
Trd, 4318862.643, 64
Trd, 4318863.743, 65
Trd, 4318863.943, 63
Trd, 4318864.743, 140
Trd, 4318865.143, 140
Trd, 4318866.043, 139
Trd, 4318866.193, 138
Trd, 4318866.493, 126
Trd, 4318867.693, 61
Trd, 4318868.143, 93
Trd, 4318869.943, 60
Trd, 4318870.943, 60
Trd, 4318871.093, 60
Trd, 4318872.943, 60
Trd, 4318872.993, 60
Trd, 4318873.443, 61
Trd, 4318873.843, 63
Trd, 4318873.893, 63
Trd, 4318874.343, 140
Trd, 4318874.643, 139
Trd, 4318874.993, 64
Trd, 4318875.993, 62
Trd, 4318877.843, 60
Trd, 4318878.243, 65
Trd, 4318878.443, 60
Trd, 4318879.893, 60
Trd, 4318881.893, 60
Trd, 4318881.993, 60
Trd, 4318883.143, 62
Trd, 4318883.343, 69
Trd, 4318883.543, 60
Trd, 4318883.793, 62
Trd, 4318884.493, 60
Trd, 4318886.393, 60
Trd, 4318886.793, 61
Trd, 4318886.943, 64
Trd, 4318887.143, 67
Trd, 4318887.693, 65
Trd, 4318887.743, 64
Trd, 4318887.893, 64
Trd, 4318888.293, 75
Trd, 4318890.493, 60
Trd, 4318890.593, 62
Trd, 4318891.743, 70
Trd, 4318892.043, 60
Trd, 4318894.693, 60
Trd, 4318896.193, 60
Trd, 4318896.443, 60
Trd, 4318896.993, 60
Trd, 4318897.393, 62
Trd, 4318897.593, 61
Trd, 4318898.193, 62
Trd, 4318898.293, 63
Trd, 4318898.393, 62
Trd, 4318898.493, 60
Trd, 4318899.693, 139
Trd, 4318900.793, 112
Trd, 4318900.993, 60
Trd, 4318901.693, 62
Trd, 4318904.043, 60
Trd, 4318904.193, 61
Trd, 4318904.393, 60
Trd, 4318906.893, 60
Trd, 4318908.193, 60
Trd, 4318908.493, 60
Trd, 4318909.943, 60
Trd, 4318910.143, 62
Trd, 4318910.393, 61
Trd, 4318910.843, 62
Trd, 4318911.043, 63
Trd, 4318911.693, 66
Trd, 4318912.043, 63
Trd, 4318913.393, 140
Trd, 4318913.593, 140
Trd, 4318913.743, 138
Trd, 4318914.393, 140
Trd, 4318915.043, 140
Trd, 4318915.693, 140
Trd, 4318915.993, 140
Trd, 4318916.743, 138
Trd, 4318918.693, 60
Trd, 4318919.293, 66
Trd, 4318919.393, 62
Trd, 4318919.593, 67
Trd, 4318920.493, 60
Trd, 4318921.793, 60
Trd, 4318921.893, 137
Trd, 4318922.093, 60
Trd, 4318922.793, 62
Trd, 4318922.893, 64
Trd, 4318923.493, 140
Trd, 4318923.793, 60
Trd, 4318925.143, 140
Trd, 4318925.393, 140
Trd, 4318926.943, 139
Trd, 4318927.343, 140
Trd, 4318928.443, 140
Trd, 4318928.743, 140
Trd, 4318928.943, 139
Trd, 4318929.093, 131
Trd, 4318929.593, 131
Trd, 4318930.143, 68
Trd, 4318930.593, 140
Trd, 4318931.043, 140
Trd, 4318934.793, 60
Trd, 4318934.893, 60
Trd, 4318936.443, 60
Trd, 4318937.693, 62
Trd, 4318937.993, 60
Trd, 4318938.993, 60
Trd, 4318939.143, 60
Trd, 4318940.143, 61
Trd, 4318940.293, 62
Trd, 4318940.643, 61
Trd, 4318940.893, 61
Trd, 4318941.543, 63
Trd, 4318942.593, 63
Trd, 4318943.093, 63
Trd, 4318943.343, 61
Trd, 4318943.643, 68
Trd, 4318944.493, 64
Trd, 4318945.143, 64
Trd, 4318945.593, 140
Trd, 4318946.393, 140
Trd, 4318946.443, 140
Trd, 4318946.843, 62
Trd, 4318947.093, 140
Trd, 4318947.843, 64
Trd, 4318948.443, 60
Trd, 4318948.793, 61
Trd, 4318952.543, 60
Trd, 4318954.843, 60
Trd, 4318954.893, 60
Trd, 4318955.393, 60
Trd, 4318955.843, 62
Trd, 4318956.243, 60
Trd, 4318957.243, 60
Trd, 4318957.893, 60
Trd, 4318958.943, 60
Trd, 4318959.093, 61
Trd, 4318959.343, 60
Trd, 4318959.393, 63
Trd, 4318959.643, 61
Trd, 4318960.193, 61
Trd, 4318960.543, 61
Trd, 4318960.843, 60
Trd, 4318963.243, 60
Trd, 4318964.243, 60
Trd, 4318964.293, 60
Trd, 4318965.293, 63
Trd, 4318965.743, 60
Trd, 4318968.093, 60
Trd, 4318968.343, 60
Trd, 4318968.443, 60
Trd, 4318970.543, 61
Trd, 4318971.143, 60
Trd, 4318971.193, 64
Trd, 4318971.543, 60
Trd, 4318972.093, 62
Trd, 4318972.243, 63
Trd, 4318972.993, 73
Trd, 4318973.843, 65
Trd, 4318974.043, 131
Trd, 4318974.893, 140
Trd, 4318975.143, 140
Trd, 4318975.443, 140
Trd, 4318975.743, 140
Trd, 4318976.993, 66
Trd, 4318977.293, 62
Trd, 4318978.893, 61
Trd, 4318979.943, 60
Trd, 4318980.393, 60
Trd, 4318981.593, 61
Trd, 4318982.493, 60
Trd, 4318983.593, 60
Trd, 4318985.443, 61
Trd, 4318985.693, 65
Trd, 4318985.743, 66
Trd, 4318986.043, 63
Trd, 4318986.093, 60
Trd, 4318988.343, 60
Trd, 4318988.693, 60
Trd, 4318989.343, 60
Trd, 4318989.693, 61
Trd, 4318989.793, 61
Trd, 4318990.043, 60
Trd, 4318991.343, 62
Trd, 4318991.493, 65
Trd, 4318992.043, 62
Trd, 4318993.143, 62
Trd, 4318993.193, 63
Trd, 4318993.843, 61
Trd, 4318994.043, 63
Trd, 4318994.093, 107
Trd, 4318997.443, 60
Trd, 4318998.043, 62
Trd, 4318999.543, 60
Trd, 4319000.043, 61
Trd, 4319000.743, 61
Trd, 4319001.743, 63
Trd, 4319001.993, 62
Trd, 4319003.343, 64
Trd, 4319004.093, 60
Trd, 4319004.243, 60
Trd, 4319004.693, 60
Trd, 4319004.943, 61
Trd, 4319006.043, 62
Trd, 4319006.093, 71
Trd, 4319007.243, 66
Trd, 4319007.643, 66
Trd, 4319007.793, 65
Trd, 4319008.793, 67
Trd, 4319009.043, 93
Trd, 4319009.343, 61
Trd, 4319010.043, 67
Trd, 4319012.543, 60
Trd, 4319012.843, 62
Trd, 4319014.093, 60
Trd, 4319014.893, 62
Trd, 4319015.093, 64
Trd, 4319016.193, 140
Trd, 4319016.243, 138
Trd, 4319016.543, 63
Trd, 4319016.793, 64
Trd, 4319018.043, 101
Trd, 4319019.093, 60
Trd, 4319019.443, 61
Trd, 4319020.293, 61
Trd, 4319020.793, 64
Trd, 4319021.443, 63
Trd, 4319021.693, 87
Trd, 4319021.843, 64
Trd, 4319022.493, 67
Trd, 4319022.643, 67
Trd, 4319023.193, 140
Trd, 4319023.843, 139
Trd, 4319024.743, 73
Trd, 4319026.043, 77
Trd, 4319026.193, 140
Trd, 4319026.343, 76
Trd, 4319027.043, 137
Trd, 4319027.893, 140
Trd, 4319028.093, 140
Trd, 4319028.343, 140
Trd, 4319030.043, 140
Trd, 4319030.093, 140
Trd, 4319031.993, 140
Trd, 4319032.043, 140
Trd, 4319032.493, 140
Trd, 4319033.443, 92
Trd, 4319034.043, 140
Trd, 4319034.493, 140
Trd, 4319034.943, 89
Trd, 4319035.893, 140
Trd, 4319035.993, 139
Trd, 4319036.143, 139
Trd, 4319036.843, 75
Trd, 4319038.693, 61
Trd, 4319039.493, 60
Trd, 4319039.793, 60
Trd, 4319041.293, 60
Trd, 4319042.093, 61
Trd, 4319043.893, 60
Trd, 4319044.943, 60
Trd, 4319045.843, 61
Trd, 4319046.893, 60
Trd, 4319046.943, 62
Trd, 4319047.393, 63
Trd, 4319047.543, 62
Trd, 4319048.143, 65
Trd, 4319048.793, 66
Trd, 4319049.143, 66
Trd, 4319049.343, 68
Trd, 4319049.543, 62
Trd, 4319050.643, 140
Trd, 4319050.693, 136
Trd, 4319052.393, 60
Trd, 4319053.993, 60
Trd, 4319054.493, 61
Trd, 4319054.543, 61
Trd, 4319055.743, 61
Trd, 4319057.293, 61
Trd, 4319057.393, 64
Trd, 4319057.893, 60
Trd, 4319060.843, 60
Trd, 4319060.893, 60
Trd, 4319061.143, 60
Trd, 4319061.193, 61
Trd, 4319062.393, 61
Trd, 4319062.543, 63
Trd, 4319062.843, 65
Trd, 4319062.993, 68
Trd, 4319063.993, 61
Trd, 4319066.393, 60
Trd, 4319067.143, 60
Trd, 4319067.843, 60
Trd, 4319069.743, 60
Trd, 4319070.693, 60
Trd, 4319071.743, 60
Trd, 4319071.843, 60
Trd, 4319072.243, 61
Trd, 4319072.343, 63
Trd, 4319072.643, 63
Trd, 4319073.443, 60
Trd, 4319073.743, 61
Trd, 4319074.743, 60
Trd, 4319075.843, 61
Trd, 4319075.993, 62
Trd, 4319077.543, 60
Trd, 4319078.793, 60
Trd, 4319080.493, 60
Trd, 4319081.793, 61
Trd, 4319081.943, 62
Trd, 4319082.243, 61
Trd, 4319082.593, 60
Trd, 4319083.193, 60
Trd, 4319083.393, 62
Trd, 4319083.793, 63
Trd, 4319083.943, 64
Trd, 4319084.443, 67
Trd, 4319084.893, 64
Trd, 4319085.993, 60
Trd, 4319086.043, 63
Trd, 4319086.893, 64
Trd, 4319087.593, 62
Trd, 4319088.193, 61
Trd, 4319088.643, 63
Trd, 4319089.193, 60
Trd, 4319090.343, 78
Trd, 4319090.643, 65
Trd, 4319090.993, 61
Trd, 4319092.743, 60
Trd, 4319093.043, 60
Trd, 4319094.643, 60
Trd, 4319095.093, 61
Trd, 4319095.693, 60
Trd, 4319096.893, 63
Trd, 4319096.993, 64
Trd, 4319097.443, 63
Trd, 4319097.643, 62
Trd, 4319097.743, 70
Trd, 4319097.943, 60
Trd, 4319098.443, 78
Trd, 4319098.643, 81
Trd, 4319099.593, 60
Trd, 4319099.643, 66
Trd, 4319103.343, 62
Trd, 4319103.443, 63
Trd, 4319106.243, 60
Trd, 4319106.343, 61
Trd, 4319106.543, 61
Trd, 4319106.943, 60
Trd, 4319107.393, 64
Trd, 4319108.093, 62
Trd, 4319108.293, 62
Trd, 4319108.893, 63
Trd, 4319109.393, 62
Trd, 4319109.743, 63
Trd, 4319109.893, 62
Trd, 4319110.943, 61
Trd, 4319112.193, 60
Trd, 4319112.943, 60
Trd, 4319113.393, 60
Trd, 4319114.143, 61
Trd, 4319115.243, 61
Trd, 4319115.893, 62
Trd, 4319116.993, 62
Trd, 4319118.493, 60
Trd, 4319119.043, 61
Trd, 4319121.093, 60
Trd, 4319121.293, 60
Trd, 4319121.643, 61
Trd, 4319122.693, 60
Trd, 4319122.743, 60
Trd, 4319122.893, 61
Trd, 4319123.493, 61
Trd, 4319124.243, 60
Trd, 4319125.093, 62
Trd, 4319126.193, 64
Trd, 4319126.393, 70
Trd, 4319127.143, 61
Trd, 4319127.693, 62
Trd, 4319129.643, 60
Trd, 4319129.943, 60
Trd, 4319131.493, 60
Trd, 4319132.193, 60
Trd, 4319132.543, 61
Trd, 4319132.793, 60
Trd, 4319134.593, 60
Trd, 4319135.193, 60
Trd, 4319135.243, 61
Trd, 4319135.343, 63
Trd, 4319135.393, 65
Trd, 4319135.743, 61
Trd, 4319136.243, 61
Trd, 4319136.893, 63
Trd, 4319137.193, 63
Trd, 4319137.493, 61
Trd, 4319138.543, 64
Trd, 4319139.543, 140
Trd, 4319139.943, 140
Trd, 4319141.293, 62
Trd, 4319142.443, 61
Trd, 4319142.793, 61
Trd, 4319143.043, 60
Trd, 4319143.743, 61
Trd, 4319145.993, 62
Trd, 4319147.743, 60
Trd, 4319148.493, 60
Trd, 4319148.543, 60
Trd, 4319148.693, 61
Trd, 4319149.093, 64
Trd, 4319149.693, 61
Trd, 4319150.043, 61
Trd, 4319150.293, 62
Trd, 4319150.393, 64
Trd, 4319151.493, 63
Trd, 4319152.193, 139
Trd, 4319152.543, 63
Trd, 4319153.393, 61
Trd, 4319154.093, 60
Trd, 4319154.443, 65
Trd, 4319154.693, 67
Trd, 4319155.093, 71
Trd, 4319155.793, 66
Trd, 4319156.293, 140
Trd, 4319156.493, 140
Trd, 4319156.993, 140
Trd, 4319158.493, 60
Trd, 4319158.743, 61
Trd, 4319160.593, 62
Trd, 4319160.943, 139
Trd, 4319161.293, 140
Trd, 4319162.093, 138
Trd, 4319162.393, 62
Trd, 4319163.143, 60
Trd, 4319163.293, 65
Trd, 4319164.093, 71
Trd, 4319165.593, 61
Trd, 4319167.093, 60
Trd, 4319167.343, 61
Trd, 4319168.343, 61
Trd, 4319171.193, 60
Trd, 4319171.393, 61
Trd, 4319171.443, 61
Trd, 4319171.693, 62
Trd, 4319171.793, 60
Trd, 4319172.243, 62
Trd, 4319172.943, 74
Trd, 4319173.643, 65
Trd, 4319173.743, 67
Trd, 4319174.243, 63
Trd, 4319175.293, 75
Trd, 4319176.143, 69
Trd, 4319176.543, 69
Trd, 4319177.043, 126
Trd, 4319177.593, 65
Trd, 4319178.143, 66
Trd, 4319179.893, 63
Trd, 4319181.493, 60
Trd, 4319182.443, 60
Trd, 4319182.993, 60
Trd, 4319184.543, 61
Trd, 4319184.993, 62
Trd, 4319185.043, 62
Trd, 4319185.143, 63
Trd, 4319185.693, 63
Trd, 4319185.843, 69
Trd, 4319186.193, 63
Trd, 4319186.393, 84
Trd, 4319186.443, 85
Trd, 4319186.543, 139
Trd, 4319186.693, 63
Trd, 4319189.593, 62
Trd, 4319190.993, 60
Trd, 4319194.093, 61
Trd, 4319194.693, 61
Trd, 4319194.743, 60
Trd, 4319194.893, 62
Trd, 4319194.993, 61
Trd, 4319195.093, 62
Trd, 4319195.343, 68
Trd, 4319195.943, 63
Trd, 4319197.093, 140
Trd, 4319197.143, 139
Trd, 4319197.293, 108
Trd, 4319199.093, 60
Trd, 4319199.843, 61
Trd, 4319200.843, 61
Trd, 4319200.943, 63
Trd, 4319202.493, 64
Trd, 4319202.843, 64
Trd, 4319204.243, 60
Trd, 4319205.043, 60
Trd, 4319205.593, 61
Trd, 4319205.893, 62
Trd, 4319206.693, 61
Trd, 4319206.943, 62
Trd, 4319207.193, 63
Trd, 4319207.793, 65
Trd, 4319208.343, 64
Trd, 4319208.643, 124
Trd, 4319209.893, 63
Trd, 4319210.243, 63
Trd, 4319211.543, 60
Trd, 4319212.043, 63
Trd, 4319212.093, 65
Trd, 4319212.943, 62
Trd, 4319216.643, 60
Trd, 4319217.443, 60
Trd, 4319217.843, 61
Trd, 4319218.393, 61
Trd, 4319219.793, 60
Trd, 4319220.393, 60
Trd, 4319220.443, 60
Trd, 4319220.793, 60
Trd, 4319221.393, 60
Trd, 4319221.443, 63
Trd, 4319222.593, 62
Trd, 4319223.243, 63
Trd, 4319223.793, 64
Trd, 4319224.043, 65
Trd, 4319224.293, 64
Trd, 4319225.893, 61
Trd, 4319226.843, 63
Trd, 4319228.893, 60
Trd, 4319230.193, 60
Trd, 4319230.893, 60
Trd, 4319231.543, 61
Trd, 4319232.393, 65
Trd, 4319233.043, 62
Trd, 4319233.093, 63
Trd, 4319233.793, 65
Trd, 4319233.943, 66
Trd, 4319233.993, 65
Trd, 4319234.043, 118
Trd, 4319234.993, 66
Trd, 4319235.093, 64
Trd, 4319235.543, 139
Trd, 4319237.743, 60
Trd, 4319238.193, 62
Trd, 4319238.943, 61
Trd, 4319239.143, 62
Trd, 4319239.293, 63
Trd, 4319239.993, 61
Trd, 4319240.643, 64
Trd, 4319240.993, 140
Trd, 4319241.293, 140
Trd, 4319241.393, 140
Trd, 4319242.693, 63
Trd, 4319243.643, 140
Trd, 4319243.893, 140
Trd, 4319245.143, 140
Trd, 4319245.343, 140
Trd, 4319246.143, 140
Trd, 4319246.193, 77
Trd, 4319247.793, 140
Trd, 4319248.643, 140
Trd, 4319248.793, 140
Trd, 4319249.943, 140
Trd, 4319250.343, 140
Trd, 4319250.843, 140
Trd, 4319250.893, 140
Trd, 4319251.893, 140
Trd, 4319252.293, 140
Trd, 4319253.343, 140
Trd, 4319253.693, 140
Trd, 4319254.493, 140
Trd, 4319255.793, 140
Trd, 4319256.043, 140
Trd, 4319256.243, 140
Trd, 4319256.293, 140
Trd, 4319256.493, 139
Trd, 4319257.293, 66
Trd, 4319257.843, 139
Trd, 4319259.693, 140
Trd, 4319259.793, 140
Trd, 4319260.293, 140
Trd, 4319261.193, 140
Trd, 4319261.593, 140
Trd, 4319261.993, 140
Trd, 4319262.193, 140
Trd, 4319262.943, 140
Trd, 4319263.543, 139
Trd, 4319263.843, 136
Trd, 4319263.943, 89
Trd, 4319265.243, 140
Trd, 4319266.543, 60
Trd, 4319266.743, 61
Trd, 4319268.043, 60
Trd, 4319268.243, 60
Trd, 4319270.643, 60
Trd, 4319270.693, 61
Trd, 4319272.443, 61
Trd, 4319272.593, 61
Trd, 4319272.793, 61
Trd, 4319272.943, 62
Trd, 4319273.193, 62
Trd, 4319273.293, 60
Trd, 4319273.893, 122
Trd, 4319274.693, 70
Trd, 4319274.993, 61
Trd, 4319276.993, 60
Trd, 4319277.093, 62
Trd, 4319277.193, 66
Trd, 4319279.043, 60
Trd, 4319279.343, 61
Trd, 4319279.593, 60
Trd, 4319279.993, 63
Trd, 4319280.843, 60
Trd, 4319282.093, 63
Trd, 4319284.043, 60
Trd, 4319284.693, 62
Trd, 4319285.343, 60
Trd, 4319285.743, 60
Trd, 4319286.443, 60
Trd, 4319287.693, 60
Trd, 4319289.793, 62
Trd, 4319289.843, 64
Trd, 4319289.943, 61
Trd, 4319290.143, 61
Trd, 4319290.593, 60
Trd, 4319290.793, 61
Trd, 4319291.743, 61
Trd, 4319291.893, 62
Trd, 4319292.793, 60
Trd, 4319294.293, 63
Trd, 4319296.493, 60
Trd, 4319297.493, 60
Trd, 4319298.343, 60
Trd, 4319298.893, 60
Trd, 4319300.243, 60
Trd, 4319301.493, 60
Trd, 4319301.543, 60
Trd, 4319301.693, 61
Trd, 4319302.193, 61
Trd, 4319302.343, 69
Trd, 4319302.793, 66
Trd, 4319303.443, 111
Trd, 4319304.143, 70
Trd, 4319304.443, 64
Trd, 4319304.543, 71
Trd, 4319305.843, 60
Trd, 4319306.193, 64
Trd, 4319307.793, 61
Trd, 4319308.893, 62
Trd, 4319309.043, 64
Trd, 4319309.543, 65
Trd, 4319311.343, 61
Trd, 4319311.793, 60
Trd, 4319311.843, 63
Trd, 4319312.193, 63
Trd, 4319312.643, 62
Trd, 4319313.543, 61
Trd, 4319313.793, 63
Trd, 4319314.093, 63
Trd, 4319314.293, 65
Trd, 4319315.493, 60
Trd, 4319317.443, 60
Trd, 4319318.093, 60
Trd, 4319318.643, 60
Trd, 4319319.693, 62
Trd, 4319321.893, 60
Trd, 4319322.943, 60
Trd, 4319325.443, 60
Trd, 4319325.493, 60
Trd, 4319325.643, 60
Trd, 4319325.743, 61
Trd, 4319325.943, 62
Trd, 4319325.993, 62
Trd, 4319326.193, 63
Trd, 4319327.093, 66
Trd, 4319327.143, 67
Trd, 4319328.543, 60
Trd, 4319329.393, 61
Trd, 4319330.343, 60
Trd, 4319333.043, 60
Trd, 4319333.393, 60
Trd, 4319335.043, 61
Trd, 4319336.093, 60
Trd, 4319336.293, 62
Trd, 4319336.693, 61
Trd, 4319336.993, 62
Trd, 4319337.593, 62
Trd, 4319338.093, 63
Trd, 4319338.293, 67
Trd, 4319338.693, 63
Trd, 4319339.543, 60
Trd, 4319340.843, 60
Trd, 4319342.593, 61
Trd, 4319342.693, 61
Trd, 4319343.893, 60
Trd, 4319346.293, 60
Trd, 4319347.043, 60
Trd, 4319347.443, 60
Trd, 4319347.593, 61
Trd, 4319347.643, 63
Trd, 4319348.493, 66
Trd, 4319349.243, 61
Trd, 4319349.843, 61
Trd, 4319350.793, 66
Trd, 4319351.143, 69
Trd, 4319351.243, 62
Trd, 4319351.843, 106
Trd, 4319352.643, 66
Trd, 4319352.743, 71
Trd, 4319354.243, 61
Trd, 4319355.643, 62
Trd, 4319357.643, 60
Trd, 4319358.793, 60
Trd, 4319359.043, 60
Trd, 4319362.443, 60
Trd, 4319362.793, 60
Trd, 4319362.943, 60
Trd, 4319363.543, 63
Trd, 4319363.793, 60
Trd, 4319364.193, 62
Trd, 4319365.043, 63
Trd, 4319365.843, 65
Trd, 4319365.943, 68
Trd, 4319366.043, 64
Trd, 4319366.393, 65
Trd, 4319366.493, 64
Trd, 4319366.943, 64
Trd, 4319367.793, 139
Trd, 4319368.743, 140
Trd, 4319369.543, 140
Trd, 4319370.043, 139
Trd, 4319370.343, 140
Trd, 4319370.893, 98
Trd, 4319370.993, 95
Trd, 4319372.293, 140
Trd, 4319372.343, 140
Trd, 4319372.793, 69
Trd, 4319373.693, 139
Trd, 4319374.893, 63
Trd, 4319374.943, 64
Trd, 4319376.293, 62
Trd, 4319377.243, 61
Trd, 4319378.893, 60
Trd, 4319379.693, 61
Trd, 4319381.693, 62
Trd, 4319382.993, 60
Trd, 4319383.043, 60
Trd, 4319383.743, 60
Trd, 4319383.943, 60
Trd, 4319384.393, 61
Trd, 4319384.793, 61
Trd, 4319385.743, 61
Trd, 4319386.843, 60
Trd, 4319386.943, 61
Trd, 4319387.043, 60
Trd, 4319388.793, 60
Trd, 4319389.093, 72
Trd, 4319389.643, 60
Trd, 4319390.343, 64
Trd, 4319391.793, 64
Trd, 4319392.893, 60
Trd, 4319393.993, 61
Trd, 4319395.543, 61
Trd, 4319396.393, 61
Trd, 4319396.443, 60
Trd, 4319396.993, 61
Trd, 4319397.493, 63
Trd, 4319397.693, 68
Trd, 4319398.593, 126
Trd, 4319399.593, 70
Trd, 4319399.843, 64
Trd, 4319400.293, 139
Trd, 4319401.093, 140
Trd, 4319401.293, 139
Trd, 4319402.143, 112
Trd, 4319402.543, 111
Trd, 4319403.793, 60
Trd, 4319404.993, 62
Trd, 4319405.843, 60
Trd, 4319406.343, 61
Trd, 4319407.093, 62
Trd, 4319409.043, 60
Trd, 4319409.143, 60
Trd, 4319410.793, 60
Trd, 4319411.093, 62
Trd, 4319411.443, 60
Trd, 4319411.993, 60
Trd, 4319413.393, 63
Trd, 4319413.743, 65
Trd, 4319414.043, 61
Trd, 4319414.943, 61
Trd, 4319415.243, 61
Trd, 4319415.643, 63
Trd, 4319416.243, 60
Trd, 4319417.343, 65
Trd, 4319418.393, 61
Trd, 4319419.243, 62
Trd, 4319419.393, 63
Trd, 4319420.793, 61
Trd, 4319421.193, 62
Trd, 4319423.093, 60
Trd, 4319423.793, 60
Trd, 4319424.843, 60
Trd, 4319425.143, 60
Trd, 4319426.343, 60
Trd, 4319427.093, 63
Trd, 4319427.693, 64
Trd, 4319427.743, 62
Trd, 4319428.993, 60
Trd, 4319429.243, 60
Trd, 4319429.743, 61
Trd, 4319430.493, 60
Trd, 4319431.893, 67
Trd, 4319432.243, 66
Trd, 4319432.393, 66
Trd, 4319432.593, 127
Trd, 4319432.843, 126
Trd, 4319433.593, 139
Trd, 4319434.893, 63
Trd, 4319435.793, 63
Trd, 4319436.143, 60
Trd, 4319437.093, 61
Trd, 4319437.743, 61
Trd, 4319438.993, 60
Trd, 4319439.843, 60
Trd, 4319441.243, 60
Trd, 4319441.793, 60
Trd, 4319442.193, 60
Trd, 4319443.393, 62
Trd, 4319444.593, 60
Trd, 4319444.843, 61
Trd, 4319445.093, 60
Trd, 4319445.293, 61
Trd, 4319445.443, 65
Trd, 4319445.993, 62
Trd, 4319446.593, 62
Trd, 4319446.843, 61
Trd, 4319447.293, 75
Trd, 4319447.743, 139
Trd, 4319449.343, 62
Trd, 4319451.493, 60
Trd, 4319452.193, 60
Trd, 4319453.393, 62
Trd, 4319453.443, 63
Trd, 4319453.993, 61
Trd, 4319454.393, 61
Trd, 4319454.443, 60
Trd, 4319454.593, 63
Trd, 4319455.093, 61
Trd, 4319456.343, 60
Trd, 4319456.543, 63
Trd, 4319456.593, 69
Trd, 4319456.643, 74
Trd, 4319457.693, 60
Trd, 4319459.643, 60
Trd, 4319460.843, 60
Trd, 4319461.193, 60
Trd, 4319463.993, 60
Trd, 4319465.093, 61
Trd, 4319465.193, 61
Trd, 4319465.243, 63
Trd, 4319465.843, 64
Trd, 4319466.093, 69
Trd, 4319466.243, 66
Trd, 4319466.493, 64
Trd, 4319466.793, 75
Trd, 4319467.143, 96
Trd, 4319467.443, 60
Trd, 4319469.093, 140
Trd, 4319469.643, 140
Trd, 4319469.943, 140
Trd, 4319470.043, 140
Trd, 4319470.893, 61
Trd, 4319471.393, 60
Trd, 4319472.193, 60
Trd, 4319473.293, 62
Trd, 4319475.443, 61
Trd, 4319476.143, 65
Trd, 4319478.143, 63
Trd, 4319478.193, 63
Trd, 4319478.693, 63
Trd, 4319478.793, 64
Trd, 4319478.993, 64
Trd, 4319479.093, 66
Trd, 4319479.943, 140
Trd, 4319480.293, 67
Trd, 4319480.943, 69
Trd, 4319481.893, 69
Trd, 4319482.443, 140
Trd, 4319482.793, 140
Trd, 4319483.893, 140
Trd, 4319485.193, 140
Trd, 4319485.543, 140
Trd, 4319486.393, 140
Trd, 4319486.893, 139
Trd, 4319487.143, 139
Trd, 4319487.393, 65
Trd, 4319488.193, 140
Trd, 4319488.593, 140
Trd, 4319488.643, 73
Trd, 4319490.293, 62
Trd, 4319491.393, 60
Trd, 4319492.243, 61
Trd, 4319492.943, 61
Trd, 4319494.043, 60
Trd, 4319495.343, 63
Trd, 4319495.493, 63
Trd, 4319495.643, 64
Trd, 4319495.843, 63
Trd, 4319495.943, 65
Trd, 4319496.743, 64
Trd, 4319497.443, 64
Trd, 4319497.793, 138
Trd, 4319498.643, 65
Trd, 4319498.693, 64
Trd, 4319499.443, 65
Trd, 4319500.193, 64
Trd, 4319501.243, 67
Trd, 4319501.743, 63
Trd, 4319502.243, 94
Trd, 4319503.493, 96
Trd, 4319503.543, 104
Trd, 4319503.843, 65
Trd, 4319503.943, 64
Trd, 4319504.343, 63
Trd, 4319505.993, 74
Trd, 4319506.793, 60
Trd, 4319506.993, 60
Trd, 4319508.443, 63
Trd, 4319508.493, 68
Trd, 4319509.043, 60
Trd, 4319509.443, 61
Trd, 4319509.893, 60
Trd, 4319511.543, 61
Trd, 4319512.793, 60
Trd, 4319512.843, 68
Trd, 4319513.093, 71
Trd, 4319513.693, 117
Trd, 4319514.093, 63
Trd, 4319514.943, 63
Trd, 4319515.793, 62
Trd, 4319516.043, 68
Trd, 4319516.543, 137
Trd, 4319516.593, 69
Trd, 4319517.293, 139
Trd, 4319517.693, 60
Trd, 4319518.693, 61
Trd, 4319519.843, 64
Trd, 4319520.043, 61
Trd, 4319521.543, 60
Trd, 4319521.643, 60
Trd, 4319522.193, 60
Trd, 4319523.293, 60
Trd, 4319523.493, 60
Trd, 4319524.043, 62
Trd, 4319526.693, 61
Trd, 4319528.993, 60
Trd, 4319529.093, 60
Trd, 4319529.193, 62
Trd, 4319530.343, 60
Trd, 4319530.643, 63
Trd, 4319531.043, 60
Trd, 4319531.793, 63
Trd, 4319531.993, 65
Trd, 4319532.193, 60
Trd, 4319532.793, 61
Trd, 4319534.243, 60
Trd, 4319534.943, 62
Trd, 4319535.293, 63
Trd, 4319535.943, 64
Trd, 4319537.193, 60
Trd, 4319537.893, 60
Trd, 4319538.693, 61
Trd, 4319541.443, 60
Trd, 4319541.993, 60
Trd, 4319542.543, 60
Trd, 4319543.243, 62
Trd, 4319543.843, 63
Trd, 4319544.093, 62
Trd, 4319544.343, 78
Trd, 4319544.693, 140
Trd, 4319544.843, 140
Trd, 4319545.693, 63
Trd, 4319547.643, 60
Trd, 4319548.043, 60
Trd, 4319550.243, 61
Trd, 4319552.193, 61
Trd, 4319552.793, 60
Trd, 4319552.843, 61
Trd, 4319552.893, 61
Trd, 4319553.443, 60
Trd, 4319554.743, 60
Trd, 4319555.493, 62
Trd, 4319555.693, 62
Trd, 4319555.893, 61
Trd, 4319556.393, 64
Trd, 4319557.143, 65
Trd, 4319557.893, 64
Trd, 4319558.443, 64
Trd, 4319558.893, 111
Trd, 4319559.443, 67
Trd, 4319560.343, 138
Trd, 4319561.943, 140
Trd, 4319562.093, 140
Trd, 4319562.693, 140
Trd, 4319563.193, 140
Trd, 4319563.443, 140
Trd, 4319563.943, 140
Trd, 4319564.593, 140
Trd, 4319564.743, 140
Trd, 4319565.443, 140
Trd, 4319565.943, 140
Trd, 4319566.743, 140
Trd, 4319568.293, 140
Trd, 4319568.593, 140
Trd, 4319569.143, 140
Trd, 4319570.093, 140
Trd, 4319570.243, 140
Trd, 4319570.393, 140
Trd, 4319570.743, 140
Trd, 4319570.893, 139
Trd, 4319571.343, 140
Trd, 4319572.843, 138
Trd, 4319574.043, 140
Trd, 4319574.593, 140
Trd, 4319574.693, 140
Trd, 4319576.493, 140
Trd, 4319576.793, 140
Trd, 4319577.043, 140
Trd, 4319577.493, 139
Trd, 4319578.093, 138
Trd, 4319578.643, 138
Trd, 4319578.893, 134
Trd, 4319579.143, 133
Trd, 4319580.593, 140
Trd, 4319580.643, 140
Trd, 4319580.943, 140
Trd, 4319581.193, 128
Trd, 4319582.643, 140
Trd, 4319583.043, 140
Trd, 4319583.143, 140
Trd, 4319584.393, 140
Trd, 4319584.493, 140
Trd, 4319585.443, 140
Trd, 4319585.543, 139
Trd, 4319585.893, 60
Trd, 4319586.993, 60
Trd, 4319588.543, 66
Trd, 4319589.393, 140
Trd, 4319589.593, 103
Trd, 4319591.593, 140
Trd, 4319591.743, 140
Trd, 4319592.043, 140
Trd, 4319592.443, 140
Trd, 4319592.493, 140
Trd, 4319592.793, 140
Trd, 4319593.243, 139
Trd, 4319594.543, 62
Trd, 4319595.443, 140
Trd, 4319595.743, 140
Trd, 4319596.393, 140
Trd, 4319597.393, 140
Trd, 4319597.543, 140
Trd, 4319597.993, 140
Trd, 4319598.193, 140
Trd, 4319599.293, 60
Trd, 4319600.443, 60
Trd, 4319600.793, 66
Trd, 4319601.293, 60
Trd, 4319601.343, 65
Trd, 4319601.793, 66
Trd, 4319603.943, 61
Trd, 4319604.293, 62
Trd, 4319604.543, 62
Trd, 4319604.593, 61
Trd, 4319605.343, 65
Trd, 4319605.543, 62
Trd, 4319606.243, 62
Trd, 4319606.693, 125
Trd, 4319607.293, 139
Trd, 4319608.943, 61
Trd, 4319609.043, 61
Trd, 4319610.343, 61
Trd, 4319610.693, 60
Trd, 4319610.893, 62
Trd, 4319611.143, 63
Trd, 4319611.443, 85
Trd, 4319612.693, 116
Trd, 4319612.743, 99
Trd, 4319612.943, 140
Trd, 4319614.593, 63
Trd, 4319614.743, 75
Trd, 4319615.243, 63
Trd, 4319615.443, 127
Trd, 4319616.543, 140
Trd, 4319616.643, 140
Trd, 4319617.193, 140
Trd, 4319617.843, 140
Trd, 4319618.043, 139
Trd, 4319618.543, 140
Trd, 4319619.043, 60
Trd, 4319620.043, 60
Trd, 4319620.243, 61
Trd, 4319620.943, 64
Trd, 4319622.593, 60
Trd, 4319623.693, 61
Trd, 4319624.443, 60
Trd, 4319624.893, 62
Trd, 4319626.793, 61
Trd, 4319627.843, 60
Trd, 4319629.093, 60
Trd, 4319629.543, 64
Trd, 4319629.643, 68
Trd, 4319630.643, 60
Trd, 4319630.793, 61
Trd, 4319630.993, 60
Trd, 4319632.893, 60
Trd, 4319633.393, 60
Trd, 4319633.743, 60
Trd, 4319634.443, 61
Trd, 4319634.693, 61
Trd, 4319634.943, 62
Trd, 4319634.993, 61
Trd, 4319635.993, 60
Trd, 4319636.693, 60
Trd, 4319637.093, 140
Trd, 4319638.293, 60
Trd, 4319638.643, 60
Trd, 4319639.993, 63
Trd, 4319641.043, 61
Trd, 4319641.543, 61
Trd, 4319642.493, 62
Trd, 4319643.843, 60
Trd, 4319645.293, 60
Trd, 4319645.993, 63
Trd, 4319646.393, 61
Trd, 4319646.443, 62
Trd, 4319646.543, 63
Trd, 4319646.643, 61
Trd, 4319647.593, 74
Trd, 4319648.293, 67
Trd, 4319648.443, 138
Trd, 4319649.443, 70
Trd, 4319650.043, 68
Trd, 4319650.193, 90
Trd, 4319651.593, 67
Trd, 4319652.093, 65
Trd, 4319653.343, 60
Trd, 4319655.843, 60
Trd, 4319657.643, 60
Trd, 4319658.793, 60
Trd, 4319659.293, 60
Trd, 4319660.193, 60
Trd, 4319660.343, 60
Trd, 4319660.893, 62
Trd, 4319660.943, 61
Trd, 4319661.393, 61
Trd, 4319661.593, 63
Trd, 4319661.893, 62
Trd, 4319661.943, 61
Trd, 4319662.393, 118
Trd, 4319662.693, 140
Trd, 4319663.443, 138
Trd, 4319663.693, 117
Trd, 4319664.643, 64
Trd, 4319665.543, 140
Trd, 4319665.943, 140
Trd, 4319668.243, 60
Trd, 4319668.943, 60
Trd, 4319670.393, 60
Trd, 4319671.293, 60
Trd, 4319671.793, 60
Trd, 4319672.443, 61
Trd, 4319673.093, 60
Trd, 4319673.443, 61
Trd, 4319674.543, 60
Trd, 4319674.893, 60
Trd, 4319675.143, 60
Trd, 4319675.193, 62
Trd, 4319676.293, 64
Trd, 4319676.693, 64
Trd, 4319676.793, 66
Trd, 4319680.193, 60
Trd, 4319680.243, 61
Trd, 4319680.293, 61
Trd, 4319680.743, 62
Trd, 4319682.793, 61
Trd, 4319684.243, 60
Trd, 4319685.293, 60
Trd, 4319686.343, 61
Trd, 4319686.843, 60
Trd, 4319687.093, 60
Trd, 4319687.143, 61
Trd, 4319687.343, 60
Trd, 4319687.743, 61
Trd, 4319688.643, 62
Trd, 4319690.093, 60
Trd, 4319692.893, 60
Trd, 4319693.393, 60
Trd, 4319694.293, 60
Trd, 4319696.393, 60
Trd, 4319697.043, 60
Trd, 4319697.193, 60
Trd, 4319697.643, 60
Trd, 4319698.243, 61
Trd, 4319698.543, 63
Trd, 4319698.643, 61
Trd, 4319699.143, 61
Trd, 4319699.793, 64
Trd, 4319701.193, 62
Trd, 4319702.243, 61
Trd, 4319703.093, 60
Trd, 4319705.393, 61
Trd, 4319706.743, 60
Trd, 4319707.143, 60
Trd, 4319707.243, 61
Trd, 4319707.693, 60
Trd, 4319708.293, 60
Trd, 4319709.093, 61
Trd, 4319709.343, 62
Trd, 4319711.893, 61
Trd, 4319712.693, 60
Trd, 4319714.043, 60
Trd, 4319714.193, 61
Trd, 4319715.293, 60
Trd, 4319715.893, 61
Trd, 4319716.093, 61
Trd, 4319716.193, 60
Trd, 4319717.943, 60
Trd, 4319719.193, 63
Trd, 4319719.293, 66
Trd, 4319719.593, 61
Trd, 4319720.693, 60
Trd, 4319722.343, 60
Trd, 4319722.943, 60
Trd, 4319723.243, 61
Trd, 4319723.643, 60
Trd, 4319724.643, 60
Trd, 4319725.143, 60
Trd, 4319725.193, 60
Trd, 4319725.843, 61
Trd, 4319727.843, 60
Trd, 4319727.893, 60
Trd, 4319728.243, 61
Trd, 4319728.793, 61
Trd, 4319730.693, 60
Trd, 4319731.643, 60
Trd, 4319732.443, 60
Trd, 4319733.443, 61
Trd, 4319735.393, 61
Trd, 4319735.943, 61
Trd, 4319736.043, 61
Trd, 4319736.293, 63
Trd, 4319736.693, 61
Trd, 4319737.393, 97
Trd, 4319737.693, 140
Trd, 4319738.293, 67
Trd, 4319738.543, 66
Trd, 4319738.793, 65
Trd, 4319739.643, 86
Trd, 4319740.493, 140
Trd, 4319740.643, 140
Trd, 4319740.743, 71
Trd, 4319740.893, 139
Trd, 4319742.543, 140
Trd, 4319743.143, 76
Trd, 4319743.193, 74
Trd, 4319744.143, 62
Trd, 4319746.093, 140
Trd, 4319746.543, 140
Trd, 4319746.893, 140
Trd, 4319747.093, 140
Trd, 4319747.243, 140
Trd, 4319747.293, 138
Trd, 4319749.043, 65
Trd, 4319750.293, 66
Trd, 4319750.393, 70
Trd, 4319751.593, 60
Trd, 4319752.843, 61
Trd, 4319753.143, 63
Trd, 4319753.193, 65
Trd, 4319755.293, 61
Trd, 4319755.893, 62
Trd, 4319756.093, 63
Trd, 4319756.443, 62
Trd, 4319757.643, 60
Trd, 4319757.993, 60
Trd, 4319759.843, 60
Trd, 4319761.493, 60
Trd, 4319762.043, 60
Trd, 4319763.243, 61
Trd, 4319764.793, 63
Trd, 4319765.943, 60
Trd, 4319766.043, 60
Trd, 4319766.143, 60
Trd, 4319766.393, 63
Trd, 4319767.693, 68
Trd, 4319767.793, 68
Trd, 4319767.943, 68
Trd, 4319768.343, 67
Trd, 4319768.393, 69
Trd, 4319771.443, 61
Trd, 4319772.343, 61
Trd, 4319772.693, 62
Trd, 4319773.843, 60
Trd, 4319774.343, 63
Trd, 4319775.343, 60
Trd, 4319776.693, 60
Trd, 4319776.843, 60
Trd, 4319777.343, 60
Trd, 4319777.493, 61
Trd, 4319778.343, 64
Trd, 4319778.843, 63
Trd, 4319779.043, 62
Trd, 4319779.493, 60
Trd, 4319779.543, 71
Trd, 4319781.643, 60
Trd, 4319782.193, 60
Trd, 4319784.843, 60
Trd, 4319784.993, 64
Trd, 4319785.443, 60
Trd, 4319787.443, 60
Trd, 4319787.943, 60
Trd, 4319788.443, 60
Trd, 4319790.593, 60
Trd, 4319790.843, 60
Trd, 4319791.893, 60
Trd, 4319792.043, 60
Trd, 4319792.243, 62
Trd, 4319792.293, 63
Trd, 4319792.693, 62
Trd, 4319793.143, 63
Trd, 4319793.743, 62
Trd, 4319794.293, 60
Trd, 4319794.543, 63
Trd, 4319794.943, 63
Trd, 4319796.643, 60
Trd, 4319798.043, 60
Trd, 4319799.043, 60
Trd, 4319799.593, 60
Trd, 4319800.993, 60
Trd, 4319802.443, 64
Trd, 4319803.343, 62
Trd, 4319804.493, 61
Trd, 4319805.993, 60
Trd, 4319806.393, 60
Trd, 4319806.793, 60
Trd, 4319808.293, 63
Trd, 4319808.443, 62
Trd, 4319809.343, 62
Trd, 4319809.693, 61
Trd, 4319809.993, 62
Trd, 4319810.043, 84
Trd, 4319811.043, 60
Trd, 4319811.193, 61
Trd, 4319811.543, 60
Trd, 4319812.693, 60
Trd, 4319813.293, 60
Trd, 4319815.343, 139
Trd, 4319815.493, 139
Trd, 4319815.643, 138
Trd, 4319816.393, 60
Trd, 4319816.843, 61
Trd, 4319816.993, 61
Trd, 4319818.993, 66
Trd, 4319819.443, 64
Trd, 4319819.493, 63
Trd, 4319819.993, 66
Trd, 4319820.093, 68
Trd, 4319820.393, 69
Trd, 4319821.693, 120
Trd, 4319822.593, 140
Trd, 4319822.693, 140
Trd, 4319823.493, 140
Trd, 4319823.543, 140
Trd, 4319824.443, 140
Trd, 4319825.043, 140
Trd, 4319825.743, 140
Trd, 4319826.043, 140
Trd, 4319826.093, 140
Trd, 4319827.393, 140
Trd, 4319828.443, 140
Trd, 4319828.893, 140
Trd, 4319829.143, 140
Trd, 4319829.193, 140
Trd, 4319829.343, 139
Trd, 4319830.993, 140
Trd, 4319831.593, 140
Trd, 4319831.643, 140
Trd, 4319831.693, 139
Trd, 4319833.243, 139
Trd, 4319833.793, 107
Trd, 4319835.293, 61
Trd, 4319835.843, 62
Trd, 4319836.043, 63
Trd, 4319836.393, 140
Trd, 4319836.793, 140
Trd, 4319837.093, 140
Trd, 4319837.493, 140
Trd, 4319839.843, 60
Trd, 4319839.993, 63
Trd, 4319842.193, 60
Trd, 4319842.643, 60
Trd, 4319843.043, 60
Trd, 4319843.943, 61
Trd, 4319844.293, 61
Trd, 4319845.343, 61
Trd, 4319845.443, 61
Trd, 4319845.743, 60
Trd, 4319845.843, 62
Trd, 4319846.043, 62
Trd, 4319846.143, 61
Trd, 4319846.493, 119
Trd, 4319848.293, 61
Trd, 4319849.243, 73
Trd, 4319849.643, 60
Trd, 4319852.193, 61
Trd, 4319852.393, 61
Trd, 4319854.593, 60
Trd, 4319855.293, 60
Trd, 4319856.593, 60
Trd, 4319857.143, 60
Trd, 4319857.443, 60
Trd, 4319858.543, 60
Trd, 4319858.743, 61
Trd, 4319858.943, 61
Trd, 4319860.093, 60
Trd, 4319860.243, 61
Trd, 4319860.393, 64
Trd, 4319860.843, 63
Trd, 4319861.293, 62
Trd, 4319862.443, 62
Trd, 4319863.843, 60
Trd, 4319865.343, 60
Trd, 4319866.843, 60
Trd, 4319867.943, 60
Trd, 4319869.543, 60
Trd, 4319869.893, 60
Trd, 4319870.343, 60
Trd, 4319871.343, 63
Trd, 4319872.143, 61
Trd, 4319872.243, 62
Trd, 4319873.293, 61
Trd, 4319873.443, 62
Trd, 4319874.443, 64
Trd, 4319874.893, 64
Trd, 4319875.343, 63
Trd, 4319875.693, 64
Trd, 4319875.993, 64
Trd, 4319876.843, 60
Trd, 4319877.943, 60
Trd, 4319879.643, 60
Trd, 4319880.793, 60
Trd, 4319880.843, 62
Trd, 4319880.893, 62
Trd, 4319882.693, 61
Trd, 4319883.943, 61
Trd, 4319884.143, 62
Trd, 4319884.343, 64
Trd, 4319884.493, 60
Trd, 4319885.193, 63
Trd, 4319885.943, 61
Trd, 4319886.493, 63
Trd, 4319886.743, 73
Trd, 4319886.793, 83
Trd, 4319887.343, 62
Trd, 4319887.493, 63
Trd, 4319888.043, 69
Trd, 4319888.443, 68
Trd, 4319889.343, 111
Trd, 4319892.093, 60
Trd, 4319892.793, 60
Trd, 4319893.443, 60
Trd, 4319894.443, 60
Trd, 4319895.143, 60
Trd, 4319895.843, 61
Trd, 4319897.243, 60
Trd, 4319897.593, 61
Trd, 4319897.643, 62
Trd, 4319897.843, 60
Trd, 4319898.593, 62
Trd, 4319898.993, 62
Trd, 4319899.093, 61
Trd, 4319899.393, 72
Trd, 4319900.343, 71
Trd, 4319900.693, 70
Trd, 4319902.593, 60
Trd, 4319903.293, 60
Trd, 4319903.443, 67
Trd, 4319904.943, 61
Trd, 4319906.793, 61
Trd, 4319906.993, 66
Trd, 4319908.643, 60
Trd, 4319909.493, 60
Trd, 4319909.543, 60
Trd, 4319910.143, 60
Trd, 4319911.043, 60
Trd, 4319911.293, 61
Trd, 4319911.443, 65
Trd, 4319911.593, 67
Trd, 4319911.793, 60
Trd, 4319913.793, 118
Trd, 4319914.743, 140
Trd, 4319915.193, 132
Trd, 4319915.993, 140
Trd, 4319916.643, 140
Trd, 4319917.843, 140
Trd, 4319917.893, 140
Trd, 4319918.443, 140
Trd, 4319918.893, 140
Trd, 4319919.193, 140
Trd, 4319919.393, 140
Trd, 4319919.443, 139
Trd, 4319920.493, 124
Trd, 4319921.143, 128
Trd, 4319921.493, 124
Trd, 4319921.943, 124
Trd, 4319923.443, 139
Trd, 4319923.893, 140
Trd, 4319924.093, 140
Trd, 4319924.743, 140
Trd, 4319925.643, 140
Trd, 4319926.943, 140
Trd, 4319927.143, 140
Trd, 4319928.043, 140
Trd, 4319928.943, 140
Trd, 4319929.193, 140
Trd, 4319929.843, 140
Trd, 4319931.093, 140
Trd, 4319931.193, 140
Trd, 4319931.443, 140
Trd, 4319932.143, 140
Trd, 4319932.943, 140
Trd, 4319933.793, 140
Trd, 4319934.393, 140
Trd, 4319934.543, 140
Trd, 4319934.793, 140
Trd, 4319935.793, 140
Trd, 4319936.393, 140
Trd, 4319936.643, 138
Trd, 4319936.793, 139
Trd, 4319937.993, 102
Trd, 4319938.543, 140
Trd, 4319938.643, 140
Trd, 4319940.493, 140
Trd, 4319940.743, 140
Trd, 4319941.043, 140
Trd, 4319941.543, 140
Trd, 4319942.743, 85
Trd, 4319942.993, 86
Trd, 4319943.193, 84
Trd, 4319943.843, 66
Trd, 4319944.443, 140
Trd, 4319944.543, 139
Trd, 4319945.543, 61
Trd, 4319946.943, 60
Trd, 4319947.293, 61
Trd, 4319947.443, 65
Trd, 4319949.693, 60
Trd, 4319950.493, 60
Trd, 4319951.293, 60
Trd, 4319952.443, 61
Trd, 4319952.943, 60
Trd, 4319955.293, 60
Trd, 4319955.543, 62
Trd, 4319955.593, 62
Trd, 4319955.843, 62
Trd, 4319956.843, 61
Trd, 4319957.343, 61
Trd, 4319957.593, 65
Trd, 4319957.693, 67
Trd, 4319957.743, 60
Trd, 4319959.093, 60
Trd, 4319959.993, 64
Trd, 4319960.643, 62
Trd, 4319962.593, 60
Trd, 4319963.043, 61
Trd, 4319964.693, 61
Trd, 4319966.493, 60
Trd, 4319967.043, 60
Trd, 4319968.743, 60
Trd, 4319968.843, 60
Trd, 4319970.593, 60
Trd, 4319970.693, 60
Trd, 4319971.093, 63
Trd, 4319971.243, 62
Trd, 4319971.643, 62
Trd, 4319971.843, 62
Trd, 4319971.893, 134
Trd, 4319971.943, 61
Trd, 4319972.793, 64
Trd, 4319973.693, 64
Trd, 4319976.043, 63
Trd, 4319977.493, 61
Trd, 4319978.793, 61
Trd, 4319979.193, 62
Trd, 4319979.293, 63
Trd, 4319979.343, 137
Trd, 4319979.693, 61
Trd, 4319980.043, 63
Trd, 4319981.143, 60
Trd, 4319981.693, 62
Trd, 4319984.493, 60
Trd, 4319984.943, 60
Trd, 4319986.293, 60
Trd, 4319986.643, 60
Trd, 4319987.293, 61
Trd, 4319987.843, 60
Trd, 4319987.943, 61
Trd, 4319988.393, 61
Trd, 4319988.693, 61
Trd, 4319988.993, 61
Trd, 4319990.143, 60
Trd, 4319990.243, 65
Trd, 4319990.643, 67
Trd, 4319990.993, 61
Trd, 4319991.743, 60
Trd, 4319991.893, 60
Trd, 4319992.193, 61
Trd, 4319992.693, 60
Trd, 4319993.243, 61
Trd, 4319994.193, 63
Trd, 4319995.543, 61
Trd, 4319995.643, 63
Trd, 4319996.743, 60
Trd, 4319999.043, 60
Trd, 4319999.243, 60
Trd, 4319999.743, 62
