Trd, 4318091.643, 98
Trd, 4318092.893, 106
Trd, 4318093.343, 88
Trd, 4318093.493, 94
Trd, 4318094.393, 116
Trd, 4318095.893, 112
Trd, 4318096.443, 129
Trd, 4318097.793, 125
Trd, 4318098.043, 85
Trd, 4318098.493, 84
Trd, 4318098.643, 87
Trd, 4318098.793, 80
Trd, 4318099.993, 103
Trd, 4318100.243, 102
Trd, 4318102.143, 131
Trd, 4318102.243, 124
Trd, 4318104.143, 132
Trd, 4318104.193, 129
Trd, 4318104.593, 114
Trd, 4318105.943, 118
Trd, 4318108.743, 129
Trd, 4318108.943, 129
Trd, 4318109.393, 119
Trd, 4318109.493, 107
Trd, 4318109.793, 103
Trd, 4318110.293, 102
Trd, 4318110.593, 132
Trd, 4318112.493, 101
Trd, 4318113.093, 111
Trd, 4318113.743, 118
Trd, 4318114.443, 112
Trd, 4318115.543, 100
Trd, 4318115.743, 80
Trd, 4318116.393, 108
Trd, 4318116.693, 67
Trd, 4318117.393, 127
Trd, 4318120.343, 111
Trd, 4318120.693, 117
Trd, 4318121.393, 139
Trd, 4318122.593, 123
Trd, 4318122.793, 114
Trd, 4318122.993, 108
Trd, 4318123.443, 115
Trd, 4318123.943, 124
Trd, 4318124.093, 125
Trd, 4318124.393, 95
Trd, 4318126.793, 138
Trd, 4318127.193, 133
Trd, 4318127.393, 125
Trd, 4318127.793, 100
Trd, 4318128.293, 72
Trd, 4318130.293, 107
Trd, 4318131.693, 95
Trd, 4318131.843, 87
Trd, 4318133.493, 124
Trd, 4318133.543, 116
Trd, 4318135.143, 116
Trd, 4318135.643, 104
Trd, 4318136.193, 116
Trd, 4318137.793, 108
Trd, 4318138.343, 112
Trd, 4318139.193, 93
Trd, 4318140.043, 119
Trd, 4318141.243, 138
Trd, 4318142.343, 131
Trd, 4318142.743, 126
Trd, 4318143.343, 138
Trd, 4318143.593, 115
Trd, 4318144.293, 108
Trd, 4318145.243, 85
Trd, 4318145.943, 92
Trd, 4318146.643, 87
Trd, 4318147.243, 67
Trd, 4318148.693, 77
Trd, 4318148.993, 114
Trd, 4318149.993, 72
Trd, 4318150.193, 71
Trd, 4318151.793, 63
Trd, 4318152.143, 78
Trd, 4318154.043, 118
Trd, 4318154.093, 100
Trd, 4318154.493, 117
Trd, 4318155.743, 89
Trd, 4318156.443, 121
Trd, 4318157.043, 111
Trd, 4318157.643, 94
Trd, 4318157.743, 86
Trd, 4318158.793, 101
Trd, 4318160.243, 81
Trd, 4318160.443, 138
Trd, 4318162.343, 140
Trd, 4318162.643, 109
Trd, 4318163.343, 76
Trd, 4318163.893, 119
Trd, 4318165.293, 125
Trd, 4318165.593, 108
Trd, 4318166.543, 124
Trd, 4318167.093, 122
Trd, 4318167.243, 117
Trd, 4318167.743, 102
Trd, 4318168.993, 102
Trd, 4318169.443, 77
Trd, 4318170.593, 92
Trd, 4318171.493, 75
Trd, 4318172.093, 110
Trd, 4318172.193, 89
Trd, 4318173.243, 113
Trd, 4318173.393, 124
Trd, 4318174.343, 112
Trd, 4318174.793, 109
Trd, 4318175.393, 111
Trd, 4318175.743, 90
Trd, 4318176.543, 77
Trd, 4318177.343, 74
Trd, 4318177.793, 124
Trd, 4318179.693, 102
Trd, 4318180.443, 65
Trd, 4318180.593, 101
Trd, 4318181.093, 107
Trd, 4318182.243, 138
Trd, 4318182.943, 85
Trd, 4318184.743, 87
Trd, 4318185.293, 107
Trd, 4318185.443, 91
Trd, 4318185.693, 83
Trd, 4318186.193, 123
Trd, 4318186.443, 83
Trd, 4318188.093, 110
Trd, 4318189.243, 127
Trd, 4318189.343, 111
Trd, 4318189.543, 105
Trd, 4318190.093, 138
Trd, 4318191.193, 128
Trd, 4318191.593, 137
Trd, 4318193.093, 98
Trd, 4318193.843, 92
Trd, 4318194.243, 89
Trd, 4318195.293, 80
Trd, 4318195.393, 66
Trd, 4318197.493, 112
Trd, 4318197.543, 110
Trd, 4318197.993, 113
Trd, 4318199.743, 117
Trd, 4318200.143, 140
Trd, 4318200.643, 125
Trd, 4318201.393, 100
Trd, 4318201.493, 97
Trd, 4318202.393, 93
Trd, 4318203.843, 90
Trd, 4318203.943, 92
Trd, 4318204.093, 100
Trd, 4318206.143, 79
Trd, 4318207.443, 124
Trd, 4318207.543, 93
Trd, 4318208.393, 74
Trd, 4318209.393, 124
Trd, 4318209.743, 90
Trd, 4318210.893, 119
Trd, 4318210.943, 87
Trd, 4318212.043, 69
Trd, 4318212.343, 136
Trd, 4318212.843, 115
Trd, 4318214.343, 126
Trd, 4318214.593, 109
Trd, 4318214.893, 127
Trd, 4318215.493, 121
Trd, 4318216.043, 115
Trd, 4318218.643, 117
Trd, 4318219.143, 119
Trd, 4318219.193, 89
Trd, 4318219.593, 81
Trd, 4318220.743, 120
Trd, 4318220.993, 132
Trd, 4318221.443, 139
Trd, 4318222.443, 100
Trd, 4318222.743, 116
Trd, 4318223.643, 64
Trd, 4318224.093, 63
Trd, 4318225.143, 111
Trd, 4318226.793, 98
Trd, 4318228.043, 97
Trd, 4318228.393, 88
Trd, 4318229.393, 132
Trd, 4318229.443, 113
Trd, 4318230.493, 110
Trd, 4318230.993, 140
Trd, 4318231.893, 105
Trd, 4318234.043, 126
Trd, 4318234.093, 108
Trd, 4318234.893, 70
Trd, 4318235.393, 84
Trd, 4318236.093, 112
Trd, 4318236.993, 91
Trd, 4318237.843, 104
Trd, 4318240.393, 133
Trd, 4318240.643, 98
Trd, 4318241.193, 78
Trd, 4318242.343, 108
Trd, 4318242.593, 94
Trd, 4318242.693, 130
Trd, 4318243.293, 92
Trd, 4318244.743, 123
Trd, 4318244.943, 98
Trd, 4318245.793, 124
Trd, 4318246.443, 93
Trd, 4318246.743, 111
Trd, 4318248.843, 68
Trd, 4318250.043, 112
Trd, 4318250.593, 135
Trd, 4318251.193, 129
Trd, 4318252.443, 115
Trd, 4318253.193, 114
Trd, 4318253.243, 112
Trd, 4318254.693, 134
Trd, 4318254.793, 127
Trd, 4318254.943, 107
Trd, 4318255.143, 99
Trd, 4318255.743, 63
Trd, 4318256.493, 120
Trd, 4318257.643, 93
Trd, 4318259.193, 119
Trd, 4318259.343, 77
Trd, 4318261.293, 124
Trd, 4318261.493, 95
Trd, 4318261.793, 73
Trd, 4318262.443, 71
Trd, 4318263.043, 71
Trd, 4318263.693, 115
Trd, 4318264.493, 93
Trd, 4318265.543, 114
Trd, 4318265.743, 103
Trd, 4318267.443, 100
Trd, 4318267.943, 133
Trd, 4318268.143, 116
Trd, 4318269.393, 116
Trd, 4318270.043, 120
Trd, 4318271.393, 140
Trd, 4318271.843, 111
Trd, 4318271.993, 109
Trd, 4318272.743, 115
Trd, 4318274.593, 125
Trd, 4318274.743, 117
Trd, 4318275.743, 118
Trd, 4318276.493, 126
Trd, 4318276.793, 114
Trd, 4318277.293, 126
Trd, 4318277.843, 127
Trd, 4318278.693, 100
Trd, 4318278.943, 112
Trd, 4318279.243, 116
Trd, 4318280.543, 124
Trd, 4318280.743, 98
Trd, 4318283.043, 71
Trd, 4318283.093, 105
Trd, 4318283.743, 64
Trd, 4318283.993, 72
Trd, 4318284.693, 61
Trd, 4318285.343, 86
Trd, 4318285.843, 115
Trd, 4318286.343, 118
Trd, 4318287.793, 109
Trd, 4318288.443, 81
Trd, 4318291.293, 140
Trd, 4318291.443, 124
Trd, 4318291.643, 119
Trd, 4318292.593, 98
Trd, 4318292.793, 111
Trd, 4318293.793, 101
Trd, 4318294.343, 140
Trd, 4318294.743, 118
Trd, 4318295.443, 118
Trd, 4318296.143, 95
Trd, 4318297.443, 130
Trd, 4318297.493, 125
Trd, 4318299.993, 113
Trd, 4318300.743, 136
Trd, 4318301.043, 116
Trd, 4318301.243, 107
Trd, 4318302.193, 91
Trd, 4318302.593, 86
Trd, 4318303.393, 109
Trd, 4318306.293, 86
Trd, 4318306.493, 84
Trd, 4318306.993, 95
Trd, 4318307.793, 106
Trd, 4318307.893, 102
Trd, 4318308.893, 109
Trd, 4318310.943, 65
Trd, 4318311.693, 66
Trd, 4318311.993, 67
Trd, 4318312.293, 66
Trd, 4318312.493, 88
Trd, 4318314.193, 91
Trd, 4318314.843, 85
Trd, 4318316.493, 122
Trd, 4318316.743, 126
Trd, 4318316.943, 107
Trd, 4318318.893, 138
Trd, 4318319.893, 104
Trd, 4318319.943, 102
Trd, 4318321.593, 117
Trd, 4318321.943, 119
Trd, 4318322.543, 126
Trd, 4318323.343, 103
Trd, 4318325.893, 126
Trd, 4318327.093, 112
Trd, 4318327.393, 105
Trd, 4318327.943, 117
Trd, 4318327.993, 124
Trd, 4318328.943, 91
Trd, 4318330.493, 74
Trd, 4318331.243, 110
Trd, 4318331.843, 101
Trd, 4318333.293, 90
Trd, 4318333.643, 88
Trd, 4318334.343, 67
Trd, 4318335.043, 91
Trd, 4318335.443, 122
Trd, 4318336.943, 86
Trd, 4318337.143, 95
Trd, 4318338.343, 106
Trd, 4318339.543, 129
Trd, 4318339.643, 112
Trd, 4318339.693, 93
Trd, 4318340.193, 127
Trd, 4318340.793, 92
Trd, 4318341.893, 94
Trd, 4318341.993, 96
Trd, 4318343.243, 76
Trd, 4318343.743, 90
Trd, 4318343.793, 105
Trd, 4318344.943, 97
Trd, 4318345.093, 109
Trd, 4318347.043, 130
Trd, 4318347.493, 115
Trd, 4318348.093, 88
Trd, 4318348.743, 111
Trd, 4318348.843, 112
Trd, 4318349.193, 118
Trd, 4318349.943, 87
Trd, 4318350.243, 110
Trd, 4318350.993, 101
Trd, 4318352.993, 108
Trd, 4318353.443, 121
Trd, 4318354.193, 91
Trd, 4318354.543, 126
Trd, 4318355.493, 127
Trd, 4318355.893, 88
Trd, 4318356.093, 70
Trd, 4318358.543, 107
Trd, 4318359.143, 140
Trd, 4318360.043, 130
Trd, 4318360.143, 116
Trd, 4318360.343, 97
Trd, 4318360.793, 66
Trd, 4318362.493, 121
Trd, 4318363.043, 120
Trd, 4318363.543, 114
Trd, 4318364.593, 139
Trd, 4318365.643, 117
Trd, 4318366.293, 96
Trd, 4318366.543, 91
Trd, 4318366.943, 82
Trd, 4318368.243, 120
Trd, 4318368.843, 124
Trd, 4318369.293, 116
Trd, 4318371.493, 111
Trd, 4318371.543, 106
Trd, 4318372.693, 99
Trd, 4318372.843, 124
Trd, 4318374.393, 134
Trd, 4318374.493, 114
Trd, 4318375.043, 124
Trd, 4318375.843, 130
Trd, 4318377.943, 82
Trd, 4318378.643, 124
Trd, 4318380.043, 129
Trd, 4318380.243, 107
Trd, 4318381.593, 114
Trd, 4318381.743, 113
Trd, 4318381.993, 113
Trd, 4318382.993, 116
Trd, 4318383.393, 106
Trd, 4318384.593, 111
Trd, 4318385.443, 97
Trd, 4318385.493, 92
Trd, 4318385.993, 119
Trd, 4318386.943, 107
Trd, 4318387.543, 114
Trd, 4318388.293, 130
Trd, 4318388.843, 71
Trd, 4318390.293, 109
Trd, 4318390.893, 132
Trd, 4318391.093, 109
Trd, 4318391.243, 106
Trd, 4318391.493, 112
Trd, 4318392.243, 75
Trd, 4318392.793, 86
Trd, 4318393.593, 115
Trd, 4318393.893, 114
Trd, 4318394.393, 96
Trd, 4318394.943, 99
Trd, 4318396.943, 85
Trd, 4318398.693, 71
Trd, 4318399.243, 102
Trd, 4318399.593, 75
Trd, 4318400.143, 92
Trd, 4318400.993, 97
Trd, 4318401.593, 95
Trd, 4318402.143, 118
Trd, 4318404.093, 90
Trd, 4318404.243, 100
Trd, 4318404.293, 101
Trd, 4318404.593, 117
Trd, 4318406.293, 84
Trd, 4318406.593, 112
Trd, 4318407.393, 113
Trd, 4318407.843, 89
Trd, 4318408.443, 78
Trd, 4318408.843, 86
Trd, 4318410.043, 104
Trd, 4318410.843, 115
Trd, 4318411.043, 114
Trd, 4318411.693, 73
Trd, 4318413.043, 87
Trd, 4318413.793, 103
Trd, 4318414.643, 121
Trd, 4318415.143, 136
Trd, 4318416.643, 108
Trd, 4318418.343, 86
Trd, 4318418.543, 76
Trd, 4318418.693, 73
Trd, 4318419.893, 135
Trd, 4318420.193, 132
Trd, 4318421.743, 132
Trd, 4318423.593, 101
Trd, 4318424.043, 99
Trd, 4318425.243, 93
Trd, 4318425.493, 86
Trd, 4318426.493, 117
Trd, 4318427.743, 127
Trd, 4318428.543, 114
Trd, 4318429.443, 120
Trd, 4318429.893, 113
Trd, 4318431.243, 100
Trd, 4318431.943, 93
Trd, 4318432.243, 77
Trd, 4318432.893, 68
Trd, 4318433.243, 71
Trd, 4318434.193, 136
Trd, 4318435.443, 107
Trd, 4318435.893, 91
Trd, 4318436.593, 124
Trd, 4318437.793, 103
Trd, 4318438.243, 87
Trd, 4318438.293, 76
Trd, 4318438.643, 92
Trd, 4318439.043, 113
Trd, 4318439.393, 106
Trd, 4318441.443, 138
Trd, 4318444.243, 99
Trd, 4318444.443, 105
Trd, 4318444.643, 117
Trd, 4318445.593, 97
Trd, 4318445.993, 103
Trd, 4318446.343, 100
Trd, 4318447.393, 110
Trd, 4318448.143, 78
Trd, 4318450.143, 109
Trd, 4318450.793, 71
Trd, 4318452.193, 96
Trd, 4318453.093, 114
Trd, 4318454.893, 96
Trd, 4318455.193, 79
Trd, 4318455.593, 95
Trd, 4318455.643, 90
Trd, 4318456.693, 140
Trd, 4318457.393, 71
Trd, 4318457.743, 92
Trd, 4318458.243, 88
Trd, 4318459.343, 114
Trd, 4318459.593, 110
Trd, 4318460.493, 103
Trd, 4318460.793, 101
Trd, 4318461.343, 85
Trd, 4318462.443, 99
Trd, 4318462.643, 84
Trd, 4318463.493, 83
Trd, 4318463.993, 138
Trd, 4318464.893, 91
Trd, 4318465.993, 121
Trd, 4318466.993, 110
Trd, 4318467.493, 120
Trd, 4318467.843, 118
Trd, 4318470.243, 106
Trd, 4318470.893, 94
Trd, 4318471.493, 91
Trd, 4318471.593, 90
Trd, 4318471.743, 134
Trd, 4318471.893, 69
Trd, 4318472.793, 111
Trd, 4318473.743, 108
Trd, 4318474.043, 125
Trd, 4318474.643, 139
Trd, 4318475.793, 99
Trd, 4318477.243, 125
Trd, 4318477.293, 124
Trd, 4318477.843, 124
Trd, 4318478.643, 118
Trd, 4318479.143, 115
Trd, 4318481.643, 130
Trd, 4318481.793, 123
Trd, 4318482.093, 104
Trd, 4318482.293, 94
Trd, 4318482.743, 73
Trd, 4318483.143, 96
Trd, 4318483.943, 89
Trd, 4318484.093, 116
Trd, 4318485.993, 130
Trd, 4318486.493, 123
Trd, 4318486.543, 100
Trd, 4318486.793, 104
Trd, 4318487.693, 140
Trd, 4318488.693, 118
Trd, 4318489.343, 86
Trd, 4318490.243, 91
Trd, 4318491.943, 118
Trd, 4318493.293, 124
Trd, 4318493.993, 129
Trd, 4318494.343, 110
Trd, 4318496.493, 88
Trd, 4318497.293, 103
Trd, 4318498.343, 80
Trd, 4318498.843, 110
Trd, 4318499.643, 86
Trd, 4318500.143, 83
Trd, 4318500.593, 102
Trd, 4318502.243, 80
Trd, 4318502.743, 132
Trd, 4318503.143, 103
Trd, 4318503.843, 107
Trd, 4318503.893, 84
Trd, 4318505.443, 79
Trd, 4318505.893, 94
Trd, 4318506.643, 89
Trd, 4318508.343, 122
Trd, 4318508.493, 125
Trd, 4318510.043, 131
Trd, 4318510.493, 136
Trd, 4318511.093, 100
Trd, 4318512.143, 117
Trd, 4318512.643, 92
Trd, 4318512.693, 87
Trd, 4318513.043, 83
Trd, 4318513.693, 93
Trd, 4318514.243, 88
Trd, 4318515.393, 117
Trd, 4318515.493, 107
Trd, 4318516.243, 115
Trd, 4318518.043, 128
Trd, 4318518.193, 121
Trd, 4318518.393, 131
Trd, 4318518.943, 115
Trd, 4318520.293, 89
Trd, 4318520.743, 87
Trd, 4318521.043, 123
Trd, 4318521.543, 124
Trd, 4318522.893, 116
Trd, 4318523.893, 127
Trd, 4318524.843, 124
Trd, 4318525.943, 120
Trd, 4318526.243, 140
Trd, 4318526.543, 107
Trd, 4318527.443, 105
Trd, 4318527.493, 101
Trd, 4318528.693, 136
Trd, 4318530.043, 134
Trd, 4318530.343, 118
Trd, 4318530.943, 131
Trd, 4318532.443, 126
Trd, 4318532.693, 118
Trd, 4318533.943, 111
Trd, 4318534.293, 106
Trd, 4318534.893, 120
Trd, 4318535.393, 98
Trd, 4318537.693, 96
Trd, 4318537.893, 119
Trd, 4318538.493, 102
Trd, 4318538.843, 101
Trd, 4318539.243, 118
Trd, 4318539.843, 91
Trd, 4318540.793, 114
Trd, 4318541.543, 83
Trd, 4318542.343, 104
Trd, 4318543.243, 114
Trd, 4318545.843, 102
Trd, 4318546.543, 119
Trd, 4318546.843, 99
Trd, 4318547.543, 96
Trd, 4318548.343, 127
Trd, 4318548.543, 123
Trd, 4318549.093, 118
Trd, 4318549.193, 80
Trd, 4318549.993, 108
Trd, 4318552.543, 88
Trd, 4318553.643, 128
Trd, 4318554.343, 103
Trd, 4318555.743, 125
Trd, 4318556.343, 117
Trd, 4318557.093, 116
Trd, 4318557.393, 110
Trd, 4318557.593, 96
Trd, 4318558.393, 124
Trd, 4318558.793, 116
Trd, 4318558.843, 106
Trd, 4318559.843, 122
Trd, 4318561.243, 112
Trd, 4318561.693, 92
Trd, 4318562.243, 124
Trd, 4318562.743, 94
Trd, 4318563.093, 106
Trd, 4318563.443, 115
Trd, 4318565.743, 118
Trd, 4318566.193, 128
Trd, 4318566.343, 75
Trd, 4318566.393, 87
Trd, 4318568.093, 95
Trd, 4318568.743, 74
Trd, 4318568.993, 72
Trd, 4318571.143, 105
Trd, 4318571.993, 122
Trd, 4318572.093, 102
Trd, 4318572.293, 99
Trd, 4318572.443, 91
Trd, 4318574.293, 110
Trd, 4318574.893, 135
Trd, 4318577.143, 101
Trd, 4318578.093, 78
Trd, 4318578.243, 72
Trd, 4318578.793, 96
Trd, 4318578.943, 67
Trd, 4318580.293, 87
Trd, 4318580.343, 78
Trd, 4318580.543, 103
Trd, 4318581.743, 78
Trd, 4318584.093, 111
Trd, 4318584.493, 132
Trd, 4318586.343, 110
Trd, 4318586.893, 109
Trd, 4318587.493, 114
Trd, 4318587.843, 110
Trd, 4318587.943, 106
Trd, 4318588.093, 117
Trd, 4318589.093, 82
Trd, 4318589.593, 94
Trd, 4318591.893, 125
Trd, 4318592.743, 89
Trd, 4318592.943, 106
Trd, 4318593.043, 100
Trd, 4318593.243, 86
Trd, 4318594.143, 95
Trd, 4318594.893, 88
Trd, 4318596.843, 100
Trd, 4318597.543, 137
Trd, 4318598.543, 99
Trd, 4318598.893, 125
Trd, 4318599.493, 112
Trd, 4318600.093, 140
Trd, 4318600.393, 120
Trd, 4318601.643, 105
Trd, 4318602.243, 102
Trd, 4318603.043, 106
Trd, 4318604.043, 93
Trd, 4318604.793, 117
Trd, 4318605.043, 114
Trd, 4318606.093, 104
Trd, 4318606.443, 119
Trd, 4318607.443, 132
Trd, 4318608.643, 124
Trd, 4318610.093, 113
Trd, 4318610.343, 101
Trd, 4318610.793, 115
Trd, 4318611.193, 105
Trd, 4318611.943, 91
Trd, 4318613.443, 110
Trd, 4318615.393, 104
Trd, 4318616.193, 136
Trd, 4318616.443, 132
Trd, 4318616.743, 103
Trd, 4318616.793, 95
Trd, 4318617.343, 84
Trd, 4318618.793, 123
Trd, 4318620.743, 103
Trd, 4318621.293, 108
Trd, 4318621.743, 98
Trd, 4318621.893, 94
Trd, 4318623.543, 105
Trd, 4318623.893, 89
Trd, 4318626.893, 122
Trd, 4318627.293, 117
Trd, 4318628.243, 138
Trd, 4318628.743, 127
Trd, 4318629.093, 96
Trd, 4318629.193, 135
Trd, 4318629.493, 94
Trd, 4318629.643, 94
Trd, 4318630.093, 118
Trd, 4318631.093, 107
Trd, 4318631.293, 105
Trd, 4318632.643, 117
Trd, 4318633.443, 86
Trd, 4318634.293, 92
Trd, 4318634.493, 110
Trd, 4318635.443, 103
Trd, 4318635.643, 115
Trd, 4318636.793, 95
Trd, 4318637.493, 93
Trd, 4318638.243, 92
Trd, 4318638.443, 99
Trd, 4318639.843, 116
Trd, 4318639.943, 99
Trd, 4318641.193, 114
Trd, 4318642.443, 132
Trd, 4318642.793, 122
Trd, 4318642.893, 114
Trd, 4318643.243, 111
Trd, 4318643.393, 100
Trd, 4318645.493, 112
Trd, 4318646.043, 104
Trd, 4318646.393, 98
Trd, 4318646.893, 133
Trd, 4318648.193, 138
Trd, 4318648.993, 112
Trd, 4318650.793, 115
Trd, 4318651.093, 126
Trd, 4318652.043, 119
Trd, 4318653.643, 99
Trd, 4318654.143, 99
Trd, 4318655.143, 107
Trd, 4318656.043, 114
Trd, 4318656.293, 106
Trd, 4318657.143, 96
Trd, 4318658.243, 89
Trd, 4318659.143, 86
Trd, 4318659.593, 136
Trd, 4318660.593, 100
Trd, 4318661.993, 90
Trd, 4318662.243, 88
Trd, 4318662.593, 101
Trd, 4318665.393, 112
Trd, 4318665.543, 110
Trd, 4318667.693, 103
Trd, 4318668.193, 99
Trd, 4318668.393, 88
Trd, 4318669.593, 132
Trd, 4318669.943, 107
Trd, 4318670.093, 107
Trd, 4318670.143, 86
Trd, 4318671.293, 131
Trd, 4318672.493, 114
Trd, 4318672.693, 99
Trd, 4318673.243, 73
Trd, 4318673.593, 130
Trd, 4318674.793, 100
Trd, 4318674.943, 88
Trd, 4318675.743, 82
Trd, 4318676.193, 136
Trd, 4318676.943, 98
Trd, 4318679.393, 137
Trd, 4318680.243, 134
Trd, 4318680.443, 115
Trd, 4318680.793, 139
Trd, 4318682.093, 129
Trd, 4318683.243, 136
Trd, 4318685.093, 105
Trd, 4318685.993, 129
Trd, 4318686.993, 85
Trd, 4318687.893, 108
Trd, 4318687.943, 92
Trd, 4318688.143, 84
Trd, 4318689.143, 87
Trd, 4318689.593, 68
Trd, 4318690.143, 71
Trd, 4318691.893, 89
Trd, 4318692.343, 110
Trd, 4318693.193, 89
Trd, 4318693.893, 97
Trd, 4318693.993, 90
Trd, 4318694.293, 103
Trd, 4318694.493, 95
Trd, 4318694.543, 77
Trd, 4318695.243, 103
Trd, 4318695.793, 124
Trd, 4318698.943, 103
Trd, 4318699.643, 93
Trd, 4318699.943, 129
Trd, 4318700.243, 90
Trd, 4318701.343, 99
Trd, 4318701.443, 89
Trd, 4318701.643, 69
Trd, 4318703.243, 94
Trd, 4318703.893, 92
Trd, 4318704.093, 78
Trd, 4318704.243, 104
Trd, 4318704.393, 95
Trd, 4318704.693, 77
Trd, 4318706.943, 80
Trd, 4318709.243, 110
Trd, 4318709.743, 107
Trd, 4318709.843, 91
Trd, 4318710.743, 107
Trd, 4318710.793, 109
Trd, 4318712.393, 70
Trd, 4318712.493, 81
Trd, 4318712.643, 69
Trd, 4318713.143, 102
Trd, 4318714.943, 115
Trd, 4318715.193, 89
Trd, 4318716.043, 103
Trd, 4318716.793, 108
Trd, 4318717.193, 107
Trd, 4318717.493, 127
Trd, 4318717.793, 116
Trd, 4318718.593, 98
Trd, 4318719.693, 67
Trd, 4318720.143, 94
Trd, 4318720.993, 108
Trd, 4318721.493, 104
Trd, 4318722.443, 75
Trd, 4318723.543, 115
Trd, 4318723.993, 102
Trd, 4318724.293, 95
Trd, 4318724.893, 84
Trd, 4318726.243, 80
Trd, 4318726.443, 83
Trd, 4318727.593, 113
Trd, 4318727.643, 101
Trd, 4318728.493, 138
Trd, 4318728.693, 110
Trd, 4318729.093, 127
Trd, 4318730.043, 105
Trd, 4318730.843, 86
Trd, 4318731.243, 75
Trd, 4318732.243, 139
Trd, 4318734.693, 124
Trd, 4318735.093, 99
Trd, 4318735.543, 116
Trd, 4318735.993, 86
Trd, 4318736.143, 94
Trd, 4318737.243, 76
Trd, 4318738.693, 130
Trd, 4318739.243, 106
Trd, 4318739.893, 104
Trd, 4318740.443, 133
Trd, 4318740.843, 135
Trd, 4318741.493, 94
Trd, 4318742.193, 102
Trd, 4318744.343, 119
Trd, 4318744.593, 120
Trd, 4318745.193, 115
Trd, 4318745.243, 121
Trd, 4318745.893, 104
Trd, 4318746.593, 120
Trd, 4318746.693, 94
Trd, 4318747.993, 90
Trd, 4318748.193, 101
Trd, 4318749.943, 93
Trd, 4318750.593, 113
Trd, 4318751.343, 113
Trd, 4318751.443, 97
Trd, 4318751.693, 88
Trd, 4318753.143, 137
Trd, 4318753.243, 109
Trd, 4318755.043, 92
Trd, 4318755.393, 90
Trd, 4318755.843, 89
Trd, 4318756.293, 114
Trd, 4318756.643, 109
Trd, 4318758.393, 75
Trd, 4318760.293, 84
Trd, 4318760.443, 85
Trd, 4318760.543, 83
Trd, 4318761.593, 94
Trd, 4318761.893, 75
Trd, 4318763.093, 63
Trd, 4318765.193, 103
Trd, 4318765.643, 121
Trd, 4318766.143, 108
Trd, 4318767.343, 95
Trd, 4318768.243, 110
Trd, 4318768.893, 137
Trd, 4318769.493, 126
Trd, 4318769.993, 123
Trd, 4318770.643, 132
Trd, 4318772.243, 91
Trd, 4318772.893, 72
Trd, 4318774.293, 93
Trd, 4318774.543, 107
Trd, 4318774.893, 83
Trd, 4318775.493, 110
Trd, 4318775.843, 71
Trd, 4318776.043, 131
Trd, 4318776.293, 104
Trd, 4318776.793, 124
Trd, 4318777.793, 124
Trd, 4318779.643, 117
Trd, 4318780.093, 136
Trd, 4318780.243, 108
Trd, 4318780.343, 104
Trd, 4318781.443, 95
Trd, 4318781.793, 125
Trd, 4318782.993, 93
Trd, 4318783.543, 118
Trd, 4318784.693, 93
Trd, 4318785.593, 116
Trd, 4318786.493, 79
Trd, 4318788.243, 139
Trd, 4318789.793, 110
Trd, 4318790.843, 121
Trd, 4318791.643, 111
Trd, 4318792.043, 118
Trd, 4318792.393, 96
Trd, 4318793.093, 98
Trd, 4318794.143, 104
Trd, 4318794.243, 119
Trd, 4318795.193, 93
Trd, 4318795.493, 112
Trd, 4318796.993, 108
Trd, 4318798.293, 111
Trd, 4318798.843, 115
Trd, 4318799.843, 137
Trd, 4318800.293, 119
Trd, 4318800.643, 119
Trd, 4318801.393, 120
Trd, 4318801.493, 100
Trd, 4318801.543, 99
Trd, 4318803.093, 94
Trd, 4318803.943, 125
Trd, 4318804.393, 103
Trd, 4318805.343, 112
Trd, 4318806.293, 65
Trd, 4318806.393, 115
Trd, 4318806.843, 83
Trd, 4318807.043, 80
Trd, 4318807.593, 126
Trd, 4318808.893, 85
Trd, 4318809.043, 85
Trd, 4318810.093, 62
Trd, 4318811.343, 78
Trd, 4318812.793, 128
Trd, 4318813.693, 95
Trd, 4318813.993, 90
Trd, 4318814.793, 93
Trd, 4318814.843, 110
Trd, 4318816.243, 96
Trd, 4318816.693, 116
Trd, 4318816.993, 108
Trd, 4318818.893, 96
Trd, 4318819.943, 78
Trd, 4318820.543, 120
Trd, 4318821.243, 138
Trd, 4318821.743, 83
Trd, 4318821.943, 135
Trd, 4318824.143, 68
Trd, 4318825.043, 78
Trd, 4318825.743, 119
Trd, 4318826.043, 102
Trd, 4318827.093, 109
Trd, 4318827.593, 129
Trd, 4318827.643, 108
Trd, 4318828.043, 61
Trd, 4318828.743, 78
Trd, 4318829.593, 67
Trd, 4318830.693, 104
Trd, 4318830.743, 69
Trd, 4318831.643, 62
Trd, 4318832.343, 114
Trd, 4318832.593, 109
Trd, 4318833.893, 113
Trd, 4318836.343, 104
Trd, 4318836.693, 94
Trd, 4318837.393, 128
Trd, 4318837.643, 87
Trd, 4318838.143, 95
Trd, 4318839.393, 96
Trd, 4318839.993, 97
Trd, 4318840.493, 86
Trd, 4318841.043, 91
Trd, 4318843.093, 100
Trd, 4318843.393, 99
Trd, 4318843.743, 103
Trd, 4318844.443, 106
Trd, 4318845.243, 126
Trd, 4318846.293, 87
Trd, 4318846.693, 121
Trd, 4318846.893, 78
Trd, 4318847.143, 75
Trd, 4318847.943, 104
Trd, 4318848.493, 89
Trd, 4318849.743, 124
Trd, 4318850.493, 118
Trd, 4318850.993, 103
Trd, 4318853.543, 110
Trd, 4318854.193, 106
Trd, 4318855.343, 134
Trd, 4318856.143, 124
Trd, 4318856.443, 93
Trd, 4318856.793, 85
Trd, 4318857.443, 122
Trd, 4318858.743, 94
Trd, 4318858.993, 97
Trd, 4318859.043, 99
Trd, 4318859.843, 81
Trd, 4318862.543, 98
Trd, 4318862.743, 92
Trd, 4318863.543, 114
Trd, 4318865.243, 132
Trd, 4318865.493, 113
Trd, 4318865.543, 104
Trd, 4318865.943, 85
Trd, 4318866.493, 111
Trd, 4318866.793, 80
Trd, 4318867.843, 86
Trd, 4318869.293, 130
Trd, 4318869.843, 136
Trd, 4318870.693, 110
Trd, 4318871.943, 96
Trd, 4318872.043, 99
Trd, 4318872.393, 88
Trd, 4318872.493, 103
Trd, 4318872.843, 72
Trd, 4318875.343, 123
Trd, 4318876.193, 111
Trd, 4318876.543, 102
Trd, 4318877.743, 83
Trd, 4318878.143, 88
Trd, 4318878.343, 79
Trd, 4318878.743, 93
Trd, 4318880.093, 119
Trd, 4318880.643, 81
Trd, 4318881.343, 97
Trd, 4318883.243, 117
Trd, 4318883.543, 138
Trd, 4318885.043, 84
Trd, 4318885.143, 101
Trd, 4318885.943, 76
Trd, 4318886.493, 78
Trd, 4318887.593, 103
Trd, 4318887.843, 131
Trd, 4318889.693, 90
Trd, 4318889.843, 92
Trd, 4318890.793, 134
Trd, 4318891.693, 117
Trd, 4318892.493, 107
Trd, 4318893.693, 93
Trd, 4318893.843, 74
Trd, 4318894.293, 140
Trd, 4318895.643, 135
Trd, 4318895.943, 133
Trd, 4318896.443, 110
Trd, 4318897.443, 138
Trd, 4318898.293, 110
Trd, 4318898.843, 113
Trd, 4318899.943, 124
Trd, 4318901.393, 100
Trd, 4318901.693, 129
Trd, 4318902.743, 80
Trd, 4318904.293, 96
Trd, 4318904.343, 96
Trd, 4318904.643, 120
Trd, 4318905.593, 81
Trd, 4318907.993, 114
Trd, 4318908.343, 107
Trd, 4318908.443, 101
Trd, 4318909.793, 111
Trd, 4318910.443, 96
Trd, 4318911.143, 82
Trd, 4318911.893, 112
Trd, 4318912.193, 89
Trd, 4318912.943, 140
Trd, 4318914.293, 117
Trd, 4318916.393, 101
Trd, 4318916.593, 105
Trd, 4318917.143, 93
Trd, 4318917.293, 107
Trd, 4318917.843, 84
Trd, 4318918.043, 130
Trd, 4318918.493, 111
Trd, 4318921.693, 106
Trd, 4318921.793, 127
Trd, 4318923.243, 100
Trd, 4318923.493, 117
Trd, 4318923.643, 98
Trd, 4318924.243, 67
Trd, 4318924.543, 96
Trd, 4318925.143, 101
Trd, 4318926.093, 137
Trd, 4318926.843, 107
Trd, 4318928.343, 61
Trd, 4318928.593, 81
Trd, 4318929.093, 65
Trd, 4318929.893, 126
Trd, 4318930.643, 111
Trd, 4318932.043, 114
Trd, 4318932.093, 100
Trd, 4318933.193, 102
Trd, 4318934.993, 106
Trd, 4318935.243, 135
Trd, 4318935.443, 132
Trd, 4318936.193, 70
Trd, 4318937.043, 85
Trd, 4318937.493, 104
Trd, 4318939.143, 103
Trd, 4318939.393, 110
Trd, 4318939.593, 108
Trd, 4318940.193, 119
Trd, 4318941.093, 102
Trd, 4318941.543, 116
Trd, 4318943.993, 115
Trd, 4318944.743, 124
Trd, 4318945.093, 112
Trd, 4318945.593, 62
Trd, 4318945.793, 70
Trd, 4318946.093, 91
Trd, 4318947.143, 114
Trd, 4318948.043, 91
Trd, 4318949.093, 136
Trd, 4318949.993, 101
Trd, 4318950.743, 82
Trd, 4318951.993, 88
Trd, 4318952.993, 91
Trd, 4318953.393, 69
Trd, 4318954.793, 100
Trd, 4318955.993, 106
Trd, 4318956.843, 126
Trd, 4318956.893, 105
Trd, 4318957.343, 88
Trd, 4318957.843, 80
Trd, 4318958.443, 80
Trd, 4318959.443, 127
Trd, 4318960.493, 117
Trd, 4318960.893, 111
Trd, 4318961.793, 134
Trd, 4318962.493, 83
Trd, 4318962.743, 77
Trd, 4318963.093, 105
Trd, 4318964.493, 62
Trd, 4318964.693, 80
Trd, 4318966.343, 127
Trd, 4318968.043, 112
Trd, 4318968.143, 116
Trd, 4318968.543, 96
Trd, 4318969.643, 125
Trd, 4318969.843, 115
Trd, 4318970.243, 118
Trd, 4318971.993, 137
Trd, 4318972.243, 91
Trd, 4318974.193, 61
Trd, 4318974.543, 77
Trd, 4318975.593, 91
Trd, 4318975.793, 90
Trd, 4318975.893, 78
Trd, 4318977.443, 66
Trd, 4318977.943, 70
Trd, 4318979.443, 123
Trd, 4318979.643, 121
Trd, 4318979.943, 101
Trd, 4318980.243, 97
Trd, 4318982.343, 116
Trd, 4318982.393, 109
Trd, 4318983.243, 133
Trd, 4318984.043, 117
Trd, 4318984.743, 105
Trd, 4318985.143, 99
Trd, 4318985.443, 98
Trd, 4318986.293, 109
Trd, 4318986.343, 121
Trd, 4318986.643, 96
Trd, 4318988.943, 136
Trd, 4318989.243, 116
Trd, 4318989.343, 111
Trd, 4318989.543, 114
Trd, 4318989.893, 98
Trd, 4318990.343, 110
Trd, 4318991.993, 118
Trd, 4318992.543, 120
Trd, 4318993.343, 108
Trd, 4318993.593, 109
Trd, 4318996.243, 129
Trd, 4318996.293, 138
Trd, 4318996.443, 106
Trd, 4318997.593, 85
Trd, 4318997.693, 76
Trd, 4318998.293, 83
Trd, 4318998.543, 133
Trd, 4319000.893, 138
Trd, 4319001.593, 112
Trd, 4319002.443, 95
Trd, 4319002.643, 99
Trd, 4319002.693, 91
Trd, 4319003.943, 81
Trd, 4319004.793, 104
Trd, 4319005.593, 123
Trd, 4319005.793, 120
Trd, 4319007.093, 122
Trd, 4319007.243, 102
Trd, 4319007.443, 140
Trd, 4319007.793, 98
Trd, 4319008.193, 106
Trd, 4319008.793, 92
Trd, 4319009.193, 118
Trd, 4319009.993, 73
Trd, 4319011.893, 91
Trd, 4319011.943, 63
Trd, 4319013.143, 69
Trd, 4319014.043, 103
Trd, 4319014.493, 97
Trd, 4319014.943, 96
Trd, 4319015.343, 120
Trd, 4319016.293, 96
Trd, 4319016.893, 105
Trd, 4319017.293, 79
Trd, 4319017.743, 136
Trd, 4319019.143, 109
Trd, 4319019.343, 107
Trd, 4319019.693, 100
Trd, 4319019.793, 87
Trd, 4319021.493, 86
Trd, 4319022.043, 128
Trd, 4319022.243, 105
Trd, 4319022.493, 115
Trd, 4319024.243, 140
Trd, 4319024.793, 109
Trd, 4319025.593, 92
Trd, 4319025.843, 79
Trd, 4319026.543, 116
Trd, 4319027.093, 138
Trd, 4319028.343, 97
Trd, 4319028.893, 91
Trd, 4319029.693, 82
Trd, 4319029.943, 67
Trd, 4319030.443, 122
Trd, 4319032.843, 129
Trd, 4319033.843, 133
Trd, 4319036.043, 125
Trd, 4319036.443, 118
Trd, 4319036.793, 113
Trd, 4319037.943, 113
Trd, 4319038.493, 93
Trd, 4319040.393, 83
Trd, 4319041.193, 113
Trd, 4319041.343, 93
Trd, 4319041.793, 112
Trd, 4319042.443, 108
Trd, 4319042.493, 103
Trd, 4319043.343, 92
Trd, 4319045.143, 94
Trd, 4319046.043, 122
Trd, 4319046.443, 92
Trd, 4319047.493, 134
Trd, 4319048.293, 105
Trd, 4319048.393, 103
Trd, 4319048.843, 103
Trd, 4319051.793, 119
Trd, 4319051.893, 105
Trd, 4319053.493, 82
Trd, 4319053.793, 84
Trd, 4319054.893, 113
Trd, 4319055.843, 106
Trd, 4319056.093, 117
Trd, 4319057.193, 109
Trd, 4319057.493, 118
Trd, 4319057.793, 105
Trd, 4319058.143, 112
Trd, 4319058.343, 110
Trd, 4319058.643, 121
Trd, 4319059.693, 113
Trd, 4319060.793, 98
Trd, 4319061.943, 105
Trd, 4319062.743, 116
Trd, 4319063.793, 110
Trd, 4319064.843, 106
Trd, 4319066.093, 93
Trd, 4319066.893, 106
Trd, 4319067.043, 100
Trd, 4319067.693, 104
Trd, 4319067.743, 122
Trd, 4319067.893, 121
Trd, 4319068.743, 84
Trd, 4319069.643, 90
Trd, 4319071.393, 122
Trd, 4319071.843, 117
Trd, 4319071.893, 96
Trd, 4319071.993, 93
Trd, 4319073.143, 120
Trd, 4319074.043, 89
Trd, 4319075.193, 98
Trd, 4319076.243, 79
Trd, 4319076.793, 65
Trd, 4319077.043, 85
Trd, 4319077.943, 106
Trd, 4319079.043, 122
Trd, 4319079.593, 81
Trd, 4319080.193, 85
Trd, 4319081.393, 82
Trd, 4319081.543, 79
Trd, 4319081.843, 90
Trd, 4319083.543, 122
Trd, 4319085.193, 110
Trd, 4319085.493, 107
Trd, 4319085.993, 79
Trd, 4319086.343, 79
Trd, 4319086.893, 100
Trd, 4319087.593, 93
Trd, 4319089.293, 114
Trd, 4319089.493, 122
Trd, 4319089.643, 131
Trd, 4319090.843, 110
Trd, 4319090.943, 109
Trd, 4319092.243, 126
Trd, 4319092.393, 93
Trd, 4319092.643, 81
Trd, 4319092.993, 77
Trd, 4319093.343, 77
Trd, 4319094.393, 75
Trd, 4319095.043, 128
Trd, 4319095.543, 116
Trd, 4319096.643, 140
Trd, 4319097.443, 115
Trd, 4319098.843, 133
Trd, 4319099.743, 119
Trd, 4319100.343, 101
Trd, 4319100.543, 102
Trd, 4319102.393, 114
Trd, 4319102.843, 140
Trd, 4319102.943, 129
Trd, 4319104.193, 83
Trd, 4319104.343, 76
Trd, 4319104.693, 95
Trd, 4319105.593, 108
Trd, 4319106.693, 92
Trd, 4319107.493, 75
Trd, 4319107.693, 76
Trd, 4319108.643, 76
Trd, 4319108.693, 83
Trd, 4319110.243, 70
Trd, 4319112.593, 136
Trd, 4319113.143, 121
Trd, 4319113.843, 140
Trd, 4319113.943, 137
Trd, 4319114.043, 111
Trd, 4319114.693, 116
Trd, 4319114.843, 106
Trd, 4319115.093, 128
Trd, 4319116.643, 84
Trd, 4319118.693, 99
Trd, 4319118.843, 98
Trd, 4319120.743, 92
Trd, 4319120.893, 87
Trd, 4319121.993, 93
Trd, 4319122.793, 104
Trd, 4319123.843, 135
Trd, 4319124.043, 126
Trd, 4319125.443, 126
Trd, 4319125.643, 97
Trd, 4319126.093, 119
Trd, 4319126.143, 88
Trd, 4319126.793, 130
Trd, 4319127.843, 115
Trd, 4319129.043, 114
Trd, 4319129.493, 117
Trd, 4319130.943, 119
Trd, 4319130.993, 102
Trd, 4319131.193, 77
Trd, 4319131.843, 69
Trd, 4319133.293, 100
Trd, 4319133.593, 77
Trd, 4319133.893, 126
Trd, 4319134.743, 96
Trd, 4319135.543, 102
Trd, 4319135.893, 120
Trd, 4319136.943, 73
Trd, 4319137.093, 67
Trd, 4319137.343, 119
Trd, 4319137.543, 122
Trd, 4319140.293, 91
Trd, 4319141.093, 137
Trd, 4319142.143, 127
Trd, 4319143.293, 97
Trd, 4319144.543, 123
Trd, 4319145.393, 136
Trd, 4319145.743, 132
Trd, 4319146.093, 133
Trd, 4319146.343, 117
Trd, 4319146.943, 127
Trd, 4319149.343, 139
Trd, 4319149.943, 93
Trd, 4319150.443, 92
Trd, 4319151.543, 123
Trd, 4319151.743, 89
Trd, 4319152.193, 72
Trd, 4319153.643, 92
Trd, 4319153.793, 109
Trd, 4319155.043, 138
Trd, 4319156.743, 106
Trd, 4319157.243, 110
Trd, 4319158.543, 125
Trd, 4319158.793, 116
Trd, 4319159.293, 138
Trd, 4319159.743, 132
Trd, 4319160.093, 132
Trd, 4319160.493, 125
Trd, 4319161.943, 116
Trd, 4319162.593, 130
Trd, 4319162.993, 109
Trd, 4319163.093, 85
Trd, 4319163.493, 88
Trd, 4319164.043, 94
Trd, 4319164.893, 85
Trd, 4319165.693, 117
Trd, 4319166.943, 106
Trd, 4319168.293, 98
Trd, 4319169.543, 124
Trd, 4319170.993, 106
Trd, 4319171.643, 88
Trd, 4319172.593, 89
Trd, 4319173.293, 112
Trd, 4319174.293, 109
Trd, 4319174.593, 131
Trd, 4319174.643, 93
Trd, 4319177.693, 86
Trd, 4319177.793, 94
Trd, 4319178.343, 111
Trd, 4319178.643, 111
Trd, 4319179.343, 124
Trd, 4319180.093, 123
Trd, 4319180.143, 106
Trd, 4319180.693, 111
Trd, 4319181.193, 91
Trd, 4319182.943, 128
Trd, 4319182.993, 88
Trd, 4319183.843, 108
Trd, 4319184.743, 95
Trd, 4319184.893, 88
Trd, 4319185.243, 96
Trd, 4319185.593, 128
Trd, 4319188.343, 124
Trd, 4319190.643, 118
Trd, 4319190.843, 113
Trd, 4319191.243, 103
Trd, 4319191.593, 92
Trd, 4319192.293, 99
Trd, 4319192.643, 108
Trd, 4319193.493, 103
Trd, 4319194.343, 136
Trd, 4319194.643, 96
Trd, 4319196.193, 66
Trd, 4319196.443, 104
Trd, 4319197.193, 118
Trd, 4319197.993, 93
Trd, 4319198.343, 82
Trd, 4319199.343, 92
Trd, 4319199.743, 127
Trd, 4319200.643, 80
Trd, 4319201.943, 120
Trd, 4319202.843, 111
Trd, 4319203.443, 100
Trd, 4319204.793, 91
Trd, 4319205.493, 135
Trd, 4319206.843, 87
Trd, 4319206.943, 100
Trd, 4319208.193, 127
Trd, 4319208.493, 110
Trd, 4319209.643, 121
Trd, 4319210.343, 110
Trd, 4319211.993, 127
Trd, 4319212.843, 127
Trd, 4319213.543, 119
Trd, 4319213.893, 117
Trd, 4319214.593, 110
Trd, 4319216.743, 84
Trd, 4319217.393, 134
Trd, 4319217.893, 128
Trd, 4319217.943, 112
Trd, 4319220.843, 97
Trd, 4319222.093, 128
Trd, 4319222.193, 127
Trd, 4319222.793, 105
Trd, 4319222.993, 118
Trd, 4319223.743, 98
Trd, 4319224.293, 104
Trd, 4319224.993, 92
Trd, 4319226.043, 106
Trd, 4319226.343, 111
Trd, 4319227.143, 125
Trd, 4319227.243, 125
Trd, 4319229.943, 110
Trd, 4319230.143, 115
Trd, 4319230.793, 133
Trd, 4319231.693, 135
Trd, 4319231.943, 123
Trd, 4319233.043, 90
Trd, 4319233.843, 127
Trd, 4319234.793, 100
Trd, 4319235.443, 73
Trd, 4319235.543, 70
Trd, 4319237.093, 109
Trd, 4319237.243, 104
Trd, 4319238.193, 108
Trd, 4319238.343, 98
Trd, 4319238.493, 123
Trd, 4319239.843, 102
Trd, 4319241.093, 108
Trd, 4319241.693, 122
Trd, 4319242.043, 118
Trd, 4319243.143, 112
Trd, 4319243.343, 76
Trd, 4319244.043, 75
Trd, 4319245.193, 87
Trd, 4319246.343, 85
Trd, 4319249.543, 120
Trd, 4319251.193, 136
Trd, 4319251.693, 136
Trd, 4319252.543, 120
Trd, 4319252.593, 106
Trd, 4319252.893, 96
Trd, 4319253.643, 140
Trd, 4319254.293, 140
Trd, 4319254.493, 121
Trd, 4319255.643, 111
Trd, 4319256.343, 123
Trd, 4319256.593, 107
Trd, 4319258.693, 123
Trd, 4319261.643, 111
Trd, 4319261.893, 125
Trd, 4319262.693, 105
Trd, 4319263.543, 104
Trd, 4319263.643, 109
Trd, 4319264.243, 123
Trd, 4319265.743, 99
Trd, 4319266.893, 111
Trd, 4319267.693, 89
Trd, 4319269.043, 119
Trd, 4319269.843, 89
Trd, 4319270.943, 77
Trd, 4319271.243, 97
Trd, 4319271.643, 131
Trd, 4319272.543, 77
Trd, 4319273.393, 132
Trd, 4319273.893, 84
Trd, 4319275.193, 87
Trd, 4319275.443, 94
Trd, 4319276.743, 130
Trd, 4319276.893, 102
Trd, 4319278.343, 109
Trd, 4319279.393, 107
Trd, 4319279.593, 109
Trd, 4319279.743, 105
Trd, 4319281.293, 96
Trd, 4319281.643, 88
Trd, 4319282.093, 129
Trd, 4319283.343, 90
Trd, 4319284.393, 107
Trd, 4319284.793, 121
Trd, 4319285.343, 91
Trd, 4319285.793, 118
Trd, 4319286.643, 95
Trd, 4319287.193, 88
Trd, 4319287.443, 77
Trd, 4319291.093, 86
Trd, 4319292.943, 109
Trd, 4319293.393, 93
Trd, 4319293.543, 89
Trd, 4319293.893, 117
Trd, 4319294.093, 89
Trd, 4319294.693, 91
Trd, 4319296.993, 114
Trd, 4319297.693, 125
Trd, 4319297.793, 91
Trd, 4319298.043, 91
Trd, 4319298.743, 87
Trd, 4319298.793, 110
Trd, 4319299.693, 128
Trd, 4319300.343, 104
Trd, 4319301.693, 136
Trd, 4319302.193, 109
Trd, 4319302.893, 106
Trd, 4319303.293, 78
Trd, 4319303.693, 125
Trd, 4319304.593, 114
Trd, 4319305.393, 138
Trd, 4319305.793, 115
Trd, 4319307.693, 112
Trd, 4319308.443, 101
Trd, 4319308.993, 89
Trd, 4319309.093, 80
Trd, 4319309.893, 83
Trd, 4319311.243, 129
Trd, 4319312.043, 114
Trd, 4319312.193, 103
Trd, 4319313.243, 122
Trd, 4319314.293, 102
Trd, 4319314.893, 118
Trd, 4319315.343, 137
Trd, 4319315.593, 124
Trd, 4319316.793, 138
Trd, 4319316.893, 88
Trd, 4319318.243, 118
Trd, 4319319.143, 83
Trd, 4319320.493, 117
Trd, 4319321.593, 60
Trd, 4319322.343, 124
Trd, 4319322.693, 127
Trd, 4319322.893, 124
Trd, 4319323.043, 99
Trd, 4319323.693, 125
Trd, 4319324.693, 95
Trd, 4319324.743, 77
Trd, 4319325.693, 110
Trd, 4319326.143, 109
Trd, 4319330.143, 108
Trd, 4319331.243, 113
Trd, 4319331.393, 98
Trd, 4319332.243, 139
Trd, 4319332.443, 106
Trd, 4319332.543, 108
Trd, 4319333.643, 100
Trd, 4319334.993, 116
Trd, 4319335.593, 92
Trd, 4319335.843, 112
Trd, 4319337.343, 122
Trd, 4319337.543, 117
Trd, 4319338.293, 121
Trd, 4319338.643, 104
Trd, 4319339.243, 80
Trd, 4319339.343, 114
Trd, 4319340.793, 75
Trd, 4319342.593, 115
Trd, 4319342.943, 101
Trd, 4319343.193, 87
Trd, 4319343.593, 90
Trd, 4319344.893, 130
Trd, 4319345.893, 122
Trd, 4319346.243, 132
Trd, 4319347.343, 133
Trd, 4319348.393, 135
Trd, 4319349.593, 95
Trd, 4319350.843, 104
Trd, 4319351.293, 96
Trd, 4319352.843, 109
Trd, 4319353.193, 84
Trd, 4319353.443, 68
Trd, 4319354.343, 112
Trd, 4319355.493, 88
Trd, 4319357.043, 71
Trd, 4319357.143, 70
Trd, 4319357.693, 84
Trd, 4319358.093, 98
Trd, 4319358.593, 121
Trd, 4319359.993, 98
Trd, 4319360.243, 85
Trd, 4319360.293, 84
Trd, 4319361.793, 94
Trd, 4319361.993, 115
Trd, 4319362.693, 120
Trd, 4319362.793, 108
Trd, 4319363.593, 64
Trd, 4319364.743, 124
Trd, 4319365.643, 109
Trd, 4319366.193, 111
Trd, 4319366.993, 98
Trd, 4319368.143, 87
Trd, 4319368.293, 95
Trd, 4319368.393, 80
Trd, 4319369.793, 107
Trd, 4319370.593, 114
Trd, 4319370.993, 84
Trd, 4319371.593, 74
Trd, 4319372.593, 106
Trd, 4319373.293, 71
Trd, 4319373.943, 76
Trd, 4319375.243, 106
Trd, 4319376.593, 89
Trd, 4319376.993, 81
Trd, 4319377.043, 96
Trd, 4319377.293, 74
Trd, 4319378.493, 112
Trd, 4319378.693, 84
Trd, 4319379.393, 115
Trd, 4319380.493, 99
Trd, 4319382.293, 139
Trd, 4319382.593, 110
Trd, 4319383.043, 94
Trd, 4319384.093, 109
Trd, 4319385.093, 109
Trd, 4319385.293, 96
Trd, 4319385.493, 87
Trd, 4319385.793, 116
Trd, 4319386.293, 120
Trd, 4319387.043, 106
Trd, 4319387.843, 115
Trd, 4319389.343, 84
Trd, 4319389.943, 80
Trd, 4319391.443, 106
Trd, 4319392.293, 79
Trd, 4319392.993, 90
Trd, 4319393.793, 77
Trd, 4319394.243, 131
Trd, 4319394.993, 101
Trd, 4319397.093, 126
Trd, 4319397.893, 99
Trd, 4319398.043, 89
Trd, 4319398.893, 95
Trd, 4319398.943, 110
Trd, 4319399.793, 87
Trd, 4319399.893, 100
Trd, 4319400.493, 73
Trd, 4319400.843, 114
Trd, 4319401.243, 81
Trd, 4319402.543, 100
Trd, 4319402.693, 66
Trd, 4319404.843, 61
Trd, 4319405.343, 67
Trd, 4319405.493, 124
Trd, 4319406.943, 105
Trd, 4319407.343, 103
Trd, 4319408.193, 131
Trd, 4319408.593, 110
Trd, 4319408.893, 107
Trd, 4319410.593, 96
Trd, 4319411.943, 107
Trd, 4319412.293, 113
Trd, 4319413.143, 124
Trd, 4319413.793, 122
Trd, 4319414.093, 133
Trd, 4319414.593, 116
Trd, 4319416.543, 132
Trd, 4319417.193, 103
Trd, 4319418.343, 83
Trd, 4319418.643, 94
Trd, 4319419.343, 135
Trd, 4319420.293, 118
Trd, 4319420.593, 118
Trd, 4319420.893, 92
Trd, 4319423.543, 126
Trd, 4319424.093, 124
Trd, 4319425.043, 136
Trd, 4319425.143, 120
Trd, 4319425.343, 119
Trd, 4319425.943, 116
Trd, 4319426.193, 90
Trd, 4319426.243, 90
Trd, 4319426.993, 137
Trd, 4319427.693, 88
Trd, 4319427.893, 118
Trd, 4319428.543, 134
Trd, 4319429.193, 103
Trd, 4319429.843, 106
Trd, 4319430.693, 101
Trd, 4319431.643, 101
Trd, 4319432.993, 130
Trd, 4319433.393, 100
Trd, 4319434.543, 124
Trd, 4319434.743, 133
Trd, 4319435.243, 116
Trd, 4319435.643, 122
Trd, 4319436.443, 110
Trd, 4319437.743, 104
Trd, 4319437.943, 66
Trd, 4319438.893, 105
Trd, 4319439.493, 82
Trd, 4319440.943, 80
Trd, 4319441.743, 85
Trd, 4319442.743, 64
Trd, 4319443.093, 112
Trd, 4319443.643, 81
Trd, 4319444.143, 101
Trd, 4319445.343, 140
Trd, 4319445.543, 135
Trd, 4319446.543, 109
Trd, 4319446.593, 87
Trd, 4319447.743, 139
Trd, 4319448.693, 76
Trd, 4319448.993, 138
Trd, 4319449.993, 129
Trd, 4319450.043, 113
Trd, 4319452.293, 134
Trd, 4319453.043, 82
Trd, 4319454.093, 109
Trd, 4319454.243, 102
Trd, 4319454.893, 97
Trd, 4319456.343, 126
Trd, 4319456.643, 125
Trd, 4319456.843, 119
Trd, 4319458.043, 93
Trd, 4319458.693, 97
Trd, 4319460.843, 84
Trd, 4319460.893, 98
Trd, 4319461.993, 65
Trd, 4319462.343, 126
Trd, 4319463.343, 105
Trd, 4319464.443, 105
Trd, 4319464.843, 82
Trd, 4319465.693, 105
Trd, 4319467.143, 85
Trd, 4319467.543, 107
Trd, 4319468.743, 134
Trd, 4319469.193, 118
Trd, 4319469.293, 121
Trd, 4319469.793, 100
Trd, 4319470.593, 78
Trd, 4319470.693, 76
Trd, 4319471.093, 86
Trd, 4319472.643, 92
Trd, 4319472.743, 110
Trd, 4319475.693, 109
Trd, 4319476.593, 76
Trd, 4319476.943, 83
Trd, 4319477.943, 130
Trd, 4319477.993, 112
Trd, 4319478.293, 107
Trd, 4319479.443, 92
Trd, 4319481.493, 136
Trd, 4319481.543, 93
Trd, 4319482.143, 117
Trd, 4319482.693, 82
Trd, 4319482.943, 63
Trd, 4319483.843, 115
Trd, 4319484.543, 139
Trd, 4319485.993, 127
Trd, 4319486.743, 118
Trd, 4319487.043, 77
Trd, 4319487.643, 116
Trd, 4319488.243, 117
Trd, 4319488.693, 95
Trd, 4319489.693, 112
Trd, 4319491.893, 138
Trd, 4319492.343, 106
Trd, 4319492.493, 130
Trd, 4319494.493, 128
Trd, 4319494.893, 93
Trd, 4319495.543, 138
Trd, 4319497.243, 61
Trd, 4319498.593, 65
Trd, 4319499.193, 65
Trd, 4319499.743, 62
Trd, 4319499.893, 64
Trd, 4319500.293, 80
Trd, 4319500.793, 71
Trd, 4319501.893, 128
Trd, 4319503.243, 96
Trd, 4319503.843, 98
Trd, 4319504.293, 103
Trd, 4319504.893, 75
Trd, 4319505.643, 131
Trd, 4319506.843, 100
Trd, 4319507.543, 138
Trd, 4319507.593, 87
Trd, 4319507.893, 79
Trd, 4319508.293, 131
Trd, 4319509.193, 138
Trd, 4319509.593, 112
Trd, 4319510.893, 98
Trd, 4319511.443, 133
Trd, 4319513.543, 120
Trd, 4319514.343, 119
Trd, 4319515.493, 119
Trd, 4319515.593, 118
Trd, 4319515.943, 109
Trd, 4319518.993, 128
Trd, 4319519.643, 119
Trd, 4319520.093, 131
Trd, 4319520.243, 107
Trd, 4319521.193, 104
Trd, 4319522.593, 99
Trd, 4319523.793, 108
Trd, 4319524.193, 120
Trd, 4319524.893, 110
Trd, 4319524.993, 101
Trd, 4319525.093, 93
Trd, 4319525.943, 96
Trd, 4319526.843, 84
Trd, 4319527.593, 86
Trd, 4319527.693, 111
Trd, 4319528.443, 111
Trd, 4319528.643, 83
Trd, 4319529.843, 91
Trd, 4319530.593, 93
Trd, 4319531.543, 111
Trd, 4319532.693, 100
Trd, 4319534.643, 99
Trd, 4319535.093, 110
Trd, 4319535.543, 101
Trd, 4319535.843, 121
Trd, 4319536.393, 94
Trd, 4319538.043, 131
Trd, 4319538.293, 128
Trd, 4319538.593, 124
Trd, 4319539.393, 114
Trd, 4319539.643, 132
Trd, 4319540.743, 116
Trd, 4319540.943, 113
Trd, 4319542.343, 123
Trd, 4319543.143, 86
Trd, 4319544.193, 135
Trd, 4319544.443, 122
Trd, 4319545.693, 100
Trd, 4319545.743, 111
Trd, 4319546.643, 92
Trd, 4319547.293, 137
Trd, 4319548.343, 101
Trd, 4319548.943, 122
Trd, 4319549.993, 115
Trd, 4319550.543, 102
Trd, 4319550.843, 74
Trd, 4319551.793, 78
Trd, 4319552.443, 72
Trd, 4319553.093, 115
Trd, 4319553.693, 126
Trd, 4319554.493, 70
Trd, 4319554.643, 71
Trd, 4319555.693, 124
Trd, 4319556.743, 64
Trd, 4319556.893, 83
Trd, 4319557.993, 117
Trd, 4319558.243, 117
Trd, 4319560.093, 99
Trd, 4319561.243, 93
Trd, 4319561.443, 88
Trd, 4319562.593, 99
Trd, 4319562.643, 99
Trd, 4319562.743, 103
Trd, 4319564.143, 136
Trd, 4319565.193, 119
Trd, 4319566.393, 134
Trd, 4319566.693, 135
Trd, 4319566.943, 117
Trd, 4319567.143, 121
Trd, 4319569.743, 120
Trd, 4319569.893, 113
Trd, 4319571.443, 75
Trd, 4319571.593, 73
Trd, 4319571.743, 114
Trd, 4319572.443, 99
Trd, 4319573.893, 132
Trd, 4319574.143, 123
Trd, 4319574.493, 126
Trd, 4319575.693, 115
Trd, 4319576.493, 105
Trd, 4319576.593, 74
Trd, 4319577.493, 105
Trd, 4319578.093, 98
Trd, 4319580.343, 136
Trd, 4319580.893, 121
Trd, 4319581.693, 118
Trd, 4319581.893, 75
Trd, 4319583.493, 105
Trd, 4319583.943, 110
Trd, 4319584.043, 114
Trd, 4319585.143, 111
Trd, 4319585.693, 99
Trd, 4319587.243, 63
Trd, 4319587.293, 71
Trd, 4319588.493, 83
Trd, 4319588.843, 100
Trd, 4319589.393, 63
Trd, 4319590.643, 63
Trd, 4319591.043, 74
Trd, 4319591.943, 116
Trd, 4319592.443, 88
Trd, 4319594.443, 129
Trd, 4319595.943, 102
Trd, 4319596.093, 99
Trd, 4319597.543, 97
Trd, 4319597.593, 126
Trd, 4319597.793, 99
Trd, 4319597.843, 90
Trd, 4319598.643, 130
Trd, 4319599.443, 120
Trd, 4319599.593, 109
Trd, 4319600.993, 132
Trd, 4319601.393, 137
Trd, 4319601.993, 131
Trd, 4319602.243, 117
Trd, 4319603.443, 60
Trd, 4319604.343, 135
Trd, 4319605.343, 123
Trd, 4319605.943, 117
Trd, 4319606.693, 137
Trd, 4319607.543, 123
Trd, 4319608.443, 117
Trd, 4319608.893, 124
Trd, 4319609.393, 73
Trd, 4319610.793, 60
Trd, 4319611.243, 69
Trd, 4319611.593, 76
Trd, 4319611.793, 113
Trd, 4319612.643, 84
Trd, 4319613.993, 84
Trd, 4319615.743, 105
Trd, 4319616.943, 90
Trd, 4319617.493, 97
Trd, 4319617.993, 107
Trd, 4319618.493, 75
Trd, 4319618.593, 78
Trd, 4319619.943, 121
Trd, 4319620.543, 86
Trd, 4319621.393, 100
Trd, 4319623.243, 116
Trd, 4319623.693, 103
Trd, 4319624.043, 100
Trd, 4319625.393, 101
Trd, 4319625.843, 123
Trd, 4319627.593, 114
Trd, 4319628.343, 132
Trd, 4319628.843, 113
Trd, 4319629.593, 91
Trd, 4319630.343, 86
Trd, 4319630.393, 102
Trd, 4319631.093, 96
Trd, 4319631.243, 109
Trd, 4319631.493, 98
Trd, 4319634.743, 118
Trd, 4319634.843, 109
Trd, 4319636.993, 118
Trd, 4319637.293, 118
Trd, 4319638.443, 115
Trd, 4319638.543, 113
Trd, 4319638.993, 110
Trd, 4319640.593, 92
Trd, 4319641.793, 130
Trd, 4319642.393, 90
Trd, 4319642.693, 105
Trd, 4319643.093, 79
Trd, 4319643.893, 124
Trd, 4319643.943, 122
Trd, 4319644.393, 135
Trd, 4319645.593, 124
Trd, 4319645.993, 110
Trd, 4319646.843, 106
Trd, 4319647.693, 132
Trd, 4319648.993, 137
Trd, 4319649.043, 100
Trd, 4319650.243, 101
Trd, 4319651.093, 88
Trd, 4319651.243, 116
Trd, 4319651.493, 131
Trd, 4319652.893, 109
Trd, 4319653.593, 132
Trd, 4319654.443, 127
Trd, 4319654.593, 100
Trd, 4319655.293, 96
Trd, 4319656.143, 131
Trd, 4319656.993, 113
Trd, 4319657.193, 125
Trd, 4319658.443, 101
Trd, 4319658.943, 124
Trd, 4319659.893, 130
Trd, 4319660.693, 96
Trd, 4319661.693, 111
Trd, 4319662.943, 60
Trd, 4319663.043, 93
Trd, 4319664.893, 93
Trd, 4319665.743, 127
Trd, 4319665.843, 95
Trd, 4319665.943, 119
Trd, 4319667.093, 122
Trd, 4319668.043, 96
Trd, 4319668.293, 102
Trd, 4319669.493, 126
Trd, 4319669.993, 99
Trd, 4319670.143, 94
Trd, 4319671.343, 123
Trd, 4319671.543, 119
Trd, 4319672.443, 112
Trd, 4319673.193, 125
Trd, 4319674.893, 112
Trd, 4319674.993, 108
Trd, 4319676.493, 134
Trd, 4319677.143, 125
Trd, 4319677.293, 109
Trd, 4319677.743, 92
Trd, 4319678.443, 91
Trd, 4319680.343, 92
Trd, 4319681.593, 118
Trd, 4319682.093, 136
Trd, 4319682.143, 100
Trd, 4319683.593, 135
Trd, 4319683.793, 121
Trd, 4319684.743, 90
Trd, 4319685.443, 120
Trd, 4319685.593, 129
Trd, 4319685.943, 110
Trd, 4319687.493, 106
Trd, 4319687.893, 124
Trd, 4319688.093, 99
Trd, 4319688.593, 121
Trd, 4319689.843, 68
Trd, 4319690.593, 127
Trd, 4319691.693, 129
Trd, 4319692.343, 128
Trd, 4319693.993, 83
Trd, 4319694.193, 78
Trd, 4319696.043, 108
Trd, 4319696.393, 100
Trd, 4319697.093, 96
Trd, 4319697.443, 93
Trd, 4319697.993, 77
Trd, 4319698.093, 99
Trd, 4319699.043, 101
Trd, 4319700.443, 79
Trd, 4319701.443, 88
Trd, 4319702.093, 97
Trd, 4319703.043, 101
Trd, 4319703.693, 109
Trd, 4319705.143, 120
Trd, 4319706.193, 118
Trd, 4319706.443, 115
Trd, 4319706.643, 114
Trd, 4319707.193, 121
Trd, 4319708.793, 108
Trd, 4319709.243, 114
Trd, 4319709.543, 107
Trd, 4319710.243, 108
Trd, 4319710.743, 118
Trd, 4319711.143, 109
Trd, 4319711.593, 111
Trd, 4319711.643, 92
Trd, 4319714.743, 119
Trd, 4319715.593, 110
Trd, 4319716.193, 116
Trd, 4319716.693, 137
Trd, 4319716.893, 109
Trd, 4319717.143, 112
Trd, 4319717.493, 106
Trd, 4319718.243, 126
Trd, 4319718.893, 86
Trd, 4319719.943, 128
Trd, 4319721.393, 110
Trd, 4319721.743, 119
Trd, 4319721.943, 89
Trd, 4319723.693, 115
Trd, 4319724.843, 104
Trd, 4319725.343, 134
Trd, 4319726.393, 113
Trd, 4319726.443, 111
Trd, 4319726.593, 108
Trd, 4319726.993, 105
Trd, 4319727.343, 89
Trd, 4319727.543, 98
Trd, 4319728.093, 85
Trd, 4319728.693, 105
Trd, 4319730.093, 122
Trd, 4319730.393, 129
Trd, 4319732.393, 111
Trd, 4319732.543, 113
Trd, 4319733.193, 90
Trd, 4319733.293, 86
Trd, 4319734.493, 74
Trd, 4319734.943, 117
Trd, 4319735.093, 67
Trd, 4319736.093, 129
Trd, 4319736.693, 69
Trd, 4319736.843, 91
Trd, 4319736.943, 93
Trd, 4319738.093, 92
Trd, 4319739.943, 100
Trd, 4319740.693, 68
Trd, 4319741.343, 107
Trd, 4319741.943, 101
Trd, 4319742.643, 110
Trd, 4319743.143, 119
Trd, 4319743.843, 96
Trd, 4319744.243, 75
Trd, 4319746.843, 115
Trd, 4319746.943, 106
Trd, 4319747.743, 106
Trd, 4319748.143, 110
Trd, 4319748.743, 111
Trd, 4319750.043, 112
Trd, 4319750.693, 99
Trd, 4319751.043, 140
Trd, 4319751.843, 111
Trd, 4319752.793, 91
Trd, 4319753.093, 99
Trd, 4319753.143, 107
Trd, 4319754.843, 95
Trd, 4319755.243, 86
Trd, 4319755.893, 69
Trd, 4319756.143, 74
Trd, 4319757.043, 86
Trd, 4319757.293, 94
Trd, 4319757.993, 98
Trd, 4319758.743, 134
Trd, 4319759.493, 116
Trd, 4319760.143, 93
Trd, 4319760.593, 138
Trd, 4319761.993, 140
Trd, 4319762.493, 102
Trd, 4319763.193, 81
Trd, 4319763.343, 78
Trd, 4319763.943, 132
Trd, 4319764.843, 120
Trd, 4319765.893, 107
Trd, 4319767.543, 103
Trd, 4319767.693, 139
Trd, 4319767.993, 102
Trd, 4319768.143, 98
Trd, 4319770.293, 107
Trd, 4319771.693, 97
Trd, 4319771.743, 100
Trd, 4319771.793, 110
Trd, 4319773.143, 62
Trd, 4319773.543, 69
Trd, 4319774.143, 128
Trd, 4319774.543, 133
Trd, 4319774.943, 90
Trd, 4319776.343, 75
Trd, 4319776.643, 64
Trd, 4319776.843, 88
Trd, 4319777.343, 100
Trd, 4319779.393, 111
Trd, 4319781.293, 85
Trd, 4319781.393, 99
Trd, 4319781.443, 77
Trd, 4319781.893, 105
Trd, 4319782.593, 133
Trd, 4319784.743, 118
Trd, 4319784.843, 127
Trd, 4319786.093, 102
Trd, 4319786.293, 100
Trd, 4319786.493, 120
Trd, 4319787.893, 100
Trd, 4319788.643, 118
Trd, 4319789.293, 69
Trd, 4319789.643, 90
Trd, 4319790.493, 133
Trd, 4319790.693, 106
Trd, 4319791.093, 120
Trd, 4319792.393, 109
Trd, 4319794.293, 91
Trd, 4319794.593, 82
Trd, 4319795.843, 120
Trd, 4319796.843, 123
Trd, 4319797.593, 126
Trd, 4319797.893, 133
Trd, 4319798.043, 101
Trd, 4319798.993, 126
Trd, 4319800.293, 96
Trd, 4319800.393, 108
Trd, 4319800.543, 86
Trd, 4319801.093, 104
Trd, 4319804.593, 115
Trd, 4319804.743, 103
Trd, 4319805.043, 105
Trd, 4319805.793, 94
Trd, 4319805.943, 100
Trd, 4319806.093, 91
Trd, 4319807.493, 94
Trd, 4319807.593, 76
Trd, 4319808.043, 114
Trd, 4319808.493, 109
Trd, 4319808.943, 122
Trd, 4319811.043, 119
Trd, 4319811.693, 90
Trd, 4319812.593, 91
Trd, 4319813.493, 137
Trd, 4319814.043, 118
Trd, 4319814.743, 127
Trd, 4319814.793, 113
Trd, 4319816.143, 119
Trd, 4319817.443, 106
Trd, 4319817.493, 99
Trd, 4319818.593, 124
Trd, 4319819.293, 113
Trd, 4319820.093, 137
Trd, 4319820.893, 139
Trd, 4319821.743, 140
Trd, 4319821.993, 117
Trd, 4319822.843, 68
Trd, 4319823.393, 79
Trd, 4319823.693, 75
Trd, 4319823.893, 122
Trd, 4319823.993, 122
Trd, 4319824.893, 85
Trd, 4319827.193, 123
Trd, 4319827.943, 121
Trd, 4319828.993, 112
Trd, 4319830.543, 108
Trd, 4319830.843, 82
Trd, 4319831.043, 79
Trd, 4319832.493, 133
Trd, 4319832.543, 123
Trd, 4319832.643, 116
Trd, 4319833.493, 94
Trd, 4319834.393, 133
Trd, 4319834.993, 134
Trd, 4319835.393, 91
Trd, 4319836.893, 106
Trd, 4319837.393, 78
Trd, 4319838.193, 123
Trd, 4319839.843, 105
Trd, 4319840.243, 98
Trd, 4319841.293, 131
Trd, 4319841.693, 107
Trd, 4319842.243, 91
Trd, 4319842.343, 115
Trd, 4319842.493, 85
Trd, 4319844.093, 110
Trd, 4319845.293, 104
Trd, 4319846.093, 73
Trd, 4319846.543, 104
Trd, 4319847.293, 104
Trd, 4319849.493, 97
Trd, 4319851.393, 96
Trd, 4319851.593, 132
Trd, 4319851.943, 104
Trd, 4319852.043, 102
Trd, 4319852.993, 98
Trd, 4319853.193, 137
Trd, 4319853.993, 122
Trd, 4319854.293, 81
Trd, 4319855.293, 117
Trd, 4319857.843, 138
Trd, 4319857.893, 112
Trd, 4319858.143, 107
Trd, 4319858.543, 129
Trd, 4319859.293, 132
Trd, 4319861.443, 90
Trd, 4319861.793, 110
Trd, 4319861.893, 130
Trd, 4319863.393, 82
Trd, 4319863.993, 93
Trd, 4319864.443, 83
Trd, 4319864.793, 73
Trd, 4319865.793, 99
Trd, 4319866.243, 68
Trd, 4319867.843, 83
Trd, 4319868.343, 70
Trd, 4319868.543, 69
Trd, 4319869.243, 102
Trd, 4319871.143, 102
Trd, 4319871.193, 96
Trd, 4319872.343, 124
Trd, 4319872.443, 107
Trd, 4319874.143, 139
Trd, 4319875.243, 80
Trd, 4319875.793, 112
Trd, 4319876.393, 97
Trd, 4319876.993, 112
Trd, 4319877.193, 102
Trd, 4319877.293, 132
Trd, 4319878.243, 117
Trd, 4319879.243, 76
Trd, 4319880.743, 70
Trd, 4319881.143, 70
Trd, 4319881.343, 124
Trd, 4319881.743, 112
Trd, 4319882.893, 87
Trd, 4319884.293, 96
Trd, 4319884.843, 136
Trd, 4319886.143, 137
Trd, 4319886.593, 132
Trd, 4319886.843, 114
Trd, 4319886.893, 110
Trd, 4319887.143, 105
Trd, 4319887.843, 73
Trd, 4319888.593, 128
Trd, 4319888.693, 102
Trd, 4319889.093, 101
Trd, 4319890.793, 135
Trd, 4319891.643, 131
Trd, 4319891.693, 129
Trd, 4319891.743, 110
Trd, 4319892.443, 90
Trd, 4319893.543, 107
Trd, 4319893.743, 103
Trd, 4319894.043, 63
Trd, 4319895.293, 80
Trd, 4319896.693, 109
Trd, 4319897.093, 107
Trd, 4319897.293, 109
Trd, 4319897.693, 100
Trd, 4319898.893, 95
Trd, 4319898.943, 121
Trd, 4319899.943, 117
Trd, 4319901.043, 78
Trd, 4319903.593, 131
Trd, 4319903.893, 123
Trd, 4319904.093, 123
Trd, 4319904.743, 128
Trd, 4319905.643, 119
Trd, 4319906.093, 97
Trd, 4319906.393, 100
Trd, 4319906.943, 132
Trd, 4319906.993, 94
Trd, 4319908.493, 103
Trd, 4319909.093, 117
Trd, 4319909.343, 109
Trd, 4319909.793, 95
Trd, 4319910.343, 88
Trd, 4319913.593, 112
Trd, 4319913.843, 91
Trd, 4319914.093, 128
Trd, 4319914.343, 126
Trd, 4319914.693, 83
Trd, 4319916.093, 66
Trd, 4319917.893, 84
Trd, 4319919.093, 121
Trd, 4319919.693, 112
Trd, 4319919.893, 115
Trd, 4319920.243, 109
Trd, 4319920.493, 112
Trd, 4319920.843, 99
Trd, 4319921.443, 121
Trd, 4319921.493, 100
Trd, 4319922.543, 104
Trd, 4319923.043, 103
Trd, 4319923.543, 96
Trd, 4319924.943, 102
Trd, 4319926.943, 129
Trd, 4319927.293, 98
Trd, 4319927.593, 119
Trd, 4319928.693, 138
Trd, 4319930.093, 89
Trd, 4319930.893, 135
Trd, 4319932.593, 90
Trd, 4319933.143, 125
Trd, 4319933.293, 90
Trd, 4319934.293, 97
Trd, 4319935.093, 82
Trd, 4319935.493, 96
Trd, 4319936.643, 102
Trd, 4319937.743, 94
Trd, 4319939.843, 138
Trd, 4319939.943, 99
Trd, 4319940.543, 106
Trd, 4319940.893, 113
Trd, 4319942.643, 137
Trd, 4319944.243, 111
Trd, 4319944.443, 94
Trd, 4319945.243, 122
Trd, 4319945.543, 107
Trd, 4319946.293, 81
Trd, 4319947.143, 84
Trd, 4319947.943, 126
Trd, 4319950.093, 135
Trd, 4319950.343, 123
Trd, 4319950.593, 116
Trd, 4319950.743, 111
Trd, 4319952.143, 114
Trd, 4319952.593, 96
Trd, 4319953.193, 100
Trd, 4319953.743, 114
Trd, 4319953.793, 91
Trd, 4319953.893, 122
Trd, 4319954.693, 101
Trd, 4319957.193, 97
Trd, 4319957.593, 95
Trd, 4319958.343, 97
Trd, 4319958.893, 95
Trd, 4319959.043, 127
Trd, 4319959.943, 109
Trd, 4319961.793, 116
Trd, 4319962.393, 125
Trd, 4319962.743, 125
Trd, 4319963.343, 118
Trd, 4319963.543, 114
Trd, 4319964.243, 123
Trd, 4319964.793, 106
Trd, 4319964.893, 80
Trd, 4319965.943, 98
Trd, 4319966.893, 90
Trd, 4319969.043, 116
Trd, 4319970.193, 106
Trd, 4319970.443, 106
Trd, 4319970.543, 116
Trd, 4319971.043, 140
Trd, 4319971.443, 90
Trd, 4319971.793, 80
Trd, 4319972.493, 89
Trd, 4319972.843, 87
Trd, 4319973.443, 110
Trd, 4319974.643, 118
Trd, 4319975.593, 86
Trd, 4319977.843, 102
Trd, 4319978.243, 126
Trd, 4319979.543, 87
Trd, 4319979.593, 87
Trd, 4319979.793, 79
Trd, 4319980.943, 112
Trd, 4319983.393, 105
Trd, 4319984.293, 100
Trd, 4319984.593, 122
Trd, 4319984.843, 93
Trd, 4319985.743, 138
Trd, 4319985.993, 108
Trd, 4319986.543, 70
Trd, 4319986.743, 130
Trd, 4319987.743, 96
Trd, 4319988.243, 122
Trd, 4319989.843, 131
Trd, 4319991.093, 118
Trd, 4319991.643, 99
Trd, 4319991.743, 79
Trd, 4319992.243, 123
Trd, 4319993.543, 117
Trd, 4319993.943, 135
Trd, 4319994.993, 110
Trd, 4319995.793, 86
Trd, 4319996.543, 104
Trd, 4319997.993, 100
Trd, 4319998.343, 116
Trd, 4319998.643, 125
