Trd, 4318144.293, 140
Trd, 4318144.343, 140
Trd, 4318144.843, 65
Trd, 4318145.143, 103
Trd, 4318145.543, 80
Trd, 4318147.193, 63
Trd, 4318147.793, 104
Trd, 4318148.243, 99
Trd, 4318148.593, 106
Trd, 4318149.393, 66
Trd, 4318150.143, 138
Trd, 4318150.243, 103
Trd, 4318150.593, 113
Trd, 4318152.993, 82
Trd, 4318153.293, 96
Trd, 4318154.043, 118
Trd, 4318154.143, 73
Trd, 4318155.393, 64
Trd, 4318155.643, 69
Trd, 4318155.943, 140
Trd, 4318156.293, 139
Trd, 4318156.693, 113
Trd, 4318157.793, 97
Trd, 4318158.393, 139
Trd, 4318158.843, 68
Trd, 4318159.943, 114
Trd, 4318161.693, 81
Trd, 4318162.493, 140
Trd, 4318162.543, 78
Trd, 4318163.293, 139
Trd, 4318163.743, 109
Trd, 4318164.643, 140
Trd, 4318164.743, 128
Trd, 4318164.893, 104
Trd, 4318165.943, 140
Trd, 4318167.093, 100
Trd, 4318167.693, 134
Trd, 4318168.093, 138
Trd, 4318168.443, 94
Trd, 4318168.643, 90
Trd, 4318169.893, 61
Trd, 4318170.143, 62
Trd, 4318170.593, 121
Trd, 4318170.643, 133
Trd, 4318171.193, 78
Trd, 4318172.293, 69
Trd, 4318172.893, 63
Trd, 4318174.893, 88
Trd, 4318175.343, 97
Trd, 4318176.043, 101
Trd, 4318176.293, 140
Trd, 4318176.593, 126
Trd, 4318176.993, 90
Trd, 4318177.143, 75
Trd, 4318178.093, 65
Trd, 4318179.193, 78
Trd, 4318179.943, 82
Trd, 4318181.393, 120
Trd, 4318182.043, 79
Trd, 4318182.943, 131
Trd, 4318183.743, 140
Trd, 4318184.693, 140
Trd, 4318185.493, 140
Trd, 4318186.193, 140
Trd, 4318186.293, 137
Trd, 4318186.543, 139
Trd, 4318187.693, 96
Trd, 4318187.993, 134
Trd, 4318189.143, 139
Trd, 4318190.493, 135
Trd, 4318190.543, 134
Trd, 4318191.393, 140
Trd, 4318191.543, 139
Trd, 4318191.693, 123
Trd, 4318192.093, 140
Trd, 4318192.743, 133
Trd, 4318193.243, 132
Trd, 4318193.643, 68
Trd, 4318195.343, 80
Trd, 4318195.743, 133
Trd, 4318197.293, 140
Trd, 4318198.093, 140
Trd, 4318198.843, 139
Trd, 4318199.043, 75
Trd, 4318200.243, 91
Trd, 4318201.393, 123
Trd, 4318201.843, 99
Trd, 4318202.143, 130
Trd, 4318202.593, 117
Trd, 4318203.043, 140
Trd, 4318204.143, 138
Trd, 4318204.693, 88
Trd, 4318205.593, 111
Trd, 4318206.543, 140
Trd, 4318206.843, 136
Trd, 4318207.293, 135
Trd, 4318207.793, 139
Trd, 4318207.893, 121
Trd, 4318210.393, 140
Trd, 4318210.543, 139
Trd, 4318210.793, 137
Trd, 4318211.543, 133
Trd, 4318211.593, 112
Trd, 4318211.893, 62
Trd, 4318213.593, 67
Trd, 4318215.143, 140
Trd, 4318215.193, 139
Trd, 4318215.443, 105
Trd, 4318216.343, 116
Trd, 4318216.443, 115
Trd, 4318217.093, 115
Trd, 4318219.093, 92
Trd, 4318219.293, 132
Trd, 4318219.643, 63
Trd, 4318220.593, 60
Trd, 4318220.893, 103
Trd, 4318221.543, 63
Trd, 4318222.393, 76
Trd, 4318224.143, 122
Trd, 4318224.193, 121
Trd, 4318225.093, 140
Trd, 4318225.243, 140
Trd, 4318225.843, 129
Trd, 4318227.143, 84
Trd, 4318227.543, 72
Trd, 4318227.893, 67
Trd, 4318229.093, 78
Trd, 4318229.193, 110
Trd, 4318229.893, 61
Trd, 4318231.393, 138
Trd, 4318231.993, 119
Trd, 4318232.293, 118
Trd, 4318232.893, 140
Trd, 4318233.743, 139
Trd, 4318234.043, 137
Trd, 4318234.243, 110
Trd, 4318235.843, 129
Trd, 4318236.693, 108
Trd, 4318237.543, 81
Trd, 4318238.593, 75
Trd, 4318238.643, 65
Trd, 4318238.743, 101
Trd, 4318241.093, 74
Trd, 4318241.393, 140
Trd, 4318241.693, 84
Trd, 4318242.043, 72
Trd, 4318242.543, 74
Trd, 4318243.643, 113
Trd, 4318244.393, 115
Trd, 4318244.943, 140
Trd, 4318244.993, 140
Trd, 4318245.043, 105
Trd, 4318246.743, 134
Trd, 4318247.593, 132
Trd, 4318248.243, 131
Trd, 4318248.293, 77
Trd, 4318249.343, 127
Trd, 4318250.393, 125
Trd, 4318251.293, 140
Trd, 4318251.793, 140
Trd, 4318251.943, 130
Trd, 4318252.593, 124
Trd, 4318253.393, 116
Trd, 4318253.893, 77
Trd, 4318254.193, 135
Trd, 4318254.943, 138
Trd, 4318255.943, 140
Trd, 4318256.643, 126
Trd, 4318256.693, 105
Trd, 4318256.743, 68
Trd, 4318257.893, 70
Trd, 4318259.993, 73
Trd, 4318260.743, 65
Trd, 4318261.343, 93
Trd, 4318261.743, 102
Trd, 4318262.043, 98
Trd, 4318262.143, 94
Trd, 4318262.293, 91
Trd, 4318262.593, 60
Trd, 4318264.893, 140
Trd, 4318265.343, 140
Trd, 4318265.493, 110
Trd, 4318265.643, 114
Trd, 4318265.943, 125
Trd, 4318266.043, 91
Trd, 4318267.093, 66
Trd, 4318269.443, 119
Trd, 4318270.193, 139
Trd, 4318270.293, 127
Trd, 4318270.843, 127
Trd, 4318271.343, 126
Trd, 4318271.643, 87
Trd, 4318271.893, 140
Trd, 4318273.243, 140
Trd, 4318274.293, 139
Trd, 4318274.593, 104
Trd, 4318274.893, 62
Trd, 4318275.343, 80
Trd, 4318275.593, 62
Trd, 4318276.893, 139
Trd, 4318277.293, 138
Trd, 4318277.643, 120
Trd, 4318278.243, 117
Trd, 4318278.493, 107
Trd, 4318278.943, 137
Trd, 4318280.643, 104
Trd, 4318281.393, 119
Trd, 4318282.043, 72
Trd, 4318282.793, 60
Trd, 4318283.193, 83
Trd, 4318284.193, 65
Trd, 4318285.793, 139
Trd, 4318285.993, 138
Trd, 4318286.143, 128
Trd, 4318286.793, 140
Trd, 4318287.543, 77
Trd, 4318287.593, 112
Trd, 4318288.343, 133
Trd, 4318289.793, 80
Trd, 4318289.843, 107
Trd, 4318290.543, 116
Trd, 4318291.493, 115
Trd, 4318293.243, 140
Trd, 4318293.693, 140
Trd, 4318294.593, 139
Trd, 4318295.193, 87
Trd, 4318296.143, 86
Trd, 4318296.593, 139
Trd, 4318297.293, 140
Trd, 4318297.543, 113
Trd, 4318297.693, 127
Trd, 4318298.443, 114
Trd, 4318299.393, 138
Trd, 4318299.643, 121
Trd, 4318300.593, 120
Trd, 4318300.693, 81
Trd, 4318301.643, 139
Trd, 4318303.343, 139
Trd, 4318303.393, 130
Trd, 4318303.643, 140
Trd, 4318303.693, 129
Trd, 4318305.743, 132
Trd, 4318306.143, 122
Trd, 4318307.943, 126
Trd, 4318308.143, 108
Trd, 4318308.343, 140
Trd, 4318308.743, 85
Trd, 4318309.593, 120
Trd, 4318309.993, 88
Trd, 4318310.743, 140
Trd, 4318311.843, 134
Trd, 4318312.143, 112
Trd, 4318312.943, 132
Trd, 4318313.043, 101
Trd, 4318315.093, 99
Trd, 4318315.193, 106
Trd, 4318316.543, 140
Trd, 4318317.093, 118
Trd, 4318317.293, 111
Trd, 4318317.593, 105
Trd, 4318317.943, 104
Trd, 4318318.643, 88
Trd, 4318319.243, 79
Trd, 4318319.443, 120
Trd, 4318320.493, 140
Trd, 4318320.743, 138
Trd, 4318321.593, 129
Trd, 4318321.843, 128
Trd, 4318323.093, 123
Trd, 4318324.793, 119
Trd, 4318325.393, 124
Trd, 4318325.543, 120
Trd, 4318325.743, 117
Trd, 4318325.843, 91
Trd, 4318326.443, 138
Trd, 4318327.143, 62
Trd, 4318328.743, 140
Trd, 4318329.693, 140
Trd, 4318330.193, 104
Trd, 4318330.543, 128
Trd, 4318330.893, 66
Trd, 4318332.843, 70
Trd, 4318333.793, 100
Trd, 4318334.693, 139
Trd, 4318335.493, 140
Trd, 4318336.193, 140
Trd, 4318336.593, 140
Trd, 4318336.843, 140
Trd, 4318337.193, 136
Trd, 4318338.193, 127
Trd, 4318338.643, 140
Trd, 4318339.243, 140
Trd, 4318339.643, 125
Trd, 4318339.893, 137
Trd, 4318343.193, 140
Trd, 4318343.893, 140
Trd, 4318344.143, 140
Trd, 4318344.443, 139
Trd, 4318346.243, 117
Trd, 4318346.693, 139
Trd, 4318347.343, 137
Trd, 4318347.443, 134
Trd, 4318347.643, 123
Trd, 4318348.243, 98
Trd, 4318349.943, 140
Trd, 4318350.143, 136
Trd, 4318350.543, 108
Trd, 4318351.343, 119
Trd, 4318351.593, 117
Trd, 4318352.693, 80
Trd, 4318352.843, 115
Trd, 4318353.343, 68
Trd, 4318354.593, 71
Trd, 4318354.993, 85
Trd, 4318355.593, 140
Trd, 4318356.043, 71
Trd, 4318356.743, 67
Trd, 4318356.943, 110
Trd, 4318357.593, 67
Trd, 4318358.693, 131
Trd, 4318359.793, 112
Trd, 4318360.293, 120
Trd, 4318360.843, 138
Trd, 4318361.543, 117
Trd, 4318362.893, 61
Trd, 4318362.943, 66
Trd, 4318363.543, 119
Trd, 4318364.193, 60
Trd, 4318364.843, 111
Trd, 4318366.693, 140
Trd, 4318366.843, 139
Trd, 4318367.893, 129
Trd, 4318368.543, 123
Trd, 4318368.843, 112
Trd, 4318369.143, 94
Trd, 4318370.143, 140
Trd, 4318371.493, 140
Trd, 4318371.843, 140
Trd, 4318372.693, 140
Trd, 4318373.043, 136
Trd, 4318374.343, 133
Trd, 4318374.743, 63
Trd, 4318375.443, 96
Trd, 4318375.843, 123
Trd, 4318376.493, 65
Trd, 4318377.643, 62
Trd, 4318377.743, 99
Trd, 4318378.243, 61
Trd, 4318380.093, 80
Trd, 4318380.543, 64
Trd, 4318380.843, 100
Trd, 4318381.493, 97
Trd, 4318381.993, 72
Trd, 4318383.593, 138
Trd, 4318384.193, 139
Trd, 4318384.693, 137
Trd, 4318385.293, 134
Trd, 4318386.443, 140
Trd, 4318386.543, 120
Trd, 4318387.693, 138
Trd, 4318388.743, 120
Trd, 4318389.193, 121
Trd, 4318389.493, 134
Trd, 4318390.243, 127
Trd, 4318391.643, 140
Trd, 4318392.093, 110
Trd, 4318393.043, 86
Trd, 4318393.893, 66
Trd, 4318394.143, 111
Trd, 4318394.243, 112
Trd, 4318395.993, 134
Trd, 4318396.293, 134
Trd, 4318396.743, 122
Trd, 4318397.443, 139
Trd, 4318398.743, 138
Trd, 4318399.343, 140
Trd, 4318399.893, 112
Trd, 4318400.143, 120
Trd, 4318401.243, 125
Trd, 4318401.943, 92
Trd, 4318402.693, 135
Trd, 4318404.143, 60
Trd, 4318404.243, 110
Trd, 4318404.543, 116
Trd, 4318404.893, 139
Trd, 4318405.143, 139
Trd, 4318405.393, 138
Trd, 4318407.443, 60
Trd, 4318407.993, 63
Trd, 4318409.343, 62
Trd, 4318409.743, 67
Trd, 4318409.943, 85
Trd, 4318410.493, 84
Trd, 4318410.593, 88
Trd, 4318411.293, 106
Trd, 4318412.493, 140
Trd, 4318413.343, 140
Trd, 4318413.393, 140
Trd, 4318413.593, 139
Trd, 4318415.143, 140
Trd, 4318415.293, 139
Trd, 4318415.343, 113
Trd, 4318415.893, 121
Trd, 4318416.743, 120
Trd, 4318417.943, 60
Trd, 4318418.393, 69
Trd, 4318419.343, 140
Trd, 4318419.893, 140
Trd, 4318420.893, 140
Trd, 4318421.243, 123
Trd, 4318421.593, 106
Trd, 4318422.193, 140
Trd, 4318422.343, 83
Trd, 4318423.243, 134
Trd, 4318423.743, 124
Trd, 4318425.693, 64
Trd, 4318426.293, 106
Trd, 4318426.643, 131
Trd, 4318426.993, 94
Trd, 4318427.393, 116
Trd, 4318428.093, 98
Trd, 4318428.743, 83
Trd, 4318430.143, 68
Trd, 4318431.493, 124
Trd, 4318432.043, 84
Trd, 4318432.843, 106
Trd, 4318433.393, 102
Trd, 4318433.443, 92
Trd, 4318433.793, 84
Trd, 4318434.293, 138
Trd, 4318435.243, 140
Trd, 4318435.443, 125
Trd, 4318436.443, 60
Trd, 4318437.843, 131
Trd, 4318438.193, 140
Trd, 4318438.393, 126
Trd, 4318438.843, 134
Trd, 4318439.243, 95
Trd, 4318440.043, 100
Trd, 4318440.093, 65
Trd, 4318440.543, 126
Trd, 4318441.043, 68
Trd, 4318441.493, 77
Trd, 4318442.793, 87
Trd, 4318443.043, 138
Trd, 4318443.343, 80
Trd, 4318444.643, 119
Trd, 4318445.093, 92
Trd, 4318445.993, 60
Trd, 4318446.393, 62
Trd, 4318447.443, 140
Trd, 4318447.743, 140
Trd, 4318448.893, 72
Trd, 4318449.543, 67
Trd, 4318450.443, 82
Trd, 4318452.593, 140
Trd, 4318452.643, 110
Trd, 4318453.543, 139
Trd, 4318453.943, 138
Trd, 4318454.743, 140
Trd, 4318454.893, 136
Trd, 4318455.243, 96
Trd, 4318457.193, 80
Trd, 4318457.243, 116
Trd, 4318457.793, 68
Trd, 4318457.943, 66
Trd, 4318459.143, 69
Trd, 4318459.843, 71
Trd, 4318461.643, 140
Trd, 4318461.693, 138
Trd, 4318462.743, 136
Trd, 4318462.993, 79
Trd, 4318463.993, 75
Trd, 4318464.743, 93
Trd, 4318465.143, 119
Trd, 4318466.143, 140
Trd, 4318466.593, 140
Trd, 4318467.693, 140
Trd, 4318468.293, 127
Trd, 4318468.643, 63
Trd, 4318469.393, 139
Trd, 4318470.993, 140
Trd, 4318471.443, 139
Trd, 4318471.543, 138
Trd, 4318472.643, 140
Trd, 4318474.643, 139
Trd, 4318474.893, 134
Trd, 4318475.593, 140
Trd, 4318476.143, 120
Trd, 4318476.193, 118
Trd, 4318476.343, 116
Trd, 4318476.493, 106
Trd, 4318478.093, 100
Trd, 4318478.443, 100
Trd, 4318479.393, 129
Trd, 4318479.593, 99
Trd, 4318480.493, 102
Trd, 4318480.593, 87
Trd, 4318481.493, 138
Trd, 4318481.993, 138
Trd, 4318482.143, 132
Trd, 4318483.243, 140
Trd, 4318483.593, 91
Trd, 4318484.493, 130
Trd, 4318484.543, 100
Trd, 4318486.693, 138
Trd, 4318487.593, 138
Trd, 4318487.943, 94
Trd, 4318488.543, 129
Trd, 4318489.393, 107
Trd, 4318489.593, 69
Trd, 4318490.993, 60
Trd, 4318492.243, 99
Trd, 4318492.693, 66
Trd, 4318493.543, 121
Trd, 4318494.643, 120
Trd, 4318495.343, 133
Trd, 4318496.443, 139
Trd, 4318496.593, 137
Trd, 4318497.043, 134
Trd, 4318497.293, 80
Trd, 4318497.993, 85
Trd, 4318498.143, 82
Trd, 4318498.393, 81
Trd, 4318498.543, 95
Trd, 4318499.843, 69
Trd, 4318500.743, 140
Trd, 4318501.043, 140
Trd, 4318501.793, 140
Trd, 4318502.943, 136
Trd, 4318503.143, 70
Trd, 4318504.143, 64
Trd, 4318504.493, 75
Trd, 4318505.093, 131
Trd, 4318505.293, 115
Trd, 4318507.093, 109
Trd, 4318508.793, 61
Trd, 4318509.443, 68
Trd, 4318510.143, 61
Trd, 4318511.043, 114
Trd, 4318511.343, 63
Trd, 4318511.693, 68
Trd, 4318511.993, 62
Trd, 4318512.593, 107
Trd, 4318513.143, 62
Trd, 4318513.643, 124
Trd, 4318514.643, 68
Trd, 4318515.243, 62
Trd, 4318515.793, 81
Trd, 4318515.843, 115
Trd, 4318516.843, 82
Trd, 4318517.493, 114
Trd, 4318519.743, 140
Trd, 4318520.993, 140
Trd, 4318521.193, 140
Trd, 4318521.443, 140
Trd, 4318522.843, 140
Trd, 4318523.693, 140
Trd, 4318524.093, 129
Trd, 4318524.143, 125
Trd, 4318525.393, 114
Trd, 4318527.593, 140
Trd, 4318528.143, 140
Trd, 4318528.243, 136
Trd, 4318528.343, 126
Trd, 4318528.393, 92
Trd, 4318529.593, 140
Trd, 4318530.043, 92
Trd, 4318531.143, 89
Trd, 4318531.493, 64
Trd, 4318531.793, 64
Trd, 4318532.243, 88
Trd, 4318534.743, 101
Trd, 4318534.843, 125
Trd, 4318536.243, 139
Trd, 4318536.443, 117
Trd, 4318536.543, 79
Trd, 4318536.693, 76
Trd, 4318537.443, 140
Trd, 4318538.443, 101
Trd, 4318538.593, 113
Trd, 4318539.443, 135
Trd, 4318539.893, 65
Trd, 4318540.643, 65
Trd, 4318541.293, 130
Trd, 4318542.143, 109
Trd, 4318543.343, 140
Trd, 4318543.643, 122
Trd, 4318544.493, 140
Trd, 4318544.943, 112
Trd, 4318545.893, 128
Trd, 4318546.343, 125
Trd, 4318546.443, 111
Trd, 4318547.043, 90
Trd, 4318547.693, 61
Trd, 4318548.793, 68
Trd, 4318549.043, 75
Trd, 4318550.593, 87
Trd, 4318551.343, 137
Trd, 4318551.743, 129
Trd, 4318551.893, 92
Trd, 4318552.043, 81
Trd, 4318552.243, 63
Trd, 4318554.993, 140
Trd, 4318555.043, 140
Trd, 4318555.393, 140
Trd, 4318555.793, 140
Trd, 4318556.293, 139
Trd, 4318557.743, 140
Trd, 4318557.893, 139
Trd, 4318558.493, 121
Trd, 4318559.093, 121
Trd, 4318559.343, 138
Trd, 4318559.693, 127
Trd, 4318560.643, 138
Trd, 4318561.393, 140
Trd, 4318562.043, 134
Trd, 4318562.343, 132
Trd, 4318563.243, 124
Trd, 4318563.993, 114
Trd, 4318564.243, 112
Trd, 4318564.893, 84
Trd, 4318565.593, 78
Trd, 4318566.093, 140
Trd, 4318566.993, 79
Trd, 4318568.243, 77
Trd, 4318569.343, 139
Trd, 4318569.443, 138
Trd, 4318569.793, 99
Trd, 4318570.043, 140
Trd, 4318570.393, 67
Trd, 4318571.293, 84
Trd, 4318572.993, 137
Trd, 4318573.193, 94
Trd, 4318574.093, 140
Trd, 4318574.143, 140
Trd, 4318575.493, 110
Trd, 4318576.093, 60
Trd, 4318576.293, 68
Trd, 4318576.443, 94
Trd, 4318576.643, 84
Trd, 4318577.543, 60
Trd, 4318578.693, 75
Trd, 4318579.443, 91
Trd, 4318580.493, 118
Trd, 4318580.893, 94
Trd, 4318581.343, 92
Trd, 4318581.993, 133
Trd, 4318583.043, 129
Trd, 4318583.593, 62
Trd, 4318585.393, 124
Trd, 4318585.743, 132
Trd, 4318586.943, 128
Trd, 4318587.193, 123
Trd, 4318587.843, 115
Trd, 4318588.843, 82
Trd, 4318589.143, 96
Trd, 4318590.093, 140
Trd, 4318590.593, 124
Trd, 4318590.743, 75
Trd, 4318592.193, 63
Trd, 4318593.143, 108
Trd, 4318594.143, 136
Trd, 4318594.543, 113
Trd, 4318595.543, 82
Trd, 4318596.043, 79
Trd, 4318596.343, 70
Trd, 4318597.193, 63
Trd, 4318597.343, 76
Trd, 4318597.543, 114
Trd, 4318598.043, 139
Trd, 4318600.043, 140
Trd, 4318600.643, 140
Trd, 4318601.843, 120
Trd, 4318602.243, 118
Trd, 4318602.293, 114
Trd, 4318602.343, 104
Trd, 4318603.443, 125
Trd, 4318603.543, 108
Trd, 4318603.643, 91
Trd, 4318604.943, 140
Trd, 4318605.443, 139
Trd, 4318606.043, 85
Trd, 4318607.343, 138
Trd, 4318608.443, 118
Trd, 4318608.793, 94
Trd, 4318609.643, 139
Trd, 4318610.393, 140
Trd, 4318610.593, 140
Trd, 4318610.993, 138
Trd, 4318611.543, 107
Trd, 4318612.793, 125
Trd, 4318613.593, 128
Trd, 4318613.693, 127
Trd, 4318614.093, 125
Trd, 4318614.143, 136
Trd, 4318614.443, 87
Trd, 4318616.243, 60
Trd, 4318616.993, 139
Trd, 4318618.693, 62
Trd, 4318619.293, 108
Trd, 4318619.843, 80
Trd, 4318620.243, 85
Trd, 4318620.643, 140
Trd, 4318621.093, 81
Trd, 4318621.493, 70
Trd, 4318621.993, 103
Trd, 4318622.293, 73
Trd, 4318623.243, 140
Trd, 4318623.643, 130
Trd, 4318623.993, 121
Trd, 4318625.293, 61
Trd, 4318625.493, 133
Trd, 4318625.943, 139
Trd, 4318627.443, 69
Trd, 4318627.593, 99
Trd, 4318628.943, 96
Trd, 4318629.143, 67
Trd, 4318629.493, 122
Trd, 4318629.843, 97
Trd, 4318630.143, 76
Trd, 4318631.293, 73
Trd, 4318632.193, 98
Trd, 4318632.343, 73
Trd, 4318633.443, 72
Trd, 4318634.343, 130
Trd, 4318634.543, 107
Trd, 4318634.593, 106
Trd, 4318634.793, 105
Trd, 4318635.543, 137
Trd, 4318637.143, 76
Trd, 4318637.243, 82
Trd, 4318637.743, 65
Trd, 4318639.893, 87
Trd, 4318639.943, 86
Trd, 4318640.193, 110
Trd, 4318641.543, 115
Trd, 4318642.143, 73
Trd, 4318642.693, 109
Trd, 4318643.143, 60
Trd, 4318644.393, 139
Trd, 4318644.493, 132
Trd, 4318646.943, 60
Trd, 4318647.043, 62
Trd, 4318647.443, 140
Trd, 4318647.993, 140
Trd, 4318648.293, 138
Trd, 4318649.793, 115
Trd, 4318649.843, 123
Trd, 4318652.093, 138
Trd, 4318652.493, 140
Trd, 4318653.243, 140
Trd, 4318653.293, 134
Trd, 4318654.093, 128
Trd, 4318654.593, 90
Trd, 4318655.543, 137
Trd, 4318656.093, 136
Trd, 4318657.543, 135
Trd, 4318657.643, 131
Trd, 4318658.443, 91
Trd, 4318658.893, 67
Trd, 4318659.693, 99
Trd, 4318660.693, 138
Trd, 4318660.743, 137
Trd, 4318661.543, 132
Trd, 4318661.693, 117
Trd, 4318663.593, 140
Trd, 4318663.643, 138
Trd, 4318663.993, 138
Trd, 4318665.143, 77
Trd, 4318666.643, 124
Trd, 4318667.193, 140
Trd, 4318667.293, 112
Trd, 4318667.393, 109
Trd, 4318668.543, 128
Trd, 4318669.343, 87
Trd, 4318669.693, 127
Trd, 4318670.493, 126
Trd, 4318671.793, 105
Trd, 4318672.893, 140
Trd, 4318672.993, 140
Trd, 4318673.193, 95
Trd, 4318674.543, 139
Trd, 4318675.393, 95
Trd, 4318676.443, 140
Trd, 4318676.943, 140
Trd, 4318677.743, 139
Trd, 4318678.343, 99
Trd, 4318678.443, 90
Trd, 4318679.643, 140
Trd, 4318680.343, 140
Trd, 4318680.893, 125
Trd, 4318682.543, 137
Trd, 4318684.043, 140
Trd, 4318684.693, 137
Trd, 4318684.943, 131
Trd, 4318685.043, 126
Trd, 4318685.493, 119
Trd, 4318686.843, 126
Trd, 4318687.393, 112
Trd, 4318687.693, 125
Trd, 4318688.193, 140
Trd, 4318688.593, 96
Trd, 4318689.743, 130
Trd, 4318691.043, 137
Trd, 4318692.293, 138
Trd, 4318692.593, 137
Trd, 4318692.993, 110
Trd, 4318693.393, 109
Trd, 4318693.593, 99
Trd, 4318694.443, 138
Trd, 4318695.793, 140
Trd, 4318696.843, 93
Trd, 4318697.443, 93
Trd, 4318698.343, 136
Trd, 4318699.043, 89
Trd, 4318700.543, 139
Trd, 4318701.643, 140
Trd, 4318702.093, 140
Trd, 4318702.993, 129
Trd, 4318704.143, 79
Trd, 4318705.043, 120
Trd, 4318705.843, 140
Trd, 4318707.343, 140
Trd, 4318707.993, 140
Trd, 4318708.893, 140
Trd, 4318709.243, 106
Trd, 4318709.293, 99
Trd, 4318709.343, 97
Trd, 4318709.693, 63
Trd, 4318709.893, 102
Trd, 4318711.743, 138
Trd, 4318712.543, 97
Trd, 4318712.593, 94
Trd, 4318714.193, 114
Trd, 4318714.393, 119
Trd, 4318715.293, 139
Trd, 4318715.993, 124
Trd, 4318717.793, 140
Trd, 4318718.193, 140
Trd, 4318719.443, 138
Trd, 4318720.743, 133
Trd, 4318721.593, 135
Trd, 4318722.043, 139
Trd, 4318722.643, 133
Trd, 4318722.843, 114
Trd, 4318722.993, 105
Trd, 4318723.593, 139
Trd, 4318724.343, 136
Trd, 4318724.443, 135
Trd, 4318725.243, 124
Trd, 4318725.443, 131
Trd, 4318725.993, 89
Trd, 4318726.143, 74
Trd, 4318726.543, 90
Trd, 4318728.643, 137
Trd, 4318728.893, 81
Trd, 4318729.793, 119
Trd, 4318730.293, 120
Trd, 4318730.493, 126
Trd, 4318732.143, 91
Trd, 4318732.443, 91
Trd, 4318732.843, 102
Trd, 4318734.093, 135
Trd, 4318734.143, 84
Trd, 4318734.493, 140
Trd, 4318736.943, 139
Trd, 4318737.743, 140
Trd, 4318737.993, 136
Trd, 4318738.643, 126
Trd, 4318738.843, 98
Trd, 4318739.443, 126
Trd, 4318740.393, 140
Trd, 4318740.593, 139
Trd, 4318741.893, 84
Trd, 4318742.043, 88
Trd, 4318742.893, 124
Trd, 4318743.343, 83
Trd, 4318744.093, 139
Trd, 4318745.343, 89
Trd, 4318746.193, 140
Trd, 4318746.693, 76
Trd, 4318747.043, 90
Trd, 4318747.643, 130
Trd, 4318748.643, 126
Trd, 4318750.143, 140
Trd, 4318750.943, 140
Trd, 4318751.693, 140
Trd, 4318752.043, 140
Trd, 4318753.643, 140
Trd, 4318753.993, 140
Trd, 4318754.543, 140
Trd, 4318755.193, 140
Trd, 4318755.343, 135
Trd, 4318755.693, 115
Trd, 4318756.043, 140
Trd, 4318756.943, 137
Trd, 4318757.043, 85
Trd, 4318757.143, 78
Trd, 4318757.593, 110
Trd, 4318758.543, 89
Trd, 4318760.143, 74
Trd, 4318760.843, 61
Trd, 4318761.143, 131
Trd, 4318762.193, 82
Trd, 4318762.943, 82
Trd, 4318763.093, 99
Trd, 4318763.193, 121
Trd, 4318763.943, 89
Trd, 4318764.643, 128
Trd, 4318765.093, 60
Trd, 4318765.593, 71
Trd, 4318766.493, 140
Trd, 4318767.093, 117
Trd, 4318767.793, 116
Trd, 4318767.993, 115
Trd, 4318768.593, 139
Trd, 4318768.843, 138
Trd, 4318769.443, 121
Trd, 4318770.343, 82
Trd, 4318770.693, 75
Trd, 4318773.493, 140
Trd, 4318774.443, 135
Trd, 4318775.193, 134
Trd, 4318775.293, 99
Trd, 4318775.993, 140
Trd, 4318776.193, 140
Trd, 4318777.443, 135
Trd, 4318777.993, 135
Trd, 4318778.143, 91
Trd, 4318778.543, 87
Trd, 4318779.243, 65
Trd, 4318779.893, 127
Trd, 4318780.743, 96
Trd, 4318781.243, 135
Trd, 4318782.143, 77
Trd, 4318783.043, 78
Trd, 4318783.093, 102
Trd, 4318783.293, 76
Trd, 4318784.993, 83
Trd, 4318785.243, 62
Trd, 4318785.343, 76
Trd, 4318785.543, 76
Trd, 4318786.843, 138
Trd, 4318787.043, 137
Trd, 4318788.343, 124
Trd, 4318789.143, 139
Trd, 4318789.493, 74
Trd, 4318789.593, 68
Trd, 4318791.293, 68
Trd, 4318791.393, 70
Trd, 4318791.693, 109
Trd, 4318794.343, 140
Trd, 4318795.343, 126
Trd, 4318795.793, 140
Trd, 4318795.993, 125
Trd, 4318796.143, 103
Trd, 4318797.793, 140
Trd, 4318798.343, 121
Trd, 4318799.043, 94
Trd, 4318799.743, 66
Trd, 4318800.843, 118
Trd, 4318801.643, 110
Trd, 4318802.093, 115
Trd, 4318803.593, 140
Trd, 4318804.243, 140
Trd, 4318804.343, 113
Trd, 4318804.543, 120
Trd, 4318805.193, 119
Trd, 4318806.193, 139
Trd, 4318806.493, 138
Trd, 4318807.693, 105
Trd, 4318808.843, 117
Trd, 4318809.043, 81
Trd, 4318809.243, 136
Trd, 4318809.493, 74
Trd, 4318809.693, 72
Trd, 4318810.143, 62
Trd, 4318812.043, 140
Trd, 4318813.393, 80
Trd, 4318813.843, 75
Trd, 4318814.943, 137
Trd, 4318814.993, 136
Trd, 4318816.443, 110
Trd, 4318817.593, 101
Trd, 4318818.443, 66
Trd, 4318818.643, 130
Trd, 4318819.143, 134
Trd, 4318819.193, 62
Trd, 4318819.593, 113
Trd, 4318820.543, 69
Trd, 4318822.193, 61
Trd, 4318823.343, 136
Trd, 4318823.993, 104
Trd, 4318824.443, 69
Trd, 4318825.493, 71
Trd, 4318826.943, 72
Trd, 4318827.243, 103
Trd, 4318828.243, 136
Trd, 4318828.793, 88
Trd, 4318829.143, 115
Trd, 4318829.243, 135
Trd, 4318829.693, 85
Trd, 4318831.193, 140
Trd, 4318832.293, 133
Trd, 4318833.193, 138
Trd, 4318833.343, 123
Trd, 4318835.393, 139
Trd, 4318835.643, 138
Trd, 4318835.843, 121
Trd, 4318836.343, 139
Trd, 4318837.193, 69
Trd, 4318838.793, 129
Trd, 4318839.493, 89
Trd, 4318839.643, 91
Trd, 4318840.143, 138
Trd, 4318840.843, 88
Trd, 4318843.143, 140
Trd, 4318843.343, 130
Trd, 4318843.543, 130
Trd, 4318843.843, 85
Trd, 4318845.043, 140
Trd, 4318845.193, 139
Trd, 4318846.593, 140
Trd, 4318846.843, 140
Trd, 4318847.893, 139
Trd, 4318848.143, 95
Trd, 4318848.493, 140
Trd, 4318849.093, 139
Trd, 4318849.293, 73
Trd, 4318850.193, 118
Trd, 4318850.593, 127
Trd, 4318852.893, 140
Trd, 4318852.943, 140
Trd, 4318853.043, 131
Trd, 4318853.893, 67
Trd, 4318855.743, 140
Trd, 4318856.193, 139
Trd, 4318858.293, 106
Trd, 4318858.343, 102
Trd, 4318858.493, 104
Trd, 4318858.843, 99
Trd, 4318859.343, 81
Trd, 4318861.293, 67
Trd, 4318861.443, 66
Trd, 4318862.743, 140
Trd, 4318863.293, 140
Trd, 4318863.343, 140
Trd, 4318864.543, 131
Trd, 4318865.193, 122
Trd, 4318865.543, 122
Trd, 4318865.743, 83
Trd, 4318866.493, 139
Trd, 4318866.793, 82
Trd, 4318867.593, 139
Trd, 4318867.693, 107
Trd, 4318869.193, 130
Trd, 4318870.093, 140
Trd, 4318871.193, 137
Trd, 4318871.843, 120
Trd, 4318871.943, 93
Trd, 4318872.293, 88
Trd, 4318873.193, 75
Trd, 4318873.543, 121
Trd, 4318875.243, 88
Trd, 4318875.793, 96
Trd, 4318876.093, 108
Trd, 4318876.343, 93
Trd, 4318876.743, 80
Trd, 4318878.093, 138
Trd, 4318878.543, 113
Trd, 4318879.893, 75
Trd, 4318881.043, 140
Trd, 4318881.993, 95
Trd, 4318882.143, 121
Trd, 4318882.643, 79
Trd, 4318883.293, 102
Trd, 4318885.443, 136
Trd, 4318885.693, 140
Trd, 4318885.793, 110
Trd, 4318886.543, 140
Trd, 4318886.593, 139
Trd, 4318887.043, 132
Trd, 4318887.943, 108
Trd, 4318888.093, 94
Trd, 4318888.293, 93
Trd, 4318889.693, 101
Trd, 4318890.543, 99
Trd, 4318890.743, 90
Trd, 4318891.043, 61
Trd, 4318891.593, 65
Trd, 4318891.943, 64
Trd, 4318893.543, 113
Trd, 4318895.943, 134
Trd, 4318896.393, 129
Trd, 4318897.693, 110
Trd, 4318898.193, 131
Trd, 4318898.693, 140
Trd, 4318898.843, 137
Trd, 4318899.893, 140
Trd, 4318900.093, 123
Trd, 4318900.993, 136
Trd, 4318901.443, 105
Trd, 4318902.693, 64
Trd, 4318903.593, 71
Trd, 4318905.143, 65
Trd, 4318905.643, 93
Trd, 4318905.793, 106
Trd, 4318905.943, 77
Trd, 4318906.593, 76
Trd, 4318907.093, 122
Trd, 4318908.193, 73
Trd, 4318908.643, 84
Trd, 4318909.193, 133
Trd, 4318909.243, 127
Trd, 4318909.643, 89
Trd, 4318911.093, 139
Trd, 4318911.643, 140
Trd, 4318911.993, 140
Trd, 4318912.543, 140
Trd, 4318913.143, 81
Trd, 4318913.493, 70
Trd, 4318914.293, 135
Trd, 4318914.843, 139
Trd, 4318915.193, 88
Trd, 4318916.443, 140
Trd, 4318916.743, 138
Trd, 4318917.093, 138
Trd, 4318917.693, 135
Trd, 4318918.493, 140
Trd, 4318919.393, 118
Trd, 4318920.343, 140
Trd, 4318921.893, 139
Trd, 4318922.493, 139
Trd, 4318922.743, 111
Trd, 4318923.543, 110
Trd, 4318924.243, 140
Trd, 4318924.393, 102
Trd, 4318925.543, 139
Trd, 4318926.393, 117
Trd, 4318928.693, 140
Trd, 4318928.743, 139
Trd, 4318928.843, 136
Trd, 4318930.043, 138
Trd, 4318930.343, 132
Trd, 4318931.893, 139
Trd, 4318932.243, 137
Trd, 4318932.893, 140
Trd, 4318933.143, 140
Trd, 4318934.293, 128
Trd, 4318934.743, 78
Trd, 4318934.893, 70
Trd, 4318935.343, 137
Trd, 4318935.743, 119
Trd, 4318936.243, 137
Trd, 4318937.443, 140
Trd, 4318938.043, 138
Trd, 4318939.793, 137
Trd, 4318940.243, 140
Trd, 4318940.293, 140
Trd, 4318942.443, 128
Trd, 4318942.793, 120
Trd, 4318943.043, 108
Trd, 4318943.443, 88
Trd, 4318943.943, 80
Trd, 4318944.693, 106
Trd, 4318944.943, 79
Trd, 4318945.343, 85
Trd, 4318945.793, 72
Trd, 4318947.893, 64
Trd, 4318949.193, 61
Trd, 4318949.643, 64
Trd, 4318950.943, 64
Trd, 4318951.243, 76
Trd, 4318951.593, 77
Trd, 4318952.093, 70
Trd, 4318952.743, 63
Trd, 4318954.543, 86
Trd, 4318955.543, 114
Trd, 4318955.793, 102
Trd, 4318956.243, 66
Trd, 4318956.593, 97
Trd, 4318957.543, 140
Trd, 4318958.043, 139
Trd, 4318959.143, 140
Trd, 4318959.443, 136
Trd, 4318960.543, 140
Trd, 4318961.293, 140
Trd, 4318961.343, 135
Trd, 4318961.443, 121
Trd, 4318961.743, 98
Trd, 4318961.893, 69
Trd, 4318962.343, 139
Trd, 4318962.743, 139
Trd, 4318963.593, 90
Trd, 4318964.493, 69
Trd, 4318965.793, 67
Trd, 4318967.893, 64
Trd, 4318968.443, 66
Trd, 4318968.893, 66
Trd, 4318969.393, 105
Trd, 4318970.443, 117
Trd, 4318970.593, 91
Trd, 4318971.643, 65
Trd, 4318971.943, 93
Trd, 4318972.243, 107
Trd, 4318972.893, 64
Trd, 4318973.043, 64
Trd, 4318973.893, 132
Trd, 4318974.243, 77
Trd, 4318975.293, 92
Trd, 4318975.743, 62
Trd, 4318976.893, 140
Trd, 4318977.243, 139
Trd, 4318978.593, 106
Trd, 4318978.643, 104
Trd, 4318979.393, 135
Trd, 4318980.043, 132
Trd, 4318980.093, 126
Trd, 4318980.693, 60
Trd, 4318981.393, 63
Trd, 4318981.993, 127
Trd, 4318982.543, 91
Trd, 4318983.193, 95
Trd, 4318983.943, 69
Trd, 4318984.593, 98
Trd, 4318984.893, 85
Trd, 4318984.943, 126
Trd, 4318986.043, 102
Trd, 4318986.093, 98
Trd, 4318987.643, 140
Trd, 4318987.793, 82
Trd, 4318988.543, 127
Trd, 4318989.493, 138
Trd, 4318989.793, 134
Trd, 4318989.993, 111
Trd, 4318990.693, 78
Trd, 4318991.243, 132
Trd, 4318991.543, 76
Trd, 4318993.543, 140
Trd, 4318993.843, 140
Trd, 4318994.393, 140
Trd, 4318994.893, 97
Trd, 4318997.193, 140
Trd, 4318997.293, 136
Trd, 4318997.743, 140
Trd, 4318998.343, 140
Trd, 4318998.843, 139
Trd, 4318998.893, 129
Trd, 4319001.343, 117
Trd, 4319001.693, 137
Trd, 4319001.893, 125
Trd, 4319002.443, 124
Trd, 4319002.543, 109
Trd, 4319003.593, 128
Trd, 4319003.893, 131
Trd, 4319006.093, 140
Trd, 4319006.143, 140
Trd, 4319006.643, 126
Trd, 4319007.243, 122
Trd, 4319007.493, 78
Trd, 4319009.093, 60
Trd, 4319009.743, 140
Trd, 4319009.843, 140
Trd, 4319009.993, 137
Trd, 4319010.943, 130
Trd, 4319011.443, 140
Trd, 4319011.543, 70
Trd, 4319012.143, 128
Trd, 4319013.093, 139
Trd, 4319013.243, 138
Trd, 4319015.493, 140
Trd, 4319015.593, 139
Trd, 4319015.893, 139
Trd, 4319016.143, 107
Trd, 4319016.543, 97
Trd, 4319018.443, 133
Trd, 4319019.643, 140
Trd, 4319020.393, 132
Trd, 4319020.493, 131
Trd, 4319020.743, 100
Trd, 4319021.493, 67
Trd, 4319022.893, 124
Trd, 4319023.193, 126
Trd, 4319023.943, 135
Trd, 4319025.093, 82
Trd, 4319025.543, 126
Trd, 4319025.993, 140
Trd, 4319026.443, 140
Trd, 4319026.693, 112
Trd, 4319027.593, 140
Trd, 4319027.643, 139
Trd, 4319029.043, 70
Trd, 4319029.393, 80
Trd, 4319029.493, 63
Trd, 4319030.893, 140
Trd, 4319031.543, 89
Trd, 4319032.743, 140
Trd, 4319034.043, 138
Trd, 4319034.243, 138
Trd, 4319034.393, 136
Trd, 4319035.093, 61
Trd, 4319035.693, 74
Trd, 4319036.443, 73
Trd, 4319037.543, 113
Trd, 4319038.243, 140
Trd, 4319039.393, 140
Trd, 4319040.193, 139
Trd, 4319040.243, 133
Trd, 4319041.043, 140
Trd, 4319041.993, 83
Trd, 4319042.093, 127
Trd, 4319043.493, 68
Trd, 4319044.143, 115
Trd, 4319045.193, 127
Trd, 4319045.243, 87
Trd, 4319046.143, 83
Trd, 4319047.293, 84
Trd, 4319047.743, 121
Trd, 4319047.943, 120
Trd, 4319048.043, 91
Trd, 4319048.743, 133
Trd, 4319049.443, 140
Trd, 4319050.593, 140
Trd, 4319050.643, 139
Trd, 4319053.143, 140
Trd, 4319053.593, 133
Trd, 4319053.793, 108
Trd, 4319053.843, 79
Trd, 4319054.843, 82
Trd, 4319057.293, 140
Trd, 4319057.343, 140
Trd, 4319057.643, 139
Trd, 4319057.993, 140
Trd, 4319059.043, 129
Trd, 4319059.093, 90
Trd, 4319059.693, 140
Trd, 4319062.243, 140
Trd, 4319062.293, 140
Trd, 4319062.393, 140
Trd, 4319062.443, 140
Trd, 4319062.593, 119
Trd, 4319063.643, 135
Trd, 4319064.093, 138
Trd, 4319065.343, 63
Trd, 4319065.443, 68
Trd, 4319066.093, 71
Trd, 4319066.293, 63
Trd, 4319067.443, 82
Trd, 4319067.943, 83
Trd, 4319068.143, 62
Trd, 4319068.993, 75
Trd, 4319069.243, 67
Trd, 4319070.793, 80
Trd, 4319071.093, 129
Trd, 4319071.743, 139
Trd, 4319072.043, 87
Trd, 4319073.343, 108
Trd, 4319073.693, 92
Trd, 4319074.443, 119
Trd, 4319074.743, 74
Trd, 4319075.143, 71
Trd, 4319076.093, 140
Trd, 4319076.893, 63
Trd, 4319077.493, 120
Trd, 4319077.943, 62
Trd, 4319078.743, 125
Trd, 4319079.193, 61
Trd, 4319079.493, 83
Trd, 4319080.843, 112
Trd, 4319081.293, 124
Trd, 4319082.293, 65
Trd, 4319082.393, 102
Trd, 4319084.043, 140
Trd, 4319084.743, 139
Trd, 4319085.793, 127
Trd, 4319085.893, 89
Trd, 4319087.443, 115
Trd, 4319087.943, 114
Trd, 4319088.143, 77
Trd, 4319088.793, 139
Trd, 4319089.093, 134
Trd, 4319090.393, 139
Trd, 4319090.543, 135
Trd, 4319090.593, 126
Trd, 4319090.993, 83
Trd, 4319091.493, 82
Trd, 4319092.093, 66
Trd, 4319092.343, 73
Trd, 4319093.643, 133
Trd, 4319094.593, 63
Trd, 4319096.393, 95
Trd, 4319096.743, 105
Trd, 4319096.843, 113
Trd, 4319096.893, 101
Trd, 4319097.843, 130
Trd, 4319099.593, 122
Trd, 4319100.143, 135
Trd, 4319100.793, 139
Trd, 4319101.443, 135
Trd, 4319102.093, 136
Trd, 4319102.543, 138
Trd, 4319102.793, 125
Trd, 4319102.993, 126
Trd, 4319103.243, 139
Trd, 4319103.293, 107
Trd, 4319103.793, 139
Trd, 4319104.393, 92
Trd, 4319104.793, 87
Trd, 4319106.743, 140
Trd, 4319106.993, 67
Trd, 4319107.693, 137
Trd, 4319108.543, 68
Trd, 4319109.843, 61
Trd, 4319110.443, 75
Trd, 4319110.793, 140
Trd, 4319112.393, 79
Trd, 4319112.593, 85
Trd, 4319113.643, 140
Trd, 4319113.793, 140
Trd, 4319113.893, 125
Trd, 4319114.243, 81
Trd, 4319115.293, 120
Trd, 4319116.443, 95
Trd, 4319116.893, 81
Trd, 4319117.643, 65
Trd, 4319117.993, 63
Trd, 4319118.243, 88
Trd, 4319118.543, 123
Trd, 4319119.143, 140
Trd, 4319119.243, 140
Trd, 4319121.093, 140
Trd, 4319121.993, 61
Trd, 4319122.493, 68
Trd, 4319123.393, 82
Trd, 4319123.843, 83
Trd, 4319123.993, 66
Trd, 4319124.393, 62
Trd, 4319125.793, 138
Trd, 4319125.843, 137
Trd, 4319127.343, 68
Trd, 4319127.643, 67
Trd, 4319127.993, 67
Trd, 4319130.343, 139
Trd, 4319130.543, 138
Trd, 4319131.443, 139
Trd, 4319132.243, 138
Trd, 4319132.943, 90
Trd, 4319133.593, 75
Trd, 4319134.043, 65
Trd, 4319134.393, 96
Trd, 4319135.343, 133
Trd, 4319136.193, 97
Trd, 4319136.743, 84
Trd, 4319137.243, 92
Trd, 4319137.293, 81
Trd, 4319138.193, 100
Trd, 4319138.593, 121
Trd, 4319139.493, 61
Trd, 4319139.743, 109
Trd, 4319140.293, 110
Trd, 4319141.393, 61
Trd, 4319142.093, 140
Trd, 4319142.543, 140
Trd, 4319143.743, 140
Trd, 4319144.093, 138
Trd, 4319144.643, 140
Trd, 4319145.043, 140
Trd, 4319146.343, 139
Trd, 4319146.493, 95
Trd, 4319147.843, 139
Trd, 4319148.993, 139
Trd, 4319149.143, 132
Trd, 4319149.893, 99
Trd, 4319150.293, 134
Trd, 4319150.843, 117
Trd, 4319151.743, 99
Trd, 4319152.443, 84
Trd, 4319152.943, 62
Trd, 4319152.993, 61
Trd, 4319155.543, 140
Trd, 4319156.393, 107
Trd, 4319157.643, 137
Trd, 4319158.243, 140
Trd, 4319158.593, 140
Trd, 4319158.993, 139
Trd, 4319159.693, 126
Trd, 4319159.893, 74
Trd, 4319160.293, 64
Trd, 4319160.993, 90
Trd, 4319161.093, 114
Trd, 4319161.843, 119
Trd, 4319163.493, 138
Trd, 4319163.743, 137
Trd, 4319163.793, 133
Trd, 4319163.843, 132
Trd, 4319164.243, 100
Trd, 4319166.293, 140
Trd, 4319167.393, 140
Trd, 4319167.493, 139
Trd, 4319168.793, 140
Trd, 4319169.643, 139
Trd, 4319169.743, 139
Trd, 4319170.143, 130
Trd, 4319170.243, 106
Trd, 4319170.643, 109
Trd, 4319171.293, 100
Trd, 4319171.343, 114
Trd, 4319174.543, 125
Trd, 4319174.643, 135
Trd, 4319174.693, 81
Trd, 4319175.043, 92
Trd, 4319176.993, 129
Trd, 4319177.793, 115
Trd, 4319177.993, 126
Trd, 4319178.293, 132
Trd, 4319179.193, 112
Trd, 4319179.993, 62
Trd, 4319180.343, 116
Trd, 4319181.393, 129
Trd, 4319181.543, 80
Trd, 4319182.143, 120
Trd, 4319182.493, 61
Trd, 4319183.043, 84
Trd, 4319185.193, 69
Trd, 4319185.293, 88
Trd, 4319185.593, 74
Trd, 4319186.043, 61
Trd, 4319186.693, 62
Trd, 4319187.343, 109
Trd, 4319188.543, 140
Trd, 4319188.793, 132
Trd, 4319189.343, 116
Trd, 4319189.993, 76
Trd, 4319190.193, 121
Trd, 4319192.143, 140
Trd, 4319192.393, 140
Trd, 4319192.843, 139
Trd, 4319194.243, 140
Trd, 4319194.493, 132
Trd, 4319194.943, 117
Trd, 4319196.193, 116
Trd, 4319196.393, 128
Trd, 4319196.443, 87
Trd, 4319196.743, 139
Trd, 4319198.193, 92
Trd, 4319198.393, 90
Trd, 4319198.443, 89
Trd, 4319199.393, 131
Trd, 4319200.693, 133
Trd, 4319200.993, 130
Trd, 4319201.043, 77
Trd, 4319201.543, 75
Trd, 4319201.593, 114
Trd, 4319203.043, 140
Trd, 4319203.593, 128
Trd, 4319204.393, 123
Trd, 4319205.243, 97
Trd, 4319206.943, 62
Trd, 4319207.343, 78
Trd, 4319208.493, 108
Trd, 4319208.843, 136
Trd, 4319209.293, 60
Trd, 4319210.043, 62
Trd, 4319210.443, 135
Trd, 4319210.943, 139
Trd, 4319211.743, 137
Trd, 4319211.793, 109
Trd, 4319212.943, 61
Trd, 4319213.443, 91
Trd, 4319214.443, 140
Trd, 4319214.593, 112
Trd, 4319216.493, 99
Trd, 4319216.593, 140
Trd, 4319217.793, 71
Trd, 4319218.193, 64
Trd, 4319218.343, 109
Trd, 4319219.543, 139
Trd, 4319219.843, 122
Trd, 4319220.793, 61
Trd, 4319221.043, 65
Trd, 4319221.093, 84
Trd, 4319223.193, 140
Trd, 4319223.343, 139
Trd, 4319224.043, 139
Trd, 4319224.143, 140
Trd, 4319224.843, 99
Trd, 4319226.393, 123
Trd, 4319226.693, 113
Trd, 4319227.293, 91
Trd, 4319228.543, 67
Trd, 4319229.093, 127
Trd, 4319229.393, 69
Trd, 4319230.043, 139
Trd, 4319230.643, 139
Trd, 4319230.843, 138
Trd, 4319231.043, 137
Trd, 4319231.143, 128
Trd, 4319233.293, 120
Trd, 4319234.043, 122
Trd, 4319234.243, 107
Trd, 4319234.493, 131
Trd, 4319234.693, 80
Trd, 4319235.343, 140
Trd, 4319235.893, 69
Trd, 4319236.943, 126
Trd, 4319237.643, 127
Trd, 4319237.693, 82
Trd, 4319238.243, 139
Trd, 4319238.693, 70
Trd, 4319239.493, 109
Trd, 4319240.493, 69
Trd, 4319241.793, 140
Trd, 4319242.593, 140
Trd, 4319243.993, 140
Trd, 4319244.993, 140
Trd, 4319246.143, 137
Trd, 4319247.443, 140
Trd, 4319247.543, 121
Trd, 4319248.043, 102
Trd, 4319249.243, 140
Trd, 4319249.693, 140
Trd, 4319249.893, 140
Trd, 4319250.743, 133
Trd, 4319251.343, 120
Trd, 4319251.493, 118
Trd, 4319252.343, 108
Trd, 4319252.993, 140
Trd, 4319253.593, 140
Trd, 4319254.643, 140
Trd, 4319255.243, 115
Trd, 4319255.993, 139
Trd, 4319257.793, 139
Trd, 4319258.043, 139
Trd, 4319259.843, 140
Trd, 4319259.993, 136
Trd, 4319260.043, 127
Trd, 4319260.393, 109
Trd, 4319260.543, 109
Trd, 4319261.243, 140
Trd, 4319261.793, 128
Trd, 4319263.343, 140
Trd, 4319264.093, 140
Trd, 4319264.193, 139
Trd, 4319264.543, 139
Trd, 4319265.243, 131
Trd, 4319265.893, 116
Trd, 4319266.193, 101
Trd, 4319267.743, 77
Trd, 4319268.093, 117
Trd, 4319269.643, 92
Trd, 4319270.743, 138
Trd, 4319271.143, 100
Trd, 4319272.193, 93
Trd, 4319272.343, 119
Trd, 4319272.893, 91
Trd, 4319272.993, 78
Trd, 4319274.243, 138
Trd, 4319274.593, 130
Trd, 4319276.193, 140
Trd, 4319276.243, 140
Trd, 4319276.843, 140
Trd, 4319277.193, 140
Trd, 4319277.643, 126
Trd, 4319278.243, 125
Trd, 4319278.993, 111
Trd, 4319279.893, 114
Trd, 4319280.193, 122
Trd, 4319280.893, 108
Trd, 4319281.893, 138
Trd, 4319282.043, 124
Trd, 4319282.193, 103
Trd, 4319283.243, 76
Trd, 4319283.993, 73
Trd, 4319284.343, 127
Trd, 4319285.243, 109
Trd, 4319285.893, 139
Trd, 4319287.793, 82
Trd, 4319289.093, 64
Trd, 4319289.293, 74
Trd, 4319289.943, 61
Trd, 4319290.843, 76
Trd, 4319291.743, 63
Trd, 4319292.443, 98
Trd, 4319292.593, 106
Trd, 4319292.943, 88
Trd, 4319293.843, 60
Trd, 4319294.743, 120
Trd, 4319295.893, 140
Trd, 4319296.093, 139
Trd, 4319297.143, 140
Trd, 4319297.593, 139
Trd, 4319298.043, 125
Trd, 4319298.293, 98
Trd, 4319298.893, 118
Trd, 4319298.993, 97
Trd, 4319300.493, 61
Trd, 4319301.143, 61
Trd, 4319301.293, 61
Trd, 4319302.193, 69
Trd, 4319303.193, 66
Trd, 4319303.643, 93
Trd, 4319303.693, 106
Trd, 4319305.693, 112
Trd, 4319305.843, 130
Trd, 4319306.243, 98
Trd, 4319306.693, 140
Trd, 4319307.543, 140
Trd, 4319308.093, 140
Trd, 4319308.293, 140
Trd, 4319308.343, 132
Trd, 4319309.743, 138
Trd, 4319310.493, 118
Trd, 4319310.893, 135
Trd, 4319312.143, 140
Trd, 4319312.243, 140
Trd, 4319313.243, 140
Trd, 4319314.543, 140
Trd, 4319314.593, 139
Trd, 4319315.293, 134
Trd, 4319315.543, 131
Trd, 4319315.693, 134
Trd, 4319317.843, 137
Trd, 4319317.993, 136
Trd, 4319318.193, 131
Trd, 4319318.543, 128
Trd, 4319320.543, 138
Trd, 4319320.643, 114
Trd, 4319320.793, 109
Trd, 4319320.893, 101
Trd, 4319321.243, 138
Trd, 4319321.893, 140
Trd, 4319323.943, 139
Trd, 4319324.093, 138
Trd, 4319326.043, 140
Trd, 4319326.143, 140
Trd, 4319326.543, 140
Trd, 4319327.093, 133
Trd, 4319328.593, 104
Trd, 4319328.843, 94
Trd, 4319329.993, 140
Trd, 4319330.793, 138
Trd, 4319331.293, 132
Trd, 4319332.093, 102
Trd, 4319333.193, 104
Trd, 4319333.243, 101
Trd, 4319333.843, 140
Trd, 4319334.093, 137
Trd, 4319335.643, 97
Trd, 4319335.943, 60
Trd, 4319337.893, 107
Trd, 4319337.993, 67
Trd, 4319338.193, 66
Trd, 4319338.743, 75
Trd, 4319339.293, 65
Trd, 4319339.743, 60
Trd, 4319340.093, 79
Trd, 4319342.043, 61
Trd, 4319342.493, 134
Trd, 4319342.993, 119
Trd, 4319343.193, 126
Trd, 4319343.393, 104
Trd, 4319344.443, 137
Trd, 4319345.643, 140
Trd, 4319346.093, 131
Trd, 4319347.493, 122
Trd, 4319348.843, 136
Trd, 4319348.943, 122
Trd, 4319349.093, 114
Trd, 4319350.043, 140
Trd, 4319350.593, 87
Trd, 4319350.693, 86
Trd, 4319351.493, 109
Trd, 4319351.893, 140
Trd, 4319351.943, 92
Trd, 4319354.143, 138
Trd, 4319354.443, 103
Trd, 4319354.743, 93
Trd, 4319355.343, 131
Trd, 4319356.493, 139
Trd, 4319356.893, 135
Trd, 4319357.093, 136
Trd, 4319357.943, 140
Trd, 4319359.293, 117
Trd, 4319359.593, 99
Trd, 4319360.643, 117
Trd, 4319361.143, 132
Trd, 4319361.693, 76
Trd, 4319362.243, 99
Trd, 4319364.143, 138
Trd, 4319364.693, 140
Trd, 4319364.843, 140
Trd, 4319366.043, 139
Trd, 4319366.543, 138
Trd, 4319366.793, 123
Trd, 4319367.843, 140
Trd, 4319367.993, 140
Trd, 4319369.093, 139
Trd, 4319369.943, 139
Trd, 4319371.743, 138
Trd, 4319371.793, 137
Trd, 4319372.743, 103
Trd, 4319372.843, 100
Trd, 4319372.943, 111
Trd, 4319372.993, 81
Trd, 4319374.343, 108
Trd, 4319374.843, 88
Trd, 4319375.043, 99
Trd, 4319375.543, 132
Trd, 4319377.043, 140
Trd, 4319377.693, 91
Trd, 4319378.093, 126
Trd, 4319379.193, 135
Trd, 4319379.393, 134
Trd, 4319380.443, 73
Trd, 4319381.093, 84
Trd, 4319382.493, 140
Trd, 4319382.843, 140
Trd, 4319383.893, 140
Trd, 4319383.993, 140
Trd, 4319384.643, 117
Trd, 4319386.243, 70
Trd, 4319386.843, 61
Trd, 4319387.293, 61
Trd, 4319387.993, 64
Trd, 4319388.443, 131
Trd, 4319389.843, 140
Trd, 4319390.143, 140
Trd, 4319390.193, 139
Trd, 4319390.243, 132
Trd, 4319391.343, 140
Trd, 4319391.693, 122
Trd, 4319392.443, 84
Trd, 4319393.243, 91
Trd, 4319394.343, 113
Trd, 4319394.743, 116
Trd, 4319397.643, 140
Trd, 4319397.793, 138
Trd, 4319398.043, 137
Trd, 4319398.143, 130
Trd, 4319399.043, 106
Trd, 4319399.443, 140
Trd, 4319400.193, 140
Trd, 4319400.693, 138
Trd, 4319401.943, 96
Trd, 4319402.493, 109
Trd, 4319403.843, 138
Trd, 4319404.443, 139
Trd, 4319404.593, 139
Trd, 4319405.693, 140
Trd, 4319406.093, 98
Trd, 4319406.493, 68
Trd, 4319408.043, 140
Trd, 4319408.593, 139
Trd, 4319408.643, 136
Trd, 4319409.693, 121
Trd, 4319411.043, 139
Trd, 4319411.843, 107
Trd, 4319412.993, 128
Trd, 4319413.893, 138
Trd, 4319414.043, 139
Trd, 4319414.593, 128
Trd, 4319415.493, 125
Trd, 4319415.943, 140
Trd, 4319415.993, 125
Trd, 4319416.193, 100
Trd, 4319416.493, 102
Trd, 4319417.543, 78
Trd, 4319419.093, 140
Trd, 4319419.443, 140
Trd, 4319419.743, 140
Trd, 4319419.793, 96
Trd, 4319420.693, 137
Trd, 4319421.543, 134
Trd, 4319422.643, 139
Trd, 4319423.093, 138
Trd, 4319424.043, 133
Trd, 4319424.393, 139
Trd, 4319424.793, 95
Trd, 4319425.843, 96
Trd, 4319426.143, 95
Trd, 4319426.493, 132
Trd, 4319427.343, 100
Trd, 4319428.143, 94
Trd, 4319428.643, 104
Trd, 4319429.843, 113
Trd, 4319429.943, 131
Trd, 4319430.393, 139
Trd, 4319430.543, 115
Trd, 4319430.743, 115
Trd, 4319432.593, 132
Trd, 4319432.843, 110
Trd, 4319433.343, 61
Trd, 4319433.743, 80
Trd, 4319437.193, 140
Trd, 4319437.243, 140
Trd, 4319438.543, 140
Trd, 4319438.593, 139
Trd, 4319438.993, 138
Trd, 4319439.043, 126
Trd, 4319439.093, 106
Trd, 4319439.943, 140
Trd, 4319440.593, 111
Trd, 4319442.293, 106
Trd, 4319442.593, 111
Trd, 4319443.793, 111
Trd, 4319446.043, 62
Trd, 4319447.193, 67
Trd, 4319447.743, 140
Trd, 4319448.493, 140
Trd, 4319449.493, 118
Trd, 4319449.643, 106
Trd, 4319449.893, 99
Trd, 4319450.343, 86
Trd, 4319450.543, 117
Trd, 4319451.243, 123
Trd, 4319452.643, 106
Trd, 4319453.493, 119
Trd, 4319453.943, 101
Trd, 4319454.643, 138
Trd, 4319455.043, 134
Trd, 4319455.193, 91
Trd, 4319456.343, 136
Trd, 4319457.393, 140
Trd, 4319457.443, 140
Trd, 4319458.043, 140
Trd, 4319458.343, 127
Trd, 4319458.993, 136
Trd, 4319460.693, 140
Trd, 4319460.943, 139
Trd, 4319460.993, 126
Trd, 4319461.343, 91
Trd, 4319463.093, 88
Trd, 4319463.593, 128
Trd, 4319464.193, 127
Trd, 4319465.543, 140
Trd, 4319466.093, 140
Trd, 4319466.743, 138
Trd, 4319467.393, 103
Trd, 4319467.493, 79
Trd, 4319467.593, 78
Trd, 4319467.843, 78
Trd, 4319469.143, 64
Trd, 4319471.143, 140
Trd, 4319471.893, 140
Trd, 4319472.243, 124
Trd, 4319473.643, 126
Trd, 4319475.293, 140
Trd, 4319475.543, 139
Trd, 4319475.593, 116
Trd, 4319476.743, 140
Trd, 4319476.943, 119
Trd, 4319477.193, 92
Trd, 4319477.343, 92
Trd, 4319478.543, 61
Trd, 4319479.793, 88
Trd, 4319479.843, 81
Trd, 4319481.243, 140
Trd, 4319481.693, 135
Trd, 4319481.843, 132
Trd, 4319483.693, 140
Trd, 4319484.993, 140
Trd, 4319485.493, 138
Trd, 4319485.693, 137
Trd, 4319486.993, 140
Trd, 4319487.643, 140
Trd, 4319488.043, 136
Trd, 4319488.193, 124
Trd, 4319488.493, 139
Trd, 4319488.543, 100
Trd, 4319489.043, 77
Trd, 4319491.593, 140
Trd, 4319492.743, 140
Trd, 4319493.193, 140
Trd, 4319494.043, 115
Trd, 4319494.343, 114
Trd, 4319494.893, 123
Trd, 4319495.343, 111
Trd, 4319495.643, 104
Trd, 4319495.893, 102
Trd, 4319497.293, 140
Trd, 4319497.743, 140
Trd, 4319498.193, 138
Trd, 4319498.243, 127
Trd, 4319499.793, 60
Trd, 4319499.893, 73
Trd, 4319500.493, 83
Trd, 4319501.843, 139
Trd, 4319502.293, 137
Trd, 4319502.843, 91
Trd, 4319504.143, 99
Trd, 4319504.793, 140
Trd, 4319504.943, 139
Trd, 4319505.343, 139
Trd, 4319506.043, 137
Trd, 4319506.693, 66
Trd, 4319508.343, 139
Trd, 4319509.043, 108
Trd, 4319509.243, 74
Trd, 4319510.443, 69
Trd, 4319510.593, 80
Trd, 4319511.043, 138
Trd, 4319511.293, 93
Trd, 4319512.893, 139
Trd, 4319512.943, 128
Trd, 4319513.393, 118
Trd, 4319513.743, 135
Trd, 4319514.193, 115
Trd, 4319515.043, 138
Trd, 4319515.543, 84
Trd, 4319516.193, 79
Trd, 4319516.593, 81
Trd, 4319516.743, 70
Trd, 4319517.293, 138
Trd, 4319517.893, 82
Trd, 4319519.343, 133
Trd, 4319519.493, 81
Trd, 4319520.043, 82
Trd, 4319521.893, 140
Trd, 4319522.193, 138
Trd, 4319522.343, 133
Trd, 4319522.493, 113
Trd, 4319522.893, 115
Trd, 4319523.893, 134
Trd, 4319525.093, 138
Trd, 4319525.443, 137
Trd, 4319525.943, 127
Trd, 4319526.343, 126
Trd, 4319527.243, 138
Trd, 4319527.893, 140
Trd, 4319528.193, 140
Trd, 4319528.493, 140
Trd, 4319528.643, 110
Trd, 4319528.843, 97
Trd, 4319529.693, 140
Trd, 4319529.993, 139
Trd, 4319530.693, 138
Trd, 4319531.143, 137
Trd, 4319531.793, 90
Trd, 4319532.643, 60
Trd, 4319533.143, 140
Trd, 4319533.593, 139
Trd, 4319534.743, 74
Trd, 4319535.293, 121
Trd, 4319536.493, 71
Trd, 4319536.793, 79
Trd, 4319536.943, 103
Trd, 4319537.443, 140
Trd, 4319538.843, 140
Trd, 4319539.993, 140
Trd, 4319540.093, 140
Trd, 4319540.443, 136
Trd, 4319540.943, 131
Trd, 4319541.443, 133
Trd, 4319542.693, 110
Trd, 4319543.043, 117
Trd, 4319544.693, 140
Trd, 4319544.743, 138
Trd, 4319545.093, 135
Trd, 4319545.443, 121
Trd, 4319546.743, 140
Trd, 4319547.643, 104
Trd, 4319547.893, 67
Trd, 4319549.393, 89
Trd, 4319549.793, 121
Trd, 4319550.593, 123
Trd, 4319551.843, 113
Trd, 4319552.843, 78
Trd, 4319554.143, 136
Trd, 4319554.543, 133
Trd, 4319554.893, 102
Trd, 4319556.293, 140
Trd, 4319556.443, 140
Trd, 4319557.993, 103
Trd, 4319558.493, 102
Trd, 4319558.993, 116
Trd, 4319559.093, 116
Trd, 4319560.043, 74
Trd, 4319561.143, 140
Trd, 4319561.593, 140
Trd, 4319562.243, 140
Trd, 4319563.193, 107
Trd, 4319564.643, 140
Trd, 4319564.743, 138
Trd, 4319564.793, 137
Trd, 4319565.843, 93
Trd, 4319565.893, 84
Trd, 4319567.643, 137
Trd, 4319569.343, 140
Trd, 4319569.943, 139
Trd, 4319570.443, 135
Trd, 4319570.543, 136
Trd, 4319570.993, 87
Trd, 4319571.643, 100
Trd, 4319573.143, 89
Trd, 4319574.093, 103
Trd, 4319574.243, 125
Trd, 4319575.043, 101
Trd, 4319575.143, 94
Trd, 4319576.143, 91
Trd, 4319576.493, 119
Trd, 4319577.093, 63
Trd, 4319578.043, 139
Trd, 4319578.693, 110
Trd, 4319579.693, 124
Trd, 4319579.843, 122
Trd, 4319579.993, 68
Trd, 4319580.243, 139
Trd, 4319582.093, 101
Trd, 4319582.443, 131
Trd, 4319583.743, 140
Trd, 4319583.943, 139
Trd, 4319585.843, 108
Trd, 4319585.993, 105
Trd, 4319586.543, 114
Trd, 4319587.243, 140
Trd, 4319587.293, 140
Trd, 4319588.243, 140
Trd, 4319588.793, 123
Trd, 4319589.093, 96
Trd, 4319589.593, 140
Trd, 4319590.693, 136
Trd, 4319590.843, 137
Trd, 4319591.393, 87
Trd, 4319591.743, 110
Trd, 4319592.443, 65
Trd, 4319592.643, 63
Trd, 4319593.743, 99
Trd, 4319594.943, 115
Trd, 4319595.393, 88
Trd, 4319596.593, 71
Trd, 4319597.293, 70
Trd, 4319598.493, 66
Trd, 4319598.593, 87
Trd, 4319598.643, 98
Trd, 4319598.793, 117
Trd, 4319599.743, 61
Trd, 4319600.093, 60
Trd, 4319601.443, 61
Trd, 4319601.893, 139
Trd, 4319602.243, 82
Trd, 4319602.943, 133
Trd, 4319604.193, 63
Trd, 4319605.193, 69
Trd, 4319605.843, 101
Trd, 4319607.593, 66
Trd, 4319608.043, 64
Trd, 4319608.143, 73
Trd, 4319608.543, 81
Trd, 4319608.993, 61
Trd, 4319609.293, 60
Trd, 4319609.393, 84
Trd, 4319611.493, 140
Trd, 4319611.993, 110
Trd, 4319612.743, 109
Trd, 4319613.443, 128
Trd, 4319613.743, 131
Trd, 4319614.893, 140
Trd, 4319615.543, 140
Trd, 4319616.143, 126
Trd, 4319616.593, 140
Trd, 4319617.643, 140
Trd, 4319619.443, 140
Trd, 4319621.243, 140
Trd, 4319621.343, 138
Trd, 4319621.493, 122
Trd, 4319622.693, 133
Trd, 4319622.843, 132
Trd, 4319623.643, 140
Trd, 4319624.943, 139
Trd, 4319625.393, 120
Trd, 4319625.793, 119
Trd, 4319628.043, 139
Trd, 4319628.443, 140
Trd, 4319628.793, 138
Trd, 4319628.943, 136
Trd, 4319629.293, 109
Trd, 4319629.893, 108
Trd, 4319630.893, 93
Trd, 4319631.093, 79
Trd, 4319632.193, 140
Trd, 4319633.193, 140
Trd, 4319633.493, 140
Trd, 4319633.893, 130
Trd, 4319634.043, 97
Trd, 4319634.843, 133
Trd, 4319636.043, 90
Trd, 4319636.793, 84
Trd, 4319637.043, 82
Trd, 4319638.143, 140
Trd, 4319638.743, 139
Trd, 4319640.093, 131
Trd, 4319640.393, 130
Trd, 4319641.043, 136
Trd, 4319643.643, 140
Trd, 4319643.793, 140
Trd, 4319643.843, 118
Trd, 4319644.143, 130
Trd, 4319645.843, 140
Trd, 4319646.243, 140
Trd, 4319646.793, 140
Trd, 4319647.043, 121
Trd, 4319648.143, 122
Trd, 4319648.343, 92
Trd, 4319648.743, 96
Trd, 4319649.743, 99
Trd, 4319649.843, 125
Trd, 4319650.643, 63
Trd, 4319650.793, 98
Trd, 4319651.493, 135
Trd, 4319651.543, 78
Trd, 4319653.143, 140
Trd, 4319653.493, 140
Trd, 4319653.943, 140
Trd, 4319654.443, 86
Trd, 4319655.143, 105
Trd, 4319655.743, 132
Trd, 4319655.843, 104
Trd, 4319656.443, 137
Trd, 4319657.543, 138
Trd, 4319657.793, 138
Trd, 4319658.643, 136
Trd, 4319660.893, 139
Trd, 4319661.243, 112
Trd, 4319661.693, 134
Trd, 4319662.693, 125
Trd, 4319664.343, 140
Trd, 4319664.643, 60
Trd, 4319665.443, 74
Trd, 4319665.943, 74
Trd, 4319666.793, 85
Trd, 4319667.743, 79
Trd, 4319667.943, 66
Trd, 4319668.293, 140
Trd, 4319668.793, 102
Trd, 4319669.943, 140
Trd, 4319670.243, 139
Trd, 4319670.343, 132
Trd, 4319671.493, 134
Trd, 4319671.793, 78
Trd, 4319672.043, 77
Trd, 4319672.343, 140
Trd, 4319673.893, 76
Trd, 4319674.143, 123
Trd, 4319676.243, 95
Trd, 4319676.293, 62
Trd, 4319676.943, 92
Trd, 4319677.643, 80
Trd, 4319677.893, 92
Trd, 4319678.993, 140
Trd, 4319679.093, 140
Trd, 4319680.193, 60
Trd, 4319680.543, 62
Trd, 4319680.893, 73
Trd, 4319681.443, 139
Trd, 4319682.893, 125
Trd, 4319683.293, 115
Trd, 4319683.343, 111
Trd, 4319684.643, 61
Trd, 4319684.993, 64
Trd, 4319685.093, 96
Trd, 4319686.993, 60
Trd, 4319687.043, 64
Trd, 4319687.693, 113
Trd, 4319688.843, 140
Trd, 4319689.043, 140
Trd, 4319689.443, 139
Trd, 4319690.043, 140
Trd, 4319691.343, 115
Trd, 4319691.643, 123
Trd, 4319693.093, 140
Trd, 4319693.543, 139
Trd, 4319694.543, 140
Trd, 4319694.693, 140
Trd, 4319694.743, 140
Trd, 4319696.743, 140
Trd, 4319698.243, 140
Trd, 4319698.343, 140
Trd, 4319698.443, 126
Trd, 4319698.593, 119
Trd, 4319699.443, 138
Trd, 4319699.993, 123
Trd, 4319700.343, 122
Trd, 4319700.493, 103
Trd, 4319701.443, 82
Trd, 4319701.643, 81
Trd, 4319702.043, 140
Trd, 4319703.693, 140
Trd, 4319705.043, 136
Trd, 4319705.293, 130
Trd, 4319705.743, 140
Trd, 4319706.143, 123
Trd, 4319707.043, 139
Trd, 4319707.343, 119
Trd, 4319708.643, 139
Trd, 4319709.193, 113
Trd, 4319710.343, 140
Trd, 4319710.393, 139
Trd, 4319710.693, 138
Trd, 4319710.743, 137
Trd, 4319710.843, 136
Trd, 4319713.393, 140
Trd, 4319713.493, 129
Trd, 4319713.693, 140
Trd, 4319714.343, 129
Trd, 4319716.693, 140
Trd, 4319716.843, 140
Trd, 4319717.143, 140
Trd, 4319717.943, 140
Trd, 4319718.693, 140
Trd, 4319718.743, 115
Trd, 4319719.193, 91
Trd, 4319720.243, 140
Trd, 4319720.743, 140
Trd, 4319720.843, 140
Trd, 4319721.543, 99
Trd, 4319721.993, 82
Trd, 4319723.443, 98
Trd, 4319723.793, 69
Trd, 4319724.143, 67
Trd, 4319724.793, 66
Trd, 4319725.193, 130
Trd, 4319726.893, 60
Trd, 4319728.043, 70
Trd, 4319728.843, 63
Trd, 4319728.993, 73
Trd, 4319729.793, 137
Trd, 4319730.393, 115
Trd, 4319731.393, 138
Trd, 4319731.493, 113
Trd, 4319731.693, 111
Trd, 4319732.643, 138
Trd, 4319733.193, 94
Trd, 4319733.393, 90
Trd, 4319734.493, 97
Trd, 4319735.343, 134
Trd, 4319735.443, 97
Trd, 4319736.343, 138
Trd, 4319736.943, 132
Trd, 4319738.243, 140
Trd, 4319738.843, 107
Trd, 4319738.993, 114
Trd, 4319739.443, 100
Trd, 4319740.293, 100
Trd, 4319742.493, 140
Trd, 4319742.993, 140
Trd, 4319743.893, 131
Trd, 4319744.643, 109
Trd, 4319745.193, 108
Trd, 4319745.493, 102
Trd, 4319746.243, 118
Trd, 4319746.893, 133
Trd, 4319747.293, 80
Trd, 4319747.893, 63
Trd, 4319749.293, 91
Trd, 4319749.843, 65
Trd, 4319752.093, 135
Trd, 4319753.193, 134
Trd, 4319753.493, 133
Trd, 4319754.043, 138
Trd, 4319754.993, 63
Trd, 4319755.743, 78
Trd, 4319755.943, 79
Trd, 4319756.993, 140
Trd, 4319757.643, 129
Trd, 4319758.893, 102
Trd, 4319759.193, 79
Trd, 4319759.693, 125
Trd, 4319761.143, 121
Trd, 4319762.443, 140
Trd, 4319762.843, 140
Trd, 4319762.993, 140
Trd, 4319764.093, 111
Trd, 4319766.243, 140
Trd, 4319766.943, 140
Trd, 4319767.543, 140
Trd, 4319769.043, 140
Trd, 4319769.793, 140
Trd, 4319769.893, 120
Trd, 4319770.493, 137
Trd, 4319770.893, 74
Trd, 4319772.193, 140
Trd, 4319772.693, 140
Trd, 4319772.793, 136
Trd, 4319773.543, 128
Trd, 4319774.043, 136
Trd, 4319774.893, 139
Trd, 4319775.743, 103
Trd, 4319776.043, 128
Trd, 4319777.143, 137
Trd, 4319777.343, 140
Trd, 4319778.543, 135
Trd, 4319779.393, 140
Trd, 4319779.593, 134
Trd, 4319781.393, 130
Trd, 4319781.593, 116
Trd, 4319781.943, 140
Trd, 4319782.093, 140
Trd, 4319783.643, 110
Trd, 4319783.943, 138
Trd, 4319784.193, 96
Trd, 4319784.893, 139
Trd, 4319785.243, 67
Trd, 4319786.193, 139
Trd, 4319787.193, 136
Trd, 4319787.743, 104
Trd, 4319788.943, 76
Trd, 4319790.493, 60
Trd, 4319791.593, 61
Trd, 4319792.043, 63
Trd, 4319792.693, 82
Trd, 4319792.943, 66
Trd, 4319793.843, 115
Trd, 4319794.943, 66
Trd, 4319794.993, 106
Trd, 4319796.793, 140
Trd, 4319796.893, 140
Trd, 4319797.693, 140
Trd, 4319798.893, 137
Trd, 4319798.993, 139
Trd, 4319799.843, 139
Trd, 4319801.043, 139
Trd, 4319801.143, 138
Trd, 4319801.643, 135
Trd, 4319801.843, 133
Trd, 4319802.143, 115
Trd, 4319804.493, 127
Trd, 4319804.893, 105
Trd, 4319805.343, 69
Trd, 4319806.043, 111
Trd, 4319806.693, 98
Trd, 4319807.143, 130
Trd, 4319807.293, 122
Trd, 4319808.193, 63
Trd, 4319808.493, 125
Trd, 4319809.893, 64
Trd, 4319810.443, 137
Trd, 4319811.343, 140
Trd, 4319812.843, 140
Trd, 4319812.943, 104
Trd, 4319813.343, 82
Trd, 4319813.493, 138
Trd, 4319814.143, 66
Trd, 4319814.943, 88
Trd, 4319816.143, 70
Trd, 4319816.743, 93
Trd, 4319817.793, 99
Trd, 4319819.093, 139
Trd, 4319819.293, 112
Trd, 4319819.643, 99
Trd, 4319820.943, 138
Trd, 4319821.593, 113
Trd, 4319821.643, 123
Trd, 4319821.943, 72
Trd, 4319822.343, 95
Trd, 4319822.743, 69
Trd, 4319823.643, 100
Trd, 4319823.843, 72
Trd, 4319824.443, 140
Trd, 4319825.393, 108
Trd, 4319825.993, 134
Trd, 4319826.193, 104
Trd, 4319828.793, 140
Trd, 4319828.893, 95
Trd, 4319829.543, 66
Trd, 4319830.393, 140
Trd, 4319831.293, 119
Trd, 4319831.743, 113
Trd, 4319831.943, 123
Trd, 4319833.043, 60
Trd, 4319833.093, 60
Trd, 4319834.093, 68
Trd, 4319834.943, 91
Trd, 4319835.343, 63
Trd, 4319835.993, 133
Trd, 4319836.793, 140
Trd, 4319837.043, 116
Trd, 4319837.693, 104
Trd, 4319837.943, 103
Trd, 4319838.893, 87
Trd, 4319839.543, 140
Trd, 4319839.693, 73
Trd, 4319840.443, 132
Trd, 4319841.293, 98
Trd, 4319841.343, 80
Trd, 4319842.343, 61
Trd, 4319843.093, 103
Trd, 4319844.543, 78
Trd, 4319844.943, 114
Trd, 4319845.393, 81
Trd, 4319845.593, 69
Trd, 4319846.093, 140
Trd, 4319846.893, 140
Trd, 4319848.093, 140
Trd, 4319848.793, 138
Trd, 4319849.393, 139
Trd, 4319850.193, 131
Trd, 4319850.643, 92
Trd, 4319851.293, 64
Trd, 4319853.093, 140
Trd, 4319854.093, 140
Trd, 4319854.243, 138
Trd, 4319854.943, 140
Trd, 4319855.243, 140
Trd, 4319855.493, 140
Trd, 4319856.593, 133
Trd, 4319858.643, 70
Trd, 4319858.793, 63
Trd, 4319861.193, 140
Trd, 4319861.343, 140
Trd, 4319862.493, 140
Trd, 4319862.543, 140
Trd, 4319863.043, 127
Trd, 4319863.743, 110
Trd, 4319864.343, 136
Trd, 4319864.543, 132
Trd, 4319864.793, 61
Trd, 4319866.193, 106
Trd, 4319866.243, 118
Trd, 4319867.343, 138
Trd, 4319867.793, 140
Trd, 4319868.443, 131
Trd, 4319868.843, 126
Trd, 4319870.043, 111
Trd, 4319870.143, 90
Trd, 4319870.993, 87
Trd, 4319871.543, 98
Trd, 4319871.743, 134
Trd, 4319872.043, 86
Trd, 4319872.943, 137
Trd, 4319873.093, 62
Trd, 4319873.543, 79
Trd, 4319875.543, 73
Trd, 4319875.843, 64
Trd, 4319876.943, 61
Trd, 4319877.043, 92
Trd, 4319878.543, 140
Trd, 4319878.793, 140
Trd, 4319878.943, 140
Trd, 4319880.243, 64
Trd, 4319882.493, 140
Trd, 4319882.643, 139
Trd, 4319882.693, 139
Trd, 4319883.393, 89
Trd, 4319884.743, 114
Trd, 4319884.893, 113
Trd, 4319885.193, 94
Trd, 4319885.293, 116
Trd, 4319885.943, 127
Trd, 4319886.543, 138
Trd, 4319887.293, 85
Trd, 4319888.143, 98
Trd, 4319888.393, 80
Trd, 4319888.693, 123
Trd, 4319889.443, 91
Trd, 4319890.243, 111
Trd, 4319891.293, 139
Trd, 4319891.543, 117
Trd, 4319891.993, 66
Trd, 4319892.693, 64
Trd, 4319893.793, 108
Trd, 4319894.793, 116
Trd, 4319894.993, 115
Trd, 4319895.193, 70
Trd, 4319896.493, 75
Trd, 4319897.193, 110
Trd, 4319898.343, 131
Trd, 4319898.693, 128
Trd, 4319898.993, 60
Trd, 4319900.493, 138
Trd, 4319900.793, 119
Trd, 4319901.293, 78
Trd, 4319901.793, 65
Trd, 4319901.893, 83
Trd, 4319902.343, 63
Trd, 4319904.143, 140
Trd, 4319904.643, 139
Trd, 4319906.643, 139
Trd, 4319906.993, 98
Trd, 4319907.393, 140
Trd, 4319908.693, 140
Trd, 4319909.143, 137
Trd, 4319909.293, 97
Trd, 4319909.993, 129
Trd, 4319910.293, 120
Trd, 4319910.943, 136
Trd, 4319911.793, 104
Trd, 4319912.243, 63
Trd, 4319913.043, 140
Trd, 4319914.093, 140
Trd, 4319914.393, 126
Trd, 4319915.993, 84
Trd, 4319916.193, 100
Trd, 4319916.793, 60
Trd, 4319918.193, 65
Trd, 4319918.693, 60
Trd, 4319919.643, 75
Trd, 4319919.943, 84
Trd, 4319921.443, 70
Trd, 4319922.443, 82
Trd, 4319922.843, 126
Trd, 4319923.443, 66
Trd, 4319924.343, 140
Trd, 4319924.593, 139
Trd, 4319924.943, 138
Trd, 4319925.243, 82
Trd, 4319926.093, 67
Trd, 4319927.043, 61
Trd, 4319927.893, 134
Trd, 4319928.343, 104
Trd, 4319928.993, 134
Trd, 4319929.393, 88
Trd, 4319930.243, 122
Trd, 4319930.443, 139
Trd, 4319931.143, 121
Trd, 4319931.543, 102
Trd, 4319932.093, 140
Trd, 4319932.793, 64
Trd, 4319933.593, 120
Trd, 4319934.043, 122
Trd, 4319934.293, 63
Trd, 4319935.043, 140
Trd, 4319935.693, 140
Trd, 4319937.093, 140
Trd, 4319937.443, 140
Trd, 4319937.793, 140
Trd, 4319938.343, 138
Trd, 4319939.143, 115
Trd, 4319939.193, 113
Trd, 4319940.343, 107
Trd, 4319940.393, 65
Trd, 4319942.143, 63
Trd, 4319943.143, 62
Trd, 4319943.843, 64
Trd, 4319944.943, 70
Trd, 4319944.993, 65
Trd, 4319945.043, 75
Trd, 4319946.093, 137
Trd, 4319946.443, 108
Trd, 4319946.693, 106
Trd, 4319947.243, 140
Trd, 4319947.943, 140
Trd, 4319949.493, 140
Trd, 4319949.743, 140
Trd, 4319950.093, 137
Trd, 4319950.693, 129
Trd, 4319952.243, 106
Trd, 4319952.643, 127
Trd, 4319952.793, 98
Trd, 4319953.243, 81
Trd, 4319953.593, 87
Trd, 4319954.193, 94
Trd, 4319955.943, 139
Trd, 4319956.693, 139
Trd, 4319957.093, 125
Trd, 4319957.293, 75
Trd, 4319958.943, 98
Trd, 4319959.443, 128
Trd, 4319960.143, 127
Trd, 4319961.343, 140
Trd, 4319961.993, 140
Trd, 4319962.993, 119
Trd, 4319963.093, 124
Trd, 4319963.143, 78
Trd, 4319963.443, 130
Trd, 4319964.543, 78
Trd, 4319965.593, 88
Trd, 4319966.643, 91
Trd, 4319967.193, 131
Trd, 4319967.693, 135
Trd, 4319967.793, 115
Trd, 4319968.243, 93
Trd, 4319968.993, 138
Trd, 4319969.243, 140
Trd, 4319971.093, 140
Trd, 4319972.743, 79
Trd, 4319972.793, 78
Trd, 4319973.543, 77
Trd, 4319974.043, 106
Trd, 4319974.143, 105
Trd, 4319974.993, 61
Trd, 4319975.593, 133
Trd, 4319976.243, 92
Trd, 4319977.143, 139
Trd, 4319977.343, 105
Trd, 4319977.543, 93
Trd, 4319978.493, 136
Trd, 4319978.943, 134
Trd, 4319979.693, 140
Trd, 4319980.093, 117
Trd, 4319980.143, 78
Trd, 4319980.593, 71
Trd, 4319981.193, 65
Trd, 4319982.293, 60
Trd, 4319982.793, 65
Trd, 4319984.493, 125
Trd, 4319985.143, 124
Trd, 4319986.293, 140
Trd, 4319986.593, 139
Trd, 4319988.043, 117
Trd, 4319988.193, 114
Trd, 4319988.993, 139
Trd, 4319989.343, 119
Trd, 4319989.843, 136
Trd, 4319989.943, 134
Trd, 4319990.793, 97
Trd, 4319991.393, 109
Trd, 4319992.543, 60
Trd, 4319992.593, 62
Trd, 4319993.493, 131
Trd, 4319993.593, 127
Trd, 4319994.493, 139
Trd, 4319996.193, 139
Trd, 4319997.093, 117
Trd, 4319997.243, 139
Trd, 4319998.693, 137
Trd, 4319999.043, 136
Trd, 4319999.143, 120
Trd, 4319999.193, 97
Trd, 4319999.243, 76
Trd, 4319999.593, 127
