Trd, 4318074.243, 126
Trd, 4318075.743, 117
Trd, 4318076.393, 116
Trd, 4318077.443, 140
Trd, 4318078.043, 140
Trd, 4318078.493, 137
Trd, 4318078.693, 131
Trd, 4318080.143, 94
Trd, 4318080.393, 95
Trd, 4318080.493, 111
Trd, 4318081.243, 62
Trd, 4318081.993, 137
Trd, 4318084.193, 92
Trd, 4318085.093, 140
Trd, 4318085.343, 140
Trd, 4318085.693, 140
Trd, 4318086.943, 140
Trd, 4318088.193, 139
Trd, 4318088.243, 110
Trd, 4318088.643, 101
Trd, 4318089.193, 126
Trd, 4318089.593, 102
Trd, 4318090.093, 85
Trd, 4318091.593, 103
Trd, 4318091.643, 102
Trd, 4318093.093, 116
Trd, 4318093.293, 134
Trd, 4318093.393, 139
Trd, 4318094.893, 94
Trd, 4318095.593, 140
Trd, 4318096.993, 136
Trd, 4318097.943, 126
Trd, 4318098.143, 125
Trd, 4318099.243, 127
Trd, 4318100.393, 140
Trd, 4318100.793, 140
Trd, 4318100.893, 140
Trd, 4318102.693, 139
Trd, 4318102.743, 131
Trd, 4318103.093, 140
Trd, 4318103.443, 130
Trd, 4318104.393, 129
Trd, 4318105.543, 138
Trd, 4318105.843, 138
Trd, 4318106.193, 137
Trd, 4318106.243, 132
Trd, 4318106.293, 98
Trd, 4318109.993, 140
Trd, 4318110.043, 140
Trd, 4318110.593, 138
Trd, 4318110.843, 139
Trd, 4318111.143, 128
Trd, 4318111.893, 136
Trd, 4318112.693, 122
Trd, 4318113.943, 132
Trd, 4318114.343, 124
Trd, 4318114.693, 124
Trd, 4318114.843, 90
Trd, 4318115.293, 61
Trd, 4318116.343, 86
Trd, 4318116.393, 130
Trd, 4318119.543, 140
Trd, 4318119.793, 140
Trd, 4318119.843, 140
Trd, 4318120.193, 137
Trd, 4318120.893, 136
Trd, 4318122.543, 117
Trd, 4318123.443, 140
Trd, 4318123.693, 140
Trd, 4318123.793, 140
Trd, 4318123.893, 139
Trd, 4318125.993, 139
Trd, 4318126.393, 104
Trd, 4318126.993, 119
Trd, 4318127.393, 111
Trd, 4318128.043, 113
Trd, 4318129.043, 113
Trd, 4318129.143, 94
Trd, 4318129.443, 60
Trd, 4318130.193, 79
Trd, 4318130.893, 65
Trd, 4318131.143, 102
Trd, 4318131.943, 119
Trd, 4318134.393, 60
Trd, 4318134.593, 61
Trd, 4318135.293, 80
Trd, 4318135.493, 69
Trd, 4318138.593, 60
Trd, 4318138.793, 61
Trd, 4318138.843, 120
Trd, 4318139.843, 93
Trd, 4318139.943, 65
Trd, 4318139.993, 62
Trd, 4318141.293, 70
Trd, 4318141.893, 67
Trd, 4318142.393, 106
Trd, 4318143.043, 69
Trd, 4318143.493, 124
Trd, 4318143.693, 68
Trd, 4318145.243, 133
Trd, 4318145.693, 137
Trd, 4318146.843, 138
Trd, 4318148.943, 140
Trd, 4318148.993, 140
Trd, 4318149.943, 120
Trd, 4318151.093, 121
Trd, 4318152.243, 140
Trd, 4318153.093, 140
Trd, 4318154.193, 140
Trd, 4318154.843, 140
Trd, 4318155.393, 140
Trd, 4318155.693, 138
Trd, 4318157.743, 140
Trd, 4318157.993, 139
Trd, 4318158.343, 137
Trd, 4318159.393, 139
Trd, 4318159.743, 113
Trd, 4318159.793, 95
Trd, 4318160.893, 108
Trd, 4318162.943, 140
Trd, 4318163.293, 140
Trd, 4318163.843, 140
Trd, 4318165.343, 109
Trd, 4318165.943, 140
Trd, 4318166.293, 126
Trd, 4318166.843, 138
Trd, 4318168.393, 140
Trd, 4318169.193, 140
Trd, 4318169.743, 140
Trd, 4318170.193, 140
Trd, 4318171.893, 140
Trd, 4318172.343, 140
Trd, 4318172.793, 139
Trd, 4318173.443, 129
Trd, 4318173.593, 122
Trd, 4318173.643, 101
Trd, 4318175.043, 122
Trd, 4318175.343, 123
Trd, 4318176.393, 126
Trd, 4318176.793, 124
Trd, 4318178.143, 126
Trd, 4318178.543, 125
Trd, 4318178.743, 97
Trd, 4318179.693, 97
Trd, 4318181.543, 140
Trd, 4318181.643, 139
Trd, 4318182.993, 114
Trd, 4318183.743, 96
Trd, 4318184.943, 140
Trd, 4318185.193, 140
Trd, 4318185.643, 140
Trd, 4318185.743, 139
Trd, 4318186.243, 104
Trd, 4318189.093, 61
Trd, 4318189.193, 62
Trd, 4318189.343, 70
Trd, 4318190.093, 139
Trd, 4318190.143, 138
Trd, 4318191.343, 136
Trd, 4318192.993, 140
Trd, 4318194.293, 140
Trd, 4318194.443, 140
Trd, 4318194.693, 140
Trd, 4318195.643, 140
Trd, 4318196.093, 119
Trd, 4318196.793, 137
Trd, 4318198.743, 140
Trd, 4318198.893, 140
Trd, 4318199.543, 136
Trd, 4318200.393, 93
Trd, 4318201.893, 140
Trd, 4318202.093, 140
Trd, 4318202.243, 140
Trd, 4318203.543, 140
Trd, 4318204.893, 134
Trd, 4318206.393, 140
Trd, 4318207.093, 140
Trd, 4318207.143, 140
Trd, 4318207.193, 140
Trd, 4318208.293, 140
Trd, 4318209.643, 140
Trd, 4318211.293, 140
Trd, 4318211.543, 140
Trd, 4318212.343, 140
Trd, 4318212.493, 139
Trd, 4318213.093, 139
Trd, 4318213.143, 112
Trd, 4318213.193, 97
Trd, 4318214.143, 61
Trd, 4318216.543, 140
Trd, 4318217.093, 140
Trd, 4318217.593, 140
Trd, 4318219.193, 140
Trd, 4318219.693, 140
Trd, 4318219.743, 140
Trd, 4318220.993, 140
Trd, 4318223.393, 140
Trd, 4318223.793, 140
Trd, 4318224.343, 140
Trd, 4318225.043, 116
Trd, 4318225.643, 99
Trd, 4318226.593, 60
Trd, 4318226.793, 61
Trd, 4318226.843, 63
Trd, 4318227.343, 67
Trd, 4318228.393, 140
Trd, 4318229.243, 140
Trd, 4318229.993, 115
Trd, 4318230.343, 135
Trd, 4318231.193, 101
Trd, 4318231.943, 101
Trd, 4318232.343, 100
Trd, 4318232.643, 106
Trd, 4318233.993, 118
Trd, 4318235.043, 140
Trd, 4318238.693, 140
Trd, 4318239.843, 140
Trd, 4318240.743, 140
Trd, 4318240.993, 140
Trd, 4318241.743, 140
Trd, 4318242.593, 140
Trd, 4318243.093, 140
Trd, 4318243.543, 140
Trd, 4318244.593, 140
Trd, 4318245.643, 140
Trd, 4318246.093, 139
Trd, 4318247.343, 139
Trd, 4318247.993, 140
Trd, 4318249.343, 138
Trd, 4318251.093, 140
Trd, 4318251.243, 140
Trd, 4318251.693, 139
Trd, 4318252.193, 122
Trd, 4318253.343, 135
Trd, 4318254.943, 140
Trd, 4318255.843, 140
Trd, 4318256.443, 140
Trd, 4318257.393, 140
Trd, 4318257.543, 139
Trd, 4318257.693, 135
Trd, 4318258.343, 139
Trd, 4318261.643, 140
Trd, 4318261.943, 140
Trd, 4318262.593, 140
Trd, 4318263.143, 140
Trd, 4318264.193, 139
Trd, 4318264.393, 139
Trd, 4318264.493, 133
Trd, 4318264.693, 125
Trd, 4318267.443, 134
Trd, 4318267.493, 103
Trd, 4318268.843, 116
Trd, 4318269.193, 106
Trd, 4318269.743, 133
Trd, 4318272.293, 131
Trd, 4318272.493, 132
Trd, 4318273.343, 139
Trd, 4318273.593, 132
Trd, 4318273.843, 127
Trd, 4318274.893, 140
Trd, 4318275.293, 139
Trd, 4318275.393, 101
Trd, 4318276.993, 126
Trd, 4318278.493, 121
Trd, 4318279.393, 61
Trd, 4318281.393, 140
Trd, 4318281.543, 140
Trd, 4318282.843, 140
Trd, 4318283.443, 140
Trd, 4318284.293, 139
Trd, 4318284.693, 137
Trd, 4318284.943, 133
Trd, 4318285.443, 132
Trd, 4318286.543, 137
Trd, 4318286.693, 139
Trd, 4318287.493, 124
Trd, 4318288.443, 140
Trd, 4318290.143, 140
Trd, 4318291.343, 140
Trd, 4318291.543, 140
Trd, 4318291.693, 125
Trd, 4318292.293, 112
Trd, 4318293.493, 116
Trd, 4318293.943, 119
Trd, 4318294.243, 118
Trd, 4318295.593, 139
Trd, 4318295.943, 90
Trd, 4318297.243, 91
Trd, 4318298.793, 140
Trd, 4318298.993, 140
Trd, 4318300.493, 123
Trd, 4318300.943, 140
Trd, 4318301.243, 139
Trd, 4318301.343, 114
Trd, 4318301.943, 134
Trd, 4318302.843, 118
Trd, 4318303.593, 136
Trd, 4318303.893, 136
Trd, 4318303.943, 135
Trd, 4318305.493, 64
Trd, 4318306.143, 138
Trd, 4318306.693, 60
Trd, 4318308.043, 136
Trd, 4318308.793, 72
Trd, 4318308.893, 88
Trd, 4318310.193, 138
Trd, 4318310.293, 133
Trd, 4318311.243, 140
Trd, 4318312.093, 140
Trd, 4318312.643, 140
Trd, 4318313.043, 139
Trd, 4318313.843, 140
Trd, 4318314.043, 140
Trd, 4318314.793, 137
Trd, 4318315.493, 128
Trd, 4318317.743, 124
Trd, 4318318.043, 119
Trd, 4318318.193, 128
Trd, 4318320.693, 60
Trd, 4318321.443, 60
Trd, 4318322.793, 60
Trd, 4318323.593, 64
Trd, 4318323.743, 68
Trd, 4318324.043, 65
Trd, 4318324.093, 69
Trd, 4318324.693, 63
Trd, 4318324.743, 82
Trd, 4318324.943, 91
Trd, 4318326.093, 98
Trd, 4318327.293, 140
Trd, 4318328.393, 140
Trd, 4318329.293, 140
Trd, 4318329.493, 140
Trd, 4318330.543, 139
Trd, 4318332.243, 104
Trd, 4318333.543, 130
Trd, 4318335.593, 140
Trd, 4318336.793, 140
Trd, 4318337.443, 140
Trd, 4318337.993, 140
Trd, 4318340.243, 140
Trd, 4318340.443, 140
Trd, 4318340.743, 140
Trd, 4318340.943, 140
Trd, 4318342.243, 140
Trd, 4318342.593, 140
Trd, 4318342.793, 133
Trd, 4318343.743, 119
Trd, 4318344.343, 134
Trd, 4318344.393, 117
Trd, 4318346.093, 129
Trd, 4318347.843, 140
Trd, 4318348.043, 140
Trd, 4318348.743, 116
Trd, 4318349.043, 115
Trd, 4318349.243, 87
Trd, 4318349.593, 138
Trd, 4318349.843, 139
Trd, 4318351.493, 140
Trd, 4318352.293, 139
Trd, 4318353.493, 138
Trd, 4318354.143, 110
Trd, 4318354.243, 104
Trd, 4318354.643, 82
Trd, 4318355.493, 96
Trd, 4318355.693, 81
Trd, 4318356.693, 66
Trd, 4318356.793, 64
Trd, 4318356.943, 69
Trd, 4318357.793, 89
Trd, 4318358.343, 107
Trd, 4318360.543, 77
Trd, 4318360.593, 96
Trd, 4318361.643, 61
Trd, 4318362.993, 67
Trd, 4318363.493, 62
Trd, 4318364.393, 95
Trd, 4318366.143, 60
Trd, 4318367.293, 66
Trd, 4318367.643, 67
Trd, 4318368.093, 120
Trd, 4318368.193, 67
Trd, 4318368.443, 66
Trd, 4318370.543, 140
Trd, 4318370.593, 140
Trd, 4318371.593, 140
Trd, 4318372.593, 137
Trd, 4318373.593, 128
Trd, 4318373.643, 127
Trd, 4318374.143, 124
Trd, 4318374.993, 114
Trd, 4318376.443, 140
Trd, 4318376.693, 140
Trd, 4318377.193, 140
Trd, 4318378.243, 140
Trd, 4318378.343, 140
Trd, 4318379.293, 122
Trd, 4318379.743, 140
Trd, 4318379.793, 139
Trd, 4318381.993, 115
Trd, 4318382.043, 87
Trd, 4318382.393, 88
Trd, 4318384.043, 140
Trd, 4318386.793, 140
Trd, 4318387.093, 140
Trd, 4318387.543, 140
Trd, 4318387.943, 139
Trd, 4318388.743, 126
Trd, 4318388.993, 96
Trd, 4318391.043, 140
Trd, 4318392.393, 140
Trd, 4318392.493, 140
Trd, 4318392.843, 99
Trd, 4318393.593, 106
Trd, 4318394.243, 109
Trd, 4318394.293, 98
Trd, 4318395.593, 61
Trd, 4318395.693, 79
Trd, 4318396.193, 97
Trd, 4318397.993, 111
Trd, 4318398.593, 138
Trd, 4318399.043, 139
Trd, 4318399.093, 137
Trd, 4318400.043, 140
Trd, 4318400.643, 109
Trd, 4318401.593, 140
Trd, 4318402.943, 140
Trd, 4318403.993, 140
Trd, 4318404.443, 140
Trd, 4318405.393, 140
Trd, 4318405.943, 140
Trd, 4318406.643, 124
Trd, 4318407.843, 140
Trd, 4318408.493, 140
Trd, 4318409.643, 140
Trd, 4318410.293, 140
Trd, 4318410.793, 140
Trd, 4318411.143, 140
Trd, 4318411.893, 119
Trd, 4318412.843, 140
Trd, 4318415.243, 140
Trd, 4318415.343, 140
Trd, 4318415.593, 98
Trd, 4318416.343, 105
Trd, 4318416.393, 88
Trd, 4318416.793, 106
Trd, 4318417.843, 109
Trd, 4318418.543, 140
Trd, 4318420.193, 140
Trd, 4318421.243, 140
Trd, 4318422.093, 140
Trd, 4318422.943, 140
Trd, 4318423.893, 140
Trd, 4318424.343, 137
Trd, 4318426.393, 140
Trd, 4318426.543, 140
Trd, 4318427.493, 139
Trd, 4318427.693, 75
Trd, 4318428.343, 96
Trd, 4318429.443, 70
Trd, 4318430.893, 140
Trd, 4318431.443, 140
Trd, 4318431.543, 138
Trd, 4318431.643, 122
Trd, 4318432.393, 117
Trd, 4318432.843, 136
Trd, 4318433.843, 118
Trd, 4318434.093, 137
Trd, 4318435.643, 140
Trd, 4318436.343, 138
Trd, 4318437.743, 140
Trd, 4318438.543, 140
Trd, 4318441.193, 140
Trd, 4318441.293, 140
Trd, 4318441.543, 140
Trd, 4318441.943, 140
Trd, 4318442.193, 125
Trd, 4318442.793, 118
Trd, 4318443.843, 140
Trd, 4318445.443, 140
Trd, 4318446.143, 140
Trd, 4318446.443, 140
Trd, 4318446.643, 120
Trd, 4318447.093, 134
Trd, 4318447.143, 102
Trd, 4318448.293, 61
Trd, 4318448.543, 98
Trd, 4318449.443, 110
Trd, 4318451.293, 86
Trd, 4318451.793, 77
Trd, 4318452.893, 130
Trd, 4318453.043, 130
Trd, 4318453.093, 98
Trd, 4318453.643, 139
Trd, 4318453.943, 105
Trd, 4318456.593, 60
Trd, 4318456.793, 62
Trd, 4318456.943, 71
Trd, 4318457.093, 98
Trd, 4318458.793, 134
Trd, 4318458.843, 132
Trd, 4318459.693, 127
Trd, 4318460.643, 126
Trd, 4318461.493, 129
Trd, 4318462.443, 140
Trd, 4318463.043, 140
Trd, 4318463.343, 140
Trd, 4318463.793, 139
Trd, 4318464.143, 139
Trd, 4318464.893, 128
Trd, 4318466.093, 140
Trd, 4318466.143, 140
Trd, 4318467.293, 140
Trd, 4318467.493, 136
Trd, 4318470.493, 139
Trd, 4318470.643, 134
Trd, 4318471.093, 135
Trd, 4318471.293, 96
Trd, 4318471.743, 107
Trd, 4318473.993, 118
Trd, 4318474.893, 118
Trd, 4318475.393, 134
Trd, 4318475.643, 115
Trd, 4318475.793, 107
Trd, 4318476.143, 139
Trd, 4318476.843, 140
Trd, 4318477.693, 140
Trd, 4318477.943, 119
Trd, 4318478.593, 128
Trd, 4318478.893, 127
Trd, 4318480.193, 121
Trd, 4318482.193, 123
Trd, 4318482.393, 123
Trd, 4318482.643, 123
Trd, 4318482.793, 71
Trd, 4318483.443, 127
Trd, 4318486.143, 139
Trd, 4318486.293, 137
Trd, 4318486.893, 140
Trd, 4318487.243, 130
Trd, 4318487.593, 117
Trd, 4318488.443, 110
Trd, 4318489.193, 138
Trd, 4318489.343, 91
Trd, 4318490.393, 134
Trd, 4318491.093, 133
Trd, 4318491.243, 132
Trd, 4318493.943, 140
Trd, 4318494.943, 140
Trd, 4318495.343, 140
Trd, 4318495.693, 140
Trd, 4318495.893, 139
Trd, 4318496.593, 108
Trd, 4318497.393, 135
Trd, 4318497.993, 139
Trd, 4318498.693, 134
Trd, 4318499.393, 140
Trd, 4318500.493, 140
Trd, 4318500.993, 140
Trd, 4318501.693, 140
Trd, 4318501.743, 140
Trd, 4318501.993, 127
Trd, 4318503.343, 131
Trd, 4318503.743, 128
Trd, 4318504.693, 120
Trd, 4318505.493, 139
Trd, 4318506.043, 140
Trd, 4318506.643, 140
Trd, 4318507.043, 139
Trd, 4318507.543, 139
Trd, 4318508.593, 140
Trd, 4318509.643, 103
Trd, 4318512.243, 140
Trd, 4318512.593, 140
Trd, 4318513.593, 129
Trd, 4318514.443, 138
Trd, 4318514.893, 129
Trd, 4318516.143, 140
Trd, 4318517.193, 140
Trd, 4318518.543, 140
Trd, 4318520.693, 140
Trd, 4318521.493, 140
Trd, 4318522.143, 139
Trd, 4318522.543, 137
Trd, 4318523.443, 126
Trd, 4318524.293, 140
Trd, 4318524.743, 120
Trd, 4318525.393, 135
Trd, 4318527.993, 126
Trd, 4318528.543, 73
Trd, 4318528.593, 86
Trd, 4318529.843, 140
Trd, 4318530.243, 124
Trd, 4318530.593, 139
Trd, 4318532.643, 60
Trd, 4318532.843, 64
Trd, 4318533.143, 91
Trd, 4318535.693, 132
Trd, 4318536.693, 101
Trd, 4318536.793, 100
Trd, 4318536.893, 135
Trd, 4318537.743, 101
Trd, 4318541.643, 140
Trd, 4318541.693, 140
Trd, 4318541.943, 139
Trd, 4318541.993, 130
Trd, 4318543.093, 138
Trd, 4318543.643, 113
Trd, 4318545.443, 134
Trd, 4318545.843, 133
Trd, 4318546.043, 139
Trd, 4318546.293, 117
Trd, 4318546.993, 118
Trd, 4318547.493, 77
Trd, 4318548.493, 60
Trd, 4318548.793, 62
Trd, 4318549.193, 61
Trd, 4318549.393, 84
Trd, 4318549.743, 98
Trd, 4318551.743, 110
Trd, 4318552.793, 97
Trd, 4318553.443, 96
Trd, 4318553.993, 114
Trd, 4318554.343, 91
Trd, 4318555.593, 114
Trd, 4318556.643, 65
Trd, 4318557.493, 111
Trd, 4318558.143, 65
Trd, 4318559.243, 116
Trd, 4318560.093, 140
Trd, 4318560.543, 139
Trd, 4318561.343, 132
Trd, 4318563.193, 128
Trd, 4318564.693, 140
Trd, 4318565.243, 140
Trd, 4318565.643, 140
Trd, 4318565.793, 126
Trd, 4318566.743, 140
Trd, 4318566.843, 140
Trd, 4318567.293, 140
Trd, 4318568.643, 136
Trd, 4318568.893, 135
Trd, 4318570.243, 122
Trd, 4318570.543, 119
Trd, 4318571.193, 140
Trd, 4318572.043, 140
Trd, 4318573.093, 140
Trd, 4318573.143, 140
Trd, 4318575.093, 139
Trd, 4318575.393, 109
Trd, 4318575.493, 108
Trd, 4318576.393, 140
Trd, 4318576.843, 140
Trd, 4318577.593, 140
Trd, 4318578.393, 140
Trd, 4318578.493, 140
Trd, 4318578.993, 137
Trd, 4318580.393, 127
Trd, 4318580.493, 123
Trd, 4318580.993, 103
Trd, 4318581.493, 102
Trd, 4318582.843, 140
Trd, 4318583.743, 140
Trd, 4318584.143, 140
Trd, 4318584.393, 140
Trd, 4318585.843, 129
Trd, 4318586.393, 130
Trd, 4318586.993, 140
Trd, 4318587.793, 140
Trd, 4318589.043, 140
Trd, 4318591.293, 138
Trd, 4318591.743, 140
Trd, 4318592.193, 112
Trd, 4318592.393, 128
Trd, 4318592.693, 105
Trd, 4318593.443, 85
Trd, 4318594.693, 140
Trd, 4318594.793, 140
Trd, 4318595.093, 140
Trd, 4318595.693, 139
Trd, 4318595.993, 113
Trd, 4318596.893, 140
Trd, 4318597.193, 139
Trd, 4318598.393, 138
Trd, 4318599.043, 137
Trd, 4318601.593, 140
Trd, 4318602.093, 140
Trd, 4318603.243, 140
Trd, 4318604.143, 140
Trd, 4318605.293, 140
Trd, 4318605.393, 140
Trd, 4318605.743, 140
Trd, 4318606.843, 135
Trd, 4318608.143, 115
Trd, 4318608.243, 93
Trd, 4318608.543, 92
Trd, 4318609.543, 74
Trd, 4318612.093, 140
Trd, 4318612.593, 140
Trd, 4318613.993, 140
Trd, 4318615.293, 140
Trd, 4318616.693, 140
Trd, 4318617.143, 140
Trd, 4318617.243, 140
Trd, 4318618.493, 140
Trd, 4318619.043, 140
Trd, 4318620.043, 140
Trd, 4318620.443, 136
Trd, 4318621.593, 140
Trd, 4318623.493, 140
Trd, 4318623.593, 140
Trd, 4318624.043, 140
Trd, 4318625.243, 126
Trd, 4318626.193, 140
Trd, 4318626.293, 139
Trd, 4318626.393, 108
Trd, 4318627.293, 110
Trd, 4318627.543, 110
Trd, 4318627.793, 106
Trd, 4318628.043, 140
Trd, 4318629.493, 140
Trd, 4318632.643, 128
Trd, 4318632.993, 121
Trd, 4318633.993, 119
Trd, 4318635.043, 140
Trd, 4318635.493, 139
Trd, 4318635.843, 139
Trd, 4318636.993, 140
Trd, 4318638.243, 140
Trd, 4318639.343, 140
Trd, 4318639.693, 140
Trd, 4318640.293, 137
Trd, 4318641.143, 80
Trd, 4318641.393, 79
Trd, 4318641.643, 83
Trd, 4318642.143, 113
Trd, 4318645.193, 140
Trd, 4318646.393, 131
Trd, 4318646.693, 130
Trd, 4318647.093, 121
Trd, 4318647.443, 140
Trd, 4318648.393, 139
Trd, 4318648.443, 122
Trd, 4318648.593, 122
Trd, 4318650.393, 102
Trd, 4318650.893, 103
Trd, 4318651.243, 65
Trd, 4318653.093, 132
Trd, 4318653.743, 134
Trd, 4318654.543, 134
Trd, 4318654.793, 134
Trd, 4318657.643, 140
Trd, 4318658.243, 140
Trd, 4318658.293, 140
Trd, 4318658.993, 139
Trd, 4318659.293, 134
Trd, 4318659.843, 85
Trd, 4318659.993, 86
Trd, 4318660.193, 132
Trd, 4318660.493, 140
Trd, 4318662.093, 63
Trd, 4318662.393, 61
Trd, 4318664.543, 65
Trd, 4318665.393, 65
Trd, 4318665.543, 80
Trd, 4318665.943, 108
Trd, 4318666.493, 140
Trd, 4318666.543, 132
Trd, 4318667.193, 67
Trd, 4318668.093, 139
Trd, 4318668.143, 68
Trd, 4318669.993, 140
Trd, 4318671.343, 140
Trd, 4318672.293, 140
Trd, 4318672.843, 139
Trd, 4318673.493, 116
Trd, 4318674.093, 139
Trd, 4318674.493, 140
Trd, 4318675.293, 104
Trd, 4318675.643, 104
Trd, 4318677.243, 140
Trd, 4318677.393, 102
Trd, 4318677.743, 113
Trd, 4318678.593, 61
Trd, 4318679.793, 140
Trd, 4318680.093, 140
Trd, 4318680.743, 140
Trd, 4318680.993, 136
Trd, 4318683.543, 87
Trd, 4318684.093, 82
Trd, 4318684.343, 83
Trd, 4318684.943, 131
Trd, 4318686.193, 140
Trd, 4318686.843, 103
Trd, 4318687.443, 130
Trd, 4318687.743, 103
Trd, 4318688.393, 94
Trd, 4318688.943, 119
Trd, 4318689.143, 133
Trd, 4318690.093, 114
Trd, 4318690.793, 113
Trd, 4318691.093, 112
Trd, 4318691.193, 114
Trd, 4318693.143, 140
Trd, 4318693.543, 140
Trd, 4318693.893, 139
Trd, 4318695.043, 122
Trd, 4318695.093, 121
Trd, 4318695.843, 120
Trd, 4318696.193, 123
Trd, 4318696.293, 108
Trd, 4318697.543, 140
Trd, 4318698.743, 140
Trd, 4318699.093, 140
Trd, 4318701.243, 140
Trd, 4318701.343, 140
Trd, 4318701.843, 140
Trd, 4318702.343, 140
Trd, 4318702.793, 134
Trd, 4318702.843, 125
Trd, 4318703.843, 129
Trd, 4318704.343, 117
Trd, 4318704.743, 131
Trd, 4318704.993, 120
Trd, 4318706.643, 66
Trd, 4318707.793, 117
Trd, 4318708.143, 127
Trd, 4318708.443, 115
Trd, 4318709.043, 134
Trd, 4318709.843, 106
Trd, 4318710.193, 102
Trd, 4318711.393, 121
Trd, 4318712.643, 140
Trd, 4318712.843, 139
Trd, 4318714.043, 129
Trd, 4318714.143, 128
Trd, 4318715.843, 138
Trd, 4318716.993, 140
Trd, 4318717.043, 140
Trd, 4318717.093, 139
Trd, 4318717.343, 128
Trd, 4318717.893, 137
Trd, 4318718.643, 139
Trd, 4318720.993, 117
Trd, 4318721.043, 119
Trd, 4318723.343, 125
Trd, 4318723.743, 139
Trd, 4318724.693, 137
Trd, 4318724.893, 124
Trd, 4318725.043, 83
Trd, 4318725.693, 101
Trd, 4318725.843, 102
Trd, 4318727.293, 108
Trd, 4318728.443, 140
Trd, 4318729.043, 140
Trd, 4318729.143, 140
Trd, 4318729.243, 138
Trd, 4318729.593, 125
Trd, 4318730.693, 139
Trd, 4318731.943, 140
Trd, 4318734.043, 138
Trd, 4318734.293, 137
Trd, 4318735.243, 140
Trd, 4318735.393, 140
Trd, 4318735.993, 137
Trd, 4318736.643, 138
Trd, 4318737.543, 139
Trd, 4318738.893, 140
Trd, 4318739.143, 136
Trd, 4318740.643, 123
Trd, 4318740.793, 112
Trd, 4318740.943, 110
Trd, 4318742.393, 140
Trd, 4318743.993, 103
Trd, 4318744.393, 101
Trd, 4318745.893, 138
Trd, 4318746.593, 140
Trd, 4318746.793, 138
Trd, 4318747.343, 140
Trd, 4318749.543, 140
Trd, 4318749.593, 140
Trd, 4318749.643, 140
Trd, 4318751.043, 139
Trd, 4318751.443, 138
Trd, 4318752.093, 134
Trd, 4318753.943, 137
Trd, 4318754.443, 123
Trd, 4318754.493, 111
Trd, 4318755.993, 117
Trd, 4318756.993, 140
Trd, 4318757.793, 140
Trd, 4318758.643, 140
Trd, 4318758.843, 132
Trd, 4318758.893, 77
Trd, 4318762.393, 140
Trd, 4318763.293, 140
Trd, 4318763.443, 140
Trd, 4318764.943, 140
Trd, 4318765.293, 138
Trd, 4318766.693, 139
Trd, 4318768.093, 134
Trd, 4318768.293, 140
Trd, 4318768.443, 140
Trd, 4318768.593, 117
Trd, 4318770.093, 140
Trd, 4318770.493, 140
Trd, 4318771.593, 140
Trd, 4318772.143, 125
Trd, 4318773.793, 99
Trd, 4318775.143, 139
Trd, 4318775.293, 138
Trd, 4318776.543, 104
Trd, 4318776.943, 104
Trd, 4318777.343, 136
Trd, 4318777.643, 124
Trd, 4318778.493, 131
Trd, 4318779.793, 140
Trd, 4318780.343, 134
Trd, 4318780.543, 134
Trd, 4318781.793, 140
Trd, 4318782.843, 140
Trd, 4318784.093, 140
Trd, 4318784.693, 140
Trd, 4318785.493, 137
Trd, 4318785.643, 136
Trd, 4318788.743, 138
Trd, 4318789.393, 139
Trd, 4318789.843, 140
Trd, 4318791.093, 140
Trd, 4318791.343, 135
Trd, 4318792.843, 140
Trd, 4318794.243, 140
Trd, 4318794.493, 140
Trd, 4318794.893, 140
Trd, 4318794.993, 137
Trd, 4318795.793, 134
Trd, 4318796.893, 135
Trd, 4318797.193, 134
Trd, 4318798.043, 135
Trd, 4318798.893, 83
Trd, 4318799.893, 139
Trd, 4318801.243, 139
Trd, 4318801.343, 139
Trd, 4318803.593, 140
Trd, 4318803.743, 139
Trd, 4318803.993, 140
Trd, 4318806.243, 115
Trd, 4318807.243, 140
Trd, 4318807.443, 140
Trd, 4318807.793, 133
Trd, 4318808.093, 132
Trd, 4318808.343, 100
Trd, 4318809.943, 61
Trd, 4318811.343, 140
Trd, 4318813.793, 140
Trd, 4318814.543, 140
Trd, 4318816.193, 140
Trd, 4318816.843, 140
Trd, 4318818.193, 140
Trd, 4318818.243, 140
Trd, 4318818.543, 140
Trd, 4318819.193, 129
Trd, 4318819.343, 106
Trd, 4318821.743, 134
Trd, 4318821.943, 133
Trd, 4318822.843, 133
Trd, 4318823.543, 119
Trd, 4318824.293, 120
Trd, 4318824.993, 135
Trd, 4318826.443, 127
Trd, 4318826.943, 140
Trd, 4318828.093, 135
Trd, 4318828.743, 126
Trd, 4318828.843, 124
Trd, 4318829.643, 122
Trd, 4318829.793, 133
Trd, 4318830.693, 121
Trd, 4318831.893, 112
Trd, 4318831.943, 133
Trd, 4318832.343, 84
Trd, 4318832.393, 136
Trd, 4318832.993, 139
Trd, 4318833.643, 90
Trd, 4318834.293, 139
Trd, 4318834.693, 127
Trd, 4318835.143, 61
Trd, 4318836.493, 120
Trd, 4318837.093, 140
Trd, 4318838.093, 140
Trd, 4318838.543, 140
Trd, 4318838.593, 100
Trd, 4318839.493, 110
Trd, 4318840.343, 119
Trd, 4318841.293, 61
Trd, 4318842.593, 64
Trd, 4318842.943, 61
Trd, 4318843.193, 78
Trd, 4318844.293, 138
Trd, 4318844.743, 138
Trd, 4318844.793, 137
Trd, 4318844.893, 98
Trd, 4318846.843, 61
Trd, 4318847.093, 62
Trd, 4318848.393, 61
Trd, 4318848.793, 61
Trd, 4318849.893, 60
Trd, 4318850.693, 138
Trd, 4318851.893, 104
Trd, 4318852.543, 103
Trd, 4318853.243, 92
Trd, 4318853.393, 93
Trd, 4318853.443, 69
Trd, 4318854.943, 111
Trd, 4318855.293, 136
Trd, 4318856.993, 140
Trd, 4318857.043, 132
Trd, 4318857.943, 132
Trd, 4318858.543, 130
Trd, 4318860.093, 140
Trd, 4318860.243, 140
Trd, 4318860.543, 128
Trd, 4318861.543, 125
Trd, 4318861.943, 123
Trd, 4318862.643, 60
Trd, 4318863.143, 87
Trd, 4318864.743, 140
Trd, 4318865.693, 113
Trd, 4318866.543, 125
Trd, 4318866.993, 140
Trd, 4318867.493, 115
Trd, 4318868.293, 117
Trd, 4318869.343, 140
Trd, 4318870.993, 140
Trd, 4318871.093, 140
Trd, 4318871.593, 140
Trd, 4318871.893, 140
Trd, 4318872.043, 140
Trd, 4318873.843, 140
Trd, 4318874.693, 140
Trd, 4318875.643, 139
Trd, 4318877.393, 140
Trd, 4318878.093, 140
Trd, 4318879.743, 140
Trd, 4318880.143, 140
Trd, 4318880.543, 135
Trd, 4318881.243, 140
Trd, 4318881.343, 129
Trd, 4318881.943, 128
Trd, 4318882.693, 72
Trd, 4318883.343, 139
Trd, 4318885.043, 138
Trd, 4318885.693, 138
Trd, 4318885.843, 138
Trd, 4318886.343, 109
Trd, 4318886.993, 126
Trd, 4318887.993, 77
Trd, 4318889.243, 140
Trd, 4318891.093, 140
Trd, 4318891.193, 140
Trd, 4318891.943, 140
Trd, 4318893.043, 140
Trd, 4318893.093, 140
Trd, 4318893.943, 140
Trd, 4318894.093, 139
Trd, 4318895.643, 135
Trd, 4318895.993, 139
Trd, 4318897.393, 140
Trd, 4318897.843, 140
Trd, 4318897.943, 138
Trd, 4318899.043, 139
Trd, 4318899.693, 104
Trd, 4318899.843, 139
Trd, 4318899.993, 93
Trd, 4318901.043, 68
Trd, 4318901.393, 139
Trd, 4318902.443, 109
Trd, 4318902.843, 118
Trd, 4318904.743, 140
Trd, 4318905.043, 140
Trd, 4318905.143, 140
Trd, 4318905.793, 139
Trd, 4318905.893, 138
Trd, 4318907.193, 60
Trd, 4318907.243, 64
Trd, 4318908.443, 123
Trd, 4318908.493, 72
Trd, 4318908.893, 110
Trd, 4318910.793, 61
Trd, 4318912.193, 63
Trd, 4318913.393, 140
Trd, 4318913.643, 140
Trd, 4318914.243, 140
Trd, 4318915.243, 140
Trd, 4318916.643, 140
Trd, 4318917.643, 140
Trd, 4318919.493, 140
Trd, 4318920.143, 140
Trd, 4318921.043, 140
Trd, 4318921.143, 139
Trd, 4318921.443, 136
Trd, 4318923.343, 132
Trd, 4318923.943, 133
Trd, 4318924.093, 140
Trd, 4318924.243, 132
Trd, 4318926.743, 139
Trd, 4318926.843, 121
Trd, 4318927.993, 135
Trd, 4318928.243, 106
Trd, 4318928.993, 130
Trd, 4318929.593, 107
Trd, 4318929.643, 105
Trd, 4318930.843, 134
Trd, 4318934.043, 140
Trd, 4318934.193, 140
Trd, 4318935.093, 140
Trd, 4318935.243, 140
Trd, 4318935.693, 140
Trd, 4318938.793, 140
Trd, 4318938.943, 139
Trd, 4318939.843, 140
Trd, 4318941.943, 140
Trd, 4318942.343, 140
Trd, 4318943.043, 140
Trd, 4318943.243, 140
Trd, 4318943.443, 140
Trd, 4318944.543, 136
Trd, 4318946.593, 132
Trd, 4318947.093, 133
Trd, 4318947.493, 131
Trd, 4318947.793, 100
Trd, 4318948.943, 138
Trd, 4318949.693, 137
Trd, 4318950.143, 124
Trd, 4318950.643, 101
Trd, 4318950.693, 100
Trd, 4318952.493, 139
Trd, 4318952.543, 106
Trd, 4318953.493, 101
Trd, 4318955.243, 140
Trd, 4318956.193, 140
Trd, 4318957.843, 140
Trd, 4318958.043, 140
Trd, 4318958.243, 140
Trd, 4318958.643, 140
Trd, 4318959.243, 139
Trd, 4318960.293, 134
Trd, 4318960.343, 133
Trd, 4318960.643, 103
Trd, 4318961.093, 131
Trd, 4318961.393, 132
Trd, 4318962.043, 130
Trd, 4318963.243, 140
Trd, 4318966.643, 140
Trd, 4318967.443, 140
Trd, 4318968.893, 140
Trd, 4318969.793, 140
Trd, 4318970.543, 140
Trd, 4318970.893, 140
Trd, 4318971.293, 140
Trd, 4318971.843, 140
Trd, 4318972.943, 140
Trd, 4318973.193, 137
Trd, 4318973.493, 133
Trd, 4318974.843, 139
Trd, 4318975.743, 140
Trd, 4318975.993, 124
Trd, 4318976.443, 124
Trd, 4318976.793, 124
Trd, 4318979.393, 134
Trd, 4318980.343, 140
Trd, 4318980.693, 140
Trd, 4318982.643, 140
Trd, 4318983.393, 140
Trd, 4318984.593, 140
Trd, 4318984.643, 140
Trd, 4318985.693, 140
Trd, 4318986.793, 140
Trd, 4318987.493, 139
Trd, 4318988.993, 125
Trd, 4318989.593, 135
Trd, 4318990.243, 139
Trd, 4318990.493, 128
Trd, 4318991.293, 139
Trd, 4318991.393, 129
Trd, 4318991.693, 128
Trd, 4318992.893, 113
Trd, 4318994.093, 76
Trd, 4318995.043, 63
Trd, 4318996.793, 62
Trd, 4318997.293, 60
Trd, 4318997.343, 113
Trd, 4318999.543, 60
Trd, 4318999.643, 60
Trd, 4318999.843, 80
Trd, 4319000.993, 60
Trd, 4319001.793, 63
Trd, 4319002.143, 62
Trd, 4319002.393, 87
Trd, 4319002.493, 62
Trd, 4319005.593, 134
Trd, 4319006.043, 135
Trd, 4319006.243, 134
Trd, 4319006.893, 134
Trd, 4319007.293, 137
Trd, 4319008.093, 140
Trd, 4319010.193, 140
Trd, 4319011.043, 140
Trd, 4319011.393, 140
Trd, 4319011.893, 140
Trd, 4319013.393, 140
Trd, 4319013.693, 140
Trd, 4319014.593, 140
Trd, 4319014.843, 140
Trd, 4319016.043, 138
Trd, 4319018.143, 140
Trd, 4319018.243, 140
Trd, 4319018.393, 140
Trd, 4319019.643, 139
Trd, 4319019.743, 110
Trd, 4319020.843, 125
Trd, 4319021.343, 124
Trd, 4319022.543, 92
Trd, 4319022.643, 107
Trd, 4319023.693, 135
Trd, 4319024.943, 109
Trd, 4319025.093, 140
Trd, 4319025.543, 102
Trd, 4319026.793, 127
Trd, 4319027.243, 128
Trd, 4319027.893, 128
Trd, 4319028.343, 116
Trd, 4319029.543, 126
Trd, 4319029.643, 137
Trd, 4319029.743, 115
Trd, 4319032.143, 140
Trd, 4319032.743, 140
Trd, 4319032.943, 140
Trd, 4319033.793, 129
Trd, 4319036.543, 140
Trd, 4319037.043, 140
Trd, 4319037.293, 140
Trd, 4319037.393, 137
Trd, 4319037.543, 134
Trd, 4319039.043, 140
Trd, 4319039.893, 140
Trd, 4319040.843, 140
Trd, 4319041.593, 138
Trd, 4319042.443, 138
Trd, 4319042.893, 137
Trd, 4319043.993, 140
Trd, 4319045.143, 137
Trd, 4319045.493, 134
Trd, 4319046.493, 139
Trd, 4319046.993, 137
Trd, 4319047.293, 137
Trd, 4319047.343, 136
Trd, 4319048.943, 140
Trd, 4319050.443, 107
Trd, 4319051.393, 138
Trd, 4319052.243, 109
Trd, 4319052.543, 110
Trd, 4319053.493, 117
Trd, 4319053.643, 123
Trd, 4319053.793, 117
Trd, 4319054.543, 137
Trd, 4319055.693, 137
Trd, 4319056.593, 118
Trd, 4319058.943, 132
Trd, 4319059.443, 122
Trd, 4319059.993, 121
Trd, 4319060.143, 119
Trd, 4319060.893, 139
Trd, 4319061.743, 117
Trd, 4319062.393, 140
Trd, 4319062.543, 128
Trd, 4319063.543, 116
Trd, 4319065.443, 100
Trd, 4319065.693, 101
Trd, 4319065.893, 108
Trd, 4319066.693, 140
Trd, 4319067.393, 140
Trd, 4319068.393, 140
Trd, 4319068.893, 140
Trd, 4319069.743, 138
Trd, 4319070.793, 117
Trd, 4319071.543, 121
Trd, 4319072.843, 135
Trd, 4319074.093, 140
Trd, 4319074.393, 139
Trd, 4319074.893, 93
Trd, 4319077.693, 140
Trd, 4319078.993, 140
Trd, 4319079.043, 140
Trd, 4319079.143, 140
Trd, 4319079.393, 138
Trd, 4319079.593, 127
Trd, 4319079.793, 125
Trd, 4319081.793, 114
Trd, 4319082.843, 130
Trd, 4319083.943, 139
Trd, 4319085.893, 140
Trd, 4319086.143, 129
Trd, 4319087.743, 140
Trd, 4319088.243, 106
Trd, 4319088.543, 106
Trd, 4319088.593, 104
Trd, 4319090.143, 122
Trd, 4319090.943, 139
Trd, 4319091.143, 113
Trd, 4319091.693, 137
Trd, 4319092.193, 89
Trd, 4319092.643, 115
Trd, 4319093.743, 140
Trd, 4319094.043, 140
Trd, 4319094.143, 137
Trd, 4319096.543, 140
Trd, 4319096.743, 140
Trd, 4319098.043, 140
Trd, 4319098.193, 134
Trd, 4319098.643, 134
Trd, 4319098.893, 134
Trd, 4319099.893, 135
Trd, 4319100.943, 140
Trd, 4319101.243, 140
Trd, 4319103.393, 140
Trd, 4319104.593, 140
Trd, 4319105.893, 140
Trd, 4319106.743, 138
Trd, 4319107.043, 137
Trd, 4319107.343, 136
Trd, 4319107.393, 121
Trd, 4319107.693, 109
Trd, 4319108.993, 137
Trd, 4319109.043, 109
Trd, 4319109.893, 127
Trd, 4319111.043, 127
Trd, 4319112.843, 136
Trd, 4319112.893, 135
Trd, 4319114.543, 139
Trd, 4319114.793, 140
Trd, 4319115.543, 140
Trd, 4319117.243, 140
Trd, 4319118.243, 140
Trd, 4319118.993, 140
Trd, 4319119.793, 132
Trd, 4319119.943, 131
Trd, 4319121.443, 140
Trd, 4319122.043, 139
Trd, 4319122.493, 139
Trd, 4319123.343, 118
Trd, 4319123.593, 137
Trd, 4319124.893, 140
Trd, 4319125.843, 140
Trd, 4319127.293, 140
Trd, 4319128.743, 140
Trd, 4319128.993, 140
Trd, 4319129.843, 140
Trd, 4319130.593, 140
Trd, 4319131.043, 139
Trd, 4319131.343, 140
Trd, 4319131.593, 139
Trd, 4319132.443, 138
Trd, 4319133.293, 140
Trd, 4319135.293, 128
Trd, 4319136.893, 116
Trd, 4319137.243, 97
Trd, 4319137.593, 96
Trd, 4319137.643, 89
Trd, 4319138.443, 76
Trd, 4319138.743, 137
Trd, 4319139.293, 60
Trd, 4319139.793, 84
Trd, 4319140.543, 114
Trd, 4319140.693, 83
Trd, 4319142.543, 137
Trd, 4319142.793, 129
Trd, 4319143.493, 140
Trd, 4319143.693, 140
Trd, 4319144.143, 139
Trd, 4319144.243, 112
Trd, 4319146.443, 140
Trd, 4319148.893, 140
Trd, 4319148.943, 140
Trd, 4319150.243, 140
Trd, 4319150.543, 140
Trd, 4319150.593, 140
Trd, 4319151.143, 119
Trd, 4319152.093, 128
Trd, 4319152.143, 124
Trd, 4319152.593, 61
Trd, 4319153.443, 79
Trd, 4319154.293, 63
Trd, 4319155.493, 64
Trd, 4319156.593, 63
Trd, 4319157.593, 66
Trd, 4319158.993, 113
Trd, 4319159.943, 140
Trd, 4319160.693, 140
Trd, 4319161.293, 139
Trd, 4319161.343, 134
Trd, 4319162.343, 132
Trd, 4319162.543, 125
Trd, 4319162.793, 124
Trd, 4319163.843, 69
Trd, 4319163.893, 121
Trd, 4319164.593, 88
Trd, 4319165.943, 100
Trd, 4319168.693, 140
Trd, 4319169.143, 92
Trd, 4319170.443, 122
Trd, 4319170.643, 119
Trd, 4319172.343, 140
Trd, 4319172.393, 140
Trd, 4319172.943, 140
Trd, 4319174.793, 140
Trd, 4319175.443, 140
Trd, 4319176.643, 140
Trd, 4319177.843, 140
Trd, 4319177.993, 140
Trd, 4319178.293, 140
Trd, 4319178.693, 140
Trd, 4319178.893, 125
Trd, 4319179.743, 139
Trd, 4319180.193, 112
Trd, 4319181.143, 111
Trd, 4319181.343, 110
Trd, 4319182.293, 137
Trd, 4319184.593, 140
Trd, 4319185.893, 140
Trd, 4319186.193, 140
Trd, 4319186.643, 137
Trd, 4319186.693, 127
Trd, 4319186.743, 126
Trd, 4319188.993, 140
Trd, 4319189.893, 140
Trd, 4319190.093, 140
Trd, 4319190.643, 140
Trd, 4319191.293, 90
Trd, 4319191.893, 135
Trd, 4319193.243, 140
Trd, 4319193.943, 140
Trd, 4319194.793, 140
Trd, 4319194.993, 140
Trd, 4319196.143, 140
Trd, 4319196.893, 140
Trd, 4319197.593, 138
Trd, 4319197.643, 137
Trd, 4319199.693, 140
Trd, 4319200.893, 140
Trd, 4319201.393, 140
Trd, 4319202.393, 140
Trd, 4319203.243, 140
Trd, 4319203.343, 140
Trd, 4319204.593, 140
Trd, 4319204.743, 140
Trd, 4319206.843, 140
Trd, 4319206.893, 140
Trd, 4319208.093, 140
Trd, 4319209.793, 140
Trd, 4319209.993, 140
Trd, 4319210.343, 140
Trd, 4319210.443, 140
Trd, 4319210.643, 138
Trd, 4319211.143, 140
Trd, 4319212.093, 140
Trd, 4319213.593, 131
Trd, 4319213.743, 135
Trd, 4319214.693, 139
Trd, 4319215.493, 139
Trd, 4319216.193, 122
Trd, 4319217.743, 138
Trd, 4319219.443, 138
Trd, 4319219.793, 136
Trd, 4319220.093, 135
Trd, 4319220.593, 108
Trd, 4319222.843, 136
Trd, 4319223.593, 114
Trd, 4319223.793, 114
Trd, 4319224.543, 140
Trd, 4319225.493, 140
Trd, 4319225.693, 140
Trd, 4319226.093, 140
Trd, 4319226.843, 140
Trd, 4319227.043, 139
Trd, 4319227.693, 98
Trd, 4319228.843, 97
Trd, 4319230.743, 140
Trd, 4319230.843, 140
Trd, 4319231.943, 140
Trd, 4319232.543, 140
Trd, 4319233.043, 102
Trd, 4319233.593, 140
Trd, 4319236.643, 140
Trd, 4319238.693, 140
Trd, 4319238.993, 140
Trd, 4319239.693, 133
Trd, 4319240.293, 140
Trd, 4319240.393, 140
Trd, 4319241.243, 138
Trd, 4319242.443, 102
Trd, 4319242.743, 60
Trd, 4319243.743, 139
Trd, 4319245.793, 140
Trd, 4319246.393, 140
Trd, 4319246.543, 140
Trd, 4319247.093, 140
Trd, 4319247.443, 140
Trd, 4319247.743, 140
Trd, 4319247.993, 140
Trd, 4319248.543, 140
Trd, 4319249.043, 98
Trd, 4319251.543, 140
Trd, 4319254.143, 140
Trd, 4319255.193, 140
Trd, 4319255.243, 140
Trd, 4319255.293, 140
Trd, 4319255.843, 140
Trd, 4319256.393, 140
Trd, 4319256.693, 139
Trd, 4319256.893, 134
Trd, 4319257.693, 140
Trd, 4319258.143, 82
Trd, 4319258.593, 140
Trd, 4319259.743, 138
Trd, 4319261.343, 138
Trd, 4319262.443, 139
Trd, 4319263.193, 140
Trd, 4319263.943, 140
Trd, 4319265.243, 140
Trd, 4319265.643, 140
Trd, 4319266.293, 140
Trd, 4319266.343, 139
Trd, 4319267.543, 132
Trd, 4319268.793, 140
Trd, 4319270.093, 140
Trd, 4319270.143, 140
Trd, 4319271.093, 140
Trd, 4319271.543, 140
Trd, 4319271.843, 129
Trd, 4319272.943, 140
Trd, 4319273.043, 117
Trd, 4319273.543, 119
Trd, 4319276.443, 132
Trd, 4319276.643, 131
Trd, 4319277.093, 131
Trd, 4319277.193, 130
Trd, 4319277.943, 138
Trd, 4319278.743, 139
Trd, 4319279.643, 139
Trd, 4319279.693, 126
Trd, 4319280.193, 126
Trd, 4319280.743, 126
Trd, 4319281.793, 111
Trd, 4319282.393, 109
Trd, 4319283.893, 110
Trd, 4319284.943, 140
Trd, 4319285.043, 139
Trd, 4319285.243, 140
Trd, 4319285.593, 113
Trd, 4319285.743, 79
Trd, 4319286.493, 60
Trd, 4319287.043, 60
Trd, 4319287.493, 79
Trd, 4319287.943, 97
Trd, 4319288.793, 63
Trd, 4319288.843, 66
Trd, 4319290.993, 60
Trd, 4319291.293, 60
Trd, 4319291.993, 130
Trd, 4319293.193, 132
Trd, 4319293.293, 131
Trd, 4319294.243, 133
Trd, 4319294.793, 89
Trd, 4319295.543, 138
Trd, 4319296.293, 124
Trd, 4319297.043, 125
Trd, 4319297.593, 131
Trd, 4319297.693, 64
Trd, 4319299.093, 140
Trd, 4319299.243, 140
Trd, 4319300.593, 66
Trd, 4319301.793, 116
Trd, 4319302.693, 139
Trd, 4319303.843, 109
Trd, 4319303.993, 108
Trd, 4319304.793, 127
Trd, 4319305.943, 128
Trd, 4319307.293, 139
Trd, 4319308.593, 129
Trd, 4319308.643, 128
Trd, 4319310.493, 128
Trd, 4319311.493, 140
Trd, 4319311.693, 140
Trd, 4319311.993, 140
Trd, 4319313.343, 139
Trd, 4319314.393, 124
Trd, 4319314.943, 109
Trd, 4319317.443, 140
Trd, 4319317.493, 140
Trd, 4319317.593, 140
Trd, 4319318.193, 140
Trd, 4319318.243, 140
Trd, 4319320.693, 140
Trd, 4319321.343, 140
Trd, 4319321.443, 139
Trd, 4319322.143, 135
Trd, 4319323.243, 140
Trd, 4319323.543, 138
Trd, 4319324.143, 134
Trd, 4319324.193, 133
Trd, 4319325.643, 139
Trd, 4319327.343, 138
Trd, 4319327.943, 136
Trd, 4319328.543, 137
Trd, 4319329.793, 138
Trd, 4319331.093, 140
Trd, 4319331.543, 140
Trd, 4319332.043, 132
Trd, 4319332.193, 131
Trd, 4319332.943, 97
Trd, 4319334.443, 140
Trd, 4319335.543, 139
Trd, 4319336.043, 140
Trd, 4319336.493, 140
Trd, 4319336.593, 139
Trd, 4319336.643, 138
Trd, 4319339.143, 135
Trd, 4319339.243, 132
Trd, 4319339.843, 118
Trd, 4319341.243, 84
Trd, 4319341.543, 107
Trd, 4319342.393, 140
Trd, 4319342.493, 140
Trd, 4319346.793, 140
Trd, 4319347.193, 140
Trd, 4319348.193, 140
Trd, 4319348.393, 140
Trd, 4319348.493, 140
Trd, 4319350.093, 139
Trd, 4319350.293, 139
Trd, 4319350.493, 130
Trd, 4319350.993, 71
Trd, 4319351.993, 123
Trd, 4319353.143, 140
Trd, 4319353.743, 140
Trd, 4319355.043, 140
Trd, 4319355.343, 140
Trd, 4319356.093, 140
Trd, 4319356.693, 140
Trd, 4319356.893, 138
Trd, 4319357.693, 137
Trd, 4319359.393, 131
Trd, 4319359.993, 105
Trd, 4319360.793, 105
Trd, 4319362.093, 110
Trd, 4319363.293, 140
Trd, 4319364.393, 140
Trd, 4319364.793, 140
Trd, 4319365.593, 140
Trd, 4319366.543, 138
Trd, 4319367.093, 139
Trd, 4319368.243, 135
Trd, 4319368.293, 133
Trd, 4319368.693, 127
Trd, 4319368.993, 102
Trd, 4319370.993, 118
Trd, 4319372.093, 140
Trd, 4319372.393, 140
Trd, 4319373.343, 123
Trd, 4319374.443, 138
Trd, 4319375.493, 140
Trd, 4319375.943, 140
Trd, 4319377.243, 140
Trd, 4319378.993, 140
Trd, 4319379.493, 140
Trd, 4319380.493, 140
Trd, 4319380.643, 139
Trd, 4319381.593, 140
Trd, 4319381.643, 140
Trd, 4319382.693, 140
Trd, 4319382.993, 140
Trd, 4319384.143, 130
Trd, 4319384.243, 127
Trd, 4319386.593, 88
Trd, 4319387.143, 112
Trd, 4319387.293, 139
Trd, 4319389.593, 140
Trd, 4319391.193, 140
Trd, 4319391.343, 140
Trd, 4319392.043, 140
Trd, 4319392.593, 140
Trd, 4319392.793, 124
Trd, 4319395.493, 136
Trd, 4319396.293, 129
Trd, 4319396.693, 111
Trd, 4319397.343, 62
Trd, 4319397.493, 71
Trd, 4319398.043, 91
Trd, 4319398.293, 130
Trd, 4319398.743, 140
Trd, 4319399.193, 110
Trd, 4319400.943, 79
Trd, 4319401.643, 116
Trd, 4319402.343, 114
Trd, 4319403.143, 139
Trd, 4319404.043, 138
Trd, 4319404.993, 140
Trd, 4319405.493, 140
Trd, 4319407.293, 140
Trd, 4319408.843, 140
Trd, 4319409.093, 140
Trd, 4319409.493, 116
Trd, 4319409.893, 140
Trd, 4319411.943, 140
Trd, 4319411.993, 140
Trd, 4319413.043, 140
Trd, 4319413.193, 125
Trd, 4319413.593, 79
Trd, 4319413.793, 62
Trd, 4319414.693, 61
Trd, 4319415.193, 70
Trd, 4319415.543, 64
Trd, 4319416.493, 79
Trd, 4319417.093, 81
Trd, 4319418.393, 118
Trd, 4319420.443, 140
Trd, 4319420.893, 140
Trd, 4319421.393, 140
Trd, 4319421.993, 140
Trd, 4319422.893, 139
Trd, 4319424.793, 140
Trd, 4319425.693, 140
Trd, 4319426.443, 140
Trd, 4319427.443, 140
Trd, 4319428.843, 140
Trd, 4319430.693, 140
Trd, 4319430.793, 140
Trd, 4319431.793, 140
Trd, 4319432.093, 138
Trd, 4319433.493, 139
Trd, 4319434.793, 131
Trd, 4319434.893, 123
Trd, 4319434.993, 122
Trd, 4319435.193, 120
Trd, 4319436.493, 140
Trd, 4319436.993, 139
Trd, 4319437.593, 138
Trd, 4319438.793, 140
Trd, 4319439.093, 125
Trd, 4319439.943, 111
Trd, 4319441.143, 107
Trd, 4319444.093, 140
Trd, 4319444.343, 140
Trd, 4319444.893, 140
Trd, 4319445.043, 140
Trd, 4319446.443, 140
Trd, 4319447.293, 140
Trd, 4319447.693, 140
Trd, 4319448.993, 140
Trd, 4319449.643, 140
Trd, 4319449.943, 140
Trd, 4319450.443, 140
Trd, 4319451.093, 132
Trd, 4319452.243, 138
Trd, 4319453.093, 140
Trd, 4319453.593, 137
Trd, 4319454.743, 133
Trd, 4319454.843, 138
Trd, 4319455.193, 104
Trd, 4319456.393, 140
Trd, 4319456.943, 140
Trd, 4319457.543, 123
Trd, 4319457.943, 139
Trd, 4319458.393, 125
Trd, 4319458.893, 136
Trd, 4319460.243, 139
Trd, 4319460.843, 138
Trd, 4319461.993, 137
Trd, 4319462.243, 140
Trd, 4319464.343, 140
Trd, 4319464.743, 140
Trd, 4319465.743, 140
Trd, 4319466.343, 136
Trd, 4319466.743, 130
Trd, 4319466.943, 101
Trd, 4319468.043, 140
Trd, 4319469.243, 130
Trd, 4319469.993, 109
Trd, 4319470.793, 138
Trd, 4319471.893, 133
Trd, 4319472.343, 132
Trd, 4319473.143, 140
Trd, 4319473.493, 140
Trd, 4319474.493, 105
Trd, 4319475.243, 140
Trd, 4319475.793, 140
Trd, 4319475.943, 140
Trd, 4319476.743, 140
Trd, 4319478.543, 140
Trd, 4319480.193, 140
Trd, 4319480.593, 140
Trd, 4319481.493, 140
Trd, 4319481.743, 140
Trd, 4319482.093, 137
Trd, 4319483.593, 115
Trd, 4319485.043, 140
Trd, 4319485.143, 139
Trd, 4319485.243, 106
Trd, 4319486.593, 131
Trd, 4319486.993, 118
Trd, 4319487.443, 135
Trd, 4319487.593, 134
Trd, 4319489.393, 140
Trd, 4319492.593, 140
Trd, 4319492.993, 118
Trd, 4319494.043, 121
Trd, 4319494.193, 120
Trd, 4319494.643, 113
Trd, 4319496.993, 140
Trd, 4319497.193, 135
Trd, 4319497.243, 94
Trd, 4319498.593, 140
Trd, 4319499.243, 140
Trd, 4319500.043, 140
Trd, 4319501.893, 140
Trd, 4319502.493, 140
Trd, 4319504.293, 140
Trd, 4319504.893, 140
Trd, 4319505.293, 140
Trd, 4319506.293, 140
Trd, 4319507.193, 140
Trd, 4319507.793, 140
Trd, 4319508.493, 140
Trd, 4319510.193, 140
Trd, 4319511.093, 140
Trd, 4319511.393, 140
Trd, 4319511.643, 140
Trd, 4319513.043, 139
Trd, 4319514.543, 131
Trd, 4319515.593, 135
Trd, 4319516.143, 133
Trd, 4319517.643, 140
Trd, 4319518.393, 140
Trd, 4319518.543, 140
Trd, 4319518.743, 137
Trd, 4319518.843, 129
Trd, 4319521.143, 140
Trd, 4319522.643, 140
Trd, 4319523.693, 140
Trd, 4319523.943, 140
Trd, 4319524.693, 140
Trd, 4319525.143, 140
Trd, 4319525.543, 138
Trd, 4319525.793, 124
Trd, 4319526.843, 140
Trd, 4319530.393, 140
Trd, 4319530.643, 140
Trd, 4319530.743, 140
Trd, 4319531.743, 140
Trd, 4319531.993, 140
Trd, 4319532.443, 140
Trd, 4319532.643, 134
Trd, 4319533.193, 140
Trd, 4319533.543, 131
Trd, 4319534.593, 140
Trd, 4319534.993, 140
Trd, 4319536.893, 140
Trd, 4319537.493, 140
Trd, 4319539.293, 140
Trd, 4319539.393, 140
Trd, 4319539.593, 140
Trd, 4319539.993, 130
Trd, 4319540.243, 129
Trd, 4319541.593, 140
Trd, 4319541.943, 140
Trd, 4319542.643, 135
Trd, 4319544.543, 140
Trd, 4319544.793, 139
Trd, 4319545.143, 138
Trd, 4319545.393, 117
Trd, 4319548.293, 139
Trd, 4319548.793, 116
Trd, 4319549.693, 136
Trd, 4319550.243, 118
Trd, 4319550.743, 135
Trd, 4319551.793, 138
Trd, 4319553.293, 140
Trd, 4319554.343, 139
Trd, 4319554.643, 139
Trd, 4319554.693, 137
Trd, 4319554.893, 104
Trd, 4319557.093, 132
Trd, 4319557.493, 133
Trd, 4319559.293, 136
Trd, 4319560.493, 137
Trd, 4319560.693, 136
Trd, 4319561.293, 130
Trd, 4319561.943, 117
Trd, 4319564.293, 140
Trd, 4319564.343, 140
Trd, 4319565.143, 140
Trd, 4319565.993, 139
Trd, 4319566.143, 114
Trd, 4319567.943, 140
Trd, 4319569.043, 140
Trd, 4319569.993, 140
Trd, 4319570.793, 140
Trd, 4319571.293, 140
Trd, 4319572.293, 140
Trd, 4319572.443, 106
Trd, 4319572.843, 89
Trd, 4319573.893, 140
Trd, 4319575.493, 139
Trd, 4319576.493, 140
Trd, 4319577.993, 140
Trd, 4319578.443, 140
Trd, 4319578.793, 139
Trd, 4319579.043, 138
Trd, 4319579.393, 117
Trd, 4319579.493, 89
Trd, 4319581.393, 139
Trd, 4319582.243, 140
Trd, 4319582.593, 135
Trd, 4319582.943, 128
Trd, 4319583.643, 112
Trd, 4319584.443, 94
Trd, 4319584.643, 85
Trd, 4319585.493, 60
Trd, 4319585.893, 64
Trd, 4319586.043, 80
Trd, 4319586.393, 65
Trd, 4319587.143, 66
Trd, 4319589.743, 61
Trd, 4319591.543, 60
Trd, 4319591.843, 60
Trd, 4319592.143, 61
Trd, 4319592.443, 68
Trd, 4319594.093, 117
Trd, 4319595.193, 64
Trd, 4319595.343, 75
Trd, 4319595.443, 132
Trd, 4319595.693, 100
Trd, 4319596.393, 94
Trd, 4319596.893, 63
Trd, 4319598.643, 129
Trd, 4319599.593, 128
Trd, 4319599.843, 120
Trd, 4319600.143, 89
Trd, 4319601.993, 140
Trd, 4319602.293, 108
Trd, 4319602.393, 80
Trd, 4319603.243, 140
Trd, 4319603.893, 140
Trd, 4319604.793, 140
Trd, 4319605.043, 140
Trd, 4319605.443, 140
Trd, 4319606.793, 140
Trd, 4319609.193, 140
Trd, 4319611.893, 140
Trd, 4319612.093, 140
Trd, 4319612.993, 140
Trd, 4319613.943, 140
Trd, 4319614.293, 140
Trd, 4319614.643, 139
Trd, 4319615.693, 140
Trd, 4319617.243, 138
Trd, 4319618.093, 140
Trd, 4319618.143, 137
Trd, 4319619.343, 96
Trd, 4319619.943, 139
Trd, 4319621.643, 140
Trd, 4319621.843, 140
Trd, 4319622.343, 140
Trd, 4319622.743, 140
Trd, 4319625.443, 140
Trd, 4319626.343, 140
Trd, 4319627.343, 140
Trd, 4319627.693, 140
Trd, 4319629.043, 140
Trd, 4319629.243, 140
Trd, 4319630.593, 140
Trd, 4319631.143, 140
Trd, 4319631.443, 140
Trd, 4319632.143, 140
Trd, 4319633.943, 140
Trd, 4319634.993, 140
Trd, 4319635.243, 140
Trd, 4319635.343, 140
Trd, 4319637.043, 118
Trd, 4319637.193, 118
Trd, 4319637.893, 120
Trd, 4319638.093, 133
Trd, 4319639.543, 84
Trd, 4319640.093, 91
Trd, 4319640.943, 139
Trd, 4319641.043, 100
Trd, 4319644.143, 140
Trd, 4319645.193, 140
Trd, 4319646.243, 140
Trd, 4319646.493, 140
Trd, 4319647.143, 140
Trd, 4319648.493, 140
Trd, 4319648.843, 140
Trd, 4319648.943, 140
Trd, 4319650.493, 140
Trd, 4319650.543, 137
Trd, 4319650.893, 128
Trd, 4319652.043, 79
Trd, 4319653.243, 140
Trd, 4319653.643, 140
Trd, 4319653.743, 140
Trd, 4319654.193, 140
Trd, 4319655.993, 140
Trd, 4319656.793, 140
Trd, 4319657.343, 134
Trd, 4319658.843, 139
Trd, 4319659.093, 138
Trd, 4319659.293, 128
Trd, 4319659.443, 124
Trd, 4319660.993, 124
Trd, 4319662.743, 140
Trd, 4319662.993, 140
Trd, 4319664.943, 140
Trd, 4319665.293, 140
Trd, 4319666.293, 140
Trd, 4319666.443, 139
Trd, 4319666.493, 131
Trd, 4319667.093, 140
Trd, 4319668.743, 139
Trd, 4319669.493, 139
Trd, 4319669.643, 76
Trd, 4319670.343, 60
Trd, 4319670.693, 140
Trd, 4319670.793, 122
Trd, 4319671.893, 116
Trd, 4319673.193, 64
Trd, 4319674.593, 140
Trd, 4319674.943, 110
Trd, 4319675.093, 129
Trd, 4319675.393, 62
Trd, 4319677.543, 140
Trd, 4319677.993, 140
Trd, 4319679.143, 140
Trd, 4319680.243, 140
Trd, 4319681.143, 140
Trd, 4319681.193, 140
Trd, 4319682.593, 139
Trd, 4319682.793, 137
Trd, 4319683.043, 131
Trd, 4319684.743, 137
Trd, 4319686.543, 140
Trd, 4319687.343, 140
Trd, 4319687.493, 140
Trd, 4319688.793, 140
Trd, 4319688.943, 140
Trd, 4319689.543, 140
Trd, 4319690.243, 140
Trd, 4319691.843, 140
Trd, 4319692.843, 140
Trd, 4319692.993, 140
Trd, 4319695.743, 140
Trd, 4319696.243, 140
Trd, 4319696.493, 140
Trd, 4319697.043, 101
Trd, 4319697.193, 119
Trd, 4319698.143, 140
Trd, 4319699.143, 139
Trd, 4319699.243, 138
Trd, 4319700.593, 121
Trd, 4319700.843, 120
Trd, 4319701.143, 128
Trd, 4319701.893, 136
Trd, 4319704.643, 140
Trd, 4319706.043, 140
Trd, 4319706.143, 140
Trd, 4319706.943, 140
Trd, 4319707.193, 140
Trd, 4319707.243, 140
Trd, 4319710.293, 140
Trd, 4319711.043, 140
Trd, 4319711.943, 140
Trd, 4319712.443, 140
Trd, 4319712.993, 137
Trd, 4319713.193, 130
Trd, 4319713.443, 75
Trd, 4319714.693, 112
Trd, 4319715.293, 130
Trd, 4319715.943, 123
Trd, 4319716.093, 112
Trd, 4319716.393, 111
Trd, 4319716.793, 92
Trd, 4319717.493, 131
Trd, 4319717.793, 123
Trd, 4319719.993, 91
Trd, 4319720.593, 139
Trd, 4319721.843, 140
Trd, 4319722.343, 108
Trd, 4319723.343, 119
Trd, 4319723.843, 111
Trd, 4319724.093, 116
Trd, 4319724.243, 109
Trd, 4319724.443, 117
Trd, 4319724.793, 131
Trd, 4319727.693, 115
Trd, 4319727.743, 114
Trd, 4319728.193, 123
Trd, 4319729.593, 124
Trd, 4319729.743, 137
Trd, 4319729.993, 136
Trd, 4319730.793, 140
Trd, 4319731.643, 136
Trd, 4319731.943, 125
Trd, 4319733.093, 130
Trd, 4319736.093, 140
Trd, 4319736.193, 140
Trd, 4319736.243, 140
Trd, 4319736.493, 140
Trd, 4319736.843, 140
Trd, 4319737.043, 139
Trd, 4319738.293, 140
Trd, 4319738.343, 132
Trd, 4319739.593, 122
Trd, 4319741.743, 140
Trd, 4319742.893, 140
Trd, 4319743.143, 140
Trd, 4319743.893, 140
Trd, 4319745.543, 140
Trd, 4319745.893, 140
Trd, 4319746.743, 100
Trd, 4319748.093, 140
Trd, 4319749.243, 140
Trd, 4319750.143, 140
Trd, 4319750.443, 140
Trd, 4319750.993, 111
Trd, 4319751.443, 81
Trd, 4319751.643, 115
Trd, 4319751.943, 130
Trd, 4319752.843, 137
Trd, 4319753.993, 134
Trd, 4319754.743, 123
Trd, 4319757.343, 140
Trd, 4319757.493, 140
Trd, 4319757.593, 140
Trd, 4319757.893, 140
Trd, 4319757.943, 140
Trd, 4319759.393, 137
Trd, 4319759.593, 91
Trd, 4319760.143, 129
Trd, 4319760.393, 92
Trd, 4319762.143, 140
Trd, 4319763.043, 128
Trd, 4319763.143, 119
Trd, 4319764.043, 96
Trd, 4319764.143, 95
Trd, 4319765.093, 122
Trd, 4319766.443, 136
Trd, 4319768.693, 140
Trd, 4319769.143, 140
Trd, 4319770.843, 140
Trd, 4319771.843, 140
Trd, 4319771.993, 140
Trd, 4319772.093, 76
Trd, 4319772.643, 94
Trd, 4319774.493, 138
Trd, 4319775.343, 140
Trd, 4319775.393, 140
Trd, 4319778.693, 140
Trd, 4319779.643, 140
Trd, 4319779.893, 136
Trd, 4319781.493, 139
Trd, 4319781.693, 139
Trd, 4319781.793, 138
Trd, 4319783.043, 121
Trd, 4319783.443, 121
Trd, 4319784.793, 139
Trd, 4319786.443, 140
Trd, 4319787.193, 140
Trd, 4319787.843, 140
Trd, 4319789.593, 140
Trd, 4319790.343, 140
Trd, 4319790.443, 140
Trd, 4319790.843, 138
Trd, 4319792.193, 139
Trd, 4319792.843, 139
Trd, 4319793.693, 137
Trd, 4319795.093, 140
Trd, 4319795.243, 137
Trd, 4319795.543, 94
Trd, 4319796.093, 139
Trd, 4319797.393, 138
Trd, 4319798.343, 140
Trd, 4319799.293, 134
Trd, 4319800.193, 135
Trd, 4319800.343, 137
Trd, 4319801.293, 134
Trd, 4319801.443, 125
Trd, 4319802.893, 121
Trd, 4319803.793, 121
Trd, 4319806.893, 140
Trd, 4319807.293, 140
Trd, 4319807.343, 140
Trd, 4319807.593, 140
Trd, 4319807.643, 139
Trd, 4319810.243, 140
Trd, 4319810.293, 140
Trd, 4319810.643, 140
Trd, 4319811.993, 140
Trd, 4319812.093, 139
Trd, 4319813.743, 140
Trd, 4319814.343, 129
Trd, 4319815.193, 131
Trd, 4319815.793, 130
Trd, 4319816.643, 140
Trd, 4319816.893, 139
Trd, 4319817.493, 129
Trd, 4319818.343, 139
Trd, 4319821.143, 140
Trd, 4319821.493, 140
Trd, 4319821.793, 140
Trd, 4319822.393, 140
Trd, 4319822.843, 140
Trd, 4319823.343, 140
Trd, 4319823.793, 140
Trd, 4319825.743, 137
Trd, 4319825.893, 119
Trd, 4319826.043, 116
Trd, 4319827.043, 140
Trd, 4319827.743, 91
Trd, 4319828.343, 88
Trd, 4319828.593, 112
Trd, 4319828.643, 128
Trd, 4319829.743, 140
Trd, 4319830.693, 140
Trd, 4319831.143, 140
Trd, 4319832.193, 140
Trd, 4319832.793, 121
Trd, 4319835.343, 140
Trd, 4319836.143, 140
Trd, 4319836.393, 140
Trd, 4319838.143, 140
Trd, 4319839.743, 140
Trd, 4319840.693, 140
Trd, 4319841.043, 140
Trd, 4319841.393, 140
Trd, 4319842.243, 124
Trd, 4319842.743, 122
Trd, 4319843.643, 136
Trd, 4319844.043, 98
Trd, 4319844.993, 131
Trd, 4319845.143, 132
Trd, 4319846.343, 139
Trd, 4319847.843, 139
Trd, 4319848.093, 139
Trd, 4319848.893, 140
Trd, 4319849.093, 140
Trd, 4319849.643, 140
Trd, 4319850.743, 102
Trd, 4319851.793, 140
Trd, 4319852.743, 114
Trd, 4319854.243, 116
Trd, 4319856.393, 140
Trd, 4319856.643, 140
Trd, 4319858.243, 134
Trd, 4319859.343, 137
Trd, 4319860.143, 140
Trd, 4319860.193, 140
Trd, 4319861.593, 140
Trd, 4319861.643, 140
Trd, 4319862.793, 124
Trd, 4319862.843, 123
Trd, 4319864.143, 136
Trd, 4319864.293, 136
Trd, 4319864.693, 132
Trd, 4319865.243, 77
Trd, 4319866.593, 137
Trd, 4319867.093, 100
Trd, 4319867.743, 138
Trd, 4319868.893, 137
Trd, 4319869.543, 136
Trd, 4319869.843, 132
Trd, 4319871.343, 140
Trd, 4319871.743, 140
Trd, 4319871.943, 140
Trd, 4319872.393, 140
Trd, 4319872.443, 137
Trd, 4319873.693, 140
Trd, 4319873.943, 140
Trd, 4319874.243, 140
Trd, 4319875.993, 111
Trd, 4319876.043, 110
Trd, 4319876.993, 140
Trd, 4319878.743, 124
Trd, 4319878.993, 124
Trd, 4319879.443, 138
Trd, 4319879.493, 104
Trd, 4319880.993, 140
Trd, 4319881.243, 120
Trd, 4319882.743, 100
Trd, 4319882.843, 98
Trd, 4319885.243, 140
Trd, 4319885.843, 140
Trd, 4319886.243, 139
Trd, 4319887.043, 137
Trd, 4319887.543, 140
Trd, 4319889.193, 110
Trd, 4319889.343, 95
Trd, 4319889.543, 95
Trd, 4319890.693, 140
Trd, 4319890.793, 140
Trd, 4319892.193, 106
Trd, 4319893.143, 125
Trd, 4319893.193, 124
Trd, 4319894.293, 91
Trd, 4319894.793, 139
Trd, 4319895.243, 127
Trd, 4319897.043, 140
Trd, 4319897.293, 93
Trd, 4319897.393, 90
Trd, 4319899.343, 139
Trd, 4319899.393, 138
Trd, 4319899.693, 126
Trd, 4319901.393, 139
Trd, 4319902.193, 140
Trd, 4319905.193, 140
Trd, 4319905.593, 140
Trd, 4319906.493, 139
Trd, 4319906.843, 140
Trd, 4319907.143, 138
Trd, 4319907.743, 140
Trd, 4319908.693, 140
Trd, 4319909.243, 121
Trd, 4319909.743, 140
Trd, 4319911.743, 140
Trd, 4319912.593, 140
Trd, 4319914.293, 140
Trd, 4319914.493, 140
Trd, 4319914.943, 140
Trd, 4319915.593, 140
Trd, 4319915.793, 116
Trd, 4319918.193, 140
Trd, 4319918.293, 140
Trd, 4319918.593, 140
Trd, 4319918.793, 140
Trd, 4319919.243, 140
Trd, 4319919.393, 140
Trd, 4319920.243, 136
Trd, 4319921.893, 98
Trd, 4319923.393, 140
Trd, 4319923.543, 140
Trd, 4319923.693, 140
Trd, 4319925.443, 140
Trd, 4319925.643, 140
Trd, 4319926.693, 134
Trd, 4319926.743, 108
Trd, 4319927.043, 121
Trd, 4319929.043, 140
Trd, 4319930.093, 140
Trd, 4319930.193, 140
Trd, 4319930.643, 140
Trd, 4319930.893, 140
Trd, 4319931.443, 140
Trd, 4319933.743, 140
Trd, 4319934.343, 140
Trd, 4319934.693, 140
Trd, 4319935.093, 140
Trd, 4319938.243, 140
Trd, 4319938.393, 140
Trd, 4319938.443, 140
Trd, 4319938.593, 140
Trd, 4319939.293, 140
Trd, 4319939.743, 140
Trd, 4319940.193, 140
Trd, 4319940.693, 136
Trd, 4319941.693, 140
Trd, 4319942.193, 140
Trd, 4319942.443, 140
Trd, 4319943.143, 139
Trd, 4319944.943, 140
Trd, 4319945.993, 140
Trd, 4319946.293, 140
Trd, 4319948.043, 140
Trd, 4319948.593, 140
Trd, 4319948.893, 135
Trd, 4319951.093, 140
Trd, 4319952.293, 140
Trd, 4319952.443, 140
Trd, 4319952.543, 140
Trd, 4319953.093, 140
Trd, 4319953.693, 140
Trd, 4319955.293, 124
Trd, 4319955.593, 124
Trd, 4319956.143, 121
Trd, 4319956.443, 140
Trd, 4319956.643, 106
Trd, 4319958.143, 140
Trd, 4319959.543, 133
Trd, 4319962.243, 138
Trd, 4319962.493, 139
Trd, 4319962.993, 139
Trd, 4319963.443, 139
Trd, 4319963.643, 107
Trd, 4319965.043, 140
Trd, 4319965.343, 140
Trd, 4319966.043, 127
Trd, 4319967.993, 140
Trd, 4319968.193, 139
Trd, 4319968.393, 120
Trd, 4319968.893, 123
Trd, 4319969.943, 110
Trd, 4319970.443, 137
Trd, 4319971.043, 139
Trd, 4319972.593, 140
Trd, 4319972.893, 140
Trd, 4319973.393, 132
Trd, 4319973.693, 140
Trd, 4319974.243, 140
Trd, 4319974.543, 91
Trd, 4319978.343, 140
Trd, 4319978.893, 140
Trd, 4319979.743, 140
Trd, 4319980.693, 139
Trd, 4319980.993, 137
Trd, 4319981.943, 140
Trd, 4319982.893, 135
Trd, 4319983.193, 133
Trd, 4319983.893, 135
Trd, 4319985.343, 140
Trd, 4319985.443, 140
Trd, 4319985.593, 139
Trd, 4319986.243, 129
Trd, 4319986.393, 125
Trd, 4319986.993, 137
Trd, 4319988.193, 140
Trd, 4319990.143, 140
Trd, 4319990.343, 140
Trd, 4319990.543, 140
Trd, 4319992.343, 140
Trd, 4319993.343, 140
Trd, 4319993.693, 140
Trd, 4319993.893, 140
Trd, 4319995.593, 140
Trd, 4319995.643, 140
Trd, 4319995.993, 116
Trd, 4319996.443, 139
Trd, 4319997.243, 99
Trd, 4319997.543, 67
Trd, 4319998.293, 140
Trd, 4319999.743, 68
