Trd, 4318100.943, 139
Trd, 4318101.943, 67
Trd, 4318102.943, 101
Trd, 4318103.293, 80
Trd, 4318103.993, 95
Trd, 4318104.643, 105
Trd, 4318106.243, 111
Trd, 4318106.293, 95
Trd, 4318107.993, 67
Trd, 4318108.293, 64
Trd, 4318108.743, 90
Trd, 4318109.993, 93
Trd, 4318112.143, 69
Trd, 4318112.793, 111
Trd, 4318113.243, 77
Trd, 4318114.643, 101
Trd, 4318115.343, 98
Trd, 4318115.743, 108
Trd, 4318115.793, 82
Trd, 4318116.093, 77
Trd, 4318118.993, 61
Trd, 4318119.343, 78
Trd, 4318120.543, 65
Trd, 4318121.493, 89
Trd, 4318121.543, 68
Trd, 4318121.793, 69
Trd, 4318122.693, 113
Trd, 4318123.293, 103
Trd, 4318125.193, 116
Trd, 4318125.443, 113
Trd, 4318125.643, 100
Trd, 4318125.893, 91
Trd, 4318128.843, 140
Trd, 4318129.493, 124
Trd, 4318130.243, 117
Trd, 4318131.393, 114
Trd, 4318131.593, 105
Trd, 4318132.393, 120
Trd, 4318132.643, 119
Trd, 4318134.243, 75
Trd, 4318135.043, 108
Trd, 4318135.593, 135
Trd, 4318136.343, 125
Trd, 4318137.843, 117
Trd, 4318138.043, 107
Trd, 4318138.643, 112
Trd, 4318138.693, 79
Trd, 4318139.193, 94
Trd, 4318140.143, 89
Trd, 4318140.743, 81
Trd, 4318141.243, 103
Trd, 4318142.043, 100
Trd, 4318142.443, 97
Trd, 4318143.643, 136
Trd, 4318144.793, 99
Trd, 4318145.343, 113
Trd, 4318145.943, 88
Trd, 4318146.393, 104
Trd, 4318147.243, 87
Trd, 4318149.293, 137
Trd, 4318149.343, 119
Trd, 4318150.193, 98
Trd, 4318150.493, 108
Trd, 4318151.693, 85
Trd, 4318152.393, 72
Trd, 4318155.143, 131
Trd, 4318156.143, 111
Trd, 4318156.943, 124
Trd, 4318157.293, 129
Trd, 4318158.193, 128
Trd, 4318159.793, 127
Trd, 4318160.543, 126
Trd, 4318161.043, 102
Trd, 4318161.143, 89
Trd, 4318161.593, 103
Trd, 4318162.043, 77
Trd, 4318162.543, 92
Trd, 4318163.143, 75
Trd, 4318163.293, 72
Trd, 4318163.693, 61
Trd, 4318165.493, 74
Trd, 4318167.293, 126
Trd, 4318167.393, 120
Trd, 4318168.893, 89
Trd, 4318169.693, 131
Trd, 4318169.843, 130
Trd, 4318170.393, 125
Trd, 4318170.993, 120
Trd, 4318171.443, 110
Trd, 4318173.043, 94
Trd, 4318173.443, 112
Trd, 4318174.043, 107
Trd, 4318174.743, 103
Trd, 4318175.143, 81
Trd, 4318176.643, 101
Trd, 4318177.993, 116
Trd, 4318178.943, 123
Trd, 4318179.093, 108
Trd, 4318179.243, 115
Trd, 4318179.893, 97
Trd, 4318180.693, 64
Trd, 4318181.693, 79
Trd, 4318183.193, 120
Trd, 4318183.243, 96
Trd, 4318183.793, 75
Trd, 4318184.443, 79
Trd, 4318185.893, 85
Trd, 4318186.893, 83
Trd, 4318187.543, 112
Trd, 4318188.643, 80
Trd, 4318189.343, 122
Trd, 4318189.943, 92
Trd, 4318190.243, 77
Trd, 4318190.793, 92
Trd, 4318191.093, 131
Trd, 4318191.593, 126
Trd, 4318192.593, 119
Trd, 4318193.743, 105
Trd, 4318194.093, 97
Trd, 4318194.193, 117
Trd, 4318195.943, 121
Trd, 4318196.343, 108
Trd, 4318197.593, 71
Trd, 4318199.743, 118
Trd, 4318200.343, 103
Trd, 4318202.043, 83
Trd, 4318203.143, 135
Trd, 4318203.693, 137
Trd, 4318203.843, 131
Trd, 4318203.893, 116
Trd, 4318204.043, 105
Trd, 4318204.343, 105
Trd, 4318204.593, 123
Trd, 4318205.393, 137
Trd, 4318206.943, 109
Trd, 4318207.443, 85
Trd, 4318207.793, 94
Trd, 4318208.693, 76
Trd, 4318209.243, 104
Trd, 4318210.943, 136
Trd, 4318211.993, 118
Trd, 4318212.143, 110
Trd, 4318212.493, 84
Trd, 4318213.543, 116
Trd, 4318214.493, 96
Trd, 4318215.293, 117
Trd, 4318215.493, 85
Trd, 4318215.893, 74
Trd, 4318216.993, 84
Trd, 4318217.443, 125
Trd, 4318217.943, 113
Trd, 4318218.693, 98
Trd, 4318218.743, 102
Trd, 4318220.443, 95
Trd, 4318220.543, 86
Trd, 4318221.293, 80
Trd, 4318222.693, 83
Trd, 4318222.993, 78
Trd, 4318223.543, 107
Trd, 4318223.643, 75
Trd, 4318226.593, 123
Trd, 4318226.793, 113
Trd, 4318227.093, 108
Trd, 4318227.343, 107
Trd, 4318228.293, 118
Trd, 4318230.243, 115
Trd, 4318230.593, 114
Trd, 4318230.993, 108
Trd, 4318231.743, 105
Trd, 4318232.043, 106
Trd, 4318232.093, 100
Trd, 4318233.193, 79
Trd, 4318233.293, 107
Trd, 4318234.293, 82
Trd, 4318234.493, 80
Trd, 4318236.393, 91
Trd, 4318237.143, 87
Trd, 4318237.743, 75
Trd, 4318238.243, 113
Trd, 4318238.443, 103
Trd, 4318238.793, 69
Trd, 4318240.343, 64
Trd, 4318241.143, 73
Trd, 4318241.993, 122
Trd, 4318242.593, 84
Trd, 4318243.593, 99
Trd, 4318244.043, 79
Trd, 4318244.543, 68
Trd, 4318244.643, 115
Trd, 4318245.543, 121
Trd, 4318246.893, 129
Trd, 4318247.493, 122
Trd, 4318248.943, 135
Trd, 4318250.043, 110
Trd, 4318250.293, 99
Trd, 4318250.993, 126
Trd, 4318251.193, 98
Trd, 4318251.243, 98
Trd, 4318252.143, 100
Trd, 4318252.393, 128
Trd, 4318254.893, 94
Trd, 4318255.543, 92
Trd, 4318256.843, 128
Trd, 4318257.543, 112
Trd, 4318258.643, 109
Trd, 4318258.743, 117
Trd, 4318259.293, 103
Trd, 4318259.393, 98
Trd, 4318259.943, 97
Trd, 4318260.043, 106
Trd, 4318260.543, 135
Trd, 4318261.093, 98
Trd, 4318261.293, 96
Trd, 4318261.843, 90
Trd, 4318262.643, 130
Trd, 4318263.293, 115
Trd, 4318263.893, 121
Trd, 4318264.493, 102
Trd, 4318264.993, 118
Trd, 4318265.143, 99
Trd, 4318266.893, 65
Trd, 4318267.843, 72
Trd, 4318268.243, 135
Trd, 4318269.643, 88
Trd, 4318270.543, 91
Trd, 4318270.993, 111
Trd, 4318271.143, 107
Trd, 4318271.893, 121
Trd, 4318272.193, 106
Trd, 4318274.293, 110
Trd, 4318275.243, 87
Trd, 4318275.693, 99
Trd, 4318276.843, 95
Trd, 4318277.093, 91
Trd, 4318277.743, 129
Trd, 4318278.843, 140
Trd, 4318279.043, 102
Trd, 4318280.193, 96
Trd, 4318280.543, 125
Trd, 4318281.843, 116
Trd, 4318282.543, 114
Trd, 4318283.393, 136
Trd, 4318284.393, 112
Trd, 4318284.443, 100
Trd, 4318284.693, 102
Trd, 4318286.993, 124
Trd, 4318287.093, 120
Trd, 4318287.793, 92
Trd, 4318288.043, 80
Trd, 4318288.543, 77
Trd, 4318290.043, 116
Trd, 4318290.993, 118
Trd, 4318291.743, 126
Trd, 4318292.843, 122
Trd, 4318293.593, 103
Trd, 4318294.193, 123
Trd, 4318294.293, 122
Trd, 4318294.993, 112
Trd, 4318296.943, 98
Trd, 4318297.093, 92
Trd, 4318297.293, 87
Trd, 4318297.693, 81
Trd, 4318299.143, 116
Trd, 4318299.293, 116
Trd, 4318301.043, 87
Trd, 4318301.143, 69
Trd, 4318302.543, 110
Trd, 4318302.643, 96
Trd, 4318303.593, 103
Trd, 4318304.193, 80
Trd, 4318305.393, 87
Trd, 4318305.593, 77
Trd, 4318306.493, 113
Trd, 4318306.743, 99
Trd, 4318307.893, 89
Trd, 4318308.743, 79
Trd, 4318308.943, 77
Trd, 4318310.343, 111
Trd, 4318311.043, 101
Trd, 4318311.643, 92
Trd, 4318312.343, 99
Trd, 4318312.993, 90
Trd, 4318313.143, 105
Trd, 4318314.743, 129
Trd, 4318314.893, 104
Trd, 4318315.693, 111
Trd, 4318316.593, 104
Trd, 4318317.193, 94
Trd, 4318317.343, 111
Trd, 4318317.943, 111
Trd, 4318318.893, 87
Trd, 4318320.043, 127
Trd, 4318320.693, 123
Trd, 4318321.643, 121
Trd, 4318322.793, 123
Trd, 4318322.843, 106
Trd, 4318323.193, 118
Trd, 4318323.843, 123
Trd, 4318324.393, 116
Trd, 4318324.543, 110
Trd, 4318325.743, 99
Trd, 4318326.093, 86
Trd, 4318327.293, 90
Trd, 4318327.593, 113
Trd, 4318329.643, 113
Trd, 4318330.043, 125
Trd, 4318330.693, 126
Trd, 4318331.043, 100
Trd, 4318331.793, 99
Trd, 4318331.843, 98
Trd, 4318333.593, 136
Trd, 4318333.843, 128
Trd, 4318333.893, 119
Trd, 4318334.793, 113
Trd, 4318334.843, 98
Trd, 4318336.393, 103
Trd, 4318336.743, 95
Trd, 4318336.893, 106
Trd, 4318337.543, 88
Trd, 4318338.143, 89
Trd, 4318339.043, 137
Trd, 4318339.793, 120
Trd, 4318340.293, 102
Trd, 4318341.343, 126
Trd, 4318341.643, 122
Trd, 4318343.043, 88
Trd, 4318343.343, 98
Trd, 4318344.293, 79
Trd, 4318345.343, 135
Trd, 4318345.993, 133
Trd, 4318346.043, 89
Trd, 4318347.293, 71
Trd, 4318348.693, 133
Trd, 4318349.393, 97
Trd, 4318349.843, 139
Trd, 4318350.943, 121
Trd, 4318351.043, 111
Trd, 4318351.543, 106
Trd, 4318352.043, 110
Trd, 4318352.793, 140
Trd, 4318354.993, 110
Trd, 4318356.043, 140
Trd, 4318356.793, 101
Trd, 4318357.693, 98
Trd, 4318358.793, 127
Trd, 4318358.943, 123
Trd, 4318358.993, 114
Trd, 4318359.643, 102
Trd, 4318361.593, 99
Trd, 4318361.793, 127
Trd, 4318362.343, 100
Trd, 4318362.943, 114
Trd, 4318363.543, 88
Trd, 4318364.343, 140
Trd, 4318364.443, 134
Trd, 4318364.593, 123
Trd, 4318365.593, 65
Trd, 4318366.693, 79
Trd, 4318367.093, 75
Trd, 4318367.543, 94
Trd, 4318368.343, 133
Trd, 4318369.543, 111
Trd, 4318370.393, 126
Trd, 4318370.693, 79
Trd, 4318371.443, 71
Trd, 4318372.543, 92
Trd, 4318372.893, 75
Trd, 4318373.793, 94
Trd, 4318373.893, 82
Trd, 4318374.043, 81
Trd, 4318374.943, 93
Trd, 4318375.193, 92
Trd, 4318375.643, 82
Trd, 4318376.393, 70
Trd, 4318377.193, 129
Trd, 4318379.143, 135
Trd, 4318379.643, 89
Trd, 4318380.493, 67
Trd, 4318380.693, 115
Trd, 4318381.543, 123
Trd, 4318383.443, 130
Trd, 4318383.793, 104
Trd, 4318383.843, 85
Trd, 4318384.993, 91
Trd, 4318385.243, 89
Trd, 4318385.643, 85
Trd, 4318385.843, 95
Trd, 4318386.543, 74
Trd, 4318387.193, 69
Trd, 4318388.193, 62
Trd, 4318389.543, 72
Trd, 4318390.443, 111
Trd, 4318391.093, 97
Trd, 4318391.993, 104
Trd, 4318392.593, 127
Trd, 4318393.143, 95
Trd, 4318393.293, 91
Trd, 4318394.593, 88
Trd, 4318394.743, 81
Trd, 4318395.143, 133
Trd, 4318396.443, 107
Trd, 4318396.643, 105
Trd, 4318397.043, 134
Trd, 4318398.393, 99
Trd, 4318399.793, 109
Trd, 4318401.043, 89
Trd, 4318402.043, 87
Trd, 4318402.193, 126
Trd, 4318402.343, 80
Trd, 4318403.143, 70
Trd, 4318404.343, 103
Trd, 4318405.693, 61
Trd, 4318405.993, 78
Trd, 4318406.893, 105
Trd, 4318407.393, 132
Trd, 4318407.743, 102
Trd, 4318409.293, 132
Trd, 4318410.143, 99
Trd, 4318410.593, 63
Trd, 4318411.293, 65
Trd, 4318412.643, 139
Trd, 4318413.393, 107
Trd, 4318414.743, 137
Trd, 4318414.843, 125
Trd, 4318414.893, 109
Trd, 4318414.993, 105
Trd, 4318415.193, 102
Trd, 4318415.543, 132
Trd, 4318415.743, 107
Trd, 4318418.543, 109
Trd, 4318418.643, 111
Trd, 4318418.943, 101
Trd, 4318420.043, 91
Trd, 4318421.793, 129
Trd, 4318421.893, 105
Trd, 4318421.943, 104
Trd, 4318422.093, 81
Trd, 4318422.243, 72
Trd, 4318423.543, 96
Trd, 4318425.343, 111
Trd, 4318425.643, 139
Trd, 4318426.093, 124
Trd, 4318426.193, 108
Trd, 4318427.893, 73
Trd, 4318429.343, 73
Trd, 4318429.743, 96
Trd, 4318430.393, 131
Trd, 4318433.343, 113
Trd, 4318434.043, 134
Trd, 4318434.793, 122
Trd, 4318435.193, 107
Trd, 4318436.143, 123
Trd, 4318436.343, 99
Trd, 4318438.443, 90
Trd, 4318438.943, 88
Trd, 4318440.093, 90
Trd, 4318440.243, 101
Trd, 4318442.293, 84
Trd, 4318442.843, 86
Trd, 4318443.193, 109
Trd, 4318443.343, 111
Trd, 4318443.643, 79
Trd, 4318444.293, 79
Trd, 4318444.993, 74
Trd, 4318445.243, 71
Trd, 4318446.093, 139
Trd, 4318446.793, 140
Trd, 4318446.993, 111
Trd, 4318448.043, 88
Trd, 4318450.593, 105
Trd, 4318450.943, 122
Trd, 4318451.143, 93
Trd, 4318451.843, 91
Trd, 4318451.993, 81
Trd, 4318452.843, 117
Trd, 4318453.093, 138
Trd, 4318454.143, 94
Trd, 4318454.343, 81
Trd, 4318455.543, 110
Trd, 4318455.843, 138
Trd, 4318457.443, 137
Trd, 4318459.243, 119
Trd, 4318459.543, 134
Trd, 4318459.643, 119
Trd, 4318459.793, 109
Trd, 4318461.293, 127
Trd, 4318461.593, 91
Trd, 4318463.143, 100
Trd, 4318463.393, 92
Trd, 4318463.643, 92
Trd, 4318464.243, 98
Trd, 4318466.193, 128
Trd, 4318466.343, 101
Trd, 4318467.043, 81
Trd, 4318468.693, 101
Trd, 4318468.843, 97
Trd, 4318469.193, 92
Trd, 4318469.743, 122
Trd, 4318470.243, 103
Trd, 4318470.293, 117
Trd, 4318470.743, 92
Trd, 4318471.143, 133
Trd, 4318473.493, 92
Trd, 4318473.693, 99
Trd, 4318474.193, 87
Trd, 4318474.943, 129
Trd, 4318475.993, 107
Trd, 4318476.093, 105
Trd, 4318476.143, 88
Trd, 4318476.343, 71
Trd, 4318477.593, 69
Trd, 4318478.293, 61
Trd, 4318479.843, 136
Trd, 4318480.943, 131
Trd, 4318481.393, 128
Trd, 4318482.693, 122
Trd, 4318482.893, 111
Trd, 4318483.643, 92
Trd, 4318484.043, 88
Trd, 4318485.493, 91
Trd, 4318485.743, 91
Trd, 4318486.443, 133
Trd, 4318486.893, 123
Trd, 4318487.943, 100
Trd, 4318490.293, 124
Trd, 4318490.643, 92
Trd, 4318490.693, 112
Trd, 4318490.943, 115
Trd, 4318491.143, 129
Trd, 4318493.593, 122
Trd, 4318494.193, 97
Trd, 4318494.493, 130
Trd, 4318495.543, 133
Trd, 4318496.043, 114
Trd, 4318496.743, 94
Trd, 4318496.893, 91
Trd, 4318497.593, 120
Trd, 4318498.843, 115
Trd, 4318499.093, 94
Trd, 4318500.593, 91
Trd, 4318501.293, 93
Trd, 4318502.543, 88
Trd, 4318502.943, 76
Trd, 4318503.543, 85
Trd, 4318503.643, 92
Trd, 4318504.593, 92
Trd, 4318504.893, 76
Trd, 4318506.143, 113
Trd, 4318507.143, 120
Trd, 4318507.493, 106
Trd, 4318507.893, 73
Trd, 4318510.093, 96
Trd, 4318510.993, 137
Trd, 4318511.493, 118
Trd, 4318513.043, 125
Trd, 4318514.293, 108
Trd, 4318514.393, 99
Trd, 4318514.493, 96
Trd, 4318514.543, 95
Trd, 4318516.243, 109
Trd, 4318517.143, 108
Trd, 4318517.643, 102
Trd, 4318518.443, 90
Trd, 4318518.643, 82
Trd, 4318518.693, 76
Trd, 4318519.543, 135
Trd, 4318520.343, 122
Trd, 4318520.693, 112
Trd, 4318521.843, 109
Trd, 4318522.793, 93
Trd, 4318522.943, 95
Trd, 4318523.443, 107
Trd, 4318525.143, 81
Trd, 4318526.093, 88
Trd, 4318526.743, 73
Trd, 4318527.143, 69
Trd, 4318527.643, 136
Trd, 4318529.093, 103
Trd, 4318529.343, 129
Trd, 4318530.043, 92
Trd, 4318530.243, 80
Trd, 4318531.493, 119
Trd, 4318532.343, 110
Trd, 4318532.693, 107
Trd, 4318533.443, 134
Trd, 4318533.743, 98
Trd, 4318533.993, 94
Trd, 4318534.443, 93
Trd, 4318535.093, 138
Trd, 4318535.343, 99
Trd, 4318536.643, 80
Trd, 4318537.143, 69
Trd, 4318538.193, 95
Trd, 4318538.643, 78
Trd, 4318539.643, 90
Trd, 4318540.693, 80
Trd, 4318541.243, 85
Trd, 4318541.643, 98
Trd, 4318541.943, 84
Trd, 4318542.693, 101
Trd, 4318543.243, 94
Trd, 4318544.093, 84
Trd, 4318544.843, 112
Trd, 4318546.343, 122
Trd, 4318546.993, 121
Trd, 4318547.993, 111
Trd, 4318548.093, 104
Trd, 4318548.593, 91
Trd, 4318549.343, 82
Trd, 4318551.093, 140
Trd, 4318551.693, 121
Trd, 4318552.693, 132
Trd, 4318552.993, 119
Trd, 4318553.493, 124
Trd, 4318553.593, 117
Trd, 4318553.893, 109
Trd, 4318553.943, 103
Trd, 4318554.543, 82
Trd, 4318556.243, 138
Trd, 4318556.343, 100
Trd, 4318556.593, 115
Trd, 4318557.143, 109
Trd, 4318558.843, 92
Trd, 4318559.893, 63
Trd, 4318560.643, 96
Trd, 4318561.593, 138
Trd, 4318562.343, 127
Trd, 4318563.843, 135
Trd, 4318563.893, 114
Trd, 4318563.993, 112
Trd, 4318564.943, 125
Trd, 4318565.293, 79
Trd, 4318565.443, 98
Trd, 4318566.093, 95
Trd, 4318566.543, 87
Trd, 4318566.593, 73
Trd, 4318568.343, 126
Trd, 4318569.343, 95
Trd, 4318569.993, 114
Trd, 4318571.793, 105
Trd, 4318572.643, 106
Trd, 4318573.243, 114
Trd, 4318573.593, 101
Trd, 4318574.093, 98
Trd, 4318576.243, 96
Trd, 4318576.293, 104
Trd, 4318577.143, 130
Trd, 4318578.593, 124
Trd, 4318579.693, 138
Trd, 4318579.793, 115
Trd, 4318579.893, 108
Trd, 4318579.993, 100
Trd, 4318580.493, 83
Trd, 4318582.193, 134
Trd, 4318582.693, 119
Trd, 4318582.943, 113
Trd, 4318583.543, 88
Trd, 4318584.043, 117
Trd, 4318586.843, 62
Trd, 4318587.193, 64
Trd, 4318588.843, 67
Trd, 4318588.943, 68
Trd, 4318589.643, 70
Trd, 4318589.743, 82
Trd, 4318590.593, 84
Trd, 4318592.793, 107
Trd, 4318592.993, 96
Trd, 4318593.343, 106
Trd, 4318593.743, 120
Trd, 4318594.143, 113
Trd, 4318594.593, 120
Trd, 4318595.693, 121
Trd, 4318596.493, 93
Trd, 4318597.593, 110
Trd, 4318598.043, 85
Trd, 4318599.443, 127
Trd, 4318599.693, 125
Trd, 4318599.993, 112
Trd, 4318602.193, 125
Trd, 4318602.743, 112
Trd, 4318602.843, 113
Trd, 4318603.043, 113
Trd, 4318603.693, 100
Trd, 4318605.793, 107
Trd, 4318605.993, 101
Trd, 4318606.443, 97
Trd, 4318607.443, 118
Trd, 4318608.343, 107
Trd, 4318608.743, 99
Trd, 4318609.493, 138
Trd, 4318609.693, 104
Trd, 4318610.793, 90
Trd, 4318610.993, 106
Trd, 4318611.793, 92
Trd, 4318612.693, 121
Trd, 4318613.093, 109
Trd, 4318613.293, 104
Trd, 4318613.843, 96
Trd, 4318614.893, 85
Trd, 4318616.443, 103
Trd, 4318617.643, 94
Trd, 4318617.993, 99
Trd, 4318618.543, 126
Trd, 4318619.243, 108
Trd, 4318619.493, 136
Trd, 4318620.543, 102
Trd, 4318620.743, 99
Trd, 4318621.143, 104
Trd, 4318621.943, 96
Trd, 4318622.143, 88
Trd, 4318623.393, 84
Trd, 4318624.493, 120
Trd, 4318624.843, 93
Trd, 4318625.293, 96
Trd, 4318625.393, 98
Trd, 4318627.243, 133
Trd, 4318627.693, 125
Trd, 4318628.093, 108
Trd, 4318629.143, 102
Trd, 4318629.193, 90
Trd, 4318629.643, 120
Trd, 4318630.893, 110
Trd, 4318631.043, 115
Trd, 4318631.243, 107
Trd, 4318632.243, 125
Trd, 4318633.493, 114
Trd, 4318633.693, 100
Trd, 4318634.593, 81
Trd, 4318635.893, 104
Trd, 4318636.393, 89
Trd, 4318636.743, 114
Trd, 4318636.843, 80
Trd, 4318638.293, 120
Trd, 4318639.793, 134
Trd, 4318640.843, 128
Trd, 4318641.443, 126
Trd, 4318641.793, 123
Trd, 4318642.343, 107
Trd, 4318642.593, 119
Trd, 4318642.693, 85
Trd, 4318645.143, 103
Trd, 4318645.243, 101
Trd, 4318645.493, 98
Trd, 4318645.993, 97
Trd, 4318648.893, 128
Trd, 4318648.943, 116
Trd, 4318649.493, 105
Trd, 4318649.893, 126
Trd, 4318650.493, 115
Trd, 4318650.993, 91
Trd, 4318652.443, 114
Trd, 4318652.493, 105
Trd, 4318653.493, 97
Trd, 4318654.893, 138
Trd, 4318655.393, 103
Trd, 4318655.593, 98
Trd, 4318656.243, 92
Trd, 4318658.493, 139
Trd, 4318659.243, 110
Trd, 4318659.293, 106
Trd, 4318659.943, 137
Trd, 4318660.443, 140
Trd, 4318661.343, 107
Trd, 4318663.443, 140
Trd, 4318664.743, 98
Trd, 4318664.993, 86
Trd, 4318665.443, 85
Trd, 4318666.043, 105
Trd, 4318666.293, 82
Trd, 4318667.643, 120
Trd, 4318669.443, 127
Trd, 4318670.493, 123
Trd, 4318670.943, 104
Trd, 4318673.143, 117
Trd, 4318673.543, 99
Trd, 4318673.743, 104
Trd, 4318673.793, 92
Trd, 4318674.493, 96
Trd, 4318674.693, 119
Trd, 4318676.543, 111
Trd, 4318677.193, 129
Trd, 4318680.443, 118
Trd, 4318680.793, 114
Trd, 4318681.193, 99
Trd, 4318681.393, 119
Trd, 4318681.543, 108
Trd, 4318682.343, 91
Trd, 4318682.793, 102
Trd, 4318682.943, 97
Trd, 4318684.593, 101
Trd, 4318684.793, 114
Trd, 4318685.043, 132
Trd, 4318685.393, 103
Trd, 4318685.643, 85
Trd, 4318688.693, 131
Trd, 4318689.293, 129
Trd, 4318690.243, 121
Trd, 4318691.143, 101
Trd, 4318691.643, 99
Trd, 4318691.693, 98
Trd, 4318692.093, 123
Trd, 4318692.843, 120
Trd, 4318693.043, 92
Trd, 4318693.643, 89
Trd, 4318694.743, 96
Trd, 4318695.593, 84
Trd, 4318696.543, 94
Trd, 4318696.843, 102
Trd, 4318698.143, 125
Trd, 4318698.693, 114
Trd, 4318699.343, 91
Trd, 4318699.893, 103
Trd, 4318700.693, 121
Trd, 4318702.393, 94
Trd, 4318702.743, 90
Trd, 4318703.493, 85
Trd, 4318704.493, 78
Trd, 4318704.843, 105
Trd, 4318706.543, 74
Trd, 4318706.943, 66
Trd, 4318707.043, 121
Trd, 4318707.693, 124
Trd, 4318709.993, 114
Trd, 4318710.443, 119
Trd, 4318710.943, 124
Trd, 4318712.193, 115
Trd, 4318712.843, 114
Trd, 4318713.243, 105
Trd, 4318713.543, 101
Trd, 4318715.343, 115
Trd, 4318715.743, 136
Trd, 4318717.043, 134
Trd, 4318717.893, 139
Trd, 4318717.993, 120
Trd, 4318718.143, 118
Trd, 4318720.143, 132
Trd, 4318720.243, 116
Trd, 4318722.043, 130
Trd, 4318722.493, 121
Trd, 4318723.093, 119
Trd, 4318723.393, 111
Trd, 4318724.343, 90
Trd, 4318725.893, 132
Trd, 4318726.243, 118
Trd, 4318726.393, 110
Trd, 4318727.043, 103
Trd, 4318727.893, 103
Trd, 4318728.243, 91
Trd, 4318729.743, 121
Trd, 4318730.443, 120
Trd, 4318730.743, 118
Trd, 4318731.643, 109
Trd, 4318732.343, 105
Trd, 4318733.143, 136
Trd, 4318733.193, 124
Trd, 4318733.693, 107
Trd, 4318733.793, 77
Trd, 4318735.993, 101
Trd, 4318736.343, 104
Trd, 4318736.643, 84
Trd, 4318737.193, 116
Trd, 4318737.393, 94
Trd, 4318738.293, 102
Trd, 4318739.693, 96
Trd, 4318741.643, 128
Trd, 4318741.793, 107
Trd, 4318741.893, 104
Trd, 4318743.293, 119
Trd, 4318744.493, 123
Trd, 4318745.343, 115
Trd, 4318745.793, 116
Trd, 4318746.093, 106
Trd, 4318747.643, 102
Trd, 4318747.693, 97
Trd, 4318747.993, 95
Trd, 4318748.343, 87
Trd, 4318748.843, 109
Trd, 4318750.543, 108
Trd, 4318751.293, 123
Trd, 4318751.393, 96
Trd, 4318751.593, 91
Trd, 4318752.093, 120
Trd, 4318752.693, 112
Trd, 4318753.293, 138
Trd, 4318753.393, 119
Trd, 4318755.493, 115
Trd, 4318755.943, 130
Trd, 4318756.243, 120
Trd, 4318756.293, 102
Trd, 4318757.393, 106
Trd, 4318757.643, 89
Trd, 4318759.443, 89
Trd, 4318760.743, 113
Trd, 4318761.643, 124
Trd, 4318763.193, 95
Trd, 4318763.393, 93
Trd, 4318764.793, 109
Trd, 4318764.893, 81
Trd, 4318765.893, 124
Trd, 4318766.943, 132
Trd, 4318767.293, 110
Trd, 4318768.993, 133
Trd, 4318769.143, 116
Trd, 4318769.893, 123
Trd, 4318770.593, 119
Trd, 4318770.893, 113
Trd, 4318771.943, 88
Trd, 4318772.843, 90
Trd, 4318775.293, 83
Trd, 4318775.443, 120
Trd, 4318775.693, 84
Trd, 4318775.943, 132
Trd, 4318776.793, 134
Trd, 4318776.993, 119
Trd, 4318777.643, 120
Trd, 4318778.593, 130
Trd, 4318780.343, 90
Trd, 4318781.243, 91
Trd, 4318781.293, 101
Trd, 4318781.393, 110
Trd, 4318782.093, 110
Trd, 4318782.143, 89
Trd, 4318783.693, 68
Trd, 4318784.143, 62
Trd, 4318785.343, 88
Trd, 4318785.393, 71
Trd, 4318786.193, 69
Trd, 4318786.493, 71
Trd, 4318786.843, 81
Trd, 4318788.643, 80
Trd, 4318791.143, 126
Trd, 4318791.643, 116
Trd, 4318791.693, 99
Trd, 4318792.343, 131
Trd, 4318792.443, 94
Trd, 4318792.493, 82
Trd, 4318792.593, 82
Trd, 4318794.293, 85
Trd, 4318795.143, 64
Trd, 4318795.293, 99
Trd, 4318797.543, 97
Trd, 4318797.943, 89
Trd, 4318798.243, 86
Trd, 4318798.393, 120
Trd, 4318798.443, 72
Trd, 4318800.293, 110
Trd, 4318802.143, 138
Trd, 4318802.893, 78
Trd, 4318803.543, 98
Trd, 4318803.793, 109
Trd, 4318804.693, 97
Trd, 4318805.643, 102
Trd, 4318806.693, 125
Trd, 4318807.343, 123
Trd, 4318807.393, 113
Trd, 4318808.643, 132
Trd, 4318809.793, 85
Trd, 4318810.243, 135
Trd, 4318810.643, 123
Trd, 4318811.793, 135
Trd, 4318811.993, 121
Trd, 4318812.293, 105
Trd, 4318812.743, 107
Trd, 4318813.493, 121
Trd, 4318814.593, 127
Trd, 4318814.993, 93
Trd, 4318815.343, 123
Trd, 4318815.693, 105
Trd, 4318817.393, 98
Trd, 4318817.843, 128
Trd, 4318818.493, 123
Trd, 4318819.593, 114
Trd, 4318819.843, 112
Trd, 4318820.143, 83
Trd, 4318820.643, 136
Trd, 4318821.393, 120
Trd, 4318822.293, 84
Trd, 4318823.693, 74
Trd, 4318823.893, 103
Trd, 4318824.593, 123
Trd, 4318824.793, 82
Trd, 4318827.493, 96
Trd, 4318827.693, 96
Trd, 4318827.843, 98
Trd, 4318828.243, 108
Trd, 4318828.393, 94
Trd, 4318830.143, 130
Trd, 4318830.243, 109
Trd, 4318831.343, 90
Trd, 4318831.593, 87
Trd, 4318832.843, 89
Trd, 4318833.243, 79
Trd, 4318834.543, 113
Trd, 4318835.543, 122
Trd, 4318836.143, 94
Trd, 4318837.393, 109
Trd, 4318837.643, 97
Trd, 4318838.043, 103
Trd, 4318838.343, 89
Trd, 4318839.143, 94
Trd, 4318842.243, 140
Trd, 4318842.443, 109
Trd, 4318842.693, 104
Trd, 4318843.843, 117
Trd, 4318844.493, 122
Trd, 4318844.793, 117
Trd, 4318844.943, 88
Trd, 4318846.593, 133
Trd, 4318847.693, 129
Trd, 4318847.943, 121
Trd, 4318848.093, 120
Trd, 4318848.643, 105
Trd, 4318849.143, 95
Trd, 4318849.693, 123
Trd, 4318851.143, 122
Trd, 4318851.593, 134
Trd, 4318851.993, 123
Trd, 4318852.193, 96
Trd, 4318853.093, 127
Trd, 4318854.043, 132
Trd, 4318854.193, 123
Trd, 4318854.593, 107
Trd, 4318854.643, 103
Trd, 4318857.393, 115
Trd, 4318857.793, 106
Trd, 4318859.093, 93
Trd, 4318860.293, 129
Trd, 4318860.493, 110
Trd, 4318860.793, 103
Trd, 4318860.893, 88
Trd, 4318861.343, 108
Trd, 4318861.793, 89
Trd, 4318863.043, 122
Trd, 4318864.993, 111
Trd, 4318866.543, 118
Trd, 4318867.093, 134
Trd, 4318869.093, 108
Trd, 4318870.393, 129
Trd, 4318870.443, 97
Trd, 4318870.893, 98
Trd, 4318870.993, 79
Trd, 4318871.793, 75
Trd, 4318873.143, 136
Trd, 4318873.543, 126
Trd, 4318873.893, 118
Trd, 4318875.493, 115
Trd, 4318875.993, 107
Trd, 4318876.193, 106
Trd, 4318877.193, 115
Trd, 4318877.543, 128
Trd, 4318878.493, 101
Trd, 4318879.193, 106
Trd, 4318881.693, 98
Trd, 4318882.043, 131
Trd, 4318882.143, 111
Trd, 4318882.743, 137
Trd, 4318883.043, 138
Trd, 4318883.493, 91
Trd, 4318884.543, 120
Trd, 4318885.243, 104
Trd, 4318886.093, 112
Trd, 4318886.393, 76
Trd, 4318886.893, 115
Trd, 4318887.293, 120
Trd, 4318887.993, 84
Trd, 4318889.943, 80
Trd, 4318890.193, 94
Trd, 4318891.143, 127
Trd, 4318891.693, 89
Trd, 4318893.343, 109
Trd, 4318893.493, 100
Trd, 4318894.143, 100
Trd, 4318894.943, 117
Trd, 4318896.243, 107
Trd, 4318897.143, 132
Trd, 4318897.643, 129
Trd, 4318898.293, 116
Trd, 4318898.593, 117
Trd, 4318898.693, 107
Trd, 4318899.843, 130
Trd, 4318900.993, 87
Trd, 4318901.593, 80
Trd, 4318902.443, 63
Trd, 4318903.693, 114
Trd, 4318906.193, 111
Trd, 4318906.293, 111
Trd, 4318906.643, 95
Trd, 4318906.993, 81
Trd, 4318907.543, 115
Trd, 4318907.593, 93
Trd, 4318908.143, 125
Trd, 4318908.593, 75
Trd, 4318908.943, 105
Trd, 4318909.643, 69
Trd, 4318909.793, 130
Trd, 4318911.343, 82
Trd, 4318912.443, 88
Trd, 4318912.743, 94
Trd, 4318914.193, 83
Trd, 4318914.343, 90
Trd, 4318916.493, 117
Trd, 4318916.843, 99
Trd, 4318917.343, 121
Trd, 4318918.043, 90
Trd, 4318918.293, 83
Trd, 4318918.493, 101
Trd, 4318918.743, 106
Trd, 4318919.343, 131
Trd, 4318919.543, 73
Trd, 4318921.093, 110
Trd, 4318923.593, 121
Trd, 4318924.293, 122
Trd, 4318924.393, 101
Trd, 4318925.343, 119
Trd, 4318925.993, 99
Trd, 4318927.943, 88
Trd, 4318928.193, 127
Trd, 4318928.243, 86
Trd, 4318928.343, 115
Trd, 4318928.943, 88
Trd, 4318929.493, 90
Trd, 4318930.043, 135
Trd, 4318930.443, 117
Trd, 4318932.493, 124
Trd, 4318932.593, 114
Trd, 4318933.293, 60
Trd, 4318933.693, 76
Trd, 4318935.643, 78
Trd, 4318936.693, 75
Trd, 4318936.993, 111
Trd, 4318937.293, 140
Trd, 4318938.043, 126
Trd, 4318939.543, 112
Trd, 4318940.093, 102
Trd, 4318941.443, 88
Trd, 4318942.243, 137
Trd, 4318943.443, 119
Trd, 4318943.493, 98
Trd, 4318943.693, 78
Trd, 4318944.143, 61
Trd, 4318944.193, 69
Trd, 4318945.043, 120
Trd, 4318945.443, 133
Trd, 4318947.443, 125
Trd, 4318948.043, 116
Trd, 4318948.443, 101
Trd, 4318948.993, 123
Trd, 4318949.043, 87
Trd, 4318949.643, 85
Trd, 4318949.843, 73
Trd, 4318950.143, 79
Trd, 4318951.593, 80
Trd, 4318952.943, 92
Trd, 4318953.943, 114
Trd, 4318954.243, 106
Trd, 4318955.143, 111
Trd, 4318955.393, 95
Trd, 4318955.643, 76
Trd, 4318957.493, 110
Trd, 4318959.443, 65
Trd, 4318959.493, 70
Trd, 4318960.643, 93
Trd, 4318961.193, 81
Trd, 4318961.993, 107
Trd, 4318962.593, 131
Trd, 4318962.793, 99
Trd, 4318963.093, 96
Trd, 4318964.243, 82
Trd, 4318965.593, 125
Trd, 4318967.243, 96
Trd, 4318967.593, 88
Trd, 4318969.193, 84
Trd, 4318969.493, 122
Trd, 4318970.693, 88
Trd, 4318971.243, 87
Trd, 4318971.543, 76
Trd, 4318972.093, 94
Trd, 4318973.543, 104
Trd, 4318974.593, 114
Trd, 4318975.043, 127
Trd, 4318975.443, 131
Trd, 4318975.593, 107
Trd, 4318977.343, 90
Trd, 4318977.393, 86
Trd, 4318978.793, 104
Trd, 4318979.193, 102
Trd, 4318979.593, 104
Trd, 4318980.493, 119
Trd, 4318980.943, 136
Trd, 4318981.243, 124
Trd, 4318981.443, 99
Trd, 4318982.643, 79
Trd, 4318983.743, 89
Trd, 4318985.693, 101
Trd, 4318985.993, 99
Trd, 4318986.293, 103
Trd, 4318987.543, 96
Trd, 4318987.993, 89
Trd, 4318988.093, 76
Trd, 4318988.293, 93
Trd, 4318988.943, 72
Trd, 4318989.543, 111
Trd, 4318991.343, 64
Trd, 4318991.893, 64
Trd, 4318992.893, 89
Trd, 4318993.193, 118
Trd, 4318995.343, 78
Trd, 4318996.493, 94
Trd, 4318997.193, 99
Trd, 4318997.593, 81
Trd, 4318998.993, 109
Trd, 4319000.443, 101
Trd, 4319000.843, 83
Trd, 4319001.443, 104
Trd, 4319002.043, 84
Trd, 4319002.393, 94
Trd, 4319002.843, 115
Trd, 4319004.343, 111
Trd, 4319004.943, 110
Trd, 4319005.493, 99
Trd, 4319006.093, 111
Trd, 4319006.143, 94
Trd, 4319006.443, 83
Trd, 4319006.893, 102
Trd, 4319007.993, 92
Trd, 4319009.243, 90
Trd, 4319010.343, 109
Trd, 4319010.543, 101
Trd, 4319011.443, 97
Trd, 4319011.693, 71
Trd, 4319013.193, 136
Trd, 4319013.243, 124
Trd, 4319013.293, 118
Trd, 4319015.443, 129
Trd, 4319015.893, 108
Trd, 4319016.843, 115
Trd, 4319018.493, 111
Trd, 4319019.243, 112
Trd, 4319019.393, 106
Trd, 4319019.543, 97
Trd, 4319021.243, 128
Trd, 4319022.293, 120
Trd, 4319022.693, 140
Trd, 4319023.393, 83
Trd, 4319024.393, 111
Trd, 4319026.243, 88
Trd, 4319027.443, 124
Trd, 4319027.593, 115
Trd, 4319028.543, 124
Trd, 4319028.643, 97
Trd, 4319029.793, 96
Trd, 4319030.343, 111
Trd, 4319032.543, 88
Trd, 4319033.493, 128
Trd, 4319033.693, 121
Trd, 4319034.343, 77
Trd, 4319035.243, 61
Trd, 4319035.393, 66
Trd, 4319036.743, 63
Trd, 4319037.493, 64
Trd, 4319038.043, 72
Trd, 4319038.593, 97
Trd, 4319038.643, 89
Trd, 4319040.093, 83
Trd, 4319040.943, 138
Trd, 4319043.393, 121
Trd, 4319043.493, 123
Trd, 4319043.993, 133
Trd, 4319045.593, 137
Trd, 4319045.743, 130
Trd, 4319046.843, 125
Trd, 4319048.643, 86
Trd, 4319048.943, 88
Trd, 4319048.993, 83
Trd, 4319050.193, 94
Trd, 4319050.393, 88
Trd, 4319050.443, 93
Trd, 4319051.893, 60
Trd, 4319052.843, 97
Trd, 4319054.043, 66
Trd, 4319055.793, 63
Trd, 4319056.293, 77
Trd, 4319057.243, 81
Trd, 4319057.293, 110
Trd, 4319057.943, 82
Trd, 4319058.743, 136
Trd, 4319060.393, 128
Trd, 4319060.743, 123
Trd, 4319061.143, 109
Trd, 4319061.643, 103
Trd, 4319061.843, 73
Trd, 4319062.343, 72
Trd, 4319065.143, 102
Trd, 4319066.693, 122
Trd, 4319067.193, 120
Trd, 4319067.493, 112
Trd, 4319067.543, 104
Trd, 4319067.743, 102
Trd, 4319069.143, 121
Trd, 4319070.143, 118
Trd, 4319070.993, 101
Trd, 4319071.243, 118
Trd, 4319072.543, 116
Trd, 4319074.193, 88
Trd, 4319075.043, 67
Trd, 4319075.743, 75
Trd, 4319075.993, 78
Trd, 4319076.443, 99
Trd, 4319076.893, 92
Trd, 4319077.643, 94
Trd, 4319078.443, 96
Trd, 4319079.493, 112
Trd, 4319080.293, 134
Trd, 4319080.743, 125
Trd, 4319080.843, 123
Trd, 4319081.343, 112
Trd, 4319081.593, 67
Trd, 4319082.693, 89
Trd, 4319084.193, 97
Trd, 4319085.443, 72
Trd, 4319086.143, 108
Trd, 4319087.843, 118
Trd, 4319087.993, 116
Trd, 4319088.793, 120
Trd, 4319089.093, 84
Trd, 4319089.643, 91
Trd, 4319089.743, 75
Trd, 4319089.893, 78
Trd, 4319092.043, 125
Trd, 4319092.493, 124
Trd, 4319092.993, 110
Trd, 4319093.143, 97
Trd, 4319094.193, 71
Trd, 4319094.843, 110
Trd, 4319096.043, 132
Trd, 4319097.543, 99
Trd, 4319098.243, 94
Trd, 4319098.493, 98
Trd, 4319099.243, 77
Trd, 4319099.543, 74
Trd, 4319100.393, 82
Trd, 4319100.443, 61
Trd, 4319100.943, 112
Trd, 4319101.893, 82
Trd, 4319102.293, 125
Trd, 4319105.043, 130
Trd, 4319105.743, 104
Trd, 4319106.193, 107
Trd, 4319106.393, 106
Trd, 4319106.993, 116
Trd, 4319107.293, 99
Trd, 4319107.943, 106
Trd, 4319109.943, 112
Trd, 4319110.943, 113
Trd, 4319110.993, 109
Trd, 4319111.193, 106
Trd, 4319111.393, 105
Trd, 4319111.693, 102
Trd, 4319112.893, 129
Trd, 4319113.193, 128
Trd, 4319115.293, 90
Trd, 4319116.393, 113
Trd, 4319116.443, 103
Trd, 4319117.443, 121
Trd, 4319117.793, 105
Trd, 4319118.443, 121
Trd, 4319118.843, 98
Trd, 4319120.943, 72
Trd, 4319121.643, 109
Trd, 4319122.193, 110
Trd, 4319122.643, 137
Trd, 4319124.493, 77
Trd, 4319124.793, 75
Trd, 4319125.493, 125
Trd, 4319127.893, 112
Trd, 4319128.743, 100
Trd, 4319128.893, 108
Trd, 4319129.343, 92
Trd, 4319129.743, 112
Trd, 4319130.243, 89
Trd, 4319130.393, 82
Trd, 4319130.543, 78
Trd, 4319132.393, 78
Trd, 4319133.393, 117
Trd, 4319134.943, 104
Trd, 4319135.093, 103
Trd, 4319135.293, 97
Trd, 4319136.193, 112
Trd, 4319137.493, 110
Trd, 4319138.693, 104
Trd, 4319139.543, 92
Trd, 4319139.643, 97
Trd, 4319140.493, 79
Trd, 4319141.943, 72
Trd, 4319141.993, 104
Trd, 4319142.293, 96
Trd, 4319142.693, 78
Trd, 4319144.693, 70
Trd, 4319146.293, 70
Trd, 4319146.493, 79
Trd, 4319146.793, 77
Trd, 4319147.593, 86
Trd, 4319147.693, 62
Trd, 4319148.793, 121
Trd, 4319149.093, 124
Trd, 4319149.593, 114
Trd, 4319149.943, 104
Trd, 4319151.993, 138
Trd, 4319152.993, 115
Trd, 4319154.543, 98
Trd, 4319154.943, 98
Trd, 4319155.143, 102
Trd, 4319156.043, 114
Trd, 4319156.343, 102
Trd, 4319157.243, 67
Trd, 4319158.043, 75
Trd, 4319158.543, 73
Trd, 4319159.193, 126
Trd, 4319159.643, 140
Trd, 4319160.643, 97
Trd, 4319161.043, 116
Trd, 4319162.243, 122
Trd, 4319163.093, 103
Trd, 4319163.843, 128
Trd, 4319164.443, 94
Trd, 4319165.393, 98
Trd, 4319165.493, 139
Trd, 4319167.193, 104
Trd, 4319167.943, 92
Trd, 4319168.493, 125
Trd, 4319170.843, 119
Trd, 4319171.293, 132
Trd, 4319172.193, 107
Trd, 4319172.443, 93
Trd, 4319173.693, 109
Trd, 4319174.443, 100
Trd, 4319174.843, 68
Trd, 4319174.993, 122
Trd, 4319177.643, 122
Trd, 4319178.293, 123
Trd, 4319179.343, 107
Trd, 4319179.593, 102
Trd, 4319179.993, 101
Trd, 4319180.193, 133
Trd, 4319181.543, 137
Trd, 4319181.593, 124
Trd, 4319181.793, 132
Trd, 4319183.043, 88
Trd, 4319183.393, 74
Trd, 4319184.343, 86
Trd, 4319184.543, 84
Trd, 4319184.693, 89
Trd, 4319186.643, 74
Trd, 4319187.243, 98
Trd, 4319188.143, 98
Trd, 4319189.393, 108
Trd, 4319189.943, 82
Trd, 4319190.243, 105
Trd, 4319191.243, 100
Trd, 4319191.293, 98
Trd, 4319191.893, 137
Trd, 4319191.993, 88
Trd, 4319193.593, 139
Trd, 4319195.043, 120
Trd, 4319195.093, 103
Trd, 4319195.793, 99
Trd, 4319195.993, 122
Trd, 4319196.743, 83
Trd, 4319198.243, 132
Trd, 4319198.343, 124
Trd, 4319200.143, 125
Trd, 4319200.643, 136
Trd, 4319200.893, 116
Trd, 4319201.243, 100
Trd, 4319201.793, 85
Trd, 4319202.143, 86
Trd, 4319202.693, 89
Trd, 4319203.993, 116
Trd, 4319205.393, 122
Trd, 4319205.993, 110
Trd, 4319208.593, 108
Trd, 4319209.193, 102
Trd, 4319209.943, 89
Trd, 4319210.293, 127
Trd, 4319210.593, 118
Trd, 4319211.293, 138
Trd, 4319211.443, 128
Trd, 4319212.043, 93
Trd, 4319212.243, 86
Trd, 4319212.593, 117
Trd, 4319214.193, 109
Trd, 4319215.193, 125
Trd, 4319216.143, 139
Trd, 4319216.643, 118
Trd, 4319217.143, 137
Trd, 4319217.693, 104
Trd, 4319218.593, 106
Trd, 4319218.743, 82
Trd, 4319220.343, 121
Trd, 4319221.043, 115
Trd, 4319221.443, 111
Trd, 4319222.443, 89
Trd, 4319222.643, 78
Trd, 4319222.793, 73
Trd, 4319224.293, 92
Trd, 4319225.293, 74
Trd, 4319227.293, 139
Trd, 4319227.443, 111
Trd, 4319227.593, 108
Trd, 4319229.043, 111
Trd, 4319230.643, 108
Trd, 4319230.843, 100
Trd, 4319231.543, 99
Trd, 4319232.793, 108
Trd, 4319233.093, 110
Trd, 4319233.693, 96
Trd, 4319234.143, 79
Trd, 4319234.693, 77
Trd, 4319235.043, 86
Trd, 4319235.293, 119
Trd, 4319236.693, 140
Trd, 4319238.443, 93
Trd, 4319239.293, 67
Trd, 4319239.843, 73
Trd, 4319239.993, 77
Trd, 4319241.643, 92
Trd, 4319242.943, 107
Trd, 4319243.693, 87
Trd, 4319244.343, 96
Trd, 4319244.643, 113
Trd, 4319245.693, 140
Trd, 4319246.493, 124
Trd, 4319246.793, 114
Trd, 4319248.343, 107
Trd, 4319248.743, 92
Trd, 4319249.143, 115
Trd, 4319249.293, 114
Trd, 4319249.593, 113
Trd, 4319251.193, 108
Trd, 4319251.393, 84
Trd, 4319252.343, 105
Trd, 4319252.843, 88
Trd, 4319253.493, 104
Trd, 4319255.093, 105
Trd, 4319255.893, 82
Trd, 4319256.943, 104
Trd, 4319257.143, 103
Trd, 4319257.443, 109
Trd, 4319257.693, 83
Trd, 4319259.243, 107
Trd, 4319259.393, 101
Trd, 4319260.643, 102
Trd, 4319261.143, 120
Trd, 4319263.043, 125
Trd, 4319263.393, 138
Trd, 4319264.093, 114
Trd, 4319264.143, 102
Trd, 4319264.993, 133
Trd, 4319265.443, 100
Trd, 4319265.843, 91
Trd, 4319266.993, 135
Trd, 4319267.493, 122
Trd, 4319267.893, 118
Trd, 4319268.193, 112
Trd, 4319268.993, 65
Trd, 4319271.543, 101
Trd, 4319271.943, 92
Trd, 4319272.493, 90
Trd, 4319272.993, 71
Trd, 4319273.943, 119
Trd, 4319274.293, 108
Trd, 4319274.693, 123
Trd, 4319274.743, 132
Trd, 4319275.593, 137
Trd, 4319276.193, 130
Trd, 4319276.543, 67
Trd, 4319276.843, 67
Trd, 4319277.343, 98
Trd, 4319277.593, 89
Trd, 4319279.093, 69
Trd, 4319280.093, 120
Trd, 4319280.443, 109
Trd, 4319281.393, 133
Trd, 4319281.493, 131
Trd, 4319282.993, 130
Trd, 4319283.343, 102
Trd, 4319283.393, 94
Trd, 4319284.543, 124
Trd, 4319284.793, 114
Trd, 4319284.843, 109
Trd, 4319287.493, 133
Trd, 4319288.393, 112
Trd, 4319288.593, 106
Trd, 4319288.743, 104
Trd, 4319288.943, 90
Trd, 4319289.893, 113
Trd, 4319290.293, 71
Trd, 4319290.393, 111
Trd, 4319290.493, 122
Trd, 4319291.943, 125
Trd, 4319292.543, 117
Trd, 4319293.593, 74
Trd, 4319294.193, 81
Trd, 4319294.243, 78
Trd, 4319296.393, 87
Trd, 4319297.743, 87
Trd, 4319297.793, 93
Trd, 4319298.043, 77
Trd, 4319298.593, 85
Trd, 4319298.843, 93
Trd, 4319299.593, 81
Trd, 4319300.043, 91
Trd, 4319301.093, 115
Trd, 4319301.543, 109
Trd, 4319301.843, 84
Trd, 4319301.943, 80
Trd, 4319304.043, 120
Trd, 4319304.493, 105
Trd, 4319304.543, 100
Trd, 4319305.643, 131
Trd, 4319305.793, 127
Trd, 4319307.593, 123
Trd, 4319307.943, 62
Trd, 4319307.993, 70
Trd, 4319308.593, 104
Trd, 4319311.443, 68
Trd, 4319311.593, 96
Trd, 4319311.793, 86
Trd, 4319312.293, 80
Trd, 4319312.993, 94
Trd, 4319315.243, 102
Trd, 4319315.293, 89
Trd, 4319315.743, 113
Trd, 4319315.843, 81
Trd, 4319317.093, 138
Trd, 4319317.543, 130
Trd, 4319318.293, 116
Trd, 4319318.843, 130
Trd, 4319319.193, 112
Trd, 4319320.743, 86
Trd, 4319320.893, 118
Trd, 4319321.293, 83
Trd, 4319322.693, 139
Trd, 4319323.393, 133
Trd, 4319323.843, 132
Trd, 4319325.243, 114
Trd, 4319325.293, 112
Trd, 4319326.393, 118
Trd, 4319326.893, 102
Trd, 4319327.693, 100
Trd, 4319327.943, 128
Trd, 4319328.093, 125
Trd, 4319330.543, 126
Trd, 4319330.843, 115
Trd, 4319332.343, 108
Trd, 4319332.993, 119
Trd, 4319335.143, 92
Trd, 4319335.193, 86
Trd, 4319335.493, 97
Trd, 4319335.843, 138
Trd, 4319336.443, 70
Trd, 4319337.543, 136
Trd, 4319338.693, 121
Trd, 4319339.043, 127
Trd, 4319340.193, 118
Trd, 4319340.343, 108
Trd, 4319341.243, 139
Trd, 4319342.543, 113
Trd, 4319343.643, 111
Trd, 4319344.293, 111
Trd, 4319345.143, 124
Trd, 4319345.243, 118
Trd, 4319345.293, 92
Trd, 4319346.093, 132
Trd, 4319346.943, 131
Trd, 4319347.493, 89
Trd, 4319348.343, 83
Trd, 4319349.393, 85
Trd, 4319350.293, 124
Trd, 4319350.443, 135
Trd, 4319350.843, 117
Trd, 4319351.243, 103
Trd, 4319352.343, 104
Trd, 4319354.143, 105
Trd, 4319355.993, 82
Trd, 4319356.193, 88
Trd, 4319357.143, 86
Trd, 4319358.043, 135
Trd, 4319358.743, 109
Trd, 4319359.743, 112
Trd, 4319359.943, 102
Trd, 4319360.993, 91
Trd, 4319361.893, 88
Trd, 4319362.343, 111
Trd, 4319362.593, 83
Trd, 4319362.693, 134
Trd, 4319363.143, 114
Trd, 4319364.343, 60
Trd, 4319365.293, 107
Trd, 4319366.393, 135
Trd, 4319367.543, 120
Trd, 4319368.943, 87
Trd, 4319370.343, 113
Trd, 4319370.793, 116
Trd, 4319370.893, 103
Trd, 4319371.443, 117
Trd, 4319372.193, 99
Trd, 4319372.893, 110
Trd, 4319373.393, 110
Trd, 4319373.693, 135
Trd, 4319374.293, 136
Trd, 4319375.593, 138
Trd, 4319375.893, 135
Trd, 4319376.143, 106
Trd, 4319377.243, 125
Trd, 4319378.143, 127
Trd, 4319379.843, 132
Trd, 4319379.993, 115
Trd, 4319380.743, 107
Trd, 4319381.793, 130
Trd, 4319382.293, 108
Trd, 4319383.093, 114
Trd, 4319383.693, 106
Trd, 4319384.793, 120
Trd, 4319385.243, 136
Trd, 4319386.693, 100
Trd, 4319387.293, 119
Trd, 4319388.293, 110
Trd, 4319389.093, 95
Trd, 4319389.943, 123
Trd, 4319390.543, 121
Trd, 4319390.793, 118
Trd, 4319391.293, 105
Trd, 4319392.243, 87
Trd, 4319392.443, 81
Trd, 4319393.693, 66
Trd, 4319394.893, 100
Trd, 4319395.693, 123
Trd, 4319395.843, 112
Trd, 4319396.393, 127
Trd, 4319396.893, 119
Trd, 4319397.243, 106
Trd, 4319397.743, 111
Trd, 4319398.743, 103
Trd, 4319399.643, 103
Trd, 4319400.843, 102
Trd, 4319401.443, 127
Trd, 4319401.693, 96
Trd, 4319403.743, 124
Trd, 4319404.343, 109
Trd, 4319404.393, 112
Trd, 4319404.743, 98
Trd, 4319405.443, 96
Trd, 4319406.843, 116
Trd, 4319408.293, 137
Trd, 4319409.543, 126
Trd, 4319409.943, 124
Trd, 4319410.543, 109
Trd, 4319411.093, 120
Trd, 4319411.443, 105
Trd, 4319412.093, 105
Trd, 4319412.493, 84
Trd, 4319413.243, 116
Trd, 4319414.193, 111
Trd, 4319415.543, 101
Trd, 4319416.443, 111
Trd, 4319417.693, 85
Trd, 4319418.543, 120
Trd, 4319418.993, 87
Trd, 4319419.093, 86
Trd, 4319420.143, 132
Trd, 4319420.343, 126
Trd, 4319421.293, 121
Trd, 4319421.393, 89
Trd, 4319421.793, 77
Trd, 4319422.893, 76
Trd, 4319423.093, 72
Trd, 4319423.143, 108
Trd, 4319423.443, 64
Trd, 4319426.293, 93
Trd, 4319426.643, 80
Trd, 4319426.993, 77
Trd, 4319427.593, 135
Trd, 4319428.693, 79
Trd, 4319428.893, 73
Trd, 4319429.143, 135
Trd, 4319431.143, 123
Trd, 4319432.693, 108
Trd, 4319432.743, 104
Trd, 4319432.793, 90
Trd, 4319433.243, 123
Trd, 4319433.993, 72
Trd, 4319435.043, 96
Trd, 4319435.393, 97
Trd, 4319436.093, 81
Trd, 4319436.993, 131
Trd, 4319437.993, 125
Trd, 4319438.093, 117
Trd, 4319438.643, 125
Trd, 4319439.493, 110
Trd, 4319439.693, 110
Trd, 4319439.843, 94
Trd, 4319441.693, 84
Trd, 4319442.843, 68
Trd, 4319443.193, 73
Trd, 4319443.593, 75
Trd, 4319444.243, 137
Trd, 4319445.443, 128
Trd, 4319445.893, 124
Trd, 4319446.243, 112
Trd, 4319446.993, 93
Trd, 4319448.493, 108
Trd, 4319448.793, 91
Trd, 4319449.093, 89
Trd, 4319449.693, 114
Trd, 4319450.343, 119
Trd, 4319450.643, 99
Trd, 4319451.643, 110
Trd, 4319452.843, 74
Trd, 4319453.493, 85
Trd, 4319454.993, 93
Trd, 4319455.943, 72
Trd, 4319456.143, 61
Trd, 4319457.793, 82
Trd, 4319457.943, 70
Trd, 4319458.193, 67
Trd, 4319458.493, 104
Trd, 4319459.093, 108
Trd, 4319459.193, 77
Trd, 4319460.243, 79
Trd, 4319460.893, 128
Trd, 4319461.243, 118
Trd, 4319462.243, 73
Trd, 4319462.943, 72
Trd, 4319463.943, 127
Trd, 4319464.993, 97
Trd, 4319466.243, 82
Trd, 4319467.143, 61
Trd, 4319467.593, 105
Trd, 4319469.143, 66
Trd, 4319469.443, 100
Trd, 4319469.693, 90
Trd, 4319471.643, 123
Trd, 4319472.393, 107
Trd, 4319472.693, 121
Trd, 4319472.893, 107
Trd, 4319473.843, 94
Trd, 4319476.093, 100
Trd, 4319477.143, 109
Trd, 4319478.393, 87
Trd, 4319478.493, 104
Trd, 4319479.943, 112
Trd, 4319480.193, 108
Trd, 4319480.643, 103
Trd, 4319480.793, 109
Trd, 4319481.193, 130
Trd, 4319481.693, 111
Trd, 4319482.243, 101
Trd, 4319484.393, 102
Trd, 4319484.593, 136
Trd, 4319486.993, 124
Trd, 4319487.593, 85
Trd, 4319487.743, 81
Trd, 4319488.393, 105
Trd, 4319488.843, 115
Trd, 4319489.443, 112
Trd, 4319490.543, 122
Trd, 4319491.193, 103
Trd, 4319491.293, 88
Trd, 4319491.343, 131
Trd, 4319491.843, 76
Trd, 4319493.993, 99
Trd, 4319494.993, 77
Trd, 4319495.793, 79
Trd, 4319495.843, 90
Trd, 4319496.643, 123
Trd, 4319496.693, 106
Trd, 4319497.443, 138
Trd, 4319497.793, 99
Trd, 4319498.093, 75
Trd, 4319498.393, 82
Trd, 4319501.043, 95
Trd, 4319501.243, 120
Trd, 4319501.893, 140
Trd, 4319502.593, 128
Trd, 4319503.943, 121
Trd, 4319505.943, 123
Trd, 4319506.043, 116
Trd, 4319506.243, 112
Trd, 4319507.193, 97
Trd, 4319509.343, 127
Trd, 4319509.843, 96
Trd, 4319510.793, 119
Trd, 4319510.993, 119
Trd, 4319511.893, 129
Trd, 4319512.193, 100
Trd, 4319514.193, 138
Trd, 4319514.893, 140
Trd, 4319514.943, 126
Trd, 4319516.393, 133
Trd, 4319517.193, 127
Trd, 4319517.343, 105
Trd, 4319517.693, 110
Trd, 4319518.093, 85
Trd, 4319518.393, 120
Trd, 4319519.443, 65
Trd, 4319520.493, 68
Trd, 4319520.693, 76
Trd, 4319521.343, 96
Trd, 4319522.393, 96
Trd, 4319524.593, 133
Trd, 4319524.943, 106
Trd, 4319525.593, 103
Trd, 4319525.843, 112
Trd, 4319526.843, 103
Trd, 4319528.843, 111
Trd, 4319529.193, 102
Trd, 4319529.543, 111
Trd, 4319530.793, 96
Trd, 4319531.543, 92
Trd, 4319532.193, 106
Trd, 4319532.443, 80
Trd, 4319534.093, 75
Trd, 4319534.243, 69
Trd, 4319534.793, 66
Trd, 4319535.543, 97
Trd, 4319535.843, 104
Trd, 4319536.593, 74
Trd, 4319537.743, 118
Trd, 4319538.593, 135
Trd, 4319538.893, 122
Trd, 4319539.243, 116
Trd, 4319539.593, 106
Trd, 4319540.193, 90
Trd, 4319541.543, 126
Trd, 4319541.593, 99
Trd, 4319542.493, 108
Trd, 4319543.993, 139
Trd, 4319544.643, 113
Trd, 4319545.543, 107
Trd, 4319545.793, 103
Trd, 4319545.843, 100
Trd, 4319546.443, 128
Trd, 4319548.593, 80
Trd, 4319550.093, 86
Trd, 4319550.843, 138
Trd, 4319550.893, 126
Trd, 4319551.193, 120
Trd, 4319551.843, 115
Trd, 4319552.743, 83
Trd, 4319553.743, 85
Trd, 4319553.893, 133
Trd, 4319555.443, 101
Trd, 4319555.793, 98
Trd, 4319556.593, 89
Trd, 4319557.393, 112
Trd, 4319557.543, 88
Trd, 4319557.593, 80
Trd, 4319558.093, 71
Trd, 4319559.293, 88
Trd, 4319559.593, 63
Trd, 4319560.243, 63
Trd, 4319560.493, 70
Trd, 4319560.543, 92
Trd, 4319561.043, 60
Trd, 4319562.293, 65
Trd, 4319563.243, 84
Trd, 4319563.793, 87
Trd, 4319566.593, 97
Trd, 4319566.793, 94
Trd, 4319568.193, 107
Trd, 4319569.043, 127
Trd, 4319569.393, 91
Trd, 4319570.293, 119
Trd, 4319570.793, 126
Trd, 4319570.843, 109
Trd, 4319571.493, 85
Trd, 4319572.693, 108
Trd, 4319574.193, 79
Trd, 4319574.893, 103
Trd, 4319575.293, 105
Trd, 4319576.593, 105
Trd, 4319577.093, 96
Trd, 4319577.393, 91
Trd, 4319578.143, 91
Trd, 4319578.393, 78
Trd, 4319579.343, 122
Trd, 4319579.793, 103
Trd, 4319580.243, 126
Trd, 4319581.093, 83
Trd, 4319581.893, 90
Trd, 4319584.043, 119
Trd, 4319584.743, 129
Trd, 4319584.843, 105
Trd, 4319585.293, 81
Trd, 4319586.993, 109
Trd, 4319587.343, 110
Trd, 4319588.743, 127
Trd, 4319589.143, 115
Trd, 4319589.493, 88
Trd, 4319589.793, 114
Trd, 4319590.043, 80
Trd, 4319590.143, 123
Trd, 4319590.943, 136
Trd, 4319592.643, 102
Trd, 4319592.943, 138
Trd, 4319592.993, 94
Trd, 4319594.943, 112
Trd, 4319596.243, 108
Trd, 4319596.843, 67
Trd, 4319597.443, 67
Trd, 4319598.343, 123
Trd, 4319600.393, 96
Trd, 4319600.893, 138
Trd, 4319601.243, 114
Trd, 4319602.793, 120
Trd, 4319604.293, 82
Trd, 4319604.593, 74
Trd, 4319604.743, 74
Trd, 4319605.843, 85
Trd, 4319606.843, 93
Trd, 4319607.393, 136
Trd, 4319608.993, 133
Trd, 4319610.793, 106
Trd, 4319611.943, 93
Trd, 4319611.993, 99
Trd, 4319612.793, 127
Trd, 4319613.593, 118
Trd, 4319614.593, 125
Trd, 4319616.043, 110
Trd, 4319616.643, 117
Trd, 4319616.843, 106
Trd, 4319617.493, 123
Trd, 4319617.743, 96
Trd, 4319618.143, 137
Trd, 4319618.593, 95
Trd, 4319618.993, 76
Trd, 4319619.543, 126
Trd, 4319620.393, 129
Trd, 4319620.493, 128
Trd, 4319621.393, 101
Trd, 4319621.843, 100
Trd, 4319621.943, 94
Trd, 4319623.043, 109
Trd, 4319624.943, 94
Trd, 4319625.143, 139
Trd, 4319625.343, 127
Trd, 4319625.893, 86
Trd, 4319627.893, 123
Trd, 4319628.593, 96
Trd, 4319628.943, 102
Trd, 4319629.893, 91
Trd, 4319630.243, 109
Trd, 4319631.793, 119
Trd, 4319632.443, 128
Trd, 4319633.093, 109
Trd, 4319633.693, 140
Trd, 4319633.893, 128
Trd, 4319633.993, 100
Trd, 4319635.743, 98
Trd, 4319636.193, 120
Trd, 4319636.943, 83
Trd, 4319639.793, 132
Trd, 4319640.293, 94
Trd, 4319640.343, 106
Trd, 4319640.593, 92
Trd, 4319641.193, 91
Trd, 4319642.393, 125
Trd, 4319642.543, 110
Trd, 4319643.643, 129
Trd, 4319643.893, 121
Trd, 4319644.343, 132
Trd, 4319644.943, 75
Trd, 4319645.343, 136
Trd, 4319646.343, 87
Trd, 4319648.693, 128
Trd, 4319648.943, 123
Trd, 4319648.993, 118
Trd, 4319649.943, 139
Trd, 4319651.693, 134
Trd, 4319652.293, 126
Trd, 4319652.393, 91
Trd, 4319653.443, 130
Trd, 4319654.593, 107
Trd, 4319654.793, 74
Trd, 4319654.943, 77
Trd, 4319656.043, 79
Trd, 4319657.443, 135
Trd, 4319658.893, 114
Trd, 4319658.943, 110
Trd, 4319658.993, 105
Trd, 4319660.193, 121
Trd, 4319661.243, 130
Trd, 4319662.093, 108
Trd, 4319662.493, 135
Trd, 4319663.643, 130
Trd, 4319664.043, 119
Trd, 4319664.943, 126
Trd, 4319666.443, 115
Trd, 4319667.743, 137
Trd, 4319668.043, 136
Trd, 4319668.193, 118
Trd, 4319668.493, 107
Trd, 4319668.593, 122
Trd, 4319668.993, 97
Trd, 4319669.143, 78
Trd, 4319670.043, 75
Trd, 4319670.793, 60
Trd, 4319671.893, 68
Trd, 4319672.243, 90
Trd, 4319673.093, 133
Trd, 4319673.343, 122
Trd, 4319674.143, 94
Trd, 4319674.493, 95
Trd, 4319676.193, 65
Trd, 4319676.293, 72
Trd, 4319676.543, 86
Trd, 4319677.693, 88
Trd, 4319678.593, 111
Trd, 4319678.743, 82
Trd, 4319680.293, 96
Trd, 4319680.343, 110
Trd, 4319683.093, 126
Trd, 4319683.143, 117
Trd, 4319683.943, 93
Trd, 4319684.743, 106
Trd, 4319685.643, 111
Trd, 4319685.743, 102
Trd, 4319685.943, 102
Trd, 4319686.493, 103
Trd, 4319687.243, 111
Trd, 4319688.543, 122
Trd, 4319688.693, 112
Trd, 4319688.943, 128
Trd, 4319691.143, 111
Trd, 4319692.093, 81
Trd, 4319693.043, 130
Trd, 4319693.293, 75
Trd, 4319693.743, 81
Trd, 4319694.843, 140
Trd, 4319695.543, 122
Trd, 4319696.193, 100
Trd, 4319697.743, 83
Trd, 4319698.543, 85
Trd, 4319698.843, 96
Trd, 4319699.193, 93
Trd, 4319699.993, 82
Trd, 4319700.443, 75
Trd, 4319701.193, 113
Trd, 4319702.443, 112
Trd, 4319702.793, 100
Trd, 4319703.493, 82
Trd, 4319704.193, 117
Trd, 4319704.693, 101
Trd, 4319704.993, 120
Trd, 4319705.943, 117
Trd, 4319706.193, 107
Trd, 4319706.393, 138
Trd, 4319707.143, 91
Trd, 4319708.793, 120
Trd, 4319709.943, 111
Trd, 4319710.743, 130
Trd, 4319711.593, 118
Trd, 4319712.593, 113
Trd, 4319713.343, 112
Trd, 4319713.543, 101
Trd, 4319713.743, 95
Trd, 4319715.243, 120
Trd, 4319715.293, 105
Trd, 4319715.993, 114
Trd, 4319718.193, 134
Trd, 4319718.343, 121
Trd, 4319719.643, 95
Trd, 4319719.793, 84
Trd, 4319720.043, 119
Trd, 4319720.343, 98
Trd, 4319722.193, 113
Trd, 4319723.143, 111
Trd, 4319723.493, 96
Trd, 4319724.243, 122
Trd, 4319724.543, 119
Trd, 4319725.393, 93
Trd, 4319725.693, 78
Trd, 4319726.393, 85
Trd, 4319726.743, 83
Trd, 4319728.743, 112
Trd, 4319729.993, 91
Trd, 4319730.343, 110
Trd, 4319730.443, 88
Trd, 4319730.943, 119
Trd, 4319732.043, 130
Trd, 4319732.093, 124
Trd, 4319734.293, 130
Trd, 4319734.343, 121
Trd, 4319734.493, 116
Trd, 4319734.943, 114
Trd, 4319735.343, 113
Trd, 4319736.143, 126
Trd, 4319736.643, 84
Trd, 4319736.943, 96
Trd, 4319738.543, 116
Trd, 4319738.843, 92
Trd, 4319739.693, 104
Trd, 4319739.993, 104
Trd, 4319740.893, 94
Trd, 4319741.693, 90
Trd, 4319742.243, 67
Trd, 4319742.993, 67
Trd, 4319743.993, 70
Trd, 4319744.343, 73
Trd, 4319744.693, 75
Trd, 4319746.343, 109
Trd, 4319746.793, 118
Trd, 4319747.543, 89
Trd, 4319748.343, 123
Trd, 4319749.293, 115
Trd, 4319750.093, 124
Trd, 4319750.243, 112
Trd, 4319751.293, 134
Trd, 4319752.593, 104
Trd, 4319752.943, 140
Trd, 4319754.643, 71
Trd, 4319755.143, 70
Trd, 4319755.893, 75
Trd, 4319756.043, 78
Trd, 4319757.743, 118
Trd, 4319758.343, 106
Trd, 4319759.143, 96
Trd, 4319759.243, 118
Trd, 4319760.693, 121
Trd, 4319760.943, 74
Trd, 4319761.093, 74
Trd, 4319761.793, 78
Trd, 4319762.243, 69
Trd, 4319763.193, 92
Trd, 4319764.493, 101
Trd, 4319765.093, 76
Trd, 4319765.843, 68
Trd, 4319766.293, 116
Trd, 4319766.943, 125
Trd, 4319767.443, 121
Trd, 4319767.593, 110
Trd, 4319768.443, 102
Trd, 4319768.543, 91
Trd, 4319769.243, 76
Trd, 4319770.943, 119
Trd, 4319772.093, 121
Trd, 4319772.343, 83
Trd, 4319773.643, 82
Trd, 4319773.743, 109
Trd, 4319774.443, 73
Trd, 4319774.843, 116
Trd, 4319775.693, 111
Trd, 4319776.393, 108
Trd, 4319777.393, 105
Trd, 4319778.643, 66
Trd, 4319779.993, 62
Trd, 4319780.143, 102
Trd, 4319781.143, 79
Trd, 4319782.143, 75
Trd, 4319782.293, 78
Trd, 4319784.193, 130
Trd, 4319784.393, 105
Trd, 4319784.943, 96
Trd, 4319785.393, 139
Trd, 4319786.493, 121
Trd, 4319786.843, 119
Trd, 4319789.193, 99
Trd, 4319789.693, 86
Trd, 4319789.993, 107
Trd, 4319790.893, 98
Trd, 4319790.993, 88
Trd, 4319791.593, 133
Trd, 4319792.993, 109
Trd, 4319793.043, 111
Trd, 4319793.343, 79
Trd, 4319793.993, 121
Trd, 4319795.043, 121
Trd, 4319796.393, 119
Trd, 4319796.793, 102
Trd, 4319796.993, 104
Trd, 4319797.143, 89
Trd, 4319798.143, 109
Trd, 4319799.693, 88
Trd, 4319800.093, 92
Trd, 4319800.843, 108
Trd, 4319801.093, 108
Trd, 4319802.293, 95
Trd, 4319802.893, 129
Trd, 4319805.343, 126
Trd, 4319805.443, 116
Trd, 4319805.793, 136
Trd, 4319805.993, 115
Trd, 4319806.693, 106
Trd, 4319806.843, 104
Trd, 4319807.143, 90
Trd, 4319808.193, 108
Trd, 4319809.593, 87
Trd, 4319810.193, 94
Trd, 4319810.893, 86
Trd, 4319811.443, 80
Trd, 4319811.543, 96
Trd, 4319812.543, 120
Trd, 4319812.943, 80
Trd, 4319813.643, 77
Trd, 4319813.943, 91
Trd, 4319816.143, 67
Trd, 4319816.243, 75
Trd, 4319816.843, 120
Trd, 4319817.693, 119
Trd, 4319818.243, 71
Trd, 4319818.493, 69
Trd, 4319820.043, 107
Trd, 4319820.143, 78
Trd, 4319821.243, 102
Trd, 4319821.393, 83
Trd, 4319822.343, 118
Trd, 4319822.643, 88
Trd, 4319823.243, 119
Trd, 4319823.893, 99
Trd, 4319825.193, 122
Trd, 4319825.243, 96
Trd, 4319825.643, 92
Trd, 4319827.093, 76
Trd, 4319828.193, 113
Trd, 4319829.743, 68
Trd, 4319829.993, 100
Trd, 4319830.343, 83
Trd, 4319830.493, 109
Trd, 4319831.243, 93
Trd, 4319831.643, 106
Trd, 4319832.693, 118
Trd, 4319834.543, 69
Trd, 4319834.793, 68
Trd, 4319835.293, 74
Trd, 4319836.243, 85
Trd, 4319836.593, 92
Trd, 4319837.443, 132
Trd, 4319839.893, 112
Trd, 4319840.093, 100
Trd, 4319840.793, 100
Trd, 4319840.843, 101
Trd, 4319840.893, 102
Trd, 4319841.943, 110
Trd, 4319842.543, 78
Trd, 4319842.593, 117
Trd, 4319843.743, 84
Trd, 4319844.993, 121
Trd, 4319846.443, 132
Trd, 4319846.793, 122
Trd, 4319847.643, 90
Trd, 4319849.293, 122
Trd, 4319849.543, 118
Trd, 4319849.993, 114
Trd, 4319850.643, 96
Trd, 4319852.993, 125
Trd, 4319853.293, 129
Trd, 4319853.443, 123
Trd, 4319853.893, 91
Trd, 4319854.443, 99
Trd, 4319855.643, 109
Trd, 4319856.043, 138
Trd, 4319856.743, 123
Trd, 4319857.193, 134
Trd, 4319858.593, 98
Trd, 4319858.993, 93
Trd, 4319859.993, 93
Trd, 4319860.343, 84
Trd, 4319860.493, 82
Trd, 4319861.793, 116
Trd, 4319862.643, 101
Trd, 4319863.793, 75
Trd, 4319863.893, 85
Trd, 4319865.393, 81
Trd, 4319866.243, 120
Trd, 4319866.593, 139
Trd, 4319869.093, 135
Trd, 4319869.293, 130
Trd, 4319870.443, 129
Trd, 4319872.193, 107
Trd, 4319872.443, 127
Trd, 4319872.943, 101
Trd, 4319873.243, 84
Trd, 4319874.393, 139
Trd, 4319875.193, 133
Trd, 4319875.443, 128
Trd, 4319875.943, 116
Trd, 4319877.393, 116
Trd, 4319878.193, 109
Trd, 4319878.743, 108
Trd, 4319879.193, 124
Trd, 4319879.393, 117
Trd, 4319879.543, 82
Trd, 4319880.843, 133
Trd, 4319881.143, 122
Trd, 4319882.193, 86
Trd, 4319883.893, 98
Trd, 4319884.243, 128
Trd, 4319884.643, 104
Trd, 4319886.343, 134
Trd, 4319887.593, 132
Trd, 4319888.443, 113
Trd, 4319888.743, 102
Trd, 4319888.793, 125
Trd, 4319889.493, 72
Trd, 4319890.043, 137
Trd, 4319890.393, 132
Trd, 4319890.493, 105
Trd, 4319891.993, 79
Trd, 4319892.393, 137
Trd, 4319893.443, 127
Trd, 4319893.843, 112
Trd, 4319894.393, 134
Trd, 4319895.393, 88
Trd, 4319896.443, 84
Trd, 4319897.543, 89
Trd, 4319898.243, 96
Trd, 4319899.343, 116
Trd, 4319899.993, 104
Trd, 4319903.093, 122
Trd, 4319903.993, 109
Trd, 4319904.043, 103
Trd, 4319904.543, 109
Trd, 4319904.693, 104
Trd, 4319904.993, 83
Trd, 4319905.943, 110
Trd, 4319906.643, 97
Trd, 4319907.243, 105
Trd, 4319907.443, 108
Trd, 4319908.593, 102
Trd, 4319909.393, 109
Trd, 4319910.943, 135
Trd, 4319911.343, 96
Trd, 4319911.743, 134
Trd, 4319911.943, 80
Trd, 4319914.093, 117
Trd, 4319914.893, 92
Trd, 4319915.443, 137
Trd, 4319916.993, 104
Trd, 4319917.293, 104
Trd, 4319918.543, 112
Trd, 4319919.143, 109
Trd, 4319919.393, 114
Trd, 4319920.193, 98
Trd, 4319920.443, 87
Trd, 4319921.743, 131
Trd, 4319922.043, 105
Trd, 4319923.343, 95
Trd, 4319923.843, 110
Trd, 4319926.493, 92
Trd, 4319926.743, 95
Trd, 4319926.943, 92
Trd, 4319927.293, 90
Trd, 4319928.093, 103
Trd, 4319928.643, 87
Trd, 4319929.243, 115
Trd, 4319931.143, 137
Trd, 4319931.843, 110
Trd, 4319932.093, 76
Trd, 4319932.693, 117
Trd, 4319933.593, 136
Trd, 4319933.943, 119
Trd, 4319935.143, 131
Trd, 4319935.343, 99
Trd, 4319936.043, 91
Trd, 4319937.143, 78
Trd, 4319938.643, 82
Trd, 4319939.143, 72
Trd, 4319939.793, 96
Trd, 4319940.643, 89
Trd, 4319941.343, 132
Trd, 4319941.693, 80
Trd, 4319943.793, 129
Trd, 4319943.843, 122
Trd, 4319944.143, 111
Trd, 4319944.593, 130
Trd, 4319946.593, 137
Trd, 4319948.543, 106
Trd, 4319948.643, 78
Trd, 4319948.943, 77
Trd, 4319949.143, 92
Trd, 4319950.293, 74
Trd, 4319951.043, 97
Trd, 4319951.243, 99
Trd, 4319951.993, 114
Trd, 4319952.443, 101
Trd, 4319952.843, 96
Trd, 4319952.893, 97
Trd, 4319953.693, 89
Trd, 4319954.593, 101
Trd, 4319955.343, 110
Trd, 4319955.693, 108
Trd, 4319956.943, 117
Trd, 4319957.193, 113
Trd, 4319957.243, 103
Trd, 4319958.493, 114
Trd, 4319958.893, 107
Trd, 4319959.243, 129
Trd, 4319959.943, 125
Trd, 4319960.843, 111
Trd, 4319960.943, 109
Trd, 4319961.743, 103
Trd, 4319962.693, 88
Trd, 4319963.293, 121
Trd, 4319963.843, 63
Trd, 4319965.093, 64
Trd, 4319965.743, 116
Trd, 4319965.993, 137
Trd, 4319967.243, 81
Trd, 4319968.693, 113
Trd, 4319969.693, 134
Trd, 4319969.993, 131
Trd, 4319970.043, 106
Trd, 4319970.443, 105
Trd, 4319971.393, 101
Trd, 4319971.843, 92
Trd, 4319972.943, 100
Trd, 4319973.343, 69
Trd, 4319973.943, 133
Trd, 4319975.093, 112
Trd, 4319975.343, 92
Trd, 4319976.593, 103
Trd, 4319976.793, 123
Trd, 4319978.093, 132
Trd, 4319978.893, 121
Trd, 4319979.193, 97
Trd, 4319979.393, 92
Trd, 4319980.143, 135
Trd, 4319980.293, 120
Trd, 4319980.393, 114
Trd, 4319982.993, 130
Trd, 4319983.443, 111
Trd, 4319983.643, 106
Trd, 4319984.843, 97
Trd, 4319985.993, 139
Trd, 4319986.243, 132
Trd, 4319987.243, 116
Trd, 4319987.343, 111
Trd, 4319990.443, 119
Trd, 4319990.693, 105
Trd, 4319990.843, 82
Trd, 4319992.143, 138
Trd, 4319992.943, 119
Trd, 4319993.093, 108
Trd, 4319994.093, 100
Trd, 4319995.193, 103
Trd, 4319995.643, 127
Trd, 4319996.143, 129
Trd, 4319996.193, 118
Trd, 4319996.893, 94
Trd, 4319997.643, 118
Trd, 4319998.243, 106
Trd, 4319998.943, 129
