Trd, 4318102.793, 100
Trd, 4318103.043, 93
Trd, 4318103.543, 121
Trd, 4318103.593, 93
Trd, 4318104.043, 125
Trd, 4318105.343, 98
Trd, 4318105.393, 88
Trd, 4318105.993, 79
Trd, 4318106.393, 65
Trd, 4318107.443, 120
Trd, 4318108.643, 113
Trd, 4318109.943, 125
Trd, 4318110.293, 119
Trd, 4318111.493, 119
Trd, 4318111.543, 109
Trd, 4318111.693, 81
Trd, 4318112.493, 89
Trd, 4318112.643, 99
Trd, 4318113.293, 84
Trd, 4318114.693, 123
Trd, 4318116.543, 135
Trd, 4318117.243, 120
Trd, 4318118.893, 118
Trd, 4318119.493, 117
Trd, 4318119.693, 115
Trd, 4318120.843, 133
Trd, 4318121.193, 92
Trd, 4318122.143, 87
Trd, 4318123.543, 94
Trd, 4318123.693, 89
Trd, 4318123.793, 135
Trd, 4318124.093, 88
Trd, 4318124.743, 101
Trd, 4318124.943, 83
Trd, 4318125.243, 82
Trd, 4318125.293, 73
Trd, 4318126.093, 107
Trd, 4318126.543, 71
Trd, 4318126.693, 71
Trd, 4318128.093, 62
Trd, 4318128.143, 121
Trd, 4318130.243, 67
Trd, 4318130.393, 85
Trd, 4318130.993, 68
Trd, 4318131.543, 65
Trd, 4318131.693, 116
Trd, 4318133.643, 134
Trd, 4318133.943, 133
Trd, 4318134.043, 130
Trd, 4318135.143, 122
Trd, 4318135.543, 96
Trd, 4318136.993, 135
Trd, 4318137.043, 134
Trd, 4318137.893, 134
Trd, 4318138.343, 112
Trd, 4318138.493, 112
Trd, 4318139.043, 113
Trd, 4318139.993, 119
Trd, 4318140.143, 116
Trd, 4318140.193, 106
Trd, 4318141.593, 110
Trd, 4318141.893, 102
Trd, 4318143.393, 82
Trd, 4318145.893, 98
Trd, 4318146.193, 90
Trd, 4318146.993, 119
Trd, 4318147.943, 126
Trd, 4318148.743, 140
Trd, 4318149.093, 135
Trd, 4318149.243, 120
Trd, 4318150.193, 119
Trd, 4318151.693, 117
Trd, 4318152.543, 114
Trd, 4318153.693, 113
Trd, 4318154.093, 107
Trd, 4318154.793, 103
Trd, 4318154.993, 103
Trd, 4318155.293, 117
Trd, 4318155.543, 98
Trd, 4318156.293, 89
Trd, 4318157.043, 80
Trd, 4318157.643, 81
Trd, 4318157.993, 80
Trd, 4318158.143, 68
Trd, 4318158.743, 75
Trd, 4318159.043, 104
Trd, 4318159.393, 80
Trd, 4318159.493, 105
Trd, 4318160.743, 98
Trd, 4318161.143, 86
Trd, 4318162.443, 83
Trd, 4318162.593, 78
Trd, 4318163.193, 83
Trd, 4318164.443, 117
Trd, 4318165.843, 90
Trd, 4318166.243, 86
Trd, 4318166.543, 90
Trd, 4318168.293, 127
Trd, 4318169.493, 112
Trd, 4318169.743, 90
Trd, 4318171.043, 82
Trd, 4318171.493, 95
Trd, 4318172.043, 102
Trd, 4318172.443, 102
Trd, 4318172.643, 120
Trd, 4318173.243, 70
Trd, 4318173.693, 73
Trd, 4318174.893, 75
Trd, 4318175.293, 72
Trd, 4318176.393, 112
Trd, 4318178.493, 74
Trd, 4318179.643, 80
Trd, 4318179.893, 93
Trd, 4318180.593, 60
Trd, 4318181.343, 88
Trd, 4318181.793, 93
Trd, 4318182.993, 108
Trd, 4318183.293, 131
Trd, 4318183.643, 132
Trd, 4318185.143, 103
Trd, 4318185.893, 104
Trd, 4318186.743, 101
Trd, 4318186.893, 100
Trd, 4318189.193, 117
Trd, 4318189.593, 117
Trd, 4318190.843, 140
Trd, 4318190.993, 119
Trd, 4318191.193, 118
Trd, 4318193.493, 91
Trd, 4318194.343, 114
Trd, 4318194.793, 87
Trd, 4318195.143, 117
Trd, 4318195.293, 63
Trd, 4318195.693, 81
Trd, 4318199.343, 77
Trd, 4318200.093, 139
Trd, 4318200.893, 79
Trd, 4318202.093, 131
Trd, 4318203.243, 134
Trd, 4318203.293, 132
Trd, 4318203.343, 129
Trd, 4318204.043, 104
Trd, 4318204.193, 104
Trd, 4318204.393, 102
Trd, 4318204.593, 94
Trd, 4318204.943, 74
Trd, 4318206.743, 64
Trd, 4318207.193, 68
Trd, 4318209.543, 110
Trd, 4318209.693, 110
Trd, 4318209.993, 108
Trd, 4318210.643, 101
Trd, 4318210.743, 100
Trd, 4318211.193, 105
Trd, 4318211.893, 108
Trd, 4318214.543, 109
Trd, 4318214.643, 108
Trd, 4318215.143, 126
Trd, 4318215.493, 129
Trd, 4318216.243, 107
Trd, 4318217.293, 140
Trd, 4318217.843, 124
Trd, 4318218.543, 86
Trd, 4318220.343, 126
Trd, 4318220.493, 115
Trd, 4318220.693, 112
Trd, 4318221.043, 120
Trd, 4318221.393, 115
Trd, 4318222.643, 102
Trd, 4318223.493, 116
Trd, 4318223.543, 122
Trd, 4318223.643, 105
Trd, 4318224.093, 91
Trd, 4318225.243, 91
Trd, 4318225.343, 90
Trd, 4318229.743, 99
Trd, 4318229.943, 111
Trd, 4318229.993, 132
Trd, 4318230.493, 114
Trd, 4318230.793, 112
Trd, 4318230.893, 93
Trd, 4318231.493, 96
Trd, 4318232.893, 79
Trd, 4318233.693, 78
Trd, 4318235.093, 75
Trd, 4318235.693, 108
Trd, 4318236.093, 125
Trd, 4318236.343, 108
Trd, 4318236.593, 107
Trd, 4318238.193, 115
Trd, 4318238.643, 100
Trd, 4318239.043, 97
Trd, 4318240.343, 107
Trd, 4318240.393, 107
Trd, 4318240.843, 106
Trd, 4318241.093, 104
Trd, 4318243.143, 78
Trd, 4318243.243, 77
Trd, 4318243.693, 73
Trd, 4318244.943, 60
Trd, 4318246.843, 73
Trd, 4318247.793, 65
Trd, 4318248.293, 99
Trd, 4318248.993, 89
Trd, 4318249.543, 104
Trd, 4318250.193, 91
Trd, 4318250.843, 82
Trd, 4318250.943, 81
Trd, 4318251.193, 92
Trd, 4318251.993, 124
Trd, 4318252.143, 70
Trd, 4318253.293, 61
Trd, 4318254.843, 73
Trd, 4318256.093, 74
Trd, 4318256.793, 66
Trd, 4318257.743, 89
Trd, 4318257.793, 89
Trd, 4318258.643, 69
Trd, 4318258.993, 70
Trd, 4318259.843, 74
Trd, 4318260.343, 74
Trd, 4318263.243, 93
Trd, 4318263.843, 93
Trd, 4318264.193, 93
Trd, 4318264.943, 111
Trd, 4318265.693, 96
Trd, 4318267.143, 95
Trd, 4318267.893, 120
Trd, 4318268.543, 133
Trd, 4318269.243, 129
Trd, 4318269.593, 131
Trd, 4318270.343, 130
Trd, 4318271.143, 98
Trd, 4318273.043, 139
Trd, 4318273.143, 138
Trd, 4318273.243, 113
Trd, 4318273.793, 94
Trd, 4318274.643, 62
Trd, 4318275.193, 106
Trd, 4318275.643, 93
Trd, 4318275.993, 83
Trd, 4318278.143, 91
Trd, 4318278.243, 90
Trd, 4318278.493, 82
Trd, 4318279.693, 130
Trd, 4318280.293, 128
Trd, 4318281.093, 128
Trd, 4318281.793, 122
Trd, 4318282.643, 118
Trd, 4318283.143, 106
Trd, 4318283.243, 96
Trd, 4318283.643, 94
Trd, 4318284.443, 94
Trd, 4318284.893, 82
Trd, 4318285.493, 118
Trd, 4318286.693, 77
Trd, 4318287.393, 109
Trd, 4318287.493, 96
Trd, 4318288.443, 79
Trd, 4318288.793, 77
Trd, 4318289.343, 118
Trd, 4318291.093, 126
Trd, 4318291.293, 102
Trd, 4318292.593, 64
Trd, 4318292.993, 82
Trd, 4318294.493, 87
Trd, 4318296.243, 80
Trd, 4318296.543, 103
Trd, 4318297.543, 105
Trd, 4318297.793, 95
Trd, 4318298.093, 95
Trd, 4318300.093, 108
Trd, 4318300.593, 92
Trd, 4318301.393, 121
Trd, 4318301.693, 120
Trd, 4318302.493, 91
Trd, 4318303.343, 105
Trd, 4318303.443, 93
Trd, 4318303.643, 78
Trd, 4318305.293, 136
Trd, 4318306.793, 78
Trd, 4318306.943, 90
Trd, 4318307.243, 77
Trd, 4318307.443, 76
Trd, 4318308.393, 73
Trd, 4318310.943, 85
Trd, 4318311.193, 89
Trd, 4318311.693, 115
Trd, 4318311.893, 87
Trd, 4318311.943, 86
Trd, 4318313.943, 113
Trd, 4318314.143, 101
Trd, 4318315.393, 101
Trd, 4318315.693, 98
Trd, 4318315.793, 105
Trd, 4318316.743, 76
Trd, 4318317.943, 111
Trd, 4318318.393, 91
Trd, 4318319.643, 71
Trd, 4318319.693, 96
Trd, 4318319.943, 70
Trd, 4318320.543, 98
Trd, 4318321.393, 69
Trd, 4318322.793, 82
Trd, 4318323.193, 89
Trd, 4318324.193, 87
Trd, 4318325.493, 104
Trd, 4318326.143, 96
Trd, 4318326.593, 104
Trd, 4318326.693, 95
Trd, 4318327.193, 106
Trd, 4318327.993, 99
Trd, 4318328.243, 90
Trd, 4318328.843, 85
Trd, 4318328.993, 79
Trd, 4318329.593, 138
Trd, 4318329.893, 111
Trd, 4318330.293, 82
Trd, 4318330.343, 79
Trd, 4318331.593, 67
Trd, 4318333.193, 118
Trd, 4318333.693, 72
Trd, 4318334.143, 74
Trd, 4318334.743, 80
Trd, 4318335.443, 61
Trd, 4318336.493, 68
Trd, 4318336.593, 70
Trd, 4318339.193, 76
Trd, 4318340.243, 76
Trd, 4318340.543, 74
Trd, 4318342.943, 79
Trd, 4318343.543, 106
Trd, 4318343.793, 95
Trd, 4318344.593, 135
Trd, 4318345.143, 135
Trd, 4318345.893, 107
Trd, 4318346.743, 129
Trd, 4318346.893, 123
Trd, 4318347.193, 107
Trd, 4318348.093, 91
Trd, 4318348.243, 89
Trd, 4318348.593, 89
Trd, 4318350.143, 68
Trd, 4318350.993, 87
Trd, 4318351.593, 136
Trd, 4318352.393, 133
Trd, 4318352.443, 132
Trd, 4318352.543, 131
Trd, 4318353.293, 124
Trd, 4318353.393, 103
Trd, 4318355.193, 92
Trd, 4318356.493, 81
Trd, 4318356.793, 85
Trd, 4318358.493, 124
Trd, 4318358.943, 116
Trd, 4318360.693, 115
Trd, 4318360.743, 115
Trd, 4318360.843, 110
Trd, 4318361.093, 102
Trd, 4318361.993, 117
Trd, 4318364.393, 109
Trd, 4318364.443, 108
Trd, 4318365.843, 127
Trd, 4318366.343, 116
Trd, 4318367.793, 128
Trd, 4318370.493, 139
Trd, 4318370.593, 129
Trd, 4318370.743, 126
Trd, 4318370.893, 126
Trd, 4318371.993, 119
Trd, 4318372.193, 102
Trd, 4318372.843, 120
Trd, 4318373.393, 96
Trd, 4318374.043, 96
Trd, 4318375.443, 88
Trd, 4318375.993, 92
Trd, 4318377.743, 72
Trd, 4318378.993, 126
Trd, 4318380.443, 60
Trd, 4318380.693, 72
Trd, 4318382.643, 85
Trd, 4318383.693, 100
Trd, 4318383.793, 96
Trd, 4318383.893, 85
Trd, 4318384.143, 112
Trd, 4318384.793, 85
Trd, 4318385.493, 106
Trd, 4318386.043, 81
Trd, 4318386.943, 136
Trd, 4318387.043, 104
Trd, 4318387.093, 84
Trd, 4318389.243, 98
Trd, 4318389.443, 119
Trd, 4318391.043, 112
Trd, 4318391.243, 74
Trd, 4318392.243, 104
Trd, 4318393.343, 137
Trd, 4318394.243, 116
Trd, 4318394.343, 109
Trd, 4318395.143, 132
Trd, 4318395.743, 122
Trd, 4318396.293, 114
Trd, 4318397.143, 107
Trd, 4318398.743, 102
Trd, 4318398.793, 92
Trd, 4318399.143, 68
Trd, 4318399.893, 86
Trd, 4318401.293, 100
Trd, 4318401.693, 116
Trd, 4318401.943, 115
Trd, 4318401.993, 87
Trd, 4318403.043, 79
Trd, 4318403.843, 81
Trd, 4318403.893, 115
Trd, 4318404.793, 84
Trd, 4318405.043, 84
Trd, 4318405.593, 118
Trd, 4318405.943, 81
Trd, 4318406.593, 138
Trd, 4318407.993, 96
Trd, 4318410.193, 102
Trd, 4318411.343, 138
Trd, 4318411.993, 137
Trd, 4318412.293, 121
Trd, 4318412.343, 119
Trd, 4318414.793, 118
Trd, 4318415.243, 117
Trd, 4318416.143, 112
Trd, 4318417.243, 104
Trd, 4318417.993, 81
Trd, 4318418.043, 91
Trd, 4318418.443, 79
Trd, 4318419.643, 71
Trd, 4318419.843, 75
Trd, 4318420.143, 114
Trd, 4318420.193, 113
Trd, 4318421.543, 60
Trd, 4318421.943, 75
Trd, 4318424.193, 77
Trd, 4318425.943, 85
Trd, 4318426.143, 84
Trd, 4318426.993, 83
Trd, 4318427.143, 105
Trd, 4318427.443, 109
Trd, 4318428.743, 90
Trd, 4318429.693, 116
Trd, 4318429.893, 116
Trd, 4318430.043, 115
Trd, 4318430.093, 100
Trd, 4318430.193, 95
Trd, 4318433.143, 60
Trd, 4318434.093, 67
Trd, 4318435.193, 72
Trd, 4318436.143, 81
Trd, 4318436.743, 70
Trd, 4318436.893, 75
Trd, 4318437.043, 68
Trd, 4318439.243, 140
Trd, 4318439.343, 138
Trd, 4318439.843, 126
Trd, 4318442.143, 118
Trd, 4318442.193, 100
Trd, 4318443.093, 98
Trd, 4318443.343, 97
Trd, 4318444.743, 101
Trd, 4318445.093, 100
Trd, 4318445.643, 94
Trd, 4318446.093, 89
Trd, 4318446.443, 104
Trd, 4318447.743, 72
Trd, 4318448.143, 89
Trd, 4318449.343, 76
Trd, 4318450.993, 83
Trd, 4318451.193, 80
Trd, 4318451.643, 79
Trd, 4318451.743, 77
Trd, 4318451.943, 71
Trd, 4318452.543, 80
Trd, 4318454.343, 74
Trd, 4318455.393, 109
Trd, 4318456.043, 133
Trd, 4318456.643, 126
Trd, 4318457.043, 99
Trd, 4318457.543, 121
Trd, 4318460.193, 115
Trd, 4318460.443, 112
Trd, 4318460.693, 111
Trd, 4318461.593, 126
Trd, 4318461.793, 123
Trd, 4318462.293, 108
Trd, 4318463.343, 119
Trd, 4318463.593, 132
Trd, 4318463.693, 122
Trd, 4318465.243, 93
Trd, 4318465.693, 80
Trd, 4318465.893, 115
Trd, 4318466.143, 76
Trd, 4318466.393, 68
Trd, 4318468.393, 124
Trd, 4318468.943, 123
Trd, 4318469.443, 94
Trd, 4318469.793, 133
Trd, 4318469.843, 82
Trd, 4318471.443, 136
Trd, 4318472.493, 81
Trd, 4318472.593, 79
Trd, 4318474.143, 80
Trd, 4318475.293, 96
Trd, 4318476.393, 114
Trd, 4318476.743, 111
Trd, 4318477.543, 103
Trd, 4318479.343, 108
Trd, 4318479.693, 100
Trd, 4318480.543, 101
Trd, 4318482.193, 122
Trd, 4318482.543, 121
Trd, 4318482.843, 122
Trd, 4318483.743, 118
Trd, 4318484.193, 92
Trd, 4318485.143, 95
Trd, 4318485.693, 94
Trd, 4318487.393, 94
Trd, 4318487.493, 91
Trd, 4318487.793, 95
Trd, 4318489.293, 86
Trd, 4318489.643, 85
Trd, 4318490.493, 96
Trd, 4318491.043, 118
Trd, 4318491.393, 87
Trd, 4318494.043, 114
Trd, 4318494.343, 103
Trd, 4318494.593, 101
Trd, 4318494.843, 101
Trd, 4318495.443, 100
Trd, 4318495.793, 87
Trd, 4318496.393, 105
Trd, 4318496.443, 64
Trd, 4318497.543, 102
Trd, 4318497.893, 118
Trd, 4318498.593, 102
Trd, 4318500.243, 111
Trd, 4318500.943, 108
Trd, 4318501.243, 107
Trd, 4318501.493, 105
Trd, 4318502.893, 103
Trd, 4318502.993, 77
Trd, 4318504.193, 123
Trd, 4318505.343, 134
Trd, 4318505.393, 133
Trd, 4318505.543, 118
Trd, 4318506.443, 96
Trd, 4318506.893, 106
Trd, 4318507.393, 92
Trd, 4318509.943, 110
Trd, 4318510.593, 114
Trd, 4318510.643, 109
Trd, 4318510.743, 107
Trd, 4318511.243, 104
Trd, 4318511.343, 119
Trd, 4318513.543, 115
Trd, 4318514.043, 116
Trd, 4318514.443, 115
Trd, 4318514.793, 110
Trd, 4318514.993, 98
Trd, 4318515.643, 115
Trd, 4318516.743, 103
Trd, 4318517.493, 115
Trd, 4318517.893, 130
Trd, 4318518.093, 127
Trd, 4318518.143, 100
Trd, 4318519.243, 96
Trd, 4318520.643, 116
Trd, 4318521.343, 98
Trd, 4318521.793, 135
Trd, 4318522.943, 117
Trd, 4318523.843, 112
Trd, 4318524.093, 140
Trd, 4318525.093, 105
Trd, 4318526.893, 125
Trd, 4318526.943, 125
Trd, 4318527.293, 109
Trd, 4318527.693, 99
Trd, 4318528.193, 97
Trd, 4318528.593, 78
Trd, 4318530.193, 104
Trd, 4318532.143, 136
Trd, 4318532.393, 120
Trd, 4318532.993, 122
Trd, 4318533.293, 140
Trd, 4318533.843, 128
Trd, 4318533.943, 112
Trd, 4318535.943, 105
Trd, 4318536.143, 109
Trd, 4318537.543, 123
Trd, 4318538.643, 107
Trd, 4318538.743, 107
Trd, 4318539.393, 131
Trd, 4318539.643, 125
Trd, 4318539.743, 115
Trd, 4318539.843, 106
Trd, 4318540.293, 94
Trd, 4318541.993, 90
Trd, 4318542.593, 89
Trd, 4318542.693, 88
Trd, 4318544.243, 109
Trd, 4318545.143, 120
Trd, 4318545.293, 102
Trd, 4318546.393, 80
Trd, 4318546.643, 127
Trd, 4318547.693, 101
Trd, 4318548.943, 80
Trd, 4318549.193, 80
Trd, 4318549.543, 75
Trd, 4318550.793, 78
Trd, 4318551.243, 69
Trd, 4318552.543, 96
Trd, 4318552.643, 94
Trd, 4318553.193, 122
Trd, 4318554.793, 117
Trd, 4318555.843, 135
Trd, 4318556.043, 128
Trd, 4318556.093, 125
Trd, 4318556.493, 103
Trd, 4318556.693, 125
Trd, 4318558.493, 132
Trd, 4318558.743, 128
Trd, 4318559.893, 91
Trd, 4318559.993, 84
Trd, 4318560.843, 95
Trd, 4318560.893, 73
Trd, 4318561.243, 71
Trd, 4318562.293, 107
Trd, 4318562.593, 96
Trd, 4318564.943, 90
Trd, 4318565.043, 89
Trd, 4318565.143, 84
Trd, 4318565.393, 102
Trd, 4318565.943, 86
Trd, 4318566.193, 86
Trd, 4318568.493, 103
Trd, 4318569.693, 106
Trd, 4318570.143, 101
Trd, 4318570.693, 137
Trd, 4318571.043, 107
Trd, 4318571.643, 108
Trd, 4318572.593, 122
Trd, 4318572.993, 106
Trd, 4318574.543, 132
Trd, 4318574.693, 122
Trd, 4318574.943, 122
Trd, 4318575.043, 120
Trd, 4318576.343, 119
Trd, 4318577.743, 117
Trd, 4318578.393, 115
Trd, 4318578.893, 116
Trd, 4318580.343, 111
Trd, 4318580.493, 108
Trd, 4318581.443, 86
Trd, 4318582.643, 84
Trd, 4318583.093, 63
Trd, 4318584.043, 82
Trd, 4318584.093, 88
Trd, 4318585.043, 63
Trd, 4318586.143, 74
Trd, 4318587.493, 89
Trd, 4318587.793, 89
Trd, 4318587.993, 91
Trd, 4318588.443, 89
Trd, 4318589.343, 83
Trd, 4318589.743, 97
Trd, 4318589.993, 80
Trd, 4318590.843, 87
Trd, 4318592.693, 94
Trd, 4318592.843, 98
Trd, 4318594.543, 99
Trd, 4318595.943, 122
Trd, 4318596.093, 113
Trd, 4318596.493, 121
Trd, 4318597.543, 113
Trd, 4318598.493, 112
Trd, 4318600.843, 113
Trd, 4318601.143, 113
Trd, 4318601.243, 119
Trd, 4318601.493, 110
Trd, 4318601.843, 94
Trd, 4318602.093, 96
Trd, 4318603.043, 72
Trd, 4318604.043, 72
Trd, 4318604.093, 79
Trd, 4318604.493, 93
Trd, 4318606.343, 118
Trd, 4318606.943, 115
Trd, 4318607.993, 117
Trd, 4318609.293, 115
Trd, 4318609.893, 100
Trd, 4318611.093, 91
Trd, 4318611.693, 77
Trd, 4318612.443, 67
Trd, 4318613.143, 86
Trd, 4318614.093, 67
Trd, 4318615.643, 93
Trd, 4318617.043, 78
Trd, 4318617.843, 82
Trd, 4318618.793, 107
Trd, 4318618.843, 111
Trd, 4318619.943, 96
Trd, 4318620.543, 122
Trd, 4318620.743, 117
Trd, 4318621.193, 105
Trd, 4318622.743, 109
Trd, 4318623.393, 108
Trd, 4318623.593, 134
Trd, 4318624.543, 105
Trd, 4318624.643, 102
Trd, 4318624.793, 96
Trd, 4318625.143, 88
Trd, 4318625.893, 86
Trd, 4318627.193, 83
Trd, 4318628.393, 81
Trd, 4318628.893, 130
Trd, 4318630.343, 124
Trd, 4318630.443, 93
Trd, 4318630.893, 131
Trd, 4318633.593, 104
Trd, 4318635.493, 106
Trd, 4318635.943, 103
Trd, 4318636.143, 98
Trd, 4318636.893, 93
Trd, 4318638.693, 97
Trd, 4318638.993, 124
Trd, 4318639.043, 97
Trd, 4318639.093, 82
Trd, 4318639.543, 71
Trd, 4318641.743, 121
Trd, 4318642.843, 137
Trd, 4318643.143, 136
Trd, 4318644.143, 127
Trd, 4318644.343, 126
Trd, 4318645.043, 109
Trd, 4318646.193, 111
Trd, 4318646.493, 107
Trd, 4318647.593, 121
Trd, 4318647.843, 101
Trd, 4318648.643, 97
Trd, 4318650.793, 133
Trd, 4318651.643, 117
Trd, 4318651.993, 117
Trd, 4318652.143, 114
Trd, 4318652.343, 95
Trd, 4318653.843, 99
Trd, 4318654.093, 91
Trd, 4318654.543, 78
Trd, 4318654.843, 90
Trd, 4318655.593, 92
Trd, 4318657.393, 96
Trd, 4318658.843, 100
Trd, 4318659.293, 110
Trd, 4318659.693, 100
Trd, 4318661.193, 127
Trd, 4318661.393, 130
Trd, 4318662.193, 98
Trd, 4318662.493, 96
Trd, 4318662.643, 84
Trd, 4318663.993, 66
Trd, 4318664.043, 76
Trd, 4318665.343, 108
Trd, 4318665.743, 108
Trd, 4318666.343, 94
Trd, 4318666.793, 83
Trd, 4318667.493, 63
Trd, 4318668.993, 127
Trd, 4318670.043, 96
Trd, 4318671.043, 97
Trd, 4318671.443, 107
Trd, 4318671.843, 96
Trd, 4318673.343, 79
Trd, 4318675.593, 64
Trd, 4318676.093, 119
Trd, 4318677.293, 106
Trd, 4318677.943, 101
Trd, 4318678.093, 101
Trd, 4318679.243, 140
Trd, 4318679.343, 99
Trd, 4318679.643, 85
Trd, 4318680.643, 74
Trd, 4318681.793, 72
Trd, 4318682.743, 75
Trd, 4318684.543, 119
Trd, 4318685.193, 124
Trd, 4318685.493, 80
Trd, 4318685.793, 82
Trd, 4318686.643, 75
Trd, 4318686.993, 94
Trd, 4318687.193, 75
Trd, 4318687.493, 74
Trd, 4318689.293, 106
Trd, 4318691.293, 112
Trd, 4318692.193, 76
Trd, 4318692.343, 75
Trd, 4318692.843, 86
Trd, 4318693.693, 104
Trd, 4318694.443, 104
Trd, 4318695.193, 104
Trd, 4318696.093, 106
Trd, 4318696.443, 98
Trd, 4318697.593, 82
Trd, 4318698.843, 117
Trd, 4318699.543, 80
Trd, 4318699.793, 79
Trd, 4318702.693, 100
Trd, 4318702.793, 98
Trd, 4318703.693, 139
Trd, 4318703.793, 122
Trd, 4318705.193, 86
Trd, 4318706.493, 87
Trd, 4318706.793, 86
Trd, 4318708.143, 108
Trd, 4318708.443, 102
Trd, 4318709.743, 122
Trd, 4318709.893, 119
Trd, 4318710.393, 118
Trd, 4318710.543, 73
Trd, 4318711.843, 82
Trd, 4318712.843, 101
Trd, 4318714.943, 103
Trd, 4318715.543, 74
Trd, 4318715.893, 67
Trd, 4318716.293, 67
Trd, 4318716.743, 102
Trd, 4318717.393, 78
Trd, 4318718.443, 118
Trd, 4318719.093, 80
Trd, 4318719.943, 102
Trd, 4318721.093, 131
Trd, 4318721.143, 130
Trd, 4318722.193, 121
Trd, 4318722.443, 108
Trd, 4318722.493, 104
Trd, 4318722.793, 100
Trd, 4318725.843, 83
Trd, 4318726.143, 84
Trd, 4318726.193, 83
Trd, 4318726.493, 112
Trd, 4318727.343, 83
Trd, 4318727.843, 124
Trd, 4318728.293, 82
Trd, 4318729.593, 97
Trd, 4318732.043, 67
Trd, 4318732.143, 77
Trd, 4318734.143, 72
Trd, 4318734.243, 69
Trd, 4318735.143, 65
Trd, 4318735.843, 76
Trd, 4318736.143, 91
Trd, 4318736.843, 105
Trd, 4318737.443, 84
Trd, 4318738.093, 118
Trd, 4318739.943, 89
Trd, 4318740.743, 80
Trd, 4318741.393, 84
Trd, 4318741.843, 81
Trd, 4318743.543, 119
Trd, 4318744.643, 101
Trd, 4318744.993, 122
Trd, 4318745.693, 111
Trd, 4318746.193, 94
Trd, 4318746.443, 95
Trd, 4318746.693, 94
Trd, 4318747.143, 84
Trd, 4318748.393, 112
Trd, 4318748.443, 111
Trd, 4318748.993, 110
Trd, 4318749.243, 108
Trd, 4318749.943, 107
Trd, 4318750.743, 80
Trd, 4318751.443, 78
Trd, 4318753.493, 63
Trd, 4318753.693, 65
Trd, 4318755.743, 86
Trd, 4318756.143, 97
Trd, 4318756.493, 85
Trd, 4318756.543, 85
Trd, 4318756.643, 131
Trd, 4318757.193, 68
Trd, 4318758.843, 64
Trd, 4318759.793, 61
Trd, 4318760.593, 67
Trd, 4318761.493, 63
Trd, 4318761.743, 84
Trd, 4318762.193, 99
Trd, 4318764.693, 117
Trd, 4318764.893, 118
Trd, 4318766.293, 108
Trd, 4318766.443, 98
Trd, 4318767.343, 84
Trd, 4318767.493, 82
Trd, 4318767.893, 84
Trd, 4318769.393, 103
Trd, 4318769.443, 101
Trd, 4318769.993, 98
Trd, 4318770.343, 98
Trd, 4318771.593, 64
Trd, 4318773.393, 89
Trd, 4318773.993, 95
Trd, 4318775.843, 79
Trd, 4318776.343, 69
Trd, 4318776.843, 73
Trd, 4318777.043, 65
Trd, 4318777.943, 73
Trd, 4318778.293, 68
Trd, 4318779.593, 86
Trd, 4318779.743, 103
Trd, 4318780.443, 99
Trd, 4318781.293, 106
Trd, 4318781.443, 105
Trd, 4318781.643, 102
Trd, 4318782.543, 105
Trd, 4318782.693, 96
Trd, 4318783.093, 89
Trd, 4318783.293, 80
Trd, 4318784.393, 87
Trd, 4318785.893, 122
Trd, 4318786.043, 122
Trd, 4318787.993, 106
Trd, 4318788.293, 103
Trd, 4318788.793, 116
Trd, 4318789.043, 118
Trd, 4318789.093, 95
Trd, 4318789.593, 110
Trd, 4318789.943, 84
Trd, 4318791.443, 91
Trd, 4318791.893, 119
Trd, 4318794.893, 67
Trd, 4318795.043, 76
Trd, 4318796.243, 68
Trd, 4318796.543, 68
Trd, 4318796.993, 98
Trd, 4318797.843, 68
Trd, 4318799.043, 134
Trd, 4318799.493, 102
Trd, 4318799.593, 101
Trd, 4318799.693, 63
Trd, 4318800.993, 78
Trd, 4318802.243, 67
Trd, 4318803.243, 88
Trd, 4318803.343, 85
Trd, 4318803.943, 89
Trd, 4318804.893, 88
Trd, 4318805.493, 88
Trd, 4318805.593, 115
Trd, 4318807.243, 127
Trd, 4318807.493, 124
Trd, 4318807.843, 114
Trd, 4318807.943, 114
Trd, 4318808.893, 118
Trd, 4318808.943, 118
Trd, 4318811.543, 131
Trd, 4318812.443, 117
Trd, 4318812.693, 114
Trd, 4318812.943, 112
Trd, 4318813.693, 129
Trd, 4318814.093, 127
Trd, 4318814.543, 109
Trd, 4318815.643, 110
Trd, 4318816.643, 133
Trd, 4318817.193, 112
Trd, 4318817.293, 110
Trd, 4318817.743, 122
Trd, 4318818.443, 121
Trd, 4318820.443, 94
Trd, 4318820.893, 94
Trd, 4318821.093, 85
Trd, 4318821.693, 63
Trd, 4318822.993, 102
Trd, 4318823.193, 104
Trd, 4318823.693, 102
Trd, 4318824.093, 61
Trd, 4318826.243, 91
Trd, 4318826.593, 82
Trd, 4318827.593, 90
Trd, 4318827.643, 93
Trd, 4318827.893, 70
Trd, 4318829.643, 94
Trd, 4318829.743, 94
Trd, 4318831.043, 120
Trd, 4318832.843, 109
Trd, 4318833.143, 109
Trd, 4318833.193, 106
Trd, 4318833.493, 125
Trd, 4318833.793, 99
Trd, 4318834.793, 127
Trd, 4318834.993, 95
Trd, 4318837.243, 80
Trd, 4318837.943, 72
Trd, 4318838.043, 73
Trd, 4318839.643, 70
Trd, 4318841.443, 100
Trd, 4318841.493, 91
Trd, 4318841.843, 90
Trd, 4318843.293, 77
Trd, 4318843.893, 75
Trd, 4318844.893, 98
Trd, 4318845.493, 99
Trd, 4318846.293, 91
Trd, 4318847.143, 105
Trd, 4318847.743, 107
Trd, 4318848.293, 102
Trd, 4318848.693, 100
Trd, 4318852.943, 128
Trd, 4318852.993, 114
Trd, 4318853.043, 112
Trd, 4318853.543, 92
Trd, 4318854.243, 88
Trd, 4318854.543, 103
Trd, 4318854.793, 93
Trd, 4318855.693, 113
Trd, 4318856.443, 102
Trd, 4318856.893, 80
Trd, 4318857.043, 69
Trd, 4318858.093, 77
Trd, 4318859.093, 108
Trd, 4318860.143, 106
Trd, 4318860.393, 102
Trd, 4318861.243, 132
Trd, 4318862.493, 135
Trd, 4318862.793, 94
Trd, 4318863.193, 81
Trd, 4318863.743, 81
Trd, 4318863.793, 90
Trd, 4318864.143, 79
Trd, 4318864.943, 77
Trd, 4318867.143, 123
Trd, 4318867.543, 123
Trd, 4318867.593, 99
Trd, 4318868.243, 114
Trd, 4318869.993, 67
Trd, 4318870.443, 68
Trd, 4318870.893, 70
Trd, 4318872.643, 83
Trd, 4318873.293, 82
Trd, 4318874.193, 114
Trd, 4318874.393, 87
Trd, 4318875.693, 87
Trd, 4318877.093, 129
Trd, 4318878.193, 129
Trd, 4318878.443, 112
Trd, 4318878.593, 104
Trd, 4318878.843, 102
Trd, 4318878.893, 98
Trd, 4318881.393, 95
Trd, 4318882.493, 99
Trd, 4318882.893, 98
Trd, 4318883.593, 116
Trd, 4318883.643, 115
Trd, 4318883.693, 93
Trd, 4318884.293, 117
Trd, 4318884.793, 92
Trd, 4318885.943, 76
Trd, 4318886.343, 112
Trd, 4318886.493, 89
Trd, 4318887.093, 80
Trd, 4318888.993, 128
Trd, 4318889.643, 127
Trd, 4318889.993, 124
Trd, 4318890.543, 105
Trd, 4318890.943, 112
Trd, 4318892.243, 140
Trd, 4318892.343, 140
Trd, 4318894.443, 77
Trd, 4318896.193, 140
Trd, 4318896.593, 139
Trd, 4318896.893, 138
Trd, 4318897.193, 122
Trd, 4318897.793, 119
Trd, 4318898.993, 127
Trd, 4318899.193, 102
Trd, 4318899.593, 119
Trd, 4318899.743, 106
Trd, 4318900.743, 103
Trd, 4318901.043, 103
Trd, 4318901.443, 101
Trd, 4318902.793, 61
Trd, 4318904.193, 112
Trd, 4318904.543, 96
Trd, 4318905.693, 98
Trd, 4318905.743, 94
Trd, 4318907.193, 123
Trd, 4318907.443, 103
Trd, 4318908.493, 80
Trd, 4318909.093, 92
Trd, 4318909.793, 97
Trd, 4318910.143, 72
Trd, 4318910.793, 127
Trd, 4318911.693, 119
Trd, 4318911.843, 118
Trd, 4318913.343, 72
Trd, 4318913.893, 95
Trd, 4318914.843, 102
Trd, 4318915.093, 69
Trd, 4318915.743, 69
Trd, 4318917.693, 98
Trd, 4318917.943, 76
Trd, 4318918.793, 96
Trd, 4318920.043, 97
Trd, 4318920.843, 74
Trd, 4318920.943, 64
Trd, 4318921.193, 67
Trd, 4318922.293, 62
Trd, 4318923.843, 104
Trd, 4318926.243, 68
Trd, 4318926.993, 87
Trd, 4318927.193, 87
Trd, 4318928.043, 63
Trd, 4318929.343, 138
Trd, 4318930.393, 90
Trd, 4318930.443, 97
Trd, 4318930.993, 89
Trd, 4318931.793, 89
Trd, 4318932.593, 81
Trd, 4318933.693, 98
Trd, 4318934.393, 95
Trd, 4318935.593, 83
Trd, 4318935.943, 101
Trd, 4318937.293, 102
Trd, 4318937.393, 101
Trd, 4318938.693, 92
Trd, 4318939.993, 92
Trd, 4318940.393, 92
Trd, 4318940.993, 91
Trd, 4318942.393, 74
Trd, 4318943.193, 71
Trd, 4318945.443, 66
Trd, 4318945.643, 101
Trd, 4318946.343, 87
Trd, 4318946.993, 82
Trd, 4318949.643, 74
Trd, 4318950.793, 99
Trd, 4318951.293, 98
Trd, 4318951.843, 99
Trd, 4318952.393, 108
Trd, 4318953.043, 87
Trd, 4318953.743, 87
Trd, 4318954.643, 99
Trd, 4318954.793, 97
Trd, 4318956.093, 122
Trd, 4318956.643, 118
Trd, 4318957.943, 126
Trd, 4318958.193, 116
Trd, 4318958.493, 98
Trd, 4318960.393, 134
Trd, 4318960.543, 133
Trd, 4318960.893, 117
Trd, 4318961.043, 110
Trd, 4318962.543, 118
Trd, 4318963.793, 122
Trd, 4318964.643, 112
Trd, 4318965.193, 128
Trd, 4318966.793, 105
Trd, 4318967.143, 98
Trd, 4318967.243, 85
Trd, 4318967.293, 77
Trd, 4318969.293, 86
Trd, 4318969.543, 79
Trd, 4318969.893, 101
Trd, 4318970.343, 78
Trd, 4318970.943, 90
Trd, 4318972.243, 97
Trd, 4318973.143, 102
Trd, 4318973.693, 135
Trd, 4318974.293, 108
Trd, 4318974.943, 88
Trd, 4318976.493, 86
Trd, 4318976.943, 127
Trd, 4318977.043, 125
Trd, 4318979.593, 99
Trd, 4318979.643, 102
Trd, 4318980.743, 82
Trd, 4318981.093, 70
Trd, 4318982.443, 111
Trd, 4318982.693, 111
Trd, 4318983.193, 122
Trd, 4318983.843, 105
Trd, 4318984.893, 120
Trd, 4318985.893, 130
Trd, 4318985.993, 104
Trd, 4318987.993, 107
Trd, 4318988.943, 118
Trd, 4318989.443, 115
Trd, 4318990.693, 106
Trd, 4318991.043, 127
Trd, 4318991.793, 110
Trd, 4318991.993, 110
Trd, 4318993.893, 125
Trd, 4318994.043, 106
Trd, 4318996.143, 73
Trd, 4318997.593, 79
Trd, 4318997.793, 72
Trd, 4318997.993, 71
Trd, 4318998.293, 70
Trd, 4318999.443, 140
Trd, 4318999.893, 125
Trd, 4319000.243, 117
Trd, 4319000.443, 137
Trd, 4319000.743, 102
Trd, 4319001.543, 123
Trd, 4319002.443, 99
Trd, 4319005.293, 76
Trd, 4319005.893, 76
Trd, 4319006.043, 81
Trd, 4319006.593, 85
Trd, 4319007.593, 70
Trd, 4319007.743, 77
Trd, 4319008.093, 93
Trd, 4319009.043, 107
Trd, 4319010.193, 101
Trd, 4319010.393, 90
Trd, 4319011.243, 80
Trd, 4319012.843, 70
Trd, 4319014.543, 107
Trd, 4319014.693, 104
Trd, 4319015.393, 113
Trd, 4319015.443, 98
Trd, 4319015.643, 83
Trd, 4319015.743, 97
Trd, 4319018.093, 114
Trd, 4319019.143, 103
Trd, 4319019.443, 102
Trd, 4319019.693, 102
Trd, 4319019.893, 94
Trd, 4319021.293, 109
Trd, 4319021.893, 101
Trd, 4319021.993, 101
Trd, 4319022.543, 95
Trd, 4319024.343, 62
Trd, 4319024.543, 96
Trd, 4319025.043, 132
Trd, 4319025.343, 98
Trd, 4319026.843, 77
Trd, 4319026.993, 98
Trd, 4319027.243, 91
Trd, 4319028.793, 78
Trd, 4319030.193, 68
Trd, 4319030.293, 96
Trd, 4319031.693, 87
Trd, 4319031.893, 122
Trd, 4319032.543, 80
Trd, 4319032.893, 79
Trd, 4319033.643, 79
Trd, 4319033.893, 85
Trd, 4319035.793, 128
Trd, 4319037.143, 101
Trd, 4319037.793, 109
Trd, 4319037.843, 95
Trd, 4319039.393, 131
Trd, 4319039.593, 122
Trd, 4319040.493, 116
Trd, 4319041.193, 102
Trd, 4319042.143, 111
Trd, 4319043.193, 106
Trd, 4319043.443, 103
Trd, 4319044.543, 108
Trd, 4319045.243, 108
Trd, 4319045.943, 123
Trd, 4319046.743, 117
Trd, 4319047.493, 100
Trd, 4319047.643, 98
Trd, 4319048.293, 94
Trd, 4319050.143, 94
Trd, 4319051.093, 93
Trd, 4319051.143, 93
Trd, 4319051.343, 105
Trd, 4319051.643, 116
Trd, 4319052.893, 89
Trd, 4319053.243, 87
Trd, 4319053.743, 101
Trd, 4319053.943, 67
Trd, 4319055.943, 93
Trd, 4319056.493, 89
Trd, 4319056.743, 89
Trd, 4319056.893, 97
Trd, 4319057.843, 78
Trd, 4319058.693, 79
Trd, 4319058.793, 86
Trd, 4319059.993, 93
Trd, 4319060.043, 98
Trd, 4319060.643, 76
Trd, 4319061.343, 84
Trd, 4319062.143, 78
Trd, 4319062.293, 80
Trd, 4319062.943, 75
Trd, 4319063.793, 81
Trd, 4319064.093, 108
Trd, 4319064.893, 98
Trd, 4319066.743, 89
Trd, 4319066.943, 89
Trd, 4319067.893, 133
Trd, 4319068.193, 118
Trd, 4319068.843, 105
Trd, 4319069.143, 100
Trd, 4319069.843, 100
Trd, 4319070.843, 121
Trd, 4319071.393, 113
Trd, 4319071.643, 111
Trd, 4319071.743, 96
Trd, 4319073.393, 100
Trd, 4319073.443, 94
Trd, 4319073.843, 127
Trd, 4319074.893, 127
Trd, 4319076.093, 127
Trd, 4319076.443, 115
Trd, 4319077.643, 111
Trd, 4319078.593, 102
Trd, 4319079.143, 95
Trd, 4319079.693, 98
Trd, 4319080.343, 113
Trd, 4319081.243, 102
Trd, 4319081.593, 100
Trd, 4319083.093, 105
Trd, 4319083.193, 81
Trd, 4319083.793, 137
Trd, 4319085.443, 126
Trd, 4319085.793, 119
Trd, 4319086.493, 102
Trd, 4319086.693, 102
Trd, 4319088.543, 113
Trd, 4319089.043, 130
Trd, 4319090.093, 128
Trd, 4319090.693, 127
Trd, 4319090.843, 115
Trd, 4319091.843, 128
Trd, 4319094.643, 122
Trd, 4319094.743, 120
Trd, 4319095.093, 117
Trd, 4319095.193, 117
Trd, 4319096.593, 122
Trd, 4319097.893, 129
Trd, 4319098.193, 118
Trd, 4319099.043, 107
Trd, 4319100.793, 106
Trd, 4319101.393, 131
Trd, 4319104.093, 108
Trd, 4319104.293, 126
Trd, 4319104.393, 118
Trd, 4319104.943, 118
Trd, 4319105.943, 90
Trd, 4319106.693, 111
Trd, 4319107.593, 96
Trd, 4319107.793, 85
Trd, 4319108.943, 129
Trd, 4319109.343, 105
Trd, 4319110.693, 85
Trd, 4319110.843, 83
Trd, 4319110.943, 71
Trd, 4319111.593, 74
Trd, 4319113.193, 67
Trd, 4319114.293, 88
Trd, 4319114.793, 77
Trd, 4319115.043, 73
Trd, 4319115.593, 99
Trd, 4319116.793, 93
Trd, 4319119.343, 77
Trd, 4319120.093, 115
Trd, 4319120.243, 111
Trd, 4319120.493, 120
Trd, 4319121.243, 95
Trd, 4319122.593, 81
Trd, 4319123.193, 89
Trd, 4319124.393, 71
Trd, 4319125.593, 114
Trd, 4319126.043, 90
Trd, 4319126.543, 92
Trd, 4319127.493, 93
Trd, 4319128.443, 88
Trd, 4319129.093, 103
Trd, 4319129.643, 91
Trd, 4319130.593, 92
Trd, 4319130.893, 90
Trd, 4319131.243, 117
Trd, 4319131.743, 87
Trd, 4319131.893, 87
Trd, 4319132.143, 91
Trd, 4319134.343, 118
Trd, 4319136.743, 89
Trd, 4319136.843, 87
Trd, 4319137.043, 86
Trd, 4319137.343, 90
Trd, 4319139.043, 125
Trd, 4319139.193, 121
Trd, 4319139.993, 121
Trd, 4319140.843, 112
Trd, 4319140.943, 109
Trd, 4319141.093, 110
Trd, 4319141.393, 95
Trd, 4319142.993, 69
Trd, 4319143.393, 68
Trd, 4319144.043, 85
Trd, 4319145.693, 78
Trd, 4319145.793, 69
Trd, 4319147.493, 67
Trd, 4319148.093, 112
Trd, 4319148.343, 76
Trd, 4319149.043, 90
Trd, 4319149.493, 65
Trd, 4319150.293, 72
Trd, 4319151.993, 75
Trd, 4319153.243, 86
Trd, 4319153.743, 86
Trd, 4319154.343, 113
Trd, 4319154.993, 105
Trd, 4319155.043, 85
Trd, 4319158.893, 88
Trd, 4319159.993, 86
Trd, 4319160.043, 86
Trd, 4319160.143, 88
Trd, 4319160.893, 78
Trd, 4319161.993, 60
Trd, 4319162.243, 94
Trd, 4319162.993, 75
Trd, 4319163.043, 69
Trd, 4319164.143, 93
Trd, 4319164.293, 96
Trd, 4319166.393, 97
Trd, 4319167.793, 104
Trd, 4319167.843, 101
Trd, 4319168.143, 74
Trd, 4319170.143, 130
Trd, 4319171.143, 130
Trd, 4319171.293, 81
Trd, 4319171.593, 63
Trd, 4319172.143, 99
Trd, 4319174.193, 87
Trd, 4319174.393, 85
Trd, 4319174.493, 84
Trd, 4319176.793, 97
Trd, 4319177.893, 115
Trd, 4319178.343, 139
Trd, 4319179.643, 119
Trd, 4319179.743, 116
Trd, 4319180.693, 136
Trd, 4319181.143, 89
Trd, 4319182.543, 128
Trd, 4319182.943, 140
Trd, 4319185.043, 129
Trd, 4319185.243, 126
Trd, 4319185.593, 124
Trd, 4319186.843, 123
Trd, 4319187.043, 124
Trd, 4319187.093, 118
Trd, 4319188.043, 120
Trd, 4319188.993, 111
Trd, 4319189.493, 111
Trd, 4319190.793, 102
Trd, 4319191.443, 101
Trd, 4319192.143, 99
Trd, 4319193.393, 98
Trd, 4319193.993, 116
Trd, 4319194.593, 116
Trd, 4319194.693, 115
Trd, 4319194.793, 98
Trd, 4319195.293, 77
Trd, 4319195.393, 76
Trd, 4319196.243, 89
Trd, 4319196.593, 77
Trd, 4319197.443, 113
Trd, 4319198.143, 115
Trd, 4319198.243, 101
Trd, 4319198.843, 81
Trd, 4319199.443, 104
Trd, 4319201.243, 95
Trd, 4319201.393, 93
Trd, 4319201.593, 83
Trd, 4319202.293, 61
Trd, 4319202.993, 78
Trd, 4319203.593, 70
Trd, 4319204.993, 86
Trd, 4319206.593, 78
Trd, 4319206.743, 73
Trd, 4319207.693, 100
Trd, 4319208.443, 132
Trd, 4319208.593, 115
Trd, 4319210.443, 113
Trd, 4319210.643, 105
Trd, 4319211.043, 103
Trd, 4319211.343, 132
Trd, 4319212.143, 89
Trd, 4319214.193, 118
Trd, 4319215.243, 113
Trd, 4319215.693, 107
Trd, 4319216.093, 110
Trd, 4319216.243, 100
Trd, 4319217.293, 90
Trd, 4319219.493, 117
Trd, 4319219.943, 117
Trd, 4319220.243, 110
Trd, 4319222.043, 108
Trd, 4319222.143, 107
Trd, 4319222.693, 81
Trd, 4319222.793, 80
Trd, 4319223.893, 97
Trd, 4319225.243, 80
Trd, 4319225.893, 111
Trd, 4319226.493, 110
Trd, 4319227.893, 115
Trd, 4319228.093, 115
Trd, 4319228.193, 107
Trd, 4319228.843, 118
Trd, 4319228.993, 116
Trd, 4319230.693, 94
Trd, 4319231.343, 94
Trd, 4319231.843, 77
Trd, 4319232.993, 73
Trd, 4319233.793, 138
Trd, 4319233.843, 118
Trd, 4319234.543, 83
Trd, 4319235.393, 86
Trd, 4319235.793, 87
Trd, 4319236.893, 104
Trd, 4319239.093, 78
Trd, 4319239.143, 121
Trd, 4319239.243, 77
Trd, 4319239.593, 103
Trd, 4319239.743, 96
Trd, 4319239.843, 115
Trd, 4319239.943, 92
Trd, 4319242.193, 60
Trd, 4319242.893, 88
Trd, 4319243.793, 80
Trd, 4319244.793, 62
Trd, 4319246.593, 69
Trd, 4319248.443, 69
Trd, 4319250.293, 97
Trd, 4319250.393, 99
Trd, 4319250.493, 101
Trd, 4319250.793, 90
Trd, 4319250.843, 90
Trd, 4319251.693, 88
Trd, 4319252.043, 93
Trd, 4319252.893, 94
Trd, 4319255.843, 82
Trd, 4319255.893, 82
Trd, 4319256.343, 115
Trd, 4319256.693, 122
Trd, 4319257.493, 87
Trd, 4319258.143, 135
Trd, 4319260.043, 121
Trd, 4319260.593, 140
Trd, 4319260.793, 125
Trd, 4319260.943, 124
Trd, 4319260.993, 115
Trd, 4319263.593, 60
Trd, 4319264.393, 65
Trd, 4319265.143, 118
Trd, 4319265.393, 112
Trd, 4319265.893, 74
Trd, 4319266.443, 108
Trd, 4319268.843, 94
Trd, 4319269.243, 116
Trd, 4319269.443, 94
Trd, 4319270.443, 123
Trd, 4319270.943, 121
Trd, 4319271.443, 116
Trd, 4319272.593, 115
Trd, 4319272.793, 115
Trd, 4319273.043, 113
Trd, 4319273.743, 122
Trd, 4319274.143, 105
Trd, 4319275.743, 138
Trd, 4319276.993, 118
Trd, 4319277.243, 118
Trd, 4319277.443, 112
Trd, 4319278.143, 129
Trd, 4319279.343, 124
Trd, 4319279.393, 121
Trd, 4319279.693, 118
Trd, 4319280.543, 112
Trd, 4319280.643, 111
Trd, 4319280.893, 90
Trd, 4319282.793, 107
Trd, 4319283.793, 123
Trd, 4319285.293, 102
Trd, 4319286.143, 127
Trd, 4319286.193, 102
Trd, 4319286.793, 100
Trd, 4319287.243, 99
Trd, 4319287.743, 96
Trd, 4319289.643, 73
Trd, 4319289.793, 73
Trd, 4319291.193, 75
Trd, 4319291.793, 126
Trd, 4319292.443, 111
Trd, 4319292.493, 110
Trd, 4319292.743, 99
Trd, 4319293.593, 99
Trd, 4319294.393, 139
Trd, 4319294.643, 112
Trd, 4319294.943, 113
Trd, 4319295.943, 122
Trd, 4319296.643, 96
Trd, 4319297.443, 96
Trd, 4319297.993, 138
Trd, 4319299.243, 97
Trd, 4319300.493, 97
Trd, 4319301.143, 86
Trd, 4319301.843, 77
Trd, 4319302.893, 80
Trd, 4319303.593, 93
Trd, 4319303.893, 93
Trd, 4319304.143, 90
Trd, 4319304.193, 95
Trd, 4319305.043, 127
Trd, 4319305.593, 106
Trd, 4319307.743, 106
Trd, 4319308.243, 92
Trd, 4319308.293, 84
Trd, 4319309.143, 68
Trd, 4319309.893, 121
Trd, 4319311.043, 123
Trd, 4319311.243, 119
Trd, 4319311.993, 118
Trd, 4319312.243, 104
Trd, 4319312.643, 97
Trd, 4319314.693, 85
Trd, 4319315.093, 67
Trd, 4319315.243, 81
Trd, 4319315.943, 77
Trd, 4319317.143, 86
Trd, 4319317.643, 129
Trd, 4319317.793, 86
Trd, 4319318.093, 105
Trd, 4319318.393, 102
Trd, 4319319.143, 107
Trd, 4319320.043, 98
Trd, 4319320.093, 90
Trd, 4319320.143, 88
Trd, 4319321.093, 134
Trd, 4319321.643, 130
Trd, 4319322.643, 113
Trd, 4319323.443, 86
Trd, 4319323.593, 84
Trd, 4319324.043, 82
Trd, 4319326.693, 75
Trd, 4319326.843, 126
Trd, 4319327.243, 66
Trd, 4319328.343, 139
Trd, 4319328.393, 137
Trd, 4319329.343, 79
Trd, 4319331.143, 83
Trd, 4319332.143, 96
Trd, 4319332.543, 126
Trd, 4319332.643, 95
Trd, 4319333.093, 95
Trd, 4319333.793, 91
Trd, 4319334.293, 102
Trd, 4319335.593, 92
Trd, 4319336.993, 101
Trd, 4319337.493, 101
Trd, 4319337.643, 105
Trd, 4319338.343, 98
Trd, 4319338.793, 84
Trd, 4319339.293, 82
Trd, 4319341.093, 104
Trd, 4319341.343, 95
Trd, 4319341.443, 95
Trd, 4319341.743, 93
Trd, 4319343.093, 85
Trd, 4319343.593, 86
Trd, 4319344.043, 84
Trd, 4319345.393, 129
Trd, 4319346.593, 134
Trd, 4319347.743, 107
Trd, 4319348.893, 95
Trd, 4319349.643, 78
Trd, 4319349.793, 76
Trd, 4319350.193, 79
Trd, 4319350.293, 101
Trd, 4319351.043, 104
Trd, 4319351.193, 76
Trd, 4319352.493, 75
Trd, 4319353.243, 69
Trd, 4319353.643, 69
Trd, 4319354.393, 88
Trd, 4319356.243, 126
Trd, 4319356.393, 105
Trd, 4319357.043, 117
Trd, 4319357.293, 109
Trd, 4319358.393, 106
Trd, 4319359.943, 97
Trd, 4319360.293, 95
Trd, 4319361.193, 107
Trd, 4319361.443, 99
Trd, 4319361.593, 85
Trd, 4319363.593, 109
Trd, 4319363.943, 93
Trd, 4319364.143, 89
Trd, 4319364.943, 140
Trd, 4319367.543, 140
Trd, 4319367.793, 138
Trd, 4319368.093, 120
Trd, 4319368.793, 108
Trd, 4319369.993, 119
Trd, 4319371.143, 90
Trd, 4319372.643, 127
Trd, 4319372.943, 121
Trd, 4319373.143, 119
Trd, 4319374.993, 127
Trd, 4319376.493, 111
Trd, 4319377.693, 132
Trd, 4319378.743, 112
Trd, 4319379.643, 112
Trd, 4319379.893, 105
Trd, 4319380.193, 131
Trd, 4319380.593, 105
Trd, 4319381.143, 116
Trd, 4319381.343, 102
Trd, 4319381.893, 94
Trd, 4319382.493, 85
Trd, 4319383.893, 122
Trd, 4319384.393, 114
Trd, 4319384.593, 140
Trd, 4319385.493, 111
Trd, 4319386.293, 120
Trd, 4319386.343, 114
Trd, 4319386.393, 110
Trd, 4319387.443, 111
Trd, 4319389.143, 104
Trd, 4319389.343, 104
Trd, 4319389.593, 126
Trd, 4319390.143, 90
Trd, 4319390.793, 96
Trd, 4319391.593, 95
Trd, 4319391.693, 78
Trd, 4319391.993, 93
Trd, 4319394.893, 127
Trd, 4319395.043, 92
Trd, 4319395.343, 86
Trd, 4319397.243, 135
Trd, 4319397.943, 131
Trd, 4319398.143, 128
Trd, 4319398.393, 98
Trd, 4319398.943, 94
Trd, 4319399.643, 87
Trd, 4319399.893, 89
Trd, 4319400.293, 86
Trd, 4319401.093, 132
Trd, 4319401.643, 88
Trd, 4319402.443, 121
Trd, 4319402.693, 121
Trd, 4319403.443, 131
Trd, 4319403.843, 108
Trd, 4319405.493, 126
Trd, 4319405.993, 135
Trd, 4319406.243, 123
Trd, 4319406.643, 115
Trd, 4319407.643, 105
Trd, 4319408.043, 91
Trd, 4319409.393, 63
Trd, 4319409.493, 67
Trd, 4319409.543, 77
Trd, 4319411.093, 65
Trd, 4319411.743, 69
Trd, 4319413.393, 86
Trd, 4319413.743, 75
Trd, 4319414.543, 94
Trd, 4319415.093, 74
Trd, 4319417.793, 91
Trd, 4319419.243, 73
Trd, 4319419.743, 74
Trd, 4319420.143, 84
Trd, 4319420.393, 94
Trd, 4319420.843, 76
Trd, 4319421.243, 130
Trd, 4319422.193, 99
Trd, 4319422.543, 97
Trd, 4319425.343, 113
Trd, 4319425.443, 104
Trd, 4319425.593, 101
Trd, 4319425.793, 95
Trd, 4319426.593, 102
Trd, 4319427.293, 137
Trd, 4319427.593, 133
Trd, 4319429.093, 96
Trd, 4319430.393, 99
Trd, 4319430.793, 98
Trd, 4319431.043, 109
Trd, 4319431.943, 98
Trd, 4319432.093, 97
Trd, 4319432.393, 128
Trd, 4319433.943, 71
Trd, 4319436.293, 94
Trd, 4319436.343, 94
Trd, 4319437.093, 111
Trd, 4319438.093, 100
Trd, 4319440.093, 123
Trd, 4319440.393, 104
Trd, 4319440.493, 103
Trd, 4319440.593, 119
Trd, 4319442.543, 135
Trd, 4319442.743, 134
Trd, 4319443.193, 123
Trd, 4319444.143, 116
Trd, 4319444.693, 113
Trd, 4319445.543, 101
Trd, 4319446.693, 140
Trd, 4319446.943, 116
Trd, 4319448.243, 132
Trd, 4319448.593, 113
Trd, 4319448.843, 102
Trd, 4319449.493, 101
Trd, 4319451.143, 81
Trd, 4319451.793, 68
Trd, 4319451.943, 64
Trd, 4319452.993, 65
Trd, 4319453.493, 86
Trd, 4319454.193, 89
Trd, 4319454.493, 79
Trd, 4319455.793, 96
Trd, 4319456.443, 96
Trd, 4319456.593, 94
Trd, 4319457.443, 117
Trd, 4319457.993, 84
Trd, 4319459.393, 84
Trd, 4319461.093, 120
Trd, 4319461.643, 90
Trd, 4319462.393, 97
Trd, 4319463.093, 98
Trd, 4319463.843, 113
Trd, 4319464.193, 108
Trd, 4319464.493, 101
Trd, 4319464.943, 100
Trd, 4319465.393, 96
Trd, 4319466.393, 99
Trd, 4319467.493, 122
Trd, 4319467.543, 121
Trd, 4319468.693, 121
Trd, 4319469.193, 117
Trd, 4319469.993, 99
Trd, 4319471.293, 104
Trd, 4319471.343, 103
Trd, 4319471.693, 82
Trd, 4319473.593, 116
Trd, 4319474.793, 89
Trd, 4319475.093, 96
Trd, 4319476.493, 98
Trd, 4319476.893, 96
Trd, 4319477.693, 99
Trd, 4319477.993, 107
Trd, 4319478.093, 90
Trd, 4319478.693, 82
Trd, 4319479.693, 77
Trd, 4319481.043, 90
Trd, 4319481.293, 89
Trd, 4319481.393, 93
Trd, 4319481.443, 89
Trd, 4319482.393, 69
Trd, 4319483.493, 67
Trd, 4319484.493, 61
Trd, 4319484.843, 69
Trd, 4319486.293, 95
Trd, 4319486.943, 72
Trd, 4319487.643, 83
Trd, 4319488.743, 86
Trd, 4319489.793, 86
Trd, 4319490.643, 123
Trd, 4319492.493, 105
Trd, 4319492.993, 102
Trd, 4319493.343, 116
Trd, 4319494.143, 109
Trd, 4319494.193, 103
Trd, 4319494.643, 94
Trd, 4319494.693, 95
Trd, 4319495.043, 65
Trd, 4319496.293, 104
Trd, 4319497.093, 95
Trd, 4319497.393, 85
Trd, 4319498.393, 94
Trd, 4319499.043, 104
Trd, 4319499.693, 86
Trd, 4319499.793, 108
Trd, 4319500.143, 80
Trd, 4319502.093, 85
Trd, 4319502.243, 88
Trd, 4319503.193, 115
Trd, 4319504.543, 79
Trd, 4319505.593, 95
Trd, 4319506.193, 89
Trd, 4319506.243, 75
Trd, 4319507.143, 113
Trd, 4319507.493, 126
Trd, 4319508.093, 127
Trd, 4319508.843, 119
Trd, 4319510.493, 124
Trd, 4319510.593, 107
Trd, 4319512.143, 95
Trd, 4319512.443, 95
Trd, 4319512.743, 92
Trd, 4319513.893, 95
Trd, 4319513.943, 94
Trd, 4319514.743, 115
Trd, 4319514.943, 104
Trd, 4319515.393, 105
Trd, 4319515.793, 93
Trd, 4319516.593, 94
Trd, 4319517.843, 113
Trd, 4319517.893, 96
Trd, 4319518.293, 96
Trd, 4319520.543, 122
Trd, 4319520.793, 121
Trd, 4319520.893, 106
Trd, 4319521.193, 89
Trd, 4319522.143, 136
Trd, 4319523.393, 132
Trd, 4319523.693, 104
Trd, 4319523.893, 101
Trd, 4319524.443, 100
Trd, 4319524.493, 99
Trd, 4319525.693, 64
Trd, 4319526.093, 100
Trd, 4319526.593, 100
Trd, 4319527.043, 96
Trd, 4319528.393, 90
Trd, 4319528.443, 100
Trd, 4319529.143, 87
Trd, 4319530.093, 63
Trd, 4319531.093, 112
Trd, 4319531.693, 123
Trd, 4319532.743, 103
Trd, 4319534.143, 89
Trd, 4319534.293, 92
Trd, 4319534.943, 111
Trd, 4319535.643, 96
Trd, 4319536.643, 94
Trd, 4319537.443, 112
Trd, 4319538.393, 130
Trd, 4319538.893, 129
Trd, 4319539.243, 126
Trd, 4319539.793, 114
Trd, 4319540.243, 116
Trd, 4319541.243, 129
Trd, 4319541.293, 112
Trd, 4319541.693, 108
Trd, 4319543.093, 92
Trd, 4319544.443, 115
Trd, 4319545.043, 114
Trd, 4319545.093, 114
Trd, 4319545.743, 115
Trd, 4319545.993, 112
Trd, 4319547.743, 98
Trd, 4319547.793, 92
Trd, 4319548.393, 98
Trd, 4319548.743, 80
Trd, 4319548.793, 79
Trd, 4319549.893, 120
Trd, 4319550.993, 109
Trd, 4319551.443, 100
Trd, 4319552.843, 138
Trd, 4319552.893, 127
Trd, 4319554.043, 119
Trd, 4319554.293, 109
Trd, 4319554.493, 96
Trd, 4319555.643, 107
Trd, 4319555.993, 101
Trd, 4319556.643, 106
Trd, 4319557.193, 103
Trd, 4319557.243, 104
Trd, 4319557.493, 120
Trd, 4319557.693, 99
Trd, 4319558.793, 101
Trd, 4319559.343, 118
Trd, 4319561.193, 112
Trd, 4319561.793, 112
Trd, 4319562.343, 111
Trd, 4319563.043, 136
Trd, 4319563.343, 106
Trd, 4319564.843, 117
Trd, 4319566.043, 129
Trd, 4319567.643, 108
Trd, 4319567.743, 107
Trd, 4319568.193, 100
Trd, 4319568.643, 70
Trd, 4319570.493, 78
Trd, 4319570.643, 77
Trd, 4319571.543, 93
Trd, 4319572.693, 109
Trd, 4319573.293, 115
Trd, 4319574.143, 95
Trd, 4319574.743, 94
Trd, 4319574.893, 91
Trd, 4319575.343, 76
Trd, 4319575.443, 90
Trd, 4319578.293, 94
Trd, 4319578.493, 90
Trd, 4319578.643, 87
Trd, 4319578.693, 86
Trd, 4319579.493, 107
Trd, 4319579.793, 106
Trd, 4319580.593, 116
Trd, 4319581.743, 87
Trd, 4319582.793, 81
Trd, 4319583.393, 67
Trd, 4319584.093, 73
Trd, 4319584.293, 121
Trd, 4319586.193, 115
Trd, 4319586.393, 115
Trd, 4319587.093, 104
Trd, 4319587.243, 91
Trd, 4319588.793, 84
Trd, 4319589.293, 74
Trd, 4319589.443, 100
Trd, 4319592.843, 61
Trd, 4319592.893, 64
Trd, 4319594.743, 83
Trd, 4319594.843, 92
Trd, 4319595.293, 95
Trd, 4319595.393, 86
Trd, 4319595.493, 79
Trd, 4319598.243, 104
Trd, 4319598.443, 118
Trd, 4319598.493, 92
Trd, 4319600.393, 119
Trd, 4319600.743, 117
Trd, 4319601.443, 89
Trd, 4319602.643, 94
Trd, 4319603.193, 112
Trd, 4319603.243, 93
Trd, 4319605.793, 122
Trd, 4319605.943, 97
Trd, 4319606.343, 120
Trd, 4319606.543, 104
Trd, 4319607.293, 99
Trd, 4319608.093, 111
Trd, 4319608.743, 125
Trd, 4319610.893, 105
Trd, 4319611.293, 95
Trd, 4319611.343, 95
Trd, 4319611.543, 118
Trd, 4319612.493, 87
Trd, 4319613.993, 82
Trd, 4319614.043, 91
Trd, 4319614.693, 100
Trd, 4319614.793, 85
Trd, 4319617.043, 82
Trd, 4319617.093, 79
Trd, 4319617.943, 118
Trd, 4319618.193, 115
Trd, 4319618.643, 111
Trd, 4319619.443, 109
Trd, 4319620.693, 105
Trd, 4319621.843, 112
Trd, 4319623.043, 99
Trd, 4319623.493, 99
Trd, 4319623.993, 98
Trd, 4319624.543, 98
Trd, 4319624.693, 99
Trd, 4319626.043, 106
Trd, 4319627.143, 107
Trd, 4319627.743, 107
Trd, 4319629.243, 127
Trd, 4319630.193, 133
Trd, 4319630.393, 118
Trd, 4319630.643, 106
Trd, 4319631.743, 83
Trd, 4319632.393, 102
Trd, 4319633.493, 88
Trd, 4319633.593, 137
Trd, 4319633.843, 81
Trd, 4319636.793, 117
Trd, 4319636.943, 121
Trd, 4319636.993, 124
Trd, 4319637.043, 112
Trd, 4319638.193, 119
Trd, 4319638.293, 94
Trd, 4319639.493, 98
Trd, 4319640.643, 88
Trd, 4319640.743, 87
Trd, 4319640.893, 121
Trd, 4319641.143, 130
Trd, 4319641.393, 100
Trd, 4319642.843, 123
Trd, 4319646.693, 62
Trd, 4319646.993, 64
Trd, 4319647.643, 102
Trd, 4319647.743, 100
Trd, 4319647.943, 100
Trd, 4319648.043, 88
Trd, 4319648.743, 102
Trd, 4319652.143, 103
Trd, 4319652.593, 81
Trd, 4319654.093, 90
Trd, 4319654.193, 94
Trd, 4319654.693, 89
Trd, 4319655.043, 86
Trd, 4319656.693, 108
Trd, 4319657.443, 97
Trd, 4319658.043, 94
Trd, 4319658.943, 122
Trd, 4319659.293, 114
Trd, 4319659.893, 84
Trd, 4319660.443, 111
Trd, 4319660.993, 88
Trd, 4319662.143, 95
Trd, 4319663.943, 89
Trd, 4319664.293, 118
Trd, 4319664.593, 126
Trd, 4319664.743, 117
Trd, 4319664.993, 73
Trd, 4319665.243, 103
Trd, 4319667.393, 84
Trd, 4319667.793, 69
Trd, 4319668.543, 90
Trd, 4319668.743, 68
Trd, 4319669.843, 113
Trd, 4319670.493, 113
Trd, 4319670.793, 111
Trd, 4319671.793, 100
Trd, 4319671.843, 98
Trd, 4319673.243, 130
Trd, 4319673.743, 115
Trd, 4319674.293, 115
Trd, 4319674.643, 102
Trd, 4319675.593, 101
Trd, 4319676.493, 124
Trd, 4319677.643, 96
Trd, 4319678.443, 95
Trd, 4319678.943, 97
Trd, 4319678.993, 100
Trd, 4319681.143, 93
Trd, 4319682.343, 90
Trd, 4319682.443, 89
Trd, 4319684.193, 124
Trd, 4319684.543, 121
Trd, 4319685.143, 129
Trd, 4319685.443, 112
Trd, 4319685.543, 111
Trd, 4319685.643, 102
Trd, 4319685.843, 85
Trd, 4319689.593, 90
Trd, 4319690.093, 85
Trd, 4319691.793, 90
Trd, 4319691.993, 89
Trd, 4319692.143, 86
Trd, 4319692.693, 89
Trd, 4319693.043, 86
Trd, 4319693.243, 87
Trd, 4319694.043, 110
Trd, 4319696.043, 119
Trd, 4319696.943, 99
Trd, 4319697.893, 91
Trd, 4319698.493, 92
Trd, 4319701.293, 108
Trd, 4319701.343, 106
Trd, 4319701.643, 137
Trd, 4319703.093, 110
Trd, 4319703.943, 125
Trd, 4319704.793, 120
Trd, 4319705.093, 102
Trd, 4319705.243, 86
Trd, 4319706.293, 94
Trd, 4319707.343, 84
Trd, 4319707.393, 119
Trd, 4319707.843, 84
Trd, 4319708.193, 62
Trd, 4319709.793, 93
Trd, 4319710.843, 135
Trd, 4319710.993, 132
Trd, 4319711.743, 120
Trd, 4319712.093, 118
Trd, 4319712.243, 116
Trd, 4319712.493, 116
Trd, 4319714.043, 113
Trd, 4319714.443, 96
Trd, 4319715.393, 103
Trd, 4319716.943, 104
Trd, 4319717.343, 138
Trd, 4319718.043, 94
Trd, 4319718.193, 93
Trd, 4319718.593, 84
Trd, 4319719.893, 121
Trd, 4319720.043, 105
Trd, 4319720.093, 95
Trd, 4319720.243, 85
Trd, 4319721.443, 84
Trd, 4319722.543, 73
Trd, 4319723.743, 75
Trd, 4319723.793, 72
Trd, 4319724.543, 80
Trd, 4319725.093, 71
Trd, 4319726.293, 76
Trd, 4319728.443, 76
Trd, 4319729.593, 87
Trd, 4319729.743, 92
Trd, 4319730.543, 110
Trd, 4319731.793, 135
Trd, 4319731.843, 91
Trd, 4319732.043, 89
Trd, 4319734.293, 105
Trd, 4319735.243, 105
Trd, 4319735.343, 94
Trd, 4319735.743, 90
Trd, 4319736.593, 106
Trd, 4319737.793, 128
Trd, 4319739.343, 110
Trd, 4319740.843, 110
Trd, 4319741.593, 134
Trd, 4319741.843, 110
Trd, 4319742.043, 99
Trd, 4319743.043, 139
Trd, 4319743.693, 118
Trd, 4319746.043, 138
Trd, 4319746.143, 137
Trd, 4319746.443, 104
Trd, 4319747.193, 91
Trd, 4319747.443, 88
Trd, 4319748.443, 87
Trd, 4319748.693, 68
Trd, 4319750.893, 64
Trd, 4319750.943, 81
Trd, 4319750.993, 83
Trd, 4319751.493, 103
Trd, 4319752.643, 114
Trd, 4319754.793, 77
Trd, 4319754.893, 87
Trd, 4319755.193, 95
Trd, 4319757.193, 64
Trd, 4319757.743, 85
Trd, 4319759.793, 92
Trd, 4319760.343, 90
Trd, 4319760.543, 85
Trd, 4319761.093, 114
Trd, 4319761.843, 131
Trd, 4319762.443, 115
Trd, 4319762.793, 103
Trd, 4319763.243, 92
Trd, 4319763.893, 103
Trd, 4319763.943, 102
Trd, 4319764.793, 74
Trd, 4319765.443, 76
Trd, 4319765.643, 70
Trd, 4319765.943, 73
Trd, 4319767.693, 80
Trd, 4319768.293, 82
Trd, 4319769.693, 94
Trd, 4319770.543, 68
Trd, 4319770.943, 78
Trd, 4319772.543, 72
Trd, 4319772.843, 67
Trd, 4319773.293, 79
Trd, 4319773.643, 77
Trd, 4319773.993, 74
Trd, 4319774.543, 66
Trd, 4319775.493, 102
Trd, 4319778.643, 135
Trd, 4319778.693, 112
Trd, 4319779.043, 111
Trd, 4319779.743, 103
Trd, 4319781.193, 93
Trd, 4319781.443, 119
Trd, 4319781.643, 93
Trd, 4319782.093, 96
Trd, 4319782.543, 93
Trd, 4319783.543, 62
Trd, 4319784.043, 69
Trd, 4319784.693, 103
Trd, 4319785.793, 87
Trd, 4319786.843, 79
Trd, 4319787.343, 78
Trd, 4319788.493, 106
Trd, 4319788.543, 94
Trd, 4319789.043, 95
Trd, 4319789.293, 95
Trd, 4319790.143, 137
Trd, 4319790.843, 133
Trd, 4319791.243, 129
Trd, 4319792.143, 74
Trd, 4319794.593, 62
Trd, 4319794.943, 70
Trd, 4319795.043, 74
Trd, 4319796.993, 94
Trd, 4319797.043, 93
Trd, 4319797.743, 101
Trd, 4319798.443, 111
Trd, 4319799.293, 113
Trd, 4319799.493, 111
Trd, 4319801.693, 116
Trd, 4319802.443, 81
Trd, 4319804.593, 89
Trd, 4319805.193, 79
Trd, 4319805.243, 74
Trd, 4319806.443, 110
Trd, 4319806.943, 76
Trd, 4319807.493, 73
Trd, 4319807.693, 72
Trd, 4319808.793, 66
Trd, 4319810.943, 67
Trd, 4319811.143, 64
Trd, 4319812.393, 66
Trd, 4319813.893, 114
Trd, 4319814.343, 107
Trd, 4319815.093, 104
Trd, 4319815.443, 123
Trd, 4319815.993, 101
Trd, 4319816.693, 87
Trd, 4319817.043, 117
Trd, 4319817.793, 93
Trd, 4319820.043, 61
Trd, 4319820.793, 69
Trd, 4319821.493, 67
Trd, 4319821.643, 76
Trd, 4319821.743, 66
Trd, 4319822.393, 67
Trd, 4319822.993, 70
Trd, 4319823.243, 93
Trd, 4319824.843, 86
Trd, 4319825.343, 83
Trd, 4319826.743, 83
Trd, 4319826.943, 97
Trd, 4319827.593, 82
Trd, 4319828.093, 86
Trd, 4319829.093, 104
Trd, 4319829.193, 94
Trd, 4319829.393, 120
Trd, 4319830.193, 85
Trd, 4319830.293, 65
Trd, 4319831.743, 93
Trd, 4319831.793, 87
Trd, 4319832.693, 93
Trd, 4319835.193, 116
Trd, 4319836.093, 113
Trd, 4319836.193, 104
Trd, 4319836.293, 100
Trd, 4319836.843, 98
Trd, 4319837.143, 111
Trd, 4319837.743, 101
Trd, 4319837.893, 84
Trd, 4319839.443, 77
Trd, 4319841.193, 128
Trd, 4319841.543, 128
Trd, 4319842.293, 122
Trd, 4319842.743, 123
Trd, 4319843.043, 113
Trd, 4319843.993, 113
Trd, 4319845.343, 94
Trd, 4319845.493, 97
Trd, 4319846.793, 75
Trd, 4319847.743, 90
Trd, 4319849.543, 103
Trd, 4319849.643, 74
Trd, 4319851.093, 91
Trd, 4319851.943, 102
Trd, 4319852.443, 110
Trd, 4319852.543, 101
Trd, 4319852.993, 93
Trd, 4319853.693, 84
Trd, 4319853.893, 102
Trd, 4319854.293, 92
Trd, 4319854.443, 108
Trd, 4319854.743, 118
Trd, 4319855.043, 79
Trd, 4319858.093, 135
Trd, 4319858.543, 132
Trd, 4319858.943, 119
Trd, 4319859.543, 92
Trd, 4319859.593, 78
Trd, 4319861.343, 113
Trd, 4319861.593, 133
Trd, 4319862.293, 103
Trd, 4319863.343, 130
Trd, 4319864.393, 89
Trd, 4319865.843, 115
Trd, 4319866.093, 91
Trd, 4319866.293, 86
Trd, 4319867.093, 121
Trd, 4319867.343, 105
Trd, 4319868.143, 99
Trd, 4319869.193, 87
Trd, 4319870.743, 93
Trd, 4319871.693, 85
Trd, 4319871.743, 65
Trd, 4319873.093, 83
Trd, 4319873.893, 90
Trd, 4319874.443, 86
Trd, 4319874.993, 85
Trd, 4319875.293, 84
Trd, 4319875.593, 117
Trd, 4319877.093, 137
Trd, 4319877.743, 78
Trd, 4319881.293, 77
Trd, 4319881.343, 116
Trd, 4319882.293, 74
Trd, 4319882.743, 69
Trd, 4319883.943, 127
Trd, 4319884.543, 126
Trd, 4319884.593, 126
Trd, 4319884.743, 116
Trd, 4319884.893, 112
Trd, 4319885.743, 100
Trd, 4319886.393, 113
Trd, 4319887.693, 114
Trd, 4319888.643, 93
Trd, 4319889.193, 87
Trd, 4319891.043, 121
Trd, 4319891.143, 101
Trd, 4319892.043, 120
Trd, 4319892.393, 94
Trd, 4319892.593, 94
Trd, 4319892.843, 93
Trd, 4319893.593, 116
Trd, 4319895.593, 139
Trd, 4319895.743, 140
Trd, 4319895.893, 135
Trd, 4319895.993, 126
Trd, 4319896.643, 116
Trd, 4319896.993, 131
Trd, 4319897.043, 80
Trd, 4319898.143, 100
Trd, 4319898.243, 99
Trd, 4319899.093, 114
Trd, 4319900.143, 115
Trd, 4319900.493, 114
Trd, 4319900.693, 114
Trd, 4319902.643, 75
Trd, 4319902.993, 86
Trd, 4319903.893, 84
Trd, 4319904.343, 77
Trd, 4319906.043, 82
Trd, 4319906.293, 67
Trd, 4319906.543, 67
Trd, 4319906.843, 105
Trd, 4319908.043, 85
Trd, 4319909.393, 61
Trd, 4319909.943, 84
Trd, 4319911.393, 82
Trd, 4319911.793, 130
Trd, 4319912.243, 130
Trd, 4319912.443, 129
Trd, 4319912.843, 120
Trd, 4319913.693, 89
Trd, 4319914.793, 81
Trd, 4319916.343, 131
Trd, 4319916.743, 114
Trd, 4319917.443, 115
Trd, 4319917.793, 108
Trd, 4319917.993, 100
Trd, 4319918.443, 127
Trd, 4319918.793, 100
Trd, 4319919.443, 100
Trd, 4319920.693, 124
Trd, 4319920.943, 122
Trd, 4319921.643, 121
Trd, 4319922.243, 121
Trd, 4319922.993, 107
Trd, 4319923.143, 105
Trd, 4319923.993, 125
Trd, 4319924.143, 104
Trd, 4319927.493, 63
Trd, 4319927.743, 70
Trd, 4319929.043, 71
Trd, 4319929.193, 80
Trd, 4319930.543, 68
Trd, 4319930.943, 79
Trd, 4319931.443, 76
Trd, 4319932.193, 110
Trd, 4319932.943, 89
Trd, 4319933.493, 75
Trd, 4319934.143, 105
Trd, 4319934.193, 104
Trd, 4319934.493, 74
Trd, 4319935.243, 113
Trd, 4319936.143, 72
Trd, 4319937.843, 72
Trd, 4319937.993, 69
Trd, 4319938.843, 86
Trd, 4319939.093, 70
Trd, 4319939.493, 95
Trd, 4319939.643, 93
Trd, 4319940.743, 127
Trd, 4319941.143, 101
Trd, 4319942.843, 104
Trd, 4319943.893, 77
Trd, 4319944.493, 78
Trd, 4319944.893, 91
Trd, 4319946.443, 136
Trd, 4319947.143, 94
Trd, 4319948.943, 131
Trd, 4319948.993, 121
Trd, 4319951.293, 117
Trd, 4319951.343, 114
Trd, 4319951.843, 107
Trd, 4319952.793, 99
Trd, 4319952.943, 98
Trd, 4319953.443, 118
Trd, 4319954.293, 112
Trd, 4319955.693, 111
Trd, 4319956.343, 111
Trd, 4319957.593, 138
Trd, 4319958.143, 121
Trd, 4319958.643, 106
Trd, 4319958.793, 99
Trd, 4319960.393, 100
Trd, 4319961.093, 95
Trd, 4319961.543, 94
Trd, 4319961.893, 95
Trd, 4319963.043, 109
Trd, 4319963.793, 94
Trd, 4319965.143, 92
Trd, 4319965.743, 89
Trd, 4319967.143, 140
Trd, 4319967.543, 118
Trd, 4319969.893, 124
Trd, 4319970.443, 140
Trd, 4319971.243, 117
Trd, 4319971.643, 114
Trd, 4319971.793, 112
Trd, 4319972.043, 113
Trd, 4319973.093, 125
Trd, 4319973.343, 109
Trd, 4319973.743, 97
Trd, 4319974.243, 97
Trd, 4319974.493, 92
Trd, 4319974.993, 92
Trd, 4319975.743, 76
Trd, 4319977.743, 99
Trd, 4319978.443, 85
Trd, 4319979.093, 131
Trd, 4319979.593, 126
Trd, 4319979.793, 123
Trd, 4319980.043, 111
Trd, 4319980.343, 111
Trd, 4319980.843, 129
Trd, 4319982.293, 101
Trd, 4319982.743, 107
Trd, 4319982.893, 101
Trd, 4319983.993, 94
Trd, 4319984.743, 92
Trd, 4319985.093, 93
Trd, 4319985.343, 95
Trd, 4319986.643, 69
Trd, 4319987.043, 68
Trd, 4319988.443, 71
Trd, 4319989.043, 89
Trd, 4319989.443, 82
Trd, 4319989.693, 78
Trd, 4319990.993, 95
Trd, 4319992.043, 138
Trd, 4319992.943, 103
Trd, 4319993.493, 85
Trd, 4319993.643, 109
Trd, 4319994.193, 103
Trd, 4319994.843, 126
Trd, 4319996.293, 121
Trd, 4319996.343, 113
Trd, 4319997.643, 110
Trd, 4319998.043, 104
