Trd, 4318178.343, 139
Trd, 4318178.543, 138
Trd, 4318179.643, 129
Trd, 4318179.743, 139
Trd, 4318180.043, 123
Trd, 4318180.343, 139
Trd, 4318180.393, 98
Trd, 4318181.493, 121
Trd, 4318182.993, 131
Trd, 4318183.443, 118
Trd, 4318183.743, 91
Trd, 4318184.993, 140
Trd, 4318185.243, 139
Trd, 4318186.193, 133
Trd, 4318186.543, 127
Trd, 4318186.943, 138
Trd, 4318187.493, 128
Trd, 4318187.743, 114
Trd, 4318188.443, 89
Trd, 4318189.543, 60
Trd, 4318190.093, 60
Trd, 4318190.393, 60
Trd, 4318190.743, 76
Trd, 4318192.243, 60
Trd, 4318192.443, 62
Trd, 4318192.543, 101
Trd, 4318193.193, 88
Trd, 4318194.393, 64
Trd, 4318194.543, 68
Trd, 4318196.093, 70
Trd, 4318196.993, 60
Trd, 4318198.643, 60
Trd, 4318199.393, 63
Trd, 4318199.493, 62
Trd, 4318200.693, 67
Trd, 4318200.943, 67
Trd, 4318201.543, 71
Trd, 4318201.893, 140
Trd, 4318202.593, 140
Trd, 4318202.643, 137
Trd, 4318204.393, 60
Trd, 4318204.943, 60
Trd, 4318205.243, 66
Trd, 4318205.693, 123
Trd, 4318206.443, 70
Trd, 4318206.743, 109
Trd, 4318207.393, 61
Trd, 4318207.693, 60
Trd, 4318208.993, 109
Trd, 4318209.393, 97
Trd, 4318209.893, 104
Trd, 4318211.993, 60
Trd, 4318212.193, 69
Trd, 4318212.593, 88
Trd, 4318213.293, 139
Trd, 4318214.093, 122
Trd, 4318214.543, 72
Trd, 4318214.943, 140
Trd, 4318216.893, 61
Trd, 4318217.293, 63
Trd, 4318217.593, 61
Trd, 4318217.643, 66
Trd, 4318218.343, 60
Trd, 4318219.843, 140
Trd, 4318220.293, 133
Trd, 4318221.193, 137
Trd, 4318221.843, 139
Trd, 4318221.893, 136
Trd, 4318222.343, 132
Trd, 4318222.593, 130
Trd, 4318223.643, 106
Trd, 4318224.093, 113
Trd, 4318224.443, 89
Trd, 4318225.743, 96
Trd, 4318225.843, 94
Trd, 4318226.343, 122
Trd, 4318227.543, 107
Trd, 4318228.093, 139
Trd, 4318228.343, 99
Trd, 4318229.293, 131
Trd, 4318229.793, 106
Trd, 4318229.943, 85
Trd, 4318231.093, 140
Trd, 4318231.893, 138
Trd, 4318231.943, 78
Trd, 4318232.943, 140
Trd, 4318233.293, 138
Trd, 4318234.043, 139
Trd, 4318234.843, 116
Trd, 4318235.443, 125
Trd, 4318235.743, 112
Trd, 4318235.893, 60
Trd, 4318236.593, 60
Trd, 4318236.793, 89
Trd, 4318238.243, 61
Trd, 4318238.493, 62
Trd, 4318238.543, 110
Trd, 4318240.043, 62
Trd, 4318240.193, 82
Trd, 4318241.793, 62
Trd, 4318242.093, 61
Trd, 4318242.543, 88
Trd, 4318243.793, 140
Trd, 4318244.893, 140
Trd, 4318245.393, 140
Trd, 4318245.543, 138
Trd, 4318245.693, 108
Trd, 4318246.193, 108
Trd, 4318247.843, 66
Trd, 4318247.993, 92
Trd, 4318248.793, 133
Trd, 4318248.943, 133
Trd, 4318250.093, 140
Trd, 4318250.293, 133
Trd, 4318250.493, 132
Trd, 4318251.293, 133
Trd, 4318251.943, 123
Trd, 4318252.543, 122
Trd, 4318252.643, 102
Trd, 4318253.943, 136
Trd, 4318254.893, 128
Trd, 4318256.393, 140
Trd, 4318257.193, 140
Trd, 4318257.693, 140
Trd, 4318258.043, 139
Trd, 4318258.993, 140
Trd, 4318259.043, 137
Trd, 4318259.493, 94
Trd, 4318260.393, 91
Trd, 4318260.693, 133
Trd, 4318261.143, 140
Trd, 4318261.643, 114
Trd, 4318262.593, 110
Trd, 4318263.343, 140
Trd, 4318264.143, 126
Trd, 4318264.343, 126
Trd, 4318264.793, 137
Trd, 4318265.693, 67
Trd, 4318266.193, 106
Trd, 4318266.493, 127
Trd, 4318267.243, 138
Trd, 4318268.193, 60
Trd, 4318269.243, 61
Trd, 4318270.293, 64
Trd, 4318270.393, 106
Trd, 4318270.643, 83
Trd, 4318271.443, 89
Trd, 4318273.743, 93
Trd, 4318274.593, 136
Trd, 4318274.743, 113
Trd, 4318275.493, 120
Trd, 4318275.843, 140
Trd, 4318276.343, 138
Trd, 4318276.443, 119
Trd, 4318276.793, 137
Trd, 4318277.493, 139
Trd, 4318277.593, 112
Trd, 4318278.693, 139
Trd, 4318278.843, 107
Trd, 4318279.443, 60
Trd, 4318281.443, 60
Trd, 4318281.493, 62
Trd, 4318282.143, 60
Trd, 4318282.293, 62
Trd, 4318283.543, 134
Trd, 4318283.743, 133
Trd, 4318284.693, 140
Trd, 4318285.293, 128
Trd, 4318285.393, 86
Trd, 4318286.493, 61
Trd, 4318287.193, 140
Trd, 4318287.293, 139
Trd, 4318288.143, 65
Trd, 4318288.643, 60
Trd, 4318289.693, 60
Trd, 4318289.943, 102
Trd, 4318290.093, 70
Trd, 4318290.793, 78
Trd, 4318291.393, 85
Trd, 4318292.143, 129
Trd, 4318292.593, 116
Trd, 4318293.943, 137
Trd, 4318294.143, 134
Trd, 4318295.343, 139
Trd, 4318295.493, 139
Trd, 4318295.743, 114
Trd, 4318296.593, 127
Trd, 4318296.993, 128
Trd, 4318297.543, 137
Trd, 4318298.893, 131
Trd, 4318300.193, 137
Trd, 4318300.293, 133
Trd, 4318301.443, 128
Trd, 4318302.143, 105
Trd, 4318302.693, 63
Trd, 4318303.193, 130
Trd, 4318303.743, 60
Trd, 4318304.143, 60
Trd, 4318304.293, 83
Trd, 4318305.143, 140
Trd, 4318305.843, 139
Trd, 4318306.493, 140
Trd, 4318306.843, 140
Trd, 4318307.193, 139
Trd, 4318308.143, 62
Trd, 4318308.493, 140
Trd, 4318309.843, 125
Trd, 4318310.843, 140
Trd, 4318311.643, 129
Trd, 4318311.793, 126
Trd, 4318311.893, 136
Trd, 4318312.093, 67
Trd, 4318313.093, 140
Trd, 4318314.243, 117
Trd, 4318314.993, 132
Trd, 4318315.493, 113
Trd, 4318315.543, 104
Trd, 4318316.793, 135
Trd, 4318317.693, 140
Trd, 4318318.043, 81
Trd, 4318318.493, 62
Trd, 4318319.493, 62
Trd, 4318319.793, 68
Trd, 4318319.993, 111
Trd, 4318320.793, 139
Trd, 4318321.593, 139
Trd, 4318321.693, 138
Trd, 4318322.393, 113
Trd, 4318322.743, 134
Trd, 4318323.043, 63
Trd, 4318323.543, 73
Trd, 4318324.593, 119
Trd, 4318325.093, 133
Trd, 4318325.393, 68
Trd, 4318325.693, 140
Trd, 4318326.343, 116
Trd, 4318327.443, 71
Trd, 4318328.793, 67
Trd, 4318329.493, 140
Trd, 4318331.143, 60
Trd, 4318331.793, 61
Trd, 4318332.093, 60
Trd, 4318332.493, 61
Trd, 4318333.293, 64
Trd, 4318333.393, 99
Trd, 4318333.643, 74
Trd, 4318333.843, 79
Trd, 4318334.293, 61
Trd, 4318335.243, 61
Trd, 4318336.593, 63
Trd, 4318337.043, 64
Trd, 4318337.743, 62
Trd, 4318337.993, 113
Trd, 4318338.493, 140
Trd, 4318338.643, 132
Trd, 4318339.143, 119
Trd, 4318340.993, 127
Trd, 4318341.343, 139
Trd, 4318342.443, 140
Trd, 4318342.843, 122
Trd, 4318342.893, 116
Trd, 4318343.193, 66
Trd, 4318344.593, 60
Trd, 4318345.093, 61
Trd, 4318345.293, 83
Trd, 4318345.393, 71
Trd, 4318345.793, 70
Trd, 4318346.543, 60
Trd, 4318347.843, 140
Trd, 4318348.693, 120
Trd, 4318348.843, 119
Trd, 4318349.393, 66
Trd, 4318349.943, 61
Trd, 4318351.043, 63
Trd, 4318351.593, 122
Trd, 4318352.043, 131
Trd, 4318352.143, 96
Trd, 4318353.243, 62
Trd, 4318353.493, 119
Trd, 4318353.943, 120
Trd, 4318354.243, 119
Trd, 4318354.993, 132
Trd, 4318355.193, 131
Trd, 4318356.493, 138
Trd, 4318356.793, 137
Trd, 4318357.043, 66
Trd, 4318357.093, 60
Trd, 4318358.043, 126
Trd, 4318359.093, 60
Trd, 4318359.393, 69
Trd, 4318359.743, 111
Trd, 4318360.093, 140
Trd, 4318363.193, 140
Trd, 4318363.443, 140
Trd, 4318365.043, 139
Trd, 4318365.293, 137
Trd, 4318365.343, 136
Trd, 4318365.593, 112
Trd, 4318366.193, 64
Trd, 4318366.343, 64
Trd, 4318367.993, 131
Trd, 4318368.193, 135
Trd, 4318368.293, 80
Trd, 4318368.743, 140
Trd, 4318369.343, 134
Trd, 4318370.193, 130
Trd, 4318371.293, 133
Trd, 4318371.943, 140
Trd, 4318372.393, 140
Trd, 4318372.743, 140
Trd, 4318373.643, 137
Trd, 4318374.443, 62
Trd, 4318374.743, 64
Trd, 4318375.993, 61
Trd, 4318376.893, 61
Trd, 4318377.693, 62
Trd, 4318377.743, 63
Trd, 4318378.493, 63
Trd, 4318378.543, 66
Trd, 4318379.893, 104
Trd, 4318380.093, 67
Trd, 4318380.693, 65
Trd, 4318381.943, 106
Trd, 4318382.493, 86
Trd, 4318383.343, 89
Trd, 4318384.293, 130
Trd, 4318384.343, 84
Trd, 4318384.993, 62
Trd, 4318385.843, 60
Trd, 4318386.343, 74
Trd, 4318386.943, 64
Trd, 4318387.043, 65
Trd, 4318387.993, 81
Trd, 4318388.493, 106
Trd, 4318389.343, 100
Trd, 4318389.393, 88
Trd, 4318390.043, 88
Trd, 4318391.243, 101
Trd, 4318391.543, 66
Trd, 4318392.243, 139
Trd, 4318392.343, 138
Trd, 4318392.893, 140
Trd, 4318394.393, 126
Trd, 4318395.193, 122
Trd, 4318396.143, 122
Trd, 4318396.593, 120
Trd, 4318396.643, 119
Trd, 4318396.693, 88
Trd, 4318397.793, 119
Trd, 4318398.043, 72
Trd, 4318399.093, 139
Trd, 4318399.143, 138
Trd, 4318400.143, 140
Trd, 4318400.443, 140
Trd, 4318400.493, 133
Trd, 4318401.343, 133
Trd, 4318401.643, 129
Trd, 4318402.643, 73
Trd, 4318404.243, 121
Trd, 4318404.293, 105
Trd, 4318404.743, 78
Trd, 4318405.493, 91
Trd, 4318406.343, 65
Trd, 4318407.293, 105
Trd, 4318407.743, 63
Trd, 4318408.093, 125
Trd, 4318408.793, 108
Trd, 4318408.843, 107
Trd, 4318409.393, 140
Trd, 4318410.643, 105
Trd, 4318411.043, 139
Trd, 4318412.743, 64
Trd, 4318413.143, 64
Trd, 4318413.493, 67
Trd, 4318413.743, 104
Trd, 4318414.343, 60
Trd, 4318414.793, 60
Trd, 4318415.093, 60
Trd, 4318417.243, 61
Trd, 4318418.043, 61
Trd, 4318418.443, 63
Trd, 4318418.743, 90
Trd, 4318419.393, 62
Trd, 4318419.743, 67
Trd, 4318421.393, 137
Trd, 4318421.693, 136
Trd, 4318421.893, 125
Trd, 4318422.143, 140
Trd, 4318422.343, 70
Trd, 4318422.543, 60
Trd, 4318423.493, 60
Trd, 4318425.743, 62
Trd, 4318425.943, 63
Trd, 4318427.243, 66
Trd, 4318427.443, 89
Trd, 4318427.943, 140
Trd, 4318428.543, 70
Trd, 4318428.593, 72
Trd, 4318428.993, 83
Trd, 4318429.693, 132
Trd, 4318429.843, 126
Trd, 4318430.693, 60
Trd, 4318432.493, 133
Trd, 4318432.543, 119
Trd, 4318433.543, 140
Trd, 4318433.693, 134
Trd, 4318434.193, 120
Trd, 4318434.793, 111
Trd, 4318434.993, 64
Trd, 4318435.393, 102
Trd, 4318436.143, 126
Trd, 4318437.493, 60
Trd, 4318437.743, 68
Trd, 4318438.343, 79
Trd, 4318438.993, 127
Trd, 4318439.743, 63
Trd, 4318440.043, 63
Trd, 4318440.993, 107
Trd, 4318441.093, 130
Trd, 4318441.893, 97
Trd, 4318442.343, 66
Trd, 4318443.193, 140
Trd, 4318443.343, 140
Trd, 4318444.993, 63
Trd, 4318445.543, 60
Trd, 4318446.043, 60
Trd, 4318446.093, 63
Trd, 4318446.343, 66
Trd, 4318446.643, 93
Trd, 4318448.193, 63
Trd, 4318448.743, 60
Trd, 4318449.043, 61
Trd, 4318449.543, 108
Trd, 4318451.643, 62
Trd, 4318452.393, 66
Trd, 4318452.893, 62
Trd, 4318453.293, 140
Trd, 4318453.343, 119
Trd, 4318453.943, 132
Trd, 4318454.493, 79
Trd, 4318455.093, 72
Trd, 4318455.593, 137
Trd, 4318455.743, 137
Trd, 4318456.243, 70
Trd, 4318457.043, 140
Trd, 4318457.693, 77
Trd, 4318459.243, 140
Trd, 4318459.543, 137
Trd, 4318460.893, 139
Trd, 4318461.143, 68
Trd, 4318462.043, 127
Trd, 4318463.043, 108
Trd, 4318463.843, 140
Trd, 4318463.893, 123
Trd, 4318464.043, 122
Trd, 4318465.393, 140
Trd, 4318465.693, 140
Trd, 4318466.243, 128
Trd, 4318467.393, 127
Trd, 4318467.493, 99
Trd, 4318468.043, 107
Trd, 4318468.343, 98
Trd, 4318468.393, 97
Trd, 4318470.093, 137
Trd, 4318470.843, 137
Trd, 4318471.293, 98
Trd, 4318471.893, 140
Trd, 4318472.093, 124
Trd, 4318473.043, 92
Trd, 4318473.093, 68
Trd, 4318474.793, 122
Trd, 4318475.043, 134
Trd, 4318475.743, 118
Trd, 4318476.593, 125
Trd, 4318477.293, 140
Trd, 4318478.093, 139
Trd, 4318478.393, 118
Trd, 4318478.593, 117
Trd, 4318479.243, 140
Trd, 4318480.743, 139
Trd, 4318480.943, 137
Trd, 4318481.143, 103
Trd, 4318481.543, 86
Trd, 4318482.043, 131
Trd, 4318482.543, 138
Trd, 4318483.443, 132
Trd, 4318484.393, 140
Trd, 4318484.693, 136
Trd, 4318485.593, 139
Trd, 4318487.643, 131
Trd, 4318487.843, 140
Trd, 4318487.993, 78
Trd, 4318488.793, 63
Trd, 4318490.143, 60
Trd, 4318490.443, 63
Trd, 4318490.843, 112
Trd, 4318491.743, 136
Trd, 4318492.443, 137
Trd, 4318492.643, 136
Trd, 4318494.643, 138
Trd, 4318494.743, 133
Trd, 4318495.593, 123
Trd, 4318495.643, 119
Trd, 4318496.043, 83
Trd, 4318496.343, 61
Trd, 4318496.843, 68
Trd, 4318497.593, 67
Trd, 4318498.593, 140
Trd, 4318499.343, 140
Trd, 4318499.543, 131
Trd, 4318499.993, 119
Trd, 4318501.343, 129
Trd, 4318501.593, 100
Trd, 4318501.993, 102
Trd, 4318502.993, 138
Trd, 4318503.143, 87
Trd, 4318504.193, 63
Trd, 4318505.993, 130
Trd, 4318506.143, 118
Trd, 4318506.443, 75
Trd, 4318506.493, 74
Trd, 4318506.793, 78
Trd, 4318507.143, 79
Trd, 4318508.343, 120
Trd, 4318508.443, 119
Trd, 4318508.743, 77
Trd, 4318509.643, 61
Trd, 4318510.343, 140
Trd, 4318511.343, 82
Trd, 4318511.693, 116
Trd, 4318512.293, 114
Trd, 4318512.593, 68
Trd, 4318512.793, 63
Trd, 4318513.343, 117
Trd, 4318513.643, 111
Trd, 4318514.393, 64
Trd, 4318514.593, 132
Trd, 4318516.693, 139
Trd, 4318516.843, 137
Trd, 4318517.743, 134
Trd, 4318517.843, 132
Trd, 4318517.993, 81
Trd, 4318519.693, 105
Trd, 4318520.193, 60
Trd, 4318520.943, 65
Trd, 4318521.193, 66
Trd, 4318521.793, 60
Trd, 4318521.943, 63
Trd, 4318523.393, 96
Trd, 4318523.843, 93
Trd, 4318524.193, 139
Trd, 4318524.593, 67
Trd, 4318525.793, 111
Trd, 4318526.793, 69
Trd, 4318527.193, 103
Trd, 4318528.343, 63
Trd, 4318528.543, 63
Trd, 4318528.743, 61
Trd, 4318530.343, 60
Trd, 4318530.543, 63
Trd, 4318530.893, 104
Trd, 4318531.543, 127
Trd, 4318531.893, 69
Trd, 4318532.193, 140
Trd, 4318534.093, 60
Trd, 4318534.643, 62
Trd, 4318535.243, 60
Trd, 4318536.443, 60
Trd, 4318536.693, 61
Trd, 4318537.543, 65
Trd, 4318537.693, 136
Trd, 4318537.943, 70
Trd, 4318538.793, 80
Trd, 4318539.093, 137
Trd, 4318539.643, 62
Trd, 4318541.243, 130
Trd, 4318542.093, 139
Trd, 4318542.193, 114
Trd, 4318542.893, 137
Trd, 4318543.043, 111
Trd, 4318543.343, 136
Trd, 4318544.343, 140
Trd, 4318544.743, 81
Trd, 4318545.993, 62
Trd, 4318546.693, 61
Trd, 4318548.743, 63
Trd, 4318548.893, 65
Trd, 4318549.143, 66
Trd, 4318549.843, 62
Trd, 4318549.993, 71
Trd, 4318551.193, 130
Trd, 4318551.293, 79
Trd, 4318552.443, 140
Trd, 4318552.693, 140
Trd, 4318552.793, 115
Trd, 4318553.493, 140
Trd, 4318553.743, 140
Trd, 4318554.393, 61
Trd, 4318555.193, 60
Trd, 4318555.243, 62
Trd, 4318556.143, 138
Trd, 4318556.393, 137
Trd, 4318557.743, 77
Trd, 4318557.993, 120
Trd, 4318558.093, 76
Trd, 4318559.493, 125
Trd, 4318560.293, 136
Trd, 4318561.243, 64
Trd, 4318561.293, 75
Trd, 4318561.793, 73
Trd, 4318562.793, 132
Trd, 4318563.143, 60
Trd, 4318564.293, 70
Trd, 4318565.093, 121
Trd, 4318565.693, 96
Trd, 4318565.793, 71
Trd, 4318565.843, 68
Trd, 4318566.243, 123
Trd, 4318567.643, 140
Trd, 4318567.943, 140
Trd, 4318568.793, 139
Trd, 4318569.443, 104
Trd, 4318571.593, 133
Trd, 4318572.093, 136
Trd, 4318572.293, 140
Trd, 4318572.893, 99
Trd, 4318573.793, 140
Trd, 4318574.593, 139
Trd, 4318575.243, 140
Trd, 4318575.493, 124
Trd, 4318575.543, 99
Trd, 4318576.693, 140
Trd, 4318576.943, 130
Trd, 4318577.193, 116
Trd, 4318578.793, 121
Trd, 4318578.893, 109
Trd, 4318579.943, 140
Trd, 4318581.293, 130
Trd, 4318581.343, 129
Trd, 4318581.643, 127
Trd, 4318581.793, 127
Trd, 4318581.993, 63
Trd, 4318582.643, 130
Trd, 4318582.943, 130
Trd, 4318583.393, 101
Trd, 4318585.093, 138
Trd, 4318585.843, 137
Trd, 4318586.343, 65
Trd, 4318586.693, 60
Trd, 4318587.093, 64
Trd, 4318587.493, 65
Trd, 4318587.843, 71
Trd, 4318588.443, 139
Trd, 4318588.993, 135
Trd, 4318589.343, 78
Trd, 4318590.143, 71
Trd, 4318591.643, 139
Trd, 4318592.243, 132
Trd, 4318592.843, 127
Trd, 4318593.243, 109
Trd, 4318593.893, 139
Trd, 4318594.243, 115
Trd, 4318595.193, 60
Trd, 4318595.593, 64
Trd, 4318596.943, 140
Trd, 4318597.093, 140
Trd, 4318597.193, 129
Trd, 4318597.293, 95
Trd, 4318598.543, 96
Trd, 4318599.093, 95
Trd, 4318599.643, 138
Trd, 4318599.843, 137
Trd, 4318600.143, 85
Trd, 4318601.093, 139
Trd, 4318601.693, 127
Trd, 4318601.743, 122
Trd, 4318603.243, 139
Trd, 4318603.743, 100
Trd, 4318604.093, 136
Trd, 4318604.793, 63
Trd, 4318605.293, 101
Trd, 4318606.043, 107
Trd, 4318606.143, 98
Trd, 4318607.243, 124
Trd, 4318607.993, 89
Trd, 4318608.793, 65
Trd, 4318608.943, 66
Trd, 4318610.193, 76
Trd, 4318610.643, 84
Trd, 4318612.343, 140
Trd, 4318612.393, 140
Trd, 4318612.743, 104
Trd, 4318613.493, 140
Trd, 4318613.793, 85
Trd, 4318613.893, 84
Trd, 4318614.493, 139
Trd, 4318615.043, 118
Trd, 4318615.293, 130
Trd, 4318615.793, 140
Trd, 4318616.143, 98
Trd, 4318617.643, 60
Trd, 4318618.793, 107
Trd, 4318619.293, 128
Trd, 4318619.743, 102
Trd, 4318620.743, 131
Trd, 4318621.243, 136
Trd, 4318621.993, 131
Trd, 4318622.143, 126
Trd, 4318622.493, 108
Trd, 4318622.993, 71
Trd, 4318625.243, 140
Trd, 4318625.743, 140
Trd, 4318625.993, 140
Trd, 4318626.643, 136
Trd, 4318628.243, 138
Trd, 4318629.093, 135
Trd, 4318629.243, 135
Trd, 4318629.293, 134
Trd, 4318629.643, 111
Trd, 4318629.693, 74
Trd, 4318630.493, 139
Trd, 4318630.793, 82
Trd, 4318631.693, 64
Trd, 4318631.943, 100
Trd, 4318632.693, 139
Trd, 4318634.143, 132
Trd, 4318634.643, 127
Trd, 4318635.393, 123
Trd, 4318636.243, 140
Trd, 4318636.293, 94
Trd, 4318637.243, 63
Trd, 4318637.843, 135
Trd, 4318637.943, 63
Trd, 4318638.193, 61
Trd, 4318639.893, 93
Trd, 4318640.143, 85
Trd, 4318640.493, 134
Trd, 4318641.043, 140
Trd, 4318641.843, 138
Trd, 4318642.093, 137
Trd, 4318642.993, 135
Trd, 4318643.043, 134
Trd, 4318645.193, 114
Trd, 4318645.243, 109
Trd, 4318646.543, 118
Trd, 4318647.543, 137
Trd, 4318648.043, 138
Trd, 4318649.143, 137
Trd, 4318649.393, 133
Trd, 4318649.993, 107
Trd, 4318650.293, 79
Trd, 4318650.593, 136
Trd, 4318651.193, 139
Trd, 4318652.193, 60
Trd, 4318652.843, 137
Trd, 4318653.993, 92
Trd, 4318654.493, 127
Trd, 4318655.893, 138
Trd, 4318656.243, 133
Trd, 4318656.693, 126
Trd, 4318656.743, 117
Trd, 4318657.643, 138
Trd, 4318658.693, 114
Trd, 4318659.593, 139
Trd, 4318659.943, 140
Trd, 4318660.243, 99
Trd, 4318660.793, 79
Trd, 4318662.093, 83
Trd, 4318662.293, 97
Trd, 4318664.243, 140
Trd, 4318664.693, 137
Trd, 4318665.493, 137
Trd, 4318665.993, 140
Trd, 4318666.443, 139
Trd, 4318666.543, 125
Trd, 4318667.243, 71
Trd, 4318667.693, 64
Trd, 4318668.443, 64
Trd, 4318669.143, 140
Trd, 4318670.043, 135
Trd, 4318670.093, 123
Trd, 4318671.293, 104
Trd, 4318671.643, 118
Trd, 4318672.343, 70
Trd, 4318672.843, 133
Trd, 4318673.243, 133
Trd, 4318674.293, 137
Trd, 4318675.043, 121
Trd, 4318675.693, 118
Trd, 4318675.793, 85
Trd, 4318676.193, 122
Trd, 4318676.593, 131
Trd, 4318677.393, 122
Trd, 4318677.893, 126
Trd, 4318678.243, 68
Trd, 4318680.743, 138
Trd, 4318681.093, 134
Trd, 4318681.243, 133
Trd, 4318681.943, 131
Trd, 4318683.093, 103
Trd, 4318683.393, 125
Trd, 4318683.893, 137
Trd, 4318684.143, 90
Trd, 4318685.743, 139
Trd, 4318685.893, 67
Trd, 4318685.993, 66
Trd, 4318686.493, 112
Trd, 4318686.993, 70
Trd, 4318687.193, 72
Trd, 4318687.243, 139
Trd, 4318688.693, 140
Trd, 4318688.743, 138
Trd, 4318689.143, 63
Trd, 4318692.193, 60
Trd, 4318693.093, 60
Trd, 4318693.243, 60
Trd, 4318693.793, 60
Trd, 4318694.943, 60
Trd, 4318695.243, 61
Trd, 4318695.843, 62
Trd, 4318696.743, 61
Trd, 4318697.443, 60
Trd, 4318697.693, 65
Trd, 4318698.243, 77
Trd, 4318699.143, 74
Trd, 4318699.643, 137
Trd, 4318700.693, 140
Trd, 4318700.843, 140
Trd, 4318701.943, 139
Trd, 4318702.343, 93
Trd, 4318702.393, 87
Trd, 4318703.143, 87
Trd, 4318704.443, 132
Trd, 4318704.543, 102
Trd, 4318705.293, 137
Trd, 4318705.543, 83
Trd, 4318706.343, 140
Trd, 4318706.743, 135
Trd, 4318708.043, 140
Trd, 4318708.393, 84
Trd, 4318708.593, 86
Trd, 4318709.443, 136
Trd, 4318710.143, 126
Trd, 4318710.643, 126
Trd, 4318710.693, 125
Trd, 4318711.093, 124
Trd, 4318712.543, 140
Trd, 4318712.743, 140
Trd, 4318713.193, 132
Trd, 4318713.743, 124
Trd, 4318714.493, 107
Trd, 4318714.743, 73
Trd, 4318715.893, 135
Trd, 4318716.443, 140
Trd, 4318716.993, 132
Trd, 4318717.593, 140
Trd, 4318717.793, 132
Trd, 4318718.393, 62
Trd, 4318719.693, 137
Trd, 4318719.993, 83
Trd, 4318720.193, 140
Trd, 4318722.193, 140
Trd, 4318722.993, 112
Trd, 4318723.293, 139
Trd, 4318724.343, 137
Trd, 4318724.543, 90
Trd, 4318724.693, 137
Trd, 4318725.093, 70
Trd, 4318725.993, 71
Trd, 4318727.643, 61
Trd, 4318728.293, 62
Trd, 4318728.893, 70
Trd, 4318728.943, 79
Trd, 4318730.193, 61
Trd, 4318730.593, 65
Trd, 4318730.843, 60
Trd, 4318732.643, 61
Trd, 4318733.043, 75
Trd, 4318734.093, 63
Trd, 4318736.443, 140
Trd, 4318736.543, 140
Trd, 4318737.243, 83
Trd, 4318737.293, 96
Trd, 4318738.043, 62
Trd, 4318738.893, 61
Trd, 4318740.143, 70
Trd, 4318740.843, 61
Trd, 4318740.893, 71
Trd, 4318742.093, 126
Trd, 4318742.293, 124
Trd, 4318743.093, 140
Trd, 4318743.543, 139
Trd, 4318743.893, 139
Trd, 4318745.093, 133
Trd, 4318745.493, 137
Trd, 4318745.793, 140
Trd, 4318746.293, 120
Trd, 4318746.493, 119
Trd, 4318746.643, 118
Trd, 4318747.043, 117
Trd, 4318747.443, 101
Trd, 4318747.643, 83
Trd, 4318748.693, 86
Trd, 4318749.043, 64
Trd, 4318751.043, 140
Trd, 4318751.443, 140
Trd, 4318751.693, 126
Trd, 4318752.093, 70
Trd, 4318754.193, 138
Trd, 4318755.043, 133
Trd, 4318755.143, 127
Trd, 4318755.843, 105
Trd, 4318757.243, 135
Trd, 4318758.593, 140
Trd, 4318759.143, 139
Trd, 4318759.343, 139
Trd, 4318759.593, 113
Trd, 4318760.743, 130
Trd, 4318760.993, 133
Trd, 4318761.343, 103
Trd, 4318762.743, 75
Trd, 4318763.543, 138
Trd, 4318763.693, 88
Trd, 4318765.093, 64
Trd, 4318765.543, 66
Trd, 4318766.693, 140
Trd, 4318766.743, 140
Trd, 4318767.243, 120
Trd, 4318768.043, 73
Trd, 4318769.393, 72
Trd, 4318770.143, 96
Trd, 4318770.543, 112
Trd, 4318770.843, 139
Trd, 4318771.343, 140
Trd, 4318771.743, 74
Trd, 4318772.543, 92
Trd, 4318772.843, 120
Trd, 4318773.693, 117
Trd, 4318774.743, 116
Trd, 4318775.293, 97
Trd, 4318775.893, 72
Trd, 4318776.443, 62
Trd, 4318777.493, 61
Trd, 4318778.193, 66
Trd, 4318778.493, 60
Trd, 4318778.743, 68
Trd, 4318779.193, 68
Trd, 4318781.543, 121
Trd, 4318781.743, 121
Trd, 4318782.693, 111
Trd, 4318783.043, 123
Trd, 4318783.343, 110
Trd, 4318785.093, 136
Trd, 4318785.343, 110
Trd, 4318786.493, 91
Trd, 4318786.643, 86
Trd, 4318787.243, 140
Trd, 4318788.493, 75
Trd, 4318789.643, 61
Trd, 4318790.843, 72
Trd, 4318790.993, 73
Trd, 4318791.343, 140
Trd, 4318792.443, 138
Trd, 4318792.693, 135
Trd, 4318793.743, 136
Trd, 4318793.843, 129
Trd, 4318794.593, 73
Trd, 4318794.743, 86
Trd, 4318795.193, 133
Trd, 4318796.243, 139
Trd, 4318796.543, 90
Trd, 4318797.993, 140
Trd, 4318799.043, 140
Trd, 4318799.743, 140
Trd, 4318799.793, 140
Trd, 4318799.843, 109
Trd, 4318801.043, 139
Trd, 4318801.593, 111
Trd, 4318802.443, 129
Trd, 4318802.643, 93
Trd, 4318802.943, 91
Trd, 4318803.393, 118
Trd, 4318803.943, 137
Trd, 4318803.993, 119
Trd, 4318805.593, 99
Trd, 4318806.243, 99
Trd, 4318807.043, 139
Trd, 4318807.243, 124
Trd, 4318809.443, 130
Trd, 4318809.493, 126
Trd, 4318809.593, 121
Trd, 4318810.443, 67
Trd, 4318811.243, 138
Trd, 4318811.943, 76
Trd, 4318813.093, 65
Trd, 4318813.643, 61
Trd, 4318814.043, 72
Trd, 4318814.693, 93
Trd, 4318816.343, 140
Trd, 4318816.843, 140
Trd, 4318817.043, 138
Trd, 4318817.593, 65
Trd, 4318817.743, 71
Trd, 4318818.143, 81
Trd, 4318819.043, 126
Trd, 4318819.593, 64
Trd, 4318820.043, 126
Trd, 4318820.593, 140
Trd, 4318821.393, 140
Trd, 4318821.543, 139
Trd, 4318822.093, 138
Trd, 4318822.693, 132
Trd, 4318823.393, 77
Trd, 4318824.843, 139
Trd, 4318825.893, 127
Trd, 4318825.993, 122
Trd, 4318826.243, 122
Trd, 4318826.443, 121
Trd, 4318826.593, 140
Trd, 4318827.743, 69
Trd, 4318828.393, 96
Trd, 4318828.993, 67
Trd, 4318830.543, 60
Trd, 4318830.693, 60
Trd, 4318830.943, 60
Trd, 4318831.293, 66
Trd, 4318832.143, 68
Trd, 4318833.093, 61
Trd, 4318833.493, 61
Trd, 4318833.693, 72
Trd, 4318834.343, 138
Trd, 4318834.843, 62
Trd, 4318835.643, 93
Trd, 4318835.793, 92
Trd, 4318836.693, 95
Trd, 4318837.493, 120
Trd, 4318837.693, 119
Trd, 4318838.043, 95
Trd, 4318838.143, 85
Trd, 4318839.443, 62
Trd, 4318839.843, 82
Trd, 4318840.693, 64
Trd, 4318840.893, 66
Trd, 4318841.643, 131
Trd, 4318841.943, 140
Trd, 4318842.293, 140
Trd, 4318842.643, 135
Trd, 4318842.743, 87
Trd, 4318843.993, 139
Trd, 4318845.543, 139
Trd, 4318845.593, 137
Trd, 4318845.843, 139
Trd, 4318846.743, 130
Trd, 4318846.943, 129
Trd, 4318847.693, 114
Trd, 4318848.393, 65
Trd, 4318848.643, 66
Trd, 4318849.193, 88
Trd, 4318849.993, 140
Trd, 4318851.193, 137
Trd, 4318851.243, 62
Trd, 4318852.643, 131
Trd, 4318852.993, 130
Trd, 4318853.193, 127
Trd, 4318854.693, 140
Trd, 4318855.243, 131
Trd, 4318855.293, 123
Trd, 4318857.043, 60
Trd, 4318857.243, 61
Trd, 4318857.643, 62
Trd, 4318858.043, 60
Trd, 4318858.893, 68
Trd, 4318859.593, 61
Trd, 4318860.293, 66
Trd, 4318861.493, 90
Trd, 4318862.743, 61
Trd, 4318863.393, 65
Trd, 4318863.443, 73
Trd, 4318863.743, 129
Trd, 4318864.493, 61
Trd, 4318864.743, 72
Trd, 4318865.343, 60
Trd, 4318865.593, 87
Trd, 4318866.893, 121
Trd, 4318867.643, 139
Trd, 4318868.343, 64
Trd, 4318869.343, 65
Trd, 4318869.943, 68
Trd, 4318871.293, 81
Trd, 4318871.993, 140
Trd, 4318872.343, 137
Trd, 4318872.593, 138
Trd, 4318872.993, 135
Trd, 4318873.093, 133
Trd, 4318873.443, 140
Trd, 4318873.593, 139
Trd, 4318875.843, 62
Trd, 4318875.893, 111
Trd, 4318876.943, 78
Trd, 4318877.443, 140
Trd, 4318877.893, 140
Trd, 4318878.593, 140
Trd, 4318879.643, 140
Trd, 4318879.693, 140
Trd, 4318879.743, 83
Trd, 4318880.343, 66
Trd, 4318881.143, 133
Trd, 4318882.693, 111
Trd, 4318882.793, 138
Trd, 4318883.143, 115
Trd, 4318883.793, 112
Trd, 4318885.243, 138
Trd, 4318885.743, 78
Trd, 4318886.943, 123
Trd, 4318887.543, 101
Trd, 4318887.593, 82
Trd, 4318888.493, 140
Trd, 4318889.093, 121
Trd, 4318889.593, 140
Trd, 4318889.893, 140
Trd, 4318890.193, 117
Trd, 4318892.243, 139
Trd, 4318892.293, 134
Trd, 4318893.143, 132
Trd, 4318893.593, 126
Trd, 4318893.793, 95
Trd, 4318893.943, 133
Trd, 4318894.093, 61
Trd, 4318894.793, 85
Trd, 4318895.543, 64
Trd, 4318895.643, 64
Trd, 4318896.493, 133
Trd, 4318896.843, 132
Trd, 4318897.143, 112
Trd, 4318898.543, 137
Trd, 4318900.193, 140
Trd, 4318900.493, 139
Trd, 4318902.293, 140
Trd, 4318902.593, 139
Trd, 4318902.793, 138
Trd, 4318903.593, 140
Trd, 4318903.993, 140
Trd, 4318904.593, 139
Trd, 4318905.193, 135
Trd, 4318905.243, 103
Trd, 4318906.143, 140
Trd, 4318906.893, 130
Trd, 4318907.443, 116
Trd, 4318908.593, 140
Trd, 4318908.893, 109
Trd, 4318909.143, 111
Trd, 4318909.693, 110
Trd, 4318909.993, 97
Trd, 4318910.793, 118
Trd, 4318911.793, 120
Trd, 4318913.393, 140
Trd, 4318913.493, 140
Trd, 4318914.093, 140
Trd, 4318914.843, 138
Trd, 4318914.993, 131
Trd, 4318915.393, 102
Trd, 4318916.393, 137
Trd, 4318916.943, 134
Trd, 4318918.443, 134
Trd, 4318918.693, 131
Trd, 4318919.893, 140
Trd, 4318919.943, 87
Trd, 4318920.643, 138
Trd, 4318920.893, 138
Trd, 4318921.143, 137
Trd, 4318921.693, 124
Trd, 4318922.143, 140
Trd, 4318922.343, 135
Trd, 4318923.143, 119
Trd, 4318924.393, 79
Trd, 4318925.843, 140
Trd, 4318925.943, 78
Trd, 4318927.193, 90
Trd, 4318927.343, 89
Trd, 4318927.593, 67
Trd, 4318928.043, 68
Trd, 4318928.643, 128
Trd, 4318930.143, 131
Trd, 4318932.693, 133
Trd, 4318932.943, 129
Trd, 4318933.443, 135
Trd, 4318933.493, 118
Trd, 4318935.443, 140
Trd, 4318935.493, 140
Trd, 4318935.593, 139
Trd, 4318935.893, 138
Trd, 4318936.493, 127
Trd, 4318936.743, 82
Trd, 4318937.993, 60
Trd, 4318939.143, 60
Trd, 4318939.943, 63
Trd, 4318939.993, 67
Trd, 4318940.493, 66
Trd, 4318941.493, 60
Trd, 4318942.093, 60
Trd, 4318942.143, 68
Trd, 4318943.293, 123
Trd, 4318943.643, 137
Trd, 4318945.793, 60
Trd, 4318946.043, 63
Trd, 4318946.493, 78
Trd, 4318947.443, 67
Trd, 4318948.443, 62
Trd, 4318948.893, 61
Trd, 4318949.293, 66
Trd, 4318950.343, 63
Trd, 4318950.643, 105
Trd, 4318951.593, 71
Trd, 4318951.743, 110
Trd, 4318952.943, 60
Trd, 4318952.993, 63
Trd, 4318953.393, 64
Trd, 4318953.643, 131
Trd, 4318954.343, 137
Trd, 4318954.693, 92
Trd, 4318954.993, 123
Trd, 4318956.843, 131
Trd, 4318957.243, 140
Trd, 4318957.943, 116
Trd, 4318958.193, 115
Trd, 4318959.243, 124
Trd, 4318959.343, 104
Trd, 4318959.943, 139
Trd, 4318960.043, 108
Trd, 4318960.493, 77
Trd, 4318961.343, 140
Trd, 4318961.643, 115
Trd, 4318962.193, 137
Trd, 4318963.143, 140
Trd, 4318963.343, 135
Trd, 4318963.893, 139
Trd, 4318964.193, 135
Trd, 4318966.443, 123
Trd, 4318966.543, 78
Trd, 4318966.743, 77
Trd, 4318968.443, 140
Trd, 4318969.093, 140
Trd, 4318969.243, 135
Trd, 4318970.593, 140
Trd, 4318970.693, 135
Trd, 4318971.043, 113
Trd, 4318971.893, 86
Trd, 4318972.393, 138
Trd, 4318972.893, 140
Trd, 4318973.293, 67
Trd, 4318974.093, 64
Trd, 4318974.393, 116
Trd, 4318974.993, 139
Trd, 4318975.543, 138
Trd, 4318975.593, 116
Trd, 4318975.693, 114
Trd, 4318976.443, 119
Trd, 4318977.393, 134
Trd, 4318979.143, 139
Trd, 4318979.393, 137
Trd, 4318980.393, 139
Trd, 4318981.443, 118
Trd, 4318981.793, 136
Trd, 4318982.093, 98
Trd, 4318983.143, 123
Trd, 4318983.193, 87
Trd, 4318983.393, 61
Trd, 4318985.043, 140
Trd, 4318985.093, 140
Trd, 4318985.393, 124
Trd, 4318985.543, 96
Trd, 4318986.093, 112
Trd, 4318987.143, 140
Trd, 4318988.343, 140
Trd, 4318989.143, 140
Trd, 4318989.293, 136
Trd, 4318989.543, 132
Trd, 4318990.543, 140
Trd, 4318990.993, 138
Trd, 4318991.243, 124
Trd, 4318991.693, 126
Trd, 4318992.643, 128
Trd, 4318993.543, 127
Trd, 4318994.243, 137
Trd, 4318994.643, 120
Trd, 4318995.493, 136
Trd, 4318995.743, 135
Trd, 4318996.693, 130
Trd, 4318996.993, 128
Trd, 4318997.593, 130
Trd, 4318997.843, 140
Trd, 4318998.043, 102
Trd, 4318999.093, 135
Trd, 4318999.643, 118
Trd, 4319000.543, 116
Trd, 4319002.143, 139
Trd, 4319002.443, 140
Trd, 4319002.843, 138
Trd, 4319002.893, 122
Trd, 4319003.343, 137
Trd, 4319004.493, 127
Trd, 4319004.893, 136
Trd, 4319004.943, 118
Trd, 4319005.293, 112
Trd, 4319006.293, 115
Trd, 4319006.693, 60
Trd, 4319008.393, 61
Trd, 4319009.293, 60
Trd, 4319009.443, 67
Trd, 4319009.993, 126
Trd, 4319011.543, 108
Trd, 4319011.593, 106
Trd, 4319011.943, 115
Trd, 4319012.243, 136
Trd, 4319013.943, 116
Trd, 4319014.443, 115
Trd, 4319014.843, 109
Trd, 4319015.243, 135
Trd, 4319015.493, 100
Trd, 4319016.343, 108
Trd, 4319017.043, 135
Trd, 4319017.543, 135
Trd, 4319018.243, 134
Trd, 4319018.793, 134
Trd, 4319019.943, 132
Trd, 4319020.043, 132
Trd, 4319020.793, 123
Trd, 4319021.093, 139
Trd, 4319021.893, 122
Trd, 4319021.943, 108
Trd, 4319022.293, 64
Trd, 4319023.443, 139
Trd, 4319024.343, 60
Trd, 4319024.743, 85
Trd, 4319025.243, 120
Trd, 4319025.743, 64
Trd, 4319026.593, 114
Trd, 4319027.443, 111
Trd, 4319028.793, 137
Trd, 4319029.493, 136
Trd, 4319029.893, 139
Trd, 4319030.143, 108
Trd, 4319030.193, 95
Trd, 4319030.843, 140
Trd, 4319031.143, 104
Trd, 4319031.993, 136
Trd, 4319033.743, 130
Trd, 4319034.143, 129
Trd, 4319034.943, 139
Trd, 4319036.043, 119
Trd, 4319036.093, 105
Trd, 4319036.543, 138
Trd, 4319037.343, 133
Trd, 4319037.393, 101
Trd, 4319037.493, 140
Trd, 4319038.843, 104
Trd, 4319039.793, 125
Trd, 4319040.893, 137
Trd, 4319041.093, 134
Trd, 4319041.893, 133
Trd, 4319042.193, 126
Trd, 4319042.293, 139
Trd, 4319042.793, 66
Trd, 4319043.193, 96
Trd, 4319043.293, 93
Trd, 4319045.043, 137
Trd, 4319045.293, 90
Trd, 4319045.793, 136
Trd, 4319046.743, 84
Trd, 4319047.793, 138
Trd, 4319047.993, 137
Trd, 4319049.743, 70
Trd, 4319050.293, 65
Trd, 4319050.343, 106
Trd, 4319050.793, 94
Trd, 4319052.043, 62
Trd, 4319052.243, 139
Trd, 4319052.743, 97
Trd, 4319052.893, 85
Trd, 4319053.543, 139
Trd, 4319053.593, 129
Trd, 4319054.293, 81
Trd, 4319054.793, 81
Trd, 4319055.243, 79
Trd, 4319057.093, 139
Trd, 4319057.193, 138
Trd, 4319057.293, 135
Trd, 4319057.943, 115
Trd, 4319058.993, 79
Trd, 4319059.593, 74
Trd, 4319060.143, 118
Trd, 4319060.643, 76
Trd, 4319061.593, 139
Trd, 4319061.993, 133
Trd, 4319062.593, 125
Trd, 4319063.343, 131
Trd, 4319064.293, 131
Trd, 4319064.693, 62
Trd, 4319064.993, 107
Trd, 4319066.443, 135
Trd, 4319066.643, 104
Trd, 4319066.943, 134
Trd, 4319067.393, 130
Trd, 4319068.393, 111
Trd, 4319069.143, 106
Trd, 4319069.243, 104
Trd, 4319069.493, 80
Trd, 4319069.543, 79
Trd, 4319070.443, 68
Trd, 4319071.943, 140
Trd, 4319071.993, 140
Trd, 4319073.343, 62
Trd, 4319074.543, 63
Trd, 4319076.243, 71
Trd, 4319076.493, 68
Trd, 4319076.993, 107
Trd, 4319077.343, 118
Trd, 4319077.643, 103
Trd, 4319077.693, 102
Trd, 4319077.893, 93
Trd, 4319079.193, 60
Trd, 4319080.693, 66
Trd, 4319082.443, 61
Trd, 4319082.693, 138
Trd, 4319082.843, 137
Trd, 4319083.943, 139
Trd, 4319084.543, 117
Trd, 4319085.493, 134
Trd, 4319086.093, 116
Trd, 4319087.693, 60
Trd, 4319087.843, 66
Trd, 4319088.343, 76
Trd, 4319089.043, 96
Trd, 4319090.343, 138
Trd, 4319090.743, 136
Trd, 4319092.393, 137
Trd, 4319092.443, 128
Trd, 4319092.743, 119
Trd, 4319093.143, 140
Trd, 4319093.343, 139
Trd, 4319093.593, 107
Trd, 4319094.043, 87
Trd, 4319094.793, 139
Trd, 4319095.993, 140
Trd, 4319096.743, 140
Trd, 4319096.893, 134
Trd, 4319098.043, 136
Trd, 4319098.093, 132
Trd, 4319098.593, 130
Trd, 4319100.393, 140
Trd, 4319101.243, 138
Trd, 4319102.693, 140
Trd, 4319102.943, 138
Trd, 4319103.543, 118
Trd, 4319104.243, 139
Trd, 4319104.643, 125
Trd, 4319105.393, 139
Trd, 4319105.593, 137
Trd, 4319106.593, 138
Trd, 4319106.993, 92
Trd, 4319107.993, 132
Trd, 4319108.043, 117
Trd, 4319109.093, 115
Trd, 4319109.593, 60
Trd, 4319110.093, 95
Trd, 4319111.943, 62
Trd, 4319112.743, 61
Trd, 4319112.793, 62
Trd, 4319113.393, 65
Trd, 4319113.993, 60
Trd, 4319114.393, 61
Trd, 4319115.793, 61
Trd, 4319115.993, 66
Trd, 4319116.293, 135
Trd, 4319116.593, 102
Trd, 4319117.193, 62
Trd, 4319118.893, 66
Trd, 4319119.593, 139
Trd, 4319119.893, 138
Trd, 4319121.093, 133
Trd, 4319122.393, 140
Trd, 4319122.593, 140
Trd, 4319122.693, 139
Trd, 4319123.443, 65
Trd, 4319124.193, 67
Trd, 4319125.043, 128
Trd, 4319125.893, 90
Trd, 4319126.143, 61
Trd, 4319127.043, 103
Trd, 4319127.543, 137
Trd, 4319128.593, 140
Trd, 4319128.693, 137
Trd, 4319128.793, 126
Trd, 4319129.393, 134
Trd, 4319129.443, 134
Trd, 4319130.793, 135
Trd, 4319131.793, 63
Trd, 4319132.543, 67
Trd, 4319132.893, 97
Trd, 4319133.143, 61
Trd, 4319133.993, 61
Trd, 4319134.143, 77
Trd, 4319135.443, 60
Trd, 4319135.593, 61
Trd, 4319135.793, 61
Trd, 4319136.193, 60
Trd, 4319136.243, 60
Trd, 4319137.893, 112
Trd, 4319139.993, 138
Trd, 4319141.443, 114
Trd, 4319142.093, 140
Trd, 4319143.143, 140
Trd, 4319143.243, 140
Trd, 4319143.493, 132
Trd, 4319143.643, 86
Trd, 4319143.893, 78
Trd, 4319144.643, 137
Trd, 4319146.593, 140
Trd, 4319146.843, 139
Trd, 4319147.693, 134
Trd, 4319147.743, 124
Trd, 4319149.193, 138
Trd, 4319149.343, 131
Trd, 4319149.493, 102
Trd, 4319149.993, 74
Trd, 4319151.343, 124
Trd, 4319152.343, 140
Trd, 4319152.693, 140
Trd, 4319152.743, 140
Trd, 4319153.943, 88
Trd, 4319154.443, 138
Trd, 4319155.593, 102
Trd, 4319155.843, 135
Trd, 4319156.893, 102
Trd, 4319157.093, 113
Trd, 4319157.243, 88
Trd, 4319158.593, 102
Trd, 4319158.943, 64
Trd, 4319159.493, 60
Trd, 4319160.693, 137
Trd, 4319160.893, 125
Trd, 4319162.093, 60
Trd, 4319162.393, 60
Trd, 4319163.293, 140
Trd, 4319163.543, 139
Trd, 4319164.193, 116
Trd, 4319165.393, 138
Trd, 4319166.093, 139
Trd, 4319167.693, 131
Trd, 4319167.893, 140
Trd, 4319168.193, 95
Trd, 4319168.843, 64
Trd, 4319169.793, 107
Trd, 4319169.893, 102
Trd, 4319170.443, 63
Trd, 4319170.543, 63
Trd, 4319172.693, 139
Trd, 4319173.243, 136
Trd, 4319173.893, 140
Trd, 4319174.893, 140
Trd, 4319175.393, 139
Trd, 4319175.543, 123
Trd, 4319176.493, 102
Trd, 4319176.643, 101
Trd, 4319176.693, 66
Trd, 4319177.793, 140
Trd, 4319178.693, 138
Trd, 4319179.043, 132
Trd, 4319179.593, 116
Trd, 4319179.643, 69
Trd, 4319180.793, 140
Trd, 4319182.293, 140
Trd, 4319182.693, 140
Trd, 4319183.343, 138
Trd, 4319183.443, 137
Trd, 4319183.493, 135
Trd, 4319184.543, 70
Trd, 4319185.293, 132
Trd, 4319185.893, 136
Trd, 4319187.993, 134
Trd, 4319188.643, 111
Trd, 4319188.893, 102
Trd, 4319189.393, 111
Trd, 4319189.943, 96
Trd, 4319190.493, 140
Trd, 4319191.343, 60
Trd, 4319192.093, 132
Trd, 4319192.593, 92
Trd, 4319192.993, 67
Trd, 4319194.043, 62
Trd, 4319194.293, 69
Trd, 4319194.543, 109
Trd, 4319195.043, 61
Trd, 4319197.143, 65
Trd, 4319197.693, 61
Trd, 4319197.943, 70
Trd, 4319198.693, 120
Trd, 4319199.343, 121
Trd, 4319199.743, 117
Trd, 4319200.193, 140
Trd, 4319200.293, 139
Trd, 4319200.843, 63
Trd, 4319201.493, 126
Trd, 4319202.243, 62
Trd, 4319203.193, 111
Trd, 4319203.993, 139
Trd, 4319204.593, 135
Trd, 4319205.543, 140
Trd, 4319206.793, 139
Trd, 4319207.343, 137
Trd, 4319207.643, 139
Trd, 4319207.843, 133
Trd, 4319208.693, 127
Trd, 4319209.243, 119
Trd, 4319210.843, 121
Trd, 4319211.043, 120
Trd, 4319211.143, 116
Trd, 4319212.343, 140
Trd, 4319213.143, 119
Trd, 4319213.343, 109
Trd, 4319215.143, 139
Trd, 4319215.193, 117
Trd, 4319215.243, 81
Trd, 4319215.893, 61
Trd, 4319217.893, 66
Trd, 4319218.343, 138
Trd, 4319218.393, 137
Trd, 4319219.043, 140
Trd, 4319219.743, 129
Trd, 4319220.443, 62
Trd, 4319221.693, 65
Trd, 4319222.093, 67
Trd, 4319222.543, 130
Trd, 4319223.043, 64
Trd, 4319224.393, 61
Trd, 4319224.843, 109
Trd, 4319225.693, 62
Trd, 4319226.393, 66
Trd, 4319226.993, 139
Trd, 4319228.193, 61
Trd, 4319229.343, 139
Trd, 4319229.493, 138
Trd, 4319230.693, 133
Trd, 4319231.393, 125
Trd, 4319232.043, 125
Trd, 4319232.593, 84
Trd, 4319233.243, 62
Trd, 4319233.643, 137
Trd, 4319234.543, 123
Trd, 4319235.793, 107
Trd, 4319236.493, 140
Trd, 4319236.893, 104
Trd, 4319238.043, 133
Trd, 4319238.193, 131
Trd, 4319239.043, 126
Trd, 4319239.593, 129
Trd, 4319239.793, 128
Trd, 4319240.143, 121
Trd, 4319240.593, 86
Trd, 4319242.243, 63
Trd, 4319242.993, 60
Trd, 4319243.193, 61
Trd, 4319243.243, 67
Trd, 4319243.593, 140
Trd, 4319244.093, 139
Trd, 4319244.293, 110
Trd, 4319244.743, 140
Trd, 4319244.793, 115
Trd, 4319245.493, 63
Trd, 4319247.193, 61
Trd, 4319247.293, 70
Trd, 4319249.043, 60
Trd, 4319249.443, 60
Trd, 4319249.743, 61
Trd, 4319250.493, 60
Trd, 4319250.943, 61
Trd, 4319251.543, 76
Trd, 4319252.093, 127
Trd, 4319252.493, 107
Trd, 4319252.693, 93
Trd, 4319255.443, 60
Trd, 4319255.793, 65
Trd, 4319256.993, 70
Trd, 4319257.993, 60
Trd, 4319258.243, 60
Trd, 4319258.543, 86
Trd, 4319258.893, 62
Trd, 4319259.193, 60
Trd, 4319260.193, 137
Trd, 4319261.193, 133
Trd, 4319261.393, 130
Trd, 4319261.493, 129
Trd, 4319262.043, 105
Trd, 4319262.543, 140
Trd, 4319263.093, 114
Trd, 4319263.193, 113
Trd, 4319264.693, 138
Trd, 4319265.343, 140
Trd, 4319266.143, 140
Trd, 4319267.093, 133
Trd, 4319267.943, 130
Trd, 4319268.243, 137
Trd, 4319268.793, 115
Trd, 4319268.843, 90
Trd, 4319269.693, 140
Trd, 4319270.243, 128
Trd, 4319271.693, 115
Trd, 4319271.893, 114
Trd, 4319272.643, 111
Trd, 4319273.343, 138
Trd, 4319273.943, 123
Trd, 4319274.043, 72
Trd, 4319275.043, 140
Trd, 4319275.193, 140
Trd, 4319275.493, 139
Trd, 4319277.043, 140
Trd, 4319277.493, 139
Trd, 4319277.893, 134
Trd, 4319279.793, 136
Trd, 4319279.943, 118
Trd, 4319280.293, 60
Trd, 4319280.893, 140
Trd, 4319281.443, 140
Trd, 4319281.493, 74
Trd, 4319281.743, 64
Trd, 4319282.093, 72
Trd, 4319282.843, 60
Trd, 4319283.493, 79
Trd, 4319284.493, 60
Trd, 4319285.293, 65
Trd, 4319285.343, 73
Trd, 4319285.943, 138
Trd, 4319288.043, 61
Trd, 4319288.493, 61
Trd, 4319289.543, 139
Trd, 4319289.643, 63
Trd, 4319290.093, 139
Trd, 4319291.743, 61
Trd, 4319292.143, 77
Trd, 4319292.443, 83
Trd, 4319292.743, 104
Trd, 4319293.493, 62
Trd, 4319293.693, 72
Trd, 4319295.743, 140
Trd, 4319295.843, 137
Trd, 4319296.143, 107
Trd, 4319296.843, 131
Trd, 4319296.893, 106
Trd, 4319296.993, 113
Trd, 4319298.343, 83
Trd, 4319298.443, 88
Trd, 4319299.743, 140
Trd, 4319300.393, 123
Trd, 4319301.243, 115
Trd, 4319301.293, 78
Trd, 4319302.043, 129
Trd, 4319302.743, 139
Trd, 4319303.043, 138
Trd, 4319303.643, 92
Trd, 4319304.093, 81
Trd, 4319304.943, 101
Trd, 4319305.393, 139
Trd, 4319305.943, 113
Trd, 4319306.543, 139
Trd, 4319307.843, 60
Trd, 4319308.843, 60
Trd, 4319309.643, 62
Trd, 4319310.893, 62
Trd, 4319311.593, 63
Trd, 4319312.143, 60
Trd, 4319312.343, 61
Trd, 4319312.393, 81
Trd, 4319312.943, 85
Trd, 4319313.793, 68
Trd, 4319314.243, 70
Trd, 4319315.193, 140
Trd, 4319316.043, 137
Trd, 4319316.693, 136
Trd, 4319317.293, 124
Trd, 4319317.893, 60
Trd, 4319318.793, 63
Trd, 4319319.993, 60
Trd, 4319320.493, 68
Trd, 4319320.743, 62
Trd, 4319321.343, 75
Trd, 4319322.043, 63
Trd, 4319322.943, 62
Trd, 4319323.893, 137
Trd, 4319323.993, 114
Trd, 4319326.143, 128
Trd, 4319327.343, 122
Trd, 4319327.893, 135
Trd, 4319327.943, 94
Trd, 4319328.093, 86
Trd, 4319328.743, 82
Trd, 4319329.293, 136
Trd, 4319330.493, 138
Trd, 4319330.793, 132
Trd, 4319330.993, 68
Trd, 4319331.393, 68
Trd, 4319331.843, 62
Trd, 4319332.043, 66
Trd, 4319333.393, 129
Trd, 4319333.893, 60
Trd, 4319334.743, 66
Trd, 4319334.793, 68
Trd, 4319336.593, 60
Trd, 4319337.643, 138
Trd, 4319338.193, 138
Trd, 4319338.793, 133
Trd, 4319339.293, 60
Trd, 4319340.143, 136
Trd, 4319340.493, 136
Trd, 4319341.243, 135
Trd, 4319342.293, 93
Trd, 4319342.943, 122
Trd, 4319343.993, 75
Trd, 4319344.793, 71
Trd, 4319345.393, 136
Trd, 4319345.543, 96
Trd, 4319346.943, 135
Trd, 4319347.493, 118
Trd, 4319347.693, 138
Trd, 4319347.993, 64
Trd, 4319348.293, 83
Trd, 4319348.843, 129
Trd, 4319349.643, 129
Trd, 4319350.393, 122
Trd, 4319351.543, 132
Trd, 4319351.843, 114
Trd, 4319352.493, 130
Trd, 4319352.843, 138
Trd, 4319352.893, 130
Trd, 4319353.043, 128
Trd, 4319353.543, 127
Trd, 4319354.643, 61
Trd, 4319354.943, 66
Trd, 4319355.693, 115
Trd, 4319355.893, 71
Trd, 4319356.293, 60
Trd, 4319356.693, 73
Trd, 4319359.243, 60
Trd, 4319359.443, 85
Trd, 4319359.893, 87
Trd, 4319361.143, 63
Trd, 4319361.443, 61
Trd, 4319362.043, 105
Trd, 4319362.293, 137
Trd, 4319362.393, 78
Trd, 4319362.943, 60
Trd, 4319363.743, 138
Trd, 4319364.593, 71
Trd, 4319365.693, 61
Trd, 4319366.693, 60
Trd, 4319366.793, 63
Trd, 4319367.193, 68
Trd, 4319368.443, 62
Trd, 4319368.993, 108
Trd, 4319369.693, 65
Trd, 4319369.793, 61
Trd, 4319370.793, 123
Trd, 4319371.093, 129
Trd, 4319371.493, 70
Trd, 4319371.793, 133
Trd, 4319372.343, 65
Trd, 4319373.893, 83
Trd, 4319374.093, 63
Trd, 4319374.993, 139
Trd, 4319375.393, 106
Trd, 4319375.793, 140
Trd, 4319375.943, 140
Trd, 4319377.793, 140
Trd, 4319377.943, 140
Trd, 4319378.293, 126
Trd, 4319379.193, 138
Trd, 4319379.893, 140
Trd, 4319379.943, 140
Trd, 4319380.543, 135
Trd, 4319381.443, 140
Trd, 4319381.943, 140
Trd, 4319381.993, 116
Trd, 4319383.093, 87
Trd, 4319383.893, 125
Trd, 4319385.543, 137
Trd, 4319386.543, 137
Trd, 4319387.343, 139
Trd, 4319387.693, 138
Trd, 4319388.093, 136
Trd, 4319388.593, 140
Trd, 4319388.893, 133
Trd, 4319389.843, 138
Trd, 4319390.593, 110
Trd, 4319391.393, 139
Trd, 4319392.293, 138
Trd, 4319392.643, 137
Trd, 4319393.693, 138
Trd, 4319394.143, 135
Trd, 4319394.193, 95
Trd, 4319394.943, 133
Trd, 4319396.493, 129
Trd, 4319397.543, 114
Trd, 4319398.343, 140
Trd, 4319398.793, 110
Trd, 4319398.893, 88
Trd, 4319399.343, 126
Trd, 4319399.543, 138
Trd, 4319399.993, 140
Trd, 4319400.443, 124
Trd, 4319400.793, 134
Trd, 4319401.043, 133
Trd, 4319401.743, 103
Trd, 4319402.993, 111
Trd, 4319404.043, 129
Trd, 4319404.743, 140
Trd, 4319405.343, 118
Trd, 4319406.043, 88
Trd, 4319408.293, 137
Trd, 4319408.843, 139
Trd, 4319409.293, 136
Trd, 4319409.793, 135
Trd, 4319409.893, 133
Trd, 4319410.343, 68
Trd, 4319410.893, 79
Trd, 4319410.943, 110
Trd, 4319412.693, 139
Trd, 4319413.143, 114
Trd, 4319413.443, 62
Trd, 4319413.843, 60
Trd, 4319415.043, 61
Trd, 4319415.193, 71
Trd, 4319415.993, 122
Trd, 4319417.343, 139
Trd, 4319417.793, 119
Trd, 4319419.393, 85
Trd, 4319419.593, 84
Trd, 4319420.043, 100
Trd, 4319420.143, 81
Trd, 4319420.893, 62
Trd, 4319421.843, 139
Trd, 4319422.493, 105
Trd, 4319422.743, 134
Trd, 4319423.493, 116
Trd, 4319423.943, 119
Trd, 4319425.193, 134
Trd, 4319425.443, 60
Trd, 4319426.443, 63
Trd, 4319426.593, 63
Trd, 4319427.393, 72
Trd, 4319428.543, 87
Trd, 4319428.793, 134
Trd, 4319428.993, 60
Trd, 4319429.993, 65
Trd, 4319430.843, 71
Trd, 4319430.893, 136
Trd, 4319431.493, 139
Trd, 4319431.543, 137
Trd, 4319432.643, 122
Trd, 4319432.693, 120
Trd, 4319433.143, 139
Trd, 4319434.493, 130
Trd, 4319434.643, 68
Trd, 4319434.943, 72
Trd, 4319436.693, 140
Trd, 4319437.093, 127
Trd, 4319437.793, 100
Trd, 4319437.993, 133
Trd, 4319438.893, 123
Trd, 4319439.043, 131
Trd, 4319439.293, 82
Trd, 4319439.543, 65
Trd, 4319440.293, 138
Trd, 4319441.543, 131
Trd, 4319442.593, 140
Trd, 4319442.693, 140
Trd, 4319443.843, 99
Trd, 4319444.443, 81
Trd, 4319444.743, 77
Trd, 4319445.293, 62
Trd, 4319445.343, 86
Trd, 4319446.593, 123
Trd, 4319446.793, 122
Trd, 4319448.443, 139
Trd, 4319449.093, 120
Trd, 4319449.343, 119
Trd, 4319449.943, 131
Trd, 4319450.243, 119
Trd, 4319450.893, 118
Trd, 4319451.393, 98
Trd, 4319451.643, 74
Trd, 4319452.393, 136
Trd, 4319453.393, 138
Trd, 4319453.443, 120
Trd, 4319453.543, 81
Trd, 4319454.843, 140
Trd, 4319455.793, 136
Trd, 4319456.043, 95
Trd, 4319457.393, 130
Trd, 4319457.443, 127
Trd, 4319457.793, 128
Trd, 4319458.093, 66
Trd, 4319458.993, 117
Trd, 4319459.643, 76
Trd, 4319460.093, 135
Trd, 4319460.843, 69
Trd, 4319462.943, 69
Trd, 4319463.243, 123
Trd, 4319463.493, 61
Trd, 4319464.243, 76
Trd, 4319464.893, 91
Trd, 4319464.993, 90
Trd, 4319466.493, 64
Trd, 4319466.793, 77
Trd, 4319467.943, 139
Trd, 4319468.643, 139
Trd, 4319469.143, 137
Trd, 4319469.543, 97
Trd, 4319470.443, 96
Trd, 4319471.043, 138
Trd, 4319471.093, 119
Trd, 4319471.543, 126
Trd, 4319471.743, 70
Trd, 4319473.393, 132
Trd, 4319474.443, 140
Trd, 4319474.693, 139
Trd, 4319475.343, 140
Trd, 4319475.593, 140
Trd, 4319475.943, 132
Trd, 4319476.493, 134
Trd, 4319476.543, 131
Trd, 4319477.343, 140
Trd, 4319477.543, 111
Trd, 4319479.143, 62
Trd, 4319479.793, 63
Trd, 4319480.393, 75
Trd, 4319480.843, 87
Trd, 4319482.093, 132
Trd, 4319482.343, 138
Trd, 4319482.593, 113
Trd, 4319483.443, 108
Trd, 4319484.193, 133
Trd, 4319485.093, 134
Trd, 4319485.193, 89
Trd, 4319485.243, 84
Trd, 4319486.443, 138
Trd, 4319487.493, 137
Trd, 4319487.793, 93
Trd, 4319488.793, 139
Trd, 4319489.043, 138
Trd, 4319490.343, 137
Trd, 4319490.443, 100
Trd, 4319490.893, 60
Trd, 4319491.493, 118
Trd, 4319492.443, 140
Trd, 4319492.943, 140
Trd, 4319494.093, 139
Trd, 4319494.293, 138
Trd, 4319494.943, 139
Trd, 4319494.993, 131
Trd, 4319495.993, 73
Trd, 4319497.043, 134
Trd, 4319497.093, 98
Trd, 4319497.893, 139
Trd, 4319498.693, 113
Trd, 4319498.793, 101
Trd, 4319500.393, 67
Trd, 4319501.393, 64
Trd, 4319502.143, 68
Trd, 4319503.543, 65
Trd, 4319503.593, 93
Trd, 4319504.393, 65
Trd, 4319505.243, 61
Trd, 4319505.343, 74
Trd, 4319505.893, 140
Trd, 4319506.043, 78
Trd, 4319507.143, 127
Trd, 4319507.443, 105
Trd, 4319507.643, 95
Trd, 4319509.193, 138
Trd, 4319510.293, 66
Trd, 4319510.393, 68
Trd, 4319510.943, 62
Trd, 4319511.143, 75
Trd, 4319511.943, 66
Trd, 4319512.093, 104
Trd, 4319513.293, 64
Trd, 4319513.393, 62
Trd, 4319513.443, 91
Trd, 4319514.443, 73
Trd, 4319515.093, 96
Trd, 4319516.043, 110
Trd, 4319516.093, 109
Trd, 4319516.593, 129
Trd, 4319517.793, 140
Trd, 4319518.793, 140
Trd, 4319519.043, 140
Trd, 4319519.493, 121
Trd, 4319519.543, 94
Trd, 4319519.793, 137
Trd, 4319520.743, 90
Trd, 4319521.293, 139
Trd, 4319522.743, 86
Trd, 4319523.093, 115
Trd, 4319523.193, 85
Trd, 4319524.843, 66
Trd, 4319525.043, 125
Trd, 4319525.793, 64
Trd, 4319525.843, 63
Trd, 4319526.743, 113
Trd, 4319526.793, 83
Trd, 4319527.043, 60
Trd, 4319528.043, 140
Trd, 4319528.093, 136
Trd, 4319529.143, 61
Trd, 4319529.993, 64
Trd, 4319530.343, 63
Trd, 4319530.493, 69
Trd, 4319531.543, 140
Trd, 4319531.993, 139
Trd, 4319532.343, 140
Trd, 4319533.343, 140
Trd, 4319534.043, 132
Trd, 4319534.093, 91
Trd, 4319535.193, 137
Trd, 4319535.943, 111
Trd, 4319536.493, 88
Trd, 4319536.843, 63
Trd, 4319537.443, 116
Trd, 4319538.493, 70
Trd, 4319538.643, 66
Trd, 4319540.343, 129
Trd, 4319540.593, 103
Trd, 4319540.843, 135
Trd, 4319541.893, 97
Trd, 4319542.193, 79
Trd, 4319542.793, 140
Trd, 4319544.643, 140
Trd, 4319544.943, 140
Trd, 4319545.893, 139
Trd, 4319546.193, 136
Trd, 4319546.493, 138
Trd, 4319546.643, 138
Trd, 4319547.443, 140
Trd, 4319548.243, 139
Trd, 4319548.593, 113
Trd, 4319548.793, 94
Trd, 4319549.193, 71
Trd, 4319550.043, 140
Trd, 4319551.693, 140
Trd, 4319551.943, 140
Trd, 4319552.193, 138
Trd, 4319552.743, 138
Trd, 4319552.843, 131
Trd, 4319554.043, 139
Trd, 4319554.743, 121
Trd, 4319555.143, 122
Trd, 4319556.443, 61
Trd, 4319556.543, 63
Trd, 4319557.093, 60
Trd, 4319557.743, 66
Trd, 4319558.843, 62
Trd, 4319559.093, 65
Trd, 4319560.393, 60
Trd, 4319560.443, 72
Trd, 4319561.293, 63
Trd, 4319562.593, 106
Trd, 4319563.493, 84
Trd, 4319563.543, 92
Trd, 4319564.043, 140
Trd, 4319564.893, 62
Trd, 4319564.993, 63
Trd, 4319565.243, 63
Trd, 4319565.743, 125
Trd, 4319568.793, 128
Trd, 4319569.043, 127
Trd, 4319569.393, 100
Trd, 4319569.693, 63
Trd, 4319570.693, 64
Trd, 4319571.143, 113
Trd, 4319571.793, 132
Trd, 4319572.093, 112
Trd, 4319572.243, 121
Trd, 4319573.293, 79
Trd, 4319573.593, 109
Trd, 4319573.943, 61
Trd, 4319574.143, 116
Trd, 4319574.993, 61
Trd, 4319575.743, 134
Trd, 4319576.093, 62
Trd, 4319577.793, 63
Trd, 4319577.843, 74
Trd, 4319578.243, 60
Trd, 4319579.043, 68
Trd, 4319580.843, 60
Trd, 4319581.143, 63
Trd, 4319581.793, 72
Trd, 4319582.343, 136
Trd, 4319582.743, 66
Trd, 4319584.093, 120
Trd, 4319584.393, 140
Trd, 4319584.443, 91
Trd, 4319585.243, 83
Trd, 4319585.393, 82
Trd, 4319586.393, 61
Trd, 4319587.443, 112
Trd, 4319588.043, 64
Trd, 4319588.243, 75
Trd, 4319588.693, 65
Trd, 4319590.693, 65
Trd, 4319592.293, 60
Trd, 4319592.743, 61
Trd, 4319592.993, 63
Trd, 4319593.443, 66
Trd, 4319593.643, 67
Trd, 4319593.993, 133
Trd, 4319594.643, 85
Trd, 4319595.343, 73
Trd, 4319597.093, 131
Trd, 4319597.293, 131
Trd, 4319598.293, 139
Trd, 4319598.643, 130
Trd, 4319598.993, 140
Trd, 4319599.743, 140
Trd, 4319600.893, 140
Trd, 4319600.943, 138
Trd, 4319601.243, 137
Trd, 4319601.543, 136
Trd, 4319602.893, 140
Trd, 4319602.993, 99
Trd, 4319603.543, 60
Trd, 4319605.393, 61
Trd, 4319605.443, 63
Trd, 4319605.693, 72
Trd, 4319606.143, 134
Trd, 4319607.293, 113
Trd, 4319607.743, 87
Trd, 4319608.643, 61
Trd, 4319608.693, 70
Trd, 4319610.293, 61
Trd, 4319610.493, 63
Trd, 4319611.543, 61
Trd, 4319612.593, 63
Trd, 4319613.193, 64
Trd, 4319613.493, 69
Trd, 4319614.443, 86
Trd, 4319614.993, 111
Trd, 4319615.393, 70
Trd, 4319616.093, 137
Trd, 4319617.493, 64
Trd, 4319618.043, 62
Trd, 4319618.643, 63
Trd, 4319618.943, 60
Trd, 4319618.993, 88
Trd, 4319620.293, 60
Trd, 4319620.743, 67
Trd, 4319621.193, 72
Trd, 4319622.893, 140
Trd, 4319623.243, 77
Trd, 4319623.443, 77
Trd, 4319623.743, 138
Trd, 4319623.843, 77
Trd, 4319624.593, 135
Trd, 4319624.643, 133
Trd, 4319625.993, 139
Trd, 4319626.043, 137
Trd, 4319626.293, 73
Trd, 4319626.943, 61
Trd, 4319627.393, 65
Trd, 4319628.693, 86
Trd, 4319629.993, 140
Trd, 4319630.193, 139
Trd, 4319630.493, 119
Trd, 4319631.393, 112
Trd, 4319631.893, 140
Trd, 4319632.493, 60
Trd, 4319632.593, 136
Trd, 4319633.443, 62
Trd, 4319634.093, 70
Trd, 4319635.193, 61
Trd, 4319635.293, 96
Trd, 4319635.893, 69
Trd, 4319636.393, 134
Trd, 4319637.143, 89
Trd, 4319638.793, 138
Trd, 4319639.693, 137
Trd, 4319639.943, 140
Trd, 4319640.643, 136
Trd, 4319640.743, 83
Trd, 4319641.243, 105
Trd, 4319642.243, 131
Trd, 4319642.393, 110
Trd, 4319643.993, 140
Trd, 4319644.243, 135
Trd, 4319645.193, 139
Trd, 4319645.243, 138
Trd, 4319645.543, 120
Trd, 4319646.343, 137
Trd, 4319646.843, 132
Trd, 4319647.143, 92
Trd, 4319648.393, 69
Trd, 4319648.993, 60
Trd, 4319649.593, 69
Trd, 4319649.793, 60
Trd, 4319650.893, 61
Trd, 4319651.293, 63
Trd, 4319652.443, 66
Trd, 4319653.993, 139
Trd, 4319654.893, 139
Trd, 4319655.443, 139
Trd, 4319655.543, 139
Trd, 4319655.693, 138
Trd, 4319655.743, 89
Trd, 4319655.893, 62
Trd, 4319656.393, 61
Trd, 4319656.693, 133
Trd, 4319657.793, 123
Trd, 4319658.593, 111
Trd, 4319658.893, 66
Trd, 4319659.843, 71
Trd, 4319660.293, 134
Trd, 4319660.893, 126
Trd, 4319660.943, 67
Trd, 4319661.793, 60
Trd, 4319662.793, 140
Trd, 4319663.443, 83
Trd, 4319663.943, 83
Trd, 4319664.943, 101
Trd, 4319665.393, 140
Trd, 4319665.793, 114
Trd, 4319665.843, 83
Trd, 4319666.693, 72
Trd, 4319666.793, 65
Trd, 4319667.443, 63
Trd, 4319668.093, 91
Trd, 4319669.143, 106
Trd, 4319671.443, 99
Trd, 4319671.493, 90
Trd, 4319672.093, 122
Trd, 4319672.993, 120
Trd, 4319673.143, 139
Trd, 4319674.693, 137
Trd, 4319674.743, 130
Trd, 4319675.093, 135
Trd, 4319675.293, 140
Trd, 4319675.493, 133
Trd, 4319675.593, 124
Trd, 4319676.193, 60
Trd, 4319676.793, 60
Trd, 4319678.243, 133
Trd, 4319678.693, 138
Trd, 4319679.343, 76
Trd, 4319679.843, 136
Trd, 4319681.443, 127
Trd, 4319682.093, 139
Trd, 4319682.243, 105
Trd, 4319683.643, 127
Trd, 4319684.593, 140
Trd, 4319684.643, 137
Trd, 4319684.743, 125
Trd, 4319686.343, 139
Trd, 4319686.743, 136
Trd, 4319687.393, 67
Trd, 4319688.093, 140
Trd, 4319688.493, 135
Trd, 4319689.843, 140
Trd, 4319690.193, 130
Trd, 4319690.293, 130
Trd, 4319690.693, 126
Trd, 4319690.993, 123
Trd, 4319691.893, 69
Trd, 4319692.793, 62
Trd, 4319694.043, 60
Trd, 4319695.343, 60
Trd, 4319695.493, 61
Trd, 4319695.843, 61
Trd, 4319696.493, 60
Trd, 4319697.143, 65
Trd, 4319697.393, 63
Trd, 4319697.543, 66
Trd, 4319699.443, 80
Trd, 4319699.993, 80
Trd, 4319700.193, 78
Trd, 4319700.243, 86
Trd, 4319701.043, 99
Trd, 4319701.243, 134
Trd, 4319702.843, 68
Trd, 4319703.793, 140
Trd, 4319703.843, 140
Trd, 4319704.793, 62
Trd, 4319705.043, 79
Trd, 4319705.143, 108
Trd, 4319705.843, 69
Trd, 4319706.743, 62
Trd, 4319706.843, 75
Trd, 4319707.743, 134
Trd, 4319709.243, 140
Trd, 4319709.493, 139
Trd, 4319709.543, 137
Trd, 4319709.793, 88
Trd, 4319710.493, 121
Trd, 4319710.893, 128
Trd, 4319710.993, 73
Trd, 4319713.043, 62
Trd, 4319713.193, 71
Trd, 4319713.593, 67
Trd, 4319713.943, 70
Trd, 4319714.093, 111
Trd, 4319715.443, 62
Trd, 4319716.143, 140
Trd, 4319716.693, 140
Trd, 4319717.643, 140
Trd, 4319718.293, 140
Trd, 4319719.293, 140
Trd, 4319719.493, 133
Trd, 4319720.343, 124
Trd, 4319720.443, 118
Trd, 4319720.843, 140
Trd, 4319721.543, 110
Trd, 4319721.743, 90
Trd, 4319721.993, 89
Trd, 4319722.343, 89
Trd, 4319722.943, 138
Trd, 4319723.493, 87
Trd, 4319724.043, 84
Trd, 4319725.243, 86
Trd, 4319726.393, 64
Trd, 4319726.793, 85
Trd, 4319727.043, 62
Trd, 4319728.793, 69
Trd, 4319729.493, 66
Trd, 4319729.643, 62
Trd, 4319730.143, 140
Trd, 4319730.443, 124
Trd, 4319731.393, 102
Trd, 4319731.893, 134
Trd, 4319732.193, 62
Trd, 4319732.393, 113
Trd, 4319732.743, 138
Trd, 4319733.243, 132
Trd, 4319734.343, 137
Trd, 4319734.993, 139
Trd, 4319736.793, 140
Trd, 4319737.443, 140
Trd, 4319737.493, 140
Trd, 4319737.593, 105
Trd, 4319737.843, 60
Trd, 4319739.243, 87
Trd, 4319739.893, 137
Trd, 4319740.993, 140
Trd, 4319741.293, 139
Trd, 4319741.693, 61
Trd, 4319743.043, 129
Trd, 4319743.693, 129
Trd, 4319743.893, 123
Trd, 4319744.993, 139
Trd, 4319745.043, 117
Trd, 4319745.593, 132
Trd, 4319746.043, 136
Trd, 4319747.043, 107
Trd, 4319747.943, 110
Trd, 4319748.193, 111
Trd, 4319748.793, 140
Trd, 4319748.843, 139
Trd, 4319749.993, 117
Trd, 4319750.143, 94
Trd, 4319751.093, 137
Trd, 4319752.293, 140
Trd, 4319752.343, 127
Trd, 4319752.393, 74
Trd, 4319752.943, 66
Trd, 4319753.493, 61
Trd, 4319753.993, 119
Trd, 4319754.343, 93
Trd, 4319756.443, 61
Trd, 4319757.443, 61
Trd, 4319758.493, 62
Trd, 4319758.843, 63
Trd, 4319759.093, 60
Trd, 4319760.593, 63
Trd, 4319760.943, 60
Trd, 4319762.043, 116
Trd, 4319763.193, 64
Trd, 4319763.543, 60
Trd, 4319764.093, 62
Trd, 4319764.543, 104
Trd, 4319764.993, 60
Trd, 4319766.493, 117
Trd, 4319766.693, 132
Trd, 4319766.893, 101
Trd, 4319766.993, 100
Trd, 4319768.693, 116
Trd, 4319769.193, 67
Trd, 4319769.893, 61
Trd, 4319769.943, 87
Trd, 4319770.443, 115
Trd, 4319771.443, 139
Trd, 4319772.493, 139
Trd, 4319772.993, 126
Trd, 4319773.643, 107
Trd, 4319773.843, 139
Trd, 4319774.043, 139
Trd, 4319775.043, 133
Trd, 4319775.793, 116
Trd, 4319775.893, 98
Trd, 4319776.443, 118
Trd, 4319777.343, 60
Trd, 4319777.393, 62
Trd, 4319778.143, 61
Trd, 4319779.243, 140
Trd, 4319780.293, 133
Trd, 4319780.893, 137
Trd, 4319782.593, 132
Trd, 4319783.543, 96
Trd, 4319783.843, 122
Trd, 4319784.343, 140
Trd, 4319784.493, 140
Trd, 4319784.843, 114
Trd, 4319785.743, 61
Trd, 4319786.043, 65
Trd, 4319786.393, 139
Trd, 4319786.593, 138
Trd, 4319787.293, 61
Trd, 4319788.793, 136
Trd, 4319789.093, 136
Trd, 4319789.643, 140
Trd, 4319789.943, 135
Trd, 4319791.193, 137
Trd, 4319791.743, 140
Trd, 4319791.993, 130
Trd, 4319792.193, 117
Trd, 4319793.193, 140
Trd, 4319794.543, 106
Trd, 4319795.643, 140
Trd, 4319795.843, 131
Trd, 4319796.893, 135
Trd, 4319797.493, 135
Trd, 4319798.243, 139
Trd, 4319798.443, 104
Trd, 4319798.643, 61
Trd, 4319799.693, 140
Trd, 4319799.793, 113
Trd, 4319800.043, 78
Trd, 4319801.893, 135
Trd, 4319802.093, 101
Trd, 4319802.193, 139
Trd, 4319802.693, 79
Trd, 4319804.343, 73
Trd, 4319805.143, 64
Trd, 4319805.493, 65
Trd, 4319805.893, 66
Trd, 4319808.343, 64
Trd, 4319808.693, 65
Trd, 4319809.643, 60
Trd, 4319809.693, 68
Trd, 4319810.443, 61
Trd, 4319812.293, 73
Trd, 4319812.493, 104
Trd, 4319813.343, 140
Trd, 4319813.443, 140
Trd, 4319815.493, 140
Trd, 4319815.693, 140
Trd, 4319815.843, 130
Trd, 4319816.143, 125
Trd, 4319816.493, 137
Trd, 4319816.993, 136
Trd, 4319817.343, 76
Trd, 4319818.693, 140
Trd, 4319819.143, 118
Trd, 4319819.293, 115
Trd, 4319819.743, 73
Trd, 4319820.643, 139
Trd, 4319820.743, 135
Trd, 4319820.843, 71
Trd, 4319821.043, 94
Trd, 4319823.143, 138
Trd, 4319823.243, 137
Trd, 4319824.543, 115
Trd, 4319825.243, 139
Trd, 4319825.543, 114
Trd, 4319825.593, 93
Trd, 4319826.093, 140
Trd, 4319826.593, 90
Trd, 4319827.593, 75
Trd, 4319827.793, 73
Trd, 4319828.893, 62
Trd, 4319829.293, 64
Trd, 4319829.343, 104
Trd, 4319829.993, 140
Trd, 4319830.243, 139
Trd, 4319830.493, 107
Trd, 4319830.943, 62
Trd, 4319831.843, 139
Trd, 4319833.893, 62
Trd, 4319834.493, 60
Trd, 4319835.393, 71
Trd, 4319835.843, 102
Trd, 4319836.393, 92
Trd, 4319836.493, 122
Trd, 4319837.393, 94
Trd, 4319837.443, 92
Trd, 4319839.443, 124
Trd, 4319839.693, 104
Trd, 4319839.793, 95
Trd, 4319839.993, 93
Trd, 4319840.393, 61
Trd, 4319840.893, 126
Trd, 4319841.693, 140
Trd, 4319842.793, 129
Trd, 4319842.943, 129
Trd, 4319843.043, 133
Trd, 4319843.693, 118
Trd, 4319844.543, 139
Trd, 4319845.593, 136
Trd, 4319845.893, 124
Trd, 4319845.943, 105
Trd, 4319846.593, 96
Trd, 4319848.343, 140
Trd, 4319848.493, 132
Trd, 4319850.293, 60
Trd, 4319850.693, 65
Trd, 4319851.493, 63
Trd, 4319851.543, 67
Trd, 4319852.743, 60
Trd, 4319853.743, 67
Trd, 4319854.143, 87
Trd, 4319854.693, 140
Trd, 4319854.943, 107
Trd, 4319856.443, 61
Trd, 4319856.493, 120
Trd, 4319857.493, 134
Trd, 4319857.693, 133
Trd, 4319858.593, 140
Trd, 4319858.993, 140
Trd, 4319859.243, 130
Trd, 4319859.543, 102
Trd, 4319860.393, 138
Trd, 4319860.843, 136
Trd, 4319862.293, 61
Trd, 4319862.793, 67
Trd, 4319863.393, 140
Trd, 4319864.443, 127
Trd, 4319864.493, 126
Trd, 4319865.493, 140
Trd, 4319866.043, 139
Trd, 4319866.943, 127
Trd, 4319867.593, 140
Trd, 4319867.993, 114
Trd, 4319869.343, 139
Trd, 4319869.643, 140
Trd, 4319869.793, 118
Trd, 4319869.993, 94
Trd, 4319870.393, 92
Trd, 4319871.593, 140
Trd, 4319872.593, 100
Trd, 4319872.943, 99
Trd, 4319873.693, 63
Trd, 4319874.043, 68
Trd, 4319874.643, 62
Trd, 4319874.893, 94
Trd, 4319875.643, 97
Trd, 4319877.593, 61
Trd, 4319877.993, 62
Trd, 4319879.093, 61
Trd, 4319879.593, 97
Trd, 4319879.743, 60
Trd, 4319880.693, 60
Trd, 4319880.843, 117
Trd, 4319881.393, 61
Trd, 4319881.893, 62
Trd, 4319882.993, 61
Trd, 4319883.093, 69
Trd, 4319884.193, 140
Trd, 4319884.343, 136
Trd, 4319884.593, 96
Trd, 4319884.993, 61
Trd, 4319886.043, 66
Trd, 4319887.993, 136
Trd, 4319888.193, 128
Trd, 4319889.543, 129
Trd, 4319890.243, 138
Trd, 4319890.493, 136
Trd, 4319890.543, 111
Trd, 4319890.693, 107
Trd, 4319891.043, 61
Trd, 4319892.143, 64
Trd, 4319893.393, 62
Trd, 4319893.893, 60
Trd, 4319893.993, 74
Trd, 4319894.793, 137
Trd, 4319894.893, 135
Trd, 4319896.643, 137
Trd, 4319898.193, 133
Trd, 4319898.493, 92
Trd, 4319899.043, 137
Trd, 4319899.493, 137
Trd, 4319899.643, 129
Trd, 4319899.793, 126
Trd, 4319899.993, 77
Trd, 4319900.493, 62
Trd, 4319901.193, 127
Trd, 4319902.143, 67
Trd, 4319903.593, 60
Trd, 4319904.193, 60
Trd, 4319904.343, 89
Trd, 4319905.443, 61
Trd, 4319905.493, 63
Trd, 4319905.693, 65
Trd, 4319907.443, 62
Trd, 4319907.693, 68
Trd, 4319908.643, 62
Trd, 4319908.993, 113
Trd, 4319909.343, 115
Trd, 4319909.743, 81
Trd, 4319910.643, 139
Trd, 4319911.443, 136
Trd, 4319911.693, 99
Trd, 4319912.193, 68
Trd, 4319912.793, 108
Trd, 4319913.493, 65
Trd, 4319914.393, 62
Trd, 4319915.593, 60
Trd, 4319916.743, 73
Trd, 4319917.293, 60
Trd, 4319917.343, 99
Trd, 4319918.843, 139
Trd, 4319918.993, 135
Trd, 4319919.093, 134
Trd, 4319919.943, 135
Trd, 4319920.343, 140
Trd, 4319921.443, 136
Trd, 4319922.193, 127
Trd, 4319922.393, 127
Trd, 4319923.693, 130
Trd, 4319923.843, 123
Trd, 4319924.243, 140
Trd, 4319924.393, 120
Trd, 4319924.493, 118
Trd, 4319925.093, 73
Trd, 4319926.843, 127
Trd, 4319926.993, 126
Trd, 4319927.943, 139
Trd, 4319928.243, 132
Trd, 4319930.343, 139
Trd, 4319931.193, 136
Trd, 4319931.893, 130
Trd, 4319931.943, 129
Trd, 4319932.193, 86
Trd, 4319932.743, 121
Trd, 4319932.843, 140
Trd, 4319934.593, 62
Trd, 4319934.843, 76
Trd, 4319935.193, 75
Trd, 4319935.743, 136
Trd, 4319936.093, 126
Trd, 4319936.293, 60
Trd, 4319936.843, 85
Trd, 4319937.743, 140
Trd, 4319938.193, 63
Trd, 4319938.843, 87
Trd, 4319941.043, 140
Trd, 4319941.443, 140
Trd, 4319941.643, 140
Trd, 4319941.993, 140
Trd, 4319942.643, 131
Trd, 4319942.843, 107
Trd, 4319944.093, 127
Trd, 4319945.193, 136
Trd, 4319945.443, 89
Trd, 4319945.993, 73
Trd, 4319946.143, 78
Trd, 4319947.193, 140
Trd, 4319947.793, 122
Trd, 4319948.993, 138
Trd, 4319949.693, 140
Trd, 4319949.943, 140
Trd, 4319950.143, 128
Trd, 4319950.793, 118
Trd, 4319951.443, 105
Trd, 4319952.043, 77
Trd, 4319952.193, 138
Trd, 4319952.793, 117
Trd, 4319953.443, 117
Trd, 4319954.043, 89
Trd, 4319955.443, 139
Trd, 4319955.543, 136
Trd, 4319955.643, 64
Trd, 4319955.743, 98
Trd, 4319957.843, 60
Trd, 4319958.093, 66
Trd, 4319958.143, 75
Trd, 4319958.793, 61
Trd, 4319959.743, 65
Trd, 4319961.443, 60
Trd, 4319963.343, 64
Trd, 4319964.043, 61
Trd, 4319964.343, 64
Trd, 4319964.443, 65
Trd, 4319964.993, 125
Trd, 4319965.093, 63
Trd, 4319965.593, 67
Trd, 4319965.943, 63
Trd, 4319966.093, 66
Trd, 4319968.793, 132
Trd, 4319969.193, 121
Trd, 4319969.243, 77
Trd, 4319969.393, 74
Trd, 4319970.143, 103
Trd, 4319970.443, 68
Trd, 4319970.993, 138
Trd, 4319971.793, 64
Trd, 4319972.693, 63
Trd, 4319973.593, 78
Trd, 4319974.193, 115
Trd, 4319974.493, 135
Trd, 4319975.293, 120
Trd, 4319975.543, 115
Trd, 4319976.343, 107
Trd, 4319976.393, 105
Trd, 4319977.743, 136
Trd, 4319978.243, 125
Trd, 4319978.543, 139
Trd, 4319979.193, 137
Trd, 4319980.893, 140
Trd, 4319981.193, 140
Trd, 4319981.443, 138
Trd, 4319982.793, 140
Trd, 4319982.893, 135
Trd, 4319983.043, 133
Trd, 4319983.843, 127
Trd, 4319984.943, 131
Trd, 4319985.743, 135
Trd, 4319986.443, 87
Trd, 4319986.943, 114
Trd, 4319987.893, 68
Trd, 4319988.193, 120
Trd, 4319988.293, 65
Trd, 4319988.543, 62
Trd, 4319990.443, 140
Trd, 4319990.543, 132
Trd, 4319991.643, 111
Trd, 4319991.943, 109
Trd, 4319992.393, 131
Trd, 4319993.093, 124
Trd, 4319993.493, 113
Trd, 4319993.693, 112
Trd, 4319995.643, 140
Trd, 4319995.943, 138
Trd, 4319995.993, 115
Trd, 4319996.043, 113
Trd, 4319997.493, 129
Trd, 4319997.893, 124
Trd, 4319998.793, 139
