Trd, 4318050.893, 90
Trd, 4318051.693, 96
Trd, 4318051.843, 92
Trd, 4318052.493, 93
Trd, 4318052.943, 95
Trd, 4318053.143, 93
Trd, 4318055.393, 99
Trd, 4318056.293, 136
Trd, 4318056.643, 116
Trd, 4318057.393, 117
Trd, 4318058.643, 140
Trd, 4318058.893, 140
Trd, 4318059.193, 140
Trd, 4318061.293, 140
Trd, 4318062.243, 140
Trd, 4318062.343, 140
Trd, 4318062.493, 140
Trd, 4318062.543, 109
Trd, 4318063.293, 133
Trd, 4318063.343, 134
Trd, 4318064.493, 73
Trd, 4318064.693, 72
Trd, 4318065.793, 137
Trd, 4318067.343, 139
Trd, 4318067.943, 139
Trd, 4318068.593, 140
Trd, 4318070.943, 140
Trd, 4318071.793, 140
Trd, 4318072.643, 140
Trd, 4318073.793, 140
Trd, 4318074.943, 140
Trd, 4318075.543, 140
Trd, 4318076.093, 140
Trd, 4318077.193, 140
Trd, 4318078.443, 140
Trd, 4318079.993, 140
Trd, 4318080.393, 140
Trd, 4318082.243, 140
Trd, 4318082.993, 140
Trd, 4318084.343, 140
Trd, 4318084.743, 140
Trd, 4318085.543, 140
Trd, 4318085.593, 140
Trd, 4318085.643, 140
Trd, 4318085.793, 140
Trd, 4318088.293, 140
Trd, 4318089.793, 140
Trd, 4318089.893, 140
Trd, 4318090.793, 140
Trd, 4318091.743, 140
Trd, 4318091.843, 111
Trd, 4318092.193, 138
Trd, 4318092.643, 138
Trd, 4318093.743, 116
Trd, 4318095.243, 120
Trd, 4318095.443, 119
Trd, 4318096.043, 126
Trd, 4318096.443, 125
Trd, 4318096.943, 123
Trd, 4318097.543, 123
Trd, 4318098.243, 123
Trd, 4318102.093, 117
Trd, 4318102.393, 116
Trd, 4318104.543, 140
Trd, 4318104.793, 140
Trd, 4318106.143, 140
Trd, 4318108.343, 140
Trd, 4318108.443, 140
Trd, 4318110.343, 140
Trd, 4318110.743, 140
Trd, 4318111.793, 140
Trd, 4318111.993, 140
Trd, 4318112.143, 140
Trd, 4318113.093, 140
Trd, 4318113.793, 140
Trd, 4318114.343, 140
Trd, 4318116.793, 140
Trd, 4318117.343, 140
Trd, 4318117.693, 140
Trd, 4318120.243, 140
Trd, 4318122.093, 140
Trd, 4318123.643, 140
Trd, 4318123.693, 140
Trd, 4318125.243, 140
Trd, 4318126.393, 140
Trd, 4318127.693, 140
Trd, 4318129.693, 140
Trd, 4318129.893, 140
Trd, 4318130.143, 140
Trd, 4318130.243, 140
Trd, 4318130.693, 140
Trd, 4318130.743, 139
Trd, 4318133.143, 140
Trd, 4318133.193, 140
Trd, 4318133.893, 140
Trd, 4318134.443, 140
Trd, 4318136.193, 140
Trd, 4318136.793, 140
Trd, 4318139.143, 140
Trd, 4318140.143, 140
Trd, 4318140.743, 140
Trd, 4318141.143, 140
Trd, 4318142.343, 123
Trd, 4318142.743, 140
Trd, 4318143.843, 131
Trd, 4318144.693, 136
Trd, 4318144.893, 137
Trd, 4318144.993, 137
Trd, 4318145.943, 140
Trd, 4318146.393, 140
Trd, 4318147.543, 140
Trd, 4318147.793, 140
Trd, 4318148.093, 140
Trd, 4318148.143, 139
Trd, 4318150.043, 140
Trd, 4318150.193, 140
Trd, 4318151.443, 140
Trd, 4318152.593, 140
Trd, 4318154.843, 140
Trd, 4318157.843, 140
Trd, 4318158.593, 140
Trd, 4318158.893, 140
Trd, 4318160.743, 140
Trd, 4318161.193, 140
Trd, 4318163.593, 140
Trd, 4318164.793, 140
Trd, 4318165.393, 140
Trd, 4318165.793, 140
Trd, 4318165.893, 140
Trd, 4318166.193, 140
Trd, 4318166.493, 140
Trd, 4318167.543, 140
Trd, 4318168.693, 140
Trd, 4318168.943, 140
Trd, 4318170.043, 140
Trd, 4318170.743, 140
Trd, 4318171.643, 140
Trd, 4318172.993, 140
Trd, 4318173.393, 140
Trd, 4318174.243, 140
Trd, 4318175.143, 139
Trd, 4318175.593, 138
Trd, 4318176.143, 139
Trd, 4318176.293, 137
Trd, 4318178.643, 140
Trd, 4318178.943, 139
Trd, 4318179.743, 140
Trd, 4318180.193, 139
Trd, 4318180.293, 138
Trd, 4318180.443, 115
Trd, 4318183.293, 140
Trd, 4318183.493, 140
Trd, 4318183.643, 140
Trd, 4318183.693, 140
Trd, 4318183.743, 140
Trd, 4318184.993, 140
Trd, 4318185.393, 140
Trd, 4318186.043, 140
Trd, 4318187.243, 136
Trd, 4318187.643, 140
Trd, 4318189.243, 121
Trd, 4318189.893, 122
Trd, 4318190.193, 121
Trd, 4318191.343, 140
Trd, 4318193.743, 140
Trd, 4318193.843, 140
Trd, 4318193.893, 140
Trd, 4318194.493, 140
Trd, 4318194.743, 140
Trd, 4318195.143, 140
Trd, 4318195.643, 140
Trd, 4318195.793, 140
Trd, 4318197.643, 109
Trd, 4318200.943, 140
Trd, 4318201.193, 140
Trd, 4318201.493, 140
Trd, 4318201.843, 140
Trd, 4318204.993, 140
Trd, 4318205.043, 140
Trd, 4318205.243, 140
Trd, 4318205.493, 140
Trd, 4318207.543, 139
Trd, 4318208.143, 140
Trd, 4318208.193, 140
Trd, 4318208.693, 140
Trd, 4318209.193, 140
Trd, 4318209.393, 140
Trd, 4318209.493, 140
Trd, 4318209.693, 122
Trd, 4318210.993, 140
Trd, 4318211.393, 140
Trd, 4318212.643, 68
Trd, 4318214.343, 60
Trd, 4318215.093, 60
Trd, 4318215.293, 60
Trd, 4318215.943, 61
Trd, 4318215.993, 62
Trd, 4318216.393, 60
Trd, 4318216.543, 61
Trd, 4318218.243, 129
Trd, 4318218.493, 115
Trd, 4318218.543, 114
Trd, 4318219.843, 93
Trd, 4318220.243, 124
Trd, 4318220.693, 94
Trd, 4318222.193, 122
Trd, 4318224.143, 119
Trd, 4318224.293, 119
Trd, 4318224.593, 120
Trd, 4318225.493, 120
Trd, 4318225.843, 120
Trd, 4318226.243, 140
Trd, 4318229.343, 60
Trd, 4318229.443, 60
Trd, 4318229.843, 60
Trd, 4318230.393, 60
Trd, 4318230.843, 62
Trd, 4318230.993, 70
Trd, 4318231.293, 71
Trd, 4318232.443, 69
Trd, 4318233.393, 83
Trd, 4318234.243, 84
Trd, 4318236.943, 134
Trd, 4318239.143, 140
Trd, 4318240.093, 140
Trd, 4318240.543, 140
Trd, 4318240.743, 140
Trd, 4318240.893, 140
Trd, 4318241.043, 140
Trd, 4318242.443, 124
Trd, 4318242.543, 135
Trd, 4318242.593, 124
Trd, 4318244.843, 127
Trd, 4318244.893, 132
Trd, 4318244.993, 127
Trd, 4318245.643, 128
Trd, 4318245.943, 127
Trd, 4318246.843, 104
Trd, 4318247.143, 83
Trd, 4318247.643, 73
Trd, 4318249.493, 60
Trd, 4318249.693, 60
Trd, 4318249.893, 60
Trd, 4318249.943, 60
Trd, 4318250.193, 60
Trd, 4318250.293, 60
Trd, 4318252.043, 140
Trd, 4318252.093, 140
Trd, 4318255.093, 140
Trd, 4318255.793, 140
Trd, 4318256.493, 140
Trd, 4318258.293, 140
Trd, 4318260.443, 140
Trd, 4318260.543, 140
Trd, 4318262.043, 140
Trd, 4318263.393, 140
Trd, 4318266.043, 140
Trd, 4318266.693, 140
Trd, 4318266.843, 140
Trd, 4318266.993, 140
Trd, 4318268.543, 140
Trd, 4318268.743, 140
Trd, 4318269.093, 140
Trd, 4318269.393, 140
Trd, 4318270.193, 140
Trd, 4318270.443, 140
Trd, 4318270.693, 139
Trd, 4318271.593, 130
Trd, 4318271.943, 133
Trd, 4318273.793, 119
Trd, 4318274.093, 118
Trd, 4318275.193, 85
Trd, 4318275.693, 126
Trd, 4318275.893, 84
Trd, 4318276.143, 126
Trd, 4318276.943, 85
Trd, 4318277.443, 83
Trd, 4318280.293, 111
Trd, 4318281.193, 107
Trd, 4318281.293, 99
Trd, 4318281.793, 100
Trd, 4318284.343, 102
Trd, 4318284.543, 101
Trd, 4318284.843, 102
Trd, 4318285.293, 87
Trd, 4318285.393, 105
Trd, 4318287.293, 92
Trd, 4318287.493, 91
Trd, 4318288.743, 100
Trd, 4318289.543, 122
Trd, 4318291.693, 112
Trd, 4318291.943, 111
Trd, 4318291.993, 109
Trd, 4318292.193, 108
Trd, 4318292.343, 111
Trd, 4318294.243, 112
Trd, 4318294.843, 114
Trd, 4318295.293, 126
Trd, 4318295.993, 117
Trd, 4318297.093, 120
Trd, 4318297.443, 121
Trd, 4318297.643, 121
Trd, 4318299.443, 121
Trd, 4318299.643, 122
Trd, 4318300.043, 124
Trd, 4318301.143, 84
Trd, 4318302.543, 140
Trd, 4318305.193, 140
Trd, 4318305.443, 140
Trd, 4318305.793, 140
Trd, 4318306.893, 140
Trd, 4318307.943, 140
Trd, 4318308.043, 140
Trd, 4318308.243, 140
Trd, 4318308.443, 140
Trd, 4318310.143, 140
Trd, 4318311.393, 140
Trd, 4318311.993, 140
Trd, 4318314.143, 140
Trd, 4318314.393, 140
Trd, 4318314.843, 140
Trd, 4318314.943, 140
Trd, 4318315.043, 139
Trd, 4318316.793, 133
Trd, 4318317.193, 134
Trd, 4318317.593, 134
Trd, 4318318.093, 140
Trd, 4318318.643, 139
Trd, 4318318.893, 137
Trd, 4318318.943, 136
Trd, 4318319.143, 103
Trd, 4318321.893, 135
Trd, 4318322.243, 130
Trd, 4318323.193, 130
Trd, 4318324.793, 131
Trd, 4318325.093, 131
Trd, 4318327.043, 140
Trd, 4318328.893, 140
Trd, 4318328.993, 140
Trd, 4318329.143, 140
Trd, 4318330.543, 140
Trd, 4318330.593, 140
Trd, 4318330.993, 140
Trd, 4318331.393, 140
Trd, 4318331.443, 140
Trd, 4318332.343, 102
Trd, 4318332.543, 139
Trd, 4318335.593, 140
Trd, 4318336.293, 140
Trd, 4318337.143, 140
Trd, 4318337.343, 140
Trd, 4318338.193, 140
Trd, 4318342.143, 140
Trd, 4318343.143, 140
Trd, 4318343.693, 140
Trd, 4318344.293, 140
Trd, 4318344.843, 140
Trd, 4318344.993, 140
Trd, 4318345.043, 140
Trd, 4318345.093, 140
Trd, 4318345.543, 119
Trd, 4318346.643, 111
Trd, 4318347.843, 114
Trd, 4318348.243, 114
Trd, 4318351.143, 140
Trd, 4318351.343, 140
Trd, 4318352.143, 140
Trd, 4318353.393, 140
Trd, 4318353.743, 140
Trd, 4318354.443, 140
Trd, 4318355.493, 140
Trd, 4318357.093, 140
Trd, 4318357.293, 140
Trd, 4318358.093, 140
Trd, 4318359.043, 140
Trd, 4318359.093, 140
Trd, 4318359.143, 140
Trd, 4318360.343, 140
Trd, 4318361.743, 140
Trd, 4318363.943, 140
Trd, 4318364.293, 140
Trd, 4318365.043, 140
Trd, 4318366.243, 140
Trd, 4318366.443, 140
Trd, 4318367.893, 140
Trd, 4318367.943, 140
Trd, 4318368.093, 140
Trd, 4318369.543, 138
Trd, 4318370.293, 140
Trd, 4318370.543, 138
Trd, 4318370.843, 137
Trd, 4318370.943, 109
Trd, 4318371.193, 108
Trd, 4318372.243, 110
Trd, 4318376.693, 140
Trd, 4318376.843, 140
Trd, 4318377.643, 140
Trd, 4318378.643, 140
Trd, 4318379.093, 140
Trd, 4318379.893, 140
Trd, 4318379.993, 140
Trd, 4318380.443, 140
Trd, 4318381.343, 140
Trd, 4318381.543, 140
Trd, 4318381.693, 140
Trd, 4318382.793, 140
Trd, 4318383.443, 140
Trd, 4318383.593, 140
Trd, 4318386.243, 140
Trd, 4318387.293, 140
Trd, 4318388.593, 140
Trd, 4318389.993, 140
Trd, 4318390.593, 140
Trd, 4318390.793, 140
Trd, 4318390.993, 140
Trd, 4318391.093, 140
Trd, 4318391.243, 140
Trd, 4318392.093, 138
Trd, 4318393.943, 135
Trd, 4318394.943, 140
Trd, 4318395.043, 140
Trd, 4318395.143, 140
Trd, 4318398.043, 133
Trd, 4318398.693, 139
Trd, 4318399.843, 138
Trd, 4318400.593, 140
Trd, 4318404.293, 140
Trd, 4318405.293, 140
Trd, 4318405.943, 140
Trd, 4318405.993, 140
Trd, 4318406.093, 140
Trd, 4318406.243, 140
Trd, 4318408.243, 112
Trd, 4318408.793, 132
Trd, 4318409.843, 138
Trd, 4318410.593, 140
Trd, 4318411.393, 140
Trd, 4318411.793, 140
Trd, 4318414.293, 140
Trd, 4318414.743, 140
Trd, 4318414.993, 140
Trd, 4318416.343, 140
Trd, 4318417.243, 140
Trd, 4318419.243, 140
Trd, 4318419.793, 140
Trd, 4318421.693, 140
Trd, 4318421.793, 140
Trd, 4318424.193, 140
Trd, 4318426.143, 140
Trd, 4318427.793, 140
Trd, 4318428.143, 140
Trd, 4318429.993, 140
Trd, 4318430.743, 140
Trd, 4318430.843, 140
Trd, 4318431.443, 140
Trd, 4318431.893, 140
Trd, 4318432.093, 140
Trd, 4318433.043, 140
Trd, 4318433.543, 140
Trd, 4318433.643, 140
Trd, 4318435.093, 140
Trd, 4318437.693, 140
Trd, 4318437.993, 140
Trd, 4318440.593, 140
Trd, 4318440.643, 140
Trd, 4318440.793, 140
Trd, 4318440.993, 137
Trd, 4318441.293, 105
Trd, 4318441.893, 139
Trd, 4318442.293, 105
Trd, 4318443.443, 129
Trd, 4318444.793, 112
Trd, 4318445.343, 115
Trd, 4318446.093, 116
Trd, 4318446.793, 116
Trd, 4318446.893, 118
Trd, 4318447.443, 64
Trd, 4318447.743, 117
Trd, 4318452.593, 60
Trd, 4318453.293, 60
Trd, 4318453.593, 60
Trd, 4318454.293, 60
Trd, 4318454.393, 60
Trd, 4318454.893, 60
Trd, 4318456.543, 60
Trd, 4318457.393, 60
Trd, 4318457.493, 62
Trd, 4318459.893, 113
Trd, 4318460.593, 113
Trd, 4318461.443, 112
Trd, 4318462.443, 112
Trd, 4318462.593, 109
Trd, 4318463.543, 112
Trd, 4318463.693, 112
Trd, 4318464.143, 112
Trd, 4318464.643, 111
Trd, 4318464.893, 108
Trd, 4318467.443, 126
Trd, 4318468.193, 129
Trd, 4318468.843, 130
Trd, 4318469.493, 131
Trd, 4318469.893, 130
Trd, 4318470.043, 127
Trd, 4318471.093, 139
Trd, 4318471.243, 89
Trd, 4318472.743, 92
Trd, 4318473.593, 94
Trd, 4318474.993, 139
Trd, 4318475.343, 138
Trd, 4318476.343, 107
Trd, 4318476.893, 111
Trd, 4318477.543, 110
Trd, 4318477.593, 106
Trd, 4318478.243, 129
Trd, 4318479.993, 140
Trd, 4318481.543, 140
Trd, 4318483.493, 140
Trd, 4318485.193, 140
Trd, 4318485.343, 140
Trd, 4318486.643, 140
Trd, 4318486.993, 140
Trd, 4318487.893, 140
Trd, 4318488.643, 140
Trd, 4318490.943, 140
Trd, 4318491.393, 140
Trd, 4318492.943, 140
Trd, 4318492.993, 140
Trd, 4318493.443, 140
Trd, 4318493.693, 140
Trd, 4318493.793, 140
Trd, 4318494.043, 140
Trd, 4318495.393, 140
Trd, 4318497.043, 140
Trd, 4318497.543, 140
Trd, 4318497.793, 140
Trd, 4318498.593, 140
Trd, 4318501.293, 140
Trd, 4318502.093, 140
Trd, 4318502.693, 140
Trd, 4318503.493, 140
Trd, 4318504.493, 140
Trd, 4318507.143, 140
Trd, 4318508.443, 140
Trd, 4318509.593, 140
Trd, 4318510.243, 140
Trd, 4318510.443, 140
Trd, 4318510.743, 140
Trd, 4318511.593, 140
Trd, 4318512.193, 140
Trd, 4318513.143, 140
Trd, 4318513.243, 140
Trd, 4318514.593, 140
Trd, 4318515.193, 140
Trd, 4318515.293, 140
Trd, 4318516.843, 133
Trd, 4318517.043, 139
Trd, 4318521.643, 140
Trd, 4318521.893, 140
Trd, 4318522.043, 140
Trd, 4318522.343, 140
Trd, 4318522.593, 139
Trd, 4318523.343, 139
Trd, 4318523.543, 139
Trd, 4318523.693, 140
Trd, 4318524.943, 139
Trd, 4318525.193, 116
Trd, 4318525.293, 115
Trd, 4318528.293, 132
Trd, 4318528.593, 132
Trd, 4318528.993, 131
Trd, 4318530.793, 140
Trd, 4318530.943, 140
Trd, 4318531.643, 140
Trd, 4318532.393, 139
Trd, 4318533.143, 139
Trd, 4318533.743, 139
Trd, 4318533.793, 138
Trd, 4318535.343, 133
Trd, 4318537.143, 134
Trd, 4318537.393, 134
Trd, 4318537.843, 133
Trd, 4318537.893, 132
Trd, 4318538.643, 67
Trd, 4318539.893, 131
Trd, 4318541.593, 140
Trd, 4318541.643, 139
Trd, 4318544.593, 140
Trd, 4318544.643, 140
Trd, 4318545.893, 140
Trd, 4318546.343, 140
Trd, 4318546.643, 140
Trd, 4318546.693, 140
Trd, 4318546.893, 140
Trd, 4318547.243, 140
Trd, 4318549.993, 140
Trd, 4318550.143, 140
Trd, 4318550.443, 140
Trd, 4318550.943, 140
Trd, 4318551.493, 140
Trd, 4318551.543, 140
Trd, 4318552.543, 140
Trd, 4318554.993, 140
Trd, 4318555.143, 140
Trd, 4318558.043, 140
Trd, 4318558.593, 140
Trd, 4318561.043, 140
Trd, 4318562.393, 140
Trd, 4318562.493, 140
Trd, 4318564.343, 140
Trd, 4318564.793, 140
Trd, 4318566.093, 140
Trd, 4318566.493, 140
Trd, 4318567.543, 140
Trd, 4318567.643, 140
Trd, 4318568.143, 140
Trd, 4318569.643, 140
Trd, 4318570.443, 140
Trd, 4318573.043, 140
Trd, 4318575.143, 140
Trd, 4318575.343, 140
Trd, 4318575.393, 140
Trd, 4318575.993, 140
Trd, 4318576.043, 140
Trd, 4318576.493, 140
Trd, 4318576.643, 140
Trd, 4318577.193, 138
Trd, 4318578.293, 140
Trd, 4318578.443, 139
Trd, 4318579.543, 136
Trd, 4318580.943, 140
Trd, 4318582.543, 140
Trd, 4318584.643, 140
Trd, 4318584.993, 140
Trd, 4318586.593, 140
Trd, 4318587.793, 140
Trd, 4318588.593, 140
Trd, 4318589.093, 140
Trd, 4318591.393, 140
Trd, 4318592.743, 140
Trd, 4318593.293, 140
Trd, 4318595.143, 140
Trd, 4318595.743, 125
Trd, 4318597.043, 140
Trd, 4318597.493, 140
Trd, 4318598.243, 140
Trd, 4318598.643, 140
Trd, 4318598.693, 140
Trd, 4318598.893, 105
Trd, 4318599.443, 93
Trd, 4318600.843, 139
Trd, 4318603.043, 123
Trd, 4318603.893, 125
Trd, 4318604.093, 126
Trd, 4318604.243, 126
Trd, 4318604.343, 130
Trd, 4318604.393, 126
Trd, 4318605.143, 140
Trd, 4318605.193, 121
Trd, 4318606.093, 138
Trd, 4318607.443, 108
Trd, 4318607.843, 107
Trd, 4318608.543, 105
Trd, 4318610.043, 121
Trd, 4318610.343, 121
Trd, 4318610.443, 122
Trd, 4318611.493, 105
Trd, 4318613.193, 113
Trd, 4318613.593, 113
Trd, 4318613.943, 113
Trd, 4318615.593, 140
Trd, 4318617.243, 140
Trd, 4318618.843, 140
Trd, 4318620.343, 140
Trd, 4318621.493, 140
Trd, 4318621.893, 140
Trd, 4318621.993, 140
Trd, 4318622.093, 140
Trd, 4318622.243, 140
Trd, 4318622.643, 139
Trd, 4318623.143, 138
Trd, 4318623.293, 139
Trd, 4318623.443, 82
Trd, 4318623.543, 140
Trd, 4318624.893, 69
Trd, 4318626.043, 100
Trd, 4318628.893, 115
Trd, 4318632.343, 140
Trd, 4318633.543, 140
Trd, 4318634.543, 140
Trd, 4318634.743, 140
Trd, 4318634.843, 140
Trd, 4318635.293, 140
Trd, 4318635.693, 140
Trd, 4318635.943, 140
Trd, 4318636.093, 140
Trd, 4318636.543, 138
Trd, 4318637.593, 139
Trd, 4318641.293, 140
Trd, 4318643.093, 140
Trd, 4318643.193, 140
Trd, 4318643.993, 140
Trd, 4318646.343, 140
Trd, 4318646.693, 140
Trd, 4318648.693, 140
Trd, 4318649.393, 140
Trd, 4318650.493, 140
Trd, 4318650.993, 140
Trd, 4318651.943, 140
Trd, 4318652.793, 140
Trd, 4318653.043, 140
Trd, 4318653.293, 139
Trd, 4318654.643, 140
Trd, 4318655.043, 140
Trd, 4318655.543, 140
Trd, 4318656.393, 140
Trd, 4318656.693, 111
Trd, 4318657.593, 84
Trd, 4318658.093, 140
Trd, 4318659.943, 78
Trd, 4318662.493, 87
Trd, 4318664.243, 140
Trd, 4318664.843, 140
Trd, 4318666.643, 140
Trd, 4318668.293, 140
Trd, 4318668.443, 140
Trd, 4318668.593, 140
Trd, 4318668.943, 140
Trd, 4318670.243, 140
Trd, 4318670.793, 140
Trd, 4318671.543, 140
Trd, 4318671.593, 140
Trd, 4318672.743, 140
Trd, 4318673.043, 140
Trd, 4318674.793, 140
Trd, 4318675.543, 140
Trd, 4318678.743, 140
Trd, 4318679.143, 140
Trd, 4318679.343, 140
Trd, 4318679.643, 140
Trd, 4318681.193, 140
Trd, 4318682.743, 140
Trd, 4318683.193, 140
Trd, 4318683.343, 140
Trd, 4318683.493, 140
Trd, 4318683.893, 140
Trd, 4318685.393, 121
Trd, 4318686.193, 123
Trd, 4318686.593, 125
Trd, 4318686.643, 123
Trd, 4318687.193, 127
Trd, 4318689.743, 140
Trd, 4318690.593, 140
Trd, 4318691.093, 140
Trd, 4318691.693, 140
Trd, 4318691.743, 140
Trd, 4318694.793, 140
Trd, 4318695.243, 140
Trd, 4318695.793, 140
Trd, 4318698.543, 140
Trd, 4318699.093, 140
Trd, 4318699.243, 140
Trd, 4318700.943, 140
Trd, 4318701.943, 140
Trd, 4318702.743, 140
Trd, 4318702.793, 140
Trd, 4318705.293, 140
Trd, 4318705.443, 140
Trd, 4318705.693, 140
Trd, 4318706.093, 140
Trd, 4318706.193, 140
Trd, 4318706.443, 139
Trd, 4318707.093, 97
Trd, 4318707.493, 86
Trd, 4318707.893, 135
Trd, 4318708.793, 133
Trd, 4318710.093, 62
Trd, 4318710.293, 63
Trd, 4318713.493, 60
Trd, 4318714.043, 60
Trd, 4318714.143, 60
Trd, 4318714.243, 60
Trd, 4318714.593, 60
Trd, 4318715.243, 62
Trd, 4318715.343, 64
Trd, 4318718.043, 99
Trd, 4318719.143, 140
Trd, 4318720.093, 140
Trd, 4318721.893, 140
Trd, 4318722.993, 140
Trd, 4318723.743, 140
Trd, 4318725.543, 140
Trd, 4318726.743, 140
Trd, 4318727.743, 140
Trd, 4318728.243, 140
Trd, 4318731.243, 140
Trd, 4318731.693, 140
Trd, 4318732.043, 140
Trd, 4318732.093, 140
Trd, 4318732.393, 140
Trd, 4318732.543, 140
Trd, 4318733.143, 140
Trd, 4318733.343, 140
Trd, 4318734.843, 135
Trd, 4318735.093, 115
Trd, 4318737.393, 122
Trd, 4318737.643, 124
Trd, 4318737.943, 124
Trd, 4318739.293, 110
Trd, 4318739.543, 116
Trd, 4318740.143, 107
Trd, 4318740.493, 112
Trd, 4318740.943, 111
Trd, 4318741.193, 106
Trd, 4318742.243, 110
Trd, 4318742.343, 109
Trd, 4318742.743, 109
Trd, 4318744.593, 105
Trd, 4318746.543, 65
Trd, 4318746.793, 64
Trd, 4318747.193, 65
Trd, 4318747.443, 65
Trd, 4318747.543, 64
Trd, 4318748.543, 64
Trd, 4318749.093, 65
Trd, 4318750.943, 140
Trd, 4318752.543, 140
Trd, 4318752.693, 140
Trd, 4318754.893, 140
Trd, 4318755.843, 140
Trd, 4318755.893, 140
Trd, 4318756.193, 140
Trd, 4318757.443, 140
Trd, 4318757.993, 138
Trd, 4318760.493, 140
Trd, 4318762.093, 140
Trd, 4318762.543, 140
Trd, 4318762.843, 140
Trd, 4318762.893, 140
Trd, 4318763.293, 140
Trd, 4318764.243, 140
Trd, 4318764.543, 140
Trd, 4318766.443, 140
Trd, 4318768.193, 140
Trd, 4318770.293, 140
Trd, 4318770.443, 140
Trd, 4318770.593, 140
Trd, 4318771.943, 140
Trd, 4318772.643, 140
Trd, 4318772.693, 140
Trd, 4318773.293, 140
Trd, 4318773.643, 135
Trd, 4318773.993, 138
Trd, 4318776.743, 140
Trd, 4318778.943, 140
Trd, 4318779.143, 140
Trd, 4318779.943, 140
Trd, 4318780.293, 140
Trd, 4318780.343, 140
Trd, 4318780.743, 140
Trd, 4318780.793, 140
Trd, 4318781.293, 140
Trd, 4318781.393, 117
Trd, 4318781.793, 137
Trd, 4318783.093, 132
Trd, 4318783.993, 110
Trd, 4318784.793, 99
Trd, 4318784.893, 98
Trd, 4318785.343, 128
Trd, 4318786.693, 86
Trd, 4318787.793, 120
Trd, 4318789.393, 101
Trd, 4318789.943, 117
Trd, 4318790.793, 100
Trd, 4318792.593, 107
Trd, 4318792.693, 108
Trd, 4318792.943, 109
Trd, 4318793.543, 108
Trd, 4318793.593, 107
Trd, 4318793.993, 107
Trd, 4318795.243, 85
Trd, 4318797.343, 140
Trd, 4318798.093, 112
Trd, 4318798.943, 140
Trd, 4318799.643, 140
Trd, 4318800.193, 138
Trd, 4318801.343, 140
Trd, 4318801.393, 140
Trd, 4318801.593, 140
Trd, 4318801.943, 140
Trd, 4318802.643, 140
Trd, 4318802.743, 140
Trd, 4318803.893, 140
Trd, 4318805.743, 103
Trd, 4318806.293, 104
Trd, 4318806.843, 116
Trd, 4318807.093, 117
Trd, 4318807.543, 107
Trd, 4318808.893, 107
Trd, 4318810.443, 107
Trd, 4318810.793, 78
Trd, 4318811.243, 107
Trd, 4318813.293, 78
Trd, 4318814.043, 97
Trd, 4318815.593, 93
Trd, 4318816.043, 93
Trd, 4318816.543, 95
Trd, 4318816.843, 96
Trd, 4318818.393, 140
Trd, 4318819.593, 140
Trd, 4318820.393, 140
Trd, 4318820.793, 140
Trd, 4318821.843, 140
Trd, 4318822.893, 140
Trd, 4318824.443, 140
Trd, 4318824.493, 140
Trd, 4318827.093, 140
Trd, 4318827.543, 140
Trd, 4318830.293, 140
Trd, 4318830.393, 140
Trd, 4318830.943, 140
Trd, 4318831.693, 140
Trd, 4318831.793, 140
Trd, 4318832.093, 139
Trd, 4318832.593, 139
Trd, 4318833.343, 140
Trd, 4318834.643, 120
Trd, 4318835.793, 118
Trd, 4318836.193, 126
Trd, 4318837.193, 121
Trd, 4318837.443, 121
Trd, 4318837.693, 121
Trd, 4318837.843, 120
Trd, 4318838.743, 94
Trd, 4318840.143, 116
Trd, 4318840.693, 115
Trd, 4318841.843, 104
Trd, 4318842.093, 102
Trd, 4318842.393, 115
Trd, 4318842.993, 102
Trd, 4318843.643, 102
Trd, 4318844.843, 108
Trd, 4318847.243, 140
Trd, 4318847.293, 140
Trd, 4318847.943, 140
Trd, 4318848.093, 140
Trd, 4318848.393, 140
Trd, 4318848.993, 140
Trd, 4318849.543, 140
Trd, 4318850.793, 140
Trd, 4318850.993, 140
Trd, 4318851.143, 140
Trd, 4318852.693, 140
Trd, 4318852.793, 139
Trd, 4318853.593, 139
Trd, 4318855.593, 140
Trd, 4318855.693, 140
Trd, 4318857.543, 140
Trd, 4318858.293, 140
Trd, 4318858.543, 140
Trd, 4318858.843, 140
Trd, 4318859.343, 140
Trd, 4318859.693, 105
Trd, 4318861.493, 140
Trd, 4318861.993, 140
Trd, 4318863.143, 140
Trd, 4318864.893, 140
Trd, 4318865.393, 140
Trd, 4318865.443, 140
Trd, 4318866.793, 140
Trd, 4318869.093, 140
Trd, 4318869.493, 140
Trd, 4318870.493, 140
Trd, 4318871.143, 140
Trd, 4318871.993, 140
Trd, 4318872.143, 140
Trd, 4318872.243, 140
Trd, 4318872.443, 140
Trd, 4318872.893, 140
Trd, 4318873.943, 140
Trd, 4318874.143, 108
Trd, 4318875.743, 119
Trd, 4318875.843, 66
Trd, 4318877.243, 140
Trd, 4318879.793, 140
Trd, 4318880.243, 140
Trd, 4318880.293, 140
Trd, 4318880.543, 140
Trd, 4318882.093, 120
Trd, 4318883.043, 120
Trd, 4318883.293, 138
Trd, 4318883.543, 139
Trd, 4318884.193, 121
Trd, 4318884.293, 120
Trd, 4318885.643, 124
Trd, 4318886.493, 139
Trd, 4318886.643, 128
Trd, 4318889.043, 140
Trd, 4318890.193, 140
Trd, 4318890.543, 140
Trd, 4318891.643, 140
Trd, 4318893.343, 140
Trd, 4318893.543, 140
Trd, 4318894.743, 140
Trd, 4318896.343, 140
Trd, 4318896.493, 140
Trd, 4318896.943, 140
Trd, 4318897.093, 140
Trd, 4318898.243, 140
Trd, 4318898.743, 140
Trd, 4318898.843, 140
Trd, 4318899.243, 140
Trd, 4318899.743, 129
Trd, 4318901.893, 138
Trd, 4318902.243, 128
Trd, 4318902.593, 128
Trd, 4318903.343, 125
Trd, 4318904.093, 130
Trd, 4318904.193, 130
Trd, 4318904.343, 130
Trd, 4318905.193, 139
Trd, 4318906.543, 140
Trd, 4318906.943, 129
Trd, 4318910.043, 126
Trd, 4318911.443, 140
Trd, 4318911.493, 140
Trd, 4318912.343, 140
Trd, 4318914.193, 140
Trd, 4318915.543, 140
Trd, 4318915.693, 140
Trd, 4318917.243, 140
Trd, 4318918.743, 140
Trd, 4318920.343, 140
Trd, 4318921.243, 140
Trd, 4318921.493, 140
Trd, 4318924.143, 140
Trd, 4318924.193, 140
Trd, 4318924.743, 140
Trd, 4318925.443, 140
Trd, 4318925.493, 140
Trd, 4318925.593, 140
Trd, 4318926.643, 137
Trd, 4318928.043, 104
Trd, 4318929.943, 121
Trd, 4318929.993, 120
Trd, 4318930.143, 140
Trd, 4318930.293, 119
Trd, 4318930.993, 117
Trd, 4318932.893, 117
Trd, 4318933.543, 117
Trd, 4318936.243, 140
Trd, 4318936.743, 140
Trd, 4318937.893, 140
Trd, 4318938.193, 140
Trd, 4318939.093, 140
Trd, 4318939.193, 140
Trd, 4318939.993, 140
Trd, 4318941.443, 140
Trd, 4318941.943, 140
Trd, 4318943.243, 104
Trd, 4318943.693, 132
Trd, 4318944.093, 104
Trd, 4318945.493, 118
Trd, 4318945.943, 98
Trd, 4318946.393, 100
Trd, 4318947.193, 113
Trd, 4318948.193, 113
Trd, 4318949.443, 109
Trd, 4318949.793, 111
Trd, 4318949.943, 110
Trd, 4318950.393, 110
Trd, 4318950.543, 113
Trd, 4318950.943, 110
Trd, 4318952.143, 123
Trd, 4318953.193, 123
Trd, 4318953.643, 101
Trd, 4318953.693, 100
Trd, 4318956.193, 114
Trd, 4318957.893, 122
Trd, 4318960.193, 140
Trd, 4318961.493, 140
Trd, 4318961.643, 140
Trd, 4318965.193, 140
Trd, 4318966.593, 140
Trd, 4318966.743, 140
Trd, 4318967.543, 140
Trd, 4318967.593, 140
Trd, 4318967.843, 140
Trd, 4318967.943, 139
Trd, 4318969.643, 60
Trd, 4318969.743, 62
Trd, 4318970.543, 105
Trd, 4318970.693, 90
Trd, 4318971.843, 92
Trd, 4318972.593, 101
Trd, 4318974.093, 104
Trd, 4318974.443, 120
Trd, 4318976.643, 140
Trd, 4318976.943, 140
Trd, 4318977.093, 140
Trd, 4318977.243, 140
Trd, 4318977.793, 140
Trd, 4318979.043, 140
Trd, 4318979.193, 140
Trd, 4318980.493, 140
Trd, 4318982.543, 140
Trd, 4318984.793, 140
Trd, 4318986.293, 140
Trd, 4318986.893, 140
Trd, 4318987.793, 140
Trd, 4318989.643, 140
Trd, 4318990.393, 140
Trd, 4318991.543, 140
Trd, 4318992.393, 140
Trd, 4318993.193, 140
Trd, 4318993.293, 140
Trd, 4318994.693, 140
Trd, 4318995.493, 140
Trd, 4318995.693, 140
Trd, 4318996.143, 140
Trd, 4318996.793, 140
Trd, 4318997.043, 140
Trd, 4318997.793, 140
Trd, 4318998.043, 140
Trd, 4318998.643, 70
Trd, 4318999.543, 65
Trd, 4318999.943, 100
Trd, 4319000.093, 63
Trd, 4319003.443, 70
Trd, 4319003.893, 140
Trd, 4319005.793, 140
Trd, 4319005.943, 140
Trd, 4319006.593, 140
Trd, 4319007.143, 140
Trd, 4319007.593, 140
Trd, 4319007.743, 140
Trd, 4319007.793, 140
Trd, 4319008.393, 140
Trd, 4319009.043, 140
Trd, 4319009.143, 140
Trd, 4319009.593, 140
Trd, 4319012.043, 61
Trd, 4319012.493, 61
Trd, 4319012.793, 61
Trd, 4319012.993, 60
Trd, 4319014.693, 60
Trd, 4319015.193, 60
Trd, 4319016.393, 60
Trd, 4319017.093, 60
Trd, 4319017.143, 60
Trd, 4319018.393, 66
Trd, 4319019.743, 69
Trd, 4319020.293, 140
Trd, 4319020.343, 140
Trd, 4319020.993, 140
Trd, 4319021.493, 140
Trd, 4319022.143, 139
Trd, 4319022.243, 140
Trd, 4319023.143, 140
Trd, 4319023.593, 139
Trd, 4319024.843, 140
Trd, 4319028.993, 140
Trd, 4319029.993, 140
Trd, 4319030.193, 140
Trd, 4319031.643, 140
Trd, 4319032.443, 140
Trd, 4319032.593, 140
Trd, 4319033.443, 140
Trd, 4319033.593, 140
Trd, 4319034.093, 140
Trd, 4319035.643, 140
Trd, 4319035.843, 140
Trd, 4319036.243, 139
Trd, 4319036.743, 139
Trd, 4319039.093, 135
Trd, 4319039.493, 116
Trd, 4319040.943, 120
Trd, 4319041.943, 122
Trd, 4319042.443, 125
Trd, 4319043.193, 120
Trd, 4319043.343, 122
Trd, 4319043.393, 119
Trd, 4319044.943, 99
Trd, 4319045.193, 121
Trd, 4319047.043, 91
Trd, 4319047.543, 90
Trd, 4319049.393, 100
Trd, 4319049.793, 101
Trd, 4319050.643, 105
Trd, 4319051.193, 126
Trd, 4319051.493, 105
Trd, 4319051.793, 122
Trd, 4319053.643, 114
Trd, 4319053.943, 113
Trd, 4319054.793, 115
Trd, 4319054.943, 115
Trd, 4319055.293, 76
Trd, 4319055.543, 76
Trd, 4319055.843, 114
Trd, 4319057.243, 80
Trd, 4319057.893, 111
Trd, 4319058.493, 73
Trd, 4319060.193, 126
Trd, 4319061.143, 140
Trd, 4319063.593, 133
Trd, 4319064.293, 135
Trd, 4319064.843, 136
Trd, 4319065.093, 137
Trd, 4319066.543, 140
Trd, 4319066.593, 140
Trd, 4319066.943, 140
Trd, 4319067.943, 140
Trd, 4319069.643, 140
Trd, 4319070.443, 140
Trd, 4319070.943, 140
Trd, 4319071.293, 140
Trd, 4319073.343, 140
Trd, 4319073.593, 140
Trd, 4319075.093, 140
Trd, 4319076.593, 140
Trd, 4319077.143, 140
Trd, 4319078.393, 140
Trd, 4319078.543, 140
Trd, 4319078.893, 140
Trd, 4319079.143, 140
Trd, 4319079.343, 140
Trd, 4319079.643, 140
Trd, 4319082.243, 140
Trd, 4319083.043, 140
Trd, 4319083.493, 140
Trd, 4319083.793, 140
Trd, 4319084.643, 140
Trd, 4319085.243, 138
Trd, 4319086.943, 140
Trd, 4319087.793, 140
Trd, 4319087.893, 140
Trd, 4319088.243, 140
Trd, 4319089.343, 140
Trd, 4319089.543, 140
Trd, 4319090.743, 140
Trd, 4319090.893, 140
Trd, 4319091.893, 140
Trd, 4319092.143, 140
Trd, 4319092.593, 140
Trd, 4319095.493, 140
Trd, 4319096.243, 140
Trd, 4319096.393, 140
Trd, 4319097.993, 140
Trd, 4319098.193, 140
Trd, 4319098.343, 140
Trd, 4319098.743, 140
Trd, 4319099.093, 140
Trd, 4319099.643, 140
Trd, 4319099.893, 140
Trd, 4319101.493, 140
Trd, 4319101.793, 140
Trd, 4319102.243, 140
Trd, 4319103.193, 104
Trd, 4319105.593, 139
Trd, 4319107.743, 140
Trd, 4319107.943, 140
Trd, 4319110.193, 140
Trd, 4319110.993, 140
Trd, 4319111.843, 140
Trd, 4319112.393, 140
Trd, 4319112.643, 140
Trd, 4319112.993, 140
Trd, 4319113.143, 140
Trd, 4319113.393, 140
Trd, 4319114.993, 140
Trd, 4319116.943, 140
Trd, 4319117.593, 140
Trd, 4319119.393, 140
Trd, 4319120.043, 140
Trd, 4319120.343, 140
Trd, 4319121.193, 140
Trd, 4319122.093, 140
Trd, 4319123.743, 140
Trd, 4319124.093, 140
Trd, 4319124.143, 140
Trd, 4319125.543, 140
Trd, 4319126.643, 140
Trd, 4319127.043, 140
Trd, 4319127.943, 140
Trd, 4319128.093, 140
Trd, 4319128.793, 140
Trd, 4319129.193, 140
Trd, 4319129.743, 110
Trd, 4319132.493, 126
Trd, 4319132.743, 127
Trd, 4319134.243, 92
Trd, 4319134.843, 126
Trd, 4319134.993, 97
Trd, 4319135.193, 92
Trd, 4319135.843, 121
Trd, 4319136.193, 128
Trd, 4319136.593, 120
Trd, 4319137.193, 119
Trd, 4319139.493, 90
Trd, 4319140.893, 140
Trd, 4319142.693, 140
Trd, 4319143.893, 114
Trd, 4319144.843, 135
Trd, 4319145.743, 121
Trd, 4319146.543, 118
Trd, 4319147.243, 119
Trd, 4319147.493, 125
Trd, 4319147.643, 119
Trd, 4319149.343, 125
Trd, 4319149.493, 130
Trd, 4319150.993, 128
Trd, 4319151.993, 140
Trd, 4319152.693, 131
Trd, 4319153.393, 140
Trd, 4319155.493, 140
Trd, 4319155.543, 140
Trd, 4319156.293, 140
Trd, 4319157.593, 140
Trd, 4319161.543, 140
Trd, 4319162.193, 140
Trd, 4319164.143, 140
Trd, 4319164.693, 140
Trd, 4319164.743, 140
Trd, 4319165.243, 140
Trd, 4319165.393, 140
Trd, 4319165.543, 140
Trd, 4319165.643, 139
Trd, 4319169.243, 140
Trd, 4319169.843, 140
Trd, 4319171.243, 140
Trd, 4319171.443, 140
Trd, 4319171.793, 140
Trd, 4319174.743, 140
Trd, 4319175.493, 140
Trd, 4319175.693, 140
Trd, 4319175.743, 140
Trd, 4319176.343, 140
Trd, 4319176.693, 140
Trd, 4319177.843, 140
Trd, 4319178.043, 140
Trd, 4319178.693, 63
Trd, 4319181.493, 140
Trd, 4319183.493, 140
Trd, 4319183.593, 140
Trd, 4319184.493, 140
Trd, 4319184.843, 139
Trd, 4319185.893, 140
Trd, 4319186.743, 140
Trd, 4319187.393, 140
Trd, 4319190.093, 140
Trd, 4319190.843, 140
Trd, 4319192.393, 140
Trd, 4319193.643, 140
Trd, 4319195.793, 140
Trd, 4319195.993, 140
Trd, 4319196.843, 140
Trd, 4319197.243, 140
Trd, 4319199.743, 140
Trd, 4319200.143, 140
Trd, 4319200.693, 140
Trd, 4319201.643, 140
Trd, 4319202.043, 140
Trd, 4319203.093, 139
Trd, 4319203.493, 140
Trd, 4319204.343, 140
Trd, 4319204.693, 139
Trd, 4319206.593, 140
Trd, 4319206.843, 140
Trd, 4319209.043, 140
Trd, 4319209.493, 140
Trd, 4319210.793, 140
Trd, 4319212.993, 140
Trd, 4319213.143, 140
Trd, 4319213.543, 140
Trd, 4319213.793, 140
Trd, 4319214.143, 140
Trd, 4319218.393, 140
Trd, 4319218.643, 140
Trd, 4319219.093, 140
Trd, 4319220.443, 140
Trd, 4319221.243, 140
Trd, 4319221.793, 140
Trd, 4319225.043, 140
Trd, 4319225.543, 140
Trd, 4319226.543, 140
Trd, 4319227.043, 140
Trd, 4319227.193, 140
Trd, 4319227.593, 140
Trd, 4319228.193, 140
Trd, 4319228.393, 139
Trd, 4319229.643, 121
Trd, 4319230.643, 134
Trd, 4319231.643, 130
Trd, 4319231.943, 128
Trd, 4319231.993, 134
Trd, 4319232.293, 126
Trd, 4319233.193, 129
Trd, 4319233.393, 130
Trd, 4319234.493, 138
Trd, 4319236.293, 132
Trd, 4319240.043, 140
Trd, 4319240.193, 140
Trd, 4319240.893, 140
Trd, 4319242.893, 140
Trd, 4319245.043, 140
Trd, 4319245.243, 140
Trd, 4319245.393, 140
Trd, 4319245.743, 140
Trd, 4319245.943, 140
Trd, 4319246.493, 140
Trd, 4319246.693, 140
Trd, 4319247.843, 139
Trd, 4319248.243, 111
Trd, 4319249.043, 60
Trd, 4319249.143, 60
Trd, 4319250.593, 60
Trd, 4319251.043, 60
Trd, 4319251.093, 60
Trd, 4319251.143, 65
Trd, 4319252.593, 81
Trd, 4319253.193, 63
Trd, 4319255.093, 66
Trd, 4319256.043, 139
Trd, 4319258.693, 90
Trd, 4319259.593, 140
Trd, 4319260.743, 140
Trd, 4319261.043, 140
Trd, 4319261.243, 140
Trd, 4319261.543, 140
Trd, 4319261.893, 140
Trd, 4319262.043, 140
Trd, 4319262.143, 138
Trd, 4319262.793, 92
Trd, 4319263.343, 110
Trd, 4319265.393, 117
Trd, 4319265.443, 116
Trd, 4319267.243, 140
Trd, 4319267.793, 140
Trd, 4319268.693, 140
Trd, 4319269.043, 140
Trd, 4319269.993, 140
Trd, 4319270.093, 140
Trd, 4319270.293, 140
Trd, 4319270.943, 140
Trd, 4319271.543, 139
Trd, 4319274.043, 124
Trd, 4319274.493, 123
Trd, 4319274.643, 124
Trd, 4319274.793, 124
Trd, 4319274.843, 121
Trd, 4319274.993, 127
Trd, 4319276.243, 140
Trd, 4319277.743, 97
Trd, 4319277.993, 78
Trd, 4319278.493, 138
Trd, 4319278.543, 137
Trd, 4319280.543, 80
Trd, 4319284.443, 60
Trd, 4319285.093, 60
Trd, 4319285.443, 60
Trd, 4319285.793, 60
Trd, 4319285.893, 60
Trd, 4319286.043, 60
Trd, 4319286.143, 60
Trd, 4319286.793, 61
Trd, 4319287.143, 63
Trd, 4319288.143, 139
Trd, 4319291.143, 140
Trd, 4319291.293, 140
Trd, 4319294.243, 140
Trd, 4319295.393, 140
Trd, 4319295.793, 140
Trd, 4319295.993, 140
Trd, 4319296.043, 140
Trd, 4319296.093, 140
Trd, 4319296.293, 140
Trd, 4319297.093, 140
Trd, 4319297.893, 140
Trd, 4319297.993, 140
Trd, 4319299.343, 140
Trd, 4319300.943, 140
Trd, 4319301.543, 140
Trd, 4319301.643, 140
Trd, 4319302.193, 140
Trd, 4319302.743, 139
Trd, 4319303.143, 108
Trd, 4319303.993, 107
Trd, 4319304.893, 134
Trd, 4319305.893, 110
Trd, 4319306.193, 99
Trd, 4319306.943, 100
Trd, 4319307.293, 99
Trd, 4319310.093, 110
Trd, 4319310.943, 116
Trd, 4319311.043, 113
Trd, 4319311.293, 114
Trd, 4319311.543, 115
Trd, 4319311.793, 118
Trd, 4319312.993, 116
Trd, 4319313.393, 116
Trd, 4319313.843, 114
Trd, 4319315.143, 109
Trd, 4319316.043, 66
Trd, 4319317.993, 60
Trd, 4319318.143, 64
Trd, 4319318.493, 63
Trd, 4319319.393, 62
Trd, 4319320.893, 60
Trd, 4319321.793, 60
Trd, 4319323.343, 61
Trd, 4319324.443, 60
Trd, 4319324.493, 60
Trd, 4319325.243, 60
Trd, 4319325.743, 140
Trd, 4319326.293, 76
Trd, 4319326.543, 60
Trd, 4319328.693, 66
Trd, 4319329.043, 68
Trd, 4319329.793, 86
Trd, 4319332.993, 111
Trd, 4319333.943, 107
Trd, 4319334.143, 102
Trd, 4319335.043, 103
Trd, 4319335.693, 102
Trd, 4319335.993, 102
Trd, 4319336.143, 105
Trd, 4319336.593, 104
Trd, 4319338.893, 112
Trd, 4319339.243, 112
Trd, 4319340.693, 132
Trd, 4319340.993, 133
Trd, 4319341.243, 114
Trd, 4319341.493, 134
Trd, 4319341.543, 116
Trd, 4319344.193, 140
Trd, 4319346.343, 140
Trd, 4319346.843, 140
Trd, 4319348.043, 140
Trd, 4319348.793, 140
Trd, 4319348.843, 140
Trd, 4319348.893, 140
Trd, 4319348.993, 116
Trd, 4319350.343, 116
Trd, 4319350.843, 131
Trd, 4319351.543, 124
Trd, 4319352.393, 110
Trd, 4319353.043, 106
Trd, 4319355.143, 121
Trd, 4319355.243, 90
Trd, 4319357.093, 118
Trd, 4319357.493, 97
Trd, 4319357.593, 95
Trd, 4319358.243, 117
Trd, 4319358.293, 95
Trd, 4319360.193, 114
Trd, 4319360.443, 119
Trd, 4319361.043, 115
Trd, 4319361.343, 113
Trd, 4319362.493, 114
Trd, 4319362.643, 98
Trd, 4319364.543, 108
Trd, 4319365.043, 108
Trd, 4319365.143, 109
Trd, 4319366.293, 140
Trd, 4319366.393, 139
Trd, 4319367.093, 115
Trd, 4319367.593, 128
Trd, 4319369.393, 119
Trd, 4319370.093, 121
Trd, 4319370.643, 121
Trd, 4319372.193, 113
Trd, 4319372.793, 111
Trd, 4319373.093, 111
Trd, 4319373.193, 91
Trd, 4319373.893, 88
Trd, 4319374.493, 108
Trd, 4319374.593, 109
Trd, 4319376.543, 105
Trd, 4319376.943, 98
Trd, 4319376.993, 97
Trd, 4319378.693, 69
Trd, 4319380.843, 97
Trd, 4319381.843, 92
Trd, 4319382.043, 92
Trd, 4319382.093, 93
Trd, 4319383.093, 80
Trd, 4319383.993, 91
Trd, 4319384.093, 93
Trd, 4319385.143, 73
Trd, 4319386.093, 140
Trd, 4319386.793, 140
Trd, 4319387.043, 140
Trd, 4319387.793, 140
Trd, 4319387.843, 140
Trd, 4319388.793, 140
Trd, 4319389.243, 140
Trd, 4319389.593, 139
Trd, 4319390.493, 64
Trd, 4319391.093, 62
Trd, 4319391.893, 62
Trd, 4319392.243, 61
Trd, 4319394.593, 140
Trd, 4319394.943, 139
Trd, 4319396.543, 129
Trd, 4319397.143, 140
Trd, 4319397.543, 140
Trd, 4319399.093, 140
Trd, 4319399.143, 140
Trd, 4319399.243, 140
Trd, 4319400.243, 140
Trd, 4319401.343, 138
Trd, 4319402.243, 136
Trd, 4319402.543, 136
Trd, 4319403.293, 137
Trd, 4319404.043, 99
Trd, 4319405.043, 83
Trd, 4319406.643, 139
Trd, 4319406.843, 90
Trd, 4319407.643, 96
Trd, 4319409.593, 140
Trd, 4319410.643, 140
Trd, 4319410.793, 140
Trd, 4319412.593, 140
Trd, 4319413.693, 140
Trd, 4319413.943, 140
Trd, 4319413.993, 140
Trd, 4319414.193, 140
Trd, 4319414.643, 140
Trd, 4319415.393, 140
Trd, 4319416.043, 140
Trd, 4319417.143, 140
Trd, 4319417.293, 140
Trd, 4319418.243, 140
Trd, 4319418.343, 140
Trd, 4319418.543, 140
Trd, 4319418.643, 140
Trd, 4319420.493, 134
Trd, 4319420.943, 127
Trd, 4319421.143, 126
Trd, 4319421.743, 75
Trd, 4319424.243, 126
Trd, 4319425.143, 121
Trd, 4319426.293, 117
Trd, 4319427.093, 119
Trd, 4319427.293, 118
Trd, 4319427.393, 116
Trd, 4319428.043, 114
Trd, 4319428.243, 120
Trd, 4319429.543, 102
Trd, 4319430.893, 107
Trd, 4319431.193, 107
Trd, 4319431.343, 106
Trd, 4319432.343, 106
Trd, 4319432.493, 105
Trd, 4319433.193, 105
Trd, 4319433.593, 104
Trd, 4319434.143, 94
Trd, 4319436.093, 95
Trd, 4319437.743, 88
Trd, 4319437.943, 87
Trd, 4319438.843, 80
Trd, 4319439.943, 64
Trd, 4319441.593, 114
Trd, 4319443.693, 60
Trd, 4319444.243, 62
Trd, 4319444.543, 63
Trd, 4319444.993, 63
Trd, 4319446.793, 60
Trd, 4319446.943, 60
Trd, 4319447.693, 82
Trd, 4319448.843, 71
Trd, 4319449.143, 79
Trd, 4319450.193, 73
Trd, 4319450.243, 74
Trd, 4319450.593, 74
Trd, 4319452.243, 74
Trd, 4319452.743, 75
Trd, 4319453.093, 65
Trd, 4319453.193, 84
Trd, 4319455.193, 80
Trd, 4319456.443, 140
Trd, 4319456.543, 140
Trd, 4319456.793, 140
Trd, 4319458.293, 97
Trd, 4319458.643, 96
Trd, 4319460.693, 99
Trd, 4319460.893, 126
Trd, 4319461.593, 125
Trd, 4319462.793, 113
Trd, 4319464.393, 114
Trd, 4319465.143, 118
Trd, 4319466.043, 120
Trd, 4319466.093, 119
Trd, 4319466.793, 120
Trd, 4319466.943, 119
Trd, 4319467.293, 119
Trd, 4319468.043, 92
Trd, 4319468.943, 74
Trd, 4319470.693, 140
Trd, 4319473.343, 140
Trd, 4319473.393, 140
Trd, 4319473.893, 140
Trd, 4319474.043, 117
Trd, 4319477.593, 132
Trd, 4319477.943, 131
Trd, 4319479.543, 140
Trd, 4319479.993, 140
Trd, 4319480.243, 140
Trd, 4319481.093, 140
Trd, 4319481.493, 140
Trd, 4319481.893, 140
Trd, 4319482.143, 140
Trd, 4319482.193, 135
Trd, 4319484.893, 139
Trd, 4319485.693, 140
Trd, 4319487.043, 140
Trd, 4319487.893, 140
Trd, 4319487.993, 140
Trd, 4319488.943, 140
Trd, 4319489.743, 140
Trd, 4319489.943, 140
Trd, 4319491.143, 140
Trd, 4319493.343, 140
Trd, 4319493.443, 140
Trd, 4319493.993, 140
Trd, 4319494.143, 140
Trd, 4319494.243, 140
Trd, 4319494.593, 140
Trd, 4319494.743, 140
Trd, 4319496.343, 140
Trd, 4319496.793, 140
Trd, 4319499.243, 140
Trd, 4319500.243, 140
Trd, 4319501.093, 140
Trd, 4319502.993, 140
Trd, 4319503.343, 140
Trd, 4319503.393, 140
Trd, 4319506.093, 140
Trd, 4319506.493, 140
Trd, 4319508.143, 140
Trd, 4319509.393, 140
Trd, 4319510.443, 140
Trd, 4319510.693, 140
Trd, 4319510.893, 140
Trd, 4319511.143, 140
Trd, 4319512.393, 137
Trd, 4319514.143, 108
Trd, 4319514.343, 107
Trd, 4319514.393, 106
Trd, 4319515.293, 135
Trd, 4319515.393, 138
Trd, 4319516.493, 110
Trd, 4319517.593, 137
Trd, 4319517.693, 110
Trd, 4319517.943, 138
Trd, 4319519.143, 115
Trd, 4319519.643, 116
Trd, 4319521.643, 119
Trd, 4319522.043, 122
Trd, 4319522.243, 122
Trd, 4319522.593, 122
Trd, 4319523.593, 123
Trd, 4319524.343, 123
Trd, 4319525.093, 123
Trd, 4319525.693, 136
Trd, 4319527.643, 137
Trd, 4319528.293, 133
Trd, 4319529.043, 129
Trd, 4319529.493, 130
Trd, 4319529.943, 130
Trd, 4319530.243, 131
Trd, 4319530.643, 135
Trd, 4319530.693, 134
Trd, 4319531.793, 134
Trd, 4319534.243, 139
Trd, 4319535.693, 136
Trd, 4319537.093, 140
Trd, 4319537.243, 140
Trd, 4319538.193, 140
Trd, 4319539.393, 140
Trd, 4319540.543, 140
Trd, 4319541.843, 140
Trd, 4319544.043, 140
Trd, 4319544.443, 140
Trd, 4319544.893, 140
Trd, 4319545.493, 140
Trd, 4319545.793, 140
Trd, 4319546.243, 140
Trd, 4319546.543, 140
Trd, 4319548.893, 140
Trd, 4319549.493, 140
Trd, 4319550.443, 140
Trd, 4319551.693, 140
Trd, 4319552.843, 140
Trd, 4319554.143, 140
Trd, 4319555.243, 140
Trd, 4319556.193, 140
Trd, 4319556.393, 140
Trd, 4319556.443, 140
Trd, 4319556.493, 140
Trd, 4319556.543, 140
Trd, 4319556.593, 140
Trd, 4319557.693, 140
Trd, 4319558.193, 139
Trd, 4319558.443, 95
Trd, 4319560.543, 60
Trd, 4319560.993, 60
Trd, 4319562.693, 115
Trd, 4319562.993, 116
Trd, 4319563.193, 115
Trd, 4319563.543, 115
Trd, 4319563.943, 114
Trd, 4319565.143, 92
Trd, 4319565.343, 110
Trd, 4319566.193, 102
Trd, 4319566.843, 103
Trd, 4319566.893, 104
Trd, 4319567.743, 103
Trd, 4319568.693, 102
Trd, 4319568.743, 101
Trd, 4319569.293, 100
Trd, 4319570.293, 85
Trd, 4319571.543, 96
Trd, 4319571.743, 97
Trd, 4319571.843, 101
Trd, 4319572.293, 98
Trd, 4319573.043, 140
Trd, 4319573.393, 140
Trd, 4319573.843, 140
Trd, 4319574.243, 96
Trd, 4319577.443, 140
Trd, 4319577.693, 140
Trd, 4319578.143, 140
Trd, 4319579.593, 140
Trd, 4319579.893, 140
Trd, 4319580.043, 140
Trd, 4319580.143, 140
Trd, 4319580.193, 140
Trd, 4319580.243, 109
Trd, 4319581.393, 104
Trd, 4319583.943, 140
Trd, 4319584.293, 140
Trd, 4319584.543, 140
Trd, 4319585.393, 140
Trd, 4319585.443, 140
Trd, 4319587.743, 139
Trd, 4319588.093, 138
Trd, 4319588.393, 118
Trd, 4319588.543, 98
Trd, 4319588.893, 110
Trd, 4319591.343, 100
Trd, 4319592.893, 106
Trd, 4319593.643, 114
Trd, 4319593.693, 127
Trd, 4319593.793, 113
Trd, 4319595.093, 115
Trd, 4319595.743, 116
Trd, 4319595.993, 116
Trd, 4319596.443, 117
Trd, 4319597.543, 61
Trd, 4319598.093, 60
Trd, 4319600.093, 60
Trd, 4319600.593, 60
Trd, 4319601.543, 60
Trd, 4319601.643, 63
Trd, 4319602.043, 66
Trd, 4319604.243, 78
Trd, 4319604.693, 78
Trd, 4319605.093, 69
Trd, 4319605.743, 77
Trd, 4319605.993, 78
Trd, 4319606.393, 76
Trd, 4319607.243, 77
Trd, 4319607.843, 70
Trd, 4319608.093, 69
Trd, 4319608.943, 116
Trd, 4319611.493, 112
Trd, 4319612.043, 101
Trd, 4319612.993, 111
Trd, 4319613.593, 105
Trd, 4319614.543, 106
Trd, 4319615.843, 108
Trd, 4319616.443, 131
Trd, 4319618.093, 140
Trd, 4319618.443, 140
Trd, 4319618.493, 140
Trd, 4319619.743, 140
Trd, 4319620.093, 140
Trd, 4319620.293, 140
Trd, 4319620.493, 140
Trd, 4319621.693, 95
Trd, 4319622.843, 100
Trd, 4319623.493, 134
Trd, 4319623.543, 135
Trd, 4319625.443, 131
Trd, 4319625.593, 110
Trd, 4319627.493, 118
Trd, 4319627.843, 118
Trd, 4319628.143, 119
Trd, 4319628.743, 120
Trd, 4319628.993, 119
Trd, 4319629.593, 119
Trd, 4319630.043, 118
Trd, 4319630.543, 101
Trd, 4319633.393, 124
Trd, 4319634.193, 140
Trd, 4319635.343, 140
Trd, 4319635.493, 140
Trd, 4319636.293, 112
Trd, 4319637.143, 113
Trd, 4319637.843, 111
Trd, 4319637.943, 130
Trd, 4319638.493, 130
Trd, 4319638.643, 127
Trd, 4319638.743, 106
Trd, 4319640.393, 119
Trd, 4319641.743, 92
Trd, 4319645.643, 60
Trd, 4319646.243, 60
Trd, 4319646.343, 60
Trd, 4319646.993, 60
Trd, 4319647.143, 61
Trd, 4319647.793, 61
Trd, 4319648.243, 62
Trd, 4319649.543, 61
Trd, 4319649.993, 61
Trd, 4319650.393, 60
Trd, 4319651.593, 60
Trd, 4319651.943, 60
Trd, 4319651.993, 60
Trd, 4319652.243, 60
Trd, 4319653.143, 65
Trd, 4319655.693, 138
Trd, 4319656.193, 108
Trd, 4319656.243, 94
Trd, 4319656.693, 94
Trd, 4319659.693, 140
Trd, 4319660.093, 140
Trd, 4319663.093, 140
Trd, 4319664.943, 140
Trd, 4319665.743, 140
Trd, 4319667.393, 140
Trd, 4319667.493, 140
Trd, 4319667.943, 140
Trd, 4319668.043, 140
Trd, 4319668.293, 140
Trd, 4319668.443, 140
Trd, 4319668.843, 140
Trd, 4319669.493, 140
Trd, 4319670.193, 126
Trd, 4319672.693, 140
Trd, 4319673.643, 140
Trd, 4319675.543, 140
Trd, 4319677.193, 140
Trd, 4319678.993, 140
Trd, 4319679.393, 140
Trd, 4319679.593, 140
Trd, 4319681.693, 140
Trd, 4319682.043, 140
Trd, 4319682.193, 140
Trd, 4319682.743, 140
Trd, 4319683.293, 140
Trd, 4319684.343, 140
Trd, 4319684.893, 140
Trd, 4319686.443, 140
Trd, 4319687.793, 140
Trd, 4319688.593, 140
Trd, 4319688.693, 140
Trd, 4319691.943, 140
Trd, 4319692.343, 140
Trd, 4319694.393, 140
Trd, 4319694.643, 140
Trd, 4319695.693, 140
Trd, 4319698.143, 140
Trd, 4319699.593, 140
Trd, 4319699.693, 140
Trd, 4319699.793, 140
Trd, 4319699.843, 140
Trd, 4319699.893, 109
Trd, 4319700.793, 137
Trd, 4319701.243, 140
Trd, 4319702.343, 133
Trd, 4319702.543, 113
Trd, 4319704.593, 112
Trd, 4319704.743, 131
Trd, 4319706.343, 119
Trd, 4319707.793, 140
Trd, 4319708.193, 131
Trd, 4319710.043, 140
Trd, 4319710.593, 140
Trd, 4319710.793, 139
Trd, 4319711.143, 138
Trd, 4319711.943, 136
Trd, 4319712.093, 137
Trd, 4319712.643, 140
Trd, 4319713.043, 140
Trd, 4319713.343, 140
Trd, 4319713.643, 120
Trd, 4319714.143, 94
Trd, 4319716.243, 60
Trd, 4319716.843, 60
Trd, 4319717.943, 64
Trd, 4319718.243, 66
Trd, 4319719.793, 76
Trd, 4319719.943, 77
Trd, 4319720.693, 140
Trd, 4319722.643, 140
Trd, 4319723.143, 140
Trd, 4319723.693, 140
Trd, 4319724.243, 140
Trd, 4319726.493, 140
Trd, 4319726.893, 138
Trd, 4319727.193, 137
Trd, 4319727.843, 122
Trd, 4319727.993, 136
Trd, 4319728.493, 121
Trd, 4319729.993, 107
Trd, 4319730.243, 105
Trd, 4319731.743, 121
Trd, 4319732.093, 110
Trd, 4319734.093, 104
Trd, 4319734.543, 104
Trd, 4319735.093, 104
Trd, 4319735.143, 103
Trd, 4319735.643, 112
Trd, 4319736.143, 89
Trd, 4319738.143, 83
Trd, 4319738.893, 88
Trd, 4319739.693, 94
Trd, 4319739.793, 95
Trd, 4319739.993, 88
Trd, 4319741.143, 94
Trd, 4319741.493, 93
Trd, 4319741.543, 95
Trd, 4319742.843, 94
Trd, 4319745.493, 101
Trd, 4319745.593, 98
Trd, 4319745.743, 96
Trd, 4319746.693, 118
Trd, 4319747.143, 98
Trd, 4319748.643, 93
Trd, 4319748.943, 107
Trd, 4319749.343, 107
Trd, 4319751.043, 105
Trd, 4319751.443, 105
Trd, 4319751.943, 105
Trd, 4319752.093, 104
Trd, 4319753.893, 60
Trd, 4319754.993, 61
Trd, 4319756.293, 60
Trd, 4319758.343, 60
Trd, 4319758.393, 60
Trd, 4319759.043, 60
Trd, 4319759.093, 60
Trd, 4319759.343, 60
Trd, 4319760.143, 60
Trd, 4319760.343, 134
Trd, 4319760.843, 64
Trd, 4319761.493, 140
Trd, 4319762.443, 78
Trd, 4319763.043, 68
Trd, 4319765.843, 96
Trd, 4319767.043, 139
Trd, 4319767.293, 104
Trd, 4319767.843, 139
Trd, 4319769.443, 111
Trd, 4319770.743, 118
Trd, 4319771.043, 118
Trd, 4319771.193, 119
Trd, 4319771.293, 119
Trd, 4319771.793, 118
Trd, 4319772.243, 118
Trd, 4319772.593, 112
Trd, 4319772.743, 91
Trd, 4319774.093, 140
Trd, 4319774.593, 140
Trd, 4319776.293, 109
Trd, 4319776.543, 110
Trd, 4319778.343, 140
Trd, 4319779.743, 140
Trd, 4319780.293, 140
Trd, 4319780.393, 140
Trd, 4319780.493, 140
Trd, 4319781.543, 140
Trd, 4319782.493, 140
Trd, 4319783.193, 140
Trd, 4319783.593, 140
Trd, 4319785.293, 140
Trd, 4319787.743, 140
Trd, 4319788.093, 140
Trd, 4319791.143, 140
Trd, 4319791.743, 140
Trd, 4319791.793, 140
Trd, 4319792.093, 140
Trd, 4319792.143, 140
Trd, 4319792.193, 140
Trd, 4319792.243, 140
Trd, 4319792.743, 140
Trd, 4319792.893, 139
Trd, 4319793.993, 139
Trd, 4319796.443, 126
Trd, 4319797.393, 140
Trd, 4319799.043, 140
Trd, 4319799.643, 140
Trd, 4319799.743, 140
Trd, 4319800.593, 140
Trd, 4319801.293, 140
Trd, 4319803.443, 140
Trd, 4319803.643, 140
Trd, 4319803.893, 140
Trd, 4319804.043, 140
Trd, 4319804.293, 106
Trd, 4319806.343, 134
Trd, 4319806.593, 136
Trd, 4319806.693, 85
Trd, 4319809.143, 98
Trd, 4319809.743, 75
Trd, 4319809.793, 74
Trd, 4319810.493, 91
Trd, 4319811.343, 90
Trd, 4319812.993, 80
Trd, 4319813.193, 77
Trd, 4319813.293, 88
Trd, 4319815.693, 127
Trd, 4319816.093, 129
Trd, 4319816.743, 130
Trd, 4319817.643, 140
Trd, 4319818.793, 140
Trd, 4319818.843, 140
Trd, 4319819.193, 113
Trd, 4319821.043, 140
Trd, 4319821.193, 140
Trd, 4319822.643, 140
Trd, 4319823.043, 140
Trd, 4319823.493, 140
Trd, 4319824.493, 140
Trd, 4319824.593, 140
Trd, 4319825.443, 109
Trd, 4319825.643, 110
Trd, 4319826.643, 94
Trd, 4319829.443, 140
Trd, 4319830.243, 140
Trd, 4319832.143, 140
Trd, 4319832.993, 140
Trd, 4319833.443, 140
Trd, 4319834.343, 140
Trd, 4319836.793, 140
Trd, 4319837.693, 140
Trd, 4319837.893, 140
Trd, 4319837.943, 140
Trd, 4319838.493, 140
Trd, 4319838.693, 140
Trd, 4319839.593, 140
Trd, 4319840.043, 140
Trd, 4319840.943, 140
Trd, 4319841.693, 138
Trd, 4319841.943, 104
Trd, 4319843.493, 67
Trd, 4319844.093, 68
Trd, 4319844.343, 68
Trd, 4319844.543, 68
Trd, 4319844.643, 64
Trd, 4319844.893, 64
Trd, 4319845.343, 71
Trd, 4319846.293, 67
Trd, 4319846.993, 69
Trd, 4319850.593, 140
Trd, 4319852.343, 140
Trd, 4319852.693, 140
Trd, 4319852.993, 140
Trd, 4319853.093, 140
Trd, 4319853.243, 140
Trd, 4319853.393, 130
Trd, 4319854.443, 129
Trd, 4319854.743, 131
Trd, 4319855.943, 118
Trd, 4319856.393, 120
Trd, 4319857.393, 124
Trd, 4319857.593, 124
Trd, 4319858.093, 92
Trd, 4319858.393, 92
Trd, 4319858.693, 91
Trd, 4319859.243, 119
Trd, 4319861.343, 67
Trd, 4319863.093, 94
Trd, 4319864.693, 88
Trd, 4319865.343, 86
Trd, 4319865.443, 87
Trd, 4319865.543, 84
Trd, 4319865.593, 87
Trd, 4319865.643, 88
Trd, 4319865.993, 88
Trd, 4319867.243, 76
Trd, 4319872.143, 60
Trd, 4319872.243, 60
Trd, 4319873.093, 60
Trd, 4319873.243, 60
Trd, 4319873.593, 60
Trd, 4319873.893, 60
Trd, 4319874.843, 61
Trd, 4319875.043, 60
Trd, 4319875.893, 66
Trd, 4319876.343, 63
Trd, 4319876.993, 63
Trd, 4319877.293, 64
Trd, 4319877.593, 64
Trd, 4319878.693, 65
Trd, 4319879.543, 64
Trd, 4319879.793, 70
Trd, 4319880.393, 71
Trd, 4319880.693, 66
Trd, 4319881.193, 70
Trd, 4319885.843, 140
Trd, 4319886.193, 140
Trd, 4319886.393, 140
Trd, 4319886.493, 140
Trd, 4319886.593, 140
Trd, 4319886.643, 140
Trd, 4319888.343, 140
Trd, 4319888.643, 140
Trd, 4319889.793, 107
Trd, 4319889.843, 99
Trd, 4319890.893, 140
Trd, 4319892.193, 140
Trd, 4319893.093, 140
Trd, 4319893.693, 140
Trd, 4319894.543, 140
Trd, 4319895.293, 140
Trd, 4319897.393, 140
Trd, 4319898.643, 140
Trd, 4319898.793, 140
Trd, 4319901.793, 140
Trd, 4319901.943, 140
Trd, 4319902.093, 140
Trd, 4319902.893, 140
Trd, 4319903.243, 140
Trd, 4319903.293, 140
Trd, 4319903.593, 137
Trd, 4319904.643, 108
Trd, 4319905.843, 110
Trd, 4319906.043, 109
Trd, 4319907.393, 137
Trd, 4319907.443, 133
Trd, 4319907.643, 136
Trd, 4319907.843, 133
Trd, 4319909.393, 126
Trd, 4319910.243, 96
Trd, 4319910.293, 94
Trd, 4319910.343, 75
Trd, 4319911.643, 75
Trd, 4319911.993, 78
Trd, 4319913.143, 79
Trd, 4319913.343, 90
Trd, 4319914.443, 82
Trd, 4319915.143, 139
Trd, 4319915.843, 81
Trd, 4319917.543, 100
Trd, 4319917.693, 97
Trd, 4319920.093, 105
Trd, 4319920.493, 104
Trd, 4319921.043, 103
Trd, 4319921.493, 103
Trd, 4319922.243, 102
Trd, 4319922.743, 93
Trd, 4319923.943, 140
Trd, 4319925.243, 74
Trd, 4319926.193, 140
Trd, 4319927.593, 140
Trd, 4319928.093, 140
Trd, 4319929.843, 140
Trd, 4319930.593, 140
Trd, 4319931.993, 140
Trd, 4319933.743, 140
Trd, 4319934.893, 140
Trd, 4319935.043, 140
Trd, 4319935.093, 140
Trd, 4319935.893, 140
Trd, 4319937.693, 140
Trd, 4319938.493, 140
Trd, 4319939.793, 140
Trd, 4319940.943, 140
Trd, 4319942.543, 140
Trd, 4319943.543, 140
Trd, 4319943.643, 140
Trd, 4319944.393, 140
Trd, 4319944.793, 140
Trd, 4319947.293, 140
Trd, 4319947.493, 140
Trd, 4319947.593, 140
Trd, 4319948.143, 140
Trd, 4319948.593, 140
Trd, 4319949.093, 140
Trd, 4319949.193, 140
Trd, 4319949.643, 138
Trd, 4319950.543, 118
Trd, 4319951.093, 139
Trd, 4319951.893, 118
Trd, 4319956.893, 140
Trd, 4319957.793, 140
Trd, 4319957.843, 140
Trd, 4319958.543, 140
Trd, 4319958.643, 140
Trd, 4319959.143, 140
Trd, 4319959.293, 140
Trd, 4319960.643, 135
Trd, 4319960.993, 140
Trd, 4319962.093, 140
Trd, 4319962.343, 111
Trd, 4319962.493, 109
Trd, 4319964.093, 140
Trd, 4319966.543, 140
Trd, 4319967.893, 140
Trd, 4319968.243, 140
Trd, 4319971.043, 140
Trd, 4319971.093, 140
Trd, 4319971.143, 140
Trd, 4319971.343, 140
Trd, 4319971.543, 140
Trd, 4319972.693, 140
Trd, 4319973.443, 140
Trd, 4319973.593, 139
Trd, 4319974.343, 111
Trd, 4319974.643, 139
Trd, 4319975.243, 111
Trd, 4319975.443, 109
Trd, 4319976.393, 116
Trd, 4319976.693, 118
Trd, 4319978.893, 113
Trd, 4319979.593, 108
Trd, 4319980.143, 110
Trd, 4319980.193, 111
Trd, 4319980.493, 111
Trd, 4319981.143, 112
Trd, 4319981.443, 112
Trd, 4319983.143, 140
Trd, 4319983.493, 140
Trd, 4319984.943, 140
Trd, 4319984.993, 140
Trd, 4319985.593, 140
Trd, 4319986.243, 140
Trd, 4319987.893, 140
Trd, 4319990.243, 140
Trd, 4319991.993, 140
Trd, 4319992.443, 140
Trd, 4319992.643, 140
Trd, 4319992.893, 140
Trd, 4319993.943, 140
Trd, 4319994.143, 140
Trd, 4319994.443, 140
Trd, 4319994.643, 140
Trd, 4319996.193, 140
Trd, 4319997.993, 140
Trd, 4319999.593, 140
Trd, 4319999.693, 140
