Trd, 4318112.843, 139
Trd, 4318113.493, 139
Trd, 4318114.393, 140
Trd, 4318115.493, 139
Trd, 4318115.843, 138
Trd, 4318116.293, 62
Trd, 4318116.693, 140
Trd, 4318119.243, 140
Trd, 4318119.643, 139
Trd, 4318120.193, 140
Trd, 4318120.443, 60
Trd, 4318120.743, 60
Trd, 4318121.143, 62
Trd, 4318121.293, 79
Trd, 4318121.743, 61
Trd, 4318123.043, 140
Trd, 4318123.793, 140
Trd, 4318125.993, 140
Trd, 4318127.043, 140
Trd, 4318127.393, 140
Trd, 4318127.793, 140
Trd, 4318129.043, 140
Trd, 4318129.143, 140
Trd, 4318131.093, 139
Trd, 4318131.193, 137
Trd, 4318131.493, 137
Trd, 4318131.693, 119
Trd, 4318131.793, 87
Trd, 4318134.593, 140
Trd, 4318134.993, 140
Trd, 4318136.093, 140
Trd, 4318136.143, 139
Trd, 4318138.243, 140
Trd, 4318138.693, 140
Trd, 4318139.793, 140
Trd, 4318139.843, 140
Trd, 4318140.443, 139
Trd, 4318141.293, 140
Trd, 4318141.393, 140
Trd, 4318141.643, 139
Trd, 4318142.593, 139
Trd, 4318144.293, 140
Trd, 4318144.343, 140
Trd, 4318144.843, 138
Trd, 4318144.993, 135
Trd, 4318145.443, 140
Trd, 4318146.443, 140
Trd, 4318148.143, 140
Trd, 4318148.293, 139
Trd, 4318148.693, 140
Trd, 4318149.343, 140
Trd, 4318150.193, 140
Trd, 4318150.693, 137
Trd, 4318150.993, 140
Trd, 4318152.793, 140
Trd, 4318152.893, 135
Trd, 4318152.993, 84
Trd, 4318153.243, 135
Trd, 4318153.793, 139
Trd, 4318157.493, 140
Trd, 4318157.693, 140
Trd, 4318157.893, 140
Trd, 4318157.993, 140
Trd, 4318158.043, 140
Trd, 4318158.443, 140
Trd, 4318158.543, 138
Trd, 4318159.443, 140
Trd, 4318160.543, 140
Trd, 4318160.793, 140
Trd, 4318160.943, 140
Trd, 4318161.543, 139
Trd, 4318162.143, 140
Trd, 4318164.193, 140
Trd, 4318164.593, 140
Trd, 4318165.243, 140
Trd, 4318165.843, 140
Trd, 4318165.893, 140
Trd, 4318166.893, 139
Trd, 4318168.243, 140
Trd, 4318168.843, 140
Trd, 4318169.143, 140
Trd, 4318169.943, 140
Trd, 4318171.993, 140
Trd, 4318172.043, 140
Trd, 4318172.743, 140
Trd, 4318173.543, 140
Trd, 4318173.843, 140
Trd, 4318174.593, 140
Trd, 4318174.893, 140
Trd, 4318175.593, 140
Trd, 4318176.293, 140
Trd, 4318177.593, 140
Trd, 4318178.543, 140
Trd, 4318178.743, 139
Trd, 4318179.693, 140
Trd, 4318179.793, 139
Trd, 4318181.243, 140
Trd, 4318181.543, 138
Trd, 4318181.843, 110
Trd, 4318182.343, 60
Trd, 4318182.893, 69
Trd, 4318183.243, 62
Trd, 4318183.343, 75
Trd, 4318183.643, 63
Trd, 4318186.293, 140
Trd, 4318186.593, 140
Trd, 4318188.493, 140
Trd, 4318188.643, 139
Trd, 4318189.293, 140
Trd, 4318189.943, 140
Trd, 4318190.243, 140
Trd, 4318190.493, 140
Trd, 4318190.993, 138
Trd, 4318191.493, 137
Trd, 4318191.693, 100
Trd, 4318192.243, 112
Trd, 4318193.093, 140
Trd, 4318194.043, 140
Trd, 4318194.193, 140
Trd, 4318195.093, 140
Trd, 4318196.143, 138
Trd, 4318196.393, 138
Trd, 4318198.243, 140
Trd, 4318199.243, 140
Trd, 4318200.193, 140
Trd, 4318200.743, 140
Trd, 4318201.443, 140
Trd, 4318201.543, 140
Trd, 4318202.793, 140
Trd, 4318202.843, 139
Trd, 4318204.693, 139
Trd, 4318205.243, 140
Trd, 4318205.543, 140
Trd, 4318205.693, 139
Trd, 4318206.743, 140
Trd, 4318207.843, 139
Trd, 4318208.743, 139
Trd, 4318209.243, 140
Trd, 4318209.743, 135
Trd, 4318210.193, 67
Trd, 4318210.743, 138
Trd, 4318211.643, 140
Trd, 4318212.093, 140
Trd, 4318212.693, 140
Trd, 4318213.243, 137
Trd, 4318214.593, 139
Trd, 4318215.593, 140
Trd, 4318216.143, 140
Trd, 4318216.393, 139
Trd, 4318216.693, 139
Trd, 4318216.943, 117
Trd, 4318217.543, 64
Trd, 4318219.143, 140
Trd, 4318219.643, 140
Trd, 4318220.743, 140
Trd, 4318221.243, 140
Trd, 4318221.743, 140
Trd, 4318222.293, 140
Trd, 4318223.243, 63
Trd, 4318223.343, 139
Trd, 4318223.743, 75
Trd, 4318224.443, 139
Trd, 4318225.843, 140
Trd, 4318227.143, 140
Trd, 4318228.643, 139
Trd, 4318229.143, 140
Trd, 4318229.393, 139
Trd, 4318229.493, 138
Trd, 4318230.143, 137
Trd, 4318231.243, 137
Trd, 4318231.593, 139
Trd, 4318232.393, 140
Trd, 4318232.643, 140
Trd, 4318232.793, 140
Trd, 4318233.143, 82
Trd, 4318233.643, 138
Trd, 4318234.043, 139
Trd, 4318235.393, 140
Trd, 4318235.643, 140
Trd, 4318235.843, 139
Trd, 4318236.593, 137
Trd, 4318237.093, 139
Trd, 4318238.343, 62
Trd, 4318238.993, 140
Trd, 4318240.293, 140
Trd, 4318241.293, 140
Trd, 4318243.393, 140
Trd, 4318244.543, 140
Trd, 4318245.293, 140
Trd, 4318245.343, 139
Trd, 4318245.943, 140
Trd, 4318245.993, 140
Trd, 4318246.843, 140
Trd, 4318249.343, 140
Trd, 4318249.793, 140
Trd, 4318250.393, 140
Trd, 4318250.943, 140
Trd, 4318251.343, 140
Trd, 4318252.143, 140
Trd, 4318252.893, 140
Trd, 4318254.293, 140
Trd, 4318254.843, 140
Trd, 4318254.993, 140
Trd, 4318255.143, 140
Trd, 4318256.093, 140
Trd, 4318256.493, 140
Trd, 4318258.093, 140
Trd, 4318258.343, 139
Trd, 4318260.193, 140
Trd, 4318260.593, 140
Trd, 4318261.243, 140
Trd, 4318262.743, 140
Trd, 4318263.093, 140
Trd, 4318263.893, 140
Trd, 4318263.993, 140
Trd, 4318264.193, 140
Trd, 4318265.993, 140
Trd, 4318266.793, 138
Trd, 4318267.643, 140
Trd, 4318268.343, 140
Trd, 4318268.593, 140
Trd, 4318270.343, 138
Trd, 4318270.643, 138
Trd, 4318270.743, 87
Trd, 4318271.943, 63
Trd, 4318271.993, 138
Trd, 4318272.593, 132
Trd, 4318272.993, 76
Trd, 4318274.193, 140
Trd, 4318275.793, 140
Trd, 4318276.193, 140
Trd, 4318276.343, 140
Trd, 4318276.943, 140
Trd, 4318277.193, 139
Trd, 4318279.293, 140
Trd, 4318279.443, 140
Trd, 4318280.543, 140
Trd, 4318280.593, 140
Trd, 4318281.593, 138
Trd, 4318281.643, 73
Trd, 4318282.443, 81
Trd, 4318283.693, 64
Trd, 4318284.293, 61
Trd, 4318284.393, 66
Trd, 4318284.693, 63
Trd, 4318285.693, 136
Trd, 4318286.743, 139
Trd, 4318287.443, 140
Trd, 4318287.793, 140
Trd, 4318288.143, 140
Trd, 4318289.043, 140
Trd, 4318290.793, 140
Trd, 4318291.143, 140
Trd, 4318291.793, 140
Trd, 4318292.593, 140
Trd, 4318292.743, 139
Trd, 4318293.343, 140
Trd, 4318294.843, 140
Trd, 4318295.493, 140
Trd, 4318295.543, 138
Trd, 4318296.043, 140
Trd, 4318296.643, 138
Trd, 4318298.043, 69
Trd, 4318298.293, 93
Trd, 4318299.643, 101
Trd, 4318300.443, 140
Trd, 4318301.393, 139
Trd, 4318302.393, 140
Trd, 4318302.443, 139
Trd, 4318303.093, 140
Trd, 4318304.343, 140
Trd, 4318304.543, 140
Trd, 4318305.393, 140
Trd, 4318305.793, 140
Trd, 4318306.293, 139
Trd, 4318307.593, 139
Trd, 4318308.443, 140
Trd, 4318309.293, 140
Trd, 4318310.143, 140
Trd, 4318310.593, 140
Trd, 4318310.693, 140
Trd, 4318311.393, 140
Trd, 4318312.993, 140
Trd, 4318313.593, 140
Trd, 4318314.243, 140
Trd, 4318315.243, 140
Trd, 4318315.593, 140
Trd, 4318315.993, 140
Trd, 4318318.893, 140
Trd, 4318319.343, 140
Trd, 4318320.443, 140
Trd, 4318321.193, 140
Trd, 4318321.593, 140
Trd, 4318323.143, 140
Trd, 4318323.743, 140
Trd, 4318325.143, 140
Trd, 4318325.643, 140
Trd, 4318325.693, 139
Trd, 4318326.593, 140
Trd, 4318327.643, 140
Trd, 4318328.193, 140
Trd, 4318329.693, 140
Trd, 4318329.843, 140
Trd, 4318330.543, 140
Trd, 4318331.493, 140
Trd, 4318331.743, 139
Trd, 4318332.743, 140
Trd, 4318333.393, 139
Trd, 4318333.843, 140
Trd, 4318335.143, 140
Trd, 4318335.793, 140
Trd, 4318336.393, 140
Trd, 4318337.543, 139
Trd, 4318337.593, 139
Trd, 4318338.443, 140
Trd, 4318339.093, 139
Trd, 4318339.743, 60
Trd, 4318339.843, 97
Trd, 4318340.043, 140
Trd, 4318340.593, 139
Trd, 4318341.243, 140
Trd, 4318341.293, 75
Trd, 4318341.843, 137
Trd, 4318343.143, 108
Trd, 4318344.543, 140
Trd, 4318345.643, 139
Trd, 4318345.893, 140
Trd, 4318346.493, 140
Trd, 4318346.593, 140
Trd, 4318347.793, 140
Trd, 4318349.393, 140
Trd, 4318349.993, 140
Trd, 4318350.043, 139
Trd, 4318350.943, 140
Trd, 4318351.793, 140
Trd, 4318352.143, 139
Trd, 4318354.093, 140
Trd, 4318354.943, 140
Trd, 4318354.993, 140
Trd, 4318355.843, 131
Trd, 4318356.243, 139
Trd, 4318356.393, 137
Trd, 4318356.643, 138
Trd, 4318358.693, 139
Trd, 4318358.843, 138
Trd, 4318358.893, 136
Trd, 4318359.343, 94
Trd, 4318360.243, 140
Trd, 4318362.393, 140
Trd, 4318362.593, 140
Trd, 4318362.793, 139
Trd, 4318363.643, 62
Trd, 4318363.943, 63
Trd, 4318364.293, 126
Trd, 4318364.943, 140
Trd, 4318365.793, 61
Trd, 4318365.943, 62
Trd, 4318366.243, 130
Trd, 4318367.743, 62
Trd, 4318368.243, 139
Trd, 4318368.793, 140
Trd, 4318368.843, 140
Trd, 4318370.343, 140
Trd, 4318370.643, 83
Trd, 4318370.743, 60
Trd, 4318371.693, 60
Trd, 4318372.443, 60
Trd, 4318372.793, 66
Trd, 4318373.143, 112
Trd, 4318373.643, 60
Trd, 4318374.393, 139
Trd, 4318374.893, 61
Trd, 4318375.393, 74
Trd, 4318376.593, 139
Trd, 4318377.493, 71
Trd, 4318378.543, 140
Trd, 4318379.393, 140
Trd, 4318379.543, 138
Trd, 4318380.143, 136
Trd, 4318381.393, 140
Trd, 4318383.193, 140
Trd, 4318383.443, 140
Trd, 4318383.543, 140
Trd, 4318383.893, 140
Trd, 4318384.643, 140
Trd, 4318385.393, 136
Trd, 4318386.593, 140
Trd, 4318387.393, 140
Trd, 4318387.843, 140
Trd, 4318387.943, 139
Trd, 4318389.543, 139
Trd, 4318389.743, 139
Trd, 4318390.943, 138
Trd, 4318391.693, 137
Trd, 4318391.993, 139
Trd, 4318392.093, 122
Trd, 4318393.943, 139
Trd, 4318394.743, 140
Trd, 4318395.793, 140
Trd, 4318396.743, 140
Trd, 4318397.443, 139
Trd, 4318398.043, 138
Trd, 4318398.243, 124
Trd, 4318398.443, 140
Trd, 4318398.693, 118
Trd, 4318400.243, 140
Trd, 4318401.793, 140
Trd, 4318401.893, 140
Trd, 4318402.193, 140
Trd, 4318402.243, 140
Trd, 4318402.793, 60
Trd, 4318402.843, 61
Trd, 4318404.143, 139
Trd, 4318404.193, 138
Trd, 4318404.693, 104
Trd, 4318405.293, 140
Trd, 4318407.543, 140
Trd, 4318408.693, 140
Trd, 4318409.343, 140
Trd, 4318410.293, 140
Trd, 4318410.793, 140
Trd, 4318411.193, 140
Trd, 4318411.493, 140
Trd, 4318413.693, 140
Trd, 4318413.743, 140
Trd, 4318414.843, 140
Trd, 4318415.543, 140
Trd, 4318415.893, 139
Trd, 4318416.043, 139
Trd, 4318419.093, 140
Trd, 4318419.993, 140
Trd, 4318420.793, 140
Trd, 4318421.043, 140
Trd, 4318421.093, 138
Trd, 4318422.443, 66
Trd, 4318423.193, 139
Trd, 4318424.193, 140
Trd, 4318424.993, 140
Trd, 4318425.443, 139
Trd, 4318425.993, 139
Trd, 4318426.093, 139
Trd, 4318427.293, 138
Trd, 4318428.493, 140
Trd, 4318428.643, 139
Trd, 4318428.693, 137
Trd, 4318429.943, 140
Trd, 4318430.143, 140
Trd, 4318430.743, 139
Trd, 4318431.343, 140
Trd, 4318432.493, 139
Trd, 4318432.843, 61
Trd, 4318434.843, 140
Trd, 4318434.893, 140
Trd, 4318435.143, 140
Trd, 4318435.743, 140
Trd, 4318436.393, 132
Trd, 4318436.743, 140
Trd, 4318438.393, 140
Trd, 4318438.493, 139
Trd, 4318438.943, 135
Trd, 4318440.543, 132
Trd, 4318440.793, 106
Trd, 4318441.993, 140
Trd, 4318442.643, 140
Trd, 4318442.693, 140
Trd, 4318444.693, 140
Trd, 4318445.143, 140
Trd, 4318446.793, 140
Trd, 4318447.843, 140
Trd, 4318447.993, 140
Trd, 4318448.143, 139
Trd, 4318448.543, 139
Trd, 4318450.093, 140
Trd, 4318451.043, 140
Trd, 4318451.243, 135
Trd, 4318452.193, 140
Trd, 4318452.243, 130
Trd, 4318452.393, 88
Trd, 4318453.593, 140
Trd, 4318453.743, 139
Trd, 4318454.793, 139
Trd, 4318456.993, 140
Trd, 4318457.543, 140
Trd, 4318457.743, 140
Trd, 4318459.443, 140
Trd, 4318459.943, 140
Trd, 4318460.543, 140
Trd, 4318460.943, 140
Trd, 4318462.543, 140
Trd, 4318463.043, 140
Trd, 4318464.293, 79
Trd, 4318464.793, 61
Trd, 4318464.843, 62
Trd, 4318464.943, 69
Trd, 4318465.993, 140
Trd, 4318466.193, 118
Trd, 4318466.843, 63
Trd, 4318467.843, 140
Trd, 4318467.993, 140
Trd, 4318468.693, 140
Trd, 4318470.043, 140
Trd, 4318470.143, 140
Trd, 4318470.793, 140
Trd, 4318473.493, 140
Trd, 4318473.693, 140
Trd, 4318473.743, 139
Trd, 4318473.843, 139
Trd, 4318474.043, 82
Trd, 4318474.793, 105
Trd, 4318475.993, 102
Trd, 4318477.893, 140
Trd, 4318478.093, 140
Trd, 4318478.843, 140
Trd, 4318478.893, 139
Trd, 4318480.643, 140
Trd, 4318481.543, 140
Trd, 4318482.343, 140
Trd, 4318482.393, 139
Trd, 4318482.493, 139
Trd, 4318483.493, 139
Trd, 4318483.943, 137
Trd, 4318484.693, 140
Trd, 4318486.043, 140
Trd, 4318487.343, 140
Trd, 4318488.493, 140
Trd, 4318488.943, 140
Trd, 4318489.593, 140
Trd, 4318491.043, 140
Trd, 4318491.393, 140
Trd, 4318491.693, 140
Trd, 4318492.543, 140
Trd, 4318493.743, 140
Trd, 4318493.793, 139
Trd, 4318493.943, 139
Trd, 4318495.493, 140
Trd, 4318496.393, 140
Trd, 4318497.143, 140
Trd, 4318497.193, 140
Trd, 4318498.043, 140
Trd, 4318498.993, 140
Trd, 4318500.793, 140
Trd, 4318501.143, 140
Trd, 4318502.143, 140
Trd, 4318502.393, 140
Trd, 4318502.743, 134
Trd, 4318503.993, 140
Trd, 4318505.243, 139
Trd, 4318506.043, 139
Trd, 4318507.443, 140
Trd, 4318507.493, 140
Trd, 4318508.393, 140
Trd, 4318509.343, 140
Trd, 4318509.593, 140
Trd, 4318509.843, 140
Trd, 4318509.893, 140
Trd, 4318510.243, 140
Trd, 4318512.493, 140
Trd, 4318512.993, 140
Trd, 4318514.543, 140
Trd, 4318515.443, 140
Trd, 4318515.893, 140
Trd, 4318516.243, 139
Trd, 4318516.593, 138
Trd, 4318516.743, 138
Trd, 4318516.943, 134
Trd, 4318517.243, 140
Trd, 4318517.793, 138
Trd, 4318519.843, 140
Trd, 4318520.143, 140
Trd, 4318520.643, 139
Trd, 4318520.843, 138
Trd, 4318522.043, 134
Trd, 4318522.443, 138
Trd, 4318522.593, 140
Trd, 4318523.593, 140
Trd, 4318524.193, 140
Trd, 4318525.243, 140
Trd, 4318526.243, 140
Trd, 4318526.593, 140
Trd, 4318528.893, 140
Trd, 4318529.543, 140
Trd, 4318530.343, 140
Trd, 4318531.343, 140
Trd, 4318531.993, 140
Trd, 4318532.493, 140
Trd, 4318533.143, 140
Trd, 4318533.843, 140
Trd, 4318534.343, 140
Trd, 4318535.293, 140
Trd, 4318535.343, 138
Trd, 4318535.743, 139
Trd, 4318536.343, 138
Trd, 4318536.943, 140
Trd, 4318537.043, 139
Trd, 4318537.393, 139
Trd, 4318538.193, 139
Trd, 4318539.293, 140
Trd, 4318539.693, 140
Trd, 4318540.343, 139
Trd, 4318540.743, 138
Trd, 4318541.343, 139
Trd, 4318541.793, 139
Trd, 4318542.343, 130
Trd, 4318543.793, 134
Trd, 4318543.993, 89
Trd, 4318544.393, 122
Trd, 4318544.793, 83
Trd, 4318544.843, 133
Trd, 4318545.343, 134
Trd, 4318545.993, 82
Trd, 4318547.693, 140
Trd, 4318547.793, 139
Trd, 4318548.593, 140
Trd, 4318548.993, 140
Trd, 4318549.293, 139
Trd, 4318549.593, 68
Trd, 4318550.543, 140
Trd, 4318552.093, 140
Trd, 4318552.293, 139
Trd, 4318552.343, 139
Trd, 4318553.943, 139
Trd, 4318554.493, 140
Trd, 4318554.993, 140
Trd, 4318555.243, 137
Trd, 4318555.793, 136
Trd, 4318557.393, 139
Trd, 4318557.493, 138
Trd, 4318559.093, 140
Trd, 4318559.743, 140
Trd, 4318560.943, 140
Trd, 4318561.443, 140
Trd, 4318561.693, 140
Trd, 4318562.293, 139
Trd, 4318562.393, 138
Trd, 4318563.193, 140
Trd, 4318563.293, 140
Trd, 4318565.493, 140
Trd, 4318566.043, 139
Trd, 4318567.543, 139
Trd, 4318567.593, 139
Trd, 4318568.093, 140
Trd, 4318568.243, 139
Trd, 4318568.543, 87
Trd, 4318569.693, 140
Trd, 4318570.643, 140
Trd, 4318570.993, 138
Trd, 4318571.243, 69
Trd, 4318572.243, 139
Trd, 4318572.993, 140
Trd, 4318573.693, 62
Trd, 4318574.543, 140
Trd, 4318574.793, 139
Trd, 4318575.493, 135
Trd, 4318576.593, 74
Trd, 4318577.343, 65
Trd, 4318577.543, 66
Trd, 4318578.693, 139
Trd, 4318579.093, 138
Trd, 4318580.593, 140
Trd, 4318580.693, 140
Trd, 4318581.893, 139
Trd, 4318582.343, 140
Trd, 4318583.393, 140
Trd, 4318583.993, 140
Trd, 4318584.593, 140
Trd, 4318585.943, 140
Trd, 4318586.143, 138
Trd, 4318586.693, 62
Trd, 4318586.993, 140
Trd, 4318587.443, 138
Trd, 4318587.943, 138
Trd, 4318589.493, 140
Trd, 4318591.293, 140
Trd, 4318592.293, 140
Trd, 4318592.893, 140
Trd, 4318593.043, 140
Trd, 4318593.093, 140
Trd, 4318593.543, 139
Trd, 4318593.643, 102
Trd, 4318594.943, 140
Trd, 4318595.993, 140
Trd, 4318596.943, 140
Trd, 4318597.643, 140
Trd, 4318597.993, 140
Trd, 4318598.293, 139
Trd, 4318598.443, 135
Trd, 4318599.943, 140
Trd, 4318601.343, 140
Trd, 4318602.493, 139
Trd, 4318602.593, 139
Trd, 4318603.143, 140
Trd, 4318603.643, 140
Trd, 4318604.793, 139
Trd, 4318605.443, 140
Trd, 4318605.593, 137
Trd, 4318606.193, 135
Trd, 4318606.743, 140
Trd, 4318607.693, 140
Trd, 4318609.343, 140
Trd, 4318610.793, 140
Trd, 4318610.993, 139
Trd, 4318611.193, 139
Trd, 4318613.093, 140
Trd, 4318613.193, 140
Trd, 4318614.693, 140
Trd, 4318615.243, 140
Trd, 4318616.643, 140
Trd, 4318617.393, 140
Trd, 4318618.143, 140
Trd, 4318618.843, 139
Trd, 4318619.993, 140
Trd, 4318621.893, 140
Trd, 4318622.193, 140
Trd, 4318622.293, 140
Trd, 4318622.443, 140
Trd, 4318622.643, 140
Trd, 4318622.843, 139
Trd, 4318624.293, 140
Trd, 4318624.443, 140
Trd, 4318624.643, 140
Trd, 4318625.393, 137
Trd, 4318625.893, 137
Trd, 4318627.143, 137
Trd, 4318627.343, 135
Trd, 4318629.143, 140
Trd, 4318629.393, 138
Trd, 4318629.543, 137
Trd, 4318629.793, 140
Trd, 4318630.143, 105
Trd, 4318632.043, 140
Trd, 4318632.493, 139
Trd, 4318632.593, 139
Trd, 4318632.743, 140
Trd, 4318634.193, 140
Trd, 4318636.593, 140
Trd, 4318636.743, 140
Trd, 4318637.793, 140
Trd, 4318638.493, 140
Trd, 4318638.693, 140
Trd, 4318638.793, 140
Trd, 4318639.043, 140
Trd, 4318640.693, 140
Trd, 4318641.843, 140
Trd, 4318641.943, 140
Trd, 4318642.193, 139
Trd, 4318642.793, 137
Trd, 4318643.543, 110
Trd, 4318644.093, 112
Trd, 4318645.743, 140
Trd, 4318646.543, 140
Trd, 4318648.393, 140
Trd, 4318648.943, 140
Trd, 4318649.193, 139
Trd, 4318649.243, 139
Trd, 4318649.543, 139
Trd, 4318649.743, 138
Trd, 4318652.143, 140
Trd, 4318652.643, 140
Trd, 4318654.093, 139
Trd, 4318655.093, 140
Trd, 4318655.193, 140
Trd, 4318656.443, 140
Trd, 4318657.593, 140
Trd, 4318657.643, 140
Trd, 4318658.643, 139
Trd, 4318659.093, 139
Trd, 4318660.193, 140
Trd, 4318661.393, 140
Trd, 4318661.693, 140
Trd, 4318662.843, 140
Trd, 4318663.043, 140
Trd, 4318664.143, 140
Trd, 4318665.843, 140
Trd, 4318667.893, 140
Trd, 4318667.993, 140
Trd, 4318668.293, 140
Trd, 4318668.543, 140
Trd, 4318669.943, 140
Trd, 4318670.493, 140
Trd, 4318670.543, 139
Trd, 4318671.043, 137
Trd, 4318672.893, 140
Trd, 4318673.343, 140
Trd, 4318673.543, 140
Trd, 4318674.693, 140
Trd, 4318676.643, 140
Trd, 4318676.893, 140
Trd, 4318677.243, 140
Trd, 4318677.893, 140
Trd, 4318678.443, 140
Trd, 4318680.343, 140
Trd, 4318681.543, 140
Trd, 4318681.593, 139
Trd, 4318682.643, 140
Trd, 4318683.043, 95
Trd, 4318683.293, 140
Trd, 4318683.693, 65
Trd, 4318684.193, 140
Trd, 4318684.993, 64
Trd, 4318685.293, 61
Trd, 4318685.493, 72
Trd, 4318686.943, 140
Trd, 4318687.593, 137
Trd, 4318687.793, 75
Trd, 4318688.443, 64
Trd, 4318688.843, 111
Trd, 4318689.293, 115
Trd, 4318690.793, 64
Trd, 4318691.293, 61
Trd, 4318691.393, 61
Trd, 4318691.843, 64
Trd, 4318692.543, 137
Trd, 4318693.593, 130
Trd, 4318694.043, 69
Trd, 4318695.693, 140
Trd, 4318696.293, 140
Trd, 4318696.343, 139
Trd, 4318697.343, 139
Trd, 4318697.493, 137
Trd, 4318698.043, 140
Trd, 4318699.543, 138
Trd, 4318699.943, 137
Trd, 4318700.343, 61
Trd, 4318700.893, 61
Trd, 4318701.593, 140
Trd, 4318702.793, 140
Trd, 4318702.993, 138
Trd, 4318703.943, 140
Trd, 4318705.993, 140
Trd, 4318706.943, 140
Trd, 4318707.243, 140
Trd, 4318707.643, 140
Trd, 4318708.093, 140
Trd, 4318708.443, 140
Trd, 4318709.193, 140
Trd, 4318709.293, 140
Trd, 4318710.193, 139
Trd, 4318712.593, 140
Trd, 4318712.993, 140
Trd, 4318713.343, 140
Trd, 4318715.843, 140
Trd, 4318716.193, 140
Trd, 4318716.243, 140
Trd, 4318716.493, 140
Trd, 4318717.593, 140
Trd, 4318717.843, 140
Trd, 4318717.993, 140
Trd, 4318719.393, 139
Trd, 4318721.343, 140
Trd, 4318721.443, 137
Trd, 4318722.493, 140
Trd, 4318722.893, 137
Trd, 4318723.943, 138
Trd, 4318724.293, 140
Trd, 4318725.043, 140
Trd, 4318725.493, 140
Trd, 4318725.593, 139
Trd, 4318727.243, 140
Trd, 4318727.843, 140
Trd, 4318728.243, 60
Trd, 4318728.443, 64
Trd, 4318729.793, 140
Trd, 4318730.543, 140
Trd, 4318731.593, 140
Trd, 4318732.343, 140
Trd, 4318732.793, 140
Trd, 4318733.043, 136
Trd, 4318733.943, 140
Trd, 4318734.743, 139
Trd, 4318734.793, 137
Trd, 4318735.193, 135
Trd, 4318736.843, 140
Trd, 4318737.743, 140
Trd, 4318737.793, 140
Trd, 4318738.643, 140
Trd, 4318739.593, 140
Trd, 4318740.243, 140
Trd, 4318741.993, 140
Trd, 4318742.743, 140
Trd, 4318743.093, 140
Trd, 4318743.393, 140
Trd, 4318744.043, 140
Trd, 4318744.943, 140
Trd, 4318746.243, 140
Trd, 4318746.843, 140
Trd, 4318747.893, 140
Trd, 4318748.243, 140
Trd, 4318748.643, 140
Trd, 4318749.693, 137
Trd, 4318750.493, 140
Trd, 4318750.743, 140
Trd, 4318751.043, 139
Trd, 4318751.593, 140
Trd, 4318752.493, 140
Trd, 4318752.793, 139
Trd, 4318752.993, 137
Trd, 4318755.193, 140
Trd, 4318755.393, 140
Trd, 4318755.843, 140
Trd, 4318756.943, 140
Trd, 4318757.843, 139
Trd, 4318758.643, 139
Trd, 4318758.893, 138
Trd, 4318759.543, 140
Trd, 4318760.493, 140
Trd, 4318761.643, 140
Trd, 4318762.693, 140
Trd, 4318763.393, 139
Trd, 4318764.543, 140
Trd, 4318764.693, 139
Trd, 4318765.843, 140
Trd, 4318765.943, 140
Trd, 4318766.493, 139
Trd, 4318767.643, 140
Trd, 4318768.143, 140
Trd, 4318768.593, 140
Trd, 4318769.693, 139
Trd, 4318770.593, 139
Trd, 4318771.393, 138
Trd, 4318771.543, 140
Trd, 4318771.893, 140
Trd, 4318772.193, 140
Trd, 4318772.743, 132
Trd, 4318774.793, 140
Trd, 4318775.193, 140
Trd, 4318775.493, 138
Trd, 4318776.193, 140
Trd, 4318776.593, 136
Trd, 4318776.843, 140
Trd, 4318777.693, 139
Trd, 4318779.093, 140
Trd, 4318779.593, 140
Trd, 4318780.643, 140
Trd, 4318781.243, 140
Trd, 4318782.193, 140
Trd, 4318783.093, 139
Trd, 4318783.993, 140
Trd, 4318784.293, 140
Trd, 4318784.743, 139
Trd, 4318785.143, 140
Trd, 4318785.343, 136
Trd, 4318786.843, 140
Trd, 4318787.493, 140
Trd, 4318787.893, 139
Trd, 4318788.393, 139
Trd, 4318789.243, 138
Trd, 4318790.293, 140
Trd, 4318791.693, 140
Trd, 4318792.293, 140
Trd, 4318793.043, 140
Trd, 4318793.093, 140
Trd, 4318794.193, 140
Trd, 4318794.343, 97
Trd, 4318794.743, 138
Trd, 4318796.393, 140
Trd, 4318797.543, 140
Trd, 4318797.593, 140
Trd, 4318798.393, 140
Trd, 4318798.693, 140
Trd, 4318799.993, 140
Trd, 4318800.243, 139
Trd, 4318801.243, 140
Trd, 4318801.943, 139
Trd, 4318802.243, 94
Trd, 4318802.643, 140
Trd, 4318803.093, 140
Trd, 4318804.243, 140
Trd, 4318804.843, 140
Trd, 4318805.493, 140
Trd, 4318806.293, 140
Trd, 4318807.043, 140
Trd, 4318808.593, 140
Trd, 4318808.743, 140
Trd, 4318809.793, 140
Trd, 4318810.643, 140
Trd, 4318810.843, 140
Trd, 4318813.693, 140
Trd, 4318814.993, 140
Trd, 4318815.593, 140
Trd, 4318816.043, 140
Trd, 4318816.293, 140
Trd, 4318817.293, 140
Trd, 4318817.893, 140
Trd, 4318818.793, 138
Trd, 4318819.193, 138
Trd, 4318820.243, 140
Trd, 4318820.443, 140
Trd, 4318821.893, 138
Trd, 4318823.043, 140
Trd, 4318823.293, 140
Trd, 4318824.693, 140
Trd, 4318825.243, 140
Trd, 4318826.993, 140
Trd, 4318827.493, 140
Trd, 4318828.043, 140
Trd, 4318828.093, 138
Trd, 4318829.543, 140
Trd, 4318830.443, 140
Trd, 4318831.143, 140
Trd, 4318831.743, 140
Trd, 4318832.043, 140
Trd, 4318832.843, 138
Trd, 4318833.393, 138
Trd, 4318833.843, 140
Trd, 4318834.843, 140
Trd, 4318835.693, 139
Trd, 4318836.693, 140
Trd, 4318836.743, 140
Trd, 4318837.593, 139
Trd, 4318838.193, 140
Trd, 4318838.343, 140
Trd, 4318839.443, 140
Trd, 4318840.693, 140
Trd, 4318840.743, 129
Trd, 4318842.443, 140
Trd, 4318842.793, 140
Trd, 4318843.543, 140
Trd, 4318843.843, 140
Trd, 4318845.443, 140
Trd, 4318845.793, 140
Trd, 4318846.543, 140
Trd, 4318846.643, 124
Trd, 4318846.943, 140
Trd, 4318847.543, 139
Trd, 4318849.193, 140
Trd, 4318849.243, 140
Trd, 4318849.993, 139
Trd, 4318850.093, 137
Trd, 4318850.143, 121
Trd, 4318851.693, 137
Trd, 4318852.243, 140
Trd, 4318852.593, 60
Trd, 4318853.493, 63
Trd, 4318853.543, 64
Trd, 4318854.393, 60
Trd, 4318854.743, 62
Trd, 4318856.293, 140
Trd, 4318856.543, 140
Trd, 4318856.593, 140
Trd, 4318857.693, 140
Trd, 4318859.943, 140
Trd, 4318860.443, 140
Trd, 4318860.643, 140
Trd, 4318861.093, 139
Trd, 4318862.643, 140
Trd, 4318863.093, 139
Trd, 4318864.743, 140
Trd, 4318864.893, 140
Trd, 4318866.093, 140
Trd, 4318867.543, 140
Trd, 4318868.643, 140
Trd, 4318868.693, 139
Trd, 4318869.143, 139
Trd, 4318869.193, 138
Trd, 4318869.993, 139
Trd, 4318870.943, 140
Trd, 4318871.693, 140
Trd, 4318872.293, 139
Trd, 4318873.493, 140
Trd, 4318873.793, 140
Trd, 4318873.893, 140
Trd, 4318874.293, 99
Trd, 4318875.143, 139
Trd, 4318875.193, 71
Trd, 4318875.943, 64
Trd, 4318877.343, 139
Trd, 4318877.393, 139
Trd, 4318877.943, 139
Trd, 4318879.393, 138
Trd, 4318879.443, 133
Trd, 4318879.793, 60
Trd, 4318881.393, 140
Trd, 4318881.443, 140
Trd, 4318882.843, 140
Trd, 4318882.993, 139
Trd, 4318884.593, 140
Trd, 4318886.343, 140
Trd, 4318886.493, 140
Trd, 4318887.443, 140
Trd, 4318887.593, 139
Trd, 4318888.543, 140
Trd, 4318889.043, 140
Trd, 4318889.493, 138
Trd, 4318891.043, 140
Trd, 4318891.393, 140
Trd, 4318891.493, 140
Trd, 4318892.643, 140
Trd, 4318893.393, 140
Trd, 4318894.793, 140
Trd, 4318896.543, 140
Trd, 4318898.393, 140
Trd, 4318898.493, 140
Trd, 4318898.793, 140
Trd, 4318899.143, 140
Trd, 4318900.143, 140
Trd, 4318900.793, 140
Trd, 4318901.643, 140
Trd, 4318902.893, 140
Trd, 4318902.993, 140
Trd, 4318904.143, 140
Trd, 4318904.393, 140
Trd, 4318905.993, 140
Trd, 4318906.443, 138
Trd, 4318907.293, 61
Trd, 4318907.443, 62
Trd, 4318908.143, 61
Trd, 4318908.843, 139
Trd, 4318909.743, 140
Trd, 4318910.143, 101
Trd, 4318910.593, 140
Trd, 4318911.243, 138
Trd, 4318911.843, 135
Trd, 4318913.593, 140
Trd, 4318913.743, 140
Trd, 4318914.493, 140
Trd, 4318914.693, 139
Trd, 4318915.293, 65
Trd, 4318915.693, 140
Trd, 4318916.943, 60
Trd, 4318916.993, 60
Trd, 4318918.043, 140
Trd, 4318918.143, 139
Trd, 4318919.293, 140
Trd, 4318920.343, 140
Trd, 4318921.543, 140
Trd, 4318921.743, 140
Trd, 4318921.993, 140
Trd, 4318923.143, 140
Trd, 4318923.743, 140
Trd, 4318924.243, 140
Trd, 4318925.343, 140
Trd, 4318927.043, 140
Trd, 4318927.243, 140
Trd, 4318927.293, 140
Trd, 4318927.493, 139
Trd, 4318927.793, 137
Trd, 4318927.893, 97
Trd, 4318929.543, 140
Trd, 4318929.643, 140
Trd, 4318930.293, 140
Trd, 4318931.093, 139
Trd, 4318931.743, 140
Trd, 4318932.393, 135
Trd, 4318933.393, 139
Trd, 4318934.093, 137
Trd, 4318934.293, 91
Trd, 4318934.493, 140
Trd, 4318936.243, 140
Trd, 4318937.493, 139
Trd, 4318937.743, 139
Trd, 4318937.893, 139
Trd, 4318938.143, 139
Trd, 4318940.093, 140
Trd, 4318940.593, 140
Trd, 4318941.243, 140
Trd, 4318941.593, 140
Trd, 4318941.993, 139
Trd, 4318942.493, 140
Trd, 4318944.593, 140
Trd, 4318944.943, 140
Trd, 4318945.743, 140
Trd, 4318945.893, 139
Trd, 4318946.543, 121
Trd, 4318946.893, 92
Trd, 4318947.693, 139
Trd, 4318948.493, 140
Trd, 4318949.543, 140
Trd, 4318949.643, 140
Trd, 4318950.643, 138
Trd, 4318951.493, 140
Trd, 4318951.893, 140
Trd, 4318952.843, 139
Trd, 4318954.543, 139
Trd, 4318955.293, 140
Trd, 4318955.393, 140
Trd, 4318955.643, 140
Trd, 4318958.143, 140
Trd, 4318959.093, 140
Trd, 4318959.243, 140
Trd, 4318959.293, 139
Trd, 4318959.543, 95
Trd, 4318960.343, 140
Trd, 4318960.893, 138
Trd, 4318961.543, 140
Trd, 4318961.643, 139
Trd, 4318962.193, 85
Trd, 4318962.693, 64
Trd, 4318962.843, 65
Trd, 4318963.993, 140
Trd, 4318964.693, 140
Trd, 4318964.993, 139
Trd, 4318965.593, 140
Trd, 4318966.843, 140
Trd, 4318967.643, 140
Trd, 4318967.843, 140
Trd, 4318968.093, 140
Trd, 4318969.093, 140
Trd, 4318970.343, 140
Trd, 4318970.443, 138
Trd, 4318972.243, 140
Trd, 4318973.243, 140
Trd, 4318973.843, 123
Trd, 4318974.243, 65
Trd, 4318975.693, 140
Trd, 4318976.693, 140
Trd, 4318976.843, 138
Trd, 4318976.993, 140
Trd, 4318977.043, 119
Trd, 4318977.793, 140
Trd, 4318979.443, 140
Trd, 4318979.743, 140
Trd, 4318979.793, 138
Trd, 4318980.193, 139
Trd, 4318981.193, 122
Trd, 4318981.393, 140
Trd, 4318982.743, 140
Trd, 4318984.193, 140
Trd, 4318984.343, 139
Trd, 4318984.593, 139
Trd, 4318985.043, 61
Trd, 4318985.393, 139
Trd, 4318987.693, 140
Trd, 4318987.893, 140
Trd, 4318988.193, 140
Trd, 4318988.393, 139
Trd, 4318988.943, 140
Trd, 4318991.093, 139
Trd, 4318992.243, 140
Trd, 4318992.743, 140
Trd, 4318993.043, 140
Trd, 4318993.093, 140
Trd, 4318993.243, 102
Trd, 4318993.893, 140
Trd, 4318994.193, 64
Trd, 4318995.793, 140
Trd, 4318998.043, 140
Trd, 4318998.693, 140
Trd, 4318998.943, 140
Trd, 4318999.643, 140
Trd, 4319000.893, 140
Trd, 4319001.493, 139
Trd, 4319001.993, 140
Trd, 4319002.143, 137
Trd, 4319002.643, 68
Trd, 4319003.493, 140
Trd, 4319003.993, 140
Trd, 4319004.893, 140
Trd, 4319005.993, 139
Trd, 4319006.293, 140
Trd, 4319007.843, 140
Trd, 4319007.943, 140
Trd, 4319009.593, 140
Trd, 4319010.493, 140
Trd, 4319010.743, 140
Trd, 4319011.193, 140
Trd, 4319012.493, 140
Trd, 4319012.543, 139
Trd, 4319013.443, 140
Trd, 4319013.493, 140
Trd, 4319014.043, 140
Trd, 4319014.343, 140
Trd, 4319014.643, 137
Trd, 4319015.843, 85
Trd, 4319017.543, 140
Trd, 4319017.743, 140
Trd, 4319017.943, 140
Trd, 4319018.893, 74
Trd, 4319019.793, 140
Trd, 4319020.393, 136
Trd, 4319022.593, 140
Trd, 4319023.743, 140
Trd, 4319024.293, 140
Trd, 4319024.593, 140
Trd, 4319025.393, 140
Trd, 4319025.443, 139
Trd, 4319025.593, 139
Trd, 4319026.343, 139
Trd, 4319027.743, 138
Trd, 4319028.093, 105
Trd, 4319029.393, 140
Trd, 4319030.143, 140
Trd, 4319030.693, 140
Trd, 4319032.193, 140
Trd, 4319032.293, 137
Trd, 4319032.443, 138
Trd, 4319033.643, 140
Trd, 4319033.843, 140
Trd, 4319034.693, 140
Trd, 4319035.143, 139
Trd, 4319035.443, 137
Trd, 4319036.643, 138
Trd, 4319037.493, 140
Trd, 4319038.493, 140
Trd, 4319039.043, 140
Trd, 4319039.543, 139
Trd, 4319040.543, 140
Trd, 4319041.593, 140
Trd, 4319042.593, 140
Trd, 4319042.743, 140
Trd, 4319044.193, 140
Trd, 4319044.993, 140
Trd, 4319046.393, 140
Trd, 4319046.543, 140
Trd, 4319047.193, 140
Trd, 4319047.993, 139
Trd, 4319048.743, 140
Trd, 4319049.693, 140
Trd, 4319049.793, 135
Trd, 4319051.193, 140
Trd, 4319051.493, 140
Trd, 4319051.543, 139
Trd, 4319052.893, 140
Trd, 4319053.743, 139
Trd, 4319053.793, 134
Trd, 4319053.893, 118
Trd, 4319055.043, 140
Trd, 4319055.193, 140
Trd, 4319056.543, 140
Trd, 4319057.343, 140
Trd, 4319058.743, 140
Trd, 4319059.693, 140
Trd, 4319059.943, 140
Trd, 4319060.143, 140
Trd, 4319060.343, 140
Trd, 4319062.443, 140
Trd, 4319062.693, 138
Trd, 4319063.143, 139
Trd, 4319063.343, 139
Trd, 4319065.443, 139
Trd, 4319066.043, 139
Trd, 4319067.143, 140
Trd, 4319067.243, 139
Trd, 4319068.643, 140
Trd, 4319068.893, 140
Trd, 4319069.493, 138
Trd, 4319069.843, 139
Trd, 4319070.343, 140
Trd, 4319071.693, 140
Trd, 4319071.843, 137
Trd, 4319072.993, 140
Trd, 4319073.843, 139
Trd, 4319074.743, 140
Trd, 4319075.443, 140
Trd, 4319075.693, 138
Trd, 4319075.743, 97
Trd, 4319076.343, 139
Trd, 4319077.843, 63
Trd, 4319077.993, 140
Trd, 4319078.693, 140
Trd, 4319079.443, 139
Trd, 4319079.843, 139
Trd, 4319081.593, 140
Trd, 4319082.893, 140
Trd, 4319083.843, 140
Trd, 4319084.743, 140
Trd, 4319085.593, 113
Trd, 4319085.943, 107
Trd, 4319086.743, 140
Trd, 4319087.643, 140
Trd, 4319087.693, 139
Trd, 4319088.093, 140
Trd, 4319088.343, 140
Trd, 4319089.343, 140
Trd, 4319090.143, 139
Trd, 4319091.093, 139
Trd, 4319091.693, 134
Trd, 4319092.593, 140
Trd, 4319092.893, 140
Trd, 4319094.093, 138
Trd, 4319094.593, 140
Trd, 4319095.093, 108
Trd, 4319096.993, 140
Trd, 4319097.443, 140
Trd, 4319097.843, 140
Trd, 4319098.643, 140
Trd, 4319100.393, 140
Trd, 4319100.793, 139
Trd, 4319101.143, 138
Trd, 4319102.043, 80
Trd, 4319102.943, 140
Trd, 4319103.243, 140
Trd, 4319104.093, 140
Trd, 4319104.893, 140
Trd, 4319105.343, 139
Trd, 4319106.043, 138
Trd, 4319106.593, 137
Trd, 4319107.543, 140
Trd, 4319107.793, 139
Trd, 4319109.843, 140
Trd, 4319111.293, 140
Trd, 4319112.043, 140
Trd, 4319112.293, 140
Trd, 4319112.693, 140
Trd, 4319113.293, 140
Trd, 4319113.493, 140
Trd, 4319113.593, 139
Trd, 4319114.843, 63
Trd, 4319115.393, 74
Trd, 4319116.793, 140
Trd, 4319117.143, 140
Trd, 4319118.143, 140
Trd, 4319118.743, 140
Trd, 4319118.993, 138
Trd, 4319119.043, 138
Trd, 4319119.543, 140
Trd, 4319120.043, 137
Trd, 4319121.943, 140
Trd, 4319122.343, 140
Trd, 4319123.243, 140
Trd, 4319123.543, 140
Trd, 4319124.393, 139
Trd, 4319126.043, 140
Trd, 4319127.143, 140
Trd, 4319128.343, 140
Trd, 4319128.393, 139
Trd, 4319128.643, 140
Trd, 4319128.693, 122
Trd, 4319129.293, 139
Trd, 4319129.443, 138
Trd, 4319130.193, 64
Trd, 4319130.793, 60
Trd, 4319132.143, 140
Trd, 4319132.993, 140
Trd, 4319133.943, 140
Trd, 4319134.293, 140
Trd, 4319135.243, 140
Trd, 4319135.843, 140
Trd, 4319136.193, 140
Trd, 4319136.993, 140
Trd, 4319137.893, 140
Trd, 4319138.943, 140
Trd, 4319140.393, 139
Trd, 4319141.193, 140
Trd, 4319143.143, 140
Trd, 4319143.193, 140
Trd, 4319143.293, 140
Trd, 4319143.343, 139
Trd, 4319143.543, 139
Trd, 4319144.343, 74
Trd, 4319144.493, 83
Trd, 4319144.943, 139
Trd, 4319145.543, 63
Trd, 4319148.143, 95
Trd, 4319148.343, 139
Trd, 4319148.443, 93
Trd, 4319148.643, 132
Trd, 4319149.943, 138
Trd, 4319151.393, 140
Trd, 4319151.443, 139
Trd, 4319151.793, 140
Trd, 4319153.193, 140
Trd, 4319153.543, 139
Trd, 4319154.493, 140
Trd, 4319154.743, 140
Trd, 4319156.093, 139
Trd, 4319156.143, 110
Trd, 4319156.943, 140
Trd, 4319157.643, 140
Trd, 4319159.343, 140
Trd, 4319159.693, 140
Trd, 4319160.243, 135
Trd, 4319160.443, 75
Trd, 4319162.943, 140
Trd, 4319163.643, 140
Trd, 4319163.793, 140
Trd, 4319164.393, 140
Trd, 4319165.093, 140
Trd, 4319165.443, 140
Trd, 4319166.143, 140
Trd, 4319167.343, 140
Trd, 4319168.843, 140
Trd, 4319169.293, 140
Trd, 4319170.443, 140
Trd, 4319170.893, 140
Trd, 4319170.993, 137
Trd, 4319172.393, 140
Trd, 4319172.543, 140
Trd, 4319173.343, 140
Trd, 4319173.543, 140
Trd, 4319174.593, 140
Trd, 4319176.093, 140
Trd, 4319176.143, 140
Trd, 4319178.043, 139
Trd, 4319178.393, 118
Trd, 4319179.093, 140
Trd, 4319179.993, 140
Trd, 4319180.043, 140
Trd, 4319180.693, 140
Trd, 4319181.493, 140
Trd, 4319182.243, 139
Trd, 4319184.793, 140
Trd, 4319184.993, 140
Trd, 4319185.793, 140
Trd, 4319186.443, 140
Trd, 4319186.643, 139
Trd, 4319187.693, 140
Trd, 4319188.093, 139
Trd, 4319189.293, 140
Trd, 4319189.593, 138
Trd, 4319189.693, 135
Trd, 4319192.293, 140
Trd, 4319193.693, 140
Trd, 4319193.943, 140
Trd, 4319194.843, 140
Trd, 4319195.043, 140
Trd, 4319195.193, 140
Trd, 4319195.643, 140
Trd, 4319196.193, 140
Trd, 4319196.443, 110
Trd, 4319197.143, 102
Trd, 4319197.493, 140
Trd, 4319199.243, 140
Trd, 4319200.043, 138
Trd, 4319200.343, 140
Trd, 4319201.043, 140
Trd, 4319201.493, 139
Trd, 4319201.693, 136
Trd, 4319202.543, 140
Trd, 4319204.093, 139
Trd, 4319204.743, 140
Trd, 4319204.793, 83
Trd, 4319205.743, 61
Trd, 4319205.943, 68
Trd, 4319207.293, 140
Trd, 4319207.343, 139
Trd, 4319207.593, 140
Trd, 4319207.743, 139
Trd, 4319208.743, 135
Trd, 4319209.093, 134
Trd, 4319211.193, 139
Trd, 4319211.343, 69
Trd, 4319212.793, 140
Trd, 4319213.393, 140
Trd, 4319213.793, 140
Trd, 4319214.293, 139
Trd, 4319214.743, 139
Trd, 4319215.893, 140
Trd, 4319216.993, 138
Trd, 4319217.993, 139
Trd, 4319219.293, 140
Trd, 4319219.543, 139
Trd, 4319219.593, 138
Trd, 4319220.393, 137
Trd, 4319220.893, 69
Trd, 4319221.443, 119
Trd, 4319223.093, 140
Trd, 4319223.993, 140
Trd, 4319224.793, 140
Trd, 4319225.143, 140
Trd, 4319225.443, 140
Trd, 4319226.393, 140
Trd, 4319227.193, 140
Trd, 4319227.943, 140
Trd, 4319228.093, 140
Trd, 4319228.243, 139
Trd, 4319229.893, 140
Trd, 4319229.993, 138
Trd, 4319231.393, 140
Trd, 4319231.893, 140
Trd, 4319233.343, 140
Trd, 4319233.693, 139
Trd, 4319233.893, 139
Trd, 4319234.143, 139
Trd, 4319234.893, 140
Trd, 4319235.743, 139
Trd, 4319236.293, 134
Trd, 4319237.393, 140
Trd, 4319237.443, 139
Trd, 4319238.943, 140
Trd, 4319239.493, 140
Trd, 4319239.993, 140
Trd, 4319240.143, 138
Trd, 4319241.943, 138
Trd, 4319242.043, 102
Trd, 4319243.043, 140
Trd, 4319243.443, 140
Trd, 4319243.943, 140
Trd, 4319244.493, 137
Trd, 4319244.643, 111
Trd, 4319246.043, 107
Trd, 4319246.443, 138
Trd, 4319246.793, 140
Trd, 4319247.543, 140
Trd, 4319249.243, 140
Trd, 4319249.343, 140
Trd, 4319251.643, 140
Trd, 4319251.693, 140
Trd, 4319251.993, 140
Trd, 4319252.693, 139
Trd, 4319255.093, 140
Trd, 4319255.343, 140
Trd, 4319256.393, 140
Trd, 4319256.493, 140
Trd, 4319257.643, 140
Trd, 4319259.743, 140
Trd, 4319260.443, 140
Trd, 4319260.793, 140
Trd, 4319260.993, 139
Trd, 4319261.993, 140
Trd, 4319263.393, 140
Trd, 4319264.143, 140
Trd, 4319264.593, 140
Trd, 4319264.943, 139
Trd, 4319267.243, 140
Trd, 4319268.643, 140
Trd, 4319268.893, 140
Trd, 4319269.943, 140
Trd, 4319270.043, 140
Trd, 4319270.593, 140
Trd, 4319271.043, 140
Trd, 4319271.143, 132
Trd, 4319271.993, 140
Trd, 4319272.093, 139
Trd, 4319273.343, 140
Trd, 4319273.743, 140
Trd, 4319274.143, 140
Trd, 4319275.443, 140
Trd, 4319275.893, 140
Trd, 4319277.643, 140
Trd, 4319279.393, 140
Trd, 4319279.443, 140
Trd, 4319280.193, 140
Trd, 4319280.693, 140
Trd, 4319281.893, 140
Trd, 4319282.043, 140
Trd, 4319282.243, 137
Trd, 4319282.493, 65
Trd, 4319284.243, 140
Trd, 4319285.443, 140
Trd, 4319286.193, 140
Trd, 4319286.393, 139
Trd, 4319286.443, 139
Trd, 4319286.893, 139
Trd, 4319288.943, 139
Trd, 4319289.343, 139
Trd, 4319289.843, 138
Trd, 4319289.943, 108
Trd, 4319290.143, 139
Trd, 4319290.493, 83
Trd, 4319290.943, 140
Trd, 4319292.193, 140
Trd, 4319293.743, 140
Trd, 4319294.643, 140
Trd, 4319294.793, 140
Trd, 4319294.993, 140
Trd, 4319296.093, 140
Trd, 4319296.293, 137
Trd, 4319298.843, 140
Trd, 4319299.443, 140
Trd, 4319300.643, 140
Trd, 4319301.443, 140
Trd, 4319301.643, 140
Trd, 4319301.843, 140
Trd, 4319302.043, 139
Trd, 4319302.843, 139
Trd, 4319303.243, 139
Trd, 4319305.093, 140
Trd, 4319305.243, 132
Trd, 4319305.593, 138
Trd, 4319307.243, 140
Trd, 4319307.343, 139
Trd, 4319308.043, 140
Trd, 4319308.093, 140
Trd, 4319310.243, 139
Trd, 4319311.093, 140
Trd, 4319311.743, 140
Trd, 4319311.943, 139
Trd, 4319312.093, 138
Trd, 4319312.193, 135
Trd, 4319312.693, 61
Trd, 4319312.793, 62
Trd, 4319314.243, 140
Trd, 4319316.293, 140
Trd, 4319317.243, 140
Trd, 4319317.493, 140
Trd, 4319317.643, 139
Trd, 4319318.443, 138
Trd, 4319319.043, 140
Trd, 4319319.693, 140
Trd, 4319320.693, 140
Trd, 4319321.243, 140
Trd, 4319321.843, 140
Trd, 4319322.443, 140
Trd, 4319323.493, 140
Trd, 4319325.393, 140
Trd, 4319325.693, 140
Trd, 4319326.043, 140
Trd, 4319326.943, 140
Trd, 4319328.093, 140
Trd, 4319328.643, 140
Trd, 4319328.943, 140
Trd, 4319329.443, 140
Trd, 4319330.993, 140
Trd, 4319331.643, 140
Trd, 4319333.393, 140
Trd, 4319334.243, 140
Trd, 4319334.993, 140
Trd, 4319335.293, 137
Trd, 4319337.143, 140
Trd, 4319338.443, 140
Trd, 4319338.493, 140
Trd, 4319338.543, 139
Trd, 4319338.593, 137
Trd, 4319338.643, 135
Trd, 4319338.993, 140
Trd, 4319340.693, 140
Trd, 4319341.843, 140
Trd, 4319343.543, 140
Trd, 4319343.593, 140
Trd, 4319343.843, 140
Trd, 4319343.893, 108
Trd, 4319345.243, 140
Trd, 4319346.243, 140
Trd, 4319346.293, 140
Trd, 4319347.143, 140
Trd, 4319347.343, 140
Trd, 4319347.893, 140
Trd, 4319350.243, 140
Trd, 4319350.793, 140
Trd, 4319351.293, 140
Trd, 4319351.743, 140
Trd, 4319351.993, 80
Trd, 4319353.043, 140
Trd, 4319353.593, 140
Trd, 4319354.043, 138
Trd, 4319355.593, 139
Trd, 4319356.193, 138
Trd, 4319356.243, 134
Trd, 4319356.893, 114
Trd, 4319357.843, 110
Trd, 4319357.893, 86
Trd, 4319358.043, 140
Trd, 4319360.343, 140
Trd, 4319361.993, 140
Trd, 4319362.893, 140
Trd, 4319362.993, 139
Trd, 4319363.243, 140
Trd, 4319363.293, 140
Trd, 4319363.543, 139
Trd, 4319364.093, 140
Trd, 4319365.193, 139
Trd, 4319365.443, 140
Trd, 4319366.293, 139
Trd, 4319366.593, 140
Trd, 4319366.893, 139
Trd, 4319367.293, 60
Trd, 4319368.193, 61
Trd, 4319368.543, 135
Trd, 4319368.643, 134
Trd, 4319369.043, 74
Trd, 4319369.943, 140
Trd, 4319370.293, 140
Trd, 4319371.943, 140
Trd, 4319372.043, 138
Trd, 4319372.993, 140
Trd, 4319373.093, 140
Trd, 4319373.843, 140
Trd, 4319374.193, 140
Trd, 4319374.843, 64
Trd, 4319377.343, 139
Trd, 4319378.043, 140
Trd, 4319378.143, 140
Trd, 4319380.143, 140
Trd, 4319380.243, 140
Trd, 4319380.593, 139
Trd, 4319380.993, 140
Trd, 4319381.193, 84
Trd, 4319382.843, 140
Trd, 4319383.643, 140
Trd, 4319385.043, 140
Trd, 4319385.443, 140
Trd, 4319385.543, 140
Trd, 4319386.093, 140
Trd, 4319386.593, 140
Trd, 4319389.593, 140
Trd, 4319390.343, 140
Trd, 4319391.493, 140
Trd, 4319392.643, 140
Trd, 4319393.043, 140
Trd, 4319394.693, 140
Trd, 4319395.343, 140
Trd, 4319396.493, 140
Trd, 4319396.543, 140
Trd, 4319397.743, 140
Trd, 4319398.893, 140
Trd, 4319398.993, 140
Trd, 4319400.243, 140
Trd, 4319400.593, 139
Trd, 4319400.643, 137
Trd, 4319401.793, 140
Trd, 4319402.293, 139
Trd, 4319402.843, 140
Trd, 4319403.993, 140
Trd, 4319404.193, 138
Trd, 4319404.743, 135
Trd, 4319405.743, 140
Trd, 4319406.043, 108
Trd, 4319406.693, 67
Trd, 4319408.893, 140
Trd, 4319409.293, 137
Trd, 4319409.743, 138
Trd, 4319410.293, 136
Trd, 4319411.043, 139
Trd, 4319412.293, 140
Trd, 4319412.893, 140
Trd, 4319413.493, 140
Trd, 4319414.043, 121
Trd, 4319414.243, 140
Trd, 4319414.443, 102
Trd, 4319414.943, 138
Trd, 4319416.343, 103
Trd, 4319416.493, 137
Trd, 4319417.193, 64
Trd, 4319420.193, 140
Trd, 4319420.343, 140
Trd, 4319420.843, 139
Trd, 4319421.093, 138
Trd, 4319421.543, 140
Trd, 4319422.643, 140
Trd, 4319424.993, 140
Trd, 4319425.243, 140
Trd, 4319425.393, 140
Trd, 4319426.093, 140
Trd, 4319428.143, 140
Trd, 4319428.693, 140
Trd, 4319428.843, 140
Trd, 4319429.493, 140
Trd, 4319429.643, 140
Trd, 4319429.893, 139
Trd, 4319430.743, 140
Trd, 4319431.393, 140
Trd, 4319431.893, 138
Trd, 4319432.093, 136
Trd, 4319432.193, 120
Trd, 4319433.843, 140
Trd, 4319434.043, 65
Trd, 4319435.393, 140
Trd, 4319436.493, 140
Trd, 4319436.993, 140
Trd, 4319437.793, 136
Trd, 4319438.043, 140
Trd, 4319440.143, 140
Trd, 4319440.643, 140
Trd, 4319440.843, 138
Trd, 4319441.393, 107
Trd, 4319442.693, 138
Trd, 4319443.143, 140
Trd, 4319444.843, 140
Trd, 4319445.643, 140
Trd, 4319447.043, 140
Trd, 4319447.393, 140
Trd, 4319448.643, 140
Trd, 4319448.893, 140
Trd, 4319449.043, 135
Trd, 4319449.943, 139
Trd, 4319450.293, 139
Trd, 4319450.443, 118
Trd, 4319451.393, 140
Trd, 4319451.843, 140
Trd, 4319452.543, 140
Trd, 4319453.093, 140
Trd, 4319454.643, 140
Trd, 4319456.443, 140
Trd, 4319456.743, 140
Trd, 4319456.893, 140
Trd, 4319457.243, 140
Trd, 4319457.443, 124
Trd, 4319460.293, 140
Trd, 4319460.693, 140
Trd, 4319460.893, 140
Trd, 4319461.543, 140
Trd, 4319462.093, 140
Trd, 4319463.343, 139
Trd, 4319464.143, 140
Trd, 4319464.293, 140
Trd, 4319465.293, 140
Trd, 4319466.093, 140
Trd, 4319466.393, 140
Trd, 4319466.793, 139
Trd, 4319467.093, 83
Trd, 4319468.493, 95
Trd, 4319468.593, 64
Trd, 4319469.343, 140
Trd, 4319470.043, 140
Trd, 4319470.693, 140
Trd, 4319472.343, 140
Trd, 4319472.643, 140
Trd, 4319473.293, 140
Trd, 4319473.593, 140
Trd, 4319475.643, 140
Trd, 4319477.143, 139
Trd, 4319477.393, 140
Trd, 4319477.443, 140
Trd, 4319477.493, 137
Trd, 4319479.493, 137
Trd, 4319480.893, 140
Trd, 4319481.093, 140
Trd, 4319481.393, 140
Trd, 4319481.743, 139
Trd, 4319483.593, 140
Trd, 4319484.293, 140
Trd, 4319484.893, 140
Trd, 4319485.293, 140
Trd, 4319485.443, 138
Trd, 4319486.493, 140
Trd, 4319486.743, 140
Trd, 4319486.843, 139
Trd, 4319489.093, 77
Trd, 4319489.243, 83
Trd, 4319490.243, 140
Trd, 4319490.693, 140
Trd, 4319490.743, 140
Trd, 4319490.893, 140
Trd, 4319491.443, 140
Trd, 4319491.743, 140
Trd, 4319492.343, 101
Trd, 4319492.893, 63
Trd, 4319494.143, 140
Trd, 4319494.493, 140
Trd, 4319495.393, 96
Trd, 4319497.493, 140
Trd, 4319499.293, 140
Trd, 4319499.643, 140
Trd, 4319499.843, 140
Trd, 4319501.693, 140
Trd, 4319502.243, 140
Trd, 4319502.343, 140
Trd, 4319502.493, 140
Trd, 4319503.293, 139
Trd, 4319503.343, 139
Trd, 4319503.993, 140
Trd, 4319506.443, 140
Trd, 4319506.943, 140
Trd, 4319508.793, 140
Trd, 4319508.943, 140
Trd, 4319510.093, 140
Trd, 4319510.643, 140
Trd, 4319511.893, 140
Trd, 4319511.943, 140
Trd, 4319512.093, 140
Trd, 4319512.793, 140
Trd, 4319514.243, 140
Trd, 4319514.943, 140
Trd, 4319514.993, 140
Trd, 4319515.443, 140
Trd, 4319515.693, 138
Trd, 4319516.843, 140
Trd, 4319519.643, 140
Trd, 4319520.193, 140
Trd, 4319520.493, 140
Trd, 4319520.943, 139
Trd, 4319521.043, 138
Trd, 4319521.293, 134
Trd, 4319522.093, 140
Trd, 4319523.643, 116
Trd, 4319523.743, 82
Trd, 4319524.743, 140
Trd, 4319525.593, 139
Trd, 4319526.843, 140
Trd, 4319527.293, 140
Trd, 4319528.193, 140
Trd, 4319529.193, 140
Trd, 4319529.843, 140
Trd, 4319531.493, 140
Trd, 4319531.793, 140
Trd, 4319532.993, 140
Trd, 4319533.593, 139
Trd, 4319533.793, 139
Trd, 4319534.293, 140
Trd, 4319535.943, 140
Trd, 4319536.443, 140
Trd, 4319536.743, 140
Trd, 4319537.393, 140
Trd, 4319538.743, 138
Trd, 4319538.943, 117
Trd, 4319538.993, 116
Trd, 4319539.843, 140
Trd, 4319542.593, 140
Trd, 4319542.643, 139
Trd, 4319543.143, 140
Trd, 4319543.943, 140
Trd, 4319546.393, 140
Trd, 4319547.193, 140
Trd, 4319547.243, 140
Trd, 4319547.393, 140
Trd, 4319547.843, 140
Trd, 4319549.393, 140
Trd, 4319551.193, 140
Trd, 4319551.643, 140
Trd, 4319551.743, 139
Trd, 4319551.893, 139
Trd, 4319552.143, 140
Trd, 4319554.493, 140
Trd, 4319555.393, 140
Trd, 4319556.893, 140
Trd, 4319557.093, 140
Trd, 4319558.293, 140
Trd, 4319559.543, 140
Trd, 4319560.793, 140
Trd, 4319560.893, 140
Trd, 4319561.843, 140
Trd, 4319561.943, 140
Trd, 4319563.043, 140
Trd, 4319564.393, 140
Trd, 4319565.043, 140
Trd, 4319565.843, 140
Trd, 4319566.793, 140
Trd, 4319567.193, 140
Trd, 4319567.743, 140
Trd, 4319569.543, 140
Trd, 4319570.643, 140
Trd, 4319571.193, 140
Trd, 4319571.393, 139
Trd, 4319573.043, 140
Trd, 4319573.943, 140
Trd, 4319574.343, 140
Trd, 4319575.043, 140
Trd, 4319575.643, 139
Trd, 4319576.543, 139
Trd, 4319576.743, 139
Trd, 4319576.993, 138
Trd, 4319577.343, 140
Trd, 4319578.093, 140
Trd, 4319578.693, 140
Trd, 4319578.843, 140
Trd, 4319580.643, 140
Trd, 4319581.793, 140
Trd, 4319582.143, 139
Trd, 4319582.743, 140
Trd, 4319583.193, 140
Trd, 4319584.093, 138
Trd, 4319584.443, 65
Trd, 4319585.793, 139
Trd, 4319586.143, 139
Trd, 4319587.893, 140
Trd, 4319589.443, 140
Trd, 4319589.893, 140
Trd, 4319590.493, 139
Trd, 4319590.543, 139
Trd, 4319592.643, 140
Trd, 4319593.243, 140
Trd, 4319594.593, 138
Trd, 4319594.743, 139
Trd, 4319595.393, 139
Trd, 4319595.943, 140
Trd, 4319597.243, 140
Trd, 4319597.393, 139
Trd, 4319597.443, 139
Trd, 4319597.643, 138
Trd, 4319597.943, 111
Trd, 4319598.143, 136
Trd, 4319598.693, 140
Trd, 4319599.543, 140
Trd, 4319600.293, 140
Trd, 4319601.793, 140
Trd, 4319603.793, 140
Trd, 4319604.393, 140
Trd, 4319604.493, 140
Trd, 4319606.243, 140
Trd, 4319606.593, 140
Trd, 4319606.743, 138
Trd, 4319607.843, 140
Trd, 4319608.143, 139
Trd, 4319609.243, 140
Trd, 4319609.393, 140
Trd, 4319611.843, 140
Trd, 4319612.393, 140
Trd, 4319612.743, 140
Trd, 4319613.393, 139
Trd, 4319613.693, 139
Trd, 4319615.343, 139
Trd, 4319616.043, 80
Trd, 4319616.293, 123
Trd, 4319617.493, 140
Trd, 4319618.793, 140
Trd, 4319619.543, 140
Trd, 4319620.493, 140
Trd, 4319621.143, 139
Trd, 4319622.043, 140
Trd, 4319622.993, 140
Trd, 4319624.193, 140
Trd, 4319624.593, 140
Trd, 4319626.743, 140
Trd, 4319627.093, 140
Trd, 4319627.393, 140
Trd, 4319627.793, 140
Trd, 4319628.943, 139
Trd, 4319629.293, 139
Trd, 4319631.893, 140
Trd, 4319632.143, 140
Trd, 4319632.593, 140
Trd, 4319632.743, 140
Trd, 4319633.143, 138
Trd, 4319634.093, 139
Trd, 4319634.143, 139
Trd, 4319634.843, 139
Trd, 4319634.993, 138
Trd, 4319636.893, 140
Trd, 4319637.843, 140
Trd, 4319638.043, 140
Trd, 4319638.093, 136
Trd, 4319638.593, 78
Trd, 4319639.593, 76
Trd, 4319640.893, 139
Trd, 4319641.943, 140
Trd, 4319642.693, 140
Trd, 4319643.043, 140
Trd, 4319644.043, 137
Trd, 4319644.143, 136
Trd, 4319644.393, 92
Trd, 4319644.593, 139
Trd, 4319645.593, 138
Trd, 4319645.643, 139
Trd, 4319646.443, 88
Trd, 4319646.843, 140
Trd, 4319647.893, 140
Trd, 4319650.293, 140
Trd, 4319650.443, 140
Trd, 4319651.743, 140
Trd, 4319651.793, 140
Trd, 4319652.543, 73
Trd, 4319652.643, 70
Trd, 4319652.993, 60
Trd, 4319653.293, 98
Trd, 4319653.693, 137
Trd, 4319654.293, 138
Trd, 4319654.393, 104
Trd, 4319655.193, 140
Trd, 4319655.893, 140
Trd, 4319656.693, 140
Trd, 4319657.693, 140
Trd, 4319657.943, 140
Trd, 4319659.043, 140
Trd, 4319659.393, 139
Trd, 4319660.293, 140
Trd, 4319661.593, 140
Trd, 4319661.793, 139
Trd, 4319662.443, 139
Trd, 4319664.543, 140
Trd, 4319666.093, 140
Trd, 4319666.343, 140
Trd, 4319668.093, 140
Trd, 4319668.193, 140
Trd, 4319668.543, 140
Trd, 4319668.943, 139
Trd, 4319670.593, 140
Trd, 4319670.893, 140
Trd, 4319671.793, 140
Trd, 4319672.993, 140
Trd, 4319673.243, 140
Trd, 4319674.243, 140
Trd, 4319674.443, 139
Trd, 4319674.993, 140
Trd, 4319676.343, 138
Trd, 4319676.443, 137
Trd, 4319676.843, 140
Trd, 4319677.843, 70
Trd, 4319678.543, 140
Trd, 4319678.693, 74
Trd, 4319679.793, 140
Trd, 4319681.093, 140
Trd, 4319681.993, 140
Trd, 4319682.693, 140
Trd, 4319682.793, 140
Trd, 4319683.843, 140
Trd, 4319684.943, 140
Trd, 4319685.243, 140
Trd, 4319685.643, 140
Trd, 4319685.943, 135
Trd, 4319686.843, 139
Trd, 4319688.243, 140
Trd, 4319689.643, 140
Trd, 4319690.743, 140
Trd, 4319690.893, 140
Trd, 4319691.193, 140
Trd, 4319692.593, 140
Trd, 4319692.893, 139
Trd, 4319693.343, 140
Trd, 4319693.593, 139
Trd, 4319694.243, 140
Trd, 4319696.643, 140
Trd, 4319697.093, 140
Trd, 4319697.793, 139
Trd, 4319698.493, 140
Trd, 4319698.543, 140
Trd, 4319699.493, 140
Trd, 4319699.993, 139
Trd, 4319700.743, 139
Trd, 4319701.443, 113
Trd, 4319702.993, 140
Trd, 4319703.543, 140
Trd, 4319704.193, 140
Trd, 4319704.443, 137
Trd, 4319706.043, 140
Trd, 4319706.643, 140
Trd, 4319707.293, 140
Trd, 4319707.893, 140
Trd, 4319708.143, 140
Trd, 4319708.443, 139
Trd, 4319709.493, 140
Trd, 4319710.493, 140
Trd, 4319711.693, 140
Trd, 4319712.543, 140
Trd, 4319713.143, 140
Trd, 4319713.443, 140
Trd, 4319714.793, 140
Trd, 4319715.443, 140
Trd, 4319716.293, 140
Trd, 4319717.243, 140
Trd, 4319717.343, 140
Trd, 4319717.893, 140
Trd, 4319718.743, 140
Trd, 4319720.393, 140
Trd, 4319720.643, 140
Trd, 4319720.993, 133
Trd, 4319722.543, 65
Trd, 4319722.693, 66
Trd, 4319723.393, 140
Trd, 4319724.593, 140
Trd, 4319725.193, 140
Trd, 4319725.343, 139
Trd, 4319725.943, 140
Trd, 4319726.543, 140
Trd, 4319727.143, 140
Trd, 4319727.693, 140
Trd, 4319728.443, 140
Trd, 4319729.293, 140
Trd, 4319729.393, 140
Trd, 4319730.643, 139
Trd, 4319732.693, 140
Trd, 4319732.843, 140
Trd, 4319734.193, 140
Trd, 4319734.443, 140
Trd, 4319736.193, 140
Trd, 4319736.593, 140
Trd, 4319737.343, 140
Trd, 4319738.593, 140
Trd, 4319738.843, 139
Trd, 4319739.043, 140
Trd, 4319740.393, 140
Trd, 4319740.643, 63
Trd, 4319740.743, 62
Trd, 4319742.443, 140
Trd, 4319742.543, 140
Trd, 4319742.593, 138
Trd, 4319743.243, 64
Trd, 4319744.043, 75
Trd, 4319746.543, 140
Trd, 4319746.943, 140
Trd, 4319747.143, 139
Trd, 4319748.143, 139
Trd, 4319749.093, 140
Trd, 4319750.243, 140
Trd, 4319751.393, 140
Trd, 4319751.543, 139
Trd, 4319751.893, 139
Trd, 4319752.543, 136
Trd, 4319753.143, 140
Trd, 4319754.243, 140
Trd, 4319754.643, 140
Trd, 4319755.043, 139
Trd, 4319755.543, 134
Trd, 4319757.393, 140
Trd, 4319757.943, 140
Trd, 4319759.243, 140
Trd, 4319760.493, 140
Trd, 4319761.343, 140
Trd, 4319761.393, 140
Trd, 4319762.743, 139
Trd, 4319763.793, 140
Trd, 4319764.393, 140
Trd, 4319764.493, 140
Trd, 4319765.293, 140
Trd, 4319765.943, 140
Trd, 4319766.343, 140
Trd, 4319766.443, 139
Trd, 4319767.743, 95
Trd, 4319767.793, 71
Trd, 4319768.393, 65
Trd, 4319768.593, 66
Trd, 4319768.993, 140
Trd, 4319770.043, 75
Trd, 4319771.743, 140
Trd, 4319771.843, 139
Trd, 4319772.693, 140
Trd, 4319773.243, 139
Trd, 4319774.593, 140
Trd, 4319775.243, 140
Trd, 4319776.643, 140
Trd, 4319776.693, 140
Trd, 4319777.243, 139
Trd, 4319777.893, 140
Trd, 4319778.543, 140
Trd, 4319779.693, 140
Trd, 4319780.743, 140
Trd, 4319780.993, 139
Trd, 4319781.893, 140
Trd, 4319782.593, 140
Trd, 4319782.693, 140
Trd, 4319782.843, 64
Trd, 4319783.593, 136
Trd, 4319784.243, 139
Trd, 4319784.493, 138
Trd, 4319786.843, 140
Trd, 4319786.993, 140
Trd, 4319788.293, 140
Trd, 4319788.743, 140
Trd, 4319789.543, 139
Trd, 4319789.893, 138
Trd, 4319791.443, 127
Trd, 4319792.843, 140
Trd, 4319794.043, 140
Trd, 4319795.593, 140
Trd, 4319795.693, 140
Trd, 4319796.143, 140
Trd, 4319796.593, 140
Trd, 4319797.693, 140
Trd, 4319797.943, 140
Trd, 4319799.043, 140
Trd, 4319799.543, 140
Trd, 4319799.893, 140
Trd, 4319801.143, 140
Trd, 4319801.393, 139
Trd, 4319801.493, 139
Trd, 4319801.543, 99
Trd, 4319802.843, 140
Trd, 4319803.193, 140
Trd, 4319803.793, 69
Trd, 4319803.843, 81
Trd, 4319804.643, 140
Trd, 4319805.843, 63
Trd, 4319806.543, 140
Trd, 4319807.293, 140
Trd, 4319808.243, 140
Trd, 4319808.493, 97
Trd, 4319809.893, 140
Trd, 4319811.843, 140
Trd, 4319811.893, 140
Trd, 4319813.593, 140
Trd, 4319813.693, 140
Trd, 4319813.893, 140
Trd, 4319815.493, 140
Trd, 4319816.293, 140
Trd, 4319816.993, 140
Trd, 4319817.243, 140
Trd, 4319818.343, 140
Trd, 4319819.843, 140
Trd, 4319819.943, 140
Trd, 4319820.893, 140
Trd, 4319821.993, 140
Trd, 4319822.043, 140
Trd, 4319823.393, 140
Trd, 4319823.793, 140
Trd, 4319824.293, 139
Trd, 4319824.743, 138
Trd, 4319826.043, 139
Trd, 4319827.793, 140
Trd, 4319828.293, 140
Trd, 4319829.993, 140
Trd, 4319830.443, 140
Trd, 4319830.993, 139
Trd, 4319831.393, 96
Trd, 4319831.893, 67
Trd, 4319833.093, 140
Trd, 4319833.693, 65
Trd, 4319833.993, 66
Trd, 4319835.343, 138
Trd, 4319835.893, 138
Trd, 4319836.493, 139
Trd, 4319837.643, 60
Trd, 4319837.793, 62
Trd, 4319838.343, 62
Trd, 4319838.793, 62
Trd, 4319840.143, 96
Trd, 4319840.943, 60
Trd, 4319840.993, 60
Trd, 4319842.243, 140
Trd, 4319842.643, 138
Trd, 4319842.993, 140
Trd, 4319843.543, 97
Trd, 4319843.693, 68
Trd, 4319844.993, 140
Trd, 4319845.393, 139
Trd, 4319846.743, 139
Trd, 4319846.943, 137
Trd, 4319847.043, 140
Trd, 4319847.743, 139
Trd, 4319848.293, 140
Trd, 4319848.693, 140
Trd, 4319848.893, 132
Trd, 4319849.593, 140
Trd, 4319849.693, 140
Trd, 4319850.943, 140
Trd, 4319852.193, 140
Trd, 4319853.443, 140
Trd, 4319855.143, 140
Trd, 4319855.593, 140
Trd, 4319855.993, 138
Trd, 4319856.243, 135
Trd, 4319857.493, 140
Trd, 4319859.243, 140
Trd, 4319859.993, 140
Trd, 4319860.193, 140
Trd, 4319860.543, 138
Trd, 4319861.243, 139
Trd, 4319861.993, 139
Trd, 4319862.943, 71
Trd, 4319863.343, 140
Trd, 4319864.093, 76
Trd, 4319864.943, 67
Trd, 4319865.043, 67
Trd, 4319865.743, 60
Trd, 4319867.093, 67
Trd, 4319867.143, 70
Trd, 4319868.193, 64
Trd, 4319869.643, 65
Trd, 4319869.693, 67
Trd, 4319870.243, 60
Trd, 4319870.543, 67
Trd, 4319870.943, 66
Trd, 4319871.393, 60
Trd, 4319872.893, 60
Trd, 4319873.943, 61
Trd, 4319874.843, 61
Trd, 4319875.293, 61
Trd, 4319875.893, 77
Trd, 4319875.993, 129
Trd, 4319876.543, 63
Trd, 4319876.793, 139
Trd, 4319878.343, 61
Trd, 4319878.543, 66
Trd, 4319879.593, 140
Trd, 4319879.743, 140
Trd, 4319879.943, 140
Trd, 4319880.243, 140
Trd, 4319880.393, 104
Trd, 4319881.043, 140
Trd, 4319881.793, 137
Trd, 4319883.143, 140
Trd, 4319884.193, 139
Trd, 4319884.243, 99
Trd, 4319885.343, 140
Trd, 4319885.543, 140
Trd, 4319886.193, 137
Trd, 4319887.793, 137
Trd, 4319888.243, 139
Trd, 4319889.743, 140
Trd, 4319890.993, 140
Trd, 4319893.543, 140
Trd, 4319893.593, 140
Trd, 4319893.993, 140
Trd, 4319894.493, 140
Trd, 4319895.443, 140
Trd, 4319895.493, 140
Trd, 4319895.993, 138
Trd, 4319896.043, 138
Trd, 4319897.143, 139
Trd, 4319897.493, 140
Trd, 4319899.493, 140
Trd, 4319899.993, 139
Trd, 4319900.843, 140
Trd, 4319901.893, 140
Trd, 4319902.543, 140
Trd, 4319902.893, 140
Trd, 4319903.143, 138
Trd, 4319904.343, 138
Trd, 4319904.693, 140
Trd, 4319905.393, 140
Trd, 4319907.443, 137
Trd, 4319907.893, 137
Trd, 4319908.893, 70
Trd, 4319908.993, 66
Trd, 4319910.143, 140
Trd, 4319910.543, 63
Trd, 4319910.993, 64
Trd, 4319911.343, 68
Trd, 4319911.393, 107
Trd, 4319912.193, 139
Trd, 4319912.493, 140
Trd, 4319914.043, 140
Trd, 4319914.293, 114
Trd, 4319915.193, 139
Trd, 4319915.393, 137
Trd, 4319916.693, 139
Trd, 4319916.943, 74
Trd, 4319917.193, 94
Trd, 4319917.543, 62
Trd, 4319918.343, 140
Trd, 4319920.143, 140
Trd, 4319920.493, 140
Trd, 4319920.893, 138
Trd, 4319921.043, 69
Trd, 4319922.843, 140
Trd, 4319922.993, 139
Trd, 4319923.643, 140
Trd, 4319925.043, 140
Trd, 4319925.143, 140
Trd, 4319925.243, 139
Trd, 4319926.743, 140
Trd, 4319927.193, 140
Trd, 4319927.643, 140
Trd, 4319927.993, 140
Trd, 4319928.193, 139
Trd, 4319929.943, 139
Trd, 4319930.143, 92
Trd, 4319931.643, 140
Trd, 4319931.693, 136
Trd, 4319932.493, 67
Trd, 4319933.943, 140
Trd, 4319934.143, 140
Trd, 4319934.543, 140
Trd, 4319936.193, 140
Trd, 4319936.943, 139
Trd, 4319937.043, 137
Trd, 4319937.693, 94
Trd, 4319938.393, 140
Trd, 4319938.893, 140
Trd, 4319939.693, 140
Trd, 4319941.843, 140
Trd, 4319942.193, 140
Trd, 4319942.493, 140
Trd, 4319942.643, 140
Trd, 4319942.993, 140
Trd, 4319943.343, 140
Trd, 4319944.993, 140
Trd, 4319945.393, 140
Trd, 4319946.343, 140
Trd, 4319946.793, 140
Trd, 4319947.093, 140
Trd, 4319947.143, 138
Trd, 4319948.743, 140
Trd, 4319949.543, 140
Trd, 4319949.643, 139
Trd, 4319950.093, 140
Trd, 4319951.093, 140
Trd, 4319952.393, 140
Trd, 4319954.443, 140
Trd, 4319956.093, 140
Trd, 4319956.343, 140
Trd, 4319956.893, 139
Trd, 4319956.993, 139
Trd, 4319958.643, 140
Trd, 4319958.843, 140
Trd, 4319958.993, 140
Trd, 4319959.543, 140
Trd, 4319961.693, 140
Trd, 4319962.843, 139
Trd, 4319963.243, 139
Trd, 4319963.543, 140
Trd, 4319964.143, 140
Trd, 4319964.243, 140
Trd, 4319966.043, 140
Trd, 4319966.593, 140
Trd, 4319967.743, 140
Trd, 4319967.793, 139
Trd, 4319969.693, 140
Trd, 4319969.943, 140
Trd, 4319970.343, 139
Trd, 4319970.943, 139
Trd, 4319971.643, 140
Trd, 4319971.993, 140
Trd, 4319972.093, 140
Trd, 4319972.843, 140
Trd, 4319975.343, 140
Trd, 4319975.443, 140
Trd, 4319975.843, 140
Trd, 4319976.193, 140
Trd, 4319977.743, 138
Trd, 4319978.593, 137
Trd, 4319980.343, 139
Trd, 4319980.543, 138
Trd, 4319980.643, 138
Trd, 4319981.543, 140
Trd, 4319981.843, 140
Trd, 4319982.893, 140
Trd, 4319983.993, 140
Trd, 4319984.143, 140
Trd, 4319984.343, 140
Trd, 4319984.743, 140
Trd, 4319984.893, 140
Trd, 4319986.393, 140
Trd, 4319987.943, 140
Trd, 4319988.043, 140
Trd, 4319988.393, 139
Trd, 4319988.593, 138
Trd, 4319988.843, 104
Trd, 4319989.893, 140
Trd, 4319991.493, 140
Trd, 4319991.593, 140
Trd, 4319993.043, 139
Trd, 4319993.643, 139
Trd, 4319994.093, 136
Trd, 4319994.593, 138
Trd, 4319995.693, 140
Trd, 4319997.643, 140
Trd, 4319997.743, 140
Trd, 4319998.093, 140
Trd, 4319998.693, 140
Trd, 4319999.843, 139
