Trd, 4318161.243, 60
Trd, 4318161.543, 62
Trd, 4318161.943, 63
Trd, 4318164.143, 60
Trd, 4318164.243, 60
Trd, 4318165.643, 60
Trd, 4318166.143, 63
Trd, 4318166.893, 60
Trd, 4318167.243, 67
Trd, 4318167.793, 60
Trd, 4318169.643, 62
Trd, 4318170.443, 60
Trd, 4318171.443, 60
Trd, 4318172.893, 60
Trd, 4318173.093, 60
Trd, 4318173.843, 61
Trd, 4318174.343, 62
Trd, 4318174.793, 61
Trd, 4318175.143, 115
Trd, 4318175.593, 134
Trd, 4318176.893, 140
Trd, 4318177.493, 138
Trd, 4318178.043, 140
Trd, 4318178.643, 140
Trd, 4318178.843, 140
Trd, 4318178.893, 139
Trd, 4318179.843, 140
Trd, 4318180.593, 60
Trd, 4318181.343, 60
Trd, 4318181.593, 61
Trd, 4318182.293, 77
Trd, 4318183.143, 60
Trd, 4318183.793, 61
Trd, 4318185.943, 61
Trd, 4318186.643, 60
Trd, 4318186.893, 62
Trd, 4318186.993, 70
Trd, 4318187.093, 140
Trd, 4318187.243, 61
Trd, 4318188.293, 140
Trd, 4318189.193, 65
Trd, 4318190.493, 69
Trd, 4318191.243, 67
Trd, 4318191.643, 75
Trd, 4318192.343, 113
Trd, 4318193.143, 67
Trd, 4318194.493, 66
Trd, 4318194.893, 140
Trd, 4318197.043, 60
Trd, 4318197.143, 62
Trd, 4318197.293, 63
Trd, 4318197.443, 71
Trd, 4318198.343, 60
Trd, 4318198.743, 61
Trd, 4318198.993, 85
Trd, 4318200.643, 60
Trd, 4318201.093, 60
Trd, 4318201.143, 61
Trd, 4318201.743, 67
Trd, 4318202.293, 60
Trd, 4318203.643, 60
Trd, 4318204.543, 60
Trd, 4318205.293, 62
Trd, 4318206.193, 60
Trd, 4318206.393, 66
Trd, 4318206.693, 65
Trd, 4318207.743, 63
Trd, 4318208.743, 140
Trd, 4318209.093, 140
Trd, 4318209.193, 140
Trd, 4318209.393, 140
Trd, 4318209.793, 128
Trd, 4318210.993, 60
Trd, 4318211.193, 61
Trd, 4318213.743, 60
Trd, 4318214.243, 60
Trd, 4318214.893, 61
Trd, 4318215.093, 64
Trd, 4318215.243, 86
Trd, 4318217.293, 61
Trd, 4318217.893, 60
Trd, 4318218.343, 64
Trd, 4318219.243, 60
Trd, 4318220.193, 60
Trd, 4318220.643, 61
Trd, 4318220.743, 61
Trd, 4318221.943, 64
Trd, 4318223.343, 63
Trd, 4318224.443, 61
Trd, 4318224.993, 66
Trd, 4318225.793, 61
Trd, 4318226.043, 62
Trd, 4318226.843, 62
Trd, 4318227.143, 62
Trd, 4318227.193, 65
Trd, 4318228.743, 60
Trd, 4318230.493, 60
Trd, 4318230.593, 75
Trd, 4318231.643, 60
Trd, 4318232.393, 60
Trd, 4318232.543, 62
Trd, 4318234.093, 61
Trd, 4318235.093, 60
Trd, 4318235.443, 62
Trd, 4318235.543, 64
Trd, 4318236.193, 60
Trd, 4318237.193, 66
Trd, 4318237.593, 65
Trd, 4318237.793, 67
Trd, 4318238.393, 110
Trd, 4318238.443, 65
Trd, 4318239.593, 75
Trd, 4318240.043, 69
Trd, 4318241.593, 60
Trd, 4318241.843, 60
Trd, 4318242.343, 61
Trd, 4318242.393, 62
Trd, 4318243.093, 66
Trd, 4318243.393, 68
Trd, 4318243.593, 64
Trd, 4318243.843, 108
Trd, 4318244.393, 63
Trd, 4318244.893, 60
Trd, 4318245.343, 61
Trd, 4318246.943, 63
Trd, 4318247.693, 61
Trd, 4318247.743, 68
Trd, 4318249.943, 60
Trd, 4318251.093, 60
Trd, 4318251.243, 60
Trd, 4318251.893, 61
Trd, 4318252.943, 60
Trd, 4318253.543, 60
Trd, 4318254.043, 60
Trd, 4318254.843, 65
Trd, 4318255.043, 66
Trd, 4318255.543, 140
Trd, 4318256.043, 140
Trd, 4318256.643, 65
Trd, 4318257.543, 65
Trd, 4318258.843, 60
Trd, 4318258.943, 62
Trd, 4318259.893, 60
Trd, 4318260.293, 60
Trd, 4318260.643, 60
Trd, 4318261.643, 62
Trd, 4318262.593, 63
Trd, 4318262.993, 61
Trd, 4318263.193, 70
Trd, 4318263.543, 62
Trd, 4318264.893, 140
Trd, 4318265.493, 140
Trd, 4318265.693, 140
Trd, 4318266.043, 140
Trd, 4318266.193, 140
Trd, 4318266.793, 70
Trd, 4318267.343, 60
Trd, 4318268.293, 64
Trd, 4318269.793, 140
Trd, 4318269.993, 140
Trd, 4318271.643, 140
Trd, 4318272.293, 140
Trd, 4318273.343, 140
Trd, 4318273.493, 140
Trd, 4318273.543, 140
Trd, 4318273.943, 139
Trd, 4318274.743, 67
Trd, 4318275.193, 72
Trd, 4318276.243, 66
Trd, 4318276.643, 62
Trd, 4318276.943, 60
Trd, 4318277.893, 140
Trd, 4318278.493, 140
Trd, 4318278.993, 138
Trd, 4318279.143, 137
Trd, 4318280.043, 140
Trd, 4318280.543, 139
Trd, 4318283.243, 140
Trd, 4318283.293, 140
Trd, 4318283.493, 140
Trd, 4318283.843, 139
Trd, 4318284.243, 109
Trd, 4318285.143, 140
Trd, 4318285.243, 139
Trd, 4318287.093, 140
Trd, 4318287.443, 140
Trd, 4318288.543, 140
Trd, 4318288.793, 139
Trd, 4318289.243, 139
Trd, 4318289.293, 139
Trd, 4318292.343, 60
Trd, 4318292.443, 62
Trd, 4318292.693, 60
Trd, 4318293.093, 63
Trd, 4318293.143, 71
Trd, 4318294.193, 137
Trd, 4318294.643, 137
Trd, 4318294.743, 136
Trd, 4318294.793, 68
Trd, 4318295.243, 138
Trd, 4318297.543, 65
Trd, 4318297.693, 65
Trd, 4318298.693, 64
Trd, 4318299.443, 140
Trd, 4318300.693, 140
Trd, 4318301.393, 140
Trd, 4318301.643, 140
Trd, 4318301.943, 140
Trd, 4318302.443, 140
Trd, 4318302.843, 140
Trd, 4318304.343, 140
Trd, 4318305.193, 140
Trd, 4318306.193, 140
Trd, 4318306.993, 140
Trd, 4318307.343, 139
Trd, 4318307.843, 139
Trd, 4318308.393, 140
Trd, 4318309.193, 140
Trd, 4318309.893, 113
Trd, 4318310.693, 140
Trd, 4318311.093, 135
Trd, 4318311.743, 140
Trd, 4318313.343, 140
Trd, 4318313.593, 140
Trd, 4318313.743, 138
Trd, 4318313.893, 127
Trd, 4318314.343, 140
Trd, 4318314.743, 140
Trd, 4318315.443, 140
Trd, 4318316.143, 140
Trd, 4318317.543, 140
Trd, 4318319.193, 140
Trd, 4318319.293, 140
Trd, 4318319.443, 140
Trd, 4318319.643, 139
Trd, 4318320.443, 140
Trd, 4318322.043, 140
Trd, 4318322.493, 140
Trd, 4318322.593, 140
Trd, 4318323.793, 140
Trd, 4318323.943, 140
Trd, 4318324.143, 140
Trd, 4318325.793, 140
Trd, 4318326.393, 140
Trd, 4318326.693, 140
Trd, 4318326.743, 140
Trd, 4318327.793, 140
Trd, 4318328.443, 140
Trd, 4318328.843, 140
Trd, 4318328.943, 140
Trd, 4318329.143, 140
Trd, 4318331.243, 140
Trd, 4318332.343, 140
Trd, 4318332.493, 140
Trd, 4318332.743, 139
Trd, 4318333.793, 140
Trd, 4318334.893, 139
Trd, 4318335.243, 138
Trd, 4318335.893, 101
Trd, 4318336.343, 140
Trd, 4318337.693, 60
Trd, 4318338.143, 62
Trd, 4318338.293, 65
Trd, 4318339.843, 140
Trd, 4318339.993, 140
Trd, 4318340.793, 140
Trd, 4318341.493, 140
Trd, 4318341.693, 139
Trd, 4318342.293, 139
Trd, 4318342.893, 139
Trd, 4318343.493, 140
Trd, 4318343.943, 140
Trd, 4318344.993, 140
Trd, 4318346.143, 140
Trd, 4318346.643, 140
Trd, 4318346.793, 139
Trd, 4318348.093, 140
Trd, 4318348.493, 140
Trd, 4318348.593, 140
Trd, 4318348.693, 140
Trd, 4318349.393, 137
Trd, 4318350.343, 138
Trd, 4318350.743, 112
Trd, 4318351.593, 137
Trd, 4318351.693, 136
Trd, 4318352.043, 140
Trd, 4318352.793, 139
Trd, 4318352.843, 138
Trd, 4318354.443, 121
Trd, 4318354.493, 120
Trd, 4318355.543, 94
Trd, 4318356.093, 63
Trd, 4318357.193, 139
Trd, 4318357.593, 139
Trd, 4318358.243, 138
Trd, 4318358.643, 140
Trd, 4318358.693, 137
Trd, 4318359.843, 140
Trd, 4318360.393, 140
Trd, 4318361.143, 140
Trd, 4318361.243, 140
Trd, 4318361.893, 140
Trd, 4318362.143, 139
Trd, 4318362.943, 140
Trd, 4318363.343, 140
Trd, 4318363.543, 139
Trd, 4318364.043, 92
Trd, 4318365.043, 140
Trd, 4318365.793, 140
Trd, 4318366.593, 140
Trd, 4318366.843, 68
Trd, 4318367.993, 64
Trd, 4318368.693, 138
Trd, 4318369.893, 63
Trd, 4318370.493, 64
Trd, 4318370.843, 62
Trd, 4318371.243, 72
Trd, 4318371.493, 61
Trd, 4318372.143, 62
Trd, 4318374.543, 67
Trd, 4318374.893, 67
Trd, 4318377.593, 63
Trd, 4318378.193, 63
Trd, 4318378.693, 61
Trd, 4318378.793, 62
Trd, 4318379.393, 60
Trd, 4318380.893, 61
Trd, 4318381.493, 62
Trd, 4318383.193, 61
Trd, 4318383.593, 61
Trd, 4318383.693, 63
Trd, 4318383.793, 63
Trd, 4318384.593, 63
Trd, 4318386.143, 140
Trd, 4318387.243, 140
Trd, 4318387.293, 140
Trd, 4318387.393, 140
Trd, 4318387.743, 139
Trd, 4318387.993, 67
Trd, 4318388.643, 61
Trd, 4318388.743, 62
Trd, 4318389.243, 140
Trd, 4318390.643, 60
Trd, 4318391.993, 64
Trd, 4318392.293, 61
Trd, 4318393.543, 140
Trd, 4318393.693, 140
Trd, 4318393.943, 137
Trd, 4318394.443, 64
Trd, 4318395.343, 63
Trd, 4318395.843, 61
Trd, 4318395.993, 60
Trd, 4318398.243, 60
Trd, 4318399.193, 60
Trd, 4318399.243, 60
Trd, 4318401.393, 61
Trd, 4318401.793, 62
Trd, 4318402.693, 63
Trd, 4318403.493, 60
Trd, 4318403.893, 61
Trd, 4318404.193, 61
Trd, 4318404.243, 61
Trd, 4318405.543, 64
Trd, 4318405.643, 73
Trd, 4318405.943, 65
Trd, 4318406.993, 140
Trd, 4318407.293, 137
Trd, 4318407.493, 101
Trd, 4318409.293, 70
Trd, 4318410.343, 64
Trd, 4318410.843, 64
Trd, 4318411.893, 68
Trd, 4318412.193, 135
Trd, 4318413.343, 60
Trd, 4318414.693, 61
Trd, 4318414.843, 61
Trd, 4318415.643, 60
Trd, 4318415.843, 62
Trd, 4318416.393, 60
Trd, 4318416.743, 61
Trd, 4318417.043, 67
Trd, 4318419.093, 60
Trd, 4318419.343, 60
Trd, 4318419.593, 62
Trd, 4318420.393, 61
Trd, 4318421.143, 65
Trd, 4318421.343, 66
Trd, 4318422.343, 140
Trd, 4318422.493, 137
Trd, 4318423.143, 66
Trd, 4318423.643, 60
Trd, 4318425.093, 60
Trd, 4318425.143, 62
Trd, 4318425.543, 67
Trd, 4318426.743, 70
Trd, 4318426.793, 76
Trd, 4318427.193, 140
Trd, 4318428.693, 60
Trd, 4318429.293, 60
Trd, 4318429.793, 61
Trd, 4318430.193, 63
Trd, 4318430.493, 62
Trd, 4318431.043, 66
Trd, 4318431.993, 119
Trd, 4318432.493, 140
Trd, 4318433.543, 140
Trd, 4318433.643, 140
Trd, 4318433.993, 139
Trd, 4318434.843, 67
Trd, 4318435.543, 60
Trd, 4318435.693, 60
Trd, 4318436.043, 62
Trd, 4318437.693, 60
Trd, 4318438.443, 62
Trd, 4318438.943, 62
Trd, 4318439.343, 60
Trd, 4318439.893, 61
Trd, 4318441.093, 61
Trd, 4318441.393, 60
Trd, 4318441.743, 64
Trd, 4318442.993, 69
Trd, 4318443.943, 140
Trd, 4318444.643, 69
Trd, 4318444.943, 131
Trd, 4318447.043, 60
Trd, 4318447.143, 60
Trd, 4318447.343, 60
Trd, 4318447.993, 60
Trd, 4318448.743, 140
Trd, 4318449.193, 140
Trd, 4318449.543, 140
Trd, 4318449.793, 140
Trd, 4318450.693, 140
Trd, 4318450.843, 140
Trd, 4318451.843, 140
Trd, 4318452.343, 140
Trd, 4318453.593, 140
Trd, 4318453.643, 140
Trd, 4318453.743, 139
Trd, 4318454.093, 86
Trd, 4318455.793, 140
Trd, 4318457.043, 140
Trd, 4318457.393, 139
Trd, 4318458.343, 140
Trd, 4318459.143, 140
Trd, 4318459.393, 140
Trd, 4318459.443, 140
Trd, 4318459.593, 140
Trd, 4318460.243, 140
Trd, 4318461.093, 140
Trd, 4318461.643, 139
Trd, 4318461.993, 140
Trd, 4318463.793, 140
Trd, 4318463.943, 140
Trd, 4318464.793, 139
Trd, 4318465.493, 140
Trd, 4318465.693, 139
Trd, 4318466.243, 140
Trd, 4318466.343, 69
Trd, 4318466.543, 103
Trd, 4318467.793, 139
Trd, 4318469.193, 140
Trd, 4318469.393, 140
Trd, 4318469.943, 140
Trd, 4318470.193, 139
Trd, 4318470.293, 139
Trd, 4318470.593, 139
Trd, 4318471.143, 116
Trd, 4318473.043, 140
Trd, 4318473.543, 139
Trd, 4318474.343, 140
Trd, 4318474.843, 140
Trd, 4318474.993, 139
Trd, 4318475.943, 140
Trd, 4318476.043, 139
Trd, 4318476.243, 120
Trd, 4318476.343, 119
Trd, 4318477.693, 61
Trd, 4318478.643, 66
Trd, 4318480.843, 60
Trd, 4318480.893, 60
Trd, 4318481.693, 61
Trd, 4318482.243, 62
Trd, 4318482.293, 70
Trd, 4318482.693, 61
Trd, 4318482.843, 74
Trd, 4318484.643, 61
Trd, 4318484.693, 63
Trd, 4318485.793, 60
Trd, 4318485.943, 61
Trd, 4318487.043, 63
Trd, 4318487.293, 65
Trd, 4318487.343, 68
Trd, 4318488.043, 114
Trd, 4318488.543, 135
Trd, 4318488.693, 83
Trd, 4318489.643, 84
Trd, 4318489.743, 140
Trd, 4318490.893, 60
Trd, 4318491.643, 62
Trd, 4318492.093, 63
Trd, 4318492.743, 62
Trd, 4318493.393, 62
Trd, 4318493.593, 62
Trd, 4318493.743, 81
Trd, 4318495.793, 60
Trd, 4318498.393, 60
Trd, 4318498.943, 60
Trd, 4318499.543, 60
Trd, 4318499.793, 60
Trd, 4318500.343, 60
Trd, 4318500.893, 62
Trd, 4318501.343, 62
Trd, 4318501.893, 140
Trd, 4318502.243, 139
Trd, 4318502.343, 139
Trd, 4318502.893, 60
Trd, 4318504.343, 140
Trd, 4318504.593, 140
Trd, 4318504.643, 139
Trd, 4318506.343, 140
Trd, 4318506.793, 135
Trd, 4318507.743, 140
Trd, 4318507.843, 140
Trd, 4318509.993, 140
Trd, 4318510.243, 140
Trd, 4318510.293, 140
Trd, 4318510.593, 140
Trd, 4318511.693, 140
Trd, 4318511.793, 140
Trd, 4318512.393, 140
Trd, 4318512.993, 70
Trd, 4318513.393, 140
Trd, 4318514.443, 99
Trd, 4318515.443, 61
Trd, 4318515.693, 63
Trd, 4318516.343, 140
Trd, 4318517.643, 140
Trd, 4318518.143, 140
Trd, 4318518.393, 138
Trd, 4318519.693, 140
Trd, 4318519.843, 139
Trd, 4318519.993, 139
Trd, 4318520.143, 109
Trd, 4318520.743, 140
Trd, 4318521.893, 140
Trd, 4318522.443, 139
Trd, 4318523.243, 70
Trd, 4318524.193, 62
Trd, 4318525.293, 60
Trd, 4318525.443, 62
Trd, 4318526.643, 60
Trd, 4318526.693, 63
Trd, 4318527.843, 61
Trd, 4318528.143, 62
Trd, 4318529.393, 66
Trd, 4318529.993, 71
Trd, 4318530.043, 70
Trd, 4318530.843, 64
Trd, 4318532.393, 87
Trd, 4318533.243, 131
Trd, 4318533.693, 92
Trd, 4318533.993, 92
Trd, 4318534.143, 89
Trd, 4318534.643, 95
Trd, 4318535.043, 66
Trd, 4318536.343, 140
Trd, 4318536.643, 138
Trd, 4318538.693, 140
Trd, 4318538.893, 137
Trd, 4318539.793, 139
Trd, 4318540.443, 140
Trd, 4318541.393, 140
Trd, 4318541.743, 140
Trd, 4318541.843, 140
Trd, 4318542.993, 140
Trd, 4318543.843, 140
Trd, 4318544.643, 140
Trd, 4318546.143, 140
Trd, 4318546.743, 140
Trd, 4318548.793, 140
Trd, 4318549.093, 140
Trd, 4318549.793, 140
Trd, 4318549.843, 140
Trd, 4318549.893, 139
Trd, 4318550.593, 139
Trd, 4318551.243, 93
Trd, 4318551.443, 96
Trd, 4318551.893, 140
Trd, 4318552.243, 92
Trd, 4318552.893, 139
Trd, 4318553.643, 102
Trd, 4318554.293, 86
Trd, 4318555.443, 137
Trd, 4318556.293, 140
Trd, 4318557.143, 140
Trd, 4318557.693, 140
Trd, 4318557.993, 138
Trd, 4318558.543, 140
Trd, 4318558.693, 87
Trd, 4318559.643, 139
Trd, 4318560.093, 138
Trd, 4318560.443, 139
Trd, 4318561.393, 74
Trd, 4318562.143, 75
Trd, 4318562.643, 70
Trd, 4318563.343, 140
Trd, 4318564.093, 139
Trd, 4318564.193, 122
Trd, 4318564.843, 62
Trd, 4318565.793, 60
Trd, 4318566.843, 60
Trd, 4318568.243, 60
Trd, 4318568.393, 61
Trd, 4318569.243, 63
Trd, 4318569.943, 60
Trd, 4318570.493, 88
Trd, 4318571.093, 140
Trd, 4318571.493, 140
Trd, 4318571.593, 139
Trd, 4318572.843, 65
Trd, 4318572.943, 65
Trd, 4318573.443, 66
Trd, 4318574.543, 140
Trd, 4318575.043, 62
Trd, 4318577.393, 60
Trd, 4318577.693, 62
Trd, 4318577.843, 62
Trd, 4318579.393, 62
Trd, 4318579.493, 63
Trd, 4318580.693, 60
Trd, 4318580.893, 60
Trd, 4318581.943, 62
Trd, 4318582.243, 63
Trd, 4318582.693, 62
Trd, 4318583.593, 60
Trd, 4318583.893, 61
Trd, 4318584.193, 134
Trd, 4318584.793, 61
Trd, 4318585.393, 60
Trd, 4318585.543, 63
Trd, 4318585.943, 140
Trd, 4318587.393, 140
Trd, 4318587.443, 139
Trd, 4318588.093, 140
Trd, 4318588.743, 139
Trd, 4318589.193, 137
Trd, 4318589.993, 109
Trd, 4318590.693, 137
Trd, 4318591.393, 140
Trd, 4318591.493, 140
Trd, 4318591.993, 140
Trd, 4318592.943, 140
Trd, 4318592.993, 139
Trd, 4318593.843, 99
Trd, 4318594.243, 99
Trd, 4318594.593, 126
Trd, 4318595.893, 140
Trd, 4318596.143, 139
Trd, 4318596.693, 140
Trd, 4318597.843, 60
Trd, 4318598.393, 73
Trd, 4318599.343, 60
Trd, 4318600.243, 60
Trd, 4318602.293, 60
Trd, 4318602.643, 61
Trd, 4318602.793, 61
Trd, 4318604.143, 60
Trd, 4318604.293, 60
Trd, 4318604.843, 60
Trd, 4318604.943, 62
Trd, 4318605.693, 60
Trd, 4318605.993, 60
Trd, 4318607.143, 60
Trd, 4318607.193, 61
Trd, 4318608.543, 60
Trd, 4318609.343, 60
Trd, 4318610.043, 60
Trd, 4318610.593, 74
Trd, 4318610.993, 108
Trd, 4318612.343, 61
Trd, 4318613.393, 61
Trd, 4318613.443, 66
Trd, 4318614.143, 68
Trd, 4318615.693, 140
Trd, 4318616.493, 140
Trd, 4318616.643, 140
Trd, 4318616.743, 138
Trd, 4318617.393, 137
Trd, 4318618.043, 140
Trd, 4318618.693, 140
Trd, 4318618.993, 140
Trd, 4318619.893, 140
Trd, 4318620.443, 140
Trd, 4318622.693, 140
Trd, 4318622.743, 139
Trd, 4318622.893, 120
Trd, 4318623.193, 119
Trd, 4318624.143, 66
Trd, 4318625.493, 61
Trd, 4318625.993, 60
Trd, 4318626.093, 60
Trd, 4318627.093, 140
Trd, 4318627.643, 140
Trd, 4318627.843, 72
Trd, 4318628.443, 66
Trd, 4318629.693, 60
Trd, 4318629.743, 61
Trd, 4318630.393, 60
Trd, 4318630.993, 112
Trd, 4318631.993, 61
Trd, 4318632.243, 136
Trd, 4318632.693, 65
Trd, 4318633.043, 140
Trd, 4318633.443, 64
Trd, 4318634.243, 112
Trd, 4318634.393, 111
Trd, 4318635.643, 140
Trd, 4318635.943, 138
Trd, 4318636.643, 64
Trd, 4318637.093, 62
Trd, 4318637.293, 65
Trd, 4318637.743, 66
Trd, 4318639.243, 63
Trd, 4318639.593, 63
Trd, 4318640.793, 140
Trd, 4318641.043, 112
Trd, 4318641.843, 112
Trd, 4318642.493, 140
Trd, 4318642.793, 139
Trd, 4318643.993, 140
Trd, 4318645.993, 140
Trd, 4318646.343, 140
Trd, 4318646.693, 139
Trd, 4318647.743, 140
Trd, 4318647.893, 139
Trd, 4318648.293, 139
Trd, 4318648.793, 138
Trd, 4318649.743, 137
Trd, 4318650.143, 84
Trd, 4318650.343, 83
Trd, 4318651.793, 60
Trd, 4318651.943, 60
Trd, 4318652.143, 72
Trd, 4318652.543, 139
Trd, 4318652.693, 118
Trd, 4318654.893, 60
Trd, 4318655.293, 61
Trd, 4318656.043, 67
Trd, 4318657.443, 60
Trd, 4318657.543, 60
Trd, 4318657.593, 61
Trd, 4318659.343, 60
Trd, 4318661.043, 60
Trd, 4318661.643, 61
Trd, 4318662.893, 60
Trd, 4318663.893, 61
Trd, 4318664.393, 66
Trd, 4318665.143, 60
Trd, 4318665.393, 61
Trd, 4318665.893, 62
Trd, 4318666.093, 65
Trd, 4318668.093, 60
Trd, 4318668.443, 60
Trd, 4318669.893, 62
Trd, 4318670.293, 60
Trd, 4318670.743, 62
Trd, 4318671.043, 66
Trd, 4318671.843, 60
Trd, 4318672.093, 60
Trd, 4318672.443, 68
Trd, 4318672.593, 65
Trd, 4318672.793, 61
Trd, 4318674.793, 60
Trd, 4318675.193, 60
Trd, 4318675.543, 62
Trd, 4318676.093, 63
Trd, 4318676.793, 63
Trd, 4318677.743, 140
Trd, 4318677.793, 140
Trd, 4318679.593, 60
Trd, 4318679.743, 60
Trd, 4318680.643, 61
Trd, 4318680.843, 60
Trd, 4318681.693, 60
Trd, 4318682.393, 61
Trd, 4318682.543, 62
Trd, 4318683.943, 61
Trd, 4318685.543, 63
Trd, 4318685.843, 65
Trd, 4318686.393, 65
Trd, 4318686.643, 76
Trd, 4318687.693, 62
Trd, 4318687.893, 123
Trd, 4318688.143, 98
Trd, 4318688.943, 63
Trd, 4318689.193, 69
Trd, 4318689.443, 89
Trd, 4318690.493, 63
Trd, 4318691.343, 60
Trd, 4318692.843, 61
Trd, 4318693.093, 61
Trd, 4318693.793, 62
Trd, 4318695.443, 60
Trd, 4318696.093, 62
Trd, 4318696.943, 64
Trd, 4318697.343, 60
Trd, 4318698.843, 60
Trd, 4318698.993, 61
Trd, 4318699.143, 61
Trd, 4318700.343, 63
Trd, 4318700.493, 63
Trd, 4318700.593, 64
Trd, 4318700.743, 69
Trd, 4318701.993, 60
Trd, 4318702.293, 62
Trd, 4318703.193, 60
Trd, 4318703.693, 66
Trd, 4318705.193, 140
Trd, 4318706.343, 140
Trd, 4318706.393, 140
Trd, 4318707.443, 140
Trd, 4318707.893, 140
Trd, 4318707.993, 139
Trd, 4318708.043, 138
Trd, 4318708.943, 135
Trd, 4318709.293, 82
Trd, 4318710.343, 85
Trd, 4318711.043, 66
Trd, 4318712.093, 140
Trd, 4318712.343, 140
Trd, 4318714.493, 140
Trd, 4318714.593, 140
Trd, 4318715.293, 140
Trd, 4318715.843, 140
Trd, 4318716.243, 139
Trd, 4318716.293, 99
Trd, 4318716.843, 140
Trd, 4318716.993, 140
Trd, 4318717.793, 139
Trd, 4318719.093, 139
Trd, 4318719.943, 82
Trd, 4318721.143, 136
Trd, 4318722.043, 64
Trd, 4318722.393, 68
Trd, 4318723.093, 133
Trd, 4318723.693, 60
Trd, 4318724.543, 140
Trd, 4318724.793, 140
Trd, 4318724.993, 140
Trd, 4318725.593, 139
Trd, 4318725.843, 140
Trd, 4318727.643, 117
Trd, 4318729.193, 140
Trd, 4318729.843, 140
Trd, 4318729.943, 137
Trd, 4318730.093, 76
Trd, 4318730.143, 66
Trd, 4318730.793, 140
Trd, 4318731.043, 140
Trd, 4318732.293, 137
Trd, 4318732.743, 140
Trd, 4318732.793, 139
Trd, 4318734.093, 140
Trd, 4318735.243, 140
Trd, 4318735.343, 140
Trd, 4318735.493, 139
Trd, 4318736.093, 111
Trd, 4318736.743, 123
Trd, 4318737.193, 139
Trd, 4318737.593, 100
Trd, 4318738.143, 98
Trd, 4318738.493, 140
Trd, 4318739.693, 66
Trd, 4318739.943, 138
Trd, 4318740.443, 86
Trd, 4318741.243, 139
Trd, 4318742.193, 84
Trd, 4318742.593, 140
Trd, 4318743.043, 140
Trd, 4318743.243, 140
Trd, 4318744.593, 139
Trd, 4318744.643, 112
Trd, 4318744.793, 88
Trd, 4318746.043, 140
Trd, 4318746.243, 140
Trd, 4318747.493, 140
Trd, 4318747.643, 139
Trd, 4318748.493, 139
Trd, 4318748.793, 139
Trd, 4318750.393, 140
Trd, 4318751.543, 140
Trd, 4318751.743, 140
Trd, 4318751.893, 138
Trd, 4318752.543, 135
Trd, 4318753.543, 140
Trd, 4318754.043, 140
Trd, 4318754.193, 140
Trd, 4318755.193, 139
Trd, 4318755.893, 137
Trd, 4318756.243, 83
Trd, 4318756.343, 132
Trd, 4318757.193, 95
Trd, 4318758.043, 139
Trd, 4318758.243, 78
Trd, 4318758.443, 140
Trd, 4318759.243, 82
Trd, 4318759.593, 60
Trd, 4318761.093, 63
Trd, 4318761.243, 61
Trd, 4318762.243, 138
Trd, 4318763.143, 140
Trd, 4318763.243, 140
Trd, 4318763.993, 137
Trd, 4318764.043, 137
Trd, 4318764.943, 139
Trd, 4318765.493, 90
Trd, 4318765.593, 89
Trd, 4318766.293, 140
Trd, 4318766.943, 139
Trd, 4318767.793, 65
Trd, 4318768.093, 74
Trd, 4318769.193, 60
Trd, 4318769.443, 68
Trd, 4318769.893, 64
Trd, 4318770.243, 65
Trd, 4318770.893, 65
Trd, 4318771.693, 140
Trd, 4318772.243, 140
Trd, 4318773.093, 140
Trd, 4318773.143, 140
Trd, 4318773.243, 139
Trd, 4318774.543, 60
Trd, 4318775.243, 62
Trd, 4318775.993, 63
Trd, 4318776.343, 70
Trd, 4318776.443, 71
Trd, 4318776.643, 124
Trd, 4318777.243, 101
Trd, 4318778.793, 61
Trd, 4318779.043, 60
Trd, 4318779.093, 61
Trd, 4318779.493, 140
Trd, 4318780.193, 139
Trd, 4318780.793, 138
Trd, 4318781.843, 64
Trd, 4318783.193, 61
Trd, 4318783.443, 61
Trd, 4318784.743, 61
Trd, 4318784.943, 63
Trd, 4318785.493, 64
Trd, 4318786.343, 62
Trd, 4318787.693, 114
Trd, 4318788.343, 67
Trd, 4318788.943, 67
Trd, 4318789.443, 65
Trd, 4318789.693, 71
Trd, 4318789.893, 62
Trd, 4318791.043, 66
Trd, 4318791.443, 139
Trd, 4318791.893, 60
Trd, 4318792.493, 60
Trd, 4318794.643, 60
Trd, 4318794.793, 60
Trd, 4318795.243, 61
Trd, 4318795.493, 78
Trd, 4318796.243, 60
Trd, 4318796.593, 139
Trd, 4318796.793, 139
Trd, 4318797.943, 63
Trd, 4318799.393, 60
Trd, 4318799.693, 61
Trd, 4318799.743, 72
Trd, 4318799.893, 74
Trd, 4318800.443, 140
Trd, 4318801.293, 61
Trd, 4318802.843, 61
Trd, 4318802.943, 63
Trd, 4318804.393, 60
Trd, 4318805.893, 61
Trd, 4318806.493, 66
Trd, 4318806.893, 66
Trd, 4318807.293, 66
Trd, 4318807.593, 96
Trd, 4318808.143, 63
Trd, 4318808.793, 60
Trd, 4318808.893, 61
Trd, 4318809.493, 64
Trd, 4318809.793, 62
Trd, 4318810.493, 140
Trd, 4318810.993, 140
Trd, 4318811.643, 140
Trd, 4318812.043, 140
Trd, 4318812.843, 61
Trd, 4318813.843, 137
Trd, 4318814.893, 73
Trd, 4318816.243, 60
Trd, 4318816.593, 61
Trd, 4318817.143, 61
Trd, 4318817.343, 66
Trd, 4318817.793, 69
Trd, 4318818.693, 103
Trd, 4318818.843, 95
Trd, 4318819.293, 115
Trd, 4318820.543, 67
Trd, 4318820.793, 62
Trd, 4318821.893, 60
Trd, 4318822.843, 61
Trd, 4318822.893, 61
Trd, 4318823.093, 62
Trd, 4318823.493, 63
Trd, 4318824.143, 105
Trd, 4318825.043, 62
Trd, 4318825.593, 68
Trd, 4318826.493, 140
Trd, 4318826.893, 140
Trd, 4318827.243, 114
Trd, 4318827.293, 104
Trd, 4318827.743, 140
Trd, 4318829.243, 65
Trd, 4318829.443, 69
Trd, 4318829.843, 61
Trd, 4318830.093, 69
Trd, 4318831.993, 60
Trd, 4318832.593, 60
Trd, 4318833.493, 60
Trd, 4318833.943, 60
Trd, 4318834.793, 61
Trd, 4318835.193, 65
Trd, 4318835.643, 69
Trd, 4318837.443, 60
Trd, 4318837.593, 60
Trd, 4318838.243, 62
Trd, 4318839.443, 60
Trd, 4318839.593, 60
Trd, 4318839.993, 60
Trd, 4318840.193, 60
Trd, 4318841.193, 60
Trd, 4318841.293, 64
Trd, 4318842.593, 61
Trd, 4318843.843, 61
Trd, 4318843.893, 61
Trd, 4318846.093, 60
Trd, 4318846.343, 61
Trd, 4318847.393, 60
Trd, 4318847.643, 60
Trd, 4318847.893, 61
Trd, 4318848.243, 60
Trd, 4318848.943, 60
Trd, 4318849.493, 63
Trd, 4318849.643, 70
Trd, 4318849.893, 62
Trd, 4318852.043, 140
Trd, 4318853.293, 140
Trd, 4318853.843, 140
Trd, 4318853.893, 139
Trd, 4318854.593, 66
Trd, 4318854.843, 139
Trd, 4318854.993, 140
Trd, 4318855.743, 140
Trd, 4318857.043, 106
Trd, 4318858.343, 140
Trd, 4318858.393, 138
Trd, 4318859.643, 140
Trd, 4318860.443, 140
Trd, 4318860.893, 140
Trd, 4318861.343, 140
Trd, 4318861.543, 136
Trd, 4318862.243, 140
Trd, 4318863.243, 140
Trd, 4318864.343, 140
Trd, 4318864.393, 140
Trd, 4318865.043, 140
Trd, 4318865.893, 140
Trd, 4318865.993, 139
Trd, 4318866.143, 126
Trd, 4318867.693, 139
Trd, 4318868.393, 98
Trd, 4318868.843, 79
Trd, 4318869.643, 108
Trd, 4318870.293, 140
Trd, 4318870.543, 140
Trd, 4318870.793, 78
Trd, 4318871.643, 60
Trd, 4318872.693, 62
Trd, 4318872.893, 63
Trd, 4318873.193, 69
Trd, 4318873.943, 140
Trd, 4318874.943, 140
Trd, 4318875.493, 140
Trd, 4318877.393, 140
Trd, 4318878.793, 140
Trd, 4318879.193, 140
Trd, 4318879.493, 140
Trd, 4318879.993, 140
Trd, 4318880.443, 138
Trd, 4318881.043, 140
Trd, 4318881.943, 139
Trd, 4318882.293, 138
Trd, 4318882.893, 137
Trd, 4318883.343, 140
Trd, 4318884.743, 140
Trd, 4318885.943, 140
Trd, 4318886.043, 89
Trd, 4318886.693, 139
Trd, 4318887.693, 60
Trd, 4318888.293, 64
Trd, 4318888.443, 70
Trd, 4318889.493, 140
Trd, 4318889.593, 140
Trd, 4318889.643, 139
Trd, 4318889.693, 137
Trd, 4318890.243, 139
Trd, 4318890.493, 88
Trd, 4318890.993, 87
Trd, 4318892.643, 140
Trd, 4318892.793, 140
Trd, 4318893.493, 140
Trd, 4318893.693, 140
Trd, 4318894.543, 140
Trd, 4318894.743, 140
Trd, 4318896.293, 140
Trd, 4318897.943, 140
Trd, 4318898.493, 139
Trd, 4318898.693, 138
Trd, 4318898.943, 137
Trd, 4318900.693, 140
Trd, 4318901.643, 140
Trd, 4318901.743, 140
Trd, 4318902.793, 140
Trd, 4318903.043, 140
Trd, 4318903.143, 140
Trd, 4318904.593, 140
Trd, 4318904.743, 140
Trd, 4318905.443, 140
Trd, 4318906.493, 140
Trd, 4318906.843, 137
Trd, 4318907.043, 139
Trd, 4318907.743, 140
Trd, 4318907.793, 140
Trd, 4318907.893, 140
Trd, 4318909.293, 140
Trd, 4318909.793, 140
Trd, 4318911.793, 140
Trd, 4318912.043, 140
Trd, 4318912.643, 140
Trd, 4318913.443, 140
Trd, 4318913.943, 140
Trd, 4318914.293, 140
Trd, 4318916.093, 140
Trd, 4318916.493, 140
Trd, 4318917.293, 140
Trd, 4318917.793, 139
Trd, 4318918.143, 134
Trd, 4318918.543, 60
Trd, 4318918.793, 60
Trd, 4318919.343, 61
Trd, 4318920.243, 140
Trd, 4318920.493, 140
Trd, 4318921.043, 140
Trd, 4318921.493, 136
Trd, 4318922.843, 63
Trd, 4318923.743, 60
Trd, 4318923.843, 62
Trd, 4318926.043, 61
Trd, 4318926.593, 62
Trd, 4318926.793, 62
Trd, 4318926.943, 64
Trd, 4318928.243, 68
Trd, 4318928.843, 73
Trd, 4318929.643, 60
Trd, 4318930.293, 62
Trd, 4318930.693, 72
Trd, 4318931.193, 75
Trd, 4318931.443, 62
Trd, 4318931.743, 134
Trd, 4318932.143, 63
Trd, 4318932.343, 61
Trd, 4318933.943, 85
Trd, 4318934.793, 69
Trd, 4318935.143, 70
Trd, 4318937.093, 62
Trd, 4318937.543, 60
Trd, 4318937.643, 65
Trd, 4318938.043, 139
Trd, 4318939.893, 60
Trd, 4318940.693, 61
Trd, 4318941.543, 62
Trd, 4318943.243, 60
Trd, 4318943.943, 60
Trd, 4318943.993, 60
Trd, 4318944.143, 61
Trd, 4318944.443, 62
Trd, 4318944.493, 62
Trd, 4318945.543, 139
Trd, 4318945.843, 139
Trd, 4318945.943, 137
Trd, 4318946.293, 91
Trd, 4318946.743, 96
Trd, 4318948.043, 140
Trd, 4318949.043, 79
Trd, 4318949.843, 78
Trd, 4318949.943, 77
Trd, 4318950.443, 140
Trd, 4318951.243, 140
Trd, 4318952.993, 140
Trd, 4318953.093, 140
Trd, 4318953.243, 140
Trd, 4318954.043, 140
Trd, 4318954.993, 62
Trd, 4318955.293, 60
Trd, 4318955.843, 68
Trd, 4318956.043, 139
Trd, 4318957.143, 69
Trd, 4318957.393, 140
Trd, 4318957.593, 139
Trd, 4318959.043, 137
Trd, 4318959.993, 125
Trd, 4318960.093, 103
Trd, 4318960.743, 60
Trd, 4318961.193, 61
Trd, 4318961.443, 124
Trd, 4318962.043, 140
Trd, 4318962.843, 62
Trd, 4318964.093, 61
Trd, 4318964.993, 60
Trd, 4318965.593, 140
Trd, 4318966.193, 62
Trd, 4318966.293, 62
Trd, 4318968.993, 61
Trd, 4318969.343, 60
Trd, 4318969.693, 60
Trd, 4318969.793, 68
Trd, 4318970.343, 72
Trd, 4318970.443, 62
Trd, 4318971.593, 63
Trd, 4318972.293, 140
Trd, 4318972.743, 140
Trd, 4318972.793, 64
Trd, 4318973.293, 119
Trd, 4318975.043, 60
Trd, 4318975.493, 60
Trd, 4318975.693, 60
Trd, 4318977.393, 62
Trd, 4318978.093, 64
Trd, 4318978.443, 60
Trd, 4318978.493, 65
Trd, 4318979.493, 85
Trd, 4318980.743, 140
Trd, 4318981.043, 140
Trd, 4318981.243, 140
Trd, 4318981.743, 139
Trd, 4318982.093, 86
Trd, 4318983.593, 140
Trd, 4318983.793, 139
Trd, 4318985.293, 140
Trd, 4318985.643, 140
Trd, 4318985.943, 140
Trd, 4318986.993, 140
Trd, 4318987.993, 140
Trd, 4318988.243, 140
Trd, 4318989.293, 65
Trd, 4318989.593, 140
Trd, 4318990.293, 140
Trd, 4318990.843, 93
Trd, 4318990.993, 92
Trd, 4318991.043, 81
Trd, 4318992.893, 139
Trd, 4318993.243, 121
Trd, 4318993.993, 139
Trd, 4318994.293, 121
Trd, 4318994.943, 140
Trd, 4318995.443, 139
Trd, 4318996.843, 140
Trd, 4318997.643, 140
Trd, 4318997.743, 140
Trd, 4318998.593, 67
Trd, 4318999.293, 62
Trd, 4319000.793, 139
Trd, 4319000.843, 139
Trd, 4319001.443, 60
Trd, 4319001.943, 64
Trd, 4319002.493, 63
Trd, 4319002.793, 64
Trd, 4319003.543, 125
Trd, 4319004.693, 140
Trd, 4319004.793, 67
Trd, 4319006.243, 140
Trd, 4319006.343, 140
Trd, 4319007.293, 140
Trd, 4319008.243, 140
Trd, 4319008.343, 140
Trd, 4319008.493, 139
Trd, 4319010.393, 140
Trd, 4319011.493, 140
Trd, 4319011.543, 140
Trd, 4319011.643, 140
Trd, 4319012.193, 140
Trd, 4319012.293, 140
Trd, 4319014.243, 140
Trd, 4319014.493, 140
Trd, 4319015.193, 140
Trd, 4319015.443, 139
Trd, 4319015.493, 130
Trd, 4319016.093, 135
Trd, 4319016.593, 140
Trd, 4319016.793, 140
Trd, 4319017.143, 118
Trd, 4319019.043, 140
Trd, 4319019.143, 139
Trd, 4319019.343, 137
Trd, 4319019.743, 72
Trd, 4319019.993, 69
Trd, 4319020.043, 64
Trd, 4319021.843, 140
Trd, 4319022.393, 140
Trd, 4319023.443, 60
Trd, 4319024.493, 140
Trd, 4319025.193, 140
Trd, 4319025.743, 140
Trd, 4319026.093, 139
Trd, 4319026.693, 140
Trd, 4319027.393, 61
Trd, 4319028.743, 87
Trd, 4319029.843, 60
Trd, 4319029.893, 61
Trd, 4319030.143, 140
Trd, 4319031.643, 62
Trd, 4319032.843, 61
Trd, 4319033.493, 60
Trd, 4319034.043, 60
Trd, 4319034.193, 61
Trd, 4319036.343, 60
Trd, 4319037.293, 60
Trd, 4319037.593, 61
Trd, 4319038.043, 60
Trd, 4319038.343, 60
Trd, 4319038.393, 61
Trd, 4319039.093, 61
Trd, 4319039.593, 61
Trd, 4319040.093, 63
Trd, 4319040.993, 62
Trd, 4319041.143, 71
Trd, 4319041.293, 69
Trd, 4319042.643, 140
Trd, 4319042.793, 140
Trd, 4319043.693, 140
Trd, 4319043.943, 140
Trd, 4319044.143, 140
Trd, 4319044.293, 140
Trd, 4319044.593, 88
Trd, 4319046.793, 97
Trd, 4319047.243, 65
Trd, 4319047.843, 99
Trd, 4319047.943, 140
Trd, 4319049.793, 140
Trd, 4319049.993, 140
Trd, 4319050.443, 140
Trd, 4319051.743, 140
Trd, 4319052.443, 138
Trd, 4319052.743, 140
Trd, 4319053.393, 140
Trd, 4319053.443, 140
Trd, 4319053.993, 140
Trd, 4319054.393, 140
Trd, 4319056.293, 140
Trd, 4319056.393, 140
Trd, 4319056.493, 95
Trd, 4319056.743, 60
Trd, 4319056.793, 60
Trd, 4319057.193, 139
Trd, 4319058.793, 61
Trd, 4319059.943, 140
Trd, 4319060.543, 140
Trd, 4319060.843, 140
Trd, 4319061.393, 140
Trd, 4319061.793, 140
Trd, 4319062.243, 108
Trd, 4319063.693, 140
Trd, 4319064.143, 140
Trd, 4319064.243, 140
Trd, 4319064.493, 140
Trd, 4319065.343, 140
Trd, 4319065.893, 72
Trd, 4319066.743, 139
Trd, 4319067.643, 140
Trd, 4319068.393, 140
Trd, 4319069.393, 140
Trd, 4319070.043, 140
Trd, 4319070.743, 140
Trd, 4319071.593, 140
Trd, 4319071.693, 134
Trd, 4319071.943, 61
Trd, 4319072.693, 98
Trd, 4319072.843, 62
Trd, 4319072.893, 115
Trd, 4319073.293, 74
Trd, 4319074.943, 60
Trd, 4319075.143, 60
Trd, 4319075.643, 61
Trd, 4319076.393, 60
Trd, 4319078.593, 62
Trd, 4319078.693, 66
Trd, 4319079.993, 65
Trd, 4319080.693, 69
Trd, 4319080.843, 74
Trd, 4319081.093, 75
Trd, 4319081.993, 65
Trd, 4319082.743, 96
Trd, 4319083.193, 137
Trd, 4319083.393, 136
Trd, 4319083.443, 89
Trd, 4319084.193, 83
Trd, 4319084.393, 67
Trd, 4319086.143, 140
Trd, 4319086.593, 140
Trd, 4319086.993, 140
Trd, 4319087.893, 140
Trd, 4319088.443, 139
Trd, 4319088.743, 137
Trd, 4319089.243, 140
Trd, 4319089.893, 138
Trd, 4319089.943, 106
Trd, 4319090.743, 62
Trd, 4319091.343, 139
Trd, 4319091.943, 89
Trd, 4319092.543, 66
Trd, 4319093.843, 140
Trd, 4319094.043, 140
Trd, 4319094.193, 140
Trd, 4319094.493, 140
Trd, 4319095.593, 140
Trd, 4319097.093, 140
Trd, 4319097.793, 140
Trd, 4319097.893, 140
Trd, 4319098.193, 140
Trd, 4319098.543, 106
Trd, 4319100.293, 140
Trd, 4319101.293, 140
Trd, 4319101.393, 140
Trd, 4319101.993, 140
Trd, 4319102.043, 138
Trd, 4319102.293, 140
Trd, 4319102.993, 139
Trd, 4319103.893, 140
Trd, 4319103.993, 140
Trd, 4319104.793, 87
Trd, 4319105.493, 140
Trd, 4319106.943, 138
Trd, 4319107.593, 140
Trd, 4319108.143, 140
Trd, 4319109.043, 140
Trd, 4319109.093, 140
Trd, 4319109.593, 140
Trd, 4319109.693, 140
Trd, 4319110.393, 140
Trd, 4319111.593, 140
Trd, 4319111.743, 139
Trd, 4319112.293, 140
Trd, 4319112.593, 140
Trd, 4319113.393, 72
Trd, 4319114.343, 138
Trd, 4319115.343, 138
Trd, 4319115.943, 140
Trd, 4319116.093, 106
Trd, 4319117.293, 140
Trd, 4319118.043, 140
Trd, 4319118.193, 140
Trd, 4319118.293, 63
Trd, 4319119.793, 69
Trd, 4319120.743, 60
Trd, 4319120.793, 61
Trd, 4319121.693, 61
Trd, 4319121.893, 60
Trd, 4319122.693, 139
Trd, 4319123.893, 64
Trd, 4319124.293, 60
Trd, 4319125.293, 75
Trd, 4319126.593, 112
Trd, 4319127.543, 62
Trd, 4319128.293, 63
Trd, 4319128.343, 76
Trd, 4319128.793, 140
Trd, 4319129.543, 140
Trd, 4319130.093, 140
Trd, 4319130.593, 140
Trd, 4319130.793, 140
Trd, 4319131.143, 140
Trd, 4319131.243, 139
Trd, 4319131.343, 99
Trd, 4319132.943, 60
Trd, 4319133.693, 60
Trd, 4319134.093, 60
Trd, 4319135.643, 71
Trd, 4319136.193, 140
Trd, 4319136.343, 139
Trd, 4319136.993, 101
Trd, 4319137.343, 100
Trd, 4319138.193, 64
Trd, 4319139.143, 82
Trd, 4319139.293, 67
Trd, 4319139.843, 65
Trd, 4319140.243, 140
Trd, 4319140.743, 140
Trd, 4319141.243, 140
Trd, 4319141.593, 140
Trd, 4319143.343, 140
Trd, 4319143.393, 139
Trd, 4319144.593, 140
Trd, 4319144.843, 139
Trd, 4319144.993, 122
Trd, 4319145.293, 122
Trd, 4319145.343, 121
Trd, 4319145.843, 140
Trd, 4319146.693, 140
Trd, 4319148.793, 61
Trd, 4319149.193, 61
Trd, 4319149.393, 63
Trd, 4319150.443, 60
Trd, 4319151.843, 62
Trd, 4319152.093, 62
Trd, 4319153.093, 61
Trd, 4319153.193, 61
Trd, 4319154.343, 60
Trd, 4319154.793, 138
Trd, 4319155.443, 137
Trd, 4319155.843, 109
Trd, 4319156.093, 139
Trd, 4319157.743, 62
Trd, 4319157.843, 63
Trd, 4319158.443, 139
Trd, 4319158.793, 138
Trd, 4319159.243, 105
Trd, 4319159.343, 75
Trd, 4319160.393, 139
Trd, 4319160.743, 140
Trd, 4319161.143, 126
Trd, 4319162.243, 125
Trd, 4319162.893, 62
Trd, 4319163.843, 61
Trd, 4319164.043, 62
Trd, 4319164.393, 66
Trd, 4319164.893, 68
Trd, 4319166.393, 140
Trd, 4319167.043, 140
Trd, 4319169.193, 140
Trd, 4319169.693, 140
Trd, 4319169.993, 140
Trd, 4319170.193, 140
Trd, 4319170.393, 140
Trd, 4319170.993, 140
Trd, 4319171.543, 140
Trd, 4319172.143, 139
Trd, 4319173.193, 140
Trd, 4319173.643, 139
Trd, 4319175.593, 140
Trd, 4319176.093, 140
Trd, 4319176.293, 140
Trd, 4319176.593, 140
Trd, 4319176.843, 78
Trd, 4319177.843, 140
Trd, 4319178.493, 138
Trd, 4319178.893, 61
Trd, 4319179.993, 65
Trd, 4319180.393, 61
Trd, 4319180.693, 63
Trd, 4319181.043, 68
Trd, 4319181.193, 139
Trd, 4319183.243, 60
Trd, 4319183.443, 62
Trd, 4319184.693, 64
Trd, 4319185.143, 60
Trd, 4319186.143, 61
Trd, 4319186.843, 63
Trd, 4319186.943, 62
Trd, 4319187.643, 63
Trd, 4319187.693, 64
Trd, 4319187.793, 63
Trd, 4319188.093, 61
Trd, 4319189.193, 60
Trd, 4319189.593, 62
Trd, 4319190.493, 139
Trd, 4319192.043, 60
Trd, 4319192.293, 65
Trd, 4319193.443, 140
Trd, 4319193.693, 138
Trd, 4319194.243, 140
Trd, 4319194.493, 68
Trd, 4319195.443, 140
Trd, 4319195.893, 139
Trd, 4319196.193, 135
Trd, 4319196.743, 98
Trd, 4319197.643, 139
Trd, 4319198.943, 140
Trd, 4319199.543, 129
Trd, 4319200.193, 138
Trd, 4319201.293, 138
Trd, 4319201.893, 140
Trd, 4319202.443, 106
Trd, 4319204.743, 60
Trd, 4319205.043, 61
Trd, 4319205.793, 60
Trd, 4319206.343, 61
Trd, 4319206.943, 63
Trd, 4319207.343, 67
Trd, 4319207.593, 61
Trd, 4319207.943, 60
Trd, 4319208.093, 60
Trd, 4319208.993, 63
Trd, 4319209.493, 118
Trd, 4319210.243, 136
Trd, 4319210.943, 101
Trd, 4319211.643, 75
Trd, 4319212.143, 140
Trd, 4319212.743, 140
Trd, 4319213.143, 117
Trd, 4319213.843, 82
Trd, 4319214.093, 82
Trd, 4319215.793, 140
Trd, 4319215.893, 138
Trd, 4319216.393, 140
Trd, 4319216.693, 140
Trd, 4319216.943, 139
Trd, 4319217.343, 139
Trd, 4319217.693, 89
Trd, 4319217.993, 140
Trd, 4319218.693, 140
Trd, 4319218.943, 140
Trd, 4319221.393, 140
Trd, 4319221.893, 64
Trd, 4319221.943, 71
Trd, 4319222.693, 60
Trd, 4319223.943, 60
Trd, 4319225.543, 60
Trd, 4319226.143, 60
Trd, 4319227.143, 60
Trd, 4319227.393, 61
Trd, 4319227.943, 60
Trd, 4319228.593, 60
Trd, 4319229.193, 61
Trd, 4319229.543, 62
Trd, 4319229.693, 63
Trd, 4319230.543, 61
Trd, 4319230.593, 71
Trd, 4319231.243, 61
Trd, 4319232.793, 62
Trd, 4319234.043, 62
Trd, 4319234.493, 60
Trd, 4319234.593, 62
Trd, 4319236.193, 60
Trd, 4319237.843, 63
Trd, 4319238.543, 60
Trd, 4319238.593, 60
Trd, 4319240.043, 61
Trd, 4319240.143, 63
Trd, 4319240.393, 60
Trd, 4319241.043, 61
Trd, 4319241.393, 60
Trd, 4319241.943, 64
Trd, 4319242.343, 60
Trd, 4319242.593, 64
Trd, 4319243.793, 62
Trd, 4319243.943, 63
Trd, 4319244.943, 140
Trd, 4319245.793, 139
Trd, 4319246.693, 140
Trd, 4319247.243, 126
Trd, 4319247.843, 138
Trd, 4319247.893, 77
Trd, 4319248.043, 76
Trd, 4319248.843, 140
Trd, 4319249.893, 139
Trd, 4319250.093, 93
Trd, 4319252.393, 140
Trd, 4319252.943, 140
Trd, 4319252.993, 136
Trd, 4319253.243, 60
Trd, 4319253.793, 62
Trd, 4319254.993, 60
Trd, 4319255.493, 61
Trd, 4319255.993, 61
Trd, 4319256.193, 63
Trd, 4319256.443, 61
Trd, 4319258.143, 60
Trd, 4319260.293, 60
Trd, 4319260.343, 60
Trd, 4319261.043, 60
Trd, 4319261.993, 63
Trd, 4319262.793, 64
Trd, 4319263.193, 60
Trd, 4319263.443, 63
Trd, 4319264.293, 60
Trd, 4319265.193, 62
Trd, 4319265.243, 65
Trd, 4319266.193, 63
Trd, 4319266.893, 64
Trd, 4319268.693, 60
Trd, 4319269.593, 61
Trd, 4319270.643, 63
Trd, 4319271.043, 60
Trd, 4319271.193, 64
Trd, 4319271.443, 62
Trd, 4319272.843, 60
Trd, 4319273.743, 66
Trd, 4319275.243, 61
Trd, 4319275.743, 60
Trd, 4319276.793, 61
Trd, 4319276.893, 63
Trd, 4319277.193, 63
Trd, 4319277.243, 65
Trd, 4319278.243, 64
Trd, 4319280.193, 60
Trd, 4319281.143, 73
Trd, 4319281.243, 76
Trd, 4319281.993, 133
Trd, 4319282.493, 140
Trd, 4319282.993, 140
Trd, 4319283.143, 140
Trd, 4319284.093, 140
Trd, 4319284.343, 140
Trd, 4319285.293, 140
Trd, 4319285.393, 139
Trd, 4319285.743, 124
Trd, 4319286.493, 140
Trd, 4319287.293, 139
Trd, 4319287.793, 140
Trd, 4319288.693, 139
Trd, 4319289.043, 140
Trd, 4319289.193, 137
Trd, 4319290.093, 60
Trd, 4319291.293, 67
Trd, 4319292.093, 70
Trd, 4319293.693, 60
Trd, 4319294.193, 62
Trd, 4319294.743, 65
Trd, 4319295.943, 60
Trd, 4319296.793, 60
Trd, 4319297.193, 60
Trd, 4319297.693, 61
Trd, 4319297.993, 60
Trd, 4319298.843, 60
Trd, 4319300.343, 72
Trd, 4319300.993, 60
Trd, 4319301.443, 75
Trd, 4319301.593, 67
Trd, 4319302.043, 63
Trd, 4319302.893, 70
Trd, 4319303.293, 70
Trd, 4319304.643, 140
Trd, 4319304.743, 140
Trd, 4319305.493, 139
Trd, 4319306.243, 140
Trd, 4319306.743, 140
Trd, 4319307.043, 138
Trd, 4319307.343, 140
Trd, 4319308.193, 140
Trd, 4319309.043, 140
Trd, 4319310.043, 140
Trd, 4319311.093, 138
Trd, 4319311.193, 137
Trd, 4319312.543, 97
Trd, 4319312.693, 65
Trd, 4319313.443, 63
Trd, 4319313.743, 139
Trd, 4319314.643, 140
Trd, 4319314.893, 140
Trd, 4319315.643, 140
Trd, 4319315.893, 139
Trd, 4319316.243, 139
Trd, 4319317.443, 140
Trd, 4319317.543, 140
Trd, 4319318.293, 140
Trd, 4319319.693, 140
Trd, 4319320.243, 140
Trd, 4319320.493, 140
Trd, 4319320.893, 140
Trd, 4319321.093, 140
Trd, 4319321.593, 140
Trd, 4319322.443, 139
Trd, 4319322.493, 81
Trd, 4319323.243, 140
Trd, 4319323.343, 140
Trd, 4319324.593, 138
Trd, 4319325.343, 82
Trd, 4319326.343, 140
Trd, 4319326.493, 78
Trd, 4319327.543, 140
Trd, 4319327.643, 139
Trd, 4319327.793, 89
Trd, 4319328.143, 140
Trd, 4319330.693, 140
Trd, 4319330.943, 140
Trd, 4319331.243, 140
Trd, 4319331.493, 140
Trd, 4319332.743, 140
Trd, 4319333.793, 140
Trd, 4319334.543, 140
Trd, 4319335.193, 139
Trd, 4319335.393, 139
Trd, 4319335.443, 139
Trd, 4319335.593, 138
Trd, 4319336.543, 68
Trd, 4319337.143, 63
Trd, 4319338.043, 61
Trd, 4319338.893, 80
Trd, 4319339.643, 140
Trd, 4319339.993, 60
Trd, 4319340.543, 139
Trd, 4319341.493, 61
Trd, 4319342.293, 60
Trd, 4319343.093, 60
Trd, 4319343.593, 60
Trd, 4319344.243, 64
Trd, 4319345.343, 63
Trd, 4319345.993, 138
Trd, 4319346.743, 61
Trd, 4319347.043, 62
Trd, 4319347.293, 60
Trd, 4319348.443, 62
Trd, 4319348.993, 62
Trd, 4319349.343, 60
Trd, 4319350.043, 131
Trd, 4319350.243, 66
Trd, 4319350.593, 64
Trd, 4319352.393, 68
Trd, 4319352.593, 69
Trd, 4319353.543, 63
Trd, 4319354.693, 61
Trd, 4319355.743, 64
Trd, 4319355.843, 68
Trd, 4319355.993, 82
Trd, 4319357.293, 61
Trd, 4319359.193, 61
Trd, 4319359.393, 62
Trd, 4319359.793, 61
Trd, 4319359.843, 62
Trd, 4319359.893, 108
Trd, 4319360.943, 103
Trd, 4319363.143, 65
Trd, 4319363.243, 66
Trd, 4319363.493, 61
Trd, 4319365.843, 60
Trd, 4319365.893, 68
Trd, 4319366.043, 140
Trd, 4319367.693, 61
Trd, 4319368.743, 60
Trd, 4319369.143, 63
Trd, 4319369.293, 67
Trd, 4319369.543, 62
Trd, 4319370.443, 70
Trd, 4319371.043, 110
Trd, 4319372.893, 62
Trd, 4319373.743, 60
Trd, 4319374.693, 60
Trd, 4319375.493, 60
Trd, 4319375.743, 61
Trd, 4319376.093, 63
Trd, 4319377.443, 61
Trd, 4319377.593, 62
Trd, 4319378.193, 65
Trd, 4319378.293, 64
Trd, 4319378.443, 63
Trd, 4319378.793, 67
Trd, 4319379.493, 67
Trd, 4319380.093, 139
Trd, 4319381.993, 110
Trd, 4319382.093, 109
Trd, 4319382.143, 108
Trd, 4319383.193, 140
Trd, 4319383.243, 107
Trd, 4319383.993, 76
Trd, 4319384.493, 136
Trd, 4319385.343, 61
Trd, 4319385.393, 62
Trd, 4319387.693, 60
Trd, 4319387.843, 63
Trd, 4319388.193, 61
Trd, 4319389.243, 61
Trd, 4319390.443, 62
Trd, 4319390.893, 64
Trd, 4319390.993, 140
Trd, 4319391.143, 139
Trd, 4319392.143, 62
Trd, 4319394.043, 62
Trd, 4319394.593, 61
Trd, 4319395.543, 61
Trd, 4319396.293, 62
Trd, 4319396.543, 64
Trd, 4319398.293, 60
Trd, 4319398.393, 60
Trd, 4319398.593, 62
Trd, 4319399.293, 61
Trd, 4319400.493, 65
Trd, 4319400.843, 60
Trd, 4319402.943, 62
Trd, 4319403.493, 61
Trd, 4319404.743, 60
Trd, 4319405.143, 61
Trd, 4319406.693, 60
Trd, 4319407.793, 61
Trd, 4319407.943, 64
Trd, 4319408.343, 60
Trd, 4319408.843, 60
Trd, 4319409.843, 67
Trd, 4319410.343, 140
Trd, 4319410.543, 137
Trd, 4319410.693, 136
Trd, 4319411.343, 111
Trd, 4319411.543, 71
Trd, 4319411.793, 140
Trd, 4319412.343, 140
Trd, 4319413.643, 140
Trd, 4319414.043, 140
Trd, 4319414.893, 140
Trd, 4319416.393, 139
Trd, 4319416.643, 134
Trd, 4319417.493, 112
Trd, 4319417.843, 104
Trd, 4319418.043, 123
Trd, 4319419.743, 140
Trd, 4319420.443, 140
Trd, 4319420.893, 137
Trd, 4319422.793, 140
Trd, 4319423.343, 140
Trd, 4319423.643, 140
Trd, 4319423.793, 115
Trd, 4319424.243, 82
Trd, 4319425.343, 140
Trd, 4319425.943, 140
Trd, 4319426.143, 140
Trd, 4319426.693, 140
Trd, 4319428.543, 140
Trd, 4319428.943, 140
Trd, 4319429.043, 140
Trd, 4319429.993, 139
Trd, 4319430.593, 140
Trd, 4319430.893, 140
Trd, 4319432.443, 140
Trd, 4319433.693, 140
Trd, 4319433.743, 140
Trd, 4319434.693, 140
Trd, 4319435.343, 140
Trd, 4319436.093, 140
Trd, 4319437.893, 140
Trd, 4319437.943, 140
Trd, 4319437.993, 125
Trd, 4319438.493, 140
Trd, 4319438.893, 140
Trd, 4319439.843, 140
Trd, 4319440.743, 138
Trd, 4319440.993, 139
Trd, 4319442.993, 140
Trd, 4319443.093, 140
Trd, 4319443.293, 113
Trd, 4319443.443, 83
Trd, 4319443.993, 139
Trd, 4319444.893, 102
Trd, 4319445.043, 137
Trd, 4319445.793, 137
Trd, 4319446.843, 140
Trd, 4319447.643, 140
Trd, 4319449.193, 140
Trd, 4319449.393, 140
Trd, 4319449.593, 140
Trd, 4319449.943, 138
Trd, 4319450.143, 135
Trd, 4319451.193, 140
Trd, 4319451.593, 106
Trd, 4319451.793, 114
Trd, 4319452.443, 87
Trd, 4319453.643, 140
Trd, 4319454.093, 140
Trd, 4319454.193, 140
Trd, 4319454.293, 140
Trd, 4319454.943, 139
Trd, 4319456.143, 140
Trd, 4319457.643, 140
Trd, 4319457.693, 138
Trd, 4319458.243, 140
Trd, 4319458.643, 140
Trd, 4319459.793, 140
Trd, 4319460.393, 140
Trd, 4319460.443, 139
Trd, 4319461.593, 138
Trd, 4319463.293, 60
Trd, 4319464.043, 62
Trd, 4319464.093, 64
Trd, 4319464.943, 60
Trd, 4319466.193, 61
Trd, 4319466.793, 64
Trd, 4319467.093, 69
Trd, 4319467.693, 61
Trd, 4319468.093, 61
Trd, 4319468.243, 140
Trd, 4319470.043, 61
Trd, 4319470.093, 62
Trd, 4319470.943, 60
Trd, 4319471.743, 60
Trd, 4319471.943, 68
Trd, 4319473.143, 60
Trd, 4319473.693, 60
Trd, 4319474.093, 60
Trd, 4319474.193, 60
Trd, 4319475.943, 126
Trd, 4319476.093, 64
Trd, 4319477.493, 62
Trd, 4319477.693, 62
Trd, 4319478.443, 61
Trd, 4319480.493, 60
Trd, 4319480.543, 60
Trd, 4319480.643, 61
Trd, 4319481.043, 65
Trd, 4319482.193, 65
Trd, 4319483.993, 60
Trd, 4319484.793, 60
Trd, 4319484.843, 60
Trd, 4319484.893, 63
Trd, 4319487.643, 61
Trd, 4319488.043, 61
Trd, 4319488.643, 60
Trd, 4319489.943, 61
Trd, 4319490.343, 60
Trd, 4319490.843, 60
Trd, 4319491.093, 60
Trd, 4319492.343, 60
Trd, 4319493.543, 60
Trd, 4319493.843, 64
Trd, 4319494.843, 60
Trd, 4319495.993, 63
Trd, 4319496.943, 60
Trd, 4319497.443, 60
Trd, 4319497.843, 61
Trd, 4319498.093, 61
Trd, 4319498.243, 63
Trd, 4319498.943, 64
Trd, 4319499.243, 140
Trd, 4319499.643, 140
Trd, 4319500.243, 140
Trd, 4319501.843, 60
Trd, 4319501.943, 61
Trd, 4319502.093, 61
Trd, 4319502.493, 60
Trd, 4319502.943, 61
Trd, 4319504.693, 62
Trd, 4319505.543, 62
Trd, 4319506.243, 63
Trd, 4319506.893, 60
Trd, 4319507.543, 61
Trd, 4319508.643, 60
Trd, 4319509.843, 60
Trd, 4319510.893, 62
Trd, 4319510.943, 62
Trd, 4319511.143, 64
Trd, 4319511.243, 61
Trd, 4319511.343, 118
Trd, 4319511.893, 139
Trd, 4319513.343, 73
Trd, 4319513.393, 77
Trd, 4319513.743, 61
Trd, 4319514.693, 63
Trd, 4319516.543, 140
Trd, 4319516.693, 140
Trd, 4319516.893, 139
Trd, 4319517.343, 140
Trd, 4319517.593, 135
Trd, 4319518.943, 140
Trd, 4319519.743, 140
Trd, 4319520.843, 140
Trd, 4319521.243, 140
Trd, 4319521.393, 140
Trd, 4319522.643, 140
Trd, 4319522.743, 140
Trd, 4319524.393, 60
Trd, 4319524.943, 60
Trd, 4319525.193, 60
Trd, 4319525.293, 64
Trd, 4319525.993, 61
Trd, 4319527.343, 61
Trd, 4319528.343, 62
Trd, 4319528.843, 61
Trd, 4319529.793, 140
Trd, 4319530.643, 77
Trd, 4319530.843, 69
Trd, 4319531.293, 137
Trd, 4319531.693, 69
Trd, 4319532.593, 140
Trd, 4319533.993, 140
Trd, 4319535.093, 140
Trd, 4319535.293, 140
Trd, 4319535.343, 140
Trd, 4319536.143, 138
Trd, 4319536.243, 117
Trd, 4319536.493, 89
Trd, 4319537.993, 62
Trd, 4319539.343, 66
Trd, 4319540.093, 110
Trd, 4319541.243, 140
Trd, 4319541.293, 139
Trd, 4319541.543, 140
Trd, 4319541.643, 140
Trd, 4319541.943, 67
Trd, 4319543.043, 139
Trd, 4319543.443, 108
Trd, 4319544.243, 61
Trd, 4319544.443, 61
Trd, 4319545.393, 60
Trd, 4319545.443, 61
Trd, 4319547.743, 60
Trd, 4319548.493, 61
Trd, 4319548.893, 64
Trd, 4319549.593, 61
Trd, 4319550.493, 60
Trd, 4319550.543, 61
Trd, 4319551.043, 61
Trd, 4319552.443, 60
Trd, 4319553.743, 61
Trd, 4319554.043, 63
Trd, 4319554.693, 60
Trd, 4319556.043, 60
Trd, 4319556.093, 61
Trd, 4319556.643, 60
Trd, 4319556.693, 61
Trd, 4319557.843, 73
Trd, 4319558.143, 110
Trd, 4319559.443, 60
Trd, 4319561.143, 60
Trd, 4319561.443, 61
Trd, 4319561.543, 62
Trd, 4319562.193, 61
Trd, 4319562.543, 61
Trd, 4319563.043, 62
Trd, 4319563.543, 62
Trd, 4319564.193, 65
Trd, 4319564.643, 60
Trd, 4319564.943, 65
Trd, 4319566.293, 61
Trd, 4319567.793, 60
Trd, 4319568.293, 61
Trd, 4319568.443, 61
Trd, 4319568.943, 66
Trd, 4319568.993, 75
Trd, 4319570.443, 78
Trd, 4319570.943, 65
Trd, 4319571.893, 60
Trd, 4319572.143, 65
Trd, 4319573.593, 60
Trd, 4319573.943, 61
Trd, 4319574.693, 65
Trd, 4319575.343, 138
Trd, 4319576.043, 60
Trd, 4319576.293, 62
Trd, 4319577.643, 60
Trd, 4319579.793, 60
Trd, 4319580.143, 62
Trd, 4319580.193, 63
Trd, 4319581.743, 60
Trd, 4319582.493, 61
Trd, 4319583.493, 60
Trd, 4319583.543, 60
Trd, 4319584.193, 61
Trd, 4319584.893, 65
Trd, 4319585.543, 60
Trd, 4319585.693, 60
Trd, 4319587.393, 62
Trd, 4319588.593, 63
Trd, 4319588.893, 61
Trd, 4319589.143, 64
Trd, 4319589.243, 62
Trd, 4319590.043, 108
Trd, 4319590.193, 61
Trd, 4319590.843, 140
Trd, 4319592.293, 60
Trd, 4319593.493, 60
Trd, 4319593.543, 61
Trd, 4319593.843, 70
Trd, 4319594.693, 61
Trd, 4319595.343, 63
Trd, 4319595.843, 63
Trd, 4319597.093, 61
Trd, 4319597.343, 68
Trd, 4319599.343, 61
Trd, 4319600.043, 67
Trd, 4319600.943, 140
Trd, 4319601.793, 60
Trd, 4319602.843, 60
Trd, 4319603.193, 60
Trd, 4319603.693, 61
Trd, 4319604.393, 62
Trd, 4319604.593, 64
Trd, 4319604.743, 64
Trd, 4319605.043, 130
Trd, 4319605.143, 130
Trd, 4319605.993, 140
Trd, 4319606.393, 139
Trd, 4319606.893, 92
Trd, 4319608.343, 139
Trd, 4319608.793, 93
Trd, 4319609.093, 107
Trd, 4319610.093, 64
Trd, 4319610.643, 64
Trd, 4319610.743, 68
Trd, 4319611.143, 71
Trd, 4319611.993, 139
Trd, 4319612.643, 140
Trd, 4319612.743, 140
Trd, 4319613.193, 140
Trd, 4319614.193, 140
Trd, 4319614.543, 140
Trd, 4319615.143, 140
Trd, 4319615.643, 140
Trd, 4319616.193, 140
Trd, 4319617.343, 140
Trd, 4319618.093, 140
Trd, 4319618.193, 140
Trd, 4319619.643, 140
Trd, 4319619.693, 140
Trd, 4319619.843, 138
Trd, 4319620.593, 134
Trd, 4319621.393, 60
Trd, 4319621.493, 61
Trd, 4319622.943, 138
Trd, 4319623.043, 68
Trd, 4319623.443, 140
Trd, 4319623.993, 140
Trd, 4319624.643, 61
Trd, 4319625.643, 140
Trd, 4319625.843, 137
Trd, 4319627.043, 65
Trd, 4319627.693, 109
Trd, 4319627.893, 122
Trd, 4319628.643, 139
Trd, 4319629.043, 140
Trd, 4319629.093, 140
Trd, 4319629.493, 140
Trd, 4319630.693, 60
Trd, 4319630.943, 60
Trd, 4319631.343, 61
Trd, 4319632.443, 61
Trd, 4319632.693, 139
Trd, 4319633.243, 96
Trd, 4319633.843, 94
Trd, 4319635.493, 60
Trd, 4319635.693, 60
Trd, 4319636.743, 60
Trd, 4319637.393, 62
Trd, 4319637.893, 60
Trd, 4319638.693, 61
Trd, 4319638.993, 62
Trd, 4319639.443, 70
Trd, 4319640.693, 61
Trd, 4319641.893, 60
Trd, 4319643.093, 62
Trd, 4319644.643, 60
Trd, 4319644.893, 60
Trd, 4319645.393, 64
Trd, 4319645.593, 64
Trd, 4319646.043, 67
Trd, 4319646.193, 64
Trd, 4319646.343, 64
Trd, 4319647.493, 65
Trd, 4319647.593, 75
Trd, 4319648.243, 71
Trd, 4319650.443, 62
Trd, 4319651.193, 61
Trd, 4319651.393, 60
Trd, 4319651.693, 61
Trd, 4319652.943, 61
Trd, 4319653.143, 67
Trd, 4319655.693, 64
Trd, 4319656.393, 64
Trd, 4319657.043, 61
Trd, 4319657.843, 61
Trd, 4319658.543, 64
Trd, 4319658.643, 62
Trd, 4319658.793, 64
Trd, 4319659.393, 140
Trd, 4319660.643, 68
Trd, 4319661.293, 123
Trd, 4319661.843, 75
Trd, 4319662.443, 140
Trd, 4319662.893, 139
Trd, 4319664.093, 61
Trd, 4319664.493, 63
Trd, 4319665.893, 60
Trd, 4319668.043, 60
Trd, 4319668.643, 61
Trd, 4319669.593, 60
Trd, 4319669.643, 60
Trd, 4319669.943, 61
Trd, 4319670.843, 61
Trd, 4319671.743, 60
Trd, 4319671.893, 60
Trd, 4319671.943, 72
Trd, 4319672.943, 64
Trd, 4319673.243, 69
Trd, 4319673.393, 64
Trd, 4319674.843, 60
Trd, 4319674.993, 62
Trd, 4319675.643, 61
Trd, 4319676.143, 63
Trd, 4319677.043, 62
Trd, 4319677.393, 67
Trd, 4319677.443, 101
Trd, 4319678.743, 60
Trd, 4319679.593, 64
Trd, 4319681.043, 60
Trd, 4319681.493, 60
Trd, 4319681.843, 69
Trd, 4319682.893, 123
Trd, 4319683.743, 62
Trd, 4319684.143, 60
Trd, 4319685.393, 63
Trd, 4319685.793, 63
Trd, 4319685.843, 68
Trd, 4319686.093, 60
Trd, 4319686.143, 73
Trd, 4319686.743, 84
Trd, 4319686.793, 83
Trd, 4319687.493, 60
Trd, 4319687.943, 139
Trd, 4319689.193, 60
Trd, 4319689.643, 85
Trd, 4319691.393, 140
Trd, 4319691.593, 140
Trd, 4319692.143, 140
Trd, 4319692.693, 140
Trd, 4319693.343, 140
Trd, 4319693.643, 140
Trd, 4319693.943, 140
Trd, 4319694.643, 140
Trd, 4319694.693, 71
Trd, 4319695.543, 137
Trd, 4319695.993, 140
Trd, 4319696.543, 139
Trd, 4319697.643, 60
Trd, 4319698.493, 60
Trd, 4319698.993, 61
Trd, 4319699.243, 62
Trd, 4319699.343, 63
Trd, 4319700.893, 81
Trd, 4319701.743, 139
Trd, 4319702.743, 140
Trd, 4319702.993, 140
Trd, 4319703.493, 60
Trd, 4319703.593, 61
Trd, 4319704.843, 61
Trd, 4319705.043, 62
Trd, 4319706.793, 61
Trd, 4319706.843, 63
Trd, 4319707.343, 60
Trd, 4319709.843, 60
Trd, 4319709.943, 62
Trd, 4319710.143, 64
Trd, 4319710.343, 68
Trd, 4319711.143, 62
Trd, 4319711.293, 60
Trd, 4319712.893, 60
Trd, 4319713.393, 62
Trd, 4319714.443, 60
Trd, 4319714.993, 60
Trd, 4319716.443, 62
Trd, 4319717.493, 60
Trd, 4319718.343, 60
Trd, 4319718.543, 61
Trd, 4319721.443, 60
Trd, 4319721.843, 60
Trd, 4319721.993, 60
Trd, 4319722.243, 60
Trd, 4319722.343, 60
Trd, 4319722.593, 61
Trd, 4319723.643, 61
Trd, 4319723.843, 61
Trd, 4319724.043, 60
Trd, 4319724.293, 62
Trd, 4319725.193, 139
Trd, 4319726.343, 60
Trd, 4319727.443, 60
Trd, 4319729.243, 60
Trd, 4319729.593, 63
Trd, 4319729.893, 61
Trd, 4319730.443, 60
Trd, 4319731.043, 139
Trd, 4319731.193, 139
Trd, 4319731.593, 139
Trd, 4319734.193, 62
Trd, 4319734.693, 61
Trd, 4319734.993, 65
Trd, 4319735.393, 60
Trd, 4319736.093, 61
Trd, 4319736.993, 63
Trd, 4319738.843, 60
Trd, 4319738.893, 67
Trd, 4319739.943, 61
Trd, 4319740.893, 60
Trd, 4319741.743, 67
Trd, 4319742.093, 64
Trd, 4319743.693, 69
Trd, 4319743.793, 63
Trd, 4319744.243, 70
Trd, 4319745.293, 131
Trd, 4319745.443, 67
Trd, 4319745.943, 140
Trd, 4319746.093, 60
Trd, 4319748.493, 60
Trd, 4319748.993, 68
Trd, 4319749.393, 129
Trd, 4319750.943, 60
Trd, 4319751.143, 60
Trd, 4319751.493, 61
Trd, 4319751.643, 61
Trd, 4319751.793, 62
Trd, 4319754.693, 139
Trd, 4319754.993, 138
Trd, 4319755.593, 140
Trd, 4319755.893, 140
Trd, 4319756.593, 140
Trd, 4319757.193, 140
Trd, 4319757.543, 140
Trd, 4319758.193, 61
Trd, 4319758.643, 77
Trd, 4319758.843, 79
Trd, 4319760.393, 67
Trd, 4319761.693, 61
Trd, 4319762.093, 64
Trd, 4319763.693, 61
Trd, 4319764.243, 62
Trd, 4319764.293, 69
Trd, 4319764.793, 67
Trd, 4319765.593, 61
Trd, 4319766.143, 61
Trd, 4319767.193, 62
Trd, 4319767.243, 62
Trd, 4319768.743, 60
Trd, 4319768.943, 75
Trd, 4319769.193, 130
Trd, 4319770.243, 140
Trd, 4319771.493, 140
Trd, 4319771.543, 140
Trd, 4319771.793, 139
Trd, 4319771.943, 112
Trd, 4319773.593, 67
Trd, 4319774.493, 60
Trd, 4319775.593, 65
Trd, 4319776.293, 60
Trd, 4319777.843, 60
Trd, 4319778.293, 60
Trd, 4319778.393, 65
Trd, 4319778.493, 65
Trd, 4319778.843, 65
Trd, 4319779.043, 123
Trd, 4319780.793, 140
Trd, 4319781.043, 140
Trd, 4319781.343, 140
Trd, 4319782.243, 140
Trd, 4319782.793, 140
Trd, 4319783.043, 139
Trd, 4319783.893, 128
Trd, 4319784.543, 63
Trd, 4319784.843, 138
Trd, 4319785.293, 61
Trd, 4319786.343, 84
Trd, 4319786.943, 138
Trd, 4319787.493, 86
Trd, 4319788.543, 121
Trd, 4319788.693, 128
Trd, 4319788.843, 85
Trd, 4319789.943, 139
Trd, 4319790.293, 138
Trd, 4319791.193, 102
Trd, 4319791.343, 140
Trd, 4319792.343, 140
Trd, 4319792.393, 139
Trd, 4319792.843, 63
Trd, 4319793.643, 140
Trd, 4319793.843, 87
Trd, 4319794.393, 140
Trd, 4319795.443, 138
Trd, 4319795.893, 106
Trd, 4319796.843, 62
Trd, 4319797.393, 61
Trd, 4319798.643, 60
Trd, 4319798.693, 62
Trd, 4319800.893, 60
Trd, 4319800.943, 61
Trd, 4319801.093, 66
Trd, 4319802.793, 62
Trd, 4319803.743, 62
Trd, 4319804.143, 140
Trd, 4319805.543, 138
Trd, 4319805.743, 70
Trd, 4319806.243, 63
Trd, 4319806.643, 65
Trd, 4319807.393, 60
Trd, 4319807.543, 60
Trd, 4319808.393, 68
Trd, 4319808.943, 129
Trd, 4319809.393, 135
Trd, 4319809.743, 66
Trd, 4319810.593, 66
Trd, 4319811.743, 63
Trd, 4319812.093, 60
Trd, 4319812.543, 65
Trd, 4319813.593, 60
Trd, 4319814.693, 61
Trd, 4319816.193, 60
Trd, 4319816.543, 64
Trd, 4319817.043, 61
Trd, 4319817.593, 61
Trd, 4319817.643, 63
Trd, 4319818.243, 73
Trd, 4319818.343, 107
Trd, 4319819.393, 83
Trd, 4319819.693, 83
Trd, 4319820.443, 118
Trd, 4319820.743, 139
Trd, 4319821.243, 65
Trd, 4319821.793, 140
Trd, 4319821.943, 62
Trd, 4319822.093, 62
Trd, 4319823.093, 113
Trd, 4319823.943, 83
Trd, 4319824.543, 111
Trd, 4319824.793, 110
Trd, 4319825.093, 139
Trd, 4319825.293, 63
Trd, 4319825.843, 63
Trd, 4319825.993, 65
Trd, 4319826.643, 140
Trd, 4319826.893, 139
Trd, 4319828.593, 61
Trd, 4319829.043, 61
Trd, 4319829.593, 60
Trd, 4319830.243, 140
Trd, 4319830.843, 60
Trd, 4319832.843, 61
Trd, 4319833.893, 61
Trd, 4319834.743, 63
Trd, 4319835.243, 65
Trd, 4319835.643, 137
Trd, 4319835.693, 136
Trd, 4319836.393, 128
Trd, 4319836.943, 80
Trd, 4319837.593, 130
Trd, 4319838.943, 140
Trd, 4319840.293, 140
Trd, 4319840.593, 140
Trd, 4319841.393, 140
Trd, 4319841.643, 138
Trd, 4319842.293, 140
Trd, 4319844.543, 140
Trd, 4319845.093, 140
Trd, 4319845.743, 140
Trd, 4319846.143, 140
Trd, 4319846.443, 140
Trd, 4319846.643, 140
Trd, 4319847.893, 140
Trd, 4319849.443, 140
Trd, 4319850.743, 140
Trd, 4319850.793, 140
Trd, 4319851.243, 140
Trd, 4319852.393, 140
Trd, 4319852.643, 140
Trd, 4319852.993, 140
Trd, 4319853.443, 140
Trd, 4319853.743, 91
Trd, 4319854.143, 139
Trd, 4319855.543, 62
Trd, 4319856.243, 60
Trd, 4319856.493, 60
Trd, 4319857.443, 62
Trd, 4319857.743, 71
Trd, 4319857.893, 72
Trd, 4319859.993, 140
Trd, 4319860.143, 140
Trd, 4319860.293, 140
Trd, 4319862.893, 140
Trd, 4319863.043, 140
Trd, 4319863.243, 140
Trd, 4319863.293, 140
Trd, 4319863.893, 139
Trd, 4319864.443, 139
Trd, 4319864.993, 125
Trd, 4319865.993, 139
Trd, 4319866.093, 138
Trd, 4319866.693, 136
Trd, 4319867.893, 140
Trd, 4319868.393, 140
Trd, 4319869.093, 140
Trd, 4319869.543, 140
Trd, 4319869.643, 140
Trd, 4319869.893, 140
Trd, 4319871.443, 139
Trd, 4319872.243, 140
Trd, 4319872.393, 138
Trd, 4319872.543, 139
Trd, 4319872.743, 138
Trd, 4319873.843, 140
Trd, 4319874.093, 104
Trd, 4319875.143, 140
Trd, 4319875.193, 140
Trd, 4319876.543, 140
Trd, 4319877.493, 140
Trd, 4319878.893, 140
Trd, 4319879.143, 140
Trd, 4319879.993, 140
Trd, 4319880.593, 140
Trd, 4319881.143, 138
Trd, 4319881.643, 127
Trd, 4319882.193, 128
Trd, 4319882.393, 126
Trd, 4319883.393, 135
Trd, 4319883.543, 140
Trd, 4319884.943, 139
Trd, 4319885.543, 140
Trd, 4319886.443, 140
Trd, 4319886.493, 140
Trd, 4319887.743, 140
Trd, 4319887.943, 139
Trd, 4319888.293, 81
Trd, 4319888.793, 139
Trd, 4319889.593, 140
Trd, 4319890.643, 140
Trd, 4319891.193, 138
Trd, 4319892.793, 140
Trd, 4319893.893, 139
Trd, 4319894.393, 140
Trd, 4319895.043, 139
Trd, 4319895.543, 138
Trd, 4319896.193, 137
Trd, 4319896.743, 138
Trd, 4319898.493, 140
Trd, 4319899.143, 140
Trd, 4319899.193, 140
Trd, 4319900.293, 140
Trd, 4319900.343, 140
Trd, 4319900.493, 138
Trd, 4319901.493, 63
Trd, 4319901.793, 62
Trd, 4319902.293, 62
Trd, 4319902.343, 65
Trd, 4319902.993, 62
Trd, 4319905.293, 60
Trd, 4319906.343, 60
Trd, 4319906.593, 61
Trd, 4319906.743, 61
Trd, 4319908.243, 62
Trd, 4319908.793, 60
Trd, 4319909.293, 61
Trd, 4319909.393, 65
Trd, 4319909.893, 61
Trd, 4319911.593, 60
Trd, 4319912.393, 60
Trd, 4319913.093, 60
Trd, 4319913.343, 61
Trd, 4319914.293, 124
Trd, 4319914.493, 123
Trd, 4319914.543, 138
Trd, 4319915.143, 60
Trd, 4319915.543, 60
Trd, 4319915.743, 60
Trd, 4319916.693, 66
Trd, 4319917.343, 65
Trd, 4319918.593, 137
Trd, 4319919.343, 67
Trd, 4319919.643, 74
Trd, 4319920.243, 70
Trd, 4319920.493, 126
Trd, 4319921.643, 140
Trd, 4319921.693, 74
Trd, 4319923.093, 140
Trd, 4319924.093, 140
Trd, 4319924.243, 140
Trd, 4319924.443, 72
Trd, 4319924.943, 60
Trd, 4319926.643, 60
Trd, 4319927.093, 62
Trd, 4319927.343, 60
Trd, 4319927.943, 139
Trd, 4319928.643, 74
Trd, 4319929.743, 137
Trd, 4319930.693, 140
Trd, 4319930.793, 81
Trd, 4319931.343, 75
Trd, 4319932.343, 140
Trd, 4319932.643, 140
Trd, 4319933.293, 77
Trd, 4319933.693, 78
Trd, 4319933.893, 75
Trd, 4319934.543, 61
Trd, 4319935.843, 61
Trd, 4319936.393, 61
Trd, 4319937.593, 62
Trd, 4319938.093, 62
Trd, 4319938.293, 61
Trd, 4319938.693, 62
Trd, 4319938.793, 63
Trd, 4319939.143, 68
Trd, 4319939.343, 138
Trd, 4319941.093, 139
Trd, 4319941.343, 138
Trd, 4319941.443, 138
Trd, 4319942.043, 135
Trd, 4319942.793, 90
Trd, 4319943.493, 140
Trd, 4319943.743, 65
Trd, 4319943.943, 60
Trd, 4319944.893, 63
Trd, 4319945.893, 72
Trd, 4319946.493, 140
Trd, 4319947.343, 106
Trd, 4319947.943, 62
Trd, 4319950.293, 66
Trd, 4319951.293, 60
Trd, 4319951.543, 60
Trd, 4319951.643, 60
Trd, 4319952.093, 63
Trd, 4319952.643, 60
Trd, 4319953.943, 60
Trd, 4319954.443, 60
Trd, 4319954.793, 68
Trd, 4319955.443, 60
Trd, 4319956.143, 103
Trd, 4319956.693, 112
Trd, 4319956.793, 61
Trd, 4319958.643, 60
Trd, 4319958.793, 60
Trd, 4319959.043, 61
Trd, 4319959.643, 61
Trd, 4319959.993, 121
Trd, 4319960.493, 83
Trd, 4319960.593, 102
Trd, 4319961.193, 66
Trd, 4319961.993, 64
Trd, 4319963.943, 60
Trd, 4319964.193, 68
Trd, 4319964.593, 60
Trd, 4319965.493, 64
Trd, 4319966.043, 62
Trd, 4319966.743, 63
Trd, 4319966.843, 64
Trd, 4319966.893, 63
Trd, 4319967.643, 124
Trd, 4319968.443, 60
Trd, 4319969.293, 60
Trd, 4319970.243, 60
Trd, 4319970.493, 60
Trd, 4319970.793, 62
Trd, 4319971.143, 136
Trd, 4319971.893, 66
Trd, 4319973.243, 67
Trd, 4319973.893, 60
Trd, 4319975.443, 62
Trd, 4319975.893, 63
Trd, 4319976.743, 65
Trd, 4319976.793, 64
Trd, 4319976.993, 63
Trd, 4319978.193, 60
Trd, 4319978.243, 62
Trd, 4319978.693, 64
Trd, 4319978.993, 84
Trd, 4319979.493, 140
Trd, 4319981.093, 60
Trd, 4319981.843, 60
Trd, 4319981.943, 61
Trd, 4319982.843, 60
Trd, 4319983.243, 61
Trd, 4319984.493, 61
Trd, 4319985.243, 75
Trd, 4319985.293, 75
Trd, 4319986.143, 65
Trd, 4319987.443, 64
Trd, 4319987.543, 65
Trd, 4319987.743, 60
Trd, 4319988.793, 64
Trd, 4319989.843, 140
Trd, 4319990.143, 140
Trd, 4319990.643, 106
Trd, 4319991.793, 139
Trd, 4319992.393, 104
Trd, 4319993.143, 140
Trd, 4319994.043, 140
Trd, 4319994.643, 60
Trd, 4319995.193, 60
Trd, 4319995.393, 125
Trd, 4319996.893, 140
Trd, 4319997.093, 139
Trd, 4319997.543, 139
Trd, 4319998.493, 140
Trd, 4319999.043, 139
