Trd, 4318121.843, 62
Trd, 4318122.393, 85
Trd, 4318122.643, 74
Trd, 4318123.543, 84
Trd, 4318123.593, 86
Trd, 4318124.293, 78
Trd, 4318124.743, 79
Trd, 4318125.643, 96
Trd, 4318127.543, 92
Trd, 4318128.293, 114
Trd, 4318129.093, 139
Trd, 4318129.543, 100
Trd, 4318130.593, 99
Trd, 4318132.043, 105
Trd, 4318132.743, 129
Trd, 4318133.343, 106
Trd, 4318133.793, 129
Trd, 4318134.193, 128
Trd, 4318136.143, 114
Trd, 4318137.243, 96
Trd, 4318137.593, 108
Trd, 4318138.193, 100
Trd, 4318138.493, 92
Trd, 4318138.793, 134
Trd, 4318139.093, 107
Trd, 4318140.043, 120
Trd, 4318140.193, 108
Trd, 4318142.843, 61
Trd, 4318143.143, 64
Trd, 4318143.193, 85
Trd, 4318143.993, 64
Trd, 4318144.243, 67
Trd, 4318146.093, 105
Trd, 4318147.343, 92
Trd, 4318147.793, 99
Trd, 4318148.243, 99
Trd, 4318148.393, 96
Trd, 4318149.143, 132
Trd, 4318149.293, 131
Trd, 4318150.643, 77
Trd, 4318151.793, 75
Trd, 4318152.443, 77
Trd, 4318152.843, 79
Trd, 4318152.943, 99
Trd, 4318153.543, 76
Trd, 4318153.793, 74
Trd, 4318154.543, 67
Trd, 4318155.543, 93
Trd, 4318155.993, 87
Trd, 4318157.443, 110
Trd, 4318157.943, 64
Trd, 4318157.993, 63
Trd, 4318158.793, 104
Trd, 4318159.443, 93
Trd, 4318161.443, 91
Trd, 4318161.943, 106
Trd, 4318162.093, 120
Trd, 4318162.493, 84
Trd, 4318163.143, 132
Trd, 4318163.793, 129
Trd, 4318164.593, 129
Trd, 4318164.843, 131
Trd, 4318165.993, 114
Trd, 4318166.193, 110
Trd, 4318167.043, 75
Trd, 4318167.693, 78
Trd, 4318168.143, 74
Trd, 4318169.943, 122
Trd, 4318170.193, 120
Trd, 4318171.443, 118
Trd, 4318171.493, 113
Trd, 4318172.393, 98
Trd, 4318172.993, 121
Trd, 4318174.193, 137
Trd, 4318174.693, 116
Trd, 4318174.843, 106
Trd, 4318176.543, 120
Trd, 4318176.893, 117
Trd, 4318176.943, 109
Trd, 4318177.443, 97
Trd, 4318178.943, 120
Trd, 4318179.143, 120
Trd, 4318179.193, 108
Trd, 4318179.293, 105
Trd, 4318179.393, 105
Trd, 4318181.943, 111
Trd, 4318184.243, 60
Trd, 4318184.443, 62
Trd, 4318185.343, 63
Trd, 4318185.393, 69
Trd, 4318186.243, 91
Trd, 4318187.093, 96
Trd, 4318187.593, 87
Trd, 4318187.993, 88
Trd, 4318188.693, 127
Trd, 4318188.993, 126
Trd, 4318189.293, 105
Trd, 4318189.593, 130
Trd, 4318190.843, 97
Trd, 4318190.943, 95
Trd, 4318192.193, 136
Trd, 4318193.443, 82
Trd, 4318194.243, 89
Trd, 4318195.143, 64
Trd, 4318195.743, 85
Trd, 4318197.143, 88
Trd, 4318197.243, 84
Trd, 4318197.743, 109
Trd, 4318198.193, 100
Trd, 4318198.493, 98
Trd, 4318199.143, 102
Trd, 4318200.593, 113
Trd, 4318200.693, 97
Trd, 4318200.943, 81
Trd, 4318201.243, 112
Trd, 4318202.143, 67
Trd, 4318203.643, 67
Trd, 4318204.743, 83
Trd, 4318205.943, 74
Trd, 4318206.343, 69
Trd, 4318206.543, 60
Trd, 4318207.193, 112
Trd, 4318209.193, 134
Trd, 4318209.993, 132
Trd, 4318211.393, 133
Trd, 4318211.543, 132
Trd, 4318211.793, 115
Trd, 4318213.043, 100
Trd, 4318213.493, 101
Trd, 4318213.943, 96
Trd, 4318214.243, 128
Trd, 4318214.643, 95
Trd, 4318215.643, 107
Trd, 4318216.943, 118
Trd, 4318218.043, 120
Trd, 4318218.243, 118
Trd, 4318218.493, 104
Trd, 4318219.443, 61
Trd, 4318220.593, 63
Trd, 4318221.093, 63
Trd, 4318221.943, 61
Trd, 4318223.143, 91
Trd, 4318223.443, 86
Trd, 4318223.793, 112
Trd, 4318223.843, 87
Trd, 4318224.093, 74
Trd, 4318225.143, 110
Trd, 4318225.593, 62
Trd, 4318227.043, 130
Trd, 4318228.143, 62
Trd, 4318228.643, 63
Trd, 4318229.243, 61
Trd, 4318229.543, 64
Trd, 4318232.243, 75
Trd, 4318233.043, 75
Trd, 4318233.143, 70
Trd, 4318233.243, 77
Trd, 4318234.443, 61
Trd, 4318235.393, 64
Trd, 4318236.093, 106
Trd, 4318236.743, 60
Trd, 4318238.943, 63
Trd, 4318239.543, 69
Trd, 4318240.693, 93
Trd, 4318241.693, 94
Trd, 4318242.643, 89
Trd, 4318242.993, 73
Trd, 4318244.193, 71
Trd, 4318244.343, 71
Trd, 4318244.893, 60
Trd, 4318245.393, 68
Trd, 4318246.443, 76
Trd, 4318246.993, 90
Trd, 4318248.243, 133
Trd, 4318249.093, 132
Trd, 4318249.693, 122
Trd, 4318249.743, 120
Trd, 4318249.993, 118
Trd, 4318250.893, 128
Trd, 4318251.643, 103
Trd, 4318251.743, 102
Trd, 4318252.393, 62
Trd, 4318252.943, 63
Trd, 4318254.793, 90
Trd, 4318255.093, 88
Trd, 4318255.593, 87
Trd, 4318255.693, 104
Trd, 4318256.093, 100
Trd, 4318256.393, 106
Trd, 4318256.493, 76
Trd, 4318258.043, 67
Trd, 4318259.843, 60
Trd, 4318259.993, 62
Trd, 4318261.243, 63
Trd, 4318261.743, 65
Trd, 4318262.243, 64
Trd, 4318262.743, 83
Trd, 4318263.743, 93
Trd, 4318264.543, 62
Trd, 4318265.143, 62
Trd, 4318267.343, 79
Trd, 4318268.893, 63
Trd, 4318269.093, 65
Trd, 4318270.393, 66
Trd, 4318270.943, 84
Trd, 4318271.243, 77
Trd, 4318271.743, 88
Trd, 4318271.793, 67
Trd, 4318271.893, 65
Trd, 4318272.243, 138
Trd, 4318275.593, 88
Trd, 4318276.243, 92
Trd, 4318276.393, 107
Trd, 4318276.743, 89
Trd, 4318277.543, 89
Trd, 4318278.143, 93
Trd, 4318278.443, 94
Trd, 4318279.093, 91
Trd, 4318280.693, 127
Trd, 4318281.193, 118
Trd, 4318281.293, 117
Trd, 4318281.343, 108
Trd, 4318282.243, 82
Trd, 4318282.343, 87
Trd, 4318282.693, 81
Trd, 4318284.293, 86
Trd, 4318284.693, 83
Trd, 4318285.043, 85
Trd, 4318286.043, 107
Trd, 4318286.593, 109
Trd, 4318287.243, 95
Trd, 4318287.493, 122
Trd, 4318287.993, 94
Trd, 4318288.843, 73
Trd, 4318289.393, 63
Trd, 4318290.143, 71
Trd, 4318292.593, 74
Trd, 4318292.693, 73
Trd, 4318293.243, 108
Trd, 4318293.293, 104
Trd, 4318293.343, 128
Trd, 4318293.943, 127
Trd, 4318294.193, 101
Trd, 4318295.243, 126
Trd, 4318295.393, 120
Trd, 4318298.843, 82
Trd, 4318299.743, 94
Trd, 4318299.993, 93
Trd, 4318301.193, 83
Trd, 4318302.293, 97
Trd, 4318302.393, 93
Trd, 4318302.793, 94
Trd, 4318303.843, 105
Trd, 4318304.143, 104
Trd, 4318304.343, 89
Trd, 4318306.193, 108
Trd, 4318306.243, 107
Trd, 4318306.343, 126
Trd, 4318307.643, 108
Trd, 4318307.793, 104
Trd, 4318308.043, 103
Trd, 4318309.743, 115
Trd, 4318310.793, 125
Trd, 4318311.893, 115
Trd, 4318312.143, 111
Trd, 4318312.743, 107
Trd, 4318313.593, 106
Trd, 4318313.893, 105
Trd, 4318313.943, 93
Trd, 4318315.743, 106
Trd, 4318315.793, 89
Trd, 4318317.043, 116
Trd, 4318317.493, 79
Trd, 4318318.993, 71
Trd, 4318319.593, 91
Trd, 4318319.693, 89
Trd, 4318320.193, 70
Trd, 4318321.143, 72
Trd, 4318321.243, 73
Trd, 4318321.543, 63
Trd, 4318324.143, 67
Trd, 4318325.443, 96
Trd, 4318325.593, 94
Trd, 4318326.043, 102
Trd, 4318326.343, 129
Trd, 4318327.743, 136
Trd, 4318328.493, 131
Trd, 4318328.893, 115
Trd, 4318331.593, 119
Trd, 4318331.693, 108
Trd, 4318332.143, 124
Trd, 4318332.193, 110
Trd, 4318332.793, 124
Trd, 4318334.693, 109
Trd, 4318334.893, 109
Trd, 4318334.943, 128
Trd, 4318336.043, 108
Trd, 4318338.093, 130
Trd, 4318338.143, 129
Trd, 4318338.243, 119
Trd, 4318339.793, 93
Trd, 4318340.843, 104
Trd, 4318341.343, 109
Trd, 4318341.843, 99
Trd, 4318342.993, 104
Trd, 4318343.043, 96
Trd, 4318343.893, 81
Trd, 4318343.943, 92
Trd, 4318344.993, 62
Trd, 4318345.343, 98
Trd, 4318347.043, 81
Trd, 4318347.643, 97
Trd, 4318347.693, 80
Trd, 4318348.893, 118
Trd, 4318349.143, 116
Trd, 4318350.593, 111
Trd, 4318351.693, 113
Trd, 4318351.743, 109
Trd, 4318351.793, 96
Trd, 4318352.543, 104
Trd, 4318352.693, 102
Trd, 4318353.193, 101
Trd, 4318353.943, 93
Trd, 4318354.143, 102
Trd, 4318356.493, 115
Trd, 4318356.693, 118
Trd, 4318357.293, 97
Trd, 4318357.343, 96
Trd, 4318358.993, 124
Trd, 4318359.243, 133
Trd, 4318359.443, 123
Trd, 4318360.143, 83
Trd, 4318360.843, 94
Trd, 4318361.043, 76
Trd, 4318361.443, 67
Trd, 4318362.693, 79
Trd, 4318364.193, 67
Trd, 4318364.793, 94
Trd, 4318365.343, 74
Trd, 4318366.143, 110
Trd, 4318366.543, 111
Trd, 4318366.793, 83
Trd, 4318369.993, 82
Trd, 4318370.293, 83
Trd, 4318370.743, 77
Trd, 4318371.393, 78
Trd, 4318372.293, 119
Trd, 4318372.443, 62
Trd, 4318373.293, 87
Trd, 4318373.743, 96
Trd, 4318375.043, 99
Trd, 4318375.343, 99
Trd, 4318375.643, 111
Trd, 4318375.993, 131
Trd, 4318376.343, 97
Trd, 4318378.343, 93
Trd, 4318378.443, 87
Trd, 4318380.993, 121
Trd, 4318381.493, 134
Trd, 4318382.293, 132
Trd, 4318383.293, 120
Trd, 4318384.643, 110
Trd, 4318385.843, 110
Trd, 4318386.043, 108
Trd, 4318386.143, 102
Trd, 4318386.593, 97
Trd, 4318387.443, 121
Trd, 4318388.293, 109
Trd, 4318388.343, 108
Trd, 4318390.643, 98
Trd, 4318391.943, 98
Trd, 4318392.193, 96
Trd, 4318392.743, 88
Trd, 4318392.943, 94
Trd, 4318393.143, 95
Trd, 4318393.193, 77
Trd, 4318393.493, 71
Trd, 4318394.043, 69
Trd, 4318396.193, 106
Trd, 4318396.543, 105
Trd, 4318396.943, 102
Trd, 4318397.243, 137
Trd, 4318397.743, 106
Trd, 4318400.593, 116
Trd, 4318400.743, 115
Trd, 4318401.743, 122
Trd, 4318401.793, 108
Trd, 4318402.193, 124
Trd, 4318402.593, 100
Trd, 4318403.593, 81
Trd, 4318404.193, 124
Trd, 4318405.843, 132
Trd, 4318407.993, 122
Trd, 4318408.043, 121
Trd, 4318408.293, 113
Trd, 4318409.743, 111
Trd, 4318410.093, 101
Trd, 4318410.743, 95
Trd, 4318413.193, 113
Trd, 4318414.143, 110
Trd, 4318414.343, 110
Trd, 4318414.393, 116
Trd, 4318414.443, 109
Trd, 4318415.243, 114
Trd, 4318415.493, 113
Trd, 4318416.443, 132
Trd, 4318416.843, 105
Trd, 4318417.193, 104
Trd, 4318417.643, 134
Trd, 4318419.143, 108
Trd, 4318419.193, 105
Trd, 4318419.693, 107
Trd, 4318422.443, 125
Trd, 4318424.043, 109
Trd, 4318424.143, 110
Trd, 4318424.193, 108
Trd, 4318424.293, 83
Trd, 4318425.543, 113
Trd, 4318426.393, 111
Trd, 4318427.193, 110
Trd, 4318427.243, 93
Trd, 4318427.393, 132
Trd, 4318427.943, 100
Trd, 4318429.693, 63
Trd, 4318430.293, 82
Trd, 4318430.493, 131
Trd, 4318431.443, 84
Trd, 4318431.493, 72
Trd, 4318433.443, 70
Trd, 4318433.693, 63
Trd, 4318434.293, 66
Trd, 4318434.793, 75
Trd, 4318435.943, 113
Trd, 4318436.643, 112
Trd, 4318436.893, 87
Trd, 4318438.093, 79
Trd, 4318438.343, 74
Trd, 4318439.043, 63
Trd, 4318439.743, 118
Trd, 4318440.543, 82
Trd, 4318441.493, 122
Trd, 4318441.643, 84
Trd, 4318442.593, 73
Trd, 4318443.193, 88
Trd, 4318444.193, 107
Trd, 4318445.243, 117
Trd, 4318445.443, 115
Trd, 4318445.893, 113
Trd, 4318446.443, 109
Trd, 4318446.743, 86
Trd, 4318446.843, 82
Trd, 4318448.843, 76
Trd, 4318449.293, 86
Trd, 4318449.393, 68
Trd, 4318449.843, 107
Trd, 4318449.893, 106
Trd, 4318451.293, 116
Trd, 4318451.443, 140
Trd, 4318451.943, 87
Trd, 4318452.343, 76
Trd, 4318453.543, 101
Trd, 4318454.743, 84
Trd, 4318454.843, 68
Trd, 4318456.343, 121
Trd, 4318456.743, 118
Trd, 4318457.793, 89
Trd, 4318458.543, 75
Trd, 4318458.643, 76
Trd, 4318458.743, 60
Trd, 4318458.793, 96
Trd, 4318459.993, 124
Trd, 4318460.243, 122
Trd, 4318463.493, 60
Trd, 4318463.693, 67
Trd, 4318464.393, 69
Trd, 4318466.593, 79
Trd, 4318466.793, 80
Trd, 4318467.193, 89
Trd, 4318467.293, 106
Trd, 4318467.493, 88
Trd, 4318469.143, 139
Trd, 4318469.243, 136
Trd, 4318469.343, 121
Trd, 4318470.143, 97
Trd, 4318471.693, 136
Trd, 4318472.443, 128
Trd, 4318472.643, 121
Trd, 4318473.543, 87
Trd, 4318473.593, 86
Trd, 4318473.643, 116
Trd, 4318475.243, 63
Trd, 4318475.793, 67
Trd, 4318477.693, 118
Trd, 4318477.743, 85
Trd, 4318477.893, 82
Trd, 4318478.343, 77
Trd, 4318479.493, 61
Trd, 4318480.543, 66
Trd, 4318480.893, 88
Trd, 4318481.043, 89
Trd, 4318481.443, 126
Trd, 4318483.043, 119
Trd, 4318483.243, 109
Trd, 4318483.293, 108
Trd, 4318484.243, 97
Trd, 4318484.593, 103
Trd, 4318485.293, 89
Trd, 4318485.693, 88
Trd, 4318485.893, 86
Trd, 4318486.393, 99
Trd, 4318486.943, 137
Trd, 4318487.643, 136
Trd, 4318488.393, 127
Trd, 4318489.643, 119
Trd, 4318489.793, 104
Trd, 4318490.093, 70
Trd, 4318490.593, 89
Trd, 4318491.643, 104
Trd, 4318491.993, 114
Trd, 4318492.393, 102
Trd, 4318492.843, 135
Trd, 4318493.843, 105
Trd, 4318494.593, 68
Trd, 4318495.743, 110
Trd, 4318496.843, 71
Trd, 4318496.893, 63
Trd, 4318497.593, 61
Trd, 4318498.943, 63
Trd, 4318499.393, 64
Trd, 4318499.743, 72
Trd, 4318499.843, 118
Trd, 4318501.093, 85
Trd, 4318501.693, 112
Trd, 4318502.243, 113
Trd, 4318503.093, 113
Trd, 4318503.693, 91
Trd, 4318503.943, 85
Trd, 4318503.993, 84
Trd, 4318505.643, 69
Trd, 4318505.893, 70
Trd, 4318506.193, 75
Trd, 4318506.993, 111
Trd, 4318508.193, 89
Trd, 4318508.493, 99
Trd, 4318509.893, 80
Trd, 4318510.443, 77
Trd, 4318511.643, 80
Trd, 4318511.843, 91
Trd, 4318513.693, 88
Trd, 4318514.993, 101
Trd, 4318515.493, 88
Trd, 4318515.693, 85
Trd, 4318515.893, 84
Trd, 4318516.043, 73
Trd, 4318517.093, 78
Trd, 4318517.293, 71
Trd, 4318520.043, 63
Trd, 4318520.543, 63
Trd, 4318520.793, 74
Trd, 4318521.293, 93
Trd, 4318522.093, 88
Trd, 4318522.243, 76
Trd, 4318523.193, 133
Trd, 4318523.893, 134
Trd, 4318524.543, 134
Trd, 4318524.693, 96
Trd, 4318525.543, 117
Trd, 4318526.193, 65
Trd, 4318526.693, 113
Trd, 4318527.843, 79
Trd, 4318529.693, 84
Trd, 4318529.943, 83
Trd, 4318531.293, 102
Trd, 4318531.493, 124
Trd, 4318531.793, 82
Trd, 4318532.793, 123
Trd, 4318533.043, 101
Trd, 4318533.143, 94
Trd, 4318533.393, 84
Trd, 4318535.193, 118
Trd, 4318535.893, 115
Trd, 4318535.993, 124
Trd, 4318536.693, 125
Trd, 4318537.143, 123
Trd, 4318537.193, 106
Trd, 4318537.443, 106
Trd, 4318538.993, 106
Trd, 4318539.393, 119
Trd, 4318540.043, 97
Trd, 4318541.443, 89
Trd, 4318542.093, 78
Trd, 4318542.893, 71
Trd, 4318543.243, 99
Trd, 4318543.843, 70
Trd, 4318544.743, 62
Trd, 4318544.793, 64
Trd, 4318544.943, 61
Trd, 4318545.143, 69
Trd, 4318547.343, 109
Trd, 4318547.493, 74
Trd, 4318547.893, 93
Trd, 4318549.693, 104
Trd, 4318550.493, 119
Trd, 4318551.193, 120
Trd, 4318551.293, 119
Trd, 4318552.793, 117
Trd, 4318552.993, 116
Trd, 4318553.793, 102
Trd, 4318554.443, 125
Trd, 4318554.793, 62
Trd, 4318556.143, 102
Trd, 4318556.193, 93
Trd, 4318557.143, 105
Trd, 4318558.243, 110
Trd, 4318559.943, 138
Trd, 4318560.093, 122
Trd, 4318561.943, 126
Trd, 4318562.643, 124
Trd, 4318562.743, 117
Trd, 4318562.943, 118
Trd, 4318563.943, 102
Trd, 4318564.543, 72
Trd, 4318564.593, 74
Trd, 4318565.143, 86
Trd, 4318565.443, 122
Trd, 4318565.843, 132
Trd, 4318566.243, 74
Trd, 4318566.343, 64
Trd, 4318568.693, 60
Trd, 4318569.143, 61
Trd, 4318569.593, 69
Trd, 4318570.743, 68
Trd, 4318571.543, 64
Trd, 4318572.443, 66
Trd, 4318572.843, 65
Trd, 4318574.393, 74
Trd, 4318574.593, 89
Trd, 4318575.093, 107
Trd, 4318575.443, 71
Trd, 4318576.493, 85
Trd, 4318577.043, 109
Trd, 4318578.743, 100
Trd, 4318578.993, 116
Trd, 4318579.593, 113
Trd, 4318580.043, 93
Trd, 4318580.743, 85
Trd, 4318580.893, 100
Trd, 4318581.293, 76
Trd, 4318581.343, 74
Trd, 4318582.543, 61
Trd, 4318582.693, 77
Trd, 4318583.193, 81
Trd, 4318583.993, 68
Trd, 4318586.993, 62
Trd, 4318587.343, 61
Trd, 4318588.043, 63
Trd, 4318588.243, 71
Trd, 4318588.493, 73
Trd, 4318589.093, 65
Trd, 4318590.193, 65
Trd, 4318591.543, 83
Trd, 4318592.593, 89
Trd, 4318592.943, 113
Trd, 4318593.943, 81
Trd, 4318594.093, 77
Trd, 4318595.343, 121
Trd, 4318595.743, 105
Trd, 4318595.843, 97
Trd, 4318596.793, 127
Trd, 4318596.993, 102
Trd, 4318598.293, 85
Trd, 4318598.493, 78
Trd, 4318600.743, 86
Trd, 4318600.943, 85
Trd, 4318602.043, 125
Trd, 4318602.493, 123
Trd, 4318603.543, 122
Trd, 4318603.693, 108
Trd, 4318603.893, 138
Trd, 4318605.843, 108
Trd, 4318606.043, 128
Trd, 4318606.243, 93
Trd, 4318607.743, 81
Trd, 4318608.993, 136
Trd, 4318609.393, 135
Trd, 4318610.293, 117
Trd, 4318610.743, 111
Trd, 4318610.893, 108
Trd, 4318611.243, 97
Trd, 4318611.843, 93
Trd, 4318612.493, 97
Trd, 4318613.543, 109
Trd, 4318615.093, 100
Trd, 4318615.893, 67
Trd, 4318617.543, 109
Trd, 4318617.793, 128
Trd, 4318617.843, 103
Trd, 4318618.893, 103
Trd, 4318619.093, 100
Trd, 4318619.693, 100
Trd, 4318620.293, 98
Trd, 4318620.593, 77
Trd, 4318621.593, 93
Trd, 4318623.493, 119
Trd, 4318624.093, 127
Trd, 4318624.693, 123
Trd, 4318625.393, 110
Trd, 4318626.093, 85
Trd, 4318626.343, 64
Trd, 4318627.393, 60
Trd, 4318628.293, 113
Trd, 4318628.493, 110
Trd, 4318628.643, 109
Trd, 4318629.493, 100
Trd, 4318631.293, 73
Trd, 4318632.193, 88
Trd, 4318633.543, 93
Trd, 4318634.093, 96
Trd, 4318634.343, 92
Trd, 4318634.493, 91
Trd, 4318635.243, 110
Trd, 4318635.543, 96
Trd, 4318635.743, 83
Trd, 4318635.993, 79
Trd, 4318636.193, 87
Trd, 4318637.093, 128
Trd, 4318637.393, 68
Trd, 4318640.093, 63
Trd, 4318640.493, 112
Trd, 4318641.043, 68
Trd, 4318642.243, 83
Trd, 4318642.943, 73
Trd, 4318643.643, 90
Trd, 4318644.043, 102
Trd, 4318644.893, 83
Trd, 4318646.043, 124
Trd, 4318646.393, 80
Trd, 4318646.943, 79
Trd, 4318647.543, 101
Trd, 4318648.493, 84
Trd, 4318649.493, 61
Trd, 4318649.993, 69
Trd, 4318650.193, 89
Trd, 4318651.993, 70
Trd, 4318652.193, 70
Trd, 4318653.293, 79
Trd, 4318654.693, 60
Trd, 4318655.893, 60
Trd, 4318657.193, 62
Trd, 4318658.043, 82
Trd, 4318658.443, 65
Trd, 4318658.743, 93
Trd, 4318659.443, 97
Trd, 4318660.243, 96
Trd, 4318660.293, 102
Trd, 4318660.743, 107
Trd, 4318661.093, 88
Trd, 4318661.243, 95
Trd, 4318661.993, 88
Trd, 4318662.393, 70
Trd, 4318662.643, 61
Trd, 4318664.743, 102
Trd, 4318665.143, 99
Trd, 4318665.443, 97
Trd, 4318666.393, 100
Trd, 4318668.293, 118
Trd, 4318668.593, 118
Trd, 4318668.693, 117
Trd, 4318669.243, 120
Trd, 4318669.493, 93
Trd, 4318670.843, 94
Trd, 4318672.143, 88
Trd, 4318672.693, 95
Trd, 4318673.043, 84
Trd, 4318673.393, 77
Trd, 4318674.243, 111
Trd, 4318675.393, 137
Trd, 4318675.493, 136
Trd, 4318676.293, 105
Trd, 4318676.393, 87
Trd, 4318676.943, 117
Trd, 4318678.393, 61
Trd, 4318679.543, 122
Trd, 4318680.043, 96
Trd, 4318681.093, 116
Trd, 4318682.093, 111
Trd, 4318682.443, 98
Trd, 4318683.093, 98
Trd, 4318683.343, 97
Trd, 4318683.443, 94
Trd, 4318683.593, 88
Trd, 4318683.943, 86
Trd, 4318684.443, 85
Trd, 4318685.143, 88
Trd, 4318685.543, 89
Trd, 4318686.443, 76
Trd, 4318687.593, 63
Trd, 4318688.693, 71
Trd, 4318689.493, 70
Trd, 4318690.043, 67
Trd, 4318690.293, 137
Trd, 4318691.893, 62
Trd, 4318692.293, 131
Trd, 4318693.093, 82
Trd, 4318693.143, 83
Trd, 4318694.543, 133
Trd, 4318694.593, 67
Trd, 4318696.293, 61
Trd, 4318696.493, 63
Trd, 4318696.943, 63
Trd, 4318697.493, 64
Trd, 4318697.643, 65
Trd, 4318698.343, 73
Trd, 4318699.193, 75
Trd, 4318699.743, 73
Trd, 4318699.793, 72
Trd, 4318701.043, 68
Trd, 4318703.093, 60
Trd, 4318703.393, 61
Trd, 4318704.443, 70
Trd, 4318705.043, 68
Trd, 4318706.743, 66
Trd, 4318707.943, 70
Trd, 4318708.743, 74
Trd, 4318709.043, 61
Trd, 4318710.193, 85
Trd, 4318710.293, 64
Trd, 4318711.193, 62
Trd, 4318711.793, 62
Trd, 4318712.143, 78
Trd, 4318712.343, 79
Trd, 4318713.043, 66
Trd, 4318713.793, 61
Trd, 4318714.593, 111
Trd, 4318715.343, 61
Trd, 4318716.693, 67
Trd, 4318718.093, 80
Trd, 4318718.243, 86
Trd, 4318718.493, 61
Trd, 4318718.893, 92
Trd, 4318721.193, 110
Trd, 4318721.493, 115
Trd, 4318722.293, 109
Trd, 4318722.893, 105
Trd, 4318722.943, 93
Trd, 4318723.493, 115
Trd, 4318726.043, 139
Trd, 4318726.093, 137
Trd, 4318726.143, 133
Trd, 4318726.193, 122
Trd, 4318726.393, 113
Trd, 4318727.043, 107
Trd, 4318727.643, 103
Trd, 4318728.493, 122
Trd, 4318728.993, 67
Trd, 4318730.843, 108
Trd, 4318730.943, 102
Trd, 4318731.743, 135
Trd, 4318732.443, 113
Trd, 4318732.893, 85
Trd, 4318733.193, 120
Trd, 4318733.393, 119
Trd, 4318734.143, 78
Trd, 4318734.793, 120
Trd, 4318734.893, 109
Trd, 4318735.193, 78
Trd, 4318736.343, 70
Trd, 4318737.743, 63
Trd, 4318738.243, 63
Trd, 4318738.443, 68
Trd, 4318738.843, 65
Trd, 4318740.693, 111
Trd, 4318741.193, 112
Trd, 4318741.493, 114
Trd, 4318742.043, 114
Trd, 4318742.293, 101
Trd, 4318743.793, 114
Trd, 4318743.893, 101
Trd, 4318744.143, 81
Trd, 4318744.843, 131
Trd, 4318745.343, 74
Trd, 4318746.893, 60
Trd, 4318747.593, 70
Trd, 4318750.043, 116
Trd, 4318750.193, 111
Trd, 4318750.243, 109
Trd, 4318750.793, 80
Trd, 4318750.843, 64
Trd, 4318752.743, 117
Trd, 4318753.443, 115
Trd, 4318754.093, 113
Trd, 4318754.843, 102
Trd, 4318755.743, 88
Trd, 4318756.293, 78
Trd, 4318756.993, 75
Trd, 4318757.243, 100
Trd, 4318758.043, 104
Trd, 4318758.993, 66
Trd, 4318759.243, 69
Trd, 4318759.343, 63
Trd, 4318759.793, 103
Trd, 4318760.093, 118
Trd, 4318761.993, 85
Trd, 4318763.993, 122
Trd, 4318764.143, 121
Trd, 4318765.043, 68
Trd, 4318765.343, 131
Trd, 4318765.743, 61
Trd, 4318766.393, 81
Trd, 4318767.743, 140
Trd, 4318768.643, 139
Trd, 4318768.893, 123
Trd, 4318769.543, 100
Trd, 4318769.993, 133
Trd, 4318770.643, 84
Trd, 4318771.143, 83
Trd, 4318771.443, 82
Trd, 4318771.993, 83
Trd, 4318773.043, 83
Trd, 4318773.493, 67
Trd, 4318773.843, 106
Trd, 4318774.243, 140
Trd, 4318774.943, 100
Trd, 4318775.393, 103
Trd, 4318776.193, 106
Trd, 4318777.643, 118
Trd, 4318778.143, 103
Trd, 4318778.743, 92
Trd, 4318778.843, 90
Trd, 4318779.993, 69
Trd, 4318780.243, 64
Trd, 4318780.643, 74
Trd, 4318781.443, 68
Trd, 4318782.143, 134
Trd, 4318783.543, 86
Trd, 4318784.643, 75
Trd, 4318785.243, 64
Trd, 4318786.343, 70
Trd, 4318786.693, 80
Trd, 4318787.143, 82
Trd, 4318787.343, 79
Trd, 4318787.843, 83
Trd, 4318788.493, 76
Trd, 4318788.543, 66
Trd, 4318790.543, 60
Trd, 4318790.843, 66
Trd, 4318791.393, 71
Trd, 4318793.093, 129
Trd, 4318794.193, 61
Trd, 4318794.793, 66
Trd, 4318795.093, 64
Trd, 4318795.143, 67
Trd, 4318795.243, 63
Trd, 4318796.993, 92
Trd, 4318797.493, 120
Trd, 4318797.743, 83
Trd, 4318798.093, 81
Trd, 4318798.693, 92
Trd, 4318799.093, 61
Trd, 4318800.593, 65
Trd, 4318801.343, 61
Trd, 4318801.793, 62
Trd, 4318802.343, 60
Trd, 4318804.093, 79
Trd, 4318804.593, 91
Trd, 4318804.643, 93
Trd, 4318805.893, 93
Trd, 4318805.943, 92
Trd, 4318806.943, 136
Trd, 4318807.793, 112
Trd, 4318807.993, 109
Trd, 4318808.493, 78
Trd, 4318809.593, 93
Trd, 4318810.143, 92
Trd, 4318811.143, 103
Trd, 4318811.393, 89
Trd, 4318811.643, 105
Trd, 4318812.293, 87
Trd, 4318812.643, 95
Trd, 4318813.293, 70
Trd, 4318813.393, 66
Trd, 4318814.243, 83
Trd, 4318814.993, 98
Trd, 4318815.143, 90
Trd, 4318816.593, 79
Trd, 4318817.343, 66
Trd, 4318818.943, 81
Trd, 4318819.243, 77
Trd, 4318820.243, 82
Trd, 4318820.793, 135
Trd, 4318821.743, 120
Trd, 4318821.943, 119
Trd, 4318822.143, 100
Trd, 4318824.043, 110
Trd, 4318824.843, 102
Trd, 4318825.493, 86
Trd, 4318825.793, 85
Trd, 4318825.993, 107
Trd, 4318826.893, 93
Trd, 4318827.843, 103
Trd, 4318828.093, 122
Trd, 4318829.043, 91
Trd, 4318829.743, 68
Trd, 4318830.043, 65
Trd, 4318830.593, 90
Trd, 4318832.743, 77
Trd, 4318833.393, 122
Trd, 4318833.593, 121
Trd, 4318833.843, 67
Trd, 4318835.043, 107
Trd, 4318835.943, 77
Trd, 4318836.093, 76
Trd, 4318837.193, 84
Trd, 4318837.393, 113
Trd, 4318838.293, 91
Trd, 4318839.643, 100
Trd, 4318840.043, 90
Trd, 4318840.393, 89
Trd, 4318840.643, 98
Trd, 4318840.993, 68
Trd, 4318841.893, 63
Trd, 4318842.093, 65
Trd, 4318842.893, 84
Trd, 4318843.093, 81
Trd, 4318844.793, 118
Trd, 4318844.893, 111
Trd, 4318845.743, 116
Trd, 4318847.993, 61
Trd, 4318848.043, 62
Trd, 4318849.293, 64
Trd, 4318850.343, 61
Trd, 4318851.143, 79
Trd, 4318851.593, 83
Trd, 4318852.393, 96
Trd, 4318853.893, 88
Trd, 4318854.393, 105
Trd, 4318854.643, 86
Trd, 4318854.743, 75
Trd, 4318855.343, 60
Trd, 4318856.793, 61
Trd, 4318856.943, 61
Trd, 4318857.193, 60
Trd, 4318857.243, 62
Trd, 4318858.143, 66
Trd, 4318859.143, 117
Trd, 4318859.943, 60
Trd, 4318860.943, 65
Trd, 4318862.293, 62
Trd, 4318863.093, 94
Trd, 4318863.743, 83
Trd, 4318864.443, 82
Trd, 4318866.593, 88
Trd, 4318867.843, 93
Trd, 4318867.893, 92
Trd, 4318867.943, 89
Trd, 4318868.393, 89
Trd, 4318868.643, 87
Trd, 4318868.743, 92
Trd, 4318869.093, 69
Trd, 4318870.393, 60
Trd, 4318870.693, 60
Trd, 4318871.643, 97
Trd, 4318871.993, 103
Trd, 4318872.043, 102
Trd, 4318874.093, 60
Trd, 4318874.893, 65
Trd, 4318875.143, 94
Trd, 4318876.043, 83
Trd, 4318876.493, 88
Trd, 4318876.893, 83
Trd, 4318877.593, 75
Trd, 4318879.143, 61
Trd, 4318879.593, 68
Trd, 4318880.693, 130
Trd, 4318881.693, 81
Trd, 4318882.143, 90
Trd, 4318882.643, 77
Trd, 4318882.893, 74
Trd, 4318883.693, 106
Trd, 4318884.543, 103
Trd, 4318884.893, 70
Trd, 4318885.293, 80
Trd, 4318887.693, 107
Trd, 4318887.743, 60
Trd, 4318888.943, 82
Trd, 4318889.093, 82
Trd, 4318889.693, 66
Trd, 4318890.193, 118
Trd, 4318890.593, 118
Trd, 4318890.793, 117
Trd, 4318892.093, 62
Trd, 4318893.043, 68
Trd, 4318893.943, 64
Trd, 4318894.793, 69
Trd, 4318895.743, 61
Trd, 4318896.293, 62
Trd, 4318896.943, 60
Trd, 4318897.143, 62
Trd, 4318898.043, 65
Trd, 4318898.343, 63
Trd, 4318898.693, 89
Trd, 4318899.993, 80
Trd, 4318901.743, 134
Trd, 4318901.793, 133
Trd, 4318903.193, 126
Trd, 4318903.593, 113
Trd, 4318903.793, 113
Trd, 4318903.993, 112
Trd, 4318904.943, 80
Trd, 4318905.243, 87
Trd, 4318905.343, 72
Trd, 4318905.893, 71
Trd, 4318906.093, 86
Trd, 4318906.993, 64
Trd, 4318907.543, 65
Trd, 4318908.643, 119
Trd, 4318908.943, 126
Trd, 4318910.643, 108
Trd, 4318911.243, 109
Trd, 4318911.743, 94
Trd, 4318913.593, 114
Trd, 4318913.643, 113
Trd, 4318914.293, 104
Trd, 4318915.343, 120
Trd, 4318915.793, 129
Trd, 4318915.943, 128
Trd, 4318917.943, 103
Trd, 4318918.393, 104
Trd, 4318918.643, 102
Trd, 4318919.293, 93
Trd, 4318920.093, 101
Trd, 4318921.443, 84
Trd, 4318921.543, 83
Trd, 4318922.293, 96
Trd, 4318922.693, 70
Trd, 4318922.893, 85
Trd, 4318923.193, 105
Trd, 4318923.693, 92
Trd, 4318923.893, 90
Trd, 4318925.743, 102
Trd, 4318925.993, 87
Trd, 4318927.593, 96
Trd, 4318927.893, 79
Trd, 4318928.043, 96
Trd, 4318928.293, 78
Trd, 4318929.293, 77
Trd, 4318929.643, 132
Trd, 4318929.793, 105
Trd, 4318930.243, 71
Trd, 4318931.343, 74
Trd, 4318932.393, 131
Trd, 4318933.793, 102
Trd, 4318934.043, 99
Trd, 4318934.343, 88
Trd, 4318934.443, 87
Trd, 4318936.493, 114
Trd, 4318937.093, 118
Trd, 4318937.543, 121
Trd, 4318937.993, 110
Trd, 4318938.843, 95
Trd, 4318939.343, 98
Trd, 4318940.343, 89
Trd, 4318941.293, 118
Trd, 4318941.493, 106
Trd, 4318942.943, 127
Trd, 4318943.593, 109
Trd, 4318944.193, 113
Trd, 4318944.893, 114
Trd, 4318944.943, 119
Trd, 4318944.993, 111
Trd, 4318947.043, 97
Trd, 4318947.843, 71
Trd, 4318948.143, 85
Trd, 4318948.193, 86
Trd, 4318949.893, 63
Trd, 4318950.743, 74
Trd, 4318951.443, 79
Trd, 4318951.943, 71
Trd, 4318952.993, 77
Trd, 4318953.543, 68
Trd, 4318953.693, 100
Trd, 4318954.293, 66
Trd, 4318954.493, 92
Trd, 4318954.893, 66
Trd, 4318956.793, 91
Trd, 4318957.093, 77
Trd, 4318958.293, 64
Trd, 4318958.343, 69
Trd, 4318959.243, 112
Trd, 4318960.243, 96
Trd, 4318960.943, 101
Trd, 4318961.193, 93
Trd, 4318961.243, 85
Trd, 4318963.093, 113
Trd, 4318963.443, 95
Trd, 4318963.943, 116
Trd, 4318965.093, 82
Trd, 4318965.393, 71
Trd, 4318965.543, 71
Trd, 4318965.643, 69
Trd, 4318967.193, 67
Trd, 4318967.343, 67
Trd, 4318967.543, 79
Trd, 4318969.143, 87
Trd, 4318970.443, 81
Trd, 4318970.693, 84
Trd, 4318970.943, 73
Trd, 4318973.193, 61
Trd, 4318973.493, 62
Trd, 4318974.493, 68
Trd, 4318974.843, 76
Trd, 4318975.243, 74
Trd, 4318975.593, 68
Trd, 4318976.393, 112
Trd, 4318977.643, 110
Trd, 4318977.693, 75
Trd, 4318978.243, 90
Trd, 4318979.543, 120
Trd, 4318980.443, 110
Trd, 4318980.543, 92
Trd, 4318981.793, 89
Trd, 4318982.193, 85
Trd, 4318982.693, 111
Trd, 4318982.993, 83
Trd, 4318983.693, 83
Trd, 4318984.743, 109
Trd, 4318985.793, 84
Trd, 4318986.143, 84
Trd, 4318986.593, 93
Trd, 4318987.543, 64
Trd, 4318987.743, 73
Trd, 4318989.043, 112
Trd, 4318990.643, 63
Trd, 4318991.143, 82
Trd, 4318991.243, 100
Trd, 4318991.693, 78
Trd, 4318991.793, 69
Trd, 4318993.243, 130
Trd, 4318995.193, 62
Trd, 4318995.893, 76
Trd, 4318996.693, 89
Trd, 4318997.993, 109
Trd, 4318998.943, 107
Trd, 4318999.143, 69
Trd, 4319000.543, 140
Trd, 4319000.693, 124
Trd, 4319000.993, 117
Trd, 4319001.243, 104
Trd, 4319001.343, 102
Trd, 4319001.993, 83
Trd, 4319002.743, 71
Trd, 4319003.443, 74
Trd, 4319004.543, 89
Trd, 4319006.143, 109
Trd, 4319006.443, 108
Trd, 4319006.543, 130
Trd, 4319008.343, 121
Trd, 4319008.793, 125
Trd, 4319008.893, 111
Trd, 4319009.143, 94
Trd, 4319010.593, 105
Trd, 4319010.643, 93
Trd, 4319011.743, 138
Trd, 4319012.593, 93
Trd, 4319013.243, 113
Trd, 4319015.093, 104
Trd, 4319016.093, 107
Trd, 4319016.343, 87
Trd, 4319016.443, 107
Trd, 4319016.743, 78
Trd, 4319016.893, 77
Trd, 4319017.843, 124
Trd, 4319018.743, 69
Trd, 4319019.243, 69
Trd, 4319020.143, 67
Trd, 4319020.643, 65
Trd, 4319020.943, 66
Trd, 4319020.993, 64
Trd, 4319022.893, 87
Trd, 4319024.193, 61
Trd, 4319024.993, 124
Trd, 4319025.393, 66
Trd, 4319025.943, 64
Trd, 4319027.293, 103
Trd, 4319028.343, 68
Trd, 4319028.393, 70
Trd, 4319029.893, 60
Trd, 4319029.943, 60
Trd, 4319031.143, 60
Trd, 4319031.543, 65
Trd, 4319032.343, 67
Trd, 4319033.293, 64
Trd, 4319033.343, 93
Trd, 4319034.343, 66
Trd, 4319035.443, 64
Trd, 4319036.343, 68
Trd, 4319036.743, 74
Trd, 4319037.693, 71
Trd, 4319037.793, 69
Trd, 4319038.693, 107
Trd, 4319038.893, 62
Trd, 4319039.593, 128
Trd, 4319040.343, 66
Trd, 4319043.193, 138
Trd, 4319043.643, 136
Trd, 4319045.043, 123
Trd, 4319045.093, 110
Trd, 4319045.393, 108
Trd, 4319045.943, 106
Trd, 4319047.093, 135
Trd, 4319047.943, 112
Trd, 4319048.243, 105
Trd, 4319049.193, 136
Trd, 4319049.393, 135
Trd, 4319049.643, 105
Trd, 4319050.293, 73
Trd, 4319050.943, 73
Trd, 4319052.193, 64
Trd, 4319054.193, 62
Trd, 4319055.693, 63
Trd, 4319055.843, 63
Trd, 4319056.893, 108
Trd, 4319057.793, 109
Trd, 4319058.093, 136
Trd, 4319058.143, 102
Trd, 4319059.293, 87
Trd, 4319061.393, 92
Trd, 4319061.743, 98
Trd, 4319062.243, 129
Trd, 4319062.643, 93
Trd, 4319063.243, 97
Trd, 4319063.543, 92
Trd, 4319064.343, 137
Trd, 4319064.393, 114
Trd, 4319065.343, 122
Trd, 4319065.643, 112
Trd, 4319066.743, 115
Trd, 4319066.943, 113
Trd, 4319068.093, 63
Trd, 4319069.093, 134
Trd, 4319069.393, 133
Trd, 4319070.093, 106
Trd, 4319070.493, 105
Trd, 4319071.943, 117
Trd, 4319072.043, 116
Trd, 4319072.393, 101
Trd, 4319073.093, 70
Trd, 4319073.593, 115
Trd, 4319073.993, 115
Trd, 4319074.993, 73
Trd, 4319076.643, 61
Trd, 4319077.143, 63
Trd, 4319077.943, 66
Trd, 4319079.243, 119
Trd, 4319080.093, 65
Trd, 4319080.293, 67
Trd, 4319080.993, 66
Trd, 4319082.293, 67
Trd, 4319082.343, 66
Trd, 4319083.843, 71
Trd, 4319084.693, 71
Trd, 4319085.293, 64
Trd, 4319085.493, 64
Trd, 4319087.243, 73
Trd, 4319087.693, 91
Trd, 4319088.393, 75
Trd, 4319088.643, 73
Trd, 4319090.293, 132
Trd, 4319090.393, 130
Trd, 4319091.093, 126
Trd, 4319091.743, 119
Trd, 4319093.043, 135
Trd, 4319093.093, 117
Trd, 4319093.243, 113
Trd, 4319093.493, 98
Trd, 4319095.493, 116
Trd, 4319095.893, 112
Trd, 4319096.193, 113
Trd, 4319098.143, 110
Trd, 4319099.093, 111
Trd, 4319099.293, 110
Trd, 4319099.343, 102
Trd, 4319100.193, 125
Trd, 4319100.593, 117
Trd, 4319101.143, 128
Trd, 4319101.443, 93
Trd, 4319101.493, 85
Trd, 4319102.293, 97
Trd, 4319102.943, 115
Trd, 4319104.093, 131
Trd, 4319104.543, 131
Trd, 4319106.243, 116
Trd, 4319106.293, 109
Trd, 4319106.343, 97
Trd, 4319107.793, 118
Trd, 4319108.193, 112
Trd, 4319108.393, 134
Trd, 4319110.243, 134
Trd, 4319110.493, 133
Trd, 4319110.643, 130
Trd, 4319111.043, 119
Trd, 4319113.443, 109
Trd, 4319113.493, 73
Trd, 4319113.643, 68
Trd, 4319114.493, 81
Trd, 4319114.693, 99
Trd, 4319115.693, 64
Trd, 4319117.843, 69
Trd, 4319119.093, 67
Trd, 4319119.793, 74
Trd, 4319120.843, 81
Trd, 4319121.243, 93
Trd, 4319121.643, 111
Trd, 4319122.293, 117
Trd, 4319122.543, 94
Trd, 4319122.693, 93
Trd, 4319123.643, 123
Trd, 4319124.593, 122
Trd, 4319124.843, 110
Trd, 4319125.693, 124
Trd, 4319126.243, 110
Trd, 4319126.393, 127
Trd, 4319127.043, 110
Trd, 4319127.693, 129
Trd, 4319127.993, 107
Trd, 4319128.193, 68
Trd, 4319128.843, 62
Trd, 4319130.393, 94
Trd, 4319132.293, 119
Trd, 4319133.043, 106
Trd, 4319133.293, 129
Trd, 4319133.793, 76
Trd, 4319133.993, 75
Trd, 4319135.343, 87
Trd, 4319137.193, 62
Trd, 4319137.593, 122
Trd, 4319138.193, 85
Trd, 4319138.443, 95
Trd, 4319138.643, 77
Trd, 4319140.143, 79
Trd, 4319140.993, 78
Trd, 4319142.193, 125
Trd, 4319142.443, 104
Trd, 4319142.943, 130
Trd, 4319143.593, 117
Trd, 4319143.893, 103
Trd, 4319144.793, 137
Trd, 4319145.393, 116
Trd, 4319146.343, 121
Trd, 4319146.393, 119
Trd, 4319147.043, 122
Trd, 4319147.893, 81
Trd, 4319149.343, 65
Trd, 4319149.393, 71
Trd, 4319149.593, 117
Trd, 4319150.443, 62
Trd, 4319152.093, 89
Trd, 4319152.243, 88
Trd, 4319152.643, 94
Trd, 4319153.443, 83
Trd, 4319154.893, 132
Trd, 4319155.093, 111
Trd, 4319155.943, 79
Trd, 4319156.243, 99
Trd, 4319157.143, 63
Trd, 4319158.293, 63
Trd, 4319158.943, 72
Trd, 4319159.393, 64
Trd, 4319159.893, 63
Trd, 4319160.743, 79
Trd, 4319161.843, 60
Trd, 4319162.743, 97
Trd, 4319162.893, 92
Trd, 4319163.593, 132
Trd, 4319163.643, 114
Trd, 4319164.043, 68
Trd, 4319164.443, 86
Trd, 4319164.943, 75
Trd, 4319166.043, 73
Trd, 4319167.943, 94
Trd, 4319169.343, 79
Trd, 4319170.243, 103
Trd, 4319170.293, 94
Trd, 4319170.443, 109
Trd, 4319171.193, 94
Trd, 4319172.343, 120
Trd, 4319173.293, 126
Trd, 4319173.593, 121
Trd, 4319173.693, 119
Trd, 4319174.093, 96
Trd, 4319175.393, 93
Trd, 4319175.993, 94
Trd, 4319176.043, 86
Trd, 4319177.143, 60
Trd, 4319178.793, 63
Trd, 4319179.043, 68
Trd, 4319180.543, 69
Trd, 4319181.093, 84
Trd, 4319181.193, 65
Trd, 4319183.593, 64
Trd, 4319183.643, 67
Trd, 4319185.043, 61
Trd, 4319186.493, 94
Trd, 4319187.143, 86
Trd, 4319187.993, 120
Trd, 4319188.293, 85
Trd, 4319189.643, 75
Trd, 4319189.793, 106
Trd, 4319189.843, 107
Trd, 4319190.193, 72
Trd, 4319192.193, 76
Trd, 4319192.393, 87
Trd, 4319192.843, 69
Trd, 4319193.043, 67
Trd, 4319193.243, 101
Trd, 4319195.343, 63
Trd, 4319195.943, 83
Trd, 4319196.293, 78
Trd, 4319196.643, 77
Trd, 4319196.693, 76
Trd, 4319196.993, 73
Trd, 4319198.293, 110
Trd, 4319198.993, 75
Trd, 4319200.043, 110
Trd, 4319200.893, 103
Trd, 4319201.293, 101
Trd, 4319201.793, 91
Trd, 4319202.543, 102
Trd, 4319203.293, 109
Trd, 4319204.143, 88
Trd, 4319205.793, 85
Trd, 4319205.843, 74
Trd, 4319207.093, 94
Trd, 4319207.293, 120
Trd, 4319208.293, 82
Trd, 4319208.943, 107
Trd, 4319209.243, 83
Trd, 4319210.593, 125
Trd, 4319211.293, 84
Trd, 4319213.543, 127
Trd, 4319213.593, 126
Trd, 4319213.793, 125
Trd, 4319214.693, 119
Trd, 4319215.343, 106
Trd, 4319215.893, 74
Trd, 4319216.693, 111
Trd, 4319217.093, 78
Trd, 4319219.293, 91
Trd, 4319219.893, 91
Trd, 4319220.293, 102
Trd, 4319220.843, 101
Trd, 4319221.993, 93
Trd, 4319222.493, 73
Trd, 4319222.643, 90
Trd, 4319223.543, 65
Trd, 4319225.993, 107
Trd, 4319226.743, 119
Trd, 4319227.043, 106
Trd, 4319227.243, 105
Trd, 4319227.993, 92
Trd, 4319230.193, 100
Trd, 4319230.293, 97
Trd, 4319230.343, 104
Trd, 4319230.443, 83
Trd, 4319231.543, 122
Trd, 4319232.293, 113
Trd, 4319232.593, 106
Trd, 4319232.893, 105
Trd, 4319233.293, 66
Trd, 4319234.893, 91
Trd, 4319235.193, 76
Trd, 4319235.543, 75
Trd, 4319237.443, 89
Trd, 4319237.693, 90
Trd, 4319238.093, 73
Trd, 4319238.393, 71
Trd, 4319238.643, 67
Trd, 4319240.343, 71
Trd, 4319240.893, 90
Trd, 4319240.943, 72
Trd, 4319241.693, 91
Trd, 4319241.943, 71
Trd, 4319242.093, 70
Trd, 4319243.793, 64
Trd, 4319245.643, 129
Trd, 4319245.743, 118
Trd, 4319245.893, 79
Trd, 4319246.293, 79
Trd, 4319246.543, 106
Trd, 4319246.843, 77
Trd, 4319247.993, 72
Trd, 4319248.593, 82
Trd, 4319249.243, 73
Trd, 4319251.243, 112
Trd, 4319252.593, 110
Trd, 4319252.693, 86
Trd, 4319252.993, 117
Trd, 4319253.693, 84
Trd, 4319254.693, 86
Trd, 4319255.743, 100
Trd, 4319257.143, 101
Trd, 4319257.493, 103
Trd, 4319257.593, 100
Trd, 4319257.643, 84
Trd, 4319259.393, 104
Trd, 4319259.443, 100
Trd, 4319260.793, 99
Trd, 4319261.143, 98
Trd, 4319261.193, 89
Trd, 4319262.143, 140
Trd, 4319262.193, 139
Trd, 4319263.393, 110
Trd, 4319264.793, 115
Trd, 4319266.143, 116
Trd, 4319266.593, 122
Trd, 4319267.243, 86
Trd, 4319267.393, 81
Trd, 4319268.443, 79
Trd, 4319270.543, 124
Trd, 4319270.943, 121
Trd, 4319272.143, 127
Trd, 4319272.493, 110
Trd, 4319273.043, 109
Trd, 4319273.093, 108
Trd, 4319273.943, 110
Trd, 4319274.293, 99
Trd, 4319274.693, 98
Trd, 4319275.743, 91
Trd, 4319276.143, 64
Trd, 4319277.193, 78
Trd, 4319277.343, 65
Trd, 4319278.593, 113
Trd, 4319278.993, 79
Trd, 4319280.193, 117
Trd, 4319281.693, 132
Trd, 4319281.843, 131
Trd, 4319281.993, 100
Trd, 4319283.443, 116
Trd, 4319283.893, 127
Trd, 4319284.093, 108
Trd, 4319285.093, 121
Trd, 4319285.893, 109
Trd, 4319286.193, 91
Trd, 4319286.693, 78
Trd, 4319289.043, 138
Trd, 4319289.593, 117
Trd, 4319290.043, 121
Trd, 4319291.143, 112
Trd, 4319291.443, 119
Trd, 4319291.643, 86
Trd, 4319292.643, 87
Trd, 4319292.693, 98
Trd, 4319293.443, 87
Trd, 4319293.693, 72
Trd, 4319294.693, 75
Trd, 4319296.293, 68
Trd, 4319296.693, 78
Trd, 4319296.743, 92
Trd, 4319297.443, 86
Trd, 4319297.493, 75
Trd, 4319299.393, 60
Trd, 4319299.893, 65
Trd, 4319300.043, 65
Trd, 4319300.943, 85
Trd, 4319301.493, 84
Trd, 4319302.943, 73
Trd, 4319303.143, 72
Trd, 4319303.843, 85
Trd, 4319304.093, 137
Trd, 4319304.793, 105
Trd, 4319305.443, 117
Trd, 4319305.943, 115
Trd, 4319306.093, 101
Trd, 4319306.493, 97
Trd, 4319307.193, 79
Trd, 4319307.643, 120
Trd, 4319309.643, 78
Trd, 4319310.493, 110
Trd, 4319310.943, 96
Trd, 4319311.143, 100
Trd, 4319311.343, 75
Trd, 4319312.393, 76
Trd, 4319314.943, 113
Trd, 4319315.393, 112
Trd, 4319315.593, 87
Trd, 4319315.993, 72
Trd, 4319316.343, 83
Trd, 4319316.393, 84
Trd, 4319316.993, 83
Trd, 4319317.393, 108
Trd, 4319318.943, 65
Trd, 4319319.893, 119
Trd, 4319320.543, 120
Trd, 4319321.343, 119
Trd, 4319321.443, 119
Trd, 4319323.693, 124
Trd, 4319323.743, 123
Trd, 4319323.893, 107
Trd, 4319325.243, 90
Trd, 4319325.343, 114
Trd, 4319326.093, 104
Trd, 4319326.443, 122
Trd, 4319327.093, 119
Trd, 4319327.943, 104
Trd, 4319328.043, 98
Trd, 4319328.993, 130
Trd, 4319330.593, 116
Trd, 4319330.793, 78
Trd, 4319333.293, 60
Trd, 4319333.893, 61
Trd, 4319334.093, 63
Trd, 4319334.693, 65
Trd, 4319335.993, 96
Trd, 4319336.993, 93
Trd, 4319337.243, 113
Trd, 4319337.943, 123
Trd, 4319338.193, 107
Trd, 4319338.443, 92
Trd, 4319339.393, 91
Trd, 4319340.093, 131
Trd, 4319340.343, 85
Trd, 4319342.043, 135
Trd, 4319343.043, 134
Trd, 4319343.493, 133
Trd, 4319344.543, 120
Trd, 4319345.043, 104
Trd, 4319345.393, 105
Trd, 4319346.893, 124
Trd, 4319347.243, 135
Trd, 4319347.793, 103
Trd, 4319348.143, 112
Trd, 4319348.243, 93
Trd, 4319349.643, 78
Trd, 4319350.993, 97
Trd, 4319351.193, 95
Trd, 4319352.043, 92
Trd, 4319353.043, 115
Trd, 4319353.843, 100
Trd, 4319354.093, 97
Trd, 4319354.543, 92
Trd, 4319356.393, 104
Trd, 4319356.443, 99
Trd, 4319356.893, 98
Trd, 4319358.043, 76
Trd, 4319358.543, 96
Trd, 4319359.143, 91
Trd, 4319359.943, 83
Trd, 4319361.093, 77
Trd, 4319361.243, 97
Trd, 4319361.743, 94
Trd, 4319362.993, 90
Trd, 4319363.693, 82
Trd, 4319364.193, 95
Trd, 4319364.993, 96
Trd, 4319365.093, 88
Trd, 4319365.293, 66
Trd, 4319366.393, 140
Trd, 4319367.143, 76
Trd, 4319368.043, 113
Trd, 4319369.393, 109
Trd, 4319370.693, 112
Trd, 4319370.743, 98
Trd, 4319370.893, 91
Trd, 4319372.193, 68
Trd, 4319372.593, 73
Trd, 4319374.443, 108
Trd, 4319374.643, 97
Trd, 4319374.893, 118
Trd, 4319375.493, 96
Trd, 4319375.893, 72
Trd, 4319377.093, 100
Trd, 4319377.143, 98
Trd, 4319378.843, 120
Trd, 4319379.993, 94
Trd, 4319380.893, 136
Trd, 4319382.493, 137
Trd, 4319382.593, 118
Trd, 4319382.843, 107
Trd, 4319383.843, 114
Trd, 4319383.943, 87
Trd, 4319384.943, 116
Trd, 4319385.343, 93
Trd, 4319385.843, 91
Trd, 4319386.443, 128
Trd, 4319386.593, 116
Trd, 4319388.893, 65
Trd, 4319389.193, 97
Trd, 4319390.093, 82
Trd, 4319390.543, 80
Trd, 4319391.443, 116
Trd, 4319392.343, 106
Trd, 4319392.643, 106
Trd, 4319392.693, 105
Trd, 4319393.593, 90
Trd, 4319394.193, 89
Trd, 4319394.993, 67
Trd, 4319395.343, 104
Trd, 4319396.543, 103
Trd, 4319397.743, 119
Trd, 4319397.793, 93
Trd, 4319399.493, 107
Trd, 4319400.343, 87
Trd, 4319401.243, 129
Trd, 4319401.443, 87
Trd, 4319401.943, 107
Trd, 4319402.443, 114
Trd, 4319402.693, 96
Trd, 4319403.543, 137
Trd, 4319403.643, 86
Trd, 4319404.043, 103
Trd, 4319404.643, 97
Trd, 4319407.393, 80
Trd, 4319407.743, 98
Trd, 4319408.543, 99
Trd, 4319408.793, 100
Trd, 4319408.943, 82
Trd, 4319410.043, 85
Trd, 4319410.393, 139
Trd, 4319410.443, 81
Trd, 4319411.543, 132
Trd, 4319412.643, 133
Trd, 4319413.943, 108
Trd, 4319414.593, 135
Trd, 4319414.943, 120
Trd, 4319415.643, 118
Trd, 4319415.993, 73
Trd, 4319419.243, 60
Trd, 4319419.343, 66
Trd, 4319419.943, 78
Trd, 4319420.193, 78
Trd, 4319421.093, 134
Trd, 4319422.493, 112
Trd, 4319422.643, 111
Trd, 4319423.943, 111
Trd, 4319424.493, 137
Trd, 4319425.693, 90
Trd, 4319425.793, 94
Trd, 4319426.043, 98
Trd, 4319427.043, 96
Trd, 4319427.193, 83
Trd, 4319428.393, 65
Trd, 4319429.243, 100
Trd, 4319430.293, 60
Trd, 4319430.343, 63
Trd, 4319431.343, 67
Trd, 4319431.743, 69
Trd, 4319432.543, 108
Trd, 4319433.993, 82
Trd, 4319435.043, 67
Trd, 4319435.593, 61
Trd, 4319436.493, 66
Trd, 4319436.543, 67
Trd, 4319437.843, 98
Trd, 4319438.543, 67
Trd, 4319439.793, 83
Trd, 4319440.593, 122
Trd, 4319440.643, 112
Trd, 4319440.693, 111
Trd, 4319440.793, 91
Trd, 4319442.493, 135
Trd, 4319442.543, 134
Trd, 4319443.293, 133
Trd, 4319444.593, 98
Trd, 4319446.393, 95
Trd, 4319447.043, 107
Trd, 4319447.343, 95
Trd, 4319448.143, 87
Trd, 4319448.443, 95
Trd, 4319448.593, 92
Trd, 4319448.643, 70
Trd, 4319450.393, 61
Trd, 4319452.093, 65
Trd, 4319452.343, 84
Trd, 4319452.643, 65
Trd, 4319452.943, 71
Trd, 4319453.593, 72
Trd, 4319456.243, 114
Trd, 4319457.393, 126
Trd, 4319457.593, 125
Trd, 4319459.443, 114
Trd, 4319461.193, 98
Trd, 4319461.393, 92
Trd, 4319461.643, 86
Trd, 4319461.743, 101
Trd, 4319462.143, 86
Trd, 4319462.193, 85
Trd, 4319462.843, 94
Trd, 4319463.543, 83
Trd, 4319466.843, 134
Trd, 4319466.943, 114
Trd, 4319467.443, 102
Trd, 4319467.593, 101
Trd, 4319468.343, 101
Trd, 4319468.393, 98
Trd, 4319469.293, 138
Trd, 4319469.993, 138
Trd, 4319471.393, 122
Trd, 4319471.743, 107
Trd, 4319472.143, 105
Trd, 4319474.593, 88
Trd, 4319474.643, 87
Trd, 4319475.593, 62
Trd, 4319475.743, 74
Trd, 4319478.993, 109
Trd, 4319479.243, 124
Trd, 4319479.593, 109
Trd, 4319480.243, 99
Trd, 4319480.593, 132
Trd, 4319481.543, 95
Trd, 4319481.793, 63
Trd, 4319483.343, 130
Trd, 4319483.843, 129
Trd, 4319484.143, 118
Trd, 4319484.243, 104
Trd, 4319484.493, 136
Trd, 4319487.693, 61
Trd, 4319488.193, 81
Trd, 4319488.443, 83
Trd, 4319488.593, 62
Trd, 4319489.193, 126
Trd, 4319489.643, 62
Trd, 4319490.043, 134
Trd, 4319490.143, 80
Trd, 4319492.443, 73
Trd, 4319492.693, 66
Trd, 4319493.443, 76
Trd, 4319493.743, 92
Trd, 4319494.493, 121
Trd, 4319494.743, 82
Trd, 4319495.043, 76
Trd, 4319496.143, 103
Trd, 4319496.543, 138
Trd, 4319497.443, 139
Trd, 4319499.143, 115
Trd, 4319499.443, 103
Trd, 4319499.993, 111
Trd, 4319500.943, 101
Trd, 4319501.843, 100
Trd, 4319502.793, 89
Trd, 4319502.843, 86
Trd, 4319503.743, 61
Trd, 4319503.893, 62
Trd, 4319505.793, 93
Trd, 4319507.093, 96
Trd, 4319507.293, 94
Trd, 4319507.893, 116
Trd, 4319508.143, 114
Trd, 4319508.843, 93
Trd, 4319509.393, 80
Trd, 4319509.693, 72
Trd, 4319510.593, 108
Trd, 4319513.293, 79
Trd, 4319513.393, 76
Trd, 4319513.693, 97
Trd, 4319513.943, 116
Trd, 4319514.493, 68
Trd, 4319514.993, 84
Trd, 4319515.243, 77
Trd, 4319516.643, 118
Trd, 4319517.243, 78
Trd, 4319517.793, 114
Trd, 4319518.143, 82
Trd, 4319519.243, 60
Trd, 4319519.593, 63
Trd, 4319521.443, 98
Trd, 4319522.143, 98
Trd, 4319523.193, 116
Trd, 4319524.793, 121
Trd, 4319525.093, 120
Trd, 4319525.593, 119
Trd, 4319526.643, 102
Trd, 4319527.643, 113
Trd, 4319528.043, 102
Trd, 4319528.643, 100
Trd, 4319528.693, 95
Trd, 4319529.343, 63
Trd, 4319529.943, 66
Trd, 4319531.043, 135
Trd, 4319531.143, 134
Trd, 4319531.643, 120
Trd, 4319531.793, 138
Trd, 4319532.643, 86
Trd, 4319532.843, 79
Trd, 4319533.893, 126
Trd, 4319535.593, 134
Trd, 4319535.743, 132
Trd, 4319535.943, 131
Trd, 4319536.243, 118
Trd, 4319536.343, 102
Trd, 4319537.193, 87
Trd, 4319537.693, 131
Trd, 4319540.993, 128
Trd, 4319541.843, 117
Trd, 4319542.093, 121
Trd, 4319542.143, 116
Trd, 4319543.693, 108
Trd, 4319544.793, 110
Trd, 4319545.593, 107
Trd, 4319545.843, 106
Trd, 4319546.043, 106
Trd, 4319546.293, 102
Trd, 4319546.393, 91
Trd, 4319548.193, 89
Trd, 4319548.643, 90
Trd, 4319549.293, 61
Trd, 4319549.793, 88
Trd, 4319551.293, 102
Trd, 4319551.393, 101
Trd, 4319551.493, 96
Trd, 4319551.693, 94
Trd, 4319551.843, 79
Trd, 4319553.343, 69
Trd, 4319554.393, 103
Trd, 4319554.643, 83
Trd, 4319556.143, 118
Trd, 4319557.093, 95
Trd, 4319557.443, 108
Trd, 4319558.343, 88
Trd, 4319558.593, 90
Trd, 4319558.693, 89
Trd, 4319559.943, 83
Trd, 4319560.043, 113
Trd, 4319560.893, 75
Trd, 4319561.543, 60
Trd, 4319562.643, 60
Trd, 4319563.443, 90
Trd, 4319564.843, 66
Trd, 4319565.593, 74
Trd, 4319566.743, 61
Trd, 4319567.893, 94
Trd, 4319569.393, 64
Trd, 4319570.193, 107
Trd, 4319570.943, 62
Trd, 4319571.093, 60
Trd, 4319572.243, 102
Trd, 4319572.643, 70
Trd, 4319573.393, 70
Trd, 4319573.993, 72
Trd, 4319574.693, 78
Trd, 4319574.843, 61
Trd, 4319576.643, 60
Trd, 4319576.993, 65
Trd, 4319577.343, 69
Trd, 4319577.643, 68
Trd, 4319578.093, 84
Trd, 4319579.143, 139
Trd, 4319579.343, 138
Trd, 4319579.743, 124
Trd, 4319579.793, 99
Trd, 4319579.943, 97
Trd, 4319581.443, 113
Trd, 4319582.293, 111
Trd, 4319583.343, 88
Trd, 4319584.343, 69
Trd, 4319585.043, 70
Trd, 4319585.643, 72
Trd, 4319586.193, 96
Trd, 4319586.543, 79
Trd, 4319588.893, 71
Trd, 4319589.343, 72
Trd, 4319590.393, 83
Trd, 4319591.093, 105
Trd, 4319591.493, 111
Trd, 4319592.093, 140
Trd, 4319592.393, 138
Trd, 4319592.493, 127
Trd, 4319592.593, 126
Trd, 4319593.143, 110
Trd, 4319594.393, 93
Trd, 4319594.693, 86
Trd, 4319595.343, 122
Trd, 4319595.943, 117
Trd, 4319596.543, 67
Trd, 4319597.093, 86
Trd, 4319597.693, 87
Trd, 4319598.643, 105
Trd, 4319599.743, 133
Trd, 4319600.143, 87
Trd, 4319601.843, 131
Trd, 4319602.293, 132
Trd, 4319602.393, 130
Trd, 4319602.493, 118
Trd, 4319602.743, 117
Trd, 4319603.943, 130
Trd, 4319604.043, 74
Trd, 4319605.193, 125
Trd, 4319606.393, 96
Trd, 4319607.893, 138
Trd, 4319607.993, 138
Trd, 4319608.543, 135
Trd, 4319609.393, 118
Trd, 4319609.793, 130
Trd, 4319610.043, 91
Trd, 4319610.293, 84
Trd, 4319611.043, 81
Trd, 4319612.943, 124
Trd, 4319613.693, 78
Trd, 4319614.893, 107
Trd, 4319616.293, 123
Trd, 4319617.493, 125
Trd, 4319617.643, 125
Trd, 4319618.293, 106
Trd, 4319618.543, 126
Trd, 4319618.593, 92
Trd, 4319619.343, 60
Trd, 4319619.643, 69
Trd, 4319619.943, 71
Trd, 4319620.593, 130
Trd, 4319621.493, 122
Trd, 4319621.643, 121
Trd, 4319623.243, 104
Trd, 4319623.993, 105
Trd, 4319624.793, 93
Trd, 4319625.693, 124
Trd, 4319626.243, 91
Trd, 4319627.343, 104
Trd, 4319627.843, 97
Trd, 4319628.943, 88
Trd, 4319629.443, 74
Trd, 4319630.343, 86
Trd, 4319632.143, 114
Trd, 4319632.343, 84
Trd, 4319632.943, 103
Trd, 4319633.093, 81
Trd, 4319633.843, 78
Trd, 4319635.443, 119
Trd, 4319635.693, 117
Trd, 4319636.193, 104
Trd, 4319636.343, 80
Trd, 4319636.793, 112
Trd, 4319637.093, 102
Trd, 4319637.693, 77
Trd, 4319639.843, 130
Trd, 4319640.643, 104
Trd, 4319640.793, 114
Trd, 4319641.243, 106
Trd, 4319641.543, 103
Trd, 4319642.193, 110
Trd, 4319642.743, 109
Trd, 4319642.793, 112
Trd, 4319643.593, 62
Trd, 4319644.443, 74
Trd, 4319645.143, 64
Trd, 4319645.443, 60
Trd, 4319647.143, 64
Trd, 4319647.743, 66
Trd, 4319649.343, 82
Trd, 4319650.593, 78
Trd, 4319650.993, 99
Trd, 4319651.043, 114
Trd, 4319651.593, 70
Trd, 4319653.743, 72
Trd, 4319654.143, 88
Trd, 4319654.243, 87
Trd, 4319654.643, 122
Trd, 4319655.243, 71
Trd, 4319655.993, 67
Trd, 4319656.193, 107
Trd, 4319658.443, 92
Trd, 4319658.593, 93
Trd, 4319658.793, 70
Trd, 4319659.543, 103
Trd, 4319660.143, 66
Trd, 4319661.193, 72
Trd, 4319661.993, 77
Trd, 4319662.043, 74
Trd, 4319662.593, 140
Trd, 4319664.693, 132
Trd, 4319666.993, 135
Trd, 4319667.443, 115
Trd, 4319667.743, 113
Trd, 4319668.493, 101
Trd, 4319669.293, 113
Trd, 4319669.693, 112
Trd, 4319670.493, 104
Trd, 4319672.193, 123
Trd, 4319672.743, 121
Trd, 4319672.893, 107
Trd, 4319673.693, 132
Trd, 4319675.243, 117
Trd, 4319675.843, 117
Trd, 4319675.893, 116
Trd, 4319675.943, 115
Trd, 4319676.743, 105
Trd, 4319677.393, 101
Trd, 4319678.643, 112
Trd, 4319679.143, 98
Trd, 4319679.193, 87
Trd, 4319680.093, 125
Trd, 4319681.293, 131
Trd, 4319681.343, 112
Trd, 4319681.643, 111
Trd, 4319681.893, 94
Trd, 4319682.343, 81
Trd, 4319685.143, 87
Trd, 4319686.543, 117
Trd, 4319687.193, 104
Trd, 4319687.843, 109
Trd, 4319687.943, 108
Trd, 4319688.593, 91
Trd, 4319691.243, 95
Trd, 4319692.193, 115
Trd, 4319692.393, 98
Trd, 4319692.843, 94
Trd, 4319693.093, 97
Trd, 4319693.943, 93
Trd, 4319694.593, 130
Trd, 4319697.893, 65
Trd, 4319697.993, 63
Trd, 4319698.343, 62
Trd, 4319699.443, 64
Trd, 4319699.693, 67
Trd, 4319700.043, 128
Trd, 4319701.593, 103
Trd, 4319702.693, 133
Trd, 4319702.793, 130
Trd, 4319703.643, 106
Trd, 4319703.693, 105
Trd, 4319705.443, 139
Trd, 4319705.793, 140
Trd, 4319705.993, 138
Trd, 4319706.293, 104
Trd, 4319706.893, 101
Trd, 4319707.393, 100
Trd, 4319708.193, 107
Trd, 4319708.793, 134
Trd, 4319711.643, 110
Trd, 4319712.493, 100
Trd, 4319713.343, 109
Trd, 4319713.393, 116
Trd, 4319713.593, 108
Trd, 4319715.043, 138
Trd, 4319715.643, 68
Trd, 4319716.293, 82
Trd, 4319717.093, 80
Trd, 4319717.193, 77
Trd, 4319717.793, 101
Trd, 4319718.343, 104
Trd, 4319718.693, 79
Trd, 4319719.343, 105
Trd, 4319720.443, 82
Trd, 4319720.943, 94
Trd, 4319721.243, 107
Trd, 4319723.443, 114
Trd, 4319725.293, 112
Trd, 4319725.393, 111
Trd, 4319725.693, 110
Trd, 4319725.793, 110
Trd, 4319725.893, 109
Trd, 4319726.243, 108
Trd, 4319727.043, 106
Trd, 4319727.393, 91
Trd, 4319729.543, 139
Trd, 4319729.593, 131
Trd, 4319729.943, 114
Trd, 4319730.993, 124
Trd, 4319731.043, 123
Trd, 4319731.943, 89
Trd, 4319732.793, 88
Trd, 4319732.843, 81
Trd, 4319733.043, 90
Trd, 4319734.993, 83
Trd, 4319736.443, 138
Trd, 4319736.693, 74
Trd, 4319737.343, 76
Trd, 4319738.343, 112
Trd, 4319738.743, 108
Trd, 4319739.093, 111
Trd, 4319739.643, 110
Trd, 4319740.743, 110
Trd, 4319740.843, 109
Trd, 4319741.943, 137
Trd, 4319742.043, 87
Trd, 4319742.443, 77
Trd, 4319743.443, 93
Trd, 4319744.043, 73
Trd, 4319745.243, 98
Trd, 4319745.543, 100
Trd, 4319745.843, 89
Trd, 4319745.943, 106
Trd, 4319747.293, 60
Trd, 4319748.543, 62
Trd, 4319748.593, 93
Trd, 4319748.793, 130
Trd, 4319750.893, 95
Trd, 4319750.993, 133
Trd, 4319751.293, 110
Trd, 4319751.743, 109
Trd, 4319753.093, 93
Trd, 4319753.543, 93
Trd, 4319754.443, 97
Trd, 4319754.993, 107
Trd, 4319755.193, 99
Trd, 4319755.493, 83
Trd, 4319755.893, 84
Trd, 4319755.943, 83
Trd, 4319755.993, 81
Trd, 4319757.043, 104
Trd, 4319757.643, 70
Trd, 4319759.093, 95
Trd, 4319760.493, 121
Trd, 4319760.843, 119
Trd, 4319761.143, 112
Trd, 4319761.343, 120
Trd, 4319761.493, 111
Trd, 4319763.443, 100
Trd, 4319763.593, 105
Trd, 4319763.693, 91
Trd, 4319764.593, 69
Trd, 4319764.743, 80
Trd, 4319765.243, 81
Trd, 4319766.743, 87
Trd, 4319768.593, 88
Trd, 4319768.693, 73
Trd, 4319769.893, 101
Trd, 4319770.093, 121
Trd, 4319771.793, 116
Trd, 4319772.343, 112
Trd, 4319772.693, 111
Trd, 4319772.793, 102
Trd, 4319773.693, 70
Trd, 4319775.393, 123
Trd, 4319777.393, 140
Trd, 4319777.643, 139
Trd, 4319778.093, 118
Trd, 4319778.593, 126
Trd, 4319779.043, 96
Trd, 4319779.443, 109
Trd, 4319780.943, 65
Trd, 4319781.743, 93
Trd, 4319782.493, 131
Trd, 4319783.243, 87
Trd, 4319784.343, 82
Trd, 4319784.793, 78
Trd, 4319785.193, 90
Trd, 4319785.243, 75
Trd, 4319785.743, 105
Trd, 4319788.143, 95
Trd, 4319788.793, 75
Trd, 4319788.993, 74
Trd, 4319789.493, 71
Trd, 4319789.793, 98
Trd, 4319790.893, 62
Trd, 4319790.993, 62
Trd, 4319791.243, 93
Trd, 4319791.693, 74
Trd, 4319792.593, 63
Trd, 4319794.243, 66
Trd, 4319795.693, 124
Trd, 4319795.993, 124
Trd, 4319796.643, 109
Trd, 4319796.943, 109
Trd, 4319797.593, 120
Trd, 4319797.843, 86
Trd, 4319799.443, 93
Trd, 4319800.393, 102
Trd, 4319801.493, 96
Trd, 4319801.793, 98
Trd, 4319801.893, 94
Trd, 4319802.393, 114
Trd, 4319803.743, 75
Trd, 4319805.043, 85
Trd, 4319805.293, 80
Trd, 4319805.393, 77
Trd, 4319806.493, 60
Trd, 4319807.393, 60
Trd, 4319807.543, 61
Trd, 4319810.093, 69
Trd, 4319810.693, 74
Trd, 4319810.743, 71
Trd, 4319811.493, 74
Trd, 4319811.693, 87
Trd, 4319811.893, 72
Trd, 4319812.293, 79
Trd, 4319812.693, 83
Trd, 4319813.343, 63
Trd, 4319813.443, 104
Trd, 4319815.393, 94
Trd, 4319816.193, 100
Trd, 4319816.343, 110
Trd, 4319817.943, 99
Trd, 4319818.793, 98
Trd, 4319818.843, 97
Trd, 4319819.093, 90
Trd, 4319820.143, 87
Trd, 4319820.293, 93
Trd, 4319820.843, 88
Trd, 4319821.193, 103
Trd, 4319821.343, 97
Trd, 4319822.643, 85
Trd, 4319823.193, 95
Trd, 4319824.643, 64
Trd, 4319826.593, 132
Trd, 4319826.843, 131
Trd, 4319826.993, 133
Trd, 4319827.393, 116
Trd, 4319828.993, 68
Trd, 4319829.493, 101
Trd, 4319829.893, 78
Trd, 4319830.093, 73
Trd, 4319830.893, 95
Trd, 4319832.393, 106
Trd, 4319832.493, 91
Trd, 4319832.793, 107
Trd, 4319834.143, 91
Trd, 4319834.643, 91
Trd, 4319835.193, 128
Trd, 4319836.593, 91
Trd, 4319836.693, 84
Trd, 4319837.443, 83
Trd, 4319837.493, 80
Trd, 4319838.993, 101
Trd, 4319839.743, 88
Trd, 4319840.043, 134
Trd, 4319840.743, 64
Trd, 4319840.843, 65
Trd, 4319841.143, 113
Trd, 4319842.443, 68
Trd, 4319843.193, 80
Trd, 4319843.993, 91
Trd, 4319844.993, 64
Trd, 4319847.093, 70
Trd, 4319847.593, 72
Trd, 4319847.693, 72
Trd, 4319848.043, 108
Trd, 4319848.143, 109
Trd, 4319848.793, 78
Trd, 4319849.193, 72
Trd, 4319850.193, 66
Trd, 4319850.243, 67
Trd, 4319851.443, 63
Trd, 4319853.943, 125
Trd, 4319854.043, 124
Trd, 4319856.193, 86
Trd, 4319857.243, 85
Trd, 4319858.193, 85
Trd, 4319858.993, 86
Trd, 4319859.043, 83
Trd, 4319859.993, 109
Trd, 4319860.043, 85
Trd, 4319860.343, 85
Trd, 4319860.443, 79
Trd, 4319861.243, 80
Trd, 4319863.243, 101
Trd, 4319863.643, 98
Trd, 4319864.493, 101
Trd, 4319864.593, 97
Trd, 4319866.393, 107
Trd, 4319866.843, 106
Trd, 4319867.843, 116
Trd, 4319869.493, 115
Trd, 4319869.793, 121
Trd, 4319870.043, 120
Trd, 4319870.643, 127
Trd, 4319870.993, 140
Trd, 4319871.543, 111
Trd, 4319871.743, 106
Trd, 4319873.593, 137
Trd, 4319874.593, 134
Trd, 4319875.143, 124
Trd, 4319875.593, 116
Trd, 4319877.393, 116
Trd, 4319877.893, 116
Trd, 4319877.993, 114
Trd, 4319878.993, 131
Trd, 4319880.343, 136
Trd, 4319880.893, 113
Trd, 4319882.093, 129
Trd, 4319882.993, 112
Trd, 4319883.043, 110
Trd, 4319883.843, 99
Trd, 4319883.893, 116
Trd, 4319884.543, 120
Trd, 4319884.743, 106
Trd, 4319886.543, 63
Trd, 4319887.143, 64
Trd, 4319887.893, 60
Trd, 4319889.143, 93
Trd, 4319889.743, 70
Trd, 4319889.793, 64
Trd, 4319889.993, 71
Trd, 4319890.593, 69
Trd, 4319890.693, 71
Trd, 4319891.143, 63
Trd, 4319894.243, 89
Trd, 4319894.493, 88
Trd, 4319895.293, 89
Trd, 4319895.843, 123
Trd, 4319896.343, 111
Trd, 4319897.893, 112
Trd, 4319897.943, 111
Trd, 4319898.843, 105
Trd, 4319898.893, 103
Trd, 4319899.043, 100
Trd, 4319899.793, 98
Trd, 4319900.593, 96
Trd, 4319900.943, 96
Trd, 4319900.993, 95
Trd, 4319902.643, 81
Trd, 4319903.843, 77
Trd, 4319905.743, 81
Trd, 4319906.293, 91
Trd, 4319907.293, 84
Trd, 4319908.193, 78
Trd, 4319909.543, 102
Trd, 4319909.693, 102
Trd, 4319909.843, 104
Trd, 4319909.943, 112
Trd, 4319910.343, 93
Trd, 4319911.093, 80
Trd, 4319911.243, 92
Trd, 4319911.993, 126
Trd, 4319913.993, 126
Trd, 4319914.093, 117
Trd, 4319915.793, 110
Trd, 4319916.243, 107
Trd, 4319916.543, 102
Trd, 4319917.193, 140
Trd, 4319917.743, 140
Trd, 4319918.143, 139
Trd, 4319919.493, 96
Trd, 4319920.743, 100
Trd, 4319921.343, 111
Trd, 4319921.743, 73
Trd, 4319922.743, 118
Trd, 4319922.843, 122
Trd, 4319923.893, 79
Trd, 4319924.143, 81
Trd, 4319924.943, 67
Trd, 4319925.543, 87
Trd, 4319926.743, 64
Trd, 4319928.293, 69
Trd, 4319929.043, 69
Trd, 4319930.143, 66
Trd, 4319930.243, 68
Trd, 4319931.893, 60
Trd, 4319932.343, 68
Trd, 4319933.393, 61
Trd, 4319934.793, 64
Trd, 4319935.843, 60
Trd, 4319936.343, 81
Trd, 4319936.993, 71
Trd, 4319937.043, 89
Trd, 4319938.443, 66
Trd, 4319938.893, 73
Trd, 4319939.593, 62
Trd, 4319940.893, 98
Trd, 4319941.043, 96
Trd, 4319941.293, 100
Trd, 4319941.943, 64
Trd, 4319942.293, 94
Trd, 4319943.243, 109
Trd, 4319944.043, 91
Trd, 4319944.243, 89
Trd, 4319945.443, 64
Trd, 4319946.393, 86
Trd, 4319946.593, 95
Trd, 4319947.843, 65
Trd, 4319949.743, 88
Trd, 4319950.293, 90
Trd, 4319950.343, 79
Trd, 4319951.393, 123
Trd, 4319951.693, 111
Trd, 4319951.743, 110
Trd, 4319951.993, 97
Trd, 4319953.043, 100
Trd, 4319953.243, 124
Trd, 4319954.543, 60
Trd, 4319955.343, 65
Trd, 4319955.643, 112
Trd, 4319955.843, 61
Trd, 4319956.493, 61
Trd, 4319957.343, 62
Trd, 4319957.943, 96
Trd, 4319959.543, 128
Trd, 4319959.793, 127
Trd, 4319959.893, 103
Trd, 4319960.343, 132
Trd, 4319960.543, 91
Trd, 4319961.393, 77
Trd, 4319962.593, 70
Trd, 4319963.443, 117
Trd, 4319965.043, 81
Trd, 4319965.493, 77
Trd, 4319966.693, 92
Trd, 4319967.193, 137
Trd, 4319967.293, 86
Trd, 4319967.643, 86
Trd, 4319968.643, 80
Trd, 4319969.743, 70
Trd, 4319969.843, 89
Trd, 4319970.143, 65
Trd, 4319971.593, 81
Trd, 4319973.143, 95
Trd, 4319973.343, 92
Trd, 4319973.743, 91
Trd, 4319973.843, 90
Trd, 4319974.493, 63
Trd, 4319975.043, 91
Trd, 4319975.293, 92
Trd, 4319976.193, 90
Trd, 4319977.243, 100
Trd, 4319977.743, 105
Trd, 4319979.143, 91
Trd, 4319979.693, 92
Trd, 4319980.093, 92
Trd, 4319981.143, 91
Trd, 4319982.243, 91
Trd, 4319982.893, 62
Trd, 4319983.743, 61
Trd, 4319984.043, 60
Trd, 4319984.443, 64
Trd, 4319984.693, 65
Trd, 4319986.493, 100
Trd, 4319986.743, 77
Trd, 4319987.943, 83
Trd, 4319988.593, 92
Trd, 4319989.693, 89
Trd, 4319989.743, 87
Trd, 4319989.843, 123
Trd, 4319991.193, 85
Trd, 4319991.293, 68
Trd, 4319992.193, 116
Trd, 4319992.393, 65
Trd, 4319992.843, 94
Trd, 4319993.893, 114
Trd, 4319994.743, 123
Trd, 4319995.943, 123
Trd, 4319996.143, 112
Trd, 4319996.443, 104
Trd, 4319997.593, 96
Trd, 4319998.693, 60
Trd, 4319999.243, 105
Trd, 4319999.843, 60
Trd, 4319999.993, 62
