Trd, 4318146.393, 125
Trd, 4318147.543, 136
Trd, 4318147.593, 122
Trd, 4318147.843, 99
Trd, 4318148.593, 101
Trd, 4318149.693, 91
Trd, 4318150.593, 139
Trd, 4318151.743, 135
Trd, 4318152.693, 93
Trd, 4318153.693, 138
Trd, 4318153.793, 128
Trd, 4318154.893, 117
Trd, 4318155.093, 107
Trd, 4318155.193, 107
Trd, 4318156.393, 140
Trd, 4318157.193, 105
Trd, 4318158.293, 102
Trd, 4318159.743, 139
Trd, 4318160.193, 134
Trd, 4318160.543, 111
Trd, 4318160.843, 133
Trd, 4318161.743, 83
Trd, 4318161.993, 91
Trd, 4318163.243, 87
Trd, 4318163.343, 110
Trd, 4318164.393, 89
Trd, 4318166.943, 129
Trd, 4318167.743, 105
Trd, 4318168.093, 101
Trd, 4318168.293, 60
Trd, 4318168.943, 81
Trd, 4318169.493, 108
Trd, 4318169.693, 123
Trd, 4318169.843, 122
Trd, 4318171.993, 138
Trd, 4318172.193, 63
Trd, 4318173.493, 118
Trd, 4318174.043, 123
Trd, 4318174.693, 76
Trd, 4318175.143, 65
Trd, 4318175.293, 103
Trd, 4318175.793, 132
Trd, 4318176.193, 119
Trd, 4318177.493, 63
Trd, 4318178.143, 87
Trd, 4318178.693, 86
Trd, 4318179.743, 89
Trd, 4318180.193, 64
Trd, 4318180.543, 110
Trd, 4318180.943, 104
Trd, 4318182.293, 71
Trd, 4318183.443, 101
Trd, 4318184.043, 127
Trd, 4318185.093, 111
Trd, 4318185.193, 109
Trd, 4318185.393, 117
Trd, 4318185.593, 91
Trd, 4318185.943, 94
Trd, 4318186.143, 87
Trd, 4318187.393, 137
Trd, 4318187.493, 69
Trd, 4318188.193, 113
Trd, 4318188.693, 101
Trd, 4318189.093, 140
Trd, 4318189.993, 120
Trd, 4318190.193, 84
Trd, 4318190.693, 102
Trd, 4318192.043, 116
Trd, 4318192.443, 102
Trd, 4318192.593, 62
Trd, 4318193.243, 71
Trd, 4318193.393, 132
Trd, 4318194.343, 95
Trd, 4318194.893, 108
Trd, 4318195.543, 82
Trd, 4318196.693, 96
Trd, 4318197.093, 122
Trd, 4318198.543, 110
Trd, 4318199.443, 137
Trd, 4318199.643, 98
Trd, 4318200.793, 103
Trd, 4318200.893, 96
Trd, 4318201.343, 120
Trd, 4318201.943, 134
Trd, 4318203.093, 106
Trd, 4318204.643, 129
Trd, 4318204.893, 99
Trd, 4318205.893, 112
Trd, 4318206.443, 125
Trd, 4318206.593, 107
Trd, 4318206.993, 104
Trd, 4318207.593, 125
Trd, 4318207.943, 125
Trd, 4318207.993, 95
Trd, 4318209.543, 117
Trd, 4318211.193, 117
Trd, 4318211.643, 105
Trd, 4318211.843, 71
Trd, 4318212.043, 67
Trd, 4318213.193, 66
Trd, 4318213.543, 64
Trd, 4318213.893, 137
Trd, 4318215.143, 140
Trd, 4318215.693, 135
Trd, 4318217.443, 136
Trd, 4318217.843, 138
Trd, 4318218.143, 97
Trd, 4318218.393, 104
Trd, 4318218.443, 86
Trd, 4318219.743, 91
Trd, 4318219.843, 119
Trd, 4318220.343, 107
Trd, 4318221.293, 139
Trd, 4318221.993, 131
Trd, 4318223.543, 73
Trd, 4318224.093, 82
Trd, 4318225.443, 125
Trd, 4318226.043, 113
Trd, 4318227.243, 138
Trd, 4318227.393, 79
Trd, 4318227.643, 98
Trd, 4318227.943, 61
Trd, 4318228.093, 138
Trd, 4318228.793, 139
Trd, 4318229.443, 97
Trd, 4318230.593, 94
Trd, 4318230.893, 88
Trd, 4318231.543, 138
Trd, 4318232.193, 140
Trd, 4318232.493, 117
Trd, 4318233.143, 79
Trd, 4318234.693, 135
Trd, 4318236.993, 137
Trd, 4318237.193, 122
Trd, 4318239.043, 138
Trd, 4318239.493, 79
Trd, 4318239.643, 75
Trd, 4318239.993, 84
Trd, 4318240.743, 88
Trd, 4318240.893, 72
Trd, 4318241.093, 92
Trd, 4318241.693, 114
Trd, 4318241.893, 89
Trd, 4318242.643, 97
Trd, 4318244.693, 140
Trd, 4318245.093, 106
Trd, 4318245.793, 116
Trd, 4318246.443, 132
Trd, 4318246.993, 72
Trd, 4318247.793, 81
Trd, 4318249.743, 109
Trd, 4318250.243, 105
Trd, 4318251.143, 99
Trd, 4318251.843, 87
Trd, 4318252.443, 110
Trd, 4318254.043, 78
Trd, 4318254.293, 76
Trd, 4318254.493, 86
Trd, 4318254.543, 89
Trd, 4318255.343, 80
Trd, 4318255.493, 74
Trd, 4318256.893, 122
Trd, 4318257.993, 73
Trd, 4318258.193, 79
Trd, 4318258.543, 78
Trd, 4318259.993, 61
Trd, 4318260.743, 63
Trd, 4318261.293, 125
Trd, 4318261.793, 111
Trd, 4318262.193, 120
Trd, 4318264.093, 139
Trd, 4318264.193, 136
Trd, 4318264.393, 137
Trd, 4318265.343, 121
Trd, 4318265.893, 108
Trd, 4318266.593, 124
Trd, 4318266.893, 93
Trd, 4318267.743, 110
Trd, 4318268.043, 134
Trd, 4318268.243, 105
Trd, 4318268.893, 113
Trd, 4318270.143, 95
Trd, 4318270.743, 140
Trd, 4318271.793, 139
Trd, 4318272.143, 97
Trd, 4318272.693, 66
Trd, 4318274.093, 64
Trd, 4318274.993, 79
Trd, 4318275.143, 112
Trd, 4318275.543, 107
Trd, 4318276.343, 94
Trd, 4318276.393, 90
Trd, 4318277.243, 97
Trd, 4318278.243, 62
Trd, 4318279.493, 109
Trd, 4318279.543, 104
Trd, 4318279.743, 103
Trd, 4318281.193, 111
Trd, 4318281.443, 108
Trd, 4318282.293, 60
Trd, 4318283.493, 88
Trd, 4318285.793, 63
Trd, 4318285.843, 94
Trd, 4318286.043, 87
Trd, 4318286.693, 105
Trd, 4318287.043, 108
Trd, 4318287.743, 126
Trd, 4318289.493, 98
Trd, 4318290.143, 131
Trd, 4318290.743, 128
Trd, 4318291.343, 128
Trd, 4318291.693, 97
Trd, 4318292.543, 126
Trd, 4318292.743, 137
Trd, 4318294.293, 140
Trd, 4318294.593, 115
Trd, 4318295.293, 117
Trd, 4318296.293, 75
Trd, 4318296.743, 99
Trd, 4318297.393, 107
Trd, 4318298.493, 108
Trd, 4318299.843, 119
Trd, 4318299.993, 118
Trd, 4318300.593, 91
Trd, 4318300.843, 107
Trd, 4318301.443, 114
Trd, 4318302.143, 124
Trd, 4318302.343, 92
Trd, 4318303.243, 81
Trd, 4318303.443, 98
Trd, 4318304.093, 140
Trd, 4318305.443, 125
Trd, 4318306.443, 132
Trd, 4318306.493, 113
Trd, 4318307.193, 69
Trd, 4318308.593, 85
Trd, 4318309.343, 90
Trd, 4318309.843, 93
Trd, 4318310.243, 93
Trd, 4318310.543, 123
Trd, 4318310.843, 68
Trd, 4318311.143, 63
Trd, 4318312.643, 118
Trd, 4318312.843, 100
Trd, 4318314.193, 135
Trd, 4318314.943, 139
Trd, 4318316.143, 140
Trd, 4318316.643, 109
Trd, 4318316.693, 95
Trd, 4318316.993, 109
Trd, 4318317.443, 116
Trd, 4318317.743, 104
Trd, 4318318.043, 60
Trd, 4318318.643, 116
Trd, 4318318.993, 140
Trd, 4318321.143, 60
Trd, 4318321.643, 69
Trd, 4318321.793, 87
Trd, 4318322.943, 136
Trd, 4318323.343, 101
Trd, 4318323.693, 123
Trd, 4318325.493, 134
Trd, 4318325.943, 100
Trd, 4318326.443, 137
Trd, 4318326.943, 94
Trd, 4318327.343, 95
Trd, 4318328.493, 92
Trd, 4318328.793, 82
Trd, 4318330.343, 128
Trd, 4318330.793, 137
Trd, 4318330.943, 133
Trd, 4318331.193, 121
Trd, 4318332.293, 112
Trd, 4318333.043, 95
Trd, 4318333.293, 67
Trd, 4318333.543, 101
Trd, 4318334.693, 140
Trd, 4318335.443, 140
Trd, 4318335.593, 122
Trd, 4318336.093, 62
Trd, 4318336.843, 111
Trd, 4318337.343, 71
Trd, 4318337.743, 92
Trd, 4318338.643, 75
Trd, 4318339.093, 61
Trd, 4318339.893, 130
Trd, 4318339.993, 134
Trd, 4318340.143, 63
Trd, 4318340.693, 72
Trd, 4318341.993, 104
Trd, 4318342.393, 75
Trd, 4318342.643, 83
Trd, 4318343.693, 101
Trd, 4318345.393, 115
Trd, 4318347.043, 132
Trd, 4318347.643, 102
Trd, 4318348.643, 140
Trd, 4318348.943, 109
Trd, 4318349.343, 139
Trd, 4318349.893, 128
Trd, 4318351.443, 78
Trd, 4318351.543, 123
Trd, 4318352.393, 125
Trd, 4318353.143, 129
Trd, 4318353.543, 133
Trd, 4318353.743, 127
Trd, 4318355.543, 139
Trd, 4318355.693, 123
Trd, 4318355.743, 103
Trd, 4318356.543, 127
Trd, 4318358.193, 137
Trd, 4318358.893, 110
Trd, 4318359.343, 92
Trd, 4318360.143, 128
Trd, 4318360.243, 101
Trd, 4318360.493, 139
Trd, 4318362.743, 95
Trd, 4318363.093, 99
Trd, 4318363.243, 111
Trd, 4318364.793, 64
Trd, 4318364.993, 76
Trd, 4318365.793, 74
Trd, 4318367.443, 139
Trd, 4318368.543, 124
Trd, 4318369.043, 102
Trd, 4318369.593, 122
Trd, 4318369.693, 130
Trd, 4318370.393, 140
Trd, 4318372.143, 69
Trd, 4318372.593, 73
Trd, 4318373.193, 82
Trd, 4318373.643, 78
Trd, 4318374.193, 79
Trd, 4318374.293, 91
Trd, 4318375.293, 67
Trd, 4318375.593, 81
Trd, 4318376.843, 70
Trd, 4318377.493, 93
Trd, 4318377.793, 94
Trd, 4318378.343, 81
Trd, 4318379.893, 60
Trd, 4318380.293, 61
Trd, 4318381.993, 85
Trd, 4318382.143, 94
Trd, 4318382.643, 116
Trd, 4318383.843, 86
Trd, 4318385.443, 92
Trd, 4318386.493, 73
Trd, 4318386.793, 101
Trd, 4318387.843, 67
Trd, 4318388.243, 99
Trd, 4318388.693, 104
Trd, 4318388.943, 61
Trd, 4318390.243, 129
Trd, 4318390.993, 84
Trd, 4318392.743, 105
Trd, 4318393.193, 94
Trd, 4318393.343, 102
Trd, 4318393.493, 107
Trd, 4318393.593, 77
Trd, 4318393.843, 89
Trd, 4318395.593, 136
Trd, 4318396.193, 103
Trd, 4318396.243, 90
Trd, 4318397.243, 60
Trd, 4318397.393, 85
Trd, 4318397.643, 88
Trd, 4318398.893, 121
Trd, 4318400.693, 134
Trd, 4318401.043, 124
Trd, 4318401.093, 94
Trd, 4318401.243, 86
Trd, 4318402.193, 122
Trd, 4318402.943, 128
Trd, 4318403.843, 134
Trd, 4318404.743, 129
Trd, 4318404.793, 139
Trd, 4318405.593, 119
Trd, 4318406.443, 102
Trd, 4318406.943, 140
Trd, 4318408.943, 137
Trd, 4318408.993, 133
Trd, 4318409.693, 99
Trd, 4318410.193, 138
Trd, 4318410.643, 87
Trd, 4318410.943, 84
Trd, 4318412.143, 139
Trd, 4318413.143, 133
Trd, 4318414.943, 139
Trd, 4318415.143, 100
Trd, 4318415.293, 77
Trd, 4318415.543, 81
Trd, 4318415.993, 112
Trd, 4318416.143, 62
Trd, 4318417.493, 72
Trd, 4318418.493, 109
Trd, 4318418.743, 97
Trd, 4318420.293, 139
Trd, 4318420.393, 125
Trd, 4318421.243, 124
Trd, 4318421.293, 97
Trd, 4318422.493, 138
Trd, 4318423.243, 82
Trd, 4318423.943, 83
Trd, 4318425.093, 124
Trd, 4318426.043, 136
Trd, 4318426.943, 140
Trd, 4318427.243, 124
Trd, 4318427.893, 97
Trd, 4318429.693, 113
Trd, 4318430.393, 105
Trd, 4318431.043, 99
Trd, 4318431.143, 136
Trd, 4318432.793, 100
Trd, 4318433.493, 66
Trd, 4318433.943, 68
Trd, 4318434.393, 93
Trd, 4318434.543, 101
Trd, 4318436.093, 73
Trd, 4318437.143, 61
Trd, 4318437.843, 91
Trd, 4318438.993, 71
Trd, 4318439.243, 61
Trd, 4318439.543, 71
Trd, 4318439.793, 75
Trd, 4318440.643, 66
Trd, 4318441.093, 82
Trd, 4318441.543, 72
Trd, 4318442.393, 97
Trd, 4318444.293, 69
Trd, 4318444.793, 82
Trd, 4318445.443, 114
Trd, 4318446.093, 90
Trd, 4318446.643, 84
Trd, 4318446.743, 119
Trd, 4318447.143, 77
Trd, 4318447.943, 66
Trd, 4318448.543, 96
Trd, 4318450.593, 115
Trd, 4318450.793, 95
Trd, 4318451.443, 127
Trd, 4318452.193, 124
Trd, 4318452.743, 61
Trd, 4318452.893, 119
Trd, 4318453.543, 97
Trd, 4318453.593, 77
Trd, 4318454.193, 104
Trd, 4318454.693, 119
Trd, 4318456.893, 140
Trd, 4318457.593, 113
Trd, 4318457.843, 105
Trd, 4318457.893, 123
Trd, 4318458.543, 66
Trd, 4318459.843, 135
Trd, 4318460.093, 110
Trd, 4318461.693, 93
Trd, 4318461.893, 104
Trd, 4318462.843, 76
Trd, 4318463.343, 74
Trd, 4318464.643, 113
Trd, 4318464.893, 116
Trd, 4318465.143, 108
Trd, 4318466.243, 92
Trd, 4318466.743, 70
Trd, 4318467.443, 108
Trd, 4318467.693, 85
Trd, 4318468.293, 134
Trd, 4318469.293, 100
Trd, 4318469.793, 132
Trd, 4318470.193, 112
Trd, 4318470.693, 106
Trd, 4318470.793, 85
Trd, 4318471.243, 85
Trd, 4318473.093, 85
Trd, 4318473.993, 140
Trd, 4318474.143, 129
Trd, 4318475.343, 106
Trd, 4318476.943, 125
Trd, 4318478.193, 100
Trd, 4318479.143, 127
Trd, 4318479.343, 122
Trd, 4318479.493, 102
Trd, 4318480.443, 139
Trd, 4318480.793, 72
Trd, 4318482.643, 87
Trd, 4318483.393, 97
Trd, 4318483.543, 139
Trd, 4318484.743, 137
Trd, 4318484.893, 131
Trd, 4318485.143, 109
Trd, 4318485.443, 75
Trd, 4318486.043, 139
Trd, 4318486.643, 136
Trd, 4318488.093, 140
Trd, 4318488.843, 113
Trd, 4318489.193, 121
Trd, 4318490.693, 87
Trd, 4318490.843, 77
Trd, 4318491.093, 81
Trd, 4318491.143, 101
Trd, 4318492.193, 127
Trd, 4318492.343, 100
Trd, 4318494.443, 61
Trd, 4318495.043, 115
Trd, 4318495.593, 98
Trd, 4318496.293, 113
Trd, 4318497.443, 139
Trd, 4318497.743, 111
Trd, 4318498.343, 133
Trd, 4318498.793, 78
Trd, 4318501.493, 125
Trd, 4318502.143, 125
Trd, 4318503.293, 123
Trd, 4318503.643, 130
Trd, 4318503.693, 127
Trd, 4318504.193, 136
Trd, 4318504.343, 108
Trd, 4318504.643, 96
Trd, 4318505.293, 117
Trd, 4318505.343, 95
Trd, 4318505.643, 105
Trd, 4318506.443, 125
Trd, 4318507.343, 91
Trd, 4318507.693, 85
Trd, 4318508.893, 109
Trd, 4318509.893, 100
Trd, 4318510.893, 109
Trd, 4318511.493, 126
Trd, 4318512.293, 140
Trd, 4318512.343, 94
Trd, 4318513.093, 138
Trd, 4318514.393, 112
Trd, 4318514.543, 90
Trd, 4318514.643, 88
Trd, 4318515.443, 140
Trd, 4318515.793, 138
Trd, 4318518.393, 100
Trd, 4318518.493, 89
Trd, 4318519.093, 64
Trd, 4318520.593, 127
Trd, 4318520.843, 109
Trd, 4318521.143, 109
Trd, 4318521.243, 89
Trd, 4318522.393, 140
Trd, 4318523.243, 101
Trd, 4318523.993, 132
Trd, 4318525.293, 140
Trd, 4318526.893, 133
Trd, 4318527.393, 110
Trd, 4318527.943, 78
Trd, 4318528.643, 108
Trd, 4318529.393, 139
Trd, 4318529.643, 100
Trd, 4318530.043, 108
Trd, 4318531.243, 136
Trd, 4318531.393, 126
Trd, 4318531.543, 113
Trd, 4318531.593, 104
Trd, 4318532.443, 81
Trd, 4318532.793, 122
Trd, 4318533.393, 88
Trd, 4318535.393, 70
Trd, 4318536.843, 138
Trd, 4318536.943, 121
Trd, 4318537.193, 112
Trd, 4318537.243, 106
Trd, 4318537.693, 129
Trd, 4318538.493, 140
Trd, 4318539.943, 124
Trd, 4318539.993, 116
Trd, 4318540.593, 112
Trd, 4318541.543, 94
Trd, 4318542.193, 139
Trd, 4318543.143, 140
Trd, 4318543.543, 74
Trd, 4318544.893, 97
Trd, 4318545.543, 123
Trd, 4318546.493, 102
Trd, 4318546.993, 113
Trd, 4318547.343, 121
Trd, 4318547.493, 102
Trd, 4318547.893, 94
Trd, 4318549.493, 61
Trd, 4318549.843, 107
Trd, 4318551.043, 111
Trd, 4318551.543, 127
Trd, 4318552.543, 113
Trd, 4318553.643, 109
Trd, 4318553.793, 72
Trd, 4318554.743, 98
Trd, 4318555.493, 60
Trd, 4318556.543, 77
Trd, 4318556.743, 80
Trd, 4318556.893, 76
Trd, 4318557.193, 67
Trd, 4318558.043, 63
Trd, 4318558.393, 119
Trd, 4318559.243, 90
Trd, 4318559.793, 133
Trd, 4318560.443, 96
Trd, 4318561.043, 130
Trd, 4318561.993, 107
Trd, 4318562.193, 76
Trd, 4318562.943, 61
Trd, 4318563.393, 73
Trd, 4318564.993, 99
Trd, 4318566.193, 83
Trd, 4318566.793, 90
Trd, 4318567.043, 101
Trd, 4318567.343, 101
Trd, 4318567.543, 107
Trd, 4318568.193, 133
Trd, 4318569.893, 139
Trd, 4318569.993, 130
Trd, 4318570.193, 126
Trd, 4318570.693, 116
Trd, 4318571.543, 95
Trd, 4318573.393, 129
Trd, 4318573.793, 127
Trd, 4318573.943, 118
Trd, 4318574.243, 105
Trd, 4318575.093, 98
Trd, 4318575.943, 126
Trd, 4318576.193, 123
Trd, 4318577.193, 89
Trd, 4318577.543, 140
Trd, 4318578.593, 114
Trd, 4318578.643, 89
Trd, 4318578.943, 139
Trd, 4318580.043, 61
Trd, 4318580.593, 100
Trd, 4318581.243, 79
Trd, 4318582.493, 100
Trd, 4318583.293, 140
Trd, 4318583.343, 122
Trd, 4318583.393, 87
Trd, 4318583.843, 81
Trd, 4318585.393, 101
Trd, 4318585.443, 93
Trd, 4318585.943, 108
Trd, 4318586.393, 86
Trd, 4318587.643, 136
Trd, 4318588.243, 123
Trd, 4318588.793, 116
Trd, 4318589.943, 78
Trd, 4318590.143, 97
Trd, 4318591.493, 87
Trd, 4318591.593, 60
Trd, 4318592.493, 104
Trd, 4318592.743, 108
Trd, 4318592.993, 93
Trd, 4318593.993, 140
Trd, 4318594.043, 121
Trd, 4318595.643, 109
Trd, 4318596.193, 81
Trd, 4318598.143, 122
Trd, 4318598.993, 127
Trd, 4318599.193, 88
Trd, 4318599.293, 127
Trd, 4318599.543, 65
Trd, 4318600.043, 103
Trd, 4318600.893, 64
Trd, 4318601.593, 84
Trd, 4318602.443, 75
Trd, 4318602.993, 76
Trd, 4318603.393, 79
Trd, 4318603.843, 65
Trd, 4318604.443, 91
Trd, 4318605.393, 102
Trd, 4318605.543, 118
Trd, 4318607.493, 140
Trd, 4318607.893, 133
Trd, 4318608.143, 106
Trd, 4318608.743, 126
Trd, 4318609.293, 113
Trd, 4318609.893, 140
Trd, 4318610.493, 89
Trd, 4318610.993, 111
Trd, 4318612.443, 127
Trd, 4318613.143, 124
Trd, 4318613.243, 107
Trd, 4318613.943, 111
Trd, 4318614.443, 100
Trd, 4318614.893, 102
Trd, 4318615.093, 119
Trd, 4318616.243, 121
Trd, 4318616.443, 100
Trd, 4318617.393, 75
Trd, 4318618.593, 79
Trd, 4318618.643, 133
Trd, 4318618.893, 127
Trd, 4318619.793, 123
Trd, 4318620.993, 137
Trd, 4318621.893, 113
Trd, 4318622.393, 139
Trd, 4318622.443, 109
Trd, 4318623.643, 103
Trd, 4318623.943, 107
Trd, 4318624.843, 116
Trd, 4318625.693, 92
Trd, 4318626.593, 129
Trd, 4318628.593, 117
Trd, 4318628.993, 118
Trd, 4318629.493, 91
Trd, 4318629.843, 90
Trd, 4318630.743, 136
Trd, 4318631.443, 136
Trd, 4318631.843, 110
Trd, 4318632.743, 97
Trd, 4318634.043, 111
Trd, 4318634.143, 105
Trd, 4318634.643, 65
Trd, 4318635.043, 71
Trd, 4318635.293, 69
Trd, 4318635.543, 99
Trd, 4318636.443, 94
Trd, 4318636.543, 115
Trd, 4318637.693, 116
Trd, 4318638.393, 96
Trd, 4318640.343, 85
Trd, 4318640.443, 83
Trd, 4318641.893, 127
Trd, 4318642.393, 102
Trd, 4318643.043, 133
Trd, 4318643.593, 136
Trd, 4318643.743, 139
Trd, 4318644.343, 120
Trd, 4318644.893, 112
Trd, 4318645.743, 133
Trd, 4318645.893, 127
Trd, 4318646.393, 137
Trd, 4318646.543, 78
Trd, 4318647.143, 82
Trd, 4318648.393, 126
Trd, 4318648.593, 134
Trd, 4318649.993, 119
Trd, 4318650.243, 77
Trd, 4318651.893, 128
Trd, 4318653.043, 133
Trd, 4318653.243, 135
Trd, 4318653.943, 103
Trd, 4318654.043, 70
Trd, 4318654.143, 61
Trd, 4318655.943, 75
Trd, 4318656.443, 85
Trd, 4318656.993, 117
Trd, 4318657.443, 103
Trd, 4318658.193, 128
Trd, 4318658.443, 117
Trd, 4318658.893, 123
Trd, 4318659.343, 91
Trd, 4318660.093, 91
Trd, 4318660.943, 118
Trd, 4318661.343, 106
Trd, 4318661.693, 115
Trd, 4318662.093, 83
Trd, 4318662.743, 98
Trd, 4318662.993, 122
Trd, 4318663.243, 108
Trd, 4318663.393, 125
Trd, 4318665.293, 120
Trd, 4318668.293, 130
Trd, 4318668.343, 123
Trd, 4318668.843, 93
Trd, 4318669.093, 103
Trd, 4318669.393, 140
Trd, 4318669.843, 140
Trd, 4318669.943, 63
Trd, 4318670.643, 114
Trd, 4318670.893, 110
Trd, 4318672.393, 120
Trd, 4318672.643, 112
Trd, 4318673.193, 106
Trd, 4318673.543, 82
Trd, 4318673.593, 65
Trd, 4318674.443, 109
Trd, 4318675.393, 73
Trd, 4318676.193, 66
Trd, 4318676.393, 68
Trd, 4318676.793, 73
Trd, 4318678.043, 101
Trd, 4318678.593, 86
Trd, 4318679.243, 61
Trd, 4318679.793, 110
Trd, 4318680.793, 116
Trd, 4318682.143, 115
Trd, 4318683.443, 133
Trd, 4318683.843, 140
Trd, 4318684.143, 117
Trd, 4318684.193, 106
Trd, 4318685.243, 138
Trd, 4318686.693, 114
Trd, 4318687.993, 138
Trd, 4318688.093, 133
Trd, 4318690.193, 139
Trd, 4318690.343, 119
Trd, 4318691.543, 111
Trd, 4318693.393, 106
Trd, 4318693.443, 109
Trd, 4318693.843, 89
Trd, 4318694.193, 108
Trd, 4318694.493, 83
Trd, 4318695.393, 139
Trd, 4318695.543, 105
Trd, 4318696.343, 119
Trd, 4318697.643, 134
Trd, 4318698.043, 120
Trd, 4318698.193, 117
Trd, 4318698.443, 89
Trd, 4318698.943, 88
Trd, 4318700.043, 140
Trd, 4318700.143, 133
Trd, 4318701.043, 93
Trd, 4318701.543, 71
Trd, 4318701.943, 95
Trd, 4318702.543, 97
Trd, 4318703.343, 64
Trd, 4318703.693, 72
Trd, 4318704.143, 121
Trd, 4318704.543, 69
Trd, 4318704.843, 102
Trd, 4318705.293, 112
Trd, 4318707.193, 140
Trd, 4318707.593, 120
Trd, 4318708.493, 99
Trd, 4318708.793, 83
Trd, 4318709.593, 114
Trd, 4318710.343, 93
Trd, 4318711.393, 81
Trd, 4318711.743, 83
Trd, 4318712.193, 69
Trd, 4318713.043, 90
Trd, 4318713.543, 123
Trd, 4318714.693, 73
Trd, 4318715.093, 65
Trd, 4318715.443, 104
Trd, 4318717.643, 95
Trd, 4318717.893, 67
Trd, 4318718.293, 99
Trd, 4318718.993, 79
Trd, 4318719.743, 101
Trd, 4318719.793, 124
Trd, 4318719.843, 85
Trd, 4318720.343, 98
Trd, 4318721.343, 129
Trd, 4318721.843, 123
Trd, 4318722.543, 104
Trd, 4318723.393, 97
Trd, 4318723.893, 71
Trd, 4318724.443, 111
Trd, 4318725.293, 122
Trd, 4318725.443, 104
Trd, 4318726.193, 92
Trd, 4318726.343, 89
Trd, 4318727.943, 61
Trd, 4318728.693, 140
Trd, 4318729.493, 140
Trd, 4318730.593, 137
Trd, 4318730.743, 103
Trd, 4318731.343, 108
Trd, 4318731.593, 107
Trd, 4318731.643, 76
Trd, 4318731.843, 140
Trd, 4318733.993, 122
Trd, 4318734.693, 131
Trd, 4318734.943, 131
Trd, 4318735.643, 133
Trd, 4318736.593, 80
Trd, 4318737.743, 73
Trd, 4318737.893, 104
Trd, 4318738.343, 98
Trd, 4318738.493, 111
Trd, 4318738.993, 92
Trd, 4318739.043, 74
Trd, 4318739.693, 133
Trd, 4318740.793, 140
Trd, 4318741.543, 78
Trd, 4318742.643, 63
Trd, 4318743.493, 122
Trd, 4318744.293, 103
Trd, 4318744.393, 81
Trd, 4318744.643, 126
Trd, 4318746.193, 138
Trd, 4318746.743, 97
Trd, 4318747.243, 129
Trd, 4318747.543, 82
Trd, 4318748.693, 135
Trd, 4318750.493, 99
Trd, 4318751.243, 71
Trd, 4318751.443, 105
Trd, 4318751.693, 140
Trd, 4318752.493, 89
Trd, 4318752.843, 69
Trd, 4318753.243, 125
Trd, 4318753.343, 78
Trd, 4318753.843, 136
Trd, 4318755.143, 140
Trd, 4318756.693, 113
Trd, 4318757.193, 124
Trd, 4318757.343, 89
Trd, 4318758.493, 134
Trd, 4318759.243, 119
Trd, 4318759.743, 113
Trd, 4318760.793, 105
Trd, 4318761.243, 140
Trd, 4318762.343, 130
Trd, 4318762.993, 112
Trd, 4318763.143, 120
Trd, 4318763.393, 87
Trd, 4318763.843, 112
Trd, 4318763.893, 94
Trd, 4318764.393, 119
Trd, 4318765.443, 84
Trd, 4318766.193, 137
Trd, 4318766.293, 136
Trd, 4318766.793, 71
Trd, 4318767.393, 115
Trd, 4318769.243, 134
Trd, 4318769.643, 131
Trd, 4318770.043, 115
Trd, 4318770.993, 64
Trd, 4318771.393, 99
Trd, 4318771.843, 113
Trd, 4318772.193, 119
Trd, 4318773.593, 119
Trd, 4318773.743, 130
Trd, 4318773.843, 73
Trd, 4318775.093, 125
Trd, 4318776.043, 73
Trd, 4318776.193, 93
Trd, 4318776.693, 64
Trd, 4318776.743, 65
Trd, 4318777.993, 64
Trd, 4318778.893, 114
Trd, 4318779.293, 77
Trd, 4318779.393, 103
Trd, 4318780.343, 68
Trd, 4318781.893, 140
Trd, 4318781.943, 137
Trd, 4318782.993, 113
Trd, 4318783.143, 90
Trd, 4318783.493, 63
Trd, 4318783.743, 119
Trd, 4318784.493, 82
Trd, 4318784.643, 114
Trd, 4318785.193, 64
Trd, 4318786.393, 112
Trd, 4318786.993, 77
Trd, 4318788.593, 138
Trd, 4318789.043, 131
Trd, 4318790.593, 90
Trd, 4318791.093, 89
Trd, 4318792.343, 97
Trd, 4318793.043, 113
Trd, 4318794.993, 133
Trd, 4318795.343, 137
Trd, 4318795.793, 129
Trd, 4318795.993, 138
Trd, 4318796.993, 140
Trd, 4318797.043, 140
Trd, 4318798.143, 132
Trd, 4318799.043, 101
Trd, 4318799.693, 64
Trd, 4318800.443, 117
Trd, 4318800.743, 118
Trd, 4318800.893, 80
Trd, 4318801.243, 118
Trd, 4318801.793, 90
Trd, 4318803.243, 124
Trd, 4318804.143, 116
Trd, 4318805.443, 137
Trd, 4318806.543, 122
Trd, 4318806.693, 111
Trd, 4318806.843, 99
Trd, 4318807.093, 80
Trd, 4318808.793, 139
Trd, 4318809.243, 86
Trd, 4318809.293, 79
Trd, 4318811.493, 140
Trd, 4318811.543, 139
Trd, 4318812.243, 114
Trd, 4318812.543, 119
Trd, 4318812.643, 120
Trd, 4318812.843, 91
Trd, 4318813.793, 110
Trd, 4318814.793, 120
Trd, 4318814.943, 107
Trd, 4318815.443, 112
Trd, 4318818.043, 140
Trd, 4318818.093, 104
Trd, 4318819.543, 126
Trd, 4318819.743, 91
Trd, 4318820.843, 132
Trd, 4318821.193, 115
Trd, 4318821.493, 139
Trd, 4318821.543, 124
Trd, 4318822.293, 107
Trd, 4318823.243, 112
Trd, 4318823.343, 109
Trd, 4318824.293, 132
Trd, 4318824.593, 120
Trd, 4318826.043, 88
Trd, 4318827.643, 127
Trd, 4318828.693, 117
Trd, 4318828.743, 112
Trd, 4318829.343, 134
Trd, 4318829.593, 89
Trd, 4318830.143, 88
Trd, 4318831.193, 119
Trd, 4318831.543, 94
Trd, 4318832.193, 91
Trd, 4318832.993, 111
Trd, 4318833.243, 140
Trd, 4318833.343, 132
Trd, 4318833.793, 138
Trd, 4318834.943, 128
Trd, 4318835.043, 109
Trd, 4318836.193, 111
Trd, 4318837.243, 137
Trd, 4318837.993, 140
Trd, 4318839.543, 115
Trd, 4318840.093, 133
Trd, 4318841.143, 140
Trd, 4318841.343, 104
Trd, 4318841.893, 122
Trd, 4318842.293, 139
Trd, 4318843.393, 61
Trd, 4318844.743, 68
Trd, 4318844.843, 71
Trd, 4318845.443, 65
Trd, 4318845.793, 123
Trd, 4318845.993, 86
Trd, 4318846.893, 140
Trd, 4318847.593, 106
Trd, 4318848.143, 81
Trd, 4318848.393, 77
Trd, 4318848.643, 111
Trd, 4318849.743, 111
Trd, 4318850.843, 100
Trd, 4318851.093, 65
Trd, 4318851.343, 107
Trd, 4318851.543, 96
Trd, 4318852.843, 140
Trd, 4318853.293, 115
Trd, 4318853.493, 133
Trd, 4318853.993, 75
Trd, 4318854.593, 62
Trd, 4318854.993, 64
Trd, 4318855.893, 108
Trd, 4318855.943, 70
Trd, 4318858.593, 130
Trd, 4318858.843, 124
Trd, 4318858.943, 109
Trd, 4318860.043, 124
Trd, 4318860.693, 132
Trd, 4318862.543, 139
Trd, 4318863.793, 89
Trd, 4318864.493, 119
Trd, 4318865.293, 132
Trd, 4318865.793, 126
Trd, 4318866.393, 109
Trd, 4318867.693, 126
Trd, 4318868.493, 98
Trd, 4318868.693, 138
Trd, 4318869.543, 100
Trd, 4318869.793, 85
Trd, 4318870.193, 72
Trd, 4318871.643, 65
Trd, 4318872.393, 140
Trd, 4318873.443, 95
Trd, 4318874.043, 102
Trd, 4318874.643, 124
Trd, 4318875.693, 132
Trd, 4318875.993, 101
Trd, 4318877.293, 78
Trd, 4318878.093, 73
Trd, 4318878.193, 90
Trd, 4318878.643, 93
Trd, 4318879.293, 63
Trd, 4318879.843, 64
Trd, 4318880.043, 93
Trd, 4318881.043, 82
Trd, 4318883.443, 140
Trd, 4318883.593, 110
Trd, 4318883.693, 106
Trd, 4318883.843, 107
Trd, 4318884.493, 114
Trd, 4318885.293, 138
Trd, 4318886.193, 91
Trd, 4318886.943, 113
Trd, 4318887.293, 111
Trd, 4318889.843, 91
Trd, 4318890.443, 130
Trd, 4318891.343, 102
Trd, 4318891.943, 124
Trd, 4318892.693, 104
Trd, 4318893.493, 140
Trd, 4318896.643, 138
Trd, 4318897.543, 106
Trd, 4318897.643, 99
Trd, 4318897.943, 98
Trd, 4318898.243, 116
Trd, 4318898.843, 97
Trd, 4318899.443, 87
Trd, 4318899.843, 87
Trd, 4318900.443, 66
Trd, 4318901.793, 110
Trd, 4318902.243, 62
Trd, 4318902.943, 126
Trd, 4318903.793, 140
Trd, 4318904.593, 101
Trd, 4318904.943, 117
Trd, 4318905.543, 83
Trd, 4318907.443, 76
Trd, 4318907.793, 99
Trd, 4318907.943, 79
Trd, 4318908.043, 128
Trd, 4318909.443, 125
Trd, 4318909.943, 120
Trd, 4318910.143, 110
Trd, 4318910.443, 108
Trd, 4318910.493, 88
Trd, 4318912.143, 83
Trd, 4318913.593, 92
Trd, 4318913.893, 108
Trd, 4318914.543, 126
Trd, 4318915.343, 118
Trd, 4318916.293, 80
Trd, 4318916.343, 73
Trd, 4318916.993, 125
Trd, 4318917.643, 127
Trd, 4318918.243, 140
Trd, 4318918.743, 124
Trd, 4318919.793, 123
Trd, 4318920.193, 72
Trd, 4318920.443, 64
Trd, 4318920.893, 129
Trd, 4318921.843, 62
Trd, 4318922.393, 139
Trd, 4318923.343, 122
Trd, 4318924.393, 122
Trd, 4318925.343, 76
Trd, 4318925.543, 60
Trd, 4318926.693, 136
Trd, 4318926.843, 132
Trd, 4318927.393, 122
Trd, 4318928.193, 96
Trd, 4318928.943, 121
Trd, 4318929.543, 94
Trd, 4318930.743, 121
Trd, 4318931.393, 135
Trd, 4318931.693, 112
Trd, 4318932.343, 138
Trd, 4318933.893, 138
Trd, 4318934.843, 129
Trd, 4318935.393, 100
Trd, 4318936.293, 113
Trd, 4318937.143, 121
Trd, 4318937.593, 128
Trd, 4318937.793, 96
Trd, 4318938.643, 105
Trd, 4318939.193, 120
Trd, 4318939.993, 140
Trd, 4318940.243, 97
Trd, 4318941.543, 64
Trd, 4318941.693, 77
Trd, 4318942.393, 83
Trd, 4318942.843, 107
Trd, 4318944.743, 133
Trd, 4318945.493, 140
Trd, 4318945.593, 115
Trd, 4318946.093, 94
Trd, 4318947.343, 113
Trd, 4318947.943, 76
Trd, 4318948.343, 139
Trd, 4318949.443, 98
Trd, 4318949.793, 94
Trd, 4318950.543, 91
Trd, 4318950.643, 74
Trd, 4318952.143, 64
Trd, 4318952.993, 114
Trd, 4318953.643, 123
Trd, 4318953.793, 84
Trd, 4318954.593, 90
Trd, 4318955.593, 132
Trd, 4318956.493, 123
Trd, 4318956.793, 124
Trd, 4318957.143, 110
Trd, 4318957.993, 68
Trd, 4318958.143, 90
Trd, 4318960.043, 82
Trd, 4318960.393, 136
Trd, 4318961.643, 118
Trd, 4318961.793, 139
Trd, 4318963.193, 137
Trd, 4318963.793, 102
Trd, 4318965.793, 131
Trd, 4318966.793, 107
Trd, 4318968.293, 121
Trd, 4318968.443, 136
Trd, 4318969.143, 122
Trd, 4318969.443, 103
Trd, 4318970.693, 83
Trd, 4318971.343, 107
Trd, 4318971.543, 114
Trd, 4318971.893, 117
Trd, 4318972.843, 127
Trd, 4318973.543, 108
Trd, 4318974.243, 91
Trd, 4318974.593, 88
Trd, 4318975.043, 82
Trd, 4318975.093, 122
Trd, 4318976.293, 90
Trd, 4318976.993, 66
Trd, 4318977.193, 109
Trd, 4318977.743, 81
Trd, 4318979.793, 120
Trd, 4318980.443, 123
Trd, 4318980.693, 113
Trd, 4318981.093, 113
Trd, 4318981.593, 139
Trd, 4318981.643, 96
Trd, 4318982.093, 123
Trd, 4318984.093, 123
Trd, 4318984.493, 118
Trd, 4318984.643, 111
Trd, 4318985.693, 106
Trd, 4318986.093, 100
Trd, 4318986.443, 110
Trd, 4318986.543, 120
Trd, 4318988.043, 97
Trd, 4318989.293, 97
Trd, 4318989.943, 104
Trd, 4318990.643, 69
Trd, 4318991.543, 106
Trd, 4318991.843, 76
Trd, 4318992.243, 133
Trd, 4318992.343, 71
Trd, 4318992.793, 63
Trd, 4318992.993, 63
Trd, 4318993.643, 85
Trd, 4318994.343, 69
Trd, 4318995.743, 137
Trd, 4318996.393, 72
Trd, 4318997.143, 128
Trd, 4318998.243, 140
Trd, 4318998.393, 130
Trd, 4318998.443, 129
Trd, 4318999.593, 131
Trd, 4318999.893, 125
Trd, 4319000.843, 136
Trd, 4319001.943, 112
Trd, 4319002.093, 102
Trd, 4319004.293, 87
Trd, 4319005.693, 130
Trd, 4319005.943, 68
Trd, 4319006.193, 98
Trd, 4319007.043, 122
Trd, 4319007.193, 92
Trd, 4319007.643, 90
Trd, 4319008.493, 102
Trd, 4319008.743, 117
Trd, 4319009.393, 137
Trd, 4319009.643, 75
Trd, 4319010.543, 109
Trd, 4319011.093, 132
Trd, 4319011.993, 116
Trd, 4319012.643, 130
Trd, 4319012.943, 137
Trd, 4319014.393, 68
Trd, 4319014.443, 111
Trd, 4319014.993, 106
Trd, 4319016.493, 133
Trd, 4319016.993, 111
Trd, 4319017.043, 92
Trd, 4319017.543, 61
Trd, 4319018.593, 69
Trd, 4319019.243, 67
Trd, 4319021.143, 110
Trd, 4319021.843, 130
Trd, 4319021.993, 60
Trd, 4319022.693, 139
Trd, 4319022.793, 74
Trd, 4319023.943, 71
Trd, 4319024.543, 100
Trd, 4319026.993, 104
Trd, 4319028.093, 116
Trd, 4319028.293, 112
Trd, 4319028.543, 72
Trd, 4319029.243, 134
Trd, 4319030.143, 140
Trd, 4319030.793, 119
Trd, 4319031.693, 120
Trd, 4319032.943, 140
Trd, 4319033.093, 120
Trd, 4319034.093, 106
Trd, 4319034.693, 110
Trd, 4319035.993, 99
Trd, 4319036.993, 99
Trd, 4319037.543, 84
Trd, 4319037.893, 65
Trd, 4319038.443, 118
Trd, 4319038.993, 114
Trd, 4319039.443, 97
Trd, 4319040.243, 139
Trd, 4319040.643, 123
Trd, 4319041.043, 109
Trd, 4319041.343, 79
Trd, 4319043.643, 94
Trd, 4319043.793, 108
Trd, 4319045.043, 138
Trd, 4319045.493, 121
Trd, 4319046.343, 129
Trd, 4319046.593, 124
Trd, 4319047.093, 126
Trd, 4319047.743, 136
Trd, 4319049.343, 100
Trd, 4319049.443, 125
Trd, 4319049.893, 60
Trd, 4319050.693, 81
Trd, 4319051.193, 81
Trd, 4319051.343, 89
Trd, 4319052.743, 72
Trd, 4319053.193, 140
Trd, 4319054.143, 89
Trd, 4319054.743, 108
Trd, 4319055.343, 126
Trd, 4319055.943, 102
Trd, 4319056.493, 94
Trd, 4319056.943, 94
Trd, 4319057.293, 61
Trd, 4319057.743, 99
Trd, 4319058.143, 136
Trd, 4319059.943, 97
Trd, 4319060.393, 140
Trd, 4319061.093, 98
Trd, 4319061.743, 124
Trd, 4319062.093, 124
Trd, 4319062.643, 104
Trd, 4319064.243, 129
Trd, 4319064.393, 120
Trd, 4319064.493, 102
Trd, 4319064.743, 96
Trd, 4319064.943, 92
Trd, 4319066.343, 63
Trd, 4319066.393, 83
Trd, 4319067.343, 91
Trd, 4319067.593, 118
Trd, 4319069.793, 138
Trd, 4319070.093, 124
Trd, 4319070.293, 120
Trd, 4319070.893, 127
Trd, 4319071.243, 93
Trd, 4319071.743, 115
Trd, 4319072.093, 76
Trd, 4319073.593, 105
Trd, 4319073.943, 87
Trd, 4319074.293, 89
Trd, 4319074.443, 71
Trd, 4319076.343, 135
Trd, 4319076.443, 122
Trd, 4319076.693, 98
Trd, 4319078.193, 79
Trd, 4319079.043, 105
Trd, 4319079.543, 87
Trd, 4319080.043, 84
Trd, 4319081.243, 115
Trd, 4319082.093, 134
Trd, 4319082.543, 132
Trd, 4319082.943, 110
Trd, 4319083.993, 140
Trd, 4319085.443, 127
Trd, 4319086.193, 123
Trd, 4319087.293, 113
Trd, 4319087.693, 70
Trd, 4319088.193, 101
Trd, 4319088.443, 90
Trd, 4319088.643, 91
Trd, 4319089.193, 140
Trd, 4319091.443, 123
Trd, 4319092.593, 120
Trd, 4319092.643, 89
Trd, 4319093.493, 98
Trd, 4319093.743, 92
Trd, 4319094.093, 135
Trd, 4319097.043, 125
Trd, 4319097.243, 117
Trd, 4319097.343, 98
Trd, 4319097.693, 85
Trd, 4319098.043, 112
Trd, 4319098.393, 124
Trd, 4319098.693, 71
Trd, 4319099.693, 126
Trd, 4319100.393, 63
Trd, 4319102.343, 119
Trd, 4319103.193, 98
Trd, 4319103.643, 115
Trd, 4319103.793, 105
Trd, 4319104.743, 79
Trd, 4319105.393, 111
Trd, 4319105.943, 82
Trd, 4319106.443, 137
Trd, 4319106.693, 100
Trd, 4319107.993, 82
Trd, 4319108.893, 84
Trd, 4319110.243, 83
Trd, 4319110.293, 89
Trd, 4319111.143, 140
Trd, 4319111.643, 106
Trd, 4319111.793, 139
Trd, 4319112.093, 120
Trd, 4319112.743, 105
Trd, 4319114.043, 93
Trd, 4319114.143, 115
Trd, 4319114.343, 78
Trd, 4319115.493, 99
Trd, 4319115.643, 121
Trd, 4319116.443, 79
Trd, 4319116.843, 84
Trd, 4319117.643, 139
Trd, 4319119.693, 117
Trd, 4319120.043, 134
Trd, 4319120.293, 88
Trd, 4319121.193, 119
Trd, 4319121.743, 113
Trd, 4319122.993, 140
Trd, 4319123.343, 122
Trd, 4319124.293, 108
Trd, 4319124.593, 127
Trd, 4319124.793, 126
Trd, 4319126.093, 124
Trd, 4319126.193, 71
Trd, 4319126.543, 122
Trd, 4319127.143, 75
Trd, 4319127.493, 71
Trd, 4319128.543, 83
Trd, 4319129.093, 66
Trd, 4319129.393, 98
Trd, 4319131.993, 117
Trd, 4319132.393, 129
Trd, 4319132.493, 110
Trd, 4319132.643, 99
Trd, 4319133.193, 139
Trd, 4319135.793, 133
Trd, 4319136.743, 130
Trd, 4319137.143, 103
Trd, 4319137.393, 113
Trd, 4319137.693, 92
Trd, 4319137.943, 116
Trd, 4319140.043, 140
Trd, 4319140.193, 138
Trd, 4319140.243, 132
Trd, 4319141.143, 129
Trd, 4319141.243, 90
Trd, 4319141.843, 134
Trd, 4319142.193, 131
Trd, 4319142.893, 136
Trd, 4319143.043, 124
Trd, 4319143.893, 76
Trd, 4319144.343, 83
Trd, 4319144.793, 140
Trd, 4319146.243, 116
Trd, 4319146.543, 94
Trd, 4319148.093, 112
Trd, 4319148.493, 137
Trd, 4319148.693, 137
Trd, 4319149.343, 130
Trd, 4319149.493, 124
Trd, 4319150.093, 91
Trd, 4319151.393, 140
Trd, 4319151.543, 86
Trd, 4319151.993, 82
Trd, 4319152.643, 70
Trd, 4319152.993, 132
Trd, 4319153.993, 138
Trd, 4319154.543, 66
Trd, 4319154.693, 64
Trd, 4319155.143, 136
Trd, 4319156.943, 124
Trd, 4319158.093, 134
Trd, 4319158.693, 114
Trd, 4319159.743, 104
Trd, 4319160.593, 89
Trd, 4319161.693, 90
Trd, 4319162.243, 68
Trd, 4319162.443, 82
Trd, 4319163.243, 80
Trd, 4319163.343, 90
Trd, 4319163.643, 62
Trd, 4319165.143, 60
Trd, 4319165.493, 121
Trd, 4319167.593, 68
Trd, 4319167.993, 136
Trd, 4319168.543, 90
Trd, 4319169.293, 140
Trd, 4319169.593, 105
Trd, 4319170.043, 63
Trd, 4319171.993, 104
Trd, 4319173.243, 137
Trd, 4319173.593, 113
Trd, 4319173.793, 111
Trd, 4319173.993, 120
Trd, 4319175.893, 129
Trd, 4319176.093, 107
Trd, 4319176.693, 119
Trd, 4319177.243, 134
Trd, 4319177.693, 116
Trd, 4319177.793, 111
Trd, 4319179.243, 107
Trd, 4319179.993, 139
Trd, 4319180.593, 93
Trd, 4319181.493, 103
Trd, 4319182.043, 96
Trd, 4319183.293, 140
Trd, 4319183.793, 139
Trd, 4319183.893, 133
Trd, 4319184.193, 109
Trd, 4319184.543, 68
Trd, 4319185.343, 113
Trd, 4319185.643, 83
Trd, 4319186.243, 101
Trd, 4319187.893, 112
Trd, 4319187.993, 89
Trd, 4319188.393, 81
Trd, 4319190.343, 91
Trd, 4319191.093, 92
Trd, 4319191.143, 125
Trd, 4319191.593, 113
Trd, 4319192.493, 110
Trd, 4319193.743, 127
Trd, 4319194.093, 118
Trd, 4319194.143, 97
Trd, 4319195.093, 107
Trd, 4319196.593, 140
Trd, 4319197.643, 126
Trd, 4319198.243, 140
Trd, 4319199.293, 119
Trd, 4319199.843, 103
Trd, 4319200.193, 73
Trd, 4319200.443, 107
Trd, 4319200.793, 137
Trd, 4319201.443, 120
Trd, 4319201.743, 118
Trd, 4319202.193, 103
Trd, 4319202.343, 68
Trd, 4319204.043, 134
Trd, 4319204.893, 134
Trd, 4319206.143, 110
Trd, 4319206.543, 95
Trd, 4319206.693, 81
Trd, 4319207.393, 94
Trd, 4319207.693, 74
Trd, 4319208.543, 112
Trd, 4319209.743, 95
Trd, 4319210.193, 80
Trd, 4319210.543, 103
Trd, 4319210.743, 72
Trd, 4319211.843, 116
Trd, 4319212.793, 99
Trd, 4319213.593, 63
Trd, 4319213.843, 73
Trd, 4319213.893, 94
Trd, 4319214.493, 133
Trd, 4319215.093, 69
Trd, 4319215.743, 61
Trd, 4319217.243, 99
Trd, 4319218.943, 133
Trd, 4319219.693, 102
Trd, 4319220.493, 139
Trd, 4319220.693, 129
Trd, 4319221.143, 87
Trd, 4319221.193, 69
Trd, 4319221.393, 84
Trd, 4319222.343, 138
Trd, 4319223.443, 123
Trd, 4319224.093, 72
Trd, 4319225.493, 80
Trd, 4319225.593, 94
Trd, 4319226.443, 65
Trd, 4319227.093, 63
Trd, 4319227.343, 96
Trd, 4319227.493, 81
Trd, 4319228.493, 104
Trd, 4319230.093, 140
Trd, 4319230.343, 138
Trd, 4319230.843, 139
Trd, 4319231.993, 124
Trd, 4319233.293, 84
Trd, 4319233.393, 84
Trd, 4319234.643, 66
Trd, 4319235.043, 96
Trd, 4319236.643, 71
Trd, 4319236.893, 91
Trd, 4319237.493, 98
Trd, 4319237.543, 104
Trd, 4319239.193, 140
Trd, 4319239.643, 123
Trd, 4319240.243, 84
Trd, 4319241.893, 100
Trd, 4319242.043, 128
Trd, 4319242.843, 64
Trd, 4319243.793, 120
Trd, 4319244.093, 95
Trd, 4319245.243, 133
Trd, 4319246.243, 130
Trd, 4319246.393, 85
Trd, 4319247.293, 104
Trd, 4319247.343, 91
Trd, 4319247.493, 123
Trd, 4319248.943, 139
Trd, 4319250.043, 117
Trd, 4319250.293, 139
Trd, 4319250.943, 97
Trd, 4319251.093, 82
Trd, 4319251.443, 97
Trd, 4319252.243, 61
Trd, 4319252.693, 79
Trd, 4319253.793, 76
Trd, 4319254.843, 92
Trd, 4319254.993, 84
Trd, 4319255.793, 115
Trd, 4319256.293, 130
Trd, 4319256.993, 88
Trd, 4319257.643, 122
Trd, 4319257.793, 95
Trd, 4319258.493, 140
Trd, 4319259.143, 139
Trd, 4319259.393, 130
Trd, 4319259.693, 106
Trd, 4319260.293, 74
Trd, 4319260.993, 74
Trd, 4319262.343, 67
Trd, 4319262.643, 120
Trd, 4319263.393, 98
Trd, 4319264.193, 110
Trd, 4319265.043, 109
Trd, 4319266.093, 67
Trd, 4319266.843, 98
Trd, 4319267.243, 100
Trd, 4319267.543, 84
Trd, 4319268.843, 63
Trd, 4319268.993, 109
Trd, 4319269.543, 79
Trd, 4319270.543, 134
Trd, 4319271.293, 134
Trd, 4319271.693, 139
Trd, 4319272.493, 132
Trd, 4319273.093, 137
Trd, 4319273.993, 123
Trd, 4319274.293, 89
Trd, 4319276.393, 138
Trd, 4319276.693, 138
Trd, 4319276.943, 119
Trd, 4319277.193, 109
Trd, 4319277.843, 140
Trd, 4319278.643, 140
Trd, 4319279.343, 128
Trd, 4319279.693, 128
Trd, 4319280.143, 92
Trd, 4319281.093, 124
Trd, 4319282.693, 112
Trd, 4319282.993, 113
Trd, 4319284.293, 140
Trd, 4319285.593, 106
Trd, 4319285.993, 103
Trd, 4319286.193, 102
Trd, 4319286.293, 91
Trd, 4319287.893, 96
Trd, 4319288.343, 92
Trd, 4319288.793, 102
Trd, 4319289.543, 134
Trd, 4319290.493, 104
Trd, 4319291.143, 113
Trd, 4319291.693, 110
Trd, 4319292.093, 97
Trd, 4319292.393, 88
Trd, 4319293.193, 120
Trd, 4319293.793, 113
Trd, 4319294.393, 110
Trd, 4319295.693, 82
Trd, 4319296.593, 86
Trd, 4319297.543, 138
Trd, 4319298.343, 114
Trd, 4319299.243, 85
Trd, 4319299.393, 71
Trd, 4319299.993, 96
Trd, 4319300.943, 135
Trd, 4319301.343, 119
Trd, 4319301.693, 97
Trd, 4319302.393, 138
Trd, 4319303.093, 140
Trd, 4319305.493, 126
Trd, 4319306.093, 127
Trd, 4319306.793, 135
Trd, 4319306.993, 134
Trd, 4319307.643, 139
Trd, 4319307.843, 102
Trd, 4319308.043, 112
Trd, 4319308.893, 140
Trd, 4319310.593, 130
Trd, 4319310.893, 135
Trd, 4319311.493, 126
Trd, 4319311.943, 122
Trd, 4319312.143, 107
Trd, 4319312.793, 80
Trd, 4319312.993, 108
Trd, 4319313.793, 137
Trd, 4319313.993, 129
Trd, 4319314.443, 123
Trd, 4319314.643, 85
Trd, 4319316.543, 108
Trd, 4319316.593, 88
Trd, 4319317.393, 105
Trd, 4319317.543, 74
Trd, 4319318.843, 104
Trd, 4319319.243, 96
Trd, 4319319.643, 112
Trd, 4319320.593, 80
Trd, 4319321.043, 114
Trd, 4319321.193, 103
Trd, 4319322.693, 133
Trd, 4319322.743, 139
Trd, 4319323.143, 126
Trd, 4319324.093, 116
Trd, 4319324.943, 87
Trd, 4319326.093, 121
Trd, 4319326.543, 120
Trd, 4319327.643, 140
Trd, 4319327.843, 128
Trd, 4319328.943, 133
Trd, 4319329.293, 131
Trd, 4319329.393, 68
Trd, 4319330.943, 134
Trd, 4319331.943, 113
Trd, 4319332.493, 104
Trd, 4319333.543, 128
Trd, 4319334.793, 119
Trd, 4319335.493, 90
Trd, 4319336.993, 138
Trd, 4319338.343, 137
Trd, 4319338.793, 123
Trd, 4319338.893, 122
Trd, 4319339.093, 118
Trd, 4319339.243, 88
Trd, 4319339.593, 121
Trd, 4319339.643, 99
Trd, 4319340.243, 76
Trd, 4319340.693, 93
Trd, 4319340.793, 125
Trd, 4319341.843, 86
Trd, 4319343.293, 116
Trd, 4319343.543, 67
Trd, 4319345.443, 83
Trd, 4319345.593, 100
Trd, 4319345.843, 95
Trd, 4319345.993, 83
Trd, 4319346.493, 82
Trd, 4319346.993, 82
Trd, 4319347.393, 96
Trd, 4319347.793, 125
Trd, 4319348.443, 68
Trd, 4319349.643, 60
Trd, 4319349.993, 79
Trd, 4319351.243, 63
Trd, 4319352.143, 82
Trd, 4319352.343, 90
Trd, 4319352.893, 83
Trd, 4319353.043, 140
Trd, 4319353.593, 67
Trd, 4319355.443, 140
Trd, 4319356.043, 128
Trd, 4319356.493, 130
Trd, 4319356.543, 115
Trd, 4319357.043, 95
Trd, 4319357.843, 129
Trd, 4319358.243, 134
Trd, 4319358.343, 102
Trd, 4319358.943, 96
Trd, 4319360.593, 139
Trd, 4319360.843, 86
Trd, 4319361.393, 127
Trd, 4319362.343, 103
Trd, 4319362.943, 110
Trd, 4319363.143, 73
Trd, 4319363.393, 67
Trd, 4319364.743, 61
Trd, 4319365.093, 80
Trd, 4319365.593, 81
Trd, 4319367.093, 88
Trd, 4319367.193, 71
Trd, 4319367.693, 122
Trd, 4319368.543, 129
Trd, 4319368.643, 115
Trd, 4319368.693, 114
Trd, 4319370.143, 105
Trd, 4319370.743, 92
Trd, 4319372.643, 64
Trd, 4319373.143, 72
Trd, 4319373.743, 62
Trd, 4319373.893, 114
Trd, 4319375.243, 113
Trd, 4319376.093, 64
Trd, 4319376.693, 112
Trd, 4319377.193, 80
Trd, 4319378.493, 92
Trd, 4319378.943, 77
Trd, 4319379.543, 62
Trd, 4319380.693, 128
Trd, 4319381.443, 134
Trd, 4319381.793, 125
Trd, 4319382.593, 140
Trd, 4319383.143, 97
Trd, 4319383.193, 98
Trd, 4319383.393, 83
Trd, 4319384.593, 133
Trd, 4319384.993, 87
Trd, 4319386.193, 98
Trd, 4319386.493, 70
Trd, 4319386.793, 136
Trd, 4319387.693, 91
Trd, 4319388.443, 91
Trd, 4319388.943, 116
Trd, 4319389.293, 95
Trd, 4319389.593, 87
Trd, 4319390.743, 116
Trd, 4319391.393, 111
Trd, 4319391.693, 84
Trd, 4319392.643, 87
Trd, 4319392.843, 79
Trd, 4319393.593, 96
Trd, 4319396.643, 72
Trd, 4319397.193, 68
Trd, 4319397.493, 110
Trd, 4319397.543, 113
Trd, 4319398.743, 92
Trd, 4319399.343, 120
Trd, 4319399.643, 140
Trd, 4319399.993, 128
Trd, 4319401.043, 91
Trd, 4319401.393, 88
Trd, 4319401.893, 82
Trd, 4319402.293, 88
Trd, 4319402.593, 98
Trd, 4319404.543, 85
Trd, 4319404.793, 76
Trd, 4319406.343, 61
Trd, 4319406.493, 87
Trd, 4319406.893, 140
Trd, 4319409.093, 136
Trd, 4319409.293, 139
Trd, 4319409.393, 135
Trd, 4319410.343, 79
Trd, 4319410.843, 130
Trd, 4319410.893, 113
Trd, 4319411.743, 138
Trd, 4319412.793, 135
Trd, 4319414.193, 117
Trd, 4319414.443, 101
Trd, 4319415.143, 91
Trd, 4319415.193, 125
Trd, 4319415.993, 106
Trd, 4319416.893, 119
Trd, 4319416.943, 116
Trd, 4319418.343, 136
Trd, 4319418.393, 106
Trd, 4319419.343, 71
Trd, 4319419.793, 83
Trd, 4319420.743, 140
Trd, 4319421.643, 123
Trd, 4319422.493, 67
Trd, 4319423.393, 115
Trd, 4319424.243, 114
Trd, 4319424.843, 106
Trd, 4319425.543, 93
Trd, 4319426.243, 116
Trd, 4319426.343, 87
Trd, 4319426.793, 70
Trd, 4319426.843, 80
Trd, 4319427.893, 139
Trd, 4319429.343, 133
Trd, 4319429.743, 120
Trd, 4319430.593, 105
Trd, 4319430.893, 120
Trd, 4319431.293, 91
Trd, 4319432.743, 120
Trd, 4319433.143, 87
Trd, 4319433.943, 115
Trd, 4319435.093, 105
Trd, 4319435.443, 121
Trd, 4319435.793, 80
Trd, 4319435.943, 67
Trd, 4319436.193, 70
Trd, 4319436.343, 84
Trd, 4319437.543, 138
Trd, 4319438.643, 108
Trd, 4319439.193, 112
Trd, 4319440.093, 115
Trd, 4319440.193, 107
Trd, 4319443.393, 88
Trd, 4319444.743, 81
Trd, 4319445.243, 140
Trd, 4319445.343, 137
Trd, 4319446.093, 138
Trd, 4319446.343, 112
Trd, 4319446.893, 123
Trd, 4319447.843, 130
Trd, 4319448.393, 94
Trd, 4319449.093, 119
Trd, 4319449.343, 92
Trd, 4319449.543, 76
Trd, 4319449.943, 106
Trd, 4319451.143, 140
Trd, 4319451.393, 105
Trd, 4319452.643, 76
Trd, 4319453.143, 62
Trd, 4319453.493, 83
Trd, 4319453.843, 126
Trd, 4319454.993, 133
Trd, 4319455.593, 122
Trd, 4319456.593, 122
Trd, 4319457.593, 109
Trd, 4319458.043, 134
Trd, 4319458.443, 121
Trd, 4319459.793, 113
Trd, 4319459.893, 110
Trd, 4319460.093, 115
Trd, 4319460.543, 94
Trd, 4319460.693, 71
Trd, 4319461.743, 134
Trd, 4319463.593, 124
Trd, 4319463.643, 131
Trd, 4319464.843, 140
Trd, 4319464.893, 82
Trd, 4319466.943, 127
Trd, 4319467.993, 86
Trd, 4319468.893, 99
Trd, 4319469.143, 65
Trd, 4319469.443, 64
Trd, 4319470.393, 116
Trd, 4319470.943, 119
Trd, 4319470.993, 96
Trd, 4319471.093, 85
Trd, 4319471.243, 131
Trd, 4319471.943, 85
Trd, 4319472.843, 81
Trd, 4319473.093, 102
Trd, 4319473.393, 121
Trd, 4319475.393, 130
Trd, 4319475.893, 76
Trd, 4319476.343, 93
Trd, 4319476.843, 73
Trd, 4319477.443, 139
Trd, 4319477.793, 121
Trd, 4319478.793, 108
Trd, 4319478.993, 132
Trd, 4319479.443, 117
Trd, 4319479.843, 88
Trd, 4319481.093, 122
Trd, 4319481.393, 114
Trd, 4319481.543, 73
Trd, 4319484.193, 104
Trd, 4319484.543, 109
Trd, 4319484.593, 98
Trd, 4319484.993, 132
Trd, 4319485.943, 107
Trd, 4319487.443, 122
Trd, 4319487.643, 127
Trd, 4319487.893, 105
Trd, 4319488.143, 70
Trd, 4319488.693, 71
Trd, 4319490.443, 71
Trd, 4319490.643, 74
Trd, 4319492.093, 102
Trd, 4319492.593, 62
Trd, 4319493.243, 68
Trd, 4319493.393, 94
Trd, 4319494.043, 140
Trd, 4319495.193, 90
Trd, 4319495.493, 89
Trd, 4319496.043, 88
Trd, 4319497.593, 110
Trd, 4319497.643, 105
Trd, 4319498.293, 120
Trd, 4319499.043, 106
Trd, 4319500.193, 120
Trd, 4319500.643, 106
Trd, 4319500.743, 101
Trd, 4319502.393, 118
Trd, 4319502.443, 96
Trd, 4319503.093, 73
Trd, 4319503.543, 122
Trd, 4319505.293, 134
Trd, 4319505.593, 103
Trd, 4319505.843, 95
Trd, 4319506.293, 107
Trd, 4319507.043, 139
Trd, 4319507.443, 75
Trd, 4319507.893, 124
Trd, 4319508.843, 137
Trd, 4319510.243, 123
Trd, 4319511.093, 124
Trd, 4319512.693, 139
Trd, 4319513.043, 115
Trd, 4319513.543, 124
Trd, 4319514.193, 123
Trd, 4319514.293, 119
Trd, 4319514.443, 100
Trd, 4319514.543, 126
Trd, 4319515.293, 118
Trd, 4319516.243, 73
Trd, 4319516.893, 115
Trd, 4319517.943, 103
Trd, 4319518.293, 114
Trd, 4319518.543, 128
Trd, 4319518.843, 125
Trd, 4319519.243, 139
Trd, 4319520.943, 135
Trd, 4319521.743, 94
Trd, 4319521.993, 114
Trd, 4319522.143, 108
Trd, 4319522.293, 65
Trd, 4319522.843, 98
Trd, 4319523.993, 107
Trd, 4319524.893, 138
Trd, 4319525.793, 112
Trd, 4319526.443, 94
Trd, 4319526.643, 100
Trd, 4319528.043, 65
Trd, 4319528.243, 70
Trd, 4319528.393, 106
Trd, 4319528.593, 103
Trd, 4319529.493, 139
Trd, 4319530.443, 98
Trd, 4319531.493, 119
Trd, 4319531.893, 132
Trd, 4319532.393, 122
Trd, 4319533.643, 85
Trd, 4319534.743, 112
Trd, 4319534.993, 123
Trd, 4319535.843, 81
Trd, 4319535.993, 108
Trd, 4319536.643, 136
Trd, 4319537.793, 62
Trd, 4319538.143, 61
Trd, 4319538.193, 111
Trd, 4319538.893, 133
Trd, 4319539.093, 90
Trd, 4319540.043, 118
Trd, 4319540.143, 132
Trd, 4319540.993, 103
Trd, 4319541.293, 133
Trd, 4319541.893, 125
Trd, 4319542.843, 68
Trd, 4319543.493, 89
Trd, 4319543.893, 81
Trd, 4319545.793, 135
Trd, 4319546.093, 140
Trd, 4319546.443, 131
Trd, 4319546.693, 128
Trd, 4319547.093, 122
Trd, 4319548.593, 138
Trd, 4319548.943, 113
Trd, 4319550.443, 64
Trd, 4319550.993, 110
Trd, 4319551.193, 108
Trd, 4319552.593, 114
Trd, 4319552.793, 113
Trd, 4319553.693, 108
Trd, 4319554.743, 115
Trd, 4319554.993, 111
Trd, 4319555.643, 140
Trd, 4319556.243, 140
Trd, 4319556.843, 82
Trd, 4319557.443, 78
Trd, 4319558.843, 140
Trd, 4319559.443, 81
Trd, 4319559.843, 79
Trd, 4319559.893, 72
Trd, 4319560.993, 92
Trd, 4319561.043, 101
Trd, 4319561.493, 81
Trd, 4319562.293, 85
Trd, 4319563.243, 82
Trd, 4319564.693, 116
Trd, 4319565.443, 137
Trd, 4319566.093, 92
Trd, 4319567.043, 137
Trd, 4319567.993, 140
Trd, 4319568.393, 80
Trd, 4319569.243, 94
Trd, 4319569.343, 102
Trd, 4319570.093, 106
Trd, 4319571.443, 93
Trd, 4319571.793, 132
Trd, 4319571.993, 93
Trd, 4319572.193, 67
Trd, 4319573.543, 86
Trd, 4319573.643, 98
Trd, 4319574.743, 76
Trd, 4319575.593, 94
Trd, 4319575.943, 117
Trd, 4319576.793, 71
Trd, 4319577.693, 89
Trd, 4319578.593, 79
Trd, 4319579.993, 91
Trd, 4319580.193, 97
Trd, 4319580.643, 140
Trd, 4319580.693, 86
Trd, 4319581.843, 85
Trd, 4319583.193, 117
Trd, 4319583.393, 121
Trd, 4319583.943, 71
Trd, 4319584.243, 81
Trd, 4319584.343, 68
Trd, 4319584.993, 126
Trd, 4319586.293, 133
Trd, 4319587.693, 134
Trd, 4319588.093, 104
Trd, 4319588.593, 138
Trd, 4319588.793, 133
Trd, 4319589.543, 122
Trd, 4319591.143, 105
Trd, 4319591.993, 134
Trd, 4319592.693, 93
Trd, 4319593.543, 94
Trd, 4319594.143, 119
Trd, 4319594.393, 86
Trd, 4319594.943, 139
Trd, 4319596.593, 92
Trd, 4319596.693, 88
Trd, 4319598.243, 128
Trd, 4319598.343, 114
Trd, 4319598.693, 140
Trd, 4319599.693, 104
Trd, 4319599.843, 98
Trd, 4319600.443, 121
Trd, 4319601.343, 78
Trd, 4319601.593, 86
Trd, 4319601.893, 111
Trd, 4319603.593, 86
Trd, 4319604.143, 63
Trd, 4319605.543, 140
Trd, 4319606.243, 138
Trd, 4319606.593, 97
Trd, 4319606.643, 72
Trd, 4319607.593, 114
Trd, 4319607.943, 87
Trd, 4319607.993, 118
Trd, 4319608.243, 94
Trd, 4319609.343, 62
Trd, 4319609.743, 70
Trd, 4319610.093, 64
Trd, 4319611.843, 61
Trd, 4319611.993, 101
Trd, 4319612.193, 140
Trd, 4319614.443, 133
Trd, 4319615.293, 97
Trd, 4319616.843, 139
Trd, 4319617.143, 102
Trd, 4319617.743, 105
Trd, 4319617.793, 98
Trd, 4319618.193, 102
Trd, 4319618.543, 91
Trd, 4319619.393, 106
Trd, 4319619.543, 87
Trd, 4319620.093, 128
Trd, 4319620.693, 140
Trd, 4319623.743, 88
Trd, 4319623.943, 85
Trd, 4319624.593, 131
Trd, 4319625.143, 139
Trd, 4319625.243, 125
Trd, 4319625.293, 106
Trd, 4319626.143, 89
Trd, 4319626.293, 64
Trd, 4319626.543, 90
Trd, 4319626.943, 124
Trd, 4319627.393, 133
Trd, 4319629.843, 104
Trd, 4319630.593, 95
Trd, 4319631.343, 131
Trd, 4319632.343, 88
Trd, 4319632.493, 117
Trd, 4319633.393, 138
Trd, 4319634.093, 139
Trd, 4319634.493, 134
Trd, 4319634.543, 83
Trd, 4319635.243, 132
Trd, 4319635.443, 111
Trd, 4319637.693, 125
Trd, 4319638.343, 134
Trd, 4319639.243, 67
Trd, 4319639.593, 65
Trd, 4319639.843, 127
Trd, 4319640.843, 88
Trd, 4319642.093, 77
Trd, 4319642.643, 71
Trd, 4319643.043, 67
Trd, 4319643.643, 63
Trd, 4319643.793, 140
Trd, 4319644.993, 63
Trd, 4319645.743, 137
Trd, 4319645.893, 108
Trd, 4319646.543, 87
Trd, 4319647.993, 139
Trd, 4319648.093, 116
Trd, 4319648.643, 84
Trd, 4319649.343, 72
Trd, 4319649.543, 85
Trd, 4319650.743, 139
Trd, 4319650.793, 110
Trd, 4319651.993, 137
Trd, 4319652.043, 134
Trd, 4319653.293, 125
Trd, 4319654.343, 101
Trd, 4319655.193, 117
Trd, 4319655.543, 117
Trd, 4319655.893, 102
Trd, 4319656.293, 131
Trd, 4319656.393, 118
Trd, 4319657.293, 139
Trd, 4319658.193, 94
Trd, 4319658.243, 92
Trd, 4319660.043, 78
Trd, 4319660.493, 94
Trd, 4319661.243, 95
Trd, 4319661.493, 70
Trd, 4319662.993, 122
Trd, 4319663.243, 111
Trd, 4319664.343, 74
Trd, 4319664.893, 69
Trd, 4319664.993, 77
Trd, 4319665.593, 79
Trd, 4319665.643, 84
Trd, 4319666.343, 78
Trd, 4319667.893, 60
Trd, 4319668.193, 64
Trd, 4319668.493, 94
Trd, 4319669.043, 97
Trd, 4319670.493, 119
Trd, 4319670.843, 117
Trd, 4319671.743, 96
Trd, 4319672.343, 110
Trd, 4319672.743, 130
Trd, 4319673.343, 122
Trd, 4319674.293, 139
Trd, 4319674.993, 102
Trd, 4319676.143, 108
Trd, 4319676.293, 104
Trd, 4319676.943, 93
Trd, 4319677.293, 125
Trd, 4319678.143, 67
Trd, 4319678.193, 89
Trd, 4319679.043, 61
Trd, 4319679.443, 78
Trd, 4319679.593, 73
Trd, 4319680.243, 136
Trd, 4319680.743, 67
Trd, 4319681.443, 66
Trd, 4319682.543, 106
Trd, 4319682.943, 78
Trd, 4319683.043, 112
Trd, 4319684.643, 137
Trd, 4319685.543, 130
Trd, 4319685.643, 129
Trd, 4319686.643, 89
Trd, 4319686.943, 110
Trd, 4319688.693, 78
Trd, 4319688.793, 108
Trd, 4319690.393, 138
Trd, 4319690.593, 102
Trd, 4319690.743, 95
Trd, 4319691.093, 78
Trd, 4319691.743, 84
Trd, 4319692.893, 122
Trd, 4319693.193, 105
Trd, 4319694.743, 61
Trd, 4319695.243, 76
Trd, 4319695.293, 81
Trd, 4319695.943, 62
Trd, 4319696.443, 126
Trd, 4319696.743, 88
Trd, 4319697.493, 72
Trd, 4319698.593, 110
Trd, 4319699.593, 114
Trd, 4319699.693, 108
Trd, 4319699.743, 101
Trd, 4319701.043, 71
Trd, 4319701.693, 112
Trd, 4319702.993, 129
Trd, 4319703.843, 117
Trd, 4319703.893, 101
Trd, 4319705.243, 139
Trd, 4319706.543, 140
Trd, 4319706.693, 97
Trd, 4319707.043, 128
Trd, 4319707.943, 136
Trd, 4319709.193, 122
Trd, 4319709.593, 96
Trd, 4319710.943, 136
Trd, 4319710.993, 133
Trd, 4319711.993, 66
Trd, 4319712.893, 86
Trd, 4319714.693, 73
Trd, 4319715.143, 87
Trd, 4319715.343, 116
Trd, 4319717.143, 130
Trd, 4319717.443, 140
Trd, 4319717.543, 109
Trd, 4319718.343, 140
Trd, 4319719.543, 140
Trd, 4319720.043, 134
Trd, 4319720.193, 119
Trd, 4319720.893, 130
Trd, 4319721.193, 93
Trd, 4319721.693, 119
Trd, 4319723.243, 124
Trd, 4319723.393, 115
Trd, 4319723.543, 129
Trd, 4319724.043, 109
Trd, 4319724.443, 126
Trd, 4319726.093, 118
Trd, 4319726.243, 95
Trd, 4319726.843, 127
Trd, 4319727.993, 82
Trd, 4319729.293, 113
Trd, 4319730.143, 93
Trd, 4319730.593, 114
Trd, 4319730.693, 131
Trd, 4319731.493, 106
Trd, 4319731.693, 133
Trd, 4319731.793, 122
Trd, 4319733.843, 66
Trd, 4319734.843, 70
Trd, 4319735.293, 78
Trd, 4319735.393, 91
Trd, 4319735.793, 88
Trd, 4319736.243, 140
Trd, 4319737.043, 73
Trd, 4319737.843, 89
Trd, 4319739.293, 137
Trd, 4319739.343, 98
Trd, 4319739.993, 68
Trd, 4319740.493, 70
Trd, 4319740.943, 93
Trd, 4319743.693, 133
Trd, 4319744.043, 131
Trd, 4319744.843, 108
Trd, 4319745.693, 90
Trd, 4319745.943, 77
Trd, 4319746.743, 99
Trd, 4319747.743, 115
Trd, 4319747.943, 113
Trd, 4319749.043, 98
Trd, 4319749.243, 121
Trd, 4319750.043, 92
Trd, 4319750.843, 107
Trd, 4319751.743, 123
Trd, 4319752.493, 124
Trd, 4319752.743, 93
Trd, 4319753.993, 84
Trd, 4319754.543, 124
Trd, 4319755.093, 114
Trd, 4319755.243, 77
Trd, 4319756.243, 110
Trd, 4319757.493, 125
Trd, 4319758.543, 125
Trd, 4319759.443, 132
Trd, 4319759.643, 125
Trd, 4319759.743, 117
Trd, 4319762.043, 140
Trd, 4319762.943, 119
Trd, 4319762.993, 114
Trd, 4319763.293, 89
Trd, 4319764.243, 67
Trd, 4319764.493, 137
Trd, 4319764.743, 75
Trd, 4319765.743, 72
Trd, 4319765.893, 126
Trd, 4319766.743, 125
Trd, 4319768.043, 128
Trd, 4319769.193, 90
Trd, 4319769.393, 116
Trd, 4319770.243, 140
Trd, 4319770.293, 105
Trd, 4319770.443, 115
Trd, 4319771.893, 134
Trd, 4319772.243, 122
Trd, 4319772.543, 117
Trd, 4319773.893, 125
Trd, 4319775.043, 125
Trd, 4319775.143, 107
Trd, 4319775.443, 103
Trd, 4319776.543, 119
Trd, 4319777.043, 140
Trd, 4319777.293, 77
Trd, 4319778.743, 139
Trd, 4319779.293, 121
Trd, 4319780.243, 131
Trd, 4319780.693, 117
Trd, 4319781.743, 88
Trd, 4319781.943, 100
Trd, 4319782.743, 75
Trd, 4319783.443, 95
Trd, 4319784.793, 137
Trd, 4319785.393, 129
Trd, 4319785.843, 126
Trd, 4319786.243, 112
Trd, 4319786.793, 139
Trd, 4319786.993, 87
Trd, 4319787.593, 90
Trd, 4319788.993, 119
Trd, 4319789.593, 139
Trd, 4319789.843, 102
Trd, 4319790.443, 135
Trd, 4319791.243, 128
Trd, 4319791.393, 129
Trd, 4319792.493, 119
Trd, 4319792.543, 118
Trd, 4319793.543, 102
Trd, 4319793.893, 91
Trd, 4319794.393, 139
Trd, 4319794.493, 113
Trd, 4319794.543, 88
Trd, 4319795.643, 102
Trd, 4319796.743, 78
Trd, 4319797.543, 140
Trd, 4319797.793, 137
Trd, 4319798.143, 127
Trd, 4319798.843, 130
Trd, 4319799.893, 121
Trd, 4319800.443, 126
Trd, 4319800.543, 113
Trd, 4319801.743, 139
Trd, 4319802.293, 124
Trd, 4319802.343, 97
Trd, 4319804.743, 100
Trd, 4319804.843, 96
Trd, 4319806.093, 138
Trd, 4319806.143, 135
Trd, 4319806.543, 124
Trd, 4319806.843, 91
Trd, 4319807.093, 77
Trd, 4319807.643, 92
Trd, 4319809.343, 113
Trd, 4319809.393, 92
Trd, 4319810.193, 104
Trd, 4319810.793, 97
Trd, 4319811.293, 139
Trd, 4319811.593, 110
Trd, 4319812.843, 118
Trd, 4319813.143, 104
Trd, 4319813.593, 90
Trd, 4319813.643, 87
Trd, 4319814.243, 138
Trd, 4319814.743, 112
Trd, 4319815.593, 89
Trd, 4319818.393, 140
Trd, 4319818.543, 112
Trd, 4319819.443, 121
Trd, 4319821.443, 130
Trd, 4319821.843, 119
Trd, 4319822.093, 107
Trd, 4319823.643, 116
Trd, 4319823.793, 106
Trd, 4319824.193, 106
Trd, 4319824.493, 133
Trd, 4319825.543, 140
Trd, 4319826.243, 138
Trd, 4319826.643, 130
Trd, 4319827.443, 140
Trd, 4319828.993, 67
Trd, 4319829.793, 72
Trd, 4319830.343, 104
Trd, 4319830.493, 78
Trd, 4319831.443, 68
Trd, 4319831.543, 121
Trd, 4319832.693, 100
Trd, 4319833.293, 71
Trd, 4319833.943, 124
Trd, 4319835.443, 140
Trd, 4319835.693, 115
Trd, 4319836.143, 114
Trd, 4319836.543, 105
Trd, 4319837.893, 71
Trd, 4319838.143, 72
Trd, 4319840.093, 140
Trd, 4319840.943, 137
Trd, 4319841.393, 131
Trd, 4319841.593, 129
Trd, 4319842.543, 109
Trd, 4319842.743, 109
Trd, 4319842.943, 100
Trd, 4319843.693, 108
Trd, 4319845.693, 106
Trd, 4319845.793, 113
Trd, 4319846.143, 84
Trd, 4319846.643, 101
Trd, 4319846.943, 139
Trd, 4319848.493, 105
Trd, 4319848.543, 84
Trd, 4319848.893, 72
Trd, 4319849.993, 81
Trd, 4319851.093, 99
Trd, 4319851.393, 109
Trd, 4319851.693, 134
Trd, 4319852.093, 110
Trd, 4319852.643, 122
Trd, 4319853.293, 113
Trd, 4319853.443, 103
Trd, 4319854.793, 124
Trd, 4319855.743, 120
Trd, 4319856.693, 115
Trd, 4319857.243, 94
Trd, 4319858.643, 138
Trd, 4319858.943, 78
Trd, 4319859.393, 94
Trd, 4319859.643, 69
Trd, 4319860.543, 110
Trd, 4319860.993, 103
Trd, 4319861.993, 95
Trd, 4319862.243, 75
Trd, 4319862.343, 97
Trd, 4319863.043, 109
Trd, 4319863.493, 105
Trd, 4319863.693, 102
Trd, 4319864.493, 93
Trd, 4319865.093, 127
Trd, 4319866.443, 140
Trd, 4319866.593, 121
Trd, 4319866.793, 120
Trd, 4319867.043, 64
Trd, 4319867.893, 131
Trd, 4319868.793, 105
Trd, 4319870.043, 135
Trd, 4319870.543, 106
Trd, 4319871.443, 139
Trd, 4319871.693, 67
Trd, 4319872.693, 60
Trd, 4319872.943, 95
Trd, 4319874.193, 119
Trd, 4319874.393, 105
Trd, 4319874.893, 98
Trd, 4319875.193, 86
Trd, 4319876.043, 111
Trd, 4319876.093, 79
Trd, 4319876.843, 139
Trd, 4319878.343, 72
Trd, 4319879.193, 79
Trd, 4319880.243, 80
Trd, 4319880.343, 120
Trd, 4319880.593, 110
Trd, 4319880.893, 116
Trd, 4319881.693, 77
Trd, 4319881.843, 90
Trd, 4319882.443, 108
Trd, 4319883.143, 87
Trd, 4319884.943, 103
Trd, 4319885.093, 96
Trd, 4319885.993, 104
Trd, 4319886.343, 85
Trd, 4319886.993, 72
Trd, 4319887.643, 60
Trd, 4319887.993, 83
Trd, 4319888.593, 107
Trd, 4319889.493, 61
Trd, 4319890.043, 85
Trd, 4319891.043, 88
Trd, 4319891.243, 93
Trd, 4319891.343, 82
Trd, 4319891.543, 118
Trd, 4319892.443, 67
Trd, 4319893.093, 66
Trd, 4319893.893, 81
Trd, 4319894.793, 123
Trd, 4319895.143, 119
Trd, 4319896.093, 72
Trd, 4319896.543, 125
Trd, 4319897.343, 134
Trd, 4319898.493, 110
Trd, 4319899.643, 139
Trd, 4319900.093, 92
Trd, 4319900.443, 116
Trd, 4319901.343, 139
Trd, 4319901.443, 113
Trd, 4319901.843, 69
Trd, 4319901.893, 99
Trd, 4319903.243, 110
Trd, 4319904.393, 122
Trd, 4319904.693, 130
Trd, 4319905.093, 125
Trd, 4319906.243, 108
Trd, 4319906.643, 117
Trd, 4319908.393, 140
Trd, 4319908.693, 105
Trd, 4319909.593, 105
Trd, 4319910.243, 95
Trd, 4319910.443, 90
Trd, 4319910.493, 117
Trd, 4319910.643, 78
Trd, 4319911.943, 134
Trd, 4319913.093, 140
Trd, 4319914.193, 95
Trd, 4319915.043, 125
Trd, 4319915.893, 128
Trd, 4319916.043, 98
Trd, 4319916.943, 80
Trd, 4319917.243, 130
Trd, 4319917.293, 104
Trd, 4319918.743, 85
Trd, 4319919.943, 62
Trd, 4319920.093, 71
Trd, 4319921.093, 140
Trd, 4319921.543, 131
Trd, 4319921.593, 111
Trd, 4319924.143, 137
Trd, 4319924.293, 120
Trd, 4319924.643, 140
Trd, 4319924.943, 116
Trd, 4319926.893, 112
Trd, 4319927.643, 97
Trd, 4319928.243, 84
Trd, 4319928.743, 107
Trd, 4319929.493, 95
Trd, 4319929.793, 63
Trd, 4319930.343, 123
Trd, 4319930.893, 125
Trd, 4319933.743, 135
Trd, 4319934.343, 140
Trd, 4319934.443, 111
Trd, 4319934.543, 109
Trd, 4319934.993, 97
Trd, 4319935.293, 104
Trd, 4319935.893, 76
Trd, 4319936.393, 118
Trd, 4319938.243, 111
Trd, 4319938.843, 114
Trd, 4319940.243, 137
Trd, 4319940.443, 122
Trd, 4319940.793, 120
Trd, 4319940.893, 119
Trd, 4319941.393, 112
Trd, 4319941.993, 140
Trd, 4319943.643, 135
Trd, 4319943.743, 118
Trd, 4319943.793, 117
Trd, 4319944.093, 105
Trd, 4319946.293, 140
Trd, 4319946.893, 92
Trd, 4319947.843, 91
Trd, 4319948.743, 104
Trd, 4319948.793, 93
Trd, 4319948.943, 139
Trd, 4319949.493, 129
Trd, 4319949.593, 85
Trd, 4319950.793, 65
Trd, 4319951.243, 137
Trd, 4319952.043, 111
Trd, 4319952.393, 105
Trd, 4319952.943, 92
Trd, 4319953.393, 94
Trd, 4319953.593, 127
Trd, 4319954.493, 140
Trd, 4319955.143, 130
Trd, 4319955.643, 131
Trd, 4319955.993, 104
Trd, 4319956.993, 60
Trd, 4319958.993, 140
Trd, 4319960.143, 134
Trd, 4319960.493, 128
Trd, 4319961.443, 133
Trd, 4319962.693, 139
Trd, 4319962.843, 138
Trd, 4319963.643, 104
Trd, 4319964.793, 110
Trd, 4319965.043, 107
Trd, 4319965.193, 105
Trd, 4319965.293, 117
Trd, 4319965.793, 103
Trd, 4319966.543, 79
Trd, 4319968.643, 128
Trd, 4319969.743, 123
Trd, 4319969.843, 112
Trd, 4319970.693, 106
Trd, 4319971.143, 124
Trd, 4319972.893, 75
Trd, 4319973.243, 77
Trd, 4319973.443, 112
Trd, 4319973.993, 129
Trd, 4319974.293, 138
Trd, 4319974.893, 120
Trd, 4319975.393, 132
Trd, 4319976.043, 126
Trd, 4319976.893, 98
Trd, 4319977.143, 139
Trd, 4319977.893, 134
Trd, 4319978.543, 73
Trd, 4319979.243, 104
Trd, 4319979.693, 86
Trd, 4319980.743, 76
Trd, 4319980.993, 80
Trd, 4319981.143, 103
Trd, 4319981.343, 83
Trd, 4319982.643, 139
Trd, 4319982.793, 103
Trd, 4319983.543, 102
Trd, 4319985.843, 130
Trd, 4319986.543, 131
Trd, 4319987.443, 139
Trd, 4319988.243, 137
Trd, 4319988.793, 91
Trd, 4319989.643, 87
Trd, 4319990.443, 92
Trd, 4319990.743, 126
Trd, 4319991.843, 79
Trd, 4319991.993, 96
Trd, 4319992.893, 108
Trd, 4319993.193, 80
Trd, 4319993.893, 139
Trd, 4319994.793, 98
Trd, 4319994.993, 90
Trd, 4319996.793, 135
Trd, 4319997.043, 108
Trd, 4319997.393, 119
Trd, 4319997.743, 93
Trd, 4319998.993, 124
Trd, 4319999.643, 114
Trd, 4319999.793, 103
