Trd, 4318121.993, 117
Trd, 4318122.843, 130
Trd, 4318123.593, 95
Trd, 4318124.393, 79
Trd, 4318124.693, 79
Trd, 4318124.843, 79
Trd, 4318126.593, 61
Trd, 4318127.093, 85
Trd, 4318127.893, 63
Trd, 4318128.093, 76
Trd, 4318128.243, 81
Trd, 4318128.743, 87
Trd, 4318128.993, 81
Trd, 4318129.943, 120
Trd, 4318130.693, 112
Trd, 4318131.193, 122
Trd, 4318131.543, 138
Trd, 4318131.593, 94
Trd, 4318131.893, 106
Trd, 4318133.843, 119
Trd, 4318134.443, 97
Trd, 4318135.843, 64
Trd, 4318136.293, 76
Trd, 4318137.443, 126
Trd, 4318137.593, 133
Trd, 4318137.993, 131
Trd, 4318138.743, 119
Trd, 4318139.043, 116
Trd, 4318140.693, 95
Trd, 4318142.843, 119
Trd, 4318143.343, 105
Trd, 4318143.443, 126
Trd, 4318143.643, 100
Trd, 4318143.743, 94
Trd, 4318145.543, 132
Trd, 4318145.893, 113
Trd, 4318146.243, 97
Trd, 4318147.093, 137
Trd, 4318147.443, 112
Trd, 4318148.393, 126
Trd, 4318148.593, 132
Trd, 4318148.993, 91
Trd, 4318149.993, 94
Trd, 4318150.943, 97
Trd, 4318151.943, 115
Trd, 4318152.543, 70
Trd, 4318153.793, 113
Trd, 4318154.643, 122
Trd, 4318154.793, 104
Trd, 4318154.843, 100
Trd, 4318154.893, 62
Trd, 4318155.193, 106
Trd, 4318156.193, 128
Trd, 4318156.393, 95
Trd, 4318157.493, 99
Trd, 4318157.543, 68
Trd, 4318159.093, 124
Trd, 4318159.643, 99
Trd, 4318161.193, 111
Trd, 4318161.743, 133
Trd, 4318163.393, 111
Trd, 4318163.743, 102
Trd, 4318164.943, 139
Trd, 4318165.543, 124
Trd, 4318165.743, 115
Trd, 4318166.693, 114
Trd, 4318166.993, 118
Trd, 4318167.543, 106
Trd, 4318168.043, 114
Trd, 4318168.643, 105
Trd, 4318170.193, 131
Trd, 4318170.393, 131
Trd, 4318170.793, 119
Trd, 4318173.143, 94
Trd, 4318173.293, 88
Trd, 4318174.193, 133
Trd, 4318175.643, 113
Trd, 4318175.793, 139
Trd, 4318176.093, 104
Trd, 4318176.143, 90
Trd, 4318176.793, 124
Trd, 4318177.543, 77
Trd, 4318178.343, 68
Trd, 4318179.743, 63
Trd, 4318179.893, 109
Trd, 4318180.093, 71
Trd, 4318181.243, 64
Trd, 4318181.843, 85
Trd, 4318182.693, 87
Trd, 4318182.843, 84
Trd, 4318182.893, 102
Trd, 4318183.643, 67
Trd, 4318184.143, 75
Trd, 4318185.243, 75
Trd, 4318187.243, 127
Trd, 4318187.393, 104
Trd, 4318187.893, 84
Trd, 4318188.743, 85
Trd, 4318189.643, 134
Trd, 4318189.793, 100
Trd, 4318190.743, 135
Trd, 4318190.943, 80
Trd, 4318192.243, 94
Trd, 4318192.293, 88
Trd, 4318194.093, 87
Trd, 4318194.993, 98
Trd, 4318195.193, 87
Trd, 4318195.893, 66
Trd, 4318195.943, 76
Trd, 4318196.743, 85
Trd, 4318197.093, 116
Trd, 4318197.243, 74
Trd, 4318199.393, 116
Trd, 4318199.943, 109
Trd, 4318200.393, 103
Trd, 4318201.093, 139
Trd, 4318201.493, 82
Trd, 4318203.293, 117
Trd, 4318204.893, 114
Trd, 4318205.193, 122
Trd, 4318205.543, 98
Trd, 4318207.343, 118
Trd, 4318207.543, 85
Trd, 4318208.193, 103
Trd, 4318208.393, 102
Trd, 4318208.693, 100
Trd, 4318208.793, 89
Trd, 4318209.243, 108
Trd, 4318210.793, 134
Trd, 4318210.893, 126
Trd, 4318211.393, 114
Trd, 4318211.893, 110
Trd, 4318211.993, 108
Trd, 4318213.443, 116
Trd, 4318215.243, 130
Trd, 4318215.693, 117
Trd, 4318216.043, 122
Trd, 4318216.743, 114
Trd, 4318217.393, 96
Trd, 4318217.843, 92
Trd, 4318218.093, 68
Trd, 4318219.243, 78
Trd, 4318220.493, 102
Trd, 4318221.543, 87
Trd, 4318221.643, 98
Trd, 4318221.893, 117
Trd, 4318222.843, 121
Trd, 4318223.243, 116
Trd, 4318223.393, 126
Trd, 4318223.493, 121
Trd, 4318224.093, 72
Trd, 4318224.993, 130
Trd, 4318225.793, 76
Trd, 4318226.393, 126
Trd, 4318226.643, 85
Trd, 4318227.393, 84
Trd, 4318228.943, 61
Trd, 4318230.393, 134
Trd, 4318230.443, 134
Trd, 4318230.593, 102
Trd, 4318230.743, 97
Trd, 4318231.693, 122
Trd, 4318231.993, 102
Trd, 4318232.543, 74
Trd, 4318235.293, 140
Trd, 4318235.743, 138
Trd, 4318235.793, 134
Trd, 4318236.293, 115
Trd, 4318236.943, 75
Trd, 4318237.143, 132
Trd, 4318237.893, 95
Trd, 4318238.043, 71
Trd, 4318239.643, 70
Trd, 4318240.343, 110
Trd, 4318241.293, 116
Trd, 4318241.793, 117
Trd, 4318241.943, 115
Trd, 4318242.393, 97
Trd, 4318242.993, 93
Trd, 4318243.843, 110
Trd, 4318244.793, 87
Trd, 4318245.293, 109
Trd, 4318245.893, 109
Trd, 4318246.643, 131
Trd, 4318246.843, 114
Trd, 4318248.843, 98
Trd, 4318249.393, 102
Trd, 4318249.493, 84
Trd, 4318249.743, 107
Trd, 4318249.893, 79
Trd, 4318250.193, 102
Trd, 4318250.843, 75
Trd, 4318253.393, 67
Trd, 4318254.443, 72
Trd, 4318254.593, 122
Trd, 4318255.393, 76
Trd, 4318256.993, 116
Trd, 4318258.093, 107
Trd, 4318258.193, 134
Trd, 4318258.293, 118
Trd, 4318259.343, 139
Trd, 4318259.993, 122
Trd, 4318260.593, 81
Trd, 4318260.793, 92
Trd, 4318261.793, 76
Trd, 4318263.693, 110
Trd, 4318264.243, 105
Trd, 4318264.543, 94
Trd, 4318264.993, 87
Trd, 4318265.343, 86
Trd, 4318265.793, 106
Trd, 4318266.343, 125
Trd, 4318267.543, 123
Trd, 4318269.393, 119
Trd, 4318270.043, 126
Trd, 4318270.343, 119
Trd, 4318270.593, 108
Trd, 4318270.943, 138
Trd, 4318271.593, 126
Trd, 4318272.193, 125
Trd, 4318272.243, 90
Trd, 4318273.643, 117
Trd, 4318274.893, 110
Trd, 4318275.143, 61
Trd, 4318277.093, 107
Trd, 4318277.393, 86
Trd, 4318278.093, 121
Trd, 4318278.543, 101
Trd, 4318278.993, 139
Trd, 4318279.293, 111
Trd, 4318280.593, 115
Trd, 4318281.093, 104
Trd, 4318281.743, 99
Trd, 4318282.693, 114
Trd, 4318283.493, 133
Trd, 4318284.493, 115
Trd, 4318285.193, 138
Trd, 4318285.643, 134
Trd, 4318286.093, 118
Trd, 4318287.493, 92
Trd, 4318287.793, 91
Trd, 4318288.093, 71
Trd, 4318288.293, 69
Trd, 4318288.543, 129
Trd, 4318290.893, 132
Trd, 4318291.993, 112
Trd, 4318293.393, 114
Trd, 4318293.493, 113
Trd, 4318294.493, 132
Trd, 4318294.843, 139
Trd, 4318296.093, 112
Trd, 4318296.593, 106
Trd, 4318297.193, 98
Trd, 4318297.593, 83
Trd, 4318298.593, 72
Trd, 4318298.743, 68
Trd, 4318299.043, 72
Trd, 4318300.493, 65
Trd, 4318302.593, 132
Trd, 4318303.293, 126
Trd, 4318303.943, 117
Trd, 4318304.793, 114
Trd, 4318305.093, 137
Trd, 4318305.593, 103
Trd, 4318305.793, 77
Trd, 4318306.543, 64
Trd, 4318307.593, 95
Trd, 4318308.443, 63
Trd, 4318309.093, 109
Trd, 4318310.343, 69
Trd, 4318310.643, 128
Trd, 4318311.293, 116
Trd, 4318312.393, 89
Trd, 4318312.643, 120
Trd, 4318312.993, 110
Trd, 4318314.193, 133
Trd, 4318315.093, 97
Trd, 4318315.243, 84
Trd, 4318316.393, 68
Trd, 4318317.443, 132
Trd, 4318318.843, 98
Trd, 4318318.893, 88
Trd, 4318320.093, 108
Trd, 4318320.543, 102
Trd, 4318320.743, 127
Trd, 4318321.143, 115
Trd, 4318322.893, 116
Trd, 4318323.093, 78
Trd, 4318323.893, 111
Trd, 4318325.143, 137
Trd, 4318325.543, 127
Trd, 4318326.293, 69
Trd, 4318326.843, 108
Trd, 4318327.193, 99
Trd, 4318328.993, 133
Trd, 4318330.043, 95
Trd, 4318330.643, 90
Trd, 4318330.893, 83
Trd, 4318331.493, 129
Trd, 4318331.593, 122
Trd, 4318331.743, 61
Trd, 4318333.493, 91
Trd, 4318334.743, 124
Trd, 4318336.093, 127
Trd, 4318336.693, 91
Trd, 4318338.493, 121
Trd, 4318339.143, 86
Trd, 4318339.593, 70
Trd, 4318339.893, 83
Trd, 4318340.093, 78
Trd, 4318341.493, 130
Trd, 4318341.843, 117
Trd, 4318343.643, 128
Trd, 4318345.143, 130
Trd, 4318346.043, 109
Trd, 4318346.193, 99
Trd, 4318346.243, 122
Trd, 4318346.943, 82
Trd, 4318347.243, 119
Trd, 4318347.643, 110
Trd, 4318348.093, 104
Trd, 4318349.393, 125
Trd, 4318349.543, 75
Trd, 4318350.293, 113
Trd, 4318351.343, 128
Trd, 4318353.243, 122
Trd, 4318353.343, 89
Trd, 4318354.443, 120
Trd, 4318355.093, 95
Trd, 4318356.443, 123
Trd, 4318357.193, 123
Trd, 4318357.943, 103
Trd, 4318358.343, 100
Trd, 4318359.593, 132
Trd, 4318359.743, 131
Trd, 4318360.043, 116
Trd, 4318361.193, 106
Trd, 4318362.093, 87
Trd, 4318362.393, 86
Trd, 4318363.693, 130
Trd, 4318365.693, 132
Trd, 4318366.443, 114
Trd, 4318366.593, 108
Trd, 4318367.243, 133
Trd, 4318368.043, 106
Trd, 4318368.093, 101
Trd, 4318368.293, 90
Trd, 4318368.443, 118
Trd, 4318369.143, 108
Trd, 4318370.993, 84
Trd, 4318371.043, 89
Trd, 4318371.743, 108
Trd, 4318373.393, 138
Trd, 4318373.593, 110
Trd, 4318374.043, 100
Trd, 4318375.143, 110
Trd, 4318375.493, 88
Trd, 4318376.093, 82
Trd, 4318376.243, 80
Trd, 4318376.843, 80
Trd, 4318377.243, 79
Trd, 4318378.243, 112
Trd, 4318378.843, 75
Trd, 4318379.743, 140
Trd, 4318380.393, 137
Trd, 4318380.693, 115
Trd, 4318381.943, 107
Trd, 4318382.543, 135
Trd, 4318382.593, 110
Trd, 4318382.893, 104
Trd, 4318383.243, 60
Trd, 4318383.693, 104
Trd, 4318384.343, 139
Trd, 4318385.743, 113
Trd, 4318386.543, 88
Trd, 4318387.643, 118
Trd, 4318387.893, 106
Trd, 4318388.993, 113
Trd, 4318389.843, 132
Trd, 4318390.143, 113
Trd, 4318390.193, 105
Trd, 4318390.343, 103
Trd, 4318390.943, 126
Trd, 4318390.993, 89
Trd, 4318392.493, 123
Trd, 4318392.793, 133
Trd, 4318393.693, 84
Trd, 4318394.443, 81
Trd, 4318395.543, 111
Trd, 4318396.543, 123
Trd, 4318396.843, 131
Trd, 4318397.193, 113
Trd, 4318397.443, 106
Trd, 4318397.893, 99
Trd, 4318397.993, 102
Trd, 4318399.093, 120
Trd, 4318400.043, 115
Trd, 4318400.343, 119
Trd, 4318401.793, 130
Trd, 4318401.893, 111
Trd, 4318402.043, 77
Trd, 4318403.043, 136
Trd, 4318403.893, 121
Trd, 4318404.443, 94
Trd, 4318404.493, 83
Trd, 4318404.943, 75
Trd, 4318405.343, 93
Trd, 4318405.443, 137
Trd, 4318406.043, 60
Trd, 4318407.293, 106
Trd, 4318408.243, 118
Trd, 4318408.793, 76
Trd, 4318408.993, 93
Trd, 4318410.643, 131
Trd, 4318410.943, 71
Trd, 4318411.493, 68
Trd, 4318412.493, 63
Trd, 4318413.093, 97
Trd, 4318413.293, 121
Trd, 4318413.843, 133
Trd, 4318415.393, 127
Trd, 4318415.843, 120
Trd, 4318416.393, 68
Trd, 4318416.443, 66
Trd, 4318417.243, 86
Trd, 4318417.443, 86
Trd, 4318417.593, 126
Trd, 4318418.743, 136
Trd, 4318419.093, 109
Trd, 4318419.943, 122
Trd, 4318420.743, 124
Trd, 4318421.893, 119
Trd, 4318422.543, 64
Trd, 4318423.093, 91
Trd, 4318424.243, 118
Trd, 4318424.693, 113
Trd, 4318424.893, 106
Trd, 4318425.243, 90
Trd, 4318425.893, 114
Trd, 4318426.143, 92
Trd, 4318427.193, 96
Trd, 4318427.543, 75
Trd, 4318428.093, 72
Trd, 4318428.893, 114
Trd, 4318429.093, 81
Trd, 4318429.643, 68
Trd, 4318429.743, 75
Trd, 4318430.643, 69
Trd, 4318431.443, 89
Trd, 4318432.343, 110
Trd, 4318433.693, 70
Trd, 4318434.293, 139
Trd, 4318434.543, 108
Trd, 4318436.293, 100
Trd, 4318436.493, 85
Trd, 4318437.143, 114
Trd, 4318438.093, 77
Trd, 4318438.293, 74
Trd, 4318438.543, 72
Trd, 4318439.343, 139
Trd, 4318439.593, 120
Trd, 4318440.193, 81
Trd, 4318441.643, 120
Trd, 4318442.243, 88
Trd, 4318442.493, 100
Trd, 4318443.543, 101
Trd, 4318443.793, 61
Trd, 4318444.543, 101
Trd, 4318445.643, 136
Trd, 4318446.943, 116
Trd, 4318447.393, 101
Trd, 4318450.643, 122
Trd, 4318451.043, 122
Trd, 4318451.143, 120
Trd, 4318452.643, 94
Trd, 4318453.043, 93
Trd, 4318455.543, 74
Trd, 4318456.343, 88
Trd, 4318456.993, 86
Trd, 4318457.493, 103
Trd, 4318458.443, 117
Trd, 4318458.793, 120
Trd, 4318460.093, 99
Trd, 4318460.443, 128
Trd, 4318460.593, 105
Trd, 4318462.643, 105
Trd, 4318462.743, 106
Trd, 4318463.743, 131
Trd, 4318464.193, 110
Trd, 4318464.393, 84
Trd, 4318465.693, 101
Trd, 4318466.393, 115
Trd, 4318467.343, 81
Trd, 4318467.943, 121
Trd, 4318468.343, 89
Trd, 4318468.843, 134
Trd, 4318469.043, 78
Trd, 4318470.493, 83
Trd, 4318470.943, 64
Trd, 4318471.393, 64
Trd, 4318473.393, 97
Trd, 4318474.843, 88
Trd, 4318475.543, 101
Trd, 4318475.693, 103
Trd, 4318475.893, 102
Trd, 4318476.143, 117
Trd, 4318477.443, 130
Trd, 4318477.943, 128
Trd, 4318478.493, 138
Trd, 4318479.943, 107
Trd, 4318480.893, 137
Trd, 4318481.243, 115
Trd, 4318483.893, 110
Trd, 4318484.493, 137
Trd, 4318485.343, 127
Trd, 4318485.543, 126
Trd, 4318486.493, 137
Trd, 4318487.043, 117
Trd, 4318487.693, 132
Trd, 4318487.843, 115
Trd, 4318488.693, 111
Trd, 4318489.593, 123
Trd, 4318489.893, 89
Trd, 4318490.943, 97
Trd, 4318491.843, 129
Trd, 4318492.743, 132
Trd, 4318492.893, 117
Trd, 4318495.293, 118
Trd, 4318495.493, 92
Trd, 4318496.293, 128
Trd, 4318496.893, 109
Trd, 4318496.943, 88
Trd, 4318498.743, 118
Trd, 4318498.793, 107
Trd, 4318499.693, 92
Trd, 4318500.393, 128
Trd, 4318501.243, 80
Trd, 4318501.593, 69
Trd, 4318502.893, 136
Trd, 4318503.143, 114
Trd, 4318503.293, 111
Trd, 4318504.143, 114
Trd, 4318505.393, 109
Trd, 4318505.693, 125
Trd, 4318507.493, 131
Trd, 4318507.793, 125
Trd, 4318508.243, 121
Trd, 4318508.443, 88
Trd, 4318509.093, 120
Trd, 4318509.793, 119
Trd, 4318510.093, 134
Trd, 4318511.593, 123
Trd, 4318512.343, 110
Trd, 4318513.393, 138
Trd, 4318513.793, 137
Trd, 4318514.093, 122
Trd, 4318515.143, 104
Trd, 4318516.143, 99
Trd, 4318516.793, 88
Trd, 4318516.943, 86
Trd, 4318517.143, 92
Trd, 4318518.043, 93
Trd, 4318518.243, 107
Trd, 4318518.493, 81
Trd, 4318519.993, 139
Trd, 4318520.093, 115
Trd, 4318521.343, 128
Trd, 4318521.593, 107
Trd, 4318522.043, 118
Trd, 4318523.993, 115
Trd, 4318525.193, 121
Trd, 4318525.743, 90
Trd, 4318526.343, 83
Trd, 4318526.693, 72
Trd, 4318527.393, 69
Trd, 4318527.793, 125
Trd, 4318527.993, 116
Trd, 4318529.693, 102
Trd, 4318529.943, 104
Trd, 4318529.993, 94
Trd, 4318530.193, 111
Trd, 4318530.943, 63
Trd, 4318531.143, 91
Trd, 4318533.343, 126
Trd, 4318534.943, 122
Trd, 4318535.093, 120
Trd, 4318535.543, 98
Trd, 4318536.043, 133
Trd, 4318537.843, 113
Trd, 4318539.493, 139
Trd, 4318539.793, 116
Trd, 4318540.143, 73
Trd, 4318540.993, 84
Trd, 4318541.493, 67
Trd, 4318542.243, 87
Trd, 4318542.743, 62
Trd, 4318543.043, 78
Trd, 4318543.643, 78
Trd, 4318544.643, 118
Trd, 4318544.793, 80
Trd, 4318545.493, 72
Trd, 4318546.793, 69
Trd, 4318546.993, 64
Trd, 4318547.843, 105
Trd, 4318549.193, 131
Trd, 4318550.243, 122
Trd, 4318550.443, 125
Trd, 4318552.243, 129
Trd, 4318553.843, 97
Trd, 4318553.943, 93
Trd, 4318554.293, 77
Trd, 4318554.593, 88
Trd, 4318554.993, 122
Trd, 4318556.243, 124
Trd, 4318556.393, 94
Trd, 4318557.393, 95
Trd, 4318557.493, 101
Trd, 4318558.193, 99
Trd, 4318559.493, 97
Trd, 4318559.993, 105
Trd, 4318560.643, 103
Trd, 4318560.743, 95
Trd, 4318561.643, 87
Trd, 4318561.943, 76
Trd, 4318562.993, 78
Trd, 4318563.193, 126
Trd, 4318565.443, 118
Trd, 4318565.693, 97
Trd, 4318566.293, 80
Trd, 4318567.043, 104
Trd, 4318568.343, 123
Trd, 4318568.443, 111
Trd, 4318569.143, 63
Trd, 4318569.943, 72
Trd, 4318570.593, 81
Trd, 4318571.143, 77
Trd, 4318571.743, 61
Trd, 4318573.793, 61
Trd, 4318574.093, 93
Trd, 4318574.243, 110
Trd, 4318575.193, 114
Trd, 4318575.443, 116
Trd, 4318575.543, 93
Trd, 4318576.893, 120
Trd, 4318577.193, 115
Trd, 4318579.093, 66
Trd, 4318579.693, 115
Trd, 4318580.593, 121
Trd, 4318581.293, 116
Trd, 4318581.443, 109
Trd, 4318581.793, 114
Trd, 4318581.993, 76
Trd, 4318583.343, 123
Trd, 4318583.593, 139
Trd, 4318585.693, 130
Trd, 4318585.793, 81
Trd, 4318586.343, 63
Trd, 4318587.443, 82
Trd, 4318587.693, 103
Trd, 4318587.943, 93
Trd, 4318588.193, 109
Trd, 4318590.943, 81
Trd, 4318592.243, 122
Trd, 4318592.743, 113
Trd, 4318593.043, 121
Trd, 4318593.143, 118
Trd, 4318593.443, 116
Trd, 4318594.243, 94
Trd, 4318595.293, 101
Trd, 4318595.543, 105
Trd, 4318595.793, 128
Trd, 4318597.443, 139
Trd, 4318597.993, 82
Trd, 4318599.793, 135
Trd, 4318600.243, 92
Trd, 4318600.393, 77
Trd, 4318601.443, 81
Trd, 4318601.693, 81
Trd, 4318603.793, 94
Trd, 4318604.043, 74
Trd, 4318604.793, 139
Trd, 4318605.443, 134
Trd, 4318606.743, 96
Trd, 4318607.393, 114
Trd, 4318607.643, 95
Trd, 4318607.943, 93
Trd, 4318609.543, 126
Trd, 4318610.143, 116
Trd, 4318611.243, 81
Trd, 4318611.843, 74
Trd, 4318612.543, 81
Trd, 4318612.993, 99
Trd, 4318613.193, 79
Trd, 4318614.043, 124
Trd, 4318614.393, 64
Trd, 4318615.143, 102
Trd, 4318615.243, 98
Trd, 4318615.793, 124
Trd, 4318616.593, 87
Trd, 4318616.943, 89
Trd, 4318617.493, 105
Trd, 4318618.193, 104
Trd, 4318618.543, 129
Trd, 4318619.643, 136
Trd, 4318619.893, 122
Trd, 4318621.043, 116
Trd, 4318622.043, 128
Trd, 4318622.093, 111
Trd, 4318622.743, 98
Trd, 4318624.543, 135
Trd, 4318625.593, 104
Trd, 4318626.643, 134
Trd, 4318627.343, 140
Trd, 4318627.743, 127
Trd, 4318627.943, 95
Trd, 4318629.943, 109
Trd, 4318631.043, 116
Trd, 4318631.143, 106
Trd, 4318631.593, 131
Trd, 4318632.443, 101
Trd, 4318632.793, 87
Trd, 4318634.443, 62
Trd, 4318635.293, 74
Trd, 4318635.343, 95
Trd, 4318635.593, 116
Trd, 4318636.543, 101
Trd, 4318636.943, 91
Trd, 4318639.243, 98
Trd, 4318641.993, 134
Trd, 4318642.643, 117
Trd, 4318642.793, 125
Trd, 4318643.393, 128
Trd, 4318643.693, 114
Trd, 4318643.893, 118
Trd, 4318644.143, 107
Trd, 4318645.043, 79
Trd, 4318646.793, 136
Trd, 4318646.993, 117
Trd, 4318647.493, 107
Trd, 4318648.093, 100
Trd, 4318649.843, 93
Trd, 4318650.743, 109
Trd, 4318650.943, 128
Trd, 4318651.143, 115
Trd, 4318651.593, 113
Trd, 4318652.593, 103
Trd, 4318653.043, 84
Trd, 4318654.343, 117
Trd, 4318655.543, 139
Trd, 4318656.543, 94
Trd, 4318656.693, 84
Trd, 4318656.943, 66
Trd, 4318658.493, 112
Trd, 4318658.893, 139
Trd, 4318659.243, 122
Trd, 4318659.843, 76
Trd, 4318662.543, 114
Trd, 4318663.443, 129
Trd, 4318663.893, 113
Trd, 4318665.143, 133
Trd, 4318665.693, 127
Trd, 4318665.993, 114
Trd, 4318666.793, 126
Trd, 4318666.943, 137
Trd, 4318667.093, 66
Trd, 4318667.843, 104
Trd, 4318668.443, 84
Trd, 4318669.093, 84
Trd, 4318670.293, 118
Trd, 4318670.493, 84
Trd, 4318671.643, 88
Trd, 4318672.143, 88
Trd, 4318672.843, 91
Trd, 4318672.943, 83
Trd, 4318673.343, 106
Trd, 4318674.793, 137
Trd, 4318675.343, 117
Trd, 4318675.593, 72
Trd, 4318676.993, 109
Trd, 4318677.093, 73
Trd, 4318679.043, 123
Trd, 4318679.293, 112
Trd, 4318679.543, 83
Trd, 4318680.393, 138
Trd, 4318680.993, 104
Trd, 4318681.593, 130
Trd, 4318682.943, 133
Trd, 4318683.493, 124
Trd, 4318683.793, 115
Trd, 4318684.943, 113
Trd, 4318685.893, 109
Trd, 4318688.343, 133
Trd, 4318689.193, 133
Trd, 4318689.793, 104
Trd, 4318690.393, 102
Trd, 4318691.193, 132
Trd, 4318691.393, 114
Trd, 4318691.793, 122
Trd, 4318691.993, 129
Trd, 4318693.393, 137
Trd, 4318693.743, 124
Trd, 4318693.943, 102
Trd, 4318694.443, 84
Trd, 4318695.043, 108
Trd, 4318695.743, 93
Trd, 4318696.893, 72
Trd, 4318698.393, 125
Trd, 4318698.943, 133
Trd, 4318700.543, 127
Trd, 4318701.393, 100
Trd, 4318701.993, 65
Trd, 4318702.493, 87
Trd, 4318702.543, 110
Trd, 4318703.693, 113
Trd, 4318705.143, 139
Trd, 4318705.243, 122
Trd, 4318706.043, 89
Trd, 4318706.793, 127
Trd, 4318707.143, 124
Trd, 4318707.593, 107
Trd, 4318708.793, 100
Trd, 4318710.843, 84
Trd, 4318711.143, 113
Trd, 4318711.893, 116
Trd, 4318712.643, 129
Trd, 4318713.343, 138
Trd, 4318713.593, 138
Trd, 4318713.643, 119
Trd, 4318714.443, 133
Trd, 4318714.793, 92
Trd, 4318715.293, 78
Trd, 4318716.893, 102
Trd, 4318717.793, 104
Trd, 4318717.993, 125
Trd, 4318719.093, 109
Trd, 4318719.243, 77
Trd, 4318719.593, 80
Trd, 4318720.893, 90
Trd, 4318721.593, 110
Trd, 4318722.693, 98
Trd, 4318722.793, 129
Trd, 4318723.543, 135
Trd, 4318724.193, 88
Trd, 4318724.243, 81
Trd, 4318724.893, 124
Trd, 4318726.793, 130
Trd, 4318728.793, 137
Trd, 4318729.243, 121
Trd, 4318729.993, 120
Trd, 4318730.443, 128
Trd, 4318730.793, 64
Trd, 4318731.293, 62
Trd, 4318732.493, 102
Trd, 4318734.493, 120
Trd, 4318734.543, 119
Trd, 4318734.643, 102
Trd, 4318735.193, 130
Trd, 4318735.343, 99
Trd, 4318736.243, 95
Trd, 4318736.493, 116
Trd, 4318738.843, 113
Trd, 4318738.893, 112
Trd, 4318739.943, 118
Trd, 4318740.743, 123
Trd, 4318741.143, 96
Trd, 4318741.493, 96
Trd, 4318741.993, 77
Trd, 4318743.443, 129
Trd, 4318743.593, 78
Trd, 4318743.943, 88
Trd, 4318745.093, 115
Trd, 4318746.843, 132
Trd, 4318747.043, 124
Trd, 4318747.843, 131
Trd, 4318749.693, 128
Trd, 4318749.793, 107
Trd, 4318751.293, 120
Trd, 4318751.443, 121
Trd, 4318751.793, 113
Trd, 4318752.693, 91
Trd, 4318752.993, 78
Trd, 4318754.943, 60
Trd, 4318755.043, 61
Trd, 4318755.293, 138
Trd, 4318755.693, 113
Trd, 4318756.343, 98
Trd, 4318757.793, 111
Trd, 4318757.893, 92
Trd, 4318758.843, 82
Trd, 4318759.243, 109
Trd, 4318760.293, 115
Trd, 4318760.643, 73
Trd, 4318761.693, 64
Trd, 4318762.043, 69
Trd, 4318763.293, 68
Trd, 4318764.893, 74
Trd, 4318764.993, 109
Trd, 4318765.643, 125
Trd, 4318766.993, 134
Trd, 4318767.693, 122
Trd, 4318768.693, 128
Trd, 4318769.343, 86
Trd, 4318769.643, 91
Trd, 4318770.243, 78
Trd, 4318770.693, 90
Trd, 4318770.843, 126
Trd, 4318771.543, 81
Trd, 4318772.543, 73
Trd, 4318774.893, 120
Trd, 4318775.493, 82
Trd, 4318775.643, 61
Trd, 4318776.943, 109
Trd, 4318778.243, 120
Trd, 4318778.743, 111
Trd, 4318779.343, 106
Trd, 4318780.193, 118
Trd, 4318780.493, 110
Trd, 4318781.193, 120
Trd, 4318781.843, 126
Trd, 4318782.743, 110
Trd, 4318782.793, 95
Trd, 4318783.093, 94
Trd, 4318784.943, 128
Trd, 4318785.843, 113
Trd, 4318786.293, 81
Trd, 4318786.793, 110
Trd, 4318786.843, 90
Trd, 4318788.043, 101
Trd, 4318788.693, 114
Trd, 4318788.843, 116
Trd, 4318789.593, 103
Trd, 4318789.643, 83
Trd, 4318790.493, 136
Trd, 4318791.293, 103
Trd, 4318791.943, 99
Trd, 4318792.243, 138
Trd, 4318792.793, 116
Trd, 4318793.443, 99
Trd, 4318793.743, 81
Trd, 4318794.943, 127
Trd, 4318796.293, 79
Trd, 4318797.043, 126
Trd, 4318797.343, 119
Trd, 4318798.643, 101
Trd, 4318798.943, 86
Trd, 4318799.393, 113
Trd, 4318800.243, 121
Trd, 4318800.343, 116
Trd, 4318801.343, 102
Trd, 4318801.543, 70
Trd, 4318802.393, 76
Trd, 4318802.793, 97
Trd, 4318803.493, 67
Trd, 4318804.743, 86
Trd, 4318805.143, 104
Trd, 4318805.943, 121
Trd, 4318806.093, 118
Trd, 4318806.443, 117
Trd, 4318807.593, 123
Trd, 4318808.093, 114
Trd, 4318808.243, 112
Trd, 4318809.643, 64
Trd, 4318809.893, 89
Trd, 4318810.393, 122
Trd, 4318811.193, 132
Trd, 4318811.843, 99
Trd, 4318812.793, 81
Trd, 4318813.643, 112
Trd, 4318814.993, 107
Trd, 4318815.093, 69
Trd, 4318816.793, 115
Trd, 4318816.943, 109
Trd, 4318818.243, 137
Trd, 4318818.693, 120
Trd, 4318819.593, 93
Trd, 4318819.743, 80
Trd, 4318820.493, 68
Trd, 4318821.643, 101
Trd, 4318821.843, 84
Trd, 4318822.693, 114
Trd, 4318824.693, 132
Trd, 4318825.593, 118
Trd, 4318825.893, 102
Trd, 4318826.443, 97
Trd, 4318828.193, 124
Trd, 4318828.843, 113
Trd, 4318829.143, 103
Trd, 4318829.943, 90
Trd, 4318829.993, 81
Trd, 4318830.343, 60
Trd, 4318830.943, 62
Trd, 4318831.943, 109
Trd, 4318833.693, 117
Trd, 4318835.843, 119
Trd, 4318836.993, 134
Trd, 4318837.843, 101
Trd, 4318837.993, 77
Trd, 4318838.443, 68
Trd, 4318838.943, 62
Trd, 4318839.493, 67
Trd, 4318839.543, 77
Trd, 4318839.643, 110
Trd, 4318839.793, 132
Trd, 4318841.393, 73
Trd, 4318841.493, 102
Trd, 4318842.693, 112
Trd, 4318843.693, 92
Trd, 4318844.193, 90
Trd, 4318844.243, 80
Trd, 4318844.593, 81
Trd, 4318845.143, 111
Trd, 4318846.243, 60
Trd, 4318846.493, 134
Trd, 4318847.343, 118
Trd, 4318847.543, 125
Trd, 4318847.943, 100
Trd, 4318848.393, 80
Trd, 4318849.293, 100
Trd, 4318850.693, 116
Trd, 4318851.193, 77
Trd, 4318852.443, 120
Trd, 4318852.643, 129
Trd, 4318853.493, 91
Trd, 4318853.793, 89
Trd, 4318855.193, 133
Trd, 4318855.893, 139
Trd, 4318856.343, 82
Trd, 4318856.443, 131
Trd, 4318857.143, 95
Trd, 4318857.343, 80
Trd, 4318857.743, 80
Trd, 4318859.493, 129
Trd, 4318861.693, 125
Trd, 4318862.243, 125
Trd, 4318862.593, 114
Trd, 4318863.093, 111
Trd, 4318864.143, 75
Trd, 4318865.943, 102
Trd, 4318866.793, 119
Trd, 4318867.693, 132
Trd, 4318867.993, 126
Trd, 4318868.343, 124
Trd, 4318868.643, 122
Trd, 4318869.593, 111
Trd, 4318869.843, 96
Trd, 4318869.943, 81
Trd, 4318870.693, 103
Trd, 4318871.243, 102
Trd, 4318871.693, 70
Trd, 4318872.443, 110
Trd, 4318873.593, 134
Trd, 4318874.693, 87
Trd, 4318876.793, 129
Trd, 4318876.893, 121
Trd, 4318877.143, 118
Trd, 4318877.793, 118
Trd, 4318877.893, 60
Trd, 4318879.343, 139
Trd, 4318879.393, 75
Trd, 4318879.843, 62
Trd, 4318880.293, 114
Trd, 4318881.193, 73
Trd, 4318882.043, 129
Trd, 4318882.093, 81
Trd, 4318882.593, 119
Trd, 4318884.043, 138
Trd, 4318884.943, 115
Trd, 4318885.393, 90
Trd, 4318885.643, 122
Trd, 4318886.893, 127
Trd, 4318887.493, 97
Trd, 4318888.093, 78
Trd, 4318889.643, 112
Trd, 4318890.343, 121
Trd, 4318890.793, 88
Trd, 4318890.993, 85
Trd, 4318891.243, 64
Trd, 4318892.243, 71
Trd, 4318893.293, 105
Trd, 4318893.393, 80
Trd, 4318894.093, 124
Trd, 4318894.143, 104
Trd, 4318895.693, 126
Trd, 4318896.093, 107
Trd, 4318897.543, 126
Trd, 4318898.293, 135
Trd, 4318898.543, 107
Trd, 4318899.043, 117
Trd, 4318900.093, 95
Trd, 4318900.693, 103
Trd, 4318900.993, 90
Trd, 4318901.293, 64
Trd, 4318902.793, 110
Trd, 4318903.693, 103
Trd, 4318903.793, 104
Trd, 4318905.193, 135
Trd, 4318905.393, 101
Trd, 4318905.893, 84
Trd, 4318906.543, 76
Trd, 4318907.043, 89
Trd, 4318908.493, 122
Trd, 4318908.893, 95
Trd, 4318909.043, 104
Trd, 4318909.893, 89
Trd, 4318910.643, 116
Trd, 4318910.943, 108
Trd, 4318911.693, 61
Trd, 4318912.643, 65
Trd, 4318912.743, 67
Trd, 4318913.543, 106
Trd, 4318914.193, 91
Trd, 4318915.043, 60
Trd, 4318915.243, 110
Trd, 4318916.343, 60
Trd, 4318916.943, 104
Trd, 4318917.693, 140
Trd, 4318918.793, 131
Trd, 4318919.043, 112
Trd, 4318919.343, 86
Trd, 4318919.593, 73
Trd, 4318921.193, 72
Trd, 4318921.693, 61
Trd, 4318922.943, 95
Trd, 4318923.743, 107
Trd, 4318924.443, 61
Trd, 4318924.993, 68
Trd, 4318925.193, 69
Trd, 4318925.743, 90
Trd, 4318926.243, 121
Trd, 4318927.543, 117
Trd, 4318927.843, 105
Trd, 4318929.393, 117
Trd, 4318929.443, 92
Trd, 4318931.343, 95
Trd, 4318931.443, 86
Trd, 4318932.993, 129
Trd, 4318933.043, 127
Trd, 4318933.243, 111
Trd, 4318934.543, 114
Trd, 4318934.793, 117
Trd, 4318934.893, 137
Trd, 4318935.243, 126
Trd, 4318935.343, 105
Trd, 4318935.743, 98
Trd, 4318935.943, 93
Trd, 4318937.743, 86
Trd, 4318939.943, 125
Trd, 4318940.193, 130
Trd, 4318940.693, 132
Trd, 4318940.793, 129
Trd, 4318940.943, 119
Trd, 4318942.893, 107
Trd, 4318944.243, 116
Trd, 4318944.593, 102
Trd, 4318944.893, 100
Trd, 4318945.843, 128
Trd, 4318946.543, 112
Trd, 4318946.643, 85
Trd, 4318946.993, 86
Trd, 4318947.443, 122
Trd, 4318948.443, 69
Trd, 4318949.793, 125
Trd, 4318950.243, 124
Trd, 4318950.393, 85
Trd, 4318950.493, 79
Trd, 4318951.793, 125
Trd, 4318952.093, 112
Trd, 4318953.793, 115
Trd, 4318953.993, 114
Trd, 4318954.993, 136
Trd, 4318955.193, 119
Trd, 4318956.343, 75
Trd, 4318958.943, 83
Trd, 4318959.793, 85
Trd, 4318959.943, 74
Trd, 4318960.043, 117
Trd, 4318960.943, 103
Trd, 4318962.743, 100
Trd, 4318962.843, 97
Trd, 4318963.743, 135
Trd, 4318964.943, 98
Trd, 4318965.493, 83
Trd, 4318965.693, 102
Trd, 4318966.343, 75
Trd, 4318966.593, 123
Trd, 4318967.143, 129
Trd, 4318967.393, 106
Trd, 4318969.493, 118
Trd, 4318969.643, 104
Trd, 4318971.443, 127
Trd, 4318972.093, 116
Trd, 4318972.993, 103
Trd, 4318973.493, 126
Trd, 4318974.243, 110
Trd, 4318974.943, 105
Trd, 4318975.393, 115
Trd, 4318976.093, 126
Trd, 4318976.443, 128
Trd, 4318977.043, 111
Trd, 4318977.893, 94
Trd, 4318979.093, 83
Trd, 4318979.243, 75
Trd, 4318979.893, 134
Trd, 4318980.593, 134
Trd, 4318982.093, 78
Trd, 4318982.743, 122
Trd, 4318983.843, 105
Trd, 4318983.943, 96
Trd, 4318984.193, 99
Trd, 4318985.343, 118
Trd, 4318986.793, 83
Trd, 4318987.593, 114
Trd, 4318988.893, 104
Trd, 4318989.243, 106
Trd, 4318989.793, 96
Trd, 4318989.993, 73
Trd, 4318991.493, 133
Trd, 4318992.143, 120
Trd, 4318992.393, 118
Trd, 4318992.743, 76
Trd, 4318992.943, 84
Trd, 4318995.443, 88
Trd, 4318996.243, 87
Trd, 4318997.543, 97
Trd, 4318997.843, 82
Trd, 4318998.343, 106
Trd, 4318999.343, 67
Trd, 4318999.993, 60
Trd, 4319000.543, 84
Trd, 4319000.743, 117
Trd, 4319002.643, 104
Trd, 4319003.293, 126
Trd, 4319003.443, 129
Trd, 4319003.743, 63
Trd, 4319004.893, 119
Trd, 4319005.793, 107
Trd, 4319005.993, 106
Trd, 4319006.543, 120
Trd, 4319007.193, 112
Trd, 4319007.343, 75
Trd, 4319007.493, 66
Trd, 4319008.643, 114
Trd, 4319008.843, 110
Trd, 4319009.793, 121
Trd, 4319010.693, 120
Trd, 4319011.093, 126
Trd, 4319011.493, 136
Trd, 4319013.743, 108
Trd, 4319013.843, 73
Trd, 4319013.893, 70
Trd, 4319014.693, 79
Trd, 4319015.593, 95
Trd, 4319015.893, 98
Trd, 4319016.943, 118
Trd, 4319017.793, 129
Trd, 4319018.543, 110
Trd, 4319019.043, 125
Trd, 4319019.593, 110
Trd, 4319019.743, 89
Trd, 4319020.643, 125
Trd, 4319022.293, 119
Trd, 4319022.943, 70
Trd, 4319022.993, 135
Trd, 4319024.393, 64
Trd, 4319025.093, 138
Trd, 4319025.793, 127
Trd, 4319026.493, 125
Trd, 4319026.693, 123
Trd, 4319027.193, 121
Trd, 4319027.393, 115
Trd, 4319028.093, 79
Trd, 4319028.393, 126
Trd, 4319029.893, 78
Trd, 4319030.293, 135
Trd, 4319032.493, 95
Trd, 4319033.593, 88
Trd, 4319033.993, 79
Trd, 4319034.243, 91
Trd, 4319035.143, 83
Trd, 4319036.543, 139
Trd, 4319037.343, 115
Trd, 4319038.093, 103
Trd, 4319038.493, 106
Trd, 4319039.043, 126
Trd, 4319039.593, 119
Trd, 4319039.743, 126
Trd, 4319040.993, 62
Trd, 4319041.993, 68
Trd, 4319042.093, 72
Trd, 4319042.243, 107
Trd, 4319042.643, 128
Trd, 4319043.643, 133
Trd, 4319044.893, 127
Trd, 4319045.043, 104
Trd, 4319045.493, 135
Trd, 4319045.793, 78
Trd, 4319046.493, 129
Trd, 4319047.793, 139
Trd, 4319049.393, 112
Trd, 4319049.893, 91
Trd, 4319051.843, 91
Trd, 4319051.893, 95
Trd, 4319052.143, 120
Trd, 4319053.343, 100
Trd, 4319054.243, 61
Trd, 4319054.893, 74
Trd, 4319055.493, 66
Trd, 4319056.493, 95
Trd, 4319057.143, 123
Trd, 4319058.293, 137
Trd, 4319058.343, 113
Trd, 4319059.593, 136
Trd, 4319059.793, 130
Trd, 4319060.643, 135
Trd, 4319061.093, 110
Trd, 4319061.443, 92
Trd, 4319062.443, 100
Trd, 4319062.493, 77
Trd, 4319063.343, 111
Trd, 4319064.543, 118
Trd, 4319065.043, 117
Trd, 4319065.143, 110
Trd, 4319066.093, 134
Trd, 4319067.093, 112
Trd, 4319067.843, 100
Trd, 4319068.643, 92
Trd, 4319069.143, 128
Trd, 4319069.893, 122
Trd, 4319070.093, 95
Trd, 4319071.443, 91
Trd, 4319073.543, 127
Trd, 4319073.643, 75
Trd, 4319073.743, 130
Trd, 4319074.293, 100
Trd, 4319074.793, 94
Trd, 4319075.293, 75
Trd, 4319076.593, 78
Trd, 4319077.343, 76
Trd, 4319077.843, 85
Trd, 4319078.293, 120
Trd, 4319079.443, 116
Trd, 4319079.893, 111
Trd, 4319080.143, 82
Trd, 4319081.043, 109
Trd, 4319081.593, 86
Trd, 4319082.043, 104
Trd, 4319083.693, 67
Trd, 4319083.843, 101
Trd, 4319085.293, 138
Trd, 4319085.593, 139
Trd, 4319086.343, 104
Trd, 4319086.593, 72
Trd, 4319087.643, 107
Trd, 4319087.993, 90
Trd, 4319088.193, 84
Trd, 4319089.043, 128
Trd, 4319089.493, 117
Trd, 4319089.543, 79
Trd, 4319090.393, 82
Trd, 4319092.793, 125
Trd, 4319094.243, 104
Trd, 4319095.393, 113
Trd, 4319096.093, 115
Trd, 4319096.143, 111
Trd, 4319096.793, 98
Trd, 4319096.993, 82
Trd, 4319097.143, 133
Trd, 4319097.493, 132
Trd, 4319098.543, 87
Trd, 4319098.843, 115
Trd, 4319100.043, 69
Trd, 4319100.243, 90
Trd, 4319101.343, 122
Trd, 4319101.593, 78
Trd, 4319102.893, 126
Trd, 4319102.993, 129
Trd, 4319103.543, 88
Trd, 4319104.243, 108
Trd, 4319104.343, 104
Trd, 4319104.393, 100
Trd, 4319105.743, 69
Trd, 4319105.943, 86
Trd, 4319106.943, 102
Trd, 4319107.293, 108
Trd, 4319108.793, 81
Trd, 4319109.643, 78
Trd, 4319109.793, 94
Trd, 4319111.293, 123
Trd, 4319111.493, 121
Trd, 4319111.993, 84
Trd, 4319113.893, 130
Trd, 4319114.543, 73
Trd, 4319114.893, 104
Trd, 4319117.493, 107
Trd, 4319118.793, 138
Trd, 4319119.393, 135
Trd, 4319119.693, 131
Trd, 4319119.793, 126
Trd, 4319120.493, 119
Trd, 4319120.543, 111
Trd, 4319121.243, 78
Trd, 4319122.793, 99
Trd, 4319122.943, 97
Trd, 4319123.543, 135
Trd, 4319124.143, 133
Trd, 4319124.243, 107
Trd, 4319125.643, 128
Trd, 4319126.193, 138
Trd, 4319126.693, 118
Trd, 4319126.943, 113
Trd, 4319128.293, 110
Trd, 4319129.143, 109
Trd, 4319130.693, 123
Trd, 4319131.293, 113
Trd, 4319131.593, 106
Trd, 4319131.693, 116
Trd, 4319132.593, 116
Trd, 4319132.843, 86
Trd, 4319133.193, 132
Trd, 4319134.093, 96
Trd, 4319134.743, 121
Trd, 4319135.443, 128
Trd, 4319136.093, 124
Trd, 4319137.343, 82
Trd, 4319138.643, 97
Trd, 4319138.843, 89
Trd, 4319139.043, 106
Trd, 4319139.393, 126
Trd, 4319141.993, 104
Trd, 4319142.143, 101
Trd, 4319142.793, 77
Trd, 4319143.193, 97
Trd, 4319143.943, 101
Trd, 4319144.443, 113
Trd, 4319144.693, 87
Trd, 4319145.343, 109
Trd, 4319148.843, 77
Trd, 4319149.393, 122
Trd, 4319149.493, 100
Trd, 4319149.743, 129
Trd, 4319150.543, 126
Trd, 4319150.793, 106
Trd, 4319150.893, 127
Trd, 4319151.493, 77
Trd, 4319152.993, 139
Trd, 4319153.293, 105
Trd, 4319153.793, 126
Trd, 4319154.843, 137
Trd, 4319155.343, 116
Trd, 4319156.843, 85
Trd, 4319157.293, 68
Trd, 4319157.643, 129
Trd, 4319157.693, 115
Trd, 4319158.593, 118
Trd, 4319158.943, 88
Trd, 4319160.293, 81
Trd, 4319161.743, 72
Trd, 4319163.243, 120
Trd, 4319164.043, 121
Trd, 4319164.293, 119
Trd, 4319165.443, 118
Trd, 4319166.043, 115
Trd, 4319166.643, 106
Trd, 4319166.993, 111
Trd, 4319167.543, 95
Trd, 4319167.843, 101
Trd, 4319169.393, 88
Trd, 4319169.793, 139
Trd, 4319170.343, 116
Trd, 4319170.493, 86
Trd, 4319172.293, 125
Trd, 4319172.543, 107
Trd, 4319175.043, 122
Trd, 4319175.393, 117
Trd, 4319176.043, 122
Trd, 4319176.293, 126
Trd, 4319176.843, 123
Trd, 4319176.993, 116
Trd, 4319178.593, 104
Trd, 4319178.693, 76
Trd, 4319179.843, 102
Trd, 4319180.343, 100
Trd, 4319181.393, 116
Trd, 4319181.643, 80
Trd, 4319182.193, 102
Trd, 4319182.843, 109
Trd, 4319182.893, 99
Trd, 4319183.843, 99
Trd, 4319185.293, 60
Trd, 4319186.093, 118
Trd, 4319186.443, 91
Trd, 4319186.793, 68
Trd, 4319187.743, 86
Trd, 4319189.093, 119
Trd, 4319189.193, 91
Trd, 4319189.893, 84
Trd, 4319190.793, 139
Trd, 4319191.243, 97
Trd, 4319191.593, 90
Trd, 4319193.043, 120
Trd, 4319193.093, 95
Trd, 4319193.443, 140
Trd, 4319195.393, 121
Trd, 4319195.893, 140
Trd, 4319195.943, 119
Trd, 4319198.743, 121
Trd, 4319198.843, 89
Trd, 4319198.993, 86
Trd, 4319199.293, 81
Trd, 4319200.243, 87
Trd, 4319200.543, 93
Trd, 4319200.793, 132
Trd, 4319201.293, 125
Trd, 4319202.743, 131
Trd, 4319203.793, 132
Trd, 4319203.843, 128
Trd, 4319205.093, 116
Trd, 4319205.593, 107
Trd, 4319205.643, 102
Trd, 4319206.693, 81
Trd, 4319207.493, 96
Trd, 4319207.893, 72
Trd, 4319208.443, 98
Trd, 4319209.193, 129
Trd, 4319210.543, 132
Trd, 4319210.793, 122
Trd, 4319210.943, 105
Trd, 4319212.043, 131
Trd, 4319212.593, 138
Trd, 4319214.043, 122
Trd, 4319214.843, 123
Trd, 4319215.193, 94
Trd, 4319215.693, 101
Trd, 4319216.043, 117
Trd, 4319216.243, 66
Trd, 4319216.693, 67
Trd, 4319219.443, 112
Trd, 4319219.493, 111
Trd, 4319220.093, 100
Trd, 4319221.093, 88
Trd, 4319221.393, 95
Trd, 4319222.693, 90
Trd, 4319223.693, 131
Trd, 4319224.393, 128
Trd, 4319225.143, 93
Trd, 4319225.293, 71
Trd, 4319225.993, 122
Trd, 4319226.043, 111
Trd, 4319226.643, 128
Trd, 4319227.093, 136
Trd, 4319229.043, 134
Trd, 4319229.493, 120
Trd, 4319230.043, 121
Trd, 4319230.193, 85
Trd, 4319231.993, 134
Trd, 4319232.143, 137
Trd, 4319232.393, 128
Trd, 4319233.643, 110
Trd, 4319233.843, 65
Trd, 4319234.543, 114
Trd, 4319235.193, 68
Trd, 4319235.543, 133
Trd, 4319236.293, 140
Trd, 4319237.743, 114
Trd, 4319238.393, 122
Trd, 4319239.693, 118
Trd, 4319240.143, 127
Trd, 4319240.893, 120
Trd, 4319241.243, 97
Trd, 4319242.493, 122
Trd, 4319243.943, 106
Trd, 4319244.793, 83
Trd, 4319244.993, 93
Trd, 4319246.243, 135
Trd, 4319246.493, 130
Trd, 4319246.893, 110
Trd, 4319248.093, 120
Trd, 4319249.593, 128
Trd, 4319250.343, 126
Trd, 4319250.493, 119
Trd, 4319251.293, 120
Trd, 4319251.543, 83
Trd, 4319252.043, 74
Trd, 4319252.343, 75
Trd, 4319253.043, 92
Trd, 4319255.443, 105
Trd, 4319256.193, 135
Trd, 4319256.893, 127
Trd, 4319257.593, 86
Trd, 4319257.793, 78
Trd, 4319258.093, 140
Trd, 4319260.393, 127
Trd, 4319260.443, 87
Trd, 4319260.593, 88
Trd, 4319261.293, 91
Trd, 4319261.593, 135
Trd, 4319263.293, 71
Trd, 4319263.843, 109
Trd, 4319264.443, 136
Trd, 4319265.293, 104
Trd, 4319265.693, 89
Trd, 4319267.093, 98
Trd, 4319267.243, 102
Trd, 4319268.493, 110
Trd, 4319269.243, 112
Trd, 4319269.943, 135
Trd, 4319270.043, 130
Trd, 4319271.343, 103
Trd, 4319272.043, 138
Trd, 4319273.343, 131
Trd, 4319274.043, 81
Trd, 4319274.693, 119
Trd, 4319275.243, 61
Trd, 4319276.593, 70
Trd, 4319277.843, 90
Trd, 4319277.993, 97
Trd, 4319278.793, 63
Trd, 4319279.343, 68
Trd, 4319280.293, 70
Trd, 4319281.693, 107
Trd, 4319283.143, 90
Trd, 4319283.743, 105
Trd, 4319284.493, 129
Trd, 4319285.043, 110
Trd, 4319285.293, 118
Trd, 4319285.593, 72
Trd, 4319286.193, 126
Trd, 4319286.493, 88
Trd, 4319286.643, 82
Trd, 4319287.143, 119
Trd, 4319288.593, 106
Trd, 4319288.893, 85
Trd, 4319289.443, 82
Trd, 4319290.693, 112
Trd, 4319290.993, 101
Trd, 4319292.443, 108
Trd, 4319294.093, 130
Trd, 4319294.893, 126
Trd, 4319296.243, 117
Trd, 4319296.543, 119
Trd, 4319296.593, 94
Trd, 4319297.193, 105
Trd, 4319297.293, 92
Trd, 4319297.643, 81
Trd, 4319299.293, 128
Trd, 4319299.693, 89
Trd, 4319300.343, 69
Trd, 4319300.843, 66
Trd, 4319300.993, 77
Trd, 4319303.593, 129
Trd, 4319304.143, 98
Trd, 4319304.893, 96
Trd, 4319305.093, 75
Trd, 4319305.793, 77
Trd, 4319306.093, 67
Trd, 4319306.293, 106
Trd, 4319308.343, 95
Trd, 4319310.143, 85
Trd, 4319310.693, 76
Trd, 4319310.793, 98
Trd, 4319311.443, 71
Trd, 4319311.693, 110
Trd, 4319312.493, 60
Trd, 4319312.843, 65
Trd, 4319314.593, 110
Trd, 4319314.943, 108
Trd, 4319315.743, 121
Trd, 4319315.843, 111
Trd, 4319316.293, 75
Trd, 4319317.643, 125
Trd, 4319317.793, 80
Trd, 4319319.993, 117
Trd, 4319320.193, 116
Trd, 4319320.393, 116
Trd, 4319321.493, 137
Trd, 4319322.243, 109
Trd, 4319322.343, 97
Trd, 4319324.593, 72
Trd, 4319325.393, 139
Trd, 4319326.293, 137
Trd, 4319326.693, 120
Trd, 4319326.943, 118
Trd, 4319327.393, 126
Trd, 4319327.593, 93
Trd, 4319329.093, 118
Trd, 4319329.543, 119
Trd, 4319331.193, 121
Trd, 4319331.293, 121
Trd, 4319331.893, 116
Trd, 4319332.693, 118
Trd, 4319333.043, 107
Trd, 4319333.493, 129
Trd, 4319334.143, 108
Trd, 4319334.543, 107
Trd, 4319335.543, 104
Trd, 4319337.043, 123
Trd, 4319337.843, 130
Trd, 4319338.793, 113
Trd, 4319340.143, 110
Trd, 4319340.893, 113
Trd, 4319340.943, 93
Trd, 4319341.543, 72
Trd, 4319342.393, 78
Trd, 4319342.543, 85
Trd, 4319344.643, 101
Trd, 4319344.943, 128
Trd, 4319345.143, 137
Trd, 4319345.393, 84
Trd, 4319346.193, 121
Trd, 4319346.293, 88
Trd, 4319348.293, 138
Trd, 4319349.393, 126
Trd, 4319349.993, 127
Trd, 4319350.143, 121
Trd, 4319350.393, 88
Trd, 4319350.943, 103
Trd, 4319351.143, 124
Trd, 4319351.993, 76
Trd, 4319353.493, 95
Trd, 4319354.343, 129
Trd, 4319355.343, 83
Trd, 4319355.893, 127
Trd, 4319355.993, 65
Trd, 4319357.343, 63
Trd, 4319358.093, 115
Trd, 4319358.393, 127
Trd, 4319358.593, 104
Trd, 4319359.693, 97
Trd, 4319360.243, 102
Trd, 4319360.343, 129
Trd, 4319361.243, 88
Trd, 4319362.143, 78
Trd, 4319362.643, 111
Trd, 4319364.093, 136
Trd, 4319364.993, 111
Trd, 4319365.043, 105
Trd, 4319366.343, 106
Trd, 4319367.343, 110
Trd, 4319367.493, 100
Trd, 4319367.943, 78
Trd, 4319368.843, 100
Trd, 4319369.793, 132
Trd, 4319370.293, 98
Trd, 4319370.743, 130
Trd, 4319371.543, 113
Trd, 4319372.443, 109
Trd, 4319372.693, 105
Trd, 4319374.343, 122
Trd, 4319375.343, 127
Trd, 4319375.893, 116
Trd, 4319376.393, 109
Trd, 4319376.693, 95
Trd, 4319377.193, 67
Trd, 4319377.843, 115
Trd, 4319378.293, 126
Trd, 4319378.343, 123
Trd, 4319379.043, 98
Trd, 4319379.293, 93
Trd, 4319379.793, 124
Trd, 4319382.193, 138
Trd, 4319382.793, 93
Trd, 4319383.793, 119
Trd, 4319384.293, 109
Trd, 4319384.443, 99
Trd, 4319384.843, 61
Trd, 4319386.493, 108
Trd, 4319386.643, 133
Trd, 4319387.493, 139
Trd, 4319387.693, 132
Trd, 4319388.743, 112
Trd, 4319390.143, 115
Trd, 4319391.393, 77
Trd, 4319391.593, 92
Trd, 4319391.643, 85
Trd, 4319391.843, 95
Trd, 4319392.043, 76
Trd, 4319394.043, 125
Trd, 4319394.293, 113
Trd, 4319394.643, 131
Trd, 4319394.693, 108
Trd, 4319395.243, 90
Trd, 4319396.043, 127
Trd, 4319398.993, 99
Trd, 4319399.543, 124
Trd, 4319399.693, 93
Trd, 4319400.243, 137
Trd, 4319401.343, 124
Trd, 4319403.193, 119
Trd, 4319405.193, 95
Trd, 4319405.293, 90
Trd, 4319406.293, 133
Trd, 4319406.393, 94
Trd, 4319407.243, 100
Trd, 4319407.593, 117
Trd, 4319407.643, 74
Trd, 4319408.843, 102
Trd, 4319409.843, 104
Trd, 4319410.143, 109
Trd, 4319410.393, 100
Trd, 4319411.093, 117
Trd, 4319411.543, 61
Trd, 4319412.243, 120
Trd, 4319413.043, 105
Trd, 4319413.693, 72
Trd, 4319413.993, 62
Trd, 4319414.593, 100
Trd, 4319416.293, 88
Trd, 4319416.893, 90
Trd, 4319416.943, 119
Trd, 4319417.243, 76
Trd, 4319417.893, 101
Trd, 4319418.043, 97
Trd, 4319421.543, 106
Trd, 4319422.093, 129
Trd, 4319422.893, 126
Trd, 4319423.843, 77
Trd, 4319424.193, 92
Trd, 4319425.293, 103
Trd, 4319425.493, 101
Trd, 4319426.193, 86
Trd, 4319426.393, 94
Trd, 4319427.593, 97
Trd, 4319427.643, 66
Trd, 4319429.493, 107
Trd, 4319430.393, 131
Trd, 4319430.443, 123
Trd, 4319431.343, 119
Trd, 4319432.693, 85
Trd, 4319433.043, 91
Trd, 4319433.493, 108
Trd, 4319434.193, 75
Trd, 4319435.443, 94
Trd, 4319437.793, 124
Trd, 4319438.193, 104
Trd, 4319438.893, 105
Trd, 4319439.593, 111
Trd, 4319439.793, 126
Trd, 4319440.243, 134
Trd, 4319440.743, 88
Trd, 4319441.593, 113
Trd, 4319441.843, 137
Trd, 4319443.443, 125
Trd, 4319443.793, 108
Trd, 4319444.193, 78
Trd, 4319444.893, 76
Trd, 4319446.993, 72
Trd, 4319447.643, 101
Trd, 4319448.343, 81
Trd, 4319448.643, 90
Trd, 4319449.193, 127
Trd, 4319449.343, 103
Trd, 4319449.743, 86
Trd, 4319451.143, 74
Trd, 4319452.893, 108
Trd, 4319453.193, 89
Trd, 4319453.693, 123
Trd, 4319454.143, 130
Trd, 4319454.593, 94
Trd, 4319456.793, 127
Trd, 4319457.143, 133
Trd, 4319457.843, 108
Trd, 4319458.343, 82
Trd, 4319459.143, 89
Trd, 4319460.893, 107
Trd, 4319460.943, 100
Trd, 4319461.293, 98
Trd, 4319461.393, 90
Trd, 4319462.543, 109
Trd, 4319463.543, 98
Trd, 4319464.493, 112
Trd, 4319464.843, 114
Trd, 4319464.943, 106
Trd, 4319465.493, 134
Trd, 4319465.893, 111
Trd, 4319467.793, 88
Trd, 4319467.893, 117
Trd, 4319468.493, 129
Trd, 4319469.393, 123
Trd, 4319470.643, 95
Trd, 4319471.393, 127
Trd, 4319471.743, 140
Trd, 4319471.893, 124
Trd, 4319472.193, 108
Trd, 4319472.643, 130
Trd, 4319473.193, 135
Trd, 4319473.593, 123
Trd, 4319475.193, 69
Trd, 4319475.993, 98
Trd, 4319476.743, 119
Trd, 4319477.093, 113
Trd, 4319477.893, 83
Trd, 4319478.343, 76
Trd, 4319479.043, 107
Trd, 4319480.093, 102
Trd, 4319480.693, 134
Trd, 4319481.293, 116
Trd, 4319481.493, 111
Trd, 4319483.093, 116
Trd, 4319484.193, 106
Trd, 4319484.543, 106
Trd, 4319484.693, 140
Trd, 4319484.993, 109
Trd, 4319485.493, 124
Trd, 4319486.943, 83
Trd, 4319488.043, 90
Trd, 4319488.593, 103
Trd, 4319489.093, 101
Trd, 4319489.193, 103
Trd, 4319489.693, 88
Trd, 4319489.793, 104
Trd, 4319490.693, 137
Trd, 4319490.843, 100
Trd, 4319491.993, 85
Trd, 4319492.443, 72
Trd, 4319493.993, 126
Trd, 4319494.293, 89
Trd, 4319494.993, 66
Trd, 4319495.443, 99
Trd, 4319496.443, 129
Trd, 4319497.343, 108
Trd, 4319497.393, 89
Trd, 4319497.643, 84
Trd, 4319498.143, 112
Trd, 4319499.743, 72
Trd, 4319499.993, 74
Trd, 4319500.743, 99
Trd, 4319501.693, 103
Trd, 4319502.443, 134
Trd, 4319503.593, 84
Trd, 4319503.793, 66
Trd, 4319504.193, 73
Trd, 4319504.543, 117
Trd, 4319505.743, 96
Trd, 4319506.393, 64
Trd, 4319507.893, 67
Trd, 4319508.493, 74
Trd, 4319508.693, 126
Trd, 4319509.093, 71
Trd, 4319509.293, 88
Trd, 4319509.443, 92
Trd, 4319510.643, 97
Trd, 4319511.793, 96
Trd, 4319511.893, 92
Trd, 4319512.193, 68
Trd, 4319512.693, 61
Trd, 4319513.643, 69
Trd, 4319515.243, 114
Trd, 4319515.843, 101
Trd, 4319516.843, 99
Trd, 4319517.393, 118
Trd, 4319517.443, 101
Trd, 4319518.543, 99
Trd, 4319518.893, 73
Trd, 4319520.093, 131
Trd, 4319521.093, 126
Trd, 4319521.143, 125
Trd, 4319522.143, 113
Trd, 4319523.593, 94
Trd, 4319523.693, 122
Trd, 4319524.493, 135
Trd, 4319525.093, 110
Trd, 4319525.393, 134
Trd, 4319526.193, 132
Trd, 4319526.493, 62
Trd, 4319527.043, 125
Trd, 4319528.793, 87
Trd, 4319529.643, 129
Trd, 4319529.893, 112
Trd, 4319530.943, 72
Trd, 4319532.043, 116
Trd, 4319532.793, 127
Trd, 4319533.893, 107
Trd, 4319534.243, 104
Trd, 4319534.343, 103
Trd, 4319534.643, 131
Trd, 4319534.993, 63
Trd, 4319535.443, 135
Trd, 4319535.643, 93
Trd, 4319536.993, 93
Trd, 4319538.243, 75
Trd, 4319538.293, 78
Trd, 4319540.393, 110
Trd, 4319540.643, 120
Trd, 4319540.993, 68
Trd, 4319541.093, 64
Trd, 4319541.943, 90
Trd, 4319542.593, 85
Trd, 4319542.943, 138
Trd, 4319543.543, 115
Trd, 4319544.543, 64
Trd, 4319544.643, 103
Trd, 4319544.993, 80
Trd, 4319546.743, 85
Trd, 4319547.693, 125
Trd, 4319547.943, 94
Trd, 4319548.293, 82
Trd, 4319548.443, 68
Trd, 4319550.443, 130
Trd, 4319550.643, 96
Trd, 4319550.943, 89
Trd, 4319551.643, 91
Trd, 4319551.993, 117
Trd, 4319552.193, 119
Trd, 4319552.843, 133
Trd, 4319553.443, 105
Trd, 4319554.093, 96
Trd, 4319554.743, 129
Trd, 4319555.443, 121
Trd, 4319555.843, 106
Trd, 4319557.293, 75
Trd, 4319559.893, 136
Trd, 4319560.443, 106
Trd, 4319560.493, 93
Trd, 4319561.943, 133
Trd, 4319562.193, 133
Trd, 4319562.793, 122
Trd, 4319563.243, 140
Trd, 4319563.643, 118
Trd, 4319564.043, 130
Trd, 4319564.393, 126
Trd, 4319564.793, 110
Trd, 4319565.343, 92
Trd, 4319566.143, 84
Trd, 4319566.193, 85
Trd, 4319567.293, 92
Trd, 4319568.043, 140
Trd, 4319568.993, 68
Trd, 4319569.593, 82
Trd, 4319569.943, 105
Trd, 4319571.443, 78
Trd, 4319572.893, 113
Trd, 4319573.943, 104
Trd, 4319574.443, 84
Trd, 4319575.243, 105
Trd, 4319576.193, 119
Trd, 4319576.243, 102
Trd, 4319576.643, 134
Trd, 4319576.743, 100
Trd, 4319577.643, 91
Trd, 4319578.843, 115
Trd, 4319579.243, 111
Trd, 4319579.443, 74
Trd, 4319580.593, 110
Trd, 4319580.843, 97
Trd, 4319581.093, 105
Trd, 4319581.743, 65
Trd, 4319583.593, 94
Trd, 4319583.643, 91
Trd, 4319584.393, 69
Trd, 4319584.693, 70
Trd, 4319585.493, 111
Trd, 4319587.543, 89
Trd, 4319587.643, 88
Trd, 4319587.993, 109
Trd, 4319588.293, 129
Trd, 4319588.743, 67
Trd, 4319589.293, 69
Trd, 4319591.493, 123
Trd, 4319592.093, 108
Trd, 4319592.743, 97
Trd, 4319593.193, 88
Trd, 4319593.543, 71
Trd, 4319593.593, 99
Trd, 4319594.093, 95
Trd, 4319595.493, 101
Trd, 4319596.943, 119
Trd, 4319597.393, 86
Trd, 4319597.493, 73
Trd, 4319597.993, 114
Trd, 4319598.843, 83
Trd, 4319599.743, 117
Trd, 4319600.193, 104
Trd, 4319601.843, 115
Trd, 4319602.043, 89
Trd, 4319602.343, 99
Trd, 4319602.393, 66
Trd, 4319605.043, 136
Trd, 4319605.393, 105
Trd, 4319606.343, 117
Trd, 4319606.593, 116
Trd, 4319607.043, 110
Trd, 4319608.143, 116
Trd, 4319609.143, 129
Trd, 4319609.893, 129
Trd, 4319612.743, 91
Trd, 4319612.843, 91
Trd, 4319613.393, 117
Trd, 4319613.543, 110
Trd, 4319614.243, 120
Trd, 4319614.593, 97
Trd, 4319615.643, 122
Trd, 4319616.993, 99
Trd, 4319617.393, 138
Trd, 4319618.443, 111
Trd, 4319618.893, 86
Trd, 4319619.193, 96
Trd, 4319619.743, 127
Trd, 4319620.193, 130
Trd, 4319620.493, 127
Trd, 4319621.893, 92
Trd, 4319622.143, 102
Trd, 4319622.793, 86
Trd, 4319623.043, 113
Trd, 4319624.193, 111
Trd, 4319624.343, 101
Trd, 4319625.393, 134
Trd, 4319627.493, 71
Trd, 4319627.693, 63
Trd, 4319627.793, 74
Trd, 4319627.943, 91
Trd, 4319628.543, 129
Trd, 4319628.993, 137
Trd, 4319631.493, 82
Trd, 4319631.943, 80
Trd, 4319632.243, 85
Trd, 4319632.843, 129
Trd, 4319633.143, 122
Trd, 4319633.943, 106
Trd, 4319634.543, 98
Trd, 4319634.793, 88
Trd, 4319636.393, 121
Trd, 4319638.243, 135
Trd, 4319638.493, 121
Trd, 4319638.543, 92
Trd, 4319638.943, 68
Trd, 4319639.793, 78
Trd, 4319639.993, 86
Trd, 4319640.443, 127
Trd, 4319640.743, 111
Trd, 4319641.043, 72
Trd, 4319641.343, 132
Trd, 4319641.693, 101
Trd, 4319642.293, 92
Trd, 4319644.543, 110
Trd, 4319644.693, 108
Trd, 4319645.143, 115
Trd, 4319646.843, 122
Trd, 4319647.243, 115
Trd, 4319647.343, 97
Trd, 4319647.943, 140
Trd, 4319649.043, 140
Trd, 4319649.193, 133
Trd, 4319649.243, 80
Trd, 4319649.393, 66
Trd, 4319649.893, 111
Trd, 4319650.993, 130
Trd, 4319651.043, 124
Trd, 4319653.093, 99
Trd, 4319653.193, 98
Trd, 4319653.343, 124
Trd, 4319653.993, 135
Trd, 4319654.193, 109
Trd, 4319655.443, 89
Trd, 4319657.793, 120
Trd, 4319657.943, 114
Trd, 4319658.093, 92
Trd, 4319658.393, 116
Trd, 4319659.043, 109
Trd, 4319660.543, 134
Trd, 4319660.843, 123
Trd, 4319661.793, 86
Trd, 4319662.193, 101
Trd, 4319663.043, 93
Trd, 4319663.443, 94
Trd, 4319664.443, 118
Trd, 4319666.293, 83
Trd, 4319666.843, 83
Trd, 4319667.243, 73
Trd, 4319667.943, 110
Trd, 4319669.043, 134
Trd, 4319671.693, 119
Trd, 4319672.393, 127
Trd, 4319673.693, 126
Trd, 4319673.943, 95
Trd, 4319674.143, 95
Trd, 4319674.493, 131
Trd, 4319674.743, 122
Trd, 4319675.193, 125
Trd, 4319676.543, 140
Trd, 4319678.093, 111
Trd, 4319678.393, 95
Trd, 4319679.093, 91
Trd, 4319679.143, 110
Trd, 4319679.243, 86
Trd, 4319679.793, 74
Trd, 4319680.643, 98
Trd, 4319680.793, 98
Trd, 4319681.943, 60
Trd, 4319681.993, 61
Trd, 4319683.143, 115
Trd, 4319683.193, 92
Trd, 4319684.293, 96
Trd, 4319684.743, 79
Trd, 4319685.243, 104
Trd, 4319687.243, 104
Trd, 4319687.493, 103
Trd, 4319687.643, 81
Trd, 4319687.893, 114
Trd, 4319688.043, 112
Trd, 4319689.393, 83
Trd, 4319689.743, 123
Trd, 4319689.843, 131
Trd, 4319690.293, 117
Trd, 4319691.343, 106
Trd, 4319691.793, 76
Trd, 4319692.243, 88
Trd, 4319693.093, 109
Trd, 4319693.893, 119
Trd, 4319694.293, 126
Trd, 4319694.393, 138
Trd, 4319695.843, 113
Trd, 4319696.193, 96
Trd, 4319696.893, 95
Trd, 4319697.143, 81
Trd, 4319697.543, 117
Trd, 4319697.593, 91
Trd, 4319698.943, 82
Trd, 4319699.393, 85
Trd, 4319700.493, 84
Trd, 4319700.943, 140
Trd, 4319701.743, 133
Trd, 4319702.343, 97
Trd, 4319703.043, 96
Trd, 4319703.543, 136
Trd, 4319703.743, 125
Trd, 4319703.993, 110
Trd, 4319704.443, 73
Trd, 4319705.293, 140
Trd, 4319705.343, 101
Trd, 4319705.443, 115
Trd, 4319707.293, 123
Trd, 4319708.093, 133
Trd, 4319708.943, 119
Trd, 4319711.143, 82
Trd, 4319711.643, 97
Trd, 4319712.593, 108
Trd, 4319714.193, 100
Trd, 4319714.943, 94
Trd, 4319715.093, 69
Trd, 4319717.043, 137
Trd, 4319717.993, 130
Trd, 4319719.093, 119
Trd, 4319719.793, 108
Trd, 4319720.643, 126
Trd, 4319720.743, 93
Trd, 4319721.093, 81
Trd, 4319721.493, 122
Trd, 4319721.543, 97
Trd, 4319722.143, 100
Trd, 4319722.943, 83
Trd, 4319723.693, 104
Trd, 4319724.143, 80
Trd, 4319724.493, 111
Trd, 4319725.043, 71
Trd, 4319726.843, 109
Trd, 4319727.543, 140
Trd, 4319728.793, 94
Trd, 4319729.893, 107
Trd, 4319729.993, 126
Trd, 4319730.543, 73
Trd, 4319732.243, 136
Trd, 4319732.493, 122
Trd, 4319732.543, 108
Trd, 4319732.993, 117
Trd, 4319734.093, 136
Trd, 4319734.343, 105
Trd, 4319734.393, 122
Trd, 4319735.243, 133
Trd, 4319735.493, 102
Trd, 4319736.493, 114
Trd, 4319737.443, 101
Trd, 4319737.593, 96
Trd, 4319738.043, 91
Trd, 4319738.543, 126
Trd, 4319738.793, 101
Trd, 4319740.443, 100
Trd, 4319740.943, 125
Trd, 4319741.943, 97
Trd, 4319742.293, 88
Trd, 4319743.743, 87
Trd, 4319743.993, 119
Trd, 4319744.743, 131
Trd, 4319744.793, 120
Trd, 4319745.843, 123
Trd, 4319746.793, 107
Trd, 4319747.493, 120
Trd, 4319748.143, 88
Trd, 4319748.493, 93
Trd, 4319748.993, 86
Trd, 4319749.993, 126
Trd, 4319750.543, 119
Trd, 4319751.093, 78
Trd, 4319752.343, 114
Trd, 4319753.543, 140
Trd, 4319753.943, 108
Trd, 4319754.793, 95
Trd, 4319755.093, 132
Trd, 4319757.143, 101
Trd, 4319757.293, 138
Trd, 4319757.893, 116
Trd, 4319758.193, 105
Trd, 4319758.293, 104
Trd, 4319759.543, 133
Trd, 4319759.643, 120
Trd, 4319759.993, 89
Trd, 4319762.143, 132
Trd, 4319763.043, 115
Trd, 4319763.243, 101
Trd, 4319763.693, 119
Trd, 4319763.893, 123
Trd, 4319764.243, 105
Trd, 4319765.543, 105
Trd, 4319766.943, 139
Trd, 4319767.193, 109
Trd, 4319767.243, 118
Trd, 4319768.643, 60
Trd, 4319769.843, 60
Trd, 4319770.543, 91
Trd, 4319771.943, 75
Trd, 4319772.493, 118
Trd, 4319772.793, 63
Trd, 4319773.443, 70
Trd, 4319773.693, 107
Trd, 4319774.193, 120
Trd, 4319775.143, 99
Trd, 4319776.593, 111
Trd, 4319776.943, 94
Trd, 4319777.293, 113
Trd, 4319778.793, 116
Trd, 4319779.393, 109
Trd, 4319779.743, 103
Trd, 4319780.643, 108
Trd, 4319780.893, 91
Trd, 4319781.243, 81
Trd, 4319782.043, 75
Trd, 4319783.393, 128
Trd, 4319783.743, 71
Trd, 4319784.593, 85
Trd, 4319784.843, 115
Trd, 4319786.143, 67
Trd, 4319786.393, 69
Trd, 4319786.493, 113
Trd, 4319787.243, 72
Trd, 4319788.343, 69
Trd, 4319789.543, 76
Trd, 4319789.693, 106
Trd, 4319790.193, 112
Trd, 4319790.343, 102
Trd, 4319791.893, 114
Trd, 4319792.793, 112
Trd, 4319793.443, 133
Trd, 4319793.493, 131
Trd, 4319794.493, 63
Trd, 4319795.843, 64
Trd, 4319796.543, 63
Trd, 4319797.143, 70
Trd, 4319797.793, 102
Trd, 4319798.593, 84
Trd, 4319798.693, 70
Trd, 4319799.343, 88
Trd, 4319801.193, 116
Trd, 4319801.293, 115
Trd, 4319801.443, 109
Trd, 4319802.543, 140
Trd, 4319804.493, 124
Trd, 4319804.943, 120
Trd, 4319805.643, 134
Trd, 4319805.793, 86
Trd, 4319807.343, 121
Trd, 4319807.543, 119
Trd, 4319807.743, 105
Trd, 4319807.893, 119
Trd, 4319808.543, 134
Trd, 4319808.593, 122
Trd, 4319810.043, 121
Trd, 4319810.393, 117
Trd, 4319810.593, 133
Trd, 4319810.743, 96
Trd, 4319811.593, 138
Trd, 4319812.143, 107
Trd, 4319815.543, 108
Trd, 4319815.793, 116
Trd, 4319816.093, 105
Trd, 4319816.343, 104
Trd, 4319816.743, 103
Trd, 4319817.243, 113
Trd, 4319819.643, 136
Trd, 4319819.743, 122
Trd, 4319820.243, 116
Trd, 4319820.743, 101
Trd, 4319821.593, 115
Trd, 4319822.193, 105
Trd, 4319822.443, 97
Trd, 4319822.893, 95
Trd, 4319822.993, 110
Trd, 4319823.643, 66
Trd, 4319825.643, 83
Trd, 4319826.493, 121
Trd, 4319826.893, 86
Trd, 4319827.793, 121
Trd, 4319828.443, 86
Trd, 4319828.643, 73
Trd, 4319828.693, 62
Trd, 4319829.743, 120
Trd, 4319830.043, 69
Trd, 4319830.293, 71
Trd, 4319832.243, 122
Trd, 4319832.443, 111
Trd, 4319834.443, 136
Trd, 4319834.593, 107
Trd, 4319835.343, 79
Trd, 4319836.243, 60
Trd, 4319837.843, 112
Trd, 4319838.143, 117
Trd, 4319838.593, 76
Trd, 4319839.393, 72
Trd, 4319839.893, 67
Trd, 4319840.343, 62
Trd, 4319841.343, 71
Trd, 4319841.893, 100
Trd, 4319842.493, 76
Trd, 4319844.243, 110
Trd, 4319844.943, 111
Trd, 4319845.193, 107
Trd, 4319845.493, 122
Trd, 4319846.493, 124
Trd, 4319848.143, 131
Trd, 4319848.593, 119
Trd, 4319848.893, 126
Trd, 4319849.493, 114
Trd, 4319850.443, 133
Trd, 4319851.443, 140
Trd, 4319852.043, 97
Trd, 4319853.493, 135
Trd, 4319853.943, 106
Trd, 4319855.193, 122
Trd, 4319856.493, 119
Trd, 4319856.693, 97
Trd, 4319857.143, 106
Trd, 4319857.993, 108
Trd, 4319859.093, 111
Trd, 4319860.093, 94
Trd, 4319860.293, 108
Trd, 4319862.093, 117
Trd, 4319862.243, 122
Trd, 4319862.793, 99
Trd, 4319862.843, 96
Trd, 4319863.893, 103
Trd, 4319864.393, 105
Trd, 4319865.143, 119
Trd, 4319865.293, 110
Trd, 4319866.443, 131
Trd, 4319866.993, 115
Trd, 4319867.393, 110
Trd, 4319868.393, 132
Trd, 4319868.843, 112
Trd, 4319869.593, 118
Trd, 4319870.843, 120
Trd, 4319870.993, 129
Trd, 4319871.593, 116
Trd, 4319871.643, 108
Trd, 4319872.093, 131
Trd, 4319872.243, 106
Trd, 4319872.993, 66
Trd, 4319875.243, 81
Trd, 4319875.443, 105
Trd, 4319876.343, 111
Trd, 4319876.593, 118
Trd, 4319876.793, 62
Trd, 4319877.693, 134
Trd, 4319878.693, 110
Trd, 4319878.843, 110
Trd, 4319879.093, 113
Trd, 4319879.843, 108
Trd, 4319880.793, 106
Trd, 4319882.193, 138
Trd, 4319883.193, 111
Trd, 4319883.243, 96
Trd, 4319883.593, 85
Trd, 4319884.743, 133
Trd, 4319887.043, 134
Trd, 4319887.193, 118
Trd, 4319888.443, 134
Trd, 4319889.393, 131
Trd, 4319890.193, 139
Trd, 4319890.543, 92
Trd, 4319891.393, 81
Trd, 4319891.993, 82
Trd, 4319892.993, 138
Trd, 4319893.093, 130
Trd, 4319894.143, 61
Trd, 4319894.643, 79
Trd, 4319895.293, 112
Trd, 4319895.643, 109
Trd, 4319896.443, 92
Trd, 4319897.243, 134
Trd, 4319897.693, 87
Trd, 4319898.943, 112
Trd, 4319899.443, 84
Trd, 4319902.093, 107
Trd, 4319902.443, 91
Trd, 4319902.643, 106
Trd, 4319903.693, 140
Trd, 4319904.243, 120
Trd, 4319904.543, 108
Trd, 4319906.093, 127
Trd, 4319906.643, 103
Trd, 4319906.743, 79
Trd, 4319907.843, 117
Trd, 4319908.193, 98
Trd, 4319910.093, 136
Trd, 4319910.193, 124
Trd, 4319911.193, 86
Trd, 4319911.593, 115
Trd, 4319911.843, 99
Trd, 4319912.693, 61
Trd, 4319914.193, 100
Trd, 4319915.843, 98
Trd, 4319917.643, 111
Trd, 4319917.993, 94
Trd, 4319918.093, 82
Trd, 4319919.393, 136
Trd, 4319919.493, 119
Trd, 4319920.443, 105
Trd, 4319920.743, 83
Trd, 4319920.793, 110
Trd, 4319922.343, 115
Trd, 4319922.393, 114
Trd, 4319922.593, 112
Trd, 4319922.743, 115
Trd, 4319922.893, 72
Trd, 4319923.093, 71
Trd, 4319924.993, 100
Trd, 4319926.293, 111
Trd, 4319928.193, 117
Trd, 4319928.243, 99
Trd, 4319928.543, 86
Trd, 4319929.243, 108
Trd, 4319929.343, 108
Trd, 4319931.293, 91
Trd, 4319931.443, 79
Trd, 4319931.943, 91
Trd, 4319933.443, 105
Trd, 4319933.893, 100
Trd, 4319935.393, 64
Trd, 4319936.143, 102
Trd, 4319936.993, 82
Trd, 4319937.743, 108
Trd, 4319938.143, 94
Trd, 4319938.293, 83
Trd, 4319939.993, 95
Trd, 4319941.243, 110
Trd, 4319941.393, 122
Trd, 4319942.043, 109
Trd, 4319942.743, 77
Trd, 4319943.393, 108
Trd, 4319945.343, 107
Trd, 4319946.643, 122
Trd, 4319946.843, 108
Trd, 4319947.593, 86
Trd, 4319948.093, 75
Trd, 4319949.993, 123
Trd, 4319950.193, 105
Trd, 4319950.393, 118
Trd, 4319952.143, 106
Trd, 4319952.243, 100
Trd, 4319954.143, 139
Trd, 4319954.293, 134
Trd, 4319954.943, 133
Trd, 4319955.393, 108
Trd, 4319955.843, 106
Trd, 4319956.743, 96
Trd, 4319957.393, 128
Trd, 4319957.543, 98
Trd, 4319957.893, 124
Trd, 4319959.443, 109
Trd, 4319960.593, 131
Trd, 4319961.393, 127
Trd, 4319962.343, 119
Trd, 4319962.793, 118
Trd, 4319963.243, 102
Trd, 4319964.143, 93
Trd, 4319964.443, 118
Trd, 4319964.693, 92
Trd, 4319966.193, 100
Trd, 4319967.093, 91
Trd, 4319968.093, 98
Trd, 4319968.993, 74
Trd, 4319970.093, 97
Trd, 4319970.293, 86
Trd, 4319971.493, 86
Trd, 4319971.793, 99
Trd, 4319972.293, 105
Trd, 4319972.443, 78
Trd, 4319973.543, 135
Trd, 4319974.443, 102
Trd, 4319974.943, 95
Trd, 4319976.093, 90
Trd, 4319976.293, 102
Trd, 4319978.043, 86
Trd, 4319978.093, 107
Trd, 4319978.693, 102
Trd, 4319978.943, 119
Trd, 4319979.093, 133
Trd, 4319979.693, 127
Trd, 4319980.393, 61
Trd, 4319981.543, 62
Trd, 4319981.643, 92
Trd, 4319981.943, 63
Trd, 4319982.343, 88
Trd, 4319982.793, 62
Trd, 4319982.943, 98
Trd, 4319983.543, 61
Trd, 4319984.193, 74
Trd, 4319984.493, 100
Trd, 4319985.143, 73
Trd, 4319986.293, 122
Trd, 4319986.543, 116
Trd, 4319986.893, 122
Trd, 4319988.393, 92
Trd, 4319989.593, 100
Trd, 4319990.543, 101
Trd, 4319990.593, 88
Trd, 4319991.993, 101
Trd, 4319992.793, 85
Trd, 4319993.293, 77
Trd, 4319993.993, 81
Trd, 4319995.393, 119
Trd, 4319995.843, 99
Trd, 4319996.293, 131
Trd, 4319996.593, 110
Trd, 4319997.193, 137
Trd, 4319998.993, 135
Trd, 4319999.193, 134
Trd, 4319999.693, 128
