Trd, 4318183.343, 61
Trd, 4318184.193, 65
Trd, 4318184.643, 64
Trd, 4318186.043, 61
Trd, 4318186.943, 60
Trd, 4318187.843, 60
Trd, 4318188.093, 66
Trd, 4318188.443, 92
Trd, 4318190.393, 62
Trd, 4318191.043, 60
Trd, 4318192.293, 61
Trd, 4318192.443, 61
Trd, 4318192.793, 60
Trd, 4318194.443, 61
Trd, 4318194.793, 62
Trd, 4318194.893, 66
Trd, 4318195.693, 66
Trd, 4318196.593, 114
Trd, 4318197.343, 137
Trd, 4318197.943, 140
Trd, 4318198.243, 139
Trd, 4318198.743, 97
Trd, 4318199.543, 62
Trd, 4318200.043, 63
Trd, 4318201.093, 117
Trd, 4318201.243, 140
Trd, 4318201.693, 83
Trd, 4318202.293, 128
Trd, 4318203.193, 61
Trd, 4318203.543, 110
Trd, 4318204.143, 138
Trd, 4318204.743, 94
Trd, 4318204.893, 93
Trd, 4318205.193, 79
Trd, 4318205.843, 140
Trd, 4318206.943, 117
Trd, 4318207.943, 104
Trd, 4318208.343, 70
Trd, 4318209.293, 70
Trd, 4318209.893, 111
Trd, 4318210.743, 62
Trd, 4318210.843, 63
Trd, 4318211.943, 61
Trd, 4318212.143, 64
Trd, 4318212.843, 66
Trd, 4318213.243, 78
Trd, 4318214.243, 67
Trd, 4318214.343, 66
Trd, 4318215.443, 95
Trd, 4318215.793, 73
Trd, 4318216.893, 64
Trd, 4318217.093, 79
Trd, 4318217.393, 112
Trd, 4318218.243, 60
Trd, 4318219.493, 65
Trd, 4318219.743, 60
Trd, 4318219.793, 68
Trd, 4318220.193, 83
Trd, 4318220.543, 70
Trd, 4318222.243, 80
Trd, 4318223.143, 64
Trd, 4318224.593, 66
Trd, 4318225.043, 61
Trd, 4318225.843, 60
Trd, 4318225.943, 72
Trd, 4318226.243, 87
Trd, 4318227.443, 68
Trd, 4318228.143, 71
Trd, 4318228.893, 81
Trd, 4318229.093, 106
Trd, 4318229.593, 132
Trd, 4318230.043, 117
Trd, 4318230.593, 116
Trd, 4318231.543, 102
Trd, 4318231.793, 83
Trd, 4318232.693, 95
Trd, 4318233.543, 70
Trd, 4318234.093, 60
Trd, 4318234.143, 61
Trd, 4318236.443, 60
Trd, 4318236.643, 60
Trd, 4318237.093, 60
Trd, 4318237.743, 63
Trd, 4318237.793, 64
Trd, 4318238.243, 66
Trd, 4318238.943, 75
Trd, 4318239.593, 110
Trd, 4318239.843, 106
Trd, 4318240.443, 120
Trd, 4318240.593, 128
Trd, 4318240.943, 105
Trd, 4318242.143, 93
Trd, 4318242.343, 90
Trd, 4318243.343, 74
Trd, 4318243.793, 81
Trd, 4318244.343, 65
Trd, 4318244.443, 67
Trd, 4318246.143, 89
Trd, 4318246.793, 77
Trd, 4318246.993, 76
Trd, 4318247.393, 75
Trd, 4318247.493, 107
Trd, 4318247.743, 60
Trd, 4318248.493, 60
Trd, 4318248.593, 64
Trd, 4318250.643, 60
Trd, 4318251.043, 63
Trd, 4318251.143, 64
Trd, 4318251.193, 73
Trd, 4318251.843, 67
Trd, 4318253.493, 63
Trd, 4318254.293, 63
Trd, 4318254.793, 65
Trd, 4318255.143, 104
Trd, 4318256.343, 67
Trd, 4318258.193, 60
Trd, 4318258.443, 60
Trd, 4318259.093, 63
Trd, 4318260.193, 63
Trd, 4318260.793, 64
Trd, 4318261.543, 65
Trd, 4318261.893, 67
Trd, 4318262.293, 72
Trd, 4318262.493, 61
Trd, 4318263.343, 60
Trd, 4318263.743, 125
Trd, 4318264.193, 72
Trd, 4318264.793, 61
Trd, 4318265.193, 75
Trd, 4318266.593, 60
Trd, 4318267.693, 67
Trd, 4318268.193, 71
Trd, 4318268.443, 72
Trd, 4318268.793, 75
Trd, 4318269.393, 61
Trd, 4318269.993, 108
Trd, 4318270.643, 60
Trd, 4318271.393, 63
Trd, 4318271.993, 77
Trd, 4318272.593, 76
Trd, 4318272.993, 77
Trd, 4318273.443, 76
Trd, 4318273.843, 126
Trd, 4318275.093, 66
Trd, 4318276.643, 140
Trd, 4318276.693, 140
Trd, 4318276.993, 61
Trd, 4318278.493, 71
Trd, 4318279.093, 82
Trd, 4318279.593, 95
Trd, 4318279.643, 79
Trd, 4318279.993, 140
Trd, 4318280.443, 140
Trd, 4318280.893, 68
Trd, 4318282.093, 128
Trd, 4318282.693, 80
Trd, 4318282.893, 135
Trd, 4318283.543, 78
Trd, 4318284.293, 85
Trd, 4318285.143, 139
Trd, 4318286.493, 140
Trd, 4318287.693, 140
Trd, 4318287.993, 117
Trd, 4318288.293, 139
Trd, 4318288.493, 102
Trd, 4318289.293, 138
Trd, 4318290.043, 124
Trd, 4318290.343, 107
Trd, 4318291.243, 126
Trd, 4318291.993, 109
Trd, 4318292.643, 138
Trd, 4318293.043, 138
Trd, 4318293.143, 137
Trd, 4318293.393, 101
Trd, 4318293.893, 84
Trd, 4318295.343, 140
Trd, 4318297.343, 131
Trd, 4318298.143, 139
Trd, 4318298.343, 136
Trd, 4318298.393, 106
Trd, 4318299.643, 114
Trd, 4318300.243, 140
Trd, 4318300.343, 140
Trd, 4318300.493, 140
Trd, 4318300.543, 90
Trd, 4318301.143, 127
Trd, 4318301.843, 79
Trd, 4318302.193, 68
Trd, 4318302.793, 60
Trd, 4318302.893, 62
Trd, 4318304.393, 122
Trd, 4318304.543, 118
Trd, 4318305.343, 118
Trd, 4318305.493, 96
Trd, 4318306.443, 80
Trd, 4318306.993, 78
Trd, 4318307.243, 73
Trd, 4318308.643, 131
Trd, 4318309.343, 140
Trd, 4318309.493, 137
Trd, 4318309.943, 99
Trd, 4318311.543, 98
Trd, 4318312.293, 92
Trd, 4318312.643, 65
Trd, 4318312.943, 60
Trd, 4318313.143, 93
Trd, 4318313.543, 63
Trd, 4318315.143, 138
Trd, 4318316.043, 129
Trd, 4318316.243, 128
Trd, 4318316.693, 138
Trd, 4318317.043, 135
Trd, 4318317.243, 91
Trd, 4318318.993, 72
Trd, 4318319.093, 115
Trd, 4318319.643, 93
Trd, 4318320.193, 139
Trd, 4318320.993, 63
Trd, 4318321.943, 66
Trd, 4318321.993, 76
Trd, 4318322.393, 140
Trd, 4318323.443, 136
Trd, 4318323.543, 126
Trd, 4318324.043, 138
Trd, 4318324.443, 126
Trd, 4318325.093, 112
Trd, 4318325.543, 62
Trd, 4318325.893, 77
Trd, 4318326.593, 61
Trd, 4318327.193, 72
Trd, 4318327.443, 71
Trd, 4318327.893, 137
Trd, 4318329.043, 91
Trd, 4318329.143, 93
Trd, 4318329.443, 71
Trd, 4318329.543, 62
Trd, 4318329.843, 72
Trd, 4318331.143, 61
Trd, 4318332.493, 61
Trd, 4318333.043, 64
Trd, 4318333.293, 62
Trd, 4318334.093, 91
Trd, 4318334.243, 75
Trd, 4318334.943, 76
Trd, 4318335.643, 61
Trd, 4318336.743, 61
Trd, 4318337.893, 64
Trd, 4318338.343, 62
Trd, 4318338.793, 61
Trd, 4318339.443, 60
Trd, 4318340.193, 60
Trd, 4318340.993, 61
Trd, 4318341.593, 60
Trd, 4318341.693, 63
Trd, 4318341.993, 70
Trd, 4318343.843, 67
Trd, 4318343.993, 67
Trd, 4318344.143, 68
Trd, 4318344.293, 140
Trd, 4318345.243, 60
Trd, 4318345.593, 101
Trd, 4318346.343, 60
Trd, 4318347.243, 65
Trd, 4318348.543, 66
Trd, 4318348.593, 63
Trd, 4318349.193, 67
Trd, 4318349.743, 60
Trd, 4318350.093, 90
Trd, 4318351.943, 62
Trd, 4318352.143, 63
Trd, 4318352.343, 66
Trd, 4318353.543, 61
Trd, 4318353.743, 69
Trd, 4318354.493, 62
Trd, 4318354.543, 65
Trd, 4318355.643, 66
Trd, 4318356.043, 125
Trd, 4318356.543, 92
Trd, 4318356.893, 91
Trd, 4318357.893, 67
Trd, 4318358.593, 68
Trd, 4318358.893, 69
Trd, 4318359.193, 134
Trd, 4318359.493, 138
Trd, 4318360.343, 139
Trd, 4318362.443, 60
Trd, 4318362.793, 61
Trd, 4318363.743, 60
Trd, 4318364.143, 61
Trd, 4318364.493, 66
Trd, 4318365.093, 86
Trd, 4318365.293, 84
Trd, 4318366.493, 85
Trd, 4318366.643, 77
Trd, 4318367.643, 77
Trd, 4318368.143, 70
Trd, 4318369.143, 89
Trd, 4318369.243, 128
Trd, 4318369.593, 104
Trd, 4318370.393, 78
Trd, 4318370.693, 106
Trd, 4318371.443, 140
Trd, 4318372.243, 131
Trd, 4318373.043, 93
Trd, 4318373.293, 91
Trd, 4318373.343, 93
Trd, 4318373.443, 135
Trd, 4318375.593, 61
Trd, 4318375.743, 62
Trd, 4318376.043, 61
Trd, 4318376.543, 62
Trd, 4318376.593, 97
Trd, 4318377.043, 106
Trd, 4318378.793, 84
Trd, 4318379.343, 133
Trd, 4318380.343, 137
Trd, 4318380.793, 133
Trd, 4318381.043, 140
Trd, 4318381.743, 121
Trd, 4318381.943, 135
Trd, 4318382.293, 87
Trd, 4318383.243, 139
Trd, 4318383.793, 112
Trd, 4318384.793, 139
Trd, 4318384.993, 86
Trd, 4318385.243, 93
Trd, 4318386.993, 140
Trd, 4318387.143, 102
Trd, 4318387.993, 137
Trd, 4318389.243, 136
Trd, 4318389.693, 113
Trd, 4318389.993, 109
Trd, 4318390.343, 113
Trd, 4318390.393, 102
Trd, 4318391.593, 140
Trd, 4318391.793, 94
Trd, 4318391.993, 92
Trd, 4318393.293, 115
Trd, 4318393.643, 87
Trd, 4318394.343, 63
Trd, 4318395.543, 140
Trd, 4318396.643, 139
Trd, 4318396.843, 128
Trd, 4318397.043, 127
Trd, 4318397.343, 103
Trd, 4318398.343, 139
Trd, 4318398.543, 121
Trd, 4318399.743, 140
Trd, 4318400.643, 119
Trd, 4318400.893, 132
Trd, 4318401.393, 121
Trd, 4318402.543, 134
Trd, 4318402.843, 133
Trd, 4318402.943, 115
Trd, 4318404.393, 140
Trd, 4318405.293, 140
Trd, 4318406.493, 140
Trd, 4318406.643, 136
Trd, 4318407.593, 129
Trd, 4318408.193, 140
Trd, 4318408.443, 140
Trd, 4318408.743, 139
Trd, 4318409.643, 134
Trd, 4318410.193, 130
Trd, 4318410.993, 123
Trd, 4318411.743, 99
Trd, 4318411.993, 98
Trd, 4318412.643, 108
Trd, 4318412.743, 126
Trd, 4318413.793, 140
Trd, 4318414.093, 68
Trd, 4318415.543, 77
Trd, 4318415.943, 60
Trd, 4318416.143, 71
Trd, 4318416.343, 84
Trd, 4318418.293, 65
Trd, 4318418.543, 62
Trd, 4318419.743, 62
Trd, 4318419.793, 69
Trd, 4318420.793, 64
Trd, 4318421.443, 70
Trd, 4318422.543, 60
Trd, 4318422.593, 69
Trd, 4318423.343, 84
Trd, 4318423.943, 71
Trd, 4318425.993, 62
Trd, 4318426.093, 65
Trd, 4318427.293, 63
Trd, 4318427.393, 125
Trd, 4318427.743, 62
Trd, 4318428.043, 60
Trd, 4318429.093, 68
Trd, 4318429.843, 60
Trd, 4318430.043, 70
Trd, 4318431.093, 140
Trd, 4318431.443, 140
Trd, 4318431.743, 140
Trd, 4318432.293, 70
Trd, 4318433.043, 92
Trd, 4318433.443, 140
Trd, 4318433.943, 131
Trd, 4318434.693, 97
Trd, 4318435.593, 60
Trd, 4318436.043, 66
Trd, 4318437.093, 133
Trd, 4318437.593, 126
Trd, 4318437.843, 140
Trd, 4318438.743, 140
Trd, 4318439.443, 116
Trd, 4318439.493, 114
Trd, 4318441.643, 137
Trd, 4318442.343, 139
Trd, 4318442.943, 125
Trd, 4318443.193, 131
Trd, 4318443.293, 119
Trd, 4318444.343, 138
Trd, 4318444.593, 93
Trd, 4318444.943, 78
Trd, 4318445.343, 97
Trd, 4318446.043, 95
Trd, 4318448.593, 86
Trd, 4318448.693, 66
Trd, 4318449.893, 70
Trd, 4318450.043, 90
Trd, 4318451.143, 109
Trd, 4318451.493, 129
Trd, 4318451.793, 110
Trd, 4318452.043, 111
Trd, 4318453.643, 140
Trd, 4318454.043, 138
Trd, 4318454.593, 107
Trd, 4318455.593, 118
Trd, 4318456.293, 101
Trd, 4318456.393, 105
Trd, 4318456.543, 120
Trd, 4318457.093, 107
Trd, 4318457.743, 140
Trd, 4318459.693, 128
Trd, 4318459.843, 127
Trd, 4318460.443, 116
Trd, 4318460.793, 130
Trd, 4318461.243, 137
Trd, 4318461.793, 103
Trd, 4318462.693, 138
Trd, 4318462.843, 106
Trd, 4318463.393, 138
Trd, 4318464.043, 84
Trd, 4318464.593, 107
Trd, 4318465.193, 62
Trd, 4318465.643, 120
Trd, 4318466.843, 137
Trd, 4318467.493, 134
Trd, 4318468.243, 139
Trd, 4318468.993, 115
Trd, 4318469.243, 92
Trd, 4318470.593, 139
Trd, 4318470.893, 138
Trd, 4318470.943, 132
Trd, 4318471.343, 120
Trd, 4318472.443, 124
Trd, 4318472.593, 113
Trd, 4318473.493, 128
Trd, 4318473.743, 73
Trd, 4318473.993, 74
Trd, 4318474.143, 61
Trd, 4318475.243, 60
Trd, 4318475.843, 62
Trd, 4318476.493, 134
Trd, 4318476.543, 133
Trd, 4318477.393, 140
Trd, 4318478.043, 115
Trd, 4318478.643, 136
Trd, 4318479.643, 140
Trd, 4318480.043, 115
Trd, 4318480.593, 86
Trd, 4318481.093, 84
Trd, 4318481.543, 140
Trd, 4318482.743, 94
Trd, 4318482.993, 95
Trd, 4318483.543, 138
Trd, 4318483.843, 67
Trd, 4318485.493, 105
Trd, 4318486.443, 134
Trd, 4318486.943, 133
Trd, 4318487.993, 140
Trd, 4318488.393, 139
Trd, 4318489.043, 137
Trd, 4318489.793, 133
Trd, 4318490.593, 113
Trd, 4318490.643, 112
Trd, 4318491.593, 62
Trd, 4318491.893, 60
Trd, 4318492.743, 94
Trd, 4318493.193, 89
Trd, 4318493.643, 137
Trd, 4318494.243, 136
Trd, 4318494.793, 63
Trd, 4318495.693, 86
Trd, 4318496.293, 88
Trd, 4318496.593, 79
Trd, 4318497.043, 83
Trd, 4318497.343, 102
Trd, 4318497.493, 104
Trd, 4318497.943, 61
Trd, 4318498.493, 94
Trd, 4318498.893, 75
Trd, 4318500.093, 86
Trd, 4318500.393, 94
Trd, 4318501.893, 60
Trd, 4318502.093, 127
Trd, 4318502.843, 64
Trd, 4318504.143, 70
Trd, 4318504.843, 120
Trd, 4318505.993, 102
Trd, 4318506.043, 101
Trd, 4318506.293, 140
Trd, 4318507.543, 125
Trd, 4318507.743, 70
Trd, 4318509.393, 68
Trd, 4318509.893, 74
Trd, 4318510.193, 74
Trd, 4318510.343, 64
Trd, 4318510.693, 70
Trd, 4318510.793, 115
Trd, 4318512.443, 61
Trd, 4318512.543, 60
Trd, 4318512.643, 62
Trd, 4318513.143, 106
Trd, 4318513.343, 94
Trd, 4318513.393, 86
Trd, 4318514.293, 115
Trd, 4318515.843, 83
Trd, 4318516.793, 140
Trd, 4318516.993, 140
Trd, 4318517.893, 130
Trd, 4318517.993, 123
Trd, 4318518.243, 115
Trd, 4318518.343, 94
Trd, 4318519.143, 64
Trd, 4318520.193, 60
Trd, 4318520.843, 61
Trd, 4318521.993, 63
Trd, 4318522.043, 61
Trd, 4318522.293, 112
Trd, 4318522.843, 136
Trd, 4318523.293, 101
Trd, 4318524.143, 140
Trd, 4318524.593, 119
Trd, 4318525.843, 140
Trd, 4318526.243, 140
Trd, 4318526.793, 120
Trd, 4318527.143, 118
Trd, 4318528.043, 107
Trd, 4318529.443, 139
Trd, 4318530.493, 138
Trd, 4318530.793, 126
Trd, 4318531.343, 129
Trd, 4318531.493, 123
Trd, 4318532.443, 140
Trd, 4318532.643, 140
Trd, 4318532.743, 106
Trd, 4318532.993, 118
Trd, 4318533.893, 120
Trd, 4318535.343, 140
Trd, 4318535.993, 109
Trd, 4318536.043, 94
Trd, 4318536.443, 120
Trd, 4318536.493, 104
Trd, 4318536.543, 77
Trd, 4318536.643, 124
Trd, 4318538.193, 131
Trd, 4318538.443, 130
Trd, 4318538.693, 139
Trd, 4318539.643, 67
Trd, 4318541.343, 139
Trd, 4318542.093, 88
Trd, 4318542.493, 121
Trd, 4318542.743, 60
Trd, 4318543.943, 66
Trd, 4318544.143, 67
Trd, 4318544.643, 64
Trd, 4318545.393, 91
Trd, 4318546.293, 113
Trd, 4318546.993, 112
Trd, 4318547.343, 140
Trd, 4318548.043, 140
Trd, 4318548.343, 139
Trd, 4318549.243, 91
Trd, 4318550.143, 140
Trd, 4318550.793, 140
Trd, 4318551.193, 140
Trd, 4318552.293, 117
Trd, 4318552.543, 113
Trd, 4318552.943, 140
Trd, 4318553.743, 140
Trd, 4318554.243, 112
Trd, 4318555.843, 137
Trd, 4318555.943, 109
Trd, 4318556.093, 77
Trd, 4318557.443, 103
Trd, 4318558.493, 60
Trd, 4318558.943, 104
Trd, 4318560.093, 76
Trd, 4318561.093, 100
Trd, 4318561.893, 91
Trd, 4318561.993, 84
Trd, 4318562.343, 101
Trd, 4318563.093, 139
Trd, 4318563.693, 72
Trd, 4318564.493, 61
Trd, 4318564.643, 64
Trd, 4318564.893, 60
Trd, 4318566.793, 93
Trd, 4318566.993, 79
Trd, 4318567.893, 140
Trd, 4318568.193, 140
Trd, 4318568.643, 140
Trd, 4318569.393, 99
Trd, 4318569.943, 128
Trd, 4318570.443, 94
Trd, 4318570.693, 137
Trd, 4318571.093, 128
Trd, 4318571.243, 105
Trd, 4318571.843, 139
Trd, 4318572.893, 76
Trd, 4318573.293, 88
Trd, 4318574.143, 74
Trd, 4318574.793, 65
Trd, 4318576.343, 63
Trd, 4318576.443, 73
Trd, 4318576.893, 71
Trd, 4318577.893, 68
Trd, 4318579.093, 61
Trd, 4318579.393, 62
Trd, 4318580.443, 72
Trd, 4318581.593, 65
Trd, 4318582.593, 63
Trd, 4318583.043, 68
Trd, 4318584.993, 60
Trd, 4318585.143, 60
Trd, 4318585.393, 62
Trd, 4318585.893, 60
Trd, 4318586.493, 63
Trd, 4318587.143, 64
Trd, 4318587.593, 72
Trd, 4318588.043, 106
Trd, 4318588.243, 64
Trd, 4318589.443, 115
Trd, 4318589.493, 114
Trd, 4318590.293, 64
Trd, 4318590.593, 103
Trd, 4318591.893, 92
Trd, 4318593.143, 137
Trd, 4318593.293, 135
Trd, 4318593.343, 130
Trd, 4318593.793, 137
Trd, 4318593.993, 117
Trd, 4318595.443, 137
Trd, 4318596.093, 87
Trd, 4318596.443, 86
Trd, 4318597.193, 99
Trd, 4318597.293, 97
Trd, 4318597.893, 105
Trd, 4318598.743, 140
Trd, 4318599.593, 134
Trd, 4318599.993, 67
Trd, 4318601.943, 62
Trd, 4318602.193, 63
Trd, 4318603.393, 60
Trd, 4318603.593, 63
Trd, 4318604.243, 62
Trd, 4318605.543, 60
Trd, 4318605.743, 60
Trd, 4318606.043, 65
Trd, 4318606.193, 79
Trd, 4318606.843, 68
Trd, 4318607.543, 61
Trd, 4318608.643, 65
Trd, 4318608.793, 61
Trd, 4318609.193, 116
Trd, 4318609.493, 115
Trd, 4318610.993, 136
Trd, 4318611.543, 131
Trd, 4318611.743, 119
Trd, 4318612.093, 64
Trd, 4318613.143, 65
Trd, 4318614.893, 60
Trd, 4318615.843, 60
Trd, 4318616.593, 61
Trd, 4318617.393, 61
Trd, 4318618.143, 94
Trd, 4318618.443, 71
Trd, 4318618.593, 70
Trd, 4318618.743, 67
Trd, 4318619.193, 107
Trd, 4318620.543, 62
Trd, 4318620.593, 63
Trd, 4318621.493, 61
Trd, 4318622.393, 60
Trd, 4318623.493, 70
Trd, 4318624.743, 71
Trd, 4318625.193, 140
Trd, 4318625.393, 140
Trd, 4318626.093, 133
Trd, 4318626.143, 116
Trd, 4318627.043, 136
Trd, 4318627.443, 128
Trd, 4318628.243, 115
Trd, 4318628.743, 63
Trd, 4318629.693, 62
Trd, 4318630.343, 62
Trd, 4318630.543, 63
Trd, 4318631.043, 69
Trd, 4318631.593, 63
Trd, 4318631.693, 69
Trd, 4318632.893, 140
Trd, 4318633.193, 122
Trd, 4318633.393, 98
Trd, 4318633.543, 83
Trd, 4318633.593, 67
Trd, 4318635.843, 60
Trd, 4318636.593, 60
Trd, 4318636.793, 69
Trd, 4318637.793, 62
Trd, 4318638.293, 67
Trd, 4318638.393, 60
Trd, 4318639.443, 65
Trd, 4318639.843, 70
Trd, 4318640.993, 69
Trd, 4318641.193, 69
Trd, 4318641.643, 77
Trd, 4318642.193, 67
Trd, 4318642.293, 67
Trd, 4318643.243, 66
Trd, 4318643.643, 92
Trd, 4318645.393, 61
Trd, 4318645.743, 64
Trd, 4318646.143, 64
Trd, 4318646.193, 65
Trd, 4318647.493, 140
Trd, 4318647.643, 120
Trd, 4318648.043, 64
Trd, 4318648.343, 133
Trd, 4318648.543, 117
Trd, 4318649.343, 87
Trd, 4318649.393, 86
Trd, 4318650.193, 78
Trd, 4318651.043, 140
Trd, 4318651.643, 140
Trd, 4318652.043, 100
Trd, 4318652.943, 85
Trd, 4318652.993, 89
Trd, 4318653.243, 90
Trd, 4318655.143, 60
Trd, 4318655.543, 68
Trd, 4318656.043, 102
Trd, 4318656.793, 61
Trd, 4318657.793, 67
Trd, 4318657.993, 74
Trd, 4318658.543, 60
Trd, 4318659.143, 60
Trd, 4318659.243, 62
Trd, 4318659.393, 69
Trd, 4318659.593, 131
Trd, 4318661.593, 140
Trd, 4318661.843, 140
Trd, 4318662.143, 140
Trd, 4318663.043, 140
Trd, 4318663.243, 140
Trd, 4318663.343, 80
Trd, 4318664.393, 113
Trd, 4318665.393, 126
Trd, 4318665.843, 139
Trd, 4318666.993, 69
Trd, 4318668.093, 125
Trd, 4318668.143, 115
Trd, 4318669.643, 139
Trd, 4318669.793, 77
Trd, 4318670.343, 86
Trd, 4318671.243, 140
Trd, 4318671.693, 137
Trd, 4318671.893, 73
Trd, 4318672.893, 68
Trd, 4318673.243, 107
Trd, 4318673.293, 101
Trd, 4318674.043, 136
Trd, 4318675.343, 60
Trd, 4318676.143, 61
Trd, 4318676.293, 63
Trd, 4318676.543, 69
Trd, 4318677.843, 74
Trd, 4318678.293, 76
Trd, 4318678.393, 63
Trd, 4318678.643, 87
Trd, 4318679.893, 60
Trd, 4318681.243, 63
Trd, 4318681.493, 65
Trd, 4318681.643, 77
Trd, 4318681.943, 101
Trd, 4318683.693, 138
Trd, 4318684.343, 138
Trd, 4318684.543, 137
Trd, 4318687.143, 140
Trd, 4318687.293, 140
Trd, 4318687.743, 140
Trd, 4318687.993, 132
Trd, 4318688.243, 123
Trd, 4318688.843, 128
Trd, 4318689.043, 106
Trd, 4318689.793, 140
Trd, 4318689.943, 119
Trd, 4318690.993, 140
Trd, 4318691.343, 140
Trd, 4318692.893, 139
Trd, 4318693.643, 139
Trd, 4318693.843, 124
Trd, 4318694.543, 125
Trd, 4318695.493, 70
Trd, 4318696.893, 62
Trd, 4318697.093, 63
Trd, 4318697.193, 65
Trd, 4318697.793, 66
Trd, 4318698.243, 75
Trd, 4318699.593, 62
Trd, 4318700.793, 62
Trd, 4318701.493, 67
Trd, 4318702.243, 62
Trd, 4318702.443, 62
Trd, 4318703.193, 62
Trd, 4318703.893, 62
Trd, 4318704.443, 65
Trd, 4318704.893, 65
Trd, 4318704.993, 63
Trd, 4318705.343, 71
Trd, 4318706.443, 140
Trd, 4318707.393, 140
Trd, 4318707.493, 103
Trd, 4318708.943, 112
Trd, 4318709.543, 69
Trd, 4318709.743, 82
Trd, 4318710.143, 64
Trd, 4318710.943, 66
Trd, 4318711.293, 68
Trd, 4318711.443, 133
Trd, 4318712.393, 64
Trd, 4318712.543, 67
Trd, 4318714.443, 140
Trd, 4318715.193, 140
Trd, 4318715.743, 140
Trd, 4318715.943, 138
Trd, 4318716.343, 134
Trd, 4318717.093, 140
Trd, 4318718.293, 121
Trd, 4318719.093, 60
Trd, 4318719.143, 62
Trd, 4318719.393, 62
Trd, 4318720.993, 65
Trd, 4318721.043, 72
Trd, 4318721.293, 61
Trd, 4318721.443, 62
Trd, 4318722.543, 63
Trd, 4318723.293, 69
Trd, 4318723.793, 82
Trd, 4318724.443, 66
Trd, 4318725.543, 64
Trd, 4318725.593, 64
Trd, 4318726.593, 95
Trd, 4318727.193, 140
Trd, 4318727.593, 140
Trd, 4318729.593, 112
Trd, 4318729.843, 123
Trd, 4318729.993, 88
Trd, 4318730.343, 139
Trd, 4318730.593, 85
Trd, 4318731.443, 134
Trd, 4318732.193, 111
Trd, 4318732.593, 138
Trd, 4318733.643, 140
Trd, 4318734.643, 140
Trd, 4318735.043, 123
Trd, 4318735.443, 96
Trd, 4318736.143, 124
Trd, 4318737.543, 137
Trd, 4318737.743, 120
Trd, 4318737.943, 121
Trd, 4318737.993, 85
Trd, 4318738.493, 78
Trd, 4318739.593, 66
Trd, 4318740.293, 61
Trd, 4318740.793, 86
Trd, 4318741.643, 124
Trd, 4318742.293, 127
Trd, 4318742.893, 112
Trd, 4318743.893, 113
Trd, 4318743.993, 112
Trd, 4318744.343, 137
Trd, 4318744.843, 118
Trd, 4318745.893, 63
Trd, 4318746.693, 65
Trd, 4318747.293, 74
Trd, 4318748.393, 134
Trd, 4318749.943, 140
Trd, 4318750.143, 140
Trd, 4318750.443, 135
Trd, 4318751.193, 133
Trd, 4318752.843, 125
Trd, 4318752.993, 124
Trd, 4318753.243, 138
Trd, 4318753.293, 129
Trd, 4318753.443, 98
Trd, 4318754.243, 137
Trd, 4318754.393, 133
Trd, 4318756.043, 60
Trd, 4318756.093, 60
Trd, 4318757.243, 63
Trd, 4318758.593, 60
Trd, 4318758.793, 60
Trd, 4318760.093, 62
Trd, 4318760.793, 64
Trd, 4318760.993, 62
Trd, 4318761.693, 60
Trd, 4318761.893, 62
Trd, 4318762.893, 61
Trd, 4318762.943, 61
Trd, 4318763.893, 140
Trd, 4318763.943, 133
Trd, 4318764.993, 66
Trd, 4318765.443, 62
Trd, 4318765.943, 72
Trd, 4318766.843, 140
Trd, 4318766.943, 105
Trd, 4318767.693, 105
Trd, 4318768.193, 102
Trd, 4318768.843, 120
Trd, 4318769.143, 140
Trd, 4318771.193, 60
Trd, 4318771.243, 62
Trd, 4318771.543, 63
Trd, 4318771.893, 62
Trd, 4318772.193, 63
Trd, 4318775.143, 60
Trd, 4318775.193, 62
Trd, 4318775.643, 61
Trd, 4318775.693, 66
Trd, 4318775.843, 64
Trd, 4318776.643, 84
Trd, 4318777.043, 73
Trd, 4318778.293, 60
Trd, 4318779.293, 60
Trd, 4318779.543, 61
Trd, 4318779.643, 61
Trd, 4318779.943, 69
Trd, 4318781.943, 60
Trd, 4318782.943, 60
Trd, 4318783.193, 61
Trd, 4318783.343, 67
Trd, 4318784.643, 70
Trd, 4318785.543, 62
Trd, 4318785.893, 66
Trd, 4318787.093, 65
Trd, 4318787.393, 64
Trd, 4318788.093, 78
Trd, 4318788.343, 64
Trd, 4318788.893, 83
Trd, 4318790.393, 65
Trd, 4318790.593, 73
Trd, 4318791.193, 68
Trd, 4318791.293, 70
Trd, 4318791.893, 69
Trd, 4318792.293, 69
Trd, 4318793.493, 75
Trd, 4318793.593, 94
Trd, 4318793.743, 73
Trd, 4318794.193, 106
Trd, 4318795.593, 74
Trd, 4318796.693, 61
Trd, 4318797.043, 61
Trd, 4318797.093, 62
Trd, 4318797.893, 60
Trd, 4318798.593, 67
Trd, 4318799.743, 116
Trd, 4318800.043, 136
Trd, 4318800.193, 60
Trd, 4318802.043, 74
Trd, 4318802.693, 74
Trd, 4318802.893, 120
Trd, 4318803.343, 63
Trd, 4318804.593, 61
Trd, 4318805.093, 63
Trd, 4318805.343, 76
Trd, 4318806.743, 65
Trd, 4318807.593, 60
Trd, 4318807.943, 78
Trd, 4318808.293, 96
Trd, 4318809.543, 97
Trd, 4318809.593, 92
Trd, 4318809.893, 66
Trd, 4318810.193, 139
Trd, 4318810.593, 67
Trd, 4318812.143, 78
Trd, 4318813.293, 68
Trd, 4318813.543, 62
Trd, 4318813.693, 117
Trd, 4318814.893, 62
Trd, 4318814.943, 62
Trd, 4318815.393, 61
Trd, 4318815.493, 66
Trd, 4318816.943, 62
Trd, 4318817.143, 68
Trd, 4318817.243, 73
Trd, 4318819.243, 104
Trd, 4318819.293, 97
Trd, 4318819.543, 88
Trd, 4318819.593, 87
Trd, 4318820.193, 114
Trd, 4318820.243, 73
Trd, 4318821.193, 119
Trd, 4318821.593, 140
Trd, 4318822.043, 136
Trd, 4318822.443, 94
Trd, 4318822.693, 89
Trd, 4318823.643, 139
Trd, 4318824.293, 75
Trd, 4318825.043, 60
Trd, 4318827.143, 111
Trd, 4318827.693, 138
Trd, 4318828.043, 115
Trd, 4318828.443, 90
Trd, 4318828.643, 123
Trd, 4318828.893, 88
Trd, 4318829.243, 66
Trd, 4318829.793, 65
Trd, 4318830.343, 61
Trd, 4318830.693, 136
Trd, 4318831.493, 61
Trd, 4318832.593, 62
Trd, 4318833.743, 82
Trd, 4318834.243, 120
Trd, 4318834.343, 89
Trd, 4318836.743, 136
Trd, 4318837.193, 88
Trd, 4318837.493, 63
Trd, 4318837.643, 60
Trd, 4318838.343, 61
Trd, 4318839.093, 62
Trd, 4318839.193, 88
Trd, 4318839.293, 88
Trd, 4318840.493, 63
Trd, 4318840.743, 66
Trd, 4318841.193, 64
Trd, 4318841.943, 64
Trd, 4318842.193, 63
Trd, 4318842.993, 60
Trd, 4318843.543, 139
Trd, 4318843.893, 138
Trd, 4318845.243, 70
Trd, 4318846.043, 69
Trd, 4318846.193, 128
Trd, 4318847.793, 60
Trd, 4318847.843, 67
Trd, 4318848.643, 61
Trd, 4318848.843, 64
Trd, 4318850.293, 60
Trd, 4318851.093, 72
Trd, 4318851.493, 62
Trd, 4318851.993, 61
Trd, 4318852.793, 80
Trd, 4318853.243, 60
Trd, 4318853.693, 64
Trd, 4318854.593, 61
Trd, 4318855.593, 61
Trd, 4318856.643, 64
Trd, 4318856.793, 63
Trd, 4318856.993, 92
Trd, 4318857.843, 63
Trd, 4318858.143, 122
Trd, 4318858.793, 68
Trd, 4318858.943, 76
Trd, 4318859.243, 82
Trd, 4318860.193, 113
Trd, 4318861.043, 66
Trd, 4318861.793, 60
Trd, 4318862.393, 62
Trd, 4318862.943, 71
Trd, 4318863.243, 60
Trd, 4318865.593, 117
Trd, 4318866.043, 99
Trd, 4318866.643, 134
Trd, 4318867.093, 139
Trd, 4318867.393, 101
Trd, 4318867.743, 85
Trd, 4318867.993, 66
Trd, 4318868.693, 139
Trd, 4318869.093, 140
Trd, 4318870.393, 140
Trd, 4318870.693, 96
Trd, 4318870.793, 90
Trd, 4318872.693, 112
Trd, 4318872.893, 111
Trd, 4318873.693, 139
Trd, 4318874.843, 138
Trd, 4318875.043, 131
Trd, 4318875.193, 106
Trd, 4318875.493, 99
Trd, 4318875.643, 139
Trd, 4318875.743, 95
Trd, 4318877.143, 136
Trd, 4318877.593, 126
Trd, 4318878.643, 127
Trd, 4318879.043, 127
Trd, 4318880.493, 140
Trd, 4318880.693, 131
Trd, 4318881.293, 114
Trd, 4318881.343, 112
Trd, 4318882.043, 86
Trd, 4318883.393, 138
Trd, 4318884.243, 137
Trd, 4318884.493, 129
Trd, 4318884.893, 125
Trd, 4318886.043, 140
Trd, 4318886.143, 138
Trd, 4318886.643, 138
Trd, 4318887.943, 60
Trd, 4318888.343, 61
Trd, 4318890.243, 63
Trd, 4318890.293, 65
Trd, 4318890.893, 63
Trd, 4318891.143, 66
Trd, 4318891.893, 74
Trd, 4318891.993, 61
Trd, 4318892.493, 68
Trd, 4318893.243, 140
Trd, 4318894.043, 63
Trd, 4318895.093, 66
Trd, 4318895.993, 60
Trd, 4318896.543, 139
Trd, 4318897.293, 138
Trd, 4318897.343, 137
Trd, 4318898.243, 133
Trd, 4318898.743, 83
Trd, 4318900.643, 70
Trd, 4318901.093, 87
Trd, 4318901.643, 62
Trd, 4318902.343, 89
Trd, 4318902.393, 63
Trd, 4318902.943, 95
Trd, 4318902.993, 83
Trd, 4318903.943, 71
Trd, 4318904.343, 79
Trd, 4318905.093, 62
Trd, 4318906.043, 62
Trd, 4318906.543, 61
Trd, 4318907.793, 67
Trd, 4318908.593, 76
Trd, 4318908.793, 90
Trd, 4318909.193, 105
Trd, 4318909.543, 73
Trd, 4318910.143, 65
Trd, 4318910.593, 73
Trd, 4318910.693, 74
Trd, 4318911.193, 140
Trd, 4318911.493, 139
Trd, 4318911.543, 69
Trd, 4318913.143, 61
Trd, 4318914.443, 60
Trd, 4318914.593, 65
Trd, 4318914.693, 68
Trd, 4318915.293, 72
Trd, 4318915.343, 73
Trd, 4318915.793, 118
Trd, 4318917.693, 60
Trd, 4318918.243, 62
Trd, 4318919.343, 60
Trd, 4318920.293, 61
Trd, 4318920.393, 62
Trd, 4318920.943, 61
Trd, 4318921.443, 61
Trd, 4318921.643, 62
Trd, 4318921.893, 106
Trd, 4318922.643, 60
Trd, 4318923.593, 60
Trd, 4318924.593, 64
Trd, 4318924.743, 61
Trd, 4318925.193, 69
Trd, 4318926.293, 140
Trd, 4318928.243, 133
Trd, 4318928.693, 132
Trd, 4318928.743, 129
Trd, 4318928.893, 140
Trd, 4318928.943, 112
Trd, 4318929.243, 140
Trd, 4318929.443, 99
Trd, 4318930.243, 119
Trd, 4318930.993, 139
Trd, 4318931.443, 84
Trd, 4318932.693, 111
Trd, 4318932.993, 132
Trd, 4318933.393, 119
Trd, 4318933.743, 128
Trd, 4318934.493, 108
Trd, 4318935.343, 89
Trd, 4318935.443, 73
Trd, 4318936.743, 140
Trd, 4318937.243, 140
Trd, 4318937.543, 137
Trd, 4318938.743, 130
Trd, 4318938.943, 113
Trd, 4318940.093, 126
Trd, 4318940.643, 113
Trd, 4318941.743, 139
Trd, 4318942.393, 140
Trd, 4318943.343, 132
Trd, 4318943.393, 97
Trd, 4318944.193, 113
Trd, 4318944.843, 73
Trd, 4318945.593, 129
Trd, 4318945.993, 102
Trd, 4318946.243, 140
Trd, 4318946.343, 140
Trd, 4318947.643, 106
Trd, 4318948.143, 109
Trd, 4318948.493, 103
Trd, 4318949.193, 140
Trd, 4318949.593, 113
Trd, 4318950.193, 140
Trd, 4318951.193, 140
Trd, 4318951.743, 140
Trd, 4318952.193, 140
Trd, 4318953.293, 140
Trd, 4318953.393, 86
Trd, 4318953.493, 71
Trd, 4318954.793, 100
Trd, 4318956.043, 136
Trd, 4318956.193, 61
Trd, 4318956.893, 139
Trd, 4318957.093, 81
Trd, 4318957.393, 98
Trd, 4318958.793, 140
Trd, 4318959.093, 139
Trd, 4318959.993, 136
Trd, 4318960.443, 134
Trd, 4318960.693, 123
Trd, 4318960.893, 110
Trd, 4318962.293, 140
Trd, 4318962.443, 140
Trd, 4318963.293, 140
Trd, 4318963.443, 137
Trd, 4318964.543, 137
Trd, 4318965.193, 132
Trd, 4318965.243, 131
Trd, 4318966.093, 105
Trd, 4318966.193, 136
Trd, 4318966.343, 94
Trd, 4318966.493, 80
Trd, 4318968.193, 137
Trd, 4318968.893, 71
Trd, 4318970.143, 140
Trd, 4318970.443, 140
Trd, 4318971.093, 127
Trd, 4318971.443, 118
Trd, 4318972.193, 105
Trd, 4318972.843, 126
Trd, 4318974.793, 140
Trd, 4318975.043, 128
Trd, 4318975.643, 139
Trd, 4318975.793, 115
Trd, 4318975.943, 106
Trd, 4318977.043, 105
Trd, 4318978.393, 66
Trd, 4318979.243, 61
Trd, 4318979.293, 67
Trd, 4318980.943, 61
Trd, 4318980.993, 62
Trd, 4318981.293, 62
Trd, 4318981.493, 68
Trd, 4318982.143, 72
Trd, 4318982.943, 109
Trd, 4318983.243, 63
Trd, 4318983.793, 73
Trd, 4318984.243, 136
Trd, 4318984.893, 135
Trd, 4318985.793, 100
Trd, 4318986.393, 87
Trd, 4318987.343, 68
Trd, 4318987.493, 128
Trd, 4318988.543, 67
Trd, 4318989.543, 125
Trd, 4318990.043, 124
Trd, 4318990.743, 107
Trd, 4318991.593, 139
Trd, 4318991.643, 139
Trd, 4318991.943, 140
Trd, 4318992.743, 76
Trd, 4318993.393, 114
Trd, 4318993.593, 76
Trd, 4318994.543, 103
Trd, 4318995.293, 106
Trd, 4318995.793, 99
Trd, 4318996.443, 121
Trd, 4318996.893, 73
Trd, 4318997.593, 64
Trd, 4318998.143, 61
Trd, 4318998.243, 60
Trd, 4318998.993, 61
Trd, 4318999.393, 61
Trd, 4318999.793, 81
Trd, 4319000.543, 61
Trd, 4319001.093, 62
Trd, 4319001.993, 128
Trd, 4319002.193, 127
Trd, 4319003.443, 84
Trd, 4319003.693, 61
Trd, 4319004.243, 61
Trd, 4319004.793, 125
Trd, 4319005.593, 91
Trd, 4319006.043, 90
Trd, 4319006.743, 140
Trd, 4319007.043, 138
Trd, 4319007.843, 138
Trd, 4319008.343, 139
Trd, 4319008.843, 140
Trd, 4319008.993, 140
Trd, 4319009.693, 122
Trd, 4319009.743, 86
Trd, 4319011.993, 140
Trd, 4319012.043, 134
Trd, 4319012.893, 139
Trd, 4319014.393, 138
Trd, 4319015.293, 105
Trd, 4319015.343, 88
Trd, 4319015.493, 82
Trd, 4319016.093, 135
Trd, 4319017.443, 62
Trd, 4319017.543, 62
Trd, 4319017.743, 72
Trd, 4319018.843, 60
Trd, 4319019.543, 60
Trd, 4319019.843, 63
Trd, 4319020.743, 60
Trd, 4319020.843, 61
Trd, 4319020.993, 63
Trd, 4319021.893, 70
Trd, 4319022.393, 67
Trd, 4319025.493, 60
Trd, 4319025.893, 65
Trd, 4319026.343, 62
Trd, 4319026.443, 62
Trd, 4319026.943, 67
Trd, 4319027.093, 84
Trd, 4319027.743, 91
Trd, 4319027.843, 61
Trd, 4319028.193, 60
Trd, 4319028.743, 85
Trd, 4319029.443, 86
Trd, 4319030.343, 97
Trd, 4319030.843, 140
Trd, 4319031.693, 139
Trd, 4319031.843, 129
Trd, 4319031.943, 95
Trd, 4319032.293, 67
Trd, 4319034.093, 88
Trd, 4319034.943, 140
Trd, 4319035.793, 134
Trd, 4319036.243, 133
Trd, 4319036.393, 103
Trd, 4319036.893, 102
Trd, 4319037.543, 106
Trd, 4319037.593, 112
Trd, 4319037.943, 86
Trd, 4319038.643, 64
Trd, 4319038.743, 67
Trd, 4319039.743, 113
Trd, 4319041.743, 140
Trd, 4319042.093, 140
Trd, 4319042.243, 140
Trd, 4319042.493, 125
Trd, 4319042.843, 95
Trd, 4319043.843, 127
Trd, 4319044.743, 140
Trd, 4319045.893, 105
Trd, 4319046.043, 138
Trd, 4319046.643, 106
Trd, 4319046.843, 104
Trd, 4319046.893, 91
Trd, 4319047.343, 109
Trd, 4319047.893, 138
Trd, 4319048.493, 139
Trd, 4319049.243, 135
Trd, 4319049.643, 113
Trd, 4319050.743, 140
Trd, 4319052.593, 136
Trd, 4319052.693, 135
Trd, 4319053.193, 132
Trd, 4319053.343, 108
Trd, 4319053.593, 103
Trd, 4319053.993, 63
Trd, 4319054.743, 66
Trd, 4319055.593, 68
Trd, 4319055.643, 82
Trd, 4319056.093, 66
Trd, 4319056.593, 138
Trd, 4319057.943, 71
Trd, 4319059.343, 62
Trd, 4319059.493, 67
Trd, 4319059.593, 101
Trd, 4319060.043, 139
Trd, 4319061.043, 61
Trd, 4319061.543, 62
Trd, 4319062.943, 61
Trd, 4319063.943, 96
Trd, 4319064.193, 60
Trd, 4319064.843, 69
Trd, 4319065.293, 89
Trd, 4319066.193, 118
Trd, 4319067.643, 127
Trd, 4319068.043, 90
Trd, 4319068.393, 77
Trd, 4319068.593, 140
Trd, 4319069.193, 106
Trd, 4319071.293, 90
Trd, 4319071.643, 74
Trd, 4319071.743, 75
Trd, 4319072.043, 75
Trd, 4319072.343, 69
Trd, 4319073.643, 140
Trd, 4319074.343, 140
Trd, 4319074.593, 140
Trd, 4319075.293, 114
Trd, 4319075.993, 102
Trd, 4319077.593, 131
Trd, 4319077.693, 129
Trd, 4319078.393, 120
Trd, 4319078.543, 124
Trd, 4319078.793, 92
Trd, 4319079.343, 78
Trd, 4319080.443, 68
Trd, 4319080.493, 71
Trd, 4319081.643, 140
Trd, 4319081.993, 140
Trd, 4319082.743, 139
Trd, 4319083.193, 139
Trd, 4319083.843, 126
Trd, 4319084.293, 107
Trd, 4319084.393, 96
Trd, 4319085.643, 140
Trd, 4319085.893, 139
Trd, 4319087.393, 138
Trd, 4319087.893, 110
Trd, 4319088.393, 109
Trd, 4319089.143, 140
Trd, 4319089.543, 114
Trd, 4319090.143, 80
Trd, 4319090.743, 69
Trd, 4319091.193, 63
Trd, 4319091.643, 86
Trd, 4319091.993, 67
Trd, 4319092.293, 140
Trd, 4319094.043, 133
Trd, 4319095.493, 124
Trd, 4319096.043, 119
Trd, 4319096.093, 105
Trd, 4319096.343, 125
Trd, 4319096.593, 136
Trd, 4319097.693, 138
Trd, 4319097.993, 125
Trd, 4319099.193, 74
Trd, 4319100.193, 140
Trd, 4319100.643, 85
Trd, 4319101.593, 60
Trd, 4319103.193, 60
Trd, 4319103.693, 61
Trd, 4319103.843, 68
Trd, 4319103.993, 72
Trd, 4319104.593, 64
Trd, 4319105.043, 134
Trd, 4319105.343, 70
Trd, 4319106.393, 64
Trd, 4319107.243, 63
Trd, 4319107.693, 67
Trd, 4319107.943, 62
Trd, 4319108.243, 65
Trd, 4319110.493, 63
Trd, 4319111.043, 60
Trd, 4319111.443, 67
Trd, 4319111.793, 66
Trd, 4319112.243, 76
Trd, 4319112.443, 79
Trd, 4319114.243, 76
Trd, 4319114.343, 61
Trd, 4319115.093, 96
Trd, 4319115.693, 102
Trd, 4319115.893, 106
Trd, 4319116.793, 61
Trd, 4319117.343, 64
Trd, 4319117.643, 63
Trd, 4319120.243, 61
Trd, 4319120.543, 61
Trd, 4319120.893, 70
Trd, 4319121.443, 63
Trd, 4319122.143, 62
Trd, 4319122.443, 67
Trd, 4319124.143, 64
Trd, 4319124.843, 72
Trd, 4319124.893, 136
Trd, 4319126.243, 60
Trd, 4319126.393, 61
Trd, 4319127.543, 60
Trd, 4319127.793, 60
Trd, 4319128.543, 61
Trd, 4319128.643, 80
Trd, 4319129.893, 83
Trd, 4319129.993, 106
Trd, 4319130.443, 118
Trd, 4319131.593, 65
Trd, 4319132.293, 126
Trd, 4319134.593, 60
Trd, 4319134.993, 65
Trd, 4319135.093, 65
Trd, 4319135.643, 66
Trd, 4319135.693, 77
Trd, 4319136.043, 62
Trd, 4319137.193, 96
Trd, 4319138.193, 64
Trd, 4319138.793, 66
Trd, 4319139.543, 64
Trd, 4319139.743, 64
Trd, 4319140.393, 65
Trd, 4319140.893, 68
Trd, 4319141.443, 70
Trd, 4319142.593, 61
Trd, 4319144.093, 62
Trd, 4319144.243, 65
Trd, 4319144.293, 66
Trd, 4319144.743, 68
Trd, 4319144.943, 69
Trd, 4319145.893, 69
Trd, 4319148.193, 61
Trd, 4319148.243, 61
Trd, 4319149.093, 67
Trd, 4319149.343, 76
Trd, 4319149.693, 96
Trd, 4319150.643, 123
Trd, 4319150.693, 121
Trd, 4319151.793, 67
Trd, 4319151.843, 62
Trd, 4319153.443, 71
Trd, 4319153.843, 64
Trd, 4319154.193, 66
Trd, 4319155.243, 68
Trd, 4319155.443, 61
Trd, 4319156.393, 140
Trd, 4319156.443, 109
Trd, 4319157.343, 140
Trd, 4319157.543, 140
Trd, 4319157.943, 99
Trd, 4319158.293, 63
Trd, 4319159.193, 127
Trd, 4319159.593, 128
Trd, 4319159.643, 126
Trd, 4319160.943, 130
Trd, 4319161.443, 139
Trd, 4319161.693, 105
Trd, 4319161.943, 103
Trd, 4319162.743, 139
Trd, 4319163.293, 128
Trd, 4319163.743, 140
Trd, 4319165.193, 110
Trd, 4319167.143, 140
Trd, 4319167.393, 116
Trd, 4319168.293, 124
Trd, 4319169.443, 139
Trd, 4319169.743, 135
Trd, 4319170.493, 128
Trd, 4319170.543, 110
Trd, 4319170.943, 107
Trd, 4319171.143, 104
Trd, 4319172.243, 140
Trd, 4319172.293, 140
Trd, 4319172.743, 123
Trd, 4319173.843, 105
Trd, 4319174.443, 67
Trd, 4319174.893, 139
Trd, 4319175.143, 67
Trd, 4319175.593, 116
Trd, 4319176.143, 69
Trd, 4319176.693, 61
Trd, 4319176.793, 70
Trd, 4319177.643, 109
Trd, 4319178.243, 140
Trd, 4319179.093, 97
Trd, 4319179.343, 96
Trd, 4319180.143, 139
Trd, 4319180.943, 61
Trd, 4319182.243, 100
Trd, 4319182.493, 102
Trd, 4319184.993, 99
Trd, 4319185.193, 96
Trd, 4319185.293, 91
Trd, 4319185.443, 138
Trd, 4319185.793, 75
Trd, 4319187.593, 60
Trd, 4319187.743, 61
Trd, 4319189.093, 69
Trd, 4319189.293, 71
Trd, 4319189.793, 140
Trd, 4319190.793, 74
Trd, 4319190.993, 92
Trd, 4319191.943, 82
Trd, 4319191.993, 112
Trd, 4319192.443, 73
Trd, 4319192.793, 65
Trd, 4319192.843, 121
Trd, 4319193.593, 132
Trd, 4319194.043, 112
Trd, 4319194.593, 64
Trd, 4319195.893, 61
Trd, 4319196.343, 61
Trd, 4319197.243, 72
Trd, 4319197.443, 87
Trd, 4319197.743, 140
Trd, 4319199.293, 77
Trd, 4319199.493, 108
Trd, 4319200.243, 140
Trd, 4319200.643, 138
Trd, 4319200.893, 136
Trd, 4319201.543, 140
Trd, 4319201.943, 139
Trd, 4319202.893, 135
Trd, 4319203.743, 106
Trd, 4319203.993, 72
Trd, 4319205.293, 73
Trd, 4319206.093, 60
Trd, 4319206.143, 133
Trd, 4319206.843, 61
Trd, 4319208.943, 60
Trd, 4319209.693, 63
Trd, 4319209.793, 64
Trd, 4319210.093, 66
Trd, 4319210.743, 138
Trd, 4319211.193, 132
Trd, 4319212.343, 74
Trd, 4319212.693, 133
Trd, 4319213.343, 70
Trd, 4319213.593, 68
Trd, 4319213.943, 75
Trd, 4319214.793, 140
Trd, 4319215.043, 139
Trd, 4319215.943, 80
Trd, 4319216.993, 84
Trd, 4319217.243, 80
Trd, 4319218.143, 92
Trd, 4319218.893, 140
Trd, 4319219.793, 139
Trd, 4319220.193, 138
Trd, 4319221.543, 138
Trd, 4319222.393, 137
Trd, 4319223.393, 124
Trd, 4319223.443, 90
Trd, 4319224.843, 140
Trd, 4319225.243, 138
Trd, 4319225.393, 139
Trd, 4319225.493, 116
Trd, 4319226.843, 140
Trd, 4319227.293, 128
Trd, 4319227.443, 117
Trd, 4319227.543, 115
Trd, 4319228.493, 140
Trd, 4319231.143, 138
Trd, 4319231.343, 139
Trd, 4319231.443, 137
Trd, 4319231.793, 132
Trd, 4319232.643, 140
Trd, 4319233.093, 140
Trd, 4319233.793, 140
Trd, 4319234.043, 136
Trd, 4319234.693, 78
Trd, 4319235.343, 125
Trd, 4319236.043, 117
Trd, 4319236.643, 101
Trd, 4319237.693, 84
Trd, 4319238.093, 83
Trd, 4319238.243, 129
Trd, 4319238.743, 82
Trd, 4319238.793, 80
Trd, 4319239.743, 126
Trd, 4319240.093, 125
Trd, 4319240.693, 76
Trd, 4319242.643, 140
Trd, 4319242.743, 140
Trd, 4319242.843, 104
Trd, 4319243.443, 124
Trd, 4319243.593, 90
Trd, 4319243.743, 130
Trd, 4319245.343, 140
Trd, 4319245.993, 139
Trd, 4319246.943, 103
Trd, 4319247.593, 103
Trd, 4319249.043, 61
Trd, 4319249.093, 67
Trd, 4319249.593, 64
Trd, 4319250.143, 62
Trd, 4319250.293, 68
Trd, 4319250.993, 66
Trd, 4319251.993, 64
Trd, 4319253.393, 60
Trd, 4319253.443, 61
Trd, 4319254.093, 62
Trd, 4319254.443, 67
Trd, 4319255.293, 63
Trd, 4319255.893, 70
Trd, 4319256.643, 61
Trd, 4319257.993, 66
Trd, 4319258.293, 70
Trd, 4319259.143, 69
Trd, 4319259.543, 69
Trd, 4319259.843, 133
Trd, 4319260.393, 95
Trd, 4319261.243, 63
Trd, 4319261.893, 66
Trd, 4319262.493, 60
Trd, 4319263.293, 63
Trd, 4319264.143, 60
Trd, 4319264.293, 61
Trd, 4319264.343, 61
Trd, 4319265.543, 64
Trd, 4319266.793, 86
Trd, 4319267.343, 60
Trd, 4319269.093, 60
Trd, 4319269.843, 61
Trd, 4319270.793, 63
Trd, 4319270.993, 64
Trd, 4319271.493, 68
Trd, 4319271.693, 61
Trd, 4319273.893, 63
Trd, 4319274.093, 67
Trd, 4319274.443, 65
Trd, 4319274.893, 105
Trd, 4319274.943, 104
Trd, 4319275.593, 88
Trd, 4319276.243, 68
Trd, 4319276.643, 61
Trd, 4319277.043, 61
Trd, 4319277.443, 61
Trd, 4319277.843, 135
Trd, 4319278.043, 61
Trd, 4319280.243, 140
Trd, 4319280.293, 139
Trd, 4319280.593, 94
Trd, 4319281.043, 114
Trd, 4319281.743, 85
Trd, 4319281.993, 130
Trd, 4319284.293, 62
Trd, 4319284.493, 63
Trd, 4319284.893, 66
Trd, 4319285.743, 64
Trd, 4319285.993, 63
Trd, 4319286.643, 130
Trd, 4319287.243, 139
Trd, 4319287.493, 132
Trd, 4319288.743, 134
Trd, 4319288.943, 74
Trd, 4319289.893, 79
Trd, 4319290.393, 138
Trd, 4319290.593, 130
Trd, 4319291.643, 131
Trd, 4319292.043, 80
Trd, 4319292.643, 65
Trd, 4319293.243, 133
Trd, 4319294.343, 140
Trd, 4319294.793, 139
Trd, 4319294.843, 132
Trd, 4319295.593, 123
Trd, 4319296.093, 126
Trd, 4319297.443, 73
Trd, 4319297.693, 65
Trd, 4319298.693, 65
Trd, 4319299.493, 112
Trd, 4319300.143, 83
Trd, 4319300.493, 96
Trd, 4319300.593, 97
Trd, 4319301.243, 83
Trd, 4319302.093, 70
Trd, 4319302.293, 60
Trd, 4319302.443, 82
Trd, 4319303.443, 60
Trd, 4319303.493, 65
Trd, 4319305.343, 97
Trd, 4319305.593, 130
Trd, 4319305.693, 104
Trd, 4319306.393, 70
Trd, 4319307.043, 139
Trd, 4319307.893, 103
Trd, 4319309.293, 132
Trd, 4319309.643, 88
Trd, 4319310.393, 88
Trd, 4319310.443, 87
Trd, 4319310.843, 138
Trd, 4319311.493, 134
Trd, 4319311.993, 94
Trd, 4319312.743, 74
Trd, 4319313.093, 140
Trd, 4319314.343, 86
Trd, 4319314.793, 107
Trd, 4319315.093, 131
Trd, 4319316.143, 114
Trd, 4319316.693, 137
Trd, 4319316.793, 139
Trd, 4319317.293, 85
Trd, 4319317.693, 79
Trd, 4319319.193, 89
Trd, 4319319.293, 103
Trd, 4319319.643, 63
Trd, 4319320.543, 66
Trd, 4319321.343, 129
Trd, 4319321.843, 97
Trd, 4319321.943, 89
Trd, 4319322.893, 60
Trd, 4319324.943, 140
Trd, 4319325.293, 139
Trd, 4319326.243, 133
Trd, 4319326.343, 132
Trd, 4319327.893, 60
Trd, 4319328.343, 64
Trd, 4319329.443, 69
Trd, 4319330.043, 60
Trd, 4319330.093, 128
Trd, 4319330.843, 131
Trd, 4319331.043, 132
Trd, 4319332.443, 60
Trd, 4319332.693, 60
Trd, 4319333.193, 60
Trd, 4319333.443, 64
Trd, 4319334.143, 60
Trd, 4319334.193, 61
Trd, 4319334.443, 65
Trd, 4319335.843, 60
Trd, 4319336.343, 61
Trd, 4319336.793, 85
Trd, 4319337.793, 61
Trd, 4319338.343, 97
Trd, 4319339.493, 108
Trd, 4319339.843, 139
Trd, 4319339.993, 113
Trd, 4319340.043, 96
Trd, 4319340.543, 130
Trd, 4319341.743, 106
Trd, 4319343.393, 77
Trd, 4319343.493, 76
Trd, 4319343.693, 125
Trd, 4319343.943, 126
Trd, 4319344.843, 62
Trd, 4319345.043, 60
Trd, 4319345.943, 61
Trd, 4319346.693, 63
Trd, 4319347.893, 70
Trd, 4319348.243, 80
Trd, 4319348.293, 71
Trd, 4319349.243, 67
Trd, 4319349.293, 63
Trd, 4319351.093, 66
Trd, 4319351.943, 67
Trd, 4319352.343, 81
Trd, 4319352.593, 140
Trd, 4319353.443, 66
Trd, 4319353.893, 68
Trd, 4319354.293, 128
Trd, 4319356.693, 65
Trd, 4319356.843, 65
Trd, 4319356.993, 72
Trd, 4319357.293, 82
Trd, 4319357.993, 99
Trd, 4319358.193, 100
Trd, 4319358.243, 97
Trd, 4319359.693, 60
Trd, 4319359.993, 76
Trd, 4319361.543, 60
Trd, 4319361.943, 61
Trd, 4319362.093, 60
Trd, 4319363.643, 60
Trd, 4319364.443, 60
Trd, 4319364.493, 61
Trd, 4319365.993, 62
Trd, 4319366.493, 63
Trd, 4319366.693, 65
Trd, 4319367.893, 68
Trd, 4319367.943, 78
Trd, 4319370.993, 67
Trd, 4319371.093, 67
Trd, 4319371.293, 70
Trd, 4319372.093, 64
Trd, 4319372.943, 67
Trd, 4319373.093, 66
Trd, 4319373.493, 68
Trd, 4319373.593, 64
Trd, 4319375.043, 140
Trd, 4319375.193, 140
Trd, 4319375.543, 140
Trd, 4319376.393, 140
Trd, 4319376.943, 117
Trd, 4319377.393, 60
Trd, 4319378.243, 60
Trd, 4319378.293, 61
Trd, 4319378.743, 114
Trd, 4319379.593, 112
Trd, 4319381.593, 140
Trd, 4319381.693, 139
Trd, 4319382.043, 140
Trd, 4319382.493, 139
Trd, 4319382.793, 127
Trd, 4319383.043, 125
Trd, 4319383.193, 124
Trd, 4319383.893, 95
Trd, 4319384.343, 119
Trd, 4319385.243, 78
Trd, 4319385.893, 140
Trd, 4319386.793, 138
Trd, 4319387.043, 124
Trd, 4319387.093, 86
Trd, 4319387.493, 80
Trd, 4319387.993, 68
Trd, 4319390.193, 67
Trd, 4319390.643, 93
Trd, 4319391.843, 63
Trd, 4319392.493, 61
Trd, 4319392.643, 75
Trd, 4319392.743, 87
Trd, 4319392.893, 89
Trd, 4319394.293, 77
Trd, 4319395.043, 138
Trd, 4319395.243, 124
Trd, 4319396.493, 138
Trd, 4319396.943, 63
Trd, 4319398.643, 60
Trd, 4319398.743, 63
Trd, 4319400.943, 60
Trd, 4319401.093, 60
Trd, 4319401.243, 61
Trd, 4319402.343, 61
Trd, 4319402.593, 62
Trd, 4319402.843, 63
Trd, 4319403.093, 62
Trd, 4319403.143, 63
Trd, 4319404.193, 82
Trd, 4319404.793, 103
Trd, 4319405.043, 63
Trd, 4319406.743, 62
Trd, 4319406.843, 115
Trd, 4319407.593, 60
Trd, 4319408.493, 71
Trd, 4319409.193, 62
Trd, 4319410.543, 138
Trd, 4319410.943, 138
Trd, 4319411.143, 140
Trd, 4319411.443, 140
Trd, 4319412.193, 137
Trd, 4319412.293, 108
Trd, 4319413.993, 62
Trd, 4319414.693, 61
Trd, 4319415.193, 63
Trd, 4319415.893, 60
Trd, 4319416.893, 60
Trd, 4319417.443, 60
Trd, 4319417.493, 60
Trd, 4319418.043, 60
Trd, 4319419.293, 60
Trd, 4319419.393, 64
Trd, 4319419.893, 61
Trd, 4319421.643, 60
Trd, 4319422.193, 60
Trd, 4319422.493, 62
Trd, 4319422.943, 61
Trd, 4319423.443, 60
Trd, 4319423.543, 60
Trd, 4319424.443, 70
Trd, 4319424.843, 68
Trd, 4319426.143, 61
Trd, 4319426.343, 73
Trd, 4319426.593, 69
Trd, 4319427.193, 78
Trd, 4319428.493, 63
Trd, 4319428.643, 63
Trd, 4319429.443, 70
Trd, 4319429.893, 63
Trd, 4319430.293, 64
Trd, 4319430.543, 73
Trd, 4319431.593, 65
Trd, 4319431.743, 65
Trd, 4319431.943, 77
Trd, 4319433.043, 118
Trd, 4319433.693, 61
Trd, 4319434.093, 65
Trd, 4319434.393, 66
Trd, 4319435.093, 61
Trd, 4319436.193, 60
Trd, 4319439.143, 62
Trd, 4319439.643, 60
Trd, 4319440.193, 61
Trd, 4319440.343, 62
Trd, 4319440.443, 63
Trd, 4319440.993, 63
Trd, 4319441.193, 64
Trd, 4319442.093, 61
Trd, 4319443.293, 61
Trd, 4319443.443, 63
Trd, 4319443.743, 66
Trd, 4319443.843, 82
Trd, 4319445.093, 86
Trd, 4319445.893, 122
Trd, 4319446.543, 64
Trd, 4319447.243, 60
Trd, 4319448.143, 62
Trd, 4319448.443, 60
Trd, 4319448.593, 60
Trd, 4319449.543, 60
Trd, 4319450.743, 72
Trd, 4319450.843, 99
Trd, 4319451.493, 61
Trd, 4319451.793, 60
Trd, 4319453.043, 63
Trd, 4319454.043, 60
Trd, 4319454.393, 62
Trd, 4319454.643, 78
Trd, 4319455.393, 61
Trd, 4319455.693, 63
Trd, 4319456.293, 91
Trd, 4319456.643, 114
Trd, 4319457.093, 140
Trd, 4319458.143, 82
Trd, 4319458.793, 97
Trd, 4319459.143, 140
Trd, 4319459.193, 66
Trd, 4319460.443, 61
Trd, 4319461.093, 62
Trd, 4319461.243, 140
Trd, 4319461.743, 75
Trd, 4319462.343, 112
Trd, 4319463.393, 71
Trd, 4319463.643, 68
Trd, 4319463.793, 94
Trd, 4319465.143, 60
Trd, 4319465.593, 60
Trd, 4319467.193, 115
Trd, 4319467.693, 62
Trd, 4319468.943, 61
Trd, 4319468.993, 74
Trd, 4319469.593, 62
Trd, 4319470.193, 66
Trd, 4319471.943, 65
Trd, 4319472.143, 67
Trd, 4319472.493, 68
Trd, 4319473.543, 63
Trd, 4319473.843, 66
Trd, 4319474.343, 64
Trd, 4319474.393, 63
Trd, 4319475.043, 60
Trd, 4319475.193, 91
Trd, 4319476.543, 62
Trd, 4319477.543, 61
Trd, 4319478.093, 91
Trd, 4319478.593, 101
Trd, 4319479.493, 67
Trd, 4319479.843, 60
Trd, 4319480.443, 85
Trd, 4319480.643, 87
Trd, 4319481.293, 123
Trd, 4319482.543, 62
Trd, 4319483.393, 61
Trd, 4319484.093, 62
Trd, 4319484.393, 121
Trd, 4319484.893, 108
Trd, 4319485.543, 78
Trd, 4319485.593, 88
Trd, 4319486.393, 69
Trd, 4319487.443, 66
Trd, 4319487.893, 61
Trd, 4319487.943, 64
Trd, 4319489.343, 67
Trd, 4319489.693, 66
Trd, 4319489.993, 63
Trd, 4319490.093, 62
Trd, 4319490.693, 65
Trd, 4319491.893, 63
Trd, 4319493.293, 66
Trd, 4319493.543, 70
Trd, 4319494.293, 60
Trd, 4319495.643, 60
Trd, 4319495.843, 60
Trd, 4319496.093, 60
Trd, 4319496.343, 61
Trd, 4319497.093, 65
Trd, 4319497.643, 138
Trd, 4319498.293, 62
Trd, 4319499.043, 75
Trd, 4319499.293, 63
Trd, 4319499.593, 64
Trd, 4319500.493, 125
Trd, 4319501.343, 126
Trd, 4319502.843, 124
Trd, 4319503.093, 91
Trd, 4319503.743, 129
Trd, 4319504.443, 105
Trd, 4319504.993, 60
Trd, 4319505.293, 64
Trd, 4319505.793, 60
Trd, 4319508.993, 62
Trd, 4319509.343, 61
Trd, 4319509.743, 66
Trd, 4319510.143, 60
Trd, 4319510.443, 60
Trd, 4319510.943, 63
Trd, 4319511.043, 76
Trd, 4319511.143, 82
Trd, 4319512.193, 60
Trd, 4319512.793, 60
Trd, 4319512.943, 124
Trd, 4319514.643, 60
Trd, 4319515.043, 63
Trd, 4319515.943, 60
Trd, 4319516.243, 64
Trd, 4319517.593, 69
Trd, 4319518.093, 63
Trd, 4319519.643, 60
Trd, 4319519.843, 65
Trd, 4319520.243, 66
Trd, 4319520.893, 60
Trd, 4319520.943, 60
Trd, 4319522.093, 60
Trd, 4319522.393, 139
Trd, 4319522.593, 121
Trd, 4319523.843, 62
Trd, 4319524.493, 79
Trd, 4319524.793, 66
Trd, 4319525.043, 83
Trd, 4319525.893, 136
Trd, 4319526.893, 98
Trd, 4319527.343, 96
Trd, 4319528.143, 140
Trd, 4319529.043, 140
Trd, 4319529.493, 140
Trd, 4319529.643, 137
Trd, 4319530.343, 62
Trd, 4319531.243, 96
Trd, 4319531.793, 86
Trd, 4319532.843, 109
Trd, 4319533.043, 77
Trd, 4319533.193, 66
Trd, 4319534.243, 128
Trd, 4319534.643, 140
Trd, 4319534.743, 139
Trd, 4319536.843, 70
Trd, 4319538.143, 60
Trd, 4319539.193, 60
Trd, 4319539.343, 61
Trd, 4319539.693, 68
Trd, 4319540.843, 64
Trd, 4319541.643, 61
Trd, 4319541.893, 64
Trd, 4319542.393, 60
Trd, 4319543.243, 60
Trd, 4319544.743, 60
Trd, 4319545.393, 60
Trd, 4319545.643, 62
Trd, 4319546.043, 61
Trd, 4319547.643, 62
Trd, 4319547.793, 67
Trd, 4319548.243, 60
Trd, 4319549.093, 61
Trd, 4319550.193, 61
Trd, 4319550.593, 63
Trd, 4319551.143, 72
Trd, 4319551.343, 75
Trd, 4319551.843, 66
Trd, 4319553.193, 62
Trd, 4319553.643, 68
Trd, 4319556.193, 60
Trd, 4319556.243, 64
Trd, 4319556.543, 74
Trd, 4319557.493, 64
Trd, 4319557.593, 76
Trd, 4319558.493, 64
Trd, 4319558.543, 73
Trd, 4319559.443, 74
Trd, 4319559.893, 63
Trd, 4319560.343, 85
Trd, 4319560.543, 84
Trd, 4319562.343, 60
Trd, 4319562.493, 65
Trd, 4319562.843, 69
Trd, 4319563.343, 61
Trd, 4319564.143, 140
Trd, 4319564.243, 129
Trd, 4319565.643, 60
Trd, 4319566.143, 62
Trd, 4319566.543, 61
Trd, 4319567.343, 62
Trd, 4319567.493, 63
Trd, 4319568.343, 60
Trd, 4319568.393, 62
Trd, 4319568.943, 63
Trd, 4319570.243, 71
Trd, 4319570.693, 60
Trd, 4319571.143, 60
Trd, 4319571.343, 65
Trd, 4319571.593, 71
Trd, 4319572.943, 87
Trd, 4319573.893, 139
Trd, 4319574.043, 140
Trd, 4319575.743, 60
Trd, 4319577.243, 62
Trd, 4319578.393, 60
Trd, 4319578.493, 64
Trd, 4319578.643, 68
Trd, 4319579.243, 82
Trd, 4319579.443, 134
Trd, 4319579.743, 106
Trd, 4319580.793, 62
Trd, 4319582.293, 60
Trd, 4319583.743, 60
Trd, 4319584.193, 61
Trd, 4319584.493, 61
Trd, 4319585.293, 65
Trd, 4319586.493, 119
Trd, 4319586.843, 119
Trd, 4319587.143, 61
Trd, 4319588.093, 140
Trd, 4319588.443, 133
Trd, 4319589.293, 100
Trd, 4319589.693, 99
Trd, 4319591.043, 99
Trd, 4319591.493, 133
Trd, 4319591.593, 89
Trd, 4319592.093, 140
Trd, 4319593.093, 140
Trd, 4319593.643, 140
Trd, 4319594.393, 139
Trd, 4319594.993, 136
Trd, 4319597.193, 138
Trd, 4319597.443, 116
Trd, 4319598.043, 78
Trd, 4319598.693, 64
Trd, 4319599.143, 86
Trd, 4319600.393, 140
Trd, 4319600.693, 140
Trd, 4319601.043, 139
Trd, 4319602.343, 140
Trd, 4319602.443, 131
Trd, 4319602.793, 117
Trd, 4319603.443, 130
Trd, 4319603.593, 105
Trd, 4319603.693, 104
Trd, 4319604.643, 133
Trd, 4319605.043, 135
Trd, 4319606.193, 140
Trd, 4319607.293, 123
Trd, 4319607.943, 125
Trd, 4319608.193, 139
Trd, 4319608.743, 108
Trd, 4319609.143, 98
Trd, 4319609.943, 140
Trd, 4319611.593, 139
Trd, 4319612.643, 139
Trd, 4319613.443, 137
Trd, 4319613.743, 97
Trd, 4319614.493, 121
Trd, 4319614.993, 115
Trd, 4319615.093, 112
Trd, 4319615.793, 138
Trd, 4319616.193, 61
Trd, 4319616.543, 87
Trd, 4319618.143, 67
Trd, 4319618.693, 60
Trd, 4319619.543, 95
Trd, 4319620.843, 62
Trd, 4319621.643, 63
Trd, 4319622.193, 69
Trd, 4319622.643, 60
Trd, 4319622.943, 68
Trd, 4319623.243, 69
Trd, 4319623.443, 102
Trd, 4319625.143, 62
Trd, 4319625.243, 61
Trd, 4319626.443, 135
Trd, 4319626.493, 134
Trd, 4319626.693, 73
Trd, 4319628.643, 62
Trd, 4319629.143, 66
Trd, 4319629.293, 68
Trd, 4319629.543, 61
Trd, 4319630.093, 61
Trd, 4319631.293, 107
Trd, 4319631.443, 109
Trd, 4319632.043, 64
Trd, 4319632.343, 73
Trd, 4319633.693, 71
Trd, 4319633.893, 80
Trd, 4319635.643, 62
Trd, 4319635.693, 67
Trd, 4319637.293, 89
Trd, 4319637.443, 75
Trd, 4319637.593, 117
Trd, 4319638.093, 76
Trd, 4319638.143, 99
Trd, 4319638.793, 62
Trd, 4319640.743, 60
Trd, 4319640.943, 64
Trd, 4319641.043, 66
Trd, 4319641.743, 60
Trd, 4319642.543, 75
Trd, 4319642.643, 63
Trd, 4319643.193, 61
Trd, 4319643.243, 71
Trd, 4319644.093, 68
Trd, 4319644.143, 75
Trd, 4319645.893, 122
Trd, 4319645.993, 107
Trd, 4319646.493, 106
Trd, 4319648.193, 140
Trd, 4319648.593, 139
Trd, 4319648.693, 138
Trd, 4319648.993, 120
Trd, 4319649.293, 119
Trd, 4319649.993, 99
Trd, 4319650.843, 137
Trd, 4319652.343, 60
Trd, 4319652.643, 64
Trd, 4319653.043, 65
Trd, 4319653.893, 79
Trd, 4319654.743, 60
Trd, 4319655.943, 63
Trd, 4319657.143, 61
Trd, 4319657.293, 60
Trd, 4319658.443, 62
Trd, 4319658.593, 78
Trd, 4319659.293, 128
Trd, 4319660.393, 68
Trd, 4319661.443, 135
Trd, 4319661.693, 123
Trd, 4319662.293, 139
Trd, 4319663.093, 108
Trd, 4319663.343, 68
Trd, 4319663.693, 62
Trd, 4319664.493, 64
Trd, 4319664.943, 76
Trd, 4319665.643, 66
Trd, 4319665.943, 111
Trd, 4319666.693, 68
Trd, 4319666.993, 64
Trd, 4319667.093, 70
Trd, 4319667.893, 140
Trd, 4319667.993, 90
Trd, 4319668.743, 71
Trd, 4319669.493, 84
Trd, 4319671.493, 61
Trd, 4319671.593, 61
Trd, 4319671.843, 69
Trd, 4319672.643, 61
Trd, 4319672.843, 105
Trd, 4319673.393, 97
Trd, 4319673.443, 92
Trd, 4319674.243, 61
Trd, 4319676.143, 67
Trd, 4319676.443, 84
Trd, 4319676.593, 67
Trd, 4319676.943, 115
Trd, 4319677.893, 115
Trd, 4319678.793, 73
Trd, 4319680.043, 60
Trd, 4319680.093, 60
Trd, 4319680.643, 71
Trd, 4319681.343, 62
Trd, 4319682.543, 60
Trd, 4319682.893, 60
Trd, 4319683.443, 63
Trd, 4319683.643, 63
Trd, 4319683.893, 65
Trd, 4319685.893, 60
Trd, 4319686.243, 65
Trd, 4319687.093, 60
Trd, 4319688.143, 60
Trd, 4319689.343, 60
Trd, 4319689.693, 61
Trd, 4319689.893, 63
Trd, 4319690.843, 69
Trd, 4319691.593, 60
Trd, 4319692.593, 60
Trd, 4319693.243, 61
Trd, 4319693.743, 88
Trd, 4319694.493, 105
Trd, 4319694.993, 119
Trd, 4319695.093, 93
Trd, 4319695.393, 124
Trd, 4319695.443, 87
Trd, 4319696.043, 62
Trd, 4319696.643, 91
Trd, 4319697.893, 72
Trd, 4319698.393, 71
Trd, 4319698.643, 71
Trd, 4319698.993, 85
Trd, 4319699.693, 94
Trd, 4319700.893, 140
Trd, 4319701.143, 139
Trd, 4319701.543, 95
Trd, 4319702.743, 122
Trd, 4319703.593, 110
Trd, 4319704.043, 112
Trd, 4319704.343, 139
Trd, 4319704.843, 61
Trd, 4319705.843, 60
Trd, 4319706.693, 115
Trd, 4319707.993, 140
Trd, 4319708.093, 121
Trd, 4319708.443, 135
Trd, 4319708.843, 120
Trd, 4319709.093, 103
Trd, 4319709.843, 133
Trd, 4319709.993, 121
Trd, 4319711.693, 140
Trd, 4319712.093, 138
Trd, 4319712.343, 124
Trd, 4319712.893, 110
Trd, 4319713.343, 69
Trd, 4319713.793, 113
Trd, 4319714.293, 140
Trd, 4319715.493, 126
Trd, 4319715.843, 76
Trd, 4319716.343, 63
Trd, 4319717.043, 65
Trd, 4319718.593, 62
Trd, 4319718.993, 65
Trd, 4319719.193, 61
Trd, 4319719.893, 72
Trd, 4319720.293, 117
Trd, 4319720.443, 71
Trd, 4319720.543, 67
Trd, 4319721.843, 140
Trd, 4319722.093, 119
Trd, 4319722.343, 118
Trd, 4319723.343, 128
Trd, 4319723.693, 127
Trd, 4319724.643, 82
Trd, 4319725.693, 80
Trd, 4319726.593, 140
Trd, 4319727.743, 140
Trd, 4319727.843, 129
Trd, 4319729.543, 131
Trd, 4319729.593, 130
Trd, 4319729.943, 84
Trd, 4319730.193, 77
Trd, 4319730.443, 76
Trd, 4319732.093, 62
Trd, 4319732.893, 66
Trd, 4319733.193, 74
Trd, 4319733.293, 74
Trd, 4319734.243, 60
Trd, 4319735.393, 62
Trd, 4319735.743, 65
Trd, 4319736.593, 66
Trd, 4319736.743, 88
Trd, 4319737.443, 99
Trd, 4319737.843, 70
Trd, 4319737.993, 69
Trd, 4319739.343, 109
Trd, 4319740.143, 79
Trd, 4319740.593, 140
Trd, 4319741.443, 64
Trd, 4319742.993, 61
Trd, 4319743.043, 62
Trd, 4319743.193, 70
Trd, 4319743.543, 140
Trd, 4319744.093, 72
Trd, 4319744.593, 65
Trd, 4319745.043, 140
Trd, 4319745.893, 88
Trd, 4319745.993, 87
Trd, 4319747.293, 130
Trd, 4319748.793, 137
Trd, 4319748.993, 136
Trd, 4319749.643, 135
Trd, 4319749.743, 99
Trd, 4319749.843, 94
Trd, 4319750.593, 115
Trd, 4319751.843, 140
Trd, 4319751.943, 139
Trd, 4319752.643, 106
Trd, 4319752.893, 104
Trd, 4319753.443, 131
Trd, 4319755.343, 132
Trd, 4319755.793, 109
Trd, 4319756.093, 140
Trd, 4319756.793, 65
Trd, 4319757.143, 123
Trd, 4319757.343, 136
Trd, 4319758.343, 64
Trd, 4319758.843, 64
Trd, 4319759.293, 65
Trd, 4319759.543, 69
Trd, 4319760.543, 81
Trd, 4319761.743, 131
Trd, 4319762.243, 97
Trd, 4319762.943, 62
Trd, 4319763.043, 81
Trd, 4319764.143, 61
Trd, 4319765.643, 126
Trd, 4319766.343, 140
Trd, 4319767.193, 140
Trd, 4319767.743, 140
Trd, 4319768.443, 110
Trd, 4319768.493, 93
Trd, 4319768.743, 91
Trd, 4319769.143, 138
Trd, 4319769.993, 109
Trd, 4319770.693, 63
Trd, 4319771.243, 60
Trd, 4319771.343, 64
Trd, 4319772.543, 61
Trd, 4319773.443, 66
Trd, 4319773.843, 67
Trd, 4319775.693, 69
Trd, 4319775.843, 71
Trd, 4319776.593, 62
Trd, 4319777.943, 110
Trd, 4319778.493, 80
Trd, 4319778.743, 78
Trd, 4319779.143, 60
Trd, 4319779.543, 81
Trd, 4319780.643, 95
Trd, 4319780.993, 69
Trd, 4319781.293, 92
Trd, 4319781.743, 140
Trd, 4319782.543, 115
Trd, 4319783.843, 62
Trd, 4319784.243, 78
Trd, 4319784.393, 79
Trd, 4319784.793, 81
Trd, 4319786.243, 72
Trd, 4319786.893, 73
Trd, 4319787.543, 90
Trd, 4319789.093, 140
Trd, 4319790.393, 140
Trd, 4319790.643, 138
Trd, 4319790.943, 119
Trd, 4319790.993, 115
Trd, 4319791.443, 91
Trd, 4319791.543, 122
Trd, 4319791.593, 89
Trd, 4319792.143, 80
Trd, 4319792.743, 84
Trd, 4319793.393, 98
Trd, 4319794.893, 139
Trd, 4319795.043, 138
Trd, 4319795.843, 90
Trd, 4319796.493, 113
Trd, 4319796.643, 89
Trd, 4319797.643, 139
Trd, 4319797.893, 126
Trd, 4319798.093, 92
Trd, 4319798.743, 114
Trd, 4319799.193, 75
Trd, 4319800.443, 101
Trd, 4319801.593, 140
Trd, 4319802.243, 140
Trd, 4319803.143, 127
Trd, 4319803.293, 125
Trd, 4319804.393, 117
Trd, 4319805.593, 137
Trd, 4319805.743, 111
Trd, 4319805.793, 96
Trd, 4319806.143, 138
Trd, 4319806.593, 85
Trd, 4319807.143, 86
Trd, 4319807.593, 140
Trd, 4319807.793, 83
Trd, 4319808.993, 69
Trd, 4319810.343, 140
Trd, 4319810.493, 138
Trd, 4319811.443, 137
Trd, 4319811.643, 136
Trd, 4319812.093, 128
Trd, 4319812.343, 139
Trd, 4319812.993, 90
Trd, 4319813.693, 119
Trd, 4319813.743, 69
Trd, 4319815.343, 140
Trd, 4319815.893, 140
Trd, 4319816.293, 140
Trd, 4319817.793, 140
Trd, 4319818.493, 139
Trd, 4319818.793, 132
Trd, 4319818.993, 99
Trd, 4319821.193, 60
Trd, 4319821.493, 64
Trd, 4319821.543, 64
Trd, 4319821.643, 64
Trd, 4319822.343, 140
Trd, 4319822.743, 78
Trd, 4319823.493, 92
Trd, 4319824.093, 140
Trd, 4319825.343, 136
Trd, 4319826.143, 140
Trd, 4319826.443, 138
Trd, 4319827.293, 135
Trd, 4319827.993, 132
Trd, 4319828.143, 109
Trd, 4319828.843, 140
Trd, 4319830.543, 122
Trd, 4319830.643, 121
Trd, 4319830.743, 124
Trd, 4319830.893, 96
Trd, 4319832.443, 133
Trd, 4319832.743, 119
Trd, 4319833.193, 137
Trd, 4319833.493, 97
Trd, 4319834.593, 133
Trd, 4319835.593, 138
Trd, 4319835.843, 140
Trd, 4319836.843, 138
Trd, 4319836.993, 92
Trd, 4319837.443, 100
Trd, 4319838.643, 97
Trd, 4319839.393, 70
Trd, 4319839.793, 60
Trd, 4319841.393, 140
Trd, 4319841.743, 140
Trd, 4319842.543, 140
Trd, 4319843.493, 138
Trd, 4319843.593, 100
Trd, 4319843.693, 62
Trd, 4319844.393, 74
Trd, 4319844.593, 60
Trd, 4319845.743, 101
Trd, 4319847.593, 140
Trd, 4319848.043, 139
Trd, 4319848.493, 140
Trd, 4319848.893, 138
Trd, 4319849.093, 127
Trd, 4319850.143, 140
Trd, 4319851.393, 140
Trd, 4319851.543, 121
Trd, 4319852.393, 118
Trd, 4319852.593, 116
Trd, 4319852.743, 134
Trd, 4319853.893, 135
Trd, 4319854.193, 116
Trd, 4319855.393, 91
Trd, 4319855.893, 67
Trd, 4319857.043, 104
Trd, 4319857.193, 100
Trd, 4319857.343, 99
Trd, 4319858.093, 132
Trd, 4319858.443, 95
Trd, 4319859.643, 139
Trd, 4319859.743, 114
Trd, 4319859.893, 94
Trd, 4319860.193, 75
Trd, 4319861.143, 132
Trd, 4319861.693, 123
Trd, 4319862.343, 108
Trd, 4319862.743, 95
Trd, 4319863.393, 61
Trd, 4319865.343, 127
Trd, 4319866.543, 79
Trd, 4319867.293, 96
Trd, 4319867.443, 107
Trd, 4319868.343, 106
Trd, 4319868.443, 123
Trd, 4319868.943, 61
Trd, 4319869.643, 65
Trd, 4319869.693, 73
Trd, 4319869.893, 60
Trd, 4319871.243, 60
Trd, 4319871.693, 60
Trd, 4319872.943, 64
Trd, 4319873.093, 67
Trd, 4319873.543, 67
Trd, 4319873.943, 64
Trd, 4319874.943, 64
Trd, 4319875.193, 72
Trd, 4319876.493, 63
Trd, 4319876.893, 101
Trd, 4319877.993, 60
Trd, 4319878.793, 61
Trd, 4319879.293, 62
Trd, 4319879.843, 60
Trd, 4319879.943, 61
Trd, 4319880.693, 63
Trd, 4319880.743, 62
Trd, 4319881.243, 87
Trd, 4319881.693, 140
Trd, 4319882.693, 63
Trd, 4319882.943, 82
Trd, 4319883.743, 126
Trd, 4319884.443, 74
Trd, 4319885.243, 66
Trd, 4319886.093, 72
Trd, 4319887.843, 64
Trd, 4319888.393, 68
Trd, 4319888.543, 61
Trd, 4319888.693, 101
Trd, 4319888.993, 70
Trd, 4319890.193, 95
Trd, 4319891.293, 60
Trd, 4319891.493, 69
Trd, 4319893.293, 64
Trd, 4319893.543, 65
Trd, 4319894.043, 74
Trd, 4319894.093, 81
Trd, 4319895.843, 63
Trd, 4319896.393, 83
Trd, 4319896.993, 61
Trd, 4319897.043, 86
Trd, 4319897.093, 60
Trd, 4319898.093, 88
Trd, 4319898.993, 75
Trd, 4319899.443, 76
Trd, 4319899.893, 66
Trd, 4319900.793, 100
Trd, 4319900.943, 119
Trd, 4319901.393, 75
Trd, 4319901.693, 60
Trd, 4319902.393, 72
Trd, 4319903.243, 60
Trd, 4319903.643, 115
Trd, 4319904.343, 138
Trd, 4319906.543, 73
Trd, 4319907.643, 64
Trd, 4319907.843, 60
Trd, 4319908.043, 60
Trd, 4319908.293, 83
Trd, 4319908.443, 94
Trd, 4319909.093, 62
Trd, 4319909.943, 61
Trd, 4319910.393, 71
Trd, 4319911.693, 60
Trd, 4319911.793, 73
Trd, 4319912.693, 125
Trd, 4319913.143, 70
Trd, 4319914.343, 66
Trd, 4319915.643, 60
Trd, 4319917.093, 60
Trd, 4319917.493, 62
Trd, 4319918.193, 60
Trd, 4319918.643, 62
Trd, 4319918.743, 63
Trd, 4319918.893, 65
Trd, 4319919.043, 72
Trd, 4319919.443, 64
Trd, 4319919.993, 121
Trd, 4319920.143, 63
Trd, 4319920.793, 92
Trd, 4319920.993, 77
Trd, 4319921.193, 60
Trd, 4319922.193, 60
Trd, 4319922.293, 65
Trd, 4319923.343, 61
Trd, 4319923.993, 61
Trd, 4319924.593, 61
Trd, 4319924.843, 62
Trd, 4319924.943, 86
Trd, 4319925.493, 61
Trd, 4319928.243, 61
Trd, 4319928.943, 62
Trd, 4319928.993, 67
Trd, 4319929.743, 67
Trd, 4319929.943, 71
Trd, 4319930.243, 65
Trd, 4319931.943, 60
Trd, 4319932.643, 81
Trd, 4319932.743, 82
Trd, 4319934.043, 76
Trd, 4319934.243, 80
Trd, 4319934.693, 64
Trd, 4319935.543, 62
Trd, 4319936.793, 60
Trd, 4319937.543, 65
Trd, 4319938.793, 60
Trd, 4319939.093, 68
Trd, 4319939.293, 80
Trd, 4319939.543, 61
Trd, 4319940.293, 77
Trd, 4319940.843, 66
Trd, 4319941.193, 67
Trd, 4319942.043, 74
Trd, 4319942.843, 65
Trd, 4319942.893, 66
Trd, 4319944.393, 83
Trd, 4319944.543, 98
Trd, 4319945.243, 60
Trd, 4319945.993, 90
Trd, 4319947.293, 62
Trd, 4319947.443, 65
Trd, 4319948.893, 60
Trd, 4319949.043, 61
Trd, 4319949.843, 65
Trd, 4319950.743, 79
Trd, 4319951.743, 61
Trd, 4319954.193, 60
Trd, 4319955.193, 60
Trd, 4319955.293, 66
Trd, 4319955.393, 67
Trd, 4319955.693, 67
Trd, 4319956.943, 68
Trd, 4319957.243, 107
Trd, 4319957.493, 113
Trd, 4319958.943, 140
Trd, 4319959.643, 139
Trd, 4319959.843, 138
Trd, 4319960.193, 137
Trd, 4319960.693, 102
Trd, 4319961.843, 101
Trd, 4319961.943, 120
Trd, 4319961.993, 96
Trd, 4319962.643, 99
Trd, 4319962.693, 123
Trd, 4319964.093, 126
Trd, 4319964.293, 133
Trd, 4319964.393, 136
Trd, 4319965.443, 139
Trd, 4319965.743, 90
Trd, 4319967.043, 62
Trd, 4319967.143, 63
Trd, 4319967.543, 60
Trd, 4319968.593, 140
Trd, 4319968.943, 140
Trd, 4319969.093, 117
Trd, 4319969.193, 95
Trd, 4319970.293, 133
Trd, 4319970.793, 73
Trd, 4319971.043, 94
Trd, 4319972.943, 61
Trd, 4319973.393, 61
Trd, 4319973.593, 61
Trd, 4319974.343, 140
Trd, 4319974.543, 139
Trd, 4319974.993, 136
Trd, 4319975.943, 124
Trd, 4319975.993, 91
Trd, 4319977.043, 72
Trd, 4319977.193, 140
Trd, 4319978.293, 63
Trd, 4319979.543, 108
Trd, 4319979.793, 61
Trd, 4319980.393, 64
Trd, 4319981.043, 64
Trd, 4319982.293, 60
Trd, 4319982.793, 60
Trd, 4319982.893, 61
Trd, 4319983.443, 69
Trd, 4319985.143, 85
Trd, 4319985.593, 120
Trd, 4319986.593, 102
Trd, 4319986.643, 92
Trd, 4319986.693, 75
Trd, 4319987.143, 140
Trd, 4319987.293, 66
Trd, 4319989.293, 72
Trd, 4319989.493, 73
Trd, 4319990.043, 61
Trd, 4319990.493, 60
Trd, 4319990.693, 63
Trd, 4319990.943, 64
Trd, 4319992.043, 137
Trd, 4319992.943, 135
Trd, 4319993.843, 113
Trd, 4319993.943, 112
Trd, 4319994.293, 81
Trd, 4319995.493, 99
Trd, 4319996.793, 84
Trd, 4319997.643, 109
Trd, 4319997.693, 108
Trd, 4319997.893, 114
Trd, 4319999.243, 60
Trd, 4319999.593, 61
Trd, 4319999.893, 61
Trd, 4319999.943, 65
