Trd, 4318190.393, 138
Trd, 4318190.493, 124
Trd, 4318190.993, 140
Trd, 4318191.043, 99
Trd, 4318192.743, 140
Trd, 4318193.143, 140
Trd, 4318194.493, 140
Trd, 4318195.343, 140
Trd, 4318195.643, 140
Trd, 4318195.993, 140
Trd, 4318196.093, 140
Trd, 4318197.393, 140
Trd, 4318197.593, 140
Trd, 4318198.543, 140
Trd, 4318198.693, 140
Trd, 4318199.443, 140
Trd, 4318199.843, 140
Trd, 4318200.643, 140
Trd, 4318201.843, 139
Trd, 4318202.043, 140
Trd, 4318202.243, 138
Trd, 4318202.393, 137
Trd, 4318204.393, 60
Trd, 4318204.593, 66
Trd, 4318205.293, 60
Trd, 4318205.643, 61
Trd, 4318206.093, 62
Trd, 4318206.193, 71
Trd, 4318207.143, 140
Trd, 4318207.693, 63
Trd, 4318208.693, 62
Trd, 4318208.943, 60
Trd, 4318209.643, 63
Trd, 4318209.693, 67
Trd, 4318211.343, 140
Trd, 4318211.593, 140
Trd, 4318211.643, 140
Trd, 4318212.043, 107
Trd, 4318212.693, 140
Trd, 4318212.943, 130
Trd, 4318213.093, 126
Trd, 4318213.843, 62
Trd, 4318214.893, 107
Trd, 4318215.893, 140
Trd, 4318216.143, 123
Trd, 4318216.293, 140
Trd, 4318217.643, 69
Trd, 4318217.693, 91
Trd, 4318218.343, 115
Trd, 4318218.743, 114
Trd, 4318219.243, 137
Trd, 4318219.693, 77
Trd, 4318220.093, 76
Trd, 4318221.343, 140
Trd, 4318221.993, 140
Trd, 4318222.593, 138
Trd, 4318222.743, 137
Trd, 4318223.693, 140
Trd, 4318224.943, 140
Trd, 4318225.693, 140
Trd, 4318226.143, 140
Trd, 4318226.393, 140
Trd, 4318227.543, 140
Trd, 4318227.843, 140
Trd, 4318228.343, 140
Trd, 4318228.693, 140
Trd, 4318229.543, 139
Trd, 4318229.743, 139
Trd, 4318230.443, 140
Trd, 4318230.843, 139
Trd, 4318232.543, 130
Trd, 4318233.093, 61
Trd, 4318234.143, 62
Trd, 4318234.843, 60
Trd, 4318234.943, 62
Trd, 4318234.993, 63
Trd, 4318236.243, 140
Trd, 4318236.643, 137
Trd, 4318237.043, 63
Trd, 4318237.393, 140
Trd, 4318238.293, 60
Trd, 4318238.793, 61
Trd, 4318239.343, 61
Trd, 4318239.643, 61
Trd, 4318239.893, 70
Trd, 4318241.143, 63
Trd, 4318241.343, 66
Trd, 4318242.293, 62
Trd, 4318243.493, 62
Trd, 4318243.693, 64
Trd, 4318244.243, 60
Trd, 4318244.693, 60
Trd, 4318245.443, 140
Trd, 4318245.843, 140
Trd, 4318246.893, 140
Trd, 4318247.193, 140
Trd, 4318248.043, 139
Trd, 4318248.143, 138
Trd, 4318248.643, 140
Trd, 4318249.293, 120
Trd, 4318249.693, 80
Trd, 4318250.193, 79
Trd, 4318250.743, 140
Trd, 4318251.843, 140
Trd, 4318252.243, 139
Trd, 4318252.693, 139
Trd, 4318253.943, 140
Trd, 4318254.443, 140
Trd, 4318255.193, 140
Trd, 4318255.293, 140
Trd, 4318255.393, 138
Trd, 4318255.843, 64
Trd, 4318256.543, 72
Trd, 4318257.693, 139
Trd, 4318257.793, 95
Trd, 4318258.593, 61
Trd, 4318258.643, 70
Trd, 4318258.793, 60
Trd, 4318259.643, 60
Trd, 4318260.893, 127
Trd, 4318261.343, 60
Trd, 4318262.343, 64
Trd, 4318262.793, 61
Trd, 4318263.393, 66
Trd, 4318264.193, 61
Trd, 4318264.593, 136
Trd, 4318265.343, 130
Trd, 4318265.893, 140
Trd, 4318266.593, 140
Trd, 4318267.293, 140
Trd, 4318267.943, 140
Trd, 4318268.343, 140
Trd, 4318268.693, 108
Trd, 4318269.293, 140
Trd, 4318270.093, 140
Trd, 4318270.293, 139
Trd, 4318270.593, 140
Trd, 4318271.643, 139
Trd, 4318273.543, 140
Trd, 4318273.693, 140
Trd, 4318273.843, 140
Trd, 4318274.093, 140
Trd, 4318274.443, 139
Trd, 4318276.243, 140
Trd, 4318276.793, 140
Trd, 4318276.943, 140
Trd, 4318277.043, 140
Trd, 4318278.543, 140
Trd, 4318279.043, 140
Trd, 4318279.493, 140
Trd, 4318279.843, 140
Trd, 4318279.893, 138
Trd, 4318281.143, 140
Trd, 4318281.693, 63
Trd, 4318281.843, 91
Trd, 4318283.193, 140
Trd, 4318283.593, 140
Trd, 4318283.943, 140
Trd, 4318284.343, 140
Trd, 4318285.243, 140
Trd, 4318286.343, 140
Trd, 4318286.793, 140
Trd, 4318287.293, 140
Trd, 4318287.443, 140
Trd, 4318288.243, 140
Trd, 4318288.343, 140
Trd, 4318288.793, 139
Trd, 4318290.193, 124
Trd, 4318291.093, 140
Trd, 4318291.243, 138
Trd, 4318291.743, 66
Trd, 4318292.293, 65
Trd, 4318292.843, 62
Trd, 4318293.593, 137
Trd, 4318294.093, 138
Trd, 4318294.593, 139
Trd, 4318295.143, 101
Trd, 4318296.093, 75
Trd, 4318296.293, 61
Trd, 4318296.443, 114
Trd, 4318297.193, 62
Trd, 4318297.493, 86
Trd, 4318298.893, 60
Trd, 4318299.143, 61
Trd, 4318299.793, 60
Trd, 4318299.943, 61
Trd, 4318300.743, 64
Trd, 4318301.293, 138
Trd, 4318301.743, 76
Trd, 4318303.243, 61
Trd, 4318303.793, 62
Trd, 4318304.043, 63
Trd, 4318306.393, 64
Trd, 4318307.293, 60
Trd, 4318307.493, 61
Trd, 4318307.643, 63
Trd, 4318308.343, 64
Trd, 4318308.543, 62
Trd, 4318309.343, 73
Trd, 4318310.243, 60
Trd, 4318310.843, 61
Trd, 4318310.943, 61
Trd, 4318312.843, 63
Trd, 4318312.893, 101
Trd, 4318312.993, 118
Trd, 4318313.593, 139
Trd, 4318314.093, 63
Trd, 4318314.643, 140
Trd, 4318314.793, 138
Trd, 4318316.693, 60
Trd, 4318317.443, 63
Trd, 4318317.943, 60
Trd, 4318318.443, 61
Trd, 4318320.093, 60
Trd, 4318320.143, 62
Trd, 4318320.693, 61
Trd, 4318320.943, 62
Trd, 4318321.693, 65
Trd, 4318322.593, 62
Trd, 4318322.893, 63
Trd, 4318323.193, 67
Trd, 4318324.343, 64
Trd, 4318324.543, 66
Trd, 4318326.993, 60
Trd, 4318327.043, 63
Trd, 4318327.943, 60
Trd, 4318327.993, 62
Trd, 4318329.543, 60
Trd, 4318329.693, 60
Trd, 4318330.843, 60
Trd, 4318331.943, 60
Trd, 4318332.993, 60
Trd, 4318333.143, 60
Trd, 4318333.293, 61
Trd, 4318333.593, 62
Trd, 4318334.093, 98
Trd, 4318334.943, 64
Trd, 4318334.993, 61
Trd, 4318335.893, 61
Trd, 4318335.993, 64
Trd, 4318336.493, 124
Trd, 4318337.793, 60
Trd, 4318338.143, 139
Trd, 4318338.543, 60
Trd, 4318338.593, 60
Trd, 4318339.943, 136
Trd, 4318340.343, 62
Trd, 4318340.943, 60
Trd, 4318342.393, 60
Trd, 4318342.793, 61
Trd, 4318343.093, 64
Trd, 4318343.493, 80
Trd, 4318343.693, 60
Trd, 4318344.143, 63
Trd, 4318345.643, 62
Trd, 4318346.293, 62
Trd, 4318346.843, 63
Trd, 4318348.243, 61
Trd, 4318348.793, 63
Trd, 4318348.893, 67
Trd, 4318350.493, 61
Trd, 4318351.343, 60
Trd, 4318352.393, 60
Trd, 4318353.343, 60
Trd, 4318353.943, 61
Trd, 4318355.693, 60
Trd, 4318355.743, 62
Trd, 4318355.843, 65
Trd, 4318356.893, 60
Trd, 4318357.193, 63
Trd, 4318357.543, 63
Trd, 4318357.643, 66
Trd, 4318357.693, 76
Trd, 4318359.743, 60
Trd, 4318360.143, 60
Trd, 4318361.593, 60
Trd, 4318362.443, 61
Trd, 4318362.493, 64
Trd, 4318362.993, 81
Trd, 4318363.993, 60
Trd, 4318364.393, 60
Trd, 4318365.093, 64
Trd, 4318365.393, 64
Trd, 4318366.293, 60
Trd, 4318367.243, 62
Trd, 4318367.343, 62
Trd, 4318367.693, 70
Trd, 4318369.293, 61
Trd, 4318369.343, 63
Trd, 4318370.043, 63
Trd, 4318370.393, 118
Trd, 4318370.593, 139
Trd, 4318372.343, 69
Trd, 4318372.393, 121
Trd, 4318373.243, 61
Trd, 4318373.443, 62
Trd, 4318373.593, 61
Trd, 4318374.243, 62
Trd, 4318374.343, 64
Trd, 4318375.843, 62
Trd, 4318376.993, 60
Trd, 4318377.193, 60
Trd, 4318378.293, 60
Trd, 4318378.843, 61
Trd, 4318379.693, 60
Trd, 4318381.093, 60
Trd, 4318381.343, 60
Trd, 4318381.543, 62
Trd, 4318382.143, 64
Trd, 4318383.143, 62
Trd, 4318383.243, 67
Trd, 4318383.293, 138
Trd, 4318383.793, 64
Trd, 4318385.393, 140
Trd, 4318385.493, 140
Trd, 4318386.343, 140
Trd, 4318386.743, 140
Trd, 4318388.293, 140
Trd, 4318388.393, 140
Trd, 4318389.593, 140
Trd, 4318390.243, 140
Trd, 4318390.543, 140
Trd, 4318390.793, 138
Trd, 4318390.843, 132
Trd, 4318391.293, 63
Trd, 4318391.443, 61
Trd, 4318392.843, 60
Trd, 4318393.343, 60
Trd, 4318393.643, 60
Trd, 4318393.793, 61
Trd, 4318393.943, 62
Trd, 4318395.443, 61
Trd, 4318396.343, 60
Trd, 4318396.593, 62
Trd, 4318396.693, 140
Trd, 4318398.043, 138
Trd, 4318398.643, 62
Trd, 4318399.493, 61
Trd, 4318400.293, 60
Trd, 4318400.343, 64
Trd, 4318401.543, 65
Trd, 4318402.093, 79
Trd, 4318403.693, 140
Trd, 4318403.793, 140
Trd, 4318403.943, 79
Trd, 4318404.643, 140
Trd, 4318404.743, 103
Trd, 4318406.293, 140
Trd, 4318406.393, 140
Trd, 4318407.743, 140
Trd, 4318408.443, 140
Trd, 4318408.593, 140
Trd, 4318409.393, 140
Trd, 4318409.943, 139
Trd, 4318411.593, 140
Trd, 4318412.143, 140
Trd, 4318412.443, 140
Trd, 4318412.693, 140
Trd, 4318412.743, 140
Trd, 4318413.593, 139
Trd, 4318413.843, 140
Trd, 4318414.693, 61
Trd, 4318414.843, 63
Trd, 4318416.093, 60
Trd, 4318416.843, 66
Trd, 4318418.143, 60
Trd, 4318418.643, 60
Trd, 4318418.793, 60
Trd, 4318419.493, 60
Trd, 4318419.543, 93
Trd, 4318420.443, 60
Trd, 4318421.093, 60
Trd, 4318421.793, 127
Trd, 4318422.543, 140
Trd, 4318422.593, 113
Trd, 4318423.293, 94
Trd, 4318423.443, 140
Trd, 4318423.643, 93
Trd, 4318424.343, 61
Trd, 4318424.593, 96
Trd, 4318425.393, 138
Trd, 4318426.093, 130
Trd, 4318426.893, 136
Trd, 4318427.143, 134
Trd, 4318429.643, 140
Trd, 4318429.793, 140
Trd, 4318429.893, 140
Trd, 4318430.493, 140
Trd, 4318431.843, 140
Trd, 4318432.143, 131
Trd, 4318432.743, 61
Trd, 4318433.443, 62
Trd, 4318434.093, 137
Trd, 4318434.143, 137
Trd, 4318434.993, 140
Trd, 4318435.493, 140
Trd, 4318435.743, 140
Trd, 4318436.493, 74
Trd, 4318436.893, 61
Trd, 4318437.093, 136
Trd, 4318437.993, 140
Trd, 4318438.643, 62
Trd, 4318439.743, 64
Trd, 4318440.743, 140
Trd, 4318441.193, 65
Trd, 4318441.793, 78
Trd, 4318442.143, 66
Trd, 4318442.393, 117
Trd, 4318443.293, 140
Trd, 4318443.693, 138
Trd, 4318444.593, 60
Trd, 4318444.993, 128
Trd, 4318445.293, 68
Trd, 4318446.393, 97
Trd, 4318447.143, 61
Trd, 4318447.443, 136
Trd, 4318449.043, 66
Trd, 4318449.293, 60
Trd, 4318449.393, 67
Trd, 4318449.443, 86
Trd, 4318450.993, 60
Trd, 4318451.143, 66
Trd, 4318452.093, 67
Trd, 4318452.993, 64
Trd, 4318453.043, 66
Trd, 4318453.943, 63
Trd, 4318454.493, 76
Trd, 4318455.193, 128
Trd, 4318456.043, 63
Trd, 4318456.443, 72
Trd, 4318457.393, 140
Trd, 4318457.543, 139
Trd, 4318458.543, 61
Trd, 4318458.943, 62
Trd, 4318459.493, 87
Trd, 4318460.393, 139
Trd, 4318462.043, 60
Trd, 4318462.293, 64
Trd, 4318462.693, 64
Trd, 4318463.243, 62
Trd, 4318463.443, 120
Trd, 4318464.243, 61
Trd, 4318465.143, 60
Trd, 4318466.293, 60
Trd, 4318467.143, 63
Trd, 4318467.993, 61
Trd, 4318468.193, 60
Trd, 4318468.443, 62
Trd, 4318468.893, 62
Trd, 4318469.093, 65
Trd, 4318470.143, 61
Trd, 4318470.443, 64
Trd, 4318471.293, 136
Trd, 4318472.293, 60
Trd, 4318472.993, 61
Trd, 4318474.293, 60
Trd, 4318474.793, 60
Trd, 4318475.143, 60
Trd, 4318475.343, 60
Trd, 4318477.093, 61
Trd, 4318477.243, 62
Trd, 4318478.393, 60
Trd, 4318478.893, 62
Trd, 4318479.293, 62
Trd, 4318480.193, 63
Trd, 4318480.243, 65
Trd, 4318480.593, 126
Trd, 4318481.393, 71
Trd, 4318482.393, 61
Trd, 4318482.543, 61
Trd, 4318482.693, 64
Trd, 4318484.443, 61
Trd, 4318484.643, 138
Trd, 4318485.143, 62
Trd, 4318486.093, 69
Trd, 4318487.243, 60
Trd, 4318488.093, 61
Trd, 4318488.243, 61
Trd, 4318488.543, 69
Trd, 4318489.143, 104
Trd, 4318490.843, 140
Trd, 4318490.943, 138
Trd, 4318490.993, 137
Trd, 4318491.243, 64
Trd, 4318491.493, 139
Trd, 4318492.543, 61
Trd, 4318492.993, 140
Trd, 4318493.393, 89
Trd, 4318493.893, 62
Trd, 4318494.843, 140
Trd, 4318495.243, 140
Trd, 4318496.193, 140
Trd, 4318496.593, 140
Trd, 4318496.693, 138
Trd, 4318497.343, 71
Trd, 4318498.543, 140
Trd, 4318499.793, 60
Trd, 4318500.993, 60
Trd, 4318501.143, 61
Trd, 4318501.443, 62
Trd, 4318501.893, 67
Trd, 4318502.143, 67
Trd, 4318502.593, 140
Trd, 4318504.093, 64
Trd, 4318504.293, 76
Trd, 4318505.743, 60
Trd, 4318505.893, 63
Trd, 4318505.943, 67
Trd, 4318506.393, 63
Trd, 4318506.993, 61
Trd, 4318507.943, 72
Trd, 4318508.193, 74
Trd, 4318509.593, 60
Trd, 4318509.643, 61
Trd, 4318510.093, 66
Trd, 4318510.993, 139
Trd, 4318511.443, 63
Trd, 4318512.343, 134
Trd, 4318512.743, 133
Trd, 4318512.843, 138
Trd, 4318513.593, 61
Trd, 4318513.843, 76
Trd, 4318514.993, 60
Trd, 4318516.543, 140
Trd, 4318516.793, 140
Trd, 4318517.693, 140
Trd, 4318517.843, 133
Trd, 4318517.993, 140
Trd, 4318518.493, 140
Trd, 4318519.943, 140
Trd, 4318520.043, 140
Trd, 4318520.643, 140
Trd, 4318521.543, 139
Trd, 4318522.443, 140
Trd, 4318523.443, 123
Trd, 4318523.693, 140
Trd, 4318525.343, 140
Trd, 4318526.443, 140
Trd, 4318526.793, 140
Trd, 4318526.843, 139
Trd, 4318526.993, 136
Trd, 4318528.243, 140
Trd, 4318528.393, 139
Trd, 4318529.993, 61
Trd, 4318530.043, 62
Trd, 4318530.443, 62
Trd, 4318530.893, 78
Trd, 4318531.693, 60
Trd, 4318531.943, 81
Trd, 4318532.293, 139
Trd, 4318532.593, 140
Trd, 4318534.043, 140
Trd, 4318534.543, 139
Trd, 4318534.843, 139
Trd, 4318534.943, 139
Trd, 4318534.993, 135
Trd, 4318535.593, 140
Trd, 4318536.243, 69
Trd, 4318538.093, 60
Trd, 4318538.693, 140
Trd, 4318538.943, 140
Trd, 4318539.493, 140
Trd, 4318540.943, 140
Trd, 4318541.643, 139
Trd, 4318541.743, 136
Trd, 4318543.143, 64
Trd, 4318543.393, 62
Trd, 4318543.743, 63
Trd, 4318544.493, 61
Trd, 4318545.693, 60
Trd, 4318545.993, 61
Trd, 4318546.893, 61
Trd, 4318547.143, 62
Trd, 4318549.243, 60
Trd, 4318550.193, 60
Trd, 4318550.493, 64
Trd, 4318550.543, 65
Trd, 4318550.693, 61
Trd, 4318551.193, 67
Trd, 4318551.243, 73
Trd, 4318552.193, 74
Trd, 4318552.293, 77
Trd, 4318552.693, 91
Trd, 4318553.193, 137
Trd, 4318553.893, 60
Trd, 4318555.993, 61
Trd, 4318556.843, 61
Trd, 4318556.893, 61
Trd, 4318557.793, 64
Trd, 4318558.093, 63
Trd, 4318558.143, 66
Trd, 4318558.693, 64
Trd, 4318559.143, 62
Trd, 4318559.943, 140
Trd, 4318559.993, 138
Trd, 4318560.743, 140
Trd, 4318561.093, 140
Trd, 4318562.393, 140
Trd, 4318563.193, 63
Trd, 4318564.143, 62
Trd, 4318564.643, 63
Trd, 4318564.743, 64
Trd, 4318565.993, 81
Trd, 4318566.043, 80
Trd, 4318566.893, 63
Trd, 4318567.743, 140
Trd, 4318567.943, 140
Trd, 4318569.143, 62
Trd, 4318569.443, 62
Trd, 4318569.793, 137
Trd, 4318570.293, 140
Trd, 4318570.793, 140
Trd, 4318571.593, 138
Trd, 4318572.493, 62
Trd, 4318573.243, 140
Trd, 4318573.943, 139
Trd, 4318574.643, 140
Trd, 4318574.843, 140
Trd, 4318575.593, 140
Trd, 4318576.293, 140
Trd, 4318577.643, 140
Trd, 4318579.093, 140
Trd, 4318579.393, 140
Trd, 4318579.493, 140
Trd, 4318580.243, 140
Trd, 4318580.593, 139
Trd, 4318580.893, 139
Trd, 4318582.093, 140
Trd, 4318582.693, 140
Trd, 4318582.943, 140
Trd, 4318584.243, 140
Trd, 4318584.643, 140
Trd, 4318585.193, 140
Trd, 4318585.293, 140
Trd, 4318586.743, 140
Trd, 4318587.043, 139
Trd, 4318587.993, 138
Trd, 4318588.493, 140
Trd, 4318588.643, 139
Trd, 4318588.793, 129
Trd, 4318590.043, 138
Trd, 4318590.343, 138
Trd, 4318590.593, 138
Trd, 4318591.143, 140
Trd, 4318591.193, 116
Trd, 4318592.043, 139
Trd, 4318592.443, 128
Trd, 4318592.693, 110
Trd, 4318593.343, 63
Trd, 4318594.443, 140
Trd, 4318594.893, 140
Trd, 4318595.393, 140
Trd, 4318595.493, 139
Trd, 4318595.893, 139
Trd, 4318598.043, 140
Trd, 4318598.343, 140
Trd, 4318598.593, 140
Trd, 4318599.943, 140
Trd, 4318600.043, 140
Trd, 4318601.043, 140
Trd, 4318601.443, 140
Trd, 4318601.743, 140
Trd, 4318602.043, 140
Trd, 4318603.993, 140
Trd, 4318604.793, 140
Trd, 4318604.893, 140
Trd, 4318605.493, 139
Trd, 4318605.743, 139
Trd, 4318606.993, 129
Trd, 4318607.293, 139
Trd, 4318607.993, 140
Trd, 4318609.193, 140
Trd, 4318610.493, 140
Trd, 4318610.593, 137
Trd, 4318611.193, 71
Trd, 4318611.693, 60
Trd, 4318611.843, 61
Trd, 4318612.393, 107
Trd, 4318612.993, 140
Trd, 4318613.243, 140
Trd, 4318613.843, 69
Trd, 4318614.593, 140
Trd, 4318615.043, 140
Trd, 4318615.843, 60
Trd, 4318616.243, 60
Trd, 4318616.743, 61
Trd, 4318617.293, 65
Trd, 4318617.543, 67
Trd, 4318618.243, 66
Trd, 4318619.643, 139
Trd, 4318619.943, 137
Trd, 4318620.093, 135
Trd, 4318620.743, 81
Trd, 4318621.093, 140
Trd, 4318621.243, 79
Trd, 4318621.793, 140
Trd, 4318622.193, 135
Trd, 4318622.493, 140
Trd, 4318623.843, 61
Trd, 4318624.043, 61
Trd, 4318624.743, 62
Trd, 4318626.193, 63
Trd, 4318626.493, 63
Trd, 4318627.293, 60
Trd, 4318627.493, 66
Trd, 4318628.943, 62
Trd, 4318629.143, 63
Trd, 4318629.443, 60
Trd, 4318630.093, 60
Trd, 4318630.693, 62
Trd, 4318632.043, 66
Trd, 4318632.793, 61
Trd, 4318634.243, 60
Trd, 4318634.593, 60
Trd, 4318635.793, 61
Trd, 4318635.843, 67
Trd, 4318636.043, 111
Trd, 4318637.593, 60
Trd, 4318637.993, 65
Trd, 4318638.343, 73
Trd, 4318639.093, 60
Trd, 4318640.293, 60
Trd, 4318640.493, 60
Trd, 4318640.643, 63
Trd, 4318640.943, 75
Trd, 4318641.343, 71
Trd, 4318643.543, 61
Trd, 4318643.893, 61
Trd, 4318644.243, 60
Trd, 4318644.343, 66
Trd, 4318644.543, 132
Trd, 4318646.443, 60
Trd, 4318646.743, 60
Trd, 4318647.393, 66
Trd, 4318648.993, 60
Trd, 4318649.193, 61
Trd, 4318649.393, 63
Trd, 4318649.543, 64
Trd, 4318650.593, 62
Trd, 4318650.893, 61
Trd, 4318651.693, 61
Trd, 4318652.043, 61
Trd, 4318653.693, 60
Trd, 4318653.943, 62
Trd, 4318654.493, 62
Trd, 4318655.193, 64
Trd, 4318656.443, 140
Trd, 4318656.793, 140
Trd, 4318658.043, 140
Trd, 4318658.793, 140
Trd, 4318658.843, 140
Trd, 4318658.893, 139
Trd, 4318659.893, 138
Trd, 4318660.293, 83
Trd, 4318660.793, 139
Trd, 4318661.243, 136
Trd, 4318661.443, 137
Trd, 4318661.643, 135
Trd, 4318662.943, 127
Trd, 4318663.243, 64
Trd, 4318664.743, 140
Trd, 4318665.143, 140
Trd, 4318665.593, 140
Trd, 4318665.943, 140
Trd, 4318666.343, 140
Trd, 4318666.443, 136
Trd, 4318668.443, 140
Trd, 4318668.893, 139
Trd, 4318668.943, 139
Trd, 4318669.093, 139
Trd, 4318671.243, 140
Trd, 4318671.593, 140
Trd, 4318671.793, 129
Trd, 4318673.343, 138
Trd, 4318673.793, 138
Trd, 4318673.843, 137
Trd, 4318674.093, 140
Trd, 4318674.343, 139
Trd, 4318674.693, 136
Trd, 4318676.743, 140
Trd, 4318677.093, 140
Trd, 4318678.293, 140
Trd, 4318678.843, 140
Trd, 4318679.493, 140
Trd, 4318680.393, 139
Trd, 4318680.993, 140
Trd, 4318681.893, 140
Trd, 4318682.393, 139
Trd, 4318682.493, 137
Trd, 4318682.843, 67
Trd, 4318682.893, 68
Trd, 4318683.493, 140
Trd, 4318684.093, 140
Trd, 4318684.443, 139
Trd, 4318685.593, 61
Trd, 4318686.793, 140
Trd, 4318687.043, 140
Trd, 4318687.143, 140
Trd, 4318687.793, 140
Trd, 4318687.993, 139
Trd, 4318688.443, 140
Trd, 4318689.193, 65
Trd, 4318689.793, 62
Trd, 4318689.943, 75
Trd, 4318691.093, 140
Trd, 4318691.293, 140
Trd, 4318691.743, 140
Trd, 4318692.393, 140
Trd, 4318693.793, 139
Trd, 4318694.043, 139
Trd, 4318694.943, 140
Trd, 4318695.743, 140
Trd, 4318697.743, 140
Trd, 4318698.543, 140
Trd, 4318698.793, 140
Trd, 4318698.893, 140
Trd, 4318699.093, 140
Trd, 4318699.143, 137
Trd, 4318700.443, 138
Trd, 4318701.193, 60
Trd, 4318701.293, 65
Trd, 4318701.843, 61
Trd, 4318702.393, 68
Trd, 4318703.343, 65
Trd, 4318704.043, 78
Trd, 4318704.293, 62
Trd, 4318704.643, 81
Trd, 4318705.143, 63
Trd, 4318705.543, 140
Trd, 4318706.793, 60
Trd, 4318708.043, 61
Trd, 4318708.193, 61
Trd, 4318708.593, 66
Trd, 4318709.893, 60
Trd, 4318710.743, 61
Trd, 4318711.143, 70
Trd, 4318711.693, 65
Trd, 4318712.043, 64
Trd, 4318713.343, 60
Trd, 4318713.643, 62
Trd, 4318714.393, 64
Trd, 4318714.943, 65
Trd, 4318715.793, 60
Trd, 4318716.243, 60
Trd, 4318716.493, 60
Trd, 4318717.243, 60
Trd, 4318717.343, 60
Trd, 4318717.493, 69
Trd, 4318718.893, 60
Trd, 4318719.693, 67
Trd, 4318720.393, 63
Trd, 4318721.243, 62
Trd, 4318721.343, 69
Trd, 4318722.193, 63
Trd, 4318722.743, 70
Trd, 4318722.893, 125
Trd, 4318724.243, 140
Trd, 4318724.593, 139
Trd, 4318725.193, 139
Trd, 4318725.493, 132
Trd, 4318726.493, 65
Trd, 4318726.793, 67
Trd, 4318728.193, 60
Trd, 4318729.093, 64
Trd, 4318730.093, 60
Trd, 4318730.293, 61
Trd, 4318730.843, 78
Trd, 4318731.693, 65
Trd, 4318732.493, 63
Trd, 4318732.893, 61
Trd, 4318734.043, 140
Trd, 4318734.443, 116
Trd, 4318734.793, 62
Trd, 4318735.043, 140
Trd, 4318735.293, 136
Trd, 4318735.843, 117
Trd, 4318736.743, 62
Trd, 4318736.793, 64
Trd, 4318737.093, 63
Trd, 4318737.543, 137
Trd, 4318737.693, 68
Trd, 4318738.843, 140
Trd, 4318740.643, 140
Trd, 4318740.843, 140
Trd, 4318740.993, 140
Trd, 4318741.193, 136
Trd, 4318741.893, 139
Trd, 4318743.293, 60
Trd, 4318743.343, 61
Trd, 4318745.193, 60
Trd, 4318745.293, 61
Trd, 4318746.093, 63
Trd, 4318746.143, 65
Trd, 4318746.293, 72
Trd, 4318746.593, 140
Trd, 4318748.193, 68
Trd, 4318748.443, 69
Trd, 4318748.593, 62
Trd, 4318749.543, 61
Trd, 4318749.893, 63
Trd, 4318750.443, 60
Trd, 4318751.093, 60
Trd, 4318751.393, 61
Trd, 4318752.893, 60
Trd, 4318754.043, 140
Trd, 4318754.193, 140
Trd, 4318754.543, 140
Trd, 4318754.793, 140
Trd, 4318756.293, 140
Trd, 4318756.943, 140
Trd, 4318757.293, 138
Trd, 4318758.093, 140
Trd, 4318758.543, 140
Trd, 4318758.593, 140
Trd, 4318760.543, 140
Trd, 4318760.643, 140
Trd, 4318761.193, 140
Trd, 4318761.293, 139
Trd, 4318762.243, 140
Trd, 4318762.393, 140
Trd, 4318763.243, 92
Trd, 4318764.093, 62
Trd, 4318764.343, 63
Trd, 4318764.693, 140
Trd, 4318765.893, 140
Trd, 4318765.943, 140
Trd, 4318766.393, 140
Trd, 4318767.143, 139
Trd, 4318767.293, 138
Trd, 4318768.943, 60
Trd, 4318769.593, 65
Trd, 4318769.843, 140
Trd, 4318770.243, 140
Trd, 4318771.193, 140
Trd, 4318771.343, 140
Trd, 4318771.543, 139
Trd, 4318772.293, 140
Trd, 4318772.543, 135
Trd, 4318773.143, 138
Trd, 4318774.093, 140
Trd, 4318774.693, 140
Trd, 4318774.943, 140
Trd, 4318775.193, 134
Trd, 4318776.143, 126
Trd, 4318776.293, 125
Trd, 4318777.843, 139
Trd, 4318778.393, 140
Trd, 4318778.543, 67
Trd, 4318779.193, 140
Trd, 4318779.893, 138
Trd, 4318781.593, 140
Trd, 4318782.893, 140
Trd, 4318783.393, 140
Trd, 4318784.093, 140
Trd, 4318785.043, 140
Trd, 4318786.043, 140
Trd, 4318786.693, 140
Trd, 4318786.893, 140
Trd, 4318787.093, 140
Trd, 4318787.593, 139
Trd, 4318788.793, 140
Trd, 4318788.943, 140
Trd, 4318789.143, 140
Trd, 4318790.093, 140
Trd, 4318790.593, 140
Trd, 4318791.143, 140
Trd, 4318791.743, 140
Trd, 4318792.193, 140
Trd, 4318792.243, 138
Trd, 4318792.293, 137
Trd, 4318792.393, 95
Trd, 4318792.843, 132
Trd, 4318793.893, 139
Trd, 4318794.143, 138
Trd, 4318795.293, 65
Trd, 4318795.743, 60
Trd, 4318797.093, 61
Trd, 4318798.493, 60
Trd, 4318799.393, 61
Trd, 4318799.693, 63
Trd, 4318799.793, 63
Trd, 4318800.843, 62
Trd, 4318801.193, 63
Trd, 4318801.993, 67
Trd, 4318802.293, 140
Trd, 4318802.343, 140
Trd, 4318802.643, 140
Trd, 4318803.093, 65
Trd, 4318804.843, 62
Trd, 4318805.893, 60
Trd, 4318806.193, 112
Trd, 4318806.643, 70
Trd, 4318808.543, 62
Trd, 4318808.643, 63
Trd, 4318809.143, 138
Trd, 4318809.643, 95
Trd, 4318810.993, 60
Trd, 4318811.243, 60
Trd, 4318811.543, 107
Trd, 4318811.643, 140
Trd, 4318811.793, 61
Trd, 4318813.043, 139
Trd, 4318815.043, 140
Trd, 4318815.143, 140
Trd, 4318815.193, 140
Trd, 4318816.943, 140
Trd, 4318817.293, 140
Trd, 4318817.443, 139
Trd, 4318817.643, 138
Trd, 4318818.643, 68
Trd, 4318819.393, 140
Trd, 4318819.493, 140
Trd, 4318820.343, 140
Trd, 4318820.393, 140
Trd, 4318821.443, 72
Trd, 4318821.793, 140
Trd, 4318822.143, 139
Trd, 4318822.793, 140
Trd, 4318823.543, 140
Trd, 4318824.293, 139
Trd, 4318824.893, 140
Trd, 4318826.543, 140
Trd, 4318826.643, 140
Trd, 4318827.243, 140
Trd, 4318827.493, 140
Trd, 4318827.893, 140
Trd, 4318828.043, 139
Trd, 4318828.993, 138
Trd, 4318829.243, 138
Trd, 4318829.393, 137
Trd, 4318829.943, 123
Trd, 4318831.493, 140
Trd, 4318831.743, 140
Trd, 4318832.543, 140
Trd, 4318832.593, 139
Trd, 4318832.843, 138
Trd, 4318833.543, 140
Trd, 4318833.693, 136
Trd, 4318834.843, 140
Trd, 4318835.243, 139
Trd, 4318836.943, 140
Trd, 4318837.243, 140
Trd, 4318837.393, 138
Trd, 4318837.743, 138
Trd, 4318837.793, 135
Trd, 4318838.943, 140
Trd, 4318839.993, 139
Trd, 4318840.793, 140
Trd, 4318840.843, 139
Trd, 4318841.143, 140
Trd, 4318842.143, 140
Trd, 4318842.193, 139
Trd, 4318843.193, 139
Trd, 4318843.393, 67
Trd, 4318844.443, 67
Trd, 4318845.043, 139
Trd, 4318846.343, 140
Trd, 4318847.893, 140
Trd, 4318848.593, 140
Trd, 4318849.193, 140
Trd, 4318849.443, 140
Trd, 4318849.493, 139
Trd, 4318849.543, 138
Trd, 4318849.793, 137
Trd, 4318850.543, 136
Trd, 4318851.993, 140
Trd, 4318852.493, 107
Trd, 4318853.093, 61
Trd, 4318853.443, 139
Trd, 4318853.793, 64
Trd, 4318854.793, 140
Trd, 4318855.543, 136
Trd, 4318855.993, 136
Trd, 4318856.693, 139
Trd, 4318857.893, 139
Trd, 4318858.143, 140
Trd, 4318858.543, 138
Trd, 4318859.343, 140
Trd, 4318859.393, 140
Trd, 4318861.193, 63
Trd, 4318861.293, 64
Trd, 4318862.343, 118
Trd, 4318863.143, 140
Trd, 4318863.493, 140
Trd, 4318863.993, 140
Trd, 4318864.243, 140
Trd, 4318865.243, 140
Trd, 4318865.643, 137
Trd, 4318866.693, 137
Trd, 4318866.993, 136
Trd, 4318868.243, 140
Trd, 4318868.343, 140
Trd, 4318868.593, 140
Trd, 4318868.743, 95
Trd, 4318870.643, 140
Trd, 4318871.593, 139
Trd, 4318871.843, 139
Trd, 4318872.093, 139
Trd, 4318872.193, 138
Trd, 4318872.943, 140
Trd, 4318873.093, 139
Trd, 4318873.443, 137
Trd, 4318874.343, 140
Trd, 4318875.443, 140
Trd, 4318877.293, 140
Trd, 4318877.493, 140
Trd, 4318877.743, 140
Trd, 4318877.943, 140
Trd, 4318878.093, 129
Trd, 4318879.493, 96
Trd, 4318879.643, 127
Trd, 4318880.893, 140
Trd, 4318881.243, 140
Trd, 4318881.593, 140
Trd, 4318882.293, 138
Trd, 4318882.793, 140
Trd, 4318882.843, 140
Trd, 4318883.393, 139
Trd, 4318883.743, 140
Trd, 4318884.693, 60
Trd, 4318885.143, 67
Trd, 4318885.543, 83
Trd, 4318886.493, 140
Trd, 4318888.043, 140
Trd, 4318888.443, 140
Trd, 4318888.743, 140
Trd, 4318889.943, 140
Trd, 4318890.443, 140
Trd, 4318890.893, 140
Trd, 4318891.493, 139
Trd, 4318892.443, 140
Trd, 4318892.693, 139
Trd, 4318893.493, 140
Trd, 4318893.943, 140
Trd, 4318894.643, 139
Trd, 4318895.243, 138
Trd, 4318895.693, 139
Trd, 4318895.793, 138
Trd, 4318896.693, 140
Trd, 4318897.143, 140
Trd, 4318897.493, 139
Trd, 4318897.693, 138
Trd, 4318898.243, 75
Trd, 4318898.693, 138
Trd, 4318899.993, 140
Trd, 4318900.493, 140
Trd, 4318901.243, 140
Trd, 4318902.043, 139
Trd, 4318902.493, 139
Trd, 4318903.243, 140
Trd, 4318904.193, 140
Trd, 4318904.593, 138
Trd, 4318904.643, 135
Trd, 4318905.193, 79
Trd, 4318905.543, 68
Trd, 4318907.093, 140
Trd, 4318907.493, 139
Trd, 4318907.693, 138
Trd, 4318907.893, 128
Trd, 4318908.643, 140
Trd, 4318908.893, 140
Trd, 4318910.043, 140
Trd, 4318910.993, 139
Trd, 4318912.343, 140
Trd, 4318913.093, 140
Trd, 4318913.193, 140
Trd, 4318913.293, 140
Trd, 4318914.143, 140
Trd, 4318914.643, 140
Trd, 4318914.793, 139
Trd, 4318915.043, 132
Trd, 4318917.093, 140
Trd, 4318917.243, 140
Trd, 4318918.343, 140
Trd, 4318919.243, 140
Trd, 4318919.943, 140
Trd, 4318920.143, 138
Trd, 4318920.393, 128
Trd, 4318921.843, 140
Trd, 4318922.843, 140
Trd, 4318922.943, 140
Trd, 4318923.093, 140
Trd, 4318923.193, 139
Trd, 4318923.593, 140
Trd, 4318924.643, 140
Trd, 4318925.193, 140
Trd, 4318925.693, 140
Trd, 4318926.043, 140
Trd, 4318926.993, 140
Trd, 4318927.293, 140
Trd, 4318928.043, 137
Trd, 4318928.893, 140
Trd, 4318929.693, 138
Trd, 4318930.893, 139
Trd, 4318931.443, 139
Trd, 4318932.193, 140
Trd, 4318933.293, 140
Trd, 4318933.343, 137
Trd, 4318934.443, 140
Trd, 4318934.693, 140
Trd, 4318934.793, 140
Trd, 4318935.793, 140
Trd, 4318936.293, 140
Trd, 4318936.893, 140
Trd, 4318937.093, 138
Trd, 4318937.493, 138
Trd, 4318938.693, 66
Trd, 4318939.443, 139
Trd, 4318939.843, 137
Trd, 4318940.243, 88
Trd, 4318941.543, 140
Trd, 4318941.843, 139
Trd, 4318941.893, 138
Trd, 4318942.193, 62
Trd, 4318943.393, 60
Trd, 4318943.643, 140
Trd, 4318943.943, 140
Trd, 4318946.143, 140
Trd, 4318946.243, 140
Trd, 4318946.793, 137
Trd, 4318946.843, 136
Trd, 4318947.893, 139
Trd, 4318948.793, 140
Trd, 4318949.093, 140
Trd, 4318949.443, 140
Trd, 4318951.293, 135
Trd, 4318952.293, 140
Trd, 4318952.343, 108
Trd, 4318953.493, 139
Trd, 4318953.693, 137
Trd, 4318954.243, 61
Trd, 4318955.293, 140
Trd, 4318955.593, 140
Trd, 4318956.243, 61
Trd, 4318956.893, 140
Trd, 4318957.743, 60
Trd, 4318958.193, 66
Trd, 4318958.843, 60
Trd, 4318959.193, 67
Trd, 4318960.093, 140
Trd, 4318960.943, 140
Trd, 4318961.043, 139
Trd, 4318961.143, 138
Trd, 4318961.743, 140
Trd, 4318963.393, 140
Trd, 4318963.943, 140
Trd, 4318964.143, 140
Trd, 4318964.343, 139
Trd, 4318965.643, 140
Trd, 4318966.393, 139
Trd, 4318966.693, 140
Trd, 4318966.793, 139
Trd, 4318967.293, 140
Trd, 4318967.693, 129
Trd, 4318970.693, 140
Trd, 4318970.793, 139
Trd, 4318971.493, 140
Trd, 4318971.893, 140
Trd, 4318972.243, 140
Trd, 4318973.243, 137
Trd, 4318973.293, 136
Trd, 4318973.843, 140
Trd, 4318977.593, 140
Trd, 4318977.893, 140
Trd, 4318977.943, 140
Trd, 4318978.343, 140
Trd, 4318978.593, 139
Trd, 4318979.543, 140
Trd, 4318980.443, 140
Trd, 4318980.593, 140
Trd, 4318981.393, 140
Trd, 4318981.993, 140
Trd, 4318982.043, 139
Trd, 4318983.293, 140
Trd, 4318985.143, 140
Trd, 4318985.693, 140
Trd, 4318985.793, 140
Trd, 4318985.843, 137
Trd, 4318986.093, 137
Trd, 4318986.943, 140
Trd, 4318988.443, 140
Trd, 4318989.243, 140
Trd, 4318989.493, 140
Trd, 4318989.543, 140
Trd, 4318989.993, 139
Trd, 4318990.043, 136
Trd, 4318990.543, 134
Trd, 4318990.643, 128
Trd, 4318991.643, 139
Trd, 4318992.043, 63
Trd, 4318992.393, 138
Trd, 4318993.043, 60
Trd, 4318994.193, 140
Trd, 4318994.493, 140
Trd, 4318995.693, 140
Trd, 4318996.243, 140
Trd, 4318996.343, 140
Trd, 4318997.193, 140
Trd, 4318997.993, 138
Trd, 4318998.193, 135
Trd, 4318998.593, 140
Trd, 4318998.993, 140
Trd, 4319001.743, 140
Trd, 4319002.043, 140
Trd, 4319002.293, 140
Trd, 4319003.293, 139
Trd, 4319003.593, 139
Trd, 4319003.943, 60
Trd, 4319004.043, 69
Trd, 4319004.393, 140
Trd, 4319004.843, 140
Trd, 4319005.943, 62
Trd, 4319006.693, 139
Trd, 4319007.743, 63
Trd, 4319008.043, 64
Trd, 4319008.543, 68
Trd, 4319008.893, 98
Trd, 4319009.643, 60
Trd, 4319011.143, 62
Trd, 4319011.493, 61
Trd, 4319012.043, 64
Trd, 4319012.093, 64
Trd, 4319012.793, 103
Trd, 4319014.343, 60
Trd, 4319015.743, 60
Trd, 4319016.143, 61
Trd, 4319016.993, 60
Trd, 4319018.043, 61
Trd, 4319018.293, 61
Trd, 4319020.043, 60
Trd, 4319020.343, 60
Trd, 4319021.443, 61
Trd, 4319021.743, 63
Trd, 4319021.993, 63
Trd, 4319022.043, 64
Trd, 4319022.343, 92
Trd, 4319024.243, 60
Trd, 4319024.393, 61
Trd, 4319024.443, 62
Trd, 4319025.393, 60
Trd, 4319026.343, 60
Trd, 4319027.093, 61
Trd, 4319027.793, 69
Trd, 4319028.343, 62
Trd, 4319029.443, 61
Trd, 4319029.843, 67
Trd, 4319030.093, 133
Trd, 4319030.743, 61
Trd, 4319032.393, 60
Trd, 4319032.993, 60
Trd, 4319033.243, 61
Trd, 4319035.343, 60
Trd, 4319035.793, 61
Trd, 4319036.293, 61
Trd, 4319037.593, 61
Trd, 4319037.643, 61
Trd, 4319038.043, 63
Trd, 4319038.543, 60
Trd, 4319038.793, 60
Trd, 4319039.193, 91
Trd, 4319039.543, 61
Trd, 4319041.843, 60
Trd, 4319043.043, 60
Trd, 4319043.493, 60
Trd, 4319044.443, 61
Trd, 4319044.593, 62
Trd, 4319044.793, 68
Trd, 4319045.143, 64
Trd, 4319048.343, 60
Trd, 4319048.493, 60
Trd, 4319049.093, 60
Trd, 4319049.143, 63
Trd, 4319049.543, 70
Trd, 4319050.593, 60
Trd, 4319050.693, 63
Trd, 4319051.093, 68
Trd, 4319051.143, 76
Trd, 4319051.543, 66
Trd, 4319052.943, 63
Trd, 4319053.093, 64
Trd, 4319054.393, 64
Trd, 4319055.143, 64
Trd, 4319056.343, 140
Trd, 4319056.843, 140
Trd, 4319057.693, 140
Trd, 4319057.943, 140
Trd, 4319058.843, 140
Trd, 4319058.993, 140
Trd, 4319059.793, 139
Trd, 4319059.943, 138
Trd, 4319060.843, 140
Trd, 4319060.993, 138
Trd, 4319061.493, 139
Trd, 4319062.243, 140
Trd, 4319062.493, 137
Trd, 4319063.643, 140
Trd, 4319064.693, 140
Trd, 4319065.493, 140
Trd, 4319065.543, 140
Trd, 4319066.943, 140
Trd, 4319067.043, 138
Trd, 4319067.643, 136
Trd, 4319068.443, 60
Trd, 4319068.593, 60
Trd, 4319068.893, 61
Trd, 4319068.993, 82
Trd, 4319070.443, 140
Trd, 4319070.593, 140
Trd, 4319071.543, 140
Trd, 4319072.143, 103
Trd, 4319072.643, 140
Trd, 4319073.043, 137
Trd, 4319074.393, 140
Trd, 4319074.993, 140
Trd, 4319075.193, 139
Trd, 4319076.643, 61
Trd, 4319077.093, 61
Trd, 4319077.893, 60
Trd, 4319078.043, 61
Trd, 4319078.743, 61
Trd, 4319080.293, 61
Trd, 4319080.343, 63
Trd, 4319080.843, 60
Trd, 4319081.843, 60
Trd, 4319082.393, 60
Trd, 4319082.993, 62
Trd, 4319083.943, 60
Trd, 4319084.393, 64
Trd, 4319085.093, 122
Trd, 4319085.793, 62
Trd, 4319086.743, 61
Trd, 4319087.643, 63
Trd, 4319087.893, 63
Trd, 4319088.193, 60
Trd, 4319088.243, 65
Trd, 4319088.293, 89
Trd, 4319089.043, 65
Trd, 4319089.793, 61
Trd, 4319090.293, 63
Trd, 4319090.743, 140
Trd, 4319092.193, 79
Trd, 4319092.743, 70
Trd, 4319093.093, 72
Trd, 4319093.493, 74
Trd, 4319094.543, 138
Trd, 4319095.793, 140
Trd, 4319096.543, 140
Trd, 4319097.293, 140
Trd, 4319097.393, 139
Trd, 4319097.793, 140
Trd, 4319098.743, 140
Trd, 4319099.143, 138
Trd, 4319099.443, 140
Trd, 4319100.893, 140
Trd, 4319101.293, 140
Trd, 4319101.693, 140
Trd, 4319101.743, 139
Trd, 4319102.893, 140
Trd, 4319103.243, 140
Trd, 4319104.593, 140
Trd, 4319104.643, 140
Trd, 4319104.943, 140
Trd, 4319106.393, 140
Trd, 4319106.543, 138
Trd, 4319107.043, 139
Trd, 4319107.193, 97
Trd, 4319108.343, 140
Trd, 4319108.393, 140
Trd, 4319108.693, 81
Trd, 4319109.893, 140
Trd, 4319110.443, 140
Trd, 4319111.793, 140
Trd, 4319112.243, 140
Trd, 4319112.793, 140
Trd, 4319113.443, 140
Trd, 4319113.943, 140
Trd, 4319114.143, 139
Trd, 4319114.493, 139
Trd, 4319115.193, 139
Trd, 4319115.343, 133
Trd, 4319115.443, 95
Trd, 4319115.893, 63
Trd, 4319116.093, 140
Trd, 4319116.993, 123
Trd, 4319117.193, 140
Trd, 4319117.493, 138
Trd, 4319119.693, 140
Trd, 4319120.793, 137
Trd, 4319121.243, 139
Trd, 4319122.343, 140
Trd, 4319123.043, 119
Trd, 4319123.393, 140
Trd, 4319123.743, 140
Trd, 4319124.193, 139
Trd, 4319124.243, 138
Trd, 4319124.543, 140
Trd, 4319125.443, 140
Trd, 4319126.743, 62
Trd, 4319127.893, 140
Trd, 4319128.243, 140
Trd, 4319128.343, 140
Trd, 4319128.393, 140
Trd, 4319128.443, 136
Trd, 4319130.693, 140
Trd, 4319131.443, 140
Trd, 4319131.893, 140
Trd, 4319132.143, 140
Trd, 4319133.293, 140
Trd, 4319133.593, 140
Trd, 4319133.843, 140
Trd, 4319135.243, 140
Trd, 4319135.343, 140
Trd, 4319136.043, 139
Trd, 4319136.493, 140
Trd, 4319137.143, 60
Trd, 4319137.243, 60
Trd, 4319138.393, 140
Trd, 4319140.043, 140
Trd, 4319140.143, 139
Trd, 4319140.843, 140
Trd, 4319141.443, 140
Trd, 4319142.093, 140
Trd, 4319142.393, 140
Trd, 4319142.643, 138
Trd, 4319142.843, 115
Trd, 4319144.243, 133
Trd, 4319145.143, 132
Trd, 4319145.193, 125
Trd, 4319145.743, 140
Trd, 4319146.093, 137
Trd, 4319147.743, 140
Trd, 4319147.893, 140
Trd, 4319148.743, 140
Trd, 4319149.043, 140
Trd, 4319150.143, 140
Trd, 4319150.693, 140
Trd, 4319151.443, 140
Trd, 4319152.443, 140
Trd, 4319152.693, 140
Trd, 4319153.943, 140
Trd, 4319153.993, 140
Trd, 4319154.543, 140
Trd, 4319154.943, 139
Trd, 4319157.093, 140
Trd, 4319157.193, 140
Trd, 4319157.493, 140
Trd, 4319158.243, 140
Trd, 4319158.293, 140
Trd, 4319158.393, 140
Trd, 4319159.793, 140
Trd, 4319160.443, 137
Trd, 4319160.943, 63
Trd, 4319161.093, 65
Trd, 4319162.243, 140
Trd, 4319162.293, 139
Trd, 4319162.393, 111
Trd, 4319163.243, 140
Trd, 4319164.143, 140
Trd, 4319164.993, 140
Trd, 4319165.493, 140
Trd, 4319165.593, 137
Trd, 4319167.093, 63
Trd, 4319167.493, 64
Trd, 4319168.093, 104
Trd, 4319168.693, 140
Trd, 4319168.943, 64
Trd, 4319169.343, 60
Trd, 4319170.793, 140
Trd, 4319171.493, 140
Trd, 4319171.793, 140
Trd, 4319171.993, 140
Trd, 4319172.443, 138
Trd, 4319172.893, 67
Trd, 4319173.343, 73
Trd, 4319173.393, 67
Trd, 4319174.843, 126
Trd, 4319175.843, 63
Trd, 4319176.393, 61
Trd, 4319177.443, 60
Trd, 4319178.493, 60
Trd, 4319179.043, 63
Trd, 4319179.943, 63
Trd, 4319179.993, 98
Trd, 4319181.143, 61
Trd, 4319181.543, 62
Trd, 4319182.293, 62
Trd, 4319182.643, 66
Trd, 4319182.943, 67
Trd, 4319182.993, 69
Trd, 4319183.793, 65
Trd, 4319184.193, 71
Trd, 4319185.693, 140
Trd, 4319186.193, 140
Trd, 4319186.993, 71
Trd, 4319187.493, 140
Trd, 4319188.443, 139
Trd, 4319188.643, 139
Trd, 4319189.143, 61
Trd, 4319189.843, 140
Trd, 4319189.893, 140
Trd, 4319190.193, 139
Trd, 4319191.993, 140
Trd, 4319193.043, 140
Trd, 4319193.093, 140
Trd, 4319193.393, 140
Trd, 4319193.743, 140
Trd, 4319194.793, 140
Trd, 4319194.843, 139
Trd, 4319195.943, 139
Trd, 4319196.243, 137
Trd, 4319197.093, 61
Trd, 4319197.943, 65
Trd, 4319198.643, 63
Trd, 4319198.843, 67
Trd, 4319198.943, 60
Trd, 4319199.693, 83
Trd, 4319200.843, 60
Trd, 4319201.343, 61
Trd, 4319201.993, 62
Trd, 4319202.243, 62
Trd, 4319203.293, 66
Trd, 4319204.143, 60
Trd, 4319204.393, 62
Trd, 4319205.243, 68
Trd, 4319206.043, 60
Trd, 4319206.393, 63
Trd, 4319206.893, 65
Trd, 4319206.943, 72
Trd, 4319207.443, 139
Trd, 4319207.993, 138
Trd, 4319209.043, 140
Trd, 4319209.443, 140
Trd, 4319209.793, 140
Trd, 4319211.493, 139
Trd, 4319211.843, 139
Trd, 4319212.993, 62
Trd, 4319213.743, 140
Trd, 4319213.793, 139
Trd, 4319214.193, 139
Trd, 4319214.793, 80
Trd, 4319215.043, 79
Trd, 4319215.843, 139
Trd, 4319217.093, 140
Trd, 4319217.693, 140
Trd, 4319218.243, 140
Trd, 4319219.093, 140
Trd, 4319219.393, 140
Trd, 4319219.793, 139
Trd, 4319220.093, 136
Trd, 4319220.843, 119
Trd, 4319221.343, 140
Trd, 4319221.543, 60
Trd, 4319222.243, 60
Trd, 4319222.293, 60
Trd, 4319222.843, 60
Trd, 4319224.093, 140
Trd, 4319224.243, 140
Trd, 4319225.143, 140
Trd, 4319226.393, 140
Trd, 4319226.693, 140
Trd, 4319227.543, 140
Trd, 4319228.193, 140
Trd, 4319228.843, 137
Trd, 4319229.293, 139
Trd, 4319229.643, 139
Trd, 4319229.993, 132
Trd, 4319230.793, 61
Trd, 4319231.193, 62
Trd, 4319232.093, 60
Trd, 4319233.343, 61
Trd, 4319233.593, 61
Trd, 4319233.743, 65
Trd, 4319235.493, 61
Trd, 4319235.743, 60
Trd, 4319236.893, 61
Trd, 4319237.043, 67
Trd, 4319238.443, 66
Trd, 4319238.893, 62
Trd, 4319238.993, 62
Trd, 4319239.843, 62
Trd, 4319240.193, 64
Trd, 4319240.493, 63
Trd, 4319240.993, 60
Trd, 4319241.743, 64
Trd, 4319241.993, 62
Trd, 4319242.443, 60
Trd, 4319243.593, 63
Trd, 4319243.643, 64
Trd, 4319243.943, 139
Trd, 4319244.543, 63
Trd, 4319246.143, 140
Trd, 4319246.243, 140
Trd, 4319247.393, 140
Trd, 4319247.843, 140
Trd, 4319248.043, 140
Trd, 4319248.793, 84
Trd, 4319249.293, 120
Trd, 4319250.143, 140
Trd, 4319250.243, 116
Trd, 4319250.843, 60
Trd, 4319251.393, 60
Trd, 4319252.343, 65
Trd, 4319253.843, 61
Trd, 4319253.893, 71
Trd, 4319254.043, 104
Trd, 4319254.443, 64
Trd, 4319255.493, 60
Trd, 4319255.843, 60
Trd, 4319256.343, 60
Trd, 4319256.843, 61
Trd, 4319257.193, 62
Trd, 4319258.793, 60
Trd, 4319259.093, 60
Trd, 4319259.393, 137
Trd, 4319260.543, 140
Trd, 4319260.993, 62
Trd, 4319261.093, 68
Trd, 4319262.243, 67
Trd, 4319263.393, 61
Trd, 4319264.143, 61
Trd, 4319264.393, 60
Trd, 4319264.693, 60
Trd, 4319265.043, 65
Trd, 4319265.193, 64
Trd, 4319266.693, 62
Trd, 4319267.643, 68
Trd, 4319268.143, 65
Trd, 4319268.493, 96
Trd, 4319268.693, 69
Trd, 4319269.743, 140
Trd, 4319269.793, 137
Trd, 4319270.143, 139
Trd, 4319270.443, 140
Trd, 4319271.893, 140
Trd, 4319272.193, 140
Trd, 4319273.543, 140
Trd, 4319273.593, 140
Trd, 4319274.693, 140
Trd, 4319275.393, 139
Trd, 4319276.343, 60
Trd, 4319276.543, 63
Trd, 4319276.643, 64
Trd, 4319276.943, 64
Trd, 4319277.543, 65
Trd, 4319278.793, 64
Trd, 4319279.843, 62
Trd, 4319280.093, 69
Trd, 4319281.343, 60
Trd, 4319281.393, 63
Trd, 4319282.143, 60
Trd, 4319282.243, 71
Trd, 4319283.543, 61
Trd, 4319283.943, 68
Trd, 4319284.693, 63
Trd, 4319285.143, 60
Trd, 4319285.343, 63
Trd, 4319286.243, 64
Trd, 4319287.293, 68
Trd, 4319288.043, 60
Trd, 4319288.443, 60
Trd, 4319289.043, 139
Trd, 4319289.093, 138
Trd, 4319289.443, 137
Trd, 4319290.093, 64
Trd, 4319290.293, 65
Trd, 4319291.243, 137
Trd, 4319291.743, 139
Trd, 4319292.843, 113
Trd, 4319293.243, 63
Trd, 4319294.543, 140
Trd, 4319294.993, 140
Trd, 4319295.193, 139
Trd, 4319295.443, 138
Trd, 4319296.143, 133
Trd, 4319296.993, 140
Trd, 4319298.893, 139
Trd, 4319299.743, 140
Trd, 4319299.893, 138
Trd, 4319299.943, 138
Trd, 4319300.643, 138
Trd, 4319301.043, 136
Trd, 4319301.743, 62
Trd, 4319302.693, 64
Trd, 4319303.443, 140
Trd, 4319303.793, 139
Trd, 4319304.393, 139
Trd, 4319304.643, 135
Trd, 4319305.243, 139
Trd, 4319305.693, 140
Trd, 4319306.143, 137
Trd, 4319306.443, 130
Trd, 4319306.843, 140
Trd, 4319308.143, 140
Trd, 4319309.243, 135
Trd, 4319310.093, 140
Trd, 4319310.143, 133
Trd, 4319310.943, 140
Trd, 4319311.143, 140
Trd, 4319311.243, 127
Trd, 4319311.893, 140
Trd, 4319312.043, 116
Trd, 4319312.943, 140
Trd, 4319314.343, 138
Trd, 4319314.493, 103
Trd, 4319314.943, 140
Trd, 4319315.943, 140
Trd, 4319316.493, 140
Trd, 4319317.193, 140
Trd, 4319317.593, 140
Trd, 4319317.943, 140
Trd, 4319318.093, 140
Trd, 4319318.443, 140
Trd, 4319318.493, 125
Trd, 4319319.543, 140
Trd, 4319321.643, 140
Trd, 4319321.893, 140
Trd, 4319322.693, 140
Trd, 4319323.693, 140
Trd, 4319323.743, 140
Trd, 4319324.593, 140
Trd, 4319324.843, 139
Trd, 4319325.543, 133
Trd, 4319325.693, 126
Trd, 4319325.943, 81
Trd, 4319328.093, 140
Trd, 4319328.343, 140
Trd, 4319328.743, 139
Trd, 4319328.943, 138
Trd, 4319329.393, 138
Trd, 4319330.793, 140
Trd, 4319331.143, 139
Trd, 4319332.243, 140
Trd, 4319333.143, 139
Trd, 4319333.743, 139
Trd, 4319333.993, 138
Trd, 4319334.293, 130
Trd, 4319334.493, 88
Trd, 4319335.843, 140
Trd, 4319336.043, 139
Trd, 4319337.593, 140
Trd, 4319338.093, 140
Trd, 4319338.793, 140
Trd, 4319339.593, 139
Trd, 4319340.593, 140
Trd, 4319341.043, 140
Trd, 4319341.593, 140
Trd, 4319341.943, 139
Trd, 4319342.593, 140
Trd, 4319342.743, 137
Trd, 4319344.293, 140
Trd, 4319345.093, 140
Trd, 4319345.243, 140
Trd, 4319345.793, 140
Trd, 4319346.393, 139
Trd, 4319347.093, 140
Trd, 4319347.893, 140
Trd, 4319348.043, 140
Trd, 4319348.393, 136
Trd, 4319348.593, 135
Trd, 4319349.843, 140
Trd, 4319349.993, 140
Trd, 4319350.643, 140
Trd, 4319351.493, 140
Trd, 4319351.743, 139
Trd, 4319352.093, 71
Trd, 4319352.843, 60
Trd, 4319353.543, 139
Trd, 4319354.143, 138
Trd, 4319355.093, 124
Trd, 4319356.043, 139
Trd, 4319356.193, 138
Trd, 4319357.143, 139
Trd, 4319357.293, 138
Trd, 4319357.843, 65
Trd, 4319358.243, 139
Trd, 4319359.793, 140
Trd, 4319360.243, 140
Trd, 4319360.393, 140
Trd, 4319360.793, 140
Trd, 4319361.143, 65
Trd, 4319361.693, 62
Trd, 4319362.493, 138
Trd, 4319363.243, 140
Trd, 4319363.443, 140
Trd, 4319363.793, 138
Trd, 4319364.393, 140
Trd, 4319365.593, 140
Trd, 4319366.143, 140
Trd, 4319366.493, 140
Trd, 4319366.993, 140
Trd, 4319367.193, 124
Trd, 4319368.043, 128
Trd, 4319368.693, 139
Trd, 4319369.843, 140
Trd, 4319370.093, 63
Trd, 4319370.343, 140
Trd, 4319370.443, 71
Trd, 4319370.893, 60
Trd, 4319373.193, 140
Trd, 4319373.343, 140
Trd, 4319373.943, 139
Trd, 4319373.993, 139
Trd, 4319375.243, 139
Trd, 4319376.293, 140
Trd, 4319376.643, 140
Trd, 4319378.293, 140
Trd, 4319379.143, 140
Trd, 4319379.443, 140
Trd, 4319379.943, 139
Trd, 4319380.443, 130
Trd, 4319380.793, 68
Trd, 4319380.843, 139
Trd, 4319381.643, 140
Trd, 4319382.743, 140
Trd, 4319383.193, 140
Trd, 4319383.493, 140
Trd, 4319383.743, 140
Trd, 4319384.193, 140
Trd, 4319384.543, 140
Trd, 4319385.843, 140
Trd, 4319385.993, 139
Trd, 4319387.343, 140
Trd, 4319387.393, 140
Trd, 4319387.843, 140
Trd, 4319388.093, 87
Trd, 4319389.293, 140
Trd, 4319389.743, 140
Trd, 4319390.393, 139
Trd, 4319390.693, 135
Trd, 4319391.343, 64
Trd, 4319391.443, 65
Trd, 4319392.343, 62
Trd, 4319392.993, 120
Trd, 4319394.743, 140
Trd, 4319395.243, 140
Trd, 4319395.443, 140
Trd, 4319395.693, 139
Trd, 4319396.343, 136
Trd, 4319396.843, 138
Trd, 4319397.343, 107
Trd, 4319397.593, 106
Trd, 4319398.493, 63
Trd, 4319399.993, 140
Trd, 4319400.393, 140
Trd, 4319400.693, 139
Trd, 4319400.843, 138
Trd, 4319402.643, 140
Trd, 4319404.043, 140
Trd, 4319404.243, 140
Trd, 4319404.493, 140
Trd, 4319405.093, 139
Trd, 4319405.143, 138
Trd, 4319405.593, 61
Trd, 4319405.743, 62
Trd, 4319406.593, 63
Trd, 4319407.593, 61
Trd, 4319407.743, 65
Trd, 4319408.943, 60
Trd, 4319410.393, 61
Trd, 4319410.443, 69
Trd, 4319411.093, 140
Trd, 4319412.093, 140
Trd, 4319412.293, 140
Trd, 4319412.343, 140
Trd, 4319413.443, 130
Trd, 4319414.443, 139
Trd, 4319414.793, 124
Trd, 4319414.993, 60
Trd, 4319415.743, 114
Trd, 4319416.993, 66
Trd, 4319417.543, 60
Trd, 4319417.593, 65
Trd, 4319418.143, 65
Trd, 4319418.993, 60
Trd, 4319420.343, 60
Trd, 4319420.643, 69
Trd, 4319421.493, 60
Trd, 4319422.043, 63
Trd, 4319422.393, 63
Trd, 4319422.993, 66
Trd, 4319424.193, 67
Trd, 4319425.543, 64
Trd, 4319426.243, 61
Trd, 4319426.843, 63
Trd, 4319427.043, 63
Trd, 4319427.993, 108
Trd, 4319428.243, 140
Trd, 4319429.993, 140
Trd, 4319430.093, 80
Trd, 4319431.043, 60
Trd, 4319431.243, 64
Trd, 4319432.293, 63
Trd, 4319434.343, 61
Trd, 4319434.593, 61
Trd, 4319434.993, 62
Trd, 4319435.943, 62
Trd, 4319436.143, 62
Trd, 4319437.943, 140
Trd, 4319438.043, 140
Trd, 4319438.093, 140
Trd, 4319438.643, 140
Trd, 4319439.093, 140
Trd, 4319439.993, 140
Trd, 4319440.093, 140
Trd, 4319440.343, 139
Trd, 4319440.493, 137
Trd, 4319440.993, 139
Trd, 4319441.643, 138
Trd, 4319442.143, 139
Trd, 4319443.493, 140
Trd, 4319443.893, 140
Trd, 4319444.193, 138
Trd, 4319444.643, 126
Trd, 4319445.243, 125
Trd, 4319445.893, 140
Trd, 4319446.743, 67
Trd, 4319447.593, 140
Trd, 4319447.743, 140
Trd, 4319448.293, 140
Trd, 4319448.943, 78
Trd, 4319449.693, 60
Trd, 4319450.293, 62
Trd, 4319450.693, 139
Trd, 4319452.143, 60
Trd, 4319452.193, 60
Trd, 4319452.843, 67
Trd, 4319453.443, 66
Trd, 4319453.793, 67
Trd, 4319454.243, 62
Trd, 4319455.343, 60
Trd, 4319455.643, 62
Trd, 4319457.393, 65
Trd, 4319457.593, 60
Trd, 4319458.293, 60
Trd, 4319458.743, 63
Trd, 4319459.593, 65
Trd, 4319460.143, 62
Trd, 4319461.193, 60
Trd, 4319462.393, 62
Trd, 4319462.543, 63
Trd, 4319462.993, 140
Trd, 4319463.543, 140
Trd, 4319463.893, 62
Trd, 4319464.043, 92
Trd, 4319465.143, 140
Trd, 4319465.793, 138
Trd, 4319466.393, 61
Trd, 4319467.343, 60
Trd, 4319468.393, 62
Trd, 4319468.443, 64
Trd, 4319468.943, 65
Trd, 4319469.193, 135
Trd, 4319469.443, 133
Trd, 4319471.643, 63
Trd, 4319472.093, 61
Trd, 4319472.493, 64
Trd, 4319474.193, 60
Trd, 4319474.643, 60
Trd, 4319474.743, 64
Trd, 4319475.243, 67
Trd, 4319475.943, 63
Trd, 4319476.293, 67
Trd, 4319476.893, 107
Trd, 4319477.243, 135
Trd, 4319477.793, 113
Trd, 4319478.893, 140
Trd, 4319479.493, 139
Trd, 4319480.743, 60
Trd, 4319480.793, 60
Trd, 4319481.093, 62
Trd, 4319482.393, 61
Trd, 4319482.543, 66
Trd, 4319482.943, 72
Trd, 4319483.343, 62
Trd, 4319483.643, 66
Trd, 4319484.993, 60
Trd, 4319485.043, 63
Trd, 4319485.293, 60
Trd, 4319486.743, 62
Trd, 4319487.343, 61
Trd, 4319488.043, 137
Trd, 4319489.643, 60
Trd, 4319489.743, 61
Trd, 4319490.043, 62
Trd, 4319490.743, 62
Trd, 4319491.593, 62
Trd, 4319491.943, 135
Trd, 4319492.343, 136
Trd, 4319493.043, 75
Trd, 4319493.843, 140
Trd, 4319494.843, 140
Trd, 4319495.193, 136
Trd, 4319496.043, 61
Trd, 4319496.093, 63
Trd, 4319496.843, 61
Trd, 4319496.893, 66
Trd, 4319497.793, 60
Trd, 4319498.893, 60
Trd, 4319499.393, 63
Trd, 4319499.643, 67
Trd, 4319500.443, 63
Trd, 4319501.143, 60
Trd, 4319501.843, 61
Trd, 4319502.293, 60
Trd, 4319503.393, 60
Trd, 4319503.893, 64
Trd, 4319504.693, 62
Trd, 4319505.143, 72
Trd, 4319506.143, 62
Trd, 4319506.443, 65
Trd, 4319507.293, 128
Trd, 4319507.843, 140
Trd, 4319508.443, 140
Trd, 4319508.693, 140
Trd, 4319509.143, 139
Trd, 4319509.393, 139
Trd, 4319509.493, 137
Trd, 4319509.743, 118
Trd, 4319511.493, 140
Trd, 4319512.543, 140
Trd, 4319512.793, 140
Trd, 4319513.543, 140
Trd, 4319514.643, 140
Trd, 4319514.943, 140
Trd, 4319515.643, 140
Trd, 4319516.343, 140
Trd, 4319517.043, 140
Trd, 4319517.543, 140
Trd, 4319517.843, 140
Trd, 4319518.843, 139
Trd, 4319519.093, 140
Trd, 4319519.993, 139
Trd, 4319520.793, 140
Trd, 4319520.893, 140
Trd, 4319521.243, 140
Trd, 4319522.693, 140
Trd, 4319523.193, 140
Trd, 4319523.643, 140
Trd, 4319524.243, 139
Trd, 4319524.543, 140
Trd, 4319524.943, 140
Trd, 4319525.593, 140
Trd, 4319525.693, 140
Trd, 4319526.843, 63
Trd, 4319526.893, 112
Trd, 4319527.993, 140
Trd, 4319528.593, 140
Trd, 4319528.943, 140
Trd, 4319530.143, 138
Trd, 4319530.593, 140
Trd, 4319530.893, 138
Trd, 4319531.743, 137
Trd, 4319532.893, 139
Trd, 4319533.093, 138
Trd, 4319533.293, 140
Trd, 4319534.193, 140
Trd, 4319535.193, 140
Trd, 4319535.543, 140
Trd, 4319535.793, 139
Trd, 4319537.593, 140
Trd, 4319537.793, 140
Trd, 4319538.343, 140
Trd, 4319538.843, 140
Trd, 4319539.243, 140
Trd, 4319539.943, 140
Trd, 4319540.443, 140
Trd, 4319541.143, 129
Trd, 4319541.493, 127
Trd, 4319541.793, 138
Trd, 4319542.643, 127
Trd, 4319543.143, 60
Trd, 4319544.293, 67
Trd, 4319544.443, 64
Trd, 4319544.993, 60
Trd, 4319545.643, 64
Trd, 4319546.143, 68
Trd, 4319547.143, 61
Trd, 4319549.043, 60
Trd, 4319549.143, 62
Trd, 4319549.243, 63
Trd, 4319549.443, 140
Trd, 4319549.793, 60
Trd, 4319550.493, 60
Trd, 4319550.743, 61
Trd, 4319552.043, 67
Trd, 4319552.493, 131
Trd, 4319553.443, 67
Trd, 4319553.643, 100
Trd, 4319554.193, 70
Trd, 4319554.393, 71
Trd, 4319556.043, 140
Trd, 4319556.193, 139
Trd, 4319557.143, 138
Trd, 4319557.193, 137
Trd, 4319557.543, 140
Trd, 4319557.793, 140
Trd, 4319558.893, 137
Trd, 4319559.243, 61
Trd, 4319560.393, 140
Trd, 4319560.743, 140
Trd, 4319560.993, 140
Trd, 4319561.243, 140
Trd, 4319562.693, 130
Trd, 4319562.843, 63
Trd, 4319564.693, 140
Trd, 4319564.743, 140
Trd, 4319564.993, 137
Trd, 4319565.143, 135
Trd, 4319565.643, 140
Trd, 4319565.993, 69
Trd, 4319566.943, 63
Trd, 4319568.243, 140
Trd, 4319568.693, 140
Trd, 4319569.743, 140
Trd, 4319570.243, 140
Trd, 4319571.143, 140
Trd, 4319571.243, 138
Trd, 4319572.343, 140
Trd, 4319572.543, 137
Trd, 4319572.643, 71
Trd, 4319573.793, 140
Trd, 4319574.193, 140
Trd, 4319574.943, 69
Trd, 4319575.643, 140
Trd, 4319575.943, 139
Trd, 4319577.143, 140
Trd, 4319577.393, 137
Trd, 4319577.693, 138
Trd, 4319577.943, 96
Trd, 4319578.743, 140
Trd, 4319578.993, 65
Trd, 4319579.443, 66
Trd, 4319580.993, 65
Trd, 4319581.093, 66
Trd, 4319581.793, 140
Trd, 4319582.643, 70
Trd, 4319583.543, 63
Trd, 4319583.993, 67
Trd, 4319584.743, 140
Trd, 4319585.643, 63
Trd, 4319585.893, 60
Trd, 4319586.093, 65
Trd, 4319587.443, 60
Trd, 4319588.793, 61
Trd, 4319589.093, 64
Trd, 4319590.193, 60
Trd, 4319590.343, 61
Trd, 4319590.493, 62
Trd, 4319590.943, 68
Trd, 4319591.593, 62
Trd, 4319592.843, 62
Trd, 4319594.493, 64
Trd, 4319594.643, 65
Trd, 4319594.793, 60
Trd, 4319595.743, 60
Trd, 4319596.293, 63
Trd, 4319597.743, 140
Trd, 4319598.043, 140
Trd, 4319598.243, 139
Trd, 4319598.593, 139
Trd, 4319599.343, 140
Trd, 4319600.493, 140
Trd, 4319602.243, 140
Trd, 4319602.693, 140
Trd, 4319602.893, 140
Trd, 4319603.693, 135
Trd, 4319603.943, 132
Trd, 4319604.343, 60
Trd, 4319605.593, 63
Trd, 4319606.143, 60
Trd, 4319606.843, 137
Trd, 4319607.243, 135
Trd, 4319607.393, 130
Trd, 4319607.693, 93
Trd, 4319607.893, 92
Trd, 4319608.293, 70
Trd, 4319610.593, 61
Trd, 4319610.843, 60
Trd, 4319610.993, 61
Trd, 4319611.143, 62
Trd, 4319612.443, 60
Trd, 4319612.493, 60
Trd, 4319613.093, 62
Trd, 4319613.493, 61
Trd, 4319614.693, 61
Trd, 4319615.993, 64
Trd, 4319616.143, 65
Trd, 4319616.343, 60
Trd, 4319616.593, 140
Trd, 4319617.093, 134
Trd, 4319618.843, 140
Trd, 4319620.543, 140
Trd, 4319620.993, 129
Trd, 4319621.693, 60
Trd, 4319622.393, 140
Trd, 4319622.443, 140
Trd, 4319622.493, 140
Trd, 4319623.193, 140
Trd, 4319623.393, 116
Trd, 4319624.093, 140
Trd, 4319624.693, 136
Trd, 4319624.743, 83
Trd, 4319626.543, 139
Trd, 4319627.893, 140
Trd, 4319628.193, 139
Trd, 4319628.693, 140
Trd, 4319628.793, 139
Trd, 4319629.343, 140
Trd, 4319629.693, 140
Trd, 4319630.293, 140
Trd, 4319630.443, 139
Trd, 4319631.443, 140
Trd, 4319632.143, 63
Trd, 4319632.693, 64
Trd, 4319633.243, 62
Trd, 4319633.693, 73
Trd, 4319634.443, 60
Trd, 4319635.643, 60
Trd, 4319635.843, 66
Trd, 4319636.043, 67
Trd, 4319637.143, 69
Trd, 4319637.343, 140
Trd, 4319637.943, 61
Trd, 4319638.743, 67
Trd, 4319639.293, 68
Trd, 4319639.443, 60
Trd, 4319640.143, 61
Trd, 4319640.793, 140
Trd, 4319641.793, 140
Trd, 4319642.293, 140
Trd, 4319642.493, 140
Trd, 4319642.593, 140
Trd, 4319642.993, 138
Trd, 4319643.243, 135
Trd, 4319643.643, 140
Trd, 4319645.493, 65
Trd, 4319645.643, 102
Trd, 4319646.843, 61
Trd, 4319647.193, 62
Trd, 4319647.443, 140
Trd, 4319649.143, 140
Trd, 4319649.243, 140
Trd, 4319649.493, 140
Trd, 4319650.793, 140
Trd, 4319650.943, 140
Trd, 4319651.193, 140
Trd, 4319653.143, 140
Trd, 4319653.743, 140
Trd, 4319653.793, 140
Trd, 4319655.193, 140
Trd, 4319656.493, 140
Trd, 4319656.893, 140
Trd, 4319657.543, 140
Trd, 4319657.693, 140
Trd, 4319658.143, 140
Trd, 4319658.293, 140
Trd, 4319658.843, 137
Trd, 4319659.193, 136
Trd, 4319661.093, 140
Trd, 4319661.293, 138
Trd, 4319661.543, 60
Trd, 4319662.043, 60
Trd, 4319663.043, 60
Trd, 4319663.093, 61
Trd, 4319663.643, 72
Trd, 4319664.793, 60
Trd, 4319665.893, 140
Trd, 4319666.043, 140
Trd, 4319666.543, 140
Trd, 4319666.593, 140
Trd, 4319667.443, 140
Trd, 4319667.593, 140
Trd, 4319668.043, 113
Trd, 4319669.143, 138
Trd, 4319670.193, 139
Trd, 4319670.793, 139
Trd, 4319671.343, 139
Trd, 4319672.093, 67
Trd, 4319672.643, 139
Trd, 4319674.043, 140
Trd, 4319674.143, 140
Trd, 4319674.193, 140
Trd, 4319675.343, 139
Trd, 4319676.143, 135
Trd, 4319676.493, 134
Trd, 4319677.443, 140
Trd, 4319678.443, 140
Trd, 4319679.043, 140
Trd, 4319679.843, 140
Trd, 4319680.193, 140
Trd, 4319680.593, 140
Trd, 4319681.443, 140
Trd, 4319681.743, 140
Trd, 4319681.993, 139
Trd, 4319682.043, 137
Trd, 4319682.943, 140
Trd, 4319684.643, 137
Trd, 4319684.693, 133
Trd, 4319685.093, 113
Trd, 4319685.943, 140
Trd, 4319686.143, 139
Trd, 4319686.843, 132
Trd, 4319687.343, 70
Trd, 4319687.643, 128
Trd, 4319689.193, 140
Trd, 4319689.393, 65
Trd, 4319690.443, 60
Trd, 4319690.493, 61
Trd, 4319691.093, 140
Trd, 4319691.543, 61
Trd, 4319692.143, 66
Trd, 4319692.393, 77
Trd, 4319693.143, 61
Trd, 4319694.243, 139
Trd, 4319695.093, 95
Trd, 4319695.193, 94
Trd, 4319697.093, 140
Trd, 4319697.493, 140
Trd, 4319697.743, 140
Trd, 4319698.143, 140
Trd, 4319699.343, 140
Trd, 4319699.493, 138
Trd, 4319699.693, 99
Trd, 4319699.893, 140
Trd, 4319700.393, 98
Trd, 4319701.943, 140
Trd, 4319702.643, 140
Trd, 4319703.393, 140
Trd, 4319703.643, 139
Trd, 4319705.493, 140
Trd, 4319705.793, 140
Trd, 4319705.843, 138
Trd, 4319706.343, 138
Trd, 4319706.893, 139
Trd, 4319707.293, 139
Trd, 4319707.343, 139
Trd, 4319708.493, 140
Trd, 4319709.443, 140
Trd, 4319709.543, 140
Trd, 4319711.243, 140
Trd, 4319711.393, 140
Trd, 4319711.543, 139
Trd, 4319713.393, 140
Trd, 4319713.893, 140
Trd, 4319713.943, 140
Trd, 4319714.293, 140
Trd, 4319715.843, 140
Trd, 4319716.993, 140
Trd, 4319717.093, 140
Trd, 4319718.093, 140
Trd, 4319718.843, 139
Trd, 4319719.993, 140
Trd, 4319720.443, 140
Trd, 4319720.593, 140
Trd, 4319720.893, 140
Trd, 4319721.293, 140
Trd, 4319721.693, 140
Trd, 4319723.093, 87
Trd, 4319723.243, 88
Trd, 4319723.393, 138
Trd, 4319724.343, 140
Trd, 4319724.493, 85
Trd, 4319725.593, 84
Trd, 4319726.593, 65
Trd, 4319727.543, 60
Trd, 4319728.193, 63
Trd, 4319728.443, 73
Trd, 4319728.893, 64
Trd, 4319729.793, 62
Trd, 4319730.093, 63
Trd, 4319730.393, 63
Trd, 4319731.393, 63
Trd, 4319732.143, 140
Trd, 4319732.293, 140
Trd, 4319733.793, 140
Trd, 4319733.843, 140
Trd, 4319734.843, 140
Trd, 4319735.043, 140
Trd, 4319735.343, 140
Trd, 4319736.243, 132
Trd, 4319737.793, 61
Trd, 4319738.793, 60
Trd, 4319738.843, 60
Trd, 4319739.093, 67
Trd, 4319739.993, 140
Trd, 4319740.243, 140
Trd, 4319740.343, 138
Trd, 4319740.943, 139
Trd, 4319741.243, 137
Trd, 4319742.643, 139
Trd, 4319743.043, 140
Trd, 4319743.643, 140
Trd, 4319744.343, 138
Trd, 4319745.743, 140
Trd, 4319745.943, 140
Trd, 4319746.243, 136
Trd, 4319746.993, 140
Trd, 4319747.093, 139
Trd, 4319747.743, 138
Trd, 4319748.243, 65
Trd, 4319749.643, 139
Trd, 4319750.693, 140
Trd, 4319750.893, 140
Trd, 4319751.793, 140
Trd, 4319752.393, 140
Trd, 4319753.193, 60
Trd, 4319753.243, 60
Trd, 4319753.743, 67
Trd, 4319755.043, 61
Trd, 4319755.443, 76
Trd, 4319756.043, 140
Trd, 4319756.343, 140
Trd, 4319756.643, 140
Trd, 4319756.843, 139
Trd, 4319758.043, 60
Trd, 4319758.143, 62
Trd, 4319758.343, 139
Trd, 4319758.593, 60
Trd, 4319759.793, 140
Trd, 4319759.993, 138
Trd, 4319760.043, 137
Trd, 4319760.743, 140
Trd, 4319761.193, 68
Trd, 4319764.043, 60
Trd, 4319764.293, 60
Trd, 4319765.043, 61
Trd, 4319765.493, 62
Trd, 4319765.543, 71
Trd, 4319765.793, 60
Trd, 4319767.243, 60
Trd, 4319767.343, 60
Trd, 4319768.043, 63
Trd, 4319768.643, 61
Trd, 4319769.493, 140
Trd, 4319770.593, 60
Trd, 4319770.993, 67
Trd, 4319771.243, 136
Trd, 4319771.343, 69
Trd, 4319771.743, 61
Trd, 4319772.693, 60
Trd, 4319773.093, 60
Trd, 4319773.893, 62
Trd, 4319775.843, 60
Trd, 4319775.943, 61
Trd, 4319776.093, 69
Trd, 4319776.343, 83
Trd, 4319777.243, 140
Trd, 4319777.393, 140
Trd, 4319778.693, 138
Trd, 4319778.843, 61
Trd, 4319779.343, 139
Trd, 4319780.093, 63
Trd, 4319780.793, 60
Trd, 4319781.193, 83
Trd, 4319781.893, 61
Trd, 4319782.743, 140
Trd, 4319784.093, 140
Trd, 4319784.793, 140
Trd, 4319785.343, 140
Trd, 4319786.343, 140
Trd, 4319786.493, 139
Trd, 4319786.643, 139
Trd, 4319786.943, 135
Trd, 4319787.743, 130
Trd, 4319788.793, 73
Trd, 4319789.143, 61
Trd, 4319790.243, 139
Trd, 4319790.493, 139
Trd, 4319790.593, 137
Trd, 4319791.943, 140
Trd, 4319792.443, 140
Trd, 4319792.993, 140
Trd, 4319794.693, 140
Trd, 4319795.243, 140
Trd, 4319795.843, 140
Trd, 4319796.093, 140
Trd, 4319796.193, 140
Trd, 4319796.443, 138
Trd, 4319796.843, 140
Trd, 4319797.543, 140
Trd, 4319797.743, 140
Trd, 4319798.293, 140
Trd, 4319799.443, 140
Trd, 4319799.993, 135
Trd, 4319800.793, 121
Trd, 4319801.443, 140
Trd, 4319801.593, 118
Trd, 4319802.043, 89
Trd, 4319802.693, 68
Trd, 4319803.743, 62
Trd, 4319803.943, 69
Trd, 4319805.393, 65
Trd, 4319806.393, 61
Trd, 4319806.443, 66
Trd, 4319807.093, 134
Trd, 4319808.443, 60
Trd, 4319809.443, 61
Trd, 4319810.093, 61
Trd, 4319810.193, 62
Trd, 4319811.043, 62
Trd, 4319812.343, 63
Trd, 4319812.693, 64
Trd, 4319813.293, 69
Trd, 4319814.743, 140
Trd, 4319814.993, 140
Trd, 4319816.143, 140
Trd, 4319816.343, 140
Trd, 4319816.643, 140
Trd, 4319817.043, 140
Trd, 4319817.543, 140
Trd, 4319818.593, 60
Trd, 4319818.993, 61
Trd, 4319819.393, 133
Trd, 4319819.693, 139
Trd, 4319820.293, 140
Trd, 4319821.443, 139
Trd, 4319821.893, 138
Trd, 4319822.593, 131
Trd, 4319822.993, 70
Trd, 4319823.243, 72
Trd, 4319824.143, 133
Trd, 4319824.993, 65
Trd, 4319825.293, 63
Trd, 4319825.343, 69
Trd, 4319826.293, 73
Trd, 4319826.843, 65
Trd, 4319827.543, 63
Trd, 4319828.293, 66
Trd, 4319828.693, 74
Trd, 4319830.843, 60
Trd, 4319831.143, 60
Trd, 4319832.993, 60
Trd, 4319833.043, 61
Trd, 4319833.093, 61
Trd, 4319833.443, 62
Trd, 4319833.593, 68
Trd, 4319833.693, 74
Trd, 4319834.593, 140
Trd, 4319834.743, 140
Trd, 4319835.343, 139
Trd, 4319835.743, 139
Trd, 4319835.993, 139
Trd, 4319836.143, 138
Trd, 4319837.743, 140
Trd, 4319838.293, 139
Trd, 4319838.593, 129
Trd, 4319839.443, 103
Trd, 4319840.193, 139
Trd, 4319840.393, 139
Trd, 4319840.643, 137
Trd, 4319840.743, 93
Trd, 4319842.693, 60
Trd, 4319843.343, 63
Trd, 4319843.443, 66
Trd, 4319843.893, 61
Trd, 4319844.743, 64
Trd, 4319845.943, 60
Trd, 4319846.593, 60
Trd, 4319847.193, 61
Trd, 4319847.393, 61
Trd, 4319848.043, 60
Trd, 4319848.893, 60
Trd, 4319849.143, 60
Trd, 4319849.643, 61
Trd, 4319849.743, 66
Trd, 4319850.093, 71
Trd, 4319851.643, 62
Trd, 4319851.943, 65
Trd, 4319852.193, 84
Trd, 4319852.893, 60
Trd, 4319854.793, 60
Trd, 4319856.393, 60
Trd, 4319856.993, 60
Trd, 4319857.343, 62
Trd, 4319857.743, 66
Trd, 4319858.093, 65
Trd, 4319859.093, 61
Trd, 4319860.293, 60
Trd, 4319860.493, 61
Trd, 4319860.793, 63
Trd, 4319861.593, 60
Trd, 4319861.793, 70
Trd, 4319863.593, 60
Trd, 4319863.643, 60
Trd, 4319863.793, 70
Trd, 4319864.993, 60
Trd, 4319865.643, 63
Trd, 4319865.843, 70
Trd, 4319867.693, 60
Trd, 4319868.343, 60
Trd, 4319869.393, 60
Trd, 4319869.893, 62
Trd, 4319869.993, 62
Trd, 4319870.343, 60
Trd, 4319870.493, 62
Trd, 4319871.193, 138
Trd, 4319871.293, 134
Trd, 4319871.993, 62
Trd, 4319872.243, 68
Trd, 4319873.743, 61
Trd, 4319874.793, 61
Trd, 4319874.943, 64
Trd, 4319875.143, 66
Trd, 4319875.693, 60
Trd, 4319876.393, 71
Trd, 4319878.243, 71
Trd, 4319878.643, 60
Trd, 4319878.843, 62
Trd, 4319880.643, 140
Trd, 4319880.993, 140
Trd, 4319881.243, 140
Trd, 4319881.543, 138
Trd, 4319881.743, 136
Trd, 4319881.793, 136
Trd, 4319882.843, 140
Trd, 4319882.993, 140
Trd, 4319883.843, 140
Trd, 4319884.443, 68
Trd, 4319885.693, 140
Trd, 4319885.993, 140
Trd, 4319886.693, 61
Trd, 4319887.593, 63
Trd, 4319887.793, 140
Trd, 4319887.943, 127
Trd, 4319889.043, 132
Trd, 4319889.443, 64
Trd, 4319890.093, 139
Trd, 4319890.543, 140
Trd, 4319891.393, 60
Trd, 4319891.943, 61
Trd, 4319892.493, 140
Trd, 4319894.393, 140
Trd, 4319894.443, 140
Trd, 4319894.693, 140
Trd, 4319894.793, 140
Trd, 4319895.143, 140
Trd, 4319896.343, 140
Trd, 4319897.093, 140
Trd, 4319897.343, 140
Trd, 4319898.093, 139
Trd, 4319898.893, 139
Trd, 4319899.543, 140
Trd, 4319899.943, 140
Trd, 4319900.193, 139
Trd, 4319900.593, 139
Trd, 4319901.693, 140
Trd, 4319901.793, 139
Trd, 4319902.293, 60
Trd, 4319903.193, 140
Trd, 4319903.943, 140
Trd, 4319904.293, 128
Trd, 4319904.543, 140
Trd, 4319904.793, 138
Trd, 4319905.243, 139
Trd, 4319905.293, 139
Trd, 4319906.943, 60
Trd, 4319907.393, 60
Trd, 4319907.643, 61
Trd, 4319908.843, 62
Trd, 4319909.143, 63
Trd, 4319909.643, 62
Trd, 4319909.743, 102
Trd, 4319909.943, 65
Trd, 4319911.043, 73
Trd, 4319912.243, 125
Trd, 4319912.343, 124
Trd, 4319913.093, 137
Trd, 4319914.243, 140
Trd, 4319914.643, 140
Trd, 4319914.943, 140
Trd, 4319916.343, 140
Trd, 4319917.443, 140
Trd, 4319917.993, 140
Trd, 4319918.793, 140
Trd, 4319918.843, 139
Trd, 4319920.243, 139
Trd, 4319920.993, 140
Trd, 4319921.293, 140
Trd, 4319921.443, 140
Trd, 4319921.693, 138
Trd, 4319922.743, 140
Trd, 4319923.143, 140
Trd, 4319923.293, 140
Trd, 4319923.343, 137
Trd, 4319924.093, 68
Trd, 4319925.493, 60
Trd, 4319925.993, 61
Trd, 4319926.443, 60
Trd, 4319928.293, 60
Trd, 4319928.593, 70
Trd, 4319928.943, 63
Trd, 4319929.343, 60
Trd, 4319929.593, 93
Trd, 4319930.393, 60
Trd, 4319931.093, 61
Trd, 4319932.693, 60
Trd, 4319932.843, 60
Trd, 4319933.543, 60
Trd, 4319934.493, 61
Trd, 4319935.643, 60
Trd, 4319936.243, 60
Trd, 4319936.993, 60
Trd, 4319937.093, 60
Trd, 4319937.643, 63
Trd, 4319937.793, 105
Trd, 4319938.893, 65
Trd, 4319939.243, 66
Trd, 4319939.343, 75
Trd, 4319939.993, 137
Trd, 4319941.443, 140
Trd, 4319941.693, 129
Trd, 4319941.793, 127
Trd, 4319942.443, 64
Trd, 4319943.193, 65
Trd, 4319944.443, 140
Trd, 4319944.893, 140
Trd, 4319944.993, 140
Trd, 4319945.343, 140
Trd, 4319945.593, 64
Trd, 4319947.893, 140
Trd, 4319948.093, 140
Trd, 4319948.193, 140
Trd, 4319948.493, 140
Trd, 4319950.143, 140
Trd, 4319950.843, 140
Trd, 4319951.393, 140
Trd, 4319951.693, 138
Trd, 4319952.093, 65
Trd, 4319952.993, 62
Trd, 4319953.443, 139
Trd, 4319954.043, 140
Trd, 4319954.593, 140
Trd, 4319956.243, 140
Trd, 4319956.393, 139
Trd, 4319957.543, 140
Trd, 4319958.443, 140
Trd, 4319959.143, 140
Trd, 4319959.243, 140
Trd, 4319959.793, 140
Trd, 4319960.093, 140
Trd, 4319960.693, 139
Trd, 4319961.293, 136
Trd, 4319962.043, 140
Trd, 4319962.943, 139
Trd, 4319963.043, 137
Trd, 4319963.593, 69
Trd, 4319964.093, 63
Trd, 4319965.043, 137
Trd, 4319965.893, 60
Trd, 4319966.193, 60
Trd, 4319966.543, 61
Trd, 4319966.793, 63
Trd, 4319968.643, 62
Trd, 4319970.143, 64
Trd, 4319970.443, 66
Trd, 4319970.593, 66
Trd, 4319970.693, 72
Trd, 4319971.643, 102
Trd, 4319972.393, 65
Trd, 4319972.893, 109
Trd, 4319973.993, 140
Trd, 4319974.343, 140
Trd, 4319974.743, 140
Trd, 4319974.993, 139
Trd, 4319975.443, 138
Trd, 4319975.693, 137
Trd, 4319976.443, 140
Trd, 4319978.493, 140
Trd, 4319978.893, 139
Trd, 4319979.343, 140
Trd, 4319979.643, 139
Trd, 4319979.693, 138
Trd, 4319980.893, 140
Trd, 4319981.443, 140
Trd, 4319981.493, 140
Trd, 4319981.543, 120
Trd, 4319982.043, 140
Trd, 4319982.693, 140
Trd, 4319983.493, 93
Trd, 4319984.093, 139
Trd, 4319984.693, 139
Trd, 4319985.493, 60
Trd, 4319985.543, 60
Trd, 4319986.743, 65
Trd, 4319987.793, 138
Trd, 4319989.043, 140
Trd, 4319989.243, 140
Trd, 4319989.293, 138
Trd, 4319989.793, 133
Trd, 4319990.143, 78
Trd, 4319990.943, 140
Trd, 4319991.343, 65
Trd, 4319993.143, 70
Trd, 4319993.243, 73
Trd, 4319993.543, 60
Trd, 4319994.043, 71
Trd, 4319995.193, 61
Trd, 4319996.643, 60
Trd, 4319996.993, 60
Trd, 4319997.043, 62
Trd, 4319998.193, 60
Trd, 4319998.743, 60
