Trd, 4318115.143, 103
Trd, 4318115.293, 93
Trd, 4318115.693, 110
Trd, 4318117.143, 140
Trd, 4318117.293, 140
Trd, 4318117.343, 87
Trd, 4318119.043, 92
Trd, 4318119.593, 98
Trd, 4318120.493, 61
Trd, 4318120.543, 62
Trd, 4318121.243, 95
Trd, 4318123.843, 109
Trd, 4318124.143, 108
Trd, 4318124.193, 108
Trd, 4318125.493, 122
Trd, 4318125.593, 134
Trd, 4318125.943, 106
Trd, 4318126.143, 97
Trd, 4318126.743, 96
Trd, 4318126.993, 74
Trd, 4318127.543, 97
Trd, 4318129.993, 91
Trd, 4318130.343, 90
Trd, 4318130.843, 78
Trd, 4318132.793, 79
Trd, 4318133.143, 72
Trd, 4318133.893, 79
Trd, 4318134.543, 89
Trd, 4318134.693, 86
Trd, 4318135.643, 116
Trd, 4318137.193, 107
Trd, 4318137.443, 113
Trd, 4318137.543, 102
Trd, 4318137.743, 82
Trd, 4318138.643, 77
Trd, 4318139.693, 104
Trd, 4318140.793, 74
Trd, 4318141.643, 69
Trd, 4318142.143, 140
Trd, 4318142.593, 70
Trd, 4318142.743, 103
Trd, 4318143.993, 129
Trd, 4318144.193, 129
Trd, 4318144.343, 127
Trd, 4318145.393, 78
Trd, 4318146.593, 62
Trd, 4318147.093, 68
Trd, 4318148.093, 82
Trd, 4318148.943, 105
Trd, 4318149.493, 125
Trd, 4318149.793, 91
Trd, 4318151.893, 86
Trd, 4318153.343, 136
Trd, 4318153.443, 133
Trd, 4318154.143, 132
Trd, 4318154.343, 117
Trd, 4318154.393, 94
Trd, 4318154.943, 88
Trd, 4318155.693, 119
Trd, 4318156.543, 103
Trd, 4318157.343, 77
Trd, 4318158.143, 81
Trd, 4318159.543, 82
Trd, 4318160.393, 115
Trd, 4318160.743, 108
Trd, 4318160.943, 107
Trd, 4318161.993, 77
Trd, 4318162.293, 73
Trd, 4318162.693, 74
Trd, 4318163.443, 98
Trd, 4318164.043, 116
Trd, 4318164.193, 103
Trd, 4318165.543, 134
Trd, 4318165.793, 122
Trd, 4318166.193, 112
Trd, 4318166.443, 94
Trd, 4318167.793, 64
Trd, 4318168.893, 70
Trd, 4318169.643, 86
Trd, 4318169.793, 77
Trd, 4318170.243, 76
Trd, 4318171.543, 70
Trd, 4318171.793, 68
Trd, 4318172.343, 95
Trd, 4318173.443, 94
Trd, 4318173.943, 76
Trd, 4318174.093, 89
Trd, 4318174.643, 74
Trd, 4318177.193, 69
Trd, 4318177.793, 86
Trd, 4318178.793, 63
Trd, 4318178.993, 62
Trd, 4318179.893, 131
Trd, 4318180.093, 73
Trd, 4318180.993, 70
Trd, 4318181.693, 108
Trd, 4318182.943, 70
Trd, 4318183.093, 67
Trd, 4318183.843, 62
Trd, 4318186.843, 63
Trd, 4318188.543, 69
Trd, 4318189.043, 72
Trd, 4318189.593, 99
Trd, 4318190.043, 97
Trd, 4318190.543, 91
Trd, 4318190.743, 81
Trd, 4318191.393, 76
Trd, 4318191.493, 94
Trd, 4318192.043, 83
Trd, 4318192.343, 82
Trd, 4318192.993, 78
Trd, 4318193.293, 78
Trd, 4318194.143, 119
Trd, 4318194.693, 113
Trd, 4318195.193, 113
Trd, 4318195.543, 76
Trd, 4318196.093, 111
Trd, 4318196.393, 108
Trd, 4318197.393, 72
Trd, 4318198.243, 72
Trd, 4318199.043, 105
Trd, 4318199.843, 88
Trd, 4318200.543, 82
Trd, 4318201.543, 78
Trd, 4318202.443, 86
Trd, 4318203.193, 61
Trd, 4318205.243, 67
Trd, 4318205.443, 93
Trd, 4318206.393, 74
Trd, 4318206.993, 86
Trd, 4318207.243, 88
Trd, 4318207.293, 70
Trd, 4318208.593, 78
Trd, 4318210.093, 110
Trd, 4318210.143, 109
Trd, 4318210.343, 108
Trd, 4318210.393, 94
Trd, 4318210.993, 91
Trd, 4318211.343, 115
Trd, 4318212.543, 89
Trd, 4318213.043, 105
Trd, 4318214.243, 118
Trd, 4318214.343, 101
Trd, 4318215.343, 76
Trd, 4318215.593, 79
Trd, 4318216.543, 79
Trd, 4318216.993, 65
Trd, 4318218.293, 106
Trd, 4318219.393, 83
Trd, 4318220.193, 84
Trd, 4318221.043, 93
Trd, 4318221.243, 80
Trd, 4318222.193, 90
Trd, 4318222.293, 68
Trd, 4318222.443, 111
Trd, 4318222.643, 85
Trd, 4318223.693, 74
Trd, 4318223.893, 115
Trd, 4318224.143, 74
Trd, 4318226.143, 98
Trd, 4318226.243, 91
Trd, 4318227.093, 119
Trd, 4318229.693, 136
Trd, 4318230.443, 129
Trd, 4318230.543, 128
Trd, 4318230.593, 126
Trd, 4318230.643, 122
Trd, 4318230.743, 111
Trd, 4318233.843, 128
Trd, 4318234.243, 125
Trd, 4318234.793, 107
Trd, 4318235.043, 127
Trd, 4318235.243, 124
Trd, 4318235.643, 102
Trd, 4318236.293, 95
Trd, 4318236.493, 92
Trd, 4318236.543, 110
Trd, 4318236.943, 96
Trd, 4318239.543, 99
Trd, 4318239.593, 98
Trd, 4318239.743, 94
Trd, 4318239.943, 92
Trd, 4318240.893, 86
Trd, 4318241.043, 74
Trd, 4318241.743, 66
Trd, 4318241.893, 67
Trd, 4318242.493, 78
Trd, 4318243.293, 74
Trd, 4318244.693, 89
Trd, 4318245.093, 100
Trd, 4318245.143, 86
Trd, 4318247.393, 93
Trd, 4318247.643, 90
Trd, 4318248.443, 107
Trd, 4318248.743, 100
Trd, 4318250.543, 84
Trd, 4318251.693, 99
Trd, 4318252.193, 108
Trd, 4318253.243, 108
Trd, 4318253.643, 104
Trd, 4318254.193, 97
Trd, 4318254.293, 94
Trd, 4318255.993, 91
Trd, 4318256.543, 112
Trd, 4318257.493, 106
Trd, 4318257.643, 94
Trd, 4318258.193, 96
Trd, 4318259.593, 66
Trd, 4318261.643, 102
Trd, 4318261.743, 105
Trd, 4318261.893, 101
Trd, 4318262.593, 97
Trd, 4318262.693, 78
Trd, 4318263.843, 92
Trd, 4318264.793, 122
Trd, 4318265.293, 116
Trd, 4318265.743, 91
Trd, 4318267.943, 121
Trd, 4318268.043, 118
Trd, 4318268.693, 114
Trd, 4318269.843, 110
Trd, 4318270.443, 108
Trd, 4318271.193, 100
Trd, 4318271.893, 93
Trd, 4318272.143, 78
Trd, 4318273.493, 66
Trd, 4318273.693, 65
Trd, 4318274.593, 82
Trd, 4318274.893, 128
Trd, 4318276.793, 104
Trd, 4318276.993, 93
Trd, 4318277.443, 90
Trd, 4318277.743, 65
Trd, 4318277.943, 63
Trd, 4318278.193, 61
Trd, 4318278.543, 94
Trd, 4318279.193, 65
Trd, 4318280.443, 90
Trd, 4318281.643, 61
Trd, 4318281.893, 129
Trd, 4318282.243, 73
Trd, 4318283.543, 80
Trd, 4318284.293, 101
Trd, 4318284.893, 94
Trd, 4318285.043, 92
Trd, 4318285.243, 88
Trd, 4318286.493, 65
Trd, 4318288.543, 61
Trd, 4318288.893, 65
Trd, 4318289.493, 61
Trd, 4318290.143, 73
Trd, 4318291.243, 71
Trd, 4318292.343, 67
Trd, 4318292.643, 71
Trd, 4318293.093, 97
Trd, 4318294.643, 95
Trd, 4318295.643, 107
Trd, 4318295.993, 91
Trd, 4318296.793, 91
Trd, 4318297.143, 90
Trd, 4318297.443, 72
Trd, 4318297.543, 64
Trd, 4318298.043, 85
Trd, 4318299.293, 112
Trd, 4318299.493, 109
Trd, 4318300.743, 130
Trd, 4318300.893, 118
Trd, 4318302.843, 117
Trd, 4318303.793, 117
Trd, 4318305.243, 120
Trd, 4318305.293, 102
Trd, 4318305.343, 84
Trd, 4318305.643, 80
Trd, 4318306.793, 139
Trd, 4318307.093, 84
Trd, 4318307.493, 104
Trd, 4318307.843, 125
Trd, 4318308.093, 102
Trd, 4318309.143, 135
Trd, 4318309.393, 131
Trd, 4318310.193, 122
Trd, 4318311.743, 73
Trd, 4318312.093, 85
Trd, 4318313.093, 73
Trd, 4318313.943, 125
Trd, 4318314.493, 109
Trd, 4318315.843, 95
Trd, 4318316.543, 97
Trd, 4318316.643, 77
Trd, 4318317.993, 120
Trd, 4318318.093, 118
Trd, 4318320.243, 122
Trd, 4318320.843, 120
Trd, 4318321.393, 126
Trd, 4318321.443, 120
Trd, 4318321.493, 104
Trd, 4318322.643, 91
Trd, 4318323.093, 64
Trd, 4318324.093, 108
Trd, 4318325.843, 68
Trd, 4318326.293, 67
Trd, 4318326.543, 100
Trd, 4318327.093, 78
Trd, 4318329.093, 62
Trd, 4318329.143, 61
Trd, 4318329.443, 63
Trd, 4318329.643, 63
Trd, 4318329.993, 81
Trd, 4318330.443, 60
Trd, 4318330.943, 97
Trd, 4318332.593, 84
Trd, 4318333.693, 67
Trd, 4318334.643, 102
Trd, 4318335.243, 104
Trd, 4318335.843, 101
Trd, 4318338.393, 132
Trd, 4318338.443, 103
Trd, 4318338.643, 100
Trd, 4318338.793, 101
Trd, 4318339.743, 120
Trd, 4318339.893, 113
Trd, 4318340.043, 99
Trd, 4318340.843, 120
Trd, 4318341.393, 100
Trd, 4318342.793, 112
Trd, 4318343.893, 124
Trd, 4318344.893, 106
Trd, 4318346.293, 96
Trd, 4318347.393, 104
Trd, 4318347.793, 103
Trd, 4318348.243, 97
Trd, 4318348.493, 105
Trd, 4318348.543, 94
Trd, 4318349.293, 77
Trd, 4318350.443, 75
Trd, 4318351.493, 111
Trd, 4318352.443, 99
Trd, 4318353.393, 107
Trd, 4318353.443, 99
Trd, 4318353.743, 93
Trd, 4318353.793, 126
Trd, 4318354.393, 106
Trd, 4318355.593, 60
Trd, 4318355.893, 69
Trd, 4318357.443, 64
Trd, 4318357.493, 77
Trd, 4318358.043, 74
Trd, 4318359.093, 93
Trd, 4318359.543, 67
Trd, 4318359.993, 104
Trd, 4318361.493, 63
Trd, 4318363.143, 105
Trd, 4318364.793, 88
Trd, 4318364.843, 78
Trd, 4318364.893, 92
Trd, 4318365.093, 102
Trd, 4318365.893, 119
Trd, 4318366.893, 118
Trd, 4318367.143, 129
Trd, 4318367.643, 104
Trd, 4318368.443, 103
Trd, 4318369.743, 100
Trd, 4318370.343, 87
Trd, 4318370.443, 81
Trd, 4318371.093, 102
Trd, 4318371.443, 83
Trd, 4318371.843, 72
Trd, 4318373.793, 95
Trd, 4318374.993, 117
Trd, 4318375.043, 109
Trd, 4318376.343, 125
Trd, 4318376.743, 134
Trd, 4318377.293, 131
Trd, 4318378.093, 119
Trd, 4318378.643, 117
Trd, 4318379.493, 101
Trd, 4318380.893, 99
Trd, 4318381.543, 123
Trd, 4318382.543, 107
Trd, 4318383.543, 109
Trd, 4318383.743, 106
Trd, 4318384.793, 99
Trd, 4318385.293, 87
Trd, 4318385.493, 72
Trd, 4318386.193, 62
Trd, 4318387.893, 93
Trd, 4318388.493, 107
Trd, 4318388.943, 70
Trd, 4318389.993, 99
Trd, 4318390.743, 84
Trd, 4318391.343, 94
Trd, 4318391.943, 84
Trd, 4318392.443, 111
Trd, 4318392.693, 118
Trd, 4318393.443, 112
Trd, 4318393.843, 129
Trd, 4318394.593, 102
Trd, 4318394.843, 99
Trd, 4318394.943, 93
Trd, 4318395.993, 97
Trd, 4318396.593, 118
Trd, 4318397.493, 83
Trd, 4318397.793, 76
Trd, 4318398.593, 72
Trd, 4318399.593, 134
Trd, 4318399.643, 106
Trd, 4318400.993, 128
Trd, 4318401.443, 135
Trd, 4318401.843, 127
Trd, 4318401.893, 123
Trd, 4318404.543, 117
Trd, 4318405.043, 92
Trd, 4318405.743, 125
Trd, 4318406.093, 113
Trd, 4318407.443, 82
Trd, 4318408.543, 121
Trd, 4318410.343, 122
Trd, 4318411.143, 104
Trd, 4318411.193, 102
Trd, 4318411.643, 102
Trd, 4318413.143, 126
Trd, 4318414.193, 118
Trd, 4318414.993, 111
Trd, 4318415.743, 103
Trd, 4318416.143, 123
Trd, 4318416.593, 116
Trd, 4318416.643, 104
Trd, 4318417.293, 82
Trd, 4318419.093, 98
Trd, 4318419.943, 106
Trd, 4318421.443, 93
Trd, 4318422.193, 97
Trd, 4318423.043, 99
Trd, 4318423.643, 91
Trd, 4318423.793, 90
Trd, 4318424.993, 97
Trd, 4318425.043, 117
Trd, 4318425.443, 92
Trd, 4318426.293, 106
Trd, 4318426.843, 78
Trd, 4318427.343, 97
Trd, 4318428.143, 103
Trd, 4318429.543, 113
Trd, 4318429.643, 111
Trd, 4318431.493, 96
Trd, 4318433.193, 101
Trd, 4318433.843, 87
Trd, 4318434.493, 103
Trd, 4318434.793, 78
Trd, 4318434.993, 74
Trd, 4318435.393, 76
Trd, 4318435.893, 102
Trd, 4318435.993, 101
Trd, 4318436.243, 133
Trd, 4318437.543, 67
Trd, 4318438.693, 69
Trd, 4318440.393, 60
Trd, 4318441.343, 67
Trd, 4318441.493, 74
Trd, 4318442.843, 111
Trd, 4318443.393, 132
Trd, 4318443.843, 108
Trd, 4318444.293, 107
Trd, 4318444.893, 135
Trd, 4318445.393, 108
Trd, 4318446.043, 92
Trd, 4318446.143, 91
Trd, 4318446.443, 97
Trd, 4318446.743, 85
Trd, 4318447.293, 105
Trd, 4318447.993, 79
Trd, 4318450.043, 128
Trd, 4318450.143, 113
Trd, 4318450.193, 111
Trd, 4318450.243, 99
Trd, 4318450.543, 97
Trd, 4318451.093, 78
Trd, 4318452.943, 106
Trd, 4318453.093, 117
Trd, 4318453.193, 104
Trd, 4318454.143, 98
Trd, 4318454.293, 95
Trd, 4318455.843, 136
Trd, 4318456.543, 107
Trd, 4318457.043, 106
Trd, 4318458.493, 111
Trd, 4318459.293, 128
Trd, 4318459.343, 117
Trd, 4318459.893, 113
Trd, 4318460.293, 97
Trd, 4318460.643, 91
Trd, 4318461.043, 126
Trd, 4318462.143, 128
Trd, 4318462.843, 106
Trd, 4318463.843, 83
Trd, 4318464.293, 75
Trd, 4318464.693, 71
Trd, 4318465.043, 60
Trd, 4318466.093, 93
Trd, 4318466.993, 72
Trd, 4318467.893, 68
Trd, 4318468.193, 68
Trd, 4318469.293, 62
Trd, 4318470.493, 63
Trd, 4318471.993, 73
Trd, 4318472.443, 78
Trd, 4318473.293, 84
Trd, 4318473.443, 83
Trd, 4318473.593, 81
Trd, 4318474.743, 91
Trd, 4318475.843, 78
Trd, 4318477.593, 88
Trd, 4318478.043, 93
Trd, 4318478.693, 102
Trd, 4318479.293, 92
Trd, 4318480.343, 88
Trd, 4318480.643, 84
Trd, 4318481.443, 107
Trd, 4318482.143, 83
Trd, 4318483.093, 82
Trd, 4318483.293, 69
Trd, 4318483.793, 80
Trd, 4318484.443, 80
Trd, 4318486.643, 115
Trd, 4318487.543, 119
Trd, 4318488.143, 125
Trd, 4318488.743, 104
Trd, 4318488.993, 102
Trd, 4318490.193, 82
Trd, 4318491.093, 103
Trd, 4318492.593, 102
Trd, 4318492.893, 98
Trd, 4318493.443, 115
Trd, 4318493.493, 102
Trd, 4318493.543, 97
Trd, 4318493.943, 116
Trd, 4318494.843, 66
Trd, 4318496.193, 66
Trd, 4318497.193, 130
Trd, 4318498.293, 88
Trd, 4318498.843, 87
Trd, 4318499.243, 77
Trd, 4318499.893, 112
Trd, 4318501.693, 84
Trd, 4318502.193, 81
Trd, 4318502.443, 100
Trd, 4318502.593, 124
Trd, 4318503.343, 86
Trd, 4318503.643, 86
Trd, 4318505.393, 102
Trd, 4318505.893, 117
Trd, 4318506.993, 109
Trd, 4318507.193, 95
Trd, 4318507.843, 104
Trd, 4318508.493, 100
Trd, 4318508.543, 98
Trd, 4318508.693, 77
Trd, 4318510.293, 87
Trd, 4318512.093, 67
Trd, 4318513.543, 88
Trd, 4318514.443, 124
Trd, 4318515.143, 129
Trd, 4318516.143, 129
Trd, 4318517.593, 140
Trd, 4318517.843, 139
Trd, 4318518.293, 96
Trd, 4318518.493, 86
Trd, 4318520.293, 84
Trd, 4318520.493, 83
Trd, 4318521.143, 102
Trd, 4318521.293, 99
Trd, 4318521.793, 136
Trd, 4318522.343, 97
Trd, 4318522.493, 97
Trd, 4318523.443, 90
Trd, 4318524.043, 99
Trd, 4318525.693, 60
Trd, 4318527.343, 85
Trd, 4318528.043, 64
Trd, 4318528.143, 89
Trd, 4318528.243, 69
Trd, 4318528.993, 60
Trd, 4318533.293, 62
Trd, 4318533.893, 63
Trd, 4318534.143, 65
Trd, 4318534.243, 62
Trd, 4318535.243, 78
Trd, 4318538.243, 60
Trd, 4318538.743, 61
Trd, 4318539.043, 67
Trd, 4318539.793, 64
Trd, 4318540.043, 66
Trd, 4318541.393, 136
Trd, 4318541.993, 135
Trd, 4318542.193, 119
Trd, 4318543.393, 110
Trd, 4318544.993, 110
Trd, 4318545.343, 106
Trd, 4318545.393, 120
Trd, 4318545.993, 101
Trd, 4318546.843, 98
Trd, 4318547.093, 85
Trd, 4318547.643, 96
Trd, 4318548.093, 91
Trd, 4318549.793, 97
Trd, 4318550.243, 110
Trd, 4318550.393, 88
Trd, 4318551.843, 84
Trd, 4318553.043, 100
Trd, 4318554.043, 121
Trd, 4318554.493, 102
Trd, 4318554.543, 97
Trd, 4318554.793, 78
Trd, 4318555.293, 122
Trd, 4318556.243, 122
Trd, 4318556.293, 111
Trd, 4318557.293, 108
Trd, 4318557.593, 88
Trd, 4318557.693, 76
Trd, 4318558.793, 80
Trd, 4318559.843, 66
Trd, 4318560.293, 124
Trd, 4318560.993, 122
Trd, 4318563.643, 127
Trd, 4318564.293, 127
Trd, 4318565.893, 115
Trd, 4318566.093, 114
Trd, 4318566.243, 111
Trd, 4318566.543, 76
Trd, 4318567.693, 97
Trd, 4318567.843, 103
Trd, 4318569.993, 123
Trd, 4318570.543, 102
Trd, 4318570.643, 101
Trd, 4318571.143, 121
Trd, 4318572.543, 91
Trd, 4318572.743, 90
Trd, 4318574.593, 121
Trd, 4318574.643, 97
Trd, 4318574.743, 76
Trd, 4318576.693, 116
Trd, 4318577.693, 114
Trd, 4318578.593, 134
Trd, 4318578.693, 121
Trd, 4318579.943, 100
Trd, 4318580.293, 94
Trd, 4318580.993, 85
Trd, 4318581.393, 70
Trd, 4318582.643, 66
Trd, 4318582.943, 102
Trd, 4318583.393, 85
Trd, 4318583.793, 75
Trd, 4318585.343, 134
Trd, 4318586.143, 86
Trd, 4318586.793, 84
Trd, 4318586.893, 82
Trd, 4318586.943, 80
Trd, 4318588.693, 109
Trd, 4318588.743, 116
Trd, 4318589.793, 114
Trd, 4318590.443, 109
Trd, 4318591.843, 60
Trd, 4318592.243, 68
Trd, 4318593.743, 111
Trd, 4318594.843, 99
Trd, 4318594.943, 79
Trd, 4318595.093, 78
Trd, 4318595.143, 62
Trd, 4318596.843, 81
Trd, 4318597.693, 90
Trd, 4318599.293, 111
Trd, 4318599.493, 106
Trd, 4318600.093, 99
Trd, 4318600.143, 98
Trd, 4318600.493, 133
Trd, 4318602.243, 133
Trd, 4318602.893, 129
Trd, 4318603.293, 122
Trd, 4318603.743, 107
Trd, 4318605.293, 108
Trd, 4318605.393, 96
Trd, 4318605.593, 60
Trd, 4318606.993, 132
Trd, 4318607.793, 134
Trd, 4318607.943, 120
Trd, 4318608.193, 111
Trd, 4318608.893, 103
Trd, 4318609.093, 117
Trd, 4318610.343, 97
Trd, 4318611.443, 78
Trd, 4318613.243, 63
Trd, 4318613.643, 69
Trd, 4318615.243, 130
Trd, 4318615.443, 126
Trd, 4318615.843, 121
Trd, 4318615.943, 116
Trd, 4318616.243, 115
Trd, 4318617.693, 102
Trd, 4318618.743, 111
Trd, 4318619.093, 110
Trd, 4318620.193, 136
Trd, 4318621.643, 135
Trd, 4318621.793, 127
Trd, 4318621.843, 121
Trd, 4318621.943, 103
Trd, 4318622.643, 98
Trd, 4318622.693, 76
Trd, 4318624.043, 115
Trd, 4318624.393, 112
Trd, 4318624.693, 105
Trd, 4318626.243, 112
Trd, 4318626.443, 98
Trd, 4318627.193, 92
Trd, 4318627.293, 87
Trd, 4318627.643, 115
Trd, 4318628.343, 92
Trd, 4318630.143, 85
Trd, 4318630.693, 88
Trd, 4318630.743, 86
Trd, 4318631.993, 81
Trd, 4318632.543, 115
Trd, 4318632.943, 114
Trd, 4318633.193, 100
Trd, 4318635.293, 109
Trd, 4318635.393, 81
Trd, 4318637.343, 119
Trd, 4318637.443, 98
Trd, 4318638.243, 106
Trd, 4318640.293, 133
Trd, 4318640.793, 134
Trd, 4318641.443, 121
Trd, 4318642.443, 131
Trd, 4318642.693, 130
Trd, 4318644.193, 133
Trd, 4318644.493, 132
Trd, 4318644.893, 115
Trd, 4318645.843, 90
Trd, 4318646.093, 63
Trd, 4318646.393, 77
Trd, 4318647.843, 127
Trd, 4318649.393, 104
Trd, 4318650.293, 113
Trd, 4318651.343, 79
Trd, 4318651.993, 73
Trd, 4318652.043, 68
Trd, 4318652.743, 136
Trd, 4318654.393, 83
Trd, 4318655.243, 75
Trd, 4318656.043, 111
Trd, 4318656.093, 101
Trd, 4318656.943, 112
Trd, 4318657.443, 97
Trd, 4318657.843, 107
Trd, 4318658.243, 80
Trd, 4318661.343, 96
Trd, 4318662.343, 81
Trd, 4318662.493, 79
Trd, 4318663.493, 88
Trd, 4318664.143, 137
Trd, 4318664.293, 121
Trd, 4318665.943, 98
Trd, 4318667.043, 103
Trd, 4318667.743, 107
Trd, 4318668.243, 89
Trd, 4318668.743, 137
Trd, 4318668.893, 86
Trd, 4318669.343, 82
Trd, 4318670.543, 81
Trd, 4318670.993, 68
Trd, 4318672.643, 129
Trd, 4318672.843, 104
Trd, 4318673.493, 115
Trd, 4318673.843, 116
Trd, 4318674.843, 98
Trd, 4318675.143, 129
Trd, 4318675.993, 103
Trd, 4318677.393, 129
Trd, 4318678.143, 112
Trd, 4318678.993, 126
Trd, 4318679.693, 118
Trd, 4318679.943, 117
Trd, 4318680.193, 114
Trd, 4318681.093, 96
Trd, 4318683.743, 123
Trd, 4318683.843, 129
Trd, 4318683.943, 121
Trd, 4318684.543, 119
Trd, 4318684.793, 122
Trd, 4318685.093, 94
Trd, 4318685.343, 120
Trd, 4318685.643, 75
Trd, 4318686.843, 68
Trd, 4318687.093, 96
Trd, 4318687.943, 90
Trd, 4318688.793, 65
Trd, 4318691.793, 94
Trd, 4318692.043, 80
Trd, 4318692.843, 105
Trd, 4318693.643, 80
Trd, 4318693.993, 78
Trd, 4318694.343, 126
Trd, 4318695.243, 133
Trd, 4318696.643, 105
Trd, 4318696.893, 110
Trd, 4318698.193, 118
Trd, 4318698.443, 93
Trd, 4318700.043, 138
Trd, 4318700.693, 130
Trd, 4318700.793, 118
Trd, 4318700.843, 67
Trd, 4318701.543, 107
Trd, 4318702.893, 103
Trd, 4318703.393, 111
Trd, 4318703.493, 102
Trd, 4318704.293, 69
Trd, 4318705.843, 103
Trd, 4318706.693, 123
Trd, 4318708.343, 133
Trd, 4318708.443, 130
Trd, 4318710.243, 102
Trd, 4318710.443, 109
Trd, 4318710.843, 92
Trd, 4318710.893, 86
Trd, 4318711.293, 87
Trd, 4318711.893, 80
Trd, 4318712.643, 120
Trd, 4318713.243, 131
Trd, 4318714.343, 87
Trd, 4318715.193, 90
Trd, 4318715.593, 84
Trd, 4318716.643, 72
Trd, 4318717.643, 84
Trd, 4318717.943, 70
Trd, 4318718.393, 70
Trd, 4318719.243, 62
Trd, 4318720.843, 123
Trd, 4318720.893, 109
Trd, 4318721.243, 109
Trd, 4318721.843, 118
Trd, 4318722.343, 62
Trd, 4318723.393, 120
Trd, 4318725.043, 63
Trd, 4318725.543, 78
Trd, 4318726.043, 74
Trd, 4318726.843, 66
Trd, 4318727.593, 87
Trd, 4318728.243, 80
Trd, 4318729.193, 60
Trd, 4318731.043, 67
Trd, 4318731.143, 86
Trd, 4318731.243, 92
Trd, 4318732.193, 71
Trd, 4318733.393, 101
Trd, 4318734.343, 83
Trd, 4318735.543, 86
Trd, 4318735.643, 66
Trd, 4318736.093, 97
Trd, 4318738.393, 71
Trd, 4318738.943, 91
Trd, 4318739.293, 84
Trd, 4318739.593, 67
Trd, 4318740.943, 82
Trd, 4318741.693, 96
Trd, 4318743.343, 90
Trd, 4318744.443, 128
Trd, 4318745.193, 132
Trd, 4318745.493, 113
Trd, 4318745.643, 112
Trd, 4318745.993, 96
Trd, 4318746.093, 81
Trd, 4318747.293, 87
Trd, 4318747.693, 79
Trd, 4318748.793, 103
Trd, 4318749.443, 114
Trd, 4318749.943, 113
Trd, 4318751.093, 115
Trd, 4318751.143, 93
Trd, 4318751.643, 109
Trd, 4318751.943, 95
Trd, 4318752.393, 123
Trd, 4318754.093, 61
Trd, 4318754.443, 62
Trd, 4318754.943, 84
Trd, 4318755.193, 65
Trd, 4318755.693, 88
Trd, 4318757.293, 89
Trd, 4318757.393, 88
Trd, 4318757.843, 85
Trd, 4318758.843, 100
Trd, 4318759.093, 98
Trd, 4318760.193, 95
Trd, 4318760.743, 86
Trd, 4318760.843, 83
Trd, 4318760.993, 117
Trd, 4318763.393, 62
Trd, 4318764.493, 98
Trd, 4318765.143, 90
Trd, 4318767.693, 134
Trd, 4318768.393, 106
Trd, 4318768.493, 122
Trd, 4318769.493, 116
Trd, 4318769.993, 91
Trd, 4318770.693, 95
Trd, 4318770.793, 84
Trd, 4318771.143, 86
Trd, 4318772.193, 109
Trd, 4318773.743, 116
Trd, 4318774.693, 116
Trd, 4318775.143, 98
Trd, 4318776.143, 86
Trd, 4318776.393, 106
Trd, 4318776.843, 69
Trd, 4318777.793, 130
Trd, 4318778.043, 111
Trd, 4318778.143, 104
Trd, 4318779.043, 108
Trd, 4318780.443, 92
Trd, 4318780.843, 84
Trd, 4318780.993, 82
Trd, 4318781.293, 84
Trd, 4318781.443, 70
Trd, 4318783.243, 119
Trd, 4318783.293, 77
Trd, 4318783.343, 72
Trd, 4318785.543, 122
Trd, 4318785.693, 122
Trd, 4318786.243, 120
Trd, 4318786.293, 91
Trd, 4318787.143, 81
Trd, 4318787.843, 72
Trd, 4318789.393, 115
Trd, 4318789.593, 122
Trd, 4318789.893, 104
Trd, 4318790.093, 92
Trd, 4318791.443, 102
Trd, 4318791.893, 75
Trd, 4318792.143, 90
Trd, 4318792.293, 89
Trd, 4318793.043, 83
Trd, 4318793.293, 98
Trd, 4318793.493, 90
Trd, 4318793.743, 113
Trd, 4318795.843, 66
Trd, 4318796.393, 60
Trd, 4318797.093, 75
Trd, 4318799.243, 109
Trd, 4318799.393, 98
Trd, 4318800.643, 104
Trd, 4318801.393, 125
Trd, 4318801.493, 103
Trd, 4318802.443, 102
Trd, 4318802.493, 92
Trd, 4318803.543, 123
Trd, 4318803.643, 98
Trd, 4318804.593, 109
Trd, 4318805.043, 103
Trd, 4318805.443, 105
Trd, 4318806.393, 92
Trd, 4318806.793, 133
Trd, 4318807.243, 135
Trd, 4318808.393, 122
Trd, 4318809.243, 112
Trd, 4318810.043, 110
Trd, 4318810.843, 106
Trd, 4318811.293, 105
Trd, 4318811.943, 121
Trd, 4318812.343, 100
Trd, 4318812.993, 90
Trd, 4318814.143, 65
Trd, 4318814.693, 77
Trd, 4318815.093, 111
Trd, 4318815.393, 64
Trd, 4318815.643, 73
Trd, 4318816.443, 70
Trd, 4318817.793, 68
Trd, 4318818.193, 67
Trd, 4318820.643, 61
Trd, 4318820.993, 69
Trd, 4318821.243, 64
Trd, 4318821.543, 67
Trd, 4318822.593, 101
Trd, 4318823.143, 101
Trd, 4318823.693, 99
Trd, 4318823.743, 90
Trd, 4318824.243, 71
Trd, 4318824.943, 85
Trd, 4318825.143, 64
Trd, 4318826.593, 87
Trd, 4318826.743, 64
Trd, 4318828.793, 78
Trd, 4318829.043, 80
Trd, 4318830.193, 104
Trd, 4318831.543, 109
Trd, 4318832.193, 110
Trd, 4318832.593, 85
Trd, 4318832.743, 75
Trd, 4318832.993, 112
Trd, 4318833.343, 112
Trd, 4318833.443, 114
Trd, 4318834.593, 106
Trd, 4318835.243, 108
Trd, 4318836.193, 79
Trd, 4318836.393, 76
Trd, 4318837.993, 115
Trd, 4318838.043, 102
Trd, 4318838.943, 115
Trd, 4318839.193, 79
Trd, 4318840.343, 108
Trd, 4318841.493, 131
Trd, 4318842.843, 107
Trd, 4318842.943, 104
Trd, 4318843.593, 114
Trd, 4318845.143, 98
Trd, 4318845.693, 97
Trd, 4318845.943, 79
Trd, 4318846.893, 76
Trd, 4318847.043, 77
Trd, 4318847.493, 87
Trd, 4318848.643, 111
Trd, 4318848.893, 94
Trd, 4318849.093, 108
Trd, 4318849.493, 71
Trd, 4318851.093, 84
Trd, 4318852.543, 71
Trd, 4318853.593, 91
Trd, 4318854.443, 90
Trd, 4318854.493, 105
Trd, 4318854.743, 80
Trd, 4318855.443, 61
Trd, 4318856.143, 60
Trd, 4318856.393, 129
Trd, 4318857.293, 102
Trd, 4318858.193, 90
Trd, 4318858.543, 74
Trd, 4318859.293, 122
Trd, 4318859.943, 69
Trd, 4318860.743, 78
Trd, 4318861.693, 68
Trd, 4318864.043, 60
Trd, 4318864.343, 78
Trd, 4318865.143, 72
Trd, 4318865.793, 80
Trd, 4318866.343, 81
Trd, 4318867.093, 88
Trd, 4318867.393, 96
Trd, 4318867.643, 83
Trd, 4318867.993, 69
Trd, 4318868.893, 65
Trd, 4318869.593, 80
Trd, 4318869.843, 79
Trd, 4318870.493, 96
Trd, 4318871.243, 99
Trd, 4318872.743, 131
Trd, 4318873.043, 130
Trd, 4318873.143, 113
Trd, 4318873.843, 107
Trd, 4318873.993, 106
Trd, 4318875.193, 76
Trd, 4318876.443, 103
Trd, 4318876.793, 71
Trd, 4318877.143, 78
Trd, 4318879.443, 66
Trd, 4318879.493, 61
Trd, 4318880.243, 86
Trd, 4318880.593, 112
Trd, 4318880.643, 81
Trd, 4318882.943, 71
Trd, 4318883.243, 66
Trd, 4318883.543, 68
Trd, 4318884.793, 81
Trd, 4318884.943, 97
Trd, 4318887.393, 134
Trd, 4318887.593, 101
Trd, 4318887.843, 99
Trd, 4318889.743, 96
Trd, 4318889.893, 77
Trd, 4318890.493, 100
Trd, 4318891.043, 115
Trd, 4318892.043, 88
Trd, 4318893.993, 67
Trd, 4318894.243, 71
Trd, 4318894.943, 88
Trd, 4318895.943, 88
Trd, 4318896.643, 79
Trd, 4318898.643, 73
Trd, 4318898.693, 97
Trd, 4318898.893, 100
Trd, 4318899.393, 72
Trd, 4318899.993, 73
Trd, 4318901.393, 105
Trd, 4318901.693, 67
Trd, 4318903.193, 116
Trd, 4318903.293, 115
Trd, 4318903.943, 121
Trd, 4318905.743, 114
Trd, 4318905.893, 104
Trd, 4318906.193, 120
Trd, 4318906.443, 90
Trd, 4318906.693, 82
Trd, 4318908.193, 76
Trd, 4318909.543, 69
Trd, 4318909.743, 73
Trd, 4318911.043, 81
Trd, 4318911.743, 121
Trd, 4318912.793, 91
Trd, 4318912.843, 75
Trd, 4318913.093, 125
Trd, 4318913.193, 68
Trd, 4318914.493, 89
Trd, 4318915.743, 88
Trd, 4318916.893, 114
Trd, 4318917.493, 113
Trd, 4318917.543, 97
Trd, 4318917.893, 90
Trd, 4318919.643, 129
Trd, 4318919.693, 113
Trd, 4318919.793, 87
Trd, 4318920.293, 77
Trd, 4318920.993, 89
Trd, 4318922.393, 136
Trd, 4318923.093, 70
Trd, 4318923.543, 68
Trd, 4318923.943, 63
Trd, 4318924.243, 62
Trd, 4318926.043, 66
Trd, 4318926.443, 82
Trd, 4318926.943, 68
Trd, 4318927.243, 61
Trd, 4318927.893, 71
Trd, 4318928.143, 127
Trd, 4318929.243, 128
Trd, 4318930.393, 88
Trd, 4318930.643, 82
Trd, 4318931.093, 70
Trd, 4318931.793, 61
Trd, 4318932.693, 77
Trd, 4318933.343, 94
Trd, 4318934.093, 61
Trd, 4318934.593, 63
Trd, 4318935.793, 67
Trd, 4318935.843, 108
Trd, 4318937.443, 126
Trd, 4318937.793, 114
Trd, 4318938.693, 103
Trd, 4318939.343, 96
Trd, 4318941.143, 64
Trd, 4318941.693, 96
Trd, 4318942.243, 88
Trd, 4318943.043, 106
Trd, 4318943.993, 87
Trd, 4318944.843, 121
Trd, 4318944.943, 109
Trd, 4318945.393, 83
Trd, 4318945.743, 96
Trd, 4318947.693, 89
Trd, 4318947.893, 78
Trd, 4318948.743, 120
Trd, 4318948.993, 78
Trd, 4318949.043, 77
Trd, 4318951.343, 85
Trd, 4318951.843, 91
Trd, 4318952.493, 105
Trd, 4318952.793, 82
Trd, 4318953.443, 110
Trd, 4318955.043, 104
Trd, 4318956.943, 120
Trd, 4318957.143, 119
Trd, 4318957.993, 126
Trd, 4318958.493, 119
Trd, 4318958.643, 110
Trd, 4318960.293, 105
Trd, 4318960.743, 93
Trd, 4318962.093, 84
Trd, 4318962.643, 99
Trd, 4318962.893, 81
Trd, 4318964.093, 107
Trd, 4318964.893, 106
Trd, 4318964.943, 96
Trd, 4318966.343, 98
Trd, 4318966.393, 115
Trd, 4318967.493, 101
Trd, 4318967.843, 86
Trd, 4318968.443, 91
Trd, 4318969.343, 91
Trd, 4318969.493, 90
Trd, 4318969.593, 86
Trd, 4318971.743, 62
Trd, 4318973.093, 136
Trd, 4318973.393, 134
Trd, 4318976.643, 107
Trd, 4318977.493, 71
Trd, 4318978.843, 122
Trd, 4318979.293, 92
Trd, 4318979.443, 85
Trd, 4318979.893, 108
Trd, 4318980.243, 62
Trd, 4318981.043, 62
Trd, 4318981.443, 74
Trd, 4318982.893, 92
Trd, 4318983.193, 87
Trd, 4318983.543, 82
Trd, 4318985.643, 103
Trd, 4318985.843, 91
Trd, 4318986.093, 126
Trd, 4318986.893, 116
Trd, 4318988.493, 132
Trd, 4318989.393, 123
Trd, 4318989.593, 122
Trd, 4318990.543, 121
Trd, 4318991.393, 89
Trd, 4318992.993, 107
Trd, 4318993.093, 74
Trd, 4318993.693, 87
Trd, 4318994.243, 98
Trd, 4318996.543, 82
Trd, 4318997.243, 106
Trd, 4318997.843, 81
Trd, 4318998.443, 81
Trd, 4318999.093, 91
Trd, 4318999.393, 83
Trd, 4319000.293, 74
Trd, 4319000.393, 70
Trd, 4319000.843, 129
Trd, 4319000.993, 128
Trd, 4319003.393, 124
Trd, 4319003.943, 105
Trd, 4319004.393, 103
Trd, 4319004.543, 100
Trd, 4319005.093, 137
Trd, 4319005.243, 107
Trd, 4319006.043, 82
Trd, 4319007.343, 95
Trd, 4319007.843, 118
Trd, 4319008.693, 60
Trd, 4319009.343, 81
Trd, 4319010.143, 118
Trd, 4319011.343, 99
Trd, 4319011.393, 62
Trd, 4319013.643, 74
Trd, 4319014.493, 75
Trd, 4319015.493, 81
Trd, 4319016.893, 113
Trd, 4319017.343, 117
Trd, 4319017.443, 111
Trd, 4319018.943, 109
Trd, 4319019.393, 108
Trd, 4319020.243, 97
Trd, 4319020.393, 97
Trd, 4319020.593, 93
Trd, 4319021.043, 85
Trd, 4319021.193, 84
Trd, 4319022.043, 107
Trd, 4319022.293, 87
Trd, 4319023.193, 107
Trd, 4319024.643, 112
Trd, 4319025.743, 89
Trd, 4319026.493, 106
Trd, 4319026.593, 93
Trd, 4319026.793, 92
Trd, 4319027.143, 83
Trd, 4319027.843, 110
Trd, 4319028.993, 70
Trd, 4319029.043, 97
Trd, 4319029.343, 61
Trd, 4319029.393, 113
Trd, 4319030.243, 85
Trd, 4319031.843, 64
Trd, 4319031.993, 68
Trd, 4319033.443, 61
Trd, 4319034.093, 62
Trd, 4319034.493, 65
Trd, 4319036.293, 62
Trd, 4319036.343, 71
Trd, 4319037.043, 91
Trd, 4319037.193, 67
Trd, 4319037.843, 83
Trd, 4319038.243, 94
Trd, 4319040.093, 62
Trd, 4319041.293, 107
Trd, 4319042.043, 131
Trd, 4319042.193, 107
Trd, 4319042.893, 75
Trd, 4319043.293, 67
Trd, 4319043.643, 93
Trd, 4319044.443, 102
Trd, 4319045.593, 126
Trd, 4319047.393, 90
Trd, 4319048.443, 110
Trd, 4319049.693, 111
Trd, 4319049.843, 127
Trd, 4319049.943, 105
Trd, 4319049.993, 104
Trd, 4319052.243, 66
Trd, 4319052.543, 68
Trd, 4319053.093, 61
Trd, 4319054.243, 60
Trd, 4319054.593, 62
Trd, 4319056.143, 111
Trd, 4319056.543, 131
Trd, 4319056.893, 119
Trd, 4319057.793, 118
Trd, 4319058.493, 106
Trd, 4319059.493, 106
Trd, 4319059.843, 86
Trd, 4319061.643, 84
Trd, 4319061.793, 110
Trd, 4319062.193, 80
Trd, 4319062.393, 110
Trd, 4319063.243, 82
Trd, 4319063.743, 100
Trd, 4319064.043, 72
Trd, 4319064.793, 85
Trd, 4319065.093, 84
Trd, 4319065.293, 85
Trd, 4319066.943, 86
Trd, 4319067.893, 109
Trd, 4319068.493, 93
Trd, 4319069.193, 81
Trd, 4319069.543, 99
Trd, 4319070.193, 80
Trd, 4319070.393, 76
Trd, 4319071.693, 73
Trd, 4319073.443, 130
Trd, 4319073.943, 131
Trd, 4319074.343, 128
Trd, 4319074.593, 113
Trd, 4319075.443, 80
Trd, 4319075.543, 87
Trd, 4319075.643, 78
Trd, 4319077.443, 117
Trd, 4319077.693, 102
Trd, 4319077.743, 101
Trd, 4319079.593, 111
Trd, 4319080.443, 63
Trd, 4319081.343, 69
Trd, 4319081.593, 72
Trd, 4319082.643, 65
Trd, 4319083.543, 98
Trd, 4319083.643, 81
Trd, 4319084.143, 110
Trd, 4319085.543, 85
Trd, 4319086.443, 80
Trd, 4319087.443, 86
Trd, 4319087.993, 79
Trd, 4319088.793, 113
Trd, 4319089.043, 101
Trd, 4319089.543, 85
Trd, 4319090.343, 91
Trd, 4319090.693, 79
Trd, 4319091.693, 92
Trd, 4319091.943, 93
Trd, 4319093.443, 128
Trd, 4319094.893, 112
Trd, 4319095.443, 84
Trd, 4319095.793, 82
Trd, 4319096.293, 108
Trd, 4319097.843, 137
Trd, 4319098.193, 82
Trd, 4319098.743, 84
Trd, 4319098.843, 81
Trd, 4319100.043, 75
Trd, 4319100.143, 65
Trd, 4319100.343, 85
Trd, 4319100.843, 114
Trd, 4319102.093, 95
Trd, 4319102.693, 101
Trd, 4319104.243, 104
Trd, 4319104.893, 105
Trd, 4319105.243, 104
Trd, 4319106.243, 114
Trd, 4319106.743, 101
Trd, 4319107.493, 135
Trd, 4319107.943, 128
Trd, 4319107.993, 117
Trd, 4319109.293, 125
Trd, 4319109.593, 73
Trd, 4319110.443, 101
Trd, 4319111.293, 127
Trd, 4319111.493, 126
Trd, 4319111.893, 97
Trd, 4319112.643, 87
Trd, 4319113.493, 94
Trd, 4319114.993, 93
Trd, 4319116.343, 109
Trd, 4319116.393, 108
Trd, 4319116.693, 79
Trd, 4319117.143, 78
Trd, 4319119.093, 134
Trd, 4319119.393, 94
Trd, 4319119.493, 93
Trd, 4319119.693, 92
Trd, 4319121.443, 110
Trd, 4319121.743, 96
Trd, 4319123.043, 105
Trd, 4319123.743, 133
Trd, 4319124.143, 86
Trd, 4319125.493, 130
Trd, 4319125.643, 122
Trd, 4319126.093, 113
Trd, 4319126.543, 113
Trd, 4319127.643, 128
Trd, 4319128.493, 128
Trd, 4319130.143, 132
Trd, 4319130.543, 121
Trd, 4319130.843, 119
Trd, 4319132.093, 109
Trd, 4319132.743, 117
Trd, 4319133.293, 116
Trd, 4319134.693, 134
Trd, 4319134.743, 117
Trd, 4319135.093, 130
Trd, 4319135.693, 113
Trd, 4319135.743, 105
Trd, 4319136.043, 97
Trd, 4319136.293, 116
Trd, 4319137.793, 139
Trd, 4319138.793, 80
Trd, 4319139.543, 139
Trd, 4319139.593, 110
Trd, 4319140.643, 95
Trd, 4319141.243, 115
Trd, 4319141.893, 139
Trd, 4319142.343, 71
Trd, 4319143.693, 60
Trd, 4319144.293, 77
Trd, 4319144.743, 66
Trd, 4319145.543, 69
Trd, 4319145.643, 70
Trd, 4319146.543, 70
Trd, 4319147.293, 69
Trd, 4319148.843, 79
Trd, 4319149.693, 127
Trd, 4319149.793, 72
Trd, 4319151.143, 74
Trd, 4319151.443, 64
Trd, 4319152.393, 135
Trd, 4319152.793, 139
Trd, 4319152.843, 134
Trd, 4319154.043, 127
Trd, 4319155.343, 102
Trd, 4319156.043, 101
Trd, 4319156.443, 97
Trd, 4319157.093, 86
Trd, 4319157.243, 73
Trd, 4319157.693, 104
Trd, 4319159.093, 66
Trd, 4319159.643, 81
Trd, 4319160.443, 83
Trd, 4319160.593, 73
Trd, 4319161.743, 109
Trd, 4319162.143, 83
Trd, 4319162.943, 73
Trd, 4319164.243, 126
Trd, 4319164.293, 112
Trd, 4319164.593, 69
Trd, 4319165.693, 84
Trd, 4319167.143, 87
Trd, 4319167.343, 130
Trd, 4319167.693, 86
Trd, 4319168.493, 89
Trd, 4319169.793, 89
Trd, 4319170.143, 114
Trd, 4319170.993, 116
Trd, 4319171.443, 138
Trd, 4319171.593, 111
Trd, 4319171.893, 140
Trd, 4319173.643, 140
Trd, 4319174.143, 121
Trd, 4319175.193, 94
Trd, 4319175.293, 95
Trd, 4319176.493, 109
Trd, 4319176.643, 66
Trd, 4319178.143, 126
Trd, 4319178.293, 125
Trd, 4319178.643, 102
Trd, 4319180.293, 111
Trd, 4319180.643, 105
Trd, 4319180.893, 100
Trd, 4319182.093, 94
Trd, 4319182.743, 113
Trd, 4319182.793, 96
Trd, 4319182.993, 93
Trd, 4319184.043, 97
Trd, 4319184.193, 85
Trd, 4319184.443, 86
Trd, 4319185.693, 118
Trd, 4319187.893, 114
Trd, 4319189.693, 86
Trd, 4319190.393, 96
Trd, 4319190.693, 109
Trd, 4319190.843, 84
Trd, 4319190.993, 83
Trd, 4319191.293, 82
Trd, 4319192.293, 138
Trd, 4319192.743, 133
Trd, 4319193.293, 77
Trd, 4319193.743, 78
Trd, 4319194.143, 85
Trd, 4319194.993, 73
Trd, 4319195.193, 72
Trd, 4319195.743, 61
Trd, 4319196.743, 81
Trd, 4319197.243, 69
Trd, 4319198.493, 90
Trd, 4319198.943, 60
Trd, 4319200.143, 78
Trd, 4319201.043, 86
Trd, 4319201.343, 65
Trd, 4319202.093, 63
Trd, 4319202.393, 75
Trd, 4319203.543, 88
Trd, 4319205.343, 63
Trd, 4319205.543, 85
Trd, 4319206.543, 66
Trd, 4319206.743, 100
Trd, 4319206.843, 99
Trd, 4319208.193, 61
Trd, 4319208.243, 78
Trd, 4319210.093, 65
Trd, 4319210.243, 73
Trd, 4319211.843, 91
Trd, 4319212.093, 94
Trd, 4319212.243, 88
Trd, 4319212.793, 87
Trd, 4319213.443, 101
Trd, 4319213.643, 73
Trd, 4319214.943, 76
Trd, 4319215.943, 71
Trd, 4319216.593, 67
Trd, 4319217.793, 65
Trd, 4319218.393, 86
Trd, 4319218.893, 82
Trd, 4319219.993, 76
Trd, 4319221.093, 120
Trd, 4319221.593, 98
Trd, 4319222.193, 113
Trd, 4319222.243, 97
Trd, 4319223.693, 106
Trd, 4319225.543, 105
Trd, 4319225.593, 98
Trd, 4319227.193, 115
Trd, 4319227.343, 99
Trd, 4319227.393, 83
Trd, 4319228.943, 111
Trd, 4319229.493, 100
Trd, 4319230.393, 103
Trd, 4319230.943, 102
Trd, 4319231.143, 97
Trd, 4319231.543, 92
Trd, 4319231.643, 87
Trd, 4319232.643, 82
Trd, 4319233.693, 114
Trd, 4319233.993, 102
Trd, 4319234.493, 99
Trd, 4319237.143, 104
Trd, 4319237.793, 124
Trd, 4319238.043, 102
Trd, 4319239.743, 108
Trd, 4319240.193, 110
Trd, 4319240.893, 107
Trd, 4319242.043, 78
Trd, 4319243.543, 100
Trd, 4319243.743, 96
Trd, 4319244.243, 96
Trd, 4319244.393, 92
Trd, 4319245.543, 60
Trd, 4319247.843, 93
Trd, 4319247.893, 90
Trd, 4319248.393, 96
Trd, 4319248.693, 99
Trd, 4319248.993, 74
Trd, 4319249.193, 113
Trd, 4319249.693, 74
Trd, 4319251.093, 60
Trd, 4319252.043, 69
Trd, 4319253.443, 92
Trd, 4319253.493, 68
Trd, 4319254.543, 68
Trd, 4319255.693, 130
Trd, 4319255.893, 65
Trd, 4319257.243, 79
Trd, 4319257.443, 75
Trd, 4319258.393, 94
Trd, 4319259.243, 94
Trd, 4319259.493, 77
Trd, 4319260.043, 69
Trd, 4319260.293, 78
Trd, 4319260.393, 82
Trd, 4319260.993, 85
Trd, 4319261.543, 73
Trd, 4319263.493, 76
Trd, 4319264.443, 66
Trd, 4319265.543, 113
Trd, 4319266.893, 120
Trd, 4319267.293, 107
Trd, 4319267.543, 98
Trd, 4319267.743, 97
Trd, 4319268.793, 86
Trd, 4319269.093, 89
Trd, 4319269.993, 65
Trd, 4319270.543, 95
Trd, 4319271.943, 65
Trd, 4319272.293, 106
Trd, 4319274.443, 120
Trd, 4319275.093, 96
Trd, 4319275.243, 95
Trd, 4319276.743, 117
Trd, 4319276.893, 112
Trd, 4319276.993, 95
Trd, 4319277.593, 102
Trd, 4319279.543, 98
Trd, 4319280.743, 98
Trd, 4319280.943, 131
Trd, 4319281.193, 119
Trd, 4319281.793, 91
Trd, 4319282.393, 97
Trd, 4319282.443, 82
Trd, 4319284.443, 103
Trd, 4319285.143, 105
Trd, 4319285.693, 95
Trd, 4319285.943, 93
Trd, 4319287.093, 130
Trd, 4319287.493, 103
Trd, 4319288.643, 103
Trd, 4319288.793, 95
Trd, 4319289.843, 87
Trd, 4319290.893, 120
Trd, 4319291.143, 116
Trd, 4319291.693, 105
Trd, 4319292.493, 105
Trd, 4319292.743, 92
Trd, 4319293.343, 124
Trd, 4319294.293, 116
Trd, 4319295.293, 117
Trd, 4319295.493, 104
Trd, 4319296.343, 120
Trd, 4319296.793, 126
Trd, 4319296.943, 109
Trd, 4319298.293, 76
Trd, 4319298.943, 62
Trd, 4319299.343, 65
Trd, 4319301.293, 81
Trd, 4319301.643, 64
Trd, 4319302.093, 71
Trd, 4319303.643, 120
Trd, 4319304.643, 117
Trd, 4319304.843, 116
Trd, 4319305.793, 88
Trd, 4319306.843, 87
Trd, 4319307.293, 86
Trd, 4319308.193, 90
Trd, 4319309.343, 99
Trd, 4319310.043, 105
Trd, 4319310.693, 103
Trd, 4319311.243, 111
Trd, 4319311.693, 102
Trd, 4319311.893, 79
Trd, 4319313.043, 102
Trd, 4319313.293, 112
Trd, 4319313.643, 111
Trd, 4319315.243, 111
Trd, 4319315.443, 98
Trd, 4319316.493, 101
Trd, 4319316.693, 114
Trd, 4319316.793, 96
Trd, 4319317.143, 104
Trd, 4319317.393, 87
Trd, 4319317.943, 78
Trd, 4319319.693, 90
Trd, 4319320.243, 79
Trd, 4319321.043, 74
Trd, 4319322.543, 90
Trd, 4319323.493, 108
Trd, 4319324.043, 115
Trd, 4319324.143, 97
Trd, 4319324.193, 88
Trd, 4319325.543, 125
Trd, 4319326.393, 119
Trd, 4319326.893, 97
Trd, 4319327.143, 109
Trd, 4319327.843, 62
Trd, 4319329.493, 111
Trd, 4319329.843, 98
Trd, 4319330.743, 103
Trd, 4319331.643, 91
Trd, 4319332.443, 127
Trd, 4319332.543, 98
Trd, 4319334.943, 60
Trd, 4319335.843, 62
Trd, 4319336.243, 63
Trd, 4319337.443, 68
Trd, 4319338.393, 79
Trd, 4319339.393, 84
Trd, 4319339.893, 97
Trd, 4319339.993, 96
Trd, 4319340.243, 107
Trd, 4319340.593, 101
Trd, 4319341.093, 102
Trd, 4319341.143, 79
Trd, 4319341.293, 70
Trd, 4319341.493, 91
Trd, 4319344.093, 61
Trd, 4319345.743, 102
Trd, 4319345.993, 90
Trd, 4319346.293, 88
Trd, 4319347.743, 68
Trd, 4319348.193, 67
Trd, 4319349.343, 78
Trd, 4319349.893, 78
Trd, 4319351.593, 60
Trd, 4319353.093, 61
Trd, 4319353.893, 68
Trd, 4319353.943, 67
Trd, 4319354.493, 85
Trd, 4319354.593, 97
Trd, 4319355.193, 72
Trd, 4319355.593, 78
Trd, 4319356.693, 76
Trd, 4319357.043, 64
Trd, 4319357.493, 78
Trd, 4319358.093, 64
Trd, 4319358.693, 63
Trd, 4319359.043, 106
Trd, 4319360.543, 93
Trd, 4319360.843, 85
Trd, 4319361.593, 99
Trd, 4319362.293, 61
Trd, 4319362.793, 86
Trd, 4319363.793, 133
Trd, 4319363.993, 101
Trd, 4319366.243, 131
Trd, 4319366.493, 124
Trd, 4319367.393, 121
Trd, 4319367.593, 114
Trd, 4319368.243, 66
Trd, 4319368.543, 97
Trd, 4319368.993, 76
Trd, 4319369.943, 90
Trd, 4319370.193, 92
Trd, 4319370.993, 96
Trd, 4319371.193, 73
Trd, 4319372.993, 65
Trd, 4319374.893, 80
Trd, 4319375.343, 76
Trd, 4319376.343, 101
Trd, 4319377.093, 102
Trd, 4319377.393, 86
Trd, 4319380.243, 89
Trd, 4319381.343, 91
Trd, 4319383.843, 101
Trd, 4319384.193, 92
Trd, 4319384.293, 83
Trd, 4319384.943, 115
Trd, 4319385.193, 86
Trd, 4319387.643, 64
Trd, 4319387.943, 68
Trd, 4319388.543, 127
Trd, 4319388.843, 81
Trd, 4319388.993, 79
Trd, 4319389.243, 65
Trd, 4319390.093, 104
Trd, 4319393.093, 66
Trd, 4319393.143, 78
Trd, 4319393.393, 83
Trd, 4319395.393, 66
Trd, 4319395.893, 129
Trd, 4319396.443, 101
Trd, 4319397.043, 103
Trd, 4319397.143, 91
Trd, 4319397.293, 88
Trd, 4319398.193, 96
Trd, 4319398.643, 92
Trd, 4319398.893, 86
Trd, 4319399.593, 113
Trd, 4319400.443, 106
Trd, 4319401.343, 106
Trd, 4319401.593, 103
Trd, 4319402.193, 102
Trd, 4319403.643, 101
Trd, 4319403.793, 96
Trd, 4319403.843, 96
Trd, 4319404.793, 127
Trd, 4319404.943, 111
Trd, 4319405.093, 91
Trd, 4319405.643, 80
Trd, 4319406.143, 95
Trd, 4319406.943, 87
Trd, 4319409.143, 135
Trd, 4319409.243, 134
Trd, 4319410.243, 111
Trd, 4319410.643, 85
Trd, 4319410.743, 69
Trd, 4319412.843, 92
Trd, 4319412.943, 87
Trd, 4319413.893, 82
Trd, 4319414.043, 85
Trd, 4319415.143, 100
Trd, 4319415.443, 89
Trd, 4319417.043, 99
Trd, 4319417.943, 90
Trd, 4319418.593, 90
Trd, 4319419.643, 76
Trd, 4319419.893, 71
Trd, 4319420.493, 107
Trd, 4319421.993, 98
Trd, 4319422.093, 97
Trd, 4319422.543, 101
Trd, 4319422.643, 86
Trd, 4319423.293, 110
Trd, 4319424.043, 88
Trd, 4319424.593, 69
Trd, 4319426.443, 60
Trd, 4319426.893, 98
Trd, 4319427.243, 105
Trd, 4319428.493, 75
Trd, 4319429.093, 73
Trd, 4319429.543, 88
Trd, 4319429.793, 72
Trd, 4319430.243, 101
Trd, 4319430.893, 99
Trd, 4319431.093, 97
Trd, 4319431.443, 101
Trd, 4319431.543, 85
Trd, 4319432.393, 120
Trd, 4319433.093, 104
Trd, 4319434.543, 118
Trd, 4319434.893, 119
Trd, 4319437.693, 116
Trd, 4319437.793, 112
Trd, 4319438.443, 102
Trd, 4319439.443, 112
Trd, 4319439.593, 83
Trd, 4319439.643, 82
Trd, 4319440.443, 118
Trd, 4319440.893, 73
Trd, 4319441.443, 70
Trd, 4319442.443, 105
Trd, 4319443.993, 110
Trd, 4319444.043, 109
Trd, 4319444.343, 118
Trd, 4319444.393, 101
Trd, 4319444.893, 119
Trd, 4319446.493, 120
Trd, 4319446.843, 130
Trd, 4319447.143, 66
Trd, 4319448.243, 106
Trd, 4319449.293, 85
Trd, 4319449.693, 77
Trd, 4319449.943, 102
Trd, 4319450.193, 106
Trd, 4319450.993, 98
Trd, 4319452.143, 121
Trd, 4319452.443, 93
Trd, 4319452.843, 117
Trd, 4319453.993, 64
Trd, 4319454.893, 68
Trd, 4319456.343, 101
Trd, 4319457.343, 100
Trd, 4319458.143, 85
Trd, 4319459.443, 131
Trd, 4319459.793, 94
Trd, 4319460.243, 86
Trd, 4319460.643, 86
Trd, 4319462.543, 130
Trd, 4319462.893, 129
Trd, 4319463.143, 94
Trd, 4319463.293, 83
Trd, 4319464.743, 71
Trd, 4319465.943, 86
Trd, 4319466.443, 88
Trd, 4319466.493, 78
Trd, 4319468.243, 63
Trd, 4319469.743, 97
Trd, 4319470.243, 113
Trd, 4319470.543, 88
Trd, 4319470.593, 77
Trd, 4319470.993, 88
Trd, 4319472.743, 79
Trd, 4319472.943, 106
Trd, 4319473.293, 111
Trd, 4319473.343, 109
Trd, 4319474.043, 130
Trd, 4319474.243, 95
Trd, 4319474.793, 87
Trd, 4319476.393, 63
Trd, 4319477.893, 99
Trd, 4319478.843, 87
Trd, 4319479.243, 98
Trd, 4319479.493, 78
Trd, 4319480.293, 89
Trd, 4319480.493, 133
Trd, 4319480.943, 116
Trd, 4319482.543, 125
Trd, 4319482.693, 128
Trd, 4319484.193, 115
Trd, 4319484.393, 110
Trd, 4319485.543, 111
Trd, 4319486.393, 110
Trd, 4319487.543, 107
Trd, 4319487.943, 126
Trd, 4319488.943, 88
Trd, 4319489.043, 98
Trd, 4319489.143, 87
Trd, 4319490.543, 99
Trd, 4319490.693, 98
Trd, 4319491.843, 133
Trd, 4319492.593, 126
Trd, 4319493.693, 125
Trd, 4319493.893, 106
Trd, 4319494.943, 103
Trd, 4319496.143, 95
Trd, 4319496.293, 84
Trd, 4319497.093, 82
Trd, 4319498.193, 85
Trd, 4319498.743, 81
Trd, 4319498.793, 95
Trd, 4319499.393, 78
Trd, 4319499.993, 81
Trd, 4319501.593, 94
Trd, 4319502.393, 100
Trd, 4319503.443, 125
Trd, 4319503.493, 99
Trd, 4319504.543, 102
Trd, 4319504.743, 101
Trd, 4319505.393, 139
Trd, 4319506.243, 114
Trd, 4319507.843, 94
Trd, 4319508.743, 62
Trd, 4319509.143, 114
Trd, 4319509.593, 64
Trd, 4319510.893, 62
Trd, 4319511.693, 61
Trd, 4319511.743, 81
Trd, 4319512.893, 61
Trd, 4319513.093, 64
Trd, 4319514.543, 75
Trd, 4319517.243, 85
Trd, 4319517.743, 105
Trd, 4319519.493, 66
Trd, 4319519.743, 72
Trd, 4319520.143, 66
Trd, 4319520.843, 61
Trd, 4319520.893, 85
Trd, 4319521.693, 75
Trd, 4319522.393, 61
Trd, 4319522.793, 63
Trd, 4319524.443, 79
Trd, 4319525.693, 67
Trd, 4319526.393, 67
Trd, 4319527.193, 97
Trd, 4319529.393, 123
Trd, 4319531.193, 125
Trd, 4319531.293, 120
Trd, 4319531.393, 106
Trd, 4319531.593, 98
Trd, 4319531.643, 91
Trd, 4319531.693, 84
Trd, 4319532.743, 99
Trd, 4319533.143, 104
Trd, 4319534.043, 60
Trd, 4319534.243, 82
Trd, 4319535.293, 63
Trd, 4319536.493, 64
Trd, 4319537.943, 93
Trd, 4319538.093, 92
Trd, 4319538.993, 107
Trd, 4319540.093, 101
Trd, 4319540.493, 100
Trd, 4319540.893, 99
Trd, 4319541.593, 98
Trd, 4319542.193, 97
Trd, 4319542.343, 89
Trd, 4319542.443, 122
Trd, 4319543.343, 88
Trd, 4319544.443, 109
Trd, 4319544.693, 106
Trd, 4319544.793, 97
Trd, 4319547.793, 93
Trd, 4319548.343, 106
Trd, 4319548.743, 94
Trd, 4319548.843, 92
Trd, 4319549.243, 86
Trd, 4319551.643, 119
Trd, 4319551.843, 102
Trd, 4319552.893, 99
Trd, 4319553.043, 93
Trd, 4319553.243, 117
Trd, 4319555.193, 89
Trd, 4319555.743, 90
Trd, 4319556.843, 89
Trd, 4319556.993, 75
Trd, 4319557.443, 96
Trd, 4319557.643, 68
Trd, 4319558.643, 120
Trd, 4319559.993, 114
Trd, 4319560.243, 113
Trd, 4319560.493, 111
Trd, 4319563.593, 92
Trd, 4319563.643, 69
Trd, 4319564.193, 65
Trd, 4319565.243, 61
Trd, 4319565.593, 76
Trd, 4319565.793, 64
Trd, 4319566.143, 81
Trd, 4319567.993, 89
Trd, 4319568.243, 106
Trd, 4319568.293, 80
Trd, 4319569.243, 95
Trd, 4319569.793, 61
Trd, 4319570.693, 94
Trd, 4319570.843, 87
Trd, 4319573.693, 126
Trd, 4319573.843, 101
Trd, 4319574.543, 101
Trd, 4319575.293, 92
Trd, 4319575.543, 99
Trd, 4319576.193, 121
Trd, 4319577.343, 116
Trd, 4319577.493, 115
Trd, 4319577.693, 123
Trd, 4319578.143, 94
Trd, 4319578.793, 77
Trd, 4319580.893, 69
Trd, 4319581.493, 107
Trd, 4319581.943, 60
Trd, 4319583.343, 90
Trd, 4319583.643, 82
Trd, 4319583.793, 98
Trd, 4319583.993, 90
Trd, 4319584.293, 128
Trd, 4319585.543, 65
Trd, 4319585.893, 62
Trd, 4319587.293, 108
Trd, 4319588.193, 76
Trd, 4319588.543, 72
Trd, 4319589.593, 127
Trd, 4319590.393, 112
Trd, 4319590.643, 111
Trd, 4319592.693, 110
Trd, 4319592.843, 109
Trd, 4319592.893, 106
Trd, 4319593.293, 99
Trd, 4319593.543, 99
Trd, 4319593.743, 91
Trd, 4319594.743, 139
Trd, 4319594.993, 103
Trd, 4319598.093, 136
Trd, 4319598.193, 120
Trd, 4319599.143, 138
Trd, 4319600.093, 95
Trd, 4319600.293, 79
Trd, 4319600.993, 102
Trd, 4319602.043, 98
Trd, 4319603.193, 137
Trd, 4319603.543, 86
Trd, 4319603.643, 82
Trd, 4319604.243, 79
Trd, 4319604.343, 116
Trd, 4319606.293, 84
Trd, 4319606.893, 122
Trd, 4319607.643, 114
Trd, 4319607.793, 113
Trd, 4319608.343, 112
Trd, 4319609.243, 88
Trd, 4319610.693, 78
Trd, 4319610.893, 137
Trd, 4319611.593, 74
Trd, 4319611.643, 79
Trd, 4319612.343, 64
Trd, 4319612.543, 101
Trd, 4319614.743, 60
Trd, 4319615.643, 62
Trd, 4319615.943, 75
Trd, 4319616.843, 88
Trd, 4319618.193, 99
Trd, 4319618.243, 98
Trd, 4319618.543, 76
Trd, 4319618.593, 71
Trd, 4319619.743, 93
Trd, 4319620.593, 76
Trd, 4319620.993, 61
Trd, 4319621.643, 63
Trd, 4319622.393, 65
Trd, 4319622.843, 80
Trd, 4319622.993, 79
Trd, 4319623.943, 66
Trd, 4319625.093, 60
Trd, 4319626.193, 70
Trd, 4319627.743, 61
Trd, 4319628.093, 62
Trd, 4319628.393, 65
Trd, 4319628.793, 69
Trd, 4319628.993, 77
Trd, 4319631.443, 117
Trd, 4319632.443, 104
Trd, 4319632.693, 103
Trd, 4319632.793, 96
Trd, 4319634.393, 100
Trd, 4319634.743, 99
Trd, 4319635.243, 87
Trd, 4319635.693, 74
Trd, 4319637.243, 108
Trd, 4319637.743, 105
Trd, 4319638.043, 96
Trd, 4319638.293, 79
Trd, 4319638.693, 125
Trd, 4319639.543, 109
Trd, 4319640.493, 76
Trd, 4319641.693, 81
Trd, 4319643.393, 70
Trd, 4319643.443, 68
Trd, 4319644.193, 103
Trd, 4319644.793, 112
Trd, 4319644.893, 74
Trd, 4319646.643, 83
Trd, 4319648.393, 101
Trd, 4319648.743, 119
Trd, 4319649.493, 84
Trd, 4319650.843, 139
Trd, 4319651.143, 110
Trd, 4319651.243, 109
Trd, 4319652.343, 96
Trd, 4319652.493, 81
Trd, 4319652.543, 79
Trd, 4319653.743, 105
Trd, 4319655.643, 82
Trd, 4319656.193, 92
Trd, 4319656.993, 65
Trd, 4319657.993, 83
Trd, 4319658.093, 75
Trd, 4319660.193, 65
Trd, 4319660.293, 71
Trd, 4319661.093, 76
Trd, 4319662.093, 68
Trd, 4319663.243, 131
Trd, 4319663.893, 72
Trd, 4319665.743, 95
Trd, 4319667.143, 91
Trd, 4319667.343, 128
Trd, 4319667.393, 127
Trd, 4319667.493, 109
Trd, 4319667.993, 81
Trd, 4319668.893, 84
Trd, 4319668.993, 77
Trd, 4319669.593, 90
Trd, 4319670.893, 112
Trd, 4319671.693, 98
Trd, 4319673.793, 89
Trd, 4319674.193, 66
Trd, 4319674.743, 68
Trd, 4319675.993, 101
Trd, 4319676.993, 79
Trd, 4319677.743, 93
Trd, 4319677.843, 82
Trd, 4319678.643, 74
Trd, 4319679.843, 83
Trd, 4319680.093, 81
Trd, 4319680.943, 103
Trd, 4319681.193, 99
Trd, 4319682.143, 79
Trd, 4319682.743, 74
Trd, 4319682.993, 99
Trd, 4319684.043, 76
Trd, 4319685.093, 74
Trd, 4319685.693, 130
Trd, 4319685.843, 129
Trd, 4319686.893, 129
Trd, 4319687.693, 95
Trd, 4319688.343, 102
Trd, 4319689.093, 118
Trd, 4319689.243, 101
Trd, 4319690.493, 77
Trd, 4319691.143, 69
Trd, 4319691.343, 76
Trd, 4319692.543, 112
Trd, 4319693.743, 84
Trd, 4319694.343, 96
Trd, 4319694.743, 101
Trd, 4319694.843, 113
Trd, 4319695.093, 100
Trd, 4319695.743, 99
Trd, 4319698.043, 93
Trd, 4319698.993, 112
Trd, 4319699.043, 122
Trd, 4319699.443, 89
Trd, 4319700.093, 88
Trd, 4319700.243, 68
Trd, 4319700.943, 107
Trd, 4319702.093, 68
Trd, 4319702.343, 80
Trd, 4319703.993, 61
Trd, 4319704.293, 65
Trd, 4319704.543, 97
Trd, 4319706.793, 103
Trd, 4319706.943, 102
Trd, 4319707.543, 105
Trd, 4319708.093, 89
Trd, 4319709.043, 95
Trd, 4319709.443, 122
Trd, 4319711.243, 95
Trd, 4319712.193, 112
Trd, 4319713.143, 108
Trd, 4319713.693, 103
Trd, 4319714.443, 133
Trd, 4319714.593, 104
Trd, 4319714.843, 84
Trd, 4319715.093, 83
Trd, 4319716.043, 92
Trd, 4319716.143, 86
Trd, 4319717.593, 92
Trd, 4319717.893, 88
Trd, 4319718.043, 94
Trd, 4319718.393, 110
Trd, 4319719.043, 69
Trd, 4319720.443, 62
Trd, 4319721.093, 62
Trd, 4319721.893, 97
Trd, 4319722.893, 61
Trd, 4319723.143, 62
Trd, 4319723.593, 109
Trd, 4319725.193, 101
Trd, 4319725.943, 97
Trd, 4319726.393, 116
Trd, 4319726.543, 96
Trd, 4319727.443, 108
Trd, 4319727.693, 90
Trd, 4319729.043, 82
Trd, 4319729.793, 78
Trd, 4319730.193, 104
Trd, 4319730.793, 139
Trd, 4319730.993, 89
Trd, 4319732.393, 100
Trd, 4319732.993, 92
Trd, 4319733.593, 126
Trd, 4319734.043, 115
Trd, 4319734.693, 109
Trd, 4319735.343, 111
Trd, 4319735.493, 107
Trd, 4319736.393, 97
Trd, 4319736.943, 96
Trd, 4319736.993, 83
Trd, 4319738.243, 67
Trd, 4319738.693, 65
Trd, 4319739.443, 69
Trd, 4319739.593, 67
Trd, 4319740.243, 90
Trd, 4319741.293, 84
Trd, 4319742.243, 68
Trd, 4319743.393, 65
Trd, 4319743.893, 107
Trd, 4319743.993, 68
Trd, 4319745.243, 64
Trd, 4319747.593, 105
Trd, 4319748.443, 104
Trd, 4319749.393, 98
Trd, 4319749.693, 99
Trd, 4319749.843, 100
Trd, 4319750.543, 91
Trd, 4319750.693, 91
Trd, 4319752.043, 118
Trd, 4319753.043, 128
Trd, 4319753.493, 97
Trd, 4319753.793, 131
Trd, 4319754.493, 104
Trd, 4319754.643, 102
Trd, 4319756.093, 60
Trd, 4319756.843, 70
Trd, 4319757.343, 101
Trd, 4319758.243, 101
Trd, 4319759.093, 61
Trd, 4319760.843, 71
Trd, 4319761.743, 79
Trd, 4319762.393, 79
Trd, 4319762.943, 101
Trd, 4319762.993, 99
Trd, 4319763.043, 96
Trd, 4319764.293, 123
Trd, 4319764.843, 111
Trd, 4319765.843, 94
Trd, 4319766.543, 92
Trd, 4319767.393, 96
Trd, 4319768.643, 111
Trd, 4319769.093, 111
Trd, 4319769.343, 99
Trd, 4319770.393, 96
Trd, 4319770.543, 72
Trd, 4319772.043, 100
Trd, 4319772.443, 75
Trd, 4319773.243, 69
Trd, 4319773.593, 80
Trd, 4319773.993, 67
Trd, 4319774.793, 82
Trd, 4319775.593, 106
Trd, 4319776.443, 126
Trd, 4319776.593, 104
Trd, 4319776.643, 72
Trd, 4319777.543, 86
Trd, 4319779.893, 106
Trd, 4319780.543, 96
Trd, 4319780.643, 95
Trd, 4319782.043, 83
Trd, 4319783.043, 83
Trd, 4319783.243, 82
Trd, 4319783.393, 95
Trd, 4319785.643, 131
Trd, 4319785.743, 115
Trd, 4319786.743, 122
Trd, 4319787.343, 115
Trd, 4319787.943, 106
Trd, 4319787.993, 105
Trd, 4319789.443, 75
Trd, 4319789.493, 64
Trd, 4319789.993, 108
Trd, 4319790.043, 81
Trd, 4319791.093, 85
Trd, 4319791.743, 84
Trd, 4319792.093, 106
Trd, 4319793.393, 101
Trd, 4319794.143, 64
Trd, 4319794.693, 77
Trd, 4319794.793, 76
Trd, 4319795.093, 60
Trd, 4319795.943, 62
Trd, 4319797.543, 104
Trd, 4319798.693, 88
Trd, 4319798.943, 110
Trd, 4319799.993, 73
Trd, 4319800.043, 72
Trd, 4319800.293, 117
Trd, 4319800.493, 74
Trd, 4319801.143, 79
Trd, 4319802.093, 115
Trd, 4319803.743, 87
Trd, 4319803.893, 86
Trd, 4319804.393, 103
Trd, 4319805.793, 88
Trd, 4319806.543, 85
Trd, 4319806.593, 82
Trd, 4319808.393, 97
Trd, 4319809.293, 98
Trd, 4319809.843, 97
Trd, 4319810.543, 95
Trd, 4319811.293, 140
Trd, 4319811.843, 139
Trd, 4319811.993, 117
Trd, 4319812.543, 111
Trd, 4319813.043, 103
Trd, 4319813.293, 91
Trd, 4319814.643, 76
Trd, 4319814.843, 81
Trd, 4319815.293, 85
Trd, 4319815.993, 79
Trd, 4319817.543, 89
Trd, 4319819.093, 63
Trd, 4319819.843, 101
Trd, 4319820.393, 102
Trd, 4319820.593, 105
Trd, 4319822.043, 106
Trd, 4319822.493, 97
Trd, 4319823.643, 106
Trd, 4319823.943, 112
Trd, 4319824.493, 60
Trd, 4319825.393, 61
Trd, 4319826.043, 64
Trd, 4319826.443, 88
Trd, 4319829.143, 76
Trd, 4319829.643, 99
Trd, 4319831.143, 83
Trd, 4319831.493, 103
Trd, 4319831.993, 89
Trd, 4319832.393, 120
Trd, 4319832.543, 90
Trd, 4319832.693, 87
Trd, 4319833.493, 81
Trd, 4319834.493, 114
Trd, 4319835.293, 95
Trd, 4319836.393, 118
Trd, 4319836.993, 112
Trd, 4319837.843, 124
Trd, 4319838.343, 127
Trd, 4319838.643, 126
Trd, 4319839.043, 105
Trd, 4319839.193, 103
Trd, 4319839.993, 89
Trd, 4319840.793, 140
Trd, 4319841.443, 122
Trd, 4319841.493, 121
Trd, 4319841.993, 103
Trd, 4319842.643, 93
Trd, 4319844.243, 127
Trd, 4319845.793, 119
Trd, 4319845.843, 118
Trd, 4319846.093, 111
Trd, 4319846.143, 93
Trd, 4319847.343, 104
Trd, 4319847.593, 97
Trd, 4319849.393, 122
Trd, 4319849.743, 113
Trd, 4319850.443, 113
Trd, 4319850.843, 109
Trd, 4319851.143, 103
Trd, 4319852.643, 80
Trd, 4319852.893, 115
Trd, 4319853.943, 116
Trd, 4319855.293, 113
Trd, 4319855.893, 109
Trd, 4319856.393, 108
Trd, 4319857.593, 99
Trd, 4319857.993, 102
Trd, 4319858.193, 105
Trd, 4319858.493, 83
Trd, 4319860.793, 96
Trd, 4319860.993, 84
Trd, 4319861.493, 117
Trd, 4319861.893, 70
Trd, 4319862.193, 97
Trd, 4319862.593, 125
Trd, 4319863.693, 125
Trd, 4319864.093, 114
Trd, 4319864.493, 85
Trd, 4319867.043, 92
Trd, 4319867.493, 99
Trd, 4319867.543, 84
Trd, 4319868.243, 85
Trd, 4319868.543, 81
Trd, 4319869.293, 93
Trd, 4319870.443, 86
Trd, 4319870.693, 85
Trd, 4319871.543, 76
Trd, 4319872.043, 96
Trd, 4319872.993, 111
Trd, 4319873.093, 96
Trd, 4319873.693, 88
Trd, 4319874.693, 87
Trd, 4319875.693, 66
Trd, 4319876.393, 70
Trd, 4319877.743, 99
Trd, 4319878.393, 102
Trd, 4319878.643, 98
Trd, 4319880.893, 98
Trd, 4319881.643, 129
Trd, 4319881.743, 118
Trd, 4319881.843, 102
Trd, 4319882.443, 109
Trd, 4319882.643, 108
Trd, 4319883.843, 65
Trd, 4319884.593, 69
Trd, 4319884.743, 69
Trd, 4319884.893, 82
Trd, 4319887.193, 102
Trd, 4319887.293, 87
Trd, 4319887.543, 85
Trd, 4319887.743, 84
Trd, 4319888.593, 98
Trd, 4319888.643, 73
Trd, 4319888.793, 71
Trd, 4319889.943, 62
Trd, 4319890.943, 61
Trd, 4319891.293, 88
Trd, 4319892.643, 89
Trd, 4319892.993, 93
Trd, 4319893.593, 77
Trd, 4319894.793, 84
Trd, 4319895.643, 102
Trd, 4319897.193, 112
Trd, 4319897.743, 120
Trd, 4319898.343, 105
Trd, 4319898.543, 99
Trd, 4319898.693, 83
Trd, 4319898.943, 62
Trd, 4319899.043, 62
Trd, 4319902.043, 67
Trd, 4319902.293, 72
Trd, 4319902.493, 74
Trd, 4319902.793, 61
Trd, 4319903.543, 61
Trd, 4319903.743, 61
Trd, 4319904.943, 113
Trd, 4319906.693, 89
Trd, 4319907.043, 85
Trd, 4319907.243, 100
Trd, 4319907.793, 111
Trd, 4319907.993, 78
Trd, 4319908.043, 77
Trd, 4319909.193, 68
Trd, 4319910.943, 90
Trd, 4319911.543, 107
Trd, 4319911.593, 105
Trd, 4319911.993, 129
Trd, 4319913.093, 124
Trd, 4319913.143, 104
Trd, 4319913.193, 101
Trd, 4319913.593, 124
Trd, 4319914.893, 85
Trd, 4319916.143, 111
Trd, 4319916.293, 109
Trd, 4319917.093, 79
Trd, 4319917.943, 109
Trd, 4319918.293, 76
Trd, 4319918.793, 72
Trd, 4319919.643, 73
Trd, 4319920.593, 62
Trd, 4319922.293, 73
Trd, 4319922.493, 80
Trd, 4319922.793, 80
Trd, 4319923.243, 75
Trd, 4319923.343, 73
Trd, 4319923.543, 61
Trd, 4319924.593, 108
Trd, 4319925.393, 108
Trd, 4319925.743, 88
Trd, 4319926.593, 104
Trd, 4319926.693, 103
Trd, 4319927.893, 120
Trd, 4319928.443, 100
Trd, 4319930.193, 77
Trd, 4319930.943, 73
Trd, 4319931.743, 91
Trd, 4319932.693, 85
Trd, 4319933.243, 98
Trd, 4319933.793, 79
Trd, 4319934.643, 114
Trd, 4319934.743, 104
Trd, 4319936.043, 89
Trd, 4319936.243, 70
Trd, 4319937.693, 132
Trd, 4319938.643, 123
Trd, 4319939.693, 116
Trd, 4319940.193, 96
Trd, 4319940.993, 94
Trd, 4319941.993, 109
Trd, 4319943.393, 102
Trd, 4319943.743, 97
Trd, 4319944.343, 84
Trd, 4319944.593, 118
Trd, 4319944.793, 103
Trd, 4319946.743, 103
Trd, 4319946.943, 101
Trd, 4319947.143, 100
Trd, 4319947.643, 102
Trd, 4319948.643, 101
Trd, 4319948.993, 128
Trd, 4319951.543, 130
Trd, 4319951.743, 113
Trd, 4319952.743, 119
Trd, 4319954.093, 135
Trd, 4319954.893, 125
Trd, 4319955.443, 110
Trd, 4319955.593, 107
Trd, 4319955.743, 103
Trd, 4319956.643, 68
Trd, 4319958.493, 102
Trd, 4319958.693, 101
Trd, 4319959.493, 112
Trd, 4319960.593, 113
Trd, 4319960.693, 94
Trd, 4319962.243, 108
Trd, 4319962.643, 113
Trd, 4319964.043, 108
Trd, 4319964.343, 96
Trd, 4319964.543, 105
Trd, 4319965.343, 96
Trd, 4319966.393, 82
Trd, 4319968.093, 129
Trd, 4319968.843, 119
Trd, 4319969.493, 96
Trd, 4319970.093, 107
Trd, 4319970.243, 106
Trd, 4319971.393, 139
Trd, 4319972.143, 105
Trd, 4319972.893, 106
Trd, 4319973.343, 87
Trd, 4319974.093, 96
Trd, 4319974.893, 106
Trd, 4319975.093, 99
Trd, 4319977.193, 104
Trd, 4319977.493, 110
Trd, 4319978.493, 82
Trd, 4319978.743, 106
Trd, 4319978.943, 130
Trd, 4319980.043, 88
Trd, 4319980.143, 100
Trd, 4319981.093, 102
Trd, 4319981.943, 123
Trd, 4319982.193, 112
Trd, 4319983.593, 106
Trd, 4319984.043, 84
Trd, 4319984.243, 83
Trd, 4319985.143, 127
Trd, 4319985.643, 75
Trd, 4319986.993, 100
Trd, 4319987.093, 97
Trd, 4319987.793, 84
Trd, 4319988.843, 97
Trd, 4319990.093, 83
Trd, 4319990.143, 81
Trd, 4319991.693, 108
Trd, 4319992.443, 106
Trd, 4319993.493, 110
Trd, 4319994.643, 126
Trd, 4319994.843, 122
Trd, 4319995.443, 121
Trd, 4319995.943, 116
Trd, 4319998.593, 121
Trd, 4319998.643, 119
Trd, 4319998.843, 114
Trd, 4319999.093, 113
Trd, 4319999.393, 122
