Trd, 4318087.043, 140
Trd, 4318087.443, 140
Trd, 4318088.643, 138
Trd, 4318089.493, 139
Trd, 4318090.043, 135
Trd, 4318090.543, 105
Trd, 4318091.243, 76
Trd, 4318092.193, 133
Trd, 4318092.643, 135
Trd, 4318092.943, 132
Trd, 4318093.343, 132
Trd, 4318093.493, 93
Trd, 4318093.943, 99
Trd, 4318094.293, 134
Trd, 4318094.693, 60
Trd, 4318094.893, 60
Trd, 4318096.243, 140
Trd, 4318097.893, 140
Trd, 4318099.193, 140
Trd, 4318099.643, 140
Trd, 4318099.793, 139
Trd, 4318100.793, 140
Trd, 4318102.193, 140
Trd, 4318102.643, 140
Trd, 4318102.743, 131
Trd, 4318104.343, 140
Trd, 4318105.443, 140
Trd, 4318105.943, 140
Trd, 4318106.543, 140
Trd, 4318107.493, 121
Trd, 4318108.493, 140
Trd, 4318109.693, 139
Trd, 4318110.743, 139
Trd, 4318111.143, 139
Trd, 4318112.443, 139
Trd, 4318113.043, 138
Trd, 4318115.043, 140
Trd, 4318115.643, 140
Trd, 4318115.693, 140
Trd, 4318118.493, 140
Trd, 4318118.743, 140
Trd, 4318118.793, 139
Trd, 4318119.493, 138
Trd, 4318120.543, 140
Trd, 4318121.493, 140
Trd, 4318122.093, 139
Trd, 4318123.343, 140
Trd, 4318124.343, 140
Trd, 4318125.643, 140
Trd, 4318127.593, 140
Trd, 4318127.943, 140
Trd, 4318128.443, 140
Trd, 4318128.893, 139
Trd, 4318129.543, 136
Trd, 4318130.893, 140
Trd, 4318131.093, 140
Trd, 4318132.843, 140
Trd, 4318133.693, 140
Trd, 4318133.793, 139
Trd, 4318133.993, 138
Trd, 4318134.493, 137
Trd, 4318135.893, 60
Trd, 4318136.043, 66
Trd, 4318136.143, 67
Trd, 4318136.493, 140
Trd, 4318137.093, 137
Trd, 4318137.193, 133
Trd, 4318138.543, 89
Trd, 4318139.343, 60
Trd, 4318139.793, 61
Trd, 4318139.943, 63
Trd, 4318140.693, 139
Trd, 4318141.593, 67
Trd, 4318142.243, 98
Trd, 4318143.143, 138
Trd, 4318143.293, 139
Trd, 4318143.793, 93
Trd, 4318145.543, 140
Trd, 4318145.893, 140
Trd, 4318146.493, 140
Trd, 4318149.093, 140
Trd, 4318149.343, 140
Trd, 4318149.643, 139
Trd, 4318150.493, 140
Trd, 4318152.043, 140
Trd, 4318152.643, 140
Trd, 4318153.343, 140
Trd, 4318154.043, 139
Trd, 4318155.243, 140
Trd, 4318156.693, 139
Trd, 4318156.793, 139
Trd, 4318157.093, 137
Trd, 4318157.793, 137
Trd, 4318158.343, 139
Trd, 4318160.343, 140
Trd, 4318161.143, 140
Trd, 4318161.693, 139
Trd, 4318162.743, 101
Trd, 4318163.543, 140
Trd, 4318164.293, 140
Trd, 4318164.743, 140
Trd, 4318165.343, 139
Trd, 4318166.543, 139
Trd, 4318167.043, 131
Trd, 4318168.343, 140
Trd, 4318168.793, 140
Trd, 4318168.993, 140
Trd, 4318171.593, 140
Trd, 4318172.443, 140
Trd, 4318172.993, 140
Trd, 4318173.493, 140
Trd, 4318174.943, 140
Trd, 4318176.643, 140
Trd, 4318177.393, 140
Trd, 4318177.743, 139
Trd, 4318177.993, 111
Trd, 4318178.493, 138
Trd, 4318178.693, 111
Trd, 4318179.043, 137
Trd, 4318179.293, 98
Trd, 4318179.843, 134
Trd, 4318179.893, 137
Trd, 4318180.593, 140
Trd, 4318181.243, 65
Trd, 4318182.143, 139
Trd, 4318182.393, 136
Trd, 4318182.843, 135
Trd, 4318183.843, 139
Trd, 4318185.093, 102
Trd, 4318187.643, 140
Trd, 4318188.293, 140
Trd, 4318189.293, 140
Trd, 4318189.593, 140
Trd, 4318189.993, 140
Trd, 4318190.293, 134
Trd, 4318190.843, 111
Trd, 4318191.993, 140
Trd, 4318193.093, 140
Trd, 4318194.993, 140
Trd, 4318195.043, 139
Trd, 4318195.893, 140
Trd, 4318197.293, 140
Trd, 4318198.093, 139
Trd, 4318199.493, 140
Trd, 4318199.993, 140
Trd, 4318200.993, 140
Trd, 4318201.243, 140
Trd, 4318202.943, 139
Trd, 4318203.843, 109
Trd, 4318204.493, 140
Trd, 4318205.543, 140
Trd, 4318207.493, 140
Trd, 4318208.043, 140
Trd, 4318208.743, 137
Trd, 4318209.893, 139
Trd, 4318210.493, 116
Trd, 4318210.643, 106
Trd, 4318211.193, 138
Trd, 4318212.443, 69
Trd, 4318212.593, 70
Trd, 4318212.743, 71
Trd, 4318214.043, 140
Trd, 4318214.343, 127
Trd, 4318215.593, 140
Trd, 4318216.443, 140
Trd, 4318217.043, 140
Trd, 4318217.293, 140
Trd, 4318218.143, 138
Trd, 4318219.693, 138
Trd, 4318220.193, 140
Trd, 4318222.493, 140
Trd, 4318223.043, 139
Trd, 4318224.143, 140
Trd, 4318224.993, 140
Trd, 4318225.193, 140
Trd, 4318226.143, 140
Trd, 4318227.893, 140
Trd, 4318230.193, 140
Trd, 4318230.543, 140
Trd, 4318231.193, 140
Trd, 4318231.593, 138
Trd, 4318231.643, 138
Trd, 4318231.793, 113
Trd, 4318233.543, 140
Trd, 4318233.943, 140
Trd, 4318236.193, 140
Trd, 4318236.343, 140
Trd, 4318237.343, 140
Trd, 4318238.493, 140
Trd, 4318238.893, 140
Trd, 4318239.493, 140
Trd, 4318239.893, 140
Trd, 4318241.293, 140
Trd, 4318241.743, 137
Trd, 4318242.193, 130
Trd, 4318243.543, 132
Trd, 4318244.093, 138
Trd, 4318244.193, 116
Trd, 4318245.343, 115
Trd, 4318246.193, 135
Trd, 4318246.393, 139
Trd, 4318247.343, 140
Trd, 4318249.043, 140
Trd, 4318249.393, 140
Trd, 4318249.743, 137
Trd, 4318250.943, 97
Trd, 4318251.243, 133
Trd, 4318252.193, 140
Trd, 4318254.143, 140
Trd, 4318254.243, 138
Trd, 4318254.293, 130
Trd, 4318254.593, 60
Trd, 4318256.043, 140
Trd, 4318256.793, 139
Trd, 4318257.343, 138
Trd, 4318258.693, 140
Trd, 4318259.543, 139
Trd, 4318260.443, 139
Trd, 4318261.793, 140
Trd, 4318263.043, 140
Trd, 4318264.793, 140
Trd, 4318264.993, 140
Trd, 4318266.043, 140
Trd, 4318266.793, 140
Trd, 4318267.343, 140
Trd, 4318267.643, 140
Trd, 4318268.143, 140
Trd, 4318269.693, 140
Trd, 4318269.743, 140
Trd, 4318269.893, 139
Trd, 4318271.593, 140
Trd, 4318274.293, 140
Trd, 4318274.393, 140
Trd, 4318274.993, 140
Trd, 4318275.343, 140
Trd, 4318275.643, 139
Trd, 4318275.793, 139
Trd, 4318277.543, 140
Trd, 4318277.643, 129
Trd, 4318278.043, 119
Trd, 4318279.043, 65
Trd, 4318280.493, 140
Trd, 4318282.093, 140
Trd, 4318282.193, 140
Trd, 4318284.943, 140
Trd, 4318285.443, 140
Trd, 4318285.743, 140
Trd, 4318285.993, 140
Trd, 4318286.193, 140
Trd, 4318286.443, 123
Trd, 4318286.543, 138
Trd, 4318287.143, 140
Trd, 4318287.193, 132
Trd, 4318288.243, 140
Trd, 4318289.643, 140
Trd, 4318290.343, 140
Trd, 4318290.443, 140
Trd, 4318291.043, 140
Trd, 4318291.243, 139
Trd, 4318294.043, 140
Trd, 4318294.893, 140
Trd, 4318295.193, 140
Trd, 4318295.443, 140
Trd, 4318297.193, 140
Trd, 4318298.493, 139
Trd, 4318299.043, 106
Trd, 4318299.343, 73
Trd, 4318300.343, 139
Trd, 4318301.093, 95
Trd, 4318302.343, 140
Trd, 4318302.893, 138
Trd, 4318303.393, 85
Trd, 4318304.993, 140
Trd, 4318305.143, 140
Trd, 4318305.643, 138
Trd, 4318307.193, 138
Trd, 4318308.143, 140
Trd, 4318309.193, 127
Trd, 4318310.393, 140
Trd, 4318311.193, 140
Trd, 4318311.693, 139
Trd, 4318313.793, 140
Trd, 4318314.293, 140
Trd, 4318316.543, 140
Trd, 4318317.043, 140
Trd, 4318317.343, 140
Trd, 4318317.743, 139
Trd, 4318318.643, 139
Trd, 4318319.043, 138
Trd, 4318320.143, 139
Trd, 4318320.993, 138
Trd, 4318321.793, 140
Trd, 4318321.943, 136
Trd, 4318323.193, 140
Trd, 4318323.393, 140
Trd, 4318324.343, 139
Trd, 4318325.343, 69
Trd, 4318325.643, 66
Trd, 4318325.693, 67
Trd, 4318326.443, 129
Trd, 4318327.593, 66
Trd, 4318327.643, 67
Trd, 4318327.793, 132
Trd, 4318329.043, 139
Trd, 4318329.343, 139
Trd, 4318330.143, 138
Trd, 4318330.293, 116
Trd, 4318331.943, 140
Trd, 4318333.443, 139
Trd, 4318334.493, 140
Trd, 4318335.943, 140
Trd, 4318336.543, 140
Trd, 4318336.943, 140
Trd, 4318337.643, 140
Trd, 4318339.793, 140
Trd, 4318340.193, 140
Trd, 4318340.443, 139
Trd, 4318340.743, 139
Trd, 4318341.543, 60
Trd, 4318342.093, 62
Trd, 4318342.193, 61
Trd, 4318342.593, 61
Trd, 4318343.493, 62
Trd, 4318344.243, 60
Trd, 4318344.443, 62
Trd, 4318345.343, 131
Trd, 4318346.593, 138
Trd, 4318347.143, 137
Trd, 4318348.743, 140
Trd, 4318349.143, 140
Trd, 4318351.143, 140
Trd, 4318351.293, 138
Trd, 4318352.143, 140
Trd, 4318354.493, 140
Trd, 4318354.543, 139
Trd, 4318356.843, 140
Trd, 4318357.643, 140
Trd, 4318358.143, 140
Trd, 4318358.293, 140
Trd, 4318361.643, 140
Trd, 4318362.143, 140
Trd, 4318362.443, 140
Trd, 4318362.843, 139
Trd, 4318364.643, 138
Trd, 4318364.693, 138
Trd, 4318365.643, 140
Trd, 4318366.143, 139
Trd, 4318366.893, 138
Trd, 4318368.043, 128
Trd, 4318368.693, 136
Trd, 4318369.593, 140
Trd, 4318370.643, 140
Trd, 4318370.693, 139
Trd, 4318371.093, 125
Trd, 4318371.493, 68
Trd, 4318372.293, 140
Trd, 4318373.243, 140
Trd, 4318373.343, 140
Trd, 4318373.793, 140
Trd, 4318374.343, 139
Trd, 4318374.943, 110
Trd, 4318375.443, 138
Trd, 4318377.243, 132
Trd, 4318378.193, 138
Trd, 4318379.293, 140
Trd, 4318379.443, 140
Trd, 4318379.743, 140
Trd, 4318380.143, 123
Trd, 4318381.643, 140
Trd, 4318381.743, 140
Trd, 4318382.043, 133
Trd, 4318383.143, 123
Trd, 4318383.993, 140
Trd, 4318384.193, 138
Trd, 4318385.743, 140
Trd, 4318385.893, 110
Trd, 4318386.193, 126
Trd, 4318389.293, 140
Trd, 4318390.043, 140
Trd, 4318390.943, 140
Trd, 4318392.543, 140
Trd, 4318392.893, 140
Trd, 4318393.793, 140
Trd, 4318394.143, 136
Trd, 4318394.593, 135
Trd, 4318396.043, 140
Trd, 4318396.793, 140
Trd, 4318397.943, 140
Trd, 4318399.143, 140
Trd, 4318399.193, 140
Trd, 4318399.743, 131
Trd, 4318402.043, 140
Trd, 4318402.893, 140
Trd, 4318403.193, 140
Trd, 4318403.293, 137
Trd, 4318404.293, 139
Trd, 4318404.893, 140
Trd, 4318407.393, 140
Trd, 4318407.743, 138
Trd, 4318407.843, 137
Trd, 4318408.193, 127
Trd, 4318409.393, 82
Trd, 4318411.143, 139
Trd, 4318411.993, 139
Trd, 4318412.643, 139
Trd, 4318412.743, 138
Trd, 4318412.893, 124
Trd, 4318413.493, 139
Trd, 4318414.143, 137
Trd, 4318414.343, 136
Trd, 4318414.943, 130
Trd, 4318415.143, 138
Trd, 4318416.343, 107
Trd, 4318416.743, 136
Trd, 4318418.093, 129
Trd, 4318418.493, 100
Trd, 4318418.743, 131
Trd, 4318419.293, 106
Trd, 4318419.843, 65
Trd, 4318420.043, 69
Trd, 4318420.493, 68
Trd, 4318421.093, 80
Trd, 4318421.493, 127
Trd, 4318422.543, 70
Trd, 4318422.793, 125
Trd, 4318424.493, 140
Trd, 4318424.893, 129
Trd, 4318425.443, 140
Trd, 4318426.643, 140
Trd, 4318427.243, 140
Trd, 4318428.393, 140
Trd, 4318428.443, 140
Trd, 4318430.643, 140
Trd, 4318430.793, 133
Trd, 4318431.293, 122
Trd, 4318431.343, 121
Trd, 4318433.443, 140
Trd, 4318433.593, 139
Trd, 4318434.343, 134
Trd, 4318438.093, 140
Trd, 4318438.293, 140
Trd, 4318438.443, 140
Trd, 4318439.343, 140
Trd, 4318439.543, 140
Trd, 4318441.493, 140
Trd, 4318441.743, 140
Trd, 4318442.643, 140
Trd, 4318443.193, 140
Trd, 4318444.443, 140
Trd, 4318444.793, 140
Trd, 4318445.643, 140
Trd, 4318446.443, 138
Trd, 4318446.593, 135
Trd, 4318448.743, 140
Trd, 4318450.943, 140
Trd, 4318451.693, 140
Trd, 4318451.793, 139
Trd, 4318451.993, 137
Trd, 4318452.593, 85
Trd, 4318454.343, 140
Trd, 4318454.593, 140
Trd, 4318455.043, 140
Trd, 4318455.193, 83
Trd, 4318456.443, 140
Trd, 4318457.643, 140
Trd, 4318457.993, 137
Trd, 4318459.393, 140
Trd, 4318459.543, 140
Trd, 4318460.493, 140
Trd, 4318461.593, 140
Trd, 4318461.643, 140
Trd, 4318462.343, 140
Trd, 4318462.493, 138
Trd, 4318463.043, 127
Trd, 4318463.793, 140
Trd, 4318464.143, 134
Trd, 4318464.543, 140
Trd, 4318464.693, 102
Trd, 4318466.343, 140
Trd, 4318466.793, 140
Trd, 4318467.443, 140
Trd, 4318468.343, 140
Trd, 4318469.243, 139
Trd, 4318470.643, 140
Trd, 4318471.493, 140
Trd, 4318472.493, 139
Trd, 4318473.343, 139
Trd, 4318473.593, 140
Trd, 4318475.993, 140
Trd, 4318476.693, 140
Trd, 4318477.293, 140
Trd, 4318478.243, 139
Trd, 4318479.193, 139
Trd, 4318479.943, 140
Trd, 4318479.993, 138
Trd, 4318481.643, 109
Trd, 4318482.993, 140
Trd, 4318483.943, 140
Trd, 4318484.593, 122
Trd, 4318485.743, 140
Trd, 4318485.943, 140
Trd, 4318486.993, 140
Trd, 4318487.443, 140
Trd, 4318487.493, 138
Trd, 4318488.143, 140
Trd, 4318489.243, 140
Trd, 4318491.793, 128
Trd, 4318492.193, 137
Trd, 4318493.643, 140
Trd, 4318494.093, 139
Trd, 4318494.543, 139
Trd, 4318496.143, 138
Trd, 4318496.343, 137
Trd, 4318496.393, 118
Trd, 4318498.293, 140
Trd, 4318498.543, 140
Trd, 4318498.743, 140
Trd, 4318499.493, 140
Trd, 4318499.643, 138
Trd, 4318499.843, 140
Trd, 4318501.343, 138
Trd, 4318501.893, 121
Trd, 4318502.843, 103
Trd, 4318503.243, 134
Trd, 4318503.293, 89
Trd, 4318506.343, 140
Trd, 4318506.543, 130
Trd, 4318507.243, 140
Trd, 4318507.343, 139
Trd, 4318507.393, 138
Trd, 4318508.293, 140
Trd, 4318509.393, 140
Trd, 4318510.043, 139
Trd, 4318513.543, 140
Trd, 4318513.793, 138
Trd, 4318513.843, 131
Trd, 4318514.243, 100
Trd, 4318515.543, 140
Trd, 4318516.443, 139
Trd, 4318516.643, 140
Trd, 4318517.843, 139
Trd, 4318519.193, 140
Trd, 4318519.593, 140
Trd, 4318521.093, 140
Trd, 4318522.343, 140
Trd, 4318522.693, 140
Trd, 4318522.993, 140
Trd, 4318524.793, 140
Trd, 4318525.043, 140
Trd, 4318525.843, 140
Trd, 4318526.543, 140
Trd, 4318527.393, 140
Trd, 4318528.693, 115
Trd, 4318529.743, 140
Trd, 4318530.393, 140
Trd, 4318530.943, 140
Trd, 4318531.893, 139
Trd, 4318531.993, 139
Trd, 4318533.993, 140
Trd, 4318535.693, 140
Trd, 4318536.793, 140
Trd, 4318536.993, 140
Trd, 4318537.393, 140
Trd, 4318537.543, 79
Trd, 4318538.543, 134
Trd, 4318538.693, 63
Trd, 4318538.993, 135
Trd, 4318539.393, 61
Trd, 4318540.293, 137
Trd, 4318540.693, 140
Trd, 4318542.443, 119
Trd, 4318542.843, 114
Trd, 4318543.043, 107
Trd, 4318545.193, 140
Trd, 4318545.243, 140
Trd, 4318545.743, 140
Trd, 4318547.243, 140
Trd, 4318549.293, 140
Trd, 4318552.043, 140
Trd, 4318552.493, 140
Trd, 4318552.743, 140
Trd, 4318553.743, 139
Trd, 4318554.093, 138
Trd, 4318554.393, 111
Trd, 4318554.443, 109
Trd, 4318555.043, 140
Trd, 4318555.943, 140
Trd, 4318557.243, 140
Trd, 4318558.643, 139
Trd, 4318559.393, 140
Trd, 4318559.893, 140
Trd, 4318561.093, 135
Trd, 4318562.343, 140
Trd, 4318563.193, 139
Trd, 4318564.543, 140
Trd, 4318564.893, 140
Trd, 4318565.493, 138
Trd, 4318565.893, 137
Trd, 4318566.343, 137
Trd, 4318567.493, 139
Trd, 4318569.693, 140
Trd, 4318570.143, 140
Trd, 4318571.043, 140
Trd, 4318571.493, 140
Trd, 4318571.743, 139
Trd, 4318571.793, 139
Trd, 4318572.693, 63
Trd, 4318572.843, 139
Trd, 4318574.693, 62
Trd, 4318574.743, 64
Trd, 4318575.493, 63
Trd, 4318575.743, 63
Trd, 4318575.843, 65
Trd, 4318576.993, 140
Trd, 4318577.443, 135
Trd, 4318578.243, 139
Trd, 4318579.793, 64
Trd, 4318579.943, 64
Trd, 4318580.693, 60
Trd, 4318581.243, 60
Trd, 4318581.293, 60
Trd, 4318581.593, 65
Trd, 4318584.043, 60
Trd, 4318584.343, 60
Trd, 4318584.443, 60
Trd, 4318584.593, 65
Trd, 4318586.143, 61
Trd, 4318586.243, 62
Trd, 4318586.793, 60
Trd, 4318587.343, 60
Trd, 4318587.493, 63
Trd, 4318588.193, 98
Trd, 4318588.693, 139
Trd, 4318588.743, 134
Trd, 4318590.493, 124
Trd, 4318590.543, 97
Trd, 4318591.143, 139
Trd, 4318592.943, 140
Trd, 4318593.493, 140
Trd, 4318594.143, 140
Trd, 4318594.843, 140
Trd, 4318595.643, 140
Trd, 4318596.293, 140
Trd, 4318598.543, 140
Trd, 4318599.143, 140
Trd, 4318599.393, 140
Trd, 4318601.243, 140
Trd, 4318601.293, 139
Trd, 4318602.093, 123
Trd, 4318602.243, 74
Trd, 4318603.643, 139
Trd, 4318603.893, 138
Trd, 4318604.943, 140
Trd, 4318606.143, 140
Trd, 4318606.943, 138
Trd, 4318607.893, 140
Trd, 4318609.293, 140
Trd, 4318609.743, 140
Trd, 4318610.343, 140
Trd, 4318610.593, 136
Trd, 4318611.093, 140
Trd, 4318613.843, 140
Trd, 4318614.143, 140
Trd, 4318614.243, 140
Trd, 4318615.343, 140
Trd, 4318616.743, 138
Trd, 4318617.143, 138
Trd, 4318619.043, 139
Trd, 4318620.893, 140
Trd, 4318620.993, 139
Trd, 4318621.343, 139
Trd, 4318622.393, 93
Trd, 4318623.443, 140
Trd, 4318623.943, 140
Trd, 4318624.493, 136
Trd, 4318625.443, 139
Trd, 4318626.243, 109
Trd, 4318626.493, 108
Trd, 4318626.943, 132
Trd, 4318626.993, 133
Trd, 4318627.243, 134
Trd, 4318627.893, 61
Trd, 4318628.343, 136
Trd, 4318628.793, 60
Trd, 4318630.243, 140
Trd, 4318630.643, 139
Trd, 4318632.143, 140
Trd, 4318633.493, 140
Trd, 4318633.793, 140
Trd, 4318633.993, 128
Trd, 4318634.293, 139
Trd, 4318635.043, 140
Trd, 4318636.193, 139
Trd, 4318637.493, 140
Trd, 4318637.843, 117
Trd, 4318638.943, 140
Trd, 4318640.143, 140
Trd, 4318641.343, 140
Trd, 4318641.393, 140
Trd, 4318642.343, 138
Trd, 4318643.993, 138
Trd, 4318644.743, 140
Trd, 4318645.443, 139
Trd, 4318646.793, 140
Trd, 4318647.243, 140
Trd, 4318648.093, 140
Trd, 4318648.593, 140
Trd, 4318648.743, 123
Trd, 4318649.993, 140
Trd, 4318650.343, 112
Trd, 4318650.693, 138
Trd, 4318653.043, 140
Trd, 4318653.143, 140
Trd, 4318654.343, 140
Trd, 4318655.243, 140
Trd, 4318656.843, 140
Trd, 4318657.343, 138
Trd, 4318657.443, 99
Trd, 4318658.543, 140
Trd, 4318659.293, 140
Trd, 4318659.643, 118
Trd, 4318662.493, 140
Trd, 4318662.643, 140
Trd, 4318663.993, 140
Trd, 4318664.293, 140
Trd, 4318664.343, 136
Trd, 4318665.393, 140
Trd, 4318665.893, 138
Trd, 4318667.243, 140
Trd, 4318667.943, 140
Trd, 4318668.343, 140
Trd, 4318669.793, 138
Trd, 4318670.493, 140
Trd, 4318670.543, 122
Trd, 4318670.943, 113
Trd, 4318671.793, 136
Trd, 4318673.193, 140
Trd, 4318674.093, 140
Trd, 4318674.493, 140
Trd, 4318675.843, 123
Trd, 4318676.893, 140
Trd, 4318677.993, 140
Trd, 4318678.743, 140
Trd, 4318680.293, 140
Trd, 4318681.693, 140
Trd, 4318681.943, 140
Trd, 4318682.643, 136
Trd, 4318683.193, 135
Trd, 4318683.943, 122
Trd, 4318684.243, 75
Trd, 4318685.393, 140
Trd, 4318687.043, 140
Trd, 4318688.993, 140
Trd, 4318690.493, 140
Trd, 4318691.193, 140
Trd, 4318691.343, 140
Trd, 4318691.593, 139
Trd, 4318692.293, 140
Trd, 4318694.443, 140
Trd, 4318695.093, 140
Trd, 4318695.793, 140
Trd, 4318696.743, 136
Trd, 4318697.293, 140
Trd, 4318697.793, 137
Trd, 4318698.893, 140
Trd, 4318699.893, 140
Trd, 4318699.943, 140
Trd, 4318700.843, 140
Trd, 4318702.143, 140
Trd, 4318702.243, 140
Trd, 4318703.393, 118
Trd, 4318705.043, 126
Trd, 4318705.443, 79
Trd, 4318705.693, 109
Trd, 4318705.993, 140
Trd, 4318706.843, 138
Trd, 4318708.643, 140
Trd, 4318709.043, 140
Trd, 4318709.893, 140
Trd, 4318710.243, 139
Trd, 4318711.193, 140
Trd, 4318711.443, 140
Trd, 4318712.943, 140
Trd, 4318713.643, 140
Trd, 4318714.693, 140
Trd, 4318715.843, 140
Trd, 4318716.693, 132
Trd, 4318718.293, 140
Trd, 4318718.443, 140
Trd, 4318718.593, 140
Trd, 4318719.293, 140
Trd, 4318720.543, 140
Trd, 4318721.443, 140
Trd, 4318723.343, 140
Trd, 4318723.443, 138
Trd, 4318724.543, 106
Trd, 4318724.643, 105
Trd, 4318725.793, 140
Trd, 4318726.993, 137
Trd, 4318729.043, 140
Trd, 4318729.243, 140
Trd, 4318730.743, 140
Trd, 4318731.043, 139
Trd, 4318731.893, 116
Trd, 4318732.143, 114
Trd, 4318732.943, 140
Trd, 4318733.693, 140
Trd, 4318734.893, 140
Trd, 4318735.993, 138
Trd, 4318738.193, 140
Trd, 4318738.993, 140
Trd, 4318739.493, 140
Trd, 4318740.693, 140
Trd, 4318741.893, 140
Trd, 4318742.543, 140
Trd, 4318742.593, 121
Trd, 4318746.543, 140
Trd, 4318746.643, 140
Trd, 4318746.993, 140
Trd, 4318747.043, 140
Trd, 4318747.343, 140
Trd, 4318747.543, 140
Trd, 4318747.593, 114
Trd, 4318747.893, 124
Trd, 4318751.393, 140
Trd, 4318751.793, 140
Trd, 4318751.843, 140
Trd, 4318752.243, 140
Trd, 4318754.243, 114
Trd, 4318754.593, 66
Trd, 4318755.643, 140
Trd, 4318755.893, 140
Trd, 4318756.443, 126
Trd, 4318756.993, 138
Trd, 4318758.043, 140
Trd, 4318759.843, 140
Trd, 4318760.493, 140
Trd, 4318760.843, 139
Trd, 4318763.343, 140
Trd, 4318763.543, 140
Trd, 4318763.643, 140
Trd, 4318764.043, 130
Trd, 4318765.693, 140
Trd, 4318766.443, 139
Trd, 4318767.343, 140
Trd, 4318767.693, 140
Trd, 4318768.593, 140
Trd, 4318770.293, 140
Trd, 4318770.443, 139
Trd, 4318770.543, 102
Trd, 4318771.193, 60
Trd, 4318771.293, 71
Trd, 4318772.093, 60
Trd, 4318772.593, 140
Trd, 4318773.343, 139
Trd, 4318774.943, 139
Trd, 4318774.993, 124
Trd, 4318775.743, 139
Trd, 4318777.693, 140
Trd, 4318778.343, 139
Trd, 4318779.793, 113
Trd, 4318781.043, 139
Trd, 4318781.143, 137
Trd, 4318781.843, 140
Trd, 4318782.243, 74
Trd, 4318783.093, 140
Trd, 4318783.543, 140
Trd, 4318785.593, 140
Trd, 4318785.793, 140
Trd, 4318785.893, 140
Trd, 4318786.343, 140
Trd, 4318786.893, 139
Trd, 4318787.193, 140
Trd, 4318788.093, 138
Trd, 4318789.043, 121
Trd, 4318789.093, 112
Trd, 4318791.093, 140
Trd, 4318791.193, 140
Trd, 4318793.093, 140
Trd, 4318793.993, 140
Trd, 4318794.793, 140
Trd, 4318796.493, 140
Trd, 4318796.993, 140
Trd, 4318797.343, 140
Trd, 4318800.293, 140
Trd, 4318801.543, 140
Trd, 4318802.043, 140
Trd, 4318802.343, 139
Trd, 4318802.693, 139
Trd, 4318803.343, 125
Trd, 4318804.093, 123
Trd, 4318804.543, 63
Trd, 4318805.443, 140
Trd, 4318806.043, 93
Trd, 4318806.243, 91
Trd, 4318809.093, 139
Trd, 4318809.243, 139
Trd, 4318809.993, 140
Trd, 4318810.893, 139
Trd, 4318811.243, 116
Trd, 4318812.793, 140
Trd, 4318812.993, 140
Trd, 4318814.093, 139
Trd, 4318815.443, 140
Trd, 4318815.793, 139
Trd, 4318817.393, 140
Trd, 4318817.843, 140
Trd, 4318819.943, 140
Trd, 4318820.293, 60
Trd, 4318820.493, 60
Trd, 4318820.793, 101
Trd, 4318821.543, 63
Trd, 4318822.093, 130
Trd, 4318822.493, 140
Trd, 4318823.643, 140
Trd, 4318823.793, 139
Trd, 4318824.543, 138
Trd, 4318824.843, 138
Trd, 4318825.843, 133
Trd, 4318826.293, 136
Trd, 4318827.143, 131
Trd, 4318828.243, 140
Trd, 4318829.043, 140
Trd, 4318829.643, 140
Trd, 4318830.843, 140
Trd, 4318831.143, 140
Trd, 4318831.193, 139
Trd, 4318832.893, 137
Trd, 4318833.143, 97
Trd, 4318833.843, 138
Trd, 4318834.793, 139
Trd, 4318836.843, 93
Trd, 4318837.343, 140
Trd, 4318838.043, 137
Trd, 4318840.243, 140
Trd, 4318840.543, 140
Trd, 4318840.843, 140
Trd, 4318842.443, 140
Trd, 4318843.093, 140
Trd, 4318843.643, 140
Trd, 4318844.643, 138
Trd, 4318845.343, 140
Trd, 4318847.893, 140
Trd, 4318848.093, 140
Trd, 4318848.193, 139
Trd, 4318848.643, 137
Trd, 4318849.643, 140
Trd, 4318850.293, 103
Trd, 4318850.493, 89
Trd, 4318851.943, 140
Trd, 4318853.043, 140
Trd, 4318853.093, 138
Trd, 4318854.743, 140
Trd, 4318855.243, 140
Trd, 4318856.243, 140
Trd, 4318857.943, 140
Trd, 4318858.343, 140
Trd, 4318858.443, 140
Trd, 4318859.643, 140
Trd, 4318861.893, 140
Trd, 4318862.043, 140
Trd, 4318862.593, 139
Trd, 4318863.193, 136
Trd, 4318864.193, 140
Trd, 4318864.243, 138
Trd, 4318864.443, 139
Trd, 4318864.693, 118
Trd, 4318866.193, 133
Trd, 4318866.743, 64
Trd, 4318867.043, 63
Trd, 4318867.193, 64
Trd, 4318867.343, 65
Trd, 4318868.393, 63
Trd, 4318868.443, 62
Trd, 4318869.743, 131
Trd, 4318869.943, 123
Trd, 4318870.693, 60
Trd, 4318870.993, 140
Trd, 4318871.493, 60
Trd, 4318872.393, 60
Trd, 4318873.943, 60
Trd, 4318874.793, 60
Trd, 4318875.443, 60
Trd, 4318875.993, 60
Trd, 4318876.393, 60
Trd, 4318876.643, 60
Trd, 4318877.143, 60
Trd, 4318877.743, 60
Trd, 4318878.193, 61
Trd, 4318878.493, 64
Trd, 4318878.943, 60
Trd, 4318879.793, 60
Trd, 4318880.743, 60
Trd, 4318880.943, 64
Trd, 4318881.843, 60
Trd, 4318881.993, 70
Trd, 4318883.643, 66
Trd, 4318884.443, 61
Trd, 4318885.093, 60
Trd, 4318885.343, 60
Trd, 4318886.993, 60
Trd, 4318887.343, 60
Trd, 4318887.493, 60
Trd, 4318887.893, 62
Trd, 4318888.593, 62
Trd, 4318888.793, 64
Trd, 4318889.693, 61
Trd, 4318890.693, 63
Trd, 4318890.993, 70
Trd, 4318891.243, 68
Trd, 4318891.643, 63
Trd, 4318892.793, 64
Trd, 4318893.993, 67
Trd, 4318894.743, 61
Trd, 4318895.443, 61
Trd, 4318897.443, 60
Trd, 4318897.493, 60
Trd, 4318898.243, 60
Trd, 4318898.293, 60
Trd, 4318898.443, 60
Trd, 4318898.793, 61
Trd, 4318898.993, 62
Trd, 4318899.293, 61
Trd, 4318899.343, 62
Trd, 4318899.693, 61
Trd, 4318901.093, 64
Trd, 4318901.543, 62
Trd, 4318902.593, 60
Trd, 4318903.293, 60
Trd, 4318903.493, 60
Trd, 4318903.693, 63
Trd, 4318904.043, 69
Trd, 4318905.293, 68
Trd, 4318905.743, 140
Trd, 4318905.993, 135
Trd, 4318906.193, 134
Trd, 4318906.793, 60
Trd, 4318907.143, 60
Trd, 4318907.243, 61
Trd, 4318908.343, 61
Trd, 4318908.693, 60
Trd, 4318909.593, 61
Trd, 4318912.393, 101
Trd, 4318912.543, 100
Trd, 4318912.793, 62
Trd, 4318913.093, 61
Trd, 4318913.543, 61
Trd, 4318915.593, 60
Trd, 4318915.693, 60
Trd, 4318915.993, 60
Trd, 4318916.393, 60
Trd, 4318918.493, 60
Trd, 4318918.843, 61
Trd, 4318919.143, 61
Trd, 4318919.393, 62
Trd, 4318919.943, 63
Trd, 4318921.393, 60
Trd, 4318921.793, 60
Trd, 4318922.093, 61
Trd, 4318923.043, 60
Trd, 4318923.393, 60
Trd, 4318924.193, 61
Trd, 4318924.293, 62
Trd, 4318924.843, 62
Trd, 4318925.143, 62
Trd, 4318925.493, 65
Trd, 4318927.543, 60
Trd, 4318928.693, 60
Trd, 4318928.843, 60
Trd, 4318929.593, 60
Trd, 4318929.993, 60
Trd, 4318930.143, 67
Trd, 4318930.593, 71
Trd, 4318931.143, 65
Trd, 4318931.393, 62
Trd, 4318932.243, 140
Trd, 4318932.393, 137
Trd, 4318935.943, 140
Trd, 4318936.493, 140
Trd, 4318937.343, 140
Trd, 4318938.693, 140
Trd, 4318938.743, 140
Trd, 4318938.993, 139
Trd, 4318939.393, 139
Trd, 4318939.693, 139
Trd, 4318940.043, 114
Trd, 4318941.993, 140
Trd, 4318942.443, 121
Trd, 4318943.343, 91
Trd, 4318943.393, 71
Trd, 4318944.043, 66
Trd, 4318945.543, 140
Trd, 4318946.093, 138
Trd, 4318947.043, 140
Trd, 4318947.793, 140
Trd, 4318950.093, 140
Trd, 4318951.643, 140
Trd, 4318952.393, 138
Trd, 4318953.693, 140
Trd, 4318954.043, 140
Trd, 4318954.293, 140
Trd, 4318955.243, 140
Trd, 4318956.743, 140
Trd, 4318956.843, 140
Trd, 4318958.093, 139
Trd, 4318958.743, 137
Trd, 4318959.543, 139
Trd, 4318961.543, 139
Trd, 4318962.593, 140
Trd, 4318963.143, 139
Trd, 4318964.043, 140
Trd, 4318964.193, 137
Trd, 4318964.593, 66
Trd, 4318965.443, 140
Trd, 4318965.893, 140
Trd, 4318966.593, 138
Trd, 4318967.793, 134
Trd, 4318969.343, 140
Trd, 4318970.243, 140
Trd, 4318971.043, 140
Trd, 4318972.293, 139
Trd, 4318973.193, 140
Trd, 4318973.843, 139
Trd, 4318974.093, 119
Trd, 4318974.143, 77
Trd, 4318974.443, 140
Trd, 4318974.893, 140
Trd, 4318975.643, 68
Trd, 4318975.743, 80
Trd, 4318976.343, 131
Trd, 4318978.043, 138
Trd, 4318978.093, 106
Trd, 4318978.843, 137
Trd, 4318978.943, 136
Trd, 4318979.743, 138
Trd, 4318980.243, 97
Trd, 4318980.693, 94
Trd, 4318982.293, 122
Trd, 4318983.393, 140
Trd, 4318984.093, 139
Trd, 4318984.543, 140
Trd, 4318985.093, 140
Trd, 4318985.543, 140
Trd, 4318985.993, 140
Trd, 4318986.093, 133
Trd, 4318988.293, 139
Trd, 4318988.443, 133
Trd, 4318988.693, 103
Trd, 4318989.943, 140
Trd, 4318990.043, 137
Trd, 4318991.493, 140
Trd, 4318993.943, 140
Trd, 4318994.093, 140
Trd, 4318995.193, 140
Trd, 4318996.243, 140
Trd, 4318996.943, 136
Trd, 4318997.693, 140
Trd, 4318999.043, 140
Trd, 4318999.393, 139
Trd, 4318999.743, 139
Trd, 4319001.743, 139
Trd, 4319002.293, 137
Trd, 4319003.243, 130
Trd, 4319005.543, 140
Trd, 4319006.243, 140
Trd, 4319006.793, 140
Trd, 4319006.893, 140
Trd, 4319007.343, 140
Trd, 4319008.643, 139
Trd, 4319009.143, 140
Trd, 4319009.443, 140
Trd, 4319010.143, 121
Trd, 4319012.743, 140
Trd, 4319014.093, 140
Trd, 4319014.193, 140
Trd, 4319014.343, 140
Trd, 4319015.043, 137
Trd, 4319015.943, 140
Trd, 4319017.393, 140
Trd, 4319018.043, 140
Trd, 4319018.143, 140
Trd, 4319019.793, 139
Trd, 4319019.943, 136
Trd, 4319020.143, 140
Trd, 4319020.393, 118
Trd, 4319020.743, 136
Trd, 4319021.643, 60
Trd, 4319021.693, 138
Trd, 4319023.443, 60
Trd, 4319023.643, 60
Trd, 4319024.693, 60
Trd, 4319024.743, 60
Trd, 4319025.443, 60
Trd, 4319025.943, 60
Trd, 4319026.443, 60
Trd, 4319027.943, 60
Trd, 4319028.043, 63
Trd, 4319028.543, 63
Trd, 4319029.993, 60
Trd, 4319030.643, 60
Trd, 4319031.693, 60
Trd, 4319031.893, 60
Trd, 4319033.293, 60
Trd, 4319034.043, 60
Trd, 4319034.093, 60
Trd, 4319034.593, 60
Trd, 4319035.093, 61
Trd, 4319035.293, 61
Trd, 4319035.643, 62
Trd, 4319037.143, 60
Trd, 4319037.243, 61
Trd, 4319038.343, 60
Trd, 4319038.393, 60
Trd, 4319038.643, 62
Trd, 4319039.943, 60
Trd, 4319041.343, 60
Trd, 4319041.743, 60
Trd, 4319042.193, 60
Trd, 4319042.793, 122
Trd, 4319043.093, 60
Trd, 4319044.693, 60
Trd, 4319045.593, 60
Trd, 4319045.993, 60
Trd, 4319046.093, 60
Trd, 4319046.343, 63
Trd, 4319046.793, 62
Trd, 4319047.593, 62
Trd, 4319048.643, 61
Trd, 4319048.693, 65
Trd, 4319049.193, 68
Trd, 4319050.293, 75
Trd, 4319051.443, 139
Trd, 4319051.543, 138
Trd, 4319051.943, 137
Trd, 4319052.343, 122
Trd, 4319053.343, 102
Trd, 4319056.443, 140
Trd, 4319057.293, 140
Trd, 4319058.043, 140
Trd, 4319058.293, 140
Trd, 4319058.843, 140
Trd, 4319060.393, 140
Trd, 4319061.043, 140
Trd, 4319062.393, 140
Trd, 4319062.493, 139
Trd, 4319063.543, 140
Trd, 4319063.643, 140
Trd, 4319064.343, 139
Trd, 4319064.743, 140
Trd, 4319065.443, 140
Trd, 4319067.393, 140
Trd, 4319068.043, 139
Trd, 4319069.193, 140
Trd, 4319069.343, 117
Trd, 4319069.593, 140
Trd, 4319070.793, 116
Trd, 4319071.293, 140
Trd, 4319071.893, 125
Trd, 4319073.793, 140
Trd, 4319073.943, 140
Trd, 4319074.293, 138
Trd, 4319074.743, 140
Trd, 4319077.093, 140
Trd, 4319078.743, 140
Trd, 4319080.193, 140
Trd, 4319080.443, 140
Trd, 4319081.143, 140
Trd, 4319082.343, 139
Trd, 4319082.943, 140
Trd, 4319083.493, 132
Trd, 4319084.843, 140
Trd, 4319085.343, 140
Trd, 4319085.493, 140
Trd, 4319086.643, 139
Trd, 4319086.893, 65
Trd, 4319086.993, 138
Trd, 4319087.193, 64
Trd, 4319088.593, 135
Trd, 4319089.593, 140
Trd, 4319089.743, 137
Trd, 4319090.393, 60
Trd, 4319090.893, 69
Trd, 4319091.893, 62
Trd, 4319092.443, 68
Trd, 4319093.193, 62
Trd, 4319095.543, 140
Trd, 4319096.793, 140
Trd, 4319097.693, 140
Trd, 4319097.843, 140
Trd, 4319098.293, 140
Trd, 4319100.343, 140
Trd, 4319100.393, 133
Trd, 4319101.793, 139
Trd, 4319102.893, 140
Trd, 4319102.993, 140
Trd, 4319103.743, 139
Trd, 4319104.793, 140
Trd, 4319105.543, 140
Trd, 4319106.693, 139
Trd, 4319106.793, 137
Trd, 4319107.343, 133
Trd, 4319108.293, 139
Trd, 4319109.293, 140
Trd, 4319110.943, 140
Trd, 4319111.043, 140
Trd, 4319112.393, 139
Trd, 4319113.493, 134
Trd, 4319113.543, 102
Trd, 4319115.743, 140
Trd, 4319116.993, 139
Trd, 4319117.543, 139
Trd, 4319118.543, 139
Trd, 4319120.093, 140
Trd, 4319120.693, 140
Trd, 4319121.543, 140
Trd, 4319122.093, 140
Trd, 4319122.293, 140
Trd, 4319122.843, 140
Trd, 4319123.993, 140
Trd, 4319124.143, 89
Trd, 4319124.943, 71
Trd, 4319126.693, 139
Trd, 4319129.693, 137
Trd, 4319129.743, 135
Trd, 4319129.943, 122
Trd, 4319131.793, 101
Trd, 4319132.293, 125
Trd, 4319132.343, 126
Trd, 4319132.443, 112
Trd, 4319132.643, 102
Trd, 4319133.893, 132
Trd, 4319133.943, 137
Trd, 4319134.243, 104
Trd, 4319134.743, 131
Trd, 4319135.693, 66
Trd, 4319136.443, 60
Trd, 4319136.543, 62
Trd, 4319136.593, 65
Trd, 4319138.843, 60
Trd, 4319139.043, 60
Trd, 4319139.593, 61
Trd, 4319140.343, 61
Trd, 4319141.393, 140
Trd, 4319141.743, 63
Trd, 4319142.143, 62
Trd, 4319142.743, 68
Trd, 4319144.043, 60
Trd, 4319145.193, 60
Trd, 4319145.243, 60
Trd, 4319148.043, 60
Trd, 4319148.093, 60
Trd, 4319148.343, 61
Trd, 4319148.943, 60
Trd, 4319149.443, 61
Trd, 4319149.693, 62
Trd, 4319149.943, 64
Trd, 4319151.243, 60
Trd, 4319151.443, 69
Trd, 4319152.343, 61
Trd, 4319152.893, 60
Trd, 4319154.193, 60
Trd, 4319154.843, 60
Trd, 4319154.893, 60
Trd, 4319155.543, 60
Trd, 4319156.693, 60
Trd, 4319157.143, 60
Trd, 4319157.343, 60
Trd, 4319157.493, 60
Trd, 4319158.093, 60
Trd, 4319159.843, 60
Trd, 4319161.243, 60
Trd, 4319162.043, 60
Trd, 4319162.343, 60
Trd, 4319162.943, 60
Trd, 4319163.443, 60
Trd, 4319163.893, 60
Trd, 4319164.143, 60
Trd, 4319164.193, 62
Trd, 4319164.493, 69
Trd, 4319165.643, 65
Trd, 4319166.193, 108
Trd, 4319166.843, 137
Trd, 4319169.393, 140
Trd, 4319169.693, 139
Trd, 4319169.743, 134
Trd, 4319170.043, 132
Trd, 4319170.493, 140
Trd, 4319171.693, 140
Trd, 4319171.893, 133
Trd, 4319173.243, 139
Trd, 4319173.893, 137
Trd, 4319175.293, 140
Trd, 4319175.493, 137
Trd, 4319176.693, 138
Trd, 4319177.243, 122
Trd, 4319177.693, 137
Trd, 4319177.943, 84
Trd, 4319179.093, 140
Trd, 4319180.193, 140
Trd, 4319181.243, 140
Trd, 4319181.443, 138
Trd, 4319181.543, 129
Trd, 4319185.393, 140
Trd, 4319186.193, 140
Trd, 4319186.293, 139
Trd, 4319187.893, 139
Trd, 4319188.393, 140
Trd, 4319188.943, 138
Trd, 4319190.643, 140
Trd, 4319192.743, 140
Trd, 4319193.093, 140
Trd, 4319194.843, 140
Trd, 4319195.043, 139
Trd, 4319195.893, 140
Trd, 4319196.643, 140
Trd, 4319197.293, 140
Trd, 4319198.593, 140
Trd, 4319199.193, 139
Trd, 4319199.893, 140
Trd, 4319199.993, 140
Trd, 4319200.543, 139
Trd, 4319202.843, 127
Trd, 4319203.793, 138
Trd, 4319204.543, 140
Trd, 4319204.843, 139
Trd, 4319204.993, 139
Trd, 4319205.243, 138
Trd, 4319205.543, 135
Trd, 4319205.793, 138
Trd, 4319206.193, 73
Trd, 4319206.893, 60
Trd, 4319206.993, 60
Trd, 4319207.043, 60
Trd, 4319207.343, 60
Trd, 4319208.543, 62
Trd, 4319208.593, 63
Trd, 4319210.193, 60
Trd, 4319211.343, 60
Trd, 4319212.193, 60
Trd, 4319212.393, 62
Trd, 4319212.943, 62
Trd, 4319213.043, 64
Trd, 4319214.193, 65
Trd, 4319214.893, 63
Trd, 4319216.393, 60
Trd, 4319216.493, 61
Trd, 4319218.543, 60
Trd, 4319218.743, 60
Trd, 4319218.993, 61
Trd, 4319220.043, 60
Trd, 4319220.643, 60
Trd, 4319221.543, 60
Trd, 4319221.693, 60
Trd, 4319222.693, 62
Trd, 4319223.593, 60
Trd, 4319224.543, 60
Trd, 4319224.593, 60
Trd, 4319224.893, 61
Trd, 4319225.493, 62
Trd, 4319225.793, 64
Trd, 4319225.993, 61
Trd, 4319226.293, 61
Trd, 4319226.493, 62
Trd, 4319227.143, 67
Trd, 4319227.543, 60
Trd, 4319227.993, 64
Trd, 4319229.143, 69
Trd, 4319229.493, 64
Trd, 4319230.893, 67
Trd, 4319232.043, 60
Trd, 4319233.093, 60
Trd, 4319233.143, 60
Trd, 4319234.643, 60
Trd, 4319234.943, 60
Trd, 4319236.043, 60
Trd, 4319236.393, 60
Trd, 4319236.443, 61
Trd, 4319236.643, 62
Trd, 4319236.943, 60
Trd, 4319237.543, 61
Trd, 4319237.993, 62
Trd, 4319238.393, 68
Trd, 4319240.743, 60
Trd, 4319240.893, 60
Trd, 4319241.043, 60
Trd, 4319242.143, 61
Trd, 4319242.193, 66
Trd, 4319242.743, 60
Trd, 4319243.143, 60
Trd, 4319243.843, 60
Trd, 4319243.993, 60
Trd, 4319245.143, 60
Trd, 4319245.993, 60
Trd, 4319247.543, 60
Trd, 4319248.343, 60
Trd, 4319248.443, 60
Trd, 4319248.793, 60
Trd, 4319248.843, 64
Trd, 4319250.293, 60
Trd, 4319250.593, 60
Trd, 4319252.193, 60
Trd, 4319252.443, 63
Trd, 4319253.043, 64
Trd, 4319253.993, 60
Trd, 4319254.193, 60
Trd, 4319254.243, 61
Trd, 4319254.543, 63
Trd, 4319256.193, 140
Trd, 4319256.393, 140
Trd, 4319257.243, 140
Trd, 4319257.943, 139
Trd, 4319258.943, 140
Trd, 4319260.493, 140
Trd, 4319261.393, 140
Trd, 4319261.743, 140
Trd, 4319261.893, 139
Trd, 4319263.443, 140
Trd, 4319265.443, 139
Trd, 4319266.143, 139
Trd, 4319266.393, 137
Trd, 4319267.293, 136
Trd, 4319267.693, 126
Trd, 4319268.193, 140
Trd, 4319269.793, 140
Trd, 4319269.893, 139
Trd, 4319271.343, 140
Trd, 4319272.593, 139
Trd, 4319274.793, 140
Trd, 4319275.043, 139
Trd, 4319275.343, 139
Trd, 4319275.843, 140
Trd, 4319276.093, 139
Trd, 4319276.193, 130
Trd, 4319278.693, 136
Trd, 4319279.343, 138
Trd, 4319279.393, 135
Trd, 4319280.443, 140
Trd, 4319281.793, 140
Trd, 4319282.093, 140
Trd, 4319282.293, 140
Trd, 4319284.243, 140
Trd, 4319284.943, 139
Trd, 4319285.643, 140
Trd, 4319285.993, 140
Trd, 4319286.343, 136
Trd, 4319287.693, 121
Trd, 4319287.943, 137
Trd, 4319288.743, 138
Trd, 4319289.793, 73
Trd, 4319290.693, 139
Trd, 4319291.993, 140
Trd, 4319293.443, 140
Trd, 4319294.193, 140
Trd, 4319294.593, 139
Trd, 4319295.093, 140
Trd, 4319297.343, 140
Trd, 4319297.443, 140
Trd, 4319298.643, 140
Trd, 4319299.743, 125
Trd, 4319300.693, 139
Trd, 4319301.243, 140
Trd, 4319301.593, 139
Trd, 4319301.743, 69
Trd, 4319301.893, 140
Trd, 4319302.593, 69
Trd, 4319303.443, 60
Trd, 4319303.793, 60
Trd, 4319304.043, 62
Trd, 4319304.343, 63
Trd, 4319305.543, 61
Trd, 4319305.993, 60
Trd, 4319306.593, 63
Trd, 4319308.093, 61
Trd, 4319309.293, 60
Trd, 4319309.443, 60
Trd, 4319309.893, 62
Trd, 4319310.293, 61
Trd, 4319310.843, 60
Trd, 4319311.543, 60
Trd, 4319312.193, 60
Trd, 4319312.393, 60
Trd, 4319312.593, 69
Trd, 4319312.843, 63
Trd, 4319314.443, 140
Trd, 4319314.793, 140
Trd, 4319315.193, 140
Trd, 4319317.793, 140
Trd, 4319318.893, 140
Trd, 4319318.943, 140
Trd, 4319318.993, 139
Trd, 4319319.193, 139
Trd, 4319319.643, 136
Trd, 4319321.793, 140
Trd, 4319321.943, 140
Trd, 4319323.043, 140
Trd, 4319323.393, 140
Trd, 4319323.943, 134
Trd, 4319324.393, 119
Trd, 4319327.193, 140
Trd, 4319327.893, 140
Trd, 4319327.943, 140
Trd, 4319328.643, 138
Trd, 4319328.693, 138
Trd, 4319330.093, 140
Trd, 4319330.543, 140
Trd, 4319332.993, 140
Trd, 4319333.843, 140
Trd, 4319336.193, 140
Trd, 4319336.243, 139
Trd, 4319336.893, 140
Trd, 4319338.643, 140
Trd, 4319338.793, 140
Trd, 4319340.443, 140
Trd, 4319340.743, 139
Trd, 4319340.943, 139
Trd, 4319341.443, 134
Trd, 4319341.693, 121
Trd, 4319343.343, 140
Trd, 4319345.393, 140
Trd, 4319346.493, 140
Trd, 4319347.093, 140
Trd, 4319347.143, 140
Trd, 4319347.593, 138
Trd, 4319347.693, 137
Trd, 4319348.593, 109
Trd, 4319351.043, 139
Trd, 4319351.543, 140
Trd, 4319351.643, 140
Trd, 4319352.293, 138
Trd, 4319352.993, 139
Trd, 4319353.543, 96
Trd, 4319353.843, 60
Trd, 4319354.593, 136
Trd, 4319355.143, 131
Trd, 4319355.643, 130
Trd, 4319355.943, 124
Trd, 4319357.093, 63
Trd, 4319357.643, 60
Trd, 4319357.693, 62
Trd, 4319358.743, 60
Trd, 4319358.943, 60
Trd, 4319359.793, 60
Trd, 4319359.843, 61
Trd, 4319359.893, 61
Trd, 4319361.243, 60
Trd, 4319361.393, 60
Trd, 4319362.293, 70
Trd, 4319363.593, 60
Trd, 4319364.243, 60
Trd, 4319364.543, 60
Trd, 4319365.543, 60
Trd, 4319365.693, 60
Trd, 4319366.393, 60
Trd, 4319366.893, 61
Trd, 4319367.643, 60
Trd, 4319368.843, 61
Trd, 4319369.243, 61
Trd, 4319369.743, 62
Trd, 4319370.093, 62
Trd, 4319371.343, 61
Trd, 4319371.593, 63
Trd, 4319372.493, 60
Trd, 4319373.743, 60
Trd, 4319375.493, 60
Trd, 4319376.743, 60
Trd, 4319376.943, 60
Trd, 4319378.343, 60
Trd, 4319378.993, 60
Trd, 4319379.693, 60
Trd, 4319379.943, 61
Trd, 4319380.743, 60
Trd, 4319380.893, 62
Trd, 4319381.743, 60
Trd, 4319381.893, 66
Trd, 4319382.643, 62
Trd, 4319383.593, 69
Trd, 4319384.743, 63
Trd, 4319384.893, 66
Trd, 4319385.543, 74
Trd, 4319386.343, 60
Trd, 4319386.843, 61
Trd, 4319387.293, 61
Trd, 4319387.993, 60
Trd, 4319389.443, 60
Trd, 4319389.843, 61
Trd, 4319391.043, 60
Trd, 4319391.793, 60
Trd, 4319392.043, 60
Trd, 4319392.493, 61
Trd, 4319392.693, 61
Trd, 4319394.443, 66
Trd, 4319394.543, 67
Trd, 4319395.193, 62
Trd, 4319395.243, 61
Trd, 4319395.343, 74
Trd, 4319397.343, 60
Trd, 4319397.793, 60
Trd, 4319398.593, 60
Trd, 4319398.643, 60
Trd, 4319398.943, 61
Trd, 4319399.293, 60
Trd, 4319400.093, 60
Trd, 4319400.493, 60
Trd, 4319400.943, 61
Trd, 4319402.993, 60
Trd, 4319403.093, 62
Trd, 4319403.443, 64
Trd, 4319404.243, 65
Trd, 4319404.993, 60
Trd, 4319405.093, 60
Trd, 4319405.593, 65
Trd, 4319407.493, 62
Trd, 4319408.043, 60
Trd, 4319409.093, 60
Trd, 4319410.193, 60
Trd, 4319410.593, 60
Trd, 4319410.843, 60
Trd, 4319410.893, 60
Trd, 4319411.993, 60
Trd, 4319412.043, 61
Trd, 4319413.893, 60
Trd, 4319414.493, 61
Trd, 4319414.593, 62
Trd, 4319414.643, 63
Trd, 4319415.093, 64
Trd, 4319415.693, 66
Trd, 4319416.543, 71
Trd, 4319417.743, 66
Trd, 4319418.343, 101
Trd, 4319419.243, 138
Trd, 4319419.343, 90
Trd, 4319421.993, 140
Trd, 4319422.193, 140
Trd, 4319423.593, 140
Trd, 4319424.343, 140
Trd, 4319425.393, 140
Trd, 4319426.293, 140
Trd, 4319426.393, 139
Trd, 4319429.793, 140
Trd, 4319430.093, 140
Trd, 4319430.193, 140
Trd, 4319430.393, 102
Trd, 4319432.043, 140
Trd, 4319432.293, 140
Trd, 4319433.593, 137
Trd, 4319434.643, 122
Trd, 4319434.743, 107
Trd, 4319435.043, 61
Trd, 4319435.143, 62
Trd, 4319437.143, 140
Trd, 4319437.243, 140
Trd, 4319438.693, 140
Trd, 4319439.443, 138
Trd, 4319439.793, 117
Trd, 4319440.793, 140
Trd, 4319443.293, 140
Trd, 4319443.543, 140
Trd, 4319444.693, 140
Trd, 4319445.343, 140
Trd, 4319445.693, 138
Trd, 4319448.443, 140
Trd, 4319448.493, 138
Trd, 4319448.693, 99
Trd, 4319449.943, 140
Trd, 4319449.993, 140
Trd, 4319450.743, 126
Trd, 4319451.743, 112
Trd, 4319452.793, 121
Trd, 4319452.893, 136
Trd, 4319454.193, 133
Trd, 4319454.393, 113
Trd, 4319454.793, 93
Trd, 4319454.843, 85
Trd, 4319455.143, 61
Trd, 4319457.093, 140
Trd, 4319457.243, 140
Trd, 4319458.693, 140
Trd, 4319458.843, 139
Trd, 4319458.943, 123
Trd, 4319460.443, 140
Trd, 4319461.093, 140
Trd, 4319462.443, 140
Trd, 4319463.593, 140
Trd, 4319464.943, 140
Trd, 4319465.243, 140
Trd, 4319465.943, 140
Trd, 4319469.593, 140
Trd, 4319469.693, 140
Trd, 4319469.793, 140
Trd, 4319469.993, 140
Trd, 4319471.893, 140
Trd, 4319472.493, 140
Trd, 4319474.743, 140
Trd, 4319475.043, 140
Trd, 4319475.093, 140
Trd, 4319475.343, 140
Trd, 4319476.443, 140
Trd, 4319476.843, 140
Trd, 4319478.643, 140
Trd, 4319479.493, 140
Trd, 4319479.793, 139
Trd, 4319480.093, 139
Trd, 4319481.893, 140
Trd, 4319481.943, 117
Trd, 4319482.193, 71
Trd, 4319484.643, 140
Trd, 4319486.693, 140
Trd, 4319486.943, 140
Trd, 4319487.093, 139
Trd, 4319488.243, 140
Trd, 4319489.243, 140
Trd, 4319489.843, 140
Trd, 4319490.993, 140
Trd, 4319491.943, 140
Trd, 4319492.543, 140
Trd, 4319493.193, 140
Trd, 4319493.993, 140
Trd, 4319494.743, 140
Trd, 4319494.993, 139
Trd, 4319495.043, 122
Trd, 4319495.993, 140
Trd, 4319496.943, 140
Trd, 4319496.993, 139
Trd, 4319498.393, 127
Trd, 4319498.943, 137
Trd, 4319499.393, 76
Trd, 4319499.793, 136
Trd, 4319500.193, 67
Trd, 4319500.243, 138
Trd, 4319502.443, 140
Trd, 4319503.193, 140
Trd, 4319503.543, 139
Trd, 4319503.993, 140
Trd, 4319504.793, 139
Trd, 4319506.343, 139
Trd, 4319507.043, 140
Trd, 4319507.393, 140
Trd, 4319510.993, 140
Trd, 4319511.093, 140
Trd, 4319511.243, 140
Trd, 4319512.993, 140
Trd, 4319513.943, 140
Trd, 4319514.893, 140
Trd, 4319515.143, 140
Trd, 4319515.993, 139
Trd, 4319517.593, 140
Trd, 4319519.193, 140
Trd, 4319519.243, 137
Trd, 4319519.593, 137
Trd, 4319520.593, 140
Trd, 4319521.443, 140
Trd, 4319522.893, 140
Trd, 4319523.043, 139
Trd, 4319525.093, 140
Trd, 4319525.243, 140
Trd, 4319527.193, 140
Trd, 4319527.543, 132
Trd, 4319528.093, 110
Trd, 4319528.143, 109
Trd, 4319528.993, 140
Trd, 4319530.093, 140
Trd, 4319530.643, 140
Trd, 4319532.343, 66
Trd, 4319532.393, 63
Trd, 4319533.893, 140
Trd, 4319534.093, 137
Trd, 4319534.493, 129
Trd, 4319536.193, 140
Trd, 4319536.443, 139
Trd, 4319537.243, 91
Trd, 4319538.843, 130
Trd, 4319538.943, 104
Trd, 4319539.393, 137
Trd, 4319540.693, 140
Trd, 4319541.643, 139
Trd, 4319542.093, 140
Trd, 4319542.693, 140
Trd, 4319543.593, 140
Trd, 4319543.693, 138
Trd, 4319544.993, 127
Trd, 4319545.243, 136
Trd, 4319545.543, 136
Trd, 4319545.793, 139
Trd, 4319546.943, 124
Trd, 4319547.343, 60
Trd, 4319548.943, 61
Trd, 4319549.193, 65
Trd, 4319549.343, 60
Trd, 4319549.843, 60
Trd, 4319550.393, 60
Trd, 4319550.693, 62
Trd, 4319551.193, 77
Trd, 4319551.343, 63
Trd, 4319551.643, 60
Trd, 4319552.543, 71
Trd, 4319553.493, 140
Trd, 4319555.643, 140
Trd, 4319556.143, 140
Trd, 4319556.243, 140
Trd, 4319557.943, 87
Trd, 4319558.143, 139
Trd, 4319558.243, 69
Trd, 4319558.493, 61
Trd, 4319559.143, 116
Trd, 4319560.793, 139
Trd, 4319562.443, 140
Trd, 4319563.243, 140
Trd, 4319563.543, 113
Trd, 4319565.043, 139
Trd, 4319565.743, 140
Trd, 4319567.993, 140
Trd, 4319569.243, 140
Trd, 4319569.293, 140
Trd, 4319569.843, 140
Trd, 4319570.493, 138
Trd, 4319572.193, 140
Trd, 4319572.743, 140
Trd, 4319573.393, 140
Trd, 4319574.693, 140
Trd, 4319575.443, 139
Trd, 4319577.093, 140
Trd, 4319577.243, 140
Trd, 4319577.593, 140
Trd, 4319579.293, 128
Trd, 4319579.393, 138
Trd, 4319579.993, 127
Trd, 4319580.393, 115
Trd, 4319581.893, 61
Trd, 4319582.293, 94
Trd, 4319582.743, 92
Trd, 4319582.943, 129
Trd, 4319583.593, 129
Trd, 4319583.943, 131
Trd, 4319584.243, 131
Trd, 4319584.543, 113
Trd, 4319584.743, 132
Trd, 4319585.793, 107
Trd, 4319586.743, 82
Trd, 4319587.443, 61
Trd, 4319587.593, 62
Trd, 4319588.093, 64
Trd, 4319590.043, 117
Trd, 4319590.343, 140
Trd, 4319590.943, 61
Trd, 4319591.193, 62
Trd, 4319591.243, 64
Trd, 4319592.293, 65
Trd, 4319593.293, 60
Trd, 4319593.593, 60
Trd, 4319594.293, 63
Trd, 4319594.743, 61
Trd, 4319595.493, 62
Trd, 4319596.393, 61
Trd, 4319596.543, 61
Trd, 4319596.643, 63
Trd, 4319597.643, 60
Trd, 4319599.043, 60
Trd, 4319599.193, 62
Trd, 4319600.643, 60
Trd, 4319600.893, 60
Trd, 4319602.143, 60
Trd, 4319602.393, 60
Trd, 4319603.143, 64
Trd, 4319603.193, 67
Trd, 4319604.293, 60
Trd, 4319604.393, 61
Trd, 4319605.143, 62
Trd, 4319606.143, 60
Trd, 4319607.293, 60
Trd, 4319607.643, 60
Trd, 4319607.693, 60
Trd, 4319608.643, 60
Trd, 4319609.043, 60
Trd, 4319610.143, 60
Trd, 4319611.043, 60
Trd, 4319611.243, 62
Trd, 4319611.593, 62
Trd, 4319611.843, 61
Trd, 4319613.943, 64
Trd, 4319614.343, 64
Trd, 4319615.843, 60
Trd, 4319616.143, 60
Trd, 4319617.093, 60
Trd, 4319617.443, 60
Trd, 4319617.943, 64
Trd, 4319618.493, 64
Trd, 4319618.993, 64
Trd, 4319619.643, 62
Trd, 4319621.443, 60
Trd, 4319621.543, 60
Trd, 4319621.693, 60
Trd, 4319622.543, 60
Trd, 4319623.093, 61
Trd, 4319623.293, 60
Trd, 4319623.593, 61
Trd, 4319624.343, 60
Trd, 4319625.843, 60
Trd, 4319625.893, 60
Trd, 4319626.243, 70
Trd, 4319626.993, 60
Trd, 4319627.193, 60
Trd, 4319629.093, 60
Trd, 4319629.343, 60
Trd, 4319629.393, 63
Trd, 4319629.593, 63
Trd, 4319629.793, 61
Trd, 4319631.893, 140
Trd, 4319632.143, 140
Trd, 4319632.193, 140
Trd, 4319632.893, 61
Trd, 4319633.843, 140
Trd, 4319634.443, 140
Trd, 4319636.643, 139
Trd, 4319636.843, 140
Trd, 4319637.143, 123
Trd, 4319638.293, 140
Trd, 4319639.643, 137
Trd, 4319640.493, 92
Trd, 4319642.243, 139
Trd, 4319643.093, 140
Trd, 4319643.443, 139
Trd, 4319644.243, 140
Trd, 4319644.743, 140
Trd, 4319646.443, 140
Trd, 4319647.943, 140
Trd, 4319647.993, 140
Trd, 4319648.093, 122
Trd, 4319648.793, 139
Trd, 4319651.093, 140
Trd, 4319651.293, 128
Trd, 4319651.693, 140
Trd, 4319652.093, 139
Trd, 4319652.693, 140
Trd, 4319653.343, 138
Trd, 4319653.443, 137
Trd, 4319655.543, 140
Trd, 4319657.093, 140
Trd, 4319657.943, 140
Trd, 4319657.993, 139
Trd, 4319658.243, 139
Trd, 4319659.993, 140
Trd, 4319660.193, 138
Trd, 4319661.193, 138
Trd, 4319661.343, 138
Trd, 4319662.193, 139
Trd, 4319663.293, 117
Trd, 4319665.243, 140
Trd, 4319666.343, 140
Trd, 4319666.493, 140
Trd, 4319666.743, 140
Trd, 4319667.193, 140
Trd, 4319667.443, 138
Trd, 4319668.793, 139
Trd, 4319669.443, 138
Trd, 4319669.843, 140
Trd, 4319670.543, 135
Trd, 4319671.143, 106
Trd, 4319672.543, 135
Trd, 4319673.593, 140
Trd, 4319674.243, 140
Trd, 4319675.243, 124
Trd, 4319675.943, 136
Trd, 4319676.493, 118
Trd, 4319676.843, 90
Trd, 4319678.843, 140
Trd, 4319679.893, 140
Trd, 4319681.143, 140
Trd, 4319681.193, 140
Trd, 4319681.743, 139
Trd, 4319683.143, 138
Trd, 4319683.893, 138
Trd, 4319685.943, 140
Trd, 4319686.493, 140
Trd, 4319687.243, 139
Trd, 4319689.793, 140
Trd, 4319690.043, 140
Trd, 4319690.243, 140
Trd, 4319690.293, 140
Trd, 4319690.393, 139
Trd, 4319691.443, 138
Trd, 4319691.943, 140
Trd, 4319693.343, 140
Trd, 4319695.793, 140
Trd, 4319697.193, 139
Trd, 4319697.493, 140
Trd, 4319698.393, 140
Trd, 4319698.693, 140
Trd, 4319700.043, 140
Trd, 4319700.843, 138
Trd, 4319703.543, 140
Trd, 4319704.093, 140
Trd, 4319704.293, 140
Trd, 4319704.993, 136
Trd, 4319706.093, 140
Trd, 4319706.943, 140
Trd, 4319707.693, 123
Trd, 4319708.443, 133
Trd, 4319708.543, 122
Trd, 4319708.593, 102
Trd, 4319709.393, 130
Trd, 4319709.693, 134
Trd, 4319709.743, 117
Trd, 4319710.343, 60
Trd, 4319711.093, 66
Trd, 4319712.693, 140
Trd, 4319713.193, 138
Trd, 4319713.493, 129
Trd, 4319714.993, 140
Trd, 4319715.693, 140
Trd, 4319717.943, 140
Trd, 4319718.143, 97
Trd, 4319718.243, 76
Trd, 4319719.043, 60
Trd, 4319719.393, 60
Trd, 4319719.743, 63
Trd, 4319721.043, 140
Trd, 4319722.393, 62
Trd, 4319723.393, 140
Trd, 4319723.943, 137
Trd, 4319724.343, 140
Trd, 4319724.743, 140
Trd, 4319725.343, 139
Trd, 4319726.893, 140
Trd, 4319727.343, 140
Trd, 4319727.793, 107
Trd, 4319728.943, 89
Trd, 4319730.543, 119
Trd, 4319731.793, 132
Trd, 4319733.843, 140
Trd, 4319734.093, 137
Trd, 4319735.443, 140
Trd, 4319736.093, 140
Trd, 4319736.593, 140
Trd, 4319737.293, 88
Trd, 4319738.543, 140
Trd, 4319739.143, 137
Trd, 4319742.093, 140
Trd, 4319742.593, 140
Trd, 4319742.993, 140
Trd, 4319743.143, 139
Trd, 4319743.843, 138
Trd, 4319744.243, 140
Trd, 4319745.443, 134
Trd, 4319747.743, 140
Trd, 4319748.043, 140
Trd, 4319749.593, 140
Trd, 4319750.343, 140
Trd, 4319751.543, 140
Trd, 4319751.793, 136
Trd, 4319752.243, 137
Trd, 4319752.893, 136
Trd, 4319752.943, 111
Trd, 4319755.143, 116
Trd, 4319755.393, 114
Trd, 4319758.443, 140
Trd, 4319758.543, 140
Trd, 4319758.643, 139
Trd, 4319759.243, 137
Trd, 4319760.793, 140
Trd, 4319761.193, 140
Trd, 4319761.593, 129
Trd, 4319761.793, 140
Trd, 4319762.793, 140
Trd, 4319763.793, 137
Trd, 4319764.693, 60
Trd, 4319765.143, 60
Trd, 4319765.943, 60
Trd, 4319766.043, 60
Trd, 4319766.293, 68
Trd, 4319766.943, 65
Trd, 4319767.593, 70
Trd, 4319769.443, 60
Trd, 4319769.993, 61
Trd, 4319770.093, 61
Trd, 4319770.143, 63
Trd, 4319772.093, 60
Trd, 4319772.343, 60
Trd, 4319774.793, 60
Trd, 4319774.993, 60
Trd, 4319775.243, 60
Trd, 4319775.393, 60
Trd, 4319776.343, 61
Trd, 4319776.893, 60
Trd, 4319777.143, 60
Trd, 4319777.743, 60
Trd, 4319779.243, 60
Trd, 4319779.993, 60
Trd, 4319780.493, 60
Trd, 4319780.543, 60
Trd, 4319781.343, 60
Trd, 4319781.843, 60
Trd, 4319782.543, 60
Trd, 4319783.543, 61
Trd, 4319784.393, 61
Trd, 4319784.643, 62
Trd, 4319784.793, 63
Trd, 4319785.993, 60
Trd, 4319786.443, 60
Trd, 4319786.993, 60
Trd, 4319787.243, 60
Trd, 4319787.493, 60
Trd, 4319788.543, 60
Trd, 4319789.343, 60
Trd, 4319790.943, 60
Trd, 4319791.193, 61
Trd, 4319791.743, 63
Trd, 4319792.043, 60
Trd, 4319792.693, 60
Trd, 4319793.043, 60
Trd, 4319793.343, 61
Trd, 4319794.293, 60
Trd, 4319795.193, 60
Trd, 4319795.293, 60
Trd, 4319797.243, 60
Trd, 4319797.693, 60
Trd, 4319798.993, 61
Trd, 4319799.543, 62
Trd, 4319800.143, 61
Trd, 4319800.193, 62
Trd, 4319800.343, 68
Trd, 4319801.843, 62
Trd, 4319802.643, 61
Trd, 4319802.743, 63
Trd, 4319803.143, 61
Trd, 4319804.593, 138
Trd, 4319804.693, 136
Trd, 4319805.143, 120
Trd, 4319805.643, 64
Trd, 4319806.143, 64
Trd, 4319806.693, 89
Trd, 4319807.593, 62
Trd, 4319807.793, 65
Trd, 4319808.393, 85
Trd, 4319809.543, 62
Trd, 4319810.243, 85
Trd, 4319810.843, 64
Trd, 4319810.993, 85
Trd, 4319812.043, 60
Trd, 4319812.443, 60
Trd, 4319812.493, 61
Trd, 4319813.443, 60
Trd, 4319813.993, 60
Trd, 4319814.343, 64
Trd, 4319814.443, 71
Trd, 4319816.443, 60
Trd, 4319817.743, 60
Trd, 4319818.143, 61
Trd, 4319819.193, 60
Trd, 4319819.693, 60
Trd, 4319819.893, 61
Trd, 4319821.293, 60
Trd, 4319821.993, 140
Trd, 4319822.343, 140
Trd, 4319822.993, 139
Trd, 4319823.243, 137
Trd, 4319824.343, 127
Trd, 4319825.343, 138
Trd, 4319825.643, 139
Trd, 4319826.893, 140
Trd, 4319827.193, 139
Trd, 4319830.643, 140
Trd, 4319830.993, 140
Trd, 4319831.543, 140
Trd, 4319832.243, 140
Trd, 4319833.193, 140
Trd, 4319833.243, 140
Trd, 4319833.543, 139
Trd, 4319833.943, 123
Trd, 4319836.143, 140
Trd, 4319837.293, 139
Trd, 4319837.643, 138
Trd, 4319838.743, 139
Trd, 4319840.193, 139
Trd, 4319840.293, 138
Trd, 4319841.343, 137
Trd, 4319842.943, 140
Trd, 4319843.743, 140
Trd, 4319844.593, 139
Trd, 4319845.893, 140
Trd, 4319847.993, 140
Trd, 4319848.043, 140
Trd, 4319848.293, 140
Trd, 4319848.693, 140
Trd, 4319850.293, 140
Trd, 4319852.993, 140
Trd, 4319853.093, 140
Trd, 4319854.193, 140
Trd, 4319854.493, 140
Trd, 4319854.543, 116
Trd, 4319856.593, 140
Trd, 4319857.693, 140
Trd, 4319858.093, 136
Trd, 4319859.193, 140
Trd, 4319860.493, 138
Trd, 4319860.693, 124
Trd, 4319860.793, 113
Trd, 4319862.193, 137
Trd, 4319863.193, 140
Trd, 4319863.693, 140
Trd, 4319864.193, 139
Trd, 4319865.893, 137
Trd, 4319866.243, 136
Trd, 4319866.843, 140
Trd, 4319867.043, 111
Trd, 4319868.543, 139
Trd, 4319869.243, 60
Trd, 4319869.693, 60
Trd, 4319869.843, 60
Trd, 4319870.243, 60
Trd, 4319870.343, 61
Trd, 4319871.393, 60
Trd, 4319871.893, 61
Trd, 4319872.343, 62
Trd, 4319873.043, 63
Trd, 4319874.243, 60
Trd, 4319874.493, 63
Trd, 4319875.243, 60
Trd, 4319876.243, 60
Trd, 4319876.793, 61
Trd, 4319877.593, 60
Trd, 4319878.593, 60
Trd, 4319878.943, 60
Trd, 4319879.443, 60
Trd, 4319880.593, 60
Trd, 4319880.743, 60
Trd, 4319881.143, 60
Trd, 4319882.543, 60
Trd, 4319883.593, 60
Trd, 4319885.143, 60
Trd, 4319886.243, 60
Trd, 4319887.043, 60
Trd, 4319887.093, 60
Trd, 4319888.243, 64
Trd, 4319888.293, 71
Trd, 4319888.643, 63
Trd, 4319888.693, 65
Trd, 4319889.893, 60
Trd, 4319890.793, 60
Trd, 4319891.293, 60
Trd, 4319891.443, 60
Trd, 4319892.193, 61
Trd, 4319893.743, 60
Trd, 4319893.793, 60
Trd, 4319895.243, 60
Trd, 4319895.493, 62
Trd, 4319896.193, 63
Trd, 4319896.743, 60
Trd, 4319897.993, 60
Trd, 4319899.243, 60
Trd, 4319899.343, 60
Trd, 4319899.593, 60
Trd, 4319900.293, 60
Trd, 4319900.543, 60
Trd, 4319901.643, 60
Trd, 4319901.743, 64
Trd, 4319902.793, 60
Trd, 4319902.993, 63
Trd, 4319904.593, 60
Trd, 4319905.343, 60
Trd, 4319905.593, 60
Trd, 4319907.143, 61
Trd, 4319907.443, 61
Trd, 4319907.643, 61
Trd, 4319908.593, 60
Trd, 4319909.193, 60
Trd, 4319910.043, 60
Trd, 4319910.243, 60
Trd, 4319911.093, 60
Trd, 4319911.393, 64
Trd, 4319912.243, 139
Trd, 4319913.143, 60
Trd, 4319913.393, 60
Trd, 4319914.593, 60
Trd, 4319915.043, 60
Trd, 4319915.693, 64
Trd, 4319916.443, 61
Trd, 4319916.743, 67
Trd, 4319917.893, 140
Trd, 4319918.493, 140
Trd, 4319919.093, 140
Trd, 4319919.893, 140
Trd, 4319920.493, 80
Trd, 4319921.443, 140
Trd, 4319921.693, 139
Trd, 4319922.093, 91
Trd, 4319922.293, 76
Trd, 4319923.543, 93
Trd, 4319924.693, 140
Trd, 4319925.343, 140
Trd, 4319927.193, 140
Trd, 4319928.643, 140
Trd, 4319929.193, 140
Trd, 4319929.443, 140
Trd, 4319931.043, 140
Trd, 4319931.293, 131
Trd, 4319933.993, 140
Trd, 4319934.493, 140
Trd, 4319936.243, 140
Trd, 4319936.293, 140
Trd, 4319936.543, 139
Trd, 4319936.643, 123
Trd, 4319936.943, 87
Trd, 4319937.393, 74
Trd, 4319939.693, 140
Trd, 4319941.143, 140
Trd, 4319941.543, 140
Trd, 4319941.893, 140
Trd, 4319943.993, 140
Trd, 4319945.343, 140
Trd, 4319945.943, 139
Trd, 4319946.943, 133
Trd, 4319947.443, 137
Trd, 4319947.543, 136
Trd, 4319949.443, 140
Trd, 4319949.643, 140
Trd, 4319950.143, 139
Trd, 4319950.743, 140
Trd, 4319951.043, 137
Trd, 4319952.893, 139
Trd, 4319953.743, 138
Trd, 4319954.093, 138
Trd, 4319954.393, 135
Trd, 4319954.693, 64
Trd, 4319955.143, 60
Trd, 4319955.893, 138
Trd, 4319956.243, 139
Trd, 4319957.193, 65
Trd, 4319958.043, 60
Trd, 4319958.543, 60
Trd, 4319958.793, 60
Trd, 4319959.693, 60
Trd, 4319960.743, 60
Trd, 4319960.993, 61
Trd, 4319961.443, 61
Trd, 4319961.793, 63
Trd, 4319961.893, 66
Trd, 4319962.343, 62
Trd, 4319963.943, 139
Trd, 4319964.893, 60
Trd, 4319966.093, 60
Trd, 4319966.843, 60
Trd, 4319967.043, 60
Trd, 4319967.743, 60
Trd, 4319967.793, 61
Trd, 4319968.993, 60
Trd, 4319969.293, 61
Trd, 4319969.493, 62
Trd, 4319969.643, 61
Trd, 4319969.693, 63
Trd, 4319969.743, 68
Trd, 4319970.543, 65
Trd, 4319972.343, 60
Trd, 4319972.993, 60
Trd, 4319974.143, 60
Trd, 4319974.193, 60
Trd, 4319975.043, 60
Trd, 4319975.093, 61
Trd, 4319975.143, 62
Trd, 4319976.393, 60
Trd, 4319977.643, 60
Trd, 4319978.043, 60
Trd, 4319978.343, 64
Trd, 4319979.043, 66
Trd, 4319979.743, 60
Trd, 4319980.243, 60
Trd, 4319980.593, 61
Trd, 4319981.143, 61
Trd, 4319982.243, 62
Trd, 4319982.593, 67
Trd, 4319982.843, 60
Trd, 4319983.643, 66
Trd, 4319985.393, 60
Trd, 4319985.943, 60
Trd, 4319986.293, 60
Trd, 4319988.893, 60
Trd, 4319989.493, 60
Trd, 4319989.643, 60
Trd, 4319989.843, 60
Trd, 4319990.793, 60
Trd, 4319991.793, 60
Trd, 4319992.193, 60
Trd, 4319992.843, 63
Trd, 4319993.393, 63
Trd, 4319994.143, 61
Trd, 4319994.243, 62
Trd, 4319994.593, 63
Trd, 4319994.693, 64
Trd, 4319994.793, 67
Trd, 4319995.043, 61
Trd, 4319996.043, 62
Trd, 4319996.443, 60
Trd, 4319997.393, 62
Trd, 4319997.593, 60
Trd, 4319999.243, 60
Trd, 4319999.943, 60
