Trd, 4318121.543, 104
Trd, 4318124.343, 61
Trd, 4318124.493, 70
Trd, 4318124.693, 65
Trd, 4318125.943, 62
Trd, 4318127.143, 66
Trd, 4318128.693, 72
Trd, 4318129.193, 75
Trd, 4318129.243, 74
Trd, 4318130.493, 107
Trd, 4318131.093, 81
Trd, 4318131.743, 79
Trd, 4318132.143, 81
Trd, 4318133.243, 99
Trd, 4318133.493, 75
Trd, 4318134.543, 129
Trd, 4318136.693, 117
Trd, 4318136.893, 116
Trd, 4318137.243, 113
Trd, 4318137.393, 102
Trd, 4318138.893, 129
Trd, 4318139.593, 103
Trd, 4318139.943, 102
Trd, 4318140.993, 104
Trd, 4318143.393, 123
Trd, 4318143.593, 119
Trd, 4318143.893, 114
Trd, 4318144.043, 109
Trd, 4318144.193, 99
Trd, 4318144.593, 100
Trd, 4318144.693, 99
Trd, 4318145.943, 76
Trd, 4318146.593, 79
Trd, 4318147.193, 76
Trd, 4318148.543, 84
Trd, 4318149.443, 88
Trd, 4318149.943, 130
Trd, 4318150.493, 113
Trd, 4318151.043, 75
Trd, 4318151.293, 95
Trd, 4318152.993, 103
Trd, 4318153.293, 104
Trd, 4318153.993, 87
Trd, 4318154.293, 82
Trd, 4318155.993, 119
Trd, 4318156.443, 113
Trd, 4318156.493, 111
Trd, 4318157.343, 103
Trd, 4318158.343, 137
Trd, 4318158.543, 82
Trd, 4318158.693, 75
Trd, 4318160.543, 64
Trd, 4318161.043, 128
Trd, 4318161.243, 127
Trd, 4318161.543, 121
Trd, 4318163.643, 111
Trd, 4318163.993, 97
Trd, 4318164.193, 90
Trd, 4318166.243, 92
Trd, 4318166.843, 97
Trd, 4318168.143, 80
Trd, 4318168.443, 81
Trd, 4318169.193, 75
Trd, 4318169.593, 75
Trd, 4318169.993, 117
Trd, 4318170.493, 73
Trd, 4318171.393, 66
Trd, 4318171.543, 68
Trd, 4318171.743, 61
Trd, 4318172.843, 62
Trd, 4318173.093, 97
Trd, 4318173.993, 61
Trd, 4318174.893, 98
Trd, 4318174.993, 71
Trd, 4318175.293, 99
Trd, 4318176.293, 68
Trd, 4318176.343, 71
Trd, 4318177.343, 94
Trd, 4318178.343, 63
Trd, 4318179.643, 93
Trd, 4318180.443, 94
Trd, 4318181.343, 97
Trd, 4318181.843, 87
Trd, 4318183.943, 71
Trd, 4318184.043, 70
Trd, 4318184.343, 102
Trd, 4318185.443, 60
Trd, 4318185.793, 62
Trd, 4318187.593, 88
Trd, 4318189.543, 83
Trd, 4318189.593, 85
Trd, 4318189.693, 69
Trd, 4318190.893, 92
Trd, 4318192.043, 87
Trd, 4318192.293, 86
Trd, 4318193.693, 75
Trd, 4318193.943, 86
Trd, 4318194.743, 85
Trd, 4318195.193, 83
Trd, 4318195.543, 86
Trd, 4318196.743, 76
Trd, 4318196.943, 90
Trd, 4318198.593, 101
Trd, 4318198.843, 81
Trd, 4318199.743, 110
Trd, 4318199.993, 80
Trd, 4318200.143, 76
Trd, 4318201.293, 117
Trd, 4318201.593, 88
Trd, 4318201.843, 84
Trd, 4318202.793, 78
Trd, 4318203.393, 82
Trd, 4318204.993, 85
Trd, 4318205.093, 79
Trd, 4318206.193, 80
Trd, 4318206.243, 103
Trd, 4318206.643, 88
Trd, 4318206.943, 87
Trd, 4318207.793, 83
Trd, 4318208.593, 80
Trd, 4318210.193, 120
Trd, 4318210.493, 117
Trd, 4318210.543, 117
Trd, 4318210.693, 105
Trd, 4318210.793, 104
Trd, 4318212.293, 98
Trd, 4318212.693, 92
Trd, 4318213.093, 112
Trd, 4318213.543, 97
Trd, 4318214.293, 100
Trd, 4318215.793, 87
Trd, 4318216.243, 99
Trd, 4318217.193, 120
Trd, 4318217.493, 118
Trd, 4318218.093, 97
Trd, 4318218.943, 119
Trd, 4318219.243, 94
Trd, 4318220.993, 101
Trd, 4318221.243, 88
Trd, 4318222.943, 89
Trd, 4318223.993, 98
Trd, 4318224.293, 82
Trd, 4318224.493, 90
Trd, 4318224.643, 67
Trd, 4318225.693, 74
Trd, 4318226.243, 75
Trd, 4318226.293, 67
Trd, 4318228.043, 100
Trd, 4318228.943, 111
Trd, 4318229.643, 112
Trd, 4318229.793, 111
Trd, 4318230.693, 125
Trd, 4318231.493, 113
Trd, 4318231.693, 99
Trd, 4318232.793, 136
Trd, 4318232.893, 94
Trd, 4318234.493, 84
Trd, 4318235.893, 120
Trd, 4318236.893, 119
Trd, 4318237.293, 115
Trd, 4318237.343, 111
Trd, 4318238.043, 100
Trd, 4318239.243, 93
Trd, 4318239.593, 84
Trd, 4318240.343, 85
Trd, 4318240.543, 93
Trd, 4318242.393, 92
Trd, 4318242.743, 86
Trd, 4318243.843, 79
Trd, 4318244.493, 116
Trd, 4318245.093, 76
Trd, 4318245.743, 85
Trd, 4318246.143, 120
Trd, 4318247.143, 121
Trd, 4318249.143, 107
Trd, 4318249.493, 88
Trd, 4318250.843, 122
Trd, 4318250.993, 124
Trd, 4318251.743, 119
Trd, 4318252.993, 114
Trd, 4318253.593, 116
Trd, 4318253.993, 106
Trd, 4318254.243, 98
Trd, 4318256.043, 107
Trd, 4318256.143, 104
Trd, 4318256.893, 125
Trd, 4318257.193, 117
Trd, 4318257.243, 116
Trd, 4318257.443, 75
Trd, 4318257.743, 118
Trd, 4318260.243, 97
Trd, 4318260.743, 94
Trd, 4318261.043, 93
Trd, 4318262.093, 93
Trd, 4318263.043, 115
Trd, 4318264.693, 120
Trd, 4318265.093, 112
Trd, 4318266.343, 106
Trd, 4318267.143, 98
Trd, 4318267.193, 86
Trd, 4318268.443, 60
Trd, 4318269.843, 68
Trd, 4318270.943, 126
Trd, 4318271.193, 130
Trd, 4318272.743, 115
Trd, 4318273.993, 111
Trd, 4318274.593, 107
Trd, 4318274.893, 102
Trd, 4318275.293, 101
Trd, 4318276.193, 92
Trd, 4318276.593, 85
Trd, 4318277.493, 88
Trd, 4318277.743, 87
Trd, 4318278.693, 103
Trd, 4318278.943, 100
Trd, 4318279.343, 89
Trd, 4318279.893, 83
Trd, 4318280.593, 110
Trd, 4318280.993, 97
Trd, 4318282.393, 76
Trd, 4318282.643, 69
Trd, 4318282.843, 67
Trd, 4318285.893, 104
Trd, 4318286.193, 70
Trd, 4318287.293, 60
Trd, 4318288.043, 61
Trd, 4318289.243, 64
Trd, 4318289.793, 68
Trd, 4318290.993, 82
Trd, 4318291.293, 82
Trd, 4318291.593, 81
Trd, 4318291.643, 79
Trd, 4318292.743, 81
Trd, 4318293.243, 79
Trd, 4318294.243, 117
Trd, 4318294.293, 110
Trd, 4318295.143, 94
Trd, 4318296.243, 65
Trd, 4318296.393, 61
Trd, 4318296.943, 103
Trd, 4318297.993, 86
Trd, 4318299.893, 112
Trd, 4318299.943, 102
Trd, 4318300.443, 76
Trd, 4318300.643, 76
Trd, 4318301.143, 80
Trd, 4318301.593, 83
Trd, 4318301.993, 88
Trd, 4318302.543, 79
Trd, 4318303.993, 122
Trd, 4318304.843, 121
Trd, 4318304.893, 109
Trd, 4318305.643, 99
Trd, 4318306.693, 102
Trd, 4318306.843, 97
Trd, 4318307.793, 92
Trd, 4318308.293, 105
Trd, 4318309.493, 122
Trd, 4318309.593, 121
Trd, 4318310.043, 115
Trd, 4318312.193, 68
Trd, 4318312.243, 65
Trd, 4318312.443, 89
Trd, 4318313.893, 101
Trd, 4318314.093, 69
Trd, 4318314.793, 110
Trd, 4318315.043, 110
Trd, 4318316.643, 120
Trd, 4318316.993, 114
Trd, 4318317.293, 111
Trd, 4318317.343, 105
Trd, 4318317.993, 136
Trd, 4318318.193, 117
Trd, 4318318.693, 111
Trd, 4318319.343, 108
Trd, 4318321.193, 111
Trd, 4318321.293, 110
Trd, 4318322.443, 123
Trd, 4318323.493, 134
Trd, 4318323.843, 119
Trd, 4318324.243, 118
Trd, 4318324.393, 109
Trd, 4318324.993, 103
Trd, 4318326.943, 107
Trd, 4318327.043, 106
Trd, 4318327.543, 106
Trd, 4318327.943, 105
Trd, 4318327.993, 93
Trd, 4318330.193, 78
Trd, 4318330.793, 95
Trd, 4318331.943, 70
Trd, 4318332.143, 74
Trd, 4318332.893, 91
Trd, 4318333.143, 91
Trd, 4318333.693, 101
Trd, 4318334.793, 100
Trd, 4318334.943, 95
Trd, 4318335.993, 77
Trd, 4318336.393, 74
Trd, 4318337.493, 60
Trd, 4318337.993, 64
Trd, 4318338.043, 99
Trd, 4318339.293, 65
Trd, 4318339.843, 135
Trd, 4318339.943, 91
Trd, 4318341.043, 102
Trd, 4318341.243, 98
Trd, 4318342.443, 89
Trd, 4318342.743, 87
Trd, 4318342.993, 84
Trd, 4318343.093, 82
Trd, 4318344.043, 81
Trd, 4318344.593, 78
Trd, 4318344.793, 74
Trd, 4318345.993, 74
Trd, 4318346.843, 122
Trd, 4318348.143, 88
Trd, 4318349.393, 63
Trd, 4318349.743, 64
Trd, 4318349.893, 97
Trd, 4318350.443, 93
Trd, 4318352.343, 64
Trd, 4318353.743, 60
Trd, 4318355.393, 68
Trd, 4318355.793, 82
Trd, 4318356.993, 61
Trd, 4318357.493, 62
Trd, 4318357.743, 71
Trd, 4318357.993, 77
Trd, 4318358.893, 66
Trd, 4318359.143, 119
Trd, 4318360.943, 78
Trd, 4318361.393, 88
Trd, 4318361.793, 62
Trd, 4318363.293, 80
Trd, 4318363.393, 104
Trd, 4318363.443, 79
Trd, 4318363.693, 111
Trd, 4318363.793, 74
Trd, 4318364.743, 79
Trd, 4318366.143, 119
Trd, 4318366.743, 133
Trd, 4318368.143, 111
Trd, 4318368.393, 100
Trd, 4318368.643, 98
Trd, 4318369.893, 101
Trd, 4318370.043, 97
Trd, 4318370.793, 129
Trd, 4318370.943, 95
Trd, 4318371.193, 91
Trd, 4318371.593, 87
Trd, 4318374.493, 104
Trd, 4318374.893, 102
Trd, 4318375.843, 110
Trd, 4318376.943, 112
Trd, 4318377.193, 109
Trd, 4318378.343, 106
Trd, 4318378.693, 105
Trd, 4318380.343, 121
Trd, 4318381.193, 105
Trd, 4318381.343, 103
Trd, 4318382.093, 121
Trd, 4318382.293, 98
Trd, 4318382.743, 85
Trd, 4318383.243, 68
Trd, 4318384.143, 72
Trd, 4318384.243, 65
Trd, 4318385.793, 74
Trd, 4318385.943, 72
Trd, 4318386.543, 69
Trd, 4318388.843, 61
Trd, 4318391.293, 60
Trd, 4318391.843, 62
Trd, 4318392.243, 68
Trd, 4318392.643, 77
Trd, 4318393.793, 63
Trd, 4318394.593, 78
Trd, 4318394.893, 83
Trd, 4318395.093, 93
Trd, 4318395.543, 80
Trd, 4318395.893, 99
Trd, 4318398.293, 104
Trd, 4318398.443, 102
Trd, 4318399.193, 92
Trd, 4318399.293, 92
Trd, 4318399.693, 109
Trd, 4318400.193, 80
Trd, 4318402.193, 71
Trd, 4318403.193, 101
Trd, 4318403.293, 90
Trd, 4318403.493, 72
Trd, 4318404.493, 80
Trd, 4318405.143, 83
Trd, 4318405.243, 80
Trd, 4318407.793, 65
Trd, 4318408.143, 71
Trd, 4318409.893, 92
Trd, 4318410.093, 95
Trd, 4318410.643, 126
Trd, 4318410.693, 120
Trd, 4318410.843, 91
Trd, 4318411.343, 69
Trd, 4318411.893, 72
Trd, 4318414.243, 112
Trd, 4318414.343, 93
Trd, 4318415.093, 110
Trd, 4318415.843, 86
Trd, 4318415.993, 78
Trd, 4318416.593, 66
Trd, 4318416.943, 112
Trd, 4318418.093, 76
Trd, 4318418.293, 113
Trd, 4318420.043, 63
Trd, 4318420.943, 71
Trd, 4318421.143, 64
Trd, 4318422.193, 115
Trd, 4318422.793, 108
Trd, 4318423.043, 97
Trd, 4318424.193, 107
Trd, 4318424.293, 104
Trd, 4318424.593, 95
Trd, 4318425.343, 98
Trd, 4318426.143, 97
Trd, 4318426.643, 89
Trd, 4318427.743, 77
Trd, 4318428.043, 67
Trd, 4318428.543, 113
Trd, 4318430.443, 125
Trd, 4318430.793, 115
Trd, 4318430.943, 101
Trd, 4318432.343, 92
Trd, 4318432.843, 114
Trd, 4318433.643, 91
Trd, 4318434.593, 86
Trd, 4318434.993, 131
Trd, 4318435.243, 115
Trd, 4318435.993, 83
Trd, 4318438.693, 61
Trd, 4318438.793, 64
Trd, 4318439.393, 62
Trd, 4318439.743, 86
Trd, 4318440.443, 61
Trd, 4318440.993, 61
Trd, 4318441.543, 67
Trd, 4318442.693, 70
Trd, 4318443.243, 93
Trd, 4318445.593, 84
Trd, 4318445.643, 94
Trd, 4318446.843, 66
Trd, 4318447.493, 70
Trd, 4318447.693, 103
Trd, 4318448.093, 66
Trd, 4318448.843, 89
Trd, 4318449.843, 87
Trd, 4318450.793, 84
Trd, 4318451.743, 106
Trd, 4318451.943, 104
Trd, 4318452.493, 78
Trd, 4318453.793, 66
Trd, 4318453.993, 66
Trd, 4318454.193, 65
Trd, 4318455.493, 61
Trd, 4318456.893, 92
Trd, 4318457.393, 79
Trd, 4318457.493, 76
Trd, 4318460.393, 93
Trd, 4318460.943, 134
Trd, 4318461.543, 98
Trd, 4318462.593, 74
Trd, 4318462.943, 80
Trd, 4318463.043, 67
Trd, 4318465.043, 102
Trd, 4318465.443, 81
Trd, 4318465.493, 80
Trd, 4318465.593, 66
Trd, 4318465.693, 65
Trd, 4318466.743, 66
Trd, 4318468.193, 68
Trd, 4318468.593, 100
Trd, 4318469.143, 77
Trd, 4318470.043, 129
Trd, 4318470.743, 127
Trd, 4318470.993, 114
Trd, 4318472.443, 60
Trd, 4318472.793, 61
Trd, 4318474.593, 60
Trd, 4318474.943, 64
Trd, 4318475.843, 78
Trd, 4318476.043, 99
Trd, 4318476.793, 68
Trd, 4318476.893, 79
Trd, 4318477.393, 116
Trd, 4318478.743, 100
Trd, 4318478.843, 99
Trd, 4318479.243, 93
Trd, 4318479.993, 121
Trd, 4318480.193, 93
Trd, 4318480.543, 91
Trd, 4318483.743, 113
Trd, 4318484.093, 113
Trd, 4318484.293, 111
Trd, 4318484.393, 101
Trd, 4318485.293, 85
Trd, 4318485.543, 112
Trd, 4318485.643, 76
Trd, 4318486.043, 103
Trd, 4318486.843, 78
Trd, 4318488.293, 60
Trd, 4318488.693, 61
Trd, 4318490.893, 67
Trd, 4318491.293, 104
Trd, 4318491.993, 62
Trd, 4318492.143, 62
Trd, 4318493.193, 62
Trd, 4318494.393, 60
Trd, 4318494.843, 71
Trd, 4318495.893, 79
Trd, 4318498.143, 68
Trd, 4318498.493, 66
Trd, 4318498.793, 75
Trd, 4318500.843, 61
Trd, 4318501.643, 64
Trd, 4318501.693, 67
Trd, 4318502.393, 60
Trd, 4318504.193, 61
Trd, 4318504.743, 67
Trd, 4318505.043, 87
Trd, 4318506.593, 64
Trd, 4318506.843, 73
Trd, 4318507.343, 69
Trd, 4318508.043, 70
Trd, 4318508.443, 109
Trd, 4318508.593, 98
Trd, 4318509.543, 109
Trd, 4318509.893, 96
Trd, 4318510.293, 104
Trd, 4318510.793, 95
Trd, 4318511.043, 80
Trd, 4318511.843, 97
Trd, 4318514.543, 100
Trd, 4318515.593, 101
Trd, 4318515.693, 98
Trd, 4318515.793, 93
Trd, 4318516.493, 89
Trd, 4318517.443, 85
Trd, 4318517.843, 119
Trd, 4318517.993, 93
Trd, 4318518.143, 92
Trd, 4318518.243, 84
Trd, 4318519.643, 103
Trd, 4318520.043, 122
Trd, 4318520.993, 101
Trd, 4318522.443, 60
Trd, 4318523.243, 62
Trd, 4318523.943, 69
Trd, 4318524.643, 75
Trd, 4318524.943, 86
Trd, 4318525.193, 65
Trd, 4318527.343, 110
Trd, 4318527.993, 108
Trd, 4318529.593, 65
Trd, 4318530.293, 66
Trd, 4318530.843, 67
Trd, 4318532.293, 104
Trd, 4318532.443, 103
Trd, 4318532.893, 96
Trd, 4318533.343, 89
Trd, 4318534.443, 89
Trd, 4318534.493, 86
Trd, 4318534.993, 113
Trd, 4318536.543, 101
Trd, 4318537.093, 99
Trd, 4318537.893, 101
Trd, 4318538.193, 125
Trd, 4318538.343, 98
Trd, 4318538.393, 89
Trd, 4318539.493, 97
Trd, 4318539.993, 93
Trd, 4318540.443, 103
Trd, 4318540.643, 128
Trd, 4318540.693, 71
Trd, 4318543.943, 117
Trd, 4318543.993, 116
Trd, 4318544.293, 90
Trd, 4318545.393, 95
Trd, 4318545.643, 85
Trd, 4318546.243, 94
Trd, 4318546.393, 90
Trd, 4318546.693, 95
Trd, 4318548.493, 68
Trd, 4318549.493, 70
Trd, 4318549.843, 75
Trd, 4318552.043, 104
Trd, 4318552.093, 100
Trd, 4318552.243, 89
Trd, 4318553.393, 101
Trd, 4318554.243, 115
Trd, 4318556.093, 99
Trd, 4318556.493, 116
Trd, 4318556.643, 107
Trd, 4318557.293, 117
Trd, 4318557.393, 102
Trd, 4318558.043, 98
Trd, 4318558.893, 122
Trd, 4318559.843, 115
Trd, 4318559.943, 114
Trd, 4318560.093, 101
Trd, 4318560.193, 97
Trd, 4318563.043, 114
Trd, 4318563.393, 109
Trd, 4318564.543, 102
Trd, 4318565.693, 125
Trd, 4318565.943, 113
Trd, 4318566.743, 60
Trd, 4318566.843, 83
Trd, 4318568.193, 119
Trd, 4318568.293, 111
Trd, 4318568.343, 106
Trd, 4318568.793, 88
Trd, 4318569.643, 96
Trd, 4318570.843, 78
Trd, 4318571.243, 84
Trd, 4318571.543, 77
Trd, 4318571.893, 125
Trd, 4318574.893, 61
Trd, 4318575.093, 69
Trd, 4318576.243, 63
Trd, 4318576.343, 95
Trd, 4318577.593, 95
Trd, 4318577.843, 101
Trd, 4318578.593, 96
Trd, 4318580.143, 97
Trd, 4318580.493, 95
Trd, 4318580.843, 88
Trd, 4318581.243, 62
Trd, 4318582.693, 60
Trd, 4318583.393, 121
Trd, 4318584.793, 115
Trd, 4318585.193, 110
Trd, 4318585.843, 99
Trd, 4318587.493, 82
Trd, 4318587.993, 97
Trd, 4318588.043, 80
Trd, 4318590.393, 112
Trd, 4318591.493, 112
Trd, 4318591.543, 96
Trd, 4318591.593, 93
Trd, 4318591.793, 65
Trd, 4318592.943, 81
Trd, 4318593.193, 77
Trd, 4318594.593, 62
Trd, 4318595.893, 72
Trd, 4318596.693, 69
Trd, 4318596.993, 89
Trd, 4318597.843, 64
Trd, 4318598.343, 65
Trd, 4318598.443, 67
Trd, 4318598.593, 64
Trd, 4318599.793, 62
Trd, 4318600.093, 80
Trd, 4318602.343, 61
Trd, 4318602.393, 62
Trd, 4318604.393, 81
Trd, 4318604.443, 78
Trd, 4318606.143, 87
Trd, 4318606.343, 77
Trd, 4318607.743, 92
Trd, 4318608.143, 85
Trd, 4318608.293, 83
Trd, 4318608.793, 103
Trd, 4318609.043, 92
Trd, 4318609.143, 86
Trd, 4318610.193, 81
Trd, 4318610.343, 108
Trd, 4318611.793, 121
Trd, 4318612.243, 83
Trd, 4318612.793, 75
Trd, 4318612.893, 71
Trd, 4318615.343, 83
Trd, 4318615.993, 106
Trd, 4318616.043, 80
Trd, 4318616.093, 73
Trd, 4318617.093, 78
Trd, 4318617.393, 84
Trd, 4318618.143, 68
Trd, 4318618.993, 65
Trd, 4318619.443, 97
Trd, 4318620.593, 61
Trd, 4318621.943, 79
Trd, 4318622.543, 77
Trd, 4318622.843, 98
Trd, 4318622.893, 76
Trd, 4318623.243, 91
Trd, 4318624.943, 94
Trd, 4318625.243, 102
Trd, 4318626.843, 117
Trd, 4318627.343, 139
Trd, 4318627.493, 101
Trd, 4318628.093, 89
Trd, 4318628.893, 80
Trd, 4318628.993, 79
Trd, 4318629.993, 117
Trd, 4318630.693, 117
Trd, 4318631.443, 138
Trd, 4318634.143, 106
Trd, 4318634.893, 105
Trd, 4318635.193, 120
Trd, 4318636.343, 112
Trd, 4318636.393, 107
Trd, 4318637.443, 105
Trd, 4318637.643, 101
Trd, 4318639.343, 102
Trd, 4318639.993, 101
Trd, 4318640.343, 104
Trd, 4318640.743, 96
Trd, 4318641.143, 108
Trd, 4318642.593, 114
Trd, 4318642.993, 111
Trd, 4318643.143, 110
Trd, 4318643.593, 88
Trd, 4318644.243, 121
Trd, 4318645.143, 60
Trd, 4318645.343, 63
Trd, 4318645.993, 61
Trd, 4318647.693, 73
Trd, 4318647.843, 72
Trd, 4318648.643, 91
Trd, 4318648.693, 86
Trd, 4318649.143, 106
Trd, 4318651.293, 61
Trd, 4318651.343, 72
Trd, 4318653.043, 62
Trd, 4318654.393, 61
Trd, 4318655.093, 71
Trd, 4318655.543, 86
Trd, 4318656.693, 80
Trd, 4318657.093, 78
Trd, 4318657.193, 74
Trd, 4318659.043, 105
Trd, 4318659.543, 95
Trd, 4318660.193, 93
Trd, 4318660.393, 93
Trd, 4318661.843, 91
Trd, 4318662.043, 81
Trd, 4318663.893, 62
Trd, 4318664.693, 72
Trd, 4318664.843, 81
Trd, 4318665.793, 126
Trd, 4318666.443, 111
Trd, 4318666.693, 106
Trd, 4318667.193, 76
Trd, 4318668.593, 100
Trd, 4318668.793, 77
Trd, 4318669.443, 90
Trd, 4318669.493, 89
Trd, 4318670.543, 99
Trd, 4318670.793, 87
Trd, 4318671.743, 107
Trd, 4318672.593, 81
Trd, 4318672.893, 83
Trd, 4318673.143, 75
Trd, 4318673.743, 130
Trd, 4318674.343, 87
Trd, 4318674.943, 62
Trd, 4318675.393, 61
Trd, 4318676.093, 79
Trd, 4318676.343, 60
Trd, 4318677.443, 66
Trd, 4318678.243, 81
Trd, 4318678.593, 72
Trd, 4318679.943, 83
Trd, 4318679.993, 75
Trd, 4318681.193, 64
Trd, 4318681.693, 70
Trd, 4318682.243, 71
Trd, 4318682.593, 71
Trd, 4318682.643, 106
Trd, 4318683.193, 63
Trd, 4318683.793, 66
Trd, 4318685.143, 128
Trd, 4318685.693, 97
Trd, 4318685.843, 88
Trd, 4318687.093, 78
Trd, 4318687.993, 60
Trd, 4318689.743, 83
Trd, 4318689.843, 106
Trd, 4318690.943, 61
Trd, 4318691.293, 62
Trd, 4318691.593, 88
Trd, 4318692.143, 77
Trd, 4318693.743, 74
Trd, 4318694.693, 77
Trd, 4318695.843, 70
Trd, 4318695.893, 69
Trd, 4318696.243, 64
Trd, 4318697.443, 79
Trd, 4318698.443, 82
Trd, 4318698.543, 88
Trd, 4318698.593, 68
Trd, 4318698.793, 66
Trd, 4318700.593, 75
Trd, 4318701.843, 70
Trd, 4318702.543, 78
Trd, 4318703.343, 76
Trd, 4318703.593, 89
Trd, 4318704.243, 72
Trd, 4318704.443, 69
Trd, 4318705.793, 109
Trd, 4318706.043, 108
Trd, 4318706.093, 95
Trd, 4318706.543, 78
Trd, 4318706.843, 71
Trd, 4318708.543, 62
Trd, 4318709.343, 91
Trd, 4318709.893, 94
Trd, 4318710.993, 62
Trd, 4318711.343, 63
Trd, 4318711.893, 62
Trd, 4318712.193, 70
Trd, 4318713.193, 120
Trd, 4318714.143, 72
Trd, 4318714.493, 107
Trd, 4318714.893, 99
Trd, 4318714.943, 96
Trd, 4318716.043, 96
Trd, 4318716.893, 77
Trd, 4318718.793, 91
Trd, 4318719.093, 89
Trd, 4318719.193, 81
Trd, 4318720.443, 111
Trd, 4318720.743, 108
Trd, 4318722.243, 102
Trd, 4318722.693, 99
Trd, 4318725.093, 116
Trd, 4318725.143, 115
Trd, 4318725.643, 108
Trd, 4318725.693, 102
Trd, 4318726.043, 94
Trd, 4318728.193, 140
Trd, 4318728.243, 140
Trd, 4318728.493, 98
Trd, 4318728.593, 97
Trd, 4318729.593, 90
Trd, 4318730.543, 94
Trd, 4318730.793, 98
Trd, 4318731.493, 92
Trd, 4318731.693, 86
Trd, 4318731.793, 84
Trd, 4318733.643, 60
Trd, 4318735.293, 70
Trd, 4318735.743, 92
Trd, 4318736.393, 66
Trd, 4318736.543, 62
Trd, 4318736.693, 115
Trd, 4318737.893, 73
Trd, 4318738.543, 95
Trd, 4318739.793, 89
Trd, 4318740.093, 78
Trd, 4318740.843, 88
Trd, 4318742.093, 87
Trd, 4318742.793, 82
Trd, 4318742.843, 81
Trd, 4318743.393, 82
Trd, 4318744.693, 61
Trd, 4318745.743, 77
Trd, 4318745.793, 65
Trd, 4318747.043, 114
Trd, 4318747.593, 61
Trd, 4318749.143, 100
Trd, 4318749.543, 70
Trd, 4318750.543, 72
Trd, 4318751.093, 100
Trd, 4318751.843, 95
Trd, 4318752.093, 94
Trd, 4318752.343, 92
Trd, 4318753.343, 126
Trd, 4318754.643, 137
Trd, 4318754.893, 128
Trd, 4318756.693, 130
Trd, 4318756.893, 122
Trd, 4318757.243, 115
Trd, 4318757.543, 111
Trd, 4318758.593, 104
Trd, 4318758.993, 106
Trd, 4318760.543, 106
Trd, 4318760.643, 84
Trd, 4318761.243, 78
Trd, 4318761.393, 71
Trd, 4318762.343, 119
Trd, 4318763.093, 118
Trd, 4318764.193, 128
Trd, 4318764.593, 125
Trd, 4318764.993, 113
Trd, 4318765.293, 103
Trd, 4318765.593, 96
Trd, 4318766.893, 96
Trd, 4318767.543, 87
Trd, 4318767.943, 87
Trd, 4318768.643, 89
Trd, 4318770.443, 86
Trd, 4318771.043, 86
Trd, 4318771.693, 75
Trd, 4318771.793, 107
Trd, 4318771.843, 71
Trd, 4318772.343, 68
Trd, 4318772.393, 65
Trd, 4318773.143, 80
Trd, 4318774.193, 69
Trd, 4318775.843, 61
Trd, 4318776.793, 62
Trd, 4318777.443, 82
Trd, 4318777.793, 80
Trd, 4318777.843, 87
Trd, 4318779.543, 72
Trd, 4318780.343, 133
Trd, 4318780.543, 69
Trd, 4318780.643, 65
Trd, 4318781.443, 63
Trd, 4318782.643, 115
Trd, 4318783.543, 115
Trd, 4318784.443, 104
Trd, 4318784.543, 103
Trd, 4318784.943, 102
Trd, 4318785.893, 101
Trd, 4318786.593, 128
Trd, 4318786.993, 85
Trd, 4318787.143, 82
Trd, 4318787.843, 76
Trd, 4318788.293, 72
Trd, 4318788.543, 73
Trd, 4318789.543, 68
Trd, 4318790.993, 63
Trd, 4318791.793, 60
Trd, 4318792.443, 60
Trd, 4318793.243, 93
Trd, 4318793.693, 92
Trd, 4318793.793, 91
Trd, 4318794.093, 125
Trd, 4318794.443, 110
Trd, 4318795.043, 100
Trd, 4318796.443, 87
Trd, 4318797.393, 79
Trd, 4318797.593, 108
Trd, 4318797.993, 103
Trd, 4318798.243, 102
Trd, 4318798.843, 108
Trd, 4318800.793, 102
Trd, 4318801.293, 70
Trd, 4318801.743, 76
Trd, 4318802.293, 81
Trd, 4318802.543, 77
Trd, 4318802.793, 69
Trd, 4318803.443, 91
Trd, 4318803.543, 76
Trd, 4318803.993, 75
Trd, 4318804.393, 68
Trd, 4318807.743, 89
Trd, 4318808.243, 84
Trd, 4318809.443, 120
Trd, 4318809.593, 119
Trd, 4318809.793, 72
Trd, 4318810.143, 71
Trd, 4318810.393, 71
Trd, 4318810.493, 72
Trd, 4318812.393, 99
Trd, 4318813.143, 72
Trd, 4318814.343, 105
Trd, 4318814.493, 92
Trd, 4318814.893, 106
Trd, 4318814.993, 88
Trd, 4318815.643, 92
Trd, 4318815.843, 88
Trd, 4318816.143, 133
Trd, 4318819.243, 81
Trd, 4318820.093, 86
Trd, 4318820.143, 84
Trd, 4318820.243, 80
Trd, 4318820.843, 83
Trd, 4318821.393, 105
Trd, 4318822.593, 84
Trd, 4318823.393, 82
Trd, 4318823.443, 75
Trd, 4318825.743, 99
Trd, 4318826.443, 105
Trd, 4318826.743, 104
Trd, 4318826.943, 104
Trd, 4318828.243, 130
Trd, 4318829.643, 89
Trd, 4318829.943, 82
Trd, 4318830.293, 81
Trd, 4318830.693, 119
Trd, 4318831.043, 90
Trd, 4318831.643, 62
Trd, 4318832.043, 64
Trd, 4318834.593, 121
Trd, 4318834.643, 115
Trd, 4318834.993, 108
Trd, 4318835.043, 107
Trd, 4318835.143, 104
Trd, 4318835.843, 103
Trd, 4318835.943, 101
Trd, 4318837.643, 88
Trd, 4318838.643, 113
Trd, 4318839.193, 91
Trd, 4318839.443, 88
Trd, 4318840.993, 94
Trd, 4318841.643, 110
Trd, 4318842.393, 99
Trd, 4318842.443, 97
Trd, 4318842.943, 91
Trd, 4318843.343, 84
Trd, 4318844.943, 112
Trd, 4318847.143, 134
Trd, 4318847.643, 119
Trd, 4318847.693, 117
Trd, 4318848.943, 119
Trd, 4318849.293, 127
Trd, 4318850.043, 108
Trd, 4318850.343, 113
Trd, 4318851.593, 100
Trd, 4318851.893, 125
Trd, 4318852.643, 133
Trd, 4318853.343, 113
Trd, 4318854.093, 100
Trd, 4318855.993, 109
Trd, 4318856.293, 99
Trd, 4318857.543, 109
Trd, 4318857.643, 106
Trd, 4318858.843, 92
Trd, 4318859.543, 116
Trd, 4318859.693, 111
Trd, 4318861.193, 82
Trd, 4318861.243, 80
Trd, 4318861.443, 97
Trd, 4318861.593, 68
Trd, 4318861.843, 60
Trd, 4318863.043, 76
Trd, 4318864.093, 100
Trd, 4318864.343, 93
Trd, 4318865.443, 65
Trd, 4318866.593, 63
Trd, 4318866.743, 62
Trd, 4318867.893, 63
Trd, 4318867.993, 73
Trd, 4318868.843, 81
Trd, 4318869.193, 63
Trd, 4318869.943, 97
Trd, 4318871.593, 84
Trd, 4318872.143, 83
Trd, 4318872.343, 84
Trd, 4318873.493, 96
Trd, 4318873.793, 88
Trd, 4318873.843, 87
Trd, 4318874.243, 84
Trd, 4318874.843, 80
Trd, 4318875.843, 64
Trd, 4318876.343, 60
Trd, 4318877.893, 129
Trd, 4318878.143, 128
Trd, 4318878.843, 113
Trd, 4318879.443, 112
Trd, 4318879.643, 107
Trd, 4318879.843, 128
Trd, 4318880.893, 109
Trd, 4318882.443, 109
Trd, 4318882.543, 103
Trd, 4318882.693, 115
Trd, 4318882.993, 91
Trd, 4318883.593, 64
Trd, 4318884.793, 62
Trd, 4318885.443, 68
Trd, 4318886.543, 75
Trd, 4318886.593, 73
Trd, 4318887.193, 86
Trd, 4318887.493, 73
Trd, 4318887.993, 68
Trd, 4318888.993, 77
Trd, 4318889.393, 77
Trd, 4318890.093, 72
Trd, 4318891.743, 62
Trd, 4318892.143, 60
Trd, 4318892.943, 63
Trd, 4318894.593, 98
Trd, 4318894.693, 81
Trd, 4318895.143, 71
Trd, 4318895.793, 79
Trd, 4318896.993, 101
Trd, 4318897.193, 82
Trd, 4318897.743, 86
Trd, 4318898.493, 82
Trd, 4318898.943, 93
Trd, 4318899.393, 78
Trd, 4318899.693, 93
Trd, 4318900.293, 96
Trd, 4318901.293, 91
Trd, 4318902.393, 96
Trd, 4318902.893, 87
Trd, 4318903.343, 104
Trd, 4318903.393, 86
Trd, 4318903.943, 84
Trd, 4318904.343, 94
Trd, 4318904.943, 96
Trd, 4318906.443, 81
Trd, 4318907.093, 135
Trd, 4318907.593, 114
Trd, 4318908.193, 88
Trd, 4318908.793, 115
Trd, 4318908.893, 114
Trd, 4318909.943, 64
Trd, 4318911.543, 98
Trd, 4318911.943, 96
Trd, 4318912.393, 94
Trd, 4318913.293, 99
Trd, 4318913.643, 104
Trd, 4318914.043, 92
Trd, 4318914.943, 90
Trd, 4318915.043, 87
Trd, 4318917.593, 97
Trd, 4318917.793, 96
Trd, 4318917.943, 95
Trd, 4318919.293, 101
Trd, 4318919.443, 74
Trd, 4318920.443, 90
Trd, 4318920.993, 89
Trd, 4318921.943, 99
Trd, 4318922.793, 94
Trd, 4318923.243, 93
Trd, 4318923.393, 95
Trd, 4318923.443, 90
Trd, 4318923.743, 72
Trd, 4318926.543, 128
Trd, 4318926.743, 117
Trd, 4318927.493, 109
Trd, 4318927.743, 90
Trd, 4318928.543, 84
Trd, 4318928.643, 82
Trd, 4318929.743, 115
Trd, 4318929.843, 89
Trd, 4318930.143, 78
Trd, 4318930.493, 66
Trd, 4318930.693, 83
Trd, 4318932.543, 76
Trd, 4318935.843, 61
Trd, 4318935.893, 71
Trd, 4318936.243, 94
Trd, 4318937.343, 97
Trd, 4318938.193, 97
Trd, 4318938.243, 96
Trd, 4318939.093, 91
Trd, 4318939.193, 80
Trd, 4318940.293, 69
Trd, 4318941.943, 73
Trd, 4318942.043, 77
Trd, 4318942.493, 78
Trd, 4318942.743, 66
Trd, 4318942.793, 64
Trd, 4318944.593, 78
Trd, 4318945.793, 70
Trd, 4318946.443, 73
Trd, 4318947.843, 90
Trd, 4318948.143, 87
Trd, 4318949.043, 85
Trd, 4318949.943, 75
Trd, 4318950.543, 135
Trd, 4318950.943, 92
Trd, 4318952.193, 72
Trd, 4318952.943, 74
Trd, 4318954.343, 81
Trd, 4318954.543, 103
Trd, 4318954.893, 79
Trd, 4318956.143, 81
Trd, 4318956.743, 82
Trd, 4318957.043, 79
Trd, 4318957.193, 72
Trd, 4318957.793, 83
Trd, 4318958.643, 114
Trd, 4318959.893, 140
Trd, 4318960.893, 101
Trd, 4318960.943, 94
Trd, 4318961.343, 91
Trd, 4318963.343, 65
Trd, 4318963.693, 76
Trd, 4318964.593, 72
Trd, 4318965.193, 81
Trd, 4318965.893, 72
Trd, 4318965.943, 116
Trd, 4318967.193, 80
Trd, 4318967.543, 91
Trd, 4318968.093, 136
Trd, 4318968.193, 78
Trd, 4318969.743, 109
Trd, 4318969.843, 107
Trd, 4318970.493, 109
Trd, 4318970.593, 101
Trd, 4318970.943, 109
Trd, 4318972.843, 130
Trd, 4318974.193, 119
Trd, 4318974.743, 105
Trd, 4318974.993, 102
Trd, 4318975.393, 99
Trd, 4318975.443, 90
Trd, 4318976.843, 76
Trd, 4318977.343, 60
Trd, 4318978.393, 60
Trd, 4318979.143, 75
Trd, 4318979.243, 89
Trd, 4318980.243, 83
Trd, 4318980.793, 83
Trd, 4318980.843, 94
Trd, 4318982.493, 71
Trd, 4318982.843, 86
Trd, 4318983.343, 105
Trd, 4318984.093, 65
Trd, 4318984.593, 74
Trd, 4318985.743, 75
Trd, 4318986.593, 74
Trd, 4318986.993, 86
Trd, 4318987.193, 83
Trd, 4318987.693, 78
Trd, 4318990.493, 79
Trd, 4318991.043, 82
Trd, 4318991.093, 76
Trd, 4318991.443, 76
Trd, 4318991.893, 104
Trd, 4318994.093, 87
Trd, 4318994.643, 119
Trd, 4318995.143, 85
Trd, 4318995.293, 82
Trd, 4318995.943, 66
Trd, 4318996.543, 110
Trd, 4318997.743, 80
Trd, 4318998.843, 62
Trd, 4318999.043, 75
Trd, 4318999.893, 62
Trd, 4319001.843, 60
Trd, 4319002.493, 61
Trd, 4319004.143, 65
Trd, 4319004.943, 63
Trd, 4319005.293, 87
Trd, 4319005.543, 89
Trd, 4319005.693, 99
Trd, 4319006.243, 96
Trd, 4319006.293, 92
Trd, 4319007.543, 136
Trd, 4319007.943, 125
Trd, 4319008.393, 123
Trd, 4319009.143, 118
Trd, 4319010.593, 97
Trd, 4319011.493, 108
Trd, 4319012.193, 118
Trd, 4319012.593, 90
Trd, 4319013.343, 81
Trd, 4319015.643, 73
Trd, 4319016.793, 83
Trd, 4319017.593, 118
Trd, 4319017.793, 115
Trd, 4319018.193, 112
Trd, 4319018.643, 102
Trd, 4319019.093, 94
Trd, 4319019.293, 88
Trd, 4319019.943, 93
Trd, 4319021.043, 113
Trd, 4319021.693, 117
Trd, 4319023.293, 113
Trd, 4319024.343, 115
Trd, 4319024.693, 93
Trd, 4319024.743, 92
Trd, 4319024.843, 84
Trd, 4319026.543, 103
Trd, 4319026.593, 75
Trd, 4319026.843, 71
Trd, 4319027.543, 104
Trd, 4319028.143, 102
Trd, 4319028.293, 95
Trd, 4319028.793, 126
Trd, 4319031.843, 139
Trd, 4319032.643, 117
Trd, 4319033.293, 113
Trd, 4319034.143, 120
Trd, 4319034.993, 111
Trd, 4319035.043, 110
Trd, 4319035.193, 104
Trd, 4319036.093, 127
Trd, 4319036.443, 80
Trd, 4319037.493, 60
Trd, 4319037.643, 60
Trd, 4319038.593, 65
Trd, 4319039.193, 66
Trd, 4319039.893, 88
Trd, 4319042.543, 97
Trd, 4319042.993, 80
Trd, 4319043.343, 91
Trd, 4319044.243, 90
Trd, 4319045.193, 101
Trd, 4319045.393, 100
Trd, 4319045.793, 137
Trd, 4319046.443, 113
Trd, 4319047.343, 114
Trd, 4319048.393, 101
Trd, 4319049.443, 93
Trd, 4319049.893, 87
Trd, 4319051.243, 83
Trd, 4319051.343, 81
Trd, 4319052.043, 80
Trd, 4319053.693, 87
Trd, 4319054.193, 98
Trd, 4319054.643, 86
Trd, 4319055.343, 90
Trd, 4319056.243, 103
Trd, 4319056.393, 107
Trd, 4319056.593, 99
Trd, 4319057.043, 92
Trd, 4319059.343, 115
Trd, 4319059.593, 65
Trd, 4319060.893, 77
Trd, 4319061.443, 77
Trd, 4319063.093, 81
Trd, 4319063.343, 76
Trd, 4319063.643, 62
Trd, 4319064.043, 100
Trd, 4319064.593, 97
Trd, 4319066.543, 105
Trd, 4319066.643, 104
Trd, 4319066.793, 95
Trd, 4319066.943, 97
Trd, 4319067.193, 106
Trd, 4319067.743, 74
Trd, 4319068.093, 120
Trd, 4319069.393, 63
Trd, 4319072.093, 61
Trd, 4319072.243, 63
Trd, 4319072.343, 68
Trd, 4319073.993, 90
Trd, 4319074.593, 81
Trd, 4319074.943, 76
Trd, 4319075.493, 117
Trd, 4319076.143, 69
Trd, 4319076.843, 61
Trd, 4319077.843, 97
Trd, 4319078.293, 98
Trd, 4319079.543, 77
Trd, 4319079.643, 74
Trd, 4319080.343, 63
Trd, 4319081.443, 95
Trd, 4319082.193, 91
Trd, 4319082.293, 80
Trd, 4319082.443, 79
Trd, 4319084.543, 95
Trd, 4319084.593, 82
Trd, 4319084.843, 81
Trd, 4319086.193, 87
Trd, 4319087.343, 79
Trd, 4319087.543, 77
Trd, 4319090.093, 87
Trd, 4319090.143, 86
Trd, 4319090.243, 83
Trd, 4319091.143, 81
Trd, 4319091.343, 80
Trd, 4319092.443, 85
Trd, 4319093.093, 85
Trd, 4319094.643, 103
Trd, 4319095.693, 124
Trd, 4319096.293, 119
Trd, 4319096.543, 114
Trd, 4319096.643, 103
Trd, 4319096.893, 102
Trd, 4319099.293, 96
Trd, 4319100.093, 97
Trd, 4319100.593, 96
Trd, 4319100.693, 91
Trd, 4319101.893, 107
Trd, 4319102.193, 78
Trd, 4319102.793, 68
Trd, 4319102.893, 66
Trd, 4319105.293, 94
Trd, 4319106.243, 86
Trd, 4319106.443, 84
Trd, 4319107.093, 76
Trd, 4319108.043, 77
Trd, 4319108.243, 123
Trd, 4319108.443, 103
Trd, 4319108.993, 99
Trd, 4319109.743, 63
Trd, 4319110.493, 60
Trd, 4319111.543, 61
Trd, 4319112.743, 68
Trd, 4319113.443, 64
Trd, 4319113.593, 68
Trd, 4319115.043, 67
Trd, 4319115.293, 61
Trd, 4319116.193, 76
Trd, 4319117.293, 66
Trd, 4319117.543, 90
Trd, 4319118.593, 118
Trd, 4319118.843, 97
Trd, 4319120.393, 95
Trd, 4319120.693, 99
Trd, 4319121.093, 92
Trd, 4319121.893, 60
Trd, 4319124.443, 62
Trd, 4319126.143, 69
Trd, 4319126.343, 71
Trd, 4319126.493, 70
Trd, 4319126.793, 87
Trd, 4319127.443, 65
Trd, 4319129.343, 81
Trd, 4319130.693, 77
Trd, 4319131.943, 117
Trd, 4319132.443, 127
Trd, 4319132.593, 105
Trd, 4319132.893, 95
Trd, 4319133.443, 75
Trd, 4319134.143, 78
Trd, 4319134.243, 74
Trd, 4319134.943, 87
Trd, 4319136.393, 111
Trd, 4319138.193, 90
Trd, 4319138.693, 92
Trd, 4319139.093, 91
Trd, 4319139.193, 89
Trd, 4319139.843, 74
Trd, 4319140.543, 79
Trd, 4319140.843, 73
Trd, 4319141.993, 60
Trd, 4319142.243, 63
Trd, 4319142.943, 96
Trd, 4319144.643, 96
Trd, 4319144.943, 95
Trd, 4319146.693, 103
Trd, 4319147.493, 110
Trd, 4319148.793, 120
Trd, 4319148.843, 118
Trd, 4319148.993, 112
Trd, 4319149.693, 109
Trd, 4319150.993, 108
Trd, 4319151.893, 100
Trd, 4319152.093, 88
Trd, 4319153.393, 69
Trd, 4319153.493, 69
Trd, 4319153.593, 70
Trd, 4319156.393, 82
Trd, 4319156.893, 89
Trd, 4319157.093, 85
Trd, 4319157.693, 82
Trd, 4319158.793, 108
Trd, 4319158.893, 70
Trd, 4319160.893, 64
Trd, 4319161.343, 62
Trd, 4319161.793, 66
Trd, 4319163.943, 75
Trd, 4319164.243, 85
Trd, 4319164.393, 72
Trd, 4319164.693, 96
Trd, 4319165.693, 130
Trd, 4319165.943, 73
Trd, 4319166.243, 72
Trd, 4319167.143, 79
Trd, 4319167.193, 78
Trd, 4319168.843, 77
Trd, 4319169.443, 78
Trd, 4319169.543, 77
Trd, 4319170.243, 70
Trd, 4319170.493, 67
Trd, 4319172.443, 60
Trd, 4319173.393, 75
Trd, 4319173.743, 95
Trd, 4319174.193, 80
Trd, 4319174.943, 75
Trd, 4319175.543, 72
Trd, 4319176.193, 115
Trd, 4319178.143, 70
Trd, 4319179.193, 67
Trd, 4319179.843, 67
Trd, 4319180.443, 69
Trd, 4319181.093, 72
Trd, 4319181.793, 68
Trd, 4319183.543, 116
Trd, 4319183.893, 91
Trd, 4319183.943, 118
Trd, 4319184.143, 90
Trd, 4319184.343, 66
Trd, 4319184.593, 97
Trd, 4319187.243, 75
Trd, 4319187.943, 80
Trd, 4319188.843, 87
Trd, 4319189.593, 82
Trd, 4319189.693, 81
Trd, 4319189.743, 76
Trd, 4319190.443, 95
Trd, 4319191.093, 99
Trd, 4319191.493, 87
Trd, 4319191.643, 85
Trd, 4319193.543, 82
Trd, 4319195.343, 81
Trd, 4319195.443, 93
Trd, 4319195.693, 99
Trd, 4319196.293, 82
Trd, 4319196.793, 78
Trd, 4319198.843, 63
Trd, 4319200.093, 97
Trd, 4319200.193, 121
Trd, 4319200.443, 93
Trd, 4319200.693, 105
Trd, 4319200.843, 83
Trd, 4319201.093, 67
Trd, 4319202.743, 61
Trd, 4319203.193, 68
Trd, 4319204.793, 67
Trd, 4319204.993, 73
Trd, 4319206.293, 84
Trd, 4319206.743, 76
Trd, 4319207.143, 92
Trd, 4319207.193, 85
Trd, 4319208.693, 110
Trd, 4319208.743, 87
Trd, 4319208.893, 86
Trd, 4319209.293, 104
Trd, 4319209.393, 100
Trd, 4319209.893, 88
Trd, 4319210.393, 84
Trd, 4319210.493, 68
Trd, 4319213.293, 64
Trd, 4319214.043, 74
Trd, 4319214.743, 64
Trd, 4319214.993, 89
Trd, 4319217.143, 69
Trd, 4319217.443, 74
Trd, 4319217.843, 73
Trd, 4319218.243, 73
Trd, 4319218.743, 68
Trd, 4319219.793, 85
Trd, 4319220.293, 109
Trd, 4319220.493, 101
Trd, 4319221.643, 88
Trd, 4319222.143, 78
Trd, 4319222.993, 89
Trd, 4319223.843, 96
Trd, 4319224.243, 96
Trd, 4319224.943, 118
Trd, 4319225.393, 98
Trd, 4319225.843, 91
Trd, 4319228.043, 83
Trd, 4319228.193, 74
Trd, 4319229.243, 91
Trd, 4319230.643, 88
Trd, 4319232.093, 66
Trd, 4319232.243, 99
Trd, 4319232.443, 67
Trd, 4319232.493, 73
Trd, 4319234.343, 78
Trd, 4319235.693, 82
Trd, 4319235.993, 81
Trd, 4319236.143, 89
Trd, 4319236.193, 77
Trd, 4319238.093, 71
Trd, 4319238.743, 66
Trd, 4319239.043, 65
Trd, 4319239.893, 80
Trd, 4319241.693, 93
Trd, 4319241.893, 92
Trd, 4319242.043, 86
Trd, 4319242.443, 85
Trd, 4319242.493, 79
Trd, 4319243.593, 93
Trd, 4319243.943, 76
Trd, 4319247.143, 61
Trd, 4319247.643, 87
Trd, 4319247.993, 99
Trd, 4319248.693, 91
Trd, 4319250.443, 109
Trd, 4319251.143, 104
Trd, 4319251.393, 95
Trd, 4319251.993, 95
Trd, 4319252.243, 89
Trd, 4319252.643, 72
Trd, 4319253.593, 65
Trd, 4319254.493, 111
Trd, 4319254.943, 111
Trd, 4319254.993, 105
Trd, 4319256.593, 105
Trd, 4319257.943, 73
Trd, 4319259.643, 62
Trd, 4319260.043, 76
Trd, 4319260.943, 80
Trd, 4319262.243, 99
Trd, 4319262.493, 74
Trd, 4319262.643, 73
Trd, 4319263.793, 91
Trd, 4319263.993, 86
Trd, 4319264.793, 72
Trd, 4319265.443, 67
Trd, 4319266.193, 90
Trd, 4319266.943, 80
Trd, 4319267.543, 134
Trd, 4319268.043, 124
Trd, 4319270.293, 115
Trd, 4319271.443, 117
Trd, 4319271.943, 129
Trd, 4319272.443, 108
Trd, 4319272.593, 97
Trd, 4319273.193, 91
Trd, 4319273.793, 104
Trd, 4319274.493, 79
Trd, 4319275.843, 92
Trd, 4319276.693, 74
Trd, 4319277.643, 76
Trd, 4319278.243, 72
Trd, 4319278.493, 110
Trd, 4319279.093, 86
Trd, 4319279.543, 69
Trd, 4319280.043, 87
Trd, 4319280.243, 85
Trd, 4319280.593, 78
Trd, 4319281.743, 67
Trd, 4319282.443, 102
Trd, 4319282.993, 75
Trd, 4319284.543, 61
Trd, 4319284.993, 65
Trd, 4319285.843, 86
Trd, 4319286.693, 88
Trd, 4319286.943, 87
Trd, 4319288.893, 121
Trd, 4319289.143, 119
Trd, 4319289.893, 118
Trd, 4319289.943, 110
Trd, 4319291.093, 97
Trd, 4319291.393, 95
Trd, 4319292.393, 130
Trd, 4319293.543, 97
Trd, 4319293.843, 89
Trd, 4319295.543, 81
Trd, 4319295.593, 80
Trd, 4319296.143, 74
Trd, 4319296.393, 72
Trd, 4319297.293, 77
Trd, 4319297.893, 117
Trd, 4319298.393, 69
Trd, 4319298.443, 68
Trd, 4319299.393, 113
Trd, 4319300.943, 103
Trd, 4319300.993, 94
Trd, 4319301.293, 119
Trd, 4319302.193, 106
Trd, 4319302.993, 91
Trd, 4319303.793, 77
Trd, 4319305.293, 68
Trd, 4319306.293, 60
Trd, 4319306.993, 67
Trd, 4319307.143, 98
Trd, 4319307.193, 65
Trd, 4319307.493, 83
Trd, 4319308.943, 86
Trd, 4319309.043, 89
Trd, 4319310.093, 80
Trd, 4319310.993, 93
Trd, 4319311.093, 92
Trd, 4319311.743, 126
Trd, 4319312.493, 70
Trd, 4319312.893, 73
Trd, 4319313.643, 76
Trd, 4319313.993, 71
Trd, 4319314.643, 88
Trd, 4319315.943, 75
Trd, 4319316.543, 73
Trd, 4319316.593, 67
Trd, 4319316.893, 69
Trd, 4319317.593, 106
Trd, 4319318.643, 107
Trd, 4319318.843, 107
Trd, 4319319.043, 106
Trd, 4319320.443, 101
Trd, 4319320.893, 99
Trd, 4319321.443, 94
Trd, 4319322.143, 84
Trd, 4319322.493, 77
Trd, 4319323.643, 75
Trd, 4319324.693, 89
Trd, 4319324.893, 81
Trd, 4319324.993, 76
Trd, 4319326.543, 76
Trd, 4319327.093, 108
Trd, 4319328.543, 92
Trd, 4319329.393, 104
Trd, 4319330.243, 105
Trd, 4319330.393, 108
Trd, 4319330.693, 102
Trd, 4319331.543, 97
Trd, 4319331.743, 83
Trd, 4319332.243, 81
Trd, 4319332.793, 79
Trd, 4319332.943, 110
Trd, 4319333.593, 70
Trd, 4319334.443, 61
Trd, 4319334.743, 119
Trd, 4319335.743, 109
Trd, 4319337.043, 63
Trd, 4319337.643, 99
Trd, 4319338.043, 118
Trd, 4319338.143, 89
Trd, 4319338.343, 87
Trd, 4319339.043, 83
Trd, 4319341.043, 94
Trd, 4319341.293, 88
Trd, 4319341.643, 101
Trd, 4319342.693, 109
Trd, 4319343.343, 102
Trd, 4319343.843, 100
Trd, 4319344.743, 92
Trd, 4319345.893, 103
Trd, 4319346.493, 79
Trd, 4319347.243, 81
Trd, 4319347.443, 81
Trd, 4319347.643, 84
Trd, 4319348.993, 83
Trd, 4319349.793, 111
Trd, 4319350.093, 100
Trd, 4319350.893, 94
Trd, 4319351.593, 81
Trd, 4319353.243, 137
Trd, 4319354.143, 118
Trd, 4319354.343, 112
Trd, 4319355.193, 89
Trd, 4319355.993, 125
Trd, 4319356.193, 108
Trd, 4319356.243, 107
Trd, 4319356.493, 104
Trd, 4319357.493, 85
Trd, 4319358.293, 86
Trd, 4319358.643, 89
Trd, 4319359.043, 116
Trd, 4319359.143, 84
Trd, 4319360.493, 121
Trd, 4319360.693, 120
Trd, 4319361.293, 82
Trd, 4319361.643, 93
Trd, 4319364.493, 107
Trd, 4319364.943, 121
Trd, 4319365.093, 110
Trd, 4319365.343, 100
Trd, 4319365.793, 99
Trd, 4319366.993, 98
Trd, 4319368.143, 84
Trd, 4319368.243, 81
Trd, 4319368.493, 81
Trd, 4319370.343, 84
Trd, 4319371.093, 62
Trd, 4319372.293, 71
Trd, 4319372.643, 71
Trd, 4319373.143, 100
Trd, 4319373.393, 90
Trd, 4319374.443, 64
Trd, 4319374.493, 70
Trd, 4319376.293, 80
Trd, 4319376.443, 78
Trd, 4319376.493, 77
Trd, 4319377.343, 100
Trd, 4319378.143, 108
Trd, 4319378.293, 101
Trd, 4319378.593, 115
Trd, 4319379.193, 88
Trd, 4319380.043, 71
Trd, 4319380.393, 67
Trd, 4319381.893, 78
Trd, 4319383.393, 106
Trd, 4319383.743, 105
Trd, 4319384.143, 104
Trd, 4319385.493, 97
Trd, 4319386.093, 95
Trd, 4319387.443, 122
Trd, 4319388.243, 117
Trd, 4319389.043, 132
Trd, 4319389.993, 134
Trd, 4319390.643, 126
Trd, 4319391.243, 132
Trd, 4319391.443, 125
Trd, 4319391.843, 127
Trd, 4319392.243, 117
Trd, 4319393.393, 101
Trd, 4319395.743, 79
Trd, 4319396.893, 99
Trd, 4319396.943, 97
Trd, 4319396.993, 122
Trd, 4319397.593, 97
Trd, 4319397.793, 95
Trd, 4319398.493, 60
Trd, 4319398.943, 78
Trd, 4319399.793, 100
Trd, 4319401.343, 97
Trd, 4319401.393, 94
Trd, 4319402.643, 108
Trd, 4319402.743, 106
Trd, 4319402.793, 88
Trd, 4319403.193, 79
Trd, 4319403.893, 101
Trd, 4319404.593, 134
Trd, 4319404.993, 117
Trd, 4319405.543, 107
Trd, 4319405.993, 100
Trd, 4319407.593, 102
Trd, 4319408.093, 100
Trd, 4319408.793, 83
Trd, 4319409.593, 84
Trd, 4319410.443, 90
Trd, 4319411.143, 91
Trd, 4319411.193, 88
Trd, 4319412.793, 66
Trd, 4319412.893, 99
Trd, 4319413.593, 79
Trd, 4319415.443, 61
Trd, 4319416.943, 95
Trd, 4319417.143, 82
Trd, 4319417.193, 78
Trd, 4319417.243, 68
Trd, 4319418.593, 93
Trd, 4319418.643, 89
Trd, 4319419.393, 88
Trd, 4319420.793, 109
Trd, 4319421.193, 103
Trd, 4319422.093, 114
Trd, 4319422.143, 113
Trd, 4319422.593, 94
Trd, 4319422.693, 115
Trd, 4319423.193, 64
Trd, 4319425.193, 108
Trd, 4319425.543, 92
Trd, 4319427.193, 61
Trd, 4319427.393, 62
Trd, 4319427.693, 71
Trd, 4319428.293, 95
Trd, 4319429.193, 68
Trd, 4319430.043, 75
Trd, 4319431.393, 75
Trd, 4319431.943, 67
Trd, 4319432.393, 64
Trd, 4319432.593, 63
Trd, 4319433.143, 98
Trd, 4319433.793, 89
Trd, 4319435.193, 86
Trd, 4319435.693, 98
Trd, 4319435.993, 82
Trd, 4319436.093, 78
Trd, 4319436.643, 85
Trd, 4319438.043, 67
Trd, 4319438.243, 65
Trd, 4319439.293, 69
Trd, 4319440.993, 99
Trd, 4319441.943, 91
Trd, 4319442.293, 89
Trd, 4319442.943, 60
Trd, 4319443.043, 63
Trd, 4319444.293, 108
Trd, 4319444.593, 87
Trd, 4319445.043, 88
Trd, 4319445.193, 87
Trd, 4319445.393, 86
Trd, 4319446.243, 86
Trd, 4319446.943, 74
Trd, 4319447.793, 60
Trd, 4319449.093, 62
Trd, 4319451.443, 83
Trd, 4319451.543, 87
Trd, 4319452.043, 83
Trd, 4319452.193, 80
Trd, 4319452.343, 71
Trd, 4319453.843, 78
Trd, 4319454.143, 81
Trd, 4319456.293, 62
Trd, 4319457.443, 90
Trd, 4319457.593, 84
Trd, 4319458.643, 62
Trd, 4319458.693, 60
Trd, 4319459.943, 61
Trd, 4319460.243, 61
Trd, 4319461.793, 68
Trd, 4319462.393, 66
Trd, 4319463.193, 64
Trd, 4319464.193, 64
Trd, 4319464.243, 62
Trd, 4319464.593, 74
Trd, 4319464.643, 86
Trd, 4319465.943, 82
Trd, 4319468.643, 73
Trd, 4319469.343, 87
Trd, 4319469.843, 70
Trd, 4319470.143, 74
Trd, 4319470.443, 92
Trd, 4319471.043, 83
Trd, 4319471.443, 72
Trd, 4319471.943, 60
Trd, 4319473.293, 73
Trd, 4319474.443, 62
Trd, 4319476.343, 61
Trd, 4319476.643, 81
Trd, 4319477.843, 83
Trd, 4319478.343, 98
Trd, 4319478.893, 81
Trd, 4319479.643, 78
Trd, 4319480.043, 85
Trd, 4319480.843, 76
Trd, 4319481.393, 74
Trd, 4319482.493, 66
Trd, 4319482.593, 99
Trd, 4319483.593, 69
Trd, 4319483.993, 82
Trd, 4319484.343, 71
Trd, 4319484.593, 74
Trd, 4319485.643, 98
Trd, 4319488.843, 60
Trd, 4319489.143, 60
Trd, 4319489.493, 65
Trd, 4319490.043, 81
Trd, 4319490.443, 61
Trd, 4319491.043, 82
Trd, 4319492.143, 69
Trd, 4319493.493, 96
Trd, 4319493.543, 95
Trd, 4319494.143, 93
Trd, 4319494.643, 98
Trd, 4319495.893, 100
Trd, 4319496.593, 99
Trd, 4319497.043, 85
Trd, 4319498.193, 66
Trd, 4319498.793, 94
Trd, 4319499.293, 93
Trd, 4319500.443, 92
Trd, 4319500.993, 117
Trd, 4319502.193, 118
Trd, 4319502.243, 107
Trd, 4319502.743, 126
Trd, 4319503.693, 94
Trd, 4319503.743, 99
Trd, 4319505.293, 88
Trd, 4319505.443, 124
Trd, 4319506.043, 86
Trd, 4319508.143, 75
Trd, 4319508.643, 107
Trd, 4319508.893, 80
Trd, 4319509.793, 82
Trd, 4319510.043, 81
Trd, 4319510.443, 60
Trd, 4319511.543, 87
Trd, 4319513.343, 84
Trd, 4319513.993, 85
Trd, 4319514.243, 83
Trd, 4319515.343, 109
Trd, 4319515.993, 99
Trd, 4319516.493, 93
Trd, 4319516.743, 97
Trd, 4319517.443, 110
Trd, 4319518.343, 93
Trd, 4319518.443, 100
Trd, 4319519.143, 92
Trd, 4319519.193, 68
Trd, 4319519.943, 63
Trd, 4319521.893, 60
Trd, 4319522.843, 60
Trd, 4319523.843, 62
Trd, 4319524.443, 69
Trd, 4319524.693, 70
Trd, 4319525.743, 105
Trd, 4319525.793, 95
Trd, 4319526.293, 85
Trd, 4319528.293, 89
Trd, 4319528.443, 83
Trd, 4319528.693, 73
Trd, 4319529.193, 103
Trd, 4319530.393, 77
Trd, 4319531.243, 79
Trd, 4319531.843, 91
Trd, 4319532.243, 77
Trd, 4319533.743, 78
Trd, 4319534.643, 97
Trd, 4319534.793, 93
Trd, 4319534.843, 92
Trd, 4319536.243, 85
Trd, 4319536.293, 75
Trd, 4319537.293, 124
Trd, 4319538.793, 70
Trd, 4319539.543, 96
Trd, 4319539.943, 92
Trd, 4319540.193, 89
Trd, 4319541.743, 138
Trd, 4319542.243, 124
Trd, 4319542.343, 107
Trd, 4319543.943, 130
Trd, 4319544.443, 108
Trd, 4319545.293, 110
Trd, 4319545.343, 103
Trd, 4319545.843, 100
Trd, 4319546.643, 96
Trd, 4319546.793, 89
Trd, 4319546.943, 97
Trd, 4319547.143, 88
Trd, 4319549.793, 68
Trd, 4319551.343, 84
Trd, 4319551.493, 88
Trd, 4319551.643, 84
Trd, 4319552.093, 85
Trd, 4319552.493, 80
Trd, 4319552.893, 70
Trd, 4319553.593, 75
Trd, 4319554.643, 73
Trd, 4319555.343, 90
Trd, 4319555.393, 89
Trd, 4319557.143, 114
Trd, 4319557.343, 113
Trd, 4319557.693, 90
Trd, 4319558.893, 87
Trd, 4319559.543, 78
Trd, 4319559.993, 68
Trd, 4319561.693, 60
Trd, 4319561.893, 62
Trd, 4319562.593, 61
Trd, 4319563.193, 83
Trd, 4319563.943, 73
Trd, 4319564.193, 69
Trd, 4319564.693, 104
Trd, 4319565.893, 110
Trd, 4319566.343, 109
Trd, 4319567.193, 105
Trd, 4319567.293, 89
Trd, 4319567.593, 89
Trd, 4319567.793, 87
Trd, 4319568.493, 90
Trd, 4319570.043, 74
Trd, 4319570.943, 73
Trd, 4319571.693, 87
Trd, 4319574.543, 127
Trd, 4319574.693, 113
Trd, 4319575.193, 106
Trd, 4319575.993, 97
Trd, 4319576.443, 89
Trd, 4319577.143, 91
Trd, 4319577.293, 110
Trd, 4319578.193, 94
Trd, 4319578.393, 97
Trd, 4319578.843, 110
Trd, 4319578.893, 93
Trd, 4319580.493, 60
Trd, 4319582.643, 61
Trd, 4319583.893, 60
Trd, 4319584.943, 83
Trd, 4319585.493, 75
Trd, 4319586.093, 95
Trd, 4319586.743, 79
Trd, 4319586.843, 74
Trd, 4319587.043, 70
Trd, 4319587.893, 68
Trd, 4319588.243, 108
Trd, 4319588.343, 111
Trd, 4319588.943, 76
Trd, 4319589.893, 61
Trd, 4319591.643, 69
Trd, 4319591.743, 65
Trd, 4319592.193, 66
Trd, 4319592.743, 73
Trd, 4319592.893, 73
Trd, 4319594.443, 60
Trd, 4319596.193, 61
Trd, 4319596.693, 63
Trd, 4319597.543, 70
Trd, 4319597.643, 82
Trd, 4319598.143, 76
Trd, 4319598.243, 75
Trd, 4319601.243, 99
Trd, 4319601.393, 98
Trd, 4319601.443, 97
Trd, 4319601.893, 93
Trd, 4319602.393, 86
Trd, 4319603.793, 100
Trd, 4319603.843, 99
Trd, 4319604.543, 107
Trd, 4319604.693, 83
Trd, 4319605.543, 61
Trd, 4319605.793, 64
Trd, 4319605.943, 63
Trd, 4319607.443, 65
Trd, 4319608.093, 71
Trd, 4319609.893, 98
Trd, 4319610.493, 87
Trd, 4319611.343, 90
Trd, 4319612.693, 89
Trd, 4319612.793, 86
Trd, 4319613.143, 94
Trd, 4319613.243, 85
Trd, 4319613.643, 77
Trd, 4319614.493, 60
Trd, 4319616.993, 60
Trd, 4319617.993, 65
Trd, 4319618.543, 92
Trd, 4319618.693, 83
Trd, 4319619.043, 72
Trd, 4319619.543, 103
Trd, 4319619.693, 72
Trd, 4319620.043, 114
Trd, 4319620.343, 67
Trd, 4319621.143, 67
Trd, 4319622.343, 111
Trd, 4319622.643, 103
Trd, 4319624.093, 112
Trd, 4319624.793, 107
Trd, 4319625.093, 97
Trd, 4319625.293, 87
Trd, 4319626.243, 117
Trd, 4319627.043, 68
Trd, 4319627.193, 67
Trd, 4319627.793, 65
Trd, 4319629.593, 60
Trd, 4319630.243, 97
Trd, 4319630.643, 87
Trd, 4319631.693, 85
Trd, 4319632.343, 73
Trd, 4319633.393, 74
Trd, 4319634.193, 82
Trd, 4319635.193, 81
Trd, 4319636.193, 114
Trd, 4319636.243, 106
Trd, 4319636.643, 119
Trd, 4319637.143, 100
Trd, 4319637.243, 82
Trd, 4319639.243, 104
Trd, 4319639.693, 83
Trd, 4319640.893, 123
Trd, 4319641.393, 116
Trd, 4319642.343, 103
Trd, 4319642.593, 88
Trd, 4319642.743, 93
Trd, 4319644.293, 95
Trd, 4319644.993, 83
Trd, 4319645.393, 63
Trd, 4319647.143, 64
Trd, 4319648.143, 69
Trd, 4319648.193, 60
Trd, 4319649.243, 111
Trd, 4319649.493, 103
Trd, 4319649.893, 73
Trd, 4319650.893, 77
Trd, 4319651.793, 75
Trd, 4319651.943, 81
Trd, 4319652.843, 92
Trd, 4319652.943, 84
Trd, 4319654.443, 76
Trd, 4319655.443, 138
Trd, 4319656.993, 87
Trd, 4319659.093, 104
Trd, 4319660.093, 126
Trd, 4319660.293, 90
Trd, 4319660.943, 89
Trd, 4319662.443, 91
Trd, 4319662.693, 87
Trd, 4319662.743, 86
Trd, 4319663.543, 70
Trd, 4319663.843, 66
Trd, 4319666.193, 138
Trd, 4319666.343, 123
Trd, 4319667.643, 83
Trd, 4319667.793, 86
Trd, 4319668.093, 82
Trd, 4319669.143, 108
Trd, 4319670.593, 96
Trd, 4319671.093, 90
Trd, 4319671.143, 85
Trd, 4319671.743, 81
Trd, 4319672.593, 99
Trd, 4319672.993, 122
Trd, 4319673.293, 83
Trd, 4319674.243, 108
Trd, 4319674.993, 118
Trd, 4319676.243, 94
Trd, 4319677.343, 90
Trd, 4319677.793, 80
Trd, 4319678.043, 70
Trd, 4319678.543, 64
Trd, 4319680.143, 122
Trd, 4319680.193, 108
Trd, 4319680.293, 100
Trd, 4319680.693, 99
Trd, 4319681.893, 85
Trd, 4319682.493, 99
Trd, 4319682.543, 95
Trd, 4319682.593, 85
Trd, 4319685.043, 77
Trd, 4319685.893, 84
Trd, 4319686.293, 75
Trd, 4319686.743, 116
Trd, 4319687.593, 87
Trd, 4319687.943, 80
Trd, 4319687.993, 78
Trd, 4319688.243, 77
Trd, 4319689.143, 78
Trd, 4319689.843, 75
Trd, 4319690.043, 83
Trd, 4319690.743, 97
Trd, 4319690.893, 96
Trd, 4319693.443, 114
Trd, 4319694.043, 113
Trd, 4319694.343, 108
Trd, 4319694.843, 105
Trd, 4319695.243, 98
Trd, 4319695.493, 95
Trd, 4319697.193, 108
Trd, 4319697.693, 98
Trd, 4319697.793, 86
Trd, 4319698.143, 90
Trd, 4319698.243, 136
Trd, 4319700.043, 109
Trd, 4319700.593, 96
Trd, 4319701.543, 125
Trd, 4319701.993, 92
Trd, 4319702.943, 88
Trd, 4319703.043, 87
Trd, 4319703.693, 66
Trd, 4319704.293, 76
Trd, 4319704.543, 75
Trd, 4319705.243, 92
Trd, 4319705.743, 97
Trd, 4319705.993, 81
Trd, 4319706.793, 103
Trd, 4319706.993, 85
Trd, 4319707.793, 100
Trd, 4319708.693, 93
Trd, 4319709.193, 84
Trd, 4319709.343, 83
Trd, 4319710.043, 105
Trd, 4319710.943, 101
Trd, 4319711.743, 114
Trd, 4319712.393, 88
Trd, 4319714.243, 101
Trd, 4319714.343, 86
Trd, 4319714.493, 80
Trd, 4319714.543, 79
Trd, 4319717.043, 60
Trd, 4319718.343, 64
Trd, 4319718.393, 62
Trd, 4319718.893, 80
Trd, 4319720.293, 88
Trd, 4319720.993, 108
Trd, 4319721.443, 77
Trd, 4319721.593, 72
Trd, 4319721.893, 98
Trd, 4319723.093, 72
Trd, 4319723.343, 79
Trd, 4319723.893, 72
Trd, 4319726.893, 61
Trd, 4319727.693, 63
Trd, 4319727.743, 61
Trd, 4319728.693, 63
Trd, 4319728.943, 64
Trd, 4319729.943, 82
Trd, 4319730.093, 80
Trd, 4319730.393, 84
Trd, 4319731.493, 104
Trd, 4319731.643, 102
Trd, 4319731.993, 85
Trd, 4319732.643, 82
Trd, 4319733.393, 115
Trd, 4319734.993, 91
Trd, 4319735.693, 88
Trd, 4319736.193, 93
Trd, 4319736.343, 101
Trd, 4319736.443, 107
Trd, 4319738.293, 62
Trd, 4319738.893, 64
Trd, 4319739.343, 65
Trd, 4319741.793, 121
Trd, 4319741.893, 120
Trd, 4319742.293, 110
Trd, 4319742.693, 112
Trd, 4319742.793, 109
Trd, 4319743.743, 103
Trd, 4319745.443, 91
Trd, 4319745.593, 98
Trd, 4319745.843, 102
Trd, 4319746.193, 91
Trd, 4319747.093, 85
Trd, 4319747.693, 75
Trd, 4319748.643, 83
Trd, 4319748.993, 75
Trd, 4319749.293, 72
Trd, 4319749.793, 68
Trd, 4319750.543, 126
Trd, 4319751.993, 96
Trd, 4319752.243, 80
Trd, 4319752.743, 67
Trd, 4319754.243, 79
Trd, 4319754.293, 76
Trd, 4319754.493, 130
Trd, 4319755.993, 80
Trd, 4319756.293, 74
Trd, 4319756.343, 67
Trd, 4319756.793, 104
Trd, 4319758.343, 89
Trd, 4319759.243, 63
Trd, 4319759.943, 84
Trd, 4319760.293, 88
Trd, 4319760.893, 76
Trd, 4319762.293, 77
Trd, 4319762.943, 79
Trd, 4319762.993, 76
Trd, 4319764.843, 80
Trd, 4319765.043, 82
Trd, 4319765.643, 72
Trd, 4319765.993, 71
Trd, 4319767.443, 75
Trd, 4319767.943, 71
Trd, 4319768.193, 83
Trd, 4319768.393, 75
Trd, 4319768.993, 73
Trd, 4319769.243, 70
Trd, 4319770.893, 75
Trd, 4319771.143, 72
Trd, 4319772.343, 67
Trd, 4319773.543, 107
Trd, 4319774.343, 106
Trd, 4319774.693, 92
Trd, 4319775.693, 109
Trd, 4319776.643, 110
Trd, 4319777.243, 120
Trd, 4319777.943, 114
Trd, 4319779.243, 106
Trd, 4319779.693, 103
Trd, 4319780.443, 101
Trd, 4319781.093, 124
Trd, 4319781.693, 116
Trd, 4319781.893, 102
Trd, 4319782.793, 99
Trd, 4319782.993, 102
Trd, 4319783.343, 89
Trd, 4319783.693, 92
Trd, 4319783.993, 83
Trd, 4319785.593, 82
Trd, 4319785.643, 68
Trd, 4319786.893, 92
Trd, 4319786.993, 86
Trd, 4319787.193, 126
Trd, 4319788.643, 127
Trd, 4319789.143, 118
Trd, 4319791.043, 107
Trd, 4319791.343, 104
Trd, 4319791.493, 95
Trd, 4319792.593, 111
Trd, 4319793.193, 127
Trd, 4319793.443, 103
Trd, 4319794.343, 105
Trd, 4319794.643, 102
Trd, 4319795.593, 96
Trd, 4319796.043, 109
Trd, 4319796.093, 87
Trd, 4319797.343, 84
Trd, 4319797.593, 83
Trd, 4319799.343, 78
Trd, 4319800.893, 85
Trd, 4319801.393, 86
Trd, 4319801.843, 82
Trd, 4319802.093, 103
Trd, 4319802.743, 83
Trd, 4319803.643, 77
Trd, 4319804.643, 77
Trd, 4319805.743, 88
Trd, 4319806.193, 84
Trd, 4319806.393, 82
Trd, 4319806.793, 79
Trd, 4319807.143, 73
Trd, 4319809.793, 118
Trd, 4319810.043, 105
Trd, 4319810.893, 109
Trd, 4319811.393, 111
Trd, 4319811.593, 110
Trd, 4319811.643, 109
Trd, 4319812.893, 96
Trd, 4319813.043, 95
Trd, 4319813.893, 108
Trd, 4319813.943, 105
Trd, 4319815.643, 89
Trd, 4319815.693, 88
Trd, 4319816.693, 76
Trd, 4319816.993, 89
Trd, 4319817.593, 82
Trd, 4319818.743, 79
Trd, 4319819.043, 80
Trd, 4319819.443, 79
Trd, 4319820.043, 71
Trd, 4319820.543, 70
Trd, 4319821.743, 101
Trd, 4319822.943, 71
Trd, 4319823.943, 95
Trd, 4319824.893, 105
Trd, 4319825.493, 95
Trd, 4319826.393, 105
Trd, 4319827.243, 130
Trd, 4319827.793, 88
Trd, 4319828.593, 107
Trd, 4319828.693, 85
Trd, 4319829.793, 116
Trd, 4319830.493, 85
Trd, 4319831.643, 75
Trd, 4319832.493, 87
Trd, 4319833.043, 107
Trd, 4319833.493, 84
Trd, 4319835.643, 100
Trd, 4319835.943, 98
Trd, 4319836.143, 95
Trd, 4319836.193, 91
Trd, 4319836.443, 84
Trd, 4319836.993, 112
Trd, 4319837.043, 107
Trd, 4319839.143, 120
Trd, 4319840.893, 98
Trd, 4319841.143, 96
Trd, 4319842.193, 97
Trd, 4319842.393, 89
Trd, 4319843.343, 89
Trd, 4319845.693, 111
Trd, 4319846.943, 110
Trd, 4319847.443, 104
Trd, 4319847.843, 115
Trd, 4319848.593, 107
Trd, 4319848.793, 92
Trd, 4319849.643, 70
Trd, 4319850.243, 71
Trd, 4319850.543, 108
Trd, 4319852.043, 114
Trd, 4319852.393, 112
Trd, 4319852.643, 110
Trd, 4319852.993, 114
Trd, 4319853.793, 111
Trd, 4319853.893, 103
Trd, 4319854.343, 90
Trd, 4319855.743, 63
Trd, 4319856.843, 62
Trd, 4319857.593, 63
Trd, 4319858.643, 102
Trd, 4319858.993, 108
Trd, 4319860.293, 99
Trd, 4319860.543, 98
Trd, 4319861.043, 93
Trd, 4319861.193, 92
Trd, 4319862.643, 126
Trd, 4319862.843, 108
Trd, 4319864.193, 128
Trd, 4319864.693, 93
Trd, 4319865.593, 88
Trd, 4319866.393, 86
Trd, 4319867.793, 120
Trd, 4319867.893, 99
Trd, 4319868.893, 116
Trd, 4319869.193, 76
Trd, 4319870.843, 75
Trd, 4319871.193, 75
Trd, 4319871.593, 74
Trd, 4319872.143, 88
Trd, 4319872.243, 71
Trd, 4319873.043, 78
Trd, 4319874.393, 65
Trd, 4319875.893, 66
Trd, 4319876.593, 82
Trd, 4319876.643, 62
Trd, 4319876.943, 60
Trd, 4319877.243, 80
Trd, 4319878.943, 86
Trd, 4319879.493, 89
Trd, 4319880.593, 97
Trd, 4319881.143, 85
Trd, 4319881.293, 84
Trd, 4319881.893, 122
Trd, 4319881.943, 106
Trd, 4319882.243, 96
Trd, 4319883.793, 115
Trd, 4319884.993, 92
Trd, 4319885.243, 87
Trd, 4319886.493, 112
Trd, 4319887.643, 133
Trd, 4319888.493, 89
Trd, 4319888.543, 87
Trd, 4319888.693, 83
Trd, 4319889.793, 99
Trd, 4319890.343, 73
Trd, 4319890.843, 103
Trd, 4319891.193, 96
Trd, 4319892.243, 85
Trd, 4319892.793, 65
Trd, 4319895.243, 94
Trd, 4319895.443, 81
Trd, 4319895.743, 91
Trd, 4319895.843, 88
Trd, 4319896.143, 81
Trd, 4319897.143, 75
Trd, 4319897.343, 74
Trd, 4319899.243, 72
Trd, 4319900.893, 60
Trd, 4319901.243, 79
Trd, 4319902.343, 88
Trd, 4319902.443, 65
Trd, 4319903.143, 63
Trd, 4319904.143, 75
Trd, 4319905.043, 73
Trd, 4319905.943, 65
Trd, 4319906.743, 60
Trd, 4319907.393, 69
Trd, 4319908.743, 68
Trd, 4319908.843, 98
Trd, 4319909.593, 73
Trd, 4319910.343, 118
Trd, 4319910.893, 71
Trd, 4319911.593, 70
Trd, 4319912.193, 72
Trd, 4319912.343, 71
Trd, 4319913.093, 86
Trd, 4319914.443, 125
Trd, 4319916.043, 102
Trd, 4319916.343, 103
Trd, 4319916.793, 108
Trd, 4319917.043, 106
Trd, 4319917.393, 102
Trd, 4319918.043, 98
Trd, 4319918.493, 136
Trd, 4319919.093, 121
Trd, 4319920.443, 113
Trd, 4319921.393, 97
Trd, 4319922.343, 87
Trd, 4319922.793, 82
Trd, 4319923.393, 75
Trd, 4319923.493, 74
Trd, 4319924.493, 103
Trd, 4319925.193, 91
Trd, 4319925.893, 82
Trd, 4319926.093, 77
Trd, 4319926.943, 103
Trd, 4319927.093, 74
Trd, 4319927.643, 94
Trd, 4319928.493, 87
Trd, 4319929.343, 65
Trd, 4319930.943, 65
Trd, 4319931.043, 69
Trd, 4319931.593, 97
Trd, 4319931.993, 108
Trd, 4319932.793, 107
Trd, 4319932.843, 98
Trd, 4319933.893, 99
Trd, 4319934.393, 95
Trd, 4319934.593, 116
Trd, 4319935.243, 95
Trd, 4319935.343, 93
Trd, 4319936.743, 93
Trd, 4319937.293, 86
Trd, 4319937.543, 74
Trd, 4319939.243, 93
Trd, 4319939.743, 92
Trd, 4319940.793, 103
Trd, 4319941.943, 107
Trd, 4319941.993, 103
Trd, 4319942.743, 112
Trd, 4319943.493, 103
Trd, 4319943.743, 96
Trd, 4319944.293, 102
Trd, 4319944.343, 96
Trd, 4319944.893, 97
Trd, 4319945.843, 103
Trd, 4319946.493, 98
Trd, 4319947.043, 96
Trd, 4319947.393, 93
Trd, 4319947.543, 106
Trd, 4319949.243, 104
Trd, 4319949.843, 94
Trd, 4319950.043, 92
Trd, 4319950.193, 64
Trd, 4319951.593, 65
Trd, 4319953.243, 78
Trd, 4319954.693, 79
Trd, 4319955.443, 68
Trd, 4319955.543, 61
Trd, 4319956.993, 77
Trd, 4319957.393, 83
Trd, 4319959.293, 87
Trd, 4319959.693, 86
Trd, 4319960.293, 88
Trd, 4319960.543, 89
Trd, 4319961.993, 106
Trd, 4319962.293, 103
Trd, 4319962.393, 101
Trd, 4319962.443, 99
Trd, 4319962.493, 83
Trd, 4319964.343, 87
Trd, 4319965.193, 128
Trd, 4319965.893, 100
Trd, 4319967.343, 81
Trd, 4319967.393, 74
Trd, 4319967.843, 119
Trd, 4319969.343, 94
Trd, 4319969.643, 99
Trd, 4319969.943, 106
Trd, 4319971.443, 112
Trd, 4319972.343, 114
Trd, 4319972.393, 113
Trd, 4319972.443, 89
Trd, 4319973.643, 114
Trd, 4319973.893, 85
Trd, 4319975.043, 85
Trd, 4319977.143, 106
Trd, 4319977.843, 116
Trd, 4319977.893, 106
Trd, 4319978.293, 103
Trd, 4319978.843, 103
Trd, 4319980.193, 105
Trd, 4319980.643, 93
Trd, 4319981.343, 101
Trd, 4319981.843, 91
Trd, 4319982.093, 89
Trd, 4319982.943, 128
Trd, 4319983.793, 127
Trd, 4319984.593, 131
Trd, 4319984.743, 113
Trd, 4319984.943, 112
Trd, 4319986.243, 101
Trd, 4319987.443, 134
Trd, 4319988.043, 97
Trd, 4319988.593, 92
Trd, 4319990.493, 105
Trd, 4319991.493, 102
Trd, 4319991.643, 101
Trd, 4319993.843, 118
Trd, 4319994.343, 108
Trd, 4319994.643, 125
Trd, 4319995.243, 108
Trd, 4319995.393, 104
Trd, 4319995.693, 108
Trd, 4319995.893, 93
Trd, 4319997.693, 122
Trd, 4319998.143, 115
Trd, 4319999.343, 113
Trd, 4319999.643, 105
