Trd, 4318135.843, 140
Trd, 4318136.543, 140
Trd, 4318137.043, 140
Trd, 4318137.693, 140
Trd, 4318139.343, 140
Trd, 4318141.443, 140
Trd, 4318141.543, 140
Trd, 4318141.643, 140
Trd, 4318141.743, 140
Trd, 4318141.893, 139
Trd, 4318142.393, 140
Trd, 4318142.543, 137
Trd, 4318142.693, 103
Trd, 4318143.693, 137
Trd, 4318145.393, 140
Trd, 4318146.093, 140
Trd, 4318146.693, 140
Trd, 4318147.493, 139
Trd, 4318148.443, 140
Trd, 4318148.493, 140
Trd, 4318149.343, 140
Trd, 4318149.543, 140
Trd, 4318152.093, 140
Trd, 4318153.443, 140
Trd, 4318153.893, 140
Trd, 4318154.043, 139
Trd, 4318154.543, 139
Trd, 4318155.143, 140
Trd, 4318155.343, 140
Trd, 4318155.643, 140
Trd, 4318156.093, 140
Trd, 4318156.543, 140
Trd, 4318157.643, 140
Trd, 4318158.943, 140
Trd, 4318159.793, 140
Trd, 4318160.293, 136
Trd, 4318160.793, 140
Trd, 4318160.943, 136
Trd, 4318161.293, 140
Trd, 4318162.743, 140
Trd, 4318162.893, 140
Trd, 4318164.643, 139
Trd, 4318165.043, 140
Trd, 4318165.343, 140
Trd, 4318166.143, 139
Trd, 4318166.243, 138
Trd, 4318168.493, 140
Trd, 4318169.593, 140
Trd, 4318169.843, 140
Trd, 4318170.243, 140
Trd, 4318171.193, 140
Trd, 4318171.243, 140
Trd, 4318171.893, 140
Trd, 4318173.043, 140
Trd, 4318173.743, 140
Trd, 4318173.893, 139
Trd, 4318174.593, 139
Trd, 4318175.743, 140
Trd, 4318175.793, 140
Trd, 4318176.393, 140
Trd, 4318177.293, 139
Trd, 4318177.443, 130
Trd, 4318178.693, 140
Trd, 4318178.743, 140
Trd, 4318179.443, 140
Trd, 4318179.843, 140
Trd, 4318180.893, 140
Trd, 4318181.193, 134
Trd, 4318181.943, 140
Trd, 4318182.043, 138
Trd, 4318183.293, 140
Trd, 4318183.593, 139
Trd, 4318184.643, 140
Trd, 4318185.143, 140
Trd, 4318186.043, 140
Trd, 4318187.093, 140
Trd, 4318187.243, 140
Trd, 4318188.443, 140
Trd, 4318188.693, 140
Trd, 4318188.993, 140
Trd, 4318190.093, 140
Trd, 4318190.743, 139
Trd, 4318191.143, 140
Trd, 4318191.893, 139
Trd, 4318192.593, 140
Trd, 4318192.693, 139
Trd, 4318194.043, 140
Trd, 4318194.443, 140
Trd, 4318195.093, 140
Trd, 4318196.043, 140
Trd, 4318196.843, 140
Trd, 4318196.893, 131
Trd, 4318198.643, 140
Trd, 4318198.743, 140
Trd, 4318199.143, 140
Trd, 4318200.193, 140
Trd, 4318201.393, 140
Trd, 4318202.043, 140
Trd, 4318202.493, 139
Trd, 4318203.093, 140
Trd, 4318203.343, 63
Trd, 4318204.543, 69
Trd, 4318204.593, 78
Trd, 4318205.393, 137
Trd, 4318205.743, 133
Trd, 4318205.793, 131
Trd, 4318206.343, 140
Trd, 4318207.993, 140
Trd, 4318208.043, 140
Trd, 4318208.843, 140
Trd, 4318209.993, 140
Trd, 4318210.393, 140
Trd, 4318211.143, 140
Trd, 4318211.993, 140
Trd, 4318213.043, 140
Trd, 4318213.793, 140
Trd, 4318214.193, 140
Trd, 4318214.743, 140
Trd, 4318214.793, 140
Trd, 4318216.093, 140
Trd, 4318216.843, 140
Trd, 4318217.093, 140
Trd, 4318217.443, 140
Trd, 4318218.793, 140
Trd, 4318218.893, 140
Trd, 4318219.043, 138
Trd, 4318220.543, 140
Trd, 4318221.043, 140
Trd, 4318221.893, 140
Trd, 4318222.593, 140
Trd, 4318223.943, 140
Trd, 4318224.743, 140
Trd, 4318225.843, 140
Trd, 4318225.993, 140
Trd, 4318226.893, 140
Trd, 4318227.593, 140
Trd, 4318228.043, 140
Trd, 4318228.193, 140
Trd, 4318228.543, 140
Trd, 4318228.843, 140
Trd, 4318230.943, 140
Trd, 4318232.543, 140
Trd, 4318232.693, 140
Trd, 4318232.943, 140
Trd, 4318233.243, 139
Trd, 4318235.743, 140
Trd, 4318236.143, 140
Trd, 4318236.843, 140
Trd, 4318236.943, 140
Trd, 4318237.143, 139
Trd, 4318237.543, 114
Trd, 4318238.443, 140
Trd, 4318238.493, 133
Trd, 4318239.593, 140
Trd, 4318240.543, 140
Trd, 4318240.943, 140
Trd, 4318241.143, 140
Trd, 4318242.843, 140
Trd, 4318242.943, 140
Trd, 4318243.093, 140
Trd, 4318243.643, 139
Trd, 4318244.493, 108
Trd, 4318244.693, 106
Trd, 4318245.493, 63
Trd, 4318246.043, 72
Trd, 4318247.393, 140
Trd, 4318249.043, 140
Trd, 4318249.143, 140
Trd, 4318249.593, 140
Trd, 4318250.143, 139
Trd, 4318250.543, 140
Trd, 4318251.443, 138
Trd, 4318251.593, 139
Trd, 4318252.043, 140
Trd, 4318252.443, 140
Trd, 4318253.243, 140
Trd, 4318254.893, 140
Trd, 4318255.143, 140
Trd, 4318255.943, 140
Trd, 4318256.093, 140
Trd, 4318257.043, 140
Trd, 4318257.493, 140
Trd, 4318257.743, 136
Trd, 4318258.643, 140
Trd, 4318260.343, 134
Trd, 4318260.593, 133
Trd, 4318260.693, 131
Trd, 4318261.343, 63
Trd, 4318262.743, 140
Trd, 4318263.293, 140
Trd, 4318263.743, 140
Trd, 4318263.943, 140
Trd, 4318263.993, 139
Trd, 4318264.143, 140
Trd, 4318265.793, 66
Trd, 4318267.543, 75
Trd, 4318267.693, 103
Trd, 4318268.693, 137
Trd, 4318269.543, 103
Trd, 4318269.843, 64
Trd, 4318270.143, 64
Trd, 4318271.593, 61
Trd, 4318272.493, 63
Trd, 4318272.543, 72
Trd, 4318272.993, 60
Trd, 4318274.943, 66
Trd, 4318275.493, 63
Trd, 4318275.693, 72
Trd, 4318276.193, 60
Trd, 4318276.943, 62
Trd, 4318277.243, 115
Trd, 4318278.793, 64
Trd, 4318278.843, 120
Trd, 4318279.493, 60
Trd, 4318279.643, 66
Trd, 4318280.793, 140
Trd, 4318280.843, 135
Trd, 4318282.543, 140
Trd, 4318282.843, 140
Trd, 4318283.143, 140
Trd, 4318283.543, 140
Trd, 4318285.143, 140
Trd, 4318285.993, 140
Trd, 4318286.143, 140
Trd, 4318289.243, 140
Trd, 4318289.393, 140
Trd, 4318290.243, 140
Trd, 4318290.593, 140
Trd, 4318291.343, 140
Trd, 4318292.643, 140
Trd, 4318292.943, 140
Trd, 4318293.543, 140
Trd, 4318293.743, 140
Trd, 4318294.643, 140
Trd, 4318295.393, 140
Trd, 4318295.943, 140
Trd, 4318296.393, 140
Trd, 4318297.093, 140
Trd, 4318297.493, 140
Trd, 4318297.993, 140
Trd, 4318298.843, 140
Trd, 4318298.893, 140
Trd, 4318299.643, 140
Trd, 4318301.343, 140
Trd, 4318301.493, 67
Trd, 4318303.193, 140
Trd, 4318303.993, 140
Trd, 4318304.943, 140
Trd, 4318305.293, 140
Trd, 4318305.743, 140
Trd, 4318305.893, 138
Trd, 4318305.943, 138
Trd, 4318307.043, 139
Trd, 4318308.293, 140
Trd, 4318309.043, 140
Trd, 4318309.593, 140
Trd, 4318310.843, 140
Trd, 4318311.243, 140
Trd, 4318313.343, 140
Trd, 4318313.393, 140
Trd, 4318314.193, 140
Trd, 4318314.643, 140
Trd, 4318315.143, 140
Trd, 4318315.643, 140
Trd, 4318315.993, 139
Trd, 4318316.243, 138
Trd, 4318317.093, 140
Trd, 4318317.543, 138
Trd, 4318318.443, 140
Trd, 4318318.643, 140
Trd, 4318319.493, 140
Trd, 4318320.293, 140
Trd, 4318321.293, 140
Trd, 4318321.893, 140
Trd, 4318321.943, 140
Trd, 4318322.693, 140
Trd, 4318324.343, 140
Trd, 4318325.793, 140
Trd, 4318326.193, 140
Trd, 4318326.393, 140
Trd, 4318327.043, 140
Trd, 4318328.093, 140
Trd, 4318329.343, 140
Trd, 4318329.793, 140
Trd, 4318330.693, 140
Trd, 4318331.393, 140
Trd, 4318331.443, 140
Trd, 4318331.893, 140
Trd, 4318332.793, 140
Trd, 4318333.293, 140
Trd, 4318334.593, 140
Trd, 4318334.993, 139
Trd, 4318336.143, 140
Trd, 4318337.493, 140
Trd, 4318338.843, 140
Trd, 4318339.843, 140
Trd, 4318340.493, 140
Trd, 4318340.993, 140
Trd, 4318341.843, 140
Trd, 4318342.593, 140
Trd, 4318343.043, 140
Trd, 4318343.843, 140
Trd, 4318344.493, 140
Trd, 4318344.593, 140
Trd, 4318345.593, 140
Trd, 4318345.893, 140
Trd, 4318346.943, 140
Trd, 4318346.993, 140
Trd, 4318349.393, 140
Trd, 4318349.793, 140
Trd, 4318351.343, 140
Trd, 4318351.793, 140
Trd, 4318351.893, 140
Trd, 4318352.893, 140
Trd, 4318352.943, 140
Trd, 4318353.393, 140
Trd, 4318353.993, 140
Trd, 4318354.493, 138
Trd, 4318355.543, 140
Trd, 4318356.093, 64
Trd, 4318356.193, 73
Trd, 4318356.843, 61
Trd, 4318357.543, 119
Trd, 4318358.593, 140
Trd, 4318359.193, 140
Trd, 4318360.643, 140
Trd, 4318360.743, 140
Trd, 4318361.093, 139
Trd, 4318361.643, 140
Trd, 4318362.293, 139
Trd, 4318363.293, 140
Trd, 4318363.793, 140
Trd, 4318363.893, 139
Trd, 4318364.643, 139
Trd, 4318366.443, 140
Trd, 4318366.793, 140
Trd, 4318368.043, 140
Trd, 4318368.343, 140
Trd, 4318368.393, 140
Trd, 4318368.443, 140
Trd, 4318369.493, 140
Trd, 4318369.943, 140
Trd, 4318370.643, 140
Trd, 4318370.693, 140
Trd, 4318371.443, 140
Trd, 4318372.343, 140
Trd, 4318372.593, 140
Trd, 4318373.643, 140
Trd, 4318373.793, 140
Trd, 4318374.643, 140
Trd, 4318376.943, 140
Trd, 4318377.393, 140
Trd, 4318377.843, 140
Trd, 4318378.193, 138
Trd, 4318378.543, 116
Trd, 4318378.843, 115
Trd, 4318379.643, 140
Trd, 4318379.893, 140
Trd, 4318380.543, 136
Trd, 4318382.643, 140
Trd, 4318383.043, 140
Trd, 4318383.943, 140
Trd, 4318383.993, 132
Trd, 4318385.193, 139
Trd, 4318385.743, 140
Trd, 4318385.793, 140
Trd, 4318386.543, 140
Trd, 4318387.643, 140
Trd, 4318387.793, 139
Trd, 4318388.893, 140
Trd, 4318389.093, 139
Trd, 4318391.643, 140
Trd, 4318392.143, 140
Trd, 4318392.693, 140
Trd, 4318393.593, 140
Trd, 4318393.943, 140
Trd, 4318394.093, 140
Trd, 4318394.293, 140
Trd, 4318395.243, 140
Trd, 4318395.943, 140
Trd, 4318395.993, 139
Trd, 4318396.543, 139
Trd, 4318398.243, 140
Trd, 4318399.143, 140
Trd, 4318399.243, 140
Trd, 4318400.043, 140
Trd, 4318401.293, 140
Trd, 4318401.543, 140
Trd, 4318402.093, 140
Trd, 4318402.243, 140
Trd, 4318402.593, 140
Trd, 4318402.893, 140
Trd, 4318404.393, 140
Trd, 4318405.143, 140
Trd, 4318405.843, 140
Trd, 4318406.043, 140
Trd, 4318407.093, 140
Trd, 4318407.143, 139
Trd, 4318408.443, 139
Trd, 4318409.893, 139
Trd, 4318410.493, 140
Trd, 4318411.243, 140
Trd, 4318412.693, 140
Trd, 4318414.343, 140
Trd, 4318414.643, 139
Trd, 4318414.993, 140
Trd, 4318415.393, 140
Trd, 4318415.593, 140
Trd, 4318415.693, 139
Trd, 4318417.243, 139
Trd, 4318418.843, 140
Trd, 4318419.793, 140
Trd, 4318420.043, 140
Trd, 4318420.843, 140
Trd, 4318421.093, 139
Trd, 4318421.543, 140
Trd, 4318422.543, 140
Trd, 4318423.243, 140
Trd, 4318423.493, 140
Trd, 4318423.543, 139
Trd, 4318425.143, 140
Trd, 4318426.443, 140
Trd, 4318426.593, 140
Trd, 4318427.043, 140
Trd, 4318427.143, 140
Trd, 4318428.393, 140
Trd, 4318428.793, 140
Trd, 4318428.993, 140
Trd, 4318431.393, 140
Trd, 4318431.993, 140
Trd, 4318433.443, 140
Trd, 4318433.743, 140
Trd, 4318433.993, 140
Trd, 4318434.243, 139
Trd, 4318435.493, 140
Trd, 4318435.743, 140
Trd, 4318435.793, 139
Trd, 4318436.693, 140
Trd, 4318438.993, 140
Trd, 4318439.343, 140
Trd, 4318440.093, 140
Trd, 4318441.893, 140
Trd, 4318442.343, 140
Trd, 4318442.743, 140
Trd, 4318443.093, 140
Trd, 4318443.893, 140
Trd, 4318444.743, 138
Trd, 4318445.143, 140
Trd, 4318445.543, 140
Trd, 4318445.843, 111
Trd, 4318445.993, 101
Trd, 4318446.643, 100
Trd, 4318447.743, 140
Trd, 4318449.693, 139
Trd, 4318450.043, 139
Trd, 4318450.093, 138
Trd, 4318451.443, 140
Trd, 4318451.893, 139
Trd, 4318451.993, 138
Trd, 4318453.793, 140
Trd, 4318454.343, 140
Trd, 4318454.593, 140
Trd, 4318455.493, 140
Trd, 4318455.593, 140
Trd, 4318457.093, 140
Trd, 4318457.893, 140
Trd, 4318458.743, 140
Trd, 4318459.643, 140
Trd, 4318460.793, 140
Trd, 4318461.043, 140
Trd, 4318461.643, 140
Trd, 4318462.193, 140
Trd, 4318462.593, 140
Trd, 4318462.993, 89
Trd, 4318465.943, 140
Trd, 4318466.143, 140
Trd, 4318466.843, 140
Trd, 4318467.193, 140
Trd, 4318468.493, 140
Trd, 4318470.143, 140
Trd, 4318470.493, 140
Trd, 4318471.143, 140
Trd, 4318471.193, 140
Trd, 4318472.343, 140
Trd, 4318473.043, 140
Trd, 4318473.843, 140
Trd, 4318474.343, 140
Trd, 4318474.543, 140
Trd, 4318476.293, 140
Trd, 4318477.043, 140
Trd, 4318477.493, 140
Trd, 4318478.843, 140
Trd, 4318479.343, 140
Trd, 4318480.243, 140
Trd, 4318480.793, 140
Trd, 4318481.043, 140
Trd, 4318482.443, 140
Trd, 4318482.893, 140
Trd, 4318484.343, 140
Trd, 4318484.743, 139
Trd, 4318485.943, 140
Trd, 4318486.393, 140
Trd, 4318486.993, 140
Trd, 4318487.093, 140
Trd, 4318488.393, 140
Trd, 4318488.493, 139
Trd, 4318488.943, 139
Trd, 4318488.993, 139
Trd, 4318489.393, 139
Trd, 4318490.693, 140
Trd, 4318490.793, 140
Trd, 4318491.393, 139
Trd, 4318491.793, 138
Trd, 4318493.243, 60
Trd, 4318493.543, 140
Trd, 4318495.493, 140
Trd, 4318495.843, 140
Trd, 4318496.393, 140
Trd, 4318496.443, 139
Trd, 4318496.943, 140
Trd, 4318498.193, 140
Trd, 4318498.393, 139
Trd, 4318498.893, 138
Trd, 4318501.143, 140
Trd, 4318501.743, 140
Trd, 4318501.993, 140
Trd, 4318502.993, 139
Trd, 4318504.093, 140
Trd, 4318504.793, 139
Trd, 4318505.643, 140
Trd, 4318505.993, 140
Trd, 4318507.343, 140
Trd, 4318507.643, 140
Trd, 4318507.893, 140
Trd, 4318508.993, 140
Trd, 4318510.693, 140
Trd, 4318510.743, 139
Trd, 4318511.343, 140
Trd, 4318512.043, 140
Trd, 4318512.943, 140
Trd, 4318513.393, 139
Trd, 4318514.643, 140
Trd, 4318515.643, 140
Trd, 4318516.493, 140
Trd, 4318517.493, 140
Trd, 4318517.643, 140
Trd, 4318518.093, 140
Trd, 4318519.593, 140
Trd, 4318520.543, 140
Trd, 4318521.193, 140
Trd, 4318521.693, 140
Trd, 4318521.793, 140
Trd, 4318522.593, 140
Trd, 4318522.743, 140
Trd, 4318523.743, 139
Trd, 4318523.793, 138
Trd, 4318524.543, 66
Trd, 4318525.293, 60
Trd, 4318525.343, 75
Trd, 4318526.193, 83
Trd, 4318527.293, 66
Trd, 4318529.143, 60
Trd, 4318529.293, 65
Trd, 4318529.393, 70
Trd, 4318530.143, 73
Trd, 4318531.293, 60
Trd, 4318531.743, 62
Trd, 4318532.793, 63
Trd, 4318533.093, 72
Trd, 4318533.343, 73
Trd, 4318534.043, 140
Trd, 4318534.893, 140
Trd, 4318534.993, 140
Trd, 4318535.593, 140
Trd, 4318535.643, 140
Trd, 4318536.743, 140
Trd, 4318537.893, 140
Trd, 4318538.293, 140
Trd, 4318539.893, 140
Trd, 4318540.243, 140
Trd, 4318540.293, 138
Trd, 4318540.493, 140
Trd, 4318540.543, 137
Trd, 4318541.543, 60
Trd, 4318542.343, 138
Trd, 4318542.693, 137
Trd, 4318544.693, 140
Trd, 4318545.093, 140
Trd, 4318546.493, 140
Trd, 4318546.743, 140
Trd, 4318547.393, 140
Trd, 4318547.893, 139
Trd, 4318548.943, 140
Trd, 4318549.493, 140
Trd, 4318549.743, 140
Trd, 4318551.093, 140
Trd, 4318551.443, 123
Trd, 4318552.093, 86
Trd, 4318552.693, 140
Trd, 4318553.193, 140
Trd, 4318553.643, 136
Trd, 4318554.393, 94
Trd, 4318554.643, 62
Trd, 4318554.793, 133
Trd, 4318555.993, 139
Trd, 4318556.193, 117
Trd, 4318557.243, 140
Trd, 4318557.843, 140
Trd, 4318557.893, 140
Trd, 4318558.193, 140
Trd, 4318558.493, 139
Trd, 4318559.593, 140
Trd, 4318561.143, 140
Trd, 4318561.393, 140
Trd, 4318561.593, 138
Trd, 4318564.393, 140
Trd, 4318564.943, 140
Trd, 4318565.543, 140
Trd, 4318565.843, 139
Trd, 4318565.943, 139
Trd, 4318565.993, 135
Trd, 4318566.293, 140
Trd, 4318566.843, 140
Trd, 4318567.693, 140
Trd, 4318569.093, 140
Trd, 4318569.393, 140
Trd, 4318569.443, 140
Trd, 4318571.093, 140
Trd, 4318572.543, 140
Trd, 4318572.793, 140
Trd, 4318572.843, 140
Trd, 4318573.043, 140
Trd, 4318573.243, 139
Trd, 4318573.443, 138
Trd, 4318575.143, 140
Trd, 4318576.343, 140
Trd, 4318576.393, 139
Trd, 4318577.893, 140
Trd, 4318578.743, 140
Trd, 4318579.543, 140
Trd, 4318579.693, 139
Trd, 4318581.193, 140
Trd, 4318581.593, 140
Trd, 4318582.293, 140
Trd, 4318582.643, 140
Trd, 4318582.743, 139
Trd, 4318583.843, 140
Trd, 4318584.543, 140
Trd, 4318585.893, 140
Trd, 4318586.643, 140
Trd, 4318587.343, 140
Trd, 4318589.343, 140
Trd, 4318589.443, 140
Trd, 4318590.893, 140
Trd, 4318591.693, 140
Trd, 4318592.743, 140
Trd, 4318592.893, 140
Trd, 4318592.943, 139
Trd, 4318593.443, 140
Trd, 4318594.093, 140
Trd, 4318594.743, 140
Trd, 4318595.243, 140
Trd, 4318597.693, 140
Trd, 4318597.943, 139
Trd, 4318598.343, 140
Trd, 4318598.443, 140
Trd, 4318599.093, 140
Trd, 4318599.443, 140
Trd, 4318600.243, 140
Trd, 4318600.893, 138
Trd, 4318601.343, 139
Trd, 4318603.443, 140
Trd, 4318603.893, 140
Trd, 4318603.993, 139
Trd, 4318605.893, 140
Trd, 4318605.993, 140
Trd, 4318606.643, 140
Trd, 4318606.943, 140
Trd, 4318607.893, 140
Trd, 4318608.443, 140
Trd, 4318608.743, 140
Trd, 4318609.193, 140
Trd, 4318610.493, 140
Trd, 4318611.743, 140
Trd, 4318613.393, 140
Trd, 4318613.493, 140
Trd, 4318613.693, 139
Trd, 4318613.943, 140
Trd, 4318614.793, 138
Trd, 4318615.043, 138
Trd, 4318615.593, 103
Trd, 4318615.693, 111
Trd, 4318615.843, 99
Trd, 4318616.193, 140
Trd, 4318617.043, 140
Trd, 4318617.493, 138
Trd, 4318618.793, 138
Trd, 4318619.093, 60
Trd, 4318619.793, 140
Trd, 4318622.993, 140
Trd, 4318623.143, 140
Trd, 4318623.243, 140
Trd, 4318623.443, 136
Trd, 4318624.243, 140
Trd, 4318625.093, 140
Trd, 4318625.193, 140
Trd, 4318625.793, 140
Trd, 4318627.243, 139
Trd, 4318628.443, 140
Trd, 4318628.643, 140
Trd, 4318629.393, 140
Trd, 4318630.293, 140
Trd, 4318630.693, 140
Trd, 4318632.493, 140
Trd, 4318632.693, 140
Trd, 4318633.493, 140
Trd, 4318633.743, 140
Trd, 4318635.393, 140
Trd, 4318635.993, 140
Trd, 4318636.043, 140
Trd, 4318636.393, 140
Trd, 4318636.643, 138
Trd, 4318637.443, 140
Trd, 4318638.143, 137
Trd, 4318639.243, 139
Trd, 4318639.293, 139
Trd, 4318640.493, 140
Trd, 4318641.343, 140
Trd, 4318641.893, 139
Trd, 4318642.043, 138
Trd, 4318642.243, 103
Trd, 4318643.893, 140
Trd, 4318644.243, 139
Trd, 4318646.193, 140
Trd, 4318646.793, 140
Trd, 4318647.543, 140
Trd, 4318647.743, 140
Trd, 4318648.793, 140
Trd, 4318649.093, 139
Trd, 4318649.293, 137
Trd, 4318650.293, 139
Trd, 4318650.843, 95
Trd, 4318653.243, 140
Trd, 4318654.043, 140
Trd, 4318654.243, 140
Trd, 4318655.243, 140
Trd, 4318655.643, 140
Trd, 4318656.043, 140
Trd, 4318656.393, 140
Trd, 4318657.243, 140
Trd, 4318657.843, 140
Trd, 4318657.893, 140
Trd, 4318658.493, 140
Trd, 4318659.143, 140
Trd, 4318659.693, 140
Trd, 4318660.093, 140
Trd, 4318660.543, 140
Trd, 4318663.193, 140
Trd, 4318663.493, 139
Trd, 4318665.043, 140
Trd, 4318665.493, 140
Trd, 4318666.593, 140
Trd, 4318666.793, 140
Trd, 4318668.193, 140
Trd, 4318668.543, 140
Trd, 4318670.243, 140
Trd, 4318670.543, 140
Trd, 4318671.093, 140
Trd, 4318671.543, 140
Trd, 4318672.093, 140
Trd, 4318672.943, 140
Trd, 4318673.143, 139
Trd, 4318674.893, 140
Trd, 4318674.943, 140
Trd, 4318676.893, 140
Trd, 4318678.043, 140
Trd, 4318678.143, 140
Trd, 4318678.593, 140
Trd, 4318679.243, 140
Trd, 4318679.793, 140
Trd, 4318680.043, 140
Trd, 4318680.193, 140
Trd, 4318681.643, 140
Trd, 4318682.143, 140
Trd, 4318682.593, 140
Trd, 4318682.993, 140
Trd, 4318684.493, 140
Trd, 4318684.943, 139
Trd, 4318685.443, 138
Trd, 4318687.993, 140
Trd, 4318688.743, 140
Trd, 4318688.843, 140
Trd, 4318690.293, 140
Trd, 4318690.593, 140
Trd, 4318691.843, 140
Trd, 4318691.993, 140
Trd, 4318692.893, 140
Trd, 4318692.943, 138
Trd, 4318693.943, 140
Trd, 4318694.743, 140
Trd, 4318696.193, 140
Trd, 4318697.593, 140
Trd, 4318698.193, 140
Trd, 4318698.243, 139
Trd, 4318698.843, 139
Trd, 4318699.543, 139
Trd, 4318700.243, 140
Trd, 4318701.143, 140
Trd, 4318701.743, 140
Trd, 4318702.193, 140
Trd, 4318702.793, 140
Trd, 4318703.443, 140
Trd, 4318704.543, 140
Trd, 4318705.993, 139
Trd, 4318706.293, 140
Trd, 4318706.793, 140
Trd, 4318707.693, 138
Trd, 4318707.843, 138
Trd, 4318708.743, 140
Trd, 4318709.593, 140
Trd, 4318710.193, 140
Trd, 4318710.343, 140
Trd, 4318710.393, 140
Trd, 4318711.293, 140
Trd, 4318712.293, 140
Trd, 4318713.643, 140
Trd, 4318713.993, 140
Trd, 4318714.193, 139
Trd, 4318714.543, 140
Trd, 4318714.843, 139
Trd, 4318716.543, 140
Trd, 4318717.793, 140
Trd, 4318719.393, 140
Trd, 4318719.543, 140
Trd, 4318719.993, 140
Trd, 4318720.343, 140
Trd, 4318720.443, 138
Trd, 4318722.543, 140
Trd, 4318723.043, 140
Trd, 4318723.693, 139
Trd, 4318724.243, 140
Trd, 4318724.543, 140
Trd, 4318724.743, 140
Trd, 4318725.543, 139
Trd, 4318725.793, 140
Trd, 4318726.143, 139
Trd, 4318726.493, 140
Trd, 4318727.543, 123
Trd, 4318727.943, 139
Trd, 4318729.443, 140
Trd, 4318730.443, 140
Trd, 4318730.843, 140
Trd, 4318731.093, 140
Trd, 4318731.993, 140
Trd, 4318732.393, 140
Trd, 4318732.743, 140
Trd, 4318733.993, 139
Trd, 4318734.893, 140
Trd, 4318735.243, 140
Trd, 4318736.843, 140
Trd, 4318737.193, 140
Trd, 4318737.693, 139
Trd, 4318738.593, 140
Trd, 4318739.243, 140
Trd, 4318739.293, 140
Trd, 4318741.243, 140
Trd, 4318741.593, 140
Trd, 4318742.493, 140
Trd, 4318742.793, 140
Trd, 4318744.443, 140
Trd, 4318744.893, 140
Trd, 4318745.643, 140
Trd, 4318746.243, 140
Trd, 4318746.643, 140
Trd, 4318747.343, 139
Trd, 4318748.343, 140
Trd, 4318749.043, 140
Trd, 4318750.193, 140
Trd, 4318750.293, 140
Trd, 4318750.993, 140
Trd, 4318751.343, 139
Trd, 4318751.493, 137
Trd, 4318753.943, 138
Trd, 4318754.693, 139
Trd, 4318755.243, 139
Trd, 4318755.493, 138
Trd, 4318755.593, 123
Trd, 4318755.893, 140
Trd, 4318756.993, 140
Trd, 4318757.593, 140
Trd, 4318758.043, 140
Trd, 4318758.893, 140
Trd, 4318759.143, 140
Trd, 4318759.743, 140
Trd, 4318761.943, 140
Trd, 4318762.593, 140
Trd, 4318762.793, 140
Trd, 4318762.843, 140
Trd, 4318764.243, 140
Trd, 4318764.343, 140
Trd, 4318765.193, 140
Trd, 4318765.943, 140
Trd, 4318766.143, 140
Trd, 4318766.543, 139
Trd, 4318766.893, 140
Trd, 4318767.893, 140
Trd, 4318768.693, 140
Trd, 4318769.143, 140
Trd, 4318770.093, 140
Trd, 4318771.043, 140
Trd, 4318771.893, 140
Trd, 4318772.893, 140
Trd, 4318773.993, 140
Trd, 4318774.093, 140
Trd, 4318774.443, 140
Trd, 4318774.693, 139
Trd, 4318775.593, 140
Trd, 4318776.793, 140
Trd, 4318777.143, 140
Trd, 4318777.843, 140
Trd, 4318778.343, 140
Trd, 4318779.193, 140
Trd, 4318779.243, 140
Trd, 4318781.393, 140
Trd, 4318781.793, 140
Trd, 4318781.893, 140
Trd, 4318782.293, 140
Trd, 4318784.093, 140
Trd, 4318784.543, 140
Trd, 4318784.993, 140
Trd, 4318785.393, 140
Trd, 4318785.543, 140
Trd, 4318786.143, 139
Trd, 4318787.043, 139
Trd, 4318787.643, 140
Trd, 4318788.543, 140
Trd, 4318788.693, 140
Trd, 4318788.893, 140
Trd, 4318791.093, 140
Trd, 4318791.193, 140
Trd, 4318792.193, 140
Trd, 4318792.243, 139
Trd, 4318792.743, 140
Trd, 4318793.543, 140
Trd, 4318794.443, 140
Trd, 4318794.543, 140
Trd, 4318795.793, 136
Trd, 4318796.493, 139
Trd, 4318796.943, 63
Trd, 4318797.393, 140
Trd, 4318797.543, 140
Trd, 4318797.993, 138
Trd, 4318798.693, 138
Trd, 4318799.293, 140
Trd, 4318799.643, 140
Trd, 4318801.493, 140
Trd, 4318802.243, 139
Trd, 4318802.943, 140
Trd, 4318802.993, 139
Trd, 4318803.693, 98
Trd, 4318804.743, 139
Trd, 4318804.993, 140
Trd, 4318805.593, 140
Trd, 4318806.143, 140
Trd, 4318807.443, 140
Trd, 4318808.143, 138
Trd, 4318808.293, 140
Trd, 4318808.443, 120
Trd, 4318808.943, 119
Trd, 4318810.243, 139
Trd, 4318810.593, 140
Trd, 4318812.193, 139
Trd, 4318812.343, 137
Trd, 4318812.493, 136
Trd, 4318813.043, 140
Trd, 4318814.093, 139
Trd, 4318814.743, 96
Trd, 4318814.893, 67
Trd, 4318816.393, 140
Trd, 4318816.843, 140
Trd, 4318817.243, 140
Trd, 4318817.843, 140
Trd, 4318819.793, 140
Trd, 4318819.893, 140
Trd, 4318820.693, 140
Trd, 4318820.743, 140
Trd, 4318821.343, 139
Trd, 4318821.393, 139
Trd, 4318821.793, 140
Trd, 4318823.043, 140
Trd, 4318823.793, 138
Trd, 4318824.543, 140
Trd, 4318825.893, 140
Trd, 4318826.093, 140
Trd, 4318828.143, 140
Trd, 4318828.943, 140
Trd, 4318828.993, 139
Trd, 4318829.193, 139
Trd, 4318829.893, 140
Trd, 4318830.693, 140
Trd, 4318831.293, 81
Trd, 4318831.893, 138
Trd, 4318831.993, 137
Trd, 4318832.393, 136
Trd, 4318832.993, 140
Trd, 4318833.743, 138
Trd, 4318835.143, 140
Trd, 4318835.243, 140
Trd, 4318835.793, 140
Trd, 4318836.493, 139
Trd, 4318836.793, 140
Trd, 4318838.243, 140
Trd, 4318838.343, 101
Trd, 4318838.843, 77
Trd, 4318839.293, 61
Trd, 4318839.693, 97
Trd, 4318839.893, 140
Trd, 4318841.193, 140
Trd, 4318841.493, 140
Trd, 4318842.343, 140
Trd, 4318844.743, 140
Trd, 4318846.893, 140
Trd, 4318847.093, 140
Trd, 4318847.393, 140
Trd, 4318847.543, 140
Trd, 4318847.593, 140
Trd, 4318848.143, 140
Trd, 4318848.443, 140
Trd, 4318849.593, 140
Trd, 4318852.393, 140
Trd, 4318852.793, 140
Trd, 4318852.943, 140
Trd, 4318853.193, 140
Trd, 4318853.593, 139
Trd, 4318853.993, 139
Trd, 4318854.793, 140
Trd, 4318854.943, 140
Trd, 4318855.643, 140
Trd, 4318856.043, 140
Trd, 4318856.143, 139
Trd, 4318857.243, 139
Trd, 4318858.543, 140
Trd, 4318859.243, 140
Trd, 4318859.843, 140
Trd, 4318860.393, 140
Trd, 4318860.893, 138
Trd, 4318861.743, 138
Trd, 4318863.543, 140
Trd, 4318863.993, 140
Trd, 4318864.343, 140
Trd, 4318865.043, 140
Trd, 4318865.843, 140
Trd, 4318866.493, 140
Trd, 4318867.443, 139
Trd, 4318867.993, 140
Trd, 4318868.943, 140
Trd, 4318868.993, 139
Trd, 4318869.393, 140
Trd, 4318870.043, 138
Trd, 4318872.643, 140
Trd, 4318873.343, 140
Trd, 4318873.893, 140
Trd, 4318874.993, 140
Trd, 4318875.043, 139
Trd, 4318875.293, 137
Trd, 4318875.893, 137
Trd, 4318876.143, 139
Trd, 4318876.643, 128
Trd, 4318876.843, 65
Trd, 4318878.593, 140
Trd, 4318879.593, 139
Trd, 4318879.743, 139
Trd, 4318880.093, 95
Trd, 4318880.693, 139
Trd, 4318881.393, 68
Trd, 4318881.893, 92
Trd, 4318882.293, 99
Trd, 4318882.493, 71
Trd, 4318882.693, 100
Trd, 4318884.393, 140
Trd, 4318884.693, 140
Trd, 4318885.493, 140
Trd, 4318887.093, 140
Trd, 4318888.093, 140
Trd, 4318888.843, 140
Trd, 4318888.893, 140
Trd, 4318889.443, 140
Trd, 4318889.593, 140
Trd, 4318889.843, 139
Trd, 4318890.543, 140
Trd, 4318893.093, 140
Trd, 4318893.243, 140
Trd, 4318893.543, 138
Trd, 4318893.593, 135
Trd, 4318893.793, 133
Trd, 4318895.093, 140
Trd, 4318895.493, 140
Trd, 4318895.943, 140
Trd, 4318896.843, 140
Trd, 4318896.893, 139
Trd, 4318898.343, 140
Trd, 4318898.993, 139
Trd, 4318899.343, 140
Trd, 4318900.143, 140
Trd, 4318900.943, 139
Trd, 4318902.043, 138
Trd, 4318902.893, 140
Trd, 4318902.993, 139
Trd, 4318903.593, 139
Trd, 4318903.793, 140
Trd, 4318904.693, 140
Trd, 4318906.493, 140
Trd, 4318906.593, 140
Trd, 4318907.893, 140
Trd, 4318908.643, 140
Trd, 4318909.643, 140
Trd, 4318909.943, 140
Trd, 4318910.493, 140
Trd, 4318911.943, 140
Trd, 4318912.643, 140
Trd, 4318912.993, 140
Trd, 4318913.193, 140
Trd, 4318914.143, 140
Trd, 4318914.243, 140
Trd, 4318915.393, 140
Trd, 4318916.243, 140
Trd, 4318916.743, 140
Trd, 4318917.643, 140
Trd, 4318918.643, 140
Trd, 4318919.343, 140
Trd, 4318920.643, 140
Trd, 4318921.793, 140
Trd, 4318921.843, 140
Trd, 4318922.143, 140
Trd, 4318922.243, 140
Trd, 4318923.643, 140
Trd, 4318923.743, 140
Trd, 4318924.693, 140
Trd, 4318925.093, 140
Trd, 4318925.943, 140
Trd, 4318926.443, 140
Trd, 4318926.743, 140
Trd, 4318927.993, 140
Trd, 4318928.843, 140
Trd, 4318929.693, 140
Trd, 4318930.243, 140
Trd, 4318930.443, 140
Trd, 4318931.843, 140
Trd, 4318932.093, 140
Trd, 4318932.543, 140
Trd, 4318934.293, 140
Trd, 4318934.343, 140
Trd, 4318934.743, 140
Trd, 4318935.443, 140
Trd, 4318937.343, 140
Trd, 4318937.593, 140
Trd, 4318938.593, 140
Trd, 4318939.193, 140
Trd, 4318939.943, 140
Trd, 4318940.093, 140
Trd, 4318941.343, 140
Trd, 4318941.493, 139
Trd, 4318942.393, 140
Trd, 4318942.643, 140
Trd, 4318943.193, 140
Trd, 4318944.243, 140
Trd, 4318944.693, 140
Trd, 4318945.293, 140
Trd, 4318946.793, 140
Trd, 4318949.543, 140
Trd, 4318950.143, 140
Trd, 4318950.493, 140
Trd, 4318950.693, 140
Trd, 4318950.993, 140
Trd, 4318951.193, 140
Trd, 4318951.643, 140
Trd, 4318953.693, 140
Trd, 4318953.943, 140
Trd, 4318955.393, 140
Trd, 4318955.493, 140
Trd, 4318956.093, 140
Trd, 4318956.443, 140
Trd, 4318956.893, 140
Trd, 4318957.493, 140
Trd, 4318958.443, 140
Trd, 4318959.043, 139
Trd, 4318960.043, 140
Trd, 4318960.443, 140
Trd, 4318961.043, 140
Trd, 4318961.543, 140
Trd, 4318961.843, 140
Trd, 4318963.493, 140
Trd, 4318964.393, 140
Trd, 4318964.493, 140
Trd, 4318964.843, 140
Trd, 4318965.093, 139
Trd, 4318965.443, 139
Trd, 4318966.043, 140
Trd, 4318967.943, 140
Trd, 4318968.143, 140
Trd, 4318968.743, 140
Trd, 4318968.843, 139
Trd, 4318969.993, 140
Trd, 4318970.493, 140
Trd, 4318970.693, 140
Trd, 4318971.893, 140
Trd, 4318973.393, 140
Trd, 4318974.043, 140
Trd, 4318974.193, 140
Trd, 4318975.043, 140
Trd, 4318975.593, 140
Trd, 4318975.893, 140
Trd, 4318977.043, 140
Trd, 4318977.643, 140
Trd, 4318978.543, 140
Trd, 4318978.943, 140
Trd, 4318978.993, 140
Trd, 4318979.193, 140
Trd, 4318979.843, 140
Trd, 4318980.543, 140
Trd, 4318981.343, 139
Trd, 4318981.743, 140
Trd, 4318982.093, 140
Trd, 4318982.493, 85
Trd, 4318982.893, 139
Trd, 4318984.243, 140
Trd, 4318986.443, 140
Trd, 4318986.693, 140
Trd, 4318986.893, 140
Trd, 4318987.193, 140
Trd, 4318987.993, 140
Trd, 4318988.043, 140
Trd, 4318990.293, 140
Trd, 4318990.743, 140
Trd, 4318991.393, 140
Trd, 4318991.443, 140
Trd, 4318991.693, 140
Trd, 4318991.743, 140
Trd, 4318992.443, 140
Trd, 4318993.493, 140
Trd, 4318993.693, 140
Trd, 4318996.043, 140
Trd, 4318996.393, 140
Trd, 4318996.543, 140
Trd, 4318997.143, 140
Trd, 4318999.793, 140
Trd, 4318999.993, 140
Trd, 4319000.243, 140
Trd, 4319000.893, 140
Trd, 4319001.293, 140
Trd, 4319001.493, 140
Trd, 4319002.293, 140
Trd, 4319002.843, 140
Trd, 4319003.143, 140
Trd, 4319003.593, 138
Trd, 4319005.043, 140
Trd, 4319005.543, 138
Trd, 4319006.643, 140
Trd, 4319007.343, 140
Trd, 4319007.693, 140
Trd, 4319008.093, 139
Trd, 4319009.293, 61
Trd, 4319009.543, 60
Trd, 4319010.693, 139
Trd, 4319010.793, 139
Trd, 4319012.443, 140
Trd, 4319012.743, 140
Trd, 4319013.393, 139
Trd, 4319015.093, 140
Trd, 4319015.643, 140
Trd, 4319015.793, 140
Trd, 4319015.993, 112
Trd, 4319016.593, 122
Trd, 4319016.843, 125
Trd, 4319017.493, 72
Trd, 4319018.143, 72
Trd, 4319018.793, 69
Trd, 4319019.343, 60
Trd, 4319020.843, 140
Trd, 4319021.893, 140
Trd, 4319022.893, 140
Trd, 4319023.593, 140
Trd, 4319023.793, 140
Trd, 4319024.543, 140
Trd, 4319025.643, 140
Trd, 4319026.493, 140
Trd, 4319026.843, 140
Trd, 4319027.343, 140
Trd, 4319027.543, 132
Trd, 4319028.043, 139
Trd, 4319029.243, 140
Trd, 4319030.193, 140
Trd, 4319031.143, 140
Trd, 4319031.443, 140
Trd, 4319031.593, 134
Trd, 4319032.043, 140
Trd, 4319035.093, 140
Trd, 4319035.793, 140
Trd, 4319036.693, 140
Trd, 4319036.743, 140
Trd, 4319036.943, 140
Trd, 4319037.293, 140
Trd, 4319037.543, 140
Trd, 4319037.593, 140
Trd, 4319038.143, 139
Trd, 4319039.043, 139
Trd, 4319039.243, 140
Trd, 4319039.443, 80
Trd, 4319041.443, 140
Trd, 4319043.393, 140
Trd, 4319044.243, 140
Trd, 4319044.443, 140
Trd, 4319044.943, 140
Trd, 4319045.393, 140
Trd, 4319045.643, 140
Trd, 4319046.893, 140
Trd, 4319047.143, 140
Trd, 4319047.943, 140
Trd, 4319049.243, 140
Trd, 4319049.493, 140
Trd, 4319049.793, 140
Trd, 4319050.243, 60
Trd, 4319050.693, 78
Trd, 4319052.443, 60
Trd, 4319052.693, 138
Trd, 4319053.143, 138
Trd, 4319053.343, 139
Trd, 4319054.393, 140
Trd, 4319055.243, 140
Trd, 4319056.293, 140
Trd, 4319056.593, 140
Trd, 4319056.743, 139
Trd, 4319057.043, 139
Trd, 4319057.343, 140
Trd, 4319057.743, 140
Trd, 4319057.843, 138
Trd, 4319058.543, 140
Trd, 4319059.643, 140
Trd, 4319060.493, 139
Trd, 4319060.793, 140
Trd, 4319062.343, 140
Trd, 4319063.243, 140
Trd, 4319064.443, 140
Trd, 4319065.343, 140
Trd, 4319065.743, 140
Trd, 4319067.143, 140
Trd, 4319067.243, 140
Trd, 4319068.243, 140
Trd, 4319068.443, 140
Trd, 4319071.643, 140
Trd, 4319071.693, 140
Trd, 4319071.743, 140
Trd, 4319071.793, 140
Trd, 4319072.043, 140
Trd, 4319072.843, 140
Trd, 4319073.643, 140
Trd, 4319074.293, 140
Trd, 4319075.043, 140
Trd, 4319075.093, 140
Trd, 4319075.343, 138
Trd, 4319076.493, 139
Trd, 4319078.743, 140
Trd, 4319079.293, 140
Trd, 4319079.443, 140
Trd, 4319080.143, 140
Trd, 4319081.493, 140
Trd, 4319082.593, 140
Trd, 4319082.693, 140
Trd, 4319083.343, 140
Trd, 4319083.643, 140
Trd, 4319084.143, 140
Trd, 4319084.243, 140
Trd, 4319084.893, 139
Trd, 4319085.143, 110
Trd, 4319085.893, 139
Trd, 4319086.543, 138
Trd, 4319087.143, 140
Trd, 4319087.193, 64
Trd, 4319088.393, 138
Trd, 4319089.243, 140
Trd, 4319090.393, 140
Trd, 4319090.943, 140
Trd, 4319091.293, 139
Trd, 4319091.493, 139
Trd, 4319092.793, 139
Trd, 4319093.693, 129
Trd, 4319094.043, 140
Trd, 4319094.443, 140
Trd, 4319095.443, 140
Trd, 4319096.493, 140
Trd, 4319096.643, 140
Trd, 4319097.193, 140
Trd, 4319098.593, 140
Trd, 4319098.993, 140
Trd, 4319099.493, 140
Trd, 4319099.643, 140
Trd, 4319100.943, 140
Trd, 4319102.043, 140
Trd, 4319102.943, 140
Trd, 4319103.293, 140
Trd, 4319103.493, 139
Trd, 4319104.243, 137
Trd, 4319106.193, 140
Trd, 4319106.443, 140
Trd, 4319107.493, 140
Trd, 4319107.643, 140
Trd, 4319108.043, 140
Trd, 4319108.393, 138
Trd, 4319108.843, 139
Trd, 4319109.043, 140
Trd, 4319109.593, 138
Trd, 4319110.993, 140
Trd, 4319111.193, 140
Trd, 4319111.793, 137
Trd, 4319114.443, 140
Trd, 4319114.643, 140
Trd, 4319115.843, 140
Trd, 4319116.543, 140
Trd, 4319116.793, 140
Trd, 4319117.493, 140
Trd, 4319118.093, 140
Trd, 4319118.293, 140
Trd, 4319119.843, 140
Trd, 4319121.243, 140
Trd, 4319121.893, 140
Trd, 4319122.993, 140
Trd, 4319123.043, 139
Trd, 4319123.393, 140
Trd, 4319123.793, 140
Trd, 4319123.893, 139
Trd, 4319124.393, 138
Trd, 4319125.143, 139
Trd, 4319126.093, 140
Trd, 4319126.893, 140
Trd, 4319128.443, 140
Trd, 4319128.543, 140
Trd, 4319128.893, 138
Trd, 4319130.993, 140
Trd, 4319131.843, 140
Trd, 4319132.343, 140
Trd, 4319133.593, 140
Trd, 4319133.793, 140
Trd, 4319134.793, 139
Trd, 4319135.993, 140
Trd, 4319137.093, 140
Trd, 4319137.293, 140
Trd, 4319137.443, 140
Trd, 4319139.493, 140
Trd, 4319140.543, 140
Trd, 4319141.693, 140
Trd, 4319143.293, 140
Trd, 4319143.543, 140
Trd, 4319143.793, 140
Trd, 4319144.643, 140
Trd, 4319144.793, 140
Trd, 4319145.193, 140
Trd, 4319145.493, 140
Trd, 4319146.443, 137
Trd, 4319146.793, 140
Trd, 4319147.843, 139
Trd, 4319147.943, 138
Trd, 4319148.143, 125
Trd, 4319149.443, 139
Trd, 4319149.993, 140
Trd, 4319150.593, 140
Trd, 4319150.843, 140
Trd, 4319151.143, 137
Trd, 4319152.693, 140
Trd, 4319152.843, 139
Trd, 4319153.393, 135
Trd, 4319153.493, 132
Trd, 4319153.943, 85
Trd, 4319154.143, 105
Trd, 4319154.993, 140
Trd, 4319156.193, 140
Trd, 4319156.343, 140
Trd, 4319156.643, 139
Trd, 4319157.043, 139
Trd, 4319157.493, 140
Trd, 4319159.143, 140
Trd, 4319160.793, 140
Trd, 4319161.543, 140
Trd, 4319161.893, 140
Trd, 4319162.193, 140
Trd, 4319162.743, 140
Trd, 4319164.443, 140
Trd, 4319164.593, 140
Trd, 4319165.193, 140
Trd, 4319166.943, 140
Trd, 4319167.143, 140
Trd, 4319167.543, 140
Trd, 4319169.193, 140
Trd, 4319169.343, 140
Trd, 4319169.593, 140
Trd, 4319170.293, 140
Trd, 4319170.393, 140
Trd, 4319170.993, 140
Trd, 4319171.593, 140
Trd, 4319173.243, 140
Trd, 4319173.693, 140
Trd, 4319174.343, 140
Trd, 4319175.043, 140
Trd, 4319175.693, 140
Trd, 4319176.043, 140
Trd, 4319176.493, 138
Trd, 4319177.593, 140
Trd, 4319177.843, 139
Trd, 4319178.043, 138
Trd, 4319178.293, 63
Trd, 4319178.593, 139
Trd, 4319180.493, 139
Trd, 4319181.193, 140
Trd, 4319181.793, 140
Trd, 4319182.493, 140
Trd, 4319184.493, 140
Trd, 4319184.743, 140
Trd, 4319185.043, 140
Trd, 4319185.443, 140
Trd, 4319185.743, 140
Trd, 4319185.943, 140
Trd, 4319187.493, 140
Trd, 4319188.093, 140
Trd, 4319188.743, 140
Trd, 4319189.443, 139
Trd, 4319190.693, 140
Trd, 4319190.943, 139
Trd, 4319191.393, 139
Trd, 4319191.543, 138
Trd, 4319193.293, 140
Trd, 4319193.643, 140
Trd, 4319194.893, 140
Trd, 4319196.443, 140
Trd, 4319197.243, 140
Trd, 4319197.943, 140
Trd, 4319198.743, 140
Trd, 4319200.093, 140
Trd, 4319200.193, 140
Trd, 4319200.493, 140
Trd, 4319200.793, 140
Trd, 4319204.393, 140
Trd, 4319205.043, 140
Trd, 4319205.493, 140
Trd, 4319206.043, 140
Trd, 4319206.743, 140
Trd, 4319207.843, 140
Trd, 4319208.143, 140
Trd, 4319208.443, 140
Trd, 4319208.693, 138
Trd, 4319209.993, 140
Trd, 4319211.143, 140
Trd, 4319212.043, 140
Trd, 4319212.143, 140
Trd, 4319212.493, 140
Trd, 4319212.543, 140
Trd, 4319212.743, 139
Trd, 4319214.693, 140
Trd, 4319215.093, 140
Trd, 4319215.693, 140
Trd, 4319215.943, 140
Trd, 4319216.243, 140
Trd, 4319216.343, 140
Trd, 4319216.393, 68
Trd, 4319218.193, 61
Trd, 4319218.743, 139
Trd, 4319219.243, 134
Trd, 4319220.193, 140
Trd, 4319220.793, 140
Trd, 4319220.893, 139
Trd, 4319223.393, 140
Trd, 4319224.343, 140
Trd, 4319224.393, 140
Trd, 4319224.443, 140
Trd, 4319225.293, 140
Trd, 4319225.343, 139
Trd, 4319225.793, 139
Trd, 4319226.993, 139
Trd, 4319227.293, 140
Trd, 4319227.343, 97
Trd, 4319229.493, 140
Trd, 4319229.543, 140
Trd, 4319229.943, 140
Trd, 4319230.343, 140
Trd, 4319231.193, 139
Trd, 4319231.693, 139
Trd, 4319232.093, 60
Trd, 4319234.243, 140
Trd, 4319234.293, 140
Trd, 4319234.793, 140
Trd, 4319236.293, 140
Trd, 4319236.343, 140
Trd, 4319236.543, 138
Trd, 4319237.343, 139
Trd, 4319237.443, 109
Trd, 4319238.393, 139
Trd, 4319239.443, 140
Trd, 4319241.043, 140
Trd, 4319242.143, 140
Trd, 4319242.843, 140
Trd, 4319243.043, 140
Trd, 4319243.543, 140
Trd, 4319244.093, 140
Trd, 4319244.943, 139
Trd, 4319246.593, 140
Trd, 4319246.793, 140
Trd, 4319248.193, 140
Trd, 4319249.293, 140
Trd, 4319250.543, 140
Trd, 4319250.943, 140
Trd, 4319251.293, 140
Trd, 4319251.993, 140
Trd, 4319253.693, 140
Trd, 4319254.393, 140
Trd, 4319254.743, 140
Trd, 4319255.543, 140
Trd, 4319256.593, 140
Trd, 4319257.093, 140
Trd, 4319257.893, 140
Trd, 4319257.943, 140
Trd, 4319258.243, 139
Trd, 4319258.743, 139
Trd, 4319260.093, 140
Trd, 4319260.193, 140
Trd, 4319260.693, 139
Trd, 4319262.393, 140
Trd, 4319262.443, 140
Trd, 4319262.543, 139
Trd, 4319262.643, 139
Trd, 4319263.343, 140
Trd, 4319264.343, 140
Trd, 4319265.193, 140
Trd, 4319265.293, 140
Trd, 4319267.993, 140
Trd, 4319268.143, 140
Trd, 4319268.593, 140
Trd, 4319269.093, 140
Trd, 4319269.693, 140
Trd, 4319270.693, 139
Trd, 4319271.043, 140
Trd, 4319271.293, 140
Trd, 4319271.793, 100
Trd, 4319272.993, 140
Trd, 4319273.793, 139
Trd, 4319275.143, 140
Trd, 4319275.693, 140
Trd, 4319276.443, 140
Trd, 4319276.493, 140
Trd, 4319276.843, 139
Trd, 4319277.293, 140
Trd, 4319279.543, 140
Trd, 4319279.593, 140
Trd, 4319280.043, 140
Trd, 4319280.093, 139
Trd, 4319281.043, 140
Trd, 4319281.143, 139
Trd, 4319281.893, 139
Trd, 4319283.243, 138
Trd, 4319283.643, 140
Trd, 4319284.143, 140
Trd, 4319284.743, 140
Trd, 4319285.843, 140
Trd, 4319286.343, 140
Trd, 4319286.793, 138
Trd, 4319287.593, 140
Trd, 4319287.843, 62
Trd, 4319288.093, 70
Trd, 4319289.843, 69
Trd, 4319289.943, 121
Trd, 4319290.043, 68
Trd, 4319290.143, 133
Trd, 4319291.493, 140
Trd, 4319291.943, 140
Trd, 4319292.143, 140
Trd, 4319295.393, 140
Trd, 4319295.643, 140
Trd, 4319295.993, 140
Trd, 4319296.193, 140
Trd, 4319296.793, 140
Trd, 4319297.793, 140
Trd, 4319298.743, 140
Trd, 4319299.393, 140
Trd, 4319300.643, 140
Trd, 4319301.493, 140
Trd, 4319301.993, 140
Trd, 4319302.293, 140
Trd, 4319302.393, 140
Trd, 4319303.643, 140
Trd, 4319304.243, 140
Trd, 4319305.393, 140
Trd, 4319305.793, 139
Trd, 4319306.893, 140
Trd, 4319308.493, 140
Trd, 4319308.743, 140
Trd, 4319308.793, 139
Trd, 4319309.293, 140
Trd, 4319309.993, 140
Trd, 4319310.593, 140
Trd, 4319311.543, 140
Trd, 4319312.093, 140
Trd, 4319313.293, 139
Trd, 4319314.793, 140
Trd, 4319315.043, 139
Trd, 4319315.093, 137
Trd, 4319316.543, 64
Trd, 4319316.643, 73
Trd, 4319317.393, 139
Trd, 4319317.493, 139
Trd, 4319318.293, 135
Trd, 4319318.543, 94
Trd, 4319319.493, 140
Trd, 4319319.543, 139
Trd, 4319319.793, 65
Trd, 4319321.943, 140
Trd, 4319321.993, 140
Trd, 4319322.543, 140
Trd, 4319323.393, 140
Trd, 4319324.243, 140
Trd, 4319324.393, 140
Trd, 4319324.693, 140
Trd, 4319325.543, 140
Trd, 4319325.843, 138
Trd, 4319326.643, 139
Trd, 4319327.743, 140
Trd, 4319328.743, 140
Trd, 4319328.793, 140
Trd, 4319329.893, 140
Trd, 4319331.243, 140
Trd, 4319331.793, 139
Trd, 4319332.243, 139
Trd, 4319333.743, 140
Trd, 4319334.443, 138
Trd, 4319334.493, 114
Trd, 4319335.143, 140
Trd, 4319335.293, 140
Trd, 4319336.093, 134
Trd, 4319337.593, 138
Trd, 4319338.143, 140
Trd, 4319339.093, 140
Trd, 4319339.393, 138
Trd, 4319339.743, 140
Trd, 4319340.943, 140
Trd, 4319340.993, 139
Trd, 4319342.543, 140
Trd, 4319343.493, 140
Trd, 4319343.543, 139
Trd, 4319345.043, 139
Trd, 4319345.943, 140
Trd, 4319346.093, 139
Trd, 4319346.643, 139
Trd, 4319348.443, 140
Trd, 4319349.443, 140
Trd, 4319349.493, 140
Trd, 4319349.793, 140
Trd, 4319350.293, 140
Trd, 4319350.693, 140
Trd, 4319351.043, 140
Trd, 4319351.893, 140
Trd, 4319352.093, 140
Trd, 4319353.043, 140
Trd, 4319355.043, 140
Trd, 4319355.393, 140
Trd, 4319355.843, 140
Trd, 4319356.043, 140
Trd, 4319357.243, 140
Trd, 4319357.443, 140
Trd, 4319359.143, 140
Trd, 4319359.643, 140
Trd, 4319361.193, 140
Trd, 4319362.743, 140
Trd, 4319362.843, 140
Trd, 4319362.993, 140
Trd, 4319364.193, 140
Trd, 4319364.293, 140
Trd, 4319364.593, 140
Trd, 4319365.843, 140
Trd, 4319366.593, 140
Trd, 4319368.743, 140
Trd, 4319369.593, 140
Trd, 4319370.143, 140
Trd, 4319370.493, 140
Trd, 4319371.243, 140
Trd, 4319371.543, 140
Trd, 4319372.293, 140
Trd, 4319373.293, 140
Trd, 4319374.593, 140
Trd, 4319374.943, 140
Trd, 4319376.293, 140
Trd, 4319376.793, 140
Trd, 4319377.193, 140
Trd, 4319377.343, 140
Trd, 4319377.393, 139
Trd, 4319378.393, 140
Trd, 4319379.093, 140
Trd, 4319379.893, 133
Trd, 4319380.693, 63
Trd, 4319380.943, 64
Trd, 4319381.643, 69
Trd, 4319381.843, 78
Trd, 4319382.943, 60
Trd, 4319384.143, 140
Trd, 4319384.193, 139
Trd, 4319384.943, 72
Trd, 4319386.593, 140
Trd, 4319387.243, 140
Trd, 4319387.793, 140
Trd, 4319388.093, 139
Trd, 4319389.843, 140
Trd, 4319390.343, 140
Trd, 4319390.643, 140
Trd, 4319391.543, 140
Trd, 4319392.193, 140
Trd, 4319392.293, 139
Trd, 4319392.493, 139
Trd, 4319392.893, 128
Trd, 4319393.543, 140
Trd, 4319394.593, 139
Trd, 4319394.993, 139
Trd, 4319396.593, 139
Trd, 4319398.293, 139
Trd, 4319398.693, 140
Trd, 4319398.843, 140
Trd, 4319399.043, 139
Trd, 4319399.243, 139
Trd, 4319400.043, 139
Trd, 4319402.493, 140
Trd, 4319402.793, 140
Trd, 4319403.643, 140
Trd, 4319403.943, 140
Trd, 4319404.043, 140
Trd, 4319404.643, 139
Trd, 4319405.043, 140
Trd, 4319406.193, 140
Trd, 4319406.693, 139
Trd, 4319407.443, 138
Trd, 4319408.143, 140
Trd, 4319408.993, 140
Trd, 4319410.493, 140
Trd, 4319411.443, 140
Trd, 4319412.043, 140
Trd, 4319412.093, 139
Trd, 4319412.743, 139
Trd, 4319413.193, 132
Trd, 4319414.193, 62
Trd, 4319415.243, 64
Trd, 4319415.593, 63
Trd, 4319415.893, 71
Trd, 4319416.793, 140
Trd, 4319417.093, 140
Trd, 4319418.043, 85
Trd, 4319418.193, 70
Trd, 4319419.293, 140
Trd, 4319419.943, 140
Trd, 4319420.093, 140
Trd, 4319420.593, 140
Trd, 4319421.293, 140
Trd, 4319421.493, 140
Trd, 4319422.643, 86
Trd, 4319423.793, 62
Trd, 4319424.643, 61
Trd, 4319424.943, 78
Trd, 4319425.243, 114
Trd, 4319427.093, 140
Trd, 4319427.343, 140
Trd, 4319427.493, 140
Trd, 4319428.343, 140
Trd, 4319428.893, 140
Trd, 4319428.943, 86
Trd, 4319431.343, 140
Trd, 4319431.693, 139
Trd, 4319432.143, 138
Trd, 4319432.643, 139
Trd, 4319432.693, 137
Trd, 4319433.743, 140
Trd, 4319434.943, 140
Trd, 4319435.643, 140
Trd, 4319435.993, 140
Trd, 4319437.443, 140
Trd, 4319437.793, 140
Trd, 4319437.843, 140
Trd, 4319440.093, 140
Trd, 4319441.843, 140
Trd, 4319442.143, 140
Trd, 4319442.593, 140
Trd, 4319442.693, 140
Trd, 4319443.393, 114
Trd, 4319443.943, 140
Trd, 4319445.143, 140
Trd, 4319446.943, 140
Trd, 4319448.093, 140
Trd, 4319448.443, 140
Trd, 4319448.493, 139
Trd, 4319448.843, 139
Trd, 4319449.043, 139
Trd, 4319450.193, 140
Trd, 4319451.643, 140
Trd, 4319452.193, 140
Trd, 4319452.593, 140
Trd, 4319453.993, 140
Trd, 4319454.993, 140
Trd, 4319455.743, 140
Trd, 4319456.043, 140
Trd, 4319456.543, 140
Trd, 4319458.043, 140
Trd, 4319459.393, 140
Trd, 4319459.643, 140
Trd, 4319460.243, 140
Trd, 4319460.293, 140
Trd, 4319461.393, 140
Trd, 4319462.243, 140
Trd, 4319462.893, 139
Trd, 4319463.743, 140
Trd, 4319464.643, 140
Trd, 4319465.043, 140
Trd, 4319466.143, 140
Trd, 4319466.843, 140
Trd, 4319467.493, 140
Trd, 4319467.743, 140
Trd, 4319467.893, 140
Trd, 4319468.243, 138
Trd, 4319468.393, 136
Trd, 4319469.493, 140
Trd, 4319469.843, 63
Trd, 4319470.193, 139
Trd, 4319470.593, 140
Trd, 4319471.543, 140
Trd, 4319471.893, 140
Trd, 4319472.493, 140
Trd, 4319473.493, 140
Trd, 4319474.393, 140
Trd, 4319475.393, 140
Trd, 4319475.593, 140
Trd, 4319475.893, 140
Trd, 4319476.043, 140
Trd, 4319477.193, 140
Trd, 4319477.893, 140
Trd, 4319478.043, 137
Trd, 4319478.843, 140
Trd, 4319479.243, 140
Trd, 4319479.743, 64
Trd, 4319479.893, 138
Trd, 4319482.643, 139
Trd, 4319482.993, 140
Trd, 4319483.343, 140
Trd, 4319483.493, 139
Trd, 4319483.893, 62
Trd, 4319484.443, 79
Trd, 4319485.043, 140
Trd, 4319485.393, 140
Trd, 4319486.143, 140
Trd, 4319486.193, 140
Trd, 4319487.743, 109
Trd, 4319488.043, 122
Trd, 4319488.093, 108
Trd, 4319488.493, 86
Trd, 4319489.243, 82
Trd, 4319490.593, 113
Trd, 4319490.943, 138
Trd, 4319492.693, 140
Trd, 4319492.943, 140
Trd, 4319493.293, 140
Trd, 4319493.743, 140
Trd, 4319494.793, 140
Trd, 4319496.093, 140
Trd, 4319496.243, 139
Trd, 4319497.443, 140
Trd, 4319498.143, 135
Trd, 4319498.693, 140
Trd, 4319498.743, 137
Trd, 4319499.293, 117
Trd, 4319500.043, 68
Trd, 4319500.843, 140
Trd, 4319501.093, 140
Trd, 4319501.243, 140
Trd, 4319502.393, 140
Trd, 4319504.893, 140
Trd, 4319505.493, 140
Trd, 4319505.943, 140
Trd, 4319506.143, 140
Trd, 4319507.593, 140
Trd, 4319507.693, 140
Trd, 4319507.943, 139
Trd, 4319508.593, 140
Trd, 4319509.793, 140
Trd, 4319510.193, 140
Trd, 4319510.793, 140
Trd, 4319511.843, 140
Trd, 4319511.993, 139
Trd, 4319512.693, 140
Trd, 4319512.743, 139
Trd, 4319514.543, 140
Trd, 4319514.693, 140
Trd, 4319514.793, 139
Trd, 4319516.143, 140
Trd, 4319516.193, 138
Trd, 4319516.543, 131
Trd, 4319517.593, 140
Trd, 4319518.843, 140
Trd, 4319518.993, 138
Trd, 4319519.243, 140
Trd, 4319519.543, 113
Trd, 4319519.943, 118
Trd, 4319520.793, 140
Trd, 4319521.593, 139
Trd, 4319521.743, 139
Trd, 4319523.693, 140
Trd, 4319524.493, 140
Trd, 4319524.943, 140
Trd, 4319525.743, 140
Trd, 4319526.393, 140
Trd, 4319528.143, 140
Trd, 4319528.743, 140
Trd, 4319528.893, 140
Trd, 4319528.993, 140
Trd, 4319529.943, 140
Trd, 4319530.393, 140
Trd, 4319531.093, 140
Trd, 4319531.243, 139
Trd, 4319532.343, 140
Trd, 4319533.793, 140
Trd, 4319534.843, 140
Trd, 4319535.543, 140
Trd, 4319536.643, 140
Trd, 4319537.093, 140
Trd, 4319537.143, 140
Trd, 4319537.543, 140
Trd, 4319538.743, 140
Trd, 4319540.093, 140
Trd, 4319540.593, 140
Trd, 4319540.993, 140
Trd, 4319541.143, 140
Trd, 4319542.943, 140
Trd, 4319543.043, 140
Trd, 4319543.243, 139
Trd, 4319543.893, 140
Trd, 4319544.193, 139
Trd, 4319545.193, 140
Trd, 4319545.343, 139
Trd, 4319546.843, 140
Trd, 4319548.693, 140
Trd, 4319548.893, 140
Trd, 4319549.193, 139
Trd, 4319549.643, 139
Trd, 4319549.743, 139
Trd, 4319551.193, 140
Trd, 4319552.493, 140
Trd, 4319552.543, 140
Trd, 4319552.993, 140
Trd, 4319553.193, 140
Trd, 4319555.193, 140
Trd, 4319555.343, 140
Trd, 4319555.493, 140
Trd, 4319556.293, 140
Trd, 4319556.393, 140
Trd, 4319556.943, 140
Trd, 4319557.243, 139
Trd, 4319557.593, 138
Trd, 4319559.043, 140
Trd, 4319559.493, 140
Trd, 4319559.693, 140
Trd, 4319561.243, 140
Trd, 4319562.843, 140
Trd, 4319563.443, 139
Trd, 4319563.643, 140
Trd, 4319563.793, 139
Trd, 4319565.793, 140
Trd, 4319566.293, 140
Trd, 4319566.643, 140
Trd, 4319567.643, 140
Trd, 4319568.143, 140
Trd, 4319570.393, 140
Trd, 4319570.543, 140
Trd, 4319571.943, 140
Trd, 4319572.143, 140
Trd, 4319572.793, 140
Trd, 4319573.193, 140
Trd, 4319573.243, 140
Trd, 4319573.593, 140
Trd, 4319575.093, 140
Trd, 4319575.243, 140
Trd, 4319575.543, 138
Trd, 4319575.943, 140
Trd, 4319576.793, 140
Trd, 4319577.643, 123
Trd, 4319578.843, 140
Trd, 4319578.943, 140
Trd, 4319580.743, 140
Trd, 4319582.493, 140
Trd, 4319582.993, 140
Trd, 4319584.393, 140
Trd, 4319585.243, 140
Trd, 4319585.593, 140
Trd, 4319586.493, 140
Trd, 4319586.643, 139
Trd, 4319587.443, 140
Trd, 4319587.843, 140
Trd, 4319589.143, 140
Trd, 4319589.693, 140
Trd, 4319590.493, 140
Trd, 4319591.493, 140
Trd, 4319591.543, 140
Trd, 4319592.193, 140
Trd, 4319592.593, 139
Trd, 4319593.343, 140
Trd, 4319593.543, 140
Trd, 4319595.043, 140
Trd, 4319596.293, 140
Trd, 4319596.643, 140
Trd, 4319596.943, 140
Trd, 4319597.693, 140
Trd, 4319598.593, 140
Trd, 4319598.643, 140
Trd, 4319600.143, 140
Trd, 4319600.393, 140
Trd, 4319600.893, 140
Trd, 4319602.093, 140
Trd, 4319603.193, 140
Trd, 4319603.943, 140
Trd, 4319605.443, 140
Trd, 4319605.693, 140
Trd, 4319605.943, 140
Trd, 4319606.993, 140
Trd, 4319608.093, 139
Trd, 4319609.093, 140
Trd, 4319609.543, 140
Trd, 4319610.543, 140
Trd, 4319610.693, 140
Trd, 4319611.743, 140
Trd, 4319612.043, 139
Trd, 4319613.043, 140
Trd, 4319615.143, 140
Trd, 4319615.293, 140
Trd, 4319615.343, 140
Trd, 4319615.693, 140
Trd, 4319616.943, 140
Trd, 4319617.843, 140
Trd, 4319618.593, 140
Trd, 4319619.643, 140
Trd, 4319619.843, 140
Trd, 4319620.243, 140
Trd, 4319620.693, 140
Trd, 4319620.793, 138
Trd, 4319621.393, 136
Trd, 4319622.443, 139
Trd, 4319622.543, 66
Trd, 4319622.843, 140
Trd, 4319623.443, 140
Trd, 4319625.243, 136
Trd, 4319625.893, 60
Trd, 4319626.093, 78
Trd, 4319626.193, 139
Trd, 4319627.443, 138
Trd, 4319627.843, 60
Trd, 4319628.643, 108
Trd, 4319629.143, 61
Trd, 4319630.093, 139
Trd, 4319630.893, 67
Trd, 4319630.943, 76
Trd, 4319632.543, 60
Trd, 4319632.793, 61
Trd, 4319633.343, 61
Trd, 4319635.043, 61
Trd, 4319635.093, 78
Trd, 4319635.393, 106
Trd, 4319636.593, 60
Trd, 4319637.543, 61
Trd, 4319637.793, 63
Trd, 4319638.143, 71
Trd, 4319639.043, 140
Trd, 4319639.293, 139
Trd, 4319639.593, 139
Trd, 4319640.593, 139
Trd, 4319642.243, 140
Trd, 4319642.393, 140
Trd, 4319643.243, 140
Trd, 4319643.893, 140
Trd, 4319644.143, 140
Trd, 4319645.043, 140
Trd, 4319645.243, 139
Trd, 4319647.193, 140
Trd, 4319648.993, 140
Trd, 4319649.093, 140
Trd, 4319649.193, 140
Trd, 4319649.793, 140
Trd, 4319650.493, 140
Trd, 4319651.393, 140
Trd, 4319651.443, 140
Trd, 4319653.243, 140
Trd, 4319654.143, 140
Trd, 4319654.393, 140
Trd, 4319654.793, 140
Trd, 4319654.993, 134
Trd, 4319655.993, 140
Trd, 4319656.193, 140
Trd, 4319656.793, 140
Trd, 4319658.993, 140
Trd, 4319659.243, 140
Trd, 4319659.593, 140
Trd, 4319660.443, 140
Trd, 4319661.343, 139
Trd, 4319661.843, 139
Trd, 4319662.693, 140
Trd, 4319662.743, 138
Trd, 4319662.843, 139
Trd, 4319663.243, 138
Trd, 4319663.393, 106
Trd, 4319666.793, 140
Trd, 4319666.843, 140
Trd, 4319667.143, 139
Trd, 4319667.593, 139
Trd, 4319668.043, 140
Trd, 4319668.443, 140
Trd, 4319669.543, 140
Trd, 4319669.943, 139
Trd, 4319671.093, 138
Trd, 4319671.543, 140
Trd, 4319672.293, 140
Trd, 4319673.043, 140
Trd, 4319674.393, 139
Trd, 4319674.893, 139
Trd, 4319675.893, 140
Trd, 4319676.093, 140
Trd, 4319677.243, 139
Trd, 4319678.043, 124
Trd, 4319678.443, 114
Trd, 4319679.443, 139
Trd, 4319679.593, 139
Trd, 4319681.293, 140
Trd, 4319682.043, 140
Trd, 4319682.243, 140
Trd, 4319682.393, 140
Trd, 4319683.593, 140
Trd, 4319684.343, 140
Trd, 4319684.543, 134
Trd, 4319684.793, 140
Trd, 4319686.643, 140
Trd, 4319686.943, 140
Trd, 4319687.943, 140
Trd, 4319688.593, 140
Trd, 4319689.793, 140
Trd, 4319690.293, 140
Trd, 4319690.843, 140
Trd, 4319691.543, 140
Trd, 4319692.143, 140
Trd, 4319692.243, 140
Trd, 4319693.393, 140
Trd, 4319693.493, 140
Trd, 4319694.193, 138
Trd, 4319694.843, 139
Trd, 4319696.193, 140
Trd, 4319696.793, 140
Trd, 4319697.043, 140
Trd, 4319697.593, 140
Trd, 4319698.443, 139
Trd, 4319699.593, 140
Trd, 4319699.693, 140
Trd, 4319700.043, 140
Trd, 4319700.293, 136
Trd, 4319701.243, 140
Trd, 4319701.593, 140
Trd, 4319702.943, 140
Trd, 4319703.043, 139
Trd, 4319703.243, 139
Trd, 4319704.943, 140
Trd, 4319705.843, 139
Trd, 4319706.043, 140
Trd, 4319706.343, 138
Trd, 4319706.443, 138
Trd, 4319707.543, 97
Trd, 4319708.543, 62
Trd, 4319708.593, 71
Trd, 4319709.193, 63
Trd, 4319710.493, 137
Trd, 4319710.893, 140
Trd, 4319711.393, 140
Trd, 4319712.193, 67
Trd, 4319712.643, 61
Trd, 4319712.993, 76
Trd, 4319714.693, 140
Trd, 4319715.243, 139
Trd, 4319715.393, 137
Trd, 4319716.793, 140
Trd, 4319717.493, 140
Trd, 4319718.143, 140
Trd, 4319718.793, 140
Trd, 4319719.343, 140
Trd, 4319719.943, 140
Trd, 4319720.443, 140
Trd, 4319720.693, 140
Trd, 4319721.043, 140
Trd, 4319721.443, 139
Trd, 4319722.043, 140
Trd, 4319723.743, 140
Trd, 4319724.293, 140
Trd, 4319724.843, 140
Trd, 4319725.043, 139
Trd, 4319726.943, 140
Trd, 4319727.043, 139
Trd, 4319727.293, 140
Trd, 4319728.093, 140
Trd, 4319728.593, 139
Trd, 4319728.993, 139
Trd, 4319729.893, 140
Trd, 4319730.343, 140
Trd, 4319731.293, 140
Trd, 4319732.193, 140
Trd, 4319732.443, 140
Trd, 4319732.493, 140
Trd, 4319734.993, 140
Trd, 4319735.143, 139
Trd, 4319735.493, 140
Trd, 4319736.993, 140
Trd, 4319737.143, 140
Trd, 4319737.793, 140
Trd, 4319737.843, 139
Trd, 4319738.343, 140
Trd, 4319739.643, 140
Trd, 4319740.693, 140
Trd, 4319741.093, 138
Trd, 4319742.843, 140
Trd, 4319743.243, 140
Trd, 4319743.943, 140
Trd, 4319744.293, 139
Trd, 4319745.093, 140
Trd, 4319745.843, 140
Trd, 4319746.843, 140
Trd, 4319746.943, 137
Trd, 4319747.543, 140
Trd, 4319747.893, 139
Trd, 4319748.343, 139
Trd, 4319749.643, 140
Trd, 4319750.043, 140
Trd, 4319750.993, 60
Trd, 4319751.443, 88
Trd, 4319752.043, 60
Trd, 4319752.343, 83
Trd, 4319753.093, 139
Trd, 4319753.793, 97
Trd, 4319754.193, 63
Trd, 4319755.143, 60
Trd, 4319756.243, 63
Trd, 4319756.293, 71
Trd, 4319757.843, 61
Trd, 4319758.193, 78
Trd, 4319758.993, 93
Trd, 4319759.243, 140
Trd, 4319760.543, 68
Trd, 4319761.043, 86
Trd, 4319761.493, 94
Trd, 4319761.993, 139
Trd, 4319763.443, 60
Trd, 4319763.543, 60
Trd, 4319763.943, 62
Trd, 4319764.793, 71
Trd, 4319765.293, 64
Trd, 4319766.243, 67
Trd, 4319767.793, 83
Trd, 4319768.643, 60
Trd, 4319769.243, 61
Trd, 4319769.993, 61
Trd, 4319770.443, 62
Trd, 4319771.093, 63
Trd, 4319771.643, 71
Trd, 4319773.493, 63
Trd, 4319774.443, 140
Trd, 4319774.493, 140
Trd, 4319775.093, 140
Trd, 4319775.193, 139
Trd, 4319775.993, 140
Trd, 4319777.443, 140
Trd, 4319778.493, 140
Trd, 4319779.243, 140
Trd, 4319780.543, 140
Trd, 4319780.693, 140
Trd, 4319782.643, 140
Trd, 4319782.693, 140
Trd, 4319783.693, 140
Trd, 4319783.743, 139
Trd, 4319785.043, 140
Trd, 4319785.643, 140
Trd, 4319786.243, 140
Trd, 4319787.693, 140
Trd, 4319787.793, 139
Trd, 4319789.193, 140
Trd, 4319789.893, 140
Trd, 4319789.943, 140
Trd, 4319790.943, 140
Trd, 4319791.643, 140
Trd, 4319792.143, 140
Trd, 4319792.643, 140
Trd, 4319793.843, 140
Trd, 4319794.343, 139
Trd, 4319794.543, 139
Trd, 4319795.343, 140
Trd, 4319796.193, 140
Trd, 4319796.443, 140
Trd, 4319797.893, 140
Trd, 4319799.143, 140
Trd, 4319799.543, 140
Trd, 4319799.643, 140
Trd, 4319800.093, 138
Trd, 4319800.143, 72
Trd, 4319802.043, 140
Trd, 4319802.693, 140
Trd, 4319802.743, 139
Trd, 4319802.893, 139
Trd, 4319803.743, 134
Trd, 4319804.243, 140
Trd, 4319805.193, 140
Trd, 4319806.593, 140
Trd, 4319807.093, 140
Trd, 4319807.193, 140
Trd, 4319808.593, 140
Trd, 4319808.943, 140
Trd, 4319809.243, 139
Trd, 4319809.893, 140
Trd, 4319810.443, 138
Trd, 4319811.343, 140
Trd, 4319811.543, 139
Trd, 4319812.393, 140
Trd, 4319812.693, 139
Trd, 4319814.943, 140
Trd, 4319815.543, 140
Trd, 4319817.543, 140
Trd, 4319817.693, 139
Trd, 4319818.093, 140
Trd, 4319819.043, 140
Trd, 4319819.293, 140
Trd, 4319819.743, 140
Trd, 4319820.793, 140
Trd, 4319821.443, 140
Trd, 4319822.243, 140
Trd, 4319823.293, 140
Trd, 4319823.543, 140
Trd, 4319824.493, 140
Trd, 4319824.693, 140
Trd, 4319826.343, 140
Trd, 4319826.693, 140
Trd, 4319826.893, 140
Trd, 4319827.043, 130
Trd, 4319828.143, 140
Trd, 4319828.943, 140
Trd, 4319829.143, 140
Trd, 4319830.043, 139
Trd, 4319830.443, 140
Trd, 4319831.443, 140
Trd, 4319832.193, 140
Trd, 4319833.343, 140
Trd, 4319834.143, 140
Trd, 4319834.343, 140
Trd, 4319835.343, 140
Trd, 4319835.443, 140
Trd, 4319836.143, 140
Trd, 4319836.593, 139
Trd, 4319837.643, 140
Trd, 4319838.343, 139
Trd, 4319838.643, 140
Trd, 4319839.993, 140
Trd, 4319840.293, 140
Trd, 4319840.343, 140
Trd, 4319840.843, 139
Trd, 4319841.743, 140
Trd, 4319841.793, 139
Trd, 4319843.443, 140
Trd, 4319845.543, 140
Trd, 4319845.643, 140
Trd, 4319845.943, 140
Trd, 4319846.493, 138
Trd, 4319846.793, 136
Trd, 4319848.093, 138
Trd, 4319848.343, 130
Trd, 4319848.493, 125
Trd, 4319849.393, 140
Trd, 4319849.493, 125
Trd, 4319851.593, 140
Trd, 4319852.493, 140
Trd, 4319852.943, 140
Trd, 4319853.093, 140
Trd, 4319855.193, 140
Trd, 4319855.543, 140
Trd, 4319855.993, 140
Trd, 4319856.293, 140
Trd, 4319857.093, 138
Trd, 4319857.293, 137
Trd, 4319857.493, 67
Trd, 4319859.293, 140
Trd, 4319860.143, 140
Trd, 4319861.043, 140
Trd, 4319861.643, 140
Trd, 4319861.943, 139
Trd, 4319863.193, 140
Trd, 4319863.343, 140
Trd, 4319863.793, 140
Trd, 4319863.943, 138
Trd, 4319864.143, 140
Trd, 4319864.493, 139
Trd, 4319865.093, 97
Trd, 4319865.993, 140
Trd, 4319866.643, 140
Trd, 4319867.193, 131
Trd, 4319867.893, 140
Trd, 4319868.843, 140
Trd, 4319870.193, 140
Trd, 4319871.143, 140
Trd, 4319871.393, 140
Trd, 4319871.593, 140
Trd, 4319871.843, 140
Trd, 4319872.743, 140
Trd, 4319874.243, 140
Trd, 4319875.493, 140
Trd, 4319876.143, 140
Trd, 4319876.943, 140
Trd, 4319877.043, 140
Trd, 4319877.943, 140
Trd, 4319878.793, 140
Trd, 4319878.843, 140
Trd, 4319879.293, 140
Trd, 4319880.393, 140
Trd, 4319881.693, 140
Trd, 4319881.743, 140
Trd, 4319882.143, 139
Trd, 4319882.193, 139
Trd, 4319885.043, 140
Trd, 4319885.193, 139
Trd, 4319885.343, 139
Trd, 4319886.393, 140
Trd, 4319886.543, 139
Trd, 4319887.143, 137
Trd, 4319887.343, 113
Trd, 4319888.443, 114
Trd, 4319889.543, 140
Trd, 4319889.593, 140
Trd, 4319890.193, 140
Trd, 4319890.493, 140
Trd, 4319891.593, 140
Trd, 4319893.743, 140
Trd, 4319894.243, 140
Trd, 4319894.643, 140
Trd, 4319896.143, 140
Trd, 4319896.193, 139
Trd, 4319896.893, 140
Trd, 4319897.393, 140
Trd, 4319898.793, 140
Trd, 4319898.943, 140
Trd, 4319899.193, 140
Trd, 4319899.493, 140
Trd, 4319900.193, 140
Trd, 4319901.143, 140
Trd, 4319902.443, 140
Trd, 4319903.443, 140
Trd, 4319904.193, 140
Trd, 4319905.193, 140
Trd, 4319906.343, 140
Trd, 4319906.843, 140
Trd, 4319907.493, 140
Trd, 4319907.893, 140
Trd, 4319909.093, 140
Trd, 4319909.643, 140
Trd, 4319909.843, 137
Trd, 4319910.043, 113
Trd, 4319910.693, 140
Trd, 4319911.093, 140
Trd, 4319911.193, 139
Trd, 4319914.693, 140
Trd, 4319914.793, 140
Trd, 4319914.943, 139
Trd, 4319915.593, 140
Trd, 4319916.593, 140
Trd, 4319916.893, 140
Trd, 4319918.743, 140
Trd, 4319918.943, 140
Trd, 4319919.043, 140
Trd, 4319919.143, 140
Trd, 4319919.293, 140
Trd, 4319920.343, 140
Trd, 4319921.343, 140
Trd, 4319922.093, 140
Trd, 4319922.593, 139
Trd, 4319923.443, 140
Trd, 4319923.593, 140
Trd, 4319925.943, 140
Trd, 4319926.843, 140
Trd, 4319926.993, 140
Trd, 4319927.893, 140
Trd, 4319929.143, 140
Trd, 4319929.643, 139
Trd, 4319930.643, 140
Trd, 4319931.243, 140
Trd, 4319931.393, 140
Trd, 4319932.643, 140
Trd, 4319933.343, 140
Trd, 4319934.093, 140
Trd, 4319935.093, 140
Trd, 4319935.843, 140
Trd, 4319936.293, 140
Trd, 4319936.443, 140
Trd, 4319936.893, 140
Trd, 4319937.293, 140
Trd, 4319937.993, 139
Trd, 4319939.193, 140
Trd, 4319939.243, 137
Trd, 4319939.293, 137
Trd, 4319940.293, 140
Trd, 4319940.943, 139
Trd, 4319942.543, 140
Trd, 4319943.693, 108
Trd, 4319943.743, 92
Trd, 4319944.043, 89
Trd, 4319944.843, 138
Trd, 4319945.943, 140
Trd, 4319946.393, 140
Trd, 4319947.343, 140
Trd, 4319947.493, 140
Trd, 4319947.593, 140
Trd, 4319949.843, 139
Trd, 4319950.043, 139
Trd, 4319951.393, 140
Trd, 4319951.743, 140
Trd, 4319952.743, 140
Trd, 4319953.243, 140
Trd, 4319954.893, 140
Trd, 4319955.043, 140
Trd, 4319956.193, 140
Trd, 4319956.693, 140
Trd, 4319957.943, 140
Trd, 4319958.843, 140
Trd, 4319959.943, 140
Trd, 4319960.143, 139
Trd, 4319960.443, 140
Trd, 4319960.893, 140
Trd, 4319961.343, 140
Trd, 4319962.243, 140
Trd, 4319962.343, 140
Trd, 4319962.943, 140
Trd, 4319963.043, 139
Trd, 4319963.843, 140
Trd, 4319964.143, 134
Trd, 4319965.593, 140
Trd, 4319965.893, 61
Trd, 4319967.543, 140
Trd, 4319967.993, 140
Trd, 4319968.193, 140
Trd, 4319969.143, 140
Trd, 4319969.793, 140
Trd, 4319970.843, 140
Trd, 4319971.343, 140
Trd, 4319972.443, 140
Trd, 4319974.043, 140
Trd, 4319974.243, 140
Trd, 4319974.393, 140
Trd, 4319974.443, 140
Trd, 4319974.593, 138
Trd, 4319975.943, 140
Trd, 4319976.243, 138
Trd, 4319977.143, 65
Trd, 4319978.093, 139
Trd, 4319978.993, 140
Trd, 4319979.193, 140
Trd, 4319979.393, 139
Trd, 4319981.393, 140
Trd, 4319981.793, 140
Trd, 4319981.943, 139
Trd, 4319982.843, 137
Trd, 4319983.143, 139
Trd, 4319984.293, 116
Trd, 4319984.543, 139
Trd, 4319985.743, 140
Trd, 4319986.643, 140
Trd, 4319986.793, 140
Trd, 4319986.843, 138
Trd, 4319989.143, 140
Trd, 4319989.793, 140
Trd, 4319991.043, 140
Trd, 4319991.393, 139
Trd, 4319991.943, 140
Trd, 4319992.843, 140
Trd, 4319992.893, 139
Trd, 4319993.393, 139
Trd, 4319993.693, 68
Trd, 4319995.693, 140
Trd, 4319995.743, 139
Trd, 4319996.293, 140
Trd, 4319997.593, 140
Trd, 4319997.993, 140
Trd, 4319998.643, 138
Trd, 4319998.993, 140
Trd, 4319999.043, 139
Trd, 4319999.393, 99
Trd, 4319999.943, 137
