Trd, 4318108.443, 104
Trd, 4318108.643, 131
Trd, 4318109.243, 130
Trd, 4318109.493, 115
Trd, 4318109.943, 79
Trd, 4318110.743, 71
Trd, 4318111.443, 134
Trd, 4318111.593, 114
Trd, 4318112.043, 110
Trd, 4318112.693, 109
Trd, 4318113.493, 106
Trd, 4318114.343, 91
Trd, 4318116.393, 119
Trd, 4318116.593, 127
Trd, 4318117.243, 112
Trd, 4318118.743, 99
Trd, 4318119.193, 87
Trd, 4318119.643, 99
Trd, 4318120.193, 75
Trd, 4318120.793, 125
Trd, 4318121.243, 90
Trd, 4318121.843, 73
Trd, 4318122.093, 101
Trd, 4318122.493, 124
Trd, 4318122.693, 94
Trd, 4318124.543, 129
Trd, 4318125.143, 89
Trd, 4318125.543, 129
Trd, 4318125.643, 87
Trd, 4318126.543, 74
Trd, 4318127.593, 112
Trd, 4318128.343, 122
Trd, 4318129.243, 83
Trd, 4318129.643, 83
Trd, 4318130.843, 104
Trd, 4318131.343, 79
Trd, 4318131.543, 79
Trd, 4318131.693, 108
Trd, 4318132.043, 65
Trd, 4318134.243, 129
Trd, 4318134.393, 128
Trd, 4318134.493, 118
Trd, 4318135.393, 115
Trd, 4318135.843, 116
Trd, 4318137.743, 112
Trd, 4318137.793, 74
Trd, 4318138.043, 123
Trd, 4318139.143, 106
Trd, 4318140.093, 72
Trd, 4318140.743, 99
Trd, 4318140.993, 64
Trd, 4318142.193, 118
Trd, 4318142.343, 90
Trd, 4318142.743, 95
Trd, 4318142.893, 137
Trd, 4318144.243, 139
Trd, 4318145.393, 135
Trd, 4318145.943, 118
Trd, 4318146.543, 102
Trd, 4318147.243, 137
Trd, 4318148.043, 138
Trd, 4318148.693, 133
Trd, 4318149.193, 139
Trd, 4318149.843, 112
Trd, 4318150.893, 90
Trd, 4318150.993, 88
Trd, 4318151.843, 127
Trd, 4318151.943, 125
Trd, 4318152.293, 60
Trd, 4318152.443, 117
Trd, 4318152.893, 92
Trd, 4318153.693, 89
Trd, 4318154.943, 120
Trd, 4318155.993, 97
Trd, 4318156.543, 78
Trd, 4318156.743, 103
Trd, 4318157.243, 140
Trd, 4318157.993, 97
Trd, 4318158.243, 97
Trd, 4318160.193, 70
Trd, 4318160.293, 75
Trd, 4318160.543, 101
Trd, 4318161.393, 91
Trd, 4318162.993, 99
Trd, 4318163.093, 107
Trd, 4318164.043, 74
Trd, 4318164.293, 76
Trd, 4318164.593, 89
Trd, 4318164.993, 118
Trd, 4318165.493, 139
Trd, 4318167.343, 124
Trd, 4318168.443, 134
Trd, 4318168.693, 126
Trd, 4318169.193, 125
Trd, 4318170.243, 126
Trd, 4318170.343, 93
Trd, 4318171.293, 83
Trd, 4318171.693, 128
Trd, 4318172.693, 137
Trd, 4318173.093, 64
Trd, 4318174.243, 136
Trd, 4318174.393, 101
Trd, 4318174.693, 95
Trd, 4318174.843, 101
Trd, 4318175.343, 124
Trd, 4318177.293, 82
Trd, 4318178.693, 124
Trd, 4318179.693, 125
Trd, 4318179.843, 104
Trd, 4318181.193, 137
Trd, 4318181.243, 98
Trd, 4318181.693, 122
Trd, 4318182.043, 118
Trd, 4318182.543, 80
Trd, 4318183.093, 74
Trd, 4318183.293, 84
Trd, 4318185.043, 105
Trd, 4318187.693, 121
Trd, 4318187.793, 103
Trd, 4318188.393, 119
Trd, 4318188.693, 88
Trd, 4318188.893, 87
Trd, 4318189.743, 103
Trd, 4318190.693, 78
Trd, 4318190.993, 79
Trd, 4318191.193, 103
Trd, 4318192.393, 109
Trd, 4318192.643, 85
Trd, 4318193.643, 90
Trd, 4318194.143, 92
Trd, 4318194.793, 127
Trd, 4318195.243, 82
Trd, 4318196.093, 91
Trd, 4318196.243, 99
Trd, 4318197.043, 112
Trd, 4318197.493, 99
Trd, 4318197.843, 101
Trd, 4318198.993, 95
Trd, 4318200.093, 126
Trd, 4318200.143, 115
Trd, 4318203.593, 132
Trd, 4318203.793, 128
Trd, 4318204.343, 121
Trd, 4318204.643, 122
Trd, 4318204.743, 119
Trd, 4318205.493, 114
Trd, 4318205.943, 111
Trd, 4318208.393, 107
Trd, 4318208.543, 117
Trd, 4318209.193, 138
Trd, 4318209.243, 107
Trd, 4318209.593, 97
Trd, 4318210.143, 110
Trd, 4318211.593, 129
Trd, 4318212.093, 92
Trd, 4318212.643, 94
Trd, 4318212.993, 67
Trd, 4318213.493, 91
Trd, 4318214.743, 133
Trd, 4318214.943, 119
Trd, 4318215.743, 106
Trd, 4318216.243, 106
Trd, 4318216.743, 101
Trd, 4318217.893, 68
Trd, 4318218.893, 69
Trd, 4318218.993, 81
Trd, 4318219.243, 93
Trd, 4318220.643, 100
Trd, 4318221.093, 85
Trd, 4318221.593, 112
Trd, 4318222.043, 138
Trd, 4318222.443, 140
Trd, 4318223.493, 117
Trd, 4318226.143, 120
Trd, 4318226.693, 110
Trd, 4318227.293, 84
Trd, 4318227.743, 82
Trd, 4318228.643, 109
Trd, 4318229.693, 100
Trd, 4318229.993, 84
Trd, 4318231.743, 84
Trd, 4318232.293, 110
Trd, 4318232.443, 133
Trd, 4318233.743, 140
Trd, 4318234.293, 101
Trd, 4318234.943, 95
Trd, 4318235.043, 97
Trd, 4318236.693, 83
Trd, 4318237.943, 67
Trd, 4318238.193, 94
Trd, 4318238.343, 109
Trd, 4318238.793, 121
Trd, 4318240.093, 91
Trd, 4318241.293, 125
Trd, 4318243.543, 112
Trd, 4318243.893, 123
Trd, 4318244.993, 135
Trd, 4318245.643, 130
Trd, 4318245.893, 129
Trd, 4318246.043, 119
Trd, 4318247.493, 133
Trd, 4318247.793, 130
Trd, 4318248.593, 107
Trd, 4318248.943, 98
Trd, 4318249.593, 76
Trd, 4318250.743, 94
Trd, 4318251.693, 131
Trd, 4318251.943, 138
Trd, 4318251.993, 90
Trd, 4318253.543, 136
Trd, 4318254.193, 132
Trd, 4318255.043, 91
Trd, 4318256.143, 117
Trd, 4318257.393, 97
Trd, 4318257.643, 97
Trd, 4318258.093, 78
Trd, 4318258.593, 112
Trd, 4318259.693, 112
Trd, 4318260.243, 126
Trd, 4318260.543, 118
Trd, 4318262.693, 139
Trd, 4318263.193, 109
Trd, 4318263.243, 107
Trd, 4318263.543, 69
Trd, 4318265.193, 66
Trd, 4318265.543, 116
Trd, 4318265.643, 119
Trd, 4318267.243, 124
Trd, 4318267.943, 106
Trd, 4318268.643, 108
Trd, 4318269.893, 111
Trd, 4318270.243, 76
Trd, 4318270.543, 60
Trd, 4318272.693, 99
Trd, 4318274.643, 97
Trd, 4318274.893, 96
Trd, 4318276.393, 92
Trd, 4318276.543, 90
Trd, 4318276.793, 113
Trd, 4318277.043, 81
Trd, 4318278.243, 103
Trd, 4318278.843, 90
Trd, 4318279.193, 80
Trd, 4318279.643, 85
Trd, 4318281.143, 79
Trd, 4318281.693, 113
Trd, 4318282.493, 136
Trd, 4318282.643, 135
Trd, 4318283.243, 112
Trd, 4318283.343, 82
Trd, 4318284.643, 107
Trd, 4318285.343, 92
Trd, 4318286.043, 97
Trd, 4318287.543, 108
Trd, 4318287.693, 124
Trd, 4318288.993, 88
Trd, 4318289.443, 63
Trd, 4318289.843, 91
Trd, 4318291.193, 79
Trd, 4318292.293, 77
Trd, 4318294.143, 122
Trd, 4318295.143, 87
Trd, 4318296.343, 88
Trd, 4318296.493, 119
Trd, 4318296.943, 116
Trd, 4318297.193, 127
Trd, 4318297.493, 124
Trd, 4318298.043, 131
Trd, 4318299.193, 131
Trd, 4318300.943, 114
Trd, 4318301.243, 115
Trd, 4318301.443, 127
Trd, 4318302.243, 105
Trd, 4318303.243, 127
Trd, 4318304.493, 114
Trd, 4318306.193, 113
Trd, 4318307.143, 122
Trd, 4318307.343, 117
Trd, 4318307.393, 76
Trd, 4318309.093, 89
Trd, 4318309.643, 89
Trd, 4318310.093, 97
Trd, 4318310.493, 93
Trd, 4318310.993, 84
Trd, 4318311.693, 97
Trd, 4318312.293, 98
Trd, 4318313.743, 139
Trd, 4318314.043, 113
Trd, 4318314.293, 76
Trd, 4318316.943, 138
Trd, 4318317.143, 104
Trd, 4318317.893, 94
Trd, 4318318.743, 92
Trd, 4318318.893, 107
Trd, 4318319.293, 119
Trd, 4318319.893, 82
Trd, 4318320.393, 79
Trd, 4318321.393, 92
Trd, 4318322.293, 89
Trd, 4318322.443, 88
Trd, 4318323.193, 109
Trd, 4318324.343, 73
Trd, 4318324.393, 73
Trd, 4318324.543, 113
Trd, 4318324.843, 132
Trd, 4318326.093, 106
Trd, 4318326.193, 87
Trd, 4318327.193, 90
Trd, 4318327.343, 90
Trd, 4318328.293, 117
Trd, 4318329.593, 127
Trd, 4318330.193, 106
Trd, 4318331.043, 123
Trd, 4318332.293, 99
Trd, 4318332.393, 100
Trd, 4318333.893, 119
Trd, 4318335.543, 126
Trd, 4318335.793, 134
Trd, 4318335.843, 119
Trd, 4318335.943, 94
Trd, 4318336.643, 78
Trd, 4318336.893, 107
Trd, 4318338.643, 107
Trd, 4318338.843, 108
Trd, 4318339.343, 96
Trd, 4318340.543, 133
Trd, 4318340.893, 110
Trd, 4318342.143, 118
Trd, 4318342.393, 110
Trd, 4318344.293, 106
Trd, 4318345.493, 130
Trd, 4318346.843, 134
Trd, 4318347.293, 124
Trd, 4318347.443, 116
Trd, 4318348.243, 137
Trd, 4318349.393, 114
Trd, 4318349.693, 114
Trd, 4318350.193, 109
Trd, 4318351.093, 136
Trd, 4318353.193, 135
Trd, 4318355.043, 116
Trd, 4318355.193, 119
Trd, 4318355.443, 116
Trd, 4318355.593, 93
Trd, 4318356.043, 121
Trd, 4318356.643, 106
Trd, 4318357.143, 73
Trd, 4318357.793, 130
Trd, 4318358.743, 95
Trd, 4318358.793, 120
Trd, 4318359.243, 71
Trd, 4318361.043, 132
Trd, 4318361.093, 117
Trd, 4318361.643, 97
Trd, 4318362.393, 92
Trd, 4318365.043, 137
Trd, 4318365.393, 136
Trd, 4318365.493, 125
Trd, 4318366.093, 105
Trd, 4318367.443, 105
Trd, 4318367.593, 114
Trd, 4318367.743, 105
Trd, 4318368.393, 127
Trd, 4318368.493, 104
Trd, 4318369.243, 122
Trd, 4318369.943, 85
Trd, 4318371.443, 122
Trd, 4318371.493, 116
Trd, 4318371.993, 91
Trd, 4318372.643, 82
Trd, 4318374.543, 102
Trd, 4318374.743, 83
Trd, 4318375.243, 126
Trd, 4318375.543, 83
Trd, 4318377.143, 112
Trd, 4318377.193, 112
Trd, 4318377.343, 91
Trd, 4318377.593, 80
Trd, 4318378.693, 85
Trd, 4318379.193, 62
Trd, 4318380.143, 115
Trd, 4318380.543, 88
Trd, 4318381.843, 71
Trd, 4318382.543, 116
Trd, 4318383.793, 62
Trd, 4318384.893, 77
Trd, 4318385.043, 83
Trd, 4318385.193, 120
Trd, 4318385.993, 129
Trd, 4318386.693, 129
Trd, 4318386.943, 127
Trd, 4318387.793, 126
Trd, 4318387.893, 97
Trd, 4318389.693, 138
Trd, 4318390.843, 111
Trd, 4318391.593, 118
Trd, 4318392.843, 114
Trd, 4318392.893, 97
Trd, 4318393.043, 94
Trd, 4318395.243, 126
Trd, 4318395.843, 122
Trd, 4318396.193, 108
Trd, 4318397.093, 120
Trd, 4318398.743, 114
Trd, 4318400.493, 129
Trd, 4318400.743, 119
Trd, 4318401.043, 109
Trd, 4318401.543, 139
Trd, 4318401.943, 109
Trd, 4318402.893, 138
Trd, 4318403.843, 108
Trd, 4318404.043, 113
Trd, 4318405.543, 81
Trd, 4318407.343, 131
Trd, 4318407.493, 106
Trd, 4318407.543, 104
Trd, 4318408.193, 97
Trd, 4318408.493, 100
Trd, 4318409.743, 101
Trd, 4318410.893, 111
Trd, 4318410.993, 101
Trd, 4318411.493, 65
Trd, 4318411.793, 112
Trd, 4318412.393, 110
Trd, 4318412.993, 96
Trd, 4318415.043, 137
Trd, 4318415.443, 109
Trd, 4318416.243, 108
Trd, 4318416.443, 94
Trd, 4318416.893, 112
Trd, 4318418.693, 94
Trd, 4318418.793, 105
Trd, 4318418.993, 85
Trd, 4318419.043, 120
Trd, 4318420.143, 98
Trd, 4318420.543, 135
Trd, 4318421.743, 84
Trd, 4318422.693, 134
Trd, 4318423.343, 131
Trd, 4318423.543, 130
Trd, 4318424.743, 120
Trd, 4318425.743, 100
Trd, 4318425.793, 94
Trd, 4318426.493, 88
Trd, 4318427.743, 84
Trd, 4318428.393, 78
Trd, 4318429.043, 85
Trd, 4318429.093, 85
Trd, 4318429.793, 92
Trd, 4318430.293, 137
Trd, 4318430.993, 115
Trd, 4318431.143, 93
Trd, 4318431.243, 92
Trd, 4318433.093, 93
Trd, 4318433.243, 62
Trd, 4318434.593, 109
Trd, 4318436.193, 129
Trd, 4318437.293, 97
Trd, 4318437.693, 109
Trd, 4318439.643, 102
Trd, 4318440.093, 106
Trd, 4318440.343, 125
Trd, 4318441.193, 114
Trd, 4318442.843, 106
Trd, 4318443.143, 133
Trd, 4318443.743, 131
Trd, 4318443.943, 112
Trd, 4318445.293, 109
Trd, 4318445.543, 107
Trd, 4318445.893, 109
Trd, 4318447.643, 122
Trd, 4318449.043, 87
Trd, 4318449.143, 83
Trd, 4318451.093, 83
Trd, 4318451.193, 84
Trd, 4318451.543, 64
Trd, 4318453.493, 103
Trd, 4318453.943, 122
Trd, 4318454.093, 94
Trd, 4318454.343, 77
Trd, 4318455.293, 60
Trd, 4318455.393, 67
Trd, 4318456.243, 79
Trd, 4318456.543, 94
Trd, 4318457.393, 107
Trd, 4318457.443, 122
Trd, 4318458.043, 89
Trd, 4318459.393, 65
Trd, 4318460.693, 106
Trd, 4318460.943, 75
Trd, 4318461.593, 127
Trd, 4318462.643, 83
Trd, 4318463.193, 85
Trd, 4318463.443, 108
Trd, 4318463.893, 77
Trd, 4318465.643, 114
Trd, 4318465.943, 73
Trd, 4318467.193, 68
Trd, 4318467.343, 84
Trd, 4318467.393, 122
Trd, 4318468.493, 71
Trd, 4318469.993, 64
Trd, 4318470.293, 78
Trd, 4318471.143, 81
Trd, 4318471.393, 81
Trd, 4318473.143, 81
Trd, 4318473.193, 80
Trd, 4318473.443, 65
Trd, 4318474.243, 138
Trd, 4318475.993, 66
Trd, 4318476.243, 71
Trd, 4318476.743, 85
Trd, 4318477.093, 116
Trd, 4318477.643, 129
Trd, 4318478.093, 74
Trd, 4318478.943, 123
Trd, 4318480.543, 125
Trd, 4318480.643, 124
Trd, 4318481.443, 98
Trd, 4318482.643, 84
Trd, 4318484.693, 94
Trd, 4318485.393, 129
Trd, 4318485.593, 130
Trd, 4318485.743, 111
Trd, 4318486.093, 98
Trd, 4318486.293, 91
Trd, 4318487.193, 123
Trd, 4318487.293, 78
Trd, 4318488.643, 99
Trd, 4318488.693, 99
Trd, 4318490.043, 128
Trd, 4318490.843, 126
Trd, 4318492.243, 81
Trd, 4318492.693, 75
Trd, 4318495.843, 103
Trd, 4318496.093, 135
Trd, 4318496.193, 110
Trd, 4318497.543, 121
Trd, 4318498.293, 117
Trd, 4318499.993, 100
Trd, 4318500.143, 102
Trd, 4318500.743, 138
Trd, 4318502.043, 128
Trd, 4318502.193, 132
Trd, 4318503.893, 134
Trd, 4318504.893, 95
Trd, 4318505.043, 83
Trd, 4318506.093, 135
Trd, 4318507.193, 136
Trd, 4318507.343, 106
Trd, 4318507.493, 138
Trd, 4318508.493, 112
Trd, 4318509.093, 112
Trd, 4318509.493, 137
Trd, 4318510.893, 126
Trd, 4318511.093, 90
Trd, 4318512.243, 127
Trd, 4318512.593, 125
Trd, 4318514.443, 124
Trd, 4318515.693, 117
Trd, 4318515.743, 117
Trd, 4318516.793, 116
Trd, 4318517.993, 99
Trd, 4318519.543, 100
Trd, 4318519.893, 121
Trd, 4318521.493, 133
Trd, 4318522.093, 121
Trd, 4318522.393, 116
Trd, 4318523.043, 140
Trd, 4318524.293, 91
Trd, 4318524.943, 89
Trd, 4318525.143, 77
Trd, 4318525.243, 80
Trd, 4318526.643, 112
Trd, 4318527.643, 135
Trd, 4318529.093, 133
Trd, 4318529.593, 85
Trd, 4318530.793, 92
Trd, 4318531.993, 108
Trd, 4318532.793, 101
Trd, 4318533.193, 98
Trd, 4318533.893, 98
Trd, 4318533.943, 92
Trd, 4318534.693, 121
Trd, 4318535.443, 106
Trd, 4318536.793, 134
Trd, 4318538.593, 130
Trd, 4318539.443, 128
Trd, 4318539.743, 95
Trd, 4318540.243, 118
Trd, 4318541.443, 121
Trd, 4318542.093, 132
Trd, 4318542.643, 111
Trd, 4318542.843, 92
Trd, 4318542.993, 79
Trd, 4318543.043, 86
Trd, 4318543.293, 63
Trd, 4318544.193, 140
Trd, 4318544.593, 94
Trd, 4318544.893, 93
Trd, 4318546.043, 106
Trd, 4318546.743, 140
Trd, 4318547.443, 107
Trd, 4318547.543, 119
Trd, 4318550.593, 122
Trd, 4318551.743, 131
Trd, 4318551.993, 129
Trd, 4318552.243, 134
Trd, 4318552.843, 133
Trd, 4318554.393, 132
Trd, 4318554.793, 111
Trd, 4318555.743, 109
Trd, 4318555.793, 93
Trd, 4318556.293, 88
Trd, 4318556.393, 82
Trd, 4318557.293, 93
Trd, 4318558.593, 99
Trd, 4318558.693, 130
Trd, 4318560.143, 106
Trd, 4318561.093, 110
Trd, 4318561.293, 110
Trd, 4318561.693, 75
Trd, 4318562.443, 96
Trd, 4318563.143, 119
Trd, 4318564.943, 110
Trd, 4318565.593, 106
Trd, 4318565.893, 85
Trd, 4318566.193, 97
Trd, 4318566.393, 116
Trd, 4318568.093, 100
Trd, 4318568.593, 113
Trd, 4318568.943, 133
Trd, 4318569.793, 129
Trd, 4318570.093, 108
Trd, 4318570.743, 131
Trd, 4318570.993, 106
Trd, 4318571.593, 130
Trd, 4318571.993, 101
Trd, 4318573.993, 99
Trd, 4318574.793, 124
Trd, 4318574.843, 117
Trd, 4318576.493, 88
Trd, 4318576.543, 106
Trd, 4318577.043, 88
Trd, 4318577.743, 109
Trd, 4318578.093, 109
Trd, 4318578.743, 135
Trd, 4318579.643, 133
Trd, 4318581.443, 126
Trd, 4318581.593, 100
Trd, 4318581.793, 113
Trd, 4318582.943, 131
Trd, 4318583.493, 122
Trd, 4318584.343, 74
Trd, 4318585.993, 110
Trd, 4318586.093, 90
Trd, 4318586.593, 98
Trd, 4318587.143, 70
Trd, 4318587.443, 71
Trd, 4318588.193, 73
Trd, 4318589.643, 99
Trd, 4318589.693, 94
Trd, 4318590.143, 68
Trd, 4318591.093, 119
Trd, 4318593.743, 78
Trd, 4318593.893, 78
Trd, 4318594.593, 93
Trd, 4318595.143, 81
Trd, 4318595.293, 115
Trd, 4318597.593, 91
Trd, 4318597.993, 98
Trd, 4318598.643, 117
Trd, 4318599.243, 69
Trd, 4318599.843, 101
Trd, 4318600.943, 114
Trd, 4318602.043, 113
Trd, 4318602.743, 105
Trd, 4318603.993, 110
Trd, 4318604.743, 92
Trd, 4318605.293, 92
Trd, 4318606.593, 129
Trd, 4318607.743, 99
Trd, 4318608.243, 94
Trd, 4318608.793, 79
Trd, 4318608.943, 81
Trd, 4318609.393, 98
Trd, 4318609.743, 136
Trd, 4318610.493, 107
Trd, 4318610.793, 96
Trd, 4318611.243, 124
Trd, 4318611.343, 79
Trd, 4318613.443, 112
Trd, 4318614.443, 129
Trd, 4318615.493, 106
Trd, 4318616.143, 111
Trd, 4318616.743, 94
Trd, 4318616.943, 137
Trd, 4318617.143, 114
Trd, 4318618.143, 99
Trd, 4318618.243, 99
Trd, 4318618.543, 95
Trd, 4318620.443, 104
Trd, 4318622.393, 103
Trd, 4318622.643, 109
Trd, 4318623.093, 114
Trd, 4318624.143, 103
Trd, 4318624.343, 130
Trd, 4318625.493, 114
Trd, 4318626.143, 140
Trd, 4318626.243, 108
Trd, 4318627.343, 139
Trd, 4318628.243, 138
Trd, 4318628.543, 121
Trd, 4318629.343, 97
Trd, 4318629.793, 114
Trd, 4318630.893, 98
Trd, 4318631.193, 125
Trd, 4318631.543, 97
Trd, 4318633.643, 96
Trd, 4318634.043, 87
Trd, 4318634.693, 100
Trd, 4318634.743, 84
Trd, 4318635.893, 64
Trd, 4318635.943, 76
Trd, 4318636.243, 60
Trd, 4318636.443, 125
Trd, 4318638.543, 108
Trd, 4318638.743, 99
Trd, 4318638.893, 105
Trd, 4318639.843, 127
Trd, 4318640.393, 93
Trd, 4318640.693, 84
Trd, 4318641.493, 116
Trd, 4318641.843, 116
Trd, 4318643.443, 72
Trd, 4318643.993, 111
Trd, 4318644.043, 89
Trd, 4318645.643, 101
Trd, 4318647.493, 105
Trd, 4318647.993, 104
Trd, 4318648.043, 86
Trd, 4318649.093, 136
Trd, 4318649.843, 112
Trd, 4318650.193, 74
Trd, 4318651.043, 81
Trd, 4318651.693, 90
Trd, 4318652.293, 83
Trd, 4318653.293, 68
Trd, 4318654.343, 94
Trd, 4318654.693, 140
Trd, 4318655.493, 128
Trd, 4318656.093, 116
Trd, 4318657.343, 104
Trd, 4318658.793, 80
Trd, 4318659.293, 79
Trd, 4318659.643, 90
Trd, 4318660.193, 134
Trd, 4318661.143, 132
Trd, 4318661.643, 127
Trd, 4318662.293, 95
Trd, 4318663.293, 109
Trd, 4318664.393, 101
Trd, 4318666.193, 107
Trd, 4318667.443, 132
Trd, 4318667.543, 131
Trd, 4318667.743, 118
Trd, 4318668.593, 110
Trd, 4318669.393, 110
Trd, 4318670.443, 130
Trd, 4318670.593, 112
Trd, 4318671.593, 129
Trd, 4318672.243, 113
Trd, 4318672.643, 122
Trd, 4318674.193, 129
Trd, 4318674.993, 120
Trd, 4318675.043, 108
Trd, 4318675.143, 127
Trd, 4318675.693, 98
Trd, 4318676.793, 92
Trd, 4318677.793, 67
Trd, 4318678.193, 78
Trd, 4318679.243, 116
Trd, 4318680.143, 106
Trd, 4318680.443, 92
Trd, 4318680.593, 107
Trd, 4318680.743, 94
Trd, 4318681.893, 117
Trd, 4318683.193, 98
Trd, 4318683.293, 98
Trd, 4318683.693, 125
Trd, 4318683.793, 96
Trd, 4318684.193, 137
Trd, 4318686.143, 132
Trd, 4318687.143, 105
Trd, 4318688.943, 103
Trd, 4318689.243, 101
Trd, 4318690.143, 133
Trd, 4318690.193, 108
Trd, 4318691.293, 94
Trd, 4318691.393, 93
Trd, 4318692.793, 136
Trd, 4318694.043, 139
Trd, 4318694.543, 114
Trd, 4318695.193, 83
Trd, 4318695.993, 131
Trd, 4318696.993, 129
Trd, 4318697.993, 132
Trd, 4318698.393, 103
Trd, 4318700.343, 113
Trd, 4318701.443, 124
Trd, 4318702.443, 123
Trd, 4318703.493, 127
Trd, 4318703.543, 126
Trd, 4318703.893, 128
Trd, 4318705.343, 127
Trd, 4318705.743, 115
Trd, 4318705.943, 115
Trd, 4318706.493, 123
Trd, 4318706.793, 112
Trd, 4318707.793, 105
Trd, 4318708.443, 103
Trd, 4318710.193, 121
Trd, 4318710.593, 89
Trd, 4318711.793, 113
Trd, 4318713.443, 103
Trd, 4318713.793, 101
Trd, 4318713.843, 90
Trd, 4318714.793, 126
Trd, 4318715.693, 103
Trd, 4318716.243, 135
Trd, 4318716.593, 114
Trd, 4318716.793, 92
Trd, 4318717.843, 77
Trd, 4318718.043, 115
Trd, 4318718.993, 79
Trd, 4318720.043, 114
Trd, 4318720.843, 113
Trd, 4318722.393, 123
Trd, 4318722.893, 87
Trd, 4318722.943, 88
Trd, 4318723.493, 82
Trd, 4318724.093, 96
Trd, 4318725.493, 95
Trd, 4318725.793, 119
Trd, 4318726.243, 113
Trd, 4318727.493, 115
Trd, 4318729.093, 136
Trd, 4318729.743, 132
Trd, 4318729.793, 100
Trd, 4318730.093, 113
Trd, 4318730.843, 130
Trd, 4318731.743, 86
Trd, 4318732.693, 86
Trd, 4318732.893, 83
Trd, 4318733.693, 89
Trd, 4318734.643, 89
Trd, 4318735.593, 60
Trd, 4318736.293, 102
Trd, 4318736.943, 106
Trd, 4318737.143, 128
Trd, 4318738.343, 106
Trd, 4318738.743, 121
Trd, 4318738.993, 115
Trd, 4318739.993, 110
Trd, 4318740.443, 114
Trd, 4318740.893, 85
Trd, 4318741.143, 128
Trd, 4318742.743, 105
Trd, 4318743.093, 101
Trd, 4318743.943, 109
Trd, 4318744.543, 75
Trd, 4318745.943, 118
Trd, 4318746.843, 86
Trd, 4318747.293, 133
Trd, 4318748.193, 103
Trd, 4318749.143, 98
Trd, 4318749.843, 104
Trd, 4318750.293, 72
Trd, 4318750.793, 126
Trd, 4318751.093, 120
Trd, 4318752.493, 129
Trd, 4318753.643, 131
Trd, 4318753.793, 124
Trd, 4318754.093, 91
Trd, 4318754.993, 105
Trd, 4318755.343, 135
Trd, 4318756.643, 114
Trd, 4318757.943, 137
Trd, 4318759.493, 128
Trd, 4318759.643, 127
Trd, 4318760.193, 115
Trd, 4318762.293, 132
Trd, 4318762.593, 111
Trd, 4318762.943, 125
Trd, 4318763.743, 107
Trd, 4318763.793, 110
Trd, 4318764.693, 137
Trd, 4318764.793, 121
Trd, 4318766.293, 124
Trd, 4318767.293, 80
Trd, 4318767.443, 91
Trd, 4318769.543, 118
Trd, 4318770.093, 131
Trd, 4318770.193, 108
Trd, 4318771.743, 70
Trd, 4318771.893, 92
Trd, 4318773.193, 108
Trd, 4318774.393, 60
Trd, 4318774.843, 67
Trd, 4318775.293, 74
Trd, 4318775.693, 90
Trd, 4318775.893, 69
Trd, 4318776.143, 107
Trd, 4318776.793, 127
Trd, 4318776.993, 97
Trd, 4318779.593, 101
Trd, 4318780.293, 102
Trd, 4318780.543, 93
Trd, 4318780.843, 79
Trd, 4318781.043, 128
Trd, 4318781.343, 103
Trd, 4318781.743, 130
Trd, 4318782.543, 105
Trd, 4318783.193, 115
Trd, 4318784.243, 93
Trd, 4318785.893, 87
Trd, 4318786.043, 93
Trd, 4318786.293, 83
Trd, 4318787.293, 89
Trd, 4318789.043, 139
Trd, 4318789.093, 138
Trd, 4318789.893, 130
Trd, 4318790.843, 105
Trd, 4318791.543, 121
Trd, 4318791.743, 95
Trd, 4318792.143, 114
Trd, 4318792.543, 93
Trd, 4318793.493, 112
Trd, 4318795.693, 121
Trd, 4318797.393, 116
Trd, 4318798.193, 131
Trd, 4318798.393, 123
Trd, 4318799.193, 123
Trd, 4318799.493, 120
Trd, 4318800.543, 96
Trd, 4318800.893, 117
Trd, 4318802.043, 133
Trd, 4318802.143, 113
Trd, 4318803.143, 85
Trd, 4318803.943, 77
Trd, 4318804.143, 135
Trd, 4318804.493, 122
Trd, 4318805.293, 139
Trd, 4318805.643, 102
Trd, 4318806.193, 98
Trd, 4318806.843, 130
Trd, 4318807.343, 89
Trd, 4318807.643, 124
Trd, 4318809.143, 120
Trd, 4318809.693, 110
Trd, 4318809.743, 100
Trd, 4318809.843, 77
Trd, 4318811.093, 116
Trd, 4318811.243, 116
Trd, 4318813.643, 117
Trd, 4318814.943, 110
Trd, 4318815.643, 140
Trd, 4318816.293, 136
Trd, 4318816.893, 111
Trd, 4318817.393, 109
Trd, 4318817.843, 128
Trd, 4318818.793, 140
Trd, 4318819.193, 115
Trd, 4318819.543, 115
Trd, 4318820.193, 68
Trd, 4318821.593, 94
Trd, 4318821.843, 100
Trd, 4318821.943, 113
Trd, 4318822.843, 109
Trd, 4318822.943, 62
Trd, 4318823.743, 136
Trd, 4318824.493, 134
Trd, 4318826.143, 96
Trd, 4318826.393, 105
Trd, 4318827.643, 117
Trd, 4318827.843, 94
Trd, 4318828.093, 132
Trd, 4318828.793, 67
Trd, 4318829.893, 60
Trd, 4318830.343, 86
Trd, 4318830.843, 122
Trd, 4318831.793, 93
Trd, 4318831.993, 130
Trd, 4318832.593, 90
Trd, 4318833.543, 123
Trd, 4318834.943, 128
Trd, 4318835.043, 95
Trd, 4318835.993, 104
Trd, 4318836.443, 115
Trd, 4318836.943, 108
Trd, 4318837.193, 102
Trd, 4318838.743, 137
Trd, 4318838.993, 131
Trd, 4318840.093, 71
Trd, 4318840.493, 64
Trd, 4318840.793, 63
Trd, 4318842.643, 118
Trd, 4318843.493, 129
Trd, 4318845.043, 137
Trd, 4318845.393, 136
Trd, 4318845.943, 134
Trd, 4318846.443, 133
Trd, 4318846.693, 123
Trd, 4318846.793, 120
Trd, 4318847.593, 127
Trd, 4318848.943, 126
Trd, 4318849.793, 125
Trd, 4318850.893, 127
Trd, 4318850.943, 110
Trd, 4318852.243, 110
Trd, 4318853.443, 140
Trd, 4318853.893, 133
Trd, 4318853.943, 114
Trd, 4318854.343, 94
Trd, 4318855.943, 137
Trd, 4318856.043, 117
Trd, 4318856.193, 101
Trd, 4318856.693, 83
Trd, 4318857.593, 100
Trd, 4318858.943, 105
Trd, 4318859.743, 131
Trd, 4318861.343, 114
Trd, 4318861.843, 110
Trd, 4318862.493, 92
Trd, 4318862.593, 117
Trd, 4318862.693, 69
Trd, 4318863.943, 83
Trd, 4318864.293, 67
Trd, 4318864.493, 81
Trd, 4318866.093, 130
Trd, 4318866.793, 99
Trd, 4318867.593, 100
Trd, 4318867.643, 100
Trd, 4318867.943, 78
Trd, 4318870.093, 123
Trd, 4318870.943, 93
Trd, 4318871.243, 127
Trd, 4318871.743, 119
Trd, 4318872.043, 127
Trd, 4318872.143, 119
Trd, 4318872.993, 120
Trd, 4318873.443, 111
Trd, 4318875.343, 140
Trd, 4318875.543, 134
Trd, 4318875.693, 104
Trd, 4318877.293, 92
Trd, 4318878.293, 84
Trd, 4318878.943, 134
Trd, 4318880.243, 77
Trd, 4318881.143, 77
Trd, 4318882.693, 118
Trd, 4318883.093, 94
Trd, 4318884.293, 89
Trd, 4318884.643, 60
Trd, 4318885.293, 83
Trd, 4318886.493, 71
Trd, 4318886.793, 66
Trd, 4318887.193, 77
Trd, 4318887.643, 102
Trd, 4318888.393, 123
Trd, 4318889.043, 98
Trd, 4318890.343, 99
Trd, 4318891.243, 130
Trd, 4318891.793, 119
Trd, 4318891.943, 138
Trd, 4318892.843, 117
Trd, 4318893.043, 117
Trd, 4318894.493, 111
Trd, 4318895.393, 132
Trd, 4318895.593, 131
Trd, 4318896.243, 130
Trd, 4318897.893, 130
Trd, 4318898.693, 134
Trd, 4318900.743, 115
Trd, 4318901.443, 90
Trd, 4318902.243, 88
Trd, 4318902.743, 87
Trd, 4318903.243, 132
Trd, 4318904.293, 116
Trd, 4318904.743, 110
Trd, 4318905.043, 102
Trd, 4318905.393, 88
Trd, 4318906.243, 115
Trd, 4318908.043, 75
Trd, 4318908.543, 100
Trd, 4318909.093, 132
Trd, 4318909.993, 133
Trd, 4318910.393, 115
Trd, 4318910.443, 124
Trd, 4318910.693, 86
Trd, 4318911.193, 89
Trd, 4318912.643, 74
Trd, 4318914.393, 121
Trd, 4318914.993, 101
Trd, 4318915.593, 105
Trd, 4318916.093, 101
Trd, 4318916.693, 120
Trd, 4318917.493, 98
Trd, 4318918.193, 109
Trd, 4318919.343, 122
Trd, 4318919.743, 134
Trd, 4318921.693, 135
Trd, 4318922.043, 134
Trd, 4318922.793, 129
Trd, 4318923.943, 110
Trd, 4318924.093, 107
Trd, 4318924.643, 96
Trd, 4318924.893, 131
Trd, 4318925.343, 67
Trd, 4318927.143, 132
Trd, 4318928.243, 119
Trd, 4318929.093, 128
Trd, 4318929.493, 84
Trd, 4318930.543, 106
Trd, 4318930.793, 117
Trd, 4318930.993, 122
Trd, 4318932.093, 64
Trd, 4318932.393, 78
Trd, 4318933.143, 104
Trd, 4318933.943, 131
Trd, 4318935.993, 92
Trd, 4318936.093, 87
Trd, 4318936.343, 138
Trd, 4318936.843, 84
Trd, 4318937.993, 89
Trd, 4318938.143, 98
Trd, 4318938.793, 88
Trd, 4318940.343, 80
Trd, 4318940.593, 98
Trd, 4318941.693, 133
Trd, 4318942.393, 100
Trd, 4318942.493, 69
Trd, 4318943.743, 136
Trd, 4318944.343, 133
Trd, 4318944.443, 132
Trd, 4318945.243, 124
Trd, 4318945.793, 130
Trd, 4318947.193, 136
Trd, 4318947.343, 109
Trd, 4318947.843, 96
Trd, 4318948.943, 108
Trd, 4318949.343, 73
Trd, 4318950.143, 96
Trd, 4318950.643, 112
Trd, 4318951.993, 71
Trd, 4318953.243, 96
Trd, 4318954.493, 122
Trd, 4318954.743, 122
Trd, 4318954.793, 109
Trd, 4318955.743, 107
Trd, 4318955.793, 98
Trd, 4318957.093, 102
Trd, 4318957.393, 102
Trd, 4318957.443, 98
Trd, 4318958.593, 114
Trd, 4318959.593, 122
Trd, 4318959.843, 128
Trd, 4318960.643, 113
Trd, 4318962.093, 138
Trd, 4318963.393, 102
Trd, 4318963.893, 125
Trd, 4318964.643, 99
Trd, 4318964.893, 69
Trd, 4318965.193, 111
Trd, 4318967.243, 136
Trd, 4318967.443, 111
Trd, 4318967.593, 91
Trd, 4318969.293, 132
Trd, 4318969.393, 131
Trd, 4318970.493, 107
Trd, 4318971.143, 80
Trd, 4318971.743, 121
Trd, 4318972.293, 102
Trd, 4318974.043, 98
Trd, 4318974.343, 115
Trd, 4318974.493, 96
Trd, 4318975.793, 119
Trd, 4318976.143, 116
Trd, 4318977.443, 87
Trd, 4318978.443, 100
Trd, 4318980.043, 116
Trd, 4318980.193, 116
Trd, 4318980.293, 100
Trd, 4318981.393, 104
Trd, 4318981.593, 80
Trd, 4318981.993, 122
Trd, 4318983.143, 117
Trd, 4318983.793, 131
Trd, 4318984.043, 103
Trd, 4318984.293, 89
Trd, 4318985.793, 132
Trd, 4318986.993, 80
Trd, 4318987.043, 82
Trd, 4318988.543, 73
Trd, 4318989.943, 74
Trd, 4318990.243, 88
Trd, 4318991.043, 108
Trd, 4318991.743, 123
Trd, 4318993.243, 139
Trd, 4318993.493, 125
Trd, 4318994.043, 113
Trd, 4318994.343, 136
Trd, 4318995.543, 101
Trd, 4318997.743, 114
Trd, 4318998.293, 78
Trd, 4318998.843, 106
Trd, 4318999.193, 111
Trd, 4319000.043, 108
Trd, 4319000.143, 108
Trd, 4319000.343, 88
Trd, 4319003.693, 132
Trd, 4319004.443, 117
Trd, 4319005.193, 127
Trd, 4319006.593, 124
Trd, 4319006.743, 133
Trd, 4319007.193, 108
Trd, 4319007.243, 97
Trd, 4319007.693, 106
Trd, 4319008.943, 92
Trd, 4319009.143, 132
Trd, 4319010.593, 114
Trd, 4319010.693, 115
Trd, 4319011.243, 114
Trd, 4319011.743, 110
Trd, 4319011.893, 129
Trd, 4319012.743, 140
Trd, 4319013.843, 99
Trd, 4319013.943, 96
Trd, 4319014.443, 91
Trd, 4319015.093, 112
Trd, 4319015.143, 98
Trd, 4319016.593, 73
Trd, 4319016.843, 87
Trd, 4319017.293, 118
Trd, 4319018.543, 115
Trd, 4319019.143, 115
Trd, 4319019.193, 113
Trd, 4319020.693, 100
Trd, 4319021.493, 82
Trd, 4319021.593, 64
Trd, 4319022.243, 82
Trd, 4319023.943, 84
Trd, 4319024.293, 91
Trd, 4319025.093, 65
Trd, 4319026.193, 95
Trd, 4319028.043, 124
Trd, 4319028.243, 74
Trd, 4319028.893, 113
Trd, 4319030.093, 84
Trd, 4319031.393, 90
Trd, 4319031.893, 109
Trd, 4319032.143, 115
Trd, 4319032.293, 116
Trd, 4319035.293, 103
Trd, 4319035.443, 103
Trd, 4319035.943, 87
Trd, 4319036.893, 95
Trd, 4319038.593, 135
Trd, 4319038.893, 86
Trd, 4319039.243, 124
Trd, 4319039.943, 85
Trd, 4319040.443, 88
Trd, 4319041.443, 102
Trd, 4319042.043, 79
Trd, 4319042.193, 79
Trd, 4319044.043, 136
Trd, 4319044.393, 138
Trd, 4319044.643, 93
Trd, 4319045.693, 110
Trd, 4319046.443, 122
Trd, 4319047.693, 110
Trd, 4319047.893, 98
Trd, 4319048.543, 128
Trd, 4319049.593, 133
Trd, 4319049.793, 125
Trd, 4319050.593, 117
Trd, 4319051.393, 126
Trd, 4319051.493, 119
Trd, 4319053.443, 108
Trd, 4319053.843, 103
Trd, 4319055.043, 131
Trd, 4319056.593, 133
Trd, 4319057.843, 128
Trd, 4319058.293, 117
Trd, 4319059.393, 127
Trd, 4319060.343, 117
Trd, 4319061.293, 121
Trd, 4319061.993, 88
Trd, 4319062.443, 103
Trd, 4319062.843, 61
Trd, 4319063.643, 100
Trd, 4319064.443, 96
Trd, 4319065.643, 96
Trd, 4319066.593, 123
Trd, 4319066.643, 114
Trd, 4319066.993, 78
Trd, 4319068.593, 77
Trd, 4319068.893, 78
Trd, 4319068.993, 79
Trd, 4319069.793, 124
Trd, 4319069.993, 123
Trd, 4319071.343, 134
Trd, 4319073.693, 131
Trd, 4319074.343, 121
Trd, 4319074.693, 134
Trd, 4319075.093, 82
Trd, 4319077.293, 92
Trd, 4319077.543, 80
Trd, 4319078.243, 111
Trd, 4319078.793, 76
Trd, 4319078.943, 91
Trd, 4319079.643, 95
Trd, 4319080.193, 111
Trd, 4319080.993, 98
Trd, 4319082.743, 97
Trd, 4319083.293, 96
Trd, 4319083.543, 86
Trd, 4319083.993, 122
Trd, 4319084.893, 102
Trd, 4319085.993, 130
Trd, 4319087.143, 103
Trd, 4319087.793, 93
Trd, 4319089.043, 87
Trd, 4319089.493, 104
Trd, 4319090.293, 123
Trd, 4319091.043, 130
Trd, 4319091.893, 129
Trd, 4319092.743, 130
Trd, 4319094.043, 122
Trd, 4319094.593, 110
Trd, 4319095.243, 121
Trd, 4319095.643, 103
Trd, 4319095.993, 116
Trd, 4319097.843, 126
Trd, 4319097.943, 129
Trd, 4319099.593, 124
Trd, 4319099.893, 106
Trd, 4319100.893, 98
Trd, 4319100.943, 92
Trd, 4319102.993, 123
Trd, 4319103.343, 92
Trd, 4319103.443, 128
Trd, 4319104.343, 130
Trd, 4319105.793, 116
Trd, 4319106.543, 102
Trd, 4319106.943, 80
Trd, 4319108.243, 110
Trd, 4319108.543, 113
Trd, 4319108.693, 106
Trd, 4319108.993, 79
Trd, 4319109.143, 92
Trd, 4319109.993, 94
Trd, 4319111.093, 136
Trd, 4319112.343, 128
Trd, 4319112.593, 69
Trd, 4319113.693, 86
Trd, 4319113.993, 85
Trd, 4319114.243, 102
Trd, 4319114.893, 93
Trd, 4319116.393, 107
Trd, 4319117.493, 128
Trd, 4319117.643, 126
Trd, 4319118.293, 85
Trd, 4319118.443, 84
Trd, 4319120.343, 108
Trd, 4319120.843, 105
Trd, 4319121.143, 85
Trd, 4319121.293, 83
Trd, 4319121.843, 117
Trd, 4319123.893, 130
Trd, 4319124.293, 139
Trd, 4319124.593, 138
Trd, 4319127.243, 123
Trd, 4319128.343, 121
Trd, 4319128.443, 124
Trd, 4319129.193, 127
Trd, 4319130.093, 103
Trd, 4319131.193, 66
Trd, 4319131.593, 118
Trd, 4319132.543, 137
Trd, 4319133.643, 117
Trd, 4319134.143, 123
Trd, 4319135.743, 131
Trd, 4319136.293, 135
Trd, 4319136.643, 107
Trd, 4319137.193, 136
Trd, 4319139.743, 124
Trd, 4319140.193, 123
Trd, 4319140.743, 102
Trd, 4319140.993, 113
Trd, 4319141.093, 100
Trd, 4319141.293, 97
Trd, 4319142.843, 98
Trd, 4319143.743, 135
Trd, 4319144.343, 123
Trd, 4319144.493, 84
Trd, 4319146.543, 127
Trd, 4319146.643, 112
Trd, 4319146.793, 112
Trd, 4319147.243, 97
Trd, 4319148.693, 137
Trd, 4319149.843, 102
Trd, 4319149.993, 130
Trd, 4319151.193, 91
Trd, 4319151.643, 80
Trd, 4319151.793, 108
Trd, 4319152.993, 116
Trd, 4319154.693, 90
Trd, 4319155.843, 117
Trd, 4319156.443, 78
Trd, 4319157.093, 117
Trd, 4319157.593, 111
Trd, 4319157.943, 133
Trd, 4319158.643, 138
Trd, 4319159.043, 137
Trd, 4319159.143, 122
Trd, 4319159.343, 116
Trd, 4319160.843, 125
Trd, 4319161.043, 124
Trd, 4319161.593, 140
Trd, 4319161.793, 94
Trd, 4319162.093, 64
Trd, 4319163.293, 117
Trd, 4319165.143, 110
Trd, 4319165.493, 107
Trd, 4319166.343, 137
Trd, 4319166.743, 137
Trd, 4319167.593, 81
Trd, 4319168.593, 124
Trd, 4319168.693, 118
Trd, 4319168.993, 91
Trd, 4319170.493, 140
Trd, 4319170.743, 138
Trd, 4319173.093, 132
Trd, 4319173.143, 131
Trd, 4319173.243, 90
Trd, 4319173.343, 82
Trd, 4319173.693, 92
Trd, 4319174.293, 65
Trd, 4319174.693, 110
Trd, 4319176.043, 91
Trd, 4319176.643, 137
Trd, 4319178.593, 107
Trd, 4319179.593, 119
Trd, 4319179.643, 92
Trd, 4319180.093, 92
Trd, 4319180.993, 119
Trd, 4319181.343, 104
Trd, 4319181.693, 72
Trd, 4319182.343, 112
Trd, 4319183.493, 110
Trd, 4319184.143, 80
Trd, 4319184.793, 80
Trd, 4319186.543, 108
Trd, 4319188.343, 136
Trd, 4319189.043, 117
Trd, 4319189.343, 115
Trd, 4319189.593, 98
Trd, 4319190.343, 117
Trd, 4319191.143, 120
Trd, 4319191.743, 94
Trd, 4319192.843, 96
Trd, 4319193.193, 108
Trd, 4319193.743, 77
Trd, 4319195.543, 117
Trd, 4319196.843, 61
Trd, 4319197.893, 94
Trd, 4319198.493, 110
Trd, 4319198.943, 122
Trd, 4319199.643, 75
Trd, 4319200.393, 116
Trd, 4319201.643, 120
Trd, 4319201.993, 98
Trd, 4319202.593, 122
Trd, 4319202.743, 134
Trd, 4319204.043, 99
Trd, 4319204.243, 94
Trd, 4319204.443, 83
Trd, 4319205.993, 74
Trd, 4319206.293, 114
Trd, 4319207.743, 129
Trd, 4319207.843, 113
Trd, 4319208.593, 125
Trd, 4319208.993, 100
Trd, 4319210.443, 108
Trd, 4319210.843, 91
Trd, 4319212.493, 113
Trd, 4319213.793, 135
Trd, 4319215.143, 131
Trd, 4319215.443, 130
Trd, 4319215.993, 107
Trd, 4319216.443, 85
Trd, 4319219.193, 97
Trd, 4319219.843, 128
Trd, 4319220.043, 97
Trd, 4319220.543, 96
Trd, 4319220.693, 103
Trd, 4319221.143, 96
Trd, 4319222.093, 92
Trd, 4319223.393, 73
Trd, 4319223.593, 102
Trd, 4319225.543, 131
Trd, 4319225.993, 135
Trd, 4319226.143, 112
Trd, 4319227.143, 95
Trd, 4319227.443, 135
Trd, 4319229.443, 129
Trd, 4319229.593, 128
Trd, 4319230.543, 133
Trd, 4319231.393, 119
Trd, 4319231.843, 77
Trd, 4319233.043, 76
Trd, 4319233.193, 98
Trd, 4319234.643, 128
Trd, 4319234.793, 98
Trd, 4319236.393, 116
Trd, 4319237.593, 117
Trd, 4319238.743, 120
Trd, 4319239.193, 130
Trd, 4319239.443, 111
Trd, 4319240.593, 122
Trd, 4319241.743, 112
Trd, 4319242.743, 122
Trd, 4319243.143, 120
Trd, 4319243.193, 119
Trd, 4319243.893, 138
Trd, 4319244.593, 126
Trd, 4319245.393, 119
Trd, 4319246.093, 110
Trd, 4319246.743, 110
Trd, 4319247.793, 127
Trd, 4319248.643, 119
Trd, 4319249.943, 137
Trd, 4319250.293, 135
Trd, 4319250.543, 122
Trd, 4319251.243, 105
Trd, 4319251.593, 106
Trd, 4319251.943, 98
Trd, 4319252.243, 69
Trd, 4319253.343, 135
Trd, 4319253.443, 97
Trd, 4319254.393, 136
Trd, 4319255.593, 76
Trd, 4319255.893, 118
Trd, 4319256.093, 77
Trd, 4319258.193, 87
Trd, 4319258.493, 85
Trd, 4319259.493, 90
Trd, 4319260.543, 130
Trd, 4319262.093, 92
Trd, 4319263.243, 135
Trd, 4319263.293, 130
Trd, 4319265.043, 133
Trd, 4319265.393, 132
Trd, 4319265.643, 112
Trd, 4319265.843, 91
Trd, 4319266.143, 116
Trd, 4319266.543, 114
Trd, 4319267.243, 119
Trd, 4319267.293, 110
Trd, 4319268.143, 101
Trd, 4319268.643, 130
Trd, 4319270.093, 87
Trd, 4319271.693, 91
Trd, 4319271.893, 135
Trd, 4319272.243, 95
Trd, 4319272.643, 124
Trd, 4319273.593, 91
Trd, 4319273.743, 92
Trd, 4319274.893, 118
Trd, 4319275.893, 136
Trd, 4319277.193, 130
Trd, 4319277.543, 128
Trd, 4319278.593, 131
Trd, 4319279.143, 90
Trd, 4319280.343, 119
Trd, 4319280.693, 119
Trd, 4319281.843, 108
Trd, 4319283.343, 133
Trd, 4319283.993, 120
Trd, 4319284.793, 121
Trd, 4319285.093, 87
Trd, 4319285.593, 72
Trd, 4319285.893, 80
Trd, 4319288.093, 119
Trd, 4319288.443, 92
Trd, 4319289.093, 92
Trd, 4319289.693, 118
Trd, 4319289.793, 64
Trd, 4319290.043, 71
Trd, 4319290.943, 107
Trd, 4319291.193, 126
Trd, 4319291.643, 131
Trd, 4319293.643, 91
Trd, 4319294.993, 80
Trd, 4319295.243, 79
Trd, 4319295.693, 85
Trd, 4319296.393, 97
Trd, 4319298.693, 113
Trd, 4319298.843, 113
Trd, 4319300.043, 124
Trd, 4319300.693, 128
Trd, 4319300.943, 107
Trd, 4319301.443, 101
Trd, 4319301.993, 139
Trd, 4319302.393, 115
Trd, 4319302.993, 70
Trd, 4319303.393, 81
Trd, 4319304.043, 130
Trd, 4319304.643, 110
Trd, 4319305.693, 124
Trd, 4319305.843, 92
Trd, 4319306.643, 110
Trd, 4319307.393, 102
Trd, 4319308.693, 124
Trd, 4319309.193, 123
Trd, 4319309.243, 116
Trd, 4319310.143, 84
Trd, 4319311.143, 138
Trd, 4319312.093, 137
Trd, 4319312.393, 92
Trd, 4319312.793, 85
Trd, 4319313.793, 83
Trd, 4319314.243, 113
Trd, 4319315.843, 86
Trd, 4319315.993, 66
Trd, 4319317.293, 133
Trd, 4319317.593, 122
Trd, 4319318.643, 84
Trd, 4319319.193, 125
Trd, 4319319.443, 134
Trd, 4319320.243, 89
Trd, 4319321.143, 98
Trd, 4319321.943, 91
Trd, 4319323.393, 131
Trd, 4319324.393, 131
Trd, 4319325.493, 129
Trd, 4319326.393, 104
Trd, 4319326.743, 98
Trd, 4319327.493, 96
Trd, 4319328.943, 120
Trd, 4319329.043, 78
Trd, 4319329.543, 105
Trd, 4319330.343, 103
Trd, 4319330.793, 89
Trd, 4319331.493, 133
Trd, 4319333.193, 122
Trd, 4319333.343, 105
Trd, 4319333.643, 121
Trd, 4319334.843, 117
Trd, 4319335.343, 126
Trd, 4319335.793, 117
Trd, 4319336.243, 124
Trd, 4319336.743, 92
Trd, 4319337.243, 64
Trd, 4319337.343, 71
Trd, 4319338.243, 88
Trd, 4319338.843, 78
Trd, 4319339.893, 73
Trd, 4319340.943, 107
Trd, 4319341.443, 109
Trd, 4319342.693, 130
Trd, 4319343.943, 128
Trd, 4319344.143, 120
Trd, 4319345.843, 111
Trd, 4319345.943, 130
Trd, 4319347.943, 135
Trd, 4319348.293, 92
Trd, 4319348.693, 92
Trd, 4319349.793, 132
Trd, 4319351.843, 133
Trd, 4319352.043, 132
Trd, 4319353.143, 103
Trd, 4319354.293, 103
Trd, 4319356.293, 126
Trd, 4319356.343, 126
Trd, 4319356.743, 124
Trd, 4319357.493, 106
Trd, 4319357.993, 112
Trd, 4319358.193, 108
Trd, 4319358.643, 112
Trd, 4319359.143, 115
Trd, 4319359.943, 116
Trd, 4319360.193, 140
Trd, 4319361.693, 81
Trd, 4319363.693, 95
Trd, 4319364.043, 85
Trd, 4319364.293, 91
Trd, 4319364.793, 131
Trd, 4319365.793, 72
Trd, 4319366.043, 102
Trd, 4319366.193, 98
Trd, 4319367.543, 122
Trd, 4319368.393, 129
Trd, 4319368.693, 108
Trd, 4319368.943, 108
Trd, 4319369.543, 93
Trd, 4319370.393, 116
Trd, 4319371.193, 95
Trd, 4319371.693, 137
Trd, 4319372.093, 79
Trd, 4319373.843, 140
Trd, 4319375.343, 117
Trd, 4319376.743, 115
Trd, 4319377.093, 113
Trd, 4319377.243, 120
Trd, 4319379.243, 95
Trd, 4319381.093, 108
Trd, 4319381.193, 108
Trd, 4319381.243, 104
Trd, 4319382.343, 101
Trd, 4319382.443, 81
Trd, 4319382.893, 121
Trd, 4319383.493, 116
Trd, 4319385.143, 110
Trd, 4319385.393, 96
Trd, 4319385.843, 73
Trd, 4319386.843, 135
Trd, 4319386.993, 134
Trd, 4319387.893, 85
Trd, 4319389.443, 83
Trd, 4319389.543, 76
Trd, 4319389.993, 76
Trd, 4319390.243, 98
Trd, 4319391.143, 83
Trd, 4319392.243, 115
Trd, 4319393.093, 116
Trd, 4319393.193, 117
Trd, 4319394.043, 116
Trd, 4319395.743, 98
Trd, 4319395.793, 98
Trd, 4319396.293, 106
Trd, 4319397.693, 92
Trd, 4319398.593, 120
Trd, 4319399.043, 109
Trd, 4319399.693, 121
Trd, 4319401.393, 96
Trd, 4319402.293, 107
Trd, 4319402.693, 104
Trd, 4319403.643, 132
Trd, 4319403.943, 132
Trd, 4319404.343, 137
Trd, 4319404.743, 82
Trd, 4319405.943, 80
Trd, 4319406.293, 76
Trd, 4319406.643, 107
Trd, 4319407.543, 77
Trd, 4319408.143, 130
Trd, 4319408.293, 94
Trd, 4319409.093, 72
Trd, 4319410.943, 136
Trd, 4319410.993, 128
Trd, 4319411.693, 106
Trd, 4319412.993, 136
Trd, 4319413.843, 95
Trd, 4319413.943, 90
Trd, 4319414.093, 83
Trd, 4319415.443, 112
Trd, 4319415.993, 131
Trd, 4319416.043, 123
Trd, 4319418.393, 138
Trd, 4319418.693, 115
Trd, 4319418.793, 109
Trd, 4319418.943, 116
Trd, 4319420.093, 116
Trd, 4319421.593, 127
Trd, 4319421.843, 123
Trd, 4319421.943, 108
Trd, 4319422.743, 75
Trd, 4319424.143, 135
Trd, 4319425.343, 94
Trd, 4319426.993, 66
Trd, 4319427.193, 74
Trd, 4319427.943, 80
Trd, 4319429.243, 127
Trd, 4319429.943, 68
Trd, 4319430.943, 109
Trd, 4319431.893, 91
Trd, 4319432.093, 112
Trd, 4319432.243, 91
Trd, 4319433.193, 61
Trd, 4319433.743, 66
Trd, 4319434.143, 140
Trd, 4319435.043, 100
Trd, 4319435.843, 79
Trd, 4319435.993, 78
Trd, 4319436.293, 86
Trd, 4319436.943, 126
Trd, 4319437.693, 85
Trd, 4319438.793, 136
Trd, 4319439.193, 67
Trd, 4319439.443, 77
Trd, 4319439.693, 72
Trd, 4319440.293, 97
Trd, 4319441.993, 66
Trd, 4319442.143, 108
Trd, 4319442.893, 113
Trd, 4319443.893, 97
Trd, 4319444.693, 73
Trd, 4319444.943, 75
Trd, 4319446.193, 116
Trd, 4319446.443, 83
Trd, 4319447.143, 106
Trd, 4319447.493, 71
Trd, 4319448.343, 117
Trd, 4319449.343, 106
Trd, 4319449.943, 107
Trd, 4319450.693, 77
Trd, 4319452.693, 96
Trd, 4319453.143, 112
Trd, 4319453.643, 126
Trd, 4319454.343, 107
Trd, 4319454.993, 88
Trd, 4319455.243, 68
Trd, 4319456.543, 80
Trd, 4319457.093, 73
Trd, 4319457.893, 110
Trd, 4319458.193, 104
Trd, 4319458.243, 68
Trd, 4319459.643, 115
Trd, 4319460.693, 108
Trd, 4319461.693, 138
Trd, 4319463.293, 120
Trd, 4319463.493, 103
Trd, 4319465.693, 115
Trd, 4319466.443, 115
Trd, 4319467.593, 114
Trd, 4319467.693, 108
Trd, 4319469.343, 105
Trd, 4319469.693, 108
Trd, 4319470.243, 114
Trd, 4319470.593, 121
Trd, 4319471.093, 102
Trd, 4319472.693, 138
Trd, 4319474.893, 97
Trd, 4319474.943, 95
Trd, 4319475.993, 128
Trd, 4319476.243, 105
Trd, 4319476.393, 105
Trd, 4319477.243, 117
Trd, 4319477.393, 108
Trd, 4319477.543, 119
Trd, 4319478.443, 100
Trd, 4319478.743, 109
Trd, 4319479.693, 83
Trd, 4319480.543, 88
Trd, 4319480.893, 124
Trd, 4319482.243, 105
Trd, 4319483.343, 81
Trd, 4319484.543, 97
Trd, 4319484.893, 87
Trd, 4319485.243, 90
Trd, 4319486.293, 137
Trd, 4319486.443, 97
Trd, 4319487.043, 130
Trd, 4319487.993, 81
Trd, 4319488.393, 120
Trd, 4319488.693, 126
Trd, 4319489.343, 112
Trd, 4319489.793, 81
Trd, 4319491.393, 87
Trd, 4319492.643, 104
Trd, 4319493.093, 106
Trd, 4319493.743, 93
Trd, 4319494.243, 93
Trd, 4319495.243, 97
Trd, 4319495.543, 87
Trd, 4319496.093, 84
Trd, 4319496.793, 122
Trd, 4319497.493, 98
Trd, 4319498.043, 102
Trd, 4319498.193, 83
Trd, 4319500.243, 90
Trd, 4319500.643, 100
Trd, 4319500.743, 107
Trd, 4319501.993, 61
Trd, 4319502.293, 94
Trd, 4319502.843, 121
Trd, 4319503.843, 88
Trd, 4319504.093, 121
Trd, 4319504.743, 80
Trd, 4319505.493, 116
Trd, 4319506.343, 84
Trd, 4319507.293, 88
Trd, 4319508.193, 87
Trd, 4319509.243, 136
Trd, 4319509.593, 135
Trd, 4319510.143, 87
Trd, 4319510.393, 86
Trd, 4319510.943, 89
Trd, 4319511.393, 119
Trd, 4319513.693, 113
Trd, 4319514.043, 98
Trd, 4319514.093, 91
Trd, 4319514.343, 113
Trd, 4319515.693, 138
Trd, 4319515.793, 123
Trd, 4319517.043, 129
Trd, 4319518.493, 118
Trd, 4319519.043, 124
Trd, 4319519.943, 119
Trd, 4319520.593, 132
Trd, 4319520.893, 104
Trd, 4319521.243, 121
Trd, 4319522.243, 109
Trd, 4319522.943, 135
Trd, 4319524.443, 116
Trd, 4319524.993, 110
Trd, 4319525.793, 101
Trd, 4319526.493, 102
Trd, 4319527.593, 124
Trd, 4319528.343, 111
Trd, 4319528.893, 111
Trd, 4319529.843, 100
Trd, 4319530.443, 118
Trd, 4319530.793, 118
Trd, 4319531.843, 92
Trd, 4319532.093, 127
Trd, 4319533.293, 96
Trd, 4319533.943, 88
Trd, 4319534.043, 83
Trd, 4319534.443, 97
Trd, 4319534.893, 98
Trd, 4319535.293, 122
Trd, 4319536.443, 60
Trd, 4319537.543, 116
Trd, 4319537.793, 63
Trd, 4319538.343, 70
Trd, 4319538.493, 78
Trd, 4319539.993, 73
Trd, 4319541.493, 124
Trd, 4319541.593, 102
Trd, 4319542.743, 106
Trd, 4319542.843, 123
Trd, 4319543.343, 91
Trd, 4319544.193, 68
Trd, 4319544.943, 137
Trd, 4319545.043, 138
Trd, 4319546.293, 100
Trd, 4319547.793, 139
Trd, 4319549.393, 98
Trd, 4319549.493, 74
Trd, 4319550.293, 91
Trd, 4319550.593, 104
Trd, 4319551.093, 119
Trd, 4319551.793, 122
Trd, 4319553.343, 137
Trd, 4319553.443, 136
Trd, 4319554.593, 125
Trd, 4319555.643, 129
Trd, 4319556.493, 136
Trd, 4319556.993, 120
Trd, 4319557.093, 99
Trd, 4319557.493, 108
Trd, 4319557.843, 96
Trd, 4319558.393, 100
Trd, 4319558.843, 94
Trd, 4319560.593, 70
Trd, 4319562.243, 114
Trd, 4319562.593, 76
Trd, 4319562.743, 103
Trd, 4319563.693, 95
Trd, 4319564.193, 123
Trd, 4319565.193, 136
Trd, 4319565.243, 103
Trd, 4319566.443, 132
Trd, 4319566.793, 127
Trd, 4319567.343, 125
Trd, 4319569.243, 122
Trd, 4319569.443, 115
Trd, 4319570.493, 101
Trd, 4319570.893, 109
Trd, 4319572.293, 79
Trd, 4319572.693, 140
Trd, 4319573.593, 94
Trd, 4319574.793, 107
Trd, 4319576.643, 133
Trd, 4319577.593, 97
Trd, 4319578.043, 107
Trd, 4319578.593, 87
Trd, 4319579.293, 110
Trd, 4319579.443, 107
Trd, 4319579.643, 104
Trd, 4319579.893, 79
Trd, 4319580.943, 76
Trd, 4319581.043, 121
Trd, 4319582.943, 119
Trd, 4319582.993, 106
Trd, 4319583.093, 106
Trd, 4319584.493, 95
Trd, 4319585.443, 116
Trd, 4319586.043, 135
Trd, 4319586.343, 110
Trd, 4319586.543, 110
Trd, 4319587.043, 81
Trd, 4319587.443, 124
Trd, 4319589.293, 121
Trd, 4319590.143, 100
Trd, 4319590.743, 88
Trd, 4319591.593, 105
Trd, 4319591.893, 89
Trd, 4319592.193, 118
Trd, 4319592.243, 118
Trd, 4319593.093, 63
Trd, 4319594.093, 113
Trd, 4319594.143, 97
Trd, 4319595.393, 81
Trd, 4319595.543, 100
Trd, 4319596.193, 89
Trd, 4319597.593, 133
Trd, 4319598.293, 103
Trd, 4319598.343, 107
Trd, 4319599.993, 131
Trd, 4319600.193, 113
Trd, 4319601.143, 83
Trd, 4319601.893, 98
Trd, 4319602.043, 85
Trd, 4319602.893, 94
Trd, 4319603.493, 128
Trd, 4319603.743, 93
Trd, 4319604.743, 124
Trd, 4319605.293, 111
Trd, 4319606.193, 85
Trd, 4319606.793, 101
Trd, 4319607.693, 102
Trd, 4319608.293, 107
Trd, 4319609.643, 99
Trd, 4319610.093, 122
Trd, 4319610.693, 99
Trd, 4319610.993, 119
Trd, 4319611.693, 98
Trd, 4319612.543, 80
Trd, 4319613.593, 137
Trd, 4319614.993, 133
Trd, 4319615.943, 115
Trd, 4319616.193, 125
Trd, 4319617.043, 117
Trd, 4319617.693, 121
Trd, 4319618.043, 95
Trd, 4319618.843, 121
Trd, 4319620.693, 104
Trd, 4319620.743, 113
Trd, 4319620.893, 100
Trd, 4319622.143, 84
Trd, 4319623.343, 107
Trd, 4319623.493, 71
Trd, 4319623.693, 110
Trd, 4319624.843, 124
Trd, 4319625.593, 136
Trd, 4319626.043, 125
Trd, 4319626.193, 111
Trd, 4319626.293, 78
Trd, 4319628.243, 121
Trd, 4319628.593, 107
Trd, 4319628.893, 103
Trd, 4319630.993, 136
Trd, 4319631.043, 114
Trd, 4319632.043, 111
Trd, 4319632.743, 111
Trd, 4319633.243, 98
Trd, 4319634.993, 89
Trd, 4319635.893, 76
Trd, 4319637.143, 69
Trd, 4319638.393, 121
Trd, 4319638.543, 124
Trd, 4319638.593, 117
Trd, 4319639.593, 108
Trd, 4319639.893, 104
Trd, 4319640.443, 125
Trd, 4319640.743, 132
Trd, 4319641.143, 75
Trd, 4319642.193, 134
Trd, 4319642.993, 87
Trd, 4319644.393, 134
Trd, 4319645.143, 87
Trd, 4319645.443, 81
Trd, 4319646.343, 83
Trd, 4319646.643, 88
Trd, 4319647.643, 118
Trd, 4319648.543, 122
Trd, 4319648.693, 122
Trd, 4319649.793, 130
Trd, 4319649.893, 129
Trd, 4319650.143, 113
Trd, 4319651.043, 132
Trd, 4319652.993, 84
Trd, 4319653.193, 80
Trd, 4319653.243, 88
Trd, 4319653.693, 93
Trd, 4319654.093, 81
Trd, 4319654.193, 102
Trd, 4319654.393, 63
Trd, 4319654.743, 81
Trd, 4319655.593, 61
Trd, 4319656.693, 106
Trd, 4319658.443, 104
Trd, 4319658.993, 116
Trd, 4319659.043, 91
Trd, 4319659.443, 72
Trd, 4319660.193, 105
Trd, 4319660.643, 61
Trd, 4319661.293, 94
Trd, 4319662.493, 73
Trd, 4319662.543, 98
Trd, 4319663.693, 115
Trd, 4319663.943, 115
Trd, 4319664.393, 82
Trd, 4319664.493, 80
Trd, 4319664.793, 99
Trd, 4319665.643, 92
Trd, 4319665.693, 91
Trd, 4319667.893, 105
Trd, 4319668.543, 89
Trd, 4319668.743, 129
Trd, 4319669.343, 72
Trd, 4319670.093, 82
Trd, 4319671.193, 83
Trd, 4319671.693, 76
Trd, 4319672.793, 91
Trd, 4319672.993, 99
Trd, 4319673.243, 120
Trd, 4319674.493, 138
Trd, 4319674.993, 137
Trd, 4319676.693, 131
Trd, 4319676.993, 129
Trd, 4319677.593, 126
Trd, 4319678.743, 89
Trd, 4319678.993, 85
Trd, 4319679.843, 113
Trd, 4319680.293, 107
Trd, 4319680.693, 111
Trd, 4319681.093, 116
Trd, 4319681.743, 93
Trd, 4319682.143, 135
Trd, 4319683.293, 127
Trd, 4319683.543, 116
Trd, 4319685.793, 119
Trd, 4319685.843, 63
Trd, 4319686.843, 77
Trd, 4319688.043, 99
Trd, 4319688.843, 98
Trd, 4319689.493, 135
Trd, 4319689.993, 76
Trd, 4319692.693, 128
Trd, 4319693.143, 120
Trd, 4319693.393, 120
Trd, 4319694.843, 118
Trd, 4319696.093, 130
Trd, 4319696.543, 132
Trd, 4319696.843, 135
Trd, 4319697.143, 131
Trd, 4319697.193, 128
Trd, 4319699.043, 100
Trd, 4319699.093, 95
Trd, 4319699.693, 110
Trd, 4319699.993, 97
Trd, 4319701.443, 132
Trd, 4319701.743, 130
Trd, 4319703.193, 129
Trd, 4319704.693, 101
Trd, 4319704.743, 75
Trd, 4319704.993, 107
Trd, 4319705.293, 136
Trd, 4319707.043, 116
Trd, 4319707.293, 112
Trd, 4319707.643, 84
Trd, 4319708.043, 111
Trd, 4319709.543, 99
Trd, 4319710.393, 99
Trd, 4319710.993, 126
Trd, 4319711.943, 78
Trd, 4319712.293, 126
Trd, 4319713.643, 134
Trd, 4319714.893, 110
Trd, 4319715.593, 106
Trd, 4319715.743, 112
Trd, 4319716.393, 118
Trd, 4319716.793, 128
Trd, 4319717.693, 121
Trd, 4319719.793, 103
Trd, 4319720.593, 119
Trd, 4319721.893, 103
Trd, 4319722.493, 99
Trd, 4319722.943, 82
Trd, 4319723.343, 84
Trd, 4319723.543, 87
Trd, 4319723.943, 119
Trd, 4319724.693, 65
Trd, 4319725.393, 66
Trd, 4319726.043, 85
Trd, 4319726.693, 129
Trd, 4319727.493, 136
Trd, 4319728.093, 117
Trd, 4319728.793, 117
Trd, 4319729.243, 126
Trd, 4319729.593, 109
Trd, 4319729.643, 105
Trd, 4319730.993, 133
Trd, 4319732.843, 128
Trd, 4319733.143, 120
Trd, 4319734.093, 124
Trd, 4319734.393, 89
Trd, 4319735.843, 103
Trd, 4319736.893, 103
Trd, 4319738.793, 136
Trd, 4319738.993, 105
Trd, 4319739.043, 90
Trd, 4319740.493, 120
Trd, 4319740.693, 124
Trd, 4319741.093, 99
Trd, 4319741.993, 136
Trd, 4319742.443, 132
Trd, 4319742.893, 128
Trd, 4319743.743, 121
Trd, 4319744.643, 138
Trd, 4319745.143, 140
Trd, 4319745.693, 138
Trd, 4319746.343, 134
Trd, 4319746.693, 103
Trd, 4319746.793, 129
Trd, 4319747.093, 68
Trd, 4319748.443, 124
Trd, 4319749.693, 84
Trd, 4319750.693, 122
Trd, 4319751.043, 102
Trd, 4319751.943, 98
Trd, 4319752.743, 125
Trd, 4319753.743, 87
Trd, 4319754.093, 108
Trd, 4319754.143, 108
Trd, 4319754.943, 65
Trd, 4319755.393, 120
Trd, 4319756.293, 83
Trd, 4319757.043, 103
Trd, 4319757.893, 111
Trd, 4319759.293, 98
Trd, 4319759.993, 100
Trd, 4319762.293, 110
Trd, 4319762.493, 115
Trd, 4319763.743, 119
Trd, 4319764.343, 119
Trd, 4319765.193, 127
Trd, 4319766.193, 114
Trd, 4319766.893, 132
Trd, 4319767.893, 113
Trd, 4319768.693, 104
Trd, 4319768.943, 134
Trd, 4319769.043, 104
Trd, 4319770.143, 122
Trd, 4319771.043, 96
Trd, 4319772.593, 118
Trd, 4319772.693, 114
Trd, 4319774.493, 87
Trd, 4319775.943, 80
Trd, 4319775.993, 83
Trd, 4319779.393, 110
Trd, 4319779.643, 110
Trd, 4319780.643, 113
Trd, 4319780.993, 97
Trd, 4319781.093, 96
Trd, 4319781.593, 133
Trd, 4319782.293, 128
Trd, 4319782.593, 117
Trd, 4319785.193, 127
Trd, 4319785.893, 101
Trd, 4319787.143, 121
Trd, 4319788.143, 116
Trd, 4319788.643, 118
Trd, 4319789.193, 94
Trd, 4319789.743, 81
Trd, 4319789.843, 100
Trd, 4319790.343, 118
Trd, 4319790.493, 96
Trd, 4319791.343, 107
Trd, 4319791.743, 117
Trd, 4319793.843, 79
Trd, 4319793.943, 98
Trd, 4319795.943, 72
Trd, 4319796.443, 105
Trd, 4319796.493, 95
Trd, 4319797.143, 135
Trd, 4319797.893, 97
Trd, 4319798.893, 113
Trd, 4319799.193, 94
Trd, 4319800.893, 126
Trd, 4319802.393, 121
Trd, 4319802.593, 124
Trd, 4319803.743, 129
Trd, 4319803.993, 85
Trd, 4319805.243, 100
Trd, 4319805.943, 94
Trd, 4319806.043, 108
Trd, 4319806.693, 91
Trd, 4319807.093, 138
Trd, 4319807.743, 128
Trd, 4319808.643, 103
Trd, 4319809.743, 120
Trd, 4319810.093, 126
Trd, 4319810.693, 109
Trd, 4319811.043, 95
Trd, 4319811.593, 133
Trd, 4319812.743, 94
Trd, 4319813.193, 98
Trd, 4319813.393, 89
Trd, 4319814.143, 90
Trd, 4319814.493, 77
Trd, 4319815.293, 67
Trd, 4319816.843, 84
Trd, 4319817.193, 89
Trd, 4319817.693, 88
Trd, 4319818.043, 122
Trd, 4319818.593, 102
Trd, 4319818.643, 95
Trd, 4319818.743, 94
Trd, 4319818.893, 77
Trd, 4319819.643, 92
Trd, 4319820.843, 136
Trd, 4319821.743, 88
Trd, 4319821.993, 89
Trd, 4319822.393, 88
Trd, 4319822.593, 95
Trd, 4319824.243, 80
Trd, 4319825.093, 130
Trd, 4319825.543, 127
Trd, 4319825.793, 126
Trd, 4319826.893, 116
Trd, 4319829.143, 131
Trd, 4319830.893, 108
Trd, 4319831.543, 107
Trd, 4319832.193, 106
Trd, 4319832.593, 97
Trd, 4319832.943, 107
Trd, 4319833.643, 106
Trd, 4319835.743, 118
Trd, 4319835.843, 87
Trd, 4319835.893, 86
Trd, 4319835.993, 81
Trd, 4319836.293, 92
Trd, 4319837.793, 88
Trd, 4319839.093, 124
Trd, 4319839.443, 109
Trd, 4319839.493, 96
Trd, 4319839.643, 92
Trd, 4319840.993, 88
Trd, 4319841.593, 86
Trd, 4319842.293, 97
Trd, 4319842.843, 78
Trd, 4319843.293, 63
Trd, 4319844.343, 125
Trd, 4319845.243, 124
Trd, 4319846.343, 107
Trd, 4319846.593, 107
Trd, 4319848.043, 107
Trd, 4319848.593, 61
Trd, 4319848.943, 79
Trd, 4319849.443, 92
Trd, 4319850.193, 100
Trd, 4319850.643, 92
Trd, 4319851.893, 132
Trd, 4319852.193, 128
Trd, 4319852.743, 85
Trd, 4319852.993, 85
Trd, 4319854.893, 92
Trd, 4319855.043, 137
Trd, 4319855.543, 83
Trd, 4319856.343, 119
Trd, 4319856.643, 119
Trd, 4319856.843, 129
Trd, 4319857.593, 99
Trd, 4319857.893, 97
Trd, 4319859.243, 89
Trd, 4319859.843, 69
Trd, 4319861.193, 122
Trd, 4319862.143, 137
Trd, 4319862.293, 120
Trd, 4319862.693, 136
Trd, 4319863.043, 93
Trd, 4319863.993, 134
Trd, 4319864.093, 123
Trd, 4319864.143, 103
Trd, 4319866.493, 106
Trd, 4319867.593, 127
Trd, 4319868.043, 89
Trd, 4319868.093, 90
Trd, 4319868.893, 124
Trd, 4319869.243, 136
Trd, 4319870.543, 136
Trd, 4319870.843, 125
Trd, 4319871.893, 137
Trd, 4319873.043, 122
Trd, 4319873.143, 122
Trd, 4319873.893, 114
Trd, 4319875.043, 90
Trd, 4319875.143, 118
Trd, 4319875.493, 104
Trd, 4319876.593, 91
Trd, 4319876.793, 79
Trd, 4319877.993, 103
Trd, 4319878.193, 79
Trd, 4319879.193, 86
Trd, 4319879.843, 136
Trd, 4319880.393, 118
Trd, 4319882.143, 107
Trd, 4319882.543, 97
Trd, 4319883.743, 107
Trd, 4319885.593, 137
Trd, 4319886.043, 128
Trd, 4319886.243, 123
Trd, 4319886.393, 94
Trd, 4319887.043, 134
Trd, 4319887.743, 132
Trd, 4319888.293, 107
Trd, 4319889.043, 124
Trd, 4319889.243, 71
Trd, 4319890.443, 99
Trd, 4319891.543, 113
Trd, 4319893.243, 137
Trd, 4319894.843, 130
Trd, 4319894.893, 114
Trd, 4319894.993, 88
Trd, 4319895.443, 123
Trd, 4319895.743, 131
Trd, 4319897.143, 103
Trd, 4319897.343, 121
Trd, 4319898.943, 122
Trd, 4319898.993, 119
Trd, 4319899.143, 120
Trd, 4319899.693, 136
Trd, 4319900.443, 130
Trd, 4319901.243, 104
Trd, 4319901.393, 103
Trd, 4319902.293, 136
Trd, 4319903.693, 100
Trd, 4319905.143, 136
Trd, 4319905.643, 92
Trd, 4319906.193, 92
Trd, 4319906.593, 125
Trd, 4319907.243, 140
Trd, 4319907.443, 103
Trd, 4319907.893, 133
Trd, 4319908.893, 92
Trd, 4319909.343, 102
Trd, 4319909.793, 84
Trd, 4319910.443, 83
Trd, 4319910.693, 90
Trd, 4319911.593, 126
Trd, 4319913.043, 124
Trd, 4319913.743, 114
Trd, 4319913.793, 95
Trd, 4319914.243, 95
Trd, 4319914.393, 90
Trd, 4319914.793, 131
Trd, 4319915.093, 90
Trd, 4319916.493, 125
Trd, 4319917.693, 115
Trd, 4319917.943, 128
Trd, 4319918.743, 109
Trd, 4319919.243, 96
Trd, 4319919.343, 96
Trd, 4319919.843, 95
Trd, 4319920.343, 103
Trd, 4319920.743, 69
Trd, 4319921.293, 107
Trd, 4319923.593, 135
Trd, 4319923.693, 126
Trd, 4319924.443, 140
Trd, 4319924.793, 114
Trd, 4319926.693, 139
Trd, 4319926.993, 125
Trd, 4319927.193, 124
Trd, 4319927.393, 112
Trd, 4319928.243, 140
Trd, 4319928.593, 138
Trd, 4319929.793, 82
Trd, 4319930.193, 84
Trd, 4319930.543, 125
Trd, 4319932.243, 82
Trd, 4319933.693, 140
Trd, 4319933.893, 107
Trd, 4319934.293, 134
Trd, 4319934.843, 131
Trd, 4319936.493, 93
Trd, 4319937.043, 133
Trd, 4319937.393, 127
Trd, 4319937.893, 82
Trd, 4319938.193, 88
Trd, 4319939.593, 91
Trd, 4319939.793, 96
Trd, 4319940.543, 93
Trd, 4319941.043, 94
Trd, 4319943.993, 117
Trd, 4319944.143, 109
Trd, 4319944.243, 107
Trd, 4319944.743, 125
Trd, 4319946.093, 116
Trd, 4319946.243, 113
Trd, 4319946.793, 113
Trd, 4319946.843, 102
Trd, 4319947.243, 114
Trd, 4319947.293, 121
Trd, 4319948.243, 88
Trd, 4319948.793, 100
Trd, 4319950.543, 106
Trd, 4319950.643, 100
Trd, 4319950.993, 78
Trd, 4319951.343, 72
Trd, 4319952.493, 97
Trd, 4319953.543, 64
Trd, 4319954.243, 91
Trd, 4319954.793, 91
Trd, 4319954.993, 92
Trd, 4319955.043, 91
Trd, 4319955.493, 91
Trd, 4319956.193, 68
Trd, 4319956.993, 120
Trd, 4319957.393, 80
Trd, 4319958.943, 71
Trd, 4319959.043, 71
Trd, 4319959.643, 85
Trd, 4319960.443, 121
Trd, 4319960.793, 134
Trd, 4319961.293, 110
Trd, 4319961.743, 85
Trd, 4319962.343, 101
Trd, 4319963.593, 111
Trd, 4319965.043, 114
Trd, 4319966.243, 106
Trd, 4319966.743, 131
Trd, 4319967.343, 109
Trd, 4319968.343, 128
Trd, 4319969.343, 77
Trd, 4319970.443, 79
Trd, 4319971.643, 134
Trd, 4319971.993, 105
Trd, 4319972.443, 96
Trd, 4319972.693, 106
Trd, 4319974.043, 138
Trd, 4319974.093, 137
Trd, 4319975.393, 72
Trd, 4319976.293, 80
Trd, 4319976.893, 97
Trd, 4319977.793, 127
Trd, 4319978.293, 126
Trd, 4319979.193, 88
Trd, 4319979.693, 73
Trd, 4319980.043, 80
Trd, 4319981.093, 85
Trd, 4319981.593, 93
Trd, 4319982.243, 60
Trd, 4319982.393, 77
Trd, 4319985.543, 114
Trd, 4319985.793, 84
Trd, 4319985.993, 133
Trd, 4319986.993, 69
Trd, 4319987.093, 77
Trd, 4319987.293, 94
Trd, 4319989.193, 129
Trd, 4319989.593, 124
Trd, 4319990.243, 123
Trd, 4319991.693, 128
Trd, 4319992.643, 130
Trd, 4319992.693, 137
Trd, 4319993.093, 122
Trd, 4319993.993, 109
Trd, 4319994.243, 93
Trd, 4319996.493, 113
Trd, 4319996.743, 101
Trd, 4319997.043, 90
Trd, 4319997.343, 103
Trd, 4319997.393, 125
Trd, 4319999.243, 134
Trd, 4319999.593, 132
