Trd, 4318094.943, 60
Trd, 4318095.493, 61
Trd, 4318095.693, 63
Trd, 4318096.343, 64
Trd, 4318096.543, 65
Trd, 4318096.643, 60
Trd, 4318097.543, 63
Trd, 4318097.693, 68
Trd, 4318099.943, 140
Trd, 4318100.343, 140
Trd, 4318100.593, 140
Trd, 4318100.843, 140
Trd, 4318101.093, 138
Trd, 4318101.743, 138
Trd, 4318102.993, 140
Trd, 4318103.693, 138
Trd, 4318104.143, 140
Trd, 4318104.293, 140
Trd, 4318105.743, 140
Trd, 4318108.293, 140
Trd, 4318109.843, 140
Trd, 4318110.093, 140
Trd, 4318110.593, 140
Trd, 4318110.693, 140
Trd, 4318111.393, 140
Trd, 4318111.543, 140
Trd, 4318115.093, 140
Trd, 4318115.243, 140
Trd, 4318116.343, 140
Trd, 4318117.393, 140
Trd, 4318117.793, 140
Trd, 4318118.993, 140
Trd, 4318120.543, 140
Trd, 4318121.643, 140
Trd, 4318122.093, 140
Trd, 4318122.893, 140
Trd, 4318124.493, 140
Trd, 4318124.743, 140
Trd, 4318124.793, 140
Trd, 4318126.793, 140
Trd, 4318127.343, 140
Trd, 4318128.793, 140
Trd, 4318129.543, 140
Trd, 4318131.193, 140
Trd, 4318131.643, 140
Trd, 4318131.793, 140
Trd, 4318133.343, 140
Trd, 4318133.943, 140
Trd, 4318134.193, 140
Trd, 4318134.743, 140
Trd, 4318135.643, 140
Trd, 4318136.393, 140
Trd, 4318136.593, 140
Trd, 4318138.293, 140
Trd, 4318138.693, 140
Trd, 4318138.943, 140
Trd, 4318139.443, 140
Trd, 4318140.393, 140
Trd, 4318142.893, 140
Trd, 4318143.493, 140
Trd, 4318144.093, 140
Trd, 4318144.793, 140
Trd, 4318145.893, 140
Trd, 4318146.493, 140
Trd, 4318147.593, 140
Trd, 4318148.493, 140
Trd, 4318148.643, 140
Trd, 4318149.743, 140
Trd, 4318150.143, 140
Trd, 4318151.893, 140
Trd, 4318152.243, 140
Trd, 4318153.243, 140
Trd, 4318154.643, 140
Trd, 4318155.393, 140
Trd, 4318155.493, 140
Trd, 4318156.243, 140
Trd, 4318156.543, 140
Trd, 4318156.593, 140
Trd, 4318156.693, 140
Trd, 4318156.993, 140
Trd, 4318157.293, 140
Trd, 4318159.093, 140
Trd, 4318159.743, 140
Trd, 4318159.793, 140
Trd, 4318160.993, 140
Trd, 4318162.093, 140
Trd, 4318162.543, 140
Trd, 4318163.593, 140
Trd, 4318163.793, 140
Trd, 4318164.493, 140
Trd, 4318165.343, 140
Trd, 4318166.543, 140
Trd, 4318167.143, 140
Trd, 4318168.743, 140
Trd, 4318169.193, 140
Trd, 4318169.493, 139
Trd, 4318169.993, 140
Trd, 4318172.243, 140
Trd, 4318172.843, 140
Trd, 4318173.243, 140
Trd, 4318174.793, 140
Trd, 4318175.293, 140
Trd, 4318175.543, 140
Trd, 4318176.093, 140
Trd, 4318177.943, 140
Trd, 4318178.543, 140
Trd, 4318178.893, 140
Trd, 4318179.443, 140
Trd, 4318179.643, 140
Trd, 4318181.293, 140
Trd, 4318183.343, 140
Trd, 4318183.493, 140
Trd, 4318184.043, 140
Trd, 4318184.743, 140
Trd, 4318184.843, 140
Trd, 4318186.043, 140
Trd, 4318187.993, 140
Trd, 4318188.743, 140
Trd, 4318188.993, 140
Trd, 4318189.893, 140
Trd, 4318190.343, 140
Trd, 4318190.893, 140
Trd, 4318191.243, 140
Trd, 4318193.093, 140
Trd, 4318193.843, 140
Trd, 4318194.043, 139
Trd, 4318194.293, 139
Trd, 4318194.643, 139
Trd, 4318195.193, 140
Trd, 4318195.393, 140
Trd, 4318196.543, 140
Trd, 4318196.593, 140
Trd, 4318197.143, 133
Trd, 4318197.893, 140
Trd, 4318200.193, 60
Trd, 4318200.393, 60
Trd, 4318201.393, 60
Trd, 4318202.393, 60
Trd, 4318203.843, 60
Trd, 4318204.493, 60
Trd, 4318205.093, 60
Trd, 4318205.343, 61
Trd, 4318205.643, 62
Trd, 4318206.593, 66
Trd, 4318207.393, 67
Trd, 4318207.593, 68
Trd, 4318207.893, 67
Trd, 4318208.043, 67
Trd, 4318208.493, 67
Trd, 4318209.343, 60
Trd, 4318210.293, 62
Trd, 4318210.793, 66
Trd, 4318211.493, 77
Trd, 4318215.193, 60
Trd, 4318216.993, 60
Trd, 4318218.443, 60
Trd, 4318218.743, 60
Trd, 4318219.293, 60
Trd, 4318219.643, 72
Trd, 4318220.243, 63
Trd, 4318220.343, 63
Trd, 4318220.793, 64
Trd, 4318221.443, 62
Trd, 4318222.493, 63
Trd, 4318222.743, 63
Trd, 4318223.093, 63
Trd, 4318224.043, 61
Trd, 4318225.743, 60
Trd, 4318226.143, 60
Trd, 4318226.243, 60
Trd, 4318226.493, 60
Trd, 4318228.443, 61
Trd, 4318229.643, 60
Trd, 4318229.993, 60
Trd, 4318231.043, 60
Trd, 4318231.743, 60
Trd, 4318232.593, 60
Trd, 4318232.643, 60
Trd, 4318233.043, 62
Trd, 4318233.443, 63
Trd, 4318235.643, 140
Trd, 4318235.743, 140
Trd, 4318235.893, 140
Trd, 4318235.993, 140
Trd, 4318236.843, 140
Trd, 4318238.293, 140
Trd, 4318238.393, 140
Trd, 4318239.643, 140
Trd, 4318240.343, 140
Trd, 4318240.993, 140
Trd, 4318241.843, 140
Trd, 4318243.993, 140
Trd, 4318244.243, 140
Trd, 4318244.893, 140
Trd, 4318244.993, 140
Trd, 4318245.343, 140
Trd, 4318245.893, 140
Trd, 4318246.393, 140
Trd, 4318247.493, 140
Trd, 4318247.543, 138
Trd, 4318249.393, 140
Trd, 4318249.443, 140
Trd, 4318250.293, 140
Trd, 4318250.543, 140
Trd, 4318251.343, 140
Trd, 4318251.443, 138
Trd, 4318251.993, 140
Trd, 4318252.293, 127
Trd, 4318252.643, 126
Trd, 4318254.193, 135
Trd, 4318254.793, 140
Trd, 4318255.043, 137
Trd, 4318257.843, 140
Trd, 4318258.043, 140
Trd, 4318258.643, 140
Trd, 4318258.743, 140
Trd, 4318258.793, 140
Trd, 4318261.143, 140
Trd, 4318261.693, 140
Trd, 4318261.843, 140
Trd, 4318261.893, 140
Trd, 4318262.443, 140
Trd, 4318263.393, 140
Trd, 4318265.343, 140
Trd, 4318265.543, 140
Trd, 4318267.393, 140
Trd, 4318267.693, 140
Trd, 4318268.243, 140
Trd, 4318269.693, 140
Trd, 4318271.043, 140
Trd, 4318271.193, 140
Trd, 4318271.593, 140
Trd, 4318271.643, 140
Trd, 4318272.093, 140
Trd, 4318272.593, 140
Trd, 4318272.743, 140
Trd, 4318273.443, 140
Trd, 4318273.743, 140
Trd, 4318274.093, 140
Trd, 4318274.143, 140
Trd, 4318274.243, 139
Trd, 4318275.993, 61
Trd, 4318278.293, 60
Trd, 4318279.793, 60
Trd, 4318281.143, 60
Trd, 4318282.193, 60
Trd, 4318282.493, 60
Trd, 4318283.143, 60
Trd, 4318283.943, 60
Trd, 4318284.643, 62
Trd, 4318284.943, 62
Trd, 4318285.343, 64
Trd, 4318285.793, 65
Trd, 4318285.843, 82
Trd, 4318285.943, 64
Trd, 4318287.193, 66
Trd, 4318287.693, 70
Trd, 4318288.993, 140
Trd, 4318289.543, 140
Trd, 4318291.893, 137
Trd, 4318292.893, 140
Trd, 4318293.743, 140
Trd, 4318294.343, 140
Trd, 4318295.193, 140
Trd, 4318296.093, 140
Trd, 4318296.443, 140
Trd, 4318296.643, 140
Trd, 4318297.443, 140
Trd, 4318297.593, 140
Trd, 4318297.993, 140
Trd, 4318298.043, 140
Trd, 4318298.693, 140
Trd, 4318298.793, 140
Trd, 4318299.843, 140
Trd, 4318300.693, 140
Trd, 4318302.893, 140
Trd, 4318303.093, 140
Trd, 4318303.543, 140
Trd, 4318303.943, 140
Trd, 4318305.393, 140
Trd, 4318305.743, 140
Trd, 4318307.093, 140
Trd, 4318309.643, 140
Trd, 4318310.643, 140
Trd, 4318311.143, 140
Trd, 4318312.393, 140
Trd, 4318312.893, 140
Trd, 4318312.993, 140
Trd, 4318313.493, 140
Trd, 4318313.593, 140
Trd, 4318315.243, 140
Trd, 4318315.793, 140
Trd, 4318315.843, 140
Trd, 4318317.493, 140
Trd, 4318317.593, 139
Trd, 4318317.743, 132
Trd, 4318318.343, 138
Trd, 4318320.843, 140
Trd, 4318321.493, 140
Trd, 4318322.543, 140
Trd, 4318324.043, 140
Trd, 4318324.093, 140
Trd, 4318324.693, 140
Trd, 4318325.643, 140
Trd, 4318325.843, 140
Trd, 4318328.443, 140
Trd, 4318329.543, 140
Trd, 4318329.643, 140
Trd, 4318329.943, 140
Trd, 4318332.543, 140
Trd, 4318332.993, 140
Trd, 4318333.293, 140
Trd, 4318333.943, 140
Trd, 4318335.293, 140
Trd, 4318336.293, 140
Trd, 4318337.093, 140
Trd, 4318337.343, 140
Trd, 4318337.493, 140
Trd, 4318338.593, 140
Trd, 4318339.493, 140
Trd, 4318340.893, 140
Trd, 4318341.193, 140
Trd, 4318341.693, 140
Trd, 4318341.993, 140
Trd, 4318342.193, 140
Trd, 4318343.893, 140
Trd, 4318344.243, 140
Trd, 4318344.943, 140
Trd, 4318346.043, 140
Trd, 4318346.693, 139
Trd, 4318347.593, 139
Trd, 4318347.893, 138
Trd, 4318348.543, 139
Trd, 4318349.793, 138
Trd, 4318349.993, 137
Trd, 4318350.093, 138
Trd, 4318352.243, 61
Trd, 4318352.693, 60
Trd, 4318352.993, 61
Trd, 4318355.643, 60
Trd, 4318356.243, 60
Trd, 4318356.293, 60
Trd, 4318356.593, 63
Trd, 4318356.993, 65
Trd, 4318357.693, 138
Trd, 4318358.343, 125
Trd, 4318359.043, 106
Trd, 4318361.343, 60
Trd, 4318362.893, 60
Trd, 4318364.443, 60
Trd, 4318364.493, 60
Trd, 4318365.343, 60
Trd, 4318365.993, 60
Trd, 4318366.493, 64
Trd, 4318366.543, 66
Trd, 4318366.893, 63
Trd, 4318367.193, 65
Trd, 4318367.843, 65
Trd, 4318367.943, 66
Trd, 4318368.193, 68
Trd, 4318369.143, 61
Trd, 4318369.893, 60
Trd, 4318370.093, 60
Trd, 4318372.243, 140
Trd, 4318372.693, 140
Trd, 4318373.293, 140
Trd, 4318374.643, 140
Trd, 4318375.543, 140
Trd, 4318376.893, 140
Trd, 4318377.193, 140
Trd, 4318377.393, 140
Trd, 4318378.043, 140
Trd, 4318378.843, 140
Trd, 4318379.193, 140
Trd, 4318379.793, 139
Trd, 4318380.093, 139
Trd, 4318380.343, 139
Trd, 4318382.343, 139
Trd, 4318384.193, 140
Trd, 4318384.693, 140
Trd, 4318384.793, 140
Trd, 4318386.593, 140
Trd, 4318386.793, 140
Trd, 4318387.143, 140
Trd, 4318387.743, 140
Trd, 4318388.043, 140
Trd, 4318390.343, 140
Trd, 4318390.943, 140
Trd, 4318391.293, 140
Trd, 4318392.543, 140
Trd, 4318392.993, 140
Trd, 4318395.143, 140
Trd, 4318395.743, 140
Trd, 4318397.093, 140
Trd, 4318397.893, 140
Trd, 4318397.943, 140
Trd, 4318399.293, 140
Trd, 4318399.493, 140
Trd, 4318399.693, 140
Trd, 4318401.393, 140
Trd, 4318401.893, 140
Trd, 4318402.993, 140
Trd, 4318404.143, 140
Trd, 4318404.393, 140
Trd, 4318405.843, 140
Trd, 4318406.643, 140
Trd, 4318407.093, 140
Trd, 4318407.843, 140
Trd, 4318408.043, 140
Trd, 4318408.243, 140
Trd, 4318408.793, 140
Trd, 4318408.843, 140
Trd, 4318409.743, 140
Trd, 4318411.043, 140
Trd, 4318412.443, 140
Trd, 4318413.043, 140
Trd, 4318413.443, 140
Trd, 4318413.943, 140
Trd, 4318415.093, 140
Trd, 4318416.043, 140
Trd, 4318416.543, 140
Trd, 4318416.593, 139
Trd, 4318417.093, 138
Trd, 4318418.793, 140
Trd, 4318419.193, 140
Trd, 4318420.243, 140
Trd, 4318421.093, 140
Trd, 4318421.243, 140
Trd, 4318421.593, 140
Trd, 4318422.143, 140
Trd, 4318422.193, 140
Trd, 4318422.543, 140
Trd, 4318423.493, 140
Trd, 4318424.443, 140
Trd, 4318425.193, 140
Trd, 4318426.193, 140
Trd, 4318426.243, 138
Trd, 4318427.093, 140
Trd, 4318427.143, 140
Trd, 4318429.343, 139
Trd, 4318429.393, 138
Trd, 4318430.343, 138
Trd, 4318430.843, 139
Trd, 4318431.143, 139
Trd, 4318432.593, 140
Trd, 4318433.843, 140
Trd, 4318434.543, 140
Trd, 4318435.993, 140
Trd, 4318436.043, 140
Trd, 4318436.393, 140
Trd, 4318437.443, 140
Trd, 4318438.593, 140
Trd, 4318438.993, 140
Trd, 4318439.443, 140
Trd, 4318439.943, 140
Trd, 4318440.093, 140
Trd, 4318440.743, 140
Trd, 4318441.993, 140
Trd, 4318443.093, 140
Trd, 4318443.843, 140
Trd, 4318445.643, 140
Trd, 4318445.743, 140
Trd, 4318447.043, 140
Trd, 4318447.543, 140
Trd, 4318447.843, 140
Trd, 4318449.343, 140
Trd, 4318449.793, 140
Trd, 4318449.843, 140
Trd, 4318450.843, 140
Trd, 4318452.893, 140
Trd, 4318452.993, 140
Trd, 4318455.143, 140
Trd, 4318455.193, 140
Trd, 4318455.343, 140
Trd, 4318458.693, 140
Trd, 4318459.243, 140
Trd, 4318459.293, 140
Trd, 4318459.343, 140
Trd, 4318459.843, 140
Trd, 4318460.293, 140
Trd, 4318460.693, 140
Trd, 4318461.043, 139
Trd, 4318461.443, 137
Trd, 4318461.743, 116
Trd, 4318462.493, 140
Trd, 4318463.293, 140
Trd, 4318463.743, 140
Trd, 4318463.893, 139
Trd, 4318464.143, 138
Trd, 4318465.843, 130
Trd, 4318467.243, 140
Trd, 4318467.793, 140
Trd, 4318470.693, 140
Trd, 4318470.893, 140
Trd, 4318471.443, 140
Trd, 4318471.643, 140
Trd, 4318472.093, 140
Trd, 4318472.243, 134
Trd, 4318473.293, 140
Trd, 4318475.093, 140
Trd, 4318475.593, 140
Trd, 4318477.093, 140
Trd, 4318478.093, 140
Trd, 4318478.443, 140
Trd, 4318479.993, 140
Trd, 4318480.243, 140
Trd, 4318480.843, 140
Trd, 4318481.493, 140
Trd, 4318482.243, 140
Trd, 4318482.743, 140
Trd, 4318483.493, 140
Trd, 4318484.093, 140
Trd, 4318484.243, 140
Trd, 4318484.593, 140
Trd, 4318485.193, 140
Trd, 4318485.993, 140
Trd, 4318487.643, 140
Trd, 4318489.493, 140
Trd, 4318489.543, 140
Trd, 4318489.693, 140
Trd, 4318489.993, 140
Trd, 4318492.343, 140
Trd, 4318493.793, 140
Trd, 4318494.143, 140
Trd, 4318494.543, 140
Trd, 4318494.743, 140
Trd, 4318495.243, 138
Trd, 4318496.143, 140
Trd, 4318497.143, 139
Trd, 4318498.193, 140
Trd, 4318500.393, 140
Trd, 4318500.793, 140
Trd, 4318501.393, 140
Trd, 4318503.793, 140
Trd, 4318504.143, 140
Trd, 4318504.743, 140
Trd, 4318505.293, 140
Trd, 4318505.493, 139
Trd, 4318506.693, 140
Trd, 4318507.493, 140
Trd, 4318508.493, 140
Trd, 4318510.093, 140
Trd, 4318511.193, 140
Trd, 4318511.293, 140
Trd, 4318511.343, 140
Trd, 4318511.593, 140
Trd, 4318511.643, 140
Trd, 4318511.943, 140
Trd, 4318512.293, 140
Trd, 4318513.543, 140
Trd, 4318515.143, 140
Trd, 4318515.393, 140
Trd, 4318516.943, 140
Trd, 4318517.393, 139
Trd, 4318517.793, 139
Trd, 4318518.543, 140
Trd, 4318519.143, 140
Trd, 4318519.393, 140
Trd, 4318519.443, 139
Trd, 4318519.943, 140
Trd, 4318520.293, 140
Trd, 4318520.943, 137
Trd, 4318521.543, 61
Trd, 4318524.393, 60
Trd, 4318524.643, 60
Trd, 4318525.193, 60
Trd, 4318526.793, 60
Trd, 4318527.443, 60
Trd, 4318528.143, 61
Trd, 4318528.393, 62
Trd, 4318528.943, 62
Trd, 4318530.143, 60
Trd, 4318530.393, 60
Trd, 4318530.843, 61
Trd, 4318530.943, 62
Trd, 4318531.993, 63
Trd, 4318532.043, 64
Trd, 4318532.743, 140
Trd, 4318533.243, 140
Trd, 4318533.343, 140
Trd, 4318533.743, 139
Trd, 4318535.793, 140
Trd, 4318536.493, 140
Trd, 4318536.943, 140
Trd, 4318538.893, 140
Trd, 4318539.143, 140
Trd, 4318539.643, 140
Trd, 4318540.793, 140
Trd, 4318541.393, 140
Trd, 4318541.493, 139
Trd, 4318543.643, 140
Trd, 4318544.693, 140
Trd, 4318545.093, 140
Trd, 4318545.293, 139
Trd, 4318545.543, 138
Trd, 4318545.843, 140
Trd, 4318546.843, 138
Trd, 4318547.493, 140
Trd, 4318548.493, 139
Trd, 4318550.843, 140
Trd, 4318552.243, 140
Trd, 4318552.993, 140
Trd, 4318553.293, 140
Trd, 4318553.793, 140
Trd, 4318554.193, 140
Trd, 4318554.293, 140
Trd, 4318554.393, 140
Trd, 4318555.593, 140
Trd, 4318556.293, 140
Trd, 4318556.343, 140
Trd, 4318557.543, 140
Trd, 4318557.893, 140
Trd, 4318557.943, 139
Trd, 4318559.043, 140
Trd, 4318559.243, 140
Trd, 4318559.443, 140
Trd, 4318560.143, 140
Trd, 4318561.243, 140
Trd, 4318561.693, 140
Trd, 4318563.543, 140
Trd, 4318564.543, 140
Trd, 4318565.343, 140
Trd, 4318565.693, 140
Trd, 4318566.043, 140
Trd, 4318566.693, 140
Trd, 4318567.043, 140
Trd, 4318567.643, 140
Trd, 4318569.843, 140
Trd, 4318570.393, 140
Trd, 4318571.093, 140
Trd, 4318572.543, 140
Trd, 4318573.143, 140
Trd, 4318573.643, 140
Trd, 4318575.043, 140
Trd, 4318576.193, 140
Trd, 4318576.743, 140
Trd, 4318576.793, 140
Trd, 4318577.143, 140
Trd, 4318578.543, 140
Trd, 4318578.843, 140
Trd, 4318580.643, 139
Trd, 4318581.693, 140
Trd, 4318582.243, 140
Trd, 4318582.393, 140
Trd, 4318583.293, 140
Trd, 4318583.743, 140
Trd, 4318584.143, 140
Trd, 4318584.893, 140
Trd, 4318585.093, 140
Trd, 4318586.143, 140
Trd, 4318586.593, 140
Trd, 4318587.643, 140
Trd, 4318588.543, 140
Trd, 4318588.593, 140
Trd, 4318588.693, 140
Trd, 4318589.943, 140
Trd, 4318591.593, 140
Trd, 4318592.243, 140
Trd, 4318593.343, 140
Trd, 4318593.793, 140
Trd, 4318593.993, 140
Trd, 4318595.193, 140
Trd, 4318596.993, 140
Trd, 4318597.543, 140
Trd, 4318598.343, 140
Trd, 4318598.543, 140
Trd, 4318599.943, 140
Trd, 4318600.543, 140
Trd, 4318600.793, 140
Trd, 4318600.893, 140
Trd, 4318601.493, 137
Trd, 4318601.643, 139
Trd, 4318601.743, 135
Trd, 4318602.393, 139
Trd, 4318603.343, 138
Trd, 4318605.093, 140
Trd, 4318605.793, 140
Trd, 4318606.843, 140
Trd, 4318607.293, 140
Trd, 4318607.543, 140
Trd, 4318608.093, 140
Trd, 4318609.843, 140
Trd, 4318611.193, 140
Trd, 4318611.393, 140
Trd, 4318611.693, 140
Trd, 4318612.343, 140
Trd, 4318612.393, 140
Trd, 4318613.493, 140
Trd, 4318614.643, 140
Trd, 4318615.343, 140
Trd, 4318616.043, 140
Trd, 4318616.643, 140
Trd, 4318617.443, 140
Trd, 4318617.993, 140
Trd, 4318619.993, 140
Trd, 4318620.193, 140
Trd, 4318620.493, 140
Trd, 4318620.893, 140
Trd, 4318621.093, 140
Trd, 4318621.643, 140
Trd, 4318621.893, 140
Trd, 4318622.393, 140
Trd, 4318622.693, 140
Trd, 4318623.493, 140
Trd, 4318624.993, 140
Trd, 4318625.793, 140
Trd, 4318625.943, 140
Trd, 4318626.593, 140
Trd, 4318628.693, 140
Trd, 4318629.043, 140
Trd, 4318629.193, 140
Trd, 4318631.593, 139
Trd, 4318632.043, 140
Trd, 4318632.343, 139
Trd, 4318632.843, 140
Trd, 4318633.843, 140
Trd, 4318635.543, 140
Trd, 4318635.643, 140
Trd, 4318636.043, 140
Trd, 4318636.143, 140
Trd, 4318636.393, 140
Trd, 4318637.943, 140
Trd, 4318638.143, 139
Trd, 4318640.143, 140
Trd, 4318640.843, 140
Trd, 4318641.693, 140
Trd, 4318642.143, 140
Trd, 4318642.593, 140
Trd, 4318643.243, 140
Trd, 4318644.793, 140
Trd, 4318645.843, 140
Trd, 4318646.493, 140
Trd, 4318646.943, 140
Trd, 4318647.243, 140
Trd, 4318647.443, 140
Trd, 4318648.793, 140
Trd, 4318650.243, 140
Trd, 4318650.593, 140
Trd, 4318651.943, 140
Trd, 4318651.993, 140
Trd, 4318652.543, 140
Trd, 4318652.843, 140
Trd, 4318653.143, 140
Trd, 4318654.193, 140
Trd, 4318654.343, 138
Trd, 4318655.593, 140
Trd, 4318657.043, 140
Trd, 4318657.293, 140
Trd, 4318657.993, 140
Trd, 4318659.393, 140
Trd, 4318660.293, 140
Trd, 4318660.393, 140
Trd, 4318660.543, 140
Trd, 4318661.393, 140
Trd, 4318662.793, 140
Trd, 4318662.843, 140
Trd, 4318663.743, 140
Trd, 4318664.943, 140
Trd, 4318665.443, 140
Trd, 4318666.793, 140
Trd, 4318667.293, 140
Trd, 4318668.193, 140
Trd, 4318668.443, 140
Trd, 4318668.893, 140
Trd, 4318669.593, 140
Trd, 4318670.193, 140
Trd, 4318671.843, 140
Trd, 4318672.193, 140
Trd, 4318672.743, 140
Trd, 4318672.843, 140
Trd, 4318673.093, 140
Trd, 4318675.043, 140
Trd, 4318676.693, 140
Trd, 4318677.843, 140
Trd, 4318678.243, 140
Trd, 4318678.593, 140
Trd, 4318679.493, 140
Trd, 4318681.193, 140
Trd, 4318682.693, 140
Trd, 4318682.793, 140
Trd, 4318683.343, 140
Trd, 4318684.743, 140
Trd, 4318685.043, 140
Trd, 4318686.043, 140
Trd, 4318687.493, 140
Trd, 4318688.893, 140
Trd, 4318689.143, 140
Trd, 4318689.393, 140
Trd, 4318689.843, 140
Trd, 4318690.143, 140
Trd, 4318691.593, 140
Trd, 4318692.893, 140
Trd, 4318692.993, 140
Trd, 4318694.343, 140
Trd, 4318696.143, 140
Trd, 4318696.693, 140
Trd, 4318696.793, 140
Trd, 4318697.543, 140
Trd, 4318697.593, 140
Trd, 4318698.193, 140
Trd, 4318698.343, 140
Trd, 4318698.643, 140
Trd, 4318700.343, 140
Trd, 4318700.643, 140
Trd, 4318700.743, 140
Trd, 4318702.243, 140
Trd, 4318703.143, 140
Trd, 4318704.593, 140
Trd, 4318705.093, 140
Trd, 4318705.393, 140
Trd, 4318706.343, 140
Trd, 4318708.393, 140
Trd, 4318708.643, 140
Trd, 4318708.743, 140
Trd, 4318710.343, 140
Trd, 4318710.593, 140
Trd, 4318710.693, 140
Trd, 4318712.843, 140
Trd, 4318713.643, 140
Trd, 4318714.893, 140
Trd, 4318714.943, 140
Trd, 4318715.793, 140
Trd, 4318715.843, 140
Trd, 4318715.893, 140
Trd, 4318716.693, 140
Trd, 4318716.893, 140
Trd, 4318717.543, 137
Trd, 4318717.593, 134
Trd, 4318717.943, 138
Trd, 4318719.443, 138
Trd, 4318720.543, 140
Trd, 4318722.093, 140
Trd, 4318722.293, 140
Trd, 4318723.643, 140
Trd, 4318724.643, 140
Trd, 4318724.793, 140
Trd, 4318725.593, 140
Trd, 4318725.893, 140
Trd, 4318726.343, 140
Trd, 4318727.293, 140
Trd, 4318727.343, 140
Trd, 4318728.093, 140
Trd, 4318728.993, 140
Trd, 4318729.343, 140
Trd, 4318730.593, 140
Trd, 4318730.693, 140
Trd, 4318731.043, 140
Trd, 4318733.643, 140
Trd, 4318734.743, 140
Trd, 4318734.793, 140
Trd, 4318736.343, 140
Trd, 4318737.393, 140
Trd, 4318738.693, 140
Trd, 4318738.993, 140
Trd, 4318739.843, 140
Trd, 4318740.143, 140
Trd, 4318740.543, 140
Trd, 4318741.893, 140
Trd, 4318742.243, 140
Trd, 4318742.993, 140
Trd, 4318743.793, 140
Trd, 4318744.393, 140
Trd, 4318744.443, 140
Trd, 4318747.093, 140
Trd, 4318747.393, 140
Trd, 4318748.393, 140
Trd, 4318749.493, 140
Trd, 4318749.643, 140
Trd, 4318750.993, 140
Trd, 4318751.443, 140
Trd, 4318753.643, 140
Trd, 4318753.793, 140
Trd, 4318754.593, 140
Trd, 4318755.593, 140
Trd, 4318756.193, 140
Trd, 4318756.443, 140
Trd, 4318756.893, 140
Trd, 4318758.693, 140
Trd, 4318759.193, 140
Trd, 4318760.093, 140
Trd, 4318760.443, 140
Trd, 4318761.243, 140
Trd, 4318762.043, 140
Trd, 4318763.493, 140
Trd, 4318763.593, 140
Trd, 4318764.243, 140
Trd, 4318765.243, 140
Trd, 4318765.343, 139
Trd, 4318767.043, 140
Trd, 4318767.693, 140
Trd, 4318767.793, 140
Trd, 4318768.093, 138
Trd, 4318770.243, 140
Trd, 4318770.543, 140
Trd, 4318770.643, 140
Trd, 4318771.543, 140
Trd, 4318771.843, 140
Trd, 4318774.993, 140
Trd, 4318775.393, 140
Trd, 4318776.893, 140
Trd, 4318776.943, 140
Trd, 4318777.093, 140
Trd, 4318777.743, 140
Trd, 4318778.543, 140
Trd, 4318778.743, 140
Trd, 4318778.893, 140
Trd, 4318779.193, 140
Trd, 4318782.693, 140
Trd, 4318783.293, 140
Trd, 4318783.593, 140
Trd, 4318784.043, 140
Trd, 4318784.343, 140
Trd, 4318786.843, 140
Trd, 4318787.493, 140
Trd, 4318788.193, 140
Trd, 4318788.643, 140
Trd, 4318789.493, 140
Trd, 4318790.293, 140
Trd, 4318790.993, 140
Trd, 4318791.343, 140
Trd, 4318791.893, 140
Trd, 4318793.243, 140
Trd, 4318794.193, 140
Trd, 4318796.093, 140
Trd, 4318796.793, 140
Trd, 4318797.293, 140
Trd, 4318797.443, 140
Trd, 4318798.343, 140
Trd, 4318798.693, 140
Trd, 4318798.843, 140
Trd, 4318799.293, 140
Trd, 4318801.093, 140
Trd, 4318801.943, 140
Trd, 4318802.893, 140
Trd, 4318803.743, 140
Trd, 4318803.893, 140
Trd, 4318804.443, 140
Trd, 4318804.943, 140
Trd, 4318805.693, 140
Trd, 4318805.743, 140
Trd, 4318806.643, 140
Trd, 4318806.943, 140
Trd, 4318808.693, 140
Trd, 4318809.493, 140
Trd, 4318809.593, 140
Trd, 4318810.993, 140
Trd, 4318812.543, 140
Trd, 4318812.743, 140
Trd, 4318813.443, 140
Trd, 4318814.693, 140
Trd, 4318814.993, 140
Trd, 4318818.093, 140
Trd, 4318818.143, 140
Trd, 4318818.193, 140
Trd, 4318820.343, 140
Trd, 4318820.743, 140
Trd, 4318821.193, 140
Trd, 4318822.043, 140
Trd, 4318822.693, 140
Trd, 4318824.843, 140
Trd, 4318825.443, 140
Trd, 4318826.143, 140
Trd, 4318826.443, 140
Trd, 4318827.593, 140
Trd, 4318828.193, 140
Trd, 4318828.343, 140
Trd, 4318828.543, 140
Trd, 4318828.643, 140
Trd, 4318829.143, 140
Trd, 4318830.943, 140
Trd, 4318831.793, 140
Trd, 4318832.593, 140
Trd, 4318832.793, 140
Trd, 4318833.693, 140
Trd, 4318834.743, 135
Trd, 4318835.743, 140
Trd, 4318835.943, 140
Trd, 4318836.093, 136
Trd, 4318836.293, 136
Trd, 4318838.843, 140
Trd, 4318840.643, 140
Trd, 4318840.893, 140
Trd, 4318840.993, 140
Trd, 4318841.643, 140
Trd, 4318841.843, 140
Trd, 4318843.743, 140
Trd, 4318845.443, 140
Trd, 4318846.493, 140
Trd, 4318846.593, 140
Trd, 4318846.993, 140
Trd, 4318848.393, 140
Trd, 4318848.993, 140
Trd, 4318849.043, 140
Trd, 4318849.193, 140
Trd, 4318849.843, 140
Trd, 4318850.943, 140
Trd, 4318851.343, 140
Trd, 4318851.543, 140
Trd, 4318852.043, 140
Trd, 4318852.793, 140
Trd, 4318853.393, 140
Trd, 4318854.743, 140
Trd, 4318855.493, 140
Trd, 4318856.793, 140
Trd, 4318857.193, 140
Trd, 4318857.993, 140
Trd, 4318858.593, 140
Trd, 4318859.543, 140
Trd, 4318859.643, 140
Trd, 4318861.593, 140
Trd, 4318863.143, 140
Trd, 4318864.093, 140
Trd, 4318864.293, 140
Trd, 4318864.393, 140
Trd, 4318864.543, 140
Trd, 4318865.043, 140
Trd, 4318865.343, 140
Trd, 4318865.843, 140
Trd, 4318866.493, 140
Trd, 4318868.743, 140
Trd, 4318869.143, 140
Trd, 4318869.393, 140
Trd, 4318869.693, 140
Trd, 4318870.693, 140
Trd, 4318870.743, 140
Trd, 4318871.143, 140
Trd, 4318871.243, 140
Trd, 4318871.343, 138
Trd, 4318872.543, 60
Trd, 4318872.893, 140
Trd, 4318875.243, 140
Trd, 4318875.543, 140
Trd, 4318876.843, 140
Trd, 4318877.093, 140
Trd, 4318878.143, 140
Trd, 4318879.493, 140
Trd, 4318879.843, 140
Trd, 4318880.343, 140
Trd, 4318881.293, 140
Trd, 4318881.343, 140
Trd, 4318882.243, 140
Trd, 4318883.443, 140
Trd, 4318884.493, 140
Trd, 4318885.193, 140
Trd, 4318885.843, 140
Trd, 4318887.043, 140
Trd, 4318887.443, 140
Trd, 4318888.193, 140
Trd, 4318888.393, 140
Trd, 4318888.893, 140
Trd, 4318889.743, 140
Trd, 4318891.043, 140
Trd, 4318891.693, 140
Trd, 4318891.843, 135
Trd, 4318892.993, 138
Trd, 4318893.293, 116
Trd, 4318894.443, 140
Trd, 4318895.093, 140
Trd, 4318895.293, 140
Trd, 4318896.093, 140
Trd, 4318896.543, 140
Trd, 4318896.943, 140
Trd, 4318898.193, 96
Trd, 4318898.543, 96
Trd, 4318900.493, 62
Trd, 4318900.693, 75
Trd, 4318901.643, 94
Trd, 4318901.943, 63
Trd, 4318903.193, 60
Trd, 4318903.243, 63
Trd, 4318906.593, 60
Trd, 4318906.743, 62
Trd, 4318906.993, 65
Trd, 4318907.093, 60
Trd, 4318908.093, 65
Trd, 4318908.143, 62
Trd, 4318908.193, 66
Trd, 4318909.143, 62
Trd, 4318909.793, 67
Trd, 4318910.693, 63
Trd, 4318910.893, 64
Trd, 4318912.243, 140
Trd, 4318912.743, 64
Trd, 4318913.593, 60
Trd, 4318913.643, 61
Trd, 4318915.443, 62
Trd, 4318918.043, 60
Trd, 4318918.243, 60
Trd, 4318918.343, 61
Trd, 4318919.493, 60
Trd, 4318919.543, 60
Trd, 4318919.593, 61
Trd, 4318920.443, 140
Trd, 4318921.293, 140
Trd, 4318923.893, 140
Trd, 4318924.643, 140
Trd, 4318924.893, 140
Trd, 4318924.943, 140
Trd, 4318925.043, 140
Trd, 4318925.193, 140
Trd, 4318925.293, 140
Trd, 4318925.993, 140
Trd, 4318926.893, 136
Trd, 4318927.643, 135
Trd, 4318927.743, 135
Trd, 4318928.893, 60
Trd, 4318929.643, 60
Trd, 4318929.943, 60
Trd, 4318930.093, 60
Trd, 4318930.143, 61
Trd, 4318932.243, 128
Trd, 4318933.193, 129
Trd, 4318933.843, 62
Trd, 4318934.743, 60
Trd, 4318935.893, 61
Trd, 4318937.143, 60
Trd, 4318938.043, 60
Trd, 4318938.893, 60
Trd, 4318939.043, 61
Trd, 4318939.443, 63
Trd, 4318939.743, 65
Trd, 4318939.943, 67
Trd, 4318940.243, 67
Trd, 4318940.693, 68
Trd, 4318941.693, 69
Trd, 4318942.393, 61
Trd, 4318943.093, 63
Trd, 4318943.743, 66
Trd, 4318946.993, 60
Trd, 4318947.643, 60
Trd, 4318948.343, 60
Trd, 4318949.693, 60
Trd, 4318949.893, 60
Trd, 4318950.643, 60
Trd, 4318950.743, 60
Trd, 4318952.043, 60
Trd, 4318952.343, 60
Trd, 4318953.743, 60
Trd, 4318953.993, 60
Trd, 4318954.193, 60
Trd, 4318955.293, 60
Trd, 4318955.443, 60
Trd, 4318956.293, 61
Trd, 4318956.643, 62
Trd, 4318956.743, 60
Trd, 4318957.893, 63
Trd, 4318958.893, 60
Trd, 4318960.243, 60
Trd, 4318961.293, 60
Trd, 4318961.593, 60
Trd, 4318962.543, 61
Trd, 4318964.293, 60
Trd, 4318965.243, 60
Trd, 4318965.543, 61
Trd, 4318965.793, 60
Trd, 4318966.443, 62
Trd, 4318966.543, 66
Trd, 4318966.843, 63
Trd, 4318967.493, 66
Trd, 4318968.043, 66
Trd, 4318968.393, 64
Trd, 4318970.193, 84
Trd, 4318971.243, 137
Trd, 4318971.343, 138
Trd, 4318971.693, 127
Trd, 4318971.943, 125
Trd, 4318972.393, 139
Trd, 4318974.243, 140
Trd, 4318974.793, 140
Trd, 4318975.393, 140
Trd, 4318975.693, 140
Trd, 4318976.293, 140
Trd, 4318976.443, 140
Trd, 4318976.993, 140
Trd, 4318978.643, 140
Trd, 4318978.793, 140
Trd, 4318979.793, 140
Trd, 4318980.443, 140
Trd, 4318980.843, 140
Trd, 4318981.443, 140
Trd, 4318983.193, 140
Trd, 4318983.843, 140
Trd, 4318985.343, 140
Trd, 4318986.443, 140
Trd, 4318986.543, 140
Trd, 4318987.293, 140
Trd, 4318988.893, 140
Trd, 4318989.793, 140
Trd, 4318989.993, 140
Trd, 4318990.993, 140
Trd, 4318992.193, 140
Trd, 4318993.793, 140
Trd, 4318994.093, 140
Trd, 4318994.493, 140
Trd, 4318996.643, 140
Trd, 4318996.743, 140
Trd, 4318996.793, 140
Trd, 4318997.443, 140
Trd, 4318997.843, 138
Trd, 4318999.343, 140
Trd, 4319000.793, 140
Trd, 4319003.543, 140
Trd, 4319003.643, 140
Trd, 4319004.043, 140
Trd, 4319005.093, 140
Trd, 4319005.943, 140
Trd, 4319006.293, 140
Trd, 4319007.293, 140
Trd, 4319008.543, 140
Trd, 4319009.543, 140
Trd, 4319010.193, 140
Trd, 4319010.943, 140
Trd, 4319010.993, 140
Trd, 4319013.243, 140
Trd, 4319013.393, 140
Trd, 4319014.293, 140
Trd, 4319014.443, 140
Trd, 4319014.943, 140
Trd, 4319015.343, 140
Trd, 4319015.743, 140
Trd, 4319016.443, 138
Trd, 4319016.793, 139
Trd, 4319016.943, 139
Trd, 4319017.193, 114
Trd, 4319018.543, 140
Trd, 4319018.693, 140
Trd, 4319020.093, 140
Trd, 4319021.793, 139
Trd, 4319021.993, 140
Trd, 4319022.943, 140
Trd, 4319023.643, 140
Trd, 4319024.443, 140
Trd, 4319025.443, 140
Trd, 4319025.743, 140
Trd, 4319026.743, 140
Trd, 4319027.143, 140
Trd, 4319027.293, 140
Trd, 4319028.343, 140
Trd, 4319028.643, 140
Trd, 4319028.893, 139
Trd, 4319029.193, 138
Trd, 4319030.143, 140
Trd, 4319031.843, 140
Trd, 4319033.643, 140
Trd, 4319033.693, 140
Trd, 4319034.343, 140
Trd, 4319034.643, 140
Trd, 4319035.443, 140
Trd, 4319036.393, 140
Trd, 4319038.993, 140
Trd, 4319039.143, 140
Trd, 4319039.193, 140
Trd, 4319040.443, 140
Trd, 4319041.043, 140
Trd, 4319042.593, 140
Trd, 4319043.093, 140
Trd, 4319043.943, 140
Trd, 4319043.993, 140
Trd, 4319044.143, 140
Trd, 4319045.193, 140
Trd, 4319045.243, 133
Trd, 4319046.093, 139
Trd, 4319047.643, 140
Trd, 4319047.743, 138
Trd, 4319049.943, 71
Trd, 4319050.243, 72
Trd, 4319052.743, 60
Trd, 4319053.143, 62
Trd, 4319053.543, 60
Trd, 4319055.043, 60
Trd, 4319055.543, 61
Trd, 4319056.693, 60
Trd, 4319057.093, 60
Trd, 4319057.343, 60
Trd, 4319058.293, 60
Trd, 4319058.443, 61
Trd, 4319058.493, 65
Trd, 4319059.193, 60
Trd, 4319060.743, 140
Trd, 4319061.093, 140
Trd, 4319061.743, 140
Trd, 4319062.043, 140
Trd, 4319062.843, 140
Trd, 4319064.443, 140
Trd, 4319065.343, 140
Trd, 4319065.793, 140
Trd, 4319067.243, 140
Trd, 4319067.993, 140
Trd, 4319068.243, 140
Trd, 4319068.443, 140
Trd, 4319069.843, 140
Trd, 4319069.943, 140
Trd, 4319071.543, 140
Trd, 4319071.793, 140
Trd, 4319072.993, 140
Trd, 4319073.043, 140
Trd, 4319074.243, 140
Trd, 4319075.843, 140
Trd, 4319076.593, 140
Trd, 4319077.093, 140
Trd, 4319077.193, 140
Trd, 4319077.243, 140
Trd, 4319077.993, 137
Trd, 4319079.193, 140
Trd, 4319079.643, 140
Trd, 4319080.193, 140
Trd, 4319080.343, 140
Trd, 4319081.743, 140
Trd, 4319081.943, 140
Trd, 4319082.143, 140
Trd, 4319082.993, 140
Trd, 4319083.093, 140
Trd, 4319084.043, 140
Trd, 4319084.943, 140
Trd, 4319086.143, 140
Trd, 4319087.693, 140
Trd, 4319087.793, 140
Trd, 4319089.143, 140
Trd, 4319090.643, 140
Trd, 4319091.543, 140
Trd, 4319092.393, 140
Trd, 4319092.643, 140
Trd, 4319092.793, 140
Trd, 4319093.143, 140
Trd, 4319094.143, 140
Trd, 4319095.193, 140
Trd, 4319095.993, 140
Trd, 4319096.993, 140
Trd, 4319097.993, 140
Trd, 4319098.493, 140
Trd, 4319099.593, 140
Trd, 4319099.993, 140
Trd, 4319101.093, 140
Trd, 4319102.243, 140
Trd, 4319102.543, 140
Trd, 4319102.693, 140
Trd, 4319102.843, 140
Trd, 4319103.043, 140
Trd, 4319104.743, 140
Trd, 4319104.893, 140
Trd, 4319106.493, 140
Trd, 4319106.793, 140
Trd, 4319108.093, 140
Trd, 4319109.293, 140
Trd, 4319109.793, 140
Trd, 4319110.993, 140
Trd, 4319111.293, 140
Trd, 4319111.393, 140
Trd, 4319112.393, 140
Trd, 4319113.443, 140
Trd, 4319114.443, 140
Trd, 4319116.693, 140
Trd, 4319116.893, 140
Trd, 4319117.543, 140
Trd, 4319118.593, 140
Trd, 4319118.993, 140
Trd, 4319119.043, 140
Trd, 4319119.893, 140
Trd, 4319121.443, 140
Trd, 4319122.243, 140
Trd, 4319122.943, 140
Trd, 4319124.143, 140
Trd, 4319124.543, 140
Trd, 4319124.943, 140
Trd, 4319126.643, 140
Trd, 4319126.793, 140
Trd, 4319127.043, 140
Trd, 4319127.143, 140
Trd, 4319127.693, 140
Trd, 4319128.693, 140
Trd, 4319128.893, 140
Trd, 4319129.443, 139
Trd, 4319132.443, 60
Trd, 4319132.693, 60
Trd, 4319133.293, 60
Trd, 4319133.893, 60
Trd, 4319134.493, 60
Trd, 4319135.693, 60
Trd, 4319136.593, 60
Trd, 4319137.093, 61
Trd, 4319138.543, 60
Trd, 4319138.593, 61
Trd, 4319138.893, 63
Trd, 4319139.393, 64
Trd, 4319139.443, 63
Trd, 4319139.743, 63
Trd, 4319142.643, 60
Trd, 4319142.893, 60
Trd, 4319142.943, 62
Trd, 4319143.443, 68
Trd, 4319144.293, 60
Trd, 4319145.393, 60
Trd, 4319148.593, 60
Trd, 4319148.743, 60
Trd, 4319150.443, 60
Trd, 4319151.543, 60
Trd, 4319151.893, 61
Trd, 4319152.093, 61
Trd, 4319152.593, 60
Trd, 4319153.093, 60
Trd, 4319154.643, 60
Trd, 4319154.993, 60
Trd, 4319155.243, 60
Trd, 4319155.293, 60
Trd, 4319155.593, 64
Trd, 4319156.043, 63
Trd, 4319156.743, 140
Trd, 4319157.793, 68
Trd, 4319159.143, 71
Trd, 4319159.343, 71
Trd, 4319159.943, 68
Trd, 4319161.043, 140
Trd, 4319162.693, 60
Trd, 4319163.243, 61
Trd, 4319164.993, 60
Trd, 4319165.493, 60
Trd, 4319166.443, 60
Trd, 4319166.793, 60
Trd, 4319168.643, 60
Trd, 4319168.743, 60
Trd, 4319169.493, 60
Trd, 4319170.493, 60
Trd, 4319170.693, 62
Trd, 4319171.643, 67
Trd, 4319171.943, 65
Trd, 4319172.143, 64
Trd, 4319173.243, 138
Trd, 4319175.393, 140
Trd, 4319175.493, 140
Trd, 4319176.193, 140
Trd, 4319176.893, 140
Trd, 4319177.043, 140
Trd, 4319181.793, 140
Trd, 4319182.443, 140
Trd, 4319183.293, 140
Trd, 4319183.393, 140
Trd, 4319183.493, 140
Trd, 4319184.543, 140
Trd, 4319184.693, 140
Trd, 4319185.393, 140
Trd, 4319185.793, 140
Trd, 4319186.893, 140
Trd, 4319187.793, 140
Trd, 4319187.993, 140
Trd, 4319189.743, 140
Trd, 4319190.093, 140
Trd, 4319191.593, 140
Trd, 4319193.643, 140
Trd, 4319193.993, 140
Trd, 4319194.443, 140
Trd, 4319194.843, 140
Trd, 4319195.093, 140
Trd, 4319195.943, 140
Trd, 4319198.693, 140
Trd, 4319199.243, 140
Trd, 4319199.343, 140
Trd, 4319200.093, 140
Trd, 4319200.893, 140
Trd, 4319201.493, 140
Trd, 4319201.743, 140
Trd, 4319202.743, 140
Trd, 4319203.043, 140
Trd, 4319203.143, 140
Trd, 4319204.493, 140
Trd, 4319204.843, 140
Trd, 4319206.393, 140
Trd, 4319207.093, 139
Trd, 4319207.543, 140
Trd, 4319209.193, 140
Trd, 4319209.443, 140
Trd, 4319210.693, 140
Trd, 4319210.993, 140
Trd, 4319211.593, 140
Trd, 4319213.743, 140
Trd, 4319214.043, 140
Trd, 4319214.243, 140
Trd, 4319214.343, 139
Trd, 4319216.193, 140
Trd, 4319216.693, 140
Trd, 4319217.593, 140
Trd, 4319217.743, 140
Trd, 4319217.843, 140
Trd, 4319218.143, 138
Trd, 4319218.493, 138
Trd, 4319219.093, 104
Trd, 4319222.143, 140
Trd, 4319223.893, 140
Trd, 4319224.243, 140
Trd, 4319225.243, 140
Trd, 4319225.543, 140
Trd, 4319225.843, 140
Trd, 4319225.993, 140
Trd, 4319226.443, 138
Trd, 4319226.593, 138
Trd, 4319228.343, 140
Trd, 4319229.243, 140
Trd, 4319230.243, 140
Trd, 4319230.293, 140
Trd, 4319231.043, 140
Trd, 4319231.893, 140
Trd, 4319232.093, 140
Trd, 4319232.443, 140
Trd, 4319232.693, 140
Trd, 4319232.843, 140
Trd, 4319233.193, 140
Trd, 4319236.243, 140
Trd, 4319236.643, 140
Trd, 4319236.693, 140
Trd, 4319237.693, 140
Trd, 4319240.493, 140
Trd, 4319240.793, 140
Trd, 4319241.793, 140
Trd, 4319242.093, 140
Trd, 4319243.393, 140
Trd, 4319244.243, 140
Trd, 4319244.443, 140
Trd, 4319245.743, 140
Trd, 4319246.393, 140
Trd, 4319246.443, 140
Trd, 4319247.243, 139
Trd, 4319248.193, 140
Trd, 4319248.693, 139
Trd, 4319248.843, 139
Trd, 4319248.893, 138
Trd, 4319250.843, 140
Trd, 4319251.593, 140
Trd, 4319251.893, 140
Trd, 4319251.943, 140
Trd, 4319251.993, 140
Trd, 4319252.643, 140
Trd, 4319252.843, 140
Trd, 4319253.243, 140
Trd, 4319254.943, 140
Trd, 4319255.943, 140
Trd, 4319256.043, 140
Trd, 4319256.793, 139
Trd, 4319257.693, 140
Trd, 4319258.193, 140
Trd, 4319259.293, 140
Trd, 4319259.593, 140
Trd, 4319260.393, 140
Trd, 4319262.493, 140
Trd, 4319262.993, 140
Trd, 4319263.643, 140
Trd, 4319263.693, 140
Trd, 4319265.743, 140
Trd, 4319265.993, 140
Trd, 4319268.093, 140
Trd, 4319268.943, 140
Trd, 4319270.293, 140
Trd, 4319271.793, 140
Trd, 4319272.943, 140
Trd, 4319273.543, 140
Trd, 4319273.643, 140
Trd, 4319274.543, 140
Trd, 4319274.743, 140
Trd, 4319275.393, 140
Trd, 4319276.193, 140
Trd, 4319276.243, 140
Trd, 4319276.343, 140
Trd, 4319277.043, 140
Trd, 4319277.693, 140
Trd, 4319278.043, 139
Trd, 4319279.143, 140
Trd, 4319280.193, 140
Trd, 4319280.593, 140
Trd, 4319281.593, 139
Trd, 4319284.093, 140
Trd, 4319284.193, 140
Trd, 4319284.593, 140
Trd, 4319285.943, 140
Trd, 4319286.443, 140
Trd, 4319286.743, 140
Trd, 4319288.343, 140
Trd, 4319288.893, 140
Trd, 4319289.493, 140
Trd, 4319290.343, 140
Trd, 4319290.693, 140
Trd, 4319290.793, 140
Trd, 4319291.593, 140
Trd, 4319291.843, 140
Trd, 4319292.193, 140
Trd, 4319292.643, 140
Trd, 4319292.993, 130
Trd, 4319293.293, 139
Trd, 4319294.693, 140
Trd, 4319294.843, 123
Trd, 4319296.693, 60
Trd, 4319297.643, 60
Trd, 4319298.493, 60
Trd, 4319300.043, 60
Trd, 4319301.143, 60
Trd, 4319301.243, 60
Trd, 4319301.943, 60
Trd, 4319302.993, 60
Trd, 4319303.943, 61
Trd, 4319303.993, 62
Trd, 4319304.293, 60
Trd, 4319304.393, 62
Trd, 4319304.543, 61
Trd, 4319305.293, 60
Trd, 4319305.393, 61
Trd, 4319306.143, 137
Trd, 4319307.043, 140
Trd, 4319307.193, 113
Trd, 4319307.843, 64
Trd, 4319308.193, 66
Trd, 4319309.743, 140
Trd, 4319310.643, 140
Trd, 4319311.793, 140
Trd, 4319312.543, 140
Trd, 4319312.993, 140
Trd, 4319314.293, 140
Trd, 4319314.993, 140
Trd, 4319315.493, 140
Trd, 4319316.443, 140
Trd, 4319316.493, 140
Trd, 4319316.643, 140
Trd, 4319317.193, 131
Trd, 4319319.743, 60
Trd, 4319320.293, 61
Trd, 4319320.993, 65
Trd, 4319321.043, 66
Trd, 4319321.643, 61
Trd, 4319322.943, 60
Trd, 4319324.593, 60
Trd, 4319324.893, 60
Trd, 4319324.993, 60
Trd, 4319325.393, 61
Trd, 4319325.593, 64
Trd, 4319326.043, 61
Trd, 4319326.943, 64
Trd, 4319327.393, 60
Trd, 4319329.593, 127
Trd, 4319330.343, 140
Trd, 4319332.643, 60
Trd, 4319332.693, 60
Trd, 4319333.143, 60
Trd, 4319333.743, 60
Trd, 4319335.243, 60
Trd, 4319335.543, 61
Trd, 4319336.443, 60
Trd, 4319336.643, 62
Trd, 4319337.943, 60
Trd, 4319338.343, 60
Trd, 4319339.043, 60
Trd, 4319339.643, 61
Trd, 4319339.793, 60
Trd, 4319342.393, 60
Trd, 4319342.943, 60
Trd, 4319343.043, 62
Trd, 4319344.493, 60
Trd, 4319345.043, 60
Trd, 4319346.143, 60
Trd, 4319347.993, 61
Trd, 4319349.293, 63
Trd, 4319350.343, 62
Trd, 4319350.543, 60
Trd, 4319350.693, 61
Trd, 4319350.893, 60
Trd, 4319351.893, 60
Trd, 4319352.343, 62
Trd, 4319352.493, 64
Trd, 4319353.293, 60
Trd, 4319353.543, 65
Trd, 4319354.693, 60
Trd, 4319355.193, 62
Trd, 4319355.593, 66
Trd, 4319355.893, 65
Trd, 4319358.343, 140
Trd, 4319359.743, 140
Trd, 4319360.993, 140
Trd, 4319361.543, 140
Trd, 4319362.593, 140
Trd, 4319363.393, 140
Trd, 4319363.543, 140
Trd, 4319363.693, 140
Trd, 4319364.143, 140
Trd, 4319365.493, 140
Trd, 4319366.243, 140
Trd, 4319368.343, 140
Trd, 4319368.543, 140
Trd, 4319368.893, 140
Trd, 4319370.143, 140
Trd, 4319370.293, 140
Trd, 4319370.443, 118
Trd, 4319371.593, 140
Trd, 4319372.143, 140
Trd, 4319372.693, 140
Trd, 4319373.193, 138
Trd, 4319373.543, 138
Trd, 4319374.443, 60
Trd, 4319375.093, 140
Trd, 4319375.593, 140
Trd, 4319376.543, 140
Trd, 4319378.793, 140
Trd, 4319379.093, 140
Trd, 4319379.593, 140
Trd, 4319379.643, 140
Trd, 4319380.593, 140
Trd, 4319382.543, 140
Trd, 4319383.193, 140
Trd, 4319383.543, 140
Trd, 4319385.193, 140
Trd, 4319385.593, 140
Trd, 4319386.243, 140
Trd, 4319386.343, 140
Trd, 4319387.593, 140
Trd, 4319388.293, 140
Trd, 4319390.143, 140
Trd, 4319390.343, 140
Trd, 4319390.643, 140
Trd, 4319390.893, 140
Trd, 4319391.443, 140
Trd, 4319393.293, 140
Trd, 4319393.893, 140
Trd, 4319396.393, 140
Trd, 4319396.993, 140
Trd, 4319397.543, 140
Trd, 4319397.593, 140
Trd, 4319398.943, 140
Trd, 4319399.193, 140
Trd, 4319399.893, 140
Trd, 4319402.043, 140
Trd, 4319402.493, 140
Trd, 4319402.543, 140
Trd, 4319403.393, 140
Trd, 4319404.543, 140
Trd, 4319404.593, 140
Trd, 4319405.843, 140
Trd, 4319406.793, 140
Trd, 4319406.993, 140
Trd, 4319407.543, 140
Trd, 4319408.143, 140
Trd, 4319408.893, 140
Trd, 4319409.293, 140
Trd, 4319409.893, 140
Trd, 4319411.093, 140
Trd, 4319411.593, 139
Trd, 4319411.693, 140
Trd, 4319411.793, 139
Trd, 4319413.443, 140
Trd, 4319414.193, 140
Trd, 4319414.243, 140
Trd, 4319414.493, 136
Trd, 4319416.243, 140
Trd, 4319416.943, 140
Trd, 4319417.693, 140
Trd, 4319419.193, 140
Trd, 4319419.693, 140
Trd, 4319421.193, 140
Trd, 4319421.343, 140
Trd, 4319423.693, 140
Trd, 4319424.243, 140
Trd, 4319424.743, 140
Trd, 4319425.093, 140
Trd, 4319426.193, 140
Trd, 4319426.243, 140
Trd, 4319426.443, 140
Trd, 4319427.293, 140
Trd, 4319427.493, 140
Trd, 4319428.893, 140
Trd, 4319429.893, 140
Trd, 4319430.793, 140
Trd, 4319431.293, 140
Trd, 4319431.793, 140
Trd, 4319431.943, 140
Trd, 4319432.443, 140
Trd, 4319434.543, 140
Trd, 4319434.793, 140
Trd, 4319435.043, 140
Trd, 4319436.243, 140
Trd, 4319436.593, 140
Trd, 4319437.293, 139
Trd, 4319439.743, 140
Trd, 4319440.193, 140
Trd, 4319441.393, 140
Trd, 4319442.143, 140
Trd, 4319442.193, 137
Trd, 4319442.543, 140
Trd, 4319444.043, 140
Trd, 4319444.293, 134
Trd, 4319444.593, 128
Trd, 4319445.643, 140
Trd, 4319447.243, 140
Trd, 4319447.393, 140
Trd, 4319447.893, 140
Trd, 4319448.593, 140
Trd, 4319449.843, 140
Trd, 4319451.343, 140
Trd, 4319451.593, 140
Trd, 4319452.893, 140
Trd, 4319453.343, 140
Trd, 4319453.943, 139
Trd, 4319455.893, 140
Trd, 4319457.393, 140
Trd, 4319457.443, 140
Trd, 4319457.843, 140
Trd, 4319457.893, 140
Trd, 4319459.093, 140
Trd, 4319460.443, 140
Trd, 4319460.593, 140
Trd, 4319462.043, 140
Trd, 4319462.693, 140
Trd, 4319462.893, 140
Trd, 4319463.493, 140
Trd, 4319464.293, 140
Trd, 4319464.543, 140
Trd, 4319466.593, 140
Trd, 4319466.893, 140
Trd, 4319467.043, 140
Trd, 4319468.743, 140
Trd, 4319469.543, 140
Trd, 4319470.193, 140
Trd, 4319470.393, 140
Trd, 4319470.793, 140
Trd, 4319471.593, 140
Trd, 4319471.693, 140
Trd, 4319471.843, 140
Trd, 4319473.043, 140
Trd, 4319473.393, 140
Trd, 4319473.693, 140
Trd, 4319474.993, 140
Trd, 4319475.693, 140
Trd, 4319476.393, 140
Trd, 4319476.543, 140
Trd, 4319476.993, 128
Trd, 4319479.793, 140
Trd, 4319480.043, 140
Trd, 4319480.643, 140
Trd, 4319480.743, 140
Trd, 4319481.843, 140
Trd, 4319482.893, 140
Trd, 4319484.193, 140
Trd, 4319486.043, 140
Trd, 4319486.393, 140
Trd, 4319487.743, 140
Trd, 4319487.843, 139
Trd, 4319488.893, 140
Trd, 4319488.993, 140
Trd, 4319489.793, 140
Trd, 4319489.943, 140
Trd, 4319490.193, 138
Trd, 4319490.343, 137
Trd, 4319491.643, 60
Trd, 4319491.893, 60
Trd, 4319493.093, 140
Trd, 4319494.993, 63
Trd, 4319495.993, 61
Trd, 4319496.093, 61
Trd, 4319496.643, 60
Trd, 4319497.893, 60
Trd, 4319498.543, 60
Trd, 4319499.393, 60
Trd, 4319499.643, 60
Trd, 4319500.443, 60
Trd, 4319500.593, 61
Trd, 4319501.093, 66
Trd, 4319501.993, 60
Trd, 4319502.643, 70
Trd, 4319502.793, 68
Trd, 4319503.743, 70
Trd, 4319503.943, 69
Trd, 4319505.143, 66
Trd, 4319505.543, 61
Trd, 4319508.143, 60
Trd, 4319508.193, 60
Trd, 4319508.343, 60
Trd, 4319508.493, 61
Trd, 4319510.343, 60
Trd, 4319510.543, 60
Trd, 4319510.993, 61
Trd, 4319511.443, 63
Trd, 4319512.093, 60
Trd, 4319512.643, 62
Trd, 4319513.193, 62
Trd, 4319513.493, 62
Trd, 4319514.443, 140
Trd, 4319515.093, 140
Trd, 4319515.743, 140
Trd, 4319517.043, 140
Trd, 4319518.493, 140
Trd, 4319518.743, 140
Trd, 4319518.893, 140
Trd, 4319519.343, 140
Trd, 4319520.943, 139
Trd, 4319522.243, 138
Trd, 4319523.393, 139
Trd, 4319524.043, 140
Trd, 4319526.393, 140
Trd, 4319526.593, 140
Trd, 4319526.943, 140
Trd, 4319527.643, 140
Trd, 4319529.293, 140
Trd, 4319529.443, 140
Trd, 4319529.693, 140
Trd, 4319530.293, 140
Trd, 4319530.443, 140
Trd, 4319531.093, 140
Trd, 4319531.693, 140
Trd, 4319533.243, 60
Trd, 4319534.193, 60
Trd, 4319534.293, 60
Trd, 4319537.043, 60
Trd, 4319537.493, 62
Trd, 4319539.093, 61
Trd, 4319539.693, 61
Trd, 4319539.893, 61
Trd, 4319540.243, 65
Trd, 4319540.543, 61
Trd, 4319540.593, 73
Trd, 4319541.093, 140
Trd, 4319542.043, 63
Trd, 4319542.943, 140
Trd, 4319544.343, 140
Trd, 4319545.643, 140
Trd, 4319545.793, 140
Trd, 4319546.793, 140
Trd, 4319548.843, 140
Trd, 4319549.543, 140
Trd, 4319550.343, 140
Trd, 4319550.393, 140
Trd, 4319551.293, 140
Trd, 4319551.693, 140
Trd, 4319553.143, 140
Trd, 4319553.843, 140
Trd, 4319554.193, 140
Trd, 4319554.643, 139
Trd, 4319554.943, 139
Trd, 4319555.643, 61
Trd, 4319559.893, 140
Trd, 4319560.093, 140
Trd, 4319560.243, 140
Trd, 4319561.143, 140
Trd, 4319561.493, 140
Trd, 4319561.943, 140
Trd, 4319562.743, 140
Trd, 4319563.143, 140
Trd, 4319564.093, 140
Trd, 4319564.143, 140
Trd, 4319564.443, 140
Trd, 4319564.693, 140
Trd, 4319565.593, 140
Trd, 4319567.393, 140
Trd, 4319567.993, 140
Trd, 4319568.393, 140
Trd, 4319568.493, 140
Trd, 4319571.393, 140
Trd, 4319571.493, 140
Trd, 4319571.643, 140
Trd, 4319571.943, 140
Trd, 4319572.293, 140
Trd, 4319573.493, 140
Trd, 4319574.193, 140
Trd, 4319575.943, 140
Trd, 4319576.193, 140
Trd, 4319576.643, 140
Trd, 4319577.193, 140
Trd, 4319578.193, 140
Trd, 4319580.643, 140
Trd, 4319580.693, 140
Trd, 4319580.943, 140
Trd, 4319581.693, 140
Trd, 4319581.893, 140
Trd, 4319583.293, 140
Trd, 4319583.743, 140
Trd, 4319584.893, 139
Trd, 4319585.143, 138
Trd, 4319585.193, 137
Trd, 4319586.593, 140
Trd, 4319588.143, 140
Trd, 4319589.343, 140
Trd, 4319589.593, 140
Trd, 4319590.393, 140
Trd, 4319590.943, 140
Trd, 4319592.243, 140
Trd, 4319592.393, 140
Trd, 4319592.593, 140
Trd, 4319593.443, 140
Trd, 4319593.943, 140
Trd, 4319595.643, 140
Trd, 4319595.743, 140
Trd, 4319596.193, 140
Trd, 4319596.543, 140
Trd, 4319597.043, 140
Trd, 4319597.243, 140
Trd, 4319598.693, 140
Trd, 4319599.993, 140
Trd, 4319600.393, 140
Trd, 4319601.043, 140
Trd, 4319601.593, 140
Trd, 4319602.143, 140
Trd, 4319602.593, 139
Trd, 4319602.943, 118
Trd, 4319603.793, 60
Trd, 4319604.293, 61
Trd, 4319605.493, 140
Trd, 4319605.943, 140
Trd, 4319606.993, 140
Trd, 4319607.593, 140
Trd, 4319608.343, 140
Trd, 4319608.543, 140
Trd, 4319610.343, 140
Trd, 4319610.643, 140
Trd, 4319610.843, 140
Trd, 4319611.143, 140
Trd, 4319611.993, 140
Trd, 4319613.193, 140
Trd, 4319613.293, 140
Trd, 4319615.493, 140
Trd, 4319616.943, 140
Trd, 4319617.743, 140
Trd, 4319618.543, 140
Trd, 4319619.093, 140
Trd, 4319619.143, 140
Trd, 4319620.443, 137
Trd, 4319620.893, 138
Trd, 4319621.293, 140
Trd, 4319623.443, 140
Trd, 4319623.843, 140
Trd, 4319624.093, 140
Trd, 4319625.343, 140
Trd, 4319626.043, 140
Trd, 4319626.293, 140
Trd, 4319626.493, 140
Trd, 4319628.493, 140
Trd, 4319629.793, 140
Trd, 4319629.893, 140
Trd, 4319630.693, 140
Trd, 4319630.843, 140
Trd, 4319630.993, 140
Trd, 4319631.593, 140
Trd, 4319632.693, 140
Trd, 4319635.543, 140
Trd, 4319636.043, 140
Trd, 4319636.393, 140
Trd, 4319636.443, 140
Trd, 4319636.843, 140
Trd, 4319637.293, 140
Trd, 4319638.343, 140
Trd, 4319638.693, 140
Trd, 4319639.543, 140
Trd, 4319640.493, 140
Trd, 4319640.743, 140
Trd, 4319641.393, 139
Trd, 4319641.793, 138
Trd, 4319642.593, 140
Trd, 4319642.943, 140
Trd, 4319643.643, 140
Trd, 4319645.293, 140
Trd, 4319645.743, 140
Trd, 4319645.843, 140
Trd, 4319648.893, 140
Trd, 4319648.993, 140
Trd, 4319650.843, 140
Trd, 4319650.993, 140
Trd, 4319651.993, 140
Trd, 4319652.743, 140
Trd, 4319655.393, 140
Trd, 4319655.693, 140
Trd, 4319655.993, 140
Trd, 4319656.943, 140
Trd, 4319657.643, 140
Trd, 4319658.143, 140
Trd, 4319658.193, 139
Trd, 4319658.643, 140
Trd, 4319658.693, 140
Trd, 4319658.943, 140
Trd, 4319659.193, 140
Trd, 4319659.893, 75
Trd, 4319661.643, 140
Trd, 4319662.043, 140
Trd, 4319662.893, 140
Trd, 4319663.393, 140
Trd, 4319663.493, 140
Trd, 4319664.993, 138
Trd, 4319667.243, 140
Trd, 4319667.793, 140
Trd, 4319667.893, 140
Trd, 4319668.293, 140
Trd, 4319668.743, 139
Trd, 4319670.193, 140
Trd, 4319670.493, 139
Trd, 4319672.093, 140
Trd, 4319672.193, 140
Trd, 4319672.393, 140
Trd, 4319673.243, 140
Trd, 4319674.093, 140
Trd, 4319674.293, 140
Trd, 4319674.943, 140
Trd, 4319675.843, 140
Trd, 4319676.693, 140
Trd, 4319678.393, 140
Trd, 4319678.543, 140
Trd, 4319680.193, 140
Trd, 4319680.793, 140
Trd, 4319681.943, 140
Trd, 4319682.093, 140
Trd, 4319682.143, 140
Trd, 4319682.593, 140
Trd, 4319684.543, 140
Trd, 4319684.843, 140
Trd, 4319685.093, 140
Trd, 4319685.793, 140
Trd, 4319686.193, 140
Trd, 4319686.493, 140
Trd, 4319687.343, 140
Trd, 4319687.743, 140
Trd, 4319688.543, 140
Trd, 4319689.393, 140
Trd, 4319689.743, 140
Trd, 4319690.793, 140
Trd, 4319691.593, 140
Trd, 4319693.593, 140
Trd, 4319693.893, 140
Trd, 4319695.193, 140
Trd, 4319696.093, 140
Trd, 4319696.793, 140
Trd, 4319696.943, 140
Trd, 4319697.043, 140
Trd, 4319698.793, 140
Trd, 4319699.643, 140
Trd, 4319701.493, 140
Trd, 4319701.793, 140
Trd, 4319702.893, 140
Trd, 4319703.093, 140
Trd, 4319704.093, 140
Trd, 4319704.443, 140
Trd, 4319705.043, 140
Trd, 4319705.593, 140
Trd, 4319706.343, 140
Trd, 4319706.843, 140
Trd, 4319708.543, 140
Trd, 4319709.193, 140
Trd, 4319709.393, 140
Trd, 4319709.943, 140
Trd, 4319710.843, 140
Trd, 4319711.343, 140
Trd, 4319712.493, 140
Trd, 4319712.543, 140
Trd, 4319712.793, 140
Trd, 4319714.493, 140
Trd, 4319714.693, 140
Trd, 4319715.143, 140
Trd, 4319715.993, 106
Trd, 4319716.793, 140
Trd, 4319718.893, 140
Trd, 4319718.943, 140
Trd, 4319719.743, 140
Trd, 4319719.993, 140
Trd, 4319720.143, 139
Trd, 4319721.193, 91
Trd, 4319721.243, 86
Trd, 4319723.643, 140
Trd, 4319723.943, 140
Trd, 4319724.093, 140
Trd, 4319724.693, 140
Trd, 4319725.593, 140
Trd, 4319727.193, 140
Trd, 4319727.293, 140
Trd, 4319727.793, 139
Trd, 4319728.593, 139
Trd, 4319728.693, 140
Trd, 4319728.893, 137
Trd, 4319730.193, 60
Trd, 4319730.493, 60
Trd, 4319731.193, 60
Trd, 4319732.393, 60
Trd, 4319733.843, 60
Trd, 4319735.643, 60
Trd, 4319735.843, 60
Trd, 4319736.693, 60
Trd, 4319737.643, 60
Trd, 4319737.793, 60
Trd, 4319737.943, 60
Trd, 4319738.593, 60
Trd, 4319738.893, 64
Trd, 4319738.993, 64
Trd, 4319739.593, 66
Trd, 4319739.843, 70
Trd, 4319740.493, 129
Trd, 4319740.743, 65
Trd, 4319741.743, 80
Trd, 4319742.593, 60
Trd, 4319742.693, 62
Trd, 4319742.793, 61
Trd, 4319743.543, 62
Trd, 4319743.943, 63
Trd, 4319744.343, 61
Trd, 4319744.693, 140
Trd, 4319745.343, 139
Trd, 4319746.143, 119
Trd, 4319746.743, 64
Trd, 4319749.293, 140
Trd, 4319750.143, 140
Trd, 4319750.293, 140
Trd, 4319750.593, 140
Trd, 4319750.993, 140
Trd, 4319751.243, 138
Trd, 4319752.743, 140
Trd, 4319753.643, 140
Trd, 4319754.443, 140
Trd, 4319754.593, 140
Trd, 4319756.443, 140
Trd, 4319756.843, 140
Trd, 4319757.143, 140
Trd, 4319757.593, 140
Trd, 4319759.593, 140
Trd, 4319759.943, 140
Trd, 4319760.793, 140
Trd, 4319763.043, 140
Trd, 4319763.293, 140
Trd, 4319763.443, 140
Trd, 4319764.593, 140
Trd, 4319765.893, 140
Trd, 4319766.443, 140
Trd, 4319769.093, 140
Trd, 4319769.543, 140
Trd, 4319769.893, 140
Trd, 4319771.493, 140
Trd, 4319771.843, 140
Trd, 4319771.893, 140
Trd, 4319772.093, 140
Trd, 4319772.193, 140
Trd, 4319772.643, 140
Trd, 4319773.193, 138
Trd, 4319773.343, 136
Trd, 4319773.843, 137
Trd, 4319775.193, 137
Trd, 4319775.893, 136
Trd, 4319776.193, 117
Trd, 4319777.743, 140
Trd, 4319777.793, 140
Trd, 4319779.493, 140
Trd, 4319780.043, 139
Trd, 4319780.543, 139
Trd, 4319780.643, 139
Trd, 4319780.893, 139
Trd, 4319781.943, 140
Trd, 4319783.343, 140
Trd, 4319784.293, 140
Trd, 4319784.443, 140
Trd, 4319784.893, 140
Trd, 4319784.943, 139
Trd, 4319785.443, 138
Trd, 4319788.143, 140
Trd, 4319788.943, 140
Trd, 4319790.143, 140
Trd, 4319791.093, 140
Trd, 4319791.193, 140
Trd, 4319791.593, 140
Trd, 4319792.193, 140
Trd, 4319793.543, 140
Trd, 4319794.993, 140
Trd, 4319795.243, 140
Trd, 4319795.543, 140
Trd, 4319796.193, 140
Trd, 4319796.543, 140
Trd, 4319797.443, 140
Trd, 4319797.643, 140
Trd, 4319797.793, 140
Trd, 4319799.593, 140
Trd, 4319800.743, 140
Trd, 4319801.943, 140
Trd, 4319803.643, 140
Trd, 4319803.943, 140
Trd, 4319804.693, 140
Trd, 4319805.843, 140
Trd, 4319806.243, 140
Trd, 4319806.643, 140
Trd, 4319807.343, 140
Trd, 4319807.493, 140
Trd, 4319807.993, 139
Trd, 4319808.843, 140
Trd, 4319809.693, 140
Trd, 4319809.893, 140
Trd, 4319810.193, 139
Trd, 4319811.143, 140
Trd, 4319811.343, 140
Trd, 4319813.043, 140
Trd, 4319813.143, 140
Trd, 4319813.193, 140
Trd, 4319815.893, 140
Trd, 4319816.093, 140
Trd, 4319818.193, 140
Trd, 4319818.243, 140
Trd, 4319818.293, 140
Trd, 4319819.193, 140
Trd, 4319819.643, 139
Trd, 4319819.793, 140
Trd, 4319820.793, 103
Trd, 4319821.143, 60
Trd, 4319823.143, 75
Trd, 4319823.693, 65
Trd, 4319824.893, 135
Trd, 4319826.043, 140
Trd, 4319826.393, 140
Trd, 4319826.543, 140
Trd, 4319826.743, 139
Trd, 4319828.393, 140
Trd, 4319828.893, 140
Trd, 4319829.843, 140
Trd, 4319831.493, 140
Trd, 4319831.593, 140
Trd, 4319832.593, 140
Trd, 4319833.043, 140
Trd, 4319833.343, 140
Trd, 4319835.293, 140
Trd, 4319836.593, 140
Trd, 4319836.993, 140
Trd, 4319837.493, 140
Trd, 4319837.793, 140
Trd, 4319838.293, 140
Trd, 4319839.743, 140
Trd, 4319840.793, 140
Trd, 4319841.493, 140
Trd, 4319841.693, 140
Trd, 4319842.743, 140
Trd, 4319842.993, 139
Trd, 4319845.143, 140
Trd, 4319845.543, 140
Trd, 4319846.993, 140
Trd, 4319848.393, 140
Trd, 4319848.693, 140
Trd, 4319849.943, 140
Trd, 4319850.243, 140
Trd, 4319852.243, 140
Trd, 4319852.943, 140
Trd, 4319853.093, 139
Trd, 4319853.443, 139
Trd, 4319853.593, 138
Trd, 4319854.243, 139
Trd, 4319854.393, 138
Trd, 4319854.793, 86
Trd, 4319855.743, 66
Trd, 4319856.743, 60
Trd, 4319857.243, 60
Trd, 4319858.093, 60
Trd, 4319858.143, 60
Trd, 4319860.693, 60
Trd, 4319861.493, 60
Trd, 4319861.543, 60
Trd, 4319862.143, 60
Trd, 4319863.343, 61
Trd, 4319865.393, 60
Trd, 4319866.543, 61
Trd, 4319866.893, 60
Trd, 4319867.093, 63
Trd, 4319867.193, 67
Trd, 4319867.693, 63
Trd, 4319868.593, 140
Trd, 4319869.343, 140
Trd, 4319869.493, 140
Trd, 4319870.343, 140
Trd, 4319872.043, 140
Trd, 4319872.393, 140
Trd, 4319872.543, 140
Trd, 4319872.993, 140
Trd, 4319873.543, 140
Trd, 4319875.243, 140
Trd, 4319875.393, 140
Trd, 4319876.193, 140
Trd, 4319876.743, 138
Trd, 4319879.693, 140
Trd, 4319879.743, 139
Trd, 4319879.843, 139
Trd, 4319880.993, 140
Trd, 4319881.243, 128
Trd, 4319882.643, 136
Trd, 4319883.743, 140
Trd, 4319885.193, 140
Trd, 4319885.643, 140
Trd, 4319886.293, 140
Trd, 4319886.493, 140
Trd, 4319887.593, 140
Trd, 4319887.993, 140
Trd, 4319888.143, 138
Trd, 4319888.243, 140
Trd, 4319888.593, 128
Trd, 4319890.793, 60
Trd, 4319890.993, 60
Trd, 4319891.393, 65
Trd, 4319892.743, 64
Trd, 4319893.993, 61
Trd, 4319895.343, 60
Trd, 4319895.493, 60
Trd, 4319897.293, 60
Trd, 4319897.593, 60
Trd, 4319897.693, 60
Trd, 4319898.293, 60
Trd, 4319898.493, 60
Trd, 4319899.943, 64
Trd, 4319900.393, 63
Trd, 4319900.493, 62
Trd, 4319900.893, 62
Trd, 4319900.943, 66
Trd, 4319901.843, 64
Trd, 4319902.843, 140
Trd, 4319903.293, 140
Trd, 4319903.543, 140
Trd, 4319905.093, 140
Trd, 4319906.343, 140
Trd, 4319906.543, 140
Trd, 4319908.393, 140
Trd, 4319908.993, 140
Trd, 4319911.043, 140
Trd, 4319911.343, 140
Trd, 4319912.943, 140
Trd, 4319913.293, 140
Trd, 4319913.893, 140
Trd, 4319913.993, 140
Trd, 4319914.993, 140
Trd, 4319915.443, 140
Trd, 4319916.043, 140
Trd, 4319917.293, 140
Trd, 4319918.243, 140
Trd, 4319918.943, 140
Trd, 4319920.443, 140
Trd, 4319920.993, 140
Trd, 4319922.043, 140
Trd, 4319923.743, 140
Trd, 4319924.043, 140
Trd, 4319925.643, 140
Trd, 4319925.843, 140
Trd, 4319926.393, 140
Trd, 4319926.743, 140
Trd, 4319927.343, 140
Trd, 4319928.343, 140
Trd, 4319928.643, 140
Trd, 4319929.393, 140
Trd, 4319931.593, 140
Trd, 4319931.793, 140
Trd, 4319932.593, 140
Trd, 4319933.943, 140
Trd, 4319934.743, 140
Trd, 4319935.143, 139
Trd, 4319936.043, 140
Trd, 4319936.493, 140
Trd, 4319937.393, 140
Trd, 4319937.843, 140
Trd, 4319939.293, 140
Trd, 4319939.743, 140
Trd, 4319942.793, 140
Trd, 4319943.343, 140
Trd, 4319943.693, 140
Trd, 4319944.043, 140
Trd, 4319944.243, 140
Trd, 4319944.493, 140
Trd, 4319944.943, 140
Trd, 4319945.043, 140
Trd, 4319945.093, 139
Trd, 4319946.793, 140
Trd, 4319946.843, 140
Trd, 4319947.143, 140
Trd, 4319947.593, 66
Trd, 4319948.393, 140
Trd, 4319950.593, 140
Trd, 4319951.143, 140
Trd, 4319951.743, 140
Trd, 4319952.093, 140
Trd, 4319952.493, 140
Trd, 4319953.393, 140
Trd, 4319955.193, 140
Trd, 4319955.343, 140
Trd, 4319957.043, 140
Trd, 4319957.693, 140
Trd, 4319960.343, 140
Trd, 4319961.393, 140
Trd, 4319962.193, 140
Trd, 4319962.743, 140
Trd, 4319963.493, 140
Trd, 4319964.093, 140
Trd, 4319964.393, 140
Trd, 4319964.893, 140
Trd, 4319966.043, 140
Trd, 4319968.243, 140
Trd, 4319968.293, 140
Trd, 4319968.643, 140
Trd, 4319968.943, 140
Trd, 4319969.843, 140
Trd, 4319970.443, 140
Trd, 4319971.193, 140
Trd, 4319972.343, 140
Trd, 4319972.443, 140
Trd, 4319973.343, 140
Trd, 4319975.043, 140
Trd, 4319975.243, 140
Trd, 4319975.993, 140
Trd, 4319976.193, 140
Trd, 4319977.543, 140
Trd, 4319978.443, 140
Trd, 4319979.543, 140
Trd, 4319980.293, 140
Trd, 4319981.393, 140
Trd, 4319981.643, 140
Trd, 4319982.193, 140
Trd, 4319982.643, 140
Trd, 4319983.143, 140
Trd, 4319983.593, 139
Trd, 4319983.693, 138
Trd, 4319984.243, 68
Trd, 4319984.443, 69
Trd, 4319986.293, 69
Trd, 4319988.043, 60
Trd, 4319988.893, 60
Trd, 4319990.843, 60
Trd, 4319991.243, 62
Trd, 4319991.693, 62
Trd, 4319991.943, 62
Trd, 4319992.243, 61
Trd, 4319992.493, 63
Trd, 4319992.543, 73
Trd, 4319994.243, 60
Trd, 4319996.243, 60
Trd, 4319996.293, 60
Trd, 4319996.943, 61
Trd, 4319997.743, 60
Trd, 4319998.643, 61
Trd, 4319998.743, 61
Trd, 4319998.943, 60
Trd, 4319999.193, 61
Trd, 4319999.443, 62
Trd, 4319999.993, 60
