Trd, 4318104.943, 88
Trd, 4318105.293, 69
Trd, 4318105.943, 67
Trd, 4318106.043, 65
Trd, 4318106.843, 69
Trd, 4318110.643, 60
Trd, 4318110.793, 60
Trd, 4318111.143, 62
Trd, 4318112.943, 84
Trd, 4318113.043, 82
Trd, 4318113.943, 84
Trd, 4318114.493, 104
Trd, 4318115.743, 140
Trd, 4318116.493, 140
Trd, 4318116.643, 127
Trd, 4318117.243, 127
Trd, 4318117.543, 127
Trd, 4318118.043, 121
Trd, 4318119.693, 89
Trd, 4318120.093, 84
Trd, 4318121.143, 70
Trd, 4318121.593, 79
Trd, 4318123.293, 136
Trd, 4318123.793, 138
Trd, 4318123.993, 137
Trd, 4318125.793, 140
Trd, 4318126.893, 139
Trd, 4318128.493, 140
Trd, 4318129.043, 140
Trd, 4318129.493, 140
Trd, 4318130.393, 140
Trd, 4318131.943, 140
Trd, 4318132.043, 140
Trd, 4318132.993, 140
Trd, 4318133.543, 140
Trd, 4318133.643, 140
Trd, 4318134.793, 140
Trd, 4318135.293, 124
Trd, 4318135.543, 108
Trd, 4318136.093, 94
Trd, 4318136.693, 74
Trd, 4318137.143, 78
Trd, 4318137.793, 63
Trd, 4318140.143, 60
Trd, 4318141.593, 60
Trd, 4318143.293, 63
Trd, 4318143.743, 61
Trd, 4318143.893, 63
Trd, 4318145.043, 60
Trd, 4318145.593, 72
Trd, 4318146.543, 69
Trd, 4318147.093, 70
Trd, 4318148.393, 69
Trd, 4318149.193, 63
Trd, 4318151.543, 60
Trd, 4318152.443, 86
Trd, 4318152.743, 69
Trd, 4318152.893, 94
Trd, 4318153.243, 73
Trd, 4318153.893, 76
Trd, 4318154.243, 84
Trd, 4318154.293, 75
Trd, 4318154.793, 76
Trd, 4318155.293, 78
Trd, 4318156.943, 125
Trd, 4318157.043, 124
Trd, 4318157.693, 124
Trd, 4318157.743, 77
Trd, 4318158.543, 140
Trd, 4318159.293, 140
Trd, 4318160.693, 121
Trd, 4318161.493, 139
Trd, 4318162.293, 115
Trd, 4318162.393, 114
Trd, 4318164.093, 76
Trd, 4318164.643, 77
Trd, 4318165.943, 130
Trd, 4318166.293, 131
Trd, 4318166.343, 117
Trd, 4318166.393, 114
Trd, 4318166.643, 73
Trd, 4318167.593, 140
Trd, 4318168.293, 140
Trd, 4318168.943, 140
Trd, 4318169.393, 140
Trd, 4318169.793, 123
Trd, 4318170.593, 99
Trd, 4318171.143, 89
Trd, 4318172.243, 86
Trd, 4318173.493, 140
Trd, 4318173.643, 81
Trd, 4318174.543, 98
Trd, 4318175.143, 97
Trd, 4318176.243, 97
Trd, 4318177.243, 103
Trd, 4318177.893, 102
Trd, 4318178.543, 90
Trd, 4318179.743, 102
Trd, 4318179.843, 103
Trd, 4318180.843, 87
Trd, 4318181.443, 70
Trd, 4318181.843, 79
Trd, 4318182.193, 71
Trd, 4318182.543, 139
Trd, 4318183.043, 70
Trd, 4318183.993, 112
Trd, 4318184.843, 94
Trd, 4318185.293, 94
Trd, 4318185.993, 72
Trd, 4318186.043, 68
Trd, 4318186.843, 102
Trd, 4318188.793, 63
Trd, 4318189.543, 64
Trd, 4318189.993, 65
Trd, 4318191.643, 77
Trd, 4318192.493, 88
Trd, 4318192.843, 137
Trd, 4318193.243, 83
Trd, 4318193.443, 82
Trd, 4318193.893, 82
Trd, 4318194.893, 139
Trd, 4318196.343, 140
Trd, 4318198.143, 140
Trd, 4318198.543, 140
Trd, 4318198.843, 140
Trd, 4318200.093, 140
Trd, 4318200.543, 134
Trd, 4318201.743, 137
Trd, 4318202.393, 140
Trd, 4318202.843, 139
Trd, 4318203.843, 140
Trd, 4318204.593, 140
Trd, 4318205.543, 140
Trd, 4318205.643, 124
Trd, 4318206.293, 121
Trd, 4318207.193, 121
Trd, 4318207.793, 122
Trd, 4318207.943, 110
Trd, 4318209.693, 140
Trd, 4318209.793, 134
Trd, 4318210.343, 122
Trd, 4318211.243, 120
Trd, 4318211.793, 95
Trd, 4318211.893, 94
Trd, 4318212.343, 88
Trd, 4318214.693, 91
Trd, 4318215.243, 91
Trd, 4318216.793, 114
Trd, 4318217.143, 91
Trd, 4318217.993, 133
Trd, 4318218.093, 106
Trd, 4318218.743, 109
Trd, 4318219.443, 129
Trd, 4318219.693, 106
Trd, 4318221.193, 140
Trd, 4318221.743, 140
Trd, 4318222.493, 135
Trd, 4318222.843, 107
Trd, 4318224.893, 101
Trd, 4318225.393, 137
Trd, 4318226.143, 105
Trd, 4318226.593, 113
Trd, 4318226.793, 107
Trd, 4318226.843, 106
Trd, 4318227.393, 105
Trd, 4318227.543, 103
Trd, 4318229.893, 129
Trd, 4318230.643, 70
Trd, 4318231.143, 136
Trd, 4318231.943, 132
Trd, 4318233.043, 133
Trd, 4318233.543, 98
Trd, 4318233.593, 96
Trd, 4318234.493, 119
Trd, 4318234.843, 108
Trd, 4318234.893, 107
Trd, 4318235.843, 140
Trd, 4318236.143, 123
Trd, 4318236.993, 102
Trd, 4318237.393, 102
Trd, 4318240.143, 116
Trd, 4318240.993, 140
Trd, 4318241.193, 140
Trd, 4318241.343, 140
Trd, 4318243.493, 140
Trd, 4318243.843, 124
Trd, 4318244.093, 108
Trd, 4318246.043, 84
Trd, 4318246.543, 67
Trd, 4318247.493, 103
Trd, 4318248.193, 108
Trd, 4318248.243, 107
Trd, 4318249.943, 90
Trd, 4318250.143, 91
Trd, 4318250.393, 90
Trd, 4318251.143, 103
Trd, 4318251.393, 105
Trd, 4318251.943, 93
Trd, 4318252.043, 82
Trd, 4318252.893, 103
Trd, 4318253.393, 77
Trd, 4318254.193, 96
Trd, 4318255.293, 88
Trd, 4318255.343, 83
Trd, 4318255.843, 99
Trd, 4318257.843, 140
Trd, 4318260.443, 134
Trd, 4318260.943, 134
Trd, 4318261.393, 134
Trd, 4318262.093, 140
Trd, 4318262.243, 140
Trd, 4318262.443, 126
Trd, 4318262.843, 99
Trd, 4318263.993, 62
Trd, 4318264.693, 63
Trd, 4318265.993, 61
Trd, 4318266.343, 61
Trd, 4318267.243, 66
Trd, 4318268.343, 88
Trd, 4318269.243, 82
Trd, 4318269.643, 115
Trd, 4318271.093, 112
Trd, 4318271.243, 112
Trd, 4318273.643, 119
Trd, 4318274.043, 120
Trd, 4318275.143, 122
Trd, 4318275.743, 125
Trd, 4318276.093, 125
Trd, 4318276.643, 125
Trd, 4318276.843, 124
Trd, 4318277.793, 130
Trd, 4318277.993, 128
Trd, 4318278.143, 116
Trd, 4318279.893, 119
Trd, 4318280.093, 119
Trd, 4318281.043, 120
Trd, 4318281.393, 112
Trd, 4318282.393, 113
Trd, 4318283.043, 93
Trd, 4318283.143, 84
Trd, 4318283.893, 60
Trd, 4318284.843, 61
Trd, 4318285.893, 61
Trd, 4318286.143, 71
Trd, 4318286.593, 85
Trd, 4318286.743, 68
Trd, 4318287.643, 67
Trd, 4318288.293, 73
Trd, 4318289.293, 100
Trd, 4318289.993, 114
Trd, 4318290.693, 99
Trd, 4318290.893, 97
Trd, 4318291.793, 99
Trd, 4318292.443, 99
Trd, 4318294.793, 100
Trd, 4318295.343, 138
Trd, 4318295.443, 99
Trd, 4318295.843, 89
Trd, 4318296.693, 94
Trd, 4318297.243, 106
Trd, 4318298.043, 97
Trd, 4318298.143, 96
Trd, 4318298.843, 123
Trd, 4318299.593, 97
Trd, 4318299.843, 95
Trd, 4318301.293, 75
Trd, 4318302.193, 120
Trd, 4318302.593, 66
Trd, 4318303.393, 65
Trd, 4318304.043, 63
Trd, 4318305.693, 60
Trd, 4318305.793, 62
Trd, 4318306.243, 114
Trd, 4318306.693, 60
Trd, 4318308.343, 62
Trd, 4318308.743, 95
Trd, 4318311.243, 139
Trd, 4318311.343, 136
Trd, 4318312.343, 119
Trd, 4318312.393, 104
Trd, 4318312.643, 98
Trd, 4318315.043, 72
Trd, 4318315.243, 74
Trd, 4318315.393, 71
Trd, 4318316.493, 71
Trd, 4318316.943, 100
Trd, 4318318.043, 100
Trd, 4318318.593, 105
Trd, 4318319.643, 102
Trd, 4318319.743, 101
Trd, 4318320.793, 117
Trd, 4318321.343, 105
Trd, 4318321.543, 104
Trd, 4318322.243, 109
Trd, 4318323.243, 129
Trd, 4318323.443, 128
Trd, 4318323.493, 110
Trd, 4318323.593, 110
Trd, 4318325.993, 63
Trd, 4318326.343, 60
Trd, 4318326.843, 79
Trd, 4318327.943, 61
Trd, 4318328.593, 60
Trd, 4318328.693, 61
Trd, 4318329.643, 64
Trd, 4318331.543, 79
Trd, 4318332.093, 70
Trd, 4318332.193, 73
Trd, 4318333.593, 140
Trd, 4318334.043, 140
Trd, 4318334.093, 139
Trd, 4318334.493, 138
Trd, 4318334.943, 140
Trd, 4318336.343, 127
Trd, 4318337.693, 140
Trd, 4318338.643, 140
Trd, 4318339.143, 140
Trd, 4318339.193, 139
Trd, 4318340.443, 124
Trd, 4318340.743, 123
Trd, 4318341.393, 101
Trd, 4318342.243, 101
Trd, 4318342.393, 99
Trd, 4318343.693, 110
Trd, 4318344.243, 96
Trd, 4318345.393, 81
Trd, 4318345.793, 138
Trd, 4318346.193, 122
Trd, 4318346.343, 121
Trd, 4318347.893, 96
Trd, 4318348.743, 96
Trd, 4318348.843, 95
Trd, 4318350.043, 99
Trd, 4318350.193, 98
Trd, 4318352.193, 131
Trd, 4318353.893, 140
Trd, 4318354.793, 126
Trd, 4318355.343, 140
Trd, 4318355.793, 140
Trd, 4318356.843, 140
Trd, 4318356.993, 109
Trd, 4318357.993, 86
Trd, 4318358.943, 66
Trd, 4318360.343, 60
Trd, 4318360.393, 60
Trd, 4318362.543, 61
Trd, 4318363.043, 62
Trd, 4318363.143, 62
Trd, 4318363.393, 64
Trd, 4318363.593, 64
Trd, 4318363.693, 70
Trd, 4318365.093, 67
Trd, 4318365.293, 68
Trd, 4318366.293, 72
Trd, 4318366.643, 74
Trd, 4318367.643, 71
Trd, 4318367.843, 60
Trd, 4318368.243, 116
Trd, 4318369.793, 117
Trd, 4318369.943, 114
Trd, 4318370.093, 114
Trd, 4318370.293, 113
Trd, 4318371.693, 127
Trd, 4318372.193, 116
Trd, 4318372.843, 118
Trd, 4318373.893, 140
Trd, 4318374.743, 140
Trd, 4318374.843, 140
Trd, 4318375.343, 140
Trd, 4318376.793, 135
Trd, 4318377.243, 135
Trd, 4318377.643, 134
Trd, 4318378.043, 137
Trd, 4318378.643, 132
Trd, 4318380.493, 129
Trd, 4318381.093, 128
Trd, 4318381.743, 111
Trd, 4318382.043, 135
Trd, 4318383.143, 140
Trd, 4318383.693, 134
Trd, 4318383.843, 118
Trd, 4318384.543, 94
Trd, 4318386.193, 64
Trd, 4318386.493, 86
Trd, 4318387.493, 96
Trd, 4318388.143, 94
Trd, 4318388.443, 113
Trd, 4318388.893, 113
Trd, 4318388.943, 112
Trd, 4318388.993, 138
Trd, 4318390.243, 102
Trd, 4318391.593, 95
Trd, 4318392.393, 96
Trd, 4318392.743, 96
Trd, 4318393.393, 139
Trd, 4318393.493, 122
Trd, 4318394.593, 60
Trd, 4318395.093, 110
Trd, 4318395.643, 61
Trd, 4318398.093, 61
Trd, 4318398.893, 61
Trd, 4318399.243, 62
Trd, 4318399.593, 63
Trd, 4318399.693, 68
Trd, 4318400.293, 62
Trd, 4318400.493, 63
Trd, 4318401.543, 67
Trd, 4318402.543, 74
Trd, 4318404.143, 77
Trd, 4318404.493, 77
Trd, 4318404.543, 73
Trd, 4318404.743, 61
Trd, 4318405.193, 91
Trd, 4318406.093, 140
Trd, 4318406.293, 93
Trd, 4318406.893, 92
Trd, 4318407.293, 113
Trd, 4318408.343, 91
Trd, 4318408.543, 90
Trd, 4318410.293, 140
Trd, 4318411.143, 140
Trd, 4318411.293, 108
Trd, 4318412.743, 129
Trd, 4318413.443, 130
Trd, 4318413.593, 129
Trd, 4318414.593, 113
Trd, 4318414.793, 103
Trd, 4318415.543, 91
Trd, 4318416.593, 135
Trd, 4318416.993, 86
Trd, 4318417.193, 90
Trd, 4318420.143, 140
Trd, 4318420.743, 140
Trd, 4318421.293, 140
Trd, 4318422.493, 140
Trd, 4318422.843, 126
Trd, 4318423.843, 140
Trd, 4318425.043, 140
Trd, 4318425.093, 140
Trd, 4318425.993, 140
Trd, 4318426.643, 140
Trd, 4318428.043, 140
Trd, 4318428.743, 140
Trd, 4318428.943, 140
Trd, 4318429.243, 140
Trd, 4318429.393, 140
Trd, 4318429.743, 124
Trd, 4318431.793, 70
Trd, 4318431.843, 85
Trd, 4318431.943, 69
Trd, 4318433.393, 72
Trd, 4318434.093, 63
Trd, 4318435.893, 65
Trd, 4318436.093, 66
Trd, 4318436.643, 65
Trd, 4318436.843, 63
Trd, 4318437.093, 69
Trd, 4318438.493, 140
Trd, 4318438.793, 140
Trd, 4318439.043, 140
Trd, 4318440.093, 140
Trd, 4318440.293, 122
Trd, 4318442.443, 104
Trd, 4318444.493, 70
Trd, 4318444.693, 69
Trd, 4318445.393, 138
Trd, 4318445.643, 135
Trd, 4318445.693, 134
Trd, 4318445.943, 134
Trd, 4318447.243, 138
Trd, 4318447.393, 135
Trd, 4318447.943, 135
Trd, 4318448.793, 131
Trd, 4318449.343, 108
Trd, 4318450.043, 108
Trd, 4318450.493, 139
Trd, 4318453.393, 140
Trd, 4318453.643, 140
Trd, 4318454.893, 122
Trd, 4318455.043, 121
Trd, 4318455.593, 114
Trd, 4318456.443, 69
Trd, 4318457.543, 70
Trd, 4318458.293, 68
Trd, 4318458.893, 91
Trd, 4318459.643, 62
Trd, 4318460.343, 127
Trd, 4318461.193, 70
Trd, 4318461.343, 66
Trd, 4318461.743, 60
Trd, 4318463.193, 132
Trd, 4318464.593, 131
Trd, 4318465.093, 130
Trd, 4318465.243, 112
Trd, 4318465.643, 98
Trd, 4318467.893, 118
Trd, 4318469.543, 125
Trd, 4318470.043, 139
Trd, 4318470.593, 140
Trd, 4318471.843, 140
Trd, 4318471.893, 140
Trd, 4318472.043, 123
Trd, 4318472.593, 105
Trd, 4318472.793, 139
Trd, 4318473.493, 99
Trd, 4318474.093, 61
Trd, 4318475.193, 67
Trd, 4318475.443, 61
Trd, 4318476.493, 63
Trd, 4318477.343, 102
Trd, 4318478.093, 64
Trd, 4318478.543, 65
Trd, 4318479.543, 67
Trd, 4318481.093, 70
Trd, 4318482.193, 72
Trd, 4318483.443, 91
Trd, 4318483.743, 85
Trd, 4318484.043, 85
Trd, 4318484.193, 93
Trd, 4318484.993, 138
Trd, 4318486.043, 124
Trd, 4318486.193, 124
Trd, 4318487.843, 133
Trd, 4318488.893, 135
Trd, 4318490.043, 140
Trd, 4318490.143, 137
Trd, 4318490.493, 136
Trd, 4318490.793, 133
Trd, 4318490.893, 101
Trd, 4318493.093, 89
Trd, 4318493.143, 134
Trd, 4318494.143, 139
Trd, 4318494.493, 120
Trd, 4318494.643, 119
Trd, 4318495.493, 60
Trd, 4318497.593, 60
Trd, 4318499.093, 60
Trd, 4318500.043, 63
Trd, 4318500.843, 63
Trd, 4318500.943, 65
Trd, 4318501.593, 64
Trd, 4318502.193, 140
Trd, 4318502.843, 90
Trd, 4318504.343, 128
Trd, 4318505.043, 132
Trd, 4318505.293, 113
Trd, 4318505.443, 112
Trd, 4318505.743, 100
Trd, 4318506.393, 138
Trd, 4318506.593, 119
Trd, 4318510.043, 128
Trd, 4318510.393, 130
Trd, 4318510.443, 127
Trd, 4318510.893, 121
Trd, 4318511.543, 112
Trd, 4318512.643, 126
Trd, 4318512.843, 126
Trd, 4318513.193, 125
Trd, 4318513.493, 77
Trd, 4318514.543, 138
Trd, 4318514.943, 125
Trd, 4318515.643, 133
Trd, 4318515.843, 124
Trd, 4318517.493, 109
Trd, 4318517.993, 122
Trd, 4318518.543, 110
Trd, 4318520.393, 60
Trd, 4318520.693, 101
Trd, 4318521.643, 64
Trd, 4318523.893, 65
Trd, 4318524.493, 64
Trd, 4318524.643, 63
Trd, 4318524.943, 64
Trd, 4318526.093, 140
Trd, 4318526.693, 133
Trd, 4318526.743, 113
Trd, 4318527.593, 96
Trd, 4318529.443, 132
Trd, 4318530.343, 133
Trd, 4318530.793, 133
Trd, 4318531.293, 140
Trd, 4318531.343, 133
Trd, 4318531.943, 125
Trd, 4318532.493, 107
Trd, 4318532.543, 102
Trd, 4318533.543, 96
Trd, 4318534.093, 82
Trd, 4318535.993, 60
Trd, 4318536.243, 61
Trd, 4318536.943, 60
Trd, 4318537.493, 63
Trd, 4318538.993, 72
Trd, 4318539.043, 67
Trd, 4318539.093, 65
Trd, 4318540.193, 97
Trd, 4318540.343, 61
Trd, 4318540.393, 68
Trd, 4318541.293, 102
Trd, 4318541.443, 102
Trd, 4318541.943, 102
Trd, 4318543.443, 119
Trd, 4318544.893, 82
Trd, 4318545.593, 140
Trd, 4318545.693, 140
Trd, 4318547.993, 60
Trd, 4318548.143, 60
Trd, 4318548.393, 62
Trd, 4318549.643, 65
Trd, 4318549.943, 68
Trd, 4318550.843, 69
Trd, 4318551.593, 75
Trd, 4318553.243, 80
Trd, 4318553.493, 80
Trd, 4318554.293, 86
Trd, 4318554.593, 76
Trd, 4318555.693, 89
Trd, 4318555.843, 129
Trd, 4318556.293, 123
Trd, 4318557.293, 92
Trd, 4318557.543, 95
Trd, 4318560.043, 99
Trd, 4318560.443, 116
Trd, 4318560.543, 100
Trd, 4318560.843, 99
Trd, 4318561.693, 84
Trd, 4318562.093, 89
Trd, 4318562.593, 110
Trd, 4318563.193, 109
Trd, 4318563.593, 135
Trd, 4318564.393, 139
Trd, 4318564.943, 77
Trd, 4318567.843, 60
Trd, 4318568.293, 60
Trd, 4318569.443, 63
Trd, 4318570.043, 67
Trd, 4318570.093, 65
Trd, 4318570.593, 63
Trd, 4318572.243, 62
Trd, 4318572.843, 67
Trd, 4318573.493, 69
Trd, 4318573.693, 62
Trd, 4318574.993, 72
Trd, 4318575.543, 78
Trd, 4318575.693, 77
Trd, 4318577.093, 137
Trd, 4318577.443, 83
Trd, 4318577.743, 77
Trd, 4318578.843, 140
Trd, 4318578.893, 140
Trd, 4318579.843, 140
Trd, 4318580.193, 140
Trd, 4318581.443, 122
Trd, 4318581.693, 91
Trd, 4318582.093, 94
Trd, 4318584.393, 110
Trd, 4318584.493, 102
Trd, 4318585.493, 68
Trd, 4318585.843, 74
Trd, 4318586.393, 61
Trd, 4318586.793, 138
Trd, 4318588.343, 137
Trd, 4318588.393, 136
Trd, 4318590.693, 120
Trd, 4318590.743, 115
Trd, 4318591.843, 114
Trd, 4318592.493, 111
Trd, 4318593.043, 117
Trd, 4318593.793, 117
Trd, 4318594.643, 120
Trd, 4318594.993, 122
Trd, 4318595.593, 121
Trd, 4318595.643, 106
Trd, 4318596.143, 60
Trd, 4318597.593, 61
Trd, 4318597.643, 63
Trd, 4318598.443, 140
Trd, 4318598.993, 133
Trd, 4318600.393, 140
Trd, 4318601.943, 131
Trd, 4318602.143, 130
Trd, 4318603.643, 130
Trd, 4318604.193, 131
Trd, 4318604.293, 130
Trd, 4318606.143, 140
Trd, 4318606.793, 105
Trd, 4318607.193, 93
Trd, 4318607.293, 88
Trd, 4318607.643, 88
Trd, 4318608.693, 88
Trd, 4318609.943, 87
Trd, 4318610.043, 85
Trd, 4318611.143, 83
Trd, 4318611.443, 79
Trd, 4318613.043, 62
Trd, 4318613.193, 63
Trd, 4318613.643, 69
Trd, 4318617.093, 60
Trd, 4318617.693, 61
Trd, 4318617.943, 61
Trd, 4318619.343, 60
Trd, 4318619.443, 60
Trd, 4318619.743, 64
Trd, 4318620.243, 63
Trd, 4318620.343, 69
Trd, 4318621.093, 62
Trd, 4318622.193, 112
Trd, 4318622.743, 114
Trd, 4318623.193, 124
Trd, 4318625.543, 121
Trd, 4318626.643, 123
Trd, 4318626.843, 122
Trd, 4318626.893, 103
Trd, 4318627.093, 86
Trd, 4318628.693, 136
Trd, 4318629.193, 115
Trd, 4318631.193, 140
Trd, 4318631.243, 140
Trd, 4318632.593, 140
Trd, 4318632.643, 138
Trd, 4318633.093, 138
Trd, 4318634.193, 140
Trd, 4318634.293, 128
Trd, 4318634.443, 119
Trd, 4318635.293, 119
Trd, 4318636.743, 137
Trd, 4318636.893, 123
Trd, 4318637.943, 139
Trd, 4318638.993, 113
Trd, 4318639.243, 114
Trd, 4318639.543, 114
Trd, 4318639.943, 98
Trd, 4318640.843, 62
Trd, 4318641.493, 61
Trd, 4318642.243, 60
Trd, 4318644.593, 62
Trd, 4318645.193, 62
Trd, 4318645.343, 67
Trd, 4318645.593, 61
Trd, 4318646.293, 126
Trd, 4318646.493, 135
Trd, 4318647.543, 71
Trd, 4318648.343, 76
Trd, 4318648.843, 80
Trd, 4318649.443, 80
Trd, 4318649.543, 79
Trd, 4318650.743, 83
Trd, 4318652.693, 140
Trd, 4318652.943, 140
Trd, 4318655.193, 140
Trd, 4318655.743, 140
Trd, 4318656.693, 139
Trd, 4318657.843, 135
Trd, 4318657.893, 116
Trd, 4318658.743, 140
Trd, 4318658.943, 140
Trd, 4318659.093, 140
Trd, 4318659.593, 140
Trd, 4318659.693, 122
Trd, 4318660.543, 64
Trd, 4318660.693, 89
Trd, 4318660.993, 63
Trd, 4318661.343, 61
Trd, 4318661.643, 60
Trd, 4318664.193, 88
Trd, 4318664.943, 87
Trd, 4318665.243, 109
Trd, 4318666.093, 92
Trd, 4318666.593, 92
Trd, 4318666.693, 92
Trd, 4318669.393, 95
Trd, 4318669.743, 103
Trd, 4318670.843, 99
Trd, 4318671.143, 98
Trd, 4318671.243, 93
Trd, 4318671.843, 85
Trd, 4318671.943, 105
Trd, 4318672.593, 61
Trd, 4318675.093, 60
Trd, 4318676.343, 60
Trd, 4318676.643, 62
Trd, 4318676.793, 64
Trd, 4318677.843, 66
Trd, 4318678.543, 74
Trd, 4318678.993, 66
Trd, 4318679.593, 65
Trd, 4318680.293, 66
Trd, 4318680.643, 68
Trd, 4318680.793, 67
Trd, 4318680.993, 79
Trd, 4318682.093, 64
Trd, 4318682.943, 62
Trd, 4318683.743, 106
Trd, 4318683.993, 82
Trd, 4318684.893, 71
Trd, 4318686.793, 62
Trd, 4318687.343, 70
Trd, 4318687.393, 86
Trd, 4318689.193, 76
Trd, 4318689.793, 113
Trd, 4318689.993, 81
Trd, 4318690.793, 82
Trd, 4318691.493, 80
Trd, 4318692.693, 140
Trd, 4318694.243, 140
Trd, 4318694.593, 140
Trd, 4318694.743, 140
Trd, 4318695.193, 140
Trd, 4318696.693, 140
Trd, 4318697.643, 140
Trd, 4318697.743, 140
Trd, 4318697.993, 117
Trd, 4318699.693, 89
Trd, 4318699.993, 139
Trd, 4318700.543, 87
Trd, 4318702.443, 140
Trd, 4318703.143, 125
Trd, 4318703.793, 125
Trd, 4318704.443, 125
Trd, 4318705.243, 125
Trd, 4318707.493, 140
Trd, 4318708.343, 140
Trd, 4318708.393, 140
Trd, 4318708.593, 140
Trd, 4318708.893, 121
Trd, 4318709.243, 104
Trd, 4318710.443, 128
Trd, 4318710.643, 127
Trd, 4318711.443, 127
Trd, 4318711.593, 114
Trd, 4318713.693, 140
Trd, 4318713.943, 140
Trd, 4318715.443, 140
Trd, 4318715.743, 138
Trd, 4318716.443, 130
Trd, 4318716.693, 128
Trd, 4318717.343, 126
Trd, 4318717.743, 125
Trd, 4318719.093, 104
Trd, 4318719.543, 84
Trd, 4318719.993, 86
Trd, 4318720.043, 86
Trd, 4318722.093, 85
Trd, 4318722.193, 82
Trd, 4318722.693, 90
Trd, 4318722.793, 77
Trd, 4318724.543, 140
Trd, 4318725.043, 140
Trd, 4318725.643, 140
Trd, 4318726.043, 117
Trd, 4318727.493, 73
Trd, 4318729.393, 60
Trd, 4318729.593, 62
Trd, 4318729.843, 61
Trd, 4318730.343, 62
Trd, 4318731.893, 75
Trd, 4318734.143, 85
Trd, 4318734.293, 124
Trd, 4318735.343, 118
Trd, 4318735.393, 117
Trd, 4318735.593, 116
Trd, 4318735.993, 115
Trd, 4318737.443, 140
Trd, 4318738.293, 129
Trd, 4318738.843, 128
Trd, 4318739.293, 111
Trd, 4318739.493, 110
Trd, 4318740.093, 110
Trd, 4318740.443, 108
Trd, 4318741.143, 115
Trd, 4318742.143, 68
Trd, 4318742.343, 67
Trd, 4318742.693, 70
Trd, 4318743.743, 83
Trd, 4318743.793, 79
Trd, 4318744.593, 138
Trd, 4318745.743, 140
Trd, 4318745.843, 140
Trd, 4318747.093, 87
Trd, 4318749.193, 140
Trd, 4318749.393, 139
Trd, 4318750.193, 134
Trd, 4318750.943, 137
Trd, 4318751.893, 122
Trd, 4318752.093, 117
Trd, 4318753.143, 136
Trd, 4318753.543, 127
Trd, 4318753.793, 126
Trd, 4318754.093, 87
Trd, 4318754.743, 89
Trd, 4318755.193, 60
Trd, 4318756.393, 74
Trd, 4318758.393, 62
Trd, 4318759.343, 63
Trd, 4318760.443, 60
Trd, 4318760.693, 60
Trd, 4318760.743, 64
Trd, 4318763.243, 139
Trd, 4318765.093, 78
Trd, 4318765.293, 124
Trd, 4318765.943, 84
Trd, 4318766.793, 84
Trd, 4318766.993, 82
Trd, 4318768.593, 140
Trd, 4318769.293, 140
Trd, 4318769.393, 139
Trd, 4318770.143, 130
Trd, 4318770.493, 131
Trd, 4318770.743, 129
Trd, 4318770.843, 123
Trd, 4318770.993, 114
Trd, 4318771.893, 91
Trd, 4318774.593, 60
Trd, 4318774.793, 67
Trd, 4318775.043, 62
Trd, 4318775.493, 85
Trd, 4318776.193, 127
Trd, 4318777.743, 95
Trd, 4318778.693, 91
Trd, 4318779.693, 115
Trd, 4318780.893, 117
Trd, 4318781.743, 118
Trd, 4318781.793, 117
Trd, 4318781.943, 116
Trd, 4318783.493, 140
Trd, 4318783.743, 140
Trd, 4318784.793, 136
Trd, 4318785.793, 119
Trd, 4318786.243, 140
Trd, 4318788.043, 131
Trd, 4318789.093, 125
Trd, 4318790.443, 137
Trd, 4318790.793, 132
Trd, 4318790.843, 115
Trd, 4318790.993, 113
Trd, 4318791.843, 124
Trd, 4318792.443, 123
Trd, 4318792.893, 140
Trd, 4318794.793, 140
Trd, 4318795.243, 140
Trd, 4318795.493, 138
Trd, 4318796.093, 137
Trd, 4318796.293, 136
Trd, 4318797.043, 109
Trd, 4318797.843, 122
Trd, 4318799.593, 106
Trd, 4318800.343, 119
Trd, 4318800.943, 108
Trd, 4318802.293, 140
Trd, 4318802.943, 140
Trd, 4318803.643, 140
Trd, 4318805.343, 140
Trd, 4318805.743, 138
Trd, 4318806.443, 139
Trd, 4318807.593, 140
Trd, 4318808.293, 140
Trd, 4318808.593, 120
Trd, 4318809.643, 84
Trd, 4318810.443, 84
Trd, 4318812.043, 135
Trd, 4318812.993, 131
Trd, 4318813.393, 133
Trd, 4318814.293, 132
Trd, 4318814.743, 139
Trd, 4318816.193, 137
Trd, 4318816.543, 136
Trd, 4318817.443, 65
Trd, 4318817.843, 66
Trd, 4318818.793, 100
Trd, 4318819.443, 140
Trd, 4318820.043, 137
Trd, 4318821.393, 128
Trd, 4318822.243, 129
Trd, 4318822.743, 128
Trd, 4318823.343, 129
Trd, 4318823.493, 128
Trd, 4318823.593, 116
Trd, 4318824.543, 109
Trd, 4318824.893, 107
Trd, 4318825.943, 132
Trd, 4318826.343, 131
Trd, 4318828.993, 115
Trd, 4318829.143, 108
Trd, 4318829.393, 140
Trd, 4318829.593, 94
Trd, 4318830.543, 94
Trd, 4318833.143, 123
Trd, 4318833.543, 123
Trd, 4318833.593, 122
Trd, 4318833.843, 121
Trd, 4318833.943, 120
Trd, 4318834.293, 96
Trd, 4318834.693, 114
Trd, 4318837.893, 60
Trd, 4318838.743, 60
Trd, 4318838.843, 65
Trd, 4318839.443, 63
Trd, 4318839.643, 120
Trd, 4318839.993, 61
Trd, 4318840.343, 118
Trd, 4318841.293, 117
Trd, 4318843.193, 111
Trd, 4318843.343, 108
Trd, 4318844.643, 105
Trd, 4318845.043, 139
Trd, 4318845.193, 97
Trd, 4318845.993, 96
Trd, 4318846.743, 73
Trd, 4318847.293, 139
Trd, 4318848.193, 76
Trd, 4318848.743, 81
Trd, 4318848.843, 80
Trd, 4318850.143, 82
Trd, 4318850.343, 112
Trd, 4318850.643, 78
Trd, 4318851.443, 88
Trd, 4318853.243, 127
Trd, 4318853.343, 122
Trd, 4318854.193, 109
Trd, 4318855.093, 82
Trd, 4318855.643, 139
Trd, 4318856.143, 81
Trd, 4318857.343, 89
Trd, 4318857.643, 87
Trd, 4318858.143, 137
Trd, 4318858.993, 92
Trd, 4318859.343, 91
Trd, 4318860.993, 140
Trd, 4318861.693, 140
Trd, 4318861.993, 135
Trd, 4318862.643, 130
Trd, 4318863.193, 103
Trd, 4318863.493, 91
Trd, 4318864.193, 68
Trd, 4318864.343, 95
Trd, 4318864.993, 63
Trd, 4318865.343, 63
Trd, 4318866.793, 63
Trd, 4318867.193, 66
Trd, 4318867.693, 127
Trd, 4318868.793, 136
Trd, 4318869.043, 138
Trd, 4318869.593, 119
Trd, 4318871.593, 74
Trd, 4318872.443, 60
Trd, 4318873.143, 62
Trd, 4318874.043, 61
Trd, 4318875.543, 60
Trd, 4318875.793, 60
Trd, 4318876.593, 62
Trd, 4318876.943, 63
Trd, 4318877.743, 70
Trd, 4318877.993, 64
Trd, 4318878.643, 64
Trd, 4318879.293, 69
Trd, 4318879.893, 67
Trd, 4318881.043, 70
Trd, 4318881.493, 70
Trd, 4318881.543, 69
Trd, 4318881.593, 80
Trd, 4318882.493, 72
Trd, 4318883.643, 107
Trd, 4318883.943, 139
Trd, 4318884.693, 127
Trd, 4318885.343, 103
Trd, 4318886.993, 60
Trd, 4318887.243, 60
Trd, 4318887.843, 60
Trd, 4318888.593, 61
Trd, 4318888.943, 62
Trd, 4318889.193, 77
Trd, 4318889.643, 61
Trd, 4318889.893, 63
Trd, 4318890.243, 72
Trd, 4318891.043, 90
Trd, 4318893.393, 89
Trd, 4318893.743, 113
Trd, 4318894.743, 96
Trd, 4318894.843, 89
Trd, 4318895.143, 97
Trd, 4318896.343, 90
Trd, 4318896.943, 140
Trd, 4318897.593, 118
Trd, 4318898.893, 90
Trd, 4318899.193, 90
Trd, 4318900.643, 98
Trd, 4318900.693, 97
Trd, 4318902.043, 137
Trd, 4318903.093, 136
Trd, 4318903.143, 135
Trd, 4318903.493, 135
Trd, 4318904.693, 138
Trd, 4318904.743, 137
Trd, 4318906.093, 135
Trd, 4318906.693, 117
Trd, 4318907.043, 116
Trd, 4318907.243, 105
Trd, 4318909.293, 140
Trd, 4318909.793, 140
Trd, 4318910.593, 140
Trd, 4318910.843, 100
Trd, 4318913.543, 60
Trd, 4318913.643, 66
Trd, 4318914.243, 61
Trd, 4318914.593, 60
Trd, 4318914.743, 61
Trd, 4318915.143, 61
Trd, 4318915.543, 61
Trd, 4318916.293, 64
Trd, 4318917.493, 80
Trd, 4318918.393, 139
Trd, 4318918.743, 127
Trd, 4318919.443, 115
Trd, 4318919.743, 116
Trd, 4318921.393, 120
Trd, 4318922.543, 118
Trd, 4318922.643, 116
Trd, 4318922.893, 82
Trd, 4318924.393, 140
Trd, 4318925.343, 98
Trd, 4318925.493, 97
Trd, 4318926.093, 94
Trd, 4318926.393, 90
Trd, 4318928.143, 62
Trd, 4318929.793, 65
Trd, 4318929.893, 76
Trd, 4318931.643, 61
Trd, 4318932.843, 65
Trd, 4318932.993, 67
Trd, 4318933.743, 75
Trd, 4318934.893, 84
Trd, 4318935.843, 107
Trd, 4318936.043, 139
Trd, 4318936.693, 140
Trd, 4318937.193, 140
Trd, 4318938.093, 140
Trd, 4318938.243, 140
Trd, 4318940.093, 140
Trd, 4318940.643, 140
Trd, 4318941.143, 140
Trd, 4318941.443, 137
Trd, 4318941.693, 136
Trd, 4318943.543, 121
Trd, 4318944.793, 118
Trd, 4318944.843, 101
Trd, 4318945.293, 135
Trd, 4318945.643, 135
Trd, 4318946.293, 136
Trd, 4318946.843, 127
Trd, 4318948.143, 118
Trd, 4318948.843, 132
Trd, 4318949.243, 119
Trd, 4318949.493, 125
Trd, 4318949.943, 124
Trd, 4318950.193, 96
Trd, 4318950.893, 140
Trd, 4318951.993, 64
Trd, 4318952.393, 63
Trd, 4318953.643, 115
Trd, 4318955.443, 137
Trd, 4318955.693, 136
Trd, 4318957.143, 128
Trd, 4318957.893, 131
Trd, 4318958.193, 139
Trd, 4318958.493, 132
Trd, 4318959.443, 134
Trd, 4318960.693, 138
Trd, 4318961.543, 140
Trd, 4318961.743, 140
Trd, 4318963.193, 140
Trd, 4318965.043, 140
Trd, 4318965.493, 140
Trd, 4318967.843, 140
Trd, 4318969.593, 140
Trd, 4318970.693, 140
Trd, 4318971.243, 140
Trd, 4318971.693, 140
Trd, 4318972.093, 140
Trd, 4318972.643, 140
Trd, 4318972.793, 140
Trd, 4318972.843, 122
Trd, 4318975.243, 140
Trd, 4318975.943, 140
Trd, 4318976.343, 139
Trd, 4318977.393, 127
Trd, 4318977.643, 126
Trd, 4318977.943, 104
Trd, 4318978.893, 62
Trd, 4318980.943, 60
Trd, 4318981.043, 61
Trd, 4318982.393, 101
Trd, 4318982.943, 101
Trd, 4318984.443, 107
Trd, 4318984.893, 104
Trd, 4318985.443, 101
Trd, 4318985.993, 104
Trd, 4318986.493, 101
Trd, 4318988.043, 139
Trd, 4318988.543, 109
Trd, 4318989.743, 110
Trd, 4318990.343, 138
Trd, 4318991.093, 113
Trd, 4318993.043, 117
Trd, 4318993.093, 116
Trd, 4318993.993, 140
Trd, 4318994.393, 137
Trd, 4318994.843, 107
Trd, 4318995.243, 93
Trd, 4318997.793, 114
Trd, 4318997.943, 140
Trd, 4318998.393, 114
Trd, 4318999.443, 121
Trd, 4318999.493, 119
Trd, 4319000.493, 122
Trd, 4319002.143, 136
Trd, 4319002.243, 135
Trd, 4319002.693, 134
Trd, 4319005.043, 140
Trd, 4319005.093, 140
Trd, 4319005.343, 140
Trd, 4319006.243, 140
Trd, 4319007.593, 140
Trd, 4319007.693, 140
Trd, 4319007.943, 139
Trd, 4319009.743, 127
Trd, 4319009.793, 126
Trd, 4319010.693, 122
Trd, 4319011.043, 121
Trd, 4319011.543, 113
Trd, 4319012.193, 113
Trd, 4319013.643, 132
Trd, 4319014.943, 140
Trd, 4319015.743, 125
Trd, 4319017.743, 131
Trd, 4319017.893, 130
Trd, 4319018.743, 124
Trd, 4319019.443, 123
Trd, 4319019.793, 101
Trd, 4319020.093, 140
Trd, 4319021.643, 121
Trd, 4319021.693, 120
Trd, 4319021.993, 108
Trd, 4319022.593, 70
Trd, 4319022.793, 69
Trd, 4319023.693, 81
Trd, 4319023.743, 80
Trd, 4319023.893, 140
Trd, 4319024.793, 65
Trd, 4319025.093, 61
Trd, 4319027.143, 109
Trd, 4319029.093, 140
Trd, 4319029.493, 140
Trd, 4319030.143, 140
Trd, 4319031.093, 139
Trd, 4319031.443, 137
Trd, 4319031.793, 107
Trd, 4319031.993, 138
Trd, 4319033.893, 140
Trd, 4319034.193, 131
Trd, 4319034.543, 130
Trd, 4319034.943, 130
Trd, 4319035.243, 100
Trd, 4319037.443, 93
Trd, 4319038.193, 135
Trd, 4319038.243, 134
Trd, 4319038.443, 109
Trd, 4319038.893, 63
Trd, 4319041.643, 66
Trd, 4319041.843, 77
Trd, 4319043.893, 87
Trd, 4319044.843, 98
Trd, 4319045.193, 114
Trd, 4319045.693, 82
Trd, 4319045.743, 81
Trd, 4319045.843, 79
Trd, 4319047.443, 118
Trd, 4319047.593, 100
Trd, 4319047.993, 82
Trd, 4319049.143, 140
Trd, 4319050.543, 140
Trd, 4319051.043, 140
Trd, 4319051.093, 140
Trd, 4319051.193, 133
Trd, 4319051.893, 127
Trd, 4319052.343, 128
Trd, 4319052.993, 130
Trd, 4319054.243, 131
Trd, 4319054.343, 123
Trd, 4319054.793, 116
Trd, 4319055.593, 61
Trd, 4319056.893, 68
Trd, 4319057.693, 60
Trd, 4319058.943, 61
Trd, 4319060.193, 64
Trd, 4319060.943, 63
Trd, 4319061.293, 73
Trd, 4319062.043, 63
Trd, 4319062.443, 65
Trd, 4319063.193, 98
Trd, 4319063.793, 62
Trd, 4319063.843, 61
Trd, 4319064.993, 98
Trd, 4319066.243, 60
Trd, 4319066.393, 60
Trd, 4319068.143, 74
Trd, 4319068.443, 62
Trd, 4319069.543, 65
Trd, 4319069.593, 64
Trd, 4319069.843, 66
Trd, 4319070.093, 65
Trd, 4319071.293, 63
Trd, 4319071.743, 124
Trd, 4319073.343, 140
Trd, 4319073.443, 140
Trd, 4319073.543, 140
Trd, 4319074.293, 140
Trd, 4319074.343, 140
Trd, 4319074.593, 121
Trd, 4319075.043, 120
Trd, 4319077.243, 126
Trd, 4319077.643, 125
Trd, 4319078.243, 124
Trd, 4319079.193, 109
Trd, 4319079.993, 138
Trd, 4319080.693, 138
Trd, 4319080.743, 135
Trd, 4319082.443, 134
Trd, 4319084.543, 140
Trd, 4319085.893, 140
Trd, 4319085.993, 140
Trd, 4319086.143, 140
Trd, 4319086.243, 140
Trd, 4319086.793, 140
Trd, 4319087.593, 127
Trd, 4319089.443, 131
Trd, 4319089.543, 130
Trd, 4319090.593, 114
Trd, 4319091.443, 114
Trd, 4319091.793, 140
Trd, 4319093.543, 139
Trd, 4319093.843, 116
Trd, 4319094.793, 65
Trd, 4319095.293, 63
Trd, 4319095.493, 62
Trd, 4319096.893, 63
Trd, 4319097.493, 63
Trd, 4319098.243, 63
Trd, 4319098.743, 61
Trd, 4319098.943, 64
Trd, 4319100.393, 61
Trd, 4319100.993, 61
Trd, 4319101.293, 62
Trd, 4319101.893, 60
Trd, 4319102.243, 126
Trd, 4319102.643, 95
Trd, 4319103.343, 126
Trd, 4319103.593, 140
Trd, 4319105.293, 140
Trd, 4319106.243, 140
Trd, 4319106.743, 140
Trd, 4319107.393, 140
Trd, 4319109.243, 139
Trd, 4319109.793, 140
Trd, 4319110.043, 139
Trd, 4319111.943, 140
Trd, 4319112.043, 139
Trd, 4319113.143, 104
Trd, 4319113.643, 109
Trd, 4319115.093, 92
Trd, 4319115.643, 78
Trd, 4319115.993, 117
Trd, 4319116.543, 78
Trd, 4319116.943, 79
Trd, 4319117.293, 95
Trd, 4319120.193, 140
Trd, 4319121.643, 140
Trd, 4319121.843, 140
Trd, 4319122.043, 140
Trd, 4319122.143, 140
Trd, 4319122.793, 126
Trd, 4319122.993, 125
Trd, 4319124.943, 140
Trd, 4319126.093, 140
Trd, 4319126.593, 140
Trd, 4319126.693, 140
Trd, 4319126.843, 108
Trd, 4319127.493, 109
Trd, 4319128.243, 135
Trd, 4319130.393, 140
Trd, 4319131.243, 140
Trd, 4319131.393, 139
Trd, 4319131.593, 103
Trd, 4319132.143, 139
Trd, 4319133.243, 115
Trd, 4319134.243, 118
Trd, 4319134.393, 117
Trd, 4319134.793, 114
Trd, 4319135.843, 115
Trd, 4319136.493, 106
Trd, 4319136.593, 97
Trd, 4319137.093, 139
Trd, 4319137.443, 93
Trd, 4319139.043, 96
Trd, 4319139.743, 100
Trd, 4319140.443, 67
Trd, 4319140.593, 64
Trd, 4319142.643, 123
Trd, 4319142.793, 109
Trd, 4319143.293, 95
Trd, 4319144.343, 97
Trd, 4319144.593, 119
Trd, 4319145.043, 98
Trd, 4319145.443, 124
Trd, 4319145.893, 97
Trd, 4319146.393, 96
Trd, 4319146.793, 90
Trd, 4319147.493, 91
Trd, 4319149.693, 70
Trd, 4319150.793, 109
Trd, 4319151.043, 69
Trd, 4319151.543, 70
Trd, 4319151.643, 112
Trd, 4319151.993, 69
Trd, 4319153.543, 76
Trd, 4319153.893, 114
Trd, 4319156.293, 60
Trd, 4319156.643, 62
Trd, 4319156.743, 61
Trd, 4319156.893, 64
Trd, 4319157.243, 88
Trd, 4319158.343, 72
Trd, 4319158.843, 63
Trd, 4319159.543, 129
Trd, 4319159.593, 80
Trd, 4319160.143, 64
Trd, 4319161.343, 70
Trd, 4319162.093, 67
Trd, 4319162.343, 124
Trd, 4319162.743, 107
Trd, 4319165.093, 60
Trd, 4319166.343, 60
Trd, 4319166.943, 60
Trd, 4319167.543, 69
Trd, 4319168.193, 76
Trd, 4319168.343, 73
Trd, 4319170.893, 61
Trd, 4319171.493, 68
Trd, 4319173.793, 60
Trd, 4319175.343, 60
Trd, 4319175.393, 60
Trd, 4319175.993, 63
Trd, 4319177.243, 67
Trd, 4319177.793, 68
Trd, 4319177.843, 67
Trd, 4319177.893, 100
Trd, 4319179.243, 105
Trd, 4319179.543, 71
Trd, 4319179.643, 74
Trd, 4319180.093, 69
Trd, 4319181.243, 80
Trd, 4319181.493, 139
Trd, 4319183.893, 94
Trd, 4319184.693, 96
Trd, 4319185.343, 127
Trd, 4319186.343, 98
Trd, 4319186.743, 105
Trd, 4319187.043, 104
Trd, 4319187.293, 94
Trd, 4319187.443, 140
Trd, 4319188.193, 137
Trd, 4319189.743, 97
Trd, 4319190.393, 87
Trd, 4319190.943, 90
Trd, 4319191.643, 63
Trd, 4319191.743, 132
Trd, 4319193.043, 88
Trd, 4319193.293, 67
Trd, 4319194.193, 68
Trd, 4319194.543, 93
Trd, 4319195.493, 98
Trd, 4319195.743, 73
Trd, 4319195.843, 68
Trd, 4319196.743, 75
Trd, 4319197.243, 68
Trd, 4319198.293, 61
Trd, 4319198.943, 129
Trd, 4319199.693, 91
Trd, 4319199.743, 78
Trd, 4319199.893, 77
Trd, 4319199.993, 74
Trd, 4319201.093, 67
Trd, 4319201.743, 109
Trd, 4319203.193, 139
Trd, 4319204.293, 137
Trd, 4319204.493, 137
Trd, 4319205.443, 134
Trd, 4319206.043, 99
Trd, 4319207.593, 111
Trd, 4319208.543, 138
Trd, 4319208.593, 112
Trd, 4319210.343, 139
Trd, 4319210.393, 138
Trd, 4319210.593, 121
Trd, 4319210.793, 102
Trd, 4319211.143, 101
Trd, 4319211.493, 130
Trd, 4319211.843, 76
Trd, 4319212.843, 62
Trd, 4319213.943, 64
Trd, 4319215.593, 60
Trd, 4319215.993, 61
Trd, 4319216.143, 61
Trd, 4319216.993, 64
Trd, 4319219.243, 140
Trd, 4319219.543, 140
Trd, 4319219.743, 140
Trd, 4319219.843, 140
Trd, 4319220.343, 140
Trd, 4319221.793, 125
Trd, 4319222.043, 138
Trd, 4319223.193, 140
Trd, 4319224.743, 140
Trd, 4319225.343, 140
Trd, 4319225.393, 140
Trd, 4319225.443, 121
Trd, 4319225.643, 117
Trd, 4319226.943, 113
Trd, 4319227.693, 140
Trd, 4319228.443, 139
Trd, 4319229.543, 112
Trd, 4319230.443, 115
Trd, 4319231.543, 119
Trd, 4319232.293, 119
Trd, 4319232.943, 119
Trd, 4319232.993, 117
Trd, 4319233.593, 139
Trd, 4319234.243, 90
Trd, 4319234.343, 81
Trd, 4319236.143, 129
Trd, 4319237.443, 131
Trd, 4319237.893, 129
Trd, 4319239.793, 112
Trd, 4319239.993, 112
Trd, 4319240.843, 134
Trd, 4319242.893, 137
Trd, 4319243.743, 120
Trd, 4319243.893, 119
Trd, 4319243.993, 106
Trd, 4319244.093, 137
Trd, 4319244.943, 121
Trd, 4319245.393, 120
Trd, 4319246.043, 108
Trd, 4319246.443, 130
Trd, 4319247.043, 130
Trd, 4319247.443, 71
Trd, 4319247.643, 132
Trd, 4319250.493, 65
Trd, 4319251.093, 60
Trd, 4319253.593, 130
Trd, 4319254.143, 101
Trd, 4319254.443, 123
Trd, 4319255.443, 104
Trd, 4319255.543, 102
Trd, 4319255.593, 97
Trd, 4319255.993, 74
Trd, 4319257.593, 68
Trd, 4319257.893, 78
Trd, 4319259.243, 90
Trd, 4319260.443, 64
Trd, 4319261.543, 78
Trd, 4319261.793, 113
Trd, 4319262.343, 140
Trd, 4319262.543, 140
Trd, 4319263.443, 140
Trd, 4319263.693, 123
Trd, 4319263.743, 107
Trd, 4319266.143, 63
Trd, 4319266.243, 101
Trd, 4319267.193, 94
Trd, 4319268.843, 61
Trd, 4319269.443, 60
Trd, 4319270.143, 60
Trd, 4319270.393, 61
Trd, 4319271.043, 64
Trd, 4319272.743, 89
Trd, 4319273.043, 82
Trd, 4319273.643, 62
Trd, 4319274.293, 64
Trd, 4319274.743, 88
Trd, 4319275.493, 139
Trd, 4319276.643, 126
Trd, 4319277.143, 126
Trd, 4319277.893, 125
Trd, 4319278.193, 124
Trd, 4319278.943, 126
Trd, 4319279.243, 112
Trd, 4319279.493, 111
Trd, 4319280.543, 140
Trd, 4319280.843, 140
Trd, 4319282.793, 137
Trd, 4319283.593, 119
Trd, 4319283.743, 118
Trd, 4319283.993, 140
Trd, 4319284.843, 107
Trd, 4319285.343, 108
Trd, 4319285.393, 107
Trd, 4319286.543, 106
Trd, 4319287.493, 75
Trd, 4319287.793, 61
Trd, 4319289.843, 135
Trd, 4319290.843, 140
Trd, 4319291.543, 140
Trd, 4319291.693, 140
Trd, 4319291.943, 140
Trd, 4319292.393, 138
Trd, 4319293.293, 122
Trd, 4319294.693, 114
Trd, 4319295.793, 109
Trd, 4319296.443, 107
Trd, 4319296.843, 104
Trd, 4319296.893, 99
Trd, 4319298.843, 66
Trd, 4319299.843, 60
Trd, 4319299.893, 62
Trd, 4319300.543, 63
Trd, 4319302.243, 71
Trd, 4319303.093, 85
Trd, 4319303.493, 75
Trd, 4319304.943, 89
Trd, 4319305.793, 91
Trd, 4319305.843, 89
Trd, 4319306.893, 95
Trd, 4319307.093, 94
Trd, 4319307.693, 80
Trd, 4319308.293, 111
Trd, 4319309.693, 63
Trd, 4319309.793, 67
Trd, 4319313.293, 60
Trd, 4319313.843, 60
Trd, 4319314.443, 60
Trd, 4319315.043, 61
Trd, 4319315.393, 61
Trd, 4319317.193, 90
Trd, 4319317.693, 92
Trd, 4319318.243, 139
Trd, 4319318.593, 96
Trd, 4319318.693, 95
Trd, 4319318.743, 91
Trd, 4319318.793, 89
Trd, 4319319.893, 89
Trd, 4319319.943, 88
Trd, 4319320.093, 136
Trd, 4319321.893, 112
Trd, 4319322.643, 112
Trd, 4319323.093, 104
Trd, 4319324.743, 102
Trd, 4319325.443, 140
Trd, 4319325.793, 140
Trd, 4319327.143, 123
Trd, 4319327.293, 124
Trd, 4319327.693, 123
Trd, 4319328.743, 138
Trd, 4319329.943, 138
Trd, 4319330.293, 113
Trd, 4319330.443, 139
Trd, 4319332.143, 127
Trd, 4319332.593, 128
Trd, 4319332.843, 118
Trd, 4319335.043, 126
Trd, 4319335.793, 111
Trd, 4319335.993, 101
Trd, 4319336.393, 98
Trd, 4319337.093, 114
Trd, 4319337.193, 104
Trd, 4319338.393, 140
Trd, 4319338.593, 140
Trd, 4319339.693, 140
Trd, 4319339.793, 140
Trd, 4319340.643, 140
Trd, 4319341.993, 138
Trd, 4319343.143, 129
Trd, 4319343.743, 114
Trd, 4319344.343, 92
Trd, 4319344.593, 91
Trd, 4319345.593, 89
Trd, 4319346.893, 87
Trd, 4319347.743, 119
Trd, 4319348.043, 85
Trd, 4319348.643, 90
Trd, 4319349.943, 139
Trd, 4319350.593, 138
Trd, 4319350.793, 86
Trd, 4319353.343, 140
Trd, 4319353.843, 140
Trd, 4319353.943, 140
Trd, 4319354.543, 140
Trd, 4319354.893, 131
Trd, 4319355.743, 114
Trd, 4319357.593, 139
Trd, 4319358.293, 138
Trd, 4319358.843, 137
Trd, 4319359.293, 107
Trd, 4319359.493, 105
Trd, 4319359.693, 76
Trd, 4319361.243, 132
Trd, 4319361.843, 61
Trd, 4319363.343, 140
Trd, 4319363.443, 140
Trd, 4319364.493, 140
Trd, 4319364.793, 140
Trd, 4319365.193, 138
Trd, 4319365.493, 112
Trd, 4319366.793, 103
Trd, 4319368.393, 98
Trd, 4319369.943, 105
Trd, 4319370.393, 105
Trd, 4319372.043, 111
Trd, 4319372.093, 87
Trd, 4319372.243, 133
Trd, 4319373.293, 60
Trd, 4319374.393, 60
Trd, 4319375.043, 61
Trd, 4319375.243, 90
Trd, 4319375.993, 94
Trd, 4319377.193, 95
Trd, 4319377.393, 94
Trd, 4319378.043, 92
Trd, 4319378.693, 121
Trd, 4319378.793, 84
Trd, 4319380.143, 84
Trd, 4319380.543, 66
Trd, 4319383.143, 62
Trd, 4319383.493, 65
Trd, 4319385.743, 61
Trd, 4319386.893, 60
Trd, 4319387.193, 62
Trd, 4319387.593, 71
Trd, 4319387.793, 66
Trd, 4319388.293, 69
Trd, 4319389.893, 78
Trd, 4319390.493, 78
Trd, 4319390.993, 78
Trd, 4319391.393, 63
Trd, 4319392.143, 139
Trd, 4319393.143, 121
Trd, 4319393.543, 122
Trd, 4319394.843, 121
Trd, 4319394.993, 134
Trd, 4319395.843, 140
Trd, 4319395.943, 140
Trd, 4319397.293, 127
Trd, 4319397.593, 124
Trd, 4319398.893, 70
Trd, 4319399.543, 91
Trd, 4319400.693, 74
Trd, 4319401.543, 86
Trd, 4319401.943, 78
Trd, 4319402.193, 137
Trd, 4319402.293, 76
Trd, 4319404.843, 104
Trd, 4319404.993, 138
Trd, 4319405.193, 138
Trd, 4319405.643, 138
Trd, 4319406.293, 100
Trd, 4319406.393, 99
Trd, 4319407.043, 79
Trd, 4319407.193, 77
Trd, 4319408.993, 102
Trd, 4319410.743, 87
Trd, 4319411.693, 140
Trd, 4319412.193, 140
Trd, 4319412.243, 140
Trd, 4319413.743, 98
Trd, 4319414.443, 91
Trd, 4319414.693, 89
Trd, 4319415.093, 60
Trd, 4319416.043, 67
Trd, 4319417.593, 68
Trd, 4319417.993, 71
Trd, 4319418.393, 72
Trd, 4319418.493, 71
Trd, 4319419.043, 85
Trd, 4319419.443, 123
Trd, 4319420.743, 87
Trd, 4319421.693, 88
Trd, 4319421.843, 86
Trd, 4319422.293, 85
Trd, 4319422.893, 65
Trd, 4319424.143, 140
Trd, 4319426.043, 107
Trd, 4319426.343, 94
Trd, 4319427.093, 94
Trd, 4319427.393, 93
Trd, 4319428.693, 112
Trd, 4319428.893, 97
Trd, 4319429.743, 140
Trd, 4319430.443, 139
Trd, 4319431.043, 138
Trd, 4319431.293, 123
Trd, 4319431.693, 112
Trd, 4319432.293, 122
Trd, 4319432.893, 112
Trd, 4319433.193, 93
Trd, 4319433.243, 90
Trd, 4319434.693, 139
Trd, 4319434.893, 95
Trd, 4319436.343, 60
Trd, 4319437.743, 61
Trd, 4319438.493, 67
Trd, 4319438.943, 62
Trd, 4319439.643, 61
Trd, 4319440.543, 68
Trd, 4319440.843, 62
Trd, 4319442.093, 99
Trd, 4319443.693, 92
Trd, 4319443.743, 91
Trd, 4319443.793, 90
Trd, 4319444.343, 140
Trd, 4319444.893, 140
Trd, 4319446.693, 119
Trd, 4319447.193, 119
Trd, 4319447.393, 113
Trd, 4319449.043, 121
Trd, 4319449.543, 140
Trd, 4319449.893, 140
Trd, 4319450.193, 90
Trd, 4319450.293, 89
Trd, 4319450.993, 132
Trd, 4319451.943, 112
Trd, 4319452.643, 139
Trd, 4319453.543, 139
Trd, 4319453.793, 140
Trd, 4319454.543, 112
Trd, 4319455.043, 112
Trd, 4319455.543, 100
Trd, 4319456.843, 101
Trd, 4319459.993, 140
Trd, 4319460.443, 140
Trd, 4319460.643, 140
Trd, 4319460.943, 140
Trd, 4319461.293, 140
Trd, 4319461.943, 140
Trd, 4319462.193, 140
Trd, 4319462.243, 120
Trd, 4319463.993, 108
Trd, 4319464.843, 104
Trd, 4319465.343, 81
Trd, 4319465.793, 80
Trd, 4319465.943, 63
Trd, 4319468.293, 140
Trd, 4319468.643, 140
Trd, 4319468.893, 140
Trd, 4319469.693, 140
Trd, 4319470.793, 139
Trd, 4319471.393, 133
Trd, 4319471.643, 121
Trd, 4319471.893, 109
Trd, 4319473.093, 109
Trd, 4319473.493, 107
Trd, 4319473.643, 110
Trd, 4319476.193, 67
Trd, 4319477.993, 96
Trd, 4319478.043, 69
Trd, 4319478.193, 68
Trd, 4319480.293, 60
Trd, 4319481.143, 60
Trd, 4319482.693, 60
Trd, 4319483.043, 64
Trd, 4319484.143, 64
Trd, 4319484.543, 104
Trd, 4319484.593, 116
Trd, 4319484.943, 79
Trd, 4319485.193, 78
Trd, 4319486.193, 78
Trd, 4319486.243, 87
Trd, 4319487.093, 75
Trd, 4319487.743, 73
Trd, 4319488.893, 75
Trd, 4319489.993, 74
Trd, 4319490.543, 123
Trd, 4319491.693, 129
Trd, 4319494.193, 140
Trd, 4319494.343, 140
Trd, 4319494.743, 140
Trd, 4319494.943, 140
Trd, 4319495.243, 139
Trd, 4319495.593, 125
Trd, 4319495.643, 115
Trd, 4319498.393, 61
Trd, 4319498.793, 60
Trd, 4319498.893, 63
Trd, 4319500.043, 110
Trd, 4319501.593, 66
Trd, 4319501.743, 60
Trd, 4319502.693, 62
Trd, 4319504.793, 62
Trd, 4319505.093, 66
Trd, 4319505.343, 66
Trd, 4319505.793, 71
Trd, 4319506.543, 140
Trd, 4319507.143, 75
Trd, 4319507.193, 73
Trd, 4319508.843, 140
Trd, 4319509.543, 140
Trd, 4319509.743, 140
Trd, 4319510.843, 140
Trd, 4319510.893, 140
Trd, 4319513.093, 140
Trd, 4319513.193, 140
Trd, 4319513.243, 121
Trd, 4319513.493, 91
Trd, 4319513.743, 125
Trd, 4319515.743, 138
Trd, 4319515.843, 137
Trd, 4319516.043, 136
Trd, 4319516.393, 140
Trd, 4319517.243, 127
Trd, 4319517.993, 131
Trd, 4319518.843, 127
Trd, 4319519.593, 117
Trd, 4319520.543, 103
Trd, 4319521.693, 103
Trd, 4319523.043, 107
Trd, 4319523.793, 140
Trd, 4319523.993, 127
Trd, 4319524.293, 113
Trd, 4319524.893, 108
Trd, 4319525.043, 107
Trd, 4319526.443, 87
Trd, 4319527.143, 60
Trd, 4319527.443, 63
Trd, 4319528.043, 60
Trd, 4319528.393, 74
Trd, 4319532.293, 60
Trd, 4319533.093, 60
Trd, 4319534.143, 61
Trd, 4319535.693, 60
Trd, 4319536.093, 61
Trd, 4319536.743, 62
Trd, 4319537.743, 68
Trd, 4319537.843, 66
Trd, 4319538.393, 63
Trd, 4319538.943, 106
Trd, 4319539.193, 94
Trd, 4319539.943, 63
Trd, 4319542.393, 83
Trd, 4319542.493, 88
Trd, 4319542.793, 140
Trd, 4319543.393, 91
Trd, 4319545.643, 105
Trd, 4319545.943, 95
Trd, 4319546.193, 107
Trd, 4319546.293, 94
Trd, 4319547.543, 140
Trd, 4319547.643, 140
Trd, 4319548.593, 140
Trd, 4319549.493, 140
Trd, 4319549.693, 121
Trd, 4319550.193, 85
Trd, 4319550.943, 140
Trd, 4319552.093, 62
Trd, 4319553.043, 61
Trd, 4319554.493, 61
Trd, 4319554.993, 61
Trd, 4319555.193, 61
Trd, 4319555.893, 63
Trd, 4319556.243, 65
Trd, 4319556.793, 65
Trd, 4319558.843, 75
Trd, 4319558.943, 73
Trd, 4319559.193, 69
Trd, 4319559.943, 116
Trd, 4319560.093, 115
Trd, 4319561.143, 131
Trd, 4319562.093, 140
Trd, 4319562.743, 140
Trd, 4319562.893, 140
Trd, 4319563.343, 85
Trd, 4319565.943, 60
Trd, 4319566.193, 60
Trd, 4319566.293, 61
Trd, 4319566.743, 64
Trd, 4319569.043, 77
Trd, 4319569.743, 105
Trd, 4319570.343, 137
Trd, 4319571.043, 78
Trd, 4319571.193, 77
Trd, 4319572.043, 71
Trd, 4319572.443, 64
Trd, 4319574.193, 90
Trd, 4319574.293, 88
Trd, 4319574.843, 76
Trd, 4319575.843, 69
Trd, 4319575.943, 70
Trd, 4319576.693, 74
Trd, 4319578.443, 128
Trd, 4319578.843, 86
Trd, 4319580.093, 90
Trd, 4319580.143, 102
Trd, 4319580.443, 103
Trd, 4319581.693, 108
Trd, 4319581.743, 93
Trd, 4319582.243, 111
Trd, 4319582.643, 95
Trd, 4319583.893, 140
Trd, 4319584.943, 110
Trd, 4319585.443, 109
Trd, 4319585.543, 95
Trd, 4319586.193, 86
Trd, 4319588.143, 101
Trd, 4319588.193, 74
Trd, 4319589.143, 76
Trd, 4319589.843, 116
Trd, 4319590.143, 96
Trd, 4319590.243, 116
Trd, 4319590.293, 77
Trd, 4319590.343, 76
Trd, 4319593.593, 62
Trd, 4319594.643, 64
Trd, 4319595.393, 63
Trd, 4319597.043, 72
Trd, 4319597.293, 73
Trd, 4319597.743, 72
Trd, 4319597.793, 126
Trd, 4319599.143, 80
Trd, 4319600.893, 95
Trd, 4319600.943, 117
Trd, 4319601.593, 87
Trd, 4319601.843, 86
Trd, 4319602.693, 88
Trd, 4319603.193, 102
Trd, 4319603.243, 81
Trd, 4319604.493, 99
Trd, 4319605.843, 81
Trd, 4319605.943, 80
Trd, 4319606.693, 60
Trd, 4319608.993, 60
Trd, 4319609.893, 61
Trd, 4319611.843, 60
Trd, 4319613.193, 60
Trd, 4319613.493, 60
Trd, 4319613.543, 67
Trd, 4319613.793, 96
Trd, 4319614.543, 116
Trd, 4319615.293, 118
Trd, 4319615.593, 64
Trd, 4319615.893, 63
Trd, 4319616.193, 64
Trd, 4319616.243, 63
Trd, 4319617.393, 63
Trd, 4319617.843, 61
Trd, 4319619.243, 67
Trd, 4319619.443, 63
Trd, 4319620.593, 67
Trd, 4319621.643, 60
Trd, 4319622.943, 62
Trd, 4319624.843, 64
Trd, 4319625.993, 61
Trd, 4319626.243, 63
Trd, 4319626.993, 67
Trd, 4319627.093, 68
Trd, 4319628.293, 98
Trd, 4319629.643, 118
Trd, 4319631.793, 130
Trd, 4319632.393, 132
Trd, 4319632.493, 131
Trd, 4319632.893, 130
Trd, 4319633.643, 100
Trd, 4319633.893, 84
Trd, 4319635.093, 63
Trd, 4319636.743, 78
Trd, 4319637.143, 78
Trd, 4319637.193, 80
Trd, 4319637.343, 77
Trd, 4319638.493, 69
Trd, 4319638.793, 68
Trd, 4319639.293, 140
Trd, 4319639.443, 63
Trd, 4319641.043, 124
Trd, 4319641.643, 121
Trd, 4319643.143, 62
Trd, 4319643.793, 61
Trd, 4319643.893, 63
Trd, 4319643.993, 64
Trd, 4319644.643, 63
Trd, 4319644.943, 63
Trd, 4319645.743, 68
Trd, 4319645.893, 64
Trd, 4319648.293, 82
Trd, 4319648.493, 119
Trd, 4319649.043, 110
Trd, 4319649.293, 83
Trd, 4319649.593, 81
Trd, 4319651.043, 140
Trd, 4319651.643, 115
Trd, 4319651.743, 114
Trd, 4319651.943, 114
Trd, 4319652.093, 112
Trd, 4319652.493, 112
Trd, 4319652.893, 112
Trd, 4319654.743, 139
Trd, 4319656.093, 127
Trd, 4319656.243, 113
Trd, 4319656.443, 106
Trd, 4319658.893, 115
Trd, 4319659.143, 126
Trd, 4319659.293, 114
Trd, 4319660.893, 140
Trd, 4319661.043, 140
Trd, 4319662.143, 140
Trd, 4319662.893, 140
Trd, 4319663.043, 140
Trd, 4319664.043, 140
Trd, 4319665.043, 140
Trd, 4319665.693, 140
Trd, 4319666.443, 140
Trd, 4319666.793, 123
Trd, 4319667.543, 110
Trd, 4319668.843, 140
Trd, 4319668.893, 140
Trd, 4319669.193, 140
Trd, 4319669.893, 83
Trd, 4319670.693, 140
Trd, 4319671.943, 120
Trd, 4319673.443, 122
Trd, 4319674.893, 124
Trd, 4319675.643, 124
Trd, 4319675.793, 115
Trd, 4319676.293, 114
Trd, 4319677.943, 140
Trd, 4319678.293, 140
Trd, 4319678.743, 140
Trd, 4319679.293, 140
Trd, 4319679.893, 123
Trd, 4319680.743, 109
Trd, 4319680.793, 99
Trd, 4319681.293, 136
Trd, 4319682.993, 119
Trd, 4319683.443, 115
Trd, 4319684.193, 115
Trd, 4319684.393, 111
Trd, 4319686.393, 94
Trd, 4319686.543, 114
Trd, 4319687.043, 94
Trd, 4319687.243, 93
Trd, 4319689.093, 74
Trd, 4319689.643, 69
Trd, 4319690.143, 106
Trd, 4319691.443, 110
Trd, 4319691.643, 108
Trd, 4319691.943, 121
Trd, 4319692.243, 92
Trd, 4319693.293, 61
Trd, 4319694.543, 64
Trd, 4319695.643, 140
Trd, 4319697.893, 140
Trd, 4319698.043, 140
Trd, 4319698.543, 140
Trd, 4319698.643, 121
Trd, 4319699.243, 140
Trd, 4319699.493, 140
Trd, 4319700.193, 140
Trd, 4319700.743, 139
Trd, 4319700.893, 104
Trd, 4319701.143, 66
Trd, 4319703.243, 140
Trd, 4319703.343, 140
Trd, 4319703.943, 140
Trd, 4319704.393, 140
Trd, 4319704.893, 139
Trd, 4319705.993, 124
Trd, 4319709.043, 138
Trd, 4319709.293, 134
Trd, 4319709.343, 133
Trd, 4319709.593, 126
Trd, 4319710.193, 91
Trd, 4319710.893, 86
Trd, 4319711.543, 129
Trd, 4319711.593, 88
Trd, 4319712.193, 85
Trd, 4319713.193, 112
Trd, 4319713.243, 90
Trd, 4319713.343, 84
Trd, 4319715.393, 61
Trd, 4319717.343, 60
Trd, 4319717.693, 60
Trd, 4319717.843, 61
Trd, 4319718.043, 70
Trd, 4319718.843, 88
Trd, 4319718.943, 68
Trd, 4319720.043, 64
Trd, 4319720.593, 64
Trd, 4319721.793, 60
Trd, 4319721.843, 60
Trd, 4319725.543, 60
Trd, 4319725.643, 61
Trd, 4319726.243, 60
Trd, 4319726.693, 62
Trd, 4319727.143, 60
Trd, 4319727.993, 109
Trd, 4319728.643, 113
Trd, 4319728.743, 96
Trd, 4319732.743, 60
Trd, 4319733.193, 60
Trd, 4319734.393, 60
Trd, 4319735.343, 61
Trd, 4319736.343, 60
Trd, 4319736.493, 60
Trd, 4319736.943, 61
Trd, 4319737.493, 66
Trd, 4319737.693, 65
Trd, 4319738.293, 130
Trd, 4319739.343, 126
Trd, 4319739.443, 115
Trd, 4319740.243, 91
Trd, 4319741.043, 90
Trd, 4319741.793, 137
Trd, 4319742.093, 133
Trd, 4319742.493, 109
Trd, 4319742.743, 108
Trd, 4319744.293, 140
Trd, 4319744.993, 125
Trd, 4319745.443, 122
Trd, 4319746.243, 120
Trd, 4319746.843, 140
Trd, 4319747.193, 120
Trd, 4319747.943, 119
Trd, 4319748.843, 111
Trd, 4319748.893, 109
Trd, 4319751.293, 125
Trd, 4319752.043, 111
Trd, 4319752.293, 100
Trd, 4319752.593, 100
Trd, 4319753.093, 100
Trd, 4319753.993, 101
Trd, 4319754.793, 97
Trd, 4319755.393, 107
Trd, 4319755.593, 106
Trd, 4319757.343, 118
Trd, 4319757.493, 118
Trd, 4319759.043, 121
Trd, 4319759.243, 120
Trd, 4319759.843, 140
Trd, 4319760.093, 140
Trd, 4319761.643, 114
Trd, 4319761.893, 124
Trd, 4319762.493, 115
Trd, 4319762.793, 115
Trd, 4319763.743, 117
Trd, 4319763.793, 101
Trd, 4319764.343, 100
Trd, 4319766.143, 140
Trd, 4319766.493, 90
Trd, 4319766.893, 90
Trd, 4319767.393, 89
Trd, 4319768.143, 93
Trd, 4319769.643, 140
Trd, 4319770.743, 140
Trd, 4319770.893, 140
Trd, 4319771.893, 140
Trd, 4319772.193, 140
Trd, 4319772.243, 139
Trd, 4319772.443, 120
Trd, 4319773.743, 118
Trd, 4319774.443, 114
Trd, 4319775.743, 137
Trd, 4319775.893, 136
Trd, 4319776.043, 134
Trd, 4319776.893, 123
Trd, 4319778.043, 138
Trd, 4319778.343, 112
Trd, 4319779.693, 119
Trd, 4319780.193, 94
Trd, 4319780.993, 65
Trd, 4319782.543, 120
Trd, 4319783.243, 121
Trd, 4319783.343, 119
Trd, 4319783.493, 118
Trd, 4319784.093, 116
Trd, 4319784.743, 102
Trd, 4319786.893, 140
Trd, 4319787.043, 140
Trd, 4319787.343, 140
Trd, 4319787.943, 125
Trd, 4319788.643, 95
Trd, 4319790.243, 117
Trd, 4319792.243, 108
Trd, 4319792.743, 119
Trd, 4319793.143, 107
Trd, 4319793.943, 139
Trd, 4319794.493, 139
Trd, 4319795.643, 139
Trd, 4319795.793, 140
Trd, 4319796.143, 140
Trd, 4319797.043, 124
Trd, 4319797.393, 121
Trd, 4319799.543, 140
Trd, 4319800.593, 140
Trd, 4319801.143, 140
Trd, 4319801.193, 140
Trd, 4319802.093, 123
Trd, 4319802.543, 123
Trd, 4319804.443, 139
Trd, 4319804.643, 126
Trd, 4319805.943, 125
Trd, 4319806.043, 124
Trd, 4319806.643, 123
Trd, 4319808.043, 111
Trd, 4319808.293, 100
Trd, 4319808.993, 102
Trd, 4319809.993, 89
Trd, 4319810.593, 77
Trd, 4319810.793, 72
Trd, 4319811.793, 60
Trd, 4319811.843, 60
Trd, 4319814.593, 89
Trd, 4319814.693, 76
Trd, 4319814.943, 73
Trd, 4319815.543, 74
Trd, 4319817.293, 82
Trd, 4319817.593, 116
Trd, 4319818.293, 81
Trd, 4319819.493, 140
Trd, 4319819.893, 122
Trd, 4319820.193, 125
Trd, 4319820.443, 121
Trd, 4319821.843, 87
Trd, 4319822.193, 79
Trd, 4319822.243, 78
Trd, 4319822.493, 77
Trd, 4319824.443, 62
Trd, 4319826.343, 73
Trd, 4319826.643, 98
Trd, 4319827.043, 120
Trd, 4319828.543, 81
Trd, 4319829.293, 137
Trd, 4319829.343, 136
Trd, 4319829.593, 136
Trd, 4319830.543, 140
Trd, 4319831.493, 140
Trd, 4319833.143, 140
Trd, 4319833.593, 121
Trd, 4319833.943, 112
Trd, 4319834.593, 111
Trd, 4319834.993, 99
Trd, 4319835.793, 94
Trd, 4319835.943, 81
Trd, 4319837.843, 140
Trd, 4319838.243, 140
Trd, 4319838.543, 140
Trd, 4319839.393, 97
Trd, 4319839.843, 95
Trd, 4319840.093, 99
Trd, 4319841.693, 132
Trd, 4319841.843, 113
Trd, 4319842.743, 132
Trd, 4319843.693, 132
Trd, 4319843.793, 131
Trd, 4319845.293, 120
Trd, 4319846.443, 140
Trd, 4319846.843, 103
Trd, 4319847.643, 127
Trd, 4319847.893, 96
Trd, 4319848.243, 95
Trd, 4319848.493, 82
Trd, 4319849.193, 62
Trd, 4319850.643, 60
Trd, 4319851.893, 61
Trd, 4319852.293, 60
Trd, 4319852.343, 60
Trd, 4319853.093, 62
Trd, 4319853.993, 83
Trd, 4319854.343, 83
Trd, 4319854.393, 82
Trd, 4319856.093, 128
Trd, 4319856.643, 119
Trd, 4319856.743, 118
Trd, 4319857.293, 103
Trd, 4319857.393, 102
Trd, 4319859.193, 140
Trd, 4319859.593, 140
Trd, 4319860.343, 140
Trd, 4319860.493, 90
Trd, 4319863.243, 60
Trd, 4319864.393, 60
Trd, 4319865.843, 60
Trd, 4319865.893, 70
Trd, 4319866.443, 63
Trd, 4319867.493, 66
Trd, 4319867.793, 65
Trd, 4319868.143, 64
Trd, 4319868.343, 63
Trd, 4319868.643, 88
Trd, 4319868.943, 84
Trd, 4319868.993, 83
Trd, 4319870.943, 117
Trd, 4319872.643, 63
Trd, 4319872.793, 64
Trd, 4319873.593, 67
Trd, 4319873.843, 73
Trd, 4319874.843, 105
Trd, 4319875.043, 78
Trd, 4319875.543, 75
Trd, 4319876.043, 132
Trd, 4319877.143, 86
Trd, 4319877.543, 85
Trd, 4319878.643, 90
Trd, 4319878.793, 84
Trd, 4319879.343, 77
Trd, 4319880.993, 139
Trd, 4319881.243, 70
Trd, 4319884.593, 118
Trd, 4319884.743, 117
Trd, 4319885.143, 116
Trd, 4319885.393, 116
Trd, 4319886.143, 118
Trd, 4319886.293, 116
Trd, 4319887.143, 140
Trd, 4319887.343, 139
Trd, 4319889.243, 140
Trd, 4319889.543, 107
Trd, 4319889.593, 99
Trd, 4319890.393, 116
Trd, 4319891.293, 116
Trd, 4319891.343, 115
Trd, 4319893.193, 84
Trd, 4319893.993, 87
Trd, 4319894.143, 107
Trd, 4319894.193, 86
Trd, 4319895.993, 140
Trd, 4319896.793, 136
Trd, 4319898.093, 86
Trd, 4319898.243, 82
Trd, 4319899.593, 102
Trd, 4319899.843, 117
Trd, 4319900.243, 102
Trd, 4319900.843, 97
Trd, 4319901.143, 128
Trd, 4319902.143, 139
Trd, 4319906.393, 60
Trd, 4319906.743, 61
Trd, 4319906.793, 61
Trd, 4319907.143, 65
Trd, 4319908.093, 65
Trd, 4319908.243, 80
Trd, 4319908.893, 80
Trd, 4319909.093, 65
Trd, 4319909.193, 63
Trd, 4319910.493, 74
Trd, 4319910.743, 69
Trd, 4319911.593, 76
Trd, 4319912.343, 71
Trd, 4319913.093, 140
Trd, 4319913.193, 140
Trd, 4319913.493, 140
Trd, 4319914.243, 138
Trd, 4319915.443, 140
Trd, 4319917.143, 140
Trd, 4319918.343, 124
Trd, 4319918.793, 126
Trd, 4319919.193, 126
Trd, 4319919.593, 108
Trd, 4319921.343, 102
Trd, 4319922.393, 130
Trd, 4319922.443, 129
Trd, 4319923.493, 140
Trd, 4319924.793, 140
Trd, 4319925.193, 140
Trd, 4319925.543, 140
Trd, 4319926.593, 97
Trd, 4319926.943, 133
Trd, 4319927.043, 98
Trd, 4319927.393, 64
Trd, 4319928.193, 139
Trd, 4319930.243, 60
Trd, 4319931.443, 121
Trd, 4319931.543, 120
Trd, 4319932.393, 62
Trd, 4319934.793, 61
Trd, 4319935.543, 62
Trd, 4319936.993, 61
Trd, 4319937.043, 75
Trd, 4319937.493, 63
Trd, 4319938.593, 68
Trd, 4319938.843, 68
Trd, 4319939.543, 74
Trd, 4319940.193, 61
Trd, 4319940.443, 62
Trd, 4319942.443, 74
Trd, 4319943.143, 108
Trd, 4319944.093, 111
Trd, 4319944.693, 124
Trd, 4319944.843, 123
Trd, 4319945.893, 102
Trd, 4319946.193, 94
Trd, 4319946.593, 79
Trd, 4319946.893, 105
Trd, 4319947.843, 75
Trd, 4319949.743, 60
Trd, 4319949.793, 62
Trd, 4319950.643, 62
Trd, 4319950.943, 64
Trd, 4319951.493, 63
Trd, 4319952.143, 90
Trd, 4319952.543, 89
Trd, 4319953.243, 140
Trd, 4319955.843, 73
Trd, 4319956.743, 93
Trd, 4319956.943, 86
Trd, 4319958.043, 139
Trd, 4319958.143, 84
Trd, 4319958.293, 83
Trd, 4319958.943, 78
Trd, 4319959.893, 130
Trd, 4319962.143, 65
Trd, 4319962.343, 65
Trd, 4319963.743, 65
Trd, 4319964.193, 65
Trd, 4319964.943, 71
Trd, 4319965.093, 64
Trd, 4319965.293, 140
Trd, 4319966.593, 129
Trd, 4319966.743, 93
Trd, 4319968.093, 76
Trd, 4319968.643, 140
Trd, 4319970.393, 139
Trd, 4319970.493, 72
Trd, 4319971.193, 70
Trd, 4319972.793, 60
Trd, 4319973.293, 60
Trd, 4319973.393, 60
Trd, 4319974.393, 60
Trd, 4319974.643, 66
Trd, 4319975.093, 63
Trd, 4319975.693, 83
Trd, 4319976.093, 63
Trd, 4319976.743, 81
Trd, 4319977.043, 64
Trd, 4319977.243, 62
Trd, 4319977.593, 97
Trd, 4319978.243, 64
Trd, 4319981.193, 82
Trd, 4319982.143, 84
Trd, 4319982.493, 97
Trd, 4319982.843, 91
Trd, 4319982.893, 117
Trd, 4319983.043, 86
Trd, 4319984.893, 95
Trd, 4319985.393, 97
Trd, 4319986.293, 96
Trd, 4319986.693, 95
Trd, 4319986.843, 94
Trd, 4319986.893, 93
Trd, 4319987.343, 100
Trd, 4319989.393, 129
Trd, 4319989.443, 128
Trd, 4319990.893, 140
Trd, 4319991.343, 140
Trd, 4319991.793, 140
Trd, 4319993.893, 140
Trd, 4319994.343, 140
Trd, 4319995.093, 140
Trd, 4319995.743, 140
Trd, 4319996.143, 140
Trd, 4319996.443, 140
Trd, 4319997.343, 137
Trd, 4319999.143, 136
Trd, 4319999.893, 130
