Trd, 4318053.143, 101
Trd, 4318056.143, 119
Trd, 4318057.093, 86
Trd, 4318057.393, 86
Trd, 4318057.543, 83
Trd, 4318059.143, 108
Trd, 4318059.943, 109
Trd, 4318060.893, 105
Trd, 4318061.343, 97
Trd, 4318061.793, 85
Trd, 4318062.593, 101
Trd, 4318063.243, 89
Trd, 4318064.643, 119
Trd, 4318065.293, 78
Trd, 4318065.393, 127
Trd, 4318067.343, 133
Trd, 4318067.793, 130
Trd, 4318068.193, 120
Trd, 4318069.093, 102
Trd, 4318069.893, 130
Trd, 4318071.793, 128
Trd, 4318071.843, 113
Trd, 4318072.643, 138
Trd, 4318072.743, 99
Trd, 4318074.193, 91
Trd, 4318075.193, 112
Trd, 4318075.293, 112
Trd, 4318076.593, 102
Trd, 4318078.293, 135
Trd, 4318080.243, 125
Trd, 4318080.693, 125
Trd, 4318081.043, 115
Trd, 4318081.593, 116
Trd, 4318081.743, 104
Trd, 4318085.243, 131
Trd, 4318085.793, 127
Trd, 4318086.193, 114
Trd, 4318087.993, 117
Trd, 4318088.543, 90
Trd, 4318089.693, 82
Trd, 4318090.243, 87
Trd, 4318090.493, 125
Trd, 4318091.393, 123
Trd, 4318091.793, 90
Trd, 4318091.843, 85
Trd, 4318093.643, 134
Trd, 4318093.743, 139
Trd, 4318094.793, 95
Trd, 4318095.793, 139
Trd, 4318098.943, 117
Trd, 4318099.393, 112
Trd, 4318100.243, 113
Trd, 4318100.693, 96
Trd, 4318100.943, 113
Trd, 4318101.293, 128
Trd, 4318104.393, 137
Trd, 4318104.993, 109
Trd, 4318105.543, 93
Trd, 4318106.043, 104
Trd, 4318106.693, 97
Trd, 4318107.643, 119
Trd, 4318109.293, 114
Trd, 4318110.593, 108
Trd, 4318111.243, 118
Trd, 4318111.393, 104
Trd, 4318113.543, 126
Trd, 4318115.043, 106
Trd, 4318115.093, 99
Trd, 4318115.343, 89
Trd, 4318117.443, 117
Trd, 4318118.043, 135
Trd, 4318119.943, 106
Trd, 4318120.793, 108
Trd, 4318122.643, 130
Trd, 4318123.093, 111
Trd, 4318124.043, 131
Trd, 4318124.893, 115
Trd, 4318125.393, 87
Trd, 4318126.593, 109
Trd, 4318127.893, 97
Trd, 4318129.043, 114
Trd, 4318129.493, 121
Trd, 4318130.393, 136
Trd, 4318130.543, 120
Trd, 4318132.793, 107
Trd, 4318133.443, 115
Trd, 4318134.493, 90
Trd, 4318134.543, 123
Trd, 4318136.193, 111
Trd, 4318136.443, 106
Trd, 4318136.593, 112
Trd, 4318137.093, 93
Trd, 4318137.993, 130
Trd, 4318138.343, 130
Trd, 4318138.393, 120
Trd, 4318140.043, 119
Trd, 4318140.243, 114
Trd, 4318140.993, 121
Trd, 4318142.243, 122
Trd, 4318142.343, 117
Trd, 4318142.743, 124
Trd, 4318143.893, 117
Trd, 4318144.793, 137
Trd, 4318144.943, 127
Trd, 4318147.143, 111
Trd, 4318147.393, 105
Trd, 4318147.743, 101
Trd, 4318148.343, 131
Trd, 4318148.493, 130
Trd, 4318148.593, 98
Trd, 4318149.493, 71
Trd, 4318149.893, 118
Trd, 4318151.143, 60
Trd, 4318152.243, 115
Trd, 4318153.093, 108
Trd, 4318153.843, 98
Trd, 4318154.743, 133
Trd, 4318155.093, 126
Trd, 4318155.643, 116
Trd, 4318157.743, 100
Trd, 4318158.543, 122
Trd, 4318158.693, 114
Trd, 4318159.393, 97
Trd, 4318161.893, 82
Trd, 4318162.093, 83
Trd, 4318162.143, 71
Trd, 4318162.893, 73
Trd, 4318162.993, 69
Trd, 4318164.993, 113
Trd, 4318165.043, 108
Trd, 4318165.293, 112
Trd, 4318166.543, 130
Trd, 4318166.893, 101
Trd, 4318168.043, 140
Trd, 4318168.343, 91
Trd, 4318168.893, 136
Trd, 4318168.943, 121
Trd, 4318170.193, 119
Trd, 4318170.343, 114
Trd, 4318172.493, 91
Trd, 4318173.143, 126
Trd, 4318173.543, 140
Trd, 4318174.043, 117
Trd, 4318174.993, 64
Trd, 4318175.243, 86
Trd, 4318176.843, 94
Trd, 4318178.143, 113
Trd, 4318178.643, 103
Trd, 4318178.843, 122
Trd, 4318179.693, 129
Trd, 4318181.293, 119
Trd, 4318182.993, 90
Trd, 4318183.693, 90
Trd, 4318183.843, 86
Trd, 4318184.493, 72
Trd, 4318184.893, 80
Trd, 4318185.443, 97
Trd, 4318185.743, 109
Trd, 4318187.943, 98
Trd, 4318187.993, 89
Trd, 4318188.093, 73
Trd, 4318189.393, 79
Trd, 4318190.243, 123
Trd, 4318191.793, 113
Trd, 4318192.543, 116
Trd, 4318192.893, 125
Trd, 4318193.493, 115
Trd, 4318194.993, 139
Trd, 4318195.393, 134
Trd, 4318196.743, 127
Trd, 4318197.043, 126
Trd, 4318197.893, 115
Trd, 4318198.393, 136
Trd, 4318199.143, 122
Trd, 4318200.593, 106
Trd, 4318201.293, 102
Trd, 4318201.743, 92
Trd, 4318202.093, 87
Trd, 4318203.543, 124
Trd, 4318203.693, 80
Trd, 4318204.493, 77
Trd, 4318204.643, 74
Trd, 4318207.193, 138
Trd, 4318208.443, 106
Trd, 4318209.093, 132
Trd, 4318209.393, 110
Trd, 4318209.843, 97
Trd, 4318209.993, 95
Trd, 4318210.393, 99
Trd, 4318210.943, 103
Trd, 4318211.143, 88
Trd, 4318211.743, 105
Trd, 4318212.593, 89
Trd, 4318214.693, 120
Trd, 4318215.893, 115
Trd, 4318216.293, 106
Trd, 4318216.443, 134
Trd, 4318216.593, 105
Trd, 4318217.193, 105
Trd, 4318217.593, 104
Trd, 4318218.343, 115
Trd, 4318218.793, 86
Trd, 4318220.143, 73
Trd, 4318220.793, 139
Trd, 4318221.343, 81
Trd, 4318221.943, 104
Trd, 4318222.543, 101
Trd, 4318223.943, 139
Trd, 4318224.243, 98
Trd, 4318225.243, 131
Trd, 4318225.693, 98
Trd, 4318226.193, 122
Trd, 4318226.593, 97
Trd, 4318228.293, 108
Trd, 4318229.143, 138
Trd, 4318229.293, 129
Trd, 4318229.993, 128
Trd, 4318232.393, 127
Trd, 4318232.543, 123
Trd, 4318233.743, 104
Trd, 4318235.243, 121
Trd, 4318235.343, 106
Trd, 4318235.843, 105
Trd, 4318236.843, 118
Trd, 4318237.443, 117
Trd, 4318238.543, 100
Trd, 4318239.093, 83
Trd, 4318239.443, 85
Trd, 4318241.893, 133
Trd, 4318242.543, 101
Trd, 4318242.693, 127
Trd, 4318244.743, 138
Trd, 4318244.793, 117
Trd, 4318246.243, 126
Trd, 4318246.793, 111
Trd, 4318248.493, 109
Trd, 4318249.843, 124
Trd, 4318250.293, 113
Trd, 4318250.843, 99
Trd, 4318251.593, 107
Trd, 4318253.043, 106
Trd, 4318253.643, 114
Trd, 4318254.993, 137
Trd, 4318255.343, 134
Trd, 4318255.443, 134
Trd, 4318255.893, 125
Trd, 4318256.143, 118
Trd, 4318256.243, 116
Trd, 4318259.643, 120
Trd, 4318259.693, 116
Trd, 4318259.993, 123
Trd, 4318261.793, 110
Trd, 4318262.293, 124
Trd, 4318263.193, 105
Trd, 4318264.543, 101
Trd, 4318265.293, 123
Trd, 4318265.593, 90
Trd, 4318265.893, 115
Trd, 4318266.943, 82
Trd, 4318267.243, 127
Trd, 4318268.543, 107
Trd, 4318269.793, 95
Trd, 4318270.393, 106
Trd, 4318270.993, 117
Trd, 4318271.243, 87
Trd, 4318272.593, 111
Trd, 4318273.393, 115
Trd, 4318273.843, 133
Trd, 4318274.893, 132
Trd, 4318275.543, 134
Trd, 4318276.193, 135
Trd, 4318276.393, 119
Trd, 4318279.143, 101
Trd, 4318279.443, 101
Trd, 4318280.143, 115
Trd, 4318280.643, 75
Trd, 4318280.793, 119
Trd, 4318281.293, 99
Trd, 4318282.393, 93
Trd, 4318283.143, 113
Trd, 4318283.793, 130
Trd, 4318284.793, 132
Trd, 4318287.043, 120
Trd, 4318287.393, 99
Trd, 4318287.443, 93
Trd, 4318288.043, 90
Trd, 4318288.893, 130
Trd, 4318289.193, 100
Trd, 4318289.793, 132
Trd, 4318291.343, 120
Trd, 4318292.243, 91
Trd, 4318292.293, 82
Trd, 4318293.193, 113
Trd, 4318293.593, 105
Trd, 4318294.543, 88
Trd, 4318295.393, 129
Trd, 4318296.343, 90
Trd, 4318297.143, 60
Trd, 4318297.793, 87
Trd, 4318299.293, 113
Trd, 4318299.343, 111
Trd, 4318300.243, 119
Trd, 4318301.893, 128
Trd, 4318303.143, 121
Trd, 4318303.343, 126
Trd, 4318304.943, 106
Trd, 4318305.743, 127
Trd, 4318307.043, 79
Trd, 4318307.443, 110
Trd, 4318308.743, 79
Trd, 4318309.043, 74
Trd, 4318309.993, 116
Trd, 4318311.143, 107
Trd, 4318312.093, 133
Trd, 4318312.593, 107
Trd, 4318312.843, 99
Trd, 4318314.093, 116
Trd, 4318316.443, 131
Trd, 4318316.793, 123
Trd, 4318316.893, 115
Trd, 4318317.193, 115
Trd, 4318318.043, 97
Trd, 4318318.993, 107
Trd, 4318320.143, 115
Trd, 4318321.093, 127
Trd, 4318321.593, 88
Trd, 4318322.193, 87
Trd, 4318323.593, 114
Trd, 4318323.793, 109
Trd, 4318325.593, 88
Trd, 4318326.293, 80
Trd, 4318327.893, 88
Trd, 4318328.493, 101
Trd, 4318329.343, 137
Trd, 4318330.343, 127
Trd, 4318330.693, 90
Trd, 4318331.293, 86
Trd, 4318332.793, 85
Trd, 4318333.043, 80
Trd, 4318334.993, 98
Trd, 4318335.293, 116
Trd, 4318335.393, 78
Trd, 4318335.743, 97
Trd, 4318337.093, 136
Trd, 4318337.443, 118
Trd, 4318337.843, 114
Trd, 4318337.893, 122
Trd, 4318338.993, 125
Trd, 4318340.043, 123
Trd, 4318340.193, 106
Trd, 4318343.793, 127
Trd, 4318343.893, 125
Trd, 4318343.943, 116
Trd, 4318344.143, 116
Trd, 4318344.893, 110
Trd, 4318346.943, 119
Trd, 4318347.243, 122
Trd, 4318347.593, 132
Trd, 4318350.593, 136
Trd, 4318351.943, 139
Trd, 4318353.293, 120
Trd, 4318353.393, 119
Trd, 4318354.343, 101
Trd, 4318355.643, 125
Trd, 4318356.293, 102
Trd, 4318357.393, 132
Trd, 4318358.393, 127
Trd, 4318359.593, 112
Trd, 4318360.093, 122
Trd, 4318361.593, 106
Trd, 4318362.743, 107
Trd, 4318363.743, 119
Trd, 4318364.693, 114
Trd, 4318365.493, 127
Trd, 4318365.843, 136
Trd, 4318365.893, 104
Trd, 4318366.293, 101
Trd, 4318367.893, 124
Trd, 4318369.593, 118
Trd, 4318369.793, 118
Trd, 4318370.093, 98
Trd, 4318371.043, 98
Trd, 4318371.443, 106
Trd, 4318372.493, 125
Trd, 4318374.643, 114
Trd, 4318375.043, 111
Trd, 4318376.693, 124
Trd, 4318376.793, 99
Trd, 4318377.143, 94
Trd, 4318377.793, 130
Trd, 4318379.093, 105
Trd, 4318379.493, 104
Trd, 4318379.793, 94
Trd, 4318380.993, 93
Trd, 4318382.143, 95
Trd, 4318382.943, 102
Trd, 4318383.093, 113
Trd, 4318383.193, 87
Trd, 4318385.193, 112
Trd, 4318385.493, 112
Trd, 4318387.143, 132
Trd, 4318387.693, 105
Trd, 4318387.943, 107
Trd, 4318388.343, 110
Trd, 4318390.443, 129
Trd, 4318390.693, 121
Trd, 4318390.843, 126
Trd, 4318391.543, 127
Trd, 4318392.893, 119
Trd, 4318393.193, 115
Trd, 4318394.543, 135
Trd, 4318395.093, 110
Trd, 4318396.143, 77
Trd, 4318396.893, 120
Trd, 4318397.793, 120
Trd, 4318399.443, 134
Trd, 4318399.793, 108
Trd, 4318400.193, 97
Trd, 4318400.693, 135
Trd, 4318402.093, 76
Trd, 4318404.393, 112
Trd, 4318405.293, 119
Trd, 4318406.043, 114
Trd, 4318406.293, 113
Trd, 4318406.843, 102
Trd, 4318407.643, 137
Trd, 4318407.893, 118
Trd, 4318408.643, 107
Trd, 4318409.443, 96
Trd, 4318410.143, 96
Trd, 4318411.393, 95
Trd, 4318412.393, 77
Trd, 4318412.993, 128
Trd, 4318413.443, 121
Trd, 4318413.793, 131
Trd, 4318416.093, 100
Trd, 4318416.393, 109
Trd, 4318416.543, 117
Trd, 4318417.893, 140
Trd, 4318418.693, 121
Trd, 4318418.993, 116
Trd, 4318419.143, 113
Trd, 4318419.393, 84
Trd, 4318421.493, 138
Trd, 4318422.693, 114
Trd, 4318423.893, 130
Trd, 4318424.293, 130
Trd, 4318424.993, 113
Trd, 4318425.943, 117
Trd, 4318426.043, 112
Trd, 4318426.593, 97
Trd, 4318428.893, 109
Trd, 4318429.843, 102
Trd, 4318429.943, 99
Trd, 4318432.443, 127
Trd, 4318432.993, 126
Trd, 4318433.543, 133
Trd, 4318434.043, 132
Trd, 4318434.993, 132
Trd, 4318435.393, 119
Trd, 4318435.443, 111
Trd, 4318437.143, 132
Trd, 4318437.643, 107
Trd, 4318437.693, 101
Trd, 4318438.093, 97
Trd, 4318438.243, 96
Trd, 4318438.593, 140
Trd, 4318440.293, 127
Trd, 4318440.493, 99
Trd, 4318441.693, 72
Trd, 4318441.993, 82
Trd, 4318443.993, 97
Trd, 4318444.193, 95
Trd, 4318445.193, 116
Trd, 4318445.593, 118
Trd, 4318446.843, 86
Trd, 4318448.043, 89
Trd, 4318448.693, 109
Trd, 4318450.693, 114
Trd, 4318450.993, 109
Trd, 4318451.093, 105
Trd, 4318451.893, 101
Trd, 4318452.443, 104
Trd, 4318453.193, 96
Trd, 4318453.443, 100
Trd, 4318454.243, 112
Trd, 4318454.293, 92
Trd, 4318454.393, 92
Trd, 4318458.643, 118
Trd, 4318459.343, 94
Trd, 4318459.443, 87
Trd, 4318460.293, 101
Trd, 4318461.543, 127
Trd, 4318462.143, 110
Trd, 4318462.893, 127
Trd, 4318463.593, 136
Trd, 4318463.693, 126
Trd, 4318464.393, 127
Trd, 4318465.293, 116
Trd, 4318465.443, 117
Trd, 4318467.393, 124
Trd, 4318468.543, 100
Trd, 4318470.793, 118
Trd, 4318470.843, 105
Trd, 4318470.943, 126
Trd, 4318472.093, 121
Trd, 4318472.643, 119
Trd, 4318472.943, 112
Trd, 4318473.493, 133
Trd, 4318473.743, 120
Trd, 4318476.443, 120
Trd, 4318477.943, 127
Trd, 4318479.043, 108
Trd, 4318479.843, 100
Trd, 4318480.293, 95
Trd, 4318480.543, 80
Trd, 4318482.243, 110
Trd, 4318482.543, 115
Trd, 4318482.943, 77
Trd, 4318483.443, 88
Trd, 4318485.543, 136
Trd, 4318486.593, 131
Trd, 4318487.343, 119
Trd, 4318488.343, 122
Trd, 4318490.393, 106
Trd, 4318491.593, 121
Trd, 4318491.943, 109
Trd, 4318492.343, 98
Trd, 4318492.943, 97
Trd, 4318493.043, 126
Trd, 4318494.143, 109
Trd, 4318494.543, 100
Trd, 4318495.643, 119
Trd, 4318496.343, 97
Trd, 4318497.043, 93
Trd, 4318498.143, 133
Trd, 4318499.493, 128
Trd, 4318500.743, 130
Trd, 4318501.143, 128
Trd, 4318502.443, 118
Trd, 4318503.243, 99
Trd, 4318504.143, 119
Trd, 4318505.043, 120
Trd, 4318505.793, 105
Trd, 4318506.093, 95
Trd, 4318506.643, 136
Trd, 4318508.043, 131
Trd, 4318508.193, 93
Trd, 4318508.293, 111
Trd, 4318509.543, 137
Trd, 4318511.093, 98
Trd, 4318511.193, 99
Trd, 4318512.193, 122
Trd, 4318513.743, 131
Trd, 4318513.843, 121
Trd, 4318514.993, 123
Trd, 4318516.093, 128
Trd, 4318516.293, 120
Trd, 4318517.943, 103
Trd, 4318518.543, 97
Trd, 4318518.993, 111
Trd, 4318519.293, 116
Trd, 4318519.393, 94
Trd, 4318519.943, 118
Trd, 4318520.543, 104
Trd, 4318521.043, 129
Trd, 4318522.093, 111
Trd, 4318522.343, 98
Trd, 4318524.993, 120
Trd, 4318525.143, 113
Trd, 4318526.443, 112
Trd, 4318528.443, 124
Trd, 4318528.993, 98
Trd, 4318529.993, 103
Trd, 4318530.443, 101
Trd, 4318531.643, 102
Trd, 4318531.943, 105
Trd, 4318532.043, 96
Trd, 4318534.393, 114
Trd, 4318534.843, 125
Trd, 4318536.193, 140
Trd, 4318536.543, 136
Trd, 4318536.743, 117
Trd, 4318537.643, 77
Trd, 4318538.393, 115
Trd, 4318538.893, 80
Trd, 4318539.343, 127
Trd, 4318540.343, 73
Trd, 4318540.593, 129
Trd, 4318540.743, 119
Trd, 4318541.493, 110
Trd, 4318542.143, 88
Trd, 4318542.593, 125
Trd, 4318543.243, 120
Trd, 4318544.943, 101
Trd, 4318545.143, 132
Trd, 4318546.093, 131
Trd, 4318548.193, 97
Trd, 4318549.243, 100
Trd, 4318549.893, 97
Trd, 4318552.343, 113
Trd, 4318552.393, 107
Trd, 4318553.243, 99
Trd, 4318554.143, 103
Trd, 4318554.493, 124
Trd, 4318555.993, 113
Trd, 4318556.643, 136
Trd, 4318557.343, 128
Trd, 4318557.593, 108
Trd, 4318557.743, 92
Trd, 4318558.693, 88
Trd, 4318560.193, 130
Trd, 4318560.743, 108
Trd, 4318560.943, 133
Trd, 4318561.943, 78
Trd, 4318562.643, 75
Trd, 4318563.643, 85
Trd, 4318566.743, 132
Trd, 4318567.043, 86
Trd, 4318567.193, 112
Trd, 4318567.543, 122
Trd, 4318568.293, 125
Trd, 4318569.943, 112
Trd, 4318570.143, 92
Trd, 4318571.243, 114
Trd, 4318571.643, 127
Trd, 4318572.443, 121
Trd, 4318572.593, 113
Trd, 4318573.943, 118
Trd, 4318574.693, 131
Trd, 4318575.043, 87
Trd, 4318575.943, 132
Trd, 4318576.093, 106
Trd, 4318577.643, 136
Trd, 4318578.443, 134
Trd, 4318581.343, 139
Trd, 4318581.393, 128
Trd, 4318581.693, 116
Trd, 4318581.743, 115
Trd, 4318582.743, 135
Trd, 4318583.043, 97
Trd, 4318583.193, 94
Trd, 4318583.943, 99
Trd, 4318584.893, 105
Trd, 4318586.043, 128
Trd, 4318586.893, 113
Trd, 4318588.293, 114
Trd, 4318589.293, 137
Trd, 4318589.693, 116
Trd, 4318590.043, 104
Trd, 4318591.443, 99
Trd, 4318591.693, 88
Trd, 4318591.743, 84
Trd, 4318592.643, 103
Trd, 4318593.293, 116
Trd, 4318593.893, 120
Trd, 4318595.193, 128
Trd, 4318595.943, 135
Trd, 4318596.893, 132
Trd, 4318597.493, 100
Trd, 4318597.993, 110
Trd, 4318598.343, 100
Trd, 4318598.743, 92
Trd, 4318599.043, 116
Trd, 4318599.493, 139
Trd, 4318600.643, 125
Trd, 4318602.843, 134
Trd, 4318603.743, 111
Trd, 4318604.343, 110
Trd, 4318604.493, 119
Trd, 4318604.793, 108
Trd, 4318604.943, 95
Trd, 4318605.443, 114
Trd, 4318606.893, 73
Trd, 4318608.193, 79
Trd, 4318609.843, 104
Trd, 4318610.293, 72
Trd, 4318610.593, 84
Trd, 4318611.243, 82
Trd, 4318612.093, 76
Trd, 4318613.543, 113
Trd, 4318614.843, 101
Trd, 4318615.143, 111
Trd, 4318616.443, 124
Trd, 4318616.493, 102
Trd, 4318617.993, 123
Trd, 4318618.043, 104
Trd, 4318619.043, 105
Trd, 4318620.393, 83
Trd, 4318621.243, 116
Trd, 4318621.643, 76
Trd, 4318622.143, 139
Trd, 4318622.343, 113
Trd, 4318624.093, 65
Trd, 4318624.793, 90
Trd, 4318625.393, 79
Trd, 4318625.793, 96
Trd, 4318627.293, 111
Trd, 4318627.643, 111
Trd, 4318628.543, 124
Trd, 4318628.943, 106
Trd, 4318631.343, 139
Trd, 4318632.543, 98
Trd, 4318634.843, 124
Trd, 4318635.243, 115
Trd, 4318635.843, 97
Trd, 4318636.893, 111
Trd, 4318637.193, 91
Trd, 4318638.943, 115
Trd, 4318640.493, 107
Trd, 4318640.893, 135
Trd, 4318641.493, 130
Trd, 4318642.043, 105
Trd, 4318642.343, 100
Trd, 4318642.693, 81
Trd, 4318643.293, 96
Trd, 4318645.393, 121
Trd, 4318646.193, 118
Trd, 4318646.343, 105
Trd, 4318646.393, 90
Trd, 4318646.493, 81
Trd, 4318648.743, 135
Trd, 4318650.043, 113
Trd, 4318650.743, 107
Trd, 4318651.493, 106
Trd, 4318651.793, 90
Trd, 4318651.943, 74
Trd, 4318652.843, 89
Trd, 4318655.193, 127
Trd, 4318656.243, 115
Trd, 4318656.743, 124
Trd, 4318656.993, 120
Trd, 4318657.743, 113
Trd, 4318657.943, 112
Trd, 4318658.043, 103
Trd, 4318659.493, 139
Trd, 4318659.543, 113
Trd, 4318661.043, 116
Trd, 4318662.243, 118
Trd, 4318663.743, 108
Trd, 4318664.343, 109
Trd, 4318664.793, 98
Trd, 4318665.693, 120
Trd, 4318667.843, 128
Trd, 4318668.093, 122
Trd, 4318668.293, 113
Trd, 4318669.043, 137
Trd, 4318669.943, 137
Trd, 4318670.593, 127
Trd, 4318670.693, 118
Trd, 4318671.843, 123
Trd, 4318672.193, 109
Trd, 4318673.893, 83
Trd, 4318674.493, 132
Trd, 4318675.743, 113
Trd, 4318676.043, 94
Trd, 4318676.643, 113
Trd, 4318677.793, 131
Trd, 4318679.143, 118
Trd, 4318681.843, 123
Trd, 4318681.893, 121
Trd, 4318682.293, 108
Trd, 4318683.043, 111
Trd, 4318684.143, 139
Trd, 4318684.393, 103
Trd, 4318684.943, 120
Trd, 4318686.043, 121
Trd, 4318686.193, 108
Trd, 4318688.993, 70
Trd, 4318689.793, 131
Trd, 4318690.043, 113
Trd, 4318690.493, 104
Trd, 4318690.543, 96
Trd, 4318691.093, 61
Trd, 4318691.993, 132
Trd, 4318692.243, 122
Trd, 4318693.343, 128
Trd, 4318693.793, 126
Trd, 4318694.043, 132
Trd, 4318694.593, 112
Trd, 4318695.093, 119
Trd, 4318696.693, 61
Trd, 4318697.343, 69
Trd, 4318698.493, 96
Trd, 4318698.793, 110
Trd, 4318700.193, 127
Trd, 4318700.993, 102
Trd, 4318701.543, 118
Trd, 4318702.743, 114
Trd, 4318703.043, 112
Trd, 4318703.193, 116
Trd, 4318703.243, 108
Trd, 4318704.443, 100
Trd, 4318705.243, 98
Trd, 4318707.893, 122
Trd, 4318708.093, 113
Trd, 4318708.543, 105
Trd, 4318709.243, 101
Trd, 4318709.493, 116
Trd, 4318710.043, 106
Trd, 4318711.993, 93
Trd, 4318712.493, 135
Trd, 4318713.293, 88
Trd, 4318714.493, 127
Trd, 4318715.093, 112
Trd, 4318715.393, 124
Trd, 4318716.143, 106
Trd, 4318716.793, 101
Trd, 4318717.243, 134
Trd, 4318718.043, 122
Trd, 4318718.343, 106
Trd, 4318719.743, 124
Trd, 4318719.843, 112
Trd, 4318722.593, 112
Trd, 4318723.843, 135
Trd, 4318725.043, 124
Trd, 4318726.943, 125
Trd, 4318727.893, 107
Trd, 4318728.293, 106
Trd, 4318728.443, 101
Trd, 4318728.943, 131
Trd, 4318730.143, 123
Trd, 4318731.143, 121
Trd, 4318732.493, 108
Trd, 4318732.543, 100
Trd, 4318732.593, 100
Trd, 4318732.893, 86
Trd, 4318734.843, 100
Trd, 4318735.143, 125
Trd, 4318736.493, 125
Trd, 4318737.443, 95
Trd, 4318737.543, 138
Trd, 4318737.893, 134
Trd, 4318738.043, 83
Trd, 4318739.243, 122
Trd, 4318739.643, 120
Trd, 4318741.243, 110
Trd, 4318741.343, 91
Trd, 4318741.443, 99
Trd, 4318741.693, 101
Trd, 4318742.743, 96
Trd, 4318744.093, 137
Trd, 4318744.493, 118
Trd, 4318744.693, 126
Trd, 4318745.743, 112
Trd, 4318746.593, 107
Trd, 4318747.693, 92
Trd, 4318747.743, 90
Trd, 4318748.543, 136
Trd, 4318750.443, 80
Trd, 4318752.093, 133
Trd, 4318752.193, 120
Trd, 4318753.443, 99
Trd, 4318753.893, 86
Trd, 4318754.193, 76
Trd, 4318755.193, 107
Trd, 4318755.443, 91
Trd, 4318756.193, 103
Trd, 4318758.643, 134
Trd, 4318759.493, 136
Trd, 4318759.543, 128
Trd, 4318759.943, 137
Trd, 4318760.093, 134
Trd, 4318762.093, 125
Trd, 4318762.643, 100
Trd, 4318763.543, 128
Trd, 4318764.043, 108
Trd, 4318765.093, 133
Trd, 4318765.393, 83
Trd, 4318766.743, 130
Trd, 4318767.593, 96
Trd, 4318768.293, 100
Trd, 4318770.793, 86
Trd, 4318771.043, 84
Trd, 4318771.143, 82
Trd, 4318771.593, 118
Trd, 4318771.743, 74
Trd, 4318772.993, 73
Trd, 4318773.093, 118
Trd, 4318773.593, 92
Trd, 4318774.193, 85
Trd, 4318775.193, 71
Trd, 4318775.443, 98
Trd, 4318777.793, 101
Trd, 4318779.443, 120
Trd, 4318780.843, 110
Trd, 4318782.093, 133
Trd, 4318782.593, 117
Trd, 4318784.843, 136
Trd, 4318785.043, 120
Trd, 4318785.593, 109
Trd, 4318786.493, 131
Trd, 4318786.593, 92
Trd, 4318788.443, 98
Trd, 4318789.693, 128
Trd, 4318790.393, 126
Trd, 4318790.843, 108
Trd, 4318791.893, 108
Trd, 4318793.293, 100
Trd, 4318793.493, 88
Trd, 4318793.793, 124
Trd, 4318794.393, 83
Trd, 4318798.643, 116
Trd, 4318799.693, 119
Trd, 4318799.793, 124
Trd, 4318799.843, 110
Trd, 4318800.393, 119
Trd, 4318801.793, 112
Trd, 4318801.943, 106
Trd, 4318802.493, 120
Trd, 4318802.543, 123
Trd, 4318802.893, 106
Trd, 4318803.293, 120
Trd, 4318804.993, 130
Trd, 4318805.793, 115
Trd, 4318807.393, 117
Trd, 4318807.643, 109
Trd, 4318808.143, 98
Trd, 4318808.593, 87
Trd, 4318808.943, 119
Trd, 4318809.193, 87
Trd, 4318811.293, 122
Trd, 4318812.093, 127
Trd, 4318812.893, 122
Trd, 4318813.193, 116
Trd, 4318815.243, 110
Trd, 4318815.343, 92
Trd, 4318815.693, 81
Trd, 4318816.343, 93
Trd, 4318816.843, 100
Trd, 4318818.343, 75
Trd, 4318818.793, 103
Trd, 4318820.843, 82
Trd, 4318821.493, 110
Trd, 4318822.893, 119
Trd, 4318824.093, 130
Trd, 4318824.493, 119
Trd, 4318825.093, 104
Trd, 4318825.243, 95
Trd, 4318826.293, 124
Trd, 4318827.643, 113
Trd, 4318828.293, 125
Trd, 4318829.393, 106
Trd, 4318829.593, 105
Trd, 4318830.243, 115
Trd, 4318831.343, 127
Trd, 4318831.943, 122
Trd, 4318832.093, 114
Trd, 4318833.193, 102
Trd, 4318834.143, 129
Trd, 4318834.293, 120
Trd, 4318834.393, 111
Trd, 4318835.193, 104
Trd, 4318835.793, 89
Trd, 4318837.743, 101
Trd, 4318837.793, 122
Trd, 4318837.993, 71
Trd, 4318840.193, 124
Trd, 4318840.743, 123
Trd, 4318841.243, 107
Trd, 4318841.793, 91
Trd, 4318842.943, 104
Trd, 4318843.343, 127
Trd, 4318843.893, 80
Trd, 4318844.643, 83
Trd, 4318844.793, 97
Trd, 4318845.293, 75
Trd, 4318846.193, 140
Trd, 4318847.393, 123
Trd, 4318847.993, 121
Trd, 4318848.043, 116
Trd, 4318848.143, 95
Trd, 4318849.993, 139
Trd, 4318850.143, 101
Trd, 4318853.343, 128
Trd, 4318853.593, 120
Trd, 4318853.793, 119
Trd, 4318854.043, 118
Trd, 4318854.493, 112
Trd, 4318855.743, 136
Trd, 4318856.043, 135
Trd, 4318856.743, 114
Trd, 4318857.543, 137
Trd, 4318858.093, 130
Trd, 4318859.193, 135
Trd, 4318859.393, 125
Trd, 4318859.743, 102
Trd, 4318860.043, 101
Trd, 4318860.743, 130
Trd, 4318862.093, 128
Trd, 4318862.593, 108
Trd, 4318863.393, 108
Trd, 4318864.693, 139
Trd, 4318864.893, 137
Trd, 4318865.343, 108
Trd, 4318865.543, 105
Trd, 4318865.993, 97
Trd, 4318867.843, 122
Trd, 4318868.593, 114
Trd, 4318870.443, 101
Trd, 4318871.043, 129
Trd, 4318872.543, 114
Trd, 4318872.993, 114
Trd, 4318873.193, 106
Trd, 4318875.343, 106
Trd, 4318875.993, 132
Trd, 4318876.893, 102
Trd, 4318878.493, 127
Trd, 4318878.993, 140
Trd, 4318879.543, 101
Trd, 4318880.243, 100
Trd, 4318882.193, 103
Trd, 4318882.743, 114
Trd, 4318883.693, 122
Trd, 4318884.543, 102
Trd, 4318884.993, 97
Trd, 4318885.493, 125
Trd, 4318887.693, 134
Trd, 4318888.243, 96
Trd, 4318888.743, 139
Trd, 4318889.593, 126
Trd, 4318890.693, 121
Trd, 4318892.643, 133
Trd, 4318893.443, 108
Trd, 4318893.543, 107
Trd, 4318893.693, 103
Trd, 4318895.043, 98
Trd, 4318895.393, 111
Trd, 4318896.043, 127
Trd, 4318896.493, 135
Trd, 4318896.593, 111
Trd, 4318898.093, 101
Trd, 4318898.243, 94
Trd, 4318898.643, 106
Trd, 4318901.843, 106
Trd, 4318902.343, 99
Trd, 4318902.593, 90
Trd, 4318903.343, 103
Trd, 4318905.443, 98
Trd, 4318905.693, 90
Trd, 4318906.293, 107
Trd, 4318906.793, 117
Trd, 4318907.143, 119
Trd, 4318907.393, 102
Trd, 4318908.043, 139
Trd, 4318908.593, 117
Trd, 4318909.643, 114
Trd, 4318910.743, 94
Trd, 4318911.743, 136
Trd, 4318913.543, 95
Trd, 4318913.943, 92
Trd, 4318915.293, 117
Trd, 4318915.693, 117
Trd, 4318916.593, 100
Trd, 4318917.493, 99
Trd, 4318918.743, 115
Trd, 4318919.293, 97
Trd, 4318919.993, 105
Trd, 4318920.243, 96
Trd, 4318921.193, 111
Trd, 4318922.093, 139
Trd, 4318922.543, 72
Trd, 4318922.943, 96
Trd, 4318924.143, 114
Trd, 4318924.493, 86
Trd, 4318925.243, 79
Trd, 4318926.443, 70
Trd, 4318928.093, 107
Trd, 4318928.243, 133
Trd, 4318928.993, 138
Trd, 4318929.143, 97
Trd, 4318930.093, 100
Trd, 4318931.443, 99
Trd, 4318932.743, 116
Trd, 4318933.243, 86
Trd, 4318934.293, 100
Trd, 4318935.293, 87
Trd, 4318935.443, 132
Trd, 4318935.793, 88
Trd, 4318937.043, 96
Trd, 4318937.993, 67
Trd, 4318938.543, 114
Trd, 4318940.843, 115
Trd, 4318941.143, 111
Trd, 4318941.793, 108
Trd, 4318942.093, 125
Trd, 4318943.043, 124
Trd, 4318943.343, 108
Trd, 4318945.143, 117
Trd, 4318945.743, 124
Trd, 4318946.443, 111
Trd, 4318946.993, 108
Trd, 4318948.493, 122
Trd, 4318949.743, 120
Trd, 4318949.793, 111
Trd, 4318949.993, 110
Trd, 4318950.143, 96
Trd, 4318950.743, 91
Trd, 4318954.593, 128
Trd, 4318955.443, 122
Trd, 4318956.093, 100
Trd, 4318957.243, 137
Trd, 4318957.493, 125
Trd, 4318957.643, 111
Trd, 4318957.693, 91
Trd, 4318959.743, 136
Trd, 4318960.443, 108
Trd, 4318961.593, 82
Trd, 4318964.043, 94
Trd, 4318964.243, 103
Trd, 4318964.843, 116
Trd, 4318965.493, 118
Trd, 4318966.893, 103
Trd, 4318966.993, 108
Trd, 4318968.943, 102
Trd, 4318969.593, 125
Trd, 4318969.643, 116
Trd, 4318969.693, 103
Trd, 4318970.943, 132
Trd, 4318971.943, 114
Trd, 4318972.243, 105
Trd, 4318972.693, 87
Trd, 4318973.093, 111
Trd, 4318973.243, 105
Trd, 4318975.893, 125
Trd, 4318976.893, 140
Trd, 4318977.443, 128
Trd, 4318977.893, 111
Trd, 4318979.443, 105
Trd, 4318980.843, 114
Trd, 4318981.943, 111
Trd, 4318982.743, 134
Trd, 4318982.843, 117
Trd, 4318982.893, 112
Trd, 4318984.243, 130
Trd, 4318984.443, 116
Trd, 4318984.793, 139
Trd, 4318985.093, 138
Trd, 4318986.643, 135
Trd, 4318987.293, 75
Trd, 4318988.443, 94
Trd, 4318989.193, 85
Trd, 4318989.443, 90
Trd, 4318990.193, 87
Trd, 4318990.293, 98
Trd, 4318991.493, 117
Trd, 4318991.793, 84
Trd, 4318993.593, 68
Trd, 4318994.093, 102
Trd, 4318994.593, 103
Trd, 4318995.293, 102
Trd, 4318995.493, 75
Trd, 4318996.693, 139
Trd, 4318997.043, 125
Trd, 4318998.993, 131
Trd, 4318999.893, 118
Trd, 4319000.293, 111
Trd, 4319001.293, 108
Trd, 4319001.743, 133
Trd, 4319001.993, 102
Trd, 4319003.043, 128
Trd, 4319004.193, 90
Trd, 4319005.193, 140
Trd, 4319006.043, 122
Trd, 4319006.193, 129
Trd, 4319007.593, 128
Trd, 4319007.943, 117
Trd, 4319008.443, 77
Trd, 4319009.543, 98
Trd, 4319010.243, 100
Trd, 4319010.993, 129
Trd, 4319012.793, 124
Trd, 4319013.693, 128
Trd, 4319014.343, 104
Trd, 4319015.293, 93
Trd, 4319016.743, 91
Trd, 4319018.543, 139
Trd, 4319018.593, 123
Trd, 4319020.843, 130
Trd, 4319021.793, 126
Trd, 4319021.993, 119
Trd, 4319022.193, 110
Trd, 4319022.793, 113
Trd, 4319023.893, 102
Trd, 4319026.493, 140
Trd, 4319026.793, 123
Trd, 4319027.343, 135
Trd, 4319027.393, 128
Trd, 4319029.343, 123
Trd, 4319029.993, 137
Trd, 4319030.343, 127
Trd, 4319030.393, 127
Trd, 4319031.043, 117
Trd, 4319031.893, 139
Trd, 4319033.493, 115
Trd, 4319034.443, 128
Trd, 4319034.593, 95
Trd, 4319035.293, 106
Trd, 4319035.593, 104
Trd, 4319036.543, 107
Trd, 4319036.593, 113
Trd, 4319037.293, 124
Trd, 4319039.043, 135
Trd, 4319039.093, 134
Trd, 4319039.843, 121
Trd, 4319040.393, 110
Trd, 4319042.543, 127
Trd, 4319043.793, 89
Trd, 4319043.893, 84
Trd, 4319044.693, 85
Trd, 4319046.393, 92
Trd, 4319046.593, 89
Trd, 4319047.943, 137
Trd, 4319048.443, 115
Trd, 4319049.493, 125
Trd, 4319049.943, 124
Trd, 4319050.993, 123
Trd, 4319051.043, 107
Trd, 4319051.493, 104
Trd, 4319051.943, 92
Trd, 4319052.643, 108
Trd, 4319054.543, 123
Trd, 4319054.793, 121
Trd, 4319054.943, 120
Trd, 4319055.343, 102
Trd, 4319056.193, 118
Trd, 4319057.293, 123
Trd, 4319057.343, 105
Trd, 4319058.593, 100
Trd, 4319060.093, 84
Trd, 4319060.943, 103
Trd, 4319061.543, 85
Trd, 4319062.043, 75
Trd, 4319062.993, 86
Trd, 4319063.493, 106
Trd, 4319064.043, 136
Trd, 4319064.343, 116
Trd, 4319066.143, 126
Trd, 4319066.543, 109
Trd, 4319066.943, 110
Trd, 4319067.643, 119
Trd, 4319067.993, 127
Trd, 4319068.893, 105
Trd, 4319070.943, 90
Trd, 4319071.293, 76
Trd, 4319072.393, 88
Trd, 4319073.893, 100
Trd, 4319074.493, 105
Trd, 4319075.143, 103
Trd, 4319075.393, 97
Trd, 4319076.843, 88
Trd, 4319077.393, 87
Trd, 4319078.593, 79
Trd, 4319078.893, 108
Trd, 4319079.043, 68
Trd, 4319080.793, 140
Trd, 4319081.043, 128
Trd, 4319081.793, 125
Trd, 4319081.943, 115
Trd, 4319082.293, 104
Trd, 4319083.943, 111
Trd, 4319084.393, 97
Trd, 4319085.243, 100
Trd, 4319085.993, 112
Trd, 4319086.343, 116
Trd, 4319086.443, 88
Trd, 4319086.593, 124
Trd, 4319089.193, 131
Trd, 4319090.093, 131
Trd, 4319090.393, 113
Trd, 4319091.793, 97
Trd, 4319092.793, 93
Trd, 4319094.493, 122
Trd, 4319095.193, 110
Trd, 4319095.793, 98
Trd, 4319096.793, 91
Trd, 4319096.843, 81
Trd, 4319097.193, 89
Trd, 4319097.493, 69
Trd, 4319098.393, 135
Trd, 4319100.593, 132
Trd, 4319100.793, 112
Trd, 4319101.993, 132
Trd, 4319102.793, 129
Trd, 4319103.443, 123
Trd, 4319103.793, 117
Trd, 4319104.243, 107
Trd, 4319104.793, 94
Trd, 4319105.343, 119
Trd, 4319108.793, 125
Trd, 4319109.293, 119
Trd, 4319109.943, 109
Trd, 4319110.443, 84
Trd, 4319110.743, 82
Trd, 4319111.043, 74
Trd, 4319111.343, 110
Trd, 4319112.593, 97
Trd, 4319113.143, 72
Trd, 4319114.843, 101
Trd, 4319115.093, 95
Trd, 4319117.293, 69
Trd, 4319118.493, 131
Trd, 4319119.143, 138
Trd, 4319119.743, 122
Trd, 4319120.693, 111
Trd, 4319121.693, 98
Trd, 4319121.893, 103
Trd, 4319122.493, 96
Trd, 4319124.393, 113
Trd, 4319126.043, 104
Trd, 4319126.593, 122
Trd, 4319127.093, 129
Trd, 4319129.493, 105
Trd, 4319129.593, 116
Trd, 4319130.193, 118
Trd, 4319130.393, 115
Trd, 4319130.443, 102
Trd, 4319130.893, 77
Trd, 4319132.743, 132
Trd, 4319132.793, 86
Trd, 4319133.693, 81
Trd, 4319134.693, 78
Trd, 4319135.393, 79
Trd, 4319138.743, 128
Trd, 4319140.043, 113
Trd, 4319140.493, 126
Trd, 4319140.793, 109
Trd, 4319141.343, 118
Trd, 4319141.443, 111
Trd, 4319141.793, 102
Trd, 4319142.793, 96
Trd, 4319143.893, 131
Trd, 4319144.343, 108
Trd, 4319144.793, 93
Trd, 4319145.343, 100
Trd, 4319148.743, 104
Trd, 4319148.843, 103
Trd, 4319149.643, 111
Trd, 4319150.243, 129
Trd, 4319150.643, 97
Trd, 4319152.393, 135
Trd, 4319152.443, 86
Trd, 4319154.093, 93
Trd, 4319155.343, 122
Trd, 4319156.093, 70
Trd, 4319156.143, 95
Trd, 4319156.893, 108
Trd, 4319157.943, 70
Trd, 4319158.543, 115
Trd, 4319159.043, 78
Trd, 4319159.993, 100
Trd, 4319160.343, 86
Trd, 4319161.043, 129
Trd, 4319162.093, 108
Trd, 4319163.143, 91
Trd, 4319163.543, 117
Trd, 4319164.193, 120
Trd, 4319165.643, 114
Trd, 4319165.793, 120
Trd, 4319166.593, 111
Trd, 4319167.043, 90
Trd, 4319168.043, 94
Trd, 4319169.993, 137
Trd, 4319170.793, 136
Trd, 4319170.843, 127
Trd, 4319171.393, 123
Trd, 4319173.043, 126
Trd, 4319176.343, 128
Trd, 4319177.243, 129
Trd, 4319177.693, 114
Trd, 4319178.593, 128
Trd, 4319179.443, 119
Trd, 4319180.243, 112
Trd, 4319180.293, 99
Trd, 4319181.643, 131
Trd, 4319182.843, 128
Trd, 4319183.843, 110
Trd, 4319184.743, 121
Trd, 4319185.143, 105
Trd, 4319185.393, 98
Trd, 4319187.643, 122
Trd, 4319188.493, 113
Trd, 4319188.693, 105
Trd, 4319190.793, 129
Trd, 4319191.393, 132
Trd, 4319191.493, 135
Trd, 4319192.593, 131
Trd, 4319192.893, 115
Trd, 4319193.693, 120
Trd, 4319195.243, 122
Trd, 4319195.293, 120
Trd, 4319196.243, 118
Trd, 4319196.743, 103
Trd, 4319197.743, 104
Trd, 4319199.443, 103
Trd, 4319200.193, 135
Trd, 4319200.843, 129
Trd, 4319202.643, 82
Trd, 4319203.393, 132
Trd, 4319203.693, 114
Trd, 4319205.043, 131
Trd, 4319205.243, 113
Trd, 4319206.243, 132
Trd, 4319207.143, 117
Trd, 4319207.293, 133
Trd, 4319207.693, 103
Trd, 4319209.743, 93
Trd, 4319210.343, 91
Trd, 4319211.243, 92
Trd, 4319211.493, 94
Trd, 4319211.743, 97
Trd, 4319213.893, 102
Trd, 4319215.093, 108
Trd, 4319215.393, 91
Trd, 4319216.393, 113
Trd, 4319216.643, 97
Trd, 4319217.393, 122
Trd, 4319217.893, 91
Trd, 4319219.593, 140
Trd, 4319219.693, 128
Trd, 4319220.843, 119
Trd, 4319223.293, 109
Trd, 4319223.493, 99
Trd, 4319225.843, 124
Trd, 4319226.043, 116
Trd, 4319226.943, 111
Trd, 4319227.393, 124
Trd, 4319227.443, 108
Trd, 4319227.693, 97
Trd, 4319228.843, 110
Trd, 4319229.293, 94
Trd, 4319229.393, 91
Trd, 4319229.943, 131
Trd, 4319230.643, 90
Trd, 4319231.243, 112
Trd, 4319232.293, 121
Trd, 4319233.493, 114
Trd, 4319234.793, 101
Trd, 4319234.843, 91
Trd, 4319235.493, 130
Trd, 4319236.243, 89
Trd, 4319236.643, 83
Trd, 4319238.343, 137
Trd, 4319239.143, 132
Trd, 4319239.993, 123
Trd, 4319240.093, 123
Trd, 4319240.593, 128
Trd, 4319240.993, 120
Trd, 4319243.993, 101
Trd, 4319244.843, 118
Trd, 4319244.943, 87
Trd, 4319245.393, 118
Trd, 4319245.893, 107
Trd, 4319246.193, 112
Trd, 4319246.243, 92
Trd, 4319247.193, 96
Trd, 4319249.093, 98
Trd, 4319249.243, 135
Trd, 4319251.143, 120
Trd, 4319252.493, 129
Trd, 4319252.693, 134
Trd, 4319253.443, 127
Trd, 4319253.593, 125
Trd, 4319254.193, 115
Trd, 4319255.743, 127
Trd, 4319256.043, 118
Trd, 4319256.093, 106
Trd, 4319257.443, 68
Trd, 4319259.843, 90
Trd, 4319260.293, 94
Trd, 4319261.693, 112
Trd, 4319262.243, 136
Trd, 4319262.293, 110
Trd, 4319262.493, 106
Trd, 4319264.343, 97
Trd, 4319264.743, 107
Trd, 4319264.793, 81
Trd, 4319265.293, 77
Trd, 4319265.843, 138
Trd, 4319267.143, 96
Trd, 4319267.643, 88
Trd, 4319268.343, 95
Trd, 4319268.993, 85
Trd, 4319269.443, 114
Trd, 4319270.493, 128
Trd, 4319271.293, 113
Trd, 4319271.743, 91
Trd, 4319272.593, 122
Trd, 4319272.943, 119
Trd, 4319273.893, 83
Trd, 4319275.393, 100
Trd, 4319276.093, 82
Trd, 4319276.343, 123
Trd, 4319277.143, 97
Trd, 4319277.393, 107
Trd, 4319277.693, 116
Trd, 4319278.843, 105
Trd, 4319281.193, 111
Trd, 4319281.293, 106
Trd, 4319282.043, 100
Trd, 4319282.393, 95
Trd, 4319282.443, 82
Trd, 4319282.893, 125
Trd, 4319283.893, 80
Trd, 4319285.943, 140
Trd, 4319286.093, 128
Trd, 4319286.343, 129
Trd, 4319287.943, 116
Trd, 4319289.493, 133
Trd, 4319289.793, 119
Trd, 4319290.293, 97
Trd, 4319291.093, 104
Trd, 4319291.443, 80
Trd, 4319291.943, 93
Trd, 4319293.943, 125
Trd, 4319294.493, 134
Trd, 4319294.793, 126
Trd, 4319296.143, 135
Trd, 4319296.493, 116
Trd, 4319296.793, 113
Trd, 4319297.193, 110
Trd, 4319299.393, 114
Trd, 4319299.593, 109
Trd, 4319300.143, 105
Trd, 4319301.493, 128
Trd, 4319302.193, 137
Trd, 4319303.593, 125
Trd, 4319303.993, 117
Trd, 4319305.243, 110
Trd, 4319305.843, 97
Trd, 4319306.793, 126
Trd, 4319307.193, 107
Trd, 4319307.693, 103
Trd, 4319307.943, 114
Trd, 4319309.093, 111
Trd, 4319309.593, 136
Trd, 4319310.243, 111
Trd, 4319313.193, 140
Trd, 4319313.643, 134
Trd, 4319314.993, 135
Trd, 4319315.343, 125
Trd, 4319315.443, 117
Trd, 4319316.743, 114
Trd, 4319317.893, 116
Trd, 4319318.243, 112
Trd, 4319319.443, 115
Trd, 4319319.543, 113
Trd, 4319321.543, 121
Trd, 4319321.693, 119
Trd, 4319323.693, 124
Trd, 4319323.843, 106
Trd, 4319327.093, 124
Trd, 4319327.293, 119
Trd, 4319328.393, 135
Trd, 4319329.243, 122
Trd, 4319329.793, 140
Trd, 4319330.043, 132
Trd, 4319330.643, 140
Trd, 4319330.993, 129
Trd, 4319331.043, 119
Trd, 4319332.843, 113
Trd, 4319332.993, 111
Trd, 4319333.493, 115
Trd, 4319334.593, 137
Trd, 4319334.743, 97
Trd, 4319336.143, 95
Trd, 4319336.643, 85
Trd, 4319338.943, 109
Trd, 4319339.093, 124
Trd, 4319339.243, 122
Trd, 4319340.293, 90
Trd, 4319340.593, 123
Trd, 4319340.793, 87
Trd, 4319340.843, 108
Trd, 4319342.543, 121
Trd, 4319344.693, 95
Trd, 4319345.043, 103
Trd, 4319345.243, 88
Trd, 4319346.493, 121
Trd, 4319349.043, 92
Trd, 4319349.243, 102
Trd, 4319350.143, 93
Trd, 4319350.643, 140
Trd, 4319351.543, 139
Trd, 4319351.643, 119
Trd, 4319351.693, 111
Trd, 4319352.893, 95
Trd, 4319355.043, 113
Trd, 4319356.193, 110
Trd, 4319356.493, 116
Trd, 4319356.693, 105
Trd, 4319358.243, 108
Trd, 4319359.093, 128
Trd, 4319359.593, 124
Trd, 4319360.543, 130
Trd, 4319360.893, 126
Trd, 4319362.343, 105
Trd, 4319363.043, 87
Trd, 4319363.293, 139
Trd, 4319363.893, 97
Trd, 4319365.093, 72
Trd, 4319365.993, 103
Trd, 4319366.443, 116
Trd, 4319367.793, 112
Trd, 4319368.343, 116
Trd, 4319369.243, 125
Trd, 4319370.493, 118
Trd, 4319371.743, 119
Trd, 4319371.993, 105
Trd, 4319374.193, 78
Trd, 4319376.243, 86
Trd, 4319377.293, 140
Trd, 4319377.493, 83
Trd, 4319377.893, 140
Trd, 4319378.343, 109
Trd, 4319379.143, 96
Trd, 4319381.193, 93
Trd, 4319381.993, 135
Trd, 4319383.143, 111
Trd, 4319385.293, 109
Trd, 4319385.943, 95
Trd, 4319386.543, 117
Trd, 4319386.793, 108
Trd, 4319386.843, 89
Trd, 4319387.593, 113
Trd, 4319387.643, 118
Trd, 4319389.393, 111
Trd, 4319390.543, 120
Trd, 4319391.443, 98
Trd, 4319393.193, 135
Trd, 4319394.493, 128
Trd, 4319394.593, 112
Trd, 4319394.743, 101
Trd, 4319396.143, 103
Trd, 4319396.943, 131
Trd, 4319398.893, 115
Trd, 4319399.343, 118
Trd, 4319400.043, 140
Trd, 4319402.243, 133
Trd, 4319402.693, 114
Trd, 4319403.993, 95
Trd, 4319404.593, 140
Trd, 4319404.693, 119
Trd, 4319405.043, 81
Trd, 4319405.543, 76
Trd, 4319406.243, 99
Trd, 4319407.193, 133
Trd, 4319409.593, 105
Trd, 4319409.693, 100
Trd, 4319409.843, 123
Trd, 4319410.593, 135
Trd, 4319412.643, 124
Trd, 4319415.493, 113
Trd, 4319416.093, 100
Trd, 4319416.893, 137
Trd, 4319416.943, 125
Trd, 4319417.093, 118
Trd, 4319418.593, 92
Trd, 4319418.993, 115
Trd, 4319420.593, 136
Trd, 4319421.393, 130
Trd, 4319422.093, 112
Trd, 4319422.293, 107
Trd, 4319424.293, 115
Trd, 4319424.543, 112
Trd, 4319425.593, 102
Trd, 4319425.793, 125
Trd, 4319426.643, 132
Trd, 4319426.793, 123
Trd, 4319428.743, 105
Trd, 4319429.643, 125
Trd, 4319430.993, 137
Trd, 4319431.543, 127
Trd, 4319431.993, 126
Trd, 4319433.543, 113
Trd, 4319433.843, 110
Trd, 4319435.443, 137
Trd, 4319435.543, 135
Trd, 4319437.193, 108
Trd, 4319437.543, 104
Trd, 4319438.543, 107
Trd, 4319438.693, 125
Trd, 4319441.793, 117
Trd, 4319442.093, 116
Trd, 4319443.143, 124
Trd, 4319443.993, 115
Trd, 4319445.693, 113
Trd, 4319445.893, 106
Trd, 4319446.143, 105
Trd, 4319447.093, 87
Trd, 4319447.543, 89
Trd, 4319448.393, 106
Trd, 4319448.493, 112
Trd, 4319450.543, 69
Trd, 4319451.093, 105
Trd, 4319451.243, 136
Trd, 4319452.493, 132
Trd, 4319452.793, 69
Trd, 4319453.043, 106
Trd, 4319454.943, 76
Trd, 4319455.693, 80
Trd, 4319456.243, 97
Trd, 4319459.093, 120
Trd, 4319459.343, 101
Trd, 4319460.043, 123
Trd, 4319460.993, 117
Trd, 4319461.193, 100
Trd, 4319462.643, 123
Trd, 4319463.493, 97
Trd, 4319463.893, 93
Trd, 4319464.293, 111
Trd, 4319464.593, 96
Trd, 4319464.743, 122
Trd, 4319465.043, 90
Trd, 4319466.293, 82
Trd, 4319466.393, 96
Trd, 4319468.093, 108
Trd, 4319469.543, 68
Trd, 4319469.793, 78
Trd, 4319470.143, 79
Trd, 4319471.743, 115
Trd, 4319473.943, 123
Trd, 4319474.043, 118
Trd, 4319474.393, 110
Trd, 4319474.843, 111
Trd, 4319475.543, 118
Trd, 4319476.143, 113
Trd, 4319476.593, 118
Trd, 4319476.893, 92
Trd, 4319478.543, 73
Trd, 4319478.693, 77
Trd, 4319479.493, 119
Trd, 4319480.443, 98
Trd, 4319480.693, 111
Trd, 4319480.993, 132
Trd, 4319481.693, 97
Trd, 4319481.893, 93
Trd, 4319482.843, 117
Trd, 4319484.043, 140
Trd, 4319484.993, 83
Trd, 4319485.543, 77
Trd, 4319486.643, 128
Trd, 4319486.743, 118
Trd, 4319487.143, 104
Trd, 4319487.493, 139
Trd, 4319488.493, 118
Trd, 4319488.843, 81
Trd, 4319491.693, 117
Trd, 4319492.293, 120
Trd, 4319492.893, 122
Trd, 4319494.843, 128
Trd, 4319496.293, 136
Trd, 4319496.493, 126
Trd, 4319497.193, 140
Trd, 4319499.243, 126
Trd, 4319499.593, 126
Trd, 4319500.593, 118
Trd, 4319500.693, 106
Trd, 4319500.843, 108
Trd, 4319502.893, 114
Trd, 4319503.243, 135
Trd, 4319503.793, 105
Trd, 4319504.093, 132
Trd, 4319506.493, 119
Trd, 4319507.843, 122
Trd, 4319507.943, 129
Trd, 4319508.543, 105
Trd, 4319509.293, 99
Trd, 4319511.693, 114
Trd, 4319511.893, 99
Trd, 4319512.843, 98
Trd, 4319513.093, 91
Trd, 4319515.493, 98
Trd, 4319516.393, 95
Trd, 4319517.293, 82
Trd, 4319517.643, 87
Trd, 4319517.893, 115
Trd, 4319518.393, 104
Trd, 4319518.443, 70
Trd, 4319520.593, 122
Trd, 4319521.293, 124
Trd, 4319521.393, 115
Trd, 4319521.993, 139
Trd, 4319522.693, 128
Trd, 4319522.993, 128
Trd, 4319524.293, 73
Trd, 4319527.243, 89
Trd, 4319528.143, 91
Trd, 4319528.343, 88
Trd, 4319529.193, 86
Trd, 4319529.993, 126
Trd, 4319530.243, 120
Trd, 4319530.443, 111
Trd, 4319530.543, 108
Trd, 4319532.393, 140
Trd, 4319533.943, 132
Trd, 4319534.243, 118
Trd, 4319534.443, 117
Trd, 4319534.943, 81
Trd, 4319536.443, 138
Trd, 4319537.293, 119
Trd, 4319539.293, 126
Trd, 4319539.443, 121
Trd, 4319539.943, 118
Trd, 4319541.343, 128
Trd, 4319541.443, 122
Trd, 4319542.393, 96
Trd, 4319543.393, 136
Trd, 4319543.993, 140
Trd, 4319544.893, 136
Trd, 4319544.993, 126
Trd, 4319545.493, 117
Trd, 4319546.293, 118
Trd, 4319546.793, 92
Trd, 4319548.093, 95
Trd, 4319548.493, 87
Trd, 4319548.543, 81
Trd, 4319549.143, 109
Trd, 4319550.293, 123
Trd, 4319551.643, 125
Trd, 4319552.343, 86
Trd, 4319552.493, 116
Trd, 4319552.543, 82
Trd, 4319553.443, 74
Trd, 4319556.143, 113
Trd, 4319556.543, 133
Trd, 4319557.993, 122
Trd, 4319558.343, 97
Trd, 4319559.593, 115
Trd, 4319559.743, 102
Trd, 4319560.243, 100
Trd, 4319560.393, 95
Trd, 4319561.443, 97
Trd, 4319561.893, 97
Trd, 4319561.943, 88
Trd, 4319562.543, 125
Trd, 4319563.993, 101
Trd, 4319564.793, 97
Trd, 4319565.143, 116
Trd, 4319566.343, 98
Trd, 4319566.843, 84
Trd, 4319567.093, 140
Trd, 4319567.893, 119
Trd, 4319569.043, 120
Trd, 4319569.943, 130
Trd, 4319570.043, 124
Trd, 4319571.443, 138
Trd, 4319572.143, 133
Trd, 4319572.293, 118
Trd, 4319572.993, 97
Trd, 4319573.593, 94
Trd, 4319574.843, 70
Trd, 4319575.143, 71
Trd, 4319575.743, 99
Trd, 4319576.243, 125
Trd, 4319578.043, 126
Trd, 4319578.443, 73
Trd, 4319579.443, 89
Trd, 4319580.793, 122
Trd, 4319581.093, 132
Trd, 4319583.043, 105
Trd, 4319583.293, 106
Trd, 4319583.543, 95
Trd, 4319583.993, 101
Trd, 4319585.193, 99
Trd, 4319585.343, 105
Trd, 4319586.093, 127
Trd, 4319586.643, 130
Trd, 4319587.393, 121
Trd, 4319588.493, 92
Trd, 4319589.493, 92
Trd, 4319590.193, 109
Trd, 4319590.843, 102
Trd, 4319591.843, 112
Trd, 4319592.743, 118
Trd, 4319593.243, 94
Trd, 4319593.543, 93
Trd, 4319593.693, 108
Trd, 4319593.943, 80
Trd, 4319595.193, 90
Trd, 4319596.343, 114
Trd, 4319598.743, 113
Trd, 4319599.043, 123
Trd, 4319599.143, 131
Trd, 4319599.393, 118
Trd, 4319601.393, 136
Trd, 4319601.843, 102
Trd, 4319602.543, 94
Trd, 4319602.743, 91
Trd, 4319606.293, 101
Trd, 4319606.343, 82
Trd, 4319606.893, 81
Trd, 4319609.043, 127
Trd, 4319609.693, 111
Trd, 4319610.543, 94
Trd, 4319611.193, 100
Trd, 4319612.843, 98
Trd, 4319613.243, 120
Trd, 4319613.793, 127
Trd, 4319614.443, 111
Trd, 4319616.193, 137
Trd, 4319616.293, 107
Trd, 4319617.793, 95
Trd, 4319618.143, 88
Trd, 4319618.293, 88
Trd, 4319618.893, 82
Trd, 4319619.943, 106
Trd, 4319620.243, 124
Trd, 4319622.643, 139
Trd, 4319622.843, 130
Trd, 4319623.143, 124
Trd, 4319623.493, 100
Trd, 4319624.143, 87
Trd, 4319625.743, 83
Trd, 4319625.893, 82
Trd, 4319627.093, 86
Trd, 4319627.243, 78
Trd, 4319627.543, 100
Trd, 4319628.043, 71
Trd, 4319628.943, 95
Trd, 4319629.593, 116
Trd, 4319629.893, 97
Trd, 4319629.993, 132
Trd, 4319631.393, 116
Trd, 4319632.393, 65
Trd, 4319633.293, 101
Trd, 4319633.793, 122
Trd, 4319635.693, 128
Trd, 4319636.093, 112
Trd, 4319636.893, 106
Trd, 4319639.593, 126
Trd, 4319640.043, 85
Trd, 4319640.443, 130
Trd, 4319641.043, 135
Trd, 4319641.793, 80
Trd, 4319642.143, 79
Trd, 4319643.443, 65
Trd, 4319643.543, 65
Trd, 4319643.643, 72
Trd, 4319644.443, 78
Trd, 4319647.643, 64
Trd, 4319648.193, 68
Trd, 4319648.643, 100
Trd, 4319648.843, 104
Trd, 4319649.043, 95
Trd, 4319649.693, 103
Trd, 4319650.343, 114
Trd, 4319650.993, 122
Trd, 4319651.143, 101
Trd, 4319653.143, 97
Trd, 4319653.343, 135
Trd, 4319654.393, 124
Trd, 4319654.493, 89
Trd, 4319656.493, 129
Trd, 4319656.893, 101
Trd, 4319657.593, 105
Trd, 4319657.843, 103
Trd, 4319658.293, 105
Trd, 4319659.143, 117
Trd, 4319659.293, 98
Trd, 4319660.343, 97
Trd, 4319660.643, 122
Trd, 4319662.943, 126
Trd, 4319663.643, 121
Trd, 4319664.943, 121
Trd, 4319665.743, 124
Trd, 4319666.143, 121
Trd, 4319666.293, 111
Trd, 4319667.793, 114
Trd, 4319668.093, 116
Trd, 4319668.793, 105
Trd, 4319669.343, 92
Trd, 4319669.393, 89
Trd, 4319671.993, 130
Trd, 4319673.393, 110
Trd, 4319673.793, 124
Trd, 4319673.993, 140
Trd, 4319676.643, 128
Trd, 4319676.793, 119
Trd, 4319677.943, 117
Trd, 4319678.943, 132
Trd, 4319678.993, 114
Trd, 4319679.193, 100
Trd, 4319679.393, 115
Trd, 4319679.443, 96
Trd, 4319679.743, 78
Trd, 4319682.293, 86
Trd, 4319683.543, 119
Trd, 4319685.243, 132
Trd, 4319685.443, 119
Trd, 4319686.193, 115
Trd, 4319687.393, 105
Trd, 4319687.793, 118
Trd, 4319690.393, 124
Trd, 4319691.243, 112
Trd, 4319691.393, 109
Trd, 4319691.793, 104
Trd, 4319692.293, 134
Trd, 4319694.893, 126
Trd, 4319696.443, 138
Trd, 4319696.543, 131
Trd, 4319697.243, 109
Trd, 4319697.743, 90
Trd, 4319699.443, 134
Trd, 4319700.143, 125
Trd, 4319700.743, 116
Trd, 4319701.043, 133
Trd, 4319701.843, 125
Trd, 4319702.293, 140
Trd, 4319704.143, 120
Trd, 4319705.293, 140
Trd, 4319708.443, 112
Trd, 4319709.043, 113
Trd, 4319709.793, 111
Trd, 4319709.893, 101
Trd, 4319709.993, 120
Trd, 4319711.293, 109
Trd, 4319711.343, 138
Trd, 4319713.243, 113
Trd, 4319713.893, 96
Trd, 4319714.343, 85
Trd, 4319715.043, 112
Trd, 4319716.093, 131
Trd, 4319716.243, 112
Trd, 4319716.593, 107
Trd, 4319718.343, 89
Trd, 4319718.893, 110
Trd, 4319720.143, 93
Trd, 4319721.743, 135
Trd, 4319723.043, 140
Trd, 4319723.293, 109
Trd, 4319723.393, 120
Trd, 4319726.193, 100
Trd, 4319726.343, 116
Trd, 4319727.393, 133
Trd, 4319727.943, 102
Trd, 4319727.993, 95
Trd, 4319728.243, 136
Trd, 4319729.443, 98
Trd, 4319729.593, 86
Trd, 4319730.393, 98
Trd, 4319732.493, 116
Trd, 4319732.743, 116
Trd, 4319733.143, 114
Trd, 4319734.443, 139
Trd, 4319734.843, 100
Trd, 4319735.593, 104
Trd, 4319735.743, 98
Trd, 4319736.193, 91
Trd, 4319737.093, 125
Trd, 4319738.443, 127
Trd, 4319739.143, 113
Trd, 4319741.393, 127
Trd, 4319741.493, 110
Trd, 4319744.043, 136
Trd, 4319745.393, 138
Trd, 4319745.593, 120
Trd, 4319745.993, 119
Trd, 4319746.193, 87
Trd, 4319747.293, 132
Trd, 4319747.493, 122
Trd, 4319747.643, 66
Trd, 4319748.393, 61
Trd, 4319749.993, 111
Trd, 4319752.093, 137
Trd, 4319753.593, 114
Trd, 4319753.693, 113
Trd, 4319754.243, 122
Trd, 4319754.443, 126
Trd, 4319754.643, 105
Trd, 4319756.293, 131
Trd, 4319756.343, 137
Trd, 4319756.793, 130
Trd, 4319757.343, 114
Trd, 4319757.443, 103
Trd, 4319760.393, 108
Trd, 4319760.693, 96
Trd, 4319761.043, 93
Trd, 4319762.543, 84
Trd, 4319763.943, 124
Trd, 4319765.193, 138
Trd, 4319765.593, 118
Trd, 4319766.893, 130
Trd, 4319767.893, 125
Trd, 4319768.043, 120
Trd, 4319768.343, 112
Trd, 4319768.543, 112
Trd, 4319770.243, 128
Trd, 4319774.043, 133
Trd, 4319774.093, 122
Trd, 4319774.693, 112
Trd, 4319775.643, 135
Trd, 4319775.793, 124
Trd, 4319776.943, 117
Trd, 4319779.293, 119
Trd, 4319779.393, 103
Trd, 4319780.393, 135
Trd, 4319781.293, 118
Trd, 4319783.593, 118
Trd, 4319784.743, 124
Trd, 4319785.893, 109
Trd, 4319787.243, 94
Trd, 4319787.293, 92
Trd, 4319787.593, 129
Trd, 4319788.293, 63
Trd, 4319789.193, 67
Trd, 4319789.893, 66
Trd, 4319790.493, 112
Trd, 4319790.743, 80
Trd, 4319792.193, 78
Trd, 4319792.543, 77
Trd, 4319792.993, 105
Trd, 4319793.943, 128
Trd, 4319794.193, 120
Trd, 4319794.393, 100
Trd, 4319795.643, 81
Trd, 4319798.243, 95
Trd, 4319798.393, 88
Trd, 4319800.293, 108
Trd, 4319800.593, 101
Trd, 4319801.893, 140
Trd, 4319801.993, 120
Trd, 4319803.093, 94
Trd, 4319804.043, 89
Trd, 4319804.343, 77
Trd, 4319807.393, 123
Trd, 4319807.893, 112
Trd, 4319808.093, 120
Trd, 4319808.293, 102
Trd, 4319810.393, 136
Trd, 4319810.993, 118
Trd, 4319812.193, 119
Trd, 4319812.493, 115
Trd, 4319814.143, 110
Trd, 4319814.343, 124
Trd, 4319814.693, 126
Trd, 4319815.893, 101
Trd, 4319816.493, 93
Trd, 4319816.693, 117
Trd, 4319817.593, 134
Trd, 4319818.293, 124
Trd, 4319818.493, 108
Trd, 4319819.593, 93
Trd, 4319821.293, 122
Trd, 4319822.293, 122
Trd, 4319822.693, 121
Trd, 4319823.193, 111
Trd, 4319823.493, 104
Trd, 4319824.893, 101
Trd, 4319825.293, 106
Trd, 4319825.993, 109
Trd, 4319826.443, 137
Trd, 4319827.243, 127
Trd, 4319827.943, 114
Trd, 4319828.193, 94
Trd, 4319828.893, 113
Trd, 4319830.643, 126
Trd, 4319830.943, 131
Trd, 4319831.543, 95
Trd, 4319832.643, 137
Trd, 4319833.593, 125
Trd, 4319837.443, 128
Trd, 4319838.343, 124
Trd, 4319838.443, 123
Trd, 4319839.193, 114
Trd, 4319839.893, 113
Trd, 4319840.443, 124
Trd, 4319840.593, 111
Trd, 4319841.493, 125
Trd, 4319841.643, 123
Trd, 4319842.643, 136
Trd, 4319842.993, 107
Trd, 4319843.893, 85
Trd, 4319845.093, 135
Trd, 4319845.893, 100
Trd, 4319846.193, 96
Trd, 4319846.293, 95
Trd, 4319847.443, 95
Trd, 4319847.743, 115
Trd, 4319848.443, 100
Trd, 4319848.543, 87
Trd, 4319849.543, 89
Trd, 4319851.393, 139
Trd, 4319851.993, 135
Trd, 4319852.993, 99
Trd, 4319853.893, 102
Trd, 4319855.293, 128
Trd, 4319855.793, 123
Trd, 4319857.143, 111
Trd, 4319857.393, 116
Trd, 4319858.843, 92
Trd, 4319859.343, 108
Trd, 4319859.543, 116
Trd, 4319861.693, 99
Trd, 4319862.343, 100
Trd, 4319862.793, 107
Trd, 4319862.893, 106
Trd, 4319866.193, 115
Trd, 4319866.793, 119
Trd, 4319867.793, 126
Trd, 4319868.443, 99
Trd, 4319869.293, 135
Trd, 4319869.943, 134
Trd, 4319870.193, 111
Trd, 4319871.243, 136
Trd, 4319872.093, 96
Trd, 4319872.193, 101
Trd, 4319872.593, 101
Trd, 4319872.793, 106
Trd, 4319874.693, 128
Trd, 4319875.343, 136
Trd, 4319876.143, 128
Trd, 4319876.293, 130
Trd, 4319877.393, 108
Trd, 4319877.493, 95
Trd, 4319879.293, 118
Trd, 4319879.493, 120
Trd, 4319879.593, 129
Trd, 4319880.043, 119
Trd, 4319880.093, 118
Trd, 4319881.793, 115
Trd, 4319882.743, 107
Trd, 4319884.543, 84
Trd, 4319884.743, 73
Trd, 4319885.443, 73
Trd, 4319886.143, 77
Trd, 4319887.493, 85
Trd, 4319887.843, 119
Trd, 4319889.293, 113
Trd, 4319890.143, 89
Trd, 4319890.643, 116
Trd, 4319890.843, 132
Trd, 4319891.993, 60
Trd, 4319892.293, 73
Trd, 4319894.743, 126
Trd, 4319896.343, 92
Trd, 4319896.543, 104
Trd, 4319896.943, 93
Trd, 4319897.293, 93
Trd, 4319898.443, 131
Trd, 4319898.643, 124
Trd, 4319899.543, 135
Trd, 4319901.593, 133
Trd, 4319901.993, 128
Trd, 4319902.493, 104
Trd, 4319903.443, 90
Trd, 4319904.243, 93
Trd, 4319904.693, 127
Trd, 4319905.893, 116
Trd, 4319908.243, 107
Trd, 4319908.393, 104
Trd, 4319908.543, 124
Trd, 4319908.843, 124
Trd, 4319910.543, 137
Trd, 4319910.743, 133
Trd, 4319912.343, 135
Trd, 4319912.843, 119
Trd, 4319913.043, 99
Trd, 4319914.043, 102
Trd, 4319914.443, 127
Trd, 4319915.443, 109
Trd, 4319915.843, 96
Trd, 4319917.143, 99
Trd, 4319917.943, 110
Trd, 4319918.593, 103
Trd, 4319919.343, 95
Trd, 4319919.493, 89
Trd, 4319919.793, 90
Trd, 4319920.543, 139
Trd, 4319920.643, 100
Trd, 4319921.843, 94
Trd, 4319922.643, 84
Trd, 4319923.093, 85
Trd, 4319923.993, 86
Trd, 4319925.093, 113
Trd, 4319926.443, 102
Trd, 4319927.343, 69
Trd, 4319927.893, 86
Trd, 4319928.343, 98
Trd, 4319928.743, 120
Trd, 4319929.393, 96
Trd, 4319929.843, 80
Trd, 4319930.443, 93
Trd, 4319931.193, 70
Trd, 4319932.243, 114
Trd, 4319932.843, 108
Trd, 4319933.243, 89
Trd, 4319933.743, 118
Trd, 4319934.093, 128
Trd, 4319934.693, 60
Trd, 4319935.743, 107
Trd, 4319936.543, 120
Trd, 4319936.943, 116
Trd, 4319937.893, 107
Trd, 4319938.493, 120
Trd, 4319939.993, 131
Trd, 4319940.393, 99
Trd, 4319941.143, 105
Trd, 4319942.293, 107
Trd, 4319942.543, 92
Trd, 4319943.993, 137
Trd, 4319946.943, 127
Trd, 4319947.243, 130
Trd, 4319948.343, 126
Trd, 4319948.493, 126
Trd, 4319948.643, 110
Trd, 4319949.193, 134
Trd, 4319949.543, 106
Trd, 4319951.243, 114
Trd, 4319951.293, 113
Trd, 4319952.443, 100
Trd, 4319952.693, 123
Trd, 4319953.743, 118
Trd, 4319953.843, 110
Trd, 4319956.793, 133
Trd, 4319957.493, 92
Trd, 4319957.693, 89
Trd, 4319958.743, 113
Trd, 4319959.493, 109
Trd, 4319959.543, 107
Trd, 4319959.693, 95
Trd, 4319961.643, 120
Trd, 4319962.693, 117
Trd, 4319963.643, 122
Trd, 4319964.993, 114
Trd, 4319965.293, 111
Trd, 4319965.593, 115
Trd, 4319966.793, 107
Trd, 4319969.543, 107
Trd, 4319969.793, 128
Trd, 4319970.543, 107
Trd, 4319970.693, 118
Trd, 4319971.193, 122
Trd, 4319971.593, 124
Trd, 4319971.993, 133
Trd, 4319973.443, 115
Trd, 4319975.043, 102
Trd, 4319975.343, 97
Trd, 4319975.443, 95
Trd, 4319978.893, 112
Trd, 4319979.793, 126
Trd, 4319980.793, 127
Trd, 4319980.843, 120
Trd, 4319980.893, 106
Trd, 4319981.843, 130
Trd, 4319983.443, 109
Trd, 4319983.993, 117
Trd, 4319985.443, 107
Trd, 4319986.093, 124
Trd, 4319986.143, 120
Trd, 4319986.643, 107
Trd, 4319987.343, 103
Trd, 4319988.843, 123
Trd, 4319988.993, 110
Trd, 4319989.693, 106
Trd, 4319990.593, 104
Trd, 4319991.193, 116
Trd, 4319992.993, 82
Trd, 4319993.093, 76
Trd, 4319993.493, 100
Trd, 4319994.693, 139
Trd, 4319994.943, 126
Trd, 4319996.793, 116
Trd, 4319998.093, 121
Trd, 4319998.843, 118
Trd, 4319999.493, 131
