Trd, 4318128.343, 60
Trd, 4318128.943, 61
Trd, 4318129.743, 60
Trd, 4318129.893, 61
Trd, 4318130.543, 60
Trd, 4318131.443, 63
Trd, 4318131.493, 65
Trd, 4318131.943, 77
Trd, 4318132.343, 65
Trd, 4318133.843, 140
Trd, 4318134.093, 139
Trd, 4318135.493, 140
Trd, 4318136.893, 134
Trd, 4318137.443, 137
Trd, 4318137.893, 137
Trd, 4318138.093, 135
Trd, 4318139.143, 140
Trd, 4318139.543, 120
Trd, 4318139.943, 140
Trd, 4318141.243, 140
Trd, 4318142.543, 140
Trd, 4318143.393, 140
Trd, 4318144.143, 140
Trd, 4318144.893, 140
Trd, 4318145.343, 137
Trd, 4318146.643, 139
Trd, 4318147.343, 140
Trd, 4318148.143, 140
Trd, 4318148.693, 140
Trd, 4318148.893, 139
Trd, 4318149.893, 140
Trd, 4318150.143, 139
Trd, 4318150.543, 139
Trd, 4318150.943, 140
Trd, 4318152.543, 140
Trd, 4318153.793, 140
Trd, 4318153.993, 140
Trd, 4318154.493, 140
Trd, 4318155.193, 140
Trd, 4318155.393, 132
Trd, 4318155.643, 116
Trd, 4318156.393, 64
Trd, 4318157.543, 140
Trd, 4318157.943, 140
Trd, 4318159.193, 140
Trd, 4318159.693, 140
Trd, 4318160.343, 140
Trd, 4318160.743, 140
Trd, 4318160.893, 139
Trd, 4318160.943, 138
Trd, 4318161.593, 140
Trd, 4318163.493, 140
Trd, 4318163.693, 140
Trd, 4318163.743, 140
Trd, 4318164.093, 139
Trd, 4318166.593, 140
Trd, 4318166.643, 140
Trd, 4318167.893, 140
Trd, 4318170.093, 140
Trd, 4318170.143, 140
Trd, 4318170.543, 140
Trd, 4318170.743, 139
Trd, 4318171.193, 140
Trd, 4318172.443, 140
Trd, 4318173.493, 140
Trd, 4318173.743, 140
Trd, 4318174.593, 111
Trd, 4318175.693, 132
Trd, 4318176.593, 131
Trd, 4318176.693, 62
Trd, 4318177.793, 65
Trd, 4318178.343, 65
Trd, 4318178.993, 60
Trd, 4318179.743, 65
Trd, 4318180.193, 70
Trd, 4318180.893, 61
Trd, 4318181.193, 85
Trd, 4318182.443, 140
Trd, 4318182.543, 140
Trd, 4318184.343, 140
Trd, 4318185.093, 140
Trd, 4318185.193, 137
Trd, 4318185.993, 140
Trd, 4318186.543, 140
Trd, 4318187.993, 140
Trd, 4318188.643, 140
Trd, 4318188.743, 140
Trd, 4318188.893, 140
Trd, 4318189.743, 136
Trd, 4318190.293, 88
Trd, 4318191.993, 140
Trd, 4318192.893, 138
Trd, 4318193.343, 121
Trd, 4318194.293, 139
Trd, 4318194.543, 137
Trd, 4318195.193, 73
Trd, 4318195.943, 64
Trd, 4318196.443, 138
Trd, 4318196.693, 139
Trd, 4318198.243, 75
Trd, 4318199.743, 61
Trd, 4318200.243, 69
Trd, 4318201.093, 68
Trd, 4318202.293, 69
Trd, 4318202.343, 90
Trd, 4318202.893, 122
Trd, 4318203.093, 70
Trd, 4318203.543, 71
Trd, 4318204.343, 98
Trd, 4318204.393, 99
Trd, 4318205.543, 75
Trd, 4318206.543, 113
Trd, 4318207.043, 109
Trd, 4318207.193, 122
Trd, 4318209.393, 66
Trd, 4318209.743, 60
Trd, 4318210.143, 131
Trd, 4318210.393, 60
Trd, 4318210.943, 68
Trd, 4318212.843, 63
Trd, 4318213.543, 60
Trd, 4318214.093, 60
Trd, 4318214.393, 60
Trd, 4318215.243, 67
Trd, 4318216.143, 65
Trd, 4318216.193, 64
Trd, 4318218.243, 67
Trd, 4318219.043, 60
Trd, 4318219.343, 60
Trd, 4318219.943, 63
Trd, 4318221.243, 61
Trd, 4318222.193, 61
Trd, 4318222.243, 61
Trd, 4318222.793, 61
Trd, 4318223.793, 62
Trd, 4318224.143, 76
Trd, 4318224.843, 72
Trd, 4318225.693, 65
Trd, 4318225.843, 66
Trd, 4318225.893, 119
Trd, 4318225.943, 61
Trd, 4318228.443, 61
Trd, 4318228.843, 62
Trd, 4318230.393, 60
Trd, 4318230.443, 62
Trd, 4318231.293, 60
Trd, 4318232.643, 62
Trd, 4318233.493, 62
Trd, 4318233.693, 62
Trd, 4318234.293, 63
Trd, 4318235.993, 61
Trd, 4318236.243, 62
Trd, 4318236.443, 94
Trd, 4318237.593, 90
Trd, 4318237.743, 131
Trd, 4318239.243, 90
Trd, 4318239.743, 125
Trd, 4318239.843, 88
Trd, 4318240.843, 77
Trd, 4318240.993, 116
Trd, 4318241.793, 100
Trd, 4318241.943, 83
Trd, 4318241.993, 80
Trd, 4318242.893, 107
Trd, 4318244.793, 60
Trd, 4318245.343, 61
Trd, 4318245.993, 65
Trd, 4318247.043, 140
Trd, 4318249.143, 140
Trd, 4318249.343, 140
Trd, 4318250.093, 140
Trd, 4318250.143, 140
Trd, 4318251.143, 140
Trd, 4318251.443, 140
Trd, 4318252.393, 140
Trd, 4318252.793, 139
Trd, 4318252.893, 138
Trd, 4318254.593, 72
Trd, 4318255.393, 81
Trd, 4318255.593, 76
Trd, 4318256.493, 60
Trd, 4318257.143, 68
Trd, 4318257.893, 60
Trd, 4318258.593, 60
Trd, 4318258.793, 60
Trd, 4318259.593, 61
Trd, 4318260.343, 65
Trd, 4318261.443, 119
Trd, 4318261.543, 140
Trd, 4318261.743, 118
Trd, 4318262.543, 140
Trd, 4318262.943, 103
Trd, 4318262.993, 101
Trd, 4318263.293, 99
Trd, 4318265.643, 140
Trd, 4318265.943, 140
Trd, 4318266.443, 140
Trd, 4318267.843, 140
Trd, 4318268.093, 140
Trd, 4318269.143, 140
Trd, 4318269.693, 140
Trd, 4318269.993, 140
Trd, 4318270.293, 140
Trd, 4318271.843, 140
Trd, 4318273.943, 140
Trd, 4318274.443, 140
Trd, 4318275.343, 140
Trd, 4318275.593, 140
Trd, 4318276.943, 140
Trd, 4318276.993, 139
Trd, 4318277.043, 138
Trd, 4318277.593, 139
Trd, 4318278.493, 136
Trd, 4318279.593, 115
Trd, 4318280.543, 140
Trd, 4318281.193, 140
Trd, 4318281.893, 140
Trd, 4318282.043, 140
Trd, 4318283.043, 140
Trd, 4318283.493, 139
Trd, 4318283.743, 107
Trd, 4318284.993, 134
Trd, 4318285.093, 135
Trd, 4318286.843, 102
Trd, 4318286.893, 100
Trd, 4318287.893, 140
Trd, 4318288.593, 140
Trd, 4318289.043, 140
Trd, 4318290.043, 140
Trd, 4318290.193, 140
Trd, 4318290.893, 140
Trd, 4318292.543, 140
Trd, 4318292.893, 137
Trd, 4318292.993, 99
Trd, 4318293.193, 128
Trd, 4318294.643, 76
Trd, 4318296.743, 107
Trd, 4318296.793, 105
Trd, 4318296.943, 122
Trd, 4318297.093, 123
Trd, 4318297.343, 73
Trd, 4318297.743, 129
Trd, 4318297.793, 72
Trd, 4318298.743, 97
Trd, 4318299.093, 120
Trd, 4318301.043, 140
Trd, 4318302.293, 140
Trd, 4318302.993, 140
Trd, 4318303.943, 140
Trd, 4318304.793, 140
Trd, 4318304.893, 140
Trd, 4318305.693, 140
Trd, 4318307.193, 140
Trd, 4318307.693, 140
Trd, 4318308.143, 138
Trd, 4318308.493, 125
Trd, 4318309.393, 119
Trd, 4318310.093, 120
Trd, 4318310.193, 118
Trd, 4318310.793, 101
Trd, 4318313.143, 140
Trd, 4318313.293, 140
Trd, 4318314.343, 140
Trd, 4318314.743, 140
Trd, 4318314.943, 140
Trd, 4318316.193, 136
Trd, 4318316.843, 138
Trd, 4318317.243, 139
Trd, 4318317.593, 138
Trd, 4318318.043, 139
Trd, 4318319.343, 113
Trd, 4318319.893, 64
Trd, 4318320.293, 113
Trd, 4318322.693, 140
Trd, 4318322.793, 140
Trd, 4318323.043, 139
Trd, 4318323.843, 140
Trd, 4318324.643, 140
Trd, 4318325.193, 140
Trd, 4318325.643, 80
Trd, 4318325.993, 96
Trd, 4318326.143, 98
Trd, 4318326.643, 100
Trd, 4318327.493, 71
Trd, 4318327.693, 76
Trd, 4318329.643, 60
Trd, 4318330.443, 60
Trd, 4318330.793, 60
Trd, 4318331.093, 63
Trd, 4318331.993, 138
Trd, 4318332.843, 137
Trd, 4318333.543, 140
Trd, 4318333.893, 77
Trd, 4318334.243, 77
Trd, 4318334.293, 76
Trd, 4318335.943, 113
Trd, 4318336.693, 130
Trd, 4318337.243, 139
Trd, 4318337.493, 128
Trd, 4318338.443, 116
Trd, 4318338.893, 86
Trd, 4318339.893, 140
Trd, 4318340.093, 140
Trd, 4318341.043, 140
Trd, 4318341.193, 140
Trd, 4318341.243, 140
Trd, 4318342.593, 68
Trd, 4318342.943, 140
Trd, 4318344.343, 140
Trd, 4318344.993, 140
Trd, 4318345.093, 140
Trd, 4318346.043, 140
Trd, 4318346.943, 138
Trd, 4318347.793, 135
Trd, 4318348.843, 138
Trd, 4318349.093, 139
Trd, 4318349.293, 136
Trd, 4318349.693, 127
Trd, 4318350.043, 124
Trd, 4318350.543, 139
Trd, 4318351.193, 140
Trd, 4318352.593, 140
Trd, 4318352.793, 138
Trd, 4318353.993, 88
Trd, 4318354.943, 91
Trd, 4318355.793, 91
Trd, 4318355.843, 83
Trd, 4318356.793, 74
Trd, 4318357.293, 60
Trd, 4318357.443, 86
Trd, 4318359.193, 140
Trd, 4318359.293, 140
Trd, 4318359.393, 139
Trd, 4318360.743, 140
Trd, 4318360.993, 140
Trd, 4318361.493, 140
Trd, 4318361.743, 140
Trd, 4318362.443, 115
Trd, 4318363.443, 135
Trd, 4318363.943, 60
Trd, 4318366.343, 60
Trd, 4318366.893, 60
Trd, 4318367.043, 60
Trd, 4318367.643, 62
Trd, 4318368.093, 61
Trd, 4318368.143, 73
Trd, 4318368.443, 60
Trd, 4318369.893, 140
Trd, 4318369.943, 140
Trd, 4318370.293, 66
Trd, 4318372.493, 140
Trd, 4318373.693, 140
Trd, 4318373.793, 140
Trd, 4318375.393, 140
Trd, 4318375.993, 140
Trd, 4318376.693, 140
Trd, 4318377.643, 140
Trd, 4318377.943, 140
Trd, 4318378.643, 140
Trd, 4318378.993, 140
Trd, 4318380.943, 140
Trd, 4318381.593, 140
Trd, 4318382.293, 140
Trd, 4318382.493, 139
Trd, 4318383.143, 139
Trd, 4318383.393, 139
Trd, 4318384.293, 137
Trd, 4318384.943, 140
Trd, 4318385.793, 140
Trd, 4318386.043, 119
Trd, 4318387.243, 140
Trd, 4318387.343, 140
Trd, 4318388.143, 139
Trd, 4318388.543, 82
Trd, 4318389.393, 140
Trd, 4318389.793, 65
Trd, 4318390.043, 66
Trd, 4318392.043, 140
Trd, 4318392.593, 140
Trd, 4318393.993, 140
Trd, 4318394.193, 140
Trd, 4318394.293, 138
Trd, 4318394.693, 96
Trd, 4318395.393, 101
Trd, 4318395.993, 127
Trd, 4318396.443, 119
Trd, 4318397.493, 124
Trd, 4318398.593, 139
Trd, 4318399.093, 105
Trd, 4318400.193, 134
Trd, 4318400.643, 67
Trd, 4318401.243, 68
Trd, 4318401.593, 139
Trd, 4318402.343, 140
Trd, 4318403.043, 140
Trd, 4318403.593, 140
Trd, 4318405.093, 140
Trd, 4318405.193, 140
Trd, 4318406.693, 140
Trd, 4318407.593, 140
Trd, 4318407.843, 140
Trd, 4318409.193, 140
Trd, 4318409.443, 140
Trd, 4318411.043, 140
Trd, 4318412.493, 140
Trd, 4318413.393, 140
Trd, 4318413.543, 140
Trd, 4318414.893, 140
Trd, 4318415.543, 140
Trd, 4318415.693, 140
Trd, 4318415.893, 140
Trd, 4318415.943, 134
Trd, 4318416.543, 130
Trd, 4318417.043, 89
Trd, 4318418.293, 140
Trd, 4318419.743, 140
Trd, 4318420.393, 140
Trd, 4318420.943, 140
Trd, 4318422.093, 140
Trd, 4318422.343, 140
Trd, 4318423.293, 84
Trd, 4318424.093, 130
Trd, 4318424.393, 132
Trd, 4318424.743, 133
Trd, 4318425.043, 127
Trd, 4318425.643, 130
Trd, 4318425.993, 112
Trd, 4318428.093, 140
Trd, 4318428.993, 140
Trd, 4318429.093, 140
Trd, 4318429.493, 140
Trd, 4318429.993, 140
Trd, 4318430.143, 140
Trd, 4318430.243, 139
Trd, 4318430.293, 80
Trd, 4318432.993, 140
Trd, 4318433.143, 140
Trd, 4318433.443, 138
Trd, 4318434.793, 140
Trd, 4318434.843, 139
Trd, 4318435.643, 140
Trd, 4318438.093, 140
Trd, 4318438.243, 140
Trd, 4318438.993, 140
Trd, 4318440.493, 140
Trd, 4318440.893, 140
Trd, 4318441.343, 140
Trd, 4318443.443, 140
Trd, 4318443.843, 140
Trd, 4318444.543, 140
Trd, 4318444.693, 140
Trd, 4318444.793, 140
Trd, 4318445.143, 140
Trd, 4318446.193, 115
Trd, 4318446.443, 65
Trd, 4318447.543, 67
Trd, 4318447.993, 65
Trd, 4318448.493, 62
Trd, 4318448.793, 62
Trd, 4318449.993, 64
Trd, 4318450.243, 134
Trd, 4318452.443, 62
Trd, 4318452.493, 62
Trd, 4318453.143, 115
Trd, 4318453.343, 114
Trd, 4318453.593, 139
Trd, 4318454.793, 63
Trd, 4318455.393, 72
Trd, 4318456.493, 68
Trd, 4318456.593, 71
Trd, 4318458.293, 60
Trd, 4318458.993, 60
Trd, 4318459.493, 60
Trd, 4318460.493, 62
Trd, 4318460.893, 63
Trd, 4318461.743, 65
Trd, 4318463.193, 61
Trd, 4318463.643, 61
Trd, 4318463.793, 64
Trd, 4318465.593, 62
Trd, 4318465.943, 62
Trd, 4318466.093, 71
Trd, 4318466.493, 61
Trd, 4318466.893, 61
Trd, 4318469.143, 140
Trd, 4318470.493, 140
Trd, 4318470.543, 140
Trd, 4318472.743, 140
Trd, 4318472.793, 140
Trd, 4318473.043, 140
Trd, 4318473.293, 140
Trd, 4318473.443, 138
Trd, 4318473.693, 138
Trd, 4318475.293, 139
Trd, 4318475.493, 104
Trd, 4318475.843, 104
Trd, 4318477.093, 115
Trd, 4318479.243, 60
Trd, 4318479.643, 60
Trd, 4318480.043, 60
Trd, 4318480.243, 64
Trd, 4318480.643, 69
Trd, 4318480.693, 127
Trd, 4318481.843, 66
Trd, 4318482.143, 64
Trd, 4318483.793, 140
Trd, 4318485.193, 140
Trd, 4318485.843, 140
Trd, 4318485.993, 140
Trd, 4318486.443, 140
Trd, 4318486.893, 136
Trd, 4318487.343, 110
Trd, 4318488.593, 139
Trd, 4318490.643, 140
Trd, 4318490.843, 140
Trd, 4318491.043, 140
Trd, 4318492.093, 140
Trd, 4318492.793, 140
Trd, 4318493.593, 140
Trd, 4318493.993, 140
Trd, 4318494.093, 129
Trd, 4318495.893, 140
Trd, 4318496.593, 140
Trd, 4318496.693, 139
Trd, 4318497.393, 139
Trd, 4318498.043, 138
Trd, 4318499.193, 140
Trd, 4318499.793, 139
Trd, 4318500.093, 139
Trd, 4318500.393, 94
Trd, 4318500.943, 138
Trd, 4318501.643, 131
Trd, 4318501.843, 104
Trd, 4318502.693, 140
Trd, 4318503.043, 140
Trd, 4318503.343, 139
Trd, 4318505.193, 140
Trd, 4318505.243, 140
Trd, 4318505.993, 140
Trd, 4318507.093, 140
Trd, 4318507.243, 140
Trd, 4318507.693, 140
Trd, 4318508.493, 140
Trd, 4318509.543, 140
Trd, 4318509.593, 140
Trd, 4318510.243, 140
Trd, 4318511.093, 140
Trd, 4318512.243, 140
Trd, 4318512.943, 140
Trd, 4318513.343, 140
Trd, 4318513.843, 140
Trd, 4318515.093, 136
Trd, 4318515.943, 138
Trd, 4318516.343, 136
Trd, 4318516.743, 107
Trd, 4318517.343, 93
Trd, 4318517.643, 126
Trd, 4318518.793, 138
Trd, 4318519.143, 135
Trd, 4318520.343, 104
Trd, 4318520.693, 69
Trd, 4318521.493, 66
Trd, 4318521.843, 90
Trd, 4318522.543, 140
Trd, 4318523.893, 140
Trd, 4318524.693, 140
Trd, 4318525.893, 140
Trd, 4318526.093, 140
Trd, 4318526.393, 140
Trd, 4318526.993, 135
Trd, 4318527.593, 136
Trd, 4318528.093, 124
Trd, 4318529.893, 140
Trd, 4318531.243, 140
Trd, 4318531.693, 140
Trd, 4318531.943, 140
Trd, 4318532.293, 140
Trd, 4318533.993, 140
Trd, 4318535.343, 139
Trd, 4318536.743, 140
Trd, 4318537.193, 140
Trd, 4318537.593, 140
Trd, 4318537.993, 131
Trd, 4318538.193, 130
Trd, 4318538.593, 140
Trd, 4318539.643, 88
Trd, 4318540.043, 138
Trd, 4318541.243, 140
Trd, 4318541.393, 140
Trd, 4318542.343, 61
Trd, 4318542.793, 60
Trd, 4318544.493, 140
Trd, 4318545.543, 140
Trd, 4318545.593, 140
Trd, 4318545.843, 140
Trd, 4318546.043, 107
Trd, 4318546.893, 122
Trd, 4318548.093, 140
Trd, 4318548.593, 129
Trd, 4318549.143, 60
Trd, 4318551.243, 62
Trd, 4318551.293, 63
Trd, 4318552.043, 118
Trd, 4318552.243, 63
Trd, 4318553.193, 71
Trd, 4318553.843, 140
Trd, 4318554.193, 140
Trd, 4318555.593, 140
Trd, 4318556.393, 140
Trd, 4318556.743, 140
Trd, 4318557.743, 140
Trd, 4318559.543, 140
Trd, 4318559.693, 140
Trd, 4318562.643, 140
Trd, 4318562.743, 140
Trd, 4318562.943, 140
Trd, 4318563.543, 140
Trd, 4318564.143, 140
Trd, 4318564.793, 140
Trd, 4318566.093, 140
Trd, 4318566.643, 140
Trd, 4318566.943, 140
Trd, 4318568.593, 140
Trd, 4318568.643, 140
Trd, 4318569.193, 138
Trd, 4318570.093, 138
Trd, 4318572.893, 140
Trd, 4318573.843, 140
Trd, 4318574.443, 140
Trd, 4318574.543, 140
Trd, 4318575.343, 140
Trd, 4318575.593, 140
Trd, 4318575.693, 140
Trd, 4318576.093, 137
Trd, 4318577.843, 125
Trd, 4318578.343, 140
Trd, 4318578.493, 125
Trd, 4318579.343, 62
Trd, 4318580.943, 140
Trd, 4318581.043, 139
Trd, 4318581.543, 139
Trd, 4318581.693, 139
Trd, 4318581.793, 138
Trd, 4318581.943, 138
Trd, 4318584.343, 139
Trd, 4318584.543, 138
Trd, 4318585.793, 65
Trd, 4318586.193, 129
Trd, 4318586.743, 113
Trd, 4318587.993, 105
Trd, 4318588.143, 110
Trd, 4318588.793, 140
Trd, 4318589.493, 139
Trd, 4318589.893, 140
Trd, 4318590.243, 127
Trd, 4318591.243, 82
Trd, 4318591.543, 139
Trd, 4318591.943, 81
Trd, 4318592.793, 138
Trd, 4318592.893, 137
Trd, 4318593.993, 120
Trd, 4318594.343, 120
Trd, 4318595.343, 139
Trd, 4318596.243, 140
Trd, 4318598.043, 140
Trd, 4318598.543, 140
Trd, 4318599.093, 140
Trd, 4318599.293, 140
Trd, 4318600.343, 140
Trd, 4318600.693, 140
Trd, 4318602.043, 140
Trd, 4318602.243, 140
Trd, 4318602.893, 140
Trd, 4318603.293, 140
Trd, 4318605.143, 139
Trd, 4318605.243, 140
Trd, 4318605.443, 113
Trd, 4318606.093, 86
Trd, 4318607.743, 140
Trd, 4318608.493, 140
Trd, 4318609.493, 140
Trd, 4318610.493, 140
Trd, 4318610.543, 140
Trd, 4318611.343, 140
Trd, 4318611.793, 140
Trd, 4318612.393, 140
Trd, 4318613.293, 140
Trd, 4318613.993, 140
Trd, 4318614.743, 97
Trd, 4318615.543, 136
Trd, 4318615.743, 136
Trd, 4318616.593, 136
Trd, 4318617.993, 139
Trd, 4318618.093, 138
Trd, 4318619.193, 140
Trd, 4318620.293, 140
Trd, 4318620.693, 140
Trd, 4318620.843, 140
Trd, 4318623.143, 140
Trd, 4318624.143, 137
Trd, 4318624.193, 139
Trd, 4318624.243, 126
Trd, 4318624.293, 119
Trd, 4318625.143, 115
Trd, 4318625.793, 114
Trd, 4318627.243, 139
Trd, 4318627.543, 114
Trd, 4318628.593, 138
Trd, 4318628.643, 122
Trd, 4318628.843, 96
Trd, 4318628.893, 139
Trd, 4318630.093, 107
Trd, 4318631.043, 139
Trd, 4318631.493, 140
Trd, 4318631.693, 133
Trd, 4318632.443, 140
Trd, 4318634.093, 140
Trd, 4318634.643, 140
Trd, 4318635.293, 140
Trd, 4318635.643, 140
Trd, 4318635.693, 140
Trd, 4318635.743, 138
Trd, 4318636.693, 117
Trd, 4318638.443, 140
Trd, 4318639.143, 140
Trd, 4318639.543, 140
Trd, 4318641.293, 140
Trd, 4318641.843, 140
Trd, 4318643.193, 140
Trd, 4318643.293, 140
Trd, 4318643.843, 140
Trd, 4318644.143, 140
Trd, 4318645.493, 140
Trd, 4318645.743, 140
Trd, 4318645.843, 140
Trd, 4318646.193, 140
Trd, 4318646.343, 139
Trd, 4318647.093, 137
Trd, 4318647.993, 138
Trd, 4318649.593, 138
Trd, 4318650.243, 138
Trd, 4318650.943, 136
Trd, 4318651.993, 135
Trd, 4318652.043, 116
Trd, 4318653.743, 140
Trd, 4318654.443, 140
Trd, 4318655.243, 140
Trd, 4318656.843, 140
Trd, 4318657.043, 140
Trd, 4318658.143, 140
Trd, 4318658.993, 140
Trd, 4318659.693, 140
Trd, 4318659.993, 139
Trd, 4318660.393, 140
Trd, 4318662.443, 140
Trd, 4318662.743, 138
Trd, 4318662.943, 134
Trd, 4318662.993, 114
Trd, 4318663.343, 140
Trd, 4318664.943, 139
Trd, 4318666.143, 140
Trd, 4318666.493, 139
Trd, 4318667.043, 128
Trd, 4318667.293, 121
Trd, 4318668.543, 139
Trd, 4318670.493, 140
Trd, 4318670.593, 140
Trd, 4318670.943, 134
Trd, 4318672.193, 86
Trd, 4318672.493, 85
Trd, 4318672.643, 84
Trd, 4318673.993, 139
Trd, 4318674.443, 138
Trd, 4318674.743, 138
Trd, 4318675.193, 131
Trd, 4318676.293, 114
Trd, 4318676.993, 140
Trd, 4318677.793, 139
Trd, 4318679.243, 140
Trd, 4318679.293, 140
Trd, 4318680.443, 112
Trd, 4318681.193, 75
Trd, 4318681.243, 74
Trd, 4318681.443, 76
Trd, 4318681.493, 77
Trd, 4318682.043, 73
Trd, 4318683.143, 118
Trd, 4318684.343, 140
Trd, 4318684.743, 140
Trd, 4318685.443, 140
Trd, 4318687.693, 140
Trd, 4318688.293, 140
Trd, 4318688.443, 139
Trd, 4318688.693, 131
Trd, 4318689.693, 101
Trd, 4318690.293, 140
Trd, 4318691.543, 140
Trd, 4318692.343, 140
Trd, 4318692.593, 140
Trd, 4318692.943, 138
Trd, 4318695.143, 140
Trd, 4318695.243, 140
Trd, 4318695.593, 140
Trd, 4318697.493, 140
Trd, 4318698.293, 140
Trd, 4318698.393, 140
Trd, 4318698.443, 140
Trd, 4318700.693, 140
Trd, 4318701.193, 140
Trd, 4318701.893, 140
Trd, 4318701.993, 139
Trd, 4318702.643, 104
Trd, 4318702.793, 103
Trd, 4318703.343, 139
Trd, 4318704.493, 108
Trd, 4318705.043, 101
Trd, 4318707.743, 140
Trd, 4318707.793, 140
Trd, 4318709.143, 140
Trd, 4318709.243, 140
Trd, 4318709.843, 140
Trd, 4318710.043, 140
Trd, 4318710.193, 139
Trd, 4318710.493, 131
Trd, 4318710.693, 111
Trd, 4318711.193, 76
Trd, 4318711.293, 71
Trd, 4318712.143, 80
Trd, 4318715.043, 66
Trd, 4318715.543, 62
Trd, 4318715.743, 118
Trd, 4318716.493, 68
Trd, 4318716.943, 66
Trd, 4318717.943, 96
Trd, 4318718.643, 140
Trd, 4318719.643, 140
Trd, 4318720.493, 140
Trd, 4318720.593, 140
Trd, 4318722.443, 140
Trd, 4318722.793, 140
Trd, 4318722.843, 140
Trd, 4318722.943, 137
Trd, 4318723.143, 137
Trd, 4318723.593, 131
Trd, 4318724.793, 134
Trd, 4318725.443, 137
Trd, 4318726.343, 117
Trd, 4318730.093, 140
Trd, 4318730.593, 140
Trd, 4318731.343, 140
Trd, 4318731.443, 135
Trd, 4318731.693, 140
Trd, 4318732.543, 95
Trd, 4318733.743, 60
Trd, 4318734.443, 60
Trd, 4318734.693, 62
Trd, 4318735.593, 62
Trd, 4318736.143, 65
Trd, 4318736.443, 62
Trd, 4318736.743, 97
Trd, 4318737.993, 139
Trd, 4318738.193, 64
Trd, 4318739.393, 140
Trd, 4318739.943, 140
Trd, 4318741.493, 140
Trd, 4318741.643, 140
Trd, 4318742.093, 138
Trd, 4318742.543, 138
Trd, 4318742.693, 139
Trd, 4318743.693, 140
Trd, 4318744.143, 140
Trd, 4318745.143, 140
Trd, 4318745.993, 140
Trd, 4318746.793, 140
Trd, 4318747.893, 140
Trd, 4318748.593, 140
Trd, 4318749.443, 140
Trd, 4318750.093, 139
Trd, 4318750.193, 137
Trd, 4318750.493, 140
Trd, 4318751.843, 140
Trd, 4318752.093, 123
Trd, 4318752.593, 134
Trd, 4318754.743, 140
Trd, 4318755.893, 140
Trd, 4318756.093, 140
Trd, 4318756.993, 140
Trd, 4318757.143, 140
Trd, 4318757.343, 140
Trd, 4318758.793, 140
Trd, 4318758.893, 138
Trd, 4318760.843, 140
Trd, 4318761.143, 140
Trd, 4318762.593, 140
Trd, 4318762.743, 140
Trd, 4318762.843, 140
Trd, 4318762.943, 122
Trd, 4318763.543, 138
Trd, 4318764.193, 81
Trd, 4318765.993, 72
Trd, 4318766.293, 140
Trd, 4318766.493, 126
Trd, 4318767.243, 87
Trd, 4318768.793, 136
Trd, 4318768.993, 136
Trd, 4318769.993, 137
Trd, 4318770.593, 137
Trd, 4318771.493, 140
Trd, 4318771.793, 140
Trd, 4318771.893, 140
Trd, 4318772.143, 140
Trd, 4318772.343, 140
Trd, 4318772.793, 132
Trd, 4318773.093, 138
Trd, 4318773.443, 135
Trd, 4318774.693, 139
Trd, 4318775.293, 140
Trd, 4318775.893, 138
Trd, 4318776.843, 140
Trd, 4318777.043, 139
Trd, 4318777.443, 139
Trd, 4318778.093, 140
Trd, 4318779.993, 107
Trd, 4318780.543, 112
Trd, 4318781.893, 123
Trd, 4318782.093, 140
Trd, 4318782.393, 140
Trd, 4318786.193, 140
Trd, 4318786.343, 140
Trd, 4318786.543, 140
Trd, 4318787.543, 140
Trd, 4318787.643, 140
Trd, 4318787.843, 140
Trd, 4318789.693, 140
Trd, 4318790.443, 140
Trd, 4318790.493, 140
Trd, 4318790.793, 139
Trd, 4318792.193, 140
Trd, 4318793.093, 140
Trd, 4318793.493, 140
Trd, 4318794.443, 139
Trd, 4318794.943, 140
Trd, 4318796.093, 140
Trd, 4318797.293, 128
Trd, 4318797.393, 127
Trd, 4318797.943, 140
Trd, 4318800.143, 140
Trd, 4318800.343, 140
Trd, 4318800.593, 140
Trd, 4318802.093, 140
Trd, 4318803.243, 140
Trd, 4318803.593, 140
Trd, 4318804.143, 140
Trd, 4318805.293, 140
Trd, 4318805.543, 140
Trd, 4318805.943, 140
Trd, 4318806.543, 140
Trd, 4318807.493, 140
Trd, 4318807.893, 140
Trd, 4318808.243, 140
Trd, 4318808.893, 140
Trd, 4318811.293, 140
Trd, 4318811.493, 140
Trd, 4318812.593, 140
Trd, 4318812.843, 140
Trd, 4318812.943, 140
Trd, 4318813.243, 65
Trd, 4318814.593, 140
Trd, 4318816.793, 140
Trd, 4318817.543, 140
Trd, 4318817.593, 140
Trd, 4318818.243, 139
Trd, 4318818.543, 139
Trd, 4318819.643, 140
Trd, 4318819.693, 128
Trd, 4318820.093, 93
Trd, 4318821.093, 140
Trd, 4318821.693, 140
Trd, 4318821.793, 140
Trd, 4318824.843, 140
Trd, 4318825.643, 140
Trd, 4318825.893, 139
Trd, 4318825.943, 130
Trd, 4318826.093, 94
Trd, 4318827.993, 140
Trd, 4318829.393, 105
Trd, 4318829.643, 104
Trd, 4318830.443, 133
Trd, 4318831.193, 139
Trd, 4318831.493, 139
Trd, 4318831.993, 134
Trd, 4318833.493, 140
Trd, 4318833.993, 135
Trd, 4318835.343, 136
Trd, 4318835.393, 138
Trd, 4318835.893, 136
Trd, 4318836.343, 115
Trd, 4318836.843, 137
Trd, 4318838.043, 140
Trd, 4318838.743, 140
Trd, 4318838.843, 139
Trd, 4318838.943, 139
Trd, 4318839.393, 117
Trd, 4318840.793, 136
Trd, 4318841.493, 90
Trd, 4318842.493, 140
Trd, 4318843.393, 140
Trd, 4318843.993, 140
Trd, 4318844.493, 140
Trd, 4318845.693, 140
Trd, 4318845.743, 140
Trd, 4318845.793, 140
Trd, 4318848.493, 140
Trd, 4318849.143, 140
Trd, 4318849.443, 140
Trd, 4318849.593, 140
Trd, 4318849.693, 130
Trd, 4318850.293, 113
Trd, 4318851.593, 103
Trd, 4318853.993, 138
Trd, 4318854.393, 138
Trd, 4318854.593, 140
Trd, 4318854.893, 140
Trd, 4318855.243, 136
Trd, 4318856.193, 133
Trd, 4318856.693, 123
Trd, 4318859.093, 140
Trd, 4318859.743, 94
Trd, 4318860.043, 140
Trd, 4318860.593, 139
Trd, 4318860.743, 126
Trd, 4318862.693, 132
Trd, 4318862.943, 105
Trd, 4318863.193, 137
Trd, 4318863.693, 70
Trd, 4318863.793, 68
Trd, 4318864.593, 64
Trd, 4318865.993, 63
Trd, 4318866.143, 62
Trd, 4318866.393, 64
Trd, 4318866.593, 60
Trd, 4318868.293, 140
Trd, 4318868.643, 139
Trd, 4318869.293, 139
Trd, 4318869.643, 136
Trd, 4318870.693, 100
Trd, 4318871.143, 87
Trd, 4318871.393, 139
Trd, 4318871.993, 137
Trd, 4318872.143, 78
Trd, 4318872.693, 77
Trd, 4318875.093, 140
Trd, 4318875.493, 140
Trd, 4318875.793, 140
Trd, 4318875.893, 140
Trd, 4318876.293, 138
Trd, 4318876.493, 128
Trd, 4318877.193, 136
Trd, 4318877.443, 129
Trd, 4318878.043, 129
Trd, 4318879.143, 119
Trd, 4318880.193, 121
Trd, 4318880.243, 130
Trd, 4318881.843, 140
Trd, 4318882.143, 140
Trd, 4318882.993, 140
Trd, 4318883.693, 140
Trd, 4318884.043, 139
Trd, 4318884.743, 113
Trd, 4318886.443, 138
Trd, 4318887.493, 140
Trd, 4318887.643, 139
Trd, 4318887.693, 138
Trd, 4318888.593, 126
Trd, 4318889.643, 129
Trd, 4318890.593, 140
Trd, 4318890.693, 140
Trd, 4318891.593, 140
Trd, 4318891.643, 140
Trd, 4318892.293, 140
Trd, 4318892.593, 140
Trd, 4318893.643, 70
Trd, 4318893.743, 80
Trd, 4318894.843, 139
Trd, 4318895.193, 139
Trd, 4318897.343, 140
Trd, 4318897.643, 140
Trd, 4318897.843, 140
Trd, 4318898.143, 140
Trd, 4318898.843, 139
Trd, 4318899.293, 139
Trd, 4318900.093, 140
Trd, 4318902.143, 140
Trd, 4318902.293, 140
Trd, 4318903.543, 140
Trd, 4318904.093, 138
Trd, 4318905.193, 140
Trd, 4318906.193, 140
Trd, 4318907.943, 138
Trd, 4318908.193, 138
Trd, 4318908.393, 106
Trd, 4318909.193, 140
Trd, 4318909.893, 130
Trd, 4318910.743, 139
Trd, 4318911.443, 136
Trd, 4318911.693, 135
Trd, 4318911.743, 130
Trd, 4318912.443, 140
Trd, 4318913.643, 140
Trd, 4318914.293, 140
Trd, 4318914.393, 140
Trd, 4318915.093, 64
Trd, 4318915.543, 64
Trd, 4318916.693, 139
Trd, 4318916.743, 136
Trd, 4318917.393, 128
Trd, 4318918.593, 140
Trd, 4318919.593, 66
Trd, 4318919.793, 134
Trd, 4318921.893, 140
Trd, 4318922.193, 140
Trd, 4318923.493, 140
Trd, 4318923.843, 139
Trd, 4318925.543, 140
Trd, 4318925.693, 140
Trd, 4318926.043, 140
Trd, 4318926.843, 140
Trd, 4318929.093, 140
Trd, 4318929.543, 140
Trd, 4318929.793, 140
Trd, 4318930.593, 140
Trd, 4318930.793, 140
Trd, 4318932.543, 140
Trd, 4318934.693, 140
Trd, 4318935.193, 140
Trd, 4318936.693, 140
Trd, 4318936.743, 140
Trd, 4318937.493, 140
Trd, 4318937.793, 140
Trd, 4318938.343, 140
Trd, 4318939.243, 140
Trd, 4318939.593, 139
Trd, 4318939.693, 126
Trd, 4318939.743, 104
Trd, 4318940.243, 138
Trd, 4318941.043, 140
Trd, 4318942.443, 61
Trd, 4318943.893, 99
Trd, 4318943.993, 128
Trd, 4318945.293, 140
Trd, 4318945.343, 140
Trd, 4318945.543, 140
Trd, 4318946.393, 140
Trd, 4318946.993, 91
Trd, 4318948.243, 66
Trd, 4318949.443, 61
Trd, 4318950.143, 60
Trd, 4318950.593, 62
Trd, 4318950.993, 104
Trd, 4318951.193, 79
Trd, 4318952.043, 69
Trd, 4318952.993, 102
Trd, 4318953.693, 136
Trd, 4318953.843, 76
Trd, 4318954.343, 140
Trd, 4318954.643, 140
Trd, 4318954.993, 138
Trd, 4318955.743, 140
Trd, 4318956.793, 140
Trd, 4318957.093, 94
Trd, 4318957.343, 72
Trd, 4318957.843, 140
Trd, 4318958.593, 60
Trd, 4318959.293, 60
Trd, 4318960.193, 61
Trd, 4318960.393, 62
Trd, 4318962.243, 62
Trd, 4318962.293, 130
Trd, 4318963.843, 62
Trd, 4318964.593, 61
Trd, 4318966.743, 60
Trd, 4318967.543, 64
Trd, 4318968.043, 62
Trd, 4318968.293, 68
Trd, 4318969.893, 140
Trd, 4318970.043, 67
Trd, 4318971.093, 124
Trd, 4318971.293, 123
Trd, 4318971.443, 86
Trd, 4318971.693, 65
Trd, 4318972.443, 138
Trd, 4318973.843, 140
Trd, 4318974.093, 140
Trd, 4318975.843, 140
Trd, 4318976.193, 75
Trd, 4318977.243, 72
Trd, 4318977.593, 63
Trd, 4318978.393, 61
Trd, 4318978.493, 62
Trd, 4318978.793, 64
Trd, 4318979.993, 105
Trd, 4318980.593, 106
Trd, 4318981.193, 128
Trd, 4318981.243, 71
Trd, 4318982.643, 121
Trd, 4318983.043, 120
Trd, 4318984.043, 61
Trd, 4318984.343, 127
Trd, 4318984.643, 140
Trd, 4318985.093, 140
Trd, 4318985.993, 135
Trd, 4318987.843, 140
Trd, 4318988.093, 140
Trd, 4318989.093, 140
Trd, 4318990.143, 140
Trd, 4318990.193, 139
Trd, 4318990.243, 138
Trd, 4318990.893, 136
Trd, 4318991.043, 121
Trd, 4318994.243, 140
Trd, 4318994.743, 140
Trd, 4318994.943, 140
Trd, 4318995.543, 140
Trd, 4318996.193, 140
Trd, 4318996.893, 140
Trd, 4318997.393, 140
Trd, 4318998.343, 140
Trd, 4318998.643, 140
Trd, 4318999.443, 140
Trd, 4318999.843, 139
Trd, 4319002.243, 140
Trd, 4319002.343, 140
Trd, 4319002.643, 140
Trd, 4319003.393, 140
Trd, 4319005.043, 140
Trd, 4319005.643, 140
Trd, 4319006.543, 140
Trd, 4319006.943, 140
Trd, 4319008.093, 140
Trd, 4319008.443, 140
Trd, 4319009.143, 140
Trd, 4319010.043, 140
Trd, 4319010.493, 138
Trd, 4319011.943, 140
Trd, 4319012.243, 140
Trd, 4319012.793, 140
Trd, 4319012.843, 139
Trd, 4319015.393, 140
Trd, 4319015.443, 139
Trd, 4319017.493, 140
Trd, 4319018.343, 140
Trd, 4319018.643, 139
Trd, 4319018.693, 136
Trd, 4319020.093, 140
Trd, 4319020.693, 133
Trd, 4319021.043, 140
Trd, 4319021.193, 113
Trd, 4319021.343, 112
Trd, 4319022.993, 140
Trd, 4319023.343, 140
Trd, 4319023.693, 140
Trd, 4319024.743, 140
Trd, 4319025.343, 140
Trd, 4319025.743, 140
Trd, 4319026.643, 140
Trd, 4319027.043, 140
Trd, 4319027.293, 132
Trd, 4319028.143, 137
Trd, 4319029.593, 140
Trd, 4319030.093, 139
Trd, 4319030.143, 138
Trd, 4319030.893, 140
Trd, 4319031.093, 120
Trd, 4319031.993, 120
Trd, 4319032.393, 117
Trd, 4319033.243, 102
Trd, 4319033.343, 100
Trd, 4319034.643, 140
Trd, 4319035.243, 140
Trd, 4319035.843, 139
Trd, 4319036.093, 69
Trd, 4319037.743, 140
Trd, 4319038.893, 140
Trd, 4319039.093, 140
Trd, 4319040.493, 138
Trd, 4319041.443, 122
Trd, 4319041.493, 119
Trd, 4319041.643, 108
Trd, 4319043.143, 140
Trd, 4319043.293, 140
Trd, 4319043.393, 134
Trd, 4319045.843, 140
Trd, 4319046.193, 140
Trd, 4319046.443, 140
Trd, 4319046.793, 140
Trd, 4319046.893, 140
Trd, 4319047.143, 139
Trd, 4319048.643, 93
Trd, 4319048.943, 62
Trd, 4319049.393, 63
Trd, 4319050.543, 60
Trd, 4319051.493, 60
Trd, 4319052.243, 60
Trd, 4319053.693, 64
Trd, 4319053.993, 64
Trd, 4319055.193, 62
Trd, 4319055.393, 64
Trd, 4319056.493, 61
Trd, 4319057.693, 60
Trd, 4319058.643, 61
Trd, 4319059.543, 61
Trd, 4319060.093, 63
Trd, 4319061.093, 60
Trd, 4319061.493, 61
Trd, 4319061.843, 64
Trd, 4319062.143, 63
Trd, 4319062.493, 103
Trd, 4319062.743, 61
Trd, 4319062.893, 60
Trd, 4319063.293, 85
Trd, 4319063.693, 140
Trd, 4319065.543, 140
Trd, 4319065.743, 140
Trd, 4319066.593, 98
Trd, 4319067.743, 60
Trd, 4319068.943, 64
Trd, 4319069.243, 134
Trd, 4319069.943, 64
Trd, 4319070.343, 99
Trd, 4319071.143, 124
Trd, 4319071.293, 140
Trd, 4319071.943, 128
Trd, 4319071.993, 125
Trd, 4319072.093, 86
Trd, 4319073.793, 140
Trd, 4319074.493, 139
Trd, 4319075.293, 122
Trd, 4319076.343, 61
Trd, 4319076.693, 81
Trd, 4319079.443, 60
Trd, 4319081.043, 63
Trd, 4319082.093, 60
Trd, 4319082.143, 61
Trd, 4319082.543, 64
Trd, 4319082.593, 65
Trd, 4319083.693, 100
Trd, 4319083.843, 120
Trd, 4319084.393, 61
Trd, 4319085.093, 61
Trd, 4319085.243, 62
Trd, 4319086.293, 61
Trd, 4319088.643, 123
Trd, 4319089.043, 134
Trd, 4319089.393, 122
Trd, 4319089.793, 136
Trd, 4319090.293, 96
Trd, 4319090.843, 95
Trd, 4319091.593, 139
Trd, 4319091.943, 136
Trd, 4319092.193, 135
Trd, 4319094.643, 140
Trd, 4319095.343, 140
Trd, 4319095.493, 140
Trd, 4319095.543, 138
Trd, 4319096.943, 61
Trd, 4319097.793, 140
Trd, 4319098.143, 140
Trd, 4319098.243, 113
Trd, 4319099.943, 129
Trd, 4319100.543, 137
Trd, 4319101.093, 140
Trd, 4319101.393, 140
Trd, 4319101.593, 140
Trd, 4319102.493, 130
Trd, 4319102.743, 128
Trd, 4319103.493, 118
Trd, 4319104.393, 140
Trd, 4319105.143, 140
Trd, 4319105.743, 139
Trd, 4319106.343, 136
Trd, 4319106.993, 137
Trd, 4319108.043, 123
Trd, 4319108.843, 101
Trd, 4319108.993, 139
Trd, 4319109.643, 127
Trd, 4319110.093, 103
Trd, 4319110.493, 140
Trd, 4319111.343, 137
Trd, 4319112.393, 62
Trd, 4319112.593, 137
Trd, 4319112.993, 66
Trd, 4319114.143, 61
Trd, 4319114.743, 61
Trd, 4319115.093, 61
Trd, 4319115.393, 64
Trd, 4319116.093, 62
Trd, 4319116.543, 63
Trd, 4319117.093, 64
Trd, 4319119.343, 66
Trd, 4319119.843, 66
Trd, 4319120.143, 65
Trd, 4319120.893, 61
Trd, 4319120.943, 62
Trd, 4319122.093, 60
Trd, 4319123.143, 60
Trd, 4319123.193, 60
Trd, 4319123.393, 64
Trd, 4319123.743, 65
Trd, 4319123.793, 84
Trd, 4319124.343, 67
Trd, 4319125.293, 140
Trd, 4319125.443, 140
Trd, 4319127.293, 140
Trd, 4319128.343, 140
Trd, 4319128.993, 140
Trd, 4319129.593, 140
Trd, 4319130.543, 139
Trd, 4319130.743, 133
Trd, 4319132.693, 140
Trd, 4319133.743, 140
Trd, 4319133.793, 140
Trd, 4319136.393, 140
Trd, 4319136.493, 140
Trd, 4319137.443, 140
Trd, 4319137.793, 140
Trd, 4319138.543, 140
Trd, 4319138.843, 140
Trd, 4319139.193, 140
Trd, 4319139.793, 140
Trd, 4319141.143, 140
Trd, 4319141.543, 140
Trd, 4319143.593, 140
Trd, 4319143.943, 140
Trd, 4319144.143, 140
Trd, 4319144.543, 140
Trd, 4319144.843, 140
Trd, 4319145.643, 100
Trd, 4319145.743, 98
Trd, 4319145.793, 63
Trd, 4319149.043, 140
Trd, 4319149.143, 140
Trd, 4319150.293, 140
Trd, 4319150.693, 140
Trd, 4319150.743, 140
Trd, 4319152.343, 140
Trd, 4319152.393, 140
Trd, 4319153.543, 140
Trd, 4319154.043, 140
Trd, 4319154.293, 140
Trd, 4319154.743, 140
Trd, 4319155.143, 140
Trd, 4319155.443, 140
Trd, 4319155.893, 137
Trd, 4319157.893, 140
Trd, 4319158.093, 140
Trd, 4319158.643, 140
Trd, 4319161.343, 140
Trd, 4319161.643, 140
Trd, 4319161.843, 140
Trd, 4319162.043, 140
Trd, 4319162.693, 123
Trd, 4319163.743, 138
Trd, 4319164.043, 140
Trd, 4319164.793, 140
Trd, 4319166.193, 138
Trd, 4319166.993, 133
Trd, 4319168.343, 140
Trd, 4319168.593, 140
Trd, 4319169.343, 140
Trd, 4319170.293, 140
Trd, 4319171.093, 140
Trd, 4319171.493, 138
Trd, 4319172.943, 140
Trd, 4319173.843, 140
Trd, 4319174.443, 140
Trd, 4319174.643, 140
Trd, 4319175.293, 139
Trd, 4319175.993, 134
Trd, 4319176.443, 131
Trd, 4319176.643, 134
Trd, 4319177.093, 72
Trd, 4319177.243, 73
Trd, 4319178.393, 60
Trd, 4319180.243, 60
Trd, 4319180.343, 74
Trd, 4319181.843, 68
Trd, 4319182.893, 74
Trd, 4319182.943, 73
Trd, 4319183.193, 103
Trd, 4319184.343, 89
Trd, 4319184.443, 74
Trd, 4319185.143, 104
Trd, 4319185.443, 105
Trd, 4319185.793, 135
Trd, 4319188.093, 60
Trd, 4319188.943, 60
Trd, 4319189.843, 60
Trd, 4319190.293, 60
Trd, 4319190.493, 61
Trd, 4319191.043, 65
Trd, 4319191.443, 69
Trd, 4319191.543, 66
Trd, 4319191.843, 62
Trd, 4319193.643, 84
Trd, 4319193.743, 88
Trd, 4319195.143, 140
Trd, 4319195.193, 140
Trd, 4319195.743, 140
Trd, 4319196.493, 85
Trd, 4319196.643, 84
Trd, 4319197.393, 140
Trd, 4319198.793, 140
Trd, 4319198.843, 136
Trd, 4319198.943, 135
Trd, 4319200.393, 106
Trd, 4319200.843, 114
Trd, 4319201.493, 139
Trd, 4319202.693, 140
Trd, 4319203.243, 140
Trd, 4319204.193, 86
Trd, 4319205.043, 135
Trd, 4319205.093, 134
Trd, 4319206.993, 140
Trd, 4319208.243, 140
Trd, 4319209.443, 140
Trd, 4319210.143, 140
Trd, 4319210.243, 140
Trd, 4319210.293, 140
Trd, 4319210.393, 134
Trd, 4319211.743, 139
Trd, 4319212.393, 137
Trd, 4319212.893, 136
Trd, 4319213.093, 98
Trd, 4319213.543, 97
Trd, 4319214.793, 138
Trd, 4319215.893, 140
Trd, 4319216.093, 140
Trd, 4319216.193, 140
Trd, 4319216.493, 139
Trd, 4319217.943, 140
Trd, 4319218.393, 138
Trd, 4319218.693, 118
Trd, 4319219.393, 140
Trd, 4319220.893, 137
Trd, 4319221.993, 140
Trd, 4319223.493, 138
Trd, 4319224.093, 140
Trd, 4319224.493, 139
Trd, 4319224.843, 140
Trd, 4319225.143, 105
Trd, 4319225.293, 103
Trd, 4319226.043, 140
Trd, 4319227.343, 140
Trd, 4319228.543, 140
Trd, 4319229.143, 138
Trd, 4319229.943, 132
Trd, 4319230.043, 131
Trd, 4319230.643, 135
Trd, 4319230.843, 136
Trd, 4319232.193, 128
Trd, 4319233.793, 127
Trd, 4319234.143, 137
Trd, 4319235.293, 119
Trd, 4319235.443, 139
Trd, 4319235.543, 118
Trd, 4319236.343, 135
Trd, 4319236.743, 129
Trd, 4319237.343, 139
Trd, 4319238.643, 73
Trd, 4319238.693, 74
Trd, 4319240.093, 61
Trd, 4319240.643, 60
Trd, 4319240.743, 60
Trd, 4319241.193, 61
Trd, 4319242.143, 79
Trd, 4319242.593, 64
Trd, 4319244.043, 74
Trd, 4319244.143, 83
Trd, 4319244.493, 66
Trd, 4319244.543, 66
Trd, 4319244.893, 108
Trd, 4319245.193, 109
Trd, 4319245.993, 77
Trd, 4319247.293, 140
Trd, 4319247.593, 140
Trd, 4319248.643, 61
Trd, 4319249.943, 60
Trd, 4319250.843, 73
Trd, 4319250.993, 74
Trd, 4319251.343, 66
Trd, 4319251.443, 64
Trd, 4319251.493, 72
Trd, 4319251.743, 73
Trd, 4319253.443, 61
Trd, 4319255.243, 60
Trd, 4319255.743, 61
Trd, 4319255.793, 62
Trd, 4319256.243, 88
Trd, 4319256.993, 60
Trd, 4319257.143, 60
Trd, 4319257.393, 60
Trd, 4319258.343, 63
Trd, 4319259.043, 139
Trd, 4319260.193, 139
Trd, 4319261.643, 140
Trd, 4319261.693, 139
Trd, 4319261.743, 139
Trd, 4319262.543, 112
Trd, 4319262.893, 138
Trd, 4319264.893, 67
Trd, 4319265.143, 79
Trd, 4319266.043, 140
Trd, 4319266.193, 140
Trd, 4319266.793, 140
Trd, 4319266.993, 140
Trd, 4319267.293, 140
Trd, 4319267.543, 84
Trd, 4319269.943, 140
Trd, 4319271.193, 140
Trd, 4319271.943, 140
Trd, 4319272.743, 140
Trd, 4319272.843, 140
Trd, 4319273.993, 140
Trd, 4319274.493, 140
Trd, 4319274.743, 140
Trd, 4319274.843, 139
Trd, 4319275.443, 121
Trd, 4319277.243, 140
Trd, 4319278.243, 140
Trd, 4319279.593, 120
Trd, 4319279.893, 137
Trd, 4319281.093, 140
Trd, 4319281.443, 139
Trd, 4319281.593, 140
Trd, 4319282.293, 79
Trd, 4319283.443, 139
Trd, 4319283.943, 139
Trd, 4319284.743, 72
Trd, 4319285.043, 71
Trd, 4319286.543, 140
Trd, 4319286.943, 123
Trd, 4319288.243, 130
Trd, 4319289.043, 137
Trd, 4319289.093, 94
Trd, 4319289.293, 93
Trd, 4319290.143, 111
Trd, 4319292.093, 140
Trd, 4319292.343, 140
Trd, 4319292.943, 140
Trd, 4319293.143, 140
Trd, 4319293.593, 140
Trd, 4319294.993, 140
Trd, 4319295.343, 140
Trd, 4319296.343, 140
Trd, 4319297.943, 140
Trd, 4319299.393, 140
Trd, 4319299.593, 140
Trd, 4319299.793, 140
Trd, 4319300.943, 140
Trd, 4319301.493, 140
Trd, 4319301.743, 140
Trd, 4319301.793, 139
Trd, 4319302.693, 140
Trd, 4319303.743, 140
Trd, 4319304.643, 130
Trd, 4319305.093, 140
Trd, 4319305.693, 123
Trd, 4319306.443, 140
Trd, 4319306.493, 140
Trd, 4319306.893, 139
Trd, 4319307.193, 74
Trd, 4319309.343, 63
Trd, 4319310.243, 131
Trd, 4319311.043, 140
Trd, 4319311.743, 140
Trd, 4319312.193, 140
Trd, 4319312.293, 140
Trd, 4319312.593, 94
Trd, 4319315.043, 140
Trd, 4319315.243, 140
Trd, 4319316.093, 140
Trd, 4319317.143, 140
Trd, 4319317.343, 139
Trd, 4319318.493, 134
Trd, 4319319.393, 138
Trd, 4319319.443, 137
Trd, 4319320.393, 63
Trd, 4319320.643, 65
Trd, 4319321.093, 66
Trd, 4319321.343, 139
Trd, 4319321.643, 92
Trd, 4319322.843, 61
Trd, 4319322.893, 140
Trd, 4319323.693, 62
Trd, 4319324.793, 61
Trd, 4319325.693, 60
Trd, 4319325.843, 61
Trd, 4319326.543, 140
Trd, 4319326.843, 71
Trd, 4319327.093, 69
Trd, 4319327.843, 138
Trd, 4319329.193, 140
Trd, 4319330.543, 140
Trd, 4319330.993, 140
Trd, 4319331.443, 140
Trd, 4319331.943, 136
Trd, 4319332.843, 140
Trd, 4319333.393, 140
Trd, 4319333.943, 128
Trd, 4319334.543, 140
Trd, 4319334.743, 140
Trd, 4319335.543, 113
Trd, 4319336.093, 140
Trd, 4319336.843, 140
Trd, 4319337.693, 140
Trd, 4319338.243, 101
Trd, 4319340.243, 138
Trd, 4319340.493, 137
Trd, 4319341.543, 140
Trd, 4319342.793, 139
Trd, 4319343.143, 122
Trd, 4319343.293, 131
Trd, 4319343.993, 135
Trd, 4319345.443, 106
Trd, 4319346.193, 60
Trd, 4319347.293, 60
Trd, 4319347.393, 60
Trd, 4319347.593, 60
Trd, 4319348.693, 60
Trd, 4319349.093, 63
Trd, 4319349.943, 67
Trd, 4319351.143, 66
Trd, 4319351.193, 65
Trd, 4319352.643, 60
Trd, 4319352.893, 61
Trd, 4319352.943, 61
Trd, 4319353.593, 66
Trd, 4319356.043, 140
Trd, 4319356.143, 140
Trd, 4319356.193, 140
Trd, 4319356.843, 139
Trd, 4319356.993, 123
Trd, 4319357.243, 105
Trd, 4319357.393, 140
Trd, 4319359.393, 140
Trd, 4319359.743, 140
Trd, 4319361.143, 140
Trd, 4319361.743, 140
Trd, 4319362.243, 140
Trd, 4319363.193, 140
Trd, 4319364.593, 140
Trd, 4319364.943, 140
Trd, 4319365.843, 140
Trd, 4319366.193, 140
Trd, 4319366.293, 140
Trd, 4319366.543, 140
Trd, 4319367.593, 123
Trd, 4319368.043, 99
Trd, 4319369.243, 128
Trd, 4319369.643, 93
Trd, 4319370.043, 79
Trd, 4319370.943, 140
Trd, 4319371.643, 140
Trd, 4319372.443, 140
Trd, 4319373.393, 140
Trd, 4319374.943, 140
Trd, 4319376.743, 140
Trd, 4319377.243, 140
Trd, 4319377.493, 140
Trd, 4319378.243, 140
Trd, 4319378.493, 140
Trd, 4319378.743, 140
Trd, 4319379.093, 140
Trd, 4319381.043, 140
Trd, 4319381.243, 140
Trd, 4319382.993, 140
Trd, 4319383.393, 140
Trd, 4319384.093, 140
Trd, 4319384.743, 140
Trd, 4319385.243, 137
Trd, 4319385.743, 132
Trd, 4319386.643, 137
Trd, 4319386.743, 136
Trd, 4319387.143, 140
Trd, 4319388.243, 138
Trd, 4319388.893, 73
Trd, 4319389.843, 140
Trd, 4319391.143, 140
Trd, 4319391.443, 139
Trd, 4319391.843, 140
Trd, 4319393.593, 118
Trd, 4319395.043, 140
Trd, 4319395.293, 140
Trd, 4319395.443, 137
Trd, 4319395.593, 101
Trd, 4319395.893, 101
Trd, 4319396.043, 138
Trd, 4319396.293, 140
Trd, 4319398.943, 129
Trd, 4319399.893, 69
Trd, 4319400.693, 112
Trd, 4319400.943, 68
Trd, 4319401.293, 77
Trd, 4319402.543, 140
Trd, 4319403.143, 140
Trd, 4319403.443, 139
Trd, 4319403.893, 137
Trd, 4319404.643, 140
Trd, 4319404.843, 140
Trd, 4319405.193, 64
Trd, 4319407.143, 62
Trd, 4319407.193, 62
Trd, 4319407.893, 66
Trd, 4319408.793, 62
Trd, 4319409.143, 64
Trd, 4319409.543, 138
Trd, 4319411.393, 66
Trd, 4319411.693, 63
Trd, 4319412.043, 62
Trd, 4319412.543, 64
Trd, 4319413.693, 64
Trd, 4319414.093, 64
Trd, 4319414.293, 61
Trd, 4319416.143, 65
Trd, 4319417.643, 61
Trd, 4319417.843, 69
Trd, 4319418.243, 124
Trd, 4319418.393, 118
Trd, 4319418.543, 117
Trd, 4319419.943, 60
Trd, 4319421.093, 61
Trd, 4319421.893, 134
Trd, 4319422.193, 133
Trd, 4319422.693, 132
Trd, 4319422.943, 89
Trd, 4319424.943, 60
Trd, 4319424.993, 62
Trd, 4319425.593, 60
Trd, 4319425.643, 62
Trd, 4319426.643, 63
Trd, 4319427.693, 97
Trd, 4319428.443, 124
Trd, 4319429.993, 140
Trd, 4319430.093, 102
Trd, 4319430.343, 140
Trd, 4319430.843, 100
Trd, 4319432.793, 140
Trd, 4319433.743, 140
Trd, 4319434.143, 140
Trd, 4319434.293, 140
Trd, 4319434.893, 134
Trd, 4319435.693, 140
Trd, 4319437.093, 140
Trd, 4319437.443, 140
Trd, 4319437.743, 140
Trd, 4319438.043, 137
Trd, 4319438.393, 124
Trd, 4319438.593, 140
Trd, 4319440.493, 140
Trd, 4319441.293, 140
Trd, 4319441.443, 139
Trd, 4319441.893, 137
Trd, 4319442.443, 71
Trd, 4319443.593, 140
Trd, 4319444.193, 140
Trd, 4319445.493, 139
Trd, 4319445.643, 107
Trd, 4319447.743, 138
Trd, 4319448.243, 140
Trd, 4319448.743, 140
Trd, 4319448.793, 140
Trd, 4319449.493, 140
Trd, 4319450.243, 140
Trd, 4319451.593, 140
Trd, 4319452.043, 140
Trd, 4319452.093, 139
Trd, 4319453.093, 140
Trd, 4319454.193, 140
Trd, 4319455.793, 140
Trd, 4319456.143, 140
Trd, 4319457.193, 140
Trd, 4319457.243, 140
Trd, 4319457.693, 140
Trd, 4319457.893, 140
Trd, 4319457.993, 140
Trd, 4319458.393, 140
Trd, 4319459.543, 140
Trd, 4319459.893, 140
Trd, 4319461.293, 140
Trd, 4319461.743, 140
Trd, 4319462.993, 140
Trd, 4319463.443, 140
Trd, 4319463.893, 140
Trd, 4319464.393, 124
Trd, 4319465.043, 140
Trd, 4319466.043, 139
Trd, 4319466.493, 124
Trd, 4319467.443, 125
Trd, 4319468.043, 127
Trd, 4319468.643, 132
Trd, 4319469.243, 130
Trd, 4319469.593, 127
Trd, 4319471.743, 140
Trd, 4319471.993, 140
Trd, 4319472.043, 140
Trd, 4319473.493, 126
Trd, 4319474.543, 140
Trd, 4319475.443, 140
Trd, 4319476.143, 138
Trd, 4319476.593, 136
Trd, 4319477.643, 64
Trd, 4319478.243, 96
Trd, 4319479.143, 140
Trd, 4319479.993, 140
Trd, 4319480.093, 140
Trd, 4319481.293, 140
Trd, 4319481.643, 140
Trd, 4319482.693, 91
Trd, 4319484.193, 140
Trd, 4319484.393, 140
Trd, 4319484.943, 140
Trd, 4319485.793, 140
Trd, 4319486.593, 140
Trd, 4319486.993, 140
Trd, 4319487.593, 140
Trd, 4319488.193, 140
Trd, 4319488.343, 138
Trd, 4319489.843, 89
Trd, 4319490.443, 88
Trd, 4319490.743, 120
Trd, 4319491.843, 139
Trd, 4319491.943, 138
Trd, 4319492.043, 103
Trd, 4319493.893, 140
Trd, 4319494.043, 139
Trd, 4319495.343, 140
Trd, 4319495.693, 139
Trd, 4319495.943, 105
Trd, 4319497.243, 140
Trd, 4319497.993, 140
Trd, 4319498.043, 140
Trd, 4319498.493, 137
Trd, 4319498.943, 135
Trd, 4319499.093, 126
Trd, 4319500.043, 139
Trd, 4319500.243, 95
Trd, 4319502.243, 60
Trd, 4319502.543, 60
Trd, 4319503.993, 69
Trd, 4319504.493, 63
Trd, 4319504.943, 140
Trd, 4319505.893, 65
Trd, 4319506.243, 67
Trd, 4319506.893, 68
Trd, 4319507.743, 67
Trd, 4319508.243, 78
Trd, 4319508.893, 97
Trd, 4319510.143, 60
Trd, 4319510.243, 62
Trd, 4319510.543, 60
Trd, 4319510.693, 63
Trd, 4319511.793, 96
Trd, 4319512.693, 60
Trd, 4319512.843, 60
Trd, 4319513.343, 63
Trd, 4319513.543, 97
Trd, 4319514.543, 61
Trd, 4319515.493, 140
Trd, 4319517.043, 140
Trd, 4319517.893, 140
Trd, 4319518.843, 140
Trd, 4319519.293, 140
Trd, 4319519.393, 140
Trd, 4319519.693, 140
Trd, 4319520.293, 140
Trd, 4319521.893, 140
Trd, 4319521.993, 140
Trd, 4319522.243, 138
Trd, 4319522.293, 135
Trd, 4319523.843, 119
Trd, 4319524.243, 101
Trd, 4319524.893, 140
Trd, 4319525.443, 140
Trd, 4319525.643, 139
Trd, 4319527.043, 70
Trd, 4319529.143, 61
Trd, 4319530.093, 60
Trd, 4319530.293, 60
Trd, 4319530.443, 61
Trd, 4319530.693, 63
Trd, 4319532.093, 140
Trd, 4319532.843, 139
Trd, 4319533.643, 140
Trd, 4319533.793, 138
Trd, 4319534.143, 128
Trd, 4319535.043, 100
Trd, 4319535.543, 72
Trd, 4319538.293, 140
Trd, 4319538.443, 139
Trd, 4319538.693, 131
Trd, 4319539.093, 92
Trd, 4319539.393, 123
Trd, 4319540.393, 60
Trd, 4319541.393, 60
Trd, 4319542.143, 60
Trd, 4319543.143, 60
Trd, 4319543.543, 69
Trd, 4319544.093, 79
Trd, 4319544.693, 103
Trd, 4319545.493, 139
Trd, 4319546.343, 140
Trd, 4319548.043, 140
Trd, 4319549.493, 140
Trd, 4319550.893, 140
Trd, 4319551.143, 140
Trd, 4319551.743, 139
Trd, 4319553.043, 140
Trd, 4319553.143, 140
Trd, 4319553.193, 140
Trd, 4319553.243, 129
Trd, 4319553.743, 126
Trd, 4319554.793, 140
Trd, 4319555.043, 70
Trd, 4319556.193, 137
Trd, 4319556.943, 140
Trd, 4319557.043, 139
Trd, 4319557.443, 136
Trd, 4319558.143, 104
Trd, 4319558.793, 100
Trd, 4319559.593, 139
Trd, 4319559.893, 138
Trd, 4319560.093, 125
Trd, 4319561.343, 132
Trd, 4319562.143, 111
Trd, 4319562.893, 101
Trd, 4319562.943, 99
Trd, 4319563.843, 111
Trd, 4319565.693, 60
Trd, 4319566.043, 60
Trd, 4319566.143, 130
Trd, 4319566.693, 63
Trd, 4319568.893, 122
Trd, 4319569.293, 123
Trd, 4319569.943, 140
Trd, 4319570.043, 138
Trd, 4319571.343, 138
Trd, 4319572.143, 140
Trd, 4319572.343, 140
Trd, 4319572.793, 137
Trd, 4319573.843, 139
Trd, 4319574.293, 61
Trd, 4319574.543, 62
Trd, 4319575.043, 72
Trd, 4319575.743, 113
Trd, 4319576.743, 60
Trd, 4319577.343, 61
Trd, 4319578.843, 128
Trd, 4319579.243, 138
Trd, 4319579.343, 137
Trd, 4319580.243, 116
Trd, 4319580.993, 136
Trd, 4319581.643, 140
Trd, 4319582.293, 140
Trd, 4319582.793, 140
Trd, 4319583.093, 140
Trd, 4319583.993, 138
Trd, 4319585.443, 61
Trd, 4319585.993, 62
Trd, 4319586.343, 63
Trd, 4319586.493, 62
Trd, 4319587.093, 63
Trd, 4319588.143, 65
Trd, 4319588.193, 66
Trd, 4319588.443, 125
Trd, 4319590.393, 61
Trd, 4319590.493, 63
Trd, 4319591.043, 79
Trd, 4319591.893, 64
Trd, 4319593.593, 66
Trd, 4319594.643, 140
Trd, 4319594.943, 96
Trd, 4319595.243, 95
Trd, 4319595.693, 96
Trd, 4319596.293, 97
Trd, 4319596.543, 111
Trd, 4319596.693, 94
Trd, 4319598.093, 119
Trd, 4319598.143, 120
Trd, 4319598.493, 100
Trd, 4319598.893, 108
Trd, 4319599.543, 60
Trd, 4319601.643, 60
Trd, 4319602.193, 63
Trd, 4319602.243, 64
Trd, 4319603.043, 98
Trd, 4319603.193, 65
Trd, 4319603.693, 99
Trd, 4319604.193, 68
Trd, 4319604.493, 91
Trd, 4319606.093, 140
Trd, 4319606.543, 140
Trd, 4319606.593, 138
Trd, 4319607.143, 140
Trd, 4319608.043, 115
Trd, 4319608.943, 137
Trd, 4319609.543, 140
Trd, 4319609.743, 139
Trd, 4319610.493, 64
Trd, 4319612.493, 140
Trd, 4319613.893, 140
Trd, 4319613.993, 140
Trd, 4319614.843, 140
Trd, 4319615.743, 140
Trd, 4319615.893, 140
Trd, 4319616.643, 140
Trd, 4319616.993, 139
Trd, 4319618.493, 140
Trd, 4319619.443, 139
Trd, 4319619.493, 139
Trd, 4319620.293, 140
Trd, 4319620.743, 140
Trd, 4319621.743, 139
Trd, 4319622.393, 138
Trd, 4319622.893, 136
Trd, 4319623.043, 113
Trd, 4319623.493, 138
Trd, 4319624.143, 113
Trd, 4319624.943, 60
Trd, 4319625.793, 63
Trd, 4319626.043, 64
Trd, 4319626.443, 62
Trd, 4319627.243, 132
Trd, 4319627.743, 121
Trd, 4319628.343, 140
Trd, 4319628.893, 95
Trd, 4319630.293, 134
Trd, 4319631.193, 138
Trd, 4319631.393, 137
Trd, 4319633.293, 139
Trd, 4319633.693, 130
Trd, 4319633.893, 112
Trd, 4319634.743, 140
Trd, 4319635.193, 140
Trd, 4319635.643, 140
Trd, 4319637.093, 140
Trd, 4319637.893, 140
Trd, 4319638.193, 140
Trd, 4319638.843, 140
Trd, 4319639.743, 140
Trd, 4319639.893, 122
Trd, 4319641.493, 140
Trd, 4319642.093, 140
Trd, 4319643.043, 140
Trd, 4319643.243, 140
Trd, 4319643.793, 140
Trd, 4319644.343, 130
Trd, 4319644.993, 139
Trd, 4319645.593, 130
Trd, 4319647.243, 139
Trd, 4319647.493, 137
Trd, 4319648.743, 140
Trd, 4319649.243, 140
Trd, 4319649.543, 139
Trd, 4319649.793, 139
Trd, 4319650.843, 104
Trd, 4319652.043, 60
Trd, 4319652.593, 61
Trd, 4319652.743, 63
Trd, 4319653.543, 140
Trd, 4319654.193, 66
Trd, 4319654.693, 71
Trd, 4319656.493, 140
Trd, 4319657.593, 140
Trd, 4319658.393, 140
Trd, 4319658.443, 140
Trd, 4319658.943, 138
Trd, 4319659.793, 138
Trd, 4319660.543, 110
Trd, 4319662.693, 140
Trd, 4319662.893, 140
Trd, 4319663.093, 61
Trd, 4319663.493, 62
Trd, 4319663.593, 63
Trd, 4319665.193, 99
Trd, 4319665.493, 63
Trd, 4319667.493, 140
Trd, 4319667.543, 140
Trd, 4319668.943, 140
Trd, 4319669.343, 140
Trd, 4319670.693, 140
Trd, 4319670.993, 140
Trd, 4319671.793, 140
Trd, 4319672.243, 140
Trd, 4319672.393, 138
Trd, 4319674.293, 140
Trd, 4319675.143, 140
Trd, 4319675.343, 140
Trd, 4319675.593, 140
Trd, 4319675.643, 119
Trd, 4319676.143, 138
Trd, 4319676.343, 126
Trd, 4319677.993, 61
Trd, 4319678.243, 63
Trd, 4319678.843, 65
Trd, 4319679.093, 66
Trd, 4319680.543, 60
Trd, 4319680.993, 83
Trd, 4319682.743, 60
Trd, 4319682.793, 61
Trd, 4319683.093, 62
Trd, 4319683.693, 62
Trd, 4319683.793, 64
Trd, 4319684.393, 69
Trd, 4319684.993, 140
Trd, 4319685.443, 140
Trd, 4319686.993, 138
Trd, 4319687.743, 140
Trd, 4319690.293, 140
Trd, 4319690.443, 140
Trd, 4319690.543, 140
Trd, 4319691.143, 139
Trd, 4319692.643, 140
Trd, 4319693.093, 140
Trd, 4319693.743, 140
Trd, 4319694.493, 140
Trd, 4319694.793, 140
Trd, 4319694.993, 139
Trd, 4319695.343, 139
Trd, 4319696.893, 140
Trd, 4319698.543, 140
Trd, 4319698.843, 140
Trd, 4319699.593, 140
Trd, 4319699.943, 140
Trd, 4319700.443, 139
Trd, 4319701.243, 120
Trd, 4319701.693, 100
Trd, 4319702.643, 131
Trd, 4319703.493, 88
Trd, 4319704.993, 140
Trd, 4319705.843, 140
Trd, 4319708.443, 140
Trd, 4319708.543, 140
Trd, 4319708.843, 140
Trd, 4319708.943, 140
Trd, 4319709.793, 140
Trd, 4319710.043, 136
Trd, 4319710.993, 105
Trd, 4319711.493, 64
Trd, 4319712.193, 69
Trd, 4319712.643, 139
Trd, 4319713.593, 63
Trd, 4319713.943, 63
Trd, 4319714.293, 64
Trd, 4319715.793, 117
Trd, 4319716.043, 116
Trd, 4319716.293, 121
Trd, 4319717.993, 63
Trd, 4319718.193, 60
Trd, 4319718.943, 60
Trd, 4319720.043, 66
Trd, 4319720.093, 68
Trd, 4319721.393, 108
Trd, 4319721.643, 64
Trd, 4319722.243, 66
Trd, 4319722.643, 66
Trd, 4319722.793, 67
Trd, 4319724.193, 60
Trd, 4319724.343, 60
Trd, 4319725.893, 66
Trd, 4319726.393, 120
Trd, 4319727.493, 60
Trd, 4319727.893, 86
Trd, 4319729.343, 60
Trd, 4319729.743, 60
Trd, 4319730.093, 60
Trd, 4319730.343, 60
Trd, 4319731.043, 129
Trd, 4319731.493, 61
Trd, 4319731.693, 90
Trd, 4319731.993, 61
Trd, 4319732.543, 78
Trd, 4319733.243, 63
Trd, 4319734.393, 122
Trd, 4319734.443, 128
Trd, 4319734.543, 121
Trd, 4319736.793, 62
Trd, 4319738.493, 60
Trd, 4319738.543, 61
Trd, 4319738.743, 62
Trd, 4319739.343, 73
Trd, 4319740.993, 140
Trd, 4319741.293, 140
Trd, 4319741.693, 140
Trd, 4319741.743, 140
Trd, 4319742.993, 138
Trd, 4319744.093, 140
Trd, 4319744.393, 139
Trd, 4319744.993, 140
Trd, 4319745.443, 132
Trd, 4319746.093, 140
Trd, 4319746.843, 132
Trd, 4319746.993, 126
Trd, 4319748.693, 136
Trd, 4319748.943, 135
Trd, 4319750.243, 61
Trd, 4319750.593, 62
Trd, 4319751.293, 66
Trd, 4319751.993, 60
Trd, 4319752.243, 60
Trd, 4319754.093, 62
Trd, 4319754.193, 68
Trd, 4319754.393, 126
Trd, 4319754.593, 61
Trd, 4319754.843, 60
Trd, 4319755.093, 66
Trd, 4319756.693, 128
Trd, 4319758.093, 74
Trd, 4319758.293, 78
Trd, 4319758.443, 60
Trd, 4319758.993, 63
Trd, 4319760.693, 112
Trd, 4319760.743, 111
Trd, 4319760.993, 61
Trd, 4319763.143, 60
Trd, 4319764.193, 60
Trd, 4319764.893, 61
Trd, 4319765.043, 66
Trd, 4319765.293, 139
Trd, 4319766.193, 61
Trd, 4319767.743, 60
Trd, 4319769.193, 60
Trd, 4319769.743, 60
Trd, 4319770.393, 62
Trd, 4319770.543, 63
Trd, 4319771.193, 64
Trd, 4319771.793, 61
Trd, 4319772.543, 63
Trd, 4319773.493, 67
Trd, 4319773.743, 70
Trd, 4319774.593, 66
Trd, 4319774.943, 65
Trd, 4319774.993, 63
Trd, 4319775.093, 79
Trd, 4319775.793, 61
Trd, 4319777.793, 62
Trd, 4319778.543, 60
Trd, 4319779.193, 62
Trd, 4319779.343, 63
Trd, 4319779.693, 106
Trd, 4319780.193, 136
Trd, 4319781.243, 140
Trd, 4319781.543, 140
Trd, 4319781.593, 139
Trd, 4319783.093, 140
Trd, 4319784.093, 140
Trd, 4319784.493, 140
Trd, 4319784.743, 140
Trd, 4319785.643, 140
Trd, 4319785.993, 140
Trd, 4319786.543, 140
Trd, 4319787.993, 140
Trd, 4319788.843, 140
Trd, 4319789.443, 139
Trd, 4319790.143, 140
Trd, 4319790.643, 140
Trd, 4319790.993, 131
Trd, 4319791.493, 121
Trd, 4319791.593, 119
Trd, 4319792.893, 140
Trd, 4319793.843, 140
Trd, 4319794.343, 140
Trd, 4319795.343, 140
Trd, 4319795.593, 140
Trd, 4319796.093, 140
Trd, 4319796.693, 139
Trd, 4319797.193, 134
Trd, 4319797.993, 63
Trd, 4319798.543, 62
Trd, 4319799.243, 60
Trd, 4319799.843, 61
Trd, 4319800.543, 60
Trd, 4319800.743, 60
Trd, 4319801.143, 60
Trd, 4319801.393, 65
Trd, 4319802.243, 64
Trd, 4319802.443, 110
Trd, 4319802.643, 65
Trd, 4319804.493, 60
Trd, 4319805.643, 60
Trd, 4319807.343, 60
Trd, 4319807.543, 61
Trd, 4319809.193, 60
Trd, 4319810.293, 60
Trd, 4319810.943, 60
Trd, 4319811.643, 60
Trd, 4319812.643, 61
Trd, 4319812.693, 62
Trd, 4319813.443, 60
Trd, 4319814.143, 63
Trd, 4319814.293, 64
Trd, 4319815.993, 131
Trd, 4319816.743, 118
Trd, 4319816.893, 117
Trd, 4319816.993, 88
Trd, 4319817.493, 66
Trd, 4319818.193, 62
Trd, 4319818.543, 64
Trd, 4319820.093, 64
Trd, 4319820.393, 66
Trd, 4319821.043, 62
Trd, 4319821.493, 64
Trd, 4319823.143, 60
Trd, 4319825.143, 60
Trd, 4319825.493, 61
Trd, 4319826.893, 61
Trd, 4319827.043, 60
Trd, 4319827.343, 68
Trd, 4319827.943, 61
Trd, 4319829.143, 129
Trd, 4319831.393, 60
Trd, 4319831.593, 61
Trd, 4319832.043, 67
Trd, 4319832.743, 67
Trd, 4319833.743, 70
Trd, 4319833.893, 66
Trd, 4319835.043, 60
Trd, 4319835.893, 60
Trd, 4319836.543, 61
Trd, 4319837.243, 66
Trd, 4319837.543, 68
Trd, 4319839.193, 60
Trd, 4319839.493, 66
Trd, 4319839.843, 106
Trd, 4319840.793, 140
Trd, 4319841.243, 140
Trd, 4319843.043, 140
Trd, 4319844.943, 140
Trd, 4319844.993, 140
Trd, 4319846.043, 140
Trd, 4319846.393, 140
Trd, 4319846.893, 140
Trd, 4319847.593, 140
Trd, 4319848.193, 140
Trd, 4319848.993, 140
Trd, 4319850.493, 140
Trd, 4319850.593, 140
Trd, 4319852.143, 140
Trd, 4319852.693, 140
Trd, 4319854.093, 140
Trd, 4319854.143, 140
Trd, 4319854.693, 140
Trd, 4319855.043, 139
Trd, 4319855.093, 138
Trd, 4319855.343, 103
Trd, 4319856.243, 140
Trd, 4319856.493, 140
Trd, 4319856.543, 140
Trd, 4319857.043, 60
Trd, 4319857.893, 138
Trd, 4319858.093, 139
Trd, 4319859.543, 139
Trd, 4319860.093, 125
Trd, 4319860.143, 112
Trd, 4319860.593, 94
Trd, 4319861.643, 92
Trd, 4319863.443, 140
Trd, 4319863.943, 140
Trd, 4319864.743, 140
Trd, 4319865.193, 140
Trd, 4319865.243, 129
Trd, 4319865.843, 138
Trd, 4319867.143, 137
Trd, 4319867.493, 140
Trd, 4319870.093, 140
Trd, 4319870.593, 140
Trd, 4319870.743, 140
Trd, 4319871.043, 139
Trd, 4319871.793, 140
Trd, 4319872.643, 140
Trd, 4319873.793, 133
Trd, 4319874.343, 66
Trd, 4319876.293, 75
Trd, 4319876.493, 85
Trd, 4319877.243, 91
Trd, 4319877.293, 76
Trd, 4319878.243, 80
Trd, 4319878.343, 90
Trd, 4319878.543, 81
Trd, 4319878.743, 140
Trd, 4319879.693, 138
Trd, 4319880.793, 140
Trd, 4319881.243, 137
Trd, 4319881.993, 70
Trd, 4319882.393, 127
Trd, 4319882.793, 91
Trd, 4319884.393, 115
Trd, 4319884.443, 117
Trd, 4319884.993, 95
Trd, 4319887.443, 62
Trd, 4319887.693, 62
Trd, 4319887.843, 62
Trd, 4319887.893, 77
Trd, 4319888.193, 61
Trd, 4319889.043, 60
Trd, 4319889.993, 60
Trd, 4319890.793, 60
Trd, 4319891.593, 61
Trd, 4319892.743, 60
Trd, 4319893.943, 60
Trd, 4319894.243, 60
Trd, 4319894.693, 67
Trd, 4319895.343, 60
Trd, 4319895.993, 60
Trd, 4319896.393, 60
Trd, 4319896.643, 74
Trd, 4319898.243, 60
Trd, 4319899.893, 66
Trd, 4319900.593, 72
Trd, 4319900.643, 85
Trd, 4319901.043, 64
Trd, 4319901.743, 85
Trd, 4319902.443, 85
Trd, 4319902.843, 60
Trd, 4319903.343, 61
Trd, 4319904.143, 132
Trd, 4319905.343, 65
Trd, 4319905.943, 64
Trd, 4319906.493, 64
Trd, 4319906.943, 67
Trd, 4319907.643, 65
Trd, 4319907.793, 64
Trd, 4319908.193, 68
Trd, 4319908.693, 69
Trd, 4319908.843, 67
Trd, 4319909.043, 64
Trd, 4319910.293, 60
Trd, 4319911.193, 60
Trd, 4319911.643, 139
Trd, 4319912.293, 69
Trd, 4319912.443, 77
Trd, 4319913.493, 87
Trd, 4319915.793, 83
Trd, 4319916.543, 123
Trd, 4319916.593, 134
Trd, 4319916.693, 129
Trd, 4319918.193, 125
Trd, 4319918.943, 140
Trd, 4319919.593, 140
Trd, 4319919.693, 140
Trd, 4319920.993, 134
Trd, 4319922.443, 136
Trd, 4319923.093, 138
Trd, 4319923.693, 139
Trd, 4319923.793, 136
Trd, 4319924.293, 135
Trd, 4319925.343, 140
Trd, 4319926.693, 140
Trd, 4319927.593, 140
Trd, 4319927.843, 140
Trd, 4319929.293, 140
Trd, 4319930.293, 140
Trd, 4319930.643, 137
Trd, 4319930.843, 120
Trd, 4319932.493, 140
Trd, 4319932.643, 140
Trd, 4319932.893, 140
Trd, 4319933.543, 140
Trd, 4319933.743, 139
Trd, 4319936.493, 139
Trd, 4319937.143, 139
Trd, 4319938.043, 140
Trd, 4319938.993, 140
Trd, 4319939.243, 139
Trd, 4319939.943, 139
Trd, 4319940.793, 140
Trd, 4319940.893, 140
Trd, 4319941.343, 131
Trd, 4319941.693, 65
Trd, 4319942.093, 64
Trd, 4319942.943, 88
Trd, 4319944.543, 139
Trd, 4319944.993, 139
Trd, 4319946.243, 101
Trd, 4319947.143, 139
Trd, 4319948.093, 136
Trd, 4319948.543, 136
Trd, 4319948.893, 135
Trd, 4319949.543, 139
Trd, 4319950.093, 65
Trd, 4319950.793, 67
Trd, 4319951.293, 66
Trd, 4319951.493, 90
Trd, 4319952.293, 140
Trd, 4319952.943, 79
Trd, 4319953.943, 140
Trd, 4319955.193, 140
Trd, 4319955.843, 137
Trd, 4319956.493, 119
Trd, 4319956.593, 118
Trd, 4319957.743, 73
Trd, 4319958.243, 87
Trd, 4319958.493, 89
Trd, 4319958.843, 75
Trd, 4319959.693, 62
Trd, 4319960.243, 60
Trd, 4319962.143, 60
Trd, 4319962.843, 65
Trd, 4319962.993, 65
Trd, 4319963.093, 64
Trd, 4319963.993, 60
Trd, 4319966.493, 61
Trd, 4319966.593, 61
Trd, 4319966.743, 62
Trd, 4319967.093, 64
Trd, 4319967.243, 138
Trd, 4319967.943, 64
Trd, 4319968.593, 96
Trd, 4319970.093, 140
Trd, 4319971.393, 140
Trd, 4319971.693, 138
Trd, 4319972.293, 102
Trd, 4319974.443, 140
Trd, 4319974.643, 138
Trd, 4319975.393, 140
Trd, 4319975.593, 131
Trd, 4319976.343, 123
Trd, 4319977.643, 140
Trd, 4319978.293, 140
Trd, 4319979.693, 140
Trd, 4319979.893, 140
Trd, 4319979.943, 140
Trd, 4319980.593, 140
Trd, 4319982.643, 140
Trd, 4319983.243, 139
Trd, 4319983.893, 140
Trd, 4319984.593, 140
Trd, 4319984.793, 139
Trd, 4319985.593, 140
Trd, 4319986.193, 140
Trd, 4319986.743, 140
Trd, 4319987.093, 140
Trd, 4319987.143, 139
Trd, 4319987.743, 67
Trd, 4319990.643, 140
Trd, 4319990.693, 140
Trd, 4319990.893, 139
Trd, 4319991.293, 135
Trd, 4319991.543, 134
Trd, 4319992.543, 95
Trd, 4319993.793, 140
Trd, 4319994.743, 140
Trd, 4319995.293, 140
Trd, 4319996.693, 140
Trd, 4319997.143, 139
Trd, 4319997.293, 136
Trd, 4319998.693, 137
Trd, 4319999.693, 140
Trd, 4319999.743, 140
