Trd, 4318106.243, 106
Trd, 4318107.493, 103
Trd, 4318107.543, 101
Trd, 4318108.143, 125
Trd, 4318108.293, 97
Trd, 4318108.593, 95
Trd, 4318109.243, 109
Trd, 4318109.493, 106
Trd, 4318109.943, 129
Trd, 4318110.043, 105
Trd, 4318110.643, 105
Trd, 4318110.943, 97
Trd, 4318111.743, 68
Trd, 4318113.693, 75
Trd, 4318114.693, 107
Trd, 4318116.943, 111
Trd, 4318117.343, 114
Trd, 4318118.193, 101
Trd, 4318118.393, 103
Trd, 4318118.593, 98
Trd, 4318118.743, 97
Trd, 4318119.043, 88
Trd, 4318119.093, 105
Trd, 4318119.893, 93
Trd, 4318120.143, 81
Trd, 4318121.743, 78
Trd, 4318121.993, 108
Trd, 4318122.343, 71
Trd, 4318122.643, 112
Trd, 4318123.443, 62
Trd, 4318125.643, 68
Trd, 4318127.293, 64
Trd, 4318127.343, 62
Trd, 4318127.393, 85
Trd, 4318128.843, 65
Trd, 4318129.193, 60
Trd, 4318129.743, 96
Trd, 4318132.293, 128
Trd, 4318132.693, 124
Trd, 4318132.843, 123
Trd, 4318134.293, 114
Trd, 4318134.943, 114
Trd, 4318135.593, 69
Trd, 4318136.143, 115
Trd, 4318136.593, 98
Trd, 4318137.293, 75
Trd, 4318138.793, 62
Trd, 4318139.543, 60
Trd, 4318140.393, 84
Trd, 4318141.043, 84
Trd, 4318141.693, 77
Trd, 4318142.843, 131
Trd, 4318143.043, 130
Trd, 4318143.393, 129
Trd, 4318144.493, 107
Trd, 4318145.843, 114
Trd, 4318146.493, 140
Trd, 4318147.193, 107
Trd, 4318148.543, 128
Trd, 4318148.743, 107
Trd, 4318149.193, 97
Trd, 4318150.243, 97
Trd, 4318150.693, 95
Trd, 4318150.893, 83
Trd, 4318151.393, 81
Trd, 4318151.993, 92
Trd, 4318152.143, 85
Trd, 4318152.743, 93
Trd, 4318153.593, 125
Trd, 4318153.893, 108
Trd, 4318155.243, 99
Trd, 4318155.643, 107
Trd, 4318156.443, 98
Trd, 4318156.793, 96
Trd, 4318157.043, 108
Trd, 4318157.443, 84
Trd, 4318158.243, 90
Trd, 4318158.293, 74
Trd, 4318159.893, 64
Trd, 4318160.693, 66
Trd, 4318161.493, 65
Trd, 4318163.193, 86
Trd, 4318163.243, 75
Trd, 4318164.193, 68
Trd, 4318164.893, 71
Trd, 4318165.143, 70
Trd, 4318165.993, 80
Trd, 4318166.293, 98
Trd, 4318168.893, 137
Trd, 4318169.043, 86
Trd, 4318169.893, 85
Trd, 4318172.043, 110
Trd, 4318172.993, 108
Trd, 4318173.143, 106
Trd, 4318173.993, 101
Trd, 4318175.343, 109
Trd, 4318176.243, 108
Trd, 4318176.643, 107
Trd, 4318176.843, 103
Trd, 4318177.443, 108
Trd, 4318177.743, 102
Trd, 4318178.643, 97
Trd, 4318179.443, 110
Trd, 4318179.693, 95
Trd, 4318181.443, 116
Trd, 4318181.743, 135
Trd, 4318182.143, 109
Trd, 4318182.193, 99
Trd, 4318182.693, 87
Trd, 4318182.743, 123
Trd, 4318184.593, 102
Trd, 4318185.093, 102
Trd, 4318185.343, 98
Trd, 4318186.243, 93
Trd, 4318186.543, 88
Trd, 4318187.343, 91
Trd, 4318188.393, 86
Trd, 4318188.443, 115
Trd, 4318191.693, 105
Trd, 4318191.993, 99
Trd, 4318193.443, 98
Trd, 4318193.643, 90
Trd, 4318194.643, 111
Trd, 4318195.193, 87
Trd, 4318195.293, 85
Trd, 4318196.493, 98
Trd, 4318197.343, 131
Trd, 4318198.093, 100
Trd, 4318199.143, 112
Trd, 4318199.243, 110
Trd, 4318199.543, 107
Trd, 4318201.493, 97
Trd, 4318202.443, 97
Trd, 4318202.993, 118
Trd, 4318203.643, 90
Trd, 4318203.843, 86
Trd, 4318205.043, 117
Trd, 4318205.143, 115
Trd, 4318205.593, 88
Trd, 4318207.243, 81
Trd, 4318207.893, 120
Trd, 4318208.393, 119
Trd, 4318208.443, 118
Trd, 4318208.543, 109
Trd, 4318208.793, 94
Trd, 4318208.893, 81
Trd, 4318211.493, 115
Trd, 4318212.143, 105
Trd, 4318212.593, 95
Trd, 4318214.493, 98
Trd, 4318216.093, 97
Trd, 4318216.743, 95
Trd, 4318217.543, 94
Trd, 4318218.193, 116
Trd, 4318219.043, 112
Trd, 4318219.693, 88
Trd, 4318219.893, 129
Trd, 4318220.293, 87
Trd, 4318220.693, 79
Trd, 4318222.843, 115
Trd, 4318222.943, 114
Trd, 4318223.693, 86
Trd, 4318223.993, 85
Trd, 4318224.993, 117
Trd, 4318225.293, 112
Trd, 4318226.343, 97
Trd, 4318228.343, 96
Trd, 4318228.643, 94
Trd, 4318228.993, 90
Trd, 4318229.093, 90
Trd, 4318230.393, 140
Trd, 4318231.243, 130
Trd, 4318231.443, 116
Trd, 4318232.393, 116
Trd, 4318232.793, 116
Trd, 4318233.093, 106
Trd, 4318234.043, 99
Trd, 4318234.293, 107
Trd, 4318234.443, 124
Trd, 4318235.443, 114
Trd, 4318235.693, 111
Trd, 4318235.993, 93
Trd, 4318236.643, 106
Trd, 4318237.343, 60
Trd, 4318238.593, 62
Trd, 4318240.043, 125
Trd, 4318240.543, 90
Trd, 4318241.393, 108
Trd, 4318241.443, 107
Trd, 4318241.643, 90
Trd, 4318242.493, 88
Trd, 4318242.543, 82
Trd, 4318242.993, 79
Trd, 4318244.543, 92
Trd, 4318244.743, 86
Trd, 4318245.393, 84
Trd, 4318245.893, 84
Trd, 4318247.193, 86
Trd, 4318247.943, 84
Trd, 4318248.093, 80
Trd, 4318249.243, 134
Trd, 4318249.293, 125
Trd, 4318251.243, 134
Trd, 4318251.543, 131
Trd, 4318252.043, 109
Trd, 4318253.643, 120
Trd, 4318253.793, 119
Trd, 4318254.043, 126
Trd, 4318254.143, 101
Trd, 4318254.693, 102
Trd, 4318255.193, 89
Trd, 4318256.593, 99
Trd, 4318256.943, 85
Trd, 4318257.493, 64
Trd, 4318260.143, 63
Trd, 4318261.343, 74
Trd, 4318261.443, 76
Trd, 4318261.843, 86
Trd, 4318263.193, 96
Trd, 4318264.143, 98
Trd, 4318265.193, 127
Trd, 4318265.393, 124
Trd, 4318265.543, 122
Trd, 4318265.993, 91
Trd, 4318266.393, 105
Trd, 4318266.643, 129
Trd, 4318267.443, 100
Trd, 4318267.993, 71
Trd, 4318269.193, 104
Trd, 4318269.493, 103
Trd, 4318270.693, 106
Trd, 4318270.893, 102
Trd, 4318271.293, 127
Trd, 4318271.693, 101
Trd, 4318272.343, 96
Trd, 4318273.893, 128
Trd, 4318274.693, 127
Trd, 4318275.943, 110
Trd, 4318276.193, 106
Trd, 4318276.593, 102
Trd, 4318276.743, 99
Trd, 4318277.093, 114
Trd, 4318278.243, 124
Trd, 4318278.293, 118
Trd, 4318278.543, 112
Trd, 4318278.593, 110
Trd, 4318281.293, 88
Trd, 4318281.743, 74
Trd, 4318283.543, 97
Trd, 4318284.993, 92
Trd, 4318285.443, 112
Trd, 4318286.443, 98
Trd, 4318286.793, 95
Trd, 4318287.243, 88
Trd, 4318288.043, 112
Trd, 4318288.843, 104
Trd, 4318289.243, 95
Trd, 4318289.793, 69
Trd, 4318291.493, 115
Trd, 4318291.593, 118
Trd, 4318292.143, 124
Trd, 4318292.243, 65
Trd, 4318292.843, 64
Trd, 4318293.193, 64
Trd, 4318293.893, 92
Trd, 4318294.893, 89
Trd, 4318295.143, 118
Trd, 4318298.093, 70
Trd, 4318299.393, 64
Trd, 4318299.643, 62
Trd, 4318300.093, 61
Trd, 4318301.693, 128
Trd, 4318302.893, 87
Trd, 4318303.243, 87
Trd, 4318303.643, 84
Trd, 4318303.693, 83
Trd, 4318305.493, 63
Trd, 4318305.843, 130
Trd, 4318306.393, 115
Trd, 4318306.943, 113
Trd, 4318307.243, 111
Trd, 4318307.793, 111
Trd, 4318308.443, 131
Trd, 4318308.693, 99
Trd, 4318309.643, 117
Trd, 4318311.043, 82
Trd, 4318311.493, 80
Trd, 4318312.143, 120
Trd, 4318314.693, 130
Trd, 4318314.793, 106
Trd, 4318315.643, 96
Trd, 4318315.743, 83
Trd, 4318316.693, 73
Trd, 4318316.993, 130
Trd, 4318318.143, 68
Trd, 4318318.843, 123
Trd, 4318319.493, 125
Trd, 4318319.643, 123
Trd, 4318321.443, 103
Trd, 4318321.943, 109
Trd, 4318322.493, 109
Trd, 4318322.743, 108
Trd, 4318323.543, 74
Trd, 4318324.243, 71
Trd, 4318325.293, 61
Trd, 4318327.193, 77
Trd, 4318327.643, 106
Trd, 4318327.793, 104
Trd, 4318329.143, 100
Trd, 4318329.843, 110
Trd, 4318330.843, 102
Trd, 4318331.193, 85
Trd, 4318332.093, 79
Trd, 4318332.743, 81
Trd, 4318332.893, 80
Trd, 4318332.943, 99
Trd, 4318333.443, 136
Trd, 4318334.143, 128
Trd, 4318335.443, 140
Trd, 4318335.843, 139
Trd, 4318336.593, 135
Trd, 4318339.343, 120
Trd, 4318339.843, 124
Trd, 4318340.293, 118
Trd, 4318340.693, 91
Trd, 4318343.193, 123
Trd, 4318344.693, 94
Trd, 4318345.193, 95
Trd, 4318345.643, 114
Trd, 4318345.943, 109
Trd, 4318345.993, 94
Trd, 4318347.093, 117
Trd, 4318347.993, 118
Trd, 4318348.643, 91
Trd, 4318349.193, 93
Trd, 4318349.443, 83
Trd, 4318349.993, 87
Trd, 4318350.993, 91
Trd, 4318352.093, 91
Trd, 4318352.993, 85
Trd, 4318353.143, 80
Trd, 4318353.693, 109
Trd, 4318354.343, 72
Trd, 4318354.743, 70
Trd, 4318355.343, 73
Trd, 4318357.343, 129
Trd, 4318357.793, 129
Trd, 4318357.893, 128
Trd, 4318357.993, 116
Trd, 4318358.343, 99
Trd, 4318359.343, 86
Trd, 4318359.793, 137
Trd, 4318359.993, 113
Trd, 4318362.143, 98
Trd, 4318363.543, 63
Trd, 4318364.543, 73
Trd, 4318365.093, 93
Trd, 4318365.343, 98
Trd, 4318365.643, 76
Trd, 4318366.943, 102
Trd, 4318367.543, 122
Trd, 4318367.693, 87
Trd, 4318368.843, 87
Trd, 4318369.293, 102
Trd, 4318370.543, 114
Trd, 4318370.593, 112
Trd, 4318372.193, 89
Trd, 4318372.443, 88
Trd, 4318373.493, 87
Trd, 4318374.043, 125
Trd, 4318374.193, 120
Trd, 4318374.943, 91
Trd, 4318376.193, 138
Trd, 4318377.293, 110
Trd, 4318379.843, 108
Trd, 4318379.943, 105
Trd, 4318380.543, 134
Trd, 4318380.893, 108
Trd, 4318382.743, 93
Trd, 4318384.243, 61
Trd, 4318384.943, 67
Trd, 4318385.193, 66
Trd, 4318385.543, 75
Trd, 4318386.843, 91
Trd, 4318387.643, 76
Trd, 4318387.743, 80
Trd, 4318388.093, 65
Trd, 4318389.243, 65
Trd, 4318390.293, 78
Trd, 4318390.643, 77
Trd, 4318391.093, 82
Trd, 4318393.243, 81
Trd, 4318394.193, 104
Trd, 4318395.193, 88
Trd, 4318395.643, 99
Trd, 4318396.193, 106
Trd, 4318396.343, 89
Trd, 4318397.043, 98
Trd, 4318398.093, 107
Trd, 4318398.343, 106
Trd, 4318398.943, 139
Trd, 4318399.543, 115
Trd, 4318400.443, 112
Trd, 4318401.343, 103
Trd, 4318401.893, 101
Trd, 4318402.943, 69
Trd, 4318403.293, 74
Trd, 4318403.343, 68
Trd, 4318405.493, 93
Trd, 4318405.943, 98
Trd, 4318406.493, 81
Trd, 4318407.393, 107
Trd, 4318408.693, 96
Trd, 4318410.543, 90
Trd, 4318410.743, 90
Trd, 4318410.943, 81
Trd, 4318411.093, 78
Trd, 4318411.393, 75
Trd, 4318412.693, 60
Trd, 4318414.593, 60
Trd, 4318414.993, 64
Trd, 4318416.393, 77
Trd, 4318417.043, 140
Trd, 4318417.593, 99
Trd, 4318417.793, 99
Trd, 4318418.193, 104
Trd, 4318418.343, 98
Trd, 4318420.693, 90
Trd, 4318421.093, 111
Trd, 4318421.643, 91
Trd, 4318423.193, 104
Trd, 4318423.793, 134
Trd, 4318424.343, 96
Trd, 4318424.793, 106
Trd, 4318425.393, 135
Trd, 4318425.693, 134
Trd, 4318426.643, 126
Trd, 4318427.093, 126
Trd, 4318427.393, 125
Trd, 4318428.393, 108
Trd, 4318428.443, 100
Trd, 4318429.693, 72
Trd, 4318429.743, 72
Trd, 4318431.643, 85
Trd, 4318433.393, 86
Trd, 4318434.093, 90
Trd, 4318434.243, 88
Trd, 4318434.693, 89
Trd, 4318435.193, 84
Trd, 4318436.193, 94
Trd, 4318436.643, 88
Trd, 4318437.393, 120
Trd, 4318437.443, 109
Trd, 4318438.393, 127
Trd, 4318439.693, 104
Trd, 4318439.993, 122
Trd, 4318440.843, 89
Trd, 4318441.093, 112
Trd, 4318441.193, 81
Trd, 4318443.793, 74
Trd, 4318444.143, 71
Trd, 4318444.243, 71
Trd, 4318444.443, 70
Trd, 4318445.343, 83
Trd, 4318446.443, 121
Trd, 4318446.693, 98
Trd, 4318447.293, 97
Trd, 4318447.593, 88
Trd, 4318448.343, 84
Trd, 4318449.443, 123
Trd, 4318449.643, 107
Trd, 4318451.093, 94
Trd, 4318452.393, 114
Trd, 4318453.243, 116
Trd, 4318453.293, 105
Trd, 4318453.343, 104
Trd, 4318453.443, 96
Trd, 4318453.943, 112
Trd, 4318454.143, 105
Trd, 4318454.643, 95
Trd, 4318455.793, 98
Trd, 4318457.893, 137
Trd, 4318458.043, 97
Trd, 4318458.393, 75
Trd, 4318458.593, 97
Trd, 4318458.893, 71
Trd, 4318458.993, 73
Trd, 4318462.793, 66
Trd, 4318463.993, 116
Trd, 4318464.293, 117
Trd, 4318464.493, 86
Trd, 4318464.693, 85
Trd, 4318465.393, 73
Trd, 4318466.743, 86
Trd, 4318467.393, 70
Trd, 4318468.643, 71
Trd, 4318469.243, 70
Trd, 4318469.943, 69
Trd, 4318470.643, 67
Trd, 4318471.643, 115
Trd, 4318473.743, 130
Trd, 4318473.793, 127
Trd, 4318474.493, 116
Trd, 4318475.443, 99
Trd, 4318475.493, 105
Trd, 4318475.643, 94
Trd, 4318477.093, 73
Trd, 4318478.643, 88
Trd, 4318479.293, 92
Trd, 4318480.093, 79
Trd, 4318480.243, 111
Trd, 4318480.793, 115
Trd, 4318481.793, 75
Trd, 4318483.243, 74
Trd, 4318483.443, 73
Trd, 4318484.693, 120
Trd, 4318485.543, 113
Trd, 4318486.543, 110
Trd, 4318486.743, 102
Trd, 4318486.793, 97
Trd, 4318487.543, 96
Trd, 4318488.843, 92
Trd, 4318490.493, 61
Trd, 4318490.993, 73
Trd, 4318491.493, 89
Trd, 4318491.993, 68
Trd, 4318493.743, 84
Trd, 4318493.893, 82
Trd, 4318494.293, 84
Trd, 4318495.643, 114
Trd, 4318495.693, 92
Trd, 4318496.043, 111
Trd, 4318496.493, 84
Trd, 4318496.743, 85
Trd, 4318500.093, 121
Trd, 4318501.043, 119
Trd, 4318501.193, 118
Trd, 4318501.643, 137
Trd, 4318501.893, 110
Trd, 4318501.993, 108
Trd, 4318502.893, 84
Trd, 4318503.293, 124
Trd, 4318503.843, 72
Trd, 4318504.243, 64
Trd, 4318506.193, 66
Trd, 4318506.493, 68
Trd, 4318506.893, 103
Trd, 4318508.893, 81
Trd, 4318509.393, 91
Trd, 4318509.943, 75
Trd, 4318510.243, 124
Trd, 4318510.943, 98
Trd, 4318511.643, 69
Trd, 4318511.943, 66
Trd, 4318512.743, 76
Trd, 4318514.193, 106
Trd, 4318515.893, 87
Trd, 4318516.493, 81
Trd, 4318516.993, 121
Trd, 4318517.093, 136
Trd, 4318517.893, 120
Trd, 4318517.993, 106
Trd, 4318518.643, 88
Trd, 4318519.193, 87
Trd, 4318519.943, 80
Trd, 4318520.243, 71
Trd, 4318520.593, 119
Trd, 4318522.543, 71
Trd, 4318523.143, 107
Trd, 4318524.793, 115
Trd, 4318524.993, 99
Trd, 4318525.443, 94
Trd, 4318526.443, 116
Trd, 4318526.593, 108
Trd, 4318527.543, 84
Trd, 4318528.043, 78
Trd, 4318529.143, 89
Trd, 4318529.193, 89
Trd, 4318530.293, 140
Trd, 4318530.443, 126
Trd, 4318531.443, 79
Trd, 4318531.493, 78
Trd, 4318532.743, 89
Trd, 4318533.593, 106
Trd, 4318534.093, 106
Trd, 4318536.343, 104
Trd, 4318537.393, 78
Trd, 4318537.693, 92
Trd, 4318538.043, 76
Trd, 4318538.593, 83
Trd, 4318538.793, 73
Trd, 4318539.343, 71
Trd, 4318540.693, 91
Trd, 4318541.243, 90
Trd, 4318541.293, 82
Trd, 4318541.643, 101
Trd, 4318544.043, 63
Trd, 4318545.293, 64
Trd, 4318545.743, 72
Trd, 4318546.193, 79
Trd, 4318546.743, 65
Trd, 4318547.243, 77
Trd, 4318548.093, 63
Trd, 4318548.343, 61
Trd, 4318549.593, 66
Trd, 4318550.393, 82
Trd, 4318551.643, 95
Trd, 4318552.693, 138
Trd, 4318554.043, 132
Trd, 4318554.093, 130
Trd, 4318554.543, 127
Trd, 4318554.643, 126
Trd, 4318555.343, 108
Trd, 4318555.843, 100
Trd, 4318556.893, 98
Trd, 4318557.343, 126
Trd, 4318558.443, 119
Trd, 4318559.643, 105
Trd, 4318560.843, 99
Trd, 4318561.093, 99
Trd, 4318561.243, 123
Trd, 4318561.993, 97
Trd, 4318562.293, 112
Trd, 4318562.643, 65
Trd, 4318563.943, 137
Trd, 4318563.993, 136
Trd, 4318564.593, 136
Trd, 4318564.843, 136
Trd, 4318565.043, 135
Trd, 4318565.593, 105
Trd, 4318566.993, 63
Trd, 4318567.943, 105
Trd, 4318568.543, 115
Trd, 4318568.593, 98
Trd, 4318571.593, 139
Trd, 4318571.893, 138
Trd, 4318571.943, 131
Trd, 4318572.093, 113
Trd, 4318572.643, 115
Trd, 4318572.743, 114
Trd, 4318572.793, 84
Trd, 4318573.943, 110
Trd, 4318574.843, 80
Trd, 4318575.993, 110
Trd, 4318576.443, 115
Trd, 4318578.393, 101
Trd, 4318578.543, 99
Trd, 4318578.593, 89
Trd, 4318578.893, 87
Trd, 4318579.793, 89
Trd, 4318580.393, 76
Trd, 4318581.193, 69
Trd, 4318581.843, 70
Trd, 4318582.143, 79
Trd, 4318583.393, 135
Trd, 4318583.793, 104
Trd, 4318585.093, 139
Trd, 4318585.293, 138
Trd, 4318585.543, 139
Trd, 4318586.343, 135
Trd, 4318586.893, 137
Trd, 4318587.093, 120
Trd, 4318587.743, 105
Trd, 4318588.993, 116
Trd, 4318589.243, 77
Trd, 4318589.843, 88
Trd, 4318590.943, 126
Trd, 4318591.693, 67
Trd, 4318592.893, 99
Trd, 4318594.543, 121
Trd, 4318594.743, 85
Trd, 4318595.843, 85
Trd, 4318596.543, 87
Trd, 4318596.743, 86
Trd, 4318597.293, 113
Trd, 4318598.293, 88
Trd, 4318599.143, 80
Trd, 4318599.743, 88
Trd, 4318599.843, 89
Trd, 4318600.043, 87
Trd, 4318600.593, 103
Trd, 4318602.943, 115
Trd, 4318604.393, 101
Trd, 4318604.793, 99
Trd, 4318606.893, 140
Trd, 4318607.743, 140
Trd, 4318607.793, 140
Trd, 4318607.993, 123
Trd, 4318608.243, 113
Trd, 4318609.293, 106
Trd, 4318609.643, 115
Trd, 4318610.943, 108
Trd, 4318611.143, 105
Trd, 4318612.593, 112
Trd, 4318612.993, 103
Trd, 4318613.293, 98
Trd, 4318613.343, 96
Trd, 4318613.843, 107
Trd, 4318614.643, 88
Trd, 4318617.043, 98
Trd, 4318617.343, 92
Trd, 4318618.393, 130
Trd, 4318618.793, 94
Trd, 4318620.343, 116
Trd, 4318620.543, 98
Trd, 4318621.093, 118
Trd, 4318621.193, 117
Trd, 4318622.143, 85
Trd, 4318622.643, 85
Trd, 4318622.793, 84
Trd, 4318623.543, 98
Trd, 4318624.593, 131
Trd, 4318625.593, 136
Trd, 4318626.493, 135
Trd, 4318626.993, 110
Trd, 4318627.593, 81
Trd, 4318628.393, 64
Trd, 4318629.793, 96
Trd, 4318630.693, 103
Trd, 4318632.943, 100
Trd, 4318633.193, 119
Trd, 4318633.893, 114
Trd, 4318634.393, 102
Trd, 4318635.693, 112
Trd, 4318637.043, 119
Trd, 4318637.193, 114
Trd, 4318637.993, 116
Trd, 4318638.243, 81
Trd, 4318639.193, 79
Trd, 4318639.543, 79
Trd, 4318639.893, 98
Trd, 4318642.443, 63
Trd, 4318642.693, 81
Trd, 4318642.743, 86
Trd, 4318643.493, 63
Trd, 4318644.743, 73
Trd, 4318644.943, 81
Trd, 4318646.143, 96
Trd, 4318647.043, 68
Trd, 4318647.443, 70
Trd, 4318647.493, 68
Trd, 4318648.443, 80
Trd, 4318650.043, 60
Trd, 4318650.643, 60
Trd, 4318650.943, 68
Trd, 4318651.043, 88
Trd, 4318651.943, 67
Trd, 4318652.093, 63
Trd, 4318654.343, 62
Trd, 4318655.293, 63
Trd, 4318655.793, 81
Trd, 4318656.643, 101
Trd, 4318657.193, 105
Trd, 4318657.343, 86
Trd, 4318657.893, 80
Trd, 4318658.193, 97
Trd, 4318658.543, 96
Trd, 4318660.143, 117
Trd, 4318660.193, 105
Trd, 4318660.393, 103
Trd, 4318661.093, 64
Trd, 4318662.143, 83
Trd, 4318662.593, 91
Trd, 4318662.893, 86
Trd, 4318664.893, 88
Trd, 4318665.493, 74
Trd, 4318665.893, 89
Trd, 4318666.393, 88
Trd, 4318666.643, 74
Trd, 4318668.043, 84
Trd, 4318668.593, 71
Trd, 4318670.493, 90
Trd, 4318671.293, 89
Trd, 4318672.143, 95
Trd, 4318673.843, 79
Trd, 4318674.693, 89
Trd, 4318675.193, 79
Trd, 4318676.243, 117
Trd, 4318676.343, 99
Trd, 4318677.243, 70
Trd, 4318677.343, 71
Trd, 4318677.543, 66
Trd, 4318680.843, 82
Trd, 4318681.293, 95
Trd, 4318681.343, 97
Trd, 4318681.393, 94
Trd, 4318681.743, 81
Trd, 4318683.093, 137
Trd, 4318683.793, 136
Trd, 4318683.943, 122
Trd, 4318684.143, 110
Trd, 4318686.993, 123
Trd, 4318687.393, 136
Trd, 4318688.043, 113
Trd, 4318689.543, 104
Trd, 4318690.593, 97
Trd, 4318691.043, 82
Trd, 4318691.093, 76
Trd, 4318692.943, 140
Trd, 4318692.993, 126
Trd, 4318693.343, 127
Trd, 4318694.343, 86
Trd, 4318696.393, 96
Trd, 4318696.593, 87
Trd, 4318697.993, 89
Trd, 4318698.193, 122
Trd, 4318698.543, 88
Trd, 4318698.593, 121
Trd, 4318699.393, 111
Trd, 4318699.443, 63
Trd, 4318700.293, 60
Trd, 4318701.693, 89
Trd, 4318702.893, 92
Trd, 4318703.543, 98
Trd, 4318704.243, 106
Trd, 4318705.243, 116
Trd, 4318705.793, 114
Trd, 4318706.843, 124
Trd, 4318706.893, 116
Trd, 4318706.993, 128
Trd, 4318708.493, 103
Trd, 4318708.593, 97
Trd, 4318708.993, 98
Trd, 4318710.293, 105
Trd, 4318710.643, 100
Trd, 4318711.443, 118
Trd, 4318712.843, 107
Trd, 4318712.943, 106
Trd, 4318713.693, 95
Trd, 4318713.893, 113
Trd, 4318715.043, 112
Trd, 4318715.343, 118
Trd, 4318715.693, 103
Trd, 4318716.793, 103
Trd, 4318716.943, 98
Trd, 4318717.693, 99
Trd, 4318718.643, 139
Trd, 4318719.193, 88
Trd, 4318719.893, 77
Trd, 4318721.643, 95
Trd, 4318721.693, 94
Trd, 4318722.243, 126
Trd, 4318722.643, 126
Trd, 4318723.443, 78
Trd, 4318724.943, 114
Trd, 4318727.193, 111
Trd, 4318727.693, 109
Trd, 4318727.743, 103
Trd, 4318729.993, 101
Trd, 4318730.143, 84
Trd, 4318730.643, 83
Trd, 4318731.743, 117
Trd, 4318731.943, 118
Trd, 4318732.743, 92
Trd, 4318734.293, 82
Trd, 4318734.343, 104
Trd, 4318735.693, 85
Trd, 4318735.943, 77
Trd, 4318736.093, 72
Trd, 4318736.243, 68
Trd, 4318738.393, 99
Trd, 4318738.493, 96
Trd, 4318738.693, 95
Trd, 4318739.693, 112
Trd, 4318740.693, 119
Trd, 4318741.293, 97
Trd, 4318741.993, 108
Trd, 4318742.693, 97
Trd, 4318744.293, 99
Trd, 4318744.993, 83
Trd, 4318745.443, 115
Trd, 4318746.143, 87
Trd, 4318746.543, 127
Trd, 4318747.243, 102
Trd, 4318748.643, 84
Trd, 4318748.943, 82
Trd, 4318749.993, 86
Trd, 4318750.543, 86
Trd, 4318751.193, 86
Trd, 4318751.993, 116
Trd, 4318753.643, 101
Trd, 4318753.743, 94
Trd, 4318754.443, 88
Trd, 4318755.243, 108
Trd, 4318755.543, 109
Trd, 4318755.643, 73
Trd, 4318757.343, 76
Trd, 4318757.793, 74
Trd, 4318757.843, 100
Trd, 4318759.393, 73
Trd, 4318760.043, 78
Trd, 4318761.893, 120
Trd, 4318761.993, 118
Trd, 4318763.543, 105
Trd, 4318764.943, 117
Trd, 4318765.393, 91
Trd, 4318765.843, 87
Trd, 4318766.193, 81
Trd, 4318766.793, 101
Trd, 4318767.193, 73
Trd, 4318767.643, 63
Trd, 4318768.193, 67
Trd, 4318769.893, 126
Trd, 4318770.943, 61
Trd, 4318771.043, 61
Trd, 4318773.043, 87
Trd, 4318774.093, 128
Trd, 4318774.343, 129
Trd, 4318774.543, 97
Trd, 4318774.993, 109
Trd, 4318776.093, 67
Trd, 4318776.443, 77
Trd, 4318777.943, 88
Trd, 4318779.243, 65
Trd, 4318779.743, 67
Trd, 4318780.443, 74
Trd, 4318780.743, 99
Trd, 4318781.043, 62
Trd, 4318781.193, 83
Trd, 4318783.243, 81
Trd, 4318783.693, 74
Trd, 4318783.993, 91
Trd, 4318785.543, 115
Trd, 4318785.793, 105
Trd, 4318785.993, 99
Trd, 4318786.093, 95
Trd, 4318786.843, 94
Trd, 4318787.593, 74
Trd, 4318788.743, 101
Trd, 4318789.193, 79
Trd, 4318789.993, 132
Trd, 4318790.393, 97
Trd, 4318791.393, 75
Trd, 4318792.593, 75
Trd, 4318794.043, 88
Trd, 4318794.693, 80
Trd, 4318794.793, 77
Trd, 4318795.393, 102
Trd, 4318795.543, 77
Trd, 4318797.593, 77
Trd, 4318797.893, 85
Trd, 4318799.743, 84
Trd, 4318801.643, 110
Trd, 4318801.743, 109
Trd, 4318801.793, 102
Trd, 4318802.543, 92
Trd, 4318802.643, 91
Trd, 4318803.443, 107
Trd, 4318803.793, 99
Trd, 4318804.243, 125
Trd, 4318805.393, 77
Trd, 4318806.493, 98
Trd, 4318807.343, 132
Trd, 4318807.443, 101
Trd, 4318807.643, 80
Trd, 4318807.893, 77
Trd, 4318811.393, 65
Trd, 4318811.943, 78
Trd, 4318812.543, 69
Trd, 4318812.593, 71
Trd, 4318812.743, 70
Trd, 4318814.243, 126
Trd, 4318815.143, 105
Trd, 4318815.543, 107
Trd, 4318816.493, 106
Trd, 4318816.943, 119
Trd, 4318816.993, 117
Trd, 4318817.793, 97
Trd, 4318819.443, 91
Trd, 4318819.693, 90
Trd, 4318820.043, 88
Trd, 4318820.493, 99
Trd, 4318820.593, 139
Trd, 4318823.093, 96
Trd, 4318823.293, 86
Trd, 4318824.293, 99
Trd, 4318825.143, 100
Trd, 4318825.593, 99
Trd, 4318826.443, 93
Trd, 4318826.493, 89
Trd, 4318827.393, 83
Trd, 4318828.543, 100
Trd, 4318829.943, 101
Trd, 4318830.593, 93
Trd, 4318830.993, 87
Trd, 4318831.843, 117
Trd, 4318832.593, 119
Trd, 4318832.743, 115
Trd, 4318833.443, 139
Trd, 4318834.043, 129
Trd, 4318834.543, 115
Trd, 4318836.443, 109
Trd, 4318836.943, 110
Trd, 4318837.993, 131
Trd, 4318838.093, 122
Trd, 4318838.143, 99
Trd, 4318838.493, 70
Trd, 4318840.893, 60
Trd, 4318841.693, 93
Trd, 4318841.793, 127
Trd, 4318841.943, 74
Trd, 4318842.593, 92
Trd, 4318842.743, 91
Trd, 4318843.393, 94
Trd, 4318843.543, 91
Trd, 4318844.443, 92
Trd, 4318845.043, 65
Trd, 4318845.543, 83
Trd, 4318848.043, 61
Trd, 4318848.793, 129
Trd, 4318849.143, 124
Trd, 4318849.193, 123
Trd, 4318849.943, 133
Trd, 4318850.243, 134
Trd, 4318850.693, 121
Trd, 4318850.743, 120
Trd, 4318850.893, 119
Trd, 4318850.993, 71
Trd, 4318851.693, 135
Trd, 4318852.793, 83
Trd, 4318854.343, 70
Trd, 4318855.143, 82
Trd, 4318855.743, 132
Trd, 4318857.543, 117
Trd, 4318857.793, 116
Trd, 4318858.593, 103
Trd, 4318858.693, 103
Trd, 4318859.943, 121
Trd, 4318860.393, 105
Trd, 4318861.093, 122
Trd, 4318861.243, 92
Trd, 4318862.593, 109
Trd, 4318862.743, 107
Trd, 4318863.643, 94
Trd, 4318865.593, 140
Trd, 4318865.643, 140
Trd, 4318865.693, 139
Trd, 4318866.043, 126
Trd, 4318866.293, 91
Trd, 4318866.593, 99
Trd, 4318867.543, 62
Trd, 4318868.643, 102
Trd, 4318870.093, 87
Trd, 4318871.443, 90
Trd, 4318872.343, 109
Trd, 4318873.393, 114
Trd, 4318873.493, 125
Trd, 4318873.843, 111
Trd, 4318875.443, 130
Trd, 4318875.893, 116
Trd, 4318876.143, 99
Trd, 4318876.243, 99
Trd, 4318876.793, 82
Trd, 4318877.493, 68
Trd, 4318878.243, 61
Trd, 4318879.743, 73
Trd, 4318882.243, 130
Trd, 4318882.393, 120
Trd, 4318882.643, 113
Trd, 4318882.743, 112
Trd, 4318883.343, 131
Trd, 4318883.893, 106
Trd, 4318884.493, 137
Trd, 4318884.593, 136
Trd, 4318887.443, 73
Trd, 4318887.693, 131
Trd, 4318888.543, 88
Trd, 4318889.343, 94
Trd, 4318891.443, 115
Trd, 4318891.693, 117
Trd, 4318892.293, 93
Trd, 4318892.593, 92
Trd, 4318892.843, 75
Trd, 4318893.343, 86
Trd, 4318893.393, 74
Trd, 4318894.143, 74
Trd, 4318895.043, 70
Trd, 4318895.393, 66
Trd, 4318895.893, 129
Trd, 4318897.143, 89
Trd, 4318897.643, 83
Trd, 4318898.443, 107
Trd, 4318898.843, 79
Trd, 4318899.343, 77
Trd, 4318899.693, 72
Trd, 4318900.993, 136
Trd, 4318902.193, 95
Trd, 4318902.593, 94
Trd, 4318902.993, 85
Trd, 4318904.493, 77
Trd, 4318904.893, 104
Trd, 4318904.993, 76
Trd, 4318906.093, 121
Trd, 4318906.193, 86
Trd, 4318906.493, 83
Trd, 4318907.143, 88
Trd, 4318907.493, 81
Trd, 4318909.693, 89
Trd, 4318911.243, 92
Trd, 4318912.593, 88
Trd, 4318912.743, 70
Trd, 4318912.893, 94
Trd, 4318914.943, 61
Trd, 4318915.093, 62
Trd, 4318915.143, 106
Trd, 4318915.893, 120
Trd, 4318916.593, 60
Trd, 4318917.543, 60
Trd, 4318918.843, 70
Trd, 4318919.193, 90
Trd, 4318920.943, 62
Trd, 4318921.043, 63
Trd, 4318921.993, 120
Trd, 4318923.893, 123
Trd, 4318924.593, 122
Trd, 4318924.643, 112
Trd, 4318924.743, 111
Trd, 4318924.893, 93
Trd, 4318926.243, 101
Trd, 4318926.943, 104
Trd, 4318927.643, 104
Trd, 4318928.743, 93
Trd, 4318929.193, 94
Trd, 4318929.543, 89
Trd, 4318929.893, 108
Trd, 4318929.993, 73
Trd, 4318930.193, 66
Trd, 4318930.493, 64
Trd, 4318932.293, 119
Trd, 4318933.493, 60
Trd, 4318935.093, 88
Trd, 4318935.293, 86
Trd, 4318936.993, 83
Trd, 4318937.093, 111
Trd, 4318938.443, 116
Trd, 4318938.943, 96
Trd, 4318940.143, 129
Trd, 4318940.193, 126
Trd, 4318940.343, 120
Trd, 4318940.843, 94
Trd, 4318941.543, 84
Trd, 4318942.493, 106
Trd, 4318942.893, 81
Trd, 4318942.993, 72
Trd, 4318944.593, 85
Trd, 4318944.743, 78
Trd, 4318944.893, 92
Trd, 4318945.743, 110
Trd, 4318947.793, 134
Trd, 4318948.143, 132
Trd, 4318949.143, 119
Trd, 4318949.343, 101
Trd, 4318950.843, 95
Trd, 4318951.393, 105
Trd, 4318951.993, 95
Trd, 4318952.843, 100
Trd, 4318953.243, 125
Trd, 4318954.143, 99
Trd, 4318955.643, 111
Trd, 4318956.843, 126
Trd, 4318956.943, 102
Trd, 4318957.843, 115
Trd, 4318958.843, 99
Trd, 4318960.593, 132
Trd, 4318960.943, 123
Trd, 4318962.293, 124
Trd, 4318962.593, 108
Trd, 4318963.493, 95
Trd, 4318964.443, 136
Trd, 4318964.543, 135
Trd, 4318964.793, 97
Trd, 4318965.993, 80
Trd, 4318966.543, 78
Trd, 4318968.793, 89
Trd, 4318968.843, 90
Trd, 4318969.143, 95
Trd, 4318969.193, 88
Trd, 4318970.493, 88
Trd, 4318972.193, 97
Trd, 4318972.443, 82
Trd, 4318973.093, 95
Trd, 4318973.693, 100
Trd, 4318974.743, 102
Trd, 4318974.993, 102
Trd, 4318976.293, 96
Trd, 4318976.743, 95
Trd, 4318978.443, 102
Trd, 4318979.343, 126
Trd, 4318979.443, 82
Trd, 4318982.943, 134
Trd, 4318983.193, 133
Trd, 4318983.293, 129
Trd, 4318983.693, 129
Trd, 4318984.193, 123
Trd, 4318984.343, 122
Trd, 4318984.543, 95
Trd, 4318985.293, 80
Trd, 4318986.493, 91
Trd, 4318987.743, 131
Trd, 4318989.493, 107
Trd, 4318990.343, 119
Trd, 4318990.993, 84
Trd, 4318992.043, 88
Trd, 4318992.193, 88
Trd, 4318992.643, 101
Trd, 4318992.693, 100
Trd, 4318993.643, 90
Trd, 4318993.693, 87
Trd, 4318994.143, 75
Trd, 4318995.493, 75
Trd, 4318996.143, 65
Trd, 4318998.643, 67
Trd, 4318998.993, 83
Trd, 4318999.443, 97
Trd, 4319000.343, 112
Trd, 4319000.893, 111
Trd, 4319001.393, 113
Trd, 4319001.993, 133
Trd, 4319002.443, 132
Trd, 4319002.943, 116
Trd, 4319003.993, 109
Trd, 4319004.593, 104
Trd, 4319005.093, 77
Trd, 4319005.143, 76
Trd, 4319006.643, 113
Trd, 4319006.993, 118
Trd, 4319009.343, 124
Trd, 4319009.593, 122
Trd, 4319009.743, 121
Trd, 4319010.643, 128
Trd, 4319011.593, 135
Trd, 4319011.843, 127
Trd, 4319012.393, 115
Trd, 4319012.893, 115
Trd, 4319013.193, 114
Trd, 4319013.393, 112
Trd, 4319014.393, 82
Trd, 4319015.043, 122
Trd, 4319016.343, 113
Trd, 4319016.693, 120
Trd, 4319016.843, 119
Trd, 4319017.093, 113
Trd, 4319017.293, 101
Trd, 4319018.243, 94
Trd, 4319020.193, 94
Trd, 4319020.243, 117
Trd, 4319020.293, 86
Trd, 4319021.943, 60
Trd, 4319023.143, 93
Trd, 4319024.543, 91
Trd, 4319024.793, 139
Trd, 4319024.843, 95
Trd, 4319024.993, 90
Trd, 4319025.593, 89
Trd, 4319026.243, 111
Trd, 4319027.593, 121
Trd, 4319027.943, 110
Trd, 4319028.243, 110
Trd, 4319030.793, 131
Trd, 4319030.843, 129
Trd, 4319031.543, 122
Trd, 4319031.993, 111
Trd, 4319032.043, 108
Trd, 4319032.643, 108
Trd, 4319032.893, 110
Trd, 4319033.593, 109
Trd, 4319035.543, 107
Trd, 4319035.943, 124
Trd, 4319036.993, 124
Trd, 4319037.043, 117
Trd, 4319037.993, 119
Trd, 4319038.593, 120
Trd, 4319038.843, 119
Trd, 4319040.043, 132
Trd, 4319040.143, 131
Trd, 4319040.843, 129
Trd, 4319042.093, 130
Trd, 4319042.243, 125
Trd, 4319042.993, 125
Trd, 4319043.893, 117
Trd, 4319044.193, 140
Trd, 4319044.593, 114
Trd, 4319045.043, 91
Trd, 4319045.893, 89
Trd, 4319046.943, 92
Trd, 4319048.043, 115
Trd, 4319048.443, 114
Trd, 4319048.493, 83
Trd, 4319048.543, 63
Trd, 4319049.743, 103
Trd, 4319050.343, 94
Trd, 4319050.643, 94
Trd, 4319050.893, 80
Trd, 4319051.443, 91
Trd, 4319052.143, 71
Trd, 4319055.243, 60
Trd, 4319055.443, 62
Trd, 4319057.443, 62
Trd, 4319058.143, 62
Trd, 4319058.443, 67
Trd, 4319058.543, 61
Trd, 4319061.293, 75
Trd, 4319062.493, 93
Trd, 4319062.593, 75
Trd, 4319063.143, 75
Trd, 4319064.193, 75
Trd, 4319064.343, 85
Trd, 4319064.843, 80
Trd, 4319064.893, 79
Trd, 4319066.443, 100
Trd, 4319066.793, 99
Trd, 4319067.243, 72
Trd, 4319068.193, 119
Trd, 4319069.193, 129
Trd, 4319070.093, 73
Trd, 4319070.543, 84
Trd, 4319070.643, 69
Trd, 4319071.393, 64
Trd, 4319071.543, 95
Trd, 4319071.843, 97
Trd, 4319073.793, 102
Trd, 4319074.543, 129
Trd, 4319074.793, 114
Trd, 4319075.093, 96
Trd, 4319076.193, 80
Trd, 4319078.743, 71
Trd, 4319079.643, 102
Trd, 4319079.943, 101
Trd, 4319080.543, 117
Trd, 4319081.093, 110
Trd, 4319081.393, 109
Trd, 4319082.243, 136
Trd, 4319082.793, 116
Trd, 4319082.843, 108
Trd, 4319082.993, 94
Trd, 4319084.293, 84
Trd, 4319084.643, 67
Trd, 4319086.393, 64
Trd, 4319086.743, 116
Trd, 4319088.543, 70
Trd, 4319089.343, 68
Trd, 4319090.093, 112
Trd, 4319090.393, 78
Trd, 4319090.843, 73
Trd, 4319090.993, 104
Trd, 4319091.643, 71
Trd, 4319092.193, 77
Trd, 4319093.043, 75
Trd, 4319093.793, 74
Trd, 4319094.843, 90
Trd, 4319095.643, 86
Trd, 4319097.043, 109
Trd, 4319097.193, 92
Trd, 4319098.143, 96
Trd, 4319098.643, 95
Trd, 4319098.843, 129
Trd, 4319099.593, 90
Trd, 4319099.743, 86
Trd, 4319101.243, 140
Trd, 4319101.393, 139
Trd, 4319101.993, 118
Trd, 4319102.693, 116
Trd, 4319102.843, 108
Trd, 4319103.393, 112
Trd, 4319104.193, 111
Trd, 4319104.293, 90
Trd, 4319106.643, 94
Trd, 4319107.593, 131
Trd, 4319107.643, 125
Trd, 4319107.793, 107
Trd, 4319109.193, 108
Trd, 4319110.643, 135
Trd, 4319110.693, 91
Trd, 4319111.243, 102
Trd, 4319112.543, 101
Trd, 4319113.143, 99
Trd, 4319113.243, 92
Trd, 4319113.543, 80
Trd, 4319113.743, 81
Trd, 4319114.893, 99
Trd, 4319115.193, 97
Trd, 4319116.943, 126
Trd, 4319117.943, 90
Trd, 4319118.843, 93
Trd, 4319119.593, 114
Trd, 4319119.893, 99
Trd, 4319120.643, 110
Trd, 4319122.293, 127
Trd, 4319122.793, 129
Trd, 4319123.093, 113
Trd, 4319123.143, 111
Trd, 4319123.293, 107
Trd, 4319123.343, 106
Trd, 4319124.443, 67
Trd, 4319124.793, 81
Trd, 4319126.143, 132
Trd, 4319126.193, 131
Trd, 4319126.493, 120
Trd, 4319126.543, 105
Trd, 4319127.643, 121
Trd, 4319128.893, 108
Trd, 4319129.193, 107
Trd, 4319130.093, 133
Trd, 4319130.143, 106
Trd, 4319130.393, 115
Trd, 4319130.843, 105
Trd, 4319131.793, 100
Trd, 4319132.543, 118
Trd, 4319133.493, 88
Trd, 4319133.593, 98
Trd, 4319133.793, 87
Trd, 4319134.693, 87
Trd, 4319134.993, 86
Trd, 4319135.093, 84
Trd, 4319137.093, 112
Trd, 4319137.793, 61
Trd, 4319139.143, 60
Trd, 4319139.393, 74
Trd, 4319140.343, 64
Trd, 4319140.693, 63
Trd, 4319141.393, 61
Trd, 4319141.443, 60
Trd, 4319143.493, 66
Trd, 4319143.643, 69
Trd, 4319144.743, 107
Trd, 4319145.443, 111
Trd, 4319145.493, 92
Trd, 4319145.543, 66
Trd, 4319147.843, 96
Trd, 4319147.993, 83
Trd, 4319149.193, 94
Trd, 4319149.393, 78
Trd, 4319149.643, 88
Trd, 4319150.393, 138
Trd, 4319152.843, 137
Trd, 4319153.243, 136
Trd, 4319153.443, 115
Trd, 4319154.093, 114
Trd, 4319154.443, 102
Trd, 4319155.393, 99
Trd, 4319156.993, 92
Trd, 4319158.193, 97
Trd, 4319159.993, 98
Trd, 4319160.393, 97
Trd, 4319161.043, 107
Trd, 4319162.043, 92
Trd, 4319162.093, 91
Trd, 4319163.093, 101
Trd, 4319163.293, 92
Trd, 4319164.643, 89
Trd, 4319164.943, 81
Trd, 4319165.693, 95
Trd, 4319167.443, 60
Trd, 4319168.143, 93
Trd, 4319169.043, 79
Trd, 4319169.843, 78
Trd, 4319170.093, 90
Trd, 4319170.693, 90
Trd, 4319171.043, 86
Trd, 4319172.343, 88
Trd, 4319172.593, 92
Trd, 4319174.343, 100
Trd, 4319174.443, 92
Trd, 4319174.843, 92
Trd, 4319174.893, 91
Trd, 4319176.693, 93
Trd, 4319176.943, 111
Trd, 4319177.993, 105
Trd, 4319178.743, 89
Trd, 4319180.193, 108
Trd, 4319180.343, 98
Trd, 4319181.043, 61
Trd, 4319182.143, 61
Trd, 4319183.143, 101
Trd, 4319183.443, 84
Trd, 4319184.493, 75
Trd, 4319185.893, 68
Trd, 4319188.543, 85
Trd, 4319188.693, 92
Trd, 4319189.143, 93
Trd, 4319189.293, 92
Trd, 4319189.793, 126
Trd, 4319190.243, 109
Trd, 4319191.943, 105
Trd, 4319192.793, 96
Trd, 4319193.793, 122
Trd, 4319194.843, 100
Trd, 4319195.143, 95
Trd, 4319195.743, 64
Trd, 4319196.243, 135
Trd, 4319197.493, 60
Trd, 4319198.343, 65
Trd, 4319198.693, 90
Trd, 4319199.443, 60
Trd, 4319199.793, 81
Trd, 4319201.093, 65
Trd, 4319201.343, 88
Trd, 4319202.843, 88
Trd, 4319203.343, 102
Trd, 4319203.993, 72
Trd, 4319205.043, 75
Trd, 4319205.643, 83
Trd, 4319206.093, 88
Trd, 4319207.943, 90
Trd, 4319208.443, 90
Trd, 4319209.443, 69
Trd, 4319209.743, 100
Trd, 4319210.343, 84
Trd, 4319211.043, 108
Trd, 4319213.393, 65
Trd, 4319214.493, 74
Trd, 4319214.993, 103
Trd, 4319215.593, 72
Trd, 4319216.243, 79
Trd, 4319216.593, 101
Trd, 4319216.893, 92
Trd, 4319217.243, 77
Trd, 4319217.893, 89
Trd, 4319219.743, 114
Trd, 4319221.093, 108
Trd, 4319221.793, 104
Trd, 4319222.143, 89
Trd, 4319222.743, 72
Trd, 4319222.793, 90
Trd, 4319224.643, 92
Trd, 4319225.543, 96
Trd, 4319225.893, 100
Trd, 4319225.943, 95
Trd, 4319226.143, 67
Trd, 4319227.543, 140
Trd, 4319227.593, 139
Trd, 4319228.043, 138
Trd, 4319230.093, 120
Trd, 4319231.943, 115
Trd, 4319232.093, 112
Trd, 4319232.443, 108
Trd, 4319233.093, 108
Trd, 4319233.193, 107
Trd, 4319233.843, 109
Trd, 4319234.493, 117
Trd, 4319235.093, 105
Trd, 4319236.493, 118
Trd, 4319236.993, 77
Trd, 4319237.993, 72
Trd, 4319238.093, 63
Trd, 4319238.243, 100
Trd, 4319238.643, 103
Trd, 4319240.443, 109
Trd, 4319241.293, 70
Trd, 4319242.243, 102
Trd, 4319242.593, 83
Trd, 4319243.643, 79
Trd, 4319246.693, 133
Trd, 4319246.893, 132
Trd, 4319247.793, 121
Trd, 4319247.993, 116
Trd, 4319248.893, 127
Trd, 4319249.593, 120
Trd, 4319249.893, 120
Trd, 4319250.043, 119
Trd, 4319252.093, 111
Trd, 4319252.493, 110
Trd, 4319255.393, 108
Trd, 4319256.093, 108
Trd, 4319256.643, 107
Trd, 4319257.943, 113
Trd, 4319258.043, 105
Trd, 4319258.143, 120
Trd, 4319258.443, 69
Trd, 4319258.943, 63
Trd, 4319259.443, 81
Trd, 4319260.343, 85
Trd, 4319261.393, 62
Trd, 4319261.443, 96
Trd, 4319261.793, 66
Trd, 4319262.693, 120
Trd, 4319264.593, 120
Trd, 4319265.093, 118
Trd, 4319265.193, 115
Trd, 4319266.743, 109
Trd, 4319266.843, 104
Trd, 4319267.143, 112
Trd, 4319267.743, 110
Trd, 4319268.943, 115
Trd, 4319269.593, 78
Trd, 4319269.693, 76
Trd, 4319270.393, 79
Trd, 4319270.643, 80
Trd, 4319271.693, 82
Trd, 4319272.943, 84
Trd, 4319273.643, 93
Trd, 4319273.843, 121
Trd, 4319274.393, 82
Trd, 4319274.593, 89
Trd, 4319277.543, 106
Trd, 4319278.993, 109
Trd, 4319279.743, 107
Trd, 4319279.793, 106
Trd, 4319281.093, 136
Trd, 4319281.143, 135
Trd, 4319281.193, 134
Trd, 4319282.093, 126
Trd, 4319284.893, 110
Trd, 4319285.343, 113
Trd, 4319285.443, 112
Trd, 4319286.193, 134
Trd, 4319286.243, 132
Trd, 4319287.893, 99
Trd, 4319288.143, 101
Trd, 4319289.193, 79
Trd, 4319289.593, 93
Trd, 4319289.793, 79
Trd, 4319291.643, 83
Trd, 4319291.693, 82
Trd, 4319291.793, 88
Trd, 4319294.993, 64
Trd, 4319295.743, 110
Trd, 4319296.293, 82
Trd, 4319296.543, 88
Trd, 4319299.193, 112
Trd, 4319299.243, 108
Trd, 4319299.843, 108
Trd, 4319300.343, 101
Trd, 4319300.393, 100
Trd, 4319300.443, 94
Trd, 4319301.143, 137
Trd, 4319302.793, 131
Trd, 4319303.643, 135
Trd, 4319304.593, 135
Trd, 4319305.193, 123
Trd, 4319305.443, 114
Trd, 4319306.493, 115
Trd, 4319307.243, 86
Trd, 4319307.943, 83
Trd, 4319308.693, 86
Trd, 4319308.743, 88
Trd, 4319309.243, 93
Trd, 4319309.843, 73
Trd, 4319310.743, 75
Trd, 4319311.943, 72
Trd, 4319312.193, 74
Trd, 4319312.743, 97
Trd, 4319312.843, 71
Trd, 4319313.843, 132
Trd, 4319314.193, 92
Trd, 4319314.793, 117
Trd, 4319315.643, 89
Trd, 4319316.093, 102
Trd, 4319317.143, 77
Trd, 4319318.043, 62
Trd, 4319318.893, 65
Trd, 4319319.393, 67
Trd, 4319319.843, 84
Trd, 4319320.143, 69
Trd, 4319321.393, 79
Trd, 4319321.843, 68
Trd, 4319323.043, 68
Trd, 4319324.743, 88
Trd, 4319325.193, 89
Trd, 4319325.493, 88
Trd, 4319326.193, 90
Trd, 4319326.793, 82
Trd, 4319327.193, 96
Trd, 4319328.193, 114
Trd, 4319329.243, 106
Trd, 4319329.443, 105
Trd, 4319330.343, 123
Trd, 4319331.093, 96
Trd, 4319331.493, 116
Trd, 4319331.643, 108
Trd, 4319332.793, 97
Trd, 4319332.843, 102
Trd, 4319334.393, 127
Trd, 4319334.443, 115
Trd, 4319334.593, 102
Trd, 4319336.793, 100
Trd, 4319337.143, 99
Trd, 4319337.193, 98
Trd, 4319339.793, 127
Trd, 4319339.843, 126
Trd, 4319340.693, 122
Trd, 4319340.843, 120
Trd, 4319341.893, 128
Trd, 4319343.543, 116
Trd, 4319343.593, 115
Trd, 4319344.843, 108
Trd, 4319345.393, 105
Trd, 4319345.993, 124
Trd, 4319346.093, 108
Trd, 4319347.443, 93
Trd, 4319347.843, 93
Trd, 4319348.243, 92
Trd, 4319348.893, 90
Trd, 4319349.043, 88
Trd, 4319349.793, 67
Trd, 4319351.643, 72
Trd, 4319351.693, 66
Trd, 4319352.743, 110
Trd, 4319354.043, 94
Trd, 4319354.843, 113
Trd, 4319355.593, 103
Trd, 4319356.393, 120
Trd, 4319357.493, 105
Trd, 4319358.793, 69
Trd, 4319358.943, 68
Trd, 4319360.693, 99
Trd, 4319361.043, 64
Trd, 4319361.893, 127
Trd, 4319362.893, 77
Trd, 4319364.593, 128
Trd, 4319365.143, 112
Trd, 4319365.893, 111
Trd, 4319366.493, 100
Trd, 4319366.543, 109
Trd, 4319366.893, 114
Trd, 4319367.343, 102
Trd, 4319367.643, 101
Trd, 4319368.593, 137
Trd, 4319368.743, 128
Trd, 4319369.893, 106
Trd, 4319370.593, 112
Trd, 4319370.643, 111
Trd, 4319370.793, 95
Trd, 4319372.093, 81
Trd, 4319372.943, 84
Trd, 4319373.043, 81
Trd, 4319373.143, 107
Trd, 4319373.943, 88
Trd, 4319375.343, 120
Trd, 4319375.493, 119
Trd, 4319375.543, 101
Trd, 4319375.643, 95
Trd, 4319376.093, 65
Trd, 4319378.143, 121
Trd, 4319379.193, 100
Trd, 4319379.243, 64
Trd, 4319379.543, 68
Trd, 4319380.343, 74
Trd, 4319382.493, 100
Trd, 4319382.743, 99
Trd, 4319383.293, 116
Trd, 4319384.443, 138
Trd, 4319384.593, 137
Trd, 4319384.643, 136
Trd, 4319385.693, 135
Trd, 4319386.243, 112
Trd, 4319386.593, 97
Trd, 4319387.243, 88
Trd, 4319389.243, 130
Trd, 4319390.043, 101
Trd, 4319390.193, 100
Trd, 4319391.943, 109
Trd, 4319392.143, 107
Trd, 4319392.243, 106
Trd, 4319393.243, 98
Trd, 4319393.843, 72
Trd, 4319395.243, 106
Trd, 4319397.543, 85
Trd, 4319398.943, 131
Trd, 4319399.143, 117
Trd, 4319399.193, 96
Trd, 4319399.293, 93
Trd, 4319399.643, 80
Trd, 4319400.443, 108
Trd, 4319400.593, 107
Trd, 4319400.793, 82
Trd, 4319401.393, 60
Trd, 4319401.843, 84
Trd, 4319405.443, 81
Trd, 4319405.643, 80
Trd, 4319407.793, 97
Trd, 4319408.093, 96
Trd, 4319408.293, 106
Trd, 4319408.593, 103
Trd, 4319408.793, 88
Trd, 4319409.293, 85
Trd, 4319410.143, 80
Trd, 4319410.193, 74
Trd, 4319411.543, 118
Trd, 4319412.493, 106
Trd, 4319412.943, 87
Trd, 4319413.743, 71
Trd, 4319413.943, 64
Trd, 4319414.143, 64
Trd, 4319416.043, 66
Trd, 4319416.943, 98
Trd, 4319418.543, 123
Trd, 4319419.343, 99
Trd, 4319419.943, 98
Trd, 4319420.593, 103
Trd, 4319420.793, 99
Trd, 4319421.193, 97
Trd, 4319422.293, 80
Trd, 4319423.693, 100
Trd, 4319424.093, 99
Trd, 4319424.443, 98
Trd, 4319426.543, 104
Trd, 4319427.293, 97
Trd, 4319427.443, 94
Trd, 4319428.093, 90
Trd, 4319428.643, 94
Trd, 4319428.943, 110
Trd, 4319430.093, 138
Trd, 4319430.243, 120
Trd, 4319430.743, 109
Trd, 4319432.893, 114
Trd, 4319434.393, 74
Trd, 4319435.343, 60
Trd, 4319435.493, 62
Trd, 4319436.193, 60
Trd, 4319436.293, 62
Trd, 4319437.393, 91
Trd, 4319439.293, 92
Trd, 4319440.343, 128
Trd, 4319440.743, 125
Trd, 4319441.093, 126
Trd, 4319441.243, 113
Trd, 4319441.993, 121
Trd, 4319442.793, 114
Trd, 4319443.143, 108
Trd, 4319445.843, 113
Trd, 4319445.893, 109
Trd, 4319446.693, 107
Trd, 4319447.193, 107
Trd, 4319447.393, 100
Trd, 4319447.643, 132
Trd, 4319449.543, 101
Trd, 4319449.793, 100
Trd, 4319450.143, 114
Trd, 4319451.043, 100
Trd, 4319451.893, 83
Trd, 4319452.393, 82
Trd, 4319454.293, 132
Trd, 4319455.043, 120
Trd, 4319455.493, 119
Trd, 4319456.243, 93
Trd, 4319456.693, 99
Trd, 4319457.693, 105
Trd, 4319458.243, 95
Trd, 4319458.743, 92
Trd, 4319459.043, 92
Trd, 4319460.243, 88
Trd, 4319460.493, 82
Trd, 4319460.843, 128
Trd, 4319461.843, 70
Trd, 4319463.193, 95
Trd, 4319463.743, 85
Trd, 4319464.343, 88
Trd, 4319464.593, 96
Trd, 4319464.893, 84
Trd, 4319465.343, 121
Trd, 4319467.343, 120
Trd, 4319467.843, 109
Trd, 4319469.443, 112
Trd, 4319469.593, 104
Trd, 4319470.243, 103
Trd, 4319470.493, 96
Trd, 4319471.143, 94
Trd, 4319471.493, 93
Trd, 4319472.843, 138
Trd, 4319474.393, 115
Trd, 4319474.443, 113
Trd, 4319475.793, 126
Trd, 4319476.293, 115
Trd, 4319476.993, 98
Trd, 4319477.393, 84
Trd, 4319477.443, 126
Trd, 4319478.593, 63
Trd, 4319478.643, 71
Trd, 4319482.093, 103
Trd, 4319482.343, 101
Trd, 4319482.693, 101
Trd, 4319484.143, 90
Trd, 4319484.893, 91
Trd, 4319485.143, 78
Trd, 4319485.593, 103
Trd, 4319485.943, 100
Trd, 4319486.843, 95
Trd, 4319486.893, 94
Trd, 4319487.143, 132
Trd, 4319487.543, 94
Trd, 4319488.543, 95
Trd, 4319489.843, 104
Trd, 4319489.993, 98
Trd, 4319490.693, 97
Trd, 4319491.143, 92
Trd, 4319491.693, 60
Trd, 4319492.543, 65
Trd, 4319494.893, 103
Trd, 4319496.193, 84
Trd, 4319496.343, 135
Trd, 4319497.393, 127
Trd, 4319498.093, 89
Trd, 4319499.943, 70
Trd, 4319500.493, 93
Trd, 4319501.193, 103
Trd, 4319501.443, 95
Trd, 4319502.293, 105
Trd, 4319503.343, 108
Trd, 4319504.393, 102
Trd, 4319504.743, 99
Trd, 4319504.793, 102
Trd, 4319504.993, 117
Trd, 4319506.543, 121
Trd, 4319507.443, 73
Trd, 4319509.393, 61
Trd, 4319510.693, 84
Trd, 4319510.843, 77
Trd, 4319510.943, 86
Trd, 4319511.093, 70
Trd, 4319512.243, 85
Trd, 4319512.893, 94
Trd, 4319514.243, 95
Trd, 4319514.443, 94
Trd, 4319514.793, 90
Trd, 4319514.843, 116
Trd, 4319516.393, 97
Trd, 4319517.593, 82
Trd, 4319517.993, 74
Trd, 4319518.543, 98
Trd, 4319520.043, 129
Trd, 4319520.793, 118
Trd, 4319521.693, 67
Trd, 4319521.893, 66
Trd, 4319522.093, 64
Trd, 4319522.643, 89
Trd, 4319523.793, 83
Trd, 4319523.943, 82
Trd, 4319525.293, 86
Trd, 4319526.593, 105
Trd, 4319527.243, 106
Trd, 4319527.343, 104
Trd, 4319529.543, 131
Trd, 4319529.643, 130
Trd, 4319529.793, 118
Trd, 4319530.443, 102
Trd, 4319530.593, 98
Trd, 4319531.443, 61
Trd, 4319531.593, 116
Trd, 4319532.943, 60
Trd, 4319534.993, 98
Trd, 4319536.293, 88
Trd, 4319536.443, 84
Trd, 4319536.843, 92
Trd, 4319538.593, 128
Trd, 4319538.893, 115
Trd, 4319539.043, 113
Trd, 4319540.493, 103
Trd, 4319541.193, 65
Trd, 4319541.743, 65
Trd, 4319541.893, 60
Trd, 4319542.343, 69
Trd, 4319542.643, 72
Trd, 4319544.393, 61
Trd, 4319544.943, 87
Trd, 4319546.143, 63
Trd, 4319546.743, 115
Trd, 4319548.643, 84
Trd, 4319549.143, 78
Trd, 4319550.393, 83
Trd, 4319550.843, 126
Trd, 4319551.693, 98
Trd, 4319551.793, 86
Trd, 4319552.043, 116
Trd, 4319552.793, 114
Trd, 4319553.643, 91
Trd, 4319554.643, 99
Trd, 4319555.943, 131
Trd, 4319556.243, 129
Trd, 4319556.343, 125
Trd, 4319556.993, 125
Trd, 4319557.543, 121
Trd, 4319558.143, 112
Trd, 4319559.493, 103
Trd, 4319560.343, 88
Trd, 4319560.593, 82
Trd, 4319561.143, 77
Trd, 4319563.493, 100
Trd, 4319563.593, 99
Trd, 4319564.443, 111
Trd, 4319564.743, 111
Trd, 4319566.493, 119
Trd, 4319567.393, 134
Trd, 4319567.743, 133
Trd, 4319567.793, 124
Trd, 4319568.543, 101
Trd, 4319568.843, 100
Trd, 4319568.993, 77
Trd, 4319569.893, 62
Trd, 4319570.493, 69
Trd, 4319571.793, 71
Trd, 4319573.993, 73
Trd, 4319574.543, 81
Trd, 4319575.043, 87
Trd, 4319576.843, 101
Trd, 4319577.293, 90
Trd, 4319578.193, 124
Trd, 4319578.293, 90
Trd, 4319579.143, 100
Trd, 4319579.843, 124
Trd, 4319579.993, 125
Trd, 4319580.893, 90
Trd, 4319581.193, 90
Trd, 4319581.343, 93
Trd, 4319581.943, 106
Trd, 4319582.093, 105
Trd, 4319584.893, 121
Trd, 4319585.543, 121
Trd, 4319586.693, 124
Trd, 4319586.843, 101
Trd, 4319587.343, 83
Trd, 4319588.093, 82
Trd, 4319588.993, 89
Trd, 4319589.443, 71
Trd, 4319589.693, 64
Trd, 4319590.243, 99
Trd, 4319590.443, 68
Trd, 4319591.893, 64
Trd, 4319592.243, 78
Trd, 4319593.393, 65
Trd, 4319593.843, 91
Trd, 4319594.493, 72
Trd, 4319596.043, 92
Trd, 4319596.393, 84
Trd, 4319598.343, 139
Trd, 4319598.793, 138
Trd, 4319599.693, 137
Trd, 4319600.693, 107
Trd, 4319600.893, 137
Trd, 4319601.243, 138
Trd, 4319601.743, 129
Trd, 4319602.093, 121
Trd, 4319602.993, 119
Trd, 4319604.843, 60
Trd, 4319605.393, 64
Trd, 4319605.993, 69
Trd, 4319606.643, 72
Trd, 4319607.493, 96
Trd, 4319607.993, 127
Trd, 4319608.693, 136
Trd, 4319608.743, 96
Trd, 4319608.843, 82
Trd, 4319610.693, 67
Trd, 4319610.993, 103
Trd, 4319611.543, 67
Trd, 4319612.593, 95
Trd, 4319612.943, 95
Trd, 4319613.093, 89
Trd, 4319613.243, 67
Trd, 4319613.743, 85
Trd, 4319613.943, 85
Trd, 4319615.043, 60
Trd, 4319616.993, 121
Trd, 4319618.743, 139
Trd, 4319618.893, 138
Trd, 4319619.443, 137
Trd, 4319619.593, 125
Trd, 4319620.093, 114
Trd, 4319620.193, 114
Trd, 4319620.743, 112
Trd, 4319621.893, 140
Trd, 4319621.993, 140
Trd, 4319624.043, 92
Trd, 4319624.393, 90
Trd, 4319625.093, 120
Trd, 4319626.193, 112
Trd, 4319626.943, 111
Trd, 4319627.943, 133
Trd, 4319628.043, 124
Trd, 4319628.293, 116
Trd, 4319628.593, 90
Trd, 4319629.443, 87
Trd, 4319632.743, 118
Trd, 4319632.843, 118
Trd, 4319633.193, 115
Trd, 4319633.643, 106
Trd, 4319634.443, 103
Trd, 4319634.493, 101
Trd, 4319636.393, 110
Trd, 4319636.543, 91
Trd, 4319637.543, 117
Trd, 4319637.743, 116
Trd, 4319638.293, 94
Trd, 4319638.993, 85
Trd, 4319639.593, 94
Trd, 4319640.543, 92
Trd, 4319641.693, 93
Trd, 4319642.293, 111
Trd, 4319642.493, 92
Trd, 4319643.093, 99
Trd, 4319643.443, 82
Trd, 4319644.443, 124
Trd, 4319644.843, 114
Trd, 4319645.243, 83
Trd, 4319648.043, 82
Trd, 4319648.643, 81
Trd, 4319649.343, 97
Trd, 4319649.443, 85
Trd, 4319649.743, 82
Trd, 4319650.493, 75
Trd, 4319650.793, 92
Trd, 4319650.893, 103
Trd, 4319652.893, 79
Trd, 4319653.793, 93
Trd, 4319655.593, 105
Trd, 4319656.243, 105
Trd, 4319656.393, 102
Trd, 4319656.543, 121
Trd, 4319656.693, 91
Trd, 4319658.193, 139
Trd, 4319658.893, 117
Trd, 4319659.193, 116
Trd, 4319659.243, 101
Trd, 4319661.293, 102
Trd, 4319661.593, 98
Trd, 4319662.543, 139
Trd, 4319662.643, 94
Trd, 4319663.943, 134
Trd, 4319664.743, 129
Trd, 4319664.943, 118
Trd, 4319665.193, 97
Trd, 4319665.243, 96
Trd, 4319666.643, 66
Trd, 4319667.293, 73
Trd, 4319667.643, 81
Trd, 4319669.043, 81
Trd, 4319669.743, 84
Trd, 4319670.043, 84
Trd, 4319670.193, 122
Trd, 4319670.993, 83
Trd, 4319671.143, 80
Trd, 4319672.293, 88
Trd, 4319672.493, 77
Trd, 4319673.343, 90
Trd, 4319674.693, 88
Trd, 4319675.143, 92
Trd, 4319675.643, 112
Trd, 4319675.793, 79
Trd, 4319678.093, 107
Trd, 4319679.193, 79
Trd, 4319679.743, 111
Trd, 4319680.393, 112
Trd, 4319682.143, 132
Trd, 4319682.343, 130
Trd, 4319682.643, 121
Trd, 4319682.993, 119
Trd, 4319683.143, 102
Trd, 4319683.293, 97
Trd, 4319685.193, 80
Trd, 4319685.693, 79
Trd, 4319686.743, 84
Trd, 4319687.543, 97
Trd, 4319688.093, 76
Trd, 4319688.493, 86
Trd, 4319688.793, 74
Trd, 4319691.093, 86
Trd, 4319693.193, 105
Trd, 4319693.343, 130
Trd, 4319693.543, 111
Trd, 4319694.943, 101
Trd, 4319694.993, 100
Trd, 4319695.743, 84
Trd, 4319696.093, 113
Trd, 4319698.443, 86
Trd, 4319699.293, 126
Trd, 4319700.543, 106
Trd, 4319700.943, 106
Trd, 4319702.293, 107
Trd, 4319702.693, 105
Trd, 4319702.843, 94
Trd, 4319703.093, 85
Trd, 4319704.193, 105
Trd, 4319704.343, 113
Trd, 4319705.143, 103
Trd, 4319705.843, 140
Trd, 4319706.343, 82
Trd, 4319707.393, 75
Trd, 4319708.443, 84
Trd, 4319708.743, 82
Trd, 4319709.293, 138
Trd, 4319709.343, 67
Trd, 4319710.343, 125
Trd, 4319710.893, 128
Trd, 4319712.893, 120
Trd, 4319713.593, 136
Trd, 4319713.993, 119
Trd, 4319714.743, 109
Trd, 4319714.943, 93
Trd, 4319714.993, 87
Trd, 4319715.093, 85
Trd, 4319715.943, 115
Trd, 4319717.043, 70
Trd, 4319717.993, 67
Trd, 4319718.743, 63
Trd, 4319719.993, 103
Trd, 4319720.243, 125
Trd, 4319720.543, 112
Trd, 4319720.893, 111
Trd, 4319720.993, 98
Trd, 4319722.093, 95
Trd, 4319722.843, 67
Trd, 4319724.993, 74
Trd, 4319725.143, 78
Trd, 4319726.093, 89
Trd, 4319727.043, 64
Trd, 4319727.643, 69
Trd, 4319728.093, 70
Trd, 4319730.293, 128
Trd, 4319730.343, 127
Trd, 4319731.043, 96
Trd, 4319731.093, 74
Trd, 4319731.343, 128
Trd, 4319731.643, 71
Trd, 4319732.093, 69
Trd, 4319733.543, 83
Trd, 4319733.843, 84
Trd, 4319734.193, 84
Trd, 4319734.693, 81
Trd, 4319734.993, 97
Trd, 4319736.343, 117
Trd, 4319736.543, 111
Trd, 4319736.843, 111
Trd, 4319738.093, 98
Trd, 4319739.893, 134
Trd, 4319740.643, 134
Trd, 4319741.093, 133
Trd, 4319742.143, 137
Trd, 4319742.643, 132
Trd, 4319743.143, 120
Trd, 4319744.393, 113
Trd, 4319744.693, 106
Trd, 4319745.343, 105
Trd, 4319745.543, 103
Trd, 4319746.593, 105
Trd, 4319747.643, 94
Trd, 4319748.543, 79
Trd, 4319749.493, 86
Trd, 4319749.593, 85
Trd, 4319749.843, 83
Trd, 4319750.443, 76
Trd, 4319750.943, 74
Trd, 4319751.643, 67
Trd, 4319751.743, 68
Trd, 4319753.843, 61
Trd, 4319756.643, 76
Trd, 4319758.043, 126
Trd, 4319759.893, 120
Trd, 4319759.943, 119
Trd, 4319760.393, 119
Trd, 4319761.093, 135
Trd, 4319761.343, 117
Trd, 4319761.693, 107
Trd, 4319762.343, 93
Trd, 4319762.643, 75
Trd, 4319765.193, 128
Trd, 4319765.443, 128
Trd, 4319765.693, 127
Trd, 4319766.343, 132
Trd, 4319766.493, 131
Trd, 4319766.993, 111
Trd, 4319768.643, 109
Trd, 4319769.093, 107
Trd, 4319769.843, 110
Trd, 4319770.693, 136
Trd, 4319770.843, 101
Trd, 4319771.993, 67
Trd, 4319772.993, 61
Trd, 4319774.243, 61
Trd, 4319774.543, 93
Trd, 4319775.193, 62
Trd, 4319776.343, 140
Trd, 4319777.843, 68
Trd, 4319777.993, 80
Trd, 4319778.793, 69
Trd, 4319781.343, 82
Trd, 4319781.493, 100
Trd, 4319781.743, 79
Trd, 4319781.893, 76
Trd, 4319783.193, 74
Trd, 4319783.943, 87
Trd, 4319784.343, 82
Trd, 4319785.343, 92
Trd, 4319785.443, 91
Trd, 4319785.943, 103
Trd, 4319786.543, 92
Trd, 4319786.743, 79
Trd, 4319788.293, 115
Trd, 4319788.993, 104
Trd, 4319789.943, 91
Trd, 4319790.593, 118
Trd, 4319791.243, 119
Trd, 4319791.443, 118
Trd, 4319792.043, 104
Trd, 4319792.643, 102
Trd, 4319793.193, 101
Trd, 4319793.243, 95
Trd, 4319795.793, 86
Trd, 4319796.193, 81
Trd, 4319796.343, 80
Trd, 4319797.093, 62
Trd, 4319797.343, 81
Trd, 4319798.293, 104
Trd, 4319799.543, 116
Trd, 4319799.893, 77
Trd, 4319800.293, 99
Trd, 4319800.643, 77
Trd, 4319800.843, 87
Trd, 4319802.643, 93
Trd, 4319802.943, 91
Trd, 4319805.243, 101
Trd, 4319805.543, 104
Trd, 4319805.593, 100
Trd, 4319807.243, 111
Trd, 4319807.743, 96
Trd, 4319807.943, 136
Trd, 4319808.143, 114
Trd, 4319808.393, 124
Trd, 4319809.893, 91
Trd, 4319810.043, 111
Trd, 4319810.493, 72
Trd, 4319811.243, 112
Trd, 4319811.743, 126
Trd, 4319814.943, 95
Trd, 4319815.243, 92
Trd, 4319816.093, 86
Trd, 4319816.393, 84
Trd, 4319816.643, 77
Trd, 4319817.543, 73
Trd, 4319818.543, 62
Trd, 4319819.443, 60
Trd, 4319819.693, 102
Trd, 4319820.543, 61
Trd, 4319820.693, 61
Trd, 4319821.943, 65
Trd, 4319822.743, 81
Trd, 4319823.193, 117
Trd, 4319823.393, 95
Trd, 4319824.843, 98
Trd, 4319825.593, 97
Trd, 4319826.393, 92
Trd, 4319826.843, 92
Trd, 4319826.943, 87
Trd, 4319827.143, 85
Trd, 4319827.843, 73
Trd, 4319828.093, 98
Trd, 4319829.443, 75
Trd, 4319831.543, 138
Trd, 4319831.893, 125
Trd, 4319831.943, 115
Trd, 4319832.943, 114
Trd, 4319833.943, 111
Trd, 4319834.043, 94
Trd, 4319834.393, 80
Trd, 4319836.743, 100
Trd, 4319837.393, 127
Trd, 4319839.443, 112
Trd, 4319839.593, 110
Trd, 4319840.143, 108
Trd, 4319840.193, 107
Trd, 4319842.043, 135
Trd, 4319842.743, 121
Trd, 4319842.893, 115
Trd, 4319843.043, 113
Trd, 4319843.143, 111
Trd, 4319843.593, 111
Trd, 4319845.493, 61
Trd, 4319846.393, 67
Trd, 4319847.643, 73
Trd, 4319847.743, 95
Trd, 4319848.793, 106
Trd, 4319848.993, 102
Trd, 4319849.393, 69
Trd, 4319850.493, 74
Trd, 4319850.943, 95
Trd, 4319851.493, 89
Trd, 4319853.543, 96
Trd, 4319854.043, 96
Trd, 4319854.893, 132
Trd, 4319855.593, 116
Trd, 4319856.243, 116
Trd, 4319856.843, 107
Trd, 4319857.343, 88
Trd, 4319858.143, 98
Trd, 4319859.393, 88
Trd, 4319860.543, 90
Trd, 4319860.993, 87
Trd, 4319861.693, 77
Trd, 4319862.343, 86
Trd, 4319862.443, 99
Trd, 4319863.043, 87
Trd, 4319863.143, 113
Trd, 4319863.543, 86
Trd, 4319865.843, 84
Trd, 4319866.443, 85
Trd, 4319866.793, 80
Trd, 4319867.843, 109
Trd, 4319868.993, 87
Trd, 4319869.793, 104
Trd, 4319870.793, 119
Trd, 4319871.193, 101
Trd, 4319872.043, 90
Trd, 4319872.643, 130
Trd, 4319872.693, 117
Trd, 4319873.093, 74
Trd, 4319874.393, 104
Trd, 4319875.243, 86
Trd, 4319875.493, 77
Trd, 4319875.743, 69
Trd, 4319876.843, 107
Trd, 4319877.093, 102
Trd, 4319878.343, 118
Trd, 4319879.243, 119
Trd, 4319880.143, 123
Trd, 4319881.043, 124
Trd, 4319882.643, 123
Trd, 4319882.743, 116
Trd, 4319882.993, 74
Trd, 4319883.293, 80
Trd, 4319883.443, 65
Trd, 4319885.593, 83
Trd, 4319885.943, 77
Trd, 4319886.143, 98
Trd, 4319887.293, 112
Trd, 4319887.493, 111
Trd, 4319888.343, 92
Trd, 4319888.793, 88
Trd, 4319889.443, 86
Trd, 4319892.343, 112
Trd, 4319893.593, 113
Trd, 4319893.693, 110
Trd, 4319893.743, 109
Trd, 4319894.643, 123
Trd, 4319894.843, 103
Trd, 4319895.293, 92
Trd, 4319896.093, 92
Trd, 4319896.393, 89
Trd, 4319897.043, 113
Trd, 4319897.943, 113
Trd, 4319898.193, 121
Trd, 4319898.893, 103
Trd, 4319901.343, 115
Trd, 4319901.743, 117
Trd, 4319901.943, 105
Trd, 4319903.593, 100
Trd, 4319903.643, 87
Trd, 4319904.043, 72
Trd, 4319904.243, 71
Trd, 4319905.093, 118
Trd, 4319905.743, 136
Trd, 4319905.993, 135
Trd, 4319907.843, 126
Trd, 4319908.143, 125
Trd, 4319909.343, 105
Trd, 4319909.793, 104
Trd, 4319911.143, 96
Trd, 4319911.543, 104
Trd, 4319911.743, 98
Trd, 4319911.893, 114
Trd, 4319912.043, 95
Trd, 4319912.343, 93
Trd, 4319914.493, 68
Trd, 4319917.743, 62
Trd, 4319918.093, 103
Trd, 4319918.293, 67
Trd, 4319919.143, 66
Trd, 4319921.293, 80
Trd, 4319921.693, 78
Trd, 4319923.393, 94
Trd, 4319924.143, 109
Trd, 4319924.193, 107
Trd, 4319924.643, 115
Trd, 4319924.843, 114
Trd, 4319924.893, 106
Trd, 4319926.493, 99
Trd, 4319926.993, 94
Trd, 4319928.443, 100
Trd, 4319928.693, 95
Trd, 4319929.343, 85
Trd, 4319929.443, 105
Trd, 4319930.143, 105
Trd, 4319930.393, 85
Trd, 4319931.693, 140
Trd, 4319932.343, 139
Trd, 4319933.443, 110
Trd, 4319934.743, 127
Trd, 4319935.143, 126
Trd, 4319935.193, 112
Trd, 4319935.493, 100
Trd, 4319935.743, 100
Trd, 4319935.843, 96
Trd, 4319938.643, 82
Trd, 4319940.143, 64
Trd, 4319940.343, 63
Trd, 4319940.893, 71
Trd, 4319941.343, 88
Trd, 4319941.843, 90
Trd, 4319942.893, 85
Trd, 4319943.193, 72
Trd, 4319943.593, 69
Trd, 4319944.793, 84
Trd, 4319946.093, 78
Trd, 4319946.343, 84
Trd, 4319946.993, 83
Trd, 4319949.843, 87
Trd, 4319951.293, 109
Trd, 4319951.343, 87
Trd, 4319951.693, 117
Trd, 4319952.443, 130
Trd, 4319953.043, 106
Trd, 4319953.843, 110
Trd, 4319955.193, 74
Trd, 4319955.993, 111
Trd, 4319956.043, 110
Trd, 4319957.243, 123
Trd, 4319957.743, 120
Trd, 4319958.793, 123
Trd, 4319958.993, 120
Trd, 4319959.643, 94
Trd, 4319960.743, 124
Trd, 4319961.993, 140
Trd, 4319962.793, 139
Trd, 4319963.393, 120
Trd, 4319964.193, 114
Trd, 4319964.893, 114
Trd, 4319964.943, 113
Trd, 4319965.143, 104
Trd, 4319966.093, 114
Trd, 4319966.143, 104
Trd, 4319967.643, 60
Trd, 4319968.193, 111
Trd, 4319968.893, 79
Trd, 4319970.593, 131
Trd, 4319971.243, 137
Trd, 4319972.893, 132
Trd, 4319974.643, 132
Trd, 4319974.793, 129
Trd, 4319975.493, 133
Trd, 4319976.993, 113
Trd, 4319977.443, 118
Trd, 4319977.893, 129
Trd, 4319979.643, 110
Trd, 4319979.793, 108
Trd, 4319980.043, 97
Trd, 4319981.543, 97
Trd, 4319981.893, 92
Trd, 4319981.943, 88
Trd, 4319983.843, 131
Trd, 4319983.943, 116
Trd, 4319984.543, 113
Trd, 4319984.593, 92
Trd, 4319984.643, 89
Trd, 4319986.243, 95
Trd, 4319988.543, 72
Trd, 4319988.593, 129
Trd, 4319989.493, 72
Trd, 4319989.743, 122
Trd, 4319990.793, 86
Trd, 4319990.943, 90
Trd, 4319990.993, 71
Trd, 4319992.543, 99
Trd, 4319992.743, 107
Trd, 4319992.793, 83
Trd, 4319994.093, 60
Trd, 4319994.693, 121
Trd, 4319995.443, 97
Trd, 4319996.493, 78
Trd, 4319998.043, 89
Trd, 4319999.543, 70
