Trd, 4318149.743, 126
Trd, 4318150.793, 138
Trd, 4318151.293, 136
Trd, 4318151.543, 135
Trd, 4318151.793, 138
Trd, 4318152.693, 136
Trd, 4318153.793, 131
Trd, 4318154.043, 95
Trd, 4318154.693, 91
Trd, 4318154.793, 93
Trd, 4318156.543, 62
Trd, 4318157.143, 71
Trd, 4318158.793, 135
Trd, 4318158.893, 72
Trd, 4318159.593, 71
Trd, 4318160.143, 100
Trd, 4318160.343, 77
Trd, 4318161.243, 89
Trd, 4318161.293, 70
Trd, 4318162.743, 133
Trd, 4318163.343, 95
Trd, 4318163.493, 94
Trd, 4318165.093, 140
Trd, 4318165.293, 82
Trd, 4318167.593, 63
Trd, 4318167.893, 115
Trd, 4318168.643, 63
Trd, 4318169.393, 91
Trd, 4318171.193, 60
Trd, 4318171.443, 64
Trd, 4318172.143, 102
Trd, 4318172.493, 82
Trd, 4318173.243, 68
Trd, 4318174.593, 97
Trd, 4318174.743, 67
Trd, 4318175.143, 83
Trd, 4318175.293, 87
Trd, 4318175.443, 65
Trd, 4318176.943, 66
Trd, 4318177.943, 67
Trd, 4318180.543, 63
Trd, 4318180.893, 65
Trd, 4318181.693, 64
Trd, 4318182.043, 85
Trd, 4318182.293, 63
Trd, 4318184.393, 84
Trd, 4318185.693, 77
Trd, 4318186.893, 115
Trd, 4318187.593, 108
Trd, 4318188.143, 130
Trd, 4318188.543, 119
Trd, 4318188.643, 133
Trd, 4318189.193, 81
Trd, 4318189.643, 66
Trd, 4318189.893, 67
Trd, 4318192.093, 62
Trd, 4318192.793, 72
Trd, 4318195.193, 112
Trd, 4318195.793, 110
Trd, 4318196.293, 140
Trd, 4318196.393, 70
Trd, 4318197.193, 138
Trd, 4318198.043, 129
Trd, 4318198.593, 128
Trd, 4318198.843, 127
Trd, 4318198.893, 130
Trd, 4318199.043, 124
Trd, 4318199.393, 95
Trd, 4318199.793, 119
Trd, 4318202.343, 60
Trd, 4318203.143, 71
Trd, 4318204.243, 61
Trd, 4318205.143, 65
Trd, 4318205.693, 139
Trd, 4318205.943, 128
Trd, 4318206.493, 139
Trd, 4318206.643, 138
Trd, 4318206.893, 128
Trd, 4318208.293, 136
Trd, 4318209.143, 135
Trd, 4318209.493, 135
Trd, 4318210.043, 124
Trd, 4318210.543, 123
Trd, 4318210.643, 121
Trd, 4318210.693, 113
Trd, 4318210.843, 97
Trd, 4318212.143, 140
Trd, 4318212.793, 105
Trd, 4318213.393, 73
Trd, 4318214.843, 106
Trd, 4318215.193, 94
Trd, 4318215.843, 127
Trd, 4318216.043, 128
Trd, 4318216.893, 140
Trd, 4318217.243, 139
Trd, 4318217.443, 138
Trd, 4318217.643, 128
Trd, 4318218.943, 100
Trd, 4318219.143, 98
Trd, 4318220.843, 119
Trd, 4318220.993, 96
Trd, 4318221.693, 137
Trd, 4318223.043, 139
Trd, 4318224.093, 139
Trd, 4318225.543, 140
Trd, 4318225.743, 140
Trd, 4318226.493, 129
Trd, 4318227.643, 138
Trd, 4318227.793, 122
Trd, 4318228.193, 124
Trd, 4318228.393, 140
Trd, 4318228.543, 112
Trd, 4318229.843, 135
Trd, 4318230.243, 140
Trd, 4318230.843, 138
Trd, 4318230.943, 135
Trd, 4318232.293, 139
Trd, 4318233.093, 122
Trd, 4318233.393, 118
Trd, 4318234.143, 138
Trd, 4318234.993, 136
Trd, 4318235.693, 101
Trd, 4318237.043, 64
Trd, 4318237.293, 64
Trd, 4318237.493, 67
Trd, 4318238.593, 135
Trd, 4318238.743, 108
Trd, 4318239.093, 87
Trd, 4318240.293, 140
Trd, 4318240.493, 140
Trd, 4318240.793, 116
Trd, 4318240.843, 103
Trd, 4318241.843, 117
Trd, 4318243.393, 110
Trd, 4318243.493, 109
Trd, 4318244.043, 109
Trd, 4318245.493, 139
Trd, 4318245.843, 139
Trd, 4318245.993, 133
Trd, 4318246.393, 106
Trd, 4318246.943, 98
Trd, 4318247.143, 91
Trd, 4318247.393, 100
Trd, 4318247.493, 78
Trd, 4318249.193, 90
Trd, 4318250.093, 63
Trd, 4318250.343, 63
Trd, 4318251.593, 122
Trd, 4318252.793, 105
Trd, 4318253.343, 99
Trd, 4318254.343, 99
Trd, 4318254.943, 140
Trd, 4318255.093, 135
Trd, 4318255.593, 135
Trd, 4318256.193, 134
Trd, 4318256.593, 124
Trd, 4318257.393, 78
Trd, 4318257.493, 75
Trd, 4318258.393, 68
Trd, 4318259.793, 123
Trd, 4318259.843, 122
Trd, 4318259.943, 130
Trd, 4318260.243, 121
Trd, 4318261.343, 110
Trd, 4318262.593, 83
Trd, 4318263.543, 125
Trd, 4318264.243, 120
Trd, 4318264.593, 139
Trd, 4318265.393, 110
Trd, 4318267.193, 140
Trd, 4318267.243, 139
Trd, 4318267.443, 133
Trd, 4318268.693, 134
Trd, 4318268.993, 133
Trd, 4318269.993, 102
Trd, 4318270.043, 72
Trd, 4318271.143, 140
Trd, 4318271.593, 130
Trd, 4318271.893, 125
Trd, 4318272.593, 67
Trd, 4318273.043, 96
Trd, 4318274.493, 140
Trd, 4318274.693, 140
Trd, 4318274.893, 115
Trd, 4318276.443, 61
Trd, 4318277.493, 69
Trd, 4318279.243, 133
Trd, 4318279.543, 136
Trd, 4318280.143, 136
Trd, 4318280.893, 117
Trd, 4318281.443, 139
Trd, 4318281.693, 128
Trd, 4318282.543, 112
Trd, 4318282.843, 123
Trd, 4318283.543, 100
Trd, 4318284.243, 140
Trd, 4318284.343, 140
Trd, 4318284.393, 140
Trd, 4318285.043, 137
Trd, 4318286.343, 132
Trd, 4318286.793, 105
Trd, 4318287.693, 122
Trd, 4318288.343, 94
Trd, 4318288.693, 60
Trd, 4318289.293, 91
Trd, 4318289.343, 114
Trd, 4318291.193, 62
Trd, 4318292.993, 67
Trd, 4318293.043, 70
Trd, 4318295.493, 61
Trd, 4318296.343, 60
Trd, 4318296.593, 60
Trd, 4318296.693, 62
Trd, 4318297.493, 66
Trd, 4318298.243, 62
Trd, 4318299.143, 120
Trd, 4318300.593, 60
Trd, 4318300.743, 61
Trd, 4318302.393, 81
Trd, 4318302.843, 106
Trd, 4318303.393, 66
Trd, 4318303.743, 121
Trd, 4318304.193, 129
Trd, 4318304.393, 122
Trd, 4318304.843, 67
Trd, 4318305.393, 140
Trd, 4318305.443, 140
Trd, 4318306.143, 126
Trd, 4318306.293, 71
Trd, 4318309.293, 87
Trd, 4318309.943, 83
Trd, 4318311.143, 130
Trd, 4318311.543, 140
Trd, 4318312.543, 140
Trd, 4318312.593, 140
Trd, 4318312.643, 128
Trd, 4318312.843, 95
Trd, 4318313.393, 60
Trd, 4318313.593, 62
Trd, 4318314.543, 69
Trd, 4318317.243, 140
Trd, 4318317.793, 140
Trd, 4318318.193, 140
Trd, 4318318.493, 140
Trd, 4318318.693, 139
Trd, 4318318.793, 128
Trd, 4318319.843, 93
Trd, 4318320.543, 94
Trd, 4318320.843, 137
Trd, 4318321.293, 74
Trd, 4318322.743, 140
Trd, 4318323.043, 139
Trd, 4318323.443, 104
Trd, 4318324.493, 110
Trd, 4318324.543, 85
Trd, 4318324.643, 77
Trd, 4318326.443, 101
Trd, 4318326.593, 94
Trd, 4318327.093, 93
Trd, 4318329.993, 140
Trd, 4318330.493, 139
Trd, 4318330.693, 138
Trd, 4318331.093, 102
Trd, 4318332.243, 122
Trd, 4318333.143, 65
Trd, 4318333.393, 86
Trd, 4318334.043, 85
Trd, 4318334.343, 79
Trd, 4318334.843, 140
Trd, 4318336.993, 132
Trd, 4318337.193, 132
Trd, 4318337.293, 121
Trd, 4318337.593, 100
Trd, 4318338.793, 84
Trd, 4318340.593, 64
Trd, 4318340.993, 65
Trd, 4318341.543, 90
Trd, 4318341.593, 95
Trd, 4318341.943, 65
Trd, 4318342.493, 140
Trd, 4318342.893, 136
Trd, 4318345.643, 108
Trd, 4318345.843, 108
Trd, 4318346.643, 107
Trd, 4318346.893, 138
Trd, 4318347.243, 135
Trd, 4318347.993, 109
Trd, 4318348.343, 106
Trd, 4318350.293, 134
Trd, 4318350.393, 123
Trd, 4318351.243, 136
Trd, 4318351.693, 122
Trd, 4318351.893, 110
Trd, 4318352.043, 107
Trd, 4318353.543, 75
Trd, 4318354.243, 83
Trd, 4318355.643, 80
Trd, 4318356.043, 67
Trd, 4318356.493, 62
Trd, 4318356.743, 108
Trd, 4318358.893, 60
Trd, 4318360.343, 61
Trd, 4318360.493, 65
Trd, 4318360.743, 66
Trd, 4318362.193, 68
Trd, 4318362.243, 74
Trd, 4318362.393, 64
Trd, 4318363.143, 137
Trd, 4318363.243, 126
Trd, 4318363.943, 139
Trd, 4318365.143, 140
Trd, 4318365.793, 133
Trd, 4318366.693, 119
Trd, 4318366.793, 103
Trd, 4318367.743, 72
Trd, 4318368.093, 62
Trd, 4318368.793, 87
Trd, 4318369.193, 102
Trd, 4318369.893, 96
Trd, 4318371.743, 99
Trd, 4318371.893, 100
Trd, 4318372.193, 105
Trd, 4318372.243, 97
Trd, 4318372.943, 95
Trd, 4318373.143, 71
Trd, 4318374.543, 61
Trd, 4318374.993, 109
Trd, 4318375.193, 68
Trd, 4318376.793, 63
Trd, 4318377.943, 66
Trd, 4318378.293, 93
Trd, 4318378.943, 81
Trd, 4318379.843, 108
Trd, 4318380.343, 88
Trd, 4318380.443, 139
Trd, 4318381.043, 75
Trd, 4318381.543, 92
Trd, 4318382.093, 69
Trd, 4318382.593, 65
Trd, 4318383.643, 99
Trd, 4318384.393, 127
Trd, 4318385.443, 98
Trd, 4318385.793, 140
Trd, 4318386.243, 96
Trd, 4318387.343, 96
Trd, 4318387.893, 96
Trd, 4318388.743, 96
Trd, 4318389.743, 100
Trd, 4318390.693, 90
Trd, 4318390.843, 88
Trd, 4318390.893, 87
Trd, 4318391.693, 128
Trd, 4318392.243, 77
Trd, 4318392.443, 134
Trd, 4318393.893, 127
Trd, 4318394.743, 137
Trd, 4318395.543, 133
Trd, 4318395.843, 132
Trd, 4318395.893, 130
Trd, 4318396.293, 77
Trd, 4318398.743, 137
Trd, 4318398.793, 128
Trd, 4318399.293, 136
Trd, 4318400.193, 139
Trd, 4318400.943, 139
Trd, 4318401.393, 138
Trd, 4318401.993, 127
Trd, 4318402.593, 124
Trd, 4318403.593, 124
Trd, 4318404.293, 77
Trd, 4318404.593, 76
Trd, 4318404.943, 140
Trd, 4318405.143, 139
Trd, 4318405.193, 125
Trd, 4318406.843, 128
Trd, 4318407.293, 127
Trd, 4318407.793, 120
Trd, 4318408.643, 62
Trd, 4318409.693, 91
Trd, 4318409.743, 105
Trd, 4318410.043, 140
Trd, 4318410.943, 66
Trd, 4318413.793, 60
Trd, 4318414.443, 64
Trd, 4318414.793, 76
Trd, 4318414.993, 100
Trd, 4318415.693, 77
Trd, 4318416.943, 86
Trd, 4318417.093, 85
Trd, 4318419.143, 70
Trd, 4318419.793, 66
Trd, 4318420.043, 68
Trd, 4318420.443, 117
Trd, 4318420.893, 121
Trd, 4318421.093, 140
Trd, 4318423.843, 63
Trd, 4318424.243, 69
Trd, 4318425.293, 62
Trd, 4318425.943, 122
Trd, 4318427.493, 68
Trd, 4318427.993, 106
Trd, 4318429.143, 66
Trd, 4318429.193, 65
Trd, 4318429.393, 62
Trd, 4318429.743, 107
Trd, 4318431.193, 74
Trd, 4318431.993, 65
Trd, 4318432.443, 83
Trd, 4318432.643, 92
Trd, 4318433.143, 140
Trd, 4318433.993, 140
Trd, 4318434.593, 139
Trd, 4318434.743, 138
Trd, 4318435.593, 121
Trd, 4318436.793, 139
Trd, 4318437.293, 131
Trd, 4318439.293, 132
Trd, 4318439.693, 135
Trd, 4318440.743, 135
Trd, 4318440.893, 140
Trd, 4318441.193, 125
Trd, 4318441.243, 121
Trd, 4318442.243, 115
Trd, 4318443.243, 87
Trd, 4318444.193, 94
Trd, 4318445.393, 140
Trd, 4318445.993, 139
Trd, 4318446.043, 128
Trd, 4318446.093, 112
Trd, 4318446.143, 85
Trd, 4318446.693, 140
Trd, 4318446.893, 140
Trd, 4318447.793, 85
Trd, 4318448.643, 123
Trd, 4318448.993, 60
Trd, 4318450.043, 71
Trd, 4318452.793, 111
Trd, 4318452.993, 108
Trd, 4318453.043, 95
Trd, 4318453.143, 93
Trd, 4318453.893, 107
Trd, 4318454.643, 72
Trd, 4318455.443, 78
Trd, 4318455.493, 112
Trd, 4318456.893, 140
Trd, 4318456.993, 139
Trd, 4318457.593, 121
Trd, 4318458.193, 101
Trd, 4318458.993, 82
Trd, 4318459.593, 84
Trd, 4318459.943, 82
Trd, 4318460.693, 105
Trd, 4318461.293, 81
Trd, 4318462.393, 85
Trd, 4318462.543, 134
Trd, 4318463.093, 79
Trd, 4318463.793, 78
Trd, 4318464.843, 67
Trd, 4318465.293, 64
Trd, 4318465.993, 138
Trd, 4318466.943, 118
Trd, 4318467.243, 116
Trd, 4318467.743, 115
Trd, 4318468.043, 87
Trd, 4318469.443, 60
Trd, 4318469.743, 93
Trd, 4318469.943, 108
Trd, 4318471.293, 134
Trd, 4318471.593, 72
Trd, 4318472.443, 67
Trd, 4318474.193, 139
Trd, 4318474.293, 139
Trd, 4318475.293, 60
Trd, 4318475.693, 64
Trd, 4318476.493, 60
Trd, 4318478.343, 63
Trd, 4318478.543, 60
Trd, 4318478.643, 65
Trd, 4318478.743, 104
Trd, 4318478.843, 103
Trd, 4318480.093, 60
Trd, 4318480.843, 84
Trd, 4318483.343, 110
Trd, 4318483.443, 110
Trd, 4318483.693, 109
Trd, 4318484.243, 125
Trd, 4318485.193, 117
Trd, 4318485.293, 103
Trd, 4318485.643, 98
Trd, 4318485.693, 83
Trd, 4318485.843, 108
Trd, 4318487.143, 61
Trd, 4318489.193, 127
Trd, 4318489.543, 126
Trd, 4318490.093, 138
Trd, 4318490.193, 119
Trd, 4318490.243, 109
Trd, 4318490.343, 90
Trd, 4318490.743, 60
Trd, 4318491.543, 139
Trd, 4318491.943, 64
Trd, 4318493.843, 130
Trd, 4318495.393, 140
Trd, 4318495.443, 139
Trd, 4318495.843, 140
Trd, 4318495.893, 140
Trd, 4318496.043, 128
Trd, 4318497.393, 64
Trd, 4318498.293, 76
Trd, 4318499.643, 61
Trd, 4318499.693, 63
Trd, 4318500.543, 63
Trd, 4318501.893, 63
Trd, 4318503.443, 64
Trd, 4318503.743, 67
Trd, 4318504.443, 112
Trd, 4318504.693, 70
Trd, 4318505.743, 133
Trd, 4318506.793, 75
Trd, 4318506.943, 70
Trd, 4318507.643, 140
Trd, 4318507.693, 128
Trd, 4318508.943, 114
Trd, 4318509.143, 113
Trd, 4318509.343, 63
Trd, 4318511.093, 89
Trd, 4318511.243, 96
Trd, 4318511.293, 88
Trd, 4318511.993, 83
Trd, 4318512.293, 72
Trd, 4318513.693, 66
Trd, 4318514.393, 89
Trd, 4318514.643, 60
Trd, 4318515.793, 140
Trd, 4318516.743, 140
Trd, 4318516.943, 140
Trd, 4318517.343, 140
Trd, 4318517.843, 138
Trd, 4318518.743, 138
Trd, 4318519.743, 131
Trd, 4318519.943, 128
Trd, 4318520.243, 125
Trd, 4318520.793, 124
Trd, 4318522.243, 137
Trd, 4318522.693, 122
Trd, 4318522.993, 103
Trd, 4318523.493, 87
Trd, 4318523.543, 84
Trd, 4318523.843, 73
Trd, 4318525.943, 71
Trd, 4318525.993, 71
Trd, 4318526.543, 130
Trd, 4318527.643, 132
Trd, 4318527.843, 101
Trd, 4318528.643, 68
Trd, 4318528.843, 75
Trd, 4318529.243, 75
Trd, 4318530.743, 60
Trd, 4318531.693, 86
Trd, 4318532.243, 71
Trd, 4318532.943, 106
Trd, 4318533.593, 98
Trd, 4318533.993, 120
Trd, 4318535.543, 84
Trd, 4318535.843, 63
Trd, 4318536.243, 62
Trd, 4318536.543, 83
Trd, 4318537.443, 95
Trd, 4318538.243, 64
Trd, 4318539.343, 67
Trd, 4318539.643, 134
Trd, 4318540.143, 65
Trd, 4318540.393, 87
Trd, 4318540.943, 62
Trd, 4318542.343, 140
Trd, 4318543.343, 129
Trd, 4318544.043, 138
Trd, 4318544.193, 130
Trd, 4318544.543, 114
Trd, 4318544.593, 113
Trd, 4318546.493, 62
Trd, 4318546.543, 77
Trd, 4318546.593, 100
Trd, 4318548.093, 136
Trd, 4318548.143, 135
Trd, 4318548.243, 123
Trd, 4318548.943, 101
Trd, 4318550.143, 140
Trd, 4318550.243, 75
Trd, 4318550.593, 138
Trd, 4318551.093, 129
Trd, 4318552.043, 86
Trd, 4318552.243, 87
Trd, 4318552.943, 93
Trd, 4318554.093, 121
Trd, 4318554.193, 83
Trd, 4318555.943, 114
Trd, 4318556.243, 113
Trd, 4318557.043, 112
Trd, 4318557.743, 113
Trd, 4318557.843, 108
Trd, 4318558.243, 140
Trd, 4318558.343, 139
Trd, 4318559.043, 107
Trd, 4318560.643, 68
Trd, 4318562.043, 127
Trd, 4318562.143, 126
Trd, 4318562.793, 140
Trd, 4318563.293, 140
Trd, 4318563.593, 140
Trd, 4318564.943, 128
Trd, 4318565.493, 129
Trd, 4318566.343, 120
Trd, 4318567.443, 139
Trd, 4318568.043, 104
Trd, 4318568.143, 88
Trd, 4318568.743, 82
Trd, 4318569.093, 137
Trd, 4318569.293, 113
Trd, 4318571.543, 134
Trd, 4318572.193, 136
Trd, 4318572.243, 135
Trd, 4318572.343, 126
Trd, 4318573.043, 105
Trd, 4318573.493, 140
Trd, 4318574.343, 97
Trd, 4318574.793, 77
Trd, 4318576.043, 140
Trd, 4318576.143, 128
Trd, 4318577.393, 137
Trd, 4318577.643, 137
Trd, 4318577.843, 136
Trd, 4318578.043, 135
Trd, 4318578.543, 135
Trd, 4318579.193, 116
Trd, 4318579.743, 69
Trd, 4318581.043, 67
Trd, 4318581.193, 136
Trd, 4318581.743, 91
Trd, 4318582.343, 68
Trd, 4318583.243, 67
Trd, 4318583.843, 66
Trd, 4318584.043, 99
Trd, 4318584.743, 125
Trd, 4318585.493, 100
Trd, 4318585.543, 69
Trd, 4318585.793, 63
Trd, 4318586.043, 62
Trd, 4318588.193, 138
Trd, 4318589.143, 139
Trd, 4318590.293, 118
Trd, 4318591.093, 109
Trd, 4318591.493, 64
Trd, 4318592.843, 70
Trd, 4318593.393, 73
Trd, 4318593.543, 71
Trd, 4318594.893, 60
Trd, 4318594.943, 74
Trd, 4318596.293, 60
Trd, 4318596.443, 119
Trd, 4318597.393, 135
Trd, 4318597.493, 134
Trd, 4318598.193, 60
Trd, 4318598.493, 60
Trd, 4318601.193, 61
Trd, 4318601.543, 65
Trd, 4318601.743, 99
Trd, 4318602.043, 81
Trd, 4318602.543, 87
Trd, 4318605.293, 76
Trd, 4318605.993, 83
Trd, 4318606.743, 138
Trd, 4318607.193, 136
Trd, 4318607.543, 130
Trd, 4318607.693, 121
Trd, 4318608.243, 66
Trd, 4318608.943, 60
Trd, 4318610.793, 76
Trd, 4318611.443, 66
Trd, 4318611.593, 67
Trd, 4318612.693, 85
Trd, 4318613.743, 120
Trd, 4318614.143, 136
Trd, 4318614.793, 120
Trd, 4318615.543, 120
Trd, 4318616.343, 100
Trd, 4318616.443, 98
Trd, 4318617.143, 87
Trd, 4318617.493, 110
Trd, 4318617.693, 86
Trd, 4318618.693, 140
Trd, 4318618.743, 139
Trd, 4318619.393, 129
Trd, 4318619.443, 127
Trd, 4318620.693, 123
Trd, 4318621.193, 127
Trd, 4318621.493, 95
Trd, 4318622.493, 71
Trd, 4318623.743, 80
Trd, 4318624.143, 97
Trd, 4318625.893, 137
Trd, 4318627.393, 140
Trd, 4318627.693, 139
Trd, 4318627.743, 131
Trd, 4318628.043, 130
Trd, 4318628.543, 129
Trd, 4318628.793, 129
Trd, 4318628.893, 128
Trd, 4318628.993, 128
Trd, 4318630.293, 138
Trd, 4318631.443, 114
Trd, 4318632.693, 104
Trd, 4318632.943, 139
Trd, 4318633.393, 81
Trd, 4318634.093, 84
Trd, 4318634.393, 83
Trd, 4318634.643, 84
Trd, 4318634.993, 133
Trd, 4318635.543, 95
Trd, 4318635.943, 84
Trd, 4318636.393, 79
Trd, 4318637.493, 132
Trd, 4318638.893, 137
Trd, 4318639.243, 78
Trd, 4318639.593, 73
Trd, 4318640.543, 60
Trd, 4318641.493, 140
Trd, 4318641.593, 139
Trd, 4318641.943, 117
Trd, 4318642.243, 76
Trd, 4318643.393, 72
Trd, 4318644.143, 98
Trd, 4318644.443, 97
Trd, 4318644.543, 102
Trd, 4318645.343, 66
Trd, 4318648.543, 61
Trd, 4318648.743, 63
Trd, 4318648.793, 93
Trd, 4318649.293, 63
Trd, 4318650.143, 78
Trd, 4318651.193, 71
Trd, 4318651.693, 68
Trd, 4318652.293, 93
Trd, 4318653.093, 93
Trd, 4318653.993, 99
Trd, 4318654.243, 75
Trd, 4318658.093, 67
Trd, 4318658.843, 71
Trd, 4318658.993, 84
Trd, 4318659.443, 94
Trd, 4318659.643, 94
Trd, 4318659.843, 94
Trd, 4318660.143, 94
Trd, 4318660.193, 123
Trd, 4318662.343, 108
Trd, 4318662.543, 97
Trd, 4318663.643, 97
Trd, 4318664.093, 113
Trd, 4318664.293, 125
Trd, 4318664.893, 139
Trd, 4318665.443, 96
Trd, 4318665.793, 131
Trd, 4318667.943, 137
Trd, 4318668.093, 62
Trd, 4318668.643, 63
Trd, 4318669.593, 86
Trd, 4318670.043, 128
Trd, 4318670.843, 60
Trd, 4318671.493, 63
Trd, 4318672.743, 89
Trd, 4318673.593, 130
Trd, 4318674.193, 131
Trd, 4318674.893, 131
Trd, 4318676.193, 140
Trd, 4318676.543, 140
Trd, 4318676.843, 139
Trd, 4318677.793, 138
Trd, 4318677.893, 113
Trd, 4318679.393, 140
Trd, 4318680.843, 106
Trd, 4318681.143, 98
Trd, 4318681.593, 122
Trd, 4318681.643, 95
Trd, 4318682.043, 78
Trd, 4318682.343, 77
Trd, 4318682.593, 73
Trd, 4318683.093, 96
Trd, 4318683.543, 137
Trd, 4318684.793, 102
Trd, 4318685.593, 114
Trd, 4318687.593, 95
Trd, 4318687.643, 94
Trd, 4318688.193, 93
Trd, 4318688.293, 67
Trd, 4318689.543, 137
Trd, 4318690.143, 136
Trd, 4318691.693, 70
Trd, 4318692.343, 105
Trd, 4318692.743, 98
Trd, 4318692.893, 68
Trd, 4318694.693, 60
Trd, 4318695.243, 61
Trd, 4318695.543, 61
Trd, 4318695.593, 64
Trd, 4318696.793, 61
Trd, 4318697.593, 62
Trd, 4318698.643, 65
Trd, 4318698.693, 105
Trd, 4318699.143, 61
Trd, 4318702.993, 93
Trd, 4318703.443, 102
Trd, 4318703.643, 92
Trd, 4318703.793, 89
Trd, 4318705.093, 60
Trd, 4318705.143, 63
Trd, 4318705.693, 79
Trd, 4318707.093, 72
Trd, 4318707.293, 69
Trd, 4318707.343, 123
Trd, 4318708.293, 126
Trd, 4318709.043, 93
Trd, 4318710.643, 61
Trd, 4318710.993, 140
Trd, 4318711.543, 77
Trd, 4318712.493, 63
Trd, 4318714.093, 61
Trd, 4318714.743, 72
Trd, 4318714.793, 61
Trd, 4318715.043, 76
Trd, 4318715.293, 60
Trd, 4318716.043, 61
Trd, 4318716.093, 64
Trd, 4318716.843, 83
Trd, 4318717.943, 140
Trd, 4318719.343, 60
Trd, 4318719.743, 64
Trd, 4318719.943, 74
Trd, 4318720.093, 84
Trd, 4318721.093, 78
Trd, 4318721.543, 78
Trd, 4318721.743, 77
Trd, 4318722.543, 72
Trd, 4318723.293, 109
Trd, 4318724.793, 80
Trd, 4318725.693, 84
Trd, 4318726.043, 84
Trd, 4318726.193, 81
Trd, 4318726.343, 138
Trd, 4318727.293, 101
Trd, 4318727.343, 110
Trd, 4318727.843, 108
Trd, 4318728.843, 99
Trd, 4318730.393, 111
Trd, 4318730.743, 98
Trd, 4318731.943, 139
Trd, 4318732.043, 128
Trd, 4318732.543, 91
Trd, 4318733.543, 93
Trd, 4318734.893, 83
Trd, 4318734.943, 67
Trd, 4318735.393, 114
Trd, 4318735.943, 65
Trd, 4318737.443, 126
Trd, 4318738.043, 132
Trd, 4318738.643, 67
Trd, 4318739.893, 62
Trd, 4318741.193, 66
Trd, 4318741.593, 76
Trd, 4318741.743, 112
Trd, 4318742.093, 62
Trd, 4318742.843, 80
Trd, 4318744.093, 140
Trd, 4318744.643, 140
Trd, 4318746.093, 140
Trd, 4318746.243, 140
Trd, 4318746.293, 136
Trd, 4318746.543, 113
Trd, 4318748.643, 67
Trd, 4318750.443, 140
Trd, 4318750.493, 140
Trd, 4318750.793, 133
Trd, 4318750.843, 132
Trd, 4318751.893, 140
Trd, 4318751.943, 120
Trd, 4318752.643, 115
Trd, 4318753.943, 128
Trd, 4318754.093, 102
Trd, 4318755.393, 93
Trd, 4318755.443, 88
Trd, 4318755.643, 90
Trd, 4318756.893, 139
Trd, 4318756.943, 120
Trd, 4318757.843, 86
Trd, 4318758.343, 70
Trd, 4318758.443, 99
Trd, 4318761.143, 140
Trd, 4318761.243, 125
Trd, 4318761.693, 130
Trd, 4318762.593, 120
Trd, 4318762.893, 121
Trd, 4318763.743, 112
Trd, 4318763.943, 91
Trd, 4318764.843, 128
Trd, 4318765.393, 140
Trd, 4318766.143, 81
Trd, 4318766.393, 71
Trd, 4318766.693, 99
Trd, 4318767.293, 100
Trd, 4318768.543, 74
Trd, 4318768.743, 73
Trd, 4318770.293, 84
Trd, 4318770.793, 77
Trd, 4318770.993, 76
Trd, 4318771.393, 101
Trd, 4318771.893, 91
Trd, 4318773.293, 79
Trd, 4318774.243, 91
Trd, 4318774.843, 127
Trd, 4318775.543, 78
Trd, 4318775.643, 89
Trd, 4318776.193, 88
Trd, 4318776.693, 75
Trd, 4318777.643, 68
Trd, 4318777.843, 75
Trd, 4318779.293, 66
Trd, 4318779.693, 92
Trd, 4318780.493, 87
Trd, 4318782.443, 140
Trd, 4318783.193, 140
Trd, 4318783.493, 140
Trd, 4318784.093, 140
Trd, 4318784.493, 138
Trd, 4318785.243, 138
Trd, 4318785.743, 133
Trd, 4318786.393, 136
Trd, 4318788.443, 140
Trd, 4318788.593, 136
Trd, 4318789.443, 138
Trd, 4318790.743, 136
Trd, 4318790.993, 101
Trd, 4318791.593, 131
Trd, 4318793.043, 73
Trd, 4318793.193, 85
Trd, 4318795.343, 133
Trd, 4318795.443, 132
Trd, 4318795.643, 138
Trd, 4318796.593, 139
Trd, 4318797.143, 139
Trd, 4318797.743, 129
Trd, 4318798.593, 105
Trd, 4318799.143, 106
Trd, 4318799.243, 94
Trd, 4318800.593, 138
Trd, 4318801.743, 140
Trd, 4318802.043, 140
Trd, 4318802.343, 137
Trd, 4318804.093, 127
Trd, 4318804.243, 126
Trd, 4318804.643, 136
Trd, 4318804.843, 140
Trd, 4318805.793, 110
Trd, 4318806.543, 134
Trd, 4318806.593, 88
Trd, 4318807.543, 64
Trd, 4318807.643, 117
Trd, 4318808.593, 69
Trd, 4318809.593, 60
Trd, 4318809.993, 67
Trd, 4318810.893, 68
Trd, 4318810.993, 66
Trd, 4318811.543, 73
Trd, 4318811.993, 126
Trd, 4318812.243, 130
Trd, 4318812.743, 129
Trd, 4318813.143, 127
Trd, 4318814.793, 126
Trd, 4318815.093, 118
Trd, 4318815.843, 109
Trd, 4318816.643, 136
Trd, 4318817.093, 134
Trd, 4318817.343, 108
Trd, 4318818.493, 129
Trd, 4318818.593, 99
Trd, 4318819.793, 140
Trd, 4318819.943, 140
Trd, 4318820.843, 140
Trd, 4318822.043, 140
Trd, 4318822.943, 111
Trd, 4318823.043, 95
Trd, 4318824.443, 140
Trd, 4318825.843, 140
Trd, 4318827.193, 140
Trd, 4318828.493, 140
Trd, 4318828.543, 140
Trd, 4318828.593, 128
Trd, 4318828.643, 127
Trd, 4318828.943, 120
Trd, 4318830.093, 64
Trd, 4318830.443, 94
Trd, 4318830.743, 100
Trd, 4318831.143, 125
Trd, 4318833.543, 140
Trd, 4318833.943, 139
Trd, 4318835.143, 139
Trd, 4318836.743, 140
Trd, 4318836.793, 139
Trd, 4318837.143, 140
Trd, 4318838.093, 113
Trd, 4318838.243, 112
Trd, 4318839.693, 106
Trd, 4318840.043, 105
Trd, 4318840.093, 105
Trd, 4318842.443, 140
Trd, 4318843.093, 139
Trd, 4318843.493, 139
Trd, 4318843.743, 115
Trd, 4318845.893, 129
Trd, 4318846.343, 140
Trd, 4318846.393, 128
Trd, 4318846.543, 127
Trd, 4318846.843, 122
Trd, 4318847.243, 97
Trd, 4318847.393, 136
Trd, 4318847.993, 88
Trd, 4318848.193, 64
Trd, 4318849.443, 73
Trd, 4318850.993, 63
Trd, 4318851.493, 72
Trd, 4318852.743, 80
Trd, 4318853.193, 76
Trd, 4318853.343, 75
Trd, 4318853.843, 123
Trd, 4318854.643, 76
Trd, 4318855.343, 102
Trd, 4318855.493, 103
Trd, 4318856.743, 61
Trd, 4318856.943, 62
Trd, 4318858.893, 84
Trd, 4318859.143, 77
Trd, 4318859.493, 75
Trd, 4318860.093, 112
Trd, 4318860.143, 73
Trd, 4318860.793, 73
Trd, 4318861.093, 63
Trd, 4318861.493, 116
Trd, 4318863.643, 96
Trd, 4318864.193, 116
Trd, 4318864.643, 86
Trd, 4318865.193, 102
Trd, 4318866.243, 126
Trd, 4318866.543, 89
Trd, 4318867.443, 62
Trd, 4318869.293, 140
Trd, 4318869.693, 131
Trd, 4318870.943, 126
Trd, 4318872.143, 136
Trd, 4318872.343, 137
Trd, 4318872.693, 136
Trd, 4318873.443, 135
Trd, 4318873.543, 125
Trd, 4318873.743, 101
Trd, 4318874.143, 89
Trd, 4318875.593, 64
Trd, 4318876.343, 122
Trd, 4318876.593, 64
Trd, 4318876.893, 139
Trd, 4318877.593, 62
Trd, 4318878.393, 93
Trd, 4318879.893, 90
Trd, 4318880.293, 89
Trd, 4318881.243, 102
Trd, 4318883.143, 108
Trd, 4318883.443, 108
Trd, 4318883.843, 125
Trd, 4318884.693, 99
Trd, 4318884.943, 140
Trd, 4318885.243, 140
Trd, 4318885.343, 139
Trd, 4318886.093, 137
Trd, 4318886.493, 118
Trd, 4318887.493, 78
Trd, 4318887.993, 77
Trd, 4318889.343, 137
Trd, 4318889.443, 126
Trd, 4318891.143, 140
Trd, 4318891.543, 140
Trd, 4318891.693, 135
Trd, 4318893.393, 106
Trd, 4318894.043, 114
Trd, 4318894.893, 138
Trd, 4318895.243, 127
Trd, 4318895.343, 109
Trd, 4318895.493, 100
Trd, 4318896.643, 139
Trd, 4318896.943, 140
Trd, 4318898.793, 114
Trd, 4318899.343, 115
Trd, 4318899.543, 115
Trd, 4318899.643, 110
Trd, 4318900.943, 106
Trd, 4318901.193, 119
Trd, 4318901.493, 127
Trd, 4318902.393, 89
Trd, 4318902.993, 65
Trd, 4318904.593, 68
Trd, 4318905.493, 70
Trd, 4318905.693, 68
Trd, 4318908.093, 66
Trd, 4318908.293, 60
Trd, 4318909.493, 140
Trd, 4318909.543, 140
Trd, 4318909.643, 128
Trd, 4318910.393, 140
Trd, 4318911.143, 128
Trd, 4318911.193, 97
Trd, 4318911.743, 90
Trd, 4318912.093, 105
Trd, 4318913.143, 61
Trd, 4318914.193, 100
Trd, 4318914.343, 97
Trd, 4318914.593, 73
Trd, 4318916.343, 106
Trd, 4318916.493, 77
Trd, 4318917.393, 91
Trd, 4318917.643, 99
Trd, 4318918.543, 72
Trd, 4318919.143, 136
Trd, 4318919.243, 135
Trd, 4318919.643, 138
Trd, 4318919.693, 133
Trd, 4318919.843, 104
Trd, 4318920.743, 71
Trd, 4318923.393, 105
Trd, 4318923.643, 99
Trd, 4318923.943, 84
Trd, 4318924.593, 132
Trd, 4318925.593, 134
Trd, 4318925.993, 103
Trd, 4318926.443, 133
Trd, 4318926.643, 117
Trd, 4318928.343, 140
Trd, 4318929.043, 130
Trd, 4318929.343, 140
Trd, 4318929.393, 104
Trd, 4318930.443, 121
Trd, 4318932.143, 140
Trd, 4318932.293, 140
Trd, 4318932.743, 139
Trd, 4318933.043, 117
Trd, 4318933.693, 100
Trd, 4318934.043, 139
Trd, 4318934.743, 90
Trd, 4318935.493, 110
Trd, 4318936.193, 97
Trd, 4318936.693, 140
Trd, 4318936.993, 99
Trd, 4318937.493, 107
Trd, 4318937.843, 72
Trd, 4318937.943, 70
Trd, 4318938.843, 115
Trd, 4318940.443, 72
Trd, 4318940.643, 86
Trd, 4318940.993, 71
Trd, 4318942.193, 109
Trd, 4318943.143, 99
Trd, 4318944.043, 99
Trd, 4318944.193, 103
Trd, 4318944.593, 140
Trd, 4318944.993, 116
Trd, 4318946.893, 94
Trd, 4318946.943, 94
Trd, 4318946.993, 92
Trd, 4318947.193, 95
Trd, 4318947.243, 91
Trd, 4318948.043, 61
Trd, 4318949.543, 122
Trd, 4318950.143, 96
Trd, 4318951.193, 63
Trd, 4318951.343, 63
Trd, 4318952.943, 100
Trd, 4318953.443, 139
Trd, 4318954.043, 99
Trd, 4318954.443, 130
Trd, 4318954.593, 97
Trd, 4318954.643, 89
Trd, 4318954.843, 88
Trd, 4318956.093, 69
Trd, 4318956.543, 117
Trd, 4318956.943, 100
Trd, 4318958.593, 111
Trd, 4318958.693, 102
Trd, 4318958.793, 78
Trd, 4318958.943, 77
Trd, 4318961.793, 140
Trd, 4318962.743, 140
Trd, 4318962.993, 140
Trd, 4318963.393, 110
Trd, 4318963.493, 102
Trd, 4318964.593, 135
Trd, 4318965.393, 84
Trd, 4318966.543, 88
Trd, 4318967.493, 93
Trd, 4318968.093, 89
Trd, 4318968.243, 85
Trd, 4318969.193, 137
Trd, 4318970.793, 140
Trd, 4318971.093, 140
Trd, 4318971.693, 140
Trd, 4318972.543, 140
Trd, 4318974.793, 140
Trd, 4318975.743, 140
Trd, 4318976.343, 140
Trd, 4318976.393, 130
Trd, 4318976.443, 128
Trd, 4318976.693, 95
Trd, 4318977.893, 140
Trd, 4318978.643, 137
Trd, 4318978.843, 112
Trd, 4318979.243, 140
Trd, 4318979.843, 134
Trd, 4318980.443, 132
Trd, 4318981.893, 114
Trd, 4318982.243, 91
Trd, 4318982.943, 75
Trd, 4318983.493, 101
Trd, 4318983.793, 108
Trd, 4318984.343, 137
Trd, 4318985.093, 126
Trd, 4318985.993, 140
Trd, 4318987.143, 139
Trd, 4318987.693, 116
Trd, 4318989.243, 62
Trd, 4318990.193, 80
Trd, 4318990.843, 82
Trd, 4318991.143, 95
Trd, 4318991.443, 84
Trd, 4318992.193, 82
Trd, 4318992.643, 100
Trd, 4318993.343, 77
Trd, 4318993.593, 64
Trd, 4318994.193, 95
Trd, 4318995.593, 104
Trd, 4318995.693, 91
Trd, 4318996.693, 95
Trd, 4318996.993, 118
Trd, 4318997.443, 70
Trd, 4318999.593, 62
Trd, 4319000.543, 61
Trd, 4319000.693, 74
Trd, 4319001.893, 78
Trd, 4319001.993, 79
Trd, 4319002.993, 70
Trd, 4319004.393, 93
Trd, 4319004.493, 92
Trd, 4319005.043, 93
Trd, 4319005.843, 95
Trd, 4319006.393, 77
Trd, 4319006.593, 69
Trd, 4319006.843, 63
Trd, 4319007.493, 67
Trd, 4319008.093, 132
Trd, 4319008.743, 112
Trd, 4319009.693, 62
Trd, 4319010.243, 81
Trd, 4319010.593, 132
Trd, 4319011.143, 113
Trd, 4319013.343, 129
Trd, 4319013.493, 128
Trd, 4319014.443, 140
Trd, 4319015.193, 139
Trd, 4319016.043, 140
Trd, 4319016.143, 128
Trd, 4319017.543, 138
Trd, 4319017.643, 130
Trd, 4319018.493, 116
Trd, 4319018.593, 94
Trd, 4319019.793, 140
Trd, 4319020.493, 140
Trd, 4319021.243, 140
Trd, 4319021.593, 129
Trd, 4319022.243, 140
Trd, 4319023.143, 138
Trd, 4319024.393, 128
Trd, 4319024.593, 127
Trd, 4319024.793, 106
Trd, 4319025.393, 64
Trd, 4319026.793, 130
Trd, 4319027.443, 140
Trd, 4319028.243, 99
Trd, 4319028.343, 98
Trd, 4319029.343, 98
Trd, 4319030.393, 99
Trd, 4319030.693, 134
Trd, 4319031.893, 82
Trd, 4319031.993, 81
Trd, 4319032.243, 79
Trd, 4319032.443, 119
Trd, 4319032.843, 72
Trd, 4319033.793, 83
Trd, 4319034.343, 140
Trd, 4319037.443, 84
Trd, 4319037.743, 119
Trd, 4319037.843, 66
Trd, 4319037.943, 71
Trd, 4319038.293, 100
Trd, 4319039.643, 139
Trd, 4319039.943, 127
Trd, 4319040.293, 125
Trd, 4319041.743, 117
Trd, 4319042.493, 105
Trd, 4319042.943, 107
Trd, 4319043.243, 83
Trd, 4319043.893, 131
Trd, 4319045.743, 139
Trd, 4319046.243, 139
Trd, 4319047.193, 139
Trd, 4319047.243, 137
Trd, 4319047.293, 102
Trd, 4319047.343, 96
Trd, 4319049.093, 62
Trd, 4319049.843, 99
Trd, 4319050.693, 114
Trd, 4319051.243, 139
Trd, 4319051.543, 132
Trd, 4319052.893, 137
Trd, 4319053.693, 139
Trd, 4319053.893, 137
Trd, 4319055.093, 92
Trd, 4319055.593, 65
Trd, 4319056.143, 112
Trd, 4319056.693, 139
Trd, 4319057.343, 67
Trd, 4319057.443, 63
Trd, 4319058.843, 138
Trd, 4319058.993, 115
Trd, 4319059.143, 139
Trd, 4319059.943, 92
Trd, 4319060.743, 74
Trd, 4319061.843, 88
Trd, 4319062.343, 89
Trd, 4319063.293, 124
Trd, 4319063.643, 122
Trd, 4319064.493, 70
Trd, 4319066.243, 72
Trd, 4319066.893, 74
Trd, 4319067.543, 72
Trd, 4319067.643, 69
Trd, 4319069.543, 61
Trd, 4319070.143, 86
Trd, 4319070.743, 129
Trd, 4319071.093, 139
Trd, 4319071.593, 119
Trd, 4319073.093, 68
Trd, 4319073.843, 72
Trd, 4319074.343, 93
Trd, 4319075.143, 62
Trd, 4319076.343, 123
Trd, 4319077.043, 130
Trd, 4319077.143, 123
Trd, 4319077.443, 116
Trd, 4319078.493, 100
Trd, 4319079.193, 101
Trd, 4319080.093, 139
Trd, 4319081.093, 86
Trd, 4319081.143, 137
Trd, 4319081.593, 110
Trd, 4319082.343, 110
Trd, 4319082.543, 138
Trd, 4319082.643, 92
Trd, 4319083.243, 63
Trd, 4319083.643, 66
Trd, 4319085.243, 140
Trd, 4319086.493, 140
Trd, 4319087.243, 140
Trd, 4319087.293, 138
Trd, 4319087.943, 119
Trd, 4319088.343, 126
Trd, 4319088.543, 117
Trd, 4319089.343, 84
Trd, 4319089.593, 60
Trd, 4319090.193, 91
Trd, 4319091.043, 73
Trd, 4319091.693, 80
Trd, 4319093.293, 82
Trd, 4319093.693, 92
Trd, 4319094.693, 73
Trd, 4319095.493, 72
Trd, 4319096.143, 133
Trd, 4319096.243, 89
Trd, 4319096.693, 88
Trd, 4319096.943, 87
Trd, 4319097.043, 66
Trd, 4319098.393, 140
Trd, 4319099.593, 139
Trd, 4319099.843, 140
Trd, 4319100.343, 80
Trd, 4319101.843, 76
Trd, 4319102.943, 64
Trd, 4319103.543, 97
Trd, 4319104.443, 60
Trd, 4319106.243, 67
Trd, 4319106.693, 68
Trd, 4319106.943, 90
Trd, 4319107.043, 97
Trd, 4319108.743, 114
Trd, 4319109.293, 60
Trd, 4319109.443, 126
Trd, 4319110.643, 140
Trd, 4319111.393, 140
Trd, 4319111.443, 140
Trd, 4319111.493, 122
Trd, 4319111.843, 107
Trd, 4319113.543, 139
Trd, 4319113.643, 133
Trd, 4319114.793, 127
Trd, 4319115.043, 129
Trd, 4319116.943, 129
Trd, 4319117.093, 138
Trd, 4319117.293, 130
Trd, 4319118.693, 131
Trd, 4319119.943, 121
Trd, 4319120.493, 107
Trd, 4319120.693, 99
Trd, 4319121.143, 96
Trd, 4319121.393, 131
Trd, 4319122.043, 81
Trd, 4319123.343, 80
Trd, 4319123.743, 78
Trd, 4319125.043, 67
Trd, 4319125.943, 130
Trd, 4319126.443, 140
Trd, 4319126.893, 140
Trd, 4319127.393, 128
Trd, 4319128.043, 95
Trd, 4319128.143, 94
Trd, 4319128.243, 104
Trd, 4319129.243, 139
Trd, 4319129.493, 138
Trd, 4319129.693, 140
Trd, 4319131.543, 84
Trd, 4319132.843, 139
Trd, 4319133.893, 122
Trd, 4319134.593, 135
Trd, 4319134.643, 134
Trd, 4319134.943, 101
Trd, 4319135.343, 77
Trd, 4319137.043, 64
Trd, 4319138.043, 67
Trd, 4319139.443, 140
Trd, 4319139.643, 140
Trd, 4319139.943, 140
Trd, 4319140.943, 128
Trd, 4319141.993, 124
Trd, 4319142.093, 108
Trd, 4319142.643, 109
Trd, 4319143.193, 106
Trd, 4319143.743, 83
Trd, 4319144.743, 130
Trd, 4319146.243, 100
Trd, 4319146.943, 105
Trd, 4319147.293, 112
Trd, 4319148.493, 137
Trd, 4319149.393, 123
Trd, 4319149.843, 105
Trd, 4319150.743, 111
Trd, 4319151.043, 102
Trd, 4319151.693, 101
Trd, 4319152.443, 112
Trd, 4319153.193, 135
Trd, 4319154.243, 119
Trd, 4319154.293, 118
Trd, 4319154.693, 116
Trd, 4319154.893, 103
Trd, 4319156.693, 96
Trd, 4319157.243, 85
Trd, 4319157.393, 115
Trd, 4319157.943, 140
Trd, 4319158.693, 140
Trd, 4319158.743, 128
Trd, 4319159.593, 140
Trd, 4319160.343, 135
Trd, 4319162.143, 140
Trd, 4319162.293, 140
Trd, 4319162.943, 102
Trd, 4319163.043, 117
Trd, 4319163.243, 95
Trd, 4319164.093, 71
Trd, 4319165.443, 129
Trd, 4319166.143, 76
Trd, 4319166.193, 74
Trd, 4319167.343, 80
Trd, 4319167.593, 122
Trd, 4319168.043, 79
Trd, 4319169.043, 82
Trd, 4319169.793, 117
Trd, 4319170.643, 60
Trd, 4319171.543, 61
Trd, 4319171.743, 64
Trd, 4319172.643, 85
Trd, 4319174.543, 65
Trd, 4319175.193, 132
Trd, 4319176.093, 134
Trd, 4319176.843, 123
Trd, 4319177.593, 122
Trd, 4319178.593, 135
Trd, 4319179.093, 139
Trd, 4319179.393, 116
Trd, 4319180.193, 115
Trd, 4319180.293, 114
Trd, 4319180.793, 112
Trd, 4319181.143, 110
Trd, 4319181.793, 62
Trd, 4319182.893, 82
Trd, 4319182.943, 83
Trd, 4319183.693, 71
Trd, 4319183.993, 73
Trd, 4319184.693, 74
Trd, 4319185.543, 108
Trd, 4319186.093, 93
Trd, 4319186.593, 84
Trd, 4319188.143, 106
Trd, 4319188.243, 105
Trd, 4319189.593, 109
Trd, 4319189.643, 108
Trd, 4319190.143, 107
Trd, 4319190.193, 106
Trd, 4319190.393, 95
Trd, 4319190.743, 87
Trd, 4319190.943, 60
Trd, 4319191.543, 93
Trd, 4319191.893, 61
Trd, 4319192.143, 137
Trd, 4319195.593, 84
Trd, 4319195.643, 82
Trd, 4319195.993, 110
Trd, 4319196.093, 81
Trd, 4319196.743, 72
Trd, 4319197.993, 125
Trd, 4319198.493, 121
Trd, 4319199.193, 132
Trd, 4319200.893, 121
Trd, 4319201.093, 119
Trd, 4319202.343, 117
Trd, 4319202.893, 117
Trd, 4319203.543, 116
Trd, 4319203.643, 113
Trd, 4319203.893, 112
Trd, 4319204.243, 95
Trd, 4319205.143, 140
Trd, 4319205.593, 98
Trd, 4319205.793, 97
Trd, 4319206.493, 91
Trd, 4319207.343, 128
Trd, 4319208.243, 80
Trd, 4319209.993, 140
Trd, 4319210.093, 139
Trd, 4319210.293, 115
Trd, 4319210.593, 113
Trd, 4319211.443, 140
Trd, 4319211.743, 139
Trd, 4319212.793, 130
Trd, 4319213.943, 140
Trd, 4319214.443, 140
Trd, 4319214.643, 138
Trd, 4319214.943, 129
Trd, 4319216.243, 96
Trd, 4319216.393, 77
Trd, 4319217.293, 83
Trd, 4319217.443, 77
Trd, 4319218.293, 97
Trd, 4319218.643, 66
Trd, 4319219.143, 99
Trd, 4319219.393, 95
Trd, 4319220.743, 100
Trd, 4319220.843, 118
Trd, 4319222.243, 74
Trd, 4319222.843, 75
Trd, 4319223.693, 72
Trd, 4319223.893, 80
Trd, 4319224.293, 92
Trd, 4319224.493, 99
Trd, 4319226.343, 106
Trd, 4319226.393, 105
Trd, 4319227.143, 95
Trd, 4319227.293, 77
Trd, 4319227.393, 73
Trd, 4319227.793, 139
Trd, 4319230.743, 140
Trd, 4319231.643, 140
Trd, 4319233.243, 140
Trd, 4319233.293, 140
Trd, 4319233.343, 138
Trd, 4319233.393, 130
Trd, 4319233.993, 139
Trd, 4319235.093, 140
Trd, 4319235.593, 110
Trd, 4319235.643, 106
Trd, 4319237.143, 84
Trd, 4319237.193, 76
Trd, 4319237.543, 78
Trd, 4319237.793, 76
Trd, 4319239.143, 140
Trd, 4319239.793, 140
Trd, 4319240.193, 128
Trd, 4319240.243, 101
Trd, 4319241.793, 127
Trd, 4319242.143, 128
Trd, 4319242.693, 128
Trd, 4319242.743, 125
Trd, 4319243.643, 101
Trd, 4319245.293, 60
Trd, 4319245.393, 62
Trd, 4319245.643, 93
Trd, 4319246.493, 79
Trd, 4319246.843, 68
Trd, 4319247.993, 84
Trd, 4319248.593, 86
Trd, 4319248.743, 91
Trd, 4319248.793, 84
Trd, 4319248.843, 79
Trd, 4319249.293, 63
Trd, 4319249.793, 111
Trd, 4319250.693, 108
Trd, 4319252.743, 97
Trd, 4319253.493, 126
Trd, 4319254.143, 108
Trd, 4319254.243, 99
Trd, 4319254.343, 98
Trd, 4319254.443, 92
Trd, 4319255.443, 62
Trd, 4319256.343, 140
Trd, 4319257.693, 140
Trd, 4319258.043, 140
Trd, 4319258.093, 107
Trd, 4319258.343, 130
Trd, 4319258.743, 128
Trd, 4319259.493, 120
Trd, 4319261.493, 60
Trd, 4319262.393, 78
Trd, 4319262.843, 61
Trd, 4319263.393, 63
Trd, 4319264.993, 73
Trd, 4319265.093, 93
Trd, 4319266.143, 121
Trd, 4319267.493, 74
Trd, 4319268.193, 107
Trd, 4319268.293, 73
Trd, 4319269.343, 84
Trd, 4319269.893, 78
Trd, 4319270.243, 77
Trd, 4319270.943, 126
Trd, 4319271.593, 138
Trd, 4319271.643, 123
Trd, 4319272.943, 111
Trd, 4319273.093, 103
Trd, 4319273.493, 96
Trd, 4319273.943, 96
Trd, 4319274.793, 69
Trd, 4319275.043, 68
Trd, 4319275.693, 60
Trd, 4319275.793, 70
Trd, 4319277.343, 60
Trd, 4319277.793, 61
Trd, 4319278.193, 60
Trd, 4319278.943, 89
Trd, 4319280.043, 103
Trd, 4319280.493, 130
Trd, 4319281.293, 88
Trd, 4319281.543, 84
Trd, 4319281.993, 98
Trd, 4319283.593, 133
Trd, 4319284.843, 61
Trd, 4319285.143, 61
Trd, 4319285.343, 72
Trd, 4319286.693, 92
Trd, 4319287.643, 61
Trd, 4319288.793, 77
Trd, 4319288.943, 67
Trd, 4319289.443, 84
Trd, 4319289.593, 104
Trd, 4319290.743, 115
Trd, 4319291.893, 116
Trd, 4319292.243, 139
Trd, 4319292.693, 107
Trd, 4319293.243, 107
Trd, 4319293.343, 104
Trd, 4319293.393, 97
Trd, 4319293.793, 81
Trd, 4319294.143, 61
Trd, 4319294.693, 69
Trd, 4319296.493, 85
Trd, 4319297.093, 121
Trd, 4319297.193, 84
Trd, 4319297.793, 82
Trd, 4319298.593, 78
Trd, 4319299.293, 133
Trd, 4319300.043, 123
Trd, 4319300.293, 140
Trd, 4319300.443, 122
Trd, 4319300.893, 109
Trd, 4319301.143, 94
Trd, 4319303.393, 60
Trd, 4319304.743, 69
Trd, 4319306.243, 67
Trd, 4319306.593, 119
Trd, 4319306.643, 63
Trd, 4319308.343, 140
Trd, 4319308.643, 139
Trd, 4319309.493, 136
Trd, 4319309.943, 127
Trd, 4319310.093, 126
Trd, 4319310.343, 99
Trd, 4319310.843, 110
Trd, 4319311.443, 110
Trd, 4319311.593, 94
Trd, 4319312.043, 138
Trd, 4319312.343, 138
Trd, 4319313.293, 127
Trd, 4319314.393, 81
Trd, 4319315.143, 61
Trd, 4319315.293, 87
Trd, 4319317.643, 60
Trd, 4319317.793, 61
Trd, 4319318.743, 65
Trd, 4319320.693, 62
Trd, 4319320.793, 62
Trd, 4319320.943, 61
Trd, 4319322.293, 61
Trd, 4319322.593, 60
Trd, 4319323.443, 84
Trd, 4319324.143, 116
Trd, 4319324.293, 64
Trd, 4319324.543, 105
Trd, 4319325.193, 138
Trd, 4319325.543, 136
Trd, 4319326.093, 67
Trd, 4319327.043, 121
Trd, 4319327.593, 69
Trd, 4319327.943, 65
Trd, 4319328.093, 63
Trd, 4319329.593, 137
Trd, 4319329.943, 135
Trd, 4319330.643, 112
Trd, 4319331.343, 131
Trd, 4319331.693, 99
Trd, 4319334.143, 64
Trd, 4319335.543, 60
Trd, 4319336.043, 60
Trd, 4319336.443, 60
Trd, 4319337.493, 61
Trd, 4319338.193, 86
Trd, 4319338.293, 86
Trd, 4319338.793, 95
Trd, 4319339.093, 101
Trd, 4319339.893, 87
Trd, 4319340.293, 87
Trd, 4319340.493, 103
Trd, 4319340.843, 64
Trd, 4319342.893, 62
Trd, 4319343.993, 67
Trd, 4319344.243, 103
Trd, 4319344.543, 60
Trd, 4319345.493, 85
Trd, 4319347.693, 63
Trd, 4319348.943, 62
Trd, 4319349.943, 65
Trd, 4319350.293, 62
Trd, 4319351.993, 62
Trd, 4319352.243, 68
Trd, 4319352.643, 121
Trd, 4319352.993, 62
Trd, 4319353.543, 62
Trd, 4319354.243, 135
Trd, 4319354.343, 124
Trd, 4319356.643, 74
Trd, 4319357.343, 68
Trd, 4319357.393, 65
Trd, 4319357.543, 112
Trd, 4319358.193, 72
Trd, 4319359.443, 140
Trd, 4319359.743, 134
Trd, 4319360.343, 98
Trd, 4319361.193, 138
Trd, 4319362.593, 84
Trd, 4319364.093, 64
Trd, 4319364.943, 74
Trd, 4319366.043, 61
Trd, 4319366.243, 105
Trd, 4319368.193, 99
Trd, 4319368.493, 88
Trd, 4319368.743, 87
Trd, 4319370.493, 76
Trd, 4319370.793, 66
Trd, 4319370.993, 124
Trd, 4319371.543, 65
Trd, 4319372.943, 63
Trd, 4319374.343, 78
Trd, 4319374.493, 67
Trd, 4319376.493, 127
Trd, 4319377.893, 118
Trd, 4319377.993, 116
Trd, 4319378.143, 109
Trd, 4319378.543, 92
Trd, 4319379.543, 99
Trd, 4319379.943, 73
Trd, 4319379.993, 67
Trd, 4319381.643, 111
Trd, 4319381.993, 135
Trd, 4319382.393, 122
Trd, 4319382.443, 117
Trd, 4319382.993, 79
Trd, 4319384.143, 112
Trd, 4319386.143, 88
Trd, 4319386.393, 87
Trd, 4319386.793, 80
Trd, 4319386.843, 101
Trd, 4319387.143, 77
Trd, 4319387.393, 73
Trd, 4319387.843, 139
Trd, 4319388.793, 95
Trd, 4319390.693, 68
Trd, 4319391.143, 62
Trd, 4319391.293, 81
Trd, 4319393.443, 87
Trd, 4319393.893, 88
Trd, 4319395.143, 107
Trd, 4319395.393, 90
Trd, 4319395.443, 112
Trd, 4319395.843, 89
Trd, 4319396.743, 70
Trd, 4319396.793, 107
Trd, 4319398.943, 139
Trd, 4319399.443, 136
Trd, 4319399.943, 136
Trd, 4319400.643, 136
Trd, 4319400.943, 118
Trd, 4319401.243, 116
Trd, 4319401.693, 102
Trd, 4319401.843, 97
Trd, 4319402.293, 140
Trd, 4319402.343, 139
Trd, 4319402.843, 120
Trd, 4319404.543, 68
Trd, 4319404.843, 88
Trd, 4319405.343, 120
Trd, 4319406.693, 117
Trd, 4319407.293, 105
Trd, 4319408.993, 139
Trd, 4319409.243, 129
Trd, 4319409.343, 128
Trd, 4319409.543, 125
Trd, 4319409.593, 87
Trd, 4319410.193, 90
Trd, 4319410.693, 140
Trd, 4319413.593, 139
Trd, 4319414.243, 140
Trd, 4319414.393, 127
Trd, 4319414.543, 140
Trd, 4319415.193, 118
Trd, 4319415.243, 111
Trd, 4319415.793, 98
Trd, 4319417.943, 118
Trd, 4319417.993, 117
Trd, 4319418.593, 140
Trd, 4319419.343, 140
Trd, 4319419.443, 128
Trd, 4319419.943, 140
Trd, 4319421.543, 79
Trd, 4319421.743, 78
Trd, 4319421.893, 108
Trd, 4319422.443, 77
Trd, 4319423.143, 137
Trd, 4319424.693, 140
Trd, 4319424.943, 139
Trd, 4319424.993, 110
Trd, 4319426.893, 140
Trd, 4319427.043, 140
Trd, 4319427.243, 137
Trd, 4319427.943, 131
Trd, 4319428.543, 113
Trd, 4319428.643, 88
Trd, 4319429.293, 109
Trd, 4319429.893, 137
Trd, 4319430.493, 137
Trd, 4319430.793, 81
Trd, 4319432.693, 140
Trd, 4319433.743, 140
Trd, 4319434.743, 140
Trd, 4319434.893, 140
Trd, 4319435.443, 139
Trd, 4319435.643, 120
Trd, 4319436.043, 132
Trd, 4319436.343, 119
Trd, 4319436.993, 80
Trd, 4319437.093, 77
Trd, 4319437.493, 138
Trd, 4319438.493, 81
Trd, 4319439.443, 92
Trd, 4319441.493, 101
Trd, 4319441.843, 99
Trd, 4319442.793, 75
Trd, 4319443.493, 139
Trd, 4319444.743, 127
Trd, 4319445.293, 115
Trd, 4319446.093, 140
Trd, 4319447.043, 140
Trd, 4319447.493, 136
Trd, 4319447.693, 128
Trd, 4319447.893, 127
Trd, 4319448.193, 89
Trd, 4319448.843, 108
Trd, 4319449.893, 140
Trd, 4319450.093, 133
Trd, 4319452.393, 60
Trd, 4319452.993, 63
Trd, 4319453.243, 111
Trd, 4319454.193, 139
Trd, 4319454.893, 97
Trd, 4319455.293, 112
Trd, 4319456.293, 128
Trd, 4319456.643, 134
Trd, 4319457.093, 86
Trd, 4319457.693, 117
Trd, 4319457.793, 109
Trd, 4319457.993, 92
Trd, 4319460.093, 69
Trd, 4319460.593, 83
Trd, 4319460.943, 76
Trd, 4319462.043, 140
Trd, 4319462.093, 139
Trd, 4319463.143, 73
Trd, 4319464.193, 83
Trd, 4319465.243, 76
Trd, 4319467.293, 68
Trd, 4319467.743, 62
Trd, 4319468.093, 61
Trd, 4319468.593, 65
Trd, 4319469.543, 73
Trd, 4319469.993, 90
Trd, 4319470.993, 61
Trd, 4319471.243, 65
Trd, 4319472.043, 95
Trd, 4319472.443, 95
Trd, 4319473.393, 80
Trd, 4319473.493, 80
Trd, 4319473.643, 79
Trd, 4319476.043, 115
Trd, 4319476.743, 109
Trd, 4319478.043, 97
Trd, 4319478.243, 96
Trd, 4319479.093, 104
Trd, 4319479.443, 116
Trd, 4319480.193, 125
Trd, 4319480.343, 103
Trd, 4319480.643, 98
Trd, 4319481.293, 96
Trd, 4319483.343, 139
Trd, 4319483.743, 138
Trd, 4319483.843, 140
Trd, 4319484.293, 123
Trd, 4319484.393, 83
Trd, 4319484.793, 67
Trd, 4319485.643, 108
Trd, 4319486.943, 60
Trd, 4319487.243, 66
Trd, 4319488.343, 60
Trd, 4319489.643, 76
Trd, 4319490.793, 140
Trd, 4319491.593, 140
Trd, 4319492.943, 140
Trd, 4319493.143, 140
Trd, 4319493.493, 134
Trd, 4319494.293, 96
Trd, 4319494.893, 105
Trd, 4319495.543, 120
Trd, 4319495.943, 120
Trd, 4319496.243, 109
Trd, 4319496.943, 139
Trd, 4319497.643, 131
Trd, 4319498.193, 92
Trd, 4319498.343, 116
Trd, 4319498.493, 136
Trd, 4319498.943, 63
Trd, 4319499.743, 65
Trd, 4319501.143, 63
Trd, 4319502.293, 70
Trd, 4319502.443, 66
Trd, 4319502.493, 130
Trd, 4319502.693, 76
Trd, 4319503.593, 71
Trd, 4319504.643, 94
Trd, 4319505.343, 137
Trd, 4319505.793, 140
Trd, 4319506.243, 140
Trd, 4319506.793, 136
Trd, 4319507.443, 140
Trd, 4319507.843, 95
Trd, 4319508.443, 86
Trd, 4319508.643, 85
Trd, 4319509.093, 104
Trd, 4319511.443, 106
Trd, 4319511.543, 94
Trd, 4319511.693, 85
Trd, 4319511.993, 79
Trd, 4319512.543, 139
Trd, 4319513.793, 140
Trd, 4319514.193, 140
Trd, 4319514.393, 140
Trd, 4319514.893, 98
Trd, 4319516.143, 116
Trd, 4319516.893, 114
Trd, 4319517.293, 98
Trd, 4319518.143, 124
Trd, 4319518.193, 125
Trd, 4319519.043, 85
Trd, 4319520.293, 65
Trd, 4319520.343, 62
Trd, 4319520.993, 73
Trd, 4319521.143, 81
Trd, 4319523.393, 76
Trd, 4319524.143, 70
Trd, 4319524.593, 86
Trd, 4319524.693, 83
Trd, 4319525.243, 77
Trd, 4319525.993, 129
Trd, 4319526.743, 85
Trd, 4319527.643, 138
Trd, 4319527.993, 82
Trd, 4319528.743, 61
Trd, 4319529.593, 70
Trd, 4319529.643, 68
Trd, 4319530.743, 65
Trd, 4319532.743, 61
Trd, 4319533.993, 60
Trd, 4319534.643, 61
Trd, 4319535.393, 114
Trd, 4319536.643, 69
Trd, 4319536.893, 80
Trd, 4319537.593, 104
Trd, 4319538.143, 88
Trd, 4319538.393, 87
Trd, 4319539.743, 140
Trd, 4319539.793, 139
Trd, 4319539.943, 128
Trd, 4319540.093, 105
Trd, 4319540.593, 104
Trd, 4319541.193, 110
Trd, 4319541.893, 137
Trd, 4319542.993, 70
Trd, 4319543.643, 60
Trd, 4319544.943, 67
Trd, 4319547.343, 140
Trd, 4319547.493, 140
Trd, 4319547.793, 140
Trd, 4319547.843, 128
Trd, 4319548.243, 126
Trd, 4319548.293, 124
Trd, 4319549.093, 135
Trd, 4319549.143, 82
Trd, 4319550.193, 140
Trd, 4319550.693, 138
Trd, 4319551.993, 66
Trd, 4319552.793, 80
Trd, 4319554.143, 63
Trd, 4319554.493, 115
Trd, 4319555.143, 140
Trd, 4319555.593, 140
Trd, 4319555.793, 140
Trd, 4319557.043, 134
Trd, 4319557.193, 133
Trd, 4319558.543, 63
Trd, 4319559.693, 66
Trd, 4319560.093, 71
Trd, 4319561.843, 71
Trd, 4319562.443, 68
Trd, 4319562.693, 67
Trd, 4319562.743, 83
Trd, 4319564.543, 139
Trd, 4319565.043, 140
Trd, 4319565.343, 119
Trd, 4319565.593, 118
Trd, 4319566.193, 113
Trd, 4319567.243, 131
Trd, 4319567.743, 129
Trd, 4319567.793, 124
Trd, 4319568.043, 90
Trd, 4319568.143, 74
Trd, 4319569.193, 137
Trd, 4319571.943, 79
Trd, 4319572.093, 80
Trd, 4319572.243, 78
Trd, 4319572.443, 129
Trd, 4319573.343, 79
Trd, 4319574.143, 107
Trd, 4319574.193, 106
Trd, 4319574.343, 106
Trd, 4319574.593, 131
Trd, 4319576.893, 131
Trd, 4319577.093, 129
Trd, 4319577.193, 124
Trd, 4319577.693, 139
Trd, 4319579.243, 120
Trd, 4319579.593, 118
Trd, 4319581.193, 128
Trd, 4319581.343, 127
Trd, 4319581.443, 103
Trd, 4319582.093, 136
Trd, 4319582.243, 101
Trd, 4319582.743, 117
Trd, 4319583.543, 140
Trd, 4319583.793, 85
Trd, 4319585.593, 138
Trd, 4319586.893, 140
Trd, 4319587.643, 140
Trd, 4319587.793, 140
Trd, 4319588.843, 140
Trd, 4319588.993, 140
Trd, 4319589.243, 124
Trd, 4319589.543, 99
Trd, 4319591.043, 123
Trd, 4319591.193, 109
Trd, 4319591.393, 100
Trd, 4319591.893, 116
Trd, 4319592.643, 140
Trd, 4319592.993, 140
Trd, 4319593.243, 140
Trd, 4319593.543, 140
Trd, 4319594.143, 87
Trd, 4319594.743, 140
Trd, 4319595.343, 130
Trd, 4319596.043, 129
Trd, 4319599.093, 103
Trd, 4319599.593, 90
Trd, 4319600.193, 120
Trd, 4319601.043, 140
Trd, 4319601.193, 140
Trd, 4319601.893, 140
Trd, 4319601.943, 139
Trd, 4319602.443, 112
Trd, 4319602.993, 117
Trd, 4319603.693, 82
Trd, 4319604.593, 102
Trd, 4319606.093, 137
Trd, 4319606.443, 71
Trd, 4319606.993, 65
Trd, 4319608.693, 113
Trd, 4319608.793, 111
Trd, 4319608.893, 67
Trd, 4319609.343, 136
Trd, 4319610.043, 139
Trd, 4319611.593, 138
Trd, 4319612.093, 128
Trd, 4319612.593, 140
Trd, 4319613.143, 129
Trd, 4319613.443, 115
Trd, 4319613.943, 134
Trd, 4319614.393, 123
Trd, 4319614.543, 122
Trd, 4319614.793, 108
Trd, 4319616.693, 83
Trd, 4319617.693, 66
Trd, 4319617.843, 78
Trd, 4319618.093, 140
Trd, 4319618.793, 140
Trd, 4319619.193, 121
Trd, 4319619.543, 104
Trd, 4319620.693, 75
Trd, 4319621.393, 63
Trd, 4319622.443, 65
Trd, 4319622.493, 85
Trd, 4319623.843, 136
Trd, 4319624.493, 128
Trd, 4319624.693, 110
Trd, 4319625.543, 106
Trd, 4319625.593, 94
Trd, 4319626.693, 140
Trd, 4319626.793, 140
Trd, 4319627.843, 136
Trd, 4319628.443, 102
Trd, 4319628.943, 93
Trd, 4319629.143, 77
Trd, 4319629.343, 97
Trd, 4319630.343, 102
Trd, 4319631.093, 64
Trd, 4319631.743, 62
Trd, 4319631.993, 62
Trd, 4319632.843, 90
Trd, 4319633.643, 89
Trd, 4319634.343, 87
Trd, 4319634.443, 107
Trd, 4319634.793, 133
Trd, 4319635.693, 75
Trd, 4319635.943, 73
Trd, 4319636.843, 66
Trd, 4319637.993, 92
Trd, 4319638.843, 125
Trd, 4319639.243, 65
Trd, 4319640.543, 76
Trd, 4319642.193, 60
Trd, 4319643.793, 68
Trd, 4319643.843, 68
Trd, 4319644.993, 72
Trd, 4319646.393, 63
Trd, 4319646.643, 131
Trd, 4319647.043, 78
Trd, 4319647.593, 70
Trd, 4319648.393, 64
Trd, 4319648.493, 106
Trd, 4319648.693, 138
Trd, 4319651.293, 63
Trd, 4319651.593, 61
Trd, 4319652.993, 68
Trd, 4319653.493, 139
Trd, 4319654.443, 62
Trd, 4319654.893, 104
Trd, 4319656.793, 60
Trd, 4319657.443, 140
Trd, 4319658.193, 78
Trd, 4319658.793, 130
Trd, 4319659.393, 124
Trd, 4319659.543, 106
Trd, 4319660.193, 117
Trd, 4319660.693, 92
Trd, 4319660.893, 88
Trd, 4319661.993, 78
Trd, 4319662.093, 91
Trd, 4319664.093, 62
Trd, 4319664.143, 74
Trd, 4319664.193, 119
Trd, 4319664.793, 139
Trd, 4319665.443, 125
Trd, 4319667.543, 63
Trd, 4319668.293, 67
Trd, 4319668.643, 68
Trd, 4319668.843, 69
Trd, 4319669.393, 65
Trd, 4319671.643, 62
Trd, 4319672.193, 62
Trd, 4319673.193, 69
Trd, 4319673.393, 70
Trd, 4319673.493, 86
Trd, 4319674.243, 96
Trd, 4319675.193, 78
Trd, 4319676.143, 140
Trd, 4319677.193, 140
Trd, 4319677.243, 140
Trd, 4319677.443, 131
Trd, 4319677.593, 121
Trd, 4319678.743, 120
Trd, 4319679.243, 82
Trd, 4319680.443, 137
Trd, 4319680.843, 135
Trd, 4319681.343, 92
Trd, 4319682.543, 105
Trd, 4319683.143, 81
Trd, 4319683.243, 111
Trd, 4319683.693, 121
Trd, 4319684.243, 112
Trd, 4319685.243, 77
Trd, 4319686.693, 140
Trd, 4319687.343, 140
Trd, 4319687.393, 132
Trd, 4319687.893, 120
Trd, 4319688.993, 65
Trd, 4319689.793, 95
Trd, 4319689.843, 87
Trd, 4319689.943, 87
Trd, 4319690.593, 124
Trd, 4319690.643, 123
Trd, 4319690.793, 86
Trd, 4319692.093, 60
Trd, 4319693.793, 126
Trd, 4319693.893, 126
Trd, 4319694.893, 127
Trd, 4319696.143, 136
Trd, 4319697.593, 140
Trd, 4319697.893, 140
Trd, 4319698.443, 126
Trd, 4319699.393, 137
Trd, 4319699.643, 126
Trd, 4319699.843, 110
Trd, 4319699.893, 77
Trd, 4319700.543, 139
Trd, 4319700.743, 135
Trd, 4319701.093, 138
Trd, 4319702.293, 138
Trd, 4319702.743, 95
Trd, 4319703.343, 91
Trd, 4319704.993, 81
Trd, 4319705.693, 81
Trd, 4319705.843, 107
Trd, 4319707.493, 88
Trd, 4319707.793, 128
Trd, 4319708.493, 116
Trd, 4319709.393, 139
Trd, 4319709.643, 139
Trd, 4319710.743, 74
Trd, 4319711.793, 122
Trd, 4319712.293, 98
Trd, 4319713.393, 135
Trd, 4319713.743, 82
Trd, 4319714.043, 135
Trd, 4319714.243, 123
Trd, 4319714.743, 66
Trd, 4319715.593, 139
Trd, 4319715.793, 138
Trd, 4319716.043, 77
Trd, 4319716.443, 133
Trd, 4319717.143, 71
Trd, 4319717.793, 133
Trd, 4319719.943, 139
Trd, 4319720.143, 128
Trd, 4319720.443, 97
Trd, 4319720.893, 113
Trd, 4319721.793, 129
Trd, 4319721.993, 139
Trd, 4319722.443, 130
Trd, 4319722.693, 129
Trd, 4319722.943, 120
Trd, 4319724.793, 123
Trd, 4319724.843, 115
Trd, 4319725.693, 63
Trd, 4319726.993, 66
Trd, 4319727.843, 62
Trd, 4319728.043, 92
Trd, 4319728.443, 78
Trd, 4319728.893, 60
Trd, 4319730.043, 68
Trd, 4319730.993, 64
Trd, 4319731.043, 65
Trd, 4319731.743, 109
Trd, 4319732.843, 76
Trd, 4319733.893, 64
Trd, 4319734.193, 65
Trd, 4319734.843, 69
Trd, 4319735.193, 69
Trd, 4319735.393, 71
Trd, 4319735.943, 75
Trd, 4319736.893, 65
Trd, 4319737.993, 84
Trd, 4319738.393, 89
Trd, 4319739.343, 60
Trd, 4319740.543, 64
Trd, 4319741.243, 87
Trd, 4319741.443, 81
Trd, 4319741.643, 139
Trd, 4319742.143, 81
Trd, 4319742.943, 117
Trd, 4319744.893, 115
Trd, 4319745.543, 110
Trd, 4319745.743, 131
Trd, 4319746.693, 136
Trd, 4319747.043, 130
Trd, 4319747.393, 129
Trd, 4319747.843, 102
Trd, 4319748.193, 139
Trd, 4319749.093, 139
Trd, 4319749.543, 119
Trd, 4319750.943, 70
Trd, 4319752.293, 63
Trd, 4319753.493, 60
Trd, 4319754.893, 91
Trd, 4319755.493, 103
Trd, 4319755.693, 112
Trd, 4319755.743, 114
Trd, 4319756.193, 103
Trd, 4319756.843, 102
Trd, 4319756.943, 86
Trd, 4319757.643, 129
Trd, 4319758.693, 138
Trd, 4319759.493, 85
Trd, 4319760.093, 84
Trd, 4319760.443, 74
Trd, 4319761.643, 103
Trd, 4319762.093, 92
Trd, 4319762.843, 62
Trd, 4319762.943, 68
Trd, 4319763.743, 92
Trd, 4319764.643, 137
Trd, 4319766.993, 63
Trd, 4319767.743, 74
Trd, 4319767.993, 109
Trd, 4319769.443, 103
Trd, 4319769.593, 85
Trd, 4319769.943, 84
Trd, 4319770.343, 89
Trd, 4319770.943, 122
Trd, 4319771.343, 85
Trd, 4319771.443, 84
Trd, 4319774.293, 68
Trd, 4319774.793, 80
Trd, 4319775.493, 67
Trd, 4319776.293, 63
Trd, 4319776.493, 90
Trd, 4319776.943, 110
Trd, 4319777.343, 101
Trd, 4319777.443, 100
Trd, 4319777.593, 76
Trd, 4319779.343, 139
Trd, 4319779.393, 137
Trd, 4319779.593, 128
Trd, 4319780.093, 126
Trd, 4319780.693, 125
Trd, 4319782.243, 125
Trd, 4319782.993, 126
Trd, 4319783.243, 140
Trd, 4319783.693, 124
Trd, 4319783.943, 84
Trd, 4319784.543, 134
Trd, 4319785.293, 140
Trd, 4319785.943, 135
Trd, 4319786.393, 134
Trd, 4319786.693, 98
Trd, 4319788.393, 62
Trd, 4319789.193, 66
Trd, 4319789.843, 78
Trd, 4319790.193, 62
Trd, 4319791.993, 92
Trd, 4319792.043, 100
Trd, 4319792.993, 85
Trd, 4319793.343, 83
Trd, 4319794.393, 78
Trd, 4319794.443, 82
Trd, 4319794.843, 76
Trd, 4319796.193, 114
Trd, 4319796.893, 138
Trd, 4319797.343, 138
Trd, 4319797.793, 137
Trd, 4319798.793, 139
Trd, 4319799.193, 124
Trd, 4319799.343, 123
Trd, 4319801.543, 80
Trd, 4319801.843, 79
Trd, 4319803.243, 100
Trd, 4319804.443, 115
Trd, 4319804.543, 100
Trd, 4319805.043, 137
Trd, 4319805.093, 128
Trd, 4319805.643, 129
Trd, 4319805.893, 128
Trd, 4319806.493, 63
Trd, 4319807.143, 66
Trd, 4319808.343, 61
Trd, 4319809.293, 70
Trd, 4319809.543, 119
Trd, 4319810.843, 60
Trd, 4319811.293, 61
Trd, 4319811.993, 63
Trd, 4319812.293, 76
Trd, 4319813.343, 78
Trd, 4319814.093, 79
Trd, 4319814.993, 70
Trd, 4319815.943, 87
Trd, 4319816.443, 84
Trd, 4319816.543, 82
Trd, 4319816.893, 85
Trd, 4319816.943, 81
Trd, 4319817.593, 102
Trd, 4319817.643, 101
Trd, 4319819.393, 92
Trd, 4319819.493, 101
Trd, 4319819.693, 84
Trd, 4319820.243, 112
Trd, 4319820.493, 77
Trd, 4319821.343, 131
Trd, 4319821.643, 130
Trd, 4319821.993, 140
Trd, 4319822.793, 140
Trd, 4319823.143, 140
Trd, 4319824.493, 96
Trd, 4319824.843, 138
Trd, 4319825.143, 66
Trd, 4319825.643, 129
Trd, 4319826.993, 75
Trd, 4319827.593, 70
Trd, 4319828.243, 90
Trd, 4319828.693, 103
Trd, 4319830.293, 64
Trd, 4319830.793, 73
Trd, 4319830.943, 75
Trd, 4319832.243, 140
Trd, 4319832.293, 140
Trd, 4319832.993, 140
Trd, 4319833.043, 137
Trd, 4319833.593, 84
Trd, 4319834.093, 120
Trd, 4319834.343, 119
Trd, 4319835.243, 110
Trd, 4319835.593, 101
Trd, 4319837.893, 140
Trd, 4319838.493, 140
Trd, 4319838.543, 140
Trd, 4319839.143, 140
Trd, 4319839.393, 140
Trd, 4319840.043, 130
Trd, 4319840.093, 128
Trd, 4319841.693, 140
Trd, 4319841.843, 133
Trd, 4319842.043, 132
Trd, 4319842.393, 133
Trd, 4319842.743, 73
Trd, 4319843.143, 64
Trd, 4319844.193, 93
Trd, 4319845.343, 66
Trd, 4319845.393, 65
Trd, 4319846.993, 139
Trd, 4319847.543, 138
Trd, 4319848.243, 125
Trd, 4319848.443, 116
Trd, 4319848.543, 114
Trd, 4319848.843, 100
Trd, 4319849.043, 88
Trd, 4319851.143, 139
Trd, 4319851.593, 140
Trd, 4319851.843, 139
Trd, 4319851.993, 138
Trd, 4319852.493, 129
Trd, 4319853.243, 128
Trd, 4319854.093, 95
Trd, 4319854.343, 82
Trd, 4319855.743, 140
Trd, 4319857.243, 140
Trd, 4319857.543, 139
Trd, 4319857.693, 138
Trd, 4319857.743, 128
Trd, 4319857.893, 104
Trd, 4319858.243, 103
Trd, 4319858.643, 62
Trd, 4319860.743, 94
Trd, 4319860.993, 95
Trd, 4319861.143, 78
Trd, 4319861.893, 110
Trd, 4319863.093, 72
Trd, 4319863.193, 84
Trd, 4319863.943, 140
Trd, 4319864.393, 132
Trd, 4319864.843, 132
Trd, 4319865.543, 132
Trd, 4319866.793, 133
Trd, 4319866.943, 133
Trd, 4319867.093, 137
Trd, 4319867.193, 120
Trd, 4319867.993, 111
Trd, 4319868.243, 103
Trd, 4319869.793, 136
Trd, 4319870.143, 108
Trd, 4319870.593, 69
Trd, 4319871.693, 109
Trd, 4319871.843, 139
Trd, 4319872.043, 105
Trd, 4319874.193, 110
Trd, 4319874.793, 140
Trd, 4319874.993, 140
Trd, 4319875.393, 140
Trd, 4319876.243, 91
Trd, 4319876.943, 92
Trd, 4319877.843, 82
Trd, 4319879.793, 92
Trd, 4319880.193, 72
Trd, 4319880.743, 71
Trd, 4319880.793, 70
Trd, 4319881.743, 71
Trd, 4319881.843, 65
Trd, 4319883.343, 63
Trd, 4319883.543, 64
Trd, 4319883.943, 66
Trd, 4319884.493, 77
Trd, 4319884.793, 64
Trd, 4319886.543, 119
Trd, 4319886.993, 74
Trd, 4319887.593, 140
Trd, 4319888.693, 140
Trd, 4319888.743, 140
Trd, 4319888.993, 137
Trd, 4319889.393, 134
Trd, 4319889.493, 128
Trd, 4319890.843, 90
Trd, 4319890.943, 125
Trd, 4319893.193, 107
Trd, 4319893.293, 106
Trd, 4319894.293, 91
Trd, 4319894.543, 89
Trd, 4319895.443, 131
Trd, 4319895.493, 121
Trd, 4319896.943, 139
Trd, 4319897.443, 138
Trd, 4319897.893, 80
Trd, 4319898.043, 75
Trd, 4319898.243, 66
Trd, 4319899.193, 67
Trd, 4319899.543, 82
Trd, 4319902.693, 136
Trd, 4319902.893, 125
Trd, 4319903.393, 124
Trd, 4319903.543, 122
Trd, 4319903.843, 122
Trd, 4319903.943, 121
Trd, 4319904.043, 136
Trd, 4319905.593, 61
Trd, 4319906.443, 68
Trd, 4319906.943, 84
Trd, 4319908.393, 62
Trd, 4319909.593, 60
Trd, 4319909.743, 87
Trd, 4319910.993, 62
Trd, 4319911.743, 62
Trd, 4319912.093, 66
Trd, 4319913.193, 74
Trd, 4319913.393, 86
Trd, 4319914.093, 69
Trd, 4319914.293, 100
Trd, 4319914.793, 131
Trd, 4319915.343, 72
Trd, 4319916.143, 66
Trd, 4319916.943, 135
Trd, 4319917.393, 70
Trd, 4319917.943, 67
Trd, 4319919.243, 64
Trd, 4319919.793, 76
Trd, 4319921.143, 128
Trd, 4319922.293, 114
Trd, 4319922.493, 112
Trd, 4319922.593, 104
Trd, 4319923.093, 134
Trd, 4319924.143, 140
Trd, 4319924.893, 140
Trd, 4319925.043, 68
Trd, 4319925.843, 86
Trd, 4319926.393, 92
Trd, 4319927.693, 64
Trd, 4319929.793, 73
Trd, 4319931.043, 60
Trd, 4319931.093, 73
Trd, 4319931.693, 139
Trd, 4319932.543, 131
Trd, 4319932.993, 130
Trd, 4319933.593, 111
Trd, 4319934.093, 86
Trd, 4319935.143, 61
Trd, 4319936.943, 80
Trd, 4319937.293, 86
Trd, 4319937.893, 132
Trd, 4319938.393, 104
Trd, 4319939.093, 110
Trd, 4319939.393, 109
Trd, 4319939.643, 108
Trd, 4319940.243, 127
Trd, 4319941.143, 91
Trd, 4319941.493, 67
Trd, 4319941.643, 94
Trd, 4319943.493, 139
Trd, 4319943.643, 137
Trd, 4319944.143, 111
Trd, 4319945.993, 78
Trd, 4319947.193, 62
Trd, 4319947.743, 61
Trd, 4319948.893, 63
Trd, 4319949.493, 76
Trd, 4319949.693, 113
Trd, 4319950.343, 136
Trd, 4319950.493, 135
Trd, 4319950.543, 124
Trd, 4319950.593, 66
Trd, 4319951.393, 128
Trd, 4319951.843, 66
Trd, 4319952.643, 102
Trd, 4319953.493, 61
Trd, 4319953.793, 93
Trd, 4319954.193, 116
Trd, 4319956.543, 76
Trd, 4319956.893, 74
Trd, 4319956.943, 87
Trd, 4319958.493, 74
Trd, 4319958.843, 73
Trd, 4319959.343, 133
Trd, 4319959.493, 127
Trd, 4319960.243, 82
Trd, 4319961.093, 125
Trd, 4319961.143, 116
Trd, 4319961.443, 97
Trd, 4319963.793, 140
Trd, 4319964.093, 140
Trd, 4319964.843, 128
Trd, 4319965.243, 128
Trd, 4319965.443, 125
Trd, 4319966.143, 140
Trd, 4319966.243, 96
Trd, 4319967.293, 140
Trd, 4319967.493, 140
Trd, 4319968.443, 135
Trd, 4319968.493, 134
Trd, 4319969.793, 90
Trd, 4319970.343, 79
Trd, 4319971.043, 91
Trd, 4319971.943, 98
Trd, 4319972.593, 85
Trd, 4319973.293, 90
Trd, 4319973.493, 83
Trd, 4319974.093, 83
Trd, 4319974.243, 135
Trd, 4319976.643, 89
Trd, 4319976.943, 79
Trd, 4319977.143, 112
Trd, 4319977.393, 61
Trd, 4319978.643, 79
Trd, 4319979.543, 65
Trd, 4319980.243, 90
Trd, 4319981.443, 60
Trd, 4319981.793, 99
Trd, 4319982.793, 66
Trd, 4319984.193, 135
Trd, 4319984.393, 140
Trd, 4319984.743, 136
Trd, 4319985.393, 122
Trd, 4319985.943, 121
Trd, 4319986.193, 107
Trd, 4319987.043, 140
Trd, 4319988.643, 90
Trd, 4319989.343, 98
Trd, 4319989.743, 84
Trd, 4319990.443, 96
Trd, 4319991.643, 106
Trd, 4319991.843, 90
Trd, 4319991.943, 84
Trd, 4319992.143, 78
Trd, 4319994.493, 72
Trd, 4319994.743, 125
Trd, 4319994.843, 77
Trd, 4319995.093, 75
Trd, 4319995.793, 76
Trd, 4319996.493, 70
Trd, 4319997.193, 140
Trd, 4319997.843, 138
Trd, 4319998.393, 120
Trd, 4319998.743, 109
Trd, 4319999.843, 126
