Trd, 4318144.993, 113
Trd, 4318145.893, 99
Trd, 4318146.493, 81
Trd, 4318146.993, 65
Trd, 4318148.343, 60
Trd, 4318148.543, 64
Trd, 4318149.643, 102
Trd, 4318150.443, 83
Trd, 4318151.343, 65
Trd, 4318151.443, 68
Trd, 4318152.143, 82
Trd, 4318153.393, 67
Trd, 4318154.143, 86
Trd, 4318154.743, 128
Trd, 4318154.993, 64
Trd, 4318155.593, 60
Trd, 4318155.893, 135
Trd, 4318156.893, 140
Trd, 4318157.993, 115
Trd, 4318158.193, 113
Trd, 4318158.243, 87
Trd, 4318158.443, 75
Trd, 4318160.793, 80
Trd, 4318162.243, 131
Trd, 4318163.393, 106
Trd, 4318163.593, 107
Trd, 4318163.943, 88
Trd, 4318164.893, 77
Trd, 4318165.543, 97
Trd, 4318165.693, 115
Trd, 4318166.543, 140
Trd, 4318167.093, 99
Trd, 4318167.393, 98
Trd, 4318167.843, 134
Trd, 4318168.393, 76
Trd, 4318169.693, 131
Trd, 4318170.243, 60
Trd, 4318170.993, 63
Trd, 4318171.893, 60
Trd, 4318172.143, 104
Trd, 4318173.093, 72
Trd, 4318173.893, 140
Trd, 4318173.943, 139
Trd, 4318175.643, 140
Trd, 4318176.743, 125
Trd, 4318177.193, 106
Trd, 4318178.043, 61
Trd, 4318178.193, 63
Trd, 4318179.443, 62
Trd, 4318179.543, 74
Trd, 4318179.693, 63
Trd, 4318181.543, 72
Trd, 4318181.843, 63
Trd, 4318182.043, 62
Trd, 4318182.643, 89
Trd, 4318182.993, 84
Trd, 4318184.893, 106
Trd, 4318185.493, 79
Trd, 4318185.943, 77
Trd, 4318186.443, 104
Trd, 4318186.543, 101
Trd, 4318187.593, 106
Trd, 4318188.093, 133
Trd, 4318189.093, 101
Trd, 4318189.943, 74
Trd, 4318191.543, 112
Trd, 4318191.893, 104
Trd, 4318192.443, 119
Trd, 4318193.493, 87
Trd, 4318193.793, 130
Trd, 4318193.993, 64
Trd, 4318195.643, 104
Trd, 4318195.893, 104
Trd, 4318196.293, 64
Trd, 4318197.793, 94
Trd, 4318198.143, 84
Trd, 4318198.643, 121
Trd, 4318198.693, 115
Trd, 4318198.893, 89
Trd, 4318199.293, 80
Trd, 4318199.643, 135
Trd, 4318199.793, 134
Trd, 4318200.543, 123
Trd, 4318201.293, 81
Trd, 4318203.093, 60
Trd, 4318203.943, 68
Trd, 4318204.493, 67
Trd, 4318205.143, 104
Trd, 4318205.493, 103
Trd, 4318205.793, 139
Trd, 4318206.543, 134
Trd, 4318208.143, 131
Trd, 4318208.593, 135
Trd, 4318209.143, 130
Trd, 4318209.193, 128
Trd, 4318209.393, 115
Trd, 4318209.843, 114
Trd, 4318210.393, 71
Trd, 4318211.143, 61
Trd, 4318212.043, 66
Trd, 4318212.293, 62
Trd, 4318212.493, 62
Trd, 4318213.443, 138
Trd, 4318214.143, 105
Trd, 4318215.293, 98
Trd, 4318215.893, 80
Trd, 4318217.593, 92
Trd, 4318217.943, 99
Trd, 4318219.543, 101
Trd, 4318220.343, 66
Trd, 4318221.043, 113
Trd, 4318221.893, 108
Trd, 4318222.493, 125
Trd, 4318223.593, 107
Trd, 4318223.693, 106
Trd, 4318223.893, 68
Trd, 4318225.143, 61
Trd, 4318225.393, 78
Trd, 4318226.043, 125
Trd, 4318227.593, 140
Trd, 4318228.493, 63
Trd, 4318229.393, 74
Trd, 4318230.593, 88
Trd, 4318231.293, 137
Trd, 4318231.993, 130
Trd, 4318232.643, 99
Trd, 4318232.993, 78
Trd, 4318233.843, 122
Trd, 4318233.943, 78
Trd, 4318235.493, 70
Trd, 4318236.043, 62
Trd, 4318236.443, 70
Trd, 4318237.943, 88
Trd, 4318238.243, 91
Trd, 4318238.543, 71
Trd, 4318239.093, 107
Trd, 4318239.743, 93
Trd, 4318240.143, 61
Trd, 4318240.343, 106
Trd, 4318241.993, 70
Trd, 4318242.243, 89
Trd, 4318243.693, 101
Trd, 4318244.143, 96
Trd, 4318244.293, 95
Trd, 4318245.243, 93
Trd, 4318246.043, 140
Trd, 4318246.193, 140
Trd, 4318246.293, 132
Trd, 4318246.393, 64
Trd, 4318247.393, 139
Trd, 4318248.093, 111
Trd, 4318249.343, 127
Trd, 4318250.693, 126
Trd, 4318251.393, 103
Trd, 4318251.493, 102
Trd, 4318252.143, 128
Trd, 4318253.543, 140
Trd, 4318253.593, 89
Trd, 4318255.793, 132
Trd, 4318256.493, 125
Trd, 4318257.443, 138
Trd, 4318257.543, 132
Trd, 4318257.693, 100
Trd, 4318257.793, 100
Trd, 4318259.793, 101
Trd, 4318259.893, 85
Trd, 4318260.993, 86
Trd, 4318261.243, 124
Trd, 4318261.893, 82
Trd, 4318262.343, 79
Trd, 4318262.593, 103
Trd, 4318262.743, 75
Trd, 4318263.393, 106
Trd, 4318264.043, 117
Trd, 4318265.193, 101
Trd, 4318265.343, 74
Trd, 4318265.843, 98
Trd, 4318266.443, 130
Trd, 4318267.093, 137
Trd, 4318268.593, 71
Trd, 4318269.393, 63
Trd, 4318270.793, 85
Trd, 4318271.393, 90
Trd, 4318272.343, 72
Trd, 4318272.543, 62
Trd, 4318272.593, 101
Trd, 4318273.543, 135
Trd, 4318273.993, 140
Trd, 4318275.093, 107
Trd, 4318276.543, 92
Trd, 4318277.343, 104
Trd, 4318278.143, 101
Trd, 4318278.243, 137
Trd, 4318278.643, 77
Trd, 4318279.793, 120
Trd, 4318280.393, 140
Trd, 4318281.043, 80
Trd, 4318281.393, 112
Trd, 4318281.443, 105
Trd, 4318282.143, 116
Trd, 4318282.693, 104
Trd, 4318283.343, 110
Trd, 4318284.243, 140
Trd, 4318284.843, 100
Trd, 4318285.843, 106
Trd, 4318286.693, 81
Trd, 4318287.043, 116
Trd, 4318287.543, 104
Trd, 4318289.193, 139
Trd, 4318289.493, 139
Trd, 4318289.693, 125
Trd, 4318289.943, 118
Trd, 4318290.293, 137
Trd, 4318290.393, 136
Trd, 4318291.493, 133
Trd, 4318292.593, 108
Trd, 4318293.193, 87
Trd, 4318294.143, 79
Trd, 4318294.543, 100
Trd, 4318295.343, 140
Trd, 4318295.393, 118
Trd, 4318295.843, 128
Trd, 4318296.243, 95
Trd, 4318296.693, 125
Trd, 4318296.843, 94
Trd, 4318298.393, 107
Trd, 4318298.793, 103
Trd, 4318298.893, 101
Trd, 4318300.093, 64
Trd, 4318300.193, 83
Trd, 4318301.643, 139
Trd, 4318302.593, 137
Trd, 4318302.693, 110
Trd, 4318303.593, 128
Trd, 4318304.193, 61
Trd, 4318304.893, 66
Trd, 4318305.843, 64
Trd, 4318306.493, 115
Trd, 4318307.243, 61
Trd, 4318307.993, 122
Trd, 4318309.043, 78
Trd, 4318309.793, 107
Trd, 4318310.493, 64
Trd, 4318310.543, 81
Trd, 4318311.743, 131
Trd, 4318313.043, 114
Trd, 4318313.793, 137
Trd, 4318313.993, 112
Trd, 4318315.443, 120
Trd, 4318317.493, 140
Trd, 4318317.643, 95
Trd, 4318318.193, 75
Trd, 4318318.543, 98
Trd, 4318318.943, 120
Trd, 4318320.243, 140
Trd, 4318321.043, 75
Trd, 4318321.343, 89
Trd, 4318321.693, 71
Trd, 4318323.093, 104
Trd, 4318323.743, 86
Trd, 4318324.293, 100
Trd, 4318325.243, 82
Trd, 4318325.593, 115
Trd, 4318326.493, 79
Trd, 4318327.643, 63
Trd, 4318327.993, 76
Trd, 4318328.893, 74
Trd, 4318329.643, 95
Trd, 4318331.143, 127
Trd, 4318332.293, 112
Trd, 4318332.693, 95
Trd, 4318332.793, 88
Trd, 4318334.493, 140
Trd, 4318334.643, 139
Trd, 4318334.743, 102
Trd, 4318335.193, 127
Trd, 4318336.293, 75
Trd, 4318336.643, 88
Trd, 4318337.293, 62
Trd, 4318338.393, 101
Trd, 4318339.043, 85
Trd, 4318339.843, 136
Trd, 4318340.043, 103
Trd, 4318340.993, 100
Trd, 4318341.243, 93
Trd, 4318342.593, 139
Trd, 4318344.593, 128
Trd, 4318344.943, 106
Trd, 4318345.543, 105
Trd, 4318345.943, 130
Trd, 4318346.443, 117
Trd, 4318346.993, 115
Trd, 4318347.043, 91
Trd, 4318347.293, 79
Trd, 4318347.343, 119
Trd, 4318348.643, 126
Trd, 4318349.693, 106
Trd, 4318350.393, 71
Trd, 4318351.543, 101
Trd, 4318352.343, 64
Trd, 4318352.693, 119
Trd, 4318352.943, 60
Trd, 4318353.093, 73
Trd, 4318353.293, 60
Trd, 4318354.793, 64
Trd, 4318355.593, 62
Trd, 4318355.943, 67
Trd, 4318356.993, 91
Trd, 4318357.943, 63
Trd, 4318358.243, 77
Trd, 4318358.843, 96
Trd, 4318361.093, 93
Trd, 4318361.493, 82
Trd, 4318361.893, 98
Trd, 4318363.293, 113
Trd, 4318363.493, 82
Trd, 4318363.743, 73
Trd, 4318364.193, 98
Trd, 4318364.743, 130
Trd, 4318365.443, 89
Trd, 4318365.493, 90
Trd, 4318367.343, 74
Trd, 4318367.943, 69
Trd, 4318369.493, 134
Trd, 4318369.593, 133
Trd, 4318369.693, 95
Trd, 4318369.943, 124
Trd, 4318369.993, 94
Trd, 4318370.793, 140
Trd, 4318371.643, 140
Trd, 4318371.843, 137
Trd, 4318372.443, 124
Trd, 4318372.993, 88
Trd, 4318373.443, 120
Trd, 4318374.143, 84
Trd, 4318375.143, 81
Trd, 4318377.643, 109
Trd, 4318378.043, 108
Trd, 4318378.243, 103
Trd, 4318378.793, 110
Trd, 4318379.743, 106
Trd, 4318379.993, 76
Trd, 4318380.843, 116
Trd, 4318380.993, 93
Trd, 4318381.893, 140
Trd, 4318381.943, 138
Trd, 4318382.593, 113
Trd, 4318383.393, 140
Trd, 4318383.493, 93
Trd, 4318383.893, 84
Trd, 4318384.243, 73
Trd, 4318385.543, 82
Trd, 4318386.743, 108
Trd, 4318387.893, 130
Trd, 4318388.493, 94
Trd, 4318388.893, 140
Trd, 4318388.993, 76
Trd, 4318389.293, 100
Trd, 4318392.093, 62
Trd, 4318392.243, 72
Trd, 4318392.493, 61
Trd, 4318393.493, 103
Trd, 4318393.693, 88
Trd, 4318393.893, 113
Trd, 4318394.743, 74
Trd, 4318395.443, 93
Trd, 4318396.293, 99
Trd, 4318396.643, 116
Trd, 4318396.893, 73
Trd, 4318397.043, 134
Trd, 4318398.043, 128
Trd, 4318398.943, 106
Trd, 4318399.093, 86
Trd, 4318399.393, 81
Trd, 4318401.793, 72
Trd, 4318401.843, 75
Trd, 4318402.293, 107
Trd, 4318402.493, 133
Trd, 4318403.693, 95
Trd, 4318403.843, 94
Trd, 4318405.093, 136
Trd, 4318405.943, 103
Trd, 4318406.043, 102
Trd, 4318406.743, 117
Trd, 4318406.793, 109
Trd, 4318406.993, 70
Trd, 4318407.543, 140
Trd, 4318408.343, 109
Trd, 4318409.693, 109
Trd, 4318411.793, 139
Trd, 4318411.893, 135
Trd, 4318413.543, 122
Trd, 4318413.793, 109
Trd, 4318414.143, 101
Trd, 4318415.593, 84
Trd, 4318415.693, 67
Trd, 4318415.743, 96
Trd, 4318416.143, 138
Trd, 4318416.743, 60
Trd, 4318418.843, 110
Trd, 4318419.043, 104
Trd, 4318419.443, 88
Trd, 4318419.843, 112
Trd, 4318421.293, 92
Trd, 4318421.943, 73
Trd, 4318422.243, 62
Trd, 4318422.943, 92
Trd, 4318423.093, 101
Trd, 4318423.393, 119
Trd, 4318424.343, 60
Trd, 4318425.893, 91
Trd, 4318426.493, 117
Trd, 4318427.393, 140
Trd, 4318427.743, 132
Trd, 4318427.943, 131
Trd, 4318429.943, 131
Trd, 4318430.293, 106
Trd, 4318430.443, 121
Trd, 4318430.843, 140
Trd, 4318431.443, 86
Trd, 4318432.043, 125
Trd, 4318434.143, 140
Trd, 4318434.643, 118
Trd, 4318435.193, 128
Trd, 4318435.493, 122
Trd, 4318435.943, 92
Trd, 4318436.193, 95
Trd, 4318436.893, 72
Trd, 4318438.193, 76
Trd, 4318438.843, 67
Trd, 4318438.993, 106
Trd, 4318440.393, 108
Trd, 4318441.093, 72
Trd, 4318441.343, 63
Trd, 4318441.693, 98
Trd, 4318442.593, 65
Trd, 4318443.443, 112
Trd, 4318444.693, 60
Trd, 4318444.743, 71
Trd, 4318445.143, 75
Trd, 4318445.393, 110
Trd, 4318445.593, 60
Trd, 4318446.143, 136
Trd, 4318448.593, 102
Trd, 4318449.043, 123
Trd, 4318449.093, 96
Trd, 4318450.243, 125
Trd, 4318450.393, 91
Trd, 4318450.793, 116
Trd, 4318451.593, 82
Trd, 4318451.743, 81
Trd, 4318452.793, 68
Trd, 4318453.393, 89
Trd, 4318454.193, 67
Trd, 4318454.593, 88
Trd, 4318455.043, 102
Trd, 4318455.143, 92
Trd, 4318456.093, 119
Trd, 4318456.693, 65
Trd, 4318458.043, 88
Trd, 4318458.493, 113
Trd, 4318460.443, 63
Trd, 4318460.643, 120
Trd, 4318461.393, 74
Trd, 4318461.743, 83
Trd, 4318463.093, 81
Trd, 4318463.443, 66
Trd, 4318464.893, 70
Trd, 4318464.993, 76
Trd, 4318465.893, 84
Trd, 4318467.343, 67
Trd, 4318467.893, 64
Trd, 4318467.993, 68
Trd, 4318468.393, 113
Trd, 4318468.593, 96
Trd, 4318469.793, 109
Trd, 4318471.493, 62
Trd, 4318472.493, 62
Trd, 4318472.693, 62
Trd, 4318472.843, 67
Trd, 4318473.943, 115
Trd, 4318474.793, 97
Trd, 4318474.993, 95
Trd, 4318475.493, 97
Trd, 4318475.743, 116
Trd, 4318476.943, 73
Trd, 4318478.493, 139
Trd, 4318478.543, 138
Trd, 4318478.743, 119
Trd, 4318478.843, 101
Trd, 4318479.043, 90
Trd, 4318480.293, 80
Trd, 4318481.293, 112
Trd, 4318481.343, 99
Trd, 4318482.493, 115
Trd, 4318483.043, 112
Trd, 4318483.293, 79
Trd, 4318483.893, 83
Trd, 4318484.443, 105
Trd, 4318485.443, 86
Trd, 4318485.943, 92
Trd, 4318488.043, 140
Trd, 4318488.293, 125
Trd, 4318488.793, 101
Trd, 4318490.143, 103
Trd, 4318490.293, 101
Trd, 4318490.343, 87
Trd, 4318491.643, 87
Trd, 4318493.693, 119
Trd, 4318494.193, 88
Trd, 4318494.493, 77
Trd, 4318496.093, 140
Trd, 4318496.293, 139
Trd, 4318496.793, 130
Trd, 4318497.143, 92
Trd, 4318498.043, 140
Trd, 4318498.443, 140
Trd, 4318499.143, 135
Trd, 4318499.493, 70
Trd, 4318500.893, 75
Trd, 4318501.093, 100
Trd, 4318501.593, 73
Trd, 4318503.143, 70
Trd, 4318503.193, 69
Trd, 4318503.393, 86
Trd, 4318504.093, 140
Trd, 4318504.193, 127
Trd, 4318504.443, 66
Trd, 4318506.493, 137
Trd, 4318506.943, 100
Trd, 4318508.043, 115
Trd, 4318508.593, 140
Trd, 4318508.693, 117
Trd, 4318508.993, 97
Trd, 4318509.643, 96
Trd, 4318510.743, 120
Trd, 4318511.093, 112
Trd, 4318511.693, 92
Trd, 4318512.143, 64
Trd, 4318513.193, 120
Trd, 4318515.093, 63
Trd, 4318515.293, 82
Trd, 4318515.593, 101
Trd, 4318516.043, 93
Trd, 4318517.643, 140
Trd, 4318517.943, 125
Trd, 4318518.893, 134
Trd, 4318518.943, 133
Trd, 4318519.843, 100
Trd, 4318520.043, 95
Trd, 4318520.243, 68
Trd, 4318521.293, 117
Trd, 4318521.343, 80
Trd, 4318523.243, 139
Trd, 4318523.343, 109
Trd, 4318524.243, 113
Trd, 4318525.293, 98
Trd, 4318525.443, 97
Trd, 4318525.493, 92
Trd, 4318525.943, 129
Trd, 4318527.693, 118
Trd, 4318527.793, 82
Trd, 4318529.043, 92
Trd, 4318529.893, 60
Trd, 4318530.093, 97
Trd, 4318531.043, 65
Trd, 4318531.343, 85
Trd, 4318531.743, 125
Trd, 4318532.643, 140
Trd, 4318532.843, 124
Trd, 4318533.043, 93
Trd, 4318534.693, 100
Trd, 4318534.743, 92
Trd, 4318535.343, 108
Trd, 4318535.543, 88
Trd, 4318535.643, 82
Trd, 4318535.693, 72
Trd, 4318537.043, 140
Trd, 4318538.843, 106
Trd, 4318539.093, 115
Trd, 4318539.893, 96
Trd, 4318540.193, 66
Trd, 4318540.243, 129
Trd, 4318541.143, 89
Trd, 4318542.143, 81
Trd, 4318542.993, 99
Trd, 4318543.393, 84
Trd, 4318544.293, 93
Trd, 4318544.593, 83
Trd, 4318547.193, 73
Trd, 4318547.243, 74
Trd, 4318547.793, 60
Trd, 4318549.393, 63
Trd, 4318550.093, 101
Trd, 4318550.493, 103
Trd, 4318550.843, 96
Trd, 4318551.293, 121
Trd, 4318552.193, 80
Trd, 4318553.393, 140
Trd, 4318554.743, 140
Trd, 4318554.793, 135
Trd, 4318555.943, 96
Trd, 4318557.793, 91
Trd, 4318558.393, 97
Trd, 4318559.543, 88
Trd, 4318560.293, 92
Trd, 4318560.743, 82
Trd, 4318561.443, 89
Trd, 4318562.243, 105
Trd, 4318562.593, 96
Trd, 4318563.193, 138
Trd, 4318563.443, 113
Trd, 4318563.493, 94
Trd, 4318565.343, 83
Trd, 4318566.443, 109
Trd, 4318566.643, 100
Trd, 4318566.793, 140
Trd, 4318567.193, 120
Trd, 4318568.143, 105
Trd, 4318568.993, 77
Trd, 4318569.693, 69
Trd, 4318571.143, 129
Trd, 4318571.293, 87
Trd, 4318571.943, 66
Trd, 4318572.793, 78
Trd, 4318573.093, 68
Trd, 4318573.793, 88
Trd, 4318574.243, 108
Trd, 4318575.693, 61
Trd, 4318576.493, 120
Trd, 4318576.843, 119
Trd, 4318578.093, 72
Trd, 4318578.693, 113
Trd, 4318578.993, 104
Trd, 4318579.143, 109
Trd, 4318579.443, 94
Trd, 4318580.593, 92
Trd, 4318581.143, 68
Trd, 4318581.943, 140
Trd, 4318583.343, 121
Trd, 4318584.443, 137
Trd, 4318584.743, 115
Trd, 4318585.293, 100
Trd, 4318586.743, 118
Trd, 4318586.943, 84
Trd, 4318587.443, 139
Trd, 4318589.643, 121
Trd, 4318589.793, 114
Trd, 4318590.543, 134
Trd, 4318591.243, 132
Trd, 4318591.593, 116
Trd, 4318592.693, 140
Trd, 4318593.893, 140
Trd, 4318593.943, 125
Trd, 4318594.393, 92
Trd, 4318595.143, 139
Trd, 4318596.143, 73
Trd, 4318596.493, 79
Trd, 4318597.243, 89
Trd, 4318597.643, 83
Trd, 4318598.643, 68
Trd, 4318599.393, 88
Trd, 4318600.093, 112
Trd, 4318600.293, 70
Trd, 4318601.493, 72
Trd, 4318602.043, 75
Trd, 4318602.093, 76
Trd, 4318602.743, 61
Trd, 4318603.693, 89
Trd, 4318603.943, 81
Trd, 4318604.693, 89
Trd, 4318605.793, 64
Trd, 4318607.393, 62
Trd, 4318607.443, 66
Trd, 4318607.693, 69
Trd, 4318608.793, 103
Trd, 4318609.293, 85
Trd, 4318609.793, 83
Trd, 4318610.893, 109
Trd, 4318611.993, 108
Trd, 4318612.143, 91
Trd, 4318612.693, 112
Trd, 4318612.893, 102
Trd, 4318613.393, 92
Trd, 4318613.993, 130
Trd, 4318614.393, 80
Trd, 4318615.593, 73
Trd, 4318616.193, 65
Trd, 4318616.793, 84
Trd, 4318617.843, 89
Trd, 4318618.343, 104
Trd, 4318618.443, 104
Trd, 4318619.593, 115
Trd, 4318620.343, 72
Trd, 4318621.293, 101
Trd, 4318621.843, 63
Trd, 4318622.143, 104
Trd, 4318622.693, 89
Trd, 4318622.893, 86
Trd, 4318623.793, 71
Trd, 4318623.943, 73
Trd, 4318624.293, 69
Trd, 4318624.543, 113
Trd, 4318625.843, 84
Trd, 4318626.043, 140
Trd, 4318626.393, 71
Trd, 4318627.443, 104
Trd, 4318628.743, 99
Trd, 4318629.043, 67
Trd, 4318630.143, 139
Trd, 4318631.293, 126
Trd, 4318631.393, 121
Trd, 4318631.443, 114
Trd, 4318632.043, 97
Trd, 4318633.143, 110
Trd, 4318633.543, 74
Trd, 4318634.243, 140
Trd, 4318634.393, 126
Trd, 4318635.043, 113
Trd, 4318635.493, 93
Trd, 4318635.943, 79
Trd, 4318637.543, 79
Trd, 4318638.193, 111
Trd, 4318638.693, 80
Trd, 4318639.243, 98
Trd, 4318641.093, 103
Trd, 4318641.593, 105
Trd, 4318641.893, 140
Trd, 4318642.443, 131
Trd, 4318643.143, 88
Trd, 4318644.193, 81
Trd, 4318644.443, 74
Trd, 4318644.993, 104
Trd, 4318645.643, 129
Trd, 4318647.443, 91
Trd, 4318648.193, 64
Trd, 4318648.443, 82
Trd, 4318648.543, 96
Trd, 4318648.943, 62
Trd, 4318649.043, 109
Trd, 4318649.543, 66
Trd, 4318651.593, 67
Trd, 4318651.793, 140
Trd, 4318653.043, 74
Trd, 4318653.143, 87
Trd, 4318654.493, 61
Trd, 4318655.093, 105
Trd, 4318657.443, 138
Trd, 4318657.643, 76
Trd, 4318658.243, 137
Trd, 4318658.943, 123
Trd, 4318659.043, 94
Trd, 4318659.843, 102
Trd, 4318660.443, 92
Trd, 4318661.543, 72
Trd, 4318661.943, 68
Trd, 4318662.743, 61
Trd, 4318663.043, 89
Trd, 4318663.593, 66
Trd, 4318664.093, 80
Trd, 4318664.993, 65
Trd, 4318665.193, 110
Trd, 4318666.243, 68
Trd, 4318666.493, 112
Trd, 4318667.743, 87
Trd, 4318667.943, 88
Trd, 4318669.293, 107
Trd, 4318669.793, 105
Trd, 4318670.393, 85
Trd, 4318670.443, 85
Trd, 4318671.593, 100
Trd, 4318671.743, 90
Trd, 4318672.793, 140
Trd, 4318672.893, 79
Trd, 4318673.893, 114
Trd, 4318674.643, 85
Trd, 4318675.893, 110
Trd, 4318676.143, 94
Trd, 4318676.893, 135
Trd, 4318678.193, 139
Trd, 4318678.293, 94
Trd, 4318678.793, 122
Trd, 4318678.893, 114
Trd, 4318679.593, 82
Trd, 4318680.643, 83
Trd, 4318681.943, 122
Trd, 4318683.693, 77
Trd, 4318684.993, 138
Trd, 4318685.493, 139
Trd, 4318685.693, 137
Trd, 4318686.293, 115
Trd, 4318686.793, 124
Trd, 4318687.293, 60
Trd, 4318687.343, 78
Trd, 4318687.593, 102
Trd, 4318688.093, 71
Trd, 4318688.543, 95
Trd, 4318688.943, 102
Trd, 4318690.293, 108
Trd, 4318690.893, 116
Trd, 4318691.093, 70
Trd, 4318692.343, 70
Trd, 4318692.893, 105
Trd, 4318693.243, 86
Trd, 4318693.393, 84
Trd, 4318695.443, 86
Trd, 4318697.243, 80
Trd, 4318697.893, 98
Trd, 4318698.743, 82
Trd, 4318699.093, 117
Trd, 4318699.393, 94
Trd, 4318699.793, 118
Trd, 4318700.043, 112
Trd, 4318700.243, 126
Trd, 4318700.943, 128
Trd, 4318702.893, 64
Trd, 4318703.393, 62
Trd, 4318703.993, 68
Trd, 4318705.143, 125
Trd, 4318705.343, 124
Trd, 4318706.343, 109
Trd, 4318706.793, 139
Trd, 4318706.993, 91
Trd, 4318708.093, 114
Trd, 4318708.893, 79
Trd, 4318708.943, 73
Trd, 4318710.743, 76
Trd, 4318711.293, 68
Trd, 4318711.343, 72
Trd, 4318711.743, 76
Trd, 4318712.443, 128
Trd, 4318713.243, 74
Trd, 4318713.743, 99
Trd, 4318713.993, 67
Trd, 4318715.243, 64
Trd, 4318716.093, 117
Trd, 4318716.543, 73
Trd, 4318717.443, 103
Trd, 4318717.593, 93
Trd, 4318718.143, 139
Trd, 4318718.493, 93
Trd, 4318719.793, 118
Trd, 4318719.893, 101
Trd, 4318720.193, 127
Trd, 4318720.543, 122
Trd, 4318721.543, 77
Trd, 4318722.593, 134
Trd, 4318722.743, 122
Trd, 4318723.193, 139
Trd, 4318723.243, 115
Trd, 4318724.143, 106
Trd, 4318724.343, 99
Trd, 4318725.493, 76
Trd, 4318726.243, 85
Trd, 4318727.293, 62
Trd, 4318727.493, 77
Trd, 4318728.593, 63
Trd, 4318730.443, 71
Trd, 4318730.593, 68
Trd, 4318730.743, 80
Trd, 4318731.393, 73
Trd, 4318731.493, 82
Trd, 4318732.343, 104
Trd, 4318732.843, 139
Trd, 4318734.893, 91
Trd, 4318735.143, 93
Trd, 4318735.343, 62
Trd, 4318735.493, 81
Trd, 4318735.743, 65
Trd, 4318737.343, 86
Trd, 4318737.443, 109
Trd, 4318738.343, 65
Trd, 4318738.393, 69
Trd, 4318740.243, 61
Trd, 4318740.493, 61
Trd, 4318740.943, 86
Trd, 4318742.393, 124
Trd, 4318742.543, 113
Trd, 4318743.343, 106
Trd, 4318743.793, 115
Trd, 4318743.843, 95
Trd, 4318744.243, 94
Trd, 4318744.393, 67
Trd, 4318745.693, 73
Trd, 4318746.893, 96
Trd, 4318747.743, 67
Trd, 4318748.093, 97
Trd, 4318749.343, 69
Trd, 4318750.193, 81
Trd, 4318751.093, 82
Trd, 4318751.243, 101
Trd, 4318751.943, 81
Trd, 4318753.793, 83
Trd, 4318754.043, 64
Trd, 4318754.393, 68
Trd, 4318755.393, 98
Trd, 4318755.643, 132
Trd, 4318756.343, 126
Trd, 4318756.493, 123
Trd, 4318756.893, 60
Trd, 4318757.443, 99
Trd, 4318757.543, 140
Trd, 4318758.193, 68
Trd, 4318760.393, 100
Trd, 4318761.493, 81
Trd, 4318762.243, 104
Trd, 4318762.993, 83
Trd, 4318763.543, 111
Trd, 4318764.793, 81
Trd, 4318765.193, 93
Trd, 4318765.393, 96
Trd, 4318766.043, 85
Trd, 4318767.293, 139
Trd, 4318768.043, 97
Trd, 4318770.243, 105
Trd, 4318770.593, 125
Trd, 4318771.843, 126
Trd, 4318771.943, 88
Trd, 4318772.343, 140
Trd, 4318772.793, 122
Trd, 4318773.193, 107
Trd, 4318773.443, 74
Trd, 4318775.343, 129
Trd, 4318775.393, 126
Trd, 4318775.843, 118
Trd, 4318776.593, 140
Trd, 4318777.243, 132
Trd, 4318777.493, 131
Trd, 4318778.943, 74
Trd, 4318781.943, 61
Trd, 4318782.343, 60
Trd, 4318782.393, 63
Trd, 4318782.793, 68
Trd, 4318783.893, 68
Trd, 4318784.243, 99
Trd, 4318784.693, 70
Trd, 4318784.843, 87
Trd, 4318785.693, 129
Trd, 4318786.343, 62
Trd, 4318787.243, 69
Trd, 4318787.693, 110
Trd, 4318787.943, 80
Trd, 4318788.243, 106
Trd, 4318788.693, 63
Trd, 4318789.593, 62
Trd, 4318790.993, 68
Trd, 4318791.343, 72
Trd, 4318791.993, 94
Trd, 4318792.593, 62
Trd, 4318793.243, 62
Trd, 4318795.043, 87
Trd, 4318795.193, 115
Trd, 4318795.443, 66
Trd, 4318795.993, 63
Trd, 4318796.293, 108
Trd, 4318797.493, 78
Trd, 4318797.893, 92
Trd, 4318798.493, 83
Trd, 4318799.293, 63
Trd, 4318799.493, 71
Trd, 4318800.743, 116
Trd, 4318801.143, 112
Trd, 4318801.293, 115
Trd, 4318802.143, 84
Trd, 4318803.093, 127
Trd, 4318805.443, 83
Trd, 4318806.093, 89
Trd, 4318806.243, 117
Trd, 4318806.493, 82
Trd, 4318806.543, 80
Trd, 4318806.643, 127
Trd, 4318807.393, 68
Trd, 4318808.043, 140
Trd, 4318808.693, 140
Trd, 4318810.243, 109
Trd, 4318811.093, 104
Trd, 4318811.493, 111
Trd, 4318813.793, 81
Trd, 4318814.643, 119
Trd, 4318815.493, 136
Trd, 4318815.693, 127
Trd, 4318816.193, 116
Trd, 4318816.293, 66
Trd, 4318817.393, 131
Trd, 4318817.793, 123
Trd, 4318818.843, 97
Trd, 4318819.793, 69
Trd, 4318820.043, 140
Trd, 4318820.843, 65
Trd, 4318821.343, 95
Trd, 4318822.743, 67
Trd, 4318823.143, 113
Trd, 4318823.493, 103
Trd, 4318824.443, 111
Trd, 4318825.393, 134
Trd, 4318825.943, 108
Trd, 4318826.693, 106
Trd, 4318828.093, 102
Trd, 4318828.443, 90
Trd, 4318828.943, 62
Trd, 4318829.343, 140
Trd, 4318830.643, 125
Trd, 4318830.693, 114
Trd, 4318830.843, 107
Trd, 4318831.293, 80
Trd, 4318833.543, 87
Trd, 4318834.293, 109
Trd, 4318834.693, 97
Trd, 4318835.143, 83
Trd, 4318835.293, 80
Trd, 4318836.343, 82
Trd, 4318837.393, 126
Trd, 4318837.593, 121
Trd, 4318838.493, 91
Trd, 4318839.193, 69
Trd, 4318839.443, 76
Trd, 4318840.143, 100
Trd, 4318840.643, 75
Trd, 4318840.843, 111
Trd, 4318842.043, 64
Trd, 4318842.693, 103
Trd, 4318843.693, 101
Trd, 4318844.243, 107
Trd, 4318845.143, 140
Trd, 4318845.443, 110
Trd, 4318846.343, 72
Trd, 4318847.393, 100
Trd, 4318847.943, 108
Trd, 4318848.193, 79
Trd, 4318848.293, 63
Trd, 4318849.443, 84
Trd, 4318850.393, 101
Trd, 4318850.993, 107
Trd, 4318851.093, 90
Trd, 4318851.793, 67
Trd, 4318852.843, 97
Trd, 4318853.793, 112
Trd, 4318854.043, 67
Trd, 4318855.493, 77
Trd, 4318855.593, 83
Trd, 4318856.293, 140
Trd, 4318856.743, 84
Trd, 4318856.993, 106
Trd, 4318858.243, 83
Trd, 4318858.493, 117
Trd, 4318859.243, 103
Trd, 4318859.293, 92
Trd, 4318859.743, 82
Trd, 4318860.193, 108
Trd, 4318861.293, 136
Trd, 4318862.093, 111
Trd, 4318862.893, 62
Trd, 4318863.243, 61
Trd, 4318863.893, 74
Trd, 4318864.643, 133
Trd, 4318865.243, 100
Trd, 4318867.593, 68
Trd, 4318867.743, 69
Trd, 4318867.843, 91
Trd, 4318868.493, 99
Trd, 4318868.693, 121
Trd, 4318869.443, 83
Trd, 4318870.193, 80
Trd, 4318870.793, 65
Trd, 4318871.443, 127
Trd, 4318873.093, 67
Trd, 4318873.693, 62
Trd, 4318874.093, 99
Trd, 4318874.543, 140
Trd, 4318874.843, 82
Trd, 4318875.793, 78
Trd, 4318875.843, 72
Trd, 4318876.693, 90
Trd, 4318877.493, 96
Trd, 4318879.943, 80
Trd, 4318880.143, 126
Trd, 4318881.393, 140
Trd, 4318881.643, 95
Trd, 4318883.143, 122
Trd, 4318884.743, 111
Trd, 4318885.243, 97
Trd, 4318886.193, 96
Trd, 4318886.893, 97
Trd, 4318886.993, 60
Trd, 4318888.643, 136
Trd, 4318889.643, 120
Trd, 4318889.793, 122
Trd, 4318890.693, 139
Trd, 4318891.643, 104
Trd, 4318891.843, 122
Trd, 4318892.443, 95
Trd, 4318893.193, 76
Trd, 4318893.793, 106
Trd, 4318893.843, 77
Trd, 4318895.543, 109
Trd, 4318896.043, 112
Trd, 4318896.243, 129
Trd, 4318896.393, 112
Trd, 4318898.893, 107
Trd, 4318899.343, 70
Trd, 4318900.243, 104
Trd, 4318901.993, 135
Trd, 4318902.143, 134
Trd, 4318903.543, 123
Trd, 4318903.743, 140
Trd, 4318904.343, 113
Trd, 4318905.543, 111
Trd, 4318905.843, 139
Trd, 4318907.193, 110
Trd, 4318907.493, 83
Trd, 4318908.043, 92
Trd, 4318908.793, 90
Trd, 4318909.243, 104
Trd, 4318909.393, 69
Trd, 4318910.793, 62
Trd, 4318911.443, 75
Trd, 4318911.743, 88
Trd, 4318912.443, 130
Trd, 4318913.443, 128
Trd, 4318913.993, 139
Trd, 4318914.243, 93
Trd, 4318914.843, 110
Trd, 4318916.493, 134
Trd, 4318916.843, 133
Trd, 4318916.943, 75
Trd, 4318917.393, 121
Trd, 4318917.843, 139
Trd, 4318918.343, 113
Trd, 4318918.743, 103
Trd, 4318920.443, 96
Trd, 4318920.693, 129
Trd, 4318920.993, 95
Trd, 4318921.943, 87
Trd, 4318922.493, 108
Trd, 4318923.793, 62
Trd, 4318924.593, 76
Trd, 4318924.693, 65
Trd, 4318928.693, 125
Trd, 4318929.343, 97
Trd, 4318929.943, 122
Trd, 4318930.243, 138
Trd, 4318930.743, 107
Trd, 4318930.993, 114
Trd, 4318931.143, 106
Trd, 4318931.793, 116
Trd, 4318931.993, 131
Trd, 4318933.843, 99
Trd, 4318935.743, 137
Trd, 4318935.843, 76
Trd, 4318936.093, 65
Trd, 4318936.393, 112
Trd, 4318936.893, 60
Trd, 4318938.643, 74
Trd, 4318938.693, 91
Trd, 4318939.943, 100
Trd, 4318940.143, 99
Trd, 4318940.843, 119
Trd, 4318940.993, 118
Trd, 4318941.293, 80
Trd, 4318942.643, 126
Trd, 4318943.193, 84
Trd, 4318943.593, 89
Trd, 4318945.093, 100
Trd, 4318946.043, 100
Trd, 4318946.393, 80
Trd, 4318947.243, 64
Trd, 4318947.393, 86
Trd, 4318948.093, 123
Trd, 4318948.693, 67
Trd, 4318949.493, 80
Trd, 4318951.043, 87
Trd, 4318951.393, 93
Trd, 4318951.943, 81
Trd, 4318952.443, 92
Trd, 4318953.493, 75
Trd, 4318953.893, 119
Trd, 4318955.143, 84
Trd, 4318955.443, 91
Trd, 4318955.593, 83
Trd, 4318955.943, 60
Trd, 4318957.893, 126
Trd, 4318958.493, 75
Trd, 4318958.743, 80
Trd, 4318959.193, 65
Trd, 4318960.243, 98
Trd, 4318960.893, 138
Trd, 4318961.043, 137
Trd, 4318961.193, 117
Trd, 4318961.393, 126
Trd, 4318961.793, 72
Trd, 4318962.443, 89
Trd, 4318964.143, 70
Trd, 4318965.743, 140
Trd, 4318965.893, 76
Trd, 4318966.793, 124
Trd, 4318967.143, 87
Trd, 4318967.343, 135
Trd, 4318968.093, 90
Trd, 4318968.743, 69
Trd, 4318969.093, 104
Trd, 4318970.143, 122
Trd, 4318970.993, 96
Trd, 4318971.243, 136
Trd, 4318971.693, 129
Trd, 4318972.043, 71
Trd, 4318973.143, 110
Trd, 4318973.293, 134
Trd, 4318974.143, 88
Trd, 4318975.193, 118
Trd, 4318975.743, 100
Trd, 4318975.943, 138
Trd, 4318976.093, 87
Trd, 4318977.393, 121
Trd, 4318977.943, 87
Trd, 4318978.093, 78
Trd, 4318978.993, 72
Trd, 4318979.293, 79
Trd, 4318979.943, 64
Trd, 4318980.893, 69
Trd, 4318981.243, 125
Trd, 4318982.043, 138
Trd, 4318982.693, 137
Trd, 4318983.093, 102
Trd, 4318983.793, 107
Trd, 4318984.693, 140
Trd, 4318985.893, 63
Trd, 4318986.543, 68
Trd, 4318986.743, 104
Trd, 4318987.093, 88
Trd, 4318987.543, 96
Trd, 4318988.643, 106
Trd, 4318989.143, 78
Trd, 4318989.443, 140
Trd, 4318990.643, 90
Trd, 4318991.893, 65
Trd, 4318992.293, 80
Trd, 4318993.193, 101
Trd, 4318993.393, 61
Trd, 4318993.593, 117
Trd, 4318995.043, 123
Trd, 4318995.743, 139
Trd, 4318995.893, 89
Trd, 4318996.743, 73
Trd, 4318997.143, 86
Trd, 4318997.993, 88
Trd, 4318998.293, 63
Trd, 4318998.893, 63
Trd, 4318998.993, 74
Trd, 4319001.143, 88
Trd, 4319002.043, 140
Trd, 4319002.293, 140
Trd, 4319002.593, 140
Trd, 4319002.693, 123
Trd, 4319003.093, 92
Trd, 4319004.893, 68
Trd, 4319005.643, 91
Trd, 4319006.143, 79
Trd, 4319006.593, 94
Trd, 4319007.043, 139
Trd, 4319007.443, 105
Trd, 4319007.643, 122
Trd, 4319008.543, 117
Trd, 4319009.943, 62
Trd, 4319010.693, 61
Trd, 4319011.093, 64
Trd, 4319012.393, 112
Trd, 4319012.643, 124
Trd, 4319012.793, 67
Trd, 4319013.943, 112
Trd, 4319014.593, 60
Trd, 4319014.843, 60
Trd, 4319014.893, 109
Trd, 4319015.893, 65
Trd, 4319016.143, 91
Trd, 4319016.743, 68
Trd, 4319018.793, 140
Trd, 4319019.643, 140
Trd, 4319020.393, 130
Trd, 4319020.593, 115
Trd, 4319020.893, 108
Trd, 4319021.193, 101
Trd, 4319022.193, 60
Trd, 4319023.393, 68
Trd, 4319023.593, 64
Trd, 4319024.093, 124
Trd, 4319024.993, 111
Trd, 4319025.193, 109
Trd, 4319025.843, 87
Trd, 4319026.343, 114
Trd, 4319026.843, 139
Trd, 4319026.993, 76
Trd, 4319027.543, 104
Trd, 4319029.443, 64
Trd, 4319029.693, 69
Trd, 4319030.193, 66
Trd, 4319030.743, 113
Trd, 4319031.743, 71
Trd, 4319031.943, 81
Trd, 4319032.843, 122
Trd, 4319033.093, 114
Trd, 4319033.293, 111
Trd, 4319033.843, 130
Trd, 4319034.093, 129
Trd, 4319034.693, 107
Trd, 4319036.493, 100
Trd, 4319037.843, 94
Trd, 4319038.493, 123
Trd, 4319039.143, 109
Trd, 4319039.543, 95
Trd, 4319039.643, 78
Trd, 4319040.843, 116
Trd, 4319041.343, 84
Trd, 4319041.543, 104
Trd, 4319042.793, 133
Trd, 4319043.193, 131
Trd, 4319044.693, 77
Trd, 4319044.743, 66
Trd, 4319045.443, 126
Trd, 4319046.343, 92
Trd, 4319047.093, 80
Trd, 4319047.293, 109
Trd, 4319048.293, 115
Trd, 4319048.693, 113
Trd, 4319048.943, 112
Trd, 4319050.543, 89
Trd, 4319051.543, 129
Trd, 4319052.393, 76
Trd, 4319053.143, 83
Trd, 4319053.443, 75
Trd, 4319054.893, 85
Trd, 4319054.993, 84
Trd, 4319056.243, 130
Trd, 4319056.643, 121
Trd, 4319057.393, 77
Trd, 4319057.543, 91
Trd, 4319058.493, 119
Trd, 4319058.943, 74
Trd, 4319060.293, 128
Trd, 4319060.593, 108
Trd, 4319060.693, 99
Trd, 4319061.443, 86
Trd, 4319062.293, 76
Trd, 4319062.393, 78
Trd, 4319064.393, 102
Trd, 4319064.993, 139
Trd, 4319065.143, 135
Trd, 4319066.243, 127
Trd, 4319066.293, 111
Trd, 4319066.943, 77
Trd, 4319068.443, 78
Trd, 4319069.643, 85
Trd, 4319069.743, 119
Trd, 4319069.843, 82
Trd, 4319070.493, 81
Trd, 4319071.043, 76
Trd, 4319072.343, 86
Trd, 4319073.943, 97
Trd, 4319073.993, 88
Trd, 4319075.093, 107
Trd, 4319075.343, 136
Trd, 4319076.093, 90
Trd, 4319076.793, 90
Trd, 4319077.743, 101
Trd, 4319077.893, 87
Trd, 4319078.293, 79
Trd, 4319078.493, 66
Trd, 4319080.343, 118
Trd, 4319081.193, 140
Trd, 4319081.593, 140
Trd, 4319082.043, 127
Trd, 4319082.393, 103
Trd, 4319082.693, 101
Trd, 4319082.793, 89
Trd, 4319083.743, 139
Trd, 4319084.693, 137
Trd, 4319084.843, 131
Trd, 4319084.943, 102
Trd, 4319085.843, 120
Trd, 4319087.143, 109
Trd, 4319087.843, 69
Trd, 4319088.343, 92
Trd, 4319089.193, 68
Trd, 4319090.293, 65
Trd, 4319090.443, 71
Trd, 4319090.893, 68
Trd, 4319092.393, 73
Trd, 4319092.443, 67
Trd, 4319092.893, 78
Trd, 4319093.543, 65
Trd, 4319094.543, 70
Trd, 4319095.243, 68
Trd, 4319096.193, 78
Trd, 4319097.593, 116
Trd, 4319098.443, 92
Trd, 4319098.743, 89
Trd, 4319099.043, 70
Trd, 4319099.693, 88
Trd, 4319100.093, 72
Trd, 4319101.493, 120
Trd, 4319102.193, 94
Trd, 4319102.843, 130
Trd, 4319103.343, 86
Trd, 4319103.543, 140
Trd, 4319103.993, 84
Trd, 4319105.393, 138
Trd, 4319105.443, 138
Trd, 4319105.893, 122
Trd, 4319106.293, 134
Trd, 4319107.943, 106
Trd, 4319108.543, 87
Trd, 4319109.643, 72
Trd, 4319111.143, 91
Trd, 4319111.693, 89
Trd, 4319113.143, 88
Trd, 4319113.293, 87
Trd, 4319113.593, 100
Trd, 4319113.643, 98
Trd, 4319113.693, 117
Trd, 4319114.443, 101
Trd, 4319114.943, 82
Trd, 4319114.993, 75
Trd, 4319116.293, 110
Trd, 4319117.293, 90
Trd, 4319117.493, 101
Trd, 4319117.643, 132
Trd, 4319118.393, 78
Trd, 4319120.393, 97
Trd, 4319120.843, 71
Trd, 4319121.143, 64
Trd, 4319121.543, 63
Trd, 4319121.843, 60
Trd, 4319122.443, 104
Trd, 4319123.143, 107
Trd, 4319123.493, 105
Trd, 4319124.543, 122
Trd, 4319126.343, 67
Trd, 4319127.243, 82
Trd, 4319127.593, 76
Trd, 4319127.693, 75
Trd, 4319127.743, 90
Trd, 4319129.143, 96
Trd, 4319129.343, 140
Trd, 4319131.143, 60
Trd, 4319132.193, 93
Trd, 4319132.293, 87
Trd, 4319134.243, 69
Trd, 4319134.843, 77
Trd, 4319135.293, 79
Trd, 4319135.493, 78
Trd, 4319136.693, 62
Trd, 4319136.993, 60
Trd, 4319137.493, 64
Trd, 4319137.693, 106
Trd, 4319138.393, 76
Trd, 4319138.543, 67
Trd, 4319139.243, 60
Trd, 4319140.343, 69
Trd, 4319140.793, 93
Trd, 4319142.693, 116
Trd, 4319142.793, 94
Trd, 4319142.993, 113
Trd, 4319143.243, 107
Trd, 4319143.343, 124
Trd, 4319144.593, 84
Trd, 4319145.043, 140
Trd, 4319146.343, 134
Trd, 4319146.943, 105
Trd, 4319147.143, 79
Trd, 4319147.993, 74
Trd, 4319149.143, 138
Trd, 4319149.593, 99
Trd, 4319150.293, 81
Trd, 4319150.843, 125
Trd, 4319151.143, 129
Trd, 4319151.243, 120
Trd, 4319151.593, 119
Trd, 4319151.793, 60
Trd, 4319152.543, 86
Trd, 4319155.093, 87
Trd, 4319156.043, 114
Trd, 4319157.043, 84
Trd, 4319157.643, 84
Trd, 4319157.693, 83
Trd, 4319157.743, 135
Trd, 4319158.793, 128
Trd, 4319160.493, 84
Trd, 4319162.243, 105
Trd, 4319162.393, 139
Trd, 4319163.093, 110
Trd, 4319163.393, 118
Trd, 4319163.643, 106
Trd, 4319164.243, 82
Trd, 4319164.593, 139
Trd, 4319167.343, 61
Trd, 4319167.843, 61
Trd, 4319168.043, 64
Trd, 4319169.043, 60
Trd, 4319169.293, 62
Trd, 4319169.343, 73
Trd, 4319170.493, 68
Trd, 4319171.343, 61
Trd, 4319172.093, 71
Trd, 4319173.043, 66
Trd, 4319173.693, 67
Trd, 4319174.143, 110
Trd, 4319174.343, 135
Trd, 4319175.743, 95
Trd, 4319176.243, 111
Trd, 4319177.243, 91
Trd, 4319177.543, 81
Trd, 4319178.393, 71
Trd, 4319179.093, 106
Trd, 4319179.893, 101
Trd, 4319179.993, 87
Trd, 4319180.693, 139
Trd, 4319181.193, 133
Trd, 4319182.143, 118
Trd, 4319182.993, 107
Trd, 4319183.043, 84
Trd, 4319183.843, 97
Trd, 4319184.243, 112
Trd, 4319184.493, 64
Trd, 4319185.143, 129
Trd, 4319185.443, 128
Trd, 4319187.593, 139
Trd, 4319188.093, 137
Trd, 4319190.493, 139
Trd, 4319190.893, 124
Trd, 4319191.093, 103
Trd, 4319191.793, 109
Trd, 4319192.243, 124
Trd, 4319193.293, 124
Trd, 4319193.493, 85
Trd, 4319193.793, 130
Trd, 4319194.643, 111
Trd, 4319195.043, 86
Trd, 4319195.443, 124
Trd, 4319196.793, 101
Trd, 4319197.993, 91
Trd, 4319198.393, 77
Trd, 4319199.543, 111
Trd, 4319199.893, 110
Trd, 4319201.743, 92
Trd, 4319201.943, 140
Trd, 4319202.743, 104
Trd, 4319203.443, 125
Trd, 4319203.493, 88
Trd, 4319204.543, 114
Trd, 4319205.293, 118
Trd, 4319205.343, 76
Trd, 4319205.493, 69
Trd, 4319205.993, 124
Trd, 4319206.393, 98
Trd, 4319207.843, 73
Trd, 4319208.343, 62
Trd, 4319210.343, 66
Trd, 4319211.043, 124
Trd, 4319211.243, 91
Trd, 4319211.493, 95
Trd, 4319212.293, 118
Trd, 4319212.993, 113
Trd, 4319213.693, 62
Trd, 4319214.343, 66
Trd, 4319215.193, 140
Trd, 4319215.543, 113
Trd, 4319215.893, 81
Trd, 4319216.193, 82
Trd, 4319217.743, 139
Trd, 4319218.743, 100
Trd, 4319218.993, 71
Trd, 4319219.543, 65
Trd, 4319219.743, 71
Trd, 4319219.943, 94
Trd, 4319220.593, 77
Trd, 4319221.443, 88
Trd, 4319223.443, 120
Trd, 4319223.743, 97
Trd, 4319223.893, 79
Trd, 4319224.493, 90
Trd, 4319225.243, 74
Trd, 4319225.393, 111
Trd, 4319226.093, 129
Trd, 4319226.493, 112
Trd, 4319228.243, 106
Trd, 4319228.293, 104
Trd, 4319230.393, 140
Trd, 4319230.693, 103
Trd, 4319230.943, 120
Trd, 4319231.043, 100
Trd, 4319232.743, 126
Trd, 4319232.793, 125
Trd, 4319233.643, 101
Trd, 4319233.843, 108
Trd, 4319234.643, 69
Trd, 4319235.893, 107
Trd, 4319236.043, 105
Trd, 4319236.893, 113
Trd, 4319237.093, 78
Trd, 4319238.893, 81
Trd, 4319239.293, 95
Trd, 4319239.743, 139
Trd, 4319241.643, 129
Trd, 4319242.093, 107
Trd, 4319242.143, 99
Trd, 4319242.543, 117
Trd, 4319243.193, 82
Trd, 4319243.693, 108
Trd, 4319243.943, 72
Trd, 4319244.443, 133
Trd, 4319246.193, 84
Trd, 4319246.693, 138
Trd, 4319247.843, 97
Trd, 4319248.193, 84
Trd, 4319250.093, 61
Trd, 4319250.893, 99
Trd, 4319251.193, 77
Trd, 4319252.093, 84
Trd, 4319252.543, 82
Trd, 4319253.293, 124
Trd, 4319253.843, 129
Trd, 4319254.343, 104
Trd, 4319254.443, 103
Trd, 4319255.143, 94
Trd, 4319255.243, 90
Trd, 4319256.293, 117
Trd, 4319257.293, 63
Trd, 4319257.543, 60
Trd, 4319258.143, 110
Trd, 4319259.443, 62
Trd, 4319259.793, 67
Trd, 4319261.343, 62
Trd, 4319261.843, 65
Trd, 4319262.243, 61
Trd, 4319262.393, 80
Trd, 4319263.293, 99
Trd, 4319264.093, 105
Trd, 4319264.493, 111
Trd, 4319264.943, 96
Trd, 4319265.093, 109
Trd, 4319266.293, 95
Trd, 4319266.893, 84
Trd, 4319268.343, 100
Trd, 4319269.993, 126
Trd, 4319270.493, 108
Trd, 4319271.493, 123
Trd, 4319272.243, 97
Trd, 4319272.743, 103
Trd, 4319273.393, 70
Trd, 4319273.943, 76
Trd, 4319274.043, 64
Trd, 4319274.443, 70
Trd, 4319276.143, 117
Trd, 4319277.793, 115
Trd, 4319277.993, 102
Trd, 4319278.143, 97
Trd, 4319278.693, 125
Trd, 4319279.193, 123
Trd, 4319279.943, 102
Trd, 4319280.543, 82
Trd, 4319281.743, 83
Trd, 4319282.243, 113
Trd, 4319282.443, 89
Trd, 4319284.093, 118
Trd, 4319284.293, 114
Trd, 4319284.543, 70
Trd, 4319286.593, 65
Trd, 4319287.143, 67
Trd, 4319287.843, 114
Trd, 4319288.393, 114
Trd, 4319288.443, 81
Trd, 4319288.893, 127
Trd, 4319289.293, 96
Trd, 4319290.593, 122
Trd, 4319290.693, 65
Trd, 4319291.243, 101
Trd, 4319292.793, 138
Trd, 4319292.943, 120
Trd, 4319294.893, 120
Trd, 4319295.193, 109
Trd, 4319295.243, 92
Trd, 4319295.293, 78
Trd, 4319296.043, 101
Trd, 4319296.443, 108
Trd, 4319297.643, 101
Trd, 4319298.393, 88
Trd, 4319299.143, 69
Trd, 4319300.193, 73
Trd, 4319300.693, 74
Trd, 4319302.393, 84
Trd, 4319303.043, 90
Trd, 4319304.143, 130
Trd, 4319304.343, 128
Trd, 4319305.093, 109
Trd, 4319305.293, 108
Trd, 4319306.193, 90
Trd, 4319306.593, 106
Trd, 4319306.843, 87
Trd, 4319306.993, 79
Trd, 4319308.343, 139
Trd, 4319308.593, 118
Trd, 4319309.493, 110
Trd, 4319310.493, 140
Trd, 4319310.693, 107
Trd, 4319311.293, 64
Trd, 4319312.493, 118
Trd, 4319312.843, 123
Trd, 4319313.043, 126
Trd, 4319313.343, 117
Trd, 4319314.393, 94
Trd, 4319316.043, 140
Trd, 4319317.693, 133
Trd, 4319317.843, 123
Trd, 4319318.793, 112
Trd, 4319319.993, 119
Trd, 4319320.393, 91
Trd, 4319322.143, 110
Trd, 4319322.443, 106
Trd, 4319322.743, 90
Trd, 4319322.993, 85
Trd, 4319323.593, 83
Trd, 4319325.243, 92
Trd, 4319325.543, 62
Trd, 4319326.693, 94
Trd, 4319327.543, 111
Trd, 4319327.943, 81
Trd, 4319328.643, 73
Trd, 4319329.143, 83
Trd, 4319329.793, 107
Trd, 4319330.243, 73
Trd, 4319331.243, 111
Trd, 4319332.393, 64
Trd, 4319332.843, 116
Trd, 4319333.243, 74
Trd, 4319334.693, 77
Trd, 4319335.443, 114
Trd, 4319335.993, 95
Trd, 4319336.243, 81
Trd, 4319336.293, 124
Trd, 4319336.493, 71
Trd, 4319337.593, 63
Trd, 4319337.843, 73
Trd, 4319338.193, 61
Trd, 4319338.943, 121
Trd, 4319339.943, 110
Trd, 4319340.943, 88
Trd, 4319341.243, 84
Trd, 4319341.893, 127
Trd, 4319342.093, 140
Trd, 4319342.443, 77
Trd, 4319344.393, 62
Trd, 4319344.493, 75
Trd, 4319345.043, 84
Trd, 4319345.343, 78
Trd, 4319347.093, 140
Trd, 4319347.393, 124
Trd, 4319347.693, 91
Trd, 4319347.993, 105
Trd, 4319349.443, 106
Trd, 4319349.543, 117
Trd, 4319350.393, 140
Trd, 4319350.443, 99
Trd, 4319351.593, 104
Trd, 4319351.943, 85
Trd, 4319352.343, 116
Trd, 4319352.643, 105
Trd, 4319352.793, 81
Trd, 4319353.393, 72
Trd, 4319355.293, 115
Trd, 4319355.493, 101
Trd, 4319356.393, 83
Trd, 4319357.493, 62
Trd, 4319357.793, 104
Trd, 4319357.893, 105
Trd, 4319360.443, 140
Trd, 4319360.643, 131
Trd, 4319361.043, 108
Trd, 4319362.043, 140
Trd, 4319362.493, 69
Trd, 4319363.243, 78
Trd, 4319364.993, 121
Trd, 4319365.643, 96
Trd, 4319365.843, 105
Trd, 4319367.243, 84
Trd, 4319367.343, 76
Trd, 4319367.693, 87
Trd, 4319369.243, 62
Trd, 4319369.393, 117
Trd, 4319370.093, 74
Trd, 4319370.343, 86
Trd, 4319371.043, 102
Trd, 4319371.843, 124
Trd, 4319371.943, 123
Trd, 4319372.443, 99
Trd, 4319372.643, 82
Trd, 4319372.693, 85
Trd, 4319375.143, 69
Trd, 4319375.693, 89
Trd, 4319375.743, 98
Trd, 4319376.043, 67
Trd, 4319376.093, 71
Trd, 4319376.643, 65
Trd, 4319377.443, 64
Trd, 4319377.693, 96
Trd, 4319378.143, 60
Trd, 4319379.893, 66
Trd, 4319379.943, 100
Trd, 4319381.243, 64
Trd, 4319382.343, 73
Trd, 4319383.343, 79
Trd, 4319384.093, 79
Trd, 4319384.543, 63
Trd, 4319385.043, 62
Trd, 4319385.343, 71
Trd, 4319385.793, 137
Trd, 4319385.993, 117
Trd, 4319388.043, 68
Trd, 4319388.243, 64
Trd, 4319389.743, 66
Trd, 4319389.793, 73
Trd, 4319390.143, 67
Trd, 4319390.493, 69
Trd, 4319391.243, 88
Trd, 4319391.593, 61
Trd, 4319392.393, 80
Trd, 4319392.493, 94
Trd, 4319393.093, 68
Trd, 4319393.943, 79
Trd, 4319394.193, 76
Trd, 4319394.643, 65
Trd, 4319395.343, 61
Trd, 4319395.693, 64
Trd, 4319395.793, 60
Trd, 4319398.093, 62
Trd, 4319398.343, 117
Trd, 4319398.943, 109
Trd, 4319399.893, 112
Trd, 4319400.043, 113
Trd, 4319401.193, 64
Trd, 4319401.443, 71
Trd, 4319402.943, 77
Trd, 4319403.793, 74
Trd, 4319404.543, 96
Trd, 4319404.643, 98
Trd, 4319404.943, 117
Trd, 4319405.693, 71
Trd, 4319406.793, 81
Trd, 4319408.143, 74
Trd, 4319408.393, 113
Trd, 4319408.843, 61
Trd, 4319409.943, 61
Trd, 4319410.193, 80
Trd, 4319411.893, 104
Trd, 4319412.143, 140
Trd, 4319412.793, 107
Trd, 4319413.393, 111
Trd, 4319414.393, 97
Trd, 4319415.193, 96
Trd, 4319415.793, 66
Trd, 4319415.943, 64
Trd, 4319416.243, 103
Trd, 4319416.993, 77
Trd, 4319417.343, 77
Trd, 4319418.493, 109
Trd, 4319420.293, 118
Trd, 4319420.643, 140
Trd, 4319420.793, 117
Trd, 4319421.043, 116
Trd, 4319421.393, 87
Trd, 4319422.643, 74
Trd, 4319423.393, 81
Trd, 4319423.493, 127
Trd, 4319424.643, 122
Trd, 4319425.543, 121
Trd, 4319425.743, 104
Trd, 4319425.843, 95
Trd, 4319426.393, 96
Trd, 4319427.443, 67
Trd, 4319427.993, 129
Trd, 4319429.443, 108
Trd, 4319429.493, 96
Trd, 4319430.093, 71
Trd, 4319430.443, 112
Trd, 4319432.343, 128
Trd, 4319433.543, 129
Trd, 4319433.743, 105
Trd, 4319434.143, 140
Trd, 4319434.643, 105
Trd, 4319435.493, 136
Trd, 4319436.743, 134
Trd, 4319436.793, 133
Trd, 4319437.243, 84
Trd, 4319438.393, 139
Trd, 4319438.493, 138
Trd, 4319439.043, 140
Trd, 4319440.293, 123
Trd, 4319442.293, 139
Trd, 4319442.343, 94
Trd, 4319442.493, 72
Trd, 4319442.643, 94
Trd, 4319442.993, 128
Trd, 4319443.693, 64
Trd, 4319443.943, 117
Trd, 4319444.893, 105
Trd, 4319445.243, 140
Trd, 4319445.343, 103
Trd, 4319446.843, 101
Trd, 4319447.993, 139
Trd, 4319448.743, 139
Trd, 4319449.043, 92
Trd, 4319449.593, 116
Trd, 4319450.293, 79
Trd, 4319450.943, 89
Trd, 4319451.143, 74
Trd, 4319452.143, 77
Trd, 4319453.243, 140
Trd, 4319453.643, 105
Trd, 4319453.943, 110
Trd, 4319454.393, 104
Trd, 4319454.893, 96
Trd, 4319455.043, 94
Trd, 4319455.143, 105
Trd, 4319455.193, 125
Trd, 4319457.093, 105
Trd, 4319457.343, 104
Trd, 4319459.093, 85
Trd, 4319459.293, 87
Trd, 4319460.643, 61
Trd, 4319462.143, 89
Trd, 4319462.593, 79
Trd, 4319462.993, 92
Trd, 4319463.343, 67
Trd, 4319463.643, 95
Trd, 4319464.143, 86
Trd, 4319464.693, 105
Trd, 4319465.093, 128
Trd, 4319465.143, 84
Trd, 4319466.093, 61
Trd, 4319466.843, 84
Trd, 4319467.593, 76
Trd, 4319468.493, 62
Trd, 4319468.543, 77
Trd, 4319469.243, 90
Trd, 4319469.793, 80
Trd, 4319471.493, 95
Trd, 4319471.693, 86
Trd, 4319471.993, 107
Trd, 4319473.093, 135
Trd, 4319473.643, 72
Trd, 4319474.593, 102
Trd, 4319475.543, 101
Trd, 4319475.943, 101
Trd, 4319476.743, 86
Trd, 4319477.243, 75
Trd, 4319477.643, 63
Trd, 4319478.043, 99
Trd, 4319478.893, 85
Trd, 4319480.293, 61
Trd, 4319480.343, 94
Trd, 4319481.093, 74
Trd, 4319482.143, 137
Trd, 4319483.543, 140
Trd, 4319483.693, 119
Trd, 4319484.043, 116
Trd, 4319484.643, 119
Trd, 4319484.843, 92
Trd, 4319485.793, 106
Trd, 4319485.843, 105
Trd, 4319485.993, 102
Trd, 4319486.593, 106
Trd, 4319487.943, 92
Trd, 4319489.493, 89
Trd, 4319490.643, 133
Trd, 4319490.893, 129
Trd, 4319491.043, 116
Trd, 4319491.993, 120
Trd, 4319492.343, 65
Trd, 4319492.593, 97
Trd, 4319492.943, 137
Trd, 4319494.543, 91
Trd, 4319494.743, 90
Trd, 4319495.343, 97
Trd, 4319496.293, 91
Trd, 4319496.693, 87
Trd, 4319497.443, 84
Trd, 4319499.443, 140
Trd, 4319499.893, 67
Trd, 4319501.693, 121
Trd, 4319501.893, 100
Trd, 4319503.143, 85
Trd, 4319503.443, 89
Trd, 4319503.793, 82
Trd, 4319503.893, 92
Trd, 4319505.243, 89
Trd, 4319506.593, 80
Trd, 4319507.193, 74
Trd, 4319507.693, 138
Trd, 4319509.493, 63
Trd, 4319509.743, 65
Trd, 4319510.743, 71
Trd, 4319511.693, 120
Trd, 4319512.793, 91
Trd, 4319513.693, 61
Trd, 4319514.393, 85
Trd, 4319514.843, 60
Trd, 4319515.443, 67
Trd, 4319515.893, 65
Trd, 4319516.943, 126
Trd, 4319517.093, 128
Trd, 4319517.843, 109
Trd, 4319518.293, 94
Trd, 4319518.343, 93
Trd, 4319518.843, 61
Trd, 4319519.593, 119
Trd, 4319521.343, 82
Trd, 4319521.643, 109
Trd, 4319522.943, 73
Trd, 4319523.593, 67
Trd, 4319524.143, 79
Trd, 4319525.343, 101
Trd, 4319525.493, 88
Trd, 4319525.643, 84
Trd, 4319526.393, 71
Trd, 4319526.693, 127
Trd, 4319526.843, 62
Trd, 4319528.743, 84
Trd, 4319530.093, 71
Trd, 4319530.543, 75
Trd, 4319531.993, 84
Trd, 4319532.243, 81
Trd, 4319532.293, 68
Trd, 4319532.943, 121
Trd, 4319533.093, 100
Trd, 4319533.943, 68
Trd, 4319534.143, 63
Trd, 4319535.593, 60
Trd, 4319536.993, 123
Trd, 4319538.693, 116
Trd, 4319538.793, 109
Trd, 4319538.843, 85
Trd, 4319539.493, 84
Trd, 4319540.193, 138
Trd, 4319540.293, 93
Trd, 4319540.793, 75
Trd, 4319540.843, 103
Trd, 4319541.793, 81
Trd, 4319542.143, 136
Trd, 4319543.193, 83
Trd, 4319543.793, 107
Trd, 4319544.393, 96
Trd, 4319545.043, 95
Trd, 4319545.693, 90
Trd, 4319547.143, 135
Trd, 4319547.643, 115
Trd, 4319548.093, 125
Trd, 4319548.543, 125
Trd, 4319548.693, 105
Trd, 4319549.343, 68
Trd, 4319550.393, 130
Trd, 4319551.193, 140
Trd, 4319551.893, 80
Trd, 4319552.093, 74
Trd, 4319553.743, 112
Trd, 4319553.893, 93
Trd, 4319554.093, 115
Trd, 4319555.993, 95
Trd, 4319556.243, 94
Trd, 4319556.743, 80
Trd, 4319556.943, 98
Trd, 4319557.243, 103
Trd, 4319558.193, 118
Trd, 4319559.493, 98
Trd, 4319560.043, 134
Trd, 4319560.793, 96
Trd, 4319561.043, 97
Trd, 4319561.543, 92
Trd, 4319561.893, 105
Trd, 4319562.093, 78
Trd, 4319563.243, 90
Trd, 4319563.543, 78
Trd, 4319564.043, 63
Trd, 4319564.243, 79
Trd, 4319565.443, 62
Trd, 4319565.993, 87
Trd, 4319566.243, 108
Trd, 4319566.493, 85
Trd, 4319567.343, 72
Trd, 4319568.843, 122
Trd, 4319568.943, 80
Trd, 4319569.393, 114
Trd, 4319570.543, 83
Trd, 4319571.743, 108
Trd, 4319572.143, 97
Trd, 4319572.493, 138
Trd, 4319572.843, 66
Trd, 4319573.893, 105
Trd, 4319574.093, 87
Trd, 4319574.943, 129
Trd, 4319575.493, 93
Trd, 4319576.143, 61
Trd, 4319576.843, 66
Trd, 4319577.343, 63
Trd, 4319577.493, 103
Trd, 4319578.693, 71
Trd, 4319579.593, 117
Trd, 4319579.943, 115
Trd, 4319581.443, 116
Trd, 4319581.943, 107
Trd, 4319582.843, 110
Trd, 4319583.093, 127
Trd, 4319583.393, 80
Trd, 4319583.693, 80
Trd, 4319584.243, 78
Trd, 4319584.293, 69
Trd, 4319584.393, 91
Trd, 4319586.093, 98
Trd, 4319586.293, 88
Trd, 4319586.643, 126
Trd, 4319587.993, 61
Trd, 4319588.793, 65
Trd, 4319590.543, 63
Trd, 4319590.843, 67
Trd, 4319592.493, 135
Trd, 4319592.543, 71
Trd, 4319592.893, 140
Trd, 4319593.243, 137
Trd, 4319593.293, 122
Trd, 4319594.193, 96
Trd, 4319594.443, 67
Trd, 4319596.593, 79
Trd, 4319596.893, 108
Trd, 4319597.093, 74
Trd, 4319597.543, 75
Trd, 4319597.943, 116
Trd, 4319598.293, 70
Trd, 4319599.593, 65
Trd, 4319601.643, 60
Trd, 4319601.993, 77
Trd, 4319602.343, 79
Trd, 4319602.643, 98
Trd, 4319603.293, 93
Trd, 4319603.993, 111
Trd, 4319604.243, 110
Trd, 4319605.293, 69
Trd, 4319606.493, 61
Trd, 4319607.143, 140
Trd, 4319607.443, 114
Trd, 4319607.543, 103
Trd, 4319607.943, 140
Trd, 4319609.143, 120
Trd, 4319609.893, 118
Trd, 4319609.993, 89
Trd, 4319610.543, 85
Trd, 4319610.993, 122
Trd, 4319612.943, 88
Trd, 4319613.643, 98
Trd, 4319615.243, 116
Trd, 4319615.693, 107
Trd, 4319615.843, 76
Trd, 4319616.093, 108
Trd, 4319616.843, 129
Trd, 4319617.793, 112
Trd, 4319618.393, 109
Trd, 4319619.693, 136
Trd, 4319619.743, 120
Trd, 4319620.443, 136
Trd, 4319620.793, 102
Trd, 4319622.293, 60
Trd, 4319622.443, 61
Trd, 4319622.543, 81
Trd, 4319622.943, 128
Trd, 4319624.243, 61
Trd, 4319625.193, 67
Trd, 4319625.293, 94
Trd, 4319625.593, 97
Trd, 4319626.193, 140
Trd, 4319627.043, 63
Trd, 4319628.043, 73
Trd, 4319629.243, 95
Trd, 4319629.843, 72
Trd, 4319630.043, 64
Trd, 4319631.193, 66
Trd, 4319631.393, 102
Trd, 4319632.093, 61
Trd, 4319632.193, 83
Trd, 4319632.443, 139
Trd, 4319633.693, 102
Trd, 4319634.643, 61
Trd, 4319634.693, 71
Trd, 4319634.793, 71
Trd, 4319635.843, 139
Trd, 4319636.593, 65
Trd, 4319636.943, 86
Trd, 4319637.093, 98
Trd, 4319639.193, 136
Trd, 4319639.293, 86
Trd, 4319639.993, 105
Trd, 4319640.093, 127
Trd, 4319640.643, 88
Trd, 4319641.193, 72
Trd, 4319643.043, 128
Trd, 4319643.743, 84
Trd, 4319644.993, 80
Trd, 4319645.393, 74
Trd, 4319646.443, 62
Trd, 4319646.743, 60
Trd, 4319647.993, 64
Trd, 4319648.343, 86
Trd, 4319648.643, 101
Trd, 4319648.843, 92
Trd, 4319649.843, 60
Trd, 4319650.343, 120
Trd, 4319650.493, 122
Trd, 4319651.143, 61
Trd, 4319652.143, 61
Trd, 4319652.943, 68
Trd, 4319653.993, 69
Trd, 4319654.543, 73
Trd, 4319655.193, 63
Trd, 4319656.443, 104
Trd, 4319657.593, 105
Trd, 4319657.893, 117
Trd, 4319658.993, 109
Trd, 4319659.343, 134
Trd, 4319659.843, 107
Trd, 4319660.693, 116
Trd, 4319661.193, 139
Trd, 4319661.493, 89
Trd, 4319661.643, 86
Trd, 4319662.793, 131
Trd, 4319663.343, 112
Trd, 4319663.493, 84
Trd, 4319664.543, 73
Trd, 4319664.743, 74
Trd, 4319665.043, 88
Trd, 4319666.843, 140
Trd, 4319667.293, 90
Trd, 4319667.593, 116
Trd, 4319668.193, 97
Trd, 4319668.793, 98
Trd, 4319669.493, 98
Trd, 4319669.793, 99
Trd, 4319670.343, 115
Trd, 4319670.743, 64
Trd, 4319670.943, 65
Trd, 4319672.093, 67
Trd, 4319672.293, 91
Trd, 4319673.743, 108
Trd, 4319674.243, 139
Trd, 4319674.793, 72
Trd, 4319675.143, 67
Trd, 4319676.643, 78
Trd, 4319677.143, 101
Trd, 4319678.693, 140
Trd, 4319679.343, 138
Trd, 4319679.443, 113
Trd, 4319679.593, 106
Trd, 4319679.893, 108
Trd, 4319680.743, 114
Trd, 4319681.243, 107
Trd, 4319681.593, 89
Trd, 4319684.543, 90
Trd, 4319684.593, 89
Trd, 4319686.143, 140
Trd, 4319686.193, 99
Trd, 4319686.743, 87
Trd, 4319687.643, 109
Trd, 4319688.043, 126
Trd, 4319688.093, 124
Trd, 4319689.143, 68
Trd, 4319690.393, 138
Trd, 4319690.943, 99
Trd, 4319691.993, 89
Trd, 4319692.643, 87
Trd, 4319693.443, 94
Trd, 4319693.743, 83
Trd, 4319693.793, 123
Trd, 4319694.843, 74
Trd, 4319696.543, 103
Trd, 4319696.643, 85
Trd, 4319697.343, 81
Trd, 4319698.943, 62
Trd, 4319698.993, 65
Trd, 4319699.043, 83
Trd, 4319699.993, 102
Trd, 4319700.893, 115
Trd, 4319701.543, 140
Trd, 4319701.593, 75
Trd, 4319703.993, 98
Trd, 4319704.293, 127
Trd, 4319704.643, 94
Trd, 4319706.493, 98
Trd, 4319707.643, 136
Trd, 4319707.693, 126
Trd, 4319708.193, 123
Trd, 4319708.443, 115
Trd, 4319709.593, 140
Trd, 4319709.693, 138
Trd, 4319709.743, 109
Trd, 4319710.743, 119
Trd, 4319712.243, 66
Trd, 4319713.643, 76
Trd, 4319713.693, 83
Trd, 4319713.893, 66
Trd, 4319714.343, 81
Trd, 4319715.043, 76
Trd, 4319715.293, 80
Trd, 4319716.043, 97
Trd, 4319717.493, 97
Trd, 4319717.893, 110
Trd, 4319718.243, 73
Trd, 4319718.943, 127
Trd, 4319719.443, 113
Trd, 4319720.693, 109
Trd, 4319721.043, 108
Trd, 4319721.343, 104
Trd, 4319721.843, 72
Trd, 4319722.493, 67
Trd, 4319722.643, 116
Trd, 4319723.993, 90
Trd, 4319724.393, 78
Trd, 4319725.593, 140
Trd, 4319725.643, 123
Trd, 4319725.843, 140
Trd, 4319726.543, 86
Trd, 4319728.743, 109
Trd, 4319728.843, 107
Trd, 4319728.943, 84
Trd, 4319729.193, 118
Trd, 4319730.043, 67
Trd, 4319730.493, 83
Trd, 4319731.393, 87
Trd, 4319731.493, 62
Trd, 4319732.593, 92
Trd, 4319732.993, 69
Trd, 4319733.093, 62
Trd, 4319733.293, 84
Trd, 4319736.593, 89
Trd, 4319737.043, 76
Trd, 4319738.543, 114
Trd, 4319738.793, 75
Trd, 4319738.943, 97
Trd, 4319739.243, 97
Trd, 4319739.393, 74
Trd, 4319739.593, 139
Trd, 4319741.093, 138
Trd, 4319741.943, 123
Trd, 4319742.493, 123
Trd, 4319742.943, 92
Trd, 4319743.143, 75
Trd, 4319743.943, 77
Trd, 4319745.243, 104
Trd, 4319745.443, 126
Trd, 4319745.693, 98
Trd, 4319747.943, 64
Trd, 4319749.093, 94
Trd, 4319749.243, 104
Trd, 4319749.793, 121
Trd, 4319749.943, 71
Trd, 4319751.243, 96
Trd, 4319751.343, 74
Trd, 4319751.443, 115
Trd, 4319752.443, 120
Trd, 4319753.193, 131
Trd, 4319753.593, 130
Trd, 4319753.993, 112
Trd, 4319755.393, 117
Trd, 4319755.893, 109
Trd, 4319756.443, 99
Trd, 4319756.943, 130
Trd, 4319757.193, 86
Trd, 4319757.643, 140
Trd, 4319758.293, 140
Trd, 4319758.343, 102
Trd, 4319759.993, 84
Trd, 4319760.643, 120
Trd, 4319761.943, 69
Trd, 4319762.893, 122
Trd, 4319763.243, 127
Trd, 4319763.643, 114
Trd, 4319763.693, 113
Trd, 4319763.943, 93
Trd, 4319764.643, 119
Trd, 4319764.843, 60
Trd, 4319765.943, 105
Trd, 4319766.443, 84
Trd, 4319768.143, 86
Trd, 4319769.293, 73
Trd, 4319770.343, 117
Trd, 4319771.043, 115
Trd, 4319771.143, 124
Trd, 4319771.943, 88
Trd, 4319772.243, 65
Trd, 4319773.243, 139
Trd, 4319773.443, 131
Trd, 4319773.793, 92
Trd, 4319773.943, 119
Trd, 4319774.343, 91
Trd, 4319774.643, 62
Trd, 4319775.143, 85
Trd, 4319775.843, 68
Trd, 4319776.443, 90
Trd, 4319776.643, 129
Trd, 4319777.643, 77
Trd, 4319779.493, 107
Trd, 4319779.643, 105
Trd, 4319780.193, 93
Trd, 4319780.493, 108
Trd, 4319780.793, 70
Trd, 4319782.293, 65
Trd, 4319782.743, 60
Trd, 4319782.893, 66
Trd, 4319783.343, 74
Trd, 4319785.093, 125
Trd, 4319785.793, 80
Trd, 4319786.593, 118
Trd, 4319787.893, 140
Trd, 4319788.343, 139
Trd, 4319788.693, 114
Trd, 4319788.993, 94
Trd, 4319790.143, 130
Trd, 4319791.143, 105
Trd, 4319791.243, 99
Trd, 4319791.993, 109
Trd, 4319792.343, 87
Trd, 4319793.593, 83
Trd, 4319794.193, 71
Trd, 4319794.443, 89
Trd, 4319794.793, 92
Trd, 4319796.293, 98
Trd, 4319796.343, 96
Trd, 4319796.893, 66
Trd, 4319799.043, 125
Trd, 4319799.193, 126
Trd, 4319799.293, 121
Trd, 4319799.893, 136
Trd, 4319800.343, 118
Trd, 4319800.693, 105
Trd, 4319802.393, 62
Trd, 4319802.843, 67
Trd, 4319803.243, 131
Trd, 4319804.093, 134
Trd, 4319804.643, 64
Trd, 4319805.093, 83
Trd, 4319806.343, 60
Trd, 4319806.843, 82
Trd, 4319807.893, 85
Trd, 4319810.293, 81
Trd, 4319810.543, 93
Trd, 4319812.143, 72
Trd, 4319812.593, 66
Trd, 4319812.693, 78
Trd, 4319812.893, 65
Trd, 4319813.943, 63
Trd, 4319814.193, 78
Trd, 4319814.793, 81
Trd, 4319815.143, 108
Trd, 4319816.243, 124
Trd, 4319816.693, 97
Trd, 4319817.043, 69
Trd, 4319818.143, 65
Trd, 4319818.993, 110
Trd, 4319819.793, 60
Trd, 4319820.543, 82
Trd, 4319820.893, 75
Trd, 4319821.593, 73
Trd, 4319822.143, 103
Trd, 4319823.293, 107
Trd, 4319824.093, 86
Trd, 4319825.243, 122
Trd, 4319826.443, 133
Trd, 4319826.593, 138
Trd, 4319826.843, 104
Trd, 4319828.293, 131
Trd, 4319829.393, 115
Trd, 4319830.143, 129
Trd, 4319830.493, 102
Trd, 4319831.343, 140
Trd, 4319831.593, 94
Trd, 4319832.393, 86
Trd, 4319832.943, 100
Trd, 4319834.493, 80
Trd, 4319834.643, 116
Trd, 4319835.943, 64
Trd, 4319836.143, 71
Trd, 4319837.893, 86
Trd, 4319838.793, 113
Trd, 4319839.393, 137
Trd, 4319840.393, 114
Trd, 4319841.393, 109
Trd, 4319841.743, 107
Trd, 4319842.443, 113
Trd, 4319842.643, 70
Trd, 4319843.943, 96
Trd, 4319844.093, 60
Trd, 4319845.143, 124
Trd, 4319845.793, 95
Trd, 4319845.943, 89
Trd, 4319846.743, 91
Trd, 4319847.443, 70
Trd, 4319848.043, 98
Trd, 4319848.843, 140
Trd, 4319849.893, 112
Trd, 4319850.243, 84
Trd, 4319850.843, 113
Trd, 4319851.093, 66
Trd, 4319851.843, 78
Trd, 4319852.393, 83
Trd, 4319853.843, 63
Trd, 4319854.193, 64
Trd, 4319854.593, 72
Trd, 4319855.693, 75
Trd, 4319855.843, 109
Trd, 4319856.643, 111
Trd, 4319857.093, 80
Trd, 4319858.493, 63
Trd, 4319858.793, 63
Trd, 4319859.543, 133
Trd, 4319859.693, 115
Trd, 4319860.043, 76
Trd, 4319860.943, 65
Trd, 4319861.593, 61
Trd, 4319862.293, 88
Trd, 4319863.343, 60
Trd, 4319865.193, 67
Trd, 4319866.093, 74
Trd, 4319866.643, 80
Trd, 4319866.843, 73
Trd, 4319867.643, 102
Trd, 4319868.143, 92
Trd, 4319869.043, 88
Trd, 4319869.943, 94
Trd, 4319870.093, 77
Trd, 4319870.893, 103
Trd, 4319872.093, 102
Trd, 4319872.143, 69
Trd, 4319872.343, 96
Trd, 4319873.293, 138
Trd, 4319874.393, 95
Trd, 4319874.693, 96
Trd, 4319875.043, 87
Trd, 4319875.493, 113
Trd, 4319876.143, 70
Trd, 4319876.293, 65
Trd, 4319876.443, 60
Trd, 4319877.843, 128
Trd, 4319878.493, 139
Trd, 4319878.893, 125
Trd, 4319879.843, 140
Trd, 4319880.943, 87
Trd, 4319881.843, 102
Trd, 4319882.093, 86
Trd, 4319883.093, 109
Trd, 4319883.143, 80
Trd, 4319883.493, 103
Trd, 4319884.093, 71
Trd, 4319884.593, 112
Trd, 4319884.993, 140
Trd, 4319885.293, 131
Trd, 4319886.493, 116
Trd, 4319886.943, 120
Trd, 4319887.443, 72
Trd, 4319888.593, 70
Trd, 4319889.493, 140
Trd, 4319890.143, 105
Trd, 4319890.943, 96
Trd, 4319891.393, 88
Trd, 4319891.493, 86
Trd, 4319891.843, 109
Trd, 4319891.893, 79
Trd, 4319893.493, 89
Trd, 4319894.293, 83
Trd, 4319894.793, 111
Trd, 4319895.293, 90
Trd, 4319895.543, 89
Trd, 4319896.743, 130
Trd, 4319897.093, 78
Trd, 4319897.843, 127
Trd, 4319897.993, 107
Trd, 4319899.343, 65
Trd, 4319899.493, 94
Trd, 4319900.043, 65
Trd, 4319900.543, 67
Trd, 4319902.393, 106
Trd, 4319902.693, 117
Trd, 4319903.593, 101
Trd, 4319903.793, 128
Trd, 4319904.193, 93
Trd, 4319906.643, 73
Trd, 4319906.843, 76
Trd, 4319907.043, 79
Trd, 4319907.543, 87
Trd, 4319908.393, 114
Trd, 4319908.443, 113
Trd, 4319908.643, 127
Trd, 4319909.993, 82
Trd, 4319910.943, 89
Trd, 4319911.093, 131
Trd, 4319911.843, 137
Trd, 4319911.893, 76
Trd, 4319911.943, 70
Trd, 4319912.343, 97
Trd, 4319913.693, 140
Trd, 4319914.243, 139
Trd, 4319915.643, 85
Trd, 4319916.643, 122
Trd, 4319917.093, 140
Trd, 4319917.343, 66
Trd, 4319917.843, 122
Trd, 4319918.443, 61
Trd, 4319919.193, 63
Trd, 4319919.843, 61
Trd, 4319920.043, 84
Trd, 4319922.093, 84
Trd, 4319922.193, 105
Trd, 4319923.243, 138
Trd, 4319924.043, 116
Trd, 4319924.243, 89
Trd, 4319925.543, 114
Trd, 4319925.893, 123
Trd, 4319927.243, 62
Trd, 4319928.493, 62
Trd, 4319928.843, 93
Trd, 4319929.993, 89
Trd, 4319931.843, 132
Trd, 4319932.043, 132
Trd, 4319933.243, 114
Trd, 4319934.343, 140
Trd, 4319934.743, 82
Trd, 4319934.943, 89
Trd, 4319935.143, 132
Trd, 4319936.093, 116
Trd, 4319937.493, 61
Trd, 4319937.693, 67
Trd, 4319939.043, 60
Trd, 4319939.093, 69
Trd, 4319939.743, 82
Trd, 4319940.193, 108
Trd, 4319941.743, 74
Trd, 4319942.043, 61
Trd, 4319942.743, 109
Trd, 4319943.293, 89
Trd, 4319944.693, 117
Trd, 4319944.893, 104
Trd, 4319945.643, 139
Trd, 4319946.493, 99
Trd, 4319947.993, 130
Trd, 4319948.143, 129
Trd, 4319948.743, 107
Trd, 4319949.143, 138
Trd, 4319949.793, 125
Trd, 4319950.343, 97
Trd, 4319951.743, 86
Trd, 4319951.843, 75
Trd, 4319952.343, 64
Trd, 4319953.143, 79
Trd, 4319954.293, 126
Trd, 4319954.393, 119
Trd, 4319954.443, 114
Trd, 4319954.643, 102
Trd, 4319955.143, 111
Trd, 4319955.243, 99
Trd, 4319955.593, 64
Trd, 4319956.543, 98
Trd, 4319956.793, 77
Trd, 4319957.593, 90
Trd, 4319958.543, 64
Trd, 4319959.293, 103
Trd, 4319960.643, 139
Trd, 4319960.893, 138
Trd, 4319961.393, 112
Trd, 4319962.343, 95
Trd, 4319963.593, 86
Trd, 4319963.843, 116
Trd, 4319965.393, 84
Trd, 4319966.293, 94
Trd, 4319966.693, 101
Trd, 4319967.643, 118
Trd, 4319968.693, 117
Trd, 4319968.993, 102
Trd, 4319969.093, 89
Trd, 4319969.293, 99
Trd, 4319970.193, 107
Trd, 4319970.893, 84
Trd, 4319972.193, 114
Trd, 4319972.743, 114
Trd, 4319973.043, 90
Trd, 4319973.593, 138
Trd, 4319974.143, 125
Trd, 4319975.093, 109
Trd, 4319975.143, 102
Trd, 4319975.993, 107
Trd, 4319977.143, 119
Trd, 4319978.043, 71
Trd, 4319978.593, 110
Trd, 4319979.293, 65
Trd, 4319980.193, 122
Trd, 4319981.243, 110
Trd, 4319981.493, 106
Trd, 4319981.993, 69
Trd, 4319983.443, 119
Trd, 4319983.493, 94
Trd, 4319984.243, 113
Trd, 4319984.293, 97
Trd, 4319984.493, 60
Trd, 4319985.643, 97
Trd, 4319985.743, 116
Trd, 4319986.593, 66
Trd, 4319988.643, 62
Trd, 4319989.643, 65
Trd, 4319989.843, 70
Trd, 4319990.093, 76
Trd, 4319990.843, 61
Trd, 4319991.643, 77
Trd, 4319992.093, 61
Trd, 4319992.543, 122
Trd, 4319994.643, 140
Trd, 4319995.443, 118
Trd, 4319996.193, 74
Trd, 4319996.693, 98
Trd, 4319996.993, 83
Trd, 4319997.343, 61
Trd, 4319997.493, 70
Trd, 4319997.893, 77
Trd, 4319997.993, 95
Trd, 4319999.193, 140
Trd, 4319999.493, 140
