Trd, 4318055.293, 140
Trd, 4318055.593, 140
Trd, 4318055.743, 140
Trd, 4318057.193, 140
Trd, 4318058.043, 140
Trd, 4318058.243, 140
Trd, 4318058.693, 140
Trd, 4318059.293, 140
Trd, 4318059.993, 140
Trd, 4318060.093, 140
Trd, 4318060.243, 138
Trd, 4318061.493, 138
Trd, 4318062.643, 136
Trd, 4318062.693, 138
Trd, 4318062.743, 139
Trd, 4318063.943, 133
Trd, 4318064.143, 130
Trd, 4318065.043, 140
Trd, 4318065.393, 140
Trd, 4318066.443, 137
Trd, 4318066.493, 136
Trd, 4318069.743, 140
Trd, 4318072.143, 140
Trd, 4318073.343, 140
Trd, 4318073.893, 140
Trd, 4318074.543, 139
Trd, 4318075.243, 139
Trd, 4318075.743, 139
Trd, 4318076.493, 140
Trd, 4318076.793, 140
Trd, 4318077.143, 140
Trd, 4318077.443, 140
Trd, 4318077.893, 140
Trd, 4318078.543, 138
Trd, 4318078.943, 130
Trd, 4318079.193, 90
Trd, 4318079.893, 140
Trd, 4318080.243, 140
Trd, 4318080.543, 140
Trd, 4318081.293, 140
Trd, 4318083.543, 140
Trd, 4318085.093, 140
Trd, 4318086.893, 140
Trd, 4318087.043, 140
Trd, 4318087.343, 140
Trd, 4318087.393, 140
Trd, 4318088.343, 140
Trd, 4318088.493, 140
Trd, 4318089.393, 140
Trd, 4318089.693, 122
Trd, 4318091.593, 140
Trd, 4318092.393, 140
Trd, 4318092.793, 140
Trd, 4318093.493, 139
Trd, 4318093.693, 140
Trd, 4318094.793, 140
Trd, 4318095.343, 140
Trd, 4318095.743, 140
Trd, 4318096.343, 140
Trd, 4318096.743, 137
Trd, 4318099.643, 140
Trd, 4318101.193, 140
Trd, 4318102.043, 140
Trd, 4318102.143, 139
Trd, 4318102.193, 138
Trd, 4318103.043, 139
Trd, 4318103.543, 138
Trd, 4318103.993, 138
Trd, 4318104.593, 124
Trd, 4318104.693, 118
Trd, 4318107.043, 60
Trd, 4318107.293, 108
Trd, 4318107.343, 115
Trd, 4318108.193, 137
Trd, 4318108.943, 140
Trd, 4318109.593, 138
Trd, 4318111.043, 60
Trd, 4318111.093, 60
Trd, 4318111.643, 61
Trd, 4318113.043, 60
Trd, 4318113.243, 62
Trd, 4318114.593, 60
Trd, 4318114.843, 62
Trd, 4318115.693, 61
Trd, 4318116.843, 60
Trd, 4318117.043, 65
Trd, 4318117.293, 60
Trd, 4318117.693, 140
Trd, 4318118.193, 139
Trd, 4318118.843, 137
Trd, 4318120.493, 140
Trd, 4318121.643, 139
Trd, 4318122.843, 140
Trd, 4318123.543, 140
Trd, 4318123.843, 139
Trd, 4318126.443, 140
Trd, 4318127.493, 140
Trd, 4318127.693, 140
Trd, 4318127.793, 135
Trd, 4318127.943, 132
Trd, 4318128.443, 60
Trd, 4318128.643, 60
Trd, 4318130.143, 83
Trd, 4318131.593, 139
Trd, 4318131.893, 139
Trd, 4318132.243, 140
Trd, 4318132.343, 138
Trd, 4318134.393, 140
Trd, 4318135.093, 140
Trd, 4318136.143, 140
Trd, 4318137.943, 140
Trd, 4318138.193, 140
Trd, 4318138.443, 139
Trd, 4318140.643, 140
Trd, 4318142.193, 140
Trd, 4318142.793, 140
Trd, 4318144.843, 140
Trd, 4318145.193, 140
Trd, 4318145.743, 140
Trd, 4318147.193, 140
Trd, 4318147.493, 140
Trd, 4318147.693, 140
Trd, 4318148.493, 140
Trd, 4318149.143, 138
Trd, 4318150.343, 140
Trd, 4318151.143, 139
Trd, 4318151.243, 140
Trd, 4318151.593, 140
Trd, 4318151.943, 140
Trd, 4318152.643, 140
Trd, 4318153.693, 140
Trd, 4318154.493, 140
Trd, 4318154.843, 137
Trd, 4318156.093, 139
Trd, 4318156.593, 138
Trd, 4318157.193, 138
Trd, 4318157.543, 136
Trd, 4318160.643, 140
Trd, 4318161.043, 139
Trd, 4318161.343, 139
Trd, 4318163.093, 140
Trd, 4318164.043, 140
Trd, 4318165.393, 140
Trd, 4318165.693, 139
Trd, 4318165.943, 140
Trd, 4318167.893, 140
Trd, 4318167.943, 140
Trd, 4318168.093, 140
Trd, 4318171.193, 140
Trd, 4318171.343, 140
Trd, 4318171.743, 137
Trd, 4318172.143, 136
Trd, 4318174.593, 140
Trd, 4318174.893, 140
Trd, 4318175.393, 140
Trd, 4318175.543, 140
Trd, 4318175.993, 139
Trd, 4318176.543, 140
Trd, 4318177.543, 140
Trd, 4318177.693, 139
Trd, 4318178.043, 140
Trd, 4318178.143, 105
Trd, 4318180.043, 140
Trd, 4318180.543, 140
Trd, 4318181.193, 140
Trd, 4318183.193, 140
Trd, 4318184.043, 140
Trd, 4318185.743, 140
Trd, 4318186.093, 140
Trd, 4318186.593, 140
Trd, 4318187.343, 140
Trd, 4318188.043, 140
Trd, 4318188.793, 140
Trd, 4318188.843, 135
Trd, 4318189.143, 137
Trd, 4318189.643, 140
Trd, 4318190.143, 140
Trd, 4318190.343, 139
Trd, 4318191.893, 140
Trd, 4318194.493, 140
Trd, 4318194.593, 140
Trd, 4318195.643, 140
Trd, 4318196.743, 140
Trd, 4318198.543, 140
Trd, 4318199.393, 140
Trd, 4318200.393, 140
Trd, 4318201.343, 140
Trd, 4318201.593, 140
Trd, 4318203.043, 140
Trd, 4318203.993, 140
Trd, 4318204.843, 140
Trd, 4318205.443, 140
Trd, 4318205.643, 140
Trd, 4318206.693, 140
Trd, 4318206.943, 140
Trd, 4318207.993, 140
Trd, 4318208.743, 140
Trd, 4318212.743, 140
Trd, 4318213.793, 140
Trd, 4318214.343, 140
Trd, 4318215.493, 140
Trd, 4318215.593, 140
Trd, 4318218.443, 140
Trd, 4318219.593, 139
Trd, 4318219.893, 139
Trd, 4318222.343, 140
Trd, 4318222.393, 140
Trd, 4318224.743, 140
Trd, 4318224.993, 140
Trd, 4318225.293, 140
Trd, 4318225.393, 140
Trd, 4318225.743, 139
Trd, 4318226.143, 140
Trd, 4318228.343, 140
Trd, 4318229.943, 140
Trd, 4318230.493, 139
Trd, 4318231.843, 140
Trd, 4318231.943, 140
Trd, 4318233.043, 140
Trd, 4318233.393, 139
Trd, 4318233.593, 139
Trd, 4318235.093, 140
Trd, 4318235.843, 140
Trd, 4318235.943, 139
Trd, 4318236.193, 140
Trd, 4318237.593, 134
Trd, 4318238.193, 134
Trd, 4318238.593, 124
Trd, 4318239.643, 131
Trd, 4318239.943, 134
Trd, 4318240.693, 140
Trd, 4318240.893, 140
Trd, 4318240.943, 113
Trd, 4318241.443, 140
Trd, 4318243.043, 140
Trd, 4318243.393, 140
Trd, 4318245.043, 140
Trd, 4318245.993, 140
Trd, 4318246.093, 140
Trd, 4318246.293, 140
Trd, 4318248.543, 140
Trd, 4318249.593, 140
Trd, 4318250.093, 139
Trd, 4318250.493, 135
Trd, 4318250.743, 139
Trd, 4318250.893, 132
Trd, 4318252.643, 140
Trd, 4318252.893, 140
Trd, 4318255.293, 140
Trd, 4318255.593, 140
Trd, 4318255.643, 140
Trd, 4318255.693, 137
Trd, 4318255.793, 140
Trd, 4318256.393, 135
Trd, 4318258.393, 140
Trd, 4318258.893, 139
Trd, 4318259.443, 135
Trd, 4318260.943, 139
Trd, 4318262.043, 140
Trd, 4318263.893, 140
Trd, 4318264.443, 140
Trd, 4318265.743, 140
Trd, 4318266.343, 140
Trd, 4318267.743, 140
Trd, 4318268.093, 140
Trd, 4318268.593, 140
Trd, 4318269.643, 139
Trd, 4318269.693, 140
Trd, 4318269.943, 131
Trd, 4318270.493, 140
Trd, 4318270.543, 114
Trd, 4318272.493, 69
Trd, 4318272.593, 66
Trd, 4318273.243, 124
Trd, 4318273.943, 117
Trd, 4318274.043, 118
Trd, 4318275.343, 61
Trd, 4318276.693, 140
Trd, 4318277.893, 140
Trd, 4318279.443, 140
Trd, 4318279.793, 136
Trd, 4318280.893, 139
Trd, 4318282.093, 140
Trd, 4318283.093, 140
Trd, 4318283.393, 138
Trd, 4318283.843, 140
Trd, 4318283.993, 139
Trd, 4318285.543, 140
Trd, 4318285.643, 139
Trd, 4318286.643, 138
Trd, 4318287.093, 137
Trd, 4318288.193, 140
Trd, 4318288.993, 140
Trd, 4318289.793, 139
Trd, 4318291.443, 140
Trd, 4318291.543, 140
Trd, 4318291.993, 140
Trd, 4318292.243, 139
Trd, 4318292.343, 136
Trd, 4318292.543, 139
Trd, 4318292.893, 131
Trd, 4318293.193, 112
Trd, 4318293.293, 137
Trd, 4318295.193, 126
Trd, 4318295.343, 127
Trd, 4318296.493, 140
Trd, 4318296.743, 140
Trd, 4318297.393, 138
Trd, 4318298.393, 140
Trd, 4318299.693, 140
Trd, 4318299.993, 140
Trd, 4318301.293, 140
Trd, 4318301.393, 140
Trd, 4318301.443, 140
Trd, 4318302.693, 140
Trd, 4318303.643, 140
Trd, 4318303.993, 140
Trd, 4318304.893, 140
Trd, 4318305.493, 140
Trd, 4318306.993, 140
Trd, 4318307.593, 140
Trd, 4318307.743, 138
Trd, 4318307.843, 139
Trd, 4318308.843, 140
Trd, 4318308.893, 140
Trd, 4318311.293, 139
Trd, 4318311.793, 129
Trd, 4318312.443, 135
Trd, 4318314.693, 140
Trd, 4318315.343, 140
Trd, 4318316.343, 140
Trd, 4318317.843, 140
Trd, 4318318.343, 140
Trd, 4318318.643, 139
Trd, 4318319.643, 140
Trd, 4318320.693, 140
Trd, 4318321.543, 140
Trd, 4318322.443, 140
Trd, 4318322.843, 140
Trd, 4318323.743, 140
Trd, 4318324.093, 140
Trd, 4318324.843, 140
Trd, 4318327.943, 140
Trd, 4318328.093, 140
Trd, 4318329.293, 140
Trd, 4318331.393, 140
Trd, 4318331.443, 140
Trd, 4318332.343, 140
Trd, 4318333.393, 140
Trd, 4318333.843, 140
Trd, 4318335.143, 140
Trd, 4318335.593, 140
Trd, 4318337.193, 140
Trd, 4318338.243, 140
Trd, 4318339.443, 140
Trd, 4318340.143, 139
Trd, 4318341.143, 140
Trd, 4318341.393, 140
Trd, 4318341.543, 140
Trd, 4318341.743, 140
Trd, 4318342.643, 140
Trd, 4318342.793, 140
Trd, 4318343.043, 140
Trd, 4318343.493, 140
Trd, 4318344.193, 139
Trd, 4318346.343, 111
Trd, 4318346.793, 139
Trd, 4318347.043, 140
Trd, 4318347.393, 139
Trd, 4318348.793, 139
Trd, 4318349.793, 140
Trd, 4318350.493, 137
Trd, 4318352.593, 140
Trd, 4318353.843, 140
Trd, 4318354.243, 140
Trd, 4318354.893, 140
Trd, 4318355.243, 140
Trd, 4318355.343, 139
Trd, 4318355.543, 139
Trd, 4318356.443, 140
Trd, 4318356.893, 140
Trd, 4318358.843, 140
Trd, 4318359.993, 139
Trd, 4318360.043, 135
Trd, 4318360.393, 140
Trd, 4318362.243, 140
Trd, 4318362.893, 140
Trd, 4318363.543, 140
Trd, 4318364.043, 140
Trd, 4318364.343, 140
Trd, 4318364.643, 140
Trd, 4318366.893, 140
Trd, 4318368.293, 140
Trd, 4318368.543, 140
Trd, 4318369.093, 140
Trd, 4318369.743, 140
Trd, 4318371.243, 140
Trd, 4318373.443, 140
Trd, 4318373.993, 140
Trd, 4318374.193, 140
Trd, 4318374.343, 139
Trd, 4318375.543, 140
Trd, 4318376.293, 140
Trd, 4318376.543, 140
Trd, 4318376.893, 139
Trd, 4318378.993, 140
Trd, 4318379.693, 140
Trd, 4318380.443, 139
Trd, 4318381.193, 140
Trd, 4318382.843, 140
Trd, 4318383.043, 140
Trd, 4318383.443, 140
Trd, 4318383.743, 140
Trd, 4318383.943, 139
Trd, 4318385.243, 140
Trd, 4318385.593, 140
Trd, 4318387.243, 140
Trd, 4318388.343, 140
Trd, 4318389.543, 140
Trd, 4318390.343, 140
Trd, 4318390.443, 140
Trd, 4318391.093, 140
Trd, 4318391.693, 140
Trd, 4318392.343, 140
Trd, 4318393.343, 140
Trd, 4318394.543, 140
Trd, 4318395.443, 140
Trd, 4318395.943, 139
Trd, 4318396.793, 140
Trd, 4318397.243, 140
Trd, 4318399.893, 140
Trd, 4318400.993, 140
Trd, 4318402.643, 140
Trd, 4318402.993, 140
Trd, 4318403.393, 140
Trd, 4318404.293, 140
Trd, 4318405.793, 140
Trd, 4318406.093, 140
Trd, 4318407.193, 140
Trd, 4318407.293, 140
Trd, 4318408.243, 140
Trd, 4318409.143, 140
Trd, 4318409.943, 139
Trd, 4318410.093, 138
Trd, 4318414.693, 140
Trd, 4318414.893, 140
Trd, 4318414.993, 140
Trd, 4318415.193, 140
Trd, 4318415.593, 140
Trd, 4318416.843, 140
Trd, 4318417.693, 140
Trd, 4318418.093, 140
Trd, 4318418.443, 135
Trd, 4318420.593, 140
Trd, 4318421.043, 140
Trd, 4318423.043, 140
Trd, 4318423.243, 140
Trd, 4318423.293, 139
Trd, 4318423.843, 140
Trd, 4318424.743, 139
Trd, 4318426.543, 139
Trd, 4318426.693, 138
Trd, 4318429.893, 140
Trd, 4318430.043, 140
Trd, 4318430.143, 140
Trd, 4318431.743, 140
Trd, 4318432.443, 140
Trd, 4318433.093, 140
Trd, 4318433.343, 140
Trd, 4318433.943, 139
Trd, 4318434.693, 128
Trd, 4318434.993, 88
Trd, 4318435.493, 134
Trd, 4318436.793, 140
Trd, 4318440.243, 140
Trd, 4318440.743, 140
Trd, 4318440.843, 140
Trd, 4318441.693, 140
Trd, 4318442.693, 140
Trd, 4318443.593, 138
Trd, 4318443.793, 135
Trd, 4318444.293, 137
Trd, 4318444.943, 116
Trd, 4318444.993, 112
Trd, 4318446.393, 140
Trd, 4318446.793, 138
Trd, 4318447.793, 140
Trd, 4318448.243, 139
Trd, 4318448.593, 139
Trd, 4318450.943, 140
Trd, 4318450.993, 140
Trd, 4318451.643, 140
Trd, 4318451.993, 135
Trd, 4318452.393, 140
Trd, 4318452.543, 140
Trd, 4318453.693, 137
Trd, 4318454.593, 140
Trd, 4318456.893, 140
Trd, 4318457.543, 140
Trd, 4318457.643, 139
Trd, 4318458.243, 140
Trd, 4318459.093, 140
Trd, 4318460.593, 140
Trd, 4318460.893, 140
Trd, 4318461.143, 133
Trd, 4318461.843, 138
Trd, 4318462.843, 140
Trd, 4318465.493, 140
Trd, 4318465.543, 140
Trd, 4318465.843, 140
Trd, 4318466.293, 140
Trd, 4318466.443, 140
Trd, 4318467.793, 140
Trd, 4318468.393, 140
Trd, 4318469.043, 140
Trd, 4318469.143, 140
Trd, 4318470.643, 140
Trd, 4318472.543, 140
Trd, 4318472.643, 140
Trd, 4318474.143, 140
Trd, 4318475.193, 140
Trd, 4318475.893, 140
Trd, 4318476.493, 140
Trd, 4318477.393, 140
Trd, 4318479.143, 140
Trd, 4318480.893, 140
Trd, 4318481.843, 140
Trd, 4318482.543, 140
Trd, 4318484.943, 140
Trd, 4318485.493, 140
Trd, 4318486.143, 140
Trd, 4318486.343, 140
Trd, 4318486.593, 140
Trd, 4318488.693, 140
Trd, 4318488.743, 140
Trd, 4318490.193, 140
Trd, 4318490.293, 140
Trd, 4318490.943, 140
Trd, 4318491.143, 140
Trd, 4318491.543, 140
Trd, 4318491.943, 137
Trd, 4318492.993, 135
Trd, 4318493.743, 136
Trd, 4318495.143, 138
Trd, 4318495.543, 135
Trd, 4318495.943, 139
Trd, 4318499.743, 140
Trd, 4318499.993, 140
Trd, 4318500.143, 140
Trd, 4318500.443, 140
Trd, 4318500.693, 140
Trd, 4318501.443, 140
Trd, 4318501.743, 140
Trd, 4318501.843, 140
Trd, 4318502.593, 140
Trd, 4318502.793, 138
Trd, 4318504.093, 140
Trd, 4318504.193, 139
Trd, 4318506.293, 140
Trd, 4318506.543, 140
Trd, 4318507.943, 140
Trd, 4318508.243, 140
Trd, 4318508.893, 140
Trd, 4318509.543, 139
Trd, 4318511.443, 140
Trd, 4318512.193, 139
Trd, 4318513.193, 137
Trd, 4318513.643, 139
Trd, 4318514.693, 135
Trd, 4318514.843, 136
Trd, 4318515.543, 139
Trd, 4318516.393, 134
Trd, 4318516.843, 140
Trd, 4318517.193, 139
Trd, 4318518.743, 140
Trd, 4318519.993, 140
Trd, 4318520.693, 140
Trd, 4318521.343, 140
Trd, 4318521.993, 140
Trd, 4318522.193, 138
Trd, 4318523.893, 140
Trd, 4318524.193, 140
Trd, 4318524.643, 140
Trd, 4318524.893, 140
Trd, 4318525.393, 140
Trd, 4318526.243, 103
Trd, 4318526.393, 64
Trd, 4318527.593, 138
Trd, 4318528.993, 140
Trd, 4318529.743, 140
Trd, 4318531.443, 140
Trd, 4318532.293, 140
Trd, 4318532.493, 140
Trd, 4318532.543, 135
Trd, 4318532.893, 140
Trd, 4318533.543, 139
Trd, 4318533.843, 140
Trd, 4318533.993, 140
Trd, 4318534.693, 140
Trd, 4318534.943, 140
Trd, 4318535.093, 139
Trd, 4318537.243, 140
Trd, 4318537.343, 139
Trd, 4318538.293, 115
Trd, 4318540.843, 140
Trd, 4318541.493, 140
Trd, 4318542.443, 140
Trd, 4318542.493, 140
Trd, 4318542.793, 140
Trd, 4318543.493, 140
Trd, 4318543.643, 140
Trd, 4318543.893, 135
Trd, 4318545.643, 140
Trd, 4318546.343, 140
Trd, 4318546.993, 139
Trd, 4318547.743, 140
Trd, 4318548.593, 139
Trd, 4318549.043, 137
Trd, 4318549.393, 134
Trd, 4318550.843, 140
Trd, 4318551.093, 140
Trd, 4318552.693, 140
Trd, 4318553.643, 140
Trd, 4318554.993, 140
Trd, 4318556.443, 140
Trd, 4318556.493, 140
Trd, 4318557.193, 140
Trd, 4318558.093, 140
Trd, 4318559.093, 140
Trd, 4318559.343, 139
Trd, 4318559.693, 140
Trd, 4318561.643, 140
Trd, 4318563.443, 140
Trd, 4318563.893, 140
Trd, 4318564.293, 140
Trd, 4318564.743, 139
Trd, 4318565.043, 139
Trd, 4318565.243, 136
Trd, 4318565.393, 138
Trd, 4318566.743, 131
Trd, 4318567.893, 140
Trd, 4318568.743, 140
Trd, 4318570.293, 140
Trd, 4318570.843, 140
Trd, 4318572.343, 140
Trd, 4318573.593, 140
Trd, 4318575.193, 140
Trd, 4318575.343, 140
Trd, 4318575.393, 140
Trd, 4318575.543, 140
Trd, 4318576.443, 138
Trd, 4318577.793, 140
Trd, 4318578.543, 135
Trd, 4318579.593, 140
Trd, 4318580.543, 140
Trd, 4318581.093, 140
Trd, 4318581.393, 139
Trd, 4318581.843, 140
Trd, 4318582.293, 136
Trd, 4318582.743, 135
Trd, 4318583.993, 140
Trd, 4318584.793, 139
Trd, 4318585.193, 108
Trd, 4318587.443, 140
Trd, 4318588.193, 140
Trd, 4318588.693, 140
Trd, 4318588.993, 140
Trd, 4318590.493, 140
Trd, 4318591.243, 140
Trd, 4318591.493, 138
Trd, 4318593.393, 138
Trd, 4318594.343, 139
Trd, 4318594.543, 137
Trd, 4318594.693, 129
Trd, 4318594.743, 127
Trd, 4318595.393, 124
Trd, 4318596.443, 135
Trd, 4318598.343, 140
Trd, 4318600.043, 140
Trd, 4318600.193, 140
Trd, 4318600.293, 139
Trd, 4318600.943, 140
Trd, 4318604.043, 140
Trd, 4318604.143, 140
Trd, 4318605.093, 140
Trd, 4318607.593, 140
Trd, 4318607.693, 140
Trd, 4318608.393, 140
Trd, 4318608.893, 140
Trd, 4318610.043, 140
Trd, 4318611.543, 140
Trd, 4318611.593, 140
Trd, 4318612.243, 140
Trd, 4318613.143, 140
Trd, 4318613.343, 140
Trd, 4318615.243, 140
Trd, 4318615.743, 140
Trd, 4318616.643, 140
Trd, 4318618.793, 140
Trd, 4318618.893, 140
Trd, 4318619.043, 139
Trd, 4318620.793, 139
Trd, 4318622.343, 140
Trd, 4318622.943, 140
Trd, 4318623.593, 140
Trd, 4318623.993, 140
Trd, 4318625.343, 140
Trd, 4318627.093, 140
Trd, 4318627.393, 140
Trd, 4318627.543, 139
Trd, 4318628.143, 138
Trd, 4318628.593, 134
Trd, 4318630.193, 140
Trd, 4318630.643, 140
Trd, 4318632.693, 140
Trd, 4318632.743, 140
Trd, 4318633.943, 140
Trd, 4318633.993, 140
Trd, 4318635.193, 140
Trd, 4318635.743, 140
Trd, 4318636.193, 140
Trd, 4318636.443, 131
Trd, 4318639.493, 140
Trd, 4318640.343, 140
Trd, 4318641.943, 140
Trd, 4318641.993, 140
Trd, 4318642.643, 140
Trd, 4318642.843, 140
Trd, 4318643.393, 137
Trd, 4318644.393, 140
Trd, 4318644.643, 140
Trd, 4318645.993, 140
Trd, 4318647.143, 139
Trd, 4318647.543, 140
Trd, 4318647.943, 132
Trd, 4318648.493, 138
Trd, 4318648.643, 127
Trd, 4318649.643, 140
Trd, 4318649.793, 139
Trd, 4318650.493, 64
Trd, 4318651.393, 77
Trd, 4318651.693, 132
Trd, 4318652.343, 63
Trd, 4318652.893, 131
Trd, 4318654.393, 60
Trd, 4318654.543, 60
Trd, 4318655.393, 129
Trd, 4318656.593, 140
Trd, 4318656.643, 140
Trd, 4318657.243, 133
Trd, 4318657.543, 107
Trd, 4318657.593, 104
Trd, 4318660.093, 140
Trd, 4318661.393, 140
Trd, 4318662.543, 140
Trd, 4318663.393, 140
Trd, 4318665.343, 140
Trd, 4318666.643, 140
Trd, 4318666.993, 140
Trd, 4318669.843, 140
Trd, 4318669.943, 140
Trd, 4318671.143, 140
Trd, 4318671.793, 140
Trd, 4318671.843, 140
Trd, 4318672.393, 138
Trd, 4318673.743, 136
Trd, 4318674.243, 136
Trd, 4318674.643, 136
Trd, 4318675.343, 131
Trd, 4318677.293, 140
Trd, 4318678.093, 139
Trd, 4318678.193, 139
Trd, 4318679.393, 133
Trd, 4318679.443, 134
Trd, 4318679.643, 120
Trd, 4318680.493, 115
Trd, 4318681.693, 127
Trd, 4318681.793, 108
Trd, 4318682.443, 69
Trd, 4318682.693, 127
Trd, 4318682.893, 68
Trd, 4318683.443, 81
Trd, 4318683.543, 82
Trd, 4318683.743, 83
Trd, 4318685.993, 63
Trd, 4318686.743, 68
Trd, 4318688.093, 140
Trd, 4318688.693, 139
Trd, 4318689.793, 140
Trd, 4318691.893, 140
Trd, 4318693.593, 140
Trd, 4318694.493, 140
Trd, 4318695.093, 140
Trd, 4318696.293, 139
Trd, 4318696.943, 139
Trd, 4318697.193, 140
Trd, 4318699.093, 140
Trd, 4318701.743, 140
Trd, 4318702.643, 139
Trd, 4318703.043, 140
Trd, 4318705.193, 140
Trd, 4318705.243, 140
Trd, 4318705.293, 140
Trd, 4318705.893, 138
Trd, 4318706.343, 140
Trd, 4318706.993, 140
Trd, 4318707.293, 130
Trd, 4318708.393, 82
Trd, 4318708.843, 60
Trd, 4318710.493, 60
Trd, 4318710.643, 60
Trd, 4318710.743, 60
Trd, 4318711.043, 65
Trd, 4318713.443, 60
Trd, 4318713.593, 60
Trd, 4318713.643, 77
Trd, 4318714.343, 139
Trd, 4318714.793, 110
Trd, 4318716.343, 61
Trd, 4318716.893, 62
Trd, 4318717.793, 63
Trd, 4318717.943, 64
Trd, 4318718.293, 65
Trd, 4318718.393, 66
Trd, 4318718.843, 66
Trd, 4318720.243, 140
Trd, 4318722.493, 138
Trd, 4318722.793, 137
Trd, 4318723.843, 140
Trd, 4318724.493, 140
Trd, 4318725.143, 140
Trd, 4318726.293, 140
Trd, 4318726.443, 140
Trd, 4318726.943, 140
Trd, 4318727.493, 134
Trd, 4318727.943, 130
Trd, 4318728.493, 140
Trd, 4318729.793, 140
Trd, 4318732.493, 140
Trd, 4318732.793, 139
Trd, 4318734.293, 140
Trd, 4318734.643, 140
Trd, 4318735.093, 130
Trd, 4318735.343, 140
Trd, 4318736.493, 139
Trd, 4318738.643, 139
Trd, 4318739.593, 140
Trd, 4318739.693, 140
Trd, 4318742.443, 140
Trd, 4318743.043, 140
Trd, 4318743.143, 140
Trd, 4318745.193, 140
Trd, 4318746.743, 140
Trd, 4318746.893, 140
Trd, 4318747.393, 140
Trd, 4318747.443, 140
Trd, 4318748.293, 140
Trd, 4318748.593, 140
Trd, 4318748.843, 140
Trd, 4318749.243, 138
Trd, 4318749.293, 134
Trd, 4318749.743, 60
Trd, 4318752.343, 140
Trd, 4318752.843, 137
Trd, 4318753.093, 140
Trd, 4318753.743, 136
Trd, 4318754.393, 131
Trd, 4318755.243, 134
Trd, 4318756.143, 140
Trd, 4318757.393, 140
Trd, 4318757.993, 140
Trd, 4318758.843, 140
Trd, 4318759.043, 136
Trd, 4318760.193, 139
Trd, 4318760.593, 140
Trd, 4318760.893, 140
Trd, 4318762.043, 140
Trd, 4318762.343, 140
Trd, 4318763.893, 140
Trd, 4318764.243, 140
Trd, 4318764.843, 140
Trd, 4318765.043, 139
Trd, 4318765.593, 139
Trd, 4318765.943, 138
Trd, 4318767.093, 139
Trd, 4318768.093, 136
Trd, 4318769.243, 139
Trd, 4318769.443, 140
Trd, 4318769.943, 132
Trd, 4318770.643, 137
Trd, 4318772.593, 140
Trd, 4318773.143, 139
Trd, 4318774.543, 140
Trd, 4318777.443, 140
Trd, 4318777.493, 140
Trd, 4318777.543, 140
Trd, 4318777.693, 138
Trd, 4318778.043, 137
Trd, 4318778.293, 138
Trd, 4318778.393, 136
Trd, 4318778.643, 134
Trd, 4318781.443, 140
Trd, 4318781.543, 140
Trd, 4318781.993, 140
Trd, 4318782.743, 140
Trd, 4318784.143, 140
Trd, 4318784.293, 140
Trd, 4318784.393, 139
Trd, 4318785.393, 138
Trd, 4318785.943, 137
Trd, 4318786.243, 138
Trd, 4318786.293, 139
Trd, 4318786.693, 132
Trd, 4318786.893, 133
Trd, 4318787.293, 135
Trd, 4318787.343, 132
Trd, 4318789.443, 140
Trd, 4318790.593, 138
Trd, 4318790.643, 137
Trd, 4318790.743, 130
Trd, 4318792.243, 140
Trd, 4318793.243, 140
Trd, 4318793.743, 139
Trd, 4318794.543, 140
Trd, 4318796.043, 140
Trd, 4318796.993, 140
Trd, 4318798.743, 140
Trd, 4318798.993, 140
Trd, 4318799.043, 140
Trd, 4318799.143, 140
Trd, 4318800.343, 140
Trd, 4318800.443, 140
Trd, 4318801.643, 138
Trd, 4318802.143, 138
Trd, 4318803.443, 139
Trd, 4318804.493, 127
Trd, 4318806.093, 140
Trd, 4318808.043, 140
Trd, 4318808.443, 140
Trd, 4318808.493, 140
Trd, 4318809.993, 140
Trd, 4318810.093, 138
Trd, 4318811.593, 140
Trd, 4318812.443, 140
Trd, 4318812.893, 140
Trd, 4318813.643, 140
Trd, 4318814.393, 140
Trd, 4318814.443, 140
Trd, 4318815.143, 140
Trd, 4318816.143, 140
Trd, 4318816.193, 139
Trd, 4318816.993, 135
Trd, 4318817.793, 140
Trd, 4318819.493, 133
Trd, 4318819.693, 137
Trd, 4318821.643, 140
Trd, 4318821.993, 140
Trd, 4318823.443, 140
Trd, 4318823.643, 140
Trd, 4318824.343, 140
Trd, 4318824.493, 140
Trd, 4318825.293, 140
Trd, 4318825.943, 140
Trd, 4318828.293, 140
Trd, 4318828.743, 140
Trd, 4318829.443, 77
Trd, 4318829.993, 64
Trd, 4318831.243, 140
Trd, 4318832.593, 140
Trd, 4318833.543, 140
Trd, 4318835.943, 140
Trd, 4318836.093, 140
Trd, 4318836.943, 133
Trd, 4318837.843, 140
Trd, 4318838.143, 140
Trd, 4318838.343, 140
Trd, 4318839.093, 140
Trd, 4318839.643, 140
Trd, 4318839.993, 136
Trd, 4318841.143, 140
Trd, 4318842.943, 140
Trd, 4318843.143, 140
Trd, 4318843.543, 139
Trd, 4318845.493, 60
Trd, 4318845.743, 61
Trd, 4318845.943, 69
Trd, 4318847.393, 60
Trd, 4318847.693, 60
Trd, 4318848.393, 68
Trd, 4318849.693, 62
Trd, 4318849.943, 73
Trd, 4318850.643, 140
Trd, 4318854.143, 140
Trd, 4318854.443, 140
Trd, 4318854.593, 140
Trd, 4318855.193, 140
Trd, 4318855.943, 140
Trd, 4318856.043, 139
Trd, 4318856.093, 136
Trd, 4318856.743, 139
Trd, 4318857.893, 139
Trd, 4318858.543, 140
Trd, 4318858.643, 140
Trd, 4318859.043, 134
Trd, 4318859.193, 131
Trd, 4318861.343, 140
Trd, 4318862.393, 140
Trd, 4318863.193, 140
Trd, 4318863.293, 140
Trd, 4318865.243, 140
Trd, 4318865.443, 140
Trd, 4318866.043, 140
Trd, 4318866.643, 140
Trd, 4318867.443, 140
Trd, 4318867.793, 140
Trd, 4318868.393, 140
Trd, 4318869.343, 140
Trd, 4318869.793, 140
Trd, 4318871.393, 140
Trd, 4318871.543, 137
Trd, 4318872.093, 140
Trd, 4318872.943, 138
Trd, 4318873.593, 140
Trd, 4318873.693, 137
Trd, 4318874.593, 133
Trd, 4318875.393, 140
Trd, 4318876.093, 139
Trd, 4318877.043, 140
Trd, 4318877.693, 140
Trd, 4318877.993, 140
Trd, 4318880.343, 140
Trd, 4318882.993, 140
Trd, 4318883.543, 138
Trd, 4318883.843, 140
Trd, 4318884.743, 140
Trd, 4318885.643, 140
Trd, 4318886.293, 140
Trd, 4318887.293, 140
Trd, 4318887.443, 140
Trd, 4318888.293, 140
Trd, 4318888.593, 140
Trd, 4318888.793, 140
Trd, 4318890.693, 140
Trd, 4318891.143, 140
Trd, 4318891.493, 140
Trd, 4318892.943, 140
Trd, 4318893.493, 140
Trd, 4318894.243, 138
Trd, 4318894.343, 140
Trd, 4318894.893, 140
Trd, 4318895.443, 139
Trd, 4318895.893, 138
Trd, 4318898.393, 140
Trd, 4318898.843, 140
Trd, 4318899.693, 140
Trd, 4318901.693, 140
Trd, 4318902.043, 140
Trd, 4318902.643, 140
Trd, 4318902.893, 140
Trd, 4318905.043, 140
Trd, 4318906.393, 140
Trd, 4318908.043, 140
Trd, 4318909.193, 140
Trd, 4318910.693, 140
Trd, 4318911.093, 140
Trd, 4318911.343, 138
Trd, 4318911.543, 138
Trd, 4318911.793, 140
Trd, 4318913.393, 140
Trd, 4318913.643, 140
Trd, 4318915.143, 140
Trd, 4318915.493, 140
Trd, 4318916.743, 140
Trd, 4318917.243, 140
Trd, 4318917.643, 140
Trd, 4318917.693, 137
Trd, 4318918.843, 136
Trd, 4318919.793, 139
Trd, 4318921.443, 140
Trd, 4318922.343, 140
Trd, 4318923.593, 140
Trd, 4318924.743, 140
Trd, 4318925.693, 140
Trd, 4318925.793, 140
Trd, 4318926.493, 140
Trd, 4318927.443, 123
Trd, 4318927.893, 123
Trd, 4318928.243, 134
Trd, 4318928.443, 135
Trd, 4318928.943, 136
Trd, 4318930.143, 140
Trd, 4318930.993, 140
Trd, 4318931.143, 140
Trd, 4318932.893, 140
Trd, 4318934.743, 140
Trd, 4318935.343, 140
Trd, 4318935.793, 140
Trd, 4318935.843, 140
Trd, 4318936.443, 139
Trd, 4318937.743, 140
Trd, 4318938.743, 140
Trd, 4318941.243, 139
Trd, 4318941.393, 139
Trd, 4318942.243, 140
Trd, 4318942.893, 140
Trd, 4318944.643, 140
Trd, 4318944.993, 140
Trd, 4318946.193, 140
Trd, 4318946.993, 140
Trd, 4318947.393, 140
Trd, 4318949.443, 140
Trd, 4318949.743, 140
Trd, 4318950.643, 139
Trd, 4318952.993, 140
Trd, 4318954.143, 140
Trd, 4318955.243, 140
Trd, 4318955.343, 140
Trd, 4318955.393, 140
Trd, 4318955.893, 140
Trd, 4318956.543, 140
Trd, 4318957.993, 140
Trd, 4318958.243, 138
Trd, 4318958.793, 140
Trd, 4318959.643, 139
Trd, 4318959.793, 137
Trd, 4318960.793, 66
Trd, 4318961.043, 65
Trd, 4318962.393, 139
Trd, 4318964.093, 135
Trd, 4318964.793, 140
Trd, 4318965.793, 139
Trd, 4318968.093, 140
Trd, 4318968.793, 140
Trd, 4318969.143, 140
Trd, 4318969.893, 139
Trd, 4318974.243, 140
Trd, 4318974.543, 140
Trd, 4318974.943, 140
Trd, 4318975.843, 140
Trd, 4318976.693, 140
Trd, 4318977.393, 140
Trd, 4318978.543, 140
Trd, 4318978.843, 140
Trd, 4318978.943, 138
Trd, 4318979.243, 136
Trd, 4318979.343, 135
Trd, 4318979.843, 137
Trd, 4318980.193, 126
Trd, 4318982.243, 139
Trd, 4318982.543, 137
Trd, 4318984.743, 140
Trd, 4318986.593, 140
Trd, 4318986.693, 140
Trd, 4318987.543, 140
Trd, 4318987.693, 139
Trd, 4318989.543, 140
Trd, 4318989.593, 140
Trd, 4318989.843, 136
Trd, 4318990.993, 140
Trd, 4318992.093, 140
Trd, 4318992.493, 140
Trd, 4318993.693, 140
Trd, 4318994.243, 140
Trd, 4318995.443, 140
Trd, 4318996.543, 140
Trd, 4318996.943, 140
Trd, 4318997.393, 140
Trd, 4318999.943, 140
Trd, 4319000.843, 140
Trd, 4319001.043, 140
Trd, 4319001.393, 139
Trd, 4319002.093, 140
Trd, 4319002.793, 140
Trd, 4319003.793, 140
Trd, 4319004.593, 140
Trd, 4319005.393, 140
Trd, 4319006.193, 140
Trd, 4319007.243, 140
Trd, 4319007.693, 140
Trd, 4319009.843, 140
Trd, 4319010.243, 140
Trd, 4319012.593, 140
Trd, 4319012.793, 140
Trd, 4319014.093, 140
Trd, 4319015.043, 140
Trd, 4319015.993, 140
Trd, 4319016.893, 140
Trd, 4319017.843, 140
Trd, 4319018.193, 138
Trd, 4319018.793, 140
Trd, 4319018.893, 139
Trd, 4319019.243, 140
Trd, 4319020.643, 136
Trd, 4319020.693, 138
Trd, 4319021.743, 130
Trd, 4319024.793, 140
Trd, 4319024.843, 140
Trd, 4319025.643, 140
Trd, 4319026.143, 140
Trd, 4319026.193, 139
Trd, 4319026.643, 140
Trd, 4319028.293, 138
Trd, 4319029.793, 140
Trd, 4319031.143, 140
Trd, 4319031.693, 140
Trd, 4319032.543, 139
Trd, 4319032.643, 136
Trd, 4319032.943, 136
Trd, 4319034.243, 140
Trd, 4319036.193, 140
Trd, 4319036.943, 140
Trd, 4319037.743, 140
Trd, 4319038.143, 140
Trd, 4319039.843, 140
Trd, 4319040.043, 140
Trd, 4319040.993, 140
Trd, 4319041.893, 140
Trd, 4319041.993, 140
Trd, 4319042.993, 139
Trd, 4319043.993, 140
Trd, 4319044.243, 139
Trd, 4319044.593, 140
Trd, 4319045.093, 140
Trd, 4319046.643, 140
Trd, 4319046.843, 140
Trd, 4319047.093, 139
Trd, 4319047.493, 140
Trd, 4319047.693, 138
Trd, 4319049.393, 139
Trd, 4319050.393, 136
Trd, 4319051.243, 140
Trd, 4319052.193, 140
Trd, 4319052.693, 140
Trd, 4319053.393, 140
Trd, 4319054.043, 135
Trd, 4319054.593, 140
Trd, 4319055.993, 139
Trd, 4319058.293, 140
Trd, 4319058.693, 140
Trd, 4319060.593, 140
Trd, 4319060.893, 140
Trd, 4319064.143, 140
Trd, 4319064.393, 140
Trd, 4319066.543, 140
Trd, 4319067.193, 140
Trd, 4319067.693, 140
Trd, 4319068.093, 140
Trd, 4319068.343, 140
Trd, 4319068.743, 140
Trd, 4319069.043, 140
Trd, 4319069.993, 140
Trd, 4319073.893, 140
Trd, 4319074.043, 140
Trd, 4319076.293, 140
Trd, 4319076.893, 140
Trd, 4319077.243, 140
Trd, 4319077.643, 139
Trd, 4319077.993, 140
Trd, 4319078.293, 138
Trd, 4319079.293, 140
Trd, 4319081.143, 140
Trd, 4319082.143, 140
Trd, 4319083.543, 140
Trd, 4319084.193, 140
Trd, 4319085.343, 140
Trd, 4319085.593, 140
Trd, 4319087.743, 140
Trd, 4319088.743, 140
Trd, 4319088.793, 140
Trd, 4319089.293, 140
Trd, 4319089.543, 139
Trd, 4319091.593, 140
Trd, 4319091.793, 140
Trd, 4319094.543, 140
Trd, 4319094.943, 139
Trd, 4319097.293, 140
Trd, 4319097.593, 140
Trd, 4319098.893, 140
Trd, 4319099.543, 140
Trd, 4319099.793, 139
Trd, 4319100.343, 140
Trd, 4319100.893, 135
Trd, 4319101.093, 135
Trd, 4319101.893, 134
Trd, 4319102.243, 71
Trd, 4319104.993, 140
Trd, 4319105.643, 140
Trd, 4319106.293, 140
Trd, 4319106.593, 139
Trd, 4319106.993, 137
Trd, 4319107.493, 139
Trd, 4319109.543, 140
Trd, 4319111.093, 140
Trd, 4319111.393, 140
Trd, 4319111.743, 140
Trd, 4319111.793, 140
Trd, 4319112.643, 140
Trd, 4319112.943, 139
Trd, 4319114.943, 140
Trd, 4319114.993, 136
Trd, 4319115.193, 133
Trd, 4319117.893, 140
Trd, 4319118.043, 138
Trd, 4319118.793, 140
Trd, 4319119.793, 140
Trd, 4319119.893, 140
Trd, 4319119.943, 139
Trd, 4319121.243, 138
Trd, 4319121.843, 140
Trd, 4319122.743, 138
Trd, 4319123.193, 139
Trd, 4319124.543, 140
Trd, 4319125.243, 140
Trd, 4319125.643, 140
Trd, 4319127.043, 140
Trd, 4319127.643, 139
Trd, 4319128.243, 140
Trd, 4319128.643, 135
Trd, 4319129.743, 139
Trd, 4319130.443, 130
Trd, 4319130.893, 139
Trd, 4319131.943, 140
Trd, 4319133.243, 140
Trd, 4319135.143, 140
Trd, 4319136.243, 140
Trd, 4319136.393, 140
Trd, 4319137.093, 140
Trd, 4319137.943, 139
Trd, 4319138.593, 140
Trd, 4319139.993, 140
Trd, 4319140.393, 140
Trd, 4319142.993, 140
Trd, 4319144.493, 140
Trd, 4319144.893, 140
Trd, 4319144.993, 140
Trd, 4319145.093, 140
Trd, 4319145.393, 138
Trd, 4319145.693, 134
Trd, 4319146.643, 130
Trd, 4319147.693, 128
Trd, 4319147.793, 137
Trd, 4319148.493, 135
Trd, 4319149.643, 132
Trd, 4319149.993, 140
Trd, 4319150.593, 140
Trd, 4319150.793, 122
Trd, 4319152.143, 140
Trd, 4319154.843, 140
Trd, 4319155.293, 140
Trd, 4319157.243, 140
Trd, 4319159.343, 140
Trd, 4319160.393, 140
Trd, 4319160.693, 140
Trd, 4319160.743, 140
Trd, 4319162.193, 140
Trd, 4319162.343, 140
Trd, 4319162.443, 140
Trd, 4319163.943, 140
Trd, 4319164.043, 140
Trd, 4319164.793, 138
Trd, 4319166.443, 137
Trd, 4319166.593, 136
Trd, 4319167.793, 140
Trd, 4319168.493, 140
Trd, 4319169.993, 140
Trd, 4319170.093, 139
Trd, 4319172.193, 140
Trd, 4319173.293, 140
Trd, 4319173.693, 140
Trd, 4319174.493, 140
Trd, 4319175.993, 140
Trd, 4319176.893, 140
Trd, 4319176.943, 139
Trd, 4319177.343, 140
Trd, 4319177.793, 139
Trd, 4319177.843, 137
Trd, 4319178.093, 134
Trd, 4319179.693, 140
Trd, 4319181.243, 140
Trd, 4319181.843, 140
Trd, 4319182.343, 140
Trd, 4319186.343, 140
Trd, 4319188.643, 140
Trd, 4319188.993, 140
Trd, 4319189.643, 140
Trd, 4319190.343, 140
Trd, 4319191.043, 140
Trd, 4319191.243, 140
Trd, 4319193.143, 140
Trd, 4319193.643, 140
Trd, 4319194.143, 140
Trd, 4319195.493, 139
Trd, 4319196.693, 140
Trd, 4319198.543, 140
Trd, 4319200.793, 140
Trd, 4319201.543, 140
Trd, 4319201.643, 139
Trd, 4319203.343, 140
Trd, 4319204.093, 140
Trd, 4319205.093, 140
Trd, 4319205.243, 140
Trd, 4319205.493, 139
Trd, 4319205.893, 140
Trd, 4319205.993, 139
Trd, 4319206.643, 139
Trd, 4319208.293, 139
Trd, 4319209.043, 140
Trd, 4319209.293, 139
Trd, 4319211.593, 140
Trd, 4319211.693, 137
Trd, 4319212.193, 140
Trd, 4319212.843, 140
Trd, 4319214.943, 140
Trd, 4319215.393, 140
Trd, 4319215.893, 137
Trd, 4319218.143, 140
Trd, 4319218.343, 140
Trd, 4319220.043, 140
Trd, 4319220.293, 140
Trd, 4319220.343, 140
Trd, 4319221.093, 140
Trd, 4319221.393, 139
Trd, 4319222.793, 140
Trd, 4319223.543, 140
Trd, 4319223.893, 140
Trd, 4319224.043, 138
Trd, 4319224.643, 137
Trd, 4319224.743, 131
Trd, 4319225.243, 136
Trd, 4319226.093, 90
Trd, 4319226.593, 100
Trd, 4319227.793, 72
Trd, 4319228.043, 96
Trd, 4319228.093, 71
Trd, 4319228.743, 99
Trd, 4319230.243, 60
Trd, 4319232.793, 140
Trd, 4319233.093, 140
Trd, 4319235.993, 140
Trd, 4319236.093, 140
Trd, 4319236.343, 140
Trd, 4319236.743, 140
Trd, 4319238.893, 140
Trd, 4319239.143, 140
Trd, 4319239.843, 140
Trd, 4319240.893, 139
Trd, 4319241.093, 138
Trd, 4319241.243, 140
Trd, 4319241.643, 134
Trd, 4319243.893, 140
Trd, 4319244.593, 140
Trd, 4319245.793, 140
Trd, 4319246.443, 140
Trd, 4319246.693, 140
Trd, 4319248.893, 140
Trd, 4319249.293, 140
Trd, 4319251.493, 140
Trd, 4319252.193, 140
Trd, 4319252.243, 140
Trd, 4319252.643, 140
Trd, 4319254.543, 140
Trd, 4319254.943, 140
Trd, 4319255.543, 139
Trd, 4319255.593, 138
Trd, 4319256.493, 62
Trd, 4319257.293, 139
Trd, 4319258.793, 140
Trd, 4319259.043, 140
Trd, 4319261.143, 140
Trd, 4319263.093, 140
Trd, 4319263.143, 140
Trd, 4319263.243, 140
Trd, 4319265.043, 140
Trd, 4319265.443, 140
Trd, 4319266.393, 140
Trd, 4319266.643, 140
Trd, 4319267.493, 140
Trd, 4319268.493, 140
Trd, 4319268.743, 137
Trd, 4319269.393, 135
Trd, 4319269.493, 136
Trd, 4319269.743, 139
Trd, 4319269.843, 130
Trd, 4319271.343, 140
Trd, 4319272.943, 140
Trd, 4319274.843, 140
Trd, 4319275.543, 140
Trd, 4319276.993, 140
Trd, 4319279.393, 140
Trd, 4319279.743, 140
Trd, 4319280.493, 140
Trd, 4319280.743, 140
Trd, 4319281.993, 139
Trd, 4319282.043, 140
Trd, 4319282.643, 137
Trd, 4319282.743, 133
Trd, 4319283.243, 75
Trd, 4319284.193, 140
Trd, 4319284.843, 140
Trd, 4319286.343, 140
Trd, 4319288.343, 140
Trd, 4319288.393, 140
Trd, 4319288.793, 139
Trd, 4319291.493, 140
Trd, 4319291.993, 139
Trd, 4319294.093, 140
Trd, 4319294.543, 139
Trd, 4319295.193, 138
Trd, 4319295.643, 135
Trd, 4319296.543, 138
Trd, 4319297.393, 140
Trd, 4319297.543, 140
Trd, 4319298.943, 140
Trd, 4319298.993, 140
Trd, 4319299.143, 140
Trd, 4319300.643, 140
Trd, 4319300.693, 139
Trd, 4319301.543, 140
Trd, 4319302.193, 140
Trd, 4319303.543, 125
Trd, 4319303.643, 138
Trd, 4319304.043, 95
Trd, 4319304.093, 97
Trd, 4319305.043, 140
Trd, 4319305.143, 140
Trd, 4319306.143, 90
Trd, 4319306.843, 139
Trd, 4319307.243, 139
Trd, 4319307.543, 75
Trd, 4319307.743, 140
Trd, 4319310.443, 140
Trd, 4319311.243, 140
Trd, 4319313.093, 140
Trd, 4319313.493, 140
Trd, 4319314.493, 140
Trd, 4319314.693, 140
Trd, 4319314.743, 140
Trd, 4319315.043, 135
Trd, 4319315.643, 60
Trd, 4319315.843, 61
Trd, 4319316.393, 60
Trd, 4319316.593, 60
Trd, 4319317.193, 60
Trd, 4319318.893, 113
Trd, 4319319.643, 140
Trd, 4319320.193, 140
Trd, 4319320.543, 140
Trd, 4319320.893, 138
Trd, 4319323.643, 139
Trd, 4319324.343, 140
Trd, 4319327.093, 140
Trd, 4319327.143, 140
Trd, 4319327.793, 139
Trd, 4319328.143, 139
Trd, 4319328.543, 136
Trd, 4319328.743, 135
Trd, 4319328.843, 139
Trd, 4319329.743, 138
Trd, 4319329.943, 137
Trd, 4319330.093, 135
Trd, 4319331.093, 138
Trd, 4319332.793, 139
Trd, 4319333.243, 139
Trd, 4319333.593, 65
Trd, 4319335.893, 140
Trd, 4319336.343, 140
Trd, 4319336.693, 139
Trd, 4319338.793, 140
Trd, 4319339.493, 140
Trd, 4319340.193, 140
Trd, 4319341.593, 140
Trd, 4319341.893, 140
Trd, 4319342.593, 139
Trd, 4319344.343, 140
Trd, 4319344.593, 140
Trd, 4319344.893, 140
Trd, 4319345.843, 140
Trd, 4319346.093, 140
Trd, 4319346.993, 140
Trd, 4319347.793, 139
Trd, 4319347.993, 137
Trd, 4319349.893, 140
Trd, 4319350.243, 139
Trd, 4319350.993, 138
Trd, 4319352.593, 140
Trd, 4319352.743, 140
Trd, 4319352.893, 139
Trd, 4319355.293, 140
Trd, 4319356.093, 140
Trd, 4319357.043, 140
Trd, 4319357.943, 140
Trd, 4319360.443, 140
Trd, 4319360.843, 140
Trd, 4319361.593, 140
Trd, 4319362.043, 140
Trd, 4319363.893, 140
Trd, 4319364.593, 140
Trd, 4319364.843, 140
Trd, 4319365.143, 140
Trd, 4319365.243, 140
Trd, 4319367.093, 140
Trd, 4319367.343, 140
Trd, 4319370.143, 140
Trd, 4319370.593, 140
Trd, 4319371.843, 140
Trd, 4319373.143, 140
Trd, 4319375.943, 140
Trd, 4319376.143, 140
Trd, 4319376.193, 140
Trd, 4319377.193, 140
Trd, 4319377.293, 140
Trd, 4319377.993, 138
Trd, 4319378.143, 138
Trd, 4319378.843, 140
Trd, 4319378.993, 139
Trd, 4319380.143, 139
Trd, 4319381.643, 139
Trd, 4319382.343, 140
Trd, 4319383.193, 140
Trd, 4319383.393, 140
Trd, 4319384.343, 140
Trd, 4319384.993, 140
Trd, 4319386.593, 140
Trd, 4319387.543, 138
Trd, 4319388.293, 140
Trd, 4319388.843, 140
Trd, 4319389.043, 139
Trd, 4319390.093, 140
Trd, 4319393.793, 140
Trd, 4319394.343, 140
Trd, 4319395.343, 140
Trd, 4319395.843, 140
Trd, 4319396.843, 140
Trd, 4319397.143, 140
Trd, 4319397.793, 140
Trd, 4319397.893, 140
Trd, 4319398.093, 140
Trd, 4319398.793, 139
Trd, 4319399.693, 140
Trd, 4319399.843, 133
Trd, 4319401.693, 140
Trd, 4319401.743, 140
Trd, 4319402.643, 140
Trd, 4319402.843, 137
Trd, 4319403.843, 80
Trd, 4319404.743, 135
Trd, 4319406.043, 140
Trd, 4319406.943, 140
Trd, 4319410.693, 140
Trd, 4319410.993, 140
Trd, 4319411.143, 138
Trd, 4319411.493, 138
Trd, 4319411.543, 138
Trd, 4319411.743, 140
Trd, 4319411.793, 136
Trd, 4319412.793, 131
Trd, 4319413.043, 138
Trd, 4319413.443, 140
Trd, 4319413.743, 121
Trd, 4319415.693, 140
Trd, 4319417.093, 137
Trd, 4319417.293, 139
Trd, 4319417.843, 135
Trd, 4319418.943, 131
Trd, 4319419.993, 130
Trd, 4319420.593, 140
Trd, 4319420.843, 125
Trd, 4319421.493, 138
Trd, 4319424.043, 140
Trd, 4319425.193, 140
Trd, 4319425.943, 140
Trd, 4319426.793, 140
Trd, 4319429.443, 140
Trd, 4319429.493, 140
Trd, 4319431.393, 140
Trd, 4319431.993, 140
Trd, 4319432.493, 140
Trd, 4319433.943, 140
Trd, 4319434.393, 140
Trd, 4319435.043, 140
Trd, 4319435.693, 139
Trd, 4319436.443, 140
Trd, 4319436.843, 139
Trd, 4319437.443, 138
Trd, 4319437.943, 98
Trd, 4319438.043, 132
Trd, 4319438.493, 127
Trd, 4319438.643, 138
Trd, 4319439.943, 140
Trd, 4319440.993, 140
Trd, 4319441.793, 140
Trd, 4319443.293, 140
Trd, 4319443.493, 140
Trd, 4319443.643, 139
Trd, 4319444.743, 140
Trd, 4319445.843, 140
Trd, 4319445.943, 135
Trd, 4319446.893, 140
Trd, 4319447.443, 64
Trd, 4319447.893, 140
Trd, 4319448.543, 138
Trd, 4319448.893, 140
Trd, 4319449.043, 138
Trd, 4319449.843, 133
Trd, 4319450.343, 122
Trd, 4319451.543, 60
Trd, 4319452.643, 60
Trd, 4319453.593, 63
Trd, 4319454.193, 64
Trd, 4319454.993, 140
Trd, 4319455.093, 137
Trd, 4319455.693, 134
Trd, 4319456.693, 140
Trd, 4319458.093, 140
Trd, 4319459.343, 140
Trd, 4319459.993, 140
Trd, 4319461.193, 140
Trd, 4319462.043, 140
Trd, 4319462.443, 140
Trd, 4319464.843, 140
Trd, 4319466.093, 140
Trd, 4319466.293, 140
Trd, 4319466.443, 139
Trd, 4319466.593, 138
Trd, 4319467.543, 137
Trd, 4319467.693, 132
Trd, 4319467.843, 138
Trd, 4319468.943, 60
Trd, 4319470.443, 60
Trd, 4319470.943, 62
Trd, 4319471.243, 60
Trd, 4319471.443, 63
Trd, 4319472.143, 64
Trd, 4319473.043, 73
Trd, 4319473.893, 138
Trd, 4319475.393, 140
Trd, 4319476.043, 140
Trd, 4319476.493, 139
Trd, 4319478.193, 140
Trd, 4319480.743, 140
Trd, 4319481.193, 140
Trd, 4319482.093, 140
Trd, 4319482.793, 140
Trd, 4319483.243, 140
Trd, 4319485.443, 140
Trd, 4319485.843, 140
Trd, 4319485.993, 140
Trd, 4319488.693, 140
Trd, 4319488.793, 140
Trd, 4319489.893, 140
Trd, 4319490.943, 140
Trd, 4319492.693, 140
Trd, 4319492.743, 140
Trd, 4319493.443, 140
Trd, 4319493.693, 137
Trd, 4319493.743, 135
Trd, 4319494.893, 140
Trd, 4319495.543, 140
Trd, 4319497.193, 140
Trd, 4319498.043, 140
Trd, 4319500.443, 140
Trd, 4319500.893, 140
Trd, 4319501.643, 140
Trd, 4319502.343, 140
Trd, 4319503.793, 140
Trd, 4319504.093, 140
Trd, 4319506.243, 140
Trd, 4319507.143, 140
Trd, 4319507.843, 140
Trd, 4319509.843, 140
Trd, 4319510.293, 140
Trd, 4319512.093, 140
Trd, 4319514.293, 140
Trd, 4319514.743, 140
Trd, 4319515.343, 140
Trd, 4319515.543, 140
Trd, 4319515.943, 139
Trd, 4319516.843, 140
Trd, 4319518.943, 140
Trd, 4319520.643, 140
Trd, 4319521.143, 140
Trd, 4319522.193, 140
Trd, 4319522.393, 140
Trd, 4319522.593, 138
Trd, 4319523.793, 139
Trd, 4319523.843, 137
Trd, 4319523.993, 140
Trd, 4319526.493, 64
Trd, 4319526.693, 64
Trd, 4319527.343, 61
Trd, 4319527.493, 62
Trd, 4319527.843, 65
Trd, 4319528.243, 61
Trd, 4319529.093, 96
Trd, 4319531.093, 140
Trd, 4319532.143, 140
Trd, 4319532.193, 140
Trd, 4319532.793, 137
Trd, 4319532.993, 138
Trd, 4319533.143, 136
Trd, 4319534.593, 139
Trd, 4319535.193, 65
Trd, 4319536.293, 140
Trd, 4319537.593, 139
Trd, 4319538.943, 140
Trd, 4319540.293, 140
Trd, 4319540.643, 140
Trd, 4319541.093, 140
Trd, 4319542.743, 140
Trd, 4319543.843, 140
Trd, 4319544.243, 140
Trd, 4319545.143, 139
Trd, 4319545.293, 138
Trd, 4319545.393, 140
Trd, 4319545.793, 127
Trd, 4319546.393, 136
Trd, 4319547.443, 140
Trd, 4319547.543, 140
Trd, 4319548.193, 139
Trd, 4319548.243, 101
Trd, 4319549.693, 139
Trd, 4319550.843, 140
Trd, 4319550.943, 140
Trd, 4319552.443, 139
Trd, 4319553.793, 140
Trd, 4319553.843, 135
Trd, 4319555.843, 140
Trd, 4319556.243, 140
Trd, 4319556.993, 140
Trd, 4319557.793, 140
Trd, 4319558.293, 139
Trd, 4319559.743, 140
Trd, 4319561.993, 140
Trd, 4319562.543, 140
Trd, 4319564.943, 140
Trd, 4319564.993, 140
Trd, 4319565.443, 139
Trd, 4319565.893, 140
Trd, 4319566.243, 140
Trd, 4319566.393, 140
Trd, 4319566.593, 139
Trd, 4319566.843, 138
Trd, 4319567.243, 140
Trd, 4319569.743, 140
Trd, 4319569.793, 140
Trd, 4319569.943, 140
Trd, 4319571.893, 140
Trd, 4319572.693, 140
Trd, 4319572.843, 140
Trd, 4319575.643, 140
Trd, 4319578.043, 140
Trd, 4319578.193, 140
Trd, 4319579.493, 140
Trd, 4319579.593, 140
Trd, 4319580.943, 140
Trd, 4319581.693, 140
Trd, 4319582.343, 138
Trd, 4319582.443, 139
Trd, 4319583.943, 136
Trd, 4319584.093, 135
Trd, 4319584.193, 134
Trd, 4319584.293, 129
Trd, 4319585.293, 136
Trd, 4319585.543, 62
Trd, 4319585.993, 61
Trd, 4319586.843, 137
Trd, 4319587.793, 140
Trd, 4319588.593, 139
Trd, 4319591.093, 140
Trd, 4319591.393, 140
Trd, 4319593.643, 140
Trd, 4319593.993, 140
Trd, 4319594.093, 140
Trd, 4319594.443, 140
Trd, 4319594.643, 139
Trd, 4319594.843, 139
Trd, 4319595.743, 137
Trd, 4319596.993, 132
Trd, 4319599.443, 139
Trd, 4319599.493, 138
Trd, 4319599.993, 140
Trd, 4319600.393, 140
Trd, 4319601.843, 140
Trd, 4319602.843, 140
Trd, 4319602.943, 140
Trd, 4319604.593, 140
Trd, 4319604.643, 140
Trd, 4319605.293, 139
Trd, 4319607.093, 140
Trd, 4319608.443, 140
Trd, 4319609.493, 139
Trd, 4319609.693, 140
Trd, 4319610.593, 121
Trd, 4319610.693, 120
Trd, 4319611.093, 118
Trd, 4319611.243, 117
Trd, 4319612.193, 89
Trd, 4319613.693, 140
Trd, 4319616.293, 140
Trd, 4319616.943, 140
Trd, 4319617.493, 140
Trd, 4319617.593, 140
Trd, 4319617.843, 140
Trd, 4319618.293, 140
Trd, 4319619.443, 139
Trd, 4319619.993, 131
Trd, 4319620.243, 85
Trd, 4319621.193, 140
Trd, 4319621.543, 140
Trd, 4319622.193, 140
Trd, 4319624.643, 140
Trd, 4319624.793, 140
Trd, 4319625.743, 140
Trd, 4319626.593, 140
Trd, 4319626.793, 138
Trd, 4319626.993, 134
Trd, 4319629.293, 140
Trd, 4319630.243, 139
Trd, 4319630.543, 136
Trd, 4319630.993, 136
Trd, 4319631.893, 135
Trd, 4319632.743, 139
Trd, 4319633.593, 140
Trd, 4319634.543, 137
Trd, 4319634.843, 136
Trd, 4319635.443, 140
Trd, 4319636.043, 140
Trd, 4319636.443, 140
Trd, 4319639.443, 140
Trd, 4319640.393, 139
Trd, 4319641.393, 140
Trd, 4319642.193, 140
Trd, 4319643.293, 140
Trd, 4319644.293, 140
Trd, 4319645.793, 140
Trd, 4319647.343, 140
Trd, 4319647.793, 139
Trd, 4319649.043, 140
Trd, 4319649.093, 140
Trd, 4319649.643, 140
Trd, 4319649.893, 137
Trd, 4319651.243, 132
Trd, 4319651.943, 130
Trd, 4319652.143, 124
Trd, 4319652.243, 123
Trd, 4319652.443, 132
Trd, 4319652.893, 138
Trd, 4319654.643, 138
Trd, 4319656.093, 138
Trd, 4319657.393, 140
Trd, 4319657.893, 140
Trd, 4319658.693, 139
Trd, 4319661.193, 140
Trd, 4319661.593, 140
Trd, 4319662.043, 140
Trd, 4319663.293, 140
Trd, 4319664.043, 140
Trd, 4319664.843, 140
Trd, 4319665.093, 140
Trd, 4319666.393, 140
Trd, 4319668.143, 140
Trd, 4319668.493, 140
Trd, 4319668.893, 140
Trd, 4319669.093, 140
Trd, 4319669.393, 139
Trd, 4319671.093, 139
Trd, 4319671.343, 138
Trd, 4319671.743, 135
Trd, 4319672.043, 140
Trd, 4319673.093, 140
Trd, 4319673.343, 139
Trd, 4319674.093, 135
Trd, 4319674.943, 140
Trd, 4319675.243, 140
Trd, 4319676.143, 89
Trd, 4319677.493, 140
Trd, 4319677.993, 140
Trd, 4319678.043, 139
Trd, 4319679.043, 140
Trd, 4319679.093, 139
Trd, 4319680.293, 140
Trd, 4319680.693, 140
Trd, 4319680.943, 122
Trd, 4319682.393, 60
Trd, 4319682.443, 60
Trd, 4319683.443, 63
Trd, 4319683.793, 62
Trd, 4319684.843, 61
Trd, 4319685.343, 79
Trd, 4319685.643, 140
Trd, 4319687.543, 140
Trd, 4319688.693, 139
Trd, 4319688.843, 139
Trd, 4319689.793, 139
Trd, 4319692.093, 140
Trd, 4319693.443, 140
Trd, 4319693.743, 140
Trd, 4319693.993, 140
Trd, 4319694.143, 140
Trd, 4319694.343, 140
Trd, 4319694.793, 140
Trd, 4319695.793, 138
Trd, 4319696.093, 133
Trd, 4319697.693, 140
Trd, 4319699.093, 140
Trd, 4319700.093, 140
Trd, 4319701.593, 140
Trd, 4319701.843, 140
Trd, 4319702.243, 139
Trd, 4319702.343, 139
Trd, 4319702.743, 140
Trd, 4319702.993, 134
Trd, 4319704.043, 140
Trd, 4319704.493, 140
Trd, 4319705.643, 140
Trd, 4319705.693, 140
Trd, 4319706.443, 140
Trd, 4319706.793, 140
Trd, 4319708.843, 140
Trd, 4319709.493, 140
Trd, 4319710.293, 140
Trd, 4319711.893, 140
Trd, 4319712.143, 140
Trd, 4319713.293, 140
Trd, 4319713.543, 140
Trd, 4319714.143, 138
Trd, 4319714.393, 138
Trd, 4319714.793, 137
Trd, 4319715.993, 60
Trd, 4319716.993, 60
Trd, 4319719.393, 62
Trd, 4319719.693, 62
Trd, 4319719.943, 63
Trd, 4319719.993, 66
Trd, 4319720.193, 94
Trd, 4319720.693, 94
Trd, 4319720.993, 140
Trd, 4319721.943, 138
Trd, 4319724.043, 140
Trd, 4319724.343, 140
Trd, 4319725.643, 139
Trd, 4319726.493, 140
Trd, 4319728.193, 140
Trd, 4319730.943, 140
Trd, 4319732.243, 140
Trd, 4319733.243, 140
Trd, 4319733.393, 140
Trd, 4319733.443, 138
Trd, 4319734.143, 140
Trd, 4319738.543, 140
Trd, 4319738.693, 140
Trd, 4319739.593, 140
Trd, 4319739.843, 139
Trd, 4319740.493, 140
Trd, 4319741.093, 140
Trd, 4319741.293, 140
Trd, 4319742.243, 140
Trd, 4319743.493, 140
Trd, 4319743.693, 140
Trd, 4319745.293, 140
Trd, 4319745.493, 140
Trd, 4319748.843, 140
Trd, 4319749.693, 140
Trd, 4319750.443, 140
Trd, 4319751.643, 140
Trd, 4319752.093, 140
Trd, 4319752.393, 140
Trd, 4319752.543, 140
Trd, 4319753.193, 140
Trd, 4319754.043, 136
Trd, 4319754.243, 134
Trd, 4319754.443, 132
Trd, 4319755.443, 140
Trd, 4319758.643, 140
Trd, 4319759.443, 140
Trd, 4319759.643, 140
Trd, 4319761.443, 140
Trd, 4319761.993, 140
Trd, 4319763.743, 140
Trd, 4319764.843, 140
Trd, 4319766.793, 140
Trd, 4319767.043, 139
Trd, 4319769.443, 140
Trd, 4319769.793, 140
Trd, 4319770.143, 140
Trd, 4319770.693, 140
Trd, 4319772.043, 140
Trd, 4319773.643, 140
Trd, 4319773.843, 139
Trd, 4319775.293, 140
Trd, 4319776.343, 139
Trd, 4319776.393, 135
Trd, 4319777.693, 138
Trd, 4319778.393, 140
Trd, 4319778.993, 140
Trd, 4319779.093, 140
Trd, 4319779.693, 140
Trd, 4319780.943, 140
Trd, 4319781.043, 139
Trd, 4319781.643, 115
Trd, 4319782.493, 63
Trd, 4319783.493, 140
Trd, 4319783.693, 140
Trd, 4319784.143, 140
Trd, 4319785.443, 140
Trd, 4319785.593, 139
Trd, 4319787.243, 140
Trd, 4319788.493, 139
Trd, 4319789.143, 140
Trd, 4319790.893, 140
Trd, 4319791.593, 140
Trd, 4319792.243, 140
Trd, 4319793.893, 140
Trd, 4319794.493, 140
Trd, 4319795.343, 139
Trd, 4319795.493, 139
Trd, 4319795.643, 138
Trd, 4319796.643, 140
Trd, 4319797.093, 139
Trd, 4319798.143, 139
Trd, 4319798.793, 140
Trd, 4319799.143, 140
Trd, 4319801.043, 140
Trd, 4319801.643, 139
Trd, 4319801.993, 139
Trd, 4319802.293, 140
Trd, 4319803.743, 140
Trd, 4319803.943, 140
Trd, 4319804.493, 137
Trd, 4319804.893, 71
Trd, 4319805.243, 115
Trd, 4319805.593, 140
Trd, 4319806.943, 138
Trd, 4319809.643, 140
Trd, 4319809.843, 140
Trd, 4319810.343, 139
Trd, 4319811.543, 140
Trd, 4319812.343, 140
Trd, 4319812.793, 138
Trd, 4319812.943, 136
Trd, 4319813.193, 137
Trd, 4319814.893, 140
Trd, 4319815.093, 140
Trd, 4319815.443, 140
Trd, 4319817.743, 140
Trd, 4319818.043, 139
Trd, 4319818.793, 140
Trd, 4319819.543, 139
Trd, 4319819.993, 139
Trd, 4319820.543, 140
Trd, 4319821.643, 140
Trd, 4319822.093, 137
Trd, 4319822.843, 132
Trd, 4319823.093, 140
Trd, 4319824.993, 139
Trd, 4319825.043, 84
Trd, 4319827.093, 140
Trd, 4319827.243, 140
Trd, 4319827.393, 139
Trd, 4319828.993, 140
Trd, 4319829.893, 135
Trd, 4319829.993, 73
Trd, 4319830.543, 140
Trd, 4319830.643, 140
Trd, 4319831.843, 140
Trd, 4319831.893, 140
Trd, 4319832.443, 140
Trd, 4319833.593, 66
Trd, 4319834.243, 60
Trd, 4319834.743, 60
Trd, 4319836.893, 60
Trd, 4319837.393, 60
Trd, 4319837.893, 61
Trd, 4319838.393, 60
Trd, 4319838.843, 60
Trd, 4319839.193, 61
Trd, 4319839.543, 60
Trd, 4319840.193, 61
Trd, 4319840.243, 62
Trd, 4319841.243, 68
Trd, 4319841.793, 70
Trd, 4319843.293, 140
Trd, 4319843.393, 139
Trd, 4319844.843, 140
Trd, 4319845.793, 140
Trd, 4319847.543, 140
Trd, 4319847.693, 140
Trd, 4319847.943, 140
Trd, 4319848.343, 140
Trd, 4319848.843, 140
Trd, 4319849.393, 140
Trd, 4319849.793, 139
Trd, 4319850.093, 138
Trd, 4319853.343, 140
Trd, 4319854.243, 140
Trd, 4319854.443, 140
Trd, 4319855.493, 140
Trd, 4319856.243, 140
Trd, 4319856.743, 139
Trd, 4319857.493, 140
Trd, 4319859.643, 138
Trd, 4319859.993, 140
Trd, 4319860.043, 139
Trd, 4319861.293, 139
Trd, 4319862.243, 140
Trd, 4319862.593, 140
Trd, 4319863.243, 139
Trd, 4319863.393, 139
Trd, 4319864.593, 138
Trd, 4319865.243, 140
Trd, 4319866.393, 140
Trd, 4319866.743, 140
Trd, 4319866.893, 139
Trd, 4319867.993, 140
Trd, 4319868.093, 140
Trd, 4319868.943, 139
Trd, 4319869.393, 136
Trd, 4319870.743, 133
Trd, 4319871.043, 125
Trd, 4319871.143, 134
Trd, 4319871.293, 81
Trd, 4319872.193, 140
Trd, 4319874.343, 140
Trd, 4319875.643, 140
Trd, 4319875.693, 138
Trd, 4319876.493, 137
Trd, 4319879.443, 140
Trd, 4319880.193, 140
Trd, 4319880.893, 140
Trd, 4319883.143, 140
Trd, 4319883.193, 140
Trd, 4319883.693, 140
Trd, 4319884.343, 140
Trd, 4319884.643, 140
Trd, 4319884.993, 138
Trd, 4319885.893, 139
Trd, 4319886.093, 138
Trd, 4319886.543, 133
Trd, 4319888.443, 139
Trd, 4319889.243, 140
Trd, 4319890.393, 140
Trd, 4319891.343, 140
Trd, 4319892.193, 140
Trd, 4319892.493, 140
Trd, 4319893.193, 140
Trd, 4319893.993, 140
Trd, 4319894.143, 140
Trd, 4319894.393, 138
Trd, 4319895.243, 140
Trd, 4319897.043, 140
Trd, 4319899.643, 140
Trd, 4319899.993, 140
Trd, 4319901.243, 140
Trd, 4319901.743, 140
Trd, 4319901.943, 140
Trd, 4319902.993, 140
Trd, 4319904.093, 140
Trd, 4319905.293, 140
Trd, 4319905.793, 140
Trd, 4319906.843, 136
Trd, 4319907.393, 135
Trd, 4319909.493, 140
Trd, 4319909.593, 140
Trd, 4319909.843, 139
Trd, 4319910.793, 139
Trd, 4319911.643, 139
Trd, 4319911.793, 135
Trd, 4319912.693, 139
Trd, 4319913.793, 140
Trd, 4319913.843, 140
Trd, 4319914.443, 140
Trd, 4319915.943, 140
Trd, 4319917.693, 140
Trd, 4319918.293, 140
Trd, 4319918.843, 139
Trd, 4319919.193, 132
Trd, 4319920.893, 139
Trd, 4319921.243, 138
Trd, 4319921.343, 133
Trd, 4319922.143, 138
Trd, 4319922.843, 130
Trd, 4319925.093, 140
Trd, 4319925.543, 140
Trd, 4319927.143, 140
Trd, 4319927.493, 140
Trd, 4319928.643, 140
Trd, 4319929.193, 140
Trd, 4319929.243, 139
Trd, 4319930.643, 139
Trd, 4319931.493, 139
Trd, 4319933.193, 140
Trd, 4319933.693, 136
Trd, 4319934.043, 140
Trd, 4319936.043, 140
Trd, 4319936.693, 140
Trd, 4319938.093, 140
Trd, 4319939.243, 140
Trd, 4319940.343, 140
Trd, 4319942.043, 140
Trd, 4319942.293, 140
Trd, 4319943.193, 139
Trd, 4319943.493, 140
Trd, 4319944.193, 140
Trd, 4319944.693, 140
Trd, 4319945.293, 140
Trd, 4319945.493, 140
Trd, 4319945.843, 134
Trd, 4319947.293, 140
Trd, 4319947.793, 140
Trd, 4319949.593, 140
Trd, 4319950.043, 139
Trd, 4319950.493, 138
Trd, 4319951.643, 140
Trd, 4319951.793, 140
Trd, 4319952.043, 140
Trd, 4319952.743, 138
Trd, 4319952.893, 117
Trd, 4319954.043, 140
Trd, 4319955.193, 140
Trd, 4319956.643, 140
Trd, 4319957.343, 140
Trd, 4319957.893, 140
Trd, 4319959.593, 140
Trd, 4319960.893, 138
Trd, 4319963.343, 140
Trd, 4319963.493, 140
Trd, 4319963.643, 140
Trd, 4319964.193, 140
Trd, 4319964.493, 137
Trd, 4319965.593, 140
Trd, 4319966.093, 138
Trd, 4319966.943, 139
Trd, 4319966.993, 139
Trd, 4319967.443, 137
Trd, 4319968.793, 139
Trd, 4319969.793, 140
Trd, 4319970.093, 140
Trd, 4319970.393, 138
Trd, 4319970.993, 139
Trd, 4319972.693, 140
Trd, 4319973.743, 140
Trd, 4319974.293, 140
Trd, 4319974.743, 140
Trd, 4319974.943, 140
Trd, 4319975.193, 139
Trd, 4319978.043, 140
Trd, 4319978.443, 140
Trd, 4319979.043, 140
Trd, 4319980.693, 140
Trd, 4319981.343, 140
Trd, 4319982.193, 140
Trd, 4319983.643, 140
Trd, 4319983.693, 140
Trd, 4319984.193, 140
Trd, 4319984.393, 139
Trd, 4319984.743, 140
Trd, 4319985.543, 139
Trd, 4319986.243, 140
Trd, 4319989.693, 140
Trd, 4319990.343, 140
Trd, 4319990.443, 140
Trd, 4319990.943, 140
Trd, 4319992.243, 140
Trd, 4319992.443, 140
Trd, 4319992.693, 137
Trd, 4319993.243, 135
Trd, 4319993.343, 138
Trd, 4319993.493, 137
Trd, 4319994.593, 72
Trd, 4319996.793, 140
Trd, 4319997.893, 140
Trd, 4319998.093, 140
Trd, 4319999.693, 140
