Trd, 4318101.443, 106
Trd, 4318102.193, 111
Trd, 4318102.493, 110
Trd, 4318102.993, 63
Trd, 4318103.443, 120
Trd, 4318104.643, 140
Trd, 4318104.693, 140
Trd, 4318104.843, 129
Trd, 4318106.193, 98
Trd, 4318106.493, 99
Trd, 4318107.393, 129
Trd, 4318107.493, 117
Trd, 4318109.793, 140
Trd, 4318110.043, 140
Trd, 4318110.743, 140
Trd, 4318111.093, 139
Trd, 4318111.943, 65
Trd, 4318112.343, 108
Trd, 4318112.893, 72
Trd, 4318115.343, 109
Trd, 4318115.493, 62
Trd, 4318118.043, 140
Trd, 4318118.093, 140
Trd, 4318118.243, 140
Trd, 4318118.343, 140
Trd, 4318119.343, 140
Trd, 4318119.993, 140
Trd, 4318120.143, 140
Trd, 4318120.593, 140
Trd, 4318121.393, 114
Trd, 4318122.193, 140
Trd, 4318122.343, 140
Trd, 4318122.543, 139
Trd, 4318123.843, 116
Trd, 4318126.943, 140
Trd, 4318127.093, 140
Trd, 4318127.843, 108
Trd, 4318127.893, 109
Trd, 4318127.993, 107
Trd, 4318128.693, 126
Trd, 4318129.393, 126
Trd, 4318129.943, 126
Trd, 4318130.243, 125
Trd, 4318130.893, 125
Trd, 4318132.093, 140
Trd, 4318133.393, 78
Trd, 4318134.793, 139
Trd, 4318134.943, 134
Trd, 4318135.443, 140
Trd, 4318135.793, 135
Trd, 4318136.993, 136
Trd, 4318137.343, 136
Trd, 4318138.393, 140
Trd, 4318138.543, 140
Trd, 4318139.593, 140
Trd, 4318139.743, 140
Trd, 4318141.243, 140
Trd, 4318141.293, 139
Trd, 4318141.793, 135
Trd, 4318142.193, 140
Trd, 4318142.793, 133
Trd, 4318143.593, 128
Trd, 4318144.293, 65
Trd, 4318145.393, 73
Trd, 4318145.993, 82
Trd, 4318147.543, 134
Trd, 4318147.993, 89
Trd, 4318149.443, 91
Trd, 4318151.343, 132
Trd, 4318151.793, 125
Trd, 4318152.043, 123
Trd, 4318152.143, 133
Trd, 4318153.143, 139
Trd, 4318153.893, 99
Trd, 4318154.843, 109
Trd, 4318155.493, 110
Trd, 4318156.093, 138
Trd, 4318156.193, 110
Trd, 4318158.543, 60
Trd, 4318159.843, 98
Trd, 4318159.943, 99
Trd, 4318161.043, 140
Trd, 4318161.893, 140
Trd, 4318162.443, 140
Trd, 4318162.693, 140
Trd, 4318164.443, 140
Trd, 4318164.543, 140
Trd, 4318165.193, 140
Trd, 4318165.843, 139
Trd, 4318166.393, 138
Trd, 4318166.993, 137
Trd, 4318167.043, 100
Trd, 4318167.843, 92
Trd, 4318168.493, 93
Trd, 4318169.343, 71
Trd, 4318171.393, 74
Trd, 4318172.493, 69
Trd, 4318172.943, 88
Trd, 4318174.843, 94
Trd, 4318175.393, 103
Trd, 4318176.543, 111
Trd, 4318177.993, 129
Trd, 4318178.143, 130
Trd, 4318178.443, 131
Trd, 4318179.293, 140
Trd, 4318180.043, 138
Trd, 4318181.393, 139
Trd, 4318181.493, 138
Trd, 4318181.993, 136
Trd, 4318183.743, 140
Trd, 4318184.543, 140
Trd, 4318185.043, 140
Trd, 4318185.493, 140
Trd, 4318186.993, 140
Trd, 4318187.893, 95
Trd, 4318188.743, 138
Trd, 4318188.893, 137
Trd, 4318188.943, 135
Trd, 4318189.093, 99
Trd, 4318189.793, 110
Trd, 4318190.393, 81
Trd, 4318191.693, 86
Trd, 4318192.393, 117
Trd, 4318192.493, 119
Trd, 4318194.193, 92
Trd, 4318195.193, 140
Trd, 4318196.143, 140
Trd, 4318196.443, 140
Trd, 4318199.293, 140
Trd, 4318199.593, 140
Trd, 4318199.643, 139
Trd, 4318200.243, 140
Trd, 4318201.643, 140
Trd, 4318201.693, 122
Trd, 4318202.543, 120
Trd, 4318204.893, 138
Trd, 4318205.093, 138
Trd, 4318205.193, 137
Trd, 4318205.793, 140
Trd, 4318207.543, 140
Trd, 4318208.143, 140
Trd, 4318208.443, 140
Trd, 4318209.293, 140
Trd, 4318209.843, 140
Trd, 4318210.543, 140
Trd, 4318211.393, 139
Trd, 4318211.443, 137
Trd, 4318211.843, 140
Trd, 4318212.193, 140
Trd, 4318214.493, 140
Trd, 4318214.593, 140
Trd, 4318215.643, 140
Trd, 4318215.793, 139
Trd, 4318216.843, 140
Trd, 4318216.943, 140
Trd, 4318217.093, 134
Trd, 4318217.743, 126
Trd, 4318218.543, 136
Trd, 4318220.243, 117
Trd, 4318221.093, 119
Trd, 4318221.843, 138
Trd, 4318222.343, 140
Trd, 4318222.793, 128
Trd, 4318223.043, 129
Trd, 4318223.093, 128
Trd, 4318223.893, 127
Trd, 4318224.693, 140
Trd, 4318224.893, 139
Trd, 4318226.093, 140
Trd, 4318226.843, 140
Trd, 4318226.993, 139
Trd, 4318227.793, 132
Trd, 4318228.393, 105
Trd, 4318229.393, 140
Trd, 4318229.493, 139
Trd, 4318232.243, 140
Trd, 4318233.093, 140
Trd, 4318233.543, 140
Trd, 4318233.743, 127
Trd, 4318235.643, 137
Trd, 4318235.693, 121
Trd, 4318237.143, 120
Trd, 4318237.443, 123
Trd, 4318237.893, 122
Trd, 4318238.543, 140
Trd, 4318239.743, 138
Trd, 4318240.593, 139
Trd, 4318241.043, 140
Trd, 4318241.343, 140
Trd, 4318241.393, 139
Trd, 4318242.643, 130
Trd, 4318243.643, 140
Trd, 4318243.693, 140
Trd, 4318244.093, 131
Trd, 4318244.743, 111
Trd, 4318245.793, 140
Trd, 4318246.393, 140
Trd, 4318247.543, 140
Trd, 4318247.943, 140
Trd, 4318248.043, 140
Trd, 4318248.643, 140
Trd, 4318248.793, 130
Trd, 4318249.393, 122
Trd, 4318250.543, 78
Trd, 4318250.993, 108
Trd, 4318251.593, 117
Trd, 4318253.893, 61
Trd, 4318254.143, 62
Trd, 4318254.993, 102
Trd, 4318256.893, 93
Trd, 4318257.593, 95
Trd, 4318258.543, 108
Trd, 4318259.043, 140
Trd, 4318259.093, 107
Trd, 4318260.193, 65
Trd, 4318260.443, 72
Trd, 4318261.393, 74
Trd, 4318263.793, 103
Trd, 4318264.393, 134
Trd, 4318265.193, 108
Trd, 4318265.393, 106
Trd, 4318265.793, 114
Trd, 4318267.193, 107
Trd, 4318268.393, 139
Trd, 4318269.943, 140
Trd, 4318270.443, 140
Trd, 4318270.493, 140
Trd, 4318270.993, 140
Trd, 4318271.993, 140
Trd, 4318272.943, 117
Trd, 4318273.843, 135
Trd, 4318274.043, 107
Trd, 4318275.593, 130
Trd, 4318275.993, 128
Trd, 4318277.693, 95
Trd, 4318278.043, 93
Trd, 4318278.093, 84
Trd, 4318278.643, 98
Trd, 4318278.693, 69
Trd, 4318279.593, 137
Trd, 4318280.143, 77
Trd, 4318282.193, 86
Trd, 4318282.743, 86
Trd, 4318283.193, 87
Trd, 4318283.843, 91
Trd, 4318283.993, 97
Trd, 4318284.493, 140
Trd, 4318285.243, 140
Trd, 4318286.143, 139
Trd, 4318287.743, 140
Trd, 4318288.493, 140
Trd, 4318288.993, 139
Trd, 4318289.943, 138
Trd, 4318289.993, 138
Trd, 4318290.643, 140
Trd, 4318291.493, 140
Trd, 4318292.093, 140
Trd, 4318292.143, 140
Trd, 4318294.093, 114
Trd, 4318294.343, 99
Trd, 4318294.643, 98
Trd, 4318296.593, 116
Trd, 4318298.193, 134
Trd, 4318298.793, 140
Trd, 4318299.043, 135
Trd, 4318299.993, 138
Trd, 4318300.843, 140
Trd, 4318301.393, 139
Trd, 4318301.593, 138
Trd, 4318302.493, 114
Trd, 4318303.743, 72
Trd, 4318304.493, 114
Trd, 4318304.543, 126
Trd, 4318305.043, 133
Trd, 4318305.343, 132
Trd, 4318306.043, 75
Trd, 4318306.093, 77
Trd, 4318307.143, 140
Trd, 4318308.393, 138
Trd, 4318308.543, 125
Trd, 4318309.993, 117
Trd, 4318310.043, 116
Trd, 4318311.043, 110
Trd, 4318311.743, 60
Trd, 4318312.443, 60
Trd, 4318312.493, 65
Trd, 4318312.793, 73
Trd, 4318314.993, 63
Trd, 4318316.143, 122
Trd, 4318317.243, 70
Trd, 4318318.293, 118
Trd, 4318318.943, 140
Trd, 4318318.993, 120
Trd, 4318320.443, 125
Trd, 4318321.143, 138
Trd, 4318321.893, 131
Trd, 4318322.243, 138
Trd, 4318324.293, 133
Trd, 4318324.343, 132
Trd, 4318324.593, 131
Trd, 4318325.293, 131
Trd, 4318327.593, 140
Trd, 4318327.743, 140
Trd, 4318328.293, 139
Trd, 4318330.093, 95
Trd, 4318330.643, 81
Trd, 4318331.293, 94
Trd, 4318331.743, 84
Trd, 4318332.043, 116
Trd, 4318332.743, 87
Trd, 4318333.843, 104
Trd, 4318334.443, 84
Trd, 4318334.493, 83
Trd, 4318336.793, 64
Trd, 4318336.943, 65
Trd, 4318337.743, 60
Trd, 4318337.893, 113
Trd, 4318338.043, 75
Trd, 4318339.543, 68
Trd, 4318339.793, 106
Trd, 4318340.993, 140
Trd, 4318342.393, 140
Trd, 4318342.443, 140
Trd, 4318342.743, 140
Trd, 4318343.143, 140
Trd, 4318343.743, 139
Trd, 4318343.793, 138
Trd, 4318344.293, 134
Trd, 4318346.343, 140
Trd, 4318346.543, 104
Trd, 4318349.793, 140
Trd, 4318349.843, 140
Trd, 4318350.293, 140
Trd, 4318350.393, 140
Trd, 4318351.393, 140
Trd, 4318352.893, 140
Trd, 4318353.593, 140
Trd, 4318353.993, 140
Trd, 4318354.543, 140
Trd, 4318355.493, 140
Trd, 4318356.093, 140
Trd, 4318358.243, 140
Trd, 4318358.843, 140
Trd, 4318358.943, 140
Trd, 4318359.293, 140
Trd, 4318360.043, 140
Trd, 4318360.193, 138
Trd, 4318361.043, 140
Trd, 4318361.693, 140
Trd, 4318361.893, 140
Trd, 4318362.043, 137
Trd, 4318362.193, 108
Trd, 4318363.093, 140
Trd, 4318363.293, 134
Trd, 4318364.193, 133
Trd, 4318364.893, 69
Trd, 4318366.443, 138
Trd, 4318367.343, 140
Trd, 4318368.243, 140
Trd, 4318369.843, 140
Trd, 4318370.793, 140
Trd, 4318370.993, 140
Trd, 4318371.093, 140
Trd, 4318371.393, 140
Trd, 4318372.793, 92
Trd, 4318374.493, 140
Trd, 4318374.593, 140
Trd, 4318375.043, 140
Trd, 4318375.393, 140
Trd, 4318375.993, 140
Trd, 4318377.493, 138
Trd, 4318377.643, 136
Trd, 4318379.443, 137
Trd, 4318379.793, 138
Trd, 4318381.243, 140
Trd, 4318381.543, 82
Trd, 4318381.943, 132
Trd, 4318382.143, 65
Trd, 4318383.843, 103
Trd, 4318384.943, 124
Trd, 4318386.243, 63
Trd, 4318386.843, 140
Trd, 4318387.793, 140
Trd, 4318388.093, 140
Trd, 4318389.443, 140
Trd, 4318389.593, 136
Trd, 4318390.093, 111
Trd, 4318390.143, 104
Trd, 4318390.943, 128
Trd, 4318391.343, 118
Trd, 4318392.243, 114
Trd, 4318392.643, 115
Trd, 4318393.843, 138
Trd, 4318394.293, 140
Trd, 4318395.143, 82
Trd, 4318397.343, 139
Trd, 4318397.843, 132
Trd, 4318398.493, 134
Trd, 4318399.393, 129
Trd, 4318399.643, 98
Trd, 4318400.693, 87
Trd, 4318402.743, 80
Trd, 4318404.143, 93
Trd, 4318404.243, 131
Trd, 4318405.143, 99
Trd, 4318406.593, 131
Trd, 4318407.343, 124
Trd, 4318407.393, 123
Trd, 4318407.493, 111
Trd, 4318407.943, 112
Trd, 4318408.043, 111
Trd, 4318409.643, 140
Trd, 4318409.743, 140
Trd, 4318409.943, 139
Trd, 4318410.893, 122
Trd, 4318411.993, 85
Trd, 4318412.593, 135
Trd, 4318413.693, 127
Trd, 4318414.993, 121
Trd, 4318415.193, 93
Trd, 4318416.343, 140
Trd, 4318416.643, 140
Trd, 4318416.793, 138
Trd, 4318417.143, 116
Trd, 4318417.993, 100
Trd, 4318419.943, 115
Trd, 4318419.993, 104
Trd, 4318420.443, 109
Trd, 4318421.893, 112
Trd, 4318422.143, 111
Trd, 4318422.643, 112
Trd, 4318422.693, 111
Trd, 4318423.693, 93
Trd, 4318423.743, 92
Trd, 4318424.093, 110
Trd, 4318424.793, 79
Trd, 4318425.043, 79
Trd, 4318425.093, 78
Trd, 4318426.693, 140
Trd, 4318427.543, 140
Trd, 4318427.643, 101
Trd, 4318428.893, 85
Trd, 4318430.343, 60
Trd, 4318430.443, 61
Trd, 4318431.643, 65
Trd, 4318432.143, 68
Trd, 4318433.243, 68
Trd, 4318434.243, 64
Trd, 4318434.493, 108
Trd, 4318435.043, 65
Trd, 4318436.343, 63
Trd, 4318436.543, 80
Trd, 4318436.593, 124
Trd, 4318439.493, 140
Trd, 4318439.943, 140
Trd, 4318440.043, 140
Trd, 4318440.343, 140
Trd, 4318441.093, 140
Trd, 4318441.443, 140
Trd, 4318443.393, 140
Trd, 4318443.693, 140
Trd, 4318444.093, 140
Trd, 4318444.343, 140
Trd, 4318444.543, 140
Trd, 4318444.893, 138
Trd, 4318446.693, 137
Trd, 4318447.543, 139
Trd, 4318448.393, 107
Trd, 4318448.993, 76
Trd, 4318450.593, 72
Trd, 4318451.043, 86
Trd, 4318452.243, 77
Trd, 4318452.443, 75
Trd, 4318453.193, 104
Trd, 4318453.893, 95
Trd, 4318453.993, 96
Trd, 4318454.543, 71
Trd, 4318455.693, 117
Trd, 4318456.543, 60
Trd, 4318457.643, 108
Trd, 4318458.493, 77
Trd, 4318459.793, 90
Trd, 4318460.243, 113
Trd, 4318460.643, 82
Trd, 4318461.293, 120
Trd, 4318462.393, 140
Trd, 4318463.693, 140
Trd, 4318464.193, 140
Trd, 4318464.293, 140
Trd, 4318464.843, 140
Trd, 4318465.193, 140
Trd, 4318465.393, 139
Trd, 4318466.293, 140
Trd, 4318467.093, 140
Trd, 4318467.243, 140
Trd, 4318467.693, 125
Trd, 4318468.243, 123
Trd, 4318468.593, 119
Trd, 4318469.443, 140
Trd, 4318470.693, 140
Trd, 4318471.643, 120
Trd, 4318471.793, 84
Trd, 4318473.693, 62
Trd, 4318474.193, 66
Trd, 4318475.293, 140
Trd, 4318476.893, 140
Trd, 4318477.043, 140
Trd, 4318478.143, 140
Trd, 4318479.193, 140
Trd, 4318479.543, 140
Trd, 4318480.493, 140
Trd, 4318481.743, 140
Trd, 4318481.843, 140
Trd, 4318482.793, 140
Trd, 4318483.543, 140
Trd, 4318483.843, 137
Trd, 4318483.943, 132
Trd, 4318485.093, 140
Trd, 4318485.843, 140
Trd, 4318486.093, 140
Trd, 4318486.843, 140
Trd, 4318487.093, 132
Trd, 4318488.343, 130
Trd, 4318488.743, 135
Trd, 4318489.143, 130
Trd, 4318489.243, 129
Trd, 4318490.143, 121
Trd, 4318491.843, 90
Trd, 4318492.643, 116
Trd, 4318494.543, 140
Trd, 4318494.893, 140
Trd, 4318495.793, 140
Trd, 4318496.593, 140
Trd, 4318497.193, 140
Trd, 4318498.043, 140
Trd, 4318498.093, 140
Trd, 4318498.943, 140
Trd, 4318499.543, 140
Trd, 4318499.893, 140
Trd, 4318501.493, 128
Trd, 4318501.643, 102
Trd, 4318501.943, 113
Trd, 4318503.393, 111
Trd, 4318503.693, 110
Trd, 4318506.043, 140
Trd, 4318506.243, 139
Trd, 4318506.543, 139
Trd, 4318508.243, 140
Trd, 4318508.743, 140
Trd, 4318509.643, 140
Trd, 4318509.793, 140
Trd, 4318510.993, 131
Trd, 4318511.293, 89
Trd, 4318511.493, 101
Trd, 4318512.243, 105
Trd, 4318512.693, 129
Trd, 4318514.393, 61
Trd, 4318515.093, 91
Trd, 4318515.543, 140
Trd, 4318515.993, 140
Trd, 4318516.043, 139
Trd, 4318516.793, 131
Trd, 4318517.993, 133
Trd, 4318518.143, 132
Trd, 4318518.643, 80
Trd, 4318519.693, 79
Trd, 4318520.343, 110
Trd, 4318521.293, 114
Trd, 4318522.343, 126
Trd, 4318522.443, 113
Trd, 4318523.193, 124
Trd, 4318523.493, 123
Trd, 4318524.243, 122
Trd, 4318524.793, 140
Trd, 4318524.943, 140
Trd, 4318526.743, 139
Trd, 4318526.793, 138
Trd, 4318528.743, 109
Trd, 4318528.843, 76
Trd, 4318529.693, 94
Trd, 4318530.343, 75
Trd, 4318530.543, 78
Trd, 4318531.943, 81
Trd, 4318532.043, 90
Trd, 4318533.143, 82
Trd, 4318533.293, 92
Trd, 4318534.293, 111
Trd, 4318534.743, 132
Trd, 4318535.293, 114
Trd, 4318536.693, 121
Trd, 4318536.743, 116
Trd, 4318537.693, 113
Trd, 4318537.843, 71
Trd, 4318538.443, 127
Trd, 4318539.193, 61
Trd, 4318541.193, 136
Trd, 4318541.893, 136
Trd, 4318542.143, 139
Trd, 4318542.443, 139
Trd, 4318542.693, 140
Trd, 4318542.793, 140
Trd, 4318544.093, 61
Trd, 4318545.593, 61
Trd, 4318546.043, 61
Trd, 4318546.143, 88
Trd, 4318546.693, 119
Trd, 4318549.143, 81
Trd, 4318550.543, 88
Trd, 4318550.643, 81
Trd, 4318551.443, 95
Trd, 4318552.843, 112
Trd, 4318553.743, 132
Trd, 4318555.043, 138
Trd, 4318555.193, 138
Trd, 4318556.943, 140
Trd, 4318557.143, 140
Trd, 4318557.193, 140
Trd, 4318557.643, 140
Trd, 4318557.993, 139
Trd, 4318559.443, 139
Trd, 4318560.143, 116
Trd, 4318560.643, 115
Trd, 4318561.093, 86
Trd, 4318562.043, 140
Trd, 4318562.543, 126
Trd, 4318564.643, 140
Trd, 4318564.893, 140
Trd, 4318565.043, 123
Trd, 4318565.493, 127
Trd, 4318566.943, 76
Trd, 4318567.043, 96
Trd, 4318568.043, 66
Trd, 4318568.143, 71
Trd, 4318572.343, 114
Trd, 4318572.593, 119
Trd, 4318573.243, 139
Trd, 4318573.543, 138
Trd, 4318573.743, 113
Trd, 4318574.843, 79
Trd, 4318574.893, 80
Trd, 4318575.693, 88
Trd, 4318576.543, 140
Trd, 4318577.493, 140
Trd, 4318578.293, 140
Trd, 4318578.443, 140
Trd, 4318581.093, 129
Trd, 4318582.693, 140
Trd, 4318582.993, 140
Trd, 4318584.043, 140
Trd, 4318584.343, 140
Trd, 4318584.843, 139
Trd, 4318585.143, 137
Trd, 4318586.143, 127
Trd, 4318586.493, 132
Trd, 4318587.743, 101
Trd, 4318589.493, 117
Trd, 4318590.593, 140
Trd, 4318591.493, 140
Trd, 4318591.693, 140
Trd, 4318591.993, 140
Trd, 4318592.093, 140
Trd, 4318592.143, 139
Trd, 4318592.993, 138
Trd, 4318593.593, 140
Trd, 4318594.893, 139
Trd, 4318594.993, 129
Trd, 4318595.193, 136
Trd, 4318597.693, 72
Trd, 4318598.093, 89
Trd, 4318598.893, 92
Trd, 4318599.443, 92
Trd, 4318599.693, 79
Trd, 4318599.943, 63
Trd, 4318601.793, 140
Trd, 4318602.343, 140
Trd, 4318602.943, 140
Trd, 4318603.893, 140
Trd, 4318604.793, 140
Trd, 4318607.493, 140
Trd, 4318608.993, 140
Trd, 4318609.643, 140
Trd, 4318609.993, 140
Trd, 4318610.193, 140
Trd, 4318611.293, 140
Trd, 4318611.443, 140
Trd, 4318611.793, 140
Trd, 4318613.193, 128
Trd, 4318613.793, 129
Trd, 4318614.043, 128
Trd, 4318614.993, 124
Trd, 4318615.493, 126
Trd, 4318615.993, 119
Trd, 4318616.893, 140
Trd, 4318617.293, 140
Trd, 4318617.493, 86
Trd, 4318619.493, 73
Trd, 4318620.343, 65
Trd, 4318620.743, 78
Trd, 4318621.843, 96
Trd, 4318621.993, 95
Trd, 4318622.993, 140
Trd, 4318623.643, 140
Trd, 4318623.793, 139
Trd, 4318623.893, 138
Trd, 4318624.443, 92
Trd, 4318625.593, 64
Trd, 4318625.843, 139
Trd, 4318627.943, 94
Trd, 4318629.143, 118
Trd, 4318629.943, 98
Trd, 4318630.143, 97
Trd, 4318630.243, 134
Trd, 4318630.493, 140
Trd, 4318632.643, 140
Trd, 4318633.193, 140
Trd, 4318635.043, 140
Trd, 4318635.243, 140
Trd, 4318635.843, 140
Trd, 4318636.893, 140
Trd, 4318637.043, 140
Trd, 4318637.943, 140
Trd, 4318639.343, 139
Trd, 4318639.843, 139
Trd, 4318640.593, 139
Trd, 4318640.943, 138
Trd, 4318641.943, 125
Trd, 4318643.343, 138
Trd, 4318643.443, 137
Trd, 4318643.943, 136
Trd, 4318644.193, 139
Trd, 4318644.493, 140
Trd, 4318644.943, 138
Trd, 4318646.643, 139
Trd, 4318646.993, 123
Trd, 4318648.993, 127
Trd, 4318649.143, 127
Trd, 4318649.343, 126
Trd, 4318650.893, 113
Trd, 4318652.543, 140
Trd, 4318652.793, 140
Trd, 4318653.043, 140
Trd, 4318653.443, 140
Trd, 4318654.443, 139
Trd, 4318655.193, 134
Trd, 4318655.243, 133
Trd, 4318657.893, 133
Trd, 4318658.593, 135
Trd, 4318658.693, 135
Trd, 4318659.343, 135
Trd, 4318659.843, 133
Trd, 4318659.893, 126
Trd, 4318660.493, 119
Trd, 4318660.743, 118
Trd, 4318662.493, 140
Trd, 4318663.093, 140
Trd, 4318663.293, 140
Trd, 4318663.543, 140
Trd, 4318663.843, 140
Trd, 4318664.143, 139
Trd, 4318665.143, 125
Trd, 4318665.843, 95
Trd, 4318666.243, 130
Trd, 4318666.843, 140
Trd, 4318667.193, 140
Trd, 4318669.043, 140
Trd, 4318670.293, 140
Trd, 4318672.843, 140
Trd, 4318673.043, 140
Trd, 4318673.643, 140
Trd, 4318674.243, 140
Trd, 4318674.493, 140
Trd, 4318674.943, 140
Trd, 4318674.993, 140
Trd, 4318675.593, 138
Trd, 4318675.893, 137
Trd, 4318676.693, 119
Trd, 4318676.793, 118
Trd, 4318678.393, 140
Trd, 4318679.743, 140
Trd, 4318679.843, 140
Trd, 4318679.943, 139
Trd, 4318681.493, 114
Trd, 4318681.943, 133
Trd, 4318682.693, 127
Trd, 4318682.793, 125
Trd, 4318683.193, 139
Trd, 4318686.143, 139
Trd, 4318687.043, 140
Trd, 4318687.443, 140
Trd, 4318687.993, 138
Trd, 4318688.093, 136
Trd, 4318688.193, 128
Trd, 4318689.193, 91
Trd, 4318690.943, 98
Trd, 4318691.093, 96
Trd, 4318691.843, 100
Trd, 4318692.043, 123
Trd, 4318693.543, 113
Trd, 4318694.043, 121
Trd, 4318694.443, 122
Trd, 4318695.143, 125
Trd, 4318695.593, 119
Trd, 4318697.143, 140
Trd, 4318697.193, 140
Trd, 4318698.543, 140
Trd, 4318698.843, 140
Trd, 4318699.243, 140
Trd, 4318699.293, 117
Trd, 4318699.993, 124
Trd, 4318700.393, 135
Trd, 4318700.943, 119
Trd, 4318702.293, 118
Trd, 4318703.943, 96
Trd, 4318705.493, 89
Trd, 4318705.943, 135
Trd, 4318707.043, 137
Trd, 4318707.093, 134
Trd, 4318708.393, 140
Trd, 4318708.643, 140
Trd, 4318708.843, 140
Trd, 4318709.093, 139
Trd, 4318710.843, 130
Trd, 4318712.193, 135
Trd, 4318713.093, 136
Trd, 4318714.893, 140
Trd, 4318715.243, 140
Trd, 4318715.343, 140
Trd, 4318716.193, 140
Trd, 4318716.843, 140
Trd, 4318718.093, 62
Trd, 4318718.893, 66
Trd, 4318719.843, 75
Trd, 4318720.243, 120
Trd, 4318720.693, 122
Trd, 4318722.943, 101
Trd, 4318723.193, 61
Trd, 4318723.643, 102
Trd, 4318724.193, 116
Trd, 4318724.443, 75
Trd, 4318724.993, 140
Trd, 4318725.193, 140
Trd, 4318725.393, 139
Trd, 4318727.243, 94
Trd, 4318728.443, 101
Trd, 4318728.593, 100
Trd, 4318729.843, 104
Trd, 4318729.943, 103
Trd, 4318731.093, 140
Trd, 4318732.243, 140
Trd, 4318732.343, 140
Trd, 4318732.793, 140
Trd, 4318733.193, 140
Trd, 4318735.893, 140
Trd, 4318736.093, 140
Trd, 4318736.893, 140
Trd, 4318736.943, 140
Trd, 4318737.043, 140
Trd, 4318737.593, 140
Trd, 4318739.293, 140
Trd, 4318739.493, 138
Trd, 4318740.043, 120
Trd, 4318741.193, 121
Trd, 4318742.193, 140
Trd, 4318743.893, 140
Trd, 4318744.743, 140
Trd, 4318745.443, 140
Trd, 4318747.343, 140
Trd, 4318747.743, 140
Trd, 4318747.843, 140
Trd, 4318749.793, 140
Trd, 4318750.643, 140
Trd, 4318750.743, 140
Trd, 4318751.243, 140
Trd, 4318751.393, 140
Trd, 4318751.743, 140
Trd, 4318751.793, 137
Trd, 4318751.993, 135
Trd, 4318753.243, 119
Trd, 4318753.593, 140
Trd, 4318754.943, 127
Trd, 4318755.193, 140
Trd, 4318756.593, 138
Trd, 4318756.893, 140
Trd, 4318757.193, 137
Trd, 4318757.943, 139
Trd, 4318759.843, 140
Trd, 4318760.193, 138
Trd, 4318760.743, 140
Trd, 4318761.543, 140
Trd, 4318761.793, 140
Trd, 4318762.343, 140
Trd, 4318762.793, 140
Trd, 4318763.543, 140
Trd, 4318764.243, 140
Trd, 4318764.793, 140
Trd, 4318765.193, 121
Trd, 4318765.593, 122
Trd, 4318767.543, 112
Trd, 4318767.843, 102
Trd, 4318767.893, 85
Trd, 4318768.243, 80
Trd, 4318770.693, 61
Trd, 4318771.043, 63
Trd, 4318771.793, 66
Trd, 4318772.593, 65
Trd, 4318773.693, 76
Trd, 4318775.243, 89
Trd, 4318776.493, 140
Trd, 4318776.593, 139
Trd, 4318776.843, 140
Trd, 4318777.693, 140
Trd, 4318777.743, 140
Trd, 4318778.143, 140
Trd, 4318778.993, 140
Trd, 4318779.243, 120
Trd, 4318779.793, 136
Trd, 4318781.593, 97
Trd, 4318781.743, 137
Trd, 4318781.943, 93
Trd, 4318783.193, 68
Trd, 4318783.793, 136
Trd, 4318784.393, 140
Trd, 4318784.593, 139
Trd, 4318787.193, 140
Trd, 4318788.193, 140
Trd, 4318788.593, 140
Trd, 4318788.693, 140
Trd, 4318789.043, 140
Trd, 4318789.143, 140
Trd, 4318790.093, 140
Trd, 4318790.843, 140
Trd, 4318792.343, 140
Trd, 4318793.943, 140
Trd, 4318796.093, 140
Trd, 4318796.143, 139
Trd, 4318796.343, 138
Trd, 4318796.893, 123
Trd, 4318797.793, 123
Trd, 4318799.493, 73
Trd, 4318799.543, 97
Trd, 4318800.693, 82
Trd, 4318801.743, 79
Trd, 4318802.043, 115
Trd, 4318802.093, 80
Trd, 4318802.343, 103
Trd, 4318803.593, 88
Trd, 4318804.093, 90
Trd, 4318805.593, 125
Trd, 4318807.143, 121
Trd, 4318808.143, 109
Trd, 4318808.593, 111
Trd, 4318808.693, 112
Trd, 4318809.293, 116
Trd, 4318809.443, 112
Trd, 4318809.743, 112
Trd, 4318810.393, 112
Trd, 4318810.693, 109
Trd, 4318811.243, 101
Trd, 4318811.443, 102
Trd, 4318814.393, 107
Trd, 4318815.193, 97
Trd, 4318815.243, 67
Trd, 4318817.643, 81
Trd, 4318818.593, 117
Trd, 4318819.043, 79
Trd, 4318819.693, 139
Trd, 4318820.143, 140
Trd, 4318820.693, 140
Trd, 4318820.793, 138
Trd, 4318821.443, 138
Trd, 4318822.093, 137
Trd, 4318823.843, 100
Trd, 4318824.093, 100
Trd, 4318824.743, 103
Trd, 4318825.343, 139
Trd, 4318826.943, 133
Trd, 4318827.443, 125
Trd, 4318827.693, 124
Trd, 4318827.843, 123
Trd, 4318827.993, 128
Trd, 4318829.343, 62
Trd, 4318830.393, 60
Trd, 4318831.093, 140
Trd, 4318832.043, 121
Trd, 4318832.093, 120
Trd, 4318833.243, 123
Trd, 4318833.993, 124
Trd, 4318835.543, 125
Trd, 4318835.793, 124
Trd, 4318836.143, 121
Trd, 4318836.593, 127
Trd, 4318837.093, 123
Trd, 4318838.043, 140
Trd, 4318838.643, 140
Trd, 4318839.193, 138
Trd, 4318839.643, 137
Trd, 4318839.843, 110
Trd, 4318840.793, 136
Trd, 4318841.843, 135
Trd, 4318843.893, 140
Trd, 4318844.493, 140
Trd, 4318844.843, 140
Trd, 4318845.493, 140
Trd, 4318846.793, 140
Trd, 4318847.843, 140
Trd, 4318848.743, 140
Trd, 4318849.793, 140
Trd, 4318850.043, 140
Trd, 4318850.293, 140
Trd, 4318850.693, 140
Trd, 4318851.993, 122
Trd, 4318853.493, 140
Trd, 4318854.293, 140
Trd, 4318855.643, 140
Trd, 4318855.693, 140
Trd, 4318856.393, 130
Trd, 4318856.743, 137
Trd, 4318856.943, 140
Trd, 4318857.093, 136
Trd, 4318858.593, 140
Trd, 4318858.643, 138
Trd, 4318859.643, 128
Trd, 4318859.893, 63
Trd, 4318860.993, 102
Trd, 4318861.693, 79
Trd, 4318862.593, 84
Trd, 4318863.443, 115
Trd, 4318863.943, 72
Trd, 4318865.993, 138
Trd, 4318866.743, 120
Trd, 4318866.993, 126
Trd, 4318867.493, 127
Trd, 4318868.793, 140
Trd, 4318869.043, 117
Trd, 4318870.443, 140
Trd, 4318870.493, 138
Trd, 4318872.093, 140
Trd, 4318873.893, 140
Trd, 4318874.143, 140
Trd, 4318874.343, 126
Trd, 4318874.593, 119
Trd, 4318876.093, 61
Trd, 4318876.493, 62
Trd, 4318876.643, 60
Trd, 4318877.243, 71
Trd, 4318878.293, 116
Trd, 4318879.243, 115
Trd, 4318880.193, 124
Trd, 4318880.943, 140
Trd, 4318882.343, 140
Trd, 4318883.643, 140
Trd, 4318884.443, 140
Trd, 4318884.943, 140
Trd, 4318885.293, 136
Trd, 4318885.793, 135
Trd, 4318887.593, 88
Trd, 4318887.793, 89
Trd, 4318888.293, 136
Trd, 4318888.593, 83
Trd, 4318889.043, 138
Trd, 4318890.243, 140
Trd, 4318890.693, 106
Trd, 4318891.043, 106
Trd, 4318892.843, 139
Trd, 4318894.143, 140
Trd, 4318895.193, 140
Trd, 4318895.893, 140
Trd, 4318896.543, 140
Trd, 4318896.843, 140
Trd, 4318897.193, 140
Trd, 4318897.443, 140
Trd, 4318898.543, 140
Trd, 4318898.693, 140
Trd, 4318899.693, 140
Trd, 4318899.993, 140
Trd, 4318900.893, 140
Trd, 4318902.393, 140
Trd, 4318903.393, 140
Trd, 4318903.793, 140
Trd, 4318904.393, 140
Trd, 4318904.843, 140
Trd, 4318904.993, 140
Trd, 4318906.993, 140
Trd, 4318908.193, 140
Trd, 4318908.293, 140
Trd, 4318908.443, 140
Trd, 4318908.643, 140
Trd, 4318909.293, 139
Trd, 4318909.593, 129
Trd, 4318911.343, 138
Trd, 4318912.243, 104
Trd, 4318912.293, 105
Trd, 4318913.043, 70
Trd, 4318914.043, 63
Trd, 4318914.693, 68
Trd, 4318915.693, 90
Trd, 4318915.793, 94
Trd, 4318916.343, 76
Trd, 4318916.693, 138
Trd, 4318918.393, 93
Trd, 4318919.693, 129
Trd, 4318919.843, 131
Trd, 4318919.943, 100
Trd, 4318920.793, 123
Trd, 4318921.193, 100
Trd, 4318923.093, 137
Trd, 4318923.393, 104
Trd, 4318923.743, 105
Trd, 4318924.043, 104
Trd, 4318924.843, 129
Trd, 4318924.943, 124
Trd, 4318926.093, 105
Trd, 4318926.393, 139
Trd, 4318926.793, 107
Trd, 4318926.993, 106
Trd, 4318927.793, 105
Trd, 4318929.343, 71
Trd, 4318929.493, 92
Trd, 4318932.343, 88
Trd, 4318932.393, 92
Trd, 4318932.743, 93
Trd, 4318932.943, 78
Trd, 4318933.643, 78
Trd, 4318933.943, 77
Trd, 4318935.093, 77
Trd, 4318936.343, 74
Trd, 4318937.993, 64
Trd, 4318939.343, 90
Trd, 4318941.943, 98
Trd, 4318942.043, 123
Trd, 4318942.493, 101
Trd, 4318944.543, 140
Trd, 4318944.593, 140
Trd, 4318944.943, 140
Trd, 4318945.443, 140
Trd, 4318945.593, 140
Trd, 4318946.993, 123
Trd, 4318947.643, 140
Trd, 4318948.143, 140
Trd, 4318949.093, 139
Trd, 4318950.143, 131
Trd, 4318950.193, 130
Trd, 4318951.793, 136
Trd, 4318952.693, 131
Trd, 4318952.943, 121
Trd, 4318953.193, 121
Trd, 4318954.443, 140
Trd, 4318955.993, 140
Trd, 4318956.643, 140
Trd, 4318957.343, 140
Trd, 4318957.543, 140
Trd, 4318960.093, 140
Trd, 4318960.193, 140
Trd, 4318960.293, 140
Trd, 4318961.043, 140
Trd, 4318961.793, 140
Trd, 4318962.993, 140
Trd, 4318963.343, 140
Trd, 4318963.493, 140
Trd, 4318963.943, 140
Trd, 4318965.243, 140
Trd, 4318966.943, 140
Trd, 4318967.393, 140
Trd, 4318968.493, 140
Trd, 4318969.543, 140
Trd, 4318969.793, 140
Trd, 4318969.943, 138
Trd, 4318970.443, 114
Trd, 4318970.743, 140
Trd, 4318972.643, 122
Trd, 4318972.993, 140
Trd, 4318973.443, 128
Trd, 4318973.643, 128
Trd, 4318973.893, 127
Trd, 4318974.443, 123
Trd, 4318975.993, 104
Trd, 4318976.543, 99
Trd, 4318976.793, 68
Trd, 4318978.743, 113
Trd, 4318979.093, 70
Trd, 4318979.943, 95
Trd, 4318981.543, 137
Trd, 4318981.893, 140
Trd, 4318982.593, 128
Trd, 4318983.193, 91
Trd, 4318984.793, 126
Trd, 4318986.093, 140
Trd, 4318986.743, 140
Trd, 4318987.093, 140
Trd, 4318987.193, 134
Trd, 4318988.043, 84
Trd, 4318988.543, 60
Trd, 4318990.093, 129
Trd, 4318991.093, 126
Trd, 4318992.093, 137
Trd, 4318993.193, 140
Trd, 4318993.243, 139
Trd, 4318994.143, 138
Trd, 4318994.243, 137
Trd, 4318995.143, 140
Trd, 4318996.493, 140
Trd, 4318996.593, 140
Trd, 4318997.693, 140
Trd, 4318998.293, 140
Trd, 4318999.193, 92
Trd, 4319001.493, 140
Trd, 4319001.893, 140
Trd, 4319002.093, 140
Trd, 4319003.593, 140
Trd, 4319003.993, 140
Trd, 4319005.043, 140
Trd, 4319005.243, 140
Trd, 4319005.493, 139
Trd, 4319006.343, 126
Trd, 4319006.643, 139
Trd, 4319009.843, 132
Trd, 4319010.193, 135
Trd, 4319011.043, 140
Trd, 4319011.093, 140
Trd, 4319011.493, 140
Trd, 4319011.593, 140
Trd, 4319011.693, 138
Trd, 4319012.443, 121
Trd, 4319013.593, 135
Trd, 4319014.443, 108
Trd, 4319016.593, 101
Trd, 4319017.193, 136
Trd, 4319018.393, 110
Trd, 4319018.893, 137
Trd, 4319019.643, 140
Trd, 4319019.693, 113
Trd, 4319019.843, 111
Trd, 4319020.143, 110
Trd, 4319020.543, 110
Trd, 4319021.743, 140
Trd, 4319022.393, 112
Trd, 4319023.443, 139
Trd, 4319024.043, 105
Trd, 4319024.193, 104
Trd, 4319024.543, 101
Trd, 4319025.493, 71
Trd, 4319026.493, 72
Trd, 4319027.393, 90
Trd, 4319027.593, 95
Trd, 4319028.693, 93
Trd, 4319029.143, 106
Trd, 4319029.993, 93
Trd, 4319031.343, 71
Trd, 4319031.593, 74
Trd, 4319032.743, 115
Trd, 4319033.143, 127
Trd, 4319034.393, 135
Trd, 4319034.643, 133
Trd, 4319035.143, 117
Trd, 4319036.043, 137
Trd, 4319036.193, 119
Trd, 4319037.143, 140
Trd, 4319037.443, 140
Trd, 4319038.343, 140
Trd, 4319039.043, 140
Trd, 4319039.743, 140
Trd, 4319040.293, 140
Trd, 4319041.893, 140
Trd, 4319042.093, 140
Trd, 4319043.143, 140
Trd, 4319043.393, 140
Trd, 4319046.193, 140
Trd, 4319046.293, 140
Trd, 4319046.343, 140
Trd, 4319047.393, 140
Trd, 4319047.443, 140
Trd, 4319047.593, 139
Trd, 4319048.743, 140
Trd, 4319048.793, 139
Trd, 4319049.393, 138
Trd, 4319049.593, 117
Trd, 4319051.793, 120
Trd, 4319052.843, 140
Trd, 4319053.043, 140
Trd, 4319053.343, 140
Trd, 4319054.643, 140
Trd, 4319055.293, 140
Trd, 4319055.943, 139
Trd, 4319056.593, 136
Trd, 4319056.743, 129
Trd, 4319056.893, 117
Trd, 4319057.493, 96
Trd, 4319057.843, 86
Trd, 4319058.993, 106
Trd, 4319059.843, 140
Trd, 4319060.993, 134
Trd, 4319061.293, 134
Trd, 4319062.743, 140
Trd, 4319062.893, 140
Trd, 4319065.443, 140
Trd, 4319065.893, 140
Trd, 4319066.243, 140
Trd, 4319066.743, 140
Trd, 4319067.293, 140
Trd, 4319067.893, 140
Trd, 4319068.393, 139
Trd, 4319069.393, 139
Trd, 4319069.693, 138
Trd, 4319069.743, 135
Trd, 4319070.243, 140
Trd, 4319070.793, 135
Trd, 4319071.243, 134
Trd, 4319072.793, 135
Trd, 4319073.193, 135
Trd, 4319074.543, 140
Trd, 4319074.993, 139
Trd, 4319076.743, 128
Trd, 4319076.793, 126
Trd, 4319077.743, 140
Trd, 4319078.043, 110
Trd, 4319078.793, 112
Trd, 4319079.693, 136
Trd, 4319080.693, 94
Trd, 4319081.643, 128
Trd, 4319082.043, 133
Trd, 4319082.143, 127
Trd, 4319082.693, 127
Trd, 4319083.993, 140
Trd, 4319084.943, 128
Trd, 4319086.843, 140
Trd, 4319088.093, 140
Trd, 4319088.693, 140
Trd, 4319089.593, 139
Trd, 4319089.793, 131
Trd, 4319089.993, 126
Trd, 4319091.793, 140
Trd, 4319092.443, 140
Trd, 4319092.743, 140
Trd, 4319093.743, 140
Trd, 4319093.893, 140
Trd, 4319096.043, 140
Trd, 4319097.443, 140
Trd, 4319098.493, 140
Trd, 4319099.593, 140
Trd, 4319099.693, 140
Trd, 4319100.093, 140
Trd, 4319100.443, 140
Trd, 4319102.543, 140
Trd, 4319103.843, 140
Trd, 4319104.143, 140
Trd, 4319104.493, 139
Trd, 4319104.543, 138
Trd, 4319104.893, 116
Trd, 4319105.593, 97
Trd, 4319107.543, 120
Trd, 4319107.793, 140
Trd, 4319108.643, 114
Trd, 4319108.943, 117
Trd, 4319109.093, 116
Trd, 4319110.243, 119
Trd, 4319110.293, 117
Trd, 4319111.243, 124
Trd, 4319112.243, 140
Trd, 4319112.593, 140
Trd, 4319113.543, 140
Trd, 4319113.893, 138
Trd, 4319114.443, 140
Trd, 4319114.593, 139
Trd, 4319115.393, 117
Trd, 4319116.093, 122
Trd, 4319116.393, 101
Trd, 4319116.893, 140
Trd, 4319116.943, 139
Trd, 4319117.493, 111
Trd, 4319117.893, 104
Trd, 4319121.093, 140
Trd, 4319121.293, 140
Trd, 4319121.543, 139
Trd, 4319122.893, 131
Trd, 4319122.993, 130
Trd, 4319123.443, 128
Trd, 4319124.043, 102
Trd, 4319124.293, 103
Trd, 4319124.343, 96
Trd, 4319125.443, 140
Trd, 4319125.793, 140
Trd, 4319125.943, 140
Trd, 4319127.393, 140
Trd, 4319130.243, 140
Trd, 4319130.643, 140
Trd, 4319131.343, 140
Trd, 4319133.193, 140
Trd, 4319133.593, 140
Trd, 4319133.643, 140
Trd, 4319134.343, 140
Trd, 4319135.043, 140
Trd, 4319135.143, 140
Trd, 4319135.543, 128
Trd, 4319136.893, 131
Trd, 4319137.243, 130
Trd, 4319138.843, 133
Trd, 4319139.243, 133
Trd, 4319139.843, 140
Trd, 4319139.943, 138
Trd, 4319140.143, 133
Trd, 4319140.843, 140
Trd, 4319141.693, 80
Trd, 4319143.543, 139
Trd, 4319143.843, 137
Trd, 4319144.093, 136
Trd, 4319144.643, 114
Trd, 4319146.993, 121
Trd, 4319147.143, 119
Trd, 4319147.443, 128
Trd, 4319148.243, 72
Trd, 4319148.493, 107
Trd, 4319149.043, 64
Trd, 4319150.443, 132
Trd, 4319152.193, 140
Trd, 4319152.443, 140
Trd, 4319152.843, 87
Trd, 4319153.993, 76
Trd, 4319155.993, 79
Trd, 4319156.643, 91
Trd, 4319157.193, 114
Trd, 4319157.743, 128
Trd, 4319159.193, 121
Trd, 4319159.493, 120
Trd, 4319159.543, 100
Trd, 4319159.743, 95
Trd, 4319160.143, 88
Trd, 4319163.493, 60
Trd, 4319164.143, 63
Trd, 4319164.193, 87
Trd, 4319164.843, 140
Trd, 4319165.843, 140
Trd, 4319166.543, 140
Trd, 4319167.543, 140
Trd, 4319167.593, 140
Trd, 4319168.943, 139
Trd, 4319169.093, 138
Trd, 4319169.693, 139
Trd, 4319169.943, 140
Trd, 4319172.043, 138
Trd, 4319172.393, 137
Trd, 4319172.643, 131
Trd, 4319173.043, 107
Trd, 4319173.343, 91
Trd, 4319176.243, 62
Trd, 4319177.993, 134
Trd, 4319178.643, 93
Trd, 4319179.643, 140
Trd, 4319180.143, 140
Trd, 4319180.543, 140
Trd, 4319180.593, 140
Trd, 4319180.793, 115
Trd, 4319181.593, 140
Trd, 4319181.993, 140
Trd, 4319182.993, 140
Trd, 4319184.393, 140
Trd, 4319184.993, 140
Trd, 4319185.293, 140
Trd, 4319186.293, 140
Trd, 4319186.443, 138
Trd, 4319187.343, 138
Trd, 4319188.243, 140
Trd, 4319189.543, 136
Trd, 4319189.893, 134
Trd, 4319190.243, 137
Trd, 4319192.243, 109
Trd, 4319192.293, 108
Trd, 4319192.343, 92
Trd, 4319192.843, 113
Trd, 4319193.443, 82
Trd, 4319194.743, 88
Trd, 4319195.293, 82
Trd, 4319195.993, 140
Trd, 4319196.043, 140
Trd, 4319196.543, 79
Trd, 4319198.243, 118
Trd, 4319198.493, 118
Trd, 4319198.793, 119
Trd, 4319199.443, 140
Trd, 4319201.343, 136
Trd, 4319201.743, 136
Trd, 4319202.993, 137
Trd, 4319203.493, 136
Trd, 4319203.993, 125
Trd, 4319204.943, 139
Trd, 4319205.893, 140
Trd, 4319206.343, 139
Trd, 4319207.393, 140
Trd, 4319207.643, 140
Trd, 4319207.943, 140
Trd, 4319207.993, 140
Trd, 4319208.443, 105
Trd, 4319211.343, 136
Trd, 4319211.643, 87
Trd, 4319213.243, 140
Trd, 4319213.643, 140
Trd, 4319214.743, 140
Trd, 4319215.193, 140
Trd, 4319215.343, 138
Trd, 4319215.793, 133
Trd, 4319216.993, 88
Trd, 4319217.793, 92
Trd, 4319218.543, 115
Trd, 4319219.843, 78
Trd, 4319219.893, 106
Trd, 4319219.993, 77
Trd, 4319221.293, 123
Trd, 4319221.543, 76
Trd, 4319222.743, 60
Trd, 4319223.643, 137
Trd, 4319225.043, 109
Trd, 4319225.643, 115
Trd, 4319225.743, 110
Trd, 4319226.943, 140
Trd, 4319227.793, 140
Trd, 4319228.893, 140
Trd, 4319228.993, 140
Trd, 4319229.293, 140
Trd, 4319229.643, 136
Trd, 4319229.893, 139
Trd, 4319230.743, 124
Trd, 4319231.593, 140
Trd, 4319232.043, 140
Trd, 4319233.243, 140
Trd, 4319234.343, 140
Trd, 4319234.493, 140
Trd, 4319235.493, 140
Trd, 4319235.693, 140
Trd, 4319236.193, 128
Trd, 4319237.593, 140
Trd, 4319238.693, 140
Trd, 4319238.993, 140
Trd, 4319239.143, 139
Trd, 4319240.393, 140
Trd, 4319240.443, 140
Trd, 4319241.093, 140
Trd, 4319241.793, 139
Trd, 4319242.793, 136
Trd, 4319243.043, 135
Trd, 4319244.043, 135
Trd, 4319244.593, 101
Trd, 4319244.893, 106
Trd, 4319245.143, 100
Trd, 4319246.843, 137
Trd, 4319247.193, 124
Trd, 4319248.093, 125
Trd, 4319249.143, 125
Trd, 4319249.243, 124
Trd, 4319249.443, 139
Trd, 4319249.743, 124
Trd, 4319251.743, 140
Trd, 4319252.193, 136
Trd, 4319252.243, 135
Trd, 4319252.643, 134
Trd, 4319253.943, 66
Trd, 4319254.593, 75
Trd, 4319255.643, 110
Trd, 4319256.543, 83
Trd, 4319259.593, 85
Trd, 4319259.643, 87
Trd, 4319260.793, 116
Trd, 4319261.043, 93
Trd, 4319262.593, 99
Trd, 4319263.493, 98
Trd, 4319263.693, 98
Trd, 4319264.043, 113
Trd, 4319264.643, 101
Trd, 4319265.043, 129
Trd, 4319266.443, 139
Trd, 4319266.993, 128
Trd, 4319268.143, 132
Trd, 4319268.843, 132
Trd, 4319268.893, 115
Trd, 4319270.943, 140
Trd, 4319271.093, 140
Trd, 4319271.243, 140
Trd, 4319272.343, 140
Trd, 4319273.043, 140
Trd, 4319274.193, 140
Trd, 4319274.593, 140
Trd, 4319274.943, 140
Trd, 4319274.993, 121
Trd, 4319275.943, 128
Trd, 4319276.393, 140
Trd, 4319278.693, 140
Trd, 4319279.043, 140
Trd, 4319279.343, 130
Trd, 4319279.743, 102
Trd, 4319280.493, 139
Trd, 4319281.393, 140
Trd, 4319281.643, 140
Trd, 4319282.393, 140
Trd, 4319283.243, 140
Trd, 4319283.843, 137
Trd, 4319284.843, 140
Trd, 4319285.393, 140
Trd, 4319285.743, 140
Trd, 4319285.993, 140
Trd, 4319286.693, 140
Trd, 4319286.893, 140
Trd, 4319288.343, 137
Trd, 4319288.443, 137
Trd, 4319289.943, 133
Trd, 4319291.243, 140
Trd, 4319291.443, 140
Trd, 4319292.993, 140
Trd, 4319293.143, 140
Trd, 4319293.493, 115
Trd, 4319296.543, 123
Trd, 4319297.243, 124
Trd, 4319297.343, 123
Trd, 4319297.543, 106
Trd, 4319297.693, 129
Trd, 4319300.043, 122
Trd, 4319300.493, 140
Trd, 4319300.743, 139
Trd, 4319301.793, 126
Trd, 4319302.543, 127
Trd, 4319303.343, 131
Trd, 4319304.293, 140
Trd, 4319304.743, 133
Trd, 4319305.443, 140
Trd, 4319305.493, 134
Trd, 4319305.743, 133
Trd, 4319306.943, 132
Trd, 4319307.643, 75
Trd, 4319307.893, 127
Trd, 4319310.243, 139
Trd, 4319311.143, 140
Trd, 4319311.343, 140
Trd, 4319312.843, 140
Trd, 4319312.943, 139
Trd, 4319313.343, 140
Trd, 4319314.493, 132
Trd, 4319314.693, 132
Trd, 4319315.393, 133
Trd, 4319317.143, 72
Trd, 4319317.393, 77
Trd, 4319317.593, 87
Trd, 4319319.193, 89
Trd, 4319320.093, 74
Trd, 4319321.243, 78
Trd, 4319321.593, 93
Trd, 4319322.093, 85
Trd, 4319323.243, 140
Trd, 4319323.393, 140
Trd, 4319323.643, 99
Trd, 4319324.943, 61
Trd, 4319326.143, 70
Trd, 4319328.443, 79
Trd, 4319329.693, 79
Trd, 4319330.443, 83
Trd, 4319331.143, 107
Trd, 4319331.743, 138
Trd, 4319331.893, 79
Trd, 4319331.943, 78
Trd, 4319333.743, 131
Trd, 4319334.693, 140
Trd, 4319334.993, 140
Trd, 4319335.743, 140
Trd, 4319336.093, 140
Trd, 4319337.493, 85
Trd, 4319337.693, 134
Trd, 4319339.143, 85
Trd, 4319339.843, 67
Trd, 4319341.393, 140
Trd, 4319341.843, 140
Trd, 4319342.393, 140
Trd, 4319342.993, 133
Trd, 4319343.093, 132
Trd, 4319344.293, 136
Trd, 4319344.943, 136
Trd, 4319345.243, 135
Trd, 4319347.893, 140
Trd, 4319348.093, 140
Trd, 4319348.243, 140
Trd, 4319348.543, 140
Trd, 4319348.743, 140
Trd, 4319349.493, 140
Trd, 4319353.043, 140
Trd, 4319353.243, 140
Trd, 4319353.643, 140
Trd, 4319354.293, 140
Trd, 4319354.343, 140
Trd, 4319354.443, 140
Trd, 4319354.693, 126
Trd, 4319355.193, 140
Trd, 4319357.543, 140
Trd, 4319358.143, 129
Trd, 4319358.543, 128
Trd, 4319358.593, 110
Trd, 4319359.843, 139
Trd, 4319360.743, 124
Trd, 4319361.343, 121
Trd, 4319361.593, 121
Trd, 4319361.693, 89
Trd, 4319364.243, 134
Trd, 4319364.643, 132
Trd, 4319365.543, 133
Trd, 4319366.493, 135
Trd, 4319366.593, 132
Trd, 4319366.943, 97
Trd, 4319368.043, 96
Trd, 4319368.843, 140
Trd, 4319368.993, 140
Trd, 4319369.693, 128
Trd, 4319371.843, 132
Trd, 4319372.893, 139
Trd, 4319372.943, 134
Trd, 4319373.643, 131
Trd, 4319374.343, 124
Trd, 4319374.993, 139
Trd, 4319376.093, 135
Trd, 4319376.493, 134
Trd, 4319377.243, 113
Trd, 4319377.443, 108
Trd, 4319379.043, 140
Trd, 4319380.743, 140
Trd, 4319381.743, 140
Trd, 4319381.993, 140
Trd, 4319382.093, 140
Trd, 4319383.893, 137
Trd, 4319383.943, 123
Trd, 4319384.443, 140
Trd, 4319384.543, 140
Trd, 4319385.043, 124
Trd, 4319385.843, 123
Trd, 4319387.793, 60
Trd, 4319388.743, 94
Trd, 4319389.143, 105
Trd, 4319389.993, 127
Trd, 4319390.693, 81
Trd, 4319391.043, 96
Trd, 4319391.493, 85
Trd, 4319394.493, 140
Trd, 4319395.243, 140
Trd, 4319396.093, 140
Trd, 4319396.743, 140
Trd, 4319396.993, 140
Trd, 4319397.693, 140
Trd, 4319398.093, 140
Trd, 4319398.693, 136
Trd, 4319399.293, 140
Trd, 4319400.643, 140
Trd, 4319400.843, 140
Trd, 4319401.393, 140
Trd, 4319402.793, 140
Trd, 4319403.293, 140
Trd, 4319403.543, 140
Trd, 4319403.643, 139
Trd, 4319403.843, 136
Trd, 4319405.393, 136
Trd, 4319405.643, 128
Trd, 4319405.793, 104
Trd, 4319406.243, 139
Trd, 4319406.743, 113
Trd, 4319409.643, 140
Trd, 4319409.993, 140
Trd, 4319411.343, 140
Trd, 4319412.643, 140
Trd, 4319412.943, 133
Trd, 4319414.393, 140
Trd, 4319414.443, 140
Trd, 4319415.343, 140
Trd, 4319416.443, 62
Trd, 4319416.743, 126
Trd, 4319418.293, 104
Trd, 4319419.043, 92
Trd, 4319420.543, 122
Trd, 4319420.993, 130
Trd, 4319421.593, 103
Trd, 4319422.743, 78
Trd, 4319423.193, 76
Trd, 4319423.893, 106
Trd, 4319424.243, 79
Trd, 4319424.743, 78
Trd, 4319426.593, 73
Trd, 4319427.543, 77
Trd, 4319428.643, 73
Trd, 4319428.943, 71
Trd, 4319430.093, 91
Trd, 4319430.443, 101
Trd, 4319431.443, 85
Trd, 4319431.743, 91
Trd, 4319432.693, 136
Trd, 4319433.343, 117
Trd, 4319434.243, 76
Trd, 4319435.843, 135
Trd, 4319436.543, 132
Trd, 4319436.993, 132
Trd, 4319437.493, 131
Trd, 4319437.793, 131
Trd, 4319437.943, 128
Trd, 4319438.943, 74
Trd, 4319440.643, 123
Trd, 4319441.543, 140
Trd, 4319442.143, 138
Trd, 4319442.293, 111
Trd, 4319443.493, 139
Trd, 4319443.593, 136
Trd, 4319443.943, 138
Trd, 4319444.493, 86
Trd, 4319446.293, 78
Trd, 4319447.743, 90
Trd, 4319448.593, 140
Trd, 4319449.993, 140
Trd, 4319450.943, 140
Trd, 4319451.093, 140
Trd, 4319451.343, 140
Trd, 4319452.193, 140
Trd, 4319452.493, 139
Trd, 4319452.843, 138
Trd, 4319453.643, 92
Trd, 4319454.793, 140
Trd, 4319458.043, 110
Trd, 4319458.243, 139
Trd, 4319458.693, 140
Trd, 4319459.493, 115
Trd, 4319460.193, 117
Trd, 4319461.093, 121
Trd, 4319461.193, 117
Trd, 4319461.243, 115
Trd, 4319461.293, 76
Trd, 4319462.293, 92
Trd, 4319462.893, 131
Trd, 4319464.943, 95
Trd, 4319465.343, 100
Trd, 4319465.593, 92
Trd, 4319466.243, 94
Trd, 4319466.643, 95
Trd, 4319469.043, 140
Trd, 4319469.293, 140
Trd, 4319469.843, 140
Trd, 4319469.943, 140
Trd, 4319470.343, 140
Trd, 4319470.393, 140
Trd, 4319470.843, 124
Trd, 4319472.493, 124
Trd, 4319472.893, 123
Trd, 4319473.693, 60
Trd, 4319474.093, 60
Trd, 4319474.193, 61
Trd, 4319475.393, 99
Trd, 4319477.193, 140
Trd, 4319477.493, 140
Trd, 4319478.193, 140
Trd, 4319478.643, 140
Trd, 4319479.043, 109
Trd, 4319479.693, 87
Trd, 4319482.243, 140
Trd, 4319482.443, 140
Trd, 4319484.343, 140
Trd, 4319484.593, 140
Trd, 4319484.943, 140
Trd, 4319485.393, 140
Trd, 4319485.543, 140
Trd, 4319485.643, 129
Trd, 4319487.693, 135
Trd, 4319488.293, 134
Trd, 4319488.443, 132
Trd, 4319488.743, 139
Trd, 4319490.693, 140
Trd, 4319491.343, 140
Trd, 4319491.593, 140
Trd, 4319491.693, 140
Trd, 4319492.093, 135
Trd, 4319493.543, 103
Trd, 4319494.193, 119
Trd, 4319495.043, 138
Trd, 4319495.743, 140
Trd, 4319496.193, 137
Trd, 4319496.693, 130
Trd, 4319497.643, 140
Trd, 4319498.193, 140
Trd, 4319498.843, 140
Trd, 4319498.993, 140
Trd, 4319500.093, 140
Trd, 4319501.193, 139
Trd, 4319501.993, 125
Trd, 4319502.193, 132
Trd, 4319502.793, 140
Trd, 4319502.993, 139
Trd, 4319503.993, 139
Trd, 4319504.343, 140
Trd, 4319506.493, 140
Trd, 4319506.843, 140
Trd, 4319506.893, 140
Trd, 4319509.643, 136
Trd, 4319510.893, 140
Trd, 4319512.693, 140
Trd, 4319512.943, 140
Trd, 4319514.543, 140
Trd, 4319514.693, 140
Trd, 4319517.393, 140
Trd, 4319517.693, 140
Trd, 4319517.793, 140
Trd, 4319518.043, 140
Trd, 4319518.543, 140
Trd, 4319518.593, 139
Trd, 4319518.743, 134
Trd, 4319520.343, 140
Trd, 4319520.693, 134
Trd, 4319520.993, 132
Trd, 4319521.643, 140
Trd, 4319521.693, 139
Trd, 4319523.493, 95
Trd, 4319525.143, 96
Trd, 4319525.193, 101
Trd, 4319526.443, 140
Trd, 4319526.943, 140
Trd, 4319526.993, 140
Trd, 4319528.443, 140
Trd, 4319528.893, 140
Trd, 4319528.993, 140
Trd, 4319529.443, 140
Trd, 4319530.043, 140
Trd, 4319530.343, 105
Trd, 4319530.893, 140
Trd, 4319533.293, 140
Trd, 4319533.643, 140
Trd, 4319533.993, 140
Trd, 4319534.493, 140
Trd, 4319535.693, 110
Trd, 4319536.543, 136
Trd, 4319536.843, 139
Trd, 4319538.093, 138
Trd, 4319539.293, 140
Trd, 4319540.193, 140
Trd, 4319540.343, 140
Trd, 4319540.893, 140
Trd, 4319541.243, 139
Trd, 4319541.393, 138
Trd, 4319542.243, 113
Trd, 4319543.793, 135
Trd, 4319543.993, 135
Trd, 4319544.043, 134
Trd, 4319544.543, 90
Trd, 4319545.393, 103
Trd, 4319547.143, 77
Trd, 4319548.043, 132
Trd, 4319549.093, 110
Trd, 4319549.943, 120
Trd, 4319550.343, 101
Trd, 4319551.543, 67
Trd, 4319553.093, 75
Trd, 4319553.443, 140
Trd, 4319553.493, 76
Trd, 4319554.593, 80
Trd, 4319556.393, 127
Trd, 4319556.893, 138
Trd, 4319557.743, 131
Trd, 4319557.943, 131
Trd, 4319559.293, 140
Trd, 4319559.893, 140
Trd, 4319561.893, 140
Trd, 4319562.993, 140
Trd, 4319565.293, 140
Trd, 4319565.843, 140
Trd, 4319566.343, 140
Trd, 4319567.143, 140
Trd, 4319567.593, 140
Trd, 4319567.793, 140
Trd, 4319568.693, 139
Trd, 4319568.943, 114
Trd, 4319569.743, 93
Trd, 4319570.643, 129
Trd, 4319571.193, 135
Trd, 4319571.743, 135
Trd, 4319573.143, 140
Trd, 4319573.843, 139
Trd, 4319574.643, 139
Trd, 4319574.943, 140
Trd, 4319575.443, 140
Trd, 4319575.943, 140
Trd, 4319576.093, 139
Trd, 4319577.393, 86
Trd, 4319578.543, 112
Trd, 4319579.693, 112
Trd, 4319579.993, 96
Trd, 4319581.343, 139
Trd, 4319581.943, 133
Trd, 4319582.043, 133
Trd, 4319582.693, 140
Trd, 4319583.343, 139
Trd, 4319584.943, 140
Trd, 4319585.593, 140
Trd, 4319586.143, 140
Trd, 4319588.543, 140
Trd, 4319588.843, 140
Trd, 4319588.893, 140
Trd, 4319589.593, 140
Trd, 4319589.943, 140
Trd, 4319590.293, 140
Trd, 4319591.393, 140
Trd, 4319591.593, 140
Trd, 4319591.643, 140
Trd, 4319594.543, 140
Trd, 4319594.793, 140
Trd, 4319595.793, 140
Trd, 4319595.843, 140
Trd, 4319596.993, 140
Trd, 4319597.143, 138
Trd, 4319597.643, 123
Trd, 4319600.943, 125
Trd, 4319601.543, 127
Trd, 4319601.643, 125
Trd, 4319602.443, 110
Trd, 4319604.043, 140
Trd, 4319604.193, 140
Trd, 4319604.443, 140
Trd, 4319605.443, 140
Trd, 4319605.493, 140
Trd, 4319607.343, 140
Trd, 4319608.543, 140
Trd, 4319608.743, 140
Trd, 4319608.893, 140
Trd, 4319609.543, 140
Trd, 4319609.793, 127
Trd, 4319611.943, 135
Trd, 4319612.243, 126
Trd, 4319613.193, 140
Trd, 4319614.543, 140
Trd, 4319614.843, 140
Trd, 4319615.293, 140
Trd, 4319616.593, 140
Trd, 4319616.893, 140
Trd, 4319617.693, 140
Trd, 4319619.393, 140
Trd, 4319619.493, 140
Trd, 4319620.043, 140
Trd, 4319621.143, 138
Trd, 4319622.443, 140
Trd, 4319624.343, 140
Trd, 4319624.543, 140
Trd, 4319624.843, 140
Trd, 4319625.293, 140
Trd, 4319626.443, 140
Trd, 4319627.393, 140
Trd, 4319627.793, 140
Trd, 4319629.093, 140
Trd, 4319631.243, 140
Trd, 4319632.193, 140
Trd, 4319633.393, 140
Trd, 4319633.493, 140
Trd, 4319633.743, 140
Trd, 4319634.343, 140
Trd, 4319634.993, 140
Trd, 4319635.843, 140
Trd, 4319636.343, 140
Trd, 4319636.393, 140
Trd, 4319636.693, 140
Trd, 4319637.143, 137
Trd, 4319637.693, 139
Trd, 4319637.993, 134
Trd, 4319639.143, 140
Trd, 4319639.793, 139
Trd, 4319641.143, 128
Trd, 4319642.343, 140
Trd, 4319643.943, 140
Trd, 4319644.093, 140
Trd, 4319644.743, 140
Trd, 4319645.143, 140
Trd, 4319645.543, 140
Trd, 4319645.693, 140
Trd, 4319646.943, 121
Trd, 4319648.093, 138
Trd, 4319649.093, 140
Trd, 4319650.493, 140
Trd, 4319651.143, 140
Trd, 4319651.293, 140
Trd, 4319653.493, 140
Trd, 4319653.843, 140
Trd, 4319654.593, 140
Trd, 4319654.893, 140
Trd, 4319656.543, 140
Trd, 4319656.643, 140
Trd, 4319656.843, 139
Trd, 4319657.093, 140
Trd, 4319657.993, 140
Trd, 4319658.143, 139
Trd, 4319659.293, 137
Trd, 4319660.693, 139
Trd, 4319660.793, 134
Trd, 4319662.193, 138
Trd, 4319662.393, 137
Trd, 4319662.593, 139
Trd, 4319663.893, 138
Trd, 4319664.443, 140
Trd, 4319665.393, 140
Trd, 4319665.443, 133
Trd, 4319666.243, 105
Trd, 4319666.893, 62
Trd, 4319666.943, 86
Trd, 4319669.043, 116
Trd, 4319669.093, 114
Trd, 4319670.193, 140
Trd, 4319670.793, 140
Trd, 4319671.243, 140
Trd, 4319671.743, 140
Trd, 4319672.543, 140
Trd, 4319672.793, 140
Trd, 4319674.543, 140
Trd, 4319674.693, 140
Trd, 4319674.843, 140
Trd, 4319675.193, 140
Trd, 4319675.543, 137
Trd, 4319676.593, 140
Trd, 4319676.843, 139
Trd, 4319677.443, 140
Trd, 4319678.243, 139
Trd, 4319678.843, 117
Trd, 4319679.393, 139
Trd, 4319680.993, 140
Trd, 4319682.293, 140
Trd, 4319683.393, 140
Trd, 4319683.693, 140
Trd, 4319684.843, 140
Trd, 4319685.443, 140
Trd, 4319685.943, 140
Trd, 4319686.143, 140
Trd, 4319688.043, 140
Trd, 4319688.143, 140
Trd, 4319688.643, 128
Trd, 4319689.093, 128
Trd, 4319689.593, 140
Trd, 4319690.643, 126
Trd, 4319690.893, 82
Trd, 4319691.243, 90
Trd, 4319692.943, 140
Trd, 4319693.543, 135
Trd, 4319694.093, 110
Trd, 4319694.593, 110
Trd, 4319694.993, 110
Trd, 4319696.243, 103
Trd, 4319696.493, 134
Trd, 4319697.093, 139
Trd, 4319697.143, 95
Trd, 4319697.343, 95
Trd, 4319699.443, 140
Trd, 4319700.543, 134
Trd, 4319700.743, 71
Trd, 4319701.993, 115
Trd, 4319702.243, 140
Trd, 4319704.543, 140
Trd, 4319705.593, 140
Trd, 4319706.743, 140
Trd, 4319706.893, 140
Trd, 4319707.743, 140
Trd, 4319708.543, 140
Trd, 4319710.793, 140
Trd, 4319711.343, 140
Trd, 4319711.843, 140
Trd, 4319712.093, 140
Trd, 4319712.393, 140
Trd, 4319715.243, 140
Trd, 4319716.093, 140
Trd, 4319716.243, 140
Trd, 4319716.893, 140
Trd, 4319717.643, 140
Trd, 4319719.043, 140
Trd, 4319719.593, 140
Trd, 4319719.793, 140
Trd, 4319719.843, 137
Trd, 4319720.193, 125
Trd, 4319721.993, 140
Trd, 4319722.593, 140
Trd, 4319722.943, 140
Trd, 4319723.693, 139
Trd, 4319724.343, 138
Trd, 4319726.793, 140
Trd, 4319728.443, 140
Trd, 4319729.393, 140
Trd, 4319729.593, 140
Trd, 4319729.693, 140
Trd, 4319729.993, 140
Trd, 4319730.843, 140
Trd, 4319731.293, 139
Trd, 4319732.643, 140
Trd, 4319733.143, 140
Trd, 4319734.893, 140
Trd, 4319735.443, 140
Trd, 4319735.543, 140
Trd, 4319735.893, 140
Trd, 4319737.193, 140
Trd, 4319738.293, 140
Trd, 4319738.543, 140
Trd, 4319739.093, 140
Trd, 4319739.293, 140
Trd, 4319740.493, 140
Trd, 4319740.893, 140
Trd, 4319741.093, 140
Trd, 4319743.143, 139
Trd, 4319744.393, 123
Trd, 4319744.993, 140
Trd, 4319745.943, 140
Trd, 4319745.993, 140
Trd, 4319746.193, 140
Trd, 4319747.493, 139
Trd, 4319750.593, 140
Trd, 4319750.743, 140
Trd, 4319751.093, 140
Trd, 4319751.343, 140
Trd, 4319751.543, 140
Trd, 4319752.493, 136
Trd, 4319752.943, 135
Trd, 4319753.443, 140
Trd, 4319754.543, 140
Trd, 4319755.193, 140
Trd, 4319755.343, 139
Trd, 4319756.793, 140
Trd, 4319757.343, 140
Trd, 4319757.743, 140
Trd, 4319759.093, 139
Trd, 4319759.293, 81
Trd, 4319759.643, 140
Trd, 4319760.443, 140
Trd, 4319760.743, 140
Trd, 4319762.043, 140
Trd, 4319763.393, 140
Trd, 4319763.843, 140
Trd, 4319764.093, 140
Trd, 4319766.393, 140
Trd, 4319767.093, 140
Trd, 4319768.093, 140
Trd, 4319768.443, 140
Trd, 4319768.543, 140
Trd, 4319768.693, 113
Trd, 4319770.743, 140
Trd, 4319770.943, 140
Trd, 4319771.193, 140
Trd, 4319771.393, 126
Trd, 4319771.693, 128
Trd, 4319772.393, 140
Trd, 4319773.193, 128
Trd, 4319773.593, 96
Trd, 4319774.993, 139
Trd, 4319776.143, 140
Trd, 4319776.793, 140
Trd, 4319777.493, 140
Trd, 4319777.893, 140
Trd, 4319777.943, 140
Trd, 4319778.843, 140
Trd, 4319779.043, 132
Trd, 4319781.193, 96
Trd, 4319781.343, 99
Trd, 4319781.493, 95
Trd, 4319782.443, 140
Trd, 4319782.843, 140
Trd, 4319784.243, 140
Trd, 4319784.293, 140
Trd, 4319784.443, 140
Trd, 4319784.643, 140
Trd, 4319786.343, 140
Trd, 4319786.543, 138
Trd, 4319787.893, 89
Trd, 4319788.293, 104
Trd, 4319789.093, 78
Trd, 4319789.393, 106
Trd, 4319790.393, 70
Trd, 4319790.843, 107
Trd, 4319792.193, 134
Trd, 4319792.243, 100
Trd, 4319792.743, 105
Trd, 4319795.643, 123
Trd, 4319795.843, 106
Trd, 4319795.943, 103
Trd, 4319796.493, 140
Trd, 4319796.843, 97
Trd, 4319797.193, 140
Trd, 4319797.343, 139
Trd, 4319799.393, 66
Trd, 4319800.943, 90
Trd, 4319801.693, 77
Trd, 4319802.443, 95
Trd, 4319803.293, 140
Trd, 4319805.143, 88
Trd, 4319805.243, 108
Trd, 4319805.643, 91
Trd, 4319806.793, 110
Trd, 4319807.193, 116
Trd, 4319808.243, 100
Trd, 4319808.543, 101
Trd, 4319808.943, 101
Trd, 4319809.543, 133
Trd, 4319809.843, 100
Trd, 4319810.543, 83
Trd, 4319811.843, 87
Trd, 4319812.343, 103
Trd, 4319813.543, 118
Trd, 4319813.643, 111
Trd, 4319815.193, 116
Trd, 4319815.543, 96
Trd, 4319815.793, 96
Trd, 4319816.343, 93
Trd, 4319817.393, 116
Trd, 4319819.243, 140
Trd, 4319819.543, 140
Trd, 4319820.093, 140
Trd, 4319820.193, 128
Trd, 4319821.143, 100
Trd, 4319822.293, 101
Trd, 4319823.893, 140
Trd, 4319824.343, 137
Trd, 4319825.243, 91
Trd, 4319826.693, 96
Trd, 4319827.293, 130
Trd, 4319827.493, 132
Trd, 4319828.543, 134
Trd, 4319828.993, 132
Trd, 4319829.293, 131
Trd, 4319829.893, 130
Trd, 4319831.543, 69
Trd, 4319831.893, 108
Trd, 4319833.293, 140
Trd, 4319833.593, 140
Trd, 4319834.093, 140
Trd, 4319835.193, 140
Trd, 4319835.843, 140
Trd, 4319837.193, 140
Trd, 4319837.243, 140
Trd, 4319837.393, 140
Trd, 4319838.043, 115
Trd, 4319839.793, 140
Trd, 4319840.193, 140
Trd, 4319841.093, 140
Trd, 4319841.443, 140
Trd, 4319842.043, 140
Trd, 4319842.243, 140
Trd, 4319842.743, 94
Trd, 4319842.993, 137
Trd, 4319843.593, 90
Trd, 4319843.993, 91
Trd, 4319844.743, 92
Trd, 4319845.693, 140
Trd, 4319846.643, 140
Trd, 4319846.743, 139
Trd, 4319847.743, 138
Trd, 4319847.943, 114
Trd, 4319849.543, 140
Trd, 4319850.043, 140
Trd, 4319850.893, 140
Trd, 4319851.643, 140
Trd, 4319852.543, 140
Trd, 4319853.093, 140
Trd, 4319853.643, 140
Trd, 4319853.743, 140
Trd, 4319855.293, 140
Trd, 4319855.393, 140
Trd, 4319856.393, 140
Trd, 4319856.643, 140
Trd, 4319856.793, 140
Trd, 4319857.893, 140
Trd, 4319857.943, 140
Trd, 4319858.593, 104
Trd, 4319858.743, 103
Trd, 4319861.043, 109
Trd, 4319861.693, 118
Trd, 4319861.743, 117
Trd, 4319862.993, 80
Trd, 4319863.243, 118
Trd, 4319863.993, 101
Trd, 4319865.543, 131
Trd, 4319865.593, 130
Trd, 4319865.743, 130
Trd, 4319866.043, 129
Trd, 4319866.093, 133
Trd, 4319866.393, 113
Trd, 4319867.393, 140
Trd, 4319868.193, 68
Trd, 4319868.793, 98
Trd, 4319870.743, 139
Trd, 4319871.643, 140
Trd, 4319871.943, 132
Trd, 4319872.293, 132
Trd, 4319872.593, 119
Trd, 4319873.343, 118
Trd, 4319873.693, 64
Trd, 4319873.993, 97
Trd, 4319875.393, 87
Trd, 4319875.443, 86
Trd, 4319877.243, 67
Trd, 4319877.893, 111
Trd, 4319878.143, 139
Trd, 4319879.143, 108
Trd, 4319880.043, 83
Trd, 4319880.343, 119
Trd, 4319880.643, 83
Trd, 4319881.793, 92
Trd, 4319882.243, 93
Trd, 4319882.343, 95
Trd, 4319882.493, 113
Trd, 4319882.943, 115
Trd, 4319883.143, 93
Trd, 4319884.493, 140
Trd, 4319884.693, 137
Trd, 4319886.793, 140
Trd, 4319887.243, 140
Trd, 4319887.993, 140
Trd, 4319889.593, 140
Trd, 4319889.793, 140
Trd, 4319890.943, 140
Trd, 4319892.243, 140
Trd, 4319892.593, 140
Trd, 4319893.193, 140
Trd, 4319894.293, 140
Trd, 4319894.693, 140
Trd, 4319895.343, 140
Trd, 4319896.343, 140
Trd, 4319896.793, 140
Trd, 4319897.293, 140
Trd, 4319898.343, 140
Trd, 4319898.993, 139
Trd, 4319899.143, 115
Trd, 4319899.693, 133
Trd, 4319899.993, 134
Trd, 4319900.493, 116
Trd, 4319900.943, 117
Trd, 4319901.743, 79
Trd, 4319902.093, 79
Trd, 4319903.793, 83
Trd, 4319904.193, 101
Trd, 4319904.943, 133
Trd, 4319905.143, 133
Trd, 4319905.743, 115
Trd, 4319907.493, 134
Trd, 4319907.843, 106
Trd, 4319908.943, 140
Trd, 4319909.293, 140
Trd, 4319909.543, 140
Trd, 4319910.393, 116
Trd, 4319911.493, 114
Trd, 4319911.593, 90
Trd, 4319912.843, 138
Trd, 4319913.843, 140
Trd, 4319914.243, 140
Trd, 4319915.493, 140
Trd, 4319916.143, 140
Trd, 4319916.743, 140
Trd, 4319917.043, 139
Trd, 4319917.443, 137
Trd, 4319917.943, 138
Trd, 4319918.793, 140
Trd, 4319919.543, 140
Trd, 4319919.893, 118
Trd, 4319920.893, 119
Trd, 4319921.043, 92
Trd, 4319921.943, 91
Trd, 4319923.143, 62
Trd, 4319923.643, 64
Trd, 4319924.843, 66
Trd, 4319924.893, 64
Trd, 4319926.193, 93
Trd, 4319927.443, 140
Trd, 4319927.643, 140
Trd, 4319927.843, 140
Trd, 4319928.543, 115
Trd, 4319929.693, 114
Trd, 4319931.343, 118
Trd, 4319931.643, 120
Trd, 4319931.943, 138
Trd, 4319932.093, 139
Trd, 4319932.543, 133
Trd, 4319932.693, 118
Trd, 4319933.693, 122
Trd, 4319934.293, 123
Trd, 4319934.793, 119
Trd, 4319934.993, 104
Trd, 4319936.343, 140
Trd, 4319936.593, 137
Trd, 4319937.943, 126
Trd, 4319938.943, 113
Trd, 4319939.343, 112
Trd, 4319940.293, 134
Trd, 4319940.943, 140
Trd, 4319941.193, 140
Trd, 4319941.343, 128
Trd, 4319943.243, 98
Trd, 4319943.843, 140
Trd, 4319944.343, 127
Trd, 4319946.893, 107
Trd, 4319947.343, 119
Trd, 4319947.593, 136
Trd, 4319947.893, 108
Trd, 4319948.493, 123
Trd, 4319949.143, 136
Trd, 4319949.293, 135
Trd, 4319949.743, 137
Trd, 4319950.443, 140
Trd, 4319951.643, 140
Trd, 4319952.293, 140
Trd, 4319952.743, 140
Trd, 4319953.243, 101
Trd, 4319954.193, 104
Trd, 4319954.293, 118
Trd, 4319955.043, 96
Trd, 4319956.193, 140
Trd, 4319956.393, 132
Trd, 4319957.243, 105
Trd, 4319958.843, 71
Trd, 4319959.443, 93
Trd, 4319959.993, 78
Trd, 4319960.043, 76
Trd, 4319960.993, 78
Trd, 4319961.093, 94
Trd, 4319961.893, 98
Trd, 4319963.143, 83
Trd, 4319965.393, 102
Trd, 4319965.443, 89
Trd, 4319965.643, 89
Trd, 4319965.693, 88
Trd, 4319966.743, 103
Trd, 4319966.943, 104
Trd, 4319968.043, 89
Trd, 4319970.193, 74
Trd, 4319971.343, 95
Trd, 4319975.493, 80
Trd, 4319976.143, 81
Trd, 4319976.893, 140
Trd, 4319977.143, 140
Trd, 4319977.193, 140
Trd, 4319977.693, 140
Trd, 4319978.693, 140
Trd, 4319978.743, 138
Trd, 4319979.143, 140
Trd, 4319979.893, 126
Trd, 4319980.043, 124
Trd, 4319981.043, 133
Trd, 4319982.043, 139
Trd, 4319982.693, 132
Trd, 4319984.843, 140
Trd, 4319985.043, 140
Trd, 4319986.293, 140
Trd, 4319987.043, 140
Trd, 4319987.543, 140
Trd, 4319989.243, 140
Trd, 4319989.393, 140
Trd, 4319989.543, 139
Trd, 4319989.843, 131
Trd, 4319990.743, 106
Trd, 4319991.393, 129
Trd, 4319991.693, 96
Trd, 4319992.393, 92
Trd, 4319993.343, 140
Trd, 4319994.143, 140
Trd, 4319994.393, 140
Trd, 4319994.893, 110
Trd, 4319995.843, 114
Trd, 4319996.293, 115
Trd, 4319996.543, 104
Trd, 4319996.893, 124
Trd, 4319997.693, 85
Trd, 4319998.093, 76
Trd, 4319999.043, 128
Trd, 4319999.693, 140
