Trd, 4318119.443, 113
Trd, 4318120.393, 102
Trd, 4318120.843, 128
Trd, 4318120.893, 93
Trd, 4318121.043, 86
Trd, 4318122.243, 110
Trd, 4318122.543, 100
Trd, 4318123.843, 127
Trd, 4318123.893, 121
Trd, 4318124.493, 119
Trd, 4318125.193, 130
Trd, 4318125.443, 117
Trd, 4318126.943, 118
Trd, 4318127.043, 107
Trd, 4318127.193, 104
Trd, 4318127.643, 118
Trd, 4318128.593, 97
Trd, 4318129.293, 95
Trd, 4318129.543, 88
Trd, 4318131.043, 88
Trd, 4318131.193, 83
Trd, 4318131.893, 135
Trd, 4318133.243, 75
Trd, 4318134.243, 104
Trd, 4318134.393, 82
Trd, 4318134.443, 82
Trd, 4318135.243, 136
Trd, 4318135.393, 130
Trd, 4318136.643, 129
Trd, 4318137.243, 119
Trd, 4318138.393, 135
Trd, 4318138.793, 127
Trd, 4318140.193, 134
Trd, 4318141.693, 124
Trd, 4318142.143, 122
Trd, 4318142.193, 109
Trd, 4318142.793, 135
Trd, 4318143.393, 129
Trd, 4318144.493, 133
Trd, 4318145.143, 112
Trd, 4318145.893, 111
Trd, 4318146.743, 106
Trd, 4318147.793, 93
Trd, 4318148.293, 112
Trd, 4318149.393, 85
Trd, 4318149.543, 100
Trd, 4318150.793, 99
Trd, 4318151.993, 120
Trd, 4318152.693, 97
Trd, 4318152.943, 96
Trd, 4318153.743, 99
Trd, 4318155.843, 132
Trd, 4318156.043, 113
Trd, 4318156.243, 107
Trd, 4318156.643, 109
Trd, 4318156.693, 80
Trd, 4318157.143, 92
Trd, 4318157.893, 114
Trd, 4318159.943, 102
Trd, 4318159.993, 78
Trd, 4318160.443, 109
Trd, 4318160.693, 108
Trd, 4318160.793, 102
Trd, 4318161.243, 128
Trd, 4318162.593, 103
Trd, 4318163.443, 69
Trd, 4318164.193, 62
Trd, 4318165.643, 62
Trd, 4318166.693, 63
Trd, 4318166.743, 73
Trd, 4318167.793, 81
Trd, 4318168.543, 97
Trd, 4318169.043, 117
Trd, 4318170.043, 116
Trd, 4318170.193, 114
Trd, 4318171.043, 124
Trd, 4318171.743, 112
Trd, 4318171.893, 109
Trd, 4318172.093, 65
Trd, 4318172.643, 116
Trd, 4318175.643, 66
Trd, 4318175.893, 98
Trd, 4318176.643, 68
Trd, 4318177.243, 74
Trd, 4318177.993, 85
Trd, 4318179.393, 93
Trd, 4318180.243, 136
Trd, 4318180.593, 99
Trd, 4318180.893, 90
Trd, 4318181.893, 126
Trd, 4318182.843, 121
Trd, 4318183.793, 116
Trd, 4318184.393, 112
Trd, 4318184.693, 109
Trd, 4318184.843, 91
Trd, 4318185.193, 101
Trd, 4318186.143, 81
Trd, 4318188.143, 115
Trd, 4318188.843, 117
Trd, 4318189.093, 129
Trd, 4318190.793, 135
Trd, 4318191.043, 111
Trd, 4318191.093, 111
Trd, 4318191.493, 140
Trd, 4318191.893, 125
Trd, 4318192.243, 124
Trd, 4318194.243, 127
Trd, 4318195.493, 126
Trd, 4318196.143, 130
Trd, 4318198.193, 117
Trd, 4318198.793, 127
Trd, 4318199.393, 111
Trd, 4318199.593, 100
Trd, 4318200.443, 82
Trd, 4318200.993, 85
Trd, 4318201.693, 74
Trd, 4318204.343, 62
Trd, 4318204.393, 62
Trd, 4318204.693, 66
Trd, 4318204.793, 73
Trd, 4318205.943, 136
Trd, 4318206.043, 134
Trd, 4318206.993, 136
Trd, 4318207.793, 130
Trd, 4318208.043, 121
Trd, 4318209.793, 133
Trd, 4318209.893, 131
Trd, 4318210.543, 139
Trd, 4318210.893, 131
Trd, 4318211.093, 129
Trd, 4318211.343, 97
Trd, 4318211.493, 85
Trd, 4318213.743, 122
Trd, 4318214.193, 129
Trd, 4318215.293, 135
Trd, 4318215.443, 115
Trd, 4318215.743, 113
Trd, 4318217.093, 113
Trd, 4318217.943, 126
Trd, 4318219.493, 107
Trd, 4318220.243, 106
Trd, 4318221.093, 90
Trd, 4318221.693, 81
Trd, 4318222.193, 86
Trd, 4318222.443, 93
Trd, 4318223.493, 114
Trd, 4318223.793, 126
Trd, 4318224.543, 101
Trd, 4318225.943, 102
Trd, 4318227.043, 117
Trd, 4318227.743, 112
Trd, 4318227.793, 111
Trd, 4318230.043, 88
Trd, 4318230.293, 121
Trd, 4318231.393, 120
Trd, 4318231.543, 84
Trd, 4318232.443, 140
Trd, 4318232.843, 137
Trd, 4318232.893, 135
Trd, 4318233.093, 124
Trd, 4318233.393, 109
Trd, 4318234.443, 61
Trd, 4318235.843, 120
Trd, 4318236.743, 116
Trd, 4318236.843, 114
Trd, 4318236.943, 114
Trd, 4318238.543, 80
Trd, 4318239.293, 65
Trd, 4318240.593, 77
Trd, 4318241.993, 65
Trd, 4318243.543, 137
Trd, 4318243.893, 128
Trd, 4318245.343, 111
Trd, 4318245.643, 114
Trd, 4318246.393, 130
Trd, 4318246.493, 109
Trd, 4318247.593, 96
Trd, 4318247.643, 95
Trd, 4318248.943, 133
Trd, 4318249.443, 66
Trd, 4318250.793, 67
Trd, 4318250.893, 66
Trd, 4318250.943, 72
Trd, 4318251.893, 76
Trd, 4318252.193, 73
Trd, 4318253.443, 121
Trd, 4318255.393, 110
Trd, 4318255.643, 109
Trd, 4318256.243, 99
Trd, 4318256.393, 114
Trd, 4318256.743, 102
Trd, 4318257.993, 121
Trd, 4318259.043, 109
Trd, 4318259.743, 137
Trd, 4318259.843, 128
Trd, 4318261.143, 98
Trd, 4318261.743, 108
Trd, 4318261.843, 94
Trd, 4318263.143, 111
Trd, 4318263.293, 90
Trd, 4318264.743, 68
Trd, 4318265.093, 65
Trd, 4318265.893, 99
Trd, 4318266.593, 104
Trd, 4318266.943, 96
Trd, 4318267.443, 107
Trd, 4318269.893, 138
Trd, 4318269.943, 129
Trd, 4318270.943, 92
Trd, 4318271.093, 69
Trd, 4318271.393, 72
Trd, 4318271.893, 84
Trd, 4318274.043, 104
Trd, 4318274.143, 103
Trd, 4318275.593, 139
Trd, 4318276.093, 101
Trd, 4318276.393, 105
Trd, 4318276.793, 114
Trd, 4318277.193, 107
Trd, 4318277.893, 80
Trd, 4318278.543, 75
Trd, 4318279.743, 139
Trd, 4318280.943, 137
Trd, 4318281.243, 135
Trd, 4318281.293, 94
Trd, 4318281.893, 139
Trd, 4318281.943, 130
Trd, 4318282.393, 114
Trd, 4318283.143, 118
Trd, 4318283.443, 110
Trd, 4318284.093, 103
Trd, 4318286.143, 88
Trd, 4318287.393, 117
Trd, 4318287.693, 115
Trd, 4318288.293, 113
Trd, 4318289.343, 128
Trd, 4318289.443, 103
Trd, 4318289.593, 84
Trd, 4318289.943, 90
Trd, 4318290.093, 84
Trd, 4318290.943, 83
Trd, 4318292.493, 118
Trd, 4318293.193, 110
Trd, 4318294.343, 118
Trd, 4318295.193, 108
Trd, 4318295.293, 103
Trd, 4318296.543, 136
Trd, 4318296.843, 112
Trd, 4318297.243, 111
Trd, 4318297.443, 110
Trd, 4318299.193, 118
Trd, 4318299.543, 134
Trd, 4318299.643, 97
Trd, 4318300.443, 130
Trd, 4318300.993, 121
Trd, 4318303.543, 112
Trd, 4318303.693, 108
Trd, 4318304.143, 98
Trd, 4318304.393, 120
Trd, 4318304.893, 119
Trd, 4318305.043, 109
Trd, 4318305.993, 85
Trd, 4318306.843, 84
Trd, 4318307.443, 116
Trd, 4318307.793, 111
Trd, 4318308.593, 105
Trd, 4318309.143, 89
Trd, 4318311.093, 115
Trd, 4318311.643, 107
Trd, 4318311.893, 106
Trd, 4318312.343, 104
Trd, 4318313.493, 137
Trd, 4318313.993, 92
Trd, 4318314.443, 101
Trd, 4318314.493, 78
Trd, 4318316.293, 132
Trd, 4318317.193, 128
Trd, 4318317.493, 126
Trd, 4318317.843, 127
Trd, 4318318.143, 94
Trd, 4318318.343, 90
Trd, 4318319.493, 136
Trd, 4318320.443, 123
Trd, 4318321.543, 120
Trd, 4318321.843, 118
Trd, 4318322.143, 115
Trd, 4318322.443, 106
Trd, 4318323.243, 132
Trd, 4318323.743, 117
Trd, 4318324.893, 105
Trd, 4318325.693, 124
Trd, 4318326.443, 111
Trd, 4318327.293, 120
Trd, 4318327.343, 118
Trd, 4318327.493, 117
Trd, 4318328.393, 108
Trd, 4318329.143, 92
Trd, 4318329.293, 101
Trd, 4318329.843, 99
Trd, 4318331.193, 122
Trd, 4318332.143, 120
Trd, 4318333.193, 108
Trd, 4318333.743, 109
Trd, 4318334.393, 101
Trd, 4318334.993, 111
Trd, 4318335.543, 103
Trd, 4318336.043, 108
Trd, 4318336.943, 103
Trd, 4318337.243, 121
Trd, 4318338.543, 90
Trd, 4318338.743, 125
Trd, 4318339.743, 104
Trd, 4318339.993, 98
Trd, 4318341.543, 128
Trd, 4318343.143, 124
Trd, 4318343.243, 122
Trd, 4318343.343, 116
Trd, 4318345.193, 129
Trd, 4318346.593, 120
Trd, 4318346.743, 131
Trd, 4318347.093, 103
Trd, 4318347.943, 92
Trd, 4318348.243, 91
Trd, 4318349.443, 111
Trd, 4318350.093, 94
Trd, 4318350.343, 93
Trd, 4318352.243, 132
Trd, 4318352.743, 130
Trd, 4318352.793, 121
Trd, 4318352.843, 120
Trd, 4318353.043, 112
Trd, 4318353.543, 107
Trd, 4318354.443, 136
Trd, 4318354.493, 130
Trd, 4318355.743, 121
Trd, 4318355.993, 119
Trd, 4318356.143, 108
Trd, 4318357.693, 81
Trd, 4318358.793, 131
Trd, 4318359.293, 129
Trd, 4318360.243, 130
Trd, 4318360.643, 118
Trd, 4318362.493, 114
Trd, 4318362.743, 104
Trd, 4318363.193, 134
Trd, 4318364.943, 140
Trd, 4318365.293, 134
Trd, 4318366.043, 132
Trd, 4318366.093, 130
Trd, 4318366.493, 120
Trd, 4318366.943, 86
Trd, 4318367.443, 139
Trd, 4318368.043, 85
Trd, 4318369.343, 121
Trd, 4318369.593, 120
Trd, 4318369.743, 92
Trd, 4318370.193, 111
Trd, 4318370.943, 101
Trd, 4318372.093, 115
Trd, 4318372.643, 62
Trd, 4318374.443, 70
Trd, 4318374.743, 68
Trd, 4318375.143, 76
Trd, 4318376.393, 139
Trd, 4318376.693, 71
Trd, 4318378.243, 92
Trd, 4318378.893, 91
Trd, 4318379.043, 92
Trd, 4318379.493, 90
Trd, 4318379.843, 90
Trd, 4318381.843, 138
Trd, 4318382.043, 136
Trd, 4318382.943, 134
Trd, 4318383.243, 130
Trd, 4318383.493, 124
Trd, 4318383.593, 106
Trd, 4318384.743, 126
Trd, 4318384.993, 104
Trd, 4318385.643, 62
Trd, 4318386.343, 66
Trd, 4318387.293, 84
Trd, 4318388.593, 140
Trd, 4318388.693, 89
Trd, 4318389.793, 100
Trd, 4318389.893, 130
Trd, 4318391.793, 130
Trd, 4318391.843, 120
Trd, 4318392.393, 116
Trd, 4318392.493, 114
Trd, 4318392.743, 86
Trd, 4318394.593, 108
Trd, 4318394.743, 111
Trd, 4318395.743, 60
Trd, 4318395.893, 60
Trd, 4318397.243, 86
Trd, 4318397.893, 94
Trd, 4318398.043, 84
Trd, 4318400.493, 106
Trd, 4318400.693, 88
Trd, 4318400.843, 109
Trd, 4318401.393, 68
Trd, 4318401.993, 71
Trd, 4318403.193, 114
Trd, 4318404.243, 64
Trd, 4318404.893, 77
Trd, 4318405.693, 60
Trd, 4318407.743, 64
Trd, 4318407.843, 77
Trd, 4318409.993, 88
Trd, 4318412.093, 109
Trd, 4318412.943, 121
Trd, 4318412.993, 119
Trd, 4318413.593, 113
Trd, 4318414.293, 113
Trd, 4318414.693, 102
Trd, 4318415.893, 136
Trd, 4318416.293, 117
Trd, 4318417.193, 83
Trd, 4318417.843, 133
Trd, 4318419.493, 79
Trd, 4318419.693, 111
Trd, 4318419.793, 78
Trd, 4318420.543, 75
Trd, 4318420.793, 99
Trd, 4318421.093, 72
Trd, 4318422.543, 134
Trd, 4318423.093, 68
Trd, 4318423.793, 68
Trd, 4318423.993, 67
Trd, 4318427.193, 101
Trd, 4318428.093, 135
Trd, 4318428.193, 133
Trd, 4318429.043, 78
Trd, 4318429.443, 99
Trd, 4318429.993, 89
Trd, 4318430.243, 72
Trd, 4318430.993, 107
Trd, 4318432.293, 130
Trd, 4318432.343, 108
Trd, 4318432.493, 101
Trd, 4318433.293, 116
Trd, 4318435.493, 108
Trd, 4318436.343, 112
Trd, 4318436.843, 102
Trd, 4318437.593, 101
Trd, 4318437.643, 100
Trd, 4318438.093, 101
Trd, 4318439.043, 82
Trd, 4318439.543, 60
Trd, 4318439.993, 86
Trd, 4318440.793, 97
Trd, 4318442.243, 100
Trd, 4318443.243, 94
Trd, 4318444.143, 102
Trd, 4318444.443, 102
Trd, 4318444.843, 113
Trd, 4318444.893, 109
Trd, 4318445.393, 120
Trd, 4318446.193, 107
Trd, 4318446.593, 107
Trd, 4318448.043, 108
Trd, 4318448.543, 101
Trd, 4318448.593, 96
Trd, 4318450.793, 101
Trd, 4318451.543, 104
Trd, 4318451.743, 94
Trd, 4318451.893, 94
Trd, 4318452.293, 129
Trd, 4318452.843, 91
Trd, 4318455.293, 121
Trd, 4318455.393, 121
Trd, 4318455.543, 115
Trd, 4318455.893, 121
Trd, 4318456.543, 121
Trd, 4318458.243, 108
Trd, 4318459.643, 81
Trd, 4318460.193, 133
Trd, 4318460.393, 113
Trd, 4318461.843, 122
Trd, 4318462.193, 132
Trd, 4318462.793, 120
Trd, 4318463.993, 114
Trd, 4318465.693, 113
Trd, 4318465.793, 117
Trd, 4318465.843, 106
Trd, 4318466.293, 109
Trd, 4318466.793, 107
Trd, 4318468.343, 122
Trd, 4318468.543, 115
Trd, 4318469.093, 107
Trd, 4318470.643, 112
Trd, 4318470.943, 110
Trd, 4318472.343, 115
Trd, 4318472.493, 108
Trd, 4318473.193, 80
Trd, 4318473.293, 134
Trd, 4318474.293, 69
Trd, 4318475.043, 67
Trd, 4318475.343, 70
Trd, 4318475.993, 132
Trd, 4318477.093, 112
Trd, 4318477.543, 102
Trd, 4318478.493, 133
Trd, 4318479.043, 80
Trd, 4318479.893, 65
Trd, 4318480.243, 74
Trd, 4318480.793, 90
Trd, 4318482.293, 80
Trd, 4318482.793, 81
Trd, 4318483.443, 96
Trd, 4318483.593, 83
Trd, 4318484.893, 107
Trd, 4318486.393, 124
Trd, 4318486.443, 122
Trd, 4318486.493, 121
Trd, 4318487.793, 110
Trd, 4318487.843, 109
Trd, 4318487.893, 113
Trd, 4318487.943, 107
Trd, 4318489.093, 70
Trd, 4318490.043, 126
Trd, 4318490.293, 71
Trd, 4318491.893, 123
Trd, 4318492.743, 114
Trd, 4318493.443, 107
Trd, 4318493.493, 93
Trd, 4318494.143, 94
Trd, 4318494.293, 83
Trd, 4318495.093, 86
Trd, 4318496.943, 60
Trd, 4318498.293, 80
Trd, 4318498.893, 82
Trd, 4318499.293, 74
Trd, 4318499.393, 85
Trd, 4318501.393, 81
Trd, 4318502.943, 115
Trd, 4318503.093, 114
Trd, 4318503.243, 107
Trd, 4318505.343, 122
Trd, 4318505.393, 120
Trd, 4318505.943, 119
Trd, 4318506.743, 112
Trd, 4318508.343, 110
Trd, 4318508.993, 107
Trd, 4318509.093, 106
Trd, 4318509.293, 114
Trd, 4318509.743, 125
Trd, 4318510.743, 105
Trd, 4318511.143, 106
Trd, 4318511.943, 117
Trd, 4318512.293, 91
Trd, 4318512.743, 128
Trd, 4318513.443, 121
Trd, 4318514.443, 129
Trd, 4318514.593, 119
Trd, 4318515.293, 112
Trd, 4318515.943, 103
Trd, 4318516.393, 75
Trd, 4318516.493, 69
Trd, 4318518.143, 95
Trd, 4318518.993, 109
Trd, 4318519.493, 61
Trd, 4318519.993, 60
Trd, 4318520.293, 87
Trd, 4318522.743, 94
Trd, 4318523.643, 90
Trd, 4318523.693, 90
Trd, 4318524.193, 89
Trd, 4318524.493, 90
Trd, 4318525.243, 91
Trd, 4318525.393, 91
Trd, 4318526.443, 98
Trd, 4318527.143, 96
Trd, 4318527.543, 76
Trd, 4318529.093, 136
Trd, 4318530.143, 98
Trd, 4318530.593, 110
Trd, 4318531.343, 129
Trd, 4318531.593, 78
Trd, 4318531.793, 75
Trd, 4318531.843, 74
Trd, 4318533.043, 139
Trd, 4318533.943, 115
Trd, 4318533.993, 113
Trd, 4318535.143, 135
Trd, 4318536.593, 137
Trd, 4318536.943, 129
Trd, 4318538.143, 100
Trd, 4318538.343, 117
Trd, 4318540.593, 98
Trd, 4318541.143, 101
Trd, 4318541.593, 129
Trd, 4318541.843, 115
Trd, 4318543.593, 122
Trd, 4318543.943, 117
Trd, 4318543.993, 113
Trd, 4318544.693, 88
Trd, 4318544.843, 87
Trd, 4318544.893, 86
Trd, 4318545.093, 81
Trd, 4318547.093, 78
Trd, 4318548.493, 60
Trd, 4318548.693, 122
Trd, 4318549.393, 65
Trd, 4318551.343, 62
Trd, 4318552.143, 99
Trd, 4318553.643, 77
Trd, 4318553.993, 69
Trd, 4318554.893, 66
Trd, 4318556.793, 69
Trd, 4318557.343, 67
Trd, 4318557.393, 66
Trd, 4318557.443, 79
Trd, 4318558.493, 64
Trd, 4318559.143, 97
Trd, 4318559.393, 133
Trd, 4318560.193, 84
Trd, 4318561.193, 77
Trd, 4318561.343, 106
Trd, 4318562.393, 66
Trd, 4318562.693, 61
Trd, 4318563.293, 86
Trd, 4318564.543, 90
Trd, 4318567.393, 132
Trd, 4318567.543, 112
Trd, 4318567.593, 106
Trd, 4318568.343, 123
Trd, 4318570.143, 127
Trd, 4318570.593, 129
Trd, 4318570.993, 125
Trd, 4318571.343, 125
Trd, 4318571.543, 113
Trd, 4318572.843, 139
Trd, 4318573.043, 116
Trd, 4318573.593, 101
Trd, 4318575.043, 139
Trd, 4318576.293, 127
Trd, 4318576.793, 123
Trd, 4318577.093, 132
Trd, 4318577.843, 119
Trd, 4318577.943, 117
Trd, 4318578.743, 109
Trd, 4318578.943, 108
Trd, 4318579.543, 96
Trd, 4318580.143, 82
Trd, 4318580.743, 104
Trd, 4318580.993, 96
Trd, 4318581.843, 75
Trd, 4318583.793, 124
Trd, 4318583.993, 123
Trd, 4318584.593, 76
Trd, 4318584.843, 75
Trd, 4318586.343, 120
Trd, 4318586.993, 110
Trd, 4318587.093, 84
Trd, 4318589.493, 78
Trd, 4318589.593, 81
Trd, 4318590.943, 100
Trd, 4318591.393, 97
Trd, 4318592.193, 83
Trd, 4318592.993, 82
Trd, 4318593.393, 86
Trd, 4318593.943, 68
Trd, 4318594.793, 78
Trd, 4318595.793, 115
Trd, 4318596.793, 102
Trd, 4318597.643, 99
Trd, 4318597.693, 93
Trd, 4318598.343, 94
Trd, 4318601.193, 112
Trd, 4318601.793, 109
Trd, 4318602.843, 138
Trd, 4318603.543, 137
Trd, 4318603.843, 135
Trd, 4318604.093, 138
Trd, 4318604.343, 131
Trd, 4318605.993, 140
Trd, 4318606.493, 131
Trd, 4318606.793, 112
Trd, 4318607.693, 105
Trd, 4318608.243, 104
Trd, 4318608.643, 120
Trd, 4318609.243, 93
Trd, 4318609.343, 89
Trd, 4318611.243, 114
Trd, 4318611.393, 116
Trd, 4318612.493, 117
Trd, 4318613.193, 126
Trd, 4318613.393, 105
Trd, 4318614.593, 93
Trd, 4318615.293, 66
Trd, 4318616.593, 67
Trd, 4318616.693, 64
Trd, 4318617.193, 121
Trd, 4318618.893, 124
Trd, 4318620.143, 124
Trd, 4318620.643, 133
Trd, 4318620.693, 131
Trd, 4318621.143, 123
Trd, 4318621.393, 99
Trd, 4318621.893, 84
Trd, 4318621.943, 69
Trd, 4318625.393, 83
Trd, 4318625.843, 111
Trd, 4318626.943, 94
Trd, 4318627.093, 93
Trd, 4318627.843, 92
Trd, 4318628.093, 79
Trd, 4318628.643, 75
Trd, 4318629.393, 95
Trd, 4318629.943, 72
Trd, 4318630.243, 84
Trd, 4318632.193, 121
Trd, 4318633.493, 119
Trd, 4318634.643, 115
Trd, 4318634.693, 115
Trd, 4318635.243, 105
Trd, 4318636.593, 140
Trd, 4318636.943, 128
Trd, 4318637.143, 127
Trd, 4318639.043, 118
Trd, 4318639.293, 107
Trd, 4318641.643, 117
Trd, 4318642.093, 116
Trd, 4318643.293, 111
Trd, 4318643.393, 129
Trd, 4318643.793, 110
Trd, 4318644.343, 115
Trd, 4318644.943, 114
Trd, 4318645.043, 112
Trd, 4318645.343, 107
Trd, 4318645.743, 102
Trd, 4318646.893, 134
Trd, 4318647.843, 128
Trd, 4318648.843, 116
Trd, 4318648.993, 115
Trd, 4318650.893, 101
Trd, 4318650.943, 95
Trd, 4318651.843, 113
Trd, 4318652.443, 76
Trd, 4318652.843, 103
Trd, 4318653.493, 68
Trd, 4318654.243, 68
Trd, 4318654.393, 107
Trd, 4318657.043, 70
Trd, 4318658.193, 123
Trd, 4318658.643, 76
Trd, 4318659.793, 75
Trd, 4318659.843, 74
Trd, 4318659.893, 69
Trd, 4318660.193, 103
Trd, 4318661.393, 67
Trd, 4318662.993, 70
Trd, 4318663.743, 95
Trd, 4318665.593, 94
Trd, 4318665.843, 74
Trd, 4318666.293, 85
Trd, 4318666.693, 85
Trd, 4318666.743, 103
Trd, 4318667.193, 98
Trd, 4318667.243, 70
Trd, 4318668.993, 98
Trd, 4318669.643, 93
Trd, 4318670.743, 92
Trd, 4318671.143, 102
Trd, 4318671.693, 90
Trd, 4318672.243, 113
Trd, 4318672.643, 102
Trd, 4318673.593, 137
Trd, 4318674.943, 110
Trd, 4318677.993, 120
Trd, 4318678.193, 119
Trd, 4318678.243, 119
Trd, 4318678.393, 111
Trd, 4318678.443, 106
Trd, 4318679.293, 93
Trd, 4318680.043, 86
Trd, 4318680.993, 119
Trd, 4318681.693, 65
Trd, 4318682.543, 85
Trd, 4318682.943, 120
Trd, 4318683.943, 140
Trd, 4318683.993, 137
Trd, 4318685.293, 101
Trd, 4318685.593, 101
Trd, 4318685.693, 104
Trd, 4318685.893, 80
Trd, 4318687.743, 137
Trd, 4318688.643, 135
Trd, 4318689.993, 138
Trd, 4318690.493, 134
Trd, 4318691.493, 124
Trd, 4318691.643, 120
Trd, 4318692.443, 114
Trd, 4318692.493, 112
Trd, 4318694.093, 61
Trd, 4318695.393, 96
Trd, 4318695.993, 101
Trd, 4318697.243, 95
Trd, 4318698.943, 74
Trd, 4318699.293, 65
Trd, 4318699.793, 99
Trd, 4318699.943, 126
Trd, 4318700.943, 68
Trd, 4318701.243, 86
Trd, 4318701.993, 110
Trd, 4318702.293, 103
Trd, 4318703.493, 85
Trd, 4318704.793, 99
Trd, 4318705.193, 88
Trd, 4318705.793, 131
Trd, 4318706.293, 111
Trd, 4318707.043, 110
Trd, 4318707.643, 129
Trd, 4318708.743, 119
Trd, 4318710.343, 115
Trd, 4318710.693, 133
Trd, 4318712.243, 134
Trd, 4318712.343, 129
Trd, 4318713.893, 115
Trd, 4318714.793, 108
Trd, 4318715.593, 93
Trd, 4318715.743, 88
Trd, 4318716.343, 129
Trd, 4318716.893, 117
Trd, 4318716.993, 105
Trd, 4318717.293, 88
Trd, 4318719.043, 95
Trd, 4318719.893, 82
Trd, 4318720.343, 133
Trd, 4318721.343, 102
Trd, 4318721.443, 82
Trd, 4318722.293, 78
Trd, 4318723.193, 127
Trd, 4318723.593, 84
Trd, 4318724.293, 87
Trd, 4318724.843, 76
Trd, 4318725.643, 87
Trd, 4318725.693, 75
Trd, 4318726.343, 92
Trd, 4318727.143, 114
Trd, 4318727.843, 112
Trd, 4318728.093, 102
Trd, 4318730.043, 109
Trd, 4318730.943, 105
Trd, 4318731.143, 105
Trd, 4318731.293, 97
Trd, 4318731.343, 93
Trd, 4318732.093, 133
Trd, 4318733.593, 107
Trd, 4318734.393, 136
Trd, 4318734.543, 121
Trd, 4318735.643, 127
Trd, 4318736.043, 113
Trd, 4318736.393, 139
Trd, 4318737.743, 120
Trd, 4318738.093, 124
Trd, 4318739.393, 124
Trd, 4318739.593, 131
Trd, 4318739.693, 114
Trd, 4318741.143, 111
Trd, 4318741.743, 112
Trd, 4318742.293, 82
Trd, 4318742.643, 136
Trd, 4318743.943, 99
Trd, 4318745.093, 102
Trd, 4318745.643, 110
Trd, 4318746.043, 112
Trd, 4318746.193, 105
Trd, 4318746.293, 99
Trd, 4318748.643, 140
Trd, 4318749.193, 126
Trd, 4318750.493, 118
Trd, 4318750.893, 112
Trd, 4318751.793, 108
Trd, 4318752.143, 107
Trd, 4318753.093, 102
Trd, 4318754.493, 113
Trd, 4318754.843, 113
Trd, 4318755.093, 104
Trd, 4318755.143, 103
Trd, 4318755.243, 123
Trd, 4318755.793, 101
Trd, 4318756.693, 79
Trd, 4318756.793, 86
Trd, 4318757.243, 76
Trd, 4318757.443, 75
Trd, 4318759.143, 78
Trd, 4318759.393, 76
Trd, 4318760.943, 125
Trd, 4318761.843, 133
Trd, 4318761.893, 131
Trd, 4318762.693, 129
Trd, 4318762.793, 126
Trd, 4318762.943, 124
Trd, 4318764.443, 136
Trd, 4318765.093, 136
Trd, 4318765.943, 121
Trd, 4318766.043, 117
Trd, 4318766.693, 114
Trd, 4318766.843, 114
Trd, 4318766.893, 112
Trd, 4318767.693, 126
Trd, 4318767.743, 124
Trd, 4318768.793, 89
Trd, 4318769.493, 88
Trd, 4318769.943, 137
Trd, 4318770.193, 103
Trd, 4318770.843, 79
Trd, 4318771.343, 127
Trd, 4318773.043, 83
Trd, 4318773.593, 98
Trd, 4318775.393, 82
Trd, 4318776.043, 79
Trd, 4318776.443, 82
Trd, 4318776.843, 61
Trd, 4318776.993, 73
Trd, 4318778.393, 130
Trd, 4318779.943, 108
Trd, 4318780.793, 129
Trd, 4318781.243, 127
Trd, 4318781.643, 127
Trd, 4318782.093, 113
Trd, 4318782.443, 106
Trd, 4318782.943, 123
Trd, 4318783.893, 84
Trd, 4318784.443, 122
Trd, 4318784.993, 107
Trd, 4318786.493, 97
Trd, 4318787.093, 96
Trd, 4318789.493, 97
Trd, 4318790.343, 94
Trd, 4318790.593, 130
Trd, 4318790.693, 90
Trd, 4318792.493, 88
Trd, 4318793.493, 90
Trd, 4318794.293, 91
Trd, 4318794.343, 117
Trd, 4318794.443, 71
Trd, 4318795.243, 134
Trd, 4318795.443, 83
Trd, 4318795.743, 60
Trd, 4318799.043, 60
Trd, 4318800.243, 64
Trd, 4318800.593, 112
Trd, 4318801.693, 106
Trd, 4318801.943, 95
Trd, 4318802.293, 110
Trd, 4318802.343, 85
Trd, 4318802.993, 84
Trd, 4318803.643, 66
Trd, 4318804.243, 78
Trd, 4318805.093, 66
Trd, 4318805.343, 104
Trd, 4318807.293, 81
Trd, 4318808.243, 79
Trd, 4318809.143, 102
Trd, 4318809.493, 80
Trd, 4318810.493, 92
Trd, 4318810.843, 60
Trd, 4318811.143, 67
Trd, 4318811.193, 100
Trd, 4318813.893, 133
Trd, 4318813.993, 127
Trd, 4318814.443, 135
Trd, 4318814.743, 125
Trd, 4318816.243, 112
Trd, 4318816.593, 111
Trd, 4318816.693, 109
Trd, 4318818.243, 121
Trd, 4318819.493, 133
Trd, 4318820.043, 98
Trd, 4318820.443, 100
Trd, 4318821.693, 114
Trd, 4318822.443, 112
Trd, 4318822.543, 92
Trd, 4318823.043, 84
Trd, 4318825.093, 96
Trd, 4318825.393, 108
Trd, 4318825.493, 108
Trd, 4318825.543, 101
Trd, 4318826.843, 78
Trd, 4318827.893, 139
Trd, 4318828.893, 118
Trd, 4318829.643, 136
Trd, 4318830.993, 134
Trd, 4318831.443, 134
Trd, 4318831.493, 125
Trd, 4318832.993, 127
Trd, 4318833.043, 117
Trd, 4318833.743, 111
Trd, 4318833.793, 83
Trd, 4318835.043, 140
Trd, 4318835.743, 103
Trd, 4318836.043, 102
Trd, 4318837.993, 126
Trd, 4318839.293, 103
Trd, 4318839.393, 103
Trd, 4318839.793, 136
Trd, 4318840.293, 132
Trd, 4318840.743, 112
Trd, 4318841.543, 110
Trd, 4318842.143, 125
Trd, 4318842.443, 98
Trd, 4318843.143, 71
Trd, 4318843.793, 93
Trd, 4318844.593, 86
Trd, 4318845.043, 118
Trd, 4318846.493, 120
Trd, 4318847.843, 101
Trd, 4318848.193, 93
Trd, 4318848.343, 92
Trd, 4318848.793, 87
Trd, 4318849.643, 82
Trd, 4318850.343, 119
Trd, 4318850.643, 117
Trd, 4318852.093, 126
Trd, 4318853.293, 137
Trd, 4318853.493, 135
Trd, 4318853.743, 135
Trd, 4318853.793, 127
Trd, 4318854.843, 93
Trd, 4318856.293, 129
Trd, 4318857.043, 134
Trd, 4318857.543, 98
Trd, 4318857.893, 97
Trd, 4318858.693, 132
Trd, 4318858.743, 121
Trd, 4318859.543, 122
Trd, 4318859.893, 64
Trd, 4318860.893, 61
Trd, 4318861.693, 80
Trd, 4318863.193, 94
Trd, 4318863.493, 92
Trd, 4318864.293, 83
Trd, 4318864.993, 73
Trd, 4318865.943, 78
Trd, 4318866.543, 61
Trd, 4318866.693, 79
Trd, 4318868.793, 75
Trd, 4318869.293, 105
Trd, 4318869.843, 76
Trd, 4318870.193, 76
Trd, 4318871.293, 125
Trd, 4318871.393, 66
Trd, 4318872.143, 138
Trd, 4318872.393, 136
Trd, 4318872.493, 101
Trd, 4318873.593, 123
Trd, 4318874.543, 129
Trd, 4318875.743, 118
Trd, 4318876.743, 128
Trd, 4318877.193, 126
Trd, 4318877.493, 123
Trd, 4318878.393, 111
Trd, 4318878.943, 126
Trd, 4318879.293, 96
Trd, 4318880.693, 83
Trd, 4318882.843, 113
Trd, 4318883.143, 113
Trd, 4318883.443, 93
Trd, 4318884.543, 139
Trd, 4318885.093, 135
Trd, 4318885.543, 131
Trd, 4318886.193, 119
Trd, 4318886.743, 119
Trd, 4318887.193, 134
Trd, 4318887.593, 130
Trd, 4318889.093, 135
Trd, 4318890.243, 124
Trd, 4318891.493, 129
Trd, 4318892.443, 136
Trd, 4318892.593, 125
Trd, 4318892.793, 109
Trd, 4318893.093, 100
Trd, 4318893.943, 93
Trd, 4318894.793, 98
Trd, 4318895.293, 71
Trd, 4318895.343, 70
Trd, 4318895.593, 108
Trd, 4318897.543, 96
Trd, 4318899.243, 79
Trd, 4318899.643, 111
Trd, 4318900.093, 98
Trd, 4318900.643, 70
Trd, 4318901.643, 64
Trd, 4318903.343, 60
Trd, 4318904.443, 60
Trd, 4318905.393, 87
Trd, 4318905.593, 92
Trd, 4318906.143, 118
Trd, 4318906.693, 63
Trd, 4318906.893, 65
Trd, 4318907.293, 65
Trd, 4318908.143, 70
Trd, 4318908.393, 75
Trd, 4318908.943, 79
Trd, 4318911.393, 69
Trd, 4318912.543, 67
Trd, 4318914.543, 114
Trd, 4318914.643, 112
Trd, 4318914.743, 123
Trd, 4318915.343, 110
Trd, 4318915.743, 105
Trd, 4318916.543, 115
Trd, 4318919.693, 136
Trd, 4318920.443, 128
Trd, 4318920.593, 127
Trd, 4318921.643, 134
Trd, 4318921.843, 132
Trd, 4318921.943, 119
Trd, 4318921.993, 106
Trd, 4318922.743, 91
Trd, 4318924.143, 136
Trd, 4318925.543, 132
Trd, 4318925.743, 128
Trd, 4318926.043, 127
Trd, 4318926.443, 132
Trd, 4318926.543, 89
Trd, 4318929.093, 103
Trd, 4318929.693, 134
Trd, 4318930.793, 97
Trd, 4318931.593, 95
Trd, 4318932.993, 112
Trd, 4318933.193, 106
Trd, 4318933.843, 102
Trd, 4318933.943, 100
Trd, 4318934.693, 100
Trd, 4318935.893, 121
Trd, 4318937.143, 111
Trd, 4318937.393, 108
Trd, 4318938.143, 109
Trd, 4318939.193, 109
Trd, 4318940.543, 127
Trd, 4318941.243, 123
Trd, 4318941.693, 109
Trd, 4318941.843, 108
Trd, 4318942.243, 90
Trd, 4318943.743, 136
Trd, 4318944.043, 130
Trd, 4318944.243, 69
Trd, 4318946.893, 73
Trd, 4318948.443, 131
Trd, 4318948.593, 127
Trd, 4318949.043, 125
Trd, 4318949.293, 122
Trd, 4318950.093, 128
Trd, 4318950.243, 126
Trd, 4318950.343, 83
Trd, 4318950.643, 91
Trd, 4318950.943, 135
Trd, 4318951.993, 69
Trd, 4318952.143, 96
Trd, 4318953.893, 60
Trd, 4318955.093, 71
Trd, 4318956.293, 72
Trd, 4318957.243, 84
Trd, 4318958.443, 75
Trd, 4318958.493, 85
Trd, 4318958.943, 81
Trd, 4318959.443, 111
Trd, 4318960.093, 70
Trd, 4318961.543, 93
Trd, 4318961.843, 132
Trd, 4318962.043, 124
Trd, 4318962.293, 134
Trd, 4318963.143, 130
Trd, 4318963.793, 68
Trd, 4318964.243, 62
Trd, 4318965.543, 60
Trd, 4318967.193, 65
Trd, 4318967.543, 77
Trd, 4318968.543, 123
Trd, 4318969.843, 90
Trd, 4318969.943, 88
Trd, 4318970.193, 84
Trd, 4318970.743, 75
Trd, 4318971.043, 61
Trd, 4318972.493, 77
Trd, 4318972.843, 115
Trd, 4318973.443, 85
Trd, 4318974.043, 87
Trd, 4318974.843, 83
Trd, 4318975.543, 65
Trd, 4318976.593, 132
Trd, 4318976.693, 94
Trd, 4318976.743, 89
Trd, 4318978.643, 104
Trd, 4318978.893, 102
Trd, 4318980.693, 102
Trd, 4318981.393, 93
Trd, 4318981.993, 79
Trd, 4318983.293, 116
Trd, 4318983.793, 104
Trd, 4318983.943, 98
Trd, 4318984.743, 89
Trd, 4318984.893, 95
Trd, 4318986.643, 76
Trd, 4318986.843, 100
Trd, 4318987.093, 83
Trd, 4318988.893, 115
Trd, 4318989.693, 104
Trd, 4318989.843, 104
Trd, 4318989.943, 83
Trd, 4318990.393, 97
Trd, 4318990.443, 100
Trd, 4318992.393, 81
Trd, 4318993.043, 86
Trd, 4318993.943, 98
Trd, 4318994.343, 97
Trd, 4318995.043, 99
Trd, 4318995.493, 96
Trd, 4318995.543, 88
Trd, 4318995.943, 107
Trd, 4318997.593, 79
Trd, 4318997.793, 77
Trd, 4318998.843, 126
Trd, 4318999.593, 93
Trd, 4319000.943, 89
Trd, 4319001.393, 129
Trd, 4319002.043, 86
Trd, 4319003.343, 128
Trd, 4319003.793, 104
Trd, 4319003.993, 103
Trd, 4319005.543, 136
Trd, 4319005.643, 134
Trd, 4319005.843, 92
Trd, 4319007.993, 135
Trd, 4319008.243, 127
Trd, 4319009.643, 128
Trd, 4319009.743, 126
Trd, 4319009.893, 78
Trd, 4319010.643, 68
Trd, 4319011.643, 137
Trd, 4319011.693, 128
Trd, 4319013.243, 123
Trd, 4319013.343, 117
Trd, 4319014.193, 127
Trd, 4319015.093, 107
Trd, 4319015.193, 104
Trd, 4319015.693, 103
Trd, 4319017.143, 92
Trd, 4319017.343, 69
Trd, 4319017.993, 75
Trd, 4319018.693, 92
Trd, 4319019.543, 66
Trd, 4319020.793, 67
Trd, 4319021.243, 67
Trd, 4319024.043, 99
Trd, 4319024.193, 122
Trd, 4319024.493, 99
Trd, 4319025.293, 99
Trd, 4319025.493, 98
Trd, 4319025.793, 96
Trd, 4319026.193, 91
Trd, 4319026.743, 139
Trd, 4319027.993, 132
Trd, 4319028.693, 107
Trd, 4319028.943, 79
Trd, 4319029.293, 87
Trd, 4319031.243, 108
Trd, 4319031.443, 96
Trd, 4319031.843, 88
Trd, 4319032.793, 60
Trd, 4319033.343, 61
Trd, 4319033.843, 72
Trd, 4319034.543, 61
Trd, 4319035.343, 69
Trd, 4319036.193, 82
Trd, 4319038.443, 81
Trd, 4319038.693, 102
Trd, 4319038.793, 97
Trd, 4319039.343, 98
Trd, 4319039.693, 81
Trd, 4319041.243, 64
Trd, 4319042.593, 102
Trd, 4319043.143, 76
Trd, 4319043.493, 76
Trd, 4319043.593, 75
Trd, 4319044.593, 65
Trd, 4319045.393, 98
Trd, 4319046.093, 134
Trd, 4319046.143, 132
Trd, 4319046.643, 114
Trd, 4319047.893, 107
Trd, 4319047.993, 106
Trd, 4319048.693, 100
Trd, 4319048.743, 84
Trd, 4319049.293, 116
Trd, 4319051.043, 68
Trd, 4319051.443, 75
Trd, 4319053.043, 73
Trd, 4319054.493, 129
Trd, 4319054.643, 126
Trd, 4319055.293, 87
Trd, 4319056.493, 130
Trd, 4319056.743, 128
Trd, 4319057.743, 122
Trd, 4319057.793, 118
Trd, 4319057.943, 116
Trd, 4319058.543, 139
Trd, 4319058.793, 119
Trd, 4319058.893, 119
Trd, 4319059.793, 112
Trd, 4319060.243, 101
Trd, 4319060.843, 100
Trd, 4319063.293, 110
Trd, 4319063.993, 119
Trd, 4319064.693, 108
Trd, 4319065.093, 106
Trd, 4319065.443, 110
Trd, 4319066.443, 119
Trd, 4319067.943, 132
Trd, 4319068.493, 130
Trd, 4319068.593, 117
Trd, 4319070.293, 140
Trd, 4319070.393, 137
Trd, 4319070.493, 130
Trd, 4319070.743, 125
Trd, 4319072.443, 135
Trd, 4319072.643, 126
Trd, 4319072.743, 118
Trd, 4319073.393, 78
Trd, 4319074.193, 113
Trd, 4319075.793, 106
Trd, 4319076.293, 134
Trd, 4319077.193, 130
Trd, 4319077.943, 133
Trd, 4319077.993, 126
Trd, 4319079.543, 103
Trd, 4319080.693, 99
Trd, 4319080.793, 96
Trd, 4319081.043, 104
Trd, 4319081.443, 128
Trd, 4319082.593, 126
Trd, 4319082.993, 124
Trd, 4319083.543, 120
Trd, 4319083.743, 96
Trd, 4319085.543, 100
Trd, 4319085.993, 122
Trd, 4319086.593, 114
Trd, 4319086.743, 112
Trd, 4319087.043, 68
Trd, 4319088.393, 136
Trd, 4319088.743, 90
Trd, 4319090.893, 124
Trd, 4319092.293, 112
Trd, 4319092.343, 111
Trd, 4319092.793, 127
Trd, 4319092.993, 100
Trd, 4319094.293, 99
Trd, 4319094.793, 121
Trd, 4319095.193, 135
Trd, 4319095.343, 129
Trd, 4319096.193, 114
Trd, 4319097.143, 101
Trd, 4319097.193, 95
Trd, 4319097.393, 95
Trd, 4319099.393, 102
Trd, 4319100.643, 138
Trd, 4319101.143, 136
Trd, 4319101.493, 134
Trd, 4319101.743, 121
Trd, 4319101.943, 85
Trd, 4319102.593, 130
Trd, 4319103.443, 108
Trd, 4319104.093, 112
Trd, 4319104.393, 107
Trd, 4319104.843, 105
Trd, 4319105.593, 138
Trd, 4319106.493, 100
Trd, 4319108.093, 60
Trd, 4319108.793, 60
Trd, 4319108.943, 110
Trd, 4319110.043, 95
Trd, 4319110.293, 92
Trd, 4319111.893, 83
Trd, 4319111.943, 91
Trd, 4319112.343, 81
Trd, 4319113.293, 116
Trd, 4319114.843, 103
Trd, 4319115.343, 107
Trd, 4319117.443, 139
Trd, 4319118.043, 116
Trd, 4319118.143, 114
Trd, 4319118.243, 108
Trd, 4319118.343, 129
Trd, 4319119.293, 104
Trd, 4319120.143, 105
Trd, 4319120.593, 127
Trd, 4319121.243, 101
Trd, 4319121.293, 96
Trd, 4319121.543, 118
Trd, 4319123.493, 98
Trd, 4319124.893, 95
Trd, 4319125.143, 95
Trd, 4319125.593, 74
Trd, 4319127.193, 129
Trd, 4319128.143, 131
Trd, 4319128.943, 125
Trd, 4319129.343, 125
Trd, 4319129.593, 120
Trd, 4319130.443, 127
Trd, 4319131.993, 116
Trd, 4319132.893, 113
Trd, 4319134.693, 114
Trd, 4319134.843, 110
Trd, 4319135.793, 115
Trd, 4319136.343, 111
Trd, 4319137.043, 101
Trd, 4319137.743, 105
Trd, 4319138.193, 105
Trd, 4319138.593, 99
Trd, 4319139.043, 112
Trd, 4319140.243, 130
Trd, 4319140.293, 123
Trd, 4319141.893, 138
Trd, 4319141.993, 128
Trd, 4319142.743, 83
Trd, 4319143.093, 83
Trd, 4319143.493, 91
Trd, 4319143.843, 84
Trd, 4319144.693, 81
Trd, 4319145.143, 72
Trd, 4319146.043, 101
Trd, 4319147.343, 87
Trd, 4319147.593, 91
Trd, 4319147.643, 86
Trd, 4319149.043, 120
Trd, 4319149.793, 104
Trd, 4319149.893, 93
Trd, 4319150.393, 60
Trd, 4319150.843, 81
Trd, 4319153.193, 68
Trd, 4319153.343, 62
Trd, 4319153.693, 86
Trd, 4319155.393, 95
Trd, 4319156.193, 134
Trd, 4319156.843, 117
Trd, 4319158.543, 126
Trd, 4319158.743, 140
Trd, 4319159.243, 124
Trd, 4319160.043, 124
Trd, 4319160.093, 98
Trd, 4319161.293, 135
Trd, 4319161.493, 117
Trd, 4319162.293, 104
Trd, 4319163.143, 87
Trd, 4319163.843, 69
Trd, 4319164.843, 104
Trd, 4319165.493, 68
Trd, 4319165.593, 69
Trd, 4319165.693, 66
Trd, 4319167.393, 138
Trd, 4319167.443, 92
Trd, 4319167.843, 106
Trd, 4319168.993, 107
Trd, 4319169.943, 133
Trd, 4319171.193, 127
Trd, 4319171.643, 107
Trd, 4319172.843, 118
Trd, 4319173.243, 127
Trd, 4319173.543, 140
Trd, 4319173.793, 108
Trd, 4319173.843, 107
Trd, 4319175.243, 106
Trd, 4319176.643, 121
Trd, 4319178.143, 118
Trd, 4319179.193, 140
Trd, 4319179.693, 117
Trd, 4319179.793, 115
Trd, 4319180.143, 122
Trd, 4319182.093, 113
Trd, 4319182.643, 108
Trd, 4319182.843, 111
Trd, 4319183.143, 106
Trd, 4319183.493, 97
Trd, 4319184.393, 115
Trd, 4319185.393, 60
Trd, 4319185.493, 77
Trd, 4319186.643, 98
Trd, 4319187.893, 118
Trd, 4319189.093, 92
Trd, 4319189.843, 99
Trd, 4319190.143, 94
Trd, 4319190.843, 95
Trd, 4319192.493, 88
Trd, 4319192.693, 93
Trd, 4319193.243, 85
Trd, 4319193.493, 102
Trd, 4319194.443, 123
Trd, 4319194.543, 121
Trd, 4319195.343, 109
Trd, 4319196.393, 115
Trd, 4319198.043, 126
Trd, 4319198.193, 124
Trd, 4319198.293, 120
Trd, 4319198.343, 113
Trd, 4319198.443, 108
Trd, 4319199.543, 98
Trd, 4319199.793, 80
Trd, 4319199.943, 76
Trd, 4319201.093, 125
Trd, 4319201.743, 131
Trd, 4319202.643, 137
Trd, 4319204.543, 106
Trd, 4319205.043, 94
Trd, 4319205.493, 129
Trd, 4319205.593, 94
Trd, 4319205.893, 125
Trd, 4319208.843, 80
Trd, 4319208.993, 75
Trd, 4319209.493, 64
Trd, 4319210.843, 65
Trd, 4319211.793, 70
Trd, 4319213.393, 82
Trd, 4319213.993, 66
Trd, 4319214.593, 90
Trd, 4319215.243, 88
Trd, 4319216.693, 118
Trd, 4319216.893, 75
Trd, 4319216.993, 74
Trd, 4319217.293, 117
Trd, 4319218.643, 91
Trd, 4319218.793, 93
Trd, 4319219.043, 90
Trd, 4319219.543, 137
Trd, 4319221.393, 99
Trd, 4319221.493, 105
Trd, 4319222.093, 93
Trd, 4319223.543, 124
Trd, 4319224.093, 114
Trd, 4319224.443, 112
Trd, 4319224.493, 119
Trd, 4319224.793, 112
Trd, 4319225.093, 84
Trd, 4319225.593, 87
Trd, 4319225.943, 132
Trd, 4319228.343, 112
Trd, 4319228.393, 107
Trd, 4319230.043, 91
Trd, 4319230.243, 83
Trd, 4319230.443, 117
Trd, 4319230.593, 91
Trd, 4319231.093, 129
Trd, 4319231.493, 70
Trd, 4319232.293, 88
Trd, 4319233.743, 94
Trd, 4319234.893, 98
Trd, 4319235.043, 107
Trd, 4319235.343, 97
Trd, 4319235.493, 102
Trd, 4319237.393, 133
Trd, 4319238.993, 93
Trd, 4319239.243, 96
Trd, 4319239.993, 90
Trd, 4319240.243, 100
Trd, 4319240.493, 90
Trd, 4319240.943, 96
Trd, 4319241.093, 88
Trd, 4319242.443, 96
Trd, 4319243.993, 103
Trd, 4319245.293, 139
Trd, 4319245.693, 103
Trd, 4319245.743, 102
Trd, 4319246.593, 137
Trd, 4319246.793, 135
Trd, 4319246.993, 126
Trd, 4319247.293, 122
Trd, 4319248.043, 125
Trd, 4319248.643, 115
Trd, 4319249.593, 96
Trd, 4319250.843, 106
Trd, 4319252.293, 60
Trd, 4319252.943, 68
Trd, 4319254.193, 70
Trd, 4319254.393, 84
Trd, 4319254.493, 69
Trd, 4319255.543, 111
Trd, 4319256.693, 89
Trd, 4319257.543, 74
Trd, 4319259.343, 115
Trd, 4319259.543, 112
Trd, 4319260.193, 135
Trd, 4319262.693, 125
Trd, 4319262.743, 118
Trd, 4319263.343, 120
Trd, 4319264.293, 134
Trd, 4319264.493, 132
Trd, 4319264.693, 128
Trd, 4319264.943, 108
Trd, 4319266.043, 76
Trd, 4319267.293, 64
Trd, 4319267.693, 134
Trd, 4319268.143, 129
Trd, 4319269.993, 96
Trd, 4319270.193, 110
Trd, 4319270.543, 95
Trd, 4319271.393, 81
Trd, 4319272.443, 137
Trd, 4319273.443, 124
Trd, 4319273.493, 124
Trd, 4319274.393, 110
Trd, 4319274.493, 99
Trd, 4319274.693, 117
Trd, 4319275.043, 83
Trd, 4319276.943, 63
Trd, 4319277.843, 107
Trd, 4319278.393, 93
Trd, 4319279.543, 60
Trd, 4319279.793, 62
Trd, 4319280.643, 86
Trd, 4319281.093, 81
Trd, 4319281.643, 130
Trd, 4319282.093, 85
Trd, 4319282.943, 78
Trd, 4319282.993, 73
Trd, 4319284.293, 84
Trd, 4319284.393, 98
Trd, 4319285.193, 66
Trd, 4319286.593, 67
Trd, 4319287.593, 122
Trd, 4319287.843, 131
Trd, 4319288.893, 128
Trd, 4319289.293, 125
Trd, 4319289.893, 75
Trd, 4319290.143, 137
Trd, 4319290.193, 94
Trd, 4319293.293, 137
Trd, 4319293.693, 130
Trd, 4319293.743, 106
Trd, 4319294.593, 132
Trd, 4319294.743, 112
Trd, 4319295.043, 100
Trd, 4319296.243, 112
Trd, 4319297.043, 98
Trd, 4319297.593, 99
Trd, 4319297.993, 100
Trd, 4319298.743, 61
Trd, 4319299.993, 140
Trd, 4319300.043, 104
Trd, 4319300.843, 85
Trd, 4319301.793, 74
Trd, 4319302.193, 91
Trd, 4319303.043, 89
Trd, 4319303.243, 73
Trd, 4319304.743, 116
Trd, 4319305.093, 82
Trd, 4319305.793, 100
Trd, 4319308.043, 140
Trd, 4319308.293, 137
Trd, 4319309.043, 113
Trd, 4319309.193, 106
Trd, 4319309.293, 105
Trd, 4319310.343, 130
Trd, 4319310.693, 134
Trd, 4319310.943, 132
Trd, 4319314.893, 120
Trd, 4319315.043, 109
Trd, 4319315.643, 107
Trd, 4319316.593, 109
Trd, 4319316.643, 108
Trd, 4319316.793, 82
Trd, 4319317.143, 105
Trd, 4319318.143, 132
Trd, 4319318.293, 119
Trd, 4319318.793, 113
Trd, 4319318.843, 108
Trd, 4319318.893, 105
Trd, 4319319.443, 62
Trd, 4319321.143, 79
Trd, 4319322.043, 115
Trd, 4319322.293, 117
Trd, 4319322.343, 103
Trd, 4319323.443, 113
Trd, 4319323.543, 103
Trd, 4319324.943, 127
Trd, 4319325.093, 119
Trd, 4319327.193, 117
Trd, 4319327.543, 115
Trd, 4319327.843, 98
Trd, 4319329.843, 107
Trd, 4319330.293, 132
Trd, 4319330.843, 99
Trd, 4319331.343, 89
Trd, 4319332.993, 116
Trd, 4319333.543, 92
Trd, 4319334.143, 83
Trd, 4319334.943, 92
Trd, 4319335.543, 99
Trd, 4319336.793, 130
Trd, 4319337.143, 114
Trd, 4319337.743, 128
Trd, 4319337.943, 115
Trd, 4319339.143, 116
Trd, 4319339.343, 109
Trd, 4319339.443, 108
Trd, 4319339.493, 71
Trd, 4319340.043, 83
Trd, 4319342.293, 114
Trd, 4319343.193, 112
Trd, 4319344.493, 112
Trd, 4319344.993, 110
Trd, 4319345.343, 107
Trd, 4319345.893, 97
Trd, 4319346.293, 138
Trd, 4319347.393, 124
Trd, 4319348.193, 120
Trd, 4319349.143, 112
Trd, 4319349.843, 98
Trd, 4319350.043, 97
Trd, 4319350.993, 89
Trd, 4319351.443, 99
Trd, 4319351.893, 124
Trd, 4319352.793, 97
Trd, 4319352.843, 80
Trd, 4319353.993, 127
Trd, 4319354.593, 60
Trd, 4319355.793, 79
Trd, 4319356.093, 134
Trd, 4319357.393, 60
Trd, 4319357.693, 62
Trd, 4319358.493, 73
Trd, 4319359.793, 126
Trd, 4319359.943, 124
Trd, 4319360.143, 118
Trd, 4319361.643, 119
Trd, 4319362.243, 127
Trd, 4319362.793, 89
Trd, 4319363.643, 121
Trd, 4319364.443, 123
Trd, 4319364.693, 110
Trd, 4319364.793, 110
Trd, 4319365.643, 129
Trd, 4319365.893, 78
Trd, 4319367.093, 75
Trd, 4319368.543, 132
Trd, 4319368.843, 130
Trd, 4319368.993, 123
Trd, 4319369.193, 121
Trd, 4319370.443, 110
Trd, 4319373.243, 127
Trd, 4319373.343, 137
Trd, 4319373.993, 120
Trd, 4319374.293, 118
Trd, 4319374.943, 108
Trd, 4319375.143, 105
Trd, 4319376.143, 121
Trd, 4319376.343, 101
Trd, 4319376.493, 100
Trd, 4319378.243, 94
Trd, 4319378.593, 109
Trd, 4319378.793, 90
Trd, 4319379.893, 69
Trd, 4319380.743, 104
Trd, 4319381.093, 103
Trd, 4319382.893, 99
Trd, 4319383.193, 104
Trd, 4319383.343, 94
Trd, 4319383.543, 127
Trd, 4319384.593, 108
Trd, 4319384.643, 89
Trd, 4319384.943, 122
Trd, 4319386.593, 61
Trd, 4319387.293, 67
Trd, 4319387.343, 122
Trd, 4319388.593, 99
Trd, 4319388.843, 88
Trd, 4319389.443, 94
Trd, 4319389.743, 78
Trd, 4319391.493, 67
Trd, 4319391.843, 95
Trd, 4319393.043, 74
Trd, 4319393.893, 139
Trd, 4319394.143, 100
Trd, 4319394.993, 124
Trd, 4319395.343, 122
Trd, 4319395.593, 123
Trd, 4319395.743, 115
Trd, 4319397.993, 133
Trd, 4319398.643, 136
Trd, 4319399.393, 124
Trd, 4319399.493, 121
Trd, 4319399.893, 97
Trd, 4319400.043, 89
Trd, 4319400.793, 82
Trd, 4319401.343, 79
Trd, 4319402.343, 78
Trd, 4319404.043, 122
Trd, 4319404.143, 114
Trd, 4319405.393, 136
Trd, 4319405.443, 124
Trd, 4319405.593, 100
Trd, 4319406.343, 90
Trd, 4319406.693, 116
Trd, 4319407.143, 129
Trd, 4319407.443, 101
Trd, 4319407.693, 90
Trd, 4319409.293, 100
Trd, 4319409.593, 106
Trd, 4319409.693, 65
Trd, 4319410.843, 136
Trd, 4319411.243, 134
Trd, 4319411.593, 135
Trd, 4319412.493, 103
Trd, 4319413.343, 108
Trd, 4319414.493, 117
Trd, 4319415.943, 114
Trd, 4319416.443, 102
Trd, 4319416.893, 95
Trd, 4319418.943, 112
Trd, 4319419.143, 111
Trd, 4319419.493, 106
Trd, 4319420.093, 101
Trd, 4319420.643, 88
Trd, 4319420.843, 138
Trd, 4319421.893, 139
Trd, 4319422.793, 107
Trd, 4319423.743, 105
Trd, 4319424.043, 73
Trd, 4319424.543, 60
Trd, 4319424.893, 77
Trd, 4319425.443, 101
Trd, 4319426.493, 61
Trd, 4319427.593, 63
Trd, 4319428.243, 67
Trd, 4319428.893, 62
Trd, 4319430.293, 78
Trd, 4319430.593, 99
Trd, 4319431.243, 64
Trd, 4319434.243, 93
Trd, 4319434.493, 68
Trd, 4319434.893, 123
Trd, 4319435.243, 89
Trd, 4319435.693, 99
Trd, 4319436.143, 72
Trd, 4319438.843, 113
Trd, 4319439.543, 140
Trd, 4319440.893, 118
Trd, 4319442.443, 127
Trd, 4319442.493, 127
Trd, 4319443.343, 126
Trd, 4319443.393, 118
Trd, 4319443.493, 113
Trd, 4319445.193, 115
Trd, 4319445.593, 123
Trd, 4319445.843, 114
Trd, 4319446.693, 111
Trd, 4319446.793, 108
Trd, 4319447.993, 124
Trd, 4319448.743, 125
Trd, 4319450.443, 129
Trd, 4319451.843, 133
Trd, 4319451.893, 121
Trd, 4319451.943, 101
Trd, 4319453.593, 125
Trd, 4319454.443, 119
Trd, 4319454.493, 117
Trd, 4319454.543, 111
Trd, 4319455.293, 65
Trd, 4319455.943, 67
Trd, 4319456.143, 77
Trd, 4319456.393, 73
Trd, 4319457.593, 61
Trd, 4319457.693, 69
Trd, 4319459.043, 86
Trd, 4319460.143, 125
Trd, 4319461.093, 131
Trd, 4319461.143, 129
Trd, 4319462.643, 127
Trd, 4319463.293, 123
Trd, 4319463.843, 104
Trd, 4319464.743, 107
Trd, 4319465.093, 107
Trd, 4319465.893, 128
Trd, 4319466.043, 107
Trd, 4319466.593, 101
Trd, 4319467.393, 90
Trd, 4319469.243, 111
Trd, 4319469.293, 110
Trd, 4319469.393, 97
Trd, 4319470.093, 113
Trd, 4319470.843, 133
Trd, 4319470.943, 111
Trd, 4319471.193, 82
Trd, 4319472.493, 70
Trd, 4319473.243, 88
Trd, 4319473.643, 91
Trd, 4319474.543, 70
Trd, 4319475.693, 130
Trd, 4319476.193, 72
Trd, 4319476.243, 71
Trd, 4319477.843, 109
Trd, 4319478.243, 93
Trd, 4319478.543, 121
Trd, 4319479.693, 90
Trd, 4319482.293, 62
Trd, 4319482.443, 66
Trd, 4319483.643, 74
Trd, 4319484.193, 73
Trd, 4319485.643, 121
Trd, 4319485.943, 88
Trd, 4319486.993, 94
Trd, 4319487.293, 111
Trd, 4319487.593, 93
Trd, 4319487.693, 70
Trd, 4319489.193, 138
Trd, 4319490.043, 120
Trd, 4319490.193, 118
Trd, 4319491.693, 128
Trd, 4319492.993, 126
Trd, 4319493.593, 112
Trd, 4319493.843, 130
Trd, 4319495.443, 110
Trd, 4319496.043, 111
Trd, 4319496.193, 110
Trd, 4319496.843, 95
Trd, 4319497.043, 90
Trd, 4319498.993, 136
Trd, 4319499.393, 133
Trd, 4319500.193, 111
Trd, 4319500.443, 111
Trd, 4319500.993, 109
Trd, 4319502.193, 126
Trd, 4319502.593, 105
Trd, 4319504.443, 135
Trd, 4319504.693, 133
Trd, 4319505.093, 120
Trd, 4319505.243, 116
Trd, 4319505.343, 104
Trd, 4319506.243, 137
Trd, 4319506.443, 105
Trd, 4319507.843, 107
Trd, 4319507.993, 106
Trd, 4319508.243, 130
Trd, 4319508.643, 126
Trd, 4319509.843, 97
Trd, 4319510.293, 114
Trd, 4319511.893, 96
Trd, 4319512.843, 60
Trd, 4319513.143, 69
Trd, 4319514.693, 86
Trd, 4319514.743, 82
Trd, 4319514.843, 73
Trd, 4319516.943, 130
Trd, 4319517.043, 128
Trd, 4319517.343, 82
Trd, 4319517.793, 110
Trd, 4319518.743, 122
Trd, 4319519.043, 120
Trd, 4319519.343, 115
Trd, 4319519.543, 89
Trd, 4319520.193, 119
Trd, 4319520.843, 60
Trd, 4319520.893, 65
Trd, 4319522.093, 99
Trd, 4319524.443, 76
Trd, 4319524.843, 81
Trd, 4319524.993, 84
Trd, 4319526.193, 103
Trd, 4319526.393, 84
Trd, 4319527.243, 64
Trd, 4319528.793, 66
Trd, 4319529.543, 66
Trd, 4319530.843, 67
Trd, 4319530.893, 66
Trd, 4319531.043, 112
Trd, 4319531.993, 63
Trd, 4319532.593, 64
Trd, 4319533.593, 102
Trd, 4319533.743, 101
Trd, 4319534.043, 93
Trd, 4319536.093, 115
Trd, 4319537.393, 107
Trd, 4319537.693, 101
Trd, 4319538.393, 123
Trd, 4319538.543, 101
Trd, 4319540.943, 134
Trd, 4319541.193, 130
Trd, 4319541.843, 128
Trd, 4319542.093, 119
Trd, 4319542.193, 107
Trd, 4319542.393, 132
Trd, 4319542.943, 94
Trd, 4319543.693, 93
Trd, 4319544.843, 109
Trd, 4319545.593, 84
Trd, 4319545.743, 78
Trd, 4319547.143, 132
Trd, 4319548.343, 139
Trd, 4319548.543, 131
Trd, 4319549.393, 121
Trd, 4319549.993, 114
Trd, 4319550.493, 111
Trd, 4319550.943, 102
Trd, 4319552.043, 107
Trd, 4319553.143, 61
Trd, 4319553.193, 66
Trd, 4319553.593, 84
Trd, 4319553.643, 83
Trd, 4319554.393, 130
Trd, 4319554.493, 128
Trd, 4319554.593, 104
Trd, 4319555.443, 83
Trd, 4319556.993, 131
Trd, 4319557.143, 129
Trd, 4319557.443, 113
Trd, 4319559.293, 126
Trd, 4319559.693, 124
Trd, 4319560.343, 120
Trd, 4319560.843, 108
Trd, 4319561.143, 102
Trd, 4319561.993, 139
Trd, 4319562.343, 133
Trd, 4319563.393, 117
Trd, 4319563.743, 130
Trd, 4319564.693, 128
Trd, 4319566.043, 122
Trd, 4319566.543, 133
Trd, 4319566.993, 102
Trd, 4319567.643, 119
Trd, 4319568.043, 115
Trd, 4319568.143, 108
Trd, 4319569.043, 123
Trd, 4319569.193, 105
Trd, 4319570.643, 118
Trd, 4319571.293, 97
Trd, 4319572.043, 89
Trd, 4319572.293, 95
Trd, 4319572.793, 80
Trd, 4319573.893, 124
Trd, 4319574.843, 119
Trd, 4319575.293, 135
Trd, 4319577.843, 60
Trd, 4319578.293, 63
Trd, 4319579.643, 85
Trd, 4319579.993, 115
Trd, 4319580.893, 108
Trd, 4319581.493, 98
Trd, 4319582.443, 75
Trd, 4319582.893, 83
Trd, 4319583.843, 107
Trd, 4319585.593, 86
Trd, 4319585.893, 94
Trd, 4319586.043, 82
Trd, 4319587.593, 103
Trd, 4319587.743, 111
Trd, 4319588.943, 86
Trd, 4319589.543, 82
Trd, 4319589.693, 95
Trd, 4319590.043, 77
Trd, 4319590.193, 76
Trd, 4319590.393, 88
Trd, 4319591.343, 107
Trd, 4319592.543, 123
Trd, 4319592.643, 115
Trd, 4319593.943, 123
Trd, 4319594.693, 113
Trd, 4319595.193, 128
Trd, 4319597.443, 100
Trd, 4319597.543, 99
Trd, 4319597.743, 130
Trd, 4319598.443, 124
Trd, 4319599.143, 101
Trd, 4319599.793, 93
Trd, 4319600.793, 91
Trd, 4319601.093, 80
Trd, 4319602.143, 82
Trd, 4319602.443, 81
Trd, 4319602.943, 130
Trd, 4319604.143, 82
Trd, 4319604.593, 103
Trd, 4319604.893, 129
Trd, 4319605.143, 77
Trd, 4319607.543, 118
Trd, 4319608.493, 110
Trd, 4319608.693, 108
Trd, 4319608.843, 106
Trd, 4319609.243, 95
Trd, 4319610.193, 112
Trd, 4319610.243, 109
Trd, 4319611.443, 114
Trd, 4319611.493, 91
Trd, 4319612.793, 109
Trd, 4319613.843, 64
Trd, 4319614.793, 66
Trd, 4319616.043, 116
Trd, 4319617.443, 104
Trd, 4319617.543, 104
Trd, 4319617.643, 103
Trd, 4319619.143, 113
Trd, 4319619.443, 134
Trd, 4319621.943, 124
Trd, 4319622.093, 124
Trd, 4319622.293, 117
Trd, 4319622.793, 109
Trd, 4319623.093, 95
Trd, 4319623.193, 92
Trd, 4319624.293, 110
Trd, 4319624.993, 73
Trd, 4319626.343, 68
Trd, 4319626.843, 91
Trd, 4319628.093, 86
Trd, 4319628.243, 88
Trd, 4319629.193, 90
Trd, 4319630.293, 111
Trd, 4319631.493, 113
Trd, 4319632.443, 116
Trd, 4319632.693, 122
Trd, 4319634.393, 106
Trd, 4319634.743, 105
Trd, 4319635.293, 102
Trd, 4319635.393, 94
Trd, 4319636.543, 137
Trd, 4319637.143, 135
Trd, 4319637.543, 119
Trd, 4319637.893, 88
Trd, 4319637.993, 96
Trd, 4319639.243, 98
Trd, 4319640.443, 94
Trd, 4319641.243, 108
Trd, 4319641.443, 117
Trd, 4319641.793, 104
Trd, 4319642.143, 123
Trd, 4319642.993, 131
Trd, 4319643.643, 129
Trd, 4319644.393, 127
Trd, 4319644.443, 113
Trd, 4319645.693, 134
Trd, 4319646.193, 98
Trd, 4319646.593, 80
Trd, 4319648.393, 107
Trd, 4319648.593, 127
Trd, 4319649.493, 134
Trd, 4319650.443, 121
Trd, 4319650.593, 119
Trd, 4319651.943, 128
Trd, 4319652.193, 123
Trd, 4319652.543, 123
Trd, 4319653.443, 122
Trd, 4319653.643, 110
Trd, 4319654.593, 69
Trd, 4319655.593, 66
Trd, 4319656.543, 84
Trd, 4319656.643, 66
Trd, 4319658.043, 76
Trd, 4319658.693, 63
Trd, 4319659.493, 101
Trd, 4319659.643, 96
Trd, 4319660.643, 78
Trd, 4319661.093, 101
Trd, 4319662.193, 68
Trd, 4319663.193, 69
Trd, 4319663.593, 60
Trd, 4319665.443, 96
Trd, 4319665.893, 95
Trd, 4319666.043, 89
Trd, 4319666.793, 115
Trd, 4319666.843, 126
Trd, 4319667.543, 86
Trd, 4319667.793, 79
Trd, 4319668.943, 125
Trd, 4319670.193, 138
Trd, 4319670.593, 136
Trd, 4319670.743, 132
Trd, 4319671.393, 122
Trd, 4319671.643, 92
Trd, 4319671.943, 90
Trd, 4319672.893, 107
Trd, 4319673.343, 92
Trd, 4319675.143, 101
Trd, 4319675.693, 95
Trd, 4319675.793, 92
Trd, 4319676.093, 91
Trd, 4319676.943, 139
Trd, 4319677.543, 136
Trd, 4319678.443, 114
Trd, 4319678.993, 109
Trd, 4319679.643, 137
Trd, 4319680.243, 127
Trd, 4319680.943, 126
Trd, 4319681.893, 139
Trd, 4319682.743, 100
Trd, 4319683.493, 101
Trd, 4319683.993, 122
Trd, 4319684.443, 120
Trd, 4319686.343, 112
Trd, 4319686.493, 102
Trd, 4319686.693, 88
Trd, 4319687.393, 99
Trd, 4319687.943, 88
Trd, 4319688.543, 96
Trd, 4319689.293, 64
Trd, 4319690.793, 129
Trd, 4319691.643, 92
Trd, 4319692.743, 119
Trd, 4319693.043, 122
Trd, 4319693.593, 106
Trd, 4319694.093, 105
Trd, 4319695.393, 111
Trd, 4319696.593, 136
Trd, 4319696.893, 110
Trd, 4319697.693, 109
Trd, 4319698.143, 122
Trd, 4319699.443, 135
Trd, 4319700.593, 113
Trd, 4319702.043, 106
Trd, 4319702.093, 104
Trd, 4319702.443, 123
Trd, 4319702.543, 119
Trd, 4319702.593, 65
Trd, 4319703.393, 121
Trd, 4319704.243, 89
Trd, 4319704.443, 101
Trd, 4319705.793, 76
Trd, 4319706.693, 90
Trd, 4319706.943, 81
Trd, 4319707.093, 81
Trd, 4319709.093, 106
Trd, 4319710.093, 140
Trd, 4319710.143, 137
Trd, 4319710.743, 70
Trd, 4319711.643, 99
Trd, 4319712.543, 112
Trd, 4319712.793, 81
Trd, 4319712.993, 114
Trd, 4319713.493, 69
Trd, 4319714.193, 79
Trd, 4319714.743, 75
Trd, 4319715.293, 71
Trd, 4319716.393, 68
Trd, 4319716.443, 81
Trd, 4319716.793, 63
Trd, 4319717.393, 86
Trd, 4319719.293, 118
Trd, 4319719.593, 91
Trd, 4319720.793, 81
Trd, 4319720.843, 80
Trd, 4319720.993, 72
Trd, 4319721.293, 124
Trd, 4319721.843, 124
Trd, 4319722.343, 99
Trd, 4319722.743, 89
Trd, 4319722.993, 117
Trd, 4319723.543, 87
Trd, 4319725.043, 88
Trd, 4319725.443, 65
Trd, 4319726.143, 73
Trd, 4319727.093, 63
Trd, 4319728.443, 66
Trd, 4319729.293, 98
Trd, 4319729.793, 97
Trd, 4319730.643, 81
Trd, 4319731.593, 106
Trd, 4319732.393, 105
Trd, 4319732.543, 79
Trd, 4319734.043, 115
Trd, 4319734.593, 116
Trd, 4319735.143, 120
Trd, 4319736.243, 123
Trd, 4319736.893, 111
Trd, 4319737.893, 96
Trd, 4319738.193, 100
Trd, 4319738.593, 93
Trd, 4319739.093, 92
Trd, 4319739.643, 87
Trd, 4319740.593, 100
Trd, 4319741.293, 60
Trd, 4319741.943, 60
Trd, 4319743.293, 133
Trd, 4319743.443, 124
Trd, 4319743.743, 120
Trd, 4319744.243, 119
Trd, 4319745.993, 117
Trd, 4319747.193, 115
Trd, 4319747.343, 113
Trd, 4319747.393, 116
Trd, 4319748.843, 110
Trd, 4319750.143, 119
Trd, 4319750.993, 135
Trd, 4319751.643, 138
Trd, 4319751.793, 129
Trd, 4319752.643, 139
Trd, 4319752.743, 128
Trd, 4319753.243, 109
Trd, 4319754.393, 126
Trd, 4319754.693, 109
Trd, 4319754.843, 97
Trd, 4319755.093, 97
Trd, 4319755.493, 85
Trd, 4319755.843, 85
Trd, 4319758.293, 114
Trd, 4319758.443, 86
Trd, 4319758.943, 100
Trd, 4319759.293, 84
Trd, 4319759.843, 119
Trd, 4319760.893, 132
Trd, 4319761.643, 127
Trd, 4319761.793, 123
Trd, 4319762.493, 107
Trd, 4319764.393, 60
Trd, 4319764.543, 65
Trd, 4319764.643, 78
Trd, 4319765.043, 99
Trd, 4319765.093, 67
Trd, 4319766.443, 107
Trd, 4319767.643, 108
Trd, 4319768.043, 79
Trd, 4319769.893, 95
Trd, 4319769.943, 94
Trd, 4319770.443, 116
Trd, 4319770.743, 115
Trd, 4319771.543, 113
Trd, 4319772.643, 122
Trd, 4319773.443, 137
Trd, 4319773.593, 116
Trd, 4319773.693, 115
Trd, 4319775.543, 117
Trd, 4319776.843, 115
Trd, 4319777.043, 117
Trd, 4319777.093, 115
Trd, 4319777.343, 113
Trd, 4319777.743, 124
Trd, 4319778.143, 106
Trd, 4319779.743, 133
Trd, 4319780.793, 64
Trd, 4319781.543, 137
Trd, 4319783.393, 82
Trd, 4319784.043, 84
Trd, 4319785.093, 77
Trd, 4319785.243, 75
Trd, 4319786.293, 61
Trd, 4319786.743, 64
Trd, 4319787.743, 114
Trd, 4319788.943, 111
Trd, 4319789.043, 126
Trd, 4319790.593, 133
Trd, 4319790.643, 131
Trd, 4319791.093, 126
Trd, 4319791.193, 119
Trd, 4319792.743, 106
Trd, 4319793.193, 128
Trd, 4319793.843, 140
Trd, 4319794.593, 105
Trd, 4319794.893, 102
Trd, 4319795.193, 100
Trd, 4319796.543, 106
Trd, 4319796.693, 95
Trd, 4319796.993, 92
Trd, 4319798.143, 104
Trd, 4319799.543, 134
Trd, 4319799.993, 132
Trd, 4319800.393, 128
Trd, 4319800.743, 116
Trd, 4319800.893, 80
Trd, 4319802.443, 65
Trd, 4319802.893, 76
Trd, 4319803.393, 70
Trd, 4319804.243, 115
Trd, 4319804.343, 113
Trd, 4319805.843, 109
Trd, 4319806.193, 105
Trd, 4319806.393, 100
Trd, 4319807.493, 129
Trd, 4319808.443, 63
Trd, 4319808.943, 90
Trd, 4319810.593, 140
Trd, 4319811.093, 137
Trd, 4319811.143, 113
Trd, 4319811.193, 94
Trd, 4319814.043, 116
Trd, 4319814.243, 114
Trd, 4319815.493, 134
Trd, 4319815.943, 132
Trd, 4319816.343, 123
Trd, 4319817.193, 121
Trd, 4319817.593, 126
Trd, 4319817.743, 118
Trd, 4319818.243, 106
Trd, 4319818.593, 87
Trd, 4319819.393, 88
Trd, 4319819.543, 62
Trd, 4319820.643, 108
Trd, 4319821.993, 130
Trd, 4319822.143, 119
Trd, 4319824.993, 140
Trd, 4319825.043, 126
Trd, 4319825.643, 115
Trd, 4319826.243, 91
Trd, 4319826.693, 117
Trd, 4319826.893, 107
Trd, 4319827.143, 95
Trd, 4319828.643, 90
Trd, 4319829.043, 132
Trd, 4319830.143, 82
Trd, 4319830.743, 107
Trd, 4319831.643, 121
Trd, 4319834.143, 106
Trd, 4319834.643, 103
Trd, 4319834.993, 108
Trd, 4319836.693, 71
Trd, 4319837.343, 124
Trd, 4319837.943, 82
Trd, 4319838.143, 91
Trd, 4319838.543, 130
Trd, 4319838.793, 107
Trd, 4319840.793, 120
Trd, 4319841.443, 115
Trd, 4319841.493, 113
Trd, 4319841.643, 113
Trd, 4319843.093, 110
Trd, 4319843.443, 114
Trd, 4319845.493, 109
Trd, 4319845.793, 103
Trd, 4319846.193, 96
Trd, 4319846.593, 87
Trd, 4319846.793, 80
Trd, 4319848.443, 86
Trd, 4319850.193, 106
Trd, 4319850.343, 85
Trd, 4319850.943, 112
Trd, 4319850.993, 95
Trd, 4319851.393, 129
Trd, 4319851.443, 122
Trd, 4319852.543, 91
Trd, 4319853.193, 93
Trd, 4319855.693, 123
Trd, 4319855.843, 78
Trd, 4319856.443, 121
Trd, 4319856.543, 104
Trd, 4319857.293, 62
Trd, 4319857.693, 73
Trd, 4319858.043, 61
Trd, 4319858.793, 117
Trd, 4319858.893, 106
Trd, 4319860.793, 60
Trd, 4319862.143, 60
Trd, 4319863.543, 118
Trd, 4319863.893, 131
Trd, 4319865.243, 123
Trd, 4319866.743, 120
Trd, 4319867.543, 118
Trd, 4319867.643, 112
Trd, 4319867.843, 110
Trd, 4319868.643, 90
Trd, 4319869.093, 123
Trd, 4319869.743, 90
Trd, 4319870.693, 89
Trd, 4319871.043, 92
Trd, 4319871.793, 90
Trd, 4319871.843, 98
Trd, 4319872.393, 91
Trd, 4319874.193, 63
Trd, 4319876.043, 94
Trd, 4319876.343, 93
Trd, 4319877.243, 132
Trd, 4319877.493, 106
Trd, 4319877.993, 89
Trd, 4319878.343, 131
Trd, 4319878.693, 129
Trd, 4319878.993, 122
Trd, 4319879.093, 101
Trd, 4319880.893, 86
Trd, 4319882.043, 114
Trd, 4319882.643, 101
Trd, 4319883.943, 87
Trd, 4319884.343, 110
Trd, 4319884.693, 130
Trd, 4319886.143, 80
Trd, 4319886.193, 79
Trd, 4319887.393, 68
Trd, 4319887.643, 80
Trd, 4319888.393, 138
Trd, 4319888.743, 112
Trd, 4319888.793, 103
Trd, 4319889.943, 136
Trd, 4319890.343, 130
Trd, 4319890.743, 126
Trd, 4319890.843, 111
Trd, 4319893.893, 96
Trd, 4319893.993, 95
Trd, 4319894.843, 89
Trd, 4319894.893, 81
Trd, 4319895.093, 100
Trd, 4319895.843, 115
Trd, 4319896.193, 61
Trd, 4319897.693, 104
Trd, 4319898.493, 114
Trd, 4319898.693, 96
Trd, 4319899.643, 96
Trd, 4319899.693, 87
Trd, 4319900.093, 83
Trd, 4319901.193, 136
Trd, 4319902.793, 90
Trd, 4319902.843, 89
Trd, 4319902.943, 84
Trd, 4319903.743, 79
Trd, 4319904.443, 111
Trd, 4319904.493, 110
Trd, 4319905.193, 121
Trd, 4319906.843, 69
Trd, 4319907.743, 93
Trd, 4319908.043, 96
Trd, 4319908.343, 81
Trd, 4319909.743, 93
Trd, 4319909.943, 85
Trd, 4319911.543, 134
Trd, 4319912.043, 140
Trd, 4319912.343, 130
Trd, 4319912.593, 102
Trd, 4319913.943, 125
Trd, 4319914.793, 132
Trd, 4319915.293, 123
Trd, 4319915.443, 121
Trd, 4319916.493, 106
Trd, 4319917.043, 132
Trd, 4319918.793, 127
Trd, 4319919.093, 118
Trd, 4319919.693, 105
Trd, 4319919.793, 98
Trd, 4319921.593, 114
Trd, 4319922.343, 113
Trd, 4319923.343, 124
Trd, 4319923.643, 134
Trd, 4319924.793, 122
Trd, 4319925.243, 118
Trd, 4319925.943, 116
Trd, 4319926.443, 127
Trd, 4319927.543, 69
Trd, 4319927.643, 104
Trd, 4319929.093, 90
Trd, 4319929.543, 117
Trd, 4319929.643, 77
Trd, 4319930.693, 87
Trd, 4319931.043, 100
Trd, 4319932.443, 108
Trd, 4319932.943, 107
Trd, 4319933.193, 90
Trd, 4319934.793, 126
Trd, 4319934.843, 124
Trd, 4319935.243, 113
Trd, 4319935.443, 111
Trd, 4319937.743, 133
Trd, 4319938.693, 122
Trd, 4319941.393, 132
Trd, 4319941.743, 132
Trd, 4319941.943, 123
Trd, 4319942.043, 119
Trd, 4319942.143, 114
Trd, 4319943.543, 132
Trd, 4319943.993, 104
Trd, 4319944.043, 102
Trd, 4319944.693, 69
Trd, 4319946.143, 124
Trd, 4319946.443, 118
Trd, 4319946.643, 115
Trd, 4319948.643, 91
Trd, 4319949.343, 92
Trd, 4319949.543, 84
Trd, 4319949.793, 114
Trd, 4319952.193, 71
Trd, 4319953.043, 69
Trd, 4319953.543, 72
Trd, 4319953.643, 102
Trd, 4319953.893, 76
Trd, 4319955.543, 95
Trd, 4319956.493, 127
Trd, 4319956.693, 117
Trd, 4319956.743, 115
Trd, 4319957.243, 85
Trd, 4319958.893, 92
Trd, 4319959.643, 73
Trd, 4319959.843, 105
Trd, 4319960.543, 89
Trd, 4319961.693, 99
Trd, 4319962.043, 103
Trd, 4319962.443, 92
Trd, 4319963.143, 84
Trd, 4319964.593, 70
Trd, 4319967.943, 97
Trd, 4319968.043, 92
Trd, 4319968.393, 131
Trd, 4319968.443, 103
Trd, 4319968.943, 88
Trd, 4319969.293, 87
Trd, 4319970.943, 94
Trd, 4319971.993, 121
Trd, 4319973.643, 87
Trd, 4319973.743, 88
Trd, 4319974.243, 78
Trd, 4319974.843, 75
Trd, 4319975.193, 79
Trd, 4319975.593, 104
Trd, 4319977.043, 109
Trd, 4319977.393, 109
Trd, 4319978.293, 126
Trd, 4319978.343, 124
Trd, 4319979.143, 139
Trd, 4319979.193, 133
Trd, 4319980.293, 101
Trd, 4319980.393, 93
Trd, 4319981.593, 104
Trd, 4319981.793, 112
Trd, 4319982.293, 77
Trd, 4319982.593, 71
Trd, 4319984.243, 83
Trd, 4319984.943, 84
Trd, 4319985.643, 78
Trd, 4319986.143, 93
Trd, 4319986.793, 77
Trd, 4319986.993, 68
Trd, 4319987.443, 123
Trd, 4319989.743, 75
Trd, 4319989.793, 92
Trd, 4319990.593, 86
Trd, 4319991.393, 81
Trd, 4319992.643, 130
Trd, 4319992.993, 128
Trd, 4319993.043, 126
Trd, 4319993.443, 122
Trd, 4319994.743, 105
Trd, 4319996.043, 102
Trd, 4319996.143, 94
Trd, 4319998.343, 122
Trd, 4319999.593, 103
Trd, 4319999.943, 138
