Trd, 4318077.343, 140
Trd, 4318078.093, 140
Trd, 4318078.143, 140
Trd, 4318078.543, 140
Trd, 4318079.643, 140
Trd, 4318081.543, 140
Trd, 4318082.093, 140
Trd, 4318084.643, 140
Trd, 4318085.793, 140
Trd, 4318086.243, 140
Trd, 4318087.043, 140
Trd, 4318087.843, 140
Trd, 4318089.093, 140
Trd, 4318090.343, 140
Trd, 4318091.943, 140
Trd, 4318091.993, 140
Trd, 4318092.043, 140
Trd, 4318092.343, 140
Trd, 4318093.193, 140
Trd, 4318094.043, 140
Trd, 4318094.193, 139
Trd, 4318094.443, 138
Trd, 4318095.643, 140
Trd, 4318096.193, 138
Trd, 4318097.843, 140
Trd, 4318098.443, 140
Trd, 4318101.093, 140
Trd, 4318101.743, 140
Trd, 4318103.293, 140
Trd, 4318105.043, 140
Trd, 4318105.843, 140
Trd, 4318106.093, 139
Trd, 4318106.293, 139
Trd, 4318106.593, 140
Trd, 4318106.743, 139
Trd, 4318107.293, 140
Trd, 4318107.993, 138
Trd, 4318108.343, 128
Trd, 4318108.893, 139
Trd, 4318109.743, 136
Trd, 4318111.493, 140
Trd, 4318112.393, 140
Trd, 4318113.843, 140
Trd, 4318114.393, 140
Trd, 4318115.093, 140
Trd, 4318116.193, 139
Trd, 4318116.243, 137
Trd, 4318118.543, 140
Trd, 4318119.343, 140
Trd, 4318119.843, 140
Trd, 4318119.893, 140
Trd, 4318120.193, 140
Trd, 4318120.893, 140
Trd, 4318121.793, 140
Trd, 4318122.393, 140
Trd, 4318123.393, 138
Trd, 4318123.543, 139
Trd, 4318124.043, 109
Trd, 4318124.243, 63
Trd, 4318125.693, 139
Trd, 4318126.293, 138
Trd, 4318126.993, 140
Trd, 4318128.243, 140
Trd, 4318129.343, 138
Trd, 4318131.193, 140
Trd, 4318131.993, 140
Trd, 4318133.343, 140
Trd, 4318133.693, 140
Trd, 4318133.893, 140
Trd, 4318134.743, 140
Trd, 4318135.543, 140
Trd, 4318138.043, 140
Trd, 4318138.293, 140
Trd, 4318140.343, 140
Trd, 4318142.943, 140
Trd, 4318143.093, 140
Trd, 4318143.593, 140
Trd, 4318143.793, 140
Trd, 4318144.393, 140
Trd, 4318144.493, 140
Trd, 4318144.993, 139
Trd, 4318145.043, 88
Trd, 4318145.993, 87
Trd, 4318146.343, 137
Trd, 4318146.993, 135
Trd, 4318147.743, 139
Trd, 4318148.343, 130
Trd, 4318149.643, 131
Trd, 4318150.043, 132
Trd, 4318151.093, 132
Trd, 4318151.643, 134
Trd, 4318151.793, 132
Trd, 4318152.693, 140
Trd, 4318153.643, 140
Trd, 4318154.143, 140
Trd, 4318154.493, 139
Trd, 4318155.543, 138
Trd, 4318156.343, 140
Trd, 4318158.193, 140
Trd, 4318158.693, 140
Trd, 4318159.193, 140
Trd, 4318159.243, 140
Trd, 4318159.793, 140
Trd, 4318160.443, 139
Trd, 4318160.693, 62
Trd, 4318161.693, 126
Trd, 4318162.043, 140
Trd, 4318163.143, 140
Trd, 4318164.993, 140
Trd, 4318165.343, 140
Trd, 4318165.893, 140
Trd, 4318167.493, 140
Trd, 4318168.343, 140
Trd, 4318168.843, 140
Trd, 4318169.343, 140
Trd, 4318170.143, 140
Trd, 4318170.343, 140
Trd, 4318170.643, 140
Trd, 4318171.043, 137
Trd, 4318171.693, 140
Trd, 4318172.643, 138
Trd, 4318173.193, 88
Trd, 4318173.893, 140
Trd, 4318173.943, 140
Trd, 4318176.493, 140
Trd, 4318177.143, 140
Trd, 4318178.393, 140
Trd, 4318179.643, 140
Trd, 4318179.893, 140
Trd, 4318180.243, 140
Trd, 4318180.643, 140
Trd, 4318181.343, 140
Trd, 4318181.793, 140
Trd, 4318182.643, 140
Trd, 4318182.693, 139
Trd, 4318183.943, 140
Trd, 4318184.243, 140
Trd, 4318184.393, 140
Trd, 4318185.093, 140
Trd, 4318185.843, 140
Trd, 4318188.343, 140
Trd, 4318189.293, 140
Trd, 4318190.493, 140
Trd, 4318191.793, 140
Trd, 4318192.843, 140
Trd, 4318193.693, 140
Trd, 4318195.143, 140
Trd, 4318195.593, 140
Trd, 4318196.093, 140
Trd, 4318197.343, 140
Trd, 4318198.793, 140
Trd, 4318198.993, 140
Trd, 4318199.393, 140
Trd, 4318199.493, 140
Trd, 4318199.543, 140
Trd, 4318199.993, 139
Trd, 4318200.443, 140
Trd, 4318200.843, 140
Trd, 4318201.343, 140
Trd, 4318202.293, 140
Trd, 4318202.843, 139
Trd, 4318203.743, 137
Trd, 4318206.193, 140
Trd, 4318206.693, 137
Trd, 4318207.193, 139
Trd, 4318209.143, 140
Trd, 4318210.343, 140
Trd, 4318211.493, 140
Trd, 4318213.343, 140
Trd, 4318214.543, 140
Trd, 4318214.993, 140
Trd, 4318215.593, 140
Trd, 4318215.643, 140
Trd, 4318215.843, 138
Trd, 4318215.993, 139
Trd, 4318217.393, 139
Trd, 4318219.593, 140
Trd, 4318220.043, 140
Trd, 4318220.243, 139
Trd, 4318220.543, 139
Trd, 4318220.643, 136
Trd, 4318220.843, 117
Trd, 4318221.043, 138
Trd, 4318221.593, 62
Trd, 4318222.893, 62
Trd, 4318223.993, 66
Trd, 4318224.093, 67
Trd, 4318225.343, 71
Trd, 4318225.843, 71
Trd, 4318226.393, 64
Trd, 4318226.443, 72
Trd, 4318227.593, 136
Trd, 4318228.343, 136
Trd, 4318228.593, 138
Trd, 4318230.743, 140
Trd, 4318231.143, 140
Trd, 4318233.193, 140
Trd, 4318233.543, 138
Trd, 4318236.243, 140
Trd, 4318237.593, 140
Trd, 4318239.543, 140
Trd, 4318239.893, 140
Trd, 4318240.443, 140
Trd, 4318242.743, 140
Trd, 4318243.443, 140
Trd, 4318244.793, 140
Trd, 4318244.893, 140
Trd, 4318245.143, 140
Trd, 4318245.643, 140
Trd, 4318245.743, 140
Trd, 4318246.893, 140
Trd, 4318247.343, 140
Trd, 4318247.543, 139
Trd, 4318248.043, 139
Trd, 4318248.693, 138
Trd, 4318248.743, 139
Trd, 4318249.993, 127
Trd, 4318251.893, 140
Trd, 4318252.843, 140
Trd, 4318253.543, 139
Trd, 4318253.743, 140
Trd, 4318254.893, 139
Trd, 4318256.243, 140
Trd, 4318257.643, 140
Trd, 4318260.193, 140
Trd, 4318260.593, 139
Trd, 4318260.943, 140
Trd, 4318262.393, 140
Trd, 4318262.493, 140
Trd, 4318262.593, 140
Trd, 4318263.043, 140
Trd, 4318263.193, 137
Trd, 4318263.493, 124
Trd, 4318265.343, 140
Trd, 4318265.443, 138
Trd, 4318266.943, 140
Trd, 4318267.443, 140
Trd, 4318267.943, 139
Trd, 4318268.493, 140
Trd, 4318269.793, 140
Trd, 4318270.293, 140
Trd, 4318270.443, 140
Trd, 4318271.143, 139
Trd, 4318271.743, 140
Trd, 4318272.343, 139
Trd, 4318273.593, 140
Trd, 4318274.093, 140
Trd, 4318276.193, 140
Trd, 4318276.343, 140
Trd, 4318276.543, 140
Trd, 4318276.993, 140
Trd, 4318277.043, 140
Trd, 4318277.193, 139
Trd, 4318278.943, 140
Trd, 4318279.793, 140
Trd, 4318279.843, 139
Trd, 4318281.393, 138
Trd, 4318284.143, 140
Trd, 4318284.543, 140
Trd, 4318285.693, 140
Trd, 4318285.793, 140
Trd, 4318287.793, 140
Trd, 4318288.743, 140
Trd, 4318288.793, 140
Trd, 4318291.943, 140
Trd, 4318292.143, 140
Trd, 4318292.293, 140
Trd, 4318292.643, 140
Trd, 4318293.243, 139
Trd, 4318293.743, 140
Trd, 4318294.093, 140
Trd, 4318294.143, 140
Trd, 4318294.193, 131
Trd, 4318294.743, 137
Trd, 4318296.293, 135
Trd, 4318296.543, 137
Trd, 4318296.593, 138
Trd, 4318297.193, 67
Trd, 4318298.243, 140
Trd, 4318298.743, 140
Trd, 4318300.443, 140
Trd, 4318301.043, 139
Trd, 4318301.393, 106
Trd, 4318302.693, 140
Trd, 4318303.443, 140
Trd, 4318303.793, 139
Trd, 4318305.193, 140
Trd, 4318306.743, 139
Trd, 4318307.343, 140
Trd, 4318307.643, 137
Trd, 4318308.043, 140
Trd, 4318308.493, 110
Trd, 4318308.643, 63
Trd, 4318309.293, 62
Trd, 4318309.693, 62
Trd, 4318310.143, 65
Trd, 4318310.293, 67
Trd, 4318312.293, 140
Trd, 4318313.193, 140
Trd, 4318313.393, 140
Trd, 4318315.143, 138
Trd, 4318317.443, 140
Trd, 4318317.493, 140
Trd, 4318317.593, 139
Trd, 4318317.793, 90
Trd, 4318318.493, 140
Trd, 4318319.293, 140
Trd, 4318319.343, 137
Trd, 4318319.493, 136
Trd, 4318320.743, 140
Trd, 4318320.893, 140
Trd, 4318322.543, 140
Trd, 4318323.243, 139
Trd, 4318324.893, 140
Trd, 4318326.743, 140
Trd, 4318326.993, 140
Trd, 4318327.793, 140
Trd, 4318327.893, 140
Trd, 4318328.093, 140
Trd, 4318328.193, 140
Trd, 4318328.443, 139
Trd, 4318328.693, 138
Trd, 4318329.793, 64
Trd, 4318330.293, 63
Trd, 4318330.693, 64
Trd, 4318332.093, 61
Trd, 4318332.393, 69
Trd, 4318332.843, 61
Trd, 4318333.193, 63
Trd, 4318333.293, 70
Trd, 4318335.443, 63
Trd, 4318336.193, 64
Trd, 4318336.793, 65
Trd, 4318336.893, 63
Trd, 4318338.043, 140
Trd, 4318338.843, 140
Trd, 4318339.043, 137
Trd, 4318339.093, 136
Trd, 4318340.143, 139
Trd, 4318340.643, 140
Trd, 4318344.043, 140
Trd, 4318344.643, 140
Trd, 4318345.093, 140
Trd, 4318345.193, 140
Trd, 4318347.393, 140
Trd, 4318347.493, 140
Trd, 4318347.793, 139
Trd, 4318347.893, 139
Trd, 4318348.493, 140
Trd, 4318349.043, 140
Trd, 4318349.243, 139
Trd, 4318352.093, 140
Trd, 4318352.593, 140
Trd, 4318352.643, 140
Trd, 4318354.743, 140
Trd, 4318355.043, 140
Trd, 4318355.793, 140
Trd, 4318356.793, 140
Trd, 4318357.593, 140
Trd, 4318358.993, 140
Trd, 4318359.693, 140
Trd, 4318361.993, 140
Trd, 4318362.393, 140
Trd, 4318363.043, 140
Trd, 4318365.343, 140
Trd, 4318365.743, 140
Trd, 4318365.793, 139
Trd, 4318368.243, 140
Trd, 4318368.893, 140
Trd, 4318369.243, 140
Trd, 4318369.543, 139
Trd, 4318370.993, 139
Trd, 4318371.343, 138
Trd, 4318371.543, 140
Trd, 4318371.893, 139
Trd, 4318371.993, 128
Trd, 4318373.143, 140
Trd, 4318373.243, 117
Trd, 4318373.293, 92
Trd, 4318375.643, 140
Trd, 4318376.793, 140
Trd, 4318377.343, 140
Trd, 4318377.593, 139
Trd, 4318378.293, 138
Trd, 4318380.493, 140
Trd, 4318380.543, 140
Trd, 4318381.393, 140
Trd, 4318382.293, 138
Trd, 4318383.993, 140
Trd, 4318384.593, 140
Trd, 4318384.693, 139
Trd, 4318384.843, 138
Trd, 4318386.293, 140
Trd, 4318386.743, 137
Trd, 4318387.143, 138
Trd, 4318387.443, 139
Trd, 4318387.793, 97
Trd, 4318388.243, 97
Trd, 4318388.493, 97
Trd, 4318389.593, 120
Trd, 4318389.693, 122
Trd, 4318390.193, 117
Trd, 4318390.443, 116
Trd, 4318392.493, 140
Trd, 4318393.493, 139
Trd, 4318394.293, 140
Trd, 4318394.593, 140
Trd, 4318395.493, 140
Trd, 4318396.393, 140
Trd, 4318396.743, 140
Trd, 4318398.293, 140
Trd, 4318398.393, 140
Trd, 4318401.193, 140
Trd, 4318401.443, 140
Trd, 4318401.843, 140
Trd, 4318403.193, 140
Trd, 4318403.843, 140
Trd, 4318403.893, 140
Trd, 4318404.543, 140
Trd, 4318407.293, 140
Trd, 4318407.393, 140
Trd, 4318407.493, 140
Trd, 4318407.543, 140
Trd, 4318407.693, 140
Trd, 4318408.093, 140
Trd, 4318410.393, 140
Trd, 4318411.743, 140
Trd, 4318411.793, 140
Trd, 4318412.843, 140
Trd, 4318413.043, 139
Trd, 4318413.143, 140
Trd, 4318413.593, 140
Trd, 4318414.443, 100
Trd, 4318414.993, 139
Trd, 4318416.143, 140
Trd, 4318416.443, 138
Trd, 4318417.393, 140
Trd, 4318419.393, 113
Trd, 4318420.343, 139
Trd, 4318422.743, 140
Trd, 4318422.843, 140
Trd, 4318423.293, 140
Trd, 4318424.743, 140
Trd, 4318425.043, 140
Trd, 4318425.943, 140
Trd, 4318426.143, 140
Trd, 4318426.243, 140
Trd, 4318426.443, 140
Trd, 4318427.043, 140
Trd, 4318427.093, 140
Trd, 4318428.293, 96
Trd, 4318428.843, 61
Trd, 4318430.693, 139
Trd, 4318431.643, 71
Trd, 4318432.293, 140
Trd, 4318432.593, 140
Trd, 4318432.793, 139
Trd, 4318433.293, 139
Trd, 4318434.043, 89
Trd, 4318434.843, 135
Trd, 4318434.893, 78
Trd, 4318435.193, 133
Trd, 4318435.293, 134
Trd, 4318436.793, 140
Trd, 4318437.593, 86
Trd, 4318437.893, 84
Trd, 4318438.793, 140
Trd, 4318440.243, 140
Trd, 4318441.993, 140
Trd, 4318442.093, 139
Trd, 4318442.493, 140
Trd, 4318443.093, 140
Trd, 4318444.093, 137
Trd, 4318444.693, 137
Trd, 4318446.343, 137
Trd, 4318446.593, 139
Trd, 4318447.043, 135
Trd, 4318447.543, 140
Trd, 4318447.693, 110
Trd, 4318447.843, 109
Trd, 4318449.143, 140
Trd, 4318450.493, 140
Trd, 4318451.843, 140
Trd, 4318451.943, 140
Trd, 4318453.593, 140
Trd, 4318455.593, 140
Trd, 4318456.893, 140
Trd, 4318458.493, 140
Trd, 4318459.143, 140
Trd, 4318459.493, 140
Trd, 4318460.743, 140
Trd, 4318461.793, 140
Trd, 4318463.393, 140
Trd, 4318463.643, 140
Trd, 4318463.943, 139
Trd, 4318466.043, 139
Trd, 4318466.093, 138
Trd, 4318467.893, 140
Trd, 4318468.593, 140
Trd, 4318468.893, 139
Trd, 4318469.293, 138
Trd, 4318469.793, 140
Trd, 4318469.993, 139
Trd, 4318470.393, 95
Trd, 4318471.443, 135
Trd, 4318471.843, 135
Trd, 4318471.993, 136
Trd, 4318473.443, 80
Trd, 4318474.243, 140
Trd, 4318474.593, 140
Trd, 4318474.793, 140
Trd, 4318475.443, 63
Trd, 4318475.643, 64
Trd, 4318475.743, 65
Trd, 4318476.193, 73
Trd, 4318477.343, 60
Trd, 4318478.643, 60
Trd, 4318478.893, 60
Trd, 4318479.293, 60
Trd, 4318479.993, 60
Trd, 4318480.143, 60
Trd, 4318481.993, 63
Trd, 4318482.143, 66
Trd, 4318484.093, 63
Trd, 4318484.593, 62
Trd, 4318484.993, 63
Trd, 4318485.043, 68
Trd, 4318485.593, 66
Trd, 4318486.843, 60
Trd, 4318486.893, 63
Trd, 4318487.293, 62
Trd, 4318489.593, 140
Trd, 4318490.493, 140
Trd, 4318491.443, 140
Trd, 4318491.793, 140
Trd, 4318492.043, 139
Trd, 4318493.243, 140
Trd, 4318495.643, 140
Trd, 4318496.043, 140
Trd, 4318496.443, 140
Trd, 4318499.443, 140
Trd, 4318499.493, 140
Trd, 4318499.843, 140
Trd, 4318500.193, 140
Trd, 4318500.893, 140
Trd, 4318502.943, 140
Trd, 4318503.293, 140
Trd, 4318503.443, 140
Trd, 4318503.493, 140
Trd, 4318503.843, 105
Trd, 4318505.493, 140
Trd, 4318505.543, 140
Trd, 4318505.993, 120
Trd, 4318506.943, 140
Trd, 4318507.543, 140
Trd, 4318509.193, 140
Trd, 4318512.443, 140
Trd, 4318512.493, 140
Trd, 4318512.793, 140
Trd, 4318513.143, 139
Trd, 4318513.543, 138
Trd, 4318514.243, 140
Trd, 4318515.243, 140
Trd, 4318517.043, 140
Trd, 4318519.943, 140
Trd, 4318520.343, 140
Trd, 4318520.643, 140
Trd, 4318521.643, 140
Trd, 4318521.793, 140
Trd, 4318522.693, 140
Trd, 4318523.343, 140
Trd, 4318523.793, 140
Trd, 4318524.193, 140
Trd, 4318524.293, 140
Trd, 4318524.493, 137
Trd, 4318525.143, 111
Trd, 4318525.293, 131
Trd, 4318526.693, 129
Trd, 4318526.743, 131
Trd, 4318527.493, 139
Trd, 4318528.243, 140
Trd, 4318528.643, 81
Trd, 4318529.093, 138
Trd, 4318530.893, 138
Trd, 4318531.293, 65
Trd, 4318531.593, 123
Trd, 4318532.543, 68
Trd, 4318533.643, 63
Trd, 4318533.743, 65
Trd, 4318533.943, 62
Trd, 4318535.043, 140
Trd, 4318535.893, 140
Trd, 4318536.143, 140
Trd, 4318536.293, 121
Trd, 4318540.243, 140
Trd, 4318540.393, 140
Trd, 4318540.643, 140
Trd, 4318541.543, 140
Trd, 4318542.243, 140
Trd, 4318544.693, 140
Trd, 4318544.843, 140
Trd, 4318546.493, 140
Trd, 4318546.893, 140
Trd, 4318549.443, 140
Trd, 4318550.093, 140
Trd, 4318550.843, 140
Trd, 4318551.093, 140
Trd, 4318551.543, 140
Trd, 4318551.593, 140
Trd, 4318552.593, 139
Trd, 4318553.343, 140
Trd, 4318553.893, 136
Trd, 4318554.243, 138
Trd, 4318554.343, 94
Trd, 4318554.743, 93
Trd, 4318554.793, 133
Trd, 4318555.993, 129
Trd, 4318556.743, 117
Trd, 4318557.093, 139
Trd, 4318558.193, 140
Trd, 4318558.543, 140
Trd, 4318559.293, 140
Trd, 4318559.893, 140
Trd, 4318560.293, 140
Trd, 4318561.693, 140
Trd, 4318563.293, 140
Trd, 4318564.893, 140
Trd, 4318565.493, 140
Trd, 4318566.393, 140
Trd, 4318566.593, 140
Trd, 4318566.893, 140
Trd, 4318567.043, 140
Trd, 4318567.343, 140
Trd, 4318568.993, 140
Trd, 4318569.693, 140
Trd, 4318569.893, 140
Trd, 4318570.743, 139
Trd, 4318571.643, 140
Trd, 4318571.993, 140
Trd, 4318572.293, 134
Trd, 4318572.693, 91
Trd, 4318573.743, 139
Trd, 4318574.243, 139
Trd, 4318574.393, 140
Trd, 4318574.843, 70
Trd, 4318575.293, 133
Trd, 4318577.543, 140
Trd, 4318578.143, 140
Trd, 4318579.893, 140
Trd, 4318580.143, 140
Trd, 4318580.443, 140
Trd, 4318580.493, 139
Trd, 4318581.543, 140
Trd, 4318581.693, 140
Trd, 4318582.793, 103
Trd, 4318583.643, 139
Trd, 4318584.043, 140
Trd, 4318584.843, 138
Trd, 4318585.993, 140
Trd, 4318586.643, 140
Trd, 4318588.043, 140
Trd, 4318588.843, 140
Trd, 4318590.043, 140
Trd, 4318591.543, 140
Trd, 4318592.393, 140
Trd, 4318592.693, 140
Trd, 4318593.093, 140
Trd, 4318593.593, 140
Trd, 4318595.043, 60
Trd, 4318595.243, 60
Trd, 4318595.443, 60
Trd, 4318596.793, 60
Trd, 4318596.943, 60
Trd, 4318597.443, 60
Trd, 4318598.243, 60
Trd, 4318598.593, 60
Trd, 4318599.243, 60
Trd, 4318599.793, 60
Trd, 4318601.243, 61
Trd, 4318601.643, 63
Trd, 4318602.943, 60
Trd, 4318603.443, 60
Trd, 4318603.493, 62
Trd, 4318603.643, 62
Trd, 4318603.843, 138
Trd, 4318606.693, 60
Trd, 4318607.193, 60
Trd, 4318607.693, 60
Trd, 4318607.793, 60
Trd, 4318608.593, 60
Trd, 4318610.293, 140
Trd, 4318610.493, 140
Trd, 4318610.993, 140
Trd, 4318611.293, 140
Trd, 4318612.843, 140
Trd, 4318613.993, 140
Trd, 4318614.293, 140
Trd, 4318616.393, 140
Trd, 4318616.743, 140
Trd, 4318617.743, 140
Trd, 4318621.493, 140
Trd, 4318621.643, 140
Trd, 4318622.293, 140
Trd, 4318623.043, 140
Trd, 4318623.543, 140
Trd, 4318623.743, 140
Trd, 4318624.043, 140
Trd, 4318625.543, 140
Trd, 4318625.893, 140
Trd, 4318626.693, 140
Trd, 4318627.043, 139
Trd, 4318627.693, 140
Trd, 4318628.193, 140
Trd, 4318629.893, 140
Trd, 4318630.543, 138
Trd, 4318631.493, 140
Trd, 4318631.793, 140
Trd, 4318632.693, 140
Trd, 4318635.043, 140
Trd, 4318635.493, 140
Trd, 4318636.293, 140
Trd, 4318636.943, 140
Trd, 4318637.243, 140
Trd, 4318640.393, 140
Trd, 4318642.243, 140
Trd, 4318642.643, 140
Trd, 4318643.393, 140
Trd, 4318643.593, 140
Trd, 4318644.393, 140
Trd, 4318644.493, 140
Trd, 4318646.193, 140
Trd, 4318646.243, 140
Trd, 4318646.543, 140
Trd, 4318646.843, 140
Trd, 4318647.443, 139
Trd, 4318647.543, 140
Trd, 4318648.843, 137
Trd, 4318648.993, 77
Trd, 4318649.443, 138
Trd, 4318650.593, 130
Trd, 4318652.293, 140
Trd, 4318652.993, 139
Trd, 4318653.643, 140
Trd, 4318654.043, 139
Trd, 4318655.243, 99
Trd, 4318657.393, 139
Trd, 4318658.243, 140
Trd, 4318659.343, 140
Trd, 4318660.393, 139
Trd, 4318660.793, 139
Trd, 4318660.993, 136
Trd, 4318661.043, 103
Trd, 4318662.093, 61
Trd, 4318662.593, 64
Trd, 4318662.743, 75
Trd, 4318662.793, 76
Trd, 4318663.193, 138
Trd, 4318665.593, 140
Trd, 4318666.193, 140
Trd, 4318666.743, 139
Trd, 4318668.793, 140
Trd, 4318669.543, 140
Trd, 4318670.043, 140
Trd, 4318671.393, 140
Trd, 4318671.743, 140
Trd, 4318672.593, 140
Trd, 4318674.293, 140
Trd, 4318675.243, 140
Trd, 4318677.493, 140
Trd, 4318678.893, 140
Trd, 4318680.393, 140
Trd, 4318680.943, 140
Trd, 4318682.243, 140
Trd, 4318685.493, 140
Trd, 4318686.343, 140
Trd, 4318686.543, 140
Trd, 4318686.843, 140
Trd, 4318686.943, 140
Trd, 4318687.143, 140
Trd, 4318687.643, 139
Trd, 4318688.593, 139
Trd, 4318690.693, 140
Trd, 4318691.243, 140
Trd, 4318691.943, 140
Trd, 4318693.843, 140
Trd, 4318693.993, 140
Trd, 4318695.443, 140
Trd, 4318696.043, 140
Trd, 4318696.393, 140
Trd, 4318697.543, 139
Trd, 4318698.393, 140
Trd, 4318699.993, 140
Trd, 4318700.043, 140
Trd, 4318700.643, 140
Trd, 4318701.143, 140
Trd, 4318701.243, 140
Trd, 4318701.993, 140
Trd, 4318702.143, 140
Trd, 4318702.293, 139
Trd, 4318702.743, 138
Trd, 4318704.793, 140
Trd, 4318706.143, 140
Trd, 4318706.293, 139
Trd, 4318706.343, 139
Trd, 4318706.593, 138
Trd, 4318706.843, 140
Trd, 4318707.893, 140
Trd, 4318708.393, 139
Trd, 4318710.093, 140
Trd, 4318713.943, 140
Trd, 4318713.993, 140
Trd, 4318714.143, 140
Trd, 4318714.993, 140
Trd, 4318716.143, 140
Trd, 4318717.193, 140
Trd, 4318717.943, 140
Trd, 4318719.393, 140
Trd, 4318720.143, 140
Trd, 4318720.893, 140
Trd, 4318720.993, 140
Trd, 4318721.093, 140
Trd, 4318721.393, 140
Trd, 4318723.893, 140
Trd, 4318725.543, 140
Trd, 4318725.993, 140
Trd, 4318726.743, 140
Trd, 4318726.793, 140
Trd, 4318726.943, 140
Trd, 4318726.993, 139
Trd, 4318727.143, 138
Trd, 4318727.343, 112
Trd, 4318727.543, 125
Trd, 4318728.243, 67
Trd, 4318728.893, 61
Trd, 4318728.993, 63
Trd, 4318730.243, 140
Trd, 4318730.343, 135
Trd, 4318734.043, 140
Trd, 4318734.493, 140
Trd, 4318734.843, 140
Trd, 4318735.343, 140
Trd, 4318736.193, 140
Trd, 4318736.993, 140
Trd, 4318737.943, 140
Trd, 4318738.143, 139
Trd, 4318738.543, 139
Trd, 4318738.593, 73
Trd, 4318741.443, 140
Trd, 4318741.793, 140
Trd, 4318741.843, 140
Trd, 4318742.093, 140
Trd, 4318743.443, 140
Trd, 4318743.893, 140
Trd, 4318744.943, 140
Trd, 4318745.093, 140
Trd, 4318747.243, 140
Trd, 4318749.243, 140
Trd, 4318749.343, 140
Trd, 4318749.493, 140
Trd, 4318749.643, 139
Trd, 4318750.043, 138
Trd, 4318750.093, 132
Trd, 4318752.143, 140
Trd, 4318755.493, 140
Trd, 4318755.893, 140
Trd, 4318756.293, 140
Trd, 4318756.343, 140
Trd, 4318756.643, 140
Trd, 4318756.743, 139
Trd, 4318758.243, 140
Trd, 4318758.393, 140
Trd, 4318760.043, 140
Trd, 4318760.343, 140
Trd, 4318760.593, 140
Trd, 4318760.943, 140
Trd, 4318761.193, 140
Trd, 4318761.243, 123
Trd, 4318762.793, 140
Trd, 4318764.443, 140
Trd, 4318765.243, 140
Trd, 4318765.343, 140
Trd, 4318765.593, 140
Trd, 4318766.143, 140
Trd, 4318766.393, 140
Trd, 4318766.843, 140
Trd, 4318767.793, 138
Trd, 4318769.843, 140
Trd, 4318769.893, 139
Trd, 4318770.943, 139
Trd, 4318771.893, 140
Trd, 4318773.543, 140
Trd, 4318775.193, 140
Trd, 4318775.293, 140
Trd, 4318775.543, 140
Trd, 4318779.443, 140
Trd, 4318780.243, 140
Trd, 4318780.493, 140
Trd, 4318781.193, 140
Trd, 4318781.293, 140
Trd, 4318781.993, 140
Trd, 4318782.193, 138
Trd, 4318783.243, 140
Trd, 4318783.543, 140
Trd, 4318784.493, 140
Trd, 4318786.793, 140
Trd, 4318787.293, 140
Trd, 4318787.993, 140
Trd, 4318788.443, 140
Trd, 4318788.493, 140
Trd, 4318788.643, 140
Trd, 4318788.693, 137
Trd, 4318789.093, 132
Trd, 4318789.343, 140
Trd, 4318790.093, 140
Trd, 4318791.943, 140
Trd, 4318792.543, 140
Trd, 4318793.343, 140
Trd, 4318793.943, 140
Trd, 4318795.143, 140
Trd, 4318796.293, 140
Trd, 4318800.043, 140
Trd, 4318800.143, 140
Trd, 4318801.293, 140
Trd, 4318802.093, 140
Trd, 4318802.893, 140
Trd, 4318803.393, 140
Trd, 4318805.043, 140
Trd, 4318806.543, 140
Trd, 4318806.943, 140
Trd, 4318807.793, 140
Trd, 4318808.393, 140
Trd, 4318809.993, 140
Trd, 4318810.143, 140
Trd, 4318811.343, 140
Trd, 4318812.043, 139
Trd, 4318812.243, 140
Trd, 4318812.943, 139
Trd, 4318813.743, 138
Trd, 4318814.043, 138
Trd, 4318815.243, 140
Trd, 4318815.443, 140
Trd, 4318815.743, 140
Trd, 4318817.593, 140
Trd, 4318818.493, 139
Trd, 4318818.893, 138
Trd, 4318819.393, 140
Trd, 4318822.193, 140
Trd, 4318822.543, 140
Trd, 4318824.643, 140
Trd, 4318826.093, 140
Trd, 4318826.743, 140
Trd, 4318827.093, 140
Trd, 4318827.193, 140
Trd, 4318827.343, 139
Trd, 4318827.443, 139
Trd, 4318827.943, 140
Trd, 4318828.593, 140
Trd, 4318831.043, 140
Trd, 4318831.143, 140
Trd, 4318832.393, 139
Trd, 4318832.493, 140
Trd, 4318832.543, 138
Trd, 4318833.493, 136
Trd, 4318834.343, 140
Trd, 4318834.493, 140
Trd, 4318837.243, 140
Trd, 4318837.793, 140
Trd, 4318838.443, 140
Trd, 4318839.393, 140
Trd, 4318840.643, 140
Trd, 4318840.793, 140
Trd, 4318841.943, 140
Trd, 4318842.143, 140
Trd, 4318843.343, 140
Trd, 4318844.893, 140
Trd, 4318846.443, 140
Trd, 4318847.293, 140
Trd, 4318847.843, 140
Trd, 4318847.993, 140
Trd, 4318849.593, 140
Trd, 4318850.493, 140
Trd, 4318851.443, 140
Trd, 4318851.543, 140
Trd, 4318851.843, 140
Trd, 4318851.943, 140
Trd, 4318852.943, 140
Trd, 4318853.143, 139
Trd, 4318854.393, 140
Trd, 4318854.693, 140
Trd, 4318856.193, 140
Trd, 4318857.193, 140
Trd, 4318857.393, 140
Trd, 4318857.593, 139
Trd, 4318858.593, 140
Trd, 4318859.043, 65
Trd, 4318859.093, 66
Trd, 4318860.593, 140
Trd, 4318861.393, 138
Trd, 4318862.143, 140
Trd, 4318863.943, 139
Trd, 4318864.793, 140
Trd, 4318865.693, 140
Trd, 4318865.793, 139
Trd, 4318866.493, 140
Trd, 4318867.793, 140
Trd, 4318867.893, 140
Trd, 4318868.343, 140
Trd, 4318870.943, 140
Trd, 4318870.993, 140
Trd, 4318871.493, 140
Trd, 4318872.893, 140
Trd, 4318873.493, 140
Trd, 4318873.993, 140
Trd, 4318874.143, 140
Trd, 4318875.043, 140
Trd, 4318875.793, 140
Trd, 4318875.843, 140
Trd, 4318876.393, 139
Trd, 4318877.143, 126
Trd, 4318877.343, 123
Trd, 4318880.143, 140
Trd, 4318880.993, 140
Trd, 4318882.743, 140
Trd, 4318883.143, 140
Trd, 4318883.893, 140
Trd, 4318885.343, 140
Trd, 4318886.093, 140
Trd, 4318886.143, 140
Trd, 4318888.843, 140
Trd, 4318889.093, 140
Trd, 4318889.793, 140
Trd, 4318890.193, 140
Trd, 4318891.543, 140
Trd, 4318892.493, 140
Trd, 4318892.743, 140
Trd, 4318893.143, 140
Trd, 4318893.993, 140
Trd, 4318894.443, 140
Trd, 4318895.143, 140
Trd, 4318895.293, 138
Trd, 4318895.593, 140
Trd, 4318896.743, 140
Trd, 4318897.143, 139
Trd, 4318897.643, 91
Trd, 4318898.743, 139
Trd, 4318902.293, 140
Trd, 4318903.243, 140
Trd, 4318903.543, 140
Trd, 4318904.543, 140
Trd, 4318905.043, 140
Trd, 4318906.043, 139
Trd, 4318906.093, 139
Trd, 4318906.643, 140
Trd, 4318907.793, 140
Trd, 4318908.143, 140
Trd, 4318908.593, 140
Trd, 4318909.693, 140
Trd, 4318909.943, 140
Trd, 4318909.993, 140
Trd, 4318910.143, 138
Trd, 4318910.443, 139
Trd, 4318911.993, 140
Trd, 4318913.493, 140
Trd, 4318916.143, 140
Trd, 4318917.743, 140
Trd, 4318917.993, 140
Trd, 4318919.343, 140
Trd, 4318919.493, 140
Trd, 4318919.943, 140
Trd, 4318921.493, 138
Trd, 4318922.843, 140
Trd, 4318923.043, 140
Trd, 4318923.093, 140
Trd, 4318923.593, 138
Trd, 4318923.843, 134
Trd, 4318924.493, 139
Trd, 4318925.243, 140
Trd, 4318926.143, 131
Trd, 4318927.193, 140
Trd, 4318928.043, 140
Trd, 4318928.293, 140
Trd, 4318930.143, 140
Trd, 4318931.993, 140
Trd, 4318932.343, 140
Trd, 4318933.043, 140
Trd, 4318933.543, 140
Trd, 4318933.993, 140
Trd, 4318934.693, 140
Trd, 4318935.043, 140
Trd, 4318935.993, 139
Trd, 4318936.993, 140
Trd, 4318937.193, 107
Trd, 4318937.343, 82
Trd, 4318938.043, 140
Trd, 4318938.693, 140
Trd, 4318938.843, 140
Trd, 4318939.493, 140
Trd, 4318942.393, 140
Trd, 4318942.593, 140
Trd, 4318944.493, 140
Trd, 4318944.993, 140
Trd, 4318945.343, 140
Trd, 4318945.743, 140
Trd, 4318945.993, 140
Trd, 4318946.193, 134
Trd, 4318946.593, 83
Trd, 4318946.843, 133
Trd, 4318947.943, 62
Trd, 4318948.293, 69
Trd, 4318949.043, 140
Trd, 4318949.593, 140
Trd, 4318952.693, 140
Trd, 4318953.543, 140
Trd, 4318954.943, 140
Trd, 4318955.543, 140
Trd, 4318955.993, 140
Trd, 4318956.943, 140
Trd, 4318957.293, 140
Trd, 4318958.293, 140
Trd, 4318959.443, 140
Trd, 4318959.793, 140
Trd, 4318959.943, 140
Trd, 4318960.143, 135
Trd, 4318961.643, 140
Trd, 4318962.493, 140
Trd, 4318962.843, 130
Trd, 4318963.043, 69
Trd, 4318964.043, 137
Trd, 4318964.443, 62
Trd, 4318964.493, 138
Trd, 4318966.093, 140
Trd, 4318966.143, 140
Trd, 4318968.943, 140
Trd, 4318969.543, 140
Trd, 4318969.943, 140
Trd, 4318970.293, 140
Trd, 4318970.743, 139
Trd, 4318972.743, 140
Trd, 4318973.243, 140
Trd, 4318973.293, 140
Trd, 4318973.793, 140
Trd, 4318975.693, 140
Trd, 4318975.793, 140
Trd, 4318979.093, 140
Trd, 4318979.443, 140
Trd, 4318980.293, 140
Trd, 4318981.693, 140
Trd, 4318982.743, 140
Trd, 4318982.793, 140
Trd, 4318983.043, 140
Trd, 4318983.143, 140
Trd, 4318983.443, 139
Trd, 4318983.543, 86
Trd, 4318984.493, 139
Trd, 4318984.593, 140
Trd, 4318985.243, 79
Trd, 4318986.543, 125
Trd, 4318986.893, 121
Trd, 4318987.793, 140
Trd, 4318990.043, 140
Trd, 4318990.093, 140
Trd, 4318990.543, 140
Trd, 4318990.593, 140
Trd, 4318992.893, 140
Trd, 4318993.293, 140
Trd, 4318994.893, 140
Trd, 4318995.443, 140
Trd, 4318996.043, 140
Trd, 4318996.593, 140
Trd, 4318998.793, 140
Trd, 4318999.343, 140
Trd, 4318999.493, 139
Trd, 4318999.643, 138
Trd, 4318999.893, 140
Trd, 4318999.943, 139
Trd, 4319001.943, 140
Trd, 4319002.143, 140
Trd, 4319002.493, 140
Trd, 4319003.593, 139
Trd, 4319004.493, 139
Trd, 4319004.543, 137
Trd, 4319004.693, 140
Trd, 4319005.093, 134
Trd, 4319007.093, 140
Trd, 4319008.043, 140
Trd, 4319008.343, 140
Trd, 4319010.893, 140
Trd, 4319011.193, 140
Trd, 4319011.243, 140
Trd, 4319012.743, 140
Trd, 4319013.093, 140
Trd, 4319014.893, 140
Trd, 4319015.143, 139
Trd, 4319015.943, 140
Trd, 4319016.093, 139
Trd, 4319016.293, 139
Trd, 4319016.843, 132
Trd, 4319016.993, 139
Trd, 4319017.943, 60
Trd, 4319019.093, 60
Trd, 4319019.243, 60
Trd, 4319019.493, 62
Trd, 4319020.193, 84
Trd, 4319020.643, 70
Trd, 4319021.643, 140
Trd, 4319022.793, 140
Trd, 4319023.843, 140
Trd, 4319024.643, 140
Trd, 4319026.443, 140
Trd, 4319027.493, 140
Trd, 4319027.793, 140
Trd, 4319028.593, 140
Trd, 4319030.743, 140
Trd, 4319030.793, 140
Trd, 4319032.343, 140
Trd, 4319033.593, 140
Trd, 4319033.693, 140
Trd, 4319035.643, 140
Trd, 4319036.343, 140
Trd, 4319037.343, 140
Trd, 4319038.843, 140
Trd, 4319039.843, 140
Trd, 4319039.993, 140
Trd, 4319040.143, 140
Trd, 4319040.743, 140
Trd, 4319041.593, 139
Trd, 4319041.843, 139
Trd, 4319041.993, 140
Trd, 4319042.243, 139
Trd, 4319043.143, 140
Trd, 4319045.993, 140
Trd, 4319046.443, 140
Trd, 4319047.693, 140
Trd, 4319048.543, 140
Trd, 4319048.793, 140
Trd, 4319049.543, 140
Trd, 4319050.793, 140
Trd, 4319050.943, 140
Trd, 4319054.443, 140
Trd, 4319054.793, 140
Trd, 4319056.843, 140
Trd, 4319057.293, 140
Trd, 4319058.293, 140
Trd, 4319058.343, 140
Trd, 4319058.793, 140
Trd, 4319059.343, 140
Trd, 4319060.493, 140
Trd, 4319060.993, 140
Trd, 4319061.093, 140
Trd, 4319061.893, 137
Trd, 4319062.193, 136
Trd, 4319062.793, 140
Trd, 4319062.943, 140
Trd, 4319063.143, 122
Trd, 4319063.693, 140
Trd, 4319064.393, 117
Trd, 4319065.993, 139
Trd, 4319068.193, 140
Trd, 4319068.543, 140
Trd, 4319069.043, 140
Trd, 4319070.293, 140
Trd, 4319070.793, 140
Trd, 4319072.443, 140
Trd, 4319072.543, 140
Trd, 4319073.593, 140
Trd, 4319073.693, 140
Trd, 4319074.243, 140
Trd, 4319075.443, 140
Trd, 4319076.243, 140
Trd, 4319078.293, 140
Trd, 4319078.443, 140
Trd, 4319078.793, 140
Trd, 4319078.843, 140
Trd, 4319079.443, 139
Trd, 4319079.993, 138
Trd, 4319080.293, 133
Trd, 4319080.593, 140
Trd, 4319080.743, 140
Trd, 4319080.793, 139
Trd, 4319082.043, 115
Trd, 4319084.993, 140
Trd, 4319086.943, 140
Trd, 4319087.343, 140
Trd, 4319087.893, 140
Trd, 4319088.643, 139
Trd, 4319090.393, 140
Trd, 4319090.993, 140
Trd, 4319091.093, 140
Trd, 4319092.943, 140
Trd, 4319093.493, 140
Trd, 4319095.193, 140
Trd, 4319097.893, 140
Trd, 4319098.443, 140
Trd, 4319098.543, 140
Trd, 4319099.343, 140
Trd, 4319099.543, 140
Trd, 4319101.093, 140
Trd, 4319101.943, 140
Trd, 4319102.443, 140
Trd, 4319103.343, 139
Trd, 4319103.593, 140
Trd, 4319104.443, 140
Trd, 4319104.493, 138
Trd, 4319106.793, 140
Trd, 4319107.893, 140
Trd, 4319108.443, 140
Trd, 4319108.643, 140
Trd, 4319108.993, 140
Trd, 4319109.093, 140
Trd, 4319110.193, 140
Trd, 4319110.493, 139
Trd, 4319111.043, 139
Trd, 4319112.543, 140
Trd, 4319113.693, 140
Trd, 4319114.193, 140
Trd, 4319116.293, 140
Trd, 4319116.893, 140
Trd, 4319117.043, 140
Trd, 4319117.193, 139
Trd, 4319117.393, 139
Trd, 4319117.643, 139
Trd, 4319117.993, 140
Trd, 4319119.793, 140
Trd, 4319120.743, 140
Trd, 4319122.193, 140
Trd, 4319123.043, 140
Trd, 4319123.543, 140
Trd, 4319123.993, 140
Trd, 4319125.443, 140
Trd, 4319126.343, 140
Trd, 4319126.843, 140
Trd, 4319127.343, 140
Trd, 4319129.993, 140
Trd, 4319130.593, 140
Trd, 4319130.693, 140
Trd, 4319131.843, 140
Trd, 4319131.993, 140
Trd, 4319132.243, 140
Trd, 4319132.293, 140
Trd, 4319132.393, 139
Trd, 4319132.643, 87
Trd, 4319133.443, 137
Trd, 4319133.843, 140
Trd, 4319134.543, 121
Trd, 4319134.743, 135
Trd, 4319135.543, 139
Trd, 4319135.593, 137
Trd, 4319137.093, 140
Trd, 4319137.793, 139
Trd, 4319138.143, 118
Trd, 4319139.943, 140
Trd, 4319140.043, 140
Trd, 4319142.693, 140
Trd, 4319143.293, 140
Trd, 4319143.893, 140
Trd, 4319144.343, 140
Trd, 4319144.693, 140
Trd, 4319146.243, 140
Trd, 4319147.093, 140
Trd, 4319148.393, 140
Trd, 4319149.643, 140
Trd, 4319149.743, 140
Trd, 4319150.743, 139
Trd, 4319150.843, 139
Trd, 4319151.093, 139
Trd, 4319151.543, 119
Trd, 4319152.693, 60
Trd, 4319153.093, 60
Trd, 4319153.393, 62
Trd, 4319153.643, 62
Trd, 4319153.693, 63
Trd, 4319153.993, 117
Trd, 4319156.343, 139
Trd, 4319157.293, 135
Trd, 4319157.543, 140
Trd, 4319160.543, 140
Trd, 4319160.643, 140
Trd, 4319160.743, 140
Trd, 4319161.093, 140
Trd, 4319161.293, 140
Trd, 4319161.343, 139
Trd, 4319161.693, 125
Trd, 4319162.043, 124
Trd, 4319163.443, 62
Trd, 4319164.493, 139
Trd, 4319165.193, 139
Trd, 4319166.243, 140
Trd, 4319166.593, 129
Trd, 4319167.193, 61
Trd, 4319167.293, 62
Trd, 4319167.893, 62
Trd, 4319168.343, 66
Trd, 4319168.393, 77
Trd, 4319169.243, 140
Trd, 4319169.843, 140
Trd, 4319169.943, 140
Trd, 4319170.593, 138
Trd, 4319171.943, 137
Trd, 4319173.393, 140
Trd, 4319173.643, 140
Trd, 4319174.443, 140
Trd, 4319176.243, 140
Trd, 4319176.493, 140
Trd, 4319177.993, 140
Trd, 4319178.093, 139
Trd, 4319178.443, 140
Trd, 4319178.643, 140
Trd, 4319179.193, 140
Trd, 4319179.893, 140
Trd, 4319179.943, 140
Trd, 4319180.693, 140
Trd, 4319181.793, 140
Trd, 4319181.943, 139
Trd, 4319182.743, 72
Trd, 4319183.493, 121
Trd, 4319183.543, 116
Trd, 4319183.993, 139
Trd, 4319184.193, 140
Trd, 4319186.093, 140
Trd, 4319186.443, 126
Trd, 4319187.493, 140
Trd, 4319189.043, 138
Trd, 4319189.393, 135
Trd, 4319191.043, 139
Trd, 4319192.943, 140
Trd, 4319193.293, 140
Trd, 4319194.643, 140
Trd, 4319196.293, 140
Trd, 4319196.593, 140
Trd, 4319196.943, 139
Trd, 4319197.043, 138
Trd, 4319197.343, 96
Trd, 4319197.693, 72
Trd, 4319198.593, 137
Trd, 4319198.993, 139
Trd, 4319200.443, 91
Trd, 4319202.993, 140
Trd, 4319203.843, 140
Trd, 4319204.743, 140
Trd, 4319205.543, 140
Trd, 4319208.543, 140
Trd, 4319208.643, 140
Trd, 4319208.843, 140
Trd, 4319209.343, 140
Trd, 4319209.793, 140
Trd, 4319210.143, 140
Trd, 4319210.493, 139
Trd, 4319210.993, 140
Trd, 4319211.693, 140
Trd, 4319211.843, 140
Trd, 4319212.843, 140
Trd, 4319213.293, 140
Trd, 4319215.143, 140
Trd, 4319216.893, 140
Trd, 4319216.943, 140
Trd, 4319217.743, 140
Trd, 4319217.993, 139
Trd, 4319219.093, 140
Trd, 4319219.443, 139
Trd, 4319219.543, 140
Trd, 4319221.193, 140
Trd, 4319221.493, 139
Trd, 4319221.793, 138
Trd, 4319223.743, 140
Trd, 4319224.743, 140
Trd, 4319225.443, 140
Trd, 4319225.893, 140
Trd, 4319226.543, 140
Trd, 4319226.943, 140
Trd, 4319228.393, 139
Trd, 4319228.443, 139
Trd, 4319229.693, 140
Trd, 4319230.793, 140
Trd, 4319232.293, 140
Trd, 4319232.593, 140
Trd, 4319232.993, 140
Trd, 4319233.293, 138
Trd, 4319233.693, 139
Trd, 4319234.743, 138
Trd, 4319234.793, 134
Trd, 4319235.443, 139
Trd, 4319235.743, 128
Trd, 4319237.843, 140
Trd, 4319238.093, 140
Trd, 4319238.593, 140
Trd, 4319243.393, 140
Trd, 4319243.643, 140
Trd, 4319243.993, 140
Trd, 4319246.243, 140
Trd, 4319246.593, 140
Trd, 4319247.493, 140
Trd, 4319247.793, 139
Trd, 4319248.693, 139
Trd, 4319249.193, 140
Trd, 4319249.793, 140
Trd, 4319249.943, 139
Trd, 4319250.093, 139
Trd, 4319251.493, 140
Trd, 4319252.043, 140
Trd, 4319252.543, 140
Trd, 4319254.643, 140
Trd, 4319255.143, 140
Trd, 4319255.543, 140
Trd, 4319256.343, 139
Trd, 4319257.543, 140
Trd, 4319258.143, 140
Trd, 4319259.743, 140
Trd, 4319262.343, 140
Trd, 4319262.843, 140
Trd, 4319263.793, 140
Trd, 4319264.043, 140
Trd, 4319264.443, 140
Trd, 4319264.943, 138
Trd, 4319266.693, 140
Trd, 4319267.793, 139
Trd, 4319268.993, 140
Trd, 4319269.693, 140
Trd, 4319270.593, 140
Trd, 4319273.093, 140
Trd, 4319273.743, 140
Trd, 4319274.143, 140
Trd, 4319274.993, 140
Trd, 4319275.093, 140
Trd, 4319275.143, 140
Trd, 4319275.843, 140
Trd, 4319277.393, 140
Trd, 4319278.293, 140
Trd, 4319278.643, 140
Trd, 4319279.293, 139
Trd, 4319279.743, 140
Trd, 4319280.443, 140
Trd, 4319280.843, 140
Trd, 4319281.543, 138
Trd, 4319283.293, 140
Trd, 4319284.693, 140
Trd, 4319285.043, 140
Trd, 4319285.243, 140
Trd, 4319286.293, 140
Trd, 4319286.593, 139
Trd, 4319286.993, 138
Trd, 4319288.393, 139
Trd, 4319288.493, 139
Trd, 4319289.243, 139
Trd, 4319290.843, 140
Trd, 4319291.393, 139
Trd, 4319292.093, 138
Trd, 4319293.743, 140
Trd, 4319293.843, 140
Trd, 4319295.593, 140
Trd, 4319295.893, 140
Trd, 4319297.793, 140
Trd, 4319298.293, 139
Trd, 4319298.643, 139
Trd, 4319299.493, 140
Trd, 4319299.693, 139
Trd, 4319299.993, 140
Trd, 4319300.193, 137
Trd, 4319300.543, 138
Trd, 4319301.693, 140
Trd, 4319302.643, 140
Trd, 4319302.893, 140
Trd, 4319303.693, 140
Trd, 4319306.093, 140
Trd, 4319308.293, 140
Trd, 4319309.793, 140
Trd, 4319310.093, 140
Trd, 4319311.743, 140
Trd, 4319311.843, 140
Trd, 4319312.093, 140
Trd, 4319312.443, 138
Trd, 4319313.543, 139
Trd, 4319316.443, 140
Trd, 4319316.493, 139
Trd, 4319316.793, 140
Trd, 4319317.443, 140
Trd, 4319317.993, 140
Trd, 4319318.243, 140
Trd, 4319319.243, 139
Trd, 4319319.793, 137
Trd, 4319321.843, 140
Trd, 4319321.943, 140
Trd, 4319322.343, 140
Trd, 4319322.443, 140
Trd, 4319322.793, 140
Trd, 4319323.193, 140
Trd, 4319323.593, 140
Trd, 4319326.093, 140
Trd, 4319326.193, 140
Trd, 4319328.093, 140
Trd, 4319328.193, 140
Trd, 4319328.843, 140
Trd, 4319329.893, 140
Trd, 4319330.143, 139
Trd, 4319330.743, 139
Trd, 4319330.993, 139
Trd, 4319331.793, 137
Trd, 4319331.993, 138
Trd, 4319332.743, 105
Trd, 4319333.193, 135
Trd, 4319333.343, 134
Trd, 4319333.543, 137
Trd, 4319334.143, 140
Trd, 4319334.843, 140
Trd, 4319336.893, 140
Trd, 4319337.343, 140
Trd, 4319338.443, 140
Trd, 4319339.443, 140
Trd, 4319339.993, 139
Trd, 4319340.143, 139
Trd, 4319340.693, 140
Trd, 4319341.793, 140
Trd, 4319344.843, 140
Trd, 4319345.143, 140
Trd, 4319345.393, 140
Trd, 4319348.393, 140
Trd, 4319348.643, 140
Trd, 4319348.743, 140
Trd, 4319349.993, 140
Trd, 4319351.643, 140
Trd, 4319352.193, 140
Trd, 4319352.443, 140
Trd, 4319353.193, 140
Trd, 4319353.243, 139
Trd, 4319354.193, 140
Trd, 4319355.043, 140
Trd, 4319355.293, 138
Trd, 4319356.893, 140
Trd, 4319357.393, 140
Trd, 4319357.643, 140
Trd, 4319359.043, 140
Trd, 4319359.993, 140
Trd, 4319360.593, 140
Trd, 4319361.443, 140
Trd, 4319362.143, 137
Trd, 4319363.543, 140
Trd, 4319364.443, 140
Trd, 4319365.543, 140
Trd, 4319365.793, 140
Trd, 4319366.543, 140
Trd, 4319366.843, 140
Trd, 4319366.893, 140
Trd, 4319368.143, 140
Trd, 4319368.993, 140
Trd, 4319369.543, 138
Trd, 4319369.843, 136
Trd, 4319370.043, 139
Trd, 4319372.243, 140
Trd, 4319372.393, 139
Trd, 4319373.093, 140
Trd, 4319374.443, 140
Trd, 4319375.143, 140
Trd, 4319375.343, 139
Trd, 4319375.543, 139
Trd, 4319375.743, 127
Trd, 4319376.043, 78
Trd, 4319377.393, 140
Trd, 4319378.043, 139
Trd, 4319378.493, 138
Trd, 4319378.993, 139
Trd, 4319380.693, 60
Trd, 4319380.843, 60
Trd, 4319381.543, 61
Trd, 4319381.643, 62
Trd, 4319382.493, 68
Trd, 4319382.643, 69
Trd, 4319383.093, 75
Trd, 4319383.393, 106
Trd, 4319385.593, 140
Trd, 4319386.843, 140
Trd, 4319386.993, 140
Trd, 4319387.143, 139
Trd, 4319387.493, 60
Trd, 4319388.193, 60
Trd, 4319388.243, 62
Trd, 4319388.593, 60
Trd, 4319389.293, 60
Trd, 4319389.843, 60
Trd, 4319390.093, 60
Trd, 4319390.643, 60
Trd, 4319392.343, 140
Trd, 4319393.043, 140
Trd, 4319393.243, 140
Trd, 4319393.643, 140
Trd, 4319394.143, 140
Trd, 4319394.443, 140
Trd, 4319394.743, 140
Trd, 4319395.343, 138
Trd, 4319397.393, 60
Trd, 4319397.443, 60
Trd, 4319398.043, 60
Trd, 4319398.143, 63
Trd, 4319399.343, 138
Trd, 4319399.793, 111
Trd, 4319400.093, 111
Trd, 4319400.843, 65
Trd, 4319402.993, 60
Trd, 4319403.293, 60
Trd, 4319403.943, 60
Trd, 4319403.993, 60
Trd, 4319404.443, 63
Trd, 4319404.693, 69
Trd, 4319405.643, 69
Trd, 4319406.143, 64
Trd, 4319407.993, 67
Trd, 4319408.093, 71
Trd, 4319408.493, 77
Trd, 4319408.893, 65
Trd, 4319409.593, 140
Trd, 4319410.993, 140
Trd, 4319411.093, 139
Trd, 4319412.043, 60
Trd, 4319412.643, 60
Trd, 4319412.743, 60
Trd, 4319413.193, 108
Trd, 4319414.193, 140
Trd, 4319416.793, 140
Trd, 4319417.943, 140
Trd, 4319418.243, 140
Trd, 4319419.043, 140
Trd, 4319419.143, 140
Trd, 4319419.593, 140
Trd, 4319420.093, 139
Trd, 4319420.343, 138
Trd, 4319423.293, 140
Trd, 4319423.343, 140
Trd, 4319425.743, 140
Trd, 4319425.893, 140
Trd, 4319426.443, 140
Trd, 4319428.993, 140
Trd, 4319429.043, 140
Trd, 4319430.093, 140
Trd, 4319430.893, 140
Trd, 4319431.143, 140
Trd, 4319432.993, 140
Trd, 4319434.943, 140
Trd, 4319436.293, 140
Trd, 4319436.893, 140
Trd, 4319437.243, 140
Trd, 4319438.593, 140
Trd, 4319438.643, 140
Trd, 4319439.043, 140
Trd, 4319439.243, 140
Trd, 4319441.143, 140
Trd, 4319442.143, 140
Trd, 4319442.843, 140
Trd, 4319443.993, 140
Trd, 4319445.343, 140
Trd, 4319446.793, 140
Trd, 4319446.993, 140
Trd, 4319449.193, 140
Trd, 4319449.393, 140
Trd, 4319452.993, 140
Trd, 4319453.293, 140
Trd, 4319453.993, 140
Trd, 4319454.493, 140
Trd, 4319456.293, 140
Trd, 4319458.093, 140
Trd, 4319458.243, 140
Trd, 4319458.893, 140
Trd, 4319458.993, 140
Trd, 4319460.843, 140
Trd, 4319462.893, 140
Trd, 4319463.193, 140
Trd, 4319463.593, 140
Trd, 4319463.793, 140
Trd, 4319465.993, 140
Trd, 4319466.393, 140
Trd, 4319466.693, 140
Trd, 4319467.593, 140
Trd, 4319467.693, 139
Trd, 4319469.093, 99
Trd, 4319469.243, 107
Trd, 4319469.443, 82
Trd, 4319470.393, 140
Trd, 4319471.543, 64
Trd, 4319472.293, 60
Trd, 4319472.693, 60
Trd, 4319473.043, 64
Trd, 4319473.843, 138
Trd, 4319475.093, 81
Trd, 4319475.993, 61
Trd, 4319476.793, 60
Trd, 4319477.143, 60
Trd, 4319479.593, 61
Trd, 4319480.643, 60
Trd, 4319480.943, 60
Trd, 4319481.493, 60
Trd, 4319481.993, 60
Trd, 4319482.193, 60
Trd, 4319482.393, 132
Trd, 4319484.493, 140
Trd, 4319484.993, 140
Trd, 4319485.193, 140
Trd, 4319487.093, 140
Trd, 4319487.793, 140
Trd, 4319488.443, 140
Trd, 4319488.743, 139
Trd, 4319490.493, 140
Trd, 4319491.093, 140
Trd, 4319491.793, 140
Trd, 4319493.243, 140
Trd, 4319493.543, 139
Trd, 4319495.193, 140
Trd, 4319495.293, 140
Trd, 4319495.393, 139
Trd, 4319495.793, 140
Trd, 4319496.493, 140
Trd, 4319498.393, 140
Trd, 4319498.593, 140
Trd, 4319499.093, 139
Trd, 4319499.193, 139
Trd, 4319499.693, 140
Trd, 4319501.243, 140
Trd, 4319502.243, 140
Trd, 4319502.443, 140
Trd, 4319503.293, 140
Trd, 4319506.093, 140
Trd, 4319506.343, 140
Trd, 4319507.143, 140
Trd, 4319507.393, 140
Trd, 4319507.893, 140
Trd, 4319508.593, 139
Trd, 4319510.093, 140
Trd, 4319511.393, 140
Trd, 4319511.493, 140
Trd, 4319512.693, 140
Trd, 4319512.943, 140
Trd, 4319514.843, 140
Trd, 4319514.943, 140
Trd, 4319515.643, 140
Trd, 4319515.843, 140
Trd, 4319516.043, 140
Trd, 4319516.293, 140
Trd, 4319516.743, 140
Trd, 4319517.743, 135
Trd, 4319518.543, 140
Trd, 4319518.943, 140
Trd, 4319522.443, 140
Trd, 4319522.843, 140
Trd, 4319523.193, 140
Trd, 4319523.693, 140
Trd, 4319523.893, 140
Trd, 4319525.393, 140
Trd, 4319525.793, 140
Trd, 4319526.293, 140
Trd, 4319526.993, 140
Trd, 4319527.243, 140
Trd, 4319528.943, 140
Trd, 4319529.393, 139
Trd, 4319529.793, 137
Trd, 4319531.543, 140
Trd, 4319531.943, 140
Trd, 4319533.143, 140
Trd, 4319534.893, 140
Trd, 4319535.793, 140
Trd, 4319536.643, 140
Trd, 4319539.043, 140
Trd, 4319539.693, 140
Trd, 4319539.893, 140
Trd, 4319540.793, 140
Trd, 4319542.143, 140
Trd, 4319543.793, 140
Trd, 4319544.093, 140
Trd, 4319544.393, 139
Trd, 4319546.243, 139
Trd, 4319546.593, 140
Trd, 4319546.893, 140
Trd, 4319547.393, 140
Trd, 4319547.793, 135
Trd, 4319548.543, 140
Trd, 4319548.943, 139
Trd, 4319549.593, 60
Trd, 4319549.643, 60
Trd, 4319549.693, 60
Trd, 4319550.243, 139
Trd, 4319550.643, 139
Trd, 4319550.943, 139
Trd, 4319553.293, 139
Trd, 4319553.893, 140
Trd, 4319554.793, 140
Trd, 4319556.843, 140
Trd, 4319557.243, 140
Trd, 4319558.093, 140
Trd, 4319558.343, 140
Trd, 4319560.593, 140
Trd, 4319560.943, 140
Trd, 4319561.093, 140
Trd, 4319561.243, 139
Trd, 4319561.343, 139
Trd, 4319562.293, 138
Trd, 4319563.393, 133
Trd, 4319563.643, 134
Trd, 4319564.143, 124
Trd, 4319564.243, 123
Trd, 4319564.493, 134
Trd, 4319565.293, 122
Trd, 4319565.443, 121
Trd, 4319566.793, 139
Trd, 4319568.343, 140
Trd, 4319569.893, 140
Trd, 4319570.143, 140
Trd, 4319571.643, 140
Trd, 4319572.243, 140
Trd, 4319572.493, 140
Trd, 4319573.193, 140
Trd, 4319573.393, 140
Trd, 4319576.393, 140
Trd, 4319577.293, 140
Trd, 4319577.443, 140
Trd, 4319578.143, 140
Trd, 4319578.343, 140
Trd, 4319579.193, 140
Trd, 4319580.493, 140
Trd, 4319580.943, 140
Trd, 4319582.293, 140
Trd, 4319582.843, 140
Trd, 4319583.393, 140
Trd, 4319583.543, 138
Trd, 4319583.843, 138
Trd, 4319585.093, 140
Trd, 4319585.343, 140
Trd, 4319585.693, 140
Trd, 4319585.743, 136
Trd, 4319586.693, 131
Trd, 4319586.943, 139
Trd, 4319587.193, 140
Trd, 4319589.193, 138
Trd, 4319590.293, 139
Trd, 4319590.593, 140
Trd, 4319590.993, 140
Trd, 4319593.193, 140
Trd, 4319593.243, 140
Trd, 4319593.893, 140
Trd, 4319595.443, 140
Trd, 4319595.943, 140
Trd, 4319596.893, 140
Trd, 4319596.993, 140
Trd, 4319597.293, 140
Trd, 4319599.143, 140
Trd, 4319599.393, 139
Trd, 4319599.443, 140
Trd, 4319599.493, 136
Trd, 4319599.943, 139
Trd, 4319601.093, 140
Trd, 4319601.643, 140
Trd, 4319603.593, 140
Trd, 4319604.493, 140
Trd, 4319604.543, 138
Trd, 4319605.393, 140
Trd, 4319605.593, 139
Trd, 4319606.893, 137
Trd, 4319606.993, 136
Trd, 4319607.443, 135
Trd, 4319607.643, 140
Trd, 4319608.643, 140
Trd, 4319609.993, 140
Trd, 4319611.243, 140
Trd, 4319611.843, 140
Trd, 4319612.393, 140
Trd, 4319617.093, 140
Trd, 4319617.493, 140
Trd, 4319618.493, 140
Trd, 4319619.093, 140
Trd, 4319619.143, 140
Trd, 4319619.343, 140
Trd, 4319620.643, 139
Trd, 4319621.043, 138
Trd, 4319621.993, 140
Trd, 4319623.443, 140
Trd, 4319623.643, 140
Trd, 4319623.693, 140
Trd, 4319623.743, 140
Trd, 4319625.543, 139
Trd, 4319625.593, 110
Trd, 4319625.893, 140
Trd, 4319626.043, 137
Trd, 4319626.793, 74
Trd, 4319627.743, 140
Trd, 4319629.993, 140
Trd, 4319630.143, 117
Trd, 4319631.193, 140
Trd, 4319631.743, 140
Trd, 4319634.443, 140
Trd, 4319636.293, 140
Trd, 4319638.043, 140
Trd, 4319638.343, 140
Trd, 4319638.593, 140
Trd, 4319639.593, 140
Trd, 4319640.043, 140
Trd, 4319640.343, 140
Trd, 4319640.893, 140
Trd, 4319641.493, 140
Trd, 4319642.793, 140
Trd, 4319643.043, 140
Trd, 4319643.593, 139
Trd, 4319644.643, 139
Trd, 4319645.693, 138
Trd, 4319646.243, 140
Trd, 4319646.293, 139
Trd, 4319646.543, 139
Trd, 4319646.943, 89
Trd, 4319649.143, 140
Trd, 4319650.243, 140
Trd, 4319651.343, 140
Trd, 4319651.643, 140
Trd, 4319651.693, 140
Trd, 4319652.343, 140
Trd, 4319652.543, 139
Trd, 4319652.693, 140
Trd, 4319653.093, 140
Trd, 4319653.293, 138
Trd, 4319655.993, 140
Trd, 4319656.343, 140
Trd, 4319657.693, 140
Trd, 4319658.893, 140
Trd, 4319659.343, 140
Trd, 4319659.843, 140
Trd, 4319659.943, 140
Trd, 4319660.193, 139
Trd, 4319664.093, 140
Trd, 4319665.493, 140
Trd, 4319666.493, 140
Trd, 4319666.843, 140
Trd, 4319667.093, 140
Trd, 4319667.143, 139
Trd, 4319667.743, 140
Trd, 4319668.593, 140
Trd, 4319668.693, 139
Trd, 4319670.943, 140
Trd, 4319671.693, 140
Trd, 4319672.443, 140
Trd, 4319673.293, 140
Trd, 4319673.993, 140
Trd, 4319674.193, 139
Trd, 4319675.543, 140
Trd, 4319675.793, 140
Trd, 4319676.143, 139
Trd, 4319677.593, 136
Trd, 4319677.993, 137
Trd, 4319678.643, 140
Trd, 4319679.443, 140
Trd, 4319679.793, 140
Trd, 4319680.693, 140
Trd, 4319681.443, 137
Trd, 4319682.143, 140
Trd, 4319683.193, 140
Trd, 4319684.843, 140
Trd, 4319686.393, 140
Trd, 4319686.893, 140
Trd, 4319687.493, 140
Trd, 4319688.093, 140
Trd, 4319689.043, 140
Trd, 4319689.293, 140
Trd, 4319691.843, 140
Trd, 4319692.293, 140
Trd, 4319694.093, 140
Trd, 4319694.443, 140
Trd, 4319694.643, 140
Trd, 4319694.693, 140
Trd, 4319694.743, 139
Trd, 4319695.743, 138
Trd, 4319696.143, 140
Trd, 4319697.543, 140
Trd, 4319697.593, 140
Trd, 4319697.643, 139
Trd, 4319697.943, 140
Trd, 4319697.993, 139
Trd, 4319698.093, 139
Trd, 4319701.443, 140
Trd, 4319702.793, 140
Trd, 4319703.643, 140
Trd, 4319703.793, 139
Trd, 4319703.893, 140
Trd, 4319704.643, 140
Trd, 4319704.793, 139
Trd, 4319706.293, 140
Trd, 4319706.343, 139
Trd, 4319707.343, 140
Trd, 4319708.293, 116
Trd, 4319709.293, 140
Trd, 4319710.193, 140
Trd, 4319711.443, 140
Trd, 4319711.743, 140
Trd, 4319712.893, 140
Trd, 4319712.993, 139
Trd, 4319713.443, 138
Trd, 4319713.493, 79
Trd, 4319714.243, 63
Trd, 4319716.393, 140
Trd, 4319717.193, 140
Trd, 4319717.293, 140
Trd, 4319717.593, 140
Trd, 4319718.993, 140
Trd, 4319722.093, 140
Trd, 4319723.743, 140
Trd, 4319724.893, 140
Trd, 4319725.643, 140
Trd, 4319725.743, 139
Trd, 4319726.843, 140
Trd, 4319727.043, 140
Trd, 4319727.143, 140
Trd, 4319728.643, 140
Trd, 4319729.143, 140
Trd, 4319730.343, 140
Trd, 4319730.693, 140
Trd, 4319734.943, 140
Trd, 4319735.093, 140
Trd, 4319735.243, 140
Trd, 4319735.293, 139
Trd, 4319736.143, 139
Trd, 4319736.343, 138
Trd, 4319736.393, 140
Trd, 4319738.093, 140
Trd, 4319738.193, 140
Trd, 4319739.343, 140
Trd, 4319740.193, 128
Trd, 4319740.293, 126
Trd, 4319740.743, 139
Trd, 4319742.093, 140
Trd, 4319742.693, 140
Trd, 4319744.493, 140
Trd, 4319744.643, 140
Trd, 4319745.093, 139
Trd, 4319745.743, 140
Trd, 4319746.043, 139
Trd, 4319746.543, 139
Trd, 4319747.093, 138
Trd, 4319747.443, 138
Trd, 4319748.143, 137
Trd, 4319748.593, 60
Trd, 4319749.993, 140
Trd, 4319751.893, 140
Trd, 4319752.043, 140
Trd, 4319752.343, 140
Trd, 4319753.743, 137
Trd, 4319754.093, 138
Trd, 4319754.593, 60
Trd, 4319754.743, 63
Trd, 4319755.043, 115
Trd, 4319756.493, 140
Trd, 4319759.043, 138
Trd, 4319759.893, 140
Trd, 4319760.343, 140
Trd, 4319760.393, 139
Trd, 4319760.743, 139
Trd, 4319762.743, 140
Trd, 4319763.293, 140
Trd, 4319764.243, 140
Trd, 4319766.193, 140
Trd, 4319766.493, 140
Trd, 4319766.643, 140
Trd, 4319767.343, 140
Trd, 4319767.693, 140
Trd, 4319767.793, 140
Trd, 4319768.293, 140
Trd, 4319768.743, 138
Trd, 4319769.693, 139
Trd, 4319769.893, 139
Trd, 4319770.043, 133
Trd, 4319770.443, 107
Trd, 4319772.093, 137
Trd, 4319773.793, 140
Trd, 4319774.243, 140
Trd, 4319775.843, 140
Trd, 4319776.593, 140
Trd, 4319776.943, 140
Trd, 4319777.093, 140
Trd, 4319777.593, 138
Trd, 4319777.793, 139
Trd, 4319778.193, 139
Trd, 4319778.943, 60
Trd, 4319779.093, 138
Trd, 4319779.893, 61
Trd, 4319780.343, 138
Trd, 4319780.843, 125
Trd, 4319780.993, 126
Trd, 4319783.043, 60
Trd, 4319783.243, 62
Trd, 4319783.493, 128
Trd, 4319785.443, 60
Trd, 4319785.593, 60
Trd, 4319785.643, 62
Trd, 4319786.093, 68
Trd, 4319786.193, 104
Trd, 4319788.743, 61
Trd, 4319789.193, 60
Trd, 4319789.393, 60
Trd, 4319789.443, 60
Trd, 4319790.743, 60
Trd, 4319791.443, 60
Trd, 4319791.743, 60
Trd, 4319792.393, 60
Trd, 4319793.443, 60
Trd, 4319793.493, 63
Trd, 4319795.293, 60
Trd, 4319795.343, 61
Trd, 4319796.193, 60
Trd, 4319796.593, 60
Trd, 4319796.743, 61
Trd, 4319798.043, 64
Trd, 4319798.993, 63
Trd, 4319799.943, 61
Trd, 4319800.193, 62
Trd, 4319800.293, 64
Trd, 4319801.843, 137
Trd, 4319801.893, 136
Trd, 4319803.293, 140
Trd, 4319803.443, 140
Trd, 4319804.243, 139
Trd, 4319805.293, 140
Trd, 4319806.293, 140
Trd, 4319806.893, 138
Trd, 4319807.043, 140
Trd, 4319807.843, 140
Trd, 4319809.143, 60
Trd, 4319809.493, 60
Trd, 4319809.543, 60
Trd, 4319811.093, 64
Trd, 4319812.243, 60
Trd, 4319812.443, 60
Trd, 4319813.093, 60
Trd, 4319813.143, 60
Trd, 4319814.343, 61
Trd, 4319814.993, 60
Trd, 4319817.093, 140
Trd, 4319817.143, 140
Trd, 4319817.393, 140
Trd, 4319818.243, 139
Trd, 4319819.243, 139
Trd, 4319819.593, 139
Trd, 4319820.243, 139
Trd, 4319822.243, 140
Trd, 4319822.443, 140
Trd, 4319823.693, 140
Trd, 4319825.543, 140
Trd, 4319826.043, 140
Trd, 4319826.193, 139
Trd, 4319826.443, 140
Trd, 4319826.793, 139
Trd, 4319826.943, 139
Trd, 4319827.693, 140
Trd, 4319827.743, 140
Trd, 4319828.843, 140
Trd, 4319829.493, 140
Trd, 4319829.693, 139
Trd, 4319830.643, 140
Trd, 4319830.943, 139
Trd, 4319833.843, 140
Trd, 4319834.143, 140
Trd, 4319834.443, 138
Trd, 4319835.743, 140
Trd, 4319835.943, 138
Trd, 4319837.893, 140
Trd, 4319838.443, 140
Trd, 4319839.693, 140
Trd, 4319839.943, 140
Trd, 4319840.043, 140
Trd, 4319841.193, 140
Trd, 4319842.693, 140
Trd, 4319843.893, 140
Trd, 4319845.743, 140
Trd, 4319846.743, 140
Trd, 4319849.843, 140
Trd, 4319849.993, 140
Trd, 4319850.043, 140
Trd, 4319850.593, 140
Trd, 4319850.643, 140
Trd, 4319850.793, 113
Trd, 4319851.193, 139
Trd, 4319851.443, 139
Trd, 4319852.193, 67
Trd, 4319853.343, 140
Trd, 4319854.343, 140
Trd, 4319856.293, 140
Trd, 4319856.543, 140
Trd, 4319856.793, 140
Trd, 4319858.293, 140
Trd, 4319858.893, 140
Trd, 4319860.493, 140
Trd, 4319861.143, 140
Trd, 4319861.843, 140
Trd, 4319862.743, 140
Trd, 4319863.943, 140
Trd, 4319864.343, 140
Trd, 4319864.393, 138
Trd, 4319864.693, 139
Trd, 4319865.043, 122
Trd, 4319866.493, 124
Trd, 4319867.743, 140
Trd, 4319867.993, 140
Trd, 4319868.693, 140
Trd, 4319869.843, 140
Trd, 4319870.493, 140
Trd, 4319870.543, 140
Trd, 4319871.043, 137
Trd, 4319872.243, 137
Trd, 4319872.293, 136
Trd, 4319872.443, 137
Trd, 4319872.893, 115
Trd, 4319873.443, 126
Trd, 4319873.793, 128
Trd, 4319873.843, 133
Trd, 4319874.143, 68
Trd, 4319875.493, 136
Trd, 4319876.943, 140
Trd, 4319878.143, 140
Trd, 4319878.343, 138
Trd, 4319879.043, 139
Trd, 4319879.643, 134
Trd, 4319880.543, 140
Trd, 4319883.693, 140
Trd, 4319884.193, 140
Trd, 4319884.843, 140
Trd, 4319886.243, 140
Trd, 4319886.993, 140
Trd, 4319888.793, 140
Trd, 4319889.193, 140
Trd, 4319889.693, 140
Trd, 4319889.793, 140
Trd, 4319890.193, 140
Trd, 4319890.943, 140
Trd, 4319892.593, 140
Trd, 4319892.643, 140
Trd, 4319893.043, 139
Trd, 4319893.643, 140
Trd, 4319893.843, 140
Trd, 4319895.143, 140
Trd, 4319895.743, 140
Trd, 4319895.793, 140
Trd, 4319896.193, 139
Trd, 4319897.343, 138
Trd, 4319897.643, 140
Trd, 4319898.193, 140
Trd, 4319899.093, 140
Trd, 4319899.143, 140
Trd, 4319899.343, 122
Trd, 4319899.693, 137
Trd, 4319901.793, 140
Trd, 4319902.893, 140
Trd, 4319903.543, 140
Trd, 4319904.293, 140
Trd, 4319904.443, 139
Trd, 4319905.143, 139
Trd, 4319905.543, 139
Trd, 4319907.893, 140
Trd, 4319908.143, 140
Trd, 4319909.243, 140
Trd, 4319912.093, 140
Trd, 4319912.643, 140
Trd, 4319913.143, 140
Trd, 4319914.043, 140
Trd, 4319914.193, 140
Trd, 4319914.243, 140
Trd, 4319914.293, 140
Trd, 4319914.743, 139
Trd, 4319916.093, 140
Trd, 4319916.643, 140
Trd, 4319918.843, 140
Trd, 4319918.993, 140
Trd, 4319919.443, 140
Trd, 4319920.193, 140
Trd, 4319921.693, 140
Trd, 4319922.593, 140
Trd, 4319922.643, 139
Trd, 4319923.543, 140
Trd, 4319925.443, 140
Trd, 4319925.793, 140
Trd, 4319926.093, 140
Trd, 4319927.643, 140
Trd, 4319928.243, 140
Trd, 4319932.043, 140
Trd, 4319932.093, 140
Trd, 4319933.043, 140
Trd, 4319934.043, 140
Trd, 4319934.993, 140
Trd, 4319935.543, 140
Trd, 4319936.293, 140
Trd, 4319936.393, 139
Trd, 4319936.593, 139
Trd, 4319937.643, 140
Trd, 4319939.093, 140
Trd, 4319939.343, 140
Trd, 4319941.793, 140
Trd, 4319941.843, 140
Trd, 4319942.293, 140
Trd, 4319942.593, 140
Trd, 4319943.143, 140
Trd, 4319943.943, 140
Trd, 4319945.493, 140
Trd, 4319945.993, 140
Trd, 4319946.893, 140
Trd, 4319947.793, 140
Trd, 4319948.793, 140
Trd, 4319949.293, 140
Trd, 4319949.743, 140
Trd, 4319949.943, 139
Trd, 4319950.793, 140
Trd, 4319951.393, 138
Trd, 4319951.643, 140
Trd, 4319951.993, 139
Trd, 4319952.593, 116
Trd, 4319955.543, 140
Trd, 4319957.993, 140
Trd, 4319958.143, 140
Trd, 4319958.193, 140
Trd, 4319958.843, 140
Trd, 4319959.393, 140
Trd, 4319959.693, 139
Trd, 4319960.093, 137
Trd, 4319962.343, 140
Trd, 4319962.593, 140
Trd, 4319962.793, 140
Trd, 4319963.943, 140
Trd, 4319964.393, 140
Trd, 4319966.493, 140
Trd, 4319966.593, 140
Trd, 4319966.993, 140
Trd, 4319967.393, 139
Trd, 4319970.293, 140
Trd, 4319970.443, 140
Trd, 4319971.893, 140
Trd, 4319973.243, 140
Trd, 4319973.343, 140
Trd, 4319973.593, 140
Trd, 4319974.493, 140
Trd, 4319975.193, 140
Trd, 4319976.893, 140
Trd, 4319977.343, 140
Trd, 4319978.043, 140
Trd, 4319979.743, 140
Trd, 4319981.493, 140
Trd, 4319981.793, 140
Trd, 4319982.043, 139
Trd, 4319982.143, 138
Trd, 4319982.443, 137
Trd, 4319983.043, 140
Trd, 4319984.143, 140
Trd, 4319984.743, 140
Trd, 4319985.093, 140
Trd, 4319985.493, 140
Trd, 4319986.643, 140
Trd, 4319987.793, 140
Trd, 4319987.893, 140
Trd, 4319988.293, 140
Trd, 4319989.693, 140
Trd, 4319990.093, 139
Trd, 4319991.793, 140
Trd, 4319992.443, 140
Trd, 4319992.843, 140
Trd, 4319993.093, 140
Trd, 4319994.443, 140
Trd, 4319996.243, 140
Trd, 4319997.043, 140
Trd, 4319997.143, 140
Trd, 4319997.543, 140
Trd, 4319998.093, 140
Trd, 4319998.593, 139
Trd, 4319998.643, 138
Trd, 4319999.543, 140
