Trd, 4318050.693, 86
Trd, 4318051.143, 83
Trd, 4318051.243, 81
Trd, 4318051.593, 95
Trd, 4318052.143, 122
Trd, 4318052.793, 119
Trd, 4318053.693, 111
Trd, 4318054.493, 108
Trd, 4318055.843, 121
Trd, 4318056.243, 115
Trd, 4318058.343, 132
Trd, 4318058.693, 120
Trd, 4318058.943, 117
Trd, 4318060.243, 66
Trd, 4318061.393, 122
Trd, 4318063.193, 110
Trd, 4318063.643, 108
Trd, 4318063.943, 109
Trd, 4318065.643, 116
Trd, 4318065.743, 116
Trd, 4318066.193, 124
Trd, 4318066.293, 118
Trd, 4318066.743, 110
Trd, 4318069.793, 125
Trd, 4318073.393, 134
Trd, 4318073.643, 123
Trd, 4318073.793, 114
Trd, 4318074.293, 113
Trd, 4318077.993, 137
Trd, 4318078.293, 115
Trd, 4318078.693, 110
Trd, 4318080.343, 131
Trd, 4318080.643, 112
Trd, 4318081.793, 117
Trd, 4318082.493, 128
Trd, 4318082.843, 112
Trd, 4318083.493, 126
Trd, 4318085.093, 105
Trd, 4318086.443, 129
Trd, 4318086.543, 119
Trd, 4318086.793, 113
Trd, 4318086.893, 138
Trd, 4318086.943, 82
Trd, 4318087.793, 72
Trd, 4318088.193, 76
Trd, 4318091.043, 111
Trd, 4318092.443, 106
Trd, 4318093.243, 112
Trd, 4318093.943, 111
Trd, 4318094.443, 125
Trd, 4318094.593, 117
Trd, 4318095.743, 127
Trd, 4318096.093, 125
Trd, 4318097.143, 119
Trd, 4318097.693, 111
Trd, 4318099.593, 114
Trd, 4318100.293, 97
Trd, 4318101.043, 107
Trd, 4318101.493, 124
Trd, 4318101.593, 99
Trd, 4318102.343, 91
Trd, 4318103.843, 108
Trd, 4318104.143, 123
Trd, 4318104.743, 94
Trd, 4318105.793, 82
Trd, 4318105.993, 100
Trd, 4318108.093, 79
Trd, 4318110.243, 79
Trd, 4318110.293, 88
Trd, 4318110.543, 134
Trd, 4318110.693, 86
Trd, 4318112.343, 133
Trd, 4318113.193, 106
Trd, 4318114.293, 117
Trd, 4318114.593, 86
Trd, 4318116.093, 81
Trd, 4318116.193, 114
Trd, 4318117.743, 120
Trd, 4318118.593, 91
Trd, 4318119.693, 113
Trd, 4318121.093, 140
Trd, 4318121.343, 89
Trd, 4318123.793, 132
Trd, 4318123.943, 127
Trd, 4318125.543, 117
Trd, 4318127.193, 120
Trd, 4318128.243, 120
Trd, 4318128.543, 108
Trd, 4318128.943, 97
Trd, 4318129.143, 94
Trd, 4318129.793, 109
Trd, 4318131.043, 126
Trd, 4318131.393, 118
Trd, 4318132.743, 90
Trd, 4318133.043, 99
Trd, 4318133.293, 116
Trd, 4318135.843, 126
Trd, 4318136.243, 126
Trd, 4318136.743, 125
Trd, 4318138.843, 117
Trd, 4318138.993, 105
Trd, 4318139.093, 90
Trd, 4318140.143, 133
Trd, 4318140.843, 133
Trd, 4318141.543, 126
Trd, 4318141.793, 135
Trd, 4318141.843, 112
Trd, 4318142.043, 97
Trd, 4318143.893, 111
Trd, 4318143.993, 87
Trd, 4318144.593, 116
Trd, 4318145.243, 92
Trd, 4318145.743, 104
Trd, 4318145.893, 78
Trd, 4318147.943, 139
Trd, 4318148.393, 111
Trd, 4318148.693, 138
Trd, 4318152.793, 123
Trd, 4318153.043, 140
Trd, 4318153.243, 131
Trd, 4318153.943, 126
Trd, 4318154.443, 126
Trd, 4318154.543, 121
Trd, 4318156.043, 89
Trd, 4318156.243, 94
Trd, 4318156.343, 110
Trd, 4318158.093, 139
Trd, 4318158.243, 99
Trd, 4318158.593, 96
Trd, 4318159.493, 121
Trd, 4318159.693, 120
Trd, 4318161.193, 139
Trd, 4318162.243, 87
Trd, 4318162.593, 122
Trd, 4318163.593, 123
Trd, 4318164.643, 127
Trd, 4318165.093, 119
Trd, 4318165.743, 138
Trd, 4318166.193, 125
Trd, 4318166.643, 120
Trd, 4318166.943, 112
Trd, 4318167.693, 120
Trd, 4318169.243, 135
Trd, 4318169.793, 136
Trd, 4318173.293, 130
Trd, 4318173.543, 122
Trd, 4318173.743, 117
Trd, 4318173.893, 113
Trd, 4318174.243, 132
Trd, 4318174.543, 124
Trd, 4318174.643, 116
Trd, 4318174.693, 82
Trd, 4318178.193, 136
Trd, 4318179.543, 135
Trd, 4318179.843, 135
Trd, 4318179.943, 125
Trd, 4318179.993, 106
Trd, 4318182.993, 133
Trd, 4318184.193, 129
Trd, 4318184.593, 129
Trd, 4318185.093, 116
Trd, 4318185.843, 105
Trd, 4318186.143, 104
Trd, 4318186.693, 104
Trd, 4318187.393, 109
Trd, 4318188.693, 112
Trd, 4318189.093, 90
Trd, 4318189.593, 124
Trd, 4318190.893, 106
Trd, 4318191.043, 105
Trd, 4318191.243, 102
Trd, 4318192.343, 94
Trd, 4318193.393, 83
Trd, 4318194.443, 113
Trd, 4318195.443, 98
Trd, 4318196.143, 121
Trd, 4318197.693, 139
Trd, 4318197.843, 123
Trd, 4318198.093, 137
Trd, 4318198.693, 130
Trd, 4318201.393, 109
Trd, 4318201.743, 93
Trd, 4318203.043, 110
Trd, 4318203.593, 130
Trd, 4318203.893, 125
Trd, 4318204.293, 126
Trd, 4318204.593, 100
Trd, 4318207.343, 131
Trd, 4318207.793, 99
Trd, 4318208.193, 104
Trd, 4318208.443, 74
Trd, 4318208.743, 75
Trd, 4318209.743, 67
Trd, 4318210.293, 111
Trd, 4318211.193, 123
Trd, 4318212.243, 100
Trd, 4318215.243, 139
Trd, 4318215.593, 133
Trd, 4318215.743, 125
Trd, 4318216.043, 98
Trd, 4318216.893, 109
Trd, 4318217.093, 106
Trd, 4318217.143, 103
Trd, 4318218.793, 137
Trd, 4318220.493, 108
Trd, 4318220.943, 108
Trd, 4318222.743, 106
Trd, 4318223.993, 121
Trd, 4318224.843, 121
Trd, 4318225.043, 102
Trd, 4318226.693, 105
Trd, 4318227.043, 114
Trd, 4318227.193, 114
Trd, 4318228.343, 99
Trd, 4318230.293, 123
Trd, 4318231.143, 100
Trd, 4318231.893, 121
Trd, 4318232.943, 113
Trd, 4318233.493, 130
Trd, 4318235.893, 130
Trd, 4318236.043, 121
Trd, 4318236.143, 112
Trd, 4318236.743, 107
Trd, 4318236.793, 85
Trd, 4318237.343, 127
Trd, 4318238.643, 136
Trd, 4318238.793, 107
Trd, 4318239.993, 105
Trd, 4318240.293, 86
Trd, 4318241.893, 117
Trd, 4318243.943, 125
Trd, 4318244.743, 112
Trd, 4318245.093, 117
Trd, 4318245.343, 102
Trd, 4318247.293, 77
Trd, 4318247.343, 73
Trd, 4318247.543, 103
Trd, 4318248.593, 97
Trd, 4318249.193, 108
Trd, 4318249.443, 90
Trd, 4318249.693, 129
Trd, 4318250.743, 92
Trd, 4318251.793, 97
Trd, 4318252.643, 96
Trd, 4318253.243, 112
Trd, 4318253.793, 97
Trd, 4318254.143, 117
Trd, 4318254.493, 92
Trd, 4318255.143, 93
Trd, 4318255.543, 120
Trd, 4318256.793, 88
Trd, 4318256.843, 77
Trd, 4318257.793, 89
Trd, 4318258.793, 128
Trd, 4318259.293, 63
Trd, 4318261.493, 112
Trd, 4318261.593, 112
Trd, 4318262.043, 106
Trd, 4318262.593, 110
Trd, 4318263.193, 84
Trd, 4318263.643, 125
Trd, 4318264.243, 115
Trd, 4318265.143, 137
Trd, 4318265.343, 124
Trd, 4318266.343, 92
Trd, 4318266.543, 87
Trd, 4318267.493, 78
Trd, 4318269.093, 66
Trd, 4318269.243, 62
Trd, 4318269.393, 104
Trd, 4318270.143, 68
Trd, 4318271.693, 71
Trd, 4318272.093, 72
Trd, 4318272.693, 91
Trd, 4318274.293, 123
Trd, 4318274.393, 118
Trd, 4318275.243, 108
Trd, 4318276.293, 105
Trd, 4318276.643, 103
Trd, 4318278.193, 132
Trd, 4318278.493, 123
Trd, 4318280.193, 112
Trd, 4318281.143, 111
Trd, 4318281.393, 102
Trd, 4318283.393, 135
Trd, 4318284.643, 112
Trd, 4318284.693, 96
Trd, 4318286.543, 134
Trd, 4318287.293, 134
Trd, 4318287.893, 123
Trd, 4318288.243, 140
Trd, 4318288.443, 106
Trd, 4318289.443, 61
Trd, 4318291.143, 87
Trd, 4318291.843, 74
Trd, 4318291.943, 106
Trd, 4318292.593, 134
Trd, 4318292.993, 102
Trd, 4318293.293, 110
Trd, 4318294.093, 121
Trd, 4318294.343, 121
Trd, 4318296.093, 123
Trd, 4318296.243, 113
Trd, 4318296.793, 93
Trd, 4318297.143, 67
Trd, 4318298.543, 125
Trd, 4318299.093, 120
Trd, 4318299.743, 110
Trd, 4318300.693, 137
Trd, 4318301.193, 104
Trd, 4318301.493, 102
Trd, 4318302.393, 128
Trd, 4318304.443, 125
Trd, 4318304.593, 123
Trd, 4318305.843, 135
Trd, 4318305.943, 135
Trd, 4318306.993, 119
Trd, 4318307.993, 125
Trd, 4318308.393, 117
Trd, 4318308.743, 126
Trd, 4318310.293, 110
Trd, 4318311.043, 139
Trd, 4318311.643, 126
Trd, 4318312.593, 117
Trd, 4318313.643, 104
Trd, 4318313.693, 108
Trd, 4318313.993, 94
Trd, 4318314.493, 134
Trd, 4318314.793, 119
Trd, 4318318.243, 88
Trd, 4318319.543, 108
Trd, 4318320.343, 92
Trd, 4318320.693, 87
Trd, 4318324.543, 127
Trd, 4318324.593, 127
Trd, 4318324.943, 120
Trd, 4318325.493, 102
Trd, 4318326.243, 139
Trd, 4318326.793, 139
Trd, 4318327.443, 105
Trd, 4318328.243, 117
Trd, 4318328.993, 107
Trd, 4318329.593, 105
Trd, 4318330.393, 98
Trd, 4318330.543, 85
Trd, 4318331.093, 99
Trd, 4318331.343, 113
Trd, 4318332.993, 84
Trd, 4318333.393, 71
Trd, 4318333.993, 92
Trd, 4318335.043, 94
Trd, 4318335.193, 97
Trd, 4318336.493, 103
Trd, 4318336.693, 129
Trd, 4318338.393, 119
Trd, 4318338.893, 104
Trd, 4318339.243, 138
Trd, 4318340.493, 123
Trd, 4318343.093, 131
Trd, 4318343.193, 122
Trd, 4318343.943, 119
Trd, 4318345.343, 117
Trd, 4318345.843, 99
Trd, 4318346.993, 111
Trd, 4318348.193, 133
Trd, 4318349.943, 134
Trd, 4318351.093, 120
Trd, 4318351.693, 105
Trd, 4318351.793, 96
Trd, 4318353.343, 95
Trd, 4318353.943, 96
Trd, 4318354.093, 86
Trd, 4318355.543, 83
Trd, 4318355.793, 115
Trd, 4318356.093, 95
Trd, 4318357.843, 96
Trd, 4318358.493, 93
Trd, 4318359.693, 92
Trd, 4318359.793, 90
Trd, 4318359.943, 89
Trd, 4318361.193, 109
Trd, 4318361.843, 135
Trd, 4318362.043, 95
Trd, 4318363.193, 124
Trd, 4318364.043, 87
Trd, 4318365.093, 82
Trd, 4318365.993, 137
Trd, 4318366.643, 136
Trd, 4318366.693, 100
Trd, 4318367.943, 134
Trd, 4318368.543, 111
Trd, 4318369.293, 140
Trd, 4318372.093, 139
Trd, 4318372.493, 128
Trd, 4318373.143, 140
Trd, 4318373.193, 106
Trd, 4318374.643, 121
Trd, 4318374.943, 119
Trd, 4318375.793, 113
Trd, 4318377.243, 135
Trd, 4318378.193, 133
Trd, 4318378.393, 134
Trd, 4318379.393, 133
Trd, 4318379.543, 121
Trd, 4318379.643, 114
Trd, 4318380.493, 128
Trd, 4318380.843, 124
Trd, 4318381.093, 91
Trd, 4318386.893, 127
Trd, 4318387.493, 130
Trd, 4318387.743, 121
Trd, 4318389.393, 138
Trd, 4318389.793, 121
Trd, 4318390.093, 95
Trd, 4318390.693, 132
Trd, 4318391.093, 123
Trd, 4318391.593, 111
Trd, 4318392.393, 98
Trd, 4318393.543, 120
Trd, 4318393.693, 124
Trd, 4318394.143, 137
Trd, 4318394.443, 128
Trd, 4318397.593, 109
Trd, 4318397.693, 108
Trd, 4318398.443, 108
Trd, 4318398.593, 129
Trd, 4318399.093, 123
Trd, 4318399.343, 103
Trd, 4318400.393, 98
Trd, 4318401.893, 112
Trd, 4318402.393, 116
Trd, 4318403.143, 109
Trd, 4318404.293, 105
Trd, 4318404.593, 115
Trd, 4318405.293, 105
Trd, 4318406.243, 116
Trd, 4318406.393, 107
Trd, 4318408.343, 139
Trd, 4318408.793, 139
Trd, 4318409.743, 125
Trd, 4318410.143, 106
Trd, 4318410.543, 104
Trd, 4318411.793, 97
Trd, 4318412.943, 127
Trd, 4318413.493, 108
Trd, 4318414.443, 129
Trd, 4318414.943, 138
Trd, 4318418.043, 118
Trd, 4318418.343, 125
Trd, 4318419.943, 118
Trd, 4318420.393, 93
Trd, 4318421.093, 100
Trd, 4318421.193, 125
Trd, 4318421.243, 81
Trd, 4318421.543, 84
Trd, 4318421.643, 80
Trd, 4318422.393, 107
Trd, 4318423.693, 114
Trd, 4318425.393, 122
Trd, 4318425.693, 110
Trd, 4318426.293, 103
Trd, 4318427.343, 123
Trd, 4318427.443, 111
Trd, 4318428.043, 100
Trd, 4318429.593, 132
Trd, 4318430.493, 131
Trd, 4318431.843, 133
Trd, 4318432.093, 112
Trd, 4318432.543, 112
Trd, 4318432.943, 112
Trd, 4318434.543, 89
Trd, 4318434.593, 90
Trd, 4318434.643, 95
Trd, 4318435.443, 120
Trd, 4318436.743, 124
Trd, 4318437.543, 106
Trd, 4318437.843, 105
Trd, 4318438.343, 114
Trd, 4318439.443, 136
Trd, 4318440.643, 117
Trd, 4318441.693, 113
Trd, 4318442.343, 118
Trd, 4318443.493, 116
Trd, 4318444.293, 126
Trd, 4318444.843, 107
Trd, 4318445.343, 103
Trd, 4318446.893, 124
Trd, 4318447.543, 94
Trd, 4318447.793, 117
Trd, 4318449.493, 122
Trd, 4318449.693, 112
Trd, 4318449.893, 85
Trd, 4318450.143, 81
Trd, 4318452.793, 90
Trd, 4318453.093, 97
Trd, 4318454.443, 107
Trd, 4318454.593, 109
Trd, 4318455.643, 104
Trd, 4318456.443, 123
Trd, 4318456.793, 137
Trd, 4318458.593, 129
Trd, 4318459.243, 123
Trd, 4318459.343, 116
Trd, 4318460.093, 110
Trd, 4318460.243, 108
Trd, 4318461.243, 102
Trd, 4318463.693, 140
Trd, 4318463.743, 139
Trd, 4318465.343, 108
Trd, 4318465.843, 107
Trd, 4318466.443, 118
Trd, 4318468.143, 127
Trd, 4318468.393, 103
Trd, 4318468.543, 97
Trd, 4318468.943, 139
Trd, 4318469.493, 125
Trd, 4318471.943, 116
Trd, 4318472.793, 110
Trd, 4318473.293, 102
Trd, 4318474.493, 117
Trd, 4318474.743, 117
Trd, 4318476.793, 117
Trd, 4318477.993, 123
Trd, 4318479.943, 115
Trd, 4318480.293, 109
Trd, 4318480.893, 130
Trd, 4318481.043, 113
Trd, 4318481.393, 112
Trd, 4318482.243, 89
Trd, 4318482.793, 77
Trd, 4318483.543, 115
Trd, 4318483.743, 118
Trd, 4318484.243, 73
Trd, 4318485.343, 81
Trd, 4318486.693, 127
Trd, 4318487.243, 126
Trd, 4318487.843, 90
Trd, 4318490.143, 130
Trd, 4318490.293, 130
Trd, 4318490.343, 130
Trd, 4318490.793, 72
Trd, 4318491.793, 140
Trd, 4318491.993, 139
Trd, 4318492.793, 121
Trd, 4318494.243, 100
Trd, 4318494.793, 97
Trd, 4318495.693, 130
Trd, 4318495.843, 119
Trd, 4318495.893, 114
Trd, 4318496.393, 110
Trd, 4318496.943, 137
Trd, 4318497.343, 103
Trd, 4318497.893, 139
Trd, 4318498.793, 111
Trd, 4318499.643, 102
Trd, 4318499.993, 127
Trd, 4318500.243, 95
Trd, 4318501.543, 124
Trd, 4318502.693, 133
Trd, 4318503.193, 124
Trd, 4318503.893, 123
Trd, 4318504.443, 118
Trd, 4318505.743, 139
Trd, 4318505.843, 139
Trd, 4318506.143, 130
Trd, 4318508.543, 125
Trd, 4318509.593, 125
Trd, 4318511.093, 106
Trd, 4318512.393, 124
Trd, 4318512.493, 115
Trd, 4318513.043, 115
Trd, 4318514.143, 108
Trd, 4318514.493, 130
Trd, 4318515.693, 125
Trd, 4318516.843, 122
Trd, 4318518.193, 111
Trd, 4318518.343, 111
Trd, 4318519.293, 96
Trd, 4318519.593, 94
Trd, 4318520.043, 100
Trd, 4318520.693, 110
Trd, 4318521.143, 119
Trd, 4318521.743, 96
Trd, 4318523.543, 92
Trd, 4318523.893, 91
Trd, 4318524.893, 130
Trd, 4318525.143, 138
Trd, 4318527.543, 126
Trd, 4318527.993, 133
Trd, 4318528.493, 118
Trd, 4318528.693, 100
Trd, 4318529.843, 105
Trd, 4318530.593, 95
Trd, 4318531.343, 117
Trd, 4318531.593, 117
Trd, 4318533.143, 120
Trd, 4318534.393, 108
Trd, 4318534.643, 107
Trd, 4318534.993, 102
Trd, 4318535.093, 136
Trd, 4318535.543, 124
Trd, 4318536.193, 84
Trd, 4318537.043, 84
Trd, 4318537.743, 76
Trd, 4318539.593, 122
Trd, 4318540.593, 114
Trd, 4318540.793, 84
Trd, 4318541.243, 70
Trd, 4318542.843, 112
Trd, 4318543.193, 80
Trd, 4318544.293, 81
Trd, 4318544.793, 102
Trd, 4318546.243, 137
Trd, 4318547.143, 128
Trd, 4318547.693, 119
Trd, 4318548.093, 122
Trd, 4318548.643, 114
Trd, 4318548.743, 108
Trd, 4318552.743, 105
Trd, 4318552.793, 98
Trd, 4318553.243, 110
Trd, 4318553.793, 120
Trd, 4318555.393, 138
Trd, 4318556.993, 138
Trd, 4318557.793, 126
Trd, 4318558.693, 117
Trd, 4318558.943, 124
Trd, 4318560.743, 131
Trd, 4318560.893, 103
Trd, 4318562.543, 128
Trd, 4318564.443, 135
Trd, 4318564.643, 109
Trd, 4318566.043, 129
Trd, 4318566.343, 140
Trd, 4318566.643, 129
Trd, 4318566.793, 119
Trd, 4318569.543, 108
Trd, 4318569.843, 125
Trd, 4318570.043, 89
Trd, 4318570.693, 109
Trd, 4318570.893, 91
Trd, 4318572.043, 109
Trd, 4318572.843, 89
Trd, 4318574.243, 139
Trd, 4318575.543, 131
Trd, 4318575.693, 129
Trd, 4318577.543, 126
Trd, 4318577.793, 126
Trd, 4318578.843, 115
Trd, 4318579.493, 115
Trd, 4318580.243, 101
Trd, 4318580.793, 116
Trd, 4318581.293, 120
Trd, 4318581.443, 124
Trd, 4318583.243, 129
Trd, 4318583.343, 129
Trd, 4318584.493, 112
Trd, 4318585.143, 110
Trd, 4318585.893, 108
Trd, 4318586.293, 140
Trd, 4318586.743, 118
Trd, 4318588.143, 128
Trd, 4318588.243, 128
Trd, 4318589.443, 106
Trd, 4318589.793, 83
Trd, 4318592.693, 138
Trd, 4318592.743, 125
Trd, 4318592.843, 96
Trd, 4318593.243, 121
Trd, 4318593.893, 134
Trd, 4318594.043, 92
Trd, 4318594.243, 91
Trd, 4318594.843, 130
Trd, 4318596.493, 122
Trd, 4318598.843, 97
Trd, 4318599.443, 123
Trd, 4318599.493, 123
Trd, 4318599.993, 119
Trd, 4318600.893, 127
Trd, 4318602.293, 131
Trd, 4318602.693, 131
Trd, 4318603.443, 117
Trd, 4318604.943, 131
Trd, 4318605.643, 126
Trd, 4318605.843, 112
Trd, 4318606.143, 114
Trd, 4318607.343, 121
Trd, 4318608.393, 121
Trd, 4318608.793, 110
Trd, 4318608.993, 85
Trd, 4318609.443, 131
Trd, 4318610.643, 86
Trd, 4318612.243, 139
Trd, 4318613.193, 114
Trd, 4318613.593, 105
Trd, 4318613.943, 124
Trd, 4318614.093, 112
Trd, 4318614.643, 98
Trd, 4318615.393, 99
Trd, 4318618.193, 140
Trd, 4318618.443, 126
Trd, 4318618.993, 130
Trd, 4318620.493, 95
Trd, 4318621.843, 135
Trd, 4318622.043, 125
Trd, 4318622.943, 125
Trd, 4318623.243, 116
Trd, 4318627.943, 129
Trd, 4318628.393, 121
Trd, 4318629.193, 119
Trd, 4318629.643, 114
Trd, 4318630.993, 112
Trd, 4318631.493, 94
Trd, 4318631.743, 104
Trd, 4318631.793, 91
Trd, 4318632.693, 105
Trd, 4318632.943, 99
Trd, 4318633.343, 137
Trd, 4318634.193, 127
Trd, 4318634.743, 127
Trd, 4318636.143, 128
Trd, 4318637.293, 117
Trd, 4318637.593, 118
Trd, 4318638.193, 93
Trd, 4318639.393, 124
Trd, 4318641.293, 135
Trd, 4318641.443, 134
Trd, 4318642.593, 92
Trd, 4318643.343, 115
Trd, 4318644.243, 102
Trd, 4318645.143, 134
Trd, 4318645.543, 111
Trd, 4318647.143, 115
Trd, 4318647.243, 110
Trd, 4318648.893, 129
Trd, 4318649.143, 127
Trd, 4318649.993, 103
Trd, 4318650.143, 101
Trd, 4318650.893, 96
Trd, 4318651.043, 92
Trd, 4318651.843, 102
Trd, 4318652.593, 138
Trd, 4318653.993, 95
Trd, 4318655.643, 125
Trd, 4318657.093, 137
Trd, 4318657.293, 136
Trd, 4318659.043, 132
Trd, 4318660.343, 139
Trd, 4318660.443, 139
Trd, 4318661.243, 120
Trd, 4318661.543, 106
Trd, 4318662.043, 100
Trd, 4318663.793, 118
Trd, 4318664.343, 110
Trd, 4318664.393, 99
Trd, 4318664.893, 127
Trd, 4318664.993, 111
Trd, 4318666.543, 101
Trd, 4318666.693, 122
Trd, 4318667.593, 119
Trd, 4318667.843, 83
Trd, 4318668.143, 118
Trd, 4318671.343, 135
Trd, 4318671.893, 131
Trd, 4318672.743, 122
Trd, 4318673.493, 131
Trd, 4318677.093, 108
Trd, 4318677.743, 127
Trd, 4318677.843, 107
Trd, 4318678.843, 97
Trd, 4318680.343, 114
Trd, 4318681.243, 118
Trd, 4318682.543, 126
Trd, 4318683.093, 109
Trd, 4318684.543, 122
Trd, 4318685.693, 132
Trd, 4318686.243, 127
Trd, 4318686.543, 130
Trd, 4318687.293, 116
Trd, 4318688.093, 109
Trd, 4318689.043, 114
Trd, 4318690.943, 138
Trd, 4318691.343, 138
Trd, 4318691.843, 129
Trd, 4318692.743, 134
Trd, 4318693.393, 127
Trd, 4318693.543, 118
Trd, 4318694.943, 127
Trd, 4318696.443, 134
Trd, 4318696.493, 134
Trd, 4318696.993, 134
Trd, 4318697.193, 127
Trd, 4318697.743, 126
Trd, 4318697.893, 113
Trd, 4318700.443, 129
Trd, 4318701.643, 132
Trd, 4318702.143, 132
Trd, 4318702.543, 122
Trd, 4318703.993, 123
Trd, 4318704.693, 132
Trd, 4318706.443, 131
Trd, 4318707.443, 131
Trd, 4318708.043, 122
Trd, 4318708.343, 120
Trd, 4318708.593, 107
Trd, 4318709.293, 128
Trd, 4318711.893, 134
Trd, 4318713.243, 137
Trd, 4318713.793, 137
Trd, 4318714.793, 134
Trd, 4318714.893, 124
Trd, 4318715.193, 107
Trd, 4318717.493, 133
Trd, 4318717.743, 122
Trd, 4318717.993, 95
Trd, 4318719.493, 106
Trd, 4318719.743, 119
Trd, 4318719.843, 93
Trd, 4318721.843, 104
Trd, 4318723.843, 104
Trd, 4318724.343, 98
Trd, 4318724.793, 97
Trd, 4318725.443, 93
Trd, 4318725.493, 108
Trd, 4318725.993, 84
Trd, 4318726.893, 119
Trd, 4318727.743, 82
Trd, 4318731.993, 135
Trd, 4318732.293, 121
Trd, 4318732.943, 104
Trd, 4318734.993, 105
Trd, 4318735.093, 104
Trd, 4318735.543, 115
Trd, 4318735.743, 127
Trd, 4318736.493, 112
Trd, 4318737.043, 118
Trd, 4318737.393, 108
Trd, 4318738.493, 124
Trd, 4318739.893, 122
Trd, 4318740.793, 111
Trd, 4318741.243, 140
Trd, 4318741.743, 139
Trd, 4318743.443, 123
Trd, 4318744.193, 130
Trd, 4318744.493, 122
Trd, 4318745.143, 122
Trd, 4318745.793, 104
Trd, 4318745.943, 108
Trd, 4318747.343, 92
Trd, 4318747.643, 86
Trd, 4318749.543, 122
Trd, 4318749.843, 116
Trd, 4318750.143, 116
Trd, 4318750.243, 108
Trd, 4318750.543, 105
Trd, 4318750.943, 135
Trd, 4318752.643, 113
Trd, 4318753.243, 107
Trd, 4318754.243, 115
Trd, 4318755.743, 112
Trd, 4318755.893, 128
Trd, 4318756.243, 130
Trd, 4318756.443, 114
Trd, 4318756.793, 98
Trd, 4318758.043, 119
Trd, 4318759.643, 122
Trd, 4318761.193, 126
Trd, 4318761.343, 116
Trd, 4318761.893, 104
Trd, 4318761.993, 103
Trd, 4318762.043, 99
Trd, 4318762.843, 128
Trd, 4318762.943, 76
Trd, 4318765.293, 139
Trd, 4318765.993, 134
Trd, 4318766.293, 121
Trd, 4318766.843, 116
Trd, 4318767.843, 103
Trd, 4318768.343, 121
Trd, 4318768.593, 99
Trd, 4318771.143, 96
Trd, 4318771.293, 112
Trd, 4318771.493, 103
Trd, 4318771.693, 102
Trd, 4318772.093, 102
Trd, 4318773.043, 126
Trd, 4318773.493, 98
Trd, 4318774.743, 101
Trd, 4318775.343, 101
Trd, 4318775.543, 75
Trd, 4318777.043, 122
Trd, 4318777.293, 115
Trd, 4318777.593, 110
Trd, 4318778.093, 132
Trd, 4318778.843, 135
Trd, 4318780.993, 115
Trd, 4318781.143, 93
Trd, 4318782.793, 114
Trd, 4318783.093, 106
Trd, 4318785.693, 121
Trd, 4318785.943, 121
Trd, 4318786.343, 130
Trd, 4318786.743, 134
Trd, 4318787.243, 138
Trd, 4318788.443, 133
Trd, 4318789.343, 133
Trd, 4318789.493, 120
Trd, 4318790.493, 103
Trd, 4318791.043, 134
Trd, 4318792.093, 127
Trd, 4318793.193, 125
Trd, 4318793.293, 119
Trd, 4318793.543, 99
Trd, 4318795.243, 127
Trd, 4318795.293, 127
Trd, 4318795.793, 110
Trd, 4318797.043, 122
Trd, 4318798.143, 109
Trd, 4318799.043, 87
Trd, 4318799.393, 114
Trd, 4318800.393, 115
Trd, 4318801.543, 97
Trd, 4318802.843, 101
Trd, 4318803.093, 90
Trd, 4318805.043, 109
Trd, 4318805.643, 119
Trd, 4318806.643, 114
Trd, 4318806.843, 114
Trd, 4318807.193, 118
Trd, 4318807.393, 117
Trd, 4318808.993, 131
Trd, 4318809.093, 114
Trd, 4318811.193, 87
Trd, 4318813.293, 133
Trd, 4318813.493, 127
Trd, 4318814.143, 133
Trd, 4318814.493, 123
Trd, 4318814.943, 119
Trd, 4318816.093, 139
Trd, 4318816.193, 106
Trd, 4318816.793, 108
Trd, 4318819.093, 95
Trd, 4318819.793, 88
Trd, 4318819.843, 84
Trd, 4318820.793, 91
Trd, 4318822.443, 120
Trd, 4318823.043, 95
Trd, 4318823.843, 96
Trd, 4318824.193, 110
Trd, 4318824.693, 81
Trd, 4318825.643, 132
Trd, 4318827.443, 132
Trd, 4318828.693, 135
Trd, 4318828.943, 132
Trd, 4318831.393, 121
Trd, 4318831.893, 121
Trd, 4318832.893, 121
Trd, 4318833.093, 113
Trd, 4318834.693, 130
Trd, 4318835.943, 122
Trd, 4318836.343, 114
Trd, 4318837.693, 108
Trd, 4318837.743, 108
Trd, 4318839.243, 135
Trd, 4318841.243, 122
Trd, 4318841.893, 110
Trd, 4318842.143, 130
Trd, 4318843.543, 128
Trd, 4318844.293, 119
Trd, 4318844.443, 116
Trd, 4318845.793, 111
Trd, 4318846.993, 106
Trd, 4318847.243, 94
Trd, 4318848.393, 123
Trd, 4318848.593, 120
Trd, 4318849.443, 88
Trd, 4318850.393, 87
Trd, 4318850.893, 131
Trd, 4318851.243, 98
Trd, 4318853.443, 135
Trd, 4318854.493, 122
Trd, 4318854.643, 116
Trd, 4318856.043, 102
Trd, 4318856.493, 116
Trd, 4318857.093, 118
Trd, 4318857.193, 99
Trd, 4318857.843, 95
Trd, 4318859.043, 139
Trd, 4318859.143, 100
Trd, 4318859.493, 110
Trd, 4318859.543, 109
Trd, 4318859.593, 103
Trd, 4318859.943, 139
Trd, 4318861.693, 112
Trd, 4318862.943, 102
Trd, 4318864.393, 114
Trd, 4318864.643, 106
Trd, 4318865.893, 130
Trd, 4318866.293, 108
Trd, 4318866.443, 107
Trd, 4318866.893, 98
Trd, 4318867.343, 106
Trd, 4318868.943, 119
Trd, 4318869.093, 111
Trd, 4318869.893, 131
Trd, 4318870.043, 128
Trd, 4318870.143, 127
Trd, 4318870.743, 112
Trd, 4318872.093, 125
Trd, 4318873.693, 117
Trd, 4318874.243, 113
Trd, 4318874.443, 135
Trd, 4318876.293, 104
Trd, 4318877.293, 100
Trd, 4318877.843, 112
Trd, 4318878.343, 134
Trd, 4318878.893, 100
Trd, 4318879.693, 96
Trd, 4318881.193, 138
Trd, 4318881.743, 116
Trd, 4318883.093, 123
Trd, 4318883.593, 132
Trd, 4318884.343, 112
Trd, 4318887.843, 122
Trd, 4318888.193, 114
Trd, 4318888.943, 129
Trd, 4318889.043, 99
Trd, 4318889.693, 121
Trd, 4318890.193, 119
Trd, 4318892.343, 113
Trd, 4318893.343, 123
Trd, 4318894.043, 129
Trd, 4318894.543, 118
Trd, 4318894.743, 118
Trd, 4318894.793, 118
Trd, 4318895.243, 108
Trd, 4318896.293, 125
Trd, 4318897.043, 131
Trd, 4318898.693, 114
Trd, 4318898.943, 109
Trd, 4318899.543, 106
Trd, 4318900.143, 116
Trd, 4318901.043, 111
Trd, 4318901.293, 103
Trd, 4318901.643, 123
Trd, 4318902.643, 130
Trd, 4318904.393, 127
Trd, 4318905.843, 85
Trd, 4318908.393, 112
Trd, 4318908.443, 112
Trd, 4318908.993, 124
Trd, 4318909.393, 101
Trd, 4318909.743, 107
Trd, 4318910.493, 107
Trd, 4318911.093, 134
Trd, 4318911.743, 134
Trd, 4318912.393, 121
Trd, 4318913.943, 138
Trd, 4318915.893, 135
Trd, 4318916.693, 129
Trd, 4318916.993, 125
Trd, 4318917.693, 112
Trd, 4318918.643, 130
Trd, 4318920.443, 140
Trd, 4318920.893, 139
Trd, 4318920.943, 113
Trd, 4318921.393, 110
Trd, 4318923.343, 124
Trd, 4318923.393, 117
Trd, 4318924.643, 105
Trd, 4318925.293, 99
Trd, 4318925.393, 97
Trd, 4318925.743, 100
Trd, 4318926.343, 102
Trd, 4318927.993, 105
Trd, 4318930.043, 127
Trd, 4318931.343, 135
Trd, 4318932.343, 125
Trd, 4318934.043, 129
Trd, 4318934.643, 138
Trd, 4318936.143, 135
Trd, 4318936.893, 107
Trd, 4318937.093, 123
Trd, 4318939.093, 121
Trd, 4318940.243, 108
Trd, 4318940.293, 108
Trd, 4318940.843, 134
Trd, 4318942.043, 111
Trd, 4318943.293, 114
Trd, 4318943.793, 126
Trd, 4318945.693, 131
Trd, 4318946.043, 130
Trd, 4318946.343, 130
Trd, 4318947.743, 139
Trd, 4318948.493, 125
Trd, 4318948.543, 107
Trd, 4318948.643, 83
Trd, 4318952.543, 115
Trd, 4318952.693, 129
Trd, 4318953.243, 99
Trd, 4318955.743, 131
Trd, 4318955.793, 96
Trd, 4318955.893, 98
Trd, 4318956.643, 89
Trd, 4318957.593, 85
Trd, 4318959.293, 79
Trd, 4318959.643, 67
Trd, 4318960.043, 128
Trd, 4318961.143, 122
Trd, 4318962.193, 117
Trd, 4318962.843, 139
Trd, 4318965.593, 107
Trd, 4318965.793, 107
Trd, 4318966.293, 116
Trd, 4318968.893, 121
Trd, 4318969.743, 124
Trd, 4318969.843, 121
Trd, 4318970.593, 137
Trd, 4318970.993, 134
Trd, 4318971.193, 124
Trd, 4318972.243, 125
Trd, 4318974.543, 129
Trd, 4318975.543, 129
Trd, 4318976.293, 125
Trd, 4318976.493, 125
Trd, 4318977.093, 106
Trd, 4318977.443, 109
Trd, 4318978.043, 136
Trd, 4318978.493, 95
Trd, 4318979.593, 102
Trd, 4318981.893, 109
Trd, 4318982.343, 117
Trd, 4318983.243, 114
Trd, 4318984.293, 102
Trd, 4318985.443, 104
Trd, 4318985.793, 111
Trd, 4318986.093, 86
Trd, 4318988.093, 133
Trd, 4318988.493, 129
Trd, 4318989.293, 120
Trd, 4318989.443, 127
Trd, 4318989.943, 109
Trd, 4318990.143, 96
Trd, 4318990.343, 95
Trd, 4318991.493, 135
Trd, 4318991.893, 130
Trd, 4318993.843, 95
Trd, 4318994.643, 106
Trd, 4318995.393, 115
Trd, 4318995.993, 106
Trd, 4318996.493, 127
Trd, 4318997.543, 139
Trd, 4318998.043, 133
Trd, 4318998.893, 104
Trd, 4318999.693, 113
Trd, 4319000.643, 88
Trd, 4319000.693, 88
Trd, 4319000.943, 95
Trd, 4319002.393, 125
Trd, 4319002.593, 115
Trd, 4319003.293, 81
Trd, 4319004.143, 69
Trd, 4319005.293, 126
Trd, 4319005.493, 126
Trd, 4319008.443, 134
Trd, 4319010.443, 108
Trd, 4319010.943, 117
Trd, 4319011.443, 90
Trd, 4319011.493, 87
Trd, 4319011.793, 87
Trd, 4319013.593, 106
Trd, 4319015.293, 91
Trd, 4319016.543, 85
Trd, 4319016.693, 82
Trd, 4319017.393, 106
Trd, 4319017.793, 138
Trd, 4319018.243, 132
Trd, 4319019.443, 128
Trd, 4319020.093, 114
Trd, 4319020.243, 127
Trd, 4319022.443, 134
Trd, 4319022.893, 114
Trd, 4319022.943, 112
Trd, 4319024.793, 133
Trd, 4319026.593, 133
Trd, 4319026.643, 127
Trd, 4319027.193, 137
Trd, 4319027.893, 123
Trd, 4319028.543, 130
Trd, 4319029.393, 128
Trd, 4319030.643, 109
Trd, 4319030.693, 104
Trd, 4319031.593, 97
Trd, 4319033.243, 139
Trd, 4319033.343, 139
Trd, 4319036.893, 117
Trd, 4319036.943, 117
Trd, 4319037.093, 106
Trd, 4319037.793, 103
Trd, 4319038.793, 98
Trd, 4319039.593, 82
Trd, 4319040.193, 138
Trd, 4319041.043, 125
Trd, 4319041.293, 111
Trd, 4319043.193, 116
Trd, 4319043.743, 114
Trd, 4319044.393, 104
Trd, 4319045.193, 133
Trd, 4319046.093, 77
Trd, 4319046.843, 97
Trd, 4319047.893, 71
Trd, 4319048.093, 85
Trd, 4319048.643, 83
Trd, 4319050.193, 92
Trd, 4319050.293, 100
Trd, 4319051.543, 137
Trd, 4319052.343, 122
Trd, 4319052.593, 116
Trd, 4319054.543, 138
Trd, 4319055.893, 133
Trd, 4319056.043, 133
Trd, 4319057.093, 128
Trd, 4319057.293, 116
Trd, 4319057.843, 105
Trd, 4319059.343, 133
Trd, 4319060.343, 123
Trd, 4319060.793, 109
Trd, 4319061.543, 92
Trd, 4319062.943, 97
Trd, 4319063.243, 95
Trd, 4319065.343, 128
Trd, 4319065.893, 138
Trd, 4319066.243, 112
Trd, 4319066.793, 105
Trd, 4319067.593, 131
Trd, 4319068.343, 123
Trd, 4319069.393, 127
Trd, 4319070.043, 111
Trd, 4319070.093, 85
Trd, 4319071.343, 121
Trd, 4319072.393, 136
Trd, 4319074.043, 127
Trd, 4319074.243, 118
Trd, 4319074.743, 121
Trd, 4319076.093, 118
Trd, 4319077.243, 120
Trd, 4319077.543, 131
Trd, 4319078.243, 130
Trd, 4319080.643, 130
Trd, 4319081.193, 129
Trd, 4319081.343, 121
Trd, 4319082.893, 114
Trd, 4319083.393, 101
Trd, 4319084.543, 100
Trd, 4319085.393, 106
Trd, 4319085.943, 123
Trd, 4319086.643, 123
Trd, 4319087.043, 129
Trd, 4319087.593, 101
Trd, 4319087.643, 74
Trd, 4319088.393, 137
Trd, 4319089.843, 129
Trd, 4319090.393, 124
Trd, 4319090.593, 110
Trd, 4319092.043, 117
Trd, 4319093.143, 132
Trd, 4319093.993, 119
Trd, 4319094.893, 107
Trd, 4319095.543, 94
Trd, 4319096.393, 92
Trd, 4319098.243, 128
Trd, 4319099.793, 123
Trd, 4319100.293, 114
Trd, 4319100.643, 108
Trd, 4319101.393, 95
Trd, 4319101.443, 112
Trd, 4319101.593, 86
Trd, 4319103.643, 128
Trd, 4319104.043, 103
Trd, 4319106.043, 116
Trd, 4319106.593, 116
Trd, 4319107.043, 105
Trd, 4319107.743, 102
Trd, 4319108.293, 100
Trd, 4319108.893, 93
Trd, 4319108.943, 114
Trd, 4319110.193, 114
Trd, 4319110.593, 117
Trd, 4319110.843, 102
Trd, 4319113.693, 132
Trd, 4319114.693, 133
Trd, 4319115.693, 127
Trd, 4319115.743, 117
Trd, 4319116.843, 101
Trd, 4319117.143, 96
Trd, 4319117.193, 80
Trd, 4319118.093, 68
Trd, 4319120.343, 131
Trd, 4319121.293, 115
Trd, 4319121.443, 107
Trd, 4319121.893, 91
Trd, 4319122.643, 75
Trd, 4319125.643, 82
Trd, 4319126.243, 99
Trd, 4319126.443, 87
Trd, 4319126.493, 65
Trd, 4319127.093, 101
Trd, 4319128.943, 107
Trd, 4319129.343, 120
Trd, 4319131.643, 133
Trd, 4319132.643, 140
Trd, 4319132.943, 129
Trd, 4319133.343, 127
Trd, 4319133.543, 118
Trd, 4319135.243, 95
Trd, 4319136.843, 120
Trd, 4319137.043, 112
Trd, 4319137.093, 105
Trd, 4319137.443, 107
Trd, 4319139.043, 127
Trd, 4319139.193, 116
Trd, 4319139.493, 125
Trd, 4319140.143, 118
Trd, 4319140.943, 118
Trd, 4319141.543, 115
Trd, 4319143.093, 107
Trd, 4319143.793, 122
Trd, 4319144.593, 140
Trd, 4319145.293, 100
Trd, 4319147.293, 120
Trd, 4319147.743, 111
Trd, 4319147.843, 111
Trd, 4319147.893, 100
Trd, 4319148.343, 113
Trd, 4319148.793, 96
Trd, 4319150.943, 129
Trd, 4319152.543, 133
Trd, 4319152.643, 128
Trd, 4319153.643, 126
Trd, 4319153.993, 135
Trd, 4319154.993, 104
Trd, 4319155.893, 91
Trd, 4319156.243, 123
Trd, 4319157.643, 102
Trd, 4319157.693, 99
Trd, 4319160.193, 124
Trd, 4319160.593, 140
Trd, 4319161.593, 136
Trd, 4319162.643, 113
Trd, 4319162.943, 120
Trd, 4319163.043, 112
Trd, 4319163.793, 123
Trd, 4319165.193, 102
Trd, 4319165.993, 120
Trd, 4319166.343, 111
Trd, 4319168.043, 124
Trd, 4319168.143, 124
Trd, 4319169.293, 118
Trd, 4319170.543, 126
Trd, 4319171.343, 101
Trd, 4319172.993, 104
Trd, 4319173.743, 111
Trd, 4319174.093, 112
Trd, 4319175.643, 113
Trd, 4319175.843, 113
Trd, 4319177.893, 116
Trd, 4319177.943, 99
Trd, 4319178.393, 119
Trd, 4319178.993, 99
Trd, 4319179.293, 79
Trd, 4319179.443, 108
Trd, 4319181.593, 73
Trd, 4319181.793, 120
Trd, 4319183.143, 74
Trd, 4319184.393, 109
Trd, 4319184.543, 109
Trd, 4319184.643, 104
Trd, 4319186.443, 127
Trd, 4319187.143, 131
Trd, 4319187.743, 140
Trd, 4319188.343, 107
Trd, 4319189.643, 108
Trd, 4319189.893, 110
Trd, 4319191.543, 103
Trd, 4319191.643, 129
Trd, 4319191.943, 134
Trd, 4319193.793, 98
Trd, 4319194.443, 94
Trd, 4319194.493, 111
Trd, 4319195.093, 116
Trd, 4319195.593, 135
Trd, 4319196.743, 102
Trd, 4319196.843, 92
Trd, 4319198.193, 90
Trd, 4319198.343, 82
Trd, 4319199.443, 119
Trd, 4319200.193, 132
Trd, 4319201.693, 131
Trd, 4319202.143, 133
Trd, 4319202.543, 88
Trd, 4319203.543, 116
Trd, 4319204.343, 108
Trd, 4319204.693, 124
Trd, 4319207.693, 127
Trd, 4319207.843, 127
Trd, 4319208.793, 126
Trd, 4319208.893, 117
Trd, 4319210.293, 120
Trd, 4319210.843, 120
Trd, 4319211.443, 113
Trd, 4319211.893, 130
Trd, 4319212.193, 109
Trd, 4319213.793, 118
Trd, 4319214.693, 129
Trd, 4319214.743, 121
Trd, 4319214.793, 116
Trd, 4319215.243, 126
Trd, 4319215.643, 112
Trd, 4319215.743, 89
Trd, 4319216.993, 114
Trd, 4319218.043, 109
Trd, 4319219.143, 118
Trd, 4319219.543, 134
Trd, 4319219.643, 113
Trd, 4319219.893, 103
Trd, 4319222.793, 124
Trd, 4319224.443, 122
Trd, 4319224.543, 122
Trd, 4319225.743, 132
Trd, 4319226.043, 116
Trd, 4319227.193, 108
Trd, 4319229.893, 133
Trd, 4319229.943, 133
Trd, 4319230.893, 92
Trd, 4319231.593, 130
Trd, 4319232.743, 117
Trd, 4319233.193, 117
Trd, 4319235.243, 140
Trd, 4319236.743, 100
Trd, 4319237.293, 118
Trd, 4319237.643, 98
Trd, 4319237.893, 97
Trd, 4319239.143, 119
Trd, 4319239.943, 109
Trd, 4319240.043, 102
Trd, 4319240.693, 104
Trd, 4319242.243, 107
Trd, 4319243.043, 93
Trd, 4319244.743, 135
Trd, 4319245.343, 105
Trd, 4319245.493, 138
Trd, 4319245.993, 92
Trd, 4319246.343, 90
Trd, 4319248.593, 132
Trd, 4319248.843, 125
Trd, 4319249.843, 135
Trd, 4319250.643, 139
Trd, 4319251.593, 104
Trd, 4319251.643, 97
Trd, 4319251.693, 83
Trd, 4319252.993, 92
Trd, 4319254.193, 106
Trd, 4319254.943, 93
Trd, 4319255.293, 102
Trd, 4319257.043, 128
Trd, 4319258.343, 84
Trd, 4319258.443, 120
Trd, 4319259.193, 108
Trd, 4319259.543, 140
Trd, 4319261.743, 93
Trd, 4319262.643, 114
Trd, 4319262.843, 114
Trd, 4319263.343, 109
Trd, 4319264.743, 115
Trd, 4319264.793, 104
Trd, 4319265.143, 81
Trd, 4319265.693, 132
Trd, 4319266.543, 132
Trd, 4319268.043, 87
Trd, 4319268.293, 87
Trd, 4319270.093, 127
Trd, 4319273.143, 139
Trd, 4319273.243, 114
Trd, 4319274.143, 108
Trd, 4319276.193, 129
Trd, 4319276.343, 136
Trd, 4319277.393, 109
Trd, 4319277.693, 123
Trd, 4319278.593, 121
Trd, 4319280.593, 122
Trd, 4319281.293, 119
Trd, 4319281.443, 123
Trd, 4319281.893, 108
Trd, 4319282.843, 132
Trd, 4319283.443, 136
Trd, 4319284.593, 122
Trd, 4319287.743, 133
Trd, 4319288.443, 104
Trd, 4319288.843, 101
Trd, 4319289.643, 137
Trd, 4319289.693, 114
Trd, 4319290.343, 97
Trd, 4319290.843, 79
Trd, 4319290.993, 81
Trd, 4319293.243, 134
Trd, 4319294.293, 99
Trd, 4319294.543, 108
Trd, 4319295.843, 107
Trd, 4319297.093, 100
Trd, 4319297.593, 101
Trd, 4319298.793, 131
Trd, 4319299.193, 123
Trd, 4319300.093, 121
Trd, 4319300.343, 130
Trd, 4319300.543, 132
Trd, 4319302.193, 136
Trd, 4319302.293, 133
Trd, 4319304.443, 102
Trd, 4319305.543, 124
Trd, 4319306.693, 128
Trd, 4319306.943, 128
Trd, 4319307.043, 109
Trd, 4319307.093, 104
Trd, 4319307.893, 76
Trd, 4319308.843, 131
Trd, 4319310.843, 122
Trd, 4319311.893, 117
Trd, 4319313.093, 116
Trd, 4319313.143, 132
Trd, 4319313.643, 116
Trd, 4319313.843, 113
Trd, 4319313.893, 108
Trd, 4319316.193, 132
Trd, 4319316.643, 119
Trd, 4319317.293, 120
Trd, 4319317.493, 115
Trd, 4319317.893, 107
Trd, 4319319.093, 137
Trd, 4319321.343, 136
Trd, 4319321.643, 122
Trd, 4319323.093, 121
Trd, 4319323.393, 121
Trd, 4319324.593, 75
Trd, 4319325.543, 118
Trd, 4319327.043, 127
Trd, 4319327.593, 126
Trd, 4319327.993, 140
Trd, 4319328.443, 114
Trd, 4319328.893, 112
Trd, 4319329.193, 105
Trd, 4319330.193, 104
Trd, 4319331.843, 84
Trd, 4319332.993, 96
Trd, 4319333.193, 84
Trd, 4319333.393, 83
Trd, 4319335.443, 114
Trd, 4319336.443, 123
Trd, 4319337.743, 132
Trd, 4319337.793, 131
Trd, 4319338.543, 115
Trd, 4319339.043, 105
Trd, 4319339.843, 104
Trd, 4319341.243, 93
Trd, 4319341.993, 109
Trd, 4319342.743, 140
Trd, 4319343.793, 125
Trd, 4319344.093, 124
Trd, 4319344.143, 115
Trd, 4319346.143, 125
Trd, 4319346.293, 84
Trd, 4319350.293, 121
Trd, 4319350.393, 118
Trd, 4319350.793, 138
Trd, 4319351.143, 108
Trd, 4319352.143, 87
Trd, 4319352.593, 112
Trd, 4319352.993, 109
Trd, 4319353.693, 93
Trd, 4319356.093, 93
Trd, 4319356.293, 107
Trd, 4319356.443, 86
Trd, 4319357.043, 134
Trd, 4319359.043, 128
Trd, 4319360.093, 129
Trd, 4319360.743, 116
Trd, 4319361.293, 134
Trd, 4319362.243, 139
Trd, 4319363.643, 126
Trd, 4319364.093, 109
Trd, 4319364.243, 103
Trd, 4319365.193, 120
Trd, 4319366.493, 126
Trd, 4319366.643, 111
Trd, 4319367.593, 75
Trd, 4319369.943, 131
Trd, 4319371.243, 130
Trd, 4319371.493, 117
Trd, 4319372.443, 113
Trd, 4319372.643, 102
Trd, 4319374.193, 116
Trd, 4319375.293, 102
Trd, 4319375.593, 121
Trd, 4319377.093, 89
Trd, 4319378.343, 139
Trd, 4319379.143, 126
Trd, 4319380.193, 116
Trd, 4319380.743, 88
Trd, 4319380.993, 89
Trd, 4319381.243, 92
Trd, 4319381.643, 113
Trd, 4319382.293, 134
Trd, 4319383.043, 105
Trd, 4319383.143, 103
Trd, 4319385.343, 114
Trd, 4319386.443, 138
Trd, 4319387.643, 114
Trd, 4319389.693, 128
Trd, 4319390.293, 97
Trd, 4319391.693, 133
Trd, 4319391.993, 100
Trd, 4319392.593, 96
Trd, 4319392.793, 110
Trd, 4319393.293, 90
Trd, 4319394.543, 89
Trd, 4319395.493, 116
Trd, 4319396.193, 132
Trd, 4319396.893, 136
Trd, 4319399.443, 111
Trd, 4319400.243, 126
Trd, 4319401.493, 116
Trd, 4319402.643, 121
Trd, 4319403.093, 122
Trd, 4319404.243, 108
Trd, 4319405.993, 104
Trd, 4319406.243, 105
Trd, 4319406.393, 101
Trd, 4319406.743, 97
Trd, 4319407.793, 111
Trd, 4319408.393, 129
Trd, 4319410.043, 119
Trd, 4319410.693, 127
Trd, 4319412.793, 113
Trd, 4319416.043, 123
Trd, 4319416.193, 123
Trd, 4319416.743, 129
Trd, 4319417.243, 106
Trd, 4319417.743, 105
Trd, 4319419.393, 98
Trd, 4319420.243, 121
Trd, 4319420.543, 133
Trd, 4319421.043, 139
Trd, 4319423.543, 109
Trd, 4319423.693, 107
Trd, 4319423.743, 106
Trd, 4319423.893, 116
Trd, 4319424.043, 120
Trd, 4319424.393, 112
Trd, 4319426.543, 109
Trd, 4319426.943, 99
Trd, 4319427.243, 90
Trd, 4319427.293, 93
Trd, 4319428.043, 95
Trd, 4319428.693, 89
Trd, 4319429.243, 134
Trd, 4319430.243, 119
Trd, 4319430.593, 119
Trd, 4319430.993, 114
Trd, 4319432.643, 138
Trd, 4319432.843, 126
Trd, 4319434.493, 129
Trd, 4319434.893, 119
Trd, 4319436.143, 136
Trd, 4319436.843, 134
Trd, 4319436.943, 123
Trd, 4319438.493, 110
Trd, 4319439.243, 125
Trd, 4319439.793, 134
Trd, 4319440.193, 134
Trd, 4319441.343, 133
Trd, 4319442.143, 123
Trd, 4319442.893, 116
Trd, 4319443.743, 93
Trd, 4319444.443, 115
Trd, 4319446.643, 110
Trd, 4319446.993, 139
Trd, 4319447.193, 122
Trd, 4319447.393, 112
Trd, 4319448.143, 120
Trd, 4319449.193, 132
Trd, 4319449.343, 134
Trd, 4319450.793, 116
Trd, 4319451.193, 103
Trd, 4319452.693, 128
Trd, 4319453.393, 119
Trd, 4319454.293, 73
Trd, 4319454.693, 86
Trd, 4319455.243, 111
Trd, 4319456.993, 103
Trd, 4319457.943, 99
Trd, 4319458.643, 136
Trd, 4319458.943, 107
Trd, 4319459.243, 106
Trd, 4319460.193, 93
Trd, 4319460.443, 85
Trd, 4319460.793, 77
Trd, 4319462.193, 97
Trd, 4319462.393, 109
Trd, 4319462.943, 92
Trd, 4319464.993, 131
Trd, 4319465.243, 108
Trd, 4319466.293, 131
Trd, 4319468.293, 133
Trd, 4319469.243, 132
Trd, 4319469.743, 124
Trd, 4319470.743, 122
Trd, 4319471.043, 129
Trd, 4319472.593, 116
Trd, 4319472.743, 116
Trd, 4319473.343, 107
Trd, 4319475.743, 123
Trd, 4319475.993, 101
Trd, 4319476.993, 103
Trd, 4319478.193, 104
Trd, 4319478.943, 127
Trd, 4319479.443, 116
Trd, 4319480.243, 104
Trd, 4319480.993, 100
Trd, 4319481.793, 95
Trd, 4319484.193, 109
Trd, 4319484.243, 108
Trd, 4319485.343, 108
Trd, 4319485.893, 93
Trd, 4319487.243, 132
Trd, 4319487.543, 122
Trd, 4319489.093, 135
Trd, 4319489.243, 124
Trd, 4319492.193, 126
Trd, 4319492.293, 126
Trd, 4319493.943, 117
Trd, 4319494.643, 114
Trd, 4319495.093, 108
Trd, 4319495.893, 131
Trd, 4319496.443, 82
Trd, 4319497.443, 139
Trd, 4319497.693, 112
Trd, 4319498.743, 107
Trd, 4319500.143, 131
Trd, 4319500.443, 138
Trd, 4319501.343, 131
Trd, 4319501.843, 131
Trd, 4319502.943, 121
Trd, 4319503.143, 113
Trd, 4319503.843, 112
Trd, 4319505.493, 132
Trd, 4319506.043, 124
Trd, 4319506.443, 123
Trd, 4319506.993, 111
Trd, 4319509.593, 138
Trd, 4319510.193, 129
Trd, 4319510.593, 128
Trd, 4319511.093, 131
Trd, 4319511.543, 113
Trd, 4319511.743, 111
Trd, 4319513.593, 111
Trd, 4319514.193, 105
Trd, 4319514.743, 122
Trd, 4319514.943, 105
Trd, 4319515.043, 103
Trd, 4319516.093, 115
Trd, 4319518.593, 105
Trd, 4319519.543, 124
Trd, 4319520.143, 125
Trd, 4319520.593, 136
Trd, 4319520.943, 128
Trd, 4319522.093, 126
Trd, 4319522.743, 126
Trd, 4319523.193, 108
Trd, 4319524.343, 130
Trd, 4319524.793, 108
Trd, 4319524.993, 92
Trd, 4319525.793, 120
Trd, 4319526.393, 116
Trd, 4319526.593, 107
Trd, 4319528.793, 139
Trd, 4319529.793, 111
Trd, 4319530.943, 107
Trd, 4319531.043, 101
Trd, 4319531.343, 98
Trd, 4319531.593, 126
Trd, 4319531.943, 98
Trd, 4319532.943, 91
Trd, 4319533.693, 113
Trd, 4319534.743, 84
Trd, 4319536.243, 135
Trd, 4319537.793, 129
Trd, 4319538.993, 109
Trd, 4319539.193, 103
Trd, 4319541.643, 120
Trd, 4319542.643, 123
Trd, 4319543.043, 119
Trd, 4319543.343, 128
Trd, 4319543.943, 110
Trd, 4319545.643, 127
Trd, 4319546.243, 134
Trd, 4319546.893, 134
Trd, 4319547.143, 136
Trd, 4319547.493, 128
Trd, 4319547.943, 117
Trd, 4319549.243, 137
Trd, 4319550.293, 123
Trd, 4319550.393, 111
Trd, 4319551.743, 105
Trd, 4319552.793, 101
Trd, 4319554.343, 116
Trd, 4319555.093, 106
Trd, 4319556.043, 103
Trd, 4319556.593, 120
Trd, 4319557.193, 117
Trd, 4319557.643, 108
Trd, 4319558.343, 133
Trd, 4319559.793, 138
Trd, 4319559.893, 119
Trd, 4319560.743, 131
Trd, 4319561.293, 126
Trd, 4319562.993, 94
Trd, 4319564.143, 113
Trd, 4319564.643, 108
Trd, 4319565.543, 119
Trd, 4319566.393, 127
Trd, 4319567.593, 115
Trd, 4319568.043, 116
Trd, 4319568.343, 108
Trd, 4319569.643, 65
Trd, 4319570.043, 136
Trd, 4319571.993, 96
Trd, 4319572.543, 99
Trd, 4319572.943, 113
Trd, 4319573.393, 124
Trd, 4319574.093, 115
Trd, 4319574.243, 115
Trd, 4319574.393, 106
Trd, 4319574.793, 100
Trd, 4319575.893, 117
Trd, 4319577.143, 89
Trd, 4319578.593, 118
Trd, 4319580.293, 113
Trd, 4319580.943, 108
Trd, 4319581.043, 98
Trd, 4319581.343, 83
Trd, 4319582.393, 124
Trd, 4319583.343, 132
Trd, 4319583.543, 97
Trd, 4319584.393, 92
Trd, 4319585.043, 138
Trd, 4319586.743, 137
Trd, 4319588.693, 115
Trd, 4319588.843, 131
Trd, 4319589.143, 126
Trd, 4319589.993, 114
Trd, 4319590.093, 114
Trd, 4319592.743, 128
Trd, 4319592.793, 119
Trd, 4319593.643, 126
Trd, 4319594.893, 121
Trd, 4319596.643, 138
Trd, 4319598.043, 125
Trd, 4319598.143, 124
Trd, 4319598.643, 128
Trd, 4319600.193, 120
Trd, 4319600.943, 135
Trd, 4319601.043, 135
Trd, 4319601.843, 114
Trd, 4319603.643, 103
Trd, 4319603.893, 60
Trd, 4319605.143, 102
Trd, 4319605.743, 85
Trd, 4319606.093, 86
Trd, 4319607.043, 128
Trd, 4319608.293, 125
Trd, 4319610.043, 129
Trd, 4319610.943, 111
Trd, 4319611.493, 131
Trd, 4319611.943, 111
Trd, 4319612.243, 130
Trd, 4319613.743, 98
Trd, 4319614.843, 109
Trd, 4319614.893, 109
Trd, 4319616.193, 126
Trd, 4319616.843, 138
Trd, 4319618.593, 124
Trd, 4319619.093, 107
Trd, 4319619.193, 100
Trd, 4319619.893, 109
Trd, 4319620.243, 123
Trd, 4319622.243, 136
Trd, 4319622.343, 130
Trd, 4319623.693, 118
Trd, 4319624.293, 110
Trd, 4319625.443, 115
Trd, 4319625.843, 116
Trd, 4319625.943, 107
Trd, 4319626.693, 126
Trd, 4319627.393, 102
Trd, 4319627.993, 125
Trd, 4319628.843, 138
Trd, 4319629.943, 131
Trd, 4319631.693, 124
Trd, 4319632.793, 127
Trd, 4319632.893, 112
Trd, 4319633.743, 118
Trd, 4319634.143, 100
Trd, 4319637.043, 131
Trd, 4319638.743, 125
Trd, 4319639.343, 125
Trd, 4319639.493, 118
Trd, 4319639.693, 139
Trd, 4319640.443, 110
Trd, 4319640.543, 96
Trd, 4319642.293, 108
Trd, 4319642.393, 107
Trd, 4319642.493, 106
Trd, 4319642.793, 102
Trd, 4319643.343, 83
Trd, 4319644.993, 102
Trd, 4319646.293, 112
Trd, 4319646.843, 100
Trd, 4319648.893, 108
Trd, 4319649.293, 121
Trd, 4319649.593, 117
Trd, 4319650.943, 135
Trd, 4319653.443, 139
Trd, 4319653.943, 129
Trd, 4319653.993, 122
Trd, 4319654.493, 116
Trd, 4319654.893, 110
Trd, 4319656.643, 122
Trd, 4319657.343, 110
Trd, 4319658.443, 126
Trd, 4319658.593, 103
Trd, 4319659.093, 121
Trd, 4319659.893, 96
Trd, 4319661.193, 105
Trd, 4319661.543, 100
Trd, 4319662.493, 115
Trd, 4319663.243, 136
Trd, 4319663.593, 120
Trd, 4319663.743, 120
Trd, 4319663.893, 100
Trd, 4319664.393, 95
Trd, 4319666.243, 109
Trd, 4319667.293, 112
Trd, 4319667.793, 94
Trd, 4319668.493, 95
Trd, 4319668.793, 104
Trd, 4319670.193, 138
Trd, 4319670.893, 60
Trd, 4319672.143, 132
Trd, 4319672.793, 105
Trd, 4319674.093, 127
Trd, 4319675.343, 139
Trd, 4319675.693, 106
Trd, 4319676.943, 127
Trd, 4319677.043, 127
Trd, 4319677.443, 133
Trd, 4319677.743, 120
Trd, 4319677.793, 118
Trd, 4319677.843, 117
Trd, 4319678.143, 114
Trd, 4319679.993, 97
Trd, 4319681.593, 110
Trd, 4319682.143, 93
Trd, 4319682.343, 93
Trd, 4319684.043, 111
Trd, 4319684.093, 81
Trd, 4319685.593, 123
Trd, 4319685.793, 124
Trd, 4319686.793, 125
Trd, 4319687.743, 125
Trd, 4319688.893, 130
Trd, 4319689.593, 105
Trd, 4319690.493, 138
Trd, 4319690.743, 129
Trd, 4319691.543, 125
Trd, 4319692.443, 140
Trd, 4319692.743, 139
Trd, 4319693.093, 129
Trd, 4319693.243, 109
Trd, 4319695.993, 133
Trd, 4319696.243, 132
Trd, 4319696.793, 112
Trd, 4319697.493, 86
Trd, 4319698.543, 126
Trd, 4319698.693, 109
Trd, 4319699.643, 87
Trd, 4319701.443, 78
Trd, 4319701.643, 77
Trd, 4319702.343, 98
Trd, 4319703.543, 110
Trd, 4319703.743, 110
Trd, 4319704.143, 140
Trd, 4319705.143, 129
Trd, 4319705.243, 99
Trd, 4319705.793, 67
Trd, 4319708.543, 73
Trd, 4319710.843, 116
Trd, 4319710.943, 81
Trd, 4319712.393, 139
Trd, 4319712.693, 139
Trd, 4319713.243, 126
Trd, 4319715.043, 139
Trd, 4319715.293, 129
Trd, 4319716.893, 123
Trd, 4319717.143, 114
Trd, 4319719.193, 138
Trd, 4319719.943, 138
Trd, 4319720.193, 131
Trd, 4319720.843, 128
Trd, 4319720.943, 125
Trd, 4319722.743, 133
Trd, 4319723.093, 111
Trd, 4319724.143, 89
Trd, 4319724.293, 97
Trd, 4319724.643, 76
Trd, 4319725.543, 132
Trd, 4319726.293, 109
Trd, 4319727.743, 102
Trd, 4319729.093, 137
Trd, 4319730.293, 131
Trd, 4319730.693, 131
Trd, 4319731.293, 102
Trd, 4319731.343, 95
Trd, 4319731.843, 92
Trd, 4319732.493, 127
Trd, 4319734.143, 129
Trd, 4319734.293, 126
Trd, 4319736.043, 116
Trd, 4319736.493, 106
Trd, 4319736.593, 100
Trd, 4319737.893, 128
Trd, 4319738.593, 139
Trd, 4319740.043, 118
Trd, 4319740.693, 131
Trd, 4319741.743, 120
Trd, 4319741.893, 126
Trd, 4319742.593, 111
Trd, 4319743.693, 108
Trd, 4319744.043, 105
Trd, 4319744.893, 109
Trd, 4319745.493, 97
Trd, 4319746.043, 94
Trd, 4319746.143, 99
Trd, 4319746.793, 89
Trd, 4319746.943, 90
Trd, 4319748.043, 110
Trd, 4319748.743, 96
Trd, 4319749.243, 95
Trd, 4319751.093, 140
Trd, 4319754.143, 139
Trd, 4319754.443, 140
Trd, 4319754.693, 116
Trd, 4319755.143, 93
Trd, 4319755.393, 90
Trd, 4319756.593, 136
Trd, 4319756.793, 95
Trd, 4319758.243, 71
Trd, 4319759.393, 126
Trd, 4319759.993, 100
Trd, 4319760.193, 95
Trd, 4319760.693, 114
Trd, 4319761.293, 111
Trd, 4319762.943, 132
Trd, 4319763.593, 119
Trd, 4319765.643, 124
Trd, 4319766.893, 130
Trd, 4319768.143, 117
Trd, 4319769.643, 125
Trd, 4319769.743, 125
Trd, 4319770.993, 128
Trd, 4319771.393, 107
Trd, 4319773.743, 139
Trd, 4319774.243, 113
Trd, 4319774.743, 107
Trd, 4319775.043, 106
Trd, 4319776.793, 89
Trd, 4319777.293, 88
Trd, 4319777.393, 91
Trd, 4319778.593, 92
Trd, 4319778.943, 78
Trd, 4319780.143, 86
Trd, 4319780.843, 100
Trd, 4319782.543, 70
Trd, 4319782.643, 81
Trd, 4319783.693, 77
Trd, 4319783.793, 128
Trd, 4319784.743, 97
Trd, 4319785.293, 79
Trd, 4319786.593, 96
Trd, 4319787.443, 103
Trd, 4319789.093, 69
Trd, 4319790.693, 106
Trd, 4319792.293, 137
Trd, 4319792.693, 105
Trd, 4319793.143, 111
Trd, 4319793.393, 95
Trd, 4319793.793, 86
Trd, 4319794.193, 112
Trd, 4319794.793, 108
Trd, 4319795.593, 127
Trd, 4319796.043, 105
Trd, 4319797.093, 88
Trd, 4319798.743, 134
Trd, 4319799.343, 102
Trd, 4319800.243, 119
Trd, 4319800.743, 101
Trd, 4319801.443, 61
Trd, 4319801.793, 107
Trd, 4319802.543, 102
Trd, 4319804.393, 115
Trd, 4319804.443, 89
Trd, 4319807.193, 73
Trd, 4319807.993, 117
Trd, 4319808.893, 105
Trd, 4319810.443, 102
Trd, 4319810.643, 108
Trd, 4319811.093, 95
Trd, 4319811.493, 78
Trd, 4319811.943, 103
Trd, 4319814.643, 117
Trd, 4319814.793, 115
Trd, 4319814.843, 109
Trd, 4319816.093, 123
Trd, 4319816.693, 108
Trd, 4319816.893, 100
Trd, 4319817.843, 108
Trd, 4319818.293, 96
Trd, 4319821.043, 114
Trd, 4319822.243, 99
Trd, 4319822.393, 98
Trd, 4319822.443, 136
Trd, 4319822.493, 94
Trd, 4319823.693, 101
Trd, 4319824.693, 125
Trd, 4319824.743, 125
Trd, 4319826.093, 134
Trd, 4319826.543, 124
Trd, 4319829.293, 129
Trd, 4319829.893, 116
Trd, 4319830.993, 140
Trd, 4319831.693, 137
Trd, 4319832.043, 124
Trd, 4319833.443, 108
Trd, 4319834.743, 123
Trd, 4319835.643, 122
Trd, 4319835.893, 127
Trd, 4319836.093, 101
Trd, 4319836.793, 79
Trd, 4319838.743, 116
Trd, 4319839.193, 132
Trd, 4319839.393, 107
Trd, 4319841.193, 119
Trd, 4319841.693, 119
Trd, 4319841.793, 90
Trd, 4319842.643, 107
Trd, 4319843.493, 103
Trd, 4319844.893, 133
Trd, 4319845.193, 134
Trd, 4319845.743, 112
Trd, 4319847.443, 133
Trd, 4319847.843, 122
Trd, 4319848.393, 97
Trd, 4319849.393, 138
Trd, 4319850.043, 126
Trd, 4319850.793, 105
Trd, 4319851.643, 106
Trd, 4319852.943, 135
Trd, 4319854.493, 105
Trd, 4319854.593, 98
Trd, 4319855.493, 90
Trd, 4319856.243, 127
Trd, 4319856.343, 118
Trd, 4319858.093, 91
Trd, 4319858.193, 89
Trd, 4319858.443, 127
Trd, 4319860.493, 128
Trd, 4319860.593, 112
Trd, 4319861.343, 67
Trd, 4319862.843, 130
Trd, 4319863.693, 108
Trd, 4319864.043, 101
Trd, 4319864.843, 95
Trd, 4319865.793, 127
Trd, 4319866.443, 105
Trd, 4319867.243, 91
Trd, 4319867.393, 105
Trd, 4319867.643, 86
Trd, 4319868.643, 121
Trd, 4319870.443, 114
Trd, 4319871.443, 132
Trd, 4319871.943, 114
Trd, 4319872.943, 118
Trd, 4319873.543, 110
Trd, 4319874.143, 103
Trd, 4319874.393, 102
Trd, 4319875.593, 120
Trd, 4319876.993, 131
Trd, 4319878.193, 116
Trd, 4319878.793, 98
Trd, 4319879.543, 127
Trd, 4319880.143, 129
Trd, 4319880.293, 124
Trd, 4319881.843, 107
Trd, 4319881.893, 106
Trd, 4319884.093, 117
Trd, 4319884.193, 82
Trd, 4319885.643, 116
Trd, 4319886.093, 113
Trd, 4319886.193, 92
Trd, 4319887.893, 133
Trd, 4319888.043, 133
Trd, 4319889.243, 121
Trd, 4319889.993, 128
Trd, 4319890.143, 120
Trd, 4319891.893, 135
Trd, 4319892.743, 135
Trd, 4319893.093, 122
Trd, 4319893.243, 116
Trd, 4319893.593, 119
Trd, 4319893.943, 114
Trd, 4319895.043, 113
Trd, 4319895.193, 103
Trd, 4319896.693, 104
Trd, 4319897.843, 135
Trd, 4319899.143, 87
Trd, 4319900.293, 127
Trd, 4319900.593, 137
Trd, 4319903.043, 117
Trd, 4319905.193, 126
Trd, 4319905.843, 138
Trd, 4319905.993, 138
Trd, 4319906.693, 135
Trd, 4319907.093, 112
Trd, 4319907.643, 138
Trd, 4319910.143, 125
Trd, 4319910.343, 98
Trd, 4319911.293, 96
Trd, 4319912.543, 96
Trd, 4319912.943, 111
Trd, 4319913.293, 127
Trd, 4319913.343, 102
Trd, 4319914.643, 125
Trd, 4319914.843, 125
Trd, 4319915.293, 118
Trd, 4319916.793, 128
Trd, 4319917.243, 115
Trd, 4319918.243, 128
Trd, 4319918.993, 75
Trd, 4319919.143, 106
Trd, 4319920.593, 105
Trd, 4319921.743, 93
Trd, 4319922.193, 76
Trd, 4319923.843, 137
Trd, 4319923.943, 107
Trd, 4319925.343, 103
Trd, 4319925.393, 110
Trd, 4319927.543, 134
Trd, 4319928.243, 114
Trd, 4319928.343, 112
Trd, 4319929.343, 106
Trd, 4319929.543, 98
Trd, 4319929.843, 83
Trd, 4319931.843, 133
Trd, 4319932.443, 119
Trd, 4319932.493, 111
Trd, 4319933.643, 128
Trd, 4319934.893, 126
Trd, 4319935.793, 133
Trd, 4319936.493, 133
Trd, 4319937.243, 131
Trd, 4319937.843, 123
Trd, 4319938.243, 118
Trd, 4319939.143, 131
Trd, 4319939.693, 121
Trd, 4319941.243, 137
Trd, 4319941.293, 136
Trd, 4319943.893, 87
Trd, 4319944.343, 79
Trd, 4319944.743, 80
Trd, 4319945.093, 69
Trd, 4319945.493, 94
Trd, 4319946.093, 138
Trd, 4319948.393, 130
Trd, 4319948.543, 130
Trd, 4319949.043, 89
Trd, 4319950.243, 117
Trd, 4319951.543, 120
Trd, 4319952.393, 120
Trd, 4319953.143, 126
Trd, 4319953.443, 117
Trd, 4319953.493, 115
Trd, 4319954.493, 125
Trd, 4319955.243, 119
Trd, 4319955.993, 125
Trd, 4319957.593, 119
Trd, 4319957.843, 126
Trd, 4319959.743, 124
Trd, 4319959.943, 109
Trd, 4319960.343, 110
Trd, 4319961.143, 113
Trd, 4319961.593, 88
Trd, 4319962.243, 82
Trd, 4319963.593, 133
Trd, 4319964.843, 119
Trd, 4319966.193, 116
Trd, 4319966.343, 98
Trd, 4319966.743, 96
Trd, 4319966.893, 117
Trd, 4319968.243, 91
Trd, 4319969.593, 94
Trd, 4319970.193, 104
Trd, 4319970.543, 123
Trd, 4319971.443, 93
Trd, 4319971.793, 129
Trd, 4319975.543, 122
Trd, 4319976.093, 119
Trd, 4319976.193, 112
Trd, 4319976.693, 123
Trd, 4319976.943, 110
Trd, 4319977.393, 130
Trd, 4319979.043, 133
Trd, 4319979.343, 121
Trd, 4319980.143, 96
Trd, 4319980.243, 90
Trd, 4319980.593, 134
Trd, 4319980.693, 105
Trd, 4319982.043, 109
Trd, 4319984.293, 129
Trd, 4319985.093, 130
Trd, 4319985.143, 130
Trd, 4319985.793, 127
Trd, 4319985.893, 116
Trd, 4319986.693, 65
Trd, 4319987.143, 103
Trd, 4319987.743, 125
Trd, 4319989.393, 71
Trd, 4319990.543, 125
Trd, 4319990.943, 117
Trd, 4319991.393, 91
Trd, 4319992.493, 128
Trd, 4319992.993, 103
Trd, 4319994.393, 96
Trd, 4319994.643, 93
Trd, 4319995.043, 92
Trd, 4319995.293, 87
Trd, 4319997.343, 133
Trd, 4319997.593, 95
Trd, 4319997.643, 93
Trd, 4319998.693, 76
