Trd, 4318084.843, 74
Trd, 4318085.193, 112
Trd, 4318085.393, 109
Trd, 4318086.193, 122
Trd, 4318086.893, 103
Trd, 4318087.443, 81
Trd, 4318087.843, 136
Trd, 4318088.543, 76
Trd, 4318088.943, 82
Trd, 4318090.043, 92
Trd, 4318091.743, 82
Trd, 4318092.443, 111
Trd, 4318093.243, 96
Trd, 4318093.943, 119
Trd, 4318095.343, 99
Trd, 4318096.743, 129
Trd, 4318098.293, 116
Trd, 4318098.593, 108
Trd, 4318098.793, 106
Trd, 4318099.593, 130
Trd, 4318100.493, 138
Trd, 4318100.593, 105
Trd, 4318100.643, 98
Trd, 4318103.093, 126
Trd, 4318103.393, 109
Trd, 4318104.993, 119
Trd, 4318107.043, 133
Trd, 4318107.093, 106
Trd, 4318107.193, 102
Trd, 4318107.593, 105
Trd, 4318108.393, 134
Trd, 4318109.493, 110
Trd, 4318109.843, 107
Trd, 4318111.193, 122
Trd, 4318111.393, 127
Trd, 4318112.093, 116
Trd, 4318112.143, 119
Trd, 4318113.443, 139
Trd, 4318113.543, 126
Trd, 4318115.743, 90
Trd, 4318116.493, 87
Trd, 4318117.243, 117
Trd, 4318117.643, 72
Trd, 4318118.143, 107
Trd, 4318118.293, 72
Trd, 4318118.743, 115
Trd, 4318119.793, 116
Trd, 4318120.893, 118
Trd, 4318121.043, 116
Trd, 4318121.543, 125
Trd, 4318124.543, 108
Trd, 4318125.393, 136
Trd, 4318125.943, 134
Trd, 4318126.393, 137
Trd, 4318127.143, 124
Trd, 4318127.193, 120
Trd, 4318127.493, 111
Trd, 4318127.743, 87
Trd, 4318127.893, 134
Trd, 4318129.393, 123
Trd, 4318130.393, 136
Trd, 4318130.643, 125
Trd, 4318132.643, 132
Trd, 4318134.543, 117
Trd, 4318134.843, 133
Trd, 4318135.593, 138
Trd, 4318135.993, 140
Trd, 4318136.143, 114
Trd, 4318138.343, 119
Trd, 4318139.493, 129
Trd, 4318139.743, 107
Trd, 4318140.243, 94
Trd, 4318140.693, 109
Trd, 4318141.143, 125
Trd, 4318141.893, 126
Trd, 4318141.943, 125
Trd, 4318142.993, 136
Trd, 4318144.893, 126
Trd, 4318145.143, 99
Trd, 4318147.843, 105
Trd, 4318147.943, 105
Trd, 4318148.893, 78
Trd, 4318149.793, 124
Trd, 4318149.843, 126
Trd, 4318150.393, 112
Trd, 4318150.943, 119
Trd, 4318152.593, 122
Trd, 4318152.643, 98
Trd, 4318153.593, 130
Trd, 4318153.893, 121
Trd, 4318155.043, 99
Trd, 4318155.293, 93
Trd, 4318155.393, 109
Trd, 4318156.593, 132
Trd, 4318156.993, 114
Trd, 4318158.043, 108
Trd, 4318158.793, 86
Trd, 4318159.743, 77
Trd, 4318160.443, 140
Trd, 4318161.193, 105
Trd, 4318161.343, 103
Trd, 4318161.793, 113
Trd, 4318162.493, 120
Trd, 4318163.543, 119
Trd, 4318164.343, 138
Trd, 4318165.893, 138
Trd, 4318165.993, 106
Trd, 4318167.593, 72
Trd, 4318167.743, 79
Trd, 4318167.993, 85
Trd, 4318168.593, 105
Trd, 4318169.443, 130
Trd, 4318170.793, 136
Trd, 4318171.293, 94
Trd, 4318171.343, 87
Trd, 4318174.143, 89
Trd, 4318174.393, 100
Trd, 4318174.743, 107
Trd, 4318175.043, 99
Trd, 4318175.643, 123
Trd, 4318176.493, 107
Trd, 4318179.643, 131
Trd, 4318180.293, 123
Trd, 4318181.193, 118
Trd, 4318181.543, 114
Trd, 4318182.343, 97
Trd, 4318183.193, 102
Trd, 4318184.643, 102
Trd, 4318185.043, 99
Trd, 4318185.943, 97
Trd, 4318186.543, 92
Trd, 4318186.943, 92
Trd, 4318188.693, 122
Trd, 4318189.293, 118
Trd, 4318189.643, 95
Trd, 4318189.793, 106
Trd, 4318191.093, 125
Trd, 4318191.493, 122
Trd, 4318193.343, 135
Trd, 4318194.093, 128
Trd, 4318195.543, 105
Trd, 4318196.193, 135
Trd, 4318197.043, 129
Trd, 4318197.243, 114
Trd, 4318198.643, 127
Trd, 4318199.043, 123
Trd, 4318200.843, 127
Trd, 4318202.243, 129
Trd, 4318202.793, 127
Trd, 4318203.643, 130
Trd, 4318204.793, 98
Trd, 4318204.943, 93
Trd, 4318205.743, 134
Trd, 4318206.193, 119
Trd, 4318206.493, 123
Trd, 4318208.493, 89
Trd, 4318209.043, 107
Trd, 4318209.643, 109
Trd, 4318210.243, 106
Trd, 4318211.093, 74
Trd, 4318212.593, 65
Trd, 4318213.193, 86
Trd, 4318214.993, 89
Trd, 4318215.393, 119
Trd, 4318215.543, 77
Trd, 4318217.043, 88
Trd, 4318218.793, 136
Trd, 4318219.143, 128
Trd, 4318220.343, 126
Trd, 4318220.993, 135
Trd, 4318222.843, 136
Trd, 4318223.593, 136
Trd, 4318224.793, 136
Trd, 4318225.193, 139
Trd, 4318225.743, 113
Trd, 4318226.343, 108
Trd, 4318227.043, 84
Trd, 4318227.093, 79
Trd, 4318227.243, 61
Trd, 4318229.193, 120
Trd, 4318229.693, 121
Trd, 4318230.043, 130
Trd, 4318231.293, 121
Trd, 4318232.293, 96
Trd, 4318232.743, 94
Trd, 4318233.743, 102
Trd, 4318234.143, 89
Trd, 4318234.243, 120
Trd, 4318235.643, 137
Trd, 4318235.693, 133
Trd, 4318236.243, 140
Trd, 4318236.893, 139
Trd, 4318238.243, 97
Trd, 4318238.543, 118
Trd, 4318239.843, 93
Trd, 4318240.043, 92
Trd, 4318240.593, 87
Trd, 4318241.543, 99
Trd, 4318242.593, 110
Trd, 4318242.793, 115
Trd, 4318243.843, 105
Trd, 4318244.043, 103
Trd, 4318244.693, 93
Trd, 4318244.943, 91
Trd, 4318246.293, 108
Trd, 4318248.343, 137
Trd, 4318248.943, 130
Trd, 4318249.743, 122
Trd, 4318250.043, 118
Trd, 4318250.943, 106
Trd, 4318251.493, 135
Trd, 4318251.643, 125
Trd, 4318251.843, 122
Trd, 4318253.393, 74
Trd, 4318253.643, 121
Trd, 4318253.843, 134
Trd, 4318254.343, 73
Trd, 4318255.093, 136
Trd, 4318256.143, 134
Trd, 4318257.943, 112
Trd, 4318259.193, 138
Trd, 4318259.243, 134
Trd, 4318259.743, 123
Trd, 4318260.943, 112
Trd, 4318261.993, 106
Trd, 4318262.743, 115
Trd, 4318263.893, 127
Trd, 4318264.143, 132
Trd, 4318264.993, 137
Trd, 4318265.543, 133
Trd, 4318265.893, 108
Trd, 4318266.843, 129
Trd, 4318268.793, 128
Trd, 4318269.643, 132
Trd, 4318269.793, 127
Trd, 4318270.743, 135
Trd, 4318271.143, 124
Trd, 4318271.543, 112
Trd, 4318271.643, 109
Trd, 4318271.993, 72
Trd, 4318273.893, 136
Trd, 4318274.843, 110
Trd, 4318274.893, 119
Trd, 4318275.693, 100
Trd, 4318276.943, 134
Trd, 4318277.543, 132
Trd, 4318278.743, 126
Trd, 4318278.793, 124
Trd, 4318278.893, 122
Trd, 4318279.193, 119
Trd, 4318282.943, 127
Trd, 4318282.993, 123
Trd, 4318284.493, 125
Trd, 4318285.293, 119
Trd, 4318286.743, 138
Trd, 4318286.843, 140
Trd, 4318287.143, 134
Trd, 4318288.243, 82
Trd, 4318288.843, 113
Trd, 4318289.243, 65
Trd, 4318290.393, 67
Trd, 4318291.243, 115
Trd, 4318291.643, 137
Trd, 4318291.893, 129
Trd, 4318291.993, 106
Trd, 4318292.493, 124
Trd, 4318293.793, 98
Trd, 4318294.143, 105
Trd, 4318295.393, 83
Trd, 4318296.043, 72
Trd, 4318297.143, 127
Trd, 4318297.943, 135
Trd, 4318298.043, 102
Trd, 4318298.743, 132
Trd, 4318298.993, 106
Trd, 4318299.243, 90
Trd, 4318299.293, 67
Trd, 4318301.543, 135
Trd, 4318302.393, 131
Trd, 4318303.093, 113
Trd, 4318303.593, 90
Trd, 4318304.943, 83
Trd, 4318305.793, 137
Trd, 4318306.193, 130
Trd, 4318307.643, 138
Trd, 4318307.893, 137
Trd, 4318308.593, 130
Trd, 4318309.843, 131
Trd, 4318309.993, 139
Trd, 4318311.843, 100
Trd, 4318311.943, 91
Trd, 4318312.043, 91
Trd, 4318313.493, 135
Trd, 4318315.793, 138
Trd, 4318317.443, 129
Trd, 4318317.493, 107
Trd, 4318317.793, 101
Trd, 4318318.243, 138
Trd, 4318318.743, 136
Trd, 4318319.043, 114
Trd, 4318320.043, 109
Trd, 4318321.043, 96
Trd, 4318322.343, 138
Trd, 4318322.843, 130
Trd, 4318322.893, 117
Trd, 4318324.693, 139
Trd, 4318324.743, 133
Trd, 4318325.193, 124
Trd, 4318325.243, 100
Trd, 4318325.293, 90
Trd, 4318326.343, 113
Trd, 4318327.093, 132
Trd, 4318327.593, 115
Trd, 4318327.993, 103
Trd, 4318328.593, 132
Trd, 4318330.343, 99
Trd, 4318330.543, 106
Trd, 4318330.943, 106
Trd, 4318331.443, 117
Trd, 4318332.893, 117
Trd, 4318332.993, 111
Trd, 4318333.693, 134
Trd, 4318334.843, 125
Trd, 4318336.393, 129
Trd, 4318336.593, 120
Trd, 4318336.643, 104
Trd, 4318336.993, 118
Trd, 4318337.643, 102
Trd, 4318338.093, 131
Trd, 4318338.393, 128
Trd, 4318339.493, 126
Trd, 4318340.593, 123
Trd, 4318341.043, 116
Trd, 4318342.543, 113
Trd, 4318344.143, 84
Trd, 4318344.843, 117
Trd, 4318344.943, 95
Trd, 4318345.793, 97
Trd, 4318346.093, 131
Trd, 4318346.143, 76
Trd, 4318348.693, 140
Trd, 4318348.993, 131
Trd, 4318349.693, 126
Trd, 4318350.293, 118
Trd, 4318352.193, 135
Trd, 4318352.843, 119
Trd, 4318353.443, 120
Trd, 4318354.193, 116
Trd, 4318354.793, 81
Trd, 4318354.943, 123
Trd, 4318355.343, 78
Trd, 4318358.643, 137
Trd, 4318359.893, 129
Trd, 4318359.943, 125
Trd, 4318360.843, 117
Trd, 4318362.293, 119
Trd, 4318362.743, 131
Trd, 4318362.843, 116
Trd, 4318363.093, 114
Trd, 4318363.393, 128
Trd, 4318363.593, 103
Trd, 4318364.293, 137
Trd, 4318364.893, 113
Trd, 4318366.193, 136
Trd, 4318366.493, 135
Trd, 4318368.343, 105
Trd, 4318368.593, 121
Trd, 4318370.043, 107
Trd, 4318370.093, 105
Trd, 4318370.343, 123
Trd, 4318371.293, 126
Trd, 4318372.193, 135
Trd, 4318372.243, 125
Trd, 4318372.593, 119
Trd, 4318372.743, 105
Trd, 4318373.693, 138
Trd, 4318375.043, 111
Trd, 4318375.643, 121
Trd, 4318376.943, 119
Trd, 4318377.093, 119
Trd, 4318377.293, 105
Trd, 4318379.093, 134
Trd, 4318379.293, 126
Trd, 4318379.393, 117
Trd, 4318380.593, 103
Trd, 4318382.143, 140
Trd, 4318382.243, 123
Trd, 4318382.993, 136
Trd, 4318383.993, 136
Trd, 4318385.193, 128
Trd, 4318385.893, 140
Trd, 4318386.443, 135
Trd, 4318386.793, 116
Trd, 4318387.493, 127
Trd, 4318388.493, 126
Trd, 4318389.893, 120
Trd, 4318390.143, 109
Trd, 4318391.193, 137
Trd, 4318391.393, 133
Trd, 4318392.343, 125
Trd, 4318392.593, 121
Trd, 4318393.243, 101
Trd, 4318393.943, 105
Trd, 4318395.693, 137
Trd, 4318396.193, 133
Trd, 4318397.893, 128
Trd, 4318398.093, 104
Trd, 4318398.343, 126
Trd, 4318398.593, 92
Trd, 4318399.193, 133
Trd, 4318399.943, 101
Trd, 4318402.243, 109
Trd, 4318404.043, 129
Trd, 4318404.143, 120
Trd, 4318404.343, 117
Trd, 4318404.793, 116
Trd, 4318405.043, 113
Trd, 4318405.943, 140
Trd, 4318406.043, 106
Trd, 4318406.393, 98
Trd, 4318407.843, 121
Trd, 4318408.643, 140
Trd, 4318408.843, 125
Trd, 4318409.793, 112
Trd, 4318409.943, 111
Trd, 4318411.243, 134
Trd, 4318413.493, 117
Trd, 4318413.793, 112
Trd, 4318415.243, 111
Trd, 4318416.143, 104
Trd, 4318416.943, 134
Trd, 4318417.493, 140
Trd, 4318417.693, 125
Trd, 4318417.843, 121
Trd, 4318418.543, 95
Trd, 4318418.693, 112
Trd, 4318421.543, 131
Trd, 4318422.193, 123
Trd, 4318422.843, 133
Trd, 4318423.893, 122
Trd, 4318424.343, 105
Trd, 4318425.543, 136
Trd, 4318427.393, 105
Trd, 4318427.593, 111
Trd, 4318427.743, 104
Trd, 4318428.493, 70
Trd, 4318428.643, 63
Trd, 4318430.143, 119
Trd, 4318430.343, 123
Trd, 4318431.993, 109
Trd, 4318432.393, 130
Trd, 4318434.193, 123
Trd, 4318434.443, 109
Trd, 4318434.693, 128
Trd, 4318434.893, 116
Trd, 4318435.143, 67
Trd, 4318436.343, 62
Trd, 4318437.443, 66
Trd, 4318437.743, 65
Trd, 4318438.143, 133
Trd, 4318439.393, 70
Trd, 4318441.493, 85
Trd, 4318441.793, 76
Trd, 4318442.093, 116
Trd, 4318442.443, 112
Trd, 4318443.043, 106
Trd, 4318443.943, 138
Trd, 4318445.143, 69
Trd, 4318445.743, 99
Trd, 4318445.993, 67
Trd, 4318446.793, 115
Trd, 4318447.143, 98
Trd, 4318447.543, 73
Trd, 4318447.793, 74
Trd, 4318449.693, 119
Trd, 4318449.893, 116
Trd, 4318451.143, 125
Trd, 4318451.393, 139
Trd, 4318451.943, 114
Trd, 4318452.343, 105
Trd, 4318454.043, 129
Trd, 4318454.143, 120
Trd, 4318454.343, 127
Trd, 4318454.743, 103
Trd, 4318455.343, 116
Trd, 4318455.743, 99
Trd, 4318456.243, 85
Trd, 4318458.193, 71
Trd, 4318458.893, 94
Trd, 4318459.293, 105
Trd, 4318459.343, 89
Trd, 4318460.243, 101
Trd, 4318460.993, 97
Trd, 4318463.343, 117
Trd, 4318465.393, 119
Trd, 4318465.543, 114
Trd, 4318465.643, 131
Trd, 4318465.993, 105
Trd, 4318466.643, 111
Trd, 4318467.043, 93
Trd, 4318467.743, 106
Trd, 4318468.793, 112
Trd, 4318468.893, 100
Trd, 4318469.393, 127
Trd, 4318470.643, 108
Trd, 4318472.943, 118
Trd, 4318473.293, 94
Trd, 4318474.193, 114
Trd, 4318474.743, 134
Trd, 4318475.443, 136
Trd, 4318476.193, 140
Trd, 4318476.393, 135
Trd, 4318476.693, 129
Trd, 4318477.043, 75
Trd, 4318478.143, 96
Trd, 4318479.443, 136
Trd, 4318479.843, 118
Trd, 4318480.193, 125
Trd, 4318480.243, 71
Trd, 4318482.043, 137
Trd, 4318483.243, 108
Trd, 4318484.493, 108
Trd, 4318484.543, 111
Trd, 4318485.643, 123
Trd, 4318485.693, 119
Trd, 4318485.743, 108
Trd, 4318486.893, 101
Trd, 4318487.343, 138
Trd, 4318488.593, 140
Trd, 4318488.893, 135
Trd, 4318488.993, 131
Trd, 4318489.093, 106
Trd, 4318489.493, 114
Trd, 4318490.243, 102
Trd, 4318492.193, 135
Trd, 4318493.043, 114
Trd, 4318494.543, 134
Trd, 4318494.643, 131
Trd, 4318494.943, 113
Trd, 4318495.243, 139
Trd, 4318495.393, 112
Trd, 4318496.243, 83
Trd, 4318499.443, 88
Trd, 4318500.043, 67
Trd, 4318501.243, 117
Trd, 4318501.493, 119
Trd, 4318502.193, 87
Trd, 4318502.343, 86
Trd, 4318503.243, 87
Trd, 4318504.043, 83
Trd, 4318504.743, 104
Trd, 4318506.443, 115
Trd, 4318507.743, 135
Trd, 4318508.143, 139
Trd, 4318508.343, 90
Trd, 4318508.743, 84
Trd, 4318510.443, 138
Trd, 4318510.593, 127
Trd, 4318510.643, 127
Trd, 4318510.693, 124
Trd, 4318511.243, 97
Trd, 4318511.943, 75
Trd, 4318512.593, 127
Trd, 4318513.293, 109
Trd, 4318513.593, 125
Trd, 4318513.893, 112
Trd, 4318516.193, 138
Trd, 4318516.843, 139
Trd, 4318517.193, 130
Trd, 4318518.593, 138
Trd, 4318518.743, 134
Trd, 4318519.943, 133
Trd, 4318520.093, 106
Trd, 4318520.543, 99
Trd, 4318520.693, 69
Trd, 4318520.893, 76
Trd, 4318521.543, 113
Trd, 4318521.793, 78
Trd, 4318522.193, 114
Trd, 4318523.443, 130
Trd, 4318523.843, 118
Trd, 4318524.343, 104
Trd, 4318524.893, 134
Trd, 4318525.743, 126
Trd, 4318526.543, 108
Trd, 4318526.793, 97
Trd, 4318528.443, 129
Trd, 4318530.143, 120
Trd, 4318530.193, 111
Trd, 4318531.443, 137
Trd, 4318531.843, 99
Trd, 4318532.093, 97
Trd, 4318532.243, 98
Trd, 4318532.993, 109
Trd, 4318533.843, 135
Trd, 4318533.893, 104
Trd, 4318537.993, 132
Trd, 4318538.843, 111
Trd, 4318539.193, 107
Trd, 4318539.493, 105
Trd, 4318540.393, 109
Trd, 4318540.743, 107
Trd, 4318541.843, 87
Trd, 4318542.393, 77
Trd, 4318543.093, 117
Trd, 4318544.343, 129
Trd, 4318544.943, 135
Trd, 4318545.493, 126
Trd, 4318545.743, 125
Trd, 4318545.993, 124
Trd, 4318546.843, 129
Trd, 4318547.293, 96
Trd, 4318547.943, 98
Trd, 4318549.293, 138
Trd, 4318550.243, 107
Trd, 4318551.193, 136
Trd, 4318551.793, 132
Trd, 4318552.343, 124
Trd, 4318554.043, 83
Trd, 4318555.293, 78
Trd, 4318556.343, 124
Trd, 4318556.993, 130
Trd, 4318557.393, 120
Trd, 4318558.643, 124
Trd, 4318559.043, 90
Trd, 4318559.293, 123
Trd, 4318560.143, 135
Trd, 4318561.243, 114
Trd, 4318561.743, 99
Trd, 4318562.343, 86
Trd, 4318563.243, 133
Trd, 4318563.743, 129
Trd, 4318564.193, 126
Trd, 4318564.943, 83
Trd, 4318565.743, 138
Trd, 4318566.343, 131
Trd, 4318568.143, 124
Trd, 4318569.693, 130
Trd, 4318569.793, 99
Trd, 4318570.243, 137
Trd, 4318570.693, 138
Trd, 4318571.393, 123
Trd, 4318572.793, 133
Trd, 4318573.993, 93
Trd, 4318574.993, 92
Trd, 4318575.593, 117
Trd, 4318576.693, 138
Trd, 4318577.343, 129
Trd, 4318578.643, 138
Trd, 4318579.243, 116
Trd, 4318580.193, 139
Trd, 4318580.943, 119
Trd, 4318580.993, 111
Trd, 4318581.293, 139
Trd, 4318582.193, 61
Trd, 4318582.593, 80
Trd, 4318583.343, 113
Trd, 4318583.393, 110
Trd, 4318584.943, 81
Trd, 4318585.743, 113
Trd, 4318585.943, 78
Trd, 4318586.843, 113
Trd, 4318587.743, 129
Trd, 4318587.943, 101
Trd, 4318589.093, 121
Trd, 4318590.093, 81
Trd, 4318590.443, 78
Trd, 4318590.693, 72
Trd, 4318591.693, 140
Trd, 4318592.943, 128
Trd, 4318594.493, 127
Trd, 4318595.093, 140
Trd, 4318595.843, 130
Trd, 4318596.143, 134
Trd, 4318596.693, 117
Trd, 4318596.793, 107
Trd, 4318597.693, 108
Trd, 4318599.893, 103
Trd, 4318599.943, 120
Trd, 4318601.293, 101
Trd, 4318602.343, 129
Trd, 4318602.543, 125
Trd, 4318602.943, 98
Trd, 4318603.993, 139
Trd, 4318604.443, 118
Trd, 4318604.793, 111
Trd, 4318606.143, 126
Trd, 4318606.693, 97
Trd, 4318607.093, 140
Trd, 4318607.743, 101
Trd, 4318607.993, 76
Trd, 4318609.593, 61
Trd, 4318610.743, 89
Trd, 4318610.843, 79
Trd, 4318611.493, 78
Trd, 4318611.793, 140
Trd, 4318614.443, 134
Trd, 4318615.093, 125
Trd, 4318615.543, 123
Trd, 4318615.593, 126
Trd, 4318615.643, 96
Trd, 4318616.343, 85
Trd, 4318617.143, 60
Trd, 4318617.743, 92
Trd, 4318618.693, 132
Trd, 4318620.993, 129
Trd, 4318621.143, 124
Trd, 4318621.793, 108
Trd, 4318621.943, 112
Trd, 4318622.493, 105
Trd, 4318622.643, 77
Trd, 4318623.843, 134
Trd, 4318623.993, 132
Trd, 4318625.193, 132
Trd, 4318625.793, 99
Trd, 4318625.943, 122
Trd, 4318627.743, 76
Trd, 4318628.943, 92
Trd, 4318629.043, 71
Trd, 4318629.243, 107
Trd, 4318629.343, 71
Trd, 4318631.543, 63
Trd, 4318632.743, 128
Trd, 4318633.193, 140
Trd, 4318633.593, 88
Trd, 4318634.443, 100
Trd, 4318635.543, 95
Trd, 4318635.593, 92
Trd, 4318636.743, 87
Trd, 4318636.943, 69
Trd, 4318638.043, 64
Trd, 4318638.093, 74
Trd, 4318639.943, 126
Trd, 4318639.993, 122
Trd, 4318640.243, 85
Trd, 4318641.093, 113
Trd, 4318641.543, 80
Trd, 4318642.093, 103
Trd, 4318644.243, 104
Trd, 4318644.543, 80
Trd, 4318647.143, 128
Trd, 4318648.143, 124
Trd, 4318648.693, 116
Trd, 4318648.793, 111
Trd, 4318649.143, 127
Trd, 4318649.743, 122
Trd, 4318650.343, 131
Trd, 4318650.443, 116
Trd, 4318650.493, 92
Trd, 4318651.393, 91
Trd, 4318651.693, 93
Trd, 4318652.043, 63
Trd, 4318652.443, 87
Trd, 4318654.593, 106
Trd, 4318655.043, 84
Trd, 4318655.743, 131
Trd, 4318657.043, 135
Trd, 4318658.193, 131
Trd, 4318658.843, 99
Trd, 4318659.143, 88
Trd, 4318659.493, 94
Trd, 4318660.543, 99
Trd, 4318661.943, 74
Trd, 4318663.393, 115
Trd, 4318663.693, 88
Trd, 4318664.243, 105
Trd, 4318664.293, 136
Trd, 4318665.093, 112
Trd, 4318665.743, 72
Trd, 4318665.793, 88
Trd, 4318666.143, 96
Trd, 4318667.843, 67
Trd, 4318667.893, 70
Trd, 4318667.993, 119
Trd, 4318670.143, 87
Trd, 4318670.943, 128
Trd, 4318671.243, 105
Trd, 4318671.693, 104
Trd, 4318673.293, 124
Trd, 4318675.343, 111
Trd, 4318677.143, 123
Trd, 4318677.493, 105
Trd, 4318678.093, 111
Trd, 4318678.393, 106
Trd, 4318679.893, 121
Trd, 4318680.693, 117
Trd, 4318681.743, 88
Trd, 4318681.793, 98
Trd, 4318682.343, 90
Trd, 4318683.693, 123
Trd, 4318685.643, 139
Trd, 4318687.093, 140
Trd, 4318687.593, 128
Trd, 4318687.843, 125
Trd, 4318688.493, 116
Trd, 4318688.793, 111
Trd, 4318688.843, 103
Trd, 4318690.093, 109
Trd, 4318690.543, 108
Trd, 4318692.043, 134
Trd, 4318692.393, 101
Trd, 4318692.793, 116
Trd, 4318693.093, 97
Trd, 4318694.243, 128
Trd, 4318694.493, 126
Trd, 4318695.193, 124
Trd, 4318696.093, 127
Trd, 4318698.393, 115
Trd, 4318698.893, 119
Trd, 4318698.993, 114
Trd, 4318701.643, 119
Trd, 4318701.743, 115
Trd, 4318704.093, 117
Trd, 4318704.693, 85
Trd, 4318704.843, 114
Trd, 4318705.243, 122
Trd, 4318706.693, 117
Trd, 4318707.943, 122
Trd, 4318707.993, 118
Trd, 4318709.143, 130
Trd, 4318709.743, 126
Trd, 4318711.293, 129
Trd, 4318711.543, 125
Trd, 4318712.093, 96
Trd, 4318713.293, 124
Trd, 4318713.643, 123
Trd, 4318714.693, 139
Trd, 4318714.993, 135
Trd, 4318715.293, 106
Trd, 4318715.393, 102
Trd, 4318716.093, 64
Trd, 4318718.793, 133
Trd, 4318719.293, 97
Trd, 4318720.193, 121
Trd, 4318720.443, 107
Trd, 4318721.293, 114
Trd, 4318721.493, 108
Trd, 4318721.543, 108
Trd, 4318722.093, 93
Trd, 4318722.793, 128
Trd, 4318723.743, 90
Trd, 4318723.843, 86
Trd, 4318724.143, 99
Trd, 4318725.043, 109
Trd, 4318728.493, 140
Trd, 4318728.793, 135
Trd, 4318729.143, 128
Trd, 4318729.243, 119
Trd, 4318730.443, 137
Trd, 4318730.893, 133
Trd, 4318731.193, 133
Trd, 4318731.493, 110
Trd, 4318732.793, 129
Trd, 4318733.193, 107
Trd, 4318734.143, 125
Trd, 4318734.343, 127
Trd, 4318734.893, 134
Trd, 4318736.593, 114
Trd, 4318737.243, 124
Trd, 4318737.993, 132
Trd, 4318740.193, 107
Trd, 4318741.743, 133
Trd, 4318742.443, 131
Trd, 4318742.543, 129
Trd, 4318742.743, 140
Trd, 4318744.143, 89
Trd, 4318746.393, 123
Trd, 4318746.543, 123
Trd, 4318746.993, 134
Trd, 4318747.493, 121
Trd, 4318748.743, 119
Trd, 4318750.143, 113
Trd, 4318750.943, 135
Trd, 4318751.343, 131
Trd, 4318752.893, 124
Trd, 4318753.293, 122
Trd, 4318753.393, 120
Trd, 4318754.743, 138
Trd, 4318755.393, 126
Trd, 4318755.493, 119
Trd, 4318755.643, 105
Trd, 4318756.343, 131
Trd, 4318756.893, 132
Trd, 4318759.793, 113
Trd, 4318759.893, 133
Trd, 4318760.943, 111
Trd, 4318761.043, 99
Trd, 4318761.243, 126
Trd, 4318762.193, 81
Trd, 4318762.393, 79
Trd, 4318763.243, 133
Trd, 4318763.743, 129
Trd, 4318764.393, 98
Trd, 4318765.643, 129
Trd, 4318766.043, 111
Trd, 4318766.943, 138
Trd, 4318767.193, 106
Trd, 4318768.243, 102
Trd, 4318770.743, 130
Trd, 4318770.943, 128
Trd, 4318771.093, 128
Trd, 4318771.543, 132
Trd, 4318772.643, 135
Trd, 4318772.893, 113
Trd, 4318773.543, 100
Trd, 4318773.593, 94
Trd, 4318775.193, 110
Trd, 4318775.793, 129
Trd, 4318776.943, 122
Trd, 4318777.393, 114
Trd, 4318777.693, 103
Trd, 4318777.793, 105
Trd, 4318778.793, 90
Trd, 4318778.893, 86
Trd, 4318781.443, 113
Trd, 4318782.393, 118
Trd, 4318782.543, 115
Trd, 4318783.843, 125
Trd, 4318784.443, 132
Trd, 4318784.593, 95
Trd, 4318785.743, 138
Trd, 4318785.843, 136
Trd, 4318786.993, 130
Trd, 4318787.443, 114
Trd, 4318788.143, 116
Trd, 4318789.943, 65
Trd, 4318790.043, 68
Trd, 4318791.493, 135
Trd, 4318791.643, 131
Trd, 4318791.893, 101
Trd, 4318792.993, 117
Trd, 4318795.043, 135
Trd, 4318795.543, 121
Trd, 4318797.143, 139
Trd, 4318797.243, 126
Trd, 4318798.143, 91
Trd, 4318799.143, 139
Trd, 4318799.543, 119
Trd, 4318799.893, 120
Trd, 4318802.093, 137
Trd, 4318802.293, 134
Trd, 4318802.643, 100
Trd, 4318803.043, 99
Trd, 4318803.943, 83
Trd, 4318804.393, 106
Trd, 4318805.593, 140
Trd, 4318806.593, 122
Trd, 4318806.993, 122
Trd, 4318807.393, 97
Trd, 4318809.543, 138
Trd, 4318809.693, 132
Trd, 4318810.293, 140
Trd, 4318811.893, 138
Trd, 4318812.393, 134
Trd, 4318813.193, 107
Trd, 4318813.793, 118
Trd, 4318814.293, 111
Trd, 4318814.343, 94
Trd, 4318814.993, 95
Trd, 4318815.843, 140
Trd, 4318816.343, 110
Trd, 4318816.643, 100
Trd, 4318818.093, 130
Trd, 4318818.493, 124
Trd, 4318821.793, 124
Trd, 4318822.043, 139
Trd, 4318822.143, 120
Trd, 4318822.243, 116
Trd, 4318822.493, 105
Trd, 4318823.543, 138
Trd, 4318823.993, 131
Trd, 4318824.843, 129
Trd, 4318826.593, 135
Trd, 4318828.293, 138
Trd, 4318828.343, 135
Trd, 4318828.693, 132
Trd, 4318828.793, 106
Trd, 4318829.543, 101
Trd, 4318832.093, 135
Trd, 4318832.743, 110
Trd, 4318832.893, 117
Trd, 4318834.143, 112
Trd, 4318834.343, 102
Trd, 4318835.243, 102
Trd, 4318836.143, 133
Trd, 4318837.843, 113
Trd, 4318838.243, 128
Trd, 4318838.393, 124
Trd, 4318838.743, 140
Trd, 4318840.643, 134
Trd, 4318842.143, 134
Trd, 4318842.293, 130
Trd, 4318842.743, 107
Trd, 4318842.793, 105
Trd, 4318843.543, 101
Trd, 4318845.293, 68
Trd, 4318846.093, 74
Trd, 4318846.993, 88
Trd, 4318847.143, 70
Trd, 4318847.443, 89
Trd, 4318847.743, 70
Trd, 4318848.743, 134
Trd, 4318849.743, 124
Trd, 4318850.093, 120
Trd, 4318850.493, 105
Trd, 4318850.893, 135
Trd, 4318852.643, 113
Trd, 4318853.893, 113
Trd, 4318854.093, 99
Trd, 4318854.143, 118
Trd, 4318854.993, 120
Trd, 4318855.893, 104
Trd, 4318858.093, 127
Trd, 4318858.293, 123
Trd, 4318858.593, 115
Trd, 4318861.593, 135
Trd, 4318862.093, 102
Trd, 4318862.693, 90
Trd, 4318862.993, 100
Trd, 4318863.093, 131
Trd, 4318863.143, 86
Trd, 4318863.593, 132
Trd, 4318863.793, 84
Trd, 4318865.443, 140
Trd, 4318866.643, 121
Trd, 4318866.693, 107
Trd, 4318867.293, 98
Trd, 4318868.043, 135
Trd, 4318868.843, 93
Trd, 4318869.593, 128
Trd, 4318871.043, 137
Trd, 4318873.893, 138
Trd, 4318874.093, 134
Trd, 4318875.543, 139
Trd, 4318875.593, 126
Trd, 4318875.793, 118
Trd, 4318875.843, 106
Trd, 4318876.493, 89
Trd, 4318877.843, 124
Trd, 4318878.793, 92
Trd, 4318879.693, 121
Trd, 4318880.343, 84
Trd, 4318881.343, 80
Trd, 4318881.643, 103
Trd, 4318881.693, 81
Trd, 4318882.993, 132
Trd, 4318883.943, 114
Trd, 4318884.293, 140
Trd, 4318884.693, 129
Trd, 4318885.693, 128
Trd, 4318885.793, 127
Trd, 4318887.193, 139
Trd, 4318887.843, 117
Trd, 4318888.193, 109
Trd, 4318888.293, 84
Trd, 4318889.743, 104
Trd, 4318890.993, 96
Trd, 4318891.943, 128
Trd, 4318893.743, 124
Trd, 4318894.093, 119
Trd, 4318894.843, 129
Trd, 4318894.893, 110
Trd, 4318895.743, 136
Trd, 4318896.293, 123
Trd, 4318896.893, 119
Trd, 4318897.093, 122
Trd, 4318898.693, 138
Trd, 4318898.943, 136
Trd, 4318898.993, 97
Trd, 4318901.093, 120
Trd, 4318901.493, 128
Trd, 4318902.743, 138
Trd, 4318902.893, 134
Trd, 4318903.943, 138
Trd, 4318904.093, 139
Trd, 4318904.993, 120
Trd, 4318905.643, 119
Trd, 4318906.043, 86
Trd, 4318906.143, 104
Trd, 4318907.693, 140
Trd, 4318907.943, 99
Trd, 4318908.643, 81
Trd, 4318909.143, 104
Trd, 4318909.643, 75
Trd, 4318910.443, 77
Trd, 4318912.443, 108
Trd, 4318913.993, 128
Trd, 4318914.593, 114
Trd, 4318914.693, 110
Trd, 4318915.943, 99
Trd, 4318916.393, 96
Trd, 4318916.793, 125
Trd, 4318918.393, 130
Trd, 4318919.343, 129
Trd, 4318919.493, 113
Trd, 4318920.943, 133
Trd, 4318921.543, 140
Trd, 4318922.643, 111
Trd, 4318923.093, 121
Trd, 4318923.143, 120
Trd, 4318924.193, 117
Trd, 4318924.393, 121
Trd, 4318924.493, 105
Trd, 4318926.643, 102
Trd, 4318926.743, 103
Trd, 4318927.793, 126
Trd, 4318928.893, 133
Trd, 4318931.243, 116
Trd, 4318931.693, 134
Trd, 4318931.743, 120
Trd, 4318932.243, 136
Trd, 4318934.143, 104
Trd, 4318934.443, 116
Trd, 4318935.543, 119
Trd, 4318936.093, 133
Trd, 4318937.343, 138
Trd, 4318937.993, 116
Trd, 4318938.693, 128
Trd, 4318938.743, 127
Trd, 4318939.743, 88
Trd, 4318940.743, 139
Trd, 4318941.893, 136
Trd, 4318941.993, 128
Trd, 4318942.343, 124
Trd, 4318943.193, 107
Trd, 4318943.643, 104
Trd, 4318944.043, 114
Trd, 4318946.893, 124
Trd, 4318947.043, 110
Trd, 4318948.693, 122
Trd, 4318948.743, 119
Trd, 4318950.293, 130
Trd, 4318950.593, 120
Trd, 4318951.943, 123
Trd, 4318953.493, 103
Trd, 4318954.893, 136
Trd, 4318954.943, 133
Trd, 4318955.893, 117
Trd, 4318956.693, 85
Trd, 4318956.993, 78
Trd, 4318959.143, 122
Trd, 4318959.943, 113
Trd, 4318960.143, 130
Trd, 4318960.443, 120
Trd, 4318960.743, 117
Trd, 4318961.243, 140
Trd, 4318961.693, 120
Trd, 4318963.493, 115
Trd, 4318964.843, 113
Trd, 4318965.443, 110
Trd, 4318965.693, 94
Trd, 4318966.093, 91
Trd, 4318966.143, 90
Trd, 4318966.643, 98
Trd, 4318967.293, 135
Trd, 4318967.643, 126
Trd, 4318968.793, 113
Trd, 4318969.443, 85
Trd, 4318970.243, 91
Trd, 4318970.743, 132
Trd, 4318971.443, 130
Trd, 4318972.293, 100
Trd, 4318972.693, 83
Trd, 4318974.043, 137
Trd, 4318975.343, 132
Trd, 4318976.093, 140
Trd, 4318976.493, 131
Trd, 4318978.543, 129
Trd, 4318978.643, 121
Trd, 4318979.493, 128
Trd, 4318980.243, 124
Trd, 4318980.343, 105
Trd, 4318980.493, 103
Trd, 4318981.743, 105
Trd, 4318982.543, 123
Trd, 4318983.843, 140
Trd, 4318983.893, 134
Trd, 4318984.093, 104
Trd, 4318985.943, 109
Trd, 4318986.193, 117
Trd, 4318986.493, 72
Trd, 4318986.943, 137
Trd, 4318986.993, 61
Trd, 4318987.643, 110
Trd, 4318988.993, 138
Trd, 4318989.793, 123
Trd, 4318991.143, 90
Trd, 4318992.243, 85
Trd, 4318992.493, 110
Trd, 4318992.543, 93
Trd, 4318995.093, 131
Trd, 4318995.143, 130
Trd, 4318996.443, 117
Trd, 4318996.543, 86
Trd, 4318996.693, 70
Trd, 4318997.893, 109
Trd, 4318997.943, 106
Trd, 4318999.793, 112
Trd, 4319000.043, 91
Trd, 4319000.293, 81
Trd, 4319001.693, 94
Trd, 4319002.993, 101
Trd, 4319003.143, 97
Trd, 4319004.443, 115
Trd, 4319004.693, 110
Trd, 4319005.343, 100
Trd, 4319006.043, 132
Trd, 4319006.493, 123
Trd, 4319007.143, 140
Trd, 4319008.593, 135
Trd, 4319008.793, 131
Trd, 4319009.293, 129
Trd, 4319009.743, 117
Trd, 4319011.393, 114
Trd, 4319011.743, 92
Trd, 4319012.143, 75
Trd, 4319013.193, 99
Trd, 4319014.343, 104
Trd, 4319015.743, 99
Trd, 4319016.393, 140
Trd, 4319017.393, 125
Trd, 4319017.443, 77
Trd, 4319017.693, 120
Trd, 4319018.043, 85
Trd, 4319019.093, 86
Trd, 4319019.343, 104
Trd, 4319019.543, 116
Trd, 4319020.293, 104
Trd, 4319022.043, 136
Trd, 4319022.443, 132
Trd, 4319022.693, 121
Trd, 4319025.643, 135
Trd, 4319025.793, 131
Trd, 4319026.893, 130
Trd, 4319027.943, 140
Trd, 4319028.093, 119
Trd, 4319028.493, 83
Trd, 4319029.193, 80
Trd, 4319030.593, 89
Trd, 4319030.843, 93
Trd, 4319031.443, 122
Trd, 4319031.993, 115
Trd, 4319032.543, 135
Trd, 4319033.393, 127
Trd, 4319033.493, 112
Trd, 4319034.343, 117
Trd, 4319035.093, 125
Trd, 4319035.393, 123
Trd, 4319035.893, 112
Trd, 4319036.843, 102
Trd, 4319037.093, 97
Trd, 4319037.543, 87
Trd, 4319038.293, 106
Trd, 4319039.193, 140
Trd, 4319039.343, 131
Trd, 4319039.643, 126
Trd, 4319039.993, 140
Trd, 4319042.843, 118
Trd, 4319043.143, 112
Trd, 4319045.043, 106
Trd, 4319045.343, 125
Trd, 4319046.293, 140
Trd, 4319046.393, 123
Trd, 4319046.793, 135
Trd, 4319046.843, 126
Trd, 4319046.993, 119
Trd, 4319048.493, 137
Trd, 4319048.943, 133
Trd, 4319051.093, 114
Trd, 4319052.093, 123
Trd, 4319052.643, 117
Trd, 4319052.793, 135
Trd, 4319054.343, 139
Trd, 4319054.943, 114
Trd, 4319055.593, 107
Trd, 4319055.843, 92
Trd, 4319056.693, 127
Trd, 4319057.243, 123
Trd, 4319058.093, 93
Trd, 4319058.943, 128
Trd, 4319059.593, 116
Trd, 4319060.543, 137
Trd, 4319061.093, 99
Trd, 4319061.393, 96
Trd, 4319063.693, 113
Trd, 4319063.743, 113
Trd, 4319064.943, 84
Trd, 4319065.743, 78
Trd, 4319066.443, 133
Trd, 4319067.193, 129
Trd, 4319067.243, 108
Trd, 4319067.293, 100
Trd, 4319068.393, 125
Trd, 4319068.843, 115
Trd, 4319070.693, 79
Trd, 4319071.193, 132
Trd, 4319071.893, 63
Trd, 4319072.993, 62
Trd, 4319073.293, 94
Trd, 4319074.243, 91
Trd, 4319074.693, 76
Trd, 4319075.493, 140
Trd, 4319075.893, 140
Trd, 4319077.393, 98
Trd, 4319077.493, 96
Trd, 4319079.743, 134
Trd, 4319080.093, 132
Trd, 4319081.293, 94
Trd, 4319081.743, 92
Trd, 4319083.093, 91
Trd, 4319083.443, 125
Trd, 4319084.243, 131
Trd, 4319084.443, 127
Trd, 4319086.743, 118
Trd, 4319087.493, 122
Trd, 4319088.093, 120
Trd, 4319088.593, 134
Trd, 4319089.843, 137
Trd, 4319090.043, 133
Trd, 4319090.093, 118
Trd, 4319090.393, 116
Trd, 4319090.493, 107
Trd, 4319093.193, 138
Trd, 4319093.643, 120
Trd, 4319093.743, 113
Trd, 4319095.243, 139
Trd, 4319095.293, 135
Trd, 4319096.143, 114
Trd, 4319096.893, 105
Trd, 4319097.493, 125
Trd, 4319097.943, 87
Trd, 4319099.793, 131
Trd, 4319100.543, 129
Trd, 4319100.593, 98
Trd, 4319101.293, 140
Trd, 4319101.643, 73
Trd, 4319102.643, 117
Trd, 4319103.443, 139
Trd, 4319103.993, 107
Trd, 4319106.193, 138
Trd, 4319107.243, 125
Trd, 4319108.143, 131
Trd, 4319108.293, 128
Trd, 4319109.543, 128
Trd, 4319109.593, 124
Trd, 4319110.193, 114
Trd, 4319110.343, 93
Trd, 4319111.843, 98
Trd, 4319112.693, 124
Trd, 4319113.343, 116
Trd, 4319114.093, 132
Trd, 4319114.493, 140
Trd, 4319115.343, 109
Trd, 4319116.443, 90
Trd, 4319116.593, 107
Trd, 4319117.643, 123
Trd, 4319117.893, 110
Trd, 4319118.043, 107
Trd, 4319120.493, 125
Trd, 4319121.193, 135
Trd, 4319121.443, 139
Trd, 4319121.943, 135
Trd, 4319123.043, 101
Trd, 4319123.893, 98
Trd, 4319124.293, 96
Trd, 4319125.143, 136
Trd, 4319125.493, 120
Trd, 4319125.593, 119
Trd, 4319126.693, 140
Trd, 4319126.893, 124
Trd, 4319128.093, 115
Trd, 4319128.293, 113
Trd, 4319128.393, 75
Trd, 4319129.393, 112
Trd, 4319130.793, 111
Trd, 4319131.193, 99
Trd, 4319132.743, 140
Trd, 4319133.743, 131
Trd, 4319134.643, 137
Trd, 4319135.193, 123
Trd, 4319136.293, 116
Trd, 4319136.443, 127
Trd, 4319137.293, 97
Trd, 4319137.593, 93
Trd, 4319138.793, 134
Trd, 4319139.293, 127
Trd, 4319141.543, 140
Trd, 4319143.693, 127
Trd, 4319144.043, 118
Trd, 4319144.243, 137
Trd, 4319144.943, 139
Trd, 4319145.543, 125
Trd, 4319145.643, 115
Trd, 4319146.543, 131
Trd, 4319147.193, 137
Trd, 4319148.093, 115
Trd, 4319148.343, 113
Trd, 4319148.693, 89
Trd, 4319149.943, 137
Trd, 4319151.143, 137
Trd, 4319151.593, 123
Trd, 4319152.093, 114
Trd, 4319153.743, 110
Trd, 4319154.993, 102
Trd, 4319155.643, 115
Trd, 4319156.543, 105
Trd, 4319157.393, 106
Trd, 4319157.843, 88
Trd, 4319157.893, 69
Trd, 4319158.443, 134
Trd, 4319159.043, 78
Trd, 4319159.643, 73
Trd, 4319159.793, 75
Trd, 4319160.843, 132
Trd, 4319161.343, 118
Trd, 4319161.793, 74
Trd, 4319161.993, 81
Trd, 4319163.593, 96
Trd, 4319164.393, 63
Trd, 4319165.143, 123
Trd, 4319165.293, 69
Trd, 4319166.393, 104
Trd, 4319167.193, 94
Trd, 4319168.443, 107
Trd, 4319169.993, 128
Trd, 4319171.343, 117
Trd, 4319171.543, 105
Trd, 4319172.043, 134
Trd, 4319172.443, 134
Trd, 4319174.643, 108
Trd, 4319175.193, 97
Trd, 4319175.293, 79
Trd, 4319175.893, 79
Trd, 4319176.143, 130
Trd, 4319177.743, 74
Trd, 4319177.993, 70
Trd, 4319178.543, 68
Trd, 4319180.343, 90
Trd, 4319180.643, 102
Trd, 4319181.143, 117
Trd, 4319181.243, 98
Trd, 4319182.093, 103
Trd, 4319182.493, 91
Trd, 4319183.443, 88
Trd, 4319184.693, 92
Trd, 4319185.143, 87
Trd, 4319185.543, 118
Trd, 4319186.693, 132
Trd, 4319187.393, 123
Trd, 4319187.843, 123
Trd, 4319187.993, 119
Trd, 4319188.693, 89
Trd, 4319188.743, 86
Trd, 4319190.293, 114
Trd, 4319190.993, 84
Trd, 4319192.493, 132
Trd, 4319194.343, 120
Trd, 4319195.593, 125
Trd, 4319196.043, 119
Trd, 4319196.093, 99
Trd, 4319197.043, 124
Trd, 4319197.543, 116
Trd, 4319198.343, 131
Trd, 4319198.493, 111
Trd, 4319200.193, 135
Trd, 4319200.893, 133
Trd, 4319202.693, 135
Trd, 4319202.793, 129
Trd, 4319203.093, 128
Trd, 4319203.243, 121
Trd, 4319205.443, 138
Trd, 4319205.543, 134
Trd, 4319205.593, 131
Trd, 4319206.343, 132
Trd, 4319206.843, 119
Trd, 4319207.943, 125
Trd, 4319209.493, 105
Trd, 4319210.243, 95
Trd, 4319210.493, 110
Trd, 4319211.143, 123
Trd, 4319212.343, 137
Trd, 4319212.543, 88
Trd, 4319214.343, 139
Trd, 4319214.693, 98
Trd, 4319216.943, 140
Trd, 4319217.393, 132
Trd, 4319217.793, 138
Trd, 4319217.893, 124
Trd, 4319218.993, 110
Trd, 4319220.043, 89
Trd, 4319220.393, 84
Trd, 4319222.543, 132
Trd, 4319222.843, 100
Trd, 4319224.393, 128
Trd, 4319224.943, 131
Trd, 4319225.243, 139
Trd, 4319226.193, 133
Trd, 4319226.693, 118
Trd, 4319227.643, 123
Trd, 4319228.243, 117
Trd, 4319228.893, 127
Trd, 4319229.493, 112
Trd, 4319230.443, 105
Trd, 4319231.293, 140
Trd, 4319232.343, 130
Trd, 4319232.893, 139
Trd, 4319233.793, 118
Trd, 4319233.893, 94
Trd, 4319235.193, 117
Trd, 4319235.293, 79
Trd, 4319238.193, 139
Trd, 4319238.443, 138
Trd, 4319238.493, 124
Trd, 4319240.743, 133
Trd, 4319240.843, 122
Trd, 4319242.193, 121
Trd, 4319242.943, 107
Trd, 4319243.243, 138
Trd, 4319243.843, 104
Trd, 4319245.193, 101
Trd, 4319246.193, 131
Trd, 4319246.493, 134
Trd, 4319246.693, 127
Trd, 4319247.343, 127
Trd, 4319250.443, 140
Trd, 4319252.193, 107
Trd, 4319252.443, 104
Trd, 4319253.643, 105
Trd, 4319253.693, 95
Trd, 4319254.493, 140
Trd, 4319254.843, 129
Trd, 4319256.293, 86
Trd, 4319257.143, 74
Trd, 4319257.593, 64
Trd, 4319259.293, 121
Trd, 4319259.693, 135
Trd, 4319259.843, 107
Trd, 4319260.093, 104
Trd, 4319260.943, 130
Trd, 4319261.643, 140
Trd, 4319263.043, 132
Trd, 4319263.993, 125
Trd, 4319264.243, 111
Trd, 4319264.493, 106
Trd, 4319266.743, 137
Trd, 4319267.193, 124
Trd, 4319268.243, 134
Trd, 4319269.043, 140
Trd, 4319270.443, 113
Trd, 4319271.043, 133
Trd, 4319271.143, 129
Trd, 4319273.293, 99
Trd, 4319273.393, 116
Trd, 4319273.693, 80
Trd, 4319274.943, 105
Trd, 4319275.243, 100
Trd, 4319275.493, 97
Trd, 4319276.393, 114
Trd, 4319276.443, 69
Trd, 4319277.743, 99
Trd, 4319278.743, 126
Trd, 4319279.543, 75
Trd, 4319279.643, 129
Trd, 4319279.893, 137
Trd, 4319281.343, 116
Trd, 4319281.593, 114
Trd, 4319283.443, 133
Trd, 4319283.543, 115
Trd, 4319284.043, 110
Trd, 4319284.793, 140
Trd, 4319285.743, 116
Trd, 4319286.093, 99
Trd, 4319287.493, 131
Trd, 4319287.893, 85
Trd, 4319287.943, 77
Trd, 4319288.343, 93
Trd, 4319290.443, 129
Trd, 4319290.743, 100
Trd, 4319292.643, 140
Trd, 4319293.443, 128
Trd, 4319293.943, 131
Trd, 4319294.643, 123
Trd, 4319296.343, 140
Trd, 4319296.643, 129
Trd, 4319297.343, 113
Trd, 4319297.493, 83
Trd, 4319297.993, 92
Trd, 4319298.543, 125
Trd, 4319299.543, 123
Trd, 4319301.443, 117
Trd, 4319302.693, 139
Trd, 4319302.743, 135
Trd, 4319303.943, 96
Trd, 4319304.543, 114
Trd, 4319305.543, 128
Trd, 4319305.743, 109
Trd, 4319307.093, 128
Trd, 4319307.193, 124
Trd, 4319307.643, 129
Trd, 4319309.493, 99
Trd, 4319309.743, 104
Trd, 4319310.493, 77
Trd, 4319310.843, 131
Trd, 4319312.093, 127
Trd, 4319312.343, 140
Trd, 4319312.493, 112
Trd, 4319313.543, 73
Trd, 4319314.343, 105
Trd, 4319317.893, 136
Trd, 4319318.043, 129
Trd, 4319318.093, 127
Trd, 4319318.343, 122
Trd, 4319318.793, 137
Trd, 4319320.893, 133
Trd, 4319321.043, 122
Trd, 4319321.393, 132
Trd, 4319321.743, 117
Trd, 4319321.843, 100
Trd, 4319322.193, 60
Trd, 4319325.093, 128
Trd, 4319325.693, 133
Trd, 4319325.743, 129
Trd, 4319326.693, 130
Trd, 4319327.343, 131
Trd, 4319327.643, 107
Trd, 4319329.393, 128
Trd, 4319330.393, 94
Trd, 4319331.743, 123
Trd, 4319331.993, 115
Trd, 4319332.293, 118
Trd, 4319333.393, 117
Trd, 4319333.793, 89
Trd, 4319334.043, 88
Trd, 4319334.393, 80
Trd, 4319336.993, 121
Trd, 4319337.443, 121
Trd, 4319337.743, 117
Trd, 4319338.193, 107
Trd, 4319341.893, 137
Trd, 4319342.243, 127
Trd, 4319342.693, 134
Trd, 4319343.043, 123
Trd, 4319343.343, 106
Trd, 4319343.693, 106
Trd, 4319344.343, 90
Trd, 4319345.293, 84
Trd, 4319346.093, 78
Trd, 4319346.993, 82
Trd, 4319347.143, 104
Trd, 4319348.243, 60
Trd, 4319348.393, 65
Trd, 4319348.443, 102
Trd, 4319348.843, 115
Trd, 4319349.593, 66
Trd, 4319350.193, 61
Trd, 4319351.743, 133
Trd, 4319353.493, 140
Trd, 4319353.693, 94
Trd, 4319354.293, 99
Trd, 4319355.143, 126
Trd, 4319355.693, 72
Trd, 4319356.193, 107
Trd, 4319358.143, 135
Trd, 4319358.493, 135
Trd, 4319359.893, 125
Trd, 4319360.743, 129
Trd, 4319361.293, 122
Trd, 4319361.643, 116
Trd, 4319361.693, 125
Trd, 4319361.893, 98
Trd, 4319363.893, 126
Trd, 4319364.143, 109
Trd, 4319364.193, 102
Trd, 4319365.643, 116
Trd, 4319366.393, 99
Trd, 4319367.143, 117
Trd, 4319367.443, 71
Trd, 4319368.693, 124
Trd, 4319368.743, 108
Trd, 4319369.743, 138
Trd, 4319370.093, 117
Trd, 4319370.193, 137
Trd, 4319372.393, 133
Trd, 4319373.543, 137
Trd, 4319374.543, 114
Trd, 4319375.393, 126
Trd, 4319376.243, 138
Trd, 4319376.493, 110
Trd, 4319376.543, 107
Trd, 4319378.193, 120
Trd, 4319379.043, 109
Trd, 4319380.943, 104
Trd, 4319381.593, 135
Trd, 4319382.443, 138
Trd, 4319383.043, 133
Trd, 4319383.243, 125
Trd, 4319384.093, 118
Trd, 4319384.593, 119
Trd, 4319384.993, 99
Trd, 4319385.843, 127
Trd, 4319386.143, 92
Trd, 4319386.893, 115
Trd, 4319386.993, 111
Trd, 4319388.493, 138
Trd, 4319388.593, 116
Trd, 4319389.193, 79
Trd, 4319389.393, 87
Trd, 4319389.493, 74
Trd, 4319390.993, 80
Trd, 4319391.593, 90
Trd, 4319392.043, 70
Trd, 4319392.243, 104
Trd, 4319394.243, 138
Trd, 4319395.143, 139
Trd, 4319395.393, 105
Trd, 4319395.543, 84
Trd, 4319396.243, 78
Trd, 4319398.043, 98
Trd, 4319399.393, 110
Trd, 4319399.593, 92
Trd, 4319400.543, 84
Trd, 4319400.643, 99
Trd, 4319400.743, 78
Trd, 4319401.843, 108
Trd, 4319402.343, 117
Trd, 4319402.493, 90
Trd, 4319403.743, 130
Trd, 4319403.843, 100
Trd, 4319406.643, 137
Trd, 4319406.743, 137
Trd, 4319407.093, 133
Trd, 4319408.893, 122
Trd, 4319408.993, 110
Trd, 4319409.543, 102
Trd, 4319410.743, 94
Trd, 4319410.843, 106
Trd, 4319410.893, 81
Trd, 4319411.643, 120
Trd, 4319411.793, 117
Trd, 4319414.643, 134
Trd, 4319415.393, 132
Trd, 4319415.843, 128
Trd, 4319417.243, 133
Trd, 4319417.443, 127
Trd, 4319417.493, 100
Trd, 4319418.293, 130
Trd, 4319419.143, 140
Trd, 4319419.493, 135
Trd, 4319422.443, 107
Trd, 4319422.743, 90
Trd, 4319422.843, 110
Trd, 4319423.393, 117
Trd, 4319423.993, 132
Trd, 4319425.443, 109
Trd, 4319425.843, 94
Trd, 4319426.293, 133
Trd, 4319426.943, 130
Trd, 4319427.643, 124
Trd, 4319427.843, 116
Trd, 4319428.043, 131
Trd, 4319428.393, 72
Trd, 4319429.443, 110
Trd, 4319430.243, 100
Trd, 4319431.993, 139
Trd, 4319432.043, 123
Trd, 4319433.143, 99
Trd, 4319433.593, 138
Trd, 4319434.543, 117
Trd, 4319434.643, 117
Trd, 4319435.293, 114
Trd, 4319436.093, 131
Trd, 4319438.043, 126
Trd, 4319438.993, 132
Trd, 4319439.893, 100
Trd, 4319440.443, 118
Trd, 4319440.493, 95
Trd, 4319441.843, 127
Trd, 4319441.943, 127
Trd, 4319442.393, 115
Trd, 4319444.243, 114
Trd, 4319444.393, 111
Trd, 4319445.393, 121
Trd, 4319447.493, 114
Trd, 4319447.893, 111
Trd, 4319448.593, 139
Trd, 4319449.293, 137
Trd, 4319449.643, 129
Trd, 4319451.093, 74
Trd, 4319451.143, 79
Trd, 4319453.643, 137
Trd, 4319454.243, 140
Trd, 4319454.643, 122
Trd, 4319455.293, 136
Trd, 4319455.643, 121
Trd, 4319456.443, 129
Trd, 4319457.693, 118
Trd, 4319458.393, 123
Trd, 4319458.843, 103
Trd, 4319458.943, 112
Trd, 4319459.893, 103
Trd, 4319461.393, 129
Trd, 4319462.343, 128
Trd, 4319463.743, 120
Trd, 4319464.243, 116
Trd, 4319464.643, 114
Trd, 4319464.843, 111
Trd, 4319465.093, 101
Trd, 4319467.293, 136
Trd, 4319467.493, 135
Trd, 4319467.593, 110
Trd, 4319468.293, 123
Trd, 4319468.393, 75
Trd, 4319468.993, 86
Trd, 4319469.143, 103
Trd, 4319470.493, 87
Trd, 4319470.943, 91
Trd, 4319473.193, 60
Trd, 4319474.593, 77
Trd, 4319475.193, 126
Trd, 4319475.393, 73
Trd, 4319476.143, 101
Trd, 4319477.343, 136
Trd, 4319478.893, 127
Trd, 4319479.143, 127
Trd, 4319479.343, 126
Trd, 4319480.093, 138
Trd, 4319480.743, 140
Trd, 4319481.093, 105
Trd, 4319481.893, 82
Trd, 4319483.743, 131
Trd, 4319484.643, 124
Trd, 4319485.143, 120
Trd, 4319487.393, 129
Trd, 4319487.693, 100
Trd, 4319488.843, 126
Trd, 4319489.143, 124
Trd, 4319489.743, 123
Trd, 4319490.493, 110
Trd, 4319492.293, 126
Trd, 4319492.943, 104
Trd, 4319492.993, 101
Trd, 4319493.943, 140
Trd, 4319494.193, 100
Trd, 4319494.293, 92
Trd, 4319495.543, 139
Trd, 4319496.043, 128
Trd, 4319498.593, 90
Trd, 4319498.693, 97
Trd, 4319498.843, 103
Trd, 4319500.943, 122
Trd, 4319501.293, 138
Trd, 4319501.893, 126
Trd, 4319503.143, 125
Trd, 4319504.143, 129
Trd, 4319504.343, 128
Trd, 4319505.993, 117
Trd, 4319506.293, 116
Trd, 4319506.893, 114
Trd, 4319507.193, 99
Trd, 4319507.343, 107
Trd, 4319507.743, 95
Trd, 4319509.393, 91
Trd, 4319509.693, 89
Trd, 4319511.243, 107
Trd, 4319511.543, 116
Trd, 4319512.843, 140
Trd, 4319512.893, 132
Trd, 4319513.193, 113
Trd, 4319515.293, 107
Trd, 4319515.693, 97
Trd, 4319516.393, 90
Trd, 4319518.143, 104
Trd, 4319518.843, 103
Trd, 4319519.593, 119
Trd, 4319519.643, 113
Trd, 4319520.043, 113
Trd, 4319520.843, 101
Trd, 4319521.093, 122
Trd, 4319521.993, 120
Trd, 4319523.643, 136
Trd, 4319525.443, 131
Trd, 4319525.493, 129
Trd, 4319526.743, 140
Trd, 4319526.893, 135
Trd, 4319527.593, 137
Trd, 4319529.743, 138
Trd, 4319530.243, 118
Trd, 4319530.593, 124
Trd, 4319531.993, 80
Trd, 4319532.693, 70
Trd, 4319535.593, 113
Trd, 4319536.343, 135
Trd, 4319536.593, 106
Trd, 4319536.993, 121
Trd, 4319537.993, 132
Trd, 4319538.343, 94
Trd, 4319538.943, 75
Trd, 4319539.243, 90
Trd, 4319539.843, 106
Trd, 4319541.693, 65
Trd, 4319543.093, 137
Trd, 4319543.393, 118
Trd, 4319543.743, 87
Trd, 4319545.443, 119
Trd, 4319545.793, 119
Trd, 4319547.093, 130
Trd, 4319547.343, 130
Trd, 4319547.943, 123
Trd, 4319548.643, 103
Trd, 4319549.443, 104
Trd, 4319550.693, 104
Trd, 4319550.843, 101
Trd, 4319551.093, 118
Trd, 4319551.993, 123
Trd, 4319553.243, 131
Trd, 4319554.243, 96
Trd, 4319555.443, 138
Trd, 4319555.493, 134
Trd, 4319556.743, 114
Trd, 4319557.043, 108
Trd, 4319557.693, 87
Trd, 4319559.543, 120
Trd, 4319560.193, 116
Trd, 4319560.293, 98
Trd, 4319561.193, 95
Trd, 4319561.393, 130
Trd, 4319562.193, 126
Trd, 4319562.343, 99
Trd, 4319562.993, 96
Trd, 4319563.793, 92
Trd, 4319564.443, 110
Trd, 4319566.843, 124
Trd, 4319567.043, 95
Trd, 4319567.543, 118
Trd, 4319567.693, 84
Trd, 4319567.793, 127
Trd, 4319569.493, 116
Trd, 4319569.643, 113
Trd, 4319572.243, 108
Trd, 4319572.393, 105
Trd, 4319573.043, 130
Trd, 4319573.243, 92
Trd, 4319573.493, 79
Trd, 4319574.093, 119
Trd, 4319575.693, 127
Trd, 4319576.193, 97
Trd, 4319576.943, 140
Trd, 4319577.893, 138
Trd, 4319578.043, 133
Trd, 4319578.443, 129
Trd, 4319580.593, 113
Trd, 4319580.643, 107
Trd, 4319580.693, 100
Trd, 4319581.543, 76
Trd, 4319582.793, 132
Trd, 4319583.043, 125
Trd, 4319584.193, 115
Trd, 4319584.643, 111
Trd, 4319586.543, 121
Trd, 4319586.593, 117
Trd, 4319586.743, 128
Trd, 4319587.243, 140
Trd, 4319587.893, 108
Trd, 4319588.543, 100
Trd, 4319589.843, 140
Trd, 4319590.143, 132
Trd, 4319591.343, 116
Trd, 4319591.893, 113
Trd, 4319592.593, 105
Trd, 4319592.893, 125
Trd, 4319593.943, 138
Trd, 4319594.493, 138
Trd, 4319595.693, 130
Trd, 4319596.393, 122
Trd, 4319596.893, 120
Trd, 4319598.043, 126
Trd, 4319598.093, 102
Trd, 4319598.493, 114
Trd, 4319599.193, 99
Trd, 4319599.843, 132
Trd, 4319600.193, 131
Trd, 4319600.343, 120
Trd, 4319601.643, 127
Trd, 4319603.493, 137
Trd, 4319603.593, 136
Trd, 4319604.443, 103
Trd, 4319604.993, 84
Trd, 4319606.493, 108
Trd, 4319606.593, 123
Trd, 4319606.643, 107
Trd, 4319607.643, 86
Trd, 4319608.493, 121
Trd, 4319609.793, 124
Trd, 4319610.693, 135
Trd, 4319610.743, 123
Trd, 4319611.943, 116
Trd, 4319612.593, 140
Trd, 4319614.643, 115
Trd, 4319614.793, 84
Trd, 4319615.293, 75
Trd, 4319615.943, 80
Trd, 4319617.443, 139
Trd, 4319618.743, 131
Trd, 4319619.143, 127
Trd, 4319619.543, 124
Trd, 4319620.593, 130
Trd, 4319621.943, 126
Trd, 4319622.093, 103
Trd, 4319622.443, 113
Trd, 4319623.293, 128
Trd, 4319624.143, 117
Trd, 4319624.293, 98
Trd, 4319625.543, 137
Trd, 4319626.793, 132
Trd, 4319627.093, 119
Trd, 4319627.843, 118
Trd, 4319628.493, 106
Trd, 4319629.843, 140
Trd, 4319630.093, 97
Trd, 4319630.593, 94
Trd, 4319631.293, 82
Trd, 4319632.693, 118
Trd, 4319634.743, 138
Trd, 4319635.043, 134
Trd, 4319635.343, 134
Trd, 4319637.293, 117
Trd, 4319637.643, 112
Trd, 4319637.793, 99
Trd, 4319639.993, 106
Trd, 4319641.193, 138
Trd, 4319641.893, 122
Trd, 4319642.093, 140
Trd, 4319642.843, 114
Trd, 4319643.693, 129
Trd, 4319644.743, 122
Trd, 4319645.793, 121
Trd, 4319646.743, 132
Trd, 4319647.743, 106
Trd, 4319648.593, 101
Trd, 4319649.393, 109
Trd, 4319650.293, 123
Trd, 4319650.393, 119
Trd, 4319650.743, 98
Trd, 4319651.043, 123
Trd, 4319653.193, 80
Trd, 4319654.243, 84
Trd, 4319654.993, 125
Trd, 4319655.293, 121
Trd, 4319655.443, 140
Trd, 4319656.643, 129
Trd, 4319658.493, 134
Trd, 4319658.993, 127
Trd, 4319659.043, 117
Trd, 4319659.693, 137
Trd, 4319660.293, 105
Trd, 4319661.593, 114
Trd, 4319662.193, 80
Trd, 4319663.293, 114
Trd, 4319663.843, 97
Trd, 4319664.593, 135
Trd, 4319664.643, 102
Trd, 4319665.693, 75
Trd, 4319666.193, 69
Trd, 4319668.343, 135
Trd, 4319668.843, 134
Trd, 4319670.143, 118
Trd, 4319670.393, 128
Trd, 4319670.643, 136
Trd, 4319671.293, 132
Trd, 4319673.293, 107
Trd, 4319673.443, 117
Trd, 4319673.943, 89
Trd, 4319674.493, 88
Trd, 4319675.043, 106
Trd, 4319675.693, 95
Trd, 4319675.793, 87
Trd, 4319677.693, 132
Trd, 4319678.193, 128
Trd, 4319678.693, 125
Trd, 4319679.293, 124
Trd, 4319679.443, 104
Trd, 4319682.043, 105
Trd, 4319682.143, 108
Trd, 4319682.793, 106
Trd, 4319684.143, 133
Trd, 4319684.593, 124
Trd, 4319684.943, 121
Trd, 4319685.143, 106
Trd, 4319685.943, 126
Trd, 4319687.493, 134
Trd, 4319688.043, 133
Trd, 4319689.393, 128
Trd, 4319690.043, 113
Trd, 4319690.443, 135
Trd, 4319690.993, 113
Trd, 4319691.343, 104
Trd, 4319691.943, 122
Trd, 4319692.943, 111
Trd, 4319695.693, 139
Trd, 4319696.793, 139
Trd, 4319697.293, 132
Trd, 4319697.493, 132
Trd, 4319698.093, 120
Trd, 4319698.843, 124
Trd, 4319700.893, 136
Trd, 4319701.593, 128
Trd, 4319702.343, 139
Trd, 4319702.643, 131
Trd, 4319703.643, 131
Trd, 4319703.993, 123
Trd, 4319705.843, 136
Trd, 4319706.043, 132
Trd, 4319706.793, 94
Trd, 4319707.643, 111
Trd, 4319708.093, 103
Trd, 4319708.243, 102
Trd, 4319708.893, 132
Trd, 4319709.943, 139
Trd, 4319710.243, 114
Trd, 4319710.393, 85
Trd, 4319711.493, 88
Trd, 4319712.493, 129
Trd, 4319712.593, 113
Trd, 4319712.943, 135
Trd, 4319713.893, 138
Trd, 4319715.593, 117
Trd, 4319715.643, 93
Trd, 4319715.893, 91
Trd, 4319716.193, 128
Trd, 4319717.443, 121
Trd, 4319718.143, 127
Trd, 4319718.193, 119
Trd, 4319718.293, 99
Trd, 4319721.443, 101
Trd, 4319722.243, 140
Trd, 4319722.693, 101
Trd, 4319724.393, 130
Trd, 4319725.143, 124
Trd, 4319725.993, 97
Trd, 4319726.693, 133
Trd, 4319727.743, 131
Trd, 4319728.293, 135
Trd, 4319729.343, 127
Trd, 4319729.593, 113
Trd, 4319730.793, 130
Trd, 4319731.693, 137
Trd, 4319732.843, 136
Trd, 4319733.693, 98
Trd, 4319734.443, 120
Trd, 4319734.643, 121
Trd, 4319735.693, 120
Trd, 4319736.143, 129
Trd, 4319736.693, 115
Trd, 4319737.343, 90
Trd, 4319737.943, 105
Trd, 4319738.243, 133
Trd, 4319739.693, 130
Trd, 4319741.243, 136
Trd, 4319742.643, 105
Trd, 4319742.743, 103
Trd, 4319742.993, 102
Trd, 4319743.143, 122
Trd, 4319743.943, 88
Trd, 4319744.393, 80
Trd, 4319745.693, 131
Trd, 4319746.043, 123
Trd, 4319747.843, 131
Trd, 4319748.043, 130
Trd, 4319749.143, 99
Trd, 4319750.593, 122
Trd, 4319750.993, 139
Trd, 4319751.393, 128
Trd, 4319751.443, 109
Trd, 4319751.493, 79
Trd, 4319753.543, 139
Trd, 4319753.993, 108
Trd, 4319755.543, 78
Trd, 4319756.043, 120
Trd, 4319757.293, 131
Trd, 4319757.793, 114
Trd, 4319758.143, 115
Trd, 4319758.793, 129
Trd, 4319759.793, 118
Trd, 4319760.243, 130
Trd, 4319760.593, 99
Trd, 4319761.493, 74
Trd, 4319764.393, 109
Trd, 4319764.993, 132
Trd, 4319765.193, 101
Trd, 4319766.293, 126
Trd, 4319766.593, 101
Trd, 4319766.843, 93
Trd, 4319767.293, 136
Trd, 4319768.743, 130
Trd, 4319769.193, 93
Trd, 4319769.243, 97
Trd, 4319769.743, 132
Trd, 4319770.543, 127
Trd, 4319772.443, 122
Trd, 4319772.893, 110
Trd, 4319773.843, 125
Trd, 4319775.043, 136
Trd, 4319775.743, 135
Trd, 4319775.893, 120
Trd, 4319777.093, 130
Trd, 4319777.443, 130
Trd, 4319778.093, 86
Trd, 4319778.443, 140
Trd, 4319779.393, 110
Trd, 4319779.593, 108
Trd, 4319779.893, 124
Trd, 4319781.093, 116
Trd, 4319781.443, 113
Trd, 4319782.843, 132
Trd, 4319783.193, 104
Trd, 4319784.393, 115
Trd, 4319785.243, 138
Trd, 4319786.343, 126
Trd, 4319786.643, 112
Trd, 4319786.943, 113
Trd, 4319787.593, 126
Trd, 4319789.543, 103
Trd, 4319789.993, 99
Trd, 4319790.293, 97
Trd, 4319791.543, 140
Trd, 4319791.993, 131
Trd, 4319793.543, 117
Trd, 4319794.793, 135
Trd, 4319796.243, 112
Trd, 4319796.293, 131
Trd, 4319797.193, 101
Trd, 4319797.893, 129
Trd, 4319799.193, 130
Trd, 4319800.493, 121
Trd, 4319800.693, 107
Trd, 4319801.843, 97
Trd, 4319802.343, 97
Trd, 4319802.843, 94
Trd, 4319803.543, 78
Trd, 4319804.143, 127
Trd, 4319804.393, 95
Trd, 4319804.493, 86
Trd, 4319805.993, 134
Trd, 4319808.043, 137
Trd, 4319808.143, 106
Trd, 4319808.493, 96
Trd, 4319809.443, 72
Trd, 4319811.143, 101
Trd, 4319812.293, 132
Trd, 4319813.243, 126
Trd, 4319814.393, 128
Trd, 4319815.693, 120
Trd, 4319816.143, 104
Trd, 4319816.343, 91
Trd, 4319817.293, 90
Trd, 4319817.693, 137
Trd, 4319818.293, 131
Trd, 4319819.043, 130
Trd, 4319820.893, 127
Trd, 4319821.343, 102
Trd, 4319821.593, 97
Trd, 4319821.643, 96
Trd, 4319823.093, 140
Trd, 4319823.393, 132
Trd, 4319825.193, 108
Trd, 4319826.093, 104
Trd, 4319826.793, 123
Trd, 4319827.393, 139
Trd, 4319828.193, 102
Trd, 4319828.593, 95
Trd, 4319829.493, 133
Trd, 4319830.243, 111
Trd, 4319831.143, 131
Trd, 4319831.443, 116
Trd, 4319832.293, 101
Trd, 4319832.443, 83
Trd, 4319834.743, 130
Trd, 4319834.943, 139
Trd, 4319835.943, 112
Trd, 4319836.843, 95
Trd, 4319837.243, 98
Trd, 4319837.793, 90
Trd, 4319838.443, 102
Trd, 4319838.543, 90
Trd, 4319839.943, 108
Trd, 4319840.093, 82
Trd, 4319840.743, 124
Trd, 4319842.743, 100
Trd, 4319843.793, 106
Trd, 4319844.393, 138
Trd, 4319845.893, 117
Trd, 4319847.243, 123
Trd, 4319847.643, 122
Trd, 4319848.093, 136
Trd, 4319848.143, 127
Trd, 4319848.843, 111
Trd, 4319849.743, 93
Trd, 4319849.843, 95
Trd, 4319851.093, 114
Trd, 4319851.593, 112
Trd, 4319851.743, 126
Trd, 4319853.543, 108
Trd, 4319855.243, 119
Trd, 4319855.793, 136
Trd, 4319857.193, 130
Trd, 4319858.443, 116
Trd, 4319859.343, 138
Trd, 4319859.543, 114
Trd, 4319859.693, 112
Trd, 4319859.843, 71
Trd, 4319860.343, 139
Trd, 4319861.993, 61
Trd, 4319862.793, 134
Trd, 4319863.193, 140
Trd, 4319864.043, 139
Trd, 4319864.243, 123
Trd, 4319864.493, 83
Trd, 4319864.543, 83
Trd, 4319866.643, 129
Trd, 4319866.793, 125
Trd, 4319866.893, 124
Trd, 4319867.043, 97
Trd, 4319867.443, 133
Trd, 4319868.693, 140
Trd, 4319869.893, 140
Trd, 4319869.993, 140
Trd, 4319871.743, 126
Trd, 4319872.043, 122
Trd, 4319872.693, 133
Trd, 4319873.693, 121
Trd, 4319874.393, 120
Trd, 4319874.593, 99
Trd, 4319875.893, 122
Trd, 4319875.993, 116
Trd, 4319877.043, 140
Trd, 4319877.443, 113
Trd, 4319877.693, 110
Trd, 4319877.743, 93
Trd, 4319878.493, 131
Trd, 4319880.043, 81
Trd, 4319880.543, 116
Trd, 4319881.043, 140
Trd, 4319881.743, 90
Trd, 4319882.643, 121
Trd, 4319886.593, 125
Trd, 4319886.993, 114
Trd, 4319887.143, 103
Trd, 4319887.443, 96
Trd, 4319887.743, 78
Trd, 4319889.043, 125
Trd, 4319889.193, 116
Trd, 4319889.443, 140
Trd, 4319890.193, 102
Trd, 4319891.943, 140
Trd, 4319893.993, 123
Trd, 4319894.243, 122
Trd, 4319894.793, 109
Trd, 4319894.943, 103
Trd, 4319895.893, 107
Trd, 4319896.343, 74
Trd, 4319896.643, 77
Trd, 4319897.693, 128
Trd, 4319899.993, 122
Trd, 4319900.143, 117
Trd, 4319900.293, 105
Trd, 4319901.143, 137
Trd, 4319901.293, 105
Trd, 4319902.543, 136
Trd, 4319903.343, 104
Trd, 4319905.143, 131
Trd, 4319905.293, 125
Trd, 4319905.343, 90
Trd, 4319906.493, 102
Trd, 4319907.543, 128
Trd, 4319907.593, 121
Trd, 4319908.793, 119
Trd, 4319909.393, 97
Trd, 4319910.693, 126
Trd, 4319911.893, 71
Trd, 4319912.043, 132
Trd, 4319912.393, 83
Trd, 4319913.693, 116
Trd, 4319915.793, 138
Trd, 4319915.893, 129
Trd, 4319916.793, 123
Trd, 4319918.093, 60
Trd, 4319918.343, 83
Trd, 4319918.543, 90
Trd, 4319918.693, 110
Trd, 4319921.843, 131
Trd, 4319923.693, 123
Trd, 4319923.843, 121
Trd, 4319924.643, 122
Trd, 4319924.693, 99
Trd, 4319924.793, 96
Trd, 4319926.393, 102
Trd, 4319927.393, 88
Trd, 4319928.543, 121
Trd, 4319928.843, 136
Trd, 4319929.743, 106
Trd, 4319929.843, 115
Trd, 4319931.493, 112
Trd, 4319932.343, 134
Trd, 4319932.693, 111
Trd, 4319933.493, 103
Trd, 4319933.543, 86
Trd, 4319934.993, 122
Trd, 4319935.043, 122
Trd, 4319935.193, 118
Trd, 4319935.843, 91
Trd, 4319937.793, 137
Trd, 4319938.143, 125
Trd, 4319938.943, 96
Trd, 4319939.093, 91
Trd, 4319939.243, 114
Trd, 4319940.243, 112
Trd, 4319940.643, 106
Trd, 4319941.793, 140
Trd, 4319943.593, 124
Trd, 4319944.143, 125
Trd, 4319944.193, 121
Trd, 4319944.343, 98
Trd, 4319944.843, 116
Trd, 4319945.293, 98
Trd, 4319945.693, 140
Trd, 4319946.193, 137
Trd, 4319946.293, 87
Trd, 4319947.693, 125
Trd, 4319949.143, 137
Trd, 4319949.493, 119
Trd, 4319949.993, 126
Trd, 4319950.043, 105
Trd, 4319953.293, 135
Trd, 4319953.543, 138
Trd, 4319953.893, 134
Trd, 4319955.293, 126
Trd, 4319955.343, 119
Trd, 4319956.593, 125
Trd, 4319957.793, 105
Trd, 4319959.193, 105
Trd, 4319959.743, 103
Trd, 4319960.543, 96
Trd, 4319961.243, 129
Trd, 4319961.543, 85
Trd, 4319962.343, 122
Trd, 4319963.943, 135
Trd, 4319964.393, 108
Trd, 4319965.843, 132
Trd, 4319966.043, 128
Trd, 4319966.293, 139
Trd, 4319967.193, 124
Trd, 4319967.543, 100
Trd, 4319969.243, 120
Trd, 4319969.993, 129
Trd, 4319972.443, 131
Trd, 4319973.093, 139
Trd, 4319974.743, 121
Trd, 4319975.493, 130
Trd, 4319975.543, 113
Trd, 4319975.593, 81
Trd, 4319976.643, 103
Trd, 4319977.043, 127
Trd, 4319979.493, 89
Trd, 4319979.543, 77
Trd, 4319979.793, 86
Trd, 4319980.143, 75
Trd, 4319980.393, 70
Trd, 4319983.093, 79
Trd, 4319983.993, 129
Trd, 4319984.593, 116
Trd, 4319984.843, 77
Trd, 4319985.143, 84
Trd, 4319986.393, 133
Trd, 4319986.793, 132
Trd, 4319987.693, 120
Trd, 4319989.393, 77
Trd, 4319989.843, 101
Trd, 4319991.643, 120
Trd, 4319992.143, 116
Trd, 4319992.543, 127
Trd, 4319993.693, 139
Trd, 4319994.443, 135
Trd, 4319994.693, 121
Trd, 4319995.243, 114
Trd, 4319995.443, 105
Trd, 4319997.193, 130
Trd, 4319997.393, 96
Trd, 4319998.593, 96
