Trd, 4317989.343, 140
Trd, 4317990.843, 140
Trd, 4317991.243, 140
Trd, 4317992.743, 140
Trd, 4317994.493, 140
Trd, 4317994.693, 140
Trd, 4317996.043, 140
Trd, 4317999.393, 140
Trd, 4318000.593, 140
Trd, 4318001.493, 140
Trd, 4318001.693, 140
Trd, 4318001.943, 140
Trd, 4318002.543, 140
Trd, 4318003.143, 140
Trd, 4318004.143, 140
Trd, 4318004.543, 140
Trd, 4318006.493, 140
Trd, 4318007.743, 140
Trd, 4318008.643, 140
Trd, 4318009.343, 140
Trd, 4318010.943, 140
Trd, 4318012.043, 140
Trd, 4318013.993, 140
Trd, 4318015.743, 140
Trd, 4318016.343, 140
Trd, 4318017.843, 140
Trd, 4318018.193, 140
Trd, 4318018.793, 140
Trd, 4318018.943, 140
Trd, 4318019.943, 140
Trd, 4318024.043, 140
Trd, 4318024.293, 140
Trd, 4318025.593, 140
Trd, 4318025.643, 140
Trd, 4318025.943, 140
Trd, 4318026.343, 140
Trd, 4318026.943, 140
Trd, 4318028.293, 140
Trd, 4318029.343, 140
Trd, 4318030.243, 140
Trd, 4318031.243, 140
Trd, 4318031.943, 140
Trd, 4318033.843, 140
Trd, 4318034.343, 140
Trd, 4318034.993, 140
Trd, 4318036.943, 140
Trd, 4318038.193, 140
Trd, 4318038.593, 140
Trd, 4318040.193, 140
Trd, 4318041.743, 140
Trd, 4318042.943, 140
Trd, 4318043.393, 140
Trd, 4318047.443, 140
Trd, 4318048.393, 140
Trd, 4318048.893, 140
Trd, 4318049.893, 140
Trd, 4318050.293, 140
Trd, 4318051.093, 140
Trd, 4318052.593, 140
Trd, 4318053.893, 140
Trd, 4318055.293, 140
Trd, 4318057.443, 140
Trd, 4318060.393, 140
Trd, 4318060.493, 140
Trd, 4318062.293, 140
Trd, 4318062.743, 140
Trd, 4318062.793, 140
Trd, 4318064.143, 140
Trd, 4318064.293, 140
Trd, 4318064.443, 140
Trd, 4318065.843, 140
Trd, 4318066.843, 140
Trd, 4318067.943, 140
Trd, 4318068.193, 140
Trd, 4318069.493, 140
Trd, 4318069.843, 140
Trd, 4318071.143, 140
Trd, 4318071.993, 140
Trd, 4318072.993, 140
Trd, 4318073.643, 140
Trd, 4318075.393, 140
Trd, 4318075.643, 140
Trd, 4318076.493, 140
Trd, 4318078.343, 140
Trd, 4318079.043, 140
Trd, 4318079.993, 140
Trd, 4318080.393, 140
Trd, 4318081.543, 140
Trd, 4318081.893, 140
Trd, 4318083.543, 140
Trd, 4318084.343, 140
Trd, 4318085.393, 140
Trd, 4318088.143, 140
Trd, 4318088.293, 140
Trd, 4318088.393, 140
Trd, 4318088.643, 140
Trd, 4318089.843, 140
Trd, 4318091.993, 140
Trd, 4318092.593, 140
Trd, 4318094.143, 140
Trd, 4318094.543, 140
Trd, 4318094.593, 140
Trd, 4318095.343, 140
Trd, 4318095.543, 140
Trd, 4318095.643, 140
Trd, 4318097.143, 140
Trd, 4318099.543, 140
Trd, 4318100.493, 140
Trd, 4318101.443, 140
Trd, 4318101.893, 140
Trd, 4318102.493, 140
Trd, 4318102.543, 140
Trd, 4318104.843, 140
Trd, 4318105.643, 140
Trd, 4318106.493, 140
Trd, 4318106.893, 140
Trd, 4318108.693, 140
Trd, 4318108.843, 140
Trd, 4318109.643, 140
Trd, 4318111.793, 140
Trd, 4318112.193, 140
Trd, 4318112.443, 140
Trd, 4318112.943, 140
Trd, 4318113.943, 140
Trd, 4318114.693, 140
Trd, 4318114.743, 140
Trd, 4318115.193, 140
Trd, 4318115.243, 140
Trd, 4318115.543, 140
Trd, 4318116.543, 140
Trd, 4318118.143, 140
Trd, 4318119.743, 140
Trd, 4318120.493, 140
Trd, 4318122.643, 140
Trd, 4318123.893, 140
Trd, 4318124.193, 140
Trd, 4318124.293, 140
Trd, 4318124.493, 140
Trd, 4318125.893, 140
Trd, 4318129.293, 140
Trd, 4318130.443, 140
Trd, 4318131.843, 140
Trd, 4318132.593, 140
Trd, 4318132.743, 140
Trd, 4318136.293, 140
Trd, 4318137.693, 140
Trd, 4318137.743, 140
Trd, 4318137.793, 140
Trd, 4318138.293, 140
Trd, 4318139.493, 140
Trd, 4318139.943, 140
Trd, 4318139.993, 140
Trd, 4318141.793, 140
Trd, 4318143.993, 140
Trd, 4318145.043, 140
Trd, 4318146.343, 140
Trd, 4318146.643, 140
Trd, 4318146.993, 140
Trd, 4318150.143, 140
Trd, 4318150.643, 140
Trd, 4318150.893, 140
Trd, 4318152.443, 140
Trd, 4318152.543, 140
Trd, 4318153.593, 140
Trd, 4318153.793, 139
Trd, 4318155.593, 140
Trd, 4318157.243, 140
Trd, 4318157.393, 140
Trd, 4318157.743, 140
Trd, 4318159.843, 140
Trd, 4318160.393, 140
Trd, 4318160.793, 140
Trd, 4318162.293, 140
Trd, 4318162.743, 140
Trd, 4318163.843, 140
Trd, 4318164.743, 140
Trd, 4318164.843, 140
Trd, 4318166.543, 140
Trd, 4318167.793, 140
Trd, 4318169.593, 140
Trd, 4318170.343, 140
Trd, 4318170.843, 140
Trd, 4318171.093, 140
Trd, 4318171.293, 140
Trd, 4318172.193, 140
Trd, 4318172.893, 140
Trd, 4318173.293, 140
Trd, 4318175.243, 140
Trd, 4318177.143, 140
Trd, 4318177.193, 140
Trd, 4318177.493, 140
Trd, 4318177.743, 140
Trd, 4318183.343, 140
Trd, 4318183.493, 140
Trd, 4318184.343, 140
Trd, 4318184.593, 140
Trd, 4318184.943, 140
Trd, 4318186.293, 140
Trd, 4318188.793, 140
Trd, 4318189.143, 140
Trd, 4318189.543, 140
Trd, 4318189.593, 140
Trd, 4318191.893, 140
Trd, 4318191.943, 140
Trd, 4318193.143, 140
Trd, 4318193.643, 140
Trd, 4318194.293, 140
Trd, 4318195.443, 140
Trd, 4318195.593, 140
Trd, 4318195.993, 140
Trd, 4318198.193, 140
Trd, 4318198.743, 140
Trd, 4318199.943, 140
Trd, 4318201.193, 140
Trd, 4318202.343, 140
Trd, 4318204.393, 140
Trd, 4318204.693, 140
Trd, 4318205.343, 140
Trd, 4318206.093, 140
Trd, 4318206.393, 140
Trd, 4318207.143, 140
Trd, 4318207.543, 140
Trd, 4318207.743, 140
Trd, 4318209.443, 140
Trd, 4318209.593, 140
Trd, 4318211.393, 140
Trd, 4318211.493, 140
Trd, 4318214.643, 140
Trd, 4318214.943, 140
Trd, 4318217.293, 140
Trd, 4318217.343, 140
Trd, 4318217.643, 140
Trd, 4318220.043, 140
Trd, 4318222.293, 140
Trd, 4318223.093, 140
Trd, 4318223.493, 140
Trd, 4318224.243, 140
Trd, 4318225.293, 140
Trd, 4318226.043, 140
Trd, 4318227.393, 140
Trd, 4318228.343, 140
Trd, 4318228.543, 140
Trd, 4318228.843, 140
Trd, 4318230.643, 140
Trd, 4318230.943, 140
Trd, 4318232.693, 140
Trd, 4318233.743, 140
Trd, 4318236.193, 140
Trd, 4318236.743, 140
Trd, 4318237.793, 140
Trd, 4318238.443, 140
Trd, 4318238.643, 140
Trd, 4318239.143, 140
Trd, 4318242.093, 140
Trd, 4318242.293, 140
Trd, 4318242.943, 140
Trd, 4318243.693, 140
Trd, 4318243.793, 140
Trd, 4318244.843, 140
Trd, 4318245.943, 140
Trd, 4318245.993, 140
Trd, 4318246.093, 140
Trd, 4318246.443, 140
Trd, 4318247.393, 140
Trd, 4318248.193, 140
Trd, 4318248.643, 140
Trd, 4318251.593, 140
Trd, 4318252.193, 140
Trd, 4318252.643, 140
Trd, 4318255.093, 140
Trd, 4318255.493, 140
Trd, 4318256.493, 140
Trd, 4318256.743, 140
Trd, 4318257.393, 140
Trd, 4318258.643, 140
Trd, 4318261.743, 140
Trd, 4318262.743, 140
Trd, 4318263.993, 140
Trd, 4318264.743, 140
Trd, 4318264.993, 140
Trd, 4318266.043, 140
Trd, 4318266.943, 140
Trd, 4318268.143, 140
Trd, 4318269.743, 140
Trd, 4318271.143, 140
Trd, 4318271.743, 140
Trd, 4318271.843, 140
Trd, 4318271.943, 140
Trd, 4318275.193, 140
Trd, 4318275.393, 140
Trd, 4318275.543, 140
Trd, 4318276.093, 139
Trd, 4318276.793, 139
Trd, 4318277.993, 140
Trd, 4318279.043, 140
Trd, 4318279.493, 140
Trd, 4318281.093, 140
Trd, 4318282.293, 140
Trd, 4318282.843, 140
Trd, 4318283.793, 140
Trd, 4318285.193, 140
Trd, 4318286.093, 140
Trd, 4318286.593, 140
Trd, 4318287.093, 140
Trd, 4318288.193, 140
Trd, 4318289.243, 140
Trd, 4318291.543, 140
Trd, 4318291.943, 140
Trd, 4318292.343, 140
Trd, 4318292.443, 140
Trd, 4318293.743, 140
Trd, 4318296.193, 140
Trd, 4318297.443, 140
Trd, 4318297.843, 140
Trd, 4318297.893, 140
Trd, 4318298.793, 140
Trd, 4318300.093, 140
Trd, 4318300.243, 140
Trd, 4318301.493, 140
Trd, 4318301.843, 140
Trd, 4318302.993, 140
Trd, 4318303.093, 140
Trd, 4318304.393, 140
Trd, 4318305.243, 140
Trd, 4318305.343, 140
Trd, 4318307.793, 140
Trd, 4318308.893, 140
Trd, 4318309.943, 140
Trd, 4318310.643, 140
Trd, 4318312.593, 140
Trd, 4318313.943, 140
Trd, 4318313.993, 140
Trd, 4318314.843, 140
Trd, 4318315.093, 140
Trd, 4318316.643, 140
Trd, 4318317.443, 140
Trd, 4318317.743, 140
Trd, 4318318.543, 140
Trd, 4318319.393, 140
Trd, 4318319.643, 140
Trd, 4318322.293, 140
Trd, 4318322.943, 140
Trd, 4318323.393, 140
Trd, 4318324.593, 140
Trd, 4318325.593, 140
Trd, 4318326.843, 140
Trd, 4318328.093, 140
Trd, 4318330.493, 140
Trd, 4318331.243, 140
Trd, 4318331.693, 140
Trd, 4318331.843, 140
Trd, 4318333.193, 140
Trd, 4318335.143, 140
Trd, 4318335.393, 140
Trd, 4318335.443, 140
Trd, 4318335.743, 140
Trd, 4318337.293, 140
Trd, 4318337.993, 140
Trd, 4318338.343, 140
Trd, 4318340.193, 140
Trd, 4318341.743, 140
Trd, 4318341.793, 140
Trd, 4318342.993, 140
Trd, 4318344.093, 140
Trd, 4318344.443, 140
Trd, 4318344.693, 140
Trd, 4318344.893, 140
Trd, 4318345.943, 139
Trd, 4318346.293, 139
Trd, 4318351.193, 140
Trd, 4318351.243, 140
Trd, 4318351.393, 140
Trd, 4318352.093, 140
Trd, 4318352.193, 140
Trd, 4318352.893, 140
Trd, 4318352.943, 140
Trd, 4318354.393, 140
Trd, 4318357.193, 140
Trd, 4318357.743, 140
Trd, 4318359.043, 140
Trd, 4318359.343, 140
Trd, 4318360.343, 140
Trd, 4318360.743, 140
Trd, 4318360.943, 140
Trd, 4318361.743, 140
Trd, 4318362.093, 140
Trd, 4318362.593, 139
Trd, 4318367.443, 140
Trd, 4318368.293, 140
Trd, 4318370.043, 140
Trd, 4318371.043, 140
Trd, 4318372.243, 140
Trd, 4318372.343, 140
Trd, 4318373.393, 140
Trd, 4318374.993, 140
Trd, 4318375.393, 140
Trd, 4318375.493, 140
Trd, 4318375.993, 140
Trd, 4318376.343, 140
Trd, 4318376.593, 140
Trd, 4318381.093, 140
Trd, 4318381.693, 140
Trd, 4318381.893, 140
Trd, 4318383.093, 140
Trd, 4318383.193, 140
Trd, 4318383.493, 140
Trd, 4318383.643, 140
Trd, 4318385.293, 140
Trd, 4318388.093, 140
Trd, 4318388.693, 140
Trd, 4318389.393, 140
Trd, 4318390.293, 140
Trd, 4318390.493, 140
Trd, 4318390.743, 140
Trd, 4318391.343, 140
Trd, 4318392.043, 140
Trd, 4318393.093, 140
Trd, 4318393.593, 140
Trd, 4318393.743, 140
Trd, 4318394.843, 140
Trd, 4318396.493, 140
Trd, 4318397.493, 140
Trd, 4318398.093, 140
Trd, 4318398.943, 140
Trd, 4318399.643, 140
Trd, 4318400.643, 139
Trd, 4318401.593, 140
Trd, 4318402.293, 140
Trd, 4318403.543, 140
Trd, 4318405.243, 140
Trd, 4318405.643, 140
Trd, 4318405.843, 140
Trd, 4318406.543, 140
Trd, 4318406.743, 139
Trd, 4318407.243, 137
Trd, 4318410.193, 140
Trd, 4318411.343, 140
Trd, 4318413.393, 140
Trd, 4318413.493, 140
Trd, 4318414.143, 140
Trd, 4318415.093, 140
Trd, 4318417.193, 140
Trd, 4318417.643, 140
Trd, 4318417.743, 140
Trd, 4318421.093, 140
Trd, 4318421.893, 140
Trd, 4318422.193, 140
Trd, 4318422.543, 140
Trd, 4318422.943, 140
Trd, 4318423.743, 140
Trd, 4318424.193, 140
Trd, 4318426.843, 140
Trd, 4318427.243, 140
Trd, 4318427.743, 140
Trd, 4318428.043, 140
Trd, 4318428.943, 140
Trd, 4318429.493, 140
Trd, 4318431.993, 140
Trd, 4318432.043, 140
Trd, 4318433.093, 140
Trd, 4318434.293, 140
Trd, 4318435.143, 140
Trd, 4318435.843, 140
Trd, 4318435.993, 140
Trd, 4318436.143, 140
Trd, 4318437.493, 140
Trd, 4318439.343, 140
Trd, 4318439.443, 140
Trd, 4318439.743, 140
Trd, 4318443.093, 140
Trd, 4318443.143, 140
Trd, 4318443.793, 140
Trd, 4318443.893, 140
Trd, 4318445.193, 140
Trd, 4318446.593, 140
Trd, 4318446.943, 140
Trd, 4318447.493, 140
Trd, 4318447.743, 140
Trd, 4318449.593, 140
Trd, 4318451.443, 140
Trd, 4318451.743, 140
Trd, 4318452.343, 140
Trd, 4318453.993, 140
Trd, 4318454.143, 140
Trd, 4318456.293, 140
Trd, 4318456.543, 140
Trd, 4318457.293, 140
Trd, 4318457.843, 140
Trd, 4318457.993, 140
Trd, 4318459.793, 140
Trd, 4318460.843, 140
Trd, 4318461.443, 140
Trd, 4318461.693, 140
Trd, 4318463.093, 140
Trd, 4318463.443, 140
Trd, 4318465.693, 140
Trd, 4318467.543, 140
Trd, 4318468.143, 140
Trd, 4318468.593, 140
Trd, 4318470.943, 140
Trd, 4318471.193, 140
Trd, 4318471.393, 140
Trd, 4318472.043, 140
Trd, 4318472.093, 140
Trd, 4318472.343, 140
Trd, 4318472.493, 133
Trd, 4318473.243, 138
Trd, 4318474.793, 140
Trd, 4318477.043, 140
Trd, 4318478.893, 140
Trd, 4318479.593, 140
Trd, 4318481.393, 140
Trd, 4318481.693, 140
Trd, 4318482.443, 140
Trd, 4318483.043, 140
Trd, 4318483.143, 140
Trd, 4318484.393, 140
Trd, 4318485.943, 140
Trd, 4318487.343, 140
Trd, 4318487.643, 140
Trd, 4318488.293, 140
Trd, 4318490.943, 140
Trd, 4318491.893, 140
Trd, 4318492.143, 140
Trd, 4318492.293, 140
Trd, 4318492.543, 139
Trd, 4318494.443, 140
Trd, 4318494.593, 140
Trd, 4318495.093, 140
Trd, 4318495.943, 140
Trd, 4318497.693, 140
Trd, 4318498.943, 140
Trd, 4318499.193, 140
Trd, 4318500.493, 140
Trd, 4318501.343, 140
Trd, 4318502.193, 140
Trd, 4318502.743, 140
Trd, 4318504.793, 140
Trd, 4318505.843, 140
Trd, 4318506.443, 140
Trd, 4318507.043, 140
Trd, 4318508.043, 140
Trd, 4318508.543, 140
Trd, 4318509.443, 140
Trd, 4318509.493, 138
Trd, 4318511.393, 140
Trd, 4318511.793, 140
Trd, 4318513.443, 140
Trd, 4318514.843, 140
Trd, 4318515.193, 140
Trd, 4318517.993, 140
Trd, 4318518.243, 140
Trd, 4318518.743, 140
Trd, 4318518.793, 140
Trd, 4318518.843, 140
Trd, 4318521.293, 140
Trd, 4318521.393, 140
Trd, 4318523.593, 140
Trd, 4318525.293, 140
Trd, 4318526.193, 140
Trd, 4318526.243, 140
Trd, 4318526.893, 140
Trd, 4318527.193, 140
Trd, 4318529.343, 140
Trd, 4318530.593, 140
Trd, 4318531.293, 140
Trd, 4318532.943, 140
Trd, 4318534.293, 140
Trd, 4318534.743, 140
Trd, 4318534.843, 140
Trd, 4318535.443, 140
Trd, 4318536.443, 140
Trd, 4318536.743, 140
Trd, 4318538.943, 140
Trd, 4318540.693, 140
Trd, 4318541.193, 140
Trd, 4318541.693, 140
Trd, 4318542.143, 140
Trd, 4318543.893, 140
Trd, 4318544.943, 140
Trd, 4318545.693, 140
Trd, 4318547.043, 140
Trd, 4318547.593, 140
Trd, 4318547.793, 140
Trd, 4318549.193, 140
Trd, 4318549.893, 140
Trd, 4318550.193, 140
Trd, 4318550.793, 140
Trd, 4318552.543, 140
Trd, 4318553.093, 140
Trd, 4318553.193, 140
Trd, 4318555.443, 140
Trd, 4318556.693, 140
Trd, 4318558.093, 140
Trd, 4318558.593, 140
Trd, 4318559.443, 140
Trd, 4318559.493, 140
Trd, 4318561.343, 140
Trd, 4318562.343, 140
Trd, 4318563.543, 140
Trd, 4318563.643, 140
Trd, 4318566.243, 140
Trd, 4318566.293, 140
Trd, 4318569.443, 140
Trd, 4318570.643, 140
Trd, 4318570.693, 140
Trd, 4318572.843, 140
Trd, 4318574.343, 140
Trd, 4318576.593, 140
Trd, 4318577.243, 140
Trd, 4318577.743, 140
Trd, 4318577.893, 140
Trd, 4318578.193, 140
Trd, 4318579.043, 139
Trd, 4318579.893, 140
Trd, 4318580.893, 140
Trd, 4318581.093, 140
Trd, 4318582.893, 140
Trd, 4318584.193, 140
Trd, 4318585.343, 140
Trd, 4318585.643, 140
Trd, 4318587.043, 140
Trd, 4318588.843, 140
Trd, 4318590.543, 140
Trd, 4318591.043, 140
Trd, 4318591.643, 140
Trd, 4318593.793, 140
Trd, 4318594.093, 140
Trd, 4318594.543, 140
Trd, 4318594.593, 138
Trd, 4318596.393, 138
Trd, 4318598.093, 140
Trd, 4318598.593, 140
Trd, 4318599.193, 140
Trd, 4318599.643, 140
Trd, 4318600.493, 140
Trd, 4318600.843, 140
Trd, 4318603.743, 140
Trd, 4318607.093, 140
Trd, 4318607.793, 140
Trd, 4318609.093, 140
Trd, 4318609.143, 140
Trd, 4318609.743, 140
Trd, 4318611.143, 140
Trd, 4318611.993, 140
Trd, 4318613.043, 140
Trd, 4318614.243, 140
Trd, 4318616.143, 140
Trd, 4318616.893, 140
Trd, 4318617.793, 140
Trd, 4318618.693, 140
Trd, 4318618.743, 140
Trd, 4318621.043, 140
Trd, 4318621.643, 140
Trd, 4318621.893, 140
Trd, 4318622.593, 140
Trd, 4318623.543, 140
Trd, 4318626.543, 140
Trd, 4318627.943, 140
Trd, 4318629.343, 140
Trd, 4318629.843, 140
Trd, 4318630.943, 140
Trd, 4318631.093, 140
Trd, 4318631.793, 140
Trd, 4318632.393, 140
Trd, 4318635.443, 140
Trd, 4318637.493, 140
Trd, 4318637.593, 140
Trd, 4318637.993, 140
Trd, 4318638.543, 140
Trd, 4318638.993, 140
Trd, 4318639.843, 140
Trd, 4318640.093, 140
Trd, 4318642.493, 140
Trd, 4318642.993, 140
Trd, 4318643.193, 140
Trd, 4318644.043, 140
Trd, 4318645.193, 140
Trd, 4318646.643, 140
Trd, 4318646.693, 139
Trd, 4318647.743, 140
Trd, 4318648.043, 140
Trd, 4318650.143, 140
Trd, 4318653.343, 140
Trd, 4318653.893, 140
Trd, 4318654.093, 140
Trd, 4318654.293, 140
Trd, 4318655.093, 140
Trd, 4318657.743, 140
Trd, 4318658.743, 140
Trd, 4318659.993, 140
Trd, 4318660.793, 140
Trd, 4318660.943, 140
Trd, 4318661.143, 140
Trd, 4318661.893, 140
Trd, 4318664.293, 140
Trd, 4318665.393, 140
Trd, 4318665.693, 140
Trd, 4318666.843, 140
Trd, 4318667.143, 140
Trd, 4318667.293, 140
Trd, 4318668.243, 140
Trd, 4318668.543, 140
Trd, 4318668.743, 140
Trd, 4318669.693, 140
Trd, 4318671.143, 140
Trd, 4318671.343, 140
Trd, 4318672.493, 93
Trd, 4318673.193, 88
Trd, 4318674.143, 66
Trd, 4318674.443, 109
Trd, 4318675.493, 110
Trd, 4318676.443, 103
Trd, 4318677.743, 129
Trd, 4318677.893, 136
Trd, 4318679.043, 140
Trd, 4318679.093, 140
Trd, 4318681.093, 140
Trd, 4318681.793, 140
Trd, 4318682.643, 140
Trd, 4318682.693, 140
Trd, 4318683.343, 140
Trd, 4318683.743, 140
Trd, 4318684.543, 140
Trd, 4318685.343, 140
Trd, 4318686.693, 140
Trd, 4318688.543, 140
Trd, 4318689.843, 140
Trd, 4318691.143, 140
Trd, 4318694.193, 140
Trd, 4318695.943, 140
Trd, 4318696.143, 140
Trd, 4318696.693, 140
Trd, 4318697.193, 140
Trd, 4318697.843, 140
Trd, 4318698.043, 140
Trd, 4318701.043, 140
Trd, 4318701.743, 140
Trd, 4318703.143, 140
Trd, 4318703.543, 140
Trd, 4318703.993, 140
Trd, 4318704.243, 140
Trd, 4318704.993, 140
Trd, 4318705.193, 140
Trd, 4318705.643, 140
Trd, 4318707.643, 140
Trd, 4318708.593, 140
Trd, 4318708.893, 140
Trd, 4318709.443, 140
Trd, 4318709.743, 140
Trd, 4318709.843, 140
Trd, 4318711.293, 140
Trd, 4318711.493, 140
Trd, 4318711.593, 140
Trd, 4318712.243, 140
Trd, 4318713.043, 140
Trd, 4318716.593, 140
Trd, 4318717.243, 140
Trd, 4318718.443, 140
Trd, 4318718.793, 140
Trd, 4318719.143, 140
Trd, 4318719.643, 140
Trd, 4318722.393, 140
Trd, 4318723.793, 140
Trd, 4318724.293, 140
Trd, 4318726.193, 140
Trd, 4318726.693, 140
Trd, 4318727.143, 140
Trd, 4318727.243, 140
Trd, 4318727.293, 140
Trd, 4318728.843, 140
Trd, 4318729.143, 140
Trd, 4318731.093, 140
Trd, 4318732.843, 140
Trd, 4318733.143, 140
Trd, 4318734.243, 140
Trd, 4318737.093, 140
Trd, 4318737.293, 140
Trd, 4318737.893, 140
Trd, 4318740.693, 140
Trd, 4318741.743, 140
Trd, 4318742.243, 140
Trd, 4318742.543, 140
Trd, 4318743.243, 140
Trd, 4318743.543, 140
Trd, 4318744.793, 140
Trd, 4318746.043, 140
Trd, 4318747.193, 140
Trd, 4318748.143, 140
Trd, 4318748.193, 140
Trd, 4318748.993, 140
Trd, 4318753.343, 140
Trd, 4318753.793, 140
Trd, 4318755.143, 140
Trd, 4318755.543, 140
Trd, 4318755.993, 140
Trd, 4318757.643, 140
Trd, 4318758.543, 140
Trd, 4318759.393, 140
Trd, 4318759.593, 140
Trd, 4318760.843, 140
Trd, 4318760.993, 140
Trd, 4318763.393, 140
Trd, 4318764.193, 140
Trd, 4318764.443, 140
Trd, 4318764.943, 140
Trd, 4318766.693, 140
Trd, 4318768.943, 140
Trd, 4318769.393, 140
Trd, 4318769.893, 140
Trd, 4318770.943, 140
Trd, 4318771.793, 140
Trd, 4318771.843, 140
Trd, 4318772.743, 140
Trd, 4318773.543, 140
Trd, 4318773.793, 140
Trd, 4318775.493, 140
Trd, 4318778.293, 140
Trd, 4318778.893, 140
Trd, 4318778.943, 140
Trd, 4318781.093, 140
Trd, 4318781.443, 140
Trd, 4318781.993, 140
Trd, 4318783.143, 140
Trd, 4318784.293, 140
Trd, 4318784.543, 140
Trd, 4318784.893, 138
Trd, 4318785.893, 140
Trd, 4318787.543, 140
Trd, 4318788.293, 140
Trd, 4318790.993, 140
Trd, 4318791.593, 140
Trd, 4318792.393, 140
Trd, 4318793.193, 140
Trd, 4318794.393, 140
Trd, 4318796.343, 140
Trd, 4318797.643, 140
Trd, 4318799.043, 140
Trd, 4318800.643, 140
Trd, 4318801.293, 140
Trd, 4318802.493, 140
Trd, 4318803.393, 140
Trd, 4318803.543, 140
Trd, 4318804.893, 140
Trd, 4318805.093, 140
Trd, 4318805.893, 140
Trd, 4318805.943, 140
Trd, 4318806.693, 140
Trd, 4318806.843, 140
Trd, 4318807.693, 140
Trd, 4318808.143, 140
Trd, 4318809.693, 140
Trd, 4318810.393, 140
Trd, 4318811.293, 140
Trd, 4318811.943, 140
Trd, 4318812.243, 140
Trd, 4318812.693, 140
Trd, 4318814.643, 140
Trd, 4318815.643, 140
Trd, 4318816.043, 140
Trd, 4318816.093, 140
Trd, 4318818.143, 140
Trd, 4318818.743, 140
Trd, 4318818.843, 140
Trd, 4318819.993, 140
Trd, 4318821.943, 140
Trd, 4318822.193, 140
Trd, 4318822.743, 140
Trd, 4318822.893, 140
Trd, 4318823.643, 140
Trd, 4318825.943, 140
Trd, 4318826.943, 140
Trd, 4318827.543, 140
Trd, 4318827.693, 140
Trd, 4318828.193, 140
Trd, 4318828.293, 139
Trd, 4318828.843, 138
Trd, 4318830.243, 140
Trd, 4318832.643, 140
Trd, 4318834.843, 140
Trd, 4318835.543, 140
Trd, 4318835.993, 140
Trd, 4318836.993, 140
Trd, 4318837.243, 140
Trd, 4318837.743, 140
Trd, 4318838.193, 140
Trd, 4318840.543, 140
Trd, 4318841.343, 140
Trd, 4318843.143, 140
Trd, 4318843.343, 140
Trd, 4318845.343, 140
Trd, 4318847.193, 140
Trd, 4318847.943, 140
Trd, 4318848.893, 140
Trd, 4318849.093, 140
Trd, 4318850.643, 140
Trd, 4318850.843, 140
Trd, 4318851.843, 140
Trd, 4318852.943, 140
Trd, 4318853.543, 140
Trd, 4318853.943, 140
Trd, 4318855.893, 140
Trd, 4318856.743, 140
Trd, 4318858.293, 140
Trd, 4318858.543, 140
Trd, 4318860.543, 140
Trd, 4318860.843, 140
Trd, 4318861.343, 140
Trd, 4318861.693, 140
Trd, 4318863.343, 140
Trd, 4318863.893, 140
Trd, 4318864.443, 140
Trd, 4318865.993, 140
Trd, 4318866.093, 140
Trd, 4318866.993, 140
Trd, 4318867.793, 140
Trd, 4318868.993, 140
Trd, 4318870.293, 140
Trd, 4318872.193, 140
Trd, 4318872.793, 140
Trd, 4318873.393, 140
Trd, 4318875.143, 140
Trd, 4318875.443, 140
Trd, 4318875.693, 140
Trd, 4318875.943, 140
Trd, 4318877.293, 140
Trd, 4318877.543, 139
Trd, 4318878.693, 140
Trd, 4318881.143, 140
Trd, 4318881.693, 140
Trd, 4318881.993, 140
Trd, 4318883.243, 140
Trd, 4318883.293, 140
Trd, 4318884.493, 140
Trd, 4318885.543, 140
Trd, 4318886.043, 140
Trd, 4318886.993, 140
Trd, 4318888.143, 140
Trd, 4318889.643, 140
Trd, 4318889.943, 140
Trd, 4318892.893, 140
Trd, 4318893.193, 140
Trd, 4318894.893, 140
Trd, 4318895.243, 140
Trd, 4318896.493, 140
Trd, 4318896.543, 140
Trd, 4318896.943, 140
Trd, 4318898.443, 140
Trd, 4318898.643, 140
Trd, 4318900.293, 140
Trd, 4318900.793, 140
Trd, 4318902.793, 140
Trd, 4318903.143, 140
Trd, 4318903.893, 140
Trd, 4318904.443, 140
Trd, 4318904.643, 140
Trd, 4318904.743, 140
Trd, 4318904.943, 140
Trd, 4318906.043, 140
Trd, 4318906.393, 139
Trd, 4318906.793, 139
Trd, 4318908.443, 140
Trd, 4318909.193, 140
Trd, 4318910.943, 140
Trd, 4318911.243, 140
Trd, 4318911.893, 140
Trd, 4318912.193, 140
Trd, 4318912.293, 140
Trd, 4318913.093, 140
Trd, 4318914.843, 140
Trd, 4318915.893, 140
Trd, 4318916.443, 140
Trd, 4318918.543, 140
Trd, 4318919.793, 140
Trd, 4318921.643, 140
Trd, 4318921.843, 140
Trd, 4318921.943, 140
Trd, 4318922.943, 140
Trd, 4318923.093, 140
Trd, 4318923.993, 140
Trd, 4318924.143, 140
Trd, 4318925.143, 140
Trd, 4318927.843, 140
Trd, 4318928.943, 140
Trd, 4318929.143, 140
Trd, 4318930.143, 140
Trd, 4318930.543, 140
Trd, 4318932.643, 140
Trd, 4318933.343, 140
Trd, 4318934.743, 140
Trd, 4318935.043, 140
Trd, 4318936.793, 140
Trd, 4318937.043, 140
Trd, 4318937.293, 140
Trd, 4318938.343, 140
Trd, 4318940.593, 140
Trd, 4318940.793, 140
Trd, 4318941.643, 140
Trd, 4318942.443, 140
Trd, 4318942.743, 140
Trd, 4318943.843, 140
Trd, 4318944.593, 140
Trd, 4318945.593, 140
Trd, 4318946.343, 140
Trd, 4318947.493, 140
Trd, 4318950.293, 140
Trd, 4318952.943, 140
Trd, 4318953.593, 140
Trd, 4318955.243, 140
Trd, 4318955.293, 140
Trd, 4318957.093, 140
Trd, 4318957.693, 140
Trd, 4318958.243, 140
Trd, 4318958.843, 140
Trd, 4318959.293, 140
Trd, 4318959.643, 140
Trd, 4318962.693, 140
Trd, 4318962.743, 140
Trd, 4318964.043, 140
Trd, 4318964.243, 140
Trd, 4318966.343, 140
Trd, 4318968.093, 140
Trd, 4318968.693, 140
Trd, 4318969.393, 140
Trd, 4318971.143, 140
Trd, 4318971.543, 140
Trd, 4318973.243, 140
Trd, 4318974.093, 140
Trd, 4318977.193, 140
Trd, 4318979.043, 140
Trd, 4318979.493, 140
Trd, 4318979.643, 140
Trd, 4318980.293, 140
Trd, 4318980.343, 140
Trd, 4318980.493, 140
Trd, 4318981.243, 140
Trd, 4318982.243, 140
Trd, 4318983.543, 140
Trd, 4318984.093, 140
Trd, 4318984.393, 140
Trd, 4318985.793, 140
Trd, 4318986.993, 140
Trd, 4318989.243, 140
Trd, 4318989.643, 140
Trd, 4318989.743, 140
Trd, 4318990.843, 140
Trd, 4318991.293, 140
Trd, 4318991.843, 140
Trd, 4318993.643, 140
Trd, 4318994.143, 140
Trd, 4318994.343, 140
Trd, 4318995.043, 140
Trd, 4318995.743, 140
Trd, 4318995.943, 140
Trd, 4318997.393, 140
Trd, 4318999.143, 140
Trd, 4318999.493, 140
Trd, 4319000.143, 140
Trd, 4319001.543, 140
Trd, 4319001.843, 140
Trd, 4319002.643, 140
Trd, 4319003.393, 140
Trd, 4319005.393, 140
Trd, 4319005.943, 140
Trd, 4319006.143, 140
Trd, 4319008.643, 140
Trd, 4319008.843, 140
Trd, 4319009.143, 140
Trd, 4319009.843, 140
Trd, 4319010.743, 140
Trd, 4319013.343, 140
Trd, 4319013.743, 140
Trd, 4319013.793, 140
Trd, 4319014.543, 140
Trd, 4319014.993, 140
Trd, 4319016.743, 140
Trd, 4319018.543, 140
Trd, 4319018.593, 140
Trd, 4319020.643, 140
Trd, 4319021.493, 140
Trd, 4319021.543, 140
Trd, 4319021.843, 140
Trd, 4319022.243, 140
Trd, 4319024.893, 140
Trd, 4319024.993, 140
Trd, 4319025.493, 140
Trd, 4319026.643, 140
Trd, 4319028.243, 140
Trd, 4319030.043, 140
Trd, 4319030.343, 140
Trd, 4319032.093, 140
Trd, 4319034.343, 140
Trd, 4319034.393, 140
Trd, 4319034.993, 140
Trd, 4319036.693, 140
Trd, 4319037.443, 140
Trd, 4319037.493, 140
Trd, 4319041.143, 140
Trd, 4319041.493, 140
Trd, 4319042.693, 140
Trd, 4319044.293, 140
Trd, 4319045.743, 140
Trd, 4319046.243, 140
Trd, 4319046.293, 140
Trd, 4319048.893, 140
Trd, 4319049.643, 140
Trd, 4319052.393, 140
Trd, 4319052.543, 140
Trd, 4319052.743, 140
Trd, 4319052.843, 140
Trd, 4319054.093, 140
Trd, 4319054.243, 140
Trd, 4319054.543, 140
Trd, 4319055.543, 140
Trd, 4319055.843, 140
Trd, 4319056.193, 140
Trd, 4319058.693, 140
Trd, 4319059.693, 140
Trd, 4319060.543, 140
Trd, 4319061.593, 140
Trd, 4319061.793, 140
Trd, 4319063.543, 140
Trd, 4319063.793, 140
Trd, 4319065.893, 140
Trd, 4319066.843, 140
Trd, 4319067.893, 140
Trd, 4319068.093, 140
Trd, 4319068.793, 140
Trd, 4319069.543, 140
Trd, 4319070.643, 140
Trd, 4319073.643, 140
Trd, 4319073.693, 140
Trd, 4319074.393, 140
Trd, 4319075.043, 140
Trd, 4319075.293, 140
Trd, 4319077.543, 140
Trd, 4319080.343, 140
Trd, 4319080.493, 140
Trd, 4319081.443, 140
Trd, 4319082.293, 140
Trd, 4319082.343, 140
Trd, 4319084.493, 140
Trd, 4319084.743, 140
Trd, 4319086.243, 140
Trd, 4319087.043, 140
Trd, 4319087.843, 140
Trd, 4319088.743, 140
Trd, 4319089.493, 140
Trd, 4319092.043, 140
Trd, 4319092.743, 140
Trd, 4319093.393, 140
Trd, 4319094.293, 140
Trd, 4319094.693, 140
Trd, 4319096.443, 140
Trd, 4319097.793, 140
Trd, 4319100.043, 140
Trd, 4319100.593, 140
Trd, 4319101.243, 140
Trd, 4319101.893, 140
Trd, 4319102.893, 140
Trd, 4319104.093, 140
Trd, 4319104.793, 140
Trd, 4319105.093, 140
Trd, 4319106.543, 140
Trd, 4319108.943, 140
Trd, 4319109.493, 140
Trd, 4319112.793, 140
Trd, 4319113.243, 140
Trd, 4319114.193, 140
Trd, 4319114.893, 140
Trd, 4319115.243, 140
Trd, 4319116.043, 140
Trd, 4319116.743, 140
Trd, 4319117.343, 140
Trd, 4319118.793, 140
Trd, 4319119.043, 140
Trd, 4319120.643, 140
Trd, 4319123.443, 140
Trd, 4319126.493, 140
Trd, 4319126.543, 140
Trd, 4319127.693, 140
Trd, 4319127.843, 140
Trd, 4319128.543, 140
Trd, 4319129.043, 140
Trd, 4319130.243, 140
Trd, 4319131.593, 140
Trd, 4319132.093, 140
Trd, 4319133.543, 140
Trd, 4319134.293, 140
Trd, 4319134.443, 140
Trd, 4319134.543, 140
Trd, 4319134.793, 140
Trd, 4319136.343, 140
Trd, 4319137.693, 140
Trd, 4319137.743, 140
Trd, 4319137.893, 140
Trd, 4319139.693, 140
Trd, 4319139.793, 140
Trd, 4319140.343, 140
Trd, 4319140.443, 140
Trd, 4319140.643, 139
Trd, 4319140.943, 133
Trd, 4319143.443, 140
Trd, 4319145.343, 140
Trd, 4319145.843, 140
Trd, 4319146.093, 140
Trd, 4319148.193, 140
Trd, 4319148.643, 140
Trd, 4319149.043, 140
Trd, 4319150.593, 140
Trd, 4319151.043, 140
Trd, 4319152.693, 140
Trd, 4319153.893, 140
Trd, 4319155.143, 140
Trd, 4319155.743, 140
Trd, 4319156.193, 140
Trd, 4319158.143, 140
Trd, 4319158.293, 140
Trd, 4319158.343, 140
Trd, 4319158.743, 140
Trd, 4319159.293, 140
Trd, 4319159.943, 140
Trd, 4319160.243, 138
Trd, 4319161.593, 140
Trd, 4319161.843, 140
Trd, 4319162.243, 140
Trd, 4319165.293, 140
Trd, 4319168.093, 140
Trd, 4319168.343, 140
Trd, 4319168.793, 140
Trd, 4319169.393, 140
Trd, 4319170.193, 140
Trd, 4319170.543, 140
Trd, 4319172.243, 140
Trd, 4319172.293, 140
Trd, 4319174.693, 140
Trd, 4319175.093, 140
Trd, 4319176.093, 140
Trd, 4319176.593, 140
Trd, 4319178.043, 140
Trd, 4319178.343, 140
Trd, 4319178.643, 140
Trd, 4319178.943, 140
Trd, 4319178.993, 140
Trd, 4319181.493, 140
Trd, 4319182.493, 140
Trd, 4319182.993, 140
Trd, 4319184.093, 140
Trd, 4319184.243, 140
Trd, 4319187.493, 140
Trd, 4319187.643, 140
Trd, 4319187.743, 140
Trd, 4319188.143, 140
Trd, 4319188.843, 140
Trd, 4319189.943, 140
Trd, 4319191.643, 140
Trd, 4319191.993, 140
Trd, 4319193.893, 140
Trd, 4319194.793, 140
Trd, 4319195.443, 140
Trd, 4319195.493, 140
Trd, 4319196.643, 140
Trd, 4319198.993, 140
Trd, 4319200.343, 140
Trd, 4319200.443, 140
Trd, 4319200.943, 140
Trd, 4319201.193, 140
Trd, 4319202.443, 140
Trd, 4319202.793, 140
Trd, 4319204.843, 140
Trd, 4319205.343, 140
Trd, 4319206.543, 140
Trd, 4319207.243, 140
Trd, 4319207.693, 140
Trd, 4319208.393, 140
Trd, 4319208.993, 140
Trd, 4319210.093, 140
Trd, 4319212.393, 140
Trd, 4319213.293, 140
Trd, 4319215.193, 140
Trd, 4319216.993, 140
Trd, 4319218.093, 140
Trd, 4319218.743, 140
Trd, 4319220.793, 140
Trd, 4319220.893, 140
Trd, 4319220.993, 140
Trd, 4319221.043, 140
Trd, 4319221.643, 140
Trd, 4319224.593, 140
Trd, 4319224.893, 140
Trd, 4319225.543, 140
Trd, 4319225.843, 140
Trd, 4319226.993, 140
Trd, 4319227.043, 140
Trd, 4319228.393, 140
Trd, 4319228.693, 140
Trd, 4319229.093, 140
Trd, 4319229.743, 140
Trd, 4319229.843, 140
Trd, 4319231.493, 140
Trd, 4319233.343, 140
Trd, 4319233.693, 140
Trd, 4319234.143, 140
Trd, 4319235.643, 140
Trd, 4319236.343, 140
Trd, 4319237.743, 140
Trd, 4319238.093, 140
Trd, 4319239.443, 140
Trd, 4319239.493, 140
Trd, 4319242.043, 140
Trd, 4319243.443, 140
Trd, 4319244.993, 140
Trd, 4319246.343, 140
Trd, 4319246.843, 140
Trd, 4319247.743, 140
Trd, 4319248.193, 140
Trd, 4319249.343, 140
Trd, 4319250.843, 140
Trd, 4319251.093, 140
Trd, 4319251.543, 140
Trd, 4319251.743, 140
Trd, 4319253.643, 140
Trd, 4319255.293, 140
Trd, 4319255.943, 140
Trd, 4319256.843, 140
Trd, 4319258.843, 140
Trd, 4319260.393, 140
Trd, 4319261.443, 140
Trd, 4319262.343, 140
Trd, 4319262.793, 140
Trd, 4319262.843, 140
Trd, 4319264.293, 140
Trd, 4319264.843, 140
Trd, 4319266.093, 140
Trd, 4319266.343, 140
Trd, 4319267.743, 140
Trd, 4319267.893, 140
Trd, 4319268.743, 140
Trd, 4319269.043, 140
Trd, 4319271.293, 140
Trd, 4319271.593, 140
Trd, 4319273.743, 140
Trd, 4319274.493, 140
Trd, 4319274.543, 140
Trd, 4319275.843, 140
Trd, 4319277.593, 140
Trd, 4319281.693, 140
Trd, 4319282.593, 140
Trd, 4319282.693, 140
Trd, 4319282.843, 140
Trd, 4319283.243, 140
Trd, 4319283.743, 140
Trd, 4319283.843, 140
Trd, 4319284.743, 140
Trd, 4319286.443, 140
Trd, 4319289.993, 140
Trd, 4319290.743, 140
Trd, 4319290.993, 140
Trd, 4319291.393, 140
Trd, 4319292.793, 140
Trd, 4319292.843, 140
Trd, 4319295.093, 140
Trd, 4319295.593, 140
Trd, 4319297.193, 140
Trd, 4319298.843, 140
Trd, 4319299.393, 140
Trd, 4319299.543, 140
Trd, 4319299.843, 140
Trd, 4319300.793, 140
Trd, 4319301.343, 140
Trd, 4319302.743, 140
Trd, 4319302.943, 140
Trd, 4319303.593, 140
Trd, 4319303.893, 140
Trd, 4319305.143, 140
Trd, 4319308.943, 140
Trd, 4319309.593, 140
Trd, 4319309.893, 140
Trd, 4319310.043, 140
Trd, 4319310.993, 140
Trd, 4319311.993, 140
Trd, 4319314.093, 140
Trd, 4319314.343, 140
Trd, 4319315.093, 140
Trd, 4319315.143, 140
Trd, 4319315.393, 140
Trd, 4319316.143, 140
Trd, 4319316.543, 140
Trd, 4319317.843, 140
Trd, 4319318.293, 140
Trd, 4319319.093, 78
Trd, 4319319.193, 79
Trd, 4319322.743, 140
Trd, 4319323.293, 140
Trd, 4319325.293, 140
Trd, 4319325.343, 140
Trd, 4319325.793, 140
Trd, 4319326.143, 140
Trd, 4319327.943, 140
Trd, 4319328.843, 140
Trd, 4319330.293, 140
Trd, 4319330.893, 140
Trd, 4319331.043, 140
Trd, 4319332.743, 140
Trd, 4319332.943, 140
Trd, 4319333.943, 140
Trd, 4319335.993, 140
Trd, 4319336.393, 140
Trd, 4319336.493, 140
Trd, 4319336.693, 140
Trd, 4319336.793, 140
Trd, 4319337.743, 140
Trd, 4319338.693, 140
Trd, 4319341.193, 140
Trd, 4319341.893, 140
Trd, 4319342.143, 140
Trd, 4319342.593, 140
Trd, 4319342.793, 136
Trd, 4319344.643, 140
Trd, 4319344.743, 140
Trd, 4319347.543, 140
Trd, 4319347.643, 140
Trd, 4319347.943, 140
Trd, 4319348.093, 140
Trd, 4319348.243, 140
Trd, 4319348.743, 139
Trd, 4319351.693, 140
Trd, 4319352.993, 140
Trd, 4319353.293, 140
Trd, 4319354.893, 140
Trd, 4319355.343, 140
Trd, 4319356.293, 140
Trd, 4319357.793, 140
Trd, 4319357.993, 140
Trd, 4319360.193, 140
Trd, 4319361.643, 140
Trd, 4319361.793, 140
Trd, 4319362.343, 140
Trd, 4319362.493, 140
Trd, 4319363.543, 140
Trd, 4319363.793, 140
Trd, 4319364.893, 140
Trd, 4319365.693, 140
Trd, 4319367.043, 140
Trd, 4319367.543, 140
Trd, 4319370.243, 140
Trd, 4319370.743, 140
Trd, 4319372.293, 140
Trd, 4319372.693, 140
Trd, 4319373.643, 140
Trd, 4319375.543, 140
Trd, 4319376.243, 140
Trd, 4319377.393, 140
Trd, 4319378.143, 140
Trd, 4319378.243, 140
Trd, 4319380.543, 140
Trd, 4319381.293, 140
Trd, 4319382.243, 140
Trd, 4319384.193, 140
Trd, 4319386.043, 140
Trd, 4319386.493, 140
Trd, 4319387.493, 140
Trd, 4319388.443, 140
Trd, 4319388.643, 140
Trd, 4319389.143, 140
Trd, 4319389.493, 140
Trd, 4319391.843, 140
Trd, 4319392.793, 140
Trd, 4319393.093, 140
Trd, 4319395.043, 140
Trd, 4319396.443, 140
Trd, 4319398.343, 140
Trd, 4319399.193, 140
Trd, 4319399.743, 140
Trd, 4319399.943, 140
Trd, 4319400.643, 140
Trd, 4319401.293, 140
Trd, 4319402.493, 140
Trd, 4319403.193, 140
Trd, 4319403.993, 140
Trd, 4319404.093, 140
Trd, 4319405.243, 140
Trd, 4319406.393, 140
Trd, 4319407.643, 140
Trd, 4319407.843, 140
Trd, 4319409.843, 140
Trd, 4319410.093, 140
Trd, 4319411.143, 140
Trd, 4319411.443, 140
Trd, 4319411.943, 140
Trd, 4319413.443, 140
Trd, 4319416.043, 140
Trd, 4319416.343, 140
Trd, 4319417.093, 140
Trd, 4319418.143, 140
Trd, 4319419.243, 140
Trd, 4319420.643, 140
Trd, 4319420.843, 140
Trd, 4319421.743, 140
Trd, 4319422.193, 140
Trd, 4319422.943, 140
Trd, 4319427.543, 140
Trd, 4319427.643, 140
Trd, 4319428.943, 140
Trd, 4319429.093, 140
Trd, 4319429.193, 140
Trd, 4319429.443, 140
Trd, 4319429.793, 140
Trd, 4319430.043, 140
Trd, 4319430.243, 139
Trd, 4319431.643, 139
Trd, 4319431.743, 139
Trd, 4319433.293, 140
Trd, 4319434.843, 140
Trd, 4319437.143, 140
Trd, 4319437.643, 140
Trd, 4319438.193, 140
Trd, 4319439.643, 140
Trd, 4319440.243, 140
Trd, 4319440.393, 137
Trd, 4319441.293, 140
Trd, 4319441.843, 140
Trd, 4319444.593, 140
Trd, 4319445.243, 140
Trd, 4319446.193, 140
Trd, 4319446.493, 140
Trd, 4319446.643, 140
Trd, 4319448.493, 140
Trd, 4319448.843, 140
Trd, 4319454.143, 140
Trd, 4319455.293, 140
Trd, 4319455.343, 140
Trd, 4319455.493, 140
Trd, 4319456.893, 140
Trd, 4319459.043, 140
Trd, 4319459.143, 140
Trd, 4319459.543, 140
Trd, 4319461.643, 140
Trd, 4319461.993, 140
Trd, 4319463.193, 140
Trd, 4319463.843, 140
Trd, 4319464.093, 140
Trd, 4319465.843, 140
Trd, 4319467.143, 140
Trd, 4319467.693, 140
Trd, 4319467.743, 140
Trd, 4319468.143, 140
Trd, 4319468.843, 140
Trd, 4319470.643, 140
Trd, 4319470.843, 140
Trd, 4319471.843, 140
Trd, 4319471.993, 140
Trd, 4319472.043, 140
Trd, 4319473.093, 140
Trd, 4319476.293, 140
Trd, 4319477.693, 140
Trd, 4319478.043, 140
Trd, 4319478.443, 140
Trd, 4319479.293, 140
Trd, 4319479.843, 140
Trd, 4319480.143, 140
Trd, 4319480.893, 140
Trd, 4319481.643, 140
Trd, 4319483.343, 140
Trd, 4319484.693, 140
Trd, 4319484.943, 140
Trd, 4319485.743, 140
Trd, 4319485.793, 140
Trd, 4319485.843, 140
Trd, 4319486.843, 140
Trd, 4319487.293, 139
Trd, 4319490.043, 140
Trd, 4319491.293, 140
Trd, 4319493.343, 140
Trd, 4319493.643, 140
Trd, 4319494.643, 140
Trd, 4319495.493, 140
Trd, 4319497.543, 140
Trd, 4319498.593, 140
Trd, 4319499.143, 140
Trd, 4319500.443, 140
Trd, 4319500.693, 140
Trd, 4319501.593, 140
Trd, 4319503.143, 140
Trd, 4319503.493, 140
Trd, 4319504.093, 140
Trd, 4319506.843, 140
Trd, 4319507.793, 140
Trd, 4319509.643, 140
Trd, 4319509.693, 140
Trd, 4319510.493, 140
Trd, 4319511.643, 140
Trd, 4319515.043, 140
Trd, 4319515.393, 140
Trd, 4319515.693, 140
Trd, 4319516.043, 140
Trd, 4319516.593, 140
Trd, 4319517.593, 140
Trd, 4319520.293, 140
Trd, 4319520.543, 140
Trd, 4319520.793, 140
Trd, 4319521.043, 140
Trd, 4319521.243, 140
Trd, 4319522.743, 140
Trd, 4319523.043, 140
Trd, 4319523.793, 140
Trd, 4319525.393, 140
Trd, 4319525.443, 140
Trd, 4319526.193, 140
Trd, 4319527.093, 140
Trd, 4319528.643, 140
Trd, 4319529.093, 140
Trd, 4319529.293, 140
Trd, 4319529.693, 140
Trd, 4319530.843, 140
Trd, 4319534.243, 140
Trd, 4319535.093, 140
Trd, 4319535.393, 140
Trd, 4319535.743, 140
Trd, 4319536.193, 140
Trd, 4319536.443, 140
Trd, 4319536.743, 140
Trd, 4319537.043, 140
Trd, 4319537.793, 140
Trd, 4319538.443, 140
Trd, 4319541.193, 140
Trd, 4319542.543, 140
Trd, 4319542.843, 140
Trd, 4319543.243, 140
Trd, 4319544.493, 140
Trd, 4319545.543, 140
Trd, 4319545.943, 140
Trd, 4319549.643, 140
Trd, 4319550.093, 140
Trd, 4319551.093, 140
Trd, 4319551.643, 140
Trd, 4319552.693, 140
Trd, 4319552.843, 140
Trd, 4319553.443, 140
Trd, 4319554.943, 140
Trd, 4319555.543, 140
Trd, 4319557.493, 140
Trd, 4319557.743, 140
Trd, 4319558.293, 140
Trd, 4319559.493, 140
Trd, 4319561.543, 140
Trd, 4319562.993, 140
Trd, 4319563.543, 140
Trd, 4319564.143, 140
Trd, 4319564.443, 140
Trd, 4319564.943, 140
Trd, 4319567.793, 140
Trd, 4319567.843, 140
Trd, 4319567.993, 140
Trd, 4319569.193, 140
Trd, 4319570.943, 140
Trd, 4319571.843, 140
Trd, 4319572.043, 140
Trd, 4319572.993, 140
Trd, 4319573.743, 140
Trd, 4319574.693, 140
Trd, 4319576.093, 140
Trd, 4319576.593, 140
Trd, 4319577.643, 140
Trd, 4319577.943, 140
Trd, 4319578.843, 140
Trd, 4319580.243, 140
Trd, 4319581.593, 140
Trd, 4319583.443, 140
Trd, 4319583.693, 140
Trd, 4319584.543, 140
Trd, 4319585.893, 140
Trd, 4319586.643, 140
Trd, 4319586.793, 140
Trd, 4319588.243, 140
Trd, 4319588.993, 140
Trd, 4319589.643, 140
Trd, 4319590.343, 140
Trd, 4319590.843, 140
Trd, 4319591.743, 140
Trd, 4319593.043, 140
Trd, 4319593.593, 140
Trd, 4319594.743, 140
Trd, 4319596.843, 140
Trd, 4319599.193, 140
Trd, 4319600.093, 140
Trd, 4319600.343, 140
Trd, 4319600.793, 140
Trd, 4319602.743, 140
Trd, 4319602.893, 140
Trd, 4319603.743, 140
Trd, 4319605.143, 140
Trd, 4319606.843, 140
Trd, 4319607.043, 140
Trd, 4319608.443, 140
Trd, 4319608.743, 140
Trd, 4319608.943, 140
Trd, 4319610.843, 140
Trd, 4319611.593, 140
Trd, 4319612.893, 140
Trd, 4319613.643, 140
Trd, 4319613.993, 140
Trd, 4319614.493, 140
Trd, 4319614.893, 140
Trd, 4319615.843, 140
Trd, 4319617.593, 140
Trd, 4319618.343, 140
Trd, 4319620.443, 140
Trd, 4319621.393, 140
Trd, 4319622.093, 140
Trd, 4319624.793, 140
Trd, 4319626.043, 140
Trd, 4319626.593, 140
Trd, 4319627.093, 140
Trd, 4319627.743, 140
Trd, 4319627.943, 140
Trd, 4319628.143, 140
Trd, 4319628.893, 140
Trd, 4319630.293, 140
Trd, 4319631.043, 140
Trd, 4319631.143, 140
Trd, 4319631.893, 140
Trd, 4319633.743, 140
Trd, 4319634.793, 140
Trd, 4319635.443, 140
Trd, 4319637.193, 140
Trd, 4319637.993, 140
Trd, 4319638.443, 140
Trd, 4319640.343, 140
Trd, 4319640.893, 140
Trd, 4319641.043, 140
Trd, 4319641.293, 140
Trd, 4319642.243, 140
Trd, 4319642.643, 140
Trd, 4319642.843, 140
Trd, 4319644.493, 140
Trd, 4319645.143, 140
Trd, 4319645.443, 140
Trd, 4319647.143, 140
Trd, 4319648.443, 140
Trd, 4319650.293, 140
Trd, 4319650.443, 140
Trd, 4319651.693, 140
Trd, 4319651.843, 140
Trd, 4319652.543, 140
Trd, 4319652.593, 140
Trd, 4319654.043, 140
Trd, 4319655.743, 140
Trd, 4319656.293, 140
Trd, 4319657.293, 140
Trd, 4319657.843, 140
Trd, 4319659.743, 140
Trd, 4319661.043, 140
Trd, 4319661.193, 140
Trd, 4319662.343, 140
Trd, 4319662.393, 140
Trd, 4319663.493, 140
Trd, 4319663.943, 140
Trd, 4319664.143, 140
Trd, 4319664.893, 140
Trd, 4319667.693, 140
Trd, 4319668.243, 140
Trd, 4319668.493, 140
Trd, 4319669.793, 140
Trd, 4319669.993, 140
Trd, 4319671.143, 140
Trd, 4319671.243, 140
Trd, 4319671.643, 140
Trd, 4319672.543, 140
Trd, 4319672.843, 140
Trd, 4319673.493, 140
Trd, 4319677.543, 140
Trd, 4319678.143, 140
Trd, 4319678.293, 140
Trd, 4319679.593, 140
Trd, 4319679.793, 140
Trd, 4319681.693, 140
Trd, 4319681.843, 140
Trd, 4319682.593, 140
Trd, 4319682.693, 138
Trd, 4319682.943, 137
Trd, 4319686.443, 140
Trd, 4319687.493, 140
Trd, 4319688.093, 140
Trd, 4319689.893, 140
Trd, 4319691.193, 140
Trd, 4319691.343, 140
Trd, 4319692.193, 140
Trd, 4319693.243, 140
Trd, 4319694.093, 140
Trd, 4319695.593, 140
Trd, 4319696.743, 140
Trd, 4319697.443, 140
Trd, 4319699.393, 140
Trd, 4319700.093, 140
Trd, 4319700.943, 140
Trd, 4319701.193, 140
Trd, 4319702.143, 140
Trd, 4319702.393, 140
Trd, 4319703.843, 140
Trd, 4319703.993, 140
Trd, 4319706.893, 140
Trd, 4319707.793, 140
Trd, 4319708.293, 140
Trd, 4319709.393, 140
Trd, 4319709.993, 140
Trd, 4319710.443, 140
Trd, 4319711.193, 140
Trd, 4319711.543, 140
Trd, 4319714.393, 140
Trd, 4319716.143, 140
Trd, 4319717.943, 140
Trd, 4319718.593, 140
Trd, 4319718.843, 140
Trd, 4319719.243, 140
Trd, 4319720.643, 140
Trd, 4319722.593, 140
Trd, 4319723.243, 140
Trd, 4319723.693, 140
Trd, 4319723.843, 139
Trd, 4319725.443, 140
Trd, 4319726.393, 140
Trd, 4319726.993, 140
Trd, 4319727.243, 140
Trd, 4319728.543, 140
Trd, 4319728.593, 140
Trd, 4319728.793, 140
Trd, 4319729.193, 140
Trd, 4319731.443, 140
Trd, 4319731.743, 140
Trd, 4319733.093, 140
Trd, 4319733.293, 140
Trd, 4319734.543, 140
Trd, 4319735.493, 140
Trd, 4319736.793, 140
Trd, 4319737.793, 140
Trd, 4319738.343, 140
Trd, 4319738.993, 140
Trd, 4319741.693, 140
Trd, 4319743.093, 140
Trd, 4319744.043, 140
Trd, 4319745.493, 140
Trd, 4319745.743, 140
Trd, 4319746.043, 140
Trd, 4319746.693, 140
Trd, 4319747.393, 140
Trd, 4319748.993, 140
Trd, 4319749.093, 140
Trd, 4319749.543, 140
Trd, 4319751.293, 140
Trd, 4319751.743, 140
Trd, 4319752.093, 140
Trd, 4319753.493, 140
Trd, 4319754.443, 140
Trd, 4319755.143, 140
Trd, 4319755.393, 140
Trd, 4319755.643, 140
Trd, 4319758.993, 140
Trd, 4319759.393, 140
Trd, 4319759.943, 140
Trd, 4319760.593, 140
Trd, 4319761.743, 140
Trd, 4319762.293, 140
Trd, 4319762.343, 140
Trd, 4319763.043, 140
Trd, 4319763.893, 140
Trd, 4319765.043, 139
Trd, 4319765.643, 140
Trd, 4319767.293, 140
Trd, 4319768.293, 140
Trd, 4319770.843, 140
Trd, 4319771.143, 140
Trd, 4319771.493, 140
Trd, 4319771.993, 140
Trd, 4319774.093, 140
Trd, 4319776.093, 140
Trd, 4319776.393, 140
Trd, 4319776.893, 140
Trd, 4319777.993, 140
Trd, 4319778.743, 140
Trd, 4319779.143, 140
Trd, 4319782.093, 140
Trd, 4319782.293, 140
Trd, 4319782.343, 140
Trd, 4319783.143, 140
Trd, 4319783.793, 140
Trd, 4319785.493, 140
Trd, 4319785.743, 140
Trd, 4319787.143, 140
Trd, 4319787.893, 140
Trd, 4319788.343, 140
Trd, 4319789.893, 140
Trd, 4319790.143, 140
Trd, 4319791.193, 140
Trd, 4319791.393, 140
Trd, 4319791.543, 140
Trd, 4319792.943, 140
Trd, 4319792.993, 140
Trd, 4319795.843, 140
Trd, 4319797.643, 140
Trd, 4319797.693, 140
Trd, 4319798.043, 140
Trd, 4319798.243, 140
Trd, 4319800.243, 140
Trd, 4319800.493, 140
Trd, 4319800.643, 140
Trd, 4319801.743, 140
Trd, 4319802.293, 140
Trd, 4319802.893, 140
Trd, 4319803.343, 140
Trd, 4319804.443, 140
Trd, 4319805.993, 140
Trd, 4319806.143, 140
Trd, 4319807.193, 140
Trd, 4319807.843, 140
Trd, 4319808.293, 140
Trd, 4319813.193, 140
Trd, 4319813.643, 140
Trd, 4319815.143, 140
Trd, 4319815.843, 140
Trd, 4319816.643, 140
Trd, 4319818.393, 140
Trd, 4319820.393, 140
Trd, 4319820.693, 140
Trd, 4319820.943, 140
Trd, 4319821.743, 140
Trd, 4319822.493, 140
Trd, 4319822.593, 140
Trd, 4319825.743, 140
Trd, 4319826.593, 140
Trd, 4319827.493, 140
Trd, 4319827.593, 140
Trd, 4319828.543, 140
Trd, 4319828.893, 140
Trd, 4319829.393, 140
Trd, 4319829.493, 140
Trd, 4319831.193, 140
Trd, 4319831.743, 140
Trd, 4319831.943, 140
Trd, 4319832.543, 140
Trd, 4319834.943, 140
Trd, 4319835.343, 140
Trd, 4319835.993, 140
Trd, 4319836.193, 140
Trd, 4319836.943, 140
Trd, 4319838.293, 140
Trd, 4319840.293, 140
Trd, 4319840.393, 140
Trd, 4319841.893, 140
Trd, 4319843.143, 140
Trd, 4319843.643, 140
Trd, 4319843.693, 140
Trd, 4319844.643, 140
Trd, 4319844.793, 140
Trd, 4319846.743, 140
Trd, 4319846.893, 140
Trd, 4319849.243, 140
Trd, 4319849.593, 140
Trd, 4319850.643, 140
Trd, 4319852.143, 140
Trd, 4319853.693, 140
Trd, 4319854.243, 140
Trd, 4319855.093, 140
Trd, 4319856.193, 140
Trd, 4319858.493, 140
Trd, 4319859.593, 140
Trd, 4319860.343, 140
Trd, 4319860.643, 140
Trd, 4319861.443, 140
Trd, 4319862.543, 140
Trd, 4319863.093, 140
Trd, 4319863.393, 140
Trd, 4319865.093, 140
Trd, 4319868.093, 140
Trd, 4319868.943, 140
Trd, 4319869.393, 140
Trd, 4319870.393, 140
Trd, 4319870.643, 140
Trd, 4319872.043, 140
Trd, 4319872.693, 140
Trd, 4319873.193, 140
Trd, 4319873.343, 140
Trd, 4319873.393, 140
Trd, 4319875.143, 140
Trd, 4319875.443, 140
Trd, 4319876.143, 140
Trd, 4319880.443, 140
Trd, 4319881.043, 140
Trd, 4319881.343, 140
Trd, 4319882.543, 140
Trd, 4319883.643, 140
Trd, 4319884.243, 140
Trd, 4319886.543, 140
Trd, 4319887.393, 140
Trd, 4319887.493, 140
Trd, 4319887.793, 140
Trd, 4319888.093, 140
Trd, 4319888.143, 139
Trd, 4319888.843, 140
Trd, 4319890.143, 140
Trd, 4319891.143, 140
Trd, 4319892.593, 140
Trd, 4319893.293, 140
Trd, 4319894.543, 140
Trd, 4319896.593, 140
Trd, 4319896.643, 140
Trd, 4319898.293, 140
Trd, 4319899.493, 140
Trd, 4319900.393, 140
Trd, 4319901.543, 140
Trd, 4319902.443, 140
Trd, 4319903.693, 140
Trd, 4319904.793, 140
Trd, 4319906.093, 140
Trd, 4319906.443, 140
Trd, 4319907.343, 140
Trd, 4319909.593, 140
Trd, 4319909.643, 140
Trd, 4319911.793, 140
Trd, 4319911.993, 140
Trd, 4319912.443, 140
Trd, 4319913.593, 140
Trd, 4319913.643, 140
Trd, 4319915.293, 140
Trd, 4319917.843, 140
Trd, 4319918.093, 140
Trd, 4319919.543, 140
Trd, 4319919.593, 140
Trd, 4319922.893, 140
Trd, 4319923.593, 140
Trd, 4319923.693, 140
Trd, 4319925.943, 140
Trd, 4319926.793, 140
Trd, 4319928.343, 140
Trd, 4319928.393, 140
Trd, 4319929.793, 140
Trd, 4319929.993, 140
Trd, 4319930.943, 140
Trd, 4319931.693, 140
Trd, 4319932.593, 140
Trd, 4319934.943, 140
Trd, 4319935.243, 140
Trd, 4319935.593, 140
Trd, 4319936.543, 140
Trd, 4319937.143, 140
Trd, 4319937.993, 140
Trd, 4319938.243, 140
Trd, 4319938.493, 140
Trd, 4319938.743, 140
Trd, 4319939.243, 140
Trd, 4319939.843, 140
Trd, 4319941.043, 140
Trd, 4319941.193, 140
Trd, 4319943.143, 140
Trd, 4319944.043, 140
Trd, 4319944.193, 140
Trd, 4319945.843, 140
Trd, 4319947.043, 140
Trd, 4319947.593, 140
Trd, 4319948.993, 140
Trd, 4319949.543, 140
Trd, 4319952.893, 140
Trd, 4319954.593, 140
Trd, 4319954.793, 140
Trd, 4319955.793, 140
Trd, 4319955.993, 140
Trd, 4319956.093, 140
Trd, 4319957.093, 140
Trd, 4319957.993, 140
Trd, 4319958.093, 140
Trd, 4319959.543, 140
Trd, 4319959.593, 140
Trd, 4319959.843, 140
Trd, 4319959.993, 140
Trd, 4319960.743, 140
Trd, 4319962.743, 140
Trd, 4319962.943, 140
Trd, 4319963.143, 140
Trd, 4319965.293, 140
Trd, 4319965.693, 139
Trd, 4319966.693, 140
Trd, 4319966.893, 140
Trd, 4319969.093, 140
Trd, 4319970.843, 140
Trd, 4319971.843, 140
Trd, 4319972.043, 140
Trd, 4319973.293, 140
Trd, 4319974.593, 140
Trd, 4319975.243, 140
Trd, 4319975.793, 140
Trd, 4319977.343, 140
Trd, 4319977.943, 140
Trd, 4319978.043, 140
Trd, 4319980.493, 140
Trd, 4319981.743, 140
Trd, 4319981.793, 140
Trd, 4319983.343, 140
Trd, 4319983.943, 140
Trd, 4319984.493, 139
Trd, 4319985.243, 140
Trd, 4319985.993, 140
Trd, 4319986.693, 140
Trd, 4319987.443, 140
Trd, 4319988.193, 140
Trd, 4319988.993, 140
Trd, 4319992.143, 140
Trd, 4319993.093, 140
Trd, 4319993.743, 140
Trd, 4319995.243, 140
Trd, 4319995.393, 140
Trd, 4319996.543, 140
Trd, 4319997.493, 140
Trd, 4319997.643, 140
Trd, 4319999.943, 140
