Trd, 4318107.393, 140
Trd, 4318107.693, 140
Trd, 4318108.243, 130
Trd, 4318108.993, 63
Trd, 4318109.243, 105
Trd, 4318109.993, 94
Trd, 4318111.343, 139
Trd, 4318112.243, 140
Trd, 4318112.743, 94
Trd, 4318113.343, 91
Trd, 4318114.743, 109
Trd, 4318114.793, 92
Trd, 4318115.243, 93
Trd, 4318116.843, 140
Trd, 4318117.493, 73
Trd, 4318117.543, 101
Trd, 4318119.393, 124
Trd, 4318119.593, 136
Trd, 4318120.043, 122
Trd, 4318120.493, 131
Trd, 4318121.143, 107
Trd, 4318124.043, 128
Trd, 4318124.293, 126
Trd, 4318124.793, 138
Trd, 4318125.493, 134
Trd, 4318125.643, 98
Trd, 4318126.293, 116
Trd, 4318126.793, 120
Trd, 4318127.293, 103
Trd, 4318128.443, 122
Trd, 4318130.643, 140
Trd, 4318130.693, 130
Trd, 4318130.893, 99
Trd, 4318131.793, 134
Trd, 4318132.743, 125
Trd, 4318133.393, 140
Trd, 4318134.193, 140
Trd, 4318135.893, 140
Trd, 4318135.993, 140
Trd, 4318136.093, 135
Trd, 4318136.793, 83
Trd, 4318137.543, 73
Trd, 4318137.643, 120
Trd, 4318139.443, 77
Trd, 4318139.843, 118
Trd, 4318139.943, 125
Trd, 4318140.543, 103
Trd, 4318141.043, 123
Trd, 4318142.943, 140
Trd, 4318143.693, 140
Trd, 4318144.043, 138
Trd, 4318144.343, 134
Trd, 4318145.043, 133
Trd, 4318145.843, 103
Trd, 4318146.493, 118
Trd, 4318146.643, 119
Trd, 4318147.793, 77
Trd, 4318148.293, 110
Trd, 4318148.893, 70
Trd, 4318149.193, 117
Trd, 4318150.493, 117
Trd, 4318150.543, 109
Trd, 4318151.493, 140
Trd, 4318152.343, 140
Trd, 4318153.143, 139
Trd, 4318153.893, 90
Trd, 4318155.043, 136
Trd, 4318155.493, 124
Trd, 4318156.093, 123
Trd, 4318156.843, 122
Trd, 4318158.393, 133
Trd, 4318159.043, 88
Trd, 4318160.393, 130
Trd, 4318160.543, 120
Trd, 4318161.393, 140
Trd, 4318162.943, 121
Trd, 4318163.343, 86
Trd, 4318163.743, 84
Trd, 4318164.643, 113
Trd, 4318165.743, 88
Trd, 4318166.593, 61
Trd, 4318166.893, 69
Trd, 4318167.043, 94
Trd, 4318167.293, 105
Trd, 4318167.343, 70
Trd, 4318168.443, 140
Trd, 4318169.093, 110
Trd, 4318169.743, 140
Trd, 4318170.393, 110
Trd, 4318170.693, 95
Trd, 4318171.393, 91
Trd, 4318171.693, 107
Trd, 4318171.893, 93
Trd, 4318172.593, 91
Trd, 4318173.993, 63
Trd, 4318174.493, 136
Trd, 4318175.893, 140
Trd, 4318176.343, 140
Trd, 4318177.193, 138
Trd, 4318177.593, 140
Trd, 4318177.743, 126
Trd, 4318180.743, 138
Trd, 4318181.443, 127
Trd, 4318182.193, 115
Trd, 4318182.793, 130
Trd, 4318184.393, 117
Trd, 4318185.743, 140
Trd, 4318188.243, 140
Trd, 4318188.593, 140
Trd, 4318188.643, 140
Trd, 4318190.193, 135
Trd, 4318190.293, 119
Trd, 4318190.493, 103
Trd, 4318190.693, 107
Trd, 4318191.493, 140
Trd, 4318191.643, 138
Trd, 4318192.293, 132
Trd, 4318193.593, 131
Trd, 4318194.593, 136
Trd, 4318194.943, 140
Trd, 4318195.893, 139
Trd, 4318196.993, 138
Trd, 4318197.493, 129
Trd, 4318198.243, 128
Trd, 4318198.943, 131
Trd, 4318200.593, 140
Trd, 4318200.743, 117
Trd, 4318201.193, 88
Trd, 4318201.893, 60
Trd, 4318202.243, 60
Trd, 4318202.793, 66
Trd, 4318204.893, 62
Trd, 4318205.193, 75
Trd, 4318205.343, 76
Trd, 4318205.493, 70
Trd, 4318208.743, 140
Trd, 4318208.793, 139
Trd, 4318209.193, 121
Trd, 4318209.243, 120
Trd, 4318210.793, 137
Trd, 4318210.843, 136
Trd, 4318210.993, 108
Trd, 4318213.143, 114
Trd, 4318213.343, 96
Trd, 4318213.943, 113
Trd, 4318215.393, 140
Trd, 4318215.893, 140
Trd, 4318216.593, 140
Trd, 4318216.793, 138
Trd, 4318216.843, 132
Trd, 4318219.343, 135
Trd, 4318220.543, 140
Trd, 4318221.043, 140
Trd, 4318221.093, 129
Trd, 4318221.243, 104
Trd, 4318221.943, 137
Trd, 4318222.543, 94
Trd, 4318223.843, 80
Trd, 4318223.943, 82
Trd, 4318224.293, 73
Trd, 4318225.043, 140
Trd, 4318226.643, 113
Trd, 4318228.343, 116
Trd, 4318228.393, 115
Trd, 4318228.493, 95
Trd, 4318228.893, 70
Trd, 4318229.393, 137
Trd, 4318230.543, 103
Trd, 4318231.143, 104
Trd, 4318231.443, 70
Trd, 4318231.593, 74
Trd, 4318232.493, 122
Trd, 4318233.193, 131
Trd, 4318233.343, 108
Trd, 4318235.643, 93
Trd, 4318236.193, 93
Trd, 4318236.343, 90
Trd, 4318237.643, 140
Trd, 4318238.493, 119
Trd, 4318239.143, 139
Trd, 4318239.893, 139
Trd, 4318240.393, 81
Trd, 4318240.643, 82
Trd, 4318240.793, 81
Trd, 4318241.343, 73
Trd, 4318241.643, 72
Trd, 4318243.043, 140
Trd, 4318243.543, 84
Trd, 4318244.143, 85
Trd, 4318244.543, 82
Trd, 4318244.643, 94
Trd, 4318245.393, 93
Trd, 4318247.193, 108
Trd, 4318247.993, 134
Trd, 4318248.293, 132
Trd, 4318248.943, 114
Trd, 4318249.193, 112
Trd, 4318249.243, 63
Trd, 4318249.993, 137
Trd, 4318251.393, 100
Trd, 4318253.593, 110
Trd, 4318254.043, 109
Trd, 4318254.843, 86
Trd, 4318255.643, 69
Trd, 4318255.743, 128
Trd, 4318256.493, 134
Trd, 4318257.193, 62
Trd, 4318257.293, 62
Trd, 4318258.693, 60
Trd, 4318260.043, 61
Trd, 4318260.693, 60
Trd, 4318261.393, 61
Trd, 4318261.443, 76
Trd, 4318263.543, 140
Trd, 4318263.893, 140
Trd, 4318264.793, 140
Trd, 4318265.293, 131
Trd, 4318265.693, 121
Trd, 4318265.893, 119
Trd, 4318267.143, 92
Trd, 4318267.343, 87
Trd, 4318268.193, 139
Trd, 4318269.393, 140
Trd, 4318269.543, 116
Trd, 4318269.693, 113
Trd, 4318270.693, 88
Trd, 4318271.793, 136
Trd, 4318274.143, 129
Trd, 4318275.593, 139
Trd, 4318275.993, 140
Trd, 4318276.043, 139
Trd, 4318276.693, 102
Trd, 4318277.243, 95
Trd, 4318278.393, 131
Trd, 4318278.993, 125
Trd, 4318279.493, 71
Trd, 4318280.043, 71
Trd, 4318280.543, 72
Trd, 4318281.143, 72
Trd, 4318281.293, 137
Trd, 4318281.993, 87
Trd, 4318282.543, 139
Trd, 4318283.293, 111
Trd, 4318284.043, 61
Trd, 4318284.343, 62
Trd, 4318285.193, 63
Trd, 4318285.993, 60
Trd, 4318286.093, 60
Trd, 4318287.343, 140
Trd, 4318288.443, 130
Trd, 4318289.393, 100
Trd, 4318290.043, 125
Trd, 4318291.593, 120
Trd, 4318293.043, 140
Trd, 4318293.493, 140
Trd, 4318293.743, 139
Trd, 4318294.043, 118
Trd, 4318294.493, 93
Trd, 4318295.343, 139
Trd, 4318295.493, 89
Trd, 4318297.043, 127
Trd, 4318297.193, 126
Trd, 4318297.943, 83
Trd, 4318298.043, 128
Trd, 4318298.443, 71
Trd, 4318298.893, 139
Trd, 4318300.493, 64
Trd, 4318301.443, 61
Trd, 4318301.493, 86
Trd, 4318301.693, 102
Trd, 4318303.793, 83
Trd, 4318303.943, 95
Trd, 4318305.593, 140
Trd, 4318305.743, 130
Trd, 4318305.993, 97
Trd, 4318307.393, 123
Trd, 4318307.793, 140
Trd, 4318308.143, 136
Trd, 4318308.243, 86
Trd, 4318308.593, 71
Trd, 4318309.993, 121
Trd, 4318310.293, 88
Trd, 4318310.743, 111
Trd, 4318311.543, 60
Trd, 4318312.293, 140
Trd, 4318314.593, 113
Trd, 4318315.243, 110
Trd, 4318315.543, 104
Trd, 4318315.643, 103
Trd, 4318316.743, 115
Trd, 4318317.093, 140
Trd, 4318319.143, 133
Trd, 4318319.593, 111
Trd, 4318319.843, 138
Trd, 4318320.293, 93
Trd, 4318320.693, 100
Trd, 4318321.543, 103
Trd, 4318322.193, 121
Trd, 4318322.693, 76
Trd, 4318323.793, 86
Trd, 4318324.043, 66
Trd, 4318325.193, 118
Trd, 4318325.543, 61
Trd, 4318325.993, 113
Trd, 4318326.893, 139
Trd, 4318328.093, 135
Trd, 4318330.493, 137
Trd, 4318330.943, 140
Trd, 4318331.693, 136
Trd, 4318332.243, 140
Trd, 4318332.293, 109
Trd, 4318333.093, 134
Trd, 4318333.543, 87
Trd, 4318333.993, 97
Trd, 4318334.543, 139
Trd, 4318334.693, 106
Trd, 4318335.793, 138
Trd, 4318336.593, 102
Trd, 4318336.993, 101
Trd, 4318337.743, 82
Trd, 4318338.943, 140
Trd, 4318340.493, 90
Trd, 4318340.993, 103
Trd, 4318341.643, 76
Trd, 4318341.793, 139
Trd, 4318342.393, 116
Trd, 4318344.293, 84
Trd, 4318344.743, 73
Trd, 4318345.993, 140
Trd, 4318346.043, 140
Trd, 4318346.143, 72
Trd, 4318347.193, 118
Trd, 4318348.043, 113
Trd, 4318349.143, 116
Trd, 4318349.843, 138
Trd, 4318350.093, 93
Trd, 4318350.793, 66
Trd, 4318350.943, 80
Trd, 4318351.693, 61
Trd, 4318352.343, 65
Trd, 4318353.843, 140
Trd, 4318353.993, 123
Trd, 4318354.343, 85
Trd, 4318355.493, 107
Trd, 4318355.843, 103
Trd, 4318356.093, 85
Trd, 4318356.443, 138
Trd, 4318358.143, 66
Trd, 4318359.043, 130
Trd, 4318359.143, 140
Trd, 4318360.393, 139
Trd, 4318360.893, 85
Trd, 4318361.643, 129
Trd, 4318362.393, 116
Trd, 4318363.293, 138
Trd, 4318364.543, 140
Trd, 4318364.693, 86
Trd, 4318368.643, 139
Trd, 4318368.793, 138
Trd, 4318368.943, 129
Trd, 4318369.793, 127
Trd, 4318370.193, 77
Trd, 4318370.343, 70
Trd, 4318371.043, 140
Trd, 4318371.143, 117
Trd, 4318372.443, 140
Trd, 4318372.493, 140
Trd, 4318372.943, 121
Trd, 4318373.843, 126
Trd, 4318374.693, 119
Trd, 4318375.043, 124
Trd, 4318375.493, 87
Trd, 4318376.243, 140
Trd, 4318376.293, 140
Trd, 4318379.593, 140
Trd, 4318380.443, 139
Trd, 4318380.493, 139
Trd, 4318380.993, 139
Trd, 4318382.293, 115
Trd, 4318383.143, 96
Trd, 4318383.243, 139
Trd, 4318383.643, 98
Trd, 4318383.843, 74
Trd, 4318384.893, 106
Trd, 4318385.143, 91
Trd, 4318386.893, 140
Trd, 4318387.943, 140
Trd, 4318387.993, 140
Trd, 4318389.493, 139
Trd, 4318389.643, 134
Trd, 4318390.293, 128
Trd, 4318390.743, 99
Trd, 4318391.743, 131
Trd, 4318393.393, 133
Trd, 4318393.793, 132
Trd, 4318393.943, 119
Trd, 4318394.243, 91
Trd, 4318396.243, 123
Trd, 4318396.343, 99
Trd, 4318397.143, 124
Trd, 4318398.443, 116
Trd, 4318398.743, 133
Trd, 4318399.243, 115
Trd, 4318401.193, 140
Trd, 4318401.643, 90
Trd, 4318402.843, 127
Trd, 4318402.993, 115
Trd, 4318403.543, 131
Trd, 4318405.043, 97
Trd, 4318406.193, 139
Trd, 4318406.893, 127
Trd, 4318406.993, 86
Trd, 4318408.093, 140
Trd, 4318408.143, 75
Trd, 4318410.143, 118
Trd, 4318410.793, 123
Trd, 4318411.143, 98
Trd, 4318412.093, 140
Trd, 4318412.193, 123
Trd, 4318414.143, 139
Trd, 4318414.343, 97
Trd, 4318415.293, 140
Trd, 4318416.043, 140
Trd, 4318416.693, 139
Trd, 4318419.893, 140
Trd, 4318419.943, 138
Trd, 4318420.693, 129
Trd, 4318420.893, 128
Trd, 4318422.143, 127
Trd, 4318423.093, 140
Trd, 4318423.843, 140
Trd, 4318423.993, 139
Trd, 4318426.443, 96
Trd, 4318426.893, 140
Trd, 4318427.243, 100
Trd, 4318428.543, 126
Trd, 4318428.943, 125
Trd, 4318428.993, 116
Trd, 4318432.043, 94
Trd, 4318432.093, 124
Trd, 4318432.893, 129
Trd, 4318433.443, 140
Trd, 4318434.443, 117
Trd, 4318434.993, 136
Trd, 4318435.193, 135
Trd, 4318435.593, 92
Trd, 4318436.793, 104
Trd, 4318437.643, 138
Trd, 4318438.043, 124
Trd, 4318438.443, 130
Trd, 4318440.243, 136
Trd, 4318440.693, 136
Trd, 4318440.893, 138
Trd, 4318441.993, 140
Trd, 4318442.693, 113
Trd, 4318442.843, 138
Trd, 4318443.943, 113
Trd, 4318443.993, 112
Trd, 4318444.343, 140
Trd, 4318446.193, 140
Trd, 4318447.493, 137
Trd, 4318448.193, 135
Trd, 4318448.443, 131
Trd, 4318448.843, 106
Trd, 4318450.243, 135
Trd, 4318450.393, 91
Trd, 4318450.543, 85
Trd, 4318451.243, 139
Trd, 4318452.593, 126
Trd, 4318453.143, 119
Trd, 4318453.243, 110
Trd, 4318454.143, 111
Trd, 4318454.393, 102
Trd, 4318455.543, 118
Trd, 4318456.243, 90
Trd, 4318456.643, 90
Trd, 4318458.643, 140
Trd, 4318458.693, 115
Trd, 4318459.843, 102
Trd, 4318460.643, 139
Trd, 4318461.593, 122
Trd, 4318461.893, 110
Trd, 4318462.143, 133
Trd, 4318462.193, 111
Trd, 4318462.493, 108
Trd, 4318463.893, 140
Trd, 4318464.143, 109
Trd, 4318465.543, 140
Trd, 4318466.843, 131
Trd, 4318467.093, 132
Trd, 4318467.143, 115
Trd, 4318467.193, 105
Trd, 4318469.843, 140
Trd, 4318469.943, 140
Trd, 4318470.193, 140
Trd, 4318470.693, 122
Trd, 4318471.393, 134
Trd, 4318471.643, 81
Trd, 4318472.143, 140
Trd, 4318474.643, 140
Trd, 4318474.893, 140
Trd, 4318475.093, 138
Trd, 4318475.643, 134
Trd, 4318475.893, 128
Trd, 4318476.443, 139
Trd, 4318477.143, 109
Trd, 4318477.793, 140
Trd, 4318478.843, 140
Trd, 4318479.493, 140
Trd, 4318479.943, 113
Trd, 4318480.743, 94
Trd, 4318481.843, 62
Trd, 4318482.343, 78
Trd, 4318482.893, 63
Trd, 4318483.143, 78
Trd, 4318484.993, 140
Trd, 4318485.393, 136
Trd, 4318486.743, 135
Trd, 4318488.393, 140
Trd, 4318488.843, 140
Trd, 4318489.293, 129
Trd, 4318490.843, 123
Trd, 4318491.493, 85
Trd, 4318491.893, 69
Trd, 4318493.143, 137
Trd, 4318493.293, 92
Trd, 4318493.543, 90
Trd, 4318495.043, 140
Trd, 4318495.393, 140
Trd, 4318495.693, 140
Trd, 4318496.443, 136
Trd, 4318496.643, 105
Trd, 4318497.393, 96
Trd, 4318497.993, 137
Trd, 4318498.693, 103
Trd, 4318500.693, 85
Trd, 4318501.143, 77
Trd, 4318501.543, 63
Trd, 4318501.743, 135
Trd, 4318502.143, 64
Trd, 4318502.643, 87
Trd, 4318505.493, 140
Trd, 4318505.793, 133
Trd, 4318506.093, 132
Trd, 4318507.443, 139
Trd, 4318507.693, 126
Trd, 4318508.093, 107
Trd, 4318508.693, 129
Trd, 4318509.443, 63
Trd, 4318509.643, 111
Trd, 4318510.043, 133
Trd, 4318510.143, 132
Trd, 4318511.743, 90
Trd, 4318511.993, 61
Trd, 4318512.843, 62
Trd, 4318513.393, 101
Trd, 4318514.193, 66
Trd, 4318514.743, 66
Trd, 4318514.843, 70
Trd, 4318515.793, 118
Trd, 4318516.143, 111
Trd, 4318516.443, 111
Trd, 4318516.793, 124
Trd, 4318518.343, 136
Trd, 4318518.793, 135
Trd, 4318519.943, 140
Trd, 4318520.493, 121
Trd, 4318520.993, 140
Trd, 4318521.793, 117
Trd, 4318521.993, 117
Trd, 4318522.893, 116
Trd, 4318523.793, 119
Trd, 4318525.693, 140
Trd, 4318525.893, 139
Trd, 4318526.543, 124
Trd, 4318526.993, 124
Trd, 4318527.393, 124
Trd, 4318527.493, 114
Trd, 4318527.743, 86
Trd, 4318529.193, 120
Trd, 4318529.243, 88
Trd, 4318529.443, 83
Trd, 4318530.093, 100
Trd, 4318530.743, 78
Trd, 4318531.743, 97
Trd, 4318532.693, 87
Trd, 4318532.893, 67
Trd, 4318533.793, 105
Trd, 4318534.893, 62
Trd, 4318534.993, 121
Trd, 4318536.393, 60
Trd, 4318536.443, 114
Trd, 4318537.693, 140
Trd, 4318537.743, 139
Trd, 4318537.893, 118
Trd, 4318539.043, 132
Trd, 4318540.343, 137
Trd, 4318540.393, 110
Trd, 4318541.193, 140
Trd, 4318541.893, 80
Trd, 4318542.643, 138
Trd, 4318542.743, 112
Trd, 4318545.343, 106
Trd, 4318545.443, 76
Trd, 4318546.743, 140
Trd, 4318547.993, 140
Trd, 4318548.343, 138
Trd, 4318548.943, 118
Trd, 4318549.593, 110
Trd, 4318549.843, 85
Trd, 4318550.193, 117
Trd, 4318551.293, 97
Trd, 4318552.343, 81
Trd, 4318553.943, 140
Trd, 4318554.143, 114
Trd, 4318554.593, 140
Trd, 4318555.493, 135
Trd, 4318555.693, 134
Trd, 4318556.343, 82
Trd, 4318558.443, 140
Trd, 4318558.743, 139
Trd, 4318559.243, 139
Trd, 4318559.793, 138
Trd, 4318560.743, 137
Trd, 4318562.243, 139
Trd, 4318562.643, 139
Trd, 4318562.743, 129
Trd, 4318562.993, 76
Trd, 4318563.343, 138
Trd, 4318564.043, 99
Trd, 4318566.993, 128
Trd, 4318567.093, 131
Trd, 4318567.743, 140
Trd, 4318568.393, 140
Trd, 4318568.693, 139
Trd, 4318568.743, 103
Trd, 4318569.593, 100
Trd, 4318570.143, 78
Trd, 4318570.693, 73
Trd, 4318571.493, 66
Trd, 4318573.643, 63
Trd, 4318574.093, 140
Trd, 4318575.093, 121
Trd, 4318575.693, 136
Trd, 4318576.343, 120
Trd, 4318577.643, 128
Trd, 4318578.043, 127
Trd, 4318578.793, 140
Trd, 4318579.043, 140
Trd, 4318579.193, 129
Trd, 4318580.193, 107
Trd, 4318581.243, 102
Trd, 4318581.393, 140
Trd, 4318583.243, 138
Trd, 4318583.593, 138
Trd, 4318584.243, 88
Trd, 4318584.793, 134
Trd, 4318586.643, 137
Trd, 4318586.693, 136
Trd, 4318588.793, 139
Trd, 4318589.993, 140
Trd, 4318590.343, 138
Trd, 4318591.043, 136
Trd, 4318592.093, 98
Trd, 4318592.743, 91
Trd, 4318594.193, 106
Trd, 4318594.643, 120
Trd, 4318594.843, 134
Trd, 4318595.143, 135
Trd, 4318595.493, 137
Trd, 4318596.943, 128
Trd, 4318597.043, 124
Trd, 4318598.393, 63
Trd, 4318599.343, 84
Trd, 4318599.443, 82
Trd, 4318600.643, 82
Trd, 4318601.093, 91
Trd, 4318601.743, 60
Trd, 4318602.743, 137
Trd, 4318603.193, 104
Trd, 4318603.543, 140
Trd, 4318603.793, 103
Trd, 4318605.143, 140
Trd, 4318605.393, 120
Trd, 4318605.643, 115
Trd, 4318607.293, 97
Trd, 4318607.993, 92
Trd, 4318608.393, 110
Trd, 4318609.193, 74
Trd, 4318609.243, 71
Trd, 4318610.143, 60
Trd, 4318610.193, 87
Trd, 4318611.593, 137
Trd, 4318612.843, 131
Trd, 4318613.193, 92
Trd, 4318614.043, 91
Trd, 4318614.243, 74
Trd, 4318614.293, 92
Trd, 4318614.693, 93
Trd, 4318616.543, 120
Trd, 4318617.793, 140
Trd, 4318617.943, 140
Trd, 4318618.493, 138
Trd, 4318620.243, 140
Trd, 4318621.993, 136
Trd, 4318622.543, 128
Trd, 4318623.143, 127
Trd, 4318623.493, 127
Trd, 4318623.843, 137
Trd, 4318624.793, 127
Trd, 4318625.343, 129
Trd, 4318626.693, 140
Trd, 4318627.393, 133
Trd, 4318627.493, 138
Trd, 4318627.793, 129
Trd, 4318628.443, 77
Trd, 4318628.693, 76
Trd, 4318629.393, 140
Trd, 4318629.943, 123
Trd, 4318630.393, 121
Trd, 4318631.193, 103
Trd, 4318633.643, 140
Trd, 4318633.743, 140
Trd, 4318634.593, 140
Trd, 4318635.743, 131
Trd, 4318635.893, 130
Trd, 4318636.393, 139
Trd, 4318637.593, 96
Trd, 4318637.693, 81
Trd, 4318638.393, 140
Trd, 4318640.093, 83
Trd, 4318641.043, 82
Trd, 4318641.143, 104
Trd, 4318641.293, 77
Trd, 4318641.543, 65
Trd, 4318643.143, 140
Trd, 4318643.643, 137
Trd, 4318644.243, 124
Trd, 4318645.193, 139
Trd, 4318646.343, 139
Trd, 4318646.593, 118
Trd, 4318647.143, 136
Trd, 4318647.893, 109
Trd, 4318648.143, 109
Trd, 4318649.593, 109
Trd, 4318649.793, 137
Trd, 4318649.893, 107
Trd, 4318650.093, 84
Trd, 4318650.343, 69
Trd, 4318653.043, 140
Trd, 4318653.193, 133
Trd, 4318653.893, 88
Trd, 4318654.893, 108
Trd, 4318655.793, 70
Trd, 4318656.293, 134
Trd, 4318656.443, 123
Trd, 4318656.843, 139
Trd, 4318657.593, 69
Trd, 4318658.793, 67
Trd, 4318659.743, 124
Trd, 4318659.993, 106
Trd, 4318660.943, 65
Trd, 4318661.043, 66
Trd, 4318662.443, 74
Trd, 4318663.593, 140
Trd, 4318664.993, 140
Trd, 4318665.893, 140
Trd, 4318666.343, 133
Trd, 4318666.593, 78
Trd, 4318667.493, 137
Trd, 4318667.893, 113
Trd, 4318667.943, 108
Trd, 4318668.993, 140
Trd, 4318670.493, 140
Trd, 4318671.743, 140
Trd, 4318671.943, 140
Trd, 4318672.993, 112
Trd, 4318673.293, 140
Trd, 4318673.543, 140
Trd, 4318675.193, 111
Trd, 4318675.443, 127
Trd, 4318678.043, 118
Trd, 4318678.643, 109
Trd, 4318679.243, 88
Trd, 4318680.193, 126
Trd, 4318682.243, 134
Trd, 4318682.393, 104
Trd, 4318682.993, 140
Trd, 4318683.793, 91
Trd, 4318683.993, 98
Trd, 4318684.043, 100
Trd, 4318686.593, 140
Trd, 4318687.293, 140
Trd, 4318687.843, 136
Trd, 4318687.993, 100
Trd, 4318689.793, 94
Trd, 4318689.943, 80
Trd, 4318690.143, 67
Trd, 4318691.293, 123
Trd, 4318692.943, 118
Trd, 4318693.093, 74
Trd, 4318693.643, 97
Trd, 4318694.143, 94
Trd, 4318694.843, 97
Trd, 4318695.893, 107
Trd, 4318696.693, 140
Trd, 4318697.593, 140
Trd, 4318697.793, 140
Trd, 4318698.643, 140
Trd, 4318698.843, 133
Trd, 4318698.893, 121
Trd, 4318698.943, 91
Trd, 4318701.093, 131
Trd, 4318701.193, 128
Trd, 4318701.443, 140
Trd, 4318703.093, 138
Trd, 4318703.543, 117
Trd, 4318704.393, 130
Trd, 4318705.193, 70
Trd, 4318706.343, 138
Trd, 4318706.993, 140
Trd, 4318707.743, 137
Trd, 4318708.643, 139
Trd, 4318708.693, 131
Trd, 4318709.143, 121
Trd, 4318709.443, 93
Trd, 4318710.593, 89
Trd, 4318710.793, 64
Trd, 4318711.493, 64
Trd, 4318711.543, 119
Trd, 4318712.243, 73
Trd, 4318713.693, 73
Trd, 4318714.843, 66
Trd, 4318716.443, 86
Trd, 4318716.693, 111
Trd, 4318718.493, 120
Trd, 4318718.793, 106
Trd, 4318719.293, 129
Trd, 4318720.793, 139
Trd, 4318721.743, 140
Trd, 4318722.093, 140
Trd, 4318722.243, 132
Trd, 4318722.993, 126
Trd, 4318723.393, 109
Trd, 4318723.493, 108
Trd, 4318724.143, 140
Trd, 4318724.793, 63
Trd, 4318725.643, 114
Trd, 4318726.593, 116
Trd, 4318726.643, 118
Trd, 4318727.493, 86
Trd, 4318728.943, 83
Trd, 4318730.143, 140
Trd, 4318731.843, 138
Trd, 4318731.893, 136
Trd, 4318731.993, 116
Trd, 4318732.243, 106
Trd, 4318732.993, 92
Trd, 4318734.593, 140
Trd, 4318734.943, 135
Trd, 4318735.043, 122
Trd, 4318735.943, 137
Trd, 4318737.243, 120
Trd, 4318737.843, 140
Trd, 4318738.343, 103
Trd, 4318739.943, 140
Trd, 4318739.993, 140
Trd, 4318740.743, 117
Trd, 4318740.843, 107
Trd, 4318741.693, 83
Trd, 4318741.793, 123
Trd, 4318742.243, 128
Trd, 4318743.093, 109
Trd, 4318744.543, 60
Trd, 4318745.343, 64
Trd, 4318747.143, 140
Trd, 4318747.843, 138
Trd, 4318749.143, 98
Trd, 4318749.443, 96
Trd, 4318749.593, 133
Trd, 4318750.643, 98
Trd, 4318751.243, 90
Trd, 4318751.593, 126
Trd, 4318751.993, 85
Trd, 4318752.593, 94
Trd, 4318753.643, 64
Trd, 4318753.943, 120
Trd, 4318755.143, 106
Trd, 4318755.743, 113
Trd, 4318756.243, 113
Trd, 4318756.643, 62
Trd, 4318757.943, 60
Trd, 4318759.093, 60
Trd, 4318759.293, 60
Trd, 4318760.043, 71
Trd, 4318760.893, 108
Trd, 4318761.743, 127
Trd, 4318762.193, 66
Trd, 4318762.943, 80
Trd, 4318763.043, 66
Trd, 4318763.443, 83
Trd, 4318764.643, 86
Trd, 4318764.993, 110
Trd, 4318765.193, 66
Trd, 4318767.643, 63
Trd, 4318767.793, 63
Trd, 4318768.543, 140
Trd, 4318769.093, 138
Trd, 4318770.143, 94
Trd, 4318770.443, 125
Trd, 4318770.893, 119
Trd, 4318771.293, 108
Trd, 4318772.193, 140
Trd, 4318773.243, 140
Trd, 4318774.493, 139
Trd, 4318774.693, 127
Trd, 4318774.993, 102
Trd, 4318776.043, 140
Trd, 4318776.193, 114
Trd, 4318777.793, 137
Trd, 4318778.143, 97
Trd, 4318779.193, 99
Trd, 4318779.593, 64
Trd, 4318779.943, 127
Trd, 4318780.793, 110
Trd, 4318780.893, 84
Trd, 4318781.143, 131
Trd, 4318781.993, 96
Trd, 4318782.393, 61
Trd, 4318782.543, 110
Trd, 4318783.993, 105
Trd, 4318785.543, 140
Trd, 4318786.643, 129
Trd, 4318787.693, 140
Trd, 4318787.843, 74
Trd, 4318788.393, 61
Trd, 4318789.593, 71
Trd, 4318790.293, 130
Trd, 4318790.893, 132
Trd, 4318791.293, 103
Trd, 4318791.643, 102
Trd, 4318792.893, 66
Trd, 4318793.743, 139
Trd, 4318794.543, 140
Trd, 4318795.793, 139
Trd, 4318796.243, 138
Trd, 4318796.693, 137
Trd, 4318797.493, 137
Trd, 4318797.593, 125
Trd, 4318798.343, 137
Trd, 4318799.643, 103
Trd, 4318799.893, 136
Trd, 4318800.493, 127
Trd, 4318801.343, 86
Trd, 4318802.793, 140
Trd, 4318803.493, 139
Trd, 4318804.693, 117
Trd, 4318806.293, 128
Trd, 4318807.143, 124
Trd, 4318807.593, 139
Trd, 4318808.143, 139
Trd, 4318808.293, 122
Trd, 4318808.393, 139
Trd, 4318808.893, 118
Trd, 4318809.343, 112
Trd, 4318809.993, 115
Trd, 4318811.593, 140
Trd, 4318812.093, 126
Trd, 4318812.143, 104
Trd, 4318813.193, 123
Trd, 4318813.593, 99
Trd, 4318814.843, 113
Trd, 4318816.143, 84
Trd, 4318816.843, 134
Trd, 4318817.143, 118
Trd, 4318817.993, 85
Trd, 4318818.343, 101
Trd, 4318818.393, 121
Trd, 4318818.843, 129
Trd, 4318819.093, 87
Trd, 4318820.043, 111
Trd, 4318821.043, 115
Trd, 4318821.593, 131
Trd, 4318822.093, 140
Trd, 4318822.293, 130
Trd, 4318824.343, 140
Trd, 4318825.393, 140
Trd, 4318826.143, 140
Trd, 4318826.343, 139
Trd, 4318826.593, 135
Trd, 4318829.293, 137
Trd, 4318830.743, 140
Trd, 4318830.893, 140
Trd, 4318831.043, 139
Trd, 4318832.343, 120
Trd, 4318832.493, 139
Trd, 4318832.643, 86
Trd, 4318833.093, 77
Trd, 4318833.193, 121
Trd, 4318834.093, 98
Trd, 4318834.243, 101
Trd, 4318836.293, 140
Trd, 4318836.843, 102
Trd, 4318836.943, 99
Trd, 4318837.743, 132
Trd, 4318837.993, 119
Trd, 4318838.843, 139
Trd, 4318840.393, 140
Trd, 4318840.743, 128
Trd, 4318842.043, 60
Trd, 4318843.243, 139
Trd, 4318843.543, 115
Trd, 4318844.193, 94
Trd, 4318845.343, 140
Trd, 4318845.843, 111
Trd, 4318846.443, 94
Trd, 4318846.543, 68
Trd, 4318846.643, 139
Trd, 4318848.893, 76
Trd, 4318849.093, 73
Trd, 4318849.643, 118
Trd, 4318849.843, 123
Trd, 4318849.993, 121
Trd, 4318851.243, 130
Trd, 4318853.043, 122
Trd, 4318853.243, 138
Trd, 4318854.493, 124
Trd, 4318854.993, 122
Trd, 4318855.093, 119
Trd, 4318855.743, 138
Trd, 4318855.793, 108
Trd, 4318855.893, 82
Trd, 4318857.043, 139
Trd, 4318857.493, 107
Trd, 4318857.793, 70
Trd, 4318858.243, 140
Trd, 4318858.643, 89
Trd, 4318859.293, 140
Trd, 4318860.643, 62
Trd, 4318861.243, 67
Trd, 4318862.193, 95
Trd, 4318862.543, 140
Trd, 4318863.643, 93
Trd, 4318864.243, 105
Trd, 4318864.843, 100
Trd, 4318865.593, 84
Trd, 4318866.293, 113
Trd, 4318867.243, 140
Trd, 4318867.593, 106
Trd, 4318868.993, 130
Trd, 4318869.043, 90
Trd, 4318869.693, 132
Trd, 4318869.743, 85
Trd, 4318870.093, 140
Trd, 4318871.243, 114
Trd, 4318871.793, 139
Trd, 4318874.843, 130
Trd, 4318875.143, 128
Trd, 4318876.143, 102
Trd, 4318876.293, 93
Trd, 4318877.693, 140
Trd, 4318877.843, 139
Trd, 4318879.093, 127
Trd, 4318880.043, 139
Trd, 4318880.393, 96
Trd, 4318881.193, 99
Trd, 4318881.743, 76
Trd, 4318882.393, 60
Trd, 4318883.643, 69
Trd, 4318883.693, 126
Trd, 4318884.943, 131
Trd, 4318886.093, 132
Trd, 4318886.443, 131
Trd, 4318886.843, 138
Trd, 4318887.143, 130
Trd, 4318888.993, 63
Trd, 4318889.243, 66
Trd, 4318889.793, 68
Trd, 4318890.243, 76
Trd, 4318891.793, 116
Trd, 4318892.193, 116
Trd, 4318892.543, 114
Trd, 4318892.643, 111
Trd, 4318893.093, 106
Trd, 4318893.493, 138
Trd, 4318894.843, 80
Trd, 4318895.693, 128
Trd, 4318896.343, 131
Trd, 4318897.143, 103
Trd, 4318897.893, 122
Trd, 4318898.943, 66
Trd, 4318899.143, 75
Trd, 4318899.543, 60
Trd, 4318900.693, 77
Trd, 4318901.543, 100
Trd, 4318902.243, 140
Trd, 4318902.293, 128
Trd, 4318903.243, 79
Trd, 4318903.593, 140
Trd, 4318904.243, 126
Trd, 4318906.143, 138
Trd, 4318906.543, 117
Trd, 4318906.893, 117
Trd, 4318907.143, 117
Trd, 4318908.043, 138
Trd, 4318908.193, 107
Trd, 4318909.093, 80
Trd, 4318909.943, 139
Trd, 4318910.243, 139
Trd, 4318910.493, 131
Trd, 4318911.343, 113
Trd, 4318912.743, 112
Trd, 4318912.993, 121
Trd, 4318915.143, 120
Trd, 4318915.843, 140
Trd, 4318916.043, 133
Trd, 4318916.443, 109
Trd, 4318917.643, 102
Trd, 4318918.643, 107
Trd, 4318918.843, 97
Trd, 4318919.043, 108
Trd, 4318919.343, 90
Trd, 4318919.993, 101
Trd, 4318921.593, 140
Trd, 4318923.293, 140
Trd, 4318923.743, 140
Trd, 4318925.093, 140
Trd, 4318925.293, 140
Trd, 4318925.693, 120
Trd, 4318925.943, 84
Trd, 4318926.293, 132
Trd, 4318928.943, 138
Trd, 4318929.443, 130
Trd, 4318929.893, 120
Trd, 4318931.343, 113
Trd, 4318932.843, 89
Trd, 4318933.243, 139
Trd, 4318934.043, 86
Trd, 4318935.043, 61
Trd, 4318935.493, 63
Trd, 4318936.343, 140
Trd, 4318937.093, 140
Trd, 4318937.293, 135
Trd, 4318937.893, 110
Trd, 4318938.943, 114
Trd, 4318938.993, 120
Trd, 4318939.293, 122
Trd, 4318939.993, 71
Trd, 4318941.543, 140
Trd, 4318942.843, 140
Trd, 4318943.143, 137
Trd, 4318944.193, 140
Trd, 4318944.393, 128
Trd, 4318944.893, 109
Trd, 4318944.943, 108
Trd, 4318946.943, 91
Trd, 4318947.593, 78
Trd, 4318948.693, 140
Trd, 4318948.893, 140
Trd, 4318949.293, 129
Trd, 4318949.493, 129
Trd, 4318950.893, 115
Trd, 4318950.943, 104
Trd, 4318951.743, 72
Trd, 4318951.993, 128
Trd, 4318953.543, 140
Trd, 4318953.943, 139
Trd, 4318954.793, 90
Trd, 4318955.293, 138
Trd, 4318956.393, 140
Trd, 4318958.643, 116
Trd, 4318959.293, 102
Trd, 4318960.793, 139
Trd, 4318960.843, 139
Trd, 4318961.243, 139
Trd, 4318961.643, 140
Trd, 4318962.143, 102
Trd, 4318963.093, 123
Trd, 4318963.693, 105
Trd, 4318964.943, 126
Trd, 4318965.643, 133
Trd, 4318966.093, 133
Trd, 4318966.993, 66
Trd, 4318967.593, 60
Trd, 4318969.343, 60
Trd, 4318969.393, 74
Trd, 4318970.093, 140
Trd, 4318971.893, 138
Trd, 4318971.993, 121
Trd, 4318972.343, 85
Trd, 4318973.243, 134
Trd, 4318974.043, 128
Trd, 4318974.343, 138
Trd, 4318974.643, 127
Trd, 4318975.343, 127
Trd, 4318975.643, 139
Trd, 4318975.693, 127
Trd, 4318978.143, 139
Trd, 4318978.543, 137
Trd, 4318980.193, 138
Trd, 4318980.493, 110
Trd, 4318980.843, 83
Trd, 4318981.893, 89
Trd, 4318982.143, 79
Trd, 4318984.293, 140
Trd, 4318984.393, 139
Trd, 4318985.393, 140
Trd, 4318986.843, 140
Trd, 4318987.243, 140
Trd, 4318988.043, 140
Trd, 4318989.293, 137
Trd, 4318989.393, 135
Trd, 4318991.193, 120
Trd, 4318991.243, 102
Trd, 4318991.593, 80
Trd, 4318992.543, 98
Trd, 4318993.043, 105
Trd, 4318994.893, 137
Trd, 4318996.593, 139
Trd, 4318997.443, 136
Trd, 4318997.543, 116
Trd, 4318997.843, 110
Trd, 4318998.943, 139
Trd, 4318999.693, 98
Trd, 4318999.793, 74
Trd, 4319000.093, 89
Trd, 4319001.193, 140
Trd, 4319002.093, 121
Trd, 4319004.243, 140
Trd, 4319004.743, 139
Trd, 4319005.193, 140
Trd, 4319005.943, 122
Trd, 4319006.543, 121
Trd, 4319006.893, 122
Trd, 4319007.693, 140
Trd, 4319009.243, 119
Trd, 4319009.293, 82
Trd, 4319010.043, 66
Trd, 4319011.093, 94
Trd, 4319011.343, 104
Trd, 4319013.293, 140
Trd, 4319013.443, 140
Trd, 4319013.993, 133
Trd, 4319014.843, 114
Trd, 4319015.493, 113
Trd, 4319017.593, 139
Trd, 4319018.043, 120
Trd, 4319018.093, 112
Trd, 4319018.643, 139
Trd, 4319020.243, 81
Trd, 4319020.743, 109
Trd, 4319021.343, 139
Trd, 4319022.693, 112
Trd, 4319023.193, 68
Trd, 4319024.043, 98
Trd, 4319025.093, 113
Trd, 4319025.143, 135
Trd, 4319025.343, 119
Trd, 4319026.143, 140
Trd, 4319026.443, 140
Trd, 4319028.093, 124
Trd, 4319028.943, 140
Trd, 4319029.193, 140
Trd, 4319029.743, 139
Trd, 4319030.193, 116
Trd, 4319032.293, 107
Trd, 4319032.643, 105
Trd, 4319032.793, 97
Trd, 4319033.443, 139
Trd, 4319035.343, 139
Trd, 4319035.393, 114
Trd, 4319036.893, 89
Trd, 4319037.143, 88
Trd, 4319037.493, 71
Trd, 4319039.843, 116
Trd, 4319039.893, 123
Trd, 4319040.793, 105
Trd, 4319040.993, 73
Trd, 4319042.393, 128
Trd, 4319043.143, 140
Trd, 4319045.143, 140
Trd, 4319045.193, 140
Trd, 4319045.543, 140
Trd, 4319045.743, 139
Trd, 4319045.843, 126
Trd, 4319047.543, 132
Trd, 4319048.343, 133
Trd, 4319048.943, 97
Trd, 4319049.693, 140
Trd, 4319049.843, 135
Trd, 4319051.193, 118
Trd, 4319051.943, 140
Trd, 4319052.743, 91
Trd, 4319053.043, 64
Trd, 4319055.393, 106
Trd, 4319055.543, 126
Trd, 4319055.743, 110
Trd, 4319056.243, 140
Trd, 4319056.843, 114
Trd, 4319058.243, 119
Trd, 4319059.243, 140
Trd, 4319060.643, 140
Trd, 4319060.743, 139
Trd, 4319061.143, 126
Trd, 4319062.693, 126
Trd, 4319063.293, 108
Trd, 4319064.593, 136
Trd, 4319065.043, 106
Trd, 4319065.843, 127
Trd, 4319066.143, 126
Trd, 4319066.793, 140
Trd, 4319069.093, 140
Trd, 4319069.893, 112
Trd, 4319070.743, 138
Trd, 4319071.193, 137
Trd, 4319071.793, 82
Trd, 4319072.193, 92
Trd, 4319073.643, 121
Trd, 4319075.043, 85
Trd, 4319075.243, 103
Trd, 4319076.293, 140
Trd, 4319077.593, 140
Trd, 4319077.843, 140
Trd, 4319079.443, 140
Trd, 4319079.693, 111
Trd, 4319080.293, 109
Trd, 4319082.543, 140
Trd, 4319082.643, 140
Trd, 4319083.593, 64
Trd, 4319083.793, 66
Trd, 4319084.043, 63
Trd, 4319084.643, 136
Trd, 4319085.743, 64
Trd, 4319087.193, 66
Trd, 4319088.043, 67
Trd, 4319088.643, 86
Trd, 4319089.493, 86
Trd, 4319090.793, 136
Trd, 4319092.693, 140
Trd, 4319092.993, 140
Trd, 4319094.093, 140
Trd, 4319094.793, 140
Trd, 4319095.243, 94
Trd, 4319096.493, 96
Trd, 4319096.693, 113
Trd, 4319097.293, 140
Trd, 4319098.343, 138
Trd, 4319098.893, 132
Trd, 4319099.343, 134
Trd, 4319101.043, 135
Trd, 4319102.243, 134
Trd, 4319102.343, 133
Trd, 4319102.843, 139
Trd, 4319105.643, 138
Trd, 4319105.843, 90
Trd, 4319106.093, 86
Trd, 4319106.593, 84
Trd, 4319107.493, 140
Trd, 4319107.543, 140
Trd, 4319108.843, 137
Trd, 4319110.393, 140
Trd, 4319111.243, 89
Trd, 4319111.543, 83
Trd, 4319111.793, 131
Trd, 4319112.293, 101
Trd, 4319113.093, 119
Trd, 4319114.393, 75
Trd, 4319114.493, 98
Trd, 4319114.843, 67
Trd, 4319115.443, 79
Trd, 4319116.143, 72
Trd, 4319116.243, 75
Trd, 4319117.343, 75
Trd, 4319118.293, 107
Trd, 4319118.743, 107
Trd, 4319118.993, 105
Trd, 4319120.693, 113
Trd, 4319120.943, 114
Trd, 4319121.143, 115
Trd, 4319121.193, 81
Trd, 4319122.093, 131
Trd, 4319123.343, 121
Trd, 4319123.643, 114
Trd, 4319123.893, 99
Trd, 4319126.043, 60
Trd, 4319126.543, 60
Trd, 4319128.043, 63
Trd, 4319128.543, 64
Trd, 4319129.193, 63
Trd, 4319129.293, 70
Trd, 4319129.593, 124
Trd, 4319130.243, 70
Trd, 4319131.793, 122
Trd, 4319132.243, 139
Trd, 4319132.443, 108
Trd, 4319132.993, 130
Trd, 4319133.543, 92
Trd, 4319134.643, 137
Trd, 4319135.393, 102
Trd, 4319135.793, 120
Trd, 4319137.593, 140
Trd, 4319138.093, 108
Trd, 4319138.843, 100
Trd, 4319138.893, 80
Trd, 4319140.543, 88
Trd, 4319141.693, 140
Trd, 4319142.443, 140
Trd, 4319144.593, 140
Trd, 4319145.193, 140
Trd, 4319145.593, 140
Trd, 4319145.643, 102
Trd, 4319146.643, 137
Trd, 4319148.643, 140
Trd, 4319148.743, 140
Trd, 4319148.793, 140
Trd, 4319149.093, 132
Trd, 4319151.193, 107
Trd, 4319151.593, 98
Trd, 4319152.043, 137
Trd, 4319152.693, 139
Trd, 4319153.493, 138
Trd, 4319153.793, 99
Trd, 4319154.243, 137
Trd, 4319155.393, 140
Trd, 4319155.693, 139
Trd, 4319156.043, 125
Trd, 4319156.693, 140
Trd, 4319157.943, 108
Trd, 4319159.293, 140
Trd, 4319159.443, 140
Trd, 4319160.643, 140
Trd, 4319161.293, 127
Trd, 4319162.043, 128
Trd, 4319162.543, 139
Trd, 4319163.493, 140
Trd, 4319163.593, 125
Trd, 4319163.793, 105
Trd, 4319164.893, 69
Trd, 4319165.393, 110
Trd, 4319166.743, 61
Trd, 4319167.243, 69
Trd, 4319167.943, 63
Trd, 4319169.043, 60
Trd, 4319169.343, 61
Trd, 4319169.793, 63
Trd, 4319170.293, 62
Trd, 4319170.543, 139
Trd, 4319170.843, 130
Trd, 4319171.993, 86
Trd, 4319172.393, 83
Trd, 4319173.493, 71
Trd, 4319173.793, 102
Trd, 4319175.693, 126
Trd, 4319176.343, 135
Trd, 4319176.793, 137
Trd, 4319177.093, 110
Trd, 4319177.893, 140
Trd, 4319178.643, 140
Trd, 4319178.793, 140
Trd, 4319180.193, 111
Trd, 4319181.293, 139
Trd, 4319181.843, 123
Trd, 4319182.893, 115
Trd, 4319183.993, 85
Trd, 4319184.243, 93
Trd, 4319184.593, 140
Trd, 4319185.493, 124
Trd, 4319186.193, 138
Trd, 4319186.243, 123
Trd, 4319187.243, 120
Trd, 4319189.543, 140
Trd, 4319189.643, 137
Trd, 4319189.743, 133
Trd, 4319191.893, 140
Trd, 4319192.693, 130
Trd, 4319192.943, 102
Trd, 4319194.893, 118
Trd, 4319195.043, 117
Trd, 4319195.393, 140
Trd, 4319195.493, 112
Trd, 4319196.093, 119
Trd, 4319196.493, 92
Trd, 4319198.243, 137
Trd, 4319198.543, 86
Trd, 4319198.943, 140
Trd, 4319199.243, 123
Trd, 4319199.293, 85
Trd, 4319199.893, 129
Trd, 4319200.443, 124
Trd, 4319203.343, 140
Trd, 4319203.493, 139
Trd, 4319203.993, 127
Trd, 4319205.693, 125
Trd, 4319206.393, 124
Trd, 4319206.993, 139
Trd, 4319207.193, 118
Trd, 4319207.593, 125
Trd, 4319209.693, 140
Trd, 4319209.943, 139
Trd, 4319211.843, 140
Trd, 4319211.893, 139
Trd, 4319212.593, 140
Trd, 4319215.243, 140
Trd, 4319215.643, 135
Trd, 4319216.193, 113
Trd, 4319216.393, 102
Trd, 4319216.943, 124
Trd, 4319218.293, 140
Trd, 4319218.993, 138
Trd, 4319220.943, 96
Trd, 4319221.093, 86
Trd, 4319221.443, 81
Trd, 4319222.043, 60
Trd, 4319222.943, 68
Trd, 4319223.543, 93
Trd, 4319224.293, 96
Trd, 4319224.793, 80
Trd, 4319226.143, 127
Trd, 4319226.243, 126
Trd, 4319226.293, 134
Trd, 4319226.593, 92
Trd, 4319226.793, 133
Trd, 4319227.443, 80
Trd, 4319230.693, 140
Trd, 4319231.493, 140
Trd, 4319233.443, 140
Trd, 4319233.493, 139
Trd, 4319233.793, 128
Trd, 4319234.093, 128
Trd, 4319235.743, 128
Trd, 4319236.293, 133
Trd, 4319236.643, 108
Trd, 4319237.393, 88
Trd, 4319237.893, 125
Trd, 4319238.643, 82
Trd, 4319238.943, 117
Trd, 4319239.493, 140
Trd, 4319240.193, 100
Trd, 4319241.043, 128
Trd, 4319241.743, 140
Trd, 4319241.943, 140
Trd, 4319242.193, 90
Trd, 4319243.093, 140
Trd, 4319243.643, 81
Trd, 4319244.393, 119
Trd, 4319245.943, 134
Trd, 4319245.993, 133
Trd, 4319246.193, 69
Trd, 4319247.693, 139
Trd, 4319249.143, 138
Trd, 4319249.193, 136
Trd, 4319249.493, 133
Trd, 4319249.993, 124
Trd, 4319250.843, 130
Trd, 4319252.793, 138
Trd, 4319253.043, 71
Trd, 4319253.743, 61
Trd, 4319254.243, 120
Trd, 4319257.793, 140
Trd, 4319257.893, 140
Trd, 4319258.143, 140
Trd, 4319258.443, 136
Trd, 4319259.093, 93
Trd, 4319259.393, 96
Trd, 4319260.143, 90
Trd, 4319261.093, 134
Trd, 4319261.143, 118
Trd, 4319262.393, 140
Trd, 4319262.493, 140
Trd, 4319263.343, 118
Trd, 4319264.943, 140
Trd, 4319265.493, 105
Trd, 4319265.693, 119
Trd, 4319265.893, 89
Trd, 4319266.693, 69
Trd, 4319267.593, 62
Trd, 4319267.893, 65
Trd, 4319268.643, 66
Trd, 4319268.843, 72
Trd, 4319270.593, 140
Trd, 4319271.143, 140
Trd, 4319271.493, 139
Trd, 4319271.893, 86
Trd, 4319274.193, 126
Trd, 4319274.343, 125
Trd, 4319274.993, 124
Trd, 4319275.693, 140
Trd, 4319277.993, 140
Trd, 4319278.243, 138
Trd, 4319278.943, 136
Trd, 4319279.243, 131
Trd, 4319279.443, 130
Trd, 4319280.893, 107
Trd, 4319281.893, 125
Trd, 4319282.043, 124
Trd, 4319282.143, 112
Trd, 4319282.293, 97
Trd, 4319283.493, 65
Trd, 4319284.593, 129
Trd, 4319285.043, 92
Trd, 4319285.743, 83
Trd, 4319286.043, 135
Trd, 4319287.043, 61
Trd, 4319287.393, 60
Trd, 4319288.643, 61
Trd, 4319289.293, 63
Trd, 4319290.393, 81
Trd, 4319291.043, 95
Trd, 4319291.093, 96
Trd, 4319292.593, 107
Trd, 4319292.793, 106
Trd, 4319293.743, 139
Trd, 4319293.843, 138
Trd, 4319295.193, 134
Trd, 4319295.443, 133
Trd, 4319295.543, 115
Trd, 4319295.943, 104
Trd, 4319296.543, 139
Trd, 4319297.843, 60
Trd, 4319298.993, 61
Trd, 4319299.793, 60
Trd, 4319299.893, 62
Trd, 4319301.593, 62
Trd, 4319301.793, 71
Trd, 4319302.043, 60
Trd, 4319303.143, 66
Trd, 4319304.243, 109
Trd, 4319305.343, 108
Trd, 4319306.093, 97
Trd, 4319307.493, 140
Trd, 4319307.993, 140
Trd, 4319308.343, 139
Trd, 4319308.393, 138
Trd, 4319309.143, 130
Trd, 4319311.693, 140
Trd, 4319312.143, 139
Trd, 4319312.843, 138
Trd, 4319313.143, 129
Trd, 4319313.893, 60
Trd, 4319314.593, 65
Trd, 4319315.693, 140
Trd, 4319316.693, 139
Trd, 4319317.093, 138
Trd, 4319318.643, 139
Trd, 4319318.793, 116
Trd, 4319318.943, 92
Trd, 4319320.043, 98
Trd, 4319321.093, 82
Trd, 4319321.193, 90
Trd, 4319322.243, 138
Trd, 4319323.893, 111
Trd, 4319324.043, 109
Trd, 4319324.493, 108
Trd, 4319325.793, 140
Trd, 4319326.693, 140
Trd, 4319327.643, 140
Trd, 4319329.343, 109
Trd, 4319329.443, 95
Trd, 4319329.643, 101
Trd, 4319329.993, 92
Trd, 4319330.843, 139
Trd, 4319331.143, 121
Trd, 4319331.793, 128
Trd, 4319332.093, 126
Trd, 4319332.693, 131
Trd, 4319333.593, 122
Trd, 4319334.643, 139
Trd, 4319335.793, 125
Trd, 4319336.343, 140
Trd, 4319336.593, 124
Trd, 4319338.343, 139
Trd, 4319338.643, 103
Trd, 4319338.893, 88
Trd, 4319339.793, 83
Trd, 4319340.243, 114
Trd, 4319341.593, 131
Trd, 4319342.243, 93
Trd, 4319342.743, 135
Trd, 4319343.893, 140
Trd, 4319343.993, 134
Trd, 4319346.093, 120
Trd, 4319346.943, 140
Trd, 4319347.443, 95
Trd, 4319347.843, 110
Trd, 4319348.293, 72
Trd, 4319348.593, 122
Trd, 4319348.893, 124
Trd, 4319349.743, 126
Trd, 4319349.893, 102
Trd, 4319350.693, 76
Trd, 4319352.143, 109
Trd, 4319352.243, 108
Trd, 4319353.043, 93
Trd, 4319353.743, 138
Trd, 4319354.493, 96
Trd, 4319355.243, 138
Trd, 4319355.543, 89
Trd, 4319357.243, 140
Trd, 4319358.543, 139
Trd, 4319359.543, 140
Trd, 4319360.593, 79
Trd, 4319360.943, 81
Trd, 4319361.193, 125
Trd, 4319362.143, 140
Trd, 4319362.543, 140
Trd, 4319362.743, 139
Trd, 4319364.893, 113
Trd, 4319365.293, 111
Trd, 4319365.493, 106
Trd, 4319365.593, 95
Trd, 4319366.293, 68
Trd, 4319366.993, 69
Trd, 4319367.143, 71
Trd, 4319368.343, 140
Trd, 4319370.443, 108
Trd, 4319370.943, 84
Trd, 4319371.043, 132
Trd, 4319372.093, 63
Trd, 4319372.193, 132
Trd, 4319372.643, 87
Trd, 4319373.743, 74
Trd, 4319373.893, 64
Trd, 4319374.043, 65
Trd, 4319374.893, 64
Trd, 4319376.793, 140
Trd, 4319376.843, 140
Trd, 4319378.143, 140
Trd, 4319378.193, 114
Trd, 4319378.443, 102
Trd, 4319379.093, 140
Trd, 4319379.543, 101
Trd, 4319379.893, 137
Trd, 4319380.443, 128
Trd, 4319382.393, 140
Trd, 4319383.793, 139
Trd, 4319383.943, 138
Trd, 4319384.893, 111
Trd, 4319385.643, 123
Trd, 4319385.793, 127
Trd, 4319386.693, 135
Trd, 4319386.943, 91
Trd, 4319387.843, 86
Trd, 4319389.393, 139
Trd, 4319390.293, 134
Trd, 4319390.493, 113
Trd, 4319390.743, 101
Trd, 4319390.793, 100
Trd, 4319391.643, 140
Trd, 4319393.093, 140
Trd, 4319393.743, 136
Trd, 4319393.843, 131
Trd, 4319393.993, 126
Trd, 4319394.693, 131
Trd, 4319395.943, 76
Trd, 4319396.893, 127
Trd, 4319397.893, 62
Trd, 4319398.243, 63
Trd, 4319398.943, 62
Trd, 4319399.693, 88
Trd, 4319400.343, 97
Trd, 4319401.293, 115
Trd, 4319402.993, 139
Trd, 4319403.093, 83
Trd, 4319404.843, 113
Trd, 4319405.193, 106
Trd, 4319405.343, 98
Trd, 4319406.393, 140
Trd, 4319406.893, 139
Trd, 4319408.343, 138
Trd, 4319408.743, 136
Trd, 4319409.343, 112
Trd, 4319409.743, 123
Trd, 4319411.043, 119
Trd, 4319411.393, 86
Trd, 4319412.093, 140
Trd, 4319413.093, 115
Trd, 4319414.593, 137
Trd, 4319415.343, 122
Trd, 4319415.743, 68
Trd, 4319415.943, 79
Trd, 4319416.543, 107
Trd, 4319417.693, 99
Trd, 4319418.793, 97
Trd, 4319419.293, 79
Trd, 4319420.093, 60
Trd, 4319420.343, 62
Trd, 4319420.593, 63
Trd, 4319421.193, 80
Trd, 4319422.243, 71
Trd, 4319423.143, 79
Trd, 4319423.343, 94
Trd, 4319425.043, 127
Trd, 4319425.243, 125
Trd, 4319425.693, 61
Trd, 4319427.643, 140
Trd, 4319428.043, 139
Trd, 4319429.643, 139
Trd, 4319429.693, 132
Trd, 4319430.243, 134
Trd, 4319430.993, 116
Trd, 4319432.293, 139
Trd, 4319432.593, 120
Trd, 4319432.693, 87
Trd, 4319433.293, 103
Trd, 4319434.693, 136
Trd, 4319434.743, 100
Trd, 4319434.793, 91
Trd, 4319437.043, 139
Trd, 4319438.193, 140
Trd, 4319439.143, 88
Trd, 4319439.693, 113
Trd, 4319440.093, 88
Trd, 4319440.343, 78
Trd, 4319441.943, 138
Trd, 4319442.393, 102
Trd, 4319444.143, 118
Trd, 4319445.093, 128
Trd, 4319445.893, 85
Trd, 4319445.943, 133
Trd, 4319446.543, 98
Trd, 4319446.693, 84
Trd, 4319447.293, 140
Trd, 4319448.293, 140
Trd, 4319449.893, 133
Trd, 4319450.343, 112
Trd, 4319450.393, 98
Trd, 4319450.943, 69
Trd, 4319451.093, 95
Trd, 4319451.543, 139
Trd, 4319455.393, 140
Trd, 4319455.493, 140
Trd, 4319456.043, 109
Trd, 4319456.593, 124
Trd, 4319457.493, 138
Trd, 4319458.893, 139
Trd, 4319459.993, 138
Trd, 4319460.343, 100
Trd, 4319460.743, 90
Trd, 4319461.143, 73
Trd, 4319463.593, 137
Trd, 4319463.693, 136
Trd, 4319464.243, 140
Trd, 4319464.543, 135
Trd, 4319464.593, 108
Trd, 4319465.743, 122
Trd, 4319467.643, 140
Trd, 4319467.743, 138
Trd, 4319468.093, 121
Trd, 4319468.293, 115
Trd, 4319469.343, 139
Trd, 4319469.543, 138
Trd, 4319470.693, 136
Trd, 4319472.893, 140
Trd, 4319472.943, 139
Trd, 4319472.993, 125
Trd, 4319474.193, 140
Trd, 4319474.693, 120
Trd, 4319475.093, 86
Trd, 4319476.143, 84
Trd, 4319476.293, 83
Trd, 4319477.343, 85
Trd, 4319478.393, 140
Trd, 4319479.143, 140
Trd, 4319479.793, 140
Trd, 4319481.093, 138
Trd, 4319482.143, 132
Trd, 4319482.393, 79
Trd, 4319482.743, 82
Trd, 4319483.393, 136
Trd, 4319484.193, 132
Trd, 4319484.293, 90
Trd, 4319484.643, 97
Trd, 4319484.893, 134
Trd, 4319486.293, 140
Trd, 4319486.943, 140
Trd, 4319487.293, 136
Trd, 4319487.843, 98
Trd, 4319488.443, 98
Trd, 4319489.343, 61
Trd, 4319489.793, 61
Trd, 4319490.043, 90
Trd, 4319490.643, 65
Trd, 4319490.743, 61
Trd, 4319490.943, 61
Trd, 4319492.393, 63
Trd, 4319493.743, 123
Trd, 4319494.143, 105
Trd, 4319495.793, 140
Trd, 4319497.243, 139
Trd, 4319497.743, 123
Trd, 4319497.943, 122
Trd, 4319498.143, 121
Trd, 4319498.343, 101
Trd, 4319498.743, 102
Trd, 4319499.193, 71
Trd, 4319499.643, 140
Trd, 4319501.443, 140
Trd, 4319502.493, 140
Trd, 4319503.843, 126
Trd, 4319504.743, 93
Trd, 4319505.943, 140
Trd, 4319506.143, 139
Trd, 4319506.293, 139
Trd, 4319506.443, 133
Trd, 4319507.143, 93
Trd, 4319507.793, 111
Trd, 4319508.543, 65
Trd, 4319509.643, 134
Trd, 4319510.093, 126
Trd, 4319510.243, 107
Trd, 4319511.293, 134
Trd, 4319511.893, 140
Trd, 4319512.143, 140
Trd, 4319513.293, 140
Trd, 4319514.543, 140
Trd, 4319515.943, 106
Trd, 4319517.393, 140
Trd, 4319517.943, 140
Trd, 4319518.043, 136
Trd, 4319518.643, 134
Trd, 4319518.793, 128
Trd, 4319520.293, 117
Trd, 4319520.343, 116
Trd, 4319521.243, 140
Trd, 4319522.143, 139
Trd, 4319522.543, 124
Trd, 4319523.893, 114
Trd, 4319524.493, 139
Trd, 4319525.993, 126
Trd, 4319526.893, 137
Trd, 4319527.043, 120
Trd, 4319527.243, 110
Trd, 4319528.543, 140
Trd, 4319529.243, 126
Trd, 4319529.293, 116
Trd, 4319530.393, 139
Trd, 4319530.443, 108
Trd, 4319531.693, 91
Trd, 4319532.043, 106
Trd, 4319532.243, 124
Trd, 4319533.493, 82
Trd, 4319533.793, 112
Trd, 4319535.243, 139
Trd, 4319535.693, 120
Trd, 4319536.243, 103
Trd, 4319536.693, 75
Trd, 4319537.393, 106
Trd, 4319537.993, 137
Trd, 4319539.743, 108
Trd, 4319540.043, 107
Trd, 4319540.993, 132
Trd, 4319541.093, 94
Trd, 4319541.243, 93
Trd, 4319541.743, 124
Trd, 4319543.343, 89
Trd, 4319543.843, 115
Trd, 4319545.143, 85
Trd, 4319546.043, 72
Trd, 4319547.143, 140
Trd, 4319547.493, 140
Trd, 4319548.443, 140
Trd, 4319548.693, 86
Trd, 4319548.893, 74
Trd, 4319549.893, 140
Trd, 4319550.393, 138
Trd, 4319550.593, 137
Trd, 4319550.693, 137
Trd, 4319552.343, 107
Trd, 4319552.843, 106
Trd, 4319553.293, 96
Trd, 4319553.693, 112
Trd, 4319554.093, 60
Trd, 4319554.793, 61
Trd, 4319555.443, 74
Trd, 4319557.293, 137
Trd, 4319557.793, 115
Trd, 4319557.993, 139
Trd, 4319558.193, 111
Trd, 4319559.043, 131
Trd, 4319559.443, 115
Trd, 4319559.943, 74
Trd, 4319561.093, 139
Trd, 4319561.793, 138
Trd, 4319562.843, 92
Trd, 4319564.443, 125
Trd, 4319564.593, 87
Trd, 4319565.493, 135
Trd, 4319566.193, 134
Trd, 4319567.193, 139
Trd, 4319567.793, 140
Trd, 4319568.143, 140
Trd, 4319568.693, 98
Trd, 4319569.893, 76
Trd, 4319570.143, 138
Trd, 4319570.993, 116
Trd, 4319572.193, 109
Trd, 4319573.643, 125
Trd, 4319573.993, 124
Trd, 4319574.393, 140
Trd, 4319574.593, 139
Trd, 4319575.243, 140
Trd, 4319575.493, 117
Trd, 4319576.593, 106
Trd, 4319576.943, 111
Trd, 4319578.193, 139
Trd, 4319578.293, 138
Trd, 4319578.343, 96
Trd, 4319579.643, 139
Trd, 4319580.643, 102
Trd, 4319581.743, 140
Trd, 4319582.643, 140
Trd, 4319582.943, 138
Trd, 4319582.993, 138
Trd, 4319583.643, 107
Trd, 4319583.693, 71
Trd, 4319584.893, 137
Trd, 4319586.143, 140
Trd, 4319588.093, 140
Trd, 4319588.243, 140
Trd, 4319588.793, 140
Trd, 4319588.943, 135
Trd, 4319589.443, 133
Trd, 4319590.093, 138
Trd, 4319592.543, 140
Trd, 4319593.843, 140
Trd, 4319593.893, 140
Trd, 4319594.993, 139
Trd, 4319595.293, 110
Trd, 4319595.643, 110
Trd, 4319596.193, 121
Trd, 4319597.143, 140
Trd, 4319598.843, 140
Trd, 4319598.893, 137
Trd, 4319600.343, 72
Trd, 4319600.843, 139
Trd, 4319601.743, 138
Trd, 4319602.993, 135
Trd, 4319603.343, 85
Trd, 4319603.493, 86
Trd, 4319603.893, 83
Trd, 4319605.043, 121
Trd, 4319605.693, 140
Trd, 4319605.993, 102
Trd, 4319607.943, 135
Trd, 4319609.293, 138
Trd, 4319609.393, 137
Trd, 4319610.593, 106
Trd, 4319611.493, 140
Trd, 4319613.443, 140
Trd, 4319613.693, 140
Trd, 4319613.993, 123
Trd, 4319615.043, 128
Trd, 4319616.743, 125
Trd, 4319617.043, 120
Trd, 4319617.693, 140
Trd, 4319618.693, 139
Trd, 4319618.893, 137
Trd, 4319619.343, 84
Trd, 4319619.843, 102
Trd, 4319622.693, 140
Trd, 4319622.793, 139
Trd, 4319622.893, 140
Trd, 4319623.143, 140
Trd, 4319624.493, 129
Trd, 4319624.943, 120
Trd, 4319627.193, 140
Trd, 4319627.943, 77
Trd, 4319628.293, 66
Trd, 4319628.343, 110
Trd, 4319629.643, 140
Trd, 4319630.543, 140
Trd, 4319630.693, 139
Trd, 4319630.943, 127
Trd, 4319632.043, 119
Trd, 4319632.793, 140
Trd, 4319633.393, 96
Trd, 4319635.493, 102
Trd, 4319635.893, 138
Trd, 4319636.093, 65
Trd, 4319636.643, 63
Trd, 4319637.543, 60
Trd, 4319638.643, 61
Trd, 4319639.143, 61
Trd, 4319639.443, 132
Trd, 4319639.843, 140
Trd, 4319641.493, 115
Trd, 4319642.243, 115
Trd, 4319642.343, 114
Trd, 4319642.443, 106
Trd, 4319642.843, 92
Trd, 4319643.893, 60
Trd, 4319644.693, 61
Trd, 4319645.943, 78
Trd, 4319647.143, 132
Trd, 4319647.743, 139
Trd, 4319647.793, 113
Trd, 4319648.343, 140
Trd, 4319648.893, 122
Trd, 4319650.093, 140
Trd, 4319650.993, 140
Trd, 4319651.243, 139
Trd, 4319651.743, 127
Trd, 4319653.593, 60
Trd, 4319653.693, 135
Trd, 4319653.843, 129
Trd, 4319654.393, 60
Trd, 4319655.593, 60
Trd, 4319656.493, 104
Trd, 4319657.143, 103
Trd, 4319657.493, 104
Trd, 4319657.743, 104
Trd, 4319658.093, 134
Trd, 4319658.493, 88
Trd, 4319659.593, 93
Trd, 4319659.993, 67
Trd, 4319660.593, 140
Trd, 4319660.643, 140
Trd, 4319661.243, 85
Trd, 4319662.343, 86
Trd, 4319662.693, 88
Trd, 4319663.843, 140
Trd, 4319664.743, 140
Trd, 4319666.193, 140
Trd, 4319666.993, 140
Trd, 4319667.493, 139
Trd, 4319668.193, 121
Trd, 4319668.743, 127
Trd, 4319669.293, 110
Trd, 4319669.793, 102
Trd, 4319670.193, 112
Trd, 4319670.843, 101
Trd, 4319670.943, 70
Trd, 4319672.443, 139
Trd, 4319673.393, 140
Trd, 4319673.943, 82
Trd, 4319675.093, 140
Trd, 4319675.293, 140
Trd, 4319675.593, 102
Trd, 4319676.793, 134
Trd, 4319677.093, 61
Trd, 4319677.343, 135
Trd, 4319677.693, 122
Trd, 4319679.793, 140
Trd, 4319679.943, 140
Trd, 4319680.643, 124
Trd, 4319680.693, 75
Trd, 4319680.893, 108
Trd, 4319682.093, 70
Trd, 4319682.643, 60
Trd, 4319682.843, 62
Trd, 4319683.393, 66
Trd, 4319684.243, 67
Trd, 4319684.893, 87
Trd, 4319685.293, 135
Trd, 4319685.393, 88
Trd, 4319686.043, 88
Trd, 4319687.293, 140
Trd, 4319688.043, 98
Trd, 4319688.593, 85
Trd, 4319688.693, 103
Trd, 4319688.943, 74
Trd, 4319690.943, 88
Trd, 4319691.093, 96
Trd, 4319691.293, 80
Trd, 4319692.193, 60
Trd, 4319692.243, 64
Trd, 4319692.793, 139
Trd, 4319693.593, 100
Trd, 4319695.843, 139
Trd, 4319696.593, 139
Trd, 4319697.493, 121
Trd, 4319698.193, 140
Trd, 4319699.093, 140
Trd, 4319700.493, 140
Trd, 4319700.643, 140
Trd, 4319701.293, 140
Trd, 4319701.693, 137
Trd, 4319701.793, 136
Trd, 4319702.243, 90
Trd, 4319702.343, 112
Trd, 4319703.343, 109
Trd, 4319704.643, 127
Trd, 4319706.443, 140
Trd, 4319707.393, 136
Trd, 4319707.543, 122
Trd, 4319708.493, 139
Trd, 4319708.843, 139
Trd, 4319709.493, 138
Trd, 4319710.143, 129
Trd, 4319710.393, 64
Trd, 4319711.293, 107
Trd, 4319711.593, 105
Trd, 4319711.893, 126
Trd, 4319713.893, 109
Trd, 4319715.143, 139
Trd, 4319715.643, 107
Trd, 4319716.243, 139
Trd, 4319716.443, 108
Trd, 4319716.993, 106
Trd, 4319717.793, 61
Trd, 4319718.693, 128
Trd, 4319718.893, 131
Trd, 4319719.793, 113
Trd, 4319720.243, 107
Trd, 4319720.943, 104
Trd, 4319721.643, 132
Trd, 4319721.793, 69
Trd, 4319723.943, 140
Trd, 4319725.243, 124
Trd, 4319725.343, 123
Trd, 4319725.443, 122
Trd, 4319726.443, 138
Trd, 4319726.843, 129
Trd, 4319728.093, 137
Trd, 4319728.193, 113
Trd, 4319728.393, 92
Trd, 4319729.243, 78
Trd, 4319729.643, 126
Trd, 4319730.143, 140
Trd, 4319730.743, 119
Trd, 4319731.543, 126
Trd, 4319732.243, 126
Trd, 4319734.193, 140
Trd, 4319734.393, 139
Trd, 4319734.743, 138
Trd, 4319736.243, 140
Trd, 4319736.593, 140
Trd, 4319737.493, 124
Trd, 4319737.643, 119
Trd, 4319737.843, 138
Trd, 4319738.193, 104
Trd, 4319738.643, 94
Trd, 4319740.793, 99
Trd, 4319740.843, 100
Trd, 4319741.743, 139
Trd, 4319742.293, 128
Trd, 4319742.843, 81
Trd, 4319743.593, 108
Trd, 4319744.593, 61
Trd, 4319745.793, 67
Trd, 4319746.093, 70
Trd, 4319746.293, 71
Trd, 4319747.493, 140
Trd, 4319748.343, 140
Trd, 4319749.643, 140
Trd, 4319749.793, 140
Trd, 4319749.993, 117
Trd, 4319750.293, 129
Trd, 4319750.793, 140
Trd, 4319750.893, 100
Trd, 4319751.443, 65
Trd, 4319752.093, 126
Trd, 4319753.493, 135
Trd, 4319754.993, 140
Trd, 4319755.443, 138
Trd, 4319755.793, 98
Trd, 4319757.993, 140
Trd, 4319758.443, 136
Trd, 4319759.143, 122
Trd, 4319759.693, 96
Trd, 4319760.943, 140
Trd, 4319761.993, 87
Trd, 4319762.643, 109
Trd, 4319763.493, 136
Trd, 4319765.243, 126
Trd, 4319765.393, 125
Trd, 4319766.093, 138
Trd, 4319766.443, 140
Trd, 4319766.493, 125
Trd, 4319766.943, 92
Trd, 4319767.243, 107
Trd, 4319769.393, 91
Trd, 4319769.443, 90
Trd, 4319770.343, 115
Trd, 4319771.143, 137
Trd, 4319771.343, 123
Trd, 4319772.243, 138
Trd, 4319772.643, 63
Trd, 4319773.193, 120
Trd, 4319773.343, 95
Trd, 4319774.543, 101
Trd, 4319775.643, 137
Trd, 4319776.193, 106
Trd, 4319777.893, 127
Trd, 4319778.643, 124
Trd, 4319779.893, 140
Trd, 4319779.943, 136
Trd, 4319780.843, 62
Trd, 4319781.993, 102
Trd, 4319782.243, 105
Trd, 4319782.293, 109
Trd, 4319782.343, 104
Trd, 4319784.343, 60
Trd, 4319784.993, 61
Trd, 4319785.593, 65
Trd, 4319786.843, 123
Trd, 4319787.793, 137
Trd, 4319788.243, 112
Trd, 4319789.243, 73
Trd, 4319790.393, 140
Trd, 4319791.843, 140
Trd, 4319791.893, 140
Trd, 4319792.743, 126
Trd, 4319793.193, 118
Trd, 4319793.293, 82
Trd, 4319794.193, 60
Trd, 4319794.393, 60
Trd, 4319794.593, 62
Trd, 4319795.893, 61
Trd, 4319796.943, 62
Trd, 4319797.943, 140
Trd, 4319799.793, 140
Trd, 4319801.343, 138
Trd, 4319802.043, 103
Trd, 4319802.343, 108
Trd, 4319802.543, 103
Trd, 4319802.893, 140
Trd, 4319804.993, 140
Trd, 4319806.293, 140
Trd, 4319806.793, 139
Trd, 4319807.193, 115
Trd, 4319807.893, 137
Trd, 4319808.443, 114
Trd, 4319809.043, 128
Trd, 4319810.193, 124
Trd, 4319812.193, 140
Trd, 4319812.593, 138
Trd, 4319812.793, 108
Trd, 4319812.993, 125
Trd, 4319813.943, 126
Trd, 4319814.093, 118
Trd, 4319814.493, 107
Trd, 4319816.143, 140
Trd, 4319816.243, 139
Trd, 4319818.493, 140
Trd, 4319820.143, 140
Trd, 4319821.343, 140
Trd, 4319821.743, 140
Trd, 4319822.993, 130
Trd, 4319823.093, 129
Trd, 4319823.243, 98
Trd, 4319823.643, 129
Trd, 4319825.443, 115
Trd, 4319827.343, 140
Trd, 4319827.693, 139
Trd, 4319827.943, 135
Trd, 4319829.143, 139
Trd, 4319829.693, 140
Trd, 4319830.643, 140
Trd, 4319831.343, 82
Trd, 4319831.493, 66
Trd, 4319831.693, 81
Trd, 4319832.293, 60
Trd, 4319832.343, 63
Trd, 4319834.643, 104
Trd, 4319835.143, 138
Trd, 4319835.593, 105
Trd, 4319836.193, 87
Trd, 4319836.693, 68
Trd, 4319837.043, 97
Trd, 4319838.243, 140
Trd, 4319838.743, 140
Trd, 4319838.843, 139
Trd, 4319840.093, 140
Trd, 4319840.693, 140
Trd, 4319842.043, 140
Trd, 4319842.643, 121
Trd, 4319842.943, 121
Trd, 4319843.443, 119
Trd, 4319844.493, 111
Trd, 4319844.843, 68
Trd, 4319846.643, 140
Trd, 4319846.743, 140
Trd, 4319846.793, 140
Trd, 4319848.043, 139
Trd, 4319848.793, 139
Trd, 4319849.593, 139
Trd, 4319852.443, 137
Trd, 4319853.643, 137
Trd, 4319853.843, 135
Trd, 4319854.943, 140
Trd, 4319855.993, 140
Trd, 4319858.143, 130
Trd, 4319858.493, 121
Trd, 4319858.693, 79
Trd, 4319859.143, 113
Trd, 4319859.343, 99
Trd, 4319859.693, 78
Trd, 4319859.993, 140
Trd, 4319861.793, 71
Trd, 4319862.443, 88
Trd, 4319863.093, 139
Trd, 4319863.893, 99
Trd, 4319864.243, 119
Trd, 4319865.643, 139
Trd, 4319866.043, 118
Trd, 4319866.193, 76
Trd, 4319867.593, 139
Trd, 4319867.743, 121
Trd, 4319868.693, 140
Trd, 4319869.593, 129
Trd, 4319870.993, 138
Trd, 4319871.043, 70
Trd, 4319872.943, 67
Trd, 4319873.293, 93
Trd, 4319873.493, 128
Trd, 4319873.743, 129
Trd, 4319874.493, 113
Trd, 4319877.343, 140
Trd, 4319878.243, 140
Trd, 4319878.343, 137
Trd, 4319878.643, 139
Trd, 4319878.743, 121
Trd, 4319880.293, 139
Trd, 4319880.743, 120
Trd, 4319880.943, 104
Trd, 4319881.843, 115
Trd, 4319882.843, 119
Trd, 4319883.243, 135
Trd, 4319883.793, 85
Trd, 4319885.443, 85
Trd, 4319885.743, 87
Trd, 4319885.843, 87
Trd, 4319885.943, 75
Trd, 4319886.343, 95
Trd, 4319886.643, 64
Trd, 4319888.393, 140
Trd, 4319888.643, 139
Trd, 4319891.093, 137
Trd, 4319891.843, 135
Trd, 4319891.943, 134
Trd, 4319892.693, 122
Trd, 4319893.693, 125
Trd, 4319893.793, 107
Trd, 4319893.843, 139
Trd, 4319894.793, 94
Trd, 4319895.043, 61
Trd, 4319895.443, 138
Trd, 4319896.593, 140
Trd, 4319896.643, 118
Trd, 4319897.743, 140
Trd, 4319898.593, 125
Trd, 4319899.493, 126
Trd, 4319900.243, 131
Trd, 4319900.793, 71
Trd, 4319902.493, 65
Trd, 4319902.743, 73
Trd, 4319903.143, 74
Trd, 4319903.743, 66
Trd, 4319904.593, 137
Trd, 4319905.093, 82
Trd, 4319906.443, 140
Trd, 4319906.993, 140
Trd, 4319907.593, 119
Trd, 4319909.143, 140
Trd, 4319909.693, 140
Trd, 4319909.843, 140
Trd, 4319910.643, 131
Trd, 4319912.743, 140
Trd, 4319913.093, 140
Trd, 4319914.193, 126
Trd, 4319914.393, 124
Trd, 4319915.043, 122
Trd, 4319917.393, 138
Trd, 4319917.593, 83
Trd, 4319918.343, 83
Trd, 4319918.493, 84
Trd, 4319919.693, 60
Trd, 4319920.093, 63
Trd, 4319920.693, 60
Trd, 4319920.793, 93
Trd, 4319920.893, 109
Trd, 4319922.393, 109
Trd, 4319922.743, 140
Trd, 4319923.543, 75
Trd, 4319924.243, 140
Trd, 4319925.143, 104
Trd, 4319925.443, 136
Trd, 4319925.943, 103
Trd, 4319928.043, 140
Trd, 4319928.343, 139
Trd, 4319928.443, 93
Trd, 4319928.693, 89
Trd, 4319929.193, 91
Trd, 4319930.293, 62
Trd, 4319931.393, 140
Trd, 4319932.093, 130
Trd, 4319932.243, 121
Trd, 4319933.543, 107
Trd, 4319934.543, 139
Trd, 4319935.943, 139
Trd, 4319935.993, 136
Trd, 4319937.093, 91
Trd, 4319938.693, 127
Trd, 4319940.443, 137
Trd, 4319941.193, 136
Trd, 4319941.643, 140
Trd, 4319943.693, 140
Trd, 4319944.043, 139
Trd, 4319944.343, 128
Trd, 4319945.593, 138
Trd, 4319945.793, 108
Trd, 4319945.893, 98
Trd, 4319947.043, 62
Trd, 4319947.393, 106
Trd, 4319949.043, 61
Trd, 4319949.593, 63
Trd, 4319949.893, 64
Trd, 4319949.943, 79
Trd, 4319950.843, 116
Trd, 4319951.743, 138
Trd, 4319952.393, 97
Trd, 4319953.393, 60
Trd, 4319953.543, 60
Trd, 4319954.843, 60
Trd, 4319955.343, 62
Trd, 4319955.993, 105
Trd, 4319956.543, 64
Trd, 4319957.293, 61
Trd, 4319958.443, 127
Trd, 4319958.993, 96
Trd, 4319959.643, 75
Trd, 4319959.843, 139
Trd, 4319960.593, 118
Trd, 4319961.843, 137
Trd, 4319962.943, 120
Trd, 4319964.993, 135
Trd, 4319965.143, 135
Trd, 4319965.393, 127
Trd, 4319965.743, 125
Trd, 4319966.443, 122
Trd, 4319967.693, 136
Trd, 4319967.793, 114
Trd, 4319969.143, 135
Trd, 4319969.643, 111
Trd, 4319970.093, 136
Trd, 4319970.493, 110
Trd, 4319972.743, 140
Trd, 4319973.543, 140
Trd, 4319973.793, 140
Trd, 4319974.043, 101
Trd, 4319975.543, 140
Trd, 4319976.293, 140
Trd, 4319976.643, 131
Trd, 4319976.943, 82
Trd, 4319977.843, 111
Trd, 4319978.843, 110
Trd, 4319979.743, 132
Trd, 4319979.993, 104
Trd, 4319980.543, 91
Trd, 4319980.643, 88
Trd, 4319980.693, 110
Trd, 4319981.443, 94
Trd, 4319982.343, 137
Trd, 4319983.543, 67
Trd, 4319984.243, 65
Trd, 4319984.593, 66
Trd, 4319985.093, 63
Trd, 4319986.393, 81
Trd, 4319988.143, 133
Trd, 4319988.343, 130
Trd, 4319989.443, 138
Trd, 4319989.743, 138
Trd, 4319990.593, 85
Trd, 4319991.043, 95
Trd, 4319992.943, 60
Trd, 4319994.893, 60
Trd, 4319994.993, 62
Trd, 4319995.193, 67
Trd, 4319997.043, 97
Trd, 4319997.543, 94
Trd, 4319997.893, 81
Trd, 4319998.243, 133
Trd, 4319999.743, 139
