Trd, 4318142.343, 65
Trd, 4318142.943, 60
Trd, 4318144.193, 60
Trd, 4318145.343, 60
Trd, 4318145.443, 60
Trd, 4318145.693, 76
Trd, 4318146.943, 140
Trd, 4318147.443, 140
Trd, 4318148.543, 140
Trd, 4318149.293, 140
Trd, 4318149.543, 140
Trd, 4318149.643, 140
Trd, 4318151.393, 106
Trd, 4318151.793, 106
Trd, 4318151.993, 106
Trd, 4318152.093, 106
Trd, 4318153.543, 114
Trd, 4318153.643, 90
Trd, 4318154.093, 85
Trd, 4318154.893, 60
Trd, 4318155.593, 66
Trd, 4318156.893, 140
Trd, 4318156.943, 139
Trd, 4318157.543, 137
Trd, 4318159.643, 137
Trd, 4318159.843, 91
Trd, 4318160.993, 136
Trd, 4318161.343, 103
Trd, 4318162.043, 138
Trd, 4318162.093, 137
Trd, 4318162.143, 102
Trd, 4318162.943, 83
Trd, 4318163.343, 83
Trd, 4318164.243, 130
Trd, 4318164.743, 115
Trd, 4318165.593, 117
Trd, 4318166.243, 105
Trd, 4318166.693, 105
Trd, 4318167.193, 139
Trd, 4318167.943, 104
Trd, 4318169.343, 139
Trd, 4318169.543, 127
Trd, 4318170.993, 140
Trd, 4318171.143, 140
Trd, 4318171.393, 139
Trd, 4318171.443, 118
Trd, 4318172.043, 113
Trd, 4318173.343, 132
Trd, 4318173.493, 99
Trd, 4318173.643, 134
Trd, 4318174.843, 140
Trd, 4318175.893, 100
Trd, 4318176.393, 99
Trd, 4318177.993, 65
Trd, 4318179.243, 60
Trd, 4318179.743, 61
Trd, 4318180.143, 140
Trd, 4318180.393, 140
Trd, 4318180.793, 61
Trd, 4318181.443, 60
Trd, 4318182.393, 61
Trd, 4318183.193, 62
Trd, 4318183.393, 74
Trd, 4318184.643, 71
Trd, 4318187.193, 60
Trd, 4318187.943, 60
Trd, 4318188.143, 60
Trd, 4318188.993, 62
Trd, 4318189.743, 63
Trd, 4318189.793, 64
Trd, 4318189.893, 61
Trd, 4318191.143, 140
Trd, 4318191.643, 115
Trd, 4318192.993, 140
Trd, 4318193.193, 136
Trd, 4318193.493, 135
Trd, 4318193.843, 96
Trd, 4318195.293, 140
Trd, 4318195.743, 140
Trd, 4318195.793, 140
Trd, 4318196.293, 114
Trd, 4318198.793, 140
Trd, 4318199.093, 140
Trd, 4318199.243, 140
Trd, 4318199.643, 137
Trd, 4318200.643, 140
Trd, 4318200.743, 140
Trd, 4318201.243, 92
Trd, 4318202.743, 85
Trd, 4318203.193, 132
Trd, 4318203.693, 104
Trd, 4318204.343, 86
Trd, 4318204.393, 85
Trd, 4318205.243, 140
Trd, 4318205.893, 95
Trd, 4318206.293, 77
Trd, 4318207.293, 114
Trd, 4318208.743, 60
Trd, 4318209.593, 62
Trd, 4318209.643, 63
Trd, 4318210.593, 68
Trd, 4318212.493, 137
Trd, 4318212.793, 76
Trd, 4318212.943, 76
Trd, 4318213.143, 74
Trd, 4318213.243, 63
Trd, 4318213.793, 122
Trd, 4318215.193, 140
Trd, 4318215.343, 64
Trd, 4318216.993, 60
Trd, 4318217.543, 65
Trd, 4318218.043, 61
Trd, 4318218.293, 61
Trd, 4318219.893, 60
Trd, 4318221.443, 61
Trd, 4318221.693, 64
Trd, 4318222.043, 69
Trd, 4318222.443, 67
Trd, 4318222.993, 68
Trd, 4318223.693, 140
Trd, 4318224.293, 109
Trd, 4318224.443, 108
Trd, 4318224.593, 68
Trd, 4318226.243, 61
Trd, 4318226.943, 68
Trd, 4318227.793, 96
Trd, 4318228.993, 140
Trd, 4318229.093, 140
Trd, 4318229.543, 113
Trd, 4318230.793, 63
Trd, 4318231.643, 62
Trd, 4318232.143, 60
Trd, 4318232.743, 117
Trd, 4318233.043, 116
Trd, 4318233.943, 66
Trd, 4318235.893, 60
Trd, 4318236.093, 60
Trd, 4318236.593, 60
Trd, 4318236.743, 64
Trd, 4318238.093, 140
Trd, 4318238.193, 140
Trd, 4318239.093, 66
Trd, 4318239.993, 60
Trd, 4318240.393, 60
Trd, 4318241.343, 61
Trd, 4318243.093, 60
Trd, 4318243.443, 60
Trd, 4318243.593, 60
Trd, 4318243.693, 68
Trd, 4318244.593, 61
Trd, 4318244.693, 62
Trd, 4318247.343, 61
Trd, 4318247.543, 61
Trd, 4318247.893, 61
Trd, 4318248.093, 96
Trd, 4318248.743, 66
Trd, 4318249.043, 83
Trd, 4318250.043, 139
Trd, 4318251.393, 62
Trd, 4318252.093, 75
Trd, 4318252.843, 61
Trd, 4318253.543, 62
Trd, 4318253.593, 62
Trd, 4318255.393, 140
Trd, 4318255.543, 140
Trd, 4318255.643, 138
Trd, 4318256.543, 73
Trd, 4318257.693, 102
Trd, 4318258.343, 140
Trd, 4318259.293, 138
Trd, 4318261.393, 140
Trd, 4318261.443, 140
Trd, 4318261.843, 140
Trd, 4318261.943, 140
Trd, 4318263.193, 140
Trd, 4318263.293, 140
Trd, 4318263.993, 111
Trd, 4318264.043, 68
Trd, 4318264.693, 62
Trd, 4318266.543, 140
Trd, 4318266.593, 138
Trd, 4318268.743, 81
Trd, 4318268.793, 70
Trd, 4318269.543, 63
Trd, 4318269.593, 64
Trd, 4318270.643, 139
Trd, 4318270.943, 139
Trd, 4318271.093, 138
Trd, 4318272.393, 139
Trd, 4318273.093, 140
Trd, 4318273.743, 139
Trd, 4318274.393, 136
Trd, 4318275.793, 85
Trd, 4318275.943, 84
Trd, 4318276.393, 70
Trd, 4318277.143, 97
Trd, 4318277.243, 95
Trd, 4318278.643, 111
Trd, 4318278.943, 111
Trd, 4318279.143, 110
Trd, 4318280.243, 137
Trd, 4318280.743, 112
Trd, 4318281.193, 76
Trd, 4318282.743, 139
Trd, 4318283.193, 140
Trd, 4318284.193, 140
Trd, 4318284.843, 139
Trd, 4318284.943, 137
Trd, 4318286.293, 137
Trd, 4318286.543, 110
Trd, 4318287.393, 80
Trd, 4318288.143, 140
Trd, 4318288.493, 139
Trd, 4318288.743, 110
Trd, 4318289.793, 112
Trd, 4318289.993, 111
Trd, 4318290.443, 69
Trd, 4318291.243, 64
Trd, 4318292.243, 74
Trd, 4318292.693, 84
Trd, 4318293.093, 84
Trd, 4318294.293, 81
Trd, 4318295.843, 140
Trd, 4318295.893, 140
Trd, 4318296.193, 136
Trd, 4318297.093, 132
Trd, 4318297.943, 140
Trd, 4318298.043, 139
Trd, 4318298.893, 140
Trd, 4318299.743, 140
Trd, 4318300.093, 99
Trd, 4318300.543, 138
Trd, 4318301.543, 95
Trd, 4318302.393, 97
Trd, 4318302.693, 140
Trd, 4318302.743, 140
Trd, 4318304.493, 102
Trd, 4318304.793, 101
Trd, 4318305.393, 101
Trd, 4318305.593, 139
Trd, 4318306.643, 140
Trd, 4318307.143, 140
Trd, 4318307.893, 109
Trd, 4318308.393, 107
Trd, 4318309.793, 127
Trd, 4318311.093, 140
Trd, 4318311.193, 140
Trd, 4318311.793, 140
Trd, 4318312.343, 138
Trd, 4318312.593, 127
Trd, 4318312.693, 111
Trd, 4318313.543, 140
Trd, 4318314.443, 131
Trd, 4318315.793, 98
Trd, 4318316.493, 127
Trd, 4318316.843, 104
Trd, 4318317.443, 104
Trd, 4318317.593, 103
Trd, 4318317.643, 70
Trd, 4318318.843, 71
Trd, 4318319.493, 62
Trd, 4318321.693, 60
Trd, 4318322.243, 62
Trd, 4318322.443, 64
Trd, 4318322.643, 67
Trd, 4318323.543, 77
Trd, 4318324.193, 140
Trd, 4318325.193, 82
Trd, 4318325.293, 80
Trd, 4318325.393, 78
Trd, 4318327.143, 140
Trd, 4318327.693, 140
Trd, 4318327.793, 136
Trd, 4318327.943, 109
Trd, 4318328.693, 61
Trd, 4318329.843, 60
Trd, 4318330.093, 62
Trd, 4318330.593, 64
Trd, 4318331.943, 72
Trd, 4318333.793, 60
Trd, 4318334.243, 61
Trd, 4318334.593, 67
Trd, 4318337.193, 62
Trd, 4318337.943, 65
Trd, 4318338.043, 64
Trd, 4318338.143, 72
Trd, 4318338.643, 61
Trd, 4318339.143, 61
Trd, 4318339.493, 75
Trd, 4318340.293, 98
Trd, 4318340.393, 89
Trd, 4318341.543, 60
Trd, 4318341.593, 69
Trd, 4318343.343, 61
Trd, 4318343.943, 60
Trd, 4318344.893, 61
Trd, 4318345.343, 62
Trd, 4318345.743, 63
Trd, 4318346.243, 62
Trd, 4318346.843, 67
Trd, 4318347.643, 124
Trd, 4318347.743, 67
Trd, 4318348.343, 65
Trd, 4318348.543, 61
Trd, 4318349.193, 139
Trd, 4318350.743, 62
Trd, 4318351.443, 62
Trd, 4318354.543, 61
Trd, 4318355.443, 60
Trd, 4318355.543, 62
Trd, 4318355.593, 62
Trd, 4318357.693, 60
Trd, 4318357.743, 60
Trd, 4318359.593, 62
Trd, 4318359.793, 66
Trd, 4318359.943, 67
Trd, 4318360.443, 140
Trd, 4318361.243, 93
Trd, 4318361.343, 90
Trd, 4318362.143, 66
Trd, 4318362.493, 88
Trd, 4318363.693, 137
Trd, 4318364.093, 68
Trd, 4318364.543, 137
Trd, 4318365.743, 81
Trd, 4318366.293, 138
Trd, 4318366.393, 81
Trd, 4318368.193, 94
Trd, 4318369.543, 79
Trd, 4318370.043, 92
Trd, 4318370.093, 76
Trd, 4318370.993, 76
Trd, 4318371.193, 125
Trd, 4318371.743, 68
Trd, 4318373.643, 60
Trd, 4318373.943, 61
Trd, 4318374.093, 67
Trd, 4318376.693, 60
Trd, 4318376.943, 60
Trd, 4318377.043, 60
Trd, 4318377.193, 119
Trd, 4318378.743, 63
Trd, 4318379.043, 63
Trd, 4318379.343, 123
Trd, 4318379.943, 68
Trd, 4318380.193, 64
Trd, 4318381.143, 127
Trd, 4318382.393, 110
Trd, 4318382.643, 110
Trd, 4318382.793, 109
Trd, 4318383.393, 140
Trd, 4318383.693, 104
Trd, 4318384.693, 139
Trd, 4318385.043, 67
Trd, 4318386.543, 66
Trd, 4318386.943, 60
Trd, 4318387.193, 60
Trd, 4318387.993, 62
Trd, 4318388.693, 70
Trd, 4318388.843, 69
Trd, 4318389.093, 89
Trd, 4318389.243, 90
Trd, 4318390.693, 76
Trd, 4318390.843, 75
Trd, 4318391.293, 139
Trd, 4318391.493, 120
Trd, 4318392.643, 74
Trd, 4318393.193, 65
Trd, 4318393.793, 63
Trd, 4318394.843, 63
Trd, 4318395.493, 60
Trd, 4318396.843, 61
Trd, 4318398.093, 60
Trd, 4318398.193, 61
Trd, 4318399.243, 140
Trd, 4318399.493, 140
Trd, 4318399.793, 140
Trd, 4318399.993, 140
Trd, 4318401.543, 140
Trd, 4318402.093, 140
Trd, 4318402.693, 140
Trd, 4318402.743, 139
Trd, 4318402.793, 109
Trd, 4318403.893, 66
Trd, 4318404.643, 68
Trd, 4318405.743, 140
Trd, 4318407.193, 140
Trd, 4318407.543, 140
Trd, 4318407.893, 140
Trd, 4318409.343, 140
Trd, 4318409.543, 140
Trd, 4318409.793, 110
Trd, 4318411.193, 112
Trd, 4318411.443, 111
Trd, 4318411.693, 109
Trd, 4318411.743, 87
Trd, 4318412.193, 80
Trd, 4318414.343, 140
Trd, 4318414.943, 140
Trd, 4318415.243, 140
Trd, 4318415.643, 140
Trd, 4318416.793, 138
Trd, 4318417.493, 68
Trd, 4318419.193, 140
Trd, 4318419.393, 139
Trd, 4318419.993, 140
Trd, 4318420.093, 123
Trd, 4318420.793, 140
Trd, 4318421.993, 116
Trd, 4318422.193, 115
Trd, 4318422.243, 114
Trd, 4318422.293, 103
Trd, 4318423.143, 140
Trd, 4318424.743, 140
Trd, 4318425.093, 140
Trd, 4318425.293, 140
Trd, 4318426.343, 140
Trd, 4318426.943, 140
Trd, 4318427.243, 140
Trd, 4318427.593, 135
Trd, 4318427.743, 83
Trd, 4318428.243, 140
Trd, 4318428.443, 139
Trd, 4318428.693, 81
Trd, 4318432.193, 140
Trd, 4318432.493, 139
Trd, 4318433.343, 138
Trd, 4318433.843, 140
Trd, 4318434.343, 139
Trd, 4318434.443, 98
Trd, 4318434.893, 136
Trd, 4318435.093, 84
Trd, 4318435.843, 140
Trd, 4318437.143, 140
Trd, 4318437.193, 108
Trd, 4318439.143, 140
Trd, 4318439.243, 140
Trd, 4318439.493, 138
Trd, 4318440.493, 139
Trd, 4318440.743, 139
Trd, 4318440.893, 138
Trd, 4318441.893, 119
Trd, 4318442.843, 96
Trd, 4318443.393, 81
Trd, 4318443.843, 140
Trd, 4318445.243, 60
Trd, 4318446.293, 140
Trd, 4318446.743, 140
Trd, 4318447.293, 140
Trd, 4318448.143, 140
Trd, 4318448.943, 140
Trd, 4318449.193, 140
Trd, 4318449.493, 139
Trd, 4318450.243, 139
Trd, 4318451.693, 140
Trd, 4318451.793, 140
Trd, 4318452.243, 140
Trd, 4318453.543, 106
Trd, 4318453.693, 105
Trd, 4318454.193, 132
Trd, 4318454.243, 138
Trd, 4318455.393, 60
Trd, 4318456.443, 63
Trd, 4318456.493, 69
Trd, 4318458.343, 70
Trd, 4318458.543, 67
Trd, 4318458.743, 64
Trd, 4318459.193, 64
Trd, 4318459.543, 79
Trd, 4318459.743, 63
Trd, 4318460.343, 98
Trd, 4318460.893, 61
Trd, 4318462.193, 140
Trd, 4318463.243, 140
Trd, 4318463.843, 140
Trd, 4318464.243, 140
Trd, 4318464.393, 140
Trd, 4318464.443, 123
Trd, 4318464.793, 140
Trd, 4318465.643, 72
Trd, 4318466.043, 134
Trd, 4318468.343, 60
Trd, 4318468.693, 60
Trd, 4318468.843, 61
Trd, 4318469.593, 74
Trd, 4318470.343, 70
Trd, 4318471.493, 140
Trd, 4318471.993, 140
Trd, 4318472.093, 140
Trd, 4318472.543, 140
Trd, 4318473.343, 89
Trd, 4318473.393, 65
Trd, 4318475.793, 63
Trd, 4318475.943, 63
Trd, 4318477.243, 60
Trd, 4318478.743, 60
Trd, 4318479.193, 62
Trd, 4318480.843, 60
Trd, 4318481.543, 60
Trd, 4318482.193, 62
Trd, 4318482.743, 60
Trd, 4318483.093, 63
Trd, 4318483.143, 66
Trd, 4318483.943, 67
Trd, 4318484.143, 68
Trd, 4318484.393, 62
Trd, 4318484.893, 64
Trd, 4318486.593, 63
Trd, 4318487.543, 64
Trd, 4318488.243, 65
Trd, 4318489.193, 66
Trd, 4318490.843, 60
Trd, 4318490.993, 66
Trd, 4318491.293, 140
Trd, 4318492.343, 140
Trd, 4318492.493, 140
Trd, 4318493.193, 140
Trd, 4318493.593, 140
Trd, 4318494.093, 140
Trd, 4318494.343, 138
Trd, 4318494.793, 97
Trd, 4318495.543, 86
Trd, 4318496.443, 93
Trd, 4318496.643, 117
Trd, 4318497.143, 92
Trd, 4318498.593, 61
Trd, 4318499.893, 60
Trd, 4318500.243, 61
Trd, 4318500.443, 63
Trd, 4318500.893, 70
Trd, 4318501.293, 69
Trd, 4318501.843, 81
Trd, 4318502.043, 137
Trd, 4318502.243, 68
Trd, 4318502.643, 64
Trd, 4318503.443, 60
Trd, 4318504.793, 64
Trd, 4318505.143, 61
Trd, 4318505.993, 140
Trd, 4318506.893, 140
Trd, 4318506.943, 140
Trd, 4318508.393, 140
Trd, 4318508.843, 95
Trd, 4318509.093, 72
Trd, 4318510.643, 67
Trd, 4318511.293, 63
Trd, 4318511.693, 64
Trd, 4318512.843, 61
Trd, 4318514.443, 62
Trd, 4318514.493, 126
Trd, 4318515.093, 66
Trd, 4318515.293, 81
Trd, 4318515.643, 65
Trd, 4318516.193, 65
Trd, 4318516.943, 75
Trd, 4318517.443, 74
Trd, 4318518.693, 81
Trd, 4318518.743, 98
Trd, 4318519.193, 80
Trd, 4318520.893, 140
Trd, 4318521.093, 140
Trd, 4318521.493, 140
Trd, 4318522.143, 135
Trd, 4318522.443, 113
Trd, 4318522.943, 104
Trd, 4318523.793, 65
Trd, 4318523.893, 66
Trd, 4318524.693, 115
Trd, 4318526.593, 140
Trd, 4318527.743, 140
Trd, 4318528.343, 109
Trd, 4318528.543, 140
Trd, 4318528.693, 140
Trd, 4318528.893, 125
Trd, 4318529.943, 137
Trd, 4318531.693, 140
Trd, 4318532.193, 140
Trd, 4318532.943, 140
Trd, 4318532.993, 140
Trd, 4318533.943, 86
Trd, 4318534.493, 62
Trd, 4318534.793, 76
Trd, 4318535.993, 66
Trd, 4318536.993, 138
Trd, 4318537.293, 70
Trd, 4318537.943, 103
Trd, 4318538.493, 102
Trd, 4318539.893, 140
Trd, 4318540.343, 140
Trd, 4318540.893, 140
Trd, 4318541.793, 136
Trd, 4318543.243, 132
Trd, 4318543.293, 131
Trd, 4318543.493, 135
Trd, 4318543.893, 131
Trd, 4318544.943, 130
Trd, 4318545.243, 140
Trd, 4318545.293, 140
Trd, 4318545.543, 108
Trd, 4318546.343, 93
Trd, 4318547.943, 120
Trd, 4318548.443, 84
Trd, 4318549.693, 140
Trd, 4318550.243, 140
Trd, 4318550.943, 140
Trd, 4318551.143, 140
Trd, 4318551.343, 116
Trd, 4318552.843, 65
Trd, 4318554.143, 114
Trd, 4318554.293, 114
Trd, 4318554.343, 113
Trd, 4318554.693, 140
Trd, 4318555.493, 140
Trd, 4318555.843, 140
Trd, 4318557.243, 64
Trd, 4318557.993, 62
Trd, 4318559.343, 81
Trd, 4318559.393, 67
Trd, 4318560.943, 103
Trd, 4318560.993, 115
Trd, 4318561.693, 103
Trd, 4318561.743, 102
Trd, 4318561.893, 122
Trd, 4318562.543, 138
Trd, 4318562.893, 60
Trd, 4318563.193, 109
Trd, 4318566.093, 61
Trd, 4318566.243, 62
Trd, 4318567.993, 60
Trd, 4318568.693, 60
Trd, 4318568.943, 61
Trd, 4318569.443, 64
Trd, 4318569.793, 67
Trd, 4318570.243, 68
Trd, 4318572.943, 61
Trd, 4318573.093, 62
Trd, 4318573.293, 72
Trd, 4318573.843, 140
Trd, 4318574.043, 120
Trd, 4318574.293, 119
Trd, 4318574.793, 119
Trd, 4318575.043, 118
Trd, 4318575.543, 76
Trd, 4318578.243, 140
Trd, 4318578.393, 140
Trd, 4318578.693, 140
Trd, 4318579.393, 140
Trd, 4318579.443, 117
Trd, 4318579.543, 92
Trd, 4318581.693, 140
Trd, 4318581.893, 140
Trd, 4318581.993, 140
Trd, 4318582.043, 139
Trd, 4318583.343, 125
Trd, 4318583.743, 125
Trd, 4318584.243, 140
Trd, 4318584.443, 140
Trd, 4318585.243, 140
Trd, 4318586.143, 140
Trd, 4318587.643, 138
Trd, 4318587.943, 137
Trd, 4318588.443, 99
Trd, 4318588.593, 87
Trd, 4318588.893, 84
Trd, 4318590.343, 131
Trd, 4318590.843, 60
Trd, 4318591.243, 61
Trd, 4318592.343, 61
Trd, 4318593.843, 61
Trd, 4318595.993, 60
Trd, 4318596.393, 61
Trd, 4318596.943, 64
Trd, 4318596.993, 65
Trd, 4318597.693, 62
Trd, 4318598.043, 61
Trd, 4318598.343, 69
Trd, 4318598.593, 116
Trd, 4318599.493, 123
Trd, 4318600.393, 123
Trd, 4318601.593, 139
Trd, 4318601.893, 137
Trd, 4318602.293, 102
Trd, 4318603.043, 82
Trd, 4318604.593, 61
Trd, 4318605.093, 65
Trd, 4318605.693, 68
Trd, 4318606.043, 85
Trd, 4318606.593, 66
Trd, 4318607.043, 104
Trd, 4318607.093, 68
Trd, 4318609.043, 140
Trd, 4318609.643, 140
Trd, 4318609.693, 140
Trd, 4318609.993, 140
Trd, 4318610.693, 62
Trd, 4318611.293, 78
Trd, 4318611.643, 79
Trd, 4318612.143, 62
Trd, 4318612.693, 62
Trd, 4318614.593, 92
Trd, 4318614.893, 78
Trd, 4318615.393, 67
Trd, 4318617.393, 60
Trd, 4318617.693, 61
Trd, 4318618.343, 64
Trd, 4318618.443, 68
Trd, 4318618.743, 69
Trd, 4318620.093, 119
Trd, 4318620.743, 139
Trd, 4318621.093, 86
Trd, 4318621.793, 140
Trd, 4318621.943, 89
Trd, 4318622.843, 92
Trd, 4318622.993, 140
Trd, 4318623.293, 89
Trd, 4318624.693, 61
Trd, 4318625.943, 64
Trd, 4318626.843, 66
Trd, 4318627.143, 73
Trd, 4318627.443, 140
Trd, 4318627.793, 140
Trd, 4318628.543, 140
Trd, 4318628.843, 140
Trd, 4318630.343, 79
Trd, 4318630.643, 73
Trd, 4318630.993, 140
Trd, 4318631.293, 140
Trd, 4318632.093, 140
Trd, 4318633.293, 140
Trd, 4318634.093, 139
Trd, 4318635.693, 140
Trd, 4318636.293, 140
Trd, 4318636.393, 138
Trd, 4318636.493, 117
Trd, 4318636.743, 69
Trd, 4318638.743, 140
Trd, 4318640.393, 140
Trd, 4318640.593, 140
Trd, 4318641.543, 140
Trd, 4318642.393, 140
Trd, 4318642.443, 139
Trd, 4318643.093, 127
Trd, 4318643.643, 140
Trd, 4318643.993, 127
Trd, 4318644.343, 140
Trd, 4318644.993, 127
Trd, 4318645.093, 71
Trd, 4318647.993, 71
Trd, 4318648.143, 74
Trd, 4318648.343, 62
Trd, 4318649.043, 64
Trd, 4318650.293, 140
Trd, 4318650.493, 140
Trd, 4318650.643, 128
Trd, 4318652.493, 119
Trd, 4318652.793, 77
Trd, 4318653.893, 140
Trd, 4318654.743, 138
Trd, 4318656.093, 140
Trd, 4318656.243, 108
Trd, 4318657.843, 102
Trd, 4318657.893, 101
Trd, 4318658.243, 140
Trd, 4318658.593, 136
Trd, 4318659.893, 79
Trd, 4318660.243, 78
Trd, 4318662.793, 140
Trd, 4318663.743, 140
Trd, 4318664.443, 140
Trd, 4318664.593, 140
Trd, 4318664.793, 140
Trd, 4318665.193, 139
Trd, 4318666.493, 71
Trd, 4318666.593, 72
Trd, 4318667.293, 62
Trd, 4318667.693, 98
Trd, 4318668.793, 60
Trd, 4318668.993, 69
Trd, 4318669.843, 61
Trd, 4318670.493, 61
Trd, 4318671.043, 62
Trd, 4318671.393, 61
Trd, 4318672.593, 61
Trd, 4318673.443, 140
Trd, 4318673.893, 139
Trd, 4318674.743, 140
Trd, 4318675.193, 139
Trd, 4318675.243, 138
Trd, 4318675.293, 108
Trd, 4318676.893, 82
Trd, 4318678.093, 138
Trd, 4318678.143, 111
Trd, 4318678.293, 109
Trd, 4318679.943, 94
Trd, 4318681.493, 140
Trd, 4318681.543, 139
Trd, 4318681.743, 139
Trd, 4318682.343, 139
Trd, 4318682.493, 139
Trd, 4318683.393, 139
Trd, 4318683.843, 138
Trd, 4318684.693, 128
Trd, 4318684.943, 118
Trd, 4318685.693, 83
Trd, 4318688.143, 127
Trd, 4318688.793, 104
Trd, 4318689.093, 110
Trd, 4318689.593, 109
Trd, 4318690.193, 138
Trd, 4318690.593, 139
Trd, 4318691.193, 139
Trd, 4318691.593, 139
Trd, 4318691.693, 138
Trd, 4318691.743, 109
Trd, 4318693.443, 63
Trd, 4318693.543, 64
Trd, 4318693.793, 64
Trd, 4318695.593, 60
Trd, 4318695.893, 61
Trd, 4318697.193, 81
Trd, 4318697.293, 81
Trd, 4318697.493, 82
Trd, 4318697.593, 70
Trd, 4318698.243, 140
Trd, 4318698.693, 114
Trd, 4318700.893, 76
Trd, 4318701.693, 109
Trd, 4318702.343, 69
Trd, 4318702.443, 68
Trd, 4318703.393, 72
Trd, 4318704.043, 71
Trd, 4318704.343, 66
Trd, 4318705.393, 89
Trd, 4318706.593, 60
Trd, 4318707.293, 62
Trd, 4318708.243, 139
Trd, 4318710.243, 60
Trd, 4318710.493, 61
Trd, 4318710.943, 60
Trd, 4318711.243, 62
Trd, 4318711.793, 63
Trd, 4318712.743, 67
Trd, 4318713.143, 67
Trd, 4318713.443, 104
Trd, 4318714.243, 69
Trd, 4318714.393, 69
Trd, 4318714.743, 140
Trd, 4318715.443, 69
Trd, 4318715.693, 106
Trd, 4318716.393, 138
Trd, 4318717.043, 71
Trd, 4318719.393, 62
Trd, 4318719.793, 63
Trd, 4318720.993, 63
Trd, 4318721.993, 140
Trd, 4318722.043, 139
Trd, 4318722.393, 140
Trd, 4318722.793, 140
Trd, 4318724.143, 140
Trd, 4318724.493, 140
Trd, 4318725.543, 140
Trd, 4318726.643, 140
Trd, 4318727.193, 140
Trd, 4318727.243, 137
Trd, 4318729.043, 140
Trd, 4318729.993, 102
Trd, 4318730.943, 114
Trd, 4318732.193, 114
Trd, 4318732.543, 139
Trd, 4318732.993, 112
Trd, 4318734.193, 107
Trd, 4318734.243, 102
Trd, 4318737.393, 60
Trd, 4318738.293, 62
Trd, 4318738.943, 60
Trd, 4318739.443, 61
Trd, 4318739.743, 63
Trd, 4318740.193, 64
Trd, 4318740.443, 62
Trd, 4318740.843, 65
Trd, 4318741.543, 64
Trd, 4318742.393, 66
Trd, 4318742.693, 97
Trd, 4318743.093, 62
Trd, 4318743.743, 137
Trd, 4318743.793, 128
Trd, 4318744.493, 140
Trd, 4318744.843, 140
Trd, 4318745.493, 87
Trd, 4318748.143, 140
Trd, 4318748.193, 140
Trd, 4318749.243, 140
Trd, 4318749.493, 140
Trd, 4318749.943, 140
Trd, 4318750.743, 140
Trd, 4318751.193, 140
Trd, 4318751.243, 140
Trd, 4318751.693, 139
Trd, 4318752.143, 110
Trd, 4318752.693, 109
Trd, 4318753.693, 138
Trd, 4318755.143, 140
Trd, 4318755.593, 140
Trd, 4318755.693, 128
Trd, 4318755.943, 109
Trd, 4318756.893, 85
Trd, 4318758.543, 136
Trd, 4318759.443, 133
Trd, 4318759.693, 113
Trd, 4318760.743, 140
Trd, 4318761.043, 116
Trd, 4318761.243, 116
Trd, 4318761.793, 115
Trd, 4318763.743, 87
Trd, 4318764.043, 86
Trd, 4318764.243, 130
Trd, 4318764.543, 127
Trd, 4318765.793, 70
Trd, 4318766.293, 70
Trd, 4318766.593, 130
Trd, 4318767.093, 62
Trd, 4318767.893, 140
Trd, 4318767.943, 140
Trd, 4318768.643, 139
Trd, 4318769.243, 73
Trd, 4318770.793, 140
Trd, 4318771.393, 140
Trd, 4318772.443, 140
Trd, 4318772.643, 140
Trd, 4318773.993, 90
Trd, 4318774.993, 89
Trd, 4318775.643, 114
Trd, 4318775.743, 92
Trd, 4318776.043, 123
Trd, 4318777.343, 140
Trd, 4318778.243, 140
Trd, 4318779.143, 140
Trd, 4318780.593, 140
Trd, 4318781.043, 140
Trd, 4318781.193, 140
Trd, 4318781.743, 140
Trd, 4318782.293, 108
Trd, 4318782.393, 107
Trd, 4318782.693, 88
Trd, 4318784.293, 106
Trd, 4318784.443, 82
Trd, 4318785.143, 68
Trd, 4318785.993, 72
Trd, 4318786.943, 63
Trd, 4318788.293, 61
Trd, 4318788.343, 64
Trd, 4318788.393, 66
Trd, 4318789.243, 61
Trd, 4318789.443, 61
Trd, 4318789.593, 60
Trd, 4318790.243, 65
Trd, 4318790.643, 64
Trd, 4318791.393, 62
Trd, 4318792.243, 70
Trd, 4318792.993, 77
Trd, 4318793.543, 78
Trd, 4318794.043, 77
Trd, 4318794.293, 76
Trd, 4318794.343, 75
Trd, 4318795.243, 139
Trd, 4318795.393, 138
Trd, 4318796.093, 107
Trd, 4318797.193, 60
Trd, 4318797.293, 60
Trd, 4318798.793, 75
Trd, 4318799.143, 125
Trd, 4318799.643, 90
Trd, 4318801.143, 62
Trd, 4318803.143, 60
Trd, 4318804.093, 60
Trd, 4318804.293, 64
Trd, 4318804.743, 64
Trd, 4318805.493, 62
Trd, 4318806.043, 60
Trd, 4318807.093, 62
Trd, 4318807.193, 62
Trd, 4318807.593, 63
Trd, 4318807.743, 93
Trd, 4318807.943, 113
Trd, 4318808.993, 65
Trd, 4318809.043, 63
Trd, 4318810.093, 66
Trd, 4318811.593, 70
Trd, 4318812.493, 76
Trd, 4318813.043, 75
Trd, 4318813.943, 76
Trd, 4318814.093, 76
Trd, 4318814.293, 123
Trd, 4318814.593, 75
Trd, 4318815.643, 140
Trd, 4318815.793, 114
Trd, 4318816.043, 138
Trd, 4318816.593, 60
Trd, 4318818.393, 63
Trd, 4318819.743, 63
Trd, 4318820.093, 64
Trd, 4318821.143, 65
Trd, 4318822.193, 61
Trd, 4318824.143, 60
Trd, 4318824.543, 62
Trd, 4318825.643, 60
Trd, 4318825.993, 60
Trd, 4318826.593, 62
Trd, 4318827.193, 60
Trd, 4318827.243, 65
Trd, 4318828.093, 64
Trd, 4318828.393, 74
Trd, 4318828.743, 71
Trd, 4318828.793, 91
Trd, 4318829.843, 70
Trd, 4318829.943, 60
Trd, 4318831.393, 140
Trd, 4318832.393, 140
Trd, 4318832.443, 138
Trd, 4318832.593, 108
Trd, 4318833.393, 140
Trd, 4318835.293, 140
Trd, 4318835.743, 139
Trd, 4318836.293, 140
Trd, 4318837.093, 97
Trd, 4318837.243, 64
Trd, 4318837.643, 60
Trd, 4318838.793, 60
Trd, 4318840.343, 66
Trd, 4318841.293, 61
Trd, 4318842.293, 60
Trd, 4318843.943, 60
Trd, 4318845.393, 63
Trd, 4318845.693, 60
Trd, 4318846.643, 61
Trd, 4318847.043, 62
Trd, 4318847.093, 62
Trd, 4318848.243, 62
Trd, 4318849.143, 66
Trd, 4318849.743, 63
Trd, 4318850.843, 75
Trd, 4318851.793, 137
Trd, 4318851.943, 66
Trd, 4318852.493, 66
Trd, 4318853.393, 73
Trd, 4318853.743, 83
Trd, 4318854.443, 74
Trd, 4318855.043, 140
Trd, 4318856.143, 136
Trd, 4318856.493, 109
Trd, 4318856.743, 108
Trd, 4318857.093, 108
Trd, 4318858.443, 60
Trd, 4318859.243, 62
Trd, 4318860.493, 64
Trd, 4318861.543, 61
Trd, 4318863.793, 60
Trd, 4318864.693, 60
Trd, 4318865.343, 63
Trd, 4318865.893, 64
Trd, 4318866.393, 138
Trd, 4318866.643, 109
Trd, 4318866.993, 109
Trd, 4318867.193, 108
Trd, 4318868.643, 131
Trd, 4318869.843, 134
Trd, 4318870.443, 140
Trd, 4318872.443, 140
Trd, 4318872.693, 140
Trd, 4318872.943, 140
Trd, 4318873.993, 140
Trd, 4318874.143, 140
Trd, 4318875.743, 116
Trd, 4318876.043, 114
Trd, 4318876.243, 121
Trd, 4318876.543, 102
Trd, 4318876.843, 99
Trd, 4318877.443, 64
Trd, 4318878.693, 140
Trd, 4318879.743, 140
Trd, 4318880.143, 140
Trd, 4318880.243, 140
Trd, 4318880.693, 71
Trd, 4318881.293, 85
Trd, 4318882.393, 60
Trd, 4318883.443, 140
Trd, 4318884.043, 140
Trd, 4318885.093, 140
Trd, 4318885.693, 140
Trd, 4318885.843, 139
Trd, 4318886.693, 83
Trd, 4318886.793, 68
Trd, 4318887.243, 140
Trd, 4318889.343, 67
Trd, 4318889.393, 68
Trd, 4318893.093, 60
Trd, 4318893.143, 63
Trd, 4318893.493, 66
Trd, 4318893.793, 64
Trd, 4318894.243, 61
Trd, 4318894.593, 63
Trd, 4318895.743, 108
Trd, 4318896.743, 100
Trd, 4318898.093, 140
Trd, 4318898.243, 140
Trd, 4318899.193, 140
Trd, 4318899.993, 140
Trd, 4318900.143, 140
Trd, 4318900.293, 140
Trd, 4318900.493, 139
Trd, 4318900.843, 115
Trd, 4318902.643, 109
Trd, 4318902.943, 120
Trd, 4318903.093, 109
Trd, 4318904.193, 140
Trd, 4318904.843, 138
Trd, 4318905.443, 95
Trd, 4318905.493, 92
Trd, 4318906.143, 75
Trd, 4318907.243, 60
Trd, 4318907.343, 62
Trd, 4318907.393, 127
Trd, 4318908.843, 140
Trd, 4318909.293, 140
Trd, 4318909.593, 139
Trd, 4318910.243, 108
Trd, 4318910.343, 107
Trd, 4318911.193, 60
Trd, 4318912.343, 63
Trd, 4318913.143, 67
Trd, 4318913.193, 69
Trd, 4318914.343, 66
Trd, 4318915.293, 140
Trd, 4318917.293, 140
Trd, 4318918.343, 140
Trd, 4318919.143, 140
Trd, 4318919.243, 140
Trd, 4318919.743, 140
Trd, 4318920.043, 139
Trd, 4318920.093, 113
Trd, 4318920.143, 92
Trd, 4318923.643, 60
Trd, 4318923.793, 67
Trd, 4318924.193, 60
Trd, 4318924.343, 60
Trd, 4318925.093, 62
Trd, 4318925.293, 122
Trd, 4318925.843, 140
Trd, 4318925.943, 140
Trd, 4318927.143, 140
Trd, 4318927.493, 140
Trd, 4318928.693, 140
Trd, 4318929.593, 140
Trd, 4318930.043, 140
Trd, 4318930.293, 138
Trd, 4318930.593, 140
Trd, 4318930.843, 140
Trd, 4318931.493, 118
Trd, 4318931.593, 117
Trd, 4318931.893, 117
Trd, 4318932.743, 140
Trd, 4318932.943, 140
Trd, 4318933.393, 113
Trd, 4318935.093, 112
Trd, 4318935.243, 105
Trd, 4318935.443, 104
Trd, 4318936.993, 139
Trd, 4318937.093, 139
Trd, 4318937.143, 138
Trd, 4318937.893, 77
Trd, 4318938.193, 80
Trd, 4318938.593, 67
Trd, 4318940.243, 67
Trd, 4318941.793, 137
Trd, 4318942.043, 140
Trd, 4318942.493, 81
Trd, 4318942.843, 82
Trd, 4318943.943, 140
Trd, 4318944.093, 140
Trd, 4318946.243, 140
Trd, 4318946.843, 128
Trd, 4318946.993, 108
Trd, 4318948.193, 140
Trd, 4318948.943, 140
Trd, 4318949.193, 140
Trd, 4318949.243, 97
Trd, 4318950.193, 103
Trd, 4318950.593, 61
Trd, 4318952.143, 60
Trd, 4318952.543, 60
Trd, 4318954.243, 62
Trd, 4318954.543, 64
Trd, 4318955.193, 75
Trd, 4318955.593, 61
Trd, 4318956.493, 101
Trd, 4318957.443, 140
Trd, 4318957.493, 102
Trd, 4318958.643, 102
Trd, 4318959.193, 140
Trd, 4318960.193, 140
Trd, 4318960.243, 140
Trd, 4318960.393, 138
Trd, 4318961.843, 117
Trd, 4318962.343, 117
Trd, 4318962.693, 114
Trd, 4318963.343, 140
Trd, 4318963.443, 138
Trd, 4318963.493, 138
Trd, 4318964.893, 111
Trd, 4318965.193, 104
Trd, 4318965.943, 139
Trd, 4318966.043, 127
Trd, 4318966.843, 103
Trd, 4318968.293, 140
Trd, 4318968.593, 139
Trd, 4318969.543, 140
Trd, 4318970.393, 140
Trd, 4318970.543, 140
Trd, 4318971.043, 104
Trd, 4318971.543, 67
Trd, 4318971.643, 70
Trd, 4318972.343, 140
Trd, 4318974.343, 140
Trd, 4318974.443, 140
Trd, 4318974.793, 139
Trd, 4318975.643, 117
Trd, 4318976.243, 139
Trd, 4318976.793, 120
Trd, 4318976.893, 118
Trd, 4318977.193, 117
Trd, 4318979.043, 101
Trd, 4318979.693, 80
Trd, 4318980.543, 95
Trd, 4318981.793, 140
Trd, 4318982.043, 86
Trd, 4318983.443, 86
Trd, 4318983.843, 86
Trd, 4318984.093, 98
Trd, 4318984.193, 101
Trd, 4318984.793, 140
Trd, 4318984.993, 140
Trd, 4318986.193, 82
Trd, 4318986.343, 75
Trd, 4318987.643, 60
Trd, 4318987.943, 60
Trd, 4318988.593, 61
Trd, 4318988.943, 62
Trd, 4318990.093, 73
Trd, 4318991.193, 70
Trd, 4318992.193, 69
Trd, 4318992.293, 76
Trd, 4318993.443, 118
Trd, 4318993.893, 140
Trd, 4318994.293, 75
Trd, 4318994.593, 73
Trd, 4318995.393, 70
Trd, 4318995.593, 62
Trd, 4318997.693, 71
Trd, 4318998.143, 71
Trd, 4318999.443, 62
Trd, 4319000.443, 135
Trd, 4319000.543, 137
Trd, 4319000.793, 134
Trd, 4319000.943, 108
Trd, 4319003.393, 60
Trd, 4319003.443, 61
Trd, 4319003.893, 64
Trd, 4319005.443, 60
Trd, 4319007.443, 60
Trd, 4319009.493, 60
Trd, 4319009.843, 61
Trd, 4319009.943, 61
Trd, 4319010.243, 64
Trd, 4319010.993, 64
Trd, 4319011.493, 62
Trd, 4319012.993, 60
Trd, 4319013.093, 61
Trd, 4319013.993, 66
Trd, 4319014.893, 81
Trd, 4319015.693, 69
Trd, 4319015.843, 68
Trd, 4319016.143, 96
Trd, 4319016.643, 67
Trd, 4319017.443, 60
Trd, 4319018.093, 103
Trd, 4319019.893, 140
Trd, 4319020.443, 140
Trd, 4319020.643, 137
Trd, 4319021.143, 108
Trd, 4319021.393, 62
Trd, 4319023.243, 70
Trd, 4319023.593, 96
Trd, 4319024.443, 64
Trd, 4319024.593, 65
Trd, 4319024.993, 60
Trd, 4319025.143, 61
Trd, 4319026.493, 60
Trd, 4319028.943, 60
Trd, 4319030.193, 61
Trd, 4319031.193, 60
Trd, 4319031.843, 60
Trd, 4319033.343, 60
Trd, 4319033.443, 61
Trd, 4319033.693, 60
Trd, 4319034.043, 60
Trd, 4319034.243, 62
Trd, 4319035.893, 60
Trd, 4319037.243, 63
Trd, 4319037.543, 64
Trd, 4319037.993, 61
Trd, 4319039.043, 64
Trd, 4319039.443, 100
Trd, 4319039.793, 130
Trd, 4319040.343, 140
Trd, 4319040.693, 66
Trd, 4319042.843, 61
Trd, 4319043.343, 62
Trd, 4319043.843, 68
Trd, 4319044.843, 60
Trd, 4319045.343, 62
Trd, 4319047.843, 61
Trd, 4319048.493, 60
Trd, 4319048.593, 62
Trd, 4319049.093, 66
Trd, 4319050.393, 76
Trd, 4319050.443, 72
Trd, 4319051.043, 61
Trd, 4319051.443, 63
Trd, 4319052.643, 71
Trd, 4319052.793, 137
Trd, 4319053.043, 61
Trd, 4319054.093, 77
Trd, 4319054.643, 104
Trd, 4319054.693, 101
Trd, 4319056.693, 75
Trd, 4319056.843, 74
Trd, 4319057.843, 139
Trd, 4319057.893, 110
Trd, 4319058.793, 140
Trd, 4319060.293, 60
Trd, 4319060.393, 61
Trd, 4319061.893, 65
Trd, 4319062.343, 65
Trd, 4319062.593, 77
Trd, 4319063.043, 139
Trd, 4319063.593, 65
Trd, 4319064.043, 140
Trd, 4319065.043, 67
Trd, 4319066.193, 140
Trd, 4319066.593, 140
Trd, 4319067.393, 63
Trd, 4319067.843, 60
Trd, 4319067.993, 60
Trd, 4319068.793, 61
Trd, 4319069.393, 66
Trd, 4319070.143, 62
Trd, 4319070.643, 64
Trd, 4319071.093, 60
Trd, 4319072.793, 61
Trd, 4319074.643, 60
Trd, 4319074.793, 62
Trd, 4319075.293, 77
Trd, 4319075.643, 110
Trd, 4319076.993, 98
Trd, 4319077.393, 81
Trd, 4319077.993, 118
Trd, 4319080.243, 89
Trd, 4319080.343, 80
Trd, 4319080.793, 79
Trd, 4319081.343, 87
Trd, 4319081.843, 79
Trd, 4319081.943, 123
Trd, 4319081.993, 130
Trd, 4319082.243, 140
Trd, 4319082.993, 60
Trd, 4319085.443, 60
Trd, 4319086.243, 60
Trd, 4319087.543, 60
Trd, 4319087.693, 61
Trd, 4319088.693, 60
Trd, 4319089.193, 60
Trd, 4319092.243, 60
Trd, 4319093.043, 60
Trd, 4319093.493, 63
Trd, 4319094.143, 61
Trd, 4319094.193, 68
Trd, 4319094.493, 66
Trd, 4319096.593, 65
Trd, 4319096.693, 66
Trd, 4319096.743, 64
Trd, 4319097.143, 72
Trd, 4319097.993, 68
Trd, 4319099.843, 60
Trd, 4319100.443, 60
Trd, 4319101.343, 60
Trd, 4319101.843, 62
Trd, 4319102.093, 62
Trd, 4319102.643, 112
Trd, 4319102.993, 140
Trd, 4319103.243, 139
Trd, 4319103.893, 113
Trd, 4319105.343, 82
Trd, 4319105.943, 140
Trd, 4319106.493, 140
Trd, 4319106.543, 109
Trd, 4319106.843, 109
Trd, 4319107.543, 91
Trd, 4319110.543, 108
Trd, 4319110.743, 105
Trd, 4319111.743, 139
Trd, 4319112.493, 60
Trd, 4319113.643, 90
Trd, 4319114.093, 89
Trd, 4319114.693, 92
Trd, 4319115.243, 63
Trd, 4319115.943, 63
Trd, 4319116.093, 64
Trd, 4319116.593, 63
Trd, 4319117.293, 140
Trd, 4319117.793, 120
Trd, 4319118.393, 89
Trd, 4319119.293, 86
Trd, 4319119.993, 85
Trd, 4319121.693, 140
Trd, 4319121.893, 140
Trd, 4319122.793, 140
Trd, 4319122.943, 140
Trd, 4319123.043, 139
Trd, 4319124.093, 139
Trd, 4319124.593, 92
Trd, 4319124.843, 89
Trd, 4319126.793, 60
Trd, 4319127.093, 60
Trd, 4319127.893, 65
Trd, 4319128.943, 63
Trd, 4319129.543, 120
Trd, 4319131.293, 140
Trd, 4319131.593, 139
Trd, 4319132.843, 73
Trd, 4319133.093, 87
Trd, 4319134.043, 140
Trd, 4319134.093, 140
Trd, 4319134.293, 140
Trd, 4319134.343, 110
Trd, 4319134.793, 73
Trd, 4319135.893, 140
Trd, 4319136.443, 140
Trd, 4319137.143, 140
Trd, 4319137.543, 140
Trd, 4319138.693, 139
Trd, 4319138.843, 133
Trd, 4319139.693, 129
Trd, 4319140.243, 112
Trd, 4319140.793, 137
Trd, 4319141.143, 115
Trd, 4319141.193, 115
Trd, 4319142.593, 116
Trd, 4319143.443, 138
Trd, 4319143.643, 64
Trd, 4319143.793, 65
Trd, 4319144.043, 82
Trd, 4319145.193, 140
Trd, 4319145.693, 61
Trd, 4319146.343, 60
Trd, 4319146.843, 61
Trd, 4319150.943, 61
Trd, 4319151.743, 61
Trd, 4319152.293, 60
Trd, 4319153.343, 60
Trd, 4319154.293, 60
Trd, 4319154.643, 60
Trd, 4319154.993, 60
Trd, 4319156.243, 62
Trd, 4319156.493, 63
Trd, 4319156.743, 64
Trd, 4319157.493, 64
Trd, 4319159.243, 76
Trd, 4319159.743, 140
Trd, 4319159.943, 140
Trd, 4319160.293, 61
Trd, 4319160.693, 93
Trd, 4319162.643, 60
Trd, 4319163.593, 60
Trd, 4319164.943, 60
Trd, 4319165.793, 62
Trd, 4319165.843, 63
Trd, 4319166.593, 63
Trd, 4319166.693, 63
Trd, 4319166.943, 64
Trd, 4319167.393, 64
Trd, 4319167.693, 72
Trd, 4319169.243, 77
Trd, 4319169.493, 139
Trd, 4319170.893, 128
Trd, 4319171.643, 129
Trd, 4319171.793, 128
Trd, 4319172.093, 128
Trd, 4319172.493, 128
Trd, 4319172.943, 127
Trd, 4319173.643, 139
Trd, 4319174.943, 140
Trd, 4319175.343, 139
Trd, 4319176.143, 139
Trd, 4319177.393, 140
Trd, 4319177.743, 140
Trd, 4319177.993, 115
Trd, 4319178.493, 114
Trd, 4319179.293, 136
Trd, 4319180.743, 140
Trd, 4319180.793, 140
Trd, 4319180.893, 140
Trd, 4319181.693, 127
Trd, 4319182.993, 137
Trd, 4319184.593, 140
Trd, 4319184.943, 140
Trd, 4319185.243, 140
Trd, 4319186.843, 140
Trd, 4319187.443, 140
Trd, 4319187.943, 140
Trd, 4319189.243, 140
Trd, 4319189.493, 140
Trd, 4319190.593, 139
Trd, 4319191.243, 108
Trd, 4319193.043, 96
Trd, 4319193.443, 132
Trd, 4319194.043, 122
Trd, 4319194.293, 96
Trd, 4319194.493, 95
Trd, 4319195.693, 67
Trd, 4319197.093, 140
Trd, 4319197.193, 140
Trd, 4319198.343, 140
Trd, 4319198.543, 140
Trd, 4319198.593, 139
Trd, 4319198.693, 123
Trd, 4319199.193, 140
Trd, 4319201.593, 140
Trd, 4319202.193, 140
Trd, 4319202.443, 140
Trd, 4319203.143, 140
Trd, 4319204.143, 139
Trd, 4319204.543, 139
Trd, 4319204.793, 115
Trd, 4319205.343, 122
Trd, 4319205.643, 137
Trd, 4319207.343, 60
Trd, 4319207.393, 61
Trd, 4319208.493, 140
Trd, 4319208.693, 138
Trd, 4319209.543, 60
Trd, 4319209.643, 66
Trd, 4319210.493, 66
Trd, 4319212.693, 60
Trd, 4319213.743, 60
Trd, 4319214.293, 60
Trd, 4319214.343, 60
Trd, 4319214.643, 62
Trd, 4319215.243, 62
Trd, 4319215.343, 98
Trd, 4319215.393, 110
Trd, 4319216.143, 65
Trd, 4319217.143, 60
Trd, 4319219.093, 60
Trd, 4319219.193, 63
Trd, 4319219.743, 62
Trd, 4319220.593, 67
Trd, 4319221.043, 76
Trd, 4319221.893, 98
Trd, 4319221.943, 97
Trd, 4319222.243, 135
Trd, 4319222.993, 70
Trd, 4319223.243, 69
Trd, 4319223.793, 140
Trd, 4319224.443, 63
Trd, 4319226.243, 60
Trd, 4319227.593, 60
Trd, 4319228.843, 68
Trd, 4319229.743, 65
Trd, 4319230.393, 60
Trd, 4319230.543, 63
Trd, 4319231.193, 60
Trd, 4319232.043, 68
Trd, 4319233.393, 78
Trd, 4319234.143, 138
Trd, 4319234.693, 114
Trd, 4319236.043, 71
Trd, 4319236.843, 62
Trd, 4319237.643, 63
Trd, 4319237.943, 62
Trd, 4319239.193, 66
Trd, 4319239.643, 64
Trd, 4319239.943, 66
Trd, 4319240.443, 68
Trd, 4319241.093, 140
Trd, 4319241.193, 139
Trd, 4319241.393, 139
Trd, 4319242.743, 76
Trd, 4319243.543, 113
Trd, 4319243.843, 81
Trd, 4319244.093, 81
Trd, 4319244.643, 83
Trd, 4319244.893, 80
Trd, 4319245.293, 80
Trd, 4319246.043, 60
Trd, 4319246.543, 61
Trd, 4319247.343, 67
Trd, 4319248.143, 137
Trd, 4319250.493, 140
Trd, 4319250.993, 140
Trd, 4319251.943, 115
Trd, 4319252.343, 140
Trd, 4319252.893, 140
Trd, 4319253.743, 140
Trd, 4319254.193, 140
Trd, 4319255.143, 60
Trd, 4319256.743, 60
Trd, 4319256.793, 60
Trd, 4319257.543, 137
Trd, 4319257.643, 136
Trd, 4319257.743, 79
Trd, 4319258.393, 100
Trd, 4319258.643, 99
Trd, 4319259.493, 138
Trd, 4319259.593, 99
Trd, 4319260.043, 99
Trd, 4319260.193, 124
Trd, 4319262.193, 140
Trd, 4319262.243, 139
Trd, 4319262.543, 136
Trd, 4319262.943, 140
Trd, 4319263.543, 132
Trd, 4319264.043, 130
Trd, 4319264.443, 98
Trd, 4319266.443, 140
Trd, 4319266.793, 140
Trd, 4319267.443, 139
Trd, 4319268.643, 140
Trd, 4319268.893, 140
Trd, 4319269.643, 140
Trd, 4319270.043, 139
Trd, 4319270.143, 139
Trd, 4319270.843, 105
Trd, 4319272.643, 140
Trd, 4319272.893, 140
Trd, 4319272.943, 105
Trd, 4319273.493, 60
Trd, 4319274.743, 60
Trd, 4319275.743, 61
Trd, 4319276.493, 63
Trd, 4319278.293, 60
Trd, 4319278.643, 60
Trd, 4319278.843, 60
Trd, 4319279.793, 60
Trd, 4319280.443, 62
Trd, 4319280.493, 62
Trd, 4319280.743, 63
Trd, 4319280.993, 63
Trd, 4319281.193, 103
Trd, 4319281.893, 63
Trd, 4319285.543, 92
Trd, 4319285.693, 88
Trd, 4319286.443, 139
Trd, 4319287.393, 137
Trd, 4319287.893, 140
Trd, 4319288.093, 139
Trd, 4319288.893, 96
Trd, 4319289.793, 61
Trd, 4319290.493, 63
Trd, 4319291.193, 62
Trd, 4319292.243, 140
Trd, 4319292.393, 140
Trd, 4319292.443, 69
Trd, 4319293.293, 75
Trd, 4319294.943, 68
Trd, 4319295.793, 66
Trd, 4319296.693, 63
Trd, 4319296.893, 65
Trd, 4319297.193, 66
Trd, 4319297.343, 112
Trd, 4319298.393, 71
Trd, 4319298.943, 61
Trd, 4319300.293, 65
Trd, 4319301.093, 61
Trd, 4319302.443, 61
Trd, 4319303.443, 61
Trd, 4319304.043, 62
Trd, 4319304.093, 68
Trd, 4319305.443, 60
Trd, 4319306.343, 60
Trd, 4319306.643, 63
Trd, 4319307.443, 62
Trd, 4319308.993, 99
Trd, 4319309.693, 62
Trd, 4319310.243, 67
Trd, 4319311.393, 60
Trd, 4319311.643, 68
Trd, 4319311.693, 64
Trd, 4319312.243, 85
Trd, 4319312.293, 81
Trd, 4319312.993, 87
Trd, 4319313.843, 140
Trd, 4319314.243, 140
Trd, 4319314.343, 139
Trd, 4319315.443, 70
Trd, 4319316.793, 140
Trd, 4319316.943, 140
Trd, 4319317.943, 140
Trd, 4319318.193, 112
Trd, 4319318.893, 92
Trd, 4319319.143, 92
Trd, 4319319.593, 114
Trd, 4319320.043, 77
Trd, 4319321.043, 122
Trd, 4319321.693, 71
Trd, 4319321.843, 92
Trd, 4319322.193, 140
Trd, 4319323.493, 138
Trd, 4319324.193, 114
Trd, 4319325.193, 140
Trd, 4319325.343, 140
Trd, 4319325.793, 74
Trd, 4319328.443, 121
Trd, 4319328.793, 114
Trd, 4319329.343, 116
Trd, 4319329.593, 140
Trd, 4319331.493, 140
Trd, 4319331.893, 140
Trd, 4319333.193, 121
Trd, 4319334.193, 140
Trd, 4319335.343, 140
Trd, 4319335.593, 140
Trd, 4319335.993, 140
Trd, 4319337.343, 140
Trd, 4319337.443, 140
Trd, 4319339.293, 140
Trd, 4319339.343, 140
Trd, 4319340.193, 140
Trd, 4319340.393, 140
Trd, 4319341.593, 140
Trd, 4319342.093, 140
Trd, 4319342.543, 111
Trd, 4319342.593, 87
Trd, 4319343.843, 140
Trd, 4319344.543, 95
Trd, 4319345.543, 103
Trd, 4319346.243, 139
Trd, 4319347.493, 140
Trd, 4319347.543, 124
Trd, 4319348.043, 95
Trd, 4319349.043, 90
Trd, 4319349.593, 139
Trd, 4319350.943, 139
Trd, 4319351.243, 110
Trd, 4319351.743, 110
Trd, 4319353.493, 113
Trd, 4319353.593, 112
Trd, 4319353.943, 61
Trd, 4319354.093, 140
Trd, 4319355.643, 140
Trd, 4319356.343, 140
Trd, 4319357.793, 140
Trd, 4319358.043, 140
Trd, 4319358.243, 140
Trd, 4319358.593, 139
Trd, 4319358.943, 140
Trd, 4319359.543, 91
Trd, 4319361.343, 61
Trd, 4319362.193, 63
Trd, 4319362.393, 62
Trd, 4319362.543, 63
Trd, 4319362.943, 61
Trd, 4319363.693, 62
Trd, 4319363.943, 64
Trd, 4319364.343, 61
Trd, 4319364.793, 64
Trd, 4319366.043, 61
Trd, 4319366.293, 99
Trd, 4319366.693, 60
Trd, 4319367.443, 95
Trd, 4319368.193, 139
Trd, 4319368.393, 66
Trd, 4319368.443, 65
Trd, 4319370.143, 106
Trd, 4319370.293, 65
Trd, 4319371.493, 67
Trd, 4319372.643, 74
Trd, 4319372.993, 96
Trd, 4319373.393, 139
Trd, 4319373.443, 76
Trd, 4319374.793, 123
Trd, 4319375.343, 101
Trd, 4319375.393, 83
Trd, 4319375.793, 140
Trd, 4319376.843, 140
Trd, 4319378.243, 140
Trd, 4319378.393, 140
Trd, 4319378.543, 140
Trd, 4319379.493, 140
Trd, 4319380.143, 140
Trd, 4319380.193, 139
Trd, 4319380.693, 137
Trd, 4319380.943, 132
Trd, 4319382.943, 140
Trd, 4319383.493, 140
Trd, 4319384.043, 140
Trd, 4319385.143, 111
Trd, 4319385.643, 140
Trd, 4319386.393, 140
Trd, 4319386.593, 140
Trd, 4319388.193, 140
Trd, 4319388.793, 140
Trd, 4319388.993, 140
Trd, 4319389.143, 140
Trd, 4319390.193, 129
Trd, 4319392.493, 134
Trd, 4319392.893, 134
Trd, 4319393.293, 131
Trd, 4319393.543, 138
Trd, 4319394.143, 137
Trd, 4319394.343, 106
Trd, 4319394.493, 139
Trd, 4319394.743, 99
Trd, 4319395.293, 89
Trd, 4319396.993, 140
Trd, 4319397.493, 140
Trd, 4319397.593, 140
Trd, 4319398.493, 140
Trd, 4319398.943, 140
Trd, 4319399.543, 140
Trd, 4319399.743, 79
Trd, 4319401.393, 105
Trd, 4319402.143, 68
Trd, 4319403.543, 100
Trd, 4319403.943, 139
Trd, 4319404.543, 140
Trd, 4319406.393, 140
Trd, 4319406.493, 140
Trd, 4319407.593, 140
Trd, 4319408.493, 140
Trd, 4319408.693, 140
Trd, 4319409.043, 140
Trd, 4319409.243, 139
Trd, 4319412.143, 140
Trd, 4319412.393, 140
Trd, 4319413.493, 140
Trd, 4319413.843, 140
Trd, 4319414.043, 140
Trd, 4319414.093, 140
Trd, 4319414.293, 138
Trd, 4319414.443, 114
Trd, 4319415.193, 140
Trd, 4319415.293, 140
Trd, 4319415.643, 140
Trd, 4319417.043, 121
Trd, 4319418.293, 98
Trd, 4319419.143, 94
Trd, 4319419.443, 93
Trd, 4319419.943, 83
Trd, 4319420.793, 77
Trd, 4319423.793, 60
Trd, 4319424.993, 60
Trd, 4319425.043, 61
Trd, 4319425.793, 60
Trd, 4319425.843, 64
Trd, 4319426.393, 84
Trd, 4319427.043, 140
Trd, 4319427.643, 138
Trd, 4319427.893, 116
Trd, 4319430.643, 60
Trd, 4319431.143, 60
Trd, 4319431.293, 61
Trd, 4319431.543, 63
Trd, 4319431.693, 103
Trd, 4319432.943, 60
Trd, 4319433.293, 60
Trd, 4319434.193, 61
Trd, 4319435.493, 66
Trd, 4319435.693, 64
Trd, 4319435.993, 68
Trd, 4319436.143, 62
Trd, 4319437.493, 74
Trd, 4319438.543, 140
Trd, 4319440.193, 63
Trd, 4319442.243, 60
Trd, 4319442.393, 60
Trd, 4319442.643, 61
Trd, 4319443.443, 61
Trd, 4319443.493, 60
Trd, 4319443.693, 82
Trd, 4319444.793, 61
Trd, 4319445.593, 66
Trd, 4319445.743, 62
Trd, 4319446.243, 64
Trd, 4319446.743, 66
Trd, 4319446.843, 64
Trd, 4319447.593, 82
Trd, 4319448.443, 140
Trd, 4319448.643, 140
Trd, 4319448.893, 102
Trd, 4319450.843, 60
Trd, 4319451.343, 61
Trd, 4319452.843, 140
Trd, 4319453.693, 140
Trd, 4319454.993, 140
Trd, 4319455.193, 140
Trd, 4319455.343, 108
Trd, 4319457.493, 62
Trd, 4319458.143, 62
Trd, 4319458.793, 63
Trd, 4319458.843, 64
Trd, 4319459.143, 112
Trd, 4319460.493, 70
Trd, 4319460.743, 69
Trd, 4319461.043, 88
Trd, 4319461.443, 140
Trd, 4319462.693, 76
Trd, 4319462.793, 73
Trd, 4319463.443, 77
Trd, 4319464.393, 137
Trd, 4319465.443, 79
Trd, 4319467.393, 92
Trd, 4319467.443, 70
Trd, 4319467.993, 63
Trd, 4319468.343, 130
Trd, 4319469.293, 64
Trd, 4319470.143, 65
Trd, 4319471.143, 62
Trd, 4319471.243, 63
Trd, 4319471.993, 140
Trd, 4319474.143, 70
Trd, 4319474.693, 68
Trd, 4319475.993, 100
Trd, 4319476.093, 86
Trd, 4319476.243, 85
Trd, 4319476.293, 76
Trd, 4319477.893, 61
Trd, 4319478.143, 62
Trd, 4319478.393, 100
Trd, 4319478.543, 140
Trd, 4319479.093, 71
Trd, 4319479.693, 61
Trd, 4319480.643, 62
Trd, 4319481.293, 140
Trd, 4319482.293, 140
Trd, 4319483.393, 140
Trd, 4319483.643, 140
Trd, 4319484.243, 140
Trd, 4319484.343, 140
Trd, 4319485.943, 140
Trd, 4319487.393, 140
Trd, 4319488.843, 140
Trd, 4319488.943, 140
Trd, 4319489.043, 140
Trd, 4319489.693, 138
Trd, 4319490.193, 140
Trd, 4319490.393, 127
Trd, 4319490.543, 118
Trd, 4319492.493, 61
Trd, 4319492.693, 60
Trd, 4319492.743, 61
Trd, 4319493.693, 62
Trd, 4319494.643, 61
Trd, 4319495.093, 67
Trd, 4319495.193, 67
Trd, 4319495.243, 63
Trd, 4319495.893, 139
Trd, 4319497.343, 140
Trd, 4319497.893, 140
Trd, 4319498.093, 140
Trd, 4319498.243, 114
Trd, 4319498.643, 92
Trd, 4319499.743, 61
Trd, 4319501.093, 60
Trd, 4319501.443, 64
Trd, 4319501.843, 74
Trd, 4319502.193, 75
Trd, 4319502.843, 67
Trd, 4319503.343, 66
Trd, 4319504.493, 138
Trd, 4319504.593, 110
Trd, 4319505.043, 109
Trd, 4319505.643, 88
Trd, 4319505.693, 86
Trd, 4319506.343, 140
Trd, 4319507.493, 79
Trd, 4319507.593, 65
Trd, 4319509.043, 140
Trd, 4319509.243, 140
Trd, 4319510.493, 66
Trd, 4319511.693, 60
Trd, 4319511.743, 64
Trd, 4319513.193, 60
Trd, 4319514.093, 61
Trd, 4319515.393, 60
Trd, 4319516.243, 60
Trd, 4319516.693, 62
Trd, 4319516.993, 62
Trd, 4319517.293, 75
Trd, 4319518.493, 77
Trd, 4319518.643, 68
Trd, 4319519.493, 68
Trd, 4319519.593, 68
Trd, 4319520.443, 140
Trd, 4319520.943, 139
Trd, 4319521.643, 140
Trd, 4319522.443, 140
Trd, 4319523.693, 140
Trd, 4319523.893, 140
Trd, 4319524.843, 106
Trd, 4319524.893, 85
Trd, 4319525.093, 65
Trd, 4319526.093, 140
Trd, 4319526.893, 140
Trd, 4319527.643, 140
Trd, 4319527.743, 139
Trd, 4319529.793, 64
Trd, 4319530.443, 73
Trd, 4319530.593, 74
Trd, 4319531.243, 140
Trd, 4319531.443, 140
Trd, 4319531.993, 140
Trd, 4319534.093, 140
Trd, 4319534.493, 139
Trd, 4319534.893, 140
Trd, 4319535.293, 138
Trd, 4319535.943, 138
Trd, 4319536.043, 137
Trd, 4319536.843, 94
Trd, 4319537.293, 94
Trd, 4319537.493, 104
Trd, 4319538.343, 103
Trd, 4319539.293, 102
Trd, 4319539.543, 79
Trd, 4319539.743, 78
Trd, 4319540.693, 139
Trd, 4319541.343, 139
Trd, 4319542.243, 88
Trd, 4319542.793, 135
Trd, 4319545.043, 140
Trd, 4319545.493, 140
Trd, 4319545.793, 140
Trd, 4319546.293, 140
Trd, 4319547.093, 93
Trd, 4319547.793, 99
Trd, 4319548.343, 89
Trd, 4319550.093, 136
Trd, 4319550.793, 139
Trd, 4319550.943, 138
Trd, 4319551.043, 114
Trd, 4319551.643, 135
Trd, 4319552.443, 91
Trd, 4319553.093, 70
Trd, 4319553.543, 65
Trd, 4319553.893, 65
Trd, 4319554.843, 140
Trd, 4319555.593, 140
Trd, 4319555.743, 140
Trd, 4319556.993, 140
Trd, 4319557.043, 138
Trd, 4319557.393, 84
Trd, 4319559.593, 60
Trd, 4319560.493, 60
Trd, 4319560.893, 60
Trd, 4319562.243, 61
Trd, 4319562.943, 67
Trd, 4319563.093, 74
Trd, 4319563.443, 73
Trd, 4319563.793, 74
Trd, 4319563.843, 77
Trd, 4319564.743, 73
Trd, 4319565.193, 72
Trd, 4319565.593, 68
Trd, 4319565.693, 95
Trd, 4319565.843, 115
Trd, 4319566.993, 137
Trd, 4319567.043, 116
Trd, 4319567.893, 72
Trd, 4319568.943, 71
Trd, 4319569.243, 135
Trd, 4319570.343, 97
Trd, 4319570.643, 92
Trd, 4319571.043, 128
Trd, 4319572.593, 63
Trd, 4319574.093, 63
Trd, 4319575.443, 63
Trd, 4319575.643, 65
Trd, 4319576.043, 62
Trd, 4319576.493, 64
Trd, 4319576.543, 65
Trd, 4319576.993, 61
Trd, 4319577.143, 65
Trd, 4319577.643, 112
Trd, 4319578.193, 140
Trd, 4319579.493, 140
Trd, 4319579.793, 73
Trd, 4319580.793, 138
Trd, 4319581.693, 60
Trd, 4319582.143, 60
Trd, 4319583.293, 62
Trd, 4319584.343, 66
Trd, 4319585.043, 66
Trd, 4319585.593, 124
Trd, 4319585.693, 123
Trd, 4319587.793, 140
Trd, 4319587.943, 140
Trd, 4319588.893, 140
Trd, 4319589.193, 140
Trd, 4319589.743, 140
Trd, 4319589.793, 140
Trd, 4319590.893, 140
Trd, 4319591.543, 140
Trd, 4319592.043, 140
Trd, 4319592.543, 139
Trd, 4319594.243, 140
Trd, 4319595.343, 140
Trd, 4319595.693, 140
Trd, 4319595.943, 140
Trd, 4319596.693, 140
Trd, 4319597.243, 140
Trd, 4319599.243, 140
Trd, 4319599.543, 138
Trd, 4319600.043, 140
Trd, 4319600.593, 140
Trd, 4319601.543, 140
Trd, 4319601.643, 140
Trd, 4319601.943, 115
Trd, 4319602.993, 138
Trd, 4319603.093, 137
Trd, 4319605.393, 61
Trd, 4319605.943, 60
Trd, 4319607.043, 60
Trd, 4319608.193, 60
Trd, 4319609.293, 61
Trd, 4319609.943, 61
Trd, 4319610.143, 60
Trd, 4319610.293, 61
Trd, 4319610.343, 63
Trd, 4319611.093, 67
Trd, 4319611.493, 61
Trd, 4319612.493, 126
Trd, 4319613.343, 140
Trd, 4319613.843, 131
Trd, 4319614.243, 117
Trd, 4319615.293, 65
Trd, 4319616.493, 103
Trd, 4319616.943, 133
Trd, 4319617.343, 102
Trd, 4319618.343, 89
Trd, 4319619.543, 63
Trd, 4319619.693, 62
Trd, 4319620.493, 61
Trd, 4319620.743, 90
Trd, 4319622.143, 62
Trd, 4319623.543, 60
Trd, 4319623.793, 61
Trd, 4319624.543, 79
Trd, 4319625.743, 109
Trd, 4319626.393, 103
Trd, 4319626.443, 101
Trd, 4319626.993, 75
Trd, 4319627.693, 60
Trd, 4319629.743, 60
Trd, 4319629.943, 61
Trd, 4319630.243, 63
Trd, 4319631.793, 60
Trd, 4319632.593, 60
Trd, 4319632.743, 62
Trd, 4319632.993, 64
Trd, 4319633.343, 66
Trd, 4319633.743, 65
Trd, 4319635.793, 69
Trd, 4319636.343, 69
Trd, 4319636.943, 72
Trd, 4319638.743, 72
Trd, 4319638.843, 79
Trd, 4319639.443, 140
Trd, 4319639.593, 71
Trd, 4319639.943, 83
Trd, 4319641.493, 94
Trd, 4319641.943, 96
Trd, 4319642.293, 102
Trd, 4319642.593, 101
Trd, 4319643.343, 140
Trd, 4319643.543, 140
Trd, 4319644.943, 140
Trd, 4319645.843, 140
Trd, 4319646.143, 139
Trd, 4319646.593, 137
Trd, 4319647.093, 140
Trd, 4319647.643, 140
Trd, 4319648.143, 136
Trd, 4319648.743, 95
Trd, 4319649.143, 93
Trd, 4319649.893, 137
Trd, 4319649.993, 85
Trd, 4319650.343, 73
Trd, 4319651.593, 65
Trd, 4319653.193, 67
Trd, 4319653.343, 67
Trd, 4319654.243, 66
Trd, 4319654.343, 87
Trd, 4319654.693, 103
Trd, 4319655.243, 140
Trd, 4319656.543, 140
Trd, 4319656.743, 140
Trd, 4319656.943, 139
Trd, 4319658.093, 117
Trd, 4319658.193, 114
Trd, 4319658.393, 94
Trd, 4319659.243, 92
Trd, 4319660.393, 65
Trd, 4319660.443, 66
Trd, 4319661.443, 136
Trd, 4319663.643, 140
Trd, 4319663.843, 139
Trd, 4319664.443, 140
Trd, 4319664.693, 140
Trd, 4319665.343, 97
Trd, 4319666.243, 139
Trd, 4319666.743, 140
Trd, 4319666.993, 75
Trd, 4319667.543, 73
Trd, 4319667.993, 78
Trd, 4319668.843, 140
Trd, 4319669.143, 140
Trd, 4319669.643, 140
Trd, 4319670.843, 89
Trd, 4319671.543, 138
Trd, 4319671.743, 133
Trd, 4319672.493, 140
Trd, 4319673.743, 140
Trd, 4319675.243, 140
Trd, 4319675.393, 139
Trd, 4319675.443, 117
Trd, 4319676.793, 140
Trd, 4319676.843, 140
Trd, 4319677.443, 140
Trd, 4319678.293, 138
Trd, 4319678.343, 128
Trd, 4319678.943, 63
Trd, 4319681.093, 140
Trd, 4319681.443, 140
Trd, 4319681.643, 140
Trd, 4319682.143, 139
Trd, 4319682.243, 140
Trd, 4319684.543, 140
Trd, 4319685.193, 140
Trd, 4319685.343, 140
Trd, 4319685.393, 111
Trd, 4319686.093, 140
Trd, 4319687.293, 98
Trd, 4319687.793, 140
Trd, 4319688.343, 63
Trd, 4319688.793, 60
Trd, 4319689.993, 60
Trd, 4319691.093, 61
Trd, 4319692.193, 64
Trd, 4319692.643, 62
Trd, 4319693.243, 63
Trd, 4319693.643, 65
Trd, 4319693.843, 63
Trd, 4319694.793, 67
Trd, 4319695.493, 66
Trd, 4319695.643, 79
Trd, 4319696.843, 66
Trd, 4319698.043, 60
Trd, 4319698.493, 61
Trd, 4319699.593, 63
Trd, 4319699.693, 66
Trd, 4319701.693, 60
Trd, 4319702.993, 60
Trd, 4319703.093, 65
Trd, 4319703.643, 64
Trd, 4319703.893, 64
Trd, 4319703.943, 65
Trd, 4319704.493, 98
Trd, 4319706.093, 60
Trd, 4319708.643, 60
Trd, 4319708.843, 63
Trd, 4319709.243, 63
Trd, 4319709.293, 62
Trd, 4319709.343, 65
Trd, 4319710.043, 136
Trd, 4319710.643, 136
Trd, 4319710.743, 135
Trd, 4319710.943, 139
Trd, 4319711.443, 83
Trd, 4319712.743, 99
Trd, 4319714.293, 61
Trd, 4319715.243, 61
Trd, 4319715.893, 61
Trd, 4319718.543, 60
Trd, 4319718.993, 60
Trd, 4319719.093, 60
Trd, 4319719.143, 67
Trd, 4319719.693, 64
Trd, 4319719.893, 63
Trd, 4319720.143, 66
Trd, 4319720.643, 62
Trd, 4319721.243, 92
Trd, 4319722.143, 93
Trd, 4319722.193, 68
Trd, 4319722.293, 64
Trd, 4319722.393, 63
Trd, 4319722.943, 138
Trd, 4319724.993, 135
Trd, 4319725.843, 139
Trd, 4319726.043, 138
Trd, 4319727.843, 140
Trd, 4319728.593, 140
Trd, 4319729.943, 140
Trd, 4319730.193, 140
Trd, 4319730.493, 140
Trd, 4319732.343, 140
Trd, 4319732.993, 140
Trd, 4319733.293, 140
Trd, 4319733.943, 140
Trd, 4319734.193, 140
Trd, 4319734.693, 140
Trd, 4319735.543, 138
Trd, 4319735.593, 137
Trd, 4319736.093, 109
Trd, 4319737.143, 60
Trd, 4319738.443, 65
Trd, 4319739.193, 67
Trd, 4319739.243, 70
Trd, 4319739.343, 66
Trd, 4319739.793, 71
Trd, 4319739.893, 103
Trd, 4319740.343, 63
Trd, 4319741.443, 64
Trd, 4319742.243, 87
Trd, 4319742.643, 68
Trd, 4319743.193, 70
Trd, 4319744.093, 140
Trd, 4319744.843, 140
Trd, 4319746.243, 140
Trd, 4319746.443, 137
Trd, 4319747.193, 140
Trd, 4319747.743, 140
Trd, 4319748.043, 139
Trd, 4319749.243, 140
Trd, 4319749.893, 138
Trd, 4319750.143, 117
Trd, 4319751.893, 140
Trd, 4319752.593, 140
Trd, 4319753.043, 140
Trd, 4319753.143, 140
Trd, 4319754.393, 140
Trd, 4319754.443, 140
Trd, 4319755.843, 70
Trd, 4319756.243, 61
Trd, 4319756.643, 75
Trd, 4319757.593, 62
Trd, 4319757.993, 62
Trd, 4319758.643, 62
Trd, 4319759.343, 71
Trd, 4319759.643, 63
Trd, 4319759.693, 108
Trd, 4319760.443, 66
Trd, 4319762.043, 140
Trd, 4319762.843, 140
Trd, 4319763.743, 140
Trd, 4319763.943, 140
Trd, 4319763.993, 139
Trd, 4319764.493, 140
Trd, 4319764.843, 101
Trd, 4319766.293, 137
Trd, 4319766.643, 87
Trd, 4319766.743, 82
Trd, 4319767.743, 140
Trd, 4319768.443, 140
Trd, 4319768.893, 119
Trd, 4319769.793, 101
Trd, 4319771.093, 140
Trd, 4319772.043, 140
Trd, 4319772.293, 140
Trd, 4319772.993, 140
Trd, 4319773.793, 140
Trd, 4319774.343, 132
Trd, 4319774.893, 111
Trd, 4319774.993, 110
Trd, 4319775.093, 108
Trd, 4319777.193, 63
Trd, 4319778.393, 60
Trd, 4319779.243, 61
Trd, 4319779.293, 62
Trd, 4319779.393, 60
Trd, 4319779.693, 106
Trd, 4319780.593, 66
Trd, 4319780.643, 108
Trd, 4319781.793, 64
Trd, 4319782.143, 63
Trd, 4319782.493, 100
Trd, 4319783.993, 70
Trd, 4319784.593, 60
Trd, 4319785.943, 62
Trd, 4319786.943, 60
Trd, 4319787.293, 62
Trd, 4319788.543, 140
Trd, 4319788.643, 140
Trd, 4319789.143, 102
Trd, 4319789.493, 137
Trd, 4319789.993, 102
Trd, 4319790.143, 101
Trd, 4319791.343, 139
Trd, 4319791.443, 138
Trd, 4319791.993, 139
Trd, 4319792.893, 128
Trd, 4319794.093, 131
Trd, 4319795.493, 133
Trd, 4319795.693, 130
Trd, 4319796.343, 137
Trd, 4319797.093, 130
Trd, 4319797.443, 139
Trd, 4319797.793, 95
Trd, 4319798.993, 98
Trd, 4319799.343, 97
Trd, 4319799.693, 140
Trd, 4319800.043, 140
Trd, 4319800.743, 99
Trd, 4319801.743, 140
Trd, 4319801.843, 97
Trd, 4319802.893, 138
Trd, 4319804.343, 122
Trd, 4319804.543, 138
Trd, 4319805.093, 140
Trd, 4319805.293, 138
Trd, 4319806.143, 138
Trd, 4319807.693, 140
Trd, 4319808.493, 140
Trd, 4319808.643, 133
Trd, 4319810.043, 140
Trd, 4319810.543, 140
Trd, 4319810.893, 140
Trd, 4319811.393, 101
Trd, 4319811.643, 86
Trd, 4319812.443, 68
Trd, 4319813.093, 140
Trd, 4319813.293, 140
Trd, 4319814.393, 140
Trd, 4319816.543, 140
Trd, 4319816.693, 140
Trd, 4319816.743, 140
Trd, 4319816.843, 140
Trd, 4319817.043, 138
Trd, 4319818.143, 137
Trd, 4319819.343, 140
Trd, 4319819.843, 140
Trd, 4319820.293, 140
Trd, 4319821.643, 139
Trd, 4319822.443, 63
Trd, 4319822.693, 79
Trd, 4319822.743, 61
Trd, 4319823.193, 102
Trd, 4319823.693, 62
Trd, 4319824.393, 71
Trd, 4319825.393, 140
Trd, 4319825.993, 140
Trd, 4319826.293, 139
Trd, 4319826.693, 114
Trd, 4319827.143, 114
Trd, 4319827.893, 125
Trd, 4319827.993, 115
Trd, 4319828.993, 115
Trd, 4319829.343, 124
Trd, 4319830.043, 91
Trd, 4319830.993, 140
Trd, 4319831.093, 140
Trd, 4319831.943, 140
Trd, 4319831.993, 140
Trd, 4319832.743, 101
Trd, 4319833.543, 61
Trd, 4319834.793, 63
Trd, 4319835.343, 87
Trd, 4319835.643, 88
Trd, 4319835.943, 139
Trd, 4319837.793, 140
Trd, 4319838.393, 140
Trd, 4319838.893, 120
Trd, 4319839.593, 109
Trd, 4319839.693, 124
Trd, 4319841.193, 111
Trd, 4319841.293, 109
Trd, 4319842.143, 140
Trd, 4319842.443, 108
Trd, 4319843.043, 101
Trd, 4319843.443, 113
Trd, 4319843.943, 102
Trd, 4319844.443, 73
Trd, 4319844.693, 104
Trd, 4319845.543, 139
Trd, 4319846.543, 140
Trd, 4319846.743, 140
Trd, 4319847.243, 140
Trd, 4319848.543, 140
Trd, 4319849.093, 140
Trd, 4319849.643, 127
Trd, 4319850.543, 102
Trd, 4319850.843, 101
Trd, 4319851.693, 60
Trd, 4319851.743, 67
Trd, 4319852.143, 68
Trd, 4319854.343, 140
Trd, 4319855.093, 140
Trd, 4319855.193, 140
Trd, 4319855.993, 140
Trd, 4319857.593, 117
Trd, 4319858.643, 116
Trd, 4319858.893, 117
Trd, 4319859.293, 140
Trd, 4319859.693, 140
Trd, 4319860.743, 140
Trd, 4319862.693, 140
Trd, 4319862.793, 140
Trd, 4319863.043, 137
Trd, 4319863.943, 140
Trd, 4319864.693, 137
Trd, 4319865.443, 140
Trd, 4319865.943, 140
Trd, 4319866.743, 140
Trd, 4319867.693, 140
Trd, 4319868.743, 140
Trd, 4319868.943, 138
Trd, 4319869.443, 108
Trd, 4319869.793, 107
Trd, 4319870.243, 139
Trd, 4319870.743, 120
Trd, 4319871.293, 139
Trd, 4319871.343, 100
Trd, 4319872.593, 139
Trd, 4319876.093, 61
Trd, 4319877.093, 67
Trd, 4319877.443, 63
Trd, 4319878.143, 65
Trd, 4319878.193, 65
Trd, 4319880.543, 61
Trd, 4319881.493, 60
Trd, 4319881.593, 62
Trd, 4319881.943, 63
Trd, 4319882.193, 60
Trd, 4319882.893, 64
Trd, 4319883.193, 63
Trd, 4319883.743, 65
Trd, 4319884.293, 66
Trd, 4319884.843, 84
Trd, 4319885.743, 140
Trd, 4319885.893, 139
Trd, 4319886.543, 125
Trd, 4319886.893, 134
Trd, 4319887.293, 139
Trd, 4319888.043, 127
Trd, 4319888.843, 140
Trd, 4319888.893, 126
Trd, 4319890.493, 137
Trd, 4319890.843, 60
Trd, 4319891.793, 140
Trd, 4319893.593, 62
Trd, 4319894.093, 60
Trd, 4319894.293, 61
Trd, 4319894.643, 60
Trd, 4319894.743, 61
Trd, 4319895.493, 62
Trd, 4319895.743, 65
Trd, 4319896.743, 63
Trd, 4319897.243, 62
Trd, 4319898.093, 62
Trd, 4319899.043, 75
Trd, 4319899.243, 62
Trd, 4319899.893, 140
Trd, 4319900.043, 139
Trd, 4319901.743, 60
Trd, 4319902.293, 60
Trd, 4319902.343, 61
Trd, 4319903.643, 60
Trd, 4319906.343, 61
Trd, 4319906.843, 63
Trd, 4319907.443, 65
Trd, 4319907.643, 64
Trd, 4319908.143, 64
Trd, 4319908.243, 98
Trd, 4319909.593, 140
Trd, 4319910.193, 140
Trd, 4319910.343, 109
Trd, 4319910.593, 64
Trd, 4319911.893, 138
Trd, 4319912.193, 118
Trd, 4319912.393, 96
Trd, 4319913.393, 140
Trd, 4319914.993, 140
Trd, 4319916.393, 140
Trd, 4319917.093, 140
Trd, 4319918.193, 140
Trd, 4319918.343, 140
Trd, 4319918.843, 140
Trd, 4319918.943, 139
Trd, 4319919.543, 140
Trd, 4319919.693, 139
Trd, 4319920.493, 140
Trd, 4319920.543, 139
Trd, 4319920.743, 113
Trd, 4319922.693, 68
Trd, 4319922.893, 126
Trd, 4319923.393, 68
Trd, 4319923.993, 68
Trd, 4319925.393, 60
Trd, 4319926.793, 63
Trd, 4319927.643, 63
Trd, 4319927.943, 73
Trd, 4319928.043, 84
Trd, 4319929.043, 65
Trd, 4319929.893, 62
Trd, 4319930.493, 66
Trd, 4319930.593, 69
Trd, 4319931.743, 70
Trd, 4319932.293, 73
Trd, 4319933.093, 137
Trd, 4319933.243, 83
Trd, 4319934.243, 76
Trd, 4319934.443, 67
Trd, 4319935.643, 83
Trd, 4319936.593, 107
Trd, 4319937.043, 92
Trd, 4319937.143, 92
Trd, 4319937.393, 92
Trd, 4319937.843, 71
Trd, 4319938.843, 135
Trd, 4319939.343, 63
Trd, 4319940.493, 60
Trd, 4319941.143, 60
Trd, 4319941.293, 60
Trd, 4319941.893, 61
Trd, 4319942.143, 63
Trd, 4319942.343, 60
Trd, 4319943.393, 68
Trd, 4319944.793, 63
Trd, 4319944.843, 64
Trd, 4319945.793, 60
Trd, 4319946.443, 140
Trd, 4319947.443, 61
Trd, 4319949.193, 62
Trd, 4319950.043, 63
Trd, 4319950.243, 62
Trd, 4319950.493, 73
Trd, 4319950.943, 125
Trd, 4319951.343, 62
Trd, 4319951.443, 65
Trd, 4319952.593, 140
Trd, 4319953.643, 132
Trd, 4319955.843, 140
Trd, 4319955.943, 140
Trd, 4319956.093, 138
Trd, 4319956.293, 118
Trd, 4319956.843, 96
Trd, 4319956.893, 82
Trd, 4319957.793, 68
Trd, 4319958.843, 93
Trd, 4319959.643, 112
Trd, 4319960.443, 129
Trd, 4319960.943, 103
Trd, 4319961.593, 140
Trd, 4319962.793, 140
Trd, 4319963.343, 140
Trd, 4319963.793, 139
Trd, 4319965.143, 130
Trd, 4319966.193, 140
Trd, 4319966.343, 140
Trd, 4319966.693, 140
Trd, 4319968.393, 124
Trd, 4319968.493, 116
Trd, 4319969.093, 107
Trd, 4319969.893, 140
Trd, 4319969.943, 140
Trd, 4319970.093, 140
Trd, 4319971.293, 111
Trd, 4319972.243, 127
Trd, 4319972.893, 140
Trd, 4319973.043, 140
Trd, 4319973.643, 139
Trd, 4319975.193, 104
Trd, 4319975.543, 103
Trd, 4319975.943, 103
Trd, 4319977.243, 139
Trd, 4319978.443, 140
Trd, 4319978.843, 139
Trd, 4319979.893, 128
Trd, 4319980.193, 127
Trd, 4319980.243, 126
Trd, 4319981.843, 139
Trd, 4319984.093, 92
Trd, 4319984.193, 91
Trd, 4319984.243, 86
Trd, 4319985.343, 133
Trd, 4319986.043, 138
Trd, 4319986.143, 137
Trd, 4319986.943, 137
Trd, 4319987.243, 140
Trd, 4319987.793, 140
Trd, 4319988.993, 140
Trd, 4319989.443, 140
Trd, 4319989.493, 140
Trd, 4319990.093, 140
Trd, 4319991.293, 140
Trd, 4319991.443, 118
Trd, 4319991.543, 72
Trd, 4319992.793, 65
Trd, 4319994.493, 60
Trd, 4319994.543, 61
Trd, 4319995.543, 140
Trd, 4319995.593, 140
Trd, 4319995.693, 140
Trd, 4319997.443, 140
Trd, 4319997.693, 140
Trd, 4319998.093, 140
