Trd, 4318051.043, 89
Trd, 4318051.443, 120
Trd, 4318052.393, 70
Trd, 4318052.443, 100
Trd, 4318052.693, 84
Trd, 4318053.343, 139
Trd, 4318053.393, 67
Trd, 4318055.193, 77
Trd, 4318056.493, 140
Trd, 4318056.893, 140
Trd, 4318057.493, 139
Trd, 4318057.893, 134
Trd, 4318059.543, 131
Trd, 4318060.343, 115
Trd, 4318060.743, 133
Trd, 4318062.043, 105
Trd, 4318062.093, 92
Trd, 4318062.293, 119
Trd, 4318062.743, 90
Trd, 4318062.943, 73
Trd, 4318065.293, 100
Trd, 4318066.643, 118
Trd, 4318067.143, 106
Trd, 4318067.593, 84
Trd, 4318068.593, 140
Trd, 4318068.993, 140
Trd, 4318069.393, 139
Trd, 4318070.293, 66
Trd, 4318071.193, 124
Trd, 4318072.093, 134
Trd, 4318072.293, 123
Trd, 4318073.193, 122
Trd, 4318073.543, 122
Trd, 4318074.693, 133
Trd, 4318077.193, 134
Trd, 4318077.743, 133
Trd, 4318078.543, 124
Trd, 4318079.693, 138
Trd, 4318080.493, 125
Trd, 4318081.793, 121
Trd, 4318082.443, 118
Trd, 4318082.743, 122
Trd, 4318083.393, 104
Trd, 4318083.543, 101
Trd, 4318083.743, 73
Trd, 4318084.193, 126
Trd, 4318085.843, 118
Trd, 4318087.193, 117
Trd, 4318088.843, 138
Trd, 4318088.993, 127
Trd, 4318093.043, 140
Trd, 4318093.393, 139
Trd, 4318094.093, 140
Trd, 4318094.343, 138
Trd, 4318095.393, 139
Trd, 4318095.543, 139
Trd, 4318096.743, 139
Trd, 4318098.543, 135
Trd, 4318098.643, 132
Trd, 4318098.693, 124
Trd, 4318098.843, 117
Trd, 4318099.643, 125
Trd, 4318100.443, 124
Trd, 4318101.493, 101
Trd, 4318101.793, 132
Trd, 4318102.293, 90
Trd, 4318102.943, 140
Trd, 4318105.493, 117
Trd, 4318106.993, 120
Trd, 4318107.543, 106
Trd, 4318108.443, 135
Trd, 4318108.593, 104
Trd, 4318109.443, 70
Trd, 4318110.143, 102
Trd, 4318110.393, 102
Trd, 4318110.693, 101
Trd, 4318110.793, 85
Trd, 4318110.993, 139
Trd, 4318112.193, 139
Trd, 4318113.493, 133
Trd, 4318113.543, 132
Trd, 4318114.343, 136
Trd, 4318114.393, 136
Trd, 4318114.643, 105
Trd, 4318115.243, 78
Trd, 4318116.593, 123
Trd, 4318117.343, 119
Trd, 4318118.243, 88
Trd, 4318120.093, 140
Trd, 4318120.293, 140
Trd, 4318120.393, 139
Trd, 4318120.793, 135
Trd, 4318122.343, 129
Trd, 4318123.843, 129
Trd, 4318126.593, 122
Trd, 4318126.993, 140
Trd, 4318127.093, 140
Trd, 4318127.243, 139
Trd, 4318127.893, 80
Trd, 4318128.693, 106
Trd, 4318129.093, 99
Trd, 4318129.243, 102
Trd, 4318129.843, 74
Trd, 4318130.343, 140
Trd, 4318131.693, 77
Trd, 4318131.743, 84
Trd, 4318133.193, 92
Trd, 4318134.843, 122
Trd, 4318135.493, 125
Trd, 4318136.443, 133
Trd, 4318136.643, 119
Trd, 4318137.143, 135
Trd, 4318138.993, 135
Trd, 4318139.993, 139
Trd, 4318140.993, 140
Trd, 4318141.193, 139
Trd, 4318142.793, 111
Trd, 4318142.843, 98
Trd, 4318143.343, 135
Trd, 4318144.193, 75
Trd, 4318145.543, 120
Trd, 4318146.293, 126
Trd, 4318146.593, 119
Trd, 4318147.193, 104
Trd, 4318148.093, 95
Trd, 4318149.343, 140
Trd, 4318149.743, 115
Trd, 4318151.493, 112
Trd, 4318152.593, 99
Trd, 4318153.293, 128
Trd, 4318153.693, 140
Trd, 4318153.793, 128
Trd, 4318154.393, 120
Trd, 4318159.343, 140
Trd, 4318159.643, 140
Trd, 4318160.193, 139
Trd, 4318160.243, 131
Trd, 4318161.693, 139
Trd, 4318161.793, 139
Trd, 4318161.843, 132
Trd, 4318163.393, 134
Trd, 4318164.593, 130
Trd, 4318165.043, 140
Trd, 4318165.243, 140
Trd, 4318165.743, 140
Trd, 4318165.993, 138
Trd, 4318167.043, 140
Trd, 4318167.193, 115
Trd, 4318167.593, 110
Trd, 4318168.343, 104
Trd, 4318171.343, 119
Trd, 4318172.143, 116
Trd, 4318172.543, 110
Trd, 4318173.343, 140
Trd, 4318174.743, 129
Trd, 4318175.343, 130
Trd, 4318176.993, 140
Trd, 4318177.343, 139
Trd, 4318177.493, 138
Trd, 4318177.643, 136
Trd, 4318178.993, 132
Trd, 4318180.793, 118
Trd, 4318182.343, 110
Trd, 4318183.143, 129
Trd, 4318183.943, 130
Trd, 4318184.393, 139
Trd, 4318187.493, 139
Trd, 4318187.843, 139
Trd, 4318189.293, 131
Trd, 4318189.343, 114
Trd, 4318190.343, 139
Trd, 4318190.943, 140
Trd, 4318191.543, 132
Trd, 4318192.143, 128
Trd, 4318194.593, 129
Trd, 4318194.793, 127
Trd, 4318195.143, 129
Trd, 4318196.293, 133
Trd, 4318196.893, 115
Trd, 4318197.093, 125
Trd, 4318198.993, 134
Trd, 4318199.793, 140
Trd, 4318200.543, 123
Trd, 4318200.943, 74
Trd, 4318201.193, 88
Trd, 4318202.043, 106
Trd, 4318204.543, 128
Trd, 4318205.993, 140
Trd, 4318206.893, 139
Trd, 4318207.093, 131
Trd, 4318208.643, 137
Trd, 4318210.693, 131
Trd, 4318211.343, 132
Trd, 4318211.393, 131
Trd, 4318211.693, 140
Trd, 4318212.543, 138
Trd, 4318213.193, 99
Trd, 4318213.393, 140
Trd, 4318213.793, 97
Trd, 4318214.543, 109
Trd, 4318215.443, 134
Trd, 4318215.493, 133
Trd, 4318215.943, 116
Trd, 4318217.043, 122
Trd, 4318217.543, 117
Trd, 4318218.593, 70
Trd, 4318221.093, 140
Trd, 4318221.593, 140
Trd, 4318221.693, 140
Trd, 4318223.443, 139
Trd, 4318224.343, 135
Trd, 4318224.393, 134
Trd, 4318224.843, 86
Trd, 4318225.543, 94
Trd, 4318226.743, 119
Trd, 4318227.043, 131
Trd, 4318228.393, 140
Trd, 4318229.443, 124
Trd, 4318230.643, 118
Trd, 4318230.893, 117
Trd, 4318232.043, 99
Trd, 4318232.843, 134
Trd, 4318232.943, 128
Trd, 4318233.593, 129
Trd, 4318234.793, 139
Trd, 4318234.993, 129
Trd, 4318235.843, 119
Trd, 4318236.593, 130
Trd, 4318237.093, 115
Trd, 4318237.293, 114
Trd, 4318238.543, 105
Trd, 4318240.343, 140
Trd, 4318240.493, 138
Trd, 4318241.593, 120
Trd, 4318241.843, 120
Trd, 4318242.393, 140
Trd, 4318242.943, 106
Trd, 4318245.243, 126
Trd, 4318245.593, 135
Trd, 4318245.793, 134
Trd, 4318246.143, 93
Trd, 4318246.393, 80
Trd, 4318247.693, 139
Trd, 4318249.493, 129
Trd, 4318249.793, 130
Trd, 4318249.943, 136
Trd, 4318251.043, 129
Trd, 4318251.143, 115
Trd, 4318252.293, 139
Trd, 4318252.743, 136
Trd, 4318253.593, 107
Trd, 4318253.943, 106
Trd, 4318256.443, 135
Trd, 4318258.043, 137
Trd, 4318258.243, 117
Trd, 4318258.343, 98
Trd, 4318260.893, 134
Trd, 4318261.593, 134
Trd, 4318261.893, 119
Trd, 4318262.693, 134
Trd, 4318263.643, 113
Trd, 4318265.243, 135
Trd, 4318265.793, 115
Trd, 4318265.893, 114
Trd, 4318265.943, 119
Trd, 4318267.143, 103
Trd, 4318269.793, 101
Trd, 4318270.993, 98
Trd, 4318271.493, 98
Trd, 4318271.843, 97
Trd, 4318272.143, 91
Trd, 4318272.593, 122
Trd, 4318273.393, 112
Trd, 4318274.293, 139
Trd, 4318275.143, 102
Trd, 4318275.643, 126
Trd, 4318277.393, 121
Trd, 4318278.443, 122
Trd, 4318279.443, 117
Trd, 4318279.743, 123
Trd, 4318279.843, 117
Trd, 4318280.193, 104
Trd, 4318282.193, 75
Trd, 4318282.543, 124
Trd, 4318283.993, 75
Trd, 4318286.193, 67
Trd, 4318286.543, 92
Trd, 4318286.693, 97
Trd, 4318287.893, 122
Trd, 4318288.443, 73
Trd, 4318290.643, 60
Trd, 4318290.743, 71
Trd, 4318290.793, 81
Trd, 4318290.893, 122
Trd, 4318292.293, 80
Trd, 4318292.443, 79
Trd, 4318293.343, 136
Trd, 4318293.393, 122
Trd, 4318293.593, 79
Trd, 4318294.343, 112
Trd, 4318295.193, 102
Trd, 4318296.593, 103
Trd, 4318298.343, 138
Trd, 4318299.543, 140
Trd, 4318299.593, 126
Trd, 4318301.043, 133
Trd, 4318301.643, 115
Trd, 4318302.743, 116
Trd, 4318304.143, 130
Trd, 4318305.043, 121
Trd, 4318306.343, 140
Trd, 4318307.193, 140
Trd, 4318307.343, 140
Trd, 4318307.393, 139
Trd, 4318307.443, 85
Trd, 4318308.143, 64
Trd, 4318308.343, 87
Trd, 4318309.843, 118
Trd, 4318311.143, 139
Trd, 4318311.343, 140
Trd, 4318312.243, 123
Trd, 4318313.293, 127
Trd, 4318313.593, 115
Trd, 4318316.043, 130
Trd, 4318317.393, 140
Trd, 4318318.943, 140
Trd, 4318318.993, 140
Trd, 4318320.493, 113
Trd, 4318321.193, 127
Trd, 4318321.693, 132
Trd, 4318322.293, 129
Trd, 4318322.543, 127
Trd, 4318323.743, 133
Trd, 4318323.843, 139
Trd, 4318324.593, 127
Trd, 4318325.543, 125
Trd, 4318325.943, 119
Trd, 4318326.493, 115
Trd, 4318326.693, 114
Trd, 4318327.543, 117
Trd, 4318327.893, 117
Trd, 4318329.343, 88
Trd, 4318330.393, 89
Trd, 4318330.843, 91
Trd, 4318333.093, 140
Trd, 4318334.343, 140
Trd, 4318335.343, 139
Trd, 4318335.593, 122
Trd, 4318336.043, 128
Trd, 4318336.343, 127
Trd, 4318336.493, 139
Trd, 4318337.043, 123
Trd, 4318337.593, 77
Trd, 4318338.943, 81
Trd, 4318339.343, 65
Trd, 4318342.243, 72
Trd, 4318342.543, 69
Trd, 4318343.393, 135
Trd, 4318343.793, 136
Trd, 4318344.643, 140
Trd, 4318345.543, 133
Trd, 4318346.193, 124
Trd, 4318346.943, 125
Trd, 4318347.143, 128
Trd, 4318347.543, 127
Trd, 4318348.093, 124
Trd, 4318348.993, 136
Trd, 4318351.043, 127
Trd, 4318352.493, 131
Trd, 4318352.643, 132
Trd, 4318352.893, 132
Trd, 4318355.793, 128
Trd, 4318356.943, 140
Trd, 4318357.143, 140
Trd, 4318358.393, 109
Trd, 4318359.793, 121
Trd, 4318360.593, 122
Trd, 4318361.443, 125
Trd, 4318362.493, 138
Trd, 4318363.643, 139
Trd, 4318364.093, 138
Trd, 4318364.393, 130
Trd, 4318365.143, 137
Trd, 4318366.643, 114
Trd, 4318368.243, 138
Trd, 4318368.343, 138
Trd, 4318368.743, 138
Trd, 4318368.843, 132
Trd, 4318369.093, 125
Trd, 4318369.243, 96
Trd, 4318370.043, 72
Trd, 4318372.143, 130
Trd, 4318372.193, 130
Trd, 4318372.293, 129
Trd, 4318372.443, 128
Trd, 4318373.493, 132
Trd, 4318375.793, 139
Trd, 4318377.193, 140
Trd, 4318377.393, 136
Trd, 4318377.793, 122
Trd, 4318378.093, 114
Trd, 4318379.893, 119
Trd, 4318380.793, 98
Trd, 4318381.293, 120
Trd, 4318381.793, 93
Trd, 4318382.443, 138
Trd, 4318383.093, 110
Trd, 4318384.843, 139
Trd, 4318385.793, 140
Trd, 4318386.143, 140
Trd, 4318387.593, 139
Trd, 4318387.943, 136
Trd, 4318388.143, 124
Trd, 4318388.343, 111
Trd, 4318392.093, 139
Trd, 4318392.193, 139
Trd, 4318392.243, 138
Trd, 4318393.643, 115
Trd, 4318395.493, 119
Trd, 4318396.093, 118
Trd, 4318396.443, 118
Trd, 4318397.093, 121
Trd, 4318397.943, 110
Trd, 4318398.293, 128
Trd, 4318398.593, 77
Trd, 4318398.893, 74
Trd, 4318401.093, 140
Trd, 4318401.693, 140
Trd, 4318401.993, 136
Trd, 4318402.843, 125
Trd, 4318406.443, 138
Trd, 4318406.643, 138
Trd, 4318407.543, 140
Trd, 4318407.893, 140
Trd, 4318408.693, 131
Trd, 4318408.843, 109
Trd, 4318409.443, 106
Trd, 4318409.843, 98
Trd, 4318409.893, 114
Trd, 4318410.743, 118
Trd, 4318411.793, 65
Trd, 4318412.393, 135
Trd, 4318412.943, 135
Trd, 4318414.743, 127
Trd, 4318415.593, 132
Trd, 4318416.493, 129
Trd, 4318417.593, 101
Trd, 4318419.193, 102
Trd, 4318420.093, 132
Trd, 4318420.693, 122
Trd, 4318422.343, 134
Trd, 4318422.793, 132
Trd, 4318422.943, 113
Trd, 4318423.993, 139
Trd, 4318424.343, 136
Trd, 4318424.393, 133
Trd, 4318425.293, 140
Trd, 4318425.393, 139
Trd, 4318425.543, 124
Trd, 4318427.093, 140
Trd, 4318427.543, 138
Trd, 4318428.193, 138
Trd, 4318428.593, 139
Trd, 4318429.143, 134
Trd, 4318430.293, 83
Trd, 4318430.493, 138
Trd, 4318431.893, 97
Trd, 4318433.743, 88
Trd, 4318433.893, 139
Trd, 4318435.143, 110
Trd, 4318435.293, 72
Trd, 4318436.443, 134
Trd, 4318436.693, 108
Trd, 4318437.393, 130
Trd, 4318438.643, 129
Trd, 4318439.893, 139
Trd, 4318440.143, 121
Trd, 4318441.243, 109
Trd, 4318443.293, 87
Trd, 4318443.893, 131
Trd, 4318444.093, 137
Trd, 4318444.193, 110
Trd, 4318445.193, 86
Trd, 4318446.543, 137
Trd, 4318446.693, 135
Trd, 4318447.793, 106
Trd, 4318450.443, 131
Trd, 4318451.143, 107
Trd, 4318452.143, 138
Trd, 4318453.043, 95
Trd, 4318453.193, 138
Trd, 4318455.293, 137
Trd, 4318455.493, 135
Trd, 4318455.593, 134
Trd, 4318456.943, 103
Trd, 4318457.843, 134
Trd, 4318458.093, 103
Trd, 4318458.993, 92
Trd, 4318459.593, 134
Trd, 4318460.193, 139
Trd, 4318461.143, 118
Trd, 4318461.493, 117
Trd, 4318464.243, 126
Trd, 4318464.493, 124
Trd, 4318464.943, 105
Trd, 4318465.343, 139
Trd, 4318466.243, 140
Trd, 4318466.693, 115
Trd, 4318468.143, 138
Trd, 4318468.243, 116
Trd, 4318468.443, 116
Trd, 4318468.943, 112
Trd, 4318471.293, 131
Trd, 4318472.843, 133
Trd, 4318473.443, 133
Trd, 4318474.143, 112
Trd, 4318475.293, 82
Trd, 4318475.493, 104
Trd, 4318476.643, 137
Trd, 4318478.143, 126
Trd, 4318479.743, 137
Trd, 4318479.793, 125
Trd, 4318481.043, 126
Trd, 4318481.793, 113
Trd, 4318482.293, 119
Trd, 4318482.643, 111
Trd, 4318485.293, 114
Trd, 4318485.443, 131
Trd, 4318485.593, 113
Trd, 4318485.893, 112
Trd, 4318486.243, 110
Trd, 4318486.943, 69
Trd, 4318487.693, 96
Trd, 4318489.693, 64
Trd, 4318489.793, 68
Trd, 4318490.043, 109
Trd, 4318491.793, 138
Trd, 4318493.943, 139
Trd, 4318494.093, 140
Trd, 4318494.643, 140
Trd, 4318495.743, 140
Trd, 4318496.093, 139
Trd, 4318496.543, 129
Trd, 4318497.043, 122
Trd, 4318497.293, 121
Trd, 4318498.843, 140
Trd, 4318498.893, 139
Trd, 4318499.243, 130
Trd, 4318499.643, 114
Trd, 4318501.843, 137
Trd, 4318504.743, 140
Trd, 4318504.843, 140
Trd, 4318505.643, 139
Trd, 4318507.993, 140
Trd, 4318508.543, 140
Trd, 4318509.043, 112
Trd, 4318509.593, 125
Trd, 4318511.293, 134
Trd, 4318512.443, 136
Trd, 4318513.393, 140
Trd, 4318514.193, 140
Trd, 4318514.743, 124
Trd, 4318516.793, 140
Trd, 4318518.293, 124
Trd, 4318518.543, 124
Trd, 4318519.543, 122
Trd, 4318520.493, 117
Trd, 4318522.143, 133
Trd, 4318524.543, 134
Trd, 4318525.143, 135
Trd, 4318525.393, 134
Trd, 4318525.793, 120
Trd, 4318526.293, 100
Trd, 4318528.743, 140
Trd, 4318529.143, 139
Trd, 4318530.943, 140
Trd, 4318531.443, 122
Trd, 4318532.243, 140
Trd, 4318533.543, 140
Trd, 4318533.743, 140
Trd, 4318534.093, 139
Trd, 4318534.193, 135
Trd, 4318537.593, 140
Trd, 4318537.643, 139
Trd, 4318537.693, 139
Trd, 4318538.043, 123
Trd, 4318538.493, 65
Trd, 4318540.243, 122
Trd, 4318541.093, 140
Trd, 4318541.443, 139
Trd, 4318541.593, 139
Trd, 4318544.293, 137
Trd, 4318544.793, 139
Trd, 4318544.843, 139
Trd, 4318546.093, 140
Trd, 4318546.293, 140
Trd, 4318546.493, 114
Trd, 4318547.443, 130
Trd, 4318547.543, 129
Trd, 4318549.193, 89
Trd, 4318550.493, 138
Trd, 4318550.593, 98
Trd, 4318550.743, 90
Trd, 4318551.193, 139
Trd, 4318551.393, 137
Trd, 4318552.593, 121
Trd, 4318552.693, 120
Trd, 4318553.243, 97
Trd, 4318554.343, 139
Trd, 4318554.543, 140
Trd, 4318555.243, 139
Trd, 4318555.443, 112
Trd, 4318555.793, 67
Trd, 4318557.043, 129
Trd, 4318559.293, 140
Trd, 4318559.593, 129
Trd, 4318562.093, 140
Trd, 4318562.293, 140
Trd, 4318562.493, 139
Trd, 4318562.793, 139
Trd, 4318563.093, 109
Trd, 4318563.143, 80
Trd, 4318563.643, 129
Trd, 4318566.793, 140
Trd, 4318567.393, 140
Trd, 4318567.743, 139
Trd, 4318568.793, 140
Trd, 4318568.943, 129
Trd, 4318569.543, 98
Trd, 4318569.793, 85
Trd, 4318572.043, 111
Trd, 4318572.493, 109
Trd, 4318575.093, 140
Trd, 4318575.543, 139
Trd, 4318576.143, 133
Trd, 4318577.093, 136
Trd, 4318578.143, 140
Trd, 4318578.543, 129
Trd, 4318579.343, 128
Trd, 4318579.593, 118
Trd, 4318581.143, 127
Trd, 4318582.093, 132
Trd, 4318582.293, 131
Trd, 4318582.543, 108
Trd, 4318584.243, 132
Trd, 4318584.643, 123
Trd, 4318585.843, 122
Trd, 4318586.193, 121
Trd, 4318586.643, 117
Trd, 4318587.493, 128
Trd, 4318587.543, 111
Trd, 4318588.993, 94
Trd, 4318590.343, 140
Trd, 4318590.493, 138
Trd, 4318593.143, 140
Trd, 4318593.293, 140
Trd, 4318594.893, 139
Trd, 4318595.143, 137
Trd, 4318595.393, 137
Trd, 4318595.443, 120
Trd, 4318595.843, 112
Trd, 4318596.093, 111
Trd, 4318597.043, 96
Trd, 4318598.593, 140
Trd, 4318600.293, 139
Trd, 4318601.343, 137
Trd, 4318601.543, 136
Trd, 4318601.643, 126
Trd, 4318601.743, 103
Trd, 4318603.043, 100
Trd, 4318603.393, 91
Trd, 4318603.793, 108
Trd, 4318603.993, 118
Trd, 4318604.193, 102
Trd, 4318606.143, 79
Trd, 4318606.593, 71
Trd, 4318606.943, 60
Trd, 4318608.893, 63
Trd, 4318609.543, 112
Trd, 4318609.893, 140
Trd, 4318610.893, 140
Trd, 4318611.693, 83
Trd, 4318611.743, 69
Trd, 4318612.693, 140
Trd, 4318614.043, 139
Trd, 4318615.343, 139
Trd, 4318616.543, 138
Trd, 4318617.243, 138
Trd, 4318618.893, 136
Trd, 4318619.243, 138
Trd, 4318619.743, 136
Trd, 4318621.793, 140
Trd, 4318622.793, 139
Trd, 4318622.943, 138
Trd, 4318624.943, 133
Trd, 4318625.543, 133
Trd, 4318626.843, 135
Trd, 4318626.943, 130
Trd, 4318627.393, 113
Trd, 4318627.743, 113
Trd, 4318627.793, 111
Trd, 4318628.393, 87
Trd, 4318629.343, 136
Trd, 4318629.543, 100
Trd, 4318630.843, 140
Trd, 4318631.393, 140
Trd, 4318632.843, 139
Trd, 4318633.393, 127
Trd, 4318634.193, 136
Trd, 4318634.793, 136
Trd, 4318635.743, 130
Trd, 4318636.743, 105
Trd, 4318637.143, 140
Trd, 4318638.393, 132
Trd, 4318639.393, 112
Trd, 4318639.643, 119
Trd, 4318639.843, 107
Trd, 4318640.143, 140
Trd, 4318643.993, 140
Trd, 4318644.393, 140
Trd, 4318645.093, 139
Trd, 4318645.343, 139
Trd, 4318646.143, 140
Trd, 4318647.143, 140
Trd, 4318648.443, 119
Trd, 4318649.693, 140
Trd, 4318649.993, 139
Trd, 4318650.443, 112
Trd, 4318653.043, 140
Trd, 4318653.243, 139
Trd, 4318653.743, 140
Trd, 4318655.193, 139
Trd, 4318656.093, 140
Trd, 4318657.043, 103
Trd, 4318657.543, 113
Trd, 4318657.643, 80
Trd, 4318658.943, 71
Trd, 4318659.093, 69
Trd, 4318659.343, 80
Trd, 4318660.643, 118
Trd, 4318663.143, 139
Trd, 4318664.393, 138
Trd, 4318664.493, 126
Trd, 4318664.893, 135
Trd, 4318665.143, 124
Trd, 4318665.393, 113
Trd, 4318665.643, 89
Trd, 4318666.493, 90
Trd, 4318667.093, 105
Trd, 4318667.443, 116
Trd, 4318667.643, 133
Trd, 4318668.243, 129
Trd, 4318668.793, 121
Trd, 4318670.093, 98
Trd, 4318671.293, 82
Trd, 4318674.343, 140
Trd, 4318674.693, 140
Trd, 4318674.793, 140
Trd, 4318675.043, 139
Trd, 4318675.993, 119
Trd, 4318676.043, 118
Trd, 4318677.243, 133
Trd, 4318677.793, 116
Trd, 4318679.593, 139
Trd, 4318680.893, 123
Trd, 4318681.493, 117
Trd, 4318682.093, 102
Trd, 4318683.093, 140
Trd, 4318684.143, 139
Trd, 4318684.393, 136
Trd, 4318684.943, 136
Trd, 4318686.243, 130
Trd, 4318687.093, 140
Trd, 4318687.593, 140
Trd, 4318689.443, 138
Trd, 4318691.543, 140
Trd, 4318692.243, 139
Trd, 4318692.643, 140
Trd, 4318692.943, 139
Trd, 4318693.293, 115
Trd, 4318694.393, 128
Trd, 4318694.943, 128
Trd, 4318696.393, 137
Trd, 4318696.443, 119
Trd, 4318698.093, 120
Trd, 4318699.343, 140
Trd, 4318699.893, 118
Trd, 4318699.993, 121
Trd, 4318700.093, 118
Trd, 4318703.643, 134
Trd, 4318703.793, 134
Trd, 4318704.293, 137
Trd, 4318705.343, 139
Trd, 4318705.393, 136
Trd, 4318705.943, 140
Trd, 4318707.043, 140
Trd, 4318707.243, 122
Trd, 4318707.493, 120
Trd, 4318709.943, 140
Trd, 4318710.893, 131
Trd, 4318711.943, 140
Trd, 4318712.793, 129
Trd, 4318713.143, 127
Trd, 4318713.193, 125
Trd, 4318714.043, 115
Trd, 4318715.643, 114
Trd, 4318716.143, 132
Trd, 4318716.693, 114
Trd, 4318717.343, 123
Trd, 4318718.593, 125
Trd, 4318720.693, 125
Trd, 4318721.093, 120
Trd, 4318722.093, 93
Trd, 4318723.243, 122
Trd, 4318723.493, 121
Trd, 4318724.593, 104
Trd, 4318724.793, 103
Trd, 4318725.243, 77
Trd, 4318725.893, 76
Trd, 4318726.843, 107
Trd, 4318727.843, 120
Trd, 4318728.793, 131
Trd, 4318729.093, 131
Trd, 4318730.743, 123
Trd, 4318731.043, 110
Trd, 4318731.443, 140
Trd, 4318732.993, 138
Trd, 4318734.393, 138
Trd, 4318736.543, 139
Trd, 4318736.593, 121
Trd, 4318737.143, 118
Trd, 4318737.843, 140
Trd, 4318739.243, 140
Trd, 4318739.843, 140
Trd, 4318740.593, 139
Trd, 4318740.843, 129
Trd, 4318741.943, 125
Trd, 4318742.693, 140
Trd, 4318742.943, 138
Trd, 4318744.743, 125
Trd, 4318744.893, 109
Trd, 4318747.293, 135
Trd, 4318747.993, 138
Trd, 4318750.043, 136
Trd, 4318751.043, 132
Trd, 4318751.443, 139
Trd, 4318751.943, 130
Trd, 4318753.093, 103
Trd, 4318753.243, 104
Trd, 4318754.093, 139
Trd, 4318755.543, 140
Trd, 4318756.643, 139
Trd, 4318756.893, 136
Trd, 4318759.343, 138
Trd, 4318760.193, 129
Trd, 4318760.443, 129
Trd, 4318762.143, 128
Trd, 4318762.193, 128
Trd, 4318762.543, 104
Trd, 4318762.693, 102
Trd, 4318763.743, 140
Trd, 4318764.993, 137
Trd, 4318765.293, 139
Trd, 4318766.493, 136
Trd, 4318767.443, 138
Trd, 4318767.643, 109
Trd, 4318769.493, 126
Trd, 4318769.643, 140
Trd, 4318769.893, 111
Trd, 4318772.443, 116
Trd, 4318773.393, 128
Trd, 4318774.243, 140
Trd, 4318774.543, 139
Trd, 4318775.693, 134
Trd, 4318776.393, 136
Trd, 4318776.643, 133
Trd, 4318779.143, 132
Trd, 4318779.493, 133
Trd, 4318780.743, 138
Trd, 4318781.743, 137
Trd, 4318782.093, 135
Trd, 4318783.143, 136
Trd, 4318783.743, 124
Trd, 4318785.243, 138
Trd, 4318786.293, 138
Trd, 4318786.593, 106
Trd, 4318787.393, 127
Trd, 4318787.743, 128
Trd, 4318788.993, 140
Trd, 4318789.143, 128
Trd, 4318790.393, 122
Trd, 4318790.543, 78
Trd, 4318791.893, 73
Trd, 4318793.393, 140
Trd, 4318793.493, 139
Trd, 4318793.943, 140
Trd, 4318795.343, 139
Trd, 4318795.993, 119
Trd, 4318797.693, 119
Trd, 4318798.043, 119
Trd, 4318799.443, 140
Trd, 4318799.893, 140
Trd, 4318800.843, 97
Trd, 4318802.093, 102
Trd, 4318803.293, 137
Trd, 4318803.343, 137
Trd, 4318803.693, 101
Trd, 4318805.293, 130
Trd, 4318806.193, 139
Trd, 4318806.393, 140
Trd, 4318806.693, 139
Trd, 4318807.493, 125
Trd, 4318807.593, 101
Trd, 4318809.943, 113
Trd, 4318811.743, 118
Trd, 4318811.893, 117
Trd, 4318812.243, 133
Trd, 4318813.293, 124
Trd, 4318813.893, 139
Trd, 4318814.293, 139
Trd, 4318814.893, 100
Trd, 4318815.543, 102
Trd, 4318817.343, 137
Trd, 4318817.643, 137
Trd, 4318818.043, 118
Trd, 4318819.793, 136
Trd, 4318820.143, 125
Trd, 4318822.043, 140
Trd, 4318822.193, 140
Trd, 4318823.543, 140
Trd, 4318823.793, 139
Trd, 4318824.143, 124
Trd, 4318825.243, 139
Trd, 4318825.643, 119
Trd, 4318826.443, 114
Trd, 4318828.193, 129
Trd, 4318828.593, 111
Trd, 4318831.143, 139
Trd, 4318831.393, 109
Trd, 4318833.243, 140
Trd, 4318833.393, 140
Trd, 4318834.543, 139
Trd, 4318835.543, 123
Trd, 4318836.743, 135
Trd, 4318838.943, 122
Trd, 4318839.293, 138
Trd, 4318839.793, 134
Trd, 4318839.893, 133
Trd, 4318839.943, 133
Trd, 4318840.193, 95
Trd, 4318841.493, 117
Trd, 4318842.093, 140
Trd, 4318842.243, 113
Trd, 4318843.943, 94
Trd, 4318845.593, 137
Trd, 4318845.993, 112
Trd, 4318846.143, 111
Trd, 4318847.043, 104
Trd, 4318847.593, 126
Trd, 4318848.243, 138
Trd, 4318848.293, 103
Trd, 4318849.743, 139
Trd, 4318850.093, 139
Trd, 4318850.843, 106
Trd, 4318852.843, 123
Trd, 4318853.843, 140
Trd, 4318853.943, 140
Trd, 4318856.293, 122
Trd, 4318856.843, 132
Trd, 4318858.243, 140
Trd, 4318858.393, 139
Trd, 4318859.493, 140
Trd, 4318859.593, 140
Trd, 4318860.143, 139
Trd, 4318863.493, 130
Trd, 4318863.593, 129
Trd, 4318864.293, 134
Trd, 4318864.993, 134
Trd, 4318865.693, 133
Trd, 4318865.793, 109
Trd, 4318865.993, 139
Trd, 4318866.643, 105
Trd, 4318868.443, 140
Trd, 4318869.043, 134
Trd, 4318870.893, 102
Trd, 4318871.543, 140
Trd, 4318871.793, 102
Trd, 4318872.143, 111
Trd, 4318873.343, 139
Trd, 4318874.493, 109
Trd, 4318874.893, 111
Trd, 4318875.343, 106
Trd, 4318876.243, 111
Trd, 4318876.543, 107
Trd, 4318876.593, 87
Trd, 4318880.243, 140
Trd, 4318880.393, 139
Trd, 4318880.643, 140
Trd, 4318882.393, 140
Trd, 4318883.443, 139
Trd, 4318884.043, 132
Trd, 4318884.243, 134
Trd, 4318886.193, 128
Trd, 4318888.093, 140
Trd, 4318888.193, 140
Trd, 4318888.443, 139
Trd, 4318889.493, 140
Trd, 4318889.793, 114
Trd, 4318889.843, 98
Trd, 4318889.943, 96
Trd, 4318890.693, 131
Trd, 4318891.643, 60
Trd, 4318893.043, 111
Trd, 4318893.393, 132
Trd, 4318895.193, 140
Trd, 4318896.643, 140
Trd, 4318896.843, 130
Trd, 4318898.143, 116
Trd, 4318898.393, 95
Trd, 4318898.843, 103
Trd, 4318900.393, 140
Trd, 4318902.343, 140
Trd, 4318902.993, 135
Trd, 4318903.993, 135
Trd, 4318904.843, 128
Trd, 4318904.893, 125
Trd, 4318905.243, 127
Trd, 4318906.693, 111
Trd, 4318906.993, 102
Trd, 4318909.643, 140
Trd, 4318910.093, 117
Trd, 4318910.293, 116
Trd, 4318911.743, 140
Trd, 4318912.493, 140
Trd, 4318913.143, 140
Trd, 4318913.243, 139
Trd, 4318913.643, 136
Trd, 4318915.693, 137
Trd, 4318916.093, 115
Trd, 4318916.293, 87
Trd, 4318918.243, 117
Trd, 4318919.143, 140
Trd, 4318919.893, 139
Trd, 4318921.043, 121
Trd, 4318921.143, 121
Trd, 4318922.143, 140
Trd, 4318922.193, 114
Trd, 4318924.043, 136
Trd, 4318924.243, 135
Trd, 4318925.043, 118
Trd, 4318925.893, 139
Trd, 4318926.043, 117
Trd, 4318926.693, 113
Trd, 4318928.093, 84
Trd, 4318928.343, 87
Trd, 4318928.693, 117
Trd, 4318931.943, 110
Trd, 4318932.193, 130
Trd, 4318932.743, 113
Trd, 4318934.143, 102
Trd, 4318934.343, 101
Trd, 4318935.843, 128
Trd, 4318935.943, 96
Trd, 4318936.543, 100
Trd, 4318936.693, 118
Trd, 4318938.643, 132
Trd, 4318938.793, 132
Trd, 4318938.893, 130
Trd, 4318939.143, 132
Trd, 4318940.343, 115
Trd, 4318941.343, 62
Trd, 4318942.093, 71
Trd, 4318942.443, 100
Trd, 4318944.243, 130
Trd, 4318944.443, 129
Trd, 4318945.643, 136
Trd, 4318946.893, 121
Trd, 4318947.043, 118
Trd, 4318947.343, 118
Trd, 4318949.593, 140
Trd, 4318949.843, 139
Trd, 4318950.043, 138
Trd, 4318951.493, 117
Trd, 4318951.643, 124
Trd, 4318952.193, 139
Trd, 4318952.943, 139
Trd, 4318953.093, 113
Trd, 4318953.293, 140
Trd, 4318954.793, 121
Trd, 4318955.893, 140
Trd, 4318956.793, 137
Trd, 4318957.193, 137
Trd, 4318957.393, 134
Trd, 4318957.693, 128
Trd, 4318959.393, 127
Trd, 4318960.043, 125
Trd, 4318960.643, 127
Trd, 4318961.143, 130
Trd, 4318961.493, 128
Trd, 4318962.743, 78
Trd, 4318963.043, 81
Trd, 4318963.493, 80
Trd, 4318963.893, 71
Trd, 4318964.843, 85
Trd, 4318966.443, 68
Trd, 4318966.993, 65
Trd, 4318970.043, 139
Trd, 4318970.243, 135
Trd, 4318970.343, 118
Trd, 4318970.493, 103
Trd, 4318971.843, 111
Trd, 4318972.743, 119
Trd, 4318973.193, 101
Trd, 4318973.493, 109
Trd, 4318973.843, 100
Trd, 4318976.143, 140
Trd, 4318976.793, 140
Trd, 4318977.593, 113
Trd, 4318977.893, 112
Trd, 4318978.593, 136
Trd, 4318979.743, 140
Trd, 4318982.293, 140
Trd, 4318982.343, 138
Trd, 4318982.593, 129
Trd, 4318983.243, 102
Trd, 4318983.643, 93
Trd, 4318985.643, 140
Trd, 4318986.093, 130
Trd, 4318987.093, 117
Trd, 4318988.493, 108
Trd, 4318988.893, 122
Trd, 4318990.943, 127
Trd, 4318991.393, 122
Trd, 4318991.693, 128
Trd, 4318992.543, 110
Trd, 4318993.843, 120
Trd, 4318994.843, 140
Trd, 4318995.293, 112
Trd, 4318995.893, 113
Trd, 4318996.593, 131
Trd, 4318996.943, 140
Trd, 4318998.793, 137
Trd, 4318999.643, 129
Trd, 4319000.993, 140
Trd, 4319001.293, 139
Trd, 4319001.893, 137
Trd, 4319002.193, 136
Trd, 4319003.843, 98
Trd, 4319004.243, 100
Trd, 4319004.893, 136
Trd, 4319005.193, 119
Trd, 4319006.193, 140
Trd, 4319006.893, 125
Trd, 4319006.993, 118
Trd, 4319008.043, 134
Trd, 4319008.593, 125
Trd, 4319009.243, 124
Trd, 4319009.793, 84
Trd, 4319010.793, 89
Trd, 4319012.293, 66
Trd, 4319012.993, 90
Trd, 4319013.793, 120
Trd, 4319013.843, 139
Trd, 4319015.093, 115
Trd, 4319015.493, 114
Trd, 4319017.243, 119
Trd, 4319017.893, 125
Trd, 4319018.143, 110
Trd, 4319019.043, 109
Trd, 4319019.393, 124
Trd, 4319019.443, 129
Trd, 4319020.393, 76
Trd, 4319021.543, 128
Trd, 4319021.593, 127
Trd, 4319023.843, 131
Trd, 4319024.993, 140
Trd, 4319025.143, 139
Trd, 4319025.343, 138
Trd, 4319025.393, 116
Trd, 4319025.693, 135
Trd, 4319025.943, 106
Trd, 4319026.793, 125
Trd, 4319028.243, 107
Trd, 4319028.793, 90
Trd, 4319029.293, 82
Trd, 4319030.593, 135
Trd, 4319031.193, 135
Trd, 4319031.593, 136
Trd, 4319031.943, 134
Trd, 4319033.493, 115
Trd, 4319037.093, 140
Trd, 4319037.293, 140
Trd, 4319038.643, 140
Trd, 4319038.793, 128
Trd, 4319040.593, 140
Trd, 4319041.193, 121
Trd, 4319041.493, 120
Trd, 4319041.643, 110
Trd, 4319042.143, 133
Trd, 4319042.893, 120
Trd, 4319043.543, 134
Trd, 4319043.743, 93
Trd, 4319045.543, 140
Trd, 4319045.643, 140
Trd, 4319047.143, 135
Trd, 4319047.343, 97
Trd, 4319048.043, 64
Trd, 4319048.943, 118
Trd, 4319049.293, 116
Trd, 4319050.893, 91
Trd, 4319053.043, 136
Trd, 4319053.243, 118
Trd, 4319054.843, 132
Trd, 4319055.393, 96
Trd, 4319057.143, 130
Trd, 4319057.793, 139
Trd, 4319057.843, 129
Trd, 4319059.393, 128
Trd, 4319059.943, 113
Trd, 4319060.043, 134
Trd, 4319061.993, 139
Trd, 4319063.193, 126
Trd, 4319063.393, 125
Trd, 4319063.543, 124
Trd, 4319064.993, 126
Trd, 4319065.993, 140
Trd, 4319066.043, 134
Trd, 4319066.443, 101
Trd, 4319068.093, 99
Trd, 4319068.443, 137
Trd, 4319069.343, 129
Trd, 4319071.543, 117
Trd, 4319071.643, 107
Trd, 4319072.143, 107
Trd, 4319073.293, 118
Trd, 4319073.593, 117
Trd, 4319074.343, 140
Trd, 4319075.093, 102
Trd, 4319075.543, 136
Trd, 4319076.643, 83
Trd, 4319077.943, 117
Trd, 4319079.293, 101
Trd, 4319080.093, 140
Trd, 4319080.443, 98
Trd, 4319080.693, 135
Trd, 4319081.093, 98
Trd, 4319083.143, 110
Trd, 4319083.893, 107
Trd, 4319084.343, 116
Trd, 4319085.293, 139
Trd, 4319085.543, 116
Trd, 4319086.193, 115
Trd, 4319087.243, 113
Trd, 4319088.143, 104
Trd, 4319088.243, 140
Trd, 4319089.143, 140
Trd, 4319090.193, 129
Trd, 4319090.293, 119
Trd, 4319090.343, 80
Trd, 4319092.543, 131
Trd, 4319092.593, 112
Trd, 4319093.293, 113
Trd, 4319094.593, 140
Trd, 4319096.143, 110
Trd, 4319097.543, 112
Trd, 4319098.343, 126
Trd, 4319099.743, 101
Trd, 4319101.043, 94
Trd, 4319101.543, 79
Trd, 4319101.593, 105
Trd, 4319101.743, 120
Trd, 4319102.693, 105
Trd, 4319103.443, 106
Trd, 4319105.293, 119
Trd, 4319107.043, 114
Trd, 4319107.993, 136
Trd, 4319108.043, 131
Trd, 4319108.943, 136
Trd, 4319109.193, 111
Trd, 4319109.793, 96
Trd, 4319110.743, 123
Trd, 4319111.643, 110
Trd, 4319111.793, 123
Trd, 4319111.843, 76
Trd, 4319112.893, 137
Trd, 4319113.943, 120
Trd, 4319114.543, 123
Trd, 4319115.743, 131
Trd, 4319115.793, 123
Trd, 4319117.293, 120
Trd, 4319117.993, 140
Trd, 4319119.543, 140
Trd, 4319120.043, 140
Trd, 4319120.493, 139
Trd, 4319121.143, 134
Trd, 4319123.193, 140
Trd, 4319124.093, 140
Trd, 4319124.243, 140
Trd, 4319125.793, 130
Trd, 4319126.243, 132
Trd, 4319127.493, 140
Trd, 4319128.443, 139
Trd, 4319129.543, 136
Trd, 4319129.893, 130
Trd, 4319130.143, 110
Trd, 4319130.793, 115
Trd, 4319132.643, 136
Trd, 4319133.243, 140
Trd, 4319134.593, 138
Trd, 4319134.693, 118
Trd, 4319135.093, 119
Trd, 4319135.743, 138
Trd, 4319136.443, 139
Trd, 4319137.843, 137
Trd, 4319139.343, 117
Trd, 4319140.243, 132
Trd, 4319140.343, 132
Trd, 4319140.593, 107
Trd, 4319140.793, 116
Trd, 4319141.793, 140
Trd, 4319143.543, 115
Trd, 4319143.643, 99
Trd, 4319144.093, 125
Trd, 4319145.293, 121
Trd, 4319145.443, 99
Trd, 4319147.243, 140
Trd, 4319148.743, 124
Trd, 4319148.893, 118
Trd, 4319149.193, 116
Trd, 4319149.593, 113
Trd, 4319151.893, 136
Trd, 4319152.993, 137
Trd, 4319154.343, 139
Trd, 4319154.643, 137
Trd, 4319154.743, 129
Trd, 4319155.443, 118
Trd, 4319155.793, 108
Trd, 4319156.193, 80
Trd, 4319158.093, 64
Trd, 4319159.343, 104
Trd, 4319159.493, 103
Trd, 4319159.893, 112
Trd, 4319161.043, 140
Trd, 4319161.943, 137
Trd, 4319163.093, 132
Trd, 4319163.593, 140
Trd, 4319164.093, 121
Trd, 4319165.043, 120
Trd, 4319165.643, 120
Trd, 4319166.593, 108
Trd, 4319167.393, 140
Trd, 4319168.643, 140
Trd, 4319168.893, 140
Trd, 4319169.043, 126
Trd, 4319169.493, 109
Trd, 4319170.143, 140
Trd, 4319171.043, 118
Trd, 4319172.493, 116
Trd, 4319172.593, 114
Trd, 4319173.343, 140
Trd, 4319173.393, 124
Trd, 4319174.793, 111
Trd, 4319175.643, 137
Trd, 4319176.643, 107
Trd, 4319177.343, 138
Trd, 4319177.693, 103
Trd, 4319178.043, 104
Trd, 4319179.493, 119
Trd, 4319179.693, 115
Trd, 4319180.393, 116
Trd, 4319181.843, 117
Trd, 4319182.193, 96
Trd, 4319182.743, 92
Trd, 4319184.093, 98
Trd, 4319184.443, 91
Trd, 4319186.493, 136
Trd, 4319187.243, 136
Trd, 4319187.693, 124
Trd, 4319187.993, 115
Trd, 4319188.893, 137
Trd, 4319191.193, 135
Trd, 4319191.243, 131
Trd, 4319192.493, 139
Trd, 4319193.043, 102
Trd, 4319195.093, 105
Trd, 4319195.493, 108
Trd, 4319196.093, 127
Trd, 4319196.643, 104
Trd, 4319196.843, 120
Trd, 4319197.093, 81
Trd, 4319199.293, 94
Trd, 4319199.843, 121
Trd, 4319199.893, 120
Trd, 4319200.193, 129
Trd, 4319200.643, 116
Trd, 4319201.643, 139
Trd, 4319202.343, 139
Trd, 4319203.293, 139
Trd, 4319203.593, 139
Trd, 4319203.743, 134
Trd, 4319204.143, 96
Trd, 4319204.643, 125
Trd, 4319206.443, 124
Trd, 4319206.643, 122
Trd, 4319206.693, 91
Trd, 4319208.343, 135
Trd, 4319210.093, 140
Trd, 4319210.243, 140
Trd, 4319210.693, 139
Trd, 4319212.193, 133
Trd, 4319213.243, 125
Trd, 4319213.743, 130
Trd, 4319214.193, 126
Trd, 4319215.643, 140
Trd, 4319215.693, 124
Trd, 4319215.943, 116
Trd, 4319217.593, 138
Trd, 4319219.793, 132
Trd, 4319219.993, 132
Trd, 4319220.143, 132
Trd, 4319220.843, 112
Trd, 4319221.093, 114
Trd, 4319222.393, 127
Trd, 4319222.643, 127
Trd, 4319223.143, 105
Trd, 4319223.243, 99
Trd, 4319223.593, 72
Trd, 4319224.493, 140
Trd, 4319225.593, 128
Trd, 4319228.343, 140
Trd, 4319228.943, 139
Trd, 4319229.293, 140
Trd, 4319229.643, 140
Trd, 4319232.193, 140
Trd, 4319232.243, 140
Trd, 4319232.293, 130
Trd, 4319233.243, 135
Trd, 4319233.343, 134
Trd, 4319234.343, 107
Trd, 4319234.393, 106
Trd, 4319235.293, 134
Trd, 4319237.093, 131
Trd, 4319238.593, 140
Trd, 4319239.143, 137
Trd, 4319239.343, 111
Trd, 4319239.493, 123
Trd, 4319240.743, 119
Trd, 4319242.543, 106
Trd, 4319244.643, 140
Trd, 4319244.943, 96
Trd, 4319245.643, 131
Trd, 4319246.743, 124
Trd, 4319247.543, 109
Trd, 4319247.793, 116
Trd, 4319248.843, 106
Trd, 4319249.193, 105
Trd, 4319250.343, 139
Trd, 4319251.443, 114
Trd, 4319251.493, 110
Trd, 4319252.393, 93
Trd, 4319252.743, 92
Trd, 4319253.243, 119
Trd, 4319255.343, 139
Trd, 4319255.393, 137
Trd, 4319255.843, 123
Trd, 4319256.693, 137
Trd, 4319257.393, 127
Trd, 4319257.443, 127
Trd, 4319258.343, 78
Trd, 4319261.793, 126
Trd, 4319262.293, 136
Trd, 4319262.393, 125
Trd, 4319262.693, 125
Trd, 4319263.543, 121
Trd, 4319265.543, 140
Trd, 4319266.443, 140
Trd, 4319269.043, 140
Trd, 4319269.093, 140
Trd, 4319269.693, 136
Trd, 4319271.793, 140
Trd, 4319271.943, 140
Trd, 4319273.443, 140
Trd, 4319273.743, 137
Trd, 4319273.943, 103
Trd, 4319274.293, 85
Trd, 4319275.743, 140
Trd, 4319276.343, 122
Trd, 4319278.593, 110
Trd, 4319280.143, 113
Trd, 4319280.893, 140
Trd, 4319282.043, 139
Trd, 4319282.193, 136
Trd, 4319282.793, 139
Trd, 4319282.943, 131
Trd, 4319284.243, 121
Trd, 4319284.793, 108
Trd, 4319286.043, 136
Trd, 4319287.093, 137
Trd, 4319287.693, 140
Trd, 4319287.793, 136
Trd, 4319288.343, 132
Trd, 4319289.243, 131
Trd, 4319290.693, 135
Trd, 4319290.743, 134
Trd, 4319291.843, 140
Trd, 4319293.543, 135
Trd, 4319293.793, 134
Trd, 4319294.793, 103
Trd, 4319295.293, 129
Trd, 4319298.193, 140
Trd, 4319299.343, 140
Trd, 4319299.593, 139
Trd, 4319299.993, 107
Trd, 4319300.843, 140
Trd, 4319301.193, 140
Trd, 4319301.343, 139
Trd, 4319301.693, 118
Trd, 4319301.843, 103
Trd, 4319303.793, 123
Trd, 4319304.193, 140
Trd, 4319304.743, 140
Trd, 4319305.493, 137
Trd, 4319305.543, 136
Trd, 4319306.943, 122
Trd, 4319307.593, 104
Trd, 4319309.893, 97
Trd, 4319310.293, 107
Trd, 4319311.343, 86
Trd, 4319312.143, 110
Trd, 4319312.543, 98
Trd, 4319314.093, 118
Trd, 4319314.743, 109
Trd, 4319315.843, 120
Trd, 4319317.143, 140
Trd, 4319317.693, 127
Trd, 4319319.443, 137
Trd, 4319320.693, 125
Trd, 4319320.893, 104
Trd, 4319321.393, 75
Trd, 4319321.693, 125
Trd, 4319322.393, 83
Trd, 4319323.043, 70
Trd, 4319324.543, 136
Trd, 4319325.293, 87
Trd, 4319326.643, 92
Trd, 4319327.193, 133
Trd, 4319327.343, 115
Trd, 4319328.793, 140
Trd, 4319330.393, 138
Trd, 4319331.043, 140
Trd, 4319331.293, 121
Trd, 4319332.093, 133
Trd, 4319333.093, 127
Trd, 4319333.893, 95
Trd, 4319333.993, 94
Trd, 4319335.093, 136
Trd, 4319335.843, 137
Trd, 4319335.943, 136
Trd, 4319336.893, 102
Trd, 4319339.343, 140
Trd, 4319339.393, 139
Trd, 4319339.443, 120
Trd, 4319339.793, 120
Trd, 4319339.993, 108
Trd, 4319340.643, 135
Trd, 4319342.243, 111
Trd, 4319343.093, 130
Trd, 4319343.843, 133
Trd, 4319345.293, 137
Trd, 4319345.443, 121
Trd, 4319347.593, 140
Trd, 4319348.243, 140
Trd, 4319348.943, 139
Trd, 4319349.743, 139
Trd, 4319350.943, 140
Trd, 4319351.793, 136
Trd, 4319351.843, 135
Trd, 4319352.643, 134
Trd, 4319353.293, 123
Trd, 4319355.943, 123
Trd, 4319356.493, 91
Trd, 4319356.593, 135
Trd, 4319356.943, 139
Trd, 4319357.843, 135
Trd, 4319358.343, 126
Trd, 4319358.693, 132
Trd, 4319359.443, 119
Trd, 4319359.793, 119
Trd, 4319362.443, 140
Trd, 4319363.293, 140
Trd, 4319364.443, 140
Trd, 4319366.543, 139
Trd, 4319366.643, 138
Trd, 4319366.793, 134
Trd, 4319366.843, 128
Trd, 4319366.893, 102
Trd, 4319368.993, 62
Trd, 4319370.893, 70
Trd, 4319371.143, 63
Trd, 4319372.843, 138
Trd, 4319372.893, 111
Trd, 4319373.793, 139
Trd, 4319374.693, 100
Trd, 4319375.993, 125
Trd, 4319376.743, 126
Trd, 4319378.593, 138
Trd, 4319379.143, 111
Trd, 4319379.643, 116
Trd, 4319380.493, 106
Trd, 4319380.843, 105
Trd, 4319380.893, 82
Trd, 4319381.743, 116
Trd, 4319382.943, 139
Trd, 4319384.893, 140
Trd, 4319385.443, 131
Trd, 4319386.443, 131
Trd, 4319387.293, 132
Trd, 4319387.643, 130
Trd, 4319387.993, 122
Trd, 4319389.043, 138
Trd, 4319389.443, 86
Trd, 4319389.543, 78
Trd, 4319390.393, 60
Trd, 4319391.943, 135
Trd, 4319393.843, 140
Trd, 4319394.443, 140
Trd, 4319396.193, 140
Trd, 4319396.593, 140
Trd, 4319396.793, 139
Trd, 4319398.693, 127
Trd, 4319399.843, 127
Trd, 4319400.493, 131
Trd, 4319400.543, 131
Trd, 4319400.593, 120
Trd, 4319400.993, 82
Trd, 4319401.543, 94
Trd, 4319401.893, 66
Trd, 4319403.793, 140
Trd, 4319404.293, 140
Trd, 4319405.093, 130
Trd, 4319407.343, 132
Trd, 4319408.843, 83
Trd, 4319409.093, 63
Trd, 4319409.693, 87
Trd, 4319410.043, 87
Trd, 4319410.943, 87
Trd, 4319413.293, 140
Trd, 4319414.093, 138
Trd, 4319414.793, 131
Trd, 4319416.243, 129
Trd, 4319416.293, 129
Trd, 4319416.493, 129
Trd, 4319416.593, 128
Trd, 4319416.943, 124
Trd, 4319418.293, 84
Trd, 4319418.593, 131
Trd, 4319418.743, 80
Trd, 4319419.643, 128
Trd, 4319419.943, 116
Trd, 4319421.843, 128
Trd, 4319422.443, 135
Trd, 4319424.193, 109
Trd, 4319424.543, 120
Trd, 4319424.843, 105
Trd, 4319425.393, 130
Trd, 4319425.643, 97
Trd, 4319427.893, 140
Trd, 4319429.293, 137
Trd, 4319429.943, 138
Trd, 4319430.793, 136
Trd, 4319431.093, 118
Trd, 4319432.393, 140
Trd, 4319432.543, 129
Trd, 4319432.693, 134
Trd, 4319432.943, 134
Trd, 4319435.143, 140
Trd, 4319436.243, 140
Trd, 4319436.893, 139
Trd, 4319437.093, 113
Trd, 4319439.143, 103
Trd, 4319439.293, 135
Trd, 4319439.493, 105
Trd, 4319439.943, 134
Trd, 4319440.043, 83
Trd, 4319440.693, 132
Trd, 4319443.143, 140
Trd, 4319443.243, 140
Trd, 4319444.393, 139
Trd, 4319444.843, 122
Trd, 4319444.943, 118
Trd, 4319445.293, 125
Trd, 4319445.493, 112
Trd, 4319446.793, 126
Trd, 4319447.693, 128
Trd, 4319448.243, 128
Trd, 4319448.743, 139
Trd, 4319449.943, 128
Trd, 4319450.443, 140
Trd, 4319451.043, 133
Trd, 4319452.043, 129
Trd, 4319452.843, 129
Trd, 4319454.393, 138
Trd, 4319454.543, 96
Trd, 4319455.243, 119
Trd, 4319455.543, 132
Trd, 4319455.793, 131
Trd, 4319458.443, 123
Trd, 4319459.243, 140
Trd, 4319460.543, 140
Trd, 4319461.443, 139
Trd, 4319461.743, 109
Trd, 4319462.343, 127
Trd, 4319464.893, 138
Trd, 4319464.993, 138
Trd, 4319465.843, 140
Trd, 4319466.693, 115
Trd, 4319467.193, 102
Trd, 4319469.343, 139
Trd, 4319470.393, 137
Trd, 4319470.493, 134
Trd, 4319470.893, 126
Trd, 4319471.843, 102
Trd, 4319472.543, 140
Trd, 4319473.043, 135
Trd, 4319473.893, 128
Trd, 4319475.393, 133
Trd, 4319476.293, 139
Trd, 4319477.193, 132
Trd, 4319477.943, 133
Trd, 4319478.843, 133
Trd, 4319480.793, 134
Trd, 4319481.293, 129
Trd, 4319481.943, 129
Trd, 4319482.593, 117
Trd, 4319483.243, 119
Trd, 4319484.343, 140
Trd, 4319485.493, 136
Trd, 4319485.543, 136
Trd, 4319486.593, 139
Trd, 4319486.893, 108
Trd, 4319487.843, 115
Trd, 4319488.043, 102
Trd, 4319489.693, 134
Trd, 4319489.993, 134
Trd, 4319490.493, 112
Trd, 4319491.843, 136
Trd, 4319491.893, 113
Trd, 4319493.193, 114
Trd, 4319493.893, 130
Trd, 4319494.793, 140
Trd, 4319494.843, 102
Trd, 4319497.093, 65
Trd, 4319497.543, 63
Trd, 4319498.143, 90
Trd, 4319498.393, 121
Trd, 4319498.843, 61
Trd, 4319500.993, 121
Trd, 4319501.243, 104
Trd, 4319501.993, 122
Trd, 4319503.043, 134
Trd, 4319503.543, 133
Trd, 4319504.893, 133
Trd, 4319504.943, 122
Trd, 4319505.793, 136
Trd, 4319505.843, 115
Trd, 4319507.343, 90
Trd, 4319508.193, 93
Trd, 4319509.293, 137
Trd, 4319509.393, 136
Trd, 4319509.643, 140
Trd, 4319510.943, 135
Trd, 4319512.993, 140
Trd, 4319513.343, 140
Trd, 4319514.843, 138
Trd, 4319515.793, 119
Trd, 4319516.943, 117
Trd, 4319519.143, 136
Trd, 4319519.443, 105
Trd, 4319519.643, 101
Trd, 4319520.343, 120
Trd, 4319521.193, 138
Trd, 4319525.043, 130
Trd, 4319525.243, 130
Trd, 4319525.393, 136
Trd, 4319526.593, 137
Trd, 4319526.893, 136
Trd, 4319527.293, 120
Trd, 4319527.343, 119
Trd, 4319528.293, 129
Trd, 4319528.643, 135
Trd, 4319529.343, 134
Trd, 4319529.393, 109
Trd, 4319530.643, 134
Trd, 4319533.893, 140
Trd, 4319534.343, 139
Trd, 4319534.893, 137
Trd, 4319535.743, 140
Trd, 4319535.793, 140
Trd, 4319536.743, 125
Trd, 4319537.193, 129
Trd, 4319537.943, 116
Trd, 4319538.143, 111
Trd, 4319539.393, 117
Trd, 4319539.643, 90
Trd, 4319540.043, 135
Trd, 4319541.943, 139
Trd, 4319543.743, 122
Trd, 4319544.793, 122
Trd, 4319544.943, 119
Trd, 4319545.893, 133
Trd, 4319547.793, 122
Trd, 4319547.843, 121
Trd, 4319548.243, 138
Trd, 4319550.243, 124
Trd, 4319550.993, 102
Trd, 4319551.393, 104
Trd, 4319551.443, 109
Trd, 4319551.993, 89
Trd, 4319553.443, 123
Trd, 4319555.293, 129
Trd, 4319555.643, 128
Trd, 4319555.993, 120
Trd, 4319556.393, 136
Trd, 4319556.843, 135
Trd, 4319557.293, 99
Trd, 4319557.493, 91
Trd, 4319558.993, 124
Trd, 4319559.443, 116
Trd, 4319560.643, 136
Trd, 4319560.843, 116
Trd, 4319562.393, 124
Trd, 4319562.543, 119
Trd, 4319562.743, 110
Trd, 4319563.043, 86
Trd, 4319563.993, 84
Trd, 4319564.543, 107
Trd, 4319564.843, 137
Trd, 4319565.443, 137
Trd, 4319566.043, 123
Trd, 4319568.143, 126
Trd, 4319568.593, 93
Trd, 4319569.793, 102
Trd, 4319571.493, 140
Trd, 4319571.643, 140
Trd, 4319572.143, 140
Trd, 4319572.543, 139
Trd, 4319572.643, 137
Trd, 4319574.893, 77
Trd, 4319575.993, 83
Trd, 4319577.393, 138
Trd, 4319577.593, 137
Trd, 4319578.093, 138
Trd, 4319578.743, 137
Trd, 4319579.793, 131
Trd, 4319580.543, 100
Trd, 4319581.343, 140
Trd, 4319581.443, 139
Trd, 4319581.893, 103
Trd, 4319582.593, 118
Trd, 4319583.493, 140
Trd, 4319584.243, 140
Trd, 4319584.493, 136
Trd, 4319584.593, 134
Trd, 4319585.793, 103
Trd, 4319586.443, 125
Trd, 4319587.793, 140
Trd, 4319588.593, 113
Trd, 4319589.293, 115
Trd, 4319590.543, 114
Trd, 4319591.143, 120
Trd, 4319592.543, 129
Trd, 4319593.193, 123
Trd, 4319593.343, 103
Trd, 4319593.643, 84
Trd, 4319594.543, 101
Trd, 4319595.343, 131
Trd, 4319596.493, 110
Trd, 4319596.593, 101
Trd, 4319597.143, 139
Trd, 4319597.293, 121
Trd, 4319599.393, 79
Trd, 4319599.543, 75
Trd, 4319601.293, 93
Trd, 4319601.693, 93
Trd, 4319602.243, 107
Trd, 4319604.143, 127
Trd, 4319604.393, 127
Trd, 4319604.593, 126
Trd, 4319605.693, 132
Trd, 4319607.093, 136
Trd, 4319607.543, 140
Trd, 4319607.893, 140
Trd, 4319609.543, 124
Trd, 4319609.693, 117
Trd, 4319611.593, 122
Trd, 4319611.793, 111
Trd, 4319611.993, 77
Trd, 4319612.643, 119
Trd, 4319615.593, 140
Trd, 4319615.693, 140
Trd, 4319617.693, 140
Trd, 4319617.743, 140
Trd, 4319618.743, 140
Trd, 4319619.243, 139
Trd, 4319620.193, 137
Trd, 4319620.893, 139
Trd, 4319621.043, 138
Trd, 4319622.443, 134
Trd, 4319622.893, 134
Trd, 4319623.343, 136
Trd, 4319623.643, 139
Trd, 4319625.243, 136
Trd, 4319625.443, 129
Trd, 4319627.443, 140
Trd, 4319627.693, 140
Trd, 4319629.243, 108
Trd, 4319629.743, 116
Trd, 4319630.943, 119
Trd, 4319632.393, 139
Trd, 4319633.493, 139
Trd, 4319633.793, 139
Trd, 4319635.393, 140
Trd, 4319635.793, 139
Trd, 4319636.743, 140
Trd, 4319638.843, 140
Trd, 4319639.143, 139
Trd, 4319640.043, 108
Trd, 4319640.643, 140
Trd, 4319642.543, 140
Trd, 4319643.343, 140
Trd, 4319643.643, 65
Trd, 4319644.993, 82
Trd, 4319646.393, 125
Trd, 4319647.493, 109
Trd, 4319647.843, 107
Trd, 4319648.093, 106
Trd, 4319648.543, 119
Trd, 4319649.093, 81
Trd, 4319651.243, 140
Trd, 4319651.643, 139
Trd, 4319651.743, 139
Trd, 4319651.793, 128
Trd, 4319652.493, 124
Trd, 4319654.443, 140
Trd, 4319655.043, 132
Trd, 4319655.393, 124
Trd, 4319658.043, 139
Trd, 4319658.643, 140
Trd, 4319659.593, 93
Trd, 4319660.193, 140
Trd, 4319661.543, 114
Trd, 4319661.843, 122
Trd, 4319664.393, 140
Trd, 4319664.643, 140
Trd, 4319664.843, 138
Trd, 4319666.043, 129
Trd, 4319667.593, 140
Trd, 4319668.793, 132
Trd, 4319669.343, 130
Trd, 4319670.493, 118
Trd, 4319670.893, 123
Trd, 4319671.243, 138
Trd, 4319671.893, 137
Trd, 4319672.393, 93
Trd, 4319673.793, 97
Trd, 4319674.743, 94
Trd, 4319675.893, 96
Trd, 4319675.943, 122
Trd, 4319676.293, 102
Trd, 4319678.193, 133
Trd, 4319679.193, 139
Trd, 4319679.493, 121
Trd, 4319680.343, 119
Trd, 4319680.493, 119
Trd, 4319681.993, 140
Trd, 4319683.143, 125
Trd, 4319684.943, 140
Trd, 4319684.993, 139
Trd, 4319685.243, 124
Trd, 4319687.143, 124
Trd, 4319688.743, 138
Trd, 4319689.593, 136
Trd, 4319689.693, 136
Trd, 4319690.143, 119
Trd, 4319690.693, 114
Trd, 4319691.243, 127
Trd, 4319691.393, 104
Trd, 4319692.093, 107
Trd, 4319693.293, 79
Trd, 4319694.693, 130
Trd, 4319695.143, 113
Trd, 4319695.843, 89
Trd, 4319696.343, 97
Trd, 4319697.343, 128
Trd, 4319698.643, 119
Trd, 4319700.243, 130
Trd, 4319700.343, 130
Trd, 4319700.393, 103
Trd, 4319701.193, 108
Trd, 4319701.443, 107
Trd, 4319701.493, 106
Trd, 4319701.993, 98
Trd, 4319702.393, 83
Trd, 4319703.093, 84
Trd, 4319704.743, 130
Trd, 4319705.693, 130
Trd, 4319706.643, 99
Trd, 4319706.993, 134
Trd, 4319708.893, 103
Trd, 4319709.043, 105
Trd, 4319709.843, 131
Trd, 4319710.093, 128
Trd, 4319711.793, 132
Trd, 4319712.343, 131
Trd, 4319712.393, 111
Trd, 4319713.393, 140
Trd, 4319713.543, 112
Trd, 4319713.993, 134
Trd, 4319714.493, 108
Trd, 4319715.143, 139
Trd, 4319716.693, 102
Trd, 4319717.593, 117
Trd, 4319717.893, 116
Trd, 4319718.593, 107
Trd, 4319720.843, 81
Trd, 4319722.493, 137
Trd, 4319723.093, 140
Trd, 4319723.343, 139
Trd, 4319723.643, 106
Trd, 4319724.893, 140
Trd, 4319725.493, 139
Trd, 4319725.943, 140
Trd, 4319726.643, 139
Trd, 4319726.693, 137
Trd, 4319728.293, 140
Trd, 4319728.793, 139
Trd, 4319730.543, 134
Trd, 4319731.243, 137
Trd, 4319732.543, 137
Trd, 4319734.043, 139
Trd, 4319735.093, 138
Trd, 4319735.593, 109
Trd, 4319736.343, 76
Trd, 4319737.543, 110
Trd, 4319738.043, 140
Trd, 4319739.493, 114
Trd, 4319741.243, 128
Trd, 4319742.093, 128
Trd, 4319742.143, 117
Trd, 4319743.893, 138
Trd, 4319745.743, 140
Trd, 4319746.793, 140
Trd, 4319747.343, 140
Trd, 4319747.593, 139
Trd, 4319748.043, 140
Trd, 4319748.543, 135
Trd, 4319749.143, 135
Trd, 4319749.243, 123
Trd, 4319750.443, 132
Trd, 4319750.793, 119
Trd, 4319750.843, 117
Trd, 4319751.593, 64
Trd, 4319752.293, 72
Trd, 4319753.893, 135
Trd, 4319755.743, 136
Trd, 4319756.893, 137
Trd, 4319758.093, 140
Trd, 4319758.243, 139
Trd, 4319758.543, 139
Trd, 4319759.443, 139
Trd, 4319759.493, 138
Trd, 4319762.293, 101
Trd, 4319762.343, 90
Trd, 4319763.143, 63
Trd, 4319763.793, 113
Trd, 4319764.493, 71
Trd, 4319765.393, 99
Trd, 4319766.493, 111
Trd, 4319766.993, 108
Trd, 4319767.243, 107
Trd, 4319767.293, 101
Trd, 4319767.893, 112
Trd, 4319768.643, 122
Trd, 4319768.943, 140
Trd, 4319769.293, 136
Trd, 4319772.643, 126
Trd, 4319772.943, 116
Trd, 4319773.193, 90
Trd, 4319773.243, 88
Trd, 4319774.693, 107
Trd, 4319775.243, 91
Trd, 4319776.043, 89
Trd, 4319777.243, 76
Trd, 4319778.593, 140
Trd, 4319779.043, 140
Trd, 4319779.743, 93
Trd, 4319780.443, 134
Trd, 4319780.643, 140
Trd, 4319780.993, 139
Trd, 4319781.043, 115
Trd, 4319781.893, 111
Trd, 4319783.343, 117
Trd, 4319784.243, 94
Trd, 4319785.293, 113
Trd, 4319785.393, 101
Trd, 4319785.543, 88
Trd, 4319785.793, 112
Trd, 4319786.943, 120
Trd, 4319787.543, 122
Trd, 4319789.943, 81
Trd, 4319790.443, 117
Trd, 4319791.193, 119
Trd, 4319791.543, 97
Trd, 4319793.043, 140
Trd, 4319793.343, 131
Trd, 4319794.293, 95
Trd, 4319795.293, 130
Trd, 4319795.743, 139
Trd, 4319795.793, 117
Trd, 4319796.543, 116
Trd, 4319797.493, 115
Trd, 4319797.943, 140
Trd, 4319799.193, 131
Trd, 4319800.093, 124
Trd, 4319800.493, 136
Trd, 4319801.343, 125
Trd, 4319801.543, 123
Trd, 4319802.093, 119
Trd, 4319802.293, 100
Trd, 4319803.193, 62
Trd, 4319804.493, 89
Trd, 4319805.893, 139
Trd, 4319806.293, 140
Trd, 4319806.843, 139
Trd, 4319807.993, 136
Trd, 4319808.343, 127
Trd, 4319809.543, 139
Trd, 4319810.343, 134
Trd, 4319811.443, 140
Trd, 4319813.293, 140
Trd, 4319813.543, 140
Trd, 4319814.093, 140
Trd, 4319814.793, 139
Trd, 4319815.943, 139
Trd, 4319816.793, 123
Trd, 4319816.843, 121
Trd, 4319818.143, 130
Trd, 4319818.493, 127
Trd, 4319819.393, 140
Trd, 4319819.993, 140
Trd, 4319820.343, 129
Trd, 4319820.793, 138
Trd, 4319822.693, 140
Trd, 4319823.343, 140
Trd, 4319825.793, 130
Trd, 4319826.293, 129
Trd, 4319826.343, 92
Trd, 4319826.693, 137
Trd, 4319828.293, 140
Trd, 4319828.843, 140
Trd, 4319829.443, 140
Trd, 4319830.093, 139
Trd, 4319830.193, 112
Trd, 4319830.443, 111
Trd, 4319832.343, 138
Trd, 4319832.893, 135
Trd, 4319833.443, 134
Trd, 4319833.693, 133
Trd, 4319836.943, 140
Trd, 4319837.943, 140
Trd, 4319838.043, 137
Trd, 4319838.343, 138
Trd, 4319838.643, 118
Trd, 4319839.693, 131
Trd, 4319840.493, 140
Trd, 4319841.293, 140
Trd, 4319844.793, 140
Trd, 4319845.793, 140
Trd, 4319845.843, 139
Trd, 4319845.893, 136
Trd, 4319847.893, 139
Trd, 4319848.893, 140
Trd, 4319849.243, 139
Trd, 4319850.643, 81
Trd, 4319851.093, 135
Trd, 4319851.243, 66
Trd, 4319853.293, 118
Trd, 4319853.443, 99
Trd, 4319855.343, 90
Trd, 4319856.143, 127
Trd, 4319856.643, 140
Trd, 4319856.893, 82
Trd, 4319857.893, 78
Trd, 4319858.593, 128
Trd, 4319860.693, 121
Trd, 4319861.193, 125
Trd, 4319863.343, 123
Trd, 4319864.043, 129
Trd, 4319864.993, 110
Trd, 4319865.543, 139
Trd, 4319866.893, 113
Trd, 4319867.143, 140
Trd, 4319867.593, 138
Trd, 4319869.043, 140
Trd, 4319869.093, 140
Trd, 4319870.093, 140
Trd, 4319870.843, 101
Trd, 4319871.493, 68
Trd, 4319875.093, 129
Trd, 4319875.343, 131
Trd, 4319875.393, 128
Trd, 4319875.943, 112
Trd, 4319876.843, 103
Trd, 4319876.993, 128
Trd, 4319878.043, 98
Trd, 4319878.343, 89
Trd, 4319879.093, 109
Trd, 4319879.393, 79
Trd, 4319881.193, 90
Trd, 4319881.593, 136
Trd, 4319881.893, 88
Trd, 4319882.843, 136
Trd, 4319883.493, 140
Trd, 4319884.043, 137
Trd, 4319884.843, 137
Trd, 4319885.443, 135
Trd, 4319887.243, 110
Trd, 4319887.393, 132
Trd, 4319887.543, 103
Trd, 4319889.693, 137
Trd, 4319889.893, 137
Trd, 4319890.543, 128
Trd, 4319891.793, 108
Trd, 4319892.243, 129
Trd, 4319892.293, 118
Trd, 4319893.343, 103
Trd, 4319893.393, 102
Trd, 4319893.793, 60
Trd, 4319895.093, 95
Trd, 4319896.493, 136
Trd, 4319897.243, 140
Trd, 4319897.443, 140
Trd, 4319898.443, 136
Trd, 4319898.943, 136
Trd, 4319901.043, 127
Trd, 4319901.593, 104
Trd, 4319902.293, 101
Trd, 4319902.793, 77
Trd, 4319902.843, 103
Trd, 4319903.393, 140
Trd, 4319905.093, 122
Trd, 4319905.543, 119
Trd, 4319906.443, 132
Trd, 4319907.293, 140
Trd, 4319907.393, 126
Trd, 4319908.643, 107
Trd, 4319908.793, 81
Trd, 4319909.043, 67
Trd, 4319910.143, 108
Trd, 4319911.993, 140
Trd, 4319912.143, 105
Trd, 4319912.293, 104
Trd, 4319914.543, 139
Trd, 4319915.243, 133
Trd, 4319915.793, 140
Trd, 4319917.593, 136
Trd, 4319918.043, 136
Trd, 4319918.693, 127
Trd, 4319918.793, 121
Trd, 4319919.543, 137
Trd, 4319920.743, 130
Trd, 4319921.193, 139
Trd, 4319924.343, 140
Trd, 4319924.993, 140
Trd, 4319925.093, 112
Trd, 4319925.943, 139
Trd, 4319927.343, 124
Trd, 4319928.643, 134
Trd, 4319929.043, 118
Trd, 4319929.593, 117
Trd, 4319930.393, 117
Trd, 4319930.743, 127
Trd, 4319932.893, 130
Trd, 4319933.793, 130
Trd, 4319934.793, 135
Trd, 4319935.793, 140
Trd, 4319936.643, 120
Trd, 4319937.193, 138
Trd, 4319937.943, 118
Trd, 4319938.043, 79
Trd, 4319939.143, 140
Trd, 4319940.543, 112
Trd, 4319942.043, 124
Trd, 4319943.343, 124
Trd, 4319944.393, 138
Trd, 4319945.893, 140
Trd, 4319946.243, 140
Trd, 4319946.443, 139
Trd, 4319947.993, 140
Trd, 4319948.143, 140
Trd, 4319948.443, 139
Trd, 4319950.543, 140
Trd, 4319950.893, 134
Trd, 4319951.043, 119
Trd, 4319951.143, 118
Trd, 4319951.793, 113
Trd, 4319952.193, 110
Trd, 4319954.793, 133
Trd, 4319954.943, 132
Trd, 4319956.143, 115
Trd, 4319957.643, 129
Trd, 4319959.243, 121
Trd, 4319962.443, 139
Trd, 4319963.343, 137
Trd, 4319963.943, 105
Trd, 4319965.293, 125
Trd, 4319966.293, 119
Trd, 4319966.443, 118
Trd, 4319967.243, 111
Trd, 4319969.543, 123
Trd, 4319970.393, 140
Trd, 4319970.943, 109
Trd, 4319971.843, 140
Trd, 4319972.443, 139
Trd, 4319972.493, 139
Trd, 4319975.293, 140
Trd, 4319975.393, 140
Trd, 4319978.493, 128
Trd, 4319979.043, 135
Trd, 4319979.993, 123
Trd, 4319980.543, 123
Trd, 4319981.093, 127
Trd, 4319982.143, 117
Trd, 4319983.143, 118
Trd, 4319983.393, 127
Trd, 4319984.993, 135
Trd, 4319985.593, 138
Trd, 4319986.593, 137
Trd, 4319986.693, 134
Trd, 4319987.143, 102
Trd, 4319987.943, 139
Trd, 4319988.793, 140
Trd, 4319990.043, 139
Trd, 4319991.343, 140
Trd, 4319992.043, 140
Trd, 4319993.193, 140
Trd, 4319993.293, 140
Trd, 4319993.693, 139
Trd, 4319994.293, 128
Trd, 4319994.943, 118
Trd, 4319995.993, 120
Trd, 4319996.143, 112
Trd, 4319996.343, 102
Trd, 4319998.243, 140
Trd, 4319998.793, 140
Trd, 4319999.093, 139
