Trd, 4318134.343, 135
Trd, 4318134.743, 129
Trd, 4318134.993, 85
Trd, 4318135.143, 83
Trd, 4318136.593, 92
Trd, 4318136.993, 76
Trd, 4318138.443, 113
Trd, 4318139.293, 140
Trd, 4318139.743, 137
Trd, 4318140.493, 94
Trd, 4318140.843, 90
Trd, 4318141.093, 76
Trd, 4318141.793, 99
Trd, 4318141.993, 106
Trd, 4318144.193, 112
Trd, 4318144.493, 140
Trd, 4318144.693, 131
Trd, 4318145.243, 129
Trd, 4318146.243, 61
Trd, 4318147.043, 74
Trd, 4318147.543, 110
Trd, 4318148.393, 93
Trd, 4318148.893, 116
Trd, 4318149.643, 90
Trd, 4318150.793, 82
Trd, 4318151.493, 94
Trd, 4318151.793, 123
Trd, 4318152.043, 107
Trd, 4318153.043, 66
Trd, 4318153.093, 100
Trd, 4318153.593, 91
Trd, 4318153.993, 86
Trd, 4318154.943, 102
Trd, 4318156.243, 127
Trd, 4318157.743, 122
Trd, 4318157.793, 108
Trd, 4318158.043, 103
Trd, 4318158.143, 103
Trd, 4318159.093, 128
Trd, 4318159.843, 64
Trd, 4318161.443, 106
Trd, 4318161.793, 113
Trd, 4318162.193, 101
Trd, 4318162.593, 87
Trd, 4318163.893, 74
Trd, 4318165.993, 60
Trd, 4318166.343, 108
Trd, 4318166.493, 111
Trd, 4318167.143, 108
Trd, 4318167.193, 84
Trd, 4318168.143, 129
Trd, 4318169.043, 97
Trd, 4318169.293, 130
Trd, 4318169.993, 106
Trd, 4318171.643, 62
Trd, 4318171.893, 100
Trd, 4318172.693, 104
Trd, 4318173.993, 117
Trd, 4318174.143, 78
Trd, 4318176.493, 118
Trd, 4318176.643, 111
Trd, 4318176.943, 124
Trd, 4318177.093, 139
Trd, 4318178.193, 130
Trd, 4318179.343, 116
Trd, 4318179.543, 110
Trd, 4318180.243, 112
Trd, 4318180.293, 89
Trd, 4318181.293, 113
Trd, 4318181.443, 107
Trd, 4318181.843, 114
Trd, 4318182.543, 127
Trd, 4318183.343, 139
Trd, 4318183.993, 139
Trd, 4318186.043, 138
Trd, 4318186.093, 131
Trd, 4318186.943, 100
Trd, 4318187.443, 95
Trd, 4318187.843, 79
Trd, 4318188.343, 75
Trd, 4318189.093, 68
Trd, 4318189.793, 120
Trd, 4318191.093, 100
Trd, 4318191.843, 140
Trd, 4318192.193, 66
Trd, 4318192.343, 104
Trd, 4318193.743, 118
Trd, 4318195.293, 128
Trd, 4318195.443, 118
Trd, 4318195.693, 128
Trd, 4318195.943, 103
Trd, 4318196.893, 76
Trd, 4318198.643, 114
Trd, 4318199.443, 105
Trd, 4318199.793, 102
Trd, 4318200.543, 122
Trd, 4318200.743, 102
Trd, 4318201.443, 88
Trd, 4318202.843, 136
Trd, 4318203.243, 136
Trd, 4318203.543, 128
Trd, 4318203.843, 71
Trd, 4318204.743, 134
Trd, 4318206.693, 135
Trd, 4318207.093, 107
Trd, 4318208.743, 128
Trd, 4318209.193, 115
Trd, 4318209.843, 103
Trd, 4318211.043, 113
Trd, 4318211.343, 111
Trd, 4318213.193, 140
Trd, 4318213.743, 136
Trd, 4318216.093, 111
Trd, 4318216.143, 104
Trd, 4318216.243, 134
Trd, 4318216.693, 90
Trd, 4318217.643, 120
Trd, 4318219.143, 104
Trd, 4318219.493, 97
Trd, 4318220.693, 130
Trd, 4318221.043, 95
Trd, 4318222.643, 139
Trd, 4318222.993, 137
Trd, 4318224.543, 110
Trd, 4318225.643, 110
Trd, 4318225.843, 119
Trd, 4318226.743, 99
Trd, 4318227.143, 75
Trd, 4318228.843, 128
Trd, 4318229.093, 132
Trd, 4318230.093, 97
Trd, 4318230.293, 96
Trd, 4318230.443, 88
Trd, 4318230.643, 104
Trd, 4318230.993, 133
Trd, 4318232.993, 95
Trd, 4318233.943, 95
Trd, 4318234.243, 84
Trd, 4318234.643, 104
Trd, 4318235.543, 109
Trd, 4318235.743, 61
Trd, 4318237.793, 124
Trd, 4318238.043, 104
Trd, 4318238.343, 125
Trd, 4318239.493, 124
Trd, 4318239.693, 83
Trd, 4318240.243, 110
Trd, 4318240.643, 75
Trd, 4318240.843, 63
Trd, 4318241.193, 124
Trd, 4318241.443, 76
Trd, 4318242.093, 138
Trd, 4318243.043, 74
Trd, 4318244.593, 104
Trd, 4318245.493, 67
Trd, 4318246.693, 98
Trd, 4318246.743, 95
Trd, 4318246.993, 127
Trd, 4318248.143, 133
Trd, 4318249.293, 112
Trd, 4318250.043, 111
Trd, 4318250.743, 127
Trd, 4318251.293, 103
Trd, 4318251.993, 132
Trd, 4318252.143, 101
Trd, 4318252.543, 90
Trd, 4318254.643, 89
Trd, 4318255.593, 110
Trd, 4318256.293, 140
Trd, 4318256.693, 129
Trd, 4318256.793, 122
Trd, 4318257.743, 139
Trd, 4318258.343, 134
Trd, 4318259.493, 129
Trd, 4318261.643, 122
Trd, 4318262.043, 115
Trd, 4318263.493, 130
Trd, 4318264.143, 126
Trd, 4318264.443, 132
Trd, 4318265.743, 128
Trd, 4318266.143, 108
Trd, 4318266.193, 104
Trd, 4318266.743, 133
Trd, 4318268.193, 116
Trd, 4318268.243, 106
Trd, 4318269.493, 137
Trd, 4318270.593, 79
Trd, 4318270.943, 127
Trd, 4318271.393, 77
Trd, 4318272.593, 109
Trd, 4318272.893, 128
Trd, 4318274.443, 118
Trd, 4318274.893, 133
Trd, 4318275.543, 118
Trd, 4318275.643, 113
Trd, 4318276.293, 99
Trd, 4318277.443, 137
Trd, 4318278.143, 131
Trd, 4318278.593, 130
Trd, 4318278.643, 117
Trd, 4318279.543, 122
Trd, 4318279.993, 113
Trd, 4318281.743, 67
Trd, 4318281.793, 95
Trd, 4318282.543, 115
Trd, 4318283.043, 122
Trd, 4318283.393, 117
Trd, 4318283.843, 128
Trd, 4318284.393, 77
Trd, 4318286.143, 98
Trd, 4318286.593, 94
Trd, 4318287.143, 135
Trd, 4318288.043, 113
Trd, 4318289.143, 121
Trd, 4318289.993, 119
Trd, 4318290.243, 116
Trd, 4318292.643, 137
Trd, 4318292.843, 135
Trd, 4318292.943, 128
Trd, 4318294.443, 133
Trd, 4318296.593, 119
Trd, 4318296.693, 117
Trd, 4318297.093, 112
Trd, 4318298.743, 128
Trd, 4318300.393, 115
Trd, 4318301.293, 130
Trd, 4318301.693, 104
Trd, 4318302.593, 121
Trd, 4318303.643, 133
Trd, 4318304.743, 90
Trd, 4318304.843, 69
Trd, 4318305.293, 63
Trd, 4318305.943, 67
Trd, 4318306.643, 120
Trd, 4318306.993, 115
Trd, 4318307.343, 112
Trd, 4318307.543, 127
Trd, 4318308.143, 95
Trd, 4318308.693, 80
Trd, 4318309.693, 105
Trd, 4318311.443, 100
Trd, 4318311.543, 91
Trd, 4318312.793, 129
Trd, 4318312.943, 130
Trd, 4318313.043, 122
Trd, 4318313.493, 100
Trd, 4318313.793, 129
Trd, 4318314.293, 125
Trd, 4318315.443, 123
Trd, 4318316.143, 100
Trd, 4318316.693, 130
Trd, 4318317.393, 131
Trd, 4318318.543, 131
Trd, 4318318.643, 128
Trd, 4318320.193, 124
Trd, 4318320.293, 118
Trd, 4318320.543, 103
Trd, 4318320.743, 79
Trd, 4318321.493, 113
Trd, 4318322.643, 128
Trd, 4318322.693, 100
Trd, 4318323.893, 110
Trd, 4318325.293, 121
Trd, 4318325.443, 98
Trd, 4318325.843, 73
Trd, 4318326.393, 80
Trd, 4318327.043, 129
Trd, 4318327.543, 103
Trd, 4318328.043, 140
Trd, 4318328.593, 98
Trd, 4318328.993, 81
Trd, 4318329.943, 95
Trd, 4318330.343, 81
Trd, 4318331.493, 128
Trd, 4318331.543, 122
Trd, 4318333.893, 127
Trd, 4318334.193, 99
Trd, 4318334.893, 130
Trd, 4318335.743, 135
Trd, 4318336.143, 109
Trd, 4318336.693, 97
Trd, 4318337.393, 94
Trd, 4318337.993, 106
Trd, 4318338.643, 118
Trd, 4318339.443, 116
Trd, 4318339.793, 87
Trd, 4318339.943, 112
Trd, 4318340.893, 135
Trd, 4318340.993, 127
Trd, 4318341.693, 139
Trd, 4318341.893, 108
Trd, 4318343.093, 123
Trd, 4318343.243, 96
Trd, 4318344.843, 119
Trd, 4318345.593, 100
Trd, 4318345.743, 123
Trd, 4318345.793, 96
Trd, 4318346.843, 111
Trd, 4318347.293, 104
Trd, 4318347.593, 70
Trd, 4318348.293, 87
Trd, 4318350.043, 102
Trd, 4318350.343, 116
Trd, 4318351.843, 129
Trd, 4318352.393, 88
Trd, 4318352.943, 85
Trd, 4318353.493, 106
Trd, 4318353.843, 126
Trd, 4318354.543, 86
Trd, 4318354.993, 82
Trd, 4318355.543, 140
Trd, 4318355.993, 105
Trd, 4318356.743, 119
Trd, 4318357.293, 60
Trd, 4318358.143, 86
Trd, 4318358.643, 93
Trd, 4318359.143, 128
Trd, 4318359.293, 108
Trd, 4318360.293, 94
Trd, 4318360.593, 105
Trd, 4318360.693, 94
Trd, 4318362.843, 118
Trd, 4318363.193, 97
Trd, 4318363.743, 118
Trd, 4318363.893, 133
Trd, 4318364.593, 71
Trd, 4318365.293, 71
Trd, 4318365.793, 131
Trd, 4318366.143, 103
Trd, 4318366.343, 90
Trd, 4318366.543, 124
Trd, 4318367.193, 103
Trd, 4318367.893, 91
Trd, 4318370.693, 115
Trd, 4318371.493, 132
Trd, 4318371.643, 115
Trd, 4318371.943, 111
Trd, 4318373.393, 114
Trd, 4318373.993, 106
Trd, 4318375.093, 100
Trd, 4318375.843, 112
Trd, 4318376.343, 68
Trd, 4318377.043, 124
Trd, 4318379.593, 125
Trd, 4318379.643, 112
Trd, 4318380.043, 90
Trd, 4318381.093, 73
Trd, 4318381.793, 73
Trd, 4318382.943, 120
Trd, 4318383.393, 119
Trd, 4318383.543, 108
Trd, 4318385.293, 113
Trd, 4318385.593, 137
Trd, 4318385.793, 94
Trd, 4318385.893, 89
Trd, 4318386.893, 117
Trd, 4318387.193, 102
Trd, 4318388.543, 120
Trd, 4318388.893, 137
Trd, 4318391.093, 112
Trd, 4318391.293, 105
Trd, 4318391.543, 119
Trd, 4318392.143, 94
Trd, 4318392.393, 92
Trd, 4318393.293, 85
Trd, 4318394.593, 101
Trd, 4318395.043, 70
Trd, 4318395.243, 129
Trd, 4318395.793, 98
Trd, 4318397.743, 129
Trd, 4318398.393, 117
Trd, 4318398.593, 115
Trd, 4318399.043, 119
Trd, 4318399.093, 94
Trd, 4318399.293, 92
Trd, 4318400.143, 116
Trd, 4318401.343, 89
Trd, 4318401.993, 99
Trd, 4318402.043, 69
Trd, 4318402.243, 113
Trd, 4318402.693, 135
Trd, 4318403.743, 112
Trd, 4318404.843, 134
Trd, 4318406.993, 109
Trd, 4318407.993, 80
Trd, 4318408.093, 113
Trd, 4318408.393, 93
Trd, 4318408.743, 83
Trd, 4318408.893, 137
Trd, 4318411.243, 136
Trd, 4318412.093, 135
Trd, 4318412.143, 131
Trd, 4318412.293, 129
Trd, 4318412.343, 120
Trd, 4318413.893, 137
Trd, 4318414.493, 129
Trd, 4318415.443, 111
Trd, 4318415.643, 110
Trd, 4318415.993, 129
Trd, 4318417.793, 120
Trd, 4318418.593, 133
Trd, 4318419.193, 107
Trd, 4318420.543, 109
Trd, 4318420.643, 103
Trd, 4318420.743, 85
Trd, 4318421.543, 108
Trd, 4318422.443, 120
Trd, 4318423.143, 118
Trd, 4318423.293, 138
Trd, 4318425.143, 103
Trd, 4318425.643, 112
Trd, 4318426.643, 122
Trd, 4318427.093, 114
Trd, 4318427.593, 111
Trd, 4318428.043, 135
Trd, 4318428.793, 108
Trd, 4318428.843, 104
Trd, 4318429.393, 119
Trd, 4318429.593, 128
Trd, 4318430.093, 102
Trd, 4318430.293, 134
Trd, 4318431.043, 109
Trd, 4318432.743, 108
Trd, 4318433.043, 95
Trd, 4318433.343, 63
Trd, 4318433.543, 102
Trd, 4318434.643, 112
Trd, 4318435.243, 109
Trd, 4318435.793, 115
Trd, 4318435.893, 95
Trd, 4318436.393, 114
Trd, 4318436.493, 85
Trd, 4318437.493, 126
Trd, 4318439.293, 117
Trd, 4318439.743, 93
Trd, 4318440.443, 115
Trd, 4318441.043, 80
Trd, 4318441.343, 79
Trd, 4318441.643, 122
Trd, 4318441.943, 130
Trd, 4318442.993, 120
Trd, 4318443.293, 114
Trd, 4318444.693, 98
Trd, 4318444.943, 96
Trd, 4318445.393, 76
Trd, 4318448.393, 116
Trd, 4318448.693, 139
Trd, 4318448.893, 111
Trd, 4318448.943, 105
Trd, 4318450.543, 138
Trd, 4318450.743, 130
Trd, 4318451.443, 138
Trd, 4318452.493, 113
Trd, 4318452.993, 135
Trd, 4318453.193, 138
Trd, 4318453.893, 133
Trd, 4318454.693, 120
Trd, 4318454.743, 118
Trd, 4318454.843, 111
Trd, 4318456.193, 138
Trd, 4318456.493, 102
Trd, 4318458.193, 87
Trd, 4318458.893, 91
Trd, 4318459.143, 116
Trd, 4318461.093, 130
Trd, 4318461.593, 133
Trd, 4318461.643, 108
Trd, 4318461.743, 103
Trd, 4318463.743, 105
Trd, 4318464.793, 109
Trd, 4318465.593, 120
Trd, 4318466.093, 97
Trd, 4318466.643, 113
Trd, 4318467.243, 95
Trd, 4318467.943, 61
Trd, 4318468.093, 71
Trd, 4318469.043, 87
Trd, 4318470.943, 95
Trd, 4318470.993, 66
Trd, 4318471.393, 94
Trd, 4318472.343, 103
Trd, 4318472.793, 127
Trd, 4318473.493, 121
Trd, 4318474.293, 86
Trd, 4318474.393, 80
Trd, 4318474.893, 68
Trd, 4318475.193, 87
Trd, 4318476.543, 112
Trd, 4318476.593, 103
Trd, 4318476.943, 83
Trd, 4318477.493, 66
Trd, 4318478.543, 125
Trd, 4318479.743, 116
Trd, 4318479.993, 111
Trd, 4318481.543, 74
Trd, 4318482.093, 89
Trd, 4318483.443, 132
Trd, 4318483.493, 94
Trd, 4318484.593, 126
Trd, 4318485.043, 108
Trd, 4318485.493, 74
Trd, 4318486.443, 115
Trd, 4318487.943, 137
Trd, 4318488.643, 125
Trd, 4318489.743, 118
Trd, 4318490.643, 125
Trd, 4318491.343, 106
Trd, 4318491.393, 104
Trd, 4318493.093, 126
Trd, 4318493.693, 115
Trd, 4318493.943, 82
Trd, 4318494.843, 109
Trd, 4318495.193, 80
Trd, 4318495.243, 123
Trd, 4318495.793, 73
Trd, 4318496.543, 68
Trd, 4318497.943, 83
Trd, 4318498.343, 85
Trd, 4318499.443, 109
Trd, 4318499.493, 102
Trd, 4318499.793, 94
Trd, 4318500.093, 111
Trd, 4318500.843, 68
Trd, 4318502.493, 68
Trd, 4318504.293, 132
Trd, 4318504.493, 129
Trd, 4318505.593, 119
Trd, 4318506.543, 127
Trd, 4318507.043, 123
Trd, 4318507.093, 86
Trd, 4318508.043, 122
Trd, 4318508.393, 130
Trd, 4318509.243, 118
Trd, 4318509.843, 100
Trd, 4318510.493, 109
Trd, 4318511.343, 107
Trd, 4318511.593, 114
Trd, 4318513.343, 130
Trd, 4318514.043, 122
Trd, 4318515.193, 117
Trd, 4318515.343, 113
Trd, 4318515.593, 107
Trd, 4318517.393, 92
Trd, 4318517.643, 92
Trd, 4318518.043, 94
Trd, 4318518.843, 82
Trd, 4318518.893, 75
Trd, 4318519.693, 62
Trd, 4318520.143, 67
Trd, 4318522.743, 139
Trd, 4318523.343, 116
Trd, 4318525.143, 127
Trd, 4318525.343, 130
Trd, 4318526.243, 97
Trd, 4318526.993, 88
Trd, 4318527.143, 83
Trd, 4318528.693, 120
Trd, 4318530.043, 126
Trd, 4318530.093, 119
Trd, 4318530.593, 130
Trd, 4318530.943, 76
Trd, 4318531.043, 113
Trd, 4318531.493, 62
Trd, 4318531.693, 87
Trd, 4318532.993, 76
Trd, 4318533.793, 133
Trd, 4318533.893, 110
Trd, 4318534.493, 75
Trd, 4318535.743, 80
Trd, 4318537.343, 118
Trd, 4318537.493, 109
Trd, 4318537.943, 95
Trd, 4318538.493, 131
Trd, 4318539.293, 109
Trd, 4318539.893, 121
Trd, 4318540.093, 114
Trd, 4318540.243, 73
Trd, 4318541.443, 129
Trd, 4318542.343, 112
Trd, 4318543.343, 132
Trd, 4318544.243, 108
Trd, 4318545.143, 117
Trd, 4318545.593, 115
Trd, 4318550.393, 124
Trd, 4318550.593, 120
Trd, 4318550.643, 113
Trd, 4318550.943, 127
Trd, 4318551.443, 125
Trd, 4318551.843, 127
Trd, 4318552.143, 121
Trd, 4318552.343, 138
Trd, 4318554.493, 140
Trd, 4318555.043, 107
Trd, 4318555.693, 114
Trd, 4318556.493, 133
Trd, 4318557.093, 109
Trd, 4318557.993, 65
Trd, 4318559.543, 127
Trd, 4318559.693, 121
Trd, 4318560.143, 110
Trd, 4318561.043, 96
Trd, 4318561.743, 112
Trd, 4318563.543, 106
Trd, 4318563.593, 102
Trd, 4318563.643, 109
Trd, 4318565.193, 123
Trd, 4318565.393, 116
Trd, 4318567.343, 132
Trd, 4318567.643, 127
Trd, 4318567.943, 134
Trd, 4318568.743, 137
Trd, 4318569.043, 126
Trd, 4318570.043, 94
Trd, 4318570.443, 92
Trd, 4318570.693, 136
Trd, 4318571.293, 70
Trd, 4318571.693, 120
Trd, 4318573.093, 77
Trd, 4318574.243, 117
Trd, 4318574.643, 100
Trd, 4318575.893, 72
Trd, 4318576.693, 121
Trd, 4318577.343, 125
Trd, 4318577.443, 104
Trd, 4318577.593, 87
Trd, 4318578.193, 81
Trd, 4318579.143, 135
Trd, 4318579.893, 94
Trd, 4318580.443, 136
Trd, 4318580.693, 139
Trd, 4318582.393, 115
Trd, 4318582.643, 111
Trd, 4318583.843, 138
Trd, 4318584.743, 94
Trd, 4318587.043, 119
Trd, 4318587.593, 112
Trd, 4318587.643, 104
Trd, 4318588.243, 110
Trd, 4318588.993, 98
Trd, 4318589.343, 120
Trd, 4318589.943, 88
Trd, 4318590.493, 114
Trd, 4318590.693, 104
Trd, 4318591.893, 135
Trd, 4318592.643, 100
Trd, 4318594.943, 135
Trd, 4318595.243, 125
Trd, 4318595.543, 122
Trd, 4318595.593, 102
Trd, 4318597.293, 123
Trd, 4318597.493, 86
Trd, 4318597.643, 129
Trd, 4318598.443, 108
Trd, 4318600.293, 115
Trd, 4318600.543, 112
Trd, 4318601.293, 98
Trd, 4318602.143, 128
Trd, 4318602.643, 122
Trd, 4318602.793, 129
Trd, 4318603.443, 137
Trd, 4318604.293, 81
Trd, 4318605.493, 91
Trd, 4318606.943, 76
Trd, 4318607.543, 90
Trd, 4318607.943, 113
Trd, 4318608.393, 86
Trd, 4318608.743, 86
Trd, 4318609.493, 132
Trd, 4318609.943, 83
Trd, 4318611.443, 139
Trd, 4318611.993, 99
Trd, 4318612.093, 93
Trd, 4318612.343, 86
Trd, 4318612.543, 111
Trd, 4318613.293, 123
Trd, 4318614.643, 66
Trd, 4318615.093, 69
Trd, 4318615.593, 93
Trd, 4318616.393, 113
Trd, 4318617.493, 117
Trd, 4318617.643, 71
Trd, 4318618.093, 115
Trd, 4318620.443, 125
Trd, 4318620.493, 104
Trd, 4318621.643, 105
Trd, 4318622.293, 94
Trd, 4318622.393, 79
Trd, 4318623.043, 60
Trd, 4318623.293, 97
Trd, 4318623.543, 135
Trd, 4318624.143, 126
Trd, 4318625.193, 62
Trd, 4318627.143, 75
Trd, 4318627.293, 108
Trd, 4318627.443, 91
Trd, 4318628.993, 90
Trd, 4318629.193, 121
Trd, 4318629.493, 89
Trd, 4318630.043, 99
Trd, 4318630.293, 65
Trd, 4318630.893, 88
Trd, 4318631.543, 106
Trd, 4318631.743, 87
Trd, 4318632.943, 84
Trd, 4318633.593, 67
Trd, 4318634.893, 76
Trd, 4318635.793, 115
Trd, 4318635.993, 113
Trd, 4318637.543, 118
Trd, 4318638.993, 98
Trd, 4318639.243, 101
Trd, 4318639.393, 123
Trd, 4318639.593, 100
Trd, 4318640.293, 112
Trd, 4318640.493, 109
Trd, 4318642.193, 83
Trd, 4318642.243, 134
Trd, 4318643.143, 83
Trd, 4318643.643, 135
Trd, 4318645.693, 118
Trd, 4318645.793, 112
Trd, 4318646.593, 123
Trd, 4318647.493, 88
Trd, 4318647.843, 131
Trd, 4318649.093, 118
Trd, 4318649.493, 121
Trd, 4318649.843, 126
Trd, 4318650.343, 111
Trd, 4318650.743, 74
Trd, 4318651.043, 128
Trd, 4318651.893, 135
Trd, 4318652.043, 66
Trd, 4318653.543, 120
Trd, 4318654.493, 137
Trd, 4318654.593, 129
Trd, 4318654.893, 129
Trd, 4318655.543, 124
Trd, 4318656.793, 140
Trd, 4318657.393, 139
Trd, 4318657.643, 127
Trd, 4318657.893, 126
Trd, 4318658.593, 107
Trd, 4318659.143, 133
Trd, 4318659.993, 107
Trd, 4318660.043, 101
Trd, 4318661.193, 118
Trd, 4318661.443, 79
Trd, 4318661.543, 90
Trd, 4318662.443, 113
Trd, 4318663.493, 67
Trd, 4318664.093, 85
Trd, 4318665.843, 137
Trd, 4318666.043, 131
Trd, 4318666.193, 109
Trd, 4318666.593, 115
Trd, 4318667.393, 135
Trd, 4318667.443, 114
Trd, 4318667.643, 108
Trd, 4318670.193, 94
Trd, 4318670.443, 125
Trd, 4318671.443, 124
Trd, 4318671.643, 126
Trd, 4318672.943, 91
Trd, 4318674.393, 120
Trd, 4318674.543, 98
Trd, 4318674.643, 94
Trd, 4318674.793, 79
Trd, 4318675.343, 82
Trd, 4318676.593, 129
Trd, 4318677.093, 110
Trd, 4318677.343, 109
Trd, 4318677.693, 111
Trd, 4318678.093, 106
Trd, 4318679.293, 110
Trd, 4318679.843, 90
Trd, 4318681.643, 133
Trd, 4318682.243, 137
Trd, 4318682.843, 98
Trd, 4318682.893, 97
Trd, 4318683.243, 93
Trd, 4318683.443, 88
Trd, 4318684.393, 97
Trd, 4318687.293, 132
Trd, 4318688.143, 140
Trd, 4318688.993, 111
Trd, 4318690.243, 135
Trd, 4318691.393, 123
Trd, 4318692.143, 136
Trd, 4318692.443, 107
Trd, 4318694.693, 122
Trd, 4318694.893, 123
Trd, 4318695.243, 132
Trd, 4318695.593, 116
Trd, 4318695.643, 112
Trd, 4318697.093, 106
Trd, 4318697.293, 122
Trd, 4318699.243, 88
Trd, 4318699.293, 85
Trd, 4318699.393, 132
Trd, 4318700.143, 133
Trd, 4318701.243, 76
Trd, 4318701.893, 140
Trd, 4318702.993, 128
Trd, 4318703.143, 126
Trd, 4318703.393, 125
Trd, 4318703.443, 108
Trd, 4318703.493, 84
Trd, 4318703.643, 123
Trd, 4318705.243, 95
Trd, 4318705.943, 109
Trd, 4318706.343, 121
Trd, 4318706.443, 60
Trd, 4318707.943, 136
Trd, 4318708.193, 136
Trd, 4318708.343, 126
Trd, 4318708.843, 112
Trd, 4318709.343, 102
Trd, 4318710.043, 133
Trd, 4318710.543, 115
Trd, 4318710.693, 121
Trd, 4318711.593, 103
Trd, 4318713.343, 132
Trd, 4318713.643, 121
Trd, 4318714.943, 119
Trd, 4318716.293, 126
Trd, 4318716.443, 104
Trd, 4318716.793, 133
Trd, 4318717.093, 129
Trd, 4318717.593, 116
Trd, 4318718.993, 120
Trd, 4318720.143, 130
Trd, 4318721.243, 139
Trd, 4318721.693, 115
Trd, 4318722.793, 119
Trd, 4318723.343, 105
Trd, 4318723.393, 104
Trd, 4318724.293, 124
Trd, 4318724.343, 102
Trd, 4318724.693, 100
Trd, 4318725.793, 133
Trd, 4318726.043, 126
Trd, 4318726.143, 133
Trd, 4318726.743, 100
Trd, 4318726.993, 109
Trd, 4318727.843, 60
Trd, 4318729.293, 124
Trd, 4318729.393, 111
Trd, 4318730.793, 113
Trd, 4318731.393, 121
Trd, 4318732.043, 114
Trd, 4318732.643, 106
Trd, 4318732.843, 72
Trd, 4318733.643, 100
Trd, 4318733.793, 100
Trd, 4318734.243, 117
Trd, 4318735.543, 133
Trd, 4318735.643, 120
Trd, 4318736.193, 110
Trd, 4318736.493, 123
Trd, 4318736.693, 123
Trd, 4318737.093, 127
Trd, 4318737.793, 89
Trd, 4318737.843, 88
Trd, 4318737.943, 98
Trd, 4318740.843, 125
Trd, 4318742.043, 132
Trd, 4318742.643, 118
Trd, 4318743.193, 114
Trd, 4318743.293, 111
Trd, 4318744.193, 116
Trd, 4318745.093, 123
Trd, 4318745.793, 113
Trd, 4318745.993, 89
Trd, 4318747.593, 130
Trd, 4318749.243, 122
Trd, 4318749.743, 135
Trd, 4318750.293, 121
Trd, 4318750.393, 109
Trd, 4318751.243, 99
Trd, 4318751.443, 100
Trd, 4318752.193, 100
Trd, 4318753.693, 133
Trd, 4318754.043, 132
Trd, 4318754.593, 115
Trd, 4318755.093, 129
Trd, 4318755.543, 94
Trd, 4318756.293, 133
Trd, 4318756.693, 123
Trd, 4318757.393, 95
Trd, 4318758.243, 138
Trd, 4318759.443, 123
Trd, 4318760.393, 108
Trd, 4318760.493, 106
Trd, 4318760.893, 102
Trd, 4318761.693, 109
Trd, 4318762.293, 99
Trd, 4318763.693, 115
Trd, 4318764.593, 104
Trd, 4318764.693, 93
Trd, 4318764.743, 73
Trd, 4318765.143, 120
Trd, 4318765.593, 90
Trd, 4318766.993, 124
Trd, 4318767.543, 93
Trd, 4318768.593, 130
Trd, 4318768.643, 128
Trd, 4318769.393, 123
Trd, 4318769.743, 100
Trd, 4318770.243, 96
Trd, 4318770.643, 75
Trd, 4318771.193, 128
Trd, 4318771.593, 93
Trd, 4318773.093, 129
Trd, 4318773.693, 67
Trd, 4318774.293, 133
Trd, 4318774.393, 127
Trd, 4318775.993, 133
Trd, 4318776.193, 130
Trd, 4318777.593, 110
Trd, 4318777.993, 92
Trd, 4318778.693, 113
Trd, 4318779.193, 126
Trd, 4318779.693, 89
Trd, 4318780.393, 113
Trd, 4318781.293, 128
Trd, 4318783.393, 110
Trd, 4318783.643, 96
Trd, 4318784.243, 78
Trd, 4318784.893, 123
Trd, 4318785.843, 124
Trd, 4318786.593, 116
Trd, 4318787.343, 118
Trd, 4318787.843, 117
Trd, 4318788.793, 134
Trd, 4318789.093, 125
Trd, 4318790.443, 140
Trd, 4318792.343, 137
Trd, 4318792.393, 129
Trd, 4318792.593, 124
Trd, 4318793.593, 130
Trd, 4318793.793, 110
Trd, 4318794.743, 108
Trd, 4318795.093, 122
Trd, 4318795.943, 103
Trd, 4318796.193, 126
Trd, 4318798.493, 127
Trd, 4318798.543, 122
Trd, 4318799.643, 97
Trd, 4318799.893, 109
Trd, 4318800.293, 88
Trd, 4318801.043, 131
Trd, 4318801.093, 101
Trd, 4318801.493, 81
Trd, 4318801.893, 126
Trd, 4318802.193, 97
Trd, 4318804.993, 118
Trd, 4318805.093, 87
Trd, 4318805.443, 115
Trd, 4318806.493, 137
Trd, 4318806.693, 129
Trd, 4318806.793, 123
Trd, 4318806.993, 93
Trd, 4318808.243, 131
Trd, 4318809.693, 131
Trd, 4318809.993, 112
Trd, 4318810.143, 92
Trd, 4318810.643, 67
Trd, 4318811.393, 97
Trd, 4318812.743, 130
Trd, 4318812.843, 123
Trd, 4318813.743, 116
Trd, 4318813.943, 90
Trd, 4318815.593, 119
Trd, 4318815.793, 114
Trd, 4318816.043, 112
Trd, 4318817.643, 139
Trd, 4318818.793, 114
Trd, 4318821.293, 139
Trd, 4318821.843, 118
Trd, 4318822.343, 96
Trd, 4318822.643, 135
Trd, 4318823.843, 130
Trd, 4318824.543, 127
Trd, 4318824.843, 125
Trd, 4318825.793, 110
Trd, 4318827.443, 130
Trd, 4318827.693, 130
Trd, 4318827.893, 126
Trd, 4318829.043, 138
Trd, 4318829.343, 123
Trd, 4318830.243, 104
Trd, 4318830.793, 123
Trd, 4318831.743, 139
Trd, 4318832.893, 137
Trd, 4318833.493, 105
Trd, 4318833.643, 93
Trd, 4318834.893, 90
Trd, 4318835.443, 81
Trd, 4318835.643, 91
Trd, 4318836.043, 125
Trd, 4318836.943, 109
Trd, 4318837.043, 122
Trd, 4318837.593, 104
Trd, 4318837.743, 98
Trd, 4318840.193, 136
Trd, 4318841.643, 140
Trd, 4318841.943, 127
Trd, 4318842.843, 108
Trd, 4318843.493, 101
Trd, 4318843.643, 88
Trd, 4318844.243, 115
Trd, 4318844.743, 112
Trd, 4318845.593, 88
Trd, 4318846.343, 88
Trd, 4318847.243, 104
Trd, 4318847.343, 130
Trd, 4318847.443, 93
Trd, 4318848.593, 138
Trd, 4318849.893, 88
Trd, 4318849.993, 68
Trd, 4318850.143, 92
Trd, 4318850.493, 106
Trd, 4318852.093, 61
Trd, 4318852.343, 69
Trd, 4318853.793, 93
Trd, 4318854.493, 105
Trd, 4318854.843, 132
Trd, 4318856.643, 132
Trd, 4318857.293, 127
Trd, 4318857.393, 125
Trd, 4318858.493, 128
Trd, 4318858.743, 129
Trd, 4318858.993, 118
Trd, 4318860.093, 112
Trd, 4318860.193, 111
Trd, 4318860.793, 118
Trd, 4318861.193, 134
Trd, 4318861.293, 115
Trd, 4318861.893, 90
Trd, 4318862.843, 84
Trd, 4318863.443, 63
Trd, 4318864.193, 68
Trd, 4318864.493, 78
Trd, 4318866.293, 107
Trd, 4318867.543, 122
Trd, 4318868.193, 139
Trd, 4318868.243, 110
Trd, 4318868.543, 105
Trd, 4318868.843, 90
Trd, 4318870.343, 107
Trd, 4318870.893, 92
Trd, 4318871.043, 87
Trd, 4318871.493, 102
Trd, 4318872.793, 64
Trd, 4318873.843, 91
Trd, 4318875.043, 131
Trd, 4318875.543, 126
Trd, 4318876.693, 110
Trd, 4318876.893, 92
Trd, 4318878.593, 125
Trd, 4318879.643, 128
Trd, 4318880.043, 89
Trd, 4318881.093, 90
Trd, 4318881.343, 127
Trd, 4318881.743, 131
Trd, 4318882.393, 138
Trd, 4318883.593, 108
Trd, 4318884.243, 133
Trd, 4318884.643, 98
Trd, 4318886.343, 112
Trd, 4318886.743, 112
Trd, 4318887.243, 128
Trd, 4318888.343, 118
Trd, 4318888.693, 129
Trd, 4318888.893, 113
Trd, 4318889.143, 103
Trd, 4318889.793, 68
Trd, 4318889.993, 86
Trd, 4318890.343, 86
Trd, 4318890.643, 120
Trd, 4318891.293, 123
Trd, 4318892.243, 112
Trd, 4318893.443, 127
Trd, 4318894.193, 107
Trd, 4318895.093, 107
Trd, 4318895.843, 128
Trd, 4318896.743, 136
Trd, 4318897.193, 117
Trd, 4318898.793, 60
Trd, 4318898.843, 63
Trd, 4318899.893, 64
Trd, 4318900.393, 61
Trd, 4318901.043, 64
Trd, 4318903.393, 139
Trd, 4318903.693, 139
Trd, 4318904.243, 122
Trd, 4318905.143, 118
Trd, 4318906.143, 107
Trd, 4318906.343, 88
Trd, 4318907.293, 126
Trd, 4318907.643, 103
Trd, 4318908.343, 130
Trd, 4318908.943, 111
Trd, 4318911.043, 138
Trd, 4318911.893, 128
Trd, 4318911.943, 125
Trd, 4318912.293, 119
Trd, 4318912.693, 133
Trd, 4318913.643, 134
Trd, 4318915.243, 113
Trd, 4318916.893, 130
Trd, 4318917.193, 130
Trd, 4318917.293, 123
Trd, 4318917.543, 116
Trd, 4318918.143, 107
Trd, 4318918.743, 137
Trd, 4318920.043, 137
Trd, 4318920.543, 106
Trd, 4318921.293, 118
Trd, 4318921.993, 126
Trd, 4318922.743, 116
Trd, 4318922.893, 94
Trd, 4318923.943, 93
Trd, 4318924.543, 65
Trd, 4318924.593, 83
Trd, 4318926.543, 94
Trd, 4318926.793, 84
Trd, 4318927.193, 109
Trd, 4318928.193, 121
Trd, 4318928.293, 133
Trd, 4318928.343, 111
Trd, 4318929.543, 103
Trd, 4318929.943, 91
Trd, 4318930.293, 72
Trd, 4318931.493, 109
Trd, 4318932.993, 101
Trd, 4318933.643, 126
Trd, 4318933.843, 89
Trd, 4318934.993, 95
Trd, 4318935.393, 94
Trd, 4318935.693, 84
Trd, 4318936.043, 64
Trd, 4318936.793, 105
Trd, 4318936.943, 108
Trd, 4318938.343, 101
Trd, 4318939.193, 109
Trd, 4318940.643, 134
Trd, 4318941.443, 126
Trd, 4318942.443, 110
Trd, 4318942.593, 137
Trd, 4318942.943, 88
Trd, 4318943.343, 103
Trd, 4318944.793, 91
Trd, 4318945.343, 87
Trd, 4318946.743, 88
Trd, 4318946.893, 68
Trd, 4318947.143, 135
Trd, 4318947.993, 107
Trd, 4318948.843, 109
Trd, 4318948.943, 116
Trd, 4318949.443, 122
Trd, 4318950.293, 102
Trd, 4318950.643, 117
Trd, 4318951.043, 117
Trd, 4318952.043, 82
Trd, 4318953.543, 63
Trd, 4318953.643, 85
Trd, 4318954.543, 133
Trd, 4318954.693, 74
Trd, 4318955.643, 105
Trd, 4318956.193, 93
Trd, 4318956.943, 95
Trd, 4318957.093, 76
Trd, 4318957.943, 124
Trd, 4318958.643, 99
Trd, 4318958.693, 87
Trd, 4318959.893, 135
Trd, 4318962.393, 135
Trd, 4318962.743, 123
Trd, 4318962.793, 122
Trd, 4318963.193, 88
Trd, 4318963.393, 109
Trd, 4318963.493, 110
Trd, 4318965.543, 111
Trd, 4318966.793, 115
Trd, 4318967.643, 94
Trd, 4318968.693, 131
Trd, 4318969.093, 124
Trd, 4318970.093, 92
Trd, 4318970.193, 83
Trd, 4318970.793, 127
Trd, 4318971.293, 132
Trd, 4318971.543, 123
Trd, 4318972.843, 126
Trd, 4318972.943, 96
Trd, 4318973.193, 92
Trd, 4318974.843, 139
Trd, 4318975.143, 110
Trd, 4318976.143, 95
Trd, 4318976.693, 60
Trd, 4318977.043, 81
Trd, 4318977.743, 72
Trd, 4318979.343, 72
Trd, 4318979.593, 70
Trd, 4318980.043, 75
Trd, 4318981.043, 88
Trd, 4318981.143, 97
Trd, 4318981.993, 65
Trd, 4318982.943, 78
Trd, 4318983.193, 80
Trd, 4318983.693, 86
Trd, 4318983.993, 105
Trd, 4318984.743, 62
Trd, 4318985.793, 95
Trd, 4318987.543, 79
Trd, 4318987.693, 108
Trd, 4318988.743, 110
Trd, 4318989.143, 140
Trd, 4318990.043, 131
Trd, 4318990.343, 119
Trd, 4318990.793, 112
Trd, 4318991.343, 139
Trd, 4318993.343, 115
Trd, 4318993.993, 102
Trd, 4318994.143, 90
Trd, 4318994.443, 106
Trd, 4318994.843, 91
Trd, 4318995.443, 102
Trd, 4318996.893, 100
Trd, 4318997.093, 114
Trd, 4318997.443, 86
Trd, 4318998.243, 113
Trd, 4318998.743, 85
Trd, 4318999.143, 103
Trd, 4319000.143, 129
Trd, 4319000.693, 125
Trd, 4319000.793, 105
Trd, 4319001.193, 128
Trd, 4319002.093, 117
Trd, 4319002.143, 117
Trd, 4319002.243, 68
Trd, 4319003.793, 102
Trd, 4319004.443, 94
Trd, 4319005.193, 100
Trd, 4319005.593, 92
Trd, 4319006.393, 89
Trd, 4319006.593, 80
Trd, 4319007.343, 119
Trd, 4319009.993, 117
Trd, 4319010.693, 127
Trd, 4319011.443, 122
Trd, 4319011.693, 125
Trd, 4319012.843, 110
Trd, 4319012.993, 99
Trd, 4319013.943, 115
Trd, 4319013.993, 110
Trd, 4319014.693, 87
Trd, 4319015.243, 84
Trd, 4319016.793, 113
Trd, 4319017.093, 110
Trd, 4319017.393, 120
Trd, 4319018.243, 129
Trd, 4319018.593, 81
Trd, 4319018.793, 137
Trd, 4319019.593, 97
Trd, 4319019.993, 72
Trd, 4319020.443, 60
Trd, 4319021.343, 61
Trd, 4319022.043, 108
Trd, 4319023.243, 86
Trd, 4319023.343, 95
Trd, 4319023.643, 125
Trd, 4319024.443, 131
Trd, 4319024.843, 131
Trd, 4319024.993, 128
Trd, 4319025.343, 114
Trd, 4319025.993, 125
Trd, 4319027.243, 90
Trd, 4319027.743, 83
Trd, 4319029.293, 90
Trd, 4319030.293, 62
Trd, 4319030.643, 94
Trd, 4319032.293, 137
Trd, 4319032.493, 108
Trd, 4319033.193, 111
Trd, 4319033.993, 125
Trd, 4319035.193, 117
Trd, 4319035.293, 112
Trd, 4319035.393, 98
Trd, 4319036.993, 122
Trd, 4319037.743, 131
Trd, 4319038.093, 92
Trd, 4319039.093, 117
Trd, 4319039.243, 91
Trd, 4319039.343, 89
Trd, 4319040.693, 120
Trd, 4319041.643, 124
Trd, 4319041.743, 105
Trd, 4319042.843, 135
Trd, 4319044.143, 103
Trd, 4319044.793, 98
Trd, 4319045.043, 112
Trd, 4319045.593, 132
Trd, 4319046.793, 118
Trd, 4319048.143, 122
Trd, 4319048.443, 115
Trd, 4319049.393, 119
Trd, 4319049.643, 111
Trd, 4319049.743, 106
Trd, 4319050.243, 80
Trd, 4319050.293, 120
Trd, 4319052.193, 80
Trd, 4319052.343, 109
Trd, 4319053.143, 126
Trd, 4319053.893, 88
Trd, 4319054.493, 111
Trd, 4319055.093, 110
Trd, 4319055.893, 69
Trd, 4319056.393, 65
Trd, 4319058.943, 140
Trd, 4319059.043, 111
Trd, 4319059.243, 110
Trd, 4319059.393, 105
Trd, 4319059.743, 104
Trd, 4319060.343, 127
Trd, 4319060.743, 107
Trd, 4319061.143, 125
Trd, 4319062.143, 67
Trd, 4319062.643, 80
Trd, 4319062.893, 106
Trd, 4319063.943, 115
Trd, 4319065.043, 124
Trd, 4319065.593, 115
Trd, 4319066.443, 125
Trd, 4319066.843, 110
Trd, 4319067.543, 122
Trd, 4319067.943, 137
Trd, 4319068.543, 125
Trd, 4319069.593, 76
Trd, 4319070.543, 81
Trd, 4319071.043, 130
Trd, 4319072.943, 81
Trd, 4319074.243, 97
Trd, 4319075.193, 139
Trd, 4319075.293, 118
Trd, 4319075.843, 136
Trd, 4319077.043, 132
Trd, 4319077.443, 111
Trd, 4319077.593, 106
Trd, 4319079.443, 108
Trd, 4319079.493, 93
Trd, 4319080.793, 107
Trd, 4319081.693, 109
Trd, 4319081.843, 108
Trd, 4319081.993, 106
Trd, 4319082.193, 105
Trd, 4319083.093, 131
Trd, 4319083.943, 117
Trd, 4319084.593, 105
Trd, 4319085.393, 139
Trd, 4319086.393, 104
Trd, 4319087.343, 113
Trd, 4319087.593, 93
Trd, 4319087.893, 120
Trd, 4319089.443, 131
Trd, 4319089.993, 90
Trd, 4319090.093, 73
Trd, 4319091.593, 98
Trd, 4319092.043, 96
Trd, 4319092.693, 125
Trd, 4319093.243, 120
Trd, 4319095.093, 130
Trd, 4319095.193, 114
Trd, 4319095.643, 97
Trd, 4319096.343, 92
Trd, 4319096.993, 140
Trd, 4319097.193, 117
Trd, 4319098.243, 124
Trd, 4319098.643, 95
Trd, 4319099.493, 131
Trd, 4319099.643, 132
Trd, 4319099.943, 90
Trd, 4319100.293, 77
Trd, 4319101.193, 61
Trd, 4319101.743, 73
Trd, 4319102.343, 90
Trd, 4319103.893, 92
Trd, 4319104.393, 89
Trd, 4319105.193, 136
Trd, 4319105.693, 90
Trd, 4319107.393, 123
Trd, 4319107.543, 116
Trd, 4319107.593, 131
Trd, 4319107.943, 124
Trd, 4319108.593, 128
Trd, 4319109.743, 116
Trd, 4319109.793, 111
Trd, 4319110.943, 122
Trd, 4319112.243, 128
Trd, 4319112.593, 112
Trd, 4319113.343, 107
Trd, 4319113.593, 107
Trd, 4319115.643, 92
Trd, 4319116.043, 108
Trd, 4319116.493, 125
Trd, 4319116.593, 107
Trd, 4319117.193, 139
Trd, 4319117.793, 131
Trd, 4319118.893, 140
Trd, 4319119.193, 117
Trd, 4319120.243, 114
Trd, 4319120.493, 108
Trd, 4319120.643, 102
Trd, 4319122.693, 107
Trd, 4319123.393, 136
Trd, 4319123.593, 108
Trd, 4319123.943, 115
Trd, 4319124.043, 130
Trd, 4319124.093, 102
Trd, 4319125.093, 99
Trd, 4319125.193, 108
Trd, 4319126.293, 113
Trd, 4319126.443, 130
Trd, 4319126.943, 124
Trd, 4319128.493, 129
Trd, 4319129.693, 120
Trd, 4319130.593, 109
Trd, 4319131.343, 116
Trd, 4319131.543, 108
Trd, 4319133.243, 115
Trd, 4319133.393, 102
Trd, 4319133.993, 77
Trd, 4319134.993, 110
Trd, 4319135.093, 104
Trd, 4319135.243, 78
Trd, 4319136.543, 130
Trd, 4319137.043, 98
Trd, 4319137.643, 115
Trd, 4319138.143, 99
Trd, 4319139.343, 139
Trd, 4319140.943, 99
Trd, 4319141.093, 89
Trd, 4319141.543, 119
Trd, 4319141.693, 103
Trd, 4319143.043, 140
Trd, 4319143.243, 94
Trd, 4319143.543, 80
Trd, 4319143.793, 117
Trd, 4319144.393, 138
Trd, 4319144.943, 115
Trd, 4319146.993, 132
Trd, 4319147.343, 109
Trd, 4319148.243, 136
Trd, 4319149.393, 139
Trd, 4319150.043, 128
Trd, 4319150.293, 116
Trd, 4319151.293, 66
Trd, 4319152.543, 116
Trd, 4319153.043, 117
Trd, 4319153.193, 106
Trd, 4319154.293, 138
Trd, 4319155.943, 121
Trd, 4319156.493, 99
Trd, 4319156.793, 93
Trd, 4319157.043, 93
Trd, 4319158.143, 77
Trd, 4319158.693, 71
Trd, 4319158.893, 77
Trd, 4319159.293, 130
Trd, 4319159.343, 133
Trd, 4319159.743, 138
Trd, 4319159.943, 66
Trd, 4319160.343, 125
Trd, 4319160.543, 90
Trd, 4319161.193, 92
Trd, 4319162.093, 112
Trd, 4319162.843, 94
Trd, 4319163.043, 68
Trd, 4319163.993, 87
Trd, 4319164.143, 71
Trd, 4319165.443, 120
Trd, 4319165.493, 102
Trd, 4319166.193, 91
Trd, 4319166.593, 86
Trd, 4319167.243, 63
Trd, 4319169.643, 131
Trd, 4319170.293, 131
Trd, 4319170.443, 127
Trd, 4319171.093, 137
Trd, 4319171.693, 118
Trd, 4319172.743, 74
Trd, 4319173.543, 88
Trd, 4319174.243, 89
Trd, 4319174.343, 137
Trd, 4319174.443, 86
Trd, 4319175.393, 112
Trd, 4319176.893, 83
Trd, 4319177.893, 122
Trd, 4319177.993, 110
Trd, 4319178.293, 96
Trd, 4319178.943, 72
Trd, 4319180.493, 98
Trd, 4319180.543, 81
Trd, 4319181.993, 135
Trd, 4319182.293, 135
Trd, 4319182.443, 99
Trd, 4319182.793, 93
Trd, 4319184.343, 97
Trd, 4319184.943, 131
Trd, 4319186.943, 138
Trd, 4319187.193, 120
Trd, 4319187.643, 134
Trd, 4319187.943, 119
Trd, 4319188.543, 100
Trd, 4319188.793, 115
Trd, 4319188.943, 64
Trd, 4319190.393, 80
Trd, 4319190.993, 98
Trd, 4319192.443, 93
Trd, 4319192.643, 78
Trd, 4319193.643, 96
Trd, 4319193.743, 91
Trd, 4319193.943, 139
Trd, 4319195.343, 107
Trd, 4319195.693, 114
Trd, 4319195.993, 107
Trd, 4319196.193, 107
Trd, 4319198.293, 129
Trd, 4319198.593, 128
Trd, 4319198.643, 121
Trd, 4319199.443, 133
Trd, 4319200.193, 114
Trd, 4319201.393, 128
Trd, 4319201.793, 113
Trd, 4319201.893, 124
Trd, 4319203.193, 98
Trd, 4319203.993, 86
Trd, 4319204.143, 125
Trd, 4319204.643, 118
Trd, 4319205.293, 126
Trd, 4319205.893, 109
Trd, 4319206.443, 96
Trd, 4319206.943, 88
Trd, 4319207.993, 132
Trd, 4319209.193, 64
Trd, 4319209.693, 66
Trd, 4319210.043, 112
Trd, 4319211.493, 88
Trd, 4319212.243, 111
Trd, 4319212.443, 85
Trd, 4319212.643, 116
Trd, 4319214.593, 63
Trd, 4319215.493, 104
Trd, 4319215.893, 106
Trd, 4319217.043, 110
Trd, 4319217.093, 124
Trd, 4319217.843, 122
Trd, 4319220.643, 63
Trd, 4319221.293, 60
Trd, 4319221.343, 66
Trd, 4319221.493, 72
Trd, 4319221.693, 84
Trd, 4319222.093, 100
Trd, 4319222.943, 62
Trd, 4319223.093, 66
Trd, 4319223.593, 84
Trd, 4319224.743, 127
Trd, 4319224.993, 122
Trd, 4319225.343, 75
Trd, 4319225.543, 73
Trd, 4319225.993, 84
Trd, 4319228.093, 135
Trd, 4319228.393, 129
Trd, 4319229.043, 131
Trd, 4319229.843, 130
Trd, 4319229.893, 114
Trd, 4319230.643, 79
Trd, 4319231.193, 77
Trd, 4319231.393, 68
Trd, 4319232.543, 129
Trd, 4319233.043, 139
Trd, 4319233.143, 96
Trd, 4319233.343, 93
Trd, 4319235.443, 104
Trd, 4319236.443, 100
Trd, 4319236.543, 93
Trd, 4319238.343, 60
Trd, 4319240.493, 100
Trd, 4319240.693, 94
Trd, 4319241.643, 117
Trd, 4319241.943, 107
Trd, 4319242.193, 114
Trd, 4319242.743, 135
Trd, 4319242.993, 124
Trd, 4319244.143, 64
Trd, 4319248.293, 102
Trd, 4319248.443, 125
Trd, 4319248.993, 99
Trd, 4319249.043, 96
Trd, 4319250.343, 113
Trd, 4319250.693, 107
Trd, 4319251.143, 91
Trd, 4319253.293, 133
Trd, 4319253.893, 133
Trd, 4319255.243, 114
Trd, 4319255.443, 114
Trd, 4319255.743, 113
Trd, 4319255.793, 88
Trd, 4319256.593, 78
Trd, 4319257.443, 125
Trd, 4319258.243, 123
Trd, 4319258.343, 119
Trd, 4319258.743, 138
Trd, 4319260.143, 132
Trd, 4319260.643, 101
Trd, 4319260.843, 126
Trd, 4319261.643, 135
Trd, 4319262.743, 99
Trd, 4319262.993, 105
Trd, 4319264.243, 114
Trd, 4319264.993, 105
Trd, 4319265.343, 120
Trd, 4319265.443, 123
Trd, 4319266.943, 98
Trd, 4319267.043, 109
Trd, 4319267.643, 101
Trd, 4319268.543, 86
Trd, 4319269.893, 82
Trd, 4319270.243, 108
Trd, 4319270.293, 82
Trd, 4319270.443, 110
Trd, 4319271.493, 122
Trd, 4319272.193, 137
Trd, 4319272.593, 101
Trd, 4319272.693, 94
Trd, 4319273.693, 99
Trd, 4319275.143, 131
Trd, 4319276.443, 105
Trd, 4319276.543, 82
Trd, 4319277.093, 126
Trd, 4319277.543, 129
Trd, 4319277.943, 74
Trd, 4319278.243, 134
Trd, 4319278.393, 73
Trd, 4319279.493, 68
Trd, 4319280.993, 129
Trd, 4319281.143, 122
Trd, 4319282.293, 91
Trd, 4319282.393, 85
Trd, 4319284.043, 124
Trd, 4319285.043, 123
Trd, 4319286.143, 101
Trd, 4319286.793, 121
Trd, 4319287.843, 123
Trd, 4319288.043, 122
Trd, 4319288.743, 100
Trd, 4319289.043, 100
Trd, 4319290.793, 117
Trd, 4319291.643, 108
Trd, 4319291.893, 98
Trd, 4319292.593, 130
Trd, 4319293.543, 136
Trd, 4319294.193, 139
Trd, 4319294.293, 121
Trd, 4319294.543, 129
Trd, 4319295.293, 133
Trd, 4319296.243, 140
Trd, 4319297.693, 129
Trd, 4319298.293, 120
Trd, 4319299.243, 81
Trd, 4319300.093, 107
Trd, 4319300.193, 85
Trd, 4319300.843, 126
Trd, 4319301.243, 93
Trd, 4319302.243, 62
Trd, 4319302.843, 67
Trd, 4319302.993, 84
Trd, 4319303.693, 119
Trd, 4319304.093, 133
Trd, 4319304.693, 91
Trd, 4319306.243, 89
Trd, 4319306.743, 113
Trd, 4319307.793, 60
Trd, 4319308.843, 115
Trd, 4319309.593, 105
Trd, 4319310.143, 83
Trd, 4319310.243, 81
Trd, 4319311.293, 127
Trd, 4319312.343, 131
Trd, 4319314.143, 135
Trd, 4319315.843, 103
Trd, 4319315.893, 85
Trd, 4319316.393, 115
Trd, 4319316.493, 82
Trd, 4319317.693, 116
Trd, 4319318.443, 138
Trd, 4319318.493, 130
Trd, 4319318.543, 119
Trd, 4319318.593, 81
Trd, 4319319.493, 99
Trd, 4319320.643, 131
Trd, 4319320.693, 130
Trd, 4319321.093, 135
Trd, 4319321.693, 110
Trd, 4319322.993, 70
Trd, 4319323.193, 62
Trd, 4319324.943, 128
Trd, 4319325.343, 115
Trd, 4319326.093, 127
Trd, 4319326.443, 113
Trd, 4319328.243, 130
Trd, 4319328.393, 129
Trd, 4319329.843, 135
Trd, 4319331.393, 119
Trd, 4319331.743, 119
Trd, 4319332.443, 120
Trd, 4319332.643, 112
Trd, 4319333.043, 88
Trd, 4319334.193, 105
Trd, 4319334.243, 83
Trd, 4319334.443, 115
Trd, 4319336.243, 132
Trd, 4319336.893, 125
Trd, 4319336.943, 106
Trd, 4319337.293, 83
Trd, 4319338.393, 131
Trd, 4319340.143, 81
Trd, 4319340.243, 81
Trd, 4319340.493, 97
Trd, 4319341.743, 95
Trd, 4319342.343, 107
Trd, 4319342.443, 101
Trd, 4319342.493, 100
Trd, 4319342.543, 86
Trd, 4319342.843, 115
Trd, 4319343.343, 136
Trd, 4319345.543, 75
Trd, 4319345.743, 66
Trd, 4319346.843, 121
Trd, 4319349.643, 117
Trd, 4319350.043, 95
Trd, 4319350.743, 122
Trd, 4319350.893, 118
Trd, 4319351.393, 101
Trd, 4319351.443, 97
Trd, 4319353.393, 77
Trd, 4319353.493, 76
Trd, 4319354.693, 62
Trd, 4319355.393, 63
Trd, 4319355.643, 74
Trd, 4319356.443, 128
Trd, 4319357.043, 122
Trd, 4319357.243, 116
Trd, 4319357.843, 82
Trd, 4319358.393, 93
Trd, 4319358.693, 125
Trd, 4319358.843, 105
Trd, 4319360.143, 87
Trd, 4319360.893, 117
Trd, 4319361.193, 105
Trd, 4319361.393, 103
Trd, 4319362.343, 110
Trd, 4319363.393, 97
Trd, 4319364.693, 110
Trd, 4319364.743, 81
Trd, 4319364.943, 127
Trd, 4319365.443, 74
Trd, 4319366.443, 126
Trd, 4319367.993, 132
Trd, 4319368.093, 93
Trd, 4319368.493, 92
Trd, 4319369.943, 87
Trd, 4319371.043, 111
Trd, 4319371.593, 94
Trd, 4319372.293, 101
Trd, 4319372.343, 91
Trd, 4319373.293, 105
Trd, 4319373.693, 92
Trd, 4319374.193, 94
Trd, 4319374.893, 107
Trd, 4319375.693, 99
Trd, 4319376.493, 97
Trd, 4319376.843, 117
Trd, 4319378.243, 136
Trd, 4319378.293, 128
Trd, 4319378.743, 93
Trd, 4319378.793, 88
Trd, 4319380.693, 132
Trd, 4319380.843, 132
Trd, 4319381.643, 98
Trd, 4319381.693, 93
Trd, 4319381.743, 133
Trd, 4319382.593, 127
Trd, 4319384.143, 115
Trd, 4319384.243, 95
Trd, 4319385.093, 98
Trd, 4319385.143, 116
Trd, 4319385.593, 120
Trd, 4319386.493, 123
Trd, 4319387.093, 134
Trd, 4319387.593, 129
Trd, 4319387.693, 128
Trd, 4319390.043, 108
Trd, 4319390.493, 105
Trd, 4319391.093, 80
Trd, 4319391.193, 103
Trd, 4319391.643, 122
Trd, 4319392.143, 104
Trd, 4319392.393, 133
Trd, 4319392.493, 77
Trd, 4319393.493, 64
Trd, 4319394.393, 99
Trd, 4319394.643, 82
Trd, 4319396.543, 99
Trd, 4319396.793, 100
Trd, 4319397.343, 96
Trd, 4319397.593, 101
Trd, 4319398.393, 91
Trd, 4319398.643, 90
Trd, 4319399.443, 78
Trd, 4319399.693, 111
Trd, 4319400.593, 116
Trd, 4319401.093, 101
Trd, 4319401.693, 95
Trd, 4319402.443, 95
Trd, 4319403.243, 102
Trd, 4319403.393, 110
Trd, 4319404.843, 131
Trd, 4319405.293, 135
Trd, 4319405.343, 101
Trd, 4319405.993, 68
Trd, 4319406.193, 96
Trd, 4319406.493, 66
Trd, 4319407.943, 89
Trd, 4319408.843, 93
Trd, 4319409.243, 134
Trd, 4319410.093, 99
Trd, 4319411.743, 100
Trd, 4319412.343, 95
Trd, 4319412.543, 122
Trd, 4319412.743, 82
Trd, 4319414.043, 72
Trd, 4319414.393, 85
Trd, 4319414.693, 103
Trd, 4319415.243, 62
Trd, 4319416.143, 66
Trd, 4319416.993, 112
Trd, 4319417.043, 97
Trd, 4319418.093, 72
Trd, 4319418.943, 61
Trd, 4319420.393, 101
Trd, 4319420.693, 125
Trd, 4319420.893, 80
Trd, 4319422.243, 90
Trd, 4319422.543, 87
Trd, 4319423.293, 103
Trd, 4319424.743, 115
Trd, 4319425.393, 111
Trd, 4319425.693, 90
Trd, 4319426.443, 60
Trd, 4319426.593, 97
Trd, 4319427.343, 65
Trd, 4319427.593, 140
Trd, 4319427.943, 131
Trd, 4319429.243, 115
Trd, 4319429.443, 104
Trd, 4319429.743, 139
Trd, 4319430.193, 131
Trd, 4319430.993, 94
Trd, 4319432.843, 130
Trd, 4319433.443, 140
Trd, 4319434.193, 133
Trd, 4319434.343, 102
Trd, 4319434.693, 101
Trd, 4319435.293, 117
Trd, 4319437.143, 140
Trd, 4319437.643, 124
Trd, 4319438.243, 113
Trd, 4319438.393, 103
Trd, 4319438.443, 129
Trd, 4319439.143, 136
Trd, 4319439.543, 119
Trd, 4319440.743, 102
Trd, 4319441.243, 73
Trd, 4319441.943, 133
Trd, 4319442.643, 120
Trd, 4319442.993, 98
Trd, 4319444.593, 78
Trd, 4319444.793, 72
Trd, 4319446.193, 120
Trd, 4319446.243, 96
Trd, 4319446.993, 139
Trd, 4319448.743, 106
Trd, 4319449.143, 76
Trd, 4319449.443, 72
Trd, 4319449.643, 78
Trd, 4319449.843, 104
Trd, 4319450.343, 61
Trd, 4319450.793, 87
Trd, 4319451.093, 101
Trd, 4319451.293, 117
Trd, 4319451.743, 115
Trd, 4319452.893, 122
Trd, 4319454.193, 112
Trd, 4319454.743, 103
Trd, 4319455.143, 140
Trd, 4319457.143, 121
Trd, 4319458.143, 117
Trd, 4319458.393, 113
Trd, 4319459.943, 135
Trd, 4319460.193, 129
Trd, 4319460.793, 126
Trd, 4319460.843, 105
Trd, 4319461.593, 133
Trd, 4319463.443, 127
Trd, 4319464.543, 113
Trd, 4319465.843, 125
Trd, 4319465.993, 110
Trd, 4319466.393, 107
Trd, 4319466.993, 140
Trd, 4319467.143, 137
Trd, 4319467.843, 95
Trd, 4319470.093, 119
Trd, 4319471.043, 120
Trd, 4319471.193, 138
Trd, 4319471.243, 112
Trd, 4319472.643, 130
Trd, 4319474.043, 132
Trd, 4319474.143, 126
Trd, 4319474.793, 107
Trd, 4319476.843, 124
Trd, 4319477.343, 94
Trd, 4319477.743, 135
Trd, 4319478.843, 135
Trd, 4319478.893, 128
Trd, 4319479.793, 122
Trd, 4319480.243, 95
Trd, 4319480.543, 82
Trd, 4319480.743, 73
Trd, 4319481.543, 89
Trd, 4319482.993, 100
Trd, 4319483.143, 100
Trd, 4319483.643, 119
Trd, 4319483.993, 120
Trd, 4319484.293, 116
Trd, 4319485.993, 128
Trd, 4319486.293, 122
Trd, 4319487.043, 137
Trd, 4319487.243, 124
Trd, 4319487.893, 114
Trd, 4319488.793, 76
Trd, 4319489.543, 93
Trd, 4319489.693, 114
Trd, 4319490.693, 105
Trd, 4319491.593, 138
Trd, 4319492.393, 131
Trd, 4319493.793, 130
Trd, 4319494.143, 127
Trd, 4319494.643, 129
Trd, 4319495.543, 122
Trd, 4319495.693, 122
Trd, 4319495.993, 115
Trd, 4319497.143, 127
Trd, 4319497.643, 129
Trd, 4319499.943, 133
Trd, 4319500.643, 131
Trd, 4319500.893, 118
Trd, 4319501.143, 113
Trd, 4319501.643, 125
Trd, 4319501.993, 132
Trd, 4319503.193, 92
Trd, 4319504.893, 102
Trd, 4319504.943, 112
Trd, 4319505.493, 97
Trd, 4319505.693, 96
Trd, 4319506.293, 128
Trd, 4319506.443, 97
Trd, 4319507.343, 91
Trd, 4319507.493, 112
Trd, 4319508.393, 85
Trd, 4319509.293, 97
Trd, 4319510.343, 90
Trd, 4319511.693, 122
Trd, 4319512.393, 120
Trd, 4319512.593, 116
Trd, 4319512.743, 102
Trd, 4319512.993, 96
Trd, 4319515.043, 95
Trd, 4319516.443, 103
Trd, 4319516.993, 110
Trd, 4319517.793, 99
Trd, 4319517.893, 128
Trd, 4319518.293, 126
Trd, 4319518.393, 113
Trd, 4319518.843, 140
Trd, 4319519.593, 123
Trd, 4319521.193, 135
Trd, 4319521.493, 65
Trd, 4319521.993, 101
Trd, 4319522.343, 106
Trd, 4319523.043, 106
Trd, 4319523.693, 128
Trd, 4319523.843, 139
Trd, 4319524.543, 119
Trd, 4319525.093, 122
Trd, 4319526.543, 84
Trd, 4319526.743, 104
Trd, 4319527.743, 110
Trd, 4319528.043, 109
Trd, 4319528.443, 104
Trd, 4319529.043, 118
Trd, 4319531.093, 124
Trd, 4319532.193, 139
Trd, 4319532.993, 124
Trd, 4319533.593, 118
Trd, 4319534.093, 70
Trd, 4319534.793, 126
Trd, 4319535.493, 101
Trd, 4319535.843, 63
Trd, 4319536.093, 82
Trd, 4319537.993, 118
Trd, 4319538.943, 136
Trd, 4319539.493, 94
Trd, 4319540.643, 66
Trd, 4319540.943, 122
Trd, 4319541.793, 88
Trd, 4319542.543, 139
Trd, 4319542.693, 128
Trd, 4319544.093, 111
Trd, 4319544.943, 99
Trd, 4319546.443, 128
Trd, 4319546.693, 120
Trd, 4319547.393, 130
Trd, 4319548.093, 103
Trd, 4319548.193, 99
Trd, 4319548.593, 118
Trd, 4319548.893, 81
Trd, 4319549.943, 92
Trd, 4319550.243, 135
Trd, 4319550.293, 85
Trd, 4319551.193, 129
Trd, 4319552.293, 117
Trd, 4319553.693, 132
Trd, 4319554.043, 60
Trd, 4319554.593, 132
Trd, 4319555.393, 120
Trd, 4319555.493, 109
Trd, 4319555.793, 125
Trd, 4319556.593, 121
Trd, 4319556.943, 120
Trd, 4319557.443, 80
Trd, 4319557.843, 132
Trd, 4319559.593, 88
Trd, 4319560.043, 114
Trd, 4319560.643, 91
Trd, 4319560.893, 114
Trd, 4319562.493, 87
Trd, 4319562.693, 124
Trd, 4319563.143, 114
Trd, 4319564.093, 133
Trd, 4319564.143, 125
Trd, 4319564.693, 113
Trd, 4319565.793, 95
Trd, 4319566.093, 107
Trd, 4319567.643, 71
Trd, 4319568.043, 90
Trd, 4319568.243, 108
Trd, 4319568.443, 88
Trd, 4319569.493, 111
Trd, 4319569.793, 102
Trd, 4319571.393, 98
Trd, 4319572.093, 96
Trd, 4319572.293, 69
Trd, 4319572.943, 127
Trd, 4319573.193, 114
Trd, 4319574.943, 131
Trd, 4319575.343, 127
Trd, 4319575.943, 103
Trd, 4319576.493, 89
Trd, 4319576.543, 107
Trd, 4319577.493, 92
Trd, 4319578.643, 114
Trd, 4319580.143, 128
Trd, 4319580.443, 135
Trd, 4319580.793, 122
Trd, 4319580.843, 105
Trd, 4319581.743, 79
Trd, 4319582.143, 127
Trd, 4319583.193, 132
Trd, 4319584.043, 136
Trd, 4319584.793, 138
Trd, 4319585.243, 104
Trd, 4319585.493, 93
Trd, 4319585.543, 81
Trd, 4319585.793, 72
Trd, 4319587.293, 108
Trd, 4319587.543, 90
Trd, 4319588.443, 69
Trd, 4319589.343, 136
Trd, 4319590.743, 123
Trd, 4319590.943, 100
Trd, 4319592.493, 125
Trd, 4319592.943, 95
Trd, 4319593.993, 138
Trd, 4319595.993, 99
Trd, 4319596.143, 97
Trd, 4319596.243, 117
Trd, 4319596.343, 96
Trd, 4319596.393, 77
Trd, 4319597.593, 97
Trd, 4319598.443, 91
Trd, 4319598.543, 105
Trd, 4319599.493, 83
Trd, 4319600.543, 139
Trd, 4319603.043, 123
Trd, 4319603.593, 127
Trd, 4319603.943, 114
Trd, 4319604.143, 126
Trd, 4319605.293, 91
Trd, 4319605.743, 91
Trd, 4319605.893, 125
Trd, 4319607.793, 124
Trd, 4319610.143, 133
Trd, 4319610.343, 126
Trd, 4319610.693, 120
Trd, 4319611.393, 127
Trd, 4319612.193, 115
Trd, 4319612.543, 92
Trd, 4319613.493, 139
Trd, 4319613.793, 124
Trd, 4319614.193, 120
Trd, 4319614.543, 130
Trd, 4319615.693, 84
Trd, 4319616.793, 98
Trd, 4319617.943, 125
Trd, 4319618.543, 125
Trd, 4319618.643, 107
Trd, 4319618.693, 90
Trd, 4319619.143, 115
Trd, 4319619.693, 126
Trd, 4319620.093, 109
Trd, 4319621.943, 131
Trd, 4319623.743, 135
Trd, 4319624.143, 112
Trd, 4319624.293, 105
Trd, 4319625.193, 61
Trd, 4319625.243, 61
Trd, 4319626.593, 137
Trd, 4319626.693, 115
Trd, 4319627.043, 103
Trd, 4319629.043, 92
Trd, 4319629.143, 92
Trd, 4319629.243, 87
Trd, 4319629.793, 119
Trd, 4319631.193, 78
Trd, 4319632.943, 126
Trd, 4319633.043, 114
Trd, 4319633.293, 92
Trd, 4319633.693, 107
Trd, 4319635.043, 102
Trd, 4319635.093, 92
Trd, 4319635.193, 89
Trd, 4319637.143, 112
Trd, 4319637.443, 102
Trd, 4319638.093, 106
Trd, 4319638.643, 88
Trd, 4319638.993, 63
Trd, 4319639.993, 84
Trd, 4319640.393, 79
Trd, 4319640.493, 79
Trd, 4319641.693, 132
Trd, 4319642.293, 76
Trd, 4319644.593, 109
Trd, 4319645.343, 98
Trd, 4319645.593, 98
Trd, 4319646.543, 117
Trd, 4319646.693, 111
Trd, 4319646.993, 110
Trd, 4319647.143, 107
Trd, 4319647.593, 120
Trd, 4319648.543, 123
Trd, 4319649.243, 111
Trd, 4319649.943, 123
Trd, 4319650.193, 105
Trd, 4319651.293, 134
Trd, 4319651.793, 116
Trd, 4319652.293, 134
Trd, 4319652.593, 110
Trd, 4319652.693, 96
Trd, 4319653.243, 131
Trd, 4319654.943, 105
Trd, 4319655.593, 132
Trd, 4319656.593, 105
Trd, 4319656.893, 107
Trd, 4319657.293, 110
Trd, 4319658.443, 133
Trd, 4319658.893, 94
Trd, 4319659.343, 104
Trd, 4319659.693, 97
Trd, 4319659.993, 96
Trd, 4319660.543, 63
Trd, 4319661.593, 72
Trd, 4319661.943, 88
Trd, 4319663.043, 60
Trd, 4319664.093, 64
Trd, 4319664.743, 137
Trd, 4319665.343, 113
Trd, 4319666.193, 137
Trd, 4319666.343, 110
Trd, 4319666.493, 101
Trd, 4319667.343, 106
Trd, 4319668.293, 129
Trd, 4319669.443, 135
Trd, 4319671.693, 136
Trd, 4319672.093, 120
Trd, 4319672.143, 108
Trd, 4319672.643, 107
Trd, 4319673.243, 105
Trd, 4319673.743, 91
Trd, 4319674.293, 86
Trd, 4319675.193, 65
Trd, 4319676.193, 138
Trd, 4319676.443, 132
Trd, 4319676.993, 106
Trd, 4319677.993, 119
Trd, 4319678.443, 115
Trd, 4319678.893, 125
Trd, 4319679.343, 110
Trd, 4319679.743, 123
Trd, 4319679.943, 119
Trd, 4319680.893, 73
Trd, 4319681.793, 125
Trd, 4319683.043, 130
Trd, 4319683.143, 123
Trd, 4319683.193, 122
Trd, 4319684.143, 98
Trd, 4319684.943, 137
Trd, 4319685.593, 93
Trd, 4319685.843, 84
Trd, 4319686.143, 123
Trd, 4319687.293, 80
Trd, 4319688.293, 129
Trd, 4319688.543, 62
Trd, 4319689.393, 92
Trd, 4319690.843, 98
Trd, 4319690.893, 121
Trd, 4319693.393, 112
Trd, 4319693.643, 97
Trd, 4319694.543, 117
Trd, 4319696.193, 116
Trd, 4319696.393, 115
Trd, 4319697.943, 115
Trd, 4319699.243, 60
Trd, 4319699.693, 65
Trd, 4319699.743, 100
Trd, 4319700.143, 116
Trd, 4319700.843, 110
Trd, 4319701.843, 122
Trd, 4319702.893, 118
Trd, 4319703.093, 102
Trd, 4319703.143, 115
Trd, 4319703.893, 98
Trd, 4319705.193, 110
Trd, 4319705.593, 63
Trd, 4319706.193, 60
Trd, 4319706.893, 67
Trd, 4319707.093, 83
Trd, 4319707.493, 85
Trd, 4319708.443, 134
Trd, 4319709.093, 104
Trd, 4319709.593, 61
Trd, 4319710.493, 122
Trd, 4319710.793, 70
Trd, 4319711.643, 127
Trd, 4319712.443, 127
Trd, 4319712.893, 115
Trd, 4319713.793, 69
Trd, 4319714.293, 73
Trd, 4319715.943, 67
Trd, 4319716.243, 77
Trd, 4319716.943, 79
Trd, 4319717.193, 74
Trd, 4319719.993, 82
Trd, 4319720.143, 87
Trd, 4319720.593, 91
Trd, 4319720.793, 65
Trd, 4319721.093, 135
Trd, 4319721.993, 60
Trd, 4319722.643, 61
Trd, 4319723.043, 84
Trd, 4319724.143, 63
Trd, 4319724.843, 72
Trd, 4319725.993, 123
Trd, 4319727.343, 140
Trd, 4319727.393, 121
Trd, 4319728.443, 127
Trd, 4319728.743, 123
Trd, 4319729.843, 119
Trd, 4319731.743, 128
Trd, 4319732.393, 103
Trd, 4319732.893, 105
Trd, 4319735.293, 129
Trd, 4319735.643, 115
Trd, 4319735.943, 83
Trd, 4319736.193, 77
Trd, 4319737.343, 74
Trd, 4319738.593, 90
Trd, 4319739.193, 138
Trd, 4319739.343, 120
Trd, 4319739.493, 120
Trd, 4319740.343, 117
Trd, 4319740.993, 114
Trd, 4319742.893, 131
Trd, 4319743.643, 125
Trd, 4319744.193, 122
Trd, 4319745.943, 111
Trd, 4319746.243, 138
Trd, 4319746.293, 107
Trd, 4319747.843, 115
Trd, 4319748.193, 110
Trd, 4319748.693, 88
Trd, 4319749.093, 137
Trd, 4319750.393, 130
Trd, 4319751.543, 139
Trd, 4319752.143, 130
Trd, 4319753.043, 123
Trd, 4319753.393, 137
Trd, 4319753.593, 114
Trd, 4319753.743, 140
Trd, 4319754.743, 103
Trd, 4319756.243, 122
Trd, 4319757.093, 123
Trd, 4319757.843, 112
Trd, 4319757.893, 110
Trd, 4319758.243, 98
Trd, 4319758.843, 92
Trd, 4319760.643, 112
Trd, 4319761.093, 91
Trd, 4319761.193, 87
Trd, 4319761.493, 121
Trd, 4319762.143, 130
Trd, 4319764.793, 125
Trd, 4319765.043, 84
Trd, 4319765.493, 118
Trd, 4319766.793, 111
Trd, 4319766.843, 102
Trd, 4319767.543, 106
Trd, 4319767.643, 102
Trd, 4319768.893, 118
Trd, 4319769.643, 113
Trd, 4319770.043, 119
Trd, 4319770.843, 94
Trd, 4319771.843, 82
Trd, 4319772.543, 96
Trd, 4319772.943, 87
Trd, 4319773.293, 104
Trd, 4319774.093, 61
Trd, 4319774.693, 117
Trd, 4319775.443, 112
Trd, 4319777.143, 113
Trd, 4319777.193, 94
Trd, 4319777.393, 106
Trd, 4319777.993, 112
Trd, 4319778.743, 116
Trd, 4319778.843, 114
Trd, 4319778.893, 96
Trd, 4319779.693, 113
Trd, 4319780.193, 124
Trd, 4319781.193, 128
Trd, 4319781.293, 122
Trd, 4319781.843, 108
Trd, 4319783.593, 122
Trd, 4319784.293, 101
Trd, 4319784.543, 113
Trd, 4319785.193, 133
Trd, 4319785.343, 112
Trd, 4319786.643, 92
Trd, 4319787.743, 131
Trd, 4319788.693, 120
Trd, 4319788.843, 96
Trd, 4319789.193, 121
Trd, 4319789.443, 132
Trd, 4319789.643, 94
Trd, 4319792.093, 129
Trd, 4319792.393, 129
Trd, 4319792.493, 122
Trd, 4319793.493, 104
Trd, 4319794.743, 102
Trd, 4319795.343, 135
Trd, 4319795.993, 103
Trd, 4319796.643, 119
Trd, 4319797.543, 132
Trd, 4319798.393, 130
Trd, 4319798.893, 127
Trd, 4319799.193, 97
Trd, 4319800.343, 77
Trd, 4319801.443, 91
Trd, 4319801.643, 86
Trd, 4319802.493, 130
Trd, 4319803.093, 114
Trd, 4319804.493, 109
Trd, 4319805.143, 101
Trd, 4319805.643, 108
Trd, 4319806.443, 126
Trd, 4319806.493, 119
Trd, 4319806.593, 100
Trd, 4319807.193, 79
Trd, 4319807.343, 63
Trd, 4319807.543, 91
Trd, 4319808.543, 76
Trd, 4319810.243, 62
Trd, 4319811.193, 135
Trd, 4319811.393, 130
Trd, 4319811.693, 75
Trd, 4319812.243, 93
Trd, 4319813.043, 79
Trd, 4319814.243, 120
Trd, 4319815.043, 82
Trd, 4319816.293, 109
Trd, 4319816.593, 102
Trd, 4319819.393, 139
Trd, 4319819.593, 124
Trd, 4319820.343, 140
Trd, 4319820.393, 98
Trd, 4319820.693, 84
Trd, 4319821.643, 104
Trd, 4319821.693, 69
Trd, 4319822.043, 89
Trd, 4319823.243, 77
Trd, 4319823.743, 61
Trd, 4319824.893, 77
Trd, 4319826.243, 109
Trd, 4319827.043, 109
Trd, 4319827.393, 100
Trd, 4319827.743, 74
Trd, 4319827.843, 117
Trd, 4319827.893, 69
Trd, 4319828.993, 91
Trd, 4319829.293, 90
Trd, 4319831.293, 127
Trd, 4319832.243, 98
Trd, 4319832.393, 92
Trd, 4319833.243, 70
Trd, 4319834.593, 65
Trd, 4319835.143, 113
Trd, 4319835.343, 114
Trd, 4319835.943, 98
Trd, 4319837.443, 89
Trd, 4319837.743, 76
Trd, 4319837.993, 72
Trd, 4319838.193, 80
Trd, 4319838.993, 118
Trd, 4319839.093, 112
Trd, 4319839.443, 129
Trd, 4319840.643, 90
Trd, 4319841.993, 130
Trd, 4319842.093, 71
Trd, 4319842.493, 107
Trd, 4319843.543, 108
Trd, 4319844.343, 101
Trd, 4319845.443, 63
Trd, 4319845.993, 86
Trd, 4319846.193, 108
Trd, 4319847.243, 73
Trd, 4319848.243, 140
Trd, 4319848.993, 107
Trd, 4319849.343, 98
Trd, 4319849.593, 128
Trd, 4319850.543, 65
Trd, 4319850.793, 95
Trd, 4319851.643, 65
Trd, 4319851.893, 71
Trd, 4319852.543, 131
Trd, 4319852.993, 114
Trd, 4319853.343, 112
Trd, 4319853.643, 107
Trd, 4319854.593, 140
Trd, 4319854.693, 84
Trd, 4319856.293, 72
Trd, 4319856.593, 103
Trd, 4319856.993, 79
Trd, 4319857.643, 132
Trd, 4319859.693, 130
Trd, 4319860.143, 124
Trd, 4319860.293, 118
Trd, 4319860.493, 96
Trd, 4319861.393, 69
Trd, 4319862.343, 139
Trd, 4319862.893, 124
Trd, 4319863.693, 109
Trd, 4319864.093, 106
Trd, 4319864.243, 100
Trd, 4319865.043, 77
Trd, 4319866.143, 133
Trd, 4319866.693, 100
Trd, 4319866.993, 103
Trd, 4319867.343, 102
Trd, 4319867.943, 130
Trd, 4319869.293, 119
Trd, 4319870.893, 98
Trd, 4319872.393, 136
Trd, 4319872.643, 129
Trd, 4319873.543, 118
Trd, 4319873.643, 112
Trd, 4319875.043, 128
Trd, 4319875.493, 122
Trd, 4319876.993, 122
Trd, 4319877.093, 97
Trd, 4319877.293, 76
Trd, 4319878.493, 127
Trd, 4319878.643, 107
Trd, 4319879.043, 75
Trd, 4319879.593, 105
Trd, 4319880.543, 88
Trd, 4319881.543, 124
Trd, 4319882.643, 120
Trd, 4319882.743, 123
Trd, 4319882.843, 103
Trd, 4319885.493, 125
Trd, 4319885.843, 111
Trd, 4319885.993, 130
Trd, 4319886.593, 111
Trd, 4319886.843, 109
Trd, 4319887.593, 106
Trd, 4319887.643, 110
Trd, 4319888.443, 135
Trd, 4319888.943, 115
Trd, 4319890.693, 88
Trd, 4319891.593, 124
Trd, 4319891.743, 115
Trd, 4319891.893, 110
Trd, 4319892.043, 90
Trd, 4319892.193, 99
Trd, 4319892.493, 81
Trd, 4319894.943, 110
Trd, 4319895.943, 108
Trd, 4319896.193, 103
Trd, 4319897.043, 86
Trd, 4319898.493, 127
Trd, 4319898.993, 126
Trd, 4319899.143, 119
Trd, 4319900.093, 105
Trd, 4319902.843, 139
Trd, 4319903.443, 121
Trd, 4319903.843, 134
Trd, 4319904.343, 122
Trd, 4319904.693, 116
Trd, 4319904.893, 109
Trd, 4319906.343, 119
Trd, 4319906.743, 112
Trd, 4319907.543, 108
Trd, 4319909.693, 116
Trd, 4319911.093, 140
Trd, 4319911.393, 115
Trd, 4319911.543, 112
Trd, 4319912.893, 134
Trd, 4319912.993, 134
Trd, 4319913.493, 108
Trd, 4319913.843, 87
Trd, 4319914.293, 79
Trd, 4319914.493, 96
Trd, 4319914.843, 71
Trd, 4319914.943, 81
Trd, 4319916.593, 91
Trd, 4319916.843, 83
Trd, 4319917.493, 110
Trd, 4319917.543, 107
Trd, 4319919.743, 106
Trd, 4319920.743, 114
Trd, 4319920.893, 110
Trd, 4319921.443, 104
Trd, 4319921.943, 97
Trd, 4319922.593, 117
Trd, 4319922.843, 128
Trd, 4319924.243, 124
Trd, 4319924.443, 109
Trd, 4319924.793, 105
Trd, 4319925.593, 137
Trd, 4319926.843, 125
Trd, 4319927.493, 138
Trd, 4319927.993, 123
Trd, 4319929.143, 112
Trd, 4319929.543, 80
Trd, 4319929.893, 116
Trd, 4319930.243, 101
Trd, 4319930.643, 99
Trd, 4319930.843, 140
Trd, 4319931.543, 140
Trd, 4319934.793, 84
Trd, 4319935.043, 75
Trd, 4319935.193, 111
Trd, 4319935.343, 114
Trd, 4319935.893, 101
Trd, 4319936.493, 99
Trd, 4319937.343, 92
Trd, 4319937.993, 123
Trd, 4319938.743, 102
Trd, 4319939.543, 125
Trd, 4319939.743, 118
Trd, 4319941.543, 91
Trd, 4319941.643, 119
Trd, 4319942.143, 119
Trd, 4319942.993, 115
Trd, 4319943.493, 131
Trd, 4319944.493, 131
Trd, 4319944.793, 113
Trd, 4319945.693, 133
Trd, 4319945.943, 103
Trd, 4319946.593, 125
Trd, 4319947.243, 101
Trd, 4319948.093, 116
Trd, 4319948.993, 88
Trd, 4319949.143, 82
Trd, 4319949.443, 71
Trd, 4319949.943, 88
Trd, 4319951.393, 117
Trd, 4319952.593, 121
Trd, 4319952.743, 102
Trd, 4319953.993, 122
Trd, 4319954.243, 135
Trd, 4319954.393, 112
Trd, 4319954.693, 119
Trd, 4319955.093, 123
Trd, 4319955.393, 89
Trd, 4319955.743, 89
Trd, 4319957.193, 61
Trd, 4319957.643, 108
Trd, 4319959.743, 99
Trd, 4319959.993, 137
Trd, 4319960.143, 100
Trd, 4319960.843, 94
Trd, 4319961.193, 137
Trd, 4319962.493, 136
Trd, 4319962.993, 131
Trd, 4319963.143, 124
Trd, 4319963.293, 103
Trd, 4319963.443, 102
Trd, 4319964.193, 69
Trd, 4319966.443, 128
Trd, 4319967.393, 133
Trd, 4319968.793, 129
Trd, 4319968.993, 116
Trd, 4319970.343, 98
Trd, 4319970.593, 101
Trd, 4319971.893, 139
Trd, 4319972.093, 126
Trd, 4319972.843, 138
Trd, 4319973.293, 130
Trd, 4319975.143, 126
Trd, 4319975.493, 112
Trd, 4319975.693, 101
Trd, 4319976.293, 124
Trd, 4319977.293, 132
Trd, 4319977.693, 114
Trd, 4319979.693, 133
Trd, 4319979.893, 132
Trd, 4319979.993, 111
Trd, 4319980.593, 133
Trd, 4319980.793, 121
Trd, 4319981.593, 118
Trd, 4319981.643, 113
Trd, 4319981.993, 106
Trd, 4319982.843, 136
Trd, 4319984.443, 132
Trd, 4319985.843, 133
Trd, 4319986.193, 109
Trd, 4319987.693, 140
Trd, 4319988.393, 128
Trd, 4319988.443, 131
Trd, 4319988.493, 122
Trd, 4319988.543, 107
Trd, 4319991.343, 132
Trd, 4319992.193, 126
Trd, 4319992.293, 124
Trd, 4319993.643, 120
Trd, 4319993.743, 131
Trd, 4319993.793, 113
Trd, 4319994.143, 91
Trd, 4319994.193, 101
Trd, 4319994.543, 111
Trd, 4319994.593, 81
Trd, 4319996.893, 131
Trd, 4319998.293, 119
Trd, 4319998.743, 99
Trd, 4319998.943, 104
