Trd, 4318134.393, 130
Trd, 4318134.793, 81
Trd, 4318134.893, 126
Trd, 4318136.393, 111
Trd, 4318137.243, 131
Trd, 4318138.493, 122
Trd, 4318138.693, 115
Trd, 4318139.593, 140
Trd, 4318139.843, 113
Trd, 4318140.193, 97
Trd, 4318142.143, 60
Trd, 4318142.593, 62
Trd, 4318143.243, 91
Trd, 4318143.743, 99
Trd, 4318144.093, 100
Trd, 4318144.393, 75
Trd, 4318144.993, 72
Trd, 4318146.093, 69
Trd, 4318147.693, 130
Trd, 4318147.793, 73
Trd, 4318148.893, 82
Trd, 4318149.743, 130
Trd, 4318150.543, 123
Trd, 4318150.693, 118
Trd, 4318151.993, 139
Trd, 4318152.093, 112
Trd, 4318153.543, 73
Trd, 4318154.893, 139
Trd, 4318155.343, 120
Trd, 4318155.443, 110
Trd, 4318156.243, 95
Trd, 4318156.593, 72
Trd, 4318157.543, 105
Trd, 4318157.943, 61
Trd, 4318158.243, 60
Trd, 4318158.393, 80
Trd, 4318158.543, 88
Trd, 4318160.543, 66
Trd, 4318161.943, 140
Trd, 4318162.743, 133
Trd, 4318163.793, 134
Trd, 4318164.143, 121
Trd, 4318164.243, 90
Trd, 4318164.693, 121
Trd, 4318165.693, 139
Trd, 4318165.943, 138
Trd, 4318166.043, 128
Trd, 4318167.243, 67
Trd, 4318167.543, 70
Trd, 4318169.443, 108
Trd, 4318169.693, 100
Trd, 4318170.293, 139
Trd, 4318170.743, 124
Trd, 4318171.443, 138
Trd, 4318171.993, 125
Trd, 4318172.993, 111
Trd, 4318174.293, 139
Trd, 4318174.593, 139
Trd, 4318174.993, 124
Trd, 4318175.193, 118
Trd, 4318175.293, 128
Trd, 4318175.843, 118
Trd, 4318176.293, 82
Trd, 4318177.493, 60
Trd, 4318177.693, 118
Trd, 4318179.843, 139
Trd, 4318179.893, 126
Trd, 4318180.293, 98
Trd, 4318181.393, 108
Trd, 4318181.793, 100
Trd, 4318182.143, 91
Trd, 4318182.793, 131
Trd, 4318184.343, 136
Trd, 4318184.943, 139
Trd, 4318185.093, 134
Trd, 4318186.393, 122
Trd, 4318186.643, 102
Trd, 4318186.893, 91
Trd, 4318188.343, 130
Trd, 4318189.843, 140
Trd, 4318190.093, 132
Trd, 4318190.293, 93
Trd, 4318190.343, 92
Trd, 4318190.443, 72
Trd, 4318191.143, 111
Trd, 4318192.443, 140
Trd, 4318192.893, 110
Trd, 4318193.943, 138
Trd, 4318194.393, 126
Trd, 4318195.693, 86
Trd, 4318195.843, 94
Trd, 4318196.393, 82
Trd, 4318197.943, 135
Trd, 4318198.043, 134
Trd, 4318198.093, 122
Trd, 4318198.543, 121
Trd, 4318199.043, 118
Trd, 4318200.443, 80
Trd, 4318200.743, 61
Trd, 4318201.543, 95
Trd, 4318202.593, 129
Trd, 4318203.193, 126
Trd, 4318203.543, 140
Trd, 4318204.243, 107
Trd, 4318205.293, 138
Trd, 4318206.093, 118
Trd, 4318207.593, 140
Trd, 4318207.893, 139
Trd, 4318208.343, 126
Trd, 4318208.393, 114
Trd, 4318208.443, 108
Trd, 4318208.943, 82
Trd, 4318209.543, 75
Trd, 4318212.293, 134
Trd, 4318212.543, 120
Trd, 4318212.643, 107
Trd, 4318213.193, 128
Trd, 4318213.643, 100
Trd, 4318213.693, 99
Trd, 4318216.893, 140
Trd, 4318218.043, 132
Trd, 4318218.193, 124
Trd, 4318219.743, 125
Trd, 4318219.943, 106
Trd, 4318221.193, 140
Trd, 4318222.193, 139
Trd, 4318223.593, 122
Trd, 4318223.993, 131
Trd, 4318224.793, 137
Trd, 4318225.193, 111
Trd, 4318225.393, 99
Trd, 4318225.993, 127
Trd, 4318226.593, 126
Trd, 4318227.193, 139
Trd, 4318227.693, 124
Trd, 4318229.043, 114
Trd, 4318229.843, 86
Trd, 4318230.493, 140
Trd, 4318231.443, 127
Trd, 4318232.293, 127
Trd, 4318232.943, 122
Trd, 4318233.143, 112
Trd, 4318233.193, 106
Trd, 4318234.743, 85
Trd, 4318235.793, 68
Trd, 4318236.443, 140
Trd, 4318237.593, 128
Trd, 4318237.643, 115
Trd, 4318238.793, 73
Trd, 4318239.143, 129
Trd, 4318239.493, 72
Trd, 4318239.793, 65
Trd, 4318240.293, 74
Trd, 4318240.793, 119
Trd, 4318241.793, 64
Trd, 4318242.693, 66
Trd, 4318243.093, 66
Trd, 4318244.143, 80
Trd, 4318244.893, 60
Trd, 4318245.643, 74
Trd, 4318246.243, 90
Trd, 4318247.993, 104
Trd, 4318248.993, 83
Trd, 4318249.293, 119
Trd, 4318250.193, 95
Trd, 4318250.793, 95
Trd, 4318251.543, 139
Trd, 4318253.643, 137
Trd, 4318253.693, 125
Trd, 4318254.093, 95
Trd, 4318254.843, 73
Trd, 4318255.493, 94
Trd, 4318256.093, 103
Trd, 4318257.193, 123
Trd, 4318257.493, 104
Trd, 4318257.543, 124
Trd, 4318257.743, 138
Trd, 4318258.143, 107
Trd, 4318258.343, 101
Trd, 4318259.293, 95
Trd, 4318259.543, 70
Trd, 4318261.693, 60
Trd, 4318261.743, 73
Trd, 4318263.643, 77
Trd, 4318265.043, 67
Trd, 4318265.743, 139
Trd, 4318265.843, 96
Trd, 4318266.643, 67
Trd, 4318266.893, 70
Trd, 4318267.593, 121
Trd, 4318268.043, 120
Trd, 4318268.293, 68
Trd, 4318268.543, 100
Trd, 4318269.893, 89
Trd, 4318270.493, 94
Trd, 4318271.393, 135
Trd, 4318271.543, 134
Trd, 4318272.693, 135
Trd, 4318273.543, 124
Trd, 4318274.043, 111
Trd, 4318275.543, 137
Trd, 4318276.443, 120
Trd, 4318276.493, 116
Trd, 4318276.743, 106
Trd, 4318278.943, 140
Trd, 4318279.143, 139
Trd, 4318279.393, 128
Trd, 4318280.193, 118
Trd, 4318280.393, 137
Trd, 4318282.293, 102
Trd, 4318282.443, 118
Trd, 4318283.193, 93
Trd, 4318283.343, 93
Trd, 4318283.693, 114
Trd, 4318284.643, 79
Trd, 4318284.793, 73
Trd, 4318285.093, 76
Trd, 4318287.143, 93
Trd, 4318287.993, 90
Trd, 4318288.543, 90
Trd, 4318289.943, 139
Trd, 4318290.543, 132
Trd, 4318290.643, 130
Trd, 4318291.343, 139
Trd, 4318291.693, 117
Trd, 4318292.143, 84
Trd, 4318293.293, 66
Trd, 4318294.393, 140
Trd, 4318294.693, 126
Trd, 4318294.893, 132
Trd, 4318294.943, 125
Trd, 4318295.343, 108
Trd, 4318295.993, 69
Trd, 4318296.543, 137
Trd, 4318296.793, 105
Trd, 4318297.793, 137
Trd, 4318298.093, 91
Trd, 4318299.843, 138
Trd, 4318300.793, 131
Trd, 4318301.193, 97
Trd, 4318301.243, 88
Trd, 4318302.193, 138
Trd, 4318302.343, 115
Trd, 4318302.843, 85
Trd, 4318303.993, 75
Trd, 4318304.043, 105
Trd, 4318304.193, 74
Trd, 4318304.443, 61
Trd, 4318306.293, 77
Trd, 4318307.643, 98
Trd, 4318308.393, 91
Trd, 4318308.493, 77
Trd, 4318309.543, 95
Trd, 4318310.543, 84
Trd, 4318310.893, 124
Trd, 4318311.043, 125
Trd, 4318311.143, 87
Trd, 4318311.443, 137
Trd, 4318313.293, 74
Trd, 4318314.443, 74
Trd, 4318314.743, 102
Trd, 4318315.293, 105
Trd, 4318315.693, 92
Trd, 4318317.693, 108
Trd, 4318317.893, 96
Trd, 4318318.143, 90
Trd, 4318319.943, 140
Trd, 4318321.093, 140
Trd, 4318321.143, 124
Trd, 4318322.043, 105
Trd, 4318322.393, 105
Trd, 4318322.893, 133
Trd, 4318323.593, 77
Trd, 4318324.443, 61
Trd, 4318324.593, 82
Trd, 4318326.193, 118
Trd, 4318326.743, 123
Trd, 4318327.043, 100
Trd, 4318327.593, 68
Trd, 4318329.043, 137
Trd, 4318329.593, 70
Trd, 4318330.693, 127
Trd, 4318331.843, 122
Trd, 4318332.593, 118
Trd, 4318333.443, 96
Trd, 4318334.943, 83
Trd, 4318335.093, 76
Trd, 4318335.543, 82
Trd, 4318335.793, 94
Trd, 4318336.393, 79
Trd, 4318336.643, 76
Trd, 4318337.943, 140
Trd, 4318338.193, 138
Trd, 4318338.643, 138
Trd, 4318340.243, 111
Trd, 4318340.343, 93
Trd, 4318341.093, 132
Trd, 4318343.443, 140
Trd, 4318343.543, 140
Trd, 4318345.743, 139
Trd, 4318346.043, 134
Trd, 4318346.343, 127
Trd, 4318346.793, 123
Trd, 4318346.943, 120
Trd, 4318347.543, 139
Trd, 4318348.293, 126
Trd, 4318348.793, 110
Trd, 4318349.393, 134
Trd, 4318349.493, 88
Trd, 4318351.293, 62
Trd, 4318352.493, 80
Trd, 4318352.693, 101
Trd, 4318353.643, 60
Trd, 4318354.243, 131
Trd, 4318356.593, 140
Trd, 4318356.743, 140
Trd, 4318357.793, 140
Trd, 4318358.943, 140
Trd, 4318359.043, 128
Trd, 4318359.143, 110
Trd, 4318360.843, 129
Trd, 4318360.993, 115
Trd, 4318361.243, 107
Trd, 4318362.093, 104
Trd, 4318362.393, 82
Trd, 4318362.643, 90
Trd, 4318363.543, 131
Trd, 4318365.643, 106
Trd, 4318365.893, 136
Trd, 4318366.243, 94
Trd, 4318366.343, 86
Trd, 4318366.443, 84
Trd, 4318367.443, 60
Trd, 4318367.893, 63
Trd, 4318368.893, 111
Trd, 4318369.843, 136
Trd, 4318371.693, 140
Trd, 4318371.743, 140
Trd, 4318372.593, 105
Trd, 4318372.793, 98
Trd, 4318373.993, 97
Trd, 4318375.293, 69
Trd, 4318376.543, 62
Trd, 4318378.143, 88
Trd, 4318378.843, 129
Trd, 4318378.993, 116
Trd, 4318379.243, 137
Trd, 4318379.793, 119
Trd, 4318380.043, 115
Trd, 4318380.543, 109
Trd, 4318380.893, 78
Trd, 4318381.293, 68
Trd, 4318382.743, 139
Trd, 4318383.893, 62
Trd, 4318384.793, 115
Trd, 4318385.443, 106
Trd, 4318386.943, 137
Trd, 4318387.193, 64
Trd, 4318387.943, 113
Trd, 4318388.343, 85
Trd, 4318388.593, 92
Trd, 4318388.793, 105
Trd, 4318389.493, 64
Trd, 4318390.893, 65
Trd, 4318391.043, 65
Trd, 4318391.793, 66
Trd, 4318393.143, 70
Trd, 4318393.493, 75
Trd, 4318393.543, 119
Trd, 4318394.143, 137
Trd, 4318397.043, 140
Trd, 4318397.343, 140
Trd, 4318397.443, 126
Trd, 4318397.743, 117
Trd, 4318397.893, 105
Trd, 4318398.243, 118
Trd, 4318400.693, 86
Trd, 4318400.843, 71
Trd, 4318401.493, 109
Trd, 4318401.643, 91
Trd, 4318402.143, 102
Trd, 4318403.143, 111
Trd, 4318403.493, 110
Trd, 4318403.943, 101
Trd, 4318404.793, 140
Trd, 4318404.893, 133
Trd, 4318405.093, 99
Trd, 4318405.693, 139
Trd, 4318406.193, 140
Trd, 4318407.143, 107
Trd, 4318407.293, 139
Trd, 4318407.743, 100
Trd, 4318409.693, 91
Trd, 4318409.793, 85
Trd, 4318410.643, 75
Trd, 4318411.143, 63
Trd, 4318412.943, 137
Trd, 4318413.143, 94
Trd, 4318413.393, 139
Trd, 4318413.643, 139
Trd, 4318414.743, 101
Trd, 4318415.593, 90
Trd, 4318415.643, 98
Trd, 4318417.343, 140
Trd, 4318418.043, 83
Trd, 4318419.293, 109
Trd, 4318420.043, 93
Trd, 4318420.143, 113
Trd, 4318420.693, 96
Trd, 4318422.243, 127
Trd, 4318422.743, 98
Trd, 4318423.493, 140
Trd, 4318424.443, 88
Trd, 4318424.843, 83
Trd, 4318425.143, 101
Trd, 4318425.993, 105
Trd, 4318426.193, 91
Trd, 4318427.343, 87
Trd, 4318428.093, 129
Trd, 4318429.993, 140
Trd, 4318430.393, 140
Trd, 4318430.493, 139
Trd, 4318432.643, 122
Trd, 4318433.893, 138
Trd, 4318434.043, 136
Trd, 4318434.143, 136
Trd, 4318434.693, 114
Trd, 4318435.093, 109
Trd, 4318436.543, 139
Trd, 4318438.193, 134
Trd, 4318438.693, 114
Trd, 4318439.293, 113
Trd, 4318439.643, 102
Trd, 4318440.393, 98
Trd, 4318440.943, 75
Trd, 4318441.143, 90
Trd, 4318442.393, 107
Trd, 4318444.043, 134
Trd, 4318444.643, 139
Trd, 4318445.643, 139
Trd, 4318445.793, 138
Trd, 4318446.293, 125
Trd, 4318447.593, 93
Trd, 4318447.843, 93
Trd, 4318448.543, 63
Trd, 4318449.093, 92
Trd, 4318449.443, 137
Trd, 4318450.093, 139
Trd, 4318450.543, 96
Trd, 4318451.043, 130
Trd, 4318452.693, 94
Trd, 4318453.193, 104
Trd, 4318453.593, 135
Trd, 4318453.943, 85
Trd, 4318455.543, 109
Trd, 4318455.893, 122
Trd, 4318456.493, 94
Trd, 4318457.843, 125
Trd, 4318457.893, 129
Trd, 4318458.143, 123
Trd, 4318458.443, 133
Trd, 4318458.993, 138
Trd, 4318460.993, 137
Trd, 4318462.093, 140
Trd, 4318462.643, 105
Trd, 4318462.693, 104
Trd, 4318462.743, 81
Trd, 4318464.393, 83
Trd, 4318464.843, 129
Trd, 4318466.543, 112
Trd, 4318466.693, 114
Trd, 4318467.343, 110
Trd, 4318467.493, 100
Trd, 4318468.843, 69
Trd, 4318469.143, 96
Trd, 4318469.843, 114
Trd, 4318470.443, 133
Trd, 4318471.343, 111
Trd, 4318472.143, 85
Trd, 4318472.593, 124
Trd, 4318472.843, 80
Trd, 4318474.243, 107
Trd, 4318475.343, 139
Trd, 4318475.593, 134
Trd, 4318476.093, 140
Trd, 4318477.543, 130
Trd, 4318478.493, 95
Trd, 4318478.793, 123
Trd, 4318478.993, 81
Trd, 4318480.043, 76
Trd, 4318480.643, 113
Trd, 4318481.843, 68
Trd, 4318482.143, 86
Trd, 4318482.743, 73
Trd, 4318483.093, 118
Trd, 4318484.043, 140
Trd, 4318484.093, 129
Trd, 4318486.143, 137
Trd, 4318486.693, 129
Trd, 4318486.993, 128
Trd, 4318487.143, 116
Trd, 4318487.793, 125
Trd, 4318490.093, 131
Trd, 4318490.343, 112
Trd, 4318491.243, 96
Trd, 4318491.493, 137
Trd, 4318492.293, 114
Trd, 4318492.743, 137
Trd, 4318493.293, 132
Trd, 4318493.793, 82
Trd, 4318494.743, 66
Trd, 4318495.693, 97
Trd, 4318496.293, 78
Trd, 4318497.193, 131
Trd, 4318497.693, 115
Trd, 4318498.193, 78
Trd, 4318498.793, 99
Trd, 4318499.843, 88
Trd, 4318499.893, 81
Trd, 4318501.843, 140
Trd, 4318502.043, 139
Trd, 4318502.143, 129
Trd, 4318502.843, 120
Trd, 4318504.393, 140
Trd, 4318504.743, 140
Trd, 4318505.393, 124
Trd, 4318506.243, 127
Trd, 4318507.193, 135
Trd, 4318508.393, 135
Trd, 4318509.193, 127
Trd, 4318509.793, 130
Trd, 4318510.893, 112
Trd, 4318511.243, 119
Trd, 4318511.843, 92
Trd, 4318511.893, 89
Trd, 4318512.193, 93
Trd, 4318512.593, 113
Trd, 4318513.643, 63
Trd, 4318514.743, 77
Trd, 4318514.993, 119
Trd, 4318516.043, 100
Trd, 4318516.443, 121
Trd, 4318516.943, 111
Trd, 4318518.643, 94
Trd, 4318519.343, 95
Trd, 4318519.893, 107
Trd, 4318520.893, 104
Trd, 4318521.543, 102
Trd, 4318522.243, 120
Trd, 4318523.293, 104
Trd, 4318523.543, 128
Trd, 4318523.943, 93
Trd, 4318524.043, 96
Trd, 4318525.493, 125
Trd, 4318526.543, 94
Trd, 4318527.043, 116
Trd, 4318527.243, 128
Trd, 4318527.743, 132
Trd, 4318527.943, 75
Trd, 4318529.993, 106
Trd, 4318530.043, 75
Trd, 4318530.493, 63
Trd, 4318530.993, 85
Trd, 4318531.793, 84
Trd, 4318532.943, 135
Trd, 4318533.093, 109
Trd, 4318533.593, 89
Trd, 4318534.243, 124
Trd, 4318535.893, 63
Trd, 4318536.793, 65
Trd, 4318536.993, 80
Trd, 4318538.443, 104
Trd, 4318538.543, 101
Trd, 4318539.493, 98
Trd, 4318540.443, 126
Trd, 4318540.743, 105
Trd, 4318543.593, 140
Trd, 4318543.693, 139
Trd, 4318543.893, 135
Trd, 4318544.043, 126
Trd, 4318544.143, 113
Trd, 4318546.043, 120
Trd, 4318546.443, 140
Trd, 4318546.593, 135
Trd, 4318547.093, 93
Trd, 4318548.243, 132
Trd, 4318549.443, 104
Trd, 4318549.793, 117
Trd, 4318551.043, 108
Trd, 4318551.543, 122
Trd, 4318551.643, 109
Trd, 4318552.193, 134
Trd, 4318552.293, 73
Trd, 4318553.693, 139
Trd, 4318554.393, 138
Trd, 4318556.143, 125
Trd, 4318557.093, 127
Trd, 4318557.493, 112
Trd, 4318557.543, 114
Trd, 4318558.293, 109
Trd, 4318558.443, 93
Trd, 4318558.793, 139
Trd, 4318561.593, 140
Trd, 4318562.093, 140
Trd, 4318562.793, 100
Trd, 4318562.993, 89
Trd, 4318565.143, 140
Trd, 4318565.443, 139
Trd, 4318565.993, 129
Trd, 4318566.493, 134
Trd, 4318566.993, 117
Trd, 4318567.743, 121
Trd, 4318568.043, 140
Trd, 4318568.143, 106
Trd, 4318569.143, 120
Trd, 4318570.693, 106
Trd, 4318570.743, 131
Trd, 4318570.993, 94
Trd, 4318572.593, 140
Trd, 4318573.443, 126
Trd, 4318573.593, 115
Trd, 4318574.243, 96
Trd, 4318574.543, 62
Trd, 4318575.293, 139
Trd, 4318575.593, 127
Trd, 4318576.293, 81
Trd, 4318577.143, 125
Trd, 4318577.643, 90
Trd, 4318578.643, 137
Trd, 4318578.693, 127
Trd, 4318578.943, 126
Trd, 4318579.393, 112
Trd, 4318580.543, 76
Trd, 4318581.143, 75
Trd, 4318581.443, 98
Trd, 4318583.543, 136
Trd, 4318584.093, 94
Trd, 4318584.393, 92
Trd, 4318585.193, 74
Trd, 4318585.793, 88
Trd, 4318585.943, 112
Trd, 4318586.493, 88
Trd, 4318587.593, 125
Trd, 4318588.043, 83
Trd, 4318588.593, 135
Trd, 4318589.243, 94
Trd, 4318589.293, 81
Trd, 4318589.593, 75
Trd, 4318592.393, 85
Trd, 4318592.893, 87
Trd, 4318593.093, 80
Trd, 4318593.243, 79
Trd, 4318593.943, 140
Trd, 4318594.643, 122
Trd, 4318595.193, 128
Trd, 4318595.593, 101
Trd, 4318596.193, 139
Trd, 4318596.493, 113
Trd, 4318596.793, 65
Trd, 4318597.743, 134
Trd, 4318598.543, 89
Trd, 4318599.443, 105
Trd, 4318599.793, 115
Trd, 4318600.943, 136
Trd, 4318601.193, 134
Trd, 4318601.993, 133
Trd, 4318603.893, 132
Trd, 4318604.393, 131
Trd, 4318604.443, 126
Trd, 4318604.793, 117
Trd, 4318605.443, 109
Trd, 4318607.443, 129
Trd, 4318607.493, 119
Trd, 4318607.993, 140
Trd, 4318609.093, 135
Trd, 4318609.693, 140
Trd, 4318609.743, 124
Trd, 4318610.343, 111
Trd, 4318610.893, 132
Trd, 4318611.543, 136
Trd, 4318612.543, 105
Trd, 4318613.093, 122
Trd, 4318613.243, 136
Trd, 4318613.443, 102
Trd, 4318613.943, 95
Trd, 4318614.993, 118
Trd, 4318616.243, 140
Trd, 4318617.793, 140
Trd, 4318618.093, 129
Trd, 4318618.343, 118
Trd, 4318619.293, 130
Trd, 4318619.593, 104
Trd, 4318619.643, 102
Trd, 4318619.793, 130
Trd, 4318620.543, 95
Trd, 4318621.143, 86
Trd, 4318622.893, 106
Trd, 4318623.543, 104
Trd, 4318624.143, 132
Trd, 4318624.443, 110
Trd, 4318624.993, 120
Trd, 4318625.443, 98
Trd, 4318626.593, 97
Trd, 4318626.643, 102
Trd, 4318626.943, 85
Trd, 4318627.343, 119
Trd, 4318627.693, 88
Trd, 4318628.693, 140
Trd, 4318629.743, 66
Trd, 4318630.893, 135
Trd, 4318631.093, 134
Trd, 4318631.443, 92
Trd, 4318632.243, 140
Trd, 4318634.393, 140
Trd, 4318634.593, 138
Trd, 4318635.793, 138
Trd, 4318636.443, 133
Trd, 4318636.543, 126
Trd, 4318637.093, 103
Trd, 4318637.393, 92
Trd, 4318638.943, 126
Trd, 4318639.893, 135
Trd, 4318640.343, 108
Trd, 4318641.293, 138
Trd, 4318642.593, 140
Trd, 4318642.843, 126
Trd, 4318642.893, 111
Trd, 4318643.443, 140
Trd, 4318644.043, 140
Trd, 4318644.293, 128
Trd, 4318646.093, 131
Trd, 4318646.293, 123
Trd, 4318647.193, 137
Trd, 4318647.293, 106
Trd, 4318647.793, 129
Trd, 4318648.343, 74
Trd, 4318651.293, 93
Trd, 4318651.393, 91
Trd, 4318652.693, 82
Trd, 4318654.443, 140
Trd, 4318654.543, 140
Trd, 4318655.193, 140
Trd, 4318655.643, 136
Trd, 4318655.843, 133
Trd, 4318656.243, 117
Trd, 4318656.993, 123
Trd, 4318657.993, 112
Trd, 4318658.593, 103
Trd, 4318658.693, 92
Trd, 4318659.493, 111
Trd, 4318659.893, 120
Trd, 4318659.993, 93
Trd, 4318660.043, 79
Trd, 4318662.143, 122
Trd, 4318662.793, 121
Trd, 4318663.093, 120
Trd, 4318663.493, 121
Trd, 4318663.993, 120
Trd, 4318665.043, 90
Trd, 4318666.143, 135
Trd, 4318666.643, 132
Trd, 4318666.743, 129
Trd, 4318668.093, 104
Trd, 4318669.393, 101
Trd, 4318669.993, 68
Trd, 4318670.343, 96
Trd, 4318672.493, 140
Trd, 4318672.993, 132
Trd, 4318673.043, 127
Trd, 4318673.543, 131
Trd, 4318673.843, 138
Trd, 4318674.843, 73
Trd, 4318675.343, 83
Trd, 4318676.643, 91
Trd, 4318677.693, 122
Trd, 4318678.293, 118
Trd, 4318678.693, 131
Trd, 4318679.843, 121
Trd, 4318680.343, 140
Trd, 4318680.743, 127
Trd, 4318680.893, 133
Trd, 4318681.893, 64
Trd, 4318681.943, 83
Trd, 4318682.743, 70
Trd, 4318683.043, 134
Trd, 4318683.793, 118
Trd, 4318684.843, 132
Trd, 4318685.993, 80
Trd, 4318686.143, 92
Trd, 4318687.443, 63
Trd, 4318687.693, 73
Trd, 4318688.893, 87
Trd, 4318688.943, 105
Trd, 4318689.593, 100
Trd, 4318690.643, 62
Trd, 4318691.443, 96
Trd, 4318691.943, 60
Trd, 4318692.243, 60
Trd, 4318693.843, 66
Trd, 4318693.893, 71
Trd, 4318694.243, 66
Trd, 4318695.543, 83
Trd, 4318697.543, 82
Trd, 4318697.593, 81
Trd, 4318697.743, 79
Trd, 4318697.943, 68
Trd, 4318698.593, 69
Trd, 4318699.943, 85
Trd, 4318700.243, 75
Trd, 4318700.793, 125
Trd, 4318701.893, 67
Trd, 4318702.193, 71
Trd, 4318702.743, 140
Trd, 4318702.943, 62
Trd, 4318704.343, 65
Trd, 4318704.643, 61
Trd, 4318706.393, 116
Trd, 4318706.593, 140
Trd, 4318707.743, 98
Trd, 4318707.943, 106
Trd, 4318708.643, 89
Trd, 4318709.043, 88
Trd, 4318710.843, 62
Trd, 4318711.993, 120
Trd, 4318712.043, 90
Trd, 4318713.143, 91
Trd, 4318715.043, 84
Trd, 4318715.143, 132
Trd, 4318715.843, 133
Trd, 4318716.193, 139
Trd, 4318716.693, 138
Trd, 4318717.093, 124
Trd, 4318717.993, 123
Trd, 4318718.543, 138
Trd, 4318719.493, 139
Trd, 4318720.293, 132
Trd, 4318720.493, 130
Trd, 4318720.893, 115
Trd, 4318721.643, 140
Trd, 4318721.793, 112
Trd, 4318722.093, 75
Trd, 4318723.343, 65
Trd, 4318724.143, 133
Trd, 4318724.643, 135
Trd, 4318726.093, 134
Trd, 4318726.643, 107
Trd, 4318728.293, 131
Trd, 4318728.743, 131
Trd, 4318729.143, 112
Trd, 4318729.843, 108
Trd, 4318730.343, 99
Trd, 4318730.643, 61
Trd, 4318731.243, 74
Trd, 4318731.343, 83
Trd, 4318731.643, 61
Trd, 4318731.743, 109
Trd, 4318732.393, 129
Trd, 4318733.693, 108
Trd, 4318733.893, 82
Trd, 4318734.543, 66
Trd, 4318735.843, 125
Trd, 4318737.043, 132
Trd, 4318737.243, 133
Trd, 4318737.393, 107
Trd, 4318739.193, 92
Trd, 4318740.093, 79
Trd, 4318740.193, 93
Trd, 4318740.793, 78
Trd, 4318740.943, 74
Trd, 4318741.593, 61
Trd, 4318744.043, 69
Trd, 4318744.843, 96
Trd, 4318745.193, 139
Trd, 4318746.243, 140
Trd, 4318747.243, 140
Trd, 4318747.293, 129
Trd, 4318747.593, 136
Trd, 4318747.893, 104
Trd, 4318749.093, 120
Trd, 4318749.893, 131
Trd, 4318749.943, 119
Trd, 4318750.443, 140
Trd, 4318750.943, 124
Trd, 4318751.143, 95
Trd, 4318752.143, 83
Trd, 4318752.343, 80
Trd, 4318753.693, 111
Trd, 4318753.793, 121
Trd, 4318754.443, 140
Trd, 4318755.293, 135
Trd, 4318755.593, 124
Trd, 4318756.093, 97
Trd, 4318756.693, 140
Trd, 4318758.043, 122
Trd, 4318758.543, 113
Trd, 4318758.593, 79
Trd, 4318759.143, 102
Trd, 4318760.793, 140
Trd, 4318762.093, 79
Trd, 4318762.143, 78
Trd, 4318762.443, 139
Trd, 4318762.993, 87
Trd, 4318763.843, 62
Trd, 4318763.893, 105
Trd, 4318764.943, 97
Trd, 4318765.893, 77
Trd, 4318767.093, 127
Trd, 4318767.343, 71
Trd, 4318767.543, 75
Trd, 4318767.943, 79
Trd, 4318768.693, 88
Trd, 4318769.393, 60
Trd, 4318769.943, 82
Trd, 4318770.793, 93
Trd, 4318772.693, 128
Trd, 4318772.743, 83
Trd, 4318772.993, 61
Trd, 4318774.343, 131
Trd, 4318774.643, 61
Trd, 4318774.793, 96
Trd, 4318775.893, 64
Trd, 4318776.393, 122
Trd, 4318777.243, 115
Trd, 4318777.993, 119
Trd, 4318778.193, 103
Trd, 4318778.493, 69
Trd, 4318779.993, 133
Trd, 4318780.493, 95
Trd, 4318780.793, 108
Trd, 4318781.493, 108
Trd, 4318781.793, 139
Trd, 4318781.993, 103
Trd, 4318783.743, 132
Trd, 4318784.643, 97
Trd, 4318785.293, 108
Trd, 4318785.643, 127
Trd, 4318785.893, 70
Trd, 4318786.343, 85
Trd, 4318787.143, 75
Trd, 4318788.243, 136
Trd, 4318789.143, 72
Trd, 4318790.243, 139
Trd, 4318790.293, 138
Trd, 4318791.393, 113
Trd, 4318791.743, 87
Trd, 4318793.243, 109
Trd, 4318793.393, 140
Trd, 4318793.993, 125
Trd, 4318794.493, 83
Trd, 4318796.393, 89
Trd, 4318796.843, 88
Trd, 4318797.893, 108
Trd, 4318798.843, 133
Trd, 4318798.943, 122
Trd, 4318799.043, 136
Trd, 4318800.593, 123
Trd, 4318801.043, 109
Trd, 4318801.893, 95
Trd, 4318803.443, 140
Trd, 4318804.243, 132
Trd, 4318804.543, 131
Trd, 4318805.243, 124
Trd, 4318806.793, 139
Trd, 4318807.843, 114
Trd, 4318808.693, 140
Trd, 4318810.043, 140
Trd, 4318810.643, 128
Trd, 4318810.993, 126
Trd, 4318811.393, 134
Trd, 4318812.293, 131
Trd, 4318813.593, 107
Trd, 4318813.893, 104
Trd, 4318814.093, 96
Trd, 4318814.193, 76
Trd, 4318815.093, 119
Trd, 4318816.093, 130
Trd, 4318817.043, 132
Trd, 4318817.393, 140
Trd, 4318817.943, 131
Trd, 4318818.693, 110
Trd, 4318821.893, 113
Trd, 4318822.493, 102
Trd, 4318822.843, 111
Trd, 4318823.343, 91
Trd, 4318823.943, 135
Trd, 4318824.243, 130
Trd, 4318825.243, 127
Trd, 4318825.843, 137
Trd, 4318826.443, 112
Trd, 4318827.143, 140
Trd, 4318828.143, 134
Trd, 4318829.343, 108
Trd, 4318830.043, 133
Trd, 4318830.093, 100
Trd, 4318831.293, 114
Trd, 4318831.943, 122
Trd, 4318832.393, 90
Trd, 4318832.793, 131
Trd, 4318834.243, 126
Trd, 4318836.693, 84
Trd, 4318837.093, 102
Trd, 4318837.693, 140
Trd, 4318838.043, 127
Trd, 4318838.393, 102
Trd, 4318838.843, 133
Trd, 4318839.093, 132
Trd, 4318839.643, 140
Trd, 4318841.443, 102
Trd, 4318841.743, 100
Trd, 4318843.293, 117
Trd, 4318843.693, 99
Trd, 4318844.993, 95
Trd, 4318845.943, 124
Trd, 4318846.193, 111
Trd, 4318848.093, 130
Trd, 4318848.543, 125
Trd, 4318848.593, 116
Trd, 4318849.843, 81
Trd, 4318850.143, 140
Trd, 4318850.293, 137
Trd, 4318850.843, 99
Trd, 4318850.943, 79
Trd, 4318851.193, 62
Trd, 4318852.043, 81
Trd, 4318852.543, 72
Trd, 4318854.193, 138
Trd, 4318854.343, 124
Trd, 4318855.243, 82
Trd, 4318855.343, 93
Trd, 4318856.343, 122
Trd, 4318857.093, 139
Trd, 4318857.143, 124
Trd, 4318857.393, 117
Trd, 4318857.743, 105
Trd, 4318858.543, 61
Trd, 4318859.243, 65
Trd, 4318859.543, 60
Trd, 4318860.643, 62
Trd, 4318861.693, 61
Trd, 4318863.043, 110
Trd, 4318863.543, 108
Trd, 4318864.093, 95
Trd, 4318865.393, 91
Trd, 4318865.493, 96
Trd, 4318865.593, 78
Trd, 4318866.943, 62
Trd, 4318867.093, 69
Trd, 4318868.743, 65
Trd, 4318869.243, 63
Trd, 4318870.493, 133
Trd, 4318870.943, 139
Trd, 4318871.043, 131
Trd, 4318871.443, 130
Trd, 4318873.593, 137
Trd, 4318874.193, 136
Trd, 4318874.293, 115
Trd, 4318874.493, 112
Trd, 4318875.693, 68
Trd, 4318876.043, 140
Trd, 4318876.793, 127
Trd, 4318877.693, 101
Trd, 4318879.393, 108
Trd, 4318879.643, 114
Trd, 4318880.193, 96
Trd, 4318881.493, 60
Trd, 4318882.143, 123
Trd, 4318882.993, 106
Trd, 4318883.143, 88
Trd, 4318883.943, 138
Trd, 4318884.443, 136
Trd, 4318886.243, 140
Trd, 4318886.543, 123
Trd, 4318886.693, 116
Trd, 4318887.243, 95
Trd, 4318888.093, 67
Trd, 4318889.043, 137
Trd, 4318890.943, 111
Trd, 4318890.993, 116
Trd, 4318891.143, 109
Trd, 4318891.243, 140
Trd, 4318892.093, 108
Trd, 4318892.293, 104
Trd, 4318893.543, 127
Trd, 4318893.843, 66
Trd, 4318894.343, 121
Trd, 4318894.643, 73
Trd, 4318896.893, 111
Trd, 4318897.193, 140
Trd, 4318898.643, 122
Trd, 4318899.243, 139
Trd, 4318899.643, 105
Trd, 4318901.343, 110
Trd, 4318901.993, 102
Trd, 4318902.393, 101
Trd, 4318902.593, 93
Trd, 4318902.943, 96
Trd, 4318903.243, 90
Trd, 4318904.443, 127
Trd, 4318905.193, 87
Trd, 4318905.243, 87
Trd, 4318906.743, 138
Trd, 4318907.143, 131
Trd, 4318907.193, 117
Trd, 4318907.743, 100
Trd, 4318908.943, 106
Trd, 4318909.193, 101
Trd, 4318909.543, 91
Trd, 4318911.843, 110
Trd, 4318912.493, 140
Trd, 4318912.943, 102
Trd, 4318912.993, 96
Trd, 4318913.943, 137
Trd, 4318914.243, 136
Trd, 4318914.393, 117
Trd, 4318914.943, 99
Trd, 4318916.493, 123
Trd, 4318916.793, 113
Trd, 4318917.193, 108
Trd, 4318918.393, 131
Trd, 4318919.393, 129
Trd, 4318919.743, 112
Trd, 4318920.143, 91
Trd, 4318920.293, 86
Trd, 4318920.693, 80
Trd, 4318922.293, 140
Trd, 4318922.693, 139
Trd, 4318923.893, 91
Trd, 4318924.193, 127
Trd, 4318924.443, 131
Trd, 4318924.793, 120
Trd, 4318924.893, 108
Trd, 4318926.193, 140
Trd, 4318926.393, 138
Trd, 4318926.743, 113
Trd, 4318928.193, 117
Trd, 4318929.093, 91
Trd, 4318930.793, 110
Trd, 4318930.843, 131
Trd, 4318931.243, 102
Trd, 4318932.093, 83
Trd, 4318932.243, 62
Trd, 4318932.893, 140
Trd, 4318934.393, 64
Trd, 4318935.143, 76
Trd, 4318935.643, 80
Trd, 4318936.543, 81
Trd, 4318936.793, 93
Trd, 4318937.593, 128
Trd, 4318937.843, 126
Trd, 4318939.293, 109
Trd, 4318939.793, 139
Trd, 4318940.393, 82
Trd, 4318941.993, 137
Trd, 4318942.743, 129
Trd, 4318942.843, 122
Trd, 4318942.893, 115
Trd, 4318944.093, 137
Trd, 4318944.143, 136
Trd, 4318944.893, 109
Trd, 4318945.143, 91
Trd, 4318945.693, 70
Trd, 4318947.193, 104
Trd, 4318948.043, 114
Trd, 4318948.243, 116
Trd, 4318948.393, 104
Trd, 4318949.793, 103
Trd, 4318950.193, 103
Trd, 4318951.043, 140
Trd, 4318951.593, 140
Trd, 4318951.893, 105
Trd, 4318952.643, 100
Trd, 4318953.043, 94
Trd, 4318954.143, 91
Trd, 4318954.243, 137
Trd, 4318954.343, 86
Trd, 4318954.943, 139
Trd, 4318955.343, 135
Trd, 4318956.293, 112
Trd, 4318957.793, 139
Trd, 4318959.843, 111
Trd, 4318960.143, 137
Trd, 4318960.593, 134
Trd, 4318960.993, 140
Trd, 4318961.443, 140
Trd, 4318961.593, 136
Trd, 4318961.843, 125
Trd, 4318962.593, 106
Trd, 4318963.443, 140
Trd, 4318963.893, 140
Trd, 4318964.143, 107
Trd, 4318965.443, 106
Trd, 4318966.193, 124
Trd, 4318966.793, 101
Trd, 4318966.993, 92
Trd, 4318967.743, 111
Trd, 4318969.093, 102
Trd, 4318969.493, 119
Trd, 4318971.243, 140
Trd, 4318971.393, 108
Trd, 4318972.793, 140
Trd, 4318973.093, 137
Trd, 4318974.643, 135
Trd, 4318975.993, 111
Trd, 4318976.243, 99
Trd, 4318976.343, 91
Trd, 4318976.893, 92
Trd, 4318977.493, 115
Trd, 4318978.893, 124
Trd, 4318979.393, 117
Trd, 4318979.643, 99
Trd, 4318980.493, 84
Trd, 4318981.343, 124
Trd, 4318981.993, 139
Trd, 4318982.393, 127
Trd, 4318982.493, 113
Trd, 4318982.893, 104
Trd, 4318984.243, 88
Trd, 4318984.593, 140
Trd, 4318985.593, 119
Trd, 4318985.743, 105
Trd, 4318986.893, 132
Trd, 4318988.043, 140
Trd, 4318989.093, 130
Trd, 4318990.793, 127
Trd, 4318991.993, 117
Trd, 4318993.293, 132
Trd, 4318993.693, 112
Trd, 4318993.893, 129
Trd, 4318994.343, 140
Trd, 4318995.293, 110
Trd, 4318995.793, 95
Trd, 4318996.393, 119
Trd, 4318997.393, 139
Trd, 4318997.443, 124
Trd, 4318998.293, 63
Trd, 4318999.843, 88
Trd, 4319000.143, 131
Trd, 4319000.943, 106
Trd, 4319001.193, 135
Trd, 4319001.743, 99
Trd, 4319002.143, 98
Trd, 4319003.043, 139
Trd, 4319003.193, 88
Trd, 4319004.493, 105
Trd, 4319004.893, 131
Trd, 4319005.843, 110
Trd, 4319006.093, 115
Trd, 4319006.343, 112
Trd, 4319006.843, 98
Trd, 4319007.143, 95
Trd, 4319007.993, 71
Trd, 4319008.893, 80
Trd, 4319010.243, 140
Trd, 4319010.493, 130
Trd, 4319012.393, 138
Trd, 4319012.493, 123
Trd, 4319013.043, 127
Trd, 4319013.143, 119
Trd, 4319013.543, 140
Trd, 4319014.793, 140
Trd, 4319015.293, 117
Trd, 4319016.043, 108
Trd, 4319018.043, 108
Trd, 4319018.493, 127
Trd, 4319019.193, 118
Trd, 4319019.543, 105
Trd, 4319020.543, 103
Trd, 4319020.643, 101
Trd, 4319020.743, 90
Trd, 4319022.193, 139
Trd, 4319023.893, 121
Trd, 4319024.043, 120
Trd, 4319024.193, 119
Trd, 4319024.993, 132
Trd, 4319025.543, 103
Trd, 4319027.143, 113
Trd, 4319027.243, 85
Trd, 4319027.843, 132
Trd, 4319028.593, 109
Trd, 4319028.843, 106
Trd, 4319029.093, 85
Trd, 4319029.293, 80
Trd, 4319030.193, 139
Trd, 4319030.243, 125
Trd, 4319032.443, 129
Trd, 4319033.093, 114
Trd, 4319033.193, 82
Trd, 4319033.743, 140
Trd, 4319034.943, 139
Trd, 4319035.943, 132
Trd, 4319036.443, 120
Trd, 4319037.493, 95
Trd, 4319037.743, 125
Trd, 4319038.843, 121
Trd, 4319039.193, 110
Trd, 4319039.743, 140
Trd, 4319040.043, 140
Trd, 4319040.443, 87
Trd, 4319041.043, 133
Trd, 4319042.443, 130
Trd, 4319043.793, 116
Trd, 4319044.593, 133
Trd, 4319044.643, 120
Trd, 4319045.093, 137
Trd, 4319046.143, 99
Trd, 4319047.293, 98
Trd, 4319047.493, 90
Trd, 4319047.543, 118
Trd, 4319047.843, 109
Trd, 4319048.893, 127
Trd, 4319049.843, 135
Trd, 4319051.343, 108
Trd, 4319052.143, 140
Trd, 4319053.243, 89
Trd, 4319053.943, 82
Trd, 4319055.293, 99
Trd, 4319055.593, 90
Trd, 4319055.693, 84
Trd, 4319056.143, 118
Trd, 4319056.743, 93
Trd, 4319057.543, 117
Trd, 4319057.843, 121
Trd, 4319057.943, 84
Trd, 4319058.043, 77
Trd, 4319058.343, 72
Trd, 4319059.743, 135
Trd, 4319059.843, 110
Trd, 4319060.543, 125
Trd, 4319061.393, 139
Trd, 4319062.243, 138
Trd, 4319062.443, 115
Trd, 4319062.993, 138
Trd, 4319063.443, 124
Trd, 4319063.793, 135
Trd, 4319066.193, 129
Trd, 4319066.743, 83
Trd, 4319067.543, 77
Trd, 4319067.993, 140
Trd, 4319069.393, 104
Trd, 4319070.193, 138
Trd, 4319070.493, 125
Trd, 4319071.143, 94
Trd, 4319071.643, 92
Trd, 4319072.393, 77
Trd, 4319072.443, 95
Trd, 4319072.693, 63
Trd, 4319073.493, 60
Trd, 4319074.093, 65
Trd, 4319075.543, 73
Trd, 4319076.393, 96
Trd, 4319076.743, 69
Trd, 4319077.493, 85
Trd, 4319079.243, 140
Trd, 4319081.043, 140
Trd, 4319081.793, 140
Trd, 4319081.893, 134
Trd, 4319082.293, 137
Trd, 4319082.893, 125
Trd, 4319083.043, 116
Trd, 4319083.443, 94
Trd, 4319083.693, 99
Trd, 4319084.193, 133
Trd, 4319084.793, 139
Trd, 4319085.093, 110
Trd, 4319086.093, 84
Trd, 4319086.443, 91
Trd, 4319087.043, 139
Trd, 4319088.643, 129
Trd, 4319089.443, 140
Trd, 4319090.043, 140
Trd, 4319090.093, 105
Trd, 4319090.493, 134
Trd, 4319091.143, 103
Trd, 4319091.693, 107
Trd, 4319092.293, 130
Trd, 4319093.293, 133
Trd, 4319093.493, 117
Trd, 4319096.193, 105
Trd, 4319097.143, 96
Trd, 4319097.693, 138
Trd, 4319097.743, 119
Trd, 4319097.893, 107
Trd, 4319098.193, 136
Trd, 4319098.593, 139
Trd, 4319098.843, 126
Trd, 4319099.243, 108
Trd, 4319099.743, 100
Trd, 4319100.693, 133
Trd, 4319102.043, 125
Trd, 4319102.743, 114
Trd, 4319103.343, 103
Trd, 4319104.043, 140
Trd, 4319104.493, 138
Trd, 4319105.793, 89
Trd, 4319106.193, 107
Trd, 4319106.493, 85
Trd, 4319108.643, 139
Trd, 4319108.793, 124
Trd, 4319109.293, 140
Trd, 4319109.593, 129
Trd, 4319110.243, 123
Trd, 4319111.393, 140
Trd, 4319113.593, 128
Trd, 4319113.743, 114
Trd, 4319114.793, 137
Trd, 4319115.693, 132
Trd, 4319116.443, 124
Trd, 4319116.593, 115
Trd, 4319117.193, 116
Trd, 4319117.993, 80
Trd, 4319118.843, 61
Trd, 4319119.793, 75
Trd, 4319120.143, 87
Trd, 4319120.543, 70
Trd, 4319120.693, 82
Trd, 4319120.943, 91
Trd, 4319122.143, 101
Trd, 4319122.543, 64
Trd, 4319123.143, 87
Trd, 4319123.993, 126
Trd, 4319124.243, 116
Trd, 4319124.893, 123
Trd, 4319125.693, 104
Trd, 4319126.343, 90
Trd, 4319126.443, 86
Trd, 4319127.493, 60
Trd, 4319128.493, 90
Trd, 4319130.043, 140
Trd, 4319131.343, 138
Trd, 4319131.693, 125
Trd, 4319131.743, 116
Trd, 4319132.543, 129
Trd, 4319132.793, 92
Trd, 4319133.793, 133
Trd, 4319134.643, 125
Trd, 4319134.893, 111
Trd, 4319134.993, 102
Trd, 4319135.793, 72
Trd, 4319136.143, 75
Trd, 4319136.693, 80
Trd, 4319136.743, 108
Trd, 4319139.043, 75
Trd, 4319139.593, 95
Trd, 4319140.293, 132
Trd, 4319140.393, 121
Trd, 4319140.543, 118
Trd, 4319141.793, 140
Trd, 4319142.743, 121
Trd, 4319142.943, 114
Trd, 4319143.443, 129
Trd, 4319144.393, 113
Trd, 4319146.143, 140
Trd, 4319146.343, 139
Trd, 4319146.993, 127
Trd, 4319149.293, 132
Trd, 4319149.343, 120
Trd, 4319149.893, 126
Trd, 4319150.043, 97
Trd, 4319151.093, 96
Trd, 4319151.493, 68
Trd, 4319152.093, 106
Trd, 4319152.393, 66
Trd, 4319153.743, 88
Trd, 4319154.043, 140
Trd, 4319155.193, 110
Trd, 4319155.243, 84
Trd, 4319155.343, 76
Trd, 4319155.993, 102
Trd, 4319156.543, 116
Trd, 4319158.043, 83
Trd, 4319158.093, 84
Trd, 4319159.593, 88
Trd, 4319160.043, 98
Trd, 4319160.743, 81
Trd, 4319160.993, 97
Trd, 4319161.943, 130
Trd, 4319162.393, 111
Trd, 4319165.443, 140
Trd, 4319165.493, 139
Trd, 4319165.843, 63
Trd, 4319166.893, 135
Trd, 4319166.993, 122
Trd, 4319167.543, 132
Trd, 4319168.593, 119
Trd, 4319168.693, 122
Trd, 4319171.343, 135
Trd, 4319171.443, 122
Trd, 4319173.343, 133
Trd, 4319173.443, 130
Trd, 4319173.543, 126
Trd, 4319173.593, 103
Trd, 4319173.643, 80
Trd, 4319173.893, 73
Trd, 4319175.293, 63
Trd, 4319175.893, 70
Trd, 4319176.743, 60
Trd, 4319177.893, 140
Trd, 4319178.093, 124
Trd, 4319179.643, 125
Trd, 4319181.543, 140
Trd, 4319182.293, 136
Trd, 4319182.543, 124
Trd, 4319183.493, 134
Trd, 4319184.343, 126
Trd, 4319184.443, 113
Trd, 4319184.593, 98
Trd, 4319184.643, 86
Trd, 4319186.993, 127
Trd, 4319187.043, 121
Trd, 4319187.293, 114
Trd, 4319188.443, 89
Trd, 4319188.743, 104
Trd, 4319189.243, 138
Trd, 4319189.643, 139
Trd, 4319189.993, 108
Trd, 4319190.393, 67
Trd, 4319191.093, 85
Trd, 4319191.643, 132
Trd, 4319192.393, 67
Trd, 4319193.293, 78
Trd, 4319194.193, 139
Trd, 4319194.643, 129
Trd, 4319194.743, 138
Trd, 4319195.143, 127
Trd, 4319196.293, 105
Trd, 4319196.893, 112
Trd, 4319198.343, 87
Trd, 4319198.693, 70
Trd, 4319198.743, 98
Trd, 4319200.093, 138
Trd, 4319200.293, 80
Trd, 4319203.043, 133
Trd, 4319203.193, 128
Trd, 4319204.193, 97
Trd, 4319205.043, 139
Trd, 4319205.443, 115
Trd, 4319205.543, 114
Trd, 4319205.793, 105
Trd, 4319206.593, 96
Trd, 4319206.843, 103
Trd, 4319206.893, 128
Trd, 4319207.793, 121
Trd, 4319208.243, 92
Trd, 4319210.343, 78
Trd, 4319210.543, 103
Trd, 4319211.243, 117
Trd, 4319211.393, 72
Trd, 4319212.393, 60
Trd, 4319212.793, 75
Trd, 4319214.293, 140
Trd, 4319214.343, 139
Trd, 4319214.793, 140
Trd, 4319215.443, 78
Trd, 4319215.793, 74
Trd, 4319216.093, 113
Trd, 4319218.643, 139
Trd, 4319219.393, 110
Trd, 4319219.843, 115
Trd, 4319219.943, 82
Trd, 4319220.743, 118
Trd, 4319221.043, 65
Trd, 4319221.693, 68
Trd, 4319222.143, 110
Trd, 4319222.393, 140
Trd, 4319225.643, 75
Trd, 4319226.243, 84
Trd, 4319226.643, 66
Trd, 4319227.693, 140
Trd, 4319227.843, 134
Trd, 4319227.893, 133
Trd, 4319229.593, 116
Trd, 4319232.343, 130
Trd, 4319232.643, 129
Trd, 4319233.393, 105
Trd, 4319235.043, 108
Trd, 4319235.343, 120
Trd, 4319236.193, 140
Trd, 4319236.593, 108
Trd, 4319237.693, 111
Trd, 4319237.893, 110
Trd, 4319238.993, 98
Trd, 4319240.093, 90
Trd, 4319240.743, 140
Trd, 4319241.493, 136
Trd, 4319242.993, 126
Trd, 4319243.493, 140
Trd, 4319244.693, 119
Trd, 4319245.393, 109
Trd, 4319245.543, 128
Trd, 4319246.793, 96
Trd, 4319247.143, 120
Trd, 4319247.643, 140
Trd, 4319247.693, 129
Trd, 4319247.743, 89
Trd, 4319249.743, 65
Trd, 4319250.043, 68
Trd, 4319252.593, 64
Trd, 4319253.343, 84
Trd, 4319253.793, 72
Trd, 4319254.143, 65
Trd, 4319255.593, 100
Trd, 4319255.943, 72
Trd, 4319256.193, 119
Trd, 4319256.593, 98
Trd, 4319256.993, 109
Trd, 4319257.193, 61
Trd, 4319258.993, 67
Trd, 4319260.093, 65
Trd, 4319260.943, 63
Trd, 4319262.743, 101
Trd, 4319263.243, 82
Trd, 4319264.243, 133
Trd, 4319264.393, 136
Trd, 4319264.743, 114
Trd, 4319265.493, 107
Trd, 4319266.243, 110
Trd, 4319266.293, 139
Trd, 4319267.293, 102
Trd, 4319267.693, 103
Trd, 4319268.893, 137
Trd, 4319269.693, 139
Trd, 4319270.443, 103
Trd, 4319272.143, 133
Trd, 4319272.443, 120
Trd, 4319272.993, 139
Trd, 4319273.093, 114
Trd, 4319273.543, 140
Trd, 4319275.193, 138
Trd, 4319275.543, 115
Trd, 4319275.843, 111
Trd, 4319276.093, 107
Trd, 4319277.193, 97
Trd, 4319278.593, 129
Trd, 4319279.193, 131
Trd, 4319279.943, 125
Trd, 4319280.993, 123
Trd, 4319281.093, 102
Trd, 4319281.693, 124
Trd, 4319282.643, 115
Trd, 4319283.893, 108
Trd, 4319284.093, 86
Trd, 4319284.293, 86
Trd, 4319284.793, 63
Trd, 4319286.143, 131
Trd, 4319287.193, 136
Trd, 4319287.393, 71
Trd, 4319288.493, 120
Trd, 4319288.593, 119
Trd, 4319289.043, 118
Trd, 4319289.393, 108
Trd, 4319289.793, 107
Trd, 4319290.793, 107
Trd, 4319292.243, 122
Trd, 4319292.293, 120
Trd, 4319294.993, 140
Trd, 4319295.893, 140
Trd, 4319296.493, 136
Trd, 4319296.593, 126
Trd, 4319297.043, 137
Trd, 4319297.593, 126
Trd, 4319297.793, 134
Trd, 4319298.643, 105
Trd, 4319300.193, 66
Trd, 4319300.743, 113
Trd, 4319300.943, 107
Trd, 4319302.393, 111
Trd, 4319303.043, 126
Trd, 4319303.343, 109
Trd, 4319303.893, 129
Trd, 4319304.593, 109
Trd, 4319304.893, 105
Trd, 4319307.543, 140
Trd, 4319307.643, 140
Trd, 4319307.693, 138
Trd, 4319307.993, 106
Trd, 4319308.793, 127
Trd, 4319308.843, 119
Trd, 4319310.393, 95
Trd, 4319310.593, 89
Trd, 4319310.993, 104
Trd, 4319312.043, 134
Trd, 4319312.343, 137
Trd, 4319312.893, 138
Trd, 4319312.993, 120
Trd, 4319314.093, 81
Trd, 4319315.493, 79
Trd, 4319316.393, 81
Trd, 4319316.443, 106
Trd, 4319316.993, 79
Trd, 4319317.243, 82
Trd, 4319319.343, 61
Trd, 4319319.543, 78
Trd, 4319320.043, 91
Trd, 4319321.593, 125
Trd, 4319322.143, 124
Trd, 4319322.443, 122
Trd, 4319322.743, 111
Trd, 4319323.493, 72
Trd, 4319324.643, 65
Trd, 4319325.143, 70
Trd, 4319325.243, 95
Trd, 4319326.693, 134
Trd, 4319326.793, 83
Trd, 4319328.293, 72
Trd, 4319328.643, 71
Trd, 4319329.043, 70
Trd, 4319330.493, 82
Trd, 4319331.293, 138
Trd, 4319331.743, 118
Trd, 4319332.643, 140
Trd, 4319334.143, 80
Trd, 4319335.643, 98
Trd, 4319335.743, 117
Trd, 4319336.493, 103
Trd, 4319336.793, 106
Trd, 4319337.843, 140
Trd, 4319337.993, 128
Trd, 4319338.443, 99
Trd, 4319339.493, 134
Trd, 4319339.743, 99
Trd, 4319339.893, 92
Trd, 4319340.093, 88
Trd, 4319341.143, 139
Trd, 4319341.893, 139
Trd, 4319341.943, 139
Trd, 4319342.393, 129
Trd, 4319342.693, 117
Trd, 4319344.293, 140
Trd, 4319345.293, 131
Trd, 4319345.843, 119
Trd, 4319346.443, 139
Trd, 4319346.493, 137
Trd, 4319347.893, 114
Trd, 4319349.693, 101
Trd, 4319349.843, 102
Trd, 4319349.943, 92
Trd, 4319350.793, 70
Trd, 4319351.593, 140
Trd, 4319352.293, 129
Trd, 4319353.543, 138
Trd, 4319353.643, 110
Trd, 4319354.143, 79
Trd, 4319354.543, 67
Trd, 4319355.443, 140
Trd, 4319355.843, 115
Trd, 4319357.143, 124
Trd, 4319357.643, 122
Trd, 4319358.293, 109
Trd, 4319358.543, 135
Trd, 4319358.843, 107
Trd, 4319360.343, 122
Trd, 4319360.993, 132
Trd, 4319361.443, 124
Trd, 4319361.943, 121
Trd, 4319362.143, 110
Trd, 4319362.693, 116
Trd, 4319363.943, 139
Trd, 4319365.193, 135
Trd, 4319366.793, 115
Trd, 4319366.943, 110
Trd, 4319367.143, 105
Trd, 4319368.143, 80
Trd, 4319368.243, 84
Trd, 4319368.493, 102
Trd, 4319368.943, 116
Trd, 4319369.793, 96
Trd, 4319371.293, 134
Trd, 4319373.243, 113
Trd, 4319373.743, 93
Trd, 4319373.993, 99
Trd, 4319374.343, 101
Trd, 4319375.843, 115
Trd, 4319376.243, 140
Trd, 4319377.343, 108
Trd, 4319377.793, 87
Trd, 4319377.993, 100
Trd, 4319378.093, 86
Trd, 4319378.443, 69
Trd, 4319378.643, 87
Trd, 4319379.793, 107
Trd, 4319380.593, 105
Trd, 4319381.893, 120
Trd, 4319382.343, 107
Trd, 4319382.843, 139
Trd, 4319383.393, 112
Trd, 4319383.443, 73
Trd, 4319383.793, 110
Trd, 4319384.843, 138
Trd, 4319385.593, 126
Trd, 4319386.093, 75
Trd, 4319386.443, 100
Trd, 4319386.843, 80
Trd, 4319387.393, 82
Trd, 4319388.543, 101
Trd, 4319388.893, 78
Trd, 4319389.193, 109
Trd, 4319390.443, 140
Trd, 4319391.043, 124
Trd, 4319392.743, 62
Trd, 4319393.693, 60
Trd, 4319395.243, 67
Trd, 4319395.893, 67
Trd, 4319395.993, 71
Trd, 4319396.093, 78
Trd, 4319396.193, 74
Trd, 4319397.643, 84
Trd, 4319398.443, 119
Trd, 4319398.643, 90
Trd, 4319399.243, 130
Trd, 4319399.793, 73
Trd, 4319400.943, 63
Trd, 4319401.543, 139
Trd, 4319401.643, 124
Trd, 4319402.743, 67
Trd, 4319403.343, 133
Trd, 4319404.343, 125
Trd, 4319405.343, 119
Trd, 4319405.943, 140
Trd, 4319406.243, 140
Trd, 4319406.593, 124
Trd, 4319407.093, 81
Trd, 4319408.443, 63
Trd, 4319409.243, 132
Trd, 4319409.643, 78
Trd, 4319411.243, 83
Trd, 4319411.693, 60
Trd, 4319411.743, 65
Trd, 4319413.393, 111
Trd, 4319413.693, 117
Trd, 4319415.143, 67
Trd, 4319417.293, 90
Trd, 4319417.443, 89
Trd, 4319418.543, 85
Trd, 4319418.743, 88
Trd, 4319419.393, 94
Trd, 4319420.293, 112
Trd, 4319420.343, 73
Trd, 4319421.043, 97
Trd, 4319421.293, 73
Trd, 4319421.843, 70
Trd, 4319422.643, 86
Trd, 4319423.243, 106
Trd, 4319423.293, 86
Trd, 4319423.393, 82
Trd, 4319424.243, 71
Trd, 4319425.143, 72
Trd, 4319425.343, 106
Trd, 4319427.093, 140
Trd, 4319429.093, 119
Trd, 4319429.543, 112
Trd, 4319430.043, 94
Trd, 4319430.343, 117
Trd, 4319430.793, 138
Trd, 4319432.943, 140
Trd, 4319433.293, 140
Trd, 4319433.543, 99
Trd, 4319433.943, 122
Trd, 4319434.993, 93
Trd, 4319435.293, 104
Trd, 4319436.343, 68
Trd, 4319436.593, 86
Trd, 4319437.393, 138
Trd, 4319438.193, 127
Trd, 4319438.493, 109
Trd, 4319439.143, 107
Trd, 4319439.643, 72
Trd, 4319440.993, 135
Trd, 4319441.293, 95
Trd, 4319441.943, 140
Trd, 4319442.293, 132
Trd, 4319444.293, 60
Trd, 4319444.693, 104
Trd, 4319444.893, 85
Trd, 4319445.293, 95
Trd, 4319445.693, 119
Trd, 4319447.043, 111
Trd, 4319448.193, 102
Trd, 4319448.493, 70
Trd, 4319448.693, 139
Trd, 4319450.443, 139
Trd, 4319450.593, 139
Trd, 4319450.643, 130
Trd, 4319451.443, 82
Trd, 4319452.593, 60
Trd, 4319454.143, 60
Trd, 4319454.843, 66
Trd, 4319455.193, 96
Trd, 4319456.043, 62
Trd, 4319456.293, 115
Trd, 4319457.143, 74
Trd, 4319458.793, 123
Trd, 4319458.843, 113
Trd, 4319458.943, 128
Trd, 4319459.343, 93
Trd, 4319460.093, 77
Trd, 4319461.043, 105
Trd, 4319462.543, 138
Trd, 4319463.143, 138
Trd, 4319464.993, 126
Trd, 4319465.193, 108
Trd, 4319465.643, 106
Trd, 4319465.843, 102
Trd, 4319465.993, 140
Trd, 4319467.093, 80
Trd, 4319467.793, 75
Trd, 4319468.143, 84
Trd, 4319468.643, 74
Trd, 4319469.743, 77
Trd, 4319471.643, 113
Trd, 4319471.993, 125
Trd, 4319472.343, 112
Trd, 4319472.893, 110
Trd, 4319473.293, 99
Trd, 4319474.393, 139
Trd, 4319474.743, 139
Trd, 4319476.543, 137
Trd, 4319477.793, 118
Trd, 4319478.193, 117
Trd, 4319478.643, 123
Trd, 4319479.343, 122
Trd, 4319479.643, 120
Trd, 4319479.743, 125
Trd, 4319479.993, 116
Trd, 4319480.593, 123
Trd, 4319480.843, 115
Trd, 4319481.643, 131
Trd, 4319483.293, 139
Trd, 4319483.743, 133
Trd, 4319483.943, 89
Trd, 4319484.143, 86
Trd, 4319484.493, 85
Trd, 4319485.543, 96
Trd, 4319486.093, 103
Trd, 4319487.043, 139
Trd, 4319488.093, 114
Trd, 4319489.593, 109
Trd, 4319489.893, 108
Trd, 4319490.143, 91
Trd, 4319490.693, 64
Trd, 4319491.143, 87
Trd, 4319491.393, 117
Trd, 4319491.693, 134
Trd, 4319494.043, 102
Trd, 4319494.843, 124
Trd, 4319495.743, 138
Trd, 4319496.943, 72
Trd, 4319497.943, 89
Trd, 4319498.193, 139
Trd, 4319498.343, 72
Trd, 4319499.093, 69
Trd, 4319500.693, 124
Trd, 4319501.143, 109
Trd, 4319501.243, 128
Trd, 4319501.343, 102
Trd, 4319501.793, 99
Trd, 4319502.193, 95
Trd, 4319503.743, 76
Trd, 4319504.793, 138
Trd, 4319505.393, 104
Trd, 4319506.243, 140
Trd, 4319507.343, 135
Trd, 4319507.643, 125
Trd, 4319507.743, 126
Trd, 4319508.143, 120
Trd, 4319508.243, 109
Trd, 4319509.843, 140
Trd, 4319509.993, 139
Trd, 4319510.143, 137
Trd, 4319511.343, 125
Trd, 4319511.793, 116
Trd, 4319512.693, 140
Trd, 4319514.393, 105
Trd, 4319514.643, 101
Trd, 4319516.143, 113
Trd, 4319516.843, 108
Trd, 4319517.043, 101
Trd, 4319517.293, 97
Trd, 4319517.743, 121
Trd, 4319518.143, 140
Trd, 4319518.643, 130
Trd, 4319518.843, 122
Trd, 4319520.393, 127
Trd, 4319520.493, 121
Trd, 4319522.143, 134
Trd, 4319522.293, 109
Trd, 4319523.493, 62
Trd, 4319523.793, 88
Trd, 4319523.943, 133
Trd, 4319524.293, 140
Trd, 4319526.793, 66
Trd, 4319527.443, 69
Trd, 4319527.793, 78
Trd, 4319528.843, 102
Trd, 4319529.693, 109
Trd, 4319530.393, 64
Trd, 4319531.543, 83
Trd, 4319533.043, 136
Trd, 4319533.693, 135
Trd, 4319533.793, 133
Trd, 4319534.543, 72
Trd, 4319534.643, 103
Trd, 4319534.693, 124
Trd, 4319535.543, 96
Trd, 4319535.943, 94
Trd, 4319536.443, 77
Trd, 4319537.993, 116
Trd, 4319538.243, 109
Trd, 4319539.543, 101
Trd, 4319540.193, 124
Trd, 4319540.743, 139
Trd, 4319541.893, 138
Trd, 4319542.543, 112
Trd, 4319542.843, 106
Trd, 4319544.043, 124
Trd, 4319544.393, 97
Trd, 4319545.643, 110
Trd, 4319545.943, 137
Trd, 4319546.093, 106
Trd, 4319546.243, 88
Trd, 4319546.543, 66
Trd, 4319547.243, 109
Trd, 4319548.643, 99
Trd, 4319549.193, 94
Trd, 4319549.843, 96
Trd, 4319550.993, 115
Trd, 4319551.393, 85
Trd, 4319552.093, 62
Trd, 4319553.043, 63
Trd, 4319554.293, 77
Trd, 4319554.543, 62
Trd, 4319554.643, 66
Trd, 4319555.543, 130
Trd, 4319557.743, 138
Trd, 4319557.993, 125
Trd, 4319558.093, 123
Trd, 4319559.393, 121
Trd, 4319559.693, 105
Trd, 4319560.193, 102
Trd, 4319560.793, 104
Trd, 4319561.493, 99
Trd, 4319562.343, 101
Trd, 4319562.543, 88
Trd, 4319562.943, 98
Trd, 4319564.143, 119
Trd, 4319564.893, 120
Trd, 4319565.093, 115
Trd, 4319565.343, 104
Trd, 4319566.193, 139
Trd, 4319566.393, 127
Trd, 4319567.343, 102
Trd, 4319568.343, 137
Trd, 4319568.943, 68
Trd, 4319571.093, 69
Trd, 4319571.243, 74
Trd, 4319571.343, 133
Trd, 4319571.843, 139
Trd, 4319572.093, 68
Trd, 4319573.493, 136
Trd, 4319574.143, 125
Trd, 4319574.193, 112
Trd, 4319575.593, 117
Trd, 4319576.243, 140
Trd, 4319576.443, 140
Trd, 4319576.693, 125
Trd, 4319577.143, 100
Trd, 4319577.943, 140
Trd, 4319578.993, 64
Trd, 4319579.143, 69
Trd, 4319579.793, 119
Trd, 4319580.993, 125
Trd, 4319581.643, 69
Trd, 4319582.793, 140
Trd, 4319582.893, 124
Trd, 4319583.193, 123
Trd, 4319584.193, 103
Trd, 4319584.693, 109
Trd, 4319584.843, 98
Trd, 4319586.093, 129
Trd, 4319586.343, 119
Trd, 4319586.443, 81
Trd, 4319587.893, 140
Trd, 4319589.543, 140
Trd, 4319589.793, 139
Trd, 4319589.843, 125
Trd, 4319589.993, 124
Trd, 4319590.843, 127
Trd, 4319591.443, 113
Trd, 4319591.643, 85
Trd, 4319593.543, 93
Trd, 4319594.343, 140
Trd, 4319595.493, 89
Trd, 4319596.493, 78
Trd, 4319596.543, 93
Trd, 4319596.843, 62
Trd, 4319597.643, 72
Trd, 4319598.243, 105
Trd, 4319598.793, 119
Trd, 4319599.693, 112
Trd, 4319599.943, 111
Trd, 4319601.893, 92
Trd, 4319602.443, 140
Trd, 4319603.243, 125
Trd, 4319603.443, 114
Trd, 4319603.693, 112
Trd, 4319604.293, 93
Trd, 4319605.793, 108
Trd, 4319606.043, 87
Trd, 4319606.993, 127
Trd, 4319607.493, 115
Trd, 4319607.543, 85
Trd, 4319608.543, 139
Trd, 4319608.693, 125
Trd, 4319609.793, 108
Trd, 4319609.893, 97
Trd, 4319610.093, 112
Trd, 4319610.843, 113
Trd, 4319612.393, 137
Trd, 4319612.493, 135
Trd, 4319613.293, 88
Trd, 4319614.843, 107
Trd, 4319615.193, 76
Trd, 4319615.793, 126
Trd, 4319616.593, 75
Trd, 4319617.593, 130
Trd, 4319618.343, 137
Trd, 4319618.743, 128
Trd, 4319618.843, 68
Trd, 4319620.693, 136
Trd, 4319620.893, 138
Trd, 4319621.943, 122
Trd, 4319622.243, 137
Trd, 4319622.843, 117
Trd, 4319624.143, 140
Trd, 4319624.243, 125
Trd, 4319624.793, 113
Trd, 4319625.193, 138
Trd, 4319625.593, 100
Trd, 4319626.593, 133
Trd, 4319626.943, 131
Trd, 4319627.343, 115
Trd, 4319627.443, 115
Trd, 4319628.093, 118
Trd, 4319628.393, 79
Trd, 4319629.793, 103
Trd, 4319631.093, 69
Trd, 4319631.593, 64
Trd, 4319631.793, 74
Trd, 4319633.693, 79
Trd, 4319634.043, 77
Trd, 4319634.843, 98
Trd, 4319635.493, 111
Trd, 4319637.043, 66
Trd, 4319637.493, 77
Trd, 4319637.993, 65
Trd, 4319638.043, 91
Trd, 4319639.193, 131
Trd, 4319639.543, 130
Trd, 4319639.793, 110
Trd, 4319640.793, 63
Trd, 4319641.843, 133
Trd, 4319641.893, 104
Trd, 4319642.193, 62
Trd, 4319642.843, 113
Trd, 4319643.793, 130
Trd, 4319644.193, 138
Trd, 4319644.593, 104
Trd, 4319646.193, 121
Trd, 4319647.043, 123
Trd, 4319647.443, 110
Trd, 4319648.143, 92
Trd, 4319648.843, 123
Trd, 4319649.743, 87
Trd, 4319651.043, 119
Trd, 4319651.143, 127
Trd, 4319651.243, 106
Trd, 4319652.193, 104
Trd, 4319653.393, 71
Trd, 4319653.843, 138
Trd, 4319654.243, 67
Trd, 4319655.093, 131
Trd, 4319655.493, 109
Trd, 4319655.643, 103
Trd, 4319656.693, 114
Trd, 4319657.693, 140
Trd, 4319658.043, 129
Trd, 4319658.993, 74
Trd, 4319660.393, 140
Trd, 4319661.293, 140
Trd, 4319661.593, 139
Trd, 4319661.943, 124
Trd, 4319662.593, 107
Trd, 4319663.793, 124
Trd, 4319664.143, 91
Trd, 4319666.743, 138
Trd, 4319667.043, 126
Trd, 4319667.393, 109
Trd, 4319667.443, 101
Trd, 4319667.593, 134
Trd, 4319668.443, 105
Trd, 4319669.743, 95
Trd, 4319669.843, 79
Trd, 4319670.193, 71
Trd, 4319671.293, 79
Trd, 4319671.443, 66
Trd, 4319671.843, 90
Trd, 4319673.343, 87
Trd, 4319673.793, 109
Trd, 4319674.593, 86
Trd, 4319675.043, 85
Trd, 4319675.443, 93
Trd, 4319675.493, 98
Trd, 4319676.393, 83
Trd, 4319676.493, 95
Trd, 4319676.793, 90
Trd, 4319678.443, 113
Trd, 4319679.393, 103
Trd, 4319679.743, 101
Trd, 4319680.243, 100
Trd, 4319681.443, 92
Trd, 4319682.243, 121
Trd, 4319683.143, 82
Trd, 4319683.693, 78
Trd, 4319683.893, 103
Trd, 4319684.593, 86
Trd, 4319685.093, 139
Trd, 4319685.193, 99
Trd, 4319686.143, 101
Trd, 4319686.643, 87
Trd, 4319687.343, 74
Trd, 4319687.493, 77
Trd, 4319687.943, 138
Trd, 4319689.143, 138
Trd, 4319689.343, 111
Trd, 4319690.293, 111
Trd, 4319691.493, 117
Trd, 4319692.393, 140
Trd, 4319692.793, 124
Trd, 4319692.943, 111
Trd, 4319693.043, 111
Trd, 4319694.593, 132
Trd, 4319695.193, 103
Trd, 4319695.243, 88
Trd, 4319695.443, 128
Trd, 4319696.593, 133
Trd, 4319698.743, 70
Trd, 4319699.793, 68
Trd, 4319700.843, 72
Trd, 4319701.743, 86
Trd, 4319702.243, 86
Trd, 4319702.843, 84
Trd, 4319702.893, 83
Trd, 4319704.143, 83
Trd, 4319704.893, 91
Trd, 4319705.543, 133
Trd, 4319706.443, 61
Trd, 4319708.693, 135
Trd, 4319708.943, 119
Trd, 4319709.243, 116
Trd, 4319709.893, 102
Trd, 4319710.293, 94
Trd, 4319710.643, 115
Trd, 4319711.143, 127
Trd, 4319711.693, 124
Trd, 4319712.443, 125
Trd, 4319712.943, 113
Trd, 4319713.393, 77
Trd, 4319714.043, 60
Trd, 4319716.993, 71
Trd, 4319717.343, 66
Trd, 4319717.643, 74
Trd, 4319718.043, 106
Trd, 4319718.893, 110
Trd, 4319718.943, 109
Trd, 4319718.993, 98
Trd, 4319719.193, 84
Trd, 4319720.043, 110
Trd, 4319720.293, 77
Trd, 4319721.193, 108
Trd, 4319721.243, 130
Trd, 4319722.893, 100
Trd, 4319723.493, 96
Trd, 4319723.543, 82
Trd, 4319723.843, 70
Trd, 4319724.343, 66
Trd, 4319725.343, 114
Trd, 4319726.943, 89
Trd, 4319729.093, 140
Trd, 4319729.193, 124
Trd, 4319730.193, 130
Trd, 4319730.243, 115
Trd, 4319730.793, 129
Trd, 4319731.443, 111
Trd, 4319732.693, 106
Trd, 4319732.943, 103
Trd, 4319733.043, 111
Trd, 4319733.093, 94
Trd, 4319733.543, 137
Trd, 4319733.793, 80
Trd, 4319734.143, 64
Trd, 4319735.843, 80
Trd, 4319736.243, 72
Trd, 4319736.593, 100
Trd, 4319738.743, 63
Trd, 4319739.243, 60
Trd, 4319740.593, 140
Trd, 4319741.043, 125
Trd, 4319741.193, 124
Trd, 4319742.193, 134
Trd, 4319742.393, 79
Trd, 4319742.893, 122
Trd, 4319743.193, 74
Trd, 4319744.043, 73
Trd, 4319745.043, 126
Trd, 4319746.193, 85
Trd, 4319746.643, 116
Trd, 4319747.793, 111
Trd, 4319748.693, 109
Trd, 4319748.893, 89
Trd, 4319749.843, 125
Trd, 4319750.993, 66
Trd, 4319752.793, 106
Trd, 4319753.343, 95
Trd, 4319753.743, 89
Trd, 4319754.543, 127
Trd, 4319754.943, 138
Trd, 4319755.193, 123
Trd, 4319756.993, 107
Trd, 4319757.443, 139
Trd, 4319758.143, 76
Trd, 4319758.443, 103
Trd, 4319759.493, 103
Trd, 4319760.293, 88
Trd, 4319761.293, 133
Trd, 4319762.393, 87
Trd, 4319762.643, 103
Trd, 4319762.993, 87
Trd, 4319763.843, 75
Trd, 4319764.293, 108
Trd, 4319765.193, 103
Trd, 4319765.293, 108
Trd, 4319766.743, 138
Trd, 4319767.543, 86
Trd, 4319767.693, 95
Trd, 4319768.793, 101
Trd, 4319769.093, 113
Trd, 4319770.193, 71
Trd, 4319771.093, 72
Trd, 4319771.293, 108
Trd, 4319772.693, 130
Trd, 4319772.893, 126
Trd, 4319774.293, 123
Trd, 4319774.993, 134
Trd, 4319775.443, 107
Trd, 4319776.743, 74
Trd, 4319777.193, 139
Trd, 4319777.493, 76
Trd, 4319777.943, 100
Trd, 4319778.243, 115
Trd, 4319778.543, 66
Trd, 4319779.643, 136
Trd, 4319781.143, 85
Trd, 4319781.593, 127
Trd, 4319782.293, 115
Trd, 4319783.343, 72
Trd, 4319783.593, 102
Trd, 4319784.443, 85
Trd, 4319784.943, 77
Trd, 4319785.093, 109
Trd, 4319785.343, 136
Trd, 4319786.293, 95
Trd, 4319786.843, 82
Trd, 4319788.993, 140
Trd, 4319789.743, 124
Trd, 4319790.093, 112
Trd, 4319790.343, 134
Trd, 4319790.693, 108
Trd, 4319790.993, 90
Trd, 4319791.443, 123
Trd, 4319791.943, 83
Trd, 4319793.193, 134
Trd, 4319793.343, 99
Trd, 4319794.093, 140
Trd, 4319794.443, 140
Trd, 4319796.543, 128
Trd, 4319796.743, 127
Trd, 4319796.893, 118
Trd, 4319797.693, 120
Trd, 4319797.743, 106
Trd, 4319797.993, 104
Trd, 4319798.293, 86
Trd, 4319799.693, 80
Trd, 4319800.093, 90
Trd, 4319800.593, 139
Trd, 4319800.843, 133
Trd, 4319800.993, 124
Trd, 4319803.943, 66
Trd, 4319804.693, 130
Trd, 4319805.543, 75
Trd, 4319806.293, 66
Trd, 4319806.493, 64
Trd, 4319806.693, 67
Trd, 4319807.393, 94
Trd, 4319807.443, 93
Trd, 4319809.893, 64
Trd, 4319810.293, 71
Trd, 4319810.643, 120
Trd, 4319810.743, 139
Trd, 4319811.793, 119
Trd, 4319812.243, 129
Trd, 4319812.843, 123
Trd, 4319813.693, 136
Trd, 4319815.143, 140
Trd, 4319815.693, 117
Trd, 4319815.893, 116
Trd, 4319817.443, 115
Trd, 4319817.593, 128
Trd, 4319819.143, 134
Trd, 4319819.443, 120
Trd, 4319820.393, 86
Trd, 4319821.393, 137
Trd, 4319821.493, 93
Trd, 4319822.743, 140
Trd, 4319822.943, 138
Trd, 4319823.893, 132
Trd, 4319823.993, 127
Trd, 4319824.143, 90
Trd, 4319826.493, 140
Trd, 4319826.593, 139
Trd, 4319826.793, 130
Trd, 4319828.393, 127
Trd, 4319829.143, 114
Trd, 4319829.643, 113
Trd, 4319829.693, 131
Trd, 4319830.343, 135
Trd, 4319831.343, 105
Trd, 4319832.443, 135
Trd, 4319832.743, 123
Trd, 4319833.093, 94
Trd, 4319834.643, 121
Trd, 4319835.293, 120
Trd, 4319835.743, 110
Trd, 4319836.593, 101
Trd, 4319836.693, 89
Trd, 4319836.893, 83
Trd, 4319837.643, 122
Trd, 4319837.743, 68
Trd, 4319838.243, 60
Trd, 4319839.243, 75
Trd, 4319840.193, 85
Trd, 4319841.693, 69
Trd, 4319842.243, 140
Trd, 4319842.393, 140
Trd, 4319843.193, 137
Trd, 4319843.293, 126
Trd, 4319844.193, 140
Trd, 4319844.843, 122
Trd, 4319845.293, 110
Trd, 4319845.343, 110
Trd, 4319845.943, 62
Trd, 4319846.493, 61
Trd, 4319847.893, 132
Trd, 4319848.443, 133
Trd, 4319849.493, 64
Trd, 4319849.843, 127
Trd, 4319850.793, 136
Trd, 4319851.493, 82
Trd, 4319854.043, 73
Trd, 4319855.043, 77
Trd, 4319855.593, 114
Trd, 4319855.843, 75
Trd, 4319856.243, 69
Trd, 4319856.843, 121
Trd, 4319857.243, 133
Trd, 4319857.643, 132
Trd, 4319858.493, 139
Trd, 4319858.943, 131
Trd, 4319859.193, 136
Trd, 4319859.693, 140
Trd, 4319860.693, 117
Trd, 4319861.743, 140
Trd, 4319863.093, 117
Trd, 4319863.243, 115
Trd, 4319863.693, 78
Trd, 4319864.543, 90
Trd, 4319865.443, 137
Trd, 4319865.843, 106
Trd, 4319866.893, 98
Trd, 4319867.693, 129
Trd, 4319868.293, 113
Trd, 4319869.543, 127
Trd, 4319869.593, 109
Trd, 4319869.943, 106
Trd, 4319870.093, 99
Trd, 4319871.443, 139
Trd, 4319872.293, 136
Trd, 4319872.493, 138
Trd, 4319873.293, 72
Trd, 4319873.493, 76
Trd, 4319873.693, 65
Trd, 4319874.443, 125
Trd, 4319876.193, 140
Trd, 4319876.843, 140
Trd, 4319876.943, 140
Trd, 4319877.093, 125
Trd, 4319877.193, 124
Trd, 4319877.543, 119
Trd, 4319878.693, 76
Trd, 4319879.593, 98
Trd, 4319879.743, 96
Trd, 4319879.943, 115
Trd, 4319881.843, 64
Trd, 4319882.343, 101
Trd, 4319884.393, 135
Trd, 4319884.493, 69
Trd, 4319884.643, 73
Trd, 4319884.943, 138
Trd, 4319885.743, 140
Trd, 4319886.893, 140
Trd, 4319886.943, 124
Trd, 4319887.343, 122
Trd, 4319888.143, 116
Trd, 4319888.293, 126
Trd, 4319889.043, 132
Trd, 4319889.293, 107
Trd, 4319890.693, 140
Trd, 4319892.143, 125
Trd, 4319892.393, 124
Trd, 4319893.493, 111
Trd, 4319893.943, 115
Trd, 4319894.943, 132
Trd, 4319897.543, 131
Trd, 4319898.893, 108
Trd, 4319899.043, 97
Trd, 4319899.143, 135
Trd, 4319899.393, 104
Trd, 4319899.593, 94
Trd, 4319900.493, 131
Trd, 4319901.293, 138
Trd, 4319902.593, 97
Trd, 4319902.893, 92
Trd, 4319902.993, 76
Trd, 4319903.843, 139
Trd, 4319904.243, 95
Trd, 4319904.493, 98
Trd, 4319904.943, 102
Trd, 4319905.243, 83
Trd, 4319906.243, 67
Trd, 4319907.943, 140
Trd, 4319908.393, 137
Trd, 4319908.843, 84
Trd, 4319910.093, 140
Trd, 4319910.493, 126
Trd, 4319910.943, 126
Trd, 4319912.593, 140
Trd, 4319913.093, 140
Trd, 4319913.343, 137
Trd, 4319913.743, 115
Trd, 4319914.443, 117
Trd, 4319915.893, 92
Trd, 4319916.543, 127
Trd, 4319917.593, 131
Trd, 4319918.293, 101
Trd, 4319918.543, 100
Trd, 4319919.793, 108
Trd, 4319920.343, 97
Trd, 4319921.093, 101
Trd, 4319921.193, 96
Trd, 4319922.193, 137
Trd, 4319922.693, 131
Trd, 4319923.443, 119
Trd, 4319924.243, 108
Trd, 4319924.543, 138
Trd, 4319924.693, 100
Trd, 4319925.443, 60
Trd, 4319928.293, 76
Trd, 4319929.443, 109
Trd, 4319929.493, 108
Trd, 4319929.793, 106
Trd, 4319930.443, 88
Trd, 4319930.493, 84
Trd, 4319931.043, 76
Trd, 4319931.793, 128
Trd, 4319931.893, 120
Trd, 4319931.943, 119
Trd, 4319932.693, 128
Trd, 4319933.093, 112
Trd, 4319934.193, 138
Trd, 4319935.093, 103
Trd, 4319936.193, 81
Trd, 4319936.843, 60
Trd, 4319937.243, 100
Trd, 4319937.693, 72
Trd, 4319938.093, 126
Trd, 4319939.243, 123
Trd, 4319939.793, 138
Trd, 4319939.993, 107
Trd, 4319940.993, 114
Trd, 4319941.793, 103
Trd, 4319942.343, 137
Trd, 4319943.143, 140
Trd, 4319943.543, 126
Trd, 4319943.593, 112
Trd, 4319944.943, 119
Trd, 4319946.743, 140
Trd, 4319947.093, 128
Trd, 4319947.243, 121
Trd, 4319947.393, 109
Trd, 4319948.293, 112
Trd, 4319948.743, 101
Trd, 4319949.143, 118
Trd, 4319950.643, 86
Trd, 4319951.143, 140
Trd, 4319952.393, 139
Trd, 4319952.993, 139
Trd, 4319953.143, 122
Trd, 4319953.243, 77
Trd, 4319953.793, 78
Trd, 4319955.143, 118
Trd, 4319956.593, 112
Trd, 4319956.893, 121
Trd, 4319958.043, 111
Trd, 4319959.293, 133
Trd, 4319959.743, 118
Trd, 4319959.793, 105
Trd, 4319960.743, 140
Trd, 4319963.093, 137
Trd, 4319963.243, 125
Trd, 4319963.693, 140
Trd, 4319964.793, 113
Trd, 4319965.193, 112
Trd, 4319965.793, 110
Trd, 4319966.143, 136
Trd, 4319966.793, 76
Trd, 4319967.593, 139
Trd, 4319968.893, 105
Trd, 4319969.293, 103
Trd, 4319970.493, 110
Trd, 4319970.693, 93
Trd, 4319970.743, 87
Trd, 4319971.143, 102
Trd, 4319972.543, 138
Trd, 4319972.793, 137
Trd, 4319972.893, 83
Trd, 4319973.743, 72
Trd, 4319975.993, 139
Trd, 4319976.093, 138
Trd, 4319976.593, 113
Trd, 4319978.043, 140
Trd, 4319978.243, 133
Trd, 4319978.843, 115
Trd, 4319979.843, 91
Trd, 4319979.993, 72
Trd, 4319981.043, 140
Trd, 4319981.143, 124
Trd, 4319981.893, 136
Trd, 4319982.043, 134
Trd, 4319983.693, 137
Trd, 4319983.743, 115
Trd, 4319985.093, 136
Trd, 4319985.393, 128
Trd, 4319986.743, 140
Trd, 4319986.793, 116
Trd, 4319987.743, 131
Trd, 4319989.243, 103
Trd, 4319990.793, 131
Trd, 4319991.443, 139
Trd, 4319991.543, 124
Trd, 4319991.743, 111
Trd, 4319992.143, 112
Trd, 4319994.143, 138
Trd, 4319994.443, 123
Trd, 4319994.743, 129
Trd, 4319995.243, 128
Trd, 4319995.543, 108
Trd, 4319995.793, 125
Trd, 4319995.943, 108
Trd, 4319996.793, 123
Trd, 4319996.893, 122
Trd, 4319997.143, 110
Trd, 4319998.743, 139
Trd, 4319999.693, 111
Trd, 4319999.943, 105
