Trd, 4318120.743, 140
Trd, 4318120.843, 140
Trd, 4318121.143, 140
Trd, 4318121.843, 140
Trd, 4318122.393, 140
Trd, 4318122.993, 128
Trd, 4318124.393, 80
Trd, 4318124.443, 63
Trd, 4318124.893, 63
Trd, 4318125.943, 126
Trd, 4318126.393, 78
Trd, 4318126.943, 76
Trd, 4318127.043, 75
Trd, 4318128.993, 122
Trd, 4318129.443, 121
Trd, 4318130.593, 126
Trd, 4318131.093, 125
Trd, 4318131.743, 140
Trd, 4318132.493, 139
Trd, 4318132.843, 125
Trd, 4318134.493, 118
Trd, 4318136.593, 140
Trd, 4318137.343, 140
Trd, 4318137.843, 140
Trd, 4318139.393, 140
Trd, 4318139.743, 140
Trd, 4318140.293, 140
Trd, 4318141.043, 140
Trd, 4318141.593, 140
Trd, 4318142.893, 140
Trd, 4318143.193, 140
Trd, 4318143.293, 140
Trd, 4318143.493, 140
Trd, 4318143.593, 140
Trd, 4318143.693, 140
Trd, 4318144.643, 139
Trd, 4318144.893, 125
Trd, 4318145.043, 99
Trd, 4318146.593, 61
Trd, 4318147.543, 62
Trd, 4318147.793, 60
Trd, 4318148.243, 63
Trd, 4318149.293, 67
Trd, 4318149.543, 65
Trd, 4318150.143, 69
Trd, 4318150.743, 69
Trd, 4318151.693, 140
Trd, 4318151.793, 140
Trd, 4318151.993, 139
Trd, 4318152.793, 67
Trd, 4318155.643, 62
Trd, 4318156.343, 60
Trd, 4318156.693, 73
Trd, 4318156.793, 62
Trd, 4318158.693, 110
Trd, 4318159.193, 112
Trd, 4318159.443, 111
Trd, 4318161.343, 137
Trd, 4318161.393, 136
Trd, 4318161.643, 136
Trd, 4318162.293, 137
Trd, 4318162.843, 139
Trd, 4318163.543, 139
Trd, 4318164.093, 107
Trd, 4318165.543, 66
Trd, 4318167.443, 114
Trd, 4318167.643, 113
Trd, 4318167.943, 111
Trd, 4318168.843, 139
Trd, 4318168.993, 60
Trd, 4318169.543, 140
Trd, 4318170.243, 139
Trd, 4318171.043, 108
Trd, 4318172.543, 140
Trd, 4318172.593, 140
Trd, 4318172.693, 139
Trd, 4318173.193, 128
Trd, 4318173.393, 128
Trd, 4318173.993, 120
Trd, 4318175.593, 61
Trd, 4318175.843, 62
Trd, 4318176.893, 61
Trd, 4318177.343, 60
Trd, 4318178.393, 64
Trd, 4318180.343, 140
Trd, 4318180.493, 140
Trd, 4318180.993, 140
Trd, 4318181.793, 140
Trd, 4318182.493, 140
Trd, 4318183.143, 140
Trd, 4318183.493, 140
Trd, 4318184.093, 140
Trd, 4318185.143, 140
Trd, 4318185.393, 140
Trd, 4318185.943, 140
Trd, 4318186.943, 140
Trd, 4318187.043, 140
Trd, 4318187.143, 140
Trd, 4318187.493, 140
Trd, 4318188.393, 140
Trd, 4318188.593, 140
Trd, 4318189.843, 140
Trd, 4318190.943, 140
Trd, 4318191.093, 140
Trd, 4318191.143, 140
Trd, 4318192.093, 140
Trd, 4318192.943, 140
Trd, 4318193.843, 140
Trd, 4318195.393, 140
Trd, 4318196.293, 140
Trd, 4318196.493, 139
Trd, 4318196.593, 70
Trd, 4318196.643, 63
Trd, 4318197.293, 140
Trd, 4318198.493, 61
Trd, 4318201.193, 60
Trd, 4318201.893, 64
Trd, 4318201.993, 69
Trd, 4318204.743, 60
Trd, 4318205.243, 62
Trd, 4318205.593, 63
Trd, 4318205.893, 64
Trd, 4318206.493, 65
Trd, 4318207.943, 140
Trd, 4318208.143, 140
Trd, 4318209.093, 140
Trd, 4318209.743, 140
Trd, 4318209.843, 140
Trd, 4318210.493, 140
Trd, 4318210.743, 137
Trd, 4318211.243, 127
Trd, 4318211.343, 87
Trd, 4318214.593, 60
Trd, 4318216.293, 60
Trd, 4318217.543, 61
Trd, 4318217.693, 62
Trd, 4318217.893, 63
Trd, 4318217.943, 61
Trd, 4318218.743, 74
Trd, 4318219.143, 126
Trd, 4318219.543, 126
Trd, 4318220.693, 140
Trd, 4318220.843, 139
Trd, 4318221.293, 139
Trd, 4318223.293, 140
Trd, 4318223.593, 140
Trd, 4318224.093, 140
Trd, 4318224.343, 140
Trd, 4318224.443, 140
Trd, 4318225.093, 140
Trd, 4318227.193, 61
Trd, 4318228.343, 61
Trd, 4318229.043, 63
Trd, 4318229.243, 64
Trd, 4318230.943, 62
Trd, 4318231.643, 62
Trd, 4318232.293, 62
Trd, 4318232.943, 62
Trd, 4318233.243, 63
Trd, 4318233.593, 63
Trd, 4318234.293, 65
Trd, 4318234.793, 66
Trd, 4318235.343, 65
Trd, 4318236.243, 138
Trd, 4318236.443, 89
Trd, 4318237.693, 63
Trd, 4318239.743, 140
Trd, 4318239.843, 140
Trd, 4318240.893, 140
Trd, 4318241.043, 140
Trd, 4318241.743, 140
Trd, 4318242.543, 140
Trd, 4318243.293, 140
Trd, 4318243.743, 140
Trd, 4318244.293, 140
Trd, 4318244.743, 72
Trd, 4318246.843, 140
Trd, 4318246.893, 140
Trd, 4318247.043, 140
Trd, 4318247.493, 140
Trd, 4318249.043, 140
Trd, 4318249.693, 140
Trd, 4318251.043, 140
Trd, 4318251.943, 140
Trd, 4318252.143, 140
Trd, 4318252.293, 140
Trd, 4318252.843, 140
Trd, 4318253.343, 140
Trd, 4318253.443, 140
Trd, 4318253.543, 140
Trd, 4318253.993, 140
Trd, 4318254.493, 140
Trd, 4318255.243, 140
Trd, 4318255.643, 140
Trd, 4318258.143, 82
Trd, 4318258.393, 133
Trd, 4318259.143, 139
Trd, 4318259.743, 85
Trd, 4318260.993, 134
Trd, 4318261.193, 134
Trd, 4318261.593, 106
Trd, 4318262.343, 71
Trd, 4318262.493, 128
Trd, 4318263.543, 60
Trd, 4318265.293, 65
Trd, 4318265.343, 69
Trd, 4318269.143, 60
Trd, 4318271.443, 60
Trd, 4318272.393, 60
Trd, 4318272.443, 61
Trd, 4318273.143, 61
Trd, 4318273.393, 60
Trd, 4318274.143, 63
Trd, 4318274.693, 63
Trd, 4318275.043, 64
Trd, 4318275.643, 63
Trd, 4318276.143, 62
Trd, 4318276.193, 61
Trd, 4318276.943, 104
Trd, 4318277.243, 93
Trd, 4318278.543, 60
Trd, 4318279.443, 61
Trd, 4318280.493, 60
Trd, 4318280.993, 61
Trd, 4318281.343, 61
Trd, 4318281.443, 62
Trd, 4318282.043, 140
Trd, 4318283.643, 140
Trd, 4318284.343, 140
Trd, 4318284.943, 140
Trd, 4318285.543, 140
Trd, 4318285.943, 140
Trd, 4318286.643, 140
Trd, 4318286.943, 140
Trd, 4318287.143, 140
Trd, 4318287.693, 140
Trd, 4318288.343, 140
Trd, 4318288.843, 103
Trd, 4318289.743, 104
Trd, 4318290.693, 78
Trd, 4318290.993, 85
Trd, 4318291.843, 87
Trd, 4318292.693, 61
Trd, 4318293.743, 140
Trd, 4318294.693, 140
Trd, 4318295.093, 140
Trd, 4318296.143, 139
Trd, 4318296.393, 137
Trd, 4318297.293, 60
Trd, 4318297.843, 112
Trd, 4318298.743, 63
Trd, 4318298.793, 62
Trd, 4318299.493, 61
Trd, 4318300.743, 108
Trd, 4318301.043, 140
Trd, 4318301.493, 140
Trd, 4318301.793, 140
Trd, 4318301.843, 140
Trd, 4318303.093, 62
Trd, 4318304.243, 64
Trd, 4318304.293, 63
Trd, 4318305.093, 66
Trd, 4318306.643, 105
Trd, 4318306.843, 104
Trd, 4318307.393, 76
Trd, 4318307.493, 140
Trd, 4318308.493, 140
Trd, 4318308.843, 140
Trd, 4318309.943, 140
Trd, 4318310.043, 140
Trd, 4318310.393, 140
Trd, 4318310.693, 139
Trd, 4318311.993, 140
Trd, 4318312.793, 139
Trd, 4318313.393, 138
Trd, 4318313.943, 140
Trd, 4318314.893, 140
Trd, 4318315.693, 140
Trd, 4318316.343, 140
Trd, 4318316.993, 122
Trd, 4318317.343, 68
Trd, 4318319.093, 64
Trd, 4318319.493, 63
Trd, 4318319.943, 60
Trd, 4318323.093, 60
Trd, 4318324.443, 62
Trd, 4318324.693, 62
Trd, 4318324.743, 63
Trd, 4318325.043, 65
Trd, 4318325.443, 64
Trd, 4318325.843, 62
Trd, 4318326.343, 62
Trd, 4318327.693, 70
Trd, 4318329.993, 60
Trd, 4318330.093, 140
Trd, 4318332.593, 60
Trd, 4318332.743, 60
Trd, 4318333.043, 60
Trd, 4318333.093, 61
Trd, 4318333.543, 60
Trd, 4318334.143, 65
Trd, 4318334.393, 61
Trd, 4318334.543, 60
Trd, 4318336.293, 63
Trd, 4318336.393, 74
Trd, 4318337.693, 67
Trd, 4318338.293, 68
Trd, 4318338.793, 70
Trd, 4318339.093, 70
Trd, 4318339.293, 63
Trd, 4318342.343, 60
Trd, 4318342.793, 60
Trd, 4318344.143, 61
Trd, 4318344.893, 61
Trd, 4318345.593, 61
Trd, 4318345.993, 72
Trd, 4318346.243, 69
Trd, 4318346.543, 68
Trd, 4318347.043, 92
Trd, 4318347.293, 65
Trd, 4318348.893, 60
Trd, 4318350.393, 61
Trd, 4318350.543, 61
Trd, 4318351.193, 63
Trd, 4318351.393, 84
Trd, 4318351.693, 63
Trd, 4318352.393, 70
Trd, 4318352.443, 64
Trd, 4318352.643, 61
Trd, 4318354.843, 63
Trd, 4318355.393, 62
Trd, 4318357.543, 66
Trd, 4318358.943, 60
Trd, 4318359.993, 61
Trd, 4318360.593, 60
Trd, 4318360.893, 60
Trd, 4318361.193, 61
Trd, 4318361.743, 62
Trd, 4318361.943, 63
Trd, 4318362.243, 63
Trd, 4318362.643, 63
Trd, 4318363.143, 62
Trd, 4318363.393, 64
Trd, 4318366.693, 60
Trd, 4318367.593, 61
Trd, 4318368.193, 60
Trd, 4318369.843, 64
Trd, 4318370.193, 64
Trd, 4318371.443, 60
Trd, 4318371.593, 61
Trd, 4318372.243, 62
Trd, 4318372.293, 61
Trd, 4318373.093, 63
Trd, 4318374.593, 61
Trd, 4318375.943, 60
Trd, 4318376.343, 60
Trd, 4318376.943, 60
Trd, 4318380.493, 60
Trd, 4318380.993, 62
Trd, 4318381.493, 62
Trd, 4318382.893, 60
Trd, 4318383.193, 61
Trd, 4318383.943, 62
Trd, 4318384.393, 73
Trd, 4318384.993, 64
Trd, 4318385.543, 140
Trd, 4318385.643, 140
Trd, 4318387.643, 78
Trd, 4318387.843, 78
Trd, 4318388.593, 140
Trd, 4318388.643, 140
Trd, 4318388.743, 140
Trd, 4318390.393, 139
Trd, 4318391.193, 140
Trd, 4318391.593, 140
Trd, 4318391.993, 140
Trd, 4318392.343, 140
Trd, 4318393.143, 140
Trd, 4318393.693, 140
Trd, 4318394.193, 140
Trd, 4318394.893, 138
Trd, 4318395.693, 112
Trd, 4318396.293, 113
Trd, 4318396.493, 112
Trd, 4318398.093, 140
Trd, 4318398.543, 139
Trd, 4318398.943, 70
Trd, 4318399.693, 140
Trd, 4318400.243, 62
Trd, 4318400.993, 62
Trd, 4318402.343, 97
Trd, 4318402.643, 140
Trd, 4318403.243, 133
Trd, 4318403.593, 104
Trd, 4318403.743, 104
Trd, 4318403.993, 104
Trd, 4318404.143, 103
Trd, 4318406.043, 60
Trd, 4318406.143, 61
Trd, 4318407.393, 62
Trd, 4318408.893, 60
Trd, 4318410.043, 61
Trd, 4318413.093, 61
Trd, 4318413.493, 65
Trd, 4318413.643, 66
Trd, 4318413.793, 67
Trd, 4318413.943, 65
Trd, 4318414.243, 84
Trd, 4318414.343, 65
Trd, 4318415.143, 70
Trd, 4318415.693, 70
Trd, 4318416.093, 140
Trd, 4318416.543, 66
Trd, 4318417.493, 74
Trd, 4318417.993, 140
Trd, 4318419.193, 60
Trd, 4318422.343, 60
Trd, 4318423.243, 61
Trd, 4318423.543, 63
Trd, 4318423.843, 64
Trd, 4318423.893, 63
Trd, 4318424.393, 68
Trd, 4318425.293, 62
Trd, 4318425.543, 65
Trd, 4318426.293, 60
Trd, 4318426.893, 63
Trd, 4318429.193, 60
Trd, 4318429.693, 63
Trd, 4318430.043, 64
Trd, 4318430.543, 65
Trd, 4318431.343, 136
Trd, 4318432.193, 137
Trd, 4318433.343, 140
Trd, 4318433.843, 140
Trd, 4318433.893, 140
Trd, 4318434.743, 140
Trd, 4318434.793, 126
Trd, 4318435.143, 85
Trd, 4318435.493, 84
Trd, 4318436.793, 140
Trd, 4318437.043, 140
Trd, 4318437.893, 140
Trd, 4318438.143, 140
Trd, 4318438.543, 140
Trd, 4318439.843, 140
Trd, 4318440.043, 140
Trd, 4318441.143, 140
Trd, 4318441.793, 140
Trd, 4318442.343, 140
Trd, 4318442.543, 139
Trd, 4318444.493, 60
Trd, 4318445.943, 62
Trd, 4318446.593, 69
Trd, 4318446.643, 65
Trd, 4318447.093, 71
Trd, 4318447.643, 140
Trd, 4318448.993, 73
Trd, 4318449.343, 138
Trd, 4318450.493, 134
Trd, 4318450.593, 133
Trd, 4318450.643, 106
Trd, 4318452.293, 60
Trd, 4318453.043, 63
Trd, 4318453.693, 61
Trd, 4318454.493, 64
Trd, 4318454.843, 62
Trd, 4318455.543, 63
Trd, 4318455.843, 64
Trd, 4318455.893, 62
Trd, 4318456.643, 67
Trd, 4318457.543, 64
Trd, 4318457.843, 65
Trd, 4318459.743, 61
Trd, 4318460.093, 66
Trd, 4318460.393, 61
Trd, 4318461.243, 64
Trd, 4318462.743, 61
Trd, 4318463.143, 70
Trd, 4318466.893, 60
Trd, 4318467.143, 60
Trd, 4318467.193, 61
Trd, 4318467.343, 62
Trd, 4318467.843, 63
Trd, 4318468.193, 64
Trd, 4318468.293, 75
Trd, 4318469.843, 61
Trd, 4318470.043, 63
Trd, 4318470.343, 62
Trd, 4318470.593, 63
Trd, 4318472.243, 60
Trd, 4318474.343, 62
Trd, 4318475.343, 62
Trd, 4318478.493, 60
Trd, 4318478.693, 60
Trd, 4318479.193, 61
Trd, 4318480.093, 64
Trd, 4318480.293, 64
Trd, 4318480.743, 140
Trd, 4318480.943, 139
Trd, 4318481.193, 63
Trd, 4318481.843, 60
Trd, 4318482.643, 62
Trd, 4318483.593, 65
Trd, 4318483.693, 64
Trd, 4318483.943, 65
Trd, 4318483.993, 66
Trd, 4318485.393, 140
Trd, 4318486.393, 70
Trd, 4318487.743, 107
Trd, 4318487.993, 76
Trd, 4318488.243, 76
Trd, 4318489.043, 76
Trd, 4318489.693, 137
Trd, 4318489.743, 136
Trd, 4318489.893, 75
Trd, 4318491.593, 140
Trd, 4318492.143, 140
Trd, 4318492.743, 140
Trd, 4318492.843, 140
Trd, 4318493.343, 140
Trd, 4318493.543, 79
Trd, 4318494.793, 140
Trd, 4318495.643, 140
Trd, 4318495.843, 140
Trd, 4318496.043, 140
Trd, 4318496.443, 140
Trd, 4318496.843, 125
Trd, 4318498.243, 129
Trd, 4318499.193, 132
Trd, 4318499.293, 131
Trd, 4318501.043, 140
Trd, 4318501.093, 140
Trd, 4318501.343, 140
Trd, 4318501.993, 133
Trd, 4318502.343, 95
Trd, 4318502.843, 91
Trd, 4318503.193, 91
Trd, 4318503.493, 139
Trd, 4318504.093, 85
Trd, 4318505.693, 61
Trd, 4318507.293, 60
Trd, 4318508.743, 61
Trd, 4318510.743, 61
Trd, 4318511.443, 61
Trd, 4318511.693, 62
Trd, 4318511.943, 62
Trd, 4318512.043, 63
Trd, 4318513.393, 67
Trd, 4318514.443, 140
Trd, 4318515.943, 140
Trd, 4318515.993, 140
Trd, 4318516.143, 140
Trd, 4318516.393, 140
Trd, 4318516.443, 140
Trd, 4318517.243, 140
Trd, 4318517.393, 140
Trd, 4318518.193, 140
Trd, 4318518.293, 140
Trd, 4318518.493, 103
Trd, 4318519.243, 63
Trd, 4318521.043, 62
Trd, 4318521.193, 86
Trd, 4318523.393, 60
Trd, 4318524.093, 60
Trd, 4318524.693, 60
Trd, 4318524.743, 61
Trd, 4318524.943, 62
Trd, 4318526.193, 64
Trd, 4318526.993, 70
Trd, 4318527.043, 63
Trd, 4318527.493, 63
Trd, 4318529.843, 63
Trd, 4318530.943, 63
Trd, 4318532.443, 61
Trd, 4318533.043, 60
Trd, 4318534.193, 60
Trd, 4318534.293, 60
Trd, 4318534.743, 64
Trd, 4318534.893, 61
Trd, 4318535.093, 126
Trd, 4318535.943, 64
Trd, 4318536.943, 70
Trd, 4318537.243, 69
Trd, 4318537.993, 140
Trd, 4318538.393, 98
Trd, 4318539.593, 72
Trd, 4318539.843, 73
Trd, 4318541.143, 140
Trd, 4318541.243, 138
Trd, 4318541.293, 72
Trd, 4318542.043, 91
Trd, 4318543.443, 80
Trd, 4318543.943, 64
Trd, 4318547.093, 60
Trd, 4318547.343, 60
Trd, 4318550.693, 61
Trd, 4318550.843, 62
Trd, 4318551.193, 63
Trd, 4318551.693, 64
Trd, 4318551.993, 63
Trd, 4318552.093, 62
Trd, 4318552.343, 67
Trd, 4318552.743, 68
Trd, 4318553.743, 110
Trd, 4318554.193, 109
Trd, 4318554.593, 109
Trd, 4318554.943, 108
Trd, 4318555.443, 140
Trd, 4318555.893, 140
Trd, 4318557.243, 140
Trd, 4318557.293, 140
Trd, 4318557.793, 139
Trd, 4318557.943, 138
Trd, 4318558.893, 133
Trd, 4318559.743, 135
Trd, 4318560.193, 137
Trd, 4318560.343, 134
Trd, 4318561.243, 89
Trd, 4318562.493, 140
Trd, 4318563.093, 140
Trd, 4318563.293, 140
Trd, 4318563.393, 100
Trd, 4318563.543, 137
Trd, 4318564.193, 89
Trd, 4318564.943, 140
Trd, 4318565.243, 87
Trd, 4318567.593, 130
Trd, 4318569.043, 62
Trd, 4318571.343, 60
Trd, 4318571.393, 60
Trd, 4318571.993, 60
Trd, 4318572.143, 60
Trd, 4318572.693, 64
Trd, 4318573.393, 62
Trd, 4318573.693, 63
Trd, 4318573.943, 63
Trd, 4318574.293, 139
Trd, 4318576.143, 139
Trd, 4318576.243, 94
Trd, 4318576.843, 111
Trd, 4318577.343, 116
Trd, 4318577.393, 92
Trd, 4318578.893, 60
Trd, 4318580.893, 62
Trd, 4318582.093, 60
Trd, 4318582.893, 60
Trd, 4318582.993, 62
Trd, 4318583.243, 61
Trd, 4318584.243, 64
Trd, 4318584.293, 63
Trd, 4318584.493, 65
Trd, 4318585.043, 110
Trd, 4318587.393, 65
Trd, 4318588.093, 66
Trd, 4318588.743, 66
Trd, 4318588.793, 68
Trd, 4318589.193, 139
Trd, 4318589.243, 138
Trd, 4318589.843, 70
Trd, 4318591.193, 140
Trd, 4318591.943, 140
Trd, 4318592.093, 140
Trd, 4318592.843, 63
Trd, 4318593.893, 140
Trd, 4318594.193, 140
Trd, 4318596.543, 140
Trd, 4318596.643, 140
Trd, 4318596.743, 140
Trd, 4318597.443, 140
Trd, 4318597.493, 140
Trd, 4318598.693, 140
Trd, 4318598.743, 140
Trd, 4318599.493, 139
Trd, 4318599.943, 138
Trd, 4318601.293, 86
Trd, 4318601.743, 85
Trd, 4318602.193, 84
Trd, 4318602.793, 84
Trd, 4318603.143, 69
Trd, 4318603.843, 73
Trd, 4318603.943, 71
Trd, 4318604.893, 73
Trd, 4318605.093, 73
Trd, 4318607.293, 140
Trd, 4318607.493, 140
Trd, 4318607.593, 140
Trd, 4318607.643, 140
Trd, 4318608.243, 122
Trd, 4318609.343, 123
Trd, 4318609.593, 121
Trd, 4318611.793, 60
Trd, 4318613.243, 64
Trd, 4318613.493, 60
Trd, 4318613.743, 66
Trd, 4318614.143, 69
Trd, 4318614.543, 62
Trd, 4318615.443, 80
Trd, 4318615.843, 83
Trd, 4318616.243, 70
Trd, 4318616.543, 71
Trd, 4318617.143, 72
Trd, 4318617.843, 68
Trd, 4318618.693, 71
Trd, 4318619.043, 71
Trd, 4318619.193, 70
Trd, 4318620.643, 139
Trd, 4318622.443, 137
Trd, 4318622.793, 138
Trd, 4318623.593, 140
Trd, 4318623.793, 140
Trd, 4318624.193, 139
Trd, 4318624.693, 140
Trd, 4318625.193, 94
Trd, 4318626.593, 117
Trd, 4318627.993, 63
Trd, 4318628.843, 61
Trd, 4318629.043, 61
Trd, 4318629.393, 62
Trd, 4318630.543, 61
Trd, 4318632.343, 65
Trd, 4318633.093, 64
Trd, 4318633.243, 67
Trd, 4318633.693, 69
Trd, 4318634.393, 112
Trd, 4318634.593, 70
Trd, 4318634.643, 66
Trd, 4318636.293, 140
Trd, 4318636.843, 140
Trd, 4318637.243, 140
Trd, 4318638.093, 140
Trd, 4318638.443, 140
Trd, 4318638.493, 140
Trd, 4318639.943, 102
Trd, 4318639.993, 101
Trd, 4318640.743, 100
Trd, 4318641.043, 104
Trd, 4318641.243, 99
Trd, 4318641.793, 113
Trd, 4318642.743, 108
Trd, 4318643.393, 84
Trd, 4318643.943, 140
Trd, 4318644.743, 89
Trd, 4318645.093, 105
Trd, 4318646.143, 60
Trd, 4318646.743, 60
Trd, 4318646.993, 67
Trd, 4318653.193, 60
Trd, 4318653.493, 60
Trd, 4318653.943, 61
Trd, 4318654.643, 61
Trd, 4318655.843, 60
Trd, 4318656.043, 69
Trd, 4318656.093, 82
Trd, 4318656.143, 61
Trd, 4318656.643, 60
Trd, 4318658.993, 60
Trd, 4318659.293, 62
Trd, 4318659.693, 62
Trd, 4318660.493, 62
Trd, 4318660.693, 65
Trd, 4318661.143, 105
Trd, 4318661.593, 64
Trd, 4318662.393, 61
Trd, 4318662.543, 68
Trd, 4318663.993, 61
Trd, 4318666.393, 61
Trd, 4318666.993, 60
Trd, 4318668.943, 60
Trd, 4318669.943, 60
Trd, 4318670.493, 66
Trd, 4318670.693, 64
Trd, 4318671.043, 63
Trd, 4318671.593, 71
Trd, 4318671.693, 67
Trd, 4318671.993, 66
Trd, 4318674.893, 60
Trd, 4318675.443, 61
Trd, 4318675.793, 62
Trd, 4318676.693, 63
Trd, 4318677.943, 68
Trd, 4318679.393, 61
Trd, 4318679.743, 71
Trd, 4318680.193, 64
Trd, 4318681.743, 65
Trd, 4318682.293, 139
Trd, 4318682.843, 68
Trd, 4318683.443, 64
Trd, 4318683.843, 63
Trd, 4318684.193, 138
Trd, 4318685.243, 93
Trd, 4318686.443, 64
Trd, 4318686.693, 78
Trd, 4318686.993, 140
Trd, 4318688.243, 87
Trd, 4318688.293, 85
Trd, 4318688.643, 61
Trd, 4318689.443, 85
Trd, 4318690.243, 63
Trd, 4318690.743, 140
Trd, 4318691.443, 140
Trd, 4318691.543, 79
Trd, 4318695.493, 60
Trd, 4318696.593, 63
Trd, 4318697.093, 63
Trd, 4318697.143, 63
Trd, 4318697.193, 63
Trd, 4318697.393, 63
Trd, 4318698.243, 62
Trd, 4318699.443, 60
Trd, 4318699.593, 60
Trd, 4318699.943, 67
Trd, 4318701.943, 60
Trd, 4318702.093, 60
Trd, 4318704.393, 60
Trd, 4318705.743, 60
Trd, 4318706.243, 62
Trd, 4318707.493, 60
Trd, 4318707.743, 60
Trd, 4318707.993, 62
Trd, 4318708.493, 61
Trd, 4318708.893, 109
Trd, 4318709.343, 64
Trd, 4318710.143, 69
Trd, 4318711.293, 116
Trd, 4318711.343, 73
Trd, 4318712.043, 138
Trd, 4318712.193, 72
Trd, 4318712.243, 67
Trd, 4318712.843, 66
Trd, 4318714.743, 84
Trd, 4318714.893, 66
Trd, 4318717.743, 61
Trd, 4318719.493, 60
Trd, 4318720.193, 60
Trd, 4318720.443, 60
Trd, 4318720.543, 61
Trd, 4318721.043, 61
Trd, 4318721.643, 67
Trd, 4318722.343, 140
Trd, 4318723.543, 75
Trd, 4318724.143, 140
Trd, 4318724.443, 140
Trd, 4318724.543, 74
Trd, 4318725.293, 103
Trd, 4318725.443, 102
Trd, 4318725.993, 103
Trd, 4318727.243, 111
Trd, 4318727.343, 74
Trd, 4318728.293, 117
Trd, 4318728.443, 116
Trd, 4318730.143, 140
Trd, 4318731.743, 140
Trd, 4318732.793, 140
Trd, 4318732.843, 140
Trd, 4318733.093, 140
Trd, 4318733.643, 140
Trd, 4318734.143, 140
Trd, 4318734.493, 140
Trd, 4318735.543, 140
Trd, 4318735.743, 140
Trd, 4318736.843, 140
Trd, 4318738.043, 140
Trd, 4318738.743, 110
Trd, 4318739.043, 140
Trd, 4318739.993, 67
Trd, 4318742.093, 60
Trd, 4318744.393, 64
Trd, 4318744.543, 64
Trd, 4318745.043, 63
Trd, 4318745.243, 62
Trd, 4318745.343, 61
Trd, 4318745.493, 60
Trd, 4318746.193, 62
Trd, 4318746.993, 61
Trd, 4318748.043, 61
Trd, 4318748.343, 96
Trd, 4318748.793, 67
Trd, 4318750.193, 61
Trd, 4318751.493, 62
Trd, 4318753.143, 73
Trd, 4318753.493, 71
Trd, 4318753.693, 71
Trd, 4318755.293, 140
Trd, 4318755.393, 140
Trd, 4318756.443, 140
Trd, 4318757.243, 140
Trd, 4318757.693, 140
Trd, 4318758.743, 140
Trd, 4318758.793, 140
Trd, 4318759.393, 140
Trd, 4318760.293, 140
Trd, 4318761.643, 140
Trd, 4318761.693, 140
Trd, 4318762.493, 140
Trd, 4318763.443, 140
Trd, 4318764.043, 140
Trd, 4318764.093, 139
Trd, 4318764.943, 138
Trd, 4318764.993, 91
Trd, 4318766.093, 70
Trd, 4318767.743, 140
Trd, 4318769.193, 140
Trd, 4318769.243, 140
Trd, 4318769.443, 140
Trd, 4318769.993, 140
Trd, 4318770.143, 140
Trd, 4318770.493, 113
Trd, 4318771.893, 118
Trd, 4318772.743, 140
Trd, 4318772.943, 140
Trd, 4318774.043, 140
Trd, 4318774.143, 140
Trd, 4318774.193, 104
Trd, 4318775.743, 66
Trd, 4318776.993, 60
Trd, 4318778.193, 60
Trd, 4318778.343, 61
Trd, 4318780.443, 61
Trd, 4318781.743, 61
Trd, 4318781.893, 62
Trd, 4318782.793, 140
Trd, 4318782.943, 140
Trd, 4318783.393, 139
Trd, 4318783.443, 139
Trd, 4318783.793, 60
Trd, 4318784.443, 63
Trd, 4318785.343, 61
Trd, 4318786.443, 66
Trd, 4318787.243, 64
Trd, 4318787.293, 65
Trd, 4318788.143, 67
Trd, 4318789.043, 69
Trd, 4318789.293, 71
Trd, 4318791.543, 140
Trd, 4318792.093, 139
Trd, 4318792.143, 139
Trd, 4318792.493, 85
Trd, 4318794.243, 70
Trd, 4318794.593, 61
Trd, 4318794.993, 65
Trd, 4318795.893, 62
Trd, 4318796.493, 60
Trd, 4318797.043, 61
Trd, 4318797.443, 68
Trd, 4318798.043, 62
Trd, 4318798.993, 61
Trd, 4318799.743, 75
Trd, 4318801.593, 60
Trd, 4318802.043, 60
Trd, 4318803.493, 62
Trd, 4318806.043, 63
Trd, 4318806.393, 61
Trd, 4318806.493, 66
Trd, 4318807.343, 63
Trd, 4318808.293, 63
Trd, 4318808.843, 64
Trd, 4318810.143, 140
Trd, 4318812.243, 140
Trd, 4318812.843, 140
Trd, 4318813.043, 140
Trd, 4318813.593, 140
Trd, 4318813.693, 140
Trd, 4318814.793, 140
Trd, 4318816.543, 140
Trd, 4318816.593, 140
Trd, 4318816.843, 140
Trd, 4318816.943, 140
Trd, 4318817.493, 139
Trd, 4318818.743, 87
Trd, 4318819.143, 138
Trd, 4318819.443, 83
Trd, 4318820.593, 63
Trd, 4318822.943, 65
Trd, 4318823.243, 68
Trd, 4318826.343, 60
Trd, 4318826.443, 61
Trd, 4318826.793, 61
Trd, 4318827.143, 62
Trd, 4318827.593, 70
Trd, 4318828.093, 71
Trd, 4318828.793, 65
Trd, 4318829.043, 102
Trd, 4318829.643, 60
Trd, 4318831.943, 60
Trd, 4318832.693, 60
Trd, 4318834.743, 60
Trd, 4318836.693, 61
Trd, 4318837.093, 62
Trd, 4318837.693, 61
Trd, 4318837.943, 62
Trd, 4318838.643, 62
Trd, 4318838.793, 62
Trd, 4318839.193, 64
Trd, 4318839.343, 62
Trd, 4318840.493, 63
Trd, 4318841.943, 61
Trd, 4318843.393, 62
Trd, 4318843.743, 73
Trd, 4318844.543, 140
Trd, 4318845.393, 140
Trd, 4318845.643, 140
Trd, 4318845.793, 138
Trd, 4318845.993, 135
Trd, 4318847.193, 140
Trd, 4318847.643, 140
Trd, 4318848.293, 140
Trd, 4318848.343, 140
Trd, 4318848.393, 140
Trd, 4318850.643, 131
Trd, 4318850.743, 101
Trd, 4318851.693, 140
Trd, 4318853.143, 140
Trd, 4318853.193, 140
Trd, 4318853.543, 139
Trd, 4318854.143, 140
Trd, 4318854.943, 139
Trd, 4318856.093, 63
Trd, 4318857.093, 63
Trd, 4318857.893, 63
Trd, 4318859.093, 62
Trd, 4318859.543, 62
Trd, 4318859.593, 61
Trd, 4318859.743, 65
Trd, 4318859.893, 62
Trd, 4318861.993, 65
Trd, 4318862.043, 67
Trd, 4318862.093, 74
Trd, 4318863.543, 80
Trd, 4318863.593, 79
Trd, 4318864.993, 140
Trd, 4318865.043, 140
Trd, 4318865.393, 140
Trd, 4318865.493, 140
Trd, 4318867.693, 66
Trd, 4318867.943, 65
Trd, 4318868.143, 65
Trd, 4318868.693, 83
Trd, 4318869.143, 81
Trd, 4318869.943, 76
Trd, 4318870.193, 77
Trd, 4318870.393, 77
Trd, 4318871.693, 140
Trd, 4318871.743, 140
Trd, 4318872.743, 140
Trd, 4318873.643, 115
Trd, 4318874.343, 115
Trd, 4318874.393, 114
Trd, 4318875.593, 139
Trd, 4318876.043, 62
Trd, 4318876.893, 118
Trd, 4318877.793, 122
Trd, 4318877.993, 122
Trd, 4318878.843, 122
Trd, 4318878.943, 70
Trd, 4318880.293, 73
Trd, 4318881.643, 140
Trd, 4318881.893, 139
Trd, 4318882.693, 109
Trd, 4318883.143, 139
Trd, 4318883.393, 138
Trd, 4318884.643, 140
Trd, 4318884.793, 140
Trd, 4318885.643, 140
Trd, 4318885.793, 139
Trd, 4318886.193, 105
Trd, 4318886.693, 68
Trd, 4318887.343, 137
Trd, 4318888.593, 136
Trd, 4318888.943, 135
Trd, 4318889.293, 137
Trd, 4318890.993, 140
Trd, 4318892.393, 140
Trd, 4318893.593, 140
Trd, 4318893.943, 140
Trd, 4318894.493, 140
Trd, 4318894.543, 140
Trd, 4318895.093, 140
Trd, 4318895.693, 140
Trd, 4318896.493, 140
Trd, 4318897.593, 140
Trd, 4318898.193, 140
Trd, 4318898.343, 140
Trd, 4318898.743, 140
Trd, 4318901.393, 140
Trd, 4318901.443, 140
Trd, 4318901.793, 140
Trd, 4318902.093, 140
Trd, 4318903.743, 140
Trd, 4318904.093, 140
Trd, 4318904.143, 140
Trd, 4318904.193, 140
Trd, 4318904.243, 140
Trd, 4318905.493, 129
Trd, 4318906.493, 132
Trd, 4318907.393, 140
Trd, 4318908.393, 133
Trd, 4318908.793, 133
Trd, 4318909.093, 117
Trd, 4318909.443, 116
Trd, 4318909.793, 60
Trd, 4318910.843, 106
Trd, 4318911.893, 140
Trd, 4318911.993, 140
Trd, 4318912.043, 139
Trd, 4318913.043, 81
Trd, 4318913.293, 132
Trd, 4318914.793, 62
Trd, 4318917.893, 60
Trd, 4318919.743, 65
Trd, 4318919.843, 65
Trd, 4318920.393, 66
Trd, 4318921.943, 62
Trd, 4318922.193, 61
Trd, 4318922.743, 60
Trd, 4318922.793, 63
Trd, 4318923.293, 72
Trd, 4318923.943, 61
Trd, 4318924.593, 64
Trd, 4318925.593, 61
Trd, 4318926.293, 64
Trd, 4318928.643, 60
Trd, 4318930.593, 61
Trd, 4318930.693, 63
Trd, 4318931.743, 66
Trd, 4318932.943, 60
Trd, 4318933.193, 61
Trd, 4318933.493, 62
Trd, 4318933.843, 63
Trd, 4318934.293, 61
Trd, 4318935.393, 61
Trd, 4318937.243, 62
Trd, 4318937.793, 65
Trd, 4318938.893, 60
Trd, 4318939.143, 61
Trd, 4318939.393, 61
Trd, 4318939.643, 62
Trd, 4318939.893, 61
Trd, 4318940.443, 69
Trd, 4318941.993, 62
Trd, 4318943.193, 60
Trd, 4318945.143, 60
Trd, 4318949.043, 60
Trd, 4318949.193, 60
Trd, 4318949.343, 61
Trd, 4318949.593, 61
Trd, 4318949.843, 63
Trd, 4318950.643, 62
Trd, 4318951.243, 74
Trd, 4318951.693, 114
Trd, 4318951.793, 113
Trd, 4318952.143, 62
Trd, 4318953.543, 62
Trd, 4318953.893, 63
Trd, 4318956.393, 61
Trd, 4318957.393, 60
Trd, 4318959.643, 62
Trd, 4318960.893, 60
Trd, 4318961.143, 63
Trd, 4318962.693, 61
Trd, 4318963.193, 63
Trd, 4318963.643, 62
Trd, 4318964.043, 63
Trd, 4318964.343, 63
Trd, 4318964.493, 62
Trd, 4318964.643, 80
Trd, 4318965.593, 64
Trd, 4318966.093, 62
Trd, 4318966.443, 139
Trd, 4318968.193, 140
Trd, 4318968.243, 138
Trd, 4318969.093, 92
Trd, 4318969.893, 140
Trd, 4318969.943, 140
Trd, 4318971.793, 99
Trd, 4318972.243, 101
Trd, 4318972.993, 102
Trd, 4318973.743, 102
Trd, 4318974.243, 103
Trd, 4318974.793, 102
Trd, 4318975.993, 86
Trd, 4318976.243, 140
Trd, 4318976.743, 140
Trd, 4318977.943, 106
Trd, 4318978.943, 140
Trd, 4318979.193, 139
Trd, 4318979.393, 106
Trd, 4318980.793, 111
Trd, 4318981.693, 69
Trd, 4318982.243, 67
Trd, 4318983.943, 129
Trd, 4318984.843, 94
Trd, 4318984.893, 92
Trd, 4318985.393, 137
Trd, 4318985.993, 140
Trd, 4318987.293, 140
Trd, 4318988.743, 140
Trd, 4318988.843, 140
Trd, 4318989.443, 140
Trd, 4318989.543, 140
Trd, 4318989.943, 130
Trd, 4318991.293, 140
Trd, 4318992.693, 140
Trd, 4318992.793, 140
Trd, 4318992.893, 140
Trd, 4318994.193, 140
Trd, 4318994.493, 140
Trd, 4318994.893, 139
Trd, 4318995.093, 140
Trd, 4318995.343, 139
Trd, 4318996.443, 64
Trd, 4318998.043, 93
Trd, 4318998.143, 69
Trd, 4319001.143, 61
Trd, 4319001.193, 62
Trd, 4319001.393, 65
Trd, 4319002.243, 60
Trd, 4319003.643, 62
Trd, 4319005.243, 63
Trd, 4319005.343, 62
Trd, 4319005.393, 61
Trd, 4319006.343, 104
Trd, 4319006.593, 103
Trd, 4319007.193, 67
Trd, 4319007.393, 66
Trd, 4319009.493, 65
Trd, 4319010.293, 61
Trd, 4319010.393, 66
Trd, 4319012.043, 90
Trd, 4319014.293, 60
Trd, 4319014.993, 60
Trd, 4319015.393, 61
Trd, 4319015.793, 61
Trd, 4319016.093, 62
Trd, 4319016.293, 61
Trd, 4319016.593, 67
Trd, 4319018.043, 67
Trd, 4319018.343, 67
Trd, 4319020.243, 63
Trd, 4319020.393, 63
Trd, 4319020.693, 62
Trd, 4319022.593, 60
Trd, 4319022.993, 116
Trd, 4319024.043, 78
Trd, 4319024.093, 79
Trd, 4319024.993, 65
Trd, 4319025.343, 63
Trd, 4319026.093, 140
Trd, 4319026.443, 140
Trd, 4319026.993, 69
Trd, 4319027.243, 67
Trd, 4319028.293, 139
Trd, 4319028.593, 61
Trd, 4319029.643, 62
Trd, 4319030.493, 61
Trd, 4319032.643, 60
Trd, 4319034.343, 60
Trd, 4319035.093, 60
Trd, 4319036.643, 65
Trd, 4319036.743, 66
Trd, 4319037.093, 66
Trd, 4319037.193, 65
Trd, 4319039.943, 60
Trd, 4319040.093, 60
Trd, 4319040.243, 60
Trd, 4319040.393, 61
Trd, 4319041.943, 62
Trd, 4319042.143, 60
Trd, 4319042.793, 62
Trd, 4319043.143, 92
Trd, 4319043.693, 137
Trd, 4319044.543, 88
Trd, 4319044.843, 61
Trd, 4319047.293, 60
Trd, 4319048.793, 60
Trd, 4319048.893, 63
Trd, 4319049.143, 61
Trd, 4319049.293, 72
Trd, 4319049.443, 140
Trd, 4319049.743, 60
Trd, 4319050.943, 63
Trd, 4319054.293, 60
Trd, 4319055.293, 60
Trd, 4319055.493, 61
Trd, 4319056.793, 60
Trd, 4319058.193, 64
Trd, 4319058.643, 61
Trd, 4319058.893, 62
Trd, 4319059.393, 66
Trd, 4319060.093, 70
Trd, 4319060.443, 69
Trd, 4319061.493, 73
Trd, 4319062.043, 73
Trd, 4319062.243, 73
Trd, 4319062.693, 74
Trd, 4319064.543, 113
Trd, 4319065.043, 137
Trd, 4319065.293, 119
Trd, 4319065.643, 116
Trd, 4319066.593, 134
Trd, 4319066.643, 132
Trd, 4319067.543, 81
Trd, 4319067.643, 78
Trd, 4319069.193, 62
Trd, 4319069.543, 81
Trd, 4319072.593, 60
Trd, 4319074.993, 61
Trd, 4319075.243, 62
Trd, 4319075.993, 60
Trd, 4319076.393, 62
Trd, 4319076.893, 64
Trd, 4319077.093, 66
Trd, 4319077.243, 71
Trd, 4319077.293, 65
Trd, 4319078.593, 140
Trd, 4319079.543, 140
Trd, 4319079.693, 140
Trd, 4319079.743, 139
Trd, 4319080.543, 138
Trd, 4319081.743, 98
Trd, 4319082.893, 140
Trd, 4319082.943, 140
Trd, 4319083.443, 140
Trd, 4319083.543, 140
Trd, 4319084.293, 139
Trd, 4319084.843, 140
Trd, 4319085.243, 139
Trd, 4319087.243, 140
Trd, 4319087.593, 139
Trd, 4319088.343, 102
Trd, 4319088.843, 67
Trd, 4319089.493, 65
Trd, 4319089.693, 139
Trd, 4319091.193, 61
Trd, 4319094.443, 60
Trd, 4319096.293, 60
Trd, 4319096.693, 60
Trd, 4319096.993, 60
Trd, 4319097.143, 61
Trd, 4319097.393, 62
Trd, 4319097.843, 67
Trd, 4319098.543, 66
Trd, 4319098.643, 65
Trd, 4319099.893, 60
Trd, 4319100.243, 61
Trd, 4319100.643, 62
Trd, 4319101.443, 102
Trd, 4319102.043, 100
Trd, 4319103.043, 135
Trd, 4319103.693, 136
Trd, 4319103.893, 136
Trd, 4319104.443, 78
Trd, 4319106.743, 136
Trd, 4319107.093, 135
Trd, 4319107.543, 84
Trd, 4319107.643, 82
Trd, 4319109.043, 140
Trd, 4319109.293, 140
Trd, 4319109.693, 140
Trd, 4319110.593, 140
Trd, 4319110.743, 140
Trd, 4319111.993, 140
Trd, 4319113.143, 140
Trd, 4319113.493, 137
Trd, 4319114.243, 139
Trd, 4319114.943, 139
Trd, 4319115.043, 138
Trd, 4319115.943, 138
Trd, 4319117.243, 139
Trd, 4319117.393, 130
Trd, 4319118.893, 138
Trd, 4319119.443, 138
Trd, 4319120.393, 138
Trd, 4319120.543, 137
Trd, 4319121.343, 140
Trd, 4319121.393, 132
Trd, 4319121.443, 72
Trd, 4319122.343, 61
Trd, 4319123.743, 104
Trd, 4319123.943, 104
Trd, 4319123.993, 103
Trd, 4319124.143, 110
Trd, 4319127.093, 62
Trd, 4319127.393, 63
Trd, 4319128.643, 66
Trd, 4319130.693, 61
Trd, 4319132.543, 60
Trd, 4319133.393, 64
Trd, 4319133.443, 66
Trd, 4319133.793, 65
Trd, 4319133.943, 64
Trd, 4319134.143, 68
Trd, 4319134.593, 62
Trd, 4319136.043, 73
Trd, 4319136.093, 68
Trd, 4319136.893, 70
Trd, 4319138.093, 140
Trd, 4319138.243, 140
Trd, 4319138.493, 140
Trd, 4319139.443, 140
Trd, 4319139.843, 130
Trd, 4319142.343, 61
Trd, 4319142.443, 61
Trd, 4319143.943, 60
Trd, 4319145.043, 61
Trd, 4319146.093, 60
Trd, 4319146.293, 61
Trd, 4319146.393, 60
Trd, 4319146.943, 69
Trd, 4319146.993, 61
Trd, 4319147.543, 60
Trd, 4319147.593, 61
Trd, 4319148.593, 64
Trd, 4319150.093, 112
Trd, 4319150.193, 66
Trd, 4319150.793, 140
Trd, 4319151.693, 69
Trd, 4319153.193, 79
Trd, 4319153.443, 78
Trd, 4319153.893, 73
Trd, 4319155.743, 140
Trd, 4319155.893, 140
Trd, 4319157.143, 140
Trd, 4319157.243, 140
Trd, 4319157.743, 140
Trd, 4319158.093, 140
Trd, 4319159.193, 139
Trd, 4319159.543, 122
Trd, 4319160.593, 136
Trd, 4319161.593, 70
Trd, 4319161.793, 69
Trd, 4319162.343, 136
Trd, 4319163.593, 112
Trd, 4319163.743, 111
Trd, 4319164.243, 80
Trd, 4319165.143, 110
Trd, 4319166.293, 140
Trd, 4319166.493, 140
Trd, 4319166.643, 140
Trd, 4319167.693, 140
Trd, 4319167.943, 140
Trd, 4319169.043, 98
Trd, 4319170.393, 127
Trd, 4319170.843, 127
Trd, 4319172.693, 73
Trd, 4319173.393, 138
Trd, 4319173.943, 90
Trd, 4319174.143, 88
Trd, 4319174.343, 138
Trd, 4319174.893, 136
Trd, 4319174.943, 134
Trd, 4319178.243, 61
Trd, 4319178.593, 60
Trd, 4319180.693, 61
Trd, 4319180.893, 62
Trd, 4319181.243, 61
Trd, 4319181.493, 62
Trd, 4319181.543, 62
Trd, 4319182.843, 68
Trd, 4319183.843, 74
Trd, 4319184.293, 72
Trd, 4319184.843, 117
Trd, 4319185.693, 140
Trd, 4319186.143, 140
Trd, 4319186.293, 140
Trd, 4319186.343, 68
Trd, 4319187.843, 68
Trd, 4319188.943, 66
Trd, 4319190.443, 70
Trd, 4319190.593, 67
Trd, 4319191.143, 139
Trd, 4319192.143, 70
Trd, 4319193.093, 96
Trd, 4319194.593, 132
Trd, 4319194.693, 131
Trd, 4319195.443, 103
Trd, 4319195.943, 103
Trd, 4319196.393, 140
Trd, 4319196.743, 140
Trd, 4319198.243, 140
Trd, 4319198.693, 140
Trd, 4319198.993, 140
Trd, 4319199.193, 140
Trd, 4319199.443, 140
Trd, 4319199.943, 139
Trd, 4319200.343, 138
Trd, 4319200.893, 138
Trd, 4319202.043, 140
Trd, 4319202.393, 140
Trd, 4319203.143, 140
Trd, 4319203.693, 140
Trd, 4319204.243, 140
Trd, 4319204.493, 140
Trd, 4319204.593, 140
Trd, 4319206.193, 100
Trd, 4319207.143, 136
Trd, 4319207.243, 70
Trd, 4319207.943, 140
Trd, 4319208.043, 140
Trd, 4319208.393, 140
Trd, 4319208.643, 71
Trd, 4319210.543, 70
Trd, 4319212.093, 114
Trd, 4319212.543, 63
Trd, 4319215.693, 60
Trd, 4319215.743, 63
Trd, 4319215.793, 70
Trd, 4319216.243, 63
Trd, 4319216.793, 71
Trd, 4319217.393, 65
Trd, 4319217.993, 66
Trd, 4319218.193, 65
Trd, 4319218.743, 64
Trd, 4319220.643, 75
Trd, 4319221.243, 66
Trd, 4319221.343, 66
Trd, 4319221.443, 67
Trd, 4319223.043, 140
Trd, 4319223.343, 139
Trd, 4319223.493, 116
Trd, 4319223.543, 115
Trd, 4319224.043, 115
Trd, 4319224.343, 114
Trd, 4319225.393, 138
Trd, 4319226.543, 82
Trd, 4319227.293, 86
Trd, 4319227.393, 83
Trd, 4319229.393, 60
Trd, 4319230.693, 112
Trd, 4319231.543, 140
Trd, 4319232.193, 140
Trd, 4319232.443, 140
Trd, 4319233.643, 139
Trd, 4319233.793, 137
Trd, 4319234.843, 140
Trd, 4319234.893, 140
Trd, 4319234.993, 140
Trd, 4319235.543, 139
Trd, 4319236.893, 103
Trd, 4319238.243, 60
Trd, 4319239.593, 61
Trd, 4319239.693, 61
Trd, 4319240.093, 62
Trd, 4319240.143, 63
Trd, 4319240.293, 64
Trd, 4319241.193, 63
Trd, 4319243.643, 61
Trd, 4319244.143, 61
Trd, 4319245.893, 61
Trd, 4319247.693, 60
Trd, 4319248.493, 61
Trd, 4319249.393, 60
Trd, 4319250.093, 64
Trd, 4319250.493, 67
Trd, 4319251.193, 65
Trd, 4319251.593, 64
Trd, 4319251.793, 65
Trd, 4319252.143, 65
Trd, 4319252.843, 67
Trd, 4319252.943, 66
Trd, 4319254.443, 73
Trd, 4319254.843, 71
Trd, 4319255.143, 70
Trd, 4319256.743, 139
Trd, 4319256.793, 112
Trd, 4319257.143, 90
Trd, 4319257.993, 140
Trd, 4319258.243, 140
Trd, 4319259.593, 140
Trd, 4319260.643, 140
Trd, 4319261.193, 140
Trd, 4319261.243, 140
Trd, 4319262.443, 140
Trd, 4319262.693, 87
Trd, 4319263.093, 61
Trd, 4319263.893, 78
Trd, 4319266.243, 62
Trd, 4319268.843, 60
Trd, 4319270.893, 60
Trd, 4319271.343, 60
Trd, 4319271.443, 61
Trd, 4319271.893, 68
Trd, 4319272.043, 70
Trd, 4319272.543, 63
Trd, 4319273.093, 63
Trd, 4319273.493, 68
Trd, 4319274.093, 65
Trd, 4319274.793, 67
Trd, 4319276.643, 60
Trd, 4319278.243, 62
Trd, 4319279.343, 65
Trd, 4319279.393, 64
Trd, 4319279.993, 63
Trd, 4319280.243, 130
Trd, 4319280.443, 91
Trd, 4319282.243, 62
Trd, 4319282.543, 63
Trd, 4319282.843, 64
Trd, 4319285.493, 60
Trd, 4319287.993, 60
Trd, 4319288.543, 60
Trd, 4319289.093, 61
Trd, 4319289.593, 61
Trd, 4319289.843, 61
Trd, 4319290.093, 61
Trd, 4319290.443, 63
Trd, 4319291.693, 63
Trd, 4319291.843, 62
Trd, 4319292.043, 66
Trd, 4319292.243, 101
Trd, 4319292.843, 63
Trd, 4319293.593, 140
Trd, 4319294.243, 68
Trd, 4319294.993, 70
Trd, 4319295.243, 126
Trd, 4319295.593, 69
Trd, 4319296.393, 62
Trd, 4319298.293, 140
Trd, 4319299.093, 140
Trd, 4319299.243, 140
Trd, 4319299.693, 97
Trd, 4319300.493, 97
Trd, 4319301.043, 96
Trd, 4319301.693, 83
Trd, 4319303.193, 62
Trd, 4319303.843, 60
Trd, 4319305.343, 62
Trd, 4319305.543, 65
Trd, 4319306.293, 62
Trd, 4319306.543, 65
Trd, 4319306.793, 136
Trd, 4319307.293, 64
Trd, 4319307.393, 76
Trd, 4319307.943, 62
Trd, 4319309.693, 98
Trd, 4319309.843, 139
Trd, 4319310.093, 99
Trd, 4319311.543, 106
Trd, 4319311.993, 119
Trd, 4319312.143, 103
Trd, 4319313.493, 60
Trd, 4319313.893, 68
Trd, 4319315.293, 62
Trd, 4319317.843, 60
Trd, 4319318.343, 62
Trd, 4319318.443, 62
Trd, 4319318.643, 63
Trd, 4319319.043, 64
Trd, 4319319.343, 64
Trd, 4319319.843, 66
Trd, 4319320.593, 140
Trd, 4319321.843, 140
Trd, 4319322.443, 140
Trd, 4319322.593, 140
Trd, 4319323.243, 140
Trd, 4319323.593, 140
Trd, 4319324.693, 140
Trd, 4319324.993, 140
Trd, 4319325.593, 140
Trd, 4319326.243, 140
Trd, 4319326.493, 140
Trd, 4319326.593, 139
Trd, 4319327.493, 136
Trd, 4319327.543, 133
Trd, 4319328.143, 121
Trd, 4319329.593, 137
Trd, 4319331.343, 60
Trd, 4319333.243, 61
Trd, 4319335.193, 62
Trd, 4319335.943, 61
Trd, 4319337.193, 60
Trd, 4319337.693, 61
Trd, 4319338.243, 61
Trd, 4319338.593, 65
Trd, 4319338.943, 63
Trd, 4319339.193, 80
Trd, 4319339.343, 62
Trd, 4319339.693, 61
Trd, 4319341.143, 140
Trd, 4319341.493, 140
Trd, 4319341.993, 140
Trd, 4319342.143, 140
Trd, 4319345.193, 140
Trd, 4319345.243, 140
Trd, 4319345.543, 139
Trd, 4319346.293, 106
Trd, 4319346.593, 138
Trd, 4319346.743, 108
Trd, 4319347.443, 109
Trd, 4319347.743, 107
Trd, 4319348.343, 140
Trd, 4319348.393, 140
Trd, 4319348.743, 83
Trd, 4319348.943, 81
Trd, 4319350.393, 64
Trd, 4319351.293, 65
Trd, 4319353.743, 60
Trd, 4319354.693, 64
Trd, 4319355.593, 62
Trd, 4319356.093, 64
Trd, 4319356.343, 139
Trd, 4319356.443, 63
Trd, 4319357.393, 63
Trd, 4319357.943, 64
Trd, 4319358.793, 61
Trd, 4319359.343, 140
Trd, 4319359.943, 66
Trd, 4319360.043, 64
Trd, 4319360.543, 140
Trd, 4319360.693, 140
Trd, 4319361.143, 140
Trd, 4319361.493, 140
Trd, 4319361.993, 138
Trd, 4319363.843, 140
Trd, 4319365.093, 140
Trd, 4319365.193, 140
Trd, 4319366.693, 140
Trd, 4319367.293, 140
Trd, 4319367.693, 140
Trd, 4319367.743, 140
Trd, 4319368.343, 140
Trd, 4319368.993, 140
Trd, 4319369.943, 140
Trd, 4319371.143, 92
Trd, 4319371.643, 123
Trd, 4319372.193, 115
Trd, 4319372.293, 93
Trd, 4319372.793, 93
Trd, 4319373.443, 105
Trd, 4319374.943, 100
Trd, 4319375.893, 107
Trd, 4319376.143, 106
Trd, 4319377.143, 140
Trd, 4319377.293, 140
Trd, 4319377.443, 140
Trd, 4319377.943, 139
Trd, 4319378.443, 140
Trd, 4319379.293, 140
Trd, 4319380.543, 140
Trd, 4319381.443, 140
Trd, 4319381.543, 140
Trd, 4319382.843, 140
Trd, 4319382.943, 139
Trd, 4319383.243, 140
Trd, 4319384.293, 140
Trd, 4319384.443, 139
Trd, 4319385.443, 95
Trd, 4319386.693, 99
Trd, 4319386.843, 96
Trd, 4319387.193, 64
Trd, 4319387.893, 137
Trd, 4319388.443, 106
Trd, 4319388.893, 60
Trd, 4319389.493, 69
Trd, 4319390.643, 61
Trd, 4319390.893, 68
Trd, 4319392.393, 66
Trd, 4319393.243, 60
Trd, 4319393.943, 62
Trd, 4319395.143, 140
Trd, 4319396.093, 73
Trd, 4319396.293, 72
Trd, 4319396.943, 140
Trd, 4319397.293, 140
Trd, 4319398.193, 140
Trd, 4319398.643, 140
Trd, 4319400.543, 140
Trd, 4319400.643, 140
Trd, 4319400.893, 140
Trd, 4319401.043, 140
Trd, 4319401.743, 137
Trd, 4319402.143, 134
Trd, 4319403.193, 68
Trd, 4319406.993, 60
Trd, 4319407.143, 62
Trd, 4319407.643, 66
Trd, 4319408.093, 60
Trd, 4319409.043, 61
Trd, 4319409.193, 61
Trd, 4319409.943, 64
Trd, 4319410.443, 63
Trd, 4319410.743, 63
Trd, 4319410.993, 64
Trd, 4319411.443, 104
Trd, 4319411.493, 63
Trd, 4319411.793, 62
Trd, 4319412.793, 140
Trd, 4319412.843, 140
Trd, 4319413.493, 140
Trd, 4319414.943, 87
Trd, 4319417.693, 73
Trd, 4319417.943, 79
Trd, 4319418.143, 61
Trd, 4319419.493, 61
Trd, 4319420.793, 62
Trd, 4319421.843, 110
Trd, 4319422.043, 72
Trd, 4319422.193, 70
Trd, 4319422.293, 69
Trd, 4319422.493, 68
Trd, 4319423.243, 67
Trd, 4319423.843, 68
Trd, 4319424.043, 67
Trd, 4319424.593, 140
Trd, 4319424.743, 140
Trd, 4319425.593, 140
Trd, 4319426.393, 140
Trd, 4319427.343, 60
Trd, 4319428.143, 60
Trd, 4319429.443, 69
Trd, 4319429.593, 69
Trd, 4319429.693, 68
Trd, 4319430.343, 69
Trd, 4319430.793, 68
Trd, 4319431.443, 113
Trd, 4319432.443, 63
Trd, 4319432.543, 66
Trd, 4319433.293, 98
Trd, 4319434.143, 66
Trd, 4319434.493, 77
Trd, 4319435.393, 72
Trd, 4319436.843, 140
Trd, 4319437.043, 140
Trd, 4319437.543, 140
Trd, 4319438.143, 140
Trd, 4319438.593, 140
Trd, 4319438.943, 140
Trd, 4319439.043, 140
Trd, 4319439.193, 139
Trd, 4319440.743, 72
Trd, 4319441.093, 71
Trd, 4319441.243, 70
Trd, 4319442.143, 108
Trd, 4319442.343, 140
Trd, 4319442.993, 110
Trd, 4319444.393, 139
Trd, 4319444.793, 140
Trd, 4319444.993, 140
Trd, 4319445.943, 140
Trd, 4319446.793, 140
Trd, 4319446.943, 100
Trd, 4319447.893, 66
Trd, 4319449.493, 63
Trd, 4319449.993, 60
Trd, 4319450.643, 62
Trd, 4319451.493, 60
Trd, 4319451.793, 60
Trd, 4319452.343, 61
Trd, 4319452.493, 63
Trd, 4319453.943, 65
Trd, 4319454.493, 64
Trd, 4319455.343, 130
Trd, 4319455.593, 65
Trd, 4319456.643, 69
Trd, 4319457.143, 140
Trd, 4319457.643, 109
Trd, 4319458.843, 140
Trd, 4319458.893, 140
Trd, 4319459.343, 140
Trd, 4319459.843, 140
Trd, 4319459.893, 140
Trd, 4319460.143, 88
Trd, 4319460.893, 139
Trd, 4319461.243, 86
Trd, 4319463.793, 61
Trd, 4319464.843, 77
Trd, 4319465.943, 67
Trd, 4319466.893, 61
Trd, 4319469.943, 61
Trd, 4319469.993, 61
Trd, 4319470.193, 63
Trd, 4319470.243, 66
Trd, 4319470.343, 61
Trd, 4319471.493, 67
Trd, 4319471.843, 64
Trd, 4319473.793, 61
Trd, 4319474.193, 62
Trd, 4319474.643, 62
Trd, 4319475.143, 69
Trd, 4319475.893, 66
Trd, 4319476.343, 140
Trd, 4319477.043, 137
Trd, 4319478.343, 139
Trd, 4319478.593, 140
Trd, 4319479.743, 140
Trd, 4319479.843, 140
Trd, 4319480.493, 140
Trd, 4319480.693, 140
Trd, 4319482.193, 140
Trd, 4319482.543, 140
Trd, 4319483.293, 114
Trd, 4319483.343, 90
Trd, 4319483.593, 90
Trd, 4319483.993, 140
Trd, 4319484.443, 91
Trd, 4319485.193, 115
Trd, 4319487.793, 140
Trd, 4319488.543, 140
Trd, 4319488.643, 140
Trd, 4319488.943, 140
Trd, 4319489.193, 140
Trd, 4319489.693, 140
Trd, 4319490.043, 140
Trd, 4319490.393, 140
Trd, 4319490.543, 140
Trd, 4319491.343, 139
Trd, 4319492.193, 109
Trd, 4319493.293, 99
Trd, 4319494.493, 79
Trd, 4319494.543, 66
Trd, 4319495.693, 60
Trd, 4319495.943, 140
Trd, 4319496.443, 66
Trd, 4319497.893, 139
Trd, 4319498.393, 139
Trd, 4319498.993, 140
Trd, 4319499.443, 139
Trd, 4319499.943, 112
Trd, 4319501.293, 133
Trd, 4319501.343, 131
Trd, 4319502.193, 128
Trd, 4319503.193, 140
Trd, 4319503.393, 140
Trd, 4319503.493, 140
Trd, 4319504.693, 134
Trd, 4319505.543, 133
Trd, 4319507.043, 140
Trd, 4319507.843, 140
Trd, 4319507.993, 103
Trd, 4319508.793, 64
Trd, 4319509.943, 63
Trd, 4319510.493, 65
Trd, 4319510.593, 66
Trd, 4319510.693, 64
Trd, 4319511.743, 72
Trd, 4319512.043, 69
Trd, 4319512.293, 69
Trd, 4319514.543, 140
Trd, 4319515.193, 140
Trd, 4319515.293, 140
Trd, 4319515.843, 140
Trd, 4319516.943, 140
Trd, 4319519.093, 140
Trd, 4319519.743, 140
Trd, 4319520.143, 140
Trd, 4319520.343, 139
Trd, 4319520.793, 140
Trd, 4319522.093, 118
Trd, 4319522.443, 138
Trd, 4319523.393, 124
Trd, 4319524.893, 130
Trd, 4319524.943, 129
Trd, 4319525.343, 124
Trd, 4319525.893, 140
Trd, 4319527.043, 91
Trd, 4319527.343, 138
Trd, 4319528.643, 95
Trd, 4319528.843, 94
Trd, 4319529.143, 72
Trd, 4319529.943, 137
Trd, 4319530.993, 111
Trd, 4319531.293, 101
Trd, 4319531.593, 100
Trd, 4319532.543, 100
Trd, 4319533.593, 104
Trd, 4319534.643, 110
Trd, 4319534.793, 109
Trd, 4319535.543, 140
Trd, 4319536.193, 139
Trd, 4319536.693, 60
Trd, 4319537.543, 61
Trd, 4319538.243, 83
Trd, 4319539.493, 68
Trd, 4319539.793, 140
Trd, 4319540.293, 68
Trd, 4319540.343, 67
Trd, 4319541.643, 119
Trd, 4319541.993, 136
Trd, 4319542.643, 124
Trd, 4319542.793, 124
Trd, 4319543.143, 128
Trd, 4319543.993, 123
Trd, 4319544.293, 140
Trd, 4319545.643, 140
Trd, 4319547.193, 140
Trd, 4319547.293, 140
Trd, 4319548.343, 140
Trd, 4319548.443, 140
Trd, 4319548.643, 140
Trd, 4319548.693, 140
Trd, 4319550.593, 120
Trd, 4319550.643, 119
Trd, 4319550.843, 119
Trd, 4319553.593, 64
Trd, 4319553.643, 63
Trd, 4319553.993, 110
Trd, 4319554.593, 68
Trd, 4319554.993, 67
Trd, 4319555.543, 68
Trd, 4319556.643, 140
Trd, 4319556.843, 70
Trd, 4319556.943, 66
Trd, 4319557.293, 60
Trd, 4319557.793, 126
Trd, 4319558.893, 139
Trd, 4319559.043, 139
Trd, 4319559.693, 140
Trd, 4319559.993, 140
Trd, 4319560.943, 140
Trd, 4319562.393, 140
Trd, 4319563.243, 115
Trd, 4319563.493, 114
Trd, 4319564.743, 115
Trd, 4319564.943, 113
Trd, 4319567.043, 140
Trd, 4319567.093, 140
Trd, 4319567.893, 140
Trd, 4319568.743, 140
Trd, 4319568.993, 140
Trd, 4319569.543, 140
Trd, 4319570.693, 140
Trd, 4319570.893, 140
Trd, 4319571.243, 140
Trd, 4319571.693, 140
Trd, 4319573.443, 140
Trd, 4319573.793, 140
Trd, 4319573.843, 140
Trd, 4319574.443, 139
Trd, 4319574.493, 138
Trd, 4319574.693, 116
Trd, 4319576.043, 61
Trd, 4319576.693, 65
Trd, 4319578.393, 66
Trd, 4319579.243, 137
Trd, 4319579.493, 139
Trd, 4319579.993, 76
Trd, 4319580.493, 79
Trd, 4319581.843, 80
Trd, 4319583.043, 84
Trd, 4319583.793, 139
Trd, 4319583.893, 85
Trd, 4319585.243, 98
Trd, 4319585.293, 96
Trd, 4319585.943, 140
Trd, 4319586.793, 135
Trd, 4319587.093, 134
Trd, 4319587.193, 133
Trd, 4319587.643, 115
Trd, 4319589.693, 140
Trd, 4319590.093, 140
Trd, 4319590.293, 140
Trd, 4319590.493, 140
Trd, 4319592.143, 140
Trd, 4319592.543, 99
Trd, 4319593.343, 140
Trd, 4319593.543, 140
Trd, 4319593.943, 140
Trd, 4319595.893, 140
Trd, 4319595.943, 138
Trd, 4319596.793, 138
Trd, 4319597.793, 140
Trd, 4319599.293, 140
Trd, 4319599.893, 140
Trd, 4319600.243, 140
Trd, 4319600.343, 140
Trd, 4319600.443, 104
Trd, 4319600.743, 82
Trd, 4319601.393, 81
Trd, 4319602.643, 65
Trd, 4319603.643, 60
Trd, 4319604.443, 64
Trd, 4319607.943, 62
Trd, 4319608.993, 61
Trd, 4319609.543, 64
Trd, 4319609.893, 63
Trd, 4319610.243, 66
Trd, 4319610.843, 71
Trd, 4319611.093, 100
Trd, 4319611.493, 67
Trd, 4319613.343, 118
Trd, 4319613.643, 98
Trd, 4319614.193, 125
Trd, 4319614.743, 125
Trd, 4319616.193, 133
Trd, 4319616.243, 132
Trd, 4319616.893, 140
Trd, 4319617.243, 140
Trd, 4319617.943, 128
Trd, 4319618.743, 140
Trd, 4319619.693, 140
Trd, 4319620.443, 140
Trd, 4319620.993, 140
Trd, 4319621.593, 140
Trd, 4319622.143, 140
Trd, 4319622.393, 140
Trd, 4319623.293, 140
Trd, 4319623.543, 140
Trd, 4319623.943, 138
Trd, 4319624.493, 90
Trd, 4319624.593, 87
Trd, 4319626.443, 138
Trd, 4319627.293, 62
Trd, 4319627.443, 62
Trd, 4319628.193, 61
Trd, 4319629.143, 63
Trd, 4319629.543, 69
Trd, 4319631.143, 140
Trd, 4319631.443, 140
Trd, 4319631.543, 140
Trd, 4319631.943, 75
Trd, 4319632.293, 66
Trd, 4319636.843, 60
Trd, 4319636.893, 60
Trd, 4319637.743, 62
Trd, 4319638.143, 64
Trd, 4319638.293, 63
Trd, 4319638.843, 64
Trd, 4319638.893, 67
Trd, 4319639.143, 140
Trd, 4319639.193, 63
Trd, 4319641.643, 62
Trd, 4319642.393, 140
Trd, 4319643.043, 140
Trd, 4319643.193, 140
Trd, 4319643.293, 140
Trd, 4319643.743, 140
Trd, 4319643.943, 140
Trd, 4319644.493, 140
Trd, 4319645.193, 140
Trd, 4319645.693, 140
Trd, 4319646.243, 140
Trd, 4319646.543, 140
Trd, 4319647.643, 139
Trd, 4319648.843, 60
Trd, 4319649.193, 69
Trd, 4319649.643, 108
Trd, 4319650.693, 140
Trd, 4319650.993, 140
Trd, 4319651.193, 138
Trd, 4319651.243, 137
Trd, 4319651.493, 137
Trd, 4319652.843, 138
Trd, 4319653.493, 139
Trd, 4319654.143, 62
Trd, 4319654.443, 69
Trd, 4319655.393, 65
Trd, 4319655.543, 70
Trd, 4319656.593, 93
Trd, 4319656.993, 66
Trd, 4319657.093, 65
Trd, 4319657.193, 103
Trd, 4319658.243, 61
Trd, 4319659.843, 140
Trd, 4319660.093, 140
Trd, 4319661.343, 61
Trd, 4319661.543, 60
Trd, 4319661.843, 63
Trd, 4319662.243, 61
Trd, 4319662.593, 63
Trd, 4319662.743, 63
Trd, 4319665.693, 60
Trd, 4319667.443, 60
Trd, 4319668.943, 60
Trd, 4319668.993, 61
Trd, 4319669.643, 65
Trd, 4319669.743, 73
Trd, 4319669.793, 62
Trd, 4319670.243, 68
Trd, 4319670.643, 68
Trd, 4319671.693, 71
Trd, 4319672.043, 69
Trd, 4319672.643, 89
Trd, 4319673.443, 77
Trd, 4319673.743, 77
Trd, 4319674.493, 101
Trd, 4319676.793, 140
Trd, 4319677.043, 109
Trd, 4319677.143, 108
Trd, 4319677.743, 61
Trd, 4319678.743, 132
Trd, 4319679.093, 132
Trd, 4319680.043, 61
Trd, 4319680.343, 60
Trd, 4319683.193, 61
Trd, 4319683.443, 64
Trd, 4319683.693, 65
Trd, 4319684.093, 139
Trd, 4319684.593, 64
Trd, 4319685.293, 64
Trd, 4319685.743, 70
Trd, 4319686.443, 71
Trd, 4319686.593, 70
Trd, 4319686.993, 68
Trd, 4319688.693, 63
Trd, 4319688.743, 109
Trd, 4319690.493, 61
Trd, 4319691.793, 60
Trd, 4319691.843, 61
Trd, 4319692.343, 64
Trd, 4319692.393, 62
Trd, 4319693.743, 62
Trd, 4319694.193, 63
Trd, 4319694.443, 68
Trd, 4319695.393, 140
Trd, 4319695.893, 140
Trd, 4319697.143, 140
Trd, 4319697.643, 140
Trd, 4319697.893, 140
Trd, 4319698.693, 140
Trd, 4319698.943, 140
Trd, 4319699.693, 84
Trd, 4319700.993, 83
Trd, 4319701.943, 140
Trd, 4319703.593, 140
Trd, 4319703.643, 140
Trd, 4319704.643, 140
Trd, 4319704.743, 140
Trd, 4319705.393, 140
Trd, 4319705.893, 140
Trd, 4319706.893, 140
Trd, 4319706.943, 140
Trd, 4319707.193, 140
Trd, 4319707.593, 110
Trd, 4319708.643, 140
Trd, 4319709.943, 140
Trd, 4319710.293, 140
Trd, 4319710.693, 140
Trd, 4319711.043, 72
Trd, 4319711.793, 140
Trd, 4319713.443, 132
Trd, 4319714.343, 134
Trd, 4319714.393, 133
Trd, 4319715.043, 134
Trd, 4319715.293, 132
Trd, 4319716.593, 140
Trd, 4319717.193, 140
Trd, 4319717.843, 134
Trd, 4319717.993, 140
Trd, 4319719.943, 140
Trd, 4319720.643, 140
Trd, 4319721.293, 140
Trd, 4319721.843, 140
Trd, 4319721.993, 140
Trd, 4319722.043, 140
Trd, 4319722.593, 140
Trd, 4319723.493, 140
Trd, 4319724.193, 140
Trd, 4319725.893, 140
Trd, 4319727.793, 140
Trd, 4319727.893, 139
Trd, 4319727.993, 138
Trd, 4319728.793, 132
Trd, 4319729.393, 133
Trd, 4319729.543, 133
Trd, 4319730.143, 94
Trd, 4319730.643, 92
Trd, 4319732.243, 139
Trd, 4319733.593, 60
Trd, 4319734.293, 65
Trd, 4319734.543, 60
Trd, 4319736.043, 60
Trd, 4319738.393, 61
Trd, 4319738.543, 61
Trd, 4319738.893, 62
Trd, 4319738.943, 61
Trd, 4319740.093, 114
Trd, 4319740.343, 113
Trd, 4319740.993, 113
Trd, 4319741.093, 112
Trd, 4319741.493, 64
Trd, 4319744.343, 62
Trd, 4319745.243, 60
Trd, 4319745.693, 86
Trd, 4319745.943, 66
Trd, 4319747.643, 81
Trd, 4319748.393, 80
Trd, 4319748.743, 81
Trd, 4319748.993, 81
Trd, 4319749.693, 140
Trd, 4319750.043, 139
Trd, 4319750.843, 140
Trd, 4319750.993, 139
Trd, 4319751.443, 119
Trd, 4319752.693, 140
Trd, 4319753.293, 140
Trd, 4319753.743, 140
Trd, 4319754.143, 140
Trd, 4319754.343, 139
Trd, 4319754.943, 61
Trd, 4319757.443, 68
Trd, 4319757.543, 63
Trd, 4319758.443, 136
Trd, 4319758.643, 136
Trd, 4319760.143, 67
Trd, 4319760.243, 121
Trd, 4319760.343, 60
Trd, 4319761.193, 62
Trd, 4319763.343, 62
Trd, 4319763.443, 62
Trd, 4319764.393, 70
Trd, 4319764.643, 70
Trd, 4319766.093, 140
Trd, 4319767.193, 140
Trd, 4319767.843, 140
Trd, 4319768.043, 140
Trd, 4319768.343, 140
Trd, 4319768.793, 140
Trd, 4319768.993, 140
Trd, 4319769.543, 140
Trd, 4319770.893, 140
Trd, 4319771.243, 140
Trd, 4319771.993, 140
Trd, 4319773.393, 99
Trd, 4319773.443, 97
Trd, 4319774.643, 140
Trd, 4319774.743, 140
Trd, 4319776.143, 140
Trd, 4319776.193, 89
Trd, 4319776.543, 60
Trd, 4319778.293, 61
Trd, 4319778.543, 65
Trd, 4319779.293, 60
Trd, 4319780.043, 61
Trd, 4319781.443, 60
Trd, 4319781.693, 61
Trd, 4319783.043, 64
Trd, 4319783.443, 61
Trd, 4319784.793, 61
Trd, 4319785.293, 73
Trd, 4319785.993, 61
Trd, 4319786.243, 62
Trd, 4319788.693, 60
Trd, 4319789.193, 61
Trd, 4319789.293, 66
Trd, 4319789.543, 64
Trd, 4319790.993, 64
Trd, 4319791.093, 63
Trd, 4319791.293, 68
Trd, 4319791.743, 140
Trd, 4319792.343, 65
Trd, 4319792.593, 69
Trd, 4319794.043, 121
Trd, 4319794.393, 120
Trd, 4319794.743, 138
Trd, 4319799.293, 60
Trd, 4319799.443, 60
Trd, 4319799.993, 61
Trd, 4319801.643, 60
Trd, 4319801.943, 60
Trd, 4319802.293, 60
Trd, 4319802.743, 62
Trd, 4319803.093, 63
Trd, 4319803.193, 61
Trd, 4319804.143, 67
Trd, 4319805.193, 76
Trd, 4319805.243, 74
Trd, 4319805.993, 138
Trd, 4319806.343, 138
Trd, 4319807.843, 140
Trd, 4319807.943, 140
Trd, 4319807.993, 140
Trd, 4319808.093, 137
Trd, 4319808.893, 116
Trd, 4319809.343, 117
Trd, 4319809.493, 115
Trd, 4319809.843, 64
Trd, 4319810.493, 82
Trd, 4319811.593, 138
Trd, 4319812.343, 86
Trd, 4319814.293, 87
Trd, 4319814.893, 140
Trd, 4319814.943, 140
Trd, 4319815.143, 140
Trd, 4319815.793, 90
Trd, 4319815.943, 124
Trd, 4319816.793, 88
Trd, 4319817.393, 79
Trd, 4319818.643, 65
Trd, 4319821.893, 63
Trd, 4319822.043, 66
Trd, 4319822.293, 73
Trd, 4319823.193, 62
Trd, 4319825.193, 73
Trd, 4319825.343, 86
Trd, 4319825.443, 73
Trd, 4319825.593, 69
Trd, 4319825.993, 66
Trd, 4319826.093, 65
Trd, 4319826.493, 109
Trd, 4319827.443, 63
Trd, 4319829.493, 62
Trd, 4319830.343, 67
Trd, 4319831.643, 60
Trd, 4319832.293, 62
Trd, 4319832.593, 65
Trd, 4319832.843, 66
Trd, 4319833.493, 140
Trd, 4319833.743, 138
Trd, 4319834.293, 90
Trd, 4319835.043, 140
Trd, 4319835.693, 67
Trd, 4319836.143, 68
Trd, 4319841.493, 63
Trd, 4319841.593, 63
Trd, 4319841.693, 76
Trd, 4319842.243, 65
Trd, 4319842.343, 64
Trd, 4319842.993, 66
Trd, 4319843.093, 64
Trd, 4319843.343, 139
Trd, 4319844.043, 67
Trd, 4319845.293, 140
Trd, 4319845.843, 140
Trd, 4319846.243, 140
Trd, 4319846.393, 139
Trd, 4319847.193, 107
Trd, 4319847.693, 106
Trd, 4319848.043, 64
Trd, 4319848.593, 65
Trd, 4319848.993, 123
Trd, 4319850.543, 64
Trd, 4319851.443, 66
Trd, 4319851.593, 66
Trd, 4319851.993, 71
Trd, 4319852.143, 67
Trd, 4319852.443, 65
Trd, 4319853.193, 136
Trd, 4319853.343, 134
Trd, 4319854.343, 60
Trd, 4319855.043, 60
Trd, 4319857.443, 60
Trd, 4319857.693, 61
Trd, 4319857.893, 63
Trd, 4319857.993, 64
Trd, 4319858.393, 71
Trd, 4319859.693, 60
Trd, 4319860.343, 60
Trd, 4319860.993, 66
Trd, 4319861.543, 67
Trd, 4319862.193, 138
Trd, 4319862.993, 68
Trd, 4319864.043, 140
Trd, 4319864.393, 140
Trd, 4319866.293, 140
Trd, 4319866.343, 140
Trd, 4319866.443, 139
Trd, 4319866.743, 91
Trd, 4319866.993, 91
Trd, 4319867.743, 89
Trd, 4319870.293, 140
Trd, 4319870.743, 140
Trd, 4319871.093, 140
Trd, 4319871.293, 140
Trd, 4319872.093, 140
Trd, 4319872.693, 140
Trd, 4319872.793, 140
Trd, 4319872.843, 140
Trd, 4319873.693, 137
Trd, 4319874.493, 108
Trd, 4319876.193, 140
Trd, 4319876.943, 140
Trd, 4319877.093, 140
Trd, 4319877.843, 140
Trd, 4319878.743, 140
Trd, 4319879.293, 140
Trd, 4319879.643, 140
Trd, 4319881.193, 140
Trd, 4319882.043, 140
Trd, 4319882.543, 140
Trd, 4319883.143, 139
Trd, 4319883.443, 140
Trd, 4319883.593, 137
Trd, 4319883.843, 82
Trd, 4319885.743, 140
Trd, 4319885.793, 140
Trd, 4319886.043, 76
Trd, 4319886.493, 73
Trd, 4319887.743, 124
Trd, 4319888.243, 140
Trd, 4319888.843, 126
Trd, 4319889.243, 60
Trd, 4319890.043, 61
Trd, 4319891.393, 61
Trd, 4319894.943, 61
Trd, 4319895.793, 61
Trd, 4319897.043, 61
Trd, 4319897.993, 64
Trd, 4319898.543, 63
Trd, 4319898.893, 63
Trd, 4319899.143, 62
Trd, 4319899.993, 61
Trd, 4319901.143, 61
Trd, 4319903.093, 60
Trd, 4319903.243, 61
Trd, 4319903.893, 60
Trd, 4319904.493, 60
Trd, 4319904.693, 68
Trd, 4319905.243, 62
Trd, 4319906.193, 69
Trd, 4319907.143, 140
Trd, 4319908.093, 140
Trd, 4319908.193, 140
Trd, 4319909.243, 140
Trd, 4319909.393, 140
Trd, 4319909.693, 140
Trd, 4319910.043, 138
Trd, 4319910.943, 118
Trd, 4319912.393, 123
Trd, 4319912.693, 122
Trd, 4319913.943, 123
Trd, 4319914.093, 123
Trd, 4319914.143, 122
Trd, 4319914.593, 74
Trd, 4319915.843, 102
Trd, 4319916.143, 119
Trd, 4319916.193, 97
Trd, 4319916.943, 73
Trd, 4319917.943, 64
Trd, 4319923.693, 61
Trd, 4319923.943, 61
Trd, 4319925.243, 61
Trd, 4319925.943, 61
Trd, 4319926.043, 61
Trd, 4319926.243, 65
Trd, 4319926.443, 67
Trd, 4319927.293, 64
Trd, 4319927.693, 63
Trd, 4319928.043, 65
Trd, 4319928.843, 65
Trd, 4319929.393, 66
Trd, 4319930.393, 140
Trd, 4319931.543, 139
Trd, 4319931.843, 140
Trd, 4319932.143, 139
Trd, 4319932.693, 140
Trd, 4319933.743, 99
Trd, 4319934.243, 99
Trd, 4319935.043, 133
Trd, 4319936.343, 140
Trd, 4319936.543, 140
Trd, 4319936.643, 139
Trd, 4319937.293, 139
Trd, 4319937.743, 92
Trd, 4319939.193, 64
Trd, 4319940.643, 60
Trd, 4319941.743, 60
Trd, 4319942.793, 60
Trd, 4319942.993, 65
Trd, 4319945.343, 69
Trd, 4319945.693, 70
Trd, 4319945.793, 68
Trd, 4319946.293, 65
Trd, 4319947.643, 140
Trd, 4319948.193, 140
Trd, 4319948.243, 139
Trd, 4319948.643, 140
Trd, 4319948.893, 83
Trd, 4319949.493, 133
Trd, 4319950.643, 62
Trd, 4319951.393, 139
Trd, 4319951.993, 140
Trd, 4319952.693, 96
Trd, 4319953.343, 88
Trd, 4319953.693, 140
Trd, 4319955.343, 61
Trd, 4319956.093, 66
Trd, 4319956.743, 61
Trd, 4319957.193, 63
Trd, 4319957.793, 69
Trd, 4319958.193, 61
Trd, 4319958.743, 68
Trd, 4319960.143, 69
Trd, 4319961.493, 69
Trd, 4319961.693, 68
Trd, 4319963.593, 61
Trd, 4319964.243, 63
Trd, 4319964.593, 63
Trd, 4319965.693, 60
Trd, 4319965.993, 62
Trd, 4319966.693, 67
Trd, 4319967.243, 62
Trd, 4319967.693, 140
Trd, 4319968.343, 139
Trd, 4319969.243, 139
Trd, 4319969.893, 140
Trd, 4319970.243, 140
Trd, 4319970.593, 140
Trd, 4319971.443, 140
Trd, 4319971.493, 139
Trd, 4319972.243, 74
Trd, 4319972.493, 139
Trd, 4319973.093, 73
Trd, 4319973.293, 70
Trd, 4319974.843, 113
Trd, 4319975.143, 113
Trd, 4319975.843, 101
Trd, 4319976.793, 130
Trd, 4319976.893, 129
Trd, 4319978.143, 74
Trd, 4319978.493, 140
Trd, 4319978.993, 140
Trd, 4319979.193, 126
Trd, 4319979.493, 89
Trd, 4319979.793, 76
Trd, 4319980.193, 135
Trd, 4319980.743, 78
Trd, 4319981.193, 79
Trd, 4319981.943, 108
Trd, 4319983.043, 60
Trd, 4319983.893, 65
Trd, 4319984.793, 115
Trd, 4319987.293, 67
Trd, 4319987.493, 72
Trd, 4319989.393, 60
Trd, 4319989.593, 60
Trd, 4319989.893, 61
Trd, 4319990.543, 61
Trd, 4319990.643, 62
Trd, 4319990.893, 63
Trd, 4319992.393, 62
Trd, 4319992.593, 64
Trd, 4319993.793, 64
Trd, 4319994.143, 63
Trd, 4319994.193, 61
Trd, 4319994.243, 65
Trd, 4319994.443, 61
Trd, 4319996.743, 61
Trd, 4319998.843, 60
Trd, 4319999.393, 60
Trd, 4319999.793, 64
