Trd, 4318104.193, 99
Trd, 4318104.393, 98
Trd, 4318104.593, 91
Trd, 4318105.093, 118
Trd, 4318105.293, 84
Trd, 4318105.893, 76
Trd, 4318106.493, 94
Trd, 4318107.443, 81
Trd, 4318107.893, 72
Trd, 4318112.193, 127
Trd, 4318112.343, 126
Trd, 4318112.643, 118
Trd, 4318112.793, 118
Trd, 4318113.593, 95
Trd, 4318113.643, 87
Trd, 4318115.293, 81
Trd, 4318116.243, 101
Trd, 4318116.843, 89
Trd, 4318117.343, 98
Trd, 4318118.343, 90
Trd, 4318118.493, 103
Trd, 4318118.893, 116
Trd, 4318119.293, 103
Trd, 4318119.793, 88
Trd, 4318120.393, 113
Trd, 4318121.593, 90
Trd, 4318122.893, 91
Trd, 4318123.343, 79
Trd, 4318124.543, 77
Trd, 4318125.793, 94
Trd, 4318127.493, 133
Trd, 4318127.843, 120
Trd, 4318127.893, 113
Trd, 4318128.593, 112
Trd, 4318128.993, 106
Trd, 4318129.093, 122
Trd, 4318129.193, 101
Trd, 4318129.693, 101
Trd, 4318130.993, 94
Trd, 4318131.493, 65
Trd, 4318132.493, 63
Trd, 4318132.993, 61
Trd, 4318133.793, 86
Trd, 4318134.743, 81
Trd, 4318134.993, 71
Trd, 4318135.193, 85
Trd, 4318136.543, 129
Trd, 4318136.593, 116
Trd, 4318137.043, 107
Trd, 4318137.493, 94
Trd, 4318139.693, 112
Trd, 4318140.543, 106
Trd, 4318140.593, 103
Trd, 4318140.643, 98
Trd, 4318141.893, 112
Trd, 4318142.893, 112
Trd, 4318143.793, 102
Trd, 4318144.143, 101
Trd, 4318144.843, 101
Trd, 4318146.543, 127
Trd, 4318147.643, 131
Trd, 4318148.943, 103
Trd, 4318149.093, 103
Trd, 4318149.743, 97
Trd, 4318150.293, 122
Trd, 4318150.343, 92
Trd, 4318151.793, 104
Trd, 4318152.143, 83
Trd, 4318152.343, 89
Trd, 4318153.143, 84
Trd, 4318153.293, 82
Trd, 4318153.643, 87
Trd, 4318155.393, 119
Trd, 4318155.793, 91
Trd, 4318156.093, 77
Trd, 4318157.343, 61
Trd, 4318157.493, 68
Trd, 4318157.743, 81
Trd, 4318158.743, 66
Trd, 4318159.793, 102
Trd, 4318160.043, 93
Trd, 4318161.493, 91
Trd, 4318162.393, 136
Trd, 4318162.693, 132
Trd, 4318163.043, 122
Trd, 4318163.843, 116
Trd, 4318164.393, 108
Trd, 4318164.593, 91
Trd, 4318165.593, 64
Trd, 4318167.893, 84
Trd, 4318168.193, 140
Trd, 4318168.793, 107
Trd, 4318168.943, 102
Trd, 4318169.843, 117
Trd, 4318171.043, 98
Trd, 4318171.893, 118
Trd, 4318172.543, 100
Trd, 4318173.493, 128
Trd, 4318173.643, 117
Trd, 4318173.993, 109
Trd, 4318174.593, 106
Trd, 4318176.093, 121
Trd, 4318176.543, 89
Trd, 4318176.943, 83
Trd, 4318177.743, 94
Trd, 4318178.243, 78
Trd, 4318179.193, 81
Trd, 4318179.993, 95
Trd, 4318180.743, 118
Trd, 4318182.293, 98
Trd, 4318183.393, 79
Trd, 4318183.493, 103
Trd, 4318183.793, 93
Trd, 4318184.893, 98
Trd, 4318185.443, 105
Trd, 4318185.993, 140
Trd, 4318187.493, 92
Trd, 4318187.943, 104
Trd, 4318188.193, 85
Trd, 4318190.443, 105
Trd, 4318190.943, 99
Trd, 4318191.393, 103
Trd, 4318193.393, 93
Trd, 4318194.243, 90
Trd, 4318194.543, 89
Trd, 4318194.743, 82
Trd, 4318194.993, 78
Trd, 4318195.643, 78
Trd, 4318197.093, 61
Trd, 4318198.093, 128
Trd, 4318198.293, 115
Trd, 4318200.093, 106
Trd, 4318200.143, 104
Trd, 4318200.243, 121
Trd, 4318201.293, 103
Trd, 4318201.393, 102
Trd, 4318201.943, 118
Trd, 4318202.593, 106
Trd, 4318203.293, 99
Trd, 4318203.493, 95
Trd, 4318203.693, 129
Trd, 4318204.193, 113
Trd, 4318204.543, 112
Trd, 4318206.443, 94
Trd, 4318206.843, 89
Trd, 4318208.843, 79
Trd, 4318208.993, 74
Trd, 4318209.293, 77
Trd, 4318209.843, 103
Trd, 4318210.343, 114
Trd, 4318211.143, 71
Trd, 4318211.593, 79
Trd, 4318212.343, 110
Trd, 4318213.193, 96
Trd, 4318213.593, 110
Trd, 4318214.743, 91
Trd, 4318214.893, 87
Trd, 4318215.543, 131
Trd, 4318216.193, 120
Trd, 4318216.293, 110
Trd, 4318216.793, 83
Trd, 4318217.793, 110
Trd, 4318218.543, 94
Trd, 4318219.293, 114
Trd, 4318221.143, 112
Trd, 4318221.193, 109
Trd, 4318223.493, 136
Trd, 4318224.643, 125
Trd, 4318224.943, 124
Trd, 4318226.593, 107
Trd, 4318226.993, 107
Trd, 4318227.043, 109
Trd, 4318227.393, 105
Trd, 4318228.093, 100
Trd, 4318229.043, 97
Trd, 4318229.643, 92
Trd, 4318230.493, 104
Trd, 4318231.843, 134
Trd, 4318233.393, 128
Trd, 4318234.593, 114
Trd, 4318234.643, 113
Trd, 4318235.293, 106
Trd, 4318235.793, 97
Trd, 4318236.493, 109
Trd, 4318236.593, 103
Trd, 4318236.743, 97
Trd, 4318238.093, 91
Trd, 4318238.243, 88
Trd, 4318238.543, 95
Trd, 4318238.843, 89
Trd, 4318240.443, 94
Trd, 4318240.843, 124
Trd, 4318241.093, 102
Trd, 4318243.993, 125
Trd, 4318244.043, 121
Trd, 4318244.443, 120
Trd, 4318245.743, 83
Trd, 4318245.943, 89
Trd, 4318246.393, 92
Trd, 4318246.443, 78
Trd, 4318246.893, 104
Trd, 4318248.343, 108
Trd, 4318249.943, 94
Trd, 4318250.293, 91
Trd, 4318250.943, 111
Trd, 4318252.093, 97
Trd, 4318253.543, 96
Trd, 4318253.643, 92
Trd, 4318253.843, 88
Trd, 4318254.743, 115
Trd, 4318255.343, 111
Trd, 4318255.443, 105
Trd, 4318257.043, 99
Trd, 4318258.643, 121
Trd, 4318258.693, 89
Trd, 4318259.543, 139
Trd, 4318260.043, 119
Trd, 4318260.293, 122
Trd, 4318260.443, 121
Trd, 4318260.543, 65
Trd, 4318264.093, 85
Trd, 4318264.643, 84
Trd, 4318264.893, 80
Trd, 4318265.643, 76
Trd, 4318265.943, 74
Trd, 4318266.843, 139
Trd, 4318267.293, 83
Trd, 4318268.493, 77
Trd, 4318269.093, 61
Trd, 4318270.693, 128
Trd, 4318271.643, 116
Trd, 4318271.893, 111
Trd, 4318272.643, 104
Trd, 4318272.943, 102
Trd, 4318273.593, 85
Trd, 4318274.143, 84
Trd, 4318274.543, 125
Trd, 4318276.543, 118
Trd, 4318278.343, 119
Trd, 4318278.643, 105
Trd, 4318279.293, 114
Trd, 4318279.793, 98
Trd, 4318279.843, 98
Trd, 4318280.393, 107
Trd, 4318281.443, 84
Trd, 4318281.543, 79
Trd, 4318281.843, 72
Trd, 4318283.043, 80
Trd, 4318285.343, 116
Trd, 4318285.743, 77
Trd, 4318286.843, 99
Trd, 4318286.893, 91
Trd, 4318288.243, 101
Trd, 4318289.193, 88
Trd, 4318290.493, 98
Trd, 4318290.893, 111
Trd, 4318291.293, 121
Trd, 4318292.343, 95
Trd, 4318292.693, 86
Trd, 4318292.793, 98
Trd, 4318293.843, 90
Trd, 4318294.243, 84
Trd, 4318294.643, 79
Trd, 4318295.043, 114
Trd, 4318295.893, 71
Trd, 4318296.643, 72
Trd, 4318297.193, 78
Trd, 4318297.393, 93
Trd, 4318298.543, 78
Trd, 4318298.843, 101
Trd, 4318299.493, 98
Trd, 4318301.093, 76
Trd, 4318301.543, 84
Trd, 4318305.493, 124
Trd, 4318306.793, 105
Trd, 4318306.993, 96
Trd, 4318307.643, 111
Trd, 4318307.693, 102
Trd, 4318307.893, 106
Trd, 4318308.043, 91
Trd, 4318308.543, 81
Trd, 4318309.093, 110
Trd, 4318310.993, 87
Trd, 4318311.243, 79
Trd, 4318311.543, 99
Trd, 4318311.743, 93
Trd, 4318313.543, 116
Trd, 4318313.743, 115
Trd, 4318314.793, 129
Trd, 4318314.893, 120
Trd, 4318315.093, 118
Trd, 4318317.243, 125
Trd, 4318317.793, 109
Trd, 4318318.743, 107
Trd, 4318318.993, 108
Trd, 4318319.293, 100
Trd, 4318319.493, 94
Trd, 4318320.043, 94
Trd, 4318321.893, 106
Trd, 4318322.593, 98
Trd, 4318323.393, 98
Trd, 4318324.943, 102
Trd, 4318325.043, 85
Trd, 4318325.593, 115
Trd, 4318326.393, 126
Trd, 4318327.943, 105
Trd, 4318328.243, 102
Trd, 4318329.893, 94
Trd, 4318330.743, 92
Trd, 4318330.793, 99
Trd, 4318331.193, 90
Trd, 4318332.843, 95
Trd, 4318333.193, 91
Trd, 4318333.893, 118
Trd, 4318334.493, 119
Trd, 4318334.643, 109
Trd, 4318336.793, 90
Trd, 4318336.943, 84
Trd, 4318337.043, 105
Trd, 4318337.193, 80
Trd, 4318338.993, 80
Trd, 4318339.843, 74
Trd, 4318340.593, 99
Trd, 4318341.343, 76
Trd, 4318342.193, 116
Trd, 4318344.243, 88
Trd, 4318344.993, 95
Trd, 4318345.543, 92
Trd, 4318346.243, 118
Trd, 4318347.493, 107
Trd, 4318348.393, 104
Trd, 4318348.893, 103
Trd, 4318348.993, 134
Trd, 4318349.893, 109
Trd, 4318350.393, 86
Trd, 4318351.043, 80
Trd, 4318352.293, 81
Trd, 4318352.943, 110
Trd, 4318353.243, 95
Trd, 4318355.043, 117
Trd, 4318355.943, 82
Trd, 4318356.593, 69
Trd, 4318357.093, 67
Trd, 4318357.743, 70
Trd, 4318358.143, 79
Trd, 4318358.843, 115
Trd, 4318360.043, 90
Trd, 4318360.493, 92
Trd, 4318361.193, 96
Trd, 4318361.643, 84
Trd, 4318362.093, 96
Trd, 4318362.143, 87
Trd, 4318365.693, 89
Trd, 4318365.843, 83
Trd, 4318366.743, 99
Trd, 4318366.943, 86
Trd, 4318367.143, 77
Trd, 4318367.843, 76
Trd, 4318367.893, 73
Trd, 4318368.743, 103
Trd, 4318369.243, 88
Trd, 4318370.193, 128
Trd, 4318370.893, 124
Trd, 4318370.943, 120
Trd, 4318371.443, 120
Trd, 4318372.093, 72
Trd, 4318372.893, 97
Trd, 4318373.843, 70
Trd, 4318374.893, 66
Trd, 4318375.693, 63
Trd, 4318376.593, 87
Trd, 4318376.893, 92
Trd, 4318378.143, 82
Trd, 4318378.543, 71
Trd, 4318380.293, 79
Trd, 4318380.393, 75
Trd, 4318381.743, 81
Trd, 4318381.943, 86
Trd, 4318382.043, 105
Trd, 4318382.543, 69
Trd, 4318382.693, 101
Trd, 4318383.143, 71
Trd, 4318384.493, 74
Trd, 4318386.143, 112
Trd, 4318387.043, 100
Trd, 4318387.593, 108
Trd, 4318387.943, 87
Trd, 4318388.193, 87
Trd, 4318389.293, 107
Trd, 4318389.393, 84
Trd, 4318390.143, 95
Trd, 4318390.393, 84
Trd, 4318391.343, 79
Trd, 4318392.743, 73
Trd, 4318393.843, 85
Trd, 4318394.243, 79
Trd, 4318395.593, 81
Trd, 4318395.793, 73
Trd, 4318396.393, 93
Trd, 4318396.743, 85
Trd, 4318398.493, 127
Trd, 4318398.693, 131
Trd, 4318399.443, 116
Trd, 4318399.943, 133
Trd, 4318400.343, 113
Trd, 4318400.643, 105
Trd, 4318400.993, 100
Trd, 4318401.443, 102
Trd, 4318402.843, 90
Trd, 4318402.943, 89
Trd, 4318405.243, 92
Trd, 4318407.043, 91
Trd, 4318407.343, 102
Trd, 4318407.543, 89
Trd, 4318408.093, 81
Trd, 4318408.943, 73
Trd, 4318410.293, 89
Trd, 4318410.993, 68
Trd, 4318412.093, 108
Trd, 4318412.143, 87
Trd, 4318413.243, 103
Trd, 4318415.093, 101
Trd, 4318415.243, 96
Trd, 4318416.993, 108
Trd, 4318417.093, 100
Trd, 4318417.443, 114
Trd, 4318417.943, 104
Trd, 4318418.193, 95
Trd, 4318418.493, 92
Trd, 4318418.793, 84
Trd, 4318419.643, 106
Trd, 4318420.193, 77
Trd, 4318421.893, 94
Trd, 4318422.793, 104
Trd, 4318423.943, 105
Trd, 4318424.043, 98
Trd, 4318424.743, 96
Trd, 4318424.893, 88
Trd, 4318424.943, 88
Trd, 4318425.793, 116
Trd, 4318426.243, 101
Trd, 4318428.193, 83
Trd, 4318428.293, 75
Trd, 4318428.843, 88
Trd, 4318430.243, 93
Trd, 4318430.643, 60
Trd, 4318431.793, 91
Trd, 4318432.093, 91
Trd, 4318432.643, 91
Trd, 4318433.293, 88
Trd, 4318434.343, 88
Trd, 4318434.893, 84
Trd, 4318434.993, 108
Trd, 4318436.643, 132
Trd, 4318436.743, 129
Trd, 4318436.993, 119
Trd, 4318437.093, 112
Trd, 4318439.893, 102
Trd, 4318440.243, 98
Trd, 4318440.693, 115
Trd, 4318440.893, 109
Trd, 4318441.143, 97
Trd, 4318441.493, 91
Trd, 4318442.543, 123
Trd, 4318442.643, 113
Trd, 4318443.643, 104
Trd, 4318443.843, 103
Trd, 4318444.893, 105
Trd, 4318445.143, 92
Trd, 4318445.543, 81
Trd, 4318445.793, 108
Trd, 4318447.643, 121
Trd, 4318447.793, 118
Trd, 4318448.693, 100
Trd, 4318449.493, 69
Trd, 4318451.443, 86
Trd, 4318452.643, 64
Trd, 4318454.293, 90
Trd, 4318455.143, 85
Trd, 4318455.793, 97
Trd, 4318456.143, 92
Trd, 4318456.293, 83
Trd, 4318456.993, 132
Trd, 4318458.543, 101
Trd, 4318459.643, 102
Trd, 4318460.443, 104
Trd, 4318460.493, 97
Trd, 4318461.893, 94
Trd, 4318462.743, 88
Trd, 4318462.793, 83
Trd, 4318463.893, 86
Trd, 4318464.143, 93
Trd, 4318464.643, 82
Trd, 4318465.093, 77
Trd, 4318467.743, 73
Trd, 4318468.543, 139
Trd, 4318469.443, 103
Trd, 4318470.793, 95
Trd, 4318471.293, 108
Trd, 4318471.643, 91
Trd, 4318471.693, 90
Trd, 4318472.293, 123
Trd, 4318472.643, 87
Trd, 4318472.893, 92
Trd, 4318474.143, 115
Trd, 4318476.143, 82
Trd, 4318476.443, 92
Trd, 4318476.943, 113
Trd, 4318478.243, 84
Trd, 4318479.143, 104
Trd, 4318479.493, 114
Trd, 4318479.793, 89
Trd, 4318480.793, 82
Trd, 4318480.843, 114
Trd, 4318481.943, 83
Trd, 4318483.743, 84
Trd, 4318484.343, 118
Trd, 4318484.743, 117
Trd, 4318485.943, 106
Trd, 4318486.443, 106
Trd, 4318487.343, 114
Trd, 4318487.443, 108
Trd, 4318488.543, 128
Trd, 4318489.643, 112
Trd, 4318490.043, 103
Trd, 4318490.093, 102
Trd, 4318491.243, 98
Trd, 4318491.893, 96
Trd, 4318492.943, 115
Trd, 4318493.393, 107
Trd, 4318493.493, 121
Trd, 4318493.993, 119
Trd, 4318495.343, 98
Trd, 4318495.743, 92
Trd, 4318496.643, 87
Trd, 4318497.493, 100
Trd, 4318499.593, 103
Trd, 4318500.943, 98
Trd, 4318500.993, 88
Trd, 4318501.143, 125
Trd, 4318501.593, 84
Trd, 4318502.143, 122
Trd, 4318503.393, 104
Trd, 4318504.693, 107
Trd, 4318504.743, 104
Trd, 4318505.043, 99
Trd, 4318506.143, 137
Trd, 4318506.543, 89
Trd, 4318506.843, 88
Trd, 4318506.993, 97
Trd, 4318508.643, 136
Trd, 4318510.543, 113
Trd, 4318510.693, 95
Trd, 4318510.793, 92
Trd, 4318511.193, 82
Trd, 4318511.443, 81
Trd, 4318512.493, 91
Trd, 4318513.343, 93
Trd, 4318514.393, 87
Trd, 4318514.443, 86
Trd, 4318514.593, 137
Trd, 4318514.793, 81
Trd, 4318515.793, 77
Trd, 4318515.893, 80
Trd, 4318516.443, 97
Trd, 4318516.693, 77
Trd, 4318517.443, 66
Trd, 4318519.043, 82
Trd, 4318520.043, 63
Trd, 4318520.393, 78
Trd, 4318520.793, 92
Trd, 4318521.543, 110
Trd, 4318522.393, 110
Trd, 4318523.543, 125
Trd, 4318524.393, 102
Trd, 4318524.943, 119
Trd, 4318524.993, 95
Trd, 4318526.143, 83
Trd, 4318527.643, 78
Trd, 4318529.893, 125
Trd, 4318529.943, 96
Trd, 4318530.343, 80
Trd, 4318531.343, 98
Trd, 4318531.743, 94
Trd, 4318532.593, 116
Trd, 4318533.143, 81
Trd, 4318533.193, 74
Trd, 4318533.593, 83
Trd, 4318534.843, 100
Trd, 4318535.543, 94
Trd, 4318536.343, 85
Trd, 4318536.493, 67
Trd, 4318537.293, 89
Trd, 4318537.793, 75
Trd, 4318538.393, 61
Trd, 4318540.793, 71
Trd, 4318541.393, 62
Trd, 4318541.443, 81
Trd, 4318542.043, 77
Trd, 4318543.643, 116
Trd, 4318543.943, 102
Trd, 4318545.243, 81
Trd, 4318545.843, 125
Trd, 4318546.143, 99
Trd, 4318547.443, 97
Trd, 4318547.793, 91
Trd, 4318548.793, 120
Trd, 4318549.293, 100
Trd, 4318549.443, 98
Trd, 4318549.793, 97
Trd, 4318550.543, 101
Trd, 4318551.543, 106
Trd, 4318552.143, 101
Trd, 4318552.943, 84
Trd, 4318553.193, 91
Trd, 4318554.493, 118
Trd, 4318556.393, 71
Trd, 4318556.543, 76
Trd, 4318557.243, 81
Trd, 4318557.843, 80
Trd, 4318557.893, 73
Trd, 4318558.643, 81
Trd, 4318559.243, 86
Trd, 4318559.993, 114
Trd, 4318561.443, 101
Trd, 4318562.393, 94
Trd, 4318563.343, 99
Trd, 4318563.443, 111
Trd, 4318563.893, 122
Trd, 4318564.743, 115
Trd, 4318564.793, 111
Trd, 4318565.593, 61
Trd, 4318566.643, 70
Trd, 4318566.743, 112
Trd, 4318567.043, 68
Trd, 4318569.493, 69
Trd, 4318569.593, 63
Trd, 4318570.743, 110
Trd, 4318571.393, 104
Trd, 4318571.793, 95
Trd, 4318571.993, 86
Trd, 4318572.943, 119
Trd, 4318573.043, 115
Trd, 4318574.193, 89
Trd, 4318574.293, 85
Trd, 4318574.893, 84
Trd, 4318576.043, 87
Trd, 4318576.943, 83
Trd, 4318577.043, 98
Trd, 4318577.893, 92
Trd, 4318579.393, 90
Trd, 4318579.993, 137
Trd, 4318581.993, 115
Trd, 4318582.343, 106
Trd, 4318582.843, 105
Trd, 4318583.193, 100
Trd, 4318584.093, 92
Trd, 4318584.143, 82
Trd, 4318585.793, 88
Trd, 4318586.043, 79
Trd, 4318586.993, 115
Trd, 4318587.243, 98
Trd, 4318587.443, 88
Trd, 4318587.493, 86
Trd, 4318587.993, 123
Trd, 4318588.143, 89
Trd, 4318590.143, 80
Trd, 4318590.443, 121
Trd, 4318592.043, 110
Trd, 4318592.093, 105
Trd, 4318592.143, 102
Trd, 4318592.943, 126
Trd, 4318593.343, 113
Trd, 4318594.843, 100
Trd, 4318595.293, 123
Trd, 4318595.743, 138
Trd, 4318595.843, 123
Trd, 4318596.093, 103
Trd, 4318597.193, 92
Trd, 4318598.543, 67
Trd, 4318598.743, 93
Trd, 4318599.293, 98
Trd, 4318601.343, 75
Trd, 4318603.043, 88
Trd, 4318603.543, 110
Trd, 4318603.793, 78
Trd, 4318604.943, 113
Trd, 4318605.443, 133
Trd, 4318606.943, 92
Trd, 4318607.643, 90
Trd, 4318608.943, 68
Trd, 4318609.993, 77
Trd, 4318610.493, 76
Trd, 4318610.743, 70
Trd, 4318611.093, 118
Trd, 4318612.943, 120
Trd, 4318613.043, 111
Trd, 4318613.193, 104
Trd, 4318613.893, 109
Trd, 4318614.243, 86
Trd, 4318614.993, 133
Trd, 4318615.643, 118
Trd, 4318616.093, 132
Trd, 4318616.343, 108
Trd, 4318616.793, 103
Trd, 4318618.643, 130
Trd, 4318618.693, 80
Trd, 4318619.893, 98
Trd, 4318620.043, 95
Trd, 4318621.993, 78
Trd, 4318623.943, 115
Trd, 4318624.143, 106
Trd, 4318624.493, 105
Trd, 4318625.393, 110
Trd, 4318625.843, 97
Trd, 4318627.893, 82
Trd, 4318627.943, 74
Trd, 4318628.843, 111
Trd, 4318628.943, 122
Trd, 4318629.893, 61
Trd, 4318630.543, 77
Trd, 4318631.793, 100
Trd, 4318631.993, 76
Trd, 4318633.193, 78
Trd, 4318634.493, 105
Trd, 4318636.043, 92
Trd, 4318636.593, 94
Trd, 4318637.993, 119
Trd, 4318638.393, 118
Trd, 4318639.143, 103
Trd, 4318639.543, 92
Trd, 4318639.993, 91
Trd, 4318640.493, 78
Trd, 4318641.293, 92
Trd, 4318642.493, 99
Trd, 4318642.893, 93
Trd, 4318644.793, 98
Trd, 4318644.843, 124
Trd, 4318645.293, 80
Trd, 4318646.393, 113
Trd, 4318647.193, 77
Trd, 4318647.493, 121
Trd, 4318648.943, 89
Trd, 4318649.643, 117
Trd, 4318649.693, 109
Trd, 4318650.443, 108
Trd, 4318651.043, 102
Trd, 4318651.193, 87
Trd, 4318653.243, 120
Trd, 4318654.043, 110
Trd, 4318655.293, 136
Trd, 4318655.693, 105
Trd, 4318656.843, 96
Trd, 4318657.193, 119
Trd, 4318657.693, 103
Trd, 4318659.143, 112
Trd, 4318659.193, 108
Trd, 4318659.393, 125
Trd, 4318660.543, 104
Trd, 4318660.743, 100
Trd, 4318662.493, 93
Trd, 4318663.293, 136
Trd, 4318664.443, 95
Trd, 4318666.393, 108
Trd, 4318668.543, 128
Trd, 4318669.193, 117
Trd, 4318669.893, 117
Trd, 4318669.943, 114
Trd, 4318670.443, 129
Trd, 4318670.693, 132
Trd, 4318670.793, 115
Trd, 4318670.893, 108
Trd, 4318671.393, 91
Trd, 4318672.393, 77
Trd, 4318672.693, 91
Trd, 4318673.443, 70
Trd, 4318673.743, 126
Trd, 4318675.243, 110
Trd, 4318675.443, 81
Trd, 4318677.643, 99
Trd, 4318678.193, 83
Trd, 4318680.243, 111
Trd, 4318680.443, 102
Trd, 4318681.143, 101
Trd, 4318682.093, 105
Trd, 4318683.093, 89
Trd, 4318684.193, 95
Trd, 4318684.393, 87
Trd, 4318684.493, 83
Trd, 4318684.943, 101
Trd, 4318686.593, 96
Trd, 4318686.943, 88
Trd, 4318687.843, 104
Trd, 4318688.393, 97
Trd, 4318689.343, 118
Trd, 4318690.343, 86
Trd, 4318690.493, 83
Trd, 4318692.343, 97
Trd, 4318693.193, 104
Trd, 4318693.943, 98
Trd, 4318694.443, 92
Trd, 4318694.543, 100
Trd, 4318695.243, 86
Trd, 4318695.443, 85
Trd, 4318695.943, 86
Trd, 4318697.843, 79
Trd, 4318697.943, 85
Trd, 4318698.243, 84
Trd, 4318698.943, 87
Trd, 4318699.993, 92
Trd, 4318700.393, 89
Trd, 4318701.793, 86
Trd, 4318702.943, 81
Trd, 4318703.543, 99
Trd, 4318703.793, 96
Trd, 4318704.193, 88
Trd, 4318705.093, 87
Trd, 4318705.693, 92
Trd, 4318707.593, 94
Trd, 4318708.243, 89
Trd, 4318708.743, 104
Trd, 4318709.043, 100
Trd, 4318709.443, 101
Trd, 4318710.243, 97
Trd, 4318710.443, 94
Trd, 4318710.543, 92
Trd, 4318713.543, 122
Trd, 4318713.593, 113
Trd, 4318714.043, 102
Trd, 4318715.243, 130
Trd, 4318716.743, 110
Trd, 4318716.843, 104
Trd, 4318717.043, 99
Trd, 4318717.993, 89
Trd, 4318718.043, 82
Trd, 4318718.493, 123
Trd, 4318718.893, 105
Trd, 4318719.793, 83
Trd, 4318720.543, 103
Trd, 4318720.893, 85
Trd, 4318723.393, 67
Trd, 4318723.643, 65
Trd, 4318724.293, 77
Trd, 4318725.143, 65
Trd, 4318725.443, 119
Trd, 4318725.693, 103
Trd, 4318727.593, 124
Trd, 4318727.943, 140
Trd, 4318728.993, 115
Trd, 4318729.743, 114
Trd, 4318730.093, 107
Trd, 4318730.643, 107
Trd, 4318731.093, 109
Trd, 4318731.843, 107
Trd, 4318731.893, 106
Trd, 4318732.393, 79
Trd, 4318733.943, 114
Trd, 4318734.493, 105
Trd, 4318735.193, 128
Trd, 4318735.743, 103
Trd, 4318736.993, 102
Trd, 4318737.193, 99
Trd, 4318737.893, 93
Trd, 4318739.493, 102
Trd, 4318740.243, 140
Trd, 4318740.343, 88
Trd, 4318741.143, 81
Trd, 4318741.543, 88
Trd, 4318742.993, 96
Trd, 4318743.093, 93
Trd, 4318744.143, 126
Trd, 4318745.643, 100
Trd, 4318746.793, 115
Trd, 4318748.343, 128
Trd, 4318748.643, 119
Trd, 4318749.093, 114
Trd, 4318749.193, 106
Trd, 4318749.943, 103
Trd, 4318749.993, 98
Trd, 4318752.393, 105
Trd, 4318752.743, 102
Trd, 4318753.593, 93
Trd, 4318755.143, 132
Trd, 4318756.043, 96
Trd, 4318756.143, 95
Trd, 4318756.343, 92
Trd, 4318756.893, 87
Trd, 4318757.493, 85
Trd, 4318758.293, 80
Trd, 4318759.243, 76
Trd, 4318759.643, 100
Trd, 4318759.743, 68
Trd, 4318762.893, 134
Trd, 4318763.093, 125
Trd, 4318763.543, 132
Trd, 4318764.143, 120
Trd, 4318765.093, 110
Trd, 4318765.343, 96
Trd, 4318765.843, 91
Trd, 4318766.393, 82
Trd, 4318767.093, 121
Trd, 4318768.493, 120
Trd, 4318769.393, 96
Trd, 4318770.293, 95
Trd, 4318770.443, 88
Trd, 4318771.793, 97
Trd, 4318772.293, 88
Trd, 4318772.993, 118
Trd, 4318774.143, 120
Trd, 4318774.743, 79
Trd, 4318775.243, 139
Trd, 4318776.243, 97
Trd, 4318777.243, 81
Trd, 4318777.843, 75
Trd, 4318779.143, 99
Trd, 4318780.393, 112
Trd, 4318780.543, 106
Trd, 4318780.893, 105
Trd, 4318781.093, 104
Trd, 4318781.193, 100
Trd, 4318782.393, 112
Trd, 4318782.693, 99
Trd, 4318783.443, 101
Trd, 4318783.593, 99
Trd, 4318785.043, 98
Trd, 4318786.843, 122
Trd, 4318787.793, 127
Trd, 4318787.893, 114
Trd, 4318788.193, 114
Trd, 4318788.993, 102
Trd, 4318789.893, 114
Trd, 4318790.393, 105
Trd, 4318791.693, 104
Trd, 4318791.943, 121
Trd, 4318792.843, 124
Trd, 4318792.943, 115
Trd, 4318793.343, 80
Trd, 4318794.493, 129
Trd, 4318796.343, 106
Trd, 4318796.393, 106
Trd, 4318797.093, 136
Trd, 4318799.543, 99
Trd, 4318800.443, 92
Trd, 4318800.693, 136
Trd, 4318801.343, 122
Trd, 4318801.593, 112
Trd, 4318801.643, 105
Trd, 4318803.843, 113
Trd, 4318805.093, 107
Trd, 4318805.243, 93
Trd, 4318805.343, 90
Trd, 4318805.593, 64
Trd, 4318806.293, 73
Trd, 4318806.343, 81
Trd, 4318809.343, 80
Trd, 4318810.193, 75
Trd, 4318810.343, 73
Trd, 4318811.793, 101
Trd, 4318811.893, 122
Trd, 4318812.143, 97
Trd, 4318812.243, 97
Trd, 4318816.243, 133
Trd, 4318816.643, 112
Trd, 4318816.743, 103
Trd, 4318817.643, 81
Trd, 4318818.093, 124
Trd, 4318818.843, 120
Trd, 4318819.843, 120
Trd, 4318820.493, 118
Trd, 4318821.043, 102
Trd, 4318821.243, 100
Trd, 4318821.493, 99
Trd, 4318821.893, 97
Trd, 4318822.393, 93
Trd, 4318825.043, 133
Trd, 4318826.143, 121
Trd, 4318826.843, 113
Trd, 4318827.143, 111
Trd, 4318827.343, 101
Trd, 4318827.393, 101
Trd, 4318829.393, 138
Trd, 4318829.843, 102
Trd, 4318832.043, 109
Trd, 4318832.393, 107
Trd, 4318833.643, 116
Trd, 4318833.793, 106
Trd, 4318833.893, 99
Trd, 4318834.643, 110
Trd, 4318835.393, 118
Trd, 4318835.493, 114
Trd, 4318835.943, 110
Trd, 4318837.093, 100
Trd, 4318837.143, 103
Trd, 4318837.343, 106
Trd, 4318837.393, 94
Trd, 4318838.593, 94
Trd, 4318838.943, 93
Trd, 4318839.893, 98
Trd, 4318840.843, 80
Trd, 4318842.743, 67
Trd, 4318843.643, 73
Trd, 4318844.243, 61
Trd, 4318844.943, 90
Trd, 4318845.243, 70
Trd, 4318845.943, 61
Trd, 4318846.443, 104
Trd, 4318847.993, 70
Trd, 4318850.393, 64
Trd, 4318851.093, 86
Trd, 4318852.693, 102
Trd, 4318854.293, 72
Trd, 4318854.543, 70
Trd, 4318854.593, 92
Trd, 4318855.193, 79
Trd, 4318855.643, 78
Trd, 4318855.843, 83
Trd, 4318856.043, 93
Trd, 4318856.193, 135
Trd, 4318857.193, 112
Trd, 4318858.043, 79
Trd, 4318858.643, 71
Trd, 4318859.343, 124
Trd, 4318860.443, 107
Trd, 4318860.543, 98
Trd, 4318861.693, 80
Trd, 4318862.093, 126
Trd, 4318862.493, 116
Trd, 4318862.793, 106
Trd, 4318864.493, 115
Trd, 4318867.293, 84
Trd, 4318867.343, 83
Trd, 4318868.143, 86
Trd, 4318868.243, 87
Trd, 4318868.643, 92
Trd, 4318869.993, 104
Trd, 4318870.493, 97
Trd, 4318871.143, 89
Trd, 4318872.243, 95
Trd, 4318873.093, 108
Trd, 4318873.143, 98
Trd, 4318873.393, 94
Trd, 4318873.743, 115
Trd, 4318873.993, 99
Trd, 4318875.493, 89
Trd, 4318876.243, 76
Trd, 4318878.143, 86
Trd, 4318879.193, 89
Trd, 4318879.693, 88
Trd, 4318880.593, 87
Trd, 4318881.543, 99
Trd, 4318882.343, 96
Trd, 4318882.743, 86
Trd, 4318883.443, 114
Trd, 4318884.193, 87
Trd, 4318884.493, 121
Trd, 4318884.593, 73
Trd, 4318884.843, 80
Trd, 4318887.243, 138
Trd, 4318887.893, 138
Trd, 4318888.693, 117
Trd, 4318888.943, 123
Trd, 4318889.193, 116
Trd, 4318889.943, 113
Trd, 4318891.193, 91
Trd, 4318893.193, 127
Trd, 4318893.743, 108
Trd, 4318893.893, 102
Trd, 4318894.093, 92
Trd, 4318895.043, 83
Trd, 4318895.293, 69
Trd, 4318896.943, 93
Trd, 4318898.143, 89
Trd, 4318898.493, 140
Trd, 4318899.293, 125
Trd, 4318899.443, 132
Trd, 4318900.693, 117
Trd, 4318900.943, 110
Trd, 4318901.293, 74
Trd, 4318901.543, 93
Trd, 4318904.843, 82
Trd, 4318905.343, 75
Trd, 4318906.693, 72
Trd, 4318907.393, 69
Trd, 4318908.443, 82
Trd, 4318909.093, 126
Trd, 4318909.143, 114
Trd, 4318909.293, 128
Trd, 4318909.893, 113
Trd, 4318911.743, 75
Trd, 4318912.493, 82
Trd, 4318913.193, 92
Trd, 4318914.443, 87
Trd, 4318915.393, 121
Trd, 4318915.543, 102
Trd, 4318916.643, 120
Trd, 4318917.343, 119
Trd, 4318918.043, 110
Trd, 4318918.193, 101
Trd, 4318919.693, 91
Trd, 4318920.793, 88
Trd, 4318921.843, 100
Trd, 4318922.093, 128
Trd, 4318923.493, 105
Trd, 4318923.693, 97
Trd, 4318924.343, 91
Trd, 4318924.393, 91
Trd, 4318924.943, 101
Trd, 4318927.343, 110
Trd, 4318928.043, 127
Trd, 4318928.093, 109
Trd, 4318929.193, 105
Trd, 4318931.043, 96
Trd, 4318931.143, 113
Trd, 4318931.893, 96
Trd, 4318932.943, 120
Trd, 4318933.243, 110
Trd, 4318933.943, 113
Trd, 4318934.293, 107
Trd, 4318934.493, 117
Trd, 4318934.993, 105
Trd, 4318936.943, 96
Trd, 4318937.643, 66
Trd, 4318938.543, 88
Trd, 4318938.593, 90
Trd, 4318939.843, 84
Trd, 4318940.643, 114
Trd, 4318941.393, 76
Trd, 4318941.843, 73
Trd, 4318942.493, 70
Trd, 4318943.993, 105
Trd, 4318944.093, 69
Trd, 4318945.293, 65
Trd, 4318945.543, 66
Trd, 4318945.993, 116
Trd, 4318947.743, 95
Trd, 4318948.093, 114
Trd, 4318948.693, 81
Trd, 4318949.693, 74
Trd, 4318952.193, 79
Trd, 4318953.043, 133
Trd, 4318953.093, 94
Trd, 4318953.693, 66
Trd, 4318954.643, 72
Trd, 4318954.843, 105
Trd, 4318955.143, 95
Trd, 4318955.793, 87
Trd, 4318957.443, 130
Trd, 4318958.093, 111
Trd, 4318958.293, 102
Trd, 4318959.393, 101
Trd, 4318960.893, 101
Trd, 4318962.543, 95
Trd, 4318962.593, 94
Trd, 4318963.393, 104
Trd, 4318964.843, 100
Trd, 4318965.093, 100
Trd, 4318965.393, 93
Trd, 4318965.693, 68
Trd, 4318968.643, 82
Trd, 4318968.693, 113
Trd, 4318968.793, 79
Trd, 4318969.743, 76
Trd, 4318970.293, 83
Trd, 4318970.643, 77
Trd, 4318970.743, 77
Trd, 4318972.143, 92
Trd, 4318972.843, 131
Trd, 4318973.193, 120
Trd, 4318973.293, 111
Trd, 4318973.943, 102
Trd, 4318974.643, 107
Trd, 4318975.593, 102
Trd, 4318976.943, 105
Trd, 4318977.143, 101
Trd, 4318978.293, 96
Trd, 4318978.943, 85
Trd, 4318979.993, 82
Trd, 4318980.093, 103
Trd, 4318980.993, 140
Trd, 4318981.343, 127
Trd, 4318982.043, 133
Trd, 4318982.143, 126
Trd, 4318983.343, 119
Trd, 4318983.943, 137
Trd, 4318984.793, 113
Trd, 4318985.893, 108
Trd, 4318986.293, 102
Trd, 4318986.493, 99
Trd, 4318987.643, 118
Trd, 4318989.693, 94
Trd, 4318989.943, 92
Trd, 4318990.493, 138
Trd, 4318990.543, 127
Trd, 4318990.743, 116
Trd, 4318992.043, 104
Trd, 4318993.093, 69
Trd, 4318993.143, 76
Trd, 4318994.543, 98
Trd, 4318995.943, 63
Trd, 4318996.193, 63
Trd, 4318996.343, 93
Trd, 4318999.393, 79
Trd, 4319000.093, 76
Trd, 4319000.293, 77
Trd, 4319001.693, 73
Trd, 4319001.893, 91
Trd, 4319002.343, 88
Trd, 4319002.993, 71
Trd, 4319003.743, 83
Trd, 4319005.393, 102
Trd, 4319005.743, 77
Trd, 4319006.243, 93
Trd, 4319006.493, 74
Trd, 4319007.393, 117
Trd, 4319010.093, 107
Trd, 4319010.243, 107
Trd, 4319010.843, 108
Trd, 4319011.393, 100
Trd, 4319011.443, 97
Trd, 4319012.393, 99
Trd, 4319012.993, 105
Trd, 4319014.093, 100
Trd, 4319014.593, 95
Trd, 4319014.793, 110
Trd, 4319015.143, 87
Trd, 4319015.743, 93
Trd, 4319015.893, 92
Trd, 4319016.893, 88
Trd, 4319018.793, 122
Trd, 4319018.943, 108
Trd, 4319019.093, 106
Trd, 4319019.143, 87
Trd, 4319019.993, 81
Trd, 4319020.443, 96
Trd, 4319020.643, 80
Trd, 4319021.393, 75
Trd, 4319022.943, 92
Trd, 4319023.193, 94
Trd, 4319023.493, 81
Trd, 4319025.343, 122
Trd, 4319025.893, 112
Trd, 4319026.093, 103
Trd, 4319027.093, 116
Trd, 4319027.743, 113
Trd, 4319028.193, 112
Trd, 4319029.693, 123
Trd, 4319029.793, 115
Trd, 4319030.893, 91
Trd, 4319031.193, 88
Trd, 4319031.893, 108
Trd, 4319032.493, 91
Trd, 4319035.643, 113
Trd, 4319036.193, 111
Trd, 4319036.943, 116
Trd, 4319037.693, 93
Trd, 4319037.943, 92
Trd, 4319038.093, 83
Trd, 4319039.243, 79
Trd, 4319040.193, 115
Trd, 4319041.293, 116
Trd, 4319043.243, 114
Trd, 4319044.293, 87
Trd, 4319044.593, 94
Trd, 4319044.893, 79
Trd, 4319045.493, 80
Trd, 4319045.743, 117
Trd, 4319046.793, 122
Trd, 4319047.643, 102
Trd, 4319047.993, 99
Trd, 4319048.193, 96
Trd, 4319049.343, 116
Trd, 4319049.943, 102
Trd, 4319050.993, 103
Trd, 4319051.793, 101
Trd, 4319052.343, 127
Trd, 4319052.743, 115
Trd, 4319052.843, 106
Trd, 4319053.293, 128
Trd, 4319055.893, 100
Trd, 4319057.193, 112
Trd, 4319057.893, 106
Trd, 4319058.093, 125
Trd, 4319058.293, 103
Trd, 4319060.293, 97
Trd, 4319060.593, 92
Trd, 4319060.793, 81
Trd, 4319061.443, 91
Trd, 4319062.043, 92
Trd, 4319062.293, 89
Trd, 4319062.443, 129
Trd, 4319064.443, 89
Trd, 4319065.793, 86
Trd, 4319065.893, 106
Trd, 4319067.543, 83
Trd, 4319068.643, 85
Trd, 4319069.393, 81
Trd, 4319070.693, 85
Trd, 4319071.193, 84
Trd, 4319071.243, 81
Trd, 4319071.743, 84
Trd, 4319072.993, 130
Trd, 4319074.693, 132
Trd, 4319075.693, 110
Trd, 4319075.943, 103
Trd, 4319076.393, 132
Trd, 4319077.743, 137
Trd, 4319078.093, 124
Trd, 4319078.443, 116
Trd, 4319079.243, 115
Trd, 4319081.143, 123
Trd, 4319082.093, 112
Trd, 4319082.393, 105
Trd, 4319082.793, 112
Trd, 4319082.993, 94
Trd, 4319083.343, 89
Trd, 4319083.393, 85
Trd, 4319084.393, 80
Trd, 4319084.643, 61
Trd, 4319085.093, 120
Trd, 4319085.743, 103
Trd, 4319085.943, 98
Trd, 4319088.793, 87
Trd, 4319089.243, 90
Trd, 4319089.443, 85
Trd, 4319089.693, 84
Trd, 4319090.443, 78
Trd, 4319093.093, 92
Trd, 4319093.543, 92
Trd, 4319094.093, 113
Trd, 4319094.193, 89
Trd, 4319094.493, 85
Trd, 4319096.593, 112
Trd, 4319098.343, 114
Trd, 4319098.643, 98
Trd, 4319099.693, 138
Trd, 4319099.993, 135
Trd, 4319100.893, 111
Trd, 4319101.043, 111
Trd, 4319101.393, 102
Trd, 4319101.543, 98
Trd, 4319102.293, 89
Trd, 4319103.543, 84
Trd, 4319103.993, 78
Trd, 4319105.043, 128
Trd, 4319106.543, 67
Trd, 4319107.193, 85
Trd, 4319107.443, 79
Trd, 4319108.193, 87
Trd, 4319109.393, 84
Trd, 4319110.143, 75
Trd, 4319110.893, 92
Trd, 4319111.543, 79
Trd, 4319112.843, 72
Trd, 4319113.993, 122
Trd, 4319114.293, 96
Trd, 4319114.393, 91
Trd, 4319114.843, 86
Trd, 4319116.643, 76
Trd, 4319117.143, 69
Trd, 4319117.893, 67
Trd, 4319118.043, 72
Trd, 4319118.143, 94
Trd, 4319119.043, 91
Trd, 4319119.943, 88
Trd, 4319121.743, 100
Trd, 4319122.343, 90
Trd, 4319123.143, 90
Trd, 4319123.293, 88
Trd, 4319123.593, 134
Trd, 4319124.993, 107
Trd, 4319125.243, 111
Trd, 4319126.243, 116
Trd, 4319126.343, 108
Trd, 4319126.693, 80
Trd, 4319127.543, 113
Trd, 4319128.043, 102
Trd, 4319128.893, 111
Trd, 4319129.043, 98
Trd, 4319129.393, 111
Trd, 4319130.343, 92
Trd, 4319130.643, 88
Trd, 4319131.593, 76
Trd, 4319131.993, 85
Trd, 4319132.593, 79
Trd, 4319132.743, 136
Trd, 4319133.843, 83
Trd, 4319133.993, 84
Trd, 4319134.643, 88
Trd, 4319136.293, 72
Trd, 4319136.443, 74
Trd, 4319136.543, 63
Trd, 4319139.443, 106
Trd, 4319139.493, 94
Trd, 4319139.543, 113
Trd, 4319139.793, 122
Trd, 4319141.643, 75
Trd, 4319142.143, 81
Trd, 4319142.993, 101
Trd, 4319143.643, 118
Trd, 4319144.143, 111
Trd, 4319145.593, 115
Trd, 4319145.693, 77
Trd, 4319146.493, 72
Trd, 4319148.043, 100
Trd, 4319148.893, 84
Trd, 4319150.143, 130
Trd, 4319150.643, 112
Trd, 4319150.843, 120
Trd, 4319151.193, 128
Trd, 4319152.243, 102
Trd, 4319153.143, 117
Trd, 4319153.943, 110
Trd, 4319155.093, 104
Trd, 4319155.643, 103
Trd, 4319156.093, 114
Trd, 4319156.693, 136
Trd, 4319157.793, 132
Trd, 4319158.243, 115
Trd, 4319159.543, 104
Trd, 4319159.693, 101
Trd, 4319160.093, 95
Trd, 4319160.143, 95
Trd, 4319161.043, 125
Trd, 4319161.443, 115
Trd, 4319161.943, 109
Trd, 4319162.393, 90
Trd, 4319163.893, 127
Trd, 4319164.393, 131
Trd, 4319165.493, 105
Trd, 4319165.543, 101
Trd, 4319166.593, 104
Trd, 4319168.393, 127
Trd, 4319169.593, 140
Trd, 4319169.693, 127
Trd, 4319169.843, 127
Trd, 4319170.193, 120
Trd, 4319170.293, 114
Trd, 4319171.243, 86
Trd, 4319173.293, 124
Trd, 4319173.793, 116
Trd, 4319174.243, 115
Trd, 4319176.093, 106
Trd, 4319177.743, 111
Trd, 4319178.143, 125
Trd, 4319178.493, 129
Trd, 4319178.743, 117
Trd, 4319179.093, 102
Trd, 4319181.393, 103
Trd, 4319181.443, 125
Trd, 4319183.143, 104
Trd, 4319183.243, 94
Trd, 4319183.743, 133
Trd, 4319184.193, 120
Trd, 4319184.843, 87
Trd, 4319185.343, 115
Trd, 4319186.393, 81
Trd, 4319186.793, 80
Trd, 4319187.493, 76
Trd, 4319189.343, 91
Trd, 4319189.943, 91
Trd, 4319191.143, 81
Trd, 4319191.393, 73
Trd, 4319192.093, 122
Trd, 4319192.793, 107
Trd, 4319194.743, 117
Trd, 4319195.143, 117
Trd, 4319195.793, 123
Trd, 4319195.943, 109
Trd, 4319197.193, 135
Trd, 4319197.493, 126
Trd, 4319197.643, 124
Trd, 4319198.993, 106
Trd, 4319199.793, 100
Trd, 4319199.993, 90
Trd, 4319200.893, 81
Trd, 4319202.343, 96
Trd, 4319202.593, 73
Trd, 4319204.593, 81
Trd, 4319204.843, 97
Trd, 4319204.993, 79
Trd, 4319206.193, 88
Trd, 4319206.293, 77
Trd, 4319206.643, 89
Trd, 4319207.793, 86
Trd, 4319208.143, 116
Trd, 4319209.243, 86
Trd, 4319210.443, 78
Trd, 4319211.293, 103
Trd, 4319211.443, 97
Trd, 4319211.843, 91
Trd, 4319212.893, 100
Trd, 4319213.543, 84
Trd, 4319215.343, 101
Trd, 4319215.843, 120
Trd, 4319216.393, 111
Trd, 4319216.893, 105
Trd, 4319217.143, 98
Trd, 4319218.743, 136
Trd, 4319220.743, 108
Trd, 4319221.093, 104
Trd, 4319221.193, 102
Trd, 4319221.943, 96
Trd, 4319222.243, 91
Trd, 4319222.343, 110
Trd, 4319222.593, 98
Trd, 4319223.893, 108
Trd, 4319224.943, 96
Trd, 4319225.243, 94
Trd, 4319225.793, 84
Trd, 4319226.193, 81
Trd, 4319227.343, 112
Trd, 4319227.593, 116
Trd, 4319227.793, 92
Trd, 4319229.093, 140
Trd, 4319229.193, 127
Trd, 4319230.643, 107
Trd, 4319230.693, 97
Trd, 4319231.643, 130
Trd, 4319232.143, 85
Trd, 4319233.743, 80
Trd, 4319233.893, 94
Trd, 4319234.193, 65
Trd, 4319235.043, 62
Trd, 4319237.193, 126
Trd, 4319237.693, 114
Trd, 4319238.843, 110
Trd, 4319238.943, 134
Trd, 4319238.993, 107
Trd, 4319240.943, 109
Trd, 4319241.193, 101
Trd, 4319242.893, 89
Trd, 4319243.543, 97
Trd, 4319244.443, 110
Trd, 4319244.793, 100
Trd, 4319245.143, 114
Trd, 4319246.593, 103
Trd, 4319246.693, 89
Trd, 4319247.643, 77
Trd, 4319248.493, 91
Trd, 4319249.443, 97
Trd, 4319249.743, 86
Trd, 4319250.943, 92
Trd, 4319251.693, 69
Trd, 4319251.993, 69
Trd, 4319253.243, 76
Trd, 4319254.743, 65
Trd, 4319255.643, 68
Trd, 4319256.043, 85
Trd, 4319256.443, 86
Trd, 4319256.493, 67
Trd, 4319257.893, 97
Trd, 4319259.743, 75
Trd, 4319259.993, 118
Trd, 4319260.793, 114
Trd, 4319261.193, 112
Trd, 4319261.343, 104
Trd, 4319261.693, 114
Trd, 4319261.843, 105
Trd, 4319263.743, 89
Trd, 4319264.993, 107
Trd, 4319265.243, 128
Trd, 4319266.043, 89
Trd, 4319266.093, 88
Trd, 4319266.193, 86
Trd, 4319268.143, 87
Trd, 4319268.293, 85
Trd, 4319268.493, 81
Trd, 4319269.193, 126
Trd, 4319269.443, 111
Trd, 4319270.393, 125
Trd, 4319270.543, 98
Trd, 4319271.643, 96
Trd, 4319272.243, 87
Trd, 4319272.993, 97
Trd, 4319273.793, 90
Trd, 4319274.993, 91
Trd, 4319276.543, 139
Trd, 4319276.693, 135
Trd, 4319277.043, 104
Trd, 4319277.143, 87
Trd, 4319277.193, 85
Trd, 4319279.643, 84
Trd, 4319279.743, 77
Trd, 4319279.993, 80
Trd, 4319281.443, 94
Trd, 4319282.193, 95
Trd, 4319283.343, 67
Trd, 4319284.493, 62
Trd, 4319286.293, 76
Trd, 4319286.393, 83
Trd, 4319287.693, 105
Trd, 4319287.793, 98
Trd, 4319288.143, 97
Trd, 4319288.393, 91
Trd, 4319288.893, 123
Trd, 4319290.793, 98
Trd, 4319291.093, 104
Trd, 4319291.243, 95
Trd, 4319291.543, 77
Trd, 4319292.343, 70
Trd, 4319292.693, 65
Trd, 4319293.343, 61
Trd, 4319295.943, 80
Trd, 4319296.443, 88
Trd, 4319296.693, 91
Trd, 4319297.693, 82
Trd, 4319298.243, 74
Trd, 4319299.143, 76
Trd, 4319299.443, 95
Trd, 4319300.293, 106
Trd, 4319300.693, 117
Trd, 4319300.843, 105
Trd, 4319301.943, 90
Trd, 4319301.993, 109
Trd, 4319304.043, 102
Trd, 4319304.393, 97
Trd, 4319305.143, 86
Trd, 4319305.493, 95
Trd, 4319306.143, 84
Trd, 4319306.893, 112
Trd, 4319307.743, 92
Trd, 4319307.893, 88
Trd, 4319307.943, 83
Trd, 4319309.743, 129
Trd, 4319310.593, 91
Trd, 4319310.643, 90
Trd, 4319311.643, 86
Trd, 4319312.993, 85
Trd, 4319313.493, 83
Trd, 4319314.143, 91
Trd, 4319315.143, 117
Trd, 4319316.243, 111
Trd, 4319316.743, 110
Trd, 4319317.193, 102
Trd, 4319317.593, 97
Trd, 4319318.543, 103
Trd, 4319318.793, 93
Trd, 4319319.093, 75
Trd, 4319320.993, 87
Trd, 4319321.343, 116
Trd, 4319322.393, 83
Trd, 4319322.943, 81
Trd, 4319323.043, 74
Trd, 4319323.793, 82
Trd, 4319324.593, 105
Trd, 4319326.593, 85
Trd, 4319327.293, 89
Trd, 4319327.393, 84
Trd, 4319328.343, 76
Trd, 4319328.393, 73
Trd, 4319328.493, 81
Trd, 4319329.393, 74
Trd, 4319331.743, 95
Trd, 4319331.943, 82
Trd, 4319332.593, 111
Trd, 4319334.093, 98
Trd, 4319335.143, 99
Trd, 4319335.193, 98
Trd, 4319336.193, 98
Trd, 4319336.743, 63
Trd, 4319337.593, 86
Trd, 4319338.393, 64
Trd, 4319339.193, 89
Trd, 4319340.143, 104
Trd, 4319340.243, 98
Trd, 4319340.593, 73
Trd, 4319341.543, 99
Trd, 4319341.743, 98
Trd, 4319343.443, 69
Trd, 4319343.743, 80
Trd, 4319344.043, 90
Trd, 4319344.493, 87
Trd, 4319345.193, 70
Trd, 4319346.843, 113
Trd, 4319346.943, 95
Trd, 4319347.843, 91
Trd, 4319348.343, 94
Trd, 4319348.843, 109
Trd, 4319349.193, 89
Trd, 4319350.093, 88
Trd, 4319350.193, 88
Trd, 4319350.443, 85
Trd, 4319351.743, 104
Trd, 4319352.143, 100
Trd, 4319352.343, 99
Trd, 4319353.843, 110
Trd, 4319354.943, 140
Trd, 4319355.993, 111
Trd, 4319357.543, 88
Trd, 4319357.843, 77
Trd, 4319358.043, 96
Trd, 4319359.393, 78
Trd, 4319359.593, 73
Trd, 4319360.143, 69
Trd, 4319360.343, 76
Trd, 4319361.693, 73
Trd, 4319362.193, 60
Trd, 4319364.693, 75
Trd, 4319366.393, 62
Trd, 4319366.943, 63
Trd, 4319367.343, 63
Trd, 4319367.893, 76
Trd, 4319368.093, 70
Trd, 4319368.993, 68
Trd, 4319371.143, 115
Trd, 4319371.843, 117
Trd, 4319371.943, 115
Trd, 4319372.243, 109
Trd, 4319373.343, 113
Trd, 4319373.493, 112
Trd, 4319373.743, 116
Trd, 4319374.693, 108
Trd, 4319375.693, 109
Trd, 4319375.993, 104
Trd, 4319376.643, 80
Trd, 4319378.193, 70
Trd, 4319379.243, 73
Trd, 4319379.743, 86
Trd, 4319380.093, 75
Trd, 4319381.143, 107
Trd, 4319381.343, 106
Trd, 4319381.843, 106
Trd, 4319382.093, 90
Trd, 4319383.143, 93
Trd, 4319384.143, 61
Trd, 4319384.493, 78
Trd, 4319384.793, 116
Trd, 4319384.843, 109
Trd, 4319386.843, 100
Trd, 4319387.643, 125
Trd, 4319388.343, 87
Trd, 4319389.193, 100
Trd, 4319390.393, 120
Trd, 4319391.443, 132
Trd, 4319391.493, 121
Trd, 4319392.543, 133
Trd, 4319393.043, 65
Trd, 4319393.543, 71
Trd, 4319394.743, 96
Trd, 4319396.293, 87
Trd, 4319397.093, 85
Trd, 4319397.193, 95
Trd, 4319397.443, 82
Trd, 4319398.693, 78
Trd, 4319399.293, 82
Trd, 4319401.193, 133
Trd, 4319401.743, 130
Trd, 4319401.793, 138
Trd, 4319401.893, 122
Trd, 4319402.443, 119
Trd, 4319403.243, 105
Trd, 4319404.393, 100
Trd, 4319404.743, 97
Trd, 4319406.093, 66
Trd, 4319406.293, 86
Trd, 4319407.093, 97
Trd, 4319407.243, 97
Trd, 4319408.293, 93
Trd, 4319408.893, 75
Trd, 4319409.393, 76
Trd, 4319410.393, 79
Trd, 4319412.443, 73
Trd, 4319414.093, 65
Trd, 4319414.293, 65
Trd, 4319414.443, 91
Trd, 4319415.193, 94
Trd, 4319417.143, 117
Trd, 4319417.793, 99
Trd, 4319418.393, 102
Trd, 4319418.693, 94
Trd, 4319419.343, 114
Trd, 4319419.843, 101
Trd, 4319420.193, 129
Trd, 4319420.343, 110
Trd, 4319420.643, 95
Trd, 4319421.893, 125
Trd, 4319422.193, 122
Trd, 4319422.543, 83
Trd, 4319423.793, 97
Trd, 4319424.643, 92
Trd, 4319425.493, 102
Trd, 4319425.893, 103
Trd, 4319426.243, 102
Trd, 4319427.843, 75
Trd, 4319428.593, 103
Trd, 4319428.843, 102
Trd, 4319430.343, 102
Trd, 4319430.893, 89
Trd, 4319431.743, 76
Trd, 4319431.943, 76
Trd, 4319432.443, 80
Trd, 4319432.893, 74
Trd, 4319434.643, 93
Trd, 4319435.693, 123
Trd, 4319436.143, 104
Trd, 4319436.593, 96
Trd, 4319436.843, 119
Trd, 4319437.843, 85
Trd, 4319439.343, 85
Trd, 4319440.043, 92
Trd, 4319440.643, 106
Trd, 4319441.693, 97
Trd, 4319441.843, 91
Trd, 4319442.193, 94
Trd, 4319442.643, 114
Trd, 4319443.593, 109
Trd, 4319443.893, 115
Trd, 4319445.793, 108
Trd, 4319447.393, 135
Trd, 4319447.693, 119
Trd, 4319449.043, 110
Trd, 4319449.593, 109
Trd, 4319449.843, 108
Trd, 4319450.543, 97
Trd, 4319451.643, 94
Trd, 4319451.793, 93
Trd, 4319452.193, 96
Trd, 4319453.093, 94
Trd, 4319453.193, 90
Trd, 4319454.543, 85
Trd, 4319456.393, 136
Trd, 4319456.443, 94
Trd, 4319457.643, 96
Trd, 4319458.043, 94
Trd, 4319458.343, 76
Trd, 4319458.593, 71
Trd, 4319459.343, 71
Trd, 4319459.793, 129
Trd, 4319460.793, 77
Trd, 4319462.643, 71
Trd, 4319463.093, 76
Trd, 4319463.593, 71
Trd, 4319463.743, 64
Trd, 4319464.243, 76
Trd, 4319465.743, 78
Trd, 4319466.393, 134
Trd, 4319468.693, 118
Trd, 4319468.843, 111
Trd, 4319469.243, 104
Trd, 4319469.543, 101
Trd, 4319470.443, 90
Trd, 4319470.593, 87
Trd, 4319471.493, 85
Trd, 4319472.193, 107
Trd, 4319472.343, 83
Trd, 4319472.493, 79
Trd, 4319474.143, 132
Trd, 4319474.243, 121
Trd, 4319475.293, 136
Trd, 4319475.643, 108
Trd, 4319476.093, 105
Trd, 4319476.493, 114
Trd, 4319477.493, 118
Trd, 4319477.693, 111
Trd, 4319478.393, 103
Trd, 4319478.893, 99
Trd, 4319479.643, 95
Trd, 4319479.743, 84
Trd, 4319480.443, 96
Trd, 4319480.593, 132
Trd, 4319481.893, 108
Trd, 4319483.093, 63
Trd, 4319483.993, 81
Trd, 4319486.593, 96
Trd, 4319487.043, 126
Trd, 4319488.043, 112
Trd, 4319488.393, 110
Trd, 4319489.443, 93
Trd, 4319490.193, 94
Trd, 4319490.843, 88
Trd, 4319491.393, 78
Trd, 4319492.643, 132
Trd, 4319492.893, 110
Trd, 4319493.543, 105
Trd, 4319494.043, 95
Trd, 4319495.843, 108
Trd, 4319497.343, 95
Trd, 4319498.293, 117
Trd, 4319498.643, 106
Trd, 4319499.793, 95
Trd, 4319500.793, 109
Trd, 4319501.393, 91
Trd, 4319501.443, 101
Trd, 4319501.493, 86
Trd, 4319501.893, 97
Trd, 4319503.393, 105
Trd, 4319503.693, 89
Trd, 4319504.443, 117
Trd, 4319504.543, 91
Trd, 4319506.143, 86
Trd, 4319506.993, 99
Trd, 4319507.443, 81
Trd, 4319508.043, 69
Trd, 4319509.243, 63
Trd, 4319511.243, 131
Trd, 4319511.543, 120
Trd, 4319511.743, 112
Trd, 4319512.493, 103
Trd, 4319512.843, 99
Trd, 4319514.343, 89
Trd, 4319514.643, 103
Trd, 4319514.793, 83
Trd, 4319515.893, 89
Trd, 4319515.943, 84
Trd, 4319516.243, 83
Trd, 4319517.793, 133
Trd, 4319518.743, 107
Trd, 4319519.443, 110
Trd, 4319519.493, 108
Trd, 4319519.693, 112
Trd, 4319519.743, 107
Trd, 4319521.393, 81
Trd, 4319522.693, 98
Trd, 4319524.093, 85
Trd, 4319525.093, 83
Trd, 4319526.093, 79
Trd, 4319526.843, 80
Trd, 4319528.093, 104
Trd, 4319529.143, 110
Trd, 4319529.293, 101
Trd, 4319529.843, 87
Trd, 4319530.543, 100
Trd, 4319530.643, 101
Trd, 4319530.693, 99
Trd, 4319532.293, 81
Trd, 4319533.693, 87
Trd, 4319533.893, 86
Trd, 4319534.393, 129
Trd, 4319535.143, 81
Trd, 4319535.693, 84
Trd, 4319535.893, 83
Trd, 4319537.893, 102
Trd, 4319538.743, 102
Trd, 4319539.493, 96
Trd, 4319540.293, 92
Trd, 4319540.443, 89
Trd, 4319540.893, 86
Trd, 4319541.943, 120
Trd, 4319542.293, 97
Trd, 4319543.843, 90
Trd, 4319544.343, 82
Trd, 4319544.693, 123
Trd, 4319545.193, 108
Trd, 4319546.193, 85
Trd, 4319548.443, 77
Trd, 4319550.043, 105
Trd, 4319550.543, 98
Trd, 4319550.643, 107
Trd, 4319550.993, 87
Trd, 4319551.043, 83
Trd, 4319552.593, 72
Trd, 4319554.143, 118
Trd, 4319554.693, 106
Trd, 4319555.293, 93
Trd, 4319555.893, 105
Trd, 4319556.343, 87
Trd, 4319557.343, 109
Trd, 4319558.743, 105
Trd, 4319558.843, 103
Trd, 4319559.943, 100
Trd, 4319560.193, 110
Trd, 4319560.393, 93
Trd, 4319561.093, 78
Trd, 4319561.643, 81
Trd, 4319563.293, 111
Trd, 4319564.143, 105
Trd, 4319564.593, 105
Trd, 4319565.793, 120
Trd, 4319566.343, 116
Trd, 4319566.943, 119
Trd, 4319566.993, 110
Trd, 4319567.443, 109
Trd, 4319567.543, 100
Trd, 4319568.493, 89
Trd, 4319570.093, 96
Trd, 4319570.443, 90
Trd, 4319570.793, 89
Trd, 4319571.193, 75
Trd, 4319573.043, 64
Trd, 4319574.843, 80
Trd, 4319575.093, 77
Trd, 4319576.443, 78
Trd, 4319576.843, 74
Trd, 4319577.043, 107
Trd, 4319577.143, 74
Trd, 4319577.643, 93
Trd, 4319578.393, 102
Trd, 4319579.893, 115
Trd, 4319580.143, 111
Trd, 4319580.593, 120
Trd, 4319582.893, 121
Trd, 4319583.343, 104
Trd, 4319583.943, 97
Trd, 4319583.993, 96
Trd, 4319584.393, 96
Trd, 4319585.193, 127
Trd, 4319585.543, 93
Trd, 4319585.893, 93
Trd, 4319586.193, 84
Trd, 4319586.393, 78
Trd, 4319587.593, 117
Trd, 4319588.043, 138
Trd, 4319588.643, 111
Trd, 4319591.243, 124
Trd, 4319591.543, 115
Trd, 4319592.193, 107
Trd, 4319593.093, 123
Trd, 4319594.543, 120
Trd, 4319595.893, 94
Trd, 4319596.693, 93
Trd, 4319596.943, 90
Trd, 4319597.993, 97
Trd, 4319598.143, 93
Trd, 4319598.943, 125
Trd, 4319598.993, 115
Trd, 4319599.043, 97
Trd, 4319599.393, 92
Trd, 4319599.943, 80
Trd, 4319601.043, 89
Trd, 4319601.293, 85
Trd, 4319601.843, 71
Trd, 4319603.443, 61
Trd, 4319606.643, 64
Trd, 4319607.293, 91
Trd, 4319608.193, 78
Trd, 4319608.593, 91
Trd, 4319608.743, 77
Trd, 4319608.843, 76
Trd, 4319608.943, 92
Trd, 4319609.143, 72
Trd, 4319609.443, 98
Trd, 4319611.243, 102
Trd, 4319611.893, 76
Trd, 4319612.043, 108
Trd, 4319615.193, 105
Trd, 4319615.393, 100
Trd, 4319615.443, 97
Trd, 4319616.243, 109
Trd, 4319616.443, 108
Trd, 4319616.593, 99
Trd, 4319616.843, 121
Trd, 4319617.393, 92
Trd, 4319618.093, 95
Trd, 4319619.993, 110
Trd, 4319621.193, 76
Trd, 4319621.293, 76
Trd, 4319621.743, 77
Trd, 4319623.193, 92
Trd, 4319623.443, 80
Trd, 4319623.543, 95
Trd, 4319623.993, 76
Trd, 4319624.493, 73
Trd, 4319625.943, 72
Trd, 4319626.543, 100
Trd, 4319627.693, 109
Trd, 4319629.143, 72
Trd, 4319629.743, 70
Trd, 4319630.193, 70
Trd, 4319630.643, 66
Trd, 4319631.243, 95
Trd, 4319632.043, 83
Trd, 4319632.593, 81
Trd, 4319634.693, 113
Trd, 4319634.943, 108
Trd, 4319636.843, 133
Trd, 4319636.893, 121
Trd, 4319637.693, 135
Trd, 4319638.043, 121
Trd, 4319638.093, 115
Trd, 4319638.743, 108
Trd, 4319640.343, 106
Trd, 4319640.893, 95
Trd, 4319642.493, 98
Trd, 4319643.093, 112
Trd, 4319643.193, 108
Trd, 4319643.543, 100
Trd, 4319645.243, 98
Trd, 4319645.493, 97
Trd, 4319645.993, 88
Trd, 4319646.493, 87
Trd, 4319647.193, 126
Trd, 4319647.443, 88
Trd, 4319648.843, 110
Trd, 4319649.093, 102
Trd, 4319650.043, 98
Trd, 4319651.243, 100
Trd, 4319651.293, 92
Trd, 4319652.193, 119
Trd, 4319652.743, 93
Trd, 4319653.193, 92
Trd, 4319653.643, 80
Trd, 4319654.093, 78
Trd, 4319654.443, 107
Trd, 4319655.943, 122
Trd, 4319656.593, 94
Trd, 4319656.643, 86
Trd, 4319656.843, 134
Trd, 4319657.593, 91
Trd, 4319659.543, 67
Trd, 4319659.743, 87
Trd, 4319660.643, 98
Trd, 4319661.343, 90
Trd, 4319661.593, 89
Trd, 4319663.043, 111
Trd, 4319663.093, 88
Trd, 4319664.043, 79
Trd, 4319664.593, 80
Trd, 4319666.643, 98
Trd, 4319666.843, 97
Trd, 4319668.193, 108
Trd, 4319668.443, 106
Trd, 4319669.243, 102
Trd, 4319670.593, 139
Trd, 4319670.693, 103
Trd, 4319671.893, 117
Trd, 4319672.143, 93
Trd, 4319672.743, 85
Trd, 4319673.143, 120
Trd, 4319674.343, 126
Trd, 4319674.443, 118
Trd, 4319675.093, 84
Trd, 4319676.343, 118
Trd, 4319677.793, 109
Trd, 4319678.443, 104
Trd, 4319679.193, 110
Trd, 4319680.143, 120
Trd, 4319680.343, 99
Trd, 4319680.443, 96
Trd, 4319680.793, 94
Trd, 4319681.843, 60
Trd, 4319682.093, 72
Trd, 4319682.143, 83
Trd, 4319682.793, 80
Trd, 4319683.943, 100
Trd, 4319685.293, 111
Trd, 4319686.043, 86
Trd, 4319687.243, 68
Trd, 4319688.343, 70
Trd, 4319689.293, 87
Trd, 4319689.593, 93
Trd, 4319690.843, 105
Trd, 4319690.943, 96
Trd, 4319691.793, 137
Trd, 4319692.793, 85
Trd, 4319693.393, 79
Trd, 4319693.643, 76
Trd, 4319694.093, 122
Trd, 4319695.443, 93
Trd, 4319695.843, 85
Trd, 4319696.193, 101
Trd, 4319696.493, 80
Trd, 4319696.793, 74
Trd, 4319697.243, 69
Trd, 4319697.943, 69
Trd, 4319698.943, 69
Trd, 4319700.343, 73
Trd, 4319701.093, 100
Trd, 4319702.193, 98
Trd, 4319702.593, 117
Trd, 4319704.243, 134
Trd, 4319705.043, 117
Trd, 4319705.243, 108
Trd, 4319705.393, 99
Trd, 4319707.143, 123
Trd, 4319707.243, 114
Trd, 4319708.093, 99
Trd, 4319708.493, 132
Trd, 4319709.093, 125
Trd, 4319710.593, 92
Trd, 4319711.793, 114
Trd, 4319712.243, 93
Trd, 4319712.293, 101
Trd, 4319713.393, 100
Trd, 4319713.593, 110
Trd, 4319715.093, 86
Trd, 4319716.043, 89
Trd, 4319716.643, 84
Trd, 4319717.593, 112
Trd, 4319717.643, 95
Trd, 4319718.143, 95
Trd, 4319718.343, 92
Trd, 4319720.143, 105
Trd, 4319720.443, 86
Trd, 4319721.693, 90
Trd, 4319722.743, 117
Trd, 4319724.843, 92
Trd, 4319725.093, 89
Trd, 4319725.793, 110
Trd, 4319726.093, 106
Trd, 4319726.993, 122
Trd, 4319727.443, 115
Trd, 4319727.793, 135
Trd, 4319728.243, 106
Trd, 4319728.293, 106
Trd, 4319730.393, 86
Trd, 4319731.043, 89
Trd, 4319731.743, 87
Trd, 4319732.393, 86
Trd, 4319733.343, 82
Trd, 4319733.493, 62
Trd, 4319735.343, 116
Trd, 4319736.843, 135
Trd, 4319737.043, 123
Trd, 4319737.243, 140
Trd, 4319737.293, 128
Trd, 4319737.743, 115
Trd, 4319738.893, 113
Trd, 4319739.393, 106
Trd, 4319739.443, 95
Trd, 4319741.543, 88
Trd, 4319741.893, 86
Trd, 4319744.493, 113
Trd, 4319745.543, 95
Trd, 4319745.943, 91
Trd, 4319746.243, 127
Trd, 4319747.093, 97
Trd, 4319747.243, 89
Trd, 4319748.693, 130
Trd, 4319750.193, 113
Trd, 4319750.543, 128
Trd, 4319750.593, 115
Trd, 4319751.193, 111
Trd, 4319751.843, 85
Trd, 4319752.543, 94
Trd, 4319753.693, 80
Trd, 4319753.993, 110
Trd, 4319754.643, 106
Trd, 4319754.943, 83
Trd, 4319755.943, 77
Trd, 4319756.643, 76
Trd, 4319758.093, 81
Trd, 4319758.293, 89
Trd, 4319759.193, 63
Trd, 4319760.693, 65
Trd, 4319761.493, 60
Trd, 4319762.293, 68
Trd, 4319762.743, 75
Trd, 4319763.243, 78
Trd, 4319763.943, 82
Trd, 4319764.893, 89
Trd, 4319765.143, 77
Trd, 4319765.843, 95
Trd, 4319766.393, 84
Trd, 4319766.993, 98
Trd, 4319767.543, 121
Trd, 4319768.543, 93
Trd, 4319768.793, 92
Trd, 4319770.043, 79
Trd, 4319770.293, 118
Trd, 4319770.393, 71
Trd, 4319771.843, 134
Trd, 4319772.193, 124
Trd, 4319773.093, 114
Trd, 4319773.543, 98
Trd, 4319774.243, 92
Trd, 4319774.543, 85
Trd, 4319775.443, 136
Trd, 4319775.643, 94
Trd, 4319776.543, 90
Trd, 4319776.693, 114
Trd, 4319777.393, 76
Trd, 4319779.093, 78
Trd, 4319781.243, 79
Trd, 4319781.543, 83
Trd, 4319781.793, 114
Trd, 4319782.593, 78
Trd, 4319783.193, 82
Trd, 4319783.943, 77
Trd, 4319784.143, 87
Trd, 4319786.093, 90
Trd, 4319786.293, 88
Trd, 4319787.843, 88
Trd, 4319788.143, 79
Trd, 4319789.193, 85
Trd, 4319789.543, 84
Trd, 4319789.843, 83
Trd, 4319790.143, 75
Trd, 4319791.543, 112
Trd, 4319791.943, 132
Trd, 4319793.893, 116
Trd, 4319794.043, 106
Trd, 4319794.093, 104
Trd, 4319795.093, 101
Trd, 4319796.243, 90
Trd, 4319797.793, 66
Trd, 4319798.543, 106
Trd, 4319799.193, 67
Trd, 4319800.093, 84
Trd, 4319800.443, 89
Trd, 4319801.093, 106
Trd, 4319803.743, 117
Trd, 4319803.793, 108
Trd, 4319804.593, 104
Trd, 4319806.093, 71
Trd, 4319806.543, 73
Trd, 4319806.693, 70
Trd, 4319807.093, 130
Trd, 4319807.643, 96
Trd, 4319809.093, 80
Trd, 4319810.593, 96
Trd, 4319811.093, 81
Trd, 4319811.393, 75
Trd, 4319811.843, 72
Trd, 4319812.143, 84
Trd, 4319812.343, 77
Trd, 4319813.493, 117
Trd, 4319814.293, 96
Trd, 4319814.393, 103
Trd, 4319815.493, 117
Trd, 4319815.693, 109
Trd, 4319817.593, 109
Trd, 4319817.893, 103
Trd, 4319819.543, 127
Trd, 4319819.593, 118
Trd, 4319819.643, 114
Trd, 4319821.443, 98
Trd, 4319821.943, 94
Trd, 4319822.493, 90
Trd, 4319823.293, 99
Trd, 4319824.343, 125
Trd, 4319824.543, 98
Trd, 4319824.693, 97
Trd, 4319825.293, 120
Trd, 4319827.043, 130
Trd, 4319827.993, 93
Trd, 4319828.093, 73
Trd, 4319829.343, 96
Trd, 4319829.943, 90
Trd, 4319830.643, 91
Trd, 4319831.093, 88
Trd, 4319831.793, 80
Trd, 4319832.843, 76
Trd, 4319834.343, 69
Trd, 4319834.493, 109
Trd, 4319835.993, 140
Trd, 4319836.843, 123
Trd, 4319836.943, 108
Trd, 4319837.193, 106
Trd, 4319837.743, 121
Trd, 4319838.043, 88
Trd, 4319839.843, 82
Trd, 4319840.443, 79
Trd, 4319840.543, 90
Trd, 4319842.243, 136
Trd, 4319842.943, 115
Trd, 4319843.093, 114
Trd, 4319844.143, 113
Trd, 4319844.393, 105
Trd, 4319844.493, 103
Trd, 4319845.593, 117
Trd, 4319846.393, 109
Trd, 4319846.893, 98
Trd, 4319847.593, 112
Trd, 4319848.143, 124
Trd, 4319848.693, 108
Trd, 4319849.643, 96
Trd, 4319850.443, 83
Trd, 4319850.843, 116
Trd, 4319851.393, 120
Trd, 4319852.593, 110
Trd, 4319853.193, 102
Trd, 4319853.543, 109
Trd, 4319854.143, 81
Trd, 4319855.493, 112
Trd, 4319856.543, 81
Trd, 4319858.793, 125
Trd, 4319858.943, 118
Trd, 4319859.343, 134
Trd, 4319859.693, 113
Trd, 4319860.293, 114
Trd, 4319860.793, 129
Trd, 4319860.843, 116
Trd, 4319861.943, 110
Trd, 4319862.093, 106
Trd, 4319862.293, 98
Trd, 4319866.043, 93
Trd, 4319866.443, 101
Trd, 4319866.643, 98
Trd, 4319867.993, 125
Trd, 4319868.193, 114
Trd, 4319869.643, 100
Trd, 4319870.543, 94
Trd, 4319871.243, 114
Trd, 4319871.293, 107
Trd, 4319871.693, 80
Trd, 4319871.793, 68
Trd, 4319873.043, 76
Trd, 4319873.893, 71
Trd, 4319874.393, 79
Trd, 4319874.543, 68
Trd, 4319875.643, 118
Trd, 4319875.843, 98
Trd, 4319876.343, 111
Trd, 4319876.493, 98
Trd, 4319876.893, 97
Trd, 4319878.193, 96
Trd, 4319878.243, 94
Trd, 4319878.693, 106
Trd, 4319880.893, 139
Trd, 4319881.343, 126
Trd, 4319883.293, 80
Trd, 4319883.793, 100
Trd, 4319884.343, 133
Trd, 4319886.193, 112
Trd, 4319886.693, 121
Trd, 4319886.843, 112
Trd, 4319887.543, 84
Trd, 4319888.293, 75
Trd, 4319888.993, 80
Trd, 4319889.243, 64
Trd, 4319891.243, 94
Trd, 4319891.693, 97
Trd, 4319891.843, 87
Trd, 4319892.843, 98
Trd, 4319893.293, 84
Trd, 4319893.693, 104
Trd, 4319893.743, 81
Trd, 4319894.043, 94
Trd, 4319895.193, 101
Trd, 4319895.643, 89
Trd, 4319896.593, 98
Trd, 4319897.193, 109
Trd, 4319898.943, 107
Trd, 4319899.543, 84
Trd, 4319900.643, 84
Trd, 4319901.043, 105
Trd, 4319901.443, 80
Trd, 4319901.643, 80
Trd, 4319902.193, 100
Trd, 4319903.943, 127
Trd, 4319905.343, 104
Trd, 4319905.643, 96
Trd, 4319906.693, 111
Trd, 4319907.143, 104
Trd, 4319907.193, 102
Trd, 4319907.393, 96
Trd, 4319908.093, 62
Trd, 4319909.543, 111
Trd, 4319909.593, 114
Trd, 4319911.143, 78
Trd, 4319911.943, 67
Trd, 4319913.243, 75
Trd, 4319914.093, 83
Trd, 4319914.743, 72
Trd, 4319914.943, 71
Trd, 4319915.143, 101
Trd, 4319916.093, 98
Trd, 4319916.243, 82
Trd, 4319916.693, 89
Trd, 4319916.943, 87
Trd, 4319917.493, 131
Trd, 4319917.643, 112
Trd, 4319918.843, 126
Trd, 4319919.743, 107
Trd, 4319922.393, 77
Trd, 4319923.293, 82
Trd, 4319923.443, 76
Trd, 4319923.993, 86
Trd, 4319924.093, 101
Trd, 4319924.443, 82
Trd, 4319924.643, 96
Trd, 4319926.043, 82
Trd, 4319926.093, 77
Trd, 4319927.393, 105
Trd, 4319927.693, 102
Trd, 4319928.393, 94
Trd, 4319930.143, 80
Trd, 4319930.393, 77
Trd, 4319931.293, 72
Trd, 4319931.743, 86
Trd, 4319932.193, 87
Trd, 4319932.543, 101
Trd, 4319932.693, 81
Trd, 4319934.993, 71
Trd, 4319936.843, 60
Trd, 4319936.893, 67
Trd, 4319938.593, 101
Trd, 4319939.493, 81
Trd, 4319939.543, 103
Trd, 4319939.893, 118
Trd, 4319939.943, 132
Trd, 4319939.993, 73
Trd, 4319941.793, 63
Trd, 4319942.493, 103
Trd, 4319942.793, 68
Trd, 4319943.243, 92
Trd, 4319944.543, 83
Trd, 4319945.143, 75
Trd, 4319945.543, 111
Trd, 4319945.893, 99
Trd, 4319946.393, 94
Trd, 4319947.093, 85
Trd, 4319947.243, 71
Trd, 4319948.393, 86
Trd, 4319949.093, 126
Trd, 4319949.493, 87
Trd, 4319951.193, 109
Trd, 4319951.543, 80
Trd, 4319951.593, 74
Trd, 4319952.843, 96
Trd, 4319953.143, 108
Trd, 4319953.693, 83
Trd, 4319954.593, 130
Trd, 4319955.343, 123
Trd, 4319955.493, 100
Trd, 4319957.493, 121
Trd, 4319958.243, 120
Trd, 4319958.493, 96
Trd, 4319958.993, 97
Trd, 4319959.493, 70
Trd, 4319961.093, 104
Trd, 4319961.343, 95
Trd, 4319961.543, 90
Trd, 4319962.743, 71
Trd, 4319963.793, 66
Trd, 4319965.793, 81
Trd, 4319965.843, 93
Trd, 4319966.543, 122
Trd, 4319966.893, 79
Trd, 4319967.393, 134
Trd, 4319967.643, 122
Trd, 4319967.843, 106
Trd, 4319968.843, 106
Trd, 4319970.293, 100
Trd, 4319970.393, 97
Trd, 4319970.593, 92
Trd, 4319973.093, 116
Trd, 4319973.493, 121
Trd, 4319974.593, 104
Trd, 4319974.643, 101
Trd, 4319975.143, 98
Trd, 4319976.243, 97
Trd, 4319976.393, 95
Trd, 4319976.543, 70
Trd, 4319978.943, 77
Trd, 4319979.343, 76
Trd, 4319979.643, 75
Trd, 4319979.993, 72
Trd, 4319980.543, 67
Trd, 4319983.143, 67
Trd, 4319983.543, 95
Trd, 4319984.343, 100
Trd, 4319985.693, 84
Trd, 4319985.793, 82
Trd, 4319986.643, 124
Trd, 4319987.143, 85
Trd, 4319987.243, 83
Trd, 4319987.293, 82
Trd, 4319990.693, 103
Trd, 4319990.743, 95
Trd, 4319991.293, 89
Trd, 4319991.593, 98
Trd, 4319993.193, 110
Trd, 4319993.843, 86
Trd, 4319993.993, 81
Trd, 4319994.943, 109
Trd, 4319995.543, 129
Trd, 4319995.693, 119
Trd, 4319995.893, 135
Trd, 4319996.743, 105
Trd, 4319998.093, 89
Trd, 4319998.943, 116
