Trd, 4318137.843, 95
Trd, 4318138.143, 79
Trd, 4318138.893, 116
Trd, 4318139.293, 100
Trd, 4318140.193, 137
Trd, 4318141.693, 65
Trd, 4318142.493, 70
Trd, 4318143.693, 80
Trd, 4318143.743, 94
Trd, 4318144.693, 83
Trd, 4318145.543, 100
Trd, 4318146.843, 103
Trd, 4318147.293, 112
Trd, 4318147.593, 107
Trd, 4318147.793, 105
Trd, 4318147.843, 97
Trd, 4318148.393, 117
Trd, 4318148.493, 76
Trd, 4318151.493, 92
Trd, 4318151.943, 89
Trd, 4318152.743, 92
Trd, 4318153.043, 86
Trd, 4318153.193, 107
Trd, 4318153.843, 108
Trd, 4318154.493, 120
Trd, 4318155.143, 111
Trd, 4318155.543, 106
Trd, 4318155.693, 108
Trd, 4318156.243, 105
Trd, 4318156.543, 97
Trd, 4318157.793, 80
Trd, 4318158.143, 90
Trd, 4318159.143, 88
Trd, 4318159.343, 83
Trd, 4318159.743, 103
Trd, 4318161.093, 107
Trd, 4318161.143, 100
Trd, 4318161.443, 94
Trd, 4318162.843, 130
Trd, 4318163.543, 110
Trd, 4318164.043, 87
Trd, 4318164.393, 65
Trd, 4318164.643, 72
Trd, 4318164.843, 65
Trd, 4318166.043, 68
Trd, 4318166.543, 117
Trd, 4318166.743, 63
Trd, 4318167.243, 65
Trd, 4318167.843, 107
Trd, 4318168.293, 104
Trd, 4318169.693, 106
Trd, 4318170.243, 104
Trd, 4318172.143, 94
Trd, 4318172.243, 66
Trd, 4318173.343, 81
Trd, 4318173.943, 101
Trd, 4318175.643, 112
Trd, 4318175.943, 133
Trd, 4318176.693, 134
Trd, 4318177.293, 130
Trd, 4318177.393, 123
Trd, 4318177.793, 136
Trd, 4318179.193, 98
Trd, 4318179.393, 67
Trd, 4318179.493, 85
Trd, 4318180.693, 131
Trd, 4318181.693, 134
Trd, 4318182.793, 106
Trd, 4318183.493, 135
Trd, 4318184.193, 121
Trd, 4318184.343, 120
Trd, 4318185.543, 123
Trd, 4318185.793, 113
Trd, 4318185.943, 124
Trd, 4318186.093, 104
Trd, 4318186.693, 136
Trd, 4318187.443, 109
Trd, 4318188.093, 107
Trd, 4318188.943, 109
Trd, 4318189.543, 129
Trd, 4318190.143, 94
Trd, 4318190.793, 105
Trd, 4318191.093, 83
Trd, 4318192.293, 67
Trd, 4318193.993, 115
Trd, 4318195.143, 100
Trd, 4318195.393, 108
Trd, 4318195.643, 107
Trd, 4318197.693, 76
Trd, 4318198.293, 64
Trd, 4318198.443, 92
Trd, 4318199.993, 96
Trd, 4318200.293, 97
Trd, 4318200.593, 94
Trd, 4318200.693, 92
Trd, 4318201.893, 98
Trd, 4318202.093, 89
Trd, 4318202.443, 139
Trd, 4318203.793, 71
Trd, 4318204.893, 120
Trd, 4318205.043, 119
Trd, 4318206.043, 119
Trd, 4318206.643, 76
Trd, 4318206.843, 89
Trd, 4318208.543, 96
Trd, 4318209.743, 75
Trd, 4318210.393, 75
Trd, 4318210.493, 83
Trd, 4318210.643, 61
Trd, 4318211.743, 117
Trd, 4318212.443, 60
Trd, 4318212.843, 111
Trd, 4318213.193, 113
Trd, 4318213.893, 104
Trd, 4318215.143, 79
Trd, 4318215.693, 94
Trd, 4318215.843, 102
Trd, 4318216.643, 122
Trd, 4318217.093, 119
Trd, 4318217.293, 110
Trd, 4318218.193, 79
Trd, 4318219.093, 122
Trd, 4318219.393, 106
Trd, 4318219.843, 109
Trd, 4318220.893, 105
Trd, 4318221.793, 107
Trd, 4318222.443, 102
Trd, 4318223.693, 138
Trd, 4318224.193, 123
Trd, 4318224.993, 114
Trd, 4318225.293, 121
Trd, 4318227.793, 115
Trd, 4318228.193, 106
Trd, 4318228.293, 106
Trd, 4318228.843, 75
Trd, 4318229.293, 124
Trd, 4318230.043, 134
Trd, 4318231.743, 118
Trd, 4318232.393, 111
Trd, 4318232.493, 105
Trd, 4318232.643, 105
Trd, 4318233.543, 94
Trd, 4318233.693, 82
Trd, 4318234.493, 114
Trd, 4318234.743, 119
Trd, 4318235.543, 120
Trd, 4318236.543, 118
Trd, 4318238.243, 79
Trd, 4318238.393, 77
Trd, 4318238.743, 100
Trd, 4318240.243, 68
Trd, 4318240.493, 88
Trd, 4318241.093, 81
Trd, 4318241.193, 76
Trd, 4318241.393, 83
Trd, 4318243.293, 111
Trd, 4318243.543, 97
Trd, 4318244.743, 93
Trd, 4318245.743, 69
Trd, 4318245.843, 66
Trd, 4318246.393, 101
Trd, 4318246.543, 125
Trd, 4318246.843, 75
Trd, 4318247.143, 76
Trd, 4318248.243, 74
Trd, 4318249.143, 88
Trd, 4318249.793, 102
Trd, 4318250.843, 125
Trd, 4318251.243, 133
Trd, 4318252.643, 128
Trd, 4318252.693, 127
Trd, 4318252.893, 104
Trd, 4318253.293, 113
Trd, 4318253.543, 101
Trd, 4318254.443, 133
Trd, 4318255.793, 131
Trd, 4318256.793, 125
Trd, 4318257.593, 130
Trd, 4318257.693, 124
Trd, 4318257.893, 86
Trd, 4318258.193, 139
Trd, 4318259.793, 71
Trd, 4318260.043, 84
Trd, 4318261.593, 84
Trd, 4318263.743, 68
Trd, 4318264.993, 75
Trd, 4318265.343, 134
Trd, 4318265.743, 133
Trd, 4318266.243, 85
Trd, 4318267.793, 84
Trd, 4318268.143, 99
Trd, 4318269.093, 87
Trd, 4318269.193, 120
Trd, 4318270.393, 137
Trd, 4318271.893, 106
Trd, 4318272.093, 85
Trd, 4318273.443, 107
Trd, 4318274.043, 94
Trd, 4318275.293, 97
Trd, 4318275.793, 114
Trd, 4318275.993, 129
Trd, 4318276.443, 114
Trd, 4318276.693, 100
Trd, 4318276.943, 100
Trd, 4318277.293, 94
Trd, 4318277.443, 135
Trd, 4318278.843, 130
Trd, 4318280.293, 74
Trd, 4318280.593, 74
Trd, 4318281.343, 123
Trd, 4318283.043, 108
Trd, 4318283.343, 102
Trd, 4318283.643, 93
Trd, 4318283.943, 93
Trd, 4318284.843, 122
Trd, 4318285.093, 74
Trd, 4318286.443, 114
Trd, 4318286.543, 63
Trd, 4318287.743, 62
Trd, 4318288.693, 60
Trd, 4318290.543, 84
Trd, 4318291.043, 98
Trd, 4318291.193, 107
Trd, 4318292.243, 73
Trd, 4318293.343, 70
Trd, 4318294.393, 71
Trd, 4318294.593, 90
Trd, 4318295.093, 82
Trd, 4318295.693, 128
Trd, 4318296.693, 104
Trd, 4318296.943, 103
Trd, 4318297.593, 127
Trd, 4318297.893, 125
Trd, 4318300.143, 95
Trd, 4318300.393, 92
Trd, 4318300.793, 78
Trd, 4318301.393, 138
Trd, 4318303.143, 106
Trd, 4318304.443, 102
Trd, 4318304.493, 97
Trd, 4318306.143, 108
Trd, 4318307.243, 90
Trd, 4318307.593, 92
Trd, 4318308.443, 126
Trd, 4318309.193, 103
Trd, 4318309.943, 127
Trd, 4318310.043, 126
Trd, 4318310.093, 118
Trd, 4318310.193, 101
Trd, 4318311.143, 97
Trd, 4318311.543, 90
Trd, 4318312.743, 112
Trd, 4318313.943, 116
Trd, 4318314.943, 106
Trd, 4318315.443, 90
Trd, 4318315.543, 87
Trd, 4318315.593, 85
Trd, 4318316.093, 86
Trd, 4318316.343, 103
Trd, 4318317.093, 110
Trd, 4318318.693, 102
Trd, 4318319.543, 123
Trd, 4318320.543, 69
Trd, 4318320.643, 87
Trd, 4318320.893, 101
Trd, 4318321.343, 127
Trd, 4318321.743, 100
Trd, 4318322.043, 98
Trd, 4318322.743, 94
Trd, 4318322.993, 119
Trd, 4318324.743, 64
Trd, 4318324.893, 86
Trd, 4318325.643, 79
Trd, 4318326.143, 67
Trd, 4318326.343, 87
Trd, 4318326.543, 70
Trd, 4318327.443, 68
Trd, 4318327.543, 96
Trd, 4318328.193, 105
Trd, 4318328.893, 102
Trd, 4318329.643, 111
Trd, 4318330.493, 115
Trd, 4318330.843, 72
Trd, 4318332.143, 121
Trd, 4318332.293, 96
Trd, 4318334.343, 77
Trd, 4318335.043, 131
Trd, 4318335.893, 130
Trd, 4318336.943, 128
Trd, 4318337.043, 120
Trd, 4318337.543, 118
Trd, 4318337.793, 111
Trd, 4318338.393, 130
Trd, 4318339.893, 134
Trd, 4318340.793, 134
Trd, 4318341.193, 121
Trd, 4318341.443, 83
Trd, 4318342.443, 128
Trd, 4318342.943, 124
Trd, 4318343.693, 116
Trd, 4318345.243, 126
Trd, 4318345.343, 117
Trd, 4318345.743, 112
Trd, 4318345.893, 109
Trd, 4318346.093, 103
Trd, 4318346.293, 130
Trd, 4318346.893, 136
Trd, 4318347.343, 87
Trd, 4318348.393, 132
Trd, 4318350.043, 102
Trd, 4318350.293, 110
Trd, 4318350.943, 100
Trd, 4318352.243, 139
Trd, 4318352.343, 130
Trd, 4318352.543, 88
Trd, 4318353.043, 84
Trd, 4318353.193, 115
Trd, 4318353.843, 84
Trd, 4318354.043, 84
Trd, 4318354.543, 75
Trd, 4318355.093, 85
Trd, 4318355.793, 67
Trd, 4318356.793, 81
Trd, 4318357.693, 102
Trd, 4318358.843, 77
Trd, 4318359.143, 107
Trd, 4318360.293, 75
Trd, 4318360.443, 73
Trd, 4318361.693, 73
Trd, 4318361.943, 83
Trd, 4318362.943, 123
Trd, 4318363.393, 111
Trd, 4318364.193, 128
Trd, 4318364.243, 66
Trd, 4318365.793, 120
Trd, 4318366.543, 120
Trd, 4318368.043, 86
Trd, 4318368.543, 62
Trd, 4318368.943, 65
Trd, 4318369.893, 95
Trd, 4318370.093, 93
Trd, 4318371.143, 132
Trd, 4318371.193, 62
Trd, 4318372.343, 62
Trd, 4318373.993, 112
Trd, 4318374.443, 87
Trd, 4318376.793, 84
Trd, 4318377.693, 70
Trd, 4318377.743, 72
Trd, 4318378.643, 77
Trd, 4318378.893, 100
Trd, 4318379.593, 102
Trd, 4318380.693, 85
Trd, 4318381.293, 117
Trd, 4318381.493, 113
Trd, 4318381.893, 78
Trd, 4318382.043, 92
Trd, 4318382.493, 78
Trd, 4318383.193, 76
Trd, 4318383.643, 62
Trd, 4318384.393, 81
Trd, 4318387.293, 90
Trd, 4318387.343, 92
Trd, 4318388.143, 93
Trd, 4318389.143, 86
Trd, 4318389.643, 78
Trd, 4318389.793, 62
Trd, 4318390.293, 61
Trd, 4318390.743, 120
Trd, 4318391.643, 90
Trd, 4318392.693, 61
Trd, 4318393.293, 73
Trd, 4318394.193, 63
Trd, 4318394.443, 60
Trd, 4318395.043, 103
Trd, 4318395.693, 92
Trd, 4318397.793, 94
Trd, 4318398.043, 92
Trd, 4318398.193, 92
Trd, 4318399.443, 139
Trd, 4318400.043, 123
Trd, 4318400.143, 101
Trd, 4318400.693, 97
Trd, 4318402.193, 84
Trd, 4318402.243, 75
Trd, 4318402.843, 125
Trd, 4318403.293, 64
Trd, 4318404.043, 99
Trd, 4318404.543, 115
Trd, 4318405.693, 74
Trd, 4318406.043, 133
Trd, 4318406.793, 108
Trd, 4318407.793, 108
Trd, 4318409.143, 72
Trd, 4318409.443, 70
Trd, 4318409.793, 108
Trd, 4318410.143, 114
Trd, 4318410.343, 66
Trd, 4318411.393, 72
Trd, 4318412.343, 94
Trd, 4318412.993, 103
Trd, 4318413.293, 88
Trd, 4318414.043, 114
Trd, 4318414.643, 108
Trd, 4318415.993, 106
Trd, 4318416.893, 119
Trd, 4318416.943, 102
Trd, 4318417.643, 108
Trd, 4318419.243, 134
Trd, 4318419.343, 113
Trd, 4318419.693, 108
Trd, 4318420.943, 114
Trd, 4318420.993, 73
Trd, 4318421.843, 61
Trd, 4318422.093, 71
Trd, 4318423.443, 86
Trd, 4318424.893, 77
Trd, 4318425.443, 82
Trd, 4318426.793, 140
Trd, 4318427.393, 123
Trd, 4318428.393, 107
Trd, 4318428.443, 106
Trd, 4318428.793, 103
Trd, 4318428.893, 125
Trd, 4318429.443, 98
Trd, 4318430.243, 70
Trd, 4318430.593, 129
Trd, 4318431.643, 127
Trd, 4318432.793, 87
Trd, 4318432.943, 81
Trd, 4318433.493, 61
Trd, 4318433.943, 137
Trd, 4318434.193, 131
Trd, 4318434.643, 83
Trd, 4318435.493, 122
Trd, 4318436.943, 66
Trd, 4318438.143, 62
Trd, 4318438.243, 69
Trd, 4318439.193, 84
Trd, 4318439.343, 94
Trd, 4318440.043, 84
Trd, 4318440.093, 114
Trd, 4318440.743, 139
Trd, 4318442.143, 89
Trd, 4318442.393, 81
Trd, 4318442.743, 113
Trd, 4318443.043, 104
Trd, 4318444.093, 117
Trd, 4318444.393, 100
Trd, 4318446.193, 96
Trd, 4318446.543, 100
Trd, 4318446.593, 93
Trd, 4318447.093, 104
Trd, 4318447.293, 111
Trd, 4318447.993, 88
Trd, 4318448.993, 60
Trd, 4318450.293, 63
Trd, 4318450.543, 84
Trd, 4318451.293, 73
Trd, 4318452.643, 81
Trd, 4318453.393, 136
Trd, 4318454.243, 89
Trd, 4318454.443, 86
Trd, 4318455.343, 117
Trd, 4318456.893, 99
Trd, 4318457.843, 120
Trd, 4318458.043, 108
Trd, 4318459.493, 99
Trd, 4318459.793, 77
Trd, 4318460.743, 116
Trd, 4318460.843, 63
Trd, 4318460.943, 127
Trd, 4318461.393, 80
Trd, 4318462.693, 71
Trd, 4318463.143, 62
Trd, 4318464.143, 70
Trd, 4318464.993, 120
Trd, 4318465.793, 111
Trd, 4318465.893, 95
Trd, 4318466.443, 89
Trd, 4318466.743, 77
Trd, 4318468.193, 65
Trd, 4318468.493, 67
Trd, 4318469.343, 104
Trd, 4318469.743, 136
Trd, 4318471.143, 140
Trd, 4318471.343, 116
Trd, 4318471.443, 114
Trd, 4318471.993, 103
Trd, 4318473.243, 118
Trd, 4318473.943, 117
Trd, 4318474.393, 100
Trd, 4318474.993, 116
Trd, 4318475.343, 103
Trd, 4318476.593, 112
Trd, 4318476.793, 100
Trd, 4318477.543, 86
Trd, 4318478.543, 67
Trd, 4318478.593, 84
Trd, 4318479.143, 103
Trd, 4318480.043, 78
Trd, 4318480.193, 65
Trd, 4318480.443, 97
Trd, 4318480.993, 105
Trd, 4318483.993, 133
Trd, 4318484.293, 124
Trd, 4318484.693, 106
Trd, 4318486.443, 138
Trd, 4318488.143, 138
Trd, 4318488.893, 137
Trd, 4318489.243, 129
Trd, 4318489.493, 130
Trd, 4318489.693, 126
Trd, 4318490.793, 132
Trd, 4318490.843, 117
Trd, 4318491.293, 93
Trd, 4318492.293, 122
Trd, 4318492.543, 121
Trd, 4318493.943, 67
Trd, 4318495.043, 104
Trd, 4318495.293, 81
Trd, 4318495.793, 76
Trd, 4318496.393, 64
Trd, 4318497.143, 108
Trd, 4318497.293, 109
Trd, 4318498.793, 113
Trd, 4318500.543, 108
Trd, 4318500.693, 101
Trd, 4318501.443, 66
Trd, 4318501.793, 116
Trd, 4318503.093, 89
Trd, 4318503.893, 77
Trd, 4318504.543, 137
Trd, 4318505.093, 134
Trd, 4318506.343, 110
Trd, 4318506.993, 97
Trd, 4318507.893, 107
Trd, 4318508.043, 97
Trd, 4318510.293, 60
Trd, 4318510.693, 88
Trd, 4318511.043, 102
Trd, 4318513.093, 71
Trd, 4318513.143, 78
Trd, 4318514.093, 74
Trd, 4318514.193, 71
Trd, 4318514.843, 62
Trd, 4318515.193, 61
Trd, 4318515.393, 72
Trd, 4318516.643, 85
Trd, 4318516.743, 87
Trd, 4318516.893, 85
Trd, 4318517.093, 87
Trd, 4318518.093, 89
Trd, 4318518.893, 113
Trd, 4318519.893, 66
Trd, 4318520.143, 65
Trd, 4318521.143, 67
Trd, 4318521.693, 88
Trd, 4318522.093, 66
Trd, 4318523.193, 70
Trd, 4318523.293, 67
Trd, 4318523.693, 92
Trd, 4318525.143, 74
Trd, 4318526.793, 126
Trd, 4318527.243, 111
Trd, 4318527.293, 99
Trd, 4318527.693, 136
Trd, 4318527.943, 95
Trd, 4318529.193, 96
Trd, 4318529.743, 84
Trd, 4318530.543, 104
Trd, 4318531.693, 123
Trd, 4318532.193, 138
Trd, 4318532.593, 105
Trd, 4318532.793, 98
Trd, 4318533.193, 96
Trd, 4318534.043, 139
Trd, 4318534.743, 138
Trd, 4318536.993, 108
Trd, 4318537.143, 119
Trd, 4318537.243, 121
Trd, 4318538.843, 118
Trd, 4318539.193, 105
Trd, 4318539.593, 137
Trd, 4318541.493, 97
Trd, 4318542.693, 108
Trd, 4318543.193, 62
Trd, 4318544.343, 130
Trd, 4318545.593, 116
Trd, 4318546.243, 110
Trd, 4318547.093, 134
Trd, 4318547.393, 140
Trd, 4318547.793, 124
Trd, 4318548.043, 102
Trd, 4318549.393, 85
Trd, 4318549.843, 86
Trd, 4318550.893, 124
Trd, 4318552.593, 118
Trd, 4318552.893, 133
Trd, 4318553.043, 106
Trd, 4318553.243, 117
Trd, 4318553.843, 95
Trd, 4318554.093, 115
Trd, 4318554.693, 95
Trd, 4318555.043, 89
Trd, 4318555.243, 84
Trd, 4318555.893, 73
Trd, 4318557.693, 131
Trd, 4318558.093, 128
Trd, 4318558.643, 96
Trd, 4318559.443, 120
Trd, 4318560.093, 126
Trd, 4318560.193, 119
Trd, 4318560.793, 124
Trd, 4318561.393, 111
Trd, 4318561.643, 92
Trd, 4318561.843, 131
Trd, 4318562.943, 72
Trd, 4318563.443, 65
Trd, 4318564.243, 118
Trd, 4318565.543, 131
Trd, 4318566.193, 71
Trd, 4318566.943, 65
Trd, 4318566.993, 72
Trd, 4318567.593, 87
Trd, 4318568.093, 97
Trd, 4318569.493, 95
Trd, 4318570.193, 114
Trd, 4318570.393, 121
Trd, 4318570.493, 75
Trd, 4318571.343, 99
Trd, 4318572.293, 94
Trd, 4318572.593, 79
Trd, 4318575.893, 131
Trd, 4318575.993, 126
Trd, 4318576.393, 129
Trd, 4318576.693, 116
Trd, 4318577.593, 140
Trd, 4318577.793, 95
Trd, 4318578.593, 95
Trd, 4318578.843, 95
Trd, 4318579.793, 123
Trd, 4318581.293, 134
Trd, 4318581.493, 139
Trd, 4318582.193, 126
Trd, 4318582.843, 106
Trd, 4318584.193, 123
Trd, 4318584.743, 134
Trd, 4318585.193, 133
Trd, 4318585.893, 124
Trd, 4318586.143, 133
Trd, 4318587.143, 92
Trd, 4318587.643, 108
Trd, 4318588.093, 75
Trd, 4318589.143, 139
Trd, 4318590.143, 136
Trd, 4318590.343, 101
Trd, 4318591.893, 83
Trd, 4318592.293, 108
Trd, 4318593.093, 100
Trd, 4318593.243, 100
Trd, 4318594.843, 85
Trd, 4318595.043, 74
Trd, 4318596.193, 139
Trd, 4318597.093, 110
Trd, 4318597.243, 105
Trd, 4318598.043, 137
Trd, 4318598.493, 112
Trd, 4318598.743, 98
Trd, 4318599.243, 99
Trd, 4318599.793, 139
Trd, 4318600.193, 137
Trd, 4318600.743, 119
Trd, 4318602.393, 84
Trd, 4318604.743, 81
Trd, 4318605.293, 63
Trd, 4318605.543, 76
Trd, 4318606.293, 65
Trd, 4318608.693, 76
Trd, 4318609.543, 66
Trd, 4318610.093, 78
Trd, 4318610.443, 62
Trd, 4318610.693, 92
Trd, 4318611.893, 63
Trd, 4318613.043, 83
Trd, 4318613.943, 80
Trd, 4318615.293, 97
Trd, 4318615.693, 97
Trd, 4318616.693, 96
Trd, 4318616.843, 113
Trd, 4318617.293, 103
Trd, 4318617.393, 73
Trd, 4318617.443, 67
Trd, 4318618.493, 96
Trd, 4318619.293, 139
Trd, 4318619.543, 117
Trd, 4318620.793, 108
Trd, 4318621.043, 121
Trd, 4318621.243, 106
Trd, 4318622.493, 100
Trd, 4318622.793, 108
Trd, 4318623.893, 73
Trd, 4318624.143, 75
Trd, 4318625.343, 69
Trd, 4318625.743, 63
Trd, 4318626.293, 117
Trd, 4318626.543, 101
Trd, 4318628.493, 87
Trd, 4318628.743, 90
Trd, 4318628.793, 86
Trd, 4318629.093, 71
Trd, 4318629.443, 75
Trd, 4318631.693, 107
Trd, 4318631.943, 98
Trd, 4318632.043, 83
Trd, 4318632.793, 89
Trd, 4318632.843, 92
Trd, 4318634.093, 104
Trd, 4318634.543, 133
Trd, 4318634.843, 120
Trd, 4318636.143, 130
Trd, 4318636.193, 81
Trd, 4318636.293, 76
Trd, 4318637.393, 136
Trd, 4318637.593, 127
Trd, 4318638.143, 101
Trd, 4318638.743, 88
Trd, 4318639.543, 103
Trd, 4318641.043, 83
Trd, 4318641.593, 76
Trd, 4318641.693, 103
Trd, 4318642.593, 135
Trd, 4318642.643, 127
Trd, 4318643.343, 72
Trd, 4318643.793, 66
Trd, 4318644.143, 70
Trd, 4318644.243, 71
Trd, 4318645.393, 140
Trd, 4318645.543, 137
Trd, 4318645.893, 127
Trd, 4318645.943, 90
Trd, 4318646.143, 131
Trd, 4318647.743, 101
Trd, 4318648.493, 90
Trd, 4318649.243, 127
Trd, 4318649.643, 119
Trd, 4318650.193, 123
Trd, 4318650.343, 94
Trd, 4318651.693, 68
Trd, 4318652.043, 116
Trd, 4318652.893, 82
Trd, 4318653.743, 97
Trd, 4318656.043, 114
Trd, 4318656.293, 112
Trd, 4318656.743, 110
Trd, 4318657.243, 132
Trd, 4318657.593, 105
Trd, 4318658.943, 103
Trd, 4318659.443, 136
Trd, 4318659.793, 106
Trd, 4318660.693, 116
Trd, 4318661.893, 89
Trd, 4318662.243, 68
Trd, 4318662.893, 70
Trd, 4318664.043, 87
Trd, 4318664.793, 68
Trd, 4318665.393, 107
Trd, 4318665.543, 113
Trd, 4318666.843, 98
Trd, 4318667.743, 99
Trd, 4318668.443, 111
Trd, 4318668.493, 104
Trd, 4318669.743, 98
Trd, 4318669.943, 92
Trd, 4318670.593, 112
Trd, 4318671.593, 104
Trd, 4318672.293, 89
Trd, 4318673.143, 61
Trd, 4318673.643, 76
Trd, 4318674.143, 70
Trd, 4318674.993, 68
Trd, 4318675.693, 116
Trd, 4318676.143, 70
Trd, 4318676.243, 84
Trd, 4318677.293, 84
Trd, 4318678.043, 138
Trd, 4318678.543, 84
Trd, 4318678.593, 134
Trd, 4318679.693, 68
Trd, 4318680.693, 78
Trd, 4318681.143, 120
Trd, 4318682.443, 80
Trd, 4318683.043, 101
Trd, 4318683.343, 87
Trd, 4318683.843, 75
Trd, 4318684.093, 100
Trd, 4318684.843, 97
Trd, 4318687.093, 94
Trd, 4318688.293, 97
Trd, 4318688.743, 140
Trd, 4318689.443, 86
Trd, 4318690.043, 80
Trd, 4318690.843, 129
Trd, 4318691.093, 100
Trd, 4318692.393, 67
Trd, 4318693.743, 86
Trd, 4318694.043, 76
Trd, 4318694.193, 92
Trd, 4318694.493, 92
Trd, 4318695.543, 77
Trd, 4318695.943, 73
Trd, 4318696.143, 74
Trd, 4318697.393, 68
Trd, 4318698.193, 70
Trd, 4318699.143, 136
Trd, 4318699.543, 103
Trd, 4318700.043, 102
Trd, 4318700.743, 103
Trd, 4318701.643, 139
Trd, 4318702.643, 128
Trd, 4318702.943, 100
Trd, 4318703.693, 121
Trd, 4318703.743, 104
Trd, 4318704.643, 132
Trd, 4318705.443, 110
Trd, 4318705.543, 102
Trd, 4318706.743, 99
Trd, 4318706.993, 71
Trd, 4318707.143, 75
Trd, 4318708.093, 75
Trd, 4318708.493, 75
Trd, 4318709.093, 76
Trd, 4318709.143, 80
Trd, 4318709.343, 74
Trd, 4318710.543, 128
Trd, 4318711.693, 134
Trd, 4318711.793, 100
Trd, 4318712.393, 135
Trd, 4318712.443, 123
Trd, 4318714.143, 138
Trd, 4318714.543, 109
Trd, 4318715.893, 123
Trd, 4318716.343, 113
Trd, 4318716.793, 88
Trd, 4318717.493, 86
Trd, 4318718.693, 134
Trd, 4318718.893, 104
Trd, 4318719.793, 77
Trd, 4318720.043, 74
Trd, 4318720.243, 86
Trd, 4318721.493, 79
Trd, 4318722.443, 72
Trd, 4318722.943, 96
Trd, 4318723.693, 80
Trd, 4318723.943, 74
Trd, 4318724.493, 74
Trd, 4318724.943, 100
Trd, 4318725.543, 63
Trd, 4318726.393, 103
Trd, 4318726.843, 97
Trd, 4318727.043, 94
Trd, 4318727.193, 95
Trd, 4318728.193, 106
Trd, 4318728.743, 90
Trd, 4318729.443, 107
Trd, 4318730.193, 136
Trd, 4318730.643, 83
Trd, 4318731.793, 84
Trd, 4318732.893, 87
Trd, 4318733.393, 78
Trd, 4318734.043, 114
Trd, 4318734.393, 112
Trd, 4318735.243, 103
Trd, 4318736.743, 89
Trd, 4318737.643, 83
Trd, 4318738.143, 66
Trd, 4318738.243, 111
Trd, 4318738.693, 88
Trd, 4318739.093, 126
Trd, 4318739.743, 60
Trd, 4318740.843, 110
Trd, 4318742.493, 116
Trd, 4318743.593, 97
Trd, 4318743.843, 100
Trd, 4318743.893, 115
Trd, 4318744.443, 110
Trd, 4318744.643, 111
Trd, 4318744.693, 95
Trd, 4318746.043, 66
Trd, 4318747.093, 69
Trd, 4318748.043, 84
Trd, 4318748.143, 98
Trd, 4318748.993, 70
Trd, 4318749.793, 70
Trd, 4318750.043, 70
Trd, 4318750.193, 73
Trd, 4318750.593, 76
Trd, 4318751.043, 105
Trd, 4318751.743, 104
Trd, 4318751.993, 72
Trd, 4318753.593, 135
Trd, 4318753.943, 117
Trd, 4318754.993, 108
Trd, 4318755.493, 93
Trd, 4318757.743, 132
Trd, 4318758.093, 96
Trd, 4318758.993, 125
Trd, 4318759.943, 139
Trd, 4318760.293, 86
Trd, 4318760.693, 85
Trd, 4318761.443, 84
Trd, 4318762.543, 113
Trd, 4318762.943, 84
Trd, 4318763.193, 104
Trd, 4318764.043, 88
Trd, 4318764.393, 97
Trd, 4318764.943, 85
Trd, 4318765.143, 129
Trd, 4318767.043, 117
Trd, 4318767.543, 116
Trd, 4318767.593, 108
Trd, 4318770.193, 126
Trd, 4318770.543, 103
Trd, 4318771.143, 118
Trd, 4318771.193, 109
Trd, 4318772.143, 103
Trd, 4318772.793, 64
Trd, 4318773.693, 86
Trd, 4318773.843, 92
Trd, 4318774.493, 136
Trd, 4318775.743, 116
Trd, 4318775.843, 115
Trd, 4318776.843, 113
Trd, 4318777.143, 89
Trd, 4318778.243, 84
Trd, 4318778.943, 83
Trd, 4318779.043, 73
Trd, 4318780.893, 78
Trd, 4318781.243, 117
Trd, 4318782.993, 127
Trd, 4318783.043, 119
Trd, 4318783.393, 99
Trd, 4318783.743, 93
Trd, 4318784.493, 107
Trd, 4318785.593, 125
Trd, 4318785.743, 124
Trd, 4318786.593, 117
Trd, 4318787.793, 136
Trd, 4318787.993, 119
Trd, 4318788.393, 119
Trd, 4318788.593, 92
Trd, 4318789.443, 88
Trd, 4318789.843, 137
Trd, 4318790.793, 90
Trd, 4318791.893, 120
Trd, 4318791.943, 111
Trd, 4318793.343, 134
Trd, 4318794.093, 126
Trd, 4318794.943, 110
Trd, 4318796.443, 123
Trd, 4318796.993, 127
Trd, 4318797.543, 122
Trd, 4318798.293, 126
Trd, 4318799.243, 118
Trd, 4318799.343, 116
Trd, 4318799.943, 105
Trd, 4318800.043, 94
Trd, 4318800.493, 115
Trd, 4318800.543, 93
Trd, 4318801.343, 136
Trd, 4318802.393, 81
Trd, 4318802.543, 74
Trd, 4318802.843, 109
Trd, 4318803.393, 107
Trd, 4318805.043, 129
Trd, 4318806.193, 119
Trd, 4318807.493, 118
Trd, 4318807.593, 110
Trd, 4318807.793, 129
Trd, 4318807.843, 91
Trd, 4318809.043, 111
Trd, 4318809.693, 118
Trd, 4318810.593, 98
Trd, 4318810.693, 83
Trd, 4318811.593, 62
Trd, 4318812.493, 86
Trd, 4318812.743, 88
Trd, 4318812.843, 89
Trd, 4318812.943, 74
Trd, 4318813.943, 120
Trd, 4318814.493, 65
Trd, 4318815.143, 67
Trd, 4318816.543, 73
Trd, 4318816.943, 71
Trd, 4318817.243, 77
Trd, 4318817.893, 104
Trd, 4318818.593, 68
Trd, 4318819.643, 89
Trd, 4318820.143, 91
Trd, 4318820.843, 136
Trd, 4318820.993, 77
Trd, 4318821.793, 103
Trd, 4318822.243, 87
Trd, 4318822.343, 76
Trd, 4318823.243, 82
Trd, 4318824.343, 82
Trd, 4318825.343, 92
Trd, 4318825.493, 97
Trd, 4318825.993, 61
Trd, 4318826.593, 69
Trd, 4318827.743, 83
Trd, 4318828.693, 88
Trd, 4318829.543, 115
Trd, 4318829.743, 122
Trd, 4318829.893, 93
Trd, 4318830.743, 91
Trd, 4318831.293, 73
Trd, 4318831.343, 73
Trd, 4318834.543, 119
Trd, 4318834.693, 112
Trd, 4318834.993, 71
Trd, 4318835.143, 84
Trd, 4318836.443, 67
Trd, 4318836.643, 82
Trd, 4318837.393, 123
Trd, 4318837.743, 109
Trd, 4318839.143, 87
Trd, 4318840.293, 60
Trd, 4318842.043, 86
Trd, 4318842.593, 68
Trd, 4318843.193, 104
Trd, 4318844.043, 140
Trd, 4318844.493, 119
Trd, 4318845.043, 89
Trd, 4318845.143, 75
Trd, 4318846.293, 86
Trd, 4318846.793, 80
Trd, 4318848.343, 86
Trd, 4318848.943, 96
Trd, 4318849.743, 70
Trd, 4318850.093, 77
Trd, 4318851.843, 138
Trd, 4318852.443, 117
Trd, 4318852.893, 94
Trd, 4318853.143, 98
Trd, 4318853.493, 99
Trd, 4318854.243, 95
Trd, 4318854.393, 81
Trd, 4318854.743, 92
Trd, 4318856.643, 73
Trd, 4318857.293, 73
Trd, 4318857.443, 95
Trd, 4318858.143, 93
Trd, 4318858.443, 86
Trd, 4318859.543, 68
Trd, 4318861.443, 73
Trd, 4318862.143, 88
Trd, 4318862.293, 92
Trd, 4318863.943, 66
Trd, 4318864.993, 70
Trd, 4318865.193, 106
Trd, 4318865.593, 135
Trd, 4318866.443, 100
Trd, 4318867.393, 68
Trd, 4318867.493, 68
Trd, 4318867.793, 77
Trd, 4318869.393, 124
Trd, 4318869.643, 129
Trd, 4318869.793, 116
Trd, 4318870.043, 105
Trd, 4318870.743, 64
Trd, 4318870.893, 65
Trd, 4318872.443, 135
Trd, 4318874.893, 104
Trd, 4318874.993, 105
Trd, 4318875.743, 75
Trd, 4318876.693, 71
Trd, 4318877.243, 65
Trd, 4318877.743, 65
Trd, 4318878.843, 89
Trd, 4318879.143, 122
Trd, 4318879.493, 110
Trd, 4318880.243, 118
Trd, 4318880.793, 116
Trd, 4318881.093, 121
Trd, 4318882.393, 109
Trd, 4318883.693, 140
Trd, 4318883.743, 131
Trd, 4318883.993, 100
Trd, 4318884.093, 72
Trd, 4318885.143, 122
Trd, 4318886.143, 82
Trd, 4318886.393, 88
Trd, 4318887.993, 76
Trd, 4318888.143, 107
Trd, 4318889.443, 92
Trd, 4318890.443, 84
Trd, 4318891.743, 138
Trd, 4318891.993, 107
Trd, 4318892.293, 105
Trd, 4318892.443, 103
Trd, 4318893.093, 98
Trd, 4318893.993, 61
Trd, 4318894.143, 64
Trd, 4318896.443, 110
Trd, 4318896.793, 65
Trd, 4318897.343, 88
Trd, 4318898.093, 72
Trd, 4318898.143, 69
Trd, 4318898.693, 92
Trd, 4318899.343, 88
Trd, 4318899.693, 88
Trd, 4318899.943, 99
Trd, 4318901.093, 102
Trd, 4318902.593, 121
Trd, 4318902.743, 113
Trd, 4318903.043, 108
Trd, 4318904.193, 93
Trd, 4318904.443, 71
Trd, 4318905.443, 92
Trd, 4318905.793, 84
Trd, 4318906.643, 71
Trd, 4318906.893, 109
Trd, 4318909.143, 138
Trd, 4318909.593, 140
Trd, 4318909.643, 122
Trd, 4318909.693, 121
Trd, 4318910.043, 98
Trd, 4318913.293, 80
Trd, 4318913.343, 77
Trd, 4318914.243, 65
Trd, 4318914.343, 73
Trd, 4318914.943, 90
Trd, 4318915.493, 87
Trd, 4318916.293, 83
Trd, 4318917.143, 135
Trd, 4318917.243, 124
Trd, 4318918.393, 60
Trd, 4318918.893, 100
Trd, 4318920.293, 121
Trd, 4318920.943, 122
Trd, 4318921.693, 114
Trd, 4318921.793, 113
Trd, 4318922.393, 70
Trd, 4318923.193, 79
Trd, 4318923.843, 95
Trd, 4318924.743, 97
Trd, 4318926.143, 94
Trd, 4318926.443, 94
Trd, 4318926.893, 87
Trd, 4318927.293, 79
Trd, 4318928.493, 127
Trd, 4318928.543, 126
Trd, 4318928.943, 99
Trd, 4318929.343, 69
Trd, 4318931.543, 77
Trd, 4318931.993, 101
Trd, 4318932.293, 82
Trd, 4318933.643, 107
Trd, 4318933.793, 88
Trd, 4318933.893, 81
Trd, 4318935.293, 138
Trd, 4318936.343, 99
Trd, 4318936.743, 90
Trd, 4318936.893, 89
Trd, 4318938.243, 118
Trd, 4318938.593, 117
Trd, 4318938.643, 114
Trd, 4318939.743, 100
Trd, 4318940.493, 135
Trd, 4318942.443, 75
Trd, 4318943.493, 76
Trd, 4318943.893, 74
Trd, 4318943.993, 70
Trd, 4318944.443, 71
Trd, 4318944.793, 67
Trd, 4318945.943, 76
Trd, 4318946.243, 127
Trd, 4318947.643, 84
Trd, 4318948.443, 81
Trd, 4318948.693, 76
Trd, 4318949.343, 67
Trd, 4318949.693, 99
Trd, 4318949.793, 68
Trd, 4318950.893, 77
Trd, 4318951.543, 86
Trd, 4318953.793, 113
Trd, 4318953.843, 109
Trd, 4318955.393, 113
Trd, 4318955.443, 110
Trd, 4318955.743, 109
Trd, 4318955.993, 104
Trd, 4318956.493, 68
Trd, 4318957.443, 60
Trd, 4318958.743, 108
Trd, 4318958.943, 101
Trd, 4318959.343, 105
Trd, 4318961.143, 136
Trd, 4318962.193, 120
Trd, 4318962.343, 109
Trd, 4318963.443, 109
Trd, 4318963.943, 118
Trd, 4318965.543, 126
Trd, 4318965.993, 111
Trd, 4318966.193, 110
Trd, 4318966.493, 138
Trd, 4318966.543, 130
Trd, 4318966.593, 104
Trd, 4318967.493, 91
Trd, 4318968.093, 106
Trd, 4318968.943, 84
Trd, 4318969.443, 81
Trd, 4318970.143, 81
Trd, 4318971.193, 88
Trd, 4318971.293, 91
Trd, 4318972.593, 85
Trd, 4318972.993, 85
Trd, 4318976.393, 100
Trd, 4318976.643, 106
Trd, 4318977.543, 104
Trd, 4318977.843, 125
Trd, 4318978.843, 106
Trd, 4318979.293, 105
Trd, 4318980.343, 103
Trd, 4318980.543, 89
Trd, 4318982.143, 110
Trd, 4318982.693, 107
Trd, 4318985.093, 113
Trd, 4318985.843, 100
Trd, 4318986.343, 99
Trd, 4318986.993, 132
Trd, 4318987.043, 93
Trd, 4318988.443, 94
Trd, 4318989.043, 140
Trd, 4318989.793, 138
Trd, 4318990.493, 130
Trd, 4318990.643, 109
Trd, 4318990.793, 119
Trd, 4318991.493, 102
Trd, 4318991.743, 101
Trd, 4318992.043, 100
Trd, 4318992.393, 77
Trd, 4318994.143, 104
Trd, 4318994.393, 134
Trd, 4318995.093, 132
Trd, 4318995.743, 126
Trd, 4318996.793, 134
Trd, 4318996.843, 103
Trd, 4318997.593, 76
Trd, 4318997.943, 100
Trd, 4318999.043, 92
Trd, 4318999.493, 69
Trd, 4319000.693, 138
Trd, 4319000.893, 127
Trd, 4319001.043, 126
Trd, 4319002.343, 139
Trd, 4319002.743, 94
Trd, 4319004.293, 137
Trd, 4319006.143, 136
Trd, 4319006.593, 128
Trd, 4319007.143, 91
Trd, 4319007.693, 105
Trd, 4319007.843, 89
Trd, 4319009.243, 106
Trd, 4319009.793, 112
Trd, 4319010.243, 111
Trd, 4319010.293, 113
Trd, 4319010.643, 117
Trd, 4319011.293, 138
Trd, 4319011.493, 100
Trd, 4319011.943, 103
Trd, 4319012.243, 120
Trd, 4319013.343, 109
Trd, 4319013.943, 96
Trd, 4319014.143, 92
Trd, 4319014.693, 123
Trd, 4319015.093, 81
Trd, 4319017.193, 63
Trd, 4319017.943, 61
Trd, 4319019.193, 64
Trd, 4319019.743, 69
Trd, 4319020.493, 120
Trd, 4319020.693, 119
Trd, 4319021.393, 108
Trd, 4319021.593, 88
Trd, 4319022.993, 81
Trd, 4319023.143, 100
Trd, 4319026.093, 79
Trd, 4319027.293, 61
Trd, 4319027.493, 80
Trd, 4319027.593, 86
Trd, 4319028.343, 85
Trd, 4319029.493, 117
Trd, 4319029.793, 112
Trd, 4319030.943, 133
Trd, 4319031.043, 131
Trd, 4319031.793, 125
Trd, 4319032.293, 125
Trd, 4319032.443, 126
Trd, 4319032.643, 93
Trd, 4319033.493, 137
Trd, 4319034.343, 113
Trd, 4319034.543, 90
Trd, 4319034.993, 98
Trd, 4319035.643, 138
Trd, 4319035.993, 89
Trd, 4319038.143, 101
Trd, 4319039.043, 75
Trd, 4319040.243, 89
Trd, 4319040.743, 100
Trd, 4319041.193, 69
Trd, 4319041.993, 75
Trd, 4319042.043, 94
Trd, 4319042.293, 109
Trd, 4319043.243, 65
Trd, 4319044.743, 60
Trd, 4319044.793, 64
Trd, 4319045.993, 60
Trd, 4319046.393, 62
Trd, 4319047.643, 82
Trd, 4319047.693, 82
Trd, 4319048.093, 105
Trd, 4319050.993, 60
Trd, 4319051.043, 60
Trd, 4319051.293, 76
Trd, 4319051.643, 73
Trd, 4319052.043, 129
Trd, 4319053.293, 103
Trd, 4319054.593, 124
Trd, 4319055.593, 127
Trd, 4319055.743, 120
Trd, 4319056.193, 98
Trd, 4319057.143, 97
Trd, 4319057.393, 123
Trd, 4319058.393, 90
Trd, 4319059.143, 110
Trd, 4319059.643, 108
Trd, 4319059.843, 129
Trd, 4319060.643, 84
Trd, 4319060.743, 96
Trd, 4319060.993, 80
Trd, 4319063.043, 139
Trd, 4319064.193, 83
Trd, 4319064.693, 84
Trd, 4319065.343, 95
Trd, 4319065.543, 85
Trd, 4319067.093, 112
Trd, 4319067.793, 96
Trd, 4319068.293, 90
Trd, 4319068.693, 105
Trd, 4319069.093, 75
Trd, 4319069.793, 65
Trd, 4319070.943, 87
Trd, 4319071.043, 71
Trd, 4319071.143, 88
Trd, 4319072.643, 66
Trd, 4319073.043, 69
Trd, 4319073.893, 98
Trd, 4319074.643, 71
Trd, 4319076.793, 99
Trd, 4319076.893, 98
Trd, 4319077.743, 73
Trd, 4319077.993, 82
Trd, 4319078.493, 64
Trd, 4319080.443, 107
Trd, 4319080.943, 137
Trd, 4319081.193, 128
Trd, 4319082.293, 131
Trd, 4319083.743, 133
Trd, 4319083.793, 132
Trd, 4319083.993, 106
Trd, 4319084.393, 100
Trd, 4319084.643, 81
Trd, 4319086.843, 112
Trd, 4319087.893, 109
Trd, 4319087.943, 103
Trd, 4319088.043, 98
Trd, 4319088.143, 86
Trd, 4319089.893, 131
Trd, 4319090.243, 128
Trd, 4319091.843, 69
Trd, 4319092.293, 73
Trd, 4319093.193, 83
Trd, 4319093.693, 65
Trd, 4319094.643, 76
Trd, 4319095.193, 105
Trd, 4319096.543, 72
Trd, 4319097.043, 67
Trd, 4319097.543, 64
Trd, 4319097.593, 63
Trd, 4319098.943, 69
Trd, 4319098.993, 83
Trd, 4319099.543, 100
Trd, 4319100.643, 64
Trd, 4319101.843, 84
Trd, 4319102.193, 112
Trd, 4319102.843, 83
Trd, 4319103.243, 133
Trd, 4319103.993, 89
Trd, 4319105.043, 140
Trd, 4319105.593, 121
Trd, 4319106.843, 122
Trd, 4319107.493, 126
Trd, 4319107.593, 118
Trd, 4319109.043, 86
Trd, 4319109.343, 88
Trd, 4319109.393, 78
Trd, 4319109.493, 77
Trd, 4319110.143, 131
Trd, 4319110.643, 130
Trd, 4319110.943, 117
Trd, 4319111.593, 103
Trd, 4319113.593, 84
Trd, 4319113.943, 71
Trd, 4319115.293, 89
Trd, 4319116.243, 99
Trd, 4319116.593, 99
Trd, 4319117.243, 84
Trd, 4319117.293, 98
Trd, 4319118.643, 94
Trd, 4319119.643, 106
Trd, 4319121.143, 138
Trd, 4319121.393, 137
Trd, 4319122.093, 129
Trd, 4319122.393, 121
Trd, 4319123.143, 98
Trd, 4319123.343, 124
Trd, 4319123.793, 137
Trd, 4319124.993, 109
Trd, 4319125.893, 107
Trd, 4319126.193, 89
Trd, 4319127.293, 140
Trd, 4319127.493, 140
Trd, 4319128.143, 89
Trd, 4319128.743, 83
Trd, 4319130.093, 139
Trd, 4319130.493, 128
Trd, 4319131.693, 127
Trd, 4319132.043, 119
Trd, 4319132.093, 119
Trd, 4319133.643, 103
Trd, 4319133.743, 102
Trd, 4319133.893, 115
Trd, 4319134.143, 94
Trd, 4319134.893, 83
Trd, 4319135.443, 78
Trd, 4319136.293, 106
Trd, 4319137.043, 82
Trd, 4319138.743, 120
Trd, 4319138.943, 119
Trd, 4319139.493, 130
Trd, 4319139.593, 124
Trd, 4319140.143, 136
Trd, 4319140.693, 136
Trd, 4319140.793, 129
Trd, 4319141.193, 111
Trd, 4319141.543, 105
Trd, 4319142.993, 82
Trd, 4319144.143, 85
Trd, 4319144.743, 84
Trd, 4319144.893, 72
Trd, 4319146.643, 100
Trd, 4319146.943, 106
Trd, 4319147.943, 95
Trd, 4319148.443, 102
Trd, 4319148.493, 93
Trd, 4319148.893, 102
Trd, 4319150.593, 101
Trd, 4319151.343, 130
Trd, 4319151.543, 120
Trd, 4319152.143, 113
Trd, 4319152.293, 99
Trd, 4319154.093, 129
Trd, 4319154.393, 109
Trd, 4319155.243, 134
Trd, 4319155.443, 98
Trd, 4319156.393, 112
Trd, 4319156.493, 93
Trd, 4319158.143, 68
Trd, 4319158.643, 94
Trd, 4319159.593, 72
Trd, 4319159.793, 97
Trd, 4319160.543, 115
Trd, 4319161.393, 62
Trd, 4319161.443, 79
Trd, 4319161.993, 89
Trd, 4319163.143, 119
Trd, 4319163.843, 97
Trd, 4319165.243, 79
Trd, 4319166.493, 110
Trd, 4319166.743, 72
Trd, 4319167.493, 105
Trd, 4319168.443, 69
Trd, 4319168.893, 68
Trd, 4319168.943, 119
Trd, 4319169.343, 95
Trd, 4319170.943, 105
Trd, 4319171.693, 82
Trd, 4319172.693, 119
Trd, 4319173.543, 68
Trd, 4319174.393, 84
Trd, 4319175.043, 80
Trd, 4319175.293, 99
Trd, 4319176.643, 115
Trd, 4319177.293, 111
Trd, 4319177.643, 105
Trd, 4319178.643, 73
Trd, 4319178.843, 103
Trd, 4319179.343, 61
Trd, 4319179.543, 124
Trd, 4319180.093, 90
Trd, 4319180.393, 69
Trd, 4319182.143, 116
Trd, 4319182.443, 106
Trd, 4319182.643, 88
Trd, 4319182.943, 137
Trd, 4319183.093, 80
Trd, 4319184.343, 82
Trd, 4319184.643, 98
Trd, 4319185.393, 70
Trd, 4319187.293, 88
Trd, 4319187.743, 106
Trd, 4319188.193, 70
Trd, 4319188.843, 116
Trd, 4319189.243, 79
Trd, 4319189.693, 87
Trd, 4319190.293, 76
Trd, 4319190.443, 108
Trd, 4319190.893, 64
Trd, 4319191.843, 103
Trd, 4319192.143, 79
Trd, 4319192.343, 124
Trd, 4319193.693, 133
Trd, 4319193.793, 116
Trd, 4319195.143, 133
Trd, 4319195.393, 91
Trd, 4319195.693, 107
Trd, 4319195.943, 86
Trd, 4319197.843, 85
Trd, 4319198.443, 61
Trd, 4319198.643, 85
Trd, 4319200.043, 113
Trd, 4319201.143, 97
Trd, 4319201.593, 135
Trd, 4319202.493, 132
Trd, 4319203.143, 129
Trd, 4319203.643, 128
Trd, 4319203.793, 95
Trd, 4319204.593, 126
Trd, 4319204.643, 118
Trd, 4319204.943, 92
Trd, 4319206.543, 117
Trd, 4319206.743, 104
Trd, 4319207.443, 90
Trd, 4319208.243, 101
Trd, 4319208.393, 107
Trd, 4319209.993, 136
Trd, 4319210.743, 118
Trd, 4319212.043, 102
Trd, 4319212.143, 117
Trd, 4319213.443, 109
Trd, 4319213.843, 103
Trd, 4319214.693, 117
Trd, 4319214.893, 98
Trd, 4319215.143, 121
Trd, 4319217.193, 89
Trd, 4319217.943, 124
Trd, 4319217.993, 128
Trd, 4319218.043, 117
Trd, 4319218.093, 103
Trd, 4319218.543, 89
Trd, 4319219.743, 77
Trd, 4319221.943, 68
Trd, 4319224.943, 60
Trd, 4319225.343, 63
Trd, 4319225.943, 100
Trd, 4319226.843, 76
Trd, 4319227.143, 71
Trd, 4319227.393, 94
Trd, 4319227.643, 64
Trd, 4319228.143, 73
Trd, 4319229.193, 132
Trd, 4319230.643, 86
Trd, 4319230.843, 81
Trd, 4319232.293, 105
Trd, 4319232.443, 100
Trd, 4319232.693, 90
Trd, 4319233.943, 90
Trd, 4319235.393, 88
Trd, 4319235.693, 80
Trd, 4319236.593, 116
Trd, 4319236.943, 132
Trd, 4319237.943, 139
Trd, 4319238.193, 91
Trd, 4319239.693, 68
Trd, 4319241.993, 87
Trd, 4319243.043, 81
Trd, 4319243.143, 66
Trd, 4319243.493, 67
Trd, 4319243.693, 109
Trd, 4319243.843, 80
Trd, 4319244.493, 95
Trd, 4319244.943, 115
Trd, 4319245.293, 75
Trd, 4319245.393, 70
Trd, 4319246.443, 79
Trd, 4319247.743, 121
Trd, 4319247.793, 78
Trd, 4319249.293, 91
Trd, 4319249.993, 135
Trd, 4319250.843, 108
Trd, 4319251.093, 98
Trd, 4319251.943, 98
Trd, 4319252.093, 93
Trd, 4319252.843, 128
Trd, 4319254.543, 89
Trd, 4319255.343, 85
Trd, 4319255.893, 110
Trd, 4319256.093, 63
Trd, 4319256.743, 125
Trd, 4319256.943, 113
Trd, 4319257.143, 129
Trd, 4319258.293, 73
Trd, 4319259.193, 101
Trd, 4319259.343, 90
Trd, 4319260.343, 94
Trd, 4319260.543, 124
Trd, 4319261.043, 129
Trd, 4319261.943, 83
Trd, 4319263.743, 123
Trd, 4319264.193, 113
Trd, 4319264.343, 100
Trd, 4319265.343, 74
Trd, 4319265.893, 88
Trd, 4319266.193, 77
Trd, 4319266.593, 136
Trd, 4319266.893, 97
Trd, 4319267.193, 70
Trd, 4319268.993, 135
Trd, 4319269.193, 120
Trd, 4319271.243, 123
Trd, 4319271.293, 122
Trd, 4319271.393, 116
Trd, 4319271.743, 102
Trd, 4319272.293, 121
Trd, 4319274.593, 94
Trd, 4319275.093, 75
Trd, 4319275.393, 114
Trd, 4319276.293, 114
Trd, 4319276.693, 75
Trd, 4319276.743, 68
Trd, 4319277.893, 115
Trd, 4319278.243, 88
Trd, 4319278.343, 123
Trd, 4319278.943, 123
Trd, 4319279.993, 60
Trd, 4319281.143, 62
Trd, 4319281.443, 65
Trd, 4319282.093, 71
Trd, 4319282.393, 83
Trd, 4319283.093, 136
Trd, 4319283.393, 134
Trd, 4319283.543, 129
Trd, 4319284.043, 66
Trd, 4319285.093, 138
Trd, 4319285.193, 133
Trd, 4319286.093, 97
Trd, 4319287.693, 139
Trd, 4319287.893, 125
Trd, 4319288.893, 114
Trd, 4319289.943, 122
Trd, 4319290.693, 120
Trd, 4319291.293, 109
Trd, 4319291.643, 100
Trd, 4319292.743, 81
Trd, 4319293.293, 72
Trd, 4319293.993, 87
Trd, 4319295.343, 139
Trd, 4319295.393, 130
Trd, 4319296.243, 138
Trd, 4319296.893, 102
Trd, 4319299.243, 104
Trd, 4319299.343, 97
Trd, 4319299.443, 97
Trd, 4319300.393, 103
Trd, 4319301.843, 78
Trd, 4319302.143, 73
Trd, 4319302.393, 68
Trd, 4319302.593, 75
Trd, 4319303.043, 66
Trd, 4319303.343, 108
Trd, 4319304.443, 79
Trd, 4319305.393, 89
Trd, 4319306.743, 97
Trd, 4319306.843, 63
Trd, 4319307.293, 68
Trd, 4319307.843, 85
Trd, 4319308.243, 75
Trd, 4319309.293, 123
Trd, 4319310.843, 70
Trd, 4319311.293, 70
Trd, 4319312.093, 79
Trd, 4319312.643, 65
Trd, 4319313.243, 84
Trd, 4319313.993, 138
Trd, 4319314.293, 137
Trd, 4319314.643, 126
Trd, 4319315.643, 123
Trd, 4319316.943, 114
Trd, 4319317.393, 93
Trd, 4319318.043, 108
Trd, 4319318.243, 87
Trd, 4319319.543, 67
Trd, 4319319.993, 79
Trd, 4319320.893, 86
Trd, 4319321.943, 83
Trd, 4319322.493, 98
Trd, 4319323.193, 77
Trd, 4319323.243, 73
Trd, 4319323.893, 92
Trd, 4319324.693, 78
Trd, 4319325.293, 83
Trd, 4319327.143, 135
Trd, 4319327.693, 137
Trd, 4319327.893, 139
Trd, 4319328.293, 97
Trd, 4319330.093, 115
Trd, 4319330.393, 108
Trd, 4319331.093, 123
Trd, 4319332.093, 98
Trd, 4319332.493, 76
Trd, 4319332.943, 86
Trd, 4319333.693, 88
Trd, 4319334.093, 130
Trd, 4319335.843, 128
Trd, 4319336.243, 134
Trd, 4319336.593, 133
Trd, 4319336.993, 75
Trd, 4319337.143, 107
Trd, 4319337.893, 71
Trd, 4319338.793, 106
Trd, 4319338.843, 79
Trd, 4319339.843, 87
Trd, 4319340.143, 102
Trd, 4319340.393, 74
Trd, 4319340.943, 113
Trd, 4319341.793, 136
Trd, 4319342.893, 107
Trd, 4319344.343, 67
Trd, 4319344.443, 86
Trd, 4319344.893, 91
Trd, 4319346.193, 96
Trd, 4319347.743, 109
Trd, 4319347.943, 86
Trd, 4319348.093, 85
Trd, 4319348.593, 89
Trd, 4319349.593, 69
Trd, 4319349.893, 78
Trd, 4319349.993, 94
Trd, 4319351.493, 114
Trd, 4319352.193, 140
Trd, 4319352.893, 132
Trd, 4319353.543, 115
Trd, 4319354.343, 105
Trd, 4319354.593, 103
Trd, 4319356.293, 129
Trd, 4319356.493, 122
Trd, 4319357.493, 92
Trd, 4319357.943, 136
Trd, 4319358.143, 97
Trd, 4319358.193, 92
Trd, 4319359.393, 120
Trd, 4319359.993, 99
Trd, 4319360.343, 88
Trd, 4319360.443, 71
Trd, 4319361.793, 134
Trd, 4319361.893, 88
Trd, 4319362.093, 116
Trd, 4319362.243, 87
Trd, 4319363.193, 126
Trd, 4319364.043, 67
Trd, 4319365.093, 67
Trd, 4319366.343, 99
Trd, 4319367.193, 93
Trd, 4319368.043, 107
Trd, 4319368.593, 93
Trd, 4319369.143, 105
Trd, 4319369.393, 91
Trd, 4319370.043, 79
Trd, 4319371.593, 138
Trd, 4319372.593, 139
Trd, 4319372.693, 121
Trd, 4319372.993, 112
Trd, 4319374.493, 133
Trd, 4319374.793, 111
Trd, 4319375.943, 79
Trd, 4319376.193, 79
Trd, 4319377.093, 84
Trd, 4319377.793, 63
Trd, 4319378.393, 111
Trd, 4319378.943, 130
Trd, 4319379.043, 122
Trd, 4319380.143, 75
Trd, 4319380.793, 128
Trd, 4319381.393, 91
Trd, 4319382.093, 100
Trd, 4319383.243, 95
Trd, 4319383.493, 89
Trd, 4319384.093, 125
Trd, 4319384.443, 112
Trd, 4319385.193, 112
Trd, 4319385.843, 109
Trd, 4319387.393, 138
Trd, 4319388.543, 131
Trd, 4319388.593, 111
Trd, 4319388.643, 100
Trd, 4319390.293, 113
Trd, 4319390.493, 138
Trd, 4319391.243, 130
Trd, 4319391.443, 113
Trd, 4319391.743, 102
Trd, 4319392.793, 78
Trd, 4319394.443, 98
Trd, 4319394.743, 98
Trd, 4319396.943, 136
Trd, 4319397.393, 110
Trd, 4319397.693, 103
Trd, 4319398.043, 96
Trd, 4319398.243, 95
Trd, 4319398.493, 91
Trd, 4319400.493, 86
Trd, 4319401.293, 87
Trd, 4319401.943, 91
Trd, 4319401.993, 98
Trd, 4319402.543, 131
Trd, 4319404.493, 78
Trd, 4319404.743, 78
Trd, 4319404.843, 77
Trd, 4319404.943, 99
Trd, 4319405.193, 73
Trd, 4319406.393, 71
Trd, 4319408.293, 121
Trd, 4319410.143, 110
Trd, 4319410.393, 109
Trd, 4319410.643, 98
Trd, 4319412.743, 70
Trd, 4319413.093, 73
Trd, 4319413.193, 70
Trd, 4319413.493, 60
Trd, 4319414.243, 109
Trd, 4319414.993, 85
Trd, 4319415.043, 91
Trd, 4319415.793, 117
Trd, 4319416.493, 62
Trd, 4319416.993, 84
Trd, 4319418.393, 76
Trd, 4319420.343, 98
Trd, 4319420.393, 110
Trd, 4319422.093, 116
Trd, 4319422.443, 112
Trd, 4319422.993, 88
Trd, 4319423.793, 126
Trd, 4319424.193, 73
Trd, 4319425.043, 131
Trd, 4319425.493, 132
Trd, 4319427.643, 105
Trd, 4319427.743, 100
Trd, 4319427.993, 99
Trd, 4319428.443, 118
Trd, 4319429.443, 95
Trd, 4319429.793, 92
Trd, 4319430.293, 117
Trd, 4319431.443, 90
Trd, 4319432.893, 95
Trd, 4319432.943, 95
Trd, 4319433.943, 132
Trd, 4319434.143, 131
Trd, 4319434.743, 106
Trd, 4319436.243, 138
Trd, 4319437.293, 137
Trd, 4319437.593, 114
Trd, 4319437.643, 109
Trd, 4319437.793, 70
Trd, 4319438.793, 91
Trd, 4319439.343, 98
Trd, 4319439.493, 82
Trd, 4319440.643, 79
Trd, 4319441.793, 83
Trd, 4319442.593, 77
Trd, 4319442.993, 105
Trd, 4319444.543, 138
Trd, 4319444.743, 129
Trd, 4319445.093, 130
Trd, 4319446.293, 125
Trd, 4319446.793, 125
Trd, 4319446.843, 119
Trd, 4319447.143, 98
Trd, 4319448.143, 86
Trd, 4319449.043, 138
Trd, 4319449.193, 131
Trd, 4319449.743, 130
Trd, 4319449.843, 116
Trd, 4319450.193, 88
Trd, 4319450.793, 128
Trd, 4319451.943, 137
Trd, 4319452.393, 91
Trd, 4319452.693, 91
Trd, 4319454.293, 83
Trd, 4319454.543, 84
Trd, 4319455.193, 138
Trd, 4319455.793, 137
Trd, 4319455.943, 117
Trd, 4319456.243, 130
Trd, 4319457.243, 107
Trd, 4319457.743, 83
Trd, 4319458.343, 63
Trd, 4319459.593, 105
Trd, 4319459.693, 90
Trd, 4319460.793, 88
Trd, 4319461.893, 111
Trd, 4319462.193, 87
Trd, 4319462.393, 81
Trd, 4319463.093, 79
Trd, 4319465.093, 80
Trd, 4319465.443, 66
Trd, 4319465.493, 81
Trd, 4319465.993, 92
Trd, 4319467.093, 121
Trd, 4319468.043, 70
Trd, 4319468.443, 76
Trd, 4319468.693, 126
Trd, 4319468.993, 131
Trd, 4319469.843, 115
Trd, 4319470.193, 112
Trd, 4319470.543, 84
Trd, 4319472.393, 101
Trd, 4319472.493, 84
Trd, 4319472.743, 134
Trd, 4319473.793, 90
Trd, 4319474.193, 65
Trd, 4319474.443, 100
Trd, 4319475.243, 128
Trd, 4319475.493, 120
Trd, 4319477.443, 84
Trd, 4319477.593, 87
Trd, 4319478.093, 76
Trd, 4319478.193, 71
Trd, 4319479.193, 86
Trd, 4319479.943, 117
Trd, 4319480.543, 103
Trd, 4319480.643, 133
Trd, 4319482.393, 82
Trd, 4319482.443, 113
Trd, 4319483.243, 85
Trd, 4319483.643, 117
Trd, 4319484.043, 101
Trd, 4319485.693, 61
Trd, 4319487.743, 62
Trd, 4319488.543, 63
Trd, 4319488.943, 78
Trd, 4319489.943, 70
Trd, 4319489.993, 71
Trd, 4319490.793, 75
Trd, 4319491.393, 69
Trd, 4319492.593, 88
Trd, 4319493.093, 97
Trd, 4319493.143, 82
Trd, 4319493.643, 68
Trd, 4319495.093, 138
Trd, 4319495.743, 129
Trd, 4319495.843, 128
Trd, 4319495.943, 94
Trd, 4319497.543, 135
Trd, 4319497.843, 60
Trd, 4319498.643, 93
Trd, 4319499.893, 62
Trd, 4319500.043, 69
Trd, 4319501.093, 77
Trd, 4319502.893, 80
Trd, 4319503.193, 87
Trd, 4319505.443, 112
Trd, 4319505.543, 127
Trd, 4319506.793, 103
Trd, 4319507.493, 102
Trd, 4319507.693, 98
Trd, 4319508.443, 95
Trd, 4319508.493, 90
Trd, 4319509.693, 77
Trd, 4319509.993, 75
Trd, 4319510.143, 64
Trd, 4319511.043, 140
Trd, 4319511.543, 121
Trd, 4319511.743, 109
Trd, 4319512.943, 112
Trd, 4319513.143, 91
Trd, 4319514.493, 74
Trd, 4319515.443, 126
Trd, 4319516.143, 122
Trd, 4319517.093, 92
Trd, 4319518.343, 88
Trd, 4319518.393, 88
Trd, 4319518.543, 70
Trd, 4319519.543, 135
Trd, 4319519.743, 118
Trd, 4319521.443, 130
Trd, 4319522.493, 126
Trd, 4319522.993, 118
Trd, 4319524.193, 123
Trd, 4319524.893, 81
Trd, 4319525.843, 96
Trd, 4319526.993, 128
Trd, 4319527.243, 121
Trd, 4319528.093, 118
Trd, 4319529.543, 97
Trd, 4319529.643, 85
Trd, 4319530.193, 138
Trd, 4319530.393, 125
Trd, 4319531.143, 120
Trd, 4319531.493, 101
Trd, 4319532.343, 127
Trd, 4319532.493, 88
Trd, 4319533.493, 83
Trd, 4319533.793, 125
Trd, 4319534.243, 91
Trd, 4319534.893, 85
Trd, 4319535.993, 63
Trd, 4319536.693, 99
Trd, 4319537.643, 92
Trd, 4319538.843, 65
Trd, 4319539.693, 87
Trd, 4319540.143, 65
Trd, 4319540.293, 120
Trd, 4319541.643, 74
Trd, 4319541.793, 83
Trd, 4319542.193, 74
Trd, 4319542.443, 84
Trd, 4319545.393, 72
Trd, 4319546.493, 95
Trd, 4319546.543, 126
Trd, 4319547.043, 117
Trd, 4319547.643, 136
Trd, 4319548.043, 139
Trd, 4319548.093, 134
Trd, 4319548.293, 127
Trd, 4319549.543, 129
Trd, 4319550.893, 133
Trd, 4319551.143, 125
Trd, 4319552.343, 100
Trd, 4319553.343, 90
Trd, 4319554.693, 110
Trd, 4319555.443, 108
Trd, 4319555.693, 96
Trd, 4319555.893, 69
Trd, 4319556.293, 133
Trd, 4319557.193, 99
Trd, 4319558.043, 95
Trd, 4319558.093, 111
Trd, 4319560.093, 136
Trd, 4319561.143, 134
Trd, 4319561.343, 125
Trd, 4319561.843, 106
Trd, 4319561.943, 105
Trd, 4319562.293, 95
Trd, 4319563.193, 138
Trd, 4319563.343, 131
Trd, 4319564.343, 93
Trd, 4319564.793, 109
Trd, 4319565.393, 82
Trd, 4319565.943, 64
Trd, 4319567.093, 63
Trd, 4319567.193, 89
Trd, 4319567.943, 140
Trd, 4319569.893, 100
Trd, 4319570.993, 99
Trd, 4319571.243, 97
Trd, 4319571.393, 95
Trd, 4319571.593, 85
Trd, 4319571.643, 73
Trd, 4319572.693, 89
Trd, 4319573.293, 70
Trd, 4319575.293, 71
Trd, 4319575.443, 111
Trd, 4319575.943, 74
Trd, 4319576.643, 68
Trd, 4319577.093, 119
Trd, 4319577.843, 70
Trd, 4319579.393, 77
Trd, 4319579.493, 83
Trd, 4319580.793, 86
Trd, 4319581.193, 87
Trd, 4319581.943, 75
Trd, 4319582.193, 74
Trd, 4319582.493, 81
Trd, 4319583.843, 133
Trd, 4319584.743, 72
Trd, 4319585.093, 121
Trd, 4319585.393, 84
Trd, 4319587.143, 70
Trd, 4319587.193, 73
Trd, 4319587.293, 85
Trd, 4319588.943, 73
Trd, 4319589.393, 97
Trd, 4319589.593, 81
Trd, 4319590.843, 84
Trd, 4319591.793, 75
Trd, 4319591.843, 104
Trd, 4319593.493, 61
Trd, 4319593.643, 71
Trd, 4319594.993, 106
Trd, 4319596.543, 121
Trd, 4319596.593, 113
Trd, 4319596.743, 106
Trd, 4319596.793, 91
Trd, 4319597.043, 94
Trd, 4319597.643, 101
Trd, 4319598.943, 84
Trd, 4319599.243, 94
Trd, 4319601.293, 140
Trd, 4319601.643, 99
Trd, 4319602.543, 98
Trd, 4319603.943, 105
Trd, 4319604.093, 85
Trd, 4319604.843, 87
Trd, 4319606.543, 131
Trd, 4319606.743, 119
Trd, 4319607.343, 117
Trd, 4319607.643, 135
Trd, 4319608.393, 130
Trd, 4319608.943, 98
Trd, 4319610.993, 114
Trd, 4319611.093, 104
Trd, 4319611.643, 115
Trd, 4319612.293, 103
Trd, 4319612.543, 65
Trd, 4319612.843, 87
Trd, 4319615.393, 97
Trd, 4319616.493, 62
Trd, 4319616.693, 62
Trd, 4319616.793, 87
Trd, 4319617.193, 91
Trd, 4319617.843, 83
Trd, 4319618.493, 73
Trd, 4319618.993, 85
Trd, 4319619.543, 82
Trd, 4319620.293, 93
Trd, 4319620.543, 127
Trd, 4319622.493, 136
Trd, 4319622.643, 122
Trd, 4319623.643, 96
Trd, 4319625.243, 81
Trd, 4319626.493, 66
Trd, 4319627.343, 63
Trd, 4319627.693, 64
Trd, 4319627.943, 67
Trd, 4319629.193, 140
Trd, 4319629.393, 138
Trd, 4319629.443, 130
Trd, 4319630.193, 102
Trd, 4319631.943, 136
Trd, 4319632.193, 133
Trd, 4319632.493, 128
Trd, 4319633.143, 120
Trd, 4319633.943, 135
Trd, 4319634.193, 133
Trd, 4319634.793, 83
Trd, 4319635.843, 79
Trd, 4319636.143, 73
Trd, 4319636.543, 63
Trd, 4319638.243, 92
Trd, 4319638.343, 89
Trd, 4319638.793, 84
Trd, 4319639.943, 71
Trd, 4319640.693, 95
Trd, 4319641.193, 91
Trd, 4319641.543, 137
Trd, 4319642.343, 113
Trd, 4319642.893, 140
Trd, 4319643.093, 136
Trd, 4319643.793, 66
Trd, 4319643.893, 69
Trd, 4319644.643, 82
Trd, 4319647.143, 138
Trd, 4319647.493, 133
Trd, 4319647.743, 130
Trd, 4319648.393, 118
Trd, 4319648.743, 96
Trd, 4319649.143, 107
Trd, 4319649.293, 98
Trd, 4319651.643, 138
Trd, 4319652.093, 102
Trd, 4319652.243, 100
Trd, 4319652.343, 74
Trd, 4319653.093, 110
Trd, 4319653.793, 71
Trd, 4319654.443, 82
Trd, 4319654.843, 73
Trd, 4319655.593, 84
Trd, 4319655.743, 130
Trd, 4319656.593, 113
Trd, 4319656.793, 98
Trd, 4319657.893, 89
Trd, 4319658.993, 76
Trd, 4319659.193, 126
Trd, 4319659.743, 75
Trd, 4319660.043, 96
Trd, 4319660.393, 86
Trd, 4319661.793, 94
Trd, 4319663.493, 79
Trd, 4319664.543, 80
Trd, 4319664.993, 85
Trd, 4319665.943, 98
Trd, 4319665.993, 83
Trd, 4319666.693, 88
Trd, 4319668.493, 83
Trd, 4319669.393, 135
Trd, 4319669.793, 121
Trd, 4319670.793, 137
Trd, 4319671.593, 106
Trd, 4319672.243, 134
Trd, 4319672.843, 107
Trd, 4319673.093, 102
Trd, 4319673.643, 96
Trd, 4319673.993, 102
Trd, 4319674.393, 90
Trd, 4319674.493, 84
Trd, 4319677.143, 122
Trd, 4319678.243, 121
Trd, 4319678.543, 121
Trd, 4319678.893, 120
Trd, 4319679.643, 107
Trd, 4319680.893, 104
Trd, 4319681.443, 122
Trd, 4319682.343, 139
Trd, 4319682.443, 138
Trd, 4319684.443, 129
Trd, 4319684.793, 122
Trd, 4319684.893, 116
Trd, 4319685.143, 113
Trd, 4319686.343, 101
Trd, 4319687.343, 138
Trd, 4319687.793, 110
Trd, 4319688.393, 96
Trd, 4319690.193, 115
Trd, 4319690.443, 115
Trd, 4319690.843, 113
Trd, 4319692.093, 125
Trd, 4319692.293, 112
Trd, 4319693.143, 118
Trd, 4319693.543, 113
Trd, 4319693.643, 119
Trd, 4319694.043, 102
Trd, 4319694.593, 102
Trd, 4319696.343, 120
Trd, 4319696.943, 90
Trd, 4319697.093, 125
Trd, 4319697.593, 69
Trd, 4319698.843, 120
Trd, 4319699.593, 110
Trd, 4319700.093, 109
Trd, 4319701.393, 107
Trd, 4319701.443, 94
Trd, 4319701.643, 109
Trd, 4319702.843, 83
Trd, 4319703.743, 120
Trd, 4319704.093, 107
Trd, 4319704.293, 101
Trd, 4319706.043, 125
Trd, 4319706.093, 105
Trd, 4319707.243, 80
Trd, 4319707.443, 70
Trd, 4319708.393, 129
Trd, 4319708.443, 128
Trd, 4319709.793, 77
Trd, 4319710.343, 126
Trd, 4319711.743, 69
Trd, 4319711.793, 67
Trd, 4319713.193, 66
Trd, 4319713.393, 74
Trd, 4319714.643, 105
Trd, 4319714.693, 109
Trd, 4319715.093, 73
Trd, 4319715.643, 103
Trd, 4319715.793, 131
Trd, 4319716.193, 133
Trd, 4319717.343, 103
Trd, 4319718.943, 105
Trd, 4319718.993, 104
Trd, 4319719.443, 103
Trd, 4319720.243, 131
Trd, 4319720.643, 91
Trd, 4319723.043, 87
Trd, 4319723.143, 92
Trd, 4319724.143, 77
Trd, 4319725.593, 108
Trd, 4319725.743, 95
Trd, 4319726.143, 108
Trd, 4319726.193, 98
Trd, 4319726.443, 95
Trd, 4319727.343, 92
Trd, 4319728.143, 90
Trd, 4319729.193, 70
Trd, 4319730.993, 78
Trd, 4319731.293, 87
Trd, 4319731.393, 66
Trd, 4319733.243, 83
Trd, 4319734.643, 74
Trd, 4319734.943, 80
Trd, 4319735.143, 77
Trd, 4319735.393, 103
Trd, 4319735.893, 84
Trd, 4319736.143, 70
Trd, 4319737.443, 136
Trd, 4319737.593, 128
Trd, 4319738.843, 66
Trd, 4319740.343, 73
Trd, 4319740.393, 77
Trd, 4319740.443, 81
Trd, 4319740.893, 62
Trd, 4319742.143, 65
Trd, 4319742.443, 69
Trd, 4319743.093, 71
Trd, 4319743.793, 81
Trd, 4319744.743, 88
Trd, 4319744.843, 78
Trd, 4319745.643, 73
Trd, 4319745.943, 126
Trd, 4319746.343, 83
Trd, 4319747.793, 75
Trd, 4319749.093, 62
Trd, 4319750.293, 86
Trd, 4319750.993, 117
Trd, 4319752.393, 121
Trd, 4319752.643, 139
Trd, 4319752.743, 116
Trd, 4319752.943, 111
Trd, 4319753.193, 95
Trd, 4319754.493, 114
Trd, 4319755.293, 133
Trd, 4319755.893, 129
Trd, 4319756.593, 106
Trd, 4319757.843, 84
Trd, 4319757.993, 84
Trd, 4319758.543, 80
Trd, 4319758.943, 64
Trd, 4319759.143, 79
Trd, 4319759.743, 139
Trd, 4319760.943, 120
Trd, 4319761.093, 75
Trd, 4319763.893, 69
Trd, 4319764.593, 70
Trd, 4319765.243, 133
Trd, 4319765.793, 81
Trd, 4319766.343, 64
Trd, 4319766.443, 93
Trd, 4319766.493, 114
Trd, 4319766.893, 107
Trd, 4319767.593, 64
Trd, 4319768.593, 98
Trd, 4319769.893, 135
Trd, 4319770.343, 125
Trd, 4319770.593, 119
Trd, 4319770.743, 118
Trd, 4319772.993, 92
Trd, 4319773.693, 103
Trd, 4319774.543, 71
Trd, 4319775.643, 68
Trd, 4319775.943, 80
Trd, 4319777.293, 136
Trd, 4319778.193, 129
Trd, 4319778.843, 119
Trd, 4319779.443, 138
Trd, 4319779.993, 138
Trd, 4319781.343, 120
Trd, 4319781.443, 111
Trd, 4319782.643, 96
Trd, 4319782.743, 96
Trd, 4319782.893, 102
Trd, 4319782.993, 95
Trd, 4319783.493, 102
Trd, 4319783.743, 80
Trd, 4319784.993, 78
Trd, 4319785.243, 107
Trd, 4319786.493, 88
Trd, 4319787.293, 108
Trd, 4319787.843, 79
Trd, 4319788.443, 77
Trd, 4319788.643, 81
Trd, 4319789.593, 74
Trd, 4319790.443, 90
Trd, 4319790.943, 86
Trd, 4319791.393, 88
Trd, 4319792.293, 74
Trd, 4319792.793, 134
Trd, 4319794.743, 127
Trd, 4319795.043, 124
Trd, 4319795.143, 117
Trd, 4319795.993, 110
Trd, 4319796.043, 119
Trd, 4319796.643, 132
Trd, 4319797.193, 67
Trd, 4319798.293, 98
Trd, 4319801.993, 103
Trd, 4319802.393, 105
Trd, 4319802.593, 99
Trd, 4319802.743, 99
Trd, 4319802.993, 82
Trd, 4319803.443, 67
Trd, 4319804.143, 95
Trd, 4319804.443, 108
Trd, 4319804.493, 70
Trd, 4319804.943, 74
Trd, 4319806.493, 70
Trd, 4319807.093, 72
Trd, 4319807.593, 136
Trd, 4319808.343, 63
Trd, 4319808.693, 67
Trd, 4319809.893, 75
Trd, 4319810.843, 81
Trd, 4319811.093, 85
Trd, 4319812.343, 81
Trd, 4319812.593, 75
Trd, 4319813.593, 85
Trd, 4319813.943, 90
Trd, 4319815.643, 110
Trd, 4319815.893, 108
Trd, 4319816.043, 90
Trd, 4319816.193, 107
Trd, 4319816.843, 73
Trd, 4319816.993, 98
Trd, 4319817.893, 136
Trd, 4319818.393, 127
Trd, 4319818.443, 126
Trd, 4319818.643, 98
Trd, 4319819.543, 70
Trd, 4319820.593, 78
Trd, 4319821.143, 78
Trd, 4319822.193, 66
Trd, 4319822.443, 79
Trd, 4319822.643, 76
Trd, 4319823.793, 64
Trd, 4319825.543, 102
Trd, 4319826.043, 109
Trd, 4319826.993, 119
Trd, 4319827.143, 136
Trd, 4319829.243, 93
Trd, 4319829.593, 93
Trd, 4319830.093, 132
Trd, 4319830.543, 115
Trd, 4319831.643, 108
Trd, 4319832.143, 140
Trd, 4319832.193, 121
Trd, 4319832.293, 99
Trd, 4319834.493, 68
Trd, 4319834.893, 74
Trd, 4319835.693, 76
Trd, 4319837.193, 138
Trd, 4319837.493, 133
Trd, 4319837.543, 129
Trd, 4319837.743, 138
Trd, 4319839.093, 105
Trd, 4319840.043, 135
Trd, 4319841.143, 109
Trd, 4319841.193, 78
Trd, 4319841.293, 133
Trd, 4319842.493, 97
Trd, 4319842.793, 97
Trd, 4319843.893, 96
Trd, 4319845.343, 119
Trd, 4319845.743, 73
Trd, 4319846.193, 124
Trd, 4319847.843, 72
Trd, 4319848.293, 70
Trd, 4319849.193, 99
Trd, 4319850.593, 127
Trd, 4319851.843, 133
Trd, 4319851.943, 124
Trd, 4319852.893, 95
Trd, 4319853.543, 63
Trd, 4319854.193, 107
Trd, 4319855.343, 110
Trd, 4319856.443, 91
Trd, 4319856.943, 66
Trd, 4319857.693, 100
Trd, 4319858.343, 77
Trd, 4319859.243, 99
Trd, 4319861.693, 93
Trd, 4319862.593, 132
Trd, 4319862.693, 95
Trd, 4319862.743, 113
Trd, 4319862.993, 124
Trd, 4319863.143, 79
Trd, 4319863.243, 113
Trd, 4319864.043, 79
Trd, 4319865.193, 105
Trd, 4319865.693, 83
Trd, 4319866.243, 139
Trd, 4319866.343, 100
Trd, 4319867.393, 126
Trd, 4319867.793, 119
Trd, 4319867.893, 118
Trd, 4319868.493, 103
Trd, 4319869.293, 71
Trd, 4319870.643, 66
Trd, 4319871.543, 138
Trd, 4319872.543, 63
Trd, 4319873.043, 73
Trd, 4319873.643, 99
Trd, 4319874.243, 85
Trd, 4319875.343, 125
Trd, 4319875.493, 98
Trd, 4319876.843, 91
Trd, 4319877.343, 135
Trd, 4319877.393, 126
Trd, 4319877.893, 71
Trd, 4319878.743, 92
Trd, 4319879.293, 136
Trd, 4319880.143, 106
Trd, 4319881.393, 103
Trd, 4319881.493, 99
Trd, 4319882.093, 94
Trd, 4319882.393, 107
Trd, 4319882.693, 104
Trd, 4319882.893, 104
Trd, 4319883.793, 84
Trd, 4319883.993, 121
Trd, 4319885.093, 132
Trd, 4319886.893, 91
Trd, 4319887.743, 83
Trd, 4319888.243, 127
Trd, 4319889.293, 124
Trd, 4319889.593, 86
Trd, 4319890.443, 62
Trd, 4319891.293, 95
Trd, 4319892.293, 84
Trd, 4319892.893, 121
Trd, 4319893.993, 118
Trd, 4319894.343, 117
Trd, 4319894.393, 109
Trd, 4319895.143, 109
Trd, 4319895.693, 121
Trd, 4319896.293, 103
Trd, 4319896.643, 130
Trd, 4319897.843, 127
Trd, 4319898.393, 113
Trd, 4319899.193, 110
Trd, 4319899.693, 110
Trd, 4319900.343, 111
Trd, 4319901.443, 101
Trd, 4319901.643, 97
Trd, 4319903.843, 138
Trd, 4319903.943, 135
Trd, 4319904.193, 113
Trd, 4319904.293, 80
Trd, 4319905.593, 128
Trd, 4319905.843, 78
Trd, 4319906.793, 98
Trd, 4319907.743, 98
Trd, 4319907.843, 98
Trd, 4319908.093, 92
Trd, 4319908.193, 99
Trd, 4319909.693, 78
Trd, 4319910.093, 82
Trd, 4319910.743, 99
Trd, 4319911.193, 138
Trd, 4319912.143, 128
Trd, 4319913.493, 127
Trd, 4319914.593, 127
Trd, 4319915.043, 128
Trd, 4319915.343, 116
Trd, 4319916.193, 134
Trd, 4319917.543, 119
Trd, 4319918.343, 89
Trd, 4319919.343, 102
Trd, 4319919.743, 129
Trd, 4319919.943, 128
Trd, 4319921.243, 112
Trd, 4319921.893, 117
Trd, 4319923.143, 118
Trd, 4319923.493, 104
Trd, 4319923.943, 90
Trd, 4319924.193, 84
Trd, 4319924.593, 112
Trd, 4319925.393, 66
Trd, 4319927.093, 63
Trd, 4319927.193, 66
Trd, 4319927.593, 68
Trd, 4319928.493, 82
Trd, 4319929.243, 93
Trd, 4319929.993, 123
Trd, 4319930.693, 60
Trd, 4319930.743, 105
Trd, 4319931.343, 94
Trd, 4319931.393, 135
Trd, 4319931.643, 94
Trd, 4319932.593, 95
Trd, 4319933.043, 85
Trd, 4319933.793, 79
Trd, 4319934.443, 95
Trd, 4319935.093, 100
Trd, 4319935.293, 90
Trd, 4319936.543, 140
Trd, 4319936.993, 137
Trd, 4319937.193, 128
Trd, 4319937.943, 103
Trd, 4319938.643, 127
Trd, 4319939.243, 116
Trd, 4319939.993, 134
Trd, 4319940.493, 113
Trd, 4319940.643, 98
Trd, 4319942.143, 140
Trd, 4319942.243, 110
Trd, 4319942.493, 92
Trd, 4319944.193, 101
Trd, 4319945.043, 117
Trd, 4319947.493, 138
Trd, 4319947.893, 136
Trd, 4319948.493, 134
Trd, 4319948.693, 97
Trd, 4319948.793, 82
Trd, 4319949.843, 80
Trd, 4319950.393, 72
Trd, 4319950.493, 97
Trd, 4319950.843, 120
Trd, 4319952.093, 103
Trd, 4319953.143, 140
Trd, 4319953.343, 138
Trd, 4319954.143, 118
Trd, 4319954.243, 93
Trd, 4319954.893, 79
Trd, 4319955.593, 65
Trd, 4319956.793, 95
Trd, 4319957.293, 120
Trd, 4319957.643, 64
Trd, 4319959.043, 134
Trd, 4319959.693, 113
Trd, 4319959.843, 112
Trd, 4319960.043, 107
Trd, 4319960.243, 93
Trd, 4319960.493, 130
Trd, 4319962.793, 104
Trd, 4319962.893, 95
Trd, 4319963.193, 89
Trd, 4319964.443, 89
Trd, 4319965.243, 131
Trd, 4319966.843, 98
Trd, 4319967.043, 82
Trd, 4319967.993, 119
Trd, 4319968.493, 115
Trd, 4319968.543, 91
Trd, 4319969.293, 98
Trd, 4319970.143, 127
Trd, 4319970.843, 126
Trd, 4319971.193, 104
Trd, 4319972.593, 86
Trd, 4319973.143, 76
Trd, 4319973.343, 90
Trd, 4319974.593, 114
Trd, 4319974.693, 111
Trd, 4319975.143, 97
Trd, 4319977.443, 68
Trd, 4319977.743, 72
Trd, 4319978.493, 69
Trd, 4319978.543, 77
Trd, 4319979.043, 97
Trd, 4319980.343, 126
Trd, 4319980.493, 120
Trd, 4319980.643, 104
Trd, 4319981.643, 121
Trd, 4319981.943, 111
Trd, 4319982.243, 99
Trd, 4319982.293, 93
Trd, 4319983.893, 61
Trd, 4319984.093, 84
Trd, 4319986.493, 96
Trd, 4319987.343, 94
Trd, 4319987.493, 134
Trd, 4319987.993, 139
Trd, 4319989.293, 107
Trd, 4319989.393, 106
Trd, 4319990.443, 81
Trd, 4319992.793, 137
Trd, 4319994.093, 137
Trd, 4319995.143, 139
Trd, 4319995.243, 138
Trd, 4319995.493, 127
Trd, 4319995.893, 128
Trd, 4319995.993, 113
Trd, 4319996.293, 98
Trd, 4319996.443, 97
Trd, 4319996.793, 85
Trd, 4319997.043, 89
Trd, 4319997.143, 97
Trd, 4319997.443, 96
Trd, 4319998.793, 63
Trd, 4319999.593, 73
