Trd, 4318099.693, 140
Trd, 4318100.243, 140
Trd, 4318100.693, 140
Trd, 4318101.693, 140
Trd, 4318101.943, 139
Trd, 4318103.843, 140
Trd, 4318105.843, 140
Trd, 4318105.893, 140
Trd, 4318105.943, 140
Trd, 4318106.893, 140
Trd, 4318106.943, 139
Trd, 4318107.743, 140
Trd, 4318107.843, 140
Trd, 4318107.993, 140
Trd, 4318108.043, 139
Trd, 4318109.943, 140
Trd, 4318110.443, 140
Trd, 4318111.243, 140
Trd, 4318112.943, 140
Trd, 4318113.693, 140
Trd, 4318114.093, 140
Trd, 4318115.643, 140
Trd, 4318115.743, 140
Trd, 4318116.143, 140
Trd, 4318116.193, 140
Trd, 4318116.543, 139
Trd, 4318119.443, 140
Trd, 4318119.893, 140
Trd, 4318121.093, 140
Trd, 4318121.243, 140
Trd, 4318121.743, 140
Trd, 4318122.143, 140
Trd, 4318123.793, 140
Trd, 4318124.143, 140
Trd, 4318124.543, 139
Trd, 4318125.343, 139
Trd, 4318125.643, 140
Trd, 4318126.543, 140
Trd, 4318127.693, 140
Trd, 4318129.243, 140
Trd, 4318129.343, 140
Trd, 4318130.393, 140
Trd, 4318130.593, 140
Trd, 4318132.693, 140
Trd, 4318132.893, 140
Trd, 4318133.043, 140
Trd, 4318134.493, 140
Trd, 4318135.793, 140
Trd, 4318135.993, 140
Trd, 4318136.693, 140
Trd, 4318137.793, 140
Trd, 4318139.093, 140
Trd, 4318139.793, 140
Trd, 4318140.593, 140
Trd, 4318141.693, 140
Trd, 4318141.993, 140
Trd, 4318143.243, 140
Trd, 4318144.143, 140
Trd, 4318144.643, 140
Trd, 4318146.143, 140
Trd, 4318146.293, 140
Trd, 4318146.343, 140
Trd, 4318146.643, 140
Trd, 4318147.393, 140
Trd, 4318148.443, 140
Trd, 4318149.143, 140
Trd, 4318150.093, 140
Trd, 4318150.393, 140
Trd, 4318151.643, 140
Trd, 4318152.093, 140
Trd, 4318153.093, 140
Trd, 4318153.393, 140
Trd, 4318153.643, 140
Trd, 4318153.943, 140
Trd, 4318155.293, 140
Trd, 4318156.693, 140
Trd, 4318156.993, 140
Trd, 4318157.043, 140
Trd, 4318158.843, 140
Trd, 4318159.793, 140
Trd, 4318160.643, 140
Trd, 4318160.993, 140
Trd, 4318161.093, 140
Trd, 4318161.143, 140
Trd, 4318161.193, 140
Trd, 4318161.343, 140
Trd, 4318162.143, 140
Trd, 4318162.493, 140
Trd, 4318163.293, 140
Trd, 4318166.043, 140
Trd, 4318166.293, 140
Trd, 4318166.443, 140
Trd, 4318167.393, 140
Trd, 4318167.543, 140
Trd, 4318167.693, 140
Trd, 4318168.193, 140
Trd, 4318169.893, 140
Trd, 4318169.943, 140
Trd, 4318171.643, 140
Trd, 4318172.693, 140
Trd, 4318173.093, 140
Trd, 4318173.643, 140
Trd, 4318173.843, 140
Trd, 4318174.593, 140
Trd, 4318175.293, 140
Trd, 4318175.593, 140
Trd, 4318175.893, 140
Trd, 4318176.043, 140
Trd, 4318176.643, 140
Trd, 4318177.793, 136
Trd, 4318178.443, 69
Trd, 4318179.593, 64
Trd, 4318181.193, 102
Trd, 4318182.743, 61
Trd, 4318182.943, 64
Trd, 4318184.293, 62
Trd, 4318185.293, 67
Trd, 4318187.693, 140
Trd, 4318187.843, 140
Trd, 4318188.243, 140
Trd, 4318189.293, 140
Trd, 4318190.193, 140
Trd, 4318190.243, 140
Trd, 4318190.743, 140
Trd, 4318191.743, 140
Trd, 4318192.093, 140
Trd, 4318193.093, 140
Trd, 4318193.343, 140
Trd, 4318193.543, 140
Trd, 4318193.643, 139
Trd, 4318194.593, 139
Trd, 4318195.793, 140
Trd, 4318195.843, 140
Trd, 4318198.043, 140
Trd, 4318198.743, 140
Trd, 4318199.493, 140
Trd, 4318200.043, 140
Trd, 4318200.193, 140
Trd, 4318200.293, 140
Trd, 4318202.093, 140
Trd, 4318202.143, 140
Trd, 4318202.293, 140
Trd, 4318203.293, 140
Trd, 4318203.943, 140
Trd, 4318204.443, 140
Trd, 4318206.843, 140
Trd, 4318208.293, 140
Trd, 4318208.843, 140
Trd, 4318209.043, 140
Trd, 4318209.093, 140
Trd, 4318209.593, 140
Trd, 4318210.393, 140
Trd, 4318211.343, 140
Trd, 4318213.743, 140
Trd, 4318214.593, 140
Trd, 4318215.093, 140
Trd, 4318215.143, 140
Trd, 4318215.543, 140
Trd, 4318215.943, 140
Trd, 4318216.293, 140
Trd, 4318218.043, 140
Trd, 4318219.043, 140
Trd, 4318219.643, 140
Trd, 4318219.843, 140
Trd, 4318221.443, 140
Trd, 4318222.393, 140
Trd, 4318222.643, 140
Trd, 4318222.693, 140
Trd, 4318223.293, 140
Trd, 4318224.393, 140
Trd, 4318225.293, 140
Trd, 4318226.143, 140
Trd, 4318227.043, 140
Trd, 4318227.143, 140
Trd, 4318227.393, 140
Trd, 4318230.293, 140
Trd, 4318231.443, 140
Trd, 4318232.243, 140
Trd, 4318233.243, 140
Trd, 4318233.593, 140
Trd, 4318234.493, 140
Trd, 4318236.493, 140
Trd, 4318236.793, 140
Trd, 4318236.843, 140
Trd, 4318237.943, 140
Trd, 4318238.293, 140
Trd, 4318238.393, 140
Trd, 4318238.693, 140
Trd, 4318238.743, 140
Trd, 4318239.843, 140
Trd, 4318240.843, 140
Trd, 4318241.643, 140
Trd, 4318242.493, 140
Trd, 4318243.743, 140
Trd, 4318244.893, 140
Trd, 4318245.793, 140
Trd, 4318245.893, 140
Trd, 4318248.793, 140
Trd, 4318248.943, 140
Trd, 4318249.043, 140
Trd, 4318249.493, 140
Trd, 4318250.243, 140
Trd, 4318250.443, 140
Trd, 4318250.593, 139
Trd, 4318251.743, 140
Trd, 4318252.143, 140
Trd, 4318253.243, 140
Trd, 4318254.343, 140
Trd, 4318255.293, 140
Trd, 4318255.443, 139
Trd, 4318255.843, 139
Trd, 4318256.793, 61
Trd, 4318257.443, 139
Trd, 4318257.993, 139
Trd, 4318258.343, 140
Trd, 4318259.193, 140
Trd, 4318259.543, 140
Trd, 4318259.843, 140
Trd, 4318260.543, 140
Trd, 4318262.293, 140
Trd, 4318262.893, 140
Trd, 4318263.093, 140
Trd, 4318264.293, 140
Trd, 4318266.143, 140
Trd, 4318266.293, 140
Trd, 4318268.843, 140
Trd, 4318269.143, 139
Trd, 4318269.693, 138
Trd, 4318269.993, 140
Trd, 4318271.193, 76
Trd, 4318271.443, 135
Trd, 4318272.143, 135
Trd, 4318272.593, 134
Trd, 4318273.843, 140
Trd, 4318274.543, 140
Trd, 4318274.993, 140
Trd, 4318275.193, 140
Trd, 4318275.693, 138
Trd, 4318278.043, 140
Trd, 4318278.743, 140
Trd, 4318278.843, 140
Trd, 4318279.843, 140
Trd, 4318280.543, 140
Trd, 4318281.243, 140
Trd, 4318281.293, 140
Trd, 4318282.143, 140
Trd, 4318283.993, 140
Trd, 4318284.143, 140
Trd, 4318284.393, 140
Trd, 4318285.493, 140
Trd, 4318286.743, 140
Trd, 4318287.393, 140
Trd, 4318287.843, 140
Trd, 4318289.143, 140
Trd, 4318289.543, 140
Trd, 4318290.843, 140
Trd, 4318291.593, 140
Trd, 4318291.743, 140
Trd, 4318292.293, 140
Trd, 4318293.843, 140
Trd, 4318294.893, 140
Trd, 4318295.443, 140
Trd, 4318295.493, 140
Trd, 4318296.343, 140
Trd, 4318296.393, 140
Trd, 4318296.743, 140
Trd, 4318297.693, 140
Trd, 4318298.093, 140
Trd, 4318300.543, 140
Trd, 4318301.193, 140
Trd, 4318301.243, 140
Trd, 4318301.793, 140
Trd, 4318302.393, 140
Trd, 4318303.993, 140
Trd, 4318304.443, 140
Trd, 4318305.093, 140
Trd, 4318305.143, 140
Trd, 4318305.843, 140
Trd, 4318306.693, 140
Trd, 4318307.393, 140
Trd, 4318308.593, 140
Trd, 4318311.043, 140
Trd, 4318311.443, 140
Trd, 4318311.593, 140
Trd, 4318311.993, 140
Trd, 4318312.093, 140
Trd, 4318313.193, 140
Trd, 4318314.543, 139
Trd, 4318315.643, 140
Trd, 4318315.793, 140
Trd, 4318316.143, 140
Trd, 4318316.343, 140
Trd, 4318316.493, 140
Trd, 4318316.643, 140
Trd, 4318317.143, 137
Trd, 4318319.543, 61
Trd, 4318323.143, 60
Trd, 4318323.343, 60
Trd, 4318323.493, 61
Trd, 4318323.593, 63
Trd, 4318323.993, 60
Trd, 4318324.693, 62
Trd, 4318325.743, 64
Trd, 4318326.243, 71
Trd, 4318327.343, 74
Trd, 4318327.843, 140
Trd, 4318328.043, 140
Trd, 4318328.543, 140
Trd, 4318329.643, 140
Trd, 4318330.293, 140
Trd, 4318331.643, 140
Trd, 4318332.743, 140
Trd, 4318333.443, 140
Trd, 4318334.043, 140
Trd, 4318335.293, 140
Trd, 4318335.393, 140
Trd, 4318335.843, 140
Trd, 4318336.793, 140
Trd, 4318336.893, 140
Trd, 4318339.343, 140
Trd, 4318339.893, 140
Trd, 4318340.193, 140
Trd, 4318342.143, 140
Trd, 4318342.543, 140
Trd, 4318343.093, 140
Trd, 4318343.393, 140
Trd, 4318344.593, 140
Trd, 4318344.993, 140
Trd, 4318345.193, 140
Trd, 4318345.393, 140
Trd, 4318345.443, 140
Trd, 4318345.893, 140
Trd, 4318346.493, 139
Trd, 4318346.793, 138
Trd, 4318349.843, 60
Trd, 4318350.143, 64
Trd, 4318350.343, 67
Trd, 4318352.043, 140
Trd, 4318352.443, 140
Trd, 4318353.293, 140
Trd, 4318354.393, 140
Trd, 4318354.543, 140
Trd, 4318354.743, 140
Trd, 4318357.343, 140
Trd, 4318357.693, 140
Trd, 4318358.393, 140
Trd, 4318358.493, 140
Trd, 4318358.643, 140
Trd, 4318359.093, 140
Trd, 4318359.743, 140
Trd, 4318360.593, 140
Trd, 4318361.193, 140
Trd, 4318362.743, 140
Trd, 4318363.293, 140
Trd, 4318363.343, 140
Trd, 4318363.793, 140
Trd, 4318363.993, 140
Trd, 4318364.043, 140
Trd, 4318365.843, 140
Trd, 4318365.993, 140
Trd, 4318367.393, 140
Trd, 4318367.443, 140
Trd, 4318367.643, 140
Trd, 4318368.493, 140
Trd, 4318368.693, 140
Trd, 4318369.443, 140
Trd, 4318370.193, 140
Trd, 4318371.743, 140
Trd, 4318371.793, 140
Trd, 4318371.993, 140
Trd, 4318372.893, 140
Trd, 4318375.343, 140
Trd, 4318375.743, 140
Trd, 4318375.993, 140
Trd, 4318376.793, 140
Trd, 4318376.843, 140
Trd, 4318377.293, 140
Trd, 4318377.543, 140
Trd, 4318378.143, 140
Trd, 4318378.343, 139
Trd, 4318378.993, 139
Trd, 4318379.593, 61
Trd, 4318380.393, 115
Trd, 4318381.443, 140
Trd, 4318381.943, 140
Trd, 4318382.993, 140
Trd, 4318384.293, 140
Trd, 4318385.043, 140
Trd, 4318385.893, 140
Trd, 4318387.693, 140
Trd, 4318388.243, 140
Trd, 4318388.293, 140
Trd, 4318388.593, 140
Trd, 4318389.043, 140
Trd, 4318389.143, 140
Trd, 4318389.243, 140
Trd, 4318389.543, 140
Trd, 4318390.543, 140
Trd, 4318390.743, 140
Trd, 4318391.293, 140
Trd, 4318393.193, 140
Trd, 4318394.443, 140
Trd, 4318394.493, 140
Trd, 4318394.993, 140
Trd, 4318396.593, 140
Trd, 4318396.843, 140
Trd, 4318396.993, 140
Trd, 4318397.093, 140
Trd, 4318397.293, 140
Trd, 4318399.843, 140
Trd, 4318400.943, 140
Trd, 4318401.443, 140
Trd, 4318403.393, 140
Trd, 4318404.193, 140
Trd, 4318404.693, 140
Trd, 4318404.943, 140
Trd, 4318405.843, 140
Trd, 4318406.343, 140
Trd, 4318406.593, 140
Trd, 4318408.343, 140
Trd, 4318408.793, 140
Trd, 4318408.843, 140
Trd, 4318410.043, 140
Trd, 4318410.343, 140
Trd, 4318410.993, 140
Trd, 4318411.893, 140
Trd, 4318412.393, 140
Trd, 4318412.893, 140
Trd, 4318413.243, 140
Trd, 4318413.593, 140
Trd, 4318413.893, 140
Trd, 4318414.043, 140
Trd, 4318415.743, 140
Trd, 4318417.193, 140
Trd, 4318417.743, 140
Trd, 4318417.793, 140
Trd, 4318419.243, 140
Trd, 4318419.443, 140
Trd, 4318420.343, 140
Trd, 4318420.493, 140
Trd, 4318421.393, 140
Trd, 4318421.793, 140
Trd, 4318423.243, 140
Trd, 4318423.393, 140
Trd, 4318423.693, 140
Trd, 4318425.793, 140
Trd, 4318426.543, 140
Trd, 4318426.793, 140
Trd, 4318427.443, 140
Trd, 4318428.293, 138
Trd, 4318429.243, 64
Trd, 4318429.993, 61
Trd, 4318431.843, 60
Trd, 4318432.293, 61
Trd, 4318433.643, 60
Trd, 4318435.393, 60
Trd, 4318435.543, 60
Trd, 4318435.643, 60
Trd, 4318435.943, 102
Trd, 4318436.093, 136
Trd, 4318438.743, 80
Trd, 4318438.893, 77
Trd, 4318438.993, 76
Trd, 4318439.093, 91
Trd, 4318439.693, 74
Trd, 4318440.893, 60
Trd, 4318442.243, 60
Trd, 4318442.443, 68
Trd, 4318443.643, 60
Trd, 4318444.943, 60
Trd, 4318445.793, 63
Trd, 4318448.293, 60
Trd, 4318449.743, 60
Trd, 4318450.743, 60
Trd, 4318451.593, 60
Trd, 4318451.893, 62
Trd, 4318452.593, 71
Trd, 4318453.543, 69
Trd, 4318454.093, 69
Trd, 4318454.893, 81
Trd, 4318455.243, 82
Trd, 4318455.543, 76
Trd, 4318456.293, 140
Trd, 4318457.193, 140
Trd, 4318457.543, 140
Trd, 4318458.143, 140
Trd, 4318458.743, 140
Trd, 4318458.793, 140
Trd, 4318459.943, 140
Trd, 4318460.143, 140
Trd, 4318460.593, 140
Trd, 4318461.993, 140
Trd, 4318462.243, 140
Trd, 4318463.343, 140
Trd, 4318464.293, 140
Trd, 4318464.693, 140
Trd, 4318465.043, 140
Trd, 4318465.993, 140
Trd, 4318466.143, 140
Trd, 4318466.993, 139
Trd, 4318468.443, 140
Trd, 4318469.443, 64
Trd, 4318471.343, 60
Trd, 4318472.143, 60
Trd, 4318475.243, 60
Trd, 4318475.593, 61
Trd, 4318476.593, 63
Trd, 4318476.643, 64
Trd, 4318476.843, 65
Trd, 4318477.693, 67
Trd, 4318478.193, 67
Trd, 4318479.143, 140
Trd, 4318479.593, 140
Trd, 4318479.643, 140
Trd, 4318479.893, 140
Trd, 4318480.943, 140
Trd, 4318483.293, 140
Trd, 4318483.943, 140
Trd, 4318484.493, 140
Trd, 4318484.593, 140
Trd, 4318485.643, 140
Trd, 4318487.043, 140
Trd, 4318487.643, 140
Trd, 4318487.993, 140
Trd, 4318488.643, 140
Trd, 4318489.693, 140
Trd, 4318490.743, 140
Trd, 4318491.843, 140
Trd, 4318492.193, 140
Trd, 4318493.393, 140
Trd, 4318493.443, 140
Trd, 4318494.243, 140
Trd, 4318494.293, 140
Trd, 4318494.443, 139
Trd, 4318496.093, 140
Trd, 4318497.193, 140
Trd, 4318497.943, 140
Trd, 4318498.493, 140
Trd, 4318498.543, 140
Trd, 4318498.993, 140
Trd, 4318500.493, 140
Trd, 4318500.793, 140
Trd, 4318501.143, 140
Trd, 4318501.493, 140
Trd, 4318501.543, 140
Trd, 4318502.193, 136
Trd, 4318504.143, 140
Trd, 4318506.593, 140
Trd, 4318507.893, 140
Trd, 4318508.593, 140
Trd, 4318508.843, 140
Trd, 4318510.893, 140
Trd, 4318510.993, 140
Trd, 4318512.093, 140
Trd, 4318514.393, 140
Trd, 4318515.193, 140
Trd, 4318515.243, 140
Trd, 4318515.343, 140
Trd, 4318515.693, 140
Trd, 4318516.593, 140
Trd, 4318517.193, 140
Trd, 4318517.343, 140
Trd, 4318519.943, 140
Trd, 4318520.193, 140
Trd, 4318520.943, 140
Trd, 4318521.093, 140
Trd, 4318522.543, 140
Trd, 4318523.843, 140
Trd, 4318523.943, 140
Trd, 4318524.593, 140
Trd, 4318526.193, 140
Trd, 4318527.993, 140
Trd, 4318528.643, 140
Trd, 4318528.993, 140
Trd, 4318529.793, 140
Trd, 4318530.393, 140
Trd, 4318531.643, 140
Trd, 4318532.243, 140
Trd, 4318532.993, 140
Trd, 4318533.043, 140
Trd, 4318533.593, 140
Trd, 4318534.493, 140
Trd, 4318536.143, 140
Trd, 4318536.443, 140
Trd, 4318536.993, 140
Trd, 4318537.593, 140
Trd, 4318538.943, 140
Trd, 4318539.443, 140
Trd, 4318539.793, 140
Trd, 4318541.093, 140
Trd, 4318541.543, 140
Trd, 4318544.393, 140
Trd, 4318544.643, 140
Trd, 4318544.993, 140
Trd, 4318545.893, 140
Trd, 4318546.093, 140
Trd, 4318546.643, 140
Trd, 4318547.643, 140
Trd, 4318547.693, 140
Trd, 4318548.243, 140
Trd, 4318548.293, 140
Trd, 4318549.743, 140
Trd, 4318551.393, 140
Trd, 4318551.593, 140
Trd, 4318551.943, 140
Trd, 4318553.393, 140
Trd, 4318555.243, 140
Trd, 4318556.393, 140
Trd, 4318556.543, 140
Trd, 4318556.793, 140
Trd, 4318556.993, 140
Trd, 4318557.293, 140
Trd, 4318557.343, 140
Trd, 4318557.793, 139
Trd, 4318558.443, 140
Trd, 4318558.743, 140
Trd, 4318559.743, 140
Trd, 4318561.043, 140
Trd, 4318562.343, 140
Trd, 4318562.843, 140
Trd, 4318562.893, 140
Trd, 4318563.793, 140
Trd, 4318564.293, 140
Trd, 4318564.593, 139
Trd, 4318565.593, 72
Trd, 4318565.793, 139
Trd, 4318567.943, 140
Trd, 4318569.443, 140
Trd, 4318569.543, 140
Trd, 4318569.743, 140
Trd, 4318570.193, 140
Trd, 4318571.193, 140
Trd, 4318571.343, 140
Trd, 4318571.393, 140
Trd, 4318572.743, 140
Trd, 4318573.693, 140
Trd, 4318574.543, 140
Trd, 4318576.593, 140
Trd, 4318576.843, 140
Trd, 4318577.393, 140
Trd, 4318577.793, 140
Trd, 4318579.093, 140
Trd, 4318579.443, 140
Trd, 4318579.593, 140
Trd, 4318579.743, 139
Trd, 4318580.193, 139
Trd, 4318580.593, 60
Trd, 4318581.893, 60
Trd, 4318583.193, 60
Trd, 4318583.393, 65
Trd, 4318585.493, 60
Trd, 4318586.793, 60
Trd, 4318587.843, 60
Trd, 4318588.293, 60
Trd, 4318589.043, 60
Trd, 4318590.443, 61
Trd, 4318590.743, 61
Trd, 4318591.393, 65
Trd, 4318591.993, 71
Trd, 4318593.093, 67
Trd, 4318594.143, 140
Trd, 4318595.043, 140
Trd, 4318595.143, 140
Trd, 4318595.543, 140
Trd, 4318596.543, 140
Trd, 4318596.693, 140
Trd, 4318597.443, 140
Trd, 4318598.243, 140
Trd, 4318598.493, 140
Trd, 4318601.843, 140
Trd, 4318602.443, 140
Trd, 4318602.743, 140
Trd, 4318602.843, 140
Trd, 4318603.793, 140
Trd, 4318603.843, 140
Trd, 4318603.893, 139
Trd, 4318604.543, 139
Trd, 4318604.743, 138
Trd, 4318606.843, 63
Trd, 4318608.343, 60
Trd, 4318608.843, 63
Trd, 4318610.293, 63
Trd, 4318611.243, 65
Trd, 4318611.943, 62
Trd, 4318613.993, 60
Trd, 4318614.243, 60
Trd, 4318614.343, 60
Trd, 4318614.393, 61
Trd, 4318615.543, 64
Trd, 4318617.243, 73
Trd, 4318617.343, 79
Trd, 4318617.843, 72
Trd, 4318618.343, 73
Trd, 4318618.393, 132
Trd, 4318618.943, 135
Trd, 4318621.093, 84
Trd, 4318621.443, 85
Trd, 4318621.943, 88
Trd, 4318622.493, 140
Trd, 4318622.593, 140
Trd, 4318623.243, 140
Trd, 4318623.893, 140
Trd, 4318624.393, 140
Trd, 4318624.443, 140
Trd, 4318624.743, 140
Trd, 4318625.043, 69
Trd, 4318630.993, 60
Trd, 4318631.143, 60
Trd, 4318631.193, 60
Trd, 4318631.493, 60
Trd, 4318632.993, 60
Trd, 4318633.493, 60
Trd, 4318635.093, 91
Trd, 4318635.443, 77
Trd, 4318636.093, 125
Trd, 4318637.143, 83
Trd, 4318638.293, 138
Trd, 4318638.893, 137
Trd, 4318639.793, 138
Trd, 4318640.893, 140
Trd, 4318641.243, 140
Trd, 4318642.393, 140
Trd, 4318642.793, 140
Trd, 4318643.493, 140
Trd, 4318643.793, 140
Trd, 4318645.143, 140
Trd, 4318645.493, 140
Trd, 4318645.993, 140
Trd, 4318646.393, 140
Trd, 4318647.043, 140
Trd, 4318647.993, 140
Trd, 4318648.543, 140
Trd, 4318648.893, 140
Trd, 4318650.093, 140
Trd, 4318650.293, 140
Trd, 4318651.643, 140
Trd, 4318652.343, 140
Trd, 4318654.543, 140
Trd, 4318654.843, 140
Trd, 4318654.993, 140
Trd, 4318655.543, 140
Trd, 4318656.793, 140
Trd, 4318657.093, 140
Trd, 4318657.393, 140
Trd, 4318657.593, 140
Trd, 4318659.143, 140
Trd, 4318659.743, 140
Trd, 4318659.993, 140
Trd, 4318660.493, 140
Trd, 4318661.293, 140
Trd, 4318661.493, 140
Trd, 4318662.393, 140
Trd, 4318662.593, 140
Trd, 4318664.493, 140
Trd, 4318665.693, 140
Trd, 4318666.893, 140
Trd, 4318668.393, 140
Trd, 4318668.493, 140
Trd, 4318668.543, 140
Trd, 4318668.743, 140
Trd, 4318669.043, 140
Trd, 4318669.793, 140
Trd, 4318671.693, 140
Trd, 4318671.793, 140
Trd, 4318672.343, 140
Trd, 4318672.993, 140
Trd, 4318673.943, 140
Trd, 4318674.993, 140
Trd, 4318675.643, 140
Trd, 4318675.793, 140
Trd, 4318675.843, 140
Trd, 4318676.693, 140
Trd, 4318677.243, 140
Trd, 4318679.643, 140
Trd, 4318680.443, 140
Trd, 4318681.543, 140
Trd, 4318681.593, 140
Trd, 4318681.793, 140
Trd, 4318682.443, 140
Trd, 4318684.093, 140
Trd, 4318684.843, 140
Trd, 4318685.443, 140
Trd, 4318685.543, 140
Trd, 4318685.743, 139
Trd, 4318686.093, 138
Trd, 4318687.043, 71
Trd, 4318688.593, 69
Trd, 4318688.743, 70
Trd, 4318691.093, 68
Trd, 4318692.343, 60
Trd, 4318692.443, 61
Trd, 4318692.743, 63
Trd, 4318695.093, 140
Trd, 4318695.343, 140
Trd, 4318695.643, 140
Trd, 4318696.243, 140
Trd, 4318697.643, 140
Trd, 4318698.743, 140
Trd, 4318698.793, 140
Trd, 4318699.193, 140
Trd, 4318699.593, 140
Trd, 4318700.243, 140
Trd, 4318700.743, 140
Trd, 4318701.993, 140
Trd, 4318703.043, 140
Trd, 4318703.843, 140
Trd, 4318704.393, 140
Trd, 4318704.493, 140
Trd, 4318704.943, 140
Trd, 4318705.343, 140
Trd, 4318706.343, 140
Trd, 4318706.743, 140
Trd, 4318707.443, 140
Trd, 4318708.643, 140
Trd, 4318708.943, 140
Trd, 4318710.193, 140
Trd, 4318710.993, 140
Trd, 4318711.143, 140
Trd, 4318713.343, 140
Trd, 4318714.493, 140
Trd, 4318714.643, 140
Trd, 4318715.443, 140
Trd, 4318716.093, 140
Trd, 4318716.993, 140
Trd, 4318717.143, 140
Trd, 4318718.293, 140
Trd, 4318719.043, 140
Trd, 4318719.893, 140
Trd, 4318720.143, 140
Trd, 4318720.893, 140
Trd, 4318722.543, 140
Trd, 4318722.743, 140
Trd, 4318723.493, 140
Trd, 4318724.893, 140
Trd, 4318725.193, 140
Trd, 4318725.693, 140
Trd, 4318725.843, 140
Trd, 4318726.193, 140
Trd, 4318726.243, 140
Trd, 4318726.443, 140
Trd, 4318727.043, 140
Trd, 4318730.143, 140
Trd, 4318730.543, 140
Trd, 4318731.993, 140
Trd, 4318732.543, 140
Trd, 4318733.243, 140
Trd, 4318733.693, 140
Trd, 4318733.793, 140
Trd, 4318734.293, 140
Trd, 4318734.593, 140
Trd, 4318734.643, 140
Trd, 4318735.143, 140
Trd, 4318736.893, 140
Trd, 4318737.693, 140
Trd, 4318738.043, 140
Trd, 4318738.643, 140
Trd, 4318738.993, 139
Trd, 4318740.743, 140
Trd, 4318740.893, 140
Trd, 4318741.293, 140
Trd, 4318741.643, 140
Trd, 4318742.193, 140
Trd, 4318742.393, 140
Trd, 4318743.843, 140
Trd, 4318744.193, 140
Trd, 4318745.943, 140
Trd, 4318746.843, 140
Trd, 4318747.343, 140
Trd, 4318748.293, 140
Trd, 4318748.843, 140
Trd, 4318749.043, 140
Trd, 4318749.143, 140
Trd, 4318749.693, 140
Trd, 4318749.743, 140
Trd, 4318750.493, 140
Trd, 4318752.643, 140
Trd, 4318753.743, 140
Trd, 4318753.793, 140
Trd, 4318754.743, 140
Trd, 4318755.693, 140
Trd, 4318756.043, 140
Trd, 4318757.143, 140
Trd, 4318757.593, 140
Trd, 4318758.643, 140
Trd, 4318759.193, 140
Trd, 4318761.793, 140
Trd, 4318762.143, 140
Trd, 4318762.293, 140
Trd, 4318763.943, 140
Trd, 4318765.993, 140
Trd, 4318766.043, 140
Trd, 4318766.943, 140
Trd, 4318766.993, 140
Trd, 4318767.693, 140
Trd, 4318768.393, 140
Trd, 4318768.893, 140
Trd, 4318769.343, 140
Trd, 4318769.543, 140
Trd, 4318770.243, 140
Trd, 4318770.693, 139
Trd, 4318770.843, 140
Trd, 4318771.693, 140
Trd, 4318773.193, 140
Trd, 4318773.843, 140
Trd, 4318774.843, 140
Trd, 4318777.143, 140
Trd, 4318777.243, 140
Trd, 4318777.393, 140
Trd, 4318779.593, 140
Trd, 4318780.493, 140
Trd, 4318780.593, 140
Trd, 4318781.643, 140
Trd, 4318782.493, 140
Trd, 4318783.543, 140
Trd, 4318783.793, 140
Trd, 4318784.843, 140
Trd, 4318785.843, 140
Trd, 4318785.993, 140
Trd, 4318787.093, 140
Trd, 4318787.493, 140
Trd, 4318788.143, 140
Trd, 4318788.293, 140
Trd, 4318789.143, 140
Trd, 4318789.643, 140
Trd, 4318790.093, 140
Trd, 4318791.243, 140
Trd, 4318793.093, 140
Trd, 4318794.593, 140
Trd, 4318796.193, 140
Trd, 4318797.093, 140
Trd, 4318797.393, 140
Trd, 4318797.643, 140
Trd, 4318797.793, 140
Trd, 4318798.043, 140
Trd, 4318798.243, 140
Trd, 4318799.993, 140
Trd, 4318801.343, 140
Trd, 4318802.143, 70
Trd, 4318803.293, 140
Trd, 4318804.293, 140
Trd, 4318804.743, 140
Trd, 4318805.043, 140
Trd, 4318806.893, 140
Trd, 4318807.343, 140
Trd, 4318807.393, 140
Trd, 4318807.443, 140
Trd, 4318808.293, 140
Trd, 4318810.043, 140
Trd, 4318810.243, 140
Trd, 4318811.093, 140
Trd, 4318811.443, 140
Trd, 4318811.593, 140
Trd, 4318813.743, 140
Trd, 4318815.593, 140
Trd, 4318815.843, 140
Trd, 4318816.393, 140
Trd, 4318818.143, 140
Trd, 4318818.343, 140
Trd, 4318819.393, 140
Trd, 4318819.693, 140
Trd, 4318819.743, 140
Trd, 4318819.893, 140
Trd, 4318820.293, 140
Trd, 4318821.143, 140
Trd, 4318822.193, 140
Trd, 4318824.193, 140
Trd, 4318824.893, 140
Trd, 4318824.993, 140
Trd, 4318825.593, 140
Trd, 4318825.793, 140
Trd, 4318826.143, 140
Trd, 4318826.893, 140
Trd, 4318827.443, 140
Trd, 4318828.193, 140
Trd, 4318828.693, 140
Trd, 4318830.243, 140
Trd, 4318830.493, 140
Trd, 4318832.443, 140
Trd, 4318832.493, 140
Trd, 4318832.543, 140
Trd, 4318832.743, 140
Trd, 4318834.743, 140
Trd, 4318834.793, 140
Trd, 4318835.843, 140
Trd, 4318836.443, 140
Trd, 4318837.243, 140
Trd, 4318838.293, 140
Trd, 4318838.643, 140
Trd, 4318839.043, 140
Trd, 4318840.193, 140
Trd, 4318841.493, 140
Trd, 4318841.793, 140
Trd, 4318841.993, 140
Trd, 4318843.893, 140
Trd, 4318844.043, 140
Trd, 4318844.293, 140
Trd, 4318845.043, 140
Trd, 4318846.143, 140
Trd, 4318846.743, 140
Trd, 4318847.093, 140
Trd, 4318847.143, 140
Trd, 4318847.693, 140
Trd, 4318847.993, 140
Trd, 4318850.143, 140
Trd, 4318850.193, 140
Trd, 4318850.343, 140
Trd, 4318850.743, 140
Trd, 4318851.893, 140
Trd, 4318852.593, 140
Trd, 4318852.793, 140
Trd, 4318854.343, 140
Trd, 4318854.543, 140
Trd, 4318855.143, 140
Trd, 4318855.493, 140
Trd, 4318856.743, 140
Trd, 4318857.243, 140
Trd, 4318857.843, 140
Trd, 4318858.943, 140
Trd, 4318859.243, 140
Trd, 4318859.643, 140
Trd, 4318859.843, 140
Trd, 4318861.993, 140
Trd, 4318862.693, 140
Trd, 4318862.843, 140
Trd, 4318862.943, 140
Trd, 4318863.093, 140
Trd, 4318863.193, 140
Trd, 4318864.443, 140
Trd, 4318865.343, 140
Trd, 4318867.243, 140
Trd, 4318868.143, 140
Trd, 4318868.293, 140
Trd, 4318869.543, 140
Trd, 4318870.593, 140
Trd, 4318870.643, 140
Trd, 4318872.543, 140
Trd, 4318873.343, 140
Trd, 4318873.993, 140
Trd, 4318874.893, 140
Trd, 4318876.443, 140
Trd, 4318876.543, 140
Trd, 4318877.293, 140
Trd, 4318880.143, 140
Trd, 4318880.543, 140
Trd, 4318881.443, 140
Trd, 4318882.393, 140
Trd, 4318882.493, 140
Trd, 4318883.743, 140
Trd, 4318884.893, 140
Trd, 4318885.643, 140
Trd, 4318886.393, 140
Trd, 4318888.743, 140
Trd, 4318888.893, 140
Trd, 4318888.993, 140
Trd, 4318889.143, 140
Trd, 4318889.943, 140
Trd, 4318890.643, 140
Trd, 4318890.793, 140
Trd, 4318891.143, 140
Trd, 4318891.393, 140
Trd, 4318892.293, 140
Trd, 4318892.743, 140
Trd, 4318892.893, 140
Trd, 4318893.543, 140
Trd, 4318897.043, 140
Trd, 4318897.643, 140
Trd, 4318898.143, 140
Trd, 4318898.393, 140
Trd, 4318898.943, 140
Trd, 4318899.243, 140
Trd, 4318899.293, 140
Trd, 4318899.493, 140
Trd, 4318900.143, 140
Trd, 4318900.643, 139
Trd, 4318901.843, 65
Trd, 4318904.893, 61
Trd, 4318907.143, 60
Trd, 4318907.493, 61
Trd, 4318907.643, 61
Trd, 4318908.643, 76
Trd, 4318908.693, 66
Trd, 4318909.193, 67
Trd, 4318909.943, 67
Trd, 4318910.343, 91
Trd, 4318910.493, 106
Trd, 4318911.393, 94
Trd, 4318912.493, 140
Trd, 4318913.393, 75
Trd, 4318913.443, 73
Trd, 4318914.493, 79
Trd, 4318914.793, 79
Trd, 4318915.793, 121
Trd, 4318917.243, 82
Trd, 4318917.293, 98
Trd, 4318918.143, 82
Trd, 4318918.393, 100
Trd, 4318920.593, 140
Trd, 4318920.793, 140
Trd, 4318921.543, 140
Trd, 4318921.743, 140
Trd, 4318922.593, 140
Trd, 4318922.843, 140
Trd, 4318923.893, 140
Trd, 4318924.143, 140
Trd, 4318925.543, 140
Trd, 4318925.793, 140
Trd, 4318927.343, 139
Trd, 4318928.593, 140
Trd, 4318929.793, 140
Trd, 4318929.993, 140
Trd, 4318930.293, 140
Trd, 4318931.093, 140
Trd, 4318933.293, 140
Trd, 4318933.943, 140
Trd, 4318935.343, 140
Trd, 4318935.543, 140
Trd, 4318936.493, 140
Trd, 4318936.993, 140
Trd, 4318937.243, 140
Trd, 4318937.643, 140
Trd, 4318937.793, 140
Trd, 4318938.893, 140
Trd, 4318938.943, 140
Trd, 4318939.493, 140
Trd, 4318940.043, 140
Trd, 4318942.843, 140
Trd, 4318943.543, 140
Trd, 4318944.193, 140
Trd, 4318944.293, 140
Trd, 4318945.143, 140
Trd, 4318946.443, 140
Trd, 4318946.793, 140
Trd, 4318947.843, 140
Trd, 4318948.593, 140
Trd, 4318948.893, 140
Trd, 4318949.293, 140
Trd, 4318949.693, 140
Trd, 4318949.893, 140
Trd, 4318950.043, 140
Trd, 4318950.893, 140
Trd, 4318952.793, 140
Trd, 4318954.043, 140
Trd, 4318954.443, 140
Trd, 4318954.543, 140
Trd, 4318955.593, 140
Trd, 4318956.143, 140
Trd, 4318956.193, 140
Trd, 4318957.443, 140
Trd, 4318959.043, 140
Trd, 4318959.993, 140
Trd, 4318960.943, 140
Trd, 4318961.893, 140
Trd, 4318962.493, 140
Trd, 4318962.743, 140
Trd, 4318964.993, 140
Trd, 4318965.793, 140
Trd, 4318965.943, 140
Trd, 4318966.643, 140
Trd, 4318967.393, 140
Trd, 4318967.593, 140
Trd, 4318970.093, 140
Trd, 4318970.393, 140
Trd, 4318971.393, 140
Trd, 4318971.643, 140
Trd, 4318974.793, 140
Trd, 4318974.843, 140
Trd, 4318975.643, 140
Trd, 4318975.843, 140
Trd, 4318976.443, 140
Trd, 4318977.543, 140
Trd, 4318977.943, 140
Trd, 4318979.843, 140
Trd, 4318979.943, 140
Trd, 4318980.143, 140
Trd, 4318980.843, 140
Trd, 4318981.243, 139
Trd, 4318982.093, 139
Trd, 4318983.443, 140
Trd, 4318983.693, 140
Trd, 4318985.443, 140
Trd, 4318985.893, 140
Trd, 4318986.593, 140
Trd, 4318987.793, 140
Trd, 4318988.643, 140
Trd, 4318988.993, 140
Trd, 4318989.493, 140
Trd, 4318990.343, 140
Trd, 4318990.793, 140
Trd, 4318991.393, 140
Trd, 4318993.043, 140
Trd, 4318993.843, 140
Trd, 4318995.093, 140
Trd, 4318995.693, 140
Trd, 4318996.093, 140
Trd, 4318997.543, 140
Trd, 4318998.593, 140
Trd, 4318999.143, 140
Trd, 4318999.643, 140
Trd, 4318999.843, 140
Trd, 4319002.543, 140
Trd, 4319002.793, 140
Trd, 4319003.443, 140
Trd, 4319003.593, 140
Trd, 4319004.143, 140
Trd, 4319006.043, 140
Trd, 4319006.493, 140
Trd, 4319007.043, 140
Trd, 4319007.343, 140
Trd, 4319008.493, 140
Trd, 4319008.993, 140
Trd, 4319009.193, 140
Trd, 4319010.493, 140
Trd, 4319010.693, 140
Trd, 4319012.743, 140
Trd, 4319012.943, 140
Trd, 4319013.143, 140
Trd, 4319014.293, 140
Trd, 4319015.043, 140
Trd, 4319015.793, 140
Trd, 4319016.293, 140
Trd, 4319018.143, 140
Trd, 4319018.843, 140
Trd, 4319019.043, 140
Trd, 4319019.293, 140
Trd, 4319019.443, 140
Trd, 4319020.593, 140
Trd, 4319021.243, 140
Trd, 4319021.393, 140
Trd, 4319021.943, 140
Trd, 4319022.893, 140
Trd, 4319025.293, 140
Trd, 4319026.493, 140
Trd, 4319026.543, 140
Trd, 4319026.743, 140
Trd, 4319027.443, 139
Trd, 4319027.793, 138
Trd, 4319028.793, 140
Trd, 4319029.093, 140
Trd, 4319029.143, 140
Trd, 4319030.493, 140
Trd, 4319030.743, 140
Trd, 4319030.943, 139
Trd, 4319031.993, 140
Trd, 4319032.543, 140
Trd, 4319033.293, 140
Trd, 4319033.343, 140
Trd, 4319034.193, 140
Trd, 4319034.793, 140
Trd, 4319036.293, 140
Trd, 4319037.893, 140
Trd, 4319038.993, 140
Trd, 4319039.843, 140
Trd, 4319040.243, 140
Trd, 4319040.793, 140
Trd, 4319041.693, 140
Trd, 4319043.193, 140
Trd, 4319043.243, 140
Trd, 4319043.843, 140
Trd, 4319044.243, 140
Trd, 4319044.593, 140
Trd, 4319045.043, 140
Trd, 4319045.893, 140
Trd, 4319046.043, 140
Trd, 4319046.243, 139
Trd, 4319046.893, 140
Trd, 4319047.743, 140
Trd, 4319047.843, 140
Trd, 4319050.243, 140
Trd, 4319052.193, 140
Trd, 4319052.293, 140
Trd, 4319052.493, 140
Trd, 4319053.443, 140
Trd, 4319053.493, 140
Trd, 4319054.793, 140
Trd, 4319056.443, 140
Trd, 4319057.543, 140
Trd, 4319057.643, 140
Trd, 4319057.893, 140
Trd, 4319060.893, 140
Trd, 4319061.243, 140
Trd, 4319061.543, 140
Trd, 4319061.693, 140
Trd, 4319062.193, 140
Trd, 4319062.693, 140
Trd, 4319063.443, 140
Trd, 4319064.193, 140
Trd, 4319064.293, 140
Trd, 4319065.293, 140
Trd, 4319065.743, 140
Trd, 4319066.593, 140
Trd, 4319067.093, 140
Trd, 4319068.693, 140
Trd, 4319069.643, 140
Trd, 4319069.843, 140
Trd, 4319071.093, 140
Trd, 4319071.693, 140
Trd, 4319071.943, 140
Trd, 4319073.793, 140
Trd, 4319073.843, 140
Trd, 4319075.143, 140
Trd, 4319075.293, 140
Trd, 4319075.393, 140
Trd, 4319075.643, 140
Trd, 4319075.993, 140
Trd, 4319077.293, 140
Trd, 4319079.243, 140
Trd, 4319079.593, 140
Trd, 4319080.143, 140
Trd, 4319080.393, 140
Trd, 4319080.593, 139
Trd, 4319081.843, 139
Trd, 4319081.943, 138
Trd, 4319082.293, 138
Trd, 4319082.593, 137
Trd, 4319084.493, 140
Trd, 4319084.743, 139
Trd, 4319084.893, 139
Trd, 4319086.843, 140
Trd, 4319086.993, 140
Trd, 4319087.143, 140
Trd, 4319089.493, 140
Trd, 4319090.793, 140
Trd, 4319090.993, 140
Trd, 4319091.543, 140
Trd, 4319092.393, 140
Trd, 4319092.593, 140
Trd, 4319092.643, 140
Trd, 4319093.943, 140
Trd, 4319094.543, 140
Trd, 4319095.093, 140
Trd, 4319096.143, 140
Trd, 4319096.343, 140
Trd, 4319097.243, 140
Trd, 4319097.293, 140
Trd, 4319097.943, 140
Trd, 4319099.443, 140
Trd, 4319099.643, 140
Trd, 4319099.793, 140
Trd, 4319101.893, 140
Trd, 4319102.143, 140
Trd, 4319102.843, 140
Trd, 4319103.093, 140
Trd, 4319104.643, 140
Trd, 4319104.893, 140
Trd, 4319106.143, 140
Trd, 4319106.393, 140
Trd, 4319107.393, 140
Trd, 4319108.093, 140
Trd, 4319109.643, 140
Trd, 4319109.943, 140
Trd, 4319110.093, 140
Trd, 4319111.593, 140
Trd, 4319112.043, 140
Trd, 4319112.243, 140
Trd, 4319112.843, 140
Trd, 4319113.443, 140
Trd, 4319114.243, 140
Trd, 4319114.993, 140
Trd, 4319116.943, 140
Trd, 4319117.343, 140
Trd, 4319117.543, 140
Trd, 4319118.593, 140
Trd, 4319118.843, 140
Trd, 4319118.943, 140
Trd, 4319119.143, 140
Trd, 4319120.643, 140
Trd, 4319121.443, 140
Trd, 4319121.943, 140
Trd, 4319123.093, 140
Trd, 4319123.243, 140
Trd, 4319123.993, 140
Trd, 4319124.393, 140
Trd, 4319124.443, 139
Trd, 4319125.493, 140
Trd, 4319126.193, 140
Trd, 4319127.893, 140
Trd, 4319127.993, 140
Trd, 4319129.243, 140
Trd, 4319131.243, 140
Trd, 4319131.343, 140
Trd, 4319131.493, 140
Trd, 4319131.843, 140
Trd, 4319133.293, 140
Trd, 4319133.443, 140
Trd, 4319133.893, 140
Trd, 4319134.293, 140
Trd, 4319134.343, 139
Trd, 4319135.143, 139
Trd, 4319135.393, 138
Trd, 4319135.643, 136
Trd, 4319138.493, 60
Trd, 4319138.893, 60
Trd, 4319140.293, 63
Trd, 4319143.293, 60
Trd, 4319143.343, 60
Trd, 4319143.643, 67
Trd, 4319143.893, 60
Trd, 4319144.243, 61
Trd, 4319144.693, 62
Trd, 4319144.743, 63
Trd, 4319145.393, 65
Trd, 4319145.993, 138
Trd, 4319146.393, 139
Trd, 4319146.493, 139
Trd, 4319148.193, 140
Trd, 4319149.243, 140
Trd, 4319149.743, 140
Trd, 4319150.493, 140
Trd, 4319150.843, 140
Trd, 4319150.943, 140
Trd, 4319151.243, 140
Trd, 4319153.143, 140
Trd, 4319153.843, 140
Trd, 4319154.343, 140
Trd, 4319154.943, 140
Trd, 4319155.393, 140
Trd, 4319155.443, 140
Trd, 4319156.743, 140
Trd, 4319157.093, 140
Trd, 4319158.043, 140
Trd, 4319160.493, 140
Trd, 4319161.443, 140
Trd, 4319162.293, 140
Trd, 4319162.943, 140
Trd, 4319164.643, 140
Trd, 4319165.143, 140
Trd, 4319165.843, 140
Trd, 4319167.343, 140
Trd, 4319167.393, 140
Trd, 4319167.493, 140
Trd, 4319167.843, 139
Trd, 4319168.643, 140
Trd, 4319169.043, 139
Trd, 4319169.393, 139
Trd, 4319170.593, 140
Trd, 4319171.643, 140
Trd, 4319171.843, 139
Trd, 4319172.543, 140
Trd, 4319173.043, 140
Trd, 4319176.343, 140
Trd, 4319176.643, 140
Trd, 4319177.643, 140
Trd, 4319178.093, 140
Trd, 4319179.543, 140
Trd, 4319179.593, 140
Trd, 4319180.493, 140
Trd, 4319182.093, 140
Trd, 4319182.643, 140
Trd, 4319183.243, 140
Trd, 4319183.543, 140
Trd, 4319184.993, 140
Trd, 4319186.093, 140
Trd, 4319187.543, 140
Trd, 4319187.693, 140
Trd, 4319188.593, 140
Trd, 4319188.743, 140
Trd, 4319188.793, 140
Trd, 4319189.193, 140
Trd, 4319191.143, 140
Trd, 4319191.393, 140
Trd, 4319191.593, 140
Trd, 4319191.643, 140
Trd, 4319191.743, 140
Trd, 4319193.043, 140
Trd, 4319193.993, 140
Trd, 4319194.643, 140
Trd, 4319194.993, 140
Trd, 4319196.393, 140
Trd, 4319196.743, 140
Trd, 4319197.343, 140
Trd, 4319199.793, 140
Trd, 4319200.543, 140
Trd, 4319201.293, 140
Trd, 4319201.393, 140
Trd, 4319203.543, 140
Trd, 4319204.143, 140
Trd, 4319204.243, 140
Trd, 4319204.543, 140
Trd, 4319205.093, 140
Trd, 4319206.093, 140
Trd, 4319206.293, 140
Trd, 4319206.493, 140
Trd, 4319206.843, 140
Trd, 4319208.493, 140
Trd, 4319208.593, 140
Trd, 4319208.843, 140
Trd, 4319209.593, 140
Trd, 4319210.043, 139
Trd, 4319210.193, 138
Trd, 4319211.543, 140
Trd, 4319212.743, 140
Trd, 4319213.993, 140
Trd, 4319214.543, 140
Trd, 4319214.743, 140
Trd, 4319215.543, 140
Trd, 4319216.243, 140
Trd, 4319216.393, 140
Trd, 4319217.243, 140
Trd, 4319217.393, 140
Trd, 4319218.643, 140
Trd, 4319220.243, 140
Trd, 4319220.493, 140
Trd, 4319220.843, 140
Trd, 4319223.093, 140
Trd, 4319223.543, 140
Trd, 4319224.043, 140
Trd, 4319224.393, 140
Trd, 4319226.843, 140
Trd, 4319227.043, 140
Trd, 4319227.443, 140
Trd, 4319227.593, 140
Trd, 4319228.693, 140
Trd, 4319228.943, 140
Trd, 4319230.743, 140
Trd, 4319230.943, 140
Trd, 4319232.943, 140
Trd, 4319233.743, 140
Trd, 4319233.793, 140
Trd, 4319235.293, 140
Trd, 4319235.943, 140
Trd, 4319236.043, 140
Trd, 4319236.793, 140
Trd, 4319237.343, 140
Trd, 4319237.743, 140
Trd, 4319238.543, 140
Trd, 4319239.293, 140
Trd, 4319240.543, 140
Trd, 4319240.993, 140
Trd, 4319241.243, 140
Trd, 4319241.593, 140
Trd, 4319242.993, 140
Trd, 4319243.943, 140
Trd, 4319244.093, 140
Trd, 4319244.143, 140
Trd, 4319245.193, 140
Trd, 4319246.693, 140
Trd, 4319247.743, 140
Trd, 4319248.043, 140
Trd, 4319248.493, 140
Trd, 4319250.293, 140
Trd, 4319250.743, 140
Trd, 4319251.343, 140
Trd, 4319252.293, 140
Trd, 4319253.143, 140
Trd, 4319253.493, 140
Trd, 4319254.943, 140
Trd, 4319255.393, 140
Trd, 4319255.493, 140
Trd, 4319255.643, 140
Trd, 4319258.143, 140
Trd, 4319258.443, 140
Trd, 4319259.393, 140
Trd, 4319259.593, 140
Trd, 4319260.243, 140
Trd, 4319260.543, 140
Trd, 4319261.293, 140
Trd, 4319263.943, 140
Trd, 4319264.493, 140
Trd, 4319264.643, 140
Trd, 4319264.743, 140
Trd, 4319265.843, 140
Trd, 4319266.793, 140
Trd, 4319266.893, 140
Trd, 4319267.793, 140
Trd, 4319268.643, 140
Trd, 4319268.793, 140
Trd, 4319269.093, 140
Trd, 4319269.943, 140
Trd, 4319270.593, 140
Trd, 4319272.493, 140
Trd, 4319274.093, 140
Trd, 4319274.343, 140
Trd, 4319275.993, 140
Trd, 4319276.043, 140
Trd, 4319276.543, 140
Trd, 4319277.643, 140
Trd, 4319279.393, 140
Trd, 4319279.443, 140
Trd, 4319281.043, 140
Trd, 4319281.693, 140
Trd, 4319281.743, 140
Trd, 4319282.343, 140
Trd, 4319284.093, 140
Trd, 4319284.543, 140
Trd, 4319284.693, 140
Trd, 4319285.693, 140
Trd, 4319285.993, 140
Trd, 4319286.243, 140
Trd, 4319286.593, 140
Trd, 4319287.293, 140
Trd, 4319289.393, 140
Trd, 4319289.593, 140
Trd, 4319289.643, 138
Trd, 4319290.293, 140
Trd, 4319291.843, 140
Trd, 4319292.243, 140
Trd, 4319292.743, 140
Trd, 4319293.893, 140
Trd, 4319295.643, 140
Trd, 4319297.043, 140
Trd, 4319297.193, 140
Trd, 4319297.243, 140
Trd, 4319297.543, 140
Trd, 4319298.743, 140
Trd, 4319299.043, 140
Trd, 4319299.193, 140
Trd, 4319300.193, 140
Trd, 4319301.493, 140
Trd, 4319301.843, 140
Trd, 4319302.243, 140
Trd, 4319302.543, 140
Trd, 4319303.443, 140
Trd, 4319303.793, 140
Trd, 4319304.693, 140
Trd, 4319305.443, 140
Trd, 4319305.993, 140
Trd, 4319306.493, 140
Trd, 4319308.593, 140
Trd, 4319309.643, 140
Trd, 4319310.443, 140
Trd, 4319310.843, 140
Trd, 4319310.943, 140
Trd, 4319312.643, 140
Trd, 4319313.093, 140
Trd, 4319313.893, 140
Trd, 4319314.643, 140
Trd, 4319315.543, 140
Trd, 4319316.143, 140
Trd, 4319316.993, 140
Trd, 4319317.393, 140
Trd, 4319317.843, 140
Trd, 4319318.543, 140
Trd, 4319319.043, 140
Trd, 4319320.293, 140
Trd, 4319321.443, 140
Trd, 4319322.043, 140
Trd, 4319322.743, 140
Trd, 4319323.193, 140
Trd, 4319323.543, 140
Trd, 4319325.393, 140
Trd, 4319325.543, 140
Trd, 4319326.743, 140
Trd, 4319326.993, 140
Trd, 4319327.343, 140
Trd, 4319327.843, 140
Trd, 4319328.543, 140
Trd, 4319329.293, 140
Trd, 4319330.993, 140
Trd, 4319331.243, 140
Trd, 4319332.443, 140
Trd, 4319332.943, 140
Trd, 4319333.193, 140
Trd, 4319333.943, 140
Trd, 4319334.343, 140
Trd, 4319334.743, 140
Trd, 4319335.493, 140
Trd, 4319335.893, 140
Trd, 4319336.643, 140
Trd, 4319336.993, 140
Trd, 4319337.143, 140
Trd, 4319338.943, 140
Trd, 4319338.993, 140
Trd, 4319339.643, 140
Trd, 4319339.743, 140
Trd, 4319341.593, 140
Trd, 4319342.043, 140
Trd, 4319343.193, 140
Trd, 4319345.143, 140
Trd, 4319345.393, 140
Trd, 4319346.743, 140
Trd, 4319346.843, 140
Trd, 4319347.143, 140
Trd, 4319347.643, 140
Trd, 4319347.893, 140
Trd, 4319348.893, 140
Trd, 4319349.493, 140
Trd, 4319350.293, 140
Trd, 4319350.493, 140
Trd, 4319352.443, 140
Trd, 4319352.493, 140
Trd, 4319352.593, 140
Trd, 4319352.693, 140
Trd, 4319352.743, 139
Trd, 4319355.243, 140
Trd, 4319356.143, 140
Trd, 4319356.343, 140
Trd, 4319356.993, 140
Trd, 4319357.193, 140
Trd, 4319358.093, 140
Trd, 4319359.093, 140
Trd, 4319359.943, 140
Trd, 4319361.993, 140
Trd, 4319363.343, 140
Trd, 4319363.693, 140
Trd, 4319363.843, 140
Trd, 4319364.693, 140
Trd, 4319365.943, 140
Trd, 4319365.993, 140
Trd, 4319366.243, 140
Trd, 4319367.043, 140
Trd, 4319367.243, 140
Trd, 4319367.293, 140
Trd, 4319367.543, 140
Trd, 4319368.493, 138
Trd, 4319368.943, 121
Trd, 4319370.543, 140
Trd, 4319371.643, 140
Trd, 4319372.843, 140
Trd, 4319373.143, 140
Trd, 4319374.543, 140
Trd, 4319374.643, 140
Trd, 4319375.793, 140
Trd, 4319376.493, 140
Trd, 4319376.743, 140
Trd, 4319377.293, 140
Trd, 4319377.993, 140
Trd, 4319378.093, 140
Trd, 4319378.143, 140
Trd, 4319380.243, 140
Trd, 4319380.543, 140
Trd, 4319382.043, 140
Trd, 4319382.143, 140
Trd, 4319382.843, 140
Trd, 4319383.443, 140
Trd, 4319384.743, 140
Trd, 4319386.493, 140
Trd, 4319386.743, 140
Trd, 4319387.393, 140
Trd, 4319388.043, 140
Trd, 4319388.243, 140
Trd, 4319388.793, 140
Trd, 4319391.043, 140
Trd, 4319391.293, 140
Trd, 4319391.793, 140
Trd, 4319392.943, 140
Trd, 4319393.143, 140
Trd, 4319393.243, 140
Trd, 4319394.393, 140
Trd, 4319395.093, 140
Trd, 4319396.693, 140
Trd, 4319396.943, 140
Trd, 4319397.143, 140
Trd, 4319397.643, 140
Trd, 4319397.743, 140
Trd, 4319397.893, 140
Trd, 4319398.243, 140
Trd, 4319398.893, 138
Trd, 4319400.293, 138
Trd, 4319401.143, 140
Trd, 4319402.193, 140
Trd, 4319403.943, 140
Trd, 4319404.093, 140
Trd, 4319404.493, 140
Trd, 4319405.193, 140
Trd, 4319405.893, 140
Trd, 4319406.393, 140
Trd, 4319407.093, 140
Trd, 4319407.943, 140
Trd, 4319407.993, 140
Trd, 4319408.093, 140
Trd, 4319409.143, 140
Trd, 4319410.393, 140
Trd, 4319410.593, 140
Trd, 4319410.693, 140
Trd, 4319411.993, 140
Trd, 4319413.093, 140
Trd, 4319414.193, 140
Trd, 4319414.893, 140
Trd, 4319416.243, 140
Trd, 4319416.443, 140
Trd, 4319416.493, 140
Trd, 4319417.943, 140
Trd, 4319418.193, 140
Trd, 4319418.343, 140
Trd, 4319418.693, 137
Trd, 4319420.393, 140
Trd, 4319421.093, 140
Trd, 4319422.843, 140
Trd, 4319422.943, 140
Trd, 4319423.993, 140
Trd, 4319424.293, 140
Trd, 4319425.293, 140
Trd, 4319425.693, 140
Trd, 4319425.993, 140
Trd, 4319426.693, 140
Trd, 4319427.593, 140
Trd, 4319427.693, 140
Trd, 4319429.293, 140
Trd, 4319430.193, 140
Trd, 4319430.393, 140
Trd, 4319430.543, 140
Trd, 4319430.993, 140
Trd, 4319431.443, 140
Trd, 4319431.993, 140
Trd, 4319432.543, 140
Trd, 4319432.743, 140
Trd, 4319432.793, 140
Trd, 4319434.743, 140
Trd, 4319435.243, 140
Trd, 4319435.443, 140
Trd, 4319435.643, 140
Trd, 4319436.543, 140
Trd, 4319438.243, 140
Trd, 4319439.293, 140
Trd, 4319439.893, 140
Trd, 4319440.343, 140
Trd, 4319440.743, 140
Trd, 4319441.393, 140
Trd, 4319441.443, 140
Trd, 4319441.843, 140
Trd, 4319442.893, 140
Trd, 4319443.293, 140
Trd, 4319443.393, 140
Trd, 4319444.593, 140
Trd, 4319445.593, 140
Trd, 4319445.693, 140
Trd, 4319446.243, 140
Trd, 4319447.443, 140
Trd, 4319447.643, 140
Trd, 4319449.343, 140
Trd, 4319450.043, 140
Trd, 4319450.093, 140
Trd, 4319451.193, 140
Trd, 4319451.593, 140
Trd, 4319453.043, 140
Trd, 4319453.093, 140
Trd, 4319453.143, 140
Trd, 4319453.193, 140
Trd, 4319454.243, 140
Trd, 4319455.643, 140
Trd, 4319455.843, 140
Trd, 4319457.243, 140
Trd, 4319457.543, 140
Trd, 4319458.893, 140
Trd, 4319458.993, 140
Trd, 4319459.793, 140
Trd, 4319461.493, 140
Trd, 4319462.093, 140
Trd, 4319462.793, 140
Trd, 4319463.093, 140
Trd, 4319464.393, 140
Trd, 4319464.993, 140
Trd, 4319465.543, 140
Trd, 4319466.893, 140
Trd, 4319469.193, 140
Trd, 4319469.543, 140
Trd, 4319470.493, 140
Trd, 4319470.643, 140
Trd, 4319471.043, 140
Trd, 4319473.143, 140
Trd, 4319473.393, 140
Trd, 4319473.793, 140
Trd, 4319474.793, 140
Trd, 4319476.343, 140
Trd, 4319476.693, 140
Trd, 4319476.843, 140
Trd, 4319477.393, 140
Trd, 4319478.593, 140
Trd, 4319479.743, 140
Trd, 4319480.443, 140
Trd, 4319480.593, 140
Trd, 4319483.993, 140
Trd, 4319484.643, 140
Trd, 4319485.493, 140
Trd, 4319485.793, 140
Trd, 4319486.093, 140
Trd, 4319486.793, 140
Trd, 4319487.743, 140
Trd, 4319488.343, 140
Trd, 4319488.793, 140
Trd, 4319489.443, 140
Trd, 4319489.793, 140
Trd, 4319491.043, 140
Trd, 4319491.143, 140
Trd, 4319493.043, 140
Trd, 4319493.393, 140
Trd, 4319494.893, 140
Trd, 4319495.893, 140
Trd, 4319495.993, 140
Trd, 4319496.243, 140
Trd, 4319496.593, 140
Trd, 4319497.993, 140
Trd, 4319498.443, 140
Trd, 4319499.343, 140
Trd, 4319501.143, 140
Trd, 4319501.693, 140
Trd, 4319502.043, 140
Trd, 4319502.193, 140
Trd, 4319502.993, 140
Trd, 4319503.143, 140
Trd, 4319503.493, 140
Trd, 4319504.293, 140
Trd, 4319505.293, 140
Trd, 4319507.793, 140
Trd, 4319507.993, 140
Trd, 4319508.493, 140
Trd, 4319508.793, 140
Trd, 4319509.543, 140
Trd, 4319509.743, 140
Trd, 4319510.543, 140
Trd, 4319511.093, 140
Trd, 4319511.643, 140
Trd, 4319513.643, 140
Trd, 4319515.843, 140
Trd, 4319516.193, 140
Trd, 4319516.693, 140
Trd, 4319517.343, 140
Trd, 4319517.693, 140
Trd, 4319517.793, 140
Trd, 4319520.143, 140
Trd, 4319521.993, 140
Trd, 4319523.093, 140
Trd, 4319523.143, 140
Trd, 4319523.193, 140
Trd, 4319524.243, 140
Trd, 4319524.993, 140
Trd, 4319525.193, 140
Trd, 4319525.343, 140
Trd, 4319526.043, 140
Trd, 4319526.643, 140
Trd, 4319528.243, 140
Trd, 4319528.843, 140
Trd, 4319529.093, 140
Trd, 4319529.343, 140
Trd, 4319530.593, 140
Trd, 4319530.843, 140
Trd, 4319531.043, 140
Trd, 4319531.543, 140
Trd, 4319532.343, 140
Trd, 4319534.093, 140
Trd, 4319534.493, 140
Trd, 4319534.593, 140
Trd, 4319535.043, 140
Trd, 4319536.293, 139
Trd, 4319537.693, 60
Trd, 4319539.493, 61
Trd, 4319540.443, 60
Trd, 4319543.143, 60
Trd, 4319543.293, 60
Trd, 4319543.393, 60
Trd, 4319543.593, 60
Trd, 4319544.293, 62
Trd, 4319544.443, 65
Trd, 4319544.843, 68
Trd, 4319545.093, 66
Trd, 4319546.593, 140
Trd, 4319547.643, 140
Trd, 4319548.543, 74
Trd, 4319548.793, 76
Trd, 4319549.743, 140
Trd, 4319549.793, 138
Trd, 4319550.543, 78
Trd, 4319551.493, 131
Trd, 4319551.743, 140
Trd, 4319551.843, 139
Trd, 4319552.693, 69
Trd, 4319555.793, 60
Trd, 4319555.943, 60
Trd, 4319557.193, 61
Trd, 4319557.893, 60
Trd, 4319558.043, 60
Trd, 4319559.493, 60
Trd, 4319559.893, 63
Trd, 4319560.143, 63
Trd, 4319560.393, 62
Trd, 4319562.593, 60
Trd, 4319562.843, 60
Trd, 4319563.993, 65
Trd, 4319565.493, 92
Trd, 4319567.593, 60
Trd, 4319567.643, 61
Trd, 4319567.693, 63
Trd, 4319568.093, 63
Trd, 4319568.743, 140
Trd, 4319569.793, 66
Trd, 4319570.243, 68
Trd, 4319570.893, 64
Trd, 4319571.843, 139
Trd, 4319572.293, 140
Trd, 4319574.093, 140
Trd, 4319576.093, 140
Trd, 4319576.893, 140
Trd, 4319577.493, 140
Trd, 4319577.843, 140
Trd, 4319578.443, 140
Trd, 4319578.543, 140
Trd, 4319578.693, 140
Trd, 4319580.043, 140
Trd, 4319580.393, 140
Trd, 4319581.693, 140
Trd, 4319582.693, 140
Trd, 4319582.993, 140
Trd, 4319584.093, 140
Trd, 4319584.543, 140
Trd, 4319584.643, 140
Trd, 4319585.643, 140
Trd, 4319586.193, 140
Trd, 4319586.743, 140
Trd, 4319587.443, 140
Trd, 4319587.743, 140
Trd, 4319588.743, 60
Trd, 4319590.593, 140
Trd, 4319591.093, 140
Trd, 4319591.443, 140
Trd, 4319594.143, 140
Trd, 4319594.293, 140
Trd, 4319595.843, 140
Trd, 4319595.893, 140
Trd, 4319596.293, 140
Trd, 4319596.493, 138
Trd, 4319596.893, 138
Trd, 4319597.593, 140
Trd, 4319598.743, 140
Trd, 4319598.893, 140
Trd, 4319599.493, 140
Trd, 4319600.693, 140
Trd, 4319600.743, 140
Trd, 4319601.143, 140
Trd, 4319601.793, 140
Trd, 4319602.493, 140
Trd, 4319602.593, 140
Trd, 4319602.893, 140
Trd, 4319603.643, 139
Trd, 4319604.843, 140
Trd, 4319605.193, 140
Trd, 4319606.643, 140
Trd, 4319606.743, 140
Trd, 4319607.443, 140
Trd, 4319608.693, 140
Trd, 4319609.643, 140
Trd, 4319610.193, 140
Trd, 4319610.493, 140
Trd, 4319611.343, 140
Trd, 4319612.893, 140
Trd, 4319612.943, 140
Trd, 4319613.793, 140
Trd, 4319614.393, 140
Trd, 4319614.943, 140
Trd, 4319615.293, 140
Trd, 4319617.343, 140
Trd, 4319617.543, 140
Trd, 4319618.243, 140
Trd, 4319618.793, 140
Trd, 4319618.943, 140
Trd, 4319619.193, 140
Trd, 4319619.643, 140
Trd, 4319620.443, 140
Trd, 4319620.543, 140
Trd, 4319621.793, 140
Trd, 4319622.393, 140
Trd, 4319623.843, 140
Trd, 4319624.593, 140
Trd, 4319625.143, 140
Trd, 4319627.993, 140
Trd, 4319628.243, 140
Trd, 4319628.893, 140
Trd, 4319628.993, 140
Trd, 4319629.393, 140
Trd, 4319630.093, 140
Trd, 4319630.193, 140
Trd, 4319630.793, 140
Trd, 4319631.793, 140
Trd, 4319631.993, 140
Trd, 4319634.693, 140
Trd, 4319635.093, 140
Trd, 4319635.493, 140
Trd, 4319635.743, 140
Trd, 4319636.043, 140
Trd, 4319636.243, 140
Trd, 4319636.393, 140
Trd, 4319639.093, 140
Trd, 4319639.443, 140
Trd, 4319639.893, 140
Trd, 4319641.743, 140
Trd, 4319642.043, 140
Trd, 4319642.643, 140
Trd, 4319642.893, 140
Trd, 4319642.993, 139
Trd, 4319645.193, 140
Trd, 4319645.893, 140
Trd, 4319646.043, 140
Trd, 4319647.093, 140
Trd, 4319648.243, 140
Trd, 4319648.443, 140
Trd, 4319649.393, 140
Trd, 4319649.443, 140
Trd, 4319650.143, 140
Trd, 4319650.243, 140
Trd, 4319652.543, 140
Trd, 4319653.543, 140
Trd, 4319654.193, 140
Trd, 4319654.543, 140
Trd, 4319655.393, 140
Trd, 4319655.943, 140
Trd, 4319656.643, 140
Trd, 4319657.943, 140
Trd, 4319658.543, 140
Trd, 4319658.993, 140
Trd, 4319659.543, 140
Trd, 4319660.543, 140
Trd, 4319660.693, 140
Trd, 4319663.293, 140
Trd, 4319663.343, 140
Trd, 4319663.393, 140
Trd, 4319665.293, 140
Trd, 4319666.793, 140
Trd, 4319667.043, 140
Trd, 4319667.343, 140
Trd, 4319668.043, 140
Trd, 4319669.343, 140
Trd, 4319670.143, 140
Trd, 4319670.843, 140
Trd, 4319671.793, 140
Trd, 4319672.243, 140
Trd, 4319673.993, 140
Trd, 4319674.043, 140
Trd, 4319674.243, 140
Trd, 4319675.393, 140
Trd, 4319676.593, 140
Trd, 4319677.093, 140
Trd, 4319677.793, 140
Trd, 4319679.393, 140
Trd, 4319679.693, 140
Trd, 4319680.493, 140
Trd, 4319680.943, 140
Trd, 4319681.043, 140
Trd, 4319682.043, 140
Trd, 4319682.393, 140
Trd, 4319682.493, 140
Trd, 4319682.743, 140
Trd, 4319683.393, 140
Trd, 4319685.093, 140
Trd, 4319685.743, 140
Trd, 4319685.943, 140
Trd, 4319687.443, 140
Trd, 4319688.043, 140
Trd, 4319688.443, 140
Trd, 4319689.943, 140
Trd, 4319690.343, 140
Trd, 4319691.343, 140
Trd, 4319692.693, 140
Trd, 4319693.593, 140
Trd, 4319694.093, 140
Trd, 4319694.893, 140
Trd, 4319695.293, 140
Trd, 4319695.493, 140
Trd, 4319695.993, 140
Trd, 4319696.293, 140
Trd, 4319696.843, 140
Trd, 4319697.093, 140
Trd, 4319697.443, 140
Trd, 4319698.543, 140
Trd, 4319699.393, 140
Trd, 4319700.043, 140
Trd, 4319700.543, 140
Trd, 4319701.343, 140
Trd, 4319702.243, 140
Trd, 4319703.143, 140
Trd, 4319704.193, 140
Trd, 4319704.643, 140
Trd, 4319705.293, 140
Trd, 4319705.343, 140
Trd, 4319706.843, 140
Trd, 4319707.493, 139
Trd, 4319709.043, 140
Trd, 4319709.243, 140
Trd, 4319710.593, 140
Trd, 4319710.843, 140
Trd, 4319711.193, 140
Trd, 4319712.293, 140
Trd, 4319713.143, 140
Trd, 4319713.793, 140
Trd, 4319715.243, 140
Trd, 4319716.093, 140
Trd, 4319716.293, 140
Trd, 4319716.443, 140
Trd, 4319716.943, 140
Trd, 4319717.043, 140
Trd, 4319717.993, 140
Trd, 4319718.543, 140
Trd, 4319718.943, 139
Trd, 4319720.843, 140
Trd, 4319722.343, 140
Trd, 4319723.293, 140
Trd, 4319723.343, 140
Trd, 4319724.543, 140
Trd, 4319724.743, 140
Trd, 4319727.893, 140
Trd, 4319728.243, 140
Trd, 4319728.643, 140
Trd, 4319728.943, 140
Trd, 4319729.643, 140
Trd, 4319729.893, 140
Trd, 4319730.743, 140
Trd, 4319730.843, 140
Trd, 4319731.593, 140
Trd, 4319731.643, 140
Trd, 4319732.693, 140
Trd, 4319733.293, 140
Trd, 4319733.743, 140
Trd, 4319734.043, 140
Trd, 4319734.643, 140
Trd, 4319735.043, 140
Trd, 4319736.243, 140
Trd, 4319736.493, 140
Trd, 4319736.793, 140
Trd, 4319738.043, 140
Trd, 4319738.193, 140
Trd, 4319739.443, 140
Trd, 4319740.593, 140
Trd, 4319741.893, 140
Trd, 4319743.643, 140
Trd, 4319743.843, 140
Trd, 4319744.743, 140
Trd, 4319744.793, 140
Trd, 4319745.493, 140
Trd, 4319745.643, 140
Trd, 4319746.493, 140
Trd, 4319747.493, 140
Trd, 4319749.793, 140
Trd, 4319749.843, 140
Trd, 4319750.043, 140
Trd, 4319750.493, 140
Trd, 4319750.593, 140
Trd, 4319750.693, 140
Trd, 4319751.643, 140
Trd, 4319752.193, 140
Trd, 4319752.643, 140
Trd, 4319753.143, 140
Trd, 4319755.243, 140
Trd, 4319756.793, 140
Trd, 4319757.593, 140
Trd, 4319757.743, 140
Trd, 4319758.793, 140
Trd, 4319758.843, 140
Trd, 4319759.493, 140
Trd, 4319760.093, 140
Trd, 4319760.193, 140
Trd, 4319760.543, 140
Trd, 4319761.043, 140
Trd, 4319761.293, 140
Trd, 4319762.943, 140
Trd, 4319763.993, 140
Trd, 4319764.343, 140
Trd, 4319764.993, 140
Trd, 4319765.243, 140
Trd, 4319765.393, 140
Trd, 4319767.743, 140
Trd, 4319767.943, 140
Trd, 4319768.143, 140
Trd, 4319769.543, 140
Trd, 4319771.593, 140
Trd, 4319771.643, 140
Trd, 4319772.443, 140
Trd, 4319773.843, 140
Trd, 4319774.343, 140
Trd, 4319775.343, 140
Trd, 4319775.593, 140
Trd, 4319776.643, 140
Trd, 4319776.993, 140
Trd, 4319777.393, 140
Trd, 4319778.993, 140
Trd, 4319779.793, 140
Trd, 4319780.793, 140
Trd, 4319782.693, 140
Trd, 4319783.443, 140
Trd, 4319783.593, 140
Trd, 4319784.243, 140
Trd, 4319784.443, 140
Trd, 4319784.693, 140
Trd, 4319785.293, 140
Trd, 4319786.293, 140
Trd, 4319786.493, 140
Trd, 4319787.293, 140
Trd, 4319787.393, 140
Trd, 4319788.093, 140
Trd, 4319788.393, 140
Trd, 4319788.643, 139
Trd, 4319789.743, 140
Trd, 4319790.493, 63
Trd, 4319793.293, 69
Trd, 4319794.443, 60
Trd, 4319794.793, 60
Trd, 4319795.443, 60
Trd, 4319796.043, 87
Trd, 4319796.293, 63
Trd, 4319796.793, 64
Trd, 4319797.893, 140
Trd, 4319797.943, 140
Trd, 4319798.093, 140
Trd, 4319798.993, 140
Trd, 4319799.443, 136
Trd, 4319801.243, 109
Trd, 4319801.593, 60
Trd, 4319802.893, 60
Trd, 4319803.243, 60
Trd, 4319807.243, 60
Trd, 4319807.293, 60
Trd, 4319807.493, 60
Trd, 4319808.143, 60
Trd, 4319808.393, 60
Trd, 4319809.093, 140
Trd, 4319810.193, 64
Trd, 4319810.243, 65
Trd, 4319810.843, 112
Trd, 4319810.993, 129
Trd, 4319811.143, 66
Trd, 4319811.993, 69
Trd, 4319812.793, 70
Trd, 4319813.393, 140
Trd, 4319814.093, 139
Trd, 4319814.143, 70
Trd, 4319814.893, 140
Trd, 4319815.443, 140
Trd, 4319815.543, 140
Trd, 4319817.943, 140
Trd, 4319818.543, 140
Trd, 4319819.693, 140
Trd, 4319820.443, 140
Trd, 4319822.943, 140
Trd, 4319823.443, 140
Trd, 4319824.143, 140
Trd, 4319824.993, 140
Trd, 4319825.243, 140
Trd, 4319825.343, 139
Trd, 4319827.593, 140
Trd, 4319829.293, 140
Trd, 4319829.393, 140
Trd, 4319830.293, 140
Trd, 4319830.393, 140
Trd, 4319831.643, 140
Trd, 4319832.893, 140
Trd, 4319833.443, 140
Trd, 4319833.993, 140
Trd, 4319835.943, 140
Trd, 4319836.043, 140
Trd, 4319836.593, 140
Trd, 4319836.743, 140
Trd, 4319837.343, 140
Trd, 4319837.793, 140
Trd, 4319838.343, 140
Trd, 4319838.543, 140
Trd, 4319839.243, 140
Trd, 4319839.443, 140
Trd, 4319839.843, 140
Trd, 4319840.093, 140
Trd, 4319840.693, 138
Trd, 4319843.193, 140
Trd, 4319843.493, 140
Trd, 4319845.643, 140
Trd, 4319846.093, 140
Trd, 4319846.243, 140
Trd, 4319847.043, 140
Trd, 4319848.493, 140
Trd, 4319849.143, 140
Trd, 4319849.593, 140
Trd, 4319850.593, 140
Trd, 4319850.893, 140
Trd, 4319852.343, 140
Trd, 4319852.593, 140
Trd, 4319852.693, 140
Trd, 4319853.843, 140
Trd, 4319854.043, 140
Trd, 4319854.593, 139
Trd, 4319856.743, 140
Trd, 4319857.993, 140
Trd, 4319858.243, 140
Trd, 4319858.443, 140
Trd, 4319858.843, 140
Trd, 4319861.443, 140
Trd, 4319861.843, 140
Trd, 4319862.593, 140
Trd, 4319862.643, 140
Trd, 4319863.743, 140
Trd, 4319865.243, 140
Trd, 4319865.293, 140
Trd, 4319865.793, 140
Trd, 4319866.243, 140
Trd, 4319867.143, 140
Trd, 4319867.343, 140
Trd, 4319868.393, 140
Trd, 4319869.893, 140
Trd, 4319870.543, 140
Trd, 4319870.793, 140
Trd, 4319871.493, 140
Trd, 4319873.343, 140
Trd, 4319874.393, 140
Trd, 4319874.493, 140
Trd, 4319874.543, 140
Trd, 4319876.293, 140
Trd, 4319876.543, 140
Trd, 4319877.493, 140
Trd, 4319878.843, 140
Trd, 4319878.893, 140
Trd, 4319878.993, 140
Trd, 4319879.543, 140
Trd, 4319881.293, 140
Trd, 4319882.193, 140
Trd, 4319882.343, 140
Trd, 4319882.843, 140
Trd, 4319883.393, 140
Trd, 4319884.693, 140
Trd, 4319885.093, 140
Trd, 4319887.093, 140
Trd, 4319887.443, 140
Trd, 4319887.593, 140
Trd, 4319888.043, 140
Trd, 4319888.693, 140
Trd, 4319889.643, 140
Trd, 4319889.843, 140
Trd, 4319890.343, 140
Trd, 4319892.543, 140
Trd, 4319892.893, 140
Trd, 4319893.843, 140
Trd, 4319894.043, 140
Trd, 4319894.543, 140
Trd, 4319895.143, 140
Trd, 4319895.343, 140
Trd, 4319897.693, 140
Trd, 4319898.193, 140
Trd, 4319899.643, 140
Trd, 4319902.093, 140
Trd, 4319902.493, 140
Trd, 4319903.393, 140
Trd, 4319903.793, 140
Trd, 4319904.093, 140
Trd, 4319905.743, 140
Trd, 4319905.893, 140
Trd, 4319907.593, 140
Trd, 4319908.443, 140
Trd, 4319910.043, 140
Trd, 4319910.143, 140
Trd, 4319910.343, 140
Trd, 4319911.243, 140
Trd, 4319912.093, 140
Trd, 4319912.293, 140
Trd, 4319913.843, 140
Trd, 4319913.893, 140
Trd, 4319914.843, 140
Trd, 4319916.693, 140
Trd, 4319917.493, 140
Trd, 4319918.043, 140
Trd, 4319919.193, 140
Trd, 4319919.443, 140
Trd, 4319920.043, 140
Trd, 4319921.043, 140
Trd, 4319922.243, 140
Trd, 4319922.643, 140
Trd, 4319923.393, 140
Trd, 4319923.793, 140
Trd, 4319923.943, 140
Trd, 4319924.043, 140
Trd, 4319924.893, 140
Trd, 4319926.493, 140
Trd, 4319926.593, 140
Trd, 4319927.043, 140
Trd, 4319927.743, 140
Trd, 4319928.293, 139
Trd, 4319930.693, 140
Trd, 4319930.943, 140
Trd, 4319931.543, 140
Trd, 4319931.743, 140
Trd, 4319931.843, 138
Trd, 4319932.943, 140
Trd, 4319933.043, 140
Trd, 4319933.693, 140
Trd, 4319935.443, 140
Trd, 4319936.593, 140
Trd, 4319936.643, 140
Trd, 4319939.743, 140
Trd, 4319940.643, 140
Trd, 4319940.943, 140
Trd, 4319942.293, 140
Trd, 4319942.443, 140
Trd, 4319942.993, 140
Trd, 4319943.943, 140
Trd, 4319944.643, 140
Trd, 4319945.493, 140
Trd, 4319945.693, 140
Trd, 4319947.443, 140
Trd, 4319947.593, 140
Trd, 4319948.143, 140
Trd, 4319948.793, 140
Trd, 4319949.743, 140
Trd, 4319952.993, 140
Trd, 4319953.743, 140
Trd, 4319954.193, 140
Trd, 4319954.643, 140
Trd, 4319955.043, 140
Trd, 4319956.693, 140
Trd, 4319957.043, 140
Trd, 4319957.343, 140
Trd, 4319958.643, 140
Trd, 4319959.493, 140
Trd, 4319959.893, 140
Trd, 4319960.443, 140
Trd, 4319960.493, 140
Trd, 4319961.243, 139
Trd, 4319962.243, 137
Trd, 4319962.793, 140
Trd, 4319962.893, 136
Trd, 4319964.193, 61
Trd, 4319966.943, 62
Trd, 4319968.793, 63
Trd, 4319969.343, 60
Trd, 4319969.643, 65
Trd, 4319971.293, 64
Trd, 4319971.343, 64
Trd, 4319971.393, 71
Trd, 4319972.143, 70
Trd, 4319972.293, 68
Trd, 4319973.393, 72
Trd, 4319974.043, 76
Trd, 4319974.093, 85
Trd, 4319976.043, 103
Trd, 4319976.293, 105
Trd, 4319976.693, 92
Trd, 4319977.343, 140
Trd, 4319977.743, 140
Trd, 4319977.993, 140
Trd, 4319978.693, 140
Trd, 4319979.993, 140
Trd, 4319980.893, 140
Trd, 4319984.143, 140
Trd, 4319984.843, 140
Trd, 4319985.293, 140
Trd, 4319985.343, 140
Trd, 4319985.543, 140
Trd, 4319986.393, 140
Trd, 4319988.243, 140
Trd, 4319989.993, 140
Trd, 4319990.393, 140
Trd, 4319990.593, 140
Trd, 4319990.893, 140
Trd, 4319992.093, 140
Trd, 4319992.843, 140
Trd, 4319993.343, 140
Trd, 4319994.093, 140
Trd, 4319994.743, 140
Trd, 4319995.593, 140
Trd, 4319996.343, 140
Trd, 4319996.943, 140
Trd, 4319997.893, 140
Trd, 4319998.493, 140
Trd, 4319999.293, 140
Trd, 4319999.393, 140
Trd, 4319999.593, 140
