Trd, 4318065.393, 140
Trd, 4318066.593, 140
Trd, 4318066.743, 140
Trd, 4318067.643, 140
Trd, 4318068.343, 140
Trd, 4318068.793, 140
Trd, 4318069.443, 140
Trd, 4318069.493, 140
Trd, 4318069.693, 139
Trd, 4318069.893, 138
Trd, 4318073.743, 140
Trd, 4318074.193, 140
Trd, 4318074.693, 140
Trd, 4318074.843, 140
Trd, 4318075.393, 140
Trd, 4318075.843, 140
Trd, 4318079.943, 140
Trd, 4318080.393, 140
Trd, 4318081.743, 140
Trd, 4318082.293, 140
Trd, 4318082.543, 140
Trd, 4318082.693, 140
Trd, 4318082.793, 140
Trd, 4318084.543, 140
Trd, 4318084.643, 140
Trd, 4318084.993, 140
Trd, 4318085.143, 140
Trd, 4318085.793, 140
Trd, 4318086.543, 137
Trd, 4318088.993, 60
Trd, 4318089.593, 60
Trd, 4318090.143, 60
Trd, 4318090.643, 60
Trd, 4318091.543, 60
Trd, 4318092.943, 60
Trd, 4318093.693, 60
Trd, 4318094.993, 60
Trd, 4318095.393, 61
Trd, 4318095.493, 63
Trd, 4318095.693, 64
Trd, 4318096.143, 64
Trd, 4318096.243, 70
Trd, 4318097.643, 67
Trd, 4318098.043, 69
Trd, 4318099.043, 98
Trd, 4318101.543, 60
Trd, 4318102.643, 60
Trd, 4318102.693, 60
Trd, 4318105.493, 60
Trd, 4318105.643, 60
Trd, 4318105.843, 61
Trd, 4318106.343, 64
Trd, 4318106.543, 64
Trd, 4318106.593, 65
Trd, 4318107.243, 67
Trd, 4318107.543, 68
Trd, 4318109.993, 140
Trd, 4318112.493, 140
Trd, 4318112.543, 140
Trd, 4318114.293, 140
Trd, 4318114.543, 140
Trd, 4318114.693, 140
Trd, 4318115.143, 140
Trd, 4318115.543, 140
Trd, 4318116.393, 140
Trd, 4318117.343, 140
Trd, 4318117.843, 140
Trd, 4318118.393, 140
Trd, 4318118.693, 140
Trd, 4318119.143, 140
Trd, 4318120.943, 140
Trd, 4318122.293, 140
Trd, 4318122.643, 140
Trd, 4318123.043, 140
Trd, 4318123.593, 140
Trd, 4318126.443, 140
Trd, 4318126.793, 140
Trd, 4318126.893, 140
Trd, 4318126.993, 140
Trd, 4318127.793, 140
Trd, 4318128.593, 140
Trd, 4318129.243, 140
Trd, 4318129.543, 140
Trd, 4318131.743, 140
Trd, 4318132.243, 140
Trd, 4318132.393, 140
Trd, 4318133.193, 140
Trd, 4318134.943, 140
Trd, 4318135.943, 140
Trd, 4318136.493, 140
Trd, 4318136.593, 140
Trd, 4318137.043, 140
Trd, 4318138.743, 140
Trd, 4318139.143, 140
Trd, 4318139.193, 140
Trd, 4318139.843, 140
Trd, 4318140.393, 140
Trd, 4318141.343, 140
Trd, 4318142.343, 140
Trd, 4318142.943, 140
Trd, 4318143.193, 140
Trd, 4318144.193, 140
Trd, 4318145.143, 140
Trd, 4318145.393, 140
Trd, 4318146.543, 140
Trd, 4318147.393, 140
Trd, 4318148.643, 140
Trd, 4318149.143, 140
Trd, 4318149.243, 140
Trd, 4318149.393, 140
Trd, 4318149.843, 140
Trd, 4318150.443, 140
Trd, 4318151.493, 140
Trd, 4318153.043, 140
Trd, 4318154.943, 140
Trd, 4318155.143, 140
Trd, 4318155.543, 140
Trd, 4318156.793, 140
Trd, 4318157.243, 140
Trd, 4318157.493, 140
Trd, 4318157.943, 139
Trd, 4318157.993, 139
Trd, 4318158.643, 61
Trd, 4318159.943, 140
Trd, 4318162.393, 60
Trd, 4318163.393, 60
Trd, 4318163.493, 60
Trd, 4318164.293, 60
Trd, 4318164.593, 60
Trd, 4318167.143, 62
Trd, 4318167.243, 61
Trd, 4318167.593, 64
Trd, 4318168.043, 65
Trd, 4318168.393, 66
Trd, 4318168.993, 68
Trd, 4318170.843, 78
Trd, 4318170.993, 78
Trd, 4318171.343, 77
Trd, 4318172.293, 140
Trd, 4318172.743, 87
Trd, 4318176.493, 140
Trd, 4318177.193, 140
Trd, 4318177.443, 140
Trd, 4318177.893, 140
Trd, 4318178.393, 140
Trd, 4318179.243, 140
Trd, 4318179.493, 140
Trd, 4318179.643, 140
Trd, 4318180.293, 140
Trd, 4318182.343, 140
Trd, 4318182.793, 140
Trd, 4318183.993, 140
Trd, 4318186.343, 140
Trd, 4318187.943, 140
Trd, 4318188.493, 140
Trd, 4318190.243, 140
Trd, 4318190.593, 140
Trd, 4318190.943, 140
Trd, 4318191.443, 140
Trd, 4318191.593, 140
Trd, 4318192.043, 140
Trd, 4318192.493, 140
Trd, 4318193.193, 140
Trd, 4318193.543, 140
Trd, 4318193.693, 140
Trd, 4318193.793, 140
Trd, 4318194.143, 140
Trd, 4318196.893, 140
Trd, 4318197.493, 140
Trd, 4318199.143, 140
Trd, 4318199.393, 140
Trd, 4318200.043, 140
Trd, 4318201.743, 140
Trd, 4318202.493, 140
Trd, 4318204.243, 140
Trd, 4318205.693, 140
Trd, 4318206.343, 140
Trd, 4318206.443, 140
Trd, 4318206.743, 140
Trd, 4318206.843, 140
Trd, 4318207.193, 140
Trd, 4318207.593, 140
Trd, 4318207.793, 140
Trd, 4318210.943, 140
Trd, 4318211.143, 140
Trd, 4318211.443, 140
Trd, 4318213.993, 140
Trd, 4318215.593, 140
Trd, 4318215.893, 140
Trd, 4318216.143, 140
Trd, 4318217.043, 140
Trd, 4318217.093, 140
Trd, 4318217.343, 140
Trd, 4318218.093, 140
Trd, 4318219.143, 140
Trd, 4318219.193, 140
Trd, 4318220.193, 140
Trd, 4318220.443, 140
Trd, 4318222.093, 140
Trd, 4318223.393, 140
Trd, 4318223.843, 140
Trd, 4318225.293, 140
Trd, 4318225.643, 140
Trd, 4318227.293, 140
Trd, 4318228.993, 140
Trd, 4318229.043, 140
Trd, 4318229.493, 140
Trd, 4318230.243, 140
Trd, 4318230.593, 140
Trd, 4318231.693, 140
Trd, 4318231.743, 140
Trd, 4318232.143, 140
Trd, 4318232.893, 140
Trd, 4318233.193, 140
Trd, 4318233.243, 140
Trd, 4318233.943, 140
Trd, 4318235.143, 62
Trd, 4318235.793, 82
Trd, 4318236.093, 80
Trd, 4318236.993, 60
Trd, 4318239.243, 73
Trd, 4318240.293, 60
Trd, 4318241.993, 61
Trd, 4318242.343, 61
Trd, 4318242.593, 64
Trd, 4318242.643, 64
Trd, 4318244.443, 135
Trd, 4318244.643, 60
Trd, 4318245.043, 60
Trd, 4318247.993, 94
Trd, 4318248.493, 71
Trd, 4318250.743, 66
Trd, 4318251.543, 61
Trd, 4318251.743, 60
Trd, 4318252.143, 62
Trd, 4318252.743, 61
Trd, 4318253.143, 63
Trd, 4318253.343, 62
Trd, 4318253.443, 63
Trd, 4318254.543, 79
Trd, 4318256.343, 140
Trd, 4318256.843, 140
Trd, 4318257.243, 140
Trd, 4318257.743, 140
Trd, 4318259.443, 140
Trd, 4318260.643, 140
Trd, 4318261.043, 140
Trd, 4318262.543, 140
Trd, 4318263.193, 140
Trd, 4318263.293, 140
Trd, 4318263.343, 140
Trd, 4318263.393, 140
Trd, 4318264.543, 140
Trd, 4318266.443, 140
Trd, 4318269.243, 140
Trd, 4318269.943, 140
Trd, 4318270.243, 140
Trd, 4318270.493, 140
Trd, 4318270.743, 140
Trd, 4318271.293, 140
Trd, 4318271.443, 139
Trd, 4318272.043, 140
Trd, 4318272.743, 140
Trd, 4318273.393, 140
Trd, 4318273.443, 140
Trd, 4318274.293, 139
Trd, 4318275.743, 140
Trd, 4318277.043, 140
Trd, 4318277.843, 140
Trd, 4318279.743, 140
Trd, 4318280.293, 140
Trd, 4318280.393, 140
Trd, 4318280.843, 140
Trd, 4318281.593, 140
Trd, 4318283.293, 140
Trd, 4318283.393, 140
Trd, 4318283.993, 140
Trd, 4318285.043, 140
Trd, 4318285.693, 140
Trd, 4318287.543, 140
Trd, 4318289.993, 140
Trd, 4318290.393, 140
Trd, 4318290.943, 140
Trd, 4318291.493, 140
Trd, 4318293.043, 140
Trd, 4318294.693, 140
Trd, 4318294.843, 140
Trd, 4318295.143, 140
Trd, 4318297.043, 140
Trd, 4318298.893, 140
Trd, 4318299.393, 140
Trd, 4318299.443, 140
Trd, 4318299.693, 140
Trd, 4318300.143, 140
Trd, 4318300.793, 140
Trd, 4318301.443, 140
Trd, 4318301.593, 140
Trd, 4318301.843, 140
Trd, 4318302.193, 140
Trd, 4318304.043, 140
Trd, 4318304.593, 140
Trd, 4318305.293, 140
Trd, 4318307.193, 140
Trd, 4318308.393, 140
Trd, 4318309.493, 140
Trd, 4318309.943, 140
Trd, 4318310.593, 140
Trd, 4318312.393, 140
Trd, 4318312.743, 140
Trd, 4318313.243, 140
Trd, 4318313.993, 140
Trd, 4318314.343, 140
Trd, 4318315.143, 140
Trd, 4318316.293, 140
Trd, 4318316.493, 140
Trd, 4318316.843, 140
Trd, 4318317.793, 140
Trd, 4318317.893, 140
Trd, 4318318.643, 140
Trd, 4318318.943, 140
Trd, 4318320.943, 140
Trd, 4318322.743, 140
Trd, 4318323.043, 140
Trd, 4318324.293, 140
Trd, 4318325.693, 140
Trd, 4318327.143, 140
Trd, 4318328.343, 140
Trd, 4318329.493, 140
Trd, 4318330.243, 140
Trd, 4318330.293, 140
Trd, 4318331.993, 140
Trd, 4318332.393, 140
Trd, 4318332.693, 140
Trd, 4318333.043, 140
Trd, 4318333.243, 140
Trd, 4318335.793, 140
Trd, 4318336.343, 140
Trd, 4318337.993, 140
Trd, 4318338.293, 140
Trd, 4318338.543, 140
Trd, 4318338.593, 140
Trd, 4318338.693, 140
Trd, 4318338.893, 140
Trd, 4318339.343, 139
Trd, 4318339.743, 139
Trd, 4318340.043, 140
Trd, 4318342.293, 140
Trd, 4318343.343, 140
Trd, 4318343.593, 140
Trd, 4318346.793, 140
Trd, 4318347.893, 140
Trd, 4318347.943, 140
Trd, 4318348.393, 140
Trd, 4318348.593, 140
Trd, 4318348.793, 140
Trd, 4318348.943, 140
Trd, 4318349.143, 140
Trd, 4318349.893, 140
Trd, 4318350.143, 139
Trd, 4318350.393, 139
Trd, 4318350.893, 139
Trd, 4318352.893, 140
Trd, 4318353.143, 140
Trd, 4318354.943, 140
Trd, 4318355.443, 140
Trd, 4318356.943, 140
Trd, 4318356.993, 140
Trd, 4318357.793, 140
Trd, 4318359.193, 140
Trd, 4318360.793, 140
Trd, 4318360.943, 140
Trd, 4318361.993, 140
Trd, 4318362.643, 140
Trd, 4318363.843, 140
Trd, 4318363.943, 140
Trd, 4318364.393, 140
Trd, 4318364.943, 140
Trd, 4318366.243, 140
Trd, 4318366.293, 140
Trd, 4318366.593, 140
Trd, 4318366.743, 140
Trd, 4318367.193, 140
Trd, 4318367.243, 139
Trd, 4318368.793, 60
Trd, 4318371.943, 60
Trd, 4318372.843, 60
Trd, 4318373.193, 60
Trd, 4318373.443, 60
Trd, 4318374.043, 60
Trd, 4318374.643, 60
Trd, 4318375.543, 60
Trd, 4318375.743, 60
Trd, 4318375.943, 60
Trd, 4318376.293, 60
Trd, 4318376.443, 61
Trd, 4318378.093, 77
Trd, 4318378.243, 78
Trd, 4318379.993, 60
Trd, 4318380.593, 65
Trd, 4318381.493, 60
Trd, 4318383.293, 60
Trd, 4318384.993, 60
Trd, 4318385.493, 60
Trd, 4318385.793, 60
Trd, 4318386.093, 62
Trd, 4318387.193, 140
Trd, 4318387.643, 140
Trd, 4318388.793, 140
Trd, 4318389.343, 140
Trd, 4318389.643, 140
Trd, 4318390.193, 140
Trd, 4318390.943, 140
Trd, 4318392.093, 140
Trd, 4318393.643, 140
Trd, 4318394.743, 140
Trd, 4318395.143, 140
Trd, 4318395.193, 140
Trd, 4318395.293, 139
Trd, 4318395.893, 140
Trd, 4318396.693, 140
Trd, 4318396.843, 140
Trd, 4318397.043, 140
Trd, 4318397.643, 140
Trd, 4318397.943, 140
Trd, 4318398.593, 140
Trd, 4318401.893, 140
Trd, 4318402.943, 140
Trd, 4318403.293, 140
Trd, 4318403.343, 140
Trd, 4318403.393, 140
Trd, 4318405.493, 140
Trd, 4318406.543, 140
Trd, 4318408.093, 140
Trd, 4318408.193, 140
Trd, 4318409.693, 140
Trd, 4318410.043, 140
Trd, 4318411.243, 140
Trd, 4318411.743, 140
Trd, 4318411.843, 140
Trd, 4318414.143, 140
Trd, 4318414.993, 140
Trd, 4318415.043, 140
Trd, 4318415.093, 140
Trd, 4318415.993, 140
Trd, 4318416.643, 140
Trd, 4318416.893, 140
Trd, 4318417.543, 140
Trd, 4318418.493, 140
Trd, 4318419.643, 140
Trd, 4318421.793, 140
Trd, 4318422.593, 140
Trd, 4318423.443, 140
Trd, 4318423.993, 140
Trd, 4318424.143, 140
Trd, 4318424.343, 140
Trd, 4318424.593, 140
Trd, 4318424.843, 140
Trd, 4318426.143, 140
Trd, 4318426.243, 140
Trd, 4318427.093, 140
Trd, 4318427.593, 140
Trd, 4318428.693, 140
Trd, 4318429.293, 140
Trd, 4318431.143, 140
Trd, 4318432.893, 140
Trd, 4318433.243, 140
Trd, 4318434.693, 140
Trd, 4318437.143, 140
Trd, 4318437.243, 140
Trd, 4318437.293, 140
Trd, 4318438.243, 140
Trd, 4318439.043, 140
Trd, 4318439.993, 140
Trd, 4318441.143, 140
Trd, 4318441.543, 140
Trd, 4318441.643, 140
Trd, 4318442.193, 140
Trd, 4318442.293, 140
Trd, 4318442.993, 140
Trd, 4318443.043, 139
Trd, 4318444.043, 140
Trd, 4318446.143, 139
Trd, 4318446.493, 140
Trd, 4318447.393, 140
Trd, 4318449.093, 140
Trd, 4318450.093, 140
Trd, 4318450.643, 140
Trd, 4318451.893, 140
Trd, 4318454.243, 140
Trd, 4318454.393, 140
Trd, 4318455.843, 140
Trd, 4318456.143, 140
Trd, 4318456.443, 140
Trd, 4318456.543, 140
Trd, 4318457.893, 140
Trd, 4318459.843, 140
Trd, 4318460.843, 140
Trd, 4318461.693, 140
Trd, 4318461.943, 140
Trd, 4318461.993, 140
Trd, 4318462.643, 140
Trd, 4318463.393, 140
Trd, 4318463.943, 140
Trd, 4318464.143, 140
Trd, 4318466.793, 140
Trd, 4318468.393, 140
Trd, 4318468.493, 140
Trd, 4318469.043, 140
Trd, 4318469.393, 140
Trd, 4318471.093, 140
Trd, 4318472.343, 140
Trd, 4318473.693, 140
Trd, 4318474.143, 140
Trd, 4318475.893, 140
Trd, 4318476.393, 140
Trd, 4318478.093, 140
Trd, 4318478.693, 140
Trd, 4318478.743, 140
Trd, 4318479.043, 140
Trd, 4318480.893, 140
Trd, 4318482.593, 140
Trd, 4318482.793, 140
Trd, 4318483.043, 140
Trd, 4318483.343, 140
Trd, 4318485.393, 140
Trd, 4318487.543, 140
Trd, 4318489.493, 140
Trd, 4318489.893, 140
Trd, 4318492.943, 140
Trd, 4318493.243, 140
Trd, 4318494.243, 140
Trd, 4318494.443, 140
Trd, 4318495.093, 140
Trd, 4318495.393, 140
Trd, 4318495.493, 140
Trd, 4318495.543, 140
Trd, 4318496.543, 140
Trd, 4318496.593, 140
Trd, 4318496.643, 140
Trd, 4318496.693, 140
Trd, 4318497.943, 140
Trd, 4318499.193, 140
Trd, 4318500.243, 140
Trd, 4318501.893, 140
Trd, 4318504.693, 140
Trd, 4318505.643, 140
Trd, 4318506.793, 140
Trd, 4318506.943, 140
Trd, 4318508.143, 140
Trd, 4318508.343, 140
Trd, 4318508.643, 140
Trd, 4318509.043, 140
Trd, 4318510.393, 140
Trd, 4318510.493, 140
Trd, 4318511.243, 140
Trd, 4318513.393, 140
Trd, 4318514.893, 140
Trd, 4318516.193, 140
Trd, 4318516.593, 140
Trd, 4318517.043, 140
Trd, 4318517.593, 140
Trd, 4318517.743, 140
Trd, 4318517.993, 140
Trd, 4318518.093, 140
Trd, 4318519.243, 140
Trd, 4318521.643, 140
Trd, 4318525.393, 140
Trd, 4318525.493, 140
Trd, 4318525.893, 140
Trd, 4318526.593, 140
Trd, 4318527.243, 140
Trd, 4318529.493, 140
Trd, 4318529.893, 140
Trd, 4318530.593, 140
Trd, 4318532.493, 140
Trd, 4318534.543, 140
Trd, 4318534.643, 140
Trd, 4318535.193, 140
Trd, 4318535.993, 140
Trd, 4318536.143, 140
Trd, 4318536.293, 140
Trd, 4318536.543, 140
Trd, 4318536.943, 140
Trd, 4318537.043, 140
Trd, 4318537.343, 140
Trd, 4318537.693, 140
Trd, 4318538.593, 140
Trd, 4318538.693, 140
Trd, 4318539.843, 140
Trd, 4318541.293, 140
Trd, 4318542.793, 140
Trd, 4318543.643, 140
Trd, 4318543.893, 140
Trd, 4318544.943, 140
Trd, 4318545.493, 140
Trd, 4318547.043, 140
Trd, 4318547.643, 140
Trd, 4318548.093, 140
Trd, 4318549.043, 140
Trd, 4318550.243, 140
Trd, 4318550.693, 140
Trd, 4318551.393, 140
Trd, 4318552.143, 140
Trd, 4318553.193, 140
Trd, 4318554.093, 140
Trd, 4318555.843, 140
Trd, 4318556.493, 140
Trd, 4318558.343, 140
Trd, 4318558.893, 140
Trd, 4318558.993, 140
Trd, 4318559.493, 140
Trd, 4318561.893, 140
Trd, 4318562.443, 140
Trd, 4318562.993, 140
Trd, 4318563.143, 140
Trd, 4318563.243, 140
Trd, 4318563.993, 140
Trd, 4318564.693, 140
Trd, 4318566.293, 140
Trd, 4318567.493, 140
Trd, 4318568.543, 140
Trd, 4318568.943, 140
Trd, 4318568.993, 140
Trd, 4318569.243, 140
Trd, 4318570.393, 139
Trd, 4318571.693, 140
Trd, 4318571.793, 140
Trd, 4318572.443, 140
Trd, 4318574.343, 140
Trd, 4318576.643, 140
Trd, 4318576.693, 140
Trd, 4318577.243, 140
Trd, 4318578.043, 140
Trd, 4318579.393, 140
Trd, 4318579.843, 140
Trd, 4318579.893, 140
Trd, 4318580.393, 140
Trd, 4318580.593, 140
Trd, 4318581.243, 140
Trd, 4318581.843, 140
Trd, 4318582.093, 140
Trd, 4318582.643, 140
Trd, 4318582.793, 140
Trd, 4318584.293, 140
Trd, 4318584.543, 140
Trd, 4318585.793, 140
Trd, 4318587.293, 140
Trd, 4318587.393, 140
Trd, 4318587.593, 140
Trd, 4318588.243, 140
Trd, 4318589.643, 140
Trd, 4318590.793, 140
Trd, 4318591.743, 140
Trd, 4318593.843, 140
Trd, 4318594.193, 140
Trd, 4318594.993, 140
Trd, 4318595.193, 140
Trd, 4318595.743, 140
Trd, 4318595.843, 140
Trd, 4318596.693, 140
Trd, 4318598.293, 140
Trd, 4318600.343, 140
Trd, 4318600.843, 140
Trd, 4318600.893, 140
Trd, 4318601.693, 140
Trd, 4318601.743, 140
Trd, 4318603.943, 140
Trd, 4318604.193, 140
Trd, 4318605.443, 140
Trd, 4318605.743, 140
Trd, 4318605.993, 140
Trd, 4318606.493, 140
Trd, 4318607.943, 140
Trd, 4318611.493, 140
Trd, 4318612.743, 140
Trd, 4318613.343, 140
Trd, 4318613.843, 140
Trd, 4318614.243, 140
Trd, 4318616.843, 140
Trd, 4318616.993, 140
Trd, 4318617.143, 140
Trd, 4318618.343, 140
Trd, 4318618.593, 140
Trd, 4318619.243, 140
Trd, 4318620.343, 140
Trd, 4318620.443, 140
Trd, 4318620.893, 140
Trd, 4318621.193, 140
Trd, 4318621.293, 140
Trd, 4318621.893, 140
Trd, 4318622.793, 140
Trd, 4318623.443, 140
Trd, 4318623.543, 140
Trd, 4318623.643, 137
Trd, 4318625.293, 140
Trd, 4318625.993, 140
Trd, 4318626.343, 140
Trd, 4318628.243, 140
Trd, 4318628.343, 140
Trd, 4318630.693, 140
Trd, 4318631.243, 140
Trd, 4318632.643, 140
Trd, 4318632.793, 140
Trd, 4318632.843, 140
Trd, 4318632.943, 140
Trd, 4318633.143, 140
Trd, 4318633.243, 140
Trd, 4318635.943, 140
Trd, 4318636.143, 140
Trd, 4318636.843, 140
Trd, 4318637.793, 140
Trd, 4318637.843, 140
Trd, 4318638.143, 140
Trd, 4318638.343, 140
Trd, 4318638.393, 140
Trd, 4318639.543, 139
Trd, 4318639.743, 139
Trd, 4318640.193, 138
Trd, 4318641.743, 60
Trd, 4318642.393, 60
Trd, 4318643.043, 61
Trd, 4318644.893, 60
Trd, 4318645.143, 60
Trd, 4318646.193, 140
Trd, 4318647.743, 60
Trd, 4318647.793, 60
Trd, 4318648.793, 64
Trd, 4318649.043, 65
Trd, 4318649.093, 66
Trd, 4318651.343, 140
Trd, 4318651.793, 140
Trd, 4318652.043, 140
Trd, 4318652.843, 140
Trd, 4318653.393, 140
Trd, 4318654.243, 140
Trd, 4318654.293, 140
Trd, 4318654.793, 140
Trd, 4318655.643, 140
Trd, 4318655.693, 139
Trd, 4318655.893, 140
Trd, 4318656.043, 139
Trd, 4318658.243, 140
Trd, 4318658.593, 140
Trd, 4318659.893, 140
Trd, 4318660.593, 140
Trd, 4318660.843, 140
Trd, 4318661.743, 140
Trd, 4318661.893, 140
Trd, 4318663.893, 140
Trd, 4318664.393, 140
Trd, 4318664.593, 140
Trd, 4318665.043, 140
Trd, 4318666.393, 140
Trd, 4318666.993, 140
Trd, 4318667.743, 140
Trd, 4318669.593, 140
Trd, 4318670.393, 140
Trd, 4318671.043, 140
Trd, 4318671.593, 140
Trd, 4318672.093, 140
Trd, 4318673.443, 140
Trd, 4318673.593, 140
Trd, 4318674.143, 140
Trd, 4318674.843, 140
Trd, 4318675.193, 140
Trd, 4318676.093, 140
Trd, 4318677.093, 140
Trd, 4318677.543, 140
Trd, 4318677.693, 140
Trd, 4318677.793, 140
Trd, 4318679.343, 140
Trd, 4318679.543, 140
Trd, 4318680.193, 140
Trd, 4318680.843, 140
Trd, 4318681.393, 140
Trd, 4318683.293, 140
Trd, 4318683.393, 140
Trd, 4318683.493, 140
Trd, 4318683.793, 140
Trd, 4318684.843, 140
Trd, 4318685.293, 140
Trd, 4318686.043, 140
Trd, 4318686.693, 140
Trd, 4318686.843, 140
Trd, 4318688.393, 140
Trd, 4318688.643, 140
Trd, 4318689.893, 140
Trd, 4318690.243, 140
Trd, 4318690.443, 140
Trd, 4318690.593, 140
Trd, 4318690.993, 140
Trd, 4318692.243, 140
Trd, 4318692.843, 140
Trd, 4318695.243, 140
Trd, 4318695.443, 140
Trd, 4318698.343, 140
Trd, 4318700.043, 140
Trd, 4318700.543, 140
Trd, 4318701.643, 140
Trd, 4318702.543, 140
Trd, 4318702.993, 140
Trd, 4318703.093, 140
Trd, 4318703.243, 140
Trd, 4318705.143, 140
Trd, 4318706.443, 140
Trd, 4318706.643, 140
Trd, 4318707.093, 140
Trd, 4318707.593, 140
Trd, 4318708.543, 139
Trd, 4318709.743, 65
Trd, 4318711.443, 60
Trd, 4318712.043, 60
Trd, 4318714.793, 60
Trd, 4318714.993, 60
Trd, 4318716.743, 60
Trd, 4318717.093, 60
Trd, 4318717.143, 60
Trd, 4318717.993, 66
Trd, 4318718.393, 67
Trd, 4318718.743, 69
Trd, 4318719.293, 69
Trd, 4318719.843, 70
Trd, 4318719.943, 71
Trd, 4318720.943, 66
Trd, 4318721.043, 133
Trd, 4318722.343, 60
Trd, 4318725.043, 60
Trd, 4318727.093, 60
Trd, 4318727.443, 61
Trd, 4318727.943, 60
Trd, 4318729.643, 61
Trd, 4318729.893, 60
Trd, 4318730.243, 61
Trd, 4318730.893, 61
Trd, 4318731.243, 61
Trd, 4318731.593, 62
Trd, 4318731.743, 61
Trd, 4318731.893, 61
Trd, 4318732.043, 62
Trd, 4318735.743, 60
Trd, 4318736.193, 60
Trd, 4318738.043, 60
Trd, 4318739.093, 61
Trd, 4318740.093, 60
Trd, 4318740.493, 60
Trd, 4318741.043, 60
Trd, 4318741.093, 60
Trd, 4318741.593, 61
Trd, 4318743.293, 140
Trd, 4318743.693, 140
Trd, 4318743.843, 140
Trd, 4318745.743, 140
Trd, 4318748.043, 140
Trd, 4318749.343, 140
Trd, 4318749.693, 140
Trd, 4318750.843, 140
Trd, 4318751.693, 140
Trd, 4318751.793, 140
Trd, 4318753.293, 140
Trd, 4318753.493, 140
Trd, 4318754.243, 140
Trd, 4318754.443, 140
Trd, 4318755.893, 140
Trd, 4318759.293, 140
Trd, 4318759.443, 140
Trd, 4318759.643, 140
Trd, 4318761.393, 140
Trd, 4318761.943, 140
Trd, 4318762.243, 140
Trd, 4318762.493, 140
Trd, 4318762.793, 140
Trd, 4318763.743, 140
Trd, 4318765.043, 140
Trd, 4318765.293, 140
Trd, 4318766.043, 140
Trd, 4318768.243, 140
Trd, 4318769.193, 140
Trd, 4318769.443, 140
Trd, 4318770.593, 140
Trd, 4318771.043, 139
Trd, 4318772.193, 140
Trd, 4318772.393, 140
Trd, 4318773.443, 140
Trd, 4318774.293, 140
Trd, 4318774.543, 140
Trd, 4318775.493, 140
Trd, 4318777.793, 140
Trd, 4318777.993, 140
Trd, 4318778.493, 140
Trd, 4318779.693, 140
Trd, 4318781.493, 140
Trd, 4318782.293, 140
Trd, 4318782.493, 140
Trd, 4318785.143, 140
Trd, 4318785.643, 140
Trd, 4318786.543, 140
Trd, 4318786.693, 140
Trd, 4318786.893, 140
Trd, 4318787.893, 140
Trd, 4318788.243, 140
Trd, 4318790.493, 140
Trd, 4318790.943, 140
Trd, 4318791.993, 140
Trd, 4318793.343, 140
Trd, 4318797.693, 140
Trd, 4318797.793, 140
Trd, 4318798.043, 140
Trd, 4318799.843, 140
Trd, 4318800.143, 140
Trd, 4318800.643, 140
Trd, 4318800.743, 140
Trd, 4318801.343, 140
Trd, 4318801.493, 140
Trd, 4318801.893, 140
Trd, 4318802.193, 140
Trd, 4318802.743, 140
Trd, 4318803.543, 140
Trd, 4318803.843, 140
Trd, 4318804.343, 140
Trd, 4318804.493, 139
Trd, 4318805.993, 140
Trd, 4318806.443, 140
Trd, 4318806.993, 140
Trd, 4318808.543, 140
Trd, 4318810.493, 140
Trd, 4318811.193, 140
Trd, 4318811.993, 140
Trd, 4318812.743, 140
Trd, 4318812.893, 139
Trd, 4318815.843, 140
Trd, 4318815.943, 140
Trd, 4318815.993, 140
Trd, 4318816.193, 140
Trd, 4318816.643, 139
Trd, 4318817.293, 140
Trd, 4318819.293, 140
Trd, 4318819.343, 140
Trd, 4318820.443, 140
Trd, 4318822.593, 140
Trd, 4318823.443, 140
Trd, 4318823.893, 140
Trd, 4318824.293, 140
Trd, 4318824.493, 140
Trd, 4318824.543, 140
Trd, 4318824.943, 140
Trd, 4318826.443, 140
Trd, 4318826.543, 140
Trd, 4318826.793, 140
Trd, 4318826.943, 140
Trd, 4318827.443, 140
Trd, 4318828.493, 140
Trd, 4318829.343, 140
Trd, 4318829.593, 140
Trd, 4318831.793, 140
Trd, 4318833.593, 140
Trd, 4318833.643, 140
Trd, 4318834.543, 140
Trd, 4318836.543, 140
Trd, 4318836.593, 140
Trd, 4318836.893, 140
Trd, 4318837.143, 140
Trd, 4318837.943, 140
Trd, 4318838.343, 140
Trd, 4318838.743, 140
Trd, 4318839.143, 140
Trd, 4318839.943, 140
Trd, 4318842.343, 140
Trd, 4318842.843, 140
Trd, 4318843.543, 140
Trd, 4318844.293, 140
Trd, 4318845.743, 140
Trd, 4318847.993, 140
Trd, 4318848.743, 140
Trd, 4318848.943, 140
Trd, 4318851.543, 140
Trd, 4318851.693, 140
Trd, 4318851.943, 140
Trd, 4318852.343, 140
Trd, 4318853.343, 140
Trd, 4318853.593, 140
Trd, 4318853.793, 140
Trd, 4318854.393, 140
Trd, 4318854.943, 140
Trd, 4318855.093, 140
Trd, 4318856.493, 140
Trd, 4318856.943, 140
Trd, 4318857.543, 140
Trd, 4318858.243, 140
Trd, 4318858.493, 140
Trd, 4318860.343, 140
Trd, 4318860.493, 140
Trd, 4318862.543, 140
Trd, 4318863.593, 140
Trd, 4318865.843, 140
Trd, 4318866.193, 140
Trd, 4318868.293, 140
Trd, 4318868.893, 140
Trd, 4318869.443, 140
Trd, 4318870.093, 140
Trd, 4318870.793, 140
Trd, 4318871.143, 140
Trd, 4318871.743, 140
Trd, 4318871.893, 140
Trd, 4318872.393, 140
Trd, 4318872.493, 140
Trd, 4318873.093, 140
Trd, 4318873.343, 140
Trd, 4318873.393, 139
Trd, 4318874.443, 139
Trd, 4318875.993, 140
Trd, 4318876.143, 139
Trd, 4318876.443, 140
Trd, 4318877.043, 140
Trd, 4318878.143, 140
Trd, 4318879.443, 140
Trd, 4318879.693, 140
Trd, 4318880.593, 140
Trd, 4318881.343, 140
Trd, 4318881.693, 140
Trd, 4318881.793, 140
Trd, 4318884.043, 140
Trd, 4318885.043, 140
Trd, 4318887.543, 140
Trd, 4318888.243, 140
Trd, 4318888.693, 140
Trd, 4318890.343, 140
Trd, 4318890.393, 140
Trd, 4318890.593, 140
Trd, 4318890.893, 140
Trd, 4318891.343, 140
Trd, 4318891.493, 140
Trd, 4318892.743, 140
Trd, 4318894.293, 140
Trd, 4318895.093, 140
Trd, 4318895.493, 140
Trd, 4318896.443, 140
Trd, 4318896.793, 140
Trd, 4318897.993, 140
Trd, 4318898.043, 140
Trd, 4318898.343, 140
Trd, 4318898.493, 140
Trd, 4318898.593, 140
Trd, 4318898.693, 140
Trd, 4318902.743, 140
Trd, 4318903.293, 140
Trd, 4318904.543, 140
Trd, 4318904.643, 140
Trd, 4318905.343, 140
Trd, 4318906.343, 140
Trd, 4318906.643, 140
Trd, 4318906.693, 140
Trd, 4318906.793, 140
Trd, 4318907.943, 140
Trd, 4318908.243, 140
Trd, 4318910.093, 140
Trd, 4318910.293, 140
Trd, 4318911.293, 140
Trd, 4318913.843, 140
Trd, 4318914.243, 140
Trd, 4318914.293, 140
Trd, 4318914.793, 140
Trd, 4318914.893, 140
Trd, 4318914.943, 140
Trd, 4318916.943, 140
Trd, 4318918.343, 140
Trd, 4318919.093, 140
Trd, 4318919.143, 140
Trd, 4318919.693, 140
Trd, 4318919.793, 140
Trd, 4318920.193, 139
Trd, 4318920.443, 138
Trd, 4318921.993, 140
Trd, 4318922.143, 140
Trd, 4318922.943, 140
Trd, 4318923.893, 140
Trd, 4318925.193, 140
Trd, 4318927.443, 140
Trd, 4318928.143, 140
Trd, 4318928.693, 140
Trd, 4318929.243, 140
Trd, 4318931.043, 140
Trd, 4318931.843, 140
Trd, 4318932.193, 140
Trd, 4318932.393, 140
Trd, 4318932.943, 140
Trd, 4318933.043, 140
Trd, 4318934.543, 140
Trd, 4318934.643, 140
Trd, 4318934.993, 140
Trd, 4318935.743, 140
Trd, 4318938.343, 140
Trd, 4318938.493, 140
Trd, 4318938.693, 140
Trd, 4318939.093, 140
Trd, 4318940.543, 140
Trd, 4318942.393, 140
Trd, 4318942.693, 140
Trd, 4318945.843, 140
Trd, 4318947.843, 140
Trd, 4318948.143, 140
Trd, 4318948.393, 140
Trd, 4318948.843, 140
Trd, 4318948.993, 140
Trd, 4318950.043, 140
Trd, 4318951.193, 140
Trd, 4318951.993, 140
Trd, 4318952.693, 140
Trd, 4318954.843, 140
Trd, 4318957.943, 140
Trd, 4318960.043, 140
Trd, 4318960.143, 140
Trd, 4318960.243, 140
Trd, 4318960.893, 140
Trd, 4318961.093, 140
Trd, 4318961.693, 140
Trd, 4318962.093, 140
Trd, 4318962.743, 140
Trd, 4318963.043, 140
Trd, 4318963.743, 140
Trd, 4318964.093, 140
Trd, 4318966.293, 140
Trd, 4318966.843, 140
Trd, 4318967.093, 140
Trd, 4318968.243, 140
Trd, 4318970.743, 140
Trd, 4318970.993, 140
Trd, 4318971.343, 140
Trd, 4318973.043, 140
Trd, 4318973.743, 140
Trd, 4318974.443, 140
Trd, 4318974.793, 139
Trd, 4318974.993, 139
Trd, 4318975.443, 137
Trd, 4318975.493, 139
Trd, 4318975.993, 140
Trd, 4318977.943, 140
Trd, 4318978.543, 140
Trd, 4318978.893, 140
Trd, 4318979.243, 140
Trd, 4318980.393, 140
Trd, 4318984.043, 140
Trd, 4318984.693, 140
Trd, 4318985.243, 140
Trd, 4318985.493, 140
Trd, 4318985.993, 140
Trd, 4318986.893, 140
Trd, 4318988.243, 140
Trd, 4318988.893, 140
Trd, 4318988.993, 140
Trd, 4318989.293, 140
Trd, 4318989.393, 140
Trd, 4318989.893, 140
Trd, 4318990.293, 140
Trd, 4318992.093, 140
Trd, 4318993.193, 140
Trd, 4318995.243, 140
Trd, 4318995.643, 140
Trd, 4318996.543, 140
Trd, 4318997.293, 140
Trd, 4318997.593, 140
Trd, 4318998.443, 140
Trd, 4319000.793, 140
Trd, 4319001.543, 140
Trd, 4319001.793, 140
Trd, 4319001.843, 140
Trd, 4319002.343, 140
Trd, 4319002.443, 140
Trd, 4319003.143, 140
Trd, 4319003.643, 140
Trd, 4319003.793, 140
Trd, 4319003.893, 140
Trd, 4319004.343, 140
Trd, 4319006.393, 140
Trd, 4319006.593, 140
Trd, 4319006.993, 139
Trd, 4319007.443, 140
Trd, 4319009.043, 140
Trd, 4319009.693, 140
Trd, 4319009.843, 140
Trd, 4319010.043, 140
Trd, 4319010.493, 140
Trd, 4319011.243, 140
Trd, 4319011.993, 140
Trd, 4319012.193, 140
Trd, 4319012.693, 140
Trd, 4319012.743, 139
Trd, 4319014.693, 140
Trd, 4319015.343, 140
Trd, 4319016.043, 140
Trd, 4319016.293, 140
Trd, 4319016.343, 140
Trd, 4319016.593, 101
Trd, 4319018.843, 60
Trd, 4319019.643, 60
Trd, 4319020.093, 60
Trd, 4319020.993, 61
Trd, 4319021.793, 61
Trd, 4319022.293, 63
Trd, 4319024.543, 60
Trd, 4319025.393, 60
Trd, 4319026.893, 60
Trd, 4319026.943, 60
Trd, 4319027.293, 66
Trd, 4319027.843, 67
Trd, 4319028.193, 60
Trd, 4319029.593, 63
Trd, 4319030.243, 66
Trd, 4319030.443, 109
Trd, 4319030.843, 140
Trd, 4319030.993, 65
Trd, 4319031.693, 65
Trd, 4319032.093, 102
Trd, 4319032.543, 64
Trd, 4319033.593, 67
Trd, 4319034.743, 138
Trd, 4319035.493, 140
Trd, 4319035.693, 139
Trd, 4319035.943, 138
Trd, 4319036.443, 139
Trd, 4319037.543, 140
Trd, 4319037.643, 140
Trd, 4319038.793, 140
Trd, 4319039.743, 140
Trd, 4319040.393, 140
Trd, 4319041.393, 140
Trd, 4319041.943, 140
Trd, 4319043.243, 140
Trd, 4319044.193, 140
Trd, 4319045.543, 140
Trd, 4319046.293, 140
Trd, 4319046.343, 140
Trd, 4319046.893, 140
Trd, 4319047.493, 140
Trd, 4319048.443, 140
Trd, 4319050.193, 140
Trd, 4319051.843, 140
Trd, 4319052.243, 140
Trd, 4319052.543, 140
Trd, 4319053.943, 140
Trd, 4319054.143, 140
Trd, 4319054.443, 140
Trd, 4319054.943, 140
Trd, 4319055.493, 140
Trd, 4319055.993, 140
Trd, 4319056.043, 140
Trd, 4319056.093, 140
Trd, 4319056.243, 140
Trd, 4319058.093, 140
Trd, 4319059.243, 140
Trd, 4319060.293, 140
Trd, 4319062.293, 140
Trd, 4319065.943, 140
Trd, 4319066.743, 140
Trd, 4319066.943, 140
Trd, 4319067.643, 140
Trd, 4319068.443, 140
Trd, 4319068.543, 140
Trd, 4319068.843, 140
Trd, 4319069.893, 140
Trd, 4319069.993, 140
Trd, 4319071.993, 140
Trd, 4319073.293, 140
Trd, 4319073.693, 140
Trd, 4319075.293, 140
Trd, 4319076.043, 140
Trd, 4319076.193, 140
Trd, 4319076.343, 140
Trd, 4319076.593, 140
Trd, 4319076.643, 140
Trd, 4319077.743, 140
Trd, 4319078.393, 140
Trd, 4319079.593, 140
Trd, 4319080.193, 140
Trd, 4319080.893, 140
Trd, 4319082.043, 140
Trd, 4319083.293, 140
Trd, 4319083.843, 140
Trd, 4319084.393, 140
Trd, 4319085.993, 140
Trd, 4319086.093, 140
Trd, 4319087.643, 140
Trd, 4319087.793, 140
Trd, 4319091.843, 140
Trd, 4319091.943, 140
Trd, 4319091.993, 140
Trd, 4319092.493, 140
Trd, 4319092.543, 140
Trd, 4319092.793, 140
Trd, 4319093.293, 140
Trd, 4319093.743, 140
Trd, 4319094.393, 64
Trd, 4319095.993, 60
Trd, 4319096.693, 75
Trd, 4319097.743, 72
Trd, 4319098.943, 73
Trd, 4319100.093, 71
Trd, 4319102.643, 60
Trd, 4319103.443, 60
Trd, 4319104.293, 60
Trd, 4319104.593, 60
Trd, 4319104.643, 63
Trd, 4319105.143, 61
Trd, 4319105.493, 63
Trd, 4319106.643, 68
Trd, 4319108.293, 60
Trd, 4319109.643, 66
Trd, 4319109.743, 67
Trd, 4319110.743, 60
Trd, 4319111.793, 60
Trd, 4319114.643, 61
Trd, 4319117.443, 63
Trd, 4319117.643, 72
Trd, 4319119.493, 83
Trd, 4319119.893, 83
Trd, 4319120.693, 83
Trd, 4319120.893, 83
Trd, 4319121.343, 85
Trd, 4319121.693, 86
Trd, 4319121.743, 87
Trd, 4319121.943, 86
Trd, 4319122.193, 121
Trd, 4319122.943, 123
Trd, 4319125.643, 140
Trd, 4319126.143, 140
Trd, 4319128.143, 140
Trd, 4319128.243, 140
Trd, 4319128.843, 140
Trd, 4319129.193, 140
Trd, 4319129.243, 140
Trd, 4319129.993, 140
Trd, 4319131.693, 140
Trd, 4319132.243, 140
Trd, 4319132.543, 140
Trd, 4319133.743, 140
Trd, 4319133.893, 140
Trd, 4319134.243, 140
Trd, 4319135.743, 140
Trd, 4319137.093, 140
Trd, 4319137.143, 140
Trd, 4319137.193, 140
Trd, 4319138.193, 140
Trd, 4319138.443, 140
Trd, 4319139.943, 140
Trd, 4319140.393, 140
Trd, 4319141.793, 140
Trd, 4319142.943, 140
Trd, 4319143.293, 140
Trd, 4319144.443, 140
Trd, 4319144.943, 140
Trd, 4319145.443, 140
Trd, 4319146.893, 140
Trd, 4319148.343, 140
Trd, 4319150.643, 140
Trd, 4319151.343, 140
Trd, 4319152.393, 140
Trd, 4319152.943, 140
Trd, 4319152.993, 140
Trd, 4319153.243, 140
Trd, 4319153.693, 140
Trd, 4319154.793, 140
Trd, 4319154.843, 140
Trd, 4319158.193, 140
Trd, 4319158.793, 140
Trd, 4319160.243, 140
Trd, 4319162.643, 140
Trd, 4319163.893, 140
Trd, 4319164.293, 140
Trd, 4319164.893, 140
Trd, 4319164.943, 140
Trd, 4319166.043, 139
Trd, 4319167.343, 140
Trd, 4319167.643, 140
Trd, 4319167.943, 140
Trd, 4319169.743, 140
Trd, 4319169.943, 140
Trd, 4319170.843, 140
Trd, 4319172.243, 140
Trd, 4319172.493, 140
Trd, 4319173.143, 139
Trd, 4319174.793, 140
Trd, 4319175.243, 140
Trd, 4319175.343, 140
Trd, 4319175.443, 140
Trd, 4319175.843, 140
Trd, 4319176.643, 140
Trd, 4319176.843, 140
Trd, 4319177.393, 139
Trd, 4319180.893, 140
Trd, 4319181.243, 140
Trd, 4319182.143, 140
Trd, 4319182.343, 140
Trd, 4319183.093, 140
Trd, 4319183.693, 140
Trd, 4319184.043, 140
Trd, 4319184.443, 140
Trd, 4319185.743, 140
Trd, 4319186.543, 140
Trd, 4319190.343, 140
Trd, 4319191.143, 140
Trd, 4319191.993, 140
Trd, 4319192.293, 140
Trd, 4319192.393, 140
Trd, 4319192.443, 140
Trd, 4319193.643, 140
Trd, 4319194.143, 140
Trd, 4319194.443, 140
Trd, 4319195.293, 140
Trd, 4319195.443, 140
Trd, 4319195.493, 140
Trd, 4319196.343, 140
Trd, 4319196.643, 139
Trd, 4319197.343, 139
Trd, 4319197.643, 139
Trd, 4319198.343, 139
Trd, 4319199.893, 140
Trd, 4319202.393, 140
Trd, 4319203.693, 140
Trd, 4319204.243, 140
Trd, 4319204.393, 140
Trd, 4319206.043, 140
Trd, 4319208.093, 140
Trd, 4319208.743, 140
Trd, 4319209.693, 140
Trd, 4319209.793, 140
Trd, 4319210.693, 140
Trd, 4319210.843, 140
Trd, 4319210.943, 140
Trd, 4319212.293, 139
Trd, 4319213.043, 140
Trd, 4319214.843, 140
Trd, 4319216.493, 140
Trd, 4319217.693, 140
Trd, 4319217.843, 140
Trd, 4319218.543, 138
Trd, 4319219.493, 140
Trd, 4319219.593, 140
Trd, 4319219.743, 140
Trd, 4319219.993, 140
Trd, 4319220.543, 140
Trd, 4319223.193, 140
Trd, 4319224.043, 140
Trd, 4319224.093, 140
Trd, 4319224.243, 140
Trd, 4319224.443, 140
Trd, 4319224.693, 140
Trd, 4319225.693, 140
Trd, 4319225.943, 139
Trd, 4319226.793, 61
Trd, 4319228.743, 60
Trd, 4319230.693, 60
Trd, 4319230.743, 60
Trd, 4319230.893, 60
Trd, 4319231.343, 60
Trd, 4319231.643, 62
Trd, 4319233.393, 61
Trd, 4319233.793, 66
Trd, 4319234.293, 63
Trd, 4319234.343, 64
Trd, 4319234.843, 65
Trd, 4319235.743, 120
Trd, 4319236.843, 139
Trd, 4319239.343, 94
Trd, 4319239.593, 94
Trd, 4319239.793, 133
Trd, 4319240.243, 90
Trd, 4319240.643, 134
Trd, 4319241.143, 95
Trd, 4319241.243, 90
Trd, 4319241.843, 90
Trd, 4319243.093, 131
Trd, 4319243.993, 101
Trd, 4319244.143, 129
Trd, 4319244.993, 105
Trd, 4319247.643, 140
Trd, 4319248.143, 140
Trd, 4319249.743, 140
Trd, 4319251.793, 140
Trd, 4319252.243, 140
Trd, 4319252.843, 140
Trd, 4319253.093, 140
Trd, 4319254.093, 140
Trd, 4319255.843, 140
Trd, 4319255.943, 140
Trd, 4319255.993, 140
Trd, 4319256.743, 140
Trd, 4319256.993, 140
Trd, 4319257.693, 140
Trd, 4319258.393, 140
Trd, 4319260.793, 140
Trd, 4319261.893, 140
Trd, 4319262.193, 140
Trd, 4319263.993, 140
Trd, 4319264.193, 140
Trd, 4319265.093, 140
Trd, 4319266.043, 140
Trd, 4319266.943, 140
Trd, 4319267.243, 140
Trd, 4319270.193, 140
Trd, 4319270.743, 140
Trd, 4319270.943, 140
Trd, 4319271.293, 140
Trd, 4319271.593, 140
Trd, 4319272.343, 140
Trd, 4319272.643, 140
Trd, 4319273.043, 140
Trd, 4319275.493, 140
Trd, 4319275.543, 140
Trd, 4319275.693, 140
Trd, 4319276.693, 140
Trd, 4319277.893, 140
Trd, 4319279.543, 140
Trd, 4319280.793, 140
Trd, 4319280.943, 140
Trd, 4319285.043, 140
Trd, 4319285.643, 140
Trd, 4319285.843, 140
Trd, 4319285.943, 140
Trd, 4319286.043, 140
Trd, 4319286.443, 140
Trd, 4319286.843, 140
Trd, 4319286.993, 140
Trd, 4319287.343, 140
Trd, 4319288.143, 140
Trd, 4319289.143, 140
Trd, 4319289.193, 140
Trd, 4319289.943, 140
Trd, 4319290.043, 140
Trd, 4319290.093, 139
Trd, 4319290.743, 138
Trd, 4319292.043, 140
Trd, 4319294.343, 60
Trd, 4319295.093, 60
Trd, 4319295.793, 60
Trd, 4319296.343, 60
Trd, 4319297.243, 60
Trd, 4319297.943, 60
Trd, 4319298.593, 60
Trd, 4319301.443, 60
Trd, 4319302.493, 60
Trd, 4319303.893, 60
Trd, 4319304.143, 60
Trd, 4319304.793, 62
Trd, 4319305.293, 62
Trd, 4319305.643, 76
Trd, 4319306.643, 139
Trd, 4319306.793, 139
Trd, 4319306.993, 137
Trd, 4319307.543, 139
Trd, 4319309.243, 140
Trd, 4319310.243, 140
Trd, 4319310.693, 140
Trd, 4319311.143, 140
Trd, 4319312.093, 140
Trd, 4319312.293, 140
Trd, 4319312.343, 140
Trd, 4319315.693, 140
Trd, 4319316.093, 140
Trd, 4319316.843, 140
Trd, 4319317.093, 140
Trd, 4319317.793, 140
Trd, 4319318.343, 140
Trd, 4319318.843, 140
Trd, 4319319.193, 140
Trd, 4319319.243, 138
Trd, 4319321.643, 140
Trd, 4319321.843, 140
Trd, 4319321.893, 140
Trd, 4319321.943, 140
Trd, 4319322.243, 140
Trd, 4319323.193, 140
Trd, 4319324.693, 140
Trd, 4319326.743, 140
Trd, 4319327.243, 140
Trd, 4319327.743, 140
Trd, 4319327.943, 140
Trd, 4319328.043, 139
Trd, 4319330.193, 140
Trd, 4319330.843, 140
Trd, 4319331.143, 140
Trd, 4319332.493, 140
Trd, 4319333.743, 140
Trd, 4319334.193, 140
Trd, 4319334.643, 140
Trd, 4319337.493, 140
Trd, 4319337.643, 140
Trd, 4319337.943, 140
Trd, 4319338.143, 139
Trd, 4319338.793, 140
Trd, 4319340.143, 140
Trd, 4319340.943, 140
Trd, 4319341.393, 139
Trd, 4319341.543, 139
Trd, 4319341.793, 140
Trd, 4319342.493, 140
Trd, 4319343.243, 140
Trd, 4319344.893, 140
Trd, 4319345.893, 140
Trd, 4319346.443, 140
Trd, 4319346.793, 140
Trd, 4319346.893, 140
Trd, 4319347.043, 140
Trd, 4319347.143, 140
Trd, 4319351.093, 140
Trd, 4319352.393, 140
Trd, 4319352.693, 140
Trd, 4319353.043, 140
Trd, 4319353.443, 140
Trd, 4319353.893, 140
Trd, 4319355.543, 140
Trd, 4319355.693, 140
Trd, 4319355.893, 140
Trd, 4319356.643, 140
Trd, 4319356.943, 140
Trd, 4319357.093, 140
Trd, 4319358.593, 140
Trd, 4319358.993, 140
Trd, 4319359.893, 140
Trd, 4319360.693, 140
Trd, 4319360.943, 140
Trd, 4319361.443, 140
Trd, 4319363.093, 140
Trd, 4319363.143, 140
Trd, 4319363.493, 140
Trd, 4319364.093, 140
Trd, 4319364.143, 140
Trd, 4319364.343, 140
Trd, 4319364.393, 140
Trd, 4319367.493, 140
Trd, 4319368.293, 140
Trd, 4319369.443, 140
Trd, 4319369.943, 140
Trd, 4319371.593, 140
Trd, 4319373.843, 140
Trd, 4319373.893, 140
Trd, 4319374.343, 140
Trd, 4319374.843, 140
Trd, 4319375.543, 140
Trd, 4319375.643, 140
Trd, 4319376.143, 140
Trd, 4319376.743, 140
Trd, 4319377.243, 140
Trd, 4319377.543, 140
Trd, 4319379.143, 140
Trd, 4319379.393, 139
Trd, 4319379.643, 140
Trd, 4319384.043, 140
Trd, 4319385.793, 140
Trd, 4319385.993, 140
Trd, 4319386.043, 140
Trd, 4319386.343, 140
Trd, 4319386.893, 140
Trd, 4319387.893, 140
Trd, 4319388.693, 140
Trd, 4319391.043, 140
Trd, 4319391.693, 140
Trd, 4319391.743, 140
Trd, 4319391.793, 140
Trd, 4319392.093, 140
Trd, 4319392.943, 140
Trd, 4319395.293, 140
Trd, 4319397.243, 140
Trd, 4319397.593, 140
Trd, 4319397.843, 140
Trd, 4319398.143, 140
Trd, 4319398.443, 140
Trd, 4319398.943, 140
Trd, 4319399.193, 140
Trd, 4319399.593, 140
Trd, 4319399.943, 140
Trd, 4319400.493, 140
Trd, 4319400.943, 140
Trd, 4319403.693, 140
Trd, 4319403.993, 140
Trd, 4319404.143, 140
Trd, 4319405.993, 140
Trd, 4319407.243, 140
Trd, 4319409.343, 140
Trd, 4319409.443, 140
Trd, 4319411.143, 140
Trd, 4319411.493, 140
Trd, 4319412.693, 140
Trd, 4319412.893, 140
Trd, 4319412.993, 140
Trd, 4319413.143, 140
Trd, 4319413.243, 140
Trd, 4319413.693, 140
Trd, 4319416.293, 140
Trd, 4319417.043, 140
Trd, 4319417.193, 140
Trd, 4319418.093, 140
Trd, 4319419.393, 140
Trd, 4319419.543, 140
Trd, 4319420.393, 140
Trd, 4319421.793, 140
Trd, 4319422.343, 140
Trd, 4319423.643, 140
Trd, 4319426.693, 140
Trd, 4319428.643, 140
Trd, 4319429.293, 140
Trd, 4319429.993, 140
Trd, 4319431.443, 140
Trd, 4319431.693, 140
Trd, 4319432.143, 140
Trd, 4319433.893, 140
Trd, 4319434.343, 140
Trd, 4319434.593, 140
Trd, 4319435.393, 140
Trd, 4319435.443, 140
Trd, 4319436.043, 140
Trd, 4319436.243, 140
Trd, 4319436.493, 140
Trd, 4319436.843, 140
Trd, 4319439.593, 140
Trd, 4319439.943, 140
Trd, 4319440.793, 140
Trd, 4319442.743, 140
Trd, 4319443.143, 140
Trd, 4319444.543, 140
Trd, 4319446.893, 140
Trd, 4319447.443, 140
Trd, 4319447.543, 140
Trd, 4319448.243, 140
Trd, 4319448.493, 140
Trd, 4319448.993, 140
Trd, 4319450.043, 140
Trd, 4319450.643, 140
Trd, 4319450.993, 140
Trd, 4319452.093, 140
Trd, 4319453.143, 140
Trd, 4319453.643, 140
Trd, 4319456.743, 140
Trd, 4319458.743, 140
Trd, 4319458.893, 140
Trd, 4319459.243, 140
Trd, 4319459.793, 140
Trd, 4319459.893, 140
Trd, 4319459.993, 140
Trd, 4319460.243, 140
Trd, 4319460.493, 140
Trd, 4319462.893, 140
Trd, 4319463.093, 140
Trd, 4319465.093, 140
Trd, 4319466.843, 140
Trd, 4319467.543, 140
Trd, 4319471.093, 140
Trd, 4319471.143, 140
Trd, 4319471.643, 140
Trd, 4319471.693, 140
Trd, 4319472.393, 140
Trd, 4319472.643, 140
Trd, 4319473.543, 140
Trd, 4319476.993, 140
Trd, 4319477.093, 140
Trd, 4319477.993, 140
Trd, 4319480.243, 140
Trd, 4319480.493, 140
Trd, 4319481.143, 140
Trd, 4319482.293, 140
Trd, 4319482.343, 140
Trd, 4319483.643, 140
Trd, 4319483.843, 140
Trd, 4319484.493, 140
Trd, 4319484.893, 140
Trd, 4319484.993, 140
Trd, 4319486.243, 140
Trd, 4319488.093, 140
Trd, 4319488.443, 140
Trd, 4319488.593, 140
Trd, 4319489.043, 140
Trd, 4319489.743, 140
Trd, 4319489.943, 140
Trd, 4319491.293, 140
Trd, 4319493.293, 140
Trd, 4319494.643, 140
Trd, 4319495.093, 140
Trd, 4319495.743, 140
Trd, 4319496.193, 140
Trd, 4319499.043, 140
Trd, 4319499.293, 140
Trd, 4319499.993, 140
Trd, 4319500.293, 140
Trd, 4319500.593, 140
Trd, 4319502.993, 140
Trd, 4319503.443, 140
Trd, 4319503.543, 140
Trd, 4319503.643, 140
Trd, 4319503.843, 140
Trd, 4319504.593, 140
Trd, 4319505.093, 140
Trd, 4319505.443, 140
Trd, 4319505.943, 140
Trd, 4319506.193, 140
Trd, 4319507.643, 140
Trd, 4319509.093, 140
Trd, 4319509.393, 140
Trd, 4319509.793, 140
Trd, 4319511.343, 140
Trd, 4319513.343, 140
Trd, 4319514.393, 140
Trd, 4319514.793, 140
Trd, 4319515.943, 140
Trd, 4319517.943, 140
Trd, 4319518.393, 140
Trd, 4319518.743, 140
Trd, 4319519.393, 140
Trd, 4319519.693, 140
Trd, 4319519.943, 140
Trd, 4319520.193, 140
Trd, 4319520.893, 140
Trd, 4319521.643, 140
Trd, 4319522.943, 140
Trd, 4319523.043, 140
Trd, 4319524.443, 140
Trd, 4319524.493, 139
Trd, 4319524.793, 139
Trd, 4319525.693, 140
Trd, 4319526.243, 140
Trd, 4319526.993, 140
Trd, 4319527.193, 140
Trd, 4319527.843, 140
Trd, 4319528.243, 140
Trd, 4319529.743, 140
Trd, 4319531.393, 140
Trd, 4319532.043, 140
Trd, 4319533.493, 140
Trd, 4319534.093, 140
Trd, 4319534.343, 140
Trd, 4319534.393, 140
Trd, 4319534.743, 140
Trd, 4319535.543, 140
Trd, 4319536.293, 140
Trd, 4319536.343, 139
Trd, 4319537.043, 139
Trd, 4319537.393, 139
Trd, 4319537.643, 140
Trd, 4319538.993, 63
Trd, 4319539.393, 62
Trd, 4319540.693, 63
Trd, 4319541.793, 62
Trd, 4319543.793, 60
Trd, 4319543.893, 61
Trd, 4319544.493, 60
Trd, 4319546.343, 60
Trd, 4319546.743, 60
Trd, 4319547.243, 65
Trd, 4319547.543, 66
Trd, 4319549.293, 140
Trd, 4319549.493, 140
Trd, 4319549.943, 140
Trd, 4319550.543, 140
Trd, 4319552.043, 140
Trd, 4319552.343, 140
Trd, 4319553.293, 140
Trd, 4319554.593, 140
Trd, 4319554.793, 140
Trd, 4319555.243, 140
Trd, 4319556.443, 140
Trd, 4319556.993, 140
Trd, 4319560.293, 140
Trd, 4319560.643, 140
Trd, 4319560.693, 140
Trd, 4319562.993, 140
Trd, 4319563.693, 140
Trd, 4319563.943, 140
Trd, 4319564.343, 140
Trd, 4319564.393, 140
Trd, 4319565.593, 140
Trd, 4319565.843, 140
Trd, 4319565.943, 140
Trd, 4319565.993, 139
Trd, 4319566.443, 140
Trd, 4319567.693, 140
Trd, 4319567.743, 140
Trd, 4319567.893, 140
Trd, 4319568.793, 140
Trd, 4319569.193, 140
Trd, 4319569.593, 140
Trd, 4319570.443, 140
Trd, 4319571.443, 140
Trd, 4319572.493, 140
Trd, 4319572.943, 140
Trd, 4319574.793, 140
Trd, 4319576.343, 140
Trd, 4319576.593, 140
Trd, 4319576.743, 140
Trd, 4319579.343, 140
Trd, 4319580.143, 140
Trd, 4319580.293, 140
Trd, 4319580.393, 140
Trd, 4319580.493, 140
Trd, 4319581.343, 140
Trd, 4319581.593, 140
Trd, 4319581.943, 140
Trd, 4319582.393, 140
Trd, 4319582.693, 140
Trd, 4319584.943, 140
Trd, 4319585.793, 140
Trd, 4319586.943, 140
Trd, 4319586.993, 140
Trd, 4319588.293, 140
Trd, 4319589.393, 140
Trd, 4319589.743, 140
Trd, 4319590.243, 140
Trd, 4319590.593, 140
Trd, 4319590.643, 140
Trd, 4319591.843, 140
Trd, 4319592.343, 140
Trd, 4319594.793, 140
Trd, 4319594.993, 140
Trd, 4319595.843, 140
Trd, 4319596.093, 140
Trd, 4319597.043, 140
Trd, 4319597.493, 140
Trd, 4319598.143, 140
Trd, 4319598.993, 140
Trd, 4319600.093, 140
Trd, 4319600.993, 140
Trd, 4319601.843, 140
Trd, 4319602.243, 140
Trd, 4319602.393, 140
Trd, 4319602.443, 140
Trd, 4319603.243, 140
Trd, 4319604.193, 140
Trd, 4319604.343, 140
Trd, 4319605.993, 140
Trd, 4319608.143, 140
Trd, 4319608.693, 140
Trd, 4319609.593, 140
Trd, 4319612.193, 140
Trd, 4319612.893, 140
Trd, 4319612.943, 140
Trd, 4319613.143, 140
Trd, 4319613.593, 140
Trd, 4319613.693, 140
Trd, 4319613.793, 140
Trd, 4319614.143, 140
Trd, 4319614.293, 140
Trd, 4319616.943, 140
Trd, 4319617.293, 140
Trd, 4319618.143, 140
Trd, 4319618.593, 140
Trd, 4319619.793, 140
Trd, 4319619.843, 140
Trd, 4319621.793, 140
Trd, 4319623.493, 140
Trd, 4319623.543, 140
Trd, 4319623.793, 140
Trd, 4319624.043, 140
Trd, 4319624.243, 140
Trd, 4319625.193, 140
Trd, 4319625.343, 140
Trd, 4319625.843, 140
Trd, 4319627.493, 140
Trd, 4319627.793, 140
Trd, 4319628.043, 140
Trd, 4319628.893, 140
Trd, 4319628.993, 140
Trd, 4319630.043, 140
Trd, 4319631.743, 140
Trd, 4319631.993, 140
Trd, 4319633.593, 140
Trd, 4319634.243, 140
Trd, 4319634.443, 140
Trd, 4319634.693, 140
Trd, 4319634.743, 140
Trd, 4319635.793, 140
Trd, 4319637.043, 140
Trd, 4319638.093, 140
Trd, 4319641.893, 140
Trd, 4319643.293, 140
Trd, 4319644.243, 140
Trd, 4319644.343, 140
Trd, 4319645.043, 140
Trd, 4319647.243, 140
Trd, 4319647.743, 140
Trd, 4319648.043, 140
Trd, 4319648.293, 140
Trd, 4319648.693, 140
Trd, 4319648.893, 140
Trd, 4319649.243, 140
Trd, 4319649.393, 140
Trd, 4319649.693, 140
Trd, 4319650.343, 140
Trd, 4319650.643, 140
Trd, 4319652.743, 140
Trd, 4319654.243, 140
Trd, 4319656.243, 140
Trd, 4319656.493, 140
Trd, 4319658.193, 140
Trd, 4319658.243, 140
Trd, 4319660.643, 140
Trd, 4319662.493, 140
Trd, 4319663.293, 140
Trd, 4319664.193, 140
Trd, 4319665.343, 140
Trd, 4319665.493, 140
Trd, 4319665.993, 140
Trd, 4319666.743, 140
Trd, 4319666.843, 140
Trd, 4319667.743, 140
Trd, 4319668.443, 140
Trd, 4319669.643, 140
Trd, 4319669.693, 140
Trd, 4319672.143, 140
Trd, 4319672.893, 140
Trd, 4319674.593, 140
Trd, 4319674.793, 140
Trd, 4319674.943, 140
Trd, 4319675.943, 140
Trd, 4319676.193, 140
Trd, 4319676.893, 140
Trd, 4319677.793, 140
Trd, 4319677.943, 140
Trd, 4319679.593, 140
Trd, 4319681.043, 140
Trd, 4319681.193, 140
Trd, 4319682.743, 140
Trd, 4319683.593, 140
Trd, 4319683.643, 140
Trd, 4319684.043, 140
Trd, 4319684.243, 139
Trd, 4319684.493, 140
Trd, 4319685.943, 60
Trd, 4319686.743, 63
Trd, 4319687.693, 66
Trd, 4319689.993, 60
Trd, 4319690.693, 60
Trd, 4319690.993, 60
Trd, 4319691.443, 60
Trd, 4319692.693, 60
Trd, 4319694.193, 64
Trd, 4319694.493, 65
Trd, 4319694.543, 64
Trd, 4319695.293, 67
Trd, 4319696.743, 67
Trd, 4319700.143, 140
Trd, 4319701.593, 140
Trd, 4319701.693, 140
Trd, 4319701.743, 140
Trd, 4319702.943, 140
Trd, 4319703.793, 140
Trd, 4319706.243, 140
Trd, 4319706.443, 140
Trd, 4319707.443, 140
Trd, 4319708.043, 140
Trd, 4319708.593, 140
Trd, 4319708.893, 140
Trd, 4319709.993, 140
Trd, 4319711.143, 140
Trd, 4319711.243, 140
Trd, 4319711.893, 140
Trd, 4319714.193, 140
Trd, 4319715.343, 140
Trd, 4319716.693, 140
Trd, 4319716.993, 140
Trd, 4319717.943, 140
Trd, 4319717.993, 140
Trd, 4319718.943, 140
Trd, 4319719.443, 140
Trd, 4319720.993, 140
Trd, 4319721.393, 140
Trd, 4319722.493, 140
Trd, 4319723.043, 140
Trd, 4319723.293, 140
Trd, 4319723.743, 139
Trd, 4319724.143, 140
Trd, 4319724.393, 139
Trd, 4319725.543, 140
Trd, 4319726.793, 140
Trd, 4319727.643, 140
Trd, 4319727.843, 140
Trd, 4319728.243, 140
Trd, 4319729.893, 140
Trd, 4319730.243, 140
Trd, 4319731.243, 140
Trd, 4319731.893, 140
Trd, 4319733.143, 140
Trd, 4319733.843, 140
Trd, 4319734.093, 140
Trd, 4319735.043, 140
Trd, 4319735.843, 140
Trd, 4319736.043, 140
Trd, 4319736.093, 140
Trd, 4319737.643, 140
Trd, 4319737.743, 140
Trd, 4319738.743, 140
Trd, 4319739.143, 140
Trd, 4319739.643, 140
Trd, 4319743.243, 140
Trd, 4319743.393, 140
Trd, 4319743.443, 140
Trd, 4319744.343, 140
Trd, 4319744.993, 140
Trd, 4319745.193, 140
Trd, 4319745.643, 140
Trd, 4319745.793, 140
Trd, 4319747.493, 140
Trd, 4319748.443, 140
Trd, 4319748.943, 140
Trd, 4319749.193, 140
Trd, 4319749.343, 140
Trd, 4319750.493, 140
Trd, 4319750.643, 140
Trd, 4319751.543, 140
Trd, 4319751.643, 140
Trd, 4319752.243, 140
Trd, 4319753.193, 140
Trd, 4319754.393, 140
Trd, 4319755.343, 140
Trd, 4319758.243, 140
Trd, 4319759.343, 140
Trd, 4319759.843, 140
Trd, 4319759.893, 140
Trd, 4319760.393, 140
Trd, 4319760.793, 140
Trd, 4319760.843, 140
Trd, 4319761.743, 140
Trd, 4319762.443, 140
Trd, 4319762.643, 140
Trd, 4319763.293, 138
Trd, 4319765.893, 140
Trd, 4319766.743, 140
Trd, 4319767.693, 140
Trd, 4319768.643, 140
Trd, 4319768.993, 140
Trd, 4319769.593, 140
Trd, 4319770.043, 140
Trd, 4319770.293, 140
Trd, 4319770.443, 140
Trd, 4319772.543, 140
Trd, 4319773.043, 140
Trd, 4319773.093, 140
Trd, 4319773.143, 140
Trd, 4319773.493, 140
Trd, 4319773.693, 140
Trd, 4319775.343, 140
Trd, 4319776.593, 140
Trd, 4319776.643, 140
Trd, 4319777.143, 140
Trd, 4319778.193, 140
Trd, 4319779.343, 140
Trd, 4319780.193, 140
Trd, 4319781.143, 140
Trd, 4319782.893, 140
Trd, 4319784.443, 140
Trd, 4319784.493, 140
Trd, 4319784.543, 140
Trd, 4319785.093, 140
Trd, 4319785.243, 140
Trd, 4319785.793, 140
Trd, 4319787.143, 140
Trd, 4319787.293, 140
Trd, 4319787.793, 140
Trd, 4319789.543, 140
Trd, 4319790.393, 140
Trd, 4319790.493, 140
Trd, 4319790.693, 139
Trd, 4319791.343, 140
Trd, 4319792.593, 140
Trd, 4319793.943, 140
Trd, 4319794.843, 140
Trd, 4319796.693, 140
Trd, 4319798.993, 140
Trd, 4319799.293, 140
Trd, 4319799.743, 140
Trd, 4319799.893, 140
Trd, 4319800.043, 140
Trd, 4319800.243, 140
Trd, 4319800.943, 140
Trd, 4319801.593, 140
Trd, 4319802.343, 60
Trd, 4319803.343, 62
Trd, 4319803.443, 66
Trd, 4319806.843, 60
Trd, 4319806.943, 60
Trd, 4319809.043, 62
Trd, 4319809.743, 130
Trd, 4319810.293, 113
Trd, 4319810.943, 111
Trd, 4319812.093, 83
Trd, 4319812.243, 83
Trd, 4319813.143, 106
Trd, 4319813.293, 109
Trd, 4319814.243, 96
Trd, 4319815.143, 94
Trd, 4319815.643, 139
Trd, 4319815.793, 140
Trd, 4319816.643, 98
Trd, 4319817.443, 140
Trd, 4319817.743, 140
Trd, 4319819.443, 140
Trd, 4319820.393, 140
Trd, 4319820.793, 140
Trd, 4319821.693, 140
Trd, 4319822.193, 140
Trd, 4319822.243, 140
Trd, 4319822.493, 140
Trd, 4319822.743, 138
Trd, 4319824.143, 140
Trd, 4319824.943, 140
Trd, 4319825.543, 140
Trd, 4319827.593, 140
Trd, 4319828.643, 140
Trd, 4319829.593, 140
Trd, 4319829.643, 140
Trd, 4319830.243, 140
Trd, 4319830.343, 140
Trd, 4319830.843, 140
Trd, 4319831.443, 140
Trd, 4319831.593, 140
Trd, 4319831.643, 139
Trd, 4319833.243, 140
Trd, 4319835.193, 140
Trd, 4319838.393, 140
Trd, 4319839.643, 140
Trd, 4319839.843, 140
Trd, 4319841.193, 140
Trd, 4319841.443, 140
Trd, 4319844.043, 140
Trd, 4319844.543, 140
Trd, 4319844.943, 140
Trd, 4319845.243, 140
Trd, 4319845.843, 140
Trd, 4319846.393, 140
Trd, 4319846.843, 140
Trd, 4319847.243, 140
Trd, 4319848.843, 140
Trd, 4319849.243, 140
Trd, 4319851.543, 140
Trd, 4319851.743, 140
Trd, 4319853.393, 140
Trd, 4319855.493, 140
Trd, 4319855.943, 140
Trd, 4319856.243, 140
Trd, 4319856.743, 140
Trd, 4319856.843, 140
Trd, 4319857.143, 140
Trd, 4319857.843, 140
Trd, 4319858.643, 140
Trd, 4319858.893, 139
Trd, 4319859.843, 140
Trd, 4319860.143, 140
Trd, 4319861.243, 140
Trd, 4319862.293, 140
Trd, 4319863.493, 140
Trd, 4319864.043, 140
Trd, 4319864.093, 140
Trd, 4319864.843, 140
Trd, 4319865.193, 140
Trd, 4319866.443, 140
Trd, 4319866.543, 140
Trd, 4319867.993, 140
Trd, 4319869.993, 140
Trd, 4319870.293, 140
Trd, 4319870.593, 140
Trd, 4319871.293, 140
Trd, 4319871.343, 140
Trd, 4319871.443, 139
Trd, 4319871.593, 138
Trd, 4319874.293, 63
Trd, 4319874.943, 60
Trd, 4319875.943, 60
Trd, 4319876.093, 60
Trd, 4319877.943, 60
Trd, 4319878.643, 62
Trd, 4319878.993, 62
Trd, 4319879.293, 63
Trd, 4319879.493, 62
Trd, 4319880.243, 73
Trd, 4319881.143, 71
Trd, 4319881.743, 70
Trd, 4319882.643, 69
Trd, 4319883.543, 66
Trd, 4319883.893, 68
Trd, 4319885.993, 140
Trd, 4319886.293, 140
Trd, 4319886.393, 140
Trd, 4319889.293, 140
Trd, 4319890.293, 140
Trd, 4319890.943, 140
Trd, 4319891.643, 140
Trd, 4319893.143, 140
Trd, 4319895.243, 140
Trd, 4319897.443, 140
Trd, 4319898.043, 140
Trd, 4319898.243, 140
Trd, 4319898.593, 140
Trd, 4319899.643, 140
Trd, 4319901.843, 140
Trd, 4319901.993, 140
Trd, 4319902.293, 140
Trd, 4319902.943, 140
Trd, 4319902.993, 140
Trd, 4319903.093, 140
Trd, 4319903.393, 139
Trd, 4319903.493, 139
Trd, 4319903.593, 139
Trd, 4319905.643, 139
Trd, 4319906.043, 140
Trd, 4319906.093, 140
Trd, 4319909.093, 140
Trd, 4319910.393, 140
Trd, 4319910.793, 140
Trd, 4319910.993, 140
Trd, 4319911.143, 140
Trd, 4319912.043, 140
Trd, 4319912.093, 140
Trd, 4319913.343, 140
Trd, 4319913.643, 140
Trd, 4319914.093, 140
Trd, 4319915.143, 140
Trd, 4319917.343, 140
Trd, 4319919.443, 140
Trd, 4319919.543, 140
Trd, 4319919.643, 140
Trd, 4319920.043, 140
Trd, 4319920.693, 140
Trd, 4319921.493, 140
Trd, 4319921.743, 140
Trd, 4319922.343, 140
Trd, 4319922.443, 140
Trd, 4319923.393, 60
Trd, 4319925.043, 60
Trd, 4319925.443, 60
Trd, 4319925.543, 60
Trd, 4319926.693, 60
Trd, 4319928.243, 62
Trd, 4319931.643, 60
Trd, 4319931.693, 60
Trd, 4319931.793, 60
Trd, 4319931.843, 60
Trd, 4319932.443, 65
Trd, 4319932.693, 69
Trd, 4319932.943, 62
Trd, 4319933.493, 66
Trd, 4319933.943, 65
Trd, 4319935.393, 62
Trd, 4319936.443, 61
Trd, 4319937.743, 62
Trd, 4319939.493, 60
Trd, 4319940.393, 60
Trd, 4319940.843, 60
Trd, 4319941.343, 60
Trd, 4319943.593, 60
Trd, 4319943.893, 60
Trd, 4319943.943, 60
Trd, 4319944.143, 61
Trd, 4319945.243, 60
Trd, 4319946.693, 140
Trd, 4319947.293, 140
Trd, 4319948.843, 74
Trd, 4319949.293, 139
Trd, 4319949.543, 139
Trd, 4319949.993, 140
Trd, 4319950.293, 140
Trd, 4319950.493, 140
Trd, 4319950.643, 138
Trd, 4319951.943, 68
Trd, 4319953.443, 65
Trd, 4319954.093, 65
Trd, 4319954.343, 66
Trd, 4319957.043, 60
Trd, 4319959.093, 60
Trd, 4319959.593, 60
Trd, 4319960.943, 60
Trd, 4319960.993, 60
Trd, 4319961.093, 60
Trd, 4319961.393, 60
Trd, 4319961.443, 65
Trd, 4319961.793, 115
Trd, 4319963.293, 140
Trd, 4319964.243, 140
Trd, 4319964.443, 140
Trd, 4319965.243, 140
Trd, 4319967.993, 140
Trd, 4319970.043, 140
Trd, 4319970.943, 140
Trd, 4319973.043, 140
Trd, 4319973.493, 140
Trd, 4319973.693, 140
Trd, 4319973.743, 140
Trd, 4319974.093, 140
Trd, 4319974.743, 140
Trd, 4319975.243, 140
Trd, 4319975.343, 140
Trd, 4319975.543, 140
Trd, 4319976.443, 140
Trd, 4319977.243, 140
Trd, 4319978.993, 140
Trd, 4319979.343, 140
Trd, 4319980.493, 140
Trd, 4319981.493, 140
Trd, 4319982.993, 140
Trd, 4319983.293, 140
Trd, 4319983.893, 140
Trd, 4319985.193, 140
Trd, 4319985.593, 140
Trd, 4319985.693, 140
Trd, 4319986.843, 140
Trd, 4319989.193, 140
Trd, 4319989.693, 140
Trd, 4319991.293, 140
Trd, 4319991.793, 140
Trd, 4319993.043, 140
Trd, 4319994.143, 140
Trd, 4319994.493, 140
Trd, 4319997.043, 140
Trd, 4319998.793, 140
Trd, 4319998.893, 140
Trd, 4319999.043, 140
Trd, 4319999.093, 140
Trd, 4319999.643, 140
