@online{BSE,
  title  = {BristolStockExchange},
  author = {Dave Cliff},
  url    = {https://github.com/davecliff/BristolStockExchange}
}

@article{BSEPaper,
  author     = {Dave Cliff},
  title      = {{BSE:} {A} Minimal Simulation of a Limit-Order-Book Stock Exchange},
  journal    = {CoRR},
  volume     = {abs/1809.06027},
  year       = {2018},
  url        = {http://arxiv.org/abs/1809.06027},
  eprinttype = {arXiv},
  eprint     = {1809.06027},
  timestamp  = {Fri, 05 Oct 2018 11:34:52 +0200},
  biburl     = {https://dblp.org/rec/journals/corr/abs-1809-06027.bib},
  bibsource  = {dblp computer science bibliography, https://dblp.org}
}