@misc{BSE,
  title        = {{BristolStockExchange}: open-source financial exchange simulator},
  author       = {Dave Cliff},
  year         = {2012},
  howpublished = {GitHub repository: https://github.com/davecliff/BristolStockExchange}
}

@inproceedings{BSEPaper,
  title     = {{BSE:} A Minimal Simulation of a Limit-Order-Book Stock Exchange},
  author    = {Dave Cliff},
  year      = {2018},
  month     = oct,
  pages     = {194--203},
  booktitle = {30th European Modeling and Simulation Symposium (EMSS 2018)},
  publisher = {DIME University of Genoa}
}

@unpublished{PRZI,
  author = {Dave Cliff},
  title  = {Parameterised-Response Zero-Intelligence Traders},
  year   = {2021},
  month  = mar,
  url    = {https://ssrn.com/abstract=3823317},
  note   = {SSRN: 3823317}
}

@inproceedings{PRSH,
  author    = {Dave Cliff},
  title     = {Co-evolutionary Dynamics in a Simulation of Interacting Financial-Market Adaptive Automated Trading Systems},
  booktitle = {European Modeling and Simulation Symposium (EMSS)},
  year      = {2022},
  month     = Jul,
  url       = {https://ssrn.com/abstract=4154426}
}

@inproceedings{PRDE,
  author    = {Dave Cliff},
  title     = {Metapopulation Differential Co-Evolution of Trading Strategies in a Model Financial Market},
  booktitle = {European Modeling and Simulation Symposium (EMSS)},
  year      = {2022},
  month     = Jun,
  url       = {https://ssrn.com/abstract=4153519}
}

@article{StornPrice,
  author  = {Rainer Storn and Kenneth Price},
  journal = {Journal of Global Optimization},
  number  = {4},
  pages   = {341--359},
  title   = {Differential Evolution -- A Simple and Efficient Heuristic for global Optimization over Continuous Spaces},
  volume  = {11},
  year    = {1997}
}

@article{GodeSunder,
  issn      = {00223808, 1537534X},
  url       = {http://www.jstor.org/stable/2138676},
  author    = {Dhananjay K. Gode and Shyam Sunder},
  journal   = {Journal of Political Economy},
  number    = {1},
  pages     = {119--137},
  publisher = {University of Chicago Press},
  title     = {Allocative Efficiency of Markets with Zero-Intelligence Traders: Market as a Partial Substitute for Individual Rationality},
  urldate   = {2022-11-22},
  volume    = {101},
  year      = {1993}
}

@article{ZhangSanderson,
  author  = {Jingqiao Zhang and Arthur C. Sanderson},
  journal = {IEEE Transactions on Evolutionary Computation},
  title   = {JADE: Adaptive Differential Evolution With Optional External Archive},
  year    = {2009},
  volume  = {13},
  number  = {5},
  pages   = {945-958},
  doi     = {10.1109/TEVC.2009.2014613}
}

@techreport{ZIP,
  author      = {Dave Cliff and Janet Bruten},
  institution = {Hewlett Packard Laboratories},
  year        = {1997},
  month       = aug,
  title       = {Minimal-Intelligence Agents for Bargaining Behaviors in Market-Based Environments}
}

@inproceedings{TesauroDas,
  author    = {Gerald Tesauro and Rajarshi Das},
  year      = {2001},
  month     = oct,
  booktitle = {ACM Conference on Electronic Commerce},
  title     = {High-Performance Bidding Agents for the Continuous Double Auction}
}

@inproceedings{DasHansonKephartTesauro,
  author    = {Rajarshi Das and James E. Hanson and Jeffrey O. Kephart and Gerald Tesauro},
  year      = {2001},
  month     = may,
  pages     = {},
  title     = {Agent-Human Interactions in the Continuous Double Auction},
  booktitle = {IJCAI International Joint Conference on Artificial Intelligence}
}

@mastersthesis{Vach,
  author = {Vach, Daniel},
  title  = {Comparison of Double Auction Bidding Strategies for Automated Trading Agents},
  school = {Charles University in Prague},
  year   = {2015}
}