Trd, 8637893.782, 94
Trd, 8637894.332, 95
Trd, 8637895.782, 96
Trd, 8637896.482, 95
Trd, 8637897.332, 97
Trd, 8637899.382, 100
Trd, 8637899.882, 100
Trd, 8637900.982, 103
Trd, 8637903.982, 93
Trd, 8637905.382, 91
Trd, 8637905.932, 96
Trd, 8637906.632, 87
Trd, 8637908.132, 115
Trd, 8637909.782, 115
Trd, 8637910.882, 110
Trd, 8637913.582, 105
Trd, 8637915.482, 100
Trd, 8637916.082, 100
Trd, 8637916.832, 104
Trd, 8637916.982, 99
Trd, 8637919.032, 111
Trd, 8637919.582, 89
Trd, 8637922.982, 99
Trd, 8637923.132, 98
Trd, 8637923.182, 99
Trd, 8637924.682, 103
Trd, 8637926.332, 95
Trd, 8637928.882, 104
Trd, 8637929.782, 100
Trd, 8637931.182, 98
Trd, 8637933.782, 103
Trd, 8637935.282, 100
Trd, 8637936.482, 97
Trd, 8637938.132, 99
Trd, 8637940.282, 100
Trd, 8637941.282, 99
Trd, 8637941.782, 95
Trd, 8637942.982, 91
Trd, 8637943.182, 94
Trd, 8637944.032, 94
Trd, 8637948.282, 93
Trd, 8637949.182, 94
Trd, 8637949.882, 95
Trd, 8637950.132, 102
Trd, 8637951.132, 113
Trd, 8637956.432, 111
Trd, 8637957.032, 110
Trd, 8637957.832, 109
Trd, 8637959.232, 108
Trd, 8637959.632, 108
Trd, 8637960.882, 111
Trd, 8637963.532, 109
Trd, 8637964.682, 101
Trd, 8637965.432, 104
Trd, 8637966.132, 103
Trd, 8637968.382, 94
Trd, 8637968.932, 84
Trd, 8637970.682, 92
Trd, 8637970.782, 95
Trd, 8637973.682, 101
Trd, 8637974.482, 113
Trd, 8637975.032, 113
Trd, 8637977.232, 107
Trd, 8637977.332, 106
Trd, 8637977.982, 107
Trd, 8637979.682, 105
Trd, 8637981.232, 99
Trd, 8637982.332, 98
Trd, 8637983.182, 98
Trd, 8637983.632, 86
Trd, 8637983.732, 99
Trd, 8637987.482, 93
Trd, 8637988.382, 94
Trd, 8637989.182, 94
Trd, 8637989.582, 95
Trd, 8637990.382, 102
Trd, 8637990.682, 103
Trd, 8637994.032, 102
Trd, 8637994.282, 103
Trd, 8637994.732, 102
Trd, 8637995.132, 95
Trd, 8637998.482, 95
Trd, 8638000.032, 118
Trd, 8638002.432, 99
Trd, 8638002.582, 110
Trd, 8638005.132, 107
Trd, 8638005.482, 106
Trd, 8638006.332, 105
Trd, 8638008.282, 104
Trd, 8638009.432, 99
Trd, 8638009.832, 98
Trd, 8638010.432, 96
Trd, 8638010.982, 104
Trd, 8638011.882, 114
Trd, 8638014.732, 105
Trd, 8638015.532, 104
Trd, 8638017.682, 108
Trd, 8638018.582, 107
Trd, 8638018.932, 106
Trd, 8638020.482, 95
Trd, 8638020.682, 96
Trd, 8638024.032, 107
Trd, 8638026.232, 101
Trd, 8638027.182, 101
Trd, 8638027.732, 102
Trd, 8638030.582, 100
Trd, 8638031.582, 98
Trd, 8638033.532, 96
Trd, 8638034.432, 98
Trd, 8638036.632, 95
Trd, 8638037.082, 95
Trd, 8638037.332, 113
Trd, 8638038.532, 96
Trd, 8638038.932, 131
Trd, 8638042.882, 112
Trd, 8638043.482, 111
Trd, 8638045.532, 105
Trd, 8638046.032, 104
Trd, 8638046.132, 104
Trd, 8638047.532, 97
Trd, 8638047.832, 103
Trd, 8638049.132, 98
Trd, 8638049.582, 96
Trd, 8638050.982, 95
Trd, 8638051.832, 95
Trd, 8638052.582, 104
Trd, 8638055.082, 115
Trd, 8638057.082, 89
Trd, 8638057.932, 106
Trd, 8638060.582, 108
Trd, 8638062.482, 103
Trd, 8638063.232, 101
Trd, 8638065.882, 100
Trd, 8638065.982, 99
Trd, 8638066.332, 103
Trd, 8638066.782, 100
Trd, 8638067.082, 116
Trd, 8638068.632, 112
Trd, 8638070.532, 102
Trd, 8638073.082, 94
Trd, 8638073.332, 94
Trd, 8638073.832, 94
Trd, 8638075.482, 103
Trd, 8638077.882, 102
Trd, 8638078.582, 97
Trd, 8638078.832, 102
Trd, 8638081.032, 99
Trd, 8638081.532, 129
Trd, 8638082.182, 128
Trd, 8638086.082, 100
Trd, 8638087.132, 101
Trd, 8638087.382, 101
Trd, 8638087.682, 102
Trd, 8638090.982, 100
Trd, 8638091.932, 100
Trd, 8638092.682, 101
Trd, 8638093.832, 108
Trd, 8638094.882, 115
Trd, 8638097.582, 120
Trd, 8638097.782, 128
Trd, 8638100.682, 110
Trd, 8638101.482, 108
Trd, 8638102.082, 106
Trd, 8638103.032, 106
Trd, 8638103.382, 105
Trd, 8638104.132, 104
Trd, 8638106.732, 103
Trd, 8638109.482, 104
Trd, 8638110.132, 103
Trd, 8638110.882, 104
Trd, 8638112.132, 100
Trd, 8638113.232, 100
Trd, 8638114.882, 102
Trd, 8638116.332, 103
Trd, 8638119.432, 106
Trd, 8638120.032, 107
Trd, 8638120.782, 104
Trd, 8638120.832, 107
Trd, 8638123.632, 104
Trd, 8638126.082, 97
Trd, 8638126.132, 101
Trd, 8638128.132, 102
Trd, 8638128.432, 103
Trd, 8638129.282, 137
Trd, 8638130.032, 114
Trd, 8638131.732, 107
Trd, 8638134.082, 107
Trd, 8638134.332, 104
Trd, 8638134.532, 108
Trd, 8638137.332, 101
Trd, 8638138.982, 99
Trd, 8638139.382, 101
Trd, 8638142.332, 100
Trd, 8638142.832, 100
Trd, 8638143.182, 99
Trd, 8638143.532, 97
Trd, 8638146.132, 94
Trd, 8638146.382, 94
Trd, 8638146.632, 95
Trd, 8638147.732, 86
Trd, 8638149.932, 103
Trd, 8638151.932, 109
Trd, 8638152.432, 88
Trd, 8638155.882, 102
Trd, 8638156.182, 102
Trd, 8638156.532, 102
Trd, 8638157.132, 102
Trd, 8638158.332, 104
Trd, 8638160.032, 117
Trd, 8638161.082, 118
Trd, 8638163.182, 109
Trd, 8638164.432, 108
Trd, 8638166.632, 104
Trd, 8638167.182, 103
Trd, 8638167.832, 100
Trd, 8638168.682, 102
Trd, 8638169.032, 103
Trd, 8638170.882, 112
Trd, 8638171.282, 114
Trd, 8638173.632, 89
Trd, 8638176.382, 102
Trd, 8638176.632, 103
Trd, 8638179.232, 101
Trd, 8638179.382, 100
Trd, 8638182.882, 96
Trd, 8638183.332, 95
Trd, 8638184.532, 103
Trd, 8638184.782, 89
Trd, 8638185.932, 102
Trd, 8638187.932, 98
Trd, 8638189.382, 109
Trd, 8638191.532, 113
Trd, 8638192.882, 104
Trd, 8638193.282, 107
Trd, 8638194.132, 108
Trd, 8638197.582, 90
Trd, 8638200.182, 92
Trd, 8638201.532, 95
Trd, 8638203.032, 98
Trd, 8638203.932, 104
Trd, 8638204.082, 114
Trd, 8638207.382, 108
Trd, 8638209.082, 102
Trd, 8638210.232, 102
Trd, 8638210.332, 96
Trd, 8638211.432, 100
Trd, 8638212.332, 99
Trd, 8638216.582, 99
Trd, 8638216.882, 100
Trd, 8638217.632, 99
Trd, 8638218.582, 99
Trd, 8638220.832, 101
Trd, 8638221.132, 102
Trd, 8638222.282, 113
Trd, 8638224.832, 111
Trd, 8638225.682, 106
Trd, 8638226.232, 104
Trd, 8638227.082, 109
Trd, 8638227.732, 106
Trd, 8638231.432, 104
Trd, 8638231.782, 103
Trd, 8638232.332, 102
Trd, 8638232.582, 103
Trd, 8638239.432, 94
Trd, 8638239.982, 94
Trd, 8638240.582, 94
Trd, 8638240.632, 95
Trd, 8638241.432, 95
Trd, 8638243.882, 101
Trd, 8638244.182, 102
Trd, 8638245.282, 128
Trd, 8638245.882, 131
Trd, 8638246.632, 96
Trd, 8638247.382, 97
Trd, 8638249.982, 118
Trd, 8638250.932, 96
Trd, 8638251.132, 114
Trd, 8638256.632, 99
Trd, 8638257.132, 98
Trd, 8638258.182, 97
Trd, 8638258.582, 99
Trd, 8638260.582, 92
Trd, 8638261.282, 95
Trd, 8638263.182, 101
Trd, 8638263.832, 100
Trd, 8638264.282, 104
Trd, 8638267.982, 108
Trd, 8638268.832, 104
Trd, 8638268.982, 104
Trd, 8638269.382, 106
Trd, 8638269.582, 132
Trd, 8638269.882, 103
Trd, 8638273.132, 118
Trd, 8638275.432, 106
Trd, 8638276.882, 104
Trd, 8638277.132, 104
Trd, 8638278.082, 103
Trd, 8638278.882, 102
Trd, 8638282.882, 111
Trd, 8638283.982, 111
Trd, 8638284.432, 113
Trd, 8638284.632, 111
Trd, 8638289.282, 100
Trd, 8638289.582, 100
Trd, 8638289.732, 101
Trd, 8638290.832, 101
Trd, 8638291.632, 87
Trd, 8638292.232, 101
Trd, 8638295.732, 99
Trd, 8638296.582, 99
Trd, 8638298.482, 99
Trd, 8638299.032, 98
Trd, 8638299.982, 99
Trd, 8638300.332, 99
Trd, 8638301.682, 101
Trd, 8638302.382, 99
Trd, 8638304.432, 96
Trd, 8638304.532, 98
Trd, 8638307.032, 89
Trd, 8638307.282, 95
Trd, 8638309.382, 87
Trd, 8638309.732, 88
Trd, 8638310.632, 94
Trd, 8638312.332, 91
Trd, 8638313.182, 92
Trd, 8638315.232, 94
Trd, 8638315.632, 95
Trd, 8638315.832, 104
Trd, 8638317.082, 97
Trd, 8638317.982, 107
Trd, 8638318.932, 103
Trd, 8638320.032, 102
Trd, 8638322.582, 87
Trd, 8638325.382, 91
Trd, 8638327.532, 89
Trd, 8638327.832, 91
Trd, 8638331.782, 93
Trd, 8638332.132, 95
Trd, 8638332.332, 104
Trd, 8638332.582, 116
Trd, 8638334.482, 120
Trd, 8638336.982, 126
Trd, 8638339.132, 119
Trd, 8638340.182, 110
Trd, 8638342.132, 106
Trd, 8638342.382, 105
Trd, 8638342.582, 104
Trd, 8638343.432, 105
Trd, 8638343.482, 86
Trd, 8638344.132, 115
Trd, 8638348.332, 106
Trd, 8638348.932, 105
Trd, 8638350.282, 103
Trd, 8638350.482, 102
Trd, 8638350.632, 102
Trd, 8638352.882, 97
Trd, 8638353.082, 98
Trd, 8638353.632, 98
Trd, 8638356.232, 109
Trd, 8638358.632, 100
Trd, 8638359.282, 103
Trd, 8638360.032, 104
Trd, 8638360.832, 103
Trd, 8638362.782, 99
Trd, 8638364.682, 91
Trd, 8638364.982, 96
Trd, 8638366.082, 103
Trd, 8638368.082, 97
Trd, 8638368.732, 97
Trd, 8638370.582, 106
Trd, 8638371.082, 109
Trd, 8638372.182, 107
Trd, 8638375.582, 106
Trd, 8638376.082, 106
Trd, 8638376.182, 105
Trd, 8638377.032, 104
Trd, 8638380.132, 101
Trd, 8638380.482, 100
Trd, 8638381.832, 97
Trd, 8638384.582, 93
Trd, 8638385.132, 93
Trd, 8638385.682, 95
Trd, 8638386.082, 104
Trd, 8638387.582, 97
Trd, 8638390.682, 105
Trd, 8638390.882, 104
Trd, 8638391.132, 106
Trd, 8638391.732, 104
Trd, 8638392.582, 104
Trd, 8638393.032, 104
Trd, 8638393.132, 131
Trd, 8638397.682, 103
Trd, 8638397.982, 102
Trd, 8638398.682, 100
Trd, 8638400.432, 99
Trd, 8638401.782, 103
Trd, 8638404.032, 109
Trd, 8638405.582, 104
Trd, 8638406.082, 104
Trd, 8638406.282, 105
Trd, 8638406.732, 98
Trd, 8638410.582, 110
Trd, 8638411.232, 106
Trd, 8638412.932, 104
Trd, 8638413.682, 105
Trd, 8638414.032, 104
Trd, 8638415.182, 95
Trd, 8638415.382, 107
Trd, 8638418.132, 98
Trd, 8638418.932, 93
Trd, 8638420.132, 95
Trd, 8638420.182, 96
Trd, 8638421.032, 102
Trd, 8638423.132, 98
Trd, 8638423.632, 97
Trd, 8638423.882, 100
Trd, 8638424.182, 97
Trd, 8638427.582, 84
Trd, 8638427.632, 113
Trd, 8638430.932, 109
Trd, 8638433.032, 104
Trd, 8638433.182, 105
Trd, 8638433.232, 101
Trd, 8638436.032, 110
Trd, 8638438.732, 90
Trd, 8638439.232, 107
Trd, 8638441.132, 103
Trd, 8638443.332, 99
Trd, 8638444.732, 95
Trd, 8638446.432, 100
Trd, 8638447.382, 104
Trd, 8638449.282, 114
Trd, 8638450.332, 105
Trd, 8638453.482, 108
Trd, 8638453.982, 108
Trd, 8638454.732, 104
Trd, 8638455.032, 103
Trd, 8638457.782, 98
Trd, 8638458.782, 97
Trd, 8638459.082, 139
Trd, 8638459.432, 96
Trd, 8638462.482, 131
Trd, 8638464.682, 113
Trd, 8638465.032, 114
Trd, 8638465.282, 114
Trd, 8638466.532, 112
Trd, 8638468.182, 105
Trd, 8638470.482, 106
Trd, 8638471.232, 104
Trd, 8638472.832, 98
Trd, 8638474.032, 95
Trd, 8638474.332, 97
Trd, 8638474.882, 95
Trd, 8638475.832, 96
Trd, 8638476.382, 96
Trd, 8638477.732, 132
Trd, 8638480.282, 128
Trd, 8638481.932, 122
Trd, 8638482.832, 119
Trd, 8638483.632, 116
Trd, 8638483.732, 113
Trd, 8638484.982, 117
Trd, 8638487.182, 107
Trd, 8638488.682, 105
Trd, 8638488.932, 103
Trd, 8638490.482, 99
Trd, 8638492.032, 100
Trd, 8638494.182, 96
Trd, 8638495.832, 94
Trd, 8638495.982, 94
Trd, 8638497.282, 94
Trd, 8638498.632, 92
Trd, 8638498.732, 91
Trd, 8638498.882, 90
Trd, 8638499.782, 87
Trd, 8638501.282, 88
Trd, 8638502.282, 95
Trd, 8638503.782, 79
Trd, 8638505.632, 108
Trd, 8638509.832, 90
Trd, 8638510.182, 90
Trd, 8638510.432, 89
Trd, 8638510.582, 114
Trd, 8638511.032, 115
Trd, 8638514.582, 108
Trd, 8638515.332, 108
Trd, 8638516.832, 99
Trd, 8638519.882, 112
Trd, 8638521.732, 103
Trd, 8638522.582, 101
Trd, 8638523.682, 101
Trd, 8638525.382, 101
Trd, 8638525.982, 101
Trd, 8638526.382, 100
Trd, 8638526.682, 104
Trd, 8638529.882, 107
Trd, 8638530.432, 92
Trd, 8638532.732, 100
Trd, 8638534.282, 97
Trd, 8638535.982, 102
Trd, 8638536.832, 101
Trd, 8638537.232, 100
Trd, 8638537.732, 100
Trd, 8638539.882, 96
Trd, 8638543.932, 94
Trd, 8638543.982, 95
Trd, 8638544.782, 103
Trd, 8638545.382, 104
Trd, 8638547.182, 114
Trd, 8638548.082, 126
Trd, 8638550.282, 109
Trd, 8638551.082, 108
Trd, 8638552.032, 105
Trd, 8638552.082, 106
Trd, 8638554.482, 106
Trd, 8638560.382, 102
Trd, 8638560.732, 102
Trd, 8638560.982, 103
Trd, 8638561.132, 102
Trd, 8638562.182, 112
Trd, 8638563.732, 110
Trd, 8638565.232, 105
Trd, 8638565.432, 105
Trd, 8638567.582, 106
Trd, 8638568.182, 106
Trd, 8638570.782, 118
Trd, 8638572.432, 110
Trd, 8638573.732, 105
Trd, 8638574.682, 99
Trd, 8638575.482, 98
Trd, 8638575.632, 95
Trd, 8638578.182, 98
Trd, 8638578.832, 101
Trd, 8638578.882, 95
Trd, 8638580.282, 98
Trd, 8638582.032, 82
Trd, 8638582.282, 96
Trd, 8638583.132, 102
Trd, 8638586.932, 103
Trd, 8638588.182, 102
Trd, 8638590.932, 100
Trd, 8638591.182, 100
Trd, 8638592.582, 108
Trd, 8638593.582, 107
Trd, 8638594.932, 106
Trd, 8638595.582, 104
Trd, 8638597.682, 104
Trd, 8638598.982, 130
Trd, 8638601.632, 109
Trd, 8638602.082, 107
Trd, 8638602.532, 106
Trd, 8638602.682, 107
Trd, 8638605.082, 103
Trd, 8638607.482, 99
Trd, 8638609.232, 91
Trd, 8638610.082, 91
Trd, 8638610.632, 92
Trd, 8638611.882, 93
Trd, 8638612.882, 103
Trd, 8638613.482, 104
Trd, 8638616.832, 100
Trd, 8638617.882, 102
Trd, 8638618.732, 98
Trd, 8638619.032, 100
Trd, 8638619.932, 101
Trd, 8638622.332, 104
Trd, 8638624.632, 107
Trd, 8638625.682, 103
Trd, 8638625.982, 103
Trd, 8638626.382, 104
Trd, 8638626.432, 103
Trd, 8638626.832, 106
Trd, 8638630.532, 102
Trd, 8638630.632, 102
Trd, 8638630.782, 103
Trd, 8638631.632, 101
Trd, 8638634.232, 97
Trd, 8638634.682, 100
Trd, 8638635.632, 104
Trd, 8638639.582, 103
Trd, 8638639.732, 104
Trd, 8638640.082, 105
Trd, 8638640.582, 104
Trd, 8638641.182, 106
Trd, 8638644.532, 110
Trd, 8638646.432, 104
Trd, 8638646.732, 103
Trd, 8638647.132, 103
Trd, 8638647.582, 102
Trd, 8638648.982, 103
Trd, 8638651.932, 108
Trd, 8638652.082, 105
Trd, 8638653.182, 106
Trd, 8638653.282, 106
Trd, 8638655.832, 100
Trd, 8638657.182, 99
Trd, 8638658.532, 104
Trd, 8638659.682, 100
Trd, 8638660.182, 100
Trd, 8638661.532, 101
Trd, 8638661.582, 102
Trd, 8638662.332, 104
Trd, 8638664.982, 97
Trd, 8638665.282, 115
Trd, 8638668.032, 113
Trd, 8638669.282, 98
Trd, 8638671.632, 101
Trd, 8638672.232, 99
Trd, 8638673.032, 96
Trd, 8638673.382, 97
Trd, 8638673.882, 97
Trd, 8638675.082, 102
Trd, 8638677.282, 102
Trd, 8638677.932, 102
Trd, 8638680.282, 97
Trd, 8638681.182, 95
Trd, 8638681.432, 99
Trd, 8638684.982, 93
Trd, 8638685.132, 95
Trd, 8638685.932, 100
Trd, 8638686.632, 101
Trd, 8638690.532, 106
Trd, 8638692.532, 100
Trd, 8638692.682, 98
Trd, 8638693.182, 98
Trd, 8638694.632, 97
Trd, 8638695.332, 102
Trd, 8638696.782, 101
Trd, 8638697.082, 103
Trd, 8638699.632, 88
Trd, 8638700.732, 98
Trd, 8638701.982, 95
Trd, 8638702.282, 95
Trd, 8638703.632, 103
Trd, 8638704.582, 103
Trd, 8638705.032, 97
Trd, 8638705.082, 101
Trd, 8638708.882, 102
Trd, 8638710.082, 95
Trd, 8638710.632, 101
Trd, 8638712.232, 96
Trd, 8638713.732, 94
Trd, 8638714.532, 92
Trd, 8638715.532, 94
Trd, 8638718.032, 102
Trd, 8638718.832, 102
Trd, 8638721.832, 97
Trd, 8638722.632, 96
Trd, 8638722.982, 95
Trd, 8638723.732, 96
Trd, 8638726.832, 96
Trd, 8638727.382, 97
Trd, 8638729.032, 101
Trd, 8638729.582, 102
Trd, 8638730.132, 103
Trd, 8638732.382, 102
Trd, 8638733.332, 101
Trd, 8638733.482, 112
Trd, 8638734.982, 114
Trd, 8638735.332, 116
Trd, 8638737.882, 111
Trd, 8638740.732, 103
Trd, 8638740.982, 105
Trd, 8638741.632, 105
Trd, 8638741.932, 104
Trd, 8638743.682, 97
Trd, 8638743.882, 99
Trd, 8638744.432, 97
Trd, 8638745.332, 100
Trd, 8638748.432, 95
Trd, 8638748.732, 95
Trd, 8638749.582, 95
Trd, 8638750.832, 102
Trd, 8638751.282, 104
Trd, 8638753.832, 107
Trd, 8638754.732, 101
Trd, 8638757.082, 112
Trd, 8638757.432, 121
Trd, 8638761.732, 111
Trd, 8638762.082, 112
Trd, 8638762.582, 113
Trd, 8638763.332, 112
Trd, 8638766.182, 106
Trd, 8638766.532, 106
Trd, 8638768.082, 106
Trd, 8638769.032, 117
Trd, 8638772.932, 103
Trd, 8638773.082, 103
Trd, 8638773.882, 93
Trd, 8638774.582, 114
Trd, 8638778.432, 106
Trd, 8638778.732, 107
Trd, 8638778.832, 99
Trd, 8638781.932, 97
Trd, 8638782.432, 97
Trd, 8638783.282, 99
Trd, 8638785.032, 115
Trd, 8638786.532, 93
Trd, 8638786.932, 107
Trd, 8638788.282, 96
Trd, 8638789.232, 104
Trd, 8638790.632, 100
Trd, 8638791.132, 98
Trd, 8638792.982, 98
Trd, 8638793.182, 104
Trd, 8638795.832, 106
Trd, 8638797.132, 102
Trd, 8638797.332, 103
Trd, 8638799.232, 108
Trd, 8638800.182, 107
Trd, 8638800.432, 107
Trd, 8638802.282, 107
Trd, 8638803.732, 113
Trd, 8638804.582, 104
Trd, 8638805.382, 113
Trd, 8638806.182, 117
Trd, 8638809.882, 109
Trd, 8638812.032, 104
Trd, 8638813.182, 103
Trd, 8638813.682, 103
Trd, 8638813.932, 104
Trd, 8638817.532, 108
Trd, 8638818.132, 105
Trd, 8638818.782, 105
Trd, 8638819.582, 108
Trd, 8638820.032, 117
Trd, 8638824.932, 104
Trd, 8638825.332, 106
Trd, 8638825.682, 104
Trd, 8638828.282, 95
Trd, 8638830.732, 97
Trd, 8638831.282, 100
Trd, 8638832.332, 99
Trd, 8638833.382, 98
Trd, 8638833.882, 98
Trd, 8638834.132, 113
Trd, 8638836.282, 122
Trd, 8638837.132, 92
Trd, 8638837.582, 93
Trd, 8638838.682, 130
Trd, 8638842.282, 107
Trd, 8638843.182, 107
Trd, 8638844.432, 98
Trd, 8638845.182, 114
Trd, 8638847.332, 106
Trd, 8638849.032, 105
Trd, 8638850.682, 107
Trd, 8638851.632, 104
Trd, 8638852.482, 104
Trd, 8638854.432, 82
Trd, 8638855.732, 92
Trd, 8638857.782, 90
Trd, 8638858.382, 91
Trd, 8638860.432, 106
Trd, 8638862.232, 100
Trd, 8638862.582, 102
Trd, 8638862.732, 103
Trd, 8638863.432, 103
Trd, 8638864.432, 105
Trd, 8638865.132, 115
Trd, 8638868.782, 102
Trd, 8638870.432, 122
Trd, 8638870.732, 117
Trd, 8638872.282, 112
Trd, 8638873.382, 113
Trd, 8638874.932, 110
Trd, 8638875.682, 106
Trd, 8638878.732, 109
Trd, 8638878.932, 109
Trd, 8638879.182, 111
Trd, 8638879.382, 133
Trd, 8638880.982, 99
Trd, 8638881.082, 99
Trd, 8638883.082, 90
Trd, 8638883.832, 91
Trd, 8638884.532, 92
Trd, 8638884.682, 97
Trd, 8638885.832, 111
Trd, 8638889.582, 97
Trd, 8638890.832, 99
Trd, 8638890.982, 100
Trd, 8638891.082, 104
Trd, 8638892.482, 99
Trd, 8638892.782, 97
Trd, 8638894.932, 98
Trd, 8638896.582, 113
Trd, 8638898.782, 106
Trd, 8638900.232, 101
Trd, 8638900.682, 102
Trd, 8638901.532, 101
Trd, 8638902.982, 110
Trd, 8638903.982, 106
Trd, 8638905.782, 104
Trd, 8638905.832, 104
Trd, 8638907.182, 87
Trd, 8638907.732, 102
Trd, 8638910.482, 100
Trd, 8638913.432, 94
Trd, 8638913.932, 97
Trd, 8638914.382, 95
Trd, 8638915.082, 103
Trd, 8638915.132, 104
Trd, 8638919.332, 101
Trd, 8638920.032, 104
Trd, 8638922.832, 107
Trd, 8638922.982, 108
Trd, 8638923.832, 104
Trd, 8638926.182, 102
Trd, 8638926.432, 103
Trd, 8638928.232, 94
Trd, 8638928.682, 99
Trd, 8638929.782, 96
Trd, 8638930.982, 97
Trd, 8638933.282, 102
Trd, 8638934.232, 98
Trd, 8638935.882, 95
Trd, 8638936.732, 93
Trd, 8638937.432, 94
Trd, 8638937.982, 94
Trd, 8638938.582, 90
Trd, 8638940.432, 90
Trd, 8638940.882, 91
Trd, 8638943.582, 99
Trd, 8638944.382, 99
Trd, 8638944.432, 100
Trd, 8638945.532, 100
Trd, 8638947.432, 99
Trd, 8638948.832, 98
Trd, 8638950.182, 100
Trd, 8638952.732, 97
Trd, 8638953.282, 95
Trd, 8638954.532, 94
Trd, 8638954.832, 95
Trd, 8638955.832, 110
Trd, 8638956.432, 115
Trd, 8638959.182, 113
Trd, 8638959.982, 124
Trd, 8638964.082, 100
Trd, 8638964.532, 109
Trd, 8638966.132, 102
Trd, 8638966.732, 101
Trd, 8638967.182, 101
Trd, 8638969.682, 99
Trd, 8638969.932, 99
Trd, 8638970.882, 96
Trd, 8638971.232, 95
Trd, 8638972.182, 91
Trd, 8638974.632, 89
Trd, 8638974.882, 106
Trd, 8638975.782, 104
Trd, 8638977.482, 95
Trd, 8638977.582, 104
Trd, 8638980.682, 108
Trd, 8638982.232, 102
Trd, 8638983.082, 102
Trd, 8638983.782, 101
Trd, 8638984.332, 104
Trd, 8638984.782, 87
Trd, 8638988.432, 108
Trd, 8638991.082, 101
Trd, 8638993.032, 94
Trd, 8638993.332, 95
Trd, 8638994.082, 104
Trd, 8638996.032, 112
Trd, 8638997.382, 104
Trd, 8638998.282, 111
Trd, 8639002.082, 106
Trd, 8639003.682, 97
Trd, 8639004.182, 97
Trd, 8639005.032, 104
Trd, 8639007.382, 112
Trd, 8639007.532, 104
Trd, 8639011.582, 105
Trd, 8639011.682, 106
Trd, 8639011.732, 104
Trd, 8639013.782, 98
Trd, 8639014.482, 92
Trd, 8639015.432, 95
Trd, 8639017.682, 99
Trd, 8639018.532, 97
Trd, 8639019.632, 95
Trd, 8639020.282, 96
Trd, 8639023.482, 90
Trd, 8639024.782, 99
Trd, 8639026.632, 102
Trd, 8639027.882, 102
Trd, 8639030.582, 98
Trd, 8639030.982, 99
Trd, 8639032.382, 99
Trd, 8639033.832, 88
Trd, 8639034.932, 117
Trd, 8639035.532, 115
Trd, 8639038.332, 96
Trd, 8639040.732, 100
Trd, 8639041.432, 101
Trd, 8639042.032, 101
Trd, 8639042.182, 100
Trd, 8639043.882, 96
Trd, 8639044.482, 96
Trd, 8639045.332, 110
Trd, 8639045.432, 111
Trd, 8639047.182, 113
Trd, 8639048.182, 131
Trd, 8639048.532, 98
Trd, 8639050.732, 122
Trd, 8639054.732, 95
Trd, 8639055.132, 93
Trd, 8639055.432, 92
Trd, 8639055.532, 94
Trd, 8639057.632, 103
Trd, 8639060.382, 93
Trd, 8639060.532, 100
Trd, 8639061.682, 131
Trd, 8639065.582, 115
Trd, 8639067.332, 108
Trd, 8639070.132, 101
Trd, 8639070.532, 102
Trd, 8639070.982, 102
Trd, 8639072.182, 100
Trd, 8639073.682, 99
Trd, 8639075.182, 98
Trd, 8639075.482, 98
Trd, 8639076.882, 102
Trd, 8639077.832, 101
Trd, 8639078.532, 101
Trd, 8639079.982, 100
Trd, 8639080.032, 102
Trd, 8639085.582, 100
Trd, 8639087.032, 99
Trd, 8639087.232, 115
Trd, 8639090.132, 111
Trd, 8639091.232, 109
Trd, 8639091.682, 107
Trd, 8639092.382, 107
Trd, 8639094.932, 106
Trd, 8639097.282, 100
Trd, 8639097.382, 101
Trd, 8639099.132, 101
Trd, 8639099.382, 101
Trd, 8639099.982, 103
Trd, 8639100.432, 104
Trd, 8639101.432, 95
Trd, 8639106.382, 96
Trd, 8639106.532, 99
Trd, 8639107.682, 97
Trd, 8639108.732, 103
Trd, 8639109.382, 104
Trd, 8639110.882, 103
Trd, 8639113.832, 105
Trd, 8639114.382, 104
Trd, 8639114.432, 105
Trd, 8639115.682, 100
Trd, 8639116.332, 99
Trd, 8639117.082, 100
Trd, 8639117.532, 119
Trd, 8639118.882, 109
Trd, 8639119.982, 98
Trd, 8639123.532, 96
Trd, 8639123.782, 95
Trd, 8639124.232, 96
Trd, 8639124.782, 97
Trd, 8639130.232, 108
Trd, 8639130.432, 108
Trd, 8639133.132, 104
Trd, 8639133.682, 103
Trd, 8639133.832, 105
Trd, 8639136.682, 114
Trd, 8639137.932, 109
Trd, 8639138.682, 109
Trd, 8639140.582, 104
Trd, 8639141.282, 102
Trd, 8639142.032, 103
Trd, 8639142.232, 101
Trd, 8639144.282, 103
Trd, 8639146.232, 102
Trd, 8639146.332, 104
Trd, 8639146.982, 103
Trd, 8639147.282, 104
Trd, 8639148.032, 103
Trd, 8639149.382, 126
Trd, 8639153.182, 108
Trd, 8639153.832, 107
Trd, 8639154.232, 103
Trd, 8639156.682, 102
Trd, 8639158.182, 100
Trd, 8639158.532, 99
Trd, 8639158.632, 100
Trd, 8639160.832, 97
Trd, 8639163.432, 98
Trd, 8639163.882, 98
Trd, 8639163.982, 104
Trd, 8639165.682, 114
Trd, 8639167.382, 106
Trd, 8639168.582, 106
Trd, 8639168.632, 114
Trd, 8639169.882, 106
Trd, 8639171.632, 119
Trd, 8639172.232, 104
Trd, 8639173.132, 112
Trd, 8639174.632, 108
Trd, 8639175.382, 102
Trd, 8639176.832, 103
Trd, 8639180.232, 79
Trd, 8639182.032, 86
Trd, 8639182.082, 87
Trd, 8639182.632, 88
Trd, 8639184.632, 95
Trd, 8639184.832, 103
Trd, 8639188.032, 98
Trd, 8639188.382, 98
Trd, 8639189.332, 99
Trd, 8639191.432, 101
Trd, 8639193.082, 98
Trd, 8639194.532, 100
Trd, 8639195.782, 96
Trd, 8639197.332, 96
Trd, 8639197.532, 97
Trd, 8639200.282, 101
Trd, 8639201.882, 99
Trd, 8639202.582, 86
Trd, 8639203.232, 98
Trd, 8639205.682, 93
Trd, 8639206.632, 96
Trd, 8639208.282, 100
Trd, 8639208.982, 98
Trd, 8639209.882, 95
Trd, 8639210.882, 97
Trd, 8639213.982, 95
Trd, 8639214.032, 96
Trd, 8639214.532, 95
Trd, 8639214.632, 91
Trd, 8639215.432, 87
Trd, 8639217.182, 88
Trd, 8639217.332, 89
Trd, 8639220.132, 100
Trd, 8639223.882, 107
Trd, 8639225.232, 111
Trd, 8639226.182, 110
Trd, 8639226.632, 109
Trd, 8639228.582, 105
Trd, 8639228.982, 107
Trd, 8639229.382, 105
Trd, 8639230.682, 104
Trd, 8639231.832, 101
Trd, 8639233.182, 98
Trd, 8639233.632, 93
Trd, 8639234.732, 95
Trd, 8639236.132, 97
Trd, 8639238.032, 103
Trd, 8639239.182, 102
Trd, 8639239.882, 103
Trd, 8639243.832, 98
Trd, 8639244.432, 100
Trd, 8639245.232, 103
Trd, 8639246.382, 104
Trd, 8639246.682, 103
Trd, 8639249.732, 99
Trd, 8639249.832, 99
Trd, 8639251.582, 100
Trd, 8639253.232, 98
Trd, 8639255.082, 101
Trd, 8639255.232, 102
Trd, 8639255.882, 109
Trd, 8639257.232, 105
Trd, 8639258.632, 105
Trd, 8639261.582, 109
Trd, 8639263.582, 101
Trd, 8639264.582, 99
Trd, 8639265.082, 99
Trd, 8639267.332, 97
Trd, 8639267.382, 104
Trd, 8639268.482, 97
Trd, 8639269.382, 107
Trd, 8639269.782, 96
Trd, 8639272.632, 98
Trd, 8639272.982, 98
Trd, 8639273.132, 119
Trd, 8639274.732, 118
Trd, 8639275.282, 118
Trd, 8639278.282, 99
Trd, 8639280.732, 106
Trd, 8639280.932, 105
Trd, 8639281.682, 106
Trd, 8639283.232, 95
Trd, 8639284.082, 104
Trd, 8639286.382, 100
Trd, 8639288.032, 98
Trd, 8639288.482, 97
Trd, 8639289.282, 95
Trd, 8639290.032, 80
Trd, 8639291.582, 103
Trd, 8639292.132, 136
Trd, 8639298.832, 103
Trd, 8639299.282, 102
Trd, 8639299.382, 103
Trd, 8639300.632, 102
Trd, 8639302.682, 108
Trd, 8639303.332, 112
Trd, 8639303.782, 114
Trd, 8639304.332, 107
Trd, 8639307.382, 97
Trd, 8639308.232, 101
Trd, 8639309.432, 99
Trd, 8639309.682, 101
Trd, 8639311.432, 130
Trd, 8639312.482, 122
Trd, 8639313.832, 99
Trd, 8639315.982, 110
Trd, 8639317.182, 108
Trd, 8639317.882, 105
Trd, 8639319.782, 102
Trd, 8639321.182, 98
Trd, 8639324.332, 93
Trd, 8639324.432, 95
Trd, 8639325.532, 101
Trd, 8639326.282, 100
Trd, 8639329.532, 97
Trd, 8639329.582, 96
Trd, 8639330.182, 97
Trd, 8639330.682, 97
Trd, 8639332.582, 95
Trd, 8639333.832, 92
Trd, 8639333.982, 104
Trd, 8639335.882, 108
Trd, 8639336.832, 97
Trd, 8639340.132, 101
Trd, 8639341.282, 98
Trd, 8639342.232, 100
Trd, 8639344.432, 103
Trd, 8639345.932, 103
Trd, 8639348.032, 103
Trd, 8639349.332, 102
Trd, 8639349.832, 99
Trd, 8639350.732, 100
Trd, 8639352.032, 97
Trd, 8639352.432, 99
Trd, 8639353.932, 101
Trd, 8639357.082, 95
Trd, 8639358.932, 96
Trd, 8639359.082, 98
Trd, 8639360.182, 97
Trd, 8639360.582, 97
Trd, 8639362.882, 99
Trd, 8639365.432, 109
Trd, 8639365.632, 109
Trd, 8639366.582, 106
Trd, 8639367.032, 105
Trd, 8639367.582, 105
Trd, 8639368.282, 104
Trd, 8639369.682, 109
Trd, 8639373.782, 101
Trd, 8639374.232, 100
Trd, 8639375.232, 97
Trd, 8639375.282, 100
Trd, 8639376.132, 99
Trd, 8639376.882, 97
Trd, 8639377.182, 98
Trd, 8639380.132, 95
Trd, 8639382.082, 96
Trd, 8639383.082, 96
Trd, 8639383.382, 96
Trd, 8639385.882, 97
Trd, 8639386.032, 98
Trd, 8639387.782, 96
Trd, 8639389.432, 94
Trd, 8639389.782, 95
Trd, 8639389.832, 98
Trd, 8639392.482, 99
Trd, 8639393.232, 99
Trd, 8639394.982, 98
Trd, 8639395.782, 98
Trd, 8639396.332, 103
Trd, 8639398.782, 113
Trd, 8639400.882, 108
Trd, 8639400.982, 110
Trd, 8639401.582, 107
Trd, 8639402.132, 104
Trd, 8639404.582, 130
Trd, 8639404.682, 113
Trd, 8639405.382, 131
Trd, 8639406.282, 124
Trd, 8639409.132, 111
Trd, 8639409.332, 104
Trd, 8639411.582, 107
Trd, 8639412.382, 106
Trd, 8639413.082, 104
Trd, 8639414.932, 101
Trd, 8639416.332, 101
Trd, 8639417.382, 100
Trd, 8639417.482, 117
Trd, 8639421.432, 104
Trd, 8639422.982, 104
Trd, 8639424.232, 107
Trd, 8639424.382, 111
Trd, 8639425.232, 113
Trd, 8639426.682, 124
Trd, 8639427.232, 125
Trd, 8639428.632, 111
Trd, 8639430.732, 117
Trd, 8639432.782, 111
Trd, 8639432.982, 110
Trd, 8639434.082, 104
Trd, 8639435.132, 96
Trd, 8639435.182, 98
Trd, 8639435.932, 95
Trd, 8639439.732, 104
Trd, 8639439.782, 106
Trd, 8639440.882, 96
Trd, 8639441.432, 103
Trd, 8639443.882, 98
Trd, 8639443.932, 99
Trd, 8639447.332, 101
Trd, 8639448.682, 104
Trd, 8639450.282, 97
Trd, 8639450.782, 97
Trd, 8639451.832, 96
Trd, 8639451.982, 96
Trd, 8639456.482, 90
Trd, 8639456.732, 91
Trd, 8639458.132, 95
Trd, 8639458.582, 104
Trd, 8639462.282, 101
Trd, 8639462.732, 102
Trd, 8639464.032, 97
Trd, 8639464.682, 97
Trd, 8639465.482, 95
Trd, 8639467.232, 96
Trd, 8639468.882, 92
Trd, 8639470.932, 91
Trd, 8639471.132, 95
Trd, 8639472.432, 89
Trd, 8639473.132, 88
Trd, 8639474.682, 96
Trd, 8639476.532, 95
Trd, 8639476.682, 98
Trd, 8639477.732, 103
Trd, 8639479.832, 101
Trd, 8639480.232, 99
Trd, 8639482.332, 97
Trd, 8639482.382, 98
Trd, 8639484.132, 98
Trd, 8639485.132, 96
Trd, 8639486.282, 96
Trd, 8639488.032, 95
Trd, 8639488.682, 93
Trd, 8639488.882, 114
Trd, 8639491.232, 106
Trd, 8639493.232, 98
Trd, 8639494.382, 96
Trd, 8639495.232, 94
Trd, 8639496.532, 98
Trd, 8639498.832, 99
Trd, 8639500.532, 94
Trd, 8639500.732, 94
Trd, 8639501.182, 95
Trd, 8639501.232, 96
Trd, 8639501.382, 104
Trd, 8639505.682, 109
Trd, 8639506.982, 104
Trd, 8639507.232, 104
Trd, 8639509.932, 109
Trd, 8639510.782, 107
Trd, 8639510.882, 108
Trd, 8639510.982, 104
Trd, 8639512.982, 111
Trd, 8639513.632, 109
Trd, 8639515.632, 106
Trd, 8639516.032, 106
Trd, 8639516.982, 104
Trd, 8639517.082, 105
Trd, 8639520.732, 103
Trd, 8639520.932, 91
Trd, 8639523.332, 98
Trd, 8639523.482, 98
Trd, 8639523.632, 99
Trd, 8639526.782, 100
Trd, 8639528.032, 95
Trd, 8639530.082, 107
Trd, 8639530.482, 106
Trd, 8639533.182, 96
Trd, 8639533.382, 96
Trd, 8639533.832, 96
Trd, 8639534.132, 97
Trd, 8639535.782, 104
Trd, 8639539.032, 112
Trd, 8639539.582, 112
Trd, 8639539.932, 111
Trd, 8639543.632, 109
Trd, 8639543.882, 108
Trd, 8639544.632, 104
Trd, 8639544.832, 98
Trd, 8639545.082, 105
Trd, 8639547.432, 115
Trd, 8639551.132, 106
Trd, 8639552.282, 98
Trd, 8639553.232, 102
Trd, 8639555.132, 100
Trd, 8639556.182, 101
Trd, 8639556.282, 95
Trd, 8639556.832, 111
Trd, 8639560.582, 102
Trd, 8639561.982, 100
Trd, 8639562.232, 103
Trd, 8639563.132, 104
Trd, 8639564.882, 105
Trd, 8639565.182, 105
Trd, 8639565.682, 104
Trd, 8639568.232, 99
Trd, 8639570.382, 98
Trd, 8639570.682, 99
Trd, 8639572.232, 97
Trd, 8639572.832, 97
Trd, 8639573.182, 98
Trd, 8639574.982, 109
Trd, 8639576.882, 103
Trd, 8639577.382, 103
Trd, 8639579.382, 106
Trd, 8639579.632, 103
Trd, 8639581.332, 101
Trd, 8639582.482, 100
Trd, 8639583.332, 104
Trd, 8639586.482, 104
Trd, 8639587.082, 102
Trd, 8639587.882, 97
Trd, 8639589.082, 111
Trd, 8639589.782, 109
Trd, 8639592.082, 106
Trd, 8639592.332, 108
Trd, 8639596.082, 111
Trd, 8639597.032, 109
Trd, 8639598.332, 106
Trd, 8639600.632, 96
Trd, 8639600.782, 97
Trd, 8639602.082, 95
Trd, 8639602.482, 95
Trd, 8639604.932, 94
Trd, 8639605.282, 103
Trd, 8639605.832, 90
Trd, 8639608.482, 95
Trd, 8639609.382, 97
Trd, 8639609.832, 97
Trd, 8639610.132, 97
Trd, 8639610.932, 97
Trd, 8639611.032, 104
Trd, 8639612.682, 96
Trd, 8639615.482, 98
Trd, 8639616.232, 100
Trd, 8639616.832, 99
Trd, 8639616.982, 100
Trd, 8639620.232, 101
Trd, 8639623.032, 99
Trd, 8639623.282, 98
Trd, 8639624.832, 97
Trd, 8639625.382, 96
Trd, 8639626.832, 97
Trd, 8639627.682, 96
Trd, 8639629.582, 93
Trd, 8639630.182, 92
Trd, 8639630.882, 94
Trd, 8639631.882, 97
Trd, 8639632.332, 102
Trd, 8639633.582, 100
Trd, 8639633.982, 104
Trd, 8639634.232, 122
Trd, 8639639.432, 101
Trd, 8639640.582, 103
Trd, 8639640.782, 102
Trd, 8639641.632, 102
Trd, 8639643.882, 87
Trd, 8639645.132, 94
Trd, 8639647.382, 91
Trd, 8639649.082, 92
Trd, 8639650.282, 94
Trd, 8639650.332, 95
Trd, 8639651.332, 97
Trd, 8639652.632, 98
Trd, 8639652.932, 99
Trd, 8639653.382, 104
Trd, 8639656.282, 102
Trd, 8639656.332, 103
Trd, 8639657.032, 102
Trd, 8639659.232, 96
Trd, 8639659.782, 95
Trd, 8639662.282, 90
Trd, 8639662.832, 92
Trd, 8639664.982, 95
Trd, 8639666.932, 127
Trd, 8639667.032, 128
Trd, 8639667.732, 99
Trd, 8639670.832, 106
Trd, 8639671.132, 106
Trd, 8639671.582, 106
Trd, 8639673.232, 112
Trd, 8639675.832, 105
Trd, 8639675.982, 106
Trd, 8639678.682, 115
Trd, 8639680.732, 114
Trd, 8639681.532, 120
Trd, 8639681.582, 113
Trd, 8639685.582, 117
Trd, 8639686.182, 115
Trd, 8639688.282, 109
Trd, 8639689.532, 107
Trd, 8639689.832, 107
Trd, 8639690.882, 110
Trd, 8639691.232, 115
Trd, 8639691.632, 104
Trd, 8639694.382, 124
Trd, 8639697.032, 101
Trd, 8639697.432, 101
Trd, 8639698.532, 100
Trd, 8639698.932, 100
Trd, 8639699.282, 104
Trd, 8639700.332, 108
Trd, 8639704.232, 98
Trd, 8639704.632, 96
Trd, 8639705.082, 96
Trd, 8639707.232, 99
Trd, 8639707.582, 100
Trd, 8639708.582, 99
Trd, 8639709.432, 101
Trd, 8639710.482, 103
Trd, 8639713.632, 100
Trd, 8639713.782, 101
Trd, 8639714.232, 101
Trd, 8639714.632, 100
Trd, 8639715.282, 113
Trd, 8639719.332, 109
Trd, 8639719.432, 111
Trd, 8639719.932, 109
Trd, 8639721.182, 110
Trd, 8639722.282, 106
Trd, 8639723.332, 106
Trd, 8639724.782, 105
Trd, 8639726.282, 101
Trd, 8639727.232, 97
Trd, 8639729.082, 95
Trd, 8639730.382, 80
Trd, 8639731.332, 93
Trd, 8639733.682, 91
Trd, 8639734.282, 93
Trd, 8639734.832, 92
Trd, 8639735.432, 94
Trd, 8639736.082, 95
Trd, 8639736.282, 113
Trd, 8639736.332, 140
Trd, 8639739.782, 98
Trd, 8639740.332, 104
Trd, 8639742.832, 97
Trd, 8639743.082, 97
Trd, 8639743.332, 97
Trd, 8639744.832, 103
Trd, 8639746.832, 99
Trd, 8639748.782, 103
Trd, 8639749.932, 101
Trd, 8639750.032, 97
Trd, 8639753.282, 93
Trd, 8639753.632, 94
Trd, 8639753.782, 95
Trd, 8639754.482, 103
Trd, 8639756.482, 96
Trd, 8639757.332, 125
Trd, 8639759.282, 131
Trd, 8639760.582, 127
Trd, 8639760.982, 122
Trd, 8639763.382, 117
Trd, 8639763.732, 117
Trd, 8639766.932, 97
Trd, 8639767.182, 107
Trd, 8639768.182, 107
Trd, 8639769.882, 101
Trd, 8639772.182, 89
Trd, 8639772.882, 86
Trd, 8639772.982, 89
Trd, 8639775.482, 88
Trd, 8639776.932, 93
Trd, 8639776.982, 104
Trd, 8639778.432, 114
Trd, 8639778.682, 95
Trd, 8639783.882, 100
Trd, 8639783.982, 101
Trd, 8639784.282, 103
Trd, 8639784.732, 101
Trd, 8639785.882, 100
Trd, 8639786.332, 99
Trd, 8639786.482, 95
Trd, 8639787.732, 100
Trd, 8639791.232, 104
Trd, 8639791.432, 96
Trd, 8639792.382, 113
Trd, 8639795.032, 106
Trd, 8639796.582, 105
Trd, 8639796.882, 104
Trd, 8639798.132, 102
Trd, 8639800.682, 104
Trd, 8639800.782, 114
Trd, 8639802.532, 103
Trd, 8639803.432, 112
Trd, 8639806.582, 105
Trd, 8639807.432, 102
Trd, 8639808.682, 104
Trd, 8639808.882, 103
Trd, 8639811.132, 104
Trd, 8639813.882, 105
Trd, 8639814.482, 104
Trd, 8639815.582, 100
Trd, 8639816.332, 100
Trd, 8639817.032, 100
Trd, 8639818.532, 103
Trd, 8639821.982, 108
Trd, 8639822.632, 108
Trd, 8639823.032, 107
Trd, 8639824.232, 105
Trd, 8639825.032, 105
Trd, 8639825.082, 113
Trd, 8639826.732, 126
Trd, 8639829.182, 117
Trd, 8639830.532, 92
Trd, 8639832.182, 111
Trd, 8639834.882, 100
Trd, 8639835.182, 104
Trd, 8639836.032, 104
Trd, 8639839.032, 102
Trd, 8639839.632, 101
Trd, 8639840.532, 101
Trd, 8639840.832, 104
Trd, 8639842.782, 78
Trd, 8639842.932, 79
Trd, 8639844.132, 104
Trd, 8639848.082, 97
Trd, 8639848.932, 97
Trd, 8639849.732, 97
Trd, 8639850.332, 104
Trd, 8639853.432, 112
Trd, 8639854.232, 104
Trd, 8639854.782, 107
Trd, 8639856.132, 108
Trd, 8639856.482, 108
Trd, 8639859.382, 100
Trd, 8639859.682, 101
Trd, 8639860.332, 104
Trd, 8639863.432, 96
Trd, 8639863.632, 95
Trd, 8639863.682, 96
Trd, 8639864.832, 110
Trd, 8639865.082, 111
Trd, 8639868.782, 112
Trd, 8639869.382, 105
Trd, 8639870.082, 104
Trd, 8639870.482, 103
Trd, 8639870.782, 103
Trd, 8639872.582, 102
Trd, 8639874.282, 97
Trd, 8639878.032, 96
Trd, 8639878.532, 96
Trd, 8639878.882, 96
Trd, 8639879.582, 102
Trd, 8639880.082, 95
Trd, 8639880.532, 104
Trd, 8639885.882, 117
Trd, 8639888.182, 106
Trd, 8639888.432, 106
Trd, 8639889.932, 106
Trd, 8639890.232, 107
Trd, 8639890.582, 108
Trd, 8639893.082, 104
Trd, 8639894.732, 99
Trd, 8639894.982, 99
Trd, 8639896.082, 103
Trd, 8639898.182, 99
Trd, 8639899.732, 89
Trd, 8639899.982, 96
Trd, 8639901.282, 97
Trd, 8639901.632, 97
Trd, 8639902.132, 104
Trd, 8639902.932, 116
Trd, 8639903.332, 90
Trd, 8639908.332, 103
Trd, 8639909.232, 102
Trd, 8639910.032, 100
Trd, 8639910.132, 102
Trd, 8639910.382, 95
Trd, 8639911.382, 103
Trd, 8639912.632, 103
Trd, 8639913.882, 103
Trd, 8639916.282, 100
Trd, 8639916.882, 100
Trd, 8639916.932, 99
Trd, 8639917.982, 96
Trd, 8639919.282, 96
Trd, 8639919.882, 95
Trd, 8639922.532, 87
Trd, 8639924.032, 99
Trd, 8639925.432, 98
Trd, 8639926.432, 97
Trd, 8639927.682, 96
Trd, 8639929.732, 94
Trd, 8639930.632, 95
Trd, 8639931.482, 97
Trd, 8639932.932, 101
Trd, 8639933.882, 101
Trd, 8639934.682, 104
Trd, 8639935.632, 112
Trd, 8639936.532, 114
Trd, 8639936.932, 115
Trd, 8639938.982, 103
Trd, 8639941.082, 103
Trd, 8639941.582, 103
Trd, 8639941.732, 103
Trd, 8639944.232, 95
Trd, 8639946.632, 94
Trd, 8639947.232, 94
Trd, 8639948.132, 94
Trd, 8639952.182, 93
Trd, 8639953.132, 96
Trd, 8639953.732, 96
Trd, 8639954.132, 104
Trd, 8639954.682, 123
Trd, 8639959.632, 109
Trd, 8639961.432, 100
Trd, 8639961.682, 104
Trd, 8639962.532, 101
Trd, 8639964.232, 111
Trd, 8639964.632, 112
Trd, 8639966.632, 106
Trd, 8639967.882, 106
Trd, 8639968.382, 104
Trd, 8639970.082, 104
Trd, 8639970.982, 104
Trd, 8639971.632, 105
Trd, 8639971.882, 104
Trd, 8639973.982, 124
Trd, 8639977.732, 110
Trd, 8639979.682, 104
Trd, 8639979.882, 104
Trd, 8639980.582, 105
Trd, 8639981.632, 106
Trd, 8639984.682, 104
Trd, 8639987.432, 93
Trd, 8639987.532, 94
Trd, 8639987.982, 94
Trd, 8639988.382, 94
Trd, 8639989.282, 95
Trd, 8639989.382, 104
Trd, 8639993.182, 87
Trd, 8639994.232, 111
Trd, 8639995.232, 109
Trd, 8639997.332, 99
Trd, 8639999.782, 104
