Trd, 8637911.482, 113
Trd, 8637912.582, 104
Trd, 8637913.132, 115
Trd, 8637914.582, 100
Trd, 8637914.632, 95
Trd, 8637917.182, 105
Trd, 8637917.832, 95
Trd, 8637920.332, 83
Trd, 8637920.632, 131
Trd, 8637921.432, 95
Trd, 8637922.032, 130
Trd, 8637924.032, 95
Trd, 8637927.482, 101
Trd, 8637928.582, 103
Trd, 8637929.782, 96
Trd, 8637929.882, 107
Trd, 8637931.432, 125
Trd, 8637936.182, 97
Trd, 8637936.282, 95
Trd, 8637936.482, 113
Trd, 8637939.532, 115
Trd, 8637940.582, 111
Trd, 8637940.882, 115
Trd, 8637941.232, 122
Trd, 8637942.682, 80
Trd, 8637943.982, 82
Trd, 8637944.232, 99
Trd, 8637945.982, 111
Trd, 8637947.782, 88
Trd, 8637948.482, 102
Trd, 8637948.932, 103
Trd, 8637949.032, 126
Trd, 8637950.532, 100
Trd, 8637950.982, 131
Trd, 8637952.082, 101
Trd, 8637953.182, 106
Trd, 8637956.132, 108
Trd, 8637956.882, 74
Trd, 8637958.082, 79
Trd, 8637959.532, 107
Trd, 8637961.182, 86
Trd, 8637961.732, 113
Trd, 8637961.832, 111
Trd, 8637963.082, 127
Trd, 8637964.932, 92
Trd, 8637967.382, 100
Trd, 8637968.182, 104
Trd, 8637968.332, 105
Trd, 8637969.082, 85
Trd, 8637969.232, 96
Trd, 8637972.932, 105
Trd, 8637973.082, 92
Trd, 8637974.232, 113
Trd, 8637975.182, 104
Trd, 8637977.332, 131
Trd, 8637979.832, 95
Trd, 8637981.432, 115
Trd, 8637982.132, 104
Trd, 8637982.682, 89
Trd, 8637983.232, 91
Trd, 8637985.182, 102
Trd, 8637986.682, 89
Trd, 8637986.932, 90
Trd, 8637989.432, 95
Trd, 8637990.782, 95
Trd, 8637991.082, 97
Trd, 8637991.932, 112
Trd, 8637992.932, 85
Trd, 8637993.782, 83
Trd, 8637994.332, 102
Trd, 8637995.132, 125
Trd, 8637996.832, 137
Trd, 8637996.982, 84
Trd, 8637998.532, 117
Trd, 8637999.382, 112
Trd, 8637999.982, 130
Trd, 8638002.582, 112
Trd, 8638003.032, 83
Trd, 8638003.432, 112
Trd, 8638004.682, 110
Trd, 8638004.982, 113
Trd, 8638008.082, 90
Trd, 8638008.932, 103
Trd, 8638009.282, 86
Trd, 8638009.932, 94
Trd, 8638011.782, 114
Trd, 8638012.532, 112
Trd, 8638012.782, 127
Trd, 8638014.632, 113
Trd, 8638015.132, 84
Trd, 8638015.182, 131
Trd, 8638016.382, 96
Trd, 8638018.482, 122
Trd, 8638019.632, 113
Trd, 8638023.232, 97
Trd, 8638024.782, 107
Trd, 8638026.932, 106
Trd, 8638027.332, 107
Trd, 8638029.682, 94
Trd, 8638029.782, 96
Trd, 8638032.832, 83
Trd, 8638034.132, 86
Trd, 8638034.882, 123
Trd, 8638036.982, 98
Trd, 8638037.132, 108
Trd, 8638037.932, 113
Trd, 8638039.082, 87
Trd, 8638039.132, 103
Trd, 8638040.632, 105
Trd, 8638042.332, 113
Trd, 8638043.782, 119
Trd, 8638043.882, 102
Trd, 8638045.382, 111
Trd, 8638047.082, 88
Trd, 8638047.232, 86
Trd, 8638050.382, 114
Trd, 8638050.982, 112
Trd, 8638051.782, 131
Trd, 8638053.732, 114
Trd, 8638054.132, 110
Trd, 8638055.432, 91
Trd, 8638056.532, 97
Trd, 8638056.582, 99
Trd, 8638057.732, 130
Trd, 8638057.932, 132
Trd, 8638059.332, 116
Trd, 8638063.332, 103
Trd, 8638063.582, 106
Trd, 8638064.932, 104
Trd, 8638065.482, 86
Trd, 8638067.182, 108
Trd, 8638067.332, 87
Trd, 8638068.982, 94
Trd, 8638071.182, 85
Trd, 8638071.982, 86
Trd, 8638072.332, 135
Trd, 8638072.632, 111
Trd, 8638073.332, 112
Trd, 8638074.882, 92
Trd, 8638075.982, 112
Trd, 8638076.582, 126
Trd, 8638078.682, 100
Trd, 8638079.482, 91
Trd, 8638079.982, 123
Trd, 8638080.632, 91
Trd, 8638083.832, 78
Trd, 8638085.032, 108
Trd, 8638085.832, 87
Trd, 8638086.332, 113
Trd, 8638086.782, 101
Trd, 8638087.532, 118
Trd, 8638089.382, 85
Trd, 8638089.532, 109
Trd, 8638095.482, 94
Trd, 8638096.382, 98
Trd, 8638099.082, 94
Trd, 8638099.182, 95
Trd, 8638100.582, 133
Trd, 8638101.932, 93
Trd, 8638102.482, 108
Trd, 8638103.032, 73
Trd, 8638104.682, 107
Trd, 8638106.432, 87
Trd, 8638106.982, 103
Trd, 8638107.782, 90
Trd, 8638108.132, 70
Trd, 8638108.532, 122
Trd, 8638110.182, 138
Trd, 8638111.432, 97
Trd, 8638112.782, 70
Trd, 8638113.282, 80
Trd, 8638115.982, 79
Trd, 8638116.882, 112
Trd, 8638117.082, 116
Trd, 8638121.082, 93
Trd, 8638121.882, 111
Trd, 8638122.432, 95
Trd, 8638122.882, 106
Trd, 8638123.582, 81
Trd, 8638125.832, 89
Trd, 8638126.332, 93
Trd, 8638127.982, 96
Trd, 8638128.732, 92
Trd, 8638129.382, 122
Trd, 8638131.332, 87
Trd, 8638132.432, 103
Trd, 8638132.932, 115
Trd, 8638133.032, 113
Trd, 8638134.532, 121
Trd, 8638135.982, 137
Trd, 8638138.532, 77
Trd, 8638140.432, 94
Trd, 8638140.682, 93
Trd, 8638140.882, 115
Trd, 8638143.882, 130
Trd, 8638144.732, 118
Trd, 8638145.082, 114
Trd, 8638145.332, 113
Trd, 8638147.432, 100
Trd, 8638149.332, 131
Trd, 8638151.432, 91
Trd, 8638152.132, 104
Trd, 8638153.582, 100
Trd, 8638154.632, 110
Trd, 8638156.232, 110
Trd, 8638156.932, 109
Trd, 8638158.382, 96
Trd, 8638160.682, 99
Trd, 8638162.232, 106
Trd, 8638164.082, 112
Trd, 8638164.782, 90
Trd, 8638164.982, 118
Trd, 8638165.132, 122
Trd, 8638165.982, 77
Trd, 8638168.832, 92
Trd, 8638169.132, 98
Trd, 8638170.582, 107
Trd, 8638171.132, 89
Trd, 8638174.682, 88
Trd, 8638174.732, 85
Trd, 8638174.982, 111
Trd, 8638175.532, 125
Trd, 8638177.432, 118
Trd, 8638178.582, 101
Trd, 8638179.332, 131
Trd, 8638182.232, 121
Trd, 8638182.382, 114
Trd, 8638183.532, 113
Trd, 8638186.332, 96
Trd, 8638187.132, 96
Trd, 8638187.432, 99
Trd, 8638187.782, 83
Trd, 8638188.632, 104
Trd, 8638190.482, 123
Trd, 8638190.532, 79
Trd, 8638192.132, 117
Trd, 8638192.582, 98
Trd, 8638193.632, 100
Trd, 8638194.832, 82
Trd, 8638197.032, 113
Trd, 8638197.182, 102
Trd, 8638198.432, 79
Trd, 8638199.382, 105
Trd, 8638200.382, 93
Trd, 8638201.682, 114
Trd, 8638202.332, 114
Trd, 8638202.832, 114
Trd, 8638204.282, 128
Trd, 8638204.432, 129
Trd, 8638205.432, 114
Trd, 8638206.032, 110
Trd, 8638208.482, 110
Trd, 8638209.232, 89
Trd, 8638211.532, 95
Trd, 8638213.432, 95
Trd, 8638213.932, 92
Trd, 8638214.932, 121
Trd, 8638216.032, 109
Trd, 8638217.132, 111
Trd, 8638217.982, 125
Trd, 8638220.332, 96
Trd, 8638221.382, 97
Trd, 8638222.182, 102
Trd, 8638222.532, 131
Trd, 8638223.482, 82
Trd, 8638223.582, 107
Trd, 8638225.232, 127
Trd, 8638226.182, 113
Trd, 8638226.782, 113
Trd, 8638227.582, 131
Trd, 8638228.732, 88
Trd, 8638229.132, 95
Trd, 8638231.182, 139
Trd, 8638233.582, 128
Trd, 8638234.632, 88
Trd, 8638235.032, 98
Trd, 8638236.582, 103
Trd, 8638238.032, 104
Trd, 8638238.432, 100
Trd, 8638238.982, 90
Trd, 8638240.082, 87
Trd, 8638240.882, 94
Trd, 8638241.882, 108
Trd, 8638243.632, 85
Trd, 8638244.132, 106
Trd, 8638245.782, 99
Trd, 8638248.082, 108
Trd, 8638249.332, 108
Trd, 8638249.732, 95
Trd, 8638251.732, 92
Trd, 8638252.882, 85
Trd, 8638255.082, 105
Trd, 8638255.282, 103
Trd, 8638256.282, 125
Trd, 8638257.182, 127
Trd, 8638262.432, 101
Trd, 8638263.082, 101
Trd, 8638263.282, 96
Trd, 8638264.382, 104
Trd, 8638265.782, 122
Trd, 8638265.882, 123
Trd, 8638268.932, 98
Trd, 8638268.982, 107
Trd, 8638269.482, 97
Trd, 8638272.182, 112
Trd, 8638273.382, 96
Trd, 8638274.032, 93
Trd, 8638274.132, 100
Trd, 8638276.882, 88
Trd, 8638277.282, 80
Trd, 8638278.982, 101
Trd, 8638279.282, 137
Trd, 8638280.032, 93
Trd, 8638280.132, 91
Trd, 8638280.732, 134
Trd, 8638280.982, 87
Trd, 8638283.332, 113
Trd, 8638285.182, 104
Trd, 8638286.482, 90
Trd, 8638288.032, 126
Trd, 8638288.182, 115
Trd, 8638289.332, 113
Trd, 8638292.532, 107
Trd, 8638292.582, 132
Trd, 8638293.032, 113
Trd, 8638294.482, 100
Trd, 8638295.932, 76
Trd, 8638296.182, 77
Trd, 8638297.932, 90
Trd, 8638298.132, 109
Trd, 8638299.282, 110
Trd, 8638301.082, 125
Trd, 8638301.282, 125
Trd, 8638303.032, 113
Trd, 8638305.132, 112
Trd, 8638305.732, 83
Trd, 8638306.482, 105
Trd, 8638306.882, 131
Trd, 8638307.582, 131
Trd, 8638310.232, 96
Trd, 8638311.082, 80
Trd, 8638314.332, 127
Trd, 8638314.682, 113
Trd, 8638315.632, 128
Trd, 8638318.232, 96
Trd, 8638319.432, 89
Trd, 8638321.232, 111
Trd, 8638322.182, 110
Trd, 8638323.282, 75
Trd, 8638324.132, 87
Trd, 8638325.232, 96
Trd, 8638325.432, 100
Trd, 8638327.282, 114
Trd, 8638327.432, 113
Trd, 8638328.732, 92
Trd, 8638329.932, 129
Trd, 8638331.182, 131
Trd, 8638331.382, 112
Trd, 8638333.932, 84
Trd, 8638334.632, 95
Trd, 8638336.532, 107
Trd, 8638338.032, 95
Trd, 8638338.982, 124
Trd, 8638339.132, 90
Trd, 8638340.582, 118
Trd, 8638343.582, 100
Trd, 8638346.382, 95
Trd, 8638347.482, 93
Trd, 8638349.232, 94
Trd, 8638349.732, 104
Trd, 8638350.182, 110
Trd, 8638350.832, 108
Trd, 8638352.082, 114
Trd, 8638352.132, 118
Trd, 8638352.332, 111
Trd, 8638356.832, 95
Trd, 8638357.032, 82
Trd, 8638357.332, 91
Trd, 8638358.782, 107
Trd, 8638359.632, 107
Trd, 8638361.332, 101
Trd, 8638361.832, 97
Trd, 8638363.032, 119
Trd, 8638363.082, 131
Trd, 8638366.882, 113
Trd, 8638366.982, 95
Trd, 8638367.632, 121
Trd, 8638368.632, 89
Trd, 8638368.782, 96
Trd, 8638370.232, 78
Trd, 8638371.132, 95
Trd, 8638374.632, 114
Trd, 8638375.132, 130
Trd, 8638375.632, 122
Trd, 8638376.482, 125
Trd, 8638376.982, 100
Trd, 8638379.432, 115
Trd, 8638379.682, 114
Trd, 8638381.582, 114
Trd, 8638381.882, 118
Trd, 8638382.032, 113
Trd, 8638384.432, 114
Trd, 8638385.382, 105
Trd, 8638388.482, 98
Trd, 8638389.032, 102
Trd, 8638389.282, 103
Trd, 8638392.582, 100
Trd, 8638393.182, 94
Trd, 8638393.782, 124
Trd, 8638394.982, 125
Trd, 8638396.032, 113
Trd, 8638396.432, 88
Trd, 8638396.782, 117
Trd, 8638398.282, 101
Trd, 8638398.732, 96
Trd, 8638399.932, 112
Trd, 8638402.582, 103
Trd, 8638402.882, 114
Trd, 8638404.282, 86
Trd, 8638404.832, 100
Trd, 8638405.482, 95
Trd, 8638406.832, 122
Trd, 8638407.882, 131
Trd, 8638408.082, 113
Trd, 8638411.732, 106
Trd, 8638413.632, 88
Trd, 8638414.432, 124
Trd, 8638415.282, 111
Trd, 8638417.082, 81
Trd, 8638419.482, 103
Trd, 8638420.082, 106
Trd, 8638421.032, 111
Trd, 8638424.182, 131
Trd, 8638425.532, 134
Trd, 8638426.882, 114
Trd, 8638428.432, 117
Trd, 8638429.032, 114
Trd, 8638429.832, 113
Trd, 8638432.882, 131
Trd, 8638433.532, 130
Trd, 8638434.182, 110
Trd, 8638434.732, 113
Trd, 8638435.732, 93
Trd, 8638436.132, 117
Trd, 8638437.532, 137
Trd, 8638437.682, 131
Trd, 8638440.782, 81
Trd, 8638441.382, 111
Trd, 8638442.982, 107
Trd, 8638444.432, 97
Trd, 8638444.632, 106
Trd, 8638446.382, 96
Trd, 8638448.332, 108
Trd, 8638448.382, 110
Trd, 8638449.332, 107
Trd, 8638449.932, 88
Trd, 8638453.782, 114
Trd, 8638454.382, 116
Trd, 8638454.582, 113
Trd, 8638455.482, 118
Trd, 8638455.582, 101
Trd, 8638455.932, 126
Trd, 8638456.782, 113
Trd, 8638457.432, 114
Trd, 8638459.282, 132
Trd, 8638462.682, 96
Trd, 8638463.032, 87
Trd, 8638464.182, 124
Trd, 8638464.582, 102
Trd, 8638467.632, 107
Trd, 8638469.332, 113
Trd, 8638470.332, 123
Trd, 8638473.032, 95
Trd, 8638473.782, 108
Trd, 8638475.732, 75
Trd, 8638475.832, 86
Trd, 8638476.782, 87
Trd, 8638477.182, 114
Trd, 8638478.182, 122
Trd, 8638479.982, 112
Trd, 8638482.532, 112
Trd, 8638483.882, 92
Trd, 8638485.582, 98
Trd, 8638486.832, 116
Trd, 8638487.582, 131
Trd, 8638490.182, 98
Trd, 8638491.482, 95
Trd, 8638492.332, 109
Trd, 8638494.832, 126
Trd, 8638494.982, 110
Trd, 8638495.632, 130
Trd, 8638495.832, 86
Trd, 8638499.332, 93
Trd, 8638501.282, 99
Trd, 8638501.632, 105
Trd, 8638505.182, 93
Trd, 8638505.982, 98
Trd, 8638506.082, 98
Trd, 8638506.832, 93
Trd, 8638507.382, 89
Trd, 8638508.182, 122
Trd, 8638510.732, 90
Trd, 8638511.232, 91
Trd, 8638511.582, 96
Trd, 8638512.382, 61
Trd, 8638513.182, 113
Trd, 8638513.632, 78
Trd, 8638514.482, 91
Trd, 8638517.132, 113
Trd, 8638518.682, 94
Trd, 8638520.132, 79
Trd, 8638520.782, 117
Trd, 8638521.532, 131
Trd, 8638521.732, 113
Trd, 8638523.432, 88
Trd, 8638525.682, 104
Trd, 8638526.432, 94
Trd, 8638527.182, 96
Trd, 8638527.832, 116
Trd, 8638527.882, 113
Trd, 8638530.132, 113
Trd, 8638531.932, 122
Trd, 8638534.232, 128
Trd, 8638534.682, 89
Trd, 8638536.532, 130
Trd, 8638536.732, 113
Trd, 8638539.032, 123
Trd, 8638540.332, 122
Trd, 8638540.632, 113
Trd, 8638541.882, 102
Trd, 8638543.232, 112
Trd, 8638543.982, 120
Trd, 8638544.532, 92
Trd, 8638546.082, 98
Trd, 8638548.382, 107
Trd, 8638548.832, 130
Trd, 8638551.832, 91
Trd, 8638554.082, 116
Trd, 8638555.432, 98
Trd, 8638556.982, 109
Trd, 8638557.582, 99
Trd, 8638557.782, 112
Trd, 8638558.882, 114
Trd, 8638561.482, 92
Trd, 8638562.432, 103
Trd, 8638564.082, 85
Trd, 8638565.982, 89
Trd, 8638566.132, 110
Trd, 8638566.832, 104
Trd, 8638567.332, 113
Trd, 8638569.532, 100
Trd, 8638570.032, 98
Trd, 8638572.682, 135
Trd, 8638572.832, 128
Trd, 8638572.932, 113
Trd, 8638576.582, 87
Trd, 8638576.832, 106
Trd, 8638577.882, 105
Trd, 8638578.132, 91
Trd, 8638578.882, 104
Trd, 8638579.982, 86
Trd, 8638582.332, 97
Trd, 8638584.282, 90
Trd, 8638585.182, 80
Trd, 8638585.582, 116
Trd, 8638586.882, 112
Trd, 8638589.932, 106
Trd, 8638590.332, 108
Trd, 8638590.882, 131
Trd, 8638592.782, 90
Trd, 8638592.832, 87
Trd, 8638595.232, 69
Trd, 8638596.382, 77
Trd, 8638597.432, 123
Trd, 8638597.682, 133
Trd, 8638599.382, 94
Trd, 8638600.482, 78
Trd, 8638601.282, 93
Trd, 8638603.332, 81
Trd, 8638603.432, 100
Trd, 8638604.282, 108
Trd, 8638604.332, 120
Trd, 8638607.082, 100
Trd, 8638607.882, 96
Trd, 8638610.332, 99
Trd, 8638611.682, 107
Trd, 8638614.032, 99
Trd, 8638614.082, 97
Trd, 8638616.682, 114
Trd, 8638617.432, 113
Trd, 8638618.582, 94
Trd, 8638618.782, 96
Trd, 8638620.682, 94
Trd, 8638621.382, 110
Trd, 8638622.482, 113
Trd, 8638622.782, 127
Trd, 8638624.432, 99
Trd, 8638624.632, 98
Trd, 8638625.232, 93
Trd, 8638627.882, 112
Trd, 8638628.582, 96
Trd, 8638630.132, 133
Trd, 8638630.482, 131
Trd, 8638631.182, 95
Trd, 8638632.882, 127
Trd, 8638633.382, 111
Trd, 8638635.832, 114
Trd, 8638637.732, 111
Trd, 8638641.982, 114
Trd, 8638642.182, 113
Trd, 8638642.332, 129
Trd, 8638642.782, 130
Trd, 8638643.832, 121
Trd, 8638644.532, 121
Trd, 8638645.432, 111
Trd, 8638647.032, 81
Trd, 8638649.782, 112
Trd, 8638650.482, 100
Trd, 8638652.482, 100
Trd, 8638653.882, 89
Trd, 8638654.232, 125
Trd, 8638655.732, 106
Trd, 8638657.332, 90
Trd, 8638659.082, 122
Trd, 8638659.232, 93
Trd, 8638660.032, 95
Trd, 8638660.182, 93
Trd, 8638660.832, 113
Trd, 8638663.032, 88
Trd, 8638664.732, 92
Trd, 8638664.782, 113
Trd, 8638666.482, 101
Trd, 8638669.082, 100
Trd, 8638669.532, 119
Trd, 8638669.982, 111
Trd, 8638671.532, 113
Trd, 8638672.782, 113
Trd, 8638674.432, 81
Trd, 8638676.982, 96
Trd, 8638678.282, 95
Trd, 8638679.132, 99
Trd, 8638681.282, 113
Trd, 8638683.032, 114
Trd, 8638683.182, 127
Trd, 8638684.132, 113
Trd, 8638684.282, 92
Trd, 8638685.732, 95
Trd, 8638686.082, 96
Trd, 8638689.232, 132
Trd, 8638689.582, 91
Trd, 8638691.082, 122
Trd, 8638692.782, 130
Trd, 8638693.732, 130
Trd, 8638694.832, 122
Trd, 8638696.282, 113
Trd, 8638697.832, 131
Trd, 8638697.982, 107
Trd, 8638699.882, 92
Trd, 8638700.332, 91
Trd, 8638700.982, 109
Trd, 8638702.432, 85
Trd, 8638702.782, 106
Trd, 8638704.832, 90
Trd, 8638705.282, 109
Trd, 8638707.832, 104
Trd, 8638709.982, 98
Trd, 8638710.932, 105
Trd, 8638711.732, 95
Trd, 8638712.582, 99
Trd, 8638713.082, 116
Trd, 8638714.882, 134
Trd, 8638716.532, 87
Trd, 8638717.932, 86
Trd, 8638717.982, 101
Trd, 8638718.432, 103
Trd, 8638721.032, 87
Trd, 8638722.432, 91
Trd, 8638724.432, 102
Trd, 8638724.882, 113
Trd, 8638728.182, 94
Trd, 8638728.282, 96
Trd, 8638730.532, 91
Trd, 8638730.782, 94
Trd, 8638731.332, 107
Trd, 8638731.982, 131
Trd, 8638735.982, 96
Trd, 8638736.482, 83
Trd, 8638737.682, 73
Trd, 8638737.732, 96
Trd, 8638739.682, 99
Trd, 8638740.382, 110
Trd, 8638741.732, 103
Trd, 8638743.332, 89
Trd, 8638743.932, 73
Trd, 8638746.182, 131
Trd, 8638747.732, 98
Trd, 8638748.382, 90
Trd, 8638750.082, 112
Trd, 8638750.282, 111
Trd, 8638750.682, 115
Trd, 8638751.132, 77
Trd, 8638753.982, 84
Trd, 8638754.482, 104
Trd, 8638755.432, 120
Trd, 8638756.832, 113
Trd, 8638756.882, 124
Trd, 8638762.532, 103
Trd, 8638764.432, 109
Trd, 8638766.182, 120
Trd, 8638766.682, 114
Trd, 8638767.182, 88
Trd, 8638767.232, 95
Trd, 8638769.032, 98
Trd, 8638769.182, 106
Trd, 8638770.032, 94
Trd, 8638773.582, 112
Trd, 8638774.982, 90
Trd, 8638776.532, 113
Trd, 8638777.232, 113
Trd, 8638777.432, 128
Trd, 8638780.732, 98
Trd, 8638783.682, 88
Trd, 8638783.782, 112
Trd, 8638784.882, 78
Trd, 8638784.932, 115
Trd, 8638785.282, 131
Trd, 8638787.182, 91
Trd, 8638790.032, 115
Trd, 8638790.982, 113
Trd, 8638791.632, 114
Trd, 8638792.182, 91
Trd, 8638793.282, 124
Trd, 8638798.232, 86
Trd, 8638798.882, 87
Trd, 8638799.282, 116
Trd, 8638799.782, 99
Trd, 8638800.082, 130
Trd, 8638802.032, 86
Trd, 8638802.182, 76
Trd, 8638804.482, 95
Trd, 8638804.882, 96
Trd, 8638805.632, 106
Trd, 8638807.432, 92
Trd, 8638808.382, 95
Trd, 8638808.582, 100
Trd, 8638809.932, 78
Trd, 8638810.532, 93
Trd, 8638810.682, 113
Trd, 8638813.632, 119
Trd, 8638813.932, 90
Trd, 8638818.582, 100
Trd, 8638818.682, 90
Trd, 8638820.332, 96
Trd, 8638820.732, 97
Trd, 8638821.832, 93
Trd, 8638823.282, 107
Trd, 8638824.532, 96
Trd, 8638824.582, 100
Trd, 8638826.182, 92
Trd, 8638826.632, 112
Trd, 8638827.982, 117
Trd, 8638828.932, 96
Trd, 8638831.682, 93
Trd, 8638832.732, 84
Trd, 8638833.632, 119
Trd, 8638835.182, 122
Trd, 8638835.682, 114
Trd, 8638837.432, 112
Trd, 8638838.782, 96
Trd, 8638839.432, 111
Trd, 8638841.632, 126
Trd, 8638843.032, 111
Trd, 8638843.182, 94
Trd, 8638844.182, 111
Trd, 8638845.982, 96
Trd, 8638848.032, 89
Trd, 8638849.482, 88
Trd, 8638850.032, 130
Trd, 8638850.432, 96
Trd, 8638850.632, 122
Trd, 8638852.282, 97
Trd, 8638852.782, 112
Trd, 8638856.232, 98
Trd, 8638856.932, 106
Trd, 8638857.482, 122
Trd, 8638859.382, 73
Trd, 8638860.982, 116
Trd, 8638863.032, 98
Trd, 8638864.332, 113
Trd, 8638864.582, 116
Trd, 8638866.332, 113
Trd, 8638866.932, 77
Trd, 8638867.632, 101
Trd, 8638867.982, 113
Trd, 8638875.032, 106
Trd, 8638875.182, 101
Trd, 8638875.232, 108
Trd, 8638875.682, 117
Trd, 8638877.832, 115
Trd, 8638878.382, 113
Trd, 8638879.982, 140
Trd, 8638881.632, 129
Trd, 8638882.782, 129
Trd, 8638883.732, 87
Trd, 8638886.332, 99
Trd, 8638887.032, 95
Trd, 8638888.732, 120
Trd, 8638889.232, 112
Trd, 8638890.882, 96
Trd, 8638891.382, 109
Trd, 8638892.732, 113
Trd, 8638893.032, 124
Trd, 8638896.182, 92
Trd, 8638898.132, 97
Trd, 8638898.882, 96
Trd, 8638899.682, 104
Trd, 8638900.982, 111
Trd, 8638901.982, 95
Trd, 8638902.382, 116
Trd, 8638903.582, 85
Trd, 8638904.132, 106
Trd, 8638905.632, 70
Trd, 8638907.032, 108
Trd, 8638908.782, 81
Trd, 8638908.982, 97
Trd, 8638909.132, 89
Trd, 8638912.232, 131
Trd, 8638913.082, 106
Trd, 8638915.882, 104
Trd, 8638916.182, 94
Trd, 8638916.782, 91
Trd, 8638917.032, 125
Trd, 8638917.882, 113
Trd, 8638920.282, 112
Trd, 8638923.832, 95
Trd, 8638924.082, 97
Trd, 8638926.582, 91
Trd, 8638928.582, 114
Trd, 8638928.932, 112
Trd, 8638929.482, 112
Trd, 8638929.832, 134
Trd, 8638930.732, 114
Trd, 8638931.132, 126
Trd, 8638933.732, 107
Trd, 8638934.532, 114
Trd, 8638935.982, 95
Trd, 8638938.982, 92
Trd, 8638939.332, 111
Trd, 8638939.632, 123
Trd, 8638940.032, 93
Trd, 8638942.782, 96
Trd, 8638944.682, 105
Trd, 8638946.482, 84
Trd, 8638946.532, 119
Trd, 8638948.182, 115
Trd, 8638948.232, 113
Trd, 8638950.782, 87
Trd, 8638951.282, 83
Trd, 8638952.482, 96
Trd, 8638953.682, 125
Trd, 8638954.682, 90
Trd, 8638954.782, 98
Trd, 8638957.132, 92
Trd, 8638957.732, 107
Trd, 8638959.332, 105
Trd, 8638961.632, 130
Trd, 8638961.932, 100
Trd, 8638963.282, 129
Trd, 8638965.932, 97
Trd, 8638967.132, 92
Trd, 8638967.632, 122
Trd, 8638968.782, 80
Trd, 8638968.882, 83
Trd, 8638970.132, 101
Trd, 8638970.332, 127
Trd, 8638972.382, 131
Trd, 8638974.382, 101
Trd, 8638975.682, 95
Trd, 8638976.732, 95
Trd, 8638978.782, 82
Trd, 8638979.282, 126
Trd, 8638980.632, 113
Trd, 8638981.982, 96
Trd, 8638983.132, 77
Trd, 8638983.582, 115
Trd, 8638985.482, 115
Trd, 8638985.982, 113
Trd, 8638988.182, 95
Trd, 8638988.532, 107
Trd, 8638990.032, 121
Trd, 8638990.832, 83
Trd, 8638991.332, 131
Trd, 8638992.882, 131
Trd, 8638993.382, 96
Trd, 8638995.032, 89
Trd, 8638996.682, 77
Trd, 8638997.232, 80
Trd, 8638998.382, 95
Trd, 8638998.682, 98
Trd, 8638998.782, 120
Trd, 8639003.882, 107
Trd, 8639004.932, 95
Trd, 8639006.532, 80
Trd, 8639008.982, 106
Trd, 8639010.582, 109
Trd, 8639010.832, 111
Trd, 8639013.382, 96
Trd, 8639015.832, 105
Trd, 8639017.032, 88
Trd, 8639018.232, 98
Trd, 8639019.032, 95
Trd, 8639020.182, 101
Trd, 8639021.132, 88
Trd, 8639023.382, 97
Trd, 8639023.682, 103
Trd, 8639023.932, 113
Trd, 8639026.382, 132
Trd, 8639026.632, 99
Trd, 8639026.682, 95
Trd, 8639028.732, 93
Trd, 8639029.582, 125
Trd, 8639032.582, 116
Trd, 8639032.682, 123
Trd, 8639034.882, 130
Trd, 8639035.732, 112
Trd, 8639037.232, 113
Trd, 8639038.632, 90
Trd, 8639039.132, 92
Trd, 8639040.282, 99
Trd, 8639040.732, 105
Trd, 8639041.282, 109
Trd, 8639041.782, 85
Trd, 8639043.882, 80
Trd, 8639045.882, 113
Trd, 8639046.232, 115
Trd, 8639047.432, 125
Trd, 8639047.982, 122
Trd, 8639050.582, 103
Trd, 8639051.382, 109
Trd, 8639052.682, 102
Trd, 8639054.182, 121
Trd, 8639056.382, 111
Trd, 8639057.082, 112
Trd, 8639057.232, 127
Trd, 8639059.932, 118
Trd, 8639060.932, 95
Trd, 8639061.982, 113
Trd, 8639062.432, 92
Trd, 8639063.782, 106
Trd, 8639064.332, 88
Trd, 8639065.482, 106
Trd, 8639066.532, 98
Trd, 8639068.782, 80
Trd, 8639069.982, 106
Trd, 8639072.532, 123
Trd, 8639073.632, 98
Trd, 8639073.982, 99
Trd, 8639075.432, 115
Trd, 8639076.832, 118
Trd, 8639078.182, 79
Trd, 8639078.582, 130
Trd, 8639078.732, 122
Trd, 8639081.332, 112
Trd, 8639083.282, 93
Trd, 8639086.082, 94
Trd, 8639087.732, 111
Trd, 8639088.332, 91
Trd, 8639088.532, 73
Trd, 8639090.632, 95
Trd, 8639090.682, 96
Trd, 8639091.332, 87
Trd, 8639095.432, 126
Trd, 8639095.482, 129
Trd, 8639095.582, 114
Trd, 8639096.532, 113
Trd, 8639098.282, 126
Trd, 8639098.832, 92
Trd, 8639099.082, 81
Trd, 8639100.332, 111
Trd, 8639103.082, 97
Trd, 8639105.182, 97
Trd, 8639105.532, 90
Trd, 8639106.332, 100
Trd, 8639106.582, 102
Trd, 8639106.982, 122
Trd, 8639108.232, 101
Trd, 8639109.232, 100
Trd, 8639111.032, 96
Trd, 8639113.032, 113
Trd, 8639114.182, 104
Trd, 8639114.282, 105
Trd, 8639115.132, 89
Trd, 8639118.232, 97
Trd, 8639118.432, 97
Trd, 8639118.632, 131
Trd, 8639119.782, 85
Trd, 8639121.482, 98
Trd, 8639122.582, 95
Trd, 8639123.632, 105
Trd, 8639123.932, 75
Trd, 8639124.432, 112
Trd, 8639125.682, 79
Trd, 8639126.632, 87
Trd, 8639127.932, 131
Trd, 8639128.482, 89
Trd, 8639132.082, 117
Trd, 8639133.132, 132
Trd, 8639133.632, 112
Trd, 8639135.882, 115
Trd, 8639136.382, 89
Trd, 8639139.382, 108
Trd, 8639140.932, 104
Trd, 8639142.382, 88
Trd, 8639143.832, 88
Trd, 8639147.382, 93
Trd, 8639148.532, 95
Trd, 8639148.632, 91
Trd, 8639149.482, 103
Trd, 8639150.282, 95
Trd, 8639150.682, 87
Trd, 8639151.732, 100
Trd, 8639151.882, 123
Trd, 8639155.132, 78
Trd, 8639155.582, 79
Trd, 8639157.632, 115
Trd, 8639157.932, 95
Trd, 8639158.682, 91
Trd, 8639160.182, 93
Trd, 8639160.332, 101
Trd, 8639160.982, 112
Trd, 8639161.882, 113
Trd, 8639162.132, 73
Trd, 8639163.532, 127
Trd, 8639164.682, 101
Trd, 8639166.382, 116
Trd, 8639170.582, 102
Trd, 8639172.082, 105
Trd, 8639173.032, 96
Trd, 8639173.182, 68
Trd, 8639173.332, 131
Trd, 8639173.982, 80
Trd, 8639174.432, 105
Trd, 8639174.532, 132
Trd, 8639178.532, 102
Trd, 8639179.832, 103
Trd, 8639180.982, 92
Trd, 8639182.032, 122
Trd, 8639182.882, 84
Trd, 8639183.982, 99
Trd, 8639184.132, 134
Trd, 8639185.182, 89
Trd, 8639187.832, 113
Trd, 8639188.682, 99
Trd, 8639190.032, 122
Trd, 8639191.132, 132
Trd, 8639192.282, 114
Trd, 8639193.332, 113
Trd, 8639195.732, 106
Trd, 8639198.032, 103
Trd, 8639198.432, 105
Trd, 8639198.882, 130
Trd, 8639201.682, 92
Trd, 8639202.482, 82
Trd, 8639202.732, 100
Trd, 8639203.382, 104
Trd, 8639206.432, 95
Trd, 8639206.682, 80
Trd, 8639208.282, 93
Trd, 8639208.782, 113
Trd, 8639209.032, 84
Trd, 8639209.832, 114
Trd, 8639210.382, 113
Trd, 8639210.432, 95
Trd, 8639212.582, 131
Trd, 8639214.732, 129
Trd, 8639215.132, 104
Trd, 8639216.482, 66
Trd, 8639217.132, 96
Trd, 8639217.382, 91
Trd, 8639218.682, 115
Trd, 8639219.832, 126
Trd, 8639220.282, 107
Trd, 8639223.332, 104
Trd, 8639223.482, 95
Trd, 8639224.782, 113
Trd, 8639224.882, 113
Trd, 8639226.282, 90
Trd, 8639226.782, 124
Trd, 8639227.582, 122
Trd, 8639229.432, 100
Trd, 8639230.782, 96
Trd, 8639233.032, 139
Trd, 8639234.332, 112
Trd, 8639234.432, 102
Trd, 8639234.682, 129
Trd, 8639236.782, 135
Trd, 8639238.432, 101
Trd, 8639238.582, 100
Trd, 8639239.082, 102
Trd, 8639242.482, 92
Trd, 8639244.782, 106
Trd, 8639244.932, 84
Trd, 8639245.332, 117
Trd, 8639246.382, 112
Trd, 8639247.332, 124
Trd, 8639249.532, 105
Trd, 8639252.182, 113
Trd, 8639254.882, 93
Trd, 8639254.932, 104
Trd, 8639257.432, 85
Trd, 8639258.782, 103
Trd, 8639260.082, 115
Trd, 8639261.182, 114
Trd, 8639261.832, 112
Trd, 8639262.532, 117
Trd, 8639263.982, 90
Trd, 8639265.232, 98
Trd, 8639266.732, 93
Trd, 8639267.582, 93
Trd, 8639268.532, 94
Trd, 8639269.632, 97
Trd, 8639270.882, 112
Trd, 8639271.482, 94
Trd, 8639272.982, 110
Trd, 8639273.082, 115
Trd, 8639275.132, 113
Trd, 8639277.732, 120
Trd, 8639279.532, 101
Trd, 8639280.082, 99
Trd, 8639283.082, 80
Trd, 8639284.382, 97
Trd, 8639284.832, 131
Trd, 8639285.082, 82
Trd, 8639285.782, 103
Trd, 8639287.132, 117
Trd, 8639287.382, 93
Trd, 8639288.282, 94
Trd, 8639290.482, 96
Trd, 8639291.132, 114
Trd, 8639293.732, 137
Trd, 8639293.832, 122
Trd, 8639294.082, 112
Trd, 8639296.232, 87
Trd, 8639296.282, 122
Trd, 8639296.582, 91
Trd, 8639299.332, 97
Trd, 8639299.482, 84
Trd, 8639299.782, 98
Trd, 8639302.232, 131
Trd, 8639302.582, 113
Trd, 8639304.882, 98
Trd, 8639306.432, 88
Trd, 8639308.532, 111
Trd, 8639309.332, 113
Trd, 8639310.432, 129
Trd, 8639311.482, 95
Trd, 8639312.032, 132
Trd, 8639314.082, 87
Trd, 8639316.032, 100
Trd, 8639316.432, 105
Trd, 8639317.732, 114
Trd, 8639320.032, 113
Trd, 8639322.582, 130
Trd, 8639323.632, 105
Trd, 8639325.232, 104
Trd, 8639326.032, 124
Trd, 8639327.982, 124
Trd, 8639328.432, 112
Trd, 8639329.782, 101
Trd, 8639330.582, 125
Trd, 8639332.132, 87
Trd, 8639333.232, 101
Trd, 8639335.132, 94
Trd, 8639335.232, 96
Trd, 8639336.132, 110
Trd, 8639336.782, 135
Trd, 8639338.382, 98
Trd, 8639340.682, 96
Trd, 8639340.732, 93
Trd, 8639341.082, 97
Trd, 8639344.882, 106
Trd, 8639346.282, 97
Trd, 8639346.332, 95
Trd, 8639346.882, 97
Trd, 8639348.182, 98
Trd, 8639348.932, 87
Trd, 8639350.082, 111
Trd, 8639350.482, 75
Trd, 8639352.932, 133
Trd, 8639353.732, 131
Trd, 8639356.382, 117
Trd, 8639356.532, 113
Trd, 8639357.532, 124
Trd, 8639358.982, 116
Trd, 8639360.532, 92
Trd, 8639362.732, 100
Trd, 8639364.782, 113
Trd, 8639365.282, 134
Trd, 8639365.732, 136
Trd, 8639367.182, 91
Trd, 8639368.532, 123
Trd, 8639369.182, 111
Trd, 8639369.632, 95
Trd, 8639372.082, 113
Trd, 8639372.182, 115
Trd, 8639373.982, 83
Trd, 8639374.032, 97
Trd, 8639376.432, 103
Trd, 8639376.732, 107
Trd, 8639378.532, 97
Trd, 8639379.082, 86
Trd, 8639382.732, 91
Trd, 8639383.082, 101
Trd, 8639384.482, 120
Trd, 8639385.182, 90
Trd, 8639385.882, 99
Trd, 8639387.632, 111
Trd, 8639388.732, 89
Trd, 8639390.782, 106
Trd, 8639390.882, 115
Trd, 8639390.932, 137
Trd, 8639392.282, 123
Trd, 8639393.532, 129
Trd, 8639394.082, 122
Trd, 8639395.732, 85
Trd, 8639396.982, 86
Trd, 8639398.182, 94
Trd, 8639399.032, 95
Trd, 8639399.132, 94
Trd, 8639399.232, 120
Trd, 8639400.532, 123
Trd, 8639403.732, 124
Trd, 8639404.182, 130
Trd, 8639404.382, 103
Trd, 8639404.482, 96
Trd, 8639407.582, 96
Trd, 8639408.732, 131
Trd, 8639410.482, 113
Trd, 8639410.832, 112
Trd, 8639412.182, 77
Trd, 8639413.682, 92
Trd, 8639414.082, 103
Trd, 8639415.232, 126
Trd, 8639416.482, 102
Trd, 8639417.382, 77
Trd, 8639418.482, 80
Trd, 8639419.032, 98
Trd, 8639420.382, 79
Trd, 8639420.732, 95
Trd, 8639422.032, 122
Trd, 8639424.782, 113
Trd, 8639426.982, 107
Trd, 8639427.832, 94
Trd, 8639429.232, 114
Trd, 8639429.882, 131
Trd, 8639431.982, 109
Trd, 8639433.832, 114
Trd, 8639434.532, 84
Trd, 8639435.632, 98
Trd, 8639437.482, 95
Trd, 8639437.582, 102
Trd, 8639440.232, 130
Trd, 8639441.182, 111
Trd, 8639442.282, 119
Trd, 8639444.282, 77
Trd, 8639445.482, 99
Trd, 8639446.282, 98
Trd, 8639447.082, 94
Trd, 8639449.482, 97
Trd, 8639450.382, 95
Trd, 8639450.482, 110
Trd, 8639452.832, 113
Trd, 8639453.932, 122
Trd, 8639454.182, 125
Trd, 8639455.382, 82
Trd, 8639456.582, 87
Trd, 8639459.032, 85
Trd, 8639459.932, 86
Trd, 8639460.382, 110
Trd, 8639461.182, 127
Trd, 8639461.982, 112
Trd, 8639462.232, 92
Trd, 8639463.932, 93
Trd, 8639466.382, 81
Trd, 8639466.682, 86
Trd, 8639467.382, 108
Trd, 8639467.782, 77
Trd, 8639469.382, 104
Trd, 8639469.632, 105
Trd, 8639471.982, 96
Trd, 8639472.532, 97
Trd, 8639474.482, 113
Trd, 8639476.182, 84
Trd, 8639477.832, 91
Trd, 8639478.032, 102
Trd, 8639478.732, 91
Trd, 8639478.982, 106
Trd, 8639480.932, 93
Trd, 8639481.782, 111
Trd, 8639483.882, 113
Trd, 8639485.832, 104
Trd, 8639486.482, 96
Trd, 8639488.682, 78
Trd, 8639489.332, 107
Trd, 8639489.682, 124
Trd, 8639490.532, 113
Trd, 8639493.432, 105
Trd, 8639494.932, 93
Trd, 8639495.882, 93
Trd, 8639497.082, 101
Trd, 8639497.332, 108
Trd, 8639498.432, 108
Trd, 8639499.982, 110
Trd, 8639501.232, 96
Trd, 8639502.832, 127
Trd, 8639503.832, 116
Trd, 8639505.682, 102
Trd, 8639506.182, 104
Trd, 8639506.682, 101
Trd, 8639507.482, 95
Trd, 8639508.432, 89
Trd, 8639512.132, 94
Trd, 8639512.982, 117
Trd, 8639513.632, 131
Trd, 8639517.032, 98
Trd, 8639517.582, 93
Trd, 8639518.282, 95
Trd, 8639518.782, 104
Trd, 8639520.432, 106
Trd, 8639520.832, 80
Trd, 8639523.282, 111
Trd, 8639525.682, 88
Trd, 8639526.632, 97
Trd, 8639527.382, 98
Trd, 8639528.782, 90
Trd, 8639531.982, 104
Trd, 8639532.032, 135
Trd, 8639532.082, 100
Trd, 8639532.282, 95
Trd, 8639533.532, 107
Trd, 8639533.982, 102
Trd, 8639536.082, 104
Trd, 8639536.382, 113
Trd, 8639537.582, 93
Trd, 8639540.982, 91
Trd, 8639541.082, 102
Trd, 8639542.282, 87
Trd, 8639543.232, 67
Trd, 8639543.432, 110
Trd, 8639545.782, 93
Trd, 8639546.282, 101
Trd, 8639549.032, 112
Trd, 8639550.682, 81
Trd, 8639550.732, 117
Trd, 8639551.732, 132
Trd, 8639551.832, 103
Trd, 8639555.532, 112
Trd, 8639555.582, 119
Trd, 8639555.632, 111
Trd, 8639555.882, 88
Trd, 8639558.332, 131
Trd, 8639558.932, 131
Trd, 8639559.332, 113
Trd, 8639561.332, 127
Trd, 8639562.132, 122
Trd, 8639562.232, 99
Trd, 8639563.182, 78
Trd, 8639563.832, 137
Trd, 8639565.732, 91
Trd, 8639570.932, 117
Trd, 8639571.582, 116
Trd, 8639572.032, 131
Trd, 8639572.132, 112
Trd, 8639574.782, 111
Trd, 8639575.382, 94
Trd, 8639575.682, 131
Trd, 8639576.332, 89
Trd, 8639577.032, 114
Trd, 8639580.182, 95
Trd, 8639582.682, 96
Trd, 8639582.882, 108
Trd, 8639582.982, 94
Trd, 8639583.682, 91
Trd, 8639585.632, 137
Trd, 8639586.582, 114
Trd, 8639587.132, 129
Trd, 8639587.832, 111
Trd, 8639589.682, 83
Trd, 8639590.482, 126
Trd, 8639592.382, 95
Trd, 8639592.632, 110
Trd, 8639593.632, 114
Trd, 8639595.432, 103
Trd, 8639595.832, 118
Trd, 8639595.982, 67
Trd, 8639597.882, 94
Trd, 8639599.682, 96
Trd, 8639601.182, 108
Trd, 8639602.382, 102
Trd, 8639604.282, 102
Trd, 8639605.182, 88
Trd, 8639605.582, 81
Trd, 8639607.032, 78
Trd, 8639607.132, 104
Trd, 8639608.732, 130
Trd, 8639608.782, 122
Trd, 8639609.332, 111
Trd, 8639609.932, 110
Trd, 8639610.682, 95
Trd, 8639610.782, 132
Trd, 8639614.132, 123
Trd, 8639616.132, 129
Trd, 8639617.882, 122
Trd, 8639620.182, 109
Trd, 8639622.232, 118
Trd, 8639623.082, 91
Trd, 8639623.482, 98
Trd, 8639624.332, 98
Trd, 8639625.932, 122
Trd, 8639626.032, 90
Trd, 8639627.132, 113
Trd, 8639629.282, 91
Trd, 8639631.182, 116
Trd, 8639631.732, 99
Trd, 8639632.632, 116
Trd, 8639633.032, 113
Trd, 8639635.832, 113
Trd, 8639637.532, 114
Trd, 8639638.382, 106
Trd, 8639639.282, 136
Trd, 8639639.932, 110
Trd, 8639642.982, 102
Trd, 8639643.232, 83
Trd, 8639644.132, 104
Trd, 8639644.382, 135
Trd, 8639645.232, 111
Trd, 8639646.282, 90
Trd, 8639647.732, 101
Trd, 8639648.082, 82
Trd, 8639649.482, 113
Trd, 8639650.982, 99
Trd, 8639651.932, 98
Trd, 8639652.132, 112
Trd, 8639654.882, 99
Trd, 8639655.282, 100
Trd, 8639657.182, 102
Trd, 8639660.532, 101
Trd, 8639660.782, 102
Trd, 8639661.382, 107
Trd, 8639661.632, 90
Trd, 8639663.582, 122
Trd, 8639664.132, 131
Trd, 8639664.332, 113
Trd, 8639665.632, 112
Trd, 8639667.182, 88
Trd, 8639669.032, 111
Trd, 8639669.632, 112
Trd, 8639673.982, 91
Trd, 8639674.282, 83
Trd, 8639675.032, 91
Trd, 8639676.882, 93
Trd, 8639678.932, 106
Trd, 8639679.632, 113
Trd, 8639679.682, 113
Trd, 8639679.932, 81
Trd, 8639682.032, 112
Trd, 8639682.732, 95
Trd, 8639683.732, 131
Trd, 8639685.282, 113
Trd, 8639685.582, 103
Trd, 8639687.282, 110
Trd, 8639687.782, 112
Trd, 8639688.682, 86
Trd, 8639689.282, 85
Trd, 8639690.082, 101
Trd, 8639692.182, 95
Trd, 8639693.132, 118
Trd, 8639696.132, 100
Trd, 8639697.082, 133
Trd, 8639698.332, 114
Trd, 8639699.382, 113
Trd, 8639699.832, 81
Trd, 8639701.082, 111
Trd, 8639701.332, 113
Trd, 8639703.232, 93
Trd, 8639704.332, 107
Trd, 8639704.682, 111
Trd, 8639705.682, 100
Trd, 8639708.182, 88
Trd, 8639708.932, 96
Trd, 8639710.232, 113
Trd, 8639711.082, 102
Trd, 8639711.532, 119
Trd, 8639713.282, 94
Trd, 8639715.332, 113
Trd, 8639716.632, 110
Trd, 8639717.582, 93
Trd, 8639718.982, 137
Trd, 8639719.282, 110
Trd, 8639720.232, 137
Trd, 8639721.832, 100
Trd, 8639725.032, 112
Trd, 8639725.782, 82
Trd, 8639725.882, 136
Trd, 8639730.432, 130
Trd, 8639733.282, 105
Trd, 8639733.932, 88
Trd, 8639734.482, 131
Trd, 8639736.532, 102
Trd, 8639738.782, 116
Trd, 8639740.382, 122
Trd, 8639741.032, 104
Trd, 8639742.232, 97
Trd, 8639742.332, 115
Trd, 8639744.232, 84
Trd, 8639745.732, 69
Trd, 8639747.582, 113
Trd, 8639748.882, 113
Trd, 8639749.382, 121
Trd, 8639751.282, 112
Trd, 8639752.132, 98
Trd, 8639752.582, 113
Trd, 8639755.532, 112
Trd, 8639755.582, 99
Trd, 8639756.132, 119
Trd, 8639756.332, 130
Trd, 8639761.282, 82
Trd, 8639761.632, 83
Trd, 8639762.382, 113
Trd, 8639763.382, 127
Trd, 8639764.032, 94
Trd, 8639764.982, 96
Trd, 8639765.482, 109
Trd, 8639767.432, 112
Trd, 8639768.832, 114
Trd, 8639769.782, 113
Trd, 8639770.332, 115
Trd, 8639772.332, 99
Trd, 8639774.032, 92
Trd, 8639775.982, 97
Trd, 8639776.132, 130
Trd, 8639778.332, 113
Trd, 8639778.982, 129
Trd, 8639779.732, 95
Trd, 8639781.882, 106
Trd, 8639782.032, 109
Trd, 8639783.032, 116
Trd, 8639783.332, 81
Trd, 8639786.382, 128
Trd, 8639786.732, 97
Trd, 8639786.832, 133
Trd, 8639786.932, 94
Trd, 8639789.782, 110
Trd, 8639790.182, 99
Trd, 8639790.532, 113
Trd, 8639790.832, 105
Trd, 8639792.282, 90
Trd, 8639793.332, 113
Trd, 8639794.582, 93
Trd, 8639795.232, 100
Trd, 8639796.982, 108
Trd, 8639798.932, 106
Trd, 8639800.932, 98
Trd, 8639801.682, 94
Trd, 8639803.082, 133
Trd, 8639803.432, 93
Trd, 8639804.882, 92
Trd, 8639807.382, 90
Trd, 8639807.532, 98
Trd, 8639809.482, 102
Trd, 8639811.682, 94
Trd, 8639812.132, 100
Trd, 8639812.332, 116
Trd, 8639814.282, 95
Trd, 8639815.682, 106
Trd, 8639818.532, 86
Trd, 8639819.232, 102
Trd, 8639820.982, 101
Trd, 8639824.932, 108
Trd, 8639825.232, 105
Trd, 8639825.782, 93
Trd, 8639825.882, 96
Trd, 8639826.082, 105
Trd, 8639828.682, 110
Trd, 8639828.932, 131
Trd, 8639831.982, 116
Trd, 8639832.332, 126
Trd, 8639833.582, 126
Trd, 8639835.082, 124
Trd, 8639836.582, 116
Trd, 8639838.382, 114
Trd, 8639839.032, 90
Trd, 8639841.482, 86
Trd, 8639843.482, 87
Trd, 8639844.582, 96
Trd, 8639844.932, 112
Trd, 8639846.082, 122
Trd, 8639848.282, 106
Trd, 8639849.882, 113
Trd, 8639850.832, 95
Trd, 8639851.232, 86
Trd, 8639852.532, 89
Trd, 8639854.382, 87
Trd, 8639854.782, 105
Trd, 8639856.582, 123
Trd, 8639858.282, 132
Trd, 8639858.732, 111
Trd, 8639858.882, 107
Trd, 8639859.432, 107
Trd, 8639860.982, 92
Trd, 8639861.782, 137
Trd, 8639862.182, 111
Trd, 8639862.982, 89
Trd, 8639865.432, 93
Trd, 8639866.282, 104
Trd, 8639866.682, 117
Trd, 8639868.182, 100
Trd, 8639871.832, 96
Trd, 8639874.282, 92
Trd, 8639874.532, 120
Trd, 8639876.332, 115
Trd, 8639877.882, 98
Trd, 8639879.432, 98
Trd, 8639879.882, 113
Trd, 8639881.932, 97
Trd, 8639882.182, 96
Trd, 8639883.882, 108
Trd, 8639885.382, 101
Trd, 8639885.432, 106
Trd, 8639886.282, 130
Trd, 8639888.132, 96
Trd, 8639889.382, 108
Trd, 8639890.132, 75
Trd, 8639890.832, 80
Trd, 8639891.632, 96
Trd, 8639892.632, 114
Trd, 8639893.082, 108
Trd, 8639894.082, 94
Trd, 8639895.282, 111
Trd, 8639899.032, 103
Trd, 8639899.232, 120
Trd, 8639900.332, 97
Trd, 8639902.732, 84
Trd, 8639903.582, 122
Trd, 8639903.832, 114
Trd, 8639904.132, 107
Trd, 8639906.382, 122
Trd, 8639907.732, 92
Trd, 8639908.382, 83
Trd, 8639908.582, 84
Trd, 8639909.432, 102
Trd, 8639910.232, 98
Trd, 8639911.482, 105
Trd, 8639911.582, 100
Trd, 8639912.882, 77
Trd, 8639914.232, 103
Trd, 8639914.632, 113
Trd, 8639916.532, 96
Trd, 8639917.582, 103
Trd, 8639917.682, 113
Trd, 8639919.432, 81
Trd, 8639920.282, 118
Trd, 8639921.232, 133
Trd, 8639921.932, 129
Trd, 8639924.482, 114
Trd, 8639924.832, 113
Trd, 8639925.132, 93
Trd, 8639927.182, 87
Trd, 8639928.432, 90
Trd, 8639930.432, 97
Trd, 8639932.532, 89
Trd, 8639932.582, 90
Trd, 8639933.382, 102
Trd, 8639937.682, 92
Trd, 8639939.082, 111
Trd, 8639940.132, 96
Trd, 8639942.132, 97
Trd, 8639943.582, 99
Trd, 8639944.182, 78
Trd, 8639945.532, 86
Trd, 8639945.732, 88
Trd, 8639946.282, 91
Trd, 8639946.532, 116
Trd, 8639946.882, 116
Trd, 8639949.432, 93
Trd, 8639949.932, 113
Trd, 8639952.932, 97
Trd, 8639952.982, 98
Trd, 8639954.132, 99
Trd, 8639954.532, 102
Trd, 8639954.932, 89
Trd, 8639956.982, 95
Trd, 8639957.182, 105
Trd, 8639959.432, 77
Trd, 8639959.932, 73
Trd, 8639960.382, 87
Trd, 8639960.432, 134
Trd, 8639962.332, 113
Trd, 8639964.032, 132
Trd, 8639965.832, 83
Trd, 8639966.232, 84
Trd, 8639966.932, 117
Trd, 8639967.982, 90
Trd, 8639970.432, 93
Trd, 8639971.332, 89
Trd, 8639971.482, 94
Trd, 8639973.132, 117
Trd, 8639973.382, 113
Trd, 8639973.532, 119
Trd, 8639975.032, 107
Trd, 8639976.932, 118
Trd, 8639977.182, 113
Trd, 8639980.382, 114
Trd, 8639980.482, 132
Trd, 8639981.182, 112
Trd, 8639981.882, 86
Trd, 8639985.182, 92
Trd, 8639985.432, 115
Trd, 8639985.482, 119
Trd, 8639987.032, 104
Trd, 8639988.782, 121
Trd, 8639991.882, 101
Trd, 8639993.232, 100
Trd, 8639993.382, 130
Trd, 8639995.332, 88
Trd, 8639996.032, 93
Trd, 8639997.382, 92
Trd, 8639997.482, 91
Trd, 8639999.332, 97
Trd, 8639999.482, 106
