Trd, 8637918.882, 103
Trd, 8637921.482, 107
Trd, 8637921.532, 105
Trd, 8637924.032, 104
Trd, 8637925.082, 99
Trd, 8637926.232, 100
Trd, 8637926.582, 100
Trd, 8637927.182, 101
Trd, 8637927.282, 104
Trd, 8637927.382, 95
Trd, 8637929.032, 86
Trd, 8637931.632, 94
Trd, 8637934.082, 101
Trd, 8637934.432, 113
Trd, 8637935.332, 101
Trd, 8637937.632, 104
Trd, 8637937.982, 108
Trd, 8637938.182, 106
Trd, 8637939.132, 107
Trd, 8637940.182, 104
Trd, 8637942.032, 96
Trd, 8637943.982, 101
Trd, 8637945.732, 98
Trd, 8637948.132, 100
Trd, 8637948.682, 99
Trd, 8637949.482, 95
Trd, 8637951.732, 94
Trd, 8637951.932, 94
Trd, 8637951.982, 95
Trd, 8637952.382, 87
Trd, 8637953.882, 88
Trd, 8637955.882, 96
Trd, 8637957.682, 102
Trd, 8637958.132, 101
Trd, 8637959.982, 113
Trd, 8637960.582, 96
Trd, 8637963.082, 91
Trd, 8637965.432, 104
Trd, 8637965.782, 98
Trd, 8637966.082, 93
Trd, 8637967.432, 94
Trd, 8637969.682, 118
Trd, 8637970.382, 119
Trd, 8637970.532, 113
Trd, 8637973.682, 113
Trd, 8637974.132, 113
Trd, 8637975.332, 113
Trd, 8637976.082, 109
Trd, 8637976.632, 105
Trd, 8637976.832, 104
Trd, 8637977.982, 95
Trd, 8637979.082, 88
Trd, 8637981.882, 97
Trd, 8637982.082, 104
Trd, 8637984.032, 103
Trd, 8637986.232, 108
Trd, 8637986.382, 110
Trd, 8637986.632, 109
Trd, 8637987.982, 104
Trd, 8637988.582, 95
Trd, 8637992.182, 98
Trd, 8637992.282, 97
Trd, 8637992.532, 95
Trd, 8637993.432, 100
Trd, 8637995.482, 97
Trd, 8637995.882, 89
Trd, 8637997.482, 88
Trd, 8637997.732, 87
Trd, 8637999.882, 94
Trd, 8638002.032, 109
Trd, 8638002.082, 100
Trd, 8638003.682, 103
Trd, 8638005.332, 101
Trd, 8638007.382, 103
Trd, 8638007.632, 102
Trd, 8638007.782, 104
Trd, 8638008.032, 95
Trd, 8638009.282, 112
Trd, 8638012.632, 105
Trd, 8638014.782, 115
Trd, 8638014.932, 114
Trd, 8638015.932, 114
Trd, 8638016.532, 113
Trd, 8638016.882, 104
Trd, 8638017.982, 96
Trd, 8638019.732, 112
Trd, 8638020.482, 96
Trd, 8638021.682, 92
Trd, 8638022.832, 81
Trd, 8638023.632, 104
Trd, 8638027.032, 94
Trd, 8638027.882, 97
Trd, 8638028.082, 98
Trd, 8638031.232, 96
Trd, 8638031.582, 97
Trd, 8638031.632, 99
Trd, 8638032.882, 98
Trd, 8638033.332, 96
Trd, 8638033.982, 97
Trd, 8638035.132, 98
Trd, 8638035.632, 104
Trd, 8638038.182, 93
Trd, 8638038.882, 95
Trd, 8638038.982, 93
Trd, 8638039.932, 96
Trd, 8638040.082, 86
Trd, 8638041.432, 97
Trd, 8638042.932, 79
Trd, 8638045.582, 92
Trd, 8638045.832, 90
Trd, 8638047.532, 94
Trd, 8638048.332, 94
Trd, 8638048.582, 95
Trd, 8638048.882, 86
Trd, 8638052.182, 85
Trd, 8638054.332, 95
Trd, 8638056.132, 103
Trd, 8638057.232, 102
Trd, 8638058.082, 104
Trd, 8638058.432, 103
Trd, 8638059.082, 87
Trd, 8638060.632, 108
Trd, 8638061.732, 92
Trd, 8638062.482, 96
Trd, 8638062.732, 94
Trd, 8638063.032, 103
Trd, 8638064.282, 98
Trd, 8638069.082, 92
Trd, 8638069.682, 93
Trd, 8638070.132, 80
Trd, 8638071.132, 80
Trd, 8638072.332, 97
Trd, 8638074.232, 84
Trd, 8638074.782, 84
Trd, 8638077.082, 95
Trd, 8638078.082, 96
Trd, 8638079.782, 99
Trd, 8638079.982, 98
Trd, 8638083.282, 102
Trd, 8638084.582, 92
Trd, 8638084.982, 101
Trd, 8638086.182, 100
Trd, 8638087.332, 103
Trd, 8638089.382, 115
Trd, 8638091.382, 110
Trd, 8638091.982, 104
Trd, 8638092.682, 96
Trd, 8638094.782, 110
Trd, 8638094.832, 101
Trd, 8638097.432, 106
Trd, 8638098.282, 105
Trd, 8638099.632, 106
Trd, 8638099.932, 104
Trd, 8638100.082, 95
Trd, 8638100.382, 87
Trd, 8638103.382, 88
Trd, 8638103.982, 95
Trd, 8638105.682, 96
Trd, 8638106.732, 97
Trd, 8638107.432, 112
Trd, 8638108.482, 113
Trd, 8638108.632, 98
Trd, 8638108.832, 97
Trd, 8638110.432, 96
Trd, 8638113.682, 109
Trd, 8638114.382, 110
Trd, 8638115.132, 112
Trd, 8638116.182, 112
Trd, 8638116.382, 111
Trd, 8638116.582, 104
Trd, 8638119.032, 85
Trd, 8638119.782, 83
Trd, 8638122.382, 91
Trd, 8638122.582, 98
Trd, 8638123.632, 93
Trd, 8638125.382, 97
Trd, 8638125.482, 94
Trd, 8638127.532, 100
Trd, 8638129.182, 93
Trd, 8638129.982, 105
Trd, 8638130.582, 95
Trd, 8638132.082, 98
Trd, 8638133.132, 96
Trd, 8638137.582, 94
Trd, 8638137.932, 94
Trd, 8638138.332, 104
Trd, 8638138.482, 92
Trd, 8638139.132, 92
Trd, 8638139.482, 92
Trd, 8638141.732, 94
Trd, 8638143.982, 92
Trd, 8638144.432, 92
Trd, 8638145.632, 93
Trd, 8638147.282, 96
Trd, 8638148.682, 102
Trd, 8638148.982, 88
Trd, 8638149.182, 88
Trd, 8638149.582, 88
Trd, 8638153.182, 96
Trd, 8638154.632, 93
Trd, 8638155.232, 95
Trd, 8638156.132, 99
Trd, 8638156.582, 99
Trd, 8638160.932, 94
Trd, 8638161.082, 86
Trd, 8638163.732, 99
Trd, 8638164.182, 99
Trd, 8638164.432, 98
Trd, 8638164.932, 98
Trd, 8638166.832, 100
Trd, 8638166.982, 99
Trd, 8638168.932, 97
Trd, 8638169.282, 86
Trd, 8638170.032, 100
Trd, 8638170.182, 77
Trd, 8638176.082, 98
Trd, 8638176.632, 99
Trd, 8638177.532, 96
Trd, 8638178.082, 104
Trd, 8638180.082, 96
Trd, 8638180.782, 95
Trd, 8638182.232, 89
Trd, 8638183.632, 99
Trd, 8638185.132, 111
Trd, 8638185.432, 112
Trd, 8638188.632, 91
Trd, 8638189.082, 90
Trd, 8638191.032, 91
Trd, 8638192.082, 93
Trd, 8638192.732, 97
Trd, 8638193.632, 99
Trd, 8638193.932, 96
Trd, 8638196.132, 101
Trd, 8638196.182, 113
Trd, 8638197.032, 100
Trd, 8638198.182, 99
Trd, 8638201.132, 95
Trd, 8638201.532, 95
Trd, 8638203.332, 94
Trd, 8638203.432, 92
Trd, 8638205.632, 99
Trd, 8638206.232, 98
Trd, 8638206.482, 101
Trd, 8638209.632, 104
Trd, 8638210.332, 108
Trd, 8638210.982, 103
Trd, 8638211.682, 103
Trd, 8638211.882, 102
Trd, 8638214.582, 103
Trd, 8638217.182, 97
Trd, 8638218.182, 100
Trd, 8638218.282, 99
Trd, 8638219.182, 97
Trd, 8638219.282, 104
Trd, 8638221.782, 96
Trd, 8638223.382, 98
Trd, 8638223.882, 102
Trd, 8638225.932, 112
Trd, 8638226.432, 102
Trd, 8638227.182, 101
Trd, 8638229.082, 104
Trd, 8638229.682, 105
Trd, 8638234.082, 104
Trd, 8638234.382, 110
Trd, 8638234.432, 103
Trd, 8638235.832, 105
Trd, 8638237.032, 107
Trd, 8638237.282, 107
Trd, 8638238.032, 98
Trd, 8638238.632, 97
Trd, 8638240.382, 99
Trd, 8638242.332, 116
Trd, 8638243.782, 111
Trd, 8638243.832, 100
Trd, 8638244.082, 95
Trd, 8638244.182, 86
Trd, 8638246.382, 92
Trd, 8638249.182, 95
Trd, 8638249.732, 96
Trd, 8638250.182, 96
Trd, 8638250.882, 97
Trd, 8638251.832, 96
Trd, 8638253.182, 96
Trd, 8638253.882, 102
Trd, 8638254.432, 97
Trd, 8638256.782, 109
Trd, 8638257.182, 103
Trd, 8638257.882, 104
Trd, 8638259.882, 104
Trd, 8638261.832, 102
Trd, 8638261.982, 101
Trd, 8638263.982, 101
Trd, 8638264.282, 102
Trd, 8638265.082, 102
Trd, 8638265.682, 102
Trd, 8638268.482, 102
Trd, 8638268.682, 101
Trd, 8638270.582, 103
Trd, 8638270.882, 98
Trd, 8638271.232, 97
Trd, 8638271.882, 104
Trd, 8638273.132, 96
Trd, 8638275.582, 87
Trd, 8638278.382, 85
Trd, 8638278.632, 107
Trd, 8638281.532, 113
Trd, 8638282.632, 105
Trd, 8638282.782, 104
Trd, 8638283.932, 105
Trd, 8638285.482, 104
Trd, 8638288.632, 93
Trd, 8638289.532, 95
Trd, 8638289.632, 101
Trd, 8638290.282, 95
Trd, 8638291.882, 114
Trd, 8638293.482, 113
Trd, 8638293.782, 112
Trd, 8638294.732, 96
Trd, 8638296.082, 96
Trd, 8638296.482, 96
Trd, 8638298.332, 104
Trd, 8638298.882, 100
Trd, 8638299.532, 99
Trd, 8638302.382, 100
Trd, 8638303.382, 102
Trd, 8638303.682, 100
Trd, 8638305.332, 110
Trd, 8638305.882, 92
Trd, 8638306.182, 104
Trd, 8638307.782, 94
Trd, 8638309.082, 94
Trd, 8638311.932, 99
Trd, 8638314.232, 100
Trd, 8638314.382, 95
Trd, 8638315.582, 99
Trd, 8638315.882, 97
Trd, 8638315.932, 95
Trd, 8638316.882, 88
Trd, 8638318.432, 96
Trd, 8638320.582, 94
Trd, 8638322.582, 96
Trd, 8638323.582, 113
Trd, 8638324.382, 112
Trd, 8638325.582, 106
Trd, 8638326.432, 111
Trd, 8638328.232, 98
Trd, 8638331.032, 92
Trd, 8638331.132, 99
Trd, 8638333.332, 98
Trd, 8638333.482, 95
Trd, 8638335.432, 97
Trd, 8638335.632, 96
Trd, 8638337.382, 95
Trd, 8638338.032, 102
Trd, 8638340.182, 95
Trd, 8638341.982, 102
Trd, 8638342.432, 103
Trd, 8638342.882, 102
Trd, 8638345.032, 95
Trd, 8638346.282, 97
Trd, 8638348.032, 110
Trd, 8638348.532, 96
Trd, 8638350.482, 89
Trd, 8638352.182, 91
Trd, 8638353.682, 96
Trd, 8638355.232, 96
Trd, 8638355.932, 97
Trd, 8638356.182, 95
Trd, 8638357.182, 103
Trd, 8638357.432, 87
Trd, 8638361.382, 97
Trd, 8638361.882, 95
Trd, 8638363.332, 94
Trd, 8638364.632, 94
Trd, 8638365.082, 90
Trd, 8638367.632, 92
Trd, 8638368.632, 93
Trd, 8638369.482, 96
Trd, 8638369.982, 94
Trd, 8638370.982, 97
Trd, 8638372.532, 102
Trd, 8638373.332, 104
Trd, 8638374.582, 114
Trd, 8638375.232, 113
Trd, 8638375.432, 95
Trd, 8638377.032, 103
Trd, 8638379.832, 104
Trd, 8638380.182, 104
Trd, 8638380.282, 100
Trd, 8638381.982, 116
Trd, 8638382.282, 116
Trd, 8638383.432, 110
Trd, 8638384.532, 105
Trd, 8638384.632, 104
Trd, 8638386.282, 110
Trd, 8638388.232, 94
Trd, 8638388.832, 95
Trd, 8638389.382, 87
Trd, 8638391.082, 89
Trd, 8638392.632, 93
Trd, 8638392.782, 87
Trd, 8638396.282, 91
Trd, 8638396.332, 90
Trd, 8638396.932, 90
Trd, 8638397.732, 93
Trd, 8638399.982, 96
Trd, 8638400.432, 98
Trd, 8638401.532, 93
Trd, 8638403.032, 91
Trd, 8638404.782, 95
Trd, 8638404.882, 94
Trd, 8638405.532, 103
Trd, 8638407.132, 95
Trd, 8638407.632, 92
Trd, 8638410.532, 93
Trd, 8638411.932, 92
Trd, 8638412.582, 91
Trd, 8638412.832, 90
Trd, 8638412.982, 104
Trd, 8638416.482, 91
Trd, 8638416.932, 86
Trd, 8638418.332, 90
Trd, 8638418.782, 91
Trd, 8638420.032, 95
Trd, 8638420.082, 95
Trd, 8638420.282, 96
Trd, 8638421.332, 89
Trd, 8638423.082, 104
Trd, 8638425.032, 93
Trd, 8638425.782, 95
Trd, 8638426.932, 99
Trd, 8638427.532, 100
Trd, 8638429.882, 113
Trd, 8638429.982, 112
Trd, 8638430.532, 104
Trd, 8638432.032, 99
Trd, 8638433.232, 87
Trd, 8638436.332, 102
Trd, 8638436.632, 102
Trd, 8638436.832, 103
Trd, 8638437.382, 104
Trd, 8638437.482, 103
Trd, 8638438.432, 92
Trd, 8638441.682, 102
Trd, 8638442.282, 107
Trd, 8638442.782, 101
Trd, 8638445.082, 103
Trd, 8638445.282, 102
Trd, 8638445.582, 103
Trd, 8638446.332, 102
Trd, 8638447.032, 96
Trd, 8638450.182, 80
Trd, 8638454.182, 101
Trd, 8638454.682, 103
Trd, 8638455.132, 102
Trd, 8638456.182, 87
Trd, 8638457.182, 95
Trd, 8638460.082, 95
Trd, 8638460.832, 80
Trd, 8638462.032, 82
Trd, 8638463.432, 87
Trd, 8638463.882, 88
Trd, 8638463.932, 85
Trd, 8638465.932, 95
Trd, 8638467.532, 93
Trd, 8638468.432, 103
Trd, 8638469.432, 97
Trd, 8638470.832, 99
Trd, 8638472.532, 113
Trd, 8638475.032, 105
Trd, 8638475.682, 102
Trd, 8638476.182, 100
Trd, 8638480.282, 98
Trd, 8638480.982, 100
Trd, 8638481.182, 100
Trd, 8638481.382, 101
Trd, 8638481.782, 97
Trd, 8638482.082, 95
Trd, 8638484.932, 95
Trd, 8638485.882, 91
Trd, 8638487.632, 96
Trd, 8638488.132, 96
Trd, 8638489.132, 94
Trd, 8638489.782, 95
Trd, 8638491.232, 81
Trd, 8638494.532, 94
Trd, 8638495.182, 90
Trd, 8638496.032, 91
Trd, 8638498.232, 94
Trd, 8638498.932, 95
Trd, 8638500.982, 94
Trd, 8638501.082, 93
Trd, 8638502.732, 103
Trd, 8638503.532, 96
Trd, 8638503.932, 96
Trd, 8638506.882, 104
Trd, 8638507.032, 103
Trd, 8638509.632, 99
Trd, 8638511.882, 112
Trd, 8638511.982, 108
Trd, 8638513.132, 110
Trd, 8638513.332, 106
Trd, 8638513.532, 104
Trd, 8638516.282, 101
Trd, 8638517.332, 102
Trd, 8638518.082, 102
Trd, 8638520.482, 92
Trd, 8638522.082, 95
Trd, 8638523.682, 99
Trd, 8638524.982, 101
Trd, 8638525.232, 99
Trd, 8638525.382, 95
Trd, 8638528.632, 101
Trd, 8638528.882, 87
Trd, 8638530.082, 93
Trd, 8638531.732, 93
Trd, 8638532.432, 95
Trd, 8638533.632, 98
Trd, 8638535.232, 99
Trd, 8638535.482, 96
Trd, 8638537.282, 98
Trd, 8638540.832, 101
Trd, 8638541.082, 101
Trd, 8638541.582, 102
Trd, 8638541.832, 100
Trd, 8638542.882, 104
Trd, 8638543.482, 99
Trd, 8638544.182, 96
Trd, 8638545.482, 95
Trd, 8638546.532, 111
Trd, 8638549.532, 114
Trd, 8638550.232, 113
Trd, 8638550.582, 113
Trd, 8638551.682, 115
Trd, 8638555.032, 107
Trd, 8638556.332, 103
Trd, 8638557.732, 105
Trd, 8638559.882, 106
Trd, 8638560.232, 106
Trd, 8638560.832, 104
Trd, 8638562.282, 104
Trd, 8638562.882, 97
Trd, 8638563.582, 95
Trd, 8638564.532, 87
Trd, 8638566.532, 94
Trd, 8638568.032, 97
Trd, 8638568.332, 94
Trd, 8638570.082, 97
Trd, 8638570.482, 96
Trd, 8638572.132, 97
Trd, 8638572.282, 97
Trd, 8638572.632, 97
Trd, 8638572.832, 95
Trd, 8638573.532, 81
Trd, 8638576.782, 93
Trd, 8638579.332, 94
Trd, 8638580.082, 97
Trd, 8638580.732, 99
Trd, 8638581.732, 104
Trd, 8638582.032, 103
Trd, 8638583.782, 103
Trd, 8638585.882, 115
Trd, 8638586.632, 116
Trd, 8638586.782, 115
Trd, 8638587.082, 113
Trd, 8638588.782, 97
Trd, 8638589.182, 96
Trd, 8638589.532, 95
Trd, 8638590.032, 86
Trd, 8638592.682, 111
Trd, 8638594.532, 105
Trd, 8638594.832, 90
Trd, 8638596.882, 97
Trd, 8638598.382, 100
Trd, 8638599.082, 101
Trd, 8638599.482, 110
Trd, 8638601.482, 104
Trd, 8638601.632, 101
Trd, 8638604.282, 106
Trd, 8638604.582, 106
Trd, 8638604.782, 104
Trd, 8638605.782, 103
Trd, 8638607.132, 104
Trd, 8638608.082, 84
Trd, 8638609.432, 83
Trd, 8638610.432, 97
Trd, 8638611.832, 83
Trd, 8638615.432, 95
Trd, 8638615.782, 100
Trd, 8638617.482, 101
Trd, 8638618.032, 98
Trd, 8638618.282, 86
Trd, 8638618.832, 102
Trd, 8638621.082, 84
Trd, 8638623.432, 95
Trd, 8638623.482, 95
Trd, 8638624.082, 97
Trd, 8638624.482, 97
Trd, 8638625.832, 101
Trd, 8638626.982, 101
Trd, 8638627.732, 95
Trd, 8638628.532, 90
Trd, 8638628.932, 95
Trd, 8638631.132, 113
Trd, 8638632.632, 99
Trd, 8638634.682, 105
Trd, 8638634.782, 104
Trd, 8638636.082, 105
Trd, 8638636.632, 113
Trd, 8638637.732, 106
Trd, 8638639.682, 105
Trd, 8638640.182, 105
Trd, 8638640.432, 107
Trd, 8638641.882, 105
Trd, 8638642.282, 86
Trd, 8638643.782, 101
Trd, 8638644.832, 75
Trd, 8638645.882, 79
Trd, 8638650.382, 90
Trd, 8638650.732, 90
Trd, 8638651.282, 91
Trd, 8638652.432, 98
Trd, 8638652.882, 96
Trd, 8638654.032, 95
Trd, 8638655.932, 94
Trd, 8638657.532, 100
Trd, 8638657.782, 99
Trd, 8638658.332, 101
Trd, 8638659.032, 97
Trd, 8638660.882, 103
Trd, 8638662.732, 99
Trd, 8638664.332, 94
Trd, 8638665.032, 94
Trd, 8638665.382, 95
Trd, 8638667.032, 100
Trd, 8638668.782, 102
Trd, 8638669.482, 103
Trd, 8638671.432, 98
Trd, 8638671.832, 96
Trd, 8638672.232, 104
Trd, 8638672.582, 95
Trd, 8638674.482, 112
Trd, 8638678.832, 97
Trd, 8638678.932, 96
Trd, 8638679.582, 97
Trd, 8638681.132, 97
Trd, 8638681.582, 102
Trd, 8638682.582, 100
Trd, 8638683.132, 100
Trd, 8638683.382, 96
Trd, 8638685.532, 97
Trd, 8638688.232, 104
Trd, 8638689.332, 107
Trd, 8638689.682, 109
Trd, 8638689.782, 104
Trd, 8638693.532, 106
Trd, 8638693.682, 97
Trd, 8638693.982, 95
Trd, 8638696.132, 98
Trd, 8638696.982, 98
Trd, 8638697.382, 98
Trd, 8638697.782, 97
Trd, 8638702.282, 89
Trd, 8638703.332, 93
Trd, 8638703.582, 94
Trd, 8638705.932, 95
Trd, 8638706.232, 96
Trd, 8638706.832, 97
Trd, 8638707.482, 95
Trd, 8638708.582, 114
Trd, 8638708.782, 113
Trd, 8638712.332, 99
Trd, 8638713.282, 114
Trd, 8638714.832, 115
Trd, 8638716.082, 115
Trd, 8638716.382, 113
Trd, 8638716.582, 104
Trd, 8638718.932, 106
Trd, 8638719.132, 98
Trd, 8638720.132, 78
Trd, 8638720.932, 80
Trd, 8638724.532, 113
Trd, 8638726.632, 97
Trd, 8638726.732, 97
Trd, 8638726.882, 96
Trd, 8638730.832, 91
Trd, 8638732.132, 93
Trd, 8638733.782, 95
Trd, 8638734.182, 93
Trd, 8638734.282, 90
Trd, 8638736.682, 103
Trd, 8638737.232, 85
Trd, 8638740.082, 95
Trd, 8638740.882, 98
Trd, 8638742.782, 101
Trd, 8638742.832, 100
Trd, 8638743.082, 102
Trd, 8638743.982, 103
Trd, 8638745.882, 108
Trd, 8638746.332, 110
Trd, 8638747.582, 111
Trd, 8638748.232, 95
Trd, 8638750.082, 92
Trd, 8638751.782, 92
Trd, 8638752.082, 92
Trd, 8638752.382, 92
Trd, 8638753.482, 95
Trd, 8638756.032, 98
Trd, 8638756.432, 100
Trd, 8638756.732, 100
Trd, 8638758.582, 98
Trd, 8638758.832, 96
Trd, 8638760.482, 96
Trd, 8638762.182, 95
Trd, 8638762.432, 98
Trd, 8638765.932, 104
Trd, 8638767.082, 107
Trd, 8638769.232, 107
Trd, 8638770.032, 108
Trd, 8638770.682, 104
Trd, 8638772.132, 98
Trd, 8638772.232, 101
Trd, 8638775.682, 103
Trd, 8638776.532, 102
Trd, 8638777.182, 103
Trd, 8638778.832, 103
Trd, 8638782.132, 100
Trd, 8638782.682, 103
Trd, 8638785.232, 94
Trd, 8638787.532, 92
Trd, 8638787.832, 92
Trd, 8638788.082, 92
Trd, 8638789.232, 90
Trd, 8638789.332, 91
Trd, 8638790.632, 80
Trd, 8638792.382, 100
Trd, 8638794.982, 98
Trd, 8638795.332, 99
Trd, 8638795.532, 98
Trd, 8638796.182, 95
Trd, 8638796.332, 102
Trd, 8638799.182, 97
Trd, 8638802.582, 98
Trd, 8638802.732, 97
Trd, 8638803.282, 95
Trd, 8638803.482, 95
Trd, 8638804.282, 96
Trd, 8638806.532, 104
Trd, 8638808.332, 115
Trd, 8638808.582, 113
Trd, 8638809.382, 104
Trd, 8638810.582, 97
Trd, 8638811.932, 98
Trd, 8638812.932, 99
Trd, 8638812.982, 100
Trd, 8638816.482, 102
Trd, 8638817.082, 103
Trd, 8638817.382, 103
Trd, 8638817.932, 102
Trd, 8638820.182, 103
Trd, 8638820.232, 102
Trd, 8638821.782, 104
Trd, 8638822.382, 88
Trd, 8638825.482, 101
Trd, 8638826.832, 106
Trd, 8638827.182, 104
Trd, 8638828.132, 105
Trd, 8638828.282, 104
Trd, 8638829.332, 103
Trd, 8638831.032, 101
Trd, 8638831.432, 102
Trd, 8638834.282, 89
Trd, 8638834.482, 89
Trd, 8638835.082, 91
Trd, 8638837.332, 94
Trd, 8638837.782, 93
Trd, 8638838.682, 96
Trd, 8638839.932, 99
Trd, 8638840.782, 101
Trd, 8638843.882, 105
Trd, 8638844.482, 89
Trd, 8638844.532, 88
Trd, 8638845.932, 90
Trd, 8638847.982, 95
Trd, 8638849.232, 96
Trd, 8638850.182, 99
Trd, 8638851.132, 101
Trd, 8638852.382, 102
Trd, 8638852.932, 101
Trd, 8638853.032, 99
Trd, 8638853.332, 104
Trd, 8638853.382, 95
Trd, 8638857.432, 82
Trd, 8638858.632, 89
Trd, 8638859.232, 89
Trd, 8638860.382, 88
Trd, 8638860.582, 95
Trd, 8638863.132, 97
Trd, 8638863.882, 98
Trd, 8638864.582, 100
Trd, 8638864.682, 100
Trd, 8638865.132, 113
Trd, 8638867.082, 98
Trd, 8638867.682, 96
Trd, 8638870.632, 99
Trd, 8638871.582, 96
Trd, 8638872.482, 98
Trd, 8638874.232, 98
Trd, 8638874.582, 97
Trd, 8638875.932, 86
Trd, 8638877.482, 80
Trd, 8638877.882, 102
Trd, 8638879.182, 85
Trd, 8638881.232, 90
Trd, 8638883.382, 88
Trd, 8638883.532, 93
Trd, 8638885.232, 95
Trd, 8638886.082, 92
Trd, 8638886.882, 94
Trd, 8638886.932, 77
Trd, 8638890.182, 96
Trd, 8638892.782, 94
Trd, 8638893.082, 104
Trd, 8638893.132, 94
Trd, 8638894.782, 93
Trd, 8638896.832, 100
Trd, 8638898.082, 100
Trd, 8638898.882, 98
Trd, 8638899.432, 111
Trd, 8638899.732, 96
Trd, 8638900.632, 111
Trd, 8638904.632, 103
Trd, 8638905.232, 103
Trd, 8638905.682, 102
Trd, 8638908.582, 97
Trd, 8638909.632, 101
Trd, 8638909.982, 102
Trd, 8638911.732, 102
Trd, 8638911.782, 103
Trd, 8638912.532, 96
Trd, 8638912.932, 96
Trd, 8638914.532, 99
Trd, 8638915.082, 98
Trd, 8638915.182, 97
Trd, 8638915.832, 87
Trd, 8638919.732, 98
Trd, 8638920.732, 99
Trd, 8638920.982, 100
Trd, 8638922.432, 99
Trd, 8638923.382, 103
Trd, 8638925.132, 105
Trd, 8638925.632, 105
Trd, 8638925.982, 102
Trd, 8638926.832, 114
Trd, 8638929.182, 114
Trd, 8638929.282, 112
Trd, 8638932.332, 102
Trd, 8638934.482, 108
Trd, 8638934.832, 105
Trd, 8638935.832, 106
Trd, 8638936.932, 107
Trd, 8638937.132, 113
Trd, 8638938.332, 100
Trd, 8638938.932, 99
Trd, 8638942.582, 97
Trd, 8638945.032, 100
Trd, 8638945.282, 104
Trd, 8638946.482, 95
Trd, 8638946.932, 86
Trd, 8638948.532, 80
Trd, 8638950.532, 103
Trd, 8638951.282, 104
Trd, 8638952.332, 90
Trd, 8638953.132, 93
Trd, 8638953.982, 94
Trd, 8638955.332, 95
Trd, 8638955.782, 95
Trd, 8638955.882, 94
Trd, 8638957.282, 80
Trd, 8638960.382, 99
Trd, 8638961.032, 99
Trd, 8638961.182, 98
Trd, 8638961.382, 95
Trd, 8638963.982, 103
Trd, 8638964.782, 104
Trd, 8638965.132, 109
Trd, 8638966.282, 106
Trd, 8638967.032, 95
Trd, 8638968.032, 105
Trd, 8638970.332, 86
Trd, 8638970.832, 90
Trd, 8638972.482, 99
Trd, 8638973.982, 110
Trd, 8638974.382, 99
Trd, 8638975.032, 98
Trd, 8638978.482, 98
Trd, 8638979.932, 96
Trd, 8638980.482, 95
Trd, 8638980.982, 86
Trd, 8638983.382, 83
Trd, 8638986.732, 93
Trd, 8638987.632, 92
Trd, 8638987.782, 101
Trd, 8638987.982, 93
Trd, 8638988.032, 90
Trd, 8638990.032, 92
Trd, 8638991.382, 95
Trd, 8638992.382, 99
Trd, 8638992.882, 100
Trd, 8638993.532, 102
Trd, 8638993.682, 101
Trd, 8638994.132, 104
Trd, 8638994.932, 99
Trd, 8638997.382, 111
Trd, 8638999.482, 91
Trd, 8638999.582, 89
Trd, 8639002.132, 95
Trd, 8639003.332, 98
Trd, 8639005.382, 102
Trd, 8639005.632, 100
Trd, 8639006.782, 87
Trd, 8639008.382, 93
Trd, 8639009.082, 91
Trd, 8639009.132, 90
Trd, 8639010.732, 99
Trd, 8639011.582, 99
Trd, 8639012.482, 101
Trd, 8639014.282, 98
Trd, 8639015.182, 100
Trd, 8639015.932, 96
Trd, 8639019.182, 102
Trd, 8639019.832, 101
Trd, 8639021.382, 101
Trd, 8639021.632, 103
Trd, 8639022.132, 97
Trd, 8639022.282, 113
Trd, 8639023.382, 89
Trd, 8639028.232, 94
Trd, 8639028.282, 92
Trd, 8639030.782, 98
Trd, 8639031.082, 97
Trd, 8639032.582, 98
Trd, 8639032.882, 99
Trd, 8639034.282, 98
Trd, 8639034.832, 86
Trd, 8639036.582, 111
Trd, 8639038.682, 113
Trd, 8639039.482, 111
Trd, 8639040.682, 96
Trd, 8639042.532, 102
Trd, 8639044.482, 102
Trd, 8639046.432, 101
Trd, 8639046.632, 97
Trd, 8639046.682, 96
Trd, 8639047.482, 97
Trd, 8639048.532, 98
Trd, 8639049.932, 96
Trd, 8639052.632, 99
Trd, 8639052.682, 107
Trd, 8639053.532, 98
Trd, 8639054.382, 97
Trd, 8639055.082, 98
Trd, 8639057.632, 101
Trd, 8639057.782, 102
Trd, 8639058.532, 87
Trd, 8639061.582, 86
Trd, 8639064.782, 97
Trd, 8639064.932, 96
Trd, 8639065.182, 96
Trd, 8639066.282, 98
Trd, 8639066.482, 96
Trd, 8639067.182, 104
Trd, 8639068.282, 87
Trd, 8639069.732, 94
Trd, 8639071.482, 94
Trd, 8639073.632, 100
Trd, 8639074.232, 98
Trd, 8639076.382, 104
Trd, 8639077.182, 106
Trd, 8639077.782, 104
Trd, 8639078.432, 103
Trd, 8639079.832, 98
Trd, 8639082.032, 104
Trd, 8639082.932, 102
Trd, 8639084.582, 95
Trd, 8639085.632, 110
Trd, 8639087.432, 93
Trd, 8639088.432, 95
Trd, 8639088.732, 96
Trd, 8639089.132, 96
Trd, 8639089.832, 104
Trd, 8639091.632, 103
Trd, 8639093.182, 102
Trd, 8639093.382, 102
Trd, 8639096.582, 99
Trd, 8639096.932, 101
Trd, 8639097.282, 104
Trd, 8639097.782, 96
Trd, 8639098.982, 98
Trd, 8639099.532, 113
Trd, 8639101.382, 97
Trd, 8639102.582, 98
Trd, 8639103.082, 97
Trd, 8639104.282, 102
Trd, 8639105.632, 102
Trd, 8639106.582, 104
Trd, 8639106.832, 102
Trd, 8639107.632, 97
Trd, 8639111.032, 109
Trd, 8639111.382, 101
Trd, 8639112.032, 99
Trd, 8639113.282, 99
Trd, 8639113.332, 98
Trd, 8639115.832, 102
Trd, 8639116.232, 102
Trd, 8639116.482, 106
Trd, 8639117.732, 103
Trd, 8639118.582, 102
Trd, 8639119.682, 81
Trd, 8639120.282, 82
Trd, 8639123.982, 99
Trd, 8639125.282, 99
Trd, 8639126.832, 101
Trd, 8639127.632, 99
Trd, 8639128.882, 98
Trd, 8639130.482, 111
Trd, 8639132.432, 111
Trd, 8639132.482, 110
Trd, 8639132.582, 104
Trd, 8639137.582, 94
Trd, 8639137.982, 95
Trd, 8639138.232, 92
Trd, 8639138.832, 93
Trd, 8639139.032, 93
Trd, 8639139.232, 95
Trd, 8639140.932, 95
Trd, 8639143.232, 97
Trd, 8639143.582, 98
Trd, 8639143.982, 95
Trd, 8639144.382, 86
Trd, 8639149.132, 91
Trd, 8639149.732, 92
Trd, 8639150.482, 93
Trd, 8639150.632, 92
Trd, 8639153.282, 98
Trd, 8639153.432, 98
Trd, 8639154.982, 98
Trd, 8639155.082, 97
Trd, 8639155.432, 104
Trd, 8639156.282, 97
Trd, 8639156.732, 95
Trd, 8639159.382, 84
Trd, 8639162.382, 100
Trd, 8639163.082, 98
Trd, 8639164.682, 102
Trd, 8639165.182, 98
Trd, 8639165.982, 112
Trd, 8639168.382, 106
Trd, 8639168.782, 103
Trd, 8639168.882, 102
Trd, 8639172.282, 99
Trd, 8639172.532, 100
Trd, 8639172.782, 99
Trd, 8639172.982, 102
Trd, 8639173.782, 103
Trd, 8639176.132, 103
Trd, 8639176.432, 104
Trd, 8639176.532, 103
Trd, 8639178.482, 98
Trd, 8639178.732, 97
Trd, 8639180.282, 115
Trd, 8639181.432, 109
Trd, 8639182.482, 99
Trd, 8639183.232, 99
Trd, 8639183.282, 97
Trd, 8639184.982, 97
Trd, 8639185.332, 95
Trd, 8639186.082, 113
Trd, 8639188.482, 95
Trd, 8639189.732, 98
Trd, 8639192.782, 105
Trd, 8639192.932, 105
Trd, 8639193.482, 105
Trd, 8639193.932, 104
Trd, 8639195.582, 95
Trd, 8639196.332, 87
Trd, 8639199.282, 111
Trd, 8639199.832, 97
Trd, 8639201.882, 100
Trd, 8639202.282, 101
Trd, 8639202.532, 108
Trd, 8639205.582, 102
Trd, 8639206.882, 112
Trd, 8639207.082, 104
Trd, 8639207.232, 101
Trd, 8639209.282, 107
Trd, 8639209.682, 99
Trd, 8639209.732, 95
Trd, 8639213.582, 95
Trd, 8639214.332, 93
Trd, 8639214.682, 94
Trd, 8639215.432, 90
Trd, 8639215.632, 102
Trd, 8639217.282, 90
Trd, 8639220.082, 101
Trd, 8639221.232, 95
Trd, 8639222.632, 100
Trd, 8639224.032, 100
Trd, 8639224.882, 102
Trd, 8639225.182, 104
Trd, 8639226.632, 95
Trd, 8639230.982, 91
Trd, 8639231.832, 91
Trd, 8639233.182, 113
Trd, 8639233.782, 105
Trd, 8639235.132, 107
Trd, 8639237.232, 106
Trd, 8639238.932, 103
Trd, 8639241.382, 96
Trd, 8639242.082, 96
Trd, 8639242.432, 95
Trd, 8639245.182, 80
Trd, 8639245.882, 100
Trd, 8639246.382, 79
Trd, 8639249.282, 87
Trd, 8639250.232, 88
Trd, 8639251.132, 92
Trd, 8639252.182, 94
Trd, 8639253.082, 95
Trd, 8639253.532, 93
Trd, 8639255.982, 78
Trd, 8639256.632, 79
Trd, 8639257.132, 96
Trd, 8639260.432, 91
Trd, 8639261.382, 103
Trd, 8639261.982, 97
Trd, 8639262.732, 98
Trd, 8639266.132, 97
Trd, 8639266.682, 95
Trd, 8639269.582, 99
Trd, 8639270.082, 99
Trd, 8639270.132, 101
Trd, 8639271.932, 100
Trd, 8639273.482, 99
Trd, 8639274.432, 98
Trd, 8639275.432, 98
Trd, 8639275.832, 97
Trd, 8639278.982, 95
Trd, 8639280.132, 100
Trd, 8639281.232, 104
Trd, 8639283.582, 107
Trd, 8639283.982, 107
Trd, 8639284.432, 110
Trd, 8639285.732, 104
Trd, 8639288.582, 99
Trd, 8639289.532, 90
Trd, 8639291.082, 94
Trd, 8639291.232, 93
Trd, 8639291.782, 104
Trd, 8639292.282, 93
Trd, 8639293.882, 97
Trd, 8639297.482, 110
Trd, 8639298.332, 109
Trd, 8639298.432, 112
Trd, 8639298.832, 107
Trd, 8639298.882, 104
Trd, 8639298.932, 95
Trd, 8639300.732, 87
Trd, 8639301.032, 112
Trd, 8639304.982, 96
Trd, 8639305.532, 96
Trd, 8639306.082, 95
Trd, 8639306.232, 109
Trd, 8639306.282, 95
Trd, 8639310.132, 90
Trd, 8639311.132, 89
Trd, 8639311.632, 89
Trd, 8639311.682, 97
Trd, 8639311.832, 86
Trd, 8639315.232, 84
Trd, 8639318.132, 95
Trd, 8639318.332, 94
Trd, 8639318.432, 95
Trd, 8639318.932, 94
Trd, 8639319.532, 93
Trd, 8639321.482, 94
Trd, 8639323.882, 94
Trd, 8639324.632, 95
Trd, 8639324.682, 96
Trd, 8639326.082, 100
Trd, 8639326.432, 95
Trd, 8639328.482, 86
Trd, 8639330.532, 95
Trd, 8639331.832, 100
Trd, 8639332.782, 103
Trd, 8639333.582, 104
Trd, 8639334.382, 110
Trd, 8639338.432, 91
Trd, 8639339.582, 97
Trd, 8639339.782, 98
Trd, 8639339.932, 98
Trd, 8639340.182, 97
Trd, 8639343.582, 101
Trd, 8639343.782, 97
Trd, 8639344.182, 95
Trd, 8639345.882, 98
Trd, 8639345.932, 86
Trd, 8639348.832, 82
Trd, 8639349.132, 103
Trd, 8639350.582, 91
Trd, 8639351.282, 89
Trd, 8639352.082, 92
Trd, 8639352.482, 92
Trd, 8639352.882, 95
Trd, 8639353.632, 97
Trd, 8639356.082, 102
Trd, 8639358.032, 105
Trd, 8639359.382, 92
Trd, 8639361.282, 93
Trd, 8639361.982, 97
Trd, 8639362.082, 96
Trd, 8639362.232, 95
Trd, 8639364.382, 100
Trd, 8639364.632, 101
Trd, 8639365.482, 100
Trd, 8639367.132, 103
Trd, 8639367.632, 97
Trd, 8639369.132, 99
Trd, 8639370.582, 89
Trd, 8639371.432, 105
Trd, 8639373.582, 93
Trd, 8639374.632, 99
Trd, 8639375.032, 98
Trd, 8639376.082, 96
Trd, 8639377.232, 92
Trd, 8639378.782, 95
Trd, 8639379.232, 95
Trd, 8639379.482, 104
Trd, 8639380.182, 88
Trd, 8639383.782, 99
Trd, 8639384.132, 99
Trd, 8639384.432, 96
Trd, 8639384.982, 100
Trd, 8639385.732, 104
Trd, 8639386.182, 98
Trd, 8639389.782, 104
Trd, 8639391.232, 106
Trd, 8639391.932, 106
Trd, 8639392.182, 106
Trd, 8639392.482, 104
Trd, 8639393.132, 95
Trd, 8639394.432, 104
Trd, 8639397.082, 94
Trd, 8639399.082, 105
Trd, 8639399.732, 99
Trd, 8639399.882, 98
Trd, 8639401.482, 92
Trd, 8639404.382, 95
Trd, 8639404.582, 96
Trd, 8639404.732, 95
Trd, 8639408.432, 94
Trd, 8639409.032, 95
Trd, 8639409.082, 94
Trd, 8639409.732, 95
Trd, 8639410.282, 104
Trd, 8639411.932, 102
Trd, 8639413.432, 104
Trd, 8639414.182, 113
Trd, 8639415.232, 107
Trd, 8639416.382, 105
Trd, 8639418.382, 102
Trd, 8639418.782, 97
Trd, 8639420.882, 91
Trd, 8639423.782, 104
Trd, 8639423.932, 104
Trd, 8639424.332, 105
Trd, 8639424.382, 101
Trd, 8639425.382, 100
Trd, 8639426.232, 111
Trd, 8639428.132, 82
Trd, 8639430.832, 88
Trd, 8639431.032, 89
Trd, 8639433.782, 89
Trd, 8639434.432, 90
Trd, 8639435.632, 97
Trd, 8639436.282, 103
Trd, 8639436.382, 99
Trd, 8639437.832, 98
Trd, 8639438.382, 86
Trd, 8639438.532, 77
Trd, 8639441.532, 96
Trd, 8639442.732, 94
Trd, 8639443.032, 95
Trd, 8639444.482, 100
Trd, 8639444.932, 101
Trd, 8639446.032, 100
Trd, 8639446.882, 79
Trd, 8639447.082, 101
Trd, 8639447.332, 104
Trd, 8639450.732, 91
Trd, 8639454.632, 94
Trd, 8639455.132, 93
Trd, 8639455.882, 100
Trd, 8639456.632, 96
Trd, 8639456.932, 95
Trd, 8639457.582, 86
Trd, 8639458.732, 78
Trd, 8639461.232, 114
Trd, 8639462.032, 116
Trd, 8639463.232, 115
Trd, 8639463.582, 109
Trd, 8639464.582, 104
Trd, 8639467.132, 107
Trd, 8639467.182, 93
Trd, 8639469.932, 96
Trd, 8639471.382, 95
Trd, 8639471.632, 96
Trd, 8639473.382, 96
Trd, 8639474.182, 95
Trd, 8639474.532, 95
Trd, 8639474.632, 96
Trd, 8639476.232, 77
Trd, 8639479.532, 88
Trd, 8639481.182, 96
Trd, 8639481.682, 93
Trd, 8639482.382, 90
Trd, 8639483.682, 104
Trd, 8639484.432, 92
Trd, 8639485.632, 96
Trd, 8639487.532, 98
Trd, 8639488.882, 100
Trd, 8639488.982, 99
Trd, 8639492.082, 100
Trd, 8639494.532, 92
Trd, 8639495.782, 85
Trd, 8639497.232, 87
Trd, 8639497.632, 95
Trd, 8639500.582, 93
Trd, 8639500.832, 95
Trd, 8639500.982, 100
Trd, 8639501.032, 95
Trd, 8639503.282, 97
Trd, 8639503.732, 97
Trd, 8639505.132, 100
Trd, 8639505.882, 104
Trd, 8639506.532, 99
Trd, 8639508.582, 114
Trd, 8639509.782, 113
Trd, 8639511.082, 107
Trd, 8639514.032, 107
Trd, 8639514.332, 105
Trd, 8639515.432, 106
Trd, 8639515.982, 104
Trd, 8639517.982, 101
Trd, 8639518.732, 104
Trd, 8639519.732, 97
Trd, 8639521.282, 100
Trd, 8639521.732, 100
Trd, 8639523.432, 111
Trd, 8639523.932, 111
Trd, 8639524.732, 112
Trd, 8639526.132, 99
Trd, 8639527.132, 98
Trd, 8639529.382, 98
Trd, 8639529.432, 97
Trd, 8639531.332, 99
Trd, 8639532.182, 89
Trd, 8639533.982, 90
Trd, 8639535.282, 96
Trd, 8639536.482, 96
Trd, 8639536.532, 95
Trd, 8639536.632, 94
Trd, 8639539.982, 99
Trd, 8639541.082, 86
Trd, 8639541.782, 88
Trd, 8639542.782, 89
Trd, 8639544.682, 98
Trd, 8639544.832, 98
Trd, 8639545.182, 97
Trd, 8639548.032, 115
Trd, 8639549.182, 115
Trd, 8639549.882, 112
Trd, 8639551.132, 97
Trd, 8639551.282, 80
Trd, 8639554.882, 83
Trd, 8639555.182, 85
Trd, 8639556.932, 94
Trd, 8639556.982, 84
Trd, 8639558.632, 94
Trd, 8639558.982, 95
Trd, 8639559.532, 96
Trd, 8639561.432, 100
Trd, 8639561.832, 100
Trd, 8639562.032, 99
Trd, 8639564.232, 99
Trd, 8639565.332, 95
Trd, 8639566.532, 96
Trd, 8639566.682, 92
Trd, 8639568.332, 95
Trd, 8639569.782, 93
Trd, 8639571.182, 96
Trd, 8639571.382, 95
Trd, 8639571.832, 92
Trd, 8639575.032, 81
Trd, 8639576.332, 96
Trd, 8639577.432, 94
Trd, 8639577.932, 94
Trd, 8639578.382, 93
Trd, 8639578.432, 97
Trd, 8639580.882, 96
Trd, 8639581.182, 97
Trd, 8639582.582, 90
Trd, 8639584.282, 91
Trd, 8639584.782, 99
Trd, 8639585.732, 96
Trd, 8639587.032, 96
Trd, 8639587.582, 97
Trd, 8639590.132, 87
Trd, 8639590.782, 96
Trd, 8639591.382, 88
Trd, 8639594.532, 103
Trd, 8639595.132, 103
Trd, 8639595.282, 102
Trd, 8639595.982, 87
Trd, 8639596.732, 103
Trd, 8639599.132, 89
Trd, 8639601.182, 95
Trd, 8639602.132, 110
Trd, 8639602.232, 96
Trd, 8639604.232, 104
Trd, 8639604.332, 99
Trd, 8639604.432, 95
Trd, 8639605.982, 91
Trd, 8639609.632, 100
Trd, 8639610.032, 96
Trd, 8639611.032, 96
Trd, 8639613.232, 93
Trd, 8639613.482, 93
Trd, 8639614.382, 94
Trd, 8639615.082, 94
Trd, 8639615.732, 94
Trd, 8639617.082, 78
Trd, 8639618.382, 103
Trd, 8639619.282, 97
Trd, 8639621.732, 97
Trd, 8639622.232, 98
Trd, 8639622.782, 100
Trd, 8639622.982, 97
Trd, 8639626.632, 96
Trd, 8639627.882, 95
Trd, 8639627.982, 104
Trd, 8639629.232, 97
Trd, 8639629.482, 95
Trd, 8639630.082, 111
Trd, 8639633.632, 96
Trd, 8639633.832, 95
Trd, 8639634.182, 92
Trd, 8639636.732, 94
Trd, 8639639.382, 99
Trd, 8639639.582, 97
Trd, 8639639.632, 95
Trd, 8639639.982, 103
Trd, 8639642.782, 98
Trd, 8639645.232, 104
Trd, 8639646.482, 107
Trd, 8639646.732, 111
Trd, 8639647.082, 105
Trd, 8639649.382, 109
Trd, 8639650.332, 108
Trd, 8639650.632, 108
Trd, 8639653.182, 109
Trd, 8639654.532, 106
Trd, 8639654.882, 106
Trd, 8639656.532, 98
Trd, 8639657.032, 104
Trd, 8639658.132, 97
Trd, 8639661.632, 112
Trd, 8639661.982, 95
Trd, 8639664.282, 103
Trd, 8639664.932, 104
Trd, 8639664.982, 111
Trd, 8639665.832, 102
Trd, 8639670.582, 96
Trd, 8639670.732, 108
Trd, 8639671.882, 97
Trd, 8639673.682, 97
Trd, 8639673.832, 97
Trd, 8639675.932, 113
Trd, 8639676.882, 105
Trd, 8639678.932, 108
Trd, 8639679.882, 106
Trd, 8639680.282, 106
Trd, 8639681.332, 96
Trd, 8639683.332, 98
Trd, 8639683.382, 104
Trd, 8639684.782, 98
Trd, 8639684.932, 103
Trd, 8639686.932, 100
Trd, 8639688.032, 101
Trd, 8639690.082, 97
Trd, 8639690.332, 104
Trd, 8639691.582, 98
Trd, 8639693.532, 92
Trd, 8639694.432, 96
Trd, 8639694.582, 95
Trd, 8639694.732, 96
Trd, 8639694.782, 95
Trd, 8639697.432, 113
Trd, 8639697.632, 113
Trd, 8639700.132, 114
Trd, 8639700.832, 114
Trd, 8639701.832, 113
Trd, 8639703.382, 98
Trd, 8639704.582, 95
Trd, 8639706.132, 93
Trd, 8639707.232, 98
Trd, 8639707.382, 97
Trd, 8639709.432, 99
Trd, 8639709.832, 98
Trd, 8639711.882, 98
Trd, 8639712.732, 99
Trd, 8639713.782, 104
Trd, 8639715.232, 103
Trd, 8639717.382, 109
Trd, 8639717.882, 108
Trd, 8639718.032, 104
Trd, 8639718.732, 95
Trd, 8639720.582, 83
Trd, 8639722.332, 85
Trd, 8639723.382, 86
Trd, 8639723.932, 87
Trd, 8639726.582, 102
Trd, 8639728.732, 111
Trd, 8639729.532, 102
Trd, 8639732.382, 101
Trd, 8639733.032, 100
Trd, 8639733.182, 100
Trd, 8639733.432, 99
Trd, 8639734.032, 95
Trd, 8639736.432, 96
Trd, 8639738.832, 102
Trd, 8639739.782, 103
Trd, 8639739.932, 95
Trd, 8639741.132, 80
Trd, 8639741.482, 80
Trd, 8639742.782, 104
Trd, 8639743.932, 88
Trd, 8639746.132, 94
Trd, 8639747.182, 103
Trd, 8639748.732, 99
Trd, 8639749.382, 100
Trd, 8639752.332, 104
Trd, 8639753.282, 106
Trd, 8639755.482, 100
Trd, 8639756.982, 98
Trd, 8639757.432, 98
Trd, 8639758.882, 95
Trd, 8639760.682, 96
Trd, 8639760.732, 94
Trd, 8639761.232, 94
Trd, 8639761.832, 95
Trd, 8639764.282, 100
Trd, 8639765.532, 105
Trd, 8639766.232, 102
Trd, 8639766.482, 111
Trd, 8639768.232, 103
Trd, 8639769.232, 104
Trd, 8639769.982, 102
Trd, 8639771.032, 97
Trd, 8639773.282, 100
Trd, 8639773.932, 103
Trd, 8639774.082, 96
Trd, 8639775.282, 97
Trd, 8639775.632, 99
Trd, 8639776.232, 98
Trd, 8639777.382, 106
Trd, 8639780.582, 107
Trd, 8639781.132, 107
Trd, 8639781.982, 107
Trd, 8639782.682, 105
Trd, 8639784.082, 95
Trd, 8639785.182, 111
Trd, 8639785.482, 77
Trd, 8639788.682, 89
Trd, 8639789.982, 95
Trd, 8639791.082, 94
Trd, 8639791.732, 95
Trd, 8639792.482, 97
Trd, 8639793.032, 96
Trd, 8639794.832, 100
Trd, 8639796.182, 98
Trd, 8639796.632, 96
Trd, 8639798.282, 88
Trd, 8639799.132, 88
Trd, 8639800.632, 99
Trd, 8639802.132, 95
Trd, 8639802.482, 95
Trd, 8639804.832, 96
Trd, 8639805.782, 97
Trd, 8639807.282, 98
Trd, 8639808.032, 96
Trd, 8639809.082, 112
Trd, 8639812.432, 98
Trd, 8639813.182, 102
Trd, 8639814.332, 99
Trd, 8639815.682, 103
Trd, 8639816.732, 101
Trd, 8639819.682, 96
Trd, 8639820.032, 97
Trd, 8639820.532, 95
Trd, 8639821.932, 99
Trd, 8639822.532, 94
Trd, 8639823.832, 93
Trd, 8639823.982, 76
Trd, 8639827.082, 83
Trd, 8639827.982, 97
Trd, 8639828.332, 86
Trd, 8639830.482, 95
Trd, 8639830.982, 97
Trd, 8639831.832, 102
Trd, 8639833.482, 97
Trd, 8639835.882, 98
Trd, 8639838.332, 102
Trd, 8639838.982, 101
Trd, 8639839.532, 99
Trd, 8639841.432, 96
Trd, 8639842.432, 94
Trd, 8639842.832, 98
Trd, 8639844.932, 100
Trd, 8639845.382, 98
Trd, 8639846.082, 89
Trd, 8639850.332, 97
Trd, 8639850.732, 96
Trd, 8639851.332, 110
Trd, 8639851.682, 87
Trd, 8639852.682, 78
Trd, 8639855.382, 103
Trd, 8639856.832, 96
Trd, 8639856.932, 94
Trd, 8639862.282, 91
Trd, 8639863.082, 90
Trd, 8639863.332, 92
Trd, 8639863.582, 96
Trd, 8639864.832, 92
Trd, 8639866.832, 92
Trd, 8639867.432, 90
Trd, 8639869.432, 97
Trd, 8639871.682, 101
Trd, 8639873.232, 103
Trd, 8639873.832, 105
Trd, 8639873.882, 104
Trd, 8639874.682, 103
Trd, 8639877.482, 101
Trd, 8639877.782, 100
Trd, 8639877.932, 97
Trd, 8639881.182, 95
Trd, 8639881.432, 96
Trd, 8639882.632, 97
Trd, 8639883.132, 95
Trd, 8639883.282, 88
Trd, 8639883.382, 104
Trd, 8639887.582, 89
Trd, 8639889.932, 94
Trd, 8639890.182, 93
Trd, 8639891.332, 95
Trd, 8639891.632, 95
Trd, 8639892.632, 97
Trd, 8639893.132, 111
Trd, 8639893.682, 96
Trd, 8639895.832, 91
Trd, 8639897.632, 90
Trd, 8639898.782, 90
Trd, 8639899.732, 95
Trd, 8639901.482, 97
Trd, 8639902.232, 97
Trd, 8639904.432, 102
Trd, 8639904.482, 93
Trd, 8639905.432, 95
Trd, 8639906.482, 99
Trd, 8639907.032, 100
Trd, 8639908.382, 101
Trd, 8639910.582, 109
Trd, 8639911.032, 109
Trd, 8639912.032, 104
Trd, 8639912.182, 95
Trd, 8639912.782, 112
Trd, 8639916.182, 94
Trd, 8639916.332, 92
Trd, 8639916.932, 94
Trd, 8639917.882, 94
Trd, 8639919.482, 96
Trd, 8639921.082, 104
Trd, 8639924.382, 106
Trd, 8639924.732, 104
Trd, 8639925.082, 86
Trd, 8639928.082, 95
Trd, 8639928.182, 90
Trd, 8639930.532, 99
Trd, 8639930.832, 99
Trd, 8639931.432, 96
Trd, 8639931.482, 95
Trd, 8639932.082, 104
Trd, 8639933.832, 93
Trd, 8639935.232, 93
Trd, 8639935.882, 92
Trd, 8639936.382, 104
Trd, 8639938.332, 91
Trd, 8639940.082, 95
Trd, 8639941.332, 102
Trd, 8639941.682, 96
Trd, 8639944.382, 99
Trd, 8639944.982, 99
Trd, 8639945.232, 95
Trd, 8639946.432, 87
Trd, 8639948.982, 95
Trd, 8639950.482, 93
Trd, 8639950.982, 91
Trd, 8639952.632, 90
Trd, 8639953.432, 93
Trd, 8639954.632, 96
Trd, 8639954.682, 95
Trd, 8639955.832, 103
Trd, 8639956.382, 103
Trd, 8639956.432, 97
Trd, 8639958.882, 99
Trd, 8639960.432, 103
Trd, 8639960.832, 102
Trd, 8639962.982, 101
Trd, 8639963.332, 109
Trd, 8639965.282, 87
Trd, 8639966.432, 88
Trd, 8639967.932, 93
Trd, 8639968.532, 97
Trd, 8639970.782, 93
Trd, 8639971.282, 94
Trd, 8639972.882, 95
Trd, 8639973.282, 95
Trd, 8639975.482, 95
Trd, 8639977.282, 100
Trd, 8639978.382, 109
Trd, 8639978.782, 97
Trd, 8639982.682, 106
Trd, 8639983.982, 107
Trd, 8639984.532, 106
Trd, 8639985.032, 96
Trd, 8639985.982, 105
Trd, 8639987.932, 105
Trd, 8639988.732, 106
Trd, 8639990.882, 106
Trd, 8639991.032, 109
Trd, 8639992.732, 98
Trd, 8639993.582, 98
Trd, 8639994.982, 110
Trd, 8639997.582, 102
Trd, 8639998.332, 101
Trd, 8639998.682, 97
Trd, 8639998.932, 100
