Trd, 8637873.582, 102
Trd, 8637874.232, 96
Trd, 8637874.682, 104
Trd, 8637875.882, 98
Trd, 8637877.532, 105
Trd, 8637879.832, 104
Trd, 8637880.132, 105
Trd, 8637880.382, 94
Trd, 8637881.082, 105
Trd, 8637883.032, 97
Trd, 8637883.232, 105
Trd, 8637884.132, 122
Trd, 8637884.982, 121
Trd, 8637887.332, 114
Trd, 8637888.482, 101
Trd, 8637890.882, 96
Trd, 8637891.432, 97
Trd, 8637893.032, 96
Trd, 8637895.432, 95
Trd, 8637895.932, 96
Trd, 8637897.682, 97
Trd, 8637899.832, 105
Trd, 8637900.882, 94
Trd, 8637901.182, 104
Trd, 8637902.232, 83
Trd, 8637903.982, 95
Trd, 8637904.032, 104
Trd, 8637905.082, 105
Trd, 8637906.932, 115
Trd, 8637907.282, 115
Trd, 8637908.032, 95
Trd, 8637908.832, 109
Trd, 8637912.682, 110
Trd, 8637914.482, 108
Trd, 8637914.532, 109
Trd, 8637915.532, 102
Trd, 8637917.132, 94
Trd, 8637917.332, 106
Trd, 8637919.932, 111
Trd, 8637920.732, 97
Trd, 8637922.232, 102
Trd, 8637922.732, 118
Trd, 8637923.182, 95
Trd, 8637924.982, 105
Trd, 8637926.932, 106
Trd, 8637929.132, 106
Trd, 8637929.582, 106
Trd, 8637930.932, 95
Trd, 8637932.932, 111
Trd, 8637933.482, 115
Trd, 8637934.882, 90
Trd, 8637936.832, 104
Trd, 8637937.632, 101
Trd, 8637938.782, 119
Trd, 8637939.782, 115
Trd, 8637942.332, 114
Trd, 8637942.582, 112
Trd, 8637942.632, 99
Trd, 8637943.582, 103
Trd, 8637946.532, 110
Trd, 8637947.182, 105
Trd, 8637949.032, 112
Trd, 8637951.032, 101
Trd, 8637955.282, 98
Trd, 8637955.582, 97
Trd, 8637955.882, 100
Trd, 8637956.282, 101
Trd, 8637958.232, 112
Trd, 8637960.182, 105
Trd, 8637962.282, 94
Trd, 8637962.382, 95
Trd, 8637964.282, 97
Trd, 8637965.932, 105
Trd, 8637966.132, 95
Trd, 8637966.932, 112
Trd, 8637968.682, 113
Trd, 8637972.682, 96
Trd, 8637973.482, 101
Trd, 8637974.332, 93
Trd, 8637974.432, 105
Trd, 8637977.632, 99
Trd, 8637978.182, 112
Trd, 8637978.382, 96
Trd, 8637979.132, 105
Trd, 8637985.432, 96
Trd, 8637986.182, 102
Trd, 8637987.632, 97
Trd, 8637988.182, 98
Trd, 8637988.982, 110
Trd, 8637989.382, 95
Trd, 8637991.332, 113
Trd, 8637992.482, 95
Trd, 8637993.032, 124
Trd, 8637994.732, 118
Trd, 8637995.732, 102
Trd, 8637996.632, 113
Trd, 8637998.482, 117
Trd, 8638000.382, 116
Trd, 8638001.132, 112
Trd, 8638003.382, 122
Trd, 8638004.482, 113
Trd, 8638004.782, 113
Trd, 8638005.082, 114
Trd, 8638006.932, 95
Trd, 8638011.082, 90
Trd, 8638011.282, 91
Trd, 8638011.532, 92
Trd, 8638012.832, 122
Trd, 8638013.832, 115
Trd, 8638015.132, 95
Trd, 8638015.382, 104
Trd, 8638016.982, 96
Trd, 8638017.582, 99
Trd, 8638017.632, 95
Trd, 8638018.832, 99
Trd, 8638020.882, 105
Trd, 8638025.682, 90
Trd, 8638026.282, 108
Trd, 8638028.032, 103
Trd, 8638028.282, 106
Trd, 8638030.532, 107
Trd, 8638030.832, 93
Trd, 8638031.632, 93
Trd, 8638032.682, 104
Trd, 8638032.782, 114
Trd, 8638034.832, 108
Trd, 8638034.932, 86
Trd, 8638035.632, 112
Trd, 8638036.732, 98
Trd, 8638038.432, 108
Trd, 8638039.882, 103
Trd, 8638039.932, 112
Trd, 8638044.982, 107
Trd, 8638045.882, 91
Trd, 8638046.732, 96
Trd, 8638047.232, 95
Trd, 8638048.532, 106
Trd, 8638051.432, 113
Trd, 8638052.632, 113
Trd, 8638052.682, 114
Trd, 8638054.582, 106
Trd, 8638056.232, 101
Trd, 8638059.882, 104
Trd, 8638061.282, 109
Trd, 8638062.132, 113
Trd, 8638063.682, 109
Trd, 8638063.732, 97
Trd, 8638066.932, 101
Trd, 8638068.732, 99
Trd, 8638068.932, 104
Trd, 8638071.782, 113
Trd, 8638072.032, 113
Trd, 8638072.982, 113
Trd, 8638073.382, 114
Trd, 8638074.882, 103
Trd, 8638075.432, 102
Trd, 8638076.432, 112
Trd, 8638079.632, 107
Trd, 8638080.632, 111
Trd, 8638082.882, 106
Trd, 8638083.582, 108
Trd, 8638085.432, 113
Trd, 8638087.432, 102
Trd, 8638088.032, 95
Trd, 8638090.832, 97
Trd, 8638091.132, 103
Trd, 8638091.282, 105
Trd, 8638092.282, 110
Trd, 8638092.782, 104
Trd, 8638095.632, 103
Trd, 8638096.232, 104
Trd, 8638099.532, 114
Trd, 8638100.232, 112
Trd, 8638100.332, 99
Trd, 8638101.532, 114
Trd, 8638101.982, 96
Trd, 8638103.232, 120
Trd, 8638104.382, 95
Trd, 8638106.282, 99
Trd, 8638106.432, 97
Trd, 8638107.332, 100
Trd, 8638108.332, 89
Trd, 8638109.382, 108
Trd, 8638111.182, 117
Trd, 8638112.782, 93
Trd, 8638114.482, 103
Trd, 8638115.582, 87
Trd, 8638116.032, 115
Trd, 8638116.332, 113
Trd, 8638118.782, 97
Trd, 8638122.632, 101
Trd, 8638123.082, 104
Trd, 8638125.082, 95
Trd, 8638125.382, 111
Trd, 8638126.832, 110
Trd, 8638128.732, 99
Trd, 8638129.182, 90
Trd, 8638130.132, 107
Trd, 8638132.432, 102
Trd, 8638133.682, 93
Trd, 8638134.482, 105
Trd, 8638136.132, 101
Trd, 8638137.332, 104
Trd, 8638137.982, 114
Trd, 8638138.732, 95
Trd, 8638140.232, 106
Trd, 8638141.182, 107
Trd, 8638141.282, 115
Trd, 8638141.982, 102
Trd, 8638144.682, 115
Trd, 8638144.732, 122
Trd, 8638145.482, 113
Trd, 8638147.732, 95
Trd, 8638149.532, 86
Trd, 8638151.332, 104
Trd, 8638152.832, 104
Trd, 8638154.032, 105
Trd, 8638154.682, 113
Trd, 8638154.832, 103
Trd, 8638158.382, 104
Trd, 8638160.232, 105
Trd, 8638161.732, 99
Trd, 8638161.782, 100
Trd, 8638163.282, 95
Trd, 8638164.282, 109
Trd, 8638167.982, 113
Trd, 8638168.882, 112
Trd, 8638169.382, 113
Trd, 8638169.682, 98
Trd, 8638171.632, 100
Trd, 8638172.932, 106
Trd, 8638173.232, 108
Trd, 8638175.432, 95
Trd, 8638177.382, 100
Trd, 8638177.632, 101
Trd, 8638177.732, 103
Trd, 8638179.332, 99
Trd, 8638179.832, 94
Trd, 8638180.882, 108
Trd, 8638183.032, 91
Trd, 8638184.632, 102
Trd, 8638185.132, 99
Trd, 8638187.832, 90
Trd, 8638188.332, 103
Trd, 8638190.732, 101
Trd, 8638191.032, 94
Trd, 8638191.082, 86
Trd, 8638192.382, 100
Trd, 8638193.832, 98
Trd, 8638194.732, 99
Trd, 8638198.282, 101
Trd, 8638200.832, 107
Trd, 8638203.332, 98
Trd, 8638203.382, 106
Trd, 8638203.882, 98
Trd, 8638204.632, 102
Trd, 8638204.682, 104
Trd, 8638207.032, 87
Trd, 8638207.282, 91
Trd, 8638210.132, 104
Trd, 8638211.932, 113
Trd, 8638213.932, 109
Trd, 8638215.082, 104
Trd, 8638216.182, 102
Trd, 8638218.382, 105
Trd, 8638219.882, 106
Trd, 8638219.982, 100
Trd, 8638224.232, 113
Trd, 8638225.632, 112
Trd, 8638225.832, 94
Trd, 8638227.032, 104
Trd, 8638227.382, 87
Trd, 8638227.682, 110
Trd, 8638228.532, 114
Trd, 8638233.232, 108
Trd, 8638233.982, 101
Trd, 8638234.282, 106
Trd, 8638234.482, 100
Trd, 8638237.682, 97
Trd, 8638239.132, 95
Trd, 8638239.482, 103
Trd, 8638239.532, 104
Trd, 8638242.582, 103
Trd, 8638243.082, 93
Trd, 8638244.032, 106
Trd, 8638244.682, 112
Trd, 8638246.482, 97
Trd, 8638248.082, 113
Trd, 8638248.382, 114
Trd, 8638248.482, 95
Trd, 8638251.382, 88
Trd, 8638252.732, 109
Trd, 8638255.532, 98
Trd, 8638256.432, 98
Trd, 8638256.882, 93
Trd, 8638257.482, 97
Trd, 8638261.032, 111
Trd, 8638263.182, 108
Trd, 8638265.632, 109
Trd, 8638265.832, 93
Trd, 8638268.632, 104
Trd, 8638269.482, 105
Trd, 8638269.832, 101
Trd, 8638271.082, 116
Trd, 8638271.232, 111
Trd, 8638274.832, 100
Trd, 8638277.582, 112
Trd, 8638278.432, 117
Trd, 8638280.532, 105
Trd, 8638281.182, 102
Trd, 8638282.032, 102
Trd, 8638282.982, 99
Trd, 8638283.832, 121
Trd, 8638285.032, 119
Trd, 8638287.032, 103
Trd, 8638289.182, 97
Trd, 8638291.682, 94
Trd, 8638293.532, 98
Trd, 8638293.932, 96
Trd, 8638294.732, 100
Trd, 8638295.332, 109
Trd, 8638296.032, 120
Trd, 8638296.382, 98
Trd, 8638301.432, 95
Trd, 8638303.182, 94
Trd, 8638303.232, 102
Trd, 8638304.132, 86
Trd, 8638304.332, 101
Trd, 8638304.532, 104
Trd, 8638306.332, 107
Trd, 8638308.882, 113
Trd, 8638310.132, 124
Trd, 8638310.632, 121
Trd, 8638310.832, 115
Trd, 8638312.532, 113
Trd, 8638315.382, 110
Trd, 8638317.382, 104
Trd, 8638319.432, 101
Trd, 8638320.732, 104
Trd, 8638321.832, 96
Trd, 8638322.432, 121
Trd, 8638323.632, 104
Trd, 8638325.232, 99
Trd, 8638325.432, 113
Trd, 8638328.682, 121
Trd, 8638330.382, 111
Trd, 8638331.082, 112
Trd, 8638331.182, 113
Trd, 8638332.882, 87
Trd, 8638334.532, 116
Trd, 8638335.332, 112
Trd, 8638336.182, 113
Trd, 8638337.782, 98
Trd, 8638338.832, 103
Trd, 8638340.082, 104
Trd, 8638340.332, 111
Trd, 8638341.182, 111
Trd, 8638344.132, 95
Trd, 8638344.232, 98
Trd, 8638347.982, 82
Trd, 8638348.082, 101
Trd, 8638349.632, 104
Trd, 8638350.382, 96
Trd, 8638353.332, 103
Trd, 8638354.482, 103
Trd, 8638356.132, 96
Trd, 8638359.032, 104
Trd, 8638360.932, 112
Trd, 8638361.532, 112
Trd, 8638362.382, 113
Trd, 8638363.082, 118
Trd, 8638365.682, 112
Trd, 8638366.232, 108
Trd, 8638372.282, 101
Trd, 8638372.582, 97
Trd, 8638373.632, 98
Trd, 8638374.382, 100
Trd, 8638375.432, 107
Trd, 8638377.182, 107
Trd, 8638378.132, 97
Trd, 8638379.482, 104
Trd, 8638380.282, 97
Trd, 8638380.582, 105
Trd, 8638382.632, 104
Trd, 8638385.232, 102
Trd, 8638389.382, 100
Trd, 8638390.682, 102
Trd, 8638391.282, 101
Trd, 8638392.482, 102
Trd, 8638393.882, 113
Trd, 8638397.082, 105
Trd, 8638397.832, 113
Trd, 8638400.632, 94
Trd, 8638400.982, 96
Trd, 8638402.082, 88
Trd, 8638402.982, 99
Trd, 8638404.782, 121
Trd, 8638406.182, 113
Trd, 8638406.532, 112
Trd, 8638407.132, 94
Trd, 8638409.532, 90
Trd, 8638409.682, 108
Trd, 8638409.782, 109
Trd, 8638410.732, 106
Trd, 8638413.182, 100
Trd, 8638413.282, 101
Trd, 8638414.032, 113
Trd, 8638417.332, 107
Trd, 8638419.232, 101
Trd, 8638420.482, 101
Trd, 8638421.032, 111
Trd, 8638422.182, 99
Trd, 8638423.232, 110
Trd, 8638424.632, 102
Trd, 8638425.932, 115
Trd, 8638428.232, 114
Trd, 8638428.632, 113
Trd, 8638429.482, 113
Trd, 8638431.482, 102
Trd, 8638431.832, 103
Trd, 8638434.482, 117
Trd, 8638436.082, 112
Trd, 8638437.232, 95
Trd, 8638437.482, 95
Trd, 8638441.232, 101
Trd, 8638442.232, 95
Trd, 8638443.732, 95
Trd, 8638443.932, 99
Trd, 8638444.232, 95
Trd, 8638446.082, 99
Trd, 8638446.582, 99
Trd, 8638446.932, 94
Trd, 8638450.282, 101
Trd, 8638450.732, 102
Trd, 8638451.632, 107
Trd, 8638454.282, 124
Trd, 8638454.882, 122
Trd, 8638456.582, 112
Trd, 8638457.032, 115
Trd, 8638457.382, 97
Trd, 8638457.982, 122
Trd, 8638460.782, 115
Trd, 8638460.832, 112
Trd, 8638463.832, 103
Trd, 8638464.332, 103
Trd, 8638466.482, 110
Trd, 8638466.682, 100
Trd, 8638467.282, 115
Trd, 8638468.682, 114
Trd, 8638469.832, 111
Trd, 8638471.182, 97
Trd, 8638472.932, 98
Trd, 8638473.732, 95
Trd, 8638476.232, 112
Trd, 8638477.532, 107
Trd, 8638478.232, 97
Trd, 8638478.882, 105
Trd, 8638479.332, 100
Trd, 8638480.482, 101
Trd, 8638483.032, 102
Trd, 8638485.432, 104
Trd, 8638486.232, 116
Trd, 8638487.832, 122
Trd, 8638488.532, 121
Trd, 8638491.282, 112
Trd, 8638491.732, 95
Trd, 8638495.482, 106
Trd, 8638495.582, 108
Trd, 8638495.932, 101
Trd, 8638497.332, 112
Trd, 8638497.482, 104
Trd, 8638498.282, 104
Trd, 8638500.882, 88
Trd, 8638501.182, 93
Trd, 8638501.432, 94
Trd, 8638503.932, 106
Trd, 8638504.932, 101
Trd, 8638505.782, 105
Trd, 8638506.982, 98
Trd, 8638507.382, 103
Trd, 8638508.282, 121
Trd, 8638509.782, 122
Trd, 8638511.032, 104
Trd, 8638513.932, 98
Trd, 8638515.682, 102
Trd, 8638516.332, 104
Trd, 8638516.482, 96
Trd, 8638517.832, 102
Trd, 8638519.482, 103
Trd, 8638521.782, 103
Trd, 8638521.832, 96
Trd, 8638524.382, 103
Trd, 8638524.782, 107
Trd, 8638525.682, 106
Trd, 8638527.832, 114
Trd, 8638531.532, 95
Trd, 8638531.932, 110
Trd, 8638532.682, 108
Trd, 8638534.732, 114
Trd, 8638536.982, 114
Trd, 8638537.132, 113
Trd, 8638539.782, 111
Trd, 8638542.382, 99
Trd, 8638542.882, 109
Trd, 8638544.082, 104
Trd, 8638546.332, 99
Trd, 8638548.432, 97
Trd, 8638549.432, 105
Trd, 8638550.632, 109
Trd, 8638551.782, 94
Trd, 8638553.382, 104
Trd, 8638553.432, 95
Trd, 8638553.882, 106
Trd, 8638554.382, 116
Trd, 8638558.482, 107
Trd, 8638558.532, 108
Trd, 8638560.832, 107
Trd, 8638563.532, 101
Trd, 8638564.832, 100
Trd, 8638564.932, 95
Trd, 8638566.382, 96
Trd, 8638566.882, 97
Trd, 8638568.982, 105
Trd, 8638569.182, 90
Trd, 8638569.732, 97
Trd, 8638572.532, 107
Trd, 8638574.782, 99
Trd, 8638577.682, 111
Trd, 8638578.682, 115
Trd, 8638579.732, 94
Trd, 8638579.982, 110
Trd, 8638581.282, 105
Trd, 8638583.632, 96
Trd, 8638585.432, 107
Trd, 8638585.732, 109
Trd, 8638586.232, 110
Trd, 8638588.232, 113
Trd, 8638592.532, 100
Trd, 8638593.982, 105
Trd, 8638595.232, 101
Trd, 8638595.382, 98
Trd, 8638598.082, 106
Trd, 8638601.982, 101
Trd, 8638603.032, 106
Trd, 8638604.032, 98
Trd, 8638604.632, 109
Trd, 8638604.932, 110
Trd, 8638605.332, 97
Trd, 8638605.482, 95
Trd, 8638607.682, 97
Trd, 8638610.132, 104
Trd, 8638611.782, 105
Trd, 8638612.332, 77
Trd, 8638615.782, 101
Trd, 8638616.082, 94
Trd, 8638616.182, 86
Trd, 8638616.482, 102
Trd, 8638618.582, 113
Trd, 8638619.932, 120
Trd, 8638621.582, 112
Trd, 8638624.282, 104
Trd, 8638625.832, 103
Trd, 8638629.032, 97
Trd, 8638629.332, 106
Trd, 8638632.482, 94
Trd, 8638633.132, 87
Trd, 8638633.232, 96
Trd, 8638637.582, 106
Trd, 8638638.082, 109
Trd, 8638640.132, 101
Trd, 8638641.782, 102
Trd, 8638641.882, 105
Trd, 8638642.332, 107
Trd, 8638643.432, 107
Trd, 8638644.732, 107
Trd, 8638645.182, 101
Trd, 8638646.832, 95
Trd, 8638649.182, 103
Trd, 8638650.632, 105
Trd, 8638651.332, 106
Trd, 8638652.282, 88
Trd, 8638652.832, 90
Trd, 8638656.282, 103
Trd, 8638657.032, 107
Trd, 8638657.682, 105
Trd, 8638658.982, 94
Trd, 8638661.482, 104
Trd, 8638661.982, 105
Trd, 8638665.132, 99
Trd, 8638666.182, 113
Trd, 8638666.382, 105
Trd, 8638668.382, 102
Trd, 8638668.532, 114
Trd, 8638671.582, 116
Trd, 8638672.832, 113
Trd, 8638672.932, 120
Trd, 8638676.782, 113
Trd, 8638677.132, 113
Trd, 8638677.182, 117
Trd, 8638678.082, 95
Trd, 8638678.882, 103
Trd, 8638680.182, 97
Trd, 8638682.082, 95
Trd, 8638682.182, 86
Trd, 8638682.382, 97
Trd, 8638684.182, 104
Trd, 8638684.782, 122
Trd, 8638685.032, 112
Trd, 8638686.932, 112
Trd, 8638688.032, 113
Trd, 8638689.582, 101
Trd, 8638691.232, 106
Trd, 8638691.332, 99
Trd, 8638692.632, 109
Trd, 8638694.832, 103
Trd, 8638695.982, 87
Trd, 8638696.632, 106
Trd, 8638699.582, 94
Trd, 8638701.132, 112
Trd, 8638701.932, 95
Trd, 8638702.932, 112
Trd, 8638704.982, 112
Trd, 8638708.682, 104
Trd, 8638710.032, 94
Trd, 8638710.232, 104
Trd, 8638711.732, 113
Trd, 8638713.682, 112
Trd, 8638715.032, 105
Trd, 8638716.982, 93
Trd, 8638717.432, 94
Trd, 8638717.582, 95
Trd, 8638718.132, 100
Trd, 8638722.382, 112
Trd, 8638722.932, 99
Trd, 8638723.632, 113
Trd, 8638725.432, 101
Trd, 8638725.632, 100
Trd, 8638727.532, 113
Trd, 8638729.332, 98
Trd, 8638733.482, 106
Trd, 8638734.082, 103
Trd, 8638734.932, 105
Trd, 8638735.082, 98
Trd, 8638737.532, 91
Trd, 8638738.332, 92
Trd, 8638739.582, 122
Trd, 8638741.032, 102
Trd, 8638742.382, 95
Trd, 8638742.482, 97
Trd, 8638742.832, 106
Trd, 8638745.582, 113
Trd, 8638746.832, 109
Trd, 8638748.032, 111
Trd, 8638751.382, 97
Trd, 8638751.782, 96
Trd, 8638752.332, 95
Trd, 8638752.532, 96
Trd, 8638753.632, 83
Trd, 8638753.732, 108
Trd, 8638756.232, 110
Trd, 8638758.482, 109
Trd, 8638759.332, 111
Trd, 8638760.332, 106
Trd, 8638761.082, 102
Trd, 8638762.832, 112
Trd, 8638764.782, 101
Trd, 8638767.482, 95
Trd, 8638769.682, 105
Trd, 8638772.432, 95
Trd, 8638773.432, 113
Trd, 8638775.782, 104
Trd, 8638776.532, 114
Trd, 8638778.332, 100
Trd, 8638778.932, 95
Trd, 8638780.132, 108
Trd, 8638782.182, 99
Trd, 8638783.032, 105
Trd, 8638783.682, 113
Trd, 8638784.032, 94
Trd, 8638785.282, 109
Trd, 8638785.732, 116
Trd, 8638789.082, 94
Trd, 8638789.982, 94
Trd, 8638791.282, 106
Trd, 8638793.682, 100
Trd, 8638794.982, 105
Trd, 8638796.832, 106
Trd, 8638797.432, 106
Trd, 8638797.532, 108
Trd, 8638799.432, 95
Trd, 8638800.782, 105
Trd, 8638801.682, 108
Trd, 8638802.732, 105
Trd, 8638805.432, 99
Trd, 8638806.782, 110
Trd, 8638807.082, 98
Trd, 8638809.082, 103
Trd, 8638811.282, 97
Trd, 8638815.132, 99
Trd, 8638815.182, 105
Trd, 8638815.682, 106
Trd, 8638816.982, 106
Trd, 8638819.382, 102
Trd, 8638821.132, 110
Trd, 8638821.482, 111
Trd, 8638822.482, 113
Trd, 8638824.432, 95
Trd, 8638826.332, 90
Trd, 8638828.282, 112
Trd, 8638828.582, 86
Trd, 8638828.932, 107
Trd, 8638830.182, 106
Trd, 8638833.282, 105
Trd, 8638834.382, 103
Trd, 8638834.432, 100
Trd, 8638835.782, 103
Trd, 8638837.282, 105
Trd, 8638839.132, 105
Trd, 8638840.532, 102
Trd, 8638840.882, 104
Trd, 8638842.332, 87
Trd, 8638843.082, 94
Trd, 8638847.982, 104
Trd, 8638848.332, 105
Trd, 8638848.432, 109
Trd, 8638851.332, 112
Trd, 8638851.832, 101
Trd, 8638853.832, 104
Trd, 8638854.582, 99
Trd, 8638858.732, 107
Trd, 8638859.632, 109
Trd, 8638860.582, 112
Trd, 8638861.532, 97
Trd, 8638861.582, 99
Trd, 8638861.932, 115
Trd, 8638864.282, 122
Trd, 8638866.232, 122
Trd, 8638866.782, 113
Trd, 8638866.882, 99
Trd, 8638869.632, 96
Trd, 8638870.332, 97
Trd, 8638870.432, 108
Trd, 8638872.582, 105
Trd, 8638874.282, 112
Trd, 8638875.732, 95
Trd, 8638877.682, 103
Trd, 8638880.732, 96
Trd, 8638880.932, 98
Trd, 8638883.282, 107
Trd, 8638884.682, 98
Trd, 8638884.732, 114
Trd, 8638885.532, 94
Trd, 8638888.782, 109
Trd, 8638888.982, 111
Trd, 8638889.382, 86
Trd, 8638892.182, 113
Trd, 8638892.582, 103
Trd, 8638893.132, 95
Trd, 8638894.132, 103
Trd, 8638894.932, 103
Trd, 8638897.682, 105
Trd, 8638898.632, 104
Trd, 8638899.182, 99
Trd, 8638899.882, 115
Trd, 8638902.032, 96
Trd, 8638902.682, 95
Trd, 8638904.032, 118
Trd, 8638905.282, 116
Trd, 8638905.982, 113
Trd, 8638908.882, 100
Trd, 8638909.932, 102
Trd, 8638910.182, 101
Trd, 8638911.432, 109
Trd, 8638915.232, 113
Trd, 8638915.282, 98
Trd, 8638916.132, 108
Trd, 8638916.382, 95
Trd, 8638918.732, 107
Trd, 8638920.582, 106
Trd, 8638922.382, 95
Trd, 8638925.332, 103
Trd, 8638925.382, 104
Trd, 8638926.482, 100
Trd, 8638926.682, 87
Trd, 8638927.882, 105
Trd, 8638930.232, 105
Trd, 8638932.382, 98
Trd, 8638933.132, 95
Trd, 8638934.382, 87
Trd, 8638934.682, 100
Trd, 8638935.282, 102
Trd, 8638935.682, 105
Trd, 8638937.982, 112
Trd, 8638940.382, 113
Trd, 8638941.082, 97
Trd, 8638942.232, 112
Trd, 8638942.632, 101
Trd, 8638943.782, 111
Trd, 8638944.932, 109
Trd, 8638945.182, 95
Trd, 8638946.582, 107
Trd, 8638947.882, 94
Trd, 8638949.132, 94
Trd, 8638951.232, 106
Trd, 8638952.032, 111
Trd, 8638954.932, 96
Trd, 8638955.632, 103
Trd, 8638958.832, 100
Trd, 8638961.082, 107
Trd, 8638961.132, 97
Trd, 8638961.982, 106
Trd, 8638962.382, 95
Trd, 8638963.482, 103
Trd, 8638965.782, 112
Trd, 8638967.432, 102
Trd, 8638968.432, 119
Trd, 8638968.632, 102
Trd, 8638971.232, 113
Trd, 8638972.682, 114
Trd, 8638973.732, 114
Trd, 8638973.882, 113
Trd, 8638975.182, 109
Trd, 8638978.882, 104
Trd, 8638980.782, 115
Trd, 8638981.432, 113
Trd, 8638981.732, 118
Trd, 8638982.182, 119
Trd, 8638982.982, 111
Trd, 8638986.632, 100
Trd, 8638987.332, 109
Trd, 8638987.982, 100
Trd, 8638989.682, 108
Trd, 8638990.232, 98
Trd, 8638992.732, 99
Trd, 8638994.032, 95
Trd, 8638995.032, 98
Trd, 8638996.432, 98
Trd, 8638996.882, 95
Trd, 8638997.832, 106
Trd, 8639001.982, 102
Trd, 8639002.482, 114
Trd, 8639002.532, 115
Trd, 8639003.482, 113
Trd, 8639006.032, 98
Trd, 8639007.182, 112
Trd, 8639012.332, 105
Trd, 8639012.882, 103
Trd, 8639012.982, 106
Trd, 8639014.832, 108
Trd, 8639015.432, 109
Trd, 8639015.682, 119
Trd, 8639018.782, 113
Trd, 8639020.832, 102
Trd, 8639021.882, 102
Trd, 8639022.182, 104
Trd, 8639024.582, 97
Trd, 8639025.732, 95
Trd, 8639025.982, 86
Trd, 8639026.332, 118
Trd, 8639027.632, 89
Trd, 8639029.182, 103
Trd, 8639030.232, 90
Trd, 8639031.282, 97
Trd, 8639031.482, 107
Trd, 8639034.382, 101
Trd, 8639036.532, 105
Trd, 8639039.432, 105
Trd, 8639039.832, 107
Trd, 8639041.782, 110
Trd, 8639043.382, 114
Trd, 8639044.132, 114
Trd, 8639045.782, 113
Trd, 8639047.432, 103
Trd, 8639047.782, 111
Trd, 8639049.532, 111
Trd, 8639050.982, 111
Trd, 8639052.382, 114
Trd, 8639055.082, 118
Trd, 8639057.482, 98
Trd, 8639057.532, 106
Trd, 8639059.982, 105
Trd, 8639062.582, 102
Trd, 8639063.632, 88
Trd, 8639065.982, 89
Trd, 8639066.532, 100
Trd, 8639066.882, 99
Trd, 8639068.182, 97
Trd, 8639069.032, 104
Trd, 8639070.182, 122
Trd, 8639072.882, 110
Trd, 8639072.982, 110
Trd, 8639074.082, 108
Trd, 8639074.932, 108
Trd, 8639075.882, 112
Trd, 8639077.732, 99
Trd, 8639079.082, 104
Trd, 8639079.132, 114
Trd, 8639079.782, 119
Trd, 8639082.082, 86
Trd, 8639082.782, 112
Trd, 8639084.582, 103
Trd, 8639085.232, 104
Trd, 8639087.232, 100
Trd, 8639087.382, 95
Trd, 8639088.882, 100
Trd, 8639089.132, 117
Trd, 8639090.382, 92
Trd, 8639091.682, 111
Trd, 8639094.182, 96
Trd, 8639094.282, 104
Trd, 8639094.582, 111
Trd, 8639096.332, 111
Trd, 8639100.132, 103
Trd, 8639100.282, 111
Trd, 8639102.232, 120
Trd, 8639104.582, 101
Trd, 8639105.732, 111
Trd, 8639107.632, 95
Trd, 8639108.832, 103
Trd, 8639110.782, 104
Trd, 8639111.532, 105
Trd, 8639111.882, 99
Trd, 8639112.832, 105
Trd, 8639113.432, 113
Trd, 8639115.882, 99
Trd, 8639118.382, 107
Trd, 8639121.632, 99
Trd, 8639122.082, 97
Trd, 8639123.082, 97
Trd, 8639123.882, 95
Trd, 8639126.032, 95
Trd, 8639127.332, 105
Trd, 8639128.832, 102
Trd, 8639129.182, 95
Trd, 8639130.582, 91
Trd, 8639132.532, 105
Trd, 8639132.932, 109
Trd, 8639135.132, 103
Trd, 8639135.782, 101
Trd, 8639136.532, 87
Trd, 8639137.782, 114
Trd, 8639139.582, 115
Trd, 8639140.182, 113
Trd, 8639143.632, 97
Trd, 8639144.732, 96
Trd, 8639145.432, 104
Trd, 8639148.382, 113
Trd, 8639148.732, 105
Trd, 8639151.482, 103
Trd, 8639151.682, 107
Trd, 8639152.732, 102
Trd, 8639153.282, 94
Trd, 8639153.532, 102
Trd, 8639153.682, 108
Trd, 8639154.332, 113
Trd, 8639154.782, 95
Trd, 8639157.532, 113
Trd, 8639158.782, 114
Trd, 8639159.732, 114
Trd, 8639160.332, 113
Trd, 8639162.482, 107
Trd, 8639163.182, 106
Trd, 8639164.382, 109
Trd, 8639166.282, 113
Trd, 8639168.032, 121
Trd, 8639168.832, 96
Trd, 8639170.732, 104
Trd, 8639170.782, 94
Trd, 8639172.582, 118
Trd, 8639173.982, 113
Trd, 8639178.782, 102
Trd, 8639179.332, 115
Trd, 8639181.582, 102
Trd, 8639181.732, 98
Trd, 8639182.232, 94
Trd, 8639182.982, 104
Trd, 8639183.432, 103
Trd, 8639185.682, 109
Trd, 8639186.632, 94
Trd, 8639189.182, 112
Trd, 8639189.882, 118
Trd, 8639192.782, 98
Trd, 8639194.632, 93
Trd, 8639194.682, 92
Trd, 8639194.982, 113
Trd, 8639197.232, 111
Trd, 8639199.682, 106
Trd, 8639200.582, 122
Trd, 8639203.482, 101
Trd, 8639203.732, 103
Trd, 8639205.082, 104
Trd, 8639208.232, 100
Trd, 8639209.432, 106
Trd, 8639213.382, 97
Trd, 8639213.732, 101
Trd, 8639215.382, 95
Trd, 8639215.732, 104
Trd, 8639218.482, 88
Trd, 8639218.832, 109
Trd, 8639220.332, 103
Trd, 8639220.532, 104
Trd, 8639221.782, 94
Trd, 8639223.882, 101
Trd, 8639225.132, 109
Trd, 8639227.182, 107
Trd, 8639227.232, 99
Trd, 8639229.632, 104
Trd, 8639229.782, 98
Trd, 8639231.932, 97
Trd, 8639232.182, 104
Trd, 8639234.882, 110
Trd, 8639238.832, 107
Trd, 8639240.232, 100
Trd, 8639241.032, 104
Trd, 8639243.982, 111
Trd, 8639244.582, 104
Trd, 8639246.932, 106
Trd, 8639247.532, 109
Trd, 8639247.782, 109
Trd, 8639250.882, 98
Trd, 8639251.382, 114
Trd, 8639253.682, 113
Trd, 8639253.732, 111
Trd, 8639253.932, 119
Trd, 8639257.782, 96
Trd, 8639258.032, 100
Trd, 8639258.832, 102
Trd, 8639261.332, 95
Trd, 8639261.882, 112
Trd, 8639262.832, 117
Trd, 8639265.232, 112
Trd, 8639265.732, 107
Trd, 8639266.932, 110
Trd, 8639267.532, 111
Trd, 8639270.332, 95
Trd, 8639273.082, 110
Trd, 8639273.432, 113
Trd, 8639274.482, 112
Trd, 8639276.532, 112
Trd, 8639276.982, 112
Trd, 8639277.682, 111
Trd, 8639281.582, 105
Trd, 8639283.432, 96
Trd, 8639285.632, 102
Trd, 8639285.682, 95
Trd, 8639287.982, 105
Trd, 8639289.582, 92
Trd, 8639291.032, 102
Trd, 8639293.282, 86
Trd, 8639293.782, 95
Trd, 8639293.882, 115
Trd, 8639295.832, 103
Trd, 8639297.532, 95
Trd, 8639298.482, 104
Trd, 8639299.532, 104
Trd, 8639299.732, 110
Trd, 8639304.182, 111
Trd, 8639304.282, 91
Trd, 8639304.482, 101
Trd, 8639306.882, 94
Trd, 8639307.982, 100
Trd, 8639309.632, 113
Trd, 8639310.632, 95
Trd, 8639313.032, 103
Trd, 8639314.032, 107
Trd, 8639316.332, 108
Trd, 8639317.482, 117
Trd, 8639317.832, 95
Trd, 8639319.382, 113
Trd, 8639321.082, 113
Trd, 8639321.482, 116
Trd, 8639323.982, 113
Trd, 8639324.582, 119
Trd, 8639324.682, 112
Trd, 8639326.582, 97
Trd, 8639328.532, 104
Trd, 8639330.182, 92
Trd, 8639331.232, 95
Trd, 8639331.682, 99
Trd, 8639333.932, 114
Trd, 8639334.082, 113
Trd, 8639334.632, 100
Trd, 8639335.882, 112
Trd, 8639335.932, 108
Trd, 8639337.882, 112
Trd, 8639341.232, 114
Trd, 8639342.282, 107
Trd, 8639344.032, 109
Trd, 8639344.732, 104
Trd, 8639346.082, 99
Trd, 8639347.232, 114
Trd, 8639348.782, 113
Trd, 8639349.232, 113
Trd, 8639353.732, 111
Trd, 8639353.982, 113
Trd, 8639354.532, 99
Trd, 8639355.882, 95
Trd, 8639357.132, 113
Trd, 8639357.682, 103
Trd, 8639359.982, 113
Trd, 8639360.932, 99
Trd, 8639361.232, 95
Trd, 8639362.632, 112
Trd, 8639362.832, 114
Trd, 8639365.082, 112
Trd, 8639365.782, 113
Trd, 8639368.782, 97
Trd, 8639369.132, 93
Trd, 8639369.932, 86
Trd, 8639370.382, 87
Trd, 8639371.032, 106
Trd, 8639371.682, 113
Trd, 8639374.182, 98
Trd, 8639374.882, 100
Trd, 8639377.182, 102
Trd, 8639378.382, 98
Trd, 8639381.782, 104
Trd, 8639383.832, 98
Trd, 8639384.082, 113
Trd, 8639385.282, 102
Trd, 8639386.632, 106
Trd, 8639389.132, 104
Trd, 8639391.132, 103
Trd, 8639391.482, 98
Trd, 8639392.782, 102
Trd, 8639395.382, 105
Trd, 8639395.932, 94
Trd, 8639396.632, 105
Trd, 8639397.032, 100
Trd, 8639398.232, 100
Trd, 8639400.232, 97
Trd, 8639401.982, 95
Trd, 8639402.432, 105
Trd, 8639402.682, 113
Trd, 8639403.532, 110
Trd, 8639405.882, 95
Trd, 8639407.332, 100
Trd, 8639408.932, 96
Trd, 8639409.582, 104
Trd, 8639409.732, 105
Trd, 8639411.832, 114
Trd, 8639411.932, 113
Trd, 8639413.782, 113
Trd, 8639414.632, 119
Trd, 8639418.582, 104
Trd, 8639419.182, 106
Trd, 8639419.382, 91
Trd, 8639422.882, 105
Trd, 8639423.832, 116
Trd, 8639426.532, 112
Trd, 8639428.132, 96
Trd, 8639429.332, 104
Trd, 8639432.732, 113
Trd, 8639433.182, 113
Trd, 8639435.782, 97
Trd, 8639437.382, 102
Trd, 8639440.532, 108
Trd, 8639441.282, 101
Trd, 8639441.782, 116
Trd, 8639442.782, 101
Trd, 8639443.432, 105
Trd, 8639445.232, 86
Trd, 8639445.732, 103
Trd, 8639445.932, 106
Trd, 8639448.682, 88
Trd, 8639449.582, 122
Trd, 8639451.082, 97
Trd, 8639452.882, 102
Trd, 8639453.532, 103
Trd, 8639454.732, 95
Trd, 8639456.482, 95
Trd, 8639456.632, 100
Trd, 8639457.282, 95
Trd, 8639458.532, 103
Trd, 8639459.282, 96
Trd, 8639460.332, 114
Trd, 8639461.282, 105
Trd, 8639464.782, 95
Trd, 8639464.882, 107
Trd, 8639467.632, 98
Trd, 8639468.132, 94
Trd, 8639468.182, 102
Trd, 8639468.432, 116
Trd, 8639470.232, 89
Trd, 8639470.782, 101
Trd, 8639472.882, 102
Trd, 8639474.682, 98
Trd, 8639476.982, 101
Trd, 8639477.532, 106
Trd, 8639478.982, 123
Trd, 8639479.632, 121
Trd, 8639481.782, 113
Trd, 8639481.882, 115
Trd, 8639482.682, 112
Trd, 8639483.132, 95
Trd, 8639486.032, 90
Trd, 8639487.482, 108
Trd, 8639488.132, 106
Trd, 8639491.832, 97
Trd, 8639492.182, 95
Trd, 8639494.582, 89
Trd, 8639494.982, 91
Trd, 8639495.482, 114
Trd, 8639497.332, 101
Trd, 8639497.832, 95
Trd, 8639498.032, 96
Trd, 8639500.632, 96
Trd, 8639502.982, 101
Trd, 8639503.332, 107
Trd, 8639503.832, 98
Trd, 8639505.882, 102
Trd, 8639506.232, 106
Trd, 8639507.632, 99
Trd, 8639508.532, 105
Trd, 8639509.582, 106
Trd, 8639510.682, 113
Trd, 8639512.432, 113
Trd, 8639513.582, 114
Trd, 8639513.932, 100
Trd, 8639514.432, 96
Trd, 8639516.532, 97
Trd, 8639518.782, 106
Trd, 8639520.082, 97
Trd, 8639520.582, 95
Trd, 8639523.032, 112
Trd, 8639526.432, 113
Trd, 8639526.732, 112
Trd, 8639527.182, 112
Trd, 8639529.782, 111
Trd, 8639530.632, 105
Trd, 8639532.382, 95
Trd, 8639532.482, 96
Trd, 8639535.282, 96
Trd, 8639536.232, 105
Trd, 8639536.732, 107
Trd, 8639538.332, 94
Trd, 8639541.582, 96
Trd, 8639541.932, 97
Trd, 8639542.182, 90
Trd, 8639543.132, 108
Trd, 8639543.632, 93
Trd, 8639544.432, 98
Trd, 8639544.532, 100
Trd, 8639547.332, 117
Trd, 8639548.032, 113
Trd, 8639549.632, 97
Trd, 8639550.032, 98
Trd, 8639552.432, 100
Trd, 8639553.682, 103
Trd, 8639554.332, 102
Trd, 8639555.632, 92
Trd, 8639557.082, 102
Trd, 8639557.782, 110
Trd, 8639559.732, 122
Trd, 8639563.832, 100
Trd, 8639564.882, 105
Trd, 8639565.332, 94
Trd, 8639565.882, 103
Trd, 8639567.832, 99
Trd, 8639567.932, 102
Trd, 8639568.732, 95
Trd, 8639569.582, 106
Trd, 8639570.582, 115
Trd, 8639573.632, 102
Trd, 8639575.782, 115
Trd, 8639575.832, 118
Trd, 8639576.782, 112
Trd, 8639578.982, 99
Trd, 8639579.732, 100
Trd, 8639580.632, 101
Trd, 8639581.982, 96
Trd, 8639583.032, 95
Trd, 8639583.182, 96
Trd, 8639583.832, 104
Trd, 8639587.932, 100
Trd, 8639588.982, 107
Trd, 8639590.582, 103
Trd, 8639590.732, 106
Trd, 8639593.232, 96
Trd, 8639596.532, 103
Trd, 8639598.082, 104
Trd, 8639598.432, 102
Trd, 8639601.682, 99
Trd, 8639601.782, 108
Trd, 8639602.482, 86
Trd, 8639604.732, 113
Trd, 8639605.082, 98
Trd, 8639605.682, 105
Trd, 8639608.382, 106
Trd, 8639608.882, 96
Trd, 8639612.082, 103
Trd, 8639613.932, 107
Trd, 8639614.282, 110
Trd, 8639618.332, 106
Trd, 8639619.832, 110
Trd, 8639622.382, 110
Trd, 8639623.982, 109
Trd, 8639624.132, 97
Trd, 8639625.132, 107
Trd, 8639626.232, 96
Trd, 8639627.032, 87
Trd, 8639629.882, 98
Trd, 8639631.582, 109
Trd, 8639632.782, 104
Trd, 8639635.432, 107
Trd, 8639635.532, 107
Trd, 8639638.182, 103
Trd, 8639639.982, 95
Trd, 8639643.732, 90
Trd, 8639644.532, 105
Trd, 8639645.332, 97
Trd, 8639646.982, 101
Trd, 8639647.282, 103
Trd, 8639647.932, 96
Trd, 8639648.432, 111
Trd, 8639648.732, 93
Trd, 8639651.532, 113
Trd, 8639652.682, 113
Trd, 8639654.332, 99
Trd, 8639655.182, 101
Trd, 8639655.532, 86
Trd, 8639657.232, 88
Trd, 8639658.332, 104
Trd, 8639659.082, 95
Trd, 8639660.832, 111
Trd, 8639661.632, 86
Trd, 8639662.382, 103
Trd, 8639664.032, 104
Trd, 8639667.832, 104
Trd, 8639668.632, 107
Trd, 8639668.832, 113
Trd, 8639668.932, 99
Trd, 8639669.232, 113
Trd, 8639671.282, 112
Trd, 8639674.032, 103
Trd, 8639674.782, 103
Trd, 8639675.482, 104
Trd, 8639676.782, 104
Trd, 8639678.232, 97
Trd, 8639678.682, 108
Trd, 8639679.132, 113
Trd, 8639679.482, 114
Trd, 8639685.032, 104
Trd, 8639686.882, 112
Trd, 8639687.582, 118
Trd, 8639688.282, 119
Trd, 8639688.982, 103
Trd, 8639689.432, 104
Trd, 8639693.482, 98
Trd, 8639694.082, 110
Trd, 8639694.482, 112
Trd, 8639694.532, 95
Trd, 8639696.832, 101
Trd, 8639699.482, 100
Trd, 8639701.682, 111
Trd, 8639702.782, 98
Trd, 8639702.882, 111
Trd, 8639703.732, 105
Trd, 8639705.282, 90
Trd, 8639705.382, 91
Trd, 8639709.132, 107
Trd, 8639710.932, 101
Trd, 8639711.332, 103
Trd, 8639713.582, 115
Trd, 8639714.082, 113
Trd, 8639714.332, 114
Trd, 8639717.082, 102
Trd, 8639718.032, 97
Trd, 8639718.482, 104
Trd, 8639718.882, 93
Trd, 8639720.032, 104
Trd, 8639720.432, 87
Trd, 8639721.332, 109
Trd, 8639724.132, 117
Trd, 8639724.282, 113
Trd, 8639725.832, 95
Trd, 8639727.732, 122
Trd, 8639728.482, 114
Trd, 8639729.682, 112
Trd, 8639730.482, 101
Trd, 8639731.782, 108
Trd, 8639732.332, 122
Trd, 8639733.032, 106
Trd, 8639734.782, 109
Trd, 8639737.032, 95
Trd, 8639737.782, 94
Trd, 8639737.932, 110
Trd, 8639740.782, 100
Trd, 8639741.582, 104
Trd, 8639741.732, 114
Trd, 8639742.332, 102
Trd, 8639745.982, 103
Trd, 8639747.382, 107
Trd, 8639748.682, 101
Trd, 8639749.382, 103
Trd, 8639751.782, 105
Trd, 8639752.932, 119
Trd, 8639752.982, 95
Trd, 8639753.732, 90
Trd, 8639755.782, 86
Trd, 8639757.282, 98
Trd, 8639759.582, 98
Trd, 8639760.982, 95
Trd, 8639761.132, 107
Trd, 8639762.982, 92
Trd, 8639763.482, 86
Trd, 8639765.782, 102
Trd, 8639766.032, 103
Trd, 8639767.582, 105
Trd, 8639768.432, 104
Trd, 8639772.932, 112
Trd, 8639773.182, 94
Trd, 8639774.432, 112
Trd, 8639774.982, 104
Trd, 8639778.882, 122
Trd, 8639779.082, 99
Trd, 8639780.382, 104
Trd, 8639784.032, 110
Trd, 8639784.232, 118
Trd, 8639784.782, 99
Trd, 8639785.782, 110
Trd, 8639786.332, 122
Trd, 8639788.232, 104
Trd, 8639790.032, 107
Trd, 8639790.982, 89
Trd, 8639791.132, 105
Trd, 8639794.182, 104
Trd, 8639794.782, 104
Trd, 8639796.082, 112
Trd, 8639796.332, 116
Trd, 8639798.282, 99
Trd, 8639800.232, 98
Trd, 8639801.532, 95
Trd, 8639801.982, 104
Trd, 8639802.282, 105
Trd, 8639803.082, 96
Trd, 8639804.032, 108
Trd, 8639806.532, 114
Trd, 8639807.282, 100
Trd, 8639809.282, 103
Trd, 8639809.932, 109
Trd, 8639810.482, 95
Trd, 8639811.682, 97
Trd, 8639814.882, 102
Trd, 8639816.232, 97
Trd, 8639817.132, 103
Trd, 8639819.582, 121
Trd, 8639821.882, 103
Trd, 8639822.032, 95
Trd, 8639822.732, 120
Trd, 8639823.282, 109
Trd, 8639825.132, 105
Trd, 8639825.282, 105
Trd, 8639828.432, 99
Trd, 8639829.082, 95
Trd, 8639830.382, 103
Trd, 8639831.382, 113
Trd, 8639832.432, 102
Trd, 8639833.982, 107
Trd, 8639834.482, 98
Trd, 8639836.282, 104
Trd, 8639837.182, 105
Trd, 8639838.782, 94
Trd, 8639841.282, 95
Trd, 8639841.682, 100
Trd, 8639842.432, 100
Trd, 8639843.682, 104
Trd, 8639843.782, 105
Trd, 8639844.732, 91
Trd, 8639849.132, 95
Trd, 8639851.782, 97
Trd, 8639853.332, 103
Trd, 8639854.832, 104
Trd, 8639855.532, 92
Trd, 8639856.782, 110
Trd, 8639858.632, 113
Trd, 8639859.182, 96
Trd, 8639861.082, 92
Trd, 8639862.182, 108
Trd, 8639863.332, 109
Trd, 8639865.232, 95
Trd, 8639867.182, 101
Trd, 8639868.532, 102
Trd, 8639868.882, 106
Trd, 8639871.682, 111
Trd, 8639873.032, 98
Trd, 8639874.432, 95
Trd, 8639874.482, 105
Trd, 8639877.032, 105
Trd, 8639878.982, 90
Trd, 8639881.982, 96
Trd, 8639883.682, 98
Trd, 8639885.282, 98
Trd, 8639886.032, 96
Trd, 8639886.432, 107
Trd, 8639887.382, 113
Trd, 8639889.282, 102
Trd, 8639891.532, 111
Trd, 8639891.932, 111
Trd, 8639894.082, 107
Trd, 8639895.532, 108
Trd, 8639896.182, 96
Trd, 8639896.332, 95
Trd, 8639898.632, 105
Trd, 8639899.182, 105
Trd, 8639902.682, 116
Trd, 8639903.732, 113
Trd, 8639904.782, 112
Trd, 8639905.582, 99
Trd, 8639906.332, 95
Trd, 8639907.282, 112
Trd, 8639907.432, 113
Trd, 8639909.582, 105
Trd, 8639910.532, 104
Trd, 8639911.582, 95
Trd, 8639911.732, 96
Trd, 8639912.982, 114
Trd, 8639914.232, 105
Trd, 8639914.832, 86
Trd, 8639915.632, 113
Trd, 8639916.332, 113
Trd, 8639916.732, 112
Trd, 8639918.832, 111
Trd, 8639919.382, 99
Trd, 8639920.982, 107
Trd, 8639923.682, 101
Trd, 8639926.082, 98
Trd, 8639926.782, 97
Trd, 8639926.832, 106
Trd, 8639928.782, 88
Trd, 8639930.532, 116
Trd, 8639931.382, 113
Trd, 8639932.932, 116
Trd, 8639936.232, 107
Trd, 8639936.932, 105
Trd, 8639937.332, 112
Trd, 8639941.032, 98
Trd, 8639941.382, 101
Trd, 8639941.982, 102
Trd, 8639943.732, 97
Trd, 8639945.032, 95
Trd, 8639946.482, 95
Trd, 8639948.532, 106
Trd, 8639949.032, 105
Trd, 8639949.482, 107
Trd, 8639950.982, 88
Trd, 8639952.282, 93
Trd, 8639952.882, 97
Trd, 8639955.132, 107
Trd, 8639957.732, 103
Trd, 8639958.882, 106
Trd, 8639960.782, 94
Trd, 8639961.332, 107
Trd, 8639962.732, 121
Trd, 8639964.582, 113
Trd, 8639964.732, 93
Trd, 8639965.832, 113
Trd, 8639970.932, 103
Trd, 8639971.682, 108
Trd, 8639972.432, 95
Trd, 8639975.482, 106
Trd, 8639977.082, 109
Trd, 8639977.282, 118
Trd, 8639981.182, 101
Trd, 8639981.232, 99
Trd, 8639981.732, 102
Trd, 8639983.432, 105
Trd, 8639985.532, 121
Trd, 8639987.432, 97
Trd, 8639987.982, 118
Trd, 8639991.282, 97
Trd, 8639991.782, 109
Trd, 8639992.282, 122
Trd, 8639994.332, 112
Trd, 8639997.532, 102
Trd, 8639998.432, 110
Trd, 8639998.532, 101
Trd, 8639999.932, 94
