Trd, 8637875.182, 110
Trd, 8637875.332, 108
Trd, 8637876.482, 98
Trd, 8637878.832, 100
Trd, 8637880.532, 97
Trd, 8637883.482, 101
Trd, 8637884.432, 104
Trd, 8637886.582, 107
Trd, 8637887.332, 105
Trd, 8637891.732, 111
Trd, 8637892.382, 112
Trd, 8637893.232, 112
Trd, 8637893.982, 112
Trd, 8637894.932, 113
Trd, 8637897.032, 104
Trd, 8637897.782, 100
Trd, 8637900.382, 105
Trd, 8637901.082, 106
Trd, 8637902.282, 113
Trd, 8637904.682, 112
Trd, 8637904.782, 111
Trd, 8637906.632, 105
Trd, 8637907.232, 103
Trd, 8637907.732, 96
Trd, 8637909.032, 90
Trd, 8637909.382, 113
Trd, 8637911.732, 92
Trd, 8637912.732, 104
Trd, 8637912.782, 108
Trd, 8637915.032, 109
Trd, 8637916.282, 106
Trd, 8637917.182, 101
Trd, 8637920.432, 108
Trd, 8637921.682, 110
Trd, 8637922.582, 106
Trd, 8637924.632, 107
Trd, 8637924.932, 119
Trd, 8637925.432, 106
Trd, 8637927.482, 98
Trd, 8637927.832, 87
Trd, 8637930.632, 91
Trd, 8637930.832, 97
Trd, 8637931.832, 91
Trd, 8637932.632, 105
Trd, 8637934.332, 100
Trd, 8637934.982, 102
Trd, 8637935.032, 104
Trd, 8637938.582, 114
Trd, 8637938.782, 113
Trd, 8637939.232, 112
Trd, 8637941.232, 103
Trd, 8637943.282, 108
Trd, 8637947.082, 109
Trd, 8637947.882, 103
Trd, 8637949.582, 112
Trd, 8637949.682, 105
Trd, 8637951.282, 107
Trd, 8637953.682, 109
Trd, 8637953.982, 108
Trd, 8637954.432, 107
Trd, 8637955.932, 106
Trd, 8637955.982, 95
Trd, 8637956.532, 103
Trd, 8637959.832, 111
Trd, 8637960.432, 107
Trd, 8637960.682, 104
Trd, 8637962.632, 95
Trd, 8637966.432, 94
Trd, 8637966.482, 95
Trd, 8637967.332, 96
Trd, 8637969.182, 101
Trd, 8637969.682, 113
Trd, 8637970.082, 110
Trd, 8637973.782, 97
Trd, 8637975.232, 105
Trd, 8637975.432, 95
Trd, 8637976.382, 106
Trd, 8637977.032, 109
Trd, 8637978.032, 105
Trd, 8637982.082, 112
Trd, 8637982.432, 111
Trd, 8637984.582, 112
Trd, 8637985.432, 104
Trd, 8637986.232, 94
Trd, 8637989.782, 106
Trd, 8637990.182, 107
Trd, 8637990.282, 112
Trd, 8637990.382, 95
Trd, 8637993.182, 103
Trd, 8637994.632, 105
Trd, 8637996.132, 94
Trd, 8637998.482, 104
Trd, 8638001.332, 106
Trd, 8638002.432, 105
Trd, 8638003.782, 105
Trd, 8638003.832, 104
Trd, 8638004.832, 98
Trd, 8638007.682, 114
Trd, 8638008.682, 96
Trd, 8638009.282, 100
Trd, 8638010.782, 103
Trd, 8638011.032, 98
Trd, 8638012.232, 112
Trd, 8638013.582, 100
Trd, 8638013.932, 123
Trd, 8638018.332, 102
Trd, 8638018.382, 101
Trd, 8638019.132, 110
Trd, 8638019.582, 97
Trd, 8638020.032, 86
Trd, 8638020.632, 110
Trd, 8638022.782, 93
Trd, 8638023.382, 99
Trd, 8638026.632, 100
Trd, 8638027.532, 108
Trd, 8638029.832, 108
Trd, 8638030.182, 100
Trd, 8638031.732, 97
Trd, 8638034.032, 105
Trd, 8638034.932, 107
Trd, 8638035.682, 99
Trd, 8638038.132, 113
Trd, 8638038.932, 104
Trd, 8638039.282, 102
Trd, 8638042.332, 107
Trd, 8638044.232, 115
Trd, 8638044.582, 112
Trd, 8638047.832, 112
Trd, 8638050.032, 112
Trd, 8638050.282, 118
Trd, 8638051.332, 113
Trd, 8638051.832, 107
Trd, 8638052.632, 111
Trd, 8638055.432, 90
Trd, 8638057.232, 96
Trd, 8638057.432, 97
Trd, 8638059.032, 99
Trd, 8638059.732, 95
Trd, 8638062.582, 102
Trd, 8638063.432, 113
Trd, 8638065.482, 107
Trd, 8638068.132, 101
Trd, 8638068.732, 97
Trd, 8638069.332, 107
Trd, 8638072.482, 109
Trd, 8638073.632, 108
Trd, 8638075.632, 100
Trd, 8638076.082, 99
Trd, 8638078.832, 101
Trd, 8638078.932, 111
Trd, 8638079.782, 95
Trd, 8638083.282, 109
Trd, 8638084.482, 110
Trd, 8638085.482, 108
Trd, 8638088.232, 113
Trd, 8638091.282, 105
Trd, 8638093.182, 113
Trd, 8638093.882, 99
Trd, 8638096.282, 108
Trd, 8638098.682, 113
Trd, 8638101.532, 98
Trd, 8638102.032, 107
Trd, 8638102.932, 101
Trd, 8638104.132, 107
Trd, 8638105.232, 109
Trd, 8638106.132, 110
Trd, 8638107.732, 113
Trd, 8638110.982, 94
Trd, 8638111.232, 95
Trd, 8638112.432, 110
Trd, 8638117.132, 116
Trd, 8638117.332, 114
Trd, 8638117.732, 114
Trd, 8638118.232, 104
Trd, 8638119.582, 112
Trd, 8638120.982, 104
Trd, 8638123.382, 99
Trd, 8638126.282, 111
Trd, 8638126.732, 105
Trd, 8638126.932, 103
Trd, 8638128.682, 113
Trd, 8638129.582, 96
Trd, 8638130.982, 104
Trd, 8638133.082, 106
Trd, 8638134.532, 103
Trd, 8638136.232, 105
Trd, 8638138.082, 105
Trd, 8638139.532, 105
Trd, 8638140.382, 113
Trd, 8638141.132, 99
Trd, 8638143.832, 95
Trd, 8638144.032, 103
Trd, 8638145.032, 104
Trd, 8638147.082, 117
Trd, 8638148.782, 118
Trd, 8638149.782, 103
Trd, 8638151.282, 113
Trd, 8638152.232, 109
Trd, 8638153.632, 98
Trd, 8638153.832, 95
Trd, 8638157.132, 103
Trd, 8638157.932, 101
Trd, 8638158.532, 100
Trd, 8638159.332, 113
Trd, 8638160.682, 88
Trd, 8638161.382, 91
Trd, 8638163.932, 96
Trd, 8638168.282, 97
Trd, 8638169.632, 101
Trd, 8638171.732, 107
Trd, 8638171.932, 99
Trd, 8638172.432, 111
Trd, 8638174.232, 102
Trd, 8638176.632, 108
Trd, 8638178.282, 110
Trd, 8638179.282, 105
Trd, 8638181.532, 96
Trd, 8638182.182, 113
Trd, 8638184.432, 102
Trd, 8638185.182, 104
Trd, 8638187.582, 110
Trd, 8638188.482, 110
Trd, 8638188.982, 110
Trd, 8638191.132, 111
Trd, 8638192.282, 96
Trd, 8638194.032, 117
Trd, 8638195.632, 112
Trd, 8638197.832, 101
Trd, 8638198.032, 104
Trd, 8638200.232, 112
Trd, 8638202.032, 93
Trd, 8638202.232, 89
Trd, 8638203.182, 92
Trd, 8638204.132, 111
Trd, 8638205.382, 113
Trd, 8638208.232, 95
Trd, 8638209.532, 98
Trd, 8638209.982, 95
Trd, 8638210.032, 110
Trd, 8638210.182, 113
Trd, 8638211.432, 100
Trd, 8638214.832, 103
Trd, 8638217.382, 98
Trd, 8638218.232, 104
Trd, 8638219.882, 101
Trd, 8638222.082, 104
Trd, 8638222.232, 96
Trd, 8638222.482, 104
Trd, 8638225.532, 104
Trd, 8638227.482, 98
Trd, 8638228.332, 97
Trd, 8638229.882, 112
Trd, 8638230.882, 104
Trd, 8638235.132, 113
Trd, 8638236.532, 114
Trd, 8638237.782, 118
Trd, 8638238.482, 113
Trd, 8638238.832, 96
Trd, 8638239.632, 94
Trd, 8638241.732, 90
Trd, 8638243.732, 110
Trd, 8638244.832, 96
Trd, 8638248.032, 108
Trd, 8638248.082, 103
Trd, 8638249.832, 96
Trd, 8638250.132, 110
Trd, 8638251.182, 103
Trd, 8638255.332, 106
Trd, 8638257.382, 103
Trd, 8638258.432, 102
Trd, 8638260.132, 105
Trd, 8638262.582, 104
Trd, 8638263.132, 107
Trd, 8638263.682, 103
Trd, 8638267.182, 100
Trd, 8638267.482, 106
Trd, 8638268.582, 101
Trd, 8638269.882, 110
Trd, 8638273.282, 114
Trd, 8638273.632, 107
Trd, 8638273.682, 101
Trd, 8638275.482, 102
Trd, 8638275.632, 101
Trd, 8638275.882, 95
Trd, 8638278.532, 109
Trd, 8638280.082, 103
Trd, 8638282.082, 107
Trd, 8638282.232, 107
Trd, 8638284.432, 104
Trd, 8638288.932, 109
Trd, 8638289.732, 108
Trd, 8638292.532, 118
Trd, 8638292.932, 114
Trd, 8638294.782, 101
Trd, 8638295.032, 116
Trd, 8638296.882, 109
Trd, 8638297.082, 106
Trd, 8638298.182, 103
Trd, 8638299.832, 107
Trd, 8638301.782, 111
Trd, 8638303.232, 113
Trd, 8638303.782, 112
Trd, 8638303.982, 111
Trd, 8638305.882, 108
Trd, 8638306.982, 106
Trd, 8638309.882, 117
Trd, 8638310.782, 106
Trd, 8638311.732, 103
Trd, 8638313.882, 101
Trd, 8638314.482, 104
Trd, 8638315.732, 101
Trd, 8638317.182, 104
Trd, 8638318.982, 119
Trd, 8638321.432, 111
Trd, 8638321.982, 112
Trd, 8638323.682, 115
Trd, 8638324.382, 106
Trd, 8638325.332, 102
Trd, 8638327.432, 103
Trd, 8638328.782, 86
Trd, 8638329.532, 101
Trd, 8638330.482, 83
Trd, 8638332.682, 87
Trd, 8638333.032, 103
Trd, 8638334.182, 104
Trd, 8638336.232, 106
Trd, 8638336.532, 104
Trd, 8638339.082, 100
Trd, 8638340.382, 95
Trd, 8638340.682, 101
Trd, 8638341.582, 105
Trd, 8638343.932, 106
Trd, 8638345.632, 111
Trd, 8638346.132, 108
Trd, 8638347.632, 110
Trd, 8638347.932, 108
Trd, 8638349.532, 113
Trd, 8638350.782, 118
Trd, 8638352.282, 112
Trd, 8638353.632, 99
Trd, 8638353.782, 95
Trd, 8638357.632, 103
Trd, 8638358.082, 107
Trd, 8638358.932, 98
Trd, 8638359.982, 77
Trd, 8638360.232, 122
Trd, 8638362.632, 103
Trd, 8638362.782, 113
Trd, 8638363.532, 109
Trd, 8638365.282, 102
Trd, 8638366.432, 93
Trd, 8638367.632, 87
Trd, 8638369.932, 113
Trd, 8638370.282, 96
Trd, 8638371.282, 105
Trd, 8638371.732, 87
Trd, 8638374.982, 113
Trd, 8638375.282, 112
Trd, 8638376.782, 110
Trd, 8638377.482, 109
Trd, 8638377.932, 102
Trd, 8638381.382, 105
Trd, 8638382.582, 105
Trd, 8638383.632, 104
Trd, 8638385.532, 101
Trd, 8638386.882, 100
Trd, 8638387.432, 95
Trd, 8638388.082, 103
Trd, 8638389.932, 103
Trd, 8638390.682, 112
Trd, 8638392.382, 105
Trd, 8638392.532, 113
Trd, 8638395.182, 115
Trd, 8638395.332, 114
Trd, 8638395.382, 113
Trd, 8638399.982, 110
Trd, 8638400.082, 107
Trd, 8638400.732, 106
Trd, 8638401.282, 96
Trd, 8638401.482, 93
Trd, 8638403.332, 111
Trd, 8638405.032, 86
Trd, 8638406.582, 82
Trd, 8638407.182, 100
Trd, 8638407.582, 106
Trd, 8638411.032, 90
Trd, 8638411.282, 107
Trd, 8638412.332, 108
Trd, 8638413.132, 94
Trd, 8638413.732, 97
Trd, 8638416.032, 95
Trd, 8638416.132, 106
Trd, 8638417.982, 102
Trd, 8638419.182, 105
Trd, 8638419.932, 104
Trd, 8638419.982, 103
Trd, 8638420.082, 86
Trd, 8638422.532, 125
Trd, 8638424.282, 88
Trd, 8638425.982, 105
Trd, 8638426.782, 99
Trd, 8638427.582, 105
Trd, 8638428.432, 86
Trd, 8638430.332, 103
Trd, 8638431.982, 105
Trd, 8638432.582, 118
Trd, 8638433.632, 103
Trd, 8638435.032, 114
Trd, 8638437.432, 113
Trd, 8638437.982, 114
Trd, 8638438.182, 112
Trd, 8638440.132, 104
Trd, 8638443.932, 96
Trd, 8638446.582, 104
Trd, 8638447.982, 110
Trd, 8638448.982, 113
Trd, 8638452.482, 98
Trd, 8638453.982, 105
Trd, 8638455.182, 106
Trd, 8638455.382, 104
Trd, 8638458.382, 109
Trd, 8638458.882, 96
Trd, 8638459.382, 108
Trd, 8638462.082, 97
Trd, 8638462.332, 103
Trd, 8638463.682, 103
Trd, 8638463.832, 111
Trd, 8638467.182, 107
Trd, 8638467.282, 106
Trd, 8638467.732, 113
Trd, 8638467.882, 102
Trd, 8638468.882, 101
Trd, 8638471.882, 103
Trd, 8638472.832, 95
Trd, 8638474.532, 104
Trd, 8638475.532, 104
Trd, 8638475.982, 103
Trd, 8638476.282, 104
Trd, 8638477.382, 94
Trd, 8638481.232, 99
Trd, 8638481.482, 94
Trd, 8638482.982, 101
Trd, 8638483.132, 95
Trd, 8638484.932, 104
Trd, 8638485.632, 98
Trd, 8638487.682, 98
Trd, 8638488.832, 111
Trd, 8638490.482, 101
Trd, 8638491.332, 126
Trd, 8638492.482, 100
Trd, 8638492.782, 99
Trd, 8638494.332, 85
Trd, 8638495.382, 103
Trd, 8638496.882, 89
Trd, 8638497.232, 88
Trd, 8638500.532, 98
Trd, 8638502.682, 104
Trd, 8638503.882, 107
Trd, 8638505.382, 106
Trd, 8638508.032, 106
Trd, 8638508.632, 105
Trd, 8638509.032, 108
Trd, 8638509.482, 100
Trd, 8638511.732, 107
Trd, 8638515.132, 105
Trd, 8638517.032, 107
Trd, 8638520.482, 109
Trd, 8638520.732, 107
Trd, 8638523.832, 108
Trd, 8638526.132, 113
Trd, 8638527.232, 109
Trd, 8638527.632, 114
Trd, 8638527.982, 107
Trd, 8638528.032, 104
Trd, 8638532.632, 101
Trd, 8638534.382, 107
Trd, 8638536.282, 107
Trd, 8638536.482, 106
Trd, 8638539.982, 110
Trd, 8638540.082, 101
Trd, 8638540.432, 110
Trd, 8638543.332, 98
Trd, 8638546.382, 104
Trd, 8638546.882, 113
Trd, 8638549.982, 104
Trd, 8638550.282, 106
Trd, 8638550.332, 103
Trd, 8638550.582, 108
Trd, 8638552.832, 113
Trd, 8638553.832, 109
Trd, 8638554.382, 109
Trd, 8638555.232, 102
Trd, 8638556.082, 90
Trd, 8638559.282, 113
Trd, 8638559.732, 86
Trd, 8638561.982, 109
Trd, 8638562.232, 106
Trd, 8638563.182, 108
Trd, 8638563.582, 101
Trd, 8638565.882, 105
Trd, 8638565.932, 98
Trd, 8638570.282, 93
Trd, 8638571.032, 107
Trd, 8638572.532, 110
Trd, 8638573.082, 111
Trd, 8638574.732, 113
Trd, 8638578.182, 113
Trd, 8638578.282, 112
Trd, 8638578.482, 111
Trd, 8638581.332, 108
Trd, 8638581.632, 107
Trd, 8638582.782, 99
Trd, 8638584.232, 100
Trd, 8638585.082, 109
Trd, 8638585.982, 113
Trd, 8638587.732, 99
Trd, 8638590.032, 87
Trd, 8638592.332, 99
Trd, 8638592.482, 94
Trd, 8638594.032, 109
Trd, 8638594.982, 111
Trd, 8638598.232, 103
Trd, 8638600.832, 103
Trd, 8638602.082, 113
Trd, 8638602.232, 104
Trd, 8638602.382, 97
Trd, 8638602.832, 106
Trd, 8638604.882, 102
Trd, 8638605.332, 104
Trd, 8638606.782, 112
Trd, 8638607.082, 110
Trd, 8638607.782, 86
Trd, 8638608.232, 113
Trd, 8638610.682, 97
Trd, 8638611.732, 88
Trd, 8638612.632, 94
Trd, 8638612.982, 93
Trd, 8638613.132, 102
Trd, 8638617.182, 103
Trd, 8638617.732, 102
Trd, 8638617.932, 113
Trd, 8638619.882, 107
Trd, 8638620.982, 102
Trd, 8638622.382, 105
Trd, 8638622.882, 95
Trd, 8638627.182, 104
Trd, 8638628.382, 99
Trd, 8638629.832, 111
Trd, 8638630.132, 106
Trd, 8638631.732, 110
Trd, 8638632.532, 106
Trd, 8638633.932, 106
Trd, 8638637.332, 101
Trd, 8638638.332, 110
Trd, 8638639.182, 108
Trd, 8638640.282, 107
Trd, 8638640.382, 97
Trd, 8638642.682, 109
Trd, 8638643.632, 100
Trd, 8638646.832, 99
Trd, 8638647.082, 102
Trd, 8638649.032, 105
Trd, 8638649.832, 99
Trd, 8638650.682, 105
Trd, 8638651.682, 100
Trd, 8638653.032, 102
Trd, 8638654.182, 101
Trd, 8638655.282, 112
Trd, 8638655.482, 111
Trd, 8638655.632, 101
Trd, 8638656.132, 95
Trd, 8638658.982, 113
Trd, 8638660.232, 103
Trd, 8638661.832, 104
Trd, 8638663.832, 102
Trd, 8638664.182, 88
Trd, 8638664.982, 110
Trd, 8638666.732, 107
Trd, 8638669.432, 93
Trd, 8638670.032, 89
Trd, 8638670.782, 90
Trd, 8638671.982, 112
Trd, 8638672.532, 104
Trd, 8638677.532, 93
Trd, 8638679.332, 109
Trd, 8638679.882, 108
Trd, 8638680.882, 113
Trd, 8638684.432, 118
Trd, 8638684.782, 119
Trd, 8638686.682, 102
Trd, 8638688.032, 113
Trd, 8638688.282, 85
Trd, 8638688.582, 94
Trd, 8638689.732, 112
Trd, 8638691.582, 97
Trd, 8638694.882, 84
Trd, 8638696.982, 101
Trd, 8638698.782, 103
Trd, 8638700.182, 109
Trd, 8638702.832, 108
Trd, 8638703.582, 108
Trd, 8638704.532, 96
Trd, 8638708.682, 96
Trd, 8638709.082, 107
Trd, 8638709.132, 102
Trd, 8638712.932, 110
Trd, 8638715.582, 100
Trd, 8638715.682, 106
Trd, 8638715.882, 97
Trd, 8638716.582, 95
Trd, 8638719.482, 105
Trd, 8638720.082, 112
Trd, 8638723.532, 104
Trd, 8638723.732, 106
Trd, 8638724.082, 103
Trd, 8638726.832, 104
Trd, 8638726.932, 105
Trd, 8638728.232, 113
Trd, 8638729.382, 121
Trd, 8638731.432, 96
Trd, 8638731.732, 101
Trd, 8638733.082, 103
Trd, 8638733.282, 102
Trd, 8638734.632, 105
Trd, 8638735.632, 100
Trd, 8638737.232, 112
Trd, 8638739.482, 105
Trd, 8638741.382, 101
Trd, 8638742.032, 96
Trd, 8638742.582, 81
Trd, 8638744.282, 111
Trd, 8638745.532, 95
Trd, 8638746.382, 106
Trd, 8638748.082, 104
Trd, 8638751.582, 116
Trd, 8638752.132, 116
Trd, 8638752.532, 103
Trd, 8638754.082, 111
Trd, 8638755.082, 113
Trd, 8638755.582, 100
Trd, 8638755.932, 114
Trd, 8638759.432, 108
Trd, 8638760.332, 103
Trd, 8638760.682, 106
Trd, 8638760.782, 99
Trd, 8638761.632, 109
Trd, 8638763.882, 84
Trd, 8638764.182, 87
Trd, 8638764.732, 100
Trd, 8638764.982, 85
Trd, 8638765.682, 98
Trd, 8638768.132, 90
Trd, 8638769.332, 104
Trd, 8638770.682, 105
Trd, 8638772.482, 105
Trd, 8638774.082, 108
Trd, 8638776.332, 110
Trd, 8638777.982, 111
Trd, 8638779.332, 112
Trd, 8638780.332, 107
Trd, 8638783.082, 108
Trd, 8638784.582, 112
Trd, 8638785.482, 99
Trd, 8638786.682, 111
Trd, 8638788.232, 105
Trd, 8638793.232, 107
Trd, 8638794.132, 104
Trd, 8638796.382, 110
Trd, 8638796.882, 107
Trd, 8638799.482, 108
Trd, 8638800.682, 110
Trd, 8638801.582, 107
Trd, 8638802.082, 101
Trd, 8638802.532, 95
Trd, 8638803.732, 104
Trd, 8638806.332, 101
Trd, 8638807.782, 106
Trd, 8638809.682, 109
Trd, 8638811.682, 91
Trd, 8638812.082, 104
Trd, 8638812.132, 104
Trd, 8638813.382, 109
Trd, 8638813.982, 110
Trd, 8638814.982, 99
Trd, 8638815.232, 121
Trd, 8638816.932, 104
Trd, 8638818.232, 112
Trd, 8638819.332, 103
Trd, 8638824.132, 106
Trd, 8638825.132, 107
Trd, 8638825.282, 106
Trd, 8638825.332, 95
Trd, 8638825.682, 102
Trd, 8638826.782, 105
Trd, 8638831.332, 112
Trd, 8638832.082, 108
Trd, 8638833.182, 96
Trd, 8638833.832, 112
Trd, 8638836.532, 100
Trd, 8638836.882, 104
Trd, 8638838.332, 106
Trd, 8638840.632, 99
Trd, 8638843.132, 95
Trd, 8638843.232, 84
Trd, 8638845.132, 113
Trd, 8638846.132, 108
Trd, 8638848.782, 118
Trd, 8638849.182, 118
Trd, 8638849.632, 110
Trd, 8638850.632, 104
Trd, 8638854.882, 108
Trd, 8638855.032, 109
Trd, 8638856.682, 106
Trd, 8638857.682, 105
Trd, 8638857.882, 105
Trd, 8638857.982, 100
Trd, 8638859.182, 104
Trd, 8638860.182, 111
Trd, 8638861.882, 101
Trd, 8638863.032, 109
Trd, 8638865.032, 102
Trd, 8638865.582, 102
Trd, 8638867.582, 108
Trd, 8638869.432, 102
Trd, 8638870.482, 116
Trd, 8638872.532, 99
Trd, 8638874.482, 110
Trd, 8638875.232, 104
Trd, 8638875.782, 104
Trd, 8638875.832, 110
Trd, 8638877.182, 96
Trd, 8638877.832, 95
Trd, 8638879.232, 99
Trd, 8638881.832, 105
Trd, 8638882.332, 107
Trd, 8638884.932, 124
Trd, 8638885.582, 101
Trd, 8638887.732, 98
Trd, 8638889.282, 108
Trd, 8638889.732, 100
Trd, 8638890.932, 100
Trd, 8638892.082, 108
Trd, 8638892.782, 95
Trd, 8638893.182, 112
Trd, 8638895.432, 91
Trd, 8638895.932, 102
Trd, 8638898.082, 112
Trd, 8638898.882, 96
Trd, 8638899.082, 95
Trd, 8638899.982, 86
Trd, 8638901.982, 109
Trd, 8638902.682, 105
Trd, 8638904.482, 104
Trd, 8638905.832, 100
Trd, 8638906.732, 113
Trd, 8638907.582, 95
Trd, 8638909.882, 115
Trd, 8638913.882, 106
Trd, 8638914.882, 104
Trd, 8638915.332, 105
Trd, 8638917.032, 102
Trd, 8638917.582, 95
Trd, 8638918.982, 106
Trd, 8638919.982, 111
Trd, 8638920.282, 105
Trd, 8638921.182, 110
Trd, 8638924.882, 104
Trd, 8638925.482, 113
Trd, 8638925.782, 104
Trd, 8638926.132, 95
Trd, 8638926.682, 93
Trd, 8638927.532, 103
Trd, 8638928.732, 88
Trd, 8638930.932, 104
Trd, 8638931.332, 111
Trd, 8638932.082, 89
Trd, 8638933.732, 98
Trd, 8638933.882, 90
Trd, 8638937.432, 104
Trd, 8638938.532, 103
Trd, 8638939.332, 104
Trd, 8638941.332, 100
Trd, 8638942.082, 111
Trd, 8638943.732, 113
Trd, 8638945.432, 104
Trd, 8638945.782, 102
Trd, 8638945.982, 111
Trd, 8638948.532, 112
Trd, 8638949.832, 91
Trd, 8638950.682, 100
Trd, 8638951.182, 90
Trd, 8638953.432, 109
Trd, 8638956.382, 105
Trd, 8638957.882, 109
Trd, 8638958.782, 111
Trd, 8638960.282, 112
Trd, 8638960.482, 104
Trd, 8638963.282, 115
Trd, 8638964.932, 111
Trd, 8638965.182, 109
Trd, 8638965.532, 96
Trd, 8638966.532, 104
Trd, 8638970.982, 104
Trd, 8638971.082, 110
Trd, 8638971.582, 104
Trd, 8638972.132, 99
Trd, 8638972.482, 113
Trd, 8638974.782, 99
Trd, 8638975.632, 98
Trd, 8638976.382, 106
Trd, 8638976.532, 88
Trd, 8638977.382, 87
Trd, 8638978.132, 111
Trd, 8638982.032, 92
Trd, 8638983.232, 95
Trd, 8638983.382, 103
Trd, 8638983.432, 91
Trd, 8638987.582, 96
Trd, 8638988.032, 106
Trd, 8638989.532, 90
Trd, 8638994.982, 106
Trd, 8638995.282, 104
Trd, 8638995.332, 102
Trd, 8638997.182, 96
Trd, 8639000.632, 103
Trd, 8639000.832, 103
Trd, 8639002.332, 100
Trd, 8639002.732, 105
Trd, 8639005.282, 105
Trd, 8639005.782, 104
Trd, 8639006.982, 111
Trd, 8639008.032, 99
Trd, 8639008.382, 114
Trd, 8639011.532, 98
Trd, 8639012.032, 103
Trd, 8639016.182, 105
Trd, 8639016.232, 101
Trd, 8639016.982, 102
Trd, 8639018.182, 97
Trd, 8639019.282, 103
Trd, 8639022.332, 99
Trd, 8639023.332, 112
Trd, 8639024.632, 107
Trd, 8639024.732, 115
Trd, 8639025.532, 95
Trd, 8639027.982, 103
Trd, 8639029.082, 106
Trd, 8639029.382, 102
Trd, 8639031.432, 101
Trd, 8639032.582, 100
Trd, 8639032.932, 101
Trd, 8639034.732, 104
Trd, 8639038.982, 96
Trd, 8639040.032, 102
Trd, 8639042.132, 107
Trd, 8639042.432, 102
Trd, 8639044.782, 127
Trd, 8639045.082, 113
Trd, 8639047.732, 98
Trd, 8639047.982, 95
Trd, 8639048.482, 104
Trd, 8639050.782, 106
Trd, 8639054.582, 105
Trd, 8639055.382, 107
Trd, 8639055.682, 99
Trd, 8639056.782, 99
Trd, 8639057.432, 112
Trd, 8639059.832, 111
Trd, 8639062.782, 113
Trd, 8639062.982, 107
Trd, 8639063.282, 95
Trd, 8639064.482, 103
Trd, 8639064.932, 106
Trd, 8639065.032, 111
Trd, 8639066.882, 107
Trd, 8639069.632, 109
Trd, 8639071.282, 115
Trd, 8639072.482, 114
Trd, 8639073.232, 104
Trd, 8639073.282, 123
Trd, 8639074.632, 108
Trd, 8639077.532, 97
Trd, 8639079.332, 112
Trd, 8639079.682, 111
Trd, 8639080.382, 95
Trd, 8639081.482, 87
Trd, 8639083.232, 103
Trd, 8639086.032, 111
Trd, 8639086.382, 113
Trd, 8639088.882, 106
Trd, 8639088.932, 98
Trd, 8639089.382, 101
Trd, 8639089.832, 95
Trd, 8639090.782, 103
Trd, 8639093.732, 100
Trd, 8639096.032, 91
Trd, 8639096.182, 86
Trd, 8639099.082, 91
Trd, 8639099.482, 106
Trd, 8639101.582, 104
Trd, 8639102.282, 105
Trd, 8639103.332, 104
Trd, 8639104.832, 111
Trd, 8639105.082, 104
Trd, 8639106.432, 112
Trd, 8639106.732, 101
Trd, 8639109.382, 112
Trd, 8639114.132, 105
Trd, 8639114.332, 109
Trd, 8639114.632, 104
Trd, 8639115.682, 111
Trd, 8639116.832, 88
Trd, 8639120.832, 102
Trd, 8639122.082, 98
Trd, 8639123.532, 95
Trd, 8639124.082, 102
Trd, 8639124.982, 98
Trd, 8639127.182, 108
Trd, 8639127.832, 99
Trd, 8639129.982, 91
Trd, 8639132.182, 104
Trd, 8639133.282, 109
Trd, 8639136.432, 98
Trd, 8639136.682, 94
Trd, 8639137.532, 98
Trd, 8639138.882, 93
Trd, 8639139.132, 102
Trd, 8639141.432, 101
Trd, 8639143.482, 99
Trd, 8639144.382, 103
Trd, 8639145.632, 105
Trd, 8639146.632, 112
Trd, 8639147.632, 102
Trd, 8639148.932, 100
Trd, 8639149.482, 104
Trd, 8639150.732, 105
Trd, 8639150.982, 103
Trd, 8639151.882, 113
Trd, 8639154.532, 108
Trd, 8639156.082, 107
Trd, 8639157.282, 109
Trd, 8639157.732, 110
Trd, 8639160.132, 101
Trd, 8639161.032, 100
Trd, 8639161.682, 104
Trd, 8639165.782, 92
Trd, 8639168.082, 101
Trd, 8639168.832, 104
Trd, 8639169.482, 113
Trd, 8639170.232, 84
Trd, 8639172.332, 89
Trd, 8639172.682, 90
Trd, 8639174.582, 99
Trd, 8639175.032, 91
Trd, 8639177.682, 93
Trd, 8639178.832, 107
Trd, 8639179.632, 112
Trd, 8639182.382, 101
Trd, 8639183.632, 110
Trd, 8639186.482, 108
Trd, 8639188.082, 106
Trd, 8639188.632, 108
Trd, 8639190.732, 102
Trd, 8639191.282, 102
Trd, 8639191.882, 101
Trd, 8639192.682, 109
Trd, 8639193.182, 102
Trd, 8639193.832, 77
Trd, 8639196.932, 111
Trd, 8639197.232, 110
Trd, 8639197.332, 109
Trd, 8639198.782, 95
Trd, 8639199.532, 111
Trd, 8639202.582, 113
Trd, 8639203.982, 111
Trd, 8639204.532, 111
Trd, 8639204.932, 99
Trd, 8639205.282, 98
Trd, 8639205.782, 109
Trd, 8639205.982, 95
Trd, 8639211.782, 114
Trd, 8639213.332, 113
Trd, 8639213.732, 105
Trd, 8639214.132, 105
Trd, 8639216.782, 103
Trd, 8639219.332, 105
Trd, 8639220.432, 96
Trd, 8639221.082, 109
Trd, 8639221.432, 99
Trd, 8639222.332, 113
Trd, 8639223.332, 104
Trd, 8639226.032, 100
Trd, 8639226.682, 96
Trd, 8639226.982, 104
Trd, 8639232.232, 105
Trd, 8639232.732, 99
Trd, 8639233.082, 97
Trd, 8639234.332, 100
Trd, 8639234.882, 113
Trd, 8639236.382, 98
Trd, 8639237.132, 105
Trd, 8639238.132, 86
Trd, 8639239.982, 93
Trd, 8639241.032, 83
Trd, 8639243.232, 104
Trd, 8639244.332, 104
Trd, 8639247.732, 107
Trd, 8639248.032, 103
Trd, 8639249.532, 112
Trd, 8639249.932, 113
Trd, 8639250.132, 124
Trd, 8639251.932, 104
Trd, 8639252.682, 103
Trd, 8639252.732, 108
Trd, 8639253.382, 95
Trd, 8639255.882, 89
Trd, 8639256.682, 105
Trd, 8639257.632, 94
Trd, 8639259.582, 103
Trd, 8639261.032, 96
Trd, 8639262.382, 104
Trd, 8639263.582, 102
Trd, 8639265.032, 103
Trd, 8639265.582, 113
Trd, 8639266.632, 105
Trd, 8639266.832, 104
Trd, 8639267.032, 110
Trd, 8639268.082, 122
Trd, 8639271.082, 105
Trd, 8639273.932, 107
Trd, 8639274.182, 96
Trd, 8639274.632, 95
Trd, 8639275.582, 88
Trd, 8639277.632, 100
Trd, 8639279.732, 111
Trd, 8639279.782, 100
Trd, 8639281.782, 95
Trd, 8639282.332, 108
Trd, 8639283.732, 104
Trd, 8639284.482, 102
Trd, 8639285.482, 103
Trd, 8639287.632, 116
Trd, 8639289.082, 104
Trd, 8639289.882, 101
Trd, 8639289.932, 103
Trd, 8639291.832, 105
Trd, 8639294.232, 105
Trd, 8639295.682, 104
Trd, 8639296.582, 103
Trd, 8639296.632, 99
Trd, 8639298.432, 110
Trd, 8639298.682, 105
Trd, 8639301.132, 104
Trd, 8639302.882, 104
Trd, 8639304.982, 101
Trd, 8639306.032, 103
Trd, 8639306.832, 105
Trd, 8639308.882, 125
Trd, 8639310.132, 109
Trd, 8639312.932, 115
Trd, 8639313.082, 114
Trd, 8639314.432, 109
Trd, 8639317.282, 109
Trd, 8639317.482, 105
Trd, 8639319.032, 113
Trd, 8639320.882, 94
Trd, 8639322.282, 109
Trd, 8639324.532, 111
Trd, 8639324.932, 95
Trd, 8639325.632, 105
Trd, 8639329.132, 105
Trd, 8639329.882, 100
Trd, 8639331.332, 99
Trd, 8639332.182, 101
Trd, 8639334.232, 103
Trd, 8639335.182, 104
Trd, 8639335.482, 103
Trd, 8639338.332, 105
Trd, 8639339.232, 113
Trd, 8639342.332, 114
Trd, 8639343.482, 113
Trd, 8639344.732, 109
Trd, 8639345.132, 107
Trd, 8639348.032, 113
Trd, 8639349.232, 102
Trd, 8639349.332, 95
Trd, 8639350.682, 86
Trd, 8639350.832, 104
Trd, 8639351.882, 101
Trd, 8639354.882, 100
Trd, 8639357.082, 96
Trd, 8639357.582, 105
Trd, 8639360.182, 110
Trd, 8639360.732, 110
Trd, 8639361.732, 99
Trd, 8639361.782, 95
Trd, 8639362.182, 113
Trd, 8639362.732, 86
Trd, 8639367.182, 102
Trd, 8639368.382, 103
Trd, 8639368.682, 100
Trd, 8639368.782, 123
Trd, 8639370.732, 97
Trd, 8639372.282, 84
Trd, 8639374.932, 101
Trd, 8639375.182, 94
Trd, 8639376.332, 82
Trd, 8639378.732, 104
Trd, 8639379.882, 90
Trd, 8639380.482, 94
Trd, 8639385.632, 104
Trd, 8639388.032, 109
Trd, 8639388.132, 106
Trd, 8639390.432, 100
Trd, 8639391.132, 106
Trd, 8639391.532, 103
Trd, 8639394.182, 106
Trd, 8639394.532, 106
Trd, 8639394.932, 105
Trd, 8639397.682, 105
Trd, 8639397.882, 95
Trd, 8639399.132, 104
Trd, 8639400.232, 100
Trd, 8639401.182, 109
Trd, 8639404.482, 100
Trd, 8639404.782, 96
Trd, 8639410.082, 104
Trd, 8639410.532, 107
Trd, 8639411.632, 106
Trd, 8639411.932, 104
Trd, 8639412.432, 99
Trd, 8639414.732, 111
Trd, 8639415.932, 107
Trd, 8639417.582, 108
Trd, 8639418.482, 113
Trd, 8639419.032, 100
Trd, 8639419.132, 107
Trd, 8639419.932, 98
Trd, 8639421.682, 96
Trd, 8639423.032, 86
Trd, 8639423.882, 92
Trd, 8639426.932, 96
Trd, 8639427.332, 95
Trd, 8639428.982, 107
Trd, 8639429.932, 107
Trd, 8639431.282, 112
Trd, 8639432.982, 106
Trd, 8639433.482, 113
Trd, 8639433.532, 102
Trd, 8639437.282, 111
Trd, 8639437.732, 107
Trd, 8639438.932, 104
Trd, 8639439.782, 100
Trd, 8639440.332, 97
Trd, 8639442.082, 111
Trd, 8639442.882, 113
Trd, 8639444.582, 97
Trd, 8639445.832, 104
Trd, 8639447.282, 109
Trd, 8639447.732, 112
Trd, 8639449.882, 107
Trd, 8639451.532, 100
Trd, 8639454.282, 104
Trd, 8639454.732, 102
Trd, 8639455.432, 110
Trd, 8639456.582, 110
Trd, 8639457.232, 108
Trd, 8639459.232, 113
Trd, 8639459.932, 115
Trd, 8639460.832, 112
Trd, 8639460.982, 102
Trd, 8639461.282, 97
Trd, 8639463.882, 109
Trd, 8639464.182, 102
Trd, 8639464.382, 96
Trd, 8639464.782, 95
Trd, 8639467.082, 101
Trd, 8639471.632, 106
Trd, 8639471.782, 104
Trd, 8639474.382, 90
Trd, 8639474.932, 90
Trd, 8639477.232, 93
Trd, 8639477.932, 95
Trd, 8639480.032, 116
Trd, 8639480.232, 101
Trd, 8639483.532, 96
Trd, 8639484.182, 104
Trd, 8639487.932, 111
Trd, 8639488.782, 103
Trd, 8639489.282, 105
Trd, 8639489.482, 95
Trd, 8639490.532, 114
Trd, 8639492.982, 108
Trd, 8639493.232, 113
Trd, 8639495.232, 109
Trd, 8639496.332, 110
Trd, 8639497.932, 103
Trd, 8639500.482, 102
Trd, 8639503.882, 107
Trd, 8639504.432, 110
Trd, 8639505.582, 113
Trd, 8639506.032, 109
Trd, 8639507.182, 95
Trd, 8639508.832, 109
Trd, 8639509.782, 112
Trd, 8639511.382, 105
Trd, 8639511.782, 95
Trd, 8639512.432, 107
Trd, 8639513.382, 99
Trd, 8639516.532, 109
Trd, 8639517.582, 108
Trd, 8639518.032, 103
Trd, 8639519.982, 109
Trd, 8639523.332, 103
Trd, 8639524.882, 113
Trd, 8639526.232, 108
Trd, 8639527.432, 107
Trd, 8639527.732, 106
Trd, 8639529.482, 101
Trd, 8639532.382, 108
Trd, 8639533.332, 107
Trd, 8639533.982, 108
Trd, 8639535.182, 107
Trd, 8639536.182, 96
Trd, 8639537.582, 112
Trd, 8639538.582, 109
Trd, 8639538.732, 95
Trd, 8639540.532, 109
Trd, 8639540.932, 113
Trd, 8639544.182, 111
Trd, 8639544.232, 110
Trd, 8639544.282, 108
Trd, 8639546.432, 103
Trd, 8639547.432, 96
Trd, 8639549.782, 111
Trd, 8639551.482, 96
Trd, 8639552.632, 112
Trd, 8639553.932, 96
Trd, 8639554.132, 77
Trd, 8639555.232, 96
Trd, 8639557.532, 110
Trd, 8639558.182, 95
Trd, 8639559.532, 100
Trd, 8639561.832, 88
Trd, 8639562.332, 112
Trd, 8639564.982, 108
Trd, 8639567.532, 96
Trd, 8639568.832, 104
Trd, 8639571.532, 99
Trd, 8639573.082, 107
Trd, 8639574.382, 126
Trd, 8639576.282, 103
Trd, 8639579.132, 109
Trd, 8639579.882, 109
Trd, 8639580.882, 110
Trd, 8639582.182, 111
Trd, 8639583.732, 103
Trd, 8639585.082, 98
Trd, 8639586.182, 111
Trd, 8639586.232, 122
Trd, 8639586.332, 109
Trd, 8639588.632, 105
Trd, 8639591.032, 103
Trd, 8639591.932, 106
Trd, 8639593.332, 106
Trd, 8639595.382, 103
Trd, 8639597.332, 97
Trd, 8639600.332, 102
Trd, 8639600.932, 103
Trd, 8639601.282, 104
Trd, 8639602.182, 100
Trd, 8639604.582, 112
Trd, 8639604.882, 111
Trd, 8639607.132, 113
Trd, 8639608.382, 112
Trd, 8639610.082, 103
Trd, 8639610.432, 99
Trd, 8639610.882, 111
Trd, 8639611.632, 95
Trd, 8639615.282, 101
Trd, 8639616.132, 106
Trd, 8639617.332, 91
Trd, 8639622.032, 96
Trd, 8639622.182, 102
Trd, 8639622.782, 105
Trd, 8639623.782, 105
Trd, 8639623.932, 100
Trd, 8639624.632, 111
Trd, 8639625.532, 95
Trd, 8639625.582, 113
Trd, 8639628.282, 86
Trd, 8639629.182, 102
Trd, 8639630.582, 108
Trd, 8639633.382, 107
Trd, 8639634.082, 114
Trd, 8639635.082, 105
Trd, 8639635.832, 100
Trd, 8639637.282, 115
Trd, 8639637.682, 108
Trd, 8639638.182, 111
Trd, 8639641.532, 108
Trd, 8639642.782, 109
Trd, 8639643.532, 106
Trd, 8639644.732, 99
Trd, 8639646.282, 105
Trd, 8639647.782, 105
Trd, 8639648.082, 99
Trd, 8639651.282, 99
Trd, 8639651.832, 97
Trd, 8639651.882, 109
Trd, 8639653.382, 107
Trd, 8639653.532, 99
Trd, 8639656.232, 99
Trd, 8639656.982, 113
Trd, 8639657.082, 112
Trd, 8639658.632, 114
Trd, 8639660.732, 99
Trd, 8639662.382, 99
Trd, 8639663.132, 102
Trd, 8639663.482, 98
Trd, 8639664.282, 102
Trd, 8639664.382, 95
Trd, 8639667.482, 106
Trd, 8639668.532, 106
Trd, 8639669.632, 113
Trd, 8639669.882, 112
Trd, 8639670.632, 110
Trd, 8639674.332, 110
Trd, 8639675.082, 97
Trd, 8639677.232, 98
Trd, 8639678.082, 113
Trd, 8639679.182, 111
Trd, 8639679.432, 96
Trd, 8639682.132, 111
Trd, 8639682.182, 98
Trd, 8639684.482, 93
Trd, 8639684.782, 95
Trd, 8639687.632, 97
Trd, 8639687.832, 109
Trd, 8639687.982, 82
Trd, 8639691.182, 117
Trd, 8639691.432, 105
Trd, 8639691.782, 100
Trd, 8639694.182, 112
Trd, 8639694.782, 119
Trd, 8639697.532, 104
Trd, 8639699.232, 104
Trd, 8639699.382, 91
Trd, 8639700.182, 90
Trd, 8639701.132, 107
Trd, 8639702.632, 99
Trd, 8639707.032, 113
Trd, 8639707.232, 112
Trd, 8639707.832, 112
Trd, 8639710.232, 117
Trd, 8639711.832, 114
Trd, 8639713.232, 103
Trd, 8639715.832, 102
Trd, 8639715.982, 105
Trd, 8639718.582, 110
Trd, 8639719.882, 96
Trd, 8639720.282, 95
Trd, 8639723.632, 105
Trd, 8639724.482, 109
Trd, 8639725.282, 96
Trd, 8639725.782, 97
Trd, 8639726.082, 112
Trd, 8639728.532, 91
Trd, 8639728.832, 89
Trd, 8639729.982, 108
Trd, 8639732.882, 108
Trd, 8639733.032, 107
Trd, 8639734.032, 96
Trd, 8639736.332, 106
Trd, 8639736.932, 107
Trd, 8639740.432, 96
Trd, 8639740.882, 107
Trd, 8639741.482, 95
Trd, 8639743.482, 112
Trd, 8639744.582, 113
Trd, 8639745.232, 113
Trd, 8639745.782, 112
Trd, 8639747.482, 95
Trd, 8639747.832, 113
Trd, 8639748.582, 99
Trd, 8639748.932, 103
Trd, 8639751.032, 98
Trd, 8639753.482, 112
Trd, 8639753.832, 105
Trd, 8639754.082, 113
Trd, 8639754.632, 102
Trd, 8639757.432, 96
Trd, 8639758.232, 97
Trd, 8639759.182, 98
Trd, 8639763.082, 109
Trd, 8639763.682, 108
Trd, 8639764.032, 99
Trd, 8639764.332, 99
Trd, 8639764.532, 109
Trd, 8639764.732, 103
Trd, 8639767.832, 106
Trd, 8639773.232, 106
Trd, 8639773.382, 111
Trd, 8639773.632, 105
Trd, 8639775.582, 114
Trd, 8639777.332, 115
Trd, 8639778.632, 116
Trd, 8639778.982, 111
Trd, 8639783.082, 100
Trd, 8639784.632, 101
Trd, 8639787.382, 104
Trd, 8639787.782, 101
Trd, 8639789.632, 109
Trd, 8639791.832, 105
Trd, 8639792.182, 102
Trd, 8639793.232, 98
Trd, 8639794.382, 102
Trd, 8639794.932, 98
Trd, 8639796.482, 95
Trd, 8639796.582, 101
Trd, 8639798.482, 111
Trd, 8639800.032, 109
Trd, 8639802.232, 116
Trd, 8639802.982, 116
Trd, 8639803.482, 112
Trd, 8639803.932, 95
Trd, 8639805.132, 116
Trd, 8639806.532, 111
Trd, 8639808.332, 104
Trd, 8639809.332, 116
Trd, 8639812.632, 113
Trd, 8639813.032, 105
Trd, 8639814.232, 113
Trd, 8639815.482, 101
Trd, 8639818.782, 104
Trd, 8639820.182, 104
Trd, 8639820.782, 105
Trd, 8639820.932, 103
Trd, 8639821.032, 101
Trd, 8639821.732, 95
Trd, 8639824.832, 111
Trd, 8639825.182, 99
Trd, 8639827.982, 110
Trd, 8639828.982, 109
Trd, 8639829.082, 97
Trd, 8639830.182, 88
Trd, 8639830.932, 122
Trd, 8639832.532, 111
Trd, 8639834.182, 96
Trd, 8639834.482, 106
Trd, 8639836.182, 105
Trd, 8639840.582, 103
Trd, 8639841.682, 118
Trd, 8639842.882, 100
Trd, 8639843.332, 101
Trd, 8639844.132, 95
Trd, 8639845.982, 117
Trd, 8639847.282, 115
Trd, 8639848.032, 114
Trd, 8639848.532, 107
Trd, 8639851.482, 118
Trd, 8639852.832, 95
Trd, 8639854.782, 115
Trd, 8639856.482, 107
Trd, 8639858.182, 100
Trd, 8639859.532, 100
Trd, 8639859.882, 99
Trd, 8639863.832, 98
Trd, 8639865.232, 103
Trd, 8639865.432, 101
Trd, 8639868.082, 100
Trd, 8639868.682, 99
Trd, 8639868.882, 102
Trd, 8639870.032, 97
Trd, 8639870.232, 84
Trd, 8639872.032, 98
Trd, 8639874.732, 107
Trd, 8639874.932, 106
Trd, 8639876.132, 121
Trd, 8639877.132, 109
Trd, 8639878.332, 98
Trd, 8639879.782, 98
Trd, 8639881.632, 101
Trd, 8639882.332, 113
Trd, 8639883.182, 106
Trd, 8639884.132, 109
Trd, 8639885.982, 112
Trd, 8639886.082, 109
Trd, 8639887.082, 104
Trd, 8639889.132, 97
Trd, 8639890.182, 114
Trd, 8639891.632, 104
Trd, 8639893.132, 101
Trd, 8639894.332, 106
Trd, 8639894.832, 103
Trd, 8639895.582, 105
Trd, 8639897.032, 100
Trd, 8639898.632, 95
Trd, 8639899.732, 104
Trd, 8639900.982, 103
Trd, 8639901.982, 104
Trd, 8639903.182, 113
Trd, 8639904.482, 101
Trd, 8639905.282, 98
Trd, 8639906.782, 111
Trd, 8639907.382, 98
Trd, 8639908.832, 95
Trd, 8639909.532, 77
Trd, 8639911.382, 103
Trd, 8639911.782, 95
Trd, 8639911.832, 108
Trd, 8639913.482, 107
Trd, 8639915.982, 105
Trd, 8639916.882, 106
Trd, 8639917.482, 110
Trd, 8639917.782, 105
Trd, 8639922.032, 99
Trd, 8639922.532, 96
Trd, 8639926.382, 108
Trd, 8639926.482, 103
Trd, 8639927.882, 111
Trd, 8639929.232, 106
Trd, 8639929.882, 94
Trd, 8639930.332, 112
Trd, 8639934.382, 113
Trd, 8639935.382, 84
Trd, 8639937.332, 111
Trd, 8639939.432, 105
Trd, 8639940.082, 96
Trd, 8639940.232, 95
Trd, 8639940.782, 105
Trd, 8639941.282, 113
Trd, 8639943.832, 90
Trd, 8639944.832, 103
Trd, 8639947.432, 111
Trd, 8639950.182, 104
Trd, 8639950.382, 97
Trd, 8639952.182, 103
Trd, 8639954.932, 106
Trd, 8639957.332, 115
Trd, 8639958.432, 112
Trd, 8639960.332, 113
Trd, 8639960.982, 112
Trd, 8639961.032, 95
Trd, 8639961.632, 111
Trd, 8639962.382, 97
Trd, 8639963.482, 84
Trd, 8639965.582, 112
Trd, 8639966.182, 108
Trd, 8639966.482, 85
Trd, 8639967.982, 112
Trd, 8639968.582, 107
Trd, 8639971.332, 106
Trd, 8639971.532, 99
Trd, 8639971.732, 98
Trd, 8639974.832, 115
Trd, 8639974.932, 109
Trd, 8639975.732, 108
Trd, 8639978.032, 91
Trd, 8639980.232, 107
Trd, 8639981.882, 98
Trd, 8639981.982, 96
Trd, 8639982.632, 111
Trd, 8639982.882, 100
Trd, 8639986.332, 96
Trd, 8639986.832, 95
Trd, 8639989.432, 94
Trd, 8639990.782, 107
Trd, 8639991.332, 105
Trd, 8639991.782, 112
Trd, 8639992.632, 96
Trd, 8639992.982, 97
Trd, 8639994.332, 112
Trd, 8639996.732, 119
Trd, 8639999.082, 106
Trd, 8639999.632, 105
Trd, 8639999.732, 100
