Trd, 8637932.582, 114
Trd, 8637932.732, 109
Trd, 8637933.732, 94
Trd, 8637934.032, 92
Trd, 8637936.482, 94
Trd, 8637937.682, 93
Trd, 8637937.882, 84
Trd, 8637940.632, 94
Trd, 8637940.932, 111
Trd, 8637942.282, 122
Trd, 8637942.332, 117
Trd, 8637945.382, 98
Trd, 8637945.582, 93
Trd, 8637945.832, 104
Trd, 8637946.532, 121
Trd, 8637948.082, 83
Trd, 8637948.882, 108
Trd, 8637949.482, 93
Trd, 8637950.032, 127
Trd, 8637951.282, 86
Trd, 8637952.382, 79
Trd, 8637952.832, 88
Trd, 8637954.232, 116
Trd, 8637955.332, 122
Trd, 8637956.782, 107
Trd, 8637957.682, 108
Trd, 8637958.782, 84
Trd, 8637959.282, 90
Trd, 8637961.282, 95
Trd, 8637962.232, 104
Trd, 8637964.282, 100
Trd, 8637965.332, 95
Trd, 8637965.932, 107
Trd, 8637966.182, 86
Trd, 8637967.132, 83
Trd, 8637969.232, 104
Trd, 8637970.782, 108
Trd, 8637971.282, 109
Trd, 8637971.732, 95
Trd, 8637974.182, 95
Trd, 8637974.482, 102
Trd, 8637977.032, 66
Trd, 8637977.282, 94
Trd, 8637977.382, 106
Trd, 8637979.332, 93
Trd, 8637981.332, 106
Trd, 8637981.782, 95
Trd, 8637982.782, 89
Trd, 8637983.882, 77
Trd, 8637984.582, 71
Trd, 8637984.982, 91
Trd, 8637987.332, 105
Trd, 8637987.432, 89
Trd, 8637987.982, 106
Trd, 8637990.482, 113
Trd, 8637991.732, 79
Trd, 8637993.332, 107
Trd, 8637994.582, 95
Trd, 8637994.682, 88
Trd, 8637997.882, 87
Trd, 8637998.582, 102
Trd, 8638000.482, 116
Trd, 8638001.282, 95
Trd, 8638001.832, 86
Trd, 8638002.982, 105
Trd, 8638004.982, 88
Trd, 8638006.082, 77
Trd, 8638006.932, 110
Trd, 8638007.082, 102
Trd, 8638008.732, 94
Trd, 8638011.282, 101
Trd, 8638013.382, 107
Trd, 8638013.532, 118
Trd, 8638013.832, 101
Trd, 8638014.532, 101
Trd, 8638018.282, 95
Trd, 8638018.582, 106
Trd, 8638019.482, 83
Trd, 8638020.832, 113
Trd, 8638020.882, 117
Trd, 8638021.532, 119
Trd, 8638023.732, 70
Trd, 8638025.032, 105
Trd, 8638025.282, 95
Trd, 8638026.032, 94
Trd, 8638026.582, 125
Trd, 8638027.382, 109
Trd, 8638029.082, 113
Trd, 8638030.582, 103
Trd, 8638031.882, 110
Trd, 8638032.082, 119
Trd, 8638033.032, 119
Trd, 8638033.432, 95
Trd, 8638036.232, 86
Trd, 8638038.132, 102
Trd, 8638038.982, 94
Trd, 8638039.832, 95
Trd, 8638042.032, 113
Trd, 8638042.682, 89
Trd, 8638043.682, 115
Trd, 8638044.282, 101
Trd, 8638044.982, 84
Trd, 8638046.182, 106
Trd, 8638048.482, 95
Trd, 8638048.882, 71
Trd, 8638050.082, 82
Trd, 8638050.882, 94
Trd, 8638052.332, 118
Trd, 8638053.232, 93
Trd, 8638053.832, 85
Trd, 8638055.732, 113
Trd, 8638057.182, 80
Trd, 8638058.082, 118
Trd, 8638059.882, 95
Trd, 8638060.282, 79
Trd, 8638061.482, 117
Trd, 8638062.332, 109
Trd, 8638062.732, 102
Trd, 8638063.432, 93
Trd, 8638065.032, 111
Trd, 8638065.182, 81
Trd, 8638067.532, 109
Trd, 8638070.432, 80
Trd, 8638071.632, 106
Trd, 8638074.632, 76
Trd, 8638075.182, 88
Trd, 8638075.882, 95
Trd, 8638077.232, 103
Trd, 8638078.732, 92
Trd, 8638079.682, 89
Trd, 8638081.432, 110
Trd, 8638082.332, 94
Trd, 8638082.682, 79
Trd, 8638085.932, 123
Trd, 8638086.582, 111
Trd, 8638086.732, 93
Trd, 8638087.682, 112
Trd, 8638091.082, 98
Trd, 8638091.782, 111
Trd, 8638093.082, 95
Trd, 8638093.982, 98
Trd, 8638094.182, 87
Trd, 8638095.932, 84
Trd, 8638095.982, 105
Trd, 8638098.032, 103
Trd, 8638101.932, 94
Trd, 8638102.582, 94
Trd, 8638104.032, 80
Trd, 8638104.932, 77
Trd, 8638104.982, 106
Trd, 8638105.532, 84
Trd, 8638106.482, 116
Trd, 8638110.432, 82
Trd, 8638110.482, 88
Trd, 8638112.532, 95
Trd, 8638112.932, 101
Trd, 8638113.582, 109
Trd, 8638114.932, 80
Trd, 8638115.882, 95
Trd, 8638117.482, 108
Trd, 8638119.682, 106
Trd, 8638120.532, 115
Trd, 8638122.532, 98
Trd, 8638124.082, 85
Trd, 8638125.282, 99
Trd, 8638125.682, 95
Trd, 8638127.632, 101
Trd, 8638128.282, 106
Trd, 8638129.882, 120
Trd, 8638130.332, 95
Trd, 8638132.232, 86
Trd, 8638133.382, 108
Trd, 8638133.982, 88
Trd, 8638136.132, 105
Trd, 8638137.832, 98
Trd, 8638138.682, 93
Trd, 8638139.282, 90
Trd, 8638140.332, 95
Trd, 8638143.432, 113
Trd, 8638144.382, 94
Trd, 8638145.132, 112
Trd, 8638145.732, 86
Trd, 8638147.032, 122
Trd, 8638147.882, 109
Trd, 8638150.032, 95
Trd, 8638150.982, 104
Trd, 8638152.182, 86
Trd, 8638152.782, 93
Trd, 8638153.532, 104
Trd, 8638153.582, 125
Trd, 8638155.032, 90
Trd, 8638155.532, 92
Trd, 8638156.732, 101
Trd, 8638158.232, 97
Trd, 8638159.132, 105
Trd, 8638159.482, 95
Trd, 8638161.082, 96
Trd, 8638161.732, 105
Trd, 8638163.382, 72
Trd, 8638164.032, 86
Trd, 8638166.382, 89
Trd, 8638168.132, 107
Trd, 8638168.832, 79
Trd, 8638170.782, 108
Trd, 8638171.782, 123
Trd, 8638172.532, 113
Trd, 8638172.632, 104
Trd, 8638173.682, 82
Trd, 8638174.782, 104
Trd, 8638175.032, 122
Trd, 8638175.132, 95
Trd, 8638175.782, 73
Trd, 8638177.832, 113
Trd, 8638179.432, 123
Trd, 8638179.682, 99
Trd, 8638180.882, 111
Trd, 8638182.682, 96
Trd, 8638182.782, 95
Trd, 8638183.732, 107
Trd, 8638186.832, 95
Trd, 8638187.232, 98
Trd, 8638188.432, 83
Trd, 8638189.182, 91
Trd, 8638190.082, 87
Trd, 8638190.482, 97
Trd, 8638191.182, 79
Trd, 8638193.882, 119
Trd, 8638194.132, 95
Trd, 8638197.732, 102
Trd, 8638198.782, 100
Trd, 8638200.632, 89
Trd, 8638203.782, 107
Trd, 8638204.382, 107
Trd, 8638204.832, 106
Trd, 8638205.682, 104
Trd, 8638206.032, 103
Trd, 8638207.432, 95
Trd, 8638208.282, 112
Trd, 8638208.882, 87
Trd, 8638210.282, 95
Trd, 8638211.632, 105
Trd, 8638211.982, 95
Trd, 8638212.932, 80
Trd, 8638213.232, 106
Trd, 8638214.382, 113
Trd, 8638216.732, 114
Trd, 8638217.332, 117
Trd, 8638217.582, 99
Trd, 8638219.682, 113
Trd, 8638220.232, 95
Trd, 8638222.032, 112
Trd, 8638222.332, 106
Trd, 8638224.132, 110
Trd, 8638227.382, 103
Trd, 8638227.982, 105
Trd, 8638228.832, 94
Trd, 8638229.182, 86
Trd, 8638230.332, 117
Trd, 8638232.382, 102
Trd, 8638232.432, 99
Trd, 8638233.232, 103
Trd, 8638234.632, 98
Trd, 8638236.182, 111
Trd, 8638236.732, 94
Trd, 8638236.782, 107
Trd, 8638237.932, 85
Trd, 8638239.232, 95
Trd, 8638239.482, 86
Trd, 8638242.482, 109
Trd, 8638244.282, 92
Trd, 8638247.932, 95
Trd, 8638248.732, 94
Trd, 8638249.982, 96
Trd, 8638251.032, 124
Trd, 8638252.282, 100
Trd, 8638252.382, 91
Trd, 8638253.982, 100
Trd, 8638256.532, 107
Trd, 8638257.732, 106
Trd, 8638258.882, 105
Trd, 8638259.732, 91
Trd, 8638260.732, 88
Trd, 8638261.032, 91
Trd, 8638261.932, 113
Trd, 8638264.532, 101
Trd, 8638264.882, 95
Trd, 8638265.932, 104
Trd, 8638266.632, 87
Trd, 8638266.832, 82
Trd, 8638268.582, 83
Trd, 8638268.932, 101
Trd, 8638269.082, 120
Trd, 8638272.782, 112
Trd, 8638274.282, 104
Trd, 8638276.082, 95
Trd, 8638276.932, 106
Trd, 8638277.682, 94
Trd, 8638279.082, 92
Trd, 8638279.782, 104
Trd, 8638281.432, 99
Trd, 8638282.532, 107
Trd, 8638283.532, 115
Trd, 8638283.732, 82
Trd, 8638284.132, 116
Trd, 8638284.832, 113
Trd, 8638285.232, 115
Trd, 8638285.632, 131
Trd, 8638286.582, 107
Trd, 8638288.432, 94
Trd, 8638290.832, 86
Trd, 8638291.782, 95
Trd, 8638292.732, 112
Trd, 8638293.382, 94
Trd, 8638298.382, 111
Trd, 8638299.632, 95
Trd, 8638299.732, 85
Trd, 8638300.082, 107
Trd, 8638300.882, 125
Trd, 8638302.882, 121
Trd, 8638304.732, 94
Trd, 8638305.232, 104
Trd, 8638307.032, 89
Trd, 8638308.482, 107
Trd, 8638308.932, 97
Trd, 8638309.182, 115
Trd, 8638309.682, 109
Trd, 8638311.482, 95
Trd, 8638311.832, 82
Trd, 8638314.032, 104
Trd, 8638314.282, 85
Trd, 8638315.532, 90
Trd, 8638316.332, 90
Trd, 8638317.582, 106
Trd, 8638317.682, 104
Trd, 8638319.532, 95
Trd, 8638320.532, 93
Trd, 8638321.482, 77
Trd, 8638324.182, 109
Trd, 8638324.232, 95
Trd, 8638324.532, 122
Trd, 8638324.982, 88
Trd, 8638325.332, 105
Trd, 8638325.532, 85
Trd, 8638327.532, 105
Trd, 8638330.282, 122
Trd, 8638330.682, 98
Trd, 8638331.632, 86
Trd, 8638332.382, 95
Trd, 8638332.782, 98
Trd, 8638334.532, 88
Trd, 8638335.582, 80
Trd, 8638335.832, 87
Trd, 8638337.982, 102
Trd, 8638339.632, 96
Trd, 8638340.782, 107
Trd, 8638340.932, 95
Trd, 8638345.082, 98
Trd, 8638345.132, 113
Trd, 8638347.932, 99
Trd, 8638349.232, 111
Trd, 8638349.632, 95
Trd, 8638350.332, 91
Trd, 8638350.832, 120
Trd, 8638352.182, 80
Trd, 8638353.532, 90
Trd, 8638355.282, 84
Trd, 8638358.482, 113
Trd, 8638359.332, 94
Trd, 8638360.832, 90
Trd, 8638361.682, 94
Trd, 8638363.682, 80
Trd, 8638364.132, 92
Trd, 8638364.882, 109
Trd, 8638365.782, 125
Trd, 8638366.832, 94
Trd, 8638367.332, 86
Trd, 8638368.332, 105
Trd, 8638368.832, 104
Trd, 8638371.482, 111
Trd, 8638371.732, 97
Trd, 8638372.582, 95
Trd, 8638374.032, 107
Trd, 8638374.232, 81
Trd, 8638374.632, 116
Trd, 8638376.382, 95
Trd, 8638376.782, 108
Trd, 8638378.932, 113
Trd, 8638380.632, 111
Trd, 8638381.382, 85
Trd, 8638382.532, 95
Trd, 8638384.882, 87
Trd, 8638385.532, 105
Trd, 8638386.082, 85
Trd, 8638387.982, 100
Trd, 8638388.582, 94
Trd, 8638389.032, 111
Trd, 8638390.682, 120
Trd, 8638391.482, 107
Trd, 8638392.732, 95
Trd, 8638394.632, 94
Trd, 8638394.882, 92
Trd, 8638395.532, 105
Trd, 8638396.432, 106
Trd, 8638396.732, 123
Trd, 8638398.432, 84
Trd, 8638399.582, 121
Trd, 8638401.582, 122
Trd, 8638402.332, 96
Trd, 8638402.582, 95
Trd, 8638404.182, 87
Trd, 8638404.982, 111
Trd, 8638405.232, 96
Trd, 8638405.932, 95
Trd, 8638408.982, 107
Trd, 8638411.682, 105
Trd, 8638411.932, 95
Trd, 8638412.582, 100
Trd, 8638414.582, 124
Trd, 8638416.832, 105
Trd, 8638417.082, 96
Trd, 8638417.532, 95
Trd, 8638418.082, 109
Trd, 8638422.432, 104
Trd, 8638424.082, 95
Trd, 8638424.282, 117
Trd, 8638425.132, 96
Trd, 8638428.282, 101
Trd, 8638428.432, 105
Trd, 8638429.932, 73
Trd, 8638430.482, 79
Trd, 8638431.332, 93
Trd, 8638431.782, 123
Trd, 8638433.032, 97
Trd, 8638433.682, 81
Trd, 8638435.532, 94
Trd, 8638436.532, 95
Trd, 8638436.982, 104
Trd, 8638439.482, 95
Trd, 8638439.732, 83
Trd, 8638440.032, 100
Trd, 8638440.682, 118
Trd, 8638442.332, 85
Trd, 8638443.532, 100
Trd, 8638443.782, 103
Trd, 8638445.932, 98
Trd, 8638447.082, 97
Trd, 8638448.282, 95
Trd, 8638448.532, 117
Trd, 8638450.132, 109
Trd, 8638450.982, 124
Trd, 8638452.132, 111
Trd, 8638452.782, 80
Trd, 8638453.682, 89
Trd, 8638453.782, 108
Trd, 8638454.882, 124
Trd, 8638455.132, 102
Trd, 8638456.482, 88
Trd, 8638459.032, 117
Trd, 8638460.282, 93
Trd, 8638460.432, 83
Trd, 8638462.032, 95
Trd, 8638463.632, 79
Trd, 8638464.282, 72
Trd, 8638464.332, 86
Trd, 8638466.732, 122
Trd, 8638467.882, 129
Trd, 8638468.832, 119
Trd, 8638469.132, 85
Trd, 8638469.382, 69
Trd, 8638470.232, 86
Trd, 8638470.582, 109
Trd, 8638471.732, 95
Trd, 8638473.132, 101
Trd, 8638474.982, 77
Trd, 8638476.382, 99
Trd, 8638476.832, 106
Trd, 8638478.182, 95
Trd, 8638479.382, 91
Trd, 8638480.632, 110
Trd, 8638485.182, 74
Trd, 8638485.582, 86
Trd, 8638486.082, 83
Trd, 8638486.232, 123
Trd, 8638486.432, 72
Trd, 8638489.032, 95
Trd, 8638489.332, 87
Trd, 8638491.932, 118
Trd, 8638492.132, 89
Trd, 8638492.582, 104
Trd, 8638493.382, 103
Trd, 8638494.432, 91
Trd, 8638496.082, 120
Trd, 8638496.182, 86
Trd, 8638497.732, 126
Trd, 8638498.032, 104
Trd, 8638501.282, 104
Trd, 8638502.232, 103
Trd, 8638502.432, 120
Trd, 8638503.032, 95
Trd, 8638503.882, 95
Trd, 8638506.032, 115
Trd, 8638506.782, 95
Trd, 8638507.732, 78
Trd, 8638508.632, 100
Trd, 8638511.982, 97
Trd, 8638512.732, 93
Trd, 8638514.182, 86
Trd, 8638514.732, 81
Trd, 8638516.682, 105
Trd, 8638517.232, 124
Trd, 8638518.632, 119
Trd, 8638519.582, 104
Trd, 8638520.132, 120
Trd, 8638523.132, 106
Trd, 8638523.682, 116
Trd, 8638524.632, 89
Trd, 8638525.632, 85
Trd, 8638527.882, 92
Trd, 8638529.082, 86
Trd, 8638530.382, 94
Trd, 8638531.182, 104
Trd, 8638532.532, 89
Trd, 8638533.582, 96
Trd, 8638536.882, 109
Trd, 8638537.432, 96
Trd, 8638537.882, 121
Trd, 8638538.732, 95
Trd, 8638540.232, 94
Trd, 8638541.032, 98
Trd, 8638544.232, 96
Trd, 8638544.482, 95
Trd, 8638545.582, 105
Trd, 8638547.432, 87
Trd, 8638548.432, 92
Trd, 8638549.182, 81
Trd, 8638549.882, 95
Trd, 8638552.382, 105
Trd, 8638554.082, 111
Trd, 8638555.732, 109
Trd, 8638557.032, 110
Trd, 8638558.282, 95
Trd, 8638559.232, 94
Trd, 8638559.482, 101
Trd, 8638560.882, 93
Trd, 8638561.232, 86
Trd, 8638562.582, 95
Trd, 8638564.932, 78
Trd, 8638565.532, 86
Trd, 8638567.032, 116
Trd, 8638567.782, 95
Trd, 8638569.482, 120
Trd, 8638570.732, 93
Trd, 8638571.082, 88
Trd, 8638571.582, 110
Trd, 8638572.532, 99
Trd, 8638572.932, 84
Trd, 8638573.232, 114
Trd, 8638573.832, 94
Trd, 8638574.832, 110
Trd, 8638575.982, 125
Trd, 8638577.532, 94
Trd, 8638578.682, 98
Trd, 8638579.032, 94
Trd, 8638580.432, 99
Trd, 8638582.932, 116
Trd, 8638583.382, 94
Trd, 8638585.832, 87
Trd, 8638586.182, 109
Trd, 8638587.032, 114
Trd, 8638588.882, 102
Trd, 8638589.882, 95
Trd, 8638590.532, 100
Trd, 8638591.182, 75
Trd, 8638592.682, 104
Trd, 8638592.832, 116
Trd, 8638594.582, 95
Trd, 8638594.732, 88
Trd, 8638597.382, 90
Trd, 8638597.732, 87
Trd, 8638598.782, 108
Trd, 8638599.082, 115
Trd, 8638601.882, 95
Trd, 8638605.082, 103
Trd, 8638606.132, 95
Trd, 8638607.282, 109
Trd, 8638607.932, 117
Trd, 8638608.782, 103
Trd, 8638609.632, 92
Trd, 8638610.082, 89
Trd, 8638611.532, 107
Trd, 8638612.732, 112
Trd, 8638615.032, 105
Trd, 8638615.582, 119
Trd, 8638617.732, 112
Trd, 8638619.182, 111
Trd, 8638619.782, 106
Trd, 8638620.482, 79
Trd, 8638621.582, 116
Trd, 8638622.982, 106
Trd, 8638623.682, 126
Trd, 8638625.182, 111
Trd, 8638625.582, 108
Trd, 8638627.532, 94
Trd, 8638628.082, 85
Trd, 8638628.482, 97
Trd, 8638630.532, 78
Trd, 8638630.632, 85
Trd, 8638631.332, 95
Trd, 8638631.582, 105
Trd, 8638634.732, 87
Trd, 8638634.882, 104
Trd, 8638635.382, 106
Trd, 8638639.782, 77
Trd, 8638640.332, 89
Trd, 8638640.432, 90
Trd, 8638640.732, 109
Trd, 8638642.632, 80
Trd, 8638644.432, 101
Trd, 8638646.282, 91
Trd, 8638648.032, 75
Trd, 8638648.232, 87
Trd, 8638648.482, 109
Trd, 8638650.032, 107
Trd, 8638651.482, 108
Trd, 8638652.782, 107
Trd, 8638653.082, 113
Trd, 8638653.882, 95
Trd, 8638654.982, 106
Trd, 8638656.232, 95
Trd, 8638657.782, 120
Trd, 8638658.232, 117
Trd, 8638658.582, 84
Trd, 8638661.482, 86
Trd, 8638662.032, 88
Trd, 8638662.182, 111
Trd, 8638663.382, 95
Trd, 8638663.532, 112
Trd, 8638665.482, 111
Trd, 8638666.182, 99
Trd, 8638666.532, 104
Trd, 8638669.682, 110
Trd, 8638670.132, 95
Trd, 8638670.482, 120
Trd, 8638672.382, 104
Trd, 8638672.732, 98
Trd, 8638675.032, 93
Trd, 8638675.882, 75
Trd, 8638677.382, 110
Trd, 8638679.382, 114
Trd, 8638680.432, 92
Trd, 8638681.732, 97
Trd, 8638682.532, 95
Trd, 8638683.782, 100
Trd, 8638684.682, 111
Trd, 8638684.832, 101
Trd, 8638686.032, 111
Trd, 8638687.932, 95
Trd, 8638688.282, 98
Trd, 8638690.532, 98
Trd, 8638692.182, 87
Trd, 8638692.532, 95
Trd, 8638694.682, 122
Trd, 8638696.482, 95
Trd, 8638697.182, 86
Trd, 8638697.532, 79
Trd, 8638698.982, 109
Trd, 8638700.832, 116
Trd, 8638701.082, 110
Trd, 8638701.932, 94
Trd, 8638704.082, 124
Trd, 8638706.182, 101
Trd, 8638707.632, 107
Trd, 8638708.582, 112
Trd, 8638709.432, 95
Trd, 8638709.632, 84
Trd, 8638711.932, 94
Trd, 8638712.532, 105
Trd, 8638713.332, 85
Trd, 8638713.382, 95
Trd, 8638714.732, 82
Trd, 8638714.832, 114
Trd, 8638715.582, 106
Trd, 8638716.682, 112
Trd, 8638719.232, 122
Trd, 8638719.282, 111
Trd, 8638720.182, 76
Trd, 8638721.632, 85
Trd, 8638723.832, 104
Trd, 8638724.482, 111
Trd, 8638724.882, 95
Trd, 8638727.632, 115
Trd, 8638730.082, 108
Trd, 8638730.132, 113
Trd, 8638731.282, 123
Trd, 8638732.232, 104
Trd, 8638732.382, 94
Trd, 8638733.182, 95
Trd, 8638734.732, 94
Trd, 8638734.832, 106
Trd, 8638736.132, 77
Trd, 8638737.132, 88
Trd, 8638737.932, 118
Trd, 8638738.732, 72
Trd, 8638740.332, 105
Trd, 8638741.282, 91
Trd, 8638741.832, 100
Trd, 8638742.732, 95
Trd, 8638743.082, 125
Trd, 8638744.082, 120
Trd, 8638745.332, 89
Trd, 8638748.282, 95
Trd, 8638749.282, 113
Trd, 8638751.032, 83
Trd, 8638751.382, 86
Trd, 8638752.832, 95
Trd, 8638754.132, 98
Trd, 8638754.332, 103
Trd, 8638756.482, 95
Trd, 8638757.982, 91
Trd, 8638758.532, 92
Trd, 8638759.332, 108
Trd, 8638761.032, 110
Trd, 8638762.382, 98
Trd, 8638763.232, 107
Trd, 8638763.432, 95
Trd, 8638763.732, 78
Trd, 8638766.832, 79
Trd, 8638766.882, 94
Trd, 8638769.382, 114
Trd, 8638769.982, 95
Trd, 8638771.982, 98
Trd, 8638773.032, 104
Trd, 8638774.332, 77
Trd, 8638776.732, 115
Trd, 8638777.282, 111
Trd, 8638778.232, 101
Trd, 8638779.432, 95
Trd, 8638780.232, 81
Trd, 8638781.682, 106
Trd, 8638782.382, 101
Trd, 8638784.182, 110
Trd, 8638784.332, 94
Trd, 8638784.432, 86
Trd, 8638784.782, 81
Trd, 8638786.032, 112
Trd, 8638787.982, 95
Trd, 8638790.532, 117
Trd, 8638791.032, 98
Trd, 8638793.682, 124
Trd, 8638794.982, 104
Trd, 8638795.582, 95
Trd, 8638795.832, 108
Trd, 8638796.882, 81
Trd, 8638798.232, 80
Trd, 8638800.182, 97
Trd, 8638801.082, 113
Trd, 8638802.432, 95
Trd, 8638804.182, 94
Trd, 8638804.432, 72
Trd, 8638804.632, 104
Trd, 8638805.032, 87
Trd, 8638806.232, 86
Trd, 8638807.182, 87
Trd, 8638808.132, 90
Trd, 8638811.582, 101
Trd, 8638811.682, 95
Trd, 8638814.182, 95
Trd, 8638815.482, 106
Trd, 8638817.682, 111
Trd, 8638818.432, 88
Trd, 8638819.082, 110
Trd, 8638819.832, 95
Trd, 8638820.132, 93
Trd, 8638820.982, 116
Trd, 8638821.332, 105
Trd, 8638821.782, 122
Trd, 8638823.282, 118
Trd, 8638823.582, 87
Trd, 8638827.832, 113
Trd, 8638828.132, 95
Trd, 8638829.232, 109
Trd, 8638830.932, 98
Trd, 8638832.082, 95
Trd, 8638832.682, 96
Trd, 8638834.882, 94
Trd, 8638835.432, 111
Trd, 8638835.732, 105
Trd, 8638836.132, 96
Trd, 8638836.482, 114
Trd, 8638837.882, 93
Trd, 8638838.532, 104
Trd, 8638840.882, 113
Trd, 8638842.932, 95
Trd, 8638845.382, 91
Trd, 8638846.282, 78
Trd, 8638846.632, 93
Trd, 8638847.832, 95
Trd, 8638849.482, 105
Trd, 8638850.532, 99
Trd, 8638852.132, 95
Trd, 8638853.582, 122
Trd, 8638854.932, 107
Trd, 8638855.682, 86
Trd, 8638857.532, 106
Trd, 8638858.432, 114
Trd, 8638859.532, 95
Trd, 8638860.032, 129
Trd, 8638862.932, 95
Trd, 8638864.382, 89
Trd, 8638864.832, 86
Trd, 8638865.032, 105
Trd, 8638866.082, 95
Trd, 8638866.132, 92
Trd, 8638867.782, 104
Trd, 8638867.832, 95
Trd, 8638868.482, 78
Trd, 8638869.232, 113
Trd, 8638870.782, 106
Trd, 8638871.432, 113
Trd, 8638872.932, 122
Trd, 8638873.282, 89
Trd, 8638874.132, 79
Trd, 8638875.932, 120
Trd, 8638878.432, 107
Trd, 8638878.982, 95
Trd, 8638880.882, 118
Trd, 8638881.482, 77
Trd, 8638883.232, 104
Trd, 8638884.382, 113
Trd, 8638884.932, 95
Trd, 8638885.632, 89
Trd, 8638887.782, 117
Trd, 8638888.382, 110
Trd, 8638889.882, 97
Trd, 8638890.182, 110
Trd, 8638890.832, 92
Trd, 8638892.982, 98
Trd, 8638894.282, 86
Trd, 8638895.182, 87
Trd, 8638897.882, 86
Trd, 8638897.982, 95
Trd, 8638899.082, 85
Trd, 8638899.682, 94
Trd, 8638901.682, 95
Trd, 8638902.832, 99
Trd, 8638903.132, 123
Trd, 8638904.682, 94
Trd, 8638904.782, 77
Trd, 8638905.282, 97
Trd, 8638906.932, 112
Trd, 8638907.632, 106
Trd, 8638908.132, 95
Trd, 8638908.732, 84
Trd, 8638910.082, 88
Trd, 8638911.382, 106
Trd, 8638913.182, 96
Trd, 8638914.182, 104
Trd, 8638914.232, 89
Trd, 8638916.082, 94
Trd, 8638916.432, 98
Trd, 8638917.282, 95
Trd, 8638917.582, 84
Trd, 8638918.132, 84
Trd, 8638921.282, 109
Trd, 8638921.332, 94
Trd, 8638922.132, 100
Trd, 8638922.332, 111
Trd, 8638924.082, 110
Trd, 8638924.882, 95
Trd, 8638926.132, 100
Trd, 8638927.082, 99
Trd, 8638927.682, 89
Trd, 8638929.032, 87
Trd, 8638930.582, 107
Trd, 8638930.732, 95
Trd, 8638931.082, 113
Trd, 8638935.282, 108
Trd, 8638935.832, 104
Trd, 8638935.882, 93
Trd, 8638936.032, 86
Trd, 8638937.782, 103
Trd, 8638938.882, 115
Trd, 8638940.782, 113
Trd, 8638943.182, 95
Trd, 8638943.232, 94
Trd, 8638943.882, 99
Trd, 8638945.582, 90
Trd, 8638947.332, 77
Trd, 8638948.682, 107
Trd, 8638949.582, 125
Trd, 8638950.932, 131
Trd, 8638952.032, 111
Trd, 8638953.932, 83
Trd, 8638954.982, 93
Trd, 8638956.032, 97
Trd, 8638957.832, 96
Trd, 8638957.982, 83
Trd, 8638959.082, 95
Trd, 8638961.632, 113
Trd, 8638962.282, 97
Trd, 8638964.682, 83
Trd, 8638965.782, 95
Trd, 8638967.632, 86
Trd, 8638968.382, 101
Trd, 8638969.282, 114
Trd, 8638969.532, 76
Trd, 8638972.832, 105
Trd, 8638973.782, 125
Trd, 8638975.382, 108
Trd, 8638976.582, 82
Trd, 8638978.182, 86
Trd, 8638979.282, 98
Trd, 8638979.382, 95
Trd, 8638980.082, 110
Trd, 8638981.282, 79
Trd, 8638983.332, 86
Trd, 8638983.482, 125
Trd, 8638984.482, 95
Trd, 8638984.932, 108
Trd, 8638986.332, 106
Trd, 8638990.132, 109
Trd, 8638992.232, 104
Trd, 8638992.882, 100
Trd, 8638993.632, 103
Trd, 8638995.182, 93
Trd, 8638995.582, 121
Trd, 8638997.232, 82
Trd, 8638997.832, 111
Trd, 8639000.082, 95
Trd, 8639001.182, 89
Trd, 8639002.232, 108
Trd, 8639005.032, 100
Trd, 8639005.232, 117
Trd, 8639006.232, 94
Trd, 8639006.732, 78
Trd, 8639008.232, 94
Trd, 8639009.282, 100
Trd, 8639010.282, 100
Trd, 8639010.832, 113
Trd, 8639011.182, 115
Trd, 8639012.482, 105
Trd, 8639015.032, 102
Trd, 8639016.032, 83
Trd, 8639016.782, 78
Trd, 8639017.632, 70
Trd, 8639017.782, 88
Trd, 8639018.282, 95
Trd, 8639020.632, 100
Trd, 8639021.882, 80
Trd, 8639024.782, 106
Trd, 8639025.532, 102
Trd, 8639025.932, 83
Trd, 8639026.582, 85
Trd, 8639026.632, 89
Trd, 8639028.732, 98
Trd, 8639030.082, 64
Trd, 8639030.282, 80
Trd, 8639031.232, 99
Trd, 8639034.582, 109
Trd, 8639035.732, 111
Trd, 8639035.882, 93
Trd, 8639036.932, 87
Trd, 8639039.082, 112
Trd, 8639040.182, 107
Trd, 8639041.232, 82
Trd, 8639041.482, 79
Trd, 8639042.832, 83
Trd, 8639042.982, 78
Trd, 8639043.182, 115
Trd, 8639044.332, 94
Trd, 8639045.132, 100
Trd, 8639045.732, 85
Trd, 8639046.482, 113
Trd, 8639047.782, 115
Trd, 8639048.682, 77
Trd, 8639048.882, 115
Trd, 8639049.882, 109
Trd, 8639051.782, 71
Trd, 8639053.882, 95
Trd, 8639056.132, 106
Trd, 8639056.282, 103
Trd, 8639057.832, 112
Trd, 8639059.432, 106
Trd, 8639061.382, 124
Trd, 8639063.132, 95
Trd, 8639063.332, 106
Trd, 8639066.132, 88
Trd, 8639067.682, 100
Trd, 8639069.682, 110
Trd, 8639071.332, 112
Trd, 8639071.832, 95
Trd, 8639073.282, 102
Trd, 8639074.282, 89
Trd, 8639076.782, 98
Trd, 8639077.582, 104
Trd, 8639078.832, 107
Trd, 8639079.082, 103
Trd, 8639079.282, 95
Trd, 8639080.382, 122
Trd, 8639081.782, 95
Trd, 8639083.982, 88
Trd, 8639084.982, 89
Trd, 8639085.782, 116
Trd, 8639087.682, 113
Trd, 8639087.832, 95
Trd, 8639089.232, 119
Trd, 8639090.782, 88
Trd, 8639091.382, 78
Trd, 8639092.482, 107
Trd, 8639094.782, 106
Trd, 8639094.832, 95
Trd, 8639096.132, 107
Trd, 8639097.232, 86
Trd, 8639099.882, 111
Trd, 8639100.032, 86
Trd, 8639100.632, 117
Trd, 8639101.182, 94
Trd, 8639102.382, 109
Trd, 8639103.782, 98
Trd, 8639105.732, 101
Trd, 8639107.232, 95
Trd, 8639108.182, 91
Trd, 8639108.482, 106
Trd, 8639110.032, 113
Trd, 8639112.332, 94
Trd, 8639112.632, 110
Trd, 8639113.332, 79
Trd, 8639114.532, 96
Trd, 8639115.132, 81
Trd, 8639115.382, 109
Trd, 8639116.982, 106
Trd, 8639118.332, 86
Trd, 8639120.282, 96
Trd, 8639121.832, 122
Trd, 8639122.032, 113
Trd, 8639122.282, 104
Trd, 8639122.732, 114
Trd, 8639123.182, 93
Trd, 8639125.182, 99
Trd, 8639127.232, 109
Trd, 8639127.732, 95
Trd, 8639127.782, 89
Trd, 8639129.132, 118
Trd, 8639130.082, 106
Trd, 8639132.132, 94
Trd, 8639134.632, 113
Trd, 8639134.832, 104
Trd, 8639137.582, 95
Trd, 8639138.482, 104
Trd, 8639139.732, 91
Trd, 8639140.082, 95
Trd, 8639140.432, 85
Trd, 8639142.632, 91
Trd, 8639142.882, 80
Trd, 8639143.182, 104
Trd, 8639143.382, 84
Trd, 8639145.682, 105
Trd, 8639145.932, 119
Trd, 8639146.782, 110
Trd, 8639148.932, 93
Trd, 8639150.182, 122
Trd, 8639150.382, 107
Trd, 8639151.632, 90
Trd, 8639152.032, 78
Trd, 8639153.232, 121
Trd, 8639153.732, 89
Trd, 8639154.682, 108
Trd, 8639155.982, 110
Trd, 8639156.532, 121
Trd, 8639157.582, 95
Trd, 8639158.932, 106
Trd, 8639160.582, 95
Trd, 8639161.782, 89
Trd, 8639163.682, 95
Trd, 8639164.032, 125
Trd, 8639164.932, 107
Trd, 8639166.382, 95
Trd, 8639167.182, 98
Trd, 8639170.082, 122
Trd, 8639170.982, 113
Trd, 8639171.582, 103
Trd, 8639171.782, 111
Trd, 8639172.782, 95
Trd, 8639172.832, 89
Trd, 8639173.232, 86
Trd, 8639174.032, 89
Trd, 8639176.332, 78
Trd, 8639177.132, 95
Trd, 8639177.682, 79
Trd, 8639178.082, 109
Trd, 8639178.382, 113
Trd, 8639180.382, 113
Trd, 8639180.982, 94
Trd, 8639182.082, 101
Trd, 8639183.432, 106
Trd, 8639184.182, 94
Trd, 8639186.682, 86
Trd, 8639186.832, 106
Trd, 8639188.432, 114
Trd, 8639188.532, 112
Trd, 8639190.432, 95
Trd, 8639190.882, 89
Trd, 8639190.982, 79
Trd, 8639192.982, 110
Trd, 8639194.032, 109
Trd, 8639196.132, 108
Trd, 8639198.082, 98
Trd, 8639198.182, 95
Trd, 8639200.682, 106
Trd, 8639202.182, 109
Trd, 8639202.232, 99
Trd, 8639202.682, 104
Trd, 8639203.432, 86
Trd, 8639206.032, 123
Trd, 8639206.282, 106
Trd, 8639207.332, 95
Trd, 8639208.882, 86
Trd, 8639209.082, 88
Trd, 8639211.282, 93
Trd, 8639213.882, 90
Trd, 8639214.732, 89
Trd, 8639216.182, 121
Trd, 8639216.732, 112
Trd, 8639217.032, 95
Trd, 8639218.082, 106
Trd, 8639220.232, 77
Trd, 8639221.532, 112
Trd, 8639222.232, 95
Trd, 8639223.182, 103
Trd, 8639225.882, 84
Trd, 8639226.282, 105
Trd, 8639227.132, 99
Trd, 8639228.682, 102
Trd, 8639229.882, 95
Trd, 8639232.232, 130
Trd, 8639232.482, 77
Trd, 8639232.932, 106
Trd, 8639234.282, 123
Trd, 8639234.882, 110
Trd, 8639235.532, 94
Trd, 8639236.132, 67
Trd, 8639236.482, 86
Trd, 8639238.632, 88
Trd, 8639240.082, 97
Trd, 8639241.032, 109
Trd, 8639241.632, 86
Trd, 8639243.732, 112
Trd, 8639246.032, 94
Trd, 8639246.282, 85
Trd, 8639247.982, 87
Trd, 8639248.632, 115
Trd, 8639250.182, 123
Trd, 8639252.832, 112
Trd, 8639253.932, 112
Trd, 8639254.932, 94
Trd, 8639256.132, 91
Trd, 8639256.632, 94
Trd, 8639256.882, 104
Trd, 8639258.582, 93
Trd, 8639259.232, 88
Trd, 8639260.232, 90
Trd, 8639260.482, 101
Trd, 8639261.382, 95
Trd, 8639263.482, 87
Trd, 8639265.232, 85
Trd, 8639265.482, 104
Trd, 8639265.982, 109
Trd, 8639268.032, 96
Trd, 8639268.182, 95
Trd, 8639269.732, 89
Trd, 8639269.782, 106
Trd, 8639270.482, 85
Trd, 8639270.882, 107
Trd, 8639272.282, 98
Trd, 8639275.282, 90
Trd, 8639276.282, 105
Trd, 8639278.882, 100
Trd, 8639279.982, 126
Trd, 8639281.132, 121
Trd, 8639282.282, 96
Trd, 8639283.132, 94
Trd, 8639284.032, 87
Trd, 8639284.782, 92
Trd, 8639287.382, 94
Trd, 8639288.982, 87
Trd, 8639289.582, 111
Trd, 8639289.732, 102
Trd, 8639290.832, 88
Trd, 8639292.532, 106
Trd, 8639294.282, 94
Trd, 8639295.982, 102
Trd, 8639298.782, 95
Trd, 8639299.582, 96
Trd, 8639299.932, 115
Trd, 8639300.632, 78
Trd, 8639302.882, 112
Trd, 8639304.032, 95
Trd, 8639304.482, 99
Trd, 8639305.982, 83
Trd, 8639308.132, 91
Trd, 8639309.482, 104
Trd, 8639309.682, 95
Trd, 8639311.782, 90
Trd, 8639312.182, 106
Trd, 8639313.782, 107
Trd, 8639314.282, 89
Trd, 8639316.232, 84
Trd, 8639317.382, 104
Trd, 8639317.832, 108
Trd, 8639318.782, 124
Trd, 8639319.732, 104
Trd, 8639320.432, 95
Trd, 8639321.632, 86
Trd, 8639323.582, 109
Trd, 8639324.332, 100
Trd, 8639325.832, 108
Trd, 8639326.482, 114
Trd, 8639328.582, 108
Trd, 8639329.332, 94
Trd, 8639330.232, 95
Trd, 8639330.982, 93
Trd, 8639331.032, 85
Trd, 8639332.982, 87
Trd, 8639333.382, 107
Trd, 8639336.282, 124
Trd, 8639337.032, 108
Trd, 8639337.282, 86
Trd, 8639338.382, 112
Trd, 8639339.182, 95
Trd, 8639340.182, 111
Trd, 8639340.532, 95
Trd, 8639340.832, 109
Trd, 8639343.182, 121
Trd, 8639344.032, 88
Trd, 8639345.332, 81
Trd, 8639345.632, 104
Trd, 8639346.532, 122
Trd, 8639346.582, 102
Trd, 8639348.032, 93
Trd, 8639348.682, 110
Trd, 8639349.882, 98
Trd, 8639351.032, 112
Trd, 8639356.232, 95
Trd, 8639357.482, 101
Trd, 8639357.882, 110
Trd, 8639358.282, 131
Trd, 8639360.182, 95
Trd, 8639360.382, 106
Trd, 8639360.682, 100
Trd, 8639361.582, 124
Trd, 8639362.232, 96
Trd, 8639362.532, 97
Trd, 8639366.532, 95
Trd, 8639368.382, 106
Trd, 8639368.432, 79
Trd, 8639368.932, 87
Trd, 8639370.132, 105
Trd, 8639370.632, 97
Trd, 8639372.782, 119
Trd, 8639373.782, 111
Trd, 8639375.232, 102
Trd, 8639375.932, 112
Trd, 8639376.282, 117
Trd, 8639377.882, 95
Trd, 8639379.132, 103
Trd, 8639379.782, 105
Trd, 8639381.382, 116
Trd, 8639382.532, 95
Trd, 8639384.632, 109
Trd, 8639384.832, 108
Trd, 8639387.682, 98
Trd, 8639387.932, 95
Trd, 8639389.732, 99
Trd, 8639391.582, 77
Trd, 8639391.732, 80
Trd, 8639392.832, 115
Trd, 8639393.232, 95
Trd, 8639394.332, 110
Trd, 8639396.732, 79
Trd, 8639399.932, 119
Trd, 8639400.082, 122
Trd, 8639400.182, 93
Trd, 8639401.282, 107
Trd, 8639403.432, 114
Trd, 8639403.482, 90
Trd, 8639404.832, 96
Trd, 8639406.682, 103
Trd, 8639408.382, 104
Trd, 8639408.832, 93
Trd, 8639410.182, 82
Trd, 8639410.732, 110
Trd, 8639413.482, 87
Trd, 8639414.082, 98
Trd, 8639414.832, 106
Trd, 8639415.382, 80
Trd, 8639417.582, 115
Trd, 8639417.782, 111
Trd, 8639419.232, 94
Trd, 8639420.832, 123
Trd, 8639421.732, 81
Trd, 8639422.382, 110
Trd, 8639423.982, 86
Trd, 8639424.382, 95
Trd, 8639425.782, 113
Trd, 8639425.982, 86
Trd, 8639427.882, 110
Trd, 8639430.632, 110
Trd, 8639431.232, 103
Trd, 8639433.582, 110
Trd, 8639433.882, 95
Trd, 8639434.182, 104
Trd, 8639435.232, 117
Trd, 8639435.682, 113
Trd, 8639436.882, 95
Trd, 8639438.532, 116
Trd, 8639439.932, 87
Trd, 8639442.082, 107
Trd, 8639443.532, 122
Trd, 8639443.582, 95
Trd, 8639444.482, 115
Trd, 8639445.182, 104
Trd, 8639447.982, 85
Trd, 8639448.032, 88
Trd, 8639449.132, 94
Trd, 8639449.332, 110
Trd, 8639452.082, 77
Trd, 8639452.882, 108
Trd, 8639453.732, 105
Trd, 8639454.332, 111
Trd, 8639454.382, 85
Trd, 8639456.582, 88
Trd, 8639458.182, 85
Trd, 8639460.782, 100
Trd, 8639461.332, 110
Trd, 8639461.532, 99
Trd, 8639461.832, 95
Trd, 8639463.332, 104
Trd, 8639464.132, 112
Trd, 8639465.082, 99
Trd, 8639469.582, 95
Trd, 8639469.882, 84
Trd, 8639470.982, 107
Trd, 8639472.982, 104
Trd, 8639474.482, 95
Trd, 8639475.982, 95
Trd, 8639477.332, 109
Trd, 8639477.382, 115
Trd, 8639479.282, 93
Trd, 8639479.782, 93
Trd, 8639483.032, 100
Trd, 8639484.982, 119
Trd, 8639485.482, 113
Trd, 8639486.632, 103
Trd, 8639487.582, 95
Trd, 8639490.232, 120
Trd, 8639490.932, 122
Trd, 8639491.432, 120
Trd, 8639492.932, 95
Trd, 8639493.132, 114
Trd, 8639493.732, 87
Trd, 8639494.332, 105
Trd, 8639495.282, 104
Trd, 8639496.182, 92
Trd, 8639498.782, 95
Trd, 8639498.882, 104
Trd, 8639500.582, 91
Trd, 8639500.932, 89
Trd, 8639501.982, 123
Trd, 8639502.732, 86
Trd, 8639505.832, 90
Trd, 8639506.632, 101
Trd, 8639507.582, 82
Trd, 8639507.982, 85
Trd, 8639510.082, 93
Trd, 8639512.432, 126
Trd, 8639512.732, 106
Trd, 8639513.782, 95
Trd, 8639516.482, 100
Trd, 8639517.032, 107
Trd, 8639517.582, 86
Trd, 8639518.182, 106
Trd, 8639519.432, 88
Trd, 8639520.032, 82
Trd, 8639520.332, 113
Trd, 8639521.182, 86
Trd, 8639522.782, 115
Trd, 8639524.532, 94
Trd, 8639525.232, 85
Trd, 8639527.682, 95
Trd, 8639528.532, 104
Trd, 8639529.032, 86
Trd, 8639529.282, 84
Trd, 8639530.082, 93
Trd, 8639530.382, 113
Trd, 8639531.882, 97
Trd, 8639532.132, 75
Trd, 8639533.682, 94
Trd, 8639533.732, 124
Trd, 8639535.682, 94
Trd, 8639540.332, 86
Trd, 8639540.482, 70
Trd, 8639540.932, 86
Trd, 8639541.032, 104
Trd, 8639541.582, 78
Trd, 8639543.582, 107
Trd, 8639544.082, 85
Trd, 8639544.682, 98
Trd, 8639545.532, 112
Trd, 8639547.732, 120
Trd, 8639549.182, 108
Trd, 8639550.832, 99
Trd, 8639551.282, 95
Trd, 8639551.532, 117
Trd, 8639552.932, 117
Trd, 8639555.182, 122
Trd, 8639556.132, 95
Trd, 8639556.782, 86
Trd, 8639557.032, 82
Trd, 8639557.282, 95
Trd, 8639558.682, 104
Trd, 8639558.932, 94
Trd, 8639560.782, 122
Trd, 8639563.782, 94
Trd, 8639564.982, 97
Trd, 8639565.182, 113
Trd, 8639565.482, 95
Trd, 8639565.832, 115
Trd, 8639568.432, 106
Trd, 8639569.732, 100
Trd, 8639572.432, 114
Trd, 8639572.832, 95
Trd, 8639573.032, 86
Trd, 8639573.732, 96
Trd, 8639574.082, 126
Trd, 8639574.532, 84
Trd, 8639576.232, 112
Trd, 8639578.182, 95
Trd, 8639580.582, 96
Trd, 8639580.882, 131
Trd, 8639582.532, 114
Trd, 8639585.132, 114
Trd, 8639585.482, 86
Trd, 8639585.632, 119
Trd, 8639585.782, 106
Trd, 8639586.182, 98
Trd, 8639588.432, 104
Trd, 8639590.382, 96
Trd, 8639590.732, 98
Trd, 8639592.032, 95
Trd, 8639593.682, 105
Trd, 8639594.382, 93
Trd, 8639596.382, 66
Trd, 8639596.582, 94
Trd, 8639597.482, 81
Trd, 8639597.832, 83
Trd, 8639598.832, 107
Trd, 8639600.282, 108
Trd, 8639601.432, 95
Trd, 8639602.232, 124
Trd, 8639603.682, 80
Trd, 8639604.032, 107
Trd, 8639605.182, 97
Trd, 8639605.782, 106
Trd, 8639607.682, 104
Trd, 8639607.782, 95
Trd, 8639608.482, 94
Trd, 8639611.532, 104
Trd, 8639611.832, 83
Trd, 8639613.782, 108
Trd, 8639615.232, 106
Trd, 8639616.782, 103
Trd, 8639616.982, 82
Trd, 8639617.482, 94
Trd, 8639617.932, 115
Trd, 8639618.432, 93
Trd, 8639618.682, 113
Trd, 8639621.882, 86
Trd, 8639622.682, 95
Trd, 8639623.982, 112
Trd, 8639624.882, 109
Trd, 8639626.482, 83
Trd, 8639626.682, 119
Trd, 8639629.232, 94
Trd, 8639630.132, 93
Trd, 8639631.632, 110
Trd, 8639632.982, 95
Trd, 8639634.332, 111
Trd, 8639634.882, 102
Trd, 8639636.582, 99
Trd, 8639638.082, 118
Trd, 8639639.532, 112
Trd, 8639640.732, 73
Trd, 8639640.882, 86
Trd, 8639642.032, 68
Trd, 8639642.882, 99
Trd, 8639644.082, 113
Trd, 8639644.382, 100
Trd, 8639645.132, 105
Trd, 8639648.832, 115
Trd, 8639649.582, 112
Trd, 8639650.932, 86
Trd, 8639652.082, 105
Trd, 8639653.932, 96
Trd, 8639654.682, 104
Trd, 8639656.982, 110
Trd, 8639657.732, 99
Trd, 8639657.782, 94
Trd, 8639660.082, 99
Trd, 8639661.382, 108
Trd, 8639661.482, 110
Trd, 8639661.582, 95
Trd, 8639664.232, 107
Trd, 8639664.532, 123
Trd, 8639666.882, 109
Trd, 8639667.232, 99
Trd, 8639667.482, 94
Trd, 8639668.882, 98
Trd, 8639669.782, 82
Trd, 8639670.432, 77
Trd, 8639672.382, 74
Trd, 8639673.582, 89
Trd, 8639674.932, 118
Trd, 8639677.032, 95
Trd, 8639677.682, 82
Trd, 8639678.532, 119
Trd, 8639679.532, 99
Trd, 8639680.332, 82
Trd, 8639681.332, 89
Trd, 8639683.282, 106
Trd, 8639684.782, 95
Trd, 8639686.282, 68
Trd, 8639686.732, 73
Trd, 8639687.282, 87
Trd, 8639688.082, 109
Trd, 8639689.432, 113
Trd, 8639689.732, 86
Trd, 8639692.232, 95
Trd, 8639693.782, 113
Trd, 8639694.882, 98
Trd, 8639695.482, 110
Trd, 8639697.132, 123
Trd, 8639697.732, 95
Trd, 8639698.932, 87
Trd, 8639699.582, 86
Trd, 8639700.982, 85
Trd, 8639702.182, 88
Trd, 8639703.432, 105
Trd, 8639704.732, 107
Trd, 8639707.982, 88
Trd, 8639708.032, 105
Trd, 8639708.482, 128
Trd, 8639708.632, 108
Trd, 8639709.532, 83
Trd, 8639711.382, 99
Trd, 8639711.582, 82
Trd, 8639712.082, 84
Trd, 8639715.632, 107
Trd, 8639715.782, 109
Trd, 8639716.682, 95
Trd, 8639719.332, 90
Trd, 8639720.332, 93
Trd, 8639721.832, 95
Trd, 8639722.482, 127
Trd, 8639723.432, 112
Trd, 8639725.282, 107
Trd, 8639726.082, 93
Trd, 8639727.232, 109
Trd, 8639727.432, 113
Trd, 8639729.732, 121
Trd, 8639730.232, 103
Trd, 8639732.432, 97
Trd, 8639732.782, 95
Trd, 8639734.782, 91
Trd, 8639737.782, 111
Trd, 8639737.882, 95
Trd, 8639739.182, 117
Trd, 8639739.732, 112
Trd, 8639740.782, 127
Trd, 8639742.632, 86
Trd, 8639743.732, 98
Trd, 8639744.182, 110
Trd, 8639744.682, 109
Trd, 8639746.132, 93
Trd, 8639748.182, 88
Trd, 8639748.232, 91
Trd, 8639748.382, 108
Trd, 8639749.082, 94
Trd, 8639750.282, 85
Trd, 8639751.732, 105
Trd, 8639752.432, 103
Trd, 8639753.582, 97
Trd, 8639754.132, 95
Trd, 8639754.982, 103
Trd, 8639756.082, 106
Trd, 8639757.382, 95
Trd, 8639760.032, 109
Trd, 8639760.132, 98
Trd, 8639761.882, 106
Trd, 8639762.482, 118
Trd, 8639762.782, 95
Trd, 8639765.132, 92
Trd, 8639765.832, 107
Trd, 8639766.832, 86
Trd, 8639767.682, 78
Trd, 8639769.032, 73
Trd, 8639770.332, 96
Trd, 8639772.132, 89
Trd, 8639773.182, 119
Trd, 8639774.582, 115
Trd, 8639775.182, 107
Trd, 8639775.382, 84
Trd, 8639777.182, 94
Trd, 8639777.732, 96
Trd, 8639779.382, 97
Trd, 8639779.682, 122
Trd, 8639780.482, 95
Trd, 8639780.932, 94
Trd, 8639781.232, 103
Trd, 8639783.882, 77
Trd, 8639784.882, 104
Trd, 8639787.782, 128
Trd, 8639788.282, 99
Trd, 8639788.632, 95
Trd, 8639789.732, 77
Trd, 8639789.882, 73
Trd, 8639790.682, 84
Trd, 8639793.332, 108
Trd, 8639794.732, 112
Trd, 8639795.632, 104
Trd, 8639797.782, 98
Trd, 8639797.982, 93
Trd, 8639799.382, 111
Trd, 8639799.782, 104
Trd, 8639802.732, 95
Trd, 8639803.282, 80
Trd, 8639804.632, 99
Trd, 8639804.982, 112
Trd, 8639805.782, 111
Trd, 8639807.482, 101
Trd, 8639808.432, 96
Trd, 8639808.782, 95
Trd, 8639809.682, 85
Trd, 8639810.832, 120
Trd, 8639811.582, 85
Trd, 8639812.582, 112
Trd, 8639813.932, 100
Trd, 8639815.032, 103
Trd, 8639816.832, 127
Trd, 8639817.482, 103
Trd, 8639818.482, 78
Trd, 8639819.732, 87
Trd, 8639820.782, 110
Trd, 8639822.632, 108
Trd, 8639822.982, 88
Trd, 8639824.632, 95
Trd, 8639825.082, 112
Trd, 8639825.732, 111
Trd, 8639826.232, 85
Trd, 8639826.482, 78
Trd, 8639826.982, 91
Trd, 8639827.232, 114
Trd, 8639828.182, 69
Trd, 8639831.332, 101
Trd, 8639831.932, 124
Trd, 8639832.032, 100
Trd, 8639836.582, 106
Trd, 8639837.182, 95
Trd, 8639837.232, 104
Trd, 8639839.732, 88
Trd, 8639840.282, 95
Trd, 8639840.432, 106
Trd, 8639840.782, 69
Trd, 8639842.732, 64
Trd, 8639842.782, 95
Trd, 8639843.032, 94
Trd, 8639843.332, 109
Trd, 8639845.182, 100
Trd, 8639847.182, 121
Trd, 8639847.582, 94
Trd, 8639850.182, 107
Trd, 8639851.432, 95
Trd, 8639852.132, 107
Trd, 8639852.482, 80
Trd, 8639854.682, 127
Trd, 8639855.932, 116
Trd, 8639855.982, 101
Trd, 8639856.282, 94
Trd, 8639856.932, 85
Trd, 8639857.382, 126
Trd, 8639858.432, 103
Trd, 8639859.532, 77
Trd, 8639861.382, 107
Trd, 8639863.982, 102
Trd, 8639864.032, 95
Trd, 8639865.382, 119
Trd, 8639866.882, 106
Trd, 8639867.282, 104
Trd, 8639868.232, 124
Trd, 8639868.982, 95
Trd, 8639870.532, 95
Trd, 8639870.582, 106
Trd, 8639874.082, 95
Trd, 8639874.932, 104
Trd, 8639875.532, 86
Trd, 8639876.082, 93
Trd, 8639877.582, 107
Trd, 8639879.382, 94
Trd, 8639883.782, 95
Trd, 8639884.382, 79
Trd, 8639884.732, 104
Trd, 8639885.232, 96
Trd, 8639886.482, 101
Trd, 8639888.082, 103
Trd, 8639889.382, 114
Trd, 8639891.582, 105
Trd, 8639892.282, 122
Trd, 8639893.182, 94
Trd, 8639894.982, 95
Trd, 8639895.132, 77
Trd, 8639895.982, 96
Trd, 8639896.732, 110
Trd, 8639898.432, 83
Trd, 8639898.532, 78
Trd, 8639900.832, 79
Trd, 8639903.382, 110
Trd, 8639903.532, 105
Trd, 8639903.782, 95
Trd, 8639904.832, 113
Trd, 8639909.132, 95
Trd, 8639909.432, 97
Trd, 8639911.982, 87
Trd, 8639912.732, 87
Trd, 8639912.782, 86
Trd, 8639914.532, 95
Trd, 8639916.582, 111
Trd, 8639917.282, 107
Trd, 8639917.332, 117
Trd, 8639917.482, 94
Trd, 8639919.482, 72
Trd, 8639921.182, 93
Trd, 8639921.832, 95
Trd, 8639922.332, 98
Trd, 8639923.632, 92
Trd, 8639925.682, 94
Trd, 8639927.032, 101
Trd, 8639928.182, 105
Trd, 8639930.782, 94
Trd, 8639931.232, 96
Trd, 8639932.232, 115
Trd, 8639932.582, 102
Trd, 8639935.682, 104
Trd, 8639936.582, 122
Trd, 8639938.682, 95
Trd, 8639939.082, 87
Trd, 8639940.132, 102
Trd, 8639940.632, 86
Trd, 8639941.082, 108
Trd, 8639942.082, 108
Trd, 8639943.232, 95
Trd, 8639944.532, 88
Trd, 8639945.082, 98
Trd, 8639946.532, 92
Trd, 8639946.932, 103
Trd, 8639949.032, 95
Trd, 8639951.082, 89
Trd, 8639951.882, 103
Trd, 8639953.332, 107
Trd, 8639956.582, 95
Trd, 8639957.032, 109
Trd, 8639957.382, 77
Trd, 8639959.682, 103
Trd, 8639960.632, 95
Trd, 8639960.932, 108
Trd, 8639961.732, 95
Trd, 8639963.032, 113
Trd, 8639963.232, 91
Trd, 8639963.732, 95
Trd, 8639968.732, 111
Trd, 8639968.982, 93
Trd, 8639969.682, 89
Trd, 8639971.282, 81
Trd, 8639972.582, 102
Trd, 8639974.132, 104
Trd, 8639974.582, 95
Trd, 8639975.332, 89
Trd, 8639976.582, 107
Trd, 8639976.932, 95
Trd, 8639977.732, 118
Trd, 8639980.132, 107
Trd, 8639980.432, 81
Trd, 8639981.932, 82
Trd, 8639982.532, 117
Trd, 8639983.732, 98
Trd, 8639984.882, 72
Trd, 8639986.032, 121
Trd, 8639986.482, 85
Trd, 8639987.382, 95
Trd, 8639990.232, 90
Trd, 8639990.632, 95
Trd, 8639991.032, 85
Trd, 8639991.682, 98
Trd, 8639992.332, 92
Trd, 8639992.632, 86
Trd, 8639993.782, 107
Trd, 8639994.132, 79
Trd, 8639997.182, 108
Trd, 8639997.982, 102
Trd, 8639998.482, 124
Trd, 8639999.432, 95
Trd, 8639999.682, 98
