Trd, 8637928.432, 102
Trd, 8637929.482, 88
Trd, 8637930.682, 93
Trd, 8637931.032, 94
Trd, 8637931.132, 90
Trd, 8637934.132, 94
Trd, 8637934.782, 95
Trd, 8637935.232, 104
Trd, 8637935.932, 94
Trd, 8637937.432, 111
Trd, 8637937.482, 122
Trd, 8637939.382, 109
Trd, 8637941.332, 103
Trd, 8637941.782, 103
Trd, 8637942.932, 102
Trd, 8637943.432, 103
Trd, 8637944.082, 103
Trd, 8637944.432, 95
Trd, 8637948.832, 98
Trd, 8637949.632, 100
Trd, 8637951.132, 103
Trd, 8637951.382, 103
Trd, 8637951.982, 102
Trd, 8637953.982, 102
Trd, 8637954.682, 97
Trd, 8637956.532, 100
Trd, 8637957.882, 100
Trd, 8637958.032, 96
Trd, 8637959.882, 101
Trd, 8637962.582, 101
Trd, 8637965.332, 99
Trd, 8637965.982, 99
Trd, 8637966.232, 104
Trd, 8637968.332, 112
Trd, 8637969.182, 112
Trd, 8637970.782, 96
Trd, 8637971.532, 95
Trd, 8637972.782, 104
Trd, 8637974.282, 117
Trd, 8637974.982, 116
Trd, 8637975.532, 116
Trd, 8637976.982, 112
Trd, 8637979.632, 103
Trd, 8637980.282, 102
Trd, 8637980.332, 103
Trd, 8637980.532, 86
Trd, 8637981.932, 80
Trd, 8637982.832, 100
Trd, 8637983.782, 104
Trd, 8637984.332, 121
Trd, 8637985.132, 119
Trd, 8637987.182, 90
Trd, 8637989.232, 109
Trd, 8637991.332, 105
Trd, 8637992.032, 108
Trd, 8637992.782, 118
Trd, 8637993.082, 119
Trd, 8637994.832, 104
Trd, 8637997.932, 103
Trd, 8637998.332, 101
Trd, 8637998.532, 100
Trd, 8638000.082, 101
Trd, 8638000.282, 95
Trd, 8638000.982, 103
Trd, 8638002.582, 99
Trd, 8638003.082, 89
Trd, 8638004.382, 98
Trd, 8638006.782, 93
Trd, 8638007.432, 94
Trd, 8638008.782, 94
Trd, 8638008.882, 95
Trd, 8638010.732, 98
Trd, 8638011.332, 104
Trd, 8638012.332, 113
Trd, 8638013.032, 114
Trd, 8638014.132, 107
Trd, 8638016.582, 108
Trd, 8638016.882, 98
Trd, 8638017.282, 108
Trd, 8638018.232, 95
Trd, 8638020.232, 103
Trd, 8638021.132, 101
Trd, 8638022.782, 100
Trd, 8638023.332, 94
Trd, 8638025.332, 107
Trd, 8638025.582, 107
Trd, 8638027.732, 88
Trd, 8638029.532, 99
Trd, 8638030.332, 99
Trd, 8638031.882, 95
Trd, 8638031.932, 96
Trd, 8638033.232, 110
Trd, 8638034.482, 110
Trd, 8638035.882, 105
Trd, 8638036.482, 104
Trd, 8638036.882, 105
Trd, 8638038.132, 88
Trd, 8638038.332, 103
Trd, 8638041.182, 113
Trd, 8638041.232, 92
Trd, 8638041.332, 116
Trd, 8638043.032, 115
Trd, 8638045.082, 114
Trd, 8638045.132, 116
Trd, 8638047.132, 91
Trd, 8638047.282, 109
Trd, 8638050.082, 104
Trd, 8638050.982, 104
Trd, 8638051.932, 97
Trd, 8638053.982, 106
Trd, 8638054.582, 100
Trd, 8638055.482, 105
Trd, 8638057.482, 100
Trd, 8638057.932, 102
Trd, 8638057.982, 96
Trd, 8638060.182, 98
Trd, 8638061.432, 111
Trd, 8638062.432, 117
Trd, 8638063.182, 119
Trd, 8638064.832, 104
Trd, 8638065.482, 111
Trd, 8638066.332, 107
Trd, 8638069.332, 102
Trd, 8638069.432, 103
Trd, 8638071.982, 101
Trd, 8638073.482, 109
Trd, 8638073.532, 87
Trd, 8638076.282, 88
Trd, 8638076.532, 103
Trd, 8638077.982, 100
Trd, 8638080.132, 87
Trd, 8638082.832, 91
Trd, 8638083.382, 82
Trd, 8638083.432, 92
Trd, 8638084.182, 92
Trd, 8638085.082, 94
Trd, 8638087.282, 90
Trd, 8638088.832, 91
Trd, 8638089.782, 95
Trd, 8638090.932, 92
Trd, 8638092.332, 110
Trd, 8638092.832, 113
Trd, 8638093.082, 115
Trd, 8638094.532, 119
Trd, 8638095.432, 88
Trd, 8638098.282, 116
Trd, 8638100.882, 87
Trd, 8638101.532, 101
Trd, 8638102.432, 103
Trd, 8638106.782, 89
Trd, 8638107.182, 96
Trd, 8638107.732, 95
Trd, 8638108.232, 95
Trd, 8638109.232, 100
Trd, 8638110.732, 97
Trd, 8638110.882, 100
Trd, 8638110.982, 95
Trd, 8638111.082, 104
Trd, 8638114.382, 113
Trd, 8638115.732, 112
Trd, 8638117.082, 84
Trd, 8638117.432, 111
Trd, 8638117.832, 112
Trd, 8638119.482, 122
Trd, 8638121.032, 106
Trd, 8638122.882, 104
Trd, 8638124.432, 101
Trd, 8638125.132, 97
Trd, 8638125.682, 98
Trd, 8638125.732, 96
Trd, 8638126.582, 99
Trd, 8638130.782, 104
Trd, 8638131.282, 112
Trd, 8638132.432, 92
Trd, 8638132.782, 108
Trd, 8638134.582, 94
Trd, 8638135.682, 99
Trd, 8638137.982, 108
Trd, 8638140.132, 98
Trd, 8638140.832, 99
Trd, 8638141.082, 100
Trd, 8638142.632, 102
Trd, 8638144.282, 101
Trd, 8638145.432, 101
Trd, 8638147.032, 104
Trd, 8638147.132, 94
Trd, 8638148.982, 109
Trd, 8638150.132, 109
Trd, 8638152.232, 102
Trd, 8638153.232, 104
Trd, 8638154.882, 98
Trd, 8638155.582, 97
Trd, 8638156.132, 98
Trd, 8638156.282, 104
Trd, 8638159.482, 100
Trd, 8638159.932, 101
Trd, 8638160.182, 102
Trd, 8638163.382, 88
Trd, 8638165.082, 100
Trd, 8638165.982, 96
Trd, 8638167.132, 96
Trd, 8638167.732, 96
Trd, 8638168.182, 95
Trd, 8638168.432, 104
Trd, 8638169.182, 129
Trd, 8638170.532, 115
Trd, 8638171.082, 83
Trd, 8638172.732, 107
Trd, 8638173.482, 107
Trd, 8638175.082, 99
Trd, 8638177.482, 95
Trd, 8638178.282, 95
Trd, 8638178.582, 77
Trd, 8638178.932, 103
Trd, 8638182.882, 91
Trd, 8638183.332, 87
Trd, 8638183.732, 91
Trd, 8638184.732, 102
Trd, 8638185.782, 103
Trd, 8638186.132, 95
Trd, 8638188.182, 119
Trd, 8638189.132, 119
Trd, 8638189.832, 117
Trd, 8638190.182, 100
Trd, 8638191.232, 120
Trd, 8638194.082, 116
Trd, 8638195.382, 115
Trd, 8638197.532, 105
Trd, 8638198.282, 105
Trd, 8638198.582, 105
Trd, 8638198.882, 110
Trd, 8638201.282, 111
Trd, 8638202.232, 111
Trd, 8638202.832, 108
Trd, 8638203.882, 104
Trd, 8638205.282, 100
Trd, 8638206.432, 98
Trd, 8638207.732, 109
Trd, 8638208.682, 87
Trd, 8638209.782, 110
Trd, 8638210.482, 91
Trd, 8638212.382, 107
Trd, 8638214.682, 99
Trd, 8638216.032, 99
Trd, 8638216.082, 100
Trd, 8638217.232, 103
Trd, 8638219.382, 101
Trd, 8638219.432, 114
Trd, 8638219.982, 101
Trd, 8638220.682, 121
Trd, 8638224.132, 107
Trd, 8638224.782, 105
Trd, 8638227.282, 102
Trd, 8638228.332, 103
Trd, 8638228.982, 100
Trd, 8638229.832, 102
Trd, 8638231.932, 98
Trd, 8638232.132, 97
Trd, 8638233.832, 95
Trd, 8638234.282, 95
Trd, 8638234.732, 95
Trd, 8638235.482, 122
Trd, 8638235.882, 89
Trd, 8638237.932, 109
Trd, 8638238.182, 110
Trd, 8638240.532, 91
Trd, 8638240.632, 101
Trd, 8638241.882, 99
Trd, 8638243.482, 100
Trd, 8638244.682, 99
Trd, 8638244.982, 100
Trd, 8638249.082, 96
Trd, 8638249.432, 95
Trd, 8638250.382, 98
Trd, 8638250.482, 104
Trd, 8638252.332, 112
Trd, 8638253.182, 92
Trd, 8638254.782, 114
Trd, 8638256.432, 121
Trd, 8638256.532, 99
Trd, 8638257.482, 117
Trd, 8638259.032, 116
Trd, 8638262.982, 92
Trd, 8638263.282, 92
Trd, 8638263.482, 93
Trd, 8638263.632, 94
Trd, 8638264.932, 96
Trd, 8638266.532, 103
Trd, 8638267.932, 99
Trd, 8638268.782, 84
Trd, 8638269.582, 99
Trd, 8638270.782, 88
Trd, 8638271.032, 102
Trd, 8638274.582, 97
Trd, 8638274.632, 98
Trd, 8638275.882, 97
Trd, 8638276.782, 96
Trd, 8638277.182, 96
Trd, 8638277.382, 97
Trd, 8638278.682, 86
Trd, 8638279.632, 103
Trd, 8638280.082, 104
Trd, 8638280.282, 79
Trd, 8638281.882, 119
Trd, 8638283.382, 115
Trd, 8638286.082, 111
Trd, 8638286.132, 93
Trd, 8638289.432, 104
Trd, 8638290.232, 103
Trd, 8638292.432, 93
Trd, 8638292.632, 94
Trd, 8638292.782, 97
Trd, 8638293.732, 104
Trd, 8638294.232, 97
Trd, 8638297.782, 107
Trd, 8638299.582, 103
Trd, 8638299.782, 104
Trd, 8638299.932, 103
Trd, 8638302.082, 97
Trd, 8638304.482, 102
Trd, 8638306.182, 96
Trd, 8638306.232, 98
Trd, 8638307.332, 96
Trd, 8638307.532, 98
Trd, 8638308.632, 77
Trd, 8638312.032, 96
Trd, 8638312.282, 97
Trd, 8638313.882, 89
Trd, 8638314.282, 98
Trd, 8638314.732, 100
Trd, 8638316.032, 88
Trd, 8638316.132, 99
Trd, 8638318.182, 107
Trd, 8638318.982, 106
Trd, 8638320.882, 99
Trd, 8638321.032, 101
Trd, 8638321.232, 102
Trd, 8638321.482, 123
Trd, 8638323.482, 98
Trd, 8638328.182, 112
Trd, 8638328.482, 111
Trd, 8638329.582, 101
Trd, 8638331.382, 106
Trd, 8638331.732, 105
Trd, 8638333.432, 107
Trd, 8638335.032, 110
Trd, 8638335.082, 95
Trd, 8638339.132, 101
Trd, 8638339.732, 98
Trd, 8638339.882, 102
Trd, 8638342.082, 102
Trd, 8638342.332, 101
Trd, 8638342.732, 103
Trd, 8638343.632, 103
Trd, 8638345.232, 108
Trd, 8638347.782, 104
Trd, 8638348.382, 108
Trd, 8638348.532, 101
Trd, 8638350.132, 105
Trd, 8638353.782, 104
Trd, 8638353.982, 105
Trd, 8638354.332, 104
Trd, 8638356.832, 103
Trd, 8638357.932, 103
Trd, 8638358.132, 95
Trd, 8638358.682, 102
Trd, 8638360.682, 96
Trd, 8638362.032, 97
Trd, 8638362.832, 96
Trd, 8638364.582, 97
Trd, 8638364.732, 103
Trd, 8638365.832, 88
Trd, 8638366.532, 102
Trd, 8638370.382, 94
Trd, 8638370.582, 95
Trd, 8638371.032, 103
Trd, 8638372.282, 102
Trd, 8638372.532, 104
Trd, 8638374.982, 99
Trd, 8638375.632, 108
Trd, 8638378.782, 101
Trd, 8638379.282, 104
Trd, 8638380.032, 99
Trd, 8638380.782, 102
Trd, 8638381.982, 98
Trd, 8638382.282, 103
Trd, 8638383.432, 99
Trd, 8638386.532, 96
Trd, 8638386.882, 95
Trd, 8638387.082, 97
Trd, 8638388.682, 110
Trd, 8638390.282, 106
Trd, 8638390.882, 105
Trd, 8638391.332, 104
Trd, 8638392.582, 102
Trd, 8638393.882, 97
Trd, 8638394.432, 96
Trd, 8638396.732, 93
Trd, 8638397.982, 110
Trd, 8638398.132, 113
Trd, 8638399.032, 92
Trd, 8638400.632, 105
Trd, 8638401.232, 90
Trd, 8638401.532, 104
Trd, 8638404.582, 102
Trd, 8638406.582, 99
Trd, 8638407.282, 102
Trd, 8638408.632, 103
Trd, 8638409.532, 102
Trd, 8638411.732, 104
Trd, 8638411.832, 122
Trd, 8638412.782, 97
Trd, 8638414.232, 113
Trd, 8638415.182, 112
Trd, 8638415.382, 114
Trd, 8638416.582, 111
Trd, 8638418.332, 107
Trd, 8638420.032, 103
Trd, 8638420.532, 104
Trd, 8638421.332, 104
Trd, 8638422.432, 111
Trd, 8638423.782, 110
Trd, 8638425.632, 105
Trd, 8638428.782, 98
Trd, 8638429.082, 98
Trd, 8638429.732, 95
Trd, 8638429.932, 97
Trd, 8638430.182, 98
Trd, 8638431.882, 101
Trd, 8638432.332, 102
Trd, 8638434.832, 112
Trd, 8638434.882, 89
Trd, 8638436.382, 89
Trd, 8638436.782, 108
Trd, 8638438.532, 109
Trd, 8638438.882, 110
Trd, 8638440.482, 112
Trd, 8638441.982, 116
Trd, 8638442.282, 91
Trd, 8638443.282, 113
Trd, 8638444.832, 116
Trd, 8638446.482, 87
Trd, 8638447.282, 104
Trd, 8638448.732, 101
Trd, 8638449.532, 102
Trd, 8638452.582, 96
Trd, 8638452.882, 95
Trd, 8638453.182, 99
Trd, 8638454.282, 95
Trd, 8638454.332, 113
Trd, 8638454.782, 114
Trd, 8638456.482, 131
Trd, 8638458.982, 124
Trd, 8638459.532, 86
Trd, 8638459.682, 122
Trd, 8638463.682, 104
Trd, 8638465.082, 101
Trd, 8638465.382, 103
Trd, 8638466.082, 98
Trd, 8638466.732, 102
Trd, 8638467.332, 103
Trd, 8638468.132, 95
Trd, 8638469.082, 112
Trd, 8638472.182, 109
Trd, 8638473.982, 105
Trd, 8638474.332, 104
Trd, 8638474.532, 105
Trd, 8638475.332, 104
Trd, 8638475.932, 103
Trd, 8638476.982, 96
Trd, 8638477.332, 111
Trd, 8638479.332, 109
Trd, 8638479.932, 109
Trd, 8638481.882, 104
Trd, 8638483.032, 109
Trd, 8638483.532, 110
Trd, 8638486.232, 112
Trd, 8638486.582, 98
Trd, 8638487.082, 122
Trd, 8638489.132, 111
Trd, 8638489.182, 112
Trd, 8638490.432, 102
Trd, 8638492.382, 98
Trd, 8638494.332, 98
Trd, 8638494.932, 96
Trd, 8638495.132, 97
Trd, 8638497.032, 93
Trd, 8638498.682, 94
Trd, 8638500.232, 95
Trd, 8638500.582, 103
Trd, 8638502.732, 101
Trd, 8638503.832, 102
Trd, 8638504.282, 97
Trd, 8638506.082, 114
Trd, 8638506.532, 115
Trd, 8638509.032, 109
Trd, 8638511.032, 93
Trd, 8638511.532, 103
Trd, 8638512.532, 102
Trd, 8638513.782, 96
Trd, 8638514.632, 97
Trd, 8638514.882, 101
Trd, 8638517.732, 90
Trd, 8638518.482, 95
Trd, 8638519.582, 91
Trd, 8638520.682, 91
Trd, 8638521.232, 93
Trd, 8638522.032, 93
Trd, 8638522.832, 95
Trd, 8638524.532, 86
Trd, 8638524.832, 97
Trd, 8638525.282, 100
Trd, 8638527.482, 104
Trd, 8638529.982, 100
Trd, 8638530.032, 89
Trd, 8638532.032, 96
Trd, 8638533.732, 94
Trd, 8638534.732, 90
Trd, 8638535.482, 95
Trd, 8638539.882, 92
Trd, 8638541.132, 90
Trd, 8638541.282, 91
Trd, 8638541.382, 95
Trd, 8638542.782, 112
Trd, 8638544.182, 96
Trd, 8638545.032, 95
Trd, 8638546.232, 104
Trd, 8638548.332, 101
Trd, 8638548.782, 121
Trd, 8638549.232, 119
Trd, 8638549.832, 119
Trd, 8638550.182, 120
Trd, 8638550.832, 97
Trd, 8638553.932, 112
Trd, 8638554.582, 113
Trd, 8638556.332, 87
Trd, 8638556.832, 113
Trd, 8638559.532, 96
Trd, 8638560.182, 103
Trd, 8638562.032, 102
Trd, 8638562.332, 104
Trd, 8638564.182, 112
Trd, 8638565.482, 103
Trd, 8638565.782, 109
Trd, 8638567.382, 103
Trd, 8638568.882, 102
Trd, 8638568.982, 104
Trd, 8638569.082, 101
Trd, 8638570.682, 103
Trd, 8638572.832, 105
Trd, 8638573.682, 105
Trd, 8638574.832, 106
Trd, 8638576.382, 105
Trd, 8638576.582, 93
Trd, 8638577.932, 76
Trd, 8638580.532, 100
Trd, 8638582.132, 98
Trd, 8638582.832, 96
Trd, 8638584.332, 90
Trd, 8638585.632, 109
Trd, 8638586.832, 108
Trd, 8638588.182, 117
Trd, 8638591.432, 107
Trd, 8638591.532, 108
Trd, 8638592.182, 99
Trd, 8638593.932, 104
Trd, 8638596.782, 80
Trd, 8638597.382, 91
Trd, 8638597.432, 92
Trd, 8638597.532, 96
Trd, 8638601.332, 93
Trd, 8638602.332, 95
Trd, 8638602.482, 104
Trd, 8638602.882, 94
Trd, 8638603.982, 113
Trd, 8638604.632, 115
Trd, 8638606.582, 90
Trd, 8638607.882, 119
Trd, 8638609.082, 118
Trd, 8638609.582, 119
Trd, 8638612.732, 111
Trd, 8638612.782, 85
Trd, 8638613.582, 109
Trd, 8638614.582, 113
Trd, 8638615.132, 114
Trd, 8638617.232, 87
Trd, 8638619.282, 88
Trd, 8638619.982, 108
Trd, 8638620.832, 109
Trd, 8638622.332, 105
Trd, 8638624.332, 96
Trd, 8638624.632, 94
Trd, 8638625.382, 93
Trd, 8638625.832, 93
Trd, 8638626.482, 113
Trd, 8638628.882, 115
Trd, 8638629.432, 112
Trd, 8638632.082, 106
Trd, 8638633.782, 98
Trd, 8638634.382, 104
Trd, 8638635.332, 100
Trd, 8638635.782, 101
Trd, 8638636.182, 112
Trd, 8638636.582, 88
Trd, 8638636.982, 110
Trd, 8638640.082, 109
Trd, 8638641.182, 92
Trd, 8638641.982, 108
Trd, 8638643.482, 99
Trd, 8638644.232, 100
Trd, 8638644.782, 103
Trd, 8638645.482, 103
Trd, 8638646.182, 101
Trd, 8638648.132, 113
Trd, 8638650.032, 104
Trd, 8638651.182, 103
Trd, 8638651.382, 104
Trd, 8638651.682, 104
Trd, 8638654.882, 95
Trd, 8638656.332, 91
Trd, 8638657.432, 94
Trd, 8638657.832, 91
Trd, 8638658.682, 93
Trd, 8638659.232, 95
Trd, 8638660.232, 95
Trd, 8638660.632, 98
Trd, 8638661.132, 99
Trd, 8638664.032, 87
Trd, 8638664.632, 97
Trd, 8638666.332, 100
Trd, 8638666.732, 100
Trd, 8638668.082, 95
Trd, 8638668.282, 96
Trd, 8638669.232, 132
Trd, 8638669.482, 122
Trd, 8638671.232, 119
Trd, 8638672.432, 113
Trd, 8638673.282, 86
Trd, 8638676.182, 106
Trd, 8638678.182, 103
Trd, 8638678.982, 104
Trd, 8638680.282, 102
Trd, 8638682.532, 107
Trd, 8638683.282, 101
Trd, 8638684.132, 102
Trd, 8638684.782, 100
Trd, 8638684.882, 102
Trd, 8638687.082, 112
Trd, 8638688.332, 108
Trd, 8638688.882, 107
Trd, 8638689.682, 122
Trd, 8638690.332, 86
Trd, 8638693.832, 103
Trd, 8638694.782, 103
Trd, 8638695.282, 92
Trd, 8638695.682, 100
Trd, 8638696.482, 98
Trd, 8638699.882, 99
Trd, 8638700.882, 99
Trd, 8638701.732, 99
Trd, 8638702.732, 98
Trd, 8638702.932, 99
Trd, 8638702.982, 104
Trd, 8638704.832, 122
Trd, 8638706.332, 112
Trd, 8638706.732, 104
Trd, 8638707.082, 112
Trd, 8638709.132, 109
Trd, 8638711.382, 100
Trd, 8638712.782, 101
Trd, 8638712.882, 102
Trd, 8638713.882, 102
Trd, 8638716.582, 101
Trd, 8638717.232, 85
Trd, 8638718.032, 102
Trd, 8638719.432, 101
Trd, 8638719.932, 103
Trd, 8638720.732, 103
Trd, 8638721.482, 97
Trd, 8638724.282, 98
Trd, 8638725.232, 96
Trd, 8638725.582, 97
Trd, 8638726.332, 95
Trd, 8638726.482, 97
Trd, 8638726.982, 103
Trd, 8638732.282, 107
Trd, 8638732.632, 94
Trd, 8638734.232, 103
Trd, 8638734.782, 104
Trd, 8638736.182, 100
Trd, 8638736.532, 98
Trd, 8638737.132, 100
Trd, 8638739.482, 101
Trd, 8638739.832, 100
Trd, 8638740.032, 104
Trd, 8638742.282, 112
Trd, 8638743.832, 92
Trd, 8638743.932, 106
Trd, 8638746.482, 112
Trd, 8638747.932, 111
Trd, 8638748.832, 100
Trd, 8638749.732, 99
Trd, 8638750.532, 106
Trd, 8638752.282, 99
Trd, 8638752.332, 100
Trd, 8638753.482, 117
Trd, 8638754.632, 121
Trd, 8638756.282, 122
Trd, 8638758.882, 111
Trd, 8638762.032, 100
Trd, 8638762.382, 100
Trd, 8638762.982, 98
Trd, 8638763.782, 98
Trd, 8638764.582, 94
Trd, 8638764.632, 95
Trd, 8638767.982, 97
Trd, 8638768.882, 97
Trd, 8638770.132, 93
Trd, 8638770.282, 94
Trd, 8638771.332, 93
Trd, 8638773.232, 97
Trd, 8638773.982, 97
Trd, 8638777.132, 98
Trd, 8638777.282, 99
Trd, 8638777.882, 98
Trd, 8638778.632, 100
Trd, 8638778.882, 99
Trd, 8638779.732, 112
Trd, 8638780.582, 97
Trd, 8638781.782, 113
Trd, 8638783.232, 119
Trd, 8638784.532, 113
Trd, 8638787.582, 105
Trd, 8638788.032, 107
Trd, 8638788.432, 108
Trd, 8638789.132, 104
Trd, 8638789.282, 111
Trd, 8638791.382, 95
Trd, 8638792.082, 106
Trd, 8638793.082, 103
Trd, 8638795.432, 98
Trd, 8638796.482, 95
Trd, 8638796.832, 95
Trd, 8638796.882, 103
Trd, 8638796.932, 104
Trd, 8638797.382, 119
Trd, 8638801.132, 112
Trd, 8638802.332, 95
Trd, 8638802.632, 121
Trd, 8638804.132, 119
Trd, 8638806.532, 111
Trd, 8638807.582, 108
Trd, 8638807.682, 105
Trd, 8638809.482, 107
Trd, 8638812.282, 99
Trd, 8638813.182, 97
Trd, 8638813.782, 97
Trd, 8638815.882, 97
Trd, 8638816.532, 97
Trd, 8638816.582, 98
Trd, 8638817.882, 103
Trd, 8638818.532, 114
Trd, 8638820.332, 90
Trd, 8638821.232, 108
Trd, 8638822.832, 91
Trd, 8638822.932, 106
Trd, 8638823.532, 106
Trd, 8638826.332, 116
Trd, 8638826.632, 117
Trd, 8638828.132, 109
Trd, 8638830.582, 104
Trd, 8638832.632, 97
Trd, 8638833.182, 102
Trd, 8638833.782, 101
Trd, 8638835.732, 97
Trd, 8638835.832, 98
Trd, 8638837.932, 98
Trd, 8638838.632, 99
Trd, 8638838.982, 101
Trd, 8638839.632, 97
Trd, 8638841.882, 94
Trd, 8638842.882, 100
Trd, 8638844.232, 103
Trd, 8638845.632, 104
Trd, 8638845.882, 95
Trd, 8638846.282, 119
Trd, 8638846.332, 120
Trd, 8638848.882, 119
Trd, 8638849.782, 120
Trd, 8638852.682, 96
Trd, 8638853.132, 117
Trd, 8638854.582, 114
Trd, 8638854.882, 113
Trd, 8638856.832, 108
Trd, 8638858.582, 97
Trd, 8638860.832, 99
Trd, 8638862.132, 98
Trd, 8638862.482, 99
Trd, 8638863.832, 99
Trd, 8638865.382, 101
Trd, 8638866.332, 103
Trd, 8638867.082, 103
Trd, 8638867.332, 102
Trd, 8638869.432, 103
Trd, 8638869.982, 103
Trd, 8638870.982, 103
Trd, 8638873.482, 108
Trd, 8638873.682, 97
Trd, 8638874.832, 105
Trd, 8638876.282, 99
Trd, 8638876.782, 95
Trd, 8638877.032, 95
Trd, 8638880.432, 87
Trd, 8638881.132, 85
Trd, 8638881.782, 86
Trd, 8638882.332, 86
Trd, 8638883.382, 85
Trd, 8638883.882, 91
Trd, 8638884.482, 104
Trd, 8638888.482, 95
Trd, 8638888.632, 107
Trd, 8638889.032, 106
Trd, 8638890.082, 103
Trd, 8638892.332, 103
Trd, 8638892.382, 104
Trd, 8638893.482, 97
Trd, 8638894.382, 109
Trd, 8638896.282, 103
Trd, 8638897.182, 103
Trd, 8638900.532, 105
Trd, 8638900.582, 96
Trd, 8638902.532, 100
Trd, 8638903.732, 97
Trd, 8638904.132, 101
Trd, 8638904.282, 95
Trd, 8638906.632, 96
Trd, 8638907.732, 100
Trd, 8638909.132, 92
Trd, 8638909.232, 103
Trd, 8638910.332, 102
Trd, 8638911.282, 102
Trd, 8638912.382, 97
Trd, 8638912.932, 112
Trd, 8638914.332, 122
Trd, 8638917.182, 89
Trd, 8638917.482, 120
Trd, 8638919.282, 109
Trd, 8638919.632, 111
Trd, 8638920.932, 110
Trd, 8638921.082, 94
Trd, 8638923.032, 105
Trd, 8638923.482, 106
Trd, 8638924.882, 105
Trd, 8638927.932, 104
Trd, 8638929.232, 111
Trd, 8638930.682, 107
Trd, 8638931.682, 104
Trd, 8638932.232, 103
Trd, 8638932.782, 98
Trd, 8638935.382, 103
Trd, 8638936.682, 102
Trd, 8638937.832, 90
Trd, 8638939.132, 100
Trd, 8638941.332, 94
Trd, 8638942.232, 97
Trd, 8638942.782, 95
Trd, 8638943.432, 96
Trd, 8638944.482, 95
Trd, 8638944.932, 94
Trd, 8638947.032, 112
Trd, 8638950.232, 96
Trd, 8638950.532, 101
Trd, 8638950.732, 101
Trd, 8638951.532, 101
Trd, 8638951.982, 96
Trd, 8638954.032, 98
Trd, 8638956.282, 96
Trd, 8638956.582, 96
Trd, 8638957.282, 97
Trd, 8638959.232, 99
Trd, 8638959.532, 88
Trd, 8638960.032, 97
Trd, 8638960.182, 99
Trd, 8638961.782, 88
Trd, 8638963.632, 104
Trd, 8638963.832, 116
Trd, 8638964.632, 122
Trd, 8638967.782, 121
Trd, 8638969.232, 104
Trd, 8638969.332, 114
Trd, 8638970.632, 108
Trd, 8638972.432, 113
Trd, 8638975.032, 110
Trd, 8638976.282, 101
Trd, 8638976.682, 111
Trd, 8638978.382, 105
Trd, 8638979.632, 104
Trd, 8638980.182, 98
Trd, 8638980.482, 103
Trd, 8638982.182, 112
Trd, 8638983.132, 110
Trd, 8638985.732, 107
Trd, 8638985.782, 97
Trd, 8638987.532, 105
Trd, 8638989.682, 113
Trd, 8638990.832, 114
Trd, 8638992.032, 101
Trd, 8638992.382, 108
Trd, 8638993.032, 100
Trd, 8638994.432, 102
Trd, 8638995.582, 100
Trd, 8638997.032, 94
Trd, 8638998.532, 95
Trd, 8638998.682, 96
Trd, 8638999.032, 97
Trd, 8639001.632, 98
Trd, 8639002.632, 99
Trd, 8639004.132, 104
Trd, 8639005.132, 100
Trd, 8639006.232, 113
Trd, 8639007.832, 119
Trd, 8639008.282, 119
Trd, 8639011.632, 109
Trd, 8639011.732, 111
Trd, 8639013.532, 101
Trd, 8639014.832, 100
Trd, 8639015.482, 97
Trd, 8639015.582, 100
Trd, 8639016.082, 86
Trd, 8639018.082, 106
Trd, 8639019.882, 101
Trd, 8639021.632, 97
Trd, 8639022.782, 95
Trd, 8639023.032, 95
Trd, 8639023.132, 97
Trd, 8639024.982, 100
Trd, 8639025.932, 96
Trd, 8639027.382, 97
Trd, 8639027.632, 97
Trd, 8639028.532, 115
Trd, 8639030.732, 96
Trd, 8639031.082, 115
Trd, 8639034.532, 103
Trd, 8639034.632, 101
Trd, 8639035.332, 100
Trd, 8639035.882, 104
Trd, 8639037.132, 119
Trd, 8639037.682, 120
Trd, 8639040.982, 95
Trd, 8639041.132, 108
Trd, 8639043.782, 95
Trd, 8639044.232, 95
Trd, 8639044.882, 95
Trd, 8639046.232, 86
Trd, 8639046.882, 94
Trd, 8639049.632, 99
Trd, 8639050.732, 100
Trd, 8639051.232, 112
Trd, 8639051.282, 86
Trd, 8639052.382, 111
Trd, 8639052.582, 86
Trd, 8639055.082, 106
Trd, 8639056.582, 106
Trd, 8639058.232, 102
Trd, 8639060.332, 92
Trd, 8639062.282, 89
Trd, 8639062.382, 89
Trd, 8639062.432, 92
Trd, 8639063.132, 102
Trd, 8639064.032, 90
Trd, 8639064.382, 104
Trd, 8639065.582, 111
Trd, 8639066.732, 105
Trd, 8639068.182, 102
Trd, 8639068.282, 103
Trd, 8639071.732, 98
Trd, 8639071.932, 100
Trd, 8639073.432, 98
Trd, 8639074.132, 100
Trd, 8639075.182, 101
Trd, 8639075.332, 103
Trd, 8639076.682, 103
Trd, 8639077.232, 102
Trd, 8639077.382, 104
Trd, 8639080.682, 90
Trd, 8639081.032, 102
Trd, 8639082.032, 102
Trd, 8639083.732, 98
Trd, 8639084.782, 99
Trd, 8639085.182, 99
Trd, 8639086.432, 98
Trd, 8639086.832, 99
Trd, 8639087.732, 76
Trd, 8639088.032, 99
Trd, 8639089.382, 101
Trd, 8639090.282, 103
Trd, 8639093.332, 88
Trd, 8639094.582, 107
Trd, 8639095.732, 106
Trd, 8639096.632, 104
Trd, 8639098.382, 97
Trd, 8639099.082, 98
Trd, 8639099.182, 99
Trd, 8639099.932, 100
Trd, 8639101.682, 99
Trd, 8639102.282, 89
Trd, 8639102.982, 87
Trd, 8639104.682, 97
Trd, 8639104.982, 98
Trd, 8639107.932, 95
Trd, 8639110.132, 95
Trd, 8639110.332, 94
Trd, 8639112.382, 93
Trd, 8639112.582, 95
Trd, 8639113.532, 87
Trd, 8639114.482, 101
Trd, 8639114.882, 104
Trd, 8639116.182, 92
Trd, 8639117.932, 108
Trd, 8639117.982, 92
Trd, 8639120.132, 107
Trd, 8639122.932, 104
Trd, 8639123.082, 105
Trd, 8639123.182, 106
Trd, 8639124.682, 104
Trd, 8639125.282, 111
Trd, 8639125.832, 109
Trd, 8639127.332, 104
Trd, 8639128.232, 105
Trd, 8639129.182, 96
Trd, 8639129.332, 106
Trd, 8639130.082, 105
Trd, 8639134.732, 98
Trd, 8639135.782, 112
Trd, 8639136.282, 112
Trd, 8639137.982, 104
Trd, 8639138.282, 103
Trd, 8639138.432, 104
Trd, 8639138.582, 107
Trd, 8639139.032, 122
Trd, 8639139.532, 95
Trd, 8639144.432, 100
Trd, 8639145.332, 101
Trd, 8639146.182, 101
Trd, 8639146.782, 97
Trd, 8639147.632, 97
Trd, 8639148.082, 104
Trd, 8639148.232, 116
Trd, 8639149.632, 99
Trd, 8639150.132, 114
Trd, 8639151.082, 114
Trd, 8639155.932, 100
Trd, 8639157.032, 95
Trd, 8639157.532, 98
Trd, 8639157.682, 103
Trd, 8639158.732, 102
Trd, 8639161.082, 104
Trd, 8639161.332, 94
Trd, 8639162.182, 109
Trd, 8639163.582, 103
Trd, 8639164.632, 102
Trd, 8639165.282, 100
Trd, 8639165.532, 100
Trd, 8639166.582, 89
Trd, 8639166.732, 100
Trd, 8639169.282, 90
Trd, 8639169.432, 112
Trd, 8639170.332, 110
Trd, 8639171.432, 109
Trd, 8639174.532, 100
Trd, 8639175.332, 96
Trd, 8639176.382, 96
Trd, 8639176.982, 78
Trd, 8639178.432, 91
Trd, 8639179.082, 92
Trd, 8639180.032, 95
Trd, 8639180.282, 82
Trd, 8639181.882, 99
Trd, 8639183.882, 96
Trd, 8639185.682, 94
Trd, 8639186.982, 96
Trd, 8639187.382, 98
Trd, 8639187.882, 102
Trd, 8639188.282, 100
Trd, 8639188.482, 86
Trd, 8639191.582, 99
Trd, 8639192.182, 99
Trd, 8639192.532, 100
Trd, 8639192.932, 82
Trd, 8639194.782, 110
Trd, 8639195.282, 85
Trd, 8639196.282, 112
Trd, 8639199.082, 80
Trd, 8639200.682, 107
Trd, 8639200.882, 109
Trd, 8639202.732, 103
Trd, 8639203.632, 102
Trd, 8639205.832, 103
Trd, 8639206.582, 99
Trd, 8639207.232, 98
Trd, 8639207.582, 99
Trd, 8639207.882, 104
Trd, 8639208.982, 113
Trd, 8639211.982, 113
Trd, 8639213.382, 96
Trd, 8639214.232, 109
Trd, 8639216.382, 103
Trd, 8639216.832, 102
Trd, 8639217.632, 103
Trd, 8639218.632, 97
Trd, 8639219.582, 98
Trd, 8639220.032, 99
Trd, 8639221.932, 94
Trd, 8639222.332, 97
Trd, 8639223.132, 95
Trd, 8639223.732, 94
Trd, 8639225.632, 94
Trd, 8639226.632, 93
Trd, 8639226.832, 95
Trd, 8639227.182, 116
Trd, 8639228.182, 91
Trd, 8639230.782, 88
Trd, 8639231.582, 109
Trd, 8639232.982, 106
Trd, 8639235.082, 99
Trd, 8639236.082, 96
Trd, 8639236.332, 95
Trd, 8639236.482, 99
Trd, 8639236.732, 102
Trd, 8639237.782, 99
Trd, 8639241.282, 100
Trd, 8639242.532, 97
Trd, 8639242.932, 97
Trd, 8639243.582, 95
Trd, 8639243.732, 96
Trd, 8639244.432, 97
Trd, 8639247.032, 91
Trd, 8639247.582, 98
Trd, 8639248.232, 97
Trd, 8639248.432, 103
Trd, 8639251.132, 99
Trd, 8639252.482, 100
Trd, 8639252.982, 100
Trd, 8639253.432, 99
Trd, 8639253.932, 100
Trd, 8639254.632, 101
Trd, 8639256.982, 99
Trd, 8639258.682, 99
Trd, 8639258.832, 101
Trd, 8639259.032, 102
Trd, 8639259.382, 95
Trd, 8639260.432, 113
Trd, 8639263.882, 117
Trd, 8639263.982, 127
Trd, 8639265.282, 94
Trd, 8639266.132, 106
Trd, 8639267.682, 107
Trd, 8639268.132, 108
Trd, 8639269.482, 111
Trd, 8639272.782, 106
Trd, 8639273.082, 98
Trd, 8639274.682, 98
Trd, 8639275.732, 102
Trd, 8639275.782, 103
Trd, 8639277.882, 99
Trd, 8639277.982, 99
Trd, 8639278.632, 99
Trd, 8639279.032, 100
Trd, 8639280.132, 120
Trd, 8639281.082, 120
Trd, 8639282.132, 119
Trd, 8639282.182, 96
Trd, 8639285.382, 104
Trd, 8639286.832, 97
Trd, 8639287.182, 97
Trd, 8639287.482, 95
Trd, 8639287.782, 98
Trd, 8639290.382, 113
Trd, 8639291.932, 90
Trd, 8639292.282, 120
Trd, 8639292.932, 121
Trd, 8639294.382, 87
Trd, 8639295.132, 112
Trd, 8639296.782, 112
Trd, 8639299.332, 113
Trd, 8639302.332, 105
Trd, 8639303.982, 102
Trd, 8639304.332, 102
Trd, 8639304.482, 104
Trd, 8639304.582, 95
Trd, 8639304.932, 105
Trd, 8639305.832, 118
Trd, 8639307.382, 115
Trd, 8639307.732, 92
Trd, 8639311.632, 103
Trd, 8639312.382, 98
Trd, 8639312.832, 99
Trd, 8639313.632, 97
Trd, 8639314.432, 101
Trd, 8639314.782, 104
Trd, 8639315.182, 115
Trd, 8639315.932, 95
Trd, 8639316.332, 121
Trd, 8639320.682, 110
Trd, 8639321.532, 109
Trd, 8639322.982, 106
Trd, 8639324.032, 100
Trd, 8639325.232, 106
Trd, 8639327.832, 104
Trd, 8639328.682, 101
Trd, 8639329.032, 112
Trd, 8639332.882, 106
Trd, 8639333.732, 107
Trd, 8639333.782, 117
Trd, 8639334.632, 129
Trd, 8639334.932, 99
Trd, 8639337.532, 109
Trd, 8639338.332, 97
Trd, 8639338.982, 109
Trd, 8639341.332, 102
Trd, 8639341.932, 99
Trd, 8639342.032, 95
Trd, 8639344.132, 95
Trd, 8639344.382, 104
Trd, 8639345.682, 86
Trd, 8639346.682, 101
Trd, 8639347.232, 102
Trd, 8639349.482, 96
Trd, 8639350.032, 96
Trd, 8639350.332, 95
Trd, 8639350.532, 96
Trd, 8639352.482, 89
Trd, 8639352.532, 99
Trd, 8639353.982, 104
Trd, 8639356.982, 111
Trd, 8639357.182, 96
Trd, 8639359.032, 106
Trd, 8639360.032, 107
Trd, 8639360.832, 105
Trd, 8639361.832, 114
Trd, 8639362.982, 109
Trd, 8639363.082, 118
Trd, 8639365.232, 115
Trd, 8639366.632, 110
Trd, 8639367.482, 104
Trd, 8639370.132, 101
Trd, 8639371.282, 95
Trd, 8639372.182, 104
Trd, 8639372.632, 114
Trd, 8639374.132, 120
Trd, 8639374.532, 121
Trd, 8639376.482, 110
Trd, 8639377.082, 111
Trd, 8639377.282, 111
Trd, 8639380.332, 88
Trd, 8639381.482, 102
Trd, 8639383.332, 93
Trd, 8639383.882, 99
Trd, 8639384.332, 101
Trd, 8639386.532, 100
Trd, 8639387.082, 100
Trd, 8639388.632, 100
Trd, 8639389.282, 95
Trd, 8639390.482, 117
Trd, 8639390.682, 121
Trd, 8639391.682, 119
Trd, 8639394.832, 113
Trd, 8639395.382, 97
Trd, 8639397.882, 105
Trd, 8639398.732, 101
Trd, 8639399.082, 102
Trd, 8639399.232, 100
Trd, 8639399.382, 104
Trd, 8639403.532, 98
Trd, 8639403.582, 99
Trd, 8639404.032, 98
Trd, 8639405.782, 101
Trd, 8639406.782, 101
Trd, 8639407.182, 95
Trd, 8639410.932, 95
Trd, 8639411.832, 85
Trd, 8639412.482, 93
Trd, 8639413.132, 83
Trd, 8639413.332, 91
Trd, 8639415.482, 91
Trd, 8639415.832, 95
Trd, 8639418.232, 96
Trd, 8639418.832, 95
Trd, 8639419.032, 96
Trd, 8639420.732, 104
Trd, 8639421.032, 113
Trd, 8639421.082, 122
Trd, 8639421.282, 88
Trd, 8639421.882, 129
Trd, 8639422.482, 77
Trd, 8639424.132, 113
Trd, 8639425.582, 108
Trd, 8639426.732, 118
Trd, 8639428.882, 83
Trd, 8639430.082, 107
Trd, 8639432.682, 97
Trd, 8639432.932, 98
Trd, 8639432.982, 96
Trd, 8639434.682, 103
Trd, 8639434.832, 104
Trd, 8639437.932, 108
Trd, 8639438.182, 102
Trd, 8639439.532, 106
Trd, 8639440.282, 103
Trd, 8639440.482, 106
Trd, 8639442.382, 103
Trd, 8639444.132, 100
Trd, 8639446.082, 96
Trd, 8639446.132, 88
Trd, 8639446.432, 99
Trd, 8639446.732, 101
Trd, 8639448.632, 90
Trd, 8639448.732, 114
Trd, 8639452.282, 108
Trd, 8639453.782, 106
Trd, 8639455.332, 104
Trd, 8639456.882, 119
Trd, 8639458.832, 109
Trd, 8639459.132, 104
Trd, 8639460.532, 105
Trd, 8639461.832, 106
Trd, 8639462.582, 106
Trd, 8639463.182, 113
Trd, 8639463.282, 122
Trd, 8639463.432, 90
Trd, 8639466.782, 96
Trd, 8639466.882, 108
Trd, 8639469.682, 96
Trd, 8639470.182, 97
Trd, 8639472.282, 115
Trd, 8639474.432, 105
Trd, 8639475.232, 104
Trd, 8639477.082, 95
Trd, 8639478.532, 91
Trd, 8639479.432, 88
Trd, 8639480.032, 89
Trd, 8639480.232, 89
Trd, 8639482.132, 103
Trd, 8639483.482, 103
Trd, 8639483.932, 104
Trd, 8639486.632, 96
Trd, 8639487.032, 109
Trd, 8639487.182, 95
Trd, 8639489.882, 99
Trd, 8639491.332, 98
Trd, 8639492.232, 95
Trd, 8639492.682, 94
Trd, 8639492.832, 90
Trd, 8639494.932, 90
Trd, 8639496.082, 91
Trd, 8639497.982, 91
Trd, 8639498.482, 86
Trd, 8639500.332, 90
Trd, 8639500.682, 95
Trd, 8639501.282, 102
Trd, 8639502.932, 102
Trd, 8639503.032, 118
Trd, 8639504.432, 118
Trd, 8639507.982, 107
Trd, 8639508.632, 104
Trd, 8639510.732, 97
Trd, 8639510.882, 96
Trd, 8639511.132, 98
Trd, 8639511.282, 102
Trd, 8639511.832, 104
Trd, 8639512.932, 111
Trd, 8639513.932, 106
Trd, 8639515.732, 105
Trd, 8639516.432, 91
Trd, 8639518.132, 100
Trd, 8639519.082, 96
Trd, 8639519.532, 96
Trd, 8639519.832, 103
Trd, 8639521.332, 101
Trd, 8639521.432, 86
Trd, 8639523.932, 107
Trd, 8639525.132, 82
Trd, 8639525.582, 106
Trd, 8639525.782, 107
Trd, 8639527.882, 115
Trd, 8639529.982, 111
Trd, 8639530.782, 111
Trd, 8639531.982, 95
Trd, 8639532.582, 96
Trd, 8639533.332, 102
Trd, 8639534.882, 100
Trd, 8639535.032, 101
Trd, 8639536.082, 99
Trd, 8639538.882, 99
Trd, 8639540.882, 103
Trd, 8639541.432, 103
Trd, 8639542.532, 99
Trd, 8639543.482, 97
Trd, 8639544.232, 97
Trd, 8639544.832, 96
Trd, 8639546.382, 95
Trd, 8639546.532, 96
Trd, 8639546.582, 104
Trd, 8639548.132, 112
Trd, 8639549.082, 111
Trd, 8639549.132, 122
Trd, 8639553.582, 95
Trd, 8639553.732, 103
Trd, 8639554.432, 104
Trd, 8639555.082, 95
Trd, 8639555.682, 112
Trd, 8639559.982, 95
Trd, 8639560.632, 89
Trd, 8639561.132, 91
Trd, 8639561.632, 90
Trd, 8639562.632, 93
Trd, 8639564.632, 93
Trd, 8639564.932, 114
Trd, 8639566.682, 98
Trd, 8639567.132, 109
Trd, 8639567.482, 110
Trd, 8639567.632, 116
Trd, 8639569.382, 113
Trd, 8639570.082, 96
Trd, 8639571.132, 110
Trd, 8639573.982, 105
Trd, 8639574.582, 104
Trd, 8639575.032, 105
Trd, 8639575.632, 113
Trd, 8639576.082, 114
Trd, 8639581.032, 89
Trd, 8639581.232, 105
Trd, 8639582.432, 102
Trd, 8639583.082, 102
Trd, 8639585.382, 100
Trd, 8639585.782, 95
Trd, 8639587.132, 98
Trd, 8639587.182, 99
Trd, 8639588.132, 97
Trd, 8639590.232, 100
Trd, 8639590.932, 101
Trd, 8639591.932, 114
Trd, 8639594.032, 109
Trd, 8639595.532, 109
Trd, 8639595.682, 109
Trd, 8639595.982, 103
Trd, 8639597.482, 106
Trd, 8639599.182, 104
Trd, 8639599.432, 105
Trd, 8639600.982, 90
Trd, 8639601.582, 120
Trd, 8639603.182, 113
Trd, 8639605.282, 104
Trd, 8639605.332, 95
Trd, 8639606.982, 97
Trd, 8639607.382, 97
Trd, 8639607.482, 97
Trd, 8639607.932, 86
Trd, 8639611.882, 98
Trd, 8639612.082, 102
Trd, 8639613.182, 89
Trd, 8639614.282, 107
Trd, 8639616.532, 100
Trd, 8639617.632, 99
Trd, 8639619.282, 96
Trd, 8639619.632, 96
Trd, 8639620.782, 122
Trd, 8639621.982, 115
Trd, 8639622.082, 97
Trd, 8639623.982, 98
Trd, 8639624.182, 108
Trd, 8639624.282, 109
Trd, 8639627.882, 110
Trd, 8639628.782, 105
Trd, 8639628.932, 103
Trd, 8639630.182, 105
Trd, 8639630.782, 105
Trd, 8639632.532, 115
Trd, 8639632.682, 81
Trd, 8639634.182, 113
Trd, 8639636.582, 109
Trd, 8639637.332, 107
Trd, 8639637.482, 95
Trd, 8639640.982, 90
Trd, 8639641.432, 99
Trd, 8639642.682, 95
Trd, 8639643.632, 98
Trd, 8639644.132, 99
Trd, 8639644.882, 100
Trd, 8639645.182, 104
Trd, 8639647.982, 108
Trd, 8639648.682, 104
Trd, 8639649.232, 87
Trd, 8639652.582, 96
Trd, 8639653.482, 95
Trd, 8639654.232, 95
Trd, 8639654.982, 103
Trd, 8639655.832, 104
Trd, 8639656.132, 114
Trd, 8639657.882, 92
Trd, 8639660.682, 101
Trd, 8639661.832, 99
Trd, 8639662.032, 97
Trd, 8639663.182, 98
Trd, 8639663.682, 98
Trd, 8639665.932, 79
Trd, 8639666.682, 103
Trd, 8639667.132, 104
Trd, 8639669.282, 111
Trd, 8639669.632, 111
Trd, 8639670.482, 112
Trd, 8639673.032, 86
Trd, 8639673.432, 113
Trd, 8639674.982, 111
Trd, 8639679.982, 103
Trd, 8639680.782, 97
Trd, 8639681.132, 95
Trd, 8639681.732, 94
Trd, 8639682.482, 95
Trd, 8639684.782, 94
Trd, 8639685.032, 95
Trd, 8639685.732, 97
Trd, 8639687.632, 108
Trd, 8639688.132, 108
Trd, 8639688.432, 107
Trd, 8639690.032, 101
Trd, 8639691.982, 78
Trd, 8639693.332, 96
Trd, 8639693.482, 97
Trd, 8639695.682, 97
Trd, 8639697.232, 94
Trd, 8639697.282, 95
Trd, 8639697.532, 94
Trd, 8639699.332, 96
Trd, 8639700.282, 113
Trd, 8639700.582, 113
Trd, 8639702.082, 78
Trd, 8639703.382, 79
Trd, 8639703.932, 104
Trd, 8639705.632, 98
Trd, 8639707.532, 97
Trd, 8639709.532, 92
Trd, 8639709.932, 92
Trd, 8639711.882, 92
Trd, 8639712.132, 86
Trd, 8639712.782, 91
Trd, 8639712.882, 95
Trd, 8639716.082, 86
Trd, 8639718.282, 96
Trd, 8639719.882, 91
Trd, 8639720.032, 96
Trd, 8639721.282, 97
Trd, 8639721.332, 122
Trd, 8639722.782, 116
Trd, 8639725.032, 94
Trd, 8639725.632, 94
Trd, 8639726.332, 99
Trd, 8639727.032, 96
Trd, 8639727.732, 97
Trd, 8639728.232, 113
Trd, 8639730.832, 108
Trd, 8639732.532, 103
Trd, 8639734.332, 97
Trd, 8639735.382, 103
Trd, 8639735.882, 103
Trd, 8639737.132, 101
Trd, 8639737.732, 104
Trd, 8639738.932, 118
Trd, 8639742.132, 104
Trd, 8639742.582, 106
Trd, 8639743.482, 101
Trd, 8639744.032, 104
Trd, 8639747.282, 107
Trd, 8639747.682, 107
Trd, 8639747.832, 102
Trd, 8639748.732, 131
Trd, 8639750.132, 121
Trd, 8639750.732, 113
Trd, 8639751.432, 119
Trd, 8639752.732, 96
Trd, 8639753.982, 112
Trd, 8639755.732, 104
Trd, 8639756.932, 84
Trd, 8639757.032, 99
Trd, 8639759.582, 95
Trd, 8639761.382, 111
Trd, 8639762.682, 110
Trd, 8639764.132, 99
Trd, 8639765.582, 104
Trd, 8639765.632, 104
Trd, 8639765.682, 105
Trd, 8639767.532, 100
Trd, 8639771.682, 101
Trd, 8639772.432, 100
Trd, 8639773.582, 95
Trd, 8639774.082, 95
Trd, 8639774.132, 90
Trd, 8639775.232, 92
Trd, 8639778.132, 95
Trd, 8639779.132, 102
Trd, 8639780.432, 100
Trd, 8639781.432, 102
Trd, 8639781.682, 100
Trd, 8639782.632, 97
Trd, 8639783.232, 98
Trd, 8639785.232, 103
Trd, 8639786.882, 109
Trd, 8639789.732, 105
Trd, 8639790.082, 97
Trd, 8639790.182, 104
Trd, 8639790.782, 105
Trd, 8639793.932, 105
Trd, 8639794.882, 105
Trd, 8639795.182, 104
Trd, 8639795.832, 86
Trd, 8639795.982, 102
Trd, 8639796.132, 103
Trd, 8639798.282, 109
Trd, 8639798.682, 84
Trd, 8639798.832, 110
Trd, 8639801.482, 104
Trd, 8639802.932, 101
Trd, 8639803.332, 102
Trd, 8639804.182, 89
Trd, 8639806.282, 100
Trd, 8639807.382, 101
Trd, 8639810.382, 96
Trd, 8639810.632, 96
Trd, 8639811.082, 95
Trd, 8639813.082, 97
Trd, 8639814.382, 94
Trd, 8639814.832, 96
Trd, 8639815.682, 96
Trd, 8639816.332, 95
Trd, 8639818.482, 97
Trd, 8639819.182, 97
Trd, 8639819.432, 97
Trd, 8639819.682, 98
Trd, 8639820.932, 113
Trd, 8639821.232, 118
Trd, 8639823.632, 98
Trd, 8639825.982, 79
Trd, 8639827.682, 100
Trd, 8639828.482, 101
Trd, 8639830.082, 96
Trd, 8639832.132, 89
Trd, 8639832.632, 91
Trd, 8639832.732, 88
Trd, 8639834.282, 101
Trd, 8639835.282, 100
Trd, 8639838.632, 98
Trd, 8639839.032, 98
Trd, 8639839.132, 98
Trd, 8639839.882, 95
Trd, 8639841.982, 101
Trd, 8639843.482, 100
Trd, 8639843.882, 94
Trd, 8639845.282, 96
Trd, 8639846.232, 95
Trd, 8639847.432, 95
Trd, 8639848.282, 94
Trd, 8639849.132, 93
Trd, 8639851.032, 93
Trd, 8639851.832, 92
Trd, 8639852.232, 92
Trd, 8639852.282, 95
Trd, 8639852.982, 104
Trd, 8639853.032, 114
Trd, 8639853.932, 78
Trd, 8639857.082, 114
Trd, 8639857.232, 83
Trd, 8639859.382, 102
Trd, 8639860.582, 95
Trd, 8639862.132, 93
Trd, 8639862.982, 89
Trd, 8639864.082, 88
Trd, 8639864.682, 89
Trd, 8639865.832, 93
Trd, 8639866.032, 104
Trd, 8639868.032, 113
Trd, 8639869.032, 113
Trd, 8639870.032, 96
Trd, 8639870.932, 109
Trd, 8639873.082, 98
Trd, 8639874.732, 101
Trd, 8639875.132, 101
Trd, 8639876.482, 98
Trd, 8639877.182, 99
Trd, 8639877.882, 104
Trd, 8639878.282, 112
Trd, 8639882.982, 98
Trd, 8639883.232, 97
Trd, 8639883.732, 96
Trd, 8639883.932, 97
Trd, 8639884.182, 95
Trd, 8639884.532, 104
Trd, 8639885.782, 110
Trd, 8639886.332, 111
Trd, 8639888.032, 113
Trd, 8639889.782, 93
Trd, 8639891.532, 104
Trd, 8639893.732, 90
Trd, 8639894.082, 95
Trd, 8639894.482, 96
Trd, 8639897.432, 113
Trd, 8639897.682, 96
Trd, 8639898.632, 107
Trd, 8639900.982, 100
Trd, 8639901.082, 99
Trd, 8639901.832, 101
Trd, 8639903.632, 96
Trd, 8639904.382, 95
Trd, 8639906.032, 95
Trd, 8639906.482, 96
Trd, 8639907.082, 104
Trd, 8639909.282, 122
Trd, 8639909.832, 93
Trd, 8639911.632, 104
Trd, 8639913.832, 98
Trd, 8639914.382, 97
Trd, 8639914.632, 98
Trd, 8639916.132, 101
Trd, 8639917.082, 99
Trd, 8639917.932, 95
Trd, 8639920.182, 97
Trd, 8639920.532, 96
Trd, 8639921.782, 103
Trd, 8639923.432, 111
Trd, 8639923.732, 112
Trd, 8639923.932, 114
Trd, 8639924.482, 90
Trd, 8639928.232, 110
Trd, 8639928.482, 111
Trd, 8639929.382, 114
Trd, 8639931.032, 100
Trd, 8639931.482, 125
Trd, 8639932.082, 122
Trd, 8639934.132, 103
Trd, 8639935.432, 105
Trd, 8639936.282, 104
Trd, 8639936.782, 104
Trd, 8639939.132, 111
Trd, 8639939.532, 112
Trd, 8639941.432, 104
Trd, 8639942.482, 95
Trd, 8639943.732, 104
Trd, 8639943.782, 105
Trd, 8639943.982, 105
Trd, 8639947.132, 100
Trd, 8639947.582, 100
Trd, 8639949.882, 93
Trd, 8639950.032, 94
Trd, 8639951.382, 95
Trd, 8639951.532, 84
Trd, 8639954.032, 98
Trd, 8639954.082, 87
Trd, 8639956.282, 97
Trd, 8639957.132, 98
Trd, 8639957.182, 101
Trd, 8639958.382, 103
Trd, 8639960.732, 102
Trd, 8639962.332, 95
Trd, 8639962.832, 105
Trd, 8639963.432, 104
Trd, 8639965.832, 98
Trd, 8639965.932, 100
Trd, 8639966.982, 100
Trd, 8639968.732, 98
Trd, 8639969.332, 97
Trd, 8639969.882, 99
Trd, 8639970.682, 87
Trd, 8639973.682, 91
Trd, 8639975.182, 96
Trd, 8639975.432, 101
Trd, 8639975.682, 104
Trd, 8639977.582, 77
Trd, 8639979.082, 98
Trd, 8639980.332, 95
Trd, 8639983.332, 93
Trd, 8639983.532, 91
Trd, 8639984.932, 89
Trd, 8639985.882, 93
Trd, 8639987.782, 95
Trd, 8639987.932, 88
Trd, 8639989.282, 95
Trd, 8639990.982, 101
Trd, 8639992.782, 98
Trd, 8639992.832, 104
Trd, 8639993.132, 114
Trd, 8639996.832, 111
Trd, 8639996.982, 102
Trd, 8639998.232, 101
Trd, 8639998.682, 108
Trd, 8639999.082, 107
