Trd, 8637844.232, 100
Trd, 8637845.882, 90
Trd, 8637846.332, 93
Trd, 8637847.632, 101
Trd, 8637850.732, 97
Trd, 8637851.032, 97
Trd, 8637853.782, 104
Trd, 8637856.632, 104
Trd, 8637858.382, 102
Trd, 8637859.732, 102
Trd, 8637863.932, 94
Trd, 8637865.082, 93
Trd, 8637865.232, 95
Trd, 8637865.482, 95
Trd, 8637868.382, 110
Trd, 8637870.082, 105
Trd, 8637870.332, 106
Trd, 8637873.082, 96
Trd, 8637873.932, 96
Trd, 8637874.282, 97
Trd, 8637875.632, 103
Trd, 8637875.782, 104
Trd, 8637880.232, 101
Trd, 8637880.382, 102
Trd, 8637881.332, 101
Trd, 8637881.382, 102
Trd, 8637884.632, 94
Trd, 8637885.682, 95
Trd, 8637886.632, 104
Trd, 8637887.482, 108
Trd, 8637890.882, 105
Trd, 8637892.732, 103
Trd, 8637892.882, 104
Trd, 8637893.132, 107
Trd, 8637896.232, 111
Trd, 8637899.132, 101
Trd, 8637901.082, 100
Trd, 8637901.232, 100
Trd, 8637902.682, 99
Trd, 8637904.332, 101
Trd, 8637904.632, 102
Trd, 8637908.182, 101
Trd, 8637908.882, 100
Trd, 8637909.332, 100
Trd, 8637912.482, 93
Trd, 8637912.832, 92
Trd, 8637913.532, 96
Trd, 8637913.932, 104
Trd, 8637914.132, 113
Trd, 8637917.932, 90
Trd, 8637918.132, 91
Trd, 8637920.332, 93
Trd, 8637921.332, 101
Trd, 8637921.382, 102
Trd, 8637921.632, 95
Trd, 8637925.332, 96
Trd, 8637925.932, 98
Trd, 8637927.632, 98
Trd, 8637929.082, 96
Trd, 8637929.832, 97
Trd, 8637930.432, 98
Trd, 8637932.082, 121
Trd, 8637933.832, 113
Trd, 8637934.932, 111
Trd, 8637936.732, 107
Trd, 8637937.632, 104
Trd, 8637939.482, 104
Trd, 8637941.182, 110
Trd, 8637941.432, 111
Trd, 8637944.782, 113
Trd, 8637945.682, 113
Trd, 8637946.332, 115
Trd, 8637947.732, 118
Trd, 8637948.532, 113
Trd, 8637949.732, 108
Trd, 8637950.482, 104
Trd, 8637950.782, 104
Trd, 8637952.132, 104
Trd, 8637955.432, 113
Trd, 8637955.782, 112
Trd, 8637955.832, 113
Trd, 8637960.282, 108
Trd, 8637961.882, 100
Trd, 8637962.782, 97
Trd, 8637963.032, 98
Trd, 8637963.832, 99
Trd, 8637966.082, 101
Trd, 8637968.382, 97
Trd, 8637969.632, 98
Trd, 8637971.982, 104
Trd, 8637973.982, 97
Trd, 8637974.532, 102
Trd, 8637977.682, 103
Trd, 8637979.832, 99
Trd, 8637980.682, 103
Trd, 8637981.182, 103
Trd, 8637982.132, 102
Trd, 8637983.232, 113
Trd, 8637984.332, 126
Trd, 8637986.832, 117
Trd, 8637987.632, 115
Trd, 8637987.982, 114
Trd, 8637990.632, 105
Trd, 8637990.882, 105
Trd, 8637991.032, 104
Trd, 8637994.432, 104
Trd, 8637996.382, 95
Trd, 8637997.732, 90
Trd, 8637997.882, 90
Trd, 8637999.932, 110
Trd, 8638000.082, 104
Trd, 8638001.782, 108
Trd, 8638001.932, 110
Trd, 8638002.932, 110
Trd, 8638003.932, 111
Trd, 8638005.832, 113
Trd, 8638007.682, 116
Trd, 8638009.232, 107
Trd, 8638009.832, 107
Trd, 8638010.082, 106
Trd, 8638010.582, 106
Trd, 8638012.432, 112
Trd, 8638013.482, 113
Trd, 8638016.532, 109
Trd, 8638018.182, 102
Trd, 8638018.932, 100
Trd, 8638019.982, 113
Trd, 8638022.282, 113
Trd, 8638022.382, 115
Trd, 8638022.432, 116
Trd, 8638028.632, 97
Trd, 8638029.732, 94
Trd, 8638031.082, 95
Trd, 8638031.432, 93
Trd, 8638031.832, 101
Trd, 8638033.332, 102
Trd, 8638035.532, 99
Trd, 8638036.432, 100
Trd, 8638037.882, 101
Trd, 8638038.082, 100
Trd, 8638038.182, 113
Trd, 8638041.882, 114
Trd, 8638042.482, 113
Trd, 8638042.632, 113
Trd, 8638043.782, 112
Trd, 8638044.432, 109
Trd, 8638048.832, 95
Trd, 8638049.982, 94
Trd, 8638052.032, 94
Trd, 8638053.732, 91
Trd, 8638054.832, 95
Trd, 8638055.282, 104
Trd, 8638056.782, 111
Trd, 8638057.282, 108
Trd, 8638057.682, 108
Trd, 8638059.032, 111
Trd, 8638061.982, 105
Trd, 8638062.182, 106
Trd, 8638063.132, 104
Trd, 8638065.332, 95
Trd, 8638065.832, 94
Trd, 8638066.332, 95
Trd, 8638066.482, 100
Trd, 8638068.882, 107
Trd, 8638071.582, 105
Trd, 8638074.282, 101
Trd, 8638074.632, 103
Trd, 8638075.132, 101
Trd, 8638076.332, 101
Trd, 8638076.932, 100
Trd, 8638078.482, 104
Trd, 8638080.032, 111
Trd, 8638082.282, 108
Trd, 8638085.482, 100
Trd, 8638086.432, 99
Trd, 8638086.582, 112
Trd, 8638089.582, 103
Trd, 8638089.832, 103
Trd, 8638093.882, 100
Trd, 8638094.182, 103
Trd, 8638095.432, 100
Trd, 8638097.932, 95
Trd, 8638100.682, 93
Trd, 8638101.232, 93
Trd, 8638102.032, 93
Trd, 8638102.432, 95
Trd, 8638104.232, 103
Trd, 8638106.132, 107
Trd, 8638107.582, 104
Trd, 8638109.632, 100
Trd, 8638109.982, 100
Trd, 8638114.582, 104
Trd, 8638114.882, 104
Trd, 8638116.182, 105
Trd, 8638119.032, 110
Trd, 8638120.032, 109
Trd, 8638123.182, 100
Trd, 8638124.682, 100
Trd, 8638126.082, 101
Trd, 8638127.082, 100
Trd, 8638127.332, 99
Trd, 8638131.532, 97
Trd, 8638131.732, 102
Trd, 8638132.382, 103
Trd, 8638132.732, 113
Trd, 8638134.982, 115
Trd, 8638135.482, 118
Trd, 8638138.432, 111
Trd, 8638138.482, 112
Trd, 8638140.532, 108
Trd, 8638140.682, 108
Trd, 8638141.982, 107
Trd, 8638145.182, 102
Trd, 8638147.032, 110
Trd, 8638147.782, 108
Trd, 8638148.232, 108
Trd, 8638149.432, 119
Trd, 8638151.182, 114
Trd, 8638151.832, 113
Trd, 8638152.482, 112
Trd, 8638153.882, 113
Trd, 8638156.582, 120
Trd, 8638157.132, 116
Trd, 8638158.782, 112
Trd, 8638160.582, 104
Trd, 8638161.732, 103
Trd, 8638162.332, 106
Trd, 8638163.282, 111
Trd, 8638164.182, 112
Trd, 8638166.332, 103
Trd, 8638167.232, 104
Trd, 8638167.332, 101
Trd, 8638170.632, 109
Trd, 8638172.782, 107
Trd, 8638174.182, 104
Trd, 8638174.282, 105
Trd, 8638174.682, 106
Trd, 8638177.082, 106
Trd, 8638178.732, 103
Trd, 8638180.882, 101
Trd, 8638180.932, 104
Trd, 8638183.882, 107
Trd, 8638184.332, 109
Trd, 8638185.982, 103
Trd, 8638186.532, 104
Trd, 8638187.332, 101
Trd, 8638189.382, 97
Trd, 8638189.832, 97
Trd, 8638192.932, 87
Trd, 8638193.832, 87
Trd, 8638194.132, 88
Trd, 8638195.732, 103
Trd, 8638197.332, 109
Trd, 8638200.182, 106
Trd, 8638203.082, 96
Trd, 8638204.432, 91
Trd, 8638204.932, 92
Trd, 8638205.332, 94
Trd, 8638206.882, 93
Trd, 8638208.332, 110
Trd, 8638209.182, 110
Trd, 8638211.532, 105
Trd, 8638211.882, 104
Trd, 8638213.582, 103
Trd, 8638215.582, 101
Trd, 8638216.682, 101
Trd, 8638218.882, 98
Trd, 8638219.832, 98
Trd, 8638220.032, 99
Trd, 8638222.482, 103
Trd, 8638224.582, 102
Trd, 8638226.582, 100
Trd, 8638228.032, 99
Trd, 8638230.682, 93
Trd, 8638230.982, 93
Trd, 8638231.382, 94
Trd, 8638232.132, 94
Trd, 8638232.932, 95
Trd, 8638235.182, 101
Trd, 8638236.582, 104
Trd, 8638240.932, 105
Trd, 8638241.282, 104
Trd, 8638243.432, 99
Trd, 8638243.482, 100
Trd, 8638247.632, 92
Trd, 8638247.782, 93
Trd, 8638248.882, 96
Trd, 8638251.482, 92
Trd, 8638251.782, 94
Trd, 8638253.382, 104
Trd, 8638255.182, 108
Trd, 8638256.332, 113
Trd, 8638259.832, 113
Trd, 8638261.482, 110
Trd, 8638263.132, 106
Trd, 8638263.432, 104
Trd, 8638264.032, 105
Trd, 8638264.482, 112
Trd, 8638268.182, 101
Trd, 8638268.632, 100
Trd, 8638269.632, 100
Trd, 8638272.082, 97
Trd, 8638272.582, 97
Trd, 8638274.732, 95
Trd, 8638274.832, 104
Trd, 8638278.932, 122
Trd, 8638279.882, 118
Trd, 8638281.032, 113
Trd, 8638282.282, 110
Trd, 8638283.382, 107
Trd, 8638287.182, 95
Trd, 8638287.532, 95
Trd, 8638287.832, 95
Trd, 8638288.432, 96
Trd, 8638289.282, 103
Trd, 8638292.482, 95
Trd, 8638292.932, 95
Trd, 8638294.432, 99
Trd, 8638295.432, 104
Trd, 8638296.832, 98
Trd, 8638299.682, 107
Trd, 8638300.932, 103
Trd, 8638301.182, 104
Trd, 8638304.082, 98
Trd, 8638304.932, 96
Trd, 8638305.082, 97
Trd, 8638306.782, 97
Trd, 8638307.282, 99
Trd, 8638309.982, 97
Trd, 8638310.182, 96
Trd, 8638314.232, 107
Trd, 8638314.782, 104
Trd, 8638317.782, 107
Trd, 8638318.482, 107
Trd, 8638319.082, 107
Trd, 8638319.982, 125
Trd, 8638322.582, 116
Trd, 8638323.382, 113
Trd, 8638325.132, 108
Trd, 8638325.382, 107
Trd, 8638328.832, 107
Trd, 8638328.982, 104
Trd, 8638329.432, 107
Trd, 8638330.932, 104
Trd, 8638334.332, 105
Trd, 8638335.132, 102
Trd, 8638335.632, 104
Trd, 8638338.032, 97
Trd, 8638338.282, 101
Trd, 8638341.082, 102
Trd, 8638341.932, 102
Trd, 8638342.382, 103
Trd, 8638344.232, 102
Trd, 8638344.782, 103
Trd, 8638346.482, 101
Trd, 8638346.582, 113
Trd, 8638349.932, 116
Trd, 8638352.632, 106
Trd, 8638352.782, 107
Trd, 8638353.732, 104
Trd, 8638354.232, 105
Trd, 8638355.682, 111
Trd, 8638357.982, 109
Trd, 8638359.332, 109
Trd, 8638360.032, 110
Trd, 8638360.482, 95
Trd, 8638363.332, 100
Trd, 8638364.182, 100
Trd, 8638366.182, 103
Trd, 8638366.432, 104
Trd, 8638367.832, 111
Trd, 8638367.882, 113
Trd, 8638371.032, 109
Trd, 8638371.882, 107
Trd, 8638372.632, 106
Trd, 8638374.132, 105
Trd, 8638375.282, 105
Trd, 8638377.482, 107
Trd, 8638378.332, 107
Trd, 8638379.932, 109
Trd, 8638382.682, 103
Trd, 8638384.632, 99
Trd, 8638385.182, 103
Trd, 8638387.732, 101
Trd, 8638387.932, 102
Trd, 8638389.332, 103
Trd, 8638390.882, 100
Trd, 8638394.282, 91
Trd, 8638394.782, 91
Trd, 8638395.682, 92
Trd, 8638396.382, 95
Trd, 8638396.432, 104
Trd, 8638397.232, 115
Trd, 8638401.282, 103
Trd, 8638402.332, 100
Trd, 8638404.432, 95
Trd, 8638404.632, 98
Trd, 8638405.682, 98
Trd, 8638409.082, 108
Trd, 8638410.182, 108
Trd, 8638411.482, 108
Trd, 8638414.132, 98
Trd, 8638414.882, 100
Trd, 8638415.982, 100
Trd, 8638416.982, 110
Trd, 8638418.082, 107
Trd, 8638420.232, 105
Trd, 8638421.282, 106
Trd, 8638421.532, 106
Trd, 8638421.882, 107
Trd, 8638422.832, 112
Trd, 8638428.482, 97
Trd, 8638428.832, 97
Trd, 8638430.682, 93
Trd, 8638430.832, 112
Trd, 8638434.182, 115
Trd, 8638434.232, 116
Trd, 8638436.182, 111
Trd, 8638437.332, 111
Trd, 8638439.732, 109
Trd, 8638441.432, 111
Trd, 8638443.332, 106
Trd, 8638444.282, 107
Trd, 8638445.882, 106
Trd, 8638447.532, 103
Trd, 8638448.032, 101
Trd, 8638449.532, 100
Trd, 8638450.732, 101
Trd, 8638451.882, 107
Trd, 8638454.432, 102
Trd, 8638456.282, 101
Trd, 8638457.432, 103
Trd, 8638458.582, 101
Trd, 8638459.532, 103
Trd, 8638459.682, 104
Trd, 8638463.232, 122
Trd, 8638463.282, 126
Trd, 8638466.932, 107
Trd, 8638468.932, 101
Trd, 8638469.782, 100
Trd, 8638470.732, 102
Trd, 8638471.482, 104
Trd, 8638474.882, 106
Trd, 8638475.482, 106
Trd, 8638477.632, 101
Trd, 8638477.782, 102
Trd, 8638480.282, 97
Trd, 8638481.032, 97
Trd, 8638483.532, 89
Trd, 8638484.382, 91
Trd, 8638486.182, 92
Trd, 8638486.732, 95
Trd, 8638486.932, 104
Trd, 8638490.182, 105
Trd, 8638490.482, 106
Trd, 8638491.782, 103
Trd, 8638494.382, 100
Trd, 8638495.932, 101
Trd, 8638496.582, 100
Trd, 8638499.032, 98
Trd, 8638500.082, 97
Trd, 8638501.382, 95
Trd, 8638501.682, 95
Trd, 8638504.632, 106
Trd, 8638506.532, 102
Trd, 8638507.032, 103
Trd, 8638507.432, 108
Trd, 8638508.632, 109
Trd, 8638510.482, 105
Trd, 8638513.332, 104
Trd, 8638514.732, 100
Trd, 8638514.982, 100
Trd, 8638517.082, 99
Trd, 8638517.582, 98
Trd, 8638518.982, 99
Trd, 8638519.482, 100
Trd, 8638520.582, 110
Trd, 8638523.182, 110
Trd, 8638524.282, 108
Trd, 8638527.232, 106
Trd, 8638528.532, 96
Trd, 8638528.632, 112
Trd, 8638532.632, 100
Trd, 8638533.782, 97
Trd, 8638535.332, 100
Trd, 8638537.432, 98
Trd, 8638538.032, 96
Trd, 8638541.082, 102
Trd, 8638542.082, 102
Trd, 8638542.532, 100
Trd, 8638547.582, 94
Trd, 8638548.182, 94
Trd, 8638548.332, 94
Trd, 8638549.882, 103
Trd, 8638549.932, 113
Trd, 8638551.882, 128
Trd, 8638553.482, 130
Trd, 8638557.332, 116
Trd, 8638557.832, 113
Trd, 8638557.882, 112
Trd, 8638559.932, 102
Trd, 8638562.382, 98
Trd, 8638562.832, 100
Trd, 8638564.882, 97
Trd, 8638565.132, 98
Trd, 8638565.632, 112
Trd, 8638566.732, 112
Trd, 8638568.882, 109
Trd, 8638569.382, 107
Trd, 8638572.582, 101
Trd, 8638574.382, 101
Trd, 8638576.032, 101
Trd, 8638576.532, 97
Trd, 8638577.382, 100
Trd, 8638577.632, 104
Trd, 8638579.082, 112
Trd, 8638582.332, 108
Trd, 8638582.532, 109
Trd, 8638583.982, 112
Trd, 8638585.732, 106
Trd, 8638586.932, 104
Trd, 8638588.432, 103
Trd, 8638589.182, 106
Trd, 8638589.432, 113
Trd, 8638592.282, 102
Trd, 8638594.432, 103
Trd, 8638595.832, 102
Trd, 8638599.782, 96
Trd, 8638600.232, 96
Trd, 8638601.382, 95
Trd, 8638601.482, 96
Trd, 8638601.932, 112
Trd, 8638603.782, 112
Trd, 8638606.582, 108
Trd, 8638610.282, 97
Trd, 8638610.382, 98
Trd, 8638610.832, 99
Trd, 8638613.432, 107
Trd, 8638616.682, 106
Trd, 8638617.782, 104
Trd, 8638618.632, 104
Trd, 8638619.482, 101
Trd, 8638620.182, 101
Trd, 8638623.682, 105
Trd, 8638626.182, 94
Trd, 8638626.882, 94
Trd, 8638627.732, 95
Trd, 8638629.332, 103
Trd, 8638632.932, 114
Trd, 8638633.582, 113
Trd, 8638636.432, 105
Trd, 8638639.982, 96
Trd, 8638641.982, 95
Trd, 8638643.882, 93
Trd, 8638644.282, 103
Trd, 8638644.532, 104
Trd, 8638649.682, 94
Trd, 8638650.032, 94
Trd, 8638652.932, 90
Trd, 8638653.232, 90
Trd, 8638653.282, 95
Trd, 8638654.782, 104
Trd, 8638655.632, 113
Trd, 8638659.132, 102
Trd, 8638659.632, 102
Trd, 8638660.632, 103
Trd, 8638661.132, 124
Trd, 8638662.882, 116
Trd, 8638663.682, 114
Trd, 8638663.732, 113
Trd, 8638667.132, 105
Trd, 8638667.782, 104
Trd, 8638668.232, 104
Trd, 8638668.632, 104
Trd, 8638669.182, 113
Trd, 8638672.682, 112
Trd, 8638673.282, 112
Trd, 8638674.182, 112
Trd, 8638675.982, 114
Trd, 8638677.532, 105
Trd, 8638680.082, 98
Trd, 8638682.182, 96
Trd, 8638683.132, 95
Trd, 8638683.832, 95
Trd, 8638685.482, 113
Trd, 8638687.032, 115
Trd, 8638687.132, 116
Trd, 8638687.882, 114
Trd, 8638688.082, 113
Trd, 8638689.432, 114
Trd, 8638691.582, 107
Trd, 8638693.382, 105
Trd, 8638693.582, 104
Trd, 8638694.482, 102
Trd, 8638696.132, 113
Trd, 8638698.282, 115
Trd, 8638699.582, 109
Trd, 8638699.832, 107
Trd, 8638702.632, 98
Trd, 8638702.682, 100
Trd, 8638703.182, 103
Trd, 8638704.932, 102
Trd, 8638705.182, 104
Trd, 8638707.882, 111
Trd, 8638710.982, 102
Trd, 8638711.932, 102
Trd, 8638713.982, 99
Trd, 8638714.182, 100
Trd, 8638714.982, 101
Trd, 8638717.782, 112
Trd, 8638718.132, 112
Trd, 8638720.832, 104
Trd, 8638721.732, 104
Trd, 8638724.082, 103
Trd, 8638724.532, 105
Trd, 8638725.832, 130
Trd, 8638728.532, 119
Trd, 8638729.932, 113
Trd, 8638730.132, 113
Trd, 8638730.732, 113
Trd, 8638734.232, 104
Trd, 8638734.632, 100
Trd, 8638736.732, 96
Trd, 8638737.832, 92
Trd, 8638738.782, 91
Trd, 8638739.632, 95
Trd, 8638742.832, 96
Trd, 8638744.432, 93
Trd, 8638745.132, 94
Trd, 8638746.332, 104
Trd, 8638746.782, 113
Trd, 8638749.932, 119
Trd, 8638753.232, 104
Trd, 8638754.432, 98
Trd, 8638755.182, 102
Trd, 8638757.432, 101
Trd, 8638758.732, 99
Trd, 8638759.682, 99
Trd, 8638760.082, 98
Trd, 8638763.282, 94
Trd, 8638763.832, 96
Trd, 8638764.332, 94
Trd, 8638764.732, 95
Trd, 8638764.832, 95
Trd, 8638767.082, 111
Trd, 8638769.182, 109
Trd, 8638770.882, 104
Trd, 8638771.732, 105
Trd, 8638773.732, 112
Trd, 8638775.182, 112
Trd, 8638776.032, 110
Trd, 8638779.632, 97
Trd, 8638779.782, 96
Trd, 8638782.532, 93
Trd, 8638782.782, 95
Trd, 8638783.982, 103
Trd, 8638784.532, 104
Trd, 8638787.982, 100
Trd, 8638788.582, 99
Trd, 8638790.332, 98
Trd, 8638791.782, 104
Trd, 8638794.682, 104
Trd, 8638797.982, 99
Trd, 8638799.632, 96
Trd, 8638801.232, 95
Trd, 8638801.332, 104
Trd, 8638801.882, 86
Trd, 8638804.232, 112
Trd, 8638806.232, 106
Trd, 8638807.032, 105
Trd, 8638807.582, 104
Trd, 8638810.032, 97
Trd, 8638812.232, 103
Trd, 8638815.482, 93
Trd, 8638815.682, 95
Trd, 8638816.332, 95
Trd, 8638818.032, 102
Trd, 8638821.332, 99
Trd, 8638821.982, 98
Trd, 8638822.032, 100
Trd, 8638825.132, 98
Trd, 8638826.082, 98
Trd, 8638826.432, 98
Trd, 8638827.782, 98
Trd, 8638829.732, 95
Trd, 8638832.232, 99
Trd, 8638832.682, 99
Trd, 8638835.482, 98
Trd, 8638837.182, 95
Trd, 8638837.432, 95
Trd, 8638838.632, 95
Trd, 8638840.582, 107
Trd, 8638844.182, 95
Trd, 8638844.682, 95
Trd, 8638844.782, 96
Trd, 8638845.232, 96
Trd, 8638846.082, 102
Trd, 8638848.032, 111
Trd, 8638851.882, 103
Trd, 8638852.332, 105
Trd, 8638854.682, 104
Trd, 8638854.782, 105
Trd, 8638856.682, 102
Trd, 8638856.832, 104
Trd, 8638860.032, 101
Trd, 8638861.682, 102
Trd, 8638863.382, 105
Trd, 8638865.632, 98
Trd, 8638866.932, 99
Trd, 8638868.132, 101
Trd, 8638868.282, 104
Trd, 8638870.932, 114
Trd, 8638871.582, 113
Trd, 8638872.082, 114
Trd, 8638876.982, 93
Trd, 8638877.232, 94
Trd, 8638877.382, 96
Trd, 8638878.032, 104
Trd, 8638878.782, 104
Trd, 8638881.582, 99
Trd, 8638884.532, 91
Trd, 8638886.382, 99
Trd, 8638886.482, 104
Trd, 8638889.132, 114
Trd, 8638889.282, 113
Trd, 8638890.082, 111
Trd, 8638892.932, 108
Trd, 8638893.032, 111
Trd, 8638894.632, 107
Trd, 8638896.632, 101
Trd, 8638898.082, 99
Trd, 8638899.632, 100
Trd, 8638901.732, 96
Trd, 8638902.082, 99
Trd, 8638902.682, 104
Trd, 8638904.332, 110
Trd, 8638906.982, 101
Trd, 8638910.082, 95
Trd, 8638910.882, 97
Trd, 8638911.732, 104
Trd, 8638913.232, 112
Trd, 8638915.632, 113
Trd, 8638915.832, 105
Trd, 8638917.382, 95
Trd, 8638918.532, 95
Trd, 8638922.532, 93
Trd, 8638925.282, 92
Trd, 8638926.582, 93
Trd, 8638926.682, 94
Trd, 8638926.782, 95
Trd, 8638927.182, 104
Trd, 8638929.332, 104
Trd, 8638930.482, 102
Trd, 8638932.182, 100
Trd, 8638932.332, 99
Trd, 8638933.932, 100
Trd, 8638935.332, 102
Trd, 8638935.682, 113
Trd, 8638940.582, 111
Trd, 8638940.832, 112
Trd, 8638944.332, 103
Trd, 8638945.182, 101
Trd, 8638945.282, 102
Trd, 8638945.332, 103
Trd, 8638947.982, 111
Trd, 8638951.382, 107
Trd, 8638951.982, 112
Trd, 8638952.882, 110
Trd, 8638953.282, 111
Trd, 8638957.682, 105
Trd, 8638959.082, 101
Trd, 8638961.032, 100
Trd, 8638961.532, 100
Trd, 8638962.182, 98
Trd, 8638965.982, 96
Trd, 8638967.582, 91
Trd, 8638968.832, 91
Trd, 8638969.182, 94
Trd, 8638971.332, 93
Trd, 8638972.182, 95
Trd, 8638973.582, 104
Trd, 8638975.582, 116
Trd, 8638976.032, 115
Trd, 8638977.832, 105
Trd, 8638979.982, 98
Trd, 8638980.682, 99
Trd, 8638982.582, 98
Trd, 8638983.832, 99
Trd, 8638984.582, 112
Trd, 8638985.782, 113
Trd, 8638988.032, 117
Trd, 8638991.482, 104
Trd, 8638992.032, 92
Trd, 8638992.132, 105
Trd, 8638994.082, 102
Trd, 8638994.832, 101
Trd, 8638997.432, 94
Trd, 8638999.332, 89
Trd, 8639000.432, 89
Trd, 8639002.832, 90
Trd, 8639003.932, 94
Trd, 8639004.632, 95
Trd, 8639007.482, 99
Trd, 8639007.732, 104
Trd, 8639011.432, 117
Trd, 8639012.582, 113
Trd, 8639012.682, 114
Trd, 8639015.082, 109
Trd, 8639016.682, 103
Trd, 8639018.082, 100
Trd, 8639021.632, 91
Trd, 8639022.882, 93
Trd, 8639024.182, 99
Trd, 8639024.282, 100
Trd, 8639027.532, 96
Trd, 8639028.032, 104
Trd, 8639032.082, 108
Trd, 8639033.182, 104
Trd, 8639033.932, 105
Trd, 8639036.682, 103
Trd, 8639036.782, 103
Trd, 8639037.932, 102
Trd, 8639038.932, 103
Trd, 8639039.282, 104
Trd, 8639041.132, 118
Trd, 8639043.182, 114
Trd, 8639044.482, 112
Trd, 8639045.432, 112
Trd, 8639049.632, 94
Trd, 8639050.632, 92
Trd, 8639051.732, 93
Trd, 8639051.982, 95
Trd, 8639053.482, 102
Trd, 8639054.182, 101
Trd, 8639057.432, 103
Trd, 8639060.182, 99
Trd, 8639060.732, 101
Trd, 8639062.282, 102
Trd, 8639063.082, 103
Trd, 8639064.082, 122
Trd, 8639067.282, 114
Trd, 8639068.182, 112
Trd, 8639068.782, 112
Trd, 8639069.732, 113
Trd, 8639073.882, 113
Trd, 8639075.232, 107
Trd, 8639075.832, 106
Trd, 8639076.782, 106
Trd, 8639078.632, 104
Trd, 8639080.082, 101
Trd, 8639082.082, 102
Trd, 8639085.182, 94
Trd, 8639086.282, 95
Trd, 8639086.832, 95
Trd, 8639090.582, 93
Trd, 8639091.182, 94
Trd, 8639091.482, 95
Trd, 8639092.432, 103
Trd, 8639095.432, 101
Trd, 8639095.532, 104
Trd, 8639098.282, 106
Trd, 8639098.732, 107
Trd, 8639099.332, 104
Trd, 8639099.882, 104
Trd, 8639100.532, 104
Trd, 8639103.582, 107
Trd, 8639104.682, 106
Trd, 8639106.032, 111
Trd, 8639107.882, 104
Trd, 8639111.432, 96
Trd, 8639112.582, 95
Trd, 8639112.882, 95
Trd, 8639113.082, 96
Trd, 8639114.082, 97
Trd, 8639116.282, 97
Trd, 8639121.132, 95
Trd, 8639121.332, 95
Trd, 8639121.932, 94
Trd, 8639123.432, 91
Trd, 8639124.432, 92
Trd, 8639125.882, 112
Trd, 8639126.482, 113
Trd, 8639131.182, 105
Trd, 8639131.582, 107
Trd, 8639134.132, 98
Trd, 8639134.582, 100
Trd, 8639136.732, 101
Trd, 8639137.382, 100
Trd, 8639139.732, 97
Trd, 8639143.332, 104
Trd, 8639145.482, 104
Trd, 8639147.032, 107
Trd, 8639149.582, 99
Trd, 8639149.632, 100
Trd, 8639151.732, 101
Trd, 8639152.332, 102
Trd, 8639152.782, 104
Trd, 8639153.232, 112
Trd, 8639157.832, 94
Trd, 8639157.982, 97
Trd, 8639158.032, 99
Trd, 8639160.732, 96
Trd, 8639161.832, 101
Trd, 8639163.882, 101
Trd, 8639166.932, 104
Trd, 8639167.482, 109
Trd, 8639168.032, 108
Trd, 8639168.382, 106
Trd, 8639171.682, 99
Trd, 8639172.632, 100
Trd, 8639172.832, 103
Trd, 8639173.482, 101
Trd, 8639176.632, 94
Trd, 8639177.132, 93
Trd, 8639177.232, 92
Trd, 8639178.432, 104
Trd, 8639178.982, 112
Trd, 8639182.332, 102
Trd, 8639185.082, 96
Trd, 8639185.382, 97
Trd, 8639186.682, 102
Trd, 8639189.232, 96
Trd, 8639190.282, 95
Trd, 8639191.082, 92
Trd, 8639191.682, 94
Trd, 8639193.832, 99
Trd, 8639195.882, 95
Trd, 8639197.832, 95
Trd, 8639198.082, 96
Trd, 8639199.132, 103
Trd, 8639201.282, 112
Trd, 8639203.832, 107
Trd, 8639203.982, 108
Trd, 8639204.532, 110
Trd, 8639205.482, 107
Trd, 8639210.332, 100
Trd, 8639211.632, 99
Trd, 8639211.732, 103
Trd, 8639212.532, 104
Trd, 8639215.582, 111
Trd, 8639218.532, 103
Trd, 8639219.232, 104
Trd, 8639223.382, 112
Trd, 8639223.832, 111
Trd, 8639224.132, 112
Trd, 8639226.182, 106
Trd, 8639226.732, 104
Trd, 8639228.632, 101
Trd, 8639230.932, 102
Trd, 8639231.882, 102
Trd, 8639234.182, 102
Trd, 8639236.732, 96
Trd, 8639237.432, 94
Trd, 8639237.982, 94
Trd, 8639242.582, 97
Trd, 8639242.732, 97
Trd, 8639243.532, 97
Trd, 8639246.232, 100
Trd, 8639247.032, 100
Trd, 8639249.482, 97
Trd, 8639251.082, 110
Trd, 8639253.832, 102
Trd, 8639256.132, 93
Trd, 8639257.582, 93
Trd, 8639258.032, 96
Trd, 8639262.882, 97
Trd, 8639263.882, 97
Trd, 8639264.082, 98
Trd, 8639264.532, 104
Trd, 8639267.832, 104
Trd, 8639268.232, 107
Trd, 8639270.632, 110
Trd, 8639271.782, 107
Trd, 8639273.232, 110
Trd, 8639273.782, 112
Trd, 8639275.632, 108
Trd, 8639278.932, 99
Trd, 8639280.782, 104
Trd, 8639281.732, 110
Trd, 8639282.182, 110
Trd, 8639286.432, 107
Trd, 8639287.632, 106
Trd, 8639288.782, 106
Trd, 8639291.032, 101
Trd, 8639291.582, 100
Trd, 8639294.682, 92
Trd, 8639295.132, 93
Trd, 8639295.332, 104
Trd, 8639297.182, 101
Trd, 8639299.532, 93
Trd, 8639301.982, 96
Trd, 8639302.132, 104
Trd, 8639303.132, 122
Trd, 8639304.932, 116
Trd, 8639308.132, 105
Trd, 8639309.032, 102
Trd, 8639311.432, 98
Trd, 8639312.432, 98
Trd, 8639313.782, 103
Trd, 8639314.632, 101
Trd, 8639318.282, 92
Trd, 8639320.532, 92
Trd, 8639321.332, 92
Trd, 8639322.532, 103
Trd, 8639323.632, 103
Trd, 8639326.482, 112
Trd, 8639329.032, 107
Trd, 8639329.132, 109
Trd, 8639330.132, 110
Trd, 8639330.882, 112
Trd, 8639332.332, 128
Trd, 8639334.332, 116
Trd, 8639335.832, 110
Trd, 8639336.982, 104
Trd, 8639338.032, 103
Trd, 8639338.082, 105
Trd, 8639339.232, 111
Trd, 8639341.432, 110
Trd, 8639342.782, 111
Trd, 8639347.132, 99
Trd, 8639348.532, 98
Trd, 8639349.732, 97
Trd, 8639349.882, 98
Trd, 8639351.382, 109
Trd, 8639352.482, 109
Trd, 8639355.682, 106
Trd, 8639358.082, 106
Trd, 8639360.132, 102
Trd, 8639361.282, 101
Trd, 8639361.782, 99
Trd, 8639361.882, 101
Trd, 8639364.932, 97
Trd, 8639366.432, 103
Trd, 8639367.382, 104
Trd, 8639369.532, 118
Trd, 8639369.732, 93
Trd, 8639371.332, 112
Trd, 8639371.982, 111
Trd, 8639372.132, 112
Trd, 8639374.982, 106
Trd, 8639376.882, 96
Trd, 8639377.182, 104
Trd, 8639379.482, 99
Trd, 8639381.032, 96
Trd, 8639381.532, 97
Trd, 8639383.582, 101
Trd, 8639383.732, 113
Trd, 8639387.032, 107
Trd, 8639387.982, 122
Trd, 8639390.782, 113
Trd, 8639392.482, 114
Trd, 8639392.732, 112
Trd, 8639392.932, 112
Trd, 8639394.032, 110
Trd, 8639396.082, 109
Trd, 8639397.732, 123
Trd, 8639397.782, 124
Trd, 8639402.582, 113
Trd, 8639403.132, 110
Trd, 8639403.782, 109
Trd, 8639405.132, 108
Trd, 8639409.832, 99
Trd, 8639410.482, 100
Trd, 8639411.382, 104
Trd, 8639414.082, 110
Trd, 8639414.582, 111
Trd, 8639416.682, 104
Trd, 8639417.832, 101
Trd, 8639420.882, 96
Trd, 8639422.232, 93
Trd, 8639422.782, 93
Trd, 8639423.732, 111
Trd, 8639425.782, 103
Trd, 8639426.082, 104
Trd, 8639426.782, 106
Trd, 8639429.432, 99
Trd, 8639429.682, 100
Trd, 8639430.882, 101
Trd, 8639431.482, 101
Trd, 8639432.032, 103
Trd, 8639433.432, 103
Trd, 8639435.732, 110
Trd, 8639436.282, 108
Trd, 8639438.832, 104
Trd, 8639439.632, 102
Trd, 8639443.382, 99
Trd, 8639444.582, 97
Trd, 8639445.132, 96
Trd, 8639445.582, 95
Trd, 8639447.532, 110
Trd, 8639448.932, 106
Trd, 8639451.082, 103
Trd, 8639453.782, 103
Trd, 8639453.982, 104
Trd, 8639454.332, 104
Trd, 8639458.832, 103
Trd, 8639459.082, 102
Trd, 8639459.532, 103
Trd, 8639461.382, 101
Trd, 8639462.232, 109
Trd, 8639462.932, 110
Trd, 8639464.282, 113
Trd, 8639467.732, 110
Trd, 8639469.532, 104
Trd, 8639472.932, 90
Trd, 8639473.782, 90
Trd, 8639474.532, 93
Trd, 8639475.682, 113
Trd, 8639477.882, 117
Trd, 8639478.982, 112
Trd, 8639480.132, 112
Trd, 8639480.632, 111
Trd, 8639482.232, 110
Trd, 8639484.882, 106
Trd, 8639485.682, 105
Trd, 8639486.032, 106
Trd, 8639486.632, 106
Trd, 8639490.182, 110
Trd, 8639491.232, 107
Trd, 8639492.532, 106
Trd, 8639494.182, 101
Trd, 8639494.832, 101
Trd, 8639495.332, 104
Trd, 8639495.782, 112
Trd, 8639496.882, 109
Trd, 8639499.082, 107
Trd, 8639503.282, 96
Trd, 8639503.482, 95
Trd, 8639504.032, 94
Trd, 8639505.532, 94
Trd, 8639507.632, 95
Trd, 8639509.582, 107
Trd, 8639509.632, 108
Trd, 8639511.632, 106
Trd, 8639513.832, 97
Trd, 8639514.932, 96
Trd, 8639515.832, 95
Trd, 8639517.232, 98
Trd, 8639518.982, 100
Trd, 8639522.232, 97
Trd, 8639522.482, 97
Trd, 8639524.932, 95
Trd, 8639526.382, 95
Trd, 8639529.432, 96
Trd, 8639531.932, 92
Trd, 8639532.032, 94
Trd, 8639534.082, 94
Trd, 8639536.532, 90
Trd, 8639536.582, 92
Trd, 8639537.082, 103
Trd, 8639538.082, 104
Trd, 8639539.532, 111
Trd, 8639542.182, 96
Trd, 8639544.032, 93
Trd, 8639544.682, 94
Trd, 8639547.382, 104
Trd, 8639547.682, 104
Trd, 8639548.482, 105
Trd, 8639549.282, 109
Trd, 8639549.482, 111
Trd, 8639554.382, 113
Trd, 8639555.282, 110
Trd, 8639555.932, 109
Trd, 8639556.982, 105
Trd, 8639559.282, 96
Trd, 8639560.032, 96
Trd, 8639560.882, 97
Trd, 8639561.682, 113
Trd, 8639563.482, 117
Trd, 8639565.182, 113
Trd, 8639567.882, 105
Trd, 8639570.332, 105
Trd, 8639571.482, 102
Trd, 8639574.332, 96
Trd, 8639574.832, 96
Trd, 8639575.132, 124
Trd, 8639579.332, 118
Trd, 8639580.132, 114
Trd, 8639580.182, 115
Trd, 8639580.932, 115
Trd, 8639581.082, 115
Trd, 8639581.182, 113
Trd, 8639583.982, 108
Trd, 8639586.532, 92
Trd, 8639586.632, 94
Trd, 8639588.882, 91
Trd, 8639589.332, 91
Trd, 8639589.482, 95
Trd, 8639591.482, 121
Trd, 8639595.632, 112
Trd, 8639596.432, 109
Trd, 8639597.932, 102
Trd, 8639599.682, 98
Trd, 8639600.332, 99
Trd, 8639601.032, 103
Trd, 8639601.282, 104
Trd, 8639602.382, 110
Trd, 8639603.932, 106
Trd, 8639605.382, 100
Trd, 8639606.232, 100
Trd, 8639606.532, 101
Trd, 8639607.432, 104
Trd, 8639609.932, 107
Trd, 8639612.582, 104
Trd, 8639612.632, 105
Trd, 8639616.682, 101
Trd, 8639617.332, 98
Trd, 8639617.932, 99
Trd, 8639618.582, 100
Trd, 8639621.432, 123
Trd, 8639623.532, 114
Trd, 8639623.682, 113
Trd, 8639624.382, 111
Trd, 8639626.682, 106
Trd, 8639630.482, 98
Trd, 8639630.632, 101
Trd, 8639632.932, 100
Trd, 8639634.982, 97
Trd, 8639636.032, 97
Trd, 8639636.332, 99
Trd, 8639638.832, 91
Trd, 8639638.932, 92
Trd, 8639639.682, 95
Trd, 8639639.782, 104
Trd, 8639642.582, 118
Trd, 8639643.682, 116
Trd, 8639644.582, 112
Trd, 8639646.382, 103
Trd, 8639647.732, 103
Trd, 8639650.882, 95
Trd, 8639651.732, 93
Trd, 8639651.982, 94
Trd, 8639654.132, 104
Trd, 8639655.182, 123
Trd, 8639658.132, 95
Trd, 8639658.832, 94
Trd, 8639659.282, 96
Trd, 8639659.482, 103
Trd, 8639662.132, 120
Trd, 8639663.232, 116
Trd, 8639664.332, 113
Trd, 8639664.782, 113
Trd, 8639665.382, 112
Trd, 8639666.582, 110
Trd, 8639670.082, 104
Trd, 8639670.332, 105
Trd, 8639670.632, 113
Trd, 8639673.332, 114
Trd, 8639676.232, 106
Trd, 8639678.632, 100
Trd, 8639679.632, 99
Trd, 8639680.832, 100
Trd, 8639682.582, 102
Trd, 8639683.682, 102
Trd, 8639683.832, 104
Trd, 8639687.082, 103
Trd, 8639687.532, 103
Trd, 8639687.632, 104
Trd, 8639689.032, 101
Trd, 8639691.032, 100
Trd, 8639692.282, 101
Trd, 8639694.282, 101
Trd, 8639696.582, 122
Trd, 8639699.282, 112
Trd, 8639701.132, 105
Trd, 8639701.682, 104
Trd, 8639702.132, 103
Trd, 8639703.532, 107
Trd, 8639707.482, 101
Trd, 8639708.632, 98
Trd, 8639712.332, 94
Trd, 8639712.882, 102
Trd, 8639715.282, 99
Trd, 8639717.232, 102
Trd, 8639719.432, 94
Trd, 8639720.232, 95
Trd, 8639723.132, 98
Trd, 8639723.582, 96
Trd, 8639724.332, 103
Trd, 8639725.032, 102
Trd, 8639727.082, 98
Trd, 8639728.582, 96
Trd, 8639730.432, 94
Trd, 8639730.782, 95
Trd, 8639731.232, 104
Trd, 8639735.432, 110
Trd, 8639738.482, 104
Trd, 8639738.532, 107
Trd, 8639740.482, 104
Trd, 8639742.032, 97
Trd, 8639743.732, 97
Trd, 8639745.632, 91
Trd, 8639745.682, 92
Trd, 8639748.532, 91
Trd, 8639748.882, 92
Trd, 8639749.232, 95
Trd, 8639750.782, 112
Trd, 8639752.782, 120
Trd, 8639753.632, 118
Trd, 8639755.382, 112
Trd, 8639755.882, 114
Trd, 8639759.882, 102
Trd, 8639761.882, 98
Trd, 8639762.182, 111
Trd, 8639765.032, 103
Trd, 8639765.732, 103
Trd, 8639766.932, 101
Trd, 8639770.182, 96
Trd, 8639773.482, 97
Trd, 8639774.432, 95
Trd, 8639775.632, 94
Trd, 8639777.082, 96
Trd, 8639777.282, 97
Trd, 8639778.282, 104
Trd, 8639781.282, 110
Trd, 8639784.082, 103
Trd, 8639784.682, 105
Trd, 8639785.532, 111
Trd, 8639787.932, 106
Trd, 8639789.182, 113
Trd, 8639791.332, 109
Trd, 8639791.882, 110
Trd, 8639794.482, 98
Trd, 8639797.082, 96
Trd, 8639798.532, 94
Trd, 8639798.932, 95
Trd, 8639799.082, 104
Trd, 8639802.682, 117
Trd, 8639803.632, 116
Trd, 8639804.632, 113
Trd, 8639805.682, 104
Trd, 8639806.132, 105
Trd, 8639806.682, 105
Trd, 8639809.682, 104
Trd, 8639810.182, 103
Trd, 8639811.732, 99
Trd, 8639814.032, 107
Trd, 8639814.432, 108
Trd, 8639818.182, 101
Trd, 8639820.032, 98
Trd, 8639822.682, 93
Trd, 8639823.282, 93
Trd, 8639824.532, 102
Trd, 8639827.882, 105
Trd, 8639829.532, 102
Trd, 8639830.232, 103
Trd, 8639830.982, 102
Trd, 8639832.582, 112
Trd, 8639833.132, 113
Trd, 8639837.682, 111
Trd, 8639839.032, 107
Trd, 8639839.332, 108
Trd, 8639840.232, 112
Trd, 8639841.882, 107
Trd, 8639843.482, 107
Trd, 8639846.882, 101
Trd, 8639847.632, 101
Trd, 8639848.982, 99
Trd, 8639850.032, 97
Trd, 8639850.282, 97
Trd, 8639851.382, 104
Trd, 8639851.682, 113
Trd, 8639854.832, 114
Trd, 8639855.132, 113
Trd, 8639857.682, 106
Trd, 8639857.782, 108
Trd, 8639859.782, 108
Trd, 8639861.932, 103
Trd, 8639864.582, 96
Trd, 8639865.182, 97
Trd, 8639866.432, 104
Trd, 8639866.582, 113
Trd, 8639869.282, 119
Trd, 8639871.032, 112
Trd, 8639871.182, 114
Trd, 8639872.482, 109
Trd, 8639875.182, 103
Trd, 8639875.632, 104
Trd, 8639877.982, 111
Trd, 8639879.682, 109
Trd, 8639880.832, 109
Trd, 8639884.282, 104
Trd, 8639886.232, 104
Trd, 8639886.732, 103
Trd, 8639886.782, 104
Trd, 8639886.982, 90
Trd, 8639887.782, 100
Trd, 8639888.432, 98
Trd, 8639889.032, 99
Trd, 8639891.332, 99
Trd, 8639892.482, 96
Trd, 8639896.082, 93
Trd, 8639898.282, 91
Trd, 8639898.532, 93
Trd, 8639899.182, 121
Trd, 8639904.132, 111
Trd, 8639904.732, 109
Trd, 8639905.082, 109
Trd, 8639906.432, 109
Trd, 8639906.932, 112
Trd, 8639911.682, 97
Trd, 8639913.432, 92
Trd, 8639913.732, 91
Trd, 8639914.232, 92
Trd, 8639914.832, 95
Trd, 8639915.732, 103
Trd, 8639916.882, 104
Trd, 8639919.032, 115
Trd, 8639921.982, 103
Trd, 8639922.132, 104
Trd, 8639922.382, 104
Trd, 8639923.982, 106
Trd, 8639924.832, 104
Trd, 8639928.282, 97
Trd, 8639929.432, 97
Trd, 8639930.382, 97
Trd, 8639931.232, 103
Trd, 8639932.782, 101
Trd, 8639934.032, 100
Trd, 8639934.832, 103
Trd, 8639937.582, 99
Trd, 8639938.732, 99
Trd, 8639939.532, 103
Trd, 8639941.182, 102
Trd, 8639942.382, 110
Trd, 8639944.132, 108
Trd, 8639947.782, 96
Trd, 8639948.382, 94
Trd, 8639948.532, 95
Trd, 8639949.232, 95
Trd, 8639950.532, 96
Trd, 8639951.632, 103
Trd, 8639955.082, 94
Trd, 8639955.232, 113
Trd, 8639959.182, 104
Trd, 8639959.782, 102
Trd, 8639961.282, 103
Trd, 8639962.232, 100
Trd, 8639966.332, 92
Trd, 8639967.032, 91
Trd, 8639967.082, 95
Trd, 8639969.182, 116
Trd, 8639971.882, 100
Trd, 8639974.782, 91
Trd, 8639976.032, 93
Trd, 8639976.282, 95
Trd, 8639978.482, 115
Trd, 8639980.432, 114
Trd, 8639980.882, 113
Trd, 8639983.082, 104
Trd, 8639983.332, 106
Trd, 8639985.582, 112
Trd, 8639986.032, 112
Trd, 8639988.432, 105
Trd, 8639989.782, 111
Trd, 8639992.082, 109
Trd, 8639992.482, 108
Trd, 8639993.082, 109
Trd, 8639998.832, 102
