Trd, 8637921.432, 100
Trd, 8637922.032, 99
Trd, 8637923.582, 98
Trd, 8637923.632, 99
Trd, 8637927.532, 104
Trd, 8637927.782, 104
Trd, 8637927.882, 109
Trd, 8637927.982, 111
Trd, 8637929.582, 97
Trd, 8637932.032, 98
Trd, 8637932.432, 98
Trd, 8637932.582, 105
Trd, 8637934.932, 122
Trd, 8637937.632, 110
Trd, 8637937.882, 109
Trd, 8637938.032, 104
Trd, 8637938.432, 110
Trd, 8637940.832, 102
Trd, 8637941.482, 98
Trd, 8637943.632, 99
Trd, 8637944.832, 102
Trd, 8637945.932, 115
Trd, 8637947.032, 104
Trd, 8637948.682, 110
Trd, 8637949.482, 97
Trd, 8637950.632, 110
Trd, 8637953.882, 106
Trd, 8637954.432, 106
Trd, 8637954.782, 104
Trd, 8637956.282, 115
Trd, 8637956.782, 121
Trd, 8637957.882, 90
Trd, 8637958.632, 91
Trd, 8637960.282, 111
Trd, 8637960.632, 86
Trd, 8637963.382, 88
Trd, 8637963.532, 100
Trd, 8637966.082, 86
Trd, 8637966.432, 99
Trd, 8637969.482, 95
Trd, 8637969.582, 94
Trd, 8637970.832, 94
Trd, 8637971.582, 82
Trd, 8637972.682, 92
Trd, 8637973.932, 100
Trd, 8637975.232, 91
Trd, 8637975.682, 97
Trd, 8637977.182, 93
Trd, 8637978.032, 114
Trd, 8637979.682, 111
Trd, 8637979.732, 98
Trd, 8637981.932, 120
Trd, 8637982.682, 121
Trd, 8637982.982, 102
Trd, 8637983.682, 103
Trd, 8637986.632, 103
Trd, 8637986.982, 105
Trd, 8637987.732, 105
Trd, 8637989.032, 102
Trd, 8637989.982, 101
Trd, 8637992.182, 102
Trd, 8637993.232, 101
Trd, 8637994.232, 98
Trd, 8637995.582, 86
Trd, 8637996.082, 103
Trd, 8637997.832, 103
Trd, 8637998.932, 88
Trd, 8638000.132, 80
Trd, 8638000.582, 104
Trd, 8638003.682, 97
Trd, 8638004.332, 111
Trd, 8638004.882, 111
Trd, 8638006.532, 103
Trd, 8638007.232, 107
Trd, 8638008.032, 104
Trd, 8638009.832, 99
Trd, 8638011.382, 102
Trd, 8638011.982, 103
Trd, 8638012.432, 113
Trd, 8638014.982, 104
Trd, 8638015.532, 103
Trd, 8638016.582, 95
Trd, 8638019.332, 97
Trd, 8638019.382, 92
Trd, 8638021.182, 94
Trd, 8638021.532, 104
Trd, 8638023.882, 95
Trd, 8638024.882, 100
Trd, 8638025.532, 105
Trd, 8638026.582, 105
Trd, 8638027.582, 104
Trd, 8638028.182, 104
Trd, 8638028.382, 95
Trd, 8638031.032, 102
Trd, 8638031.732, 91
Trd, 8638031.882, 102
Trd, 8638035.182, 110
Trd, 8638035.432, 90
Trd, 8638036.732, 94
Trd, 8638037.082, 93
Trd, 8638038.882, 104
Trd, 8638038.932, 104
Trd, 8638039.432, 98
Trd, 8638043.032, 101
Trd, 8638044.932, 108
Trd, 8638046.532, 100
Trd, 8638047.182, 101
Trd, 8638047.682, 100
Trd, 8638047.932, 100
Trd, 8638048.732, 121
Trd, 8638049.532, 112
Trd, 8638049.632, 95
Trd, 8638051.532, 87
Trd, 8638054.632, 96
Trd, 8638056.332, 98
Trd, 8638058.182, 97
Trd, 8638058.932, 95
Trd, 8638059.032, 99
Trd, 8638059.182, 102
Trd, 8638063.682, 96
Trd, 8638064.432, 98
Trd, 8638064.582, 98
Trd, 8638065.382, 104
Trd, 8638065.832, 122
Trd, 8638067.582, 97
Trd, 8638068.282, 116
Trd, 8638070.282, 114
Trd, 8638071.982, 112
Trd, 8638072.432, 104
Trd, 8638072.882, 104
Trd, 8638074.432, 107
Trd, 8638075.332, 106
Trd, 8638075.582, 106
Trd, 8638075.882, 104
Trd, 8638078.732, 97
Trd, 8638080.632, 101
Trd, 8638081.432, 101
Trd, 8638082.282, 103
Trd, 8638082.382, 98
Trd, 8638084.082, 121
Trd, 8638085.432, 116
Trd, 8638085.782, 105
Trd, 8638087.882, 105
Trd, 8638089.532, 105
Trd, 8638090.332, 113
Trd, 8638090.582, 114
Trd, 8638091.132, 97
Trd, 8638093.382, 114
Trd, 8638094.082, 99
Trd, 8638094.482, 95
Trd, 8638096.582, 112
Trd, 8638099.282, 93
Trd, 8638099.582, 103
Trd, 8638100.632, 104
Trd, 8638101.832, 96
Trd, 8638103.332, 101
Trd, 8638103.832, 99
Trd, 8638104.732, 102
Trd, 8638106.182, 103
Trd, 8638107.532, 97
Trd, 8638107.932, 115
Trd, 8638109.482, 114
Trd, 8638110.432, 102
Trd, 8638111.782, 107
Trd, 8638111.932, 102
Trd, 8638114.832, 99
Trd, 8638115.432, 98
Trd, 8638116.132, 104
Trd, 8638117.732, 111
Trd, 8638118.032, 97
Trd, 8638119.732, 110
Trd, 8638121.632, 107
Trd, 8638122.932, 113
Trd, 8638123.832, 112
Trd, 8638125.432, 110
Trd, 8638125.482, 98
Trd, 8638126.132, 97
Trd, 8638129.532, 102
Trd, 8638129.932, 80
Trd, 8638130.582, 71
Trd, 8638130.682, 102
Trd, 8638133.882, 100
Trd, 8638134.732, 89
Trd, 8638136.132, 86
Trd, 8638137.082, 111
Trd, 8638139.482, 93
Trd, 8638140.682, 103
Trd, 8638142.532, 94
Trd, 8638143.332, 98
Trd, 8638145.482, 98
Trd, 8638146.332, 100
Trd, 8638147.432, 102
Trd, 8638148.082, 100
Trd, 8638148.882, 105
Trd, 8638149.932, 95
Trd, 8638151.782, 95
Trd, 8638152.882, 89
Trd, 8638153.482, 91
Trd, 8638155.182, 92
Trd, 8638156.682, 90
Trd, 8638157.982, 96
Trd, 8638159.282, 95
Trd, 8638160.532, 96
Trd, 8638163.132, 96
Trd, 8638163.332, 96
Trd, 8638163.582, 99
Trd, 8638164.032, 95
Trd, 8638165.432, 97
Trd, 8638167.332, 110
Trd, 8638169.082, 101
Trd, 8638170.182, 106
Trd, 8638170.282, 100
Trd, 8638172.282, 95
Trd, 8638174.632, 94
Trd, 8638175.532, 94
Trd, 8638176.232, 86
Trd, 8638176.382, 86
Trd, 8638178.682, 85
Trd, 8638179.332, 107
Trd, 8638180.082, 89
Trd, 8638182.382, 115
Trd, 8638183.582, 113
Trd, 8638183.732, 97
Trd, 8638185.782, 133
Trd, 8638188.032, 107
Trd, 8638188.782, 108
Trd, 8638189.332, 108
Trd, 8638190.332, 109
Trd, 8638192.032, 113
Trd, 8638192.632, 102
Trd, 8638192.882, 101
Trd, 8638194.232, 98
Trd, 8638194.882, 105
Trd, 8638196.482, 109
Trd, 8638196.582, 96
Trd, 8638199.982, 102
Trd, 8638200.032, 103
Trd, 8638201.732, 94
Trd, 8638202.232, 93
Trd, 8638204.832, 103
Trd, 8638205.632, 100
Trd, 8638206.032, 102
Trd, 8638208.332, 97
Trd, 8638211.232, 101
Trd, 8638211.382, 99
Trd, 8638211.532, 97
Trd, 8638213.132, 97
Trd, 8638214.532, 104
Trd, 8638215.582, 121
Trd, 8638216.882, 93
Trd, 8638217.682, 93
Trd, 8638218.282, 116
Trd, 8638221.282, 112
Trd, 8638222.382, 109
Trd, 8638223.482, 96
Trd, 8638224.182, 96
Trd, 8638224.632, 95
Trd, 8638225.382, 106
Trd, 8638225.482, 85
Trd, 8638227.082, 107
Trd, 8638232.032, 103
Trd, 8638233.332, 98
Trd, 8638233.832, 97
Trd, 8638233.982, 101
Trd, 8638236.732, 93
Trd, 8638237.632, 104
Trd, 8638239.182, 109
Trd, 8638240.282, 98
Trd, 8638241.482, 99
Trd, 8638242.332, 95
Trd, 8638243.232, 87
Trd, 8638245.182, 94
Trd, 8638246.282, 87
Trd, 8638246.632, 87
Trd, 8638247.282, 99
Trd, 8638249.882, 86
Trd, 8638250.132, 111
Trd, 8638251.882, 83
Trd, 8638253.332, 107
Trd, 8638255.532, 99
Trd, 8638255.982, 103
Trd, 8638256.632, 101
Trd, 8638257.832, 98
Trd, 8638259.382, 96
Trd, 8638259.882, 97
Trd, 8638261.382, 96
Trd, 8638261.682, 95
Trd, 8638262.582, 101
Trd, 8638263.132, 104
Trd, 8638263.432, 86
Trd, 8638266.432, 104
Trd, 8638267.032, 104
Trd, 8638267.282, 94
Trd, 8638270.032, 94
Trd, 8638271.132, 97
Trd, 8638273.132, 113
Trd, 8638273.632, 97
Trd, 8638276.432, 100
Trd, 8638278.082, 101
Trd, 8638278.682, 99
Trd, 8638279.882, 102
Trd, 8638280.132, 103
Trd, 8638281.582, 104
Trd, 8638281.632, 95
Trd, 8638281.782, 119
Trd, 8638283.432, 87
Trd, 8638284.682, 112
Trd, 8638285.982, 90
Trd, 8638288.332, 102
Trd, 8638288.382, 103
Trd, 8638288.782, 93
Trd, 8638289.982, 95
Trd, 8638291.882, 101
Trd, 8638293.182, 87
Trd, 8638293.482, 102
Trd, 8638298.082, 104
Trd, 8638298.432, 102
Trd, 8638299.532, 101
Trd, 8638300.282, 102
Trd, 8638303.132, 88
Trd, 8638304.282, 97
Trd, 8638304.482, 89
Trd, 8638305.682, 98
Trd, 8638306.982, 97
Trd, 8638308.182, 101
Trd, 8638309.082, 99
Trd, 8638310.732, 100
Trd, 8638310.832, 77
Trd, 8638311.132, 78
Trd, 8638314.132, 104
Trd, 8638315.782, 82
Trd, 8638315.982, 86
Trd, 8638316.132, 104
Trd, 8638320.182, 98
Trd, 8638320.332, 97
Trd, 8638321.182, 97
Trd, 8638322.582, 97
Trd, 8638323.032, 85
Trd, 8638324.482, 84
Trd, 8638324.532, 83
Trd, 8638325.432, 85
Trd, 8638326.282, 82
Trd, 8638326.782, 102
Trd, 8638329.982, 87
Trd, 8638330.282, 95
Trd, 8638331.482, 94
Trd, 8638332.182, 93
Trd, 8638333.082, 95
Trd, 8638333.932, 102
Trd, 8638334.282, 87
Trd, 8638336.782, 106
Trd, 8638338.082, 104
Trd, 8638338.532, 91
Trd, 8638338.832, 90
Trd, 8638341.132, 96
Trd, 8638343.032, 95
Trd, 8638344.782, 97
Trd, 8638345.032, 104
Trd, 8638345.932, 106
Trd, 8638347.182, 97
Trd, 8638347.882, 96
Trd, 8638350.182, 101
Trd, 8638350.382, 111
Trd, 8638351.632, 107
Trd, 8638352.132, 89
Trd, 8638353.782, 104
Trd, 8638355.632, 103
Trd, 8638356.032, 104
Trd, 8638356.732, 97
Trd, 8638357.432, 97
Trd, 8638360.632, 98
Trd, 8638361.032, 99
Trd, 8638361.182, 100
Trd, 8638361.682, 99
Trd, 8638364.282, 91
Trd, 8638367.732, 101
Trd, 8638368.032, 104
Trd, 8638369.082, 92
Trd, 8638369.782, 102
Trd, 8638370.132, 93
Trd, 8638371.882, 97
Trd, 8638372.382, 97
Trd, 8638372.682, 97
Trd, 8638375.782, 103
Trd, 8638376.032, 102
Trd, 8638376.332, 103
Trd, 8638376.432, 104
Trd, 8638376.732, 102
Trd, 8638377.332, 96
Trd, 8638380.232, 113
Trd, 8638381.132, 119
Trd, 8638382.032, 100
Trd, 8638383.732, 96
Trd, 8638384.682, 109
Trd, 8638385.232, 109
Trd, 8638389.082, 93
Trd, 8638390.382, 97
Trd, 8638390.682, 102
Trd, 8638391.782, 86
Trd, 8638393.582, 99
Trd, 8638393.932, 85
Trd, 8638395.332, 102
Trd, 8638397.032, 101
Trd, 8638398.932, 101
Trd, 8638399.632, 101
Trd, 8638400.182, 103
Trd, 8638401.232, 102
Trd, 8638401.982, 103
Trd, 8638404.782, 100
Trd, 8638405.182, 99
Trd, 8638405.532, 101
Trd, 8638407.932, 102
Trd, 8638410.232, 101
Trd, 8638411.032, 101
Trd, 8638411.232, 100
Trd, 8638411.432, 95
Trd, 8638411.632, 114
Trd, 8638411.732, 122
Trd, 8638415.182, 88
Trd, 8638417.682, 108
Trd, 8638418.332, 87
Trd, 8638420.332, 90
Trd, 8638421.782, 104
Trd, 8638422.082, 93
Trd, 8638424.132, 98
Trd, 8638424.582, 97
Trd, 8638425.032, 96
Trd, 8638425.082, 98
Trd, 8638425.432, 99
Trd, 8638428.382, 110
Trd, 8638429.932, 98
Trd, 8638430.582, 97
Trd, 8638432.132, 99
Trd, 8638432.282, 95
Trd, 8638433.182, 79
Trd, 8638433.332, 100
Trd, 8638433.732, 99
Trd, 8638434.032, 117
Trd, 8638437.432, 95
Trd, 8638438.982, 95
Trd, 8638439.282, 103
Trd, 8638442.232, 107
Trd, 8638443.732, 102
Trd, 8638444.232, 102
Trd, 8638444.632, 103
Trd, 8638445.032, 104
Trd, 8638447.382, 103
Trd, 8638447.432, 102
Trd, 8638448.232, 104
Trd, 8638448.532, 86
Trd, 8638449.332, 112
Trd, 8638453.132, 86
Trd, 8638453.682, 87
Trd, 8638455.232, 107
Trd, 8638455.632, 108
Trd, 8638456.482, 97
Trd, 8638456.982, 96
Trd, 8638457.632, 112
Trd, 8638460.432, 104
Trd, 8638461.582, 95
Trd, 8638462.532, 98
Trd, 8638462.682, 101
Trd, 8638464.382, 97
Trd, 8638465.882, 97
Trd, 8638466.632, 87
Trd, 8638467.482, 97
Trd, 8638467.532, 104
Trd, 8638469.532, 94
Trd, 8638471.982, 100
Trd, 8638472.082, 114
Trd, 8638475.432, 107
Trd, 8638475.632, 105
Trd, 8638476.032, 107
Trd, 8638476.782, 108
Trd, 8638478.332, 107
Trd, 8638479.582, 107
Trd, 8638480.482, 113
Trd, 8638481.782, 78
Trd, 8638483.732, 108
Trd, 8638484.482, 91
Trd, 8638487.532, 96
Trd, 8638487.832, 98
Trd, 8638488.182, 99
Trd, 8638489.332, 101
Trd, 8638491.432, 101
Trd, 8638493.482, 95
Trd, 8638494.032, 98
Trd, 8638494.832, 90
Trd, 8638496.832, 91
Trd, 8638498.632, 103
Trd, 8638498.732, 93
Trd, 8638499.482, 103
Trd, 8638501.582, 97
Trd, 8638502.632, 95
Trd, 8638503.432, 86
Trd, 8638504.682, 97
Trd, 8638506.032, 103
Trd, 8638507.482, 91
Trd, 8638508.882, 113
Trd, 8638509.632, 97
Trd, 8638510.232, 110
Trd, 8638512.632, 105
Trd, 8638515.132, 106
Trd, 8638515.182, 107
Trd, 8638515.432, 106
Trd, 8638515.932, 96
Trd, 8638516.582, 95
Trd, 8638517.882, 106
Trd, 8638520.282, 101
Trd, 8638521.482, 91
Trd, 8638521.832, 90
Trd, 8638523.682, 90
Trd, 8638525.682, 96
Trd, 8638526.232, 98
Trd, 8638526.582, 97
Trd, 8638527.882, 103
Trd, 8638529.782, 97
Trd, 8638532.232, 104
Trd, 8638532.482, 104
Trd, 8638532.982, 100
Trd, 8638534.332, 102
Trd, 8638535.132, 104
Trd, 8638536.232, 102
Trd, 8638536.732, 95
Trd, 8638538.732, 88
Trd, 8638541.232, 96
Trd, 8638541.482, 98
Trd, 8638542.282, 97
Trd, 8638542.732, 96
Trd, 8638543.032, 98
Trd, 8638544.832, 80
Trd, 8638547.132, 112
Trd, 8638547.682, 94
Trd, 8638548.232, 98
Trd, 8638549.082, 97
Trd, 8638549.582, 98
Trd, 8638550.782, 96
Trd, 8638551.732, 109
Trd, 8638552.682, 95
Trd, 8638556.582, 105
Trd, 8638557.632, 93
Trd, 8638558.482, 100
Trd, 8638558.982, 97
Trd, 8638562.032, 95
Trd, 8638562.432, 97
Trd, 8638562.632, 97
Trd, 8638563.682, 104
Trd, 8638564.732, 86
Trd, 8638566.432, 113
Trd, 8638566.832, 95
Trd, 8638568.932, 97
Trd, 8638569.632, 107
Trd, 8638571.832, 104
Trd, 8638572.082, 100
Trd, 8638572.382, 99
Trd, 8638574.082, 101
Trd, 8638575.582, 102
Trd, 8638577.232, 104
Trd, 8638578.282, 104
Trd, 8638578.632, 111
Trd, 8638578.982, 113
Trd, 8638581.132, 111
Trd, 8638581.532, 111
Trd, 8638583.432, 112
Trd, 8638584.082, 95
Trd, 8638584.332, 85
Trd, 8638584.682, 118
Trd, 8638587.682, 81
Trd, 8638589.032, 86
Trd, 8638589.782, 86
Trd, 8638590.582, 88
Trd, 8638591.432, 105
Trd, 8638595.682, 93
Trd, 8638596.132, 95
Trd, 8638596.482, 104
Trd, 8638598.182, 98
Trd, 8638599.282, 110
Trd, 8638600.232, 98
Trd, 8638601.232, 103
Trd, 8638602.482, 101
Trd, 8638604.632, 97
Trd, 8638605.132, 95
Trd, 8638605.482, 100
Trd, 8638609.032, 96
Trd, 8638609.182, 97
Trd, 8638609.232, 92
Trd, 8638611.382, 103
Trd, 8638612.432, 96
Trd, 8638613.632, 100
Trd, 8638614.132, 96
Trd, 8638615.282, 98
Trd, 8638617.082, 88
Trd, 8638618.582, 92
Trd, 8638618.882, 88
Trd, 8638621.032, 101
Trd, 8638622.282, 91
Trd, 8638624.782, 92
Trd, 8638625.332, 93
Trd, 8638625.482, 92
Trd, 8638626.782, 85
Trd, 8638629.582, 101
Trd, 8638630.132, 98
Trd, 8638630.382, 89
Trd, 8638632.782, 91
Trd, 8638635.432, 94
Trd, 8638635.482, 96
Trd, 8638635.782, 95
Trd, 8638637.532, 94
Trd, 8638639.482, 84
Trd, 8638639.682, 94
Trd, 8638640.632, 86
Trd, 8638642.582, 93
Trd, 8638642.732, 104
Trd, 8638643.832, 96
Trd, 8638644.432, 117
Trd, 8638645.182, 97
Trd, 8638645.632, 119
Trd, 8638648.482, 126
Trd, 8638650.132, 115
Trd, 8638652.082, 105
Trd, 8638652.532, 104
Trd, 8638654.532, 97
Trd, 8638654.682, 98
Trd, 8638656.332, 98
Trd, 8638656.582, 95
Trd, 8638656.682, 99
Trd, 8638658.832, 90
Trd, 8638661.032, 96
Trd, 8638661.882, 94
Trd, 8638662.032, 95
Trd, 8638663.382, 113
Trd, 8638663.532, 98
Trd, 8638664.982, 89
Trd, 8638667.082, 91
Trd, 8638667.382, 108
Trd, 8638668.382, 111
Trd, 8638669.932, 109
Trd, 8638671.732, 97
Trd, 8638672.282, 95
Trd, 8638676.682, 97
Trd, 8638677.682, 102
Trd, 8638678.082, 99
Trd, 8638678.482, 98
Trd, 8638679.682, 101
Trd, 8638680.832, 103
Trd, 8638683.482, 100
Trd, 8638684.682, 103
Trd, 8638684.932, 109
Trd, 8638686.782, 110
Trd, 8638688.082, 97
Trd, 8638689.032, 98
Trd, 8638689.482, 101
Trd, 8638690.982, 102
Trd, 8638692.532, 85
Trd, 8638694.782, 93
Trd, 8638695.782, 94
Trd, 8638696.132, 95
Trd, 8638698.382, 101
Trd, 8638699.632, 97
Trd, 8638699.832, 97
Trd, 8638700.732, 113
Trd, 8638701.682, 95
Trd, 8638702.332, 118
Trd, 8638705.532, 109
Trd, 8638705.982, 100
Trd, 8638707.382, 102
Trd, 8638708.132, 103
Trd, 8638708.232, 109
Trd, 8638709.382, 102
Trd, 8638710.382, 108
Trd, 8638710.482, 122
Trd, 8638710.632, 89
Trd, 8638716.032, 99
Trd, 8638716.882, 103
Trd, 8638717.482, 102
Trd, 8638717.882, 100
Trd, 8638718.832, 103
Trd, 8638719.532, 103
Trd, 8638719.832, 102
Trd, 8638722.032, 90
Trd, 8638723.882, 95
Trd, 8638723.932, 96
Trd, 8638724.682, 97
Trd, 8638724.782, 95
Trd, 8638725.732, 104
Trd, 8638726.082, 94
Trd, 8638730.532, 97
Trd, 8638730.782, 98
Trd, 8638732.332, 96
Trd, 8638733.132, 96
Trd, 8638733.582, 97
Trd, 8638733.982, 95
Trd, 8638735.132, 80
Trd, 8638739.082, 82
Trd, 8638739.682, 82
Trd, 8638740.032, 86
Trd, 8638740.132, 82
Trd, 8638743.432, 99
Trd, 8638743.532, 103
Trd, 8638743.782, 92
Trd, 8638745.332, 91
Trd, 8638747.732, 99
Trd, 8638749.532, 102
Trd, 8638750.382, 103
Trd, 8638750.632, 106
Trd, 8638750.832, 121
Trd, 8638751.132, 120
Trd, 8638753.482, 106
Trd, 8638754.532, 111
Trd, 8638755.182, 95
Trd, 8638755.982, 121
Trd, 8638757.132, 90
Trd, 8638762.632, 101
Trd, 8638762.882, 100
Trd, 8638763.032, 99
Trd, 8638763.082, 101
Trd, 8638763.682, 95
Trd, 8638763.932, 112
Trd, 8638766.382, 113
Trd, 8638766.532, 86
Trd, 8638767.532, 79
Trd, 8638771.482, 88
Trd, 8638771.632, 86
Trd, 8638773.882, 99
Trd, 8638774.632, 97
Trd, 8638775.682, 96
Trd, 8638776.632, 96
Trd, 8638777.832, 96
Trd, 8638778.482, 95
Trd, 8638778.682, 96
Trd, 8638779.182, 104
Trd, 8638779.832, 123
Trd, 8638781.132, 139
Trd, 8638782.332, 122
Trd, 8638783.682, 105
Trd, 8638785.432, 104
Trd, 8638785.832, 96
Trd, 8638786.082, 103
Trd, 8638789.032, 99
Trd, 8638789.082, 100
Trd, 8638790.232, 98
Trd, 8638790.532, 114
Trd, 8638793.582, 118
Trd, 8638793.982, 99
Trd, 8638794.532, 118
Trd, 8638796.182, 100
Trd, 8638798.532, 97
Trd, 8638800.532, 97
Trd, 8638800.982, 96
Trd, 8638801.132, 97
Trd, 8638802.082, 96
Trd, 8638802.182, 104
Trd, 8638804.382, 109
Trd, 8638805.582, 89
Trd, 8638809.032, 107
Trd, 8638809.282, 107
Trd, 8638811.132, 95
Trd, 8638811.782, 112
Trd, 8638811.982, 113
Trd, 8638814.332, 101
Trd, 8638815.532, 103
Trd, 8638818.432, 108
Trd, 8638818.832, 104
Trd, 8638819.432, 96
Trd, 8638819.482, 105
Trd, 8638819.882, 106
Trd, 8638821.182, 95
Trd, 8638824.032, 104
Trd, 8638825.282, 102
Trd, 8638826.382, 99
Trd, 8638826.582, 100
Trd, 8638827.132, 97
Trd, 8638828.132, 96
Trd, 8638828.432, 103
Trd, 8638829.682, 95
Trd, 8638830.482, 77
Trd, 8638830.882, 99
Trd, 8638832.782, 119
Trd, 8638835.032, 95
Trd, 8638835.682, 103
Trd, 8638837.032, 103
Trd, 8638839.282, 100
Trd, 8638839.982, 86
Trd, 8638840.582, 103
Trd, 8638842.832, 98
Trd, 8638843.432, 97
Trd, 8638844.782, 104
Trd, 8638845.132, 87
Trd, 8638845.632, 86
Trd, 8638847.332, 113
Trd, 8638848.132, 92
Trd, 8638849.732, 108
Trd, 8638849.882, 86
Trd, 8638851.082, 106
Trd, 8638853.582, 101
Trd, 8638856.182, 97
Trd, 8638856.532, 96
Trd, 8638857.432, 96
Trd, 8638858.982, 97
Trd, 8638859.332, 99
Trd, 8638860.432, 95
Trd, 8638860.982, 96
Trd, 8638863.532, 95
Trd, 8638864.532, 96
Trd, 8638865.382, 101
Trd, 8638866.832, 103
Trd, 8638867.082, 102
Trd, 8638867.882, 113
Trd, 8638867.932, 102
Trd, 8638868.732, 122
Trd, 8638871.082, 98
Trd, 8638872.482, 99
Trd, 8638874.782, 104
Trd, 8638874.832, 105
Trd, 8638875.282, 106
Trd, 8638875.732, 97
Trd, 8638877.382, 88
Trd, 8638878.932, 110
Trd, 8638879.432, 110
Trd, 8638880.332, 96
Trd, 8638883.982, 105
Trd, 8638884.582, 106
Trd, 8638885.332, 103
Trd, 8638885.582, 102
Trd, 8638887.532, 97
Trd, 8638887.832, 99
Trd, 8638888.432, 89
Trd, 8638890.732, 113
Trd, 8638891.482, 95
Trd, 8638891.782, 94
Trd, 8638892.682, 120
Trd, 8638893.832, 117
Trd, 8638895.682, 112
Trd, 8638897.032, 109
Trd, 8638899.332, 104
Trd, 8638900.482, 105
Trd, 8638900.982, 104
Trd, 8638901.682, 87
Trd, 8638901.782, 117
Trd, 8638902.382, 81
Trd, 8638904.232, 117
Trd, 8638905.832, 80
Trd, 8638906.732, 95
Trd, 8638907.932, 81
Trd, 8638908.432, 110
Trd, 8638909.132, 87
Trd, 8638912.082, 104
Trd, 8638913.132, 98
Trd, 8638913.732, 98
Trd, 8638915.332, 99
Trd, 8638916.282, 84
Trd, 8638916.382, 100
Trd, 8638917.682, 100
Trd, 8638918.132, 85
Trd, 8638922.232, 91
Trd, 8638923.882, 106
Trd, 8638926.182, 98
Trd, 8638926.582, 99
Trd, 8638927.032, 100
Trd, 8638927.832, 99
Trd, 8638929.232, 103
Trd, 8638932.582, 92
Trd, 8638932.632, 91
Trd, 8638934.132, 92
Trd, 8638935.232, 94
Trd, 8638935.282, 93
Trd, 8638936.482, 94
Trd, 8638938.132, 86
Trd, 8638938.582, 90
Trd, 8638940.032, 88
Trd, 8638940.682, 101
Trd, 8638941.982, 87
Trd, 8638942.032, 100
Trd, 8638944.682, 86
Trd, 8638945.832, 94
Trd, 8638946.232, 97
Trd, 8638947.732, 80
Trd, 8638948.282, 81
Trd, 8638948.632, 86
Trd, 8638951.582, 91
Trd, 8638952.782, 92
Trd, 8638953.332, 103
Trd, 8638953.382, 89
Trd, 8638954.482, 86
Trd, 8638956.182, 101
Trd, 8638956.582, 103
Trd, 8638958.632, 109
Trd, 8638959.182, 72
Trd, 8638962.732, 86
Trd, 8638963.782, 89
Trd, 8638964.182, 104
Trd, 8638964.582, 93
Trd, 8638967.482, 97
Trd, 8638970.532, 97
Trd, 8638971.282, 102
Trd, 8638971.432, 103
Trd, 8638972.032, 88
Trd, 8638972.882, 102
Trd, 8638973.782, 104
Trd, 8638974.682, 94
Trd, 8638977.682, 95
Trd, 8638978.282, 95
Trd, 8638978.882, 104
Trd, 8638981.132, 98
Trd, 8638982.382, 97
Trd, 8638982.482, 98
Trd, 8638982.532, 96
Trd, 8638985.132, 108
Trd, 8638985.232, 90
Trd, 8638986.132, 109
Trd, 8638986.882, 86
Trd, 8638988.882, 103
Trd, 8638990.732, 101
Trd, 8638991.732, 98
Trd, 8638992.882, 110
Trd, 8638993.782, 102
Trd, 8638994.982, 109
Trd, 8638998.332, 104
Trd, 8638998.932, 98
Trd, 8639000.882, 101
Trd, 8639001.232, 100
Trd, 8639003.232, 98
Trd, 8639003.432, 104
Trd, 8639005.582, 114
Trd, 8639006.232, 89
Trd, 8639007.682, 91
Trd, 8639007.832, 103
Trd, 8639008.132, 106
Trd, 8639010.482, 91
Trd, 8639013.732, 89
Trd, 8639014.232, 88
Trd, 8639015.732, 98
Trd, 8639016.082, 98
Trd, 8639019.182, 103
Trd, 8639020.282, 102
Trd, 8639020.482, 104
Trd, 8639020.632, 101
Trd, 8639022.132, 85
Trd, 8639022.182, 109
Trd, 8639024.732, 104
Trd, 8639027.382, 111
Trd, 8639029.382, 110
Trd, 8639029.682, 109
Trd, 8639029.982, 110
Trd, 8639032.982, 97
Trd, 8639033.832, 98
Trd, 8639034.082, 98
Trd, 8639034.432, 102
Trd, 8639037.032, 83
Trd, 8639037.632, 93
Trd, 8639038.482, 85
Trd, 8639039.532, 103
Trd, 8639041.432, 86
Trd, 8639044.732, 93
Trd, 8639045.182, 93
Trd, 8639046.432, 96
Trd, 8639047.582, 98
Trd, 8639047.632, 102
Trd, 8639047.932, 98
Trd, 8639049.882, 98
Trd, 8639052.532, 103
Trd, 8639052.582, 89
Trd, 8639052.982, 103
Trd, 8639054.982, 89
Trd, 8639055.832, 101
Trd, 8639056.682, 102
Trd, 8639056.832, 89
Trd, 8639059.882, 102
Trd, 8639060.982, 103
Trd, 8639062.732, 99
Trd, 8639063.732, 102
Trd, 8639065.082, 114
Trd, 8639065.232, 121
Trd, 8639067.782, 113
Trd, 8639069.482, 110
Trd, 8639070.682, 106
Trd, 8639071.132, 107
Trd, 8639071.932, 95
Trd, 8639072.232, 86
Trd, 8639075.932, 90
Trd, 8639077.582, 94
Trd, 8639077.982, 100
Trd, 8639078.282, 101
Trd, 8639079.432, 99
Trd, 8639079.982, 101
Trd, 8639080.732, 104
Trd, 8639082.182, 96
Trd, 8639082.382, 110
Trd, 8639085.432, 92
Trd, 8639087.232, 97
Trd, 8639087.482, 95
Trd, 8639087.682, 98
Trd, 8639089.432, 100
Trd, 8639089.832, 102
Trd, 8639091.082, 101
Trd, 8639092.982, 103
Trd, 8639094.832, 101
Trd, 8639096.832, 101
Trd, 8639096.982, 109
Trd, 8639097.332, 110
Trd, 8639099.282, 110
Trd, 8639101.082, 104
Trd, 8639101.832, 94
Trd, 8639102.582, 97
Trd, 8639105.532, 100
Trd, 8639105.982, 100
Trd, 8639107.582, 108
Trd, 8639108.782, 104
Trd, 8639110.532, 108
Trd, 8639111.182, 104
Trd, 8639112.332, 104
Trd, 8639112.432, 107
Trd, 8639114.932, 109
Trd, 8639114.982, 88
Trd, 8639115.582, 108
Trd, 8639116.932, 88
Trd, 8639119.232, 104
Trd, 8639120.832, 101
Trd, 8639121.482, 98
Trd, 8639122.382, 95
Trd, 8639124.382, 79
Trd, 8639125.232, 79
Trd, 8639127.232, 92
Trd, 8639127.482, 97
Trd, 8639130.482, 101
Trd, 8639130.732, 96
Trd, 8639131.232, 101
Trd, 8639131.382, 95
Trd, 8639134.482, 104
Trd, 8639134.532, 91
Trd, 8639134.882, 91
Trd, 8639136.732, 109
Trd, 8639141.832, 107
Trd, 8639141.932, 111
Trd, 8639142.082, 107
Trd, 8639143.132, 103
Trd, 8639144.182, 103
Trd, 8639145.932, 91
Trd, 8639146.732, 98
Trd, 8639148.032, 95
Trd, 8639149.532, 99
Trd, 8639149.732, 104
Trd, 8639151.032, 84
Trd, 8639152.132, 111
Trd, 8639154.032, 90
Trd, 8639154.232, 89
Trd, 8639157.282, 90
Trd, 8639157.982, 93
Trd, 8639159.132, 94
Trd, 8639159.582, 95
Trd, 8639161.682, 103
Trd, 8639162.032, 120
Trd, 8639163.432, 104
Trd, 8639164.282, 126
Trd, 8639164.382, 103
Trd, 8639164.732, 95
Trd, 8639167.132, 86
Trd, 8639167.182, 111
Trd, 8639169.482, 105
Trd, 8639169.682, 96
Trd, 8639169.832, 95
Trd, 8639171.232, 103
Trd, 8639173.382, 97
Trd, 8639173.882, 95
Trd, 8639174.082, 99
Trd, 8639176.382, 86
Trd, 8639177.482, 105
Trd, 8639180.782, 104
Trd, 8639181.182, 104
Trd, 8639182.582, 104
Trd, 8639183.132, 111
Trd, 8639184.082, 117
Trd, 8639184.882, 97
Trd, 8639188.032, 102
Trd, 8639188.332, 104
Trd, 8639188.732, 97
Trd, 8639191.982, 98
Trd, 8639192.232, 100
Trd, 8639192.582, 102
Trd, 8639192.782, 104
Trd, 8639193.382, 98
Trd, 8639193.882, 119
Trd, 8639196.982, 114
Trd, 8639197.182, 100
Trd, 8639198.232, 98
Trd, 8639198.832, 99
Trd, 8639199.582, 111
Trd, 8639201.882, 86
Trd, 8639204.282, 106
Trd, 8639205.582, 90
Trd, 8639206.632, 105
Trd, 8639207.432, 92
Trd, 8639209.082, 100
Trd, 8639211.382, 101
Trd, 8639211.632, 100
Trd, 8639213.032, 128
Trd, 8639213.182, 98
Trd, 8639214.582, 87
Trd, 8639215.882, 102
Trd, 8639216.532, 90
Trd, 8639218.632, 98
Trd, 8639219.032, 90
Trd, 8639220.032, 87
Trd, 8639220.632, 98
Trd, 8639221.182, 90
Trd, 8639222.582, 104
Trd, 8639224.532, 133
Trd, 8639225.482, 122
Trd, 8639226.532, 98
Trd, 8639227.732, 98
Trd, 8639229.632, 99
Trd, 8639231.382, 103
Trd, 8639233.282, 100
Trd, 8639233.732, 100
Trd, 8639233.932, 99
Trd, 8639235.082, 95
Trd, 8639238.132, 107
Trd, 8639238.182, 108
Trd, 8639239.432, 94
Trd, 8639239.632, 93
Trd, 8639242.532, 97
Trd, 8639242.832, 96
Trd, 8639243.682, 97
Trd, 8639243.782, 98
Trd, 8639245.382, 97
Trd, 8639248.182, 98
Trd, 8639248.332, 100
Trd, 8639249.232, 100
Trd, 8639249.482, 104
Trd, 8639251.032, 110
Trd, 8639252.532, 107
Trd, 8639254.082, 105
Trd, 8639254.382, 104
Trd, 8639255.382, 96
Trd, 8639255.732, 95
Trd, 8639255.832, 105
Trd, 8639256.832, 104
Trd, 8639259.232, 92
Trd, 8639260.132, 100
Trd, 8639260.282, 92
Trd, 8639263.432, 100
Trd, 8639264.032, 101
Trd, 8639265.082, 102
Trd, 8639266.282, 116
Trd, 8639267.632, 116
Trd, 8639269.032, 105
Trd, 8639269.532, 87
Trd, 8639272.182, 107
Trd, 8639274.132, 110
Trd, 8639274.482, 98
Trd, 8639275.182, 110
Trd, 8639278.532, 113
Trd, 8639278.582, 104
Trd, 8639279.282, 106
Trd, 8639280.432, 105
Trd, 8639281.132, 105
Trd, 8639281.482, 104
Trd, 8639283.032, 120
Trd, 8639284.182, 79
Trd, 8639284.632, 115
Trd, 8639285.732, 114
Trd, 8639286.232, 87
Trd, 8639287.682, 83
Trd, 8639288.582, 119
Trd, 8639290.932, 80
Trd, 8639291.032, 79
Trd, 8639295.032, 105
Trd, 8639296.132, 103
Trd, 8639296.732, 95
Trd, 8639298.282, 101
Trd, 8639298.482, 98
Trd, 8639300.832, 90
Trd, 8639301.182, 108
Trd, 8639301.482, 108
Trd, 8639302.182, 87
Trd, 8639305.282, 92
Trd, 8639309.232, 105
Trd, 8639309.382, 98
Trd, 8639309.682, 104
Trd, 8639310.932, 97
Trd, 8639311.532, 96
Trd, 8639311.732, 97
Trd, 8639312.582, 97
Trd, 8639313.682, 115
Trd, 8639314.632, 86
Trd, 8639316.832, 119
Trd, 8639318.332, 89
Trd, 8639319.432, 110
Trd, 8639320.182, 90
Trd, 8639322.832, 95
Trd, 8639323.082, 95
Trd, 8639323.732, 95
Trd, 8639323.882, 98
Trd, 8639325.532, 86
Trd, 8639327.782, 95
Trd, 8639328.732, 83
Trd, 8639328.882, 95
Trd, 8639329.532, 85
Trd, 8639329.882, 86
Trd, 8639330.982, 86
Trd, 8639332.782, 94
Trd, 8639333.832, 94
Trd, 8639335.082, 95
Trd, 8639335.182, 104
Trd, 8639338.032, 95
Trd, 8639338.632, 93
Trd, 8639340.432, 102
Trd, 8639342.482, 102
Trd, 8639343.182, 104
Trd, 8639343.782, 103
Trd, 8639346.482, 98
Trd, 8639347.282, 95
Trd, 8639347.432, 103
Trd, 8639347.582, 94
Trd, 8639350.732, 96
Trd, 8639351.182, 93
Trd, 8639352.332, 108
Trd, 8639354.082, 99
Trd, 8639354.482, 103
Trd, 8639356.832, 112
Trd, 8639356.982, 102
Trd, 8639359.932, 107
Trd, 8639360.032, 108
Trd, 8639360.232, 95
Trd, 8639361.482, 110
Trd, 8639363.782, 93
Trd, 8639364.432, 92
Trd, 8639365.232, 110
Trd, 8639366.732, 108
Trd, 8639368.082, 94
Trd, 8639368.232, 93
Trd, 8639368.482, 106
Trd, 8639371.232, 97
Trd, 8639371.832, 108
Trd, 8639373.882, 103
Trd, 8639375.482, 103
Trd, 8639378.282, 111
Trd, 8639379.582, 107
Trd, 8639380.082, 104
Trd, 8639380.882, 105
Trd, 8639381.282, 104
Trd, 8639381.732, 95
Trd, 8639381.782, 118
Trd, 8639382.432, 78
Trd, 8639384.332, 118
Trd, 8639385.982, 89
Trd, 8639386.282, 113
Trd, 8639388.832, 97
Trd, 8639389.882, 107
Trd, 8639389.982, 99
Trd, 8639390.682, 107
Trd, 8639392.082, 100
Trd, 8639394.782, 98
Trd, 8639395.882, 99
Trd, 8639395.932, 100
Trd, 8639396.532, 100
Trd, 8639396.932, 100
Trd, 8639399.732, 99
Trd, 8639400.282, 101
Trd, 8639401.382, 101
Trd, 8639402.882, 101
Trd, 8639403.132, 77
Trd, 8639403.632, 104
Trd, 8639404.632, 99
Trd, 8639406.532, 115
Trd, 8639407.632, 91
Trd, 8639409.382, 114
Trd, 8639410.832, 117
Trd, 8639413.232, 101
Trd, 8639413.732, 102
Trd, 8639414.532, 108
Trd, 8639417.232, 102
Trd, 8639418.332, 101
Trd, 8639418.882, 100
Trd, 8639419.332, 95
Trd, 8639421.632, 95
Trd, 8639423.332, 88
Trd, 8639423.882, 103
Trd, 8639423.982, 87
Trd, 8639427.232, 96
Trd, 8639427.632, 95
Trd, 8639428.332, 96
Trd, 8639430.882, 85
Trd, 8639430.932, 94
Trd, 8639432.432, 93
Trd, 8639434.232, 90
Trd, 8639434.282, 99
Trd, 8639435.382, 86
Trd, 8639436.782, 97
Trd, 8639439.182, 90
Trd, 8639440.432, 100
Trd, 8639440.632, 84
Trd, 8639441.382, 80
Trd, 8639443.232, 98
Trd, 8639444.332, 99
Trd, 8639444.782, 89
Trd, 8639446.232, 99
Trd, 8639447.332, 92
Trd, 8639449.582, 112
Trd, 8639449.932, 96
Trd, 8639452.282, 100
Trd, 8639452.982, 99
Trd, 8639454.782, 100
Trd, 8639455.832, 119
Trd, 8639456.332, 132
Trd, 8639456.382, 87
Trd, 8639457.282, 86
Trd, 8639457.332, 112
Trd, 8639459.332, 107
Trd, 8639462.182, 88
Trd, 8639462.832, 108
Trd, 8639463.332, 92
Trd, 8639465.482, 103
Trd, 8639467.082, 101
Trd, 8639467.632, 101
Trd, 8639468.232, 99
Trd, 8639469.532, 118
Trd, 8639470.282, 98
Trd, 8639472.782, 116
Trd, 8639474.182, 97
Trd, 8639474.982, 90
Trd, 8639475.082, 106
Trd, 8639476.232, 103
Trd, 8639476.882, 113
Trd, 8639479.082, 98
Trd, 8639479.232, 97
Trd, 8639479.332, 119
Trd, 8639481.082, 113
Trd, 8639485.132, 101
Trd, 8639485.382, 101
Trd, 8639485.782, 100
Trd, 8639486.032, 104
Trd, 8639486.432, 84
Trd, 8639489.382, 85
Trd, 8639490.482, 87
Trd, 8639490.932, 91
Trd, 8639491.482, 90
Trd, 8639492.082, 90
Trd, 8639492.632, 95
Trd, 8639493.932, 89
Trd, 8639497.332, 108
Trd, 8639498.532, 97
Trd, 8639499.532, 98
Trd, 8639500.182, 97
Trd, 8639500.232, 95
Trd, 8639504.632, 99
Trd, 8639505.382, 97
Trd, 8639505.532, 96
Trd, 8639505.782, 104
Trd, 8639507.332, 120
Trd, 8639510.132, 92
Trd, 8639510.232, 91
Trd, 8639510.632, 112
Trd, 8639510.982, 112
Trd, 8639513.232, 114
Trd, 8639514.082, 86
Trd, 8639516.732, 118
Trd, 8639517.482, 87
Trd, 8639518.682, 92
Trd, 8639519.282, 119
Trd, 8639519.932, 115
Trd, 8639522.732, 112
Trd, 8639523.482, 109
Trd, 8639525.282, 104
Trd, 8639525.782, 104
Trd, 8639529.832, 99
Trd, 8639530.732, 100
Trd, 8639530.932, 97
Trd, 8639531.482, 104
Trd, 8639532.332, 86
Trd, 8639536.032, 109
Trd, 8639536.182, 97
Trd, 8639536.682, 111
Trd, 8639540.782, 98
Trd, 8639541.232, 105
Trd, 8639541.482, 98
Trd, 8639542.332, 97
Trd, 8639542.682, 104
Trd, 8639545.432, 99
Trd, 8639545.532, 101
Trd, 8639547.632, 95
Trd, 8639547.932, 99
Trd, 8639548.832, 96
Trd, 8639549.532, 96
Trd, 8639550.832, 99
Trd, 8639552.182, 101
Trd, 8639553.382, 99
Trd, 8639554.382, 98
Trd, 8639554.932, 113
Trd, 8639556.532, 87
Trd, 8639557.082, 86
Trd, 8639557.282, 118
Trd, 8639560.232, 117
Trd, 8639561.132, 88
Trd, 8639561.932, 86
Trd, 8639563.882, 89
Trd, 8639564.832, 103
Trd, 8639565.732, 90
Trd, 8639567.382, 101
Trd, 8639567.782, 102
Trd, 8639568.982, 94
Trd, 8639569.782, 95
Trd, 8639570.082, 115
Trd, 8639573.482, 79
Trd, 8639574.932, 103
Trd, 8639576.582, 103
Trd, 8639577.082, 92
Trd, 8639579.082, 94
Trd, 8639579.532, 96
Trd, 8639580.832, 95
Trd, 8639581.782, 95
Trd, 8639582.982, 101
Trd, 8639583.432, 104
Trd, 8639583.782, 96
Trd, 8639584.532, 95
Trd, 8639588.332, 92
Trd, 8639589.482, 96
Trd, 8639589.832, 96
Trd, 8639590.982, 99
Trd, 8639592.132, 102
Trd, 8639595.032, 94
Trd, 8639595.582, 95
Trd, 8639596.132, 95
Trd, 8639597.132, 98
Trd, 8639597.232, 104
Trd, 8639597.432, 97
Trd, 8639598.082, 95
Trd, 8639600.932, 92
Trd, 8639601.482, 107
Trd, 8639602.732, 107
Trd, 8639603.832, 100
Trd, 8639606.382, 91
Trd, 8639606.882, 98
Trd, 8639607.182, 104
Trd, 8639609.182, 115
Trd, 8639609.282, 99
Trd, 8639609.932, 118
Trd, 8639610.232, 98
Trd, 8639613.632, 102
Trd, 8639614.382, 103
Trd, 8639615.032, 96
Trd, 8639616.432, 102
Trd, 8639616.682, 97
Trd, 8639617.882, 104
Trd, 8639621.682, 100
Trd, 8639622.182, 100
Trd, 8639622.682, 101
Trd, 8639623.232, 103
Trd, 8639624.832, 111
Trd, 8639624.932, 104
Trd, 8639627.532, 81
Trd, 8639627.732, 109
Trd, 8639631.282, 98
Trd, 8639631.582, 99
Trd, 8639632.082, 94
Trd, 8639632.432, 94
Trd, 8639634.632, 101
Trd, 8639634.682, 100
Trd, 8639634.782, 95
Trd, 8639638.232, 128
Trd, 8639638.432, 113
Trd, 8639639.682, 125
Trd, 8639641.082, 92
Trd, 8639642.032, 120
Trd, 8639643.232, 122
Trd, 8639643.582, 96
Trd, 8639645.432, 118
Trd, 8639646.832, 95
Trd, 8639647.632, 86
Trd, 8639647.682, 109
Trd, 8639650.082, 86
Trd, 8639651.732, 107
Trd, 8639651.782, 109
Trd, 8639653.082, 105
Trd, 8639654.182, 96
Trd, 8639656.132, 101
Trd, 8639657.032, 100
Trd, 8639657.582, 95
Trd, 8639658.182, 100
Trd, 8639659.182, 77
Trd, 8639661.632, 88
Trd, 8639663.282, 95
Trd, 8639664.182, 95
Trd, 8639665.182, 94
Trd, 8639665.232, 104
Trd, 8639666.232, 86
Trd, 8639667.182, 116
Trd, 8639670.432, 94
Trd, 8639671.082, 109
Trd, 8639673.182, 100
Trd, 8639673.282, 104
Trd, 8639673.632, 99
Trd, 8639675.332, 99
Trd, 8639675.382, 101
Trd, 8639676.532, 90
Trd, 8639678.632, 98
Trd, 8639678.782, 104
Trd, 8639680.832, 101
Trd, 8639681.932, 104
Trd, 8639682.082, 105
Trd, 8639683.182, 105
Trd, 8639683.382, 104
Trd, 8639684.682, 113
Trd, 8639685.532, 88
Trd, 8639687.332, 88
Trd, 8639688.232, 87
Trd, 8639688.782, 104
Trd, 8639690.532, 98
Trd, 8639691.032, 98
Trd, 8639693.932, 95
Trd, 8639694.632, 104
Trd, 8639696.682, 102
Trd, 8639697.532, 87
Trd, 8639699.332, 95
Trd, 8639699.882, 95
Trd, 8639700.582, 96
Trd, 8639700.632, 90
Trd, 8639704.382, 95
Trd, 8639704.432, 93
Trd, 8639705.032, 96
Trd, 8639705.282, 93
Trd, 8639705.832, 104
Trd, 8639710.282, 106
Trd, 8639710.482, 93
Trd, 8639713.432, 102
Trd, 8639713.932, 103
Trd, 8639714.482, 103
Trd, 8639718.532, 98
Trd, 8639718.732, 107
Trd, 8639718.782, 98
Trd, 8639719.882, 99
Trd, 8639720.382, 103
Trd, 8639721.182, 103
Trd, 8639722.132, 88
Trd, 8639724.382, 95
Trd, 8639724.982, 91
Trd, 8639727.032, 92
Trd, 8639727.532, 93
Trd, 8639728.282, 95
Trd, 8639729.232, 101
Trd, 8639731.432, 102
Trd, 8639731.482, 96
Trd, 8639731.782, 86
Trd, 8639732.632, 100
Trd, 8639736.132, 94
Trd, 8639738.432, 91
Trd, 8639739.182, 90
Trd, 8639739.682, 90
Trd, 8639741.032, 95
Trd, 8639741.082, 104
Trd, 8639742.182, 90
Trd, 8639742.982, 89
Trd, 8639744.182, 112
Trd, 8639745.732, 92
Trd, 8639746.932, 96
Trd, 8639748.532, 96
Trd, 8639749.132, 95
Trd, 8639749.432, 97
Trd, 8639752.582, 104
Trd, 8639753.982, 114
Trd, 8639754.082, 92
Trd, 8639754.832, 92
Trd, 8639756.732, 120
Trd, 8639756.882, 87
Trd, 8639759.132, 119
Trd, 8639759.432, 89
Trd, 8639761.732, 115
Trd, 8639762.032, 96
Trd, 8639763.032, 114
Trd, 8639763.432, 98
Trd, 8639764.682, 113
Trd, 8639764.782, 100
Trd, 8639767.982, 102
Trd, 8639768.082, 101
Trd, 8639769.132, 101
Trd, 8639769.482, 102
Trd, 8639770.082, 77
Trd, 8639773.532, 92
Trd, 8639775.032, 109
Trd, 8639776.582, 101
Trd, 8639777.882, 107
Trd, 8639778.932, 108
Trd, 8639781.982, 102
Trd, 8639782.782, 95
Trd, 8639783.132, 102
Trd, 8639785.132, 97
Trd, 8639785.582, 102
Trd, 8639786.682, 98
Trd, 8639788.432, 95
Trd, 8639788.482, 102
Trd, 8639790.232, 101
Trd, 8639791.182, 104
Trd, 8639791.832, 90
Trd, 8639794.682, 91
Trd, 8639795.382, 90
Trd, 8639797.082, 100
Trd, 8639798.432, 103
Trd, 8639800.132, 97
Trd, 8639801.182, 90
Trd, 8639803.432, 96
Trd, 8639803.632, 96
Trd, 8639803.882, 104
Trd, 8639804.082, 122
Trd, 8639807.082, 109
Trd, 8639807.632, 99
Trd, 8639807.682, 105
Trd, 8639809.782, 100
Trd, 8639810.182, 105
Trd, 8639811.132, 97
Trd, 8639811.232, 96
Trd, 8639813.532, 104
Trd, 8639816.432, 107
Trd, 8639818.932, 111
Trd, 8639819.282, 92
Trd, 8639819.432, 111
Trd, 8639820.832, 112
Trd, 8639823.932, 108
Trd, 8639824.082, 107
Trd, 8639824.832, 105
Trd, 8639824.882, 107
Trd, 8639825.482, 104
Trd, 8639826.632, 88
Trd, 8639826.832, 87
Trd, 8639827.682, 126
Trd, 8639832.482, 96
Trd, 8639832.582, 97
Trd, 8639832.632, 94
Trd, 8639833.932, 96
Trd, 8639834.932, 94
Trd, 8639836.782, 97
Trd, 8639836.832, 119
Trd, 8639837.732, 98
Trd, 8639839.582, 107
Trd, 8639840.832, 112
Trd, 8639841.632, 96
Trd, 8639842.482, 95
Trd, 8639843.832, 108
Trd, 8639847.232, 101
Trd, 8639847.432, 100
Trd, 8639847.482, 99
Trd, 8639848.082, 102
Trd, 8639849.832, 89
Trd, 8639853.232, 103
Trd, 8639853.582, 94
Trd, 8639854.482, 100
Trd, 8639856.132, 99
Trd, 8639857.882, 102
Trd, 8639858.232, 116
Trd, 8639858.932, 86
Trd, 8639859.182, 116
Trd, 8639862.132, 80
Trd, 8639863.332, 76
Trd, 8639865.832, 86
Trd, 8639865.932, 79
Trd, 8639866.132, 95
Trd, 8639866.732, 118
Trd, 8639868.382, 86
Trd, 8639870.082, 122
Trd, 8639874.132, 103
Trd, 8639874.332, 102
Trd, 8639874.382, 103
Trd, 8639874.782, 104
Trd, 8639876.232, 101
Trd, 8639876.882, 99
Trd, 8639878.732, 99
Trd, 8639878.982, 97
Trd, 8639880.582, 96
Trd, 8639881.582, 104
Trd, 8639883.082, 95
Trd, 8639884.432, 109
Trd, 8639886.932, 97
Trd, 8639888.282, 98
Trd, 8639888.832, 95
Trd, 8639889.182, 86
Trd, 8639890.682, 98
Trd, 8639893.332, 96
Trd, 8639894.382, 92
Trd, 8639894.832, 93
Trd, 8639895.482, 93
Trd, 8639896.482, 93
Trd, 8639897.232, 104
Trd, 8639899.082, 118
Trd, 8639899.332, 95
Trd, 8639902.282, 99
Trd, 8639902.682, 107
Trd, 8639903.082, 109
Trd, 8639903.582, 99
Trd, 8639906.082, 104
Trd, 8639906.232, 113
Trd, 8639909.282, 109
Trd, 8639909.682, 95
Trd, 8639910.732, 86
Trd, 8639911.482, 103
Trd, 8639911.782, 88
Trd, 8639912.582, 103
Trd, 8639914.982, 99
Trd, 8639915.682, 96
Trd, 8639917.182, 99
Trd, 8639918.082, 100
Trd, 8639918.332, 98
Trd, 8639918.532, 95
Trd, 8639920.482, 99
Trd, 8639921.332, 86
Trd, 8639924.832, 91
Trd, 8639924.932, 92
Trd, 8639925.682, 94
Trd, 8639926.132, 103
Trd, 8639926.232, 88
Trd, 8639926.782, 86
Trd, 8639929.682, 100
Trd, 8639929.982, 101
Trd, 8639932.182, 91
Trd, 8639934.082, 96
Trd, 8639936.282, 99
Trd, 8639937.482, 97
Trd, 8639937.782, 96
Trd, 8639938.482, 111
Trd, 8639939.732, 85
Trd, 8639942.732, 80
Trd, 8639943.132, 78
Trd, 8639943.682, 86
Trd, 8639945.582, 84
Trd, 8639946.732, 102
Trd, 8639949.082, 98
Trd, 8639950.382, 99
Trd, 8639950.632, 113
Trd, 8639951.632, 121
Trd, 8639951.982, 98
Trd, 8639954.582, 96
Trd, 8639954.832, 95
Trd, 8639955.432, 108
Trd, 8639956.382, 80
Trd, 8639957.432, 106
Trd, 8639958.882, 102
Trd, 8639960.682, 93
Trd, 8639961.932, 96
Trd, 8639962.182, 97
Trd, 8639962.532, 97
Trd, 8639963.832, 108
Trd, 8639964.132, 99
Trd, 8639967.032, 107
Trd, 8639967.732, 85
Trd, 8639969.682, 112
Trd, 8639969.882, 84
Trd, 8639973.332, 92
Trd, 8639974.182, 98
Trd, 8639974.932, 96
Trd, 8639975.382, 97
Trd, 8639975.632, 98
Trd, 8639975.882, 104
Trd, 8639976.882, 117
Trd, 8639978.332, 100
Trd, 8639980.882, 105
Trd, 8639981.082, 104
Trd, 8639981.132, 106
Trd, 8639982.932, 101
Trd, 8639983.632, 100
Trd, 8639983.682, 104
Trd, 8639984.082, 96
Trd, 8639987.082, 92
Trd, 8639988.732, 93
Trd, 8639989.582, 98
Trd, 8639990.082, 93
Trd, 8639991.082, 97
Trd, 8639992.682, 96
Trd, 8639993.332, 96
Trd, 8639994.032, 100
Trd, 8639996.132, 100
Trd, 8639998.382, 102
