Trd, 8637933.882, 100
Trd, 8637934.582, 100
Trd, 8637934.982, 95
Trd, 8637935.632, 94
Trd, 8637936.332, 86
Trd, 8637939.182, 95
Trd, 8637939.332, 83
Trd, 8637940.632, 98
Trd, 8637943.132, 86
Trd, 8637944.382, 86
Trd, 8637944.432, 97
Trd, 8637944.932, 86
Trd, 8637945.832, 88
Trd, 8637946.682, 90
Trd, 8637947.532, 86
Trd, 8637949.732, 104
Trd, 8637950.282, 87
Trd, 8637950.882, 133
Trd, 8637952.382, 75
Trd, 8637953.732, 80
Trd, 8637955.632, 87
Trd, 8637955.732, 88
Trd, 8637956.482, 96
Trd, 8637957.332, 73
Trd, 8637958.732, 74
Trd, 8637960.332, 95
Trd, 8637961.132, 104
Trd, 8637962.082, 97
Trd, 8637963.782, 98
Trd, 8637965.182, 111
Trd, 8637966.532, 96
Trd, 8637967.982, 98
Trd, 8637968.232, 92
Trd, 8637969.982, 95
Trd, 8637971.032, 95
Trd, 8637971.432, 113
Trd, 8637971.582, 96
Trd, 8637971.632, 94
Trd, 8637975.732, 67
Trd, 8637977.282, 87
Trd, 8637978.482, 82
Trd, 8637979.982, 90
Trd, 8637982.582, 91
Trd, 8637983.532, 95
Trd, 8637984.332, 96
Trd, 8637984.632, 95
Trd, 8637984.782, 86
Trd, 8637986.932, 99
Trd, 8637987.582, 96
Trd, 8637988.382, 95
Trd, 8637989.632, 112
Trd, 8637989.682, 65
Trd, 8637992.032, 72
Trd, 8637993.182, 74
Trd, 8637995.232, 99
Trd, 8637995.932, 90
Trd, 8637998.432, 85
Trd, 8637999.732, 93
Trd, 8638000.482, 95
Trd, 8638000.532, 95
Trd, 8638003.232, 106
Trd, 8638003.682, 94
Trd, 8638004.532, 95
Trd, 8638006.932, 95
Trd, 8638009.082, 100
Trd, 8638011.432, 100
Trd, 8638011.582, 99
Trd, 8638012.032, 95
Trd, 8638012.382, 97
Trd, 8638013.282, 94
Trd, 8638014.182, 100
Trd, 8638014.582, 95
Trd, 8638016.182, 96
Trd, 8638016.882, 89
Trd, 8638017.432, 113
Trd, 8638017.782, 88
Trd, 8638020.932, 100
Trd, 8638021.432, 101
Trd, 8638021.532, 111
Trd, 8638022.882, 96
Trd, 8638023.532, 114
Trd, 8638024.632, 97
Trd, 8638024.832, 140
Trd, 8638024.982, 95
Trd, 8638026.682, 86
Trd, 8638028.232, 117
Trd, 8638029.132, 94
Trd, 8638031.182, 63
Trd, 8638032.632, 64
Trd, 8638033.032, 74
Trd, 8638036.532, 93
Trd, 8638036.882, 89
Trd, 8638039.282, 94
Trd, 8638039.632, 131
Trd, 8638040.832, 98
Trd, 8638041.182, 96
Trd, 8638041.632, 107
Trd, 8638042.082, 95
Trd, 8638045.182, 62
Trd, 8638046.282, 77
Trd, 8638047.632, 84
Trd, 8638049.532, 87
Trd, 8638049.932, 87
Trd, 8638050.082, 86
Trd, 8638050.182, 95
Trd, 8638051.282, 87
Trd, 8638052.282, 115
Trd, 8638052.832, 88
Trd, 8638054.132, 115
Trd, 8638054.782, 86
Trd, 8638055.632, 70
Trd, 8638057.132, 80
Trd, 8638058.432, 88
Trd, 8638059.832, 93
Trd, 8638060.282, 98
Trd, 8638062.032, 93
Trd, 8638063.132, 93
Trd, 8638063.382, 95
Trd, 8638063.482, 114
Trd, 8638066.532, 100
Trd, 8638066.632, 92
Trd, 8638068.032, 116
Trd, 8638068.282, 86
Trd, 8638069.782, 101
Trd, 8638070.632, 72
Trd, 8638073.282, 113
Trd, 8638073.682, 89
Trd, 8638074.832, 104
Trd, 8638076.182, 96
Trd, 8638076.532, 95
Trd, 8638077.282, 88
Trd, 8638078.182, 112
Trd, 8638079.432, 72
Trd, 8638081.282, 77
Trd, 8638082.982, 79
Trd, 8638084.182, 83
Trd, 8638084.632, 88
Trd, 8638085.182, 85
Trd, 8638086.232, 82
Trd, 8638088.132, 87
Trd, 8638088.832, 89
Trd, 8638090.282, 98
Trd, 8638090.932, 96
Trd, 8638092.582, 113
Trd, 8638094.032, 101
Trd, 8638094.282, 99
Trd, 8638094.732, 121
Trd, 8638096.782, 100
Trd, 8638097.832, 87
Trd, 8638098.832, 88
Trd, 8638099.232, 108
Trd, 8638102.182, 73
Trd, 8638102.332, 92
Trd, 8638103.182, 69
Trd, 8638107.382, 87
Trd, 8638107.832, 88
Trd, 8638108.132, 87
Trd, 8638108.182, 86
Trd, 8638108.732, 82
Trd, 8638110.132, 101
Trd, 8638112.582, 86
Trd, 8638114.332, 92
Trd, 8638115.282, 108
Trd, 8638115.532, 94
Trd, 8638117.582, 97
Trd, 8638118.232, 98
Trd, 8638120.032, 95
Trd, 8638120.182, 114
Trd, 8638120.632, 89
Trd, 8638120.932, 86
Trd, 8638123.832, 103
Trd, 8638125.232, 106
Trd, 8638127.632, 109
Trd, 8638128.332, 109
Trd, 8638129.632, 112
Trd, 8638131.832, 106
Trd, 8638131.932, 105
Trd, 8638132.182, 104
Trd, 8638133.082, 95
Trd, 8638135.182, 91
Trd, 8638136.982, 101
Trd, 8638137.132, 100
Trd, 8638138.232, 103
Trd, 8638139.032, 119
Trd, 8638139.582, 96
Trd, 8638140.282, 95
Trd, 8638141.532, 118
Trd, 8638142.482, 96
Trd, 8638144.682, 98
Trd, 8638145.432, 111
Trd, 8638146.082, 97
Trd, 8638147.482, 123
Trd, 8638148.532, 102
Trd, 8638149.982, 91
Trd, 8638151.032, 91
Trd, 8638151.782, 89
Trd, 8638151.932, 111
Trd, 8638155.332, 97
Trd, 8638156.282, 97
Trd, 8638156.532, 96
Trd, 8638156.682, 95
Trd, 8638157.882, 92
Trd, 8638157.982, 113
Trd, 8638159.782, 124
Trd, 8638160.432, 88
Trd, 8638163.532, 69
Trd, 8638165.832, 89
Trd, 8638166.082, 88
Trd, 8638167.282, 88
Trd, 8638167.332, 86
Trd, 8638167.482, 115
Trd, 8638169.382, 72
Trd, 8638169.982, 71
Trd, 8638172.282, 75
Trd, 8638172.982, 83
Trd, 8638173.682, 86
Trd, 8638177.532, 72
Trd, 8638178.332, 73
Trd, 8638179.382, 83
Trd, 8638182.832, 85
Trd, 8638183.332, 87
Trd, 8638183.782, 86
Trd, 8638184.782, 87
Trd, 8638185.032, 96
Trd, 8638185.982, 87
Trd, 8638187.182, 105
Trd, 8638187.532, 88
Trd, 8638188.432, 96
Trd, 8638188.782, 90
Trd, 8638189.532, 91
Trd, 8638191.582, 95
Trd, 8638192.332, 93
Trd, 8638194.182, 96
Trd, 8638195.982, 94
Trd, 8638196.282, 111
Trd, 8638196.532, 96
Trd, 8638197.832, 95
Trd, 8638197.932, 95
Trd, 8638199.832, 96
Trd, 8638200.332, 95
Trd, 8638201.382, 69
Trd, 8638203.882, 83
Trd, 8638204.432, 79
Trd, 8638205.832, 87
Trd, 8638206.532, 118
Trd, 8638207.532, 81
Trd, 8638209.632, 109
Trd, 8638210.882, 113
Trd, 8638211.682, 113
Trd, 8638212.032, 112
Trd, 8638213.482, 95
Trd, 8638216.132, 111
Trd, 8638216.732, 123
Trd, 8638217.282, 95
Trd, 8638218.682, 97
Trd, 8638219.182, 97
Trd, 8638220.432, 100
Trd, 8638220.982, 110
Trd, 8638221.182, 100
Trd, 8638221.632, 95
Trd, 8638224.132, 111
Trd, 8638225.982, 95
Trd, 8638226.482, 120
Trd, 8638228.082, 97
Trd, 8638228.182, 95
Trd, 8638228.282, 98
Trd, 8638229.332, 89
Trd, 8638229.982, 89
Trd, 8638231.732, 95
Trd, 8638232.532, 95
Trd, 8638234.082, 97
Trd, 8638234.832, 60
Trd, 8638235.332, 95
Trd, 8638236.182, 86
Trd, 8638238.132, 72
Trd, 8638239.332, 77
Trd, 8638240.882, 87
Trd, 8638241.182, 77
Trd, 8638244.682, 95
Trd, 8638245.032, 96
Trd, 8638245.182, 107
Trd, 8638246.082, 97
Trd, 8638247.982, 99
Trd, 8638249.032, 98
Trd, 8638249.132, 69
Trd, 8638250.282, 111
Trd, 8638251.032, 119
Trd, 8638252.032, 95
Trd, 8638252.482, 86
Trd, 8638256.332, 104
Trd, 8638256.782, 107
Trd, 8638257.582, 107
Trd, 8638258.182, 119
Trd, 8638259.632, 109
Trd, 8638259.782, 95
Trd, 8638260.182, 87
Trd, 8638263.182, 90
Trd, 8638263.482, 93
Trd, 8638264.032, 100
Trd, 8638266.382, 97
Trd, 8638266.482, 99
Trd, 8638267.282, 98
Trd, 8638268.982, 100
Trd, 8638269.882, 99
Trd, 8638270.482, 95
Trd, 8638271.782, 116
Trd, 8638272.982, 87
Trd, 8638275.082, 97
Trd, 8638275.282, 96
Trd, 8638275.532, 95
Trd, 8638276.132, 97
Trd, 8638276.832, 87
Trd, 8638278.632, 72
Trd, 8638279.632, 93
Trd, 8638281.882, 69
Trd, 8638282.482, 70
Trd, 8638284.882, 87
Trd, 8638286.982, 88
Trd, 8638289.332, 94
Trd, 8638289.732, 95
Trd, 8638289.882, 101
Trd, 8638291.632, 87
Trd, 8638291.682, 86
Trd, 8638292.082, 125
Trd, 8638294.232, 95
Trd, 8638295.682, 94
Trd, 8638295.782, 92
Trd, 8638296.082, 99
Trd, 8638296.382, 113
Trd, 8638296.632, 86
Trd, 8638298.982, 71
Trd, 8638299.432, 77
Trd, 8638299.932, 76
Trd, 8638301.432, 118
Trd, 8638303.932, 88
Trd, 8638305.032, 89
Trd, 8638306.032, 88
Trd, 8638306.132, 86
Trd, 8638307.532, 92
Trd, 8638307.732, 88
Trd, 8638308.732, 97
Trd, 8638309.882, 95
Trd, 8638310.382, 96
Trd, 8638311.482, 95
Trd, 8638312.232, 90
Trd, 8638314.332, 94
Trd, 8638315.632, 94
Trd, 8638316.282, 92
Trd, 8638316.732, 90
Trd, 8638317.682, 95
Trd, 8638318.182, 97
Trd, 8638318.532, 95
Trd, 8638321.532, 92
Trd, 8638322.432, 94
Trd, 8638323.732, 95
Trd, 8638324.482, 113
Trd, 8638324.782, 107
Trd, 8638326.132, 71
Trd, 8638327.882, 69
Trd, 8638330.182, 88
Trd, 8638331.032, 91
Trd, 8638331.682, 122
Trd, 8638332.232, 96
Trd, 8638334.632, 96
Trd, 8638335.132, 95
Trd, 8638335.932, 86
Trd, 8638336.382, 98
Trd, 8638336.882, 88
Trd, 8638337.832, 68
Trd, 8638340.432, 76
Trd, 8638340.732, 90
Trd, 8638343.682, 80
Trd, 8638344.932, 83
Trd, 8638344.982, 90
Trd, 8638346.082, 86
Trd, 8638347.532, 89
Trd, 8638349.982, 89
Trd, 8638350.232, 93
Trd, 8638352.682, 97
Trd, 8638353.182, 111
Trd, 8638354.082, 102
Trd, 8638354.482, 86
Trd, 8638358.182, 85
Trd, 8638358.532, 86
Trd, 8638360.782, 95
Trd, 8638360.982, 95
Trd, 8638361.632, 94
Trd, 8638361.682, 91
Trd, 8638364.032, 77
Trd, 8638364.932, 93
Trd, 8638367.082, 88
Trd, 8638367.632, 96
Trd, 8638368.932, 85
Trd, 8638371.532, 100
Trd, 8638372.782, 115
Trd, 8638373.582, 110
Trd, 8638376.082, 96
Trd, 8638376.532, 95
Trd, 8638376.632, 86
Trd, 8638377.132, 79
Trd, 8638378.882, 96
Trd, 8638380.682, 60
Trd, 8638382.232, 86
Trd, 8638384.532, 108
Trd, 8638384.682, 80
Trd, 8638386.032, 87
Trd, 8638387.332, 87
Trd, 8638387.532, 86
Trd, 8638390.782, 98
Trd, 8638391.882, 95
Trd, 8638393.382, 90
Trd, 8638394.032, 92
Trd, 8638394.082, 100
Trd, 8638395.532, 124
Trd, 8638396.432, 113
Trd, 8638397.282, 97
Trd, 8638398.682, 97
Trd, 8638400.732, 93
Trd, 8638401.082, 91
Trd, 8638401.632, 103
Trd, 8638404.432, 78
Trd, 8638407.332, 85
Trd, 8638407.482, 84
Trd, 8638409.632, 90
Trd, 8638409.832, 95
Trd, 8638410.682, 94
Trd, 8638412.232, 88
Trd, 8638412.332, 98
Trd, 8638414.182, 89
Trd, 8638414.832, 113
Trd, 8638415.682, 95
Trd, 8638415.782, 94
Trd, 8638418.082, 115
Trd, 8638419.632, 102
Trd, 8638420.332, 100
Trd, 8638421.382, 97
Trd, 8638423.532, 114
Trd, 8638423.882, 105
Trd, 8638425.682, 104
Trd, 8638426.132, 97
Trd, 8638428.482, 99
Trd, 8638428.982, 98
Trd, 8638430.482, 91
Trd, 8638430.532, 90
Trd, 8638430.982, 116
Trd, 8638432.632, 112
Trd, 8638434.032, 87
Trd, 8638434.932, 123
Trd, 8638436.032, 93
Trd, 8638436.882, 115
Trd, 8638437.732, 98
Trd, 8638438.082, 97
Trd, 8638440.082, 109
Trd, 8638440.482, 95
Trd, 8638440.782, 86
Trd, 8638443.482, 85
Trd, 8638443.632, 86
Trd, 8638446.232, 84
Trd, 8638447.982, 99
Trd, 8638449.632, 109
Trd, 8638449.932, 104
Trd, 8638450.382, 92
Trd, 8638451.782, 87
Trd, 8638452.282, 93
Trd, 8638452.982, 99
Trd, 8638455.982, 95
Trd, 8638456.382, 101
Trd, 8638456.982, 113
Trd, 8638457.282, 83
Trd, 8638458.382, 87
Trd, 8638458.432, 86
Trd, 8638460.682, 97
Trd, 8638462.732, 116
Trd, 8638463.282, 100
Trd, 8638466.282, 103
Trd, 8638466.982, 104
Trd, 8638467.532, 115
Trd, 8638467.732, 102
Trd, 8638467.782, 95
Trd, 8638469.132, 87
Trd, 8638470.382, 87
Trd, 8638470.932, 66
Trd, 8638474.282, 79
Trd, 8638474.532, 112
Trd, 8638475.382, 83
Trd, 8638475.732, 86
Trd, 8638479.182, 94
Trd, 8638479.832, 104
Trd, 8638480.582, 94
Trd, 8638481.132, 91
Trd, 8638481.382, 107
Trd, 8638482.432, 87
Trd, 8638484.332, 100
Trd, 8638485.482, 102
Trd, 8638487.932, 107
Trd, 8638488.182, 115
Trd, 8638488.932, 87
Trd, 8638489.782, 124
Trd, 8638490.332, 88
Trd, 8638492.232, 93
Trd, 8638493.032, 91
Trd, 8638493.932, 97
Trd, 8638496.032, 107
Trd, 8638497.732, 87
Trd, 8638497.882, 87
Trd, 8638498.932, 88
Trd, 8638500.182, 117
Trd, 8638501.132, 87
Trd, 8638503.082, 95
Trd, 8638503.982, 96
Trd, 8638507.182, 97
Trd, 8638507.332, 95
Trd, 8638507.532, 122
Trd, 8638507.582, 95
Trd, 8638510.332, 62
Trd, 8638510.832, 86
Trd, 8638512.332, 106
Trd, 8638513.632, 113
Trd, 8638513.932, 85
Trd, 8638516.182, 93
Trd, 8638516.682, 96
Trd, 8638517.082, 92
Trd, 8638518.082, 96
Trd, 8638519.282, 100
Trd, 8638519.882, 101
Trd, 8638520.732, 87
Trd, 8638521.382, 115
Trd, 8638522.532, 86
Trd, 8638524.332, 82
Trd, 8638525.032, 84
Trd, 8638526.132, 97
Trd, 8638527.982, 111
Trd, 8638530.382, 97
Trd, 8638531.532, 95
Trd, 8638531.582, 95
Trd, 8638531.632, 113
Trd, 8638535.532, 90
Trd, 8638536.832, 61
Trd, 8638538.482, 77
Trd, 8638539.482, 71
Trd, 8638540.682, 95
Trd, 8638540.982, 71
Trd, 8638542.982, 84
Trd, 8638544.082, 85
Trd, 8638545.432, 89
Trd, 8638546.932, 92
Trd, 8638547.132, 88
Trd, 8638548.832, 97
Trd, 8638548.882, 86
Trd, 8638551.582, 73
Trd, 8638552.932, 68
Trd, 8638555.832, 86
Trd, 8638556.582, 87
Trd, 8638557.432, 97
Trd, 8638559.182, 97
Trd, 8638559.232, 93
Trd, 8638560.382, 119
Trd, 8638561.882, 97
Trd, 8638562.482, 96
Trd, 8638562.982, 96
Trd, 8638565.582, 96
Trd, 8638566.082, 91
Trd, 8638566.132, 95
Trd, 8638569.132, 94
Trd, 8638569.632, 92
Trd, 8638570.782, 92
Trd, 8638571.132, 94
Trd, 8638571.182, 95
Trd, 8638572.332, 131
Trd, 8638574.432, 86
Trd, 8638574.532, 95
Trd, 8638577.532, 70
Trd, 8638579.182, 89
Trd, 8638581.082, 77
Trd, 8638581.232, 77
Trd, 8638582.832, 88
Trd, 8638584.782, 94
Trd, 8638585.782, 99
Trd, 8638586.632, 98
Trd, 8638587.082, 98
Trd, 8638590.732, 97
Trd, 8638591.132, 96
Trd, 8638592.082, 95
Trd, 8638593.332, 118
Trd, 8638593.432, 112
Trd, 8638593.682, 110
Trd, 8638594.082, 86
Trd, 8638595.632, 69
Trd, 8638596.582, 134
Trd, 8638598.082, 78
Trd, 8638599.732, 86
Trd, 8638600.382, 99
Trd, 8638602.382, 92
Trd, 8638602.882, 92
Trd, 8638603.382, 92
Trd, 8638605.382, 91
Trd, 8638605.782, 91
Trd, 8638606.182, 112
Trd, 8638608.582, 95
Trd, 8638610.032, 98
Trd, 8638610.182, 114
Trd, 8638611.132, 98
Trd, 8638611.782, 87
Trd, 8638614.432, 89
Trd, 8638616.932, 94
Trd, 8638617.282, 94
Trd, 8638617.932, 95
Trd, 8638618.432, 84
Trd, 8638619.532, 95
Trd, 8638621.582, 89
Trd, 8638622.682, 90
Trd, 8638623.732, 113
Trd, 8638624.482, 114
Trd, 8638625.032, 123
Trd, 8638625.782, 104
Trd, 8638626.482, 87
Trd, 8638629.732, 91
Trd, 8638630.082, 88
Trd, 8638630.482, 91
Trd, 8638632.582, 86
Trd, 8638632.782, 108
Trd, 8638633.932, 93
Trd, 8638635.282, 95
Trd, 8638636.432, 96
Trd, 8638637.282, 96
Trd, 8638638.082, 104
Trd, 8638639.482, 96
Trd, 8638639.932, 97
Trd, 8638640.132, 95
Trd, 8638641.832, 86
Trd, 8638643.282, 114
Trd, 8638644.382, 85
Trd, 8638645.432, 97
Trd, 8638645.732, 86
Trd, 8638648.282, 96
Trd, 8638648.382, 95
Trd, 8638649.282, 95
Trd, 8638650.282, 109
Trd, 8638650.382, 96
Trd, 8638652.682, 86
Trd, 8638652.932, 74
Trd, 8638654.532, 79
Trd, 8638655.082, 91
Trd, 8638655.582, 87
Trd, 8638657.332, 84
Trd, 8638660.682, 96
Trd, 8638660.732, 100
Trd, 8638661.032, 95
Trd, 8638663.432, 95
Trd, 8638664.182, 94
Trd, 8638666.232, 96
Trd, 8638666.782, 90
Trd, 8638667.332, 114
Trd, 8638667.632, 91
Trd, 8638669.432, 92
Trd, 8638669.682, 94
Trd, 8638670.982, 96
Trd, 8638671.732, 95
Trd, 8638672.882, 95
Trd, 8638673.382, 95
Trd, 8638674.432, 95
Trd, 8638678.482, 104
Trd, 8638679.232, 104
Trd, 8638679.732, 111
Trd, 8638680.882, 106
Trd, 8638681.932, 86
Trd, 8638683.332, 69
Trd, 8638685.582, 95
Trd, 8638686.532, 96
Trd, 8638687.082, 86
Trd, 8638688.182, 87
Trd, 8638688.332, 85
Trd, 8638689.932, 85
Trd, 8638690.382, 87
Trd, 8638690.732, 122
Trd, 8638692.182, 87
Trd, 8638696.032, 89
Trd, 8638697.032, 86
Trd, 8638697.432, 86
Trd, 8638698.132, 95
Trd, 8638698.332, 96
Trd, 8638699.082, 89
Trd, 8638700.482, 89
Trd, 8638701.382, 99
Trd, 8638703.382, 113
Trd, 8638704.132, 96
Trd, 8638704.232, 116
Trd, 8638704.832, 95
Trd, 8638706.832, 102
Trd, 8638708.582, 96
Trd, 8638709.082, 96
Trd, 8638709.282, 94
Trd, 8638712.682, 73
Trd, 8638712.982, 86
Trd, 8638713.582, 113
Trd, 8638714.732, 113
Trd, 8638716.232, 105
Trd, 8638716.532, 104
Trd, 8638716.582, 95
Trd, 8638718.182, 96
Trd, 8638718.732, 90
Trd, 8638721.432, 99
Trd, 8638723.632, 90
Trd, 8638723.832, 89
Trd, 8638725.682, 91
Trd, 8638726.432, 91
Trd, 8638727.982, 95
Trd, 8638730.232, 111
Trd, 8638730.532, 99
Trd, 8638732.132, 95
Trd, 8638733.282, 87
Trd, 8638733.682, 110
Trd, 8638734.232, 87
Trd, 8638736.632, 88
Trd, 8638737.632, 95
Trd, 8638739.082, 102
Trd, 8638740.032, 95
Trd, 8638741.082, 88
Trd, 8638741.832, 112
Trd, 8638742.132, 97
Trd, 8638744.382, 92
Trd, 8638746.082, 116
Trd, 8638747.682, 108
Trd, 8638748.732, 99
Trd, 8638749.332, 122
Trd, 8638749.582, 100
Trd, 8638749.632, 99
Trd, 8638753.482, 88
Trd, 8638753.582, 87
Trd, 8638753.882, 92
Trd, 8638757.632, 75
Trd, 8638758.382, 95
Trd, 8638758.582, 98
Trd, 8638758.732, 78
Trd, 8638761.982, 88
Trd, 8638762.082, 115
Trd, 8638763.982, 95
Trd, 8638764.632, 91
Trd, 8638765.432, 106
Trd, 8638767.282, 73
Trd, 8638769.432, 92
Trd, 8638769.482, 80
Trd, 8638770.182, 87
Trd, 8638772.082, 95
Trd, 8638773.732, 91
Trd, 8638774.232, 88
Trd, 8638774.482, 86
Trd, 8638777.082, 89
Trd, 8638777.132, 93
Trd, 8638778.082, 71
Trd, 8638782.932, 99
Trd, 8638783.532, 89
Trd, 8638783.732, 88
Trd, 8638784.682, 109
Trd, 8638784.782, 88
Trd, 8638785.132, 87
Trd, 8638785.882, 86
Trd, 8638786.032, 93
Trd, 8638789.932, 102
Trd, 8638792.882, 101
Trd, 8638793.082, 99
Trd, 8638793.532, 97
Trd, 8638794.932, 105
Trd, 8638797.282, 111
Trd, 8638797.332, 95
Trd, 8638798.782, 95
Trd, 8638800.032, 101
Trd, 8638800.132, 95
Trd, 8638803.182, 110
Trd, 8638803.882, 96
Trd, 8638804.582, 96
Trd, 8638804.682, 102
Trd, 8638806.882, 95
Trd, 8638808.432, 90
Trd, 8638809.482, 94
Trd, 8638811.132, 86
Trd, 8638812.082, 93
Trd, 8638813.082, 95
Trd, 8638813.582, 97
Trd, 8638814.882, 98
Trd, 8638815.032, 95
Trd, 8638815.932, 101
Trd, 8638819.532, 77
Trd, 8638820.432, 77
Trd, 8638820.782, 96
Trd, 8638822.332, 85
Trd, 8638823.982, 90
Trd, 8638824.032, 89
Trd, 8638824.732, 96
Trd, 8638826.732, 92
Trd, 8638828.432, 95
Trd, 8638828.782, 106
Trd, 8638829.082, 93
Trd, 8638829.582, 87
Trd, 8638831.332, 113
Trd, 8638832.132, 88
Trd, 8638834.232, 64
Trd, 8638836.732, 77
Trd, 8638838.932, 81
Trd, 8638839.382, 89
Trd, 8638840.732, 81
Trd, 8638842.032, 86
Trd, 8638843.832, 86
Trd, 8638844.182, 88
Trd, 8638844.882, 87
Trd, 8638845.282, 69
Trd, 8638846.432, 72
Trd, 8638847.032, 96
Trd, 8638849.682, 91
Trd, 8638852.282, 93
Trd, 8638852.882, 94
Trd, 8638853.982, 94
Trd, 8638855.182, 88
Trd, 8638856.932, 99
Trd, 8638858.432, 83
Trd, 8638858.582, 91
Trd, 8638859.082, 83
Trd, 8638860.582, 96
Trd, 8638861.182, 88
Trd, 8638863.682, 91
Trd, 8638864.432, 92
Trd, 8638865.332, 104
Trd, 8638866.182, 105
Trd, 8638866.532, 105
Trd, 8638867.282, 104
Trd, 8638868.482, 86
Trd, 8638868.682, 113
Trd, 8638871.432, 72
Trd, 8638873.082, 120
Trd, 8638873.582, 105
Trd, 8638874.982, 106
Trd, 8638875.882, 108
Trd, 8638878.732, 110
Trd, 8638878.932, 106
Trd, 8638879.132, 111
Trd, 8638880.482, 102
Trd, 8638880.782, 120
Trd, 8638882.332, 96
Trd, 8638884.482, 96
Trd, 8638885.682, 95
Trd, 8638886.232, 87
Trd, 8638886.432, 112
Trd, 8638886.932, 86
Trd, 8638890.032, 90
Trd, 8638891.032, 92
Trd, 8638891.532, 93
Trd, 8638891.832, 98
Trd, 8638892.782, 114
Trd, 8638896.032, 65
Trd, 8638897.032, 77
Trd, 8638899.182, 81
Trd, 8638902.432, 69
Trd, 8638902.932, 70
Trd, 8638904.682, 88
Trd, 8638905.482, 89
Trd, 8638905.932, 76
Trd, 8638906.082, 75
Trd, 8638907.882, 103
Trd, 8638910.332, 112
Trd, 8638910.432, 87
Trd, 8638912.132, 90
Trd, 8638913.382, 92
Trd, 8638914.932, 66
Trd, 8638917.232, 97
Trd, 8638918.082, 74
Trd, 8638918.482, 73
Trd, 8638920.382, 102
Trd, 8638920.682, 106
Trd, 8638922.782, 88
Trd, 8638922.982, 87
Trd, 8638925.882, 92
Trd, 8638927.532, 93
Trd, 8638929.382, 68
Trd, 8638930.682, 86
Trd, 8638931.732, 75
Trd, 8638932.282, 105
Trd, 8638932.982, 79
Trd, 8638936.132, 89
Trd, 8638937.182, 94
Trd, 8638937.632, 88
Trd, 8638939.532, 104
Trd, 8638939.732, 90
Trd, 8638940.782, 92
Trd, 8638943.632, 99
Trd, 8638944.132, 96
Trd, 8638944.982, 95
Trd, 8638947.482, 110
Trd, 8638948.582, 110
Trd, 8638948.632, 113
Trd, 8638949.882, 87
Trd, 8638950.632, 87
Trd, 8638951.282, 87
Trd, 8638952.682, 99
Trd, 8638953.932, 114
Trd, 8638955.682, 97
Trd, 8638956.732, 98
Trd, 8638958.182, 89
Trd, 8638958.732, 87
Trd, 8638959.782, 94
Trd, 8638960.332, 88
Trd, 8638960.382, 131
Trd, 8638962.432, 91
Trd, 8638964.432, 95
Trd, 8638964.532, 90
Trd, 8638966.182, 112
Trd, 8638966.782, 116
Trd, 8638967.532, 113
Trd, 8638967.782, 104
Trd, 8638968.582, 95
Trd, 8638969.332, 87
Trd, 8638969.382, 86
Trd, 8638973.132, 80
Trd, 8638975.332, 94
Trd, 8638976.232, 97
Trd, 8638976.782, 102
Trd, 8638976.882, 95
Trd, 8638977.582, 98
Trd, 8638980.732, 114
Trd, 8638981.282, 106
Trd, 8638981.382, 104
Trd, 8638982.132, 104
Trd, 8638982.282, 95
Trd, 8638984.482, 68
Trd, 8638985.182, 77
Trd, 8638986.032, 87
Trd, 8638987.132, 67
Trd, 8638989.082, 126
Trd, 8638989.282, 98
Trd, 8638990.532, 95
Trd, 8638992.532, 95
Trd, 8638992.982, 96
Trd, 8638994.332, 95
Trd, 8638994.832, 87
Trd, 8638995.732, 87
Trd, 8638996.982, 113
Trd, 8638998.482, 86
Trd, 8639000.532, 86
Trd, 8639001.782, 89
Trd, 8639001.932, 90
Trd, 8639002.382, 91
Trd, 8639003.282, 95
Trd, 8639006.382, 95
Trd, 8639006.632, 112
Trd, 8639006.932, 95
Trd, 8639007.732, 114
Trd, 8639007.832, 94
Trd, 8639008.082, 86
Trd, 8639009.382, 89
Trd, 8639011.482, 112
Trd, 8639015.232, 114
Trd, 8639015.382, 105
Trd, 8639015.782, 104
Trd, 8639015.832, 86
Trd, 8639018.582, 61
Trd, 8639018.932, 71
Trd, 8639022.282, 87
Trd, 8639022.882, 83
Trd, 8639026.382, 83
Trd, 8639028.032, 87
Trd, 8639028.782, 116
Trd, 8639029.732, 98
Trd, 8639030.432, 96
Trd, 8639030.982, 95
Trd, 8639031.982, 61
Trd, 8639032.282, 70
Trd, 8639034.282, 126
Trd, 8639036.582, 74
Trd, 8639036.882, 88
Trd, 8639039.132, 95
Trd, 8639039.532, 94
Trd, 8639040.082, 94
Trd, 8639042.382, 89
Trd, 8639043.482, 97
Trd, 8639044.082, 96
Trd, 8639044.232, 95
Trd, 8639044.282, 113
Trd, 8639047.032, 91
Trd, 8639048.582, 96
Trd, 8639050.032, 95
Trd, 8639050.532, 93
Trd, 8639051.682, 92
Trd, 8639052.532, 93
Trd, 8639054.482, 99
Trd, 8639056.032, 99
Trd, 8639056.632, 99
Trd, 8639056.782, 95
Trd, 8639056.932, 109
Trd, 8639058.032, 89
Trd, 8639059.232, 71
Trd, 8639059.482, 125
Trd, 8639062.682, 85
Trd, 8639063.432, 86
Trd, 8639065.032, 95
Trd, 8639065.632, 90
Trd, 8639067.032, 91
Trd, 8639067.632, 90
Trd, 8639068.982, 62
Trd, 8639069.532, 91
Trd, 8639071.132, 96
Trd, 8639072.332, 112
Trd, 8639072.582, 110
Trd, 8639073.632, 97
Trd, 8639075.682, 108
Trd, 8639075.832, 104
Trd, 8639077.282, 95
Trd, 8639078.482, 80
Trd, 8639080.082, 89
Trd, 8639081.232, 85
Trd, 8639081.632, 89
Trd, 8639082.482, 88
Trd, 8639082.632, 89
Trd, 8639082.882, 96
Trd, 8639086.232, 69
Trd, 8639086.482, 89
Trd, 8639087.982, 78
Trd, 8639089.882, 76
Trd, 8639090.132, 89
Trd, 8639090.432, 76
Trd, 8639091.232, 86
Trd, 8639093.432, 84
Trd, 8639095.632, 72
Trd, 8639095.932, 86
Trd, 8639098.232, 113
Trd, 8639098.782, 114
Trd, 8639099.132, 113
Trd, 8639100.132, 90
Trd, 8639102.032, 117
Trd, 8639102.582, 84
Trd, 8639104.332, 90
Trd, 8639105.332, 91
Trd, 8639105.732, 120
Trd, 8639106.432, 86
Trd, 8639108.032, 98
Trd, 8639110.882, 74
Trd, 8639111.082, 70
Trd, 8639114.232, 80
Trd, 8639115.782, 83
Trd, 8639116.282, 93
Trd, 8639117.282, 100
Trd, 8639117.482, 107
Trd, 8639118.032, 112
Trd, 8639120.432, 103
Trd, 8639120.582, 99
Trd, 8639122.982, 101
Trd, 8639123.732, 99
Trd, 8639124.632, 97
Trd, 8639125.132, 95
Trd, 8639126.432, 116
Trd, 8639127.182, 113
Trd, 8639130.682, 89
Trd, 8639131.882, 90
Trd, 8639132.232, 88
Trd, 8639132.882, 96
Trd, 8639133.182, 90
Trd, 8639133.732, 88
Trd, 8639134.482, 111
Trd, 8639136.782, 116
Trd, 8639136.982, 102
Trd, 8639137.532, 100
Trd, 8639139.432, 97
Trd, 8639139.632, 96
Trd, 8639140.032, 98
Trd, 8639140.382, 128
Trd, 8639141.582, 95
Trd, 8639143.232, 118
Trd, 8639144.332, 95
Trd, 8639144.582, 100
Trd, 8639147.632, 80
Trd, 8639148.932, 85
Trd, 8639149.682, 92
Trd, 8639152.182, 85
Trd, 8639153.032, 86
Trd, 8639153.282, 87
Trd, 8639155.232, 90
Trd, 8639155.532, 96
Trd, 8639156.282, 88
Trd, 8639157.832, 124
Trd, 8639158.682, 68
Trd, 8639160.982, 86
Trd, 8639163.082, 84
Trd, 8639164.832, 120
Trd, 8639165.432, 86
Trd, 8639166.582, 95
Trd, 8639167.132, 95
Trd, 8639167.682, 94
Trd, 8639170.132, 73
Trd, 8639170.932, 95
Trd, 8639171.982, 93
Trd, 8639172.982, 85
Trd, 8639173.882, 95
Trd, 8639176.932, 89
Trd, 8639178.682, 92
Trd, 8639179.432, 94
Trd, 8639179.882, 93
Trd, 8639179.932, 89
Trd, 8639180.482, 86
Trd, 8639181.032, 95
Trd, 8639183.532, 119
Trd, 8639185.382, 85
Trd, 8639186.582, 87
Trd, 8639187.882, 90
Trd, 8639189.132, 96
Trd, 8639189.532, 95
Trd, 8639190.182, 96
Trd, 8639190.782, 122
Trd, 8639191.182, 113
Trd, 8639192.732, 87
Trd, 8639195.532, 87
Trd, 8639197.182, 91
Trd, 8639197.532, 87
Trd, 8639198.632, 88
Trd, 8639199.432, 87
Trd, 8639203.432, 90
Trd, 8639203.632, 92
Trd, 8639204.332, 98
Trd, 8639205.382, 91
Trd, 8639207.582, 95
Trd, 8639207.932, 102
Trd, 8639208.782, 96
Trd, 8639210.632, 98
Trd, 8639211.232, 113
Trd, 8639212.632, 95
Trd, 8639212.782, 94
Trd, 8639214.932, 90
Trd, 8639216.832, 88
Trd, 8639217.832, 89
Trd, 8639218.282, 89
Trd, 8639218.982, 88
Trd, 8639220.882, 110
Trd, 8639223.182, 102
Trd, 8639223.432, 97
Trd, 8639224.332, 97
Trd, 8639224.982, 96
Trd, 8639228.032, 98
Trd, 8639228.182, 109
Trd, 8639229.332, 112
Trd, 8639230.082, 99
Trd, 8639230.582, 98
Trd, 8639232.632, 98
Trd, 8639233.082, 98
Trd, 8639235.632, 86
Trd, 8639237.082, 92
Trd, 8639238.482, 94
Trd, 8639239.432, 93
Trd, 8639240.082, 116
Trd, 8639240.732, 97
Trd, 8639241.382, 98
Trd, 8639241.582, 98
Trd, 8639243.032, 105
Trd, 8639243.532, 123
Trd, 8639244.432, 106
Trd, 8639246.032, 96
Trd, 8639247.732, 96
Trd, 8639248.032, 106
Trd, 8639248.782, 96
Trd, 8639249.782, 106
Trd, 8639250.632, 111
Trd, 8639250.882, 88
Trd, 8639252.932, 90
Trd, 8639254.732, 87
Trd, 8639255.332, 87
Trd, 8639256.282, 87
Trd, 8639257.032, 122
Trd, 8639258.882, 87
Trd, 8639259.582, 117
Trd, 8639261.282, 93
Trd, 8639262.182, 100
Trd, 8639262.732, 95
Trd, 8639263.982, 96
Trd, 8639264.082, 97
Trd, 8639264.332, 115
Trd, 8639264.882, 100
Trd, 8639265.132, 86
Trd, 8639266.232, 86
Trd, 8639267.032, 60
Trd, 8639269.032, 112
Trd, 8639270.482, 114
Trd, 8639270.632, 113
Trd, 8639271.582, 95
Trd, 8639274.082, 93
Trd, 8639276.032, 95
Trd, 8639276.432, 97
Trd, 8639277.032, 95
Trd, 8639278.232, 98
Trd, 8639278.632, 95
Trd, 8639281.732, 70
Trd, 8639281.982, 71
Trd, 8639284.382, 85
Trd, 8639284.682, 87
Trd, 8639285.332, 115
Trd, 8639286.182, 90
Trd, 8639286.782, 86
Trd, 8639288.732, 89
Trd, 8639290.232, 78
Trd, 8639290.782, 94
Trd, 8639290.982, 81
Trd, 8639294.532, 95
Trd, 8639296.182, 87
Trd, 8639296.532, 88
Trd, 8639296.832, 93
Trd, 8639299.882, 92
Trd, 8639300.432, 93
Trd, 8639300.882, 94
Trd, 8639301.132, 95
Trd, 8639303.832, 95
Trd, 8639305.432, 103
Trd, 8639306.032, 66
Trd, 8639308.432, 89
Trd, 8639309.632, 80
Trd, 8639310.182, 80
Trd, 8639312.232, 91
Trd, 8639313.382, 87
Trd, 8639313.832, 94
Trd, 8639314.632, 90
Trd, 8639317.332, 97
Trd, 8639318.182, 96
Trd, 8639319.832, 99
Trd, 8639319.932, 113
Trd, 8639320.332, 98
Trd, 8639321.532, 98
Trd, 8639324.082, 91
Trd, 8639324.582, 87
Trd, 8639327.082, 100
Trd, 8639328.932, 95
Trd, 8639329.232, 96
Trd, 8639329.282, 115
Trd, 8639329.332, 95
Trd, 8639330.882, 119
Trd, 8639331.182, 92
Trd, 8639331.482, 91
Trd, 8639333.982, 91
Trd, 8639335.582, 104
Trd, 8639337.532, 107
Trd, 8639338.332, 107
Trd, 8639338.382, 104
Trd, 8639338.982, 95
Trd, 8639339.932, 107
Trd, 8639340.482, 124
Trd, 8639342.432, 105
Trd, 8639342.782, 80
Trd, 8639346.582, 71
Trd, 8639349.282, 82
Trd, 8639350.032, 81
Trd, 8639351.232, 95
Trd, 8639351.632, 88
Trd, 8639352.732, 86
Trd, 8639352.882, 86
Trd, 8639353.182, 93
Trd, 8639354.882, 97
Trd, 8639357.882, 110
Trd, 8639359.032, 82
Trd, 8639359.782, 100
Trd, 8639360.482, 83
Trd, 8639362.032, 87
Trd, 8639363.182, 83
Trd, 8639363.832, 88
Trd, 8639365.782, 74
Trd, 8639369.232, 88
Trd, 8639369.682, 89
Trd, 8639369.782, 88
Trd, 8639370.432, 89
Trd, 8639370.582, 95
Trd, 8639370.882, 96
Trd, 8639372.832, 88
Trd, 8639373.532, 116
Trd, 8639375.732, 96
Trd, 8639376.082, 96
Trd, 8639376.482, 95
Trd, 8639377.982, 113
Trd, 8639379.432, 104
Trd, 8639380.182, 91
Trd, 8639381.382, 106
Trd, 8639382.382, 96
Trd, 8639382.932, 96
Trd, 8639384.232, 97
Trd, 8639384.982, 96
Trd, 8639386.332, 97
Trd, 8639386.932, 96
Trd, 8639387.682, 123
Trd, 8639388.182, 95
Trd, 8639389.532, 104
Trd, 8639391.332, 111
Trd, 8639391.532, 110
Trd, 8639393.132, 104
Trd, 8639393.782, 121
Trd, 8639394.082, 92
Trd, 8639395.632, 96
Trd, 8639397.482, 117
Trd, 8639400.482, 107
Trd, 8639400.682, 101
Trd, 8639401.282, 86
Trd, 8639403.632, 65
Trd, 8639405.282, 89
Trd, 8639406.882, 76
Trd, 8639408.432, 86
Trd, 8639409.082, 93
Trd, 8639409.632, 89
Trd, 8639410.432, 87
Trd, 8639411.832, 95
Trd, 8639412.932, 88
Trd, 8639414.232, 112
Trd, 8639416.382, 96
Trd, 8639417.932, 99
Trd, 8639418.782, 99
Trd, 8639419.232, 96
Trd, 8639420.032, 103
Trd, 8639421.832, 99
Trd, 8639422.232, 102
Trd, 8639422.432, 115
Trd, 8639425.932, 106
Trd, 8639425.982, 105
Trd, 8639426.382, 100
Trd, 8639428.682, 96
Trd, 8639428.932, 88
Trd, 8639429.582, 87
Trd, 8639431.082, 88
Trd, 8639434.982, 86
Trd, 8639435.582, 86
Trd, 8639435.932, 96
Trd, 8639435.982, 88
Trd, 8639437.832, 95
Trd, 8639437.982, 116
Trd, 8639438.382, 96
Trd, 8639440.982, 99
Trd, 8639441.082, 99
Trd, 8639443.282, 91
Trd, 8639443.582, 87
Trd, 8639444.882, 87
Trd, 8639446.232, 90
Trd, 8639446.482, 110
Trd, 8639448.832, 86
Trd, 8639450.682, 117
Trd, 8639450.982, 111
Trd, 8639451.082, 111
Trd, 8639452.532, 104
Trd, 8639453.432, 87
Trd, 8639453.882, 119
Trd, 8639456.532, 101
Trd, 8639456.982, 100
Trd, 8639457.682, 121
Trd, 8639459.082, 102
Trd, 8639459.582, 98
Trd, 8639462.332, 94
Trd, 8639465.732, 97
Trd, 8639466.482, 97
Trd, 8639466.732, 87
Trd, 8639466.982, 114
Trd, 8639468.782, 92
Trd, 8639470.932, 104
Trd, 8639472.982, 99
Trd, 8639473.282, 93
Trd, 8639474.382, 95
Trd, 8639475.932, 97
Trd, 8639476.332, 97
Trd, 8639476.582, 120
Trd, 8639478.532, 119
Trd, 8639479.682, 109
Trd, 8639480.482, 106
Trd, 8639481.632, 98
Trd, 8639482.032, 96
Trd, 8639483.132, 113
Trd, 8639483.682, 96
Trd, 8639484.432, 96
Trd, 8639486.432, 83
Trd, 8639486.882, 85
Trd, 8639489.132, 87
Trd, 8639489.582, 111
Trd, 8639490.682, 93
Trd, 8639491.432, 95
Trd, 8639492.182, 94
Trd, 8639494.182, 91
Trd, 8639495.432, 95
Trd, 8639496.682, 97
Trd, 8639497.182, 97
Trd, 8639497.232, 96
Trd, 8639498.282, 96
Trd, 8639499.732, 123
Trd, 8639500.832, 96
Trd, 8639501.332, 107
Trd, 8639502.632, 106
Trd, 8639503.082, 98
Trd, 8639503.632, 97
Trd, 8639504.132, 95
Trd, 8639505.982, 89
Trd, 8639510.832, 84
Trd, 8639511.382, 86
Trd, 8639511.782, 88
Trd, 8639512.732, 89
Trd, 8639513.532, 83
Trd, 8639514.582, 84
Trd, 8639516.932, 85
Trd, 8639518.582, 86
Trd, 8639518.832, 87
Trd, 8639518.882, 95
Trd, 8639520.832, 86
Trd, 8639521.932, 81
Trd, 8639523.482, 84
Trd, 8639526.632, 88
Trd, 8639526.932, 113
Trd, 8639527.882, 92
Trd, 8639528.382, 97
Trd, 8639529.982, 118
Trd, 8639531.282, 97
Trd, 8639531.982, 96
Trd, 8639534.382, 121
Trd, 8639534.932, 101
Trd, 8639535.882, 101
Trd, 8639536.832, 98
Trd, 8639538.132, 87
Trd, 8639539.032, 97
Trd, 8639539.882, 107
Trd, 8639541.282, 92
Trd, 8639541.932, 91
Trd, 8639542.882, 88
Trd, 8639543.032, 86
Trd, 8639545.582, 89
Trd, 8639546.732, 95
Trd, 8639549.032, 85
Trd, 8639550.382, 93
Trd, 8639551.682, 90
Trd, 8639552.482, 94
Trd, 8639553.882, 101
Trd, 8639555.832, 93
Trd, 8639556.082, 87
Trd, 8639557.582, 89
Trd, 8639558.732, 88
Trd, 8639560.382, 95
Trd, 8639561.582, 113
Trd, 8639562.132, 96
Trd, 8639562.632, 122
Trd, 8639566.132, 85
Trd, 8639566.182, 84
Trd, 8639566.582, 81
Trd, 8639566.832, 87
Trd, 8639567.832, 82
Trd, 8639569.582, 96
Trd, 8639571.932, 69
Trd, 8639573.582, 82
Trd, 8639574.232, 83
Trd, 8639574.382, 86
Trd, 8639575.882, 108
Trd, 8639576.282, 90
Trd, 8639577.732, 101
Trd, 8639579.232, 96
Trd, 8639580.332, 95
Trd, 8639580.582, 95
Trd, 8639581.432, 113
Trd, 8639582.132, 107
Trd, 8639583.432, 107
Trd, 8639584.032, 107
Trd, 8639585.732, 87
Trd, 8639587.382, 79
Trd, 8639587.632, 88
Trd, 8639590.532, 108
Trd, 8639591.982, 110
Trd, 8639592.232, 104
Trd, 8639592.432, 95
Trd, 8639594.832, 92
Trd, 8639594.982, 84
Trd, 8639595.682, 93
Trd, 8639596.132, 88
Trd, 8639597.182, 115
Trd, 8639597.882, 95
Trd, 8639599.782, 96
Trd, 8639600.382, 125
Trd, 8639600.532, 95
Trd, 8639600.732, 94
Trd, 8639602.132, 110
Trd, 8639602.832, 136
Trd, 8639607.282, 92
Trd, 8639607.432, 92
Trd, 8639608.732, 92
Trd, 8639608.982, 91
Trd, 8639610.782, 97
Trd, 8639613.132, 89
Trd, 8639614.482, 99
Trd, 8639614.982, 102
Trd, 8639617.082, 92
Trd, 8639617.582, 94
Trd, 8639619.332, 102
Trd, 8639621.582, 104
Trd, 8639621.732, 104
Trd, 8639622.282, 110
Trd, 8639622.932, 102
Trd, 8639623.432, 94
Trd, 8639624.982, 101
Trd, 8639627.332, 99
Trd, 8639627.732, 115
Trd, 8639628.182, 97
Trd, 8639629.582, 96
Trd, 8639629.782, 95
Trd, 8639632.582, 74
Trd, 8639632.932, 85
Trd, 8639633.132, 88
Trd, 8639633.632, 79
Trd, 8639634.282, 127
Trd, 8639634.832, 81
Trd, 8639638.182, 95
Trd, 8639638.482, 96
Trd, 8639639.182, 95
Trd, 8639639.882, 95
Trd, 8639640.932, 68
Trd, 8639643.632, 78
Trd, 8639644.482, 80
Trd, 8639645.332, 88
Trd, 8639646.482, 97
Trd, 8639647.782, 90
Trd, 8639649.732, 96
Trd, 8639649.882, 95
Trd, 8639650.432, 114
Trd, 8639651.132, 94
Trd, 8639652.782, 98
Trd, 8639655.132, 102
Trd, 8639658.382, 69
Trd, 8639658.832, 70
Trd, 8639659.432, 70
Trd, 8639659.882, 77
Trd, 8639661.282, 94
Trd, 8639662.982, 82
Trd, 8639665.182, 84
Trd, 8639665.882, 91
Trd, 8639667.332, 86
Trd, 8639667.532, 87
Trd, 8639668.832, 102
Trd, 8639672.732, 94
Trd, 8639673.082, 96
Trd, 8639673.282, 97
Trd, 8639673.982, 94
Trd, 8639674.232, 86
Trd, 8639675.932, 65
Trd, 8639676.182, 77
Trd, 8639678.032, 87
Trd, 8639678.932, 78
Trd, 8639681.832, 106
Trd, 8639681.982, 90
Trd, 8639683.232, 110
Trd, 8639683.732, 108
Trd, 8639684.082, 92
Trd, 8639684.282, 91
Trd, 8639687.032, 96
Trd, 8639688.232, 116
Trd, 8639688.482, 100
Trd, 8639689.432, 95
Trd, 8639690.232, 124
Trd, 8639691.082, 100
Trd, 8639693.232, 91
Trd, 8639693.732, 90
Trd, 8639695.382, 91
Trd, 8639696.632, 115
Trd, 8639696.882, 86
Trd, 8639697.582, 114
Trd, 8639700.432, 95
Trd, 8639702.832, 78
Trd, 8639703.032, 76
Trd, 8639704.032, 87
Trd, 8639706.132, 104
Trd, 8639707.082, 78
Trd, 8639708.832, 84
Trd, 8639708.982, 96
Trd, 8639710.282, 90
Trd, 8639711.782, 97
Trd, 8639712.332, 112
Trd, 8639712.682, 95
Trd, 8639713.232, 96
Trd, 8639713.782, 95
Trd, 8639715.282, 96
Trd, 8639716.682, 68
Trd, 8639718.232, 94
Trd, 8639718.382, 93
Trd, 8639719.082, 96
Trd, 8639720.332, 96
Trd, 8639722.032, 71
Trd, 8639722.532, 102
Trd, 8639725.282, 106
Trd, 8639726.782, 88
Trd, 8639727.232, 88
Trd, 8639728.732, 91
Trd, 8639731.132, 91
Trd, 8639733.132, 99
Trd, 8639733.332, 99
Trd, 8639733.382, 101
Trd, 8639733.532, 113
Trd, 8639735.182, 98
Trd, 8639735.782, 101
Trd, 8639737.482, 86
Trd, 8639737.932, 70
Trd, 8639738.132, 113
Trd, 8639740.382, 76
Trd, 8639743.232, 86
Trd, 8639743.582, 88
Trd, 8639744.632, 85
Trd, 8639745.632, 108
Trd, 8639746.132, 101
Trd, 8639747.732, 99
Trd, 8639747.832, 98
Trd, 8639748.182, 97
Trd, 8639750.182, 97
Trd, 8639750.482, 96
Trd, 8639750.982, 88
Trd, 8639752.732, 95
Trd, 8639754.832, 97
Trd, 8639756.232, 88
Trd, 8639756.632, 106
Trd, 8639758.432, 86
Trd, 8639759.132, 76
Trd, 8639760.032, 89
Trd, 8639761.532, 91
Trd, 8639762.582, 95
Trd, 8639764.932, 97
Trd, 8639766.232, 111
Trd, 8639766.382, 97
Trd, 8639768.332, 117
Trd, 8639769.532, 74
Trd, 8639769.982, 75
Trd, 8639770.232, 73
Trd, 8639772.932, 74
Trd, 8639773.832, 77
Trd, 8639774.632, 68
Trd, 8639777.732, 90
Trd, 8639778.732, 88
Trd, 8639778.932, 95
Trd, 8639780.482, 94
Trd, 8639780.832, 97
Trd, 8639781.232, 115
Trd, 8639781.732, 96
Trd, 8639784.132, 87
Trd, 8639784.382, 86
Trd, 8639785.582, 95
Trd, 8639786.082, 89
Trd, 8639787.032, 65
Trd, 8639789.182, 115
Trd, 8639791.532, 68
Trd, 8639793.282, 76
Trd, 8639794.482, 77
Trd, 8639795.282, 93
Trd, 8639795.632, 79
Trd, 8639797.132, 72
Trd, 8639798.582, 94
Trd, 8639799.682, 84
Trd, 8639800.282, 92
Trd, 8639802.932, 93
Trd, 8639803.732, 96
Trd, 8639804.332, 95
Trd, 8639805.632, 98
Trd, 8639806.732, 94
Trd, 8639808.882, 96
Trd, 8639809.182, 82
Trd, 8639810.282, 84
Trd, 8639811.132, 88
Trd, 8639812.682, 85
Trd, 8639813.832, 94
Trd, 8639814.582, 88
Trd, 8639815.682, 91
Trd, 8639815.982, 95
Trd, 8639816.332, 89
Trd, 8639819.532, 104
Trd, 8639820.682, 109
Trd, 8639820.982, 104
Trd, 8639821.832, 88
Trd, 8639824.232, 104
Trd, 8639825.782, 109
Trd, 8639826.632, 99
Trd, 8639826.932, 98
Trd, 8639827.182, 95
Trd, 8639828.282, 87
Trd, 8639830.282, 95
Trd, 8639830.882, 92
Trd, 8639832.682, 95
Trd, 8639833.982, 100
Trd, 8639834.882, 95
Trd, 8639835.982, 122
Trd, 8639836.832, 119
Trd, 8639837.682, 100
Trd, 8639838.882, 100
Trd, 8639838.982, 99
Trd, 8639840.482, 95
Trd, 8639841.682, 66
Trd, 8639842.082, 130
Trd, 8639843.382, 83
Trd, 8639844.382, 111
Trd, 8639848.732, 106
Trd, 8639848.882, 109
Trd, 8639849.032, 105
Trd, 8639849.682, 111
Trd, 8639850.032, 104
Trd, 8639853.832, 94
Trd, 8639854.682, 85
Trd, 8639856.132, 88
Trd, 8639858.082, 101
Trd, 8639858.482, 95
Trd, 8639858.632, 92
Trd, 8639860.582, 64
Trd, 8639861.532, 77
Trd, 8639861.982, 61
Trd, 8639862.482, 73
Trd, 8639866.382, 93
Trd, 8639866.932, 95
Trd, 8639867.832, 94
Trd, 8639868.732, 99
Trd, 8639869.182, 86
Trd, 8639869.232, 116
Trd, 8639870.732, 107
Trd, 8639870.882, 98
Trd, 8639872.582, 71
Trd, 8639872.982, 74
Trd, 8639874.132, 77
Trd, 8639876.532, 86
Trd, 8639877.082, 86
Trd, 8639877.782, 88
Trd, 8639878.082, 95
Trd, 8639878.482, 88
Trd, 8639879.732, 100
Trd, 8639880.832, 121
Trd, 8639881.232, 94
Trd, 8639882.632, 90
Trd, 8639883.132, 91
Trd, 8639884.982, 95
Trd, 8639887.082, 113
Trd, 8639887.532, 98
Trd, 8639887.932, 96
Trd, 8639889.682, 95
Trd, 8639890.932, 112
Trd, 8639891.182, 91
Trd, 8639892.732, 87
Trd, 8639893.832, 85
Trd, 8639894.632, 95
Trd, 8639895.982, 103
Trd, 8639897.882, 70
Trd, 8639898.182, 69
Trd, 8639899.532, 77
Trd, 8639899.882, 86
Trd, 8639902.832, 69
Trd, 8639903.732, 79
Trd, 8639905.132, 87
Trd, 8639905.982, 97
Trd, 8639907.132, 102
Trd, 8639909.832, 98
Trd, 8639909.982, 93
Trd, 8639910.432, 92
Trd, 8639913.482, 91
Trd, 8639913.932, 108
Trd, 8639915.082, 117
Trd, 8639915.632, 108
Trd, 8639915.932, 95
Trd, 8639916.232, 70
Trd, 8639918.432, 77
Trd, 8639920.132, 101
Trd, 8639921.282, 121
Trd, 8639922.832, 99
Trd, 8639922.882, 86
Trd, 8639924.882, 102
Trd, 8639925.532, 103
Trd, 8639925.632, 102
Trd, 8639925.982, 115
Trd, 8639926.232, 95
Trd, 8639926.932, 73
Trd, 8639928.082, 134
Trd, 8639930.982, 92
Trd, 8639931.682, 91
Trd, 8639932.582, 99
Trd, 8639934.482, 105
Trd, 8639934.932, 97
Trd, 8639936.682, 100
Trd, 8639936.932, 99
Trd, 8639938.832, 87
Trd, 8639940.132, 88
Trd, 8639941.082, 97
Trd, 8639942.082, 91
Trd, 8639943.782, 90
Trd, 8639945.882, 92
Trd, 8639947.032, 94
Trd, 8639947.982, 95
Trd, 8639948.332, 92
Trd, 8639950.432, 92
Trd, 8639950.582, 79
Trd, 8639952.332, 85
Trd, 8639953.132, 85
Trd, 8639954.732, 88
Trd, 8639955.682, 93
Trd, 8639955.932, 97
Trd, 8639957.932, 95
Trd, 8639958.932, 123
Trd, 8639959.382, 86
Trd, 8639960.632, 109
Trd, 8639962.482, 70
Trd, 8639964.782, 122
Trd, 8639966.682, 86
Trd, 8639968.132, 92
Trd, 8639968.382, 93
Trd, 8639968.882, 93
Trd, 8639970.982, 98
Trd, 8639972.032, 96
Trd, 8639973.332, 104
Trd, 8639974.882, 112
Trd, 8639975.182, 96
Trd, 8639976.532, 98
Trd, 8639977.232, 112
Trd, 8639977.782, 97
Trd, 8639978.482, 95
Trd, 8639983.282, 104
Trd, 8639983.332, 103
Trd, 8639983.432, 95
Trd, 8639983.832, 96
Trd, 8639985.932, 89
Trd, 8639986.382, 100
Trd, 8639988.182, 88
Trd, 8639988.832, 97
Trd, 8639990.832, 75
Trd, 8639994.032, 95
Trd, 8639994.382, 91
Trd, 8639995.282, 90
Trd, 8639996.282, 94
Trd, 8639998.582, 96
Trd, 8639999.882, 96
