Trd, 8637961.032, 101
Trd, 8637961.132, 96
Trd, 8637962.682, 102
Trd, 8637962.932, 102
Trd, 8637963.682, 104
Trd, 8637965.332, 106
Trd, 8637966.932, 112
Trd, 8637967.882, 113
Trd, 8637967.982, 87
Trd, 8637970.182, 112
Trd, 8637971.832, 121
Trd, 8637974.232, 118
Trd, 8637974.282, 120
Trd, 8637974.832, 115
Trd, 8637975.732, 113
Trd, 8637976.732, 95
Trd, 8637978.932, 109
Trd, 8637979.032, 99
Trd, 8637979.332, 110
Trd, 8637980.132, 89
Trd, 8637982.782, 84
Trd, 8637984.732, 116
Trd, 8637985.832, 85
Trd, 8637986.732, 97
Trd, 8637987.432, 103
Trd, 8637987.682, 104
Trd, 8637988.932, 96
Trd, 8637989.232, 95
Trd, 8637989.432, 113
Trd, 8637991.082, 129
Trd, 8637992.282, 131
Trd, 8637993.182, 84
Trd, 8637993.532, 80
Trd, 8637997.332, 96
Trd, 8637997.682, 104
Trd, 8637998.382, 81
Trd, 8638000.182, 105
Trd, 8638000.782, 104
Trd, 8638001.532, 86
Trd, 8638003.332, 77
Trd, 8638004.682, 94
Trd, 8638006.332, 97
Trd, 8638006.932, 86
Trd, 8638008.582, 82
Trd, 8638008.782, 104
Trd, 8638010.882, 96
Trd, 8638011.082, 88
Trd, 8638011.932, 100
Trd, 8638012.282, 102
Trd, 8638012.732, 89
Trd, 8638013.332, 82
Trd, 8638015.682, 89
Trd, 8638016.232, 89
Trd, 8638016.682, 100
Trd, 8638019.282, 95
Trd, 8638019.332, 92
Trd, 8638019.832, 96
Trd, 8638022.182, 114
Trd, 8638022.682, 114
Trd, 8638022.982, 117
Trd, 8638024.332, 113
Trd, 8638025.032, 115
Trd, 8638028.182, 117
Trd, 8638028.882, 113
Trd, 8638029.732, 118
Trd, 8638030.882, 115
Trd, 8638031.632, 113
Trd, 8638032.032, 113
Trd, 8638032.332, 115
Trd, 8638033.082, 113
Trd, 8638033.282, 104
Trd, 8638035.732, 125
Trd, 8638036.482, 102
Trd, 8638039.982, 102
Trd, 8638040.582, 110
Trd, 8638040.782, 111
Trd, 8638040.832, 98
Trd, 8638041.232, 95
Trd, 8638041.382, 112
Trd, 8638044.532, 114
Trd, 8638046.182, 113
Trd, 8638046.482, 117
Trd, 8638047.182, 104
Trd, 8638047.282, 115
Trd, 8638048.482, 118
Trd, 8638048.732, 95
Trd, 8638050.482, 115
Trd, 8638051.082, 87
Trd, 8638052.332, 113
Trd, 8638053.032, 116
Trd, 8638054.382, 97
Trd, 8638055.332, 111
Trd, 8638056.232, 94
Trd, 8638059.182, 100
Trd, 8638059.232, 113
Trd, 8638060.632, 108
Trd, 8638062.232, 94
Trd, 8638062.632, 79
Trd, 8638062.732, 95
Trd, 8638065.382, 79
Trd, 8638066.332, 103
Trd, 8638066.832, 82
Trd, 8638069.232, 102
Trd, 8638069.332, 104
Trd, 8638069.832, 88
Trd, 8638070.582, 87
Trd, 8638071.732, 97
Trd, 8638074.532, 113
Trd, 8638074.932, 118
Trd, 8638077.032, 105
Trd, 8638077.932, 92
Trd, 8638078.932, 94
Trd, 8638080.382, 94
Trd, 8638081.032, 95
Trd, 8638081.282, 95
Trd, 8638082.082, 114
Trd, 8638082.282, 113
Trd, 8638084.232, 109
Trd, 8638086.582, 121
Trd, 8638087.882, 97
Trd, 8638088.232, 98
Trd, 8638090.782, 96
Trd, 8638090.882, 91
Trd, 8638091.432, 87
Trd, 8638092.932, 122
Trd, 8638093.932, 123
Trd, 8638094.532, 119
Trd, 8638096.682, 113
Trd, 8638097.432, 97
Trd, 8638097.582, 113
Trd, 8638098.032, 96
Trd, 8638099.732, 105
Trd, 8638100.582, 99
Trd, 8638101.032, 106
Trd, 8638101.282, 113
Trd, 8638101.582, 97
Trd, 8638103.232, 97
Trd, 8638105.682, 97
Trd, 8638106.432, 102
Trd, 8638107.382, 102
Trd, 8638107.632, 82
Trd, 8638110.282, 102
Trd, 8638112.032, 95
Trd, 8638112.532, 82
Trd, 8638113.082, 85
Trd, 8638113.632, 84
Trd, 8638114.132, 100
Trd, 8638116.982, 98
Trd, 8638117.732, 99
Trd, 8638119.482, 101
Trd, 8638119.932, 95
Trd, 8638121.432, 112
Trd, 8638121.682, 129
Trd, 8638124.232, 120
Trd, 8638124.482, 95
Trd, 8638125.732, 91
Trd, 8638126.382, 92
Trd, 8638127.182, 95
Trd, 8638127.732, 98
Trd, 8638129.082, 122
Trd, 8638131.332, 121
Trd, 8638132.482, 108
Trd, 8638134.382, 104
Trd, 8638134.932, 103
Trd, 8638135.632, 90
Trd, 8638136.832, 103
Trd, 8638137.082, 88
Trd, 8638137.632, 104
Trd, 8638139.182, 109
Trd, 8638141.532, 99
Trd, 8638142.132, 103
Trd, 8638142.532, 94
Trd, 8638142.682, 93
Trd, 8638144.882, 102
Trd, 8638145.782, 95
Trd, 8638146.232, 97
Trd, 8638146.332, 112
Trd, 8638148.832, 97
Trd, 8638149.982, 101
Trd, 8638150.032, 113
Trd, 8638150.432, 86
Trd, 8638150.532, 77
Trd, 8638152.982, 129
Trd, 8638153.332, 122
Trd, 8638154.032, 131
Trd, 8638155.382, 113
Trd, 8638157.182, 122
Trd, 8638157.282, 112
Trd, 8638158.982, 104
Trd, 8638159.432, 97
Trd, 8638160.982, 104
Trd, 8638163.232, 98
Trd, 8638163.282, 99
Trd, 8638164.482, 87
Trd, 8638166.732, 99
Trd, 8638168.132, 96
Trd, 8638168.432, 89
Trd, 8638168.632, 104
Trd, 8638171.332, 104
Trd, 8638171.582, 90
Trd, 8638176.082, 88
Trd, 8638176.232, 87
Trd, 8638176.832, 87
Trd, 8638178.182, 89
Trd, 8638178.282, 87
Trd, 8638178.632, 104
Trd, 8638181.632, 91
Trd, 8638181.932, 87
Trd, 8638181.982, 94
Trd, 8638184.432, 96
Trd, 8638184.782, 113
Trd, 8638185.782, 93
Trd, 8638186.332, 88
Trd, 8638187.282, 97
Trd, 8638190.232, 121
Trd, 8638191.032, 115
Trd, 8638191.132, 119
Trd, 8638193.482, 122
Trd, 8638194.832, 117
Trd, 8638195.282, 113
Trd, 8638196.182, 118
Trd, 8638196.632, 104
Trd, 8638196.932, 95
Trd, 8638198.982, 123
Trd, 8638199.882, 114
Trd, 8638201.832, 77
Trd, 8638202.332, 94
Trd, 8638203.132, 95
Trd, 8638205.082, 80
Trd, 8638206.632, 127
Trd, 8638207.782, 97
Trd, 8638208.632, 91
Trd, 8638208.882, 88
Trd, 8638208.932, 95
Trd, 8638211.532, 93
Trd, 8638211.582, 98
Trd, 8638212.382, 104
Trd, 8638212.482, 93
Trd, 8638214.482, 94
Trd, 8638215.732, 95
Trd, 8638216.932, 88
Trd, 8638217.732, 95
Trd, 8638218.432, 103
Trd, 8638220.782, 102
Trd, 8638221.482, 95
Trd, 8638222.332, 95
Trd, 8638222.382, 104
Trd, 8638223.732, 100
Trd, 8638225.332, 86
Trd, 8638225.982, 99
Trd, 8638227.232, 111
Trd, 8638227.432, 82
Trd, 8638229.582, 82
Trd, 8638230.082, 113
Trd, 8638230.382, 130
Trd, 8638233.782, 122
Trd, 8638233.932, 104
Trd, 8638234.732, 122
Trd, 8638237.832, 122
Trd, 8638239.482, 113
Trd, 8638240.682, 120
Trd, 8638241.082, 105
Trd, 8638241.282, 118
Trd, 8638242.982, 112
Trd, 8638243.082, 97
Trd, 8638245.632, 95
Trd, 8638246.632, 87
Trd, 8638246.682, 99
Trd, 8638246.932, 104
Trd, 8638248.982, 108
Trd, 8638252.382, 96
Trd, 8638252.582, 103
Trd, 8638252.682, 96
Trd, 8638253.232, 102
Trd, 8638253.782, 87
Trd, 8638254.082, 104
Trd, 8638254.482, 113
Trd, 8638255.482, 86
Trd, 8638255.632, 95
Trd, 8638257.032, 69
Trd, 8638258.532, 104
Trd, 8638259.882, 80
Trd, 8638260.732, 82
Trd, 8638261.632, 85
Trd, 8638261.882, 86
Trd, 8638261.982, 113
Trd, 8638263.282, 92
Trd, 8638265.582, 89
Trd, 8638266.282, 92
Trd, 8638267.982, 94
Trd, 8638268.132, 89
Trd, 8638268.682, 88
Trd, 8638268.982, 97
Trd, 8638271.682, 103
Trd, 8638272.032, 93
Trd, 8638272.582, 93
Trd, 8638273.882, 104
Trd, 8638274.032, 113
Trd, 8638275.132, 96
Trd, 8638275.882, 96
Trd, 8638276.382, 99
Trd, 8638279.482, 96
Trd, 8638281.132, 99
Trd, 8638281.532, 96
Trd, 8638282.832, 101
Trd, 8638283.882, 104
Trd, 8638283.982, 96
Trd, 8638285.332, 87
Trd, 8638286.332, 88
Trd, 8638288.432, 99
Trd, 8638288.732, 94
Trd, 8638289.482, 95
Trd, 8638290.282, 112
Trd, 8638291.282, 97
Trd, 8638292.282, 94
Trd, 8638292.482, 86
Trd, 8638292.982, 97
Trd, 8638295.232, 133
Trd, 8638296.182, 119
Trd, 8638298.682, 105
Trd, 8638298.882, 113
Trd, 8638299.632, 104
Trd, 8638300.632, 78
Trd, 8638304.032, 94
Trd, 8638304.582, 95
Trd, 8638304.932, 97
Trd, 8638305.182, 89
Trd, 8638305.432, 89
Trd, 8638306.432, 103
Trd, 8638306.632, 104
Trd, 8638307.832, 90
Trd, 8638310.282, 95
Trd, 8638311.382, 126
Trd, 8638312.332, 119
Trd, 8638313.282, 112
Trd, 8638313.832, 122
Trd, 8638316.332, 113
Trd, 8638316.832, 109
Trd, 8638317.682, 104
Trd, 8638318.532, 125
Trd, 8638320.082, 121
Trd, 8638320.282, 122
Trd, 8638321.182, 112
Trd, 8638322.032, 119
Trd, 8638323.832, 112
Trd, 8638324.682, 104
Trd, 8638327.682, 122
Trd, 8638327.782, 113
Trd, 8638329.432, 100
Trd, 8638329.982, 98
Trd, 8638330.082, 104
Trd, 8638330.232, 95
Trd, 8638331.132, 95
Trd, 8638332.582, 114
Trd, 8638333.682, 112
Trd, 8638334.932, 95
Trd, 8638335.482, 122
Trd, 8638337.632, 100
Trd, 8638338.182, 88
Trd, 8638340.432, 98
Trd, 8638340.682, 86
Trd, 8638341.232, 99
Trd, 8638341.482, 85
Trd, 8638342.882, 134
Trd, 8638345.982, 92
Trd, 8638346.032, 83
Trd, 8638346.382, 83
Trd, 8638346.732, 92
Trd, 8638350.032, 96
Trd, 8638350.782, 94
Trd, 8638351.382, 95
Trd, 8638352.082, 104
Trd, 8638353.082, 90
Trd, 8638353.682, 89
Trd, 8638355.582, 96
Trd, 8638356.832, 92
Trd, 8638357.032, 104
Trd, 8638358.982, 111
Trd, 8638360.782, 91
Trd, 8638360.882, 95
Trd, 8638361.682, 93
Trd, 8638361.982, 112
Trd, 8638364.882, 96
Trd, 8638365.232, 98
Trd, 8638365.632, 90
Trd, 8638367.082, 86
Trd, 8638369.082, 103
Trd, 8638369.932, 113
Trd, 8638371.132, 85
Trd, 8638373.832, 91
Trd, 8638375.132, 103
Trd, 8638375.232, 104
Trd, 8638375.732, 109
Trd, 8638376.182, 122
Trd, 8638379.382, 116
Trd, 8638380.132, 124
Trd, 8638380.482, 113
Trd, 8638384.332, 113
Trd, 8638384.532, 114
Trd, 8638386.782, 104
Trd, 8638387.332, 95
Trd, 8638388.682, 94
Trd, 8638389.082, 79
Trd, 8638390.132, 96
Trd, 8638391.682, 76
Trd, 8638391.782, 84
Trd, 8638393.832, 96
Trd, 8638396.482, 94
Trd, 8638398.282, 92
Trd, 8638400.532, 87
Trd, 8638400.782, 86
Trd, 8638400.882, 96
Trd, 8638402.582, 78
Trd, 8638403.432, 113
Trd, 8638403.982, 130
Trd, 8638404.582, 82
Trd, 8638406.782, 85
Trd, 8638406.832, 122
Trd, 8638409.182, 113
Trd, 8638409.382, 87
Trd, 8638410.282, 112
Trd, 8638411.632, 95
Trd, 8638412.632, 95
Trd, 8638413.932, 90
Trd, 8638415.482, 106
Trd, 8638415.882, 91
Trd, 8638417.682, 91
Trd, 8638417.882, 104
Trd, 8638418.682, 87
Trd, 8638420.132, 112
Trd, 8638422.982, 110
Trd, 8638423.532, 111
Trd, 8638423.632, 95
Trd, 8638425.232, 94
Trd, 8638426.082, 88
Trd, 8638427.182, 87
Trd, 8638427.832, 101
Trd, 8638429.982, 107
Trd, 8638431.932, 88
Trd, 8638432.232, 92
Trd, 8638434.582, 81
Trd, 8638435.182, 93
Trd, 8638436.132, 81
Trd, 8638436.482, 104
Trd, 8638438.082, 97
Trd, 8638439.332, 106
Trd, 8638439.832, 108
Trd, 8638440.882, 85
Trd, 8638441.682, 87
Trd, 8638444.182, 111
Trd, 8638444.832, 115
Trd, 8638445.232, 116
Trd, 8638447.032, 125
Trd, 8638448.282, 114
Trd, 8638448.432, 113
Trd, 8638448.932, 119
Trd, 8638449.082, 105
Trd, 8638450.182, 95
Trd, 8638451.232, 119
Trd, 8638452.682, 113
Trd, 8638453.832, 113
Trd, 8638453.982, 95
Trd, 8638456.032, 86
Trd, 8638457.482, 92
Trd, 8638458.282, 90
Trd, 8638458.982, 100
Trd, 8638461.182, 103
Trd, 8638461.682, 86
Trd, 8638463.282, 95
Trd, 8638463.332, 84
Trd, 8638465.582, 95
Trd, 8638466.482, 100
Trd, 8638466.732, 86
Trd, 8638467.082, 85
Trd, 8638468.032, 96
Trd, 8638468.882, 81
Trd, 8638469.382, 97
Trd, 8638471.532, 102
Trd, 8638473.732, 103
Trd, 8638474.482, 95
Trd, 8638474.532, 104
Trd, 8638475.132, 113
Trd, 8638476.582, 96
Trd, 8638477.582, 100
Trd, 8638478.932, 96
Trd, 8638479.232, 86
Trd, 8638480.632, 101
Trd, 8638482.682, 95
Trd, 8638483.932, 95
Trd, 8638485.482, 100
Trd, 8638485.982, 97
Trd, 8638486.282, 95
Trd, 8638486.982, 87
Trd, 8638488.132, 104
Trd, 8638489.132, 96
Trd, 8638489.682, 112
Trd, 8638490.382, 113
Trd, 8638491.332, 95
Trd, 8638493.282, 112
Trd, 8638493.882, 130
Trd, 8638493.982, 86
Trd, 8638495.532, 122
Trd, 8638496.432, 81
Trd, 8638497.732, 87
Trd, 8638498.432, 131
Trd, 8638500.332, 89
Trd, 8638502.832, 120
Trd, 8638505.132, 113
Trd, 8638506.432, 115
Trd, 8638506.532, 117
Trd, 8638506.982, 117
Trd, 8638507.032, 106
Trd, 8638509.732, 140
Trd, 8638510.782, 117
Trd, 8638511.432, 113
Trd, 8638512.232, 99
Trd, 8638514.132, 122
Trd, 8638514.382, 113
Trd, 8638515.932, 96
Trd, 8638519.782, 90
Trd, 8638520.182, 88
Trd, 8638520.632, 89
Trd, 8638521.282, 89
Trd, 8638522.832, 108
Trd, 8638524.582, 107
Trd, 8638524.632, 109
Trd, 8638525.982, 97
Trd, 8638526.882, 114
Trd, 8638527.382, 111
Trd, 8638529.632, 117
Trd, 8638530.482, 116
Trd, 8638530.982, 115
Trd, 8638531.232, 113
Trd, 8638532.432, 104
Trd, 8638533.432, 130
Trd, 8638533.632, 95
Trd, 8638534.532, 79
Trd, 8638535.882, 82
Trd, 8638537.382, 122
Trd, 8638540.282, 113
Trd, 8638542.432, 122
Trd, 8638542.682, 108
Trd, 8638544.382, 104
Trd, 8638544.882, 110
Trd, 8638545.182, 95
Trd, 8638546.282, 111
Trd, 8638546.682, 112
Trd, 8638548.132, 114
Trd, 8638548.332, 131
Trd, 8638548.482, 96
Trd, 8638548.682, 95
Trd, 8638550.982, 113
Trd, 8638552.282, 131
Trd, 8638553.132, 113
Trd, 8638555.632, 108
Trd, 8638557.232, 121
Trd, 8638557.282, 126
Trd, 8638558.582, 111
Trd, 8638558.832, 119
Trd, 8638560.982, 101
Trd, 8638561.982, 102
Trd, 8638563.882, 95
Trd, 8638564.432, 107
Trd, 8638565.482, 104
Trd, 8638566.482, 92
Trd, 8638569.182, 100
Trd, 8638570.382, 99
Trd, 8638570.982, 101
Trd, 8638571.382, 113
Trd, 8638573.032, 95
Trd, 8638573.532, 127
Trd, 8638574.782, 76
Trd, 8638576.232, 68
Trd, 8638576.532, 86
Trd, 8638577.032, 113
Trd, 8638578.532, 80
Trd, 8638578.832, 100
Trd, 8638579.882, 128
Trd, 8638580.682, 86
Trd, 8638582.182, 123
Trd, 8638583.082, 120
Trd, 8638583.782, 77
Trd, 8638584.432, 75
Trd, 8638586.032, 114
Trd, 8638586.732, 112
Trd, 8638587.182, 111
Trd, 8638589.982, 127
Trd, 8638590.932, 122
Trd, 8638591.732, 114
Trd, 8638594.282, 121
Trd, 8638594.732, 112
Trd, 8638595.082, 119
Trd, 8638595.932, 96
Trd, 8638597.682, 109
Trd, 8638598.632, 97
Trd, 8638600.882, 105
Trd, 8638601.332, 136
Trd, 8638601.382, 94
Trd, 8638602.632, 113
Trd, 8638604.182, 95
Trd, 8638605.982, 113
Trd, 8638606.132, 113
Trd, 8638606.682, 112
Trd, 8638607.582, 88
Trd, 8638607.782, 86
Trd, 8638609.332, 77
Trd, 8638609.732, 83
Trd, 8638612.682, 91
Trd, 8638612.882, 77
Trd, 8638613.032, 98
Trd, 8638613.132, 76
Trd, 8638614.782, 104
Trd, 8638615.182, 111
Trd, 8638617.382, 98
Trd, 8638619.232, 106
Trd, 8638619.682, 92
Trd, 8638619.882, 91
Trd, 8638621.382, 106
Trd, 8638622.782, 140
Trd, 8638623.632, 92
Trd, 8638624.182, 91
Trd, 8638625.582, 92
Trd, 8638626.332, 112
Trd, 8638627.182, 100
Trd, 8638629.582, 131
Trd, 8638631.332, 101
Trd, 8638631.482, 97
Trd, 8638632.432, 100
Trd, 8638632.582, 86
Trd, 8638633.682, 79
Trd, 8638635.532, 96
Trd, 8638635.782, 81
Trd, 8638636.682, 104
Trd, 8638638.632, 97
Trd, 8638638.982, 99
Trd, 8638640.232, 101
Trd, 8638640.382, 92
Trd, 8638642.382, 95
Trd, 8638643.032, 93
Trd, 8638644.332, 103
Trd, 8638644.432, 93
Trd, 8638645.482, 95
Trd, 8638645.782, 96
Trd, 8638648.632, 106
Trd, 8638649.082, 108
Trd, 8638649.232, 95
Trd, 8638652.132, 98
Trd, 8638652.282, 113
Trd, 8638652.832, 97
Trd, 8638655.232, 88
Trd, 8638656.432, 90
Trd, 8638656.682, 92
Trd, 8638657.682, 96
Trd, 8638657.932, 104
Trd, 8638659.332, 122
Trd, 8638661.332, 112
Trd, 8638661.782, 117
Trd, 8638662.132, 96
Trd, 8638662.182, 95
Trd, 8638663.032, 113
Trd, 8638665.482, 84
Trd, 8638668.382, 89
Trd, 8638668.432, 91
Trd, 8638668.882, 86
Trd, 8638669.482, 87
Trd, 8638671.082, 103
Trd, 8638671.682, 104
Trd, 8638673.432, 95
Trd, 8638673.932, 93
Trd, 8638674.032, 97
Trd, 8638676.232, 123
Trd, 8638676.982, 99
Trd, 8638677.182, 95
Trd, 8638678.032, 103
Trd, 8638678.582, 113
Trd, 8638680.082, 89
Trd, 8638682.082, 96
Trd, 8638682.282, 88
Trd, 8638682.432, 100
Trd, 8638684.232, 82
Trd, 8638684.632, 122
Trd, 8638685.432, 120
Trd, 8638686.032, 113
Trd, 8638690.232, 94
Trd, 8638690.832, 94
Trd, 8638691.982, 104
Trd, 8638692.332, 95
Trd, 8638692.782, 111
Trd, 8638693.332, 113
Trd, 8638696.632, 98
Trd, 8638697.082, 103
Trd, 8638697.832, 101
Trd, 8638698.082, 104
Trd, 8638698.932, 100
Trd, 8638701.332, 101
Trd, 8638702.382, 103
Trd, 8638702.532, 100
Trd, 8638703.382, 99
Trd, 8638704.632, 81
Trd, 8638705.282, 80
Trd, 8638705.682, 85
Trd, 8638706.582, 77
Trd, 8638706.882, 95
Trd, 8638708.982, 77
Trd, 8638709.932, 99
Trd, 8638710.982, 104
Trd, 8638711.032, 104
Trd, 8638711.982, 113
Trd, 8638714.432, 96
Trd, 8638715.932, 117
Trd, 8638717.132, 114
Trd, 8638717.332, 100
Trd, 8638718.832, 95
Trd, 8638719.232, 105
Trd, 8638721.432, 97
Trd, 8638721.832, 89
Trd, 8638722.532, 88
Trd, 8638723.582, 95
Trd, 8638724.232, 110
Trd, 8638725.582, 108
Trd, 8638725.982, 109
Trd, 8638726.232, 91
Trd, 8638728.132, 92
Trd, 8638728.532, 94
Trd, 8638730.282, 95
Trd, 8638730.932, 95
Trd, 8638732.182, 78
Trd, 8638733.182, 79
Trd, 8638733.832, 97
Trd, 8638736.382, 111
Trd, 8638738.032, 108
Trd, 8638738.632, 87
Trd, 8638739.582, 83
Trd, 8638740.332, 97
Trd, 8638740.732, 79
Trd, 8638743.332, 105
Trd, 8638743.782, 112
Trd, 8638746.182, 89
Trd, 8638746.782, 90
Trd, 8638747.182, 107
Trd, 8638747.332, 113
Trd, 8638749.532, 92
Trd, 8638749.582, 86
Trd, 8638752.482, 97
Trd, 8638752.682, 101
Trd, 8638753.232, 82
Trd, 8638755.382, 87
Trd, 8638756.032, 97
Trd, 8638757.482, 94
Trd, 8638758.432, 99
Trd, 8638759.082, 95
Trd, 8638762.532, 122
Trd, 8638762.782, 122
Trd, 8638763.432, 97
Trd, 8638764.582, 117
Trd, 8638766.582, 111
Trd, 8638767.182, 111
Trd, 8638767.882, 98
Trd, 8638768.382, 110
Trd, 8638769.682, 96
Trd, 8638770.132, 112
Trd, 8638772.732, 90
Trd, 8638773.382, 109
Trd, 8638774.282, 89
Trd, 8638774.432, 113
Trd, 8638775.182, 90
Trd, 8638776.582, 93
Trd, 8638777.432, 104
Trd, 8638778.732, 109
Trd, 8638779.432, 82
Trd, 8638780.532, 108
Trd, 8638780.882, 95
Trd, 8638781.582, 87
Trd, 8638783.182, 130
Trd, 8638784.332, 88
Trd, 8638785.082, 88
Trd, 8638788.782, 84
Trd, 8638789.282, 105
Trd, 8638789.882, 95
Trd, 8638791.232, 106
Trd, 8638791.432, 113
Trd, 8638791.782, 91
Trd, 8638793.332, 98
Trd, 8638794.982, 100
Trd, 8638795.232, 99
Trd, 8638795.582, 112
Trd, 8638796.732, 95
Trd, 8638797.582, 137
Trd, 8638799.532, 114
Trd, 8638799.732, 113
Trd, 8638801.632, 117
Trd, 8638801.682, 118
Trd, 8638801.832, 95
Trd, 8638803.782, 93
Trd, 8638803.882, 96
Trd, 8638804.932, 76
Trd, 8638808.282, 88
Trd, 8638808.532, 89
Trd, 8638809.032, 88
Trd, 8638810.182, 100
Trd, 8638810.432, 104
Trd, 8638811.732, 93
Trd, 8638811.882, 92
Trd, 8638813.682, 108
Trd, 8638814.832, 98
Trd, 8638814.882, 104
Trd, 8638816.082, 87
Trd, 8638816.532, 105
Trd, 8638818.282, 95
Trd, 8638819.132, 84
Trd, 8638819.182, 96
Trd, 8638820.932, 78
Trd, 8638821.082, 104
Trd, 8638821.132, 113
Trd, 8638822.032, 78
Trd, 8638824.582, 88
Trd, 8638825.182, 90
Trd, 8638825.832, 96
Trd, 8638826.682, 104
Trd, 8638826.832, 92
Trd, 8638829.082, 94
Trd, 8638829.432, 93
Trd, 8638830.132, 87
Trd, 8638831.932, 105
Trd, 8638832.432, 112
Trd, 8638833.882, 122
Trd, 8638835.632, 106
Trd, 8638835.882, 118
Trd, 8638836.282, 104
Trd, 8638838.182, 97
Trd, 8638839.132, 96
Trd, 8638840.232, 102
Trd, 8638840.332, 104
Trd, 8638841.232, 97
Trd, 8638841.482, 110
Trd, 8638844.682, 122
Trd, 8638844.832, 113
Trd, 8638846.382, 104
Trd, 8638847.682, 118
Trd, 8638848.882, 119
Trd, 8638848.932, 89
Trd, 8638850.132, 99
Trd, 8638851.032, 86
Trd, 8638853.682, 120
Trd, 8638853.832, 113
Trd, 8638855.982, 91
Trd, 8638856.882, 91
Trd, 8638858.932, 90
Trd, 8638860.382, 104
Trd, 8638860.482, 113
Trd, 8638861.082, 95
Trd, 8638862.082, 95
Trd, 8638863.732, 80
Trd, 8638864.732, 96
Trd, 8638864.782, 97
Trd, 8638865.032, 81
Trd, 8638866.382, 103
Trd, 8638866.982, 81
Trd, 8638867.032, 80
Trd, 8638867.082, 104
Trd, 8638870.382, 93
Trd, 8638870.682, 85
Trd, 8638874.032, 94
Trd, 8638874.282, 94
Trd, 8638875.232, 98
Trd, 8638875.982, 94
Trd, 8638876.082, 104
Trd, 8638876.832, 88
Trd, 8638877.282, 86
Trd, 8638878.182, 113
Trd, 8638879.782, 140
Trd, 8638882.482, 123
Trd, 8638883.782, 122
Trd, 8638884.832, 113
Trd, 8638886.782, 126
Trd, 8638887.882, 107
Trd, 8638888.932, 104
Trd, 8638889.282, 122
Trd, 8638890.132, 122
Trd, 8638890.182, 112
Trd, 8638890.282, 128
Trd, 8638890.432, 86
Trd, 8638894.332, 113
Trd, 8638895.032, 122
Trd, 8638897.232, 104
Trd, 8638898.582, 113
Trd, 8638899.782, 106
Trd, 8638900.432, 101
Trd, 8638900.582, 105
Trd, 8638902.232, 104
Trd, 8638902.682, 104
Trd, 8638903.232, 100
Trd, 8638903.382, 95
Trd, 8638903.582, 113
Trd, 8638906.882, 93
Trd, 8638906.982, 96
Trd, 8638907.732, 95
Trd, 8638909.882, 98
Trd, 8638910.332, 101
Trd, 8638911.132, 104
Trd, 8638912.282, 96
Trd, 8638914.282, 103
Trd, 8638914.832, 96
Trd, 8638917.032, 81
Trd, 8638917.132, 80
Trd, 8638919.082, 113
Trd, 8638920.382, 93
Trd, 8638921.232, 87
Trd, 8638921.582, 94
Trd, 8638921.932, 89
Trd, 8638923.482, 88
Trd, 8638925.432, 94
Trd, 8638925.532, 96
Trd, 8638926.182, 104
Trd, 8638926.332, 94
Trd, 8638926.532, 113
Trd, 8638927.532, 94
Trd, 8638928.182, 95
Trd, 8638929.132, 86
Trd, 8638932.732, 111
Trd, 8638934.132, 89
Trd, 8638934.482, 95
Trd, 8638935.032, 111
Trd, 8638936.532, 107
Trd, 8638937.632, 91
Trd, 8638939.532, 88
Trd, 8638939.882, 96
Trd, 8638940.732, 97
Trd, 8638942.482, 89
Trd, 8638942.632, 95
Trd, 8638944.282, 88
Trd, 8638944.532, 98
Trd, 8638946.682, 104
Trd, 8638946.782, 113
Trd, 8638947.882, 96
Trd, 8638948.932, 98
Trd, 8638949.532, 94
Trd, 8638951.032, 114
Trd, 8638951.582, 93
Trd, 8638952.832, 108
Trd, 8638953.232, 111
Trd, 8638953.432, 113
Trd, 8638955.432, 94
Trd, 8638959.832, 92
Trd, 8638960.032, 95
Trd, 8638960.282, 90
Trd, 8638960.982, 91
Trd, 8638962.932, 105
Trd, 8638963.032, 106
Trd, 8638964.932, 96
Trd, 8638966.532, 97
Trd, 8638966.782, 102
Trd, 8638967.382, 97
Trd, 8638968.732, 87
Trd, 8638970.132, 91
Trd, 8638970.782, 107
Trd, 8638972.232, 108
Trd, 8638973.732, 96
Trd, 8638974.482, 93
Trd, 8638975.332, 95
Trd, 8638975.732, 97
Trd, 8638976.382, 95
Trd, 8638977.732, 94
Trd, 8638978.382, 86
Trd, 8638979.882, 100
Trd, 8638981.132, 102
Trd, 8638982.182, 81
Trd, 8638982.332, 113
Trd, 8638983.932, 112
Trd, 8638985.582, 123
Trd, 8638986.482, 132
Trd, 8638988.182, 122
Trd, 8638988.382, 140
Trd, 8638988.682, 104
Trd, 8638991.532, 124
Trd, 8638994.282, 121
Trd, 8638994.682, 113
Trd, 8638995.032, 104
Trd, 8638995.382, 121
Trd, 8638998.032, 131
Trd, 8638998.232, 123
Trd, 8639000.982, 104
Trd, 8639004.082, 122
Trd, 8639004.582, 122
Trd, 8639005.582, 113
Trd, 8639005.632, 95
Trd, 8639005.782, 122
Trd, 8639006.382, 113
Trd, 8639007.932, 118
Trd, 8639009.332, 112
Trd, 8639009.582, 95
Trd, 8639009.782, 118
Trd, 8639012.582, 86
Trd, 8639013.032, 77
Trd, 8639013.882, 98
Trd, 8639013.932, 99
Trd, 8639015.432, 114
Trd, 8639017.282, 113
Trd, 8639017.682, 116
Trd, 8639018.332, 95
Trd, 8639019.182, 132
Trd, 8639020.232, 103
Trd, 8639021.182, 84
Trd, 8639023.282, 87
Trd, 8639024.082, 99
Trd, 8639024.532, 102
Trd, 8639024.882, 88
Trd, 8639026.632, 101
Trd, 8639028.382, 90
Trd, 8639029.032, 94
Trd, 8639029.582, 94
Trd, 8639031.832, 94
Trd, 8639032.632, 113
Trd, 8639032.882, 132
Trd, 8639034.682, 93
Trd, 8639034.782, 94
Trd, 8639034.932, 93
Trd, 8639035.882, 95
Trd, 8639036.982, 87
Trd, 8639037.182, 111
Trd, 8639038.232, 77
Trd, 8639039.232, 98
Trd, 8639039.982, 92
Trd, 8639042.132, 111
Trd, 8639042.682, 83
Trd, 8639043.082, 98
Trd, 8639043.982, 96
Trd, 8639045.132, 77
Trd, 8639049.932, 86
Trd, 8639050.382, 85
Trd, 8639050.582, 84
Trd, 8639050.932, 86
Trd, 8639051.932, 96
Trd, 8639053.582, 110
Trd, 8639054.082, 86
Trd, 8639054.932, 95
Trd, 8639058.032, 121
Trd, 8639059.982, 119
Trd, 8639060.182, 113
Trd, 8639060.832, 95
Trd, 8639061.282, 122
Trd, 8639064.182, 94
Trd, 8639064.482, 123
Trd, 8639064.932, 122
Trd, 8639067.032, 115
Trd, 8639067.532, 113
Trd, 8639067.832, 95
Trd, 8639068.932, 113
Trd, 8639070.832, 94
Trd, 8639072.082, 95
Trd, 8639072.882, 93
Trd, 8639073.732, 87
Trd, 8639074.082, 111
Trd, 8639074.982, 101
Trd, 8639076.332, 112
Trd, 8639078.682, 90
Trd, 8639079.732, 86
Trd, 8639080.432, 98
Trd, 8639081.082, 96
Trd, 8639082.982, 129
Trd, 8639083.882, 121
Trd, 8639085.032, 113
Trd, 8639088.582, 120
Trd, 8639088.832, 113
Trd, 8639089.382, 118
Trd, 8639089.832, 104
Trd, 8639091.432, 99
Trd, 8639092.782, 100
Trd, 8639094.032, 95
Trd, 8639095.532, 92
Trd, 8639096.332, 91
Trd, 8639097.182, 125
Trd, 8639098.382, 122
Trd, 8639101.932, 113
Trd, 8639102.182, 112
Trd, 8639102.432, 104
Trd, 8639102.582, 100
Trd, 8639104.482, 88
Trd, 8639107.382, 94
Trd, 8639108.132, 95
Trd, 8639108.182, 104
Trd, 8639110.032, 123
Trd, 8639111.682, 122
Trd, 8639111.782, 124
Trd, 8639112.282, 106
Trd, 8639113.832, 114
Trd, 8639114.832, 99
Trd, 8639114.932, 95
Trd, 8639115.082, 113
Trd, 8639117.932, 108
Trd, 8639118.082, 86
Trd, 8639120.332, 86
Trd, 8639121.232, 88
Trd, 8639123.782, 96
Trd, 8639124.432, 97
Trd, 8639125.182, 92
Trd, 8639126.532, 99
Trd, 8639127.232, 91
Trd, 8639127.632, 99
Trd, 8639129.882, 97
Trd, 8639130.082, 86
Trd, 8639131.532, 95
Trd, 8639132.032, 80
Trd, 8639133.732, 83
Trd, 8639134.632, 103
Trd, 8639134.982, 83
Trd, 8639135.182, 102
Trd, 8639138.632, 91
Trd, 8639140.882, 92
Trd, 8639141.032, 91
Trd, 8639141.132, 96
Trd, 8639142.382, 103
Trd, 8639142.682, 78
Trd, 8639145.132, 80
Trd, 8639145.682, 97
Trd, 8639145.732, 104
Trd, 8639146.732, 77
Trd, 8639147.532, 108
Trd, 8639148.232, 112
Trd, 8639149.232, 81
Trd, 8639151.432, 129
Trd, 8639152.732, 113
Trd, 8639153.032, 96
Trd, 8639154.132, 86
Trd, 8639155.232, 113
Trd, 8639157.032, 115
Trd, 8639157.582, 130
Trd, 8639157.982, 113
Trd, 8639160.732, 122
Trd, 8639161.332, 97
Trd, 8639161.582, 123
Trd, 8639162.582, 96
Trd, 8639164.682, 113
Trd, 8639165.132, 112
Trd, 8639166.282, 122
Trd, 8639166.832, 121
Trd, 8639168.182, 104
Trd, 8639169.932, 114
Trd, 8639170.232, 113
Trd, 8639174.182, 98
Trd, 8639175.682, 98
Trd, 8639175.832, 99
Trd, 8639176.132, 104
Trd, 8639177.182, 99
Trd, 8639177.982, 88
Trd, 8639178.482, 78
Trd, 8639180.432, 86
Trd, 8639181.882, 98
Trd, 8639182.382, 90
Trd, 8639183.032, 104
Trd, 8639183.082, 91
Trd, 8639184.432, 98
Trd, 8639185.682, 89
Trd, 8639187.032, 108
Trd, 8639187.782, 87
Trd, 8639189.382, 108
Trd, 8639191.082, 94
Trd, 8639191.732, 95
Trd, 8639191.882, 96
Trd, 8639191.932, 97
Trd, 8639192.482, 96
Trd, 8639193.882, 95
Trd, 8639194.532, 110
Trd, 8639194.932, 113
Trd, 8639196.032, 77
Trd, 8639197.582, 97
Trd, 8639198.082, 84
Trd, 8639201.032, 91
Trd, 8639202.532, 94
Trd, 8639202.882, 97
Trd, 8639204.432, 83
Trd, 8639204.682, 104
Trd, 8639204.782, 104
Trd, 8639205.782, 113
Trd, 8639206.732, 84
Trd, 8639209.632, 90
Trd, 8639210.532, 90
Trd, 8639212.932, 95
Trd, 8639213.382, 96
Trd, 8639213.482, 100
Trd, 8639213.582, 89
Trd, 8639215.682, 130
Trd, 8639217.382, 97
Trd, 8639218.782, 111
Trd, 8639221.032, 129
Trd, 8639221.082, 102
Trd, 8639221.782, 112
Trd, 8639224.632, 123
Trd, 8639224.932, 122
Trd, 8639225.582, 120
Trd, 8639227.032, 119
Trd, 8639227.682, 113
Trd, 8639229.532, 98
Trd, 8639231.282, 97
Trd, 8639231.532, 108
Trd, 8639232.782, 111
Trd, 8639232.982, 113
Trd, 8639235.732, 97
Trd, 8639237.482, 113
Trd, 8639238.082, 112
Trd, 8639238.232, 97
Trd, 8639239.482, 111
Trd, 8639239.632, 95
Trd, 8639239.882, 96
Trd, 8639241.032, 77
Trd, 8639243.232, 110
Trd, 8639243.482, 111
Trd, 8639245.832, 114
Trd, 8639246.532, 122
Trd, 8639246.982, 125
Trd, 8639247.932, 114
Trd, 8639249.732, 122
Trd, 8639250.332, 111
Trd, 8639251.882, 104
Trd, 8639252.932, 114
Trd, 8639253.532, 97
Trd, 8639255.182, 115
Trd, 8639258.282, 120
Trd, 8639258.682, 120
Trd, 8639260.332, 112
Trd, 8639262.232, 93
Trd, 8639262.732, 108
Trd, 8639263.232, 95
Trd, 8639263.782, 107
Trd, 8639265.182, 110
Trd, 8639265.682, 95
Trd, 8639266.282, 112
Trd, 8639266.682, 113
Trd, 8639267.032, 86
Trd, 8639270.332, 115
Trd, 8639272.232, 115
Trd, 8639272.882, 89
Trd, 8639273.632, 88
Trd, 8639274.682, 95
Trd, 8639274.932, 132
Trd, 8639275.432, 86
Trd, 8639277.182, 81
Trd, 8639279.632, 95
Trd, 8639280.282, 91
Trd, 8639280.782, 100
Trd, 8639282.132, 96
Trd, 8639282.482, 132
Trd, 8639282.782, 95
Trd, 8639284.382, 122
Trd, 8639284.932, 113
Trd, 8639285.532, 120
Trd, 8639287.932, 104
Trd, 8639290.332, 114
Trd, 8639290.432, 112
Trd, 8639290.882, 117
Trd, 8639292.232, 119
Trd, 8639294.182, 97
Trd, 8639294.332, 99
Trd, 8639294.782, 96
Trd, 8639295.732, 104
Trd, 8639296.132, 113
Trd, 8639296.632, 87
Trd, 8639298.332, 88
Trd, 8639298.582, 122
Trd, 8639300.332, 113
Trd, 8639300.532, 118
Trd, 8639301.632, 113
Trd, 8639303.082, 81
Trd, 8639306.032, 94
Trd, 8639306.332, 95
Trd, 8639306.682, 90
Trd, 8639308.932, 97
Trd, 8639309.132, 95
Trd, 8639309.882, 98
Trd, 8639311.182, 96
Trd, 8639311.582, 95
Trd, 8639311.632, 104
Trd, 8639313.282, 102
Trd, 8639316.532, 104
Trd, 8639317.382, 94
Trd, 8639318.632, 101
Trd, 8639318.682, 96
Trd, 8639319.232, 96
Trd, 8639320.982, 98
Trd, 8639322.132, 101
Trd, 8639324.032, 93
Trd, 8639324.482, 91
Trd, 8639326.582, 80
Trd, 8639327.582, 95
Trd, 8639327.782, 81
Trd, 8639328.582, 95
Trd, 8639329.782, 96
Trd, 8639331.132, 90
Trd, 8639331.232, 104
Trd, 8639333.032, 86
Trd, 8639333.582, 111
Trd, 8639334.182, 111
Trd, 8639335.632, 111
Trd, 8639336.532, 110
Trd, 8639336.732, 111
Trd, 8639338.432, 104
Trd, 8639339.432, 126
Trd, 8639339.532, 95
Trd, 8639339.882, 113
Trd, 8639340.632, 127
Trd, 8639341.082, 78
Trd, 8639342.582, 111
Trd, 8639343.182, 78
Trd, 8639345.682, 120
Trd, 8639346.632, 112
Trd, 8639347.132, 84
Trd, 8639347.482, 117
Trd, 8639348.882, 87
Trd, 8639349.032, 109
Trd, 8639352.232, 94
Trd, 8639353.332, 91
Trd, 8639353.382, 95
Trd, 8639354.482, 103
Trd, 8639354.682, 104
Trd, 8639356.132, 80
Trd, 8639356.932, 113
Trd, 8639360.032, 120
Trd, 8639360.232, 113
Trd, 8639360.682, 104
Trd, 8639362.282, 115
Trd, 8639363.082, 113
Trd, 8639365.382, 111
Trd, 8639365.832, 104
Trd, 8639366.282, 97
Trd, 8639366.582, 113
Trd, 8639369.032, 113
Trd, 8639369.182, 104
Trd, 8639372.182, 88
Trd, 8639373.632, 112
Trd, 8639374.882, 90
Trd, 8639375.132, 94
Trd, 8639375.632, 99
Trd, 8639376.932, 111
Trd, 8639377.432, 109
Trd, 8639377.582, 81
Trd, 8639378.832, 79
Trd, 8639379.232, 110
Trd, 8639380.532, 110
Trd, 8639381.282, 84
Trd, 8639384.332, 98
Trd, 8639384.682, 92
Trd, 8639385.382, 95
Trd, 8639387.882, 87
Trd, 8639389.582, 89
Trd, 8639389.982, 96
Trd, 8639390.332, 98
Trd, 8639391.432, 104
Trd, 8639392.182, 113
Trd, 8639392.932, 93
Trd, 8639394.332, 113
Trd, 8639394.432, 87
Trd, 8639395.332, 89
Trd, 8639397.832, 115
Trd, 8639398.982, 116
Trd, 8639399.132, 112
Trd, 8639399.332, 117
Trd, 8639402.032, 111
Trd, 8639402.832, 97
Trd, 8639402.982, 87
Trd, 8639404.732, 89
Trd, 8639405.232, 94
Trd, 8639406.582, 93
Trd, 8639407.382, 113
Trd, 8639408.032, 93
Trd, 8639408.882, 92
Trd, 8639409.782, 115
Trd, 8639412.182, 122
Trd, 8639412.332, 112
Trd, 8639413.082, 127
Trd, 8639417.632, 93
Trd, 8639419.332, 106
Trd, 8639419.682, 96
Trd, 8639420.482, 103
Trd, 8639421.082, 96
Trd, 8639421.132, 95
Trd, 8639421.632, 104
Trd, 8639422.832, 112
Trd, 8639424.082, 109
Trd, 8639425.382, 111
Trd, 8639426.732, 93
Trd, 8639427.082, 103
Trd, 8639428.332, 95
Trd, 8639429.382, 76
Trd, 8639430.682, 77
Trd, 8639431.732, 115
Trd, 8639433.132, 120
Trd, 8639434.882, 115
Trd, 8639435.482, 125
Trd, 8639435.732, 113
Trd, 8639437.132, 123
Trd, 8639439.332, 93
Trd, 8639440.182, 99
Trd, 8639440.282, 104
Trd, 8639441.332, 95
Trd, 8639443.382, 129
Trd, 8639443.632, 132
Trd, 8639446.582, 119
Trd, 8639446.682, 118
Trd, 8639447.732, 115
Trd, 8639449.632, 112
Trd, 8639450.482, 128
Trd, 8639450.682, 97
Trd, 8639451.232, 128
Trd, 8639452.532, 124
Trd, 8639453.182, 122
Trd, 8639453.882, 111
Trd, 8639457.582, 109
Trd, 8639457.782, 110
Trd, 8639457.982, 113
Trd, 8639460.082, 122
Trd, 8639460.582, 122
Trd, 8639460.982, 100
Trd, 8639461.632, 87
Trd, 8639463.782, 122
Trd, 8639464.532, 108
Trd, 8639464.932, 128
Trd, 8639467.382, 96
Trd, 8639467.482, 95
Trd, 8639468.632, 122
Trd, 8639469.982, 90
Trd, 8639470.282, 113
Trd, 8639470.882, 118
Trd, 8639472.082, 96
Trd, 8639473.282, 95
Trd, 8639474.532, 105
Trd, 8639475.182, 107
Trd, 8639475.782, 96
Trd, 8639478.532, 94
Trd, 8639478.682, 98
Trd, 8639478.932, 93
Trd, 8639480.132, 103
Trd, 8639480.982, 102
Trd, 8639482.732, 91
Trd, 8639485.032, 81
Trd, 8639485.232, 93
Trd, 8639485.432, 95
Trd, 8639487.132, 86
Trd, 8639487.332, 110
Trd, 8639488.982, 108
Trd, 8639489.082, 111
Trd, 8639493.282, 95
Trd, 8639494.382, 97
Trd, 8639495.182, 99
Trd, 8639495.982, 103
Trd, 8639496.132, 98
Trd, 8639496.432, 104
Trd, 8639498.232, 95
Trd, 8639498.982, 96
Trd, 8639499.882, 81
Trd, 8639500.082, 80
Trd, 8639500.432, 77
Trd, 8639500.782, 113
Trd, 8639502.182, 138
Trd, 8639504.882, 77
Trd, 8639505.382, 71
Trd, 8639507.232, 91
Trd, 8639507.432, 92
Trd, 8639510.782, 97
Trd, 8639511.682, 100
Trd, 8639512.482, 111
Trd, 8639513.132, 95
Trd, 8639513.382, 92
Trd, 8639513.532, 112
Trd, 8639513.782, 113
Trd, 8639514.982, 77
Trd, 8639518.382, 78
Trd, 8639521.282, 99
Trd, 8639521.682, 89
Trd, 8639522.382, 102
Trd, 8639523.932, 96
Trd, 8639524.082, 101
Trd, 8639524.232, 95
Trd, 8639525.382, 104
Trd, 8639527.132, 110
Trd, 8639527.882, 100
Trd, 8639529.332, 88
Trd, 8639529.882, 103
Trd, 8639531.882, 110
Trd, 8639532.732, 111
Trd, 8639535.432, 108
Trd, 8639535.982, 108
Trd, 8639536.382, 96
Trd, 8639536.682, 96
Trd, 8639536.882, 95
Trd, 8639537.532, 113
Trd, 8639537.682, 134
Trd, 8639539.382, 112
Trd, 8639540.832, 78
Trd, 8639542.482, 80
Trd, 8639544.432, 87
Trd, 8639545.482, 103
Trd, 8639547.232, 92
Trd, 8639547.282, 111
Trd, 8639547.482, 112
Trd, 8639549.832, 98
Trd, 8639549.932, 96
Trd, 8639550.432, 107
Trd, 8639550.482, 108
Trd, 8639553.082, 112
Trd, 8639553.232, 92
Trd, 8639553.832, 101
Trd, 8639555.982, 104
Trd, 8639556.282, 92
Trd, 8639558.382, 122
Trd, 8639559.882, 96
Trd, 8639559.932, 97
Trd, 8639560.032, 97
Trd, 8639560.332, 94
Trd, 8639562.482, 99
Trd, 8639565.182, 112
Trd, 8639567.132, 103
Trd, 8639567.482, 101
Trd, 8639567.732, 110
Trd, 8639567.782, 111
Trd, 8639570.632, 106
Trd, 8639571.382, 91
Trd, 8639571.632, 86
Trd, 8639573.482, 93
Trd, 8639574.532, 93
Trd, 8639575.382, 82
Trd, 8639576.332, 82
Trd, 8639578.182, 96
Trd, 8639578.832, 84
Trd, 8639580.482, 87
Trd, 8639581.032, 97
Trd, 8639581.132, 100
Trd, 8639583.982, 100
Trd, 8639584.332, 97
Trd, 8639584.882, 104
Trd, 8639585.382, 95
Trd, 8639587.332, 113
Trd, 8639588.782, 97
Trd, 8639590.782, 115
Trd, 8639592.082, 104
Trd, 8639592.232, 110
Trd, 8639592.432, 102
Trd, 8639592.782, 112
Trd, 8639595.932, 109
Trd, 8639596.382, 98
Trd, 8639597.232, 113
Trd, 8639597.382, 99
Trd, 8639597.632, 135
Trd, 8639597.732, 122
Trd, 8639598.332, 95
Trd, 8639598.482, 86
Trd, 8639601.032, 80
Trd, 8639601.132, 90
Trd, 8639602.432, 90
Trd, 8639602.832, 91
Trd, 8639605.882, 95
Trd, 8639606.632, 93
Trd, 8639607.282, 103
Trd, 8639607.382, 92
Trd, 8639609.982, 83
Trd, 8639610.132, 99
Trd, 8639611.032, 94
Trd, 8639613.282, 95
Trd, 8639614.382, 82
Trd, 8639615.782, 81
Trd, 8639615.882, 99
Trd, 8639617.982, 95
Trd, 8639620.082, 100
Trd, 8639621.382, 96
Trd, 8639623.032, 96
Trd, 8639623.782, 111
Trd, 8639623.832, 83
Trd, 8639625.482, 95
Trd, 8639626.182, 104
Trd, 8639627.032, 105
Trd, 8639627.532, 88
Trd, 8639628.432, 87
Trd, 8639629.982, 88
Trd, 8639630.182, 93
Trd, 8639630.832, 94
Trd, 8639630.882, 86
Trd, 8639632.282, 94
Trd, 8639633.782, 95
Trd, 8639635.982, 104
Trd, 8639636.982, 122
Trd, 8639637.882, 104
Trd, 8639638.282, 95
Trd, 8639638.432, 78
Trd, 8639641.182, 121
Trd, 8639642.482, 120
Trd, 8639643.532, 123
Trd, 8639643.832, 112
Trd, 8639645.032, 118
Trd, 8639646.082, 97
Trd, 8639646.182, 115
Trd, 8639648.832, 91
Trd, 8639649.332, 92
Trd, 8639649.382, 95
Trd, 8639650.182, 93
Trd, 8639651.782, 78
Trd, 8639653.232, 85
Trd, 8639654.682, 86
Trd, 8639654.832, 104
Trd, 8639655.382, 85
Trd, 8639657.382, 95
Trd, 8639658.282, 92
Trd, 8639658.432, 103
Trd, 8639660.232, 92
Trd, 8639661.432, 100
Trd, 8639663.132, 91
Trd, 8639663.932, 113
Trd, 8639664.832, 88
Trd, 8639664.982, 86
Trd, 8639665.782, 115
Trd, 8639667.532, 95
Trd, 8639667.782, 104
Trd, 8639669.182, 101
Trd, 8639669.382, 84
Trd, 8639670.932, 122
Trd, 8639672.382, 111
Trd, 8639674.282, 104
Trd, 8639675.132, 99
Trd, 8639675.282, 98
Trd, 8639676.982, 102
Trd, 8639677.882, 104
Trd, 8639678.832, 89
Trd, 8639678.982, 108
Trd, 8639682.882, 113
Trd, 8639683.182, 119
Trd, 8639684.182, 115
Trd, 8639686.482, 113
Trd, 8639686.832, 112
Trd, 8639688.132, 110
Trd, 8639688.382, 104
Trd, 8639689.082, 112
Trd, 8639689.982, 96
Trd, 8639690.632, 107
Trd, 8639691.082, 101
Trd, 8639691.182, 95
Trd, 8639692.182, 112
Trd, 8639693.732, 81
Trd, 8639694.732, 123
Trd, 8639695.432, 120
Trd, 8639697.882, 122
Trd, 8639698.232, 113
Trd, 8639698.632, 105
Trd, 8639699.332, 119
Trd, 8639700.382, 104
Trd, 8639700.932, 113
Trd, 8639702.482, 108
Trd, 8639703.982, 104
Trd, 8639704.832, 104
Trd, 8639705.282, 99
Trd, 8639706.182, 90
Trd, 8639706.932, 87
Trd, 8639707.182, 102
Trd, 8639709.132, 109
Trd, 8639709.682, 91
Trd, 8639709.932, 86
Trd, 8639710.532, 112
Trd, 8639712.582, 111
Trd, 8639714.132, 92
Trd, 8639714.282, 98
Trd, 8639714.982, 106
Trd, 8639719.382, 102
Trd, 8639719.982, 102
Trd, 8639721.082, 102
Trd, 8639721.332, 86
Trd, 8639721.732, 104
Trd, 8639722.282, 78
Trd, 8639722.582, 100
Trd, 8639724.782, 82
Trd, 8639726.932, 84
Trd, 8639728.382, 99
Trd, 8639728.682, 86
Trd, 8639728.832, 103
Trd, 8639731.982, 90
Trd, 8639732.982, 93
Trd, 8639733.082, 95
Trd, 8639733.182, 98
Trd, 8639734.182, 86
Trd, 8639734.532, 77
Trd, 8639735.932, 110
Trd, 8639738.782, 86
Trd, 8639740.632, 91
Trd, 8639741.482, 96
Trd, 8639741.982, 98
Trd, 8639743.882, 98
Trd, 8639744.382, 95
Trd, 8639744.632, 110
Trd, 8639747.632, 71
Trd, 8639748.982, 69
Trd, 8639749.932, 78
Trd, 8639751.282, 86
Trd, 8639751.682, 78
Trd, 8639754.032, 86
Trd, 8639754.932, 94
Trd, 8639755.032, 95
Trd, 8639756.082, 88
Trd, 8639758.182, 90
Trd, 8639758.382, 112
Trd, 8639759.182, 87
Trd, 8639761.382, 94
Trd, 8639762.632, 92
Trd, 8639762.832, 96
Trd, 8639765.082, 93
Trd, 8639766.932, 86
Trd, 8639767.132, 94
Trd, 8639767.882, 88
Trd, 8639770.332, 91
Trd, 8639771.982, 96
Trd, 8639772.032, 104
Trd, 8639773.032, 95
Trd, 8639773.932, 95
Trd, 8639775.632, 99
Trd, 8639776.082, 99
Trd, 8639777.032, 90
Trd, 8639778.182, 89
Trd, 8639779.082, 99
Trd, 8639779.382, 98
Trd, 8639781.982, 78
Trd, 8639782.032, 101
Trd, 8639783.932, 82
Trd, 8639784.732, 102
Trd, 8639784.932, 96
Trd, 8639785.982, 81
Trd, 8639787.532, 81
Trd, 8639787.782, 86
Trd, 8639787.982, 80
Trd, 8639789.282, 99
Trd, 8639789.432, 113
Trd, 8639790.732, 82
Trd, 8639791.832, 113
Trd, 8639793.882, 122
Trd, 8639797.382, 114
Trd, 8639797.882, 120
Trd, 8639798.682, 112
Trd, 8639799.132, 121
Trd, 8639800.982, 96
Trd, 8639801.782, 122
Trd, 8639802.482, 125
Trd, 8639803.682, 111
Trd, 8639803.882, 95
Trd, 8639804.382, 86
Trd, 8639806.482, 113
Trd, 8639806.982, 114
Trd, 8639807.182, 115
Trd, 8639811.632, 94
Trd, 8639811.882, 92
Trd, 8639813.032, 95
Trd, 8639813.632, 87
Trd, 8639814.732, 109
Trd, 8639815.032, 110
Trd, 8639815.882, 113
Trd, 8639815.932, 79
Trd, 8639817.982, 83
Trd, 8639819.532, 84
Trd, 8639820.182, 86
Trd, 8639820.682, 81
Trd, 8639821.432, 81
Trd, 8639822.032, 101
Trd, 8639824.832, 122
Trd, 8639826.632, 125
Trd, 8639827.532, 125
Trd, 8639828.232, 119
Trd, 8639829.982, 115
Trd, 8639831.182, 113
Trd, 8639833.532, 126
Trd, 8639833.582, 106
Trd, 8639835.582, 123
Trd, 8639835.732, 121
Trd, 8639836.332, 95
Trd, 8639837.582, 116
Trd, 8639837.782, 113
Trd, 8639839.282, 107
Trd, 8639840.032, 109
Trd, 8639843.732, 89
Trd, 8639843.932, 90
Trd, 8639844.382, 90
Trd, 8639844.982, 96
Trd, 8639845.382, 91
Trd, 8639846.032, 113
Trd, 8639847.882, 122
Trd, 8639848.182, 87
Trd, 8639849.532, 111
Trd, 8639851.432, 94
Trd, 8639851.532, 95
Trd, 8639852.882, 92
Trd, 8639853.932, 102
Trd, 8639856.682, 96
Trd, 8639857.182, 94
Trd, 8639857.882, 87
Trd, 8639857.982, 97
Trd, 8639858.582, 98
Trd, 8639860.732, 81
Trd, 8639861.032, 104
Trd, 8639861.832, 113
Trd, 8639863.632, 92
Trd, 8639864.082, 92
Trd, 8639865.382, 90
Trd, 8639865.982, 100
Trd, 8639867.182, 104
Trd, 8639868.282, 78
Trd, 8639869.232, 81
Trd, 8639870.382, 103
Trd, 8639872.782, 95
Trd, 8639873.832, 103
Trd, 8639874.632, 91
Trd, 8639874.732, 89
Trd, 8639875.032, 87
Trd, 8639878.382, 104
Trd, 8639879.282, 113
Trd, 8639880.632, 121
Trd, 8639882.282, 122
Trd, 8639882.532, 96
Trd, 8639885.082, 113
Trd, 8639885.332, 114
Trd, 8639886.732, 105
Trd, 8639887.032, 100
Trd, 8639887.382, 100
Trd, 8639888.182, 97
Trd, 8639890.782, 95
Trd, 8639890.832, 104
Trd, 8639891.832, 90
Trd, 8639891.882, 89
Trd, 8639892.832, 95
Trd, 8639894.332, 112
Trd, 8639895.882, 107
Trd, 8639896.432, 94
Trd, 8639897.582, 110
Trd, 8639897.832, 93
Trd, 8639900.032, 114
Trd, 8639900.982, 113
Trd, 8639901.582, 129
Trd, 8639903.432, 100
Trd, 8639903.532, 113
Trd, 8639904.482, 97
Trd, 8639907.882, 103
Trd, 8639907.982, 104
Trd, 8639909.282, 98
Trd, 8639909.532, 97
Trd, 8639910.932, 95
Trd, 8639912.382, 109
Trd, 8639914.582, 93
Trd, 8639915.082, 98
Trd, 8639915.882, 93
Trd, 8639916.482, 95
Trd, 8639919.382, 87
Trd, 8639920.232, 96
Trd, 8639920.432, 90
Trd, 8639920.532, 86
Trd, 8639921.182, 104
Trd, 8639923.232, 97
Trd, 8639924.232, 85
Trd, 8639926.682, 121
Trd, 8639926.982, 122
Trd, 8639927.532, 104
Trd, 8639928.582, 112
Trd, 8639930.082, 119
Trd, 8639930.532, 104
Trd, 8639932.132, 122
Trd, 8639932.632, 122
Trd, 8639932.732, 95
Trd, 8639933.532, 76
Trd, 8639933.882, 97
Trd, 8639936.832, 114
Trd, 8639937.032, 113
Trd, 8639937.082, 115
Trd, 8639939.282, 113
Trd, 8639939.632, 135
Trd, 8639941.832, 96
Trd, 8639942.782, 96
Trd, 8639944.132, 113
Trd, 8639946.532, 122
Trd, 8639946.932, 121
Trd, 8639947.282, 95
Trd, 8639947.632, 121
Trd, 8639949.032, 87
Trd, 8639951.382, 113
Trd, 8639951.982, 120
Trd, 8639954.582, 96
Trd, 8639955.132, 120
Trd, 8639955.282, 90
Trd, 8639955.382, 121
Trd, 8639957.482, 94
Trd, 8639958.832, 91
Trd, 8639959.332, 95
Trd, 8639960.982, 93
Trd, 8639961.082, 102
Trd, 8639962.282, 89
Trd, 8639964.582, 92
Trd, 8639965.132, 98
Trd, 8639965.482, 103
Trd, 8639967.432, 99
Trd, 8639968.582, 103
Trd, 8639970.482, 113
Trd, 8639970.832, 97
Trd, 8639972.432, 113
Trd, 8639972.982, 90
Trd, 8639974.282, 86
Trd, 8639974.932, 113
Trd, 8639976.182, 92
Trd, 8639978.832, 91
Trd, 8639979.282, 91
Trd, 8639979.482, 86
Trd, 8639980.482, 96
Trd, 8639980.832, 104
Trd, 8639980.982, 112
Trd, 8639982.182, 81
Trd, 8639983.882, 84
Trd, 8639984.782, 103
Trd, 8639985.832, 99
Trd, 8639986.032, 104
Trd, 8639986.282, 86
Trd, 8639987.182, 97
Trd, 8639987.382, 86
Trd, 8639989.382, 110
Trd, 8639990.082, 132
Trd, 8639991.282, 96
Trd, 8639992.582, 138
Trd, 8639993.182, 97
Trd, 8639994.382, 122
Trd, 8639994.932, 111
Trd, 8639997.682, 122
Trd, 8639999.282, 95
Trd, 8639999.682, 86
Trd, 8639999.832, 117
