Trd, 8637970.882, 117
Trd, 8637970.982, 114
Trd, 8637971.032, 113
Trd, 8637971.732, 89
Trd, 8637972.232, 122
Trd, 8637972.782, 86
Trd, 8637973.332, 112
Trd, 8637974.332, 127
Trd, 8637976.932, 95
Trd, 8637978.932, 104
Trd, 8637979.932, 113
Trd, 8637982.032, 99
Trd, 8637982.682, 118
Trd, 8637983.482, 99
Trd, 8637983.682, 95
Trd, 8637983.782, 122
Trd, 8637984.132, 140
Trd, 8637986.982, 86
Trd, 8637987.582, 105
Trd, 8637988.382, 98
Trd, 8637988.482, 90
Trd, 8637990.132, 112
Trd, 8637990.182, 116
Trd, 8637993.482, 88
Trd, 8637994.132, 101
Trd, 8637994.732, 87
Trd, 8637995.782, 103
Trd, 8637996.982, 77
Trd, 8637997.182, 104
Trd, 8637998.632, 80
Trd, 8637999.032, 118
Trd, 8637999.632, 131
Trd, 8638000.532, 110
Trd, 8638002.082, 95
Trd, 8638004.082, 114
Trd, 8638006.382, 97
Trd, 8638006.532, 96
Trd, 8638006.982, 109
Trd, 8638007.232, 95
Trd, 8638009.632, 121
Trd, 8638010.332, 98
Trd, 8638011.432, 104
Trd, 8638011.832, 98
Trd, 8638013.282, 104
Trd, 8638013.932, 88
Trd, 8638015.682, 97
Trd, 8638015.882, 89
Trd, 8638016.132, 109
Trd, 8638018.532, 83
Trd, 8638020.182, 81
Trd, 8638021.882, 106
Trd, 8638022.682, 105
Trd, 8638023.982, 96
Trd, 8638024.632, 85
Trd, 8638026.282, 88
Trd, 8638026.432, 112
Trd, 8638026.482, 113
Trd, 8638027.032, 106
Trd, 8638029.482, 113
Trd, 8638030.732, 122
Trd, 8638030.932, 121
Trd, 8638031.682, 104
Trd, 8638032.582, 105
Trd, 8638034.382, 97
Trd, 8638036.782, 98
Trd, 8638037.332, 107
Trd, 8638037.482, 113
Trd, 8638038.682, 78
Trd, 8638039.032, 120
Trd, 8638040.582, 81
Trd, 8638040.682, 97
Trd, 8638041.282, 80
Trd, 8638042.432, 110
Trd, 8638045.382, 82
Trd, 8638045.732, 81
Trd, 8638046.432, 96
Trd, 8638046.882, 107
Trd, 8638047.432, 81
Trd, 8638047.882, 77
Trd, 8638051.082, 104
Trd, 8638051.832, 97
Trd, 8638052.382, 104
Trd, 8638053.882, 87
Trd, 8638054.782, 98
Trd, 8638055.282, 88
Trd, 8638056.082, 113
Trd, 8638057.132, 113
Trd, 8638059.782, 101
Trd, 8638060.032, 102
Trd, 8638061.182, 112
Trd, 8638062.282, 97
Trd, 8638063.482, 104
Trd, 8638066.382, 122
Trd, 8638067.682, 113
Trd, 8638068.232, 98
Trd, 8638069.782, 99
Trd, 8638070.082, 97
Trd, 8638070.282, 108
Trd, 8638070.532, 96
Trd, 8638071.832, 95
Trd, 8638075.332, 109
Trd, 8638075.382, 116
Trd, 8638075.782, 95
Trd, 8638077.182, 132
Trd, 8638077.332, 113
Trd, 8638078.082, 113
Trd, 8638078.432, 113
Trd, 8638078.932, 114
Trd, 8638079.432, 104
Trd, 8638082.732, 140
Trd, 8638082.982, 113
Trd, 8638083.332, 104
Trd, 8638085.532, 122
Trd, 8638087.282, 102
Trd, 8638088.182, 104
Trd, 8638088.532, 113
Trd, 8638090.182, 97
Trd, 8638091.482, 122
Trd, 8638093.032, 97
Trd, 8638094.082, 102
Trd, 8638095.532, 103
Trd, 8638096.882, 102
Trd, 8638097.082, 101
Trd, 8638099.432, 96
Trd, 8638099.482, 103
Trd, 8638100.582, 104
Trd, 8638101.032, 97
Trd, 8638102.782, 105
Trd, 8638103.782, 88
Trd, 8638105.932, 117
Trd, 8638106.282, 91
Trd, 8638107.882, 140
Trd, 8638108.732, 104
Trd, 8638110.232, 104
Trd, 8638110.882, 131
Trd, 8638111.732, 107
Trd, 8638111.882, 90
Trd, 8638112.682, 114
Trd, 8638113.382, 114
Trd, 8638113.482, 113
Trd, 8638113.882, 122
Trd, 8638114.832, 120
Trd, 8638116.582, 96
Trd, 8638117.032, 95
Trd, 8638117.632, 105
Trd, 8638118.032, 121
Trd, 8638118.632, 86
Trd, 8638121.082, 83
Trd, 8638121.732, 105
Trd, 8638123.632, 100
Trd, 8638124.532, 113
Trd, 8638125.782, 113
Trd, 8638125.932, 115
Trd, 8638126.332, 93
Trd, 8638126.582, 93
Trd, 8638129.132, 98
Trd, 8638129.432, 103
Trd, 8638129.482, 86
Trd, 8638131.432, 82
Trd, 8638133.382, 99
Trd, 8638134.032, 108
Trd, 8638134.082, 117
Trd, 8638136.982, 96
Trd, 8638137.782, 96
Trd, 8638138.182, 100
Trd, 8638139.632, 95
Trd, 8638140.632, 81
Trd, 8638141.032, 110
Trd, 8638142.932, 95
Trd, 8638143.982, 83
Trd, 8638144.082, 96
Trd, 8638145.082, 105
Trd, 8638145.982, 85
Trd, 8638147.332, 117
Trd, 8638148.332, 122
Trd, 8638149.182, 91
Trd, 8638149.432, 90
Trd, 8638149.682, 122
Trd, 8638153.032, 102
Trd, 8638153.732, 82
Trd, 8638154.982, 104
Trd, 8638156.482, 113
Trd, 8638157.232, 78
Trd, 8638159.282, 97
Trd, 8638159.432, 83
Trd, 8638159.582, 99
Trd, 8638163.432, 91
Trd, 8638163.632, 94
Trd, 8638164.532, 101
Trd, 8638165.032, 94
Trd, 8638165.132, 109
Trd, 8638166.332, 120
Trd, 8638167.332, 88
Trd, 8638169.832, 107
Trd, 8638171.832, 86
Trd, 8638172.332, 104
Trd, 8638172.532, 111
Trd, 8638174.632, 95
Trd, 8638176.182, 108
Trd, 8638177.382, 106
Trd, 8638178.332, 96
Trd, 8638178.882, 95
Trd, 8638179.282, 113
Trd, 8638179.682, 96
Trd, 8638181.332, 86
Trd, 8638182.582, 102
Trd, 8638182.832, 80
Trd, 8638183.932, 84
Trd, 8638184.832, 99
Trd, 8638185.182, 105
Trd, 8638186.032, 113
Trd, 8638187.232, 112
Trd, 8638190.282, 105
Trd, 8638190.882, 98
Trd, 8638191.932, 104
Trd, 8638193.582, 96
Trd, 8638193.882, 120
Trd, 8638195.482, 113
Trd, 8638195.682, 122
Trd, 8638196.832, 112
Trd, 8638197.282, 95
Trd, 8638199.382, 113
Trd, 8638200.882, 106
Trd, 8638202.682, 122
Trd, 8638202.932, 96
Trd, 8638203.782, 96
Trd, 8638204.182, 122
Trd, 8638204.632, 95
Trd, 8638205.232, 113
Trd, 8638206.482, 87
Trd, 8638206.632, 104
Trd, 8638209.082, 95
Trd, 8638209.332, 121
Trd, 8638210.582, 98
Trd, 8638211.282, 113
Trd, 8638212.232, 97
Trd, 8638213.132, 95
Trd, 8638213.382, 77
Trd, 8638213.582, 97
Trd, 8638215.382, 139
Trd, 8638215.882, 113
Trd, 8638217.582, 75
Trd, 8638217.732, 98
Trd, 8638217.932, 73
Trd, 8638221.182, 104
Trd, 8638221.532, 106
Trd, 8638222.882, 105
Trd, 8638223.732, 84
Trd, 8638224.082, 83
Trd, 8638224.332, 82
Trd, 8638225.182, 95
Trd, 8638227.582, 113
Trd, 8638228.932, 107
Trd, 8638229.482, 96
Trd, 8638229.732, 100
Trd, 8638230.432, 106
Trd, 8638230.832, 98
Trd, 8638231.932, 88
Trd, 8638233.132, 107
Trd, 8638234.732, 109
Trd, 8638235.832, 86
Trd, 8638236.432, 113
Trd, 8638238.832, 96
Trd, 8638239.982, 116
Trd, 8638240.382, 97
Trd, 8638240.782, 140
Trd, 8638241.132, 96
Trd, 8638242.382, 113
Trd, 8638245.432, 103
Trd, 8638245.632, 103
Trd, 8638245.832, 102
Trd, 8638246.282, 108
Trd, 8638246.482, 87
Trd, 8638246.732, 114
Trd, 8638250.232, 114
Trd, 8638251.082, 113
Trd, 8638253.032, 95
Trd, 8638253.232, 86
Trd, 8638255.132, 112
Trd, 8638255.182, 113
Trd, 8638255.382, 90
Trd, 8638256.832, 115
Trd, 8638256.882, 113
Trd, 8638260.832, 97
Trd, 8638261.932, 96
Trd, 8638262.132, 106
Trd, 8638262.582, 114
Trd, 8638262.982, 134
Trd, 8638264.432, 122
Trd, 8638265.732, 95
Trd, 8638266.332, 97
Trd, 8638266.982, 81
Trd, 8638267.732, 106
Trd, 8638269.232, 86
Trd, 8638270.032, 118
Trd, 8638272.682, 106
Trd, 8638273.132, 94
Trd, 8638273.982, 96
Trd, 8638274.332, 100
Trd, 8638275.032, 95
Trd, 8638275.732, 114
Trd, 8638277.282, 122
Trd, 8638277.482, 121
Trd, 8638279.182, 113
Trd, 8638279.232, 88
Trd, 8638279.482, 86
Trd, 8638280.282, 134
Trd, 8638281.982, 83
Trd, 8638283.682, 102
Trd, 8638284.082, 89
Trd, 8638284.232, 105
Trd, 8638285.132, 99
Trd, 8638287.732, 113
Trd, 8638288.132, 95
Trd, 8638289.132, 95
Trd, 8638290.282, 104
Trd, 8638290.432, 116
Trd, 8638290.832, 96
Trd, 8638290.932, 95
Trd, 8638293.082, 116
Trd, 8638294.932, 93
Trd, 8638296.882, 94
Trd, 8638297.732, 87
Trd, 8638298.082, 97
Trd, 8638298.482, 106
Trd, 8638299.232, 107
Trd, 8638301.482, 98
Trd, 8638302.182, 104
Trd, 8638302.932, 77
Trd, 8638304.432, 80
Trd, 8638305.632, 114
Trd, 8638306.982, 113
Trd, 8638308.732, 118
Trd, 8638309.432, 129
Trd, 8638310.682, 113
Trd, 8638312.032, 108
Trd, 8638312.782, 96
Trd, 8638312.882, 97
Trd, 8638313.682, 95
Trd, 8638314.432, 104
Trd, 8638316.432, 97
Trd, 8638318.032, 93
Trd, 8638319.132, 90
Trd, 8638319.182, 106
Trd, 8638321.082, 91
Trd, 8638322.232, 101
Trd, 8638322.282, 102
Trd, 8638324.082, 106
Trd, 8638324.682, 95
Trd, 8638324.782, 88
Trd, 8638327.982, 90
Trd, 8638328.882, 100
Trd, 8638328.932, 105
Trd, 8638329.332, 115
Trd, 8638329.732, 91
Trd, 8638332.182, 96
Trd, 8638333.132, 109
Trd, 8638334.132, 112
Trd, 8638334.232, 98
Trd, 8638334.582, 113
Trd, 8638334.982, 96
Trd, 8638337.632, 130
Trd, 8638338.032, 122
Trd, 8638338.132, 111
Trd, 8638339.882, 98
Trd, 8638339.982, 97
Trd, 8638340.032, 137
Trd, 8638344.232, 88
Trd, 8638344.732, 102
Trd, 8638344.882, 96
Trd, 8638346.032, 90
Trd, 8638346.332, 103
Trd, 8638348.132, 87
Trd, 8638350.832, 115
Trd, 8638350.882, 113
Trd, 8638351.132, 78
Trd, 8638352.882, 98
Trd, 8638353.532, 79
Trd, 8638353.832, 111
Trd, 8638356.282, 111
Trd, 8638357.882, 140
Trd, 8638358.482, 122
Trd, 8638361.782, 95
Trd, 8638361.932, 105
Trd, 8638362.582, 95
Trd, 8638364.982, 97
Trd, 8638365.232, 113
Trd, 8638366.282, 93
Trd, 8638366.682, 90
Trd, 8638368.032, 111
Trd, 8638370.532, 96
Trd, 8638370.782, 107
Trd, 8638371.282, 88
Trd, 8638372.082, 122
Trd, 8638373.432, 88
Trd, 8638373.482, 97
Trd, 8638375.132, 106
Trd, 8638377.682, 90
Trd, 8638377.782, 111
Trd, 8638379.582, 117
Trd, 8638380.232, 111
Trd, 8638381.232, 105
Trd, 8638381.282, 104
Trd, 8638382.932, 95
Trd, 8638383.332, 104
Trd, 8638385.182, 113
Trd, 8638386.782, 113
Trd, 8638387.732, 95
Trd, 8638387.782, 98
Trd, 8638388.082, 104
Trd, 8638389.782, 117
Trd, 8638390.582, 95
Trd, 8638390.882, 96
Trd, 8638393.032, 91
Trd, 8638394.232, 110
Trd, 8638394.982, 95
Trd, 8638395.182, 113
Trd, 8638397.082, 103
Trd, 8638397.382, 89
Trd, 8638398.082, 86
Trd, 8638398.332, 95
Trd, 8638400.132, 105
Trd, 8638401.932, 104
Trd, 8638402.582, 88
Trd, 8638403.582, 121
Trd, 8638404.182, 93
Trd, 8638405.932, 114
Trd, 8638406.032, 112
Trd, 8638406.932, 136
Trd, 8638408.282, 87
Trd, 8638408.432, 83
Trd, 8638412.882, 93
Trd, 8638413.282, 86
Trd, 8638415.432, 105
Trd, 8638415.682, 85
Trd, 8638416.932, 112
Trd, 8638417.982, 116
Trd, 8638418.932, 106
Trd, 8638419.582, 104
Trd, 8638420.882, 138
Trd, 8638422.682, 109
Trd, 8638423.632, 88
Trd, 8638423.932, 100
Trd, 8638425.282, 80
Trd, 8638426.682, 111
Trd, 8638426.932, 114
Trd, 8638428.032, 90
Trd, 8638429.482, 97
Trd, 8638431.032, 113
Trd, 8638432.082, 102
Trd, 8638432.182, 95
Trd, 8638433.482, 118
Trd, 8638435.232, 95
Trd, 8638436.182, 95
Trd, 8638436.432, 94
Trd, 8638436.632, 108
Trd, 8638437.132, 90
Trd, 8638437.682, 105
Trd, 8638440.782, 95
Trd, 8638440.932, 95
Trd, 8638441.082, 108
Trd, 8638442.632, 112
Trd, 8638443.032, 122
Trd, 8638443.632, 123
Trd, 8638446.732, 95
Trd, 8638447.832, 96
Trd, 8638449.682, 98
Trd, 8638450.232, 110
Trd, 8638451.932, 113
Trd, 8638453.182, 110
Trd, 8638455.332, 93
Trd, 8638455.632, 114
Trd, 8638456.232, 97
Trd, 8638456.832, 113
Trd, 8638457.682, 93
Trd, 8638459.732, 99
Trd, 8638460.182, 90
Trd, 8638461.432, 96
Trd, 8638461.482, 90
Trd, 8638461.932, 88
Trd, 8638463.282, 96
Trd, 8638464.632, 107
Trd, 8638466.032, 112
Trd, 8638467.582, 107
Trd, 8638468.032, 94
Trd, 8638469.032, 100
Trd, 8638469.082, 96
Trd, 8638470.082, 120
Trd, 8638472.432, 98
Trd, 8638474.832, 97
Trd, 8638475.032, 113
Trd, 8638476.782, 113
Trd, 8638477.532, 106
Trd, 8638478.182, 108
Trd, 8638479.182, 112
Trd, 8638479.932, 95
Trd, 8638480.582, 115
Trd, 8638480.882, 78
Trd, 8638481.432, 69
Trd, 8638482.782, 77
Trd, 8638482.882, 121
Trd, 8638484.832, 140
Trd, 8638485.332, 113
Trd, 8638488.982, 112
Trd, 8638490.132, 87
Trd, 8638490.682, 113
Trd, 8638491.082, 113
Trd, 8638492.582, 90
Trd, 8638492.782, 88
Trd, 8638492.932, 104
Trd, 8638494.032, 108
Trd, 8638494.982, 87
Trd, 8638495.782, 115
Trd, 8638496.982, 96
Trd, 8638498.232, 105
Trd, 8638500.982, 92
Trd, 8638501.332, 96
Trd, 8638501.382, 86
Trd, 8638503.632, 121
Trd, 8638503.932, 104
Trd, 8638504.532, 86
Trd, 8638505.932, 87
Trd, 8638508.782, 106
Trd, 8638508.982, 110
Trd, 8638509.032, 88
Trd, 8638510.032, 115
Trd, 8638510.982, 90
Trd, 8638513.382, 91
Trd, 8638514.432, 94
Trd, 8638514.832, 96
Trd, 8638516.082, 90
Trd, 8638516.682, 104
Trd, 8638517.182, 116
Trd, 8638518.182, 99
Trd, 8638519.832, 97
Trd, 8638520.582, 108
Trd, 8638521.332, 96
Trd, 8638522.382, 88
Trd, 8638523.032, 114
Trd, 8638524.732, 112
Trd, 8638525.932, 106
Trd, 8638526.682, 115
Trd, 8638529.182, 96
Trd, 8638529.532, 100
Trd, 8638531.432, 97
Trd, 8638531.782, 96
Trd, 8638532.982, 109
Trd, 8638533.832, 79
Trd, 8638534.482, 95
Trd, 8638534.532, 122
Trd, 8638535.932, 82
Trd, 8638537.182, 79
Trd, 8638537.232, 109
Trd, 8638539.782, 84
Trd, 8638540.432, 113
Trd, 8638541.682, 95
Trd, 8638541.832, 117
Trd, 8638543.232, 119
Trd, 8638543.882, 81
Trd, 8638546.132, 96
Trd, 8638547.532, 86
Trd, 8638549.582, 98
Trd, 8638549.732, 106
Trd, 8638549.882, 118
Trd, 8638551.082, 90
Trd, 8638551.882, 104
Trd, 8638554.782, 105
Trd, 8638555.432, 90
Trd, 8638555.682, 112
Trd, 8638559.282, 95
Trd, 8638559.332, 99
Trd, 8638559.932, 95
Trd, 8638562.132, 113
Trd, 8638562.782, 96
Trd, 8638563.082, 104
Trd, 8638564.332, 115
Trd, 8638565.182, 110
Trd, 8638565.632, 122
Trd, 8638568.932, 91
Trd, 8638569.782, 86
Trd, 8638571.732, 91
Trd, 8638572.032, 116
Trd, 8638572.732, 98
Trd, 8638574.132, 107
Trd, 8638574.182, 91
Trd, 8638574.882, 88
Trd, 8638575.632, 98
Trd, 8638576.632, 138
Trd, 8638578.682, 86
Trd, 8638579.282, 105
Trd, 8638581.382, 94
Trd, 8638581.632, 96
Trd, 8638581.832, 79
Trd, 8638582.682, 79
Trd, 8638584.382, 122
Trd, 8638584.582, 121
Trd, 8638586.282, 107
Trd, 8638587.182, 83
Trd, 8638588.582, 106
Trd, 8638588.832, 82
Trd, 8638590.632, 104
Trd, 8638590.732, 108
Trd, 8638592.282, 92
Trd, 8638593.832, 113
Trd, 8638595.232, 99
Trd, 8638596.132, 104
Trd, 8638597.182, 95
Trd, 8638597.532, 77
Trd, 8638598.832, 110
Trd, 8638599.932, 68
Trd, 8638600.882, 76
Trd, 8638603.232, 98
Trd, 8638603.282, 101
Trd, 8638604.632, 110
Trd, 8638606.182, 96
Trd, 8638606.732, 111
Trd, 8638607.632, 113
Trd, 8638608.932, 96
Trd, 8638611.032, 98
Trd, 8638611.132, 87
Trd, 8638611.532, 104
Trd, 8638613.632, 113
Trd, 8638614.832, 95
Trd, 8638615.832, 113
Trd, 8638616.782, 113
Trd, 8638617.132, 112
Trd, 8638617.732, 104
Trd, 8638619.232, 97
Trd, 8638621.032, 103
Trd, 8638621.532, 97
Trd, 8638622.182, 108
Trd, 8638622.282, 116
Trd, 8638623.032, 140
Trd, 8638623.482, 87
Trd, 8638624.682, 81
Trd, 8638627.682, 111
Trd, 8638627.932, 99
Trd, 8638628.932, 107
Trd, 8638629.082, 98
Trd, 8638630.282, 98
Trd, 8638631.682, 95
Trd, 8638632.232, 96
Trd, 8638634.232, 108
Trd, 8638635.332, 121
Trd, 8638635.932, 99
Trd, 8638637.432, 90
Trd, 8638637.882, 113
Trd, 8638639.082, 86
Trd, 8638640.082, 97
Trd, 8638640.832, 105
Trd, 8638641.132, 78
Trd, 8638642.632, 108
Trd, 8638644.682, 96
Trd, 8638646.132, 114
Trd, 8638646.732, 85
Trd, 8638647.432, 87
Trd, 8638647.982, 95
Trd, 8638649.882, 104
Trd, 8638650.582, 104
Trd, 8638651.982, 91
Trd, 8638652.982, 96
Trd, 8638653.332, 91
Trd, 8638653.832, 104
Trd, 8638654.432, 113
Trd, 8638655.582, 77
Trd, 8638657.382, 113
Trd, 8638659.132, 95
Trd, 8638659.482, 113
Trd, 8638660.532, 113
Trd, 8638662.032, 89
Trd, 8638662.682, 120
Trd, 8638665.332, 95
Trd, 8638665.782, 112
Trd, 8638667.332, 111
Trd, 8638670.432, 101
Trd, 8638670.632, 107
Trd, 8638670.832, 110
Trd, 8638671.132, 97
Trd, 8638672.832, 98
Trd, 8638674.832, 87
Trd, 8638676.482, 115
Trd, 8638677.332, 113
Trd, 8638679.032, 102
Trd, 8638680.032, 97
Trd, 8638681.532, 97
Trd, 8638681.582, 108
Trd, 8638682.632, 86
Trd, 8638683.082, 107
Trd, 8638685.182, 113
Trd, 8638686.132, 115
Trd, 8638687.132, 105
Trd, 8638688.432, 104
Trd, 8638688.882, 95
Trd, 8638691.882, 97
Trd, 8638692.132, 106
Trd, 8638692.732, 86
Trd, 8638693.082, 105
Trd, 8638693.982, 91
Trd, 8638695.282, 102
Trd, 8638697.032, 106
Trd, 8638697.182, 107
Trd, 8638698.482, 97
Trd, 8638698.982, 95
Trd, 8638699.882, 121
Trd, 8638700.282, 89
Trd, 8638702.782, 113
Trd, 8638703.382, 96
Trd, 8638703.782, 116
Trd, 8638704.832, 86
Trd, 8638705.682, 111
Trd, 8638707.682, 82
Trd, 8638708.382, 80
Trd, 8638710.182, 98
Trd, 8638710.332, 81
Trd, 8638710.932, 100
Trd, 8638712.682, 84
Trd, 8638713.032, 104
Trd, 8638713.932, 103
Trd, 8638714.782, 122
Trd, 8638716.782, 95
Trd, 8638717.332, 140
Trd, 8638718.732, 96
Trd, 8638718.982, 95
Trd, 8638721.432, 90
Trd, 8638723.032, 114
Trd, 8638723.682, 122
Trd, 8638724.432, 91
Trd, 8638724.982, 112
Trd, 8638725.832, 104
Trd, 8638726.432, 81
Trd, 8638727.132, 128
Trd, 8638728.532, 96
Trd, 8638729.682, 82
Trd, 8638730.382, 108
Trd, 8638730.882, 85
Trd, 8638731.232, 113
Trd, 8638732.332, 114
Trd, 8638733.732, 88
Trd, 8638736.332, 98
Trd, 8638737.232, 87
Trd, 8638737.482, 117
Trd, 8638737.732, 88
Trd, 8638739.382, 111
Trd, 8638740.482, 107
Trd, 8638741.632, 105
Trd, 8638741.682, 113
Trd, 8638741.982, 104
Trd, 8638743.282, 113
Trd, 8638744.732, 81
Trd, 8638746.132, 113
Trd, 8638747.882, 105
Trd, 8638749.182, 113
Trd, 8638750.482, 97
Trd, 8638750.632, 95
Trd, 8638751.232, 104
Trd, 8638752.082, 107
Trd, 8638753.032, 96
Trd, 8638754.032, 90
Trd, 8638754.682, 115
Trd, 8638754.832, 92
Trd, 8638756.032, 122
Trd, 8638757.382, 112
Trd, 8638757.582, 95
Trd, 8638760.032, 91
Trd, 8638761.382, 106
Trd, 8638763.832, 107
Trd, 8638764.082, 92
Trd, 8638764.632, 113
Trd, 8638766.432, 102
Trd, 8638768.432, 104
Trd, 8638768.732, 96
Trd, 8638769.282, 96
Trd, 8638771.432, 97
Trd, 8638772.032, 86
Trd, 8638772.132, 101
Trd, 8638772.432, 113
Trd, 8638774.382, 75
Trd, 8638774.432, 104
Trd, 8638775.882, 111
Trd, 8638776.532, 113
Trd, 8638777.182, 78
Trd, 8638780.132, 88
Trd, 8638783.132, 107
Trd, 8638783.282, 92
Trd, 8638783.932, 94
Trd, 8638784.232, 95
Trd, 8638784.632, 93
Trd, 8638785.482, 113
Trd, 8638785.532, 86
Trd, 8638787.582, 101
Trd, 8638788.732, 85
Trd, 8638788.982, 114
Trd, 8638790.382, 93
Trd, 8638791.232, 102
Trd, 8638792.732, 103
Trd, 8638794.082, 107
Trd, 8638794.382, 98
Trd, 8638796.082, 98
Trd, 8638797.132, 121
Trd, 8638798.682, 104
Trd, 8638798.932, 122
Trd, 8638799.932, 113
Trd, 8638802.782, 108
Trd, 8638803.982, 101
Trd, 8638805.232, 87
Trd, 8638805.332, 95
Trd, 8638806.632, 105
Trd, 8638806.782, 113
Trd, 8638807.832, 114
Trd, 8638808.232, 94
Trd, 8638809.832, 113
Trd, 8638810.282, 93
Trd, 8638810.782, 116
Trd, 8638813.032, 82
Trd, 8638813.482, 108
Trd, 8638814.232, 117
Trd, 8638816.632, 90
Trd, 8638817.182, 94
Trd, 8638817.482, 95
Trd, 8638818.982, 113
Trd, 8638819.532, 90
Trd, 8638821.332, 90
Trd, 8638822.332, 112
Trd, 8638823.332, 113
Trd, 8638823.832, 81
Trd, 8638825.832, 95
Trd, 8638825.882, 80
Trd, 8638826.132, 96
Trd, 8638828.632, 113
Trd, 8638830.432, 92
Trd, 8638830.632, 105
Trd, 8638831.432, 96
Trd, 8638832.532, 90
Trd, 8638833.782, 90
Trd, 8638834.732, 108
Trd, 8638835.132, 104
Trd, 8638836.132, 122
Trd, 8638836.182, 121
Trd, 8638837.882, 96
Trd, 8638839.732, 113
Trd, 8638840.132, 114
Trd, 8638840.432, 121
Trd, 8638840.982, 107
Trd, 8638841.132, 139
Trd, 8638842.682, 113
Trd, 8638842.782, 104
Trd, 8638843.182, 86
Trd, 8638844.482, 68
Trd, 8638846.482, 77
Trd, 8638847.232, 112
Trd, 8638849.382, 114
Trd, 8638849.882, 118
Trd, 8638851.232, 112
Trd, 8638851.282, 104
Trd, 8638851.832, 122
Trd, 8638853.082, 96
Trd, 8638853.332, 95
Trd, 8638853.732, 114
Trd, 8638854.982, 95
Trd, 8638855.832, 120
Trd, 8638857.382, 112
Trd, 8638858.282, 88
Trd, 8638859.882, 112
Trd, 8638860.582, 95
Trd, 8638860.832, 114
Trd, 8638861.082, 122
Trd, 8638861.332, 94
Trd, 8638863.832, 123
Trd, 8638864.282, 122
Trd, 8638865.282, 113
Trd, 8638867.882, 125
Trd, 8638868.382, 113
Trd, 8638870.832, 115
Trd, 8638871.282, 102
Trd, 8638872.332, 94
Trd, 8638872.832, 94
Trd, 8638873.382, 116
Trd, 8638875.482, 113
Trd, 8638878.182, 114
Trd, 8638878.532, 113
Trd, 8638879.782, 121
Trd, 8638881.282, 104
Trd, 8638881.332, 86
Trd, 8638882.032, 121
Trd, 8638882.632, 79
Trd, 8638882.732, 78
Trd, 8638884.832, 104
Trd, 8638885.182, 109
Trd, 8638886.082, 78
Trd, 8638887.082, 78
Trd, 8638887.382, 120
Trd, 8638890.132, 110
Trd, 8638890.982, 113
Trd, 8638891.832, 121
Trd, 8638891.932, 120
Trd, 8638893.282, 86
Trd, 8638893.832, 113
Trd, 8638894.982, 113
Trd, 8638896.082, 85
Trd, 8638897.032, 99
Trd, 8638897.882, 88
Trd, 8638898.982, 108
Trd, 8638899.582, 112
Trd, 8638901.282, 117
Trd, 8638903.732, 99
Trd, 8638904.232, 100
Trd, 8638904.432, 109
Trd, 8638904.632, 86
Trd, 8638908.082, 96
Trd, 8638908.382, 98
Trd, 8638909.482, 95
Trd, 8638910.132, 106
Trd, 8638911.482, 113
Trd, 8638912.932, 105
Trd, 8638913.632, 104
Trd, 8638914.032, 95
Trd, 8638914.582, 114
Trd, 8638914.632, 86
Trd, 8638915.832, 105
Trd, 8638918.032, 97
Trd, 8638918.232, 99
Trd, 8638918.482, 84
Trd, 8638919.182, 84
Trd, 8638921.182, 102
Trd, 8638921.532, 104
Trd, 8638925.732, 93
Trd, 8638925.982, 92
Trd, 8638926.182, 97
Trd, 8638926.782, 108
Trd, 8638927.932, 116
Trd, 8638928.682, 112
Trd, 8638928.832, 91
Trd, 8638930.432, 115
Trd, 8638933.682, 114
Trd, 8638934.282, 113
Trd, 8638934.732, 119
Trd, 8638935.732, 138
Trd, 8638936.082, 96
Trd, 8638937.432, 97
Trd, 8638939.132, 103
Trd, 8638939.232, 91
Trd, 8638941.082, 107
Trd, 8638941.482, 88
Trd, 8638942.532, 89
Trd, 8638943.132, 114
Trd, 8638943.382, 122
Trd, 8638944.732, 113
Trd, 8638946.732, 104
Trd, 8638947.082, 113
Trd, 8638948.832, 84
Trd, 8638949.082, 84
Trd, 8638949.932, 101
Trd, 8638951.282, 121
Trd, 8638951.532, 67
Trd, 8638952.432, 104
Trd, 8638956.682, 96
Trd, 8638957.132, 92
Trd, 8638957.832, 97
Trd, 8638959.182, 97
Trd, 8638960.132, 90
Trd, 8638960.532, 89
Trd, 8638962.532, 86
Trd, 8638963.032, 103
Trd, 8638963.582, 105
Trd, 8638964.482, 112
Trd, 8638967.282, 94
Trd, 8638967.732, 95
Trd, 8638967.782, 111
Trd, 8638968.382, 91
Trd, 8638969.582, 104
Trd, 8638969.682, 92
Trd, 8638973.132, 83
Trd, 8638974.482, 94
Trd, 8638974.882, 92
Trd, 8638975.682, 96
Trd, 8638976.132, 96
Trd, 8638978.182, 106
Trd, 8638978.382, 108
Trd, 8638978.432, 89
Trd, 8638979.532, 88
Trd, 8638981.182, 96
Trd, 8638983.382, 115
Trd, 8638984.632, 106
Trd, 8638985.632, 115
Trd, 8638986.082, 113
Trd, 8638986.332, 96
Trd, 8638987.582, 116
Trd, 8638987.882, 113
Trd, 8638990.182, 113
Trd, 8638990.932, 101
Trd, 8638992.982, 111
Trd, 8638994.132, 97
Trd, 8638995.832, 96
Trd, 8638996.732, 96
Trd, 8638997.132, 103
Trd, 8638999.282, 93
Trd, 8638999.982, 104
Trd, 8639001.232, 95
Trd, 8639002.282, 94
Trd, 8639002.982, 114
Trd, 8639003.932, 109
Trd, 8639007.082, 102
Trd, 8639007.482, 109
Trd, 8639008.332, 100
Trd, 8639010.632, 113
Trd, 8639011.882, 88
Trd, 8639011.932, 119
Trd, 8639012.032, 87
Trd, 8639012.582, 86
Trd, 8639013.582, 77
Trd, 8639015.982, 107
Trd, 8639016.382, 104
Trd, 8639018.532, 113
Trd, 8639019.182, 109
Trd, 8639019.632, 86
Trd, 8639020.832, 112
Trd, 8639021.382, 83
Trd, 8639021.482, 113
Trd, 8639021.532, 114
Trd, 8639022.682, 95
Trd, 8639024.782, 87
Trd, 8639025.632, 86
Trd, 8639026.332, 128
Trd, 8639026.682, 122
Trd, 8639028.382, 122
Trd, 8639029.932, 107
Trd, 8639031.732, 120
Trd, 8639032.082, 104
Trd, 8639032.182, 95
Trd, 8639033.932, 90
Trd, 8639034.832, 102
Trd, 8639034.932, 103
Trd, 8639037.132, 92
Trd, 8639037.232, 122
Trd, 8639038.032, 104
Trd, 8639040.382, 94
Trd, 8639041.282, 97
Trd, 8639041.882, 96
Trd, 8639043.132, 120
Trd, 8639044.532, 97
Trd, 8639045.582, 105
Trd, 8639045.982, 83
Trd, 8639046.382, 116
Trd, 8639049.182, 89
Trd, 8639050.582, 107
Trd, 8639051.582, 90
Trd, 8639051.732, 106
Trd, 8639052.282, 113
Trd, 8639053.232, 96
Trd, 8639053.632, 89
Trd, 8639054.932, 97
Trd, 8639055.932, 89
Trd, 8639057.832, 111
Trd, 8639059.682, 107
Trd, 8639060.582, 106
Trd, 8639060.632, 109
Trd, 8639061.032, 114
Trd, 8639061.132, 105
Trd, 8639061.532, 104
Trd, 8639064.032, 97
Trd, 8639064.182, 122
Trd, 8639064.632, 91
Trd, 8639066.332, 102
Trd, 8639067.032, 90
Trd, 8639067.132, 111
Trd, 8639068.732, 113
Trd, 8639069.482, 95
Trd, 8639069.732, 86
Trd, 8639072.132, 102
Trd, 8639072.232, 103
Trd, 8639074.932, 122
Trd, 8639075.032, 126
Trd, 8639076.932, 94
Trd, 8639078.232, 82
Trd, 8639078.632, 85
Trd, 8639080.232, 91
Trd, 8639082.032, 95
Trd, 8639082.082, 94
Trd, 8639082.282, 114
Trd, 8639082.832, 107
Trd, 8639083.182, 108
Trd, 8639083.732, 95
Trd, 8639083.932, 122
Trd, 8639085.232, 87
Trd, 8639085.582, 122
Trd, 8639089.682, 86
Trd, 8639090.282, 93
Trd, 8639090.532, 77
Trd, 8639091.682, 96
Trd, 8639092.132, 104
Trd, 8639095.432, 95
Trd, 8639096.132, 86
Trd, 8639096.332, 107
Trd, 8639096.432, 113
Trd, 8639096.732, 86
Trd, 8639098.232, 140
Trd, 8639098.382, 112
Trd, 8639099.432, 98
Trd, 8639101.332, 114
Trd, 8639101.732, 95
Trd, 8639102.832, 101
Trd, 8639104.882, 94
Trd, 8639105.132, 95
Trd, 8639106.032, 94
Trd, 8639107.632, 95
Trd, 8639107.982, 95
Trd, 8639108.732, 115
Trd, 8639108.832, 110
Trd, 8639110.532, 88
Trd, 8639111.732, 108
Trd, 8639112.832, 118
Trd, 8639112.932, 85
Trd, 8639114.382, 109
Trd, 8639114.782, 85
Trd, 8639117.932, 111
Trd, 8639118.332, 104
Trd, 8639119.832, 116
Trd, 8639121.632, 98
Trd, 8639121.682, 105
Trd, 8639121.732, 86
Trd, 8639122.432, 89
Trd, 8639123.382, 89
Trd, 8639123.732, 88
Trd, 8639124.882, 122
Trd, 8639125.482, 120
Trd, 8639127.782, 96
Trd, 8639127.982, 97
Trd, 8639129.032, 96
Trd, 8639129.632, 107
Trd, 8639130.882, 100
Trd, 8639132.832, 97
Trd, 8639133.532, 105
Trd, 8639134.682, 89
Trd, 8639136.782, 111
Trd, 8639137.382, 89
Trd, 8639138.532, 100
Trd, 8639138.932, 90
Trd, 8639138.982, 106
Trd, 8639140.782, 105
Trd, 8639143.382, 90
Trd, 8639144.382, 87
Trd, 8639144.732, 86
Trd, 8639146.132, 97
Trd, 8639146.782, 97
Trd, 8639148.232, 106
Trd, 8639149.332, 87
Trd, 8639149.832, 112
Trd, 8639150.432, 88
Trd, 8639152.632, 98
Trd, 8639152.982, 104
Trd, 8639154.032, 84
Trd, 8639155.632, 99
Trd, 8639155.782, 86
Trd, 8639157.182, 101
Trd, 8639158.232, 81
Trd, 8639159.582, 109
Trd, 8639159.782, 114
Trd, 8639159.832, 122
Trd, 8639163.132, 85
Trd, 8639163.332, 84
Trd, 8639164.332, 95
Trd, 8639164.682, 121
Trd, 8639165.182, 86
Trd, 8639165.632, 99
Trd, 8639168.082, 105
Trd, 8639169.332, 93
Trd, 8639170.582, 89
Trd, 8639172.982, 99
Trd, 8639173.332, 108
Trd, 8639173.482, 112
Trd, 8639175.382, 85
Trd, 8639177.132, 87
Trd, 8639177.732, 97
Trd, 8639178.132, 99
Trd, 8639180.332, 98
Trd, 8639180.682, 95
Trd, 8639181.732, 94
Trd, 8639182.982, 101
Trd, 8639183.482, 107
Trd, 8639183.682, 117
Trd, 8639184.932, 113
Trd, 8639185.982, 96
Trd, 8639187.032, 97
Trd, 8639187.432, 86
Trd, 8639188.632, 106
Trd, 8639188.682, 122
Trd, 8639189.032, 78
Trd, 8639190.382, 106
Trd, 8639192.682, 84
Trd, 8639192.882, 90
Trd, 8639195.182, 95
Trd, 8639196.632, 113
Trd, 8639196.882, 89
Trd, 8639197.382, 88
Trd, 8639199.082, 92
Trd, 8639199.932, 88
Trd, 8639200.332, 87
Trd, 8639200.732, 104
Trd, 8639203.132, 102
Trd, 8639203.532, 116
Trd, 8639204.882, 102
Trd, 8639206.032, 90
Trd, 8639206.482, 96
Trd, 8639206.982, 105
Trd, 8639208.832, 95
Trd, 8639209.832, 113
Trd, 8639210.532, 85
Trd, 8639211.132, 121
Trd, 8639212.082, 87
Trd, 8639214.182, 103
Trd, 8639214.232, 86
Trd, 8639214.882, 109
Trd, 8639216.832, 81
Trd, 8639218.332, 105
Trd, 8639219.132, 83
Trd, 8639221.032, 101
Trd, 8639221.132, 117
Trd, 8639221.832, 122
Trd, 8639223.432, 85
Trd, 8639225.082, 75
Trd, 8639225.332, 93
Trd, 8639227.282, 80
Trd, 8639229.482, 96
Trd, 8639229.682, 80
Trd, 8639230.532, 99
Trd, 8639231.632, 86
Trd, 8639234.282, 95
Trd, 8639234.682, 83
Trd, 8639236.532, 82
Trd, 8639237.032, 97
Trd, 8639237.382, 106
Trd, 8639238.782, 100
Trd, 8639240.282, 101
Trd, 8639241.382, 95
Trd, 8639241.632, 110
Trd, 8639242.082, 96
Trd, 8639244.282, 98
Trd, 8639247.032, 101
Trd, 8639247.482, 93
Trd, 8639248.532, 81
Trd, 8639248.932, 117
Trd, 8639249.982, 85
Trd, 8639250.732, 85
Trd, 8639251.182, 92
Trd, 8639252.982, 97
Trd, 8639254.382, 113
Trd, 8639254.482, 117
Trd, 8639254.632, 112
Trd, 8639255.632, 122
Trd, 8639256.132, 87
Trd, 8639261.432, 103
Trd, 8639262.132, 100
Trd, 8639262.432, 104
Trd, 8639264.432, 102
Trd, 8639265.182, 112
Trd, 8639265.432, 90
Trd, 8639266.432, 114
Trd, 8639266.682, 90
Trd, 8639267.082, 122
Trd, 8639270.332, 90
Trd, 8639270.682, 97
Trd, 8639272.832, 92
Trd, 8639273.832, 97
Trd, 8639274.432, 98
Trd, 8639275.232, 107
Trd, 8639275.782, 97
Trd, 8639276.732, 115
Trd, 8639277.682, 113
Trd, 8639278.732, 104
Trd, 8639281.082, 121
Trd, 8639282.232, 129
Trd, 8639282.432, 111
Trd, 8639283.582, 111
Trd, 8639285.732, 99
Trd, 8639286.882, 101
Trd, 8639287.532, 113
Trd, 8639287.732, 113
Trd, 8639287.782, 95
Trd, 8639289.282, 120
Trd, 8639291.532, 84
Trd, 8639291.832, 95
Trd, 8639292.882, 107
Trd, 8639293.882, 85
Trd, 8639295.582, 115
Trd, 8639295.632, 113
Trd, 8639295.732, 85
Trd, 8639295.782, 116
Trd, 8639299.232, 115
Trd, 8639299.332, 113
Trd, 8639300.732, 95
Trd, 8639301.932, 95
Trd, 8639302.182, 108
Trd, 8639302.232, 97
Trd, 8639303.282, 97
Trd, 8639304.782, 104
Trd, 8639305.632, 78
Trd, 8639306.332, 98
Trd, 8639306.782, 79
Trd, 8639307.282, 105
Trd, 8639308.432, 104
Trd, 8639311.082, 84
Trd, 8639311.732, 112
Trd, 8639312.432, 118
Trd, 8639313.432, 113
Trd, 8639315.482, 97
Trd, 8639315.532, 96
Trd, 8639317.632, 104
Trd, 8639318.932, 111
Trd, 8639319.332, 92
Trd, 8639321.582, 114
Trd, 8639321.832, 113
Trd, 8639322.082, 133
Trd, 8639322.132, 104
Trd, 8639325.282, 95
Trd, 8639325.982, 106
Trd, 8639327.432, 105
Trd, 8639328.782, 113
Trd, 8639329.582, 104
Trd, 8639330.882, 97
Trd, 8639332.282, 101
Trd, 8639332.532, 95
Trd, 8639334.532, 99
Trd, 8639335.332, 93
Trd, 8639336.432, 112
Trd, 8639338.782, 100
Trd, 8639338.932, 112
Trd, 8639339.182, 114
Trd, 8639340.882, 95
Trd, 8639341.932, 113
Trd, 8639342.082, 120
Trd, 8639343.682, 91
Trd, 8639343.982, 97
Trd, 8639344.332, 91
Trd, 8639345.282, 93
Trd, 8639346.632, 104
Trd, 8639346.682, 114
Trd, 8639348.632, 92
Trd, 8639349.982, 96
Trd, 8639351.232, 95
Trd, 8639351.482, 105
Trd, 8639352.832, 118
Trd, 8639355.082, 88
Trd, 8639356.882, 97
Trd, 8639358.732, 93
Trd, 8639359.282, 92
Trd, 8639359.332, 95
Trd, 8639359.582, 110
Trd, 8639360.932, 88
Trd, 8639361.582, 111
Trd, 8639361.832, 86
Trd, 8639362.182, 115
Trd, 8639364.432, 106
Trd, 8639364.782, 83
Trd, 8639365.182, 103
Trd, 8639365.882, 81
Trd, 8639367.682, 107
Trd, 8639368.132, 82
Trd, 8639369.782, 112
Trd, 8639370.332, 79
Trd, 8639371.532, 103
Trd, 8639373.232, 113
Trd, 8639375.182, 103
Trd, 8639376.582, 113
Trd, 8639377.032, 102
Trd, 8639378.132, 114
Trd, 8639379.682, 119
Trd, 8639380.682, 112
Trd, 8639381.482, 104
Trd, 8639382.882, 97
Trd, 8639384.732, 115
Trd, 8639385.332, 97
Trd, 8639386.332, 119
Trd, 8639387.082, 97
Trd, 8639387.232, 120
Trd, 8639389.182, 119
Trd, 8639390.432, 112
Trd, 8639391.082, 116
Trd, 8639392.232, 98
Trd, 8639393.532, 114
Trd, 8639394.382, 118
Trd, 8639394.482, 113
Trd, 8639396.982, 107
Trd, 8639397.282, 104
Trd, 8639397.782, 95
Trd, 8639398.532, 116
Trd, 8639401.432, 93
Trd, 8639403.332, 96
Trd, 8639404.282, 95
Trd, 8639404.732, 102
Trd, 8639405.832, 113
Trd, 8639407.232, 77
Trd, 8639407.732, 69
Trd, 8639407.832, 98
Trd, 8639409.382, 94
Trd, 8639410.082, 98
Trd, 8639411.382, 113
Trd, 8639413.382, 118
Trd, 8639413.882, 95
Trd, 8639415.282, 121
Trd, 8639415.882, 91
Trd, 8639416.582, 87
Trd, 8639416.832, 86
Trd, 8639416.982, 94
Trd, 8639417.782, 97
Trd, 8639420.632, 138
Trd, 8639423.382, 99
Trd, 8639424.482, 103
Trd, 8639424.582, 98
Trd, 8639425.282, 95
Trd, 8639425.432, 122
Trd, 8639426.182, 87
Trd, 8639427.082, 86
Trd, 8639430.732, 95
Trd, 8639431.532, 97
Trd, 8639431.882, 122
Trd, 8639432.332, 118
Trd, 8639434.682, 93
Trd, 8639436.332, 119
Trd, 8639436.482, 94
Trd, 8639436.982, 109
Trd, 8639437.432, 93
Trd, 8639439.532, 87
Trd, 8639440.532, 99
Trd, 8639441.732, 100
Trd, 8639441.782, 104
Trd, 8639443.032, 104
Trd, 8639444.382, 95
Trd, 8639446.032, 95
Trd, 8639447.182, 95
Trd, 8639447.232, 115
Trd, 8639447.732, 105
Trd, 8639448.832, 88
Trd, 8639449.332, 118
Trd, 8639451.332, 91
Trd, 8639452.282, 95
Trd, 8639452.332, 92
Trd, 8639453.182, 99
Trd, 8639455.982, 87
Trd, 8639457.282, 95
Trd, 8639458.032, 92
Trd, 8639459.232, 96
Trd, 8639460.382, 100
Trd, 8639461.782, 94
Trd, 8639462.132, 98
Trd, 8639462.632, 109
Trd, 8639462.932, 94
Trd, 8639466.482, 111
Trd, 8639466.632, 91
Trd, 8639470.232, 105
Trd, 8639470.832, 105
Trd, 8639471.032, 97
Trd, 8639472.382, 111
Trd, 8639473.832, 98
Trd, 8639475.182, 108
Trd, 8639475.782, 86
Trd, 8639476.082, 113
Trd, 8639476.982, 113
Trd, 8639478.332, 111
Trd, 8639480.082, 110
Trd, 8639481.682, 97
Trd, 8639483.432, 96
Trd, 8639484.182, 88
Trd, 8639484.582, 113
Trd, 8639485.132, 113
Trd, 8639485.832, 91
Trd, 8639488.082, 77
Trd, 8639488.782, 113
Trd, 8639489.382, 111
Trd, 8639489.632, 110
Trd, 8639491.082, 87
Trd, 8639491.282, 86
Trd, 8639492.282, 122
Trd, 8639492.482, 98
Trd, 8639492.632, 80
Trd, 8639494.182, 113
Trd, 8639495.932, 113
Trd, 8639496.882, 105
Trd, 8639497.132, 86
Trd, 8639499.482, 82
Trd, 8639500.632, 95
Trd, 8639501.382, 95
Trd, 8639501.482, 84
Trd, 8639501.782, 120
Trd, 8639503.482, 113
Trd, 8639504.232, 82
Trd, 8639505.932, 109
Trd, 8639507.032, 122
Trd, 8639507.582, 122
Trd, 8639508.282, 91
Trd, 8639510.132, 92
Trd, 8639511.382, 98
Trd, 8639511.532, 90
Trd, 8639511.882, 104
Trd, 8639514.032, 95
Trd, 8639515.282, 106
Trd, 8639516.132, 113
Trd, 8639517.332, 116
Trd, 8639517.982, 89
Trd, 8639518.332, 118
Trd, 8639519.282, 97
Trd, 8639521.882, 105
Trd, 8639522.332, 101
Trd, 8639525.282, 97
Trd, 8639525.932, 96
Trd, 8639526.732, 86
Trd, 8639527.132, 106
Trd, 8639530.082, 85
Trd, 8639530.732, 101
Trd, 8639531.082, 83
Trd, 8639532.482, 98
Trd, 8639533.932, 107
Trd, 8639535.932, 102
Trd, 8639535.982, 97
Trd, 8639536.632, 95
Trd, 8639537.632, 109
Trd, 8639538.482, 114
Trd, 8639539.282, 115
Trd, 8639539.382, 113
Trd, 8639542.732, 92
Trd, 8639542.932, 77
Trd, 8639544.232, 100
Trd, 8639545.032, 103
Trd, 8639546.782, 118
Trd, 8639549.232, 82
Trd, 8639549.732, 99
Trd, 8639550.232, 82
Trd, 8639550.532, 112
Trd, 8639554.632, 113
Trd, 8639555.182, 120
Trd, 8639555.732, 94
Trd, 8639557.182, 96
Trd, 8639557.332, 97
Trd, 8639559.632, 113
Trd, 8639560.282, 104
Trd, 8639560.632, 95
Trd, 8639560.932, 122
Trd, 8639562.382, 102
Trd, 8639563.982, 103
Trd, 8639565.932, 94
Trd, 8639566.332, 107
Trd, 8639568.632, 113
Trd, 8639568.732, 94
Trd, 8639569.482, 121
Trd, 8639570.482, 91
Trd, 8639571.532, 92
Trd, 8639573.082, 86
Trd, 8639574.282, 101
Trd, 8639574.832, 113
Trd, 8639575.132, 80
Trd, 8639577.032, 118
Trd, 8639577.482, 113
Trd, 8639577.882, 113
Trd, 8639578.382, 92
Trd, 8639580.332, 96
Trd, 8639582.932, 113
Trd, 8639583.632, 114
Trd, 8639583.682, 113
Trd, 8639583.732, 95
Trd, 8639585.382, 80
Trd, 8639587.232, 106
Trd, 8639587.532, 85
Trd, 8639588.832, 87
Trd, 8639589.432, 105
Trd, 8639590.282, 121
Trd, 8639591.932, 96
Trd, 8639592.582, 121
Trd, 8639594.282, 92
Trd, 8639594.832, 106
Trd, 8639596.132, 94
Trd, 8639596.682, 101
Trd, 8639597.532, 115
Trd, 8639599.232, 102
Trd, 8639599.532, 101
Trd, 8639601.332, 87
Trd, 8639601.732, 104
Trd, 8639602.532, 89
Trd, 8639603.482, 95
Trd, 8639603.582, 79
Trd, 8639605.782, 112
Trd, 8639607.432, 113
Trd, 8639608.182, 113
Trd, 8639608.332, 95
Trd, 8639609.532, 115
Trd, 8639611.182, 113
Trd, 8639612.482, 113
Trd, 8639614.382, 95
Trd, 8639615.082, 96
Trd, 8639615.982, 105
Trd, 8639616.632, 112
Trd, 8639616.982, 96
Trd, 8639617.682, 97
Trd, 8639618.232, 114
Trd, 8639618.282, 115
Trd, 8639619.182, 95
Trd, 8639621.632, 107
Trd, 8639623.182, 97
Trd, 8639623.582, 95
Trd, 8639624.432, 112
Trd, 8639625.282, 113
Trd, 8639626.332, 96
Trd, 8639627.232, 116
Trd, 8639627.432, 117
Trd, 8639629.432, 106
Trd, 8639630.232, 89
Trd, 8639632.432, 97
Trd, 8639632.532, 91
Trd, 8639632.682, 115
Trd, 8639632.882, 90
Trd, 8639634.832, 94
Trd, 8639636.332, 97
Trd, 8639637.782, 88
Trd, 8639638.082, 98
Trd, 8639638.832, 88
Trd, 8639640.432, 76
Trd, 8639641.032, 107
Trd, 8639641.182, 115
Trd, 8639643.282, 79
Trd, 8639643.382, 99
Trd, 8639644.282, 113
Trd, 8639645.582, 100
Trd, 8639648.032, 103
Trd, 8639648.582, 95
Trd, 8639649.182, 96
Trd, 8639649.232, 104
Trd, 8639649.632, 114
Trd, 8639652.882, 104
Trd, 8639653.082, 105
Trd, 8639653.782, 96
Trd, 8639654.032, 114
Trd, 8639654.732, 113
Trd, 8639656.182, 108
Trd, 8639658.932, 100
Trd, 8639660.832, 95
Trd, 8639661.632, 113
Trd, 8639663.032, 85
Trd, 8639663.782, 115
Trd, 8639663.982, 114
Trd, 8639666.182, 114
Trd, 8639666.232, 113
Trd, 8639667.782, 97
Trd, 8639668.032, 122
Trd, 8639670.982, 127
Trd, 8639671.282, 122
Trd, 8639671.932, 105
Trd, 8639673.182, 113
Trd, 8639673.232, 86
Trd, 8639673.932, 78
Trd, 8639675.082, 82
Trd, 8639676.482, 110
Trd, 8639676.882, 113
Trd, 8639678.132, 101
Trd, 8639678.682, 85
Trd, 8639681.332, 95
Trd, 8639681.932, 105
Trd, 8639683.182, 109
Trd, 8639684.832, 105
Trd, 8639685.732, 94
Trd, 8639687.582, 103
Trd, 8639687.982, 89
Trd, 8639688.332, 104
Trd, 8639690.032, 106
Trd, 8639690.332, 114
Trd, 8639692.882, 101
Trd, 8639692.932, 96
Trd, 8639693.332, 96
Trd, 8639694.232, 95
Trd, 8639694.732, 109
Trd, 8639696.882, 111
Trd, 8639697.782, 95
Trd, 8639697.882, 116
Trd, 8639699.932, 80
Trd, 8639700.182, 95
Trd, 8639700.732, 111
Trd, 8639701.232, 87
Trd, 8639704.532, 121
Trd, 8639704.632, 99
Trd, 8639707.332, 113
Trd, 8639707.782, 104
Trd, 8639707.882, 78
Trd, 8639709.482, 78
Trd, 8639710.882, 83
Trd, 8639712.182, 97
Trd, 8639714.232, 122
Trd, 8639714.582, 121
Trd, 8639715.082, 104
Trd, 8639716.432, 89
Trd, 8639716.732, 111
Trd, 8639717.332, 113
Trd, 8639717.632, 88
Trd, 8639719.432, 114
Trd, 8639721.332, 96
Trd, 8639721.482, 108
Trd, 8639723.882, 96
Trd, 8639723.932, 111
Trd, 8639724.632, 97
Trd, 8639725.632, 114
Trd, 8639726.032, 113
Trd, 8639727.732, 134
Trd, 8639728.532, 96
Trd, 8639728.782, 95
Trd, 8639730.182, 112
Trd, 8639730.982, 82
Trd, 8639731.732, 106
Trd, 8639732.482, 122
Trd, 8639735.232, 106
Trd, 8639735.682, 95
Trd, 8639735.782, 112
Trd, 8639737.432, 113
Trd, 8639738.382, 88
Trd, 8639739.132, 101
Trd, 8639739.982, 77
Trd, 8639741.032, 107
Trd, 8639743.082, 113
Trd, 8639743.632, 96
Trd, 8639743.682, 115
Trd, 8639744.782, 111
Trd, 8639745.082, 122
Trd, 8639747.382, 99
Trd, 8639747.482, 95
Trd, 8639747.782, 86
Trd, 8639749.482, 115
Trd, 8639750.832, 84
Trd, 8639753.182, 121
Trd, 8639753.332, 126
Trd, 8639753.882, 113
Trd, 8639754.432, 104
Trd, 8639754.982, 104
Trd, 8639756.882, 104
Trd, 8639758.382, 81
Trd, 8639758.782, 95
Trd, 8639759.082, 116
Trd, 8639760.082, 84
Trd, 8639760.832, 122
Trd, 8639761.132, 120
Trd, 8639762.182, 103
Trd, 8639762.632, 86
Trd, 8639764.982, 96
Trd, 8639767.982, 92
Trd, 8639768.532, 100
Trd, 8639768.832, 114
Trd, 8639769.582, 104
Trd, 8639769.932, 90
Trd, 8639771.932, 96
Trd, 8639772.382, 113
Trd, 8639772.632, 94
Trd, 8639774.332, 86
Trd, 8639776.332, 105
Trd, 8639777.432, 109
Trd, 8639778.832, 86
Trd, 8639779.582, 87
Trd, 8639780.732, 106
Trd, 8639782.032, 89
Trd, 8639782.482, 116
Trd, 8639783.882, 104
Trd, 8639784.732, 97
Trd, 8639784.782, 91
Trd, 8639786.282, 135
Trd, 8639786.732, 95
Trd, 8639787.982, 107
Trd, 8639788.432, 95
Trd, 8639789.032, 86
Trd, 8639791.132, 95
Trd, 8639792.332, 86
Trd, 8639792.882, 86
Trd, 8639793.282, 96
Trd, 8639794.082, 109
Trd, 8639795.132, 120
Trd, 8639796.432, 87
Trd, 8639796.732, 104
Trd, 8639798.432, 77
Trd, 8639800.782, 77
Trd, 8639801.032, 109
Trd, 8639802.732, 120
Trd, 8639804.232, 120
Trd, 8639806.032, 108
Trd, 8639806.132, 90
Trd, 8639806.582, 97
Trd, 8639807.682, 113
Trd, 8639809.482, 96
Trd, 8639811.032, 97
Trd, 8639811.382, 95
Trd, 8639812.482, 108
Trd, 8639813.282, 87
Trd, 8639814.432, 101
Trd, 8639815.682, 106
Trd, 8639816.132, 86
Trd, 8639816.632, 116
Trd, 8639817.632, 86
Trd, 8639819.032, 97
Trd, 8639819.382, 122
Trd, 8639819.982, 87
Trd, 8639821.082, 102
Trd, 8639822.082, 96
Trd, 8639822.132, 112
Trd, 8639824.782, 91
Trd, 8639824.882, 91
Trd, 8639826.032, 113
Trd, 8639827.132, 101
Trd, 8639828.082, 95
Trd, 8639828.382, 122
Trd, 8639829.532, 118
Trd, 8639830.632, 86
Trd, 8639831.982, 96
Trd, 8639833.532, 81
Trd, 8639834.382, 102
Trd, 8639835.532, 107
Trd, 8639835.932, 105
Trd, 8639837.632, 114
Trd, 8639839.032, 113
Trd, 8639839.282, 104
Trd, 8639839.932, 113
Trd, 8639841.482, 86
Trd, 8639842.432, 85
Trd, 8639844.582, 98
Trd, 8639845.032, 101
Trd, 8639846.882, 119
Trd, 8639847.432, 112
Trd, 8639848.032, 88
Trd, 8639849.432, 109
Trd, 8639851.082, 96
Trd, 8639851.382, 117
Trd, 8639853.082, 119
Trd, 8639853.482, 97
Trd, 8639854.282, 104
Trd, 8639855.432, 91
Trd, 8639857.932, 90
Trd, 8639858.432, 96
Trd, 8639858.632, 104
Trd, 8639859.682, 118
Trd, 8639859.832, 87
Trd, 8639863.332, 109
Trd, 8639864.432, 101
Trd, 8639865.032, 102
Trd, 8639865.082, 89
Trd, 8639866.732, 116
Trd, 8639867.032, 120
Trd, 8639867.382, 89
Trd, 8639870.682, 93
Trd, 8639870.782, 89
Trd, 8639872.482, 95
Trd, 8639872.982, 95
Trd, 8639874.082, 78
Trd, 8639874.432, 111
Trd, 8639876.882, 78
Trd, 8639878.382, 112
Trd, 8639878.982, 104
Trd, 8639879.082, 117
Trd, 8639880.882, 133
Trd, 8639881.432, 89
Trd, 8639881.482, 87
Trd, 8639882.282, 110
Trd, 8639882.932, 101
Trd, 8639885.332, 88
Trd, 8639886.882, 108
Trd, 8639887.532, 103
Trd, 8639887.832, 95
Trd, 8639888.082, 104
Trd, 8639889.932, 96
Trd, 8639890.582, 114
Trd, 8639891.232, 104
Trd, 8639893.332, 98
Trd, 8639894.782, 87
Trd, 8639896.382, 98
Trd, 8639897.632, 106
Trd, 8639897.782, 114
Trd, 8639898.382, 93
Trd, 8639899.832, 93
Trd, 8639900.332, 122
Trd, 8639900.732, 122
Trd, 8639902.532, 122
Trd, 8639903.632, 110
Trd, 8639905.982, 101
Trd, 8639906.482, 101
Trd, 8639907.932, 104
Trd, 8639909.432, 104
Trd, 8639909.832, 87
Trd, 8639910.432, 97
Trd, 8639911.782, 122
Trd, 8639914.182, 103
Trd, 8639914.432, 97
Trd, 8639915.582, 86
Trd, 8639916.482, 81
Trd, 8639917.482, 107
Trd, 8639918.482, 95
Trd, 8639920.632, 95
Trd, 8639921.282, 112
Trd, 8639922.332, 95
Trd, 8639923.032, 115
Trd, 8639924.982, 101
Trd, 8639925.882, 101
Trd, 8639926.182, 101
Trd, 8639928.332, 113
Trd, 8639928.432, 95
Trd, 8639928.532, 115
Trd, 8639929.982, 91
Trd, 8639931.432, 99
Trd, 8639932.982, 120
Trd, 8639934.132, 105
Trd, 8639934.832, 113
Trd, 8639934.882, 104
Trd, 8639936.382, 98
Trd, 8639936.932, 95
Trd, 8639937.432, 96
Trd, 8639937.982, 104
Trd, 8639938.682, 137
Trd, 8639939.382, 91
Trd, 8639939.532, 86
Trd, 8639941.532, 73
Trd, 8639942.332, 114
Trd, 8639945.932, 83
Trd, 8639946.082, 97
Trd, 8639946.382, 98
Trd, 8639948.832, 102
Trd, 8639949.532, 95
Trd, 8639950.282, 94
Trd, 8639950.782, 93
Trd, 8639951.782, 112
Trd, 8639952.182, 113
Trd, 8639952.932, 104
Trd, 8639953.482, 131
Trd, 8639954.232, 78
Trd, 8639954.582, 101
Trd, 8639955.982, 133
Trd, 8639957.982, 110
Trd, 8639959.832, 112
Trd, 8639960.732, 93
Trd, 8639961.282, 85
Trd, 8639962.182, 87
Trd, 8639963.582, 98
Trd, 8639964.082, 86
Trd, 8639965.082, 104
Trd, 8639965.432, 115
Trd, 8639966.882, 110
Trd, 8639968.682, 98
Trd, 8639968.932, 95
Trd, 8639970.732, 98
Trd, 8639971.182, 121
Trd, 8639972.532, 89
Trd, 8639974.432, 104
Trd, 8639975.532, 97
Trd, 8639976.532, 113
Trd, 8639977.232, 109
Trd, 8639979.332, 89
Trd, 8639982.332, 96
Trd, 8639982.532, 95
Trd, 8639983.032, 106
Trd, 8639983.232, 112
Trd, 8639984.282, 70
Trd, 8639986.082, 104
Trd, 8639987.282, 122
Trd, 8639987.482, 114
Trd, 8639988.232, 113
Trd, 8639989.332, 80
Trd, 8639990.082, 86
Trd, 8639993.082, 88
Trd, 8639993.432, 85
Trd, 8639995.182, 106
Trd, 8639995.232, 116
Trd, 8639995.932, 100
Trd, 8639996.282, 79
Trd, 8639998.532, 92
