Trd, 8638029.682, 86
Trd, 8638029.782, 95
Trd, 8638031.232, 91
Trd, 8638031.982, 90
Trd, 8638033.532, 86
Trd, 8638034.232, 78
Trd, 8638034.982, 110
Trd, 8638035.382, 112
Trd, 8638036.032, 73
Trd, 8638036.382, 118
Trd, 8638038.932, 89
Trd, 8638039.282, 78
Trd, 8638039.932, 104
Trd, 8638040.882, 82
Trd, 8638041.682, 86
Trd, 8638043.882, 82
Trd, 8638044.482, 87
Trd, 8638044.982, 121
Trd, 8638045.132, 87
Trd, 8638045.582, 122
Trd, 8638047.282, 89
Trd, 8638048.132, 113
Trd, 8638049.882, 87
Trd, 8638050.032, 86
Trd, 8638050.582, 95
Trd, 8638051.082, 104
Trd, 8638051.582, 90
Trd, 8638052.332, 118
Trd, 8638053.682, 122
Trd, 8638054.132, 92
Trd, 8638054.332, 119
Trd, 8638055.082, 86
Trd, 8638059.482, 79
Trd, 8638059.632, 81
Trd, 8638060.732, 82
Trd, 8638060.882, 89
Trd, 8638062.282, 84
Trd, 8638062.882, 111
Trd, 8638063.432, 86
Trd, 8638064.282, 116
Trd, 8638064.482, 113
Trd, 8638065.682, 78
Trd, 8638066.032, 121
Trd, 8638067.832, 82
Trd, 8638068.982, 88
Trd, 8638069.632, 85
Trd, 8638070.032, 87
Trd, 8638070.182, 113
Trd, 8638070.882, 86
Trd, 8638072.732, 109
Trd, 8638072.782, 112
Trd, 8638076.582, 81
Trd, 8638077.132, 82
Trd, 8638077.582, 83
Trd, 8638077.782, 87
Trd, 8638079.382, 80
Trd, 8638080.332, 83
Trd, 8638080.782, 104
Trd, 8638081.432, 82
Trd, 8638083.882, 84
Trd, 8638083.932, 95
Trd, 8638085.332, 96
Trd, 8638085.682, 74
Trd, 8638087.182, 104
Trd, 8638087.582, 79
Trd, 8638088.232, 81
Trd, 8638088.632, 112
Trd, 8638090.082, 86
Trd, 8638090.532, 112
Trd, 8638090.932, 86
Trd, 8638091.982, 113
Trd, 8638093.082, 87
Trd, 8638094.032, 90
Trd, 8638095.332, 91
Trd, 8638095.732, 104
Trd, 8638096.432, 90
Trd, 8638097.982, 113
Trd, 8638098.582, 92
Trd, 8638099.832, 86
Trd, 8638100.032, 114
Trd, 8638101.582, 122
Trd, 8638102.682, 82
Trd, 8638102.982, 86
Trd, 8638103.182, 81
Trd, 8638104.382, 122
Trd, 8638105.132, 78
Trd, 8638105.332, 79
Trd, 8638107.732, 83
Trd, 8638108.432, 104
Trd, 8638109.132, 88
Trd, 8638109.182, 86
Trd, 8638109.732, 114
Trd, 8638110.432, 85
Trd, 8638111.232, 122
Trd, 8638111.432, 84
Trd, 8638112.882, 117
Trd, 8638114.532, 107
Trd, 8638116.732, 104
Trd, 8638116.882, 109
Trd, 8638117.232, 110
Trd, 8638117.982, 98
Trd, 8638119.532, 108
Trd, 8638120.432, 95
Trd, 8638121.082, 105
Trd, 8638121.632, 131
Trd, 8638122.532, 92
Trd, 8638122.632, 91
Trd, 8638123.132, 77
Trd, 8638123.382, 122
Trd, 8638125.732, 81
Trd, 8638127.482, 86
Trd, 8638128.282, 95
Trd, 8638129.432, 104
Trd, 8638129.532, 93
Trd, 8638130.482, 94
Trd, 8638131.132, 94
Trd, 8638131.432, 115
Trd, 8638133.182, 130
Trd, 8638133.332, 104
Trd, 8638133.932, 120
Trd, 8638134.632, 87
Trd, 8638135.482, 119
Trd, 8638136.632, 87
Trd, 8638137.932, 78
Trd, 8638139.032, 80
Trd, 8638140.282, 114
Trd, 8638141.432, 83
Trd, 8638141.582, 82
Trd, 8638142.132, 86
Trd, 8638143.782, 95
Trd, 8638143.982, 104
Trd, 8638145.582, 87
Trd, 8638146.332, 119
Trd, 8638147.282, 90
Trd, 8638148.482, 114
Trd, 8638148.532, 91
Trd, 8638148.982, 86
Trd, 8638150.832, 92
Trd, 8638152.032, 95
Trd, 8638152.932, 85
Trd, 8638153.632, 85
Trd, 8638153.682, 104
Trd, 8638154.082, 85
Trd, 8638154.932, 84
Trd, 8638155.082, 113
Trd, 8638157.332, 69
Trd, 8638158.482, 86
Trd, 8638158.582, 71
Trd, 8638160.532, 82
Trd, 8638161.332, 87
Trd, 8638161.532, 86
Trd, 8638162.682, 109
Trd, 8638163.282, 122
Trd, 8638163.332, 87
Trd, 8638165.932, 88
Trd, 8638166.382, 72
Trd, 8638168.332, 95
Trd, 8638169.232, 79
Trd, 8638169.882, 103
Trd, 8638171.082, 78
Trd, 8638171.282, 102
Trd, 8638171.582, 77
Trd, 8638175.482, 81
Trd, 8638175.582, 104
Trd, 8638176.432, 77
Trd, 8638176.732, 113
Trd, 8638178.632, 90
Trd, 8638179.132, 95
Trd, 8638179.482, 118
Trd, 8638180.182, 82
Trd, 8638180.882, 78
Trd, 8638183.732, 86
Trd, 8638184.382, 69
Trd, 8638185.982, 72
Trd, 8638186.432, 82
Trd, 8638186.632, 95
Trd, 8638187.232, 104
Trd, 8638187.982, 75
Trd, 8638189.232, 95
Trd, 8638191.332, 83
Trd, 8638191.432, 88
Trd, 8638191.482, 95
Trd, 8638193.432, 82
Trd, 8638193.632, 81
Trd, 8638194.632, 90
Trd, 8638197.182, 87
Trd, 8638197.282, 86
Trd, 8638197.482, 114
Trd, 8638197.982, 118
Trd, 8638198.682, 87
Trd, 8638199.482, 115
Trd, 8638200.482, 113
Trd, 8638200.932, 118
Trd, 8638202.482, 86
Trd, 8638202.582, 84
Trd, 8638202.782, 82
Trd, 8638204.232, 78
Trd, 8638205.482, 121
Trd, 8638206.082, 74
Trd, 8638208.482, 80
Trd, 8638208.732, 86
Trd, 8638209.332, 78
Trd, 8638211.632, 100
Trd, 8638212.132, 84
Trd, 8638213.032, 91
Trd, 8638213.432, 104
Trd, 8638214.132, 80
Trd, 8638216.082, 79
Trd, 8638217.232, 95
Trd, 8638217.382, 97
Trd, 8638219.282, 84
Trd, 8638220.582, 86
Trd, 8638220.782, 104
Trd, 8638221.032, 122
Trd, 8638221.332, 121
Trd, 8638222.532, 89
Trd, 8638222.632, 122
Trd, 8638224.982, 94
Trd, 8638225.482, 88
Trd, 8638225.982, 107
Trd, 8638226.182, 86
Trd, 8638226.682, 107
Trd, 8638227.132, 113
Trd, 8638227.332, 79
Trd, 8638228.532, 77
Trd, 8638229.482, 79
Trd, 8638232.532, 90
Trd, 8638233.032, 95
Trd, 8638233.832, 81
Trd, 8638234.232, 114
Trd, 8638234.432, 82
Trd, 8638235.782, 119
Trd, 8638236.732, 71
Trd, 8638237.182, 72
Trd, 8638237.782, 122
Trd, 8638237.932, 128
Trd, 8638239.232, 74
Trd, 8638240.782, 86
Trd, 8638242.282, 85
Trd, 8638242.732, 81
Trd, 8638243.832, 113
Trd, 8638244.332, 111
Trd, 8638245.032, 115
Trd, 8638245.132, 86
Trd, 8638247.132, 86
Trd, 8638248.532, 75
Trd, 8638248.932, 114
Trd, 8638252.032, 86
Trd, 8638252.932, 84
Trd, 8638253.682, 81
Trd, 8638255.482, 81
Trd, 8638255.632, 81
Trd, 8638255.732, 87
Trd, 8638255.932, 81
Trd, 8638256.232, 95
Trd, 8638256.882, 104
Trd, 8638258.382, 81
Trd, 8638261.632, 95
Trd, 8638261.882, 86
Trd, 8638262.132, 104
Trd, 8638262.982, 90
Trd, 8638264.082, 90
Trd, 8638264.332, 113
Trd, 8638264.682, 88
Trd, 8638265.332, 113
Trd, 8638266.732, 88
Trd, 8638268.082, 120
Trd, 8638269.582, 85
Trd, 8638270.932, 86
Trd, 8638271.532, 85
Trd, 8638271.832, 85
Trd, 8638272.382, 104
Trd, 8638272.932, 104
Trd, 8638275.632, 87
Trd, 8638276.082, 113
Trd, 8638276.432, 81
Trd, 8638276.582, 80
Trd, 8638278.182, 86
Trd, 8638279.582, 95
Trd, 8638279.932, 84
Trd, 8638280.332, 87
Trd, 8638280.882, 104
Trd, 8638283.632, 96
Trd, 8638284.232, 94
Trd, 8638284.982, 92
Trd, 8638285.132, 104
Trd, 8638285.432, 91
Trd, 8638286.182, 104
Trd, 8638286.632, 121
Trd, 8638289.132, 90
Trd, 8638289.282, 86
Trd, 8638289.832, 85
Trd, 8638290.482, 78
Trd, 8638292.032, 86
Trd, 8638292.582, 74
Trd, 8638293.282, 95
Trd, 8638294.232, 77
Trd, 8638295.682, 88
Trd, 8638296.532, 102
Trd, 8638297.882, 91
Trd, 8638297.932, 89
Trd, 8638298.132, 104
Trd, 8638299.532, 72
Trd, 8638300.732, 74
Trd, 8638300.782, 90
Trd, 8638302.882, 95
Trd, 8638304.732, 90
Trd, 8638304.882, 91
Trd, 8638304.982, 104
Trd, 8638305.532, 91
Trd, 8638306.382, 114
Trd, 8638308.432, 93
Trd, 8638308.882, 120
Trd, 8638309.482, 86
Trd, 8638310.732, 81
Trd, 8638312.432, 80
Trd, 8638312.882, 91
Trd, 8638312.932, 95
Trd, 8638313.582, 80
Trd, 8638314.632, 111
Trd, 8638316.332, 82
Trd, 8638317.132, 90
Trd, 8638318.282, 121
Trd, 8638318.532, 104
Trd, 8638318.632, 77
Trd, 8638321.082, 114
Trd, 8638321.382, 123
Trd, 8638322.032, 75
Trd, 8638324.232, 123
Trd, 8638324.332, 121
Trd, 8638325.132, 104
Trd, 8638325.532, 95
Trd, 8638327.682, 70
Trd, 8638327.732, 69
Trd, 8638328.532, 81
Trd, 8638328.782, 95
Trd, 8638329.182, 104
Trd, 8638331.432, 80
Trd, 8638332.282, 120
Trd, 8638334.132, 78
Trd, 8638335.582, 87
Trd, 8638335.632, 86
Trd, 8638335.732, 85
Trd, 8638336.232, 95
Trd, 8638336.882, 69
Trd, 8638339.082, 121
Trd, 8638339.682, 116
Trd, 8638340.632, 77
Trd, 8638340.682, 77
Trd, 8638341.782, 78
Trd, 8638342.232, 97
Trd, 8638343.682, 80
Trd, 8638344.182, 126
Trd, 8638345.432, 121
Trd, 8638345.982, 130
Trd, 8638346.832, 133
Trd, 8638349.082, 86
Trd, 8638349.482, 86
Trd, 8638350.182, 79
Trd, 8638351.982, 80
Trd, 8638353.982, 79
Trd, 8638354.632, 95
Trd, 8638354.832, 81
Trd, 8638355.832, 90
Trd, 8638355.882, 84
Trd, 8638356.882, 113
Trd, 8638357.532, 88
Trd, 8638358.932, 113
Trd, 8638359.032, 125
Trd, 8638359.832, 76
Trd, 8638360.832, 77
Trd, 8638361.532, 78
Trd, 8638363.082, 96
Trd, 8638363.332, 104
Trd, 8638363.632, 84
Trd, 8638364.882, 116
Trd, 8638365.782, 91
Trd, 8638367.182, 93
Trd, 8638367.982, 92
Trd, 8638368.732, 120
Trd, 8638369.132, 123
Trd, 8638369.982, 123
Trd, 8638370.582, 91
Trd, 8638371.082, 87
Trd, 8638372.932, 87
Trd, 8638373.582, 116
Trd, 8638373.732, 88
Trd, 8638374.482, 125
Trd, 8638375.582, 86
Trd, 8638376.332, 79
Trd, 8638377.682, 78
Trd, 8638377.982, 86
Trd, 8638379.082, 95
Trd, 8638381.532, 77
Trd, 8638381.932, 98
Trd, 8638384.632, 102
Trd, 8638385.232, 104
Trd, 8638385.332, 91
Trd, 8638385.682, 91
Trd, 8638385.932, 90
Trd, 8638386.482, 87
Trd, 8638387.032, 86
Trd, 8638387.582, 123
Trd, 8638390.232, 73
Trd, 8638390.482, 116
Trd, 8638390.532, 118
Trd, 8638390.832, 73
Trd, 8638392.382, 121
Trd, 8638393.382, 80
Trd, 8638393.432, 78
Trd, 8638393.882, 88
Trd, 8638395.582, 122
Trd, 8638397.582, 130
Trd, 8638399.332, 122
Trd, 8638399.432, 113
Trd, 8638399.782, 104
Trd, 8638400.132, 86
Trd, 8638400.782, 76
Trd, 8638401.682, 112
Trd, 8638404.282, 121
Trd, 8638404.882, 113
Trd, 8638405.282, 95
Trd, 8638405.432, 86
Trd, 8638406.032, 121
Trd, 8638406.132, 81
Trd, 8638408.932, 86
Trd, 8638409.382, 87
Trd, 8638409.482, 95
Trd, 8638409.832, 86
Trd, 8638409.882, 104
Trd, 8638410.632, 114
Trd, 8638410.982, 77
Trd, 8638412.182, 71
Trd, 8638412.882, 70
Trd, 8638415.732, 107
Trd, 8638416.732, 78
Trd, 8638417.332, 79
Trd, 8638418.182, 93
Trd, 8638419.132, 83
Trd, 8638419.232, 104
Trd, 8638420.782, 86
Trd, 8638420.882, 104
Trd, 8638420.932, 85
Trd, 8638422.882, 69
Trd, 8638426.032, 79
Trd, 8638426.232, 86
Trd, 8638426.382, 95
Trd, 8638426.932, 83
Trd, 8638428.232, 118
Trd, 8638428.682, 83
Trd, 8638429.932, 77
Trd, 8638431.332, 74
Trd, 8638432.132, 89
Trd, 8638434.182, 82
Trd, 8638434.382, 119
Trd, 8638434.582, 82
Trd, 8638435.582, 81
Trd, 8638438.332, 80
Trd, 8638439.732, 89
Trd, 8638440.882, 80
Trd, 8638441.082, 95
Trd, 8638441.632, 83
Trd, 8638442.582, 86
Trd, 8638443.132, 104
Trd, 8638443.482, 121
Trd, 8638443.582, 122
Trd, 8638444.582, 92
Trd, 8638445.432, 92
Trd, 8638448.382, 76
Trd, 8638449.432, 78
Trd, 8638450.332, 77
Trd, 8638451.182, 90
Trd, 8638452.082, 95
Trd, 8638453.432, 86
Trd, 8638454.432, 85
Trd, 8638454.482, 104
Trd, 8638454.782, 85
Trd, 8638455.732, 85
Trd, 8638455.832, 111
Trd, 8638457.432, 85
Trd, 8638459.382, 113
Trd, 8638459.482, 89
Trd, 8638460.032, 87
Trd, 8638460.732, 96
Trd, 8638460.932, 120
Trd, 8638461.682, 122
Trd, 8638461.982, 122
Trd, 8638462.432, 88
Trd, 8638465.582, 88
Trd, 8638465.732, 87
Trd, 8638466.582, 117
Trd, 8638467.082, 87
Trd, 8638467.932, 121
Trd, 8638468.832, 78
Trd, 8638471.732, 82
Trd, 8638472.032, 77
Trd, 8638474.432, 83
Trd, 8638475.182, 87
Trd, 8638475.982, 94
Trd, 8638476.382, 88
Trd, 8638477.132, 95
Trd, 8638478.432, 104
Trd, 8638478.782, 80
Trd, 8638480.132, 120
Trd, 8638480.182, 83
Trd, 8638480.832, 121
Trd, 8638481.582, 94
Trd, 8638482.682, 119
Trd, 8638483.082, 88
Trd, 8638483.132, 86
Trd, 8638484.332, 72
Trd, 8638486.932, 110
Trd, 8638487.382, 75
Trd, 8638489.082, 78
Trd, 8638489.882, 104
Trd, 8638490.482, 79
Trd, 8638491.132, 88
Trd, 8638491.282, 117
Trd, 8638492.882, 90
Trd, 8638494.282, 93
Trd, 8638495.632, 111
Trd, 8638495.682, 91
Trd, 8638495.832, 86
Trd, 8638496.632, 119
Trd, 8638497.432, 116
Trd, 8638498.182, 116
Trd, 8638499.532, 84
Trd, 8638499.782, 86
Trd, 8638500.182, 116
Trd, 8638500.932, 87
Trd, 8638501.982, 123
Trd, 8638503.632, 92
Trd, 8638503.882, 133
Trd, 8638504.132, 93
Trd, 8638505.482, 121
Trd, 8638505.932, 96
Trd, 8638506.582, 96
Trd, 8638506.932, 95
Trd, 8638507.782, 115
Trd, 8638508.832, 121
Trd, 8638509.732, 122
Trd, 8638512.232, 91
Trd, 8638513.532, 95
Trd, 8638514.932, 104
Trd, 8638515.332, 86
Trd, 8638515.882, 90
Trd, 8638516.382, 114
Trd, 8638517.282, 88
Trd, 8638517.782, 127
Trd, 8638518.932, 90
Trd, 8638519.132, 88
Trd, 8638520.182, 120
Trd, 8638520.682, 88
Trd, 8638521.182, 117
Trd, 8638522.332, 87
Trd, 8638522.382, 112
Trd, 8638523.432, 113
Trd, 8638523.832, 87
Trd, 8638525.382, 90
Trd, 8638526.682, 73
Trd, 8638527.232, 118
Trd, 8638529.182, 86
Trd, 8638529.482, 81
Trd, 8638530.632, 76
Trd, 8638531.482, 79
Trd, 8638532.132, 80
Trd, 8638532.982, 96
Trd, 8638533.382, 81
Trd, 8638535.932, 98
Trd, 8638535.982, 123
Trd, 8638537.382, 129
Trd, 8638537.832, 122
Trd, 8638540.232, 117
Trd, 8638540.282, 94
Trd, 8638541.982, 94
Trd, 8638542.582, 93
Trd, 8638542.882, 116
Trd, 8638543.482, 77
Trd, 8638544.382, 70
Trd, 8638545.482, 77
Trd, 8638545.632, 113
Trd, 8638548.982, 122
Trd, 8638549.932, 77
Trd, 8638550.332, 85
Trd, 8638550.432, 121
Trd, 8638552.382, 85
Trd, 8638553.132, 86
Trd, 8638555.232, 90
Trd, 8638555.282, 88
Trd, 8638555.882, 112
Trd, 8638556.132, 89
Trd, 8638556.182, 117
Trd, 8638558.132, 122
Trd, 8638558.382, 123
Trd, 8638559.132, 95
Trd, 8638559.732, 78
Trd, 8638560.032, 116
Trd, 8638561.532, 88
Trd, 8638563.582, 87
Trd, 8638564.982, 111
Trd, 8638565.182, 88
Trd, 8638566.082, 87
Trd, 8638566.632, 104
Trd, 8638566.932, 123
Trd, 8638567.032, 86
Trd, 8638568.732, 73
Trd, 8638569.582, 122
Trd, 8638569.632, 104
Trd, 8638572.382, 113
Trd, 8638573.382, 112
Trd, 8638573.432, 96
Trd, 8638573.882, 95
Trd, 8638574.282, 115
Trd, 8638575.082, 83
Trd, 8638575.582, 139
Trd, 8638577.182, 81
Trd, 8638577.382, 81
Trd, 8638578.982, 116
Trd, 8638579.782, 84
Trd, 8638580.382, 122
Trd, 8638581.382, 85
Trd, 8638582.032, 116
Trd, 8638583.482, 92
Trd, 8638584.332, 82
Trd, 8638584.382, 117
Trd, 8638586.482, 112
Trd, 8638587.232, 87
Trd, 8638587.532, 86
Trd, 8638587.632, 115
Trd, 8638587.982, 122
Trd, 8638588.632, 121
Trd, 8638590.282, 79
Trd, 8638590.732, 77
Trd, 8638593.082, 91
Trd, 8638594.582, 74
Trd, 8638595.532, 78
Trd, 8638596.832, 95
Trd, 8638598.032, 85
Trd, 8638598.432, 122
Trd, 8638599.732, 88
Trd, 8638600.982, 94
Trd, 8638601.482, 90
Trd, 8638602.732, 79
Trd, 8638603.732, 82
Trd, 8638604.032, 110
Trd, 8638604.732, 83
Trd, 8638606.532, 108
Trd, 8638606.882, 83
Trd, 8638607.932, 119
Trd, 8638608.682, 121
Trd, 8638608.782, 122
Trd, 8638610.032, 104
Trd, 8638610.482, 87
Trd, 8638610.632, 98
Trd, 8638611.682, 69
Trd, 8638612.732, 104
Trd, 8638614.282, 75
Trd, 8638614.782, 77
Trd, 8638615.182, 114
Trd, 8638616.732, 89
Trd, 8638617.032, 84
Trd, 8638617.482, 95
Trd, 8638618.832, 85
Trd, 8638618.882, 94
Trd, 8638620.832, 122
Trd, 8638621.482, 104
Trd, 8638622.182, 98
Trd, 8638623.082, 121
Trd, 8638623.732, 122
Trd, 8638624.482, 86
Trd, 8638624.582, 126
Trd, 8638625.432, 79
Trd, 8638626.582, 80
Trd, 8638627.082, 86
Trd, 8638629.132, 80
Trd, 8638630.632, 86
Trd, 8638631.232, 101
Trd, 8638631.582, 87
Trd, 8638631.632, 86
Trd, 8638632.682, 104
Trd, 8638633.132, 122
Trd, 8638633.232, 77
Trd, 8638635.732, 77
Trd, 8638635.832, 72
Trd, 8638637.032, 121
Trd, 8638638.082, 93
Trd, 8638639.682, 90
Trd, 8638640.882, 89
Trd, 8638641.032, 86
Trd, 8638641.482, 85
Trd, 8638643.082, 103
Trd, 8638645.582, 78
Trd, 8638647.132, 81
Trd, 8638647.232, 92
Trd, 8638647.432, 95
Trd, 8638647.632, 82
Trd, 8638647.882, 124
Trd, 8638648.282, 120
Trd, 8638650.482, 88
Trd, 8638651.482, 88
Trd, 8638653.982, 89
Trd, 8638654.182, 95
Trd, 8638654.682, 77
Trd, 8638655.382, 71
Trd, 8638656.332, 104
Trd, 8638657.782, 84
Trd, 8638657.832, 88
Trd, 8638658.482, 114
Trd, 8638659.682, 83
Trd, 8638660.382, 88
Trd, 8638662.132, 87
Trd, 8638662.482, 85
Trd, 8638663.482, 116
Trd, 8638666.132, 89
Trd, 8638666.432, 89
Trd, 8638666.532, 78
Trd, 8638667.482, 77
Trd, 8638668.182, 117
Trd, 8638669.832, 70
Trd, 8638669.932, 120
Trd, 8638671.982, 77
Trd, 8638672.182, 95
Trd, 8638673.332, 81
Trd, 8638673.782, 86
Trd, 8638673.932, 104
Trd, 8638675.232, 115
Trd, 8638675.582, 80
Trd, 8638676.132, 77
Trd, 8638677.382, 68
Trd, 8638678.882, 61
Trd, 8638679.232, 88
Trd, 8638683.832, 75
Trd, 8638684.382, 91
Trd, 8638684.532, 95
Trd, 8638684.832, 85
Trd, 8638685.182, 77
Trd, 8638686.682, 103
Trd, 8638687.432, 84
Trd, 8638688.682, 92
Trd, 8638688.732, 83
Trd, 8638690.382, 84
Trd, 8638690.682, 77
Trd, 8638691.382, 103
Trd, 8638693.432, 77
Trd, 8638694.832, 89
Trd, 8638694.932, 84
Trd, 8638694.982, 114
Trd, 8638696.232, 87
Trd, 8638696.532, 86
Trd, 8638696.782, 129
Trd, 8638698.382, 88
Trd, 8638700.832, 108
Trd, 8638701.532, 111
Trd, 8638701.582, 91
Trd, 8638701.832, 90
Trd, 8638702.432, 122
Trd, 8638704.682, 87
Trd, 8638704.732, 82
Trd, 8638706.432, 90
Trd, 8638707.132, 93
Trd, 8638707.632, 114
Trd, 8638708.882, 91
Trd, 8638709.482, 87
Trd, 8638709.932, 109
Trd, 8638711.032, 113
Trd, 8638711.932, 87
Trd, 8638713.532, 91
Trd, 8638713.632, 120
Trd, 8638714.132, 87
Trd, 8638714.782, 121
Trd, 8638715.832, 86
Trd, 8638717.382, 122
Trd, 8638717.482, 95
Trd, 8638719.132, 81
Trd, 8638719.382, 82
Trd, 8638721.332, 81
Trd, 8638721.532, 104
Trd, 8638722.432, 87
Trd, 8638723.232, 95
Trd, 8638724.782, 119
Trd, 8638726.232, 130
Trd, 8638726.482, 131
Trd, 8638726.982, 113
Trd, 8638728.382, 104
Trd, 8638729.832, 96
Trd, 8638730.832, 114
Trd, 8638731.132, 89
Trd, 8638731.882, 86
Trd, 8638733.382, 79
Trd, 8638735.482, 107
Trd, 8638735.832, 108
Trd, 8638736.282, 91
Trd, 8638736.932, 82
Trd, 8638737.332, 125
Trd, 8638738.032, 81
Trd, 8638738.282, 80
Trd, 8638738.632, 114
Trd, 8638740.382, 117
Trd, 8638741.132, 80
Trd, 8638743.082, 87
Trd, 8638743.232, 84
Trd, 8638743.332, 114
Trd, 8638743.482, 83
Trd, 8638743.682, 124
Trd, 8638745.532, 71
Trd, 8638746.482, 104
Trd, 8638748.382, 78
Trd, 8638749.382, 84
Trd, 8638749.932, 94
Trd, 8638750.582, 87
Trd, 8638751.232, 112
Trd, 8638752.582, 112
Trd, 8638753.132, 86
Trd, 8638754.482, 77
Trd, 8638755.082, 111
Trd, 8638755.982, 92
Trd, 8638756.332, 70
Trd, 8638757.632, 113
Trd, 8638759.182, 80
Trd, 8638759.282, 112
Trd, 8638760.632, 83
Trd, 8638760.932, 83
Trd, 8638761.782, 91
Trd, 8638763.032, 81
Trd, 8638763.382, 80
Trd, 8638764.182, 112
Trd, 8638764.882, 82
Trd, 8638766.482, 93
Trd, 8638767.732, 87
Trd, 8638769.082, 104
Trd, 8638770.482, 121
Trd, 8638771.232, 95
Trd, 8638772.032, 112
Trd, 8638772.132, 93
Trd, 8638772.482, 86
Trd, 8638773.082, 117
Trd, 8638773.832, 124
Trd, 8638775.432, 86
Trd, 8638776.382, 111
Trd, 8638776.682, 121
Trd, 8638776.832, 88
Trd, 8638778.032, 89
Trd, 8638779.182, 88
Trd, 8638779.432, 86
Trd, 8638780.082, 117
Trd, 8638781.832, 71
Trd, 8638782.082, 84
Trd, 8638782.932, 74
Trd, 8638784.132, 103
Trd, 8638784.882, 103
Trd, 8638785.032, 104
Trd, 8638785.382, 87
Trd, 8638785.932, 81
Trd, 8638787.882, 85
Trd, 8638788.832, 90
Trd, 8638789.382, 91
Trd, 8638789.882, 121
Trd, 8638790.082, 122
Trd, 8638791.432, 92
Trd, 8638792.932, 120
Trd, 8638793.882, 121
Trd, 8638794.182, 95
Trd, 8638795.932, 96
Trd, 8638796.632, 95
Trd, 8638798.282, 118
Trd, 8638799.032, 83
Trd, 8638799.082, 80
Trd, 8638799.832, 95
Trd, 8638799.932, 104
Trd, 8638801.282, 113
Trd, 8638802.382, 84
Trd, 8638803.232, 86
Trd, 8638804.832, 90
Trd, 8638805.382, 102
Trd, 8638805.882, 78
Trd, 8638807.282, 103
Trd, 8638808.682, 79
Trd, 8638808.982, 78
Trd, 8638809.682, 85
Trd, 8638810.232, 88
Trd, 8638810.782, 120
Trd, 8638813.632, 89
Trd, 8638814.532, 110
Trd, 8638815.282, 109
Trd, 8638815.332, 93
Trd, 8638815.982, 94
Trd, 8638816.982, 86
Trd, 8638817.932, 79
Trd, 8638818.432, 93
Trd, 8638818.732, 78
Trd, 8638819.932, 113
Trd, 8638820.082, 113
Trd, 8638821.782, 82
Trd, 8638821.882, 115
Trd, 8638823.832, 86
Trd, 8638824.582, 86
Trd, 8638824.782, 91
Trd, 8638825.332, 78
Trd, 8638826.632, 123
Trd, 8638828.232, 78
Trd, 8638829.132, 74
Trd, 8638829.432, 88
Trd, 8638830.732, 95
Trd, 8638831.332, 78
Trd, 8638831.882, 71
Trd, 8638832.082, 104
Trd, 8638834.832, 78
Trd, 8638835.182, 77
Trd, 8638836.482, 92
Trd, 8638837.182, 77
Trd, 8638838.132, 78
Trd, 8638839.982, 101
Trd, 8638841.482, 113
Trd, 8638842.082, 115
Trd, 8638843.382, 88
Trd, 8638844.332, 121
Trd, 8638844.482, 88
Trd, 8638844.732, 86
Trd, 8638846.132, 80
Trd, 8638846.432, 77
Trd, 8638846.682, 132
Trd, 8638847.882, 71
Trd, 8638848.432, 113
Trd, 8638850.732, 79
Trd, 8638852.282, 86
Trd, 8638852.332, 79
Trd, 8638852.532, 95
Trd, 8638853.682, 103
Trd, 8638854.082, 104
Trd, 8638855.332, 77
Trd, 8638856.382, 78
Trd, 8638856.482, 92
Trd, 8638857.682, 117
Trd, 8638858.682, 86
Trd, 8638859.532, 112
Trd, 8638860.632, 85
Trd, 8638860.932, 117
Trd, 8638861.782, 122
Trd, 8638862.232, 86
Trd, 8638864.082, 87
Trd, 8638864.782, 83
Trd, 8638867.032, 103
Trd, 8638868.032, 88
Trd, 8638868.682, 86
Trd, 8638869.182, 85
Trd, 8638869.782, 104
Trd, 8638869.832, 122
Trd, 8638871.132, 122
Trd, 8638871.632, 78
Trd, 8638872.582, 79
Trd, 8638873.632, 86
Trd, 8638875.282, 95
Trd, 8638875.532, 81
Trd, 8638875.632, 80
Trd, 8638878.032, 80
Trd, 8638878.882, 77
Trd, 8638879.182, 95
Trd, 8638880.782, 112
Trd, 8638881.182, 87
Trd, 8638882.682, 85
Trd, 8638883.382, 112
Trd, 8638883.932, 87
Trd, 8638885.032, 88
Trd, 8638885.382, 77
Trd, 8638885.682, 78
Trd, 8638886.282, 112
Trd, 8638886.332, 113
Trd, 8638887.532, 76
Trd, 8638889.332, 95
Trd, 8638892.082, 88
Trd, 8638892.482, 87
Trd, 8638892.882, 86
Trd, 8638893.432, 92
Trd, 8638894.782, 115
Trd, 8638895.182, 116
Trd, 8638896.032, 117
Trd, 8638896.082, 79
Trd, 8638897.382, 124
Trd, 8638897.632, 79
Trd, 8638899.532, 130
Trd, 8638900.932, 71
Trd, 8638902.182, 80
Trd, 8638903.832, 84
Trd, 8638904.832, 104
Trd, 8638905.382, 87
Trd, 8638905.632, 86
Trd, 8638906.232, 86
Trd, 8638907.182, 81
Trd, 8638907.682, 95
Trd, 8638908.532, 85
Trd, 8638909.932, 103
Trd, 8638910.432, 104
Trd, 8638910.782, 87
Trd, 8638912.532, 90
Trd, 8638913.282, 113
Trd, 8638913.382, 93
Trd, 8638914.282, 122
Trd, 8638915.832, 121
Trd, 8638916.482, 96
Trd, 8638916.532, 95
Trd, 8638916.782, 122
Trd, 8638917.182, 122
Trd, 8638917.982, 87
Trd, 8638919.782, 120
Trd, 8638921.232, 86
Trd, 8638922.482, 85
Trd, 8638923.232, 92
Trd, 8638923.332, 95
Trd, 8638923.732, 77
Trd, 8638925.932, 77
Trd, 8638926.332, 115
Trd, 8638927.332, 79
Trd, 8638928.332, 78
Trd, 8638928.632, 116
Trd, 8638930.532, 128
Trd, 8638930.632, 86
Trd, 8638932.032, 101
Trd, 8638933.982, 111
Trd, 8638934.982, 97
Trd, 8638935.832, 93
Trd, 8638936.132, 92
Trd, 8638937.332, 104
Trd, 8638938.332, 94
Trd, 8638938.732, 88
Trd, 8638940.632, 88
Trd, 8638943.182, 114
Trd, 8638943.332, 93
Trd, 8638944.682, 78
Trd, 8638944.982, 113
Trd, 8638945.282, 115
Trd, 8638945.432, 77
Trd, 8638946.482, 84
Trd, 8638949.832, 88
Trd, 8638949.982, 84
Trd, 8638950.732, 84
Trd, 8638951.032, 95
Trd, 8638951.082, 84
Trd, 8638951.632, 113
Trd, 8638953.532, 88
Trd, 8638953.832, 87
Trd, 8638954.232, 86
Trd, 8638954.332, 126
Trd, 8638955.082, 119
Trd, 8638955.982, 80
Trd, 8638958.832, 71
Trd, 8638959.832, 77
Trd, 8638960.682, 75
Trd, 8638960.932, 86
Trd, 8638962.632, 78
Trd, 8638963.532, 95
Trd, 8638963.732, 80
Trd, 8638964.432, 86
Trd, 8638965.282, 81
Trd, 8638966.282, 100
Trd, 8638967.282, 90
Trd, 8638968.432, 90
Trd, 8638969.332, 86
Trd, 8638969.982, 104
Trd, 8638970.432, 116
Trd, 8638971.332, 80
Trd, 8638971.482, 120
Trd, 8638972.432, 128
Trd, 8638973.182, 78
Trd, 8638975.182, 86
Trd, 8638975.432, 79
Trd, 8638975.882, 78
Trd, 8638976.182, 122
Trd, 8638978.382, 81
Trd, 8638978.682, 88
Trd, 8638979.732, 83
Trd, 8638979.982, 77
Trd, 8638980.632, 102
Trd, 8638981.382, 113
Trd, 8638981.832, 131
Trd, 8638982.682, 78
Trd, 8638984.482, 78
Trd, 8638985.682, 87
Trd, 8638985.732, 80
Trd, 8638987.382, 83
Trd, 8638987.732, 95
Trd, 8638988.332, 84
Trd, 8638989.082, 111
Trd, 8638990.132, 84
Trd, 8638991.382, 88
Trd, 8638992.882, 95
Trd, 8638993.582, 86
Trd, 8638994.132, 70
Trd, 8638995.532, 70
Trd, 8638996.232, 86
Trd, 8638998.482, 79
Trd, 8638998.682, 78
Trd, 8638999.182, 90
Trd, 8639000.332, 116
Trd, 8639001.232, 117
Trd, 8639002.232, 72
Trd, 8639003.782, 74
Trd, 8639003.982, 111
Trd, 8639005.482, 77
Trd, 8639005.682, 89
Trd, 8639005.932, 76
Trd, 8639006.482, 104
Trd, 8639008.432, 85
Trd, 8639008.882, 85
Trd, 8639009.082, 82
Trd, 8639009.482, 117
Trd, 8639010.282, 113
Trd, 8639011.932, 128
Trd, 8639012.932, 126
Trd, 8639014.982, 122
Trd, 8639015.032, 125
Trd, 8639016.432, 105
Trd, 8639016.832, 104
Trd, 8639017.832, 89
Trd, 8639018.132, 114
Trd, 8639019.382, 131
Trd, 8639019.432, 89
Trd, 8639020.782, 88
Trd, 8639021.332, 113
Trd, 8639021.732, 69
Trd, 8639022.982, 111
Trd, 8639023.282, 73
Trd, 8639023.932, 71
Trd, 8639026.382, 95
Trd, 8639027.282, 77
Trd, 8639028.032, 130
Trd, 8639028.382, 81
Trd, 8639029.332, 85
Trd, 8639029.682, 87
Trd, 8639029.882, 122
Trd, 8639031.082, 90
Trd, 8639032.332, 91
Trd, 8639033.732, 111
Trd, 8639034.332, 111
Trd, 8639036.032, 94
Trd, 8639036.082, 122
Trd, 8639036.732, 86
Trd, 8639037.182, 114
Trd, 8639037.232, 70
Trd, 8639039.782, 74
Trd, 8639041.382, 87
Trd, 8639042.132, 79
Trd, 8639042.182, 113
Trd, 8639043.132, 89
Trd, 8639043.732, 82
Trd, 8639043.932, 82
Trd, 8639045.982, 82
Trd, 8639047.132, 79
Trd, 8639048.232, 116
Trd, 8639049.282, 116
Trd, 8639050.382, 86
Trd, 8639050.682, 85
Trd, 8639050.782, 121
Trd, 8639052.682, 82
Trd, 8639052.832, 81
Trd, 8639052.882, 104
Trd, 8639054.182, 122
Trd, 8639054.282, 80
Trd, 8639054.632, 122
Trd, 8639057.582, 86
Trd, 8639057.732, 86
Trd, 8639059.532, 124
Trd, 8639059.682, 81
Trd, 8639060.682, 78
Trd, 8639060.782, 86
Trd, 8639064.732, 83
Trd, 8639065.132, 82
Trd, 8639065.882, 86
Trd, 8639066.082, 95
Trd, 8639067.132, 86
Trd, 8639068.282, 79
Trd, 8639068.332, 124
Trd, 8639069.232, 77
Trd, 8639071.632, 89
Trd, 8639072.132, 112
Trd, 8639072.632, 90
Trd, 8639073.482, 78
Trd, 8639075.482, 76
Trd, 8639076.582, 80
Trd, 8639076.932, 77
Trd, 8639079.932, 85
Trd, 8639080.582, 86
Trd, 8639081.232, 114
Trd, 8639081.732, 114
Trd, 8639082.032, 88
Trd, 8639082.282, 87
Trd, 8639082.482, 113
Trd, 8639082.632, 114
Trd, 8639085.332, 75
Trd, 8639085.482, 78
Trd, 8639087.282, 86
Trd, 8639087.682, 79
Trd, 8639088.932, 83
Trd, 8639089.232, 80
Trd, 8639091.582, 86
Trd, 8639091.632, 85
Trd, 8639092.482, 87
Trd, 8639093.032, 95
Trd, 8639093.132, 86
Trd, 8639096.182, 95
Trd, 8639096.732, 94
Trd, 8639096.882, 112
Trd, 8639097.632, 117
Trd, 8639097.832, 91
Trd, 8639098.832, 96
Trd, 8639100.132, 88
Trd, 8639100.782, 122
Trd, 8639101.732, 93
Trd, 8639101.932, 137
Trd, 8639102.932, 117
Trd, 8639105.382, 98
Trd, 8639105.882, 116
Trd, 8639106.282, 118
Trd, 8639106.932, 98
Trd, 8639107.032, 95
Trd, 8639107.932, 86
Trd, 8639108.982, 117
Trd, 8639110.582, 85
Trd, 8639111.232, 103
Trd, 8639112.582, 87
Trd, 8639112.982, 87
Trd, 8639113.482, 87
Trd, 8639113.632, 86
Trd, 8639113.982, 77
Trd, 8639115.282, 86
Trd, 8639118.332, 95
Trd, 8639118.482, 95
Trd, 8639119.282, 104
Trd, 8639120.082, 87
Trd, 8639121.132, 113
Trd, 8639122.682, 116
Trd, 8639123.182, 93
Trd, 8639123.382, 93
Trd, 8639123.432, 117
Trd, 8639123.782, 130
Trd, 8639124.082, 91
Trd, 8639124.932, 89
Trd, 8639126.182, 92
Trd, 8639127.032, 77
Trd, 8639129.782, 80
Trd, 8639130.332, 77
Trd, 8639132.032, 95
Trd, 8639133.182, 95
Trd, 8639134.282, 93
Trd, 8639134.632, 85
Trd, 8639136.982, 115
Trd, 8639137.582, 88
Trd, 8639137.982, 86
Trd, 8639138.382, 115
Trd, 8639138.982, 122
Trd, 8639139.732, 89
Trd, 8639141.332, 89
Trd, 8639141.682, 90
Trd, 8639142.132, 118
Trd, 8639142.882, 122
Trd, 8639143.982, 122
Trd, 8639144.232, 120
Trd, 8639144.582, 86
Trd, 8639144.682, 113
Trd, 8639146.332, 79
Trd, 8639146.932, 77
Trd, 8639149.082, 75
Trd, 8639149.532, 95
Trd, 8639151.182, 81
Trd, 8639151.682, 80
Trd, 8639151.882, 96
Trd, 8639153.532, 104
Trd, 8639154.532, 81
Trd, 8639156.682, 87
Trd, 8639157.432, 88
Trd, 8639157.832, 88
Trd, 8639157.932, 96
Trd, 8639158.982, 111
Trd, 8639160.382, 89
Trd, 8639160.582, 95
Trd, 8639161.632, 90
Trd, 8639162.932, 100
Trd, 8639163.732, 104
Trd, 8639164.832, 97
Trd, 8639166.032, 95
Trd, 8639167.282, 115
Trd, 8639167.582, 117
Trd, 8639167.632, 100
Trd, 8639169.032, 101
Trd, 8639169.082, 118
Trd, 8639169.482, 95
Trd, 8639169.982, 87
Trd, 8639170.182, 126
Trd, 8639170.932, 77
Trd, 8639173.482, 119
Trd, 8639174.732, 125
Trd, 8639175.132, 122
Trd, 8639175.232, 125
Trd, 8639176.282, 113
Trd, 8639177.132, 104
Trd, 8639179.232, 113
Trd, 8639179.432, 87
Trd, 8639181.482, 78
Trd, 8639181.582, 88
Trd, 8639182.432, 80
Trd, 8639184.332, 76
Trd, 8639186.332, 79
Trd, 8639186.782, 80
Trd, 8639187.282, 103
Trd, 8639188.082, 81
Trd, 8639189.082, 88
Trd, 8639190.232, 85
Trd, 8639190.482, 104
Trd, 8639190.632, 84
Trd, 8639192.432, 113
Trd, 8639192.532, 120
Trd, 8639194.832, 77
Trd, 8639195.082, 79
Trd, 8639196.032, 82
Trd, 8639196.232, 80
Trd, 8639196.782, 122
Trd, 8639198.332, 95
Trd, 8639199.282, 122
Trd, 8639199.682, 89
Trd, 8639201.532, 78
Trd, 8639201.632, 91
Trd, 8639202.082, 77
Trd, 8639202.682, 112
Trd, 8639204.082, 90
Trd, 8639205.882, 78
Trd, 8639206.482, 80
Trd, 8639206.982, 122
Trd, 8639208.082, 84
Trd, 8639209.482, 92
Trd, 8639210.082, 85
Trd, 8639210.582, 95
Trd, 8639210.632, 84
Trd, 8639211.232, 104
Trd, 8639211.482, 112
Trd, 8639212.082, 79
Trd, 8639214.982, 87
Trd, 8639216.082, 89
Trd, 8639217.232, 93
Trd, 8639218.482, 95
Trd, 8639218.582, 91
Trd, 8639219.882, 88
Trd, 8639220.982, 79
Trd, 8639222.232, 80
Trd, 8639222.482, 95
Trd, 8639223.032, 104
Trd, 8639223.282, 122
Trd, 8639225.732, 88
Trd, 8639226.882, 87
Trd, 8639227.532, 91
Trd, 8639227.632, 86
Trd, 8639229.282, 78
Trd, 8639229.532, 95
Trd, 8639229.732, 114
Trd, 8639231.582, 75
Trd, 8639232.532, 79
Trd, 8639233.132, 88
Trd, 8639234.132, 83
Trd, 8639234.332, 82
Trd, 8639234.682, 95
Trd, 8639237.282, 88
Trd, 8639238.482, 87
Trd, 8639239.232, 85
Trd, 8639239.332, 93
Trd, 8639240.132, 77
Trd, 8639240.532, 103
Trd, 8639241.382, 118
Trd, 8639243.632, 84
Trd, 8639243.932, 84
Trd, 8639245.282, 114
Trd, 8639245.882, 87
Trd, 8639246.132, 86
Trd, 8639247.282, 70
Trd, 8639247.482, 117
Trd, 8639248.182, 69
Trd, 8639248.732, 129
Trd, 8639251.282, 77
Trd, 8639252.082, 115
Trd, 8639252.732, 76
Trd, 8639253.232, 123
Trd, 8639255.582, 81
Trd, 8639255.832, 82
Trd, 8639256.782, 95
Trd, 8639257.482, 88
Trd, 8639257.732, 104
Trd, 8639258.532, 114
Trd, 8639259.382, 122
Trd, 8639259.432, 88
Trd, 8639259.682, 86
Trd, 8639263.232, 93
Trd, 8639264.082, 95
Trd, 8639264.132, 88
Trd, 8639265.382, 115
Trd, 8639266.432, 95
Trd, 8639266.732, 91
Trd, 8639267.082, 112
Trd, 8639267.282, 77
Trd, 8639269.132, 78
Trd, 8639269.882, 90
Trd, 8639272.482, 86
Trd, 8639274.132, 90
Trd, 8639274.182, 86
Trd, 8639274.232, 113
Trd, 8639274.982, 68
Trd, 8639275.382, 78
Trd, 8639276.332, 73
Trd, 8639278.232, 87
Trd, 8639279.282, 118
Trd, 8639279.982, 77
Trd, 8639281.782, 80
Trd, 8639281.882, 88
Trd, 8639283.482, 85
Trd, 8639283.632, 83
Trd, 8639284.182, 95
Trd, 8639285.832, 114
Trd, 8639286.932, 115
Trd, 8639287.382, 113
Trd, 8639288.132, 88
Trd, 8639288.582, 87
Trd, 8639289.632, 112
Trd, 8639289.982, 88
Trd, 8639291.432, 70
Trd, 8639293.282, 109
Trd, 8639294.582, 78
Trd, 8639294.782, 88
Trd, 8639295.382, 106
Trd, 8639295.482, 80
Trd, 8639297.632, 82
Trd, 8639298.632, 86
Trd, 8639299.082, 83
Trd, 8639302.682, 88
Trd, 8639302.732, 101
Trd, 8639302.832, 114
Trd, 8639303.932, 87
Trd, 8639304.532, 124
Trd, 8639304.582, 104
Trd, 8639305.232, 86
Trd, 8639305.882, 77
Trd, 8639306.132, 96
Trd, 8639306.582, 119
Trd, 8639308.682, 120
Trd, 8639309.132, 113
Trd, 8639309.182, 95
Trd, 8639309.482, 86
Trd, 8639310.982, 80
Trd, 8639313.332, 69
Trd, 8639315.482, 90
Trd, 8639315.782, 75
Trd, 8639316.982, 81
Trd, 8639317.732, 103
Trd, 8639318.232, 104
Trd, 8639318.282, 81
Trd, 8639319.832, 126
Trd, 8639321.832, 86
Trd, 8639322.132, 120
Trd, 8639322.732, 78
Trd, 8639325.032, 112
Trd, 8639325.232, 126
Trd, 8639325.432, 83
Trd, 8639326.282, 81
Trd, 8639327.132, 113
Trd, 8639329.482, 76
Trd, 8639329.682, 80
Trd, 8639331.132, 86
Trd, 8639331.632, 84
Trd, 8639331.932, 95
Trd, 8639333.282, 104
Trd, 8639333.332, 86
Trd, 8639333.982, 88
Trd, 8639336.632, 88
Trd, 8639336.882, 116
Trd, 8639336.932, 86
Trd, 8639337.532, 77
Trd, 8639337.732, 122
Trd, 8639340.082, 83
Trd, 8639341.032, 95
Trd, 8639341.482, 80
Trd, 8639342.432, 102
Trd, 8639342.532, 78
Trd, 8639343.332, 77
Trd, 8639344.732, 104
Trd, 8639346.682, 76
Trd, 8639347.532, 86
Trd, 8639349.332, 82
Trd, 8639349.532, 86
Trd, 8639350.432, 81
Trd, 8639351.482, 91
Trd, 8639352.082, 81
Trd, 8639352.932, 89
Trd, 8639353.682, 95
Trd, 8639354.232, 104
Trd, 8639355.832, 85
Trd, 8639358.382, 86
Trd, 8639359.482, 83
Trd, 8639359.682, 83
Trd, 8639360.332, 95
Trd, 8639360.532, 104
Trd, 8639361.182, 81
Trd, 8639362.132, 116
Trd, 8639362.632, 119
Trd, 8639363.382, 86
Trd, 8639363.932, 77
Trd, 8639364.132, 123
Trd, 8639365.782, 78
Trd, 8639365.882, 139
Trd, 8639367.732, 73
Trd, 8639369.632, 79
Trd, 8639369.932, 89
Trd, 8639371.082, 80
Trd, 8639372.582, 69
Trd, 8639373.132, 69
Trd, 8639374.982, 91
Trd, 8639375.332, 95
Trd, 8639376.432, 77
Trd, 8639377.182, 78
Trd, 8639377.482, 78
Trd, 8639378.632, 112
Trd, 8639379.032, 86
Trd, 8639379.982, 117
Trd, 8639381.582, 90
Trd, 8639382.282, 86
Trd, 8639383.532, 90
Trd, 8639385.182, 90
Trd, 8639385.582, 98
Trd, 8639387.032, 93
Trd, 8639387.682, 104
Trd, 8639387.882, 88
Trd, 8639388.082, 98
Trd, 8639390.482, 114
Trd, 8639391.682, 96
Trd, 8639392.832, 115
Trd, 8639393.132, 87
Trd, 8639393.832, 86
Trd, 8639394.032, 104
Trd, 8639394.782, 77
Trd, 8639395.632, 122
Trd, 8639395.732, 69
Trd, 8639397.232, 72
Trd, 8639398.282, 86
Trd, 8639399.182, 89
Trd, 8639400.082, 113
Trd, 8639400.582, 77
Trd, 8639400.732, 75
Trd, 8639403.082, 88
Trd, 8639403.432, 95
Trd, 8639404.082, 78
Trd, 8639404.332, 77
Trd, 8639404.532, 104
Trd, 8639405.632, 140
Trd, 8639408.532, 85
Trd, 8639409.032, 127
Trd, 8639409.132, 121
Trd, 8639410.082, 86
Trd, 8639411.782, 124
Trd, 8639411.832, 88
Trd, 8639412.432, 116
Trd, 8639412.832, 92
Trd, 8639413.832, 87
Trd, 8639415.082, 70
Trd, 8639416.182, 70
Trd, 8639416.932, 95
Trd, 8639418.682, 91
Trd, 8639418.882, 104
Trd, 8639420.632, 83
Trd, 8639420.732, 82
Trd, 8639422.432, 82
Trd, 8639423.432, 86
Trd, 8639424.132, 83
Trd, 8639426.032, 85
Trd, 8639426.082, 90
Trd, 8639427.182, 88
Trd, 8639427.582, 95
Trd, 8639428.382, 104
Trd, 8639428.582, 118
Trd, 8639429.932, 129
Trd, 8639430.082, 104
Trd, 8639431.082, 87
Trd, 8639432.282, 95
Trd, 8639432.682, 91
Trd, 8639432.732, 132
Trd, 8639434.882, 88
Trd, 8639435.782, 90
Trd, 8639436.082, 88
Trd, 8639437.332, 115
Trd, 8639438.032, 88
Trd, 8639439.082, 126
Trd, 8639439.132, 128
Trd, 8639439.382, 90
Trd, 8639441.632, 69
Trd, 8639442.682, 87
Trd, 8639443.182, 74
Trd, 8639444.332, 80
Trd, 8639446.632, 86
Trd, 8639448.382, 103
Trd, 8639448.682, 104
Trd, 8639449.032, 90
Trd, 8639449.782, 86
Trd, 8639450.532, 78
Trd, 8639451.582, 122
Trd, 8639453.332, 83
Trd, 8639455.232, 86
Trd, 8639455.382, 104
Trd, 8639455.882, 85
Trd, 8639456.982, 86
Trd, 8639457.632, 110
Trd, 8639458.082, 87
Trd, 8639458.882, 91
Trd, 8639459.682, 73
Trd, 8639459.982, 111
Trd, 8639462.182, 78
Trd, 8639462.532, 120
Trd, 8639463.082, 93
Trd, 8639464.632, 122
Trd, 8639465.582, 95
Trd, 8639466.882, 82
Trd, 8639468.232, 110
Trd, 8639468.982, 92
Trd, 8639470.032, 111
Trd, 8639470.332, 87
Trd, 8639470.732, 87
Trd, 8639471.432, 113
Trd, 8639473.432, 86
Trd, 8639474.832, 95
Trd, 8639475.432, 88
Trd, 8639476.332, 114
Trd, 8639477.082, 89
Trd, 8639477.882, 86
Trd, 8639479.182, 80
Trd, 8639479.282, 95
Trd, 8639480.332, 117
Trd, 8639480.932, 128
Trd, 8639481.782, 97
Trd, 8639482.232, 128
Trd, 8639482.832, 96
Trd, 8639484.582, 132
Trd, 8639486.132, 122
Trd, 8639486.982, 99
Trd, 8639487.532, 114
Trd, 8639489.332, 121
Trd, 8639489.782, 121
Trd, 8639490.232, 88
Trd, 8639490.432, 86
Trd, 8639491.582, 71
Trd, 8639493.932, 87
Trd, 8639493.982, 78
Trd, 8639495.582, 95
Trd, 8639496.332, 85
Trd, 8639497.232, 84
Trd, 8639497.482, 87
Trd, 8639498.382, 104
Trd, 8639498.932, 119
Trd, 8639499.482, 75
Trd, 8639500.582, 91
Trd, 8639501.982, 120
Trd, 8639503.732, 124
Trd, 8639504.082, 91
Trd, 8639504.332, 90
Trd, 8639505.582, 87
Trd, 8639505.732, 125
Trd, 8639506.982, 88
Trd, 8639507.282, 86
Trd, 8639508.032, 119
Trd, 8639508.282, 120
Trd, 8639509.082, 86
Trd, 8639510.232, 81
Trd, 8639512.732, 87
Trd, 8639512.782, 83
Trd, 8639513.182, 95
Trd, 8639515.332, 104
Trd, 8639515.632, 87
Trd, 8639518.232, 93
Trd, 8639518.532, 107
Trd, 8639519.882, 107
Trd, 8639520.232, 98
Trd, 8639521.782, 99
Trd, 8639522.332, 86
Trd, 8639522.382, 116
Trd, 8639524.382, 114
Trd, 8639525.232, 121
Trd, 8639525.832, 84
Trd, 8639525.882, 83
Trd, 8639527.432, 130
Trd, 8639528.832, 122
Trd, 8639529.182, 113
Trd, 8639530.832, 95
Trd, 8639531.182, 117
Trd, 8639531.582, 88
Trd, 8639531.682, 121
Trd, 8639533.332, 131
Trd, 8639534.482, 121
Trd, 8639535.682, 90
Trd, 8639535.782, 87
Trd, 8639536.382, 124
Trd, 8639538.532, 91
Trd, 8639538.732, 90
Trd, 8639539.182, 86
Trd, 8639540.332, 99
Trd, 8639540.932, 104
Trd, 8639541.382, 80
Trd, 8639542.382, 77
Trd, 8639543.382, 69
Trd, 8639543.482, 122
Trd, 8639543.982, 123
Trd, 8639544.932, 72
Trd, 8639546.332, 111
Trd, 8639546.882, 113
Trd, 8639547.932, 79
Trd, 8639548.632, 79
Trd, 8639551.532, 89
Trd, 8639551.832, 88
Trd, 8639552.532, 86
Trd, 8639554.532, 89
Trd, 8639555.432, 95
Trd, 8639556.182, 104
Trd, 8639557.032, 122
Trd, 8639558.532, 122
Trd, 8639560.682, 89
Trd, 8639561.182, 117
Trd, 8639561.782, 124
Trd, 8639561.982, 88
Trd, 8639562.432, 113
Trd, 8639563.932, 89
Trd, 8639564.582, 116
Trd, 8639565.232, 92
Trd, 8639565.732, 125
Trd, 8639566.782, 93
Trd, 8639569.882, 88
Trd, 8639570.732, 86
Trd, 8639570.832, 95
Trd, 8639570.932, 78
Trd, 8639572.882, 78
Trd, 8639573.082, 118
Trd, 8639575.232, 86
Trd, 8639575.832, 115
Trd, 8639576.832, 89
Trd, 8639577.282, 115
Trd, 8639577.782, 116
Trd, 8639577.832, 87
Trd, 8639579.932, 88
Trd, 8639580.982, 87
Trd, 8639581.132, 114
Trd, 8639581.832, 124
Trd, 8639582.782, 88
Trd, 8639582.982, 125
Trd, 8639583.232, 86
Trd, 8639584.482, 121
Trd, 8639585.482, 79
Trd, 8639585.532, 86
Trd, 8639587.032, 79
Trd, 8639587.632, 80
Trd, 8639590.082, 87
Trd, 8639590.632, 104
Trd, 8639590.732, 115
Trd, 8639592.182, 90
Trd, 8639593.282, 124
Trd, 8639593.832, 88
Trd, 8639594.382, 118
Trd, 8639595.082, 91
Trd, 8639595.432, 88
Trd, 8639596.882, 78
Trd, 8639599.032, 114
Trd, 8639600.932, 86
Trd, 8639601.032, 84
Trd, 8639602.282, 92
Trd, 8639603.582, 82
Trd, 8639604.382, 90
Trd, 8639604.832, 95
Trd, 8639605.732, 86
Trd, 8639605.782, 85
Trd, 8639606.682, 69
Trd, 8639608.332, 101
Trd, 8639608.882, 72
Trd, 8639609.132, 104
Trd, 8639609.432, 78
Trd, 8639610.182, 112
Trd, 8639611.232, 80
Trd, 8639613.182, 76
Trd, 8639615.032, 81
Trd, 8639615.132, 89
Trd, 8639616.132, 113
Trd, 8639616.782, 120
Trd, 8639617.882, 85
Trd, 8639618.632, 113
Trd, 8639618.682, 84
Trd, 8639619.232, 85
Trd, 8639619.782, 95
Trd, 8639622.182, 121
Trd, 8639622.482, 123
Trd, 8639622.782, 87
Trd, 8639625.282, 78
Trd, 8639625.932, 108
Trd, 8639626.732, 79
Trd, 8639627.432, 92
Trd, 8639630.932, 126
Trd, 8639631.782, 119
Trd, 8639632.082, 95
Trd, 8639632.682, 87
Trd, 8639633.332, 122
Trd, 8639633.782, 70
Trd, 8639636.882, 85
Trd, 8639637.382, 78
Trd, 8639637.582, 95
Trd, 8639638.232, 95
Trd, 8639638.432, 73
Trd, 8639639.282, 100
Trd, 8639641.332, 114
Trd, 8639643.082, 89
Trd, 8639643.232, 88
Trd, 8639644.482, 115
Trd, 8639645.182, 80
Trd, 8639646.382, 90
Trd, 8639648.682, 87
Trd, 8639648.832, 86
Trd, 8639648.982, 85
Trd, 8639649.832, 95
Trd, 8639650.032, 104
Trd, 8639650.132, 86
Trd, 8639651.982, 95
Trd, 8639654.232, 89
Trd, 8639654.482, 61
Trd, 8639657.332, 69
Trd, 8639657.982, 88
Trd, 8639658.632, 77
Trd, 8639659.132, 95
Trd, 8639660.532, 81
Trd, 8639661.532, 95
Trd, 8639662.732, 90
Trd, 8639664.332, 90
Trd, 8639665.332, 112
Trd, 8639666.232, 111
Trd, 8639666.882, 89
Trd, 8639668.132, 88
Trd, 8639668.382, 114
Trd, 8639669.532, 88
Trd, 8639669.832, 87
Trd, 8639671.032, 122
Trd, 8639671.632, 126
Trd, 8639672.082, 116
Trd, 8639673.282, 121
Trd, 8639675.732, 78
Trd, 8639677.632, 82
Trd, 8639677.882, 95
Trd, 8639679.882, 88
Trd, 8639680.782, 120
Trd, 8639681.432, 90
Trd, 8639681.582, 89
Trd, 8639682.082, 86
Trd, 8639682.282, 116
Trd, 8639683.832, 68
Trd, 8639684.332, 86
Trd, 8639685.682, 119
Trd, 8639687.982, 67
Trd, 8639688.482, 69
Trd, 8639689.582, 79
Trd, 8639689.882, 67
Trd, 8639693.732, 78
Trd, 8639695.232, 88
Trd, 8639695.982, 103
Trd, 8639696.082, 86
Trd, 8639697.232, 87
Trd, 8639697.782, 114
Trd, 8639698.332, 79
Trd, 8639699.232, 79
Trd, 8639699.582, 86
Trd, 8639700.282, 119
Trd, 8639702.282, 121
Trd, 8639702.482, 95
Trd, 8639703.232, 88
Trd, 8639705.032, 90
Trd, 8639705.732, 112
Trd, 8639706.082, 88
Trd, 8639707.982, 112
Trd, 8639708.332, 113
Trd, 8639708.432, 82
Trd, 8639709.782, 82
Trd, 8639710.132, 113
Trd, 8639710.732, 89
Trd, 8639713.482, 83
Trd, 8639713.532, 82
Trd, 8639714.282, 87
Trd, 8639714.532, 95
Trd, 8639714.582, 80
Trd, 8639715.532, 78
Trd, 8639718.182, 101
Trd, 8639718.432, 87
Trd, 8639719.032, 88
Trd, 8639719.932, 86
Trd, 8639720.382, 88
Trd, 8639722.332, 98
Trd, 8639722.632, 118
Trd, 8639724.182, 86
Trd, 8639725.282, 89
Trd, 8639725.432, 88
Trd, 8639726.732, 89
Trd, 8639727.432, 126
Trd, 8639727.582, 88
Trd, 8639728.582, 92
Trd, 8639729.532, 89
Trd, 8639730.032, 96
Trd, 8639731.232, 90
Trd, 8639731.882, 89
Trd, 8639732.532, 101
Trd, 8639733.882, 112
Trd, 8639735.732, 110
Trd, 8639736.432, 122
Trd, 8639736.582, 123
Trd, 8639738.432, 97
Trd, 8639738.832, 94
Trd, 8639739.682, 115
Trd, 8639739.882, 95
Trd, 8639740.132, 86
Trd, 8639740.282, 115
Trd, 8639741.282, 79
Trd, 8639745.482, 81
Trd, 8639746.682, 87
Trd, 8639747.382, 96
Trd, 8639747.432, 85
Trd, 8639747.632, 100
Trd, 8639750.332, 109
Trd, 8639751.532, 113
Trd, 8639752.032, 91
Trd, 8639753.082, 87
Trd, 8639754.832, 89
Trd, 8639755.332, 106
Trd, 8639755.632, 107
Trd, 8639756.032, 88
Trd, 8639757.282, 88
Trd, 8639757.432, 120
Trd, 8639757.832, 86
Trd, 8639760.032, 122
Trd, 8639760.532, 81
Trd, 8639761.882, 131
Trd, 8639762.782, 82
Trd, 8639762.932, 123
Trd, 8639764.432, 89
Trd, 8639765.632, 89
Trd, 8639766.632, 91
Trd, 8639766.732, 90
Trd, 8639767.632, 117
Trd, 8639769.932, 94
Trd, 8639771.582, 113
Trd, 8639772.182, 113
Trd, 8639772.282, 114
Trd, 8639772.382, 88
Trd, 8639772.782, 87
Trd, 8639774.282, 86
Trd, 8639775.282, 89
Trd, 8639775.732, 72
Trd, 8639777.782, 77
Trd, 8639777.882, 74
Trd, 8639780.432, 81
Trd, 8639780.832, 87
Trd, 8639781.582, 84
Trd, 8639781.682, 95
Trd, 8639782.632, 114
Trd, 8639783.382, 89
Trd, 8639783.782, 115
Trd, 8639783.932, 88
Trd, 8639784.782, 122
Trd, 8639786.382, 73
Trd, 8639786.832, 81
Trd, 8639790.232, 82
Trd, 8639790.682, 87
Trd, 8639791.582, 87
Trd, 8639792.782, 89
Trd, 8639793.032, 87
Trd, 8639793.582, 95
Trd, 8639794.132, 104
Trd, 8639794.632, 78
Trd, 8639794.882, 113
Trd, 8639796.782, 121
Trd, 8639796.882, 77
Trd, 8639798.532, 87
Trd, 8639798.982, 73
Trd, 8639799.682, 74
Trd, 8639799.782, 89
Trd, 8639802.482, 81
Trd, 8639802.682, 78
Trd, 8639804.832, 88
Trd, 8639805.882, 95
Trd, 8639807.032, 86
Trd, 8639807.732, 104
Trd, 8639809.582, 87
Trd, 8639810.732, 78
Trd, 8639812.732, 73
Trd, 8639812.882, 90
Trd, 8639813.632, 95
Trd, 8639814.432, 75
Trd, 8639815.632, 81
Trd, 8639815.732, 95
Trd, 8639816.182, 77
Trd, 8639816.382, 104
Trd, 8639817.132, 77
Trd, 8639818.482, 131
Trd, 8639820.032, 113
Trd, 8639820.982, 104
Trd, 8639821.032, 95
Trd, 8639821.582, 120
Trd, 8639822.232, 87
Trd, 8639824.932, 126
Trd, 8639825.132, 122
Trd, 8639825.832, 113
Trd, 8639826.832, 86
Trd, 8639827.232, 77
Trd, 8639829.482, 78
Trd, 8639831.082, 103
Trd, 8639831.282, 81
Trd, 8639831.632, 104
Trd, 8639831.882, 116
Trd, 8639832.632, 124
Trd, 8639832.882, 81
Trd, 8639835.132, 89
Trd, 8639835.782, 86
Trd, 8639835.932, 90
Trd, 8639836.132, 95
Trd, 8639837.782, 126
Trd, 8639838.332, 85
Trd, 8639839.532, 71
Trd, 8639840.882, 86
Trd, 8639840.982, 76
Trd, 8639841.682, 104
Trd, 8639842.382, 79
Trd, 8639842.632, 77
Trd, 8639844.532, 88
Trd, 8639845.882, 95
Trd, 8639846.532, 119
Trd, 8639848.132, 90
Trd, 8639848.232, 104
Trd, 8639848.582, 87
Trd, 8639849.832, 89
Trd, 8639849.932, 86
Trd, 8639851.032, 82
Trd, 8639852.282, 116
Trd, 8639852.732, 84
Trd, 8639852.982, 120
Trd, 8639853.682, 122
Trd, 8639855.832, 95
Trd, 8639857.082, 90
Trd, 8639857.282, 79
Trd, 8639857.482, 104
Trd, 8639857.732, 79
Trd, 8639860.032, 74
Trd, 8639862.132, 85
Trd, 8639862.982, 87
Trd, 8639863.382, 104
Trd, 8639863.532, 84
Trd, 8639864.732, 115
Trd, 8639865.182, 85
Trd, 8639866.582, 112
Trd, 8639866.882, 113
Trd, 8639866.982, 86
Trd, 8639869.882, 77
Trd, 8639869.982, 90
Trd, 8639870.882, 78
Trd, 8639871.232, 77
Trd, 8639872.832, 89
Trd, 8639875.482, 83
Trd, 8639876.032, 83
Trd, 8639877.032, 97
Trd, 8639878.782, 86
Trd, 8639880.232, 109
Trd, 8639881.082, 119
Trd, 8639881.482, 89
Trd, 8639881.632, 88
Trd, 8639883.032, 89
Trd, 8639883.732, 87
Trd, 8639884.982, 114
Trd, 8639886.132, 85
Trd, 8639886.432, 84
Trd, 8639886.632, 122
Trd, 8639888.782, 78
Trd, 8639889.382, 95
Trd, 8639890.282, 97
Trd, 8639890.532, 74
Trd, 8639890.932, 115
Trd, 8639892.432, 79
Trd, 8639892.932, 78
Trd, 8639894.332, 88
Trd, 8639895.482, 84
Trd, 8639895.982, 95
Trd, 8639896.382, 86
Trd, 8639897.382, 104
Trd, 8639897.832, 116
Trd, 8639898.382, 92
Trd, 8639899.682, 78
Trd, 8639900.382, 114
Trd, 8639902.632, 82
Trd, 8639903.032, 77
Trd, 8639904.482, 71
Trd, 8639905.382, 113
Trd, 8639905.732, 113
Trd, 8639906.632, 131
Trd, 8639907.182, 134
Trd, 8639907.932, 77
Trd, 8639908.682, 78
Trd, 8639909.432, 82
Trd, 8639913.282, 95
Trd, 8639913.632, 88
Trd, 8639913.682, 104
Trd, 8639915.532, 91
Trd, 8639915.982, 89
Trd, 8639916.232, 88
Trd, 8639916.332, 86
Trd, 8639917.982, 81
Trd, 8639919.032, 75
Trd, 8639919.482, 95
Trd, 8639919.782, 76
Trd, 8639920.432, 103
Trd, 8639923.132, 88
Trd, 8639923.532, 88
Trd, 8639924.282, 87
Trd, 8639924.382, 109
Trd, 8639925.582, 110
Trd, 8639926.182, 86
Trd, 8639928.182, 90
Trd, 8639929.582, 95
Trd, 8639929.682, 82
Trd, 8639929.832, 104
Trd, 8639930.182, 82
Trd, 8639931.332, 79
Trd, 8639932.332, 111
Trd, 8639933.682, 86
Trd, 8639933.882, 112
Trd, 8639934.382, 83
Trd, 8639935.282, 83
Trd, 8639937.282, 90
Trd, 8639937.382, 89
Trd, 8639939.082, 125
Trd, 8639939.982, 120
Trd, 8639940.132, 104
Trd, 8639940.932, 123
Trd, 8639942.082, 89
Trd, 8639942.782, 114
Trd, 8639943.782, 78
Trd, 8639944.232, 87
Trd, 8639946.782, 123
Trd, 8639947.182, 113
Trd, 8639948.132, 85
Trd, 8639948.982, 84
Trd, 8639950.232, 82
Trd, 8639950.782, 91
Trd, 8639952.532, 84
Trd, 8639953.732, 122
Trd, 8639953.932, 86
Trd, 8639955.582, 121
Trd, 8639955.782, 88
Trd, 8639956.232, 88
Trd, 8639956.332, 121
Trd, 8639957.632, 88
Trd, 8639957.982, 82
Trd, 8639958.332, 120
Trd, 8639958.482, 81
Trd, 8639960.232, 77
Trd, 8639960.582, 121
Trd, 8639962.082, 78
Trd, 8639962.432, 77
Trd, 8639962.582, 114
Trd, 8639963.232, 117
Trd, 8639963.732, 76
Trd, 8639964.132, 125
Trd, 8639968.582, 86
Trd, 8639969.082, 73
Trd, 8639970.182, 79
Trd, 8639970.632, 78
Trd, 8639970.832, 95
Trd, 8639971.882, 80
Trd, 8639972.882, 114
Trd, 8639973.082, 81
Trd, 8639973.182, 81
Trd, 8639974.732, 92
Trd, 8639978.082, 112
Trd, 8639979.382, 113
Trd, 8639979.632, 98
Trd, 8639980.382, 96
Trd, 8639980.482, 96
Trd, 8639980.582, 95
Trd, 8639980.982, 86
Trd, 8639981.782, 116
Trd, 8639983.132, 91
Trd, 8639984.482, 81
Trd, 8639984.832, 95
Trd, 8639987.482, 82
Trd, 8639988.132, 82
Trd, 8639988.432, 77
Trd, 8639989.832, 104
Trd, 8639991.032, 71
Trd, 8639991.332, 90
Trd, 8639993.082, 95
Trd, 8639993.532, 76
Trd, 8639993.782, 104
Trd, 8639995.532, 79
Trd, 8639996.382, 78
Trd, 8639997.832, 89
Trd, 8639997.932, 81
Trd, 8639998.982, 83
