Trd, 8637896.682, 104
Trd, 8637897.582, 140
Trd, 8637900.032, 106
Trd, 8637900.832, 97
Trd, 8637904.232, 103
Trd, 8637904.382, 104
Trd, 8637905.482, 103
Trd, 8637905.782, 104
Trd, 8637906.032, 102
Trd, 8637908.482, 106
Trd, 8637908.932, 106
Trd, 8637909.982, 103
Trd, 8637913.482, 101
Trd, 8637915.432, 108
Trd, 8637915.882, 109
Trd, 8637917.682, 104
Trd, 8637918.182, 98
Trd, 8637919.032, 115
Trd, 8637921.982, 106
Trd, 8637923.482, 105
Trd, 8637923.882, 104
Trd, 8637923.982, 106
Trd, 8637924.632, 86
Trd, 8637925.982, 112
Trd, 8637929.132, 105
Trd, 8637929.782, 104
Trd, 8637931.432, 94
Trd, 8637931.532, 107
Trd, 8637931.882, 104
Trd, 8637933.432, 112
Trd, 8637936.332, 105
Trd, 8637937.632, 106
Trd, 8637937.732, 104
Trd, 8637940.882, 112
Trd, 8637940.932, 113
Trd, 8637941.832, 90
Trd, 8637942.432, 96
Trd, 8637944.582, 92
Trd, 8637944.982, 104
Trd, 8637947.832, 105
Trd, 8637949.232, 104
Trd, 8637950.482, 104
Trd, 8637951.232, 105
Trd, 8637952.032, 105
Trd, 8637954.132, 77
Trd, 8637955.582, 100
Trd, 8637956.432, 99
Trd, 8637956.982, 102
Trd, 8637958.782, 103
Trd, 8637959.482, 95
Trd, 8637961.332, 104
Trd, 8637962.582, 106
Trd, 8637963.582, 94
Trd, 8637964.482, 106
Trd, 8637968.382, 95
Trd, 8637969.382, 96
Trd, 8637969.432, 95
Trd, 8637971.532, 101
Trd, 8637972.332, 98
Trd, 8637972.582, 86
Trd, 8637972.932, 99
Trd, 8637974.132, 108
Trd, 8637974.282, 114
Trd, 8637978.182, 99
Trd, 8637978.332, 101
Trd, 8637979.832, 107
Trd, 8637980.582, 94
Trd, 8637982.632, 105
Trd, 8637985.082, 97
Trd, 8637985.382, 97
Trd, 8637986.532, 95
Trd, 8637986.582, 114
Trd, 8637988.532, 99
Trd, 8637989.082, 102
Trd, 8637989.382, 104
Trd, 8637990.732, 80
Trd, 8637992.532, 108
Trd, 8637994.332, 102
Trd, 8637995.932, 97
Trd, 8637997.082, 100
Trd, 8637997.382, 101
Trd, 8637998.232, 104
Trd, 8638000.032, 113
Trd, 8638000.432, 112
Trd, 8638001.932, 100
Trd, 8638002.382, 99
Trd, 8638004.482, 103
Trd, 8638005.832, 103
Trd, 8638006.032, 102
Trd, 8638008.032, 96
Trd, 8638008.082, 97
Trd, 8638009.832, 112
Trd, 8638010.082, 97
Trd, 8638011.132, 116
Trd, 8638013.032, 85
Trd, 8638014.532, 109
Trd, 8638014.782, 111
Trd, 8638019.882, 100
Trd, 8638020.732, 99
Trd, 8638020.982, 100
Trd, 8638021.532, 100
Trd, 8638024.382, 113
Trd, 8638024.982, 112
Trd, 8638026.082, 108
Trd, 8638027.182, 100
Trd, 8638027.532, 104
Trd, 8638029.132, 106
Trd, 8638029.932, 112
Trd, 8638031.332, 104
Trd, 8638032.932, 107
Trd, 8638033.932, 108
Trd, 8638034.382, 112
Trd, 8638034.832, 103
Trd, 8638036.182, 95
Trd, 8638037.732, 106
Trd, 8638040.082, 106
Trd, 8638040.282, 110
Trd, 8638043.132, 97
Trd, 8638043.482, 97
Trd, 8638043.982, 97
Trd, 8638044.832, 95
Trd, 8638046.382, 87
Trd, 8638048.382, 91
Trd, 8638049.382, 89
Trd, 8638050.882, 90
Trd, 8638051.682, 91
Trd, 8638052.132, 90
Trd, 8638053.432, 106
Trd, 8638054.082, 115
Trd, 8638055.382, 111
Trd, 8638059.682, 94
Trd, 8638062.382, 105
Trd, 8638062.482, 106
Trd, 8638063.482, 97
Trd, 8638065.182, 104
Trd, 8638066.532, 120
Trd, 8638067.282, 105
Trd, 8638070.432, 99
Trd, 8638070.532, 98
Trd, 8638071.282, 97
Trd, 8638071.632, 106
Trd, 8638073.032, 69
Trd, 8638074.882, 105
Trd, 8638076.832, 101
Trd, 8638077.232, 105
Trd, 8638079.032, 113
Trd, 8638080.082, 108
Trd, 8638081.882, 110
Trd, 8638081.982, 91
Trd, 8638083.682, 104
Trd, 8638086.032, 102
Trd, 8638086.182, 101
Trd, 8638086.932, 103
Trd, 8638088.332, 101
Trd, 8638088.532, 95
Trd, 8638088.632, 104
Trd, 8638089.132, 110
Trd, 8638089.432, 118
Trd, 8638092.732, 103
Trd, 8638094.632, 90
Trd, 8638096.582, 97
Trd, 8638097.182, 98
Trd, 8638098.182, 104
Trd, 8638099.282, 96
Trd, 8638099.882, 96
Trd, 8638100.782, 97
Trd, 8638100.982, 107
Trd, 8638105.882, 98
Trd, 8638106.332, 97
Trd, 8638106.482, 122
Trd, 8638109.082, 97
Trd, 8638109.532, 99
Trd, 8638111.032, 100
Trd, 8638111.682, 102
Trd, 8638112.982, 98
Trd, 8638114.382, 81
Trd, 8638114.882, 100
Trd, 8638115.682, 95
Trd, 8638118.432, 98
Trd, 8638118.632, 98
Trd, 8638118.932, 74
Trd, 8638120.882, 91
Trd, 8638122.482, 89
Trd, 8638123.632, 109
Trd, 8638125.382, 109
Trd, 8638126.032, 94
Trd, 8638129.582, 97
Trd, 8638131.032, 107
Trd, 8638131.782, 100
Trd, 8638131.882, 104
Trd, 8638136.782, 89
Trd, 8638137.132, 93
Trd, 8638137.432, 95
Trd, 8638138.582, 103
Trd, 8638139.282, 104
Trd, 8638143.882, 103
Trd, 8638144.182, 104
Trd, 8638144.282, 102
Trd, 8638147.182, 87
Trd, 8638148.382, 110
Trd, 8638148.582, 125
Trd, 8638150.132, 114
Trd, 8638151.882, 101
Trd, 8638152.182, 102
Trd, 8638153.082, 102
Trd, 8638154.882, 88
Trd, 8638154.932, 97
Trd, 8638155.532, 105
Trd, 8638156.182, 105
Trd, 8638158.782, 106
Trd, 8638160.182, 109
Trd, 8638162.182, 102
Trd, 8638162.832, 102
Trd, 8638165.332, 102
Trd, 8638167.482, 106
Trd, 8638167.782, 99
Trd, 8638169.082, 100
Trd, 8638169.282, 101
Trd, 8638169.332, 114
Trd, 8638171.282, 93
Trd, 8638173.682, 107
Trd, 8638177.132, 98
Trd, 8638177.632, 107
Trd, 8638179.182, 102
Trd, 8638179.632, 105
Trd, 8638181.082, 111
Trd, 8638182.532, 106
Trd, 8638184.082, 95
Trd, 8638184.632, 106
Trd, 8638184.682, 109
Trd, 8638186.382, 104
Trd, 8638187.332, 111
Trd, 8638189.232, 104
Trd, 8638189.482, 111
Trd, 8638193.332, 101
Trd, 8638194.032, 99
Trd, 8638194.182, 105
Trd, 8638194.382, 91
Trd, 8638196.182, 116
Trd, 8638196.732, 89
Trd, 8638198.482, 104
Trd, 8638200.032, 101
Trd, 8638200.732, 95
Trd, 8638202.232, 92
Trd, 8638204.032, 93
Trd, 8638206.182, 91
Trd, 8638206.532, 92
Trd, 8638206.582, 105
Trd, 8638207.532, 120
Trd, 8638208.032, 77
Trd, 8638208.982, 106
Trd, 8638209.182, 69
Trd, 8638211.382, 109
Trd, 8638212.082, 111
Trd, 8638214.482, 113
Trd, 8638216.332, 111
Trd, 8638218.282, 96
Trd, 8638220.132, 95
Trd, 8638222.232, 97
Trd, 8638223.932, 83
Trd, 8638225.482, 94
Trd, 8638225.982, 87
Trd, 8638226.232, 93
Trd, 8638227.282, 116
Trd, 8638229.582, 93
Trd, 8638229.782, 109
Trd, 8638230.832, 107
Trd, 8638232.032, 104
Trd, 8638233.932, 90
Trd, 8638235.532, 104
Trd, 8638237.582, 94
Trd, 8638239.932, 102
Trd, 8638240.732, 101
Trd, 8638240.832, 105
Trd, 8638241.732, 102
Trd, 8638242.532, 101
Trd, 8638245.482, 95
Trd, 8638245.882, 95
Trd, 8638245.982, 96
Trd, 8638246.632, 107
Trd, 8638247.082, 87
Trd, 8638247.882, 130
Trd, 8638250.982, 129
Trd, 8638251.532, 93
Trd, 8638252.332, 115
Trd, 8638253.882, 103
Trd, 8638255.182, 90
Trd, 8638256.132, 105
Trd, 8638259.132, 93
Trd, 8638259.432, 93
Trd, 8638260.082, 94
Trd, 8638263.882, 110
Trd, 8638264.582, 109
Trd, 8638265.182, 86
Trd, 8638269.232, 99
Trd, 8638269.782, 100
Trd, 8638269.882, 99
Trd, 8638270.282, 105
Trd, 8638271.232, 108
Trd, 8638271.932, 114
Trd, 8638274.332, 99
Trd, 8638276.282, 103
Trd, 8638277.732, 102
Trd, 8638277.782, 87
Trd, 8638280.632, 104
Trd, 8638280.782, 104
Trd, 8638280.982, 105
Trd, 8638282.632, 112
Trd, 8638285.382, 104
Trd, 8638285.682, 106
Trd, 8638286.932, 92
Trd, 8638288.282, 105
Trd, 8638288.532, 118
Trd, 8638292.882, 96
Trd, 8638292.932, 98
Trd, 8638292.982, 99
Trd, 8638295.432, 97
Trd, 8638296.982, 98
Trd, 8638298.282, 107
Trd, 8638299.932, 106
Trd, 8638300.182, 99
Trd, 8638302.182, 104
Trd, 8638303.882, 102
Trd, 8638304.082, 102
Trd, 8638304.682, 103
Trd, 8638305.932, 105
Trd, 8638306.032, 96
Trd, 8638309.582, 100
Trd, 8638309.982, 103
Trd, 8638310.682, 114
Trd, 8638312.532, 97
Trd, 8638315.332, 104
Trd, 8638315.932, 104
Trd, 8638317.782, 102
Trd, 8638319.332, 98
Trd, 8638319.732, 91
Trd, 8638321.632, 95
Trd, 8638321.982, 94
Trd, 8638325.332, 104
Trd, 8638325.882, 102
Trd, 8638326.182, 103
Trd, 8638326.832, 96
Trd, 8638328.182, 106
Trd, 8638329.582, 108
Trd, 8638330.082, 98
Trd, 8638331.032, 105
Trd, 8638331.832, 116
Trd, 8638335.682, 102
Trd, 8638336.532, 104
Trd, 8638337.682, 104
Trd, 8638339.582, 100
Trd, 8638340.482, 100
Trd, 8638341.432, 108
Trd, 8638343.782, 102
Trd, 8638344.582, 101
Trd, 8638345.282, 101
Trd, 8638345.482, 95
Trd, 8638346.682, 103
Trd, 8638351.532, 111
Trd, 8638353.432, 103
Trd, 8638353.482, 104
Trd, 8638353.832, 110
Trd, 8638354.832, 109
Trd, 8638355.982, 104
Trd, 8638357.282, 114
Trd, 8638357.632, 114
Trd, 8638359.232, 92
Trd, 8638360.082, 93
Trd, 8638363.032, 102
Trd, 8638363.432, 118
Trd, 8638364.532, 99
Trd, 8638365.032, 104
Trd, 8638366.782, 98
Trd, 8638367.032, 97
Trd, 8638368.132, 102
Trd, 8638368.282, 104
Trd, 8638369.282, 96
Trd, 8638369.582, 121
Trd, 8638372.632, 103
Trd, 8638375.032, 95
Trd, 8638376.032, 93
Trd, 8638376.082, 95
Trd, 8638376.282, 93
Trd, 8638376.632, 105
Trd, 8638378.432, 113
Trd, 8638381.082, 91
Trd, 8638381.732, 98
Trd, 8638383.232, 101
Trd, 8638385.132, 96
Trd, 8638385.732, 97
Trd, 8638387.232, 104
Trd, 8638387.932, 131
Trd, 8638389.582, 105
Trd, 8638391.882, 95
Trd, 8638394.432, 91
Trd, 8638395.232, 94
Trd, 8638395.732, 117
Trd, 8638397.232, 121
Trd, 8638397.582, 114
Trd, 8638397.832, 102
Trd, 8638401.782, 128
Trd, 8638403.482, 119
Trd, 8638404.132, 91
Trd, 8638405.532, 101
Trd, 8638406.082, 102
Trd, 8638409.182, 99
Trd, 8638409.232, 101
Trd, 8638409.332, 98
Trd, 8638411.932, 99
Trd, 8638412.182, 101
Trd, 8638412.432, 86
Trd, 8638414.532, 103
Trd, 8638415.232, 104
Trd, 8638419.632, 111
Trd, 8638420.582, 106
Trd, 8638421.032, 108
Trd, 8638421.782, 110
Trd, 8638422.282, 111
Trd, 8638422.832, 118
Trd, 8638424.532, 119
Trd, 8638425.682, 93
Trd, 8638428.282, 96
Trd, 8638430.132, 107
Trd, 8638431.132, 106
Trd, 8638433.332, 98
Trd, 8638433.532, 99
Trd, 8638434.582, 102
Trd, 8638435.882, 102
Trd, 8638436.582, 112
Trd, 8638436.682, 87
Trd, 8638437.432, 112
Trd, 8638437.732, 109
Trd, 8638443.632, 102
Trd, 8638443.682, 105
Trd, 8638444.882, 97
Trd, 8638445.782, 95
Trd, 8638446.082, 119
Trd, 8638447.282, 104
Trd, 8638448.432, 85
Trd, 8638449.332, 103
Trd, 8638451.332, 89
Trd, 8638451.882, 99
Trd, 8638452.582, 100
Trd, 8638453.232, 109
Trd, 8638456.282, 112
Trd, 8638458.582, 105
Trd, 8638459.682, 102
Trd, 8638460.382, 103
Trd, 8638460.732, 89
Trd, 8638462.582, 107
Trd, 8638462.782, 88
Trd, 8638465.032, 100
Trd, 8638465.932, 98
Trd, 8638468.132, 104
Trd, 8638469.282, 105
Trd, 8638469.682, 120
Trd, 8638472.182, 92
Trd, 8638474.432, 105
Trd, 8638475.682, 96
Trd, 8638475.832, 101
Trd, 8638476.782, 103
Trd, 8638478.332, 105
Trd, 8638478.382, 111
Trd, 8638478.582, 98
Trd, 8638480.382, 111
Trd, 8638482.832, 104
Trd, 8638484.632, 105
Trd, 8638485.132, 105
Trd, 8638485.432, 109
Trd, 8638486.082, 104
Trd, 8638486.932, 114
Trd, 8638488.182, 96
Trd, 8638489.082, 113
Trd, 8638492.232, 104
Trd, 8638493.432, 104
Trd, 8638493.982, 104
Trd, 8638494.032, 102
Trd, 8638494.432, 114
Trd, 8638496.582, 102
Trd, 8638499.332, 93
Trd, 8638499.382, 100
Trd, 8638500.232, 99
Trd, 8638501.882, 81
Trd, 8638506.932, 99
Trd, 8638507.132, 100
Trd, 8638507.232, 101
Trd, 8638509.532, 98
Trd, 8638510.182, 106
Trd, 8638510.832, 105
Trd, 8638513.582, 111
Trd, 8638515.032, 105
Trd, 8638517.082, 97
Trd, 8638518.532, 99
Trd, 8638518.682, 100
Trd, 8638520.182, 113
Trd, 8638521.432, 89
Trd, 8638522.332, 108
Trd, 8638522.982, 89
Trd, 8638524.332, 104
Trd, 8638526.532, 117
Trd, 8638529.932, 100
Trd, 8638531.382, 103
Trd, 8638531.632, 106
Trd, 8638532.232, 118
Trd, 8638532.982, 121
Trd, 8638533.382, 99
Trd, 8638533.982, 119
Trd, 8638535.932, 115
Trd, 8638537.232, 102
Trd, 8638537.732, 104
Trd, 8638539.632, 102
Trd, 8638542.532, 98
Trd, 8638543.332, 96
Trd, 8638543.932, 95
Trd, 8638545.432, 88
Trd, 8638545.732, 97
Trd, 8638548.632, 103
Trd, 8638551.882, 93
Trd, 8638551.932, 91
Trd, 8638552.082, 94
Trd, 8638553.432, 93
Trd, 8638554.232, 91
Trd, 8638555.882, 109
Trd, 8638558.932, 104
Trd, 8638559.532, 99
Trd, 8638560.282, 98
Trd, 8638562.182, 105
Trd, 8638562.882, 108
Trd, 8638565.482, 112
Trd, 8638566.432, 97
Trd, 8638570.082, 101
Trd, 8638570.582, 97
Trd, 8638571.032, 96
Trd, 8638571.932, 97
Trd, 8638572.282, 104
Trd, 8638574.732, 109
Trd, 8638575.682, 105
Trd, 8638577.432, 91
Trd, 8638580.482, 97
Trd, 8638580.582, 98
Trd, 8638582.332, 97
Trd, 8638582.832, 96
Trd, 8638583.232, 102
Trd, 8638585.682, 113
Trd, 8638585.932, 116
Trd, 8638587.032, 112
Trd, 8638589.882, 100
Trd, 8638590.982, 100
Trd, 8638591.732, 96
Trd, 8638592.932, 100
Trd, 8638593.182, 107
Trd, 8638593.382, 115
Trd, 8638596.682, 104
Trd, 8638596.882, 101
Trd, 8638600.832, 101
Trd, 8638600.932, 100
Trd, 8638601.882, 101
Trd, 8638602.032, 108
Trd, 8638605.482, 104
Trd, 8638607.432, 104
Trd, 8638607.582, 105
Trd, 8638607.682, 96
Trd, 8638609.182, 112
Trd, 8638609.682, 117
Trd, 8638610.832, 107
Trd, 8638611.532, 101
Trd, 8638614.332, 101
Trd, 8638615.532, 96
Trd, 8638617.432, 103
Trd, 8638617.532, 104
Trd, 8638620.132, 99
Trd, 8638620.482, 101
Trd, 8638621.682, 101
Trd, 8638622.632, 99
Trd, 8638624.182, 87
Trd, 8638625.282, 97
Trd, 8638626.032, 112
Trd, 8638626.832, 111
Trd, 8638628.182, 109
Trd, 8638629.432, 107
Trd, 8638629.632, 120
Trd, 8638630.332, 91
Trd, 8638633.532, 105
Trd, 8638635.632, 107
Trd, 8638637.132, 103
Trd, 8638637.732, 103
Trd, 8638638.782, 113
Trd, 8638641.082, 111
Trd, 8638641.182, 107
Trd, 8638641.232, 100
Trd, 8638644.632, 103
Trd, 8638645.432, 95
Trd, 8638646.182, 103
Trd, 8638647.282, 95
Trd, 8638647.982, 93
Trd, 8638648.282, 111
Trd, 8638651.182, 106
Trd, 8638651.332, 101
Trd, 8638653.432, 100
Trd, 8638653.782, 100
Trd, 8638654.232, 113
Trd, 8638656.232, 88
Trd, 8638657.032, 112
Trd, 8638659.082, 93
Trd, 8638659.232, 101
Trd, 8638660.132, 103
Trd, 8638660.682, 72
Trd, 8638660.832, 103
Trd, 8638662.632, 105
Trd, 8638664.732, 130
Trd, 8638665.832, 115
Trd, 8638667.882, 99
Trd, 8638669.532, 111
Trd, 8638670.832, 111
Trd, 8638670.932, 112
Trd, 8638673.932, 98
Trd, 8638674.132, 109
Trd, 8638676.682, 103
Trd, 8638677.682, 100
Trd, 8638677.732, 99
Trd, 8638677.832, 103
Trd, 8638677.932, 95
Trd, 8638681.282, 97
Trd, 8638681.782, 92
Trd, 8638682.382, 99
Trd, 8638682.432, 100
Trd, 8638683.482, 105
Trd, 8638684.182, 110
Trd, 8638685.732, 95
Trd, 8638686.132, 68
Trd, 8638688.282, 93
Trd, 8638688.432, 103
Trd, 8638691.732, 111
Trd, 8638693.482, 85
Trd, 8638693.632, 104
Trd, 8638693.782, 117
Trd, 8638697.132, 102
Trd, 8638697.782, 101
Trd, 8638698.782, 107
Trd, 8638701.082, 103
Trd, 8638701.682, 96
Trd, 8638702.232, 97
Trd, 8638704.882, 99
Trd, 8638706.732, 96
Trd, 8638706.932, 97
Trd, 8638710.082, 115
Trd, 8638712.332, 102
Trd, 8638712.932, 103
Trd, 8638714.632, 98
Trd, 8638716.532, 103
Trd, 8638716.782, 103
Trd, 8638717.682, 91
Trd, 8638718.482, 107
Trd, 8638720.432, 106
Trd, 8638721.032, 95
Trd, 8638725.382, 102
Trd, 8638725.832, 100
Trd, 8638726.832, 99
Trd, 8638728.832, 98
Trd, 8638730.282, 125
Trd, 8638732.082, 99
Trd, 8638733.932, 104
Trd, 8638734.832, 107
Trd, 8638737.382, 105
Trd, 8638737.832, 104
Trd, 8638738.282, 95
Trd, 8638738.732, 106
Trd, 8638738.832, 115
Trd, 8638739.432, 120
Trd, 8638739.932, 87
Trd, 8638741.082, 110
Trd, 8638745.432, 108
Trd, 8638745.882, 109
Trd, 8638746.832, 81
Trd, 8638750.082, 102
Trd, 8638751.382, 109
Trd, 8638753.532, 108
Trd, 8638754.032, 95
Trd, 8638755.682, 104
Trd, 8638757.282, 101
Trd, 8638758.232, 102
Trd, 8638759.882, 100
Trd, 8638760.782, 104
Trd, 8638760.932, 100
Trd, 8638761.182, 115
Trd, 8638761.782, 95
Trd, 8638762.382, 113
Trd, 8638767.432, 98
Trd, 8638767.832, 100
Trd, 8638768.482, 93
Trd, 8638771.632, 96
Trd, 8638771.732, 101
Trd, 8638774.632, 97
Trd, 8638775.382, 98
Trd, 8638777.032, 98
Trd, 8638777.932, 109
Trd, 8638778.082, 98
Trd, 8638780.982, 96
Trd, 8638783.632, 102
Trd, 8638784.382, 104
Trd, 8638785.682, 102
Trd, 8638786.082, 117
Trd, 8638789.082, 106
Trd, 8638789.432, 109
Trd, 8638790.382, 96
Trd, 8638791.632, 101
Trd, 8638792.532, 102
Trd, 8638792.932, 96
Trd, 8638795.182, 102
Trd, 8638796.632, 102
Trd, 8638799.732, 101
Trd, 8638800.082, 105
Trd, 8638800.932, 94
Trd, 8638800.982, 117
Trd, 8638802.732, 99
Trd, 8638802.832, 112
Trd, 8638805.132, 103
Trd, 8638806.532, 99
Trd, 8638806.882, 101
Trd, 8638811.432, 100
Trd, 8638812.482, 99
Trd, 8638813.232, 99
Trd, 8638813.632, 107
Trd, 8638815.432, 96
Trd, 8638815.932, 110
Trd, 8638815.982, 112
Trd, 8638818.232, 110
Trd, 8638822.332, 106
Trd, 8638822.382, 109
Trd, 8638823.132, 99
Trd, 8638825.232, 108
Trd, 8638825.482, 108
Trd, 8638829.332, 103
Trd, 8638830.032, 103
Trd, 8638830.432, 104
Trd, 8638830.882, 125
Trd, 8638833.132, 92
Trd, 8638833.732, 107
Trd, 8638833.782, 108
Trd, 8638835.282, 95
Trd, 8638835.832, 105
Trd, 8638837.182, 108
Trd, 8638838.332, 108
Trd, 8638840.232, 89
Trd, 8638841.282, 109
Trd, 8638843.382, 108
Trd, 8638844.332, 107
Trd, 8638846.682, 104
Trd, 8638846.732, 102
Trd, 8638848.182, 103
Trd, 8638848.382, 104
Trd, 8638848.982, 114
Trd, 8638849.982, 95
Trd, 8638851.982, 104
Trd, 8638853.832, 105
Trd, 8638854.732, 109
Trd, 8638855.582, 95
Trd, 8638856.532, 111
Trd, 8638858.132, 115
Trd, 8638859.982, 104
Trd, 8638861.282, 113
Trd, 8638862.032, 105
Trd, 8638862.532, 104
Trd, 8638864.832, 102
Trd, 8638864.932, 104
Trd, 8638866.832, 105
Trd, 8638867.282, 120
Trd, 8638868.332, 114
Trd, 8638869.082, 104
Trd, 8638871.132, 107
Trd, 8638872.832, 112
Trd, 8638875.132, 101
Trd, 8638875.732, 100
Trd, 8638877.182, 98
Trd, 8638877.332, 97
Trd, 8638879.532, 101
Trd, 8638880.382, 87
Trd, 8638880.482, 99
Trd, 8638883.032, 109
Trd, 8638885.282, 103
Trd, 8638885.832, 103
Trd, 8638887.182, 102
Trd, 8638889.182, 101
Trd, 8638889.682, 100
Trd, 8638890.582, 99
Trd, 8638892.882, 87
Trd, 8638892.982, 86
Trd, 8638893.732, 87
Trd, 8638894.582, 106
Trd, 8638897.282, 110
Trd, 8638897.582, 82
Trd, 8638897.682, 113
Trd, 8638900.732, 100
Trd, 8638901.982, 89
Trd, 8638902.582, 99
Trd, 8638905.032, 101
Trd, 8638905.182, 100
Trd, 8638906.382, 98
Trd, 8638906.432, 106
Trd, 8638907.832, 110
Trd, 8638910.182, 105
Trd, 8638910.882, 104
Trd, 8638911.132, 95
Trd, 8638912.682, 98
Trd, 8638913.232, 94
Trd, 8638916.832, 100
Trd, 8638918.332, 101
Trd, 8638919.532, 79
Trd, 8638919.732, 102
Trd, 8638920.582, 104
Trd, 8638921.882, 106
Trd, 8638922.832, 104
Trd, 8638923.382, 121
Trd, 8638924.132, 82
Trd, 8638927.482, 104
Trd, 8638927.982, 129
Trd, 8638928.082, 95
Trd, 8638929.882, 92
Trd, 8638933.432, 103
Trd, 8638934.232, 111
Trd, 8638934.832, 111
Trd, 8638936.332, 96
Trd, 8638938.232, 103
Trd, 8638938.332, 108
Trd, 8638938.932, 116
Trd, 8638939.532, 95
Trd, 8638941.132, 103
Trd, 8638942.232, 98
Trd, 8638942.832, 99
Trd, 8638943.382, 106
Trd, 8638946.432, 104
Trd, 8638946.532, 105
Trd, 8638947.232, 96
Trd, 8638947.382, 95
Trd, 8638948.832, 105
Trd, 8638950.282, 102
Trd, 8638950.582, 103
Trd, 8638952.282, 114
Trd, 8638952.682, 104
Trd, 8638953.582, 96
Trd, 8638955.832, 114
Trd, 8638957.082, 99
Trd, 8638960.032, 100
Trd, 8638961.082, 98
Trd, 8638961.232, 106
Trd, 8638961.832, 104
Trd, 8638963.532, 106
Trd, 8638963.732, 107
Trd, 8638965.182, 101
Trd, 8638965.382, 98
Trd, 8638966.782, 110
Trd, 8638969.732, 99
Trd, 8638971.032, 101
Trd, 8638971.232, 101
Trd, 8638972.082, 95
Trd, 8638975.732, 96
Trd, 8638976.382, 96
Trd, 8638977.132, 103
Trd, 8638978.282, 109
Trd, 8638979.182, 97
Trd, 8638981.382, 103
Trd, 8638981.432, 104
Trd, 8638982.882, 112
Trd, 8638983.432, 102
Trd, 8638985.732, 108
Trd, 8638985.782, 104
Trd, 8638986.532, 107
Trd, 8638986.882, 107
Trd, 8638987.532, 107
Trd, 8638988.532, 113
Trd, 8638991.632, 99
Trd, 8638993.782, 88
Trd, 8638995.282, 95
Trd, 8638997.332, 105
Trd, 8639000.532, 97
Trd, 8639001.032, 95
Trd, 8639001.382, 97
Trd, 8639002.582, 104
Trd, 8639004.182, 105
Trd, 8639005.432, 96
Trd, 8639007.032, 108
Trd, 8639007.632, 83
Trd, 8639008.782, 102
Trd, 8639012.682, 105
Trd, 8639013.482, 105
Trd, 8639013.882, 104
Trd, 8639014.932, 95
Trd, 8639015.182, 113
Trd, 8639018.132, 102
Trd, 8639019.132, 102
Trd, 8639020.182, 104
Trd, 8639021.282, 94
Trd, 8639024.982, 106
Trd, 8639025.382, 104
Trd, 8639026.982, 104
Trd, 8639027.082, 105
Trd, 8639028.032, 105
Trd, 8639029.782, 97
Trd, 8639030.132, 103
Trd, 8639030.982, 115
Trd, 8639033.732, 103
Trd, 8639034.582, 105
Trd, 8639037.082, 105
Trd, 8639037.232, 104
Trd, 8639040.032, 110
Trd, 8639040.832, 106
Trd, 8639041.082, 96
Trd, 8639042.432, 107
Trd, 8639042.582, 95
Trd, 8639042.732, 113
Trd, 8639044.182, 90
Trd, 8639044.382, 116
Trd, 8639045.682, 104
Trd, 8639048.082, 82
Trd, 8639048.682, 94
Trd, 8639048.982, 104
Trd, 8639052.382, 94
Trd, 8639052.632, 93
Trd, 8639053.132, 93
Trd, 8639054.982, 103
Trd, 8639055.232, 86
Trd, 8639056.932, 102
Trd, 8639057.382, 107
Trd, 8639058.882, 108
Trd, 8639059.432, 109
Trd, 8639061.332, 85
Trd, 8639064.482, 95
Trd, 8639064.582, 95
Trd, 8639064.682, 94
Trd, 8639065.732, 104
Trd, 8639066.382, 122
Trd, 8639069.232, 106
Trd, 8639069.982, 97
Trd, 8639070.332, 116
Trd, 8639073.882, 89
Trd, 8639074.682, 95
Trd, 8639075.332, 120
Trd, 8639076.882, 96
Trd, 8639077.432, 92
Trd, 8639078.932, 99
Trd, 8639079.432, 104
Trd, 8639081.282, 107
Trd, 8639084.482, 98
Trd, 8639085.232, 95
Trd, 8639086.682, 92
Trd, 8639087.232, 91
Trd, 8639089.282, 95
Trd, 8639091.782, 94
Trd, 8639092.882, 91
Trd, 8639093.132, 94
Trd, 8639093.782, 113
Trd, 8639093.882, 93
Trd, 8639094.082, 125
Trd, 8639097.932, 97
Trd, 8639099.282, 88
Trd, 8639101.032, 97
Trd, 8639102.582, 109
Trd, 8639103.382, 106
Trd, 8639104.482, 108
Trd, 8639105.582, 110
Trd, 8639106.782, 103
Trd, 8639108.182, 104
Trd, 8639109.632, 109
Trd, 8639112.182, 101
Trd, 8639112.382, 108
Trd, 8639112.432, 98
Trd, 8639116.332, 87
Trd, 8639116.532, 107
Trd, 8639116.932, 107
Trd, 8639117.382, 109
Trd, 8639118.682, 99
Trd, 8639121.732, 98
Trd, 8639121.982, 99
Trd, 8639122.682, 96
Trd, 8639123.932, 95
Trd, 8639125.132, 97
Trd, 8639126.082, 106
Trd, 8639127.132, 114
Trd, 8639127.482, 114
Trd, 8639128.332, 92
Trd, 8639132.132, 96
Trd, 8639132.532, 95
Trd, 8639132.582, 97
Trd, 8639132.882, 98
Trd, 8639134.532, 104
Trd, 8639136.182, 90
Trd, 8639137.082, 102
Trd, 8639139.782, 97
Trd, 8639139.832, 118
Trd, 8639141.782, 100
Trd, 8639142.782, 104
Trd, 8639145.282, 101
Trd, 8639146.682, 100
Trd, 8639147.232, 100
Trd, 8639148.482, 107
Trd, 8639148.682, 104
Trd, 8639149.132, 96
Trd, 8639150.182, 106
Trd, 8639150.632, 106
Trd, 8639152.132, 101
Trd, 8639153.932, 109
Trd, 8639156.182, 95
Trd, 8639156.232, 111
Trd, 8639157.882, 112
Trd, 8639158.732, 113
Trd, 8639161.682, 105
Trd, 8639161.782, 109
Trd, 8639163.232, 106
Trd, 8639164.232, 97
Trd, 8639164.332, 95
Trd, 8639165.082, 105
Trd, 8639167.632, 102
Trd, 8639168.332, 98
Trd, 8639169.832, 98
Trd, 8639170.382, 98
Trd, 8639173.632, 98
Trd, 8639174.082, 95
Trd, 8639174.832, 87
Trd, 8639177.082, 112
Trd, 8639177.532, 113
Trd, 8639179.282, 92
Trd, 8639179.582, 101
Trd, 8639182.232, 105
Trd, 8639182.732, 104
Trd, 8639183.682, 105
Trd, 8639184.532, 112
Trd, 8639185.832, 97
Trd, 8639187.032, 101
Trd, 8639188.082, 98
Trd, 8639188.882, 91
Trd, 8639189.482, 97
Trd, 8639191.482, 95
Trd, 8639192.282, 104
Trd, 8639193.532, 104
Trd, 8639194.482, 103
Trd, 8639197.082, 98
Trd, 8639197.282, 100
Trd, 8639198.082, 95
Trd, 8639198.232, 104
Trd, 8639199.982, 112
Trd, 8639201.682, 104
Trd, 8639202.532, 116
Trd, 8639203.182, 87
Trd, 8639206.282, 104
Trd, 8639206.982, 110
Trd, 8639207.432, 97
Trd, 8639208.282, 96
Trd, 8639208.382, 110
Trd, 8639209.582, 111
Trd, 8639210.782, 115
Trd, 8639210.932, 98
Trd, 8639215.032, 104
Trd, 8639215.382, 105
Trd, 8639215.832, 97
Trd, 8639216.682, 105
Trd, 8639219.082, 104
Trd, 8639219.932, 105
Trd, 8639221.132, 113
Trd, 8639222.482, 91
Trd, 8639223.432, 101
Trd, 8639224.932, 92
Trd, 8639227.332, 103
Trd, 8639227.832, 99
Trd, 8639229.332, 96
Trd, 8639230.732, 95
Trd, 8639231.232, 94
Trd, 8639231.582, 104
Trd, 8639232.282, 86
Trd, 8639233.832, 112
Trd, 8639233.982, 85
Trd, 8639235.582, 105
Trd, 8639237.682, 101
Trd, 8639237.782, 103
Trd, 8639240.182, 105
Trd, 8639241.832, 114
Trd, 8639242.432, 97
Trd, 8639243.832, 104
Trd, 8639245.032, 120
Trd, 8639246.632, 100
Trd, 8639249.582, 102
Trd, 8639250.132, 101
Trd, 8639250.582, 100
Trd, 8639251.132, 100
Trd, 8639251.582, 107
Trd, 8639252.982, 107
Trd, 8639254.982, 111
Trd, 8639256.882, 109
Trd, 8639257.282, 110
Trd, 8639260.282, 91
Trd, 8639261.632, 103
Trd, 8639262.232, 102
Trd, 8639263.682, 98
Trd, 8639264.532, 97
Trd, 8639266.332, 108
Trd, 8639266.382, 99
Trd, 8639269.682, 106
Trd, 8639270.032, 107
Trd, 8639271.282, 107
Trd, 8639273.232, 105
Trd, 8639273.932, 104
Trd, 8639275.632, 101
Trd, 8639277.382, 95
Trd, 8639277.582, 100
Trd, 8639278.782, 99
Trd, 8639281.032, 97
Trd, 8639281.582, 94
Trd, 8639281.732, 105
Trd, 8639283.082, 111
Trd, 8639287.382, 102
Trd, 8639288.632, 102
Trd, 8639289.832, 104
Trd, 8639291.532, 105
Trd, 8639292.082, 100
Trd, 8639295.032, 105
Trd, 8639295.782, 103
Trd, 8639296.332, 106
Trd, 8639296.532, 101
Trd, 8639297.732, 113
Trd, 8639300.582, 100
Trd, 8639300.682, 105
Trd, 8639304.432, 102
Trd, 8639305.232, 111
Trd, 8639305.782, 110
Trd, 8639306.082, 105
Trd, 8639307.782, 104
Trd, 8639309.532, 102
Trd, 8639310.532, 101
Trd, 8639311.182, 96
Trd, 8639314.282, 96
Trd, 8639314.682, 86
Trd, 8639315.282, 77
Trd, 8639315.832, 103
Trd, 8639318.832, 99
Trd, 8639318.982, 101
Trd, 8639319.432, 105
Trd, 8639319.882, 113
Trd, 8639323.082, 89
Trd, 8639324.882, 101
Trd, 8639324.932, 102
Trd, 8639325.682, 106
Trd, 8639325.732, 93
Trd, 8639328.382, 107
Trd, 8639330.232, 107
Trd, 8639330.882, 106
Trd, 8639332.032, 104
Trd, 8639333.282, 104
Trd, 8639333.432, 106
Trd, 8639334.882, 111
Trd, 8639334.932, 113
Trd, 8639337.982, 113
Trd, 8639338.282, 95
Trd, 8639339.932, 102
Trd, 8639340.282, 102
Trd, 8639341.232, 104
Trd, 8639341.432, 103
Trd, 8639343.232, 114
Trd, 8639344.782, 92
Trd, 8639346.032, 107
Trd, 8639346.532, 121
Trd, 8639347.682, 100
Trd, 8639349.682, 105
Trd, 8639350.232, 83
Trd, 8639352.432, 88
Trd, 8639352.582, 90
Trd, 8639352.932, 105
Trd, 8639354.632, 116
Trd, 8639356.682, 114
Trd, 8639359.182, 99
Trd, 8639359.382, 98
Trd, 8639361.732, 103
Trd, 8639362.432, 111
Trd, 8639363.732, 113
Trd, 8639364.682, 101
Trd, 8639366.232, 106
Trd, 8639366.332, 107
Trd, 8639366.682, 103
Trd, 8639368.432, 87
Trd, 8639369.182, 103
Trd, 8639371.732, 111
Trd, 8639372.182, 112
Trd, 8639374.132, 104
Trd, 8639374.682, 110
Trd, 8639376.282, 89
Trd, 8639376.882, 108
Trd, 8639380.482, 102
Trd, 8639381.182, 103
Trd, 8639381.982, 122
Trd, 8639383.032, 124
Trd, 8639385.432, 100
Trd, 8639386.882, 95
Trd, 8639386.932, 96
Trd, 8639388.632, 107
Trd, 8639389.132, 91
Trd, 8639390.982, 109
Trd, 8639391.132, 110
Trd, 8639393.282, 112
Trd, 8639393.432, 111
Trd, 8639395.532, 104
Trd, 8639395.882, 90
Trd, 8639397.382, 92
Trd, 8639399.082, 105
Trd, 8639402.082, 97
Trd, 8639403.182, 105
Trd, 8639404.082, 104
Trd, 8639405.432, 105
Trd, 8639406.382, 130
Trd, 8639407.832, 92
Trd, 8639408.132, 123
Trd, 8639408.882, 134
Trd, 8639410.332, 113
Trd, 8639413.032, 98
Trd, 8639413.432, 102
Trd, 8639414.382, 111
Trd, 8639414.482, 99
Trd, 8639414.582, 115
Trd, 8639416.332, 113
Trd, 8639417.182, 96
Trd, 8639417.382, 113
Trd, 8639420.232, 117
Trd, 8639422.432, 114
Trd, 8639423.632, 95
Trd, 8639425.382, 115
Trd, 8639426.132, 107
Trd, 8639426.882, 96
Trd, 8639429.032, 90
Trd, 8639430.032, 88
Trd, 8639430.082, 90
Trd, 8639430.632, 108
Trd, 8639433.232, 86
Trd, 8639433.932, 99
Trd, 8639434.182, 105
Trd, 8639434.732, 106
Trd, 8639438.082, 106
Trd, 8639438.782, 105
Trd, 8639440.832, 93
Trd, 8639441.732, 105
Trd, 8639445.232, 100
Trd, 8639445.682, 90
Trd, 8639446.232, 96
Trd, 8639446.382, 90
Trd, 8639447.632, 95
Trd, 8639451.482, 100
Trd, 8639451.632, 96
Trd, 8639452.282, 102
Trd, 8639455.082, 101
Trd, 8639455.932, 86
Trd, 8639458.382, 87
Trd, 8639459.082, 88
Trd, 8639460.032, 91
Trd, 8639461.682, 90
Trd, 8639463.732, 103
Trd, 8639464.682, 106
Trd, 8639465.432, 101
Trd, 8639466.282, 107
Trd, 8639469.232, 104
Trd, 8639469.282, 116
Trd, 8639470.932, 98
Trd, 8639472.782, 113
Trd, 8639474.732, 106
Trd, 8639474.932, 108
Trd, 8639476.132, 104
Trd, 8639477.682, 110
Trd, 8639478.032, 110
Trd, 8639482.182, 107
Trd, 8639483.282, 104
Trd, 8639483.432, 95
Trd, 8639483.632, 105
Trd, 8639488.032, 94
Trd, 8639488.932, 93
Trd, 8639489.632, 95
Trd, 8639491.732, 103
Trd, 8639492.282, 96
Trd, 8639493.832, 106
Trd, 8639493.932, 107
Trd, 8639495.282, 103
Trd, 8639495.532, 98
Trd, 8639498.982, 113
Trd, 8639500.582, 109
Trd, 8639502.482, 110
Trd, 8639503.682, 112
Trd, 8639504.432, 106
Trd, 8639504.832, 110
Trd, 8639507.082, 95
Trd, 8639508.582, 82
Trd, 8639510.232, 103
Trd, 8639510.632, 104
Trd, 8639511.782, 105
Trd, 8639512.082, 88
Trd, 8639515.482, 100
Trd, 8639516.032, 100
Trd, 8639516.082, 101
Trd, 8639519.132, 105
Trd, 8639519.332, 104
Trd, 8639520.182, 105
Trd, 8639520.582, 105
Trd, 8639522.382, 104
Trd, 8639524.232, 98
Trd, 8639525.432, 99
Trd, 8639525.632, 100
Trd, 8639527.932, 100
Trd, 8639527.982, 108
Trd, 8639529.082, 104
Trd, 8639529.182, 89
Trd, 8639530.482, 103
Trd, 8639532.732, 102
Trd, 8639534.132, 106
Trd, 8639536.532, 113
Trd, 8639536.582, 106
Trd, 8639537.632, 104
Trd, 8639537.682, 117
Trd, 8639538.582, 113
Trd, 8639540.882, 99
Trd, 8639541.882, 99
Trd, 8639542.982, 79
Trd, 8639545.982, 96
Trd, 8639546.382, 97
Trd, 8639547.332, 99
Trd, 8639548.682, 99
Trd, 8639548.782, 94
Trd, 8639549.282, 99
Trd, 8639549.582, 122
Trd, 8639553.032, 100
Trd, 8639553.632, 101
Trd, 8639553.982, 101
Trd, 8639554.232, 101
Trd, 8639554.532, 110
Trd, 8639556.932, 108
Trd, 8639558.282, 98
Trd, 8639558.532, 107
Trd, 8639561.782, 102
Trd, 8639561.882, 102
Trd, 8639563.632, 102
Trd, 8639564.182, 80
Trd, 8639565.682, 101
Trd, 8639566.832, 105
Trd, 8639567.232, 106
Trd, 8639567.432, 113
Trd, 8639569.332, 102
Trd, 8639569.982, 129
Trd, 8639571.532, 105
Trd, 8639572.182, 108
Trd, 8639572.982, 112
Trd, 8639573.182, 116
Trd, 8639574.982, 93
Trd, 8639577.132, 104
Trd, 8639577.282, 120
Trd, 8639578.182, 117
Trd, 8639578.732, 117
Trd, 8639582.332, 90
Trd, 8639584.632, 94
Trd, 8639586.632, 100
Trd, 8639586.982, 100
Trd, 8639587.982, 100
Trd, 8639589.482, 71
Trd, 8639592.132, 98
Trd, 8639592.632, 99
Trd, 8639594.782, 102
Trd, 8639595.032, 105
Trd, 8639596.382, 115
Trd, 8639596.582, 96
Trd, 8639599.082, 95
Trd, 8639600.332, 112
Trd, 8639601.732, 106
Trd, 8639603.682, 108
Trd, 8639603.882, 110
Trd, 8639606.482, 89
Trd, 8639608.382, 105
Trd, 8639608.982, 104
Trd, 8639609.732, 114
Trd, 8639612.782, 113
Trd, 8639613.732, 99
Trd, 8639616.632, 100
Trd, 8639616.682, 89
Trd, 8639619.332, 95
Trd, 8639619.982, 96
Trd, 8639621.432, 102
Trd, 8639621.632, 104
Trd, 8639622.432, 110
Trd, 8639623.982, 111
Trd, 8639625.682, 110
Trd, 8639626.982, 96
Trd, 8639629.832, 100
Trd, 8639630.032, 99
Trd, 8639630.982, 99
Trd, 8639631.382, 97
Trd, 8639633.832, 105
Trd, 8639636.132, 107
Trd, 8639636.532, 91
Trd, 8639637.932, 108
Trd, 8639639.182, 97
Trd, 8639640.282, 102
Trd, 8639642.482, 99
Trd, 8639643.382, 123
Trd, 8639644.732, 112
Trd, 8639645.032, 120
Trd, 8639646.182, 89
Trd, 8639650.432, 99
Trd, 8639650.932, 99
Trd, 8639651.032, 100
Trd, 8639651.732, 99
Trd, 8639653.582, 106
Trd, 8639655.732, 108
Trd, 8639658.332, 109
Trd, 8639658.832, 111
Trd, 8639660.132, 111
Trd, 8639660.882, 104
Trd, 8639661.782, 104
Trd, 8639663.632, 123
Trd, 8639664.232, 121
Trd, 8639665.132, 97
Trd, 8639666.632, 116
Trd, 8639668.082, 109
Trd, 8639670.232, 95
Trd, 8639672.432, 96
Trd, 8639672.482, 97
Trd, 8639673.382, 98
Trd, 8639674.382, 105
Trd, 8639675.232, 108
Trd, 8639675.582, 116
Trd, 8639676.282, 97
Trd, 8639678.832, 110
Trd, 8639680.982, 106
Trd, 8639684.132, 104
Trd, 8639684.832, 102
Trd, 8639685.632, 101
Trd, 8639685.882, 102
Trd, 8639685.932, 97
Trd, 8639686.782, 86
Trd, 8639688.282, 79
Trd, 8639689.232, 105
Trd, 8639689.582, 117
Trd, 8639693.582, 95
Trd, 8639695.282, 100
Trd, 8639695.432, 91
Trd, 8639696.232, 101
Trd, 8639699.032, 101
Trd, 8639701.682, 99
Trd, 8639702.382, 99
Trd, 8639702.682, 101
Trd, 8639703.582, 122
Trd, 8639707.332, 98
Trd, 8639707.532, 100
Trd, 8639708.032, 107
Trd, 8639708.282, 89
Trd, 8639708.582, 89
Trd, 8639709.282, 114
Trd, 8639712.782, 101
Trd, 8639713.432, 99
Trd, 8639714.482, 99
Trd, 8639715.382, 99
Trd, 8639715.632, 122
Trd, 8639717.632, 108
Trd, 8639718.982, 97
Trd, 8639720.982, 96
Trd, 8639721.582, 101
Trd, 8639723.182, 101
Trd, 8639723.332, 105
Trd, 8639724.832, 109
Trd, 8639725.782, 104
Trd, 8639727.032, 104
Trd, 8639728.532, 91
Trd, 8639731.182, 84
Trd, 8639732.182, 99
Trd, 8639733.082, 100
Trd, 8639733.582, 107
Trd, 8639734.232, 89
Trd, 8639736.482, 105
Trd, 8639739.482, 110
Trd, 8639739.682, 110
Trd, 8639740.482, 113
Trd, 8639741.882, 88
Trd, 8639743.432, 108
Trd, 8639743.882, 107
Trd, 8639744.982, 86
Trd, 8639745.032, 112
Trd, 8639747.482, 110
Trd, 8639747.982, 105
Trd, 8639748.732, 104
Trd, 8639750.282, 108
Trd, 8639753.382, 99
Trd, 8639753.732, 100
Trd, 8639754.982, 101
Trd, 8639757.182, 105
Trd, 8639759.632, 102
Trd, 8639759.882, 96
Trd, 8639761.132, 102
Trd, 8639763.532, 98
Trd, 8639763.832, 99
Trd, 8639765.082, 119
Trd, 8639766.232, 101
Trd, 8639767.232, 103
Trd, 8639768.832, 104
Trd, 8639770.332, 102
Trd, 8639770.432, 97
Trd, 8639770.932, 106
Trd, 8639773.882, 108
Trd, 8639774.832, 105
Trd, 8639775.582, 104
Trd, 8639775.782, 109
Trd, 8639777.132, 107
Trd, 8639777.282, 96
Trd, 8639778.532, 108
Trd, 8639779.782, 113
Trd, 8639781.732, 97
Trd, 8639784.682, 94
Trd, 8639784.982, 92
Trd, 8639785.732, 95
Trd, 8639785.982, 95
Trd, 8639788.482, 98
Trd, 8639789.532, 93
Trd, 8639791.482, 119
Trd, 8639792.582, 97
Trd, 8639793.482, 105
Trd, 8639794.932, 117
Trd, 8639796.082, 121
Trd, 8639796.182, 104
Trd, 8639797.282, 124
Trd, 8639800.182, 103
Trd, 8639802.182, 108
Trd, 8639803.332, 96
Trd, 8639804.232, 112
Trd, 8639805.182, 104
Trd, 8639806.232, 102
Trd, 8639806.432, 92
Trd, 8639810.182, 100
Trd, 8639810.432, 101
Trd, 8639812.132, 105
Trd, 8639813.132, 106
Trd, 8639814.832, 95
Trd, 8639816.032, 114
Trd, 8639818.532, 99
Trd, 8639819.132, 105
Trd, 8639821.732, 102
Trd, 8639821.832, 107
Trd, 8639822.332, 79
Trd, 8639827.232, 99
Trd, 8639827.432, 84
Trd, 8639827.582, 100
Trd, 8639827.982, 100
Trd, 8639830.832, 96
Trd, 8639832.382, 95
Trd, 8639835.332, 97
Trd, 8639835.632, 97
Trd, 8639836.132, 95
Trd, 8639836.182, 96
Trd, 8639837.782, 77
Trd, 8639838.882, 103
Trd, 8639840.682, 103
Trd, 8639842.582, 107
Trd, 8639842.682, 97
Trd, 8639844.832, 100
Trd, 8639845.332, 105
Trd, 8639848.382, 100
Trd, 8639848.582, 113
Trd, 8639850.382, 102
Trd, 8639851.032, 101
Trd, 8639852.332, 98
Trd, 8639855.332, 104
Trd, 8639855.432, 104
Trd, 8639857.032, 100
Trd, 8639858.982, 100
Trd, 8639859.432, 104
Trd, 8639861.682, 113
Trd, 8639861.782, 94
Trd, 8639862.732, 110
Trd, 8639866.382, 99
Trd, 8639866.882, 100
Trd, 8639868.032, 102
Trd, 8639868.982, 105
Trd, 8639870.382, 110
Trd, 8639871.682, 103
Trd, 8639873.782, 100
Trd, 8639873.982, 110
Trd, 8639876.182, 104
Trd, 8639877.132, 91
Trd, 8639877.682, 104
Trd, 8639878.632, 104
Trd, 8639881.132, 108
Trd, 8639881.232, 91
Trd, 8639884.982, 98
Trd, 8639887.232, 100
Trd, 8639887.332, 99
Trd, 8639887.732, 104
Trd, 8639888.382, 96
Trd, 8639891.382, 107
Trd, 8639891.532, 108
Trd, 8639894.032, 105
Trd, 8639896.032, 103
Trd, 8639897.132, 99
Trd, 8639898.782, 108
Trd, 8639902.332, 103
Trd, 8639902.982, 104
Trd, 8639903.182, 103
Trd, 8639904.382, 102
Trd, 8639904.832, 105
Trd, 8639906.882, 99
Trd, 8639909.582, 99
Trd, 8639910.032, 96
Trd, 8639910.082, 97
Trd, 8639910.332, 100
Trd, 8639912.082, 96
Trd, 8639913.432, 103
Trd, 8639914.032, 105
Trd, 8639915.032, 123
Trd, 8639916.982, 100
Trd, 8639919.682, 100
Trd, 8639920.932, 98
Trd, 8639921.182, 113
Trd, 8639921.832, 122
Trd, 8639923.332, 104
Trd, 8639925.482, 99
Trd, 8639925.782, 96
Trd, 8639927.032, 111
Trd, 8639927.882, 113
Trd, 8639928.082, 95
Trd, 8639930.332, 113
Trd, 8639930.582, 113
Trd, 8639931.282, 112
Trd, 8639934.432, 103
Trd, 8639934.682, 113
Trd, 8639935.882, 122
Trd, 8639936.432, 87
Trd, 8639939.182, 109
Trd, 8639941.632, 97
Trd, 8639942.082, 101
Trd, 8639943.632, 100
Trd, 8639945.932, 120
Trd, 8639947.232, 104
Trd, 8639948.182, 107
Trd, 8639948.782, 99
Trd, 8639950.732, 105
Trd, 8639952.832, 110
Trd, 8639953.382, 103
Trd, 8639953.682, 111
Trd, 8639954.132, 115
Trd, 8639955.332, 105
Trd, 8639956.282, 119
Trd, 8639957.332, 104
Trd, 8639959.482, 101
Trd, 8639960.232, 101
Trd, 8639961.332, 90
Trd, 8639962.532, 95
Trd, 8639964.932, 103
Trd, 8639968.182, 99
Trd, 8639968.982, 99
Trd, 8639970.032, 99
Trd, 8639970.082, 100
Trd, 8639970.732, 95
Trd, 8639970.982, 109
Trd, 8639972.432, 116
Trd, 8639974.932, 120
Trd, 8639975.182, 83
Trd, 8639977.882, 91
Trd, 8639980.782, 96
Trd, 8639981.182, 99
Trd, 8639981.882, 95
Trd, 8639981.932, 98
Trd, 8639983.382, 104
Trd, 8639986.832, 102
Trd, 8639987.832, 102
Trd, 8639988.282, 102
Trd, 8639988.382, 103
Trd, 8639990.132, 97
Trd, 8639991.132, 118
Trd, 8639992.582, 115
Trd, 8639993.332, 90
Trd, 8639993.632, 125
Trd, 8639997.182, 100
Trd, 8639998.582, 95
Trd, 8639999.232, 92
Trd, 8639999.632, 91
