Trd, 8637872.282, 89
Trd, 8637872.782, 96
Trd, 8637875.132, 97
Trd, 8637875.882, 98
Trd, 8637876.632, 99
Trd, 8637876.832, 96
Trd, 8637880.182, 107
Trd, 8637880.282, 102
Trd, 8637883.632, 97
Trd, 8637884.232, 97
Trd, 8637885.482, 109
Trd, 8637887.232, 96
Trd, 8637887.832, 101
Trd, 8637891.132, 96
Trd, 8637891.232, 97
Trd, 8637891.682, 95
Trd, 8637891.782, 100
Trd, 8637896.282, 94
Trd, 8637896.832, 86
Trd, 8637898.532, 93
Trd, 8637899.782, 101
Trd, 8637899.932, 97
Trd, 8637900.182, 96
Trd, 8637902.882, 96
Trd, 8637903.132, 102
Trd, 8637903.182, 123
Trd, 8637907.132, 94
Trd, 8637909.032, 98
Trd, 8637909.732, 89
Trd, 8637912.982, 92
Trd, 8637913.532, 92
Trd, 8637913.632, 99
Trd, 8637914.732, 89
Trd, 8637916.482, 87
Trd, 8637917.232, 71
Trd, 8637921.132, 95
Trd, 8637923.632, 88
Trd, 8637924.082, 88
Trd, 8637925.582, 101
Trd, 8637925.632, 100
Trd, 8637927.082, 96
Trd, 8637929.082, 96
Trd, 8637929.382, 95
Trd, 8637930.082, 96
Trd, 8637930.732, 125
Trd, 8637931.782, 82
Trd, 8637933.482, 98
Trd, 8637935.982, 122
Trd, 8637938.332, 90
Trd, 8637940.632, 93
Trd, 8637941.232, 95
Trd, 8637941.782, 104
Trd, 8637942.682, 99
Trd, 8637945.232, 100
Trd, 8637945.732, 99
Trd, 8637946.732, 102
Trd, 8637947.732, 103
Trd, 8637949.682, 131
Trd, 8637950.182, 122
Trd, 8637951.232, 100
Trd, 8637952.382, 98
Trd, 8637954.382, 104
Trd, 8637954.932, 90
Trd, 8637955.932, 121
Trd, 8637956.882, 102
Trd, 8637958.282, 116
Trd, 8637961.382, 131
Trd, 8637961.832, 104
Trd, 8637963.782, 106
Trd, 8637964.432, 105
Trd, 8637966.832, 95
Trd, 8637968.432, 109
Trd, 8637969.032, 95
Trd, 8637971.682, 94
Trd, 8637973.932, 96
Trd, 8637974.382, 95
Trd, 8637976.282, 100
Trd, 8637976.432, 99
Trd, 8637976.882, 102
Trd, 8637979.382, 95
Trd, 8637980.132, 95
Trd, 8637981.832, 101
Trd, 8637982.582, 103
Trd, 8637982.832, 104
Trd, 8637984.282, 106
Trd, 8637984.782, 106
Trd, 8637987.382, 115
Trd, 8637988.732, 110
Trd, 8637989.232, 109
Trd, 8637991.232, 99
Trd, 8637992.932, 102
Trd, 8637995.232, 102
Trd, 8637995.732, 100
Trd, 8637997.032, 101
Trd, 8637998.232, 103
Trd, 8637999.982, 100
Trd, 8638001.632, 101
Trd, 8638001.732, 99
Trd, 8638001.982, 96
Trd, 8638003.232, 103
Trd, 8638004.732, 102
Trd, 8638007.132, 98
Trd, 8638007.282, 97
Trd, 8638008.432, 97
Trd, 8638010.532, 109
Trd, 8638013.132, 106
Trd, 8638013.232, 105
Trd, 8638014.732, 98
Trd, 8638016.782, 105
Trd, 8638020.432, 106
Trd, 8638020.732, 115
Trd, 8638021.882, 96
Trd, 8638022.182, 95
Trd, 8638023.082, 88
Trd, 8638023.432, 87
Trd, 8638025.182, 122
Trd, 8638027.832, 96
Trd, 8638028.182, 97
Trd, 8638030.482, 96
Trd, 8638030.732, 98
Trd, 8638030.932, 95
Trd, 8638031.732, 96
Trd, 8638032.282, 96
Trd, 8638035.082, 95
Trd, 8638035.132, 104
Trd, 8638037.382, 88
Trd, 8638040.132, 97
Trd, 8638041.532, 101
Trd, 8638041.682, 100
Trd, 8638042.232, 102
Trd, 8638043.132, 90
Trd, 8638043.532, 96
Trd, 8638043.882, 104
Trd, 8638048.032, 123
Trd, 8638048.482, 109
Trd, 8638051.182, 109
Trd, 8638053.582, 89
Trd, 8638054.982, 95
Trd, 8638057.432, 100
Trd, 8638058.132, 101
Trd, 8638058.532, 100
Trd, 8638059.282, 95
Trd, 8638060.932, 104
Trd, 8638064.382, 101
Trd, 8638065.282, 102
Trd, 8638066.382, 105
Trd, 8638067.932, 108
Trd, 8638067.982, 103
Trd, 8638070.782, 97
Trd, 8638071.532, 97
Trd, 8638075.132, 110
Trd, 8638075.382, 101
Trd, 8638077.282, 103
Trd, 8638079.282, 101
Trd, 8638080.632, 97
Trd, 8638080.932, 100
Trd, 8638084.032, 103
Trd, 8638085.882, 99
Trd, 8638086.632, 99
Trd, 8638087.082, 100
Trd, 8638088.032, 101
Trd, 8638088.082, 103
Trd, 8638089.282, 124
Trd, 8638091.182, 103
Trd, 8638092.182, 103
Trd, 8638092.332, 102
Trd, 8638094.032, 96
Trd, 8638094.682, 119
Trd, 8638097.982, 95
Trd, 8638098.982, 95
Trd, 8638102.232, 109
Trd, 8638102.382, 108
Trd, 8638102.632, 104
Trd, 8638103.382, 108
Trd, 8638106.632, 102
Trd, 8638107.132, 105
Trd, 8638109.582, 105
Trd, 8638111.532, 103
Trd, 8638111.782, 103
Trd, 8638113.532, 101
Trd, 8638113.932, 104
Trd, 8638116.532, 105
Trd, 8638117.432, 101
Trd, 8638118.232, 104
Trd, 8638118.832, 104
Trd, 8638119.282, 103
Trd, 8638119.782, 97
Trd, 8638123.432, 103
Trd, 8638123.582, 104
Trd, 8638124.682, 101
Trd, 8638125.932, 90
Trd, 8638126.132, 97
Trd, 8638127.382, 90
Trd, 8638130.482, 115
Trd, 8638132.032, 118
Trd, 8638133.032, 116
Trd, 8638133.332, 113
Trd, 8638133.932, 96
Trd, 8638136.232, 116
Trd, 8638136.382, 98
Trd, 8638140.782, 104
Trd, 8638141.632, 107
Trd, 8638143.382, 123
Trd, 8638143.582, 109
Trd, 8638144.532, 116
Trd, 8638144.832, 111
Trd, 8638146.182, 87
Trd, 8638149.732, 111
Trd, 8638150.782, 95
Trd, 8638151.182, 94
Trd, 8638151.832, 92
Trd, 8638154.482, 75
Trd, 8638157.382, 92
Trd, 8638158.632, 93
Trd, 8638159.682, 90
Trd, 8638161.332, 91
Trd, 8638164.282, 104
Trd, 8638165.332, 102
Trd, 8638168.132, 106
Trd, 8638168.532, 107
Trd, 8638170.682, 101
Trd, 8638171.282, 96
Trd, 8638171.582, 112
Trd, 8638176.082, 102
Trd, 8638176.982, 101
Trd, 8638178.332, 98
Trd, 8638178.382, 95
Trd, 8638178.632, 87
Trd, 8638181.832, 98
Trd, 8638182.182, 97
Trd, 8638182.982, 122
Trd, 8638184.882, 118
Trd, 8638186.482, 86
Trd, 8638188.332, 94
Trd, 8638189.432, 94
Trd, 8638189.682, 94
Trd, 8638191.732, 99
Trd, 8638192.532, 99
Trd, 8638193.332, 104
Trd, 8638193.532, 103
Trd, 8638195.182, 101
Trd, 8638197.982, 112
Trd, 8638198.582, 104
Trd, 8638201.382, 87
Trd, 8638202.782, 104
Trd, 8638203.682, 101
Trd, 8638205.682, 102
Trd, 8638206.882, 99
Trd, 8638207.232, 100
Trd, 8638208.082, 100
Trd, 8638212.182, 112
Trd, 8638213.082, 113
Trd, 8638213.432, 119
Trd, 8638215.382, 120
Trd, 8638216.632, 119
Trd, 8638218.282, 113
Trd, 8638218.932, 94
Trd, 8638220.632, 95
Trd, 8638220.932, 87
Trd, 8638222.132, 104
Trd, 8638224.282, 96
Trd, 8638226.782, 105
Trd, 8638227.782, 102
Trd, 8638228.432, 104
Trd, 8638229.332, 103
Trd, 8638232.682, 94
Trd, 8638232.982, 93
Trd, 8638234.082, 93
Trd, 8638235.332, 97
Trd, 8638235.432, 104
Trd, 8638238.482, 98
Trd, 8638238.982, 115
Trd, 8638240.632, 101
Trd, 8638240.732, 110
Trd, 8638243.632, 103
Trd, 8638246.982, 99
Trd, 8638248.732, 100
Trd, 8638249.032, 98
Trd, 8638249.732, 95
Trd, 8638251.332, 99
Trd, 8638252.782, 100
Trd, 8638253.332, 102
Trd, 8638254.382, 91
Trd, 8638256.582, 118
Trd, 8638257.582, 105
Trd, 8638258.382, 105
Trd, 8638260.032, 97
Trd, 8638261.932, 97
Trd, 8638263.382, 96
Trd, 8638263.832, 97
Trd, 8638264.282, 97
Trd, 8638264.782, 95
Trd, 8638268.232, 117
Trd, 8638270.582, 104
Trd, 8638272.482, 95
Trd, 8638273.182, 96
Trd, 8638273.482, 101
Trd, 8638273.782, 88
Trd, 8638274.782, 104
Trd, 8638277.482, 103
Trd, 8638280.482, 103
Trd, 8638281.532, 104
Trd, 8638281.982, 106
Trd, 8638283.332, 106
Trd, 8638285.082, 98
Trd, 8638285.632, 97
Trd, 8638286.832, 100
Trd, 8638288.282, 97
Trd, 8638290.882, 96
Trd, 8638293.232, 104
Trd, 8638294.632, 96
Trd, 8638295.482, 98
Trd, 8638296.332, 101
Trd, 8638297.032, 104
Trd, 8638297.332, 99
Trd, 8638297.932, 123
Trd, 8638299.732, 95
Trd, 8638301.132, 115
Trd, 8638302.582, 90
Trd, 8638307.932, 98
Trd, 8638308.382, 97
Trd, 8638310.282, 102
Trd, 8638311.082, 99
Trd, 8638313.282, 101
Trd, 8638313.932, 99
Trd, 8638315.982, 103
Trd, 8638316.532, 101
Trd, 8638317.282, 101
Trd, 8638317.382, 103
Trd, 8638319.782, 97
Trd, 8638320.532, 97
Trd, 8638325.132, 98
Trd, 8638325.232, 93
Trd, 8638327.532, 99
Trd, 8638328.132, 99
Trd, 8638328.232, 97
Trd, 8638328.582, 100
Trd, 8638331.282, 97
Trd, 8638331.332, 122
Trd, 8638334.932, 105
Trd, 8638335.232, 104
Trd, 8638336.432, 97
Trd, 8638337.832, 102
Trd, 8638338.882, 104
Trd, 8638339.982, 102
Trd, 8638340.532, 126
Trd, 8638340.582, 102
Trd, 8638341.682, 100
Trd, 8638344.632, 109
Trd, 8638344.982, 109
Trd, 8638345.232, 110
Trd, 8638348.132, 114
Trd, 8638349.382, 113
Trd, 8638350.532, 113
Trd, 8638353.482, 108
Trd, 8638353.532, 97
Trd, 8638353.782, 94
Trd, 8638355.432, 101
Trd, 8638357.082, 89
Trd, 8638358.432, 98
Trd, 8638358.982, 98
Trd, 8638360.982, 94
Trd, 8638361.782, 94
Trd, 8638361.882, 97
Trd, 8638362.082, 93
Trd, 8638363.832, 129
Trd, 8638365.232, 99
Trd, 8638365.732, 96
Trd, 8638369.632, 121
Trd, 8638370.332, 104
Trd, 8638370.732, 104
Trd, 8638370.832, 103
Trd, 8638371.232, 104
Trd, 8638372.032, 101
Trd, 8638375.082, 115
Trd, 8638380.132, 101
Trd, 8638380.932, 102
Trd, 8638381.532, 99
Trd, 8638382.382, 96
Trd, 8638383.382, 95
Trd, 8638384.032, 103
Trd, 8638387.182, 98
Trd, 8638388.282, 99
Trd, 8638389.832, 103
Trd, 8638390.582, 125
Trd, 8638390.732, 96
Trd, 8638392.882, 102
Trd, 8638395.182, 109
Trd, 8638396.132, 108
Trd, 8638397.232, 109
Trd, 8638398.582, 107
Trd, 8638400.732, 100
Trd, 8638401.332, 101
Trd, 8638401.932, 101
Trd, 8638403.032, 96
Trd, 8638405.482, 120
Trd, 8638407.082, 107
Trd, 8638407.632, 123
Trd, 8638408.132, 104
Trd, 8638410.182, 102
Trd, 8638411.432, 105
Trd, 8638414.032, 108
Trd, 8638416.582, 99
Trd, 8638417.332, 103
Trd, 8638418.582, 101
Trd, 8638418.882, 104
Trd, 8638419.482, 104
Trd, 8638424.632, 106
Trd, 8638424.832, 107
Trd, 8638425.232, 106
Trd, 8638426.832, 96
Trd, 8638428.132, 104
Trd, 8638429.332, 104
Trd, 8638432.432, 116
Trd, 8638433.082, 87
Trd, 8638436.932, 96
Trd, 8638438.732, 97
Trd, 8638440.082, 102
Trd, 8638440.232, 104
Trd, 8638442.182, 103
Trd, 8638444.932, 113
Trd, 8638445.132, 106
Trd, 8638446.732, 106
Trd, 8638449.132, 99
Trd, 8638450.232, 103
Trd, 8638452.082, 101
Trd, 8638452.632, 101
Trd, 8638454.632, 102
Trd, 8638454.682, 126
Trd, 8638455.482, 98
Trd, 8638460.432, 94
Trd, 8638460.682, 94
Trd, 8638461.332, 95
Trd, 8638461.782, 93
Trd, 8638463.882, 102
Trd, 8638464.232, 102
Trd, 8638464.632, 118
Trd, 8638466.332, 95
Trd, 8638469.182, 97
Trd, 8638469.282, 103
Trd, 8638470.232, 94
Trd, 8638474.532, 95
Trd, 8638475.932, 103
Trd, 8638476.782, 100
Trd, 8638480.132, 98
Trd, 8638480.282, 90
Trd, 8638481.582, 96
Trd, 8638482.632, 99
Trd, 8638484.782, 102
Trd, 8638485.332, 103
Trd, 8638485.832, 102
Trd, 8638486.532, 104
Trd, 8638487.632, 97
Trd, 8638489.682, 89
Trd, 8638490.032, 119
Trd, 8638492.682, 90
Trd, 8638492.982, 94
Trd, 8638493.432, 86
Trd, 8638493.532, 95
Trd, 8638499.982, 103
Trd, 8638500.582, 99
Trd, 8638500.632, 95
Trd, 8638503.982, 95
Trd, 8638504.482, 95
Trd, 8638505.382, 98
Trd, 8638505.582, 95
Trd, 8638506.032, 104
Trd, 8638509.032, 100
Trd, 8638512.632, 104
Trd, 8638512.982, 103
Trd, 8638513.782, 103
Trd, 8638514.482, 104
Trd, 8638515.332, 97
Trd, 8638516.082, 97
Trd, 8638518.232, 104
Trd, 8638518.382, 97
Trd, 8638520.932, 104
Trd, 8638522.232, 103
Trd, 8638522.632, 104
Trd, 8638522.982, 104
Trd, 8638526.932, 107
Trd, 8638527.032, 101
Trd, 8638530.182, 101
Trd, 8638530.682, 100
Trd, 8638532.232, 100
Trd, 8638533.132, 95
Trd, 8638537.082, 95
Trd, 8638538.532, 94
Trd, 8638539.032, 96
Trd, 8638539.682, 97
Trd, 8638540.232, 95
Trd, 8638540.532, 103
Trd, 8638544.132, 98
Trd, 8638545.132, 103
Trd, 8638546.932, 103
Trd, 8638547.482, 102
Trd, 8638550.432, 119
Trd, 8638550.832, 107
Trd, 8638554.082, 112
Trd, 8638554.182, 113
Trd, 8638554.682, 111
Trd, 8638556.982, 103
Trd, 8638557.882, 121
Trd, 8638557.932, 103
Trd, 8638559.532, 104
Trd, 8638563.232, 101
Trd, 8638565.082, 104
Trd, 8638565.732, 104
Trd, 8638567.082, 97
Trd, 8638567.732, 99
Trd, 8638569.632, 99
Trd, 8638570.832, 95
Trd, 8638572.932, 95
Trd, 8638574.832, 101
Trd, 8638577.282, 90
Trd, 8638577.782, 100
Trd, 8638578.032, 92
Trd, 8638579.582, 95
Trd, 8638580.782, 98
Trd, 8638582.732, 123
Trd, 8638582.882, 104
Trd, 8638583.732, 95
Trd, 8638587.282, 93
Trd, 8638587.382, 94
Trd, 8638588.432, 95
Trd, 8638588.732, 96
Trd, 8638589.032, 96
Trd, 8638589.782, 104
Trd, 8638590.932, 100
Trd, 8638593.732, 107
Trd, 8638594.782, 105
Trd, 8638595.332, 104
Trd, 8638597.832, 97
Trd, 8638598.282, 95
Trd, 8638599.982, 105
Trd, 8638600.732, 115
Trd, 8638603.282, 112
Trd, 8638604.082, 113
Trd, 8638604.482, 111
Trd, 8638604.882, 96
Trd, 8638606.582, 95
Trd, 8638608.432, 111
Trd, 8638610.132, 104
Trd, 8638610.482, 111
Trd, 8638610.882, 102
Trd, 8638611.882, 103
Trd, 8638613.132, 103
Trd, 8638615.532, 99
Trd, 8638619.182, 101
Trd, 8638620.032, 103
Trd, 8638620.282, 101
Trd, 8638621.432, 104
Trd, 8638622.882, 117
Trd, 8638624.582, 96
Trd, 8638625.132, 112
Trd, 8638627.932, 106
Trd, 8638627.982, 95
Trd, 8638629.582, 104
Trd, 8638632.132, 100
Trd, 8638633.132, 100
Trd, 8638635.432, 121
Trd, 8638636.432, 103
Trd, 8638638.032, 101
Trd, 8638638.082, 117
Trd, 8638638.682, 96
Trd, 8638640.182, 96
Trd, 8638643.432, 108
Trd, 8638644.782, 113
Trd, 8638645.132, 113
Trd, 8638646.232, 105
Trd, 8638646.682, 105
Trd, 8638647.732, 116
Trd, 8638648.482, 115
Trd, 8638651.382, 96
Trd, 8638652.082, 97
Trd, 8638652.832, 95
Trd, 8638653.432, 106
Trd, 8638654.732, 93
Trd, 8638654.782, 86
Trd, 8638659.332, 95
Trd, 8638659.632, 95
Trd, 8638661.232, 97
Trd, 8638661.832, 102
Trd, 8638665.882, 93
Trd, 8638666.732, 108
Trd, 8638667.482, 101
Trd, 8638667.632, 100
Trd, 8638669.682, 98
Trd, 8638669.782, 99
Trd, 8638670.432, 95
Trd, 8638672.032, 104
Trd, 8638673.382, 87
Trd, 8638674.882, 90
Trd, 8638677.782, 109
Trd, 8638680.032, 104
Trd, 8638680.632, 97
Trd, 8638682.732, 99
Trd, 8638683.182, 99
Trd, 8638683.932, 100
Trd, 8638685.782, 100
Trd, 8638687.232, 101
Trd, 8638689.632, 102
Trd, 8638690.832, 100
Trd, 8638692.382, 101
Trd, 8638692.732, 102
Trd, 8638694.132, 76
Trd, 8638695.682, 98
Trd, 8638695.732, 99
Trd, 8638699.482, 94
Trd, 8638699.782, 99
Trd, 8638702.232, 120
Trd, 8638704.732, 113
Trd, 8638706.232, 118
Trd, 8638706.582, 117
Trd, 8638707.082, 97
Trd, 8638708.982, 126
Trd, 8638709.332, 95
Trd, 8638711.632, 131
Trd, 8638712.432, 123
Trd, 8638713.682, 122
Trd, 8638714.032, 113
Trd, 8638715.882, 110
Trd, 8638719.582, 102
Trd, 8638719.832, 95
Trd, 8638722.282, 99
Trd, 8638724.132, 100
Trd, 8638724.432, 119
Trd, 8638727.482, 107
Trd, 8638728.232, 107
Trd, 8638728.582, 104
Trd, 8638730.082, 103
Trd, 8638731.682, 105
Trd, 8638733.132, 104
Trd, 8638733.532, 102
Trd, 8638734.682, 103
Trd, 8638735.032, 104
Trd, 8638736.032, 104
Trd, 8638736.482, 124
Trd, 8638739.132, 104
Trd, 8638739.682, 104
Trd, 8638740.732, 101
Trd, 8638742.832, 99
Trd, 8638743.632, 88
Trd, 8638746.982, 110
Trd, 8638747.832, 103
Trd, 8638750.632, 107
Trd, 8638752.632, 95
Trd, 8638753.182, 102
Trd, 8638754.832, 97
Trd, 8638755.182, 98
Trd, 8638755.832, 99
Trd, 8638757.032, 98
Trd, 8638758.832, 125
Trd, 8638759.432, 102
Trd, 8638759.482, 126
Trd, 8638761.732, 102
Trd, 8638763.332, 106
Trd, 8638764.682, 99
Trd, 8638766.482, 98
Trd, 8638767.482, 100
Trd, 8638767.532, 86
Trd, 8638770.932, 93
Trd, 8638771.832, 95
Trd, 8638772.232, 89
Trd, 8638775.932, 96
Trd, 8638776.332, 97
Trd, 8638776.732, 99
Trd, 8638777.732, 126
Trd, 8638778.332, 101
Trd, 8638780.932, 96
Trd, 8638782.582, 114
Trd, 8638783.232, 96
Trd, 8638785.382, 98
Trd, 8638787.882, 104
Trd, 8638788.682, 102
Trd, 8638789.382, 103
Trd, 8638791.032, 88
Trd, 8638792.482, 99
Trd, 8638795.082, 95
Trd, 8638797.832, 92
Trd, 8638798.282, 92
Trd, 8638798.632, 95
Trd, 8638799.482, 93
Trd, 8638800.382, 101
Trd, 8638802.632, 96
Trd, 8638806.082, 101
Trd, 8638807.082, 99
Trd, 8638809.082, 101
Trd, 8638809.682, 115
Trd, 8638810.682, 131
Trd, 8638813.482, 108
Trd, 8638815.932, 104
Trd, 8638816.132, 103
Trd, 8638818.582, 93
Trd, 8638820.182, 95
Trd, 8638820.232, 116
Trd, 8638823.632, 102
Trd, 8638823.682, 103
Trd, 8638823.982, 100
Trd, 8638824.332, 104
Trd, 8638827.182, 100
Trd, 8638830.182, 105
Trd, 8638831.432, 85
Trd, 8638832.282, 95
Trd, 8638834.282, 89
Trd, 8638834.782, 96
Trd, 8638836.282, 95
Trd, 8638836.332, 104
Trd, 8638840.132, 97
Trd, 8638840.282, 123
Trd, 8638841.332, 95
Trd, 8638844.132, 92
Trd, 8638844.232, 97
Trd, 8638846.432, 96
Trd, 8638847.632, 98
Trd, 8638847.682, 95
Trd, 8638849.282, 127
Trd, 8638850.082, 104
Trd, 8638850.582, 103
Trd, 8638852.432, 90
Trd, 8638853.482, 116
Trd, 8638854.932, 96
Trd, 8638856.082, 98
Trd, 8638857.982, 99
Trd, 8638859.882, 103
Trd, 8638860.382, 101
Trd, 8638862.832, 99
Trd, 8638865.082, 107
Trd, 8638865.632, 106
Trd, 8638865.782, 107
Trd, 8638868.182, 95
Trd, 8638869.082, 131
Trd, 8638869.432, 123
Trd, 8638869.682, 122
Trd, 8638871.482, 113
Trd, 8638873.282, 86
Trd, 8638876.282, 105
Trd, 8638877.182, 123
Trd, 8638877.832, 96
Trd, 8638879.532, 96
Trd, 8638881.482, 99
Trd, 8638883.432, 103
Trd, 8638883.882, 104
Trd, 8638884.282, 105
Trd, 8638885.332, 104
Trd, 8638885.682, 104
Trd, 8638888.232, 92
Trd, 8638890.032, 94
Trd, 8638891.382, 95
Trd, 8638892.432, 95
Trd, 8638892.632, 107
Trd, 8638893.082, 98
Trd, 8638894.282, 98
Trd, 8638896.632, 104
Trd, 8638897.132, 103
Trd, 8638898.882, 104
Trd, 8638899.632, 104
Trd, 8638903.532, 119
Trd, 8638904.732, 109
Trd, 8638905.532, 109
Trd, 8638905.682, 108
Trd, 8638906.332, 95
Trd, 8638908.582, 109
Trd, 8638908.682, 94
Trd, 8638909.732, 93
Trd, 8638912.732, 105
Trd, 8638913.332, 103
Trd, 8638914.082, 102
Trd, 8638914.482, 99
Trd, 8638914.782, 122
Trd, 8638916.332, 122
Trd, 8638918.932, 95
Trd, 8638920.932, 95
Trd, 8638920.982, 96
Trd, 8638921.632, 103
Trd, 8638922.432, 100
Trd, 8638922.982, 98
Trd, 8638923.382, 97
Trd, 8638925.582, 92
Trd, 8638927.732, 95
Trd, 8638929.032, 103
Trd, 8638931.232, 105
Trd, 8638932.632, 105
Trd, 8638933.782, 106
Trd, 8638933.882, 107
Trd, 8638935.132, 104
Trd, 8638939.082, 96
Trd, 8638940.032, 104
Trd, 8638941.332, 103
Trd, 8638942.282, 100
Trd, 8638944.132, 123
Trd, 8638945.482, 105
Trd, 8638946.932, 104
Trd, 8638948.132, 100
Trd, 8638948.532, 98
Trd, 8638951.132, 109
Trd, 8638953.032, 106
Trd, 8638953.982, 120
Trd, 8638954.032, 106
Trd, 8638956.032, 98
Trd, 8638959.482, 97
Trd, 8638959.732, 96
Trd, 8638960.132, 97
Trd, 8638961.932, 93
Trd, 8638962.382, 97
Trd, 8638963.932, 123
Trd, 8638964.732, 95
Trd, 8638965.132, 95
Trd, 8638967.382, 118
Trd, 8638969.982, 112
Trd, 8638970.932, 110
Trd, 8638971.982, 112
Trd, 8638974.432, 108
Trd, 8638974.732, 100
Trd, 8638975.282, 98
Trd, 8638976.882, 95
Trd, 8638978.582, 102
Trd, 8638979.282, 101
Trd, 8638982.182, 107
Trd, 8638982.932, 130
Trd, 8638986.082, 115
Trd, 8638986.482, 115
Trd, 8638987.232, 114
Trd, 8638987.382, 113
Trd, 8638988.932, 96
Trd, 8638990.582, 98
Trd, 8638991.132, 97
Trd, 8638991.582, 104
Trd, 8638992.832, 95
Trd, 8638994.382, 95
Trd, 8638995.682, 100
Trd, 8638999.232, 100
Trd, 8639000.682, 109
Trd, 8639001.182, 103
Trd, 8639004.032, 104
Trd, 8639005.432, 98
Trd, 8639005.782, 97
Trd, 8639008.232, 108
Trd, 8639009.982, 104
Trd, 8639011.282, 105
Trd, 8639013.382, 105
Trd, 8639015.032, 103
Trd, 8639015.632, 103
Trd, 8639016.532, 93
Trd, 8639018.182, 90
Trd, 8639018.332, 89
Trd, 8639018.382, 92
Trd, 8639022.032, 96
Trd, 8639022.282, 96
Trd, 8639022.682, 94
Trd, 8639024.232, 103
Trd, 8639026.682, 96
Trd, 8639027.032, 96
Trd, 8639029.932, 102
Trd, 8639030.182, 104
Trd, 8639030.932, 103
Trd, 8639033.582, 108
Trd, 8639034.982, 111
Trd, 8639036.482, 130
Trd, 8639037.282, 113
Trd, 8639038.682, 113
Trd, 8639038.932, 113
Trd, 8639039.082, 100
Trd, 8639040.232, 115
Trd, 8639042.182, 102
Trd, 8639042.982, 102
Trd, 8639043.882, 87
Trd, 8639044.982, 118
Trd, 8639048.632, 111
Trd, 8639049.232, 102
Trd, 8639049.682, 101
Trd, 8639052.032, 101
Trd, 8639053.382, 96
Trd, 8639053.732, 99
Trd, 8639055.832, 99
Trd, 8639056.432, 117
Trd, 8639057.032, 104
Trd, 8639058.332, 105
Trd, 8639062.082, 113
Trd, 8639062.332, 111
Trd, 8639063.032, 110
Trd, 8639063.432, 118
Trd, 8639064.882, 95
Trd, 8639069.282, 109
Trd, 8639069.332, 108
Trd, 8639071.382, 102
Trd, 8639071.682, 103
Trd, 8639072.282, 95
Trd, 8639075.882, 96
Trd, 8639076.382, 97
Trd, 8639076.782, 95
Trd, 8639076.982, 100
Trd, 8639078.582, 86
Trd, 8639080.082, 100
Trd, 8639080.432, 101
Trd, 8639081.382, 120
Trd, 8639082.432, 100
Trd, 8639084.382, 102
Trd, 8639085.432, 103
Trd, 8639085.932, 101
Trd, 8639086.482, 104
Trd, 8639087.582, 98
Trd, 8639088.832, 97
Trd, 8639089.282, 111
Trd, 8639092.682, 106
Trd, 8639096.232, 109
Trd, 8639096.582, 89
Trd, 8639097.482, 118
Trd, 8639099.632, 96
Trd, 8639100.982, 116
Trd, 8639101.882, 98
Trd, 8639103.382, 100
Trd, 8639104.182, 114
Trd, 8639106.982, 106
Trd, 8639107.632, 106
Trd, 8639108.332, 107
Trd, 8639109.182, 124
Trd, 8639110.582, 89
Trd, 8639112.732, 90
Trd, 8639113.482, 126
Trd, 8639114.532, 92
Trd, 8639117.782, 99
Trd, 8639118.482, 96
Trd, 8639120.482, 104
Trd, 8639122.082, 103
Trd, 8639122.282, 102
Trd, 8639122.432, 100
Trd, 8639122.832, 121
Trd, 8639123.582, 95
Trd, 8639123.932, 102
Trd, 8639130.282, 103
Trd, 8639130.632, 103
Trd, 8639131.382, 95
Trd, 8639133.432, 124
Trd, 8639134.632, 104
Trd, 8639134.832, 97
Trd, 8639138.132, 99
Trd, 8639138.182, 100
Trd, 8639139.782, 97
Trd, 8639142.632, 103
Trd, 8639142.732, 103
Trd, 8639143.182, 103
Trd, 8639143.432, 104
Trd, 8639144.932, 121
Trd, 8639147.632, 97
Trd, 8639151.282, 109
Trd, 8639151.682, 109
Trd, 8639152.682, 109
Trd, 8639152.882, 110
Trd, 8639153.982, 131
Trd, 8639154.432, 95
Trd, 8639156.082, 102
Trd, 8639160.482, 108
Trd, 8639162.132, 111
Trd, 8639162.382, 111
Trd, 8639165.082, 115
Trd, 8639165.632, 118
Trd, 8639165.882, 102
Trd, 8639169.132, 97
Trd, 8639169.832, 95
Trd, 8639172.432, 97
Trd, 8639173.032, 100
Trd, 8639173.782, 104
Trd, 8639175.682, 112
Trd, 8639175.732, 98
Trd, 8639178.182, 98
Trd, 8639179.382, 97
Trd, 8639181.432, 99
Trd, 8639182.382, 104
Trd, 8639183.132, 105
Trd, 8639183.732, 105
Trd, 8639186.132, 99
Trd, 8639186.632, 100
Trd, 8639191.882, 108
Trd, 8639192.132, 108
Trd, 8639193.032, 95
Trd, 8639194.332, 101
Trd, 8639194.832, 102
Trd, 8639194.932, 101
Trd, 8639196.282, 100
Trd, 8639198.682, 105
Trd, 8639199.632, 123
Trd, 8639201.282, 108
Trd, 8639204.982, 103
Trd, 8639206.032, 99
Trd, 8639208.432, 103
Trd, 8639208.682, 103
Trd, 8639209.582, 95
Trd, 8639210.332, 104
Trd, 8639210.932, 105
Trd, 8639212.582, 98
Trd, 8639216.182, 96
Trd, 8639217.082, 98
Trd, 8639217.232, 104
Trd, 8639218.282, 100
Trd, 8639221.532, 96
Trd, 8639222.082, 89
Trd, 8639224.582, 98
Trd, 8639225.382, 98
Trd, 8639226.282, 96
Trd, 8639227.132, 96
Trd, 8639227.432, 96
Trd, 8639231.182, 95
Trd, 8639231.282, 96
Trd, 8639232.232, 97
Trd, 8639234.032, 100
Trd, 8639234.632, 120
Trd, 8639237.732, 121
Trd, 8639238.532, 109
Trd, 8639239.582, 111
Trd, 8639239.632, 103
Trd, 8639243.182, 107
Trd, 8639243.482, 103
Trd, 8639246.582, 101
Trd, 8639246.832, 102
Trd, 8639250.382, 105
Trd, 8639253.432, 109
Trd, 8639253.532, 109
Trd, 8639254.832, 88
Trd, 8639257.782, 95
Trd, 8639258.032, 105
Trd, 8639258.232, 100
Trd, 8639259.832, 97
Trd, 8639261.482, 100
Trd, 8639261.632, 101
Trd, 8639262.332, 130
Trd, 8639265.382, 107
Trd, 8639267.982, 108
Trd, 8639268.132, 109
Trd, 8639268.482, 100
Trd, 8639268.632, 110
Trd, 8639270.882, 126
Trd, 8639270.982, 100
Trd, 8639272.832, 102
Trd, 8639276.582, 95
Trd, 8639277.832, 121
Trd, 8639277.982, 97
Trd, 8639282.882, 108
Trd, 8639283.432, 108
Trd, 8639283.932, 107
Trd, 8639284.082, 106
Trd, 8639286.932, 90
Trd, 8639287.032, 98
Trd, 8639288.632, 118
Trd, 8639290.982, 121
Trd, 8639291.982, 98
Trd, 8639294.432, 105
Trd, 8639296.332, 107
Trd, 8639297.032, 108
Trd, 8639298.282, 105
Trd, 8639300.182, 103
Trd, 8639300.582, 98
Trd, 8639303.032, 91
Trd, 8639303.732, 100
Trd, 8639304.182, 118
Trd, 8639304.732, 95
Trd, 8639305.982, 104
Trd, 8639306.932, 97
Trd, 8639310.632, 99
Trd, 8639311.332, 125
Trd, 8639311.632, 98
Trd, 8639312.432, 99
Trd, 8639314.832, 111
Trd, 8639319.632, 104
Trd, 8639319.732, 92
Trd, 8639322.632, 99
Trd, 8639323.682, 104
Trd, 8639324.882, 105
Trd, 8639325.282, 124
Trd, 8639327.482, 122
Trd, 8639328.482, 104
Trd, 8639329.382, 101
Trd, 8639331.532, 101
Trd, 8639332.232, 109
Trd, 8639333.532, 79
Trd, 8639338.182, 105
Trd, 8639338.482, 101
Trd, 8639338.882, 100
Trd, 8639340.582, 102
Trd, 8639341.232, 112
Trd, 8639341.482, 115
Trd, 8639343.682, 111
Trd, 8639344.182, 112
Trd, 8639348.082, 98
Trd, 8639348.582, 97
Trd, 8639349.032, 98
Trd, 8639349.682, 98
Trd, 8639351.982, 104
Trd, 8639352.282, 95
Trd, 8639354.882, 103
Trd, 8639355.082, 101
Trd, 8639356.332, 103
Trd, 8639358.932, 98
Trd, 8639360.182, 99
Trd, 8639361.432, 90
Trd, 8639362.732, 101
Trd, 8639363.732, 102
Trd, 8639364.232, 91
Trd, 8639366.132, 92
Trd, 8639366.932, 96
Trd, 8639369.832, 98
Trd, 8639371.432, 101
Trd, 8639373.682, 95
Trd, 8639374.532, 96
Trd, 8639375.582, 95
Trd, 8639376.282, 95
Trd, 8639378.032, 93
Trd, 8639380.032, 100
Trd, 8639380.732, 99
Trd, 8639383.582, 97
Trd, 8639383.632, 106
Trd, 8639386.432, 97
Trd, 8639386.582, 95
Trd, 8639388.782, 96
Trd, 8639389.532, 98
Trd, 8639390.632, 96
Trd, 8639394.432, 94
Trd, 8639395.082, 94
Trd, 8639395.682, 97
Trd, 8639395.982, 94
Trd, 8639397.732, 109
Trd, 8639398.982, 92
Trd, 8639400.682, 99
Trd, 8639401.482, 99
Trd, 8639402.632, 96
Trd, 8639403.932, 99
Trd, 8639404.132, 100
Trd, 8639405.832, 101
Trd, 8639407.932, 125
Trd, 8639409.132, 100
Trd, 8639410.332, 103
Trd, 8639411.132, 102
Trd, 8639414.332, 96
Trd, 8639414.532, 97
Trd, 8639415.332, 96
Trd, 8639417.482, 98
Trd, 8639419.582, 112
Trd, 8639421.282, 108
Trd, 8639421.532, 110
Trd, 8639424.182, 114
Trd, 8639426.332, 91
Trd, 8639428.832, 99
Trd, 8639429.532, 101
Trd, 8639430.982, 99
Trd, 8639431.132, 104
Trd, 8639433.982, 98
Trd, 8639434.832, 123
Trd, 8639435.082, 96
Trd, 8639436.132, 120
Trd, 8639437.832, 97
Trd, 8639438.582, 88
Trd, 8639441.282, 94
Trd, 8639441.582, 94
Trd, 8639442.582, 104
Trd, 8639444.732, 96
Trd, 8639447.582, 102
Trd, 8639448.032, 102
Trd, 8639448.332, 102
Trd, 8639449.732, 102
Trd, 8639453.082, 100
Trd, 8639453.482, 96
Trd, 8639453.882, 103
Trd, 8639454.482, 97
Trd, 8639458.332, 99
Trd, 8639458.532, 99
Trd, 8639460.132, 97
Trd, 8639460.382, 96
Trd, 8639463.832, 101
Trd, 8639464.332, 102
Trd, 8639464.582, 104
Trd, 8639466.932, 95
Trd, 8639469.332, 98
Trd, 8639469.732, 104
Trd, 8639472.982, 100
Trd, 8639475.082, 107
Trd, 8639476.032, 108
Trd, 8639477.132, 105
Trd, 8639478.032, 86
Trd, 8639478.432, 101
Trd, 8639485.132, 94
Trd, 8639486.032, 102
Trd, 8639486.432, 101
Trd, 8639486.732, 100
Trd, 8639486.832, 103
Trd, 8639488.832, 105
Trd, 8639490.082, 105
Trd, 8639492.482, 112
Trd, 8639492.932, 112
Trd, 8639492.982, 114
Trd, 8639494.432, 95
Trd, 8639495.482, 92
Trd, 8639495.782, 96
Trd, 8639496.882, 96
Trd, 8639498.532, 94
Trd, 8639499.182, 93
Trd, 8639502.632, 81
Trd, 8639502.732, 85
Trd, 8639503.782, 84
Trd, 8639508.082, 91
Trd, 8639508.882, 93
Trd, 8639509.482, 91
Trd, 8639510.882, 95
Trd, 8639512.182, 95
Trd, 8639512.532, 93
Trd, 8639512.782, 96
Trd, 8639512.882, 86
Trd, 8639513.682, 95
Trd, 8639517.732, 98
Trd, 8639519.632, 92
Trd, 8639519.982, 93
Trd, 8639521.032, 95
Trd, 8639521.432, 98
Trd, 8639522.732, 95
Trd, 8639524.282, 96
Trd, 8639527.532, 102
Trd, 8639528.682, 111
Trd, 8639528.982, 95
Trd, 8639531.382, 108
Trd, 8639531.682, 108
Trd, 8639532.332, 108
Trd, 8639533.732, 99
Trd, 8639536.082, 94
Trd, 8639536.132, 98
Trd, 8639537.332, 97
Trd, 8639540.832, 102
Trd, 8639540.982, 101
Trd, 8639541.432, 98
Trd, 8639542.732, 98
Trd, 8639543.132, 90
Trd, 8639544.632, 97
Trd, 8639546.182, 94
Trd, 8639546.282, 93
Trd, 8639548.532, 105
Trd, 8639549.482, 121
Trd, 8639551.282, 115
Trd, 8639552.232, 114
Trd, 8639553.782, 112
Trd, 8639554.332, 128
Trd, 8639554.632, 113
Trd, 8639556.732, 99
Trd, 8639561.882, 108
Trd, 8639563.032, 108
Trd, 8639563.132, 107
Trd, 8639563.932, 109
Trd, 8639564.632, 99
Trd, 8639565.382, 99
Trd, 8639569.682, 96
Trd, 8639570.632, 98
Trd, 8639572.982, 98
Trd, 8639573.332, 104
Trd, 8639574.232, 106
Trd, 8639575.332, 98
Trd, 8639577.282, 104
Trd, 8639577.332, 103
Trd, 8639578.682, 102
Trd, 8639580.332, 104
Trd, 8639581.382, 71
Trd, 8639582.882, 76
Trd, 8639583.182, 77
Trd, 8639585.732, 104
Trd, 8639586.132, 88
Trd, 8639587.782, 96
Trd, 8639587.882, 96
Trd, 8639591.932, 103
Trd, 8639592.632, 88
Trd, 8639593.632, 102
Trd, 8639595.432, 98
Trd, 8639595.982, 102
Trd, 8639597.682, 102
Trd, 8639600.632, 97
Trd, 8639600.982, 98
Trd, 8639601.782, 98
Trd, 8639601.832, 96
Trd, 8639601.932, 104
Trd, 8639604.832, 71
Trd, 8639607.282, 98
Trd, 8639609.332, 119
Trd, 8639609.532, 97
Trd, 8639611.182, 97
Trd, 8639614.632, 104
Trd, 8639615.082, 99
Trd, 8639615.532, 98
Trd, 8639617.432, 108
Trd, 8639619.232, 102
Trd, 8639619.532, 105
Trd, 8639620.082, 96
Trd, 8639621.632, 102
Trd, 8639624.182, 95
Trd, 8639625.132, 102
Trd, 8639628.182, 115
Trd, 8639629.232, 101
Trd, 8639630.082, 99
Trd, 8639630.482, 99
Trd, 8639631.732, 99
Trd, 8639632.282, 102
Trd, 8639633.432, 97
Trd, 8639634.682, 97
Trd, 8639636.182, 123
Trd, 8639639.632, 127
Trd, 8639639.932, 107
Trd, 8639643.382, 113
Trd, 8639643.932, 114
Trd, 8639644.032, 113
Trd, 8639644.832, 104
Trd, 8639647.732, 101
Trd, 8639649.932, 104
Trd, 8639650.182, 96
Trd, 8639652.082, 94
Trd, 8639653.332, 97
Trd, 8639654.482, 107
Trd, 8639654.782, 105
Trd, 8639655.732, 126
Trd, 8639658.482, 96
Trd, 8639659.782, 103
Trd, 8639662.282, 103
Trd, 8639662.532, 104
Trd, 8639663.182, 104
Trd, 8639663.382, 95
Trd, 8639664.082, 69
Trd, 8639667.032, 94
Trd, 8639667.432, 94
Trd, 8639667.932, 95
Trd, 8639668.782, 102
Trd, 8639670.982, 95
Trd, 8639671.682, 104
Trd, 8639671.932, 96
Trd, 8639674.132, 98
Trd, 8639677.682, 91
Trd, 8639677.932, 90
Trd, 8639678.182, 95
Trd, 8639679.932, 89
Trd, 8639680.932, 89
Trd, 8639682.182, 95
Trd, 8639682.632, 94
Trd, 8639685.132, 98
Trd, 8639685.632, 95
Trd, 8639685.732, 99
Trd, 8639686.632, 87
Trd, 8639690.582, 123
Trd, 8639690.732, 105
Trd, 8639691.432, 103
Trd, 8639692.732, 104
Trd, 8639695.332, 110
Trd, 8639695.682, 104
Trd, 8639697.482, 102
Trd, 8639698.432, 99
Trd, 8639699.882, 95
Trd, 8639701.432, 95
Trd, 8639704.432, 86
Trd, 8639704.582, 98
Trd, 8639705.232, 100
Trd, 8639706.182, 96
Trd, 8639708.082, 94
Trd, 8639708.682, 96
Trd, 8639710.482, 131
Trd, 8639713.232, 96
Trd, 8639713.632, 95
Trd, 8639714.082, 98
Trd, 8639715.632, 99
Trd, 8639716.682, 97
Trd, 8639716.782, 97
Trd, 8639717.332, 97
Trd, 8639718.182, 96
Trd, 8639719.982, 95
Trd, 8639721.982, 97
Trd, 8639722.632, 95
Trd, 8639723.032, 124
Trd, 8639725.232, 101
Trd, 8639725.732, 102
Trd, 8639725.832, 108
Trd, 8639729.132, 118
Trd, 8639731.082, 100
Trd, 8639732.732, 101
Trd, 8639733.682, 103
Trd, 8639737.232, 103
Trd, 8639737.582, 102
Trd, 8639737.732, 104
Trd, 8639737.882, 101
Trd, 8639741.432, 96
Trd, 8639743.682, 102
Trd, 8639744.082, 102
Trd, 8639745.582, 103
Trd, 8639747.032, 104
Trd, 8639748.132, 102
Trd, 8639749.232, 102
Trd, 8639750.532, 103
Trd, 8639751.232, 103
Trd, 8639751.432, 124
Trd, 8639754.032, 92
Trd, 8639755.332, 99
Trd, 8639757.432, 102
Trd, 8639758.332, 104
Trd, 8639758.982, 101
Trd, 8639759.832, 101
Trd, 8639760.282, 121
Trd, 8639762.032, 98
Trd, 8639762.482, 98
Trd, 8639765.332, 99
Trd, 8639765.482, 114
Trd, 8639769.232, 100
Trd, 8639770.282, 97
Trd, 8639772.432, 100
Trd, 8639772.882, 101
Trd, 8639773.232, 123
Trd, 8639773.882, 95
Trd, 8639775.482, 97
Trd, 8639777.782, 117
Trd, 8639778.732, 104
Trd, 8639780.932, 102
Trd, 8639781.382, 100
Trd, 8639783.882, 105
Trd, 8639784.332, 106
Trd, 8639785.382, 96
Trd, 8639786.632, 104
Trd, 8639788.982, 99
Trd, 8639789.382, 99
Trd, 8639789.532, 95
Trd, 8639792.382, 98
Trd, 8639792.882, 119
Trd, 8639795.732, 105
Trd, 8639795.882, 95
Trd, 8639796.132, 118
Trd, 8639800.682, 109
Trd, 8639801.132, 108
Trd, 8639802.432, 111
Trd, 8639803.382, 112
Trd, 8639805.132, 100
Trd, 8639806.832, 119
Trd, 8639807.432, 95
Trd, 8639809.732, 102
Trd, 8639810.282, 101
Trd, 8639810.782, 88
Trd, 8639813.882, 98
Trd, 8639814.782, 95
Trd, 8639814.832, 99
Trd, 8639817.132, 95
Trd, 8639818.482, 119
Trd, 8639821.282, 107
Trd, 8639822.732, 108
Trd, 8639823.932, 102
Trd, 8639825.582, 101
Trd, 8639828.182, 89
Trd, 8639828.682, 101
Trd, 8639830.832, 97
Trd, 8639831.632, 97
Trd, 8639833.282, 95
Trd, 8639834.532, 102
Trd, 8639834.632, 88
Trd, 8639837.832, 95
Trd, 8639838.182, 95
Trd, 8639840.032, 99
Trd, 8639840.682, 99
Trd, 8639841.232, 98
Trd, 8639843.432, 122
Trd, 8639845.882, 105
Trd, 8639847.082, 108
Trd, 8639848.782, 132
Trd, 8639849.382, 130
Trd, 8639850.032, 114
Trd, 8639850.382, 113
Trd, 8639853.132, 104
Trd, 8639855.982, 109
Trd, 8639856.232, 112
Trd, 8639857.482, 111
Trd, 8639859.082, 95
Trd, 8639859.782, 124
Trd, 8639863.082, 125
Trd, 8639863.382, 96
Trd, 8639865.532, 117
Trd, 8639865.732, 100
Trd, 8639867.782, 107
Trd, 8639868.082, 107
Trd, 8639868.782, 103
Trd, 8639871.432, 96
Trd, 8639873.882, 113
Trd, 8639875.832, 106
Trd, 8639875.982, 104
Trd, 8639876.132, 115
Trd, 8639877.132, 103
Trd, 8639878.082, 95
Trd, 8639880.032, 99
Trd, 8639882.782, 98
Trd, 8639884.182, 97
Trd, 8639884.832, 99
Trd, 8639884.882, 102
Trd, 8639885.732, 98
Trd, 8639887.682, 115
Trd, 8639889.432, 101
Trd, 8639890.832, 101
Trd, 8639891.432, 95
Trd, 8639893.132, 101
Trd, 8639893.482, 96
Trd, 8639894.582, 94
Trd, 8639896.682, 97
Trd, 8639898.132, 102
Trd, 8639898.582, 104
Trd, 8639899.032, 101
Trd, 8639900.132, 98
Trd, 8639903.032, 80
Trd, 8639904.682, 96
Trd, 8639906.382, 95
Trd, 8639907.882, 97
Trd, 8639908.082, 88
Trd, 8639909.732, 95
Trd, 8639910.382, 95
Trd, 8639910.782, 123
Trd, 8639913.232, 101
Trd, 8639914.332, 102
Trd, 8639914.532, 95
Trd, 8639914.882, 79
Trd, 8639916.582, 96
Trd, 8639918.082, 96
Trd, 8639920.082, 116
Trd, 8639920.682, 115
Trd, 8639922.182, 98
Trd, 8639924.432, 107
Trd, 8639925.132, 106
Trd, 8639925.582, 105
Trd, 8639925.782, 96
Trd, 8639930.032, 122
Trd, 8639930.832, 106
Trd, 8639931.232, 105
Trd, 8639932.382, 100
Trd, 8639934.282, 111
Trd, 8639936.632, 101
Trd, 8639937.382, 101
Trd, 8639938.882, 98
Trd, 8639939.282, 98
Trd, 8639939.432, 104
Trd, 8639939.482, 97
Trd, 8639940.932, 96
Trd, 8639942.782, 98
Trd, 8639944.982, 93
Trd, 8639945.332, 92
Trd, 8639945.932, 96
Trd, 8639948.432, 98
Trd, 8639949.582, 121
Trd, 8639950.482, 98
Trd, 8639953.682, 87
Trd, 8639954.882, 93
Trd, 8639955.682, 93
Trd, 8639955.932, 94
Trd, 8639959.232, 102
Trd, 8639960.032, 101
Trd, 8639961.082, 102
Trd, 8639962.832, 98
Trd, 8639964.682, 97
Trd, 8639965.982, 99
Trd, 8639966.082, 87
Trd, 8639966.432, 89
Trd, 8639967.932, 104
Trd, 8639968.682, 103
Trd, 8639971.532, 113
Trd, 8639972.782, 83
Trd, 8639973.082, 89
Trd, 8639975.682, 95
Trd, 8639977.682, 92
Trd, 8639977.832, 91
Trd, 8639978.282, 93
Trd, 8639979.782, 93
Trd, 8639981.232, 96
Trd, 8639983.832, 123
Trd, 8639985.982, 116
Trd, 8639986.932, 117
Trd, 8639988.432, 114
Trd, 8639988.682, 113
Trd, 8639991.382, 98
Trd, 8639992.932, 102
Trd, 8639996.032, 108
Trd, 8639996.132, 107
Trd, 8639997.532, 102
Trd, 8639998.482, 105
Trd, 8639998.932, 104
