Trd, 8637919.032, 97
Trd, 8637919.482, 86
Trd, 8637922.632, 87
Trd, 8637922.682, 95
Trd, 8637923.432, 104
Trd, 8637924.882, 89
Trd, 8637926.482, 91
Trd, 8637928.032, 112
Trd, 8637928.332, 111
Trd, 8637929.582, 121
Trd, 8637929.832, 120
Trd, 8637931.132, 100
Trd, 8637932.982, 90
Trd, 8637933.882, 84
Trd, 8637935.382, 83
Trd, 8637935.882, 104
Trd, 8637935.932, 83
Trd, 8637938.432, 122
Trd, 8637939.032, 122
Trd, 8637939.232, 121
Trd, 8637939.282, 102
Trd, 8637940.532, 83
Trd, 8637943.182, 113
Trd, 8637943.332, 76
Trd, 8637945.532, 95
Trd, 8637947.182, 85
Trd, 8637949.532, 94
Trd, 8637950.432, 99
Trd, 8637950.682, 116
Trd, 8637951.132, 90
Trd, 8637952.182, 96
Trd, 8637954.082, 109
Trd, 8637956.982, 92
Trd, 8637958.232, 88
Trd, 8637958.532, 91
Trd, 8637960.182, 96
Trd, 8637962.182, 80
Trd, 8637963.332, 102
Trd, 8637964.082, 87
Trd, 8637964.982, 97
Trd, 8637965.832, 92
Trd, 8637965.932, 88
Trd, 8637966.732, 95
Trd, 8637970.632, 94
Trd, 8637971.082, 106
Trd, 8637971.482, 93
Trd, 8637972.132, 113
Trd, 8637972.332, 94
Trd, 8637974.432, 101
Trd, 8637974.582, 85
Trd, 8637975.132, 110
Trd, 8637976.282, 86
Trd, 8637977.082, 85
Trd, 8637978.732, 110
Trd, 8637979.932, 83
Trd, 8637980.982, 97
Trd, 8637982.432, 104
Trd, 8637982.682, 94
Trd, 8637982.782, 108
Trd, 8637984.032, 84
Trd, 8637986.632, 91
Trd, 8637987.782, 88
Trd, 8637992.282, 96
Trd, 8637992.782, 93
Trd, 8637993.782, 91
Trd, 8637994.882, 106
Trd, 8637995.682, 106
Trd, 8637996.682, 94
Trd, 8637998.532, 84
Trd, 8638000.682, 96
Trd, 8638002.582, 98
Trd, 8638003.032, 97
Trd, 8638003.232, 107
Trd, 8638003.982, 122
Trd, 8638006.632, 77
Trd, 8638008.382, 94
Trd, 8638010.182, 102
Trd, 8638010.432, 110
Trd, 8638010.582, 85
Trd, 8638012.932, 86
Trd, 8638015.282, 88
Trd, 8638015.432, 95
Trd, 8638016.282, 106
Trd, 8638018.882, 89
Trd, 8638019.532, 89
Trd, 8638020.082, 88
Trd, 8638020.382, 106
Trd, 8638021.932, 114
Trd, 8638022.882, 111
Trd, 8638023.832, 95
Trd, 8638024.032, 122
Trd, 8638026.382, 95
Trd, 8638027.332, 99
Trd, 8638029.782, 93
Trd, 8638030.282, 79
Trd, 8638030.432, 94
Trd, 8638031.932, 107
Trd, 8638032.132, 93
Trd, 8638034.432, 106
Trd, 8638035.632, 89
Trd, 8638036.182, 105
Trd, 8638039.482, 97
Trd, 8638041.382, 113
Trd, 8638042.582, 94
Trd, 8638042.782, 98
Trd, 8638042.832, 93
Trd, 8638044.532, 94
Trd, 8638044.782, 105
Trd, 8638046.032, 122
Trd, 8638048.132, 123
Trd, 8638048.682, 120
Trd, 8638050.682, 104
Trd, 8638051.932, 103
Trd, 8638054.132, 113
Trd, 8638055.582, 123
Trd, 8638055.982, 122
Trd, 8638056.632, 104
Trd, 8638057.782, 94
Trd, 8638059.932, 101
Trd, 8638060.932, 105
Trd, 8638060.982, 95
Trd, 8638063.182, 87
Trd, 8638064.582, 92
Trd, 8638065.032, 82
Trd, 8638065.232, 103
Trd, 8638068.682, 100
Trd, 8638068.982, 99
Trd, 8638069.082, 98
Trd, 8638069.282, 104
Trd, 8638071.682, 90
Trd, 8638072.532, 115
Trd, 8638072.832, 89
Trd, 8638073.632, 112
Trd, 8638076.382, 104
Trd, 8638076.882, 109
Trd, 8638077.432, 103
Trd, 8638077.982, 100
Trd, 8638078.632, 122
Trd, 8638080.032, 111
Trd, 8638080.732, 84
Trd, 8638083.332, 117
Trd, 8638085.132, 113
Trd, 8638085.232, 112
Trd, 8638085.832, 89
Trd, 8638088.732, 104
Trd, 8638090.982, 112
Trd, 8638092.332, 115
Trd, 8638092.532, 113
Trd, 8638093.032, 100
Trd, 8638094.732, 100
Trd, 8638095.582, 92
Trd, 8638096.232, 121
Trd, 8638098.932, 97
Trd, 8638101.382, 105
Trd, 8638101.782, 91
Trd, 8638102.032, 90
Trd, 8638103.282, 113
Trd, 8638104.182, 86
Trd, 8638106.382, 88
Trd, 8638107.082, 109
Trd, 8638107.782, 89
Trd, 8638110.132, 92
Trd, 8638111.282, 89
Trd, 8638112.482, 89
Trd, 8638113.332, 88
Trd, 8638115.432, 105
Trd, 8638116.732, 114
Trd, 8638116.932, 102
Trd, 8638117.632, 113
Trd, 8638120.282, 84
Trd, 8638121.382, 114
Trd, 8638121.632, 113
Trd, 8638123.482, 122
Trd, 8638125.182, 85
Trd, 8638126.582, 96
Trd, 8638126.682, 85
Trd, 8638127.932, 105
Trd, 8638129.732, 88
Trd, 8638131.232, 121
Trd, 8638131.732, 122
Trd, 8638132.532, 114
Trd, 8638132.882, 113
Trd, 8638134.182, 102
Trd, 8638135.432, 102
Trd, 8638136.832, 105
Trd, 8638137.182, 93
Trd, 8638138.132, 122
Trd, 8638140.032, 80
Trd, 8638140.882, 118
Trd, 8638140.932, 112
Trd, 8638141.332, 78
Trd, 8638143.282, 83
Trd, 8638145.132, 90
Trd, 8638145.732, 93
Trd, 8638146.882, 96
Trd, 8638147.532, 105
Trd, 8638149.982, 111
Trd, 8638151.632, 81
Trd, 8638152.582, 122
Trd, 8638155.132, 83
Trd, 8638156.132, 96
Trd, 8638156.932, 108
Trd, 8638157.232, 96
Trd, 8638158.282, 97
Trd, 8638158.632, 102
Trd, 8638162.782, 94
Trd, 8638163.882, 99
Trd, 8638165.732, 91
Trd, 8638166.782, 96
Trd, 8638167.032, 103
Trd, 8638168.332, 86
Trd, 8638170.232, 98
Trd, 8638171.832, 117
Trd, 8638172.732, 95
Trd, 8638176.682, 86
Trd, 8638177.832, 87
Trd, 8638178.382, 95
Trd, 8638178.482, 105
Trd, 8638179.132, 91
Trd, 8638182.182, 87
Trd, 8638183.932, 102
Trd, 8638184.632, 106
Trd, 8638185.232, 97
Trd, 8638186.332, 94
Trd, 8638187.382, 80
Trd, 8638188.932, 95
Trd, 8638189.482, 125
Trd, 8638190.032, 123
Trd, 8638190.582, 122
Trd, 8638192.882, 105
Trd, 8638194.082, 85
Trd, 8638194.432, 84
Trd, 8638195.032, 99
Trd, 8638197.082, 116
Trd, 8638197.732, 113
Trd, 8638202.082, 90
Trd, 8638203.132, 87
Trd, 8638203.832, 95
Trd, 8638204.582, 104
Trd, 8638205.982, 97
Trd, 8638208.332, 98
Trd, 8638209.782, 104
Trd, 8638210.832, 98
Trd, 8638211.282, 97
Trd, 8638213.482, 97
Trd, 8638214.232, 94
Trd, 8638214.682, 122
Trd, 8638214.832, 121
Trd, 8638214.982, 86
Trd, 8638216.332, 95
Trd, 8638218.932, 92
Trd, 8638221.682, 95
Trd, 8638222.282, 94
Trd, 8638223.482, 96
Trd, 8638225.132, 97
Trd, 8638228.132, 115
Trd, 8638228.632, 113
Trd, 8638228.732, 98
Trd, 8638229.682, 106
Trd, 8638230.732, 89
Trd, 8638231.132, 105
Trd, 8638231.582, 86
Trd, 8638234.232, 84
Trd, 8638234.732, 84
Trd, 8638238.082, 96
Trd, 8638239.232, 105
Trd, 8638239.982, 114
Trd, 8638240.732, 114
Trd, 8638241.032, 113
Trd, 8638243.032, 122
Trd, 8638244.782, 97
Trd, 8638245.732, 90
Trd, 8638246.632, 101
Trd, 8638248.182, 113
Trd, 8638249.832, 93
Trd, 8638251.432, 114
Trd, 8638251.832, 113
Trd, 8638252.782, 123
Trd, 8638254.532, 123
Trd, 8638254.932, 122
Trd, 8638255.132, 102
Trd, 8638256.832, 77
Trd, 8638258.332, 83
Trd, 8638261.582, 109
Trd, 8638262.332, 94
Trd, 8638263.232, 94
Trd, 8638263.732, 103
Trd, 8638266.132, 111
Trd, 8638267.132, 95
Trd, 8638268.532, 114
Trd, 8638268.682, 112
Trd, 8638269.482, 95
Trd, 8638270.232, 85
Trd, 8638272.932, 104
Trd, 8638273.332, 79
Trd, 8638273.732, 79
Trd, 8638276.082, 78
Trd, 8638276.132, 92
Trd, 8638276.832, 99
Trd, 8638278.482, 85
Trd, 8638279.532, 104
Trd, 8638280.082, 84
Trd, 8638283.032, 85
Trd, 8638286.832, 91
Trd, 8638287.482, 97
Trd, 8638287.732, 92
Trd, 8638288.182, 101
Trd, 8638290.932, 93
Trd, 8638293.632, 104
Trd, 8638294.232, 99
Trd, 8638295.232, 122
Trd, 8638296.082, 122
Trd, 8638296.332, 120
Trd, 8638297.782, 122
Trd, 8638297.982, 95
Trd, 8638298.632, 104
Trd, 8638299.732, 86
Trd, 8638300.382, 111
Trd, 8638301.282, 122
Trd, 8638302.932, 110
Trd, 8638304.982, 106
Trd, 8638306.132, 106
Trd, 8638306.832, 119
Trd, 8638307.382, 76
Trd, 8638308.732, 113
Trd, 8638309.682, 86
Trd, 8638309.782, 86
Trd, 8638311.182, 92
Trd, 8638311.482, 91
Trd, 8638311.932, 113
Trd, 8638315.182, 91
Trd, 8638317.432, 95
Trd, 8638319.132, 120
Trd, 8638319.232, 95
Trd, 8638320.782, 95
Trd, 8638321.132, 104
Trd, 8638322.332, 113
Trd, 8638322.432, 91
Trd, 8638323.832, 87
Trd, 8638325.232, 88
Trd, 8638325.982, 93
Trd, 8638328.432, 94
Trd, 8638330.082, 103
Trd, 8638330.382, 92
Trd, 8638331.932, 91
Trd, 8638333.382, 122
Trd, 8638334.682, 104
Trd, 8638334.782, 86
Trd, 8638338.832, 86
Trd, 8638339.182, 104
Trd, 8638339.632, 87
Trd, 8638339.832, 102
Trd, 8638340.532, 86
Trd, 8638342.032, 86
Trd, 8638342.882, 101
Trd, 8638343.482, 110
Trd, 8638345.432, 96
Trd, 8638346.932, 113
Trd, 8638350.232, 95
Trd, 8638350.382, 88
Trd, 8638351.532, 92
Trd, 8638352.332, 103
Trd, 8638354.482, 91
Trd, 8638355.232, 91
Trd, 8638355.382, 107
Trd, 8638357.532, 87
Trd, 8638358.082, 99
Trd, 8638358.332, 87
Trd, 8638360.732, 122
Trd, 8638361.582, 102
Trd, 8638362.532, 113
Trd, 8638364.432, 95
Trd, 8638366.432, 82
Trd, 8638369.982, 93
Trd, 8638370.932, 106
Trd, 8638371.182, 86
Trd, 8638371.882, 104
Trd, 8638374.832, 96
Trd, 8638375.032, 88
Trd, 8638377.682, 90
Trd, 8638377.982, 122
Trd, 8638380.782, 91
Trd, 8638381.382, 101
Trd, 8638381.432, 90
Trd, 8638383.182, 76
Trd, 8638384.032, 78
Trd, 8638385.182, 86
Trd, 8638385.232, 73
Trd, 8638385.932, 108
Trd, 8638387.032, 91
Trd, 8638389.332, 98
Trd, 8638389.932, 94
Trd, 8638390.482, 108
Trd, 8638391.082, 121
Trd, 8638393.232, 122
Trd, 8638394.732, 93
Trd, 8638397.682, 95
Trd, 8638399.482, 103
Trd, 8638400.582, 97
Trd, 8638400.932, 96
Trd, 8638401.182, 108
Trd, 8638401.382, 93
Trd, 8638402.332, 122
Trd, 8638403.882, 117
Trd, 8638403.932, 97
Trd, 8638408.732, 95
Trd, 8638409.732, 92
Trd, 8638410.082, 91
Trd, 8638410.182, 83
Trd, 8638411.232, 95
Trd, 8638412.582, 107
Trd, 8638413.932, 80
Trd, 8638414.032, 80
Trd, 8638414.082, 89
Trd, 8638416.282, 77
Trd, 8638418.582, 82
Trd, 8638420.182, 103
Trd, 8638422.982, 91
Trd, 8638423.782, 111
Trd, 8638425.282, 96
Trd, 8638425.682, 92
Trd, 8638429.532, 92
Trd, 8638429.832, 97
Trd, 8638429.982, 93
Trd, 8638430.332, 106
Trd, 8638432.282, 94
Trd, 8638434.832, 92
Trd, 8638435.932, 99
Trd, 8638436.882, 106
Trd, 8638438.032, 112
Trd, 8638440.182, 97
Trd, 8638440.932, 97
Trd, 8638441.432, 96
Trd, 8638443.732, 86
Trd, 8638444.882, 97
Trd, 8638445.032, 107
Trd, 8638447.382, 90
Trd, 8638448.832, 121
Trd, 8638448.882, 88
Trd, 8638449.782, 113
Trd, 8638450.182, 111
Trd, 8638454.632, 95
Trd, 8638454.832, 108
Trd, 8638456.082, 94
Trd, 8638456.732, 94
Trd, 8638456.832, 97
Trd, 8638459.382, 98
Trd, 8638459.682, 105
Trd, 8638460.232, 98
Trd, 8638461.832, 122
Trd, 8638466.532, 105
Trd, 8638467.182, 98
Trd, 8638467.682, 96
Trd, 8638468.382, 97
Trd, 8638468.582, 95
Trd, 8638469.932, 104
Trd, 8638470.982, 102
Trd, 8638473.432, 113
Trd, 8638474.182, 110
Trd, 8638476.532, 86
Trd, 8638476.782, 86
Trd, 8638477.082, 111
Trd, 8638480.082, 92
Trd, 8638481.082, 111
Trd, 8638481.882, 105
Trd, 8638482.832, 95
Trd, 8638483.432, 88
Trd, 8638484.532, 86
Trd, 8638486.582, 107
Trd, 8638487.132, 92
Trd, 8638489.182, 98
Trd, 8638490.882, 92
Trd, 8638491.232, 87
Trd, 8638493.432, 76
Trd, 8638493.682, 120
Trd, 8638494.782, 95
Trd, 8638495.682, 113
Trd, 8638497.482, 96
Trd, 8638498.232, 112
Trd, 8638498.632, 122
Trd, 8638498.932, 102
Trd, 8638499.332, 83
Trd, 8638501.932, 77
Trd, 8638504.482, 95
Trd, 8638504.932, 96
Trd, 8638506.182, 104
Trd, 8638507.182, 113
Trd, 8638508.632, 104
Trd, 8638510.432, 92
Trd, 8638512.732, 94
Trd, 8638513.732, 95
Trd, 8638514.382, 98
Trd, 8638516.682, 107
Trd, 8638516.782, 114
Trd, 8638517.332, 91
Trd, 8638519.232, 122
Trd, 8638519.682, 121
Trd, 8638521.532, 114
Trd, 8638523.282, 112
Trd, 8638523.632, 102
Trd, 8638525.082, 120
Trd, 8638525.682, 119
Trd, 8638526.182, 101
Trd, 8638527.332, 112
Trd, 8638528.982, 121
Trd, 8638529.232, 120
Trd, 8638530.582, 114
Trd, 8638531.782, 113
Trd, 8638533.282, 89
Trd, 8638534.782, 96
Trd, 8638535.332, 96
Trd, 8638536.482, 92
Trd, 8638541.132, 96
Trd, 8638541.382, 87
Trd, 8638542.582, 95
Trd, 8638544.932, 119
Trd, 8638545.482, 89
Trd, 8638546.632, 92
Trd, 8638548.032, 100
Trd, 8638548.482, 102
Trd, 8638550.582, 89
Trd, 8638552.182, 95
Trd, 8638552.682, 95
Trd, 8638553.532, 94
Trd, 8638555.482, 96
Trd, 8638555.832, 93
Trd, 8638556.282, 106
Trd, 8638556.582, 81
Trd, 8638557.632, 78
Trd, 8638559.432, 79
Trd, 8638559.682, 78
Trd, 8638560.382, 107
Trd, 8638563.432, 113
Trd, 8638563.832, 123
Trd, 8638564.182, 122
Trd, 8638564.882, 111
Trd, 8638566.232, 103
Trd, 8638567.782, 102
Trd, 8638569.182, 82
Trd, 8638569.682, 105
Trd, 8638572.182, 87
Trd, 8638573.382, 104
Trd, 8638574.932, 95
Trd, 8638575.532, 77
Trd, 8638577.082, 89
Trd, 8638579.082, 86
Trd, 8638579.482, 87
Trd, 8638580.532, 81
Trd, 8638580.732, 105
Trd, 8638580.832, 80
Trd, 8638583.532, 103
Trd, 8638584.182, 117
Trd, 8638586.082, 89
Trd, 8638586.632, 87
Trd, 8638587.432, 106
Trd, 8638588.682, 97
Trd, 8638590.332, 103
Trd, 8638590.882, 84
Trd, 8638592.182, 87
Trd, 8638593.132, 87
Trd, 8638596.782, 108
Trd, 8638598.532, 86
Trd, 8638599.082, 122
Trd, 8638599.782, 86
Trd, 8638599.882, 104
Trd, 8638605.782, 86
Trd, 8638607.582, 86
Trd, 8638607.632, 99
Trd, 8638608.232, 85
Trd, 8638610.082, 88
Trd, 8638612.082, 90
Trd, 8638612.382, 94
Trd, 8638616.182, 98
Trd, 8638616.232, 94
Trd, 8638616.482, 97
Trd, 8638617.432, 81
Trd, 8638618.932, 99
Trd, 8638619.482, 108
Trd, 8638620.632, 85
Trd, 8638622.182, 83
Trd, 8638623.732, 97
Trd, 8638623.932, 95
Trd, 8638625.082, 95
Trd, 8638625.732, 112
Trd, 8638625.982, 102
Trd, 8638627.082, 101
Trd, 8638631.032, 93
Trd, 8638631.232, 79
Trd, 8638632.132, 85
Trd, 8638632.932, 94
Trd, 8638633.982, 87
Trd, 8638634.882, 92
Trd, 8638635.532, 96
Trd, 8638636.732, 109
Trd, 8638638.032, 97
Trd, 8638639.282, 98
Trd, 8638639.532, 97
Trd, 8638640.382, 103
Trd, 8638642.332, 81
Trd, 8638642.582, 105
Trd, 8638644.182, 88
Trd, 8638644.982, 89
Trd, 8638646.682, 98
Trd, 8638646.732, 114
Trd, 8638650.632, 99
Trd, 8638650.832, 98
Trd, 8638651.082, 106
Trd, 8638652.082, 99
Trd, 8638652.282, 97
Trd, 8638655.082, 100
Trd, 8638655.832, 97
Trd, 8638656.782, 113
Trd, 8638657.882, 91
Trd, 8638660.432, 78
Trd, 8638662.082, 101
Trd, 8638663.132, 102
Trd, 8638663.482, 105
Trd, 8638664.232, 93
Trd, 8638665.732, 95
Trd, 8638666.482, 101
Trd, 8638667.382, 93
Trd, 8638668.382, 94
Trd, 8638669.932, 122
Trd, 8638673.382, 98
Trd, 8638674.332, 95
Trd, 8638674.832, 104
Trd, 8638676.182, 122
Trd, 8638677.032, 110
Trd, 8638677.582, 97
Trd, 8638678.682, 94
Trd, 8638679.482, 89
Trd, 8638681.282, 91
Trd, 8638681.982, 96
Trd, 8638682.832, 107
Trd, 8638683.032, 90
Trd, 8638684.532, 90
Trd, 8638686.882, 95
Trd, 8638689.082, 86
Trd, 8638689.182, 105
Trd, 8638691.182, 96
Trd, 8638692.282, 82
Trd, 8638692.882, 109
Trd, 8638694.282, 81
Trd, 8638695.482, 74
Trd, 8638696.982, 76
Trd, 8638697.582, 95
Trd, 8638699.732, 104
Trd, 8638700.082, 80
Trd, 8638701.482, 90
Trd, 8638701.682, 96
Trd, 8638706.082, 103
Trd, 8638706.682, 91
Trd, 8638707.782, 102
Trd, 8638708.982, 94
Trd, 8638709.382, 81
Trd, 8638709.632, 80
Trd, 8638709.682, 105
Trd, 8638711.882, 113
Trd, 8638713.232, 114
Trd, 8638713.582, 111
Trd, 8638713.632, 102
Trd, 8638715.982, 114
Trd, 8638717.032, 113
Trd, 8638717.482, 122
Trd, 8638719.332, 107
Trd, 8638719.932, 95
Trd, 8638721.632, 89
Trd, 8638722.332, 91
Trd, 8638724.232, 94
Trd, 8638725.032, 82
Trd, 8638727.932, 98
Trd, 8638729.132, 125
Trd, 8638729.832, 125
Trd, 8638731.032, 122
Trd, 8638731.632, 114
Trd, 8638732.732, 113
Trd, 8638733.532, 112
Trd, 8638734.382, 112
Trd, 8638737.282, 90
Trd, 8638740.332, 122
Trd, 8638741.432, 113
Trd, 8638742.732, 87
Trd, 8638742.782, 86
Trd, 8638746.732, 81
Trd, 8638747.382, 106
Trd, 8638748.832, 97
Trd, 8638753.032, 96
Trd, 8638753.632, 98
Trd, 8638754.932, 90
Trd, 8638755.182, 89
Trd, 8638757.632, 90
Trd, 8638757.782, 95
Trd, 8638760.132, 104
Trd, 8638760.832, 94
Trd, 8638761.682, 121
Trd, 8638762.332, 94
Trd, 8638765.532, 104
Trd, 8638766.432, 96
Trd, 8638767.982, 92
Trd, 8638769.382, 94
Trd, 8638772.932, 105
Trd, 8638774.632, 88
Trd, 8638774.832, 89
Trd, 8638775.182, 85
Trd, 8638776.732, 84
Trd, 8638777.482, 87
Trd, 8638778.032, 96
Trd, 8638782.132, 90
Trd, 8638782.182, 106
Trd, 8638783.632, 91
Trd, 8638783.832, 95
Trd, 8638785.182, 110
Trd, 8638785.382, 89
Trd, 8638786.182, 85
Trd, 8638789.932, 101
Trd, 8638792.582, 96
Trd, 8638792.932, 97
Trd, 8638793.632, 95
Trd, 8638794.332, 92
Trd, 8638796.382, 96
Trd, 8638798.432, 86
Trd, 8638799.082, 84
Trd, 8638799.382, 84
Trd, 8638799.832, 122
Trd, 8638801.332, 113
Trd, 8638801.782, 101
Trd, 8638803.782, 105
Trd, 8638804.732, 124
Trd, 8638804.982, 123
Trd, 8638805.382, 122
Trd, 8638806.532, 89
Trd, 8638808.032, 92
Trd, 8638809.432, 96
Trd, 8638809.982, 94
Trd, 8638811.282, 95
Trd, 8638812.482, 120
Trd, 8638814.282, 100
Trd, 8638815.982, 97
Trd, 8638816.482, 95
Trd, 8638818.532, 95
Trd, 8638819.182, 113
Trd, 8638821.982, 82
Trd, 8638822.232, 113
Trd, 8638823.982, 88
Trd, 8638826.282, 92
Trd, 8638827.582, 97
Trd, 8638828.182, 111
Trd, 8638828.932, 89
Trd, 8638829.532, 76
Trd, 8638829.682, 109
Trd, 8638832.132, 105
Trd, 8638833.132, 82
Trd, 8638835.382, 98
Trd, 8638838.132, 95
Trd, 8638838.732, 86
Trd, 8638839.482, 105
Trd, 8638840.782, 91
Trd, 8638841.732, 104
Trd, 8638843.032, 88
Trd, 8638845.182, 92
Trd, 8638846.082, 97
Trd, 8638848.132, 89
Trd, 8638848.382, 95
Trd, 8638849.482, 105
Trd, 8638850.732, 92
Trd, 8638850.782, 115
Trd, 8638851.382, 92
Trd, 8638853.832, 89
Trd, 8638854.382, 95
Trd, 8638854.682, 89
Trd, 8638858.232, 98
Trd, 8638859.232, 99
Trd, 8638861.382, 98
Trd, 8638862.182, 105
Trd, 8638863.482, 97
Trd, 8638863.582, 92
Trd, 8638864.132, 122
Trd, 8638865.332, 109
Trd, 8638866.132, 123
Trd, 8638866.632, 123
Trd, 8638866.782, 122
Trd, 8638868.732, 77
Trd, 8638871.282, 85
Trd, 8638871.532, 95
Trd, 8638874.532, 83
Trd, 8638876.332, 84
Trd, 8638876.982, 82
Trd, 8638877.282, 104
Trd, 8638878.032, 94
Trd, 8638879.032, 95
Trd, 8638881.132, 106
Trd, 8638881.332, 97
Trd, 8638882.632, 100
Trd, 8638883.732, 100
Trd, 8638885.182, 113
Trd, 8638885.482, 102
Trd, 8638886.632, 78
Trd, 8638887.632, 97
Trd, 8638888.932, 80
Trd, 8638889.582, 79
Trd, 8638891.182, 100
Trd, 8638891.832, 104
Trd, 8638892.832, 86
Trd, 8638893.732, 87
Trd, 8638894.732, 106
Trd, 8638895.482, 95
Trd, 8638896.132, 93
Trd, 8638899.732, 91
Trd, 8638900.482, 95
Trd, 8638900.832, 92
Trd, 8638901.032, 109
Trd, 8638903.582, 121
Trd, 8638903.932, 120
Trd, 8638904.832, 112
Trd, 8638904.882, 102
Trd, 8638905.432, 95
Trd, 8638906.232, 113
Trd, 8638909.432, 81
Trd, 8638910.782, 99
Trd, 8638910.832, 91
Trd, 8638913.882, 92
Trd, 8638914.582, 108
Trd, 8638915.332, 92
Trd, 8638915.932, 112
Trd, 8638916.632, 122
Trd, 8638918.132, 105
Trd, 8638918.432, 102
Trd, 8638920.082, 113
Trd, 8638921.082, 103
Trd, 8638922.532, 101
Trd, 8638922.982, 88
Trd, 8638923.732, 89
Trd, 8638923.882, 95
Trd, 8638926.982, 96
Trd, 8638928.982, 125
Trd, 8638930.132, 127
Trd, 8638930.732, 127
Trd, 8638931.832, 121
Trd, 8638932.432, 114
Trd, 8638932.782, 113
Trd, 8638932.932, 118
Trd, 8638933.482, 100
Trd, 8638935.682, 94
Trd, 8638936.382, 94
Trd, 8638937.882, 104
Trd, 8638939.432, 91
Trd, 8638940.182, 113
Trd, 8638940.382, 85
Trd, 8638943.682, 89
Trd, 8638944.932, 95
Trd, 8638945.732, 78
Trd, 8638946.532, 91
Trd, 8638950.232, 96
Trd, 8638951.482, 96
Trd, 8638951.882, 103
Trd, 8638952.782, 101
Trd, 8638953.632, 101
Trd, 8638954.882, 112
Trd, 8638955.632, 113
Trd, 8638957.932, 113
Trd, 8638958.282, 101
Trd, 8638958.582, 81
Trd, 8638960.382, 78
Trd, 8638961.382, 99
Trd, 8638962.432, 88
Trd, 8638964.832, 122
Trd, 8638965.832, 105
Trd, 8638966.882, 90
Trd, 8638967.382, 89
Trd, 8638968.382, 78
Trd, 8638969.232, 83
Trd, 8638969.582, 96
Trd, 8638972.082, 95
Trd, 8638972.232, 94
Trd, 8638972.382, 102
Trd, 8638972.732, 93
Trd, 8638974.932, 104
Trd, 8638976.782, 74
Trd, 8638978.232, 98
Trd, 8638980.082, 96
Trd, 8638980.282, 93
Trd, 8638980.532, 92
Trd, 8638983.132, 87
Trd, 8638983.882, 88
Trd, 8638985.382, 105
Trd, 8638986.482, 99
Trd, 8638986.932, 95
Trd, 8638987.032, 122
Trd, 8638987.182, 91
Trd, 8638988.732, 121
Trd, 8638989.532, 78
Trd, 8638990.932, 70
Trd, 8638992.982, 105
Trd, 8638995.232, 120
Trd, 8638995.282, 92
Trd, 8638996.432, 93
Trd, 8638998.032, 95
Trd, 8638998.882, 96
Trd, 8639000.882, 83
Trd, 8639002.332, 101
Trd, 8639002.782, 85
Trd, 8639002.932, 113
Trd, 8639004.782, 85
Trd, 8639006.132, 86
Trd, 8639006.832, 96
Trd, 8639009.182, 110
Trd, 8639009.582, 80
Trd, 8639010.582, 87
Trd, 8639011.832, 78
Trd, 8639014.832, 113
Trd, 8639015.782, 94
Trd, 8639015.882, 92
Trd, 8639016.782, 95
Trd, 8639018.082, 88
Trd, 8639019.332, 97
Trd, 8639022.032, 79
Trd, 8639022.582, 109
Trd, 8639022.732, 120
Trd, 8639022.782, 77
Trd, 8639025.582, 87
Trd, 8639025.882, 82
Trd, 8639027.532, 93
Trd, 8639029.482, 96
Trd, 8639029.932, 100
Trd, 8639030.232, 96
Trd, 8639033.032, 96
Trd, 8639033.332, 108
Trd, 8639035.832, 88
Trd, 8639037.332, 84
Trd, 8639038.832, 95
Trd, 8639039.882, 96
Trd, 8639040.632, 92
Trd, 8639041.832, 88
Trd, 8639042.182, 105
Trd, 8639043.432, 89
Trd, 8639044.982, 104
Trd, 8639045.432, 122
Trd, 8639046.432, 95
Trd, 8639049.282, 94
Trd, 8639049.682, 85
Trd, 8639051.832, 86
Trd, 8639052.432, 99
Trd, 8639053.782, 90
Trd, 8639055.482, 88
Trd, 8639056.232, 83
Trd, 8639056.882, 95
Trd, 8639058.532, 89
Trd, 8639060.382, 105
Trd, 8639061.582, 89
Trd, 8639065.632, 98
Trd, 8639066.032, 98
Trd, 8639066.382, 95
Trd, 8639066.582, 105
Trd, 8639068.582, 104
Trd, 8639069.982, 107
Trd, 8639070.932, 85
Trd, 8639071.782, 93
Trd, 8639075.132, 96
Trd, 8639075.682, 96
Trd, 8639077.382, 112
Trd, 8639077.832, 99
Trd, 8639077.882, 98
Trd, 8639078.132, 89
Trd, 8639080.182, 81
Trd, 8639081.482, 118
Trd, 8639083.182, 113
Trd, 8639083.782, 112
Trd, 8639084.982, 103
Trd, 8639086.232, 102
Trd, 8639087.182, 107
Trd, 8639089.132, 106
Trd, 8639089.232, 102
Trd, 8639089.832, 120
Trd, 8639091.432, 113
Trd, 8639091.482, 102
Trd, 8639096.182, 124
Trd, 8639096.382, 122
Trd, 8639097.932, 104
Trd, 8639099.532, 83
Trd, 8639100.082, 108
Trd, 8639101.482, 86
Trd, 8639102.032, 85
Trd, 8639102.332, 85
Trd, 8639102.482, 100
Trd, 8639103.332, 85
Trd, 8639104.232, 103
Trd, 8639105.132, 108
Trd, 8639106.632, 97
Trd, 8639107.632, 98
Trd, 8639110.132, 96
Trd, 8639110.582, 113
Trd, 8639110.932, 97
Trd, 8639111.732, 122
Trd, 8639113.082, 95
Trd, 8639114.582, 111
Trd, 8639114.732, 121
Trd, 8639115.582, 95
Trd, 8639117.832, 90
Trd, 8639119.182, 90
Trd, 8639120.732, 80
Trd, 8639121.182, 95
Trd, 8639121.482, 104
Trd, 8639123.382, 95
Trd, 8639125.182, 112
Trd, 8639126.182, 123
Trd, 8639126.832, 122
Trd, 8639128.682, 93
Trd, 8639129.182, 91
Trd, 8639130.232, 119
Trd, 8639131.932, 79
Trd, 8639132.182, 81
Trd, 8639132.632, 102
Trd, 8639133.182, 102
Trd, 8639135.632, 78
Trd, 8639136.732, 79
Trd, 8639137.932, 101
Trd, 8639139.532, 81
Trd, 8639141.632, 95
Trd, 8639144.282, 98
Trd, 8639144.432, 104
Trd, 8639145.732, 100
Trd, 8639147.132, 123
Trd, 8639147.482, 122
Trd, 8639150.032, 112
Trd, 8639150.082, 102
Trd, 8639154.582, 94
Trd, 8639154.682, 97
Trd, 8639155.082, 92
Trd, 8639155.982, 92
Trd, 8639156.032, 105
Trd, 8639158.432, 90
Trd, 8639160.532, 112
Trd, 8639161.482, 115
Trd, 8639162.332, 102
Trd, 8639164.482, 102
Trd, 8639165.632, 98
Trd, 8639167.382, 111
Trd, 8639168.132, 98
Trd, 8639169.082, 121
Trd, 8639169.532, 94
Trd, 8639172.182, 107
Trd, 8639172.882, 96
Trd, 8639173.432, 99
Trd, 8639173.782, 111
Trd, 8639174.032, 96
Trd, 8639174.182, 95
Trd, 8639176.782, 122
Trd, 8639177.432, 93
Trd, 8639178.782, 102
Trd, 8639179.582, 90
Trd, 8639181.832, 88
Trd, 8639182.282, 95
Trd, 8639183.082, 87
Trd, 8639185.832, 101
Trd, 8639186.982, 76
Trd, 8639188.082, 85
Trd, 8639188.382, 105
Trd, 8639190.982, 88
Trd, 8639191.682, 95
Trd, 8639193.532, 100
Trd, 8639193.632, 88
Trd, 8639195.832, 91
Trd, 8639196.632, 104
Trd, 8639197.132, 91
Trd, 8639197.432, 99
Trd, 8639197.732, 82
Trd, 8639199.382, 95
Trd, 8639200.832, 93
Trd, 8639201.832, 110
Trd, 8639202.982, 99
Trd, 8639203.982, 100
Trd, 8639204.732, 104
Trd, 8639205.782, 95
Trd, 8639206.032, 85
Trd, 8639206.782, 92
Trd, 8639207.582, 91
Trd, 8639208.482, 77
Trd, 8639211.632, 93
Trd, 8639211.732, 90
Trd, 8639213.782, 95
Trd, 8639213.832, 104
Trd, 8639215.582, 91
Trd, 8639216.682, 104
Trd, 8639217.582, 113
Trd, 8639218.382, 104
Trd, 8639218.782, 102
Trd, 8639221.832, 103
Trd, 8639222.032, 98
Trd, 8639223.082, 107
Trd, 8639223.182, 98
Trd, 8639224.182, 94
Trd, 8639224.782, 92
Trd, 8639225.382, 121
Trd, 8639227.082, 93
Trd, 8639227.532, 112
Trd, 8639228.382, 91
Trd, 8639229.232, 98
Trd, 8639230.632, 86
Trd, 8639231.982, 81
Trd, 8639232.882, 106
Trd, 8639235.832, 102
Trd, 8639236.282, 92
Trd, 8639236.782, 90
Trd, 8639237.132, 95
Trd, 8639238.982, 93
Trd, 8639239.832, 88
Trd, 8639241.732, 122
Trd, 8639243.082, 96
Trd, 8639244.532, 96
Trd, 8639245.332, 106
Trd, 8639248.632, 92
Trd, 8639248.982, 95
Trd, 8639249.332, 92
Trd, 8639250.032, 92
Trd, 8639252.032, 95
Trd, 8639252.532, 92
Trd, 8639252.882, 93
Trd, 8639253.632, 122
Trd, 8639254.732, 90
Trd, 8639256.282, 80
Trd, 8639259.332, 93
Trd, 8639260.332, 95
Trd, 8639261.232, 95
Trd, 8639262.082, 86
Trd, 8639263.232, 104
Trd, 8639264.932, 97
Trd, 8639265.132, 93
Trd, 8639265.432, 85
Trd, 8639267.682, 92
Trd, 8639269.732, 95
Trd, 8639270.632, 101
Trd, 8639271.482, 88
Trd, 8639272.182, 122
Trd, 8639274.482, 95
Trd, 8639274.682, 80
Trd, 8639275.432, 81
Trd, 8639277.232, 95
Trd, 8639277.932, 83
Trd, 8639278.882, 97
Trd, 8639279.782, 104
Trd, 8639280.932, 95
Trd, 8639281.232, 86
Trd, 8639282.832, 79
Trd, 8639283.982, 78
Trd, 8639284.432, 104
Trd, 8639286.382, 113
Trd, 8639287.232, 112
Trd, 8639288.232, 103
Trd, 8639288.682, 102
Trd, 8639289.132, 92
Trd, 8639290.082, 92
Trd, 8639292.732, 95
Trd, 8639292.932, 95
Trd, 8639293.082, 93
Trd, 8639294.132, 76
Trd, 8639296.232, 124
Trd, 8639297.282, 123
Trd, 8639298.132, 121
Trd, 8639298.232, 102
Trd, 8639299.132, 113
Trd, 8639300.482, 122
Trd, 8639303.832, 92
Trd, 8639304.532, 98
Trd, 8639305.932, 104
Trd, 8639306.982, 98
Trd, 8639307.182, 96
Trd, 8639309.932, 98
Trd, 8639312.282, 104
Trd, 8639312.782, 99
Trd, 8639312.932, 98
Trd, 8639313.482, 97
Trd, 8639313.532, 99
Trd, 8639315.682, 93
Trd, 8639317.032, 113
Trd, 8639318.482, 126
Trd, 8639319.782, 126
Trd, 8639320.382, 121
Trd, 8639321.032, 101
Trd, 8639322.282, 108
Trd, 8639323.982, 96
Trd, 8639324.832, 89
Trd, 8639325.932, 93
Trd, 8639327.282, 97
Trd, 8639328.132, 104
Trd, 8639328.882, 85
Trd, 8639331.682, 97
Trd, 8639331.832, 83
Trd, 8639332.682, 122
Trd, 8639335.932, 112
Trd, 8639336.682, 103
Trd, 8639337.332, 123
Trd, 8639337.782, 122
Trd, 8639339.382, 85
Trd, 8639341.432, 78
Trd, 8639341.532, 96
Trd, 8639342.782, 70
Trd, 8639343.682, 112
Trd, 8639345.232, 81
Trd, 8639346.482, 81
Trd, 8639347.032, 79
Trd, 8639347.782, 99
Trd, 8639350.232, 79
Trd, 8639350.682, 80
Trd, 8639350.782, 91
Trd, 8639351.632, 96
Trd, 8639352.432, 91
Trd, 8639354.032, 79
Trd, 8639355.982, 106
Trd, 8639359.732, 91
Trd, 8639360.232, 101
Trd, 8639360.732, 91
Trd, 8639360.832, 90
Trd, 8639361.532, 91
Trd, 8639363.032, 98
Trd, 8639363.432, 86
Trd, 8639365.832, 83
Trd, 8639366.832, 88
Trd, 8639368.232, 106
Trd, 8639368.732, 96
Trd, 8639369.082, 76
Trd, 8639369.882, 96
Trd, 8639371.082, 96
Trd, 8639371.282, 108
Trd, 8639372.582, 125
Trd, 8639372.982, 122
Trd, 8639374.432, 102
Trd, 8639378.082, 114
Trd, 8639378.182, 114
Trd, 8639380.182, 113
Trd, 8639381.032, 92
Trd, 8639381.182, 95
Trd, 8639382.982, 95
Trd, 8639384.582, 92
Trd, 8639384.932, 89
Trd, 8639385.532, 97
Trd, 8639388.032, 111
Trd, 8639389.182, 125
Trd, 8639390.732, 125
Trd, 8639391.932, 127
Trd, 8639392.282, 122
Trd, 8639393.082, 113
Trd, 8639393.782, 104
Trd, 8639395.782, 105
Trd, 8639397.382, 104
Trd, 8639399.982, 103
Trd, 8639400.482, 101
Trd, 8639400.932, 100
Trd, 8639401.182, 86
Trd, 8639401.382, 87
Trd, 8639404.482, 90
Trd, 8639406.032, 105
Trd, 8639407.032, 93
Trd, 8639408.132, 92
Trd, 8639410.932, 99
Trd, 8639411.032, 103
Trd, 8639411.132, 96
Trd, 8639411.332, 92
Trd, 8639412.182, 83
Trd, 8639415.732, 92
Trd, 8639416.832, 96
Trd, 8639418.732, 96
Trd, 8639418.782, 95
Trd, 8639419.782, 113
Trd, 8639420.632, 92
Trd, 8639423.332, 84
Trd, 8639423.582, 82
Trd, 8639424.632, 109
Trd, 8639425.432, 105
Trd, 8639427.432, 114
Trd, 8639427.732, 113
Trd, 8639429.382, 114
Trd, 8639429.732, 112
Trd, 8639429.982, 102
Trd, 8639431.782, 122
Trd, 8639433.932, 104
Trd, 8639434.432, 108
Trd, 8639435.732, 107
Trd, 8639437.182, 120
Trd, 8639437.482, 104
Trd, 8639438.232, 101
Trd, 8639440.732, 82
Trd, 8639441.332, 82
Trd, 8639442.982, 98
Trd, 8639443.082, 88
Trd, 8639444.082, 99
Trd, 8639447.582, 97
Trd, 8639449.232, 95
Trd, 8639451.332, 104
Trd, 8639453.182, 94
Trd, 8639453.932, 90
Trd, 8639454.182, 120
Trd, 8639456.632, 93
Trd, 8639456.782, 110
Trd, 8639457.982, 113
Trd, 8639458.132, 111
Trd, 8639458.832, 79
Trd, 8639460.232, 92
Trd, 8639460.682, 70
Trd, 8639461.482, 76
Trd, 8639462.432, 113
Trd, 8639465.382, 94
Trd, 8639466.832, 121
Trd, 8639467.182, 95
Trd, 8639469.382, 95
Trd, 8639470.382, 89
Trd, 8639473.632, 90
Trd, 8639475.682, 106
Trd, 8639476.032, 94
Trd, 8639476.682, 108
Trd, 8639477.182, 93
Trd, 8639477.332, 92
Trd, 8639481.982, 106
Trd, 8639482.782, 95
Trd, 8639482.982, 95
Trd, 8639485.532, 106
Trd, 8639487.282, 90
Trd, 8639488.032, 87
Trd, 8639489.182, 93
Trd, 8639490.182, 89
Trd, 8639490.332, 104
Trd, 8639492.082, 121
Trd, 8639492.432, 112
Trd, 8639492.782, 102
Trd, 8639494.532, 122
Trd, 8639495.832, 104
Trd, 8639496.732, 103
Trd, 8639497.982, 90
Trd, 8639499.282, 113
Trd, 8639500.582, 87
Trd, 8639501.332, 104
Trd, 8639503.332, 108
Trd, 8639504.082, 97
Trd, 8639504.832, 87
Trd, 8639504.982, 112
Trd, 8639508.282, 93
Trd, 8639508.682, 89
Trd, 8639509.532, 111
Trd, 8639510.682, 99
Trd, 8639511.682, 96
Trd, 8639513.382, 94
Trd, 8639514.832, 103
Trd, 8639515.232, 104
Trd, 8639516.882, 91
Trd, 8639517.232, 78
Trd, 8639518.732, 95
Trd, 8639518.932, 95
Trd, 8639520.732, 80
Trd, 8639524.282, 111
Trd, 8639526.882, 100
Trd, 8639527.332, 104
Trd, 8639527.782, 100
Trd, 8639529.182, 122
Trd, 8639529.682, 95
Trd, 8639530.132, 108
Trd, 8639530.832, 93
Trd, 8639533.132, 91
Trd, 8639534.332, 100
Trd, 8639534.882, 89
Trd, 8639536.432, 88
Trd, 8639537.032, 85
Trd, 8639538.532, 96
Trd, 8639539.732, 97
Trd, 8639540.982, 86
Trd, 8639543.532, 86
Trd, 8639545.682, 103
Trd, 8639546.282, 86
Trd, 8639546.532, 113
Trd, 8639547.282, 86
Trd, 8639548.732, 82
Trd, 8639550.232, 84
Trd, 8639550.732, 86
Trd, 8639552.182, 104
Trd, 8639552.532, 89
Trd, 8639554.032, 92
Trd, 8639556.132, 86
Trd, 8639557.532, 83
Trd, 8639558.832, 99
Trd, 8639559.532, 96
Trd, 8639559.582, 108
Trd, 8639560.282, 95
Trd, 8639561.232, 76
Trd, 8639565.632, 111
Trd, 8639566.182, 122
Trd, 8639566.682, 123
Trd, 8639567.032, 121
Trd, 8639567.332, 101
Trd, 8639568.182, 122
Trd, 8639569.332, 91
Trd, 8639569.782, 106
Trd, 8639571.182, 86
Trd, 8639572.032, 84
Trd, 8639574.432, 106
Trd, 8639574.482, 95
Trd, 8639576.032, 86
Trd, 8639576.332, 87
Trd, 8639577.682, 88
Trd, 8639580.282, 78
Trd, 8639582.532, 96
Trd, 8639582.932, 86
Trd, 8639584.332, 85
Trd, 8639584.682, 104
Trd, 8639587.182, 96
Trd, 8639587.882, 84
Trd, 8639589.682, 95
Trd, 8639590.832, 97
Trd, 8639591.282, 108
Trd, 8639591.532, 112
Trd, 8639592.782, 111
Trd, 8639594.032, 79
Trd, 8639594.582, 95
Trd, 8639598.132, 98
Trd, 8639598.882, 105
Trd, 8639600.032, 97
Trd, 8639600.582, 80
Trd, 8639601.132, 118
Trd, 8639601.582, 87
Trd, 8639603.682, 101
Trd, 8639603.782, 92
Trd, 8639605.682, 98
Trd, 8639607.732, 97
Trd, 8639607.832, 95
Trd, 8639609.232, 77
Trd, 8639610.232, 113
Trd, 8639612.182, 78
Trd, 8639613.132, 100
Trd, 8639613.782, 107
Trd, 8639614.532, 89
Trd, 8639615.132, 87
Trd, 8639617.282, 94
Trd, 8639620.182, 106
Trd, 8639621.732, 104
Trd, 8639622.632, 104
Trd, 8639623.132, 100
Trd, 8639624.532, 112
Trd, 8639627.632, 96
Trd, 8639628.432, 95
Trd, 8639628.582, 94
Trd, 8639628.932, 107
Trd, 8639631.332, 91
Trd, 8639631.782, 98
Trd, 8639631.882, 84
Trd, 8639633.432, 93
Trd, 8639633.482, 104
Trd, 8639635.382, 107
Trd, 8639635.832, 93
Trd, 8639638.732, 92
Trd, 8639641.432, 95
Trd, 8639641.832, 96
Trd, 8639642.082, 120
Trd, 8639642.132, 91
Trd, 8639643.232, 87
Trd, 8639645.032, 89
Trd, 8639645.132, 86
Trd, 8639645.782, 104
Trd, 8639649.332, 88
Trd, 8639649.782, 97
Trd, 8639651.032, 104
Trd, 8639653.232, 93
Trd, 8639654.032, 89
Trd, 8639654.182, 100
Trd, 8639655.032, 94
Trd, 8639655.382, 93
Trd, 8639657.132, 104
Trd, 8639658.132, 87
Trd, 8639658.432, 95
Trd, 8639658.582, 85
Trd, 8639660.932, 110
Trd, 8639662.432, 106
Trd, 8639662.482, 104
Trd, 8639664.432, 104
Trd, 8639665.682, 101
Trd, 8639666.282, 101
Trd, 8639667.132, 100
Trd, 8639668.382, 105
Trd, 8639670.532, 88
Trd, 8639671.532, 98
Trd, 8639672.632, 90
Trd, 8639672.782, 106
Trd, 8639674.482, 91
Trd, 8639674.882, 92
Trd, 8639675.182, 96
Trd, 8639676.082, 95
Trd, 8639678.032, 94
Trd, 8639679.782, 88
Trd, 8639679.882, 107
Trd, 8639683.832, 92
Trd, 8639685.082, 106
Trd, 8639687.882, 88
Trd, 8639687.982, 95
Trd, 8639689.482, 114
Trd, 8639690.382, 116
Trd, 8639690.582, 115
Trd, 8639691.382, 113
Trd, 8639693.132, 122
Trd, 8639695.482, 88
Trd, 8639696.032, 95
Trd, 8639696.382, 82
Trd, 8639698.132, 96
Trd, 8639699.382, 89
Trd, 8639700.232, 82
Trd, 8639702.232, 93
Trd, 8639702.982, 95
Trd, 8639703.332, 87
Trd, 8639704.232, 106
Trd, 8639704.932, 77
Trd, 8639707.532, 92
Trd, 8639708.732, 97
Trd, 8639709.332, 104
Trd, 8639710.632, 93
Trd, 8639711.182, 110
Trd, 8639713.282, 97
Trd, 8639714.582, 98
Trd, 8639715.082, 85
Trd, 8639715.432, 99
Trd, 8639715.982, 87
Trd, 8639717.482, 104
Trd, 8639720.982, 94
Trd, 8639722.632, 103
Trd, 8639723.032, 91
Trd, 8639723.132, 105
Trd, 8639723.732, 89
Trd, 8639724.082, 122
Trd, 8639725.932, 95
Trd, 8639726.632, 93
Trd, 8639727.332, 86
Trd, 8639729.232, 88
Trd, 8639730.582, 87
Trd, 8639730.632, 106
Trd, 8639731.382, 119
Trd, 8639735.782, 95
Trd, 8639736.232, 95
Trd, 8639736.282, 109
Trd, 8639736.732, 94
Trd, 8639740.282, 123
Trd, 8639740.432, 122
Trd, 8639741.232, 92
Trd, 8639741.832, 91
Trd, 8639742.432, 86
Trd, 8639743.632, 122
Trd, 8639745.482, 103
Trd, 8639746.382, 91
Trd, 8639746.932, 86
Trd, 8639748.032, 82
Trd, 8639748.282, 98
Trd, 8639749.282, 108
Trd, 8639750.982, 118
Trd, 8639753.332, 93
Trd, 8639755.282, 94
Trd, 8639755.382, 91
Trd, 8639755.632, 113
Trd, 8639757.682, 95
Trd, 8639758.682, 84
Trd, 8639759.732, 97
Trd, 8639760.232, 113
Trd, 8639762.732, 91
Trd, 8639763.532, 90
Trd, 8639764.732, 88
Trd, 8639765.582, 95
Trd, 8639766.032, 104
Trd, 8639766.782, 88
Trd, 8639767.182, 82
Trd, 8639770.882, 90
Trd, 8639772.082, 91
Trd, 8639772.632, 99
Trd, 8639773.482, 91
Trd, 8639773.832, 104
Trd, 8639776.182, 87
Trd, 8639776.932, 84
Trd, 8639778.632, 77
Trd, 8639778.932, 98
Trd, 8639780.032, 93
Trd, 8639780.332, 98
Trd, 8639780.782, 107
Trd, 8639781.882, 96
Trd, 8639784.432, 86
Trd, 8639785.482, 96
Trd, 8639786.182, 79
Trd, 8639788.782, 102
Trd, 8639788.982, 104
Trd, 8639792.282, 83
Trd, 8639792.732, 95
Trd, 8639793.632, 114
Trd, 8639794.032, 112
Trd, 8639797.232, 96
Trd, 8639798.482, 94
Trd, 8639799.232, 95
Trd, 8639799.482, 93
Trd, 8639801.582, 113
Trd, 8639801.682, 114
Trd, 8639802.732, 108
Trd, 8639803.482, 100
Trd, 8639804.032, 107
Trd, 8639804.132, 94
Trd, 8639804.982, 91
Trd, 8639807.482, 124
Trd, 8639807.532, 123
Trd, 8639807.582, 119
Trd, 8639808.582, 78
Trd, 8639810.532, 107
Trd, 8639811.832, 95
Trd, 8639813.382, 111
Trd, 8639814.632, 113
Trd, 8639815.482, 121
Trd, 8639816.432, 121
Trd, 8639816.532, 120
Trd, 8639820.032, 94
Trd, 8639822.732, 95
Trd, 8639822.832, 94
Trd, 8639823.782, 103
Trd, 8639823.982, 97
Trd, 8639825.382, 87
Trd, 8639825.832, 104
Trd, 8639826.882, 82
Trd, 8639828.132, 110
Trd, 8639828.282, 81
Trd, 8639831.132, 86
Trd, 8639831.582, 92
Trd, 8639832.532, 99
Trd, 8639834.432, 94
Trd, 8639835.132, 94
Trd, 8639836.382, 93
Trd, 8639837.332, 83
Trd, 8639838.782, 85
Trd, 8639839.532, 101
Trd, 8639840.582, 101
Trd, 8639840.882, 96
Trd, 8639840.982, 84
Trd, 8639842.082, 84
Trd, 8639844.082, 79
Trd, 8639845.232, 99
Trd, 8639845.532, 110
Trd, 8639846.982, 84
Trd, 8639848.282, 113
Trd, 8639848.482, 102
Trd, 8639851.482, 111
Trd, 8639851.782, 122
Trd, 8639852.182, 112
Trd, 8639855.332, 94
Trd, 8639856.282, 95
Trd, 8639856.782, 93
Trd, 8639857.582, 76
Trd, 8639858.032, 108
Trd, 8639858.632, 88
Trd, 8639861.982, 123
Trd, 8639862.232, 122
Trd, 8639862.832, 113
Trd, 8639863.632, 112
Trd, 8639864.032, 111
Trd, 8639865.332, 112
Trd, 8639866.432, 123
Trd, 8639866.682, 122
Trd, 8639867.982, 99
Trd, 8639870.182, 101
Trd, 8639871.582, 86
Trd, 8639873.982, 86
Trd, 8639876.382, 99
Trd, 8639876.582, 106
Trd, 8639876.732, 90
Trd, 8639877.332, 92
Trd, 8639880.282, 91
Trd, 8639883.932, 98
Trd, 8639884.032, 87
Trd, 8639886.332, 104
Trd, 8639888.082, 114
Trd, 8639888.382, 113
Trd, 8639889.282, 122
Trd, 8639889.432, 112
Trd, 8639889.582, 102
Trd, 8639892.132, 96
Trd, 8639893.732, 81
Trd, 8639894.382, 108
Trd, 8639896.982, 95
Trd, 8639897.282, 92
Trd, 8639897.632, 92
Trd, 8639898.032, 83
Trd, 8639900.582, 98
Trd, 8639900.782, 113
Trd, 8639902.032, 107
Trd, 8639903.082, 93
Trd, 8639903.482, 83
Trd, 8639903.932, 86
Trd, 8639906.332, 123
Trd, 8639906.632, 121
Trd, 8639907.132, 112
Trd, 8639910.282, 105
Trd, 8639910.432, 112
Trd, 8639910.732, 102
Trd, 8639912.032, 109
Trd, 8639914.232, 95
Trd, 8639916.032, 98
Trd, 8639917.732, 84
Trd, 8639918.782, 95
Trd, 8639920.782, 122
Trd, 8639921.432, 123
Trd, 8639922.382, 120
Trd, 8639922.432, 113
Trd, 8639922.782, 101
Trd, 8639925.682, 97
Trd, 8639927.532, 98
Trd, 8639929.882, 93
Trd, 8639930.382, 113
Trd, 8639930.732, 117
Trd, 8639930.982, 93
Trd, 8639933.332, 98
Trd, 8639936.032, 103
Trd, 8639937.082, 108
Trd, 8639937.782, 102
Trd, 8639940.182, 102
Trd, 8639940.632, 99
Trd, 8639940.982, 107
Trd, 8639942.782, 97
Trd, 8639943.132, 109
Trd, 8639944.182, 123
Trd, 8639944.632, 122
Trd, 8639946.482, 84
Trd, 8639950.082, 91
Trd, 8639950.882, 90
Trd, 8639951.982, 96
Trd, 8639953.232, 94
Trd, 8639954.832, 92
Trd, 8639956.732, 84
Trd, 8639957.282, 96
Trd, 8639958.832, 86
Trd, 8639960.332, 90
Trd, 8639960.482, 98
Trd, 8639961.132, 105
Trd, 8639961.632, 88
Trd, 8639962.932, 113
Trd, 8639965.982, 95
Trd, 8639966.382, 94
Trd, 8639966.932, 113
Trd, 8639969.732, 106
Trd, 8639970.482, 99
Trd, 8639971.782, 100
Trd, 8639972.232, 98
Trd, 8639973.882, 99
Trd, 8639977.232, 124
Trd, 8639977.382, 122
Trd, 8639977.682, 112
Trd, 8639977.732, 111
Trd, 8639979.082, 122
Trd, 8639980.532, 113
Trd, 8639982.232, 90
Trd, 8639982.282, 122
Trd, 8639982.982, 96
Trd, 8639986.332, 96
Trd, 8639986.482, 94
Trd, 8639988.682, 107
Trd, 8639989.632, 104
Trd, 8639990.232, 104
Trd, 8639992.232, 90
Trd, 8639992.932, 95
Trd, 8639994.482, 86
Trd, 8639994.832, 115
Trd, 8639995.282, 98
Trd, 8639997.532, 88
Trd, 8639998.782, 80
