Trd, 8637976.282, 83
Trd, 8637976.482, 85
Trd, 8637977.882, 95
Trd, 8637978.582, 120
Trd, 8637979.432, 85
Trd, 8637981.182, 84
Trd, 8637982.132, 92
Trd, 8637984.082, 76
Trd, 8637984.632, 95
Trd, 8637985.182, 76
Trd, 8637985.932, 77
Trd, 8637986.382, 110
Trd, 8637987.232, 104
Trd, 8637988.332, 108
Trd, 8637990.982, 71
Trd, 8637993.932, 83
Trd, 8637993.982, 81
Trd, 8637994.882, 81
Trd, 8637995.332, 79
Trd, 8637996.032, 86
Trd, 8637996.282, 95
Trd, 8637996.632, 78
Trd, 8637998.032, 104
Trd, 8637998.132, 73
Trd, 8637999.582, 116
Trd, 8638000.782, 108
Trd, 8638000.982, 103
Trd, 8638001.382, 113
Trd, 8638002.832, 97
Trd, 8638003.432, 95
Trd, 8638006.632, 103
Trd, 8638007.182, 110
Trd, 8638007.632, 83
Trd, 8638008.032, 111
Trd, 8638008.082, 84
Trd, 8638010.582, 115
Trd, 8638012.132, 105
Trd, 8638013.332, 113
Trd, 8638013.382, 104
Trd, 8638014.782, 104
Trd, 8638015.332, 111
Trd, 8638016.982, 104
Trd, 8638017.682, 104
Trd, 8638017.982, 95
Trd, 8638020.182, 71
Trd, 8638020.232, 86
Trd, 8638020.682, 108
Trd, 8638021.132, 109
Trd, 8638022.482, 79
Trd, 8638024.132, 82
Trd, 8638024.582, 110
Trd, 8638024.682, 111
Trd, 8638026.232, 85
Trd, 8638027.132, 104
Trd, 8638029.332, 116
Trd, 8638030.532, 77
Trd, 8638030.782, 78
Trd, 8638031.432, 118
Trd, 8638033.982, 107
Trd, 8638034.782, 113
Trd, 8638035.182, 106
Trd, 8638037.032, 111
Trd, 8638038.832, 108
Trd, 8638039.632, 109
Trd, 8638040.382, 108
Trd, 8638040.682, 116
Trd, 8638041.382, 104
Trd, 8638041.832, 87
Trd, 8638042.582, 87
Trd, 8638043.032, 86
Trd, 8638044.882, 111
Trd, 8638045.882, 106
Trd, 8638047.582, 107
Trd, 8638047.932, 108
Trd, 8638051.132, 115
Trd, 8638051.432, 102
Trd, 8638052.282, 104
Trd, 8638054.332, 103
Trd, 8638056.832, 100
Trd, 8638057.132, 87
Trd, 8638057.682, 101
Trd, 8638058.032, 91
Trd, 8638058.782, 87
Trd, 8638060.582, 89
Trd, 8638060.982, 106
Trd, 8638063.632, 95
Trd, 8638065.432, 71
Trd, 8638066.332, 80
Trd, 8638066.682, 69
Trd, 8638067.382, 104
Trd, 8638068.032, 68
Trd, 8638068.732, 114
Trd, 8638069.582, 81
Trd, 8638071.182, 111
Trd, 8638071.382, 75
Trd, 8638072.382, 77
Trd, 8638073.932, 111
Trd, 8638075.032, 88
Trd, 8638077.532, 87
Trd, 8638078.182, 101
Trd, 8638078.432, 104
Trd, 8638079.932, 89
Trd, 8638080.382, 88
Trd, 8638081.532, 121
Trd, 8638083.182, 116
Trd, 8638084.082, 119
Trd, 8638084.382, 107
Trd, 8638086.232, 113
Trd, 8638086.782, 103
Trd, 8638086.882, 95
Trd, 8638087.432, 87
Trd, 8638089.332, 111
Trd, 8638092.432, 104
Trd, 8638092.832, 96
Trd, 8638093.032, 95
Trd, 8638093.832, 107
Trd, 8638094.532, 89
Trd, 8638094.832, 107
Trd, 8638095.982, 86
Trd, 8638097.882, 104
Trd, 8638098.482, 103
Trd, 8638100.382, 77
Trd, 8638100.582, 95
Trd, 8638100.682, 104
Trd, 8638102.632, 82
Trd, 8638104.732, 106
Trd, 8638105.632, 110
Trd, 8638106.682, 107
Trd, 8638107.582, 104
Trd, 8638107.632, 95
Trd, 8638108.332, 88
Trd, 8638108.982, 103
Trd, 8638109.532, 70
Trd, 8638112.232, 110
Trd, 8638112.532, 109
Trd, 8638113.182, 109
Trd, 8638113.482, 75
Trd, 8638114.382, 74
Trd, 8638114.532, 78
Trd, 8638116.432, 107
Trd, 8638117.532, 108
Trd, 8638118.382, 108
Trd, 8638118.932, 105
Trd, 8638119.182, 104
Trd, 8638122.132, 106
Trd, 8638123.032, 104
Trd, 8638125.582, 107
Trd, 8638126.132, 105
Trd, 8638126.282, 107
Trd, 8638126.532, 103
Trd, 8638126.582, 86
Trd, 8638129.782, 104
Trd, 8638131.632, 111
Trd, 8638132.082, 107
Trd, 8638132.582, 108
Trd, 8638133.732, 105
Trd, 8638134.182, 104
Trd, 8638135.132, 104
Trd, 8638136.132, 89
Trd, 8638137.182, 101
Trd, 8638137.732, 102
Trd, 8638138.132, 87
Trd, 8638138.532, 88
Trd, 8638139.582, 104
Trd, 8638141.282, 119
Trd, 8638141.582, 91
Trd, 8638144.032, 108
Trd, 8638144.282, 111
Trd, 8638144.532, 104
Trd, 8638147.632, 90
Trd, 8638148.132, 108
Trd, 8638148.432, 109
Trd, 8638150.332, 103
Trd, 8638152.182, 106
Trd, 8638152.982, 96
Trd, 8638153.232, 95
Trd, 8638153.332, 106
Trd, 8638154.282, 94
Trd, 8638155.282, 69
Trd, 8638157.332, 105
Trd, 8638157.682, 106
Trd, 8638158.632, 105
Trd, 8638160.982, 101
Trd, 8638161.682, 116
Trd, 8638161.982, 117
Trd, 8638162.332, 95
Trd, 8638162.782, 87
Trd, 8638164.182, 89
Trd, 8638165.382, 89
Trd, 8638166.482, 121
Trd, 8638168.232, 110
Trd, 8638168.632, 120
Trd, 8638169.032, 89
Trd, 8638169.732, 124
Trd, 8638172.032, 106
Trd, 8638172.232, 103
Trd, 8638173.082, 95
Trd, 8638174.482, 82
Trd, 8638176.132, 74
Trd, 8638176.782, 69
Trd, 8638178.182, 86
Trd, 8638180.032, 94
Trd, 8638180.832, 78
Trd, 8638181.132, 95
Trd, 8638181.532, 104
Trd, 8638182.082, 81
Trd, 8638184.682, 113
Trd, 8638185.332, 90
Trd, 8638186.032, 104
Trd, 8638187.282, 89
Trd, 8638191.332, 103
Trd, 8638192.032, 103
Trd, 8638192.732, 105
Trd, 8638193.232, 95
Trd, 8638193.532, 86
Trd, 8638193.682, 117
Trd, 8638195.482, 81
Trd, 8638196.382, 113
Trd, 8638197.082, 80
Trd, 8638198.682, 105
Trd, 8638199.632, 89
Trd, 8638199.932, 100
Trd, 8638200.232, 87
Trd, 8638201.232, 86
Trd, 8638203.382, 102
Trd, 8638204.182, 112
Trd, 8638204.932, 111
Trd, 8638206.682, 109
Trd, 8638206.782, 107
Trd, 8638207.732, 104
Trd, 8638208.932, 87
Trd, 8638209.182, 87
Trd, 8638210.932, 103
Trd, 8638211.432, 104
Trd, 8638211.482, 93
Trd, 8638212.132, 77
Trd, 8638213.782, 68
Trd, 8638216.732, 112
Trd, 8638217.132, 104
Trd, 8638217.382, 103
Trd, 8638218.682, 111
Trd, 8638219.182, 88
Trd, 8638220.382, 88
Trd, 8638220.482, 117
Trd, 8638222.032, 115
Trd, 8638223.632, 103
Trd, 8638225.482, 72
Trd, 8638227.032, 72
Trd, 8638227.432, 77
Trd, 8638228.182, 104
Trd, 8638230.182, 103
Trd, 8638231.332, 98
Trd, 8638231.732, 104
Trd, 8638232.532, 104
Trd, 8638233.132, 105
Trd, 8638234.232, 117
Trd, 8638234.682, 104
Trd, 8638236.682, 114
Trd, 8638237.232, 96
Trd, 8638237.682, 95
Trd, 8638238.432, 87
Trd, 8638240.332, 103
Trd, 8638241.432, 89
Trd, 8638241.982, 106
Trd, 8638242.282, 105
Trd, 8638243.982, 103
Trd, 8638244.982, 113
Trd, 8638245.332, 89
Trd, 8638245.982, 88
Trd, 8638246.882, 121
Trd, 8638250.582, 110
Trd, 8638251.832, 108
Trd, 8638253.032, 113
Trd, 8638253.132, 105
Trd, 8638253.332, 104
Trd, 8638257.032, 105
Trd, 8638257.082, 104
Trd, 8638258.932, 107
Trd, 8638259.032, 109
Trd, 8638259.232, 105
Trd, 8638260.682, 108
Trd, 8638263.182, 109
Trd, 8638263.882, 108
Trd, 8638264.432, 104
Trd, 8638265.232, 83
Trd, 8638265.332, 94
Trd, 8638266.882, 93
Trd, 8638267.632, 84
Trd, 8638267.782, 75
Trd, 8638269.532, 95
Trd, 8638270.382, 83
Trd, 8638271.532, 99
Trd, 8638272.432, 85
Trd, 8638273.232, 99
Trd, 8638273.632, 87
Trd, 8638274.882, 74
Trd, 8638274.982, 71
Trd, 8638276.732, 102
Trd, 8638277.182, 72
Trd, 8638277.982, 103
Trd, 8638279.132, 83
Trd, 8638281.182, 116
Trd, 8638281.682, 105
Trd, 8638282.882, 115
Trd, 8638284.282, 107
Trd, 8638285.032, 103
Trd, 8638285.182, 113
Trd, 8638286.632, 98
Trd, 8638289.182, 104
Trd, 8638289.532, 111
Trd, 8638290.332, 79
Trd, 8638293.582, 106
Trd, 8638294.032, 87
Trd, 8638294.782, 105
Trd, 8638294.932, 88
Trd, 8638295.132, 86
Trd, 8638296.782, 74
Trd, 8638297.832, 79
Trd, 8638299.432, 79
Trd, 8638300.832, 95
Trd, 8638302.132, 125
Trd, 8638303.332, 99
Trd, 8638303.632, 87
Trd, 8638305.932, 106
Trd, 8638306.882, 91
Trd, 8638308.582, 103
Trd, 8638309.882, 103
Trd, 8638310.032, 104
Trd, 8638310.082, 92
Trd, 8638310.482, 89
Trd, 8638310.832, 86
Trd, 8638311.032, 116
Trd, 8638312.082, 78
Trd, 8638313.582, 72
Trd, 8638317.482, 86
Trd, 8638317.982, 97
Trd, 8638318.432, 100
Trd, 8638318.482, 88
Trd, 8638319.682, 122
Trd, 8638320.082, 88
Trd, 8638320.482, 122
Trd, 8638320.682, 95
Trd, 8638321.932, 125
Trd, 8638323.432, 104
Trd, 8638323.782, 96
Trd, 8638326.232, 98
Trd, 8638327.882, 105
Trd, 8638327.932, 107
Trd, 8638328.032, 104
Trd, 8638328.432, 95
Trd, 8638331.182, 82
Trd, 8638333.232, 105
Trd, 8638333.632, 113
Trd, 8638335.782, 107
Trd, 8638335.932, 104
Trd, 8638336.682, 112
Trd, 8638337.182, 86
Trd, 8638338.582, 77
Trd, 8638339.332, 114
Trd, 8638341.332, 106
Trd, 8638343.482, 106
Trd, 8638343.632, 106
Trd, 8638343.682, 104
Trd, 8638344.232, 115
Trd, 8638344.682, 122
Trd, 8638346.532, 95
Trd, 8638349.282, 112
Trd, 8638349.432, 104
Trd, 8638350.682, 108
Trd, 8638351.032, 109
Trd, 8638351.482, 105
Trd, 8638352.382, 119
Trd, 8638353.982, 101
Trd, 8638357.732, 106
Trd, 8638357.782, 104
Trd, 8638358.332, 95
Trd, 8638358.582, 107
Trd, 8638360.582, 104
Trd, 8638361.532, 78
Trd, 8638361.832, 81
Trd, 8638362.432, 79
Trd, 8638363.132, 95
Trd, 8638364.882, 71
Trd, 8638366.082, 77
Trd, 8638366.982, 70
Trd, 8638368.132, 98
Trd, 8638368.382, 71
Trd, 8638370.282, 105
Trd, 8638370.732, 115
Trd, 8638373.332, 107
Trd, 8638373.632, 103
Trd, 8638374.532, 108
Trd, 8638376.332, 87
Trd, 8638379.482, 108
Trd, 8638379.682, 107
Trd, 8638379.782, 108
Trd, 8638379.932, 104
Trd, 8638382.182, 80
Trd, 8638383.082, 81
Trd, 8638384.932, 84
Trd, 8638385.382, 98
Trd, 8638385.532, 101
Trd, 8638386.632, 102
Trd, 8638387.432, 72
Trd, 8638388.332, 103
Trd, 8638388.582, 72
Trd, 8638389.632, 104
Trd, 8638392.282, 111
Trd, 8638392.532, 80
Trd, 8638394.432, 104
Trd, 8638395.482, 96
Trd, 8638396.132, 106
Trd, 8638396.882, 105
Trd, 8638397.632, 104
Trd, 8638398.382, 101
Trd, 8638399.582, 99
Trd, 8638401.782, 97
Trd, 8638401.932, 95
Trd, 8638402.232, 103
Trd, 8638404.782, 104
Trd, 8638405.282, 98
Trd, 8638405.982, 114
Trd, 8638406.882, 101
Trd, 8638407.032, 95
Trd, 8638409.082, 109
Trd, 8638409.632, 111
Trd, 8638410.932, 95
Trd, 8638411.432, 88
Trd, 8638413.182, 113
Trd, 8638413.482, 117
Trd, 8638414.282, 109
Trd, 8638415.532, 104
Trd, 8638417.332, 104
Trd, 8638417.382, 114
Trd, 8638418.432, 102
Trd, 8638419.382, 120
Trd, 8638422.032, 93
Trd, 8638423.082, 105
Trd, 8638423.532, 104
Trd, 8638424.282, 104
Trd, 8638424.432, 113
Trd, 8638426.482, 98
Trd, 8638426.782, 95
Trd, 8638427.482, 110
Trd, 8638428.582, 118
Trd, 8638431.182, 106
Trd, 8638431.232, 108
Trd, 8638431.932, 107
Trd, 8638432.732, 104
Trd, 8638435.832, 65
Trd, 8638436.132, 70
Trd, 8638436.682, 103
Trd, 8638438.032, 77
Trd, 8638439.982, 114
Trd, 8638440.682, 89
Trd, 8638442.782, 94
Trd, 8638443.282, 109
Trd, 8638445.232, 105
Trd, 8638445.482, 103
Trd, 8638445.832, 104
Trd, 8638446.732, 104
Trd, 8638447.832, 87
Trd, 8638449.032, 118
Trd, 8638450.032, 105
Trd, 8638452.132, 118
Trd, 8638452.332, 108
Trd, 8638452.532, 121
Trd, 8638453.032, 103
Trd, 8638453.832, 127
Trd, 8638455.182, 89
Trd, 8638456.782, 108
Trd, 8638457.482, 107
Trd, 8638458.482, 98
Trd, 8638458.932, 106
Trd, 8638459.932, 104
Trd, 8638460.132, 86
Trd, 8638461.832, 104
Trd, 8638461.882, 72
Trd, 8638463.182, 76
Trd, 8638464.032, 117
Trd, 8638465.032, 102
Trd, 8638465.632, 113
Trd, 8638465.732, 78
Trd, 8638468.882, 107
Trd, 8638469.282, 107
Trd, 8638469.582, 108
Trd, 8638470.982, 108
Trd, 8638471.032, 104
Trd, 8638471.982, 69
Trd, 8638472.232, 78
Trd, 8638475.382, 106
Trd, 8638475.432, 109
Trd, 8638476.782, 83
Trd, 8638477.232, 83
Trd, 8638477.282, 82
Trd, 8638477.532, 114
Trd, 8638479.182, 119
Trd, 8638479.532, 104
Trd, 8638481.082, 75
Trd, 8638482.732, 80
Trd, 8638482.782, 77
Trd, 8638485.632, 92
Trd, 8638485.982, 84
Trd, 8638486.232, 95
Trd, 8638487.332, 86
Trd, 8638487.782, 87
Trd, 8638488.032, 111
Trd, 8638488.232, 113
Trd, 8638490.132, 116
Trd, 8638492.232, 105
Trd, 8638492.432, 103
Trd, 8638493.282, 122
Trd, 8638494.932, 84
Trd, 8638495.082, 86
Trd, 8638497.482, 79
Trd, 8638499.932, 89
Trd, 8638499.982, 108
Trd, 8638500.682, 90
Trd, 8638501.082, 104
Trd, 8638501.382, 119
Trd, 8638503.532, 108
Trd, 8638504.182, 87
Trd, 8638505.582, 106
Trd, 8638506.232, 104
Trd, 8638507.232, 102
Trd, 8638507.382, 86
Trd, 8638508.182, 68
Trd, 8638510.232, 102
Trd, 8638510.482, 114
Trd, 8638511.382, 79
Trd, 8638512.582, 85
Trd, 8638513.782, 86
Trd, 8638513.982, 84
Trd, 8638514.032, 91
Trd, 8638515.582, 114
Trd, 8638516.382, 74
Trd, 8638516.982, 104
Trd, 8638519.282, 112
Trd, 8638519.532, 76
Trd, 8638520.782, 113
Trd, 8638521.682, 90
Trd, 8638523.532, 81
Trd, 8638525.632, 86
Trd, 8638526.032, 86
Trd, 8638526.182, 106
Trd, 8638526.782, 104
Trd, 8638528.082, 121
Trd, 8638529.432, 77
Trd, 8638530.132, 86
Trd, 8638530.582, 95
Trd, 8638532.382, 83
Trd, 8638532.782, 122
Trd, 8638532.882, 86
Trd, 8638534.732, 89
Trd, 8638535.282, 112
Trd, 8638535.632, 104
Trd, 8638536.582, 92
Trd, 8638538.482, 112
Trd, 8638540.982, 99
Trd, 8638541.032, 98
Trd, 8638542.132, 119
Trd, 8638542.332, 103
Trd, 8638544.682, 109
Trd, 8638545.332, 105
Trd, 8638547.532, 101
Trd, 8638547.632, 99
Trd, 8638547.932, 103
Trd, 8638548.032, 86
Trd, 8638548.532, 121
Trd, 8638550.432, 71
Trd, 8638551.982, 86
Trd, 8638553.332, 77
Trd, 8638554.432, 86
Trd, 8638554.582, 76
Trd, 8638555.482, 95
Trd, 8638556.182, 78
Trd, 8638557.332, 68
Trd, 8638558.182, 73
Trd, 8638560.582, 69
Trd, 8638561.082, 77
Trd, 8638561.332, 95
Trd, 8638563.782, 106
Trd, 8638564.132, 106
Trd, 8638564.332, 107
Trd, 8638566.232, 104
Trd, 8638566.632, 96
Trd, 8638567.332, 86
Trd, 8638568.382, 109
Trd, 8638571.632, 104
Trd, 8638571.982, 79
Trd, 8638572.482, 79
Trd, 8638572.632, 78
Trd, 8638572.682, 105
Trd, 8638573.332, 104
Trd, 8638573.782, 104
Trd, 8638579.682, 82
Trd, 8638580.632, 101
Trd, 8638580.932, 85
Trd, 8638580.982, 104
Trd, 8638582.032, 83
Trd, 8638583.232, 71
Trd, 8638583.432, 94
Trd, 8638585.532, 93
Trd, 8638586.132, 95
Trd, 8638587.982, 103
Trd, 8638588.032, 102
Trd, 8638588.332, 104
Trd, 8638588.932, 82
Trd, 8638589.132, 122
Trd, 8638591.332, 72
Trd, 8638593.282, 77
Trd, 8638595.682, 104
Trd, 8638596.782, 111
Trd, 8638597.582, 105
Trd, 8638597.682, 104
Trd, 8638599.732, 93
Trd, 8638599.832, 93
Trd, 8638600.432, 109
Trd, 8638605.032, 104
Trd, 8638605.332, 110
Trd, 8638606.182, 108
Trd, 8638606.532, 98
Trd, 8638607.582, 96
Trd, 8638608.832, 92
Trd, 8638609.082, 112
Trd, 8638610.282, 120
Trd, 8638612.082, 107
Trd, 8638612.532, 104
Trd, 8638614.432, 89
Trd, 8638615.082, 109
Trd, 8638616.332, 104
Trd, 8638617.832, 114
Trd, 8638617.882, 75
Trd, 8638618.782, 121
Trd, 8638620.082, 77
Trd, 8638621.132, 82
Trd, 8638621.982, 113
Trd, 8638624.482, 122
Trd, 8638624.832, 106
Trd, 8638626.932, 104
Trd, 8638628.982, 110
Trd, 8638629.782, 111
Trd, 8638630.782, 87
Trd, 8638631.682, 89
Trd, 8638632.282, 105
Trd, 8638633.032, 104
Trd, 8638633.732, 86
Trd, 8638633.832, 119
Trd, 8638636.682, 81
Trd, 8638637.532, 78
Trd, 8638638.182, 86
Trd, 8638638.782, 81
Trd, 8638640.282, 102
Trd, 8638641.482, 104
Trd, 8638642.182, 95
Trd, 8638642.582, 110
Trd, 8638645.182, 97
Trd, 8638646.432, 131
Trd, 8638647.132, 97
Trd, 8638647.732, 95
Trd, 8638648.932, 108
Trd, 8638650.782, 122
Trd, 8638651.432, 129
Trd, 8638651.832, 110
Trd, 8638652.082, 122
Trd, 8638653.582, 126
Trd, 8638653.782, 103
Trd, 8638655.282, 122
Trd, 8638657.532, 106
Trd, 8638658.682, 105
Trd, 8638659.732, 122
Trd, 8638660.682, 113
Trd, 8638661.232, 122
Trd, 8638661.782, 104
Trd, 8638662.732, 104
Trd, 8638663.732, 121
Trd, 8638664.132, 96
Trd, 8638666.782, 104
Trd, 8638667.532, 120
Trd, 8638668.582, 88
Trd, 8638669.832, 114
Trd, 8638670.582, 92
Trd, 8638670.782, 92
Trd, 8638671.982, 112
Trd, 8638673.882, 108
Trd, 8638674.582, 106
Trd, 8638674.982, 104
Trd, 8638675.582, 110
Trd, 8638677.282, 91
Trd, 8638678.132, 106
Trd, 8638678.332, 115
Trd, 8638679.182, 104
Trd, 8638680.232, 114
Trd, 8638682.182, 108
Trd, 8638683.382, 108
Trd, 8638684.682, 108
Trd, 8638684.732, 95
Trd, 8638685.282, 122
Trd, 8638685.932, 104
Trd, 8638687.082, 90
Trd, 8638688.882, 92
Trd, 8638690.032, 101
Trd, 8638692.182, 101
Trd, 8638693.132, 104
Trd, 8638693.932, 92
Trd, 8638694.132, 90
Trd, 8638694.682, 120
Trd, 8638695.732, 86
Trd, 8638697.982, 81
Trd, 8638699.582, 87
Trd, 8638700.382, 98
Trd, 8638700.882, 112
Trd, 8638702.582, 106
Trd, 8638704.182, 105
Trd, 8638704.932, 104
Trd, 8638707.132, 96
Trd, 8638707.382, 113
Trd, 8638707.632, 95
Trd, 8638708.832, 112
Trd, 8638710.182, 115
Trd, 8638710.632, 95
Trd, 8638712.632, 81
Trd, 8638712.732, 95
Trd, 8638713.482, 104
Trd, 8638713.582, 79
Trd, 8638716.682, 81
Trd, 8638717.532, 84
Trd, 8638718.232, 113
Trd, 8638718.932, 103
Trd, 8638719.182, 111
Trd, 8638720.232, 113
Trd, 8638722.282, 105
Trd, 8638723.432, 105
Trd, 8638723.832, 104
Trd, 8638723.932, 95
Trd, 8638724.932, 104
Trd, 8638725.582, 104
Trd, 8638725.982, 92
Trd, 8638726.432, 122
Trd, 8638727.032, 102
Trd, 8638729.332, 112
Trd, 8638729.932, 115
Trd, 8638731.232, 92
Trd, 8638731.432, 90
Trd, 8638733.632, 110
Trd, 8638733.832, 108
Trd, 8638737.032, 108
Trd, 8638737.432, 116
Trd, 8638737.482, 105
Trd, 8638737.932, 104
Trd, 8638738.282, 116
Trd, 8638742.032, 111
Trd, 8638742.132, 122
Trd, 8638742.782, 107
Trd, 8638742.882, 105
Trd, 8638744.682, 114
Trd, 8638746.182, 104
Trd, 8638746.832, 104
Trd, 8638746.882, 95
Trd, 8638748.632, 114
Trd, 8638751.082, 93
Trd, 8638751.282, 92
Trd, 8638752.582, 104
Trd, 8638752.882, 104
Trd, 8638753.682, 120
Trd, 8638754.382, 115
Trd, 8638755.282, 121
Trd, 8638756.632, 88
Trd, 8638757.432, 125
Trd, 8638758.882, 105
Trd, 8638759.232, 104
Trd, 8638761.282, 90
Trd, 8638762.532, 113
Trd, 8638763.132, 104
Trd, 8638763.732, 104
Trd, 8638764.682, 113
Trd, 8638765.682, 104
Trd, 8638767.132, 117
Trd, 8638767.882, 99
Trd, 8638769.032, 110
Trd, 8638769.482, 96
Trd, 8638769.782, 94
Trd, 8638770.882, 113
Trd, 8638772.882, 105
Trd, 8638773.732, 104
Trd, 8638775.232, 112
Trd, 8638776.482, 92
Trd, 8638776.982, 111
Trd, 8638779.432, 105
Trd, 8638780.282, 103
Trd, 8638780.732, 106
Trd, 8638782.132, 101
Trd, 8638783.082, 115
Trd, 8638783.732, 105
Trd, 8638784.082, 104
Trd, 8638784.132, 114
Trd, 8638785.082, 114
Trd, 8638787.382, 93
Trd, 8638787.532, 92
Trd, 8638789.782, 109
Trd, 8638789.932, 105
Trd, 8638790.182, 104
Trd, 8638791.482, 105
Trd, 8638792.132, 104
Trd, 8638792.632, 95
Trd, 8638792.682, 105
Trd, 8638794.282, 116
Trd, 8638795.182, 91
Trd, 8638797.532, 105
Trd, 8638798.882, 123
Trd, 8638799.082, 122
Trd, 8638801.432, 124
Trd, 8638802.982, 122
Trd, 8638803.582, 105
Trd, 8638803.982, 124
Trd, 8638806.632, 115
Trd, 8638807.382, 106
Trd, 8638809.332, 108
Trd, 8638810.432, 109
Trd, 8638810.482, 110
Trd, 8638810.582, 103
Trd, 8638811.332, 104
Trd, 8638812.232, 88
Trd, 8638814.632, 91
Trd, 8638815.982, 104
Trd, 8638816.082, 87
Trd, 8638816.282, 104
Trd, 8638816.832, 69
Trd, 8638816.882, 114
Trd, 8638817.532, 121
Trd, 8638818.582, 73
Trd, 8638820.382, 115
Trd, 8638821.082, 72
Trd, 8638823.582, 78
Trd, 8638824.182, 102
Trd, 8638824.432, 77
Trd, 8638826.032, 104
Trd, 8638827.982, 111
Trd, 8638829.532, 105
Trd, 8638830.132, 105
Trd, 8638830.432, 103
Trd, 8638830.932, 122
Trd, 8638830.982, 95
Trd, 8638832.032, 119
Trd, 8638833.982, 79
Trd, 8638834.232, 95
Trd, 8638838.332, 81
Trd, 8638838.682, 80
Trd, 8638839.532, 111
Trd, 8638839.582, 112
Trd, 8638840.232, 104
Trd, 8638841.082, 116
Trd, 8638842.182, 84
Trd, 8638842.432, 79
Trd, 8638844.682, 113
Trd, 8638845.832, 110
Trd, 8638846.082, 110
Trd, 8638846.732, 95
Trd, 8638848.132, 86
Trd, 8638848.182, 112
Trd, 8638849.832, 104
Trd, 8638851.282, 72
Trd, 8638851.332, 78
Trd, 8638852.682, 113
Trd, 8638853.332, 77
Trd, 8638854.232, 107
Trd, 8638855.432, 106
Trd, 8638856.432, 105
Trd, 8638857.832, 116
Trd, 8638858.082, 104
Trd, 8638858.532, 99
Trd, 8638858.582, 118
Trd, 8638863.632, 120
Trd, 8638863.932, 110
Trd, 8638865.082, 106
Trd, 8638865.282, 122
Trd, 8638865.382, 104
Trd, 8638866.982, 97
Trd, 8638867.632, 121
Trd, 8638868.532, 117
Trd, 8638868.632, 86
Trd, 8638871.932, 74
Trd, 8638873.582, 78
Trd, 8638873.782, 73
Trd, 8638875.332, 95
Trd, 8638877.532, 83
Trd, 8638877.582, 99
Trd, 8638878.132, 80
Trd, 8638878.282, 76
Trd, 8638880.132, 102
Trd, 8638881.032, 117
Trd, 8638881.282, 104
Trd, 8638882.532, 88
Trd, 8638883.432, 102
Trd, 8638884.932, 121
Trd, 8638886.332, 120
Trd, 8638886.982, 93
Trd, 8638889.382, 116
Trd, 8638890.032, 103
Trd, 8638890.232, 101
Trd, 8638890.632, 100
Trd, 8638891.132, 93
Trd, 8638892.582, 113
Trd, 8638895.482, 105
Trd, 8638896.482, 114
Trd, 8638898.032, 105
Trd, 8638899.832, 106
Trd, 8638900.032, 113
Trd, 8638900.382, 113
Trd, 8638901.182, 113
Trd, 8638901.332, 104
Trd, 8638903.182, 96
Trd, 8638905.082, 104
Trd, 8638905.432, 86
Trd, 8638906.582, 107
Trd, 8638907.032, 108
Trd, 8638909.132, 122
Trd, 8638910.032, 77
Trd, 8638910.232, 77
Trd, 8638911.082, 122
Trd, 8638912.782, 119
Trd, 8638913.132, 104
Trd, 8638914.532, 110
Trd, 8638915.382, 107
Trd, 8638915.732, 107
Trd, 8638917.632, 96
Trd, 8638918.582, 103
Trd, 8638918.932, 114
Trd, 8638920.682, 96
Trd, 8638921.982, 95
Trd, 8638922.732, 68
Trd, 8638923.732, 102
Trd, 8638923.932, 104
Trd, 8638924.982, 89
Trd, 8638925.132, 120
Trd, 8638925.532, 88
Trd, 8638926.632, 87
Trd, 8638927.382, 114
Trd, 8638928.232, 117
Trd, 8638928.682, 101
Trd, 8638932.532, 113
Trd, 8638932.782, 106
Trd, 8638932.832, 104
Trd, 8638933.882, 98
Trd, 8638936.282, 109
Trd, 8638936.982, 104
Trd, 8638937.382, 122
Trd, 8638938.782, 85
Trd, 8638939.682, 85
Trd, 8638940.232, 127
Trd, 8638942.682, 93
Trd, 8638943.932, 131
Trd, 8638945.082, 131
Trd, 8638945.982, 113
Trd, 8638948.332, 132
Trd, 8638949.032, 131
Trd, 8638951.282, 122
Trd, 8638951.432, 113
Trd, 8638954.032, 133
Trd, 8638954.282, 131
Trd, 8638955.882, 122
Trd, 8638956.582, 105
Trd, 8638958.382, 106
Trd, 8638958.932, 110
Trd, 8638959.032, 111
Trd, 8638962.932, 111
Trd, 8638963.132, 112
Trd, 8638963.532, 103
Trd, 8638964.132, 74
Trd, 8638964.182, 110
Trd, 8638965.132, 104
Trd, 8638966.232, 78
Trd, 8638967.282, 112
Trd, 8638968.182, 104
Trd, 8638969.982, 108
Trd, 8638970.232, 109
Trd, 8638970.632, 104
Trd, 8638972.332, 97
Trd, 8638973.032, 95
Trd, 8638973.582, 118
Trd, 8638973.782, 119
Trd, 8638974.482, 104
Trd, 8638975.932, 129
Trd, 8638979.032, 107
Trd, 8638979.282, 107
Trd, 8638980.732, 98
Trd, 8638981.782, 99
Trd, 8638982.332, 103
Trd, 8638984.782, 104
Trd, 8638985.432, 98
Trd, 8638985.732, 112
Trd, 8638985.982, 86
Trd, 8638986.232, 103
Trd, 8638987.582, 112
Trd, 8638987.782, 69
Trd, 8638990.832, 90
Trd, 8638991.232, 104
Trd, 8638993.382, 76
Trd, 8638993.482, 78
Trd, 8638995.132, 86
Trd, 8638995.632, 95
Trd, 8638995.982, 85
Trd, 8638996.132, 84
Trd, 8638997.532, 103
Trd, 8638997.782, 103
Trd, 8638998.932, 68
Trd, 8638999.632, 80
Trd, 8639002.482, 116
Trd, 8639003.032, 87
Trd, 8639004.132, 117
Trd, 8639004.432, 87
Trd, 8639004.632, 86
Trd, 8639006.632, 111
Trd, 8639008.032, 104
Trd, 8639008.282, 110
Trd, 8639010.332, 103
Trd, 8639011.482, 92
Trd, 8639012.632, 104
Trd, 8639013.032, 94
Trd, 8639016.032, 92
Trd, 8639016.532, 98
Trd, 8639016.582, 104
Trd, 8639016.782, 93
Trd, 8639018.232, 92
Trd, 8639019.932, 111
Trd, 8639021.032, 90
Trd, 8639022.082, 89
Trd, 8639022.882, 117
Trd, 8639023.132, 104
Trd, 8639025.782, 91
Trd, 8639026.632, 89
Trd, 8639026.782, 107
Trd, 8639027.882, 104
Trd, 8639030.032, 92
Trd, 8639031.282, 97
Trd, 8639031.432, 91
Trd, 8639032.082, 90
Trd, 8639032.382, 96
Trd, 8639032.782, 104
Trd, 8639033.132, 69
Trd, 8639033.232, 113
Trd, 8639035.582, 115
Trd, 8639036.182, 70
Trd, 8639039.282, 119
Trd, 8639039.832, 120
Trd, 8639040.382, 106
Trd, 8639041.132, 104
Trd, 8639041.832, 96
Trd, 8639042.382, 122
Trd, 8639043.032, 95
Trd, 8639043.982, 88
Trd, 8639046.582, 106
Trd, 8639047.132, 112
Trd, 8639048.532, 107
Trd, 8639049.682, 107
Trd, 8639050.232, 104
Trd, 8639050.332, 95
Trd, 8639050.582, 116
Trd, 8639052.232, 89
Trd, 8639054.782, 104
Trd, 8639056.032, 78
Trd, 8639056.232, 86
Trd, 8639057.182, 118
Trd, 8639057.682, 119
Trd, 8639058.182, 77
Trd, 8639059.932, 94
Trd, 8639061.032, 96
Trd, 8639062.032, 82
Trd, 8639063.132, 86
Trd, 8639063.882, 85
Trd, 8639064.382, 113
Trd, 8639065.682, 114
Trd, 8639068.032, 110
Trd, 8639068.732, 103
Trd, 8639069.632, 76
Trd, 8639072.282, 80
Trd, 8639072.432, 86
Trd, 8639073.232, 79
Trd, 8639076.132, 98
Trd, 8639076.332, 87
Trd, 8639076.832, 87
Trd, 8639077.582, 95
Trd, 8639078.682, 70
Trd, 8639080.582, 73
Trd, 8639081.082, 78
Trd, 8639082.182, 86
Trd, 8639083.732, 77
Trd, 8639084.282, 84
Trd, 8639085.532, 102
Trd, 8639085.682, 79
Trd, 8639086.182, 103
Trd, 8639089.432, 88
Trd, 8639089.532, 101
Trd, 8639089.782, 87
Trd, 8639090.132, 103
Trd, 8639091.982, 89
Trd, 8639093.032, 101
Trd, 8639093.482, 90
Trd, 8639093.582, 104
Trd, 8639094.582, 86
Trd, 8639095.782, 73
Trd, 8639095.882, 112
Trd, 8639097.732, 112
Trd, 8639099.032, 105
Trd, 8639100.082, 104
Trd, 8639102.082, 112
Trd, 8639102.582, 116
Trd, 8639103.882, 98
Trd, 8639104.232, 95
Trd, 8639104.432, 119
Trd, 8639105.232, 88
Trd, 8639108.932, 111
Trd, 8639111.032, 88
Trd, 8639111.382, 94
Trd, 8639111.432, 73
Trd, 8639112.082, 95
Trd, 8639112.532, 76
Trd, 8639114.982, 105
Trd, 8639115.182, 104
Trd, 8639117.432, 115
Trd, 8639117.882, 83
Trd, 8639118.482, 114
Trd, 8639119.582, 104
Trd, 8639120.832, 111
Trd, 8639121.682, 69
Trd, 8639123.982, 78
Trd, 8639124.732, 80
Trd, 8639125.732, 83
Trd, 8639126.182, 93
Trd, 8639126.932, 83
Trd, 8639126.982, 95
Trd, 8639129.032, 118
Trd, 8639131.382, 121
Trd, 8639131.632, 121
Trd, 8639131.882, 95
Trd, 8639132.182, 83
Trd, 8639133.082, 103
Trd, 8639133.532, 83
Trd, 8639133.982, 113
Trd, 8639134.482, 119
Trd, 8639136.182, 104
Trd, 8639137.832, 77
Trd, 8639138.082, 76
Trd, 8639138.732, 68
Trd, 8639138.882, 119
Trd, 8639139.182, 119
Trd, 8639142.032, 79
Trd, 8639143.332, 86
Trd, 8639143.982, 83
Trd, 8639144.882, 80
Trd, 8639145.932, 93
Trd, 8639146.682, 85
Trd, 8639148.432, 112
Trd, 8639148.732, 103
Trd, 8639151.032, 124
Trd, 8639151.182, 122
Trd, 8639152.382, 121
Trd, 8639153.632, 104
Trd, 8639155.282, 99
Trd, 8639155.882, 112
Trd, 8639156.382, 86
Trd, 8639156.832, 69
Trd, 8639158.882, 105
Trd, 8639158.932, 106
Trd, 8639159.032, 68
Trd, 8639161.032, 120
Trd, 8639162.182, 105
Trd, 8639162.882, 106
Trd, 8639164.932, 105
Trd, 8639167.432, 104
Trd, 8639169.232, 89
Trd, 8639169.732, 104
Trd, 8639169.882, 105
Trd, 8639171.382, 103
Trd, 8639172.132, 95
Trd, 8639172.232, 87
Trd, 8639172.682, 116
Trd, 8639172.982, 118
Trd, 8639174.282, 68
Trd, 8639175.532, 77
Trd, 8639175.732, 78
Trd, 8639176.732, 114
Trd, 8639177.132, 122
Trd, 8639178.682, 85
Trd, 8639180.832, 113
Trd, 8639182.232, 118
Trd, 8639183.032, 105
Trd, 8639183.082, 120
Trd, 8639183.332, 104
Trd, 8639183.682, 96
Trd, 8639184.232, 95
Trd, 8639185.832, 118
Trd, 8639187.482, 78
Trd, 8639187.832, 75
Trd, 8639188.782, 113
Trd, 8639191.132, 82
Trd, 8639193.182, 105
Trd, 8639193.282, 104
Trd, 8639193.732, 108
Trd, 8639194.432, 95
Trd, 8639194.832, 108
Trd, 8639195.682, 104
Trd, 8639197.832, 104
Trd, 8639198.032, 80
Trd, 8639199.282, 84
Trd, 8639201.032, 111
Trd, 8639201.432, 90
Trd, 8639202.732, 104
Trd, 8639203.532, 86
Trd, 8639205.082, 105
Trd, 8639207.182, 110
Trd, 8639207.382, 111
Trd, 8639208.132, 112
Trd, 8639208.582, 117
Trd, 8639210.082, 100
Trd, 8639212.782, 93
Trd, 8639212.832, 113
Trd, 8639213.732, 94
Trd, 8639215.082, 104
Trd, 8639216.832, 108
Trd, 8639217.582, 108
Trd, 8639217.682, 104
Trd, 8639217.882, 104
Trd, 8639218.332, 104
Trd, 8639219.332, 95
Trd, 8639220.032, 115
Trd, 8639222.082, 81
Trd, 8639222.132, 95
Trd, 8639224.382, 80
Trd, 8639226.232, 113
Trd, 8639227.582, 104
Trd, 8639227.982, 106
Trd, 8639228.732, 93
Trd, 8639230.732, 98
Trd, 8639231.832, 105
Trd, 8639232.632, 113
Trd, 8639233.482, 112
Trd, 8639234.482, 107
Trd, 8639234.832, 104
Trd, 8639236.382, 111
Trd, 8639237.282, 88
Trd, 8639238.732, 89
Trd, 8639238.782, 88
Trd, 8639240.932, 105
Trd, 8639241.432, 71
Trd, 8639242.282, 104
Trd, 8639243.032, 103
Trd, 8639243.782, 78
Trd, 8639244.532, 78
Trd, 8639246.332, 83
Trd, 8639247.282, 86
Trd, 8639248.132, 100
Trd, 8639248.732, 104
Trd, 8639249.382, 102
Trd, 8639249.682, 119
Trd, 8639252.132, 91
Trd, 8639253.532, 121
Trd, 8639253.782, 105
Trd, 8639254.232, 104
Trd, 8639254.832, 95
Trd, 8639255.582, 90
Trd, 8639257.532, 113
Trd, 8639258.082, 121
Trd, 8639259.182, 90
Trd, 8639261.482, 113
Trd, 8639262.932, 102
Trd, 8639263.932, 109
Trd, 8639265.632, 105
Trd, 8639266.932, 105
Trd, 8639267.932, 105
Trd, 8639268.132, 107
Trd, 8639268.982, 108
Trd, 8639269.882, 104
Trd, 8639270.782, 95
Trd, 8639272.782, 86
Trd, 8639273.282, 113
Trd, 8639274.332, 114
Trd, 8639274.382, 107
Trd, 8639276.682, 108
Trd, 8639277.282, 108
Trd, 8639277.582, 104
Trd, 8639277.782, 113
Trd, 8639279.882, 117
Trd, 8639280.682, 98
Trd, 8639280.732, 118
Trd, 8639281.332, 95
Trd, 8639284.432, 109
Trd, 8639284.482, 102
Trd, 8639285.082, 109
Trd, 8639285.432, 87
Trd, 8639285.682, 110
Trd, 8639289.632, 109
Trd, 8639289.832, 114
Trd, 8639290.232, 104
Trd, 8639291.532, 113
Trd, 8639291.782, 90
Trd, 8639294.282, 110
Trd, 8639294.982, 104
Trd, 8639295.832, 107
Trd, 8639296.082, 77
Trd, 8639296.332, 64
Trd, 8639296.682, 107
Trd, 8639299.182, 104
Trd, 8639299.732, 87
Trd, 8639301.532, 104
Trd, 8639301.932, 87
Trd, 8639302.682, 104
Trd, 8639303.532, 104
Trd, 8639304.382, 88
Trd, 8639306.432, 73
Trd, 8639307.632, 131
Trd, 8639308.132, 122
Trd, 8639309.382, 105
Trd, 8639312.132, 111
Trd, 8639312.582, 104
Trd, 8639314.382, 109
Trd, 8639314.582, 104
Trd, 8639314.732, 109
Trd, 8639315.432, 95
Trd, 8639316.932, 70
Trd, 8639317.182, 117
Trd, 8639320.682, 104
Trd, 8639321.132, 103
Trd, 8639322.882, 104
Trd, 8639323.232, 90
Trd, 8639323.932, 104
Trd, 8639324.532, 93
Trd, 8639326.482, 107
Trd, 8639328.182, 106
Trd, 8639328.782, 108
Trd, 8639329.182, 104
Trd, 8639329.382, 114
Trd, 8639329.532, 95
Trd, 8639330.032, 82
Trd, 8639330.882, 68
Trd, 8639331.132, 69
Trd, 8639333.382, 125
Trd, 8639335.632, 108
Trd, 8639336.532, 107
Trd, 8639337.032, 104
Trd, 8639337.882, 97
Trd, 8639338.382, 95
Trd, 8639339.132, 78
Trd, 8639340.032, 102
Trd, 8639341.832, 102
Trd, 8639341.982, 81
Trd, 8639342.132, 104
Trd, 8639343.482, 81
Trd, 8639344.782, 79
Trd, 8639345.782, 69
Trd, 8639346.182, 70
Trd, 8639346.782, 86
Trd, 8639347.082, 95
Trd, 8639349.332, 86
Trd, 8639350.632, 98
Trd, 8639351.482, 104
Trd, 8639351.682, 87
Trd, 8639352.482, 121
Trd, 8639352.582, 89
Trd, 8639354.682, 90
Trd, 8639355.382, 104
Trd, 8639357.082, 93
Trd, 8639359.032, 111
Trd, 8639359.632, 112
Trd, 8639362.482, 106
Trd, 8639364.232, 104
Trd, 8639364.782, 111
Trd, 8639365.282, 97
Trd, 8639367.182, 114
Trd, 8639369.082, 116
Trd, 8639369.232, 106
Trd, 8639370.582, 104
Trd, 8639371.132, 111
Trd, 8639371.282, 122
Trd, 8639373.832, 105
Trd, 8639374.132, 112
Trd, 8639375.032, 106
Trd, 8639375.882, 103
Trd, 8639378.332, 99
Trd, 8639378.732, 99
Trd, 8639379.182, 96
Trd, 8639379.682, 96
Trd, 8639381.182, 95
Trd, 8639382.282, 75
Trd, 8639382.632, 110
Trd, 8639383.482, 122
Trd, 8639385.632, 108
Trd, 8639386.532, 97
Trd, 8639386.732, 95
Trd, 8639387.732, 108
Trd, 8639388.032, 103
Trd, 8639390.082, 109
Trd, 8639390.882, 109
Trd, 8639393.032, 104
Trd, 8639394.082, 104
Trd, 8639395.132, 105
Trd, 8639395.432, 106
Trd, 8639395.732, 121
Trd, 8639396.682, 104
Trd, 8639397.882, 114
Trd, 8639399.632, 106
Trd, 8639400.632, 106
Trd, 8639401.582, 112
Trd, 8639401.632, 104
Trd, 8639405.532, 107
Trd, 8639406.032, 105
Trd, 8639407.382, 111
Trd, 8639407.632, 114
Trd, 8639408.082, 105
Trd, 8639408.282, 104
Trd, 8639408.582, 87
Trd, 8639412.432, 115
Trd, 8639412.682, 116
Trd, 8639413.332, 87
Trd, 8639414.382, 111
Trd, 8639417.132, 106
Trd, 8639417.632, 106
Trd, 8639417.832, 105
Trd, 8639419.282, 104
Trd, 8639420.382, 104
Trd, 8639420.932, 105
Trd, 8639422.332, 98
Trd, 8639423.032, 111
Trd, 8639425.132, 104
Trd, 8639425.482, 88
Trd, 8639426.532, 71
Trd, 8639426.682, 104
Trd, 8639428.082, 79
Trd, 8639430.932, 88
Trd, 8639431.032, 86
Trd, 8639431.232, 101
Trd, 8639431.732, 104
Trd, 8639432.632, 122
Trd, 8639434.232, 81
Trd, 8639435.732, 79
Trd, 8639436.732, 95
Trd, 8639437.632, 103
Trd, 8639438.232, 104
Trd, 8639438.782, 119
Trd, 8639439.232, 78
Trd, 8639441.332, 121
Trd, 8639442.082, 75
Trd, 8639442.882, 78
Trd, 8639443.582, 78
Trd, 8639444.132, 121
Trd, 8639444.382, 80
Trd, 8639444.732, 79
Trd, 8639447.232, 131
Trd, 8639448.732, 102
Trd, 8639448.832, 112
Trd, 8639449.632, 98
Trd, 8639451.132, 109
Trd, 8639451.232, 98
Trd, 8639452.232, 86
Trd, 8639454.082, 104
Trd, 8639455.382, 76
Trd, 8639456.232, 78
Trd, 8639456.282, 103
Trd, 8639457.582, 104
Trd, 8639458.432, 81
Trd, 8639458.982, 80
Trd, 8639460.832, 113
Trd, 8639462.782, 103
Trd, 8639463.482, 102
Trd, 8639463.582, 95
Trd, 8639463.932, 108
Trd, 8639465.432, 89
Trd, 8639465.632, 106
Trd, 8639466.832, 88
Trd, 8639469.432, 101
Trd, 8639469.932, 102
Trd, 8639471.032, 92
Trd, 8639471.082, 91
Trd, 8639471.582, 104
Trd, 8639473.282, 122
Trd, 8639473.482, 82
Trd, 8639475.732, 103
Trd, 8639476.582, 121
Trd, 8639476.732, 95
Trd, 8639477.282, 86
Trd, 8639477.782, 113
Trd, 8639478.682, 119
Trd, 8639479.732, 105
Trd, 8639480.832, 104
Trd, 8639482.782, 122
Trd, 8639483.582, 115
Trd, 8639483.932, 113
Trd, 8639484.982, 120
Trd, 8639485.682, 96
Trd, 8639486.382, 115
Trd, 8639486.882, 103
Trd, 8639488.432, 98
Trd, 8639490.532, 104
Trd, 8639490.832, 109
Trd, 8639492.982, 112
Trd, 8639493.032, 104
Trd, 8639494.432, 98
Trd, 8639495.432, 107
Trd, 8639495.532, 98
Trd, 8639497.282, 105
Trd, 8639497.582, 104
Trd, 8639499.832, 110
Trd, 8639500.132, 110
Trd, 8639501.082, 100
Trd, 8639502.032, 95
Trd, 8639502.682, 105
Trd, 8639503.232, 113
Trd, 8639504.832, 101
Trd, 8639505.582, 114
Trd, 8639507.082, 117
Trd, 8639508.482, 104
Trd, 8639510.732, 102
Trd, 8639511.132, 95
Trd, 8639511.782, 84
Trd, 8639512.382, 75
Trd, 8639512.682, 86
Trd, 8639514.482, 99
Trd, 8639515.682, 77
Trd, 8639515.782, 76
Trd, 8639518.332, 111
Trd, 8639518.832, 105
Trd, 8639519.732, 120
Trd, 8639519.832, 121
Trd, 8639521.732, 106
Trd, 8639522.032, 106
Trd, 8639522.782, 102
Trd, 8639523.182, 87
Trd, 8639523.482, 114
Trd, 8639524.782, 122
Trd, 8639526.932, 93
Trd, 8639527.432, 94
Trd, 8639527.632, 95
Trd, 8639528.632, 115
Trd, 8639529.932, 93
Trd, 8639532.432, 106
Trd, 8639535.282, 109
Trd, 8639535.932, 102
Trd, 8639536.482, 101
Trd, 8639536.532, 110
Trd, 8639536.782, 122
Trd, 8639537.532, 86
Trd, 8639539.532, 75
Trd, 8639540.082, 77
Trd, 8639541.482, 78
Trd, 8639541.682, 86
Trd, 8639543.582, 102
Trd, 8639544.282, 102
Trd, 8639546.582, 90
Trd, 8639546.632, 104
Trd, 8639547.232, 86
Trd, 8639548.182, 77
Trd, 8639549.032, 122
Trd, 8639549.532, 122
Trd, 8639552.732, 105
Trd, 8639554.882, 109
Trd, 8639555.482, 108
Trd, 8639555.532, 109
Trd, 8639555.932, 104
Trd, 8639556.182, 95
Trd, 8639559.932, 112
Trd, 8639561.132, 102
Trd, 8639562.232, 108
Trd, 8639562.482, 100
Trd, 8639563.132, 98
Trd, 8639563.632, 95
Trd, 8639563.682, 86
Trd, 8639564.882, 110
Trd, 8639566.932, 109
Trd, 8639567.782, 106
Trd, 8639569.282, 105
Trd, 8639569.532, 103
Trd, 8639570.882, 86
Trd, 8639571.032, 114
Trd, 8639571.882, 115
Trd, 8639573.482, 114
Trd, 8639573.582, 76
Trd, 8639574.732, 103
Trd, 8639575.582, 96
Trd, 8639578.182, 117
Trd, 8639579.782, 79
Trd, 8639580.482, 110
Trd, 8639580.882, 111
Trd, 8639581.182, 82
Trd, 8639582.882, 83
Trd, 8639583.782, 104
Trd, 8639585.082, 108
Trd, 8639586.082, 103
Trd, 8639587.032, 110
Trd, 8639588.132, 91
Trd, 8639589.132, 93
Trd, 8639589.532, 93
Trd, 8639589.932, 110
Trd, 8639590.232, 110
Trd, 8639590.832, 74
Trd, 8639593.382, 104
Trd, 8639593.582, 69
Trd, 8639593.732, 110
Trd, 8639596.932, 80
Trd, 8639597.682, 95
Trd, 8639599.882, 73
Trd, 8639600.982, 81
Trd, 8639601.682, 86
Trd, 8639602.432, 95
Trd, 8639602.532, 84
Trd, 8639605.332, 73
Trd, 8639606.132, 120
Trd, 8639608.182, 79
Trd, 8639609.082, 86
Trd, 8639611.782, 107
Trd, 8639612.432, 104
Trd, 8639615.332, 82
Trd, 8639615.782, 101
Trd, 8639616.032, 82
Trd, 8639616.732, 122
Trd, 8639617.032, 102
Trd, 8639618.382, 120
Trd, 8639620.382, 101
Trd, 8639620.532, 95
Trd, 8639620.682, 114
Trd, 8639622.632, 122
Trd, 8639622.882, 74
Trd, 8639624.582, 102
Trd, 8639625.432, 117
Trd, 8639625.582, 103
Trd, 8639626.982, 112
Trd, 8639628.082, 96
Trd, 8639628.332, 86
Trd, 8639629.682, 77
Trd, 8639630.982, 104
Trd, 8639631.682, 75
Trd, 8639634.382, 109
Trd, 8639635.682, 103
Trd, 8639636.032, 118
Trd, 8639636.832, 118
Trd, 8639638.232, 100
Trd, 8639639.032, 103
Trd, 8639639.232, 99
Trd, 8639639.432, 115
Trd, 8639640.632, 95
Trd, 8639643.082, 113
Trd, 8639644.982, 100
Trd, 8639646.082, 112
Trd, 8639647.032, 111
Trd, 8639647.082, 100
Trd, 8639649.182, 89
Trd, 8639649.682, 86
Trd, 8639651.632, 69
Trd, 8639651.882, 73
Trd, 8639652.082, 95
Trd, 8639653.232, 116
Trd, 8639654.732, 104
Trd, 8639654.782, 114
Trd, 8639656.882, 80
Trd, 8639658.232, 109
Trd, 8639660.532, 78
Trd, 8639660.582, 76
Trd, 8639660.682, 120
Trd, 8639660.732, 68
Trd, 8639662.132, 119
Trd, 8639663.882, 105
Trd, 8639664.432, 110
Trd, 8639664.632, 103
Trd, 8639667.632, 99
Trd, 8639667.982, 105
Trd, 8639668.682, 95
Trd, 8639669.832, 104
Trd, 8639669.932, 105
Trd, 8639671.482, 77
Trd, 8639671.982, 73
Trd, 8639673.282, 104
Trd, 8639674.282, 113
Trd, 8639675.782, 85
Trd, 8639677.332, 90
Trd, 8639677.882, 81
Trd, 8639678.832, 84
Trd, 8639679.582, 102
Trd, 8639680.232, 85
Trd, 8639680.332, 119
Trd, 8639680.932, 121
Trd, 8639681.032, 68
Trd, 8639684.132, 119
Trd, 8639685.282, 70
Trd, 8639687.382, 81
Trd, 8639688.332, 94
Trd, 8639689.082, 81
Trd, 8639689.132, 79
Trd, 8639690.482, 104
Trd, 8639690.632, 77
Trd, 8639693.782, 110
Trd, 8639695.382, 109
Trd, 8639696.232, 108
Trd, 8639696.582, 122
Trd, 8639697.032, 108
Trd, 8639697.482, 103
Trd, 8639699.432, 77
Trd, 8639699.782, 72
Trd, 8639700.382, 128
Trd, 8639701.932, 88
Trd, 8639702.482, 114
Trd, 8639703.382, 88
Trd, 8639704.782, 77
Trd, 8639705.882, 113
Trd, 8639706.232, 112
Trd, 8639706.582, 105
Trd, 8639707.682, 103
Trd, 8639710.832, 97
Trd, 8639711.682, 95
Trd, 8639712.982, 103
Trd, 8639713.032, 104
Trd, 8639713.332, 95
Trd, 8639714.232, 108
Trd, 8639714.482, 75
Trd, 8639716.282, 106
Trd, 8639716.732, 104
Trd, 8639717.582, 117
Trd, 8639717.882, 118
Trd, 8639719.282, 96
Trd, 8639720.182, 122
Trd, 8639720.782, 97
Trd, 8639724.032, 106
Trd, 8639724.732, 103
Trd, 8639725.982, 74
Trd, 8639726.032, 102
Trd, 8639728.932, 79
Trd, 8639729.082, 79
Trd, 8639729.132, 86
Trd, 8639729.182, 117
Trd, 8639730.582, 62
Trd, 8639731.932, 116
Trd, 8639731.982, 102
Trd, 8639733.282, 117
Trd, 8639733.632, 82
Trd, 8639734.632, 80
Trd, 8639736.082, 72
Trd, 8639737.382, 104
Trd, 8639738.132, 110
Trd, 8639740.282, 86
Trd, 8639741.932, 99
Trd, 8639742.532, 86
Trd, 8639742.582, 97
Trd, 8639743.282, 71
Trd, 8639743.532, 104
Trd, 8639744.382, 68
Trd, 8639746.182, 113
Trd, 8639746.732, 114
Trd, 8639747.632, 85
Trd, 8639748.082, 86
Trd, 8639748.232, 84
Trd, 8639751.032, 121
Trd, 8639752.632, 112
Trd, 8639753.632, 113
Trd, 8639754.632, 111
Trd, 8639756.132, 105
Trd, 8639757.032, 104
Trd, 8639757.282, 95
Trd, 8639757.482, 107
Trd, 8639758.532, 110
Trd, 8639760.982, 111
Trd, 8639761.032, 105
Trd, 8639761.932, 112
Trd, 8639761.982, 104
Trd, 8639763.832, 89
Trd, 8639764.732, 87
Trd, 8639768.332, 96
Trd, 8639769.182, 93
Trd, 8639769.532, 99
Trd, 8639770.832, 98
Trd, 8639771.582, 104
Trd, 8639771.782, 86
Trd, 8639772.282, 122
Trd, 8639773.232, 122
Trd, 8639773.932, 71
Trd, 8639775.932, 77
Trd, 8639778.282, 82
Trd, 8639778.482, 91
Trd, 8639778.632, 81
Trd, 8639779.332, 104
Trd, 8639779.632, 104
Trd, 8639780.932, 113
Trd, 8639781.082, 131
Trd, 8639781.382, 88
Trd, 8639783.382, 77
Trd, 8639784.282, 72
Trd, 8639786.582, 110
Trd, 8639786.882, 107
Trd, 8639789.032, 114
Trd, 8639789.682, 106
Trd, 8639789.732, 105
Trd, 8639790.682, 106
Trd, 8639793.282, 107
Trd, 8639793.782, 121
Trd, 8639795.482, 103
Trd, 8639795.782, 95
Trd, 8639799.232, 104
Trd, 8639799.882, 95
Trd, 8639799.932, 106
Trd, 8639800.182, 107
Trd, 8639802.532, 90
Trd, 8639802.632, 89
Trd, 8639803.132, 116
Trd, 8639806.282, 107
Trd, 8639807.532, 106
Trd, 8639807.682, 104
Trd, 8639809.182, 120
Trd, 8639809.582, 95
Trd, 8639809.632, 71
Trd, 8639811.132, 72
Trd, 8639811.932, 112
Trd, 8639812.882, 78
Trd, 8639813.582, 78
Trd, 8639816.632, 109
Trd, 8639816.982, 109
Trd, 8639817.282, 114
Trd, 8639817.382, 103
Trd, 8639817.882, 95
Trd, 8639819.132, 86
Trd, 8639820.032, 122
Trd, 8639820.682, 79
Trd, 8639821.432, 119
Trd, 8639824.532, 105
Trd, 8639825.782, 105
Trd, 8639826.332, 109
Trd, 8639826.382, 112
Trd, 8639827.982, 105
Trd, 8639829.632, 104
Trd, 8639831.632, 107
Trd, 8639832.282, 107
Trd, 8639834.482, 104
Trd, 8639834.582, 106
Trd, 8639835.032, 114
Trd, 8639836.932, 119
Trd, 8639837.032, 105
Trd, 8639839.782, 120
Trd, 8639840.232, 106
Trd, 8639840.582, 104
Trd, 8639840.682, 114
Trd, 8639842.582, 117
Trd, 8639843.982, 80
Trd, 8639845.282, 105
Trd, 8639845.732, 102
Trd, 8639848.032, 114
Trd, 8639848.382, 98
Trd, 8639849.432, 110
Trd, 8639849.982, 113
Trd, 8639850.882, 106
Trd, 8639851.132, 105
Trd, 8639851.632, 104
Trd, 8639852.282, 118
Trd, 8639855.932, 106
Trd, 8639856.382, 105
Trd, 8639858.932, 107
Trd, 8639859.682, 109
Trd, 8639860.232, 122
Trd, 8639861.532, 101
Trd, 8639862.032, 118
Trd, 8639863.532, 100
Trd, 8639865.582, 103
Trd, 8639866.032, 106
Trd, 8639866.532, 101
Trd, 8639866.682, 98
Trd, 8639866.832, 106
Trd, 8639867.032, 95
Trd, 8639869.982, 104
Trd, 8639870.782, 112
Trd, 8639872.032, 114
Trd, 8639874.532, 101
Trd, 8639874.782, 116
Trd, 8639875.832, 100
Trd, 8639875.882, 98
Trd, 8639876.032, 122
Trd, 8639877.132, 96
Trd, 8639878.182, 122
Trd, 8639880.282, 104
Trd, 8639881.432, 106
Trd, 8639881.982, 106
Trd, 8639883.032, 96
Trd, 8639883.432, 94
Trd, 8639884.082, 89
Trd, 8639885.982, 101
Trd, 8639887.632, 87
Trd, 8639888.432, 111
Trd, 8639888.832, 111
Trd, 8639890.882, 89
Trd, 8639890.932, 87
Trd, 8639892.032, 86
Trd, 8639892.732, 115
Trd, 8639893.432, 115
Trd, 8639895.632, 77
Trd, 8639895.832, 84
Trd, 8639896.682, 79
Trd, 8639897.482, 82
Trd, 8639897.732, 92
Trd, 8639900.232, 101
Trd, 8639900.682, 103
Trd, 8639901.032, 104
Trd, 8639901.232, 90
Trd, 8639901.782, 120
Trd, 8639904.782, 103
Trd, 8639905.932, 76
Trd, 8639906.882, 79
Trd, 8639907.032, 95
Trd, 8639907.832, 117
Trd, 8639908.332, 79
Trd, 8639908.932, 120
Trd, 8639911.932, 111
Trd, 8639913.482, 91
Trd, 8639913.782, 90
Trd, 8639914.182, 86
Trd, 8639914.382, 112
Trd, 8639916.482, 101
Trd, 8639916.982, 104
Trd, 8639918.382, 60
Trd, 8639919.582, 121
Trd, 8639920.382, 117
Trd, 8639921.482, 118
Trd, 8639921.582, 122
Trd, 8639923.782, 107
Trd, 8639924.182, 106
Trd, 8639924.932, 103
Trd, 8639928.182, 104
Trd, 8639928.332, 95
Trd, 8639928.632, 111
Trd, 8639931.582, 87
Trd, 8639931.782, 79
Trd, 8639932.682, 80
Trd, 8639933.982, 97
Trd, 8639934.482, 104
Trd, 8639936.082, 120
Trd, 8639936.182, 104
Trd, 8639936.882, 102
Trd, 8639937.082, 95
Trd, 8639939.632, 92
Trd, 8639940.232, 115
Trd, 8639942.582, 113
Trd, 8639942.732, 108
Trd, 8639943.332, 115
Trd, 8639945.482, 104
Trd, 8639946.432, 104
Trd, 8639947.482, 98
Trd, 8639948.732, 112
Trd, 8639949.032, 104
Trd, 8639950.032, 111
Trd, 8639952.082, 104
Trd, 8639952.132, 109
Trd, 8639953.532, 96
Trd, 8639955.082, 86
Trd, 8639957.332, 98
Trd, 8639957.432, 104
Trd, 8639957.632, 113
Trd, 8639958.832, 83
Trd, 8639961.182, 71
Trd, 8639962.932, 77
Trd, 8639963.032, 89
Trd, 8639963.482, 75
Trd, 8639963.732, 78
Trd, 8639964.432, 95
Trd, 8639966.782, 79
Trd, 8639967.432, 108
Trd, 8639968.032, 79
Trd, 8639968.632, 105
Trd, 8639968.782, 80
Trd, 8639971.682, 116
Trd, 8639972.082, 104
Trd, 8639974.382, 105
Trd, 8639974.582, 103
Trd, 8639975.682, 90
Trd, 8639977.782, 105
Trd, 8639978.682, 102
Trd, 8639979.082, 87
Trd, 8639980.082, 104
Trd, 8639981.982, 86
Trd, 8639982.382, 78
Trd, 8639983.982, 80
Trd, 8639984.082, 118
Trd, 8639984.482, 80
Trd, 8639984.532, 79
Trd, 8639986.982, 86
Trd, 8639988.332, 112
Trd, 8639990.582, 109
Trd, 8639991.182, 87
Trd, 8639991.532, 87
Trd, 8639991.782, 115
Trd, 8639991.932, 122
Trd, 8639992.732, 104
Trd, 8639993.082, 86
Trd, 8639998.782, 108
Trd, 8639999.232, 83
