Trd, 8637861.782, 101
Trd, 8637864.482, 104
Trd, 8637865.182, 114
Trd, 8637865.632, 106
Trd, 8637866.182, 105
Trd, 8637869.132, 107
Trd, 8637869.882, 124
Trd, 8637872.032, 107
Trd, 8637874.032, 105
Trd, 8637875.282, 110
Trd, 8637878.482, 113
Trd, 8637879.482, 114
Trd, 8637881.932, 108
Trd, 8637882.282, 103
Trd, 8637885.132, 99
Trd, 8637885.182, 100
Trd, 8637885.932, 102
Trd, 8637886.132, 102
Trd, 8637886.382, 101
Trd, 8637889.232, 115
Trd, 8637892.332, 107
Trd, 8637893.482, 109
Trd, 8637893.782, 108
Trd, 8637894.232, 104
Trd, 8637894.832, 108
Trd, 8637895.382, 87
Trd, 8637897.632, 99
Trd, 8637899.732, 89
Trd, 8637902.732, 97
Trd, 8637903.732, 99
Trd, 8637905.232, 99
Trd, 8637905.832, 100
Trd, 8637906.282, 113
Trd, 8637906.782, 104
Trd, 8637908.532, 103
Trd, 8637910.632, 94
Trd, 8637913.882, 105
Trd, 8637914.382, 105
Trd, 8637914.532, 104
Trd, 8637915.932, 102
Trd, 8637916.782, 90
Trd, 8637918.282, 116
Trd, 8637920.632, 99
Trd, 8637921.232, 99
Trd, 8637921.982, 100
Trd, 8637925.182, 113
Trd, 8637927.982, 114
Trd, 8637931.382, 122
Trd, 8637933.032, 122
Trd, 8637935.432, 117
Trd, 8637935.732, 105
Trd, 8637935.982, 104
Trd, 8637939.082, 97
Trd, 8637939.332, 113
Trd, 8637940.682, 96
Trd, 8637942.582, 101
Trd, 8637945.032, 104
Trd, 8637946.232, 102
Trd, 8637947.582, 132
Trd, 8637948.532, 101
Trd, 8637949.382, 104
Trd, 8637949.832, 104
Trd, 8637951.882, 90
Trd, 8637955.682, 97
Trd, 8637958.532, 99
Trd, 8637960.082, 100
Trd, 8637960.682, 117
Trd, 8637962.232, 105
Trd, 8637963.982, 110
Trd, 8637964.182, 104
Trd, 8637966.282, 99
Trd, 8637967.132, 100
Trd, 8637967.582, 100
Trd, 8637969.232, 99
Trd, 8637970.582, 91
Trd, 8637971.782, 92
Trd, 8637975.982, 104
Trd, 8637977.232, 99
Trd, 8637977.282, 98
Trd, 8637980.732, 110
Trd, 8637980.982, 113
Trd, 8637981.482, 112
Trd, 8637983.282, 113
Trd, 8637984.032, 104
Trd, 8637984.632, 115
Trd, 8637985.732, 92
Trd, 8637987.282, 118
Trd, 8637991.732, 107
Trd, 8637991.782, 106
Trd, 8637994.132, 107
Trd, 8637995.232, 105
Trd, 8637995.482, 95
Trd, 8637996.182, 104
Trd, 8637999.232, 98
Trd, 8638000.082, 92
Trd, 8638001.232, 96
Trd, 8638001.282, 95
Trd, 8638003.032, 99
Trd, 8638006.682, 99
Trd, 8638007.382, 97
Trd, 8638012.182, 106
Trd, 8638012.232, 107
Trd, 8638013.632, 105
Trd, 8638014.882, 106
Trd, 8638016.482, 106
Trd, 8638017.832, 97
Trd, 8638018.232, 95
Trd, 8638018.982, 102
Trd, 8638021.132, 132
Trd, 8638021.182, 104
Trd, 8638023.382, 126
Trd, 8638025.982, 91
Trd, 8638027.232, 93
Trd, 8638028.482, 97
Trd, 8638028.632, 98
Trd, 8638028.682, 95
Trd, 8638032.082, 83
Trd, 8638032.232, 84
Trd, 8638033.582, 87
Trd, 8638034.832, 89
Trd, 8638035.932, 90
Trd, 8638036.582, 89
Trd, 8638037.332, 75
Trd, 8638040.732, 87
Trd, 8638041.132, 87
Trd, 8638042.332, 90
Trd, 8638043.032, 90
Trd, 8638043.132, 94
Trd, 8638045.032, 92
Trd, 8638046.082, 95
Trd, 8638048.332, 96
Trd, 8638050.282, 99
Trd, 8638050.532, 98
Trd, 8638051.232, 97
Trd, 8638053.332, 97
Trd, 8638054.132, 106
Trd, 8638056.632, 105
Trd, 8638057.132, 105
Trd, 8638058.282, 105
Trd, 8638058.432, 104
Trd, 8638058.782, 86
Trd, 8638062.532, 104
Trd, 8638063.782, 99
Trd, 8638065.032, 100
Trd, 8638065.582, 100
Trd, 8638066.332, 97
Trd, 8638068.282, 95
Trd, 8638068.432, 126
Trd, 8638071.882, 119
Trd, 8638072.282, 109
Trd, 8638075.782, 112
Trd, 8638077.082, 114
Trd, 8638077.532, 113
Trd, 8638077.782, 116
Trd, 8638078.632, 96
Trd, 8638079.682, 113
Trd, 8638080.682, 100
Trd, 8638084.232, 87
Trd, 8638084.332, 86
Trd, 8638084.682, 86
Trd, 8638085.532, 89
Trd, 8638089.532, 101
Trd, 8638091.332, 123
Trd, 8638091.732, 107
Trd, 8638095.082, 112
Trd, 8638095.182, 111
Trd, 8638096.182, 111
Trd, 8638096.732, 97
Trd, 8638098.482, 110
Trd, 8638100.032, 89
Trd, 8638102.632, 99
Trd, 8638103.332, 99
Trd, 8638104.932, 104
Trd, 8638105.332, 104
Trd, 8638106.482, 104
Trd, 8638107.682, 105
Trd, 8638109.882, 102
Trd, 8638112.132, 107
Trd, 8638112.582, 107
Trd, 8638113.332, 108
Trd, 8638115.582, 97
Trd, 8638115.982, 98
Trd, 8638116.082, 113
Trd, 8638120.082, 105
Trd, 8638120.582, 105
Trd, 8638121.582, 105
Trd, 8638124.432, 115
Trd, 8638125.682, 107
Trd, 8638127.382, 97
Trd, 8638127.832, 103
Trd, 8638131.032, 99
Trd, 8638131.282, 99
Trd, 8638131.582, 96
Trd, 8638133.182, 96
Trd, 8638133.732, 96
Trd, 8638135.282, 91
Trd, 8638136.532, 93
Trd, 8638136.782, 95
Trd, 8638140.082, 100
Trd, 8638141.982, 104
Trd, 8638143.532, 110
Trd, 8638144.282, 109
Trd, 8638145.232, 113
Trd, 8638146.332, 108
Trd, 8638147.132, 105
Trd, 8638148.182, 105
Trd, 8638148.232, 104
Trd, 8638149.682, 112
Trd, 8638153.482, 99
Trd, 8638154.032, 103
Trd, 8638154.732, 105
Trd, 8638158.032, 110
Trd, 8638159.282, 107
Trd, 8638160.132, 95
Trd, 8638162.932, 112
Trd, 8638165.682, 106
Trd, 8638167.382, 105
Trd, 8638167.932, 107
Trd, 8638168.282, 97
Trd, 8638169.682, 99
Trd, 8638171.932, 100
Trd, 8638172.332, 100
Trd, 8638172.432, 99
Trd, 8638173.932, 100
Trd, 8638175.332, 100
Trd, 8638178.332, 103
Trd, 8638178.732, 102
Trd, 8638179.732, 95
Trd, 8638181.232, 100
Trd, 8638181.432, 101
Trd, 8638182.632, 105
Trd, 8638183.782, 104
Trd, 8638185.682, 103
Trd, 8638185.932, 104
Trd, 8638188.482, 104
Trd, 8638190.232, 104
Trd, 8638190.982, 103
Trd, 8638191.232, 105
Trd, 8638191.682, 104
Trd, 8638194.382, 96
Trd, 8638196.032, 112
Trd, 8638198.182, 107
Trd, 8638198.282, 104
Trd, 8638200.432, 107
Trd, 8638201.032, 104
Trd, 8638203.732, 98
Trd, 8638205.282, 89
Trd, 8638205.432, 93
Trd, 8638206.832, 92
Trd, 8638207.232, 91
Trd, 8638209.032, 118
Trd, 8638209.882, 116
Trd, 8638211.582, 105
Trd, 8638212.232, 106
Trd, 8638216.582, 104
Trd, 8638217.232, 104
Trd, 8638217.732, 106
Trd, 8638217.782, 105
Trd, 8638218.082, 125
Trd, 8638222.732, 106
Trd, 8638224.682, 112
Trd, 8638225.282, 112
Trd, 8638225.882, 110
Trd, 8638226.382, 113
Trd, 8638229.482, 107
Trd, 8638229.732, 105
Trd, 8638232.332, 98
Trd, 8638233.632, 99
Trd, 8638234.732, 96
Trd, 8638236.382, 91
Trd, 8638239.132, 98
Trd, 8638242.982, 116
Trd, 8638243.282, 114
Trd, 8638244.432, 110
Trd, 8638246.332, 110
Trd, 8638248.032, 128
Trd, 8638249.232, 105
Trd, 8638250.282, 107
Trd, 8638250.582, 104
Trd, 8638254.682, 103
Trd, 8638255.132, 116
Trd, 8638256.132, 107
Trd, 8638257.032, 114
Trd, 8638260.782, 116
Trd, 8638261.982, 115
Trd, 8638262.382, 113
Trd, 8638263.782, 116
Trd, 8638264.582, 104
Trd, 8638267.932, 102
Trd, 8638269.882, 105
Trd, 8638270.482, 113
Trd, 8638271.582, 114
Trd, 8638272.382, 107
Trd, 8638277.682, 114
Trd, 8638278.082, 111
Trd, 8638279.932, 107
Trd, 8638281.282, 105
Trd, 8638281.332, 104
Trd, 8638282.482, 103
Trd, 8638282.782, 79
Trd, 8638285.532, 86
Trd, 8638286.082, 87
Trd, 8638287.032, 90
Trd, 8638287.982, 91
Trd, 8638290.382, 75
Trd, 8638290.682, 108
Trd, 8638294.432, 86
Trd, 8638294.982, 88
Trd, 8638296.532, 93
Trd, 8638296.732, 93
Trd, 8638299.882, 108
Trd, 8638302.882, 112
Trd, 8638303.082, 113
Trd, 8638304.682, 106
Trd, 8638305.932, 106
Trd, 8638306.632, 108
Trd, 8638307.082, 99
Trd, 8638313.832, 107
Trd, 8638314.332, 105
Trd, 8638316.382, 107
Trd, 8638317.682, 111
Trd, 8638318.582, 111
Trd, 8638318.632, 110
Trd, 8638319.882, 95
Trd, 8638323.132, 86
Trd, 8638324.282, 91
Trd, 8638324.732, 88
Trd, 8638325.982, 88
Trd, 8638329.332, 106
Trd, 8638330.982, 104
Trd, 8638331.332, 101
Trd, 8638331.582, 104
Trd, 8638332.082, 100
Trd, 8638334.282, 98
Trd, 8638336.082, 102
Trd, 8638338.182, 104
Trd, 8638338.882, 95
Trd, 8638340.332, 105
Trd, 8638341.082, 105
Trd, 8638342.032, 104
Trd, 8638343.832, 105
Trd, 8638344.182, 104
Trd, 8638345.582, 112
Trd, 8638347.332, 105
Trd, 8638350.582, 113
Trd, 8638352.032, 125
Trd, 8638354.132, 96
Trd, 8638355.932, 100
Trd, 8638356.532, 100
Trd, 8638357.632, 100
Trd, 8638358.382, 100
Trd, 8638358.432, 99
Trd, 8638360.382, 98
Trd, 8638361.082, 91
Trd, 8638361.182, 98
Trd, 8638363.132, 90
Trd, 8638366.232, 99
Trd, 8638368.132, 122
Trd, 8638368.882, 107
Trd, 8638370.382, 105
Trd, 8638371.882, 105
Trd, 8638372.882, 97
Trd, 8638375.182, 98
Trd, 8638376.082, 95
Trd, 8638378.882, 109
Trd, 8638381.432, 105
Trd, 8638381.982, 131
Trd, 8638384.582, 114
Trd, 8638385.682, 115
Trd, 8638385.882, 115
Trd, 8638386.882, 113
Trd, 8638388.832, 107
Trd, 8638392.582, 101
Trd, 8638393.982, 96
Trd, 8638394.982, 97
Trd, 8638395.632, 98
Trd, 8638396.082, 99
Trd, 8638396.882, 98
Trd, 8638398.132, 97
Trd, 8638400.032, 98
Trd, 8638403.082, 102
Trd, 8638403.582, 105
Trd, 8638405.682, 113
Trd, 8638406.882, 106
Trd, 8638408.132, 109
Trd, 8638409.232, 106
Trd, 8638409.282, 104
Trd, 8638412.982, 103
Trd, 8638414.882, 107
Trd, 8638416.032, 106
Trd, 8638416.882, 108
Trd, 8638418.332, 109
Trd, 8638419.132, 109
Trd, 8638420.482, 105
Trd, 8638420.732, 106
Trd, 8638421.632, 105
Trd, 8638422.732, 106
Trd, 8638425.632, 101
Trd, 8638426.782, 108
Trd, 8638427.932, 103
Trd, 8638429.582, 98
Trd, 8638433.532, 104
Trd, 8638434.632, 102
Trd, 8638436.182, 113
Trd, 8638436.532, 107
Trd, 8638438.182, 112
Trd, 8638438.332, 112
Trd, 8638438.432, 110
Trd, 8638439.082, 112
Trd, 8638442.482, 111
Trd, 8638444.982, 113
Trd, 8638445.382, 113
Trd, 8638445.932, 113
Trd, 8638446.382, 113
Trd, 8638447.682, 134
Trd, 8638449.182, 91
Trd, 8638449.982, 92
Trd, 8638451.482, 88
Trd, 8638454.732, 101
Trd, 8638455.982, 93
Trd, 8638456.782, 95
Trd, 8638457.132, 94
Trd, 8638459.182, 92
Trd, 8638459.582, 91
Trd, 8638460.132, 95
Trd, 8638461.982, 97
Trd, 8638463.332, 119
Trd, 8638465.132, 85
Trd, 8638465.482, 86
Trd, 8638466.582, 88
Trd, 8638468.282, 94
Trd, 8638468.682, 93
Trd, 8638469.082, 92
Trd, 8638470.632, 114
Trd, 8638474.082, 107
Trd, 8638474.732, 105
Trd, 8638475.532, 104
Trd, 8638475.982, 104
Trd, 8638476.132, 103
Trd, 8638477.232, 97
Trd, 8638478.182, 95
Trd, 8638482.232, 110
Trd, 8638483.632, 110
Trd, 8638484.182, 111
Trd, 8638484.532, 113
Trd, 8638484.932, 110
Trd, 8638486.132, 97
Trd, 8638488.232, 99
Trd, 8638490.582, 110
Trd, 8638491.282, 108
Trd, 8638492.082, 110
Trd, 8638495.682, 99
Trd, 8638497.232, 100
Trd, 8638498.382, 98
Trd, 8638500.932, 102
Trd, 8638501.282, 101
Trd, 8638501.632, 105
Trd, 8638501.782, 100
Trd, 8638504.882, 100
Trd, 8638507.882, 109
Trd, 8638508.082, 108
Trd, 8638508.282, 105
Trd, 8638508.782, 109
Trd, 8638509.732, 104
Trd, 8638514.582, 101
Trd, 8638515.782, 98
Trd, 8638516.732, 98
Trd, 8638518.532, 80
Trd, 8638521.032, 91
Trd, 8638521.332, 92
Trd, 8638522.432, 94
Trd, 8638523.032, 94
Trd, 8638523.482, 94
Trd, 8638523.982, 95
Trd, 8638527.632, 138
Trd, 8638528.082, 113
Trd, 8638529.432, 107
Trd, 8638529.482, 133
Trd, 8638531.482, 108
Trd, 8638534.682, 109
Trd, 8638535.282, 107
Trd, 8638536.582, 118
Trd, 8638537.332, 110
Trd, 8638539.482, 113
Trd, 8638539.832, 114
Trd, 8638540.482, 114
Trd, 8638541.632, 113
Trd, 8638541.732, 108
Trd, 8638545.432, 93
Trd, 8638546.132, 93
Trd, 8638546.782, 93
Trd, 8638546.932, 93
Trd, 8638547.982, 90
Trd, 8638549.132, 90
Trd, 8638550.482, 134
Trd, 8638552.132, 95
Trd, 8638552.882, 95
Trd, 8638553.182, 95
Trd, 8638558.732, 114
Trd, 8638561.582, 110
Trd, 8638561.732, 108
Trd, 8638562.082, 105
Trd, 8638564.432, 107
Trd, 8638565.382, 104
Trd, 8638565.882, 89
Trd, 8638566.782, 90
Trd, 8638569.032, 98
Trd, 8638570.632, 95
Trd, 8638570.882, 95
Trd, 8638570.982, 95
Trd, 8638572.432, 130
Trd, 8638573.732, 105
Trd, 8638575.132, 105
Trd, 8638576.732, 108
Trd, 8638577.682, 114
Trd, 8638580.482, 105
Trd, 8638580.782, 105
Trd, 8638583.532, 101
Trd, 8638583.582, 101
Trd, 8638586.632, 102
Trd, 8638586.832, 103
Trd, 8638589.432, 106
Trd, 8638589.582, 101
Trd, 8638594.932, 113
Trd, 8638595.182, 112
Trd, 8638596.782, 117
Trd, 8638596.882, 118
Trd, 8638597.082, 104
Trd, 8638598.182, 131
Trd, 8638601.782, 107
Trd, 8638601.932, 106
Trd, 8638602.132, 102
Trd, 8638603.532, 96
Trd, 8638604.082, 95
Trd, 8638607.082, 106
Trd, 8638611.232, 101
Trd, 8638611.832, 103
Trd, 8638614.332, 105
Trd, 8638615.832, 108
Trd, 8638616.882, 106
Trd, 8638616.932, 104
Trd, 8638619.982, 99
Trd, 8638621.432, 98
Trd, 8638622.082, 97
Trd, 8638622.632, 98
Trd, 8638625.482, 96
Trd, 8638626.182, 96
Trd, 8638626.532, 86
Trd, 8638627.782, 87
Trd, 8638628.082, 98
Trd, 8638630.532, 87
Trd, 8638632.432, 96
Trd, 8638633.932, 104
Trd, 8638636.332, 111
Trd, 8638638.432, 105
Trd, 8638638.832, 108
Trd, 8638640.232, 108
Trd, 8638641.982, 108
Trd, 8638644.382, 111
Trd, 8638645.232, 111
Trd, 8638646.332, 106
Trd, 8638646.932, 106
Trd, 8638648.732, 104
Trd, 8638649.632, 95
Trd, 8638651.032, 102
Trd, 8638652.732, 97
Trd, 8638653.332, 100
Trd, 8638653.682, 100
Trd, 8638654.582, 102
Trd, 8638655.032, 95
Trd, 8638656.982, 113
Trd, 8638660.132, 88
Trd, 8638663.682, 92
Trd, 8638664.982, 96
Trd, 8638665.432, 97
Trd, 8638665.882, 97
Trd, 8638666.282, 93
Trd, 8638667.482, 127
Trd, 8638669.532, 86
Trd, 8638669.582, 87
Trd, 8638671.182, 124
Trd, 8638675.082, 103
Trd, 8638675.132, 102
Trd, 8638676.132, 102
Trd, 8638676.232, 101
Trd, 8638678.532, 98
Trd, 8638680.732, 99
Trd, 8638681.582, 102
Trd, 8638682.382, 99
Trd, 8638682.482, 95
Trd, 8638684.932, 85
Trd, 8638685.832, 86
Trd, 8638686.532, 87
Trd, 8638688.232, 86
Trd, 8638689.682, 90
Trd, 8638690.882, 94
Trd, 8638692.532, 95
Trd, 8638693.432, 95
Trd, 8638694.732, 99
Trd, 8638696.832, 94
Trd, 8638697.432, 112
Trd, 8638698.432, 92
Trd, 8638699.282, 94
Trd, 8638702.232, 121
Trd, 8638702.782, 98
Trd, 8638704.832, 103
Trd, 8638705.932, 104
Trd, 8638707.582, 125
Trd, 8638708.182, 104
Trd, 8638709.282, 86
Trd, 8638712.532, 87
Trd, 8638713.682, 87
Trd, 8638714.132, 87
Trd, 8638716.632, 136
Trd, 8638717.132, 131
Trd, 8638717.932, 113
Trd, 8638719.432, 105
Trd, 8638719.882, 129
Trd, 8638721.232, 88
Trd, 8638721.832, 90
Trd, 8638725.582, 103
Trd, 8638726.182, 111
Trd, 8638728.082, 108
Trd, 8638730.482, 107
Trd, 8638731.182, 104
Trd, 8638733.882, 111
Trd, 8638734.782, 112
Trd, 8638736.482, 106
Trd, 8638737.132, 104
Trd, 8638740.482, 106
Trd, 8638741.882, 106
Trd, 8638742.932, 114
Trd, 8638743.882, 107
Trd, 8638745.882, 96
Trd, 8638746.982, 99
Trd, 8638747.832, 100
Trd, 8638749.182, 97
Trd, 8638752.132, 90
Trd, 8638753.232, 92
Trd, 8638754.132, 94
Trd, 8638754.232, 92
Trd, 8638755.982, 133
Trd, 8638756.132, 122
Trd, 8638756.882, 88
Trd, 8638759.682, 91
Trd, 8638764.182, 114
Trd, 8638765.582, 105
Trd, 8638767.632, 107
Trd, 8638767.882, 110
Trd, 8638768.532, 106
Trd, 8638770.482, 107
Trd, 8638770.982, 106
Trd, 8638772.732, 102
Trd, 8638774.032, 98
Trd, 8638774.982, 99
Trd, 8638776.832, 97
Trd, 8638777.982, 97
Trd, 8638780.032, 106
Trd, 8638780.332, 101
Trd, 8638781.482, 102
Trd, 8638781.882, 102
Trd, 8638785.232, 105
Trd, 8638786.132, 106
Trd, 8638786.182, 104
Trd, 8638789.082, 107
Trd, 8638790.332, 98
Trd, 8638793.032, 104
Trd, 8638794.732, 110
Trd, 8638795.332, 110
Trd, 8638796.232, 106
Trd, 8638796.682, 106
Trd, 8638799.132, 105
Trd, 8638799.382, 92
Trd, 8638801.732, 102
Trd, 8638801.882, 99
Trd, 8638802.332, 122
Trd, 8638807.082, 105
Trd, 8638807.882, 105
Trd, 8638808.682, 105
Trd, 8638809.532, 104
Trd, 8638809.582, 105
Trd, 8638811.832, 96
Trd, 8638813.732, 111
Trd, 8638815.632, 109
Trd, 8638819.482, 121
Trd, 8638820.032, 112
Trd, 8638821.382, 113
Trd, 8638824.082, 115
Trd, 8638824.282, 113
Trd, 8638825.382, 104
Trd, 8638826.382, 82
Trd, 8638827.932, 103
Trd, 8638829.332, 102
Trd, 8638830.382, 89
Trd, 8638833.582, 106
Trd, 8638836.082, 108
Trd, 8638836.932, 107
Trd, 8638837.432, 105
Trd, 8638838.032, 104
Trd, 8638839.132, 95
Trd, 8638839.632, 103
Trd, 8638843.932, 93
Trd, 8638844.632, 94
Trd, 8638844.882, 93
Trd, 8638845.582, 108
Trd, 8638846.982, 94
Trd, 8638847.332, 87
Trd, 8638850.682, 102
Trd, 8638851.232, 101
Trd, 8638851.482, 105
Trd, 8638852.732, 99
Trd, 8638853.482, 88
Trd, 8638859.182, 90
Trd, 8638859.432, 91
Trd, 8638859.832, 93
Trd, 8638861.732, 93
Trd, 8638862.132, 89
Trd, 8638862.532, 89
Trd, 8638865.682, 93
Trd, 8638866.282, 92
Trd, 8638866.532, 94
Trd, 8638869.932, 93
Trd, 8638871.832, 103
Trd, 8638872.432, 104
Trd, 8638873.682, 110
Trd, 8638874.232, 108
Trd, 8638874.832, 107
Trd, 8638877.382, 114
Trd, 8638877.432, 105
Trd, 8638880.282, 107
Trd, 8638880.832, 107
Trd, 8638882.332, 104
Trd, 8638882.582, 129
Trd, 8638884.682, 78
Trd, 8638888.932, 91
Trd, 8638890.482, 94
Trd, 8638890.932, 102
Trd, 8638891.382, 103
Trd, 8638893.382, 98
Trd, 8638895.082, 105
Trd, 8638898.332, 107
Trd, 8638898.782, 108
Trd, 8638900.132, 109
Trd, 8638900.882, 104
Trd, 8638902.032, 96
Trd, 8638902.382, 107
Trd, 8638902.782, 97
Trd, 8638904.932, 111
Trd, 8638906.282, 98
Trd, 8638907.982, 99
Trd, 8638911.432, 109
Trd, 8638911.732, 110
Trd, 8638913.382, 110
Trd, 8638914.382, 87
Trd, 8638914.782, 106
Trd, 8638916.782, 90
Trd, 8638917.182, 92
Trd, 8638918.682, 95
Trd, 8638919.132, 94
Trd, 8638922.532, 103
Trd, 8638922.982, 98
Trd, 8638926.482, 97
Trd, 8638927.382, 90
Trd, 8638929.482, 94
Trd, 8638930.132, 95
Trd, 8638930.282, 94
Trd, 8638932.832, 93
Trd, 8638933.132, 91
Trd, 8638934.932, 93
Trd, 8638934.982, 92
Trd, 8638936.782, 131
Trd, 8638937.632, 122
Trd, 8638939.632, 126
Trd, 8638940.532, 96
Trd, 8638940.582, 95
Trd, 8638943.082, 108
Trd, 8638943.382, 104
Trd, 8638944.482, 109
Trd, 8638945.632, 102
Trd, 8638948.782, 102
Trd, 8638950.632, 105
Trd, 8638950.682, 107
Trd, 8638952.982, 106
Trd, 8638953.482, 105
Trd, 8638956.332, 88
Trd, 8638958.482, 96
Trd, 8638958.782, 97
Trd, 8638959.482, 96
Trd, 8638959.832, 97
Trd, 8638964.682, 105
Trd, 8638965.732, 112
Trd, 8638967.382, 109
Trd, 8638967.882, 108
Trd, 8638968.932, 106
Trd, 8638970.982, 104
Trd, 8638971.232, 91
Trd, 8638972.332, 89
Trd, 8638974.682, 100
Trd, 8638976.982, 92
Trd, 8638977.082, 92
Trd, 8638977.982, 112
Trd, 8638978.582, 115
Trd, 8638979.832, 114
Trd, 8638983.232, 119
Trd, 8638984.432, 120
Trd, 8638985.582, 116
Trd, 8638985.882, 104
Trd, 8638990.132, 84
Trd, 8638990.232, 85
Trd, 8638990.532, 86
Trd, 8638991.732, 90
Trd, 8638993.682, 96
Trd, 8638995.182, 110
Trd, 8638995.232, 95
Trd, 8638999.232, 94
Trd, 8639000.432, 97
Trd, 8639000.782, 97
Trd, 8639001.282, 95
Trd, 8639003.432, 125
Trd, 8639004.082, 122
Trd, 8639004.232, 109
Trd, 8639006.232, 95
Trd, 8639006.882, 86
Trd, 8639010.282, 86
Trd, 8639010.932, 110
Trd, 8639015.632, 102
Trd, 8639016.182, 101
Trd, 8639017.382, 120
Trd, 8639018.682, 102
Trd, 8639020.282, 105
Trd, 8639025.932, 117
Trd, 8639026.032, 113
Trd, 8639027.132, 112
Trd, 8639027.832, 114
Trd, 8639028.982, 112
Trd, 8639030.982, 111
Trd, 8639032.182, 112
Trd, 8639034.032, 104
Trd, 8639035.982, 112
Trd, 8639038.582, 111
Trd, 8639038.782, 107
Trd, 8639039.282, 117
Trd, 8639042.732, 105
Trd, 8639045.732, 105
Trd, 8639046.382, 105
Trd, 8639047.482, 106
Trd, 8639048.182, 108
Trd, 8639049.782, 110
Trd, 8639049.832, 104
Trd, 8639052.132, 102
Trd, 8639054.882, 98
Trd, 8639057.432, 93
Trd, 8639059.032, 113
Trd, 8639059.532, 113
Trd, 8639060.182, 95
Trd, 8639062.132, 118
Trd, 8639064.682, 100
Trd, 8639066.882, 102
Trd, 8639066.982, 101
Trd, 8639067.632, 100
Trd, 8639070.332, 104
Trd, 8639071.082, 101
Trd, 8639072.132, 110
Trd, 8639072.832, 104
Trd, 8639073.182, 104
Trd, 8639075.232, 101
Trd, 8639075.882, 100
Trd, 8639079.932, 114
Trd, 8639080.382, 96
Trd, 8639081.832, 88
Trd, 8639084.282, 107
Trd, 8639086.082, 102
Trd, 8639086.832, 104
Trd, 8639087.132, 103
Trd, 8639087.882, 97
Trd, 8639091.782, 123
Trd, 8639093.932, 105
Trd, 8639094.432, 104
Trd, 8639095.332, 106
Trd, 8639096.832, 108
Trd, 8639097.582, 110
Trd, 8639098.882, 105
Trd, 8639101.382, 104
Trd, 8639102.382, 104
Trd, 8639102.532, 99
Trd, 8639104.582, 100
Trd, 8639105.032, 99
Trd, 8639105.282, 98
Trd, 8639106.682, 97
Trd, 8639107.782, 95
Trd, 8639108.832, 97
Trd, 8639109.382, 89
Trd, 8639112.232, 91
Trd, 8639112.532, 92
Trd, 8639114.332, 113
Trd, 8639114.882, 93
Trd, 8639117.282, 102
Trd, 8639119.282, 103
Trd, 8639119.682, 103
Trd, 8639120.032, 103
Trd, 8639122.532, 91
Trd, 8639123.032, 95
Trd, 8639123.232, 93
Trd, 8639125.732, 89
Trd, 8639126.232, 112
Trd, 8639129.382, 93
Trd, 8639132.582, 105
Trd, 8639135.032, 100
Trd, 8639135.882, 100
Trd, 8639137.432, 103
Trd, 8639140.032, 102
Trd, 8639140.382, 105
Trd, 8639142.382, 96
Trd, 8639145.632, 109
Trd, 8639145.882, 108
Trd, 8639146.332, 95
Trd, 8639148.582, 114
Trd, 8639148.682, 119
Trd, 8639151.232, 107
Trd, 8639151.482, 122
Trd, 8639152.182, 95
Trd, 8639154.032, 92
Trd, 8639156.532, 111
Trd, 8639159.282, 101
Trd, 8639161.382, 103
Trd, 8639161.582, 103
Trd, 8639161.982, 102
Trd, 8639162.432, 96
Trd, 8639163.982, 103
Trd, 8639166.232, 92
Trd, 8639167.082, 92
Trd, 8639169.532, 109
Trd, 8639170.832, 106
Trd, 8639171.132, 107
Trd, 8639175.682, 115
Trd, 8639176.782, 115
Trd, 8639176.832, 114
Trd, 8639177.182, 104
Trd, 8639179.132, 94
Trd, 8639179.482, 111
Trd, 8639181.082, 94
Trd, 8639184.632, 109
Trd, 8639186.532, 103
Trd, 8639186.832, 102
Trd, 8639190.632, 98
Trd, 8639191.132, 90
Trd, 8639192.682, 95
Trd, 8639194.582, 97
Trd, 8639195.882, 97
Trd, 8639199.232, 120
Trd, 8639201.082, 110
Trd, 8639202.032, 98
Trd, 8639202.682, 98
Trd, 8639204.282, 104
Trd, 8639206.982, 110
Trd, 8639208.132, 104
Trd, 8639209.182, 104
Trd, 8639210.232, 103
Trd, 8639211.832, 95
Trd, 8639213.232, 105
Trd, 8639214.782, 93
Trd, 8639216.082, 94
Trd, 8639216.632, 101
Trd, 8639217.682, 99
Trd, 8639220.682, 101
Trd, 8639222.782, 122
Trd, 8639225.582, 112
Trd, 8639225.782, 111
Trd, 8639226.832, 111
Trd, 8639228.082, 109
Trd, 8639229.082, 106
Trd, 8639230.532, 106
Trd, 8639231.582, 106
Trd, 8639231.682, 96
Trd, 8639232.932, 95
Trd, 8639236.082, 99
Trd, 8639236.932, 98
Trd, 8639237.482, 114
Trd, 8639240.482, 99
Trd, 8639241.282, 98
Trd, 8639241.432, 98
Trd, 8639241.832, 97
Trd, 8639242.082, 97
Trd, 8639243.732, 129
Trd, 8639245.432, 104
Trd, 8639246.732, 105
Trd, 8639248.082, 112
Trd, 8639250.832, 109
Trd, 8639251.582, 105
Trd, 8639251.632, 109
Trd, 8639252.882, 106
Trd, 8639253.432, 104
Trd, 8639253.532, 95
Trd, 8639254.782, 89
Trd, 8639257.032, 113
Trd, 8639258.632, 93
Trd, 8639259.382, 94
Trd, 8639261.082, 98
Trd, 8639261.732, 99
Trd, 8639263.732, 109
Trd, 8639264.482, 96
Trd, 8639266.382, 103
Trd, 8639269.532, 105
Trd, 8639271.482, 102
Trd, 8639272.382, 104
Trd, 8639273.932, 112
Trd, 8639275.432, 110
Trd, 8639278.532, 113
Trd, 8639279.482, 110
Trd, 8639279.882, 114
Trd, 8639282.682, 106
Trd, 8639283.032, 104
Trd, 8639284.882, 95
Trd, 8639287.782, 101
Trd, 8639288.332, 110
Trd, 8639289.932, 103
Trd, 8639292.482, 98
Trd, 8639293.032, 102
Trd, 8639293.532, 102
Trd, 8639293.932, 102
Trd, 8639294.332, 97
Trd, 8639296.532, 98
Trd, 8639297.232, 96
Trd, 8639300.732, 109
Trd, 8639301.482, 109
Trd, 8639301.732, 110
Trd, 8639302.282, 109
Trd, 8639302.732, 104
Trd, 8639304.932, 80
Trd, 8639308.632, 86
Trd, 8639309.482, 94
Trd, 8639309.582, 89
Trd, 8639311.282, 94
Trd, 8639312.432, 94
Trd, 8639312.632, 95
Trd, 8639315.482, 99
Trd, 8639316.932, 98
Trd, 8639319.182, 108
Trd, 8639320.132, 94
Trd, 8639320.182, 91
Trd, 8639323.032, 98
Trd, 8639323.332, 103
Trd, 8639328.182, 104
Trd, 8639328.532, 104
Trd, 8639328.882, 108
Trd, 8639330.982, 97
Trd, 8639331.682, 97
Trd, 8639332.482, 97
Trd, 8639332.832, 98
Trd, 8639338.532, 105
Trd, 8639338.782, 104
Trd, 8639339.482, 105
Trd, 8639340.332, 104
Trd, 8639341.732, 96
Trd, 8639343.082, 97
Trd, 8639344.682, 96
Trd, 8639345.032, 95
Trd, 8639347.432, 92
Trd, 8639350.732, 98
Trd, 8639352.182, 101
Trd, 8639352.232, 102
Trd, 8639352.582, 100
Trd, 8639355.182, 98
Trd, 8639356.082, 101
Trd, 8639357.732, 95
Trd, 8639358.632, 112
Trd, 8639360.732, 110
Trd, 8639361.432, 93
Trd, 8639364.282, 106
Trd, 8639364.432, 110
Trd, 8639366.182, 110
Trd, 8639367.982, 108
Trd, 8639368.882, 96
Trd, 8639371.632, 102
Trd, 8639372.132, 100
Trd, 8639372.232, 104
Trd, 8639373.132, 100
Trd, 8639374.832, 102
Trd, 8639376.982, 123
Trd, 8639379.932, 105
Trd, 8639380.632, 108
Trd, 8639382.282, 107
Trd, 8639383.132, 107
Trd, 8639383.232, 96
Trd, 8639384.932, 100
Trd, 8639385.382, 100
Trd, 8639385.632, 99
Trd, 8639386.982, 96
Trd, 8639389.432, 114
Trd, 8639393.482, 92
Trd, 8639393.682, 91
Trd, 8639394.432, 94
Trd, 8639394.982, 95
Trd, 8639395.182, 120
Trd, 8639397.032, 113
Trd, 8639398.982, 106
Trd, 8639400.682, 109
Trd, 8639404.082, 113
Trd, 8639404.582, 113
Trd, 8639406.482, 107
Trd, 8639406.582, 117
Trd, 8639406.982, 105
Trd, 8639407.232, 120
Trd, 8639413.732, 108
Trd, 8639414.432, 109
Trd, 8639415.882, 107
Trd, 8639417.682, 95
Trd, 8639418.732, 77
Trd, 8639420.582, 85
Trd, 8639421.432, 97
Trd, 8639422.532, 92
Trd, 8639424.982, 102
Trd, 8639426.382, 102
Trd, 8639428.132, 106
Trd, 8639429.782, 134
Trd, 8639431.182, 108
Trd, 8639434.782, 106
Trd, 8639434.932, 105
Trd, 8639435.782, 105
Trd, 8639435.932, 107
Trd, 8639438.832, 105
Trd, 8639439.282, 111
Trd, 8639441.132, 108
Trd, 8639444.132, 113
Trd, 8639446.232, 102
Trd, 8639448.132, 110
Trd, 8639449.232, 101
Trd, 8639450.982, 108
Trd, 8639453.132, 110
Trd, 8639453.332, 112
Trd, 8639454.032, 110
Trd, 8639455.332, 104
Trd, 8639458.082, 88
Trd, 8639458.882, 97
Trd, 8639460.182, 92
Trd, 8639463.332, 114
Trd, 8639465.332, 110
Trd, 8639465.882, 110
Trd, 8639467.432, 111
Trd, 8639467.632, 104
Trd, 8639470.482, 114
Trd, 8639472.782, 113
Trd, 8639473.082, 112
Trd, 8639474.932, 107
Trd, 8639475.782, 107
Trd, 8639476.332, 98
Trd, 8639478.232, 99
Trd, 8639479.482, 100
Trd, 8639481.832, 95
Trd, 8639482.182, 95
Trd, 8639483.032, 94
Trd, 8639486.882, 101
Trd, 8639488.032, 105
Trd, 8639489.582, 106
Trd, 8639490.082, 104
Trd, 8639490.532, 97
Trd, 8639492.282, 96
Trd, 8639494.282, 87
Trd, 8639496.332, 110
Trd, 8639496.682, 110
Trd, 8639497.132, 109
Trd, 8639499.182, 101
Trd, 8639500.932, 85
Trd, 8639501.532, 85
Trd, 8639502.032, 86
Trd, 8639502.882, 87
Trd, 8639503.882, 116
Trd, 8639504.132, 89
Trd, 8639504.482, 102
Trd, 8639506.832, 121
Trd, 8639508.132, 101
Trd, 8639511.432, 102
Trd, 8639513.132, 103
Trd, 8639513.532, 102
Trd, 8639516.882, 97
Trd, 8639517.932, 98
Trd, 8639519.232, 97
Trd, 8639519.732, 96
Trd, 8639520.432, 97
Trd, 8639524.332, 110
Trd, 8639524.732, 98
Trd, 8639525.082, 99
Trd, 8639527.632, 99
Trd, 8639527.682, 104
Trd, 8639530.332, 105
Trd, 8639531.132, 102
Trd, 8639532.782, 100
Trd, 8639535.482, 92
Trd, 8639535.532, 91
Trd, 8639538.082, 91
Trd, 8639538.432, 93
Trd, 8639539.032, 91
Trd, 8639539.682, 94
Trd, 8639541.382, 93
Trd, 8639544.232, 102
Trd, 8639546.132, 101
Trd, 8639547.232, 118
Trd, 8639547.782, 117
Trd, 8639549.432, 108
Trd, 8639549.532, 97
Trd, 8639550.532, 99
Trd, 8639554.532, 104
Trd, 8639555.432, 105
Trd, 8639556.532, 105
Trd, 8639556.682, 104
Trd, 8639557.382, 95
Trd, 8639558.982, 91
Trd, 8639560.982, 105
Trd, 8639561.632, 102
Trd, 8639563.382, 102
Trd, 8639565.332, 117
Trd, 8639566.532, 114
Trd, 8639566.582, 113
Trd, 8639567.982, 105
Trd, 8639569.232, 108
Trd, 8639571.532, 103
Trd, 8639572.682, 102
Trd, 8639572.882, 101
Trd, 8639575.932, 113
Trd, 8639576.082, 104
Trd, 8639578.032, 106
Trd, 8639578.132, 105
Trd, 8639579.382, 106
Trd, 8639580.832, 104
Trd, 8639582.032, 95
Trd, 8639582.132, 94
Trd, 8639583.882, 98
Trd, 8639586.782, 126
Trd, 8639587.332, 97
Trd, 8639590.632, 105
Trd, 8639590.882, 104
Trd, 8639593.132, 109
Trd, 8639593.332, 101
Trd, 8639595.682, 106
Trd, 8639596.032, 106
Trd, 8639596.582, 108
Trd, 8639598.432, 92
Trd, 8639599.682, 122
Trd, 8639600.282, 97
Trd, 8639600.732, 97
Trd, 8639604.732, 106
Trd, 8639605.282, 106
Trd, 8639607.582, 95
Trd, 8639608.982, 89
Trd, 8639613.282, 118
Trd, 8639614.032, 117
Trd, 8639616.232, 115
Trd, 8639616.632, 104
Trd, 8639618.032, 93
Trd, 8639618.482, 94
Trd, 8639619.482, 95
Trd, 8639619.782, 123
Trd, 8639624.682, 109
Trd, 8639625.032, 110
Trd, 8639625.082, 104
Trd, 8639627.732, 101
Trd, 8639628.582, 118
Trd, 8639630.632, 102
Trd, 8639631.132, 101
Trd, 8639631.582, 101
Trd, 8639631.882, 95
Trd, 8639633.782, 90
Trd, 8639635.282, 115
Trd, 8639637.932, 122
Trd, 8639639.382, 115
Trd, 8639639.932, 124
Trd, 8639640.782, 115
Trd, 8639641.182, 113
Trd, 8639647.032, 100
Trd, 8639647.482, 98
Trd, 8639647.632, 97
Trd, 8639649.282, 93
Trd, 8639649.382, 92
Trd, 8639649.732, 95
Trd, 8639652.632, 91
Trd, 8639652.982, 91
Trd, 8639653.032, 93
Trd, 8639653.882, 87
Trd, 8639657.132, 90
Trd, 8639659.082, 88
Trd, 8639659.382, 87
Trd, 8639659.882, 89
Trd, 8639660.482, 89
Trd, 8639662.882, 128
Trd, 8639663.882, 114
Trd, 8639668.282, 117
Trd, 8639669.032, 123
Trd, 8639669.882, 107
Trd, 8639671.232, 97
Trd, 8639672.482, 104
Trd, 8639674.482, 106
Trd, 8639675.332, 107
Trd, 8639676.882, 104
Trd, 8639677.482, 95
Trd, 8639677.532, 104
Trd, 8639680.182, 92
Trd, 8639683.082, 100
Trd, 8639684.582, 102
Trd, 8639686.032, 97
Trd, 8639686.232, 96
Trd, 8639687.532, 96
Trd, 8639687.882, 96
Trd, 8639692.132, 121
Trd, 8639692.332, 113
Trd, 8639694.282, 101
Trd, 8639696.532, 103
Trd, 8639696.932, 112
Trd, 8639700.282, 107
Trd, 8639700.482, 107
Trd, 8639701.982, 105
Trd, 8639702.132, 104
Trd, 8639702.432, 106
Trd, 8639704.532, 102
Trd, 8639705.132, 113
Trd, 8639707.132, 104
Trd, 8639709.282, 108
Trd, 8639709.832, 104
Trd, 8639712.332, 77
Trd, 8639713.932, 96
Trd, 8639715.982, 93
Trd, 8639716.382, 92
Trd, 8639717.682, 89
Trd, 8639719.382, 113
Trd, 8639721.782, 104
Trd, 8639723.932, 106
Trd, 8639724.082, 106
Trd, 8639725.482, 104
Trd, 8639726.232, 128
Trd, 8639727.282, 100
Trd, 8639727.632, 97
Trd, 8639730.132, 96
Trd, 8639730.632, 95
Trd, 8639730.932, 86
Trd, 8639731.632, 95
Trd, 8639734.332, 126
Trd, 8639734.632, 76
Trd, 8639738.882, 94
Trd, 8639739.182, 93
Trd, 8639742.382, 104
Trd, 8639743.482, 103
Trd, 8639743.682, 104
Trd, 8639744.232, 104
Trd, 8639745.782, 95
Trd, 8639747.532, 95
Trd, 8639748.632, 114
Trd, 8639751.782, 109
Trd, 8639754.382, 111
Trd, 8639754.832, 116
Trd, 8639756.182, 113
Trd, 8639756.682, 114
Trd, 8639759.482, 103
Trd, 8639760.032, 99
Trd, 8639760.782, 100
Trd, 8639761.682, 99
Trd, 8639761.832, 98
Trd, 8639762.932, 87
Trd, 8639765.932, 90
Trd, 8639766.632, 89
Trd, 8639769.932, 115
Trd, 8639771.632, 100
Trd, 8639772.932, 98
Trd, 8639775.982, 107
Trd, 8639776.482, 107
Trd, 8639777.032, 105
Trd, 8639777.182, 104
Trd, 8639778.932, 115
Trd, 8639781.782, 89
Trd, 8639782.282, 108
Trd, 8639784.282, 93
Trd, 8639787.332, 106
Trd, 8639787.482, 106
Trd, 8639787.932, 103
Trd, 8639789.732, 90
Trd, 8639790.332, 102
Trd, 8639793.382, 106
Trd, 8639793.432, 105
Trd, 8639794.232, 104
Trd, 8639795.232, 102
Trd, 8639795.982, 95
Trd, 8639797.632, 92
Trd, 8639797.882, 95
Trd, 8639799.782, 92
Trd, 8639803.832, 104
Trd, 8639804.282, 106
Trd, 8639804.932, 104
Trd, 8639806.482, 106
Trd, 8639807.132, 130
Trd, 8639808.782, 109
Trd, 8639808.882, 104
Trd, 8639811.832, 91
Trd, 8639814.332, 107
Trd, 8639814.882, 97
Trd, 8639817.082, 99
Trd, 8639819.382, 107
Trd, 8639819.682, 102
Trd, 8639820.932, 102
Trd, 8639822.282, 102
Trd, 8639822.632, 103
Trd, 8639822.682, 100
Trd, 8639824.332, 103
Trd, 8639825.132, 104
Trd, 8639827.382, 115
Trd, 8639827.732, 94
Trd, 8639829.682, 98
Trd, 8639831.882, 103
Trd, 8639833.782, 111
Trd, 8639834.682, 106
Trd, 8639835.032, 105
Trd, 8639836.032, 97
Trd, 8639838.532, 98
Trd, 8639839.482, 99
Trd, 8639841.132, 95
Trd, 8639842.732, 113
Trd, 8639842.982, 91
Trd, 8639844.582, 112
Trd, 8639846.132, 96
Trd, 8639848.282, 107
Trd, 8639849.932, 102
Trd, 8639852.332, 112
Trd, 8639853.382, 111
Trd, 8639853.732, 110
Trd, 8639855.332, 106
Trd, 8639855.582, 106
Trd, 8639857.232, 104
Trd, 8639857.382, 106
Trd, 8639857.982, 96
Trd, 8639860.482, 100
Trd, 8639861.032, 99
Trd, 8639862.632, 101
Trd, 8639863.532, 119
Trd, 8639863.932, 100
Trd, 8639864.882, 76
Trd, 8639867.682, 73
Trd, 8639869.532, 87
Trd, 8639871.032, 87
Trd, 8639872.132, 90
Trd, 8639873.182, 89
Trd, 8639873.732, 88
Trd, 8639874.782, 86
Trd, 8639876.732, 86
Trd, 8639877.482, 86
Trd, 8639878.232, 88
Trd, 8639880.332, 85
Trd, 8639880.482, 85
Trd, 8639880.782, 86
Trd, 8639882.082, 89
Trd, 8639883.182, 93
Trd, 8639884.382, 95
Trd, 8639888.932, 107
Trd, 8639890.082, 108
Trd, 8639891.682, 104
Trd, 8639893.132, 97
Trd, 8639895.032, 105
Trd, 8639895.282, 101
Trd, 8639895.582, 99
Trd, 8639897.582, 101
Trd, 8639897.832, 100
Trd, 8639899.082, 99
Trd, 8639900.482, 98
Trd, 8639902.232, 101
Trd, 8639904.332, 91
Trd, 8639904.982, 92
Trd, 8639906.032, 96
Trd, 8639906.532, 96
Trd, 8639909.282, 99
Trd, 8639910.832, 95
Trd, 8639914.782, 96
Trd, 8639914.982, 95
Trd, 8639916.082, 101
Trd, 8639916.232, 94
Trd, 8639917.882, 100
Trd, 8639919.782, 96
Trd, 8639920.882, 101
Trd, 8639921.132, 97
Trd, 8639921.982, 96
Trd, 8639925.982, 114
Trd, 8639926.682, 112
Trd, 8639926.732, 111
Trd, 8639930.482, 103
Trd, 8639930.982, 108
Trd, 8639931.432, 108
Trd, 8639932.082, 109
Trd, 8639932.182, 86
Trd, 8639932.532, 87
Trd, 8639937.032, 101
Trd, 8639940.032, 111
Trd, 8639941.032, 112
Trd, 8639942.482, 95
Trd, 8639944.282, 92
Trd, 8639945.182, 97
Trd, 8639947.482, 105
Trd, 8639948.082, 100
Trd, 8639948.532, 99
Trd, 8639950.532, 102
Trd, 8639951.082, 103
Trd, 8639952.382, 99
Trd, 8639953.432, 99
Trd, 8639955.632, 102
Trd, 8639956.882, 113
Trd, 8639958.432, 104
Trd, 8639960.582, 109
Trd, 8639960.632, 108
Trd, 8639960.982, 104
Trd, 8639963.082, 90
Trd, 8639965.382, 110
Trd, 8639967.032, 91
Trd, 8639967.482, 112
Trd, 8639968.132, 94
Trd, 8639970.232, 104
Trd, 8639971.232, 104
Trd, 8639971.582, 103
Trd, 8639973.482, 96
Trd, 8639973.882, 96
Trd, 8639975.132, 95
Trd, 8639975.632, 97
Trd, 8639979.582, 105
Trd, 8639981.832, 106
Trd, 8639981.882, 105
Trd, 8639983.282, 108
Trd, 8639983.982, 110
Trd, 8639985.382, 105
Trd, 8639986.332, 114
Trd, 8639990.532, 105
Trd, 8639991.332, 108
Trd, 8639991.532, 107
Trd, 8639992.982, 105
Trd, 8639993.932, 111
Trd, 8639994.632, 110
Trd, 8639996.132, 96
Trd, 8639998.482, 119
Trd, 8639998.732, 115
