Trd, 8637913.682, 101
Trd, 8637916.132, 105
Trd, 8637916.482, 104
Trd, 8637919.132, 99
Trd, 8637919.732, 124
Trd, 8637921.882, 112
Trd, 8637922.782, 113
Trd, 8637923.182, 113
Trd, 8637926.032, 104
Trd, 8637926.432, 120
Trd, 8637927.732, 89
Trd, 8637928.482, 96
Trd, 8637930.882, 92
Trd, 8637931.432, 117
Trd, 8637932.432, 95
Trd, 8637934.382, 90
Trd, 8637936.332, 95
Trd, 8637936.632, 98
Trd, 8637938.782, 100
Trd, 8637939.882, 96
Trd, 8637940.382, 97
Trd, 8637940.482, 95
Trd, 8637943.882, 99
Trd, 8637945.132, 95
Trd, 8637945.282, 87
Trd, 8637945.782, 86
Trd, 8637948.582, 102
Trd, 8637949.782, 102
Trd, 8637951.132, 100
Trd, 8637951.182, 98
Trd, 8637953.482, 113
Trd, 8637955.082, 102
Trd, 8637955.732, 112
Trd, 8637956.182, 97
Trd, 8637957.282, 98
Trd, 8637958.582, 111
Trd, 8637959.332, 111
Trd, 8637960.882, 96
Trd, 8637962.482, 130
Trd, 8637963.082, 93
Trd, 8637964.282, 116
Trd, 8637965.932, 101
Trd, 8637968.482, 110
Trd, 8637968.632, 112
Trd, 8637969.332, 107
Trd, 8637969.782, 107
Trd, 8637972.282, 103
Trd, 8637974.882, 104
Trd, 8637975.332, 114
Trd, 8637976.932, 101
Trd, 8637978.382, 103
Trd, 8637978.432, 104
Trd, 8637979.232, 104
Trd, 8637979.932, 95
Trd, 8637981.182, 102
Trd, 8637982.232, 81
Trd, 8637982.982, 101
Trd, 8637983.932, 89
Trd, 8637987.332, 110
Trd, 8637989.682, 104
Trd, 8637989.832, 105
Trd, 8637989.932, 106
Trd, 8637989.982, 103
Trd, 8637990.182, 95
Trd, 8637994.382, 117
Trd, 8637994.782, 116
Trd, 8637995.032, 94
Trd, 8637995.682, 94
Trd, 8637999.132, 98
Trd, 8638000.332, 99
Trd, 8638001.382, 98
Trd, 8638001.782, 100
Trd, 8638002.232, 102
Trd, 8638003.232, 121
Trd, 8638004.682, 118
Trd, 8638005.032, 90
Trd, 8638005.982, 90
Trd, 8638007.482, 89
Trd, 8638007.882, 116
Trd, 8638008.782, 115
Trd, 8638012.132, 120
Trd, 8638012.232, 97
Trd, 8638013.432, 100
Trd, 8638015.282, 115
Trd, 8638017.182, 114
Trd, 8638017.782, 95
Trd, 8638019.832, 109
Trd, 8638021.582, 103
Trd, 8638022.782, 103
Trd, 8638023.032, 103
Trd, 8638023.182, 102
Trd, 8638024.132, 102
Trd, 8638024.332, 86
Trd, 8638026.532, 99
Trd, 8638029.432, 103
Trd, 8638029.582, 93
Trd, 8638029.932, 93
Trd, 8638030.432, 103
Trd, 8638034.632, 115
Trd, 8638035.882, 101
Trd, 8638035.932, 109
Trd, 8638036.632, 100
Trd, 8638038.682, 103
Trd, 8638039.382, 96
Trd, 8638039.582, 104
Trd, 8638039.732, 86
Trd, 8638043.632, 87
Trd, 8638044.382, 89
Trd, 8638046.682, 110
Trd, 8638048.582, 111
Trd, 8638050.932, 118
Trd, 8638051.332, 119
Trd, 8638051.732, 106
Trd, 8638052.382, 104
Trd, 8638053.482, 95
Trd, 8638054.182, 115
Trd, 8638054.482, 78
Trd, 8638054.582, 116
Trd, 8638059.432, 69
Trd, 8638059.782, 71
Trd, 8638060.082, 86
Trd, 8638060.482, 77
Trd, 8638062.232, 81
Trd, 8638063.982, 90
Trd, 8638065.332, 95
Trd, 8638066.282, 102
Trd, 8638067.682, 95
Trd, 8638067.932, 95
Trd, 8638068.382, 93
Trd, 8638070.282, 100
Trd, 8638071.182, 104
Trd, 8638072.332, 73
Trd, 8638075.232, 114
Trd, 8638075.932, 113
Trd, 8638077.582, 94
Trd, 8638078.282, 110
Trd, 8638078.382, 94
Trd, 8638081.082, 102
Trd, 8638081.232, 103
Trd, 8638083.182, 102
Trd, 8638084.932, 119
Trd, 8638085.832, 118
Trd, 8638086.282, 108
Trd, 8638087.482, 109
Trd, 8638090.932, 89
Trd, 8638092.032, 101
Trd, 8638092.082, 105
Trd, 8638094.082, 95
Trd, 8638095.132, 104
Trd, 8638095.682, 104
Trd, 8638097.432, 94
Trd, 8638097.882, 101
Trd, 8638099.032, 139
Trd, 8638100.582, 98
Trd, 8638100.932, 97
Trd, 8638104.632, 99
Trd, 8638105.732, 101
Trd, 8638106.382, 100
Trd, 8638106.782, 97
Trd, 8638109.032, 100
Trd, 8638110.382, 101
Trd, 8638111.332, 125
Trd, 8638111.932, 105
Trd, 8638112.132, 103
Trd, 8638113.232, 95
Trd, 8638114.532, 129
Trd, 8638114.982, 130
Trd, 8638115.982, 86
Trd, 8638120.082, 110
Trd, 8638121.082, 104
Trd, 8638121.282, 104
Trd, 8638121.482, 104
Trd, 8638122.582, 95
Trd, 8638124.182, 103
Trd, 8638125.232, 102
Trd, 8638128.032, 96
Trd, 8638128.532, 97
Trd, 8638129.532, 97
Trd, 8638131.532, 92
Trd, 8638132.432, 95
Trd, 8638133.282, 95
Trd, 8638134.232, 104
Trd, 8638135.082, 97
Trd, 8638135.932, 96
Trd, 8638136.732, 114
Trd, 8638137.882, 112
Trd, 8638138.532, 121
Trd, 8638142.682, 105
Trd, 8638144.982, 107
Trd, 8638145.382, 107
Trd, 8638145.532, 108
Trd, 8638146.282, 104
Trd, 8638146.532, 127
Trd, 8638148.582, 82
Trd, 8638149.882, 85
Trd, 8638151.532, 84
Trd, 8638151.632, 123
Trd, 8638152.032, 124
Trd, 8638154.532, 87
Trd, 8638156.382, 112
Trd, 8638157.682, 109
Trd, 8638158.382, 98
Trd, 8638158.482, 111
Trd, 8638159.282, 87
Trd, 8638159.732, 87
Trd, 8638162.582, 105
Trd, 8638165.532, 94
Trd, 8638165.782, 95
Trd, 8638165.882, 94
Trd, 8638166.882, 122
Trd, 8638168.932, 84
Trd, 8638168.982, 83
Trd, 8638169.132, 86
Trd, 8638170.282, 95
Trd, 8638171.782, 118
Trd, 8638172.432, 80
Trd, 8638174.882, 83
Trd, 8638175.632, 81
Trd, 8638175.682, 114
Trd, 8638175.732, 117
Trd, 8638180.032, 86
Trd, 8638181.132, 97
Trd, 8638182.132, 90
Trd, 8638183.282, 97
Trd, 8638184.732, 94
Trd, 8638185.382, 94
Trd, 8638185.682, 95
Trd, 8638188.782, 91
Trd, 8638189.832, 89
Trd, 8638190.482, 93
Trd, 8638191.682, 104
Trd, 8638193.132, 100
Trd, 8638195.932, 107
Trd, 8638196.632, 105
Trd, 8638197.332, 105
Trd, 8638197.432, 108
Trd, 8638198.732, 104
Trd, 8638200.432, 95
Trd, 8638201.982, 116
Trd, 8638202.832, 113
Trd, 8638204.032, 86
Trd, 8638205.032, 89
Trd, 8638205.532, 91
Trd, 8638205.682, 109
Trd, 8638206.282, 109
Trd, 8638211.082, 104
Trd, 8638211.232, 105
Trd, 8638211.282, 96
Trd, 8638212.782, 89
Trd, 8638214.632, 121
Trd, 8638218.232, 107
Trd, 8638218.382, 118
Trd, 8638218.482, 106
Trd, 8638219.582, 121
Trd, 8638220.382, 98
Trd, 8638221.982, 121
Trd, 8638224.132, 102
Trd, 8638225.382, 95
Trd, 8638227.482, 67
Trd, 8638228.532, 68
Trd, 8638230.582, 74
Trd, 8638231.332, 82
Trd, 8638233.632, 102
Trd, 8638236.182, 99
Trd, 8638236.432, 102
Trd, 8638236.532, 104
Trd, 8638240.382, 116
Trd, 8638240.732, 112
Trd, 8638241.132, 111
Trd, 8638242.732, 97
Trd, 8638243.382, 119
Trd, 8638244.882, 118
Trd, 8638245.182, 97
Trd, 8638246.582, 96
Trd, 8638247.082, 114
Trd, 8638249.132, 96
Trd, 8638251.982, 101
Trd, 8638252.482, 101
Trd, 8638252.732, 100
Trd, 8638255.582, 119
Trd, 8638255.632, 103
Trd, 8638256.782, 117
Trd, 8638258.132, 109
Trd, 8638258.882, 113
Trd, 8638260.082, 114
Trd, 8638260.932, 99
Trd, 8638262.732, 97
Trd, 8638263.882, 119
Trd, 8638264.782, 103
Trd, 8638266.282, 112
Trd, 8638268.332, 108
Trd, 8638269.232, 109
Trd, 8638269.632, 110
Trd, 8638270.482, 95
Trd, 8638272.982, 88
Trd, 8638273.882, 112
Trd, 8638274.032, 113
Trd, 8638274.082, 88
Trd, 8638277.482, 95
Trd, 8638277.682, 108
Trd, 8638280.282, 103
Trd, 8638280.382, 105
Trd, 8638280.932, 105
Trd, 8638281.032, 100
Trd, 8638281.082, 106
Trd, 8638281.732, 99
Trd, 8638286.382, 95
Trd, 8638286.682, 110
Trd, 8638288.182, 112
Trd, 8638288.332, 103
Trd, 8638292.782, 109
Trd, 8638293.482, 111
Trd, 8638294.082, 122
Trd, 8638294.282, 107
Trd, 8638295.932, 108
Trd, 8638297.582, 104
Trd, 8638297.682, 118
Trd, 8638298.532, 119
Trd, 8638303.232, 112
Trd, 8638303.532, 108
Trd, 8638303.882, 112
Trd, 8638304.032, 107
Trd, 8638305.082, 104
Trd, 8638306.432, 111
Trd, 8638308.182, 120
Trd, 8638309.182, 104
Trd, 8638311.882, 88
Trd, 8638314.382, 113
Trd, 8638314.432, 116
Trd, 8638316.032, 96
Trd, 8638317.732, 117
Trd, 8638318.182, 116
Trd, 8638318.432, 97
Trd, 8638321.382, 103
Trd, 8638321.832, 104
Trd, 8638322.432, 93
Trd, 8638322.732, 93
Trd, 8638325.782, 95
Trd, 8638325.982, 96
Trd, 8638326.132, 113
Trd, 8638327.082, 109
Trd, 8638332.682, 95
Trd, 8638332.882, 93
Trd, 8638332.932, 97
Trd, 8638333.382, 92
Trd, 8638334.082, 98
Trd, 8638335.732, 128
Trd, 8638338.632, 102
Trd, 8638339.732, 99
Trd, 8638341.332, 107
Trd, 8638342.382, 99
Trd, 8638342.682, 95
Trd, 8638343.932, 81
Trd, 8638345.832, 89
Trd, 8638346.032, 89
Trd, 8638346.532, 90
Trd, 8638346.682, 104
Trd, 8638346.882, 89
Trd, 8638349.282, 112
Trd, 8638349.832, 112
Trd, 8638350.432, 90
Trd, 8638350.932, 112
Trd, 8638354.132, 104
Trd, 8638355.032, 98
Trd, 8638355.882, 98
Trd, 8638356.432, 101
Trd, 8638357.832, 103
Trd, 8638358.482, 97
Trd, 8638361.132, 120
Trd, 8638361.482, 126
Trd, 8638361.882, 98
Trd, 8638362.482, 95
Trd, 8638366.232, 107
Trd, 8638368.232, 102
Trd, 8638368.732, 101
Trd, 8638369.182, 100
Trd, 8638369.382, 123
Trd, 8638370.582, 122
Trd, 8638371.532, 97
Trd, 8638372.232, 98
Trd, 8638376.182, 111
Trd, 8638377.582, 103
Trd, 8638377.932, 102
Trd, 8638378.382, 103
Trd, 8638378.582, 104
Trd, 8638378.782, 104
Trd, 8638379.182, 86
Trd, 8638380.682, 119
Trd, 8638380.882, 84
Trd, 8638383.282, 84
Trd, 8638385.182, 115
Trd, 8638386.782, 96
Trd, 8638388.032, 116
Trd, 8638389.782, 103
Trd, 8638389.882, 124
Trd, 8638391.432, 119
Trd, 8638393.682, 90
Trd, 8638395.232, 93
Trd, 8638395.432, 111
Trd, 8638396.282, 109
Trd, 8638397.232, 95
Trd, 8638397.832, 109
Trd, 8638401.182, 101
Trd, 8638402.282, 103
Trd, 8638402.482, 101
Trd, 8638403.182, 86
Trd, 8638406.482, 99
Trd, 8638406.832, 100
Trd, 8638407.782, 102
Trd, 8638409.632, 76
Trd, 8638411.932, 88
Trd, 8638412.732, 80
Trd, 8638413.132, 81
Trd, 8638414.632, 92
Trd, 8638416.682, 92
Trd, 8638417.082, 95
Trd, 8638417.682, 90
Trd, 8638418.382, 101
Trd, 8638423.132, 106
Trd, 8638423.332, 105
Trd, 8638425.332, 116
Trd, 8638425.982, 116
Trd, 8638428.332, 101
Trd, 8638429.182, 104
Trd, 8638429.482, 105
Trd, 8638430.182, 102
Trd, 8638431.082, 106
Trd, 8638433.182, 99
Trd, 8638435.132, 104
Trd, 8638435.282, 101
Trd, 8638436.582, 97
Trd, 8638437.332, 113
Trd, 8638440.082, 105
Trd, 8638440.832, 104
Trd, 8638441.132, 103
Trd, 8638441.632, 103
Trd, 8638441.732, 95
Trd, 8638442.232, 86
Trd, 8638445.982, 114
Trd, 8638446.582, 88
Trd, 8638446.782, 114
Trd, 8638447.582, 90
Trd, 8638450.332, 120
Trd, 8638450.782, 120
Trd, 8638450.932, 122
Trd, 8638451.182, 102
Trd, 8638452.732, 106
Trd, 8638455.332, 90
Trd, 8638455.782, 111
Trd, 8638458.832, 101
Trd, 8638459.432, 96
Trd, 8638461.232, 101
Trd, 8638461.432, 101
Trd, 8638461.532, 97
Trd, 8638461.682, 104
Trd, 8638462.382, 126
Trd, 8638463.682, 131
Trd, 8638463.882, 95
Trd, 8638466.032, 94
Trd, 8638466.232, 94
Trd, 8638467.632, 94
Trd, 8638470.832, 106
Trd, 8638471.032, 101
Trd, 8638471.432, 106
Trd, 8638471.732, 106
Trd, 8638474.382, 106
Trd, 8638475.782, 105
Trd, 8638475.882, 117
Trd, 8638476.782, 104
Trd, 8638476.932, 119
Trd, 8638479.532, 122
Trd, 8638480.582, 88
Trd, 8638481.782, 117
Trd, 8638484.932, 99
Trd, 8638487.082, 103
Trd, 8638487.682, 103
Trd, 8638487.982, 98
Trd, 8638488.382, 96
Trd, 8638489.682, 95
Trd, 8638493.582, 95
Trd, 8638493.732, 94
Trd, 8638494.182, 94
Trd, 8638494.282, 93
Trd, 8638496.282, 78
Trd, 8638496.732, 102
Trd, 8638497.382, 79
Trd, 8638498.682, 103
Trd, 8638499.082, 104
Trd, 8638499.182, 77
Trd, 8638503.082, 123
Trd, 8638503.682, 120
Trd, 8638506.732, 69
Trd, 8638506.982, 70
Trd, 8638507.482, 79
Trd, 8638508.382, 76
Trd, 8638508.532, 95
Trd, 8638510.932, 88
Trd, 8638512.982, 96
Trd, 8638513.382, 98
Trd, 8638515.832, 95
Trd, 8638516.832, 98
Trd, 8638520.732, 110
Trd, 8638521.432, 106
Trd, 8638522.382, 108
Trd, 8638523.382, 107
Trd, 8638525.232, 106
Trd, 8638526.382, 104
Trd, 8638526.632, 118
Trd, 8638527.682, 114
Trd, 8638527.832, 116
Trd, 8638528.182, 97
Trd, 8638529.632, 97
Trd, 8638531.282, 126
Trd, 8638532.582, 96
Trd, 8638532.882, 126
Trd, 8638534.382, 99
Trd, 8638536.982, 112
Trd, 8638538.532, 106
Trd, 8638540.132, 98
Trd, 8638541.332, 100
Trd, 8638541.632, 99
Trd, 8638541.732, 100
Trd, 8638541.782, 122
Trd, 8638543.832, 120
Trd, 8638545.282, 119
Trd, 8638545.482, 92
Trd, 8638546.682, 93
Trd, 8638548.432, 112
Trd, 8638549.632, 101
Trd, 8638550.482, 113
Trd, 8638551.332, 105
Trd, 8638554.682, 107
Trd, 8638555.282, 107
Trd, 8638555.532, 104
Trd, 8638555.682, 108
Trd, 8638556.282, 90
Trd, 8638558.582, 92
Trd, 8638559.282, 114
Trd, 8638560.282, 115
Trd, 8638562.432, 119
Trd, 8638563.282, 102
Trd, 8638563.732, 101
Trd, 8638565.532, 95
Trd, 8638565.932, 112
Trd, 8638568.382, 94
Trd, 8638568.882, 99
Trd, 8638570.682, 95
Trd, 8638571.632, 96
Trd, 8638571.982, 96
Trd, 8638573.032, 96
Trd, 8638574.882, 100
Trd, 8638575.582, 101
Trd, 8638576.132, 101
Trd, 8638576.432, 100
Trd, 8638578.532, 87
Trd, 8638580.532, 92
Trd, 8638581.032, 100
Trd, 8638581.132, 104
Trd, 8638582.632, 91
Trd, 8638584.432, 95
Trd, 8638585.132, 121
Trd, 8638587.332, 111
Trd, 8638589.232, 97
Trd, 8638592.132, 100
Trd, 8638592.882, 101
Trd, 8638593.982, 101
Trd, 8638594.332, 100
Trd, 8638594.482, 104
Trd, 8638595.532, 122
Trd, 8638596.832, 111
Trd, 8638599.032, 93
Trd, 8638599.932, 93
Trd, 8638600.582, 87
Trd, 8638602.282, 101
Trd, 8638602.432, 102
Trd, 8638604.482, 99
Trd, 8638605.632, 103
Trd, 8638605.932, 103
Trd, 8638605.982, 104
Trd, 8638607.632, 99
Trd, 8638609.132, 124
Trd, 8638610.032, 130
Trd, 8638611.132, 101
Trd, 8638612.082, 98
Trd, 8638613.132, 98
Trd, 8638613.882, 122
Trd, 8638614.132, 125
Trd, 8638615.332, 96
Trd, 8638619.582, 105
Trd, 8638619.882, 104
Trd, 8638620.182, 104
Trd, 8638621.482, 103
Trd, 8638621.982, 102
Trd, 8638622.982, 97
Trd, 8638624.082, 95
Trd, 8638625.832, 91
Trd, 8638626.182, 92
Trd, 8638628.382, 95
Trd, 8638628.632, 121
Trd, 8638629.232, 99
Trd, 8638629.882, 97
Trd, 8638633.482, 114
Trd, 8638634.932, 91
Trd, 8638636.782, 90
Trd, 8638638.332, 101
Trd, 8638639.032, 100
Trd, 8638639.982, 120
Trd, 8638640.182, 102
Trd, 8638640.232, 98
Trd, 8638643.532, 116
Trd, 8638643.582, 99
Trd, 8638645.682, 110
Trd, 8638647.182, 104
Trd, 8638647.632, 104
Trd, 8638647.882, 86
Trd, 8638650.132, 103
Trd, 8638650.432, 81
Trd, 8638651.182, 122
Trd, 8638652.782, 85
Trd, 8638652.982, 118
Trd, 8638655.882, 83
Trd, 8638658.832, 87
Trd, 8638659.632, 86
Trd, 8638660.632, 93
Trd, 8638661.132, 82
Trd, 8638662.582, 95
Trd, 8638664.332, 88
Trd, 8638665.282, 93
Trd, 8638666.182, 91
Trd, 8638667.082, 95
Trd, 8638667.632, 104
Trd, 8638669.282, 120
Trd, 8638670.432, 99
Trd, 8638670.832, 118
Trd, 8638672.582, 99
Trd, 8638674.382, 120
Trd, 8638674.732, 100
Trd, 8638675.532, 95
Trd, 8638675.832, 123
Trd, 8638680.432, 82
Trd, 8638681.232, 119
Trd, 8638681.382, 121
Trd, 8638684.632, 98
Trd, 8638684.982, 94
Trd, 8638687.782, 107
Trd, 8638689.032, 105
Trd, 8638689.182, 83
Trd, 8638690.982, 85
Trd, 8638692.082, 118
Trd, 8638695.032, 111
Trd, 8638695.232, 97
Trd, 8638698.182, 105
Trd, 8638698.332, 107
Trd, 8638699.432, 107
Trd, 8638699.732, 121
Trd, 8638702.632, 119
Trd, 8638702.682, 107
Trd, 8638703.382, 97
Trd, 8638706.632, 119
Trd, 8638706.832, 102
Trd, 8638708.482, 109
Trd, 8638709.632, 104
Trd, 8638711.232, 103
Trd, 8638711.832, 103
Trd, 8638712.482, 104
Trd, 8638713.582, 106
Trd, 8638713.932, 95
Trd, 8638717.182, 99
Trd, 8638718.332, 97
Trd, 8638718.782, 92
Trd, 8638718.882, 99
Trd, 8638721.282, 103
Trd, 8638723.032, 98
Trd, 8638724.132, 99
Trd, 8638724.632, 104
Trd, 8638727.682, 125
Trd, 8638728.332, 105
Trd, 8638728.482, 104
Trd, 8638729.682, 119
Trd, 8638730.932, 105
Trd, 8638731.432, 120
Trd, 8638734.032, 106
Trd, 8638734.832, 104
Trd, 8638736.582, 110
Trd, 8638738.182, 109
Trd, 8638738.782, 95
Trd, 8638740.832, 96
Trd, 8638741.332, 105
Trd, 8638741.382, 95
Trd, 8638742.482, 103
Trd, 8638744.882, 100
Trd, 8638745.282, 100
Trd, 8638746.832, 86
Trd, 8638748.032, 78
Trd, 8638749.032, 82
Trd, 8638749.082, 86
Trd, 8638750.782, 80
Trd, 8638753.132, 91
Trd, 8638753.482, 91
Trd, 8638754.082, 92
Trd, 8638755.332, 92
Trd, 8638757.482, 95
Trd, 8638758.382, 92
Trd, 8638758.432, 91
Trd, 8638761.332, 91
Trd, 8638761.482, 95
Trd, 8638761.582, 104
Trd, 8638762.082, 91
Trd, 8638762.932, 90
Trd, 8638765.532, 108
Trd, 8638767.332, 119
Trd, 8638768.882, 101
Trd, 8638769.282, 114
Trd, 8638770.182, 112
Trd, 8638770.932, 106
Trd, 8638771.432, 104
Trd, 8638773.482, 84
Trd, 8638777.582, 93
Trd, 8638777.832, 93
Trd, 8638778.132, 93
Trd, 8638779.332, 94
Trd, 8638779.632, 95
Trd, 8638780.532, 83
Trd, 8638782.232, 97
Trd, 8638784.332, 97
Trd, 8638784.932, 97
Trd, 8638786.582, 97
Trd, 8638787.332, 100
Trd, 8638787.882, 99
Trd, 8638787.982, 100
Trd, 8638788.732, 99
Trd, 8638789.682, 94
Trd, 8638790.632, 99
Trd, 8638792.632, 93
Trd, 8638792.782, 101
Trd, 8638794.882, 99
Trd, 8638795.232, 99
Trd, 8638796.582, 102
Trd, 8638796.982, 104
Trd, 8638797.032, 103
Trd, 8638798.932, 122
Trd, 8638801.982, 104
Trd, 8638803.082, 116
Trd, 8638804.082, 116
Trd, 8638805.532, 104
Trd, 8638806.832, 104
Trd, 8638807.782, 112
Trd, 8638810.032, 104
Trd, 8638810.832, 99
Trd, 8638812.482, 98
Trd, 8638812.632, 104
Trd, 8638814.032, 120
Trd, 8638816.082, 95
Trd, 8638817.132, 106
Trd, 8638818.932, 100
Trd, 8638819.632, 103
Trd, 8638820.732, 118
Trd, 8638822.082, 105
Trd, 8638822.732, 119
Trd, 8638824.282, 106
Trd, 8638824.732, 105
Trd, 8638825.432, 105
Trd, 8638827.032, 106
Trd, 8638827.132, 109
Trd, 8638831.282, 111
Trd, 8638831.932, 110
Trd, 8638832.882, 104
Trd, 8638833.632, 96
Trd, 8638835.782, 104
Trd, 8638836.532, 93
Trd, 8638837.082, 91
Trd, 8638839.182, 96
Trd, 8638840.032, 104
Trd, 8638841.782, 121
Trd, 8638844.132, 105
Trd, 8638844.932, 106
Trd, 8638844.982, 119
Trd, 8638849.482, 114
Trd, 8638849.782, 82
Trd, 8638850.282, 83
Trd, 8638850.932, 110
Trd, 8638851.232, 83
Trd, 8638852.882, 87
Trd, 8638853.732, 99
Trd, 8638855.932, 103
Trd, 8638856.282, 86
Trd, 8638857.732, 103
Trd, 8638858.932, 87
Trd, 8638861.382, 125
Trd, 8638862.532, 100
Trd, 8638863.682, 116
Trd, 8638864.532, 114
Trd, 8638865.032, 103
Trd, 8638868.182, 103
Trd, 8638868.482, 104
Trd, 8638868.832, 105
Trd, 8638869.382, 105
Trd, 8638869.832, 104
Trd, 8638869.982, 121
Trd, 8638872.832, 117
Trd, 8638873.032, 89
Trd, 8638874.432, 92
Trd, 8638875.582, 105
Trd, 8638875.732, 94
Trd, 8638877.782, 103
Trd, 8638879.682, 102
Trd, 8638881.532, 99
Trd, 8638881.782, 98
Trd, 8638882.682, 98
Trd, 8638884.732, 100
Trd, 8638885.732, 100
Trd, 8638885.982, 95
Trd, 8638887.432, 96
Trd, 8638887.682, 98
Trd, 8638890.082, 71
Trd, 8638890.232, 76
Trd, 8638891.732, 80
Trd, 8638891.882, 131
Trd, 8638893.132, 130
Trd, 8638893.882, 104
Trd, 8638895.082, 95
Trd, 8638897.932, 117
Trd, 8638898.282, 91
Trd, 8638898.332, 122
Trd, 8638900.482, 90
Trd, 8638901.032, 89
Trd, 8638902.132, 94
Trd, 8638904.082, 104
Trd, 8638904.782, 103
Trd, 8638905.982, 104
Trd, 8638906.682, 106
Trd, 8638906.932, 125
Trd, 8638909.232, 117
Trd, 8638910.532, 106
Trd, 8638911.282, 96
Trd, 8638912.082, 95
Trd, 8638913.282, 106
Trd, 8638915.982, 98
Trd, 8638916.332, 98
Trd, 8638918.732, 116
Trd, 8638920.932, 98
Trd, 8638921.182, 119
Trd, 8638921.482, 120
Trd, 8638921.682, 96
Trd, 8638922.632, 121
Trd, 8638923.482, 97
Trd, 8638926.232, 97
Trd, 8638926.732, 119
Trd, 8638927.082, 120
Trd, 8638929.782, 100
Trd, 8638931.082, 100
Trd, 8638934.082, 112
Trd, 8638934.832, 102
Trd, 8638935.732, 110
Trd, 8638937.232, 105
Trd, 8638937.532, 105
Trd, 8638937.832, 104
Trd, 8638938.582, 104
Trd, 8638939.532, 103
Trd, 8638940.032, 88
Trd, 8638941.982, 82
Trd, 8638943.032, 102
Trd, 8638943.282, 78
Trd, 8638943.732, 103
Trd, 8638946.432, 83
Trd, 8638948.182, 117
Trd, 8638948.432, 91
Trd, 8638948.782, 129
Trd, 8638953.232, 123
Trd, 8638953.282, 106
Trd, 8638954.682, 104
Trd, 8638955.982, 116
Trd, 8638958.382, 99
Trd, 8638959.782, 106
Trd, 8638960.682, 88
Trd, 8638961.532, 103
Trd, 8638961.632, 88
Trd, 8638962.382, 104
Trd, 8638963.432, 89
Trd, 8638963.782, 122
Trd, 8638966.532, 119
Trd, 8638970.282, 107
Trd, 8638970.982, 104
Trd, 8638971.032, 95
Trd, 8638971.882, 105
Trd, 8638972.382, 87
Trd, 8638973.032, 102
Trd, 8638978.882, 98
Trd, 8638980.332, 100
Trd, 8638980.832, 101
Trd, 8638982.082, 97
Trd, 8638982.732, 100
Trd, 8638982.882, 86
Trd, 8638983.182, 101
Trd, 8638984.432, 104
Trd, 8638984.632, 78
Trd, 8638986.282, 80
Trd, 8638986.832, 81
Trd, 8638989.232, 95
Trd, 8638990.932, 90
Trd, 8638992.432, 112
Trd, 8638994.582, 103
Trd, 8638994.832, 106
Trd, 8638995.132, 107
Trd, 8638996.532, 102
Trd, 8638996.682, 100
Trd, 8639000.132, 100
Trd, 8639000.782, 104
Trd, 8639001.082, 104
Trd, 8639002.132, 104
Trd, 8639002.482, 102
Trd, 8639004.132, 118
Trd, 8639004.182, 119
Trd, 8639004.632, 101
Trd, 8639007.332, 114
Trd, 8639007.632, 104
Trd, 8639010.482, 104
Trd, 8639010.532, 104
Trd, 8639011.332, 102
Trd, 8639011.532, 123
Trd, 8639012.982, 86
Trd, 8639013.582, 124
Trd, 8639016.282, 70
Trd, 8639019.882, 72
Trd, 8639020.682, 94
Trd, 8639020.882, 77
Trd, 8639021.982, 81
Trd, 8639023.232, 94
Trd, 8639025.532, 92
Trd, 8639026.632, 95
Trd, 8639026.732, 104
Trd, 8639028.282, 96
Trd, 8639029.932, 95
Trd, 8639030.382, 118
Trd, 8639030.932, 119
Trd, 8639031.732, 118
Trd, 8639032.782, 91
Trd, 8639033.582, 86
Trd, 8639037.232, 117
Trd, 8639038.932, 114
Trd, 8639040.782, 102
Trd, 8639041.832, 102
Trd, 8639042.732, 95
Trd, 8639043.082, 104
Trd, 8639044.932, 103
Trd, 8639046.832, 99
Trd, 8639047.432, 93
Trd, 8639048.732, 96
Trd, 8639049.232, 95
Trd, 8639050.482, 95
Trd, 8639050.982, 120
Trd, 8639051.832, 118
Trd, 8639053.282, 92
Trd, 8639055.082, 109
Trd, 8639055.382, 110
Trd, 8639056.432, 92
Trd, 8639059.632, 97
Trd, 8639060.082, 116
Trd, 8639062.982, 87
Trd, 8639063.082, 86
Trd, 8639063.882, 104
Trd, 8639064.482, 106
Trd, 8639066.282, 103
Trd, 8639067.232, 98
Trd, 8639067.982, 99
Trd, 8639068.082, 100
Trd, 8639068.582, 94
Trd, 8639069.982, 97
Trd, 8639070.682, 131
Trd, 8639074.282, 118
Trd, 8639074.782, 103
Trd, 8639075.282, 103
Trd, 8639078.882, 104
Trd, 8639079.982, 103
Trd, 8639080.182, 90
Trd, 8639080.482, 103
Trd, 8639082.032, 93
Trd, 8639084.082, 94
Trd, 8639084.982, 95
Trd, 8639085.082, 103
Trd, 8639087.282, 99
Trd, 8639087.882, 104
Trd, 8639088.182, 123
Trd, 8639090.032, 134
Trd, 8639092.232, 104
Trd, 8639092.882, 102
Trd, 8639094.482, 97
Trd, 8639094.632, 120
Trd, 8639096.682, 97
Trd, 8639099.082, 99
Trd, 8639099.832, 100
Trd, 8639103.632, 109
Trd, 8639104.132, 105
Trd, 8639104.182, 103
Trd, 8639105.282, 104
Trd, 8639105.732, 103
Trd, 8639108.482, 92
Trd, 8639110.282, 110
Trd, 8639110.982, 99
Trd, 8639112.882, 106
Trd, 8639113.432, 104
Trd, 8639113.932, 104
Trd, 8639114.932, 104
Trd, 8639115.682, 103
Trd, 8639116.882, 103
Trd, 8639117.732, 96
Trd, 8639117.882, 102
Trd, 8639118.382, 104
Trd, 8639120.332, 99
Trd, 8639122.132, 121
Trd, 8639125.632, 109
Trd, 8639125.832, 107
Trd, 8639125.932, 95
Trd, 8639127.382, 104
Trd, 8639128.032, 107
Trd, 8639130.132, 90
Trd, 8639131.882, 114
Trd, 8639132.432, 117
Trd, 8639132.882, 101
Trd, 8639133.782, 121
Trd, 8639134.482, 120
Trd, 8639134.632, 101
Trd, 8639135.732, 96
Trd, 8639139.682, 107
Trd, 8639140.982, 103
Trd, 8639141.232, 103
Trd, 8639141.682, 104
Trd, 8639141.732, 103
Trd, 8639142.732, 95
Trd, 8639144.182, 102
Trd, 8639145.082, 103
Trd, 8639146.332, 96
Trd, 8639147.832, 95
Trd, 8639149.482, 88
Trd, 8639151.132, 81
Trd, 8639152.482, 86
Trd, 8639152.832, 89
Trd, 8639156.332, 89
Trd, 8639157.782, 85
Trd, 8639157.932, 73
Trd, 8639159.382, 76
Trd, 8639161.382, 86
Trd, 8639162.332, 91
Trd, 8639162.582, 92
Trd, 8639162.982, 92
Trd, 8639163.232, 122
Trd, 8639165.382, 91
Trd, 8639165.732, 127
Trd, 8639166.382, 127
Trd, 8639166.782, 92
Trd, 8639169.132, 127
Trd, 8639169.982, 126
Trd, 8639170.482, 107
Trd, 8639172.782, 91
Trd, 8639174.582, 115
Trd, 8639175.382, 97
Trd, 8639176.182, 114
Trd, 8639178.482, 97
Trd, 8639180.382, 104
Trd, 8639180.732, 102
Trd, 8639181.232, 104
Trd, 8639181.482, 104
Trd, 8639182.782, 95
Trd, 8639184.182, 99
Trd, 8639184.732, 81
Trd, 8639186.882, 93
Trd, 8639187.282, 94
Trd, 8639191.482, 95
Trd, 8639193.132, 108
Trd, 8639193.232, 109
Trd, 8639193.382, 95
Trd, 8639193.832, 96
Trd, 8639195.582, 111
Trd, 8639196.882, 104
Trd, 8639197.232, 111
Trd, 8639199.132, 140
Trd, 8639201.432, 104
Trd, 8639202.582, 105
Trd, 8639203.982, 104
Trd, 8639204.782, 102
Trd, 8639205.782, 121
Trd, 8639207.382, 120
Trd, 8639208.182, 100
Trd, 8639209.532, 100
Trd, 8639210.382, 99
Trd, 8639212.332, 100
Trd, 8639214.332, 109
Trd, 8639214.632, 110
Trd, 8639214.932, 91
Trd, 8639216.082, 86
Trd, 8639217.832, 101
Trd, 8639218.582, 99
Trd, 8639219.782, 99
Trd, 8639220.332, 91
Trd, 8639222.332, 126
Trd, 8639222.432, 95
Trd, 8639224.732, 127
Trd, 8639226.482, 104
Trd, 8639229.182, 112
Trd, 8639229.382, 107
Trd, 8639230.732, 107
Trd, 8639231.082, 108
Trd, 8639231.232, 95
Trd, 8639232.532, 87
Trd, 8639233.082, 123
Trd, 8639234.682, 93
Trd, 8639235.982, 121
Trd, 8639238.032, 115
Trd, 8639238.082, 97
Trd, 8639240.882, 109
Trd, 8639241.782, 106
Trd, 8639241.832, 107
Trd, 8639242.232, 106
Trd, 8639243.732, 96
Trd, 8639245.632, 89
Trd, 8639246.682, 100
Trd, 8639247.582, 96
Trd, 8639248.532, 95
Trd, 8639248.982, 96
Trd, 8639251.082, 99
Trd, 8639251.532, 104
Trd, 8639254.432, 105
Trd, 8639255.532, 104
Trd, 8639256.882, 104
Trd, 8639257.382, 110
Trd, 8639257.482, 111
Trd, 8639260.632, 104
Trd, 8639261.482, 104
Trd, 8639261.782, 95
Trd, 8639262.582, 102
Trd, 8639262.982, 86
Trd, 8639264.832, 83
Trd, 8639265.132, 100
Trd, 8639266.732, 140
Trd, 8639267.832, 104
Trd, 8639269.032, 118
Trd, 8639270.132, 120
Trd, 8639271.782, 119
Trd, 8639273.382, 108
Trd, 8639274.432, 106
Trd, 8639275.432, 97
Trd, 8639277.382, 119
Trd, 8639278.032, 99
Trd, 8639278.182, 120
Trd, 8639279.182, 100
Trd, 8639283.732, 111
Trd, 8639283.982, 105
Trd, 8639284.132, 113
Trd, 8639285.082, 112
Trd, 8639286.282, 104
Trd, 8639287.082, 95
Trd, 8639291.732, 99
Trd, 8639292.182, 109
Trd, 8639292.232, 98
Trd, 8639292.382, 111
Trd, 8639293.732, 111
Trd, 8639296.682, 114
Trd, 8639297.032, 114
Trd, 8639298.182, 98
Trd, 8639299.482, 101
Trd, 8639300.382, 96
Trd, 8639300.532, 95
Trd, 8639301.432, 108
Trd, 8639304.682, 131
Trd, 8639305.532, 95
Trd, 8639306.182, 123
Trd, 8639307.732, 99
Trd, 8639309.432, 113
Trd, 8639310.482, 100
Trd, 8639311.132, 119
Trd, 8639311.532, 100
Trd, 8639312.582, 117
Trd, 8639315.682, 109
Trd, 8639316.932, 104
Trd, 8639318.982, 113
Trd, 8639320.632, 114
Trd, 8639320.882, 115
Trd, 8639321.282, 109
Trd, 8639324.132, 109
Trd, 8639325.682, 110
Trd, 8639327.532, 106
Trd, 8639329.082, 120
Trd, 8639329.932, 94
Trd, 8639330.232, 94
Trd, 8639333.882, 95
Trd, 8639334.232, 102
Trd, 8639334.532, 103
Trd, 8639335.182, 96
Trd, 8639335.232, 103
Trd, 8639337.132, 101
Trd, 8639337.532, 96
Trd, 8639339.682, 98
Trd, 8639340.682, 101
Trd, 8639341.132, 96
Trd, 8639343.532, 101
Trd, 8639345.132, 101
Trd, 8639345.632, 100
Trd, 8639347.982, 121
Trd, 8639348.382, 97
Trd, 8639349.582, 98
Trd, 8639349.732, 117
Trd, 8639351.682, 99
Trd, 8639354.432, 102
Trd, 8639356.482, 106
Trd, 8639357.282, 105
Trd, 8639358.532, 97
Trd, 8639358.732, 102
Trd, 8639359.682, 86
Trd, 8639362.782, 89
Trd, 8639363.532, 89
Trd, 8639365.082, 93
Trd, 8639365.182, 85
Trd, 8639366.082, 93
Trd, 8639367.082, 95
Trd, 8639368.132, 94
Trd, 8639371.832, 100
Trd, 8639371.882, 116
Trd, 8639372.482, 97
Trd, 8639374.032, 113
Trd, 8639374.482, 111
Trd, 8639376.982, 99
Trd, 8639379.332, 108
Trd, 8639379.632, 114
Trd, 8639380.532, 116
Trd, 8639383.132, 110
Trd, 8639383.182, 108
Trd, 8639385.632, 95
Trd, 8639385.682, 105
Trd, 8639386.632, 87
Trd, 8639388.332, 80
Trd, 8639389.532, 96
Trd, 8639391.382, 93
Trd, 8639392.432, 95
Trd, 8639392.482, 77
Trd, 8639397.982, 67
Trd, 8639398.482, 69
Trd, 8639399.282, 78
Trd, 8639399.882, 94
Trd, 8639401.932, 86
Trd, 8639402.132, 87
Trd, 8639403.232, 98
Trd, 8639405.482, 97
Trd, 8639406.782, 92
Trd, 8639409.032, 107
Trd, 8639410.232, 101
Trd, 8639410.482, 100
Trd, 8639410.882, 95
Trd, 8639411.382, 102
Trd, 8639413.132, 99
Trd, 8639414.182, 99
Trd, 8639414.832, 101
Trd, 8639415.932, 100
Trd, 8639416.032, 123
Trd, 8639416.532, 95
Trd, 8639420.782, 93
Trd, 8639421.732, 101
Trd, 8639421.882, 95
Trd, 8639423.182, 102
Trd, 8639425.632, 119
Trd, 8639426.182, 119
Trd, 8639426.632, 108
Trd, 8639427.432, 107
Trd, 8639427.482, 104
Trd, 8639429.582, 131
Trd, 8639432.732, 91
Trd, 8639435.482, 115
Trd, 8639436.182, 119
Trd, 8639437.232, 118
Trd, 8639437.732, 100
Trd, 8639438.032, 101
Trd, 8639440.082, 103
Trd, 8639441.982, 107
Trd, 8639443.382, 98
Trd, 8639443.482, 100
Trd, 8639444.582, 91
Trd, 8639446.282, 97
Trd, 8639450.382, 111
Trd, 8639450.982, 109
Trd, 8639451.082, 113
Trd, 8639451.682, 108
Trd, 8639452.032, 104
Trd, 8639452.682, 111
Trd, 8639454.782, 100
Trd, 8639457.082, 104
Trd, 8639457.832, 103
Trd, 8639458.432, 102
Trd, 8639458.832, 103
Trd, 8639459.182, 86
Trd, 8639459.332, 104
Trd, 8639462.332, 78
Trd, 8639463.282, 101
Trd, 8639464.032, 81
Trd, 8639465.532, 126
Trd, 8639467.682, 120
Trd, 8639469.182, 117
Trd, 8639469.582, 98
Trd, 8639469.732, 97
Trd, 8639473.232, 115
Trd, 8639473.782, 125
Trd, 8639476.632, 103
Trd, 8639477.182, 95
Trd, 8639480.032, 110
Trd, 8639480.782, 106
Trd, 8639481.232, 104
Trd, 8639481.732, 104
Trd, 8639482.382, 101
Trd, 8639483.882, 104
Trd, 8639484.132, 96
Trd, 8639484.632, 104
Trd, 8639486.582, 121
Trd, 8639488.382, 134
Trd, 8639488.982, 93
Trd, 8639490.532, 97
Trd, 8639494.032, 99
Trd, 8639494.982, 112
Trd, 8639495.632, 112
Trd, 8639496.482, 119
Trd, 8639497.032, 109
Trd, 8639499.182, 114
Trd, 8639500.232, 114
Trd, 8639500.432, 113
Trd, 8639500.782, 115
Trd, 8639504.132, 112
Trd, 8639505.532, 97
Trd, 8639505.732, 110
Trd, 8639506.132, 87
Trd, 8639508.382, 83
Trd, 8639509.482, 94
Trd, 8639511.632, 123
Trd, 8639513.682, 98
Trd, 8639513.882, 126
Trd, 8639516.082, 119
Trd, 8639518.132, 103
Trd, 8639519.082, 115
Trd, 8639519.332, 101
Trd, 8639521.432, 90
Trd, 8639521.482, 106
Trd, 8639523.082, 108
Trd, 8639524.782, 91
Trd, 8639525.532, 103
Trd, 8639527.632, 97
Trd, 8639529.632, 96
Trd, 8639530.132, 96
Trd, 8639530.882, 95
Trd, 8639531.182, 104
Trd, 8639535.182, 109
Trd, 8639535.982, 111
Trd, 8639537.532, 99
Trd, 8639537.832, 86
Trd, 8639538.032, 122
Trd, 8639538.132, 77
Trd, 8639541.182, 70
Trd, 8639541.782, 74
Trd, 8639542.332, 86
Trd, 8639543.282, 103
Trd, 8639543.382, 77
Trd, 8639544.382, 99
Trd, 8639547.432, 88
Trd, 8639548.832, 119
Trd, 8639550.882, 96
Trd, 8639551.032, 86
Trd, 8639552.232, 77
Trd, 8639553.032, 119
Trd, 8639556.532, 82
Trd, 8639556.682, 108
Trd, 8639558.282, 105
Trd, 8639558.982, 88
Trd, 8639559.482, 104
Trd, 8639562.882, 97
Trd, 8639563.182, 109
Trd, 8639565.132, 102
Trd, 8639565.832, 102
Trd, 8639566.232, 96
Trd, 8639567.032, 89
Trd, 8639569.732, 99
Trd, 8639571.182, 100
Trd, 8639571.232, 95
Trd, 8639573.032, 95
Trd, 8639574.582, 115
Trd, 8639576.232, 121
Trd, 8639577.332, 101
Trd, 8639577.532, 100
Trd, 8639578.432, 102
Trd, 8639578.682, 97
Trd, 8639580.732, 100
Trd, 8639580.782, 104
Trd, 8639581.782, 100
Trd, 8639583.882, 111
Trd, 8639584.932, 95
Trd, 8639585.882, 97
Trd, 8639587.382, 103
Trd, 8639589.182, 100
Trd, 8639591.232, 96
Trd, 8639591.532, 96
Trd, 8639592.782, 96
Trd, 8639592.832, 86
Trd, 8639593.082, 104
Trd, 8639594.132, 84
Trd, 8639595.282, 73
Trd, 8639598.632, 91
Trd, 8639600.932, 85
Trd, 8639602.582, 81
Trd, 8639604.182, 86
Trd, 8639606.532, 96
Trd, 8639606.782, 97
Trd, 8639607.032, 91
Trd, 8639609.732, 101
Trd, 8639610.082, 99
Trd, 8639610.982, 100
Trd, 8639612.682, 131
Trd, 8639613.232, 95
Trd, 8639614.132, 131
Trd, 8639616.432, 121
Trd, 8639617.932, 90
Trd, 8639620.332, 114
Trd, 8639622.032, 112
Trd, 8639622.582, 100
Trd, 8639625.432, 107
Trd, 8639626.232, 106
Trd, 8639626.532, 104
Trd, 8639626.982, 105
Trd, 8639627.932, 102
Trd, 8639628.282, 87
Trd, 8639628.632, 103
Trd, 8639634.932, 81
Trd, 8639635.532, 80
Trd, 8639636.032, 86
Trd, 8639636.532, 80
Trd, 8639636.982, 95
Trd, 8639638.682, 81
Trd, 8639639.232, 102
Trd, 8639642.632, 95
Trd, 8639642.882, 96
Trd, 8639643.632, 96
Trd, 8639643.982, 95
Trd, 8639644.382, 97
Trd, 8639644.682, 97
Trd, 8639647.082, 101
Trd, 8639648.232, 83
Trd, 8639649.432, 102
Trd, 8639650.082, 86
Trd, 8639652.782, 94
Trd, 8639654.782, 95
Trd, 8639656.132, 97
Trd, 8639656.632, 95
Trd, 8639657.482, 95
Trd, 8639657.932, 102
Trd, 8639658.732, 101
Trd, 8639660.032, 100
Trd, 8639660.482, 91
Trd, 8639662.232, 90
Trd, 8639662.832, 97
Trd, 8639665.882, 100
Trd, 8639666.382, 101
Trd, 8639666.932, 103
Trd, 8639667.232, 101
Trd, 8639671.132, 93
Trd, 8639671.282, 94
Trd, 8639672.232, 69
Trd, 8639674.732, 79
Trd, 8639675.082, 79
Trd, 8639675.732, 95
Trd, 8639678.632, 117
Trd, 8639679.032, 117
Trd, 8639679.132, 86
Trd, 8639679.532, 85
Trd, 8639681.382, 128
Trd, 8639685.282, 122
Trd, 8639687.182, 105
Trd, 8639688.232, 113
Trd, 8639688.382, 98
Trd, 8639689.282, 111
Trd, 8639690.532, 109
Trd, 8639691.682, 99
Trd, 8639692.182, 97
Trd, 8639695.132, 115
Trd, 8639696.132, 102
Trd, 8639696.582, 101
Trd, 8639697.682, 110
Trd, 8639699.532, 98
Trd, 8639701.482, 102
Trd, 8639702.082, 101
Trd, 8639702.432, 104
Trd, 8639704.082, 114
Trd, 8639705.132, 105
Trd, 8639705.482, 104
Trd, 8639706.782, 107
Trd, 8639708.782, 99
Trd, 8639709.482, 104
Trd, 8639711.232, 120
Trd, 8639712.332, 103
Trd, 8639713.132, 101
Trd, 8639715.582, 91
Trd, 8639716.482, 104
Trd, 8639716.682, 91
Trd, 8639717.682, 104
Trd, 8639719.482, 87
Trd, 8639722.632, 90
Trd, 8639723.182, 94
Trd, 8639724.182, 95
Trd, 8639724.782, 94
Trd, 8639726.632, 90
Trd, 8639726.832, 123
Trd, 8639727.332, 131
Trd, 8639732.782, 112
Trd, 8639733.582, 114
Trd, 8639733.632, 110
Trd, 8639734.182, 105
Trd, 8639734.782, 124
Trd, 8639736.082, 104
Trd, 8639738.632, 115
Trd, 8639738.882, 100
Trd, 8639739.532, 103
Trd, 8639739.932, 114
Trd, 8639740.582, 97
Trd, 8639742.782, 108
Trd, 8639746.432, 108
Trd, 8639747.132, 105
Trd, 8639747.582, 104
Trd, 8639748.382, 95
Trd, 8639749.532, 103
Trd, 8639749.882, 89
Trd, 8639751.032, 119
Trd, 8639751.232, 119
Trd, 8639751.482, 92
Trd, 8639757.232, 105
Trd, 8639758.482, 104
Trd, 8639758.832, 115
Trd, 8639759.182, 115
Trd, 8639760.382, 95
Trd, 8639760.982, 114
Trd, 8639761.432, 92
Trd, 8639765.382, 97
Trd, 8639767.832, 97
Trd, 8639768.732, 97
Trd, 8639769.032, 98
Trd, 8639771.832, 69
Trd, 8639773.582, 72
Trd, 8639777.232, 78
Trd, 8639777.982, 76
Trd, 8639778.382, 77
Trd, 8639778.982, 80
Trd, 8639780.282, 86
Trd, 8639780.632, 79
Trd, 8639780.682, 80
Trd, 8639782.532, 84
Trd, 8639782.982, 86
Trd, 8639784.032, 123
Trd, 8639784.982, 86
Trd, 8639786.582, 118
Trd, 8639788.982, 94
Trd, 8639789.232, 95
Trd, 8639789.982, 111
Trd, 8639791.932, 81
Trd, 8639792.432, 107
Trd, 8639793.582, 125
Trd, 8639797.582, 96
Trd, 8639798.282, 104
Trd, 8639798.832, 97
Trd, 8639799.132, 103
Trd, 8639799.932, 122
Trd, 8639802.182, 130
Trd, 8639802.632, 113
Trd, 8639806.732, 96
Trd, 8639807.082, 122
Trd, 8639807.382, 124
Trd, 8639808.282, 96
Trd, 8639809.782, 122
Trd, 8639810.382, 120
Trd, 8639810.532, 98
Trd, 8639811.482, 99
Trd, 8639811.632, 95
Trd, 8639815.482, 100
Trd, 8639816.382, 94
Trd, 8639816.782, 93
Trd, 8639816.932, 98
Trd, 8639817.282, 107
Trd, 8639821.182, 115
Trd, 8639822.282, 112
Trd, 8639822.332, 97
Trd, 8639826.832, 102
Trd, 8639827.632, 101
Trd, 8639827.732, 107
Trd, 8639828.432, 119
Trd, 8639830.882, 96
Trd, 8639831.932, 113
Trd, 8639833.782, 92
Trd, 8639835.282, 119
Trd, 8639836.082, 98
Trd, 8639836.932, 98
Trd, 8639837.232, 123
Trd, 8639837.332, 124
Trd, 8639841.682, 114
Trd, 8639842.532, 102
Trd, 8639842.582, 101
Trd, 8639844.132, 106
Trd, 8639845.482, 100
Trd, 8639846.082, 86
Trd, 8639846.682, 99
Trd, 8639849.882, 87
Trd, 8639849.982, 101
Trd, 8639850.632, 89
Trd, 8639854.282, 109
Trd, 8639854.832, 98
Trd, 8639855.732, 108
Trd, 8639856.632, 107
Trd, 8639858.232, 107
Trd, 8639859.032, 105
Trd, 8639859.582, 108
Trd, 8639860.682, 98
Trd, 8639861.282, 96
Trd, 8639863.832, 98
Trd, 8639864.182, 86
Trd, 8639865.132, 118
Trd, 8639865.382, 81
Trd, 8639868.382, 112
Trd, 8639868.882, 112
Trd, 8639869.582, 92
Trd, 8639872.632, 117
Trd, 8639873.782, 116
Trd, 8639874.032, 101
Trd, 8639874.182, 95
Trd, 8639876.132, 119
Trd, 8639877.182, 122
Trd, 8639877.282, 90
Trd, 8639878.632, 91
Trd, 8639881.682, 113
Trd, 8639883.132, 103
Trd, 8639884.432, 115
Trd, 8639886.332, 108
Trd, 8639886.832, 110
Trd, 8639887.932, 104
Trd, 8639888.632, 121
Trd, 8639889.382, 80
Trd, 8639889.582, 121
Trd, 8639890.482, 124
Trd, 8639891.632, 86
Trd, 8639892.232, 114
Trd, 8639895.282, 92
Trd, 8639898.232, 101
Trd, 8639898.432, 102
Trd, 8639899.032, 101
Trd, 8639899.632, 95
Trd, 8639900.032, 103
Trd, 8639900.632, 86
Trd, 8639901.082, 77
Trd, 8639901.482, 128
Trd, 8639905.432, 67
Trd, 8639906.582, 70
Trd, 8639906.832, 104
Trd, 8639908.582, 79
Trd, 8639909.182, 79
Trd, 8639910.182, 85
Trd, 8639911.182, 86
Trd, 8639911.332, 83
Trd, 8639913.482, 91
Trd, 8639914.282, 93
Trd, 8639915.982, 93
Trd, 8639917.382, 92
Trd, 8639917.882, 93
Trd, 8639921.282, 86
Trd, 8639921.732, 86
Trd, 8639922.882, 99
Trd, 8639925.432, 98
Trd, 8639925.832, 97
Trd, 8639926.232, 98
Trd, 8639926.782, 96
Trd, 8639926.882, 104
Trd, 8639927.532, 88
Trd, 8639933.082, 82
Trd, 8639933.382, 73
Trd, 8639934.982, 80
Trd, 8639936.282, 84
Trd, 8639938.382, 86
Trd, 8639938.732, 86
Trd, 8639938.832, 85
Trd, 8639939.482, 104
Trd, 8639941.032, 120
Trd, 8639942.182, 88
Trd, 8639945.782, 104
Trd, 8639945.832, 105
Trd, 8639947.082, 101
Trd, 8639948.232, 106
Trd, 8639948.982, 122
Trd, 8639950.182, 99
Trd, 8639950.432, 98
Trd, 8639951.532, 121
Trd, 8639952.682, 122
Trd, 8639953.432, 98
Trd, 8639954.632, 86
Trd, 8639956.982, 83
Trd, 8639957.132, 104
Trd, 8639959.632, 113
Trd, 8639960.032, 93
Trd, 8639963.382, 98
Trd, 8639963.682, 104
Trd, 8639964.182, 99
Trd, 8639965.082, 102
Trd, 8639968.282, 101
Trd, 8639968.482, 101
Trd, 8639968.832, 101
Trd, 8639969.082, 101
Trd, 8639969.682, 95
Trd, 8639971.082, 140
Trd, 8639972.582, 129
Trd, 8639973.382, 127
Trd, 8639974.232, 94
Trd, 8639975.982, 98
Trd, 8639977.782, 113
Trd, 8639980.432, 81
Trd, 8639980.582, 75
Trd, 8639981.282, 77
Trd, 8639982.282, 80
Trd, 8639982.332, 86
Trd, 8639982.382, 79
Trd, 8639983.332, 104
Trd, 8639986.932, 103
Trd, 8639988.782, 96
Trd, 8639989.382, 96
Trd, 8639989.832, 92
Trd, 8639990.232, 93
Trd, 8639992.082, 95
Trd, 8639992.532, 95
Trd, 8639993.032, 103
Trd, 8639993.282, 96
Trd, 8639994.382, 104
Trd, 8639996.432, 89
Trd, 8639998.832, 110
Trd, 8639999.232, 89
Trd, 8639999.482, 88
