Trd, 8637883.682, 107
Trd, 8637885.282, 106
Trd, 8637885.732, 105
Trd, 8637886.632, 104
Trd, 8637889.982, 94
Trd, 8637890.332, 96
Trd, 8637892.982, 104
Trd, 8637895.082, 108
Trd, 8637895.232, 108
Trd, 8637896.132, 107
Trd, 8637898.132, 107
Trd, 8637898.782, 107
Trd, 8637899.432, 108
Trd, 8637900.382, 107
Trd, 8637901.482, 105
Trd, 8637901.632, 104
Trd, 8637904.382, 99
Trd, 8637905.232, 100
Trd, 8637906.432, 104
Trd, 8637909.032, 108
Trd, 8637909.382, 109
Trd, 8637910.232, 108
Trd, 8637910.882, 108
Trd, 8637911.782, 104
Trd, 8637914.632, 102
Trd, 8637914.982, 101
Trd, 8637916.932, 104
Trd, 8637917.082, 103
Trd, 8637919.232, 104
Trd, 8637919.782, 105
Trd, 8637920.132, 106
Trd, 8637921.232, 105
Trd, 8637921.682, 105
Trd, 8637922.282, 104
Trd, 8637923.482, 98
Trd, 8637925.782, 101
Trd, 8637926.132, 101
Trd, 8637926.482, 102
Trd, 8637929.782, 100
Trd, 8637930.332, 102
Trd, 8637930.632, 101
Trd, 8637931.082, 101
Trd, 8637932.582, 100
Trd, 8637932.732, 100
Trd, 8637934.632, 96
Trd, 8637934.982, 96
Trd, 8637937.782, 93
Trd, 8637938.532, 94
Trd, 8637938.882, 94
Trd, 8637940.532, 98
Trd, 8637941.232, 98
Trd, 8637941.932, 97
Trd, 8637945.632, 91
Trd, 8637948.032, 96
Trd, 8637949.932, 91
Trd, 8637950.082, 91
Trd, 8637950.332, 90
Trd, 8637951.082, 88
Trd, 8637952.032, 88
Trd, 8637952.332, 89
Trd, 8637955.082, 98
Trd, 8637955.732, 101
Trd, 8637956.382, 99
Trd, 8637956.532, 99
Trd, 8637957.682, 98
Trd, 8637959.982, 106
Trd, 8637960.582, 104
Trd, 8637963.532, 96
Trd, 8637963.632, 95
Trd, 8637966.332, 95
Trd, 8637966.582, 94
Trd, 8637967.032, 95
Trd, 8637968.832, 99
Trd, 8637969.132, 98
Trd, 8637969.282, 95
Trd, 8637974.632, 97
Trd, 8637975.182, 99
Trd, 8637975.432, 99
Trd, 8637976.482, 99
Trd, 8637978.982, 103
Trd, 8637979.032, 102
Trd, 8637983.032, 101
Trd, 8637983.332, 102
Trd, 8637983.582, 102
Trd, 8637986.132, 98
Trd, 8637986.482, 99
Trd, 8637987.082, 98
Trd, 8637990.332, 105
Trd, 8637991.332, 95
Trd, 8637993.832, 95
Trd, 8637994.032, 96
Trd, 8637995.632, 99
Trd, 8637996.982, 102
Trd, 8637997.782, 101
Trd, 8638000.582, 99
Trd, 8638001.382, 99
Trd, 8638002.382, 98
Trd, 8638005.282, 105
Trd, 8638005.532, 105
Trd, 8638005.682, 104
Trd, 8638006.632, 99
Trd, 8638007.082, 97
Trd, 8638009.632, 99
Trd, 8638011.632, 102
Trd, 8638011.882, 100
Trd, 8638014.282, 99
Trd, 8638014.982, 99
Trd, 8638015.432, 99
Trd, 8638019.332, 100
Trd, 8638019.982, 101
Trd, 8638021.082, 102
Trd, 8638021.382, 101
Trd, 8638024.332, 112
Trd, 8638026.482, 115
Trd, 8638027.032, 114
Trd, 8638027.532, 113
Trd, 8638027.832, 112
Trd, 8638028.432, 111
Trd, 8638028.532, 104
Trd, 8638033.682, 101
Trd, 8638035.082, 98
Trd, 8638035.382, 97
Trd, 8638036.232, 98
Trd, 8638038.482, 97
Trd, 8638039.032, 96
Trd, 8638039.182, 95
Trd, 8638041.532, 89
Trd, 8638042.532, 88
Trd, 8638042.732, 89
Trd, 8638045.032, 94
Trd, 8638045.282, 95
Trd, 8638047.932, 92
Trd, 8638050.532, 97
Trd, 8638050.732, 96
Trd, 8638050.882, 96
Trd, 8638051.032, 96
Trd, 8638053.632, 97
Trd, 8638056.532, 95
Trd, 8638056.982, 95
Trd, 8638057.382, 95
Trd, 8638058.232, 78
Trd, 8638062.382, 82
Trd, 8638062.932, 84
Trd, 8638063.532, 84
Trd, 8638066.132, 88
Trd, 8638067.182, 90
Trd, 8638067.932, 91
Trd, 8638068.782, 95
Trd, 8638070.932, 101
Trd, 8638071.732, 101
Trd, 8638072.182, 100
Trd, 8638075.482, 94
Trd, 8638076.132, 97
Trd, 8638076.782, 97
Trd, 8638077.482, 96
Trd, 8638078.632, 96
Trd, 8638078.982, 96
Trd, 8638081.282, 98
Trd, 8638082.182, 101
Trd, 8638082.732, 95
Trd, 8638086.182, 95
Trd, 8638086.632, 95
Trd, 8638087.082, 96
Trd, 8638087.132, 92
Trd, 8638089.332, 90
Trd, 8638089.932, 92
Trd, 8638090.182, 91
Trd, 8638092.282, 91
Trd, 8638094.232, 94
Trd, 8638097.732, 98
Trd, 8638098.182, 101
Trd, 8638098.582, 102
Trd, 8638101.582, 106
Trd, 8638103.532, 111
Trd, 8638104.232, 111
Trd, 8638107.432, 104
Trd, 8638107.732, 104
Trd, 8638108.882, 102
Trd, 8638110.482, 84
Trd, 8638113.182, 97
Trd, 8638113.932, 96
Trd, 8638114.232, 95
Trd, 8638115.432, 88
Trd, 8638120.132, 104
Trd, 8638120.682, 104
Trd, 8638121.132, 104
Trd, 8638122.032, 104
Trd, 8638122.082, 104
Trd, 8638122.432, 103
Trd, 8638125.232, 82
Trd, 8638127.982, 88
Trd, 8638131.332, 104
Trd, 8638131.782, 104
Trd, 8638132.882, 102
Trd, 8638133.482, 101
Trd, 8638134.482, 100
Trd, 8638134.532, 97
Trd, 8638139.482, 98
Trd, 8638140.082, 97
Trd, 8638140.682, 96
Trd, 8638142.232, 98
Trd, 8638142.932, 99
Trd, 8638144.232, 102
Trd, 8638144.382, 101
Trd, 8638144.832, 100
Trd, 8638147.332, 103
Trd, 8638147.832, 102
Trd, 8638150.882, 103
Trd, 8638151.082, 103
Trd, 8638151.582, 103
Trd, 8638152.082, 102
Trd, 8638156.932, 101
Trd, 8638157.332, 101
Trd, 8638157.432, 101
Trd, 8638158.932, 102
Trd, 8638160.132, 104
Trd, 8638161.832, 106
Trd, 8638162.732, 107
Trd, 8638165.432, 101
Trd, 8638165.932, 100
Trd, 8638168.182, 93
Trd, 8638168.932, 93
Trd, 8638169.982, 96
Trd, 8638171.682, 98
Trd, 8638173.732, 99
Trd, 8638174.632, 100
Trd, 8638175.282, 101
Trd, 8638175.432, 101
Trd, 8638177.182, 102
Trd, 8638177.732, 103
Trd, 8638177.982, 102
Trd, 8638181.482, 88
Trd, 8638185.182, 95
Trd, 8638185.432, 95
Trd, 8638185.932, 95
Trd, 8638187.182, 97
Trd, 8638189.132, 102
Trd, 8638189.732, 102
Trd, 8638192.182, 98
Trd, 8638193.632, 102
Trd, 8638193.932, 102
Trd, 8638195.082, 102
Trd, 8638198.432, 112
Trd, 8638200.282, 112
Trd, 8638200.382, 112
Trd, 8638200.832, 111
Trd, 8638201.082, 104
Trd, 8638209.132, 106
Trd, 8638209.832, 105
Trd, 8638210.432, 105
Trd, 8638213.382, 104
Trd, 8638213.782, 103
Trd, 8638214.982, 102
Trd, 8638217.332, 106
Trd, 8638217.782, 106
Trd, 8638217.882, 106
Trd, 8638219.632, 106
Trd, 8638222.532, 102
Trd, 8638223.082, 102
Trd, 8638226.832, 93
Trd, 8638227.832, 93
Trd, 8638228.182, 92
Trd, 8638229.232, 95
Trd, 8638230.382, 96
Trd, 8638232.132, 102
Trd, 8638234.032, 109
Trd, 8638234.182, 110
Trd, 8638235.082, 109
Trd, 8638236.332, 104
Trd, 8638238.732, 104
Trd, 8638239.882, 106
Trd, 8638240.082, 105
Trd, 8638240.732, 106
Trd, 8638242.282, 105
Trd, 8638244.682, 98
Trd, 8638248.282, 106
Trd, 8638248.832, 106
Trd, 8638249.132, 105
Trd, 8638249.382, 104
Trd, 8638249.882, 104
Trd, 8638251.082, 100
Trd, 8638251.932, 102
Trd, 8638252.482, 104
Trd, 8638257.532, 110
Trd, 8638258.382, 110
Trd, 8638258.782, 109
Trd, 8638261.182, 101
Trd, 8638261.882, 101
Trd, 8638263.932, 96
Trd, 8638265.232, 97
Trd, 8638265.432, 98
Trd, 8638267.082, 95
Trd, 8638270.132, 96
Trd, 8638271.082, 99
Trd, 8638271.432, 100
Trd, 8638272.432, 98
Trd, 8638272.982, 99
Trd, 8638274.132, 98
Trd, 8638274.482, 98
Trd, 8638279.332, 93
Trd, 8638280.832, 96
Trd, 8638281.182, 95
Trd, 8638282.532, 96
Trd, 8638282.982, 96
Trd, 8638283.682, 95
Trd, 8638285.832, 103
Trd, 8638286.082, 104
Trd, 8638290.332, 111
Trd, 8638290.532, 110
Trd, 8638291.082, 108
Trd, 8638291.882, 81
Trd, 8638295.282, 94
Trd, 8638295.532, 95
Trd, 8638296.182, 95
Trd, 8638298.632, 103
Trd, 8638299.032, 102
Trd, 8638299.532, 101
Trd, 8638300.482, 101
Trd, 8638303.382, 99
Trd, 8638304.532, 104
Trd, 8638304.882, 106
Trd, 8638307.732, 100
Trd, 8638308.032, 100
Trd, 8638309.532, 98
Trd, 8638309.632, 97
Trd, 8638310.132, 96
Trd, 8638312.232, 86
Trd, 8638314.932, 89
Trd, 8638315.082, 90
Trd, 8638315.582, 90
Trd, 8638317.482, 93
Trd, 8638317.932, 93
Trd, 8638318.932, 95
Trd, 8638321.082, 101
Trd, 8638321.582, 103
Trd, 8638323.332, 102
Trd, 8638324.032, 102
Trd, 8638327.732, 97
Trd, 8638327.982, 96
Trd, 8638328.682, 97
Trd, 8638330.682, 99
Trd, 8638331.032, 99
Trd, 8638332.082, 96
Trd, 8638333.282, 98
Trd, 8638336.032, 107
Trd, 8638336.982, 106
Trd, 8638339.382, 109
Trd, 8638339.982, 108
Trd, 8638340.732, 104
Trd, 8638342.882, 99
Trd, 8638343.832, 98
Trd, 8638345.082, 99
Trd, 8638346.182, 95
Trd, 8638348.882, 93
Trd, 8638349.182, 93
Trd, 8638349.432, 94
Trd, 8638349.632, 95
Trd, 8638352.532, 101
Trd, 8638354.332, 100
Trd, 8638354.582, 99
Trd, 8638354.832, 86
Trd, 8638359.782, 90
Trd, 8638359.982, 91
Trd, 8638360.682, 92
Trd, 8638361.232, 95
Trd, 8638362.432, 99
Trd, 8638364.032, 102
Trd, 8638366.932, 105
Trd, 8638369.132, 103
Trd, 8638369.532, 103
Trd, 8638369.732, 95
Trd, 8638373.482, 98
Trd, 8638373.632, 99
Trd, 8638373.782, 99
Trd, 8638375.132, 101
Trd, 8638377.482, 97
Trd, 8638378.782, 101
Trd, 8638379.482, 100
Trd, 8638379.982, 101
Trd, 8638381.282, 100
Trd, 8638381.932, 99
Trd, 8638385.332, 108
Trd, 8638387.082, 111
Trd, 8638387.332, 110
Trd, 8638388.082, 105
Trd, 8638388.482, 105
Trd, 8638389.182, 104
Trd, 8638392.732, 105
Trd, 8638393.132, 105
Trd, 8638393.382, 101
Trd, 8638395.682, 98
Trd, 8638396.432, 98
Trd, 8638396.632, 97
Trd, 8638397.282, 97
Trd, 8638402.382, 107
Trd, 8638402.582, 107
Trd, 8638405.882, 99
Trd, 8638407.032, 96
Trd, 8638407.482, 97
Trd, 8638407.582, 97
Trd, 8638409.432, 94
Trd, 8638410.532, 95
Trd, 8638412.382, 99
Trd, 8638412.982, 100
Trd, 8638413.332, 100
Trd, 8638413.932, 100
Trd, 8638416.332, 98
Trd, 8638417.032, 96
Trd, 8638417.232, 95
Trd, 8638418.532, 78
Trd, 8638421.382, 74
Trd, 8638423.732, 89
Trd, 8638424.082, 88
Trd, 8638426.282, 94
Trd, 8638426.982, 95
Trd, 8638429.932, 99
Trd, 8638432.082, 100
Trd, 8638434.232, 103
Trd, 8638434.532, 102
Trd, 8638437.332, 100
Trd, 8638437.882, 100
Trd, 8638441.882, 103
Trd, 8638442.032, 103
Trd, 8638442.182, 102
Trd, 8638442.482, 95
Trd, 8638444.982, 101
Trd, 8638445.482, 100
Trd, 8638446.482, 101
Trd, 8638448.332, 103
Trd, 8638450.832, 97
Trd, 8638451.132, 98
Trd, 8638451.332, 99
Trd, 8638453.382, 103
Trd, 8638454.182, 102
Trd, 8638455.982, 100
Trd, 8638456.082, 100
Trd, 8638456.382, 98
Trd, 8638456.782, 96
Trd, 8638458.982, 100
Trd, 8638459.682, 100
Trd, 8638463.882, 93
Trd, 8638465.732, 94
Trd, 8638467.832, 94
Trd, 8638468.682, 95
Trd, 8638470.082, 102
Trd, 8638470.632, 102
Trd, 8638471.032, 102
Trd, 8638472.982, 102
Trd, 8638476.232, 91
Trd, 8638477.082, 92
Trd, 8638478.632, 96
Trd, 8638479.682, 97
Trd, 8638482.132, 96
Trd, 8638483.832, 98
Trd, 8638484.232, 100
Trd, 8638484.932, 97
Trd, 8638486.482, 100
Trd, 8638486.982, 99
Trd, 8638488.682, 81
Trd, 8638491.282, 89
Trd, 8638492.432, 92
Trd, 8638493.132, 93
Trd, 8638493.932, 93
Trd, 8638495.432, 94
Trd, 8638495.882, 95
Trd, 8638497.182, 101
Trd, 8638497.332, 100
Trd, 8638498.182, 100
Trd, 8638501.182, 94
Trd, 8638502.932, 95
Trd, 8638504.432, 93
Trd, 8638504.832, 94
Trd, 8638505.132, 95
Trd, 8638505.932, 96
Trd, 8638510.082, 99
Trd, 8638512.832, 107
Trd, 8638514.582, 110
Trd, 8638515.132, 109
Trd, 8638515.682, 106
Trd, 8638516.932, 106
Trd, 8638517.082, 107
Trd, 8638517.532, 108
Trd, 8638520.282, 105
Trd, 8638520.582, 104
Trd, 8638522.282, 100
Trd, 8638522.382, 101
Trd, 8638523.132, 100
Trd, 8638524.782, 99
Trd, 8638525.032, 100
Trd, 8638526.232, 102
Trd, 8638528.382, 96
Trd, 8638532.082, 97
Trd, 8638532.282, 96
Trd, 8638532.782, 98
Trd, 8638533.532, 98
Trd, 8638535.032, 101
Trd, 8638535.832, 101
Trd, 8638535.982, 101
Trd, 8638540.182, 116
Trd, 8638540.482, 115
Trd, 8638540.882, 113
Trd, 8638542.182, 100
Trd, 8638543.932, 97
Trd, 8638545.132, 101
Trd, 8638545.632, 102
Trd, 8638547.332, 103
Trd, 8638547.632, 103
Trd, 8638549.382, 98
Trd, 8638550.532, 99
Trd, 8638551.432, 100
Trd, 8638551.732, 99
Trd, 8638556.532, 99
Trd, 8638556.882, 103
Trd, 8638557.682, 104
Trd, 8638558.732, 109
Trd, 8638560.182, 109
Trd, 8638560.832, 110
Trd, 8638561.482, 109
Trd, 8638563.632, 88
Trd, 8638566.532, 99
Trd, 8638567.182, 99
Trd, 8638568.582, 99
Trd, 8638568.932, 99
Trd, 8638570.332, 101
Trd, 8638570.732, 101
Trd, 8638571.582, 102
Trd, 8638573.632, 99
Trd, 8638575.632, 105
Trd, 8638575.682, 104
Trd, 8638576.282, 104
Trd, 8638579.782, 102
Trd, 8638580.132, 102
Trd, 8638581.432, 101
Trd, 8638581.832, 96
Trd, 8638583.782, 102
Trd, 8638584.032, 103
Trd, 8638585.082, 104
Trd, 8638585.682, 104
Trd, 8638588.032, 107
Trd, 8638588.332, 104
Trd, 8638591.782, 102
Trd, 8638592.282, 102
Trd, 8638593.032, 103
Trd, 8638597.432, 109
Trd, 8638597.782, 104
Trd, 8638599.482, 102
Trd, 8638600.882, 102
Trd, 8638601.932, 102
Trd, 8638604.632, 98
Trd, 8638605.282, 99
Trd, 8638608.232, 107
Trd, 8638608.432, 107
Trd, 8638610.182, 106
Trd, 8638614.232, 111
Trd, 8638614.932, 111
Trd, 8638617.932, 114
Trd, 8638619.432, 107
Trd, 8638622.282, 104
Trd, 8638624.832, 100
Trd, 8638625.332, 99
Trd, 8638625.982, 98
Trd, 8638626.132, 97
Trd, 8638629.682, 97
Trd, 8638631.582, 103
Trd, 8638632.232, 100
Trd, 8638632.732, 100
Trd, 8638633.932, 102
Trd, 8638636.232, 97
Trd, 8638640.632, 104
Trd, 8638641.082, 106
Trd, 8638642.182, 105
Trd, 8638642.432, 104
Trd, 8638643.182, 103
Trd, 8638644.882, 97
Trd, 8638644.982, 97
Trd, 8638646.582, 97
Trd, 8638647.732, 97
Trd, 8638650.032, 89
Trd, 8638650.982, 92
Trd, 8638652.432, 94
Trd, 8638652.632, 95
Trd, 8638657.032, 103
Trd, 8638658.032, 103
Trd, 8638658.232, 103
Trd, 8638658.632, 102
Trd, 8638661.632, 104
Trd, 8638662.382, 104
Trd, 8638662.532, 95
Trd, 8638664.882, 95
Trd, 8638665.482, 95
Trd, 8638666.582, 90
Trd, 8638666.832, 91
Trd, 8638667.282, 91
Trd, 8638670.282, 92
Trd, 8638671.032, 91
Trd, 8638674.332, 103
Trd, 8638674.632, 103
Trd, 8638674.982, 103
Trd, 8638675.282, 104
Trd, 8638682.032, 106
Trd, 8638682.232, 106
Trd, 8638682.332, 106
Trd, 8638683.182, 105
Trd, 8638683.682, 104
Trd, 8638683.732, 95
Trd, 8638686.282, 96
Trd, 8638688.482, 103
Trd, 8638688.632, 103
Trd, 8638688.782, 102
Trd, 8638689.332, 102
Trd, 8638690.282, 103
Trd, 8638695.532, 93
Trd, 8638697.632, 102
Trd, 8638698.032, 103
Trd, 8638698.232, 104
Trd, 8638699.082, 104
Trd, 8638699.132, 103
Trd, 8638700.132, 98
Trd, 8638701.732, 98
Trd, 8638702.882, 98
Trd, 8638703.132, 99
Trd, 8638705.732, 103
Trd, 8638705.882, 103
Trd, 8638709.182, 100
Trd, 8638709.332, 100
Trd, 8638709.482, 100
Trd, 8638710.432, 102
Trd, 8638712.682, 100
Trd, 8638713.282, 101
Trd, 8638713.332, 100
Trd, 8638714.882, 98
Trd, 8638716.082, 101
Trd, 8638716.882, 99
Trd, 8638718.532, 101
Trd, 8638719.782, 103
Trd, 8638719.932, 104
Trd, 8638723.382, 110
Trd, 8638725.732, 113
Trd, 8638726.032, 114
Trd, 8638726.532, 114
Trd, 8638726.632, 104
Trd, 8638730.232, 100
Trd, 8638731.032, 100
Trd, 8638731.682, 100
Trd, 8638732.232, 98
Trd, 8638736.882, 105
Trd, 8638737.132, 105
Trd, 8638739.682, 95
Trd, 8638740.782, 96
Trd, 8638741.232, 96
Trd, 8638742.282, 95
Trd, 8638744.982, 97
Trd, 8638745.482, 97
Trd, 8638745.682, 98
Trd, 8638747.382, 102
Trd, 8638748.232, 100
Trd, 8638748.982, 98
Trd, 8638750.282, 98
Trd, 8638750.982, 97
Trd, 8638751.632, 89
Trd, 8638753.032, 92
Trd, 8638754.282, 93
Trd, 8638755.332, 92
Trd, 8638755.682, 91
Trd, 8638757.132, 79
Trd, 8638760.182, 91
Trd, 8638760.282, 92
Trd, 8638760.682, 92
Trd, 8638763.132, 93
Trd, 8638764.232, 91
Trd, 8638764.682, 90
Trd, 8638765.132, 91
Trd, 8638766.782, 94
Trd, 8638767.082, 95
Trd, 8638767.232, 92
Trd, 8638772.032, 101
Trd, 8638772.382, 101
Trd, 8638774.632, 102
Trd, 8638775.182, 101
Trd, 8638776.932, 99
Trd, 8638777.782, 102
Trd, 8638778.182, 101
Trd, 8638778.682, 99
Trd, 8638779.632, 98
Trd, 8638782.582, 101
Trd, 8638782.882, 101
Trd, 8638783.382, 102
Trd, 8638785.932, 104
Trd, 8638787.182, 105
Trd, 8638787.632, 105
Trd, 8638788.582, 104
Trd, 8638788.632, 104
Trd, 8638789.132, 95
Trd, 8638789.532, 86
Trd, 8638792.582, 90
Trd, 8638792.982, 90
Trd, 8638793.282, 91
Trd, 8638795.132, 94
Trd, 8638797.482, 100
Trd, 8638798.032, 103
Trd, 8638799.182, 103
Trd, 8638799.882, 102
Trd, 8638800.382, 97
Trd, 8638802.432, 102
Trd, 8638802.582, 102
Trd, 8638804.682, 97
Trd, 8638807.832, 101
Trd, 8638807.982, 102
Trd, 8638808.782, 104
Trd, 8638809.332, 104
Trd, 8638811.882, 104
Trd, 8638812.532, 103
Trd, 8638815.132, 100
Trd, 8638815.832, 98
Trd, 8638816.432, 99
Trd, 8638817.032, 98
Trd, 8638819.232, 98
Trd, 8638821.432, 98
Trd, 8638822.232, 99
Trd, 8638822.582, 99
Trd, 8638823.932, 97
Trd, 8638825.082, 96
Trd, 8638828.432, 103
Trd, 8638829.732, 106
Trd, 8638830.482, 107
Trd, 8638831.132, 109
Trd, 8638831.982, 104
Trd, 8638832.932, 97
Trd, 8638833.982, 98
Trd, 8638834.082, 97
Trd, 8638834.682, 95
Trd, 8638838.932, 100
Trd, 8638839.682, 100
Trd, 8638840.582, 99
Trd, 8638841.282, 99
Trd, 8638842.682, 97
Trd, 8638844.182, 97
Trd, 8638845.632, 99
Trd, 8638845.782, 100
Trd, 8638846.132, 99
Trd, 8638849.032, 99
Trd, 8638850.132, 99
Trd, 8638852.982, 94
Trd, 8638853.232, 94
Trd, 8638853.632, 93
Trd, 8638854.582, 94
Trd, 8638855.132, 94
Trd, 8638856.132, 95
Trd, 8638856.832, 87
Trd, 8638861.582, 94
Trd, 8638862.082, 94
Trd, 8638862.582, 94
Trd, 8638862.832, 95
Trd, 8638864.982, 96
Trd, 8638866.232, 101
Trd, 8638866.532, 102
Trd, 8638866.982, 102
Trd, 8638868.732, 100
Trd, 8638871.982, 96
Trd, 8638872.782, 96
Trd, 8638874.232, 99
Trd, 8638874.982, 100
Trd, 8638875.382, 101
Trd, 8638876.132, 95
Trd, 8638881.182, 112
Trd, 8638881.282, 112
Trd, 8638881.532, 112
Trd, 8638882.282, 95
Trd, 8638885.632, 97
Trd, 8638886.032, 97
Trd, 8638887.182, 100
Trd, 8638888.232, 104
Trd, 8638889.632, 108
Trd, 8638890.732, 109
Trd, 8638890.832, 108
Trd, 8638892.382, 108
Trd, 8638892.682, 108
Trd, 8638894.032, 108
Trd, 8638895.582, 110
Trd, 8638896.532, 111
Trd, 8638898.882, 101
Trd, 8638899.832, 108
Trd, 8638900.182, 108
Trd, 8638902.132, 105
Trd, 8638902.532, 105
Trd, 8638903.182, 106
Trd, 8638903.432, 106
Trd, 8638905.132, 105
Trd, 8638908.632, 97
Trd, 8638909.632, 97
Trd, 8638910.282, 98
Trd, 8638910.932, 98
Trd, 8638912.582, 99
Trd, 8638913.382, 101
Trd, 8638914.332, 101
Trd, 8638918.632, 115
Trd, 8638918.832, 113
Trd, 8638919.032, 113
Trd, 8638920.032, 112
Trd, 8638920.232, 112
Trd, 8638920.432, 104
Trd, 8638923.082, 77
Trd, 8638928.032, 102
Trd, 8638928.132, 102
Trd, 8638928.282, 97
Trd, 8638929.282, 98
Trd, 8638929.832, 98
Trd, 8638931.282, 99
Trd, 8638932.882, 101
Trd, 8638933.032, 101
Trd, 8638935.132, 106
Trd, 8638935.982, 107
Trd, 8638936.282, 106
Trd, 8638938.882, 98
Trd, 8638941.482, 105
Trd, 8638941.932, 105
Trd, 8638943.632, 105
Trd, 8638943.932, 104
Trd, 8638944.132, 96
Trd, 8638946.932, 101
Trd, 8638949.332, 102
Trd, 8638950.232, 102
Trd, 8638950.582, 102
Trd, 8638951.432, 102
Trd, 8638952.132, 103
Trd, 8638952.932, 103
Trd, 8638956.432, 99
Trd, 8638956.932, 100
Trd, 8638957.532, 99
Trd, 8638957.682, 100
Trd, 8638958.782, 87
Trd, 8638962.732, 98
Trd, 8638963.182, 100
Trd, 8638963.482, 100
Trd, 8638964.082, 100
Trd, 8638965.232, 97
Trd, 8638966.932, 96
Trd, 8638967.182, 95
Trd, 8638968.682, 89
Trd, 8638972.332, 96
Trd, 8638972.482, 95
Trd, 8638973.082, 98
Trd, 8638973.832, 99
Trd, 8638974.132, 100
Trd, 8638977.782, 105
Trd, 8638978.182, 106
Trd, 8638979.732, 87
Trd, 8638982.532, 98
Trd, 8638983.082, 97
Trd, 8638983.532, 96
Trd, 8638984.182, 81
Trd, 8638990.132, 102
Trd, 8638990.682, 104
Trd, 8638990.882, 105
Trd, 8638991.582, 105
Trd, 8638991.832, 106
Trd, 8638992.982, 96
Trd, 8638996.182, 100
Trd, 8638996.482, 100
Trd, 8638998.582, 100
Trd, 8638999.232, 99
Trd, 8639000.782, 99
Trd, 8639001.182, 96
Trd, 8639004.982, 94
Trd, 8639005.182, 93
Trd, 8639006.382, 91
Trd, 8639006.782, 86
Trd, 8639009.232, 87
Trd, 8639009.832, 89
Trd, 8639011.132, 93
Trd, 8639015.132, 107
Trd, 8639017.532, 111
Trd, 8639017.882, 113
Trd, 8639018.132, 112
Trd, 8639019.832, 108
Trd, 8639020.632, 104
Trd, 8639022.032, 89
Trd, 8639023.632, 97
Trd, 8639023.832, 96
Trd, 8639024.082, 96
Trd, 8639028.282, 99
Trd, 8639028.482, 99
Trd, 8639028.632, 99
Trd, 8639029.632, 100
Trd, 8639032.932, 97
Trd, 8639036.582, 107
Trd, 8639037.532, 108
Trd, 8639038.382, 104
Trd, 8639041.132, 95
Trd, 8639041.632, 96
Trd, 8639042.332, 96
Trd, 8639046.032, 105
Trd, 8639046.182, 104
Trd, 8639046.932, 105
Trd, 8639047.182, 105
Trd, 8639047.682, 106
Trd, 8639047.932, 107
Trd, 8639050.182, 105
Trd, 8639052.032, 98
Trd, 8639052.582, 95
Trd, 8639054.432, 94
Trd, 8639055.082, 93
Trd, 8639058.082, 95
Trd, 8639058.232, 96
Trd, 8639058.532, 96
Trd, 8639060.782, 99
Trd, 8639061.732, 98
Trd, 8639062.482, 99
Trd, 8639063.082, 101
Trd, 8639063.482, 101
Trd, 8639065.632, 91
Trd, 8639067.182, 98
Trd, 8639067.782, 98
Trd, 8639070.732, 80
Trd, 8639072.932, 93
Trd, 8639073.282, 93
Trd, 8639074.382, 92
Trd, 8639075.032, 93
Trd, 8639075.532, 92
Trd, 8639077.432, 101
Trd, 8639078.282, 104
Trd, 8639082.082, 109
Trd, 8639082.682, 112
Trd, 8639083.032, 112
Trd, 8639083.782, 110
Trd, 8639083.982, 87
Trd, 8639089.932, 97
Trd, 8639090.932, 99
Trd, 8639091.082, 99
Trd, 8639091.532, 98
Trd, 8639091.632, 98
Trd, 8639093.032, 95
Trd, 8639093.632, 86
Trd, 8639096.982, 94
Trd, 8639097.382, 94
Trd, 8639097.932, 96
Trd, 8639099.032, 95
Trd, 8639099.232, 95
Trd, 8639100.432, 101
Trd, 8639100.632, 100
Trd, 8639103.782, 98
Trd, 8639104.982, 97
Trd, 8639105.332, 96
Trd, 8639105.682, 95
Trd, 8639112.382, 109
Trd, 8639113.032, 110
Trd, 8639113.182, 111
Trd, 8639113.632, 110
Trd, 8639114.482, 111
Trd, 8639116.332, 109
Trd, 8639116.432, 108
Trd, 8639118.032, 105
Trd, 8639119.382, 96
Trd, 8639124.132, 82
Trd, 8639124.632, 87
Trd, 8639124.832, 88
Trd, 8639126.732, 92
Trd, 8639126.982, 93
Trd, 8639129.182, 96
Trd, 8639130.332, 99
Trd, 8639132.432, 102
Trd, 8639133.132, 103
Trd, 8639134.232, 102
Trd, 8639138.532, 94
Trd, 8639138.782, 94
Trd, 8639139.082, 95
Trd, 8639142.232, 102
Trd, 8639142.932, 100
Trd, 8639143.382, 98
Trd, 8639143.932, 99
Trd, 8639144.582, 97
Trd, 8639148.632, 99
Trd, 8639149.082, 99
Trd, 8639149.682, 101
Trd, 8639149.882, 95
Trd, 8639152.482, 100
Trd, 8639152.982, 101
Trd, 8639154.882, 99
Trd, 8639156.082, 105
Trd, 8639159.782, 112
Trd, 8639160.182, 110
Trd, 8639160.482, 104
Trd, 8639161.832, 102
Trd, 8639162.032, 103
Trd, 8639162.582, 104
Trd, 8639163.832, 86
Trd, 8639168.382, 93
Trd, 8639168.482, 94
Trd, 8639169.882, 100
Trd, 8639171.032, 103
Trd, 8639171.532, 102
Trd, 8639172.682, 103
Trd, 8639173.532, 102
Trd, 8639175.132, 95
Trd, 8639177.132, 97
Trd, 8639177.632, 96
Trd, 8639177.732, 97
Trd, 8639178.082, 96
Trd, 8639178.232, 95
Trd, 8639179.732, 92
Trd, 8639183.382, 99
Trd, 8639183.782, 98
Trd, 8639184.382, 97
Trd, 8639184.882, 98
Trd, 8639185.682, 97
Trd, 8639188.032, 98
Trd, 8639188.732, 97
Trd, 8639189.982, 96
Trd, 8639191.432, 89
Trd, 8639192.482, 89
Trd, 8639194.082, 89
Trd, 8639194.532, 89
Trd, 8639194.832, 90
Trd, 8639196.132, 90
Trd, 8639198.832, 94
Trd, 8639199.432, 95
Trd, 8639201.632, 98
Trd, 8639202.282, 99
Trd, 8639203.232, 99
Trd, 8639203.732, 100
Trd, 8639203.932, 95
Trd, 8639206.832, 93
Trd, 8639207.032, 94
Trd, 8639210.082, 110
Trd, 8639210.732, 111
Trd, 8639214.082, 107
Trd, 8639214.582, 108
Trd, 8639215.282, 106
Trd, 8639217.582, 108
Trd, 8639218.032, 110
Trd, 8639219.232, 104
Trd, 8639221.882, 103
Trd, 8639222.732, 103
Trd, 8639223.082, 103
Trd, 8639223.882, 104
Trd, 8639225.882, 110
Trd, 8639228.782, 117
Trd, 8639230.582, 107
Trd, 8639231.382, 105
Trd, 8639231.532, 105
Trd, 8639232.582, 105
Trd, 8639235.682, 105
Trd, 8639237.032, 106
Trd, 8639238.032, 105
Trd, 8639240.432, 101
Trd, 8639240.832, 101
Trd, 8639242.482, 99
Trd, 8639243.632, 89
Trd, 8639246.632, 95
Trd, 8639246.882, 95
Trd, 8639247.032, 96
Trd, 8639247.732, 99
Trd, 8639249.332, 101
Trd, 8639251.932, 101
Trd, 8639252.282, 101
Trd, 8639252.682, 100
Trd, 8639255.432, 99
Trd, 8639255.682, 99
Trd, 8639255.882, 97
Trd, 8639256.682, 98
Trd, 8639261.732, 96
Trd, 8639262.132, 96
Trd, 8639262.982, 95
Trd, 8639263.282, 96
Trd, 8639263.382, 95
Trd, 8639265.982, 96
Trd, 8639266.982, 100
Trd, 8639267.532, 99
Trd, 8639267.932, 100
Trd, 8639269.282, 104
Trd, 8639271.282, 104
Trd, 8639273.382, 96
Trd, 8639274.432, 97
Trd, 8639274.582, 96
Trd, 8639274.882, 97
Trd, 8639280.182, 106
Trd, 8639282.182, 104
Trd, 8639283.832, 101
Trd, 8639284.032, 102
Trd, 8639284.082, 99
Trd, 8639285.182, 98
Trd, 8639285.632, 95
Trd, 8639289.482, 88
Trd, 8639290.082, 91
Trd, 8639290.232, 92
Trd, 8639291.032, 95
Trd, 8639293.232, 98
Trd, 8639294.882, 97
Trd, 8639294.932, 95
Trd, 8639298.182, 100
Trd, 8639298.282, 95
Trd, 8639301.232, 94
Trd, 8639303.082, 89
Trd, 8639303.182, 90
Trd, 8639304.382, 92
Trd, 8639305.232, 95
Trd, 8639309.232, 104
Trd, 8639309.382, 104
Trd, 8639310.082, 103
Trd, 8639311.932, 97
Trd, 8639312.782, 95
Trd, 8639314.382, 92
Trd, 8639315.182, 97
Trd, 8639315.882, 97
Trd, 8639316.382, 96
Trd, 8639317.282, 95
Trd, 8639317.732, 96
Trd, 8639321.732, 109
Trd, 8639322.482, 109
Trd, 8639322.832, 107
Trd, 8639324.932, 102
Trd, 8639325.532, 103
Trd, 8639325.782, 104
Trd, 8639327.582, 99
Trd, 8639331.732, 114
Trd, 8639332.182, 114
Trd, 8639333.732, 92
Trd, 8639336.432, 97
Trd, 8639337.682, 101
Trd, 8639337.882, 102
Trd, 8639339.532, 98
Trd, 8639340.432, 95
Trd, 8639342.882, 95
Trd, 8639343.632, 95
Trd, 8639344.982, 100
Trd, 8639345.082, 99
Trd, 8639348.282, 97
Trd, 8639348.682, 96
Trd, 8639351.582, 96
Trd, 8639353.332, 101
Trd, 8639355.232, 100
Trd, 8639356.582, 101
Trd, 8639357.232, 103
Trd, 8639358.132, 104
Trd, 8639361.832, 112
Trd, 8639362.232, 112
Trd, 8639362.432, 112
Trd, 8639363.632, 113
Trd, 8639364.232, 111
Trd, 8639367.882, 108
Trd, 8639370.132, 106
Trd, 8639370.882, 106
Trd, 8639371.032, 105
Trd, 8639373.332, 89
Trd, 8639375.782, 95
Trd, 8639376.032, 95
Trd, 8639378.432, 93
Trd, 8639379.082, 93
Trd, 8639379.382, 93
Trd, 8639380.332, 94
Trd, 8639380.682, 95
Trd, 8639381.232, 95
Trd, 8639385.032, 97
Trd, 8639385.632, 97
Trd, 8639387.482, 94
Trd, 8639387.682, 96
Trd, 8639388.032, 95
Trd, 8639389.682, 96
Trd, 8639392.682, 95
Trd, 8639392.882, 95
Trd, 8639393.132, 95
Trd, 8639394.282, 93
Trd, 8639396.782, 101
Trd, 8639397.282, 101
Trd, 8639398.182, 96
Trd, 8639399.532, 98
Trd, 8639400.432, 98
Trd, 8639400.832, 97
Trd, 8639403.282, 89
Trd, 8639406.932, 95
Trd, 8639407.732, 96
Trd, 8639407.882, 96
Trd, 8639410.182, 90
Trd, 8639410.482, 92
Trd, 8639412.182, 92
Trd, 8639413.332, 92
Trd, 8639417.682, 95
Trd, 8639417.832, 95
Trd, 8639418.232, 94
Trd, 8639419.082, 95
Trd, 8639419.832, 97
Trd, 8639422.032, 103
Trd, 8639422.832, 104
Trd, 8639425.582, 107
Trd, 8639425.882, 108
Trd, 8639426.182, 107
Trd, 8639426.582, 106
Trd, 8639426.982, 106
Trd, 8639431.432, 115
Trd, 8639431.682, 114
Trd, 8639433.582, 105
Trd, 8639434.782, 105
Trd, 8639434.832, 95
Trd, 8639438.032, 96
Trd, 8639438.882, 96
Trd, 8639439.882, 97
Trd, 8639441.032, 99
Trd, 8639442.932, 100
Trd, 8639443.182, 87
Trd, 8639446.732, 95
Trd, 8639447.432, 95
Trd, 8639447.532, 96
Trd, 8639449.432, 98
Trd, 8639450.432, 100
Trd, 8639452.882, 102
Trd, 8639453.832, 102
Trd, 8639457.232, 102
Trd, 8639459.282, 102
Trd, 8639459.532, 104
Trd, 8639459.632, 103
Trd, 8639460.382, 103
Trd, 8639461.132, 104
Trd, 8639465.482, 114
Trd, 8639465.882, 114
Trd, 8639466.082, 113
Trd, 8639466.432, 113
Trd, 8639468.932, 104
Trd, 8639469.132, 104
Trd, 8639469.882, 103
Trd, 8639470.582, 88
Trd, 8639473.132, 94
Trd, 8639473.732, 94
Trd, 8639473.982, 94
Trd, 8639476.182, 92
Trd, 8639476.532, 92
Trd, 8639477.232, 93
Trd, 8639478.332, 94
Trd, 8639480.282, 95
Trd, 8639480.332, 86
Trd, 8639482.732, 81
Trd, 8639484.982, 90
Trd, 8639485.432, 90
Trd, 8639487.332, 95
Trd, 8639490.932, 100
Trd, 8639491.132, 101
Trd, 8639491.532, 101
Trd, 8639491.832, 102
Trd, 8639493.282, 101
Trd, 8639496.232, 93
Trd, 8639496.982, 95
Trd, 8639498.082, 99
Trd, 8639499.132, 101
Trd, 8639499.632, 103
Trd, 8639499.982, 103
Trd, 8639501.532, 104
Trd, 8639501.882, 103
Trd, 8639503.832, 88
Trd, 8639508.882, 109
Trd, 8639509.482, 109
Trd, 8639510.032, 109
Trd, 8639513.682, 107
Trd, 8639513.932, 106
Trd, 8639516.582, 108
Trd, 8639516.982, 109
Trd, 8639517.982, 107
Trd, 8639523.482, 113
Trd, 8639523.632, 112
Trd, 8639524.782, 109
Trd, 8639525.232, 108
Trd, 8639526.932, 107
Trd, 8639528.082, 105
Trd, 8639528.232, 104
Trd, 8639530.332, 90
Trd, 8639531.382, 96
Trd, 8639531.532, 95
Trd, 8639531.782, 96
Trd, 8639531.932, 92
Trd, 8639535.682, 83
Trd, 8639536.732, 86
Trd, 8639538.982, 93
Trd, 8639539.882, 95
Trd, 8639540.632, 97
Trd, 8639541.032, 97
Trd, 8639541.332, 97
Trd, 8639543.932, 74
Trd, 8639549.732, 105
Trd, 8639550.582, 106
Trd, 8639550.832, 106
Trd, 8639551.132, 106
Trd, 8639552.482, 104
Trd, 8639554.682, 86
Trd, 8639558.332, 84
Trd, 8639559.032, 86
Trd, 8639561.332, 94
Trd, 8639561.432, 94
Trd, 8639561.832, 95
Trd, 8639564.982, 97
Trd, 8639566.382, 99
Trd, 8639566.682, 100
Trd, 8639567.882, 100
Trd, 8639568.132, 95
Trd, 8639571.982, 93
Trd, 8639572.232, 95
Trd, 8639573.232, 101
Trd, 8639574.082, 99
Trd, 8639574.882, 99
Trd, 8639579.282, 93
Trd, 8639579.482, 93
Trd, 8639579.732, 94
Trd, 8639583.682, 96
Trd, 8639585.332, 96
Trd, 8639587.782, 96
Trd, 8639588.082, 96
Trd, 8639589.032, 99
Trd, 8639589.182, 100
Trd, 8639589.482, 101
Trd, 8639589.732, 100
Trd, 8639593.832, 104
Trd, 8639593.882, 104
Trd, 8639595.432, 100
Trd, 8639596.082, 99
Trd, 8639596.532, 96
Trd, 8639599.382, 88
Trd, 8639599.782, 88
Trd, 8639600.682, 88
Trd, 8639600.882, 87
Trd, 8639602.782, 87
Trd, 8639605.832, 93
Trd, 8639606.832, 94
Trd, 8639609.832, 103
Trd, 8639610.282, 102
Trd, 8639610.382, 101
Trd, 8639612.782, 95
Trd, 8639613.432, 97
Trd, 8639614.082, 96
Trd, 8639614.582, 96
Trd, 8639618.182, 92
Trd, 8639618.332, 93
Trd, 8639619.132, 93
Trd, 8639619.532, 93
Trd, 8639619.982, 95
Trd, 8639621.082, 94
Trd, 8639626.732, 97
Trd, 8639628.082, 102
Trd, 8639628.632, 102
Trd, 8639629.032, 102
Trd, 8639629.082, 100
Trd, 8639632.782, 95
Trd, 8639633.332, 96
Trd, 8639633.632, 96
Trd, 8639636.182, 102
Trd, 8639636.982, 101
Trd, 8639637.382, 101
Trd, 8639637.482, 100
Trd, 8639640.932, 95
Trd, 8639641.432, 94
Trd, 8639641.682, 96
Trd, 8639642.732, 96
Trd, 8639644.032, 101
Trd, 8639644.632, 100
Trd, 8639645.582, 87
Trd, 8639647.382, 94
Trd, 8639648.482, 95
Trd, 8639650.832, 99
Trd, 8639651.882, 98
Trd, 8639654.182, 95
Trd, 8639655.532, 100
Trd, 8639657.432, 104
Trd, 8639657.632, 103
Trd, 8639658.682, 103
Trd, 8639660.682, 89
Trd, 8639662.582, 91
Trd, 8639663.132, 91
Trd, 8639664.932, 89
Trd, 8639665.732, 89
Trd, 8639666.332, 90
Trd, 8639667.682, 94
Trd, 8639673.332, 112
Trd, 8639673.632, 111
Trd, 8639674.532, 110
Trd, 8639677.332, 99
Trd, 8639678.132, 101
Trd, 8639678.632, 99
Trd, 8639681.832, 93
Trd, 8639683.382, 96
Trd, 8639683.982, 98
Trd, 8639684.382, 98
Trd, 8639685.532, 99
Trd, 8639687.432, 100
Trd, 8639687.682, 100
Trd, 8639688.982, 99
Trd, 8639691.382, 101
Trd, 8639691.732, 100
Trd, 8639693.132, 99
Trd, 8639695.132, 106
Trd, 8639696.382, 107
Trd, 8639697.132, 109
Trd, 8639697.932, 110
Trd, 8639698.482, 110
Trd, 8639699.482, 104
Trd, 8639702.232, 100
Trd, 8639702.732, 101
Trd, 8639702.932, 102
Trd, 8639704.832, 102
Trd, 8639705.432, 104
Trd, 8639706.632, 104
Trd, 8639710.132, 103
Trd, 8639710.832, 102
Trd, 8639711.332, 103
Trd, 8639711.782, 102
Trd, 8639714.482, 100
Trd, 8639717.182, 103
Trd, 8639718.682, 104
Trd, 8639721.032, 101
Trd, 8639721.582, 102
Trd, 8639721.782, 103
Trd, 8639722.532, 104
Trd, 8639723.382, 104
Trd, 8639723.882, 96
Trd, 8639728.482, 104
Trd, 8639728.632, 103
Trd, 8639729.182, 105
Trd, 8639730.132, 105
Trd, 8639731.282, 104
Trd, 8639733.682, 91
Trd, 8639734.882, 90
Trd, 8639735.182, 91
Trd, 8639737.882, 96
Trd, 8639738.182, 96
Trd, 8639739.232, 95
Trd, 8639739.482, 95
Trd, 8639741.382, 81
Trd, 8639742.982, 92
Trd, 8639743.582, 92
Trd, 8639743.732, 92
Trd, 8639745.882, 92
Trd, 8639749.032, 96
Trd, 8639749.182, 95
Trd, 8639749.882, 93
Trd, 8639751.532, 93
Trd, 8639752.432, 87
Trd, 8639753.832, 90
Trd, 8639754.682, 91
Trd, 8639758.382, 98
Trd, 8639758.482, 98
Trd, 8639758.832, 97
Trd, 8639759.682, 96
Trd, 8639760.032, 96
Trd, 8639761.732, 93
Trd, 8639761.982, 93
Trd, 8639763.532, 94
Trd, 8639763.782, 94
Trd, 8639765.432, 94
Trd, 8639765.832, 95
Trd, 8639768.532, 96
Trd, 8639770.382, 100
Trd, 8639770.832, 100
Trd, 8639774.032, 108
Trd, 8639776.332, 114
Trd, 8639778.382, 114
Trd, 8639778.832, 113
Trd, 8639781.232, 109
Trd, 8639782.932, 103
Trd, 8639783.432, 102
Trd, 8639783.582, 103
Trd, 8639783.982, 101
Trd, 8639787.832, 106
Trd, 8639788.032, 106
Trd, 8639788.432, 104
Trd, 8639790.532, 97
Trd, 8639790.832, 97
Trd, 8639791.232, 97
Trd, 8639792.132, 96
Trd, 8639792.332, 98
Trd, 8639795.482, 101
Trd, 8639795.832, 100
Trd, 8639798.982, 93
Trd, 8639801.332, 101
Trd, 8639802.032, 100
Trd, 8639802.682, 100
Trd, 8639804.182, 98
Trd, 8639805.482, 98
Trd, 8639805.682, 98
Trd, 8639806.282, 97
Trd, 8639806.732, 95
Trd, 8639808.832, 93
Trd, 8639809.332, 94
Trd, 8639810.032, 94
Trd, 8639811.132, 98
Trd, 8639811.932, 98
Trd, 8639813.482, 98
Trd, 8639814.082, 95
Trd, 8639818.532, 100
Trd, 8639820.032, 105
Trd, 8639820.282, 104
Trd, 8639820.932, 104
Trd, 8639821.232, 96
Trd, 8639823.832, 107
Trd, 8639824.132, 107
Trd, 8639825.082, 108
Trd, 8639825.682, 106
Trd, 8639827.732, 89
Trd, 8639831.232, 88
Trd, 8639834.432, 99
Trd, 8639834.932, 99
Trd, 8639835.282, 99
Trd, 8639836.832, 102
Trd, 8639837.932, 86
Trd, 8639841.982, 93
Trd, 8639842.732, 90
Trd, 8639843.282, 94
Trd, 8639843.782, 94
Trd, 8639844.732, 94
Trd, 8639847.682, 90
Trd, 8639847.982, 91
Trd, 8639848.732, 90
Trd, 8639850.182, 92
Trd, 8639854.532, 101
Trd, 8639854.632, 100
Trd, 8639855.032, 101
Trd, 8639855.932, 101
Trd, 8639857.282, 102
Trd, 8639857.782, 101
Trd, 8639859.582, 84
Trd, 8639861.782, 93
Trd, 8639861.882, 93
Trd, 8639863.582, 98
Trd, 8639863.782, 97
Trd, 8639864.382, 96
Trd, 8639866.582, 103
Trd, 8639866.782, 102
Trd, 8639869.182, 100
Trd, 8639869.432, 100
Trd, 8639871.182, 100
Trd, 8639871.882, 101
Trd, 8639871.982, 99
Trd, 8639873.982, 100
Trd, 8639874.582, 100
Trd, 8639877.282, 103
Trd, 8639880.732, 107
Trd, 8639880.982, 108
Trd, 8639881.982, 108
Trd, 8639882.632, 108
Trd, 8639883.282, 107
Trd, 8639885.382, 98
Trd, 8639887.682, 105
Trd, 8639887.882, 105
Trd, 8639888.032, 105
Trd, 8639889.932, 106
Trd, 8639891.282, 106
Trd, 8639893.782, 97
Trd, 8639894.182, 86
Trd, 8639897.582, 92
Trd, 8639899.382, 100
Trd, 8639900.532, 102
Trd, 8639900.682, 101
Trd, 8639901.782, 102
Trd, 8639905.532, 96
Trd, 8639905.632, 96
Trd, 8639906.482, 96
Trd, 8639908.982, 106
Trd, 8639909.282, 106
Trd, 8639910.182, 107
Trd, 8639911.382, 106
Trd, 8639911.632, 96
Trd, 8639915.882, 93
Trd, 8639916.982, 95
Trd, 8639917.582, 96
Trd, 8639921.632, 99
Trd, 8639922.482, 99
Trd, 8639923.132, 100
Trd, 8639926.582, 108
Trd, 8639926.982, 107
Trd, 8639927.332, 107
Trd, 8639930.182, 109
Trd, 8639934.182, 106
Trd, 8639934.582, 105
Trd, 8639935.182, 105
Trd, 8639935.832, 96
Trd, 8639936.682, 96
Trd, 8639941.082, 102
Trd, 8639941.182, 102
Trd, 8639942.632, 101
Trd, 8639943.182, 103
Trd, 8639943.532, 102
Trd, 8639943.732, 100
Trd, 8639948.532, 106
Trd, 8639949.332, 106
Trd, 8639950.982, 107
Trd, 8639951.932, 110
Trd, 8639952.982, 110
Trd, 8639956.982, 112
Trd, 8639957.332, 111
Trd, 8639959.882, 110
Trd, 8639961.132, 106
Trd, 8639961.582, 105
Trd, 8639961.782, 105
Trd, 8639963.132, 104
Trd, 8639967.482, 96
Trd, 8639967.932, 97
Trd, 8639968.032, 98
Trd, 8639970.282, 93
Trd, 8639971.032, 95
Trd, 8639971.282, 95
Trd, 8639973.282, 96
Trd, 8639976.182, 94
Trd, 8639976.882, 97
Trd, 8639980.982, 89
Trd, 8639981.682, 86
Trd, 8639982.282, 91
Trd, 8639982.682, 92
Trd, 8639983.882, 92
Trd, 8639986.182, 92
Trd, 8639988.932, 97
Trd, 8639989.632, 97
Trd, 8639991.182, 100
Trd, 8639991.332, 99
Trd, 8639991.632, 77
Trd, 8639991.682, 68
Trd, 8639996.582, 90
Trd, 8639996.732, 91
Trd, 8639996.982, 92
Trd, 8639999.782, 100
