Trd, 8637910.132, 105
Trd, 8637913.132, 123
Trd, 8637914.032, 116
Trd, 8637914.082, 114
Trd, 8637914.182, 109
Trd, 8637915.132, 103
Trd, 8637917.582, 93
Trd, 8637918.232, 97
Trd, 8637918.732, 94
Trd, 8637920.182, 81
Trd, 8637922.232, 96
Trd, 8637924.482, 106
Trd, 8637924.732, 113
Trd, 8637925.332, 102
Trd, 8637925.632, 101
Trd, 8637926.132, 95
Trd, 8637928.482, 104
Trd, 8637930.132, 107
Trd, 8637930.682, 111
Trd, 8637931.982, 103
Trd, 8637932.882, 93
Trd, 8637935.832, 108
Trd, 8637936.782, 103
Trd, 8637937.332, 105
Trd, 8637939.032, 107
Trd, 8637940.532, 105
Trd, 8637941.332, 106
Trd, 8637942.832, 112
Trd, 8637943.082, 104
Trd, 8637944.832, 112
Trd, 8637945.382, 113
Trd, 8637945.732, 110
Trd, 8637946.832, 103
Trd, 8637947.782, 99
Trd, 8637948.032, 94
Trd, 8637948.132, 119
Trd, 8637949.782, 104
Trd, 8637953.582, 106
Trd, 8637954.332, 102
Trd, 8637955.532, 110
Trd, 8637956.232, 95
Trd, 8637956.732, 83
Trd, 8637957.382, 113
Trd, 8637959.632, 86
Trd, 8637960.132, 88
Trd, 8637960.432, 88
Trd, 8637962.232, 96
Trd, 8637964.432, 119
Trd, 8637965.232, 114
Trd, 8637966.782, 110
Trd, 8637967.932, 106
Trd, 8637968.532, 105
Trd, 8637969.532, 94
Trd, 8637971.632, 91
Trd, 8637971.882, 100
Trd, 8637972.182, 113
Trd, 8637974.082, 104
Trd, 8637976.332, 97
Trd, 8637977.832, 82
Trd, 8637978.532, 103
Trd, 8637979.432, 86
Trd, 8637982.132, 104
Trd, 8637984.882, 111
Trd, 8637984.932, 102
Trd, 8637985.932, 104
Trd, 8637986.232, 101
Trd, 8637987.782, 96
Trd, 8637990.282, 120
Trd, 8637991.682, 102
Trd, 8637992.132, 95
Trd, 8637992.282, 109
Trd, 8637993.582, 86
Trd, 8637995.532, 94
Trd, 8637996.682, 124
Trd, 8637996.882, 106
Trd, 8637999.682, 102
Trd, 8638000.482, 75
Trd, 8638001.882, 108
Trd, 8638003.182, 86
Trd, 8638004.232, 95
Trd, 8638005.932, 85
Trd, 8638007.332, 105
Trd, 8638009.582, 109
Trd, 8638010.532, 106
Trd, 8638010.882, 113
Trd, 8638011.832, 104
Trd, 8638012.832, 96
Trd, 8638014.732, 101
Trd, 8638015.532, 96
Trd, 8638017.682, 100
Trd, 8638020.632, 105
Trd, 8638021.032, 105
Trd, 8638021.682, 95
Trd, 8638022.832, 102
Trd, 8638023.282, 101
Trd, 8638024.232, 93
Trd, 8638025.982, 104
Trd, 8638028.932, 98
Trd, 8638031.282, 103
Trd, 8638031.332, 96
Trd, 8638032.432, 104
Trd, 8638035.582, 96
Trd, 8638035.682, 95
Trd, 8638036.282, 88
Trd, 8638039.182, 104
Trd, 8638041.232, 101
Trd, 8638043.132, 103
Trd, 8638043.532, 113
Trd, 8638043.732, 104
Trd, 8638044.932, 96
Trd, 8638046.082, 110
Trd, 8638046.682, 111
Trd, 8638046.882, 95
Trd, 8638047.982, 94
Trd, 8638049.482, 76
Trd, 8638050.982, 84
Trd, 8638052.982, 96
Trd, 8638053.282, 95
Trd, 8638054.682, 96
Trd, 8638055.182, 101
Trd, 8638058.082, 96
Trd, 8638059.632, 105
Trd, 8638062.032, 113
Trd, 8638062.082, 123
Trd, 8638063.082, 108
Trd, 8638064.782, 104
Trd, 8638065.632, 104
Trd, 8638069.182, 99
Trd, 8638070.232, 103
Trd, 8638070.532, 102
Trd, 8638073.182, 112
Trd, 8638073.232, 105
Trd, 8638073.482, 105
Trd, 8638075.282, 103
Trd, 8638076.882, 98
Trd, 8638077.432, 96
Trd, 8638079.432, 103
Trd, 8638080.432, 111
Trd, 8638082.032, 110
Trd, 8638082.382, 98
Trd, 8638085.032, 103
Trd, 8638086.832, 100
Trd, 8638088.782, 96
Trd, 8638089.432, 94
Trd, 8638089.732, 110
Trd, 8638093.582, 106
Trd, 8638095.382, 113
Trd, 8638095.682, 116
Trd, 8638097.882, 115
Trd, 8638098.632, 105
Trd, 8638099.682, 103
Trd, 8638100.032, 94
Trd, 8638100.682, 112
Trd, 8638101.532, 86
Trd, 8638104.832, 105
Trd, 8638104.982, 108
Trd, 8638105.032, 103
Trd, 8638105.382, 104
Trd, 8638106.382, 114
Trd, 8638106.882, 95
Trd, 8638109.432, 105
Trd, 8638110.982, 103
Trd, 8638112.882, 111
Trd, 8638113.832, 96
Trd, 8638114.982, 103
Trd, 8638116.582, 113
Trd, 8638116.982, 96
Trd, 8638117.282, 95
Trd, 8638119.432, 91
Trd, 8638119.932, 97
Trd, 8638122.182, 96
Trd, 8638122.282, 95
Trd, 8638124.082, 104
Trd, 8638125.282, 113
Trd, 8638126.032, 113
Trd, 8638126.932, 108
Trd, 8638129.882, 108
Trd, 8638130.132, 108
Trd, 8638131.532, 118
Trd, 8638131.882, 104
Trd, 8638134.132, 95
Trd, 8638134.232, 82
Trd, 8638137.082, 87
Trd, 8638138.632, 111
Trd, 8638139.332, 104
Trd, 8638140.032, 124
Trd, 8638140.082, 93
Trd, 8638143.082, 101
Trd, 8638144.482, 93
Trd, 8638146.582, 108
Trd, 8638146.882, 104
Trd, 8638147.832, 105
Trd, 8638148.082, 97
Trd, 8638152.132, 104
Trd, 8638152.432, 103
Trd, 8638154.232, 88
Trd, 8638156.132, 106
Trd, 8638156.682, 104
Trd, 8638157.732, 102
Trd, 8638161.532, 107
Trd, 8638162.132, 104
Trd, 8638163.382, 108
Trd, 8638163.682, 95
Trd, 8638163.982, 96
Trd, 8638164.682, 95
Trd, 8638169.082, 107
Trd, 8638169.932, 106
Trd, 8638171.532, 106
Trd, 8638172.432, 103
Trd, 8638172.932, 97
Trd, 8638173.182, 108
Trd, 8638173.582, 102
Trd, 8638173.982, 113
Trd, 8638174.082, 95
Trd, 8638175.582, 104
Trd, 8638176.932, 104
Trd, 8638177.532, 89
Trd, 8638178.432, 108
Trd, 8638178.832, 103
Trd, 8638182.782, 100
Trd, 8638182.932, 99
Trd, 8638184.532, 112
Trd, 8638185.182, 86
Trd, 8638186.432, 95
Trd, 8638186.782, 98
Trd, 8638188.632, 83
Trd, 8638189.682, 103
Trd, 8638192.682, 90
Trd, 8638193.032, 98
Trd, 8638194.232, 113
Trd, 8638194.782, 101
Trd, 8638195.182, 102
Trd, 8638195.832, 93
Trd, 8638197.732, 113
Trd, 8638200.282, 99
Trd, 8638201.082, 98
Trd, 8638201.332, 85
Trd, 8638202.782, 105
Trd, 8638205.882, 113
Trd, 8638207.382, 93
Trd, 8638207.532, 99
Trd, 8638207.932, 104
Trd, 8638209.282, 109
Trd, 8638210.182, 98
Trd, 8638211.732, 96
Trd, 8638213.082, 104
Trd, 8638213.432, 93
Trd, 8638214.132, 104
Trd, 8638214.532, 86
Trd, 8638219.732, 97
Trd, 8638219.832, 96
Trd, 8638220.032, 111
Trd, 8638220.382, 81
Trd, 8638223.132, 110
Trd, 8638223.832, 109
Trd, 8638226.032, 108
Trd, 8638226.382, 109
Trd, 8638226.832, 109
Trd, 8638228.132, 104
Trd, 8638229.282, 95
Trd, 8638231.132, 84
Trd, 8638231.482, 85
Trd, 8638231.982, 91
Trd, 8638235.232, 104
Trd, 8638237.082, 105
Trd, 8638237.132, 104
Trd, 8638240.832, 99
Trd, 8638241.482, 105
Trd, 8638242.232, 96
Trd, 8638243.482, 108
Trd, 8638243.582, 96
Trd, 8638245.582, 104
Trd, 8638246.182, 105
Trd, 8638246.532, 96
Trd, 8638248.582, 97
Trd, 8638252.182, 103
Trd, 8638252.732, 93
Trd, 8638253.182, 85
Trd, 8638255.232, 79
Trd, 8638256.132, 104
Trd, 8638256.332, 102
Trd, 8638257.632, 82
Trd, 8638258.932, 113
Trd, 8638260.932, 104
Trd, 8638261.332, 95
Trd, 8638261.632, 95
Trd, 8638264.232, 96
Trd, 8638265.632, 95
Trd, 8638266.832, 111
Trd, 8638269.882, 110
Trd, 8638270.182, 105
Trd, 8638272.832, 108
Trd, 8638273.432, 107
Trd, 8638274.232, 104
Trd, 8638275.632, 103
Trd, 8638277.982, 105
Trd, 8638280.182, 98
Trd, 8638280.332, 109
Trd, 8638283.282, 108
Trd, 8638283.482, 107
Trd, 8638284.482, 88
Trd, 8638285.232, 84
Trd, 8638287.682, 95
Trd, 8638288.632, 110
Trd, 8638289.632, 105
Trd, 8638290.682, 103
Trd, 8638291.332, 96
Trd, 8638291.532, 107
Trd, 8638291.882, 95
Trd, 8638293.632, 106
Trd, 8638294.082, 121
Trd, 8638296.882, 104
Trd, 8638298.382, 102
Trd, 8638298.432, 94
Trd, 8638299.332, 90
Trd, 8638302.632, 113
Trd, 8638303.532, 113
Trd, 8638303.932, 110
Trd, 8638304.832, 104
Trd, 8638306.282, 100
Trd, 8638306.332, 120
Trd, 8638306.632, 97
Trd, 8638307.682, 95
Trd, 8638307.982, 117
Trd, 8638312.682, 107
Trd, 8638312.732, 105
Trd, 8638313.832, 118
Trd, 8638314.532, 104
Trd, 8638316.532, 108
Trd, 8638318.632, 106
Trd, 8638318.882, 118
Trd, 8638320.882, 104
Trd, 8638320.982, 95
Trd, 8638321.532, 114
Trd, 8638323.982, 103
Trd, 8638324.282, 97
Trd, 8638325.082, 95
Trd, 8638326.282, 112
Trd, 8638327.582, 111
Trd, 8638329.982, 104
Trd, 8638330.032, 108
Trd, 8638330.782, 96
Trd, 8638332.382, 120
Trd, 8638332.532, 121
Trd, 8638333.582, 104
Trd, 8638333.732, 95
Trd, 8638335.132, 113
Trd, 8638336.582, 93
Trd, 8638338.132, 111
Trd, 8638338.232, 98
Trd, 8638341.382, 109
Trd, 8638342.032, 109
Trd, 8638342.532, 103
Trd, 8638346.082, 102
Trd, 8638347.032, 108
Trd, 8638348.882, 111
Trd, 8638349.732, 110
Trd, 8638350.482, 105
Trd, 8638352.182, 104
Trd, 8638352.282, 109
Trd, 8638355.482, 103
Trd, 8638356.882, 96
Trd, 8638357.032, 95
Trd, 8638357.982, 85
Trd, 8638358.582, 77
Trd, 8638358.982, 124
Trd, 8638359.482, 104
Trd, 8638362.032, 85
Trd, 8638362.082, 86
Trd, 8638365.182, 105
Trd, 8638365.682, 106
Trd, 8638367.832, 104
Trd, 8638368.732, 111
Trd, 8638368.882, 115
Trd, 8638371.882, 100
Trd, 8638372.082, 95
Trd, 8638373.432, 85
Trd, 8638373.632, 86
Trd, 8638374.532, 96
Trd, 8638375.682, 119
Trd, 8638378.482, 105
Trd, 8638379.282, 108
Trd, 8638379.682, 104
Trd, 8638379.782, 108
Trd, 8638380.982, 95
Trd, 8638381.282, 82
Trd, 8638382.182, 105
Trd, 8638382.682, 105
Trd, 8638384.232, 106
Trd, 8638385.882, 107
Trd, 8638385.932, 104
Trd, 8638388.882, 95
Trd, 8638389.082, 119
Trd, 8638389.382, 85
Trd, 8638390.832, 104
Trd, 8638392.032, 119
Trd, 8638394.032, 105
Trd, 8638394.632, 104
Trd, 8638395.632, 96
Trd, 8638396.782, 94
Trd, 8638397.282, 108
Trd, 8638399.582, 104
Trd, 8638399.782, 113
Trd, 8638399.832, 87
Trd, 8638400.032, 87
Trd, 8638402.032, 96
Trd, 8638402.332, 100
Trd, 8638404.982, 112
Trd, 8638405.032, 93
Trd, 8638406.532, 105
Trd, 8638406.582, 104
Trd, 8638407.382, 113
Trd, 8638407.832, 95
Trd, 8638409.782, 126
Trd, 8638410.432, 87
Trd, 8638412.532, 88
Trd, 8638414.632, 111
Trd, 8638414.682, 112
Trd, 8638415.382, 107
Trd, 8638415.782, 95
Trd, 8638417.482, 82
Trd, 8638418.282, 114
Trd, 8638419.532, 104
Trd, 8638419.832, 115
Trd, 8638421.582, 103
Trd, 8638423.782, 109
Trd, 8638426.332, 109
Trd, 8638427.532, 91
Trd, 8638428.332, 103
Trd, 8638429.132, 101
Trd, 8638429.182, 93
Trd, 8638429.882, 124
Trd, 8638433.082, 99
Trd, 8638433.282, 95
Trd, 8638434.132, 100
Trd, 8638436.382, 112
Trd, 8638438.432, 111
Trd, 8638439.032, 113
Trd, 8638440.432, 115
Trd, 8638443.282, 104
Trd, 8638444.032, 118
Trd, 8638444.232, 110
Trd, 8638444.332, 121
Trd, 8638444.832, 95
Trd, 8638445.632, 104
Trd, 8638446.282, 82
Trd, 8638448.132, 106
Trd, 8638448.582, 86
Trd, 8638449.382, 77
Trd, 8638450.382, 100
Trd, 8638451.332, 104
Trd, 8638451.382, 113
Trd, 8638452.482, 97
Trd, 8638458.282, 109
Trd, 8638458.382, 108
Trd, 8638459.032, 104
Trd, 8638460.782, 96
Trd, 8638460.932, 95
Trd, 8638461.982, 105
Trd, 8638462.832, 107
Trd, 8638464.532, 105
Trd, 8638464.982, 103
Trd, 8638466.682, 95
Trd, 8638468.582, 104
Trd, 8638469.232, 86
Trd, 8638469.282, 113
Trd, 8638470.582, 96
Trd, 8638471.282, 95
Trd, 8638471.982, 86
Trd, 8638472.932, 95
Trd, 8638473.632, 80
Trd, 8638477.682, 113
Trd, 8638480.082, 103
Trd, 8638480.582, 104
Trd, 8638481.732, 104
Trd, 8638483.482, 104
Trd, 8638483.832, 95
Trd, 8638484.682, 107
Trd, 8638486.332, 95
Trd, 8638486.732, 113
Trd, 8638487.232, 95
Trd, 8638489.082, 111
Trd, 8638490.432, 96
Trd, 8638491.682, 104
Trd, 8638492.832, 88
Trd, 8638492.982, 113
Trd, 8638493.532, 89
Trd, 8638495.882, 92
Trd, 8638497.082, 104
Trd, 8638498.982, 114
Trd, 8638500.732, 114
Trd, 8638500.782, 113
Trd, 8638501.332, 105
Trd, 8638502.182, 104
Trd, 8638502.632, 95
Trd, 8638504.182, 84
Trd, 8638505.482, 99
Trd, 8638506.132, 85
Trd, 8638507.832, 104
Trd, 8638508.082, 104
Trd, 8638508.232, 107
Trd, 8638508.332, 106
Trd, 8638509.082, 95
Trd, 8638513.532, 98
Trd, 8638514.032, 99
Trd, 8638515.232, 110
Trd, 8638516.282, 105
Trd, 8638518.132, 93
Trd, 8638518.182, 95
Trd, 8638522.132, 86
Trd, 8638522.732, 98
Trd, 8638523.432, 86
Trd, 8638523.482, 104
Trd, 8638523.632, 95
Trd, 8638526.032, 83
Trd, 8638529.032, 106
Trd, 8638530.132, 102
Trd, 8638530.482, 97
Trd, 8638530.682, 103
Trd, 8638531.632, 121
Trd, 8638533.332, 122
Trd, 8638536.182, 97
Trd, 8638536.732, 98
Trd, 8638536.832, 94
Trd, 8638536.882, 85
Trd, 8638540.032, 107
Trd, 8638541.832, 106
Trd, 8638542.032, 105
Trd, 8638543.832, 122
Trd, 8638544.232, 115
Trd, 8638545.632, 108
Trd, 8638545.732, 104
Trd, 8638547.082, 105
Trd, 8638548.032, 106
Trd, 8638549.032, 117
Trd, 8638550.282, 108
Trd, 8638551.232, 103
Trd, 8638551.632, 93
Trd, 8638553.432, 105
Trd, 8638553.532, 103
Trd, 8638554.132, 112
Trd, 8638555.382, 105
Trd, 8638555.532, 98
Trd, 8638557.332, 97
Trd, 8638560.582, 102
Trd, 8638561.782, 104
Trd, 8638562.882, 103
Trd, 8638563.182, 101
Trd, 8638565.582, 111
Trd, 8638565.782, 110
Trd, 8638567.182, 104
Trd, 8638567.432, 94
Trd, 8638568.232, 91
Trd, 8638572.832, 107
Trd, 8638573.582, 106
Trd, 8638573.882, 105
Trd, 8638575.332, 104
Trd, 8638576.482, 101
Trd, 8638578.832, 113
Trd, 8638579.332, 97
Trd, 8638579.882, 95
Trd, 8638579.932, 109
Trd, 8638581.132, 103
Trd, 8638584.332, 95
Trd, 8638584.432, 86
Trd, 8638585.782, 114
Trd, 8638587.932, 100
Trd, 8638589.582, 100
Trd, 8638590.482, 101
Trd, 8638590.732, 101
Trd, 8638592.032, 94
Trd, 8638592.082, 108
Trd, 8638594.532, 94
Trd, 8638594.732, 89
Trd, 8638596.782, 87
Trd, 8638597.282, 89
Trd, 8638599.032, 113
Trd, 8638603.632, 104
Trd, 8638604.482, 104
Trd, 8638604.582, 102
Trd, 8638605.032, 111
Trd, 8638607.232, 104
Trd, 8638607.582, 102
Trd, 8638607.732, 95
Trd, 8638609.082, 105
Trd, 8638610.882, 109
Trd, 8638611.082, 98
Trd, 8638611.432, 112
Trd, 8638612.082, 95
Trd, 8638612.332, 86
Trd, 8638612.482, 104
Trd, 8638614.982, 86
Trd, 8638615.182, 113
Trd, 8638615.282, 95
Trd, 8638616.582, 111
Trd, 8638617.732, 87
Trd, 8638619.732, 99
Trd, 8638619.782, 108
Trd, 8638621.032, 105
Trd, 8638622.132, 88
Trd, 8638624.582, 113
Trd, 8638625.182, 101
Trd, 8638625.782, 94
Trd, 8638626.832, 104
Trd, 8638628.332, 94
Trd, 8638629.982, 105
Trd, 8638630.932, 106
Trd, 8638633.182, 105
Trd, 8638634.082, 104
Trd, 8638635.282, 103
Trd, 8638635.432, 92
Trd, 8638637.632, 103
Trd, 8638638.582, 95
Trd, 8638639.032, 90
Trd, 8638640.032, 109
Trd, 8638640.132, 90
Trd, 8638643.832, 104
Trd, 8638644.332, 97
Trd, 8638647.982, 102
Trd, 8638648.732, 102
Trd, 8638649.132, 103
Trd, 8638650.732, 104
Trd, 8638652.682, 108
Trd, 8638654.682, 99
Trd, 8638657.332, 108
Trd, 8638657.832, 108
Trd, 8638658.832, 94
Trd, 8638662.032, 113
Trd, 8638662.082, 111
Trd, 8638664.632, 101
Trd, 8638664.832, 102
Trd, 8638667.282, 105
Trd, 8638667.382, 104
Trd, 8638670.032, 93
Trd, 8638671.832, 102
Trd, 8638674.232, 103
Trd, 8638675.382, 104
Trd, 8638677.082, 95
Trd, 8638677.632, 102
Trd, 8638678.382, 93
Trd, 8638679.682, 111
Trd, 8638682.432, 99
Trd, 8638683.432, 102
Trd, 8638683.582, 101
Trd, 8638683.632, 104
Trd, 8638683.832, 98
Trd, 8638684.882, 113
Trd, 8638687.532, 99
Trd, 8638689.082, 107
Trd, 8638689.582, 112
Trd, 8638690.082, 95
Trd, 8638690.382, 86
Trd, 8638690.732, 113
Trd, 8638693.482, 114
Trd, 8638694.782, 111
Trd, 8638695.532, 103
Trd, 8638696.382, 104
Trd, 8638697.582, 105
Trd, 8638698.182, 104
Trd, 8638700.932, 100
Trd, 8638701.382, 104
Trd, 8638701.882, 95
Trd, 8638703.582, 99
Trd, 8638704.682, 101
Trd, 8638706.582, 101
Trd, 8638706.682, 102
Trd, 8638707.132, 106
Trd, 8638708.382, 97
Trd, 8638708.782, 80
Trd, 8638711.382, 103
Trd, 8638713.382, 98
Trd, 8638714.432, 101
Trd, 8638716.432, 108
Trd, 8638718.482, 104
Trd, 8638718.982, 110
Trd, 8638720.682, 97
Trd, 8638721.282, 111
Trd, 8638721.982, 94
Trd, 8638723.132, 105
Trd, 8638724.782, 105
Trd, 8638725.432, 117
Trd, 8638725.482, 104
Trd, 8638727.232, 97
Trd, 8638727.432, 95
Trd, 8638732.332, 108
Trd, 8638732.782, 105
Trd, 8638734.232, 102
Trd, 8638734.832, 95
Trd, 8638738.582, 106
Trd, 8638739.332, 105
Trd, 8638741.132, 105
Trd, 8638742.332, 99
Trd, 8638742.932, 82
Trd, 8638742.982, 108
Trd, 8638744.882, 104
Trd, 8638746.182, 96
Trd, 8638747.132, 96
Trd, 8638750.232, 107
Trd, 8638750.382, 112
Trd, 8638752.282, 88
Trd, 8638754.232, 106
Trd, 8638757.432, 108
Trd, 8638757.632, 107
Trd, 8638758.332, 103
Trd, 8638761.182, 110
Trd, 8638761.582, 109
Trd, 8638761.682, 104
Trd, 8638763.732, 100
Trd, 8638764.332, 98
Trd, 8638766.082, 104
Trd, 8638767.482, 106
Trd, 8638767.832, 98
Trd, 8638768.232, 95
Trd, 8638768.882, 106
Trd, 8638770.082, 84
Trd, 8638770.182, 112
Trd, 8638773.132, 106
Trd, 8638773.332, 104
Trd, 8638773.932, 86
Trd, 8638775.732, 107
Trd, 8638777.832, 101
Trd, 8638779.482, 110
Trd, 8638779.582, 94
Trd, 8638780.732, 105
Trd, 8638782.432, 106
Trd, 8638785.782, 119
Trd, 8638787.582, 114
Trd, 8638787.882, 104
Trd, 8638790.732, 97
Trd, 8638792.132, 106
Trd, 8638793.382, 102
Trd, 8638794.182, 100
Trd, 8638794.832, 95
Trd, 8638795.182, 82
Trd, 8638797.332, 104
Trd, 8638799.682, 97
Trd, 8638801.132, 98
Trd, 8638804.332, 103
Trd, 8638804.432, 99
Trd, 8638805.782, 117
Trd, 8638808.232, 102
Trd, 8638808.432, 94
Trd, 8638808.982, 90
Trd, 8638811.232, 99
Trd, 8638811.932, 77
Trd, 8638813.982, 87
Trd, 8638814.932, 102
Trd, 8638816.232, 106
Trd, 8638817.182, 109
Trd, 8638819.032, 113
Trd, 8638819.432, 111
Trd, 8638819.532, 110
Trd, 8638820.832, 103
Trd, 8638822.732, 102
Trd, 8638823.032, 93
Trd, 8638824.532, 108
Trd, 8638825.932, 86
Trd, 8638826.182, 95
Trd, 8638827.432, 96
Trd, 8638830.582, 97
Trd, 8638831.132, 97
Trd, 8638831.782, 112
Trd, 8638833.332, 98
Trd, 8638836.032, 109
Trd, 8638836.232, 95
Trd, 8638837.232, 77
Trd, 8638837.932, 78
Trd, 8638841.382, 111
Trd, 8638842.282, 111
Trd, 8638842.782, 122
Trd, 8638843.582, 113
Trd, 8638844.432, 113
Trd, 8638845.182, 104
Trd, 8638846.382, 89
Trd, 8638850.482, 105
Trd, 8638850.782, 106
Trd, 8638853.232, 104
Trd, 8638853.432, 95
Trd, 8638855.132, 97
Trd, 8638855.732, 85
Trd, 8638856.382, 83
Trd, 8638858.682, 86
Trd, 8638859.532, 85
Trd, 8638859.982, 104
Trd, 8638863.182, 108
Trd, 8638864.632, 98
Trd, 8638864.832, 95
Trd, 8638866.032, 113
Trd, 8638868.132, 104
Trd, 8638868.932, 97
Trd, 8638869.082, 113
Trd, 8638869.582, 95
Trd, 8638870.182, 105
Trd, 8638870.832, 83
Trd, 8638873.632, 113
Trd, 8638875.782, 105
Trd, 8638876.032, 104
Trd, 8638877.082, 104
Trd, 8638877.482, 96
Trd, 8638878.632, 111
Trd, 8638880.282, 95
Trd, 8638881.332, 93
Trd, 8638883.482, 105
Trd, 8638883.582, 104
Trd, 8638883.682, 107
Trd, 8638884.432, 94
Trd, 8638886.182, 95
Trd, 8638886.782, 95
Trd, 8638890.882, 104
Trd, 8638893.182, 103
Trd, 8638893.332, 100
Trd, 8638894.632, 105
Trd, 8638894.732, 104
Trd, 8638895.932, 88
Trd, 8638897.832, 111
Trd, 8638898.232, 104
Trd, 8638899.482, 95
Trd, 8638900.782, 94
Trd, 8638901.282, 113
Trd, 8638902.682, 93
Trd, 8638905.332, 112
Trd, 8638905.932, 103
Trd, 8638906.882, 108
Trd, 8638907.032, 97
Trd, 8638907.282, 109
Trd, 8638908.132, 90
Trd, 8638908.982, 85
Trd, 8638909.232, 95
Trd, 8638913.132, 72
Trd, 8638913.582, 78
Trd, 8638914.782, 83
Trd, 8638915.382, 97
Trd, 8638916.382, 94
Trd, 8638917.132, 103
Trd, 8638918.632, 101
Trd, 8638921.032, 95
Trd, 8638922.282, 95
Trd, 8638922.632, 113
Trd, 8638925.982, 104
Trd, 8638926.982, 112
Trd, 8638928.232, 106
Trd, 8638928.282, 101
Trd, 8638929.682, 100
Trd, 8638930.782, 120
Trd, 8638930.982, 121
Trd, 8638932.182, 101
Trd, 8638932.532, 94
Trd, 8638932.682, 120
Trd, 8638934.032, 103
Trd, 8638935.932, 88
Trd, 8638936.582, 103
Trd, 8638938.182, 95
Trd, 8638938.882, 104
Trd, 8638942.782, 111
Trd, 8638944.732, 104
Trd, 8638945.132, 113
Trd, 8638948.032, 115
Trd, 8638949.182, 121
Trd, 8638949.582, 113
Trd, 8638951.082, 86
Trd, 8638951.482, 104
Trd, 8638952.632, 109
Trd, 8638952.732, 101
Trd, 8638955.032, 96
Trd, 8638956.132, 98
Trd, 8638956.182, 95
Trd, 8638958.132, 87
Trd, 8638958.882, 92
Trd, 8638961.832, 104
Trd, 8638962.932, 109
Trd, 8638964.982, 105
Trd, 8638966.082, 108
Trd, 8638966.482, 107
Trd, 8638967.032, 95
Trd, 8638967.982, 113
Trd, 8638969.732, 108
Trd, 8638970.382, 104
Trd, 8638972.082, 103
Trd, 8638972.532, 99
Trd, 8638975.082, 103
Trd, 8638975.782, 104
Trd, 8638976.332, 102
Trd, 8638979.932, 107
Trd, 8638979.982, 117
Trd, 8638982.982, 104
Trd, 8638983.082, 94
Trd, 8638984.182, 116
Trd, 8638984.932, 83
Trd, 8638989.132, 106
Trd, 8638989.282, 102
Trd, 8638989.832, 111
Trd, 8638991.432, 95
Trd, 8638993.282, 106
Trd, 8638994.982, 86
Trd, 8638995.382, 83
Trd, 8638995.732, 76
Trd, 8639000.732, 105
Trd, 8639001.082, 104
Trd, 8639001.182, 98
Trd, 8639002.382, 95
Trd, 8639003.232, 95
Trd, 8639006.432, 108
Trd, 8639007.032, 115
Trd, 8639007.632, 105
Trd, 8639010.882, 110
Trd, 8639011.232, 110
Trd, 8639011.332, 109
Trd, 8639011.632, 104
Trd, 8639011.732, 99
Trd, 8639013.182, 88
Trd, 8639013.582, 111
Trd, 8639015.982, 108
Trd, 8639016.682, 109
Trd, 8639017.082, 103
Trd, 8639017.432, 95
Trd, 8639018.282, 103
Trd, 8639022.832, 108
Trd, 8639023.082, 109
Trd, 8639023.782, 102
Trd, 8639024.032, 113
Trd, 8639025.582, 103
Trd, 8639025.632, 91
Trd, 8639027.232, 103
Trd, 8639027.532, 100
Trd, 8639027.932, 113
Trd, 8639030.432, 100
Trd, 8639033.232, 100
Trd, 8639035.132, 104
Trd, 8639035.232, 111
Trd, 8639035.482, 103
Trd, 8639038.432, 100
Trd, 8639040.732, 101
Trd, 8639041.832, 96
Trd, 8639042.282, 95
Trd, 8639043.182, 99
Trd, 8639045.532, 96
Trd, 8639046.632, 104
Trd, 8639051.032, 104
Trd, 8639051.082, 103
Trd, 8639052.182, 99
Trd, 8639052.632, 95
Trd, 8639053.582, 111
Trd, 8639056.132, 106
Trd, 8639056.232, 107
Trd, 8639057.132, 105
Trd, 8639057.432, 104
Trd, 8639059.682, 116
Trd, 8639059.832, 98
Trd, 8639061.282, 105
Trd, 8639063.682, 104
Trd, 8639065.982, 96
Trd, 8639066.032, 95
Trd, 8639067.482, 104
Trd, 8639069.782, 101
Trd, 8639070.282, 95
Trd, 8639071.732, 94
Trd, 8639074.032, 97
Trd, 8639074.432, 90
Trd, 8639074.582, 98
Trd, 8639076.682, 102
Trd, 8639077.382, 86
Trd, 8639077.882, 81
Trd, 8639078.532, 86
Trd, 8639080.482, 80
Trd, 8639082.232, 109
Trd, 8639082.832, 113
Trd, 8639083.382, 103
Trd, 8639084.282, 96
Trd, 8639085.132, 96
Trd, 8639086.282, 97
Trd, 8639089.032, 104
Trd, 8639089.682, 104
Trd, 8639090.832, 119
Trd, 8639091.482, 95
Trd, 8639092.082, 107
Trd, 8639092.632, 99
Trd, 8639095.932, 96
Trd, 8639096.432, 101
Trd, 8639096.732, 95
Trd, 8639098.332, 105
Trd, 8639099.132, 88
Trd, 8639099.882, 121
Trd, 8639102.082, 104
Trd, 8639104.632, 104
Trd, 8639105.932, 105
Trd, 8639106.282, 106
Trd, 8639106.632, 96
Trd, 8639108.832, 94
Trd, 8639110.032, 83
Trd, 8639111.532, 112
Trd, 8639112.132, 85
Trd, 8639112.782, 114
Trd, 8639114.182, 104
Trd, 8639114.632, 104
Trd, 8639117.882, 122
Trd, 8639118.282, 102
Trd, 8639119.932, 108
Trd, 8639120.032, 95
Trd, 8639122.532, 104
Trd, 8639122.782, 86
Trd, 8639124.232, 96
Trd, 8639126.732, 88
Trd, 8639127.532, 105
Trd, 8639129.032, 104
Trd, 8639129.182, 95
Trd, 8639131.432, 109
Trd, 8639132.782, 107
Trd, 8639133.832, 116
Trd, 8639134.632, 96
Trd, 8639135.582, 104
Trd, 8639135.782, 89
Trd, 8639136.432, 88
Trd, 8639139.032, 88
Trd, 8639142.382, 109
Trd, 8639143.032, 104
Trd, 8639143.532, 99
Trd, 8639144.282, 94
Trd, 8639145.232, 107
Trd, 8639146.882, 95
Trd, 8639147.482, 97
Trd, 8639149.382, 103
Trd, 8639150.082, 97
Trd, 8639151.482, 105
Trd, 8639152.532, 103
Trd, 8639154.082, 103
Trd, 8639157.032, 100
Trd, 8639157.832, 98
Trd, 8639158.832, 98
Trd, 8639158.932, 94
Trd, 8639161.282, 81
Trd, 8639163.382, 103
Trd, 8639164.282, 113
Trd, 8639164.682, 95
Trd, 8639165.832, 96
Trd, 8639166.732, 118
Trd, 8639167.982, 106
Trd, 8639168.082, 104
Trd, 8639170.932, 101
Trd, 8639172.282, 101
Trd, 8639172.582, 95
Trd, 8639172.882, 93
Trd, 8639175.582, 105
Trd, 8639176.932, 108
Trd, 8639178.032, 107
Trd, 8639178.182, 102
Trd, 8639181.782, 98
Trd, 8639184.032, 104
Trd, 8639184.532, 96
Trd, 8639185.382, 113
Trd, 8639188.032, 99
Trd, 8639188.232, 113
Trd, 8639189.082, 119
Trd, 8639189.482, 106
Trd, 8639191.432, 106
Trd, 8639193.882, 115
Trd, 8639194.782, 112
Trd, 8639196.932, 103
Trd, 8639197.982, 94
Trd, 8639198.432, 86
Trd, 8639198.932, 96
Trd, 8639199.982, 104
Trd, 8639202.332, 94
Trd, 8639203.032, 87
Trd, 8639205.132, 103
Trd, 8639205.982, 102
Trd, 8639206.382, 104
Trd, 8639210.182, 101
Trd, 8639210.282, 95
Trd, 8639211.532, 103
Trd, 8639212.382, 96
Trd, 8639214.232, 98
Trd, 8639214.532, 111
Trd, 8639214.682, 95
Trd, 8639215.632, 113
Trd, 8639216.432, 106
Trd, 8639216.682, 122
Trd, 8639218.232, 122
Trd, 8639219.432, 104
Trd, 8639220.732, 105
Trd, 8639222.282, 101
Trd, 8639223.882, 96
Trd, 8639224.232, 93
Trd, 8639225.482, 112
Trd, 8639226.532, 108
Trd, 8639227.232, 108
Trd, 8639227.482, 113
Trd, 8639229.982, 103
Trd, 8639231.932, 102
Trd, 8639232.582, 104
Trd, 8639233.232, 97
Trd, 8639234.232, 95
Trd, 8639234.732, 108
Trd, 8639234.982, 109
Trd, 8639236.932, 79
Trd, 8639237.632, 100
Trd, 8639238.032, 96
Trd, 8639238.532, 93
Trd, 8639239.382, 104
Trd, 8639241.782, 97
Trd, 8639242.332, 113
Trd, 8639242.982, 98
Trd, 8639243.582, 93
Trd, 8639243.782, 115
Trd, 8639245.032, 87
Trd, 8639248.682, 94
Trd, 8639249.382, 97
Trd, 8639251.282, 108
Trd, 8639252.282, 97
Trd, 8639252.382, 96
Trd, 8639255.682, 112
Trd, 8639256.332, 104
Trd, 8639258.182, 104
Trd, 8639258.882, 98
Trd, 8639260.532, 98
Trd, 8639261.982, 104
Trd, 8639262.882, 105
Trd, 8639263.782, 106
Trd, 8639264.032, 105
Trd, 8639264.132, 107
Trd, 8639264.982, 104
Trd, 8639266.532, 105
Trd, 8639268.232, 96
Trd, 8639269.532, 103
Trd, 8639269.732, 111
Trd, 8639269.932, 94
Trd, 8639270.982, 116
Trd, 8639271.682, 77
Trd, 8639273.282, 105
Trd, 8639274.132, 107
Trd, 8639276.632, 106
Trd, 8639276.832, 104
Trd, 8639277.682, 105
Trd, 8639279.932, 105
Trd, 8639280.632, 103
Trd, 8639281.132, 95
Trd, 8639282.532, 102
Trd, 8639284.982, 112
Trd, 8639285.432, 109
Trd, 8639286.832, 110
Trd, 8639288.282, 109
Trd, 8639290.832, 107
Trd, 8639291.482, 104
Trd, 8639292.732, 96
Trd, 8639294.632, 103
Trd, 8639295.482, 102
Trd, 8639296.482, 122
Trd, 8639297.532, 96
Trd, 8639297.732, 94
Trd, 8639298.682, 86
Trd, 8639300.332, 104
Trd, 8639301.632, 105
Trd, 8639302.132, 104
Trd, 8639302.432, 93
Trd, 8639303.682, 75
Trd, 8639306.332, 95
Trd, 8639307.132, 113
Trd, 8639307.732, 104
Trd, 8639309.532, 105
Trd, 8639310.732, 103
Trd, 8639310.982, 113
Trd, 8639312.482, 119
Trd, 8639313.132, 94
Trd, 8639314.532, 80
Trd, 8639314.682, 88
Trd, 8639315.632, 104
Trd, 8639315.782, 108
Trd, 8639319.432, 99
Trd, 8639319.782, 105
Trd, 8639319.832, 97
Trd, 8639322.432, 100
Trd, 8639324.632, 104
Trd, 8639325.782, 100
Trd, 8639325.932, 94
Trd, 8639328.332, 100
Trd, 8639329.932, 97
Trd, 8639330.232, 110
Trd, 8639330.882, 105
Trd, 8639332.032, 98
Trd, 8639332.682, 104
Trd, 8639337.682, 103
Trd, 8639337.932, 102
Trd, 8639338.632, 101
Trd, 8639338.732, 87
Trd, 8639342.282, 105
Trd, 8639342.632, 104
Trd, 8639343.282, 87
Trd, 8639344.882, 105
Trd, 8639348.932, 108
Trd, 8639349.282, 113
Trd, 8639350.482, 107
Trd, 8639350.582, 106
Trd, 8639351.582, 105
Trd, 8639351.732, 104
Trd, 8639353.582, 95
Trd, 8639356.332, 104
Trd, 8639356.682, 105
Trd, 8639357.232, 97
Trd, 8639359.482, 96
Trd, 8639359.582, 95
Trd, 8639360.832, 104
Trd, 8639362.332, 79
Trd, 8639362.982, 86
Trd, 8639363.982, 102
Trd, 8639364.782, 110
Trd, 8639364.982, 113
Trd, 8639366.582, 104
Trd, 8639369.582, 86
Trd, 8639369.632, 87
Trd, 8639369.882, 85
Trd, 8639372.532, 93
Trd, 8639374.032, 115
Trd, 8639375.632, 105
Trd, 8639376.332, 104
Trd, 8639377.082, 88
Trd, 8639377.382, 88
Trd, 8639378.782, 103
Trd, 8639379.982, 87
Trd, 8639380.832, 86
Trd, 8639381.532, 97
Trd, 8639382.032, 104
Trd, 8639383.732, 106
Trd, 8639385.982, 104
Trd, 8639386.732, 106
Trd, 8639389.032, 114
Trd, 8639389.332, 105
Trd, 8639392.032, 108
Trd, 8639393.932, 105
Trd, 8639395.132, 106
Trd, 8639398.282, 111
Trd, 8639398.682, 111
Trd, 8639398.732, 110
Trd, 8639399.132, 94
Trd, 8639400.482, 105
Trd, 8639401.332, 107
Trd, 8639402.732, 113
Trd, 8639403.032, 110
Trd, 8639405.332, 105
Trd, 8639405.982, 105
Trd, 8639407.432, 104
Trd, 8639408.982, 115
Trd, 8639409.282, 104
Trd, 8639411.332, 103
Trd, 8639415.032, 106
Trd, 8639415.182, 105
Trd, 8639415.682, 108
Trd, 8639416.382, 104
Trd, 8639419.432, 95
Trd, 8639420.032, 104
Trd, 8639422.132, 110
Trd, 8639423.732, 95
Trd, 8639424.082, 99
Trd, 8639425.282, 95
Trd, 8639425.832, 94
Trd, 8639426.132, 113
Trd, 8639428.782, 105
Trd, 8639429.032, 104
Trd, 8639430.432, 104
Trd, 8639430.532, 94
Trd, 8639431.332, 83
Trd, 8639432.182, 77
Trd, 8639433.932, 86
Trd, 8639434.482, 87
Trd, 8639437.532, 104
Trd, 8639438.182, 101
Trd, 8639438.382, 112
Trd, 8639441.382, 108
Trd, 8639443.532, 87
Trd, 8639444.482, 106
Trd, 8639445.082, 96
Trd, 8639447.382, 97
Trd, 8639448.032, 117
Trd, 8639449.482, 107
Trd, 8639450.582, 103
Trd, 8639450.932, 105
Trd, 8639452.332, 104
Trd, 8639453.632, 108
Trd, 8639454.332, 104
Trd, 8639456.782, 117
Trd, 8639456.932, 99
Trd, 8639458.332, 118
Trd, 8639458.682, 113
Trd, 8639460.532, 105
Trd, 8639461.382, 108
Trd, 8639463.332, 96
Trd, 8639463.432, 95
Trd, 8639465.182, 105
Trd, 8639466.182, 105
Trd, 8639468.382, 104
Trd, 8639469.982, 97
Trd, 8639471.032, 94
Trd, 8639471.682, 89
Trd, 8639473.132, 90
Trd, 8639474.982, 83
Trd, 8639477.282, 88
Trd, 8639478.932, 89
Trd, 8639479.082, 102
Trd, 8639480.482, 102
Trd, 8639480.882, 101
Trd, 8639481.982, 113
Trd, 8639483.432, 104
Trd, 8639484.832, 97
Trd, 8639485.482, 96
Trd, 8639487.532, 97
Trd, 8639490.332, 100
Trd, 8639490.732, 98
Trd, 8639491.932, 101
Trd, 8639493.082, 87
Trd, 8639495.532, 96
Trd, 8639498.482, 104
Trd, 8639499.032, 103
Trd, 8639501.232, 95
Trd, 8639502.632, 111
Trd, 8639502.682, 105
Trd, 8639503.782, 104
Trd, 8639505.282, 102
Trd, 8639505.582, 107
Trd, 8639508.232, 97
Trd, 8639510.032, 99
Trd, 8639510.282, 98
Trd, 8639510.982, 102
Trd, 8639514.682, 113
Trd, 8639514.832, 98
Trd, 8639515.832, 98
Trd, 8639516.082, 93
Trd, 8639518.232, 103
Trd, 8639519.532, 104
Trd, 8639519.732, 109
Trd, 8639520.282, 94
Trd, 8639521.782, 104
Trd, 8639523.782, 108
Trd, 8639524.332, 107
Trd, 8639524.682, 104
Trd, 8639525.332, 85
Trd, 8639527.482, 86
Trd, 8639529.232, 113
Trd, 8639530.232, 95
Trd, 8639531.982, 119
Trd, 8639533.232, 113
Trd, 8639536.232, 113
Trd, 8639536.432, 113
Trd, 8639538.182, 106
Trd, 8639538.332, 103
Trd, 8639539.382, 92
Trd, 8639539.482, 82
Trd, 8639540.632, 107
Trd, 8639542.432, 104
Trd, 8639543.432, 106
Trd, 8639544.332, 77
Trd, 8639546.732, 93
Trd, 8639547.482, 99
Trd, 8639548.232, 101
Trd, 8639548.632, 111
Trd, 8639548.932, 100
Trd, 8639549.882, 100
Trd, 8639552.232, 103
Trd, 8639553.282, 102
Trd, 8639554.832, 97
Trd, 8639555.582, 104
Trd, 8639559.582, 102
Trd, 8639561.082, 123
Trd, 8639562.382, 104
Trd, 8639562.782, 103
Trd, 8639562.832, 102
Trd, 8639563.982, 103
Trd, 8639566.282, 113
Trd, 8639568.682, 104
Trd, 8639568.732, 106
Trd, 8639568.832, 99
Trd, 8639569.582, 99
Trd, 8639571.282, 99
Trd, 8639574.282, 95
Trd, 8639575.482, 102
Trd, 8639575.882, 105
Trd, 8639576.582, 95
Trd, 8639578.332, 104
Trd, 8639579.682, 104
Trd, 8639580.632, 106
Trd, 8639581.982, 108
Trd, 8639582.582, 104
Trd, 8639584.982, 105
Trd, 8639585.832, 103
Trd, 8639588.382, 95
Trd, 8639588.782, 84
Trd, 8639589.832, 100
Trd, 8639591.132, 89
Trd, 8639592.132, 102
Trd, 8639592.832, 89
Trd, 8639594.332, 79
Trd, 8639595.082, 105
Trd, 8639596.332, 106
Trd, 8639597.082, 110
Trd, 8639597.132, 113
Trd, 8639597.982, 104
Trd, 8639599.982, 112
Trd, 8639600.482, 94
Trd, 8639601.082, 119
Trd, 8639602.932, 106
Trd, 8639603.632, 105
Trd, 8639604.982, 106
Trd, 8639606.232, 112
Trd, 8639606.782, 118
Trd, 8639607.132, 105
Trd, 8639607.982, 103
Trd, 8639609.882, 95
Trd, 8639614.182, 97
Trd, 8639614.382, 94
Trd, 8639615.232, 109
Trd, 8639616.082, 86
Trd, 8639618.032, 102
Trd, 8639620.782, 103
Trd, 8639621.882, 94
Trd, 8639621.982, 107
Trd, 8639622.282, 94
Trd, 8639624.732, 97
Trd, 8639625.532, 97
Trd, 8639626.132, 96
Trd, 8639628.382, 124
Trd, 8639628.582, 99
Trd, 8639630.582, 119
Trd, 8639633.232, 105
Trd, 8639635.882, 106
Trd, 8639636.782, 110
Trd, 8639637.782, 105
Trd, 8639639.032, 107
Trd, 8639641.182, 107
Trd, 8639641.632, 109
Trd, 8639643.082, 104
Trd, 8639643.382, 113
Trd, 8639644.932, 111
Trd, 8639645.332, 110
Trd, 8639647.532, 104
Trd, 8639648.082, 105
Trd, 8639650.182, 95
Trd, 8639651.682, 104
Trd, 8639652.132, 106
Trd, 8639652.632, 104
Trd, 8639652.782, 104
Trd, 8639653.182, 113
Trd, 8639653.882, 104
Trd, 8639655.632, 88
Trd, 8639657.232, 91
Trd, 8639658.032, 104
Trd, 8639660.832, 98
Trd, 8639661.682, 98
Trd, 8639662.632, 100
Trd, 8639662.682, 104
Trd, 8639664.982, 98
Trd, 8639666.232, 94
Trd, 8639667.382, 95
Trd, 8639667.682, 113
Trd, 8639670.532, 105
Trd, 8639671.532, 107
Trd, 8639672.882, 102
Trd, 8639673.282, 95
Trd, 8639674.482, 92
Trd, 8639675.532, 87
Trd, 8639677.282, 97
Trd, 8639677.932, 104
Trd, 8639679.132, 95
Trd, 8639679.582, 80
Trd, 8639681.482, 86
Trd, 8639682.732, 111
Trd, 8639685.432, 116
Trd, 8639687.532, 111
Trd, 8639688.282, 103
Trd, 8639688.482, 95
Trd, 8639690.232, 118
Trd, 8639691.832, 103
Trd, 8639691.882, 95
Trd, 8639693.382, 116
Trd, 8639693.632, 98
Trd, 8639694.382, 118
Trd, 8639695.982, 96
Trd, 8639696.732, 104
Trd, 8639699.032, 97
Trd, 8639700.482, 113
Trd, 8639701.282, 112
Trd, 8639702.182, 98
Trd, 8639702.332, 95
Trd, 8639704.032, 104
Trd, 8639704.082, 112
Trd, 8639705.532, 100
Trd, 8639706.782, 99
Trd, 8639707.132, 98
Trd, 8639707.182, 95
Trd, 8639710.132, 103
Trd, 8639710.332, 99
Trd, 8639712.182, 97
Trd, 8639713.532, 98
Trd, 8639713.832, 95
Trd, 8639714.632, 86
Trd, 8639715.682, 113
Trd, 8639720.182, 95
Trd, 8639720.832, 104
Trd, 8639721.232, 94
Trd, 8639722.882, 106
Trd, 8639724.382, 95
Trd, 8639724.432, 94
Trd, 8639725.932, 111
Trd, 8639727.232, 104
Trd, 8639730.332, 96
Trd, 8639732.182, 96
Trd, 8639733.582, 99
Trd, 8639733.632, 97
Trd, 8639735.982, 99
Trd, 8639737.482, 105
Trd, 8639738.882, 105
Trd, 8639740.082, 105
Trd, 8639740.282, 104
Trd, 8639740.982, 94
Trd, 8639742.382, 102
Trd, 8639744.682, 89
Trd, 8639745.182, 89
Trd, 8639746.082, 104
Trd, 8639749.132, 98
Trd, 8639750.432, 101
Trd, 8639750.532, 98
Trd, 8639752.282, 95
Trd, 8639753.132, 105
Trd, 8639753.682, 102
Trd, 8639754.132, 104
Trd, 8639754.332, 104
Trd, 8639757.232, 99
Trd, 8639757.432, 98
Trd, 8639757.732, 104
Trd, 8639758.532, 93
Trd, 8639761.982, 84
Trd, 8639762.132, 86
Trd, 8639762.532, 107
Trd, 8639763.082, 95
Trd, 8639764.432, 101
Trd, 8639766.582, 105
Trd, 8639766.882, 104
Trd, 8639767.532, 107
Trd, 8639767.832, 86
Trd, 8639769.532, 95
Trd, 8639770.232, 77
Trd, 8639770.832, 104
Trd, 8639772.082, 85
Trd, 8639774.332, 87
Trd, 8639774.382, 86
Trd, 8639775.932, 112
Trd, 8639776.982, 78
Trd, 8639778.082, 82
Trd, 8639781.582, 87
Trd, 8639783.732, 104
Trd, 8639783.982, 104
Trd, 8639785.532, 102
Trd, 8639785.782, 111
Trd, 8639785.932, 95
Trd, 8639788.282, 104
Trd, 8639789.632, 105
Trd, 8639790.082, 104
Trd, 8639790.132, 108
Trd, 8639791.082, 95
Trd, 8639791.282, 113
Trd, 8639793.832, 106
Trd, 8639794.032, 104
Trd, 8639797.682, 77
Trd, 8639799.432, 80
Trd, 8639800.132, 88
Trd, 8639802.782, 104
Trd, 8639803.632, 104
Trd, 8639806.932, 98
Trd, 8639807.682, 97
Trd, 8639809.532, 98
Trd, 8639810.732, 97
Trd, 8639810.932, 98
Trd, 8639811.382, 101
Trd, 8639811.782, 106
Trd, 8639814.182, 95
Trd, 8639814.432, 122
Trd, 8639815.582, 92
Trd, 8639818.632, 102
Trd, 8639818.782, 88
Trd, 8639820.782, 105
Trd, 8639823.482, 105
Trd, 8639823.732, 104
Trd, 8639824.682, 103
Trd, 8639825.082, 95
Trd, 8639826.982, 105
Trd, 8639829.532, 105
Trd, 8639829.682, 104
Trd, 8639831.532, 113
Trd, 8639832.682, 113
Trd, 8639833.182, 107
Trd, 8639834.032, 107
Trd, 8639834.382, 117
Trd, 8639835.782, 108
Trd, 8639837.182, 113
Trd, 8639839.682, 101
Trd, 8639840.032, 95
Trd, 8639841.182, 82
Trd, 8639841.332, 83
Trd, 8639842.832, 114
Trd, 8639843.432, 87
Trd, 8639846.082, 100
Trd, 8639846.782, 98
Trd, 8639847.582, 91
Trd, 8639850.582, 105
Trd, 8639851.032, 105
Trd, 8639851.632, 104
Trd, 8639854.782, 104
Trd, 8639857.032, 112
Trd, 8639858.732, 101
Trd, 8639859.882, 106
Trd, 8639860.132, 111
Trd, 8639862.032, 108
Trd, 8639862.482, 104
Trd, 8639862.532, 113
Trd, 8639862.632, 95
Trd, 8639865.182, 95
Trd, 8639866.182, 97
Trd, 8639867.182, 106
Trd, 8639869.582, 99
Trd, 8639871.482, 104
Trd, 8639872.532, 110
Trd, 8639873.582, 105
Trd, 8639874.232, 104
Trd, 8639876.432, 96
Trd, 8639876.482, 113
Trd, 8639878.682, 115
Trd, 8639880.682, 121
Trd, 8639882.832, 117
Trd, 8639884.132, 95
Trd, 8639885.232, 94
Trd, 8639885.932, 101
Trd, 8639886.282, 94
Trd, 8639886.432, 95
Trd, 8639886.932, 75
Trd, 8639887.682, 101
Trd, 8639888.682, 78
Trd, 8639890.282, 99
Trd, 8639890.782, 96
Trd, 8639892.032, 92
Trd, 8639893.182, 99
Trd, 8639895.932, 120
Trd, 8639898.582, 95
Trd, 8639899.482, 105
Trd, 8639902.682, 105
Trd, 8639904.482, 97
Trd, 8639904.882, 95
Trd, 8639905.732, 105
Trd, 8639908.632, 106
Trd, 8639910.382, 111
Trd, 8639910.482, 110
Trd, 8639911.982, 104
Trd, 8639912.182, 93
Trd, 8639912.382, 113
Trd, 8639913.882, 91
Trd, 8639915.882, 80
Trd, 8639916.332, 81
Trd, 8639917.932, 86
Trd, 8639918.732, 81
Trd, 8639919.932, 78
Trd, 8639922.832, 100
Trd, 8639922.982, 117
Trd, 8639923.282, 92
Trd, 8639926.182, 95
Trd, 8639928.382, 103
Trd, 8639928.832, 104
Trd, 8639928.882, 103
Trd, 8639929.132, 102
Trd, 8639930.082, 95
Trd, 8639931.832, 103
Trd, 8639935.232, 99
Trd, 8639936.032, 100
Trd, 8639936.882, 107
Trd, 8639938.032, 95
Trd, 8639939.082, 91
Trd, 8639944.032, 107
Trd, 8639944.432, 106
Trd, 8639944.982, 108
Trd, 8639945.932, 104
Trd, 8639947.382, 98
Trd, 8639947.832, 111
Trd, 8639949.182, 119
Trd, 8639951.632, 105
Trd, 8639952.682, 106
Trd, 8639954.632, 106
Trd, 8639956.082, 110
Trd, 8639956.132, 101
Trd, 8639956.632, 94
Trd, 8639960.382, 92
Trd, 8639960.682, 83
Trd, 8639961.782, 107
Trd, 8639962.932, 108
Trd, 8639962.982, 104
Trd, 8639963.782, 94
Trd, 8639966.582, 97
Trd, 8639966.882, 95
Trd, 8639968.032, 72
Trd, 8639968.782, 113
Trd, 8639969.682, 107
Trd, 8639970.082, 104
Trd, 8639971.232, 95
Trd, 8639971.732, 100
Trd, 8639974.232, 75
Trd, 8639975.682, 85
Trd, 8639976.932, 113
Trd, 8639978.432, 106
Trd, 8639979.032, 106
Trd, 8639979.532, 103
Trd, 8639979.882, 97
Trd, 8639981.982, 105
Trd, 8639983.332, 103
Trd, 8639986.532, 103
Trd, 8639986.582, 104
Trd, 8639988.032, 105
Trd, 8639988.782, 106
Trd, 8639989.132, 104
Trd, 8639990.382, 113
Trd, 8639991.182, 112
Trd, 8639991.532, 116
Trd, 8639995.382, 111
Trd, 8639996.882, 111
Trd, 8639997.432, 111
Trd, 8639998.832, 107
