Trd, 8637920.482, 95
Trd, 8637922.682, 98
Trd, 8637923.482, 99
Trd, 8637924.332, 99
Trd, 8637925.682, 97
Trd, 8637926.682, 96
Trd, 8637928.882, 101
Trd, 8637928.932, 104
Trd, 8637930.732, 99
Trd, 8637930.782, 97
Trd, 8637933.532, 100
Trd, 8637934.182, 106
Trd, 8637935.582, 101
Trd, 8637935.982, 102
Trd, 8637939.082, 111
Trd, 8637939.132, 98
Trd, 8637940.332, 101
Trd, 8637942.532, 110
Trd, 8637942.932, 109
Trd, 8637942.982, 95
Trd, 8637944.982, 108
Trd, 8637947.132, 94
Trd, 8637950.082, 108
Trd, 8637950.432, 109
Trd, 8637950.582, 108
Trd, 8637953.482, 115
Trd, 8637955.182, 114
Trd, 8637955.232, 112
Trd, 8637956.132, 107
Trd, 8637956.632, 112
Trd, 8637958.582, 106
Trd, 8637960.432, 107
Trd, 8637960.582, 104
Trd, 8637961.282, 98
Trd, 8637962.282, 95
Trd, 8637964.682, 90
Trd, 8637965.932, 99
Trd, 8637966.132, 93
Trd, 8637967.832, 97
Trd, 8637969.282, 100
Trd, 8637969.782, 102
Trd, 8637969.932, 104
Trd, 8637972.432, 103
Trd, 8637975.132, 100
Trd, 8637975.632, 101
Trd, 8637975.982, 86
Trd, 8637976.182, 85
Trd, 8637979.082, 89
Trd, 8637980.282, 115
Trd, 8637980.632, 114
Trd, 8637981.082, 109
Trd, 8637982.932, 114
Trd, 8637983.832, 114
Trd, 8637985.082, 113
Trd, 8637985.232, 104
Trd, 8637986.682, 95
Trd, 8637987.632, 112
Trd, 8637989.932, 98
Trd, 8637991.032, 101
Trd, 8637992.132, 97
Trd, 8637992.382, 97
Trd, 8637995.232, 101
Trd, 8637996.182, 97
Trd, 8637996.232, 86
Trd, 8637996.682, 111
Trd, 8637999.432, 112
Trd, 8638000.382, 92
Trd, 8638000.432, 90
Trd, 8638000.882, 80
Trd, 8638002.232, 86
Trd, 8638002.982, 81
Trd, 8638003.632, 86
Trd, 8638005.182, 86
Trd, 8638007.632, 105
Trd, 8638009.132, 98
Trd, 8638011.232, 102
Trd, 8638012.032, 103
Trd, 8638012.182, 102
Trd, 8638012.482, 113
Trd, 8638013.232, 112
Trd, 8638015.682, 118
Trd, 8638016.282, 120
Trd, 8638016.482, 116
Trd, 8638018.532, 112
Trd, 8638019.982, 111
Trd, 8638020.232, 104
Trd, 8638020.632, 95
Trd, 8638023.582, 114
Trd, 8638024.432, 112
Trd, 8638024.732, 113
Trd, 8638024.882, 111
Trd, 8638025.432, 95
Trd, 8638027.082, 97
Trd, 8638027.432, 98
Trd, 8638030.982, 113
Trd, 8638031.682, 113
Trd, 8638032.382, 104
Trd, 8638033.532, 101
Trd, 8638033.782, 95
Trd, 8638034.882, 114
Trd, 8638036.382, 113
Trd, 8638037.532, 106
Trd, 8638040.732, 104
Trd, 8638040.832, 109
Trd, 8638041.132, 104
Trd, 8638041.782, 102
Trd, 8638042.132, 95
Trd, 8638042.232, 86
Trd, 8638042.382, 77
Trd, 8638043.682, 108
Trd, 8638048.132, 93
Trd, 8638048.382, 101
Trd, 8638048.882, 95
Trd, 8638050.882, 100
Trd, 8638052.232, 101
Trd, 8638052.282, 95
Trd, 8638056.132, 93
Trd, 8638056.932, 110
Trd, 8638057.132, 94
Trd, 8638057.232, 93
Trd, 8638057.382, 90
Trd, 8638059.382, 90
Trd, 8638060.932, 88
Trd, 8638062.132, 101
Trd, 8638064.732, 96
Trd, 8638065.582, 97
Trd, 8638066.232, 97
Trd, 8638066.732, 97
Trd, 8638068.282, 97
Trd, 8638069.582, 86
Trd, 8638070.932, 88
Trd, 8638071.832, 103
Trd, 8638072.382, 91
Trd, 8638073.482, 101
Trd, 8638074.582, 101
Trd, 8638075.432, 102
Trd, 8638076.382, 103
Trd, 8638076.532, 101
Trd, 8638078.032, 95
Trd, 8638078.682, 112
Trd, 8638079.582, 86
Trd, 8638081.082, 77
Trd, 8638085.432, 91
Trd, 8638086.482, 98
Trd, 8638086.832, 104
Trd, 8638087.782, 104
Trd, 8638088.082, 104
Trd, 8638088.182, 101
Trd, 8638088.882, 95
Trd, 8638089.782, 85
Trd, 8638093.232, 95
Trd, 8638094.532, 97
Trd, 8638095.932, 100
Trd, 8638097.182, 95
Trd, 8638097.782, 105
Trd, 8638098.432, 89
Trd, 8638099.682, 87
Trd, 8638101.032, 88
Trd, 8638103.232, 94
Trd, 8638104.282, 92
Trd, 8638104.982, 94
Trd, 8638107.182, 100
Trd, 8638107.682, 86
Trd, 8638108.782, 86
Trd, 8638110.982, 94
Trd, 8638111.132, 98
Trd, 8638111.482, 93
Trd, 8638113.082, 89
Trd, 8638113.582, 90
Trd, 8638114.982, 95
Trd, 8638115.332, 84
Trd, 8638118.082, 101
Trd, 8638119.382, 95
Trd, 8638121.132, 102
Trd, 8638121.632, 101
Trd, 8638123.632, 105
Trd, 8638124.782, 108
Trd, 8638125.382, 107
Trd, 8638126.332, 107
Trd, 8638126.432, 106
Trd, 8638126.732, 104
Trd, 8638130.182, 88
Trd, 8638130.282, 87
Trd, 8638132.282, 91
Trd, 8638133.232, 100
Trd, 8638133.882, 91
Trd, 8638136.282, 95
Trd, 8638136.482, 95
Trd, 8638137.932, 97
Trd, 8638138.082, 102
Trd, 8638138.732, 95
Trd, 8638139.282, 81
Trd, 8638140.032, 78
Trd, 8638140.632, 112
Trd, 8638143.432, 87
Trd, 8638143.682, 111
Trd, 8638144.932, 95
Trd, 8638148.282, 106
Trd, 8638149.132, 104
Trd, 8638149.682, 102
Trd, 8638149.982, 108
Trd, 8638150.832, 95
Trd, 8638153.182, 96
Trd, 8638154.082, 105
Trd, 8638155.782, 103
Trd, 8638156.482, 105
Trd, 8638157.432, 104
Trd, 8638158.482, 103
Trd, 8638159.632, 87
Trd, 8638161.032, 89
Trd, 8638161.732, 99
Trd, 8638162.332, 89
Trd, 8638163.482, 86
Trd, 8638164.532, 86
Trd, 8638165.082, 89
Trd, 8638166.832, 95
Trd, 8638168.232, 94
Trd, 8638169.432, 85
Trd, 8638169.682, 94
Trd, 8638171.832, 88
Trd, 8638174.482, 97
Trd, 8638176.082, 112
Trd, 8638177.282, 110
Trd, 8638179.732, 106
Trd, 8638180.182, 105
Trd, 8638180.582, 102
Trd, 8638181.032, 112
Trd, 8638182.582, 96
Trd, 8638183.632, 98
Trd, 8638185.032, 79
Trd, 8638186.832, 85
Trd, 8638190.232, 100
Trd, 8638190.632, 101
Trd, 8638190.982, 104
Trd, 8638192.132, 104
Trd, 8638194.032, 110
Trd, 8638194.482, 109
Trd, 8638195.232, 109
Trd, 8638196.082, 96
Trd, 8638197.132, 88
Trd, 8638198.432, 112
Trd, 8638200.832, 96
Trd, 8638202.132, 104
Trd, 8638202.482, 97
Trd, 8638203.732, 102
Trd, 8638204.782, 102
Trd, 8638204.882, 99
Trd, 8638206.232, 109
Trd, 8638209.432, 94
Trd, 8638211.232, 104
Trd, 8638211.432, 102
Trd, 8638211.832, 104
Trd, 8638212.682, 103
Trd, 8638213.732, 96
Trd, 8638214.032, 95
Trd, 8638214.882, 86
Trd, 8638218.182, 87
Trd, 8638219.182, 87
Trd, 8638219.482, 87
Trd, 8638220.332, 104
Trd, 8638222.982, 94
Trd, 8638225.732, 100
Trd, 8638226.932, 103
Trd, 8638227.582, 95
Trd, 8638229.382, 89
Trd, 8638230.982, 91
Trd, 8638231.582, 102
Trd, 8638232.882, 100
Trd, 8638233.182, 97
Trd, 8638234.432, 97
Trd, 8638235.082, 88
Trd, 8638236.282, 107
Trd, 8638236.782, 91
Trd, 8638239.582, 93
Trd, 8638240.682, 97
Trd, 8638240.732, 104
Trd, 8638241.332, 96
Trd, 8638241.882, 86
Trd, 8638246.232, 97
Trd, 8638246.732, 88
Trd, 8638248.432, 91
Trd, 8638248.782, 91
Trd, 8638249.332, 92
Trd, 8638249.982, 93
Trd, 8638250.782, 96
Trd, 8638250.882, 95
Trd, 8638253.232, 104
Trd, 8638256.432, 113
Trd, 8638258.832, 101
Trd, 8638258.932, 99
Trd, 8638263.482, 95
Trd, 8638263.682, 94
Trd, 8638264.082, 95
Trd, 8638264.482, 87
Trd, 8638267.082, 94
Trd, 8638267.732, 95
Trd, 8638267.882, 93
Trd, 8638268.982, 98
Trd, 8638271.282, 98
Trd, 8638272.032, 100
Trd, 8638272.932, 86
Trd, 8638273.332, 110
Trd, 8638278.482, 103
Trd, 8638278.832, 102
Trd, 8638278.882, 100
Trd, 8638279.732, 109
Trd, 8638279.832, 95
Trd, 8638280.332, 88
Trd, 8638282.132, 91
Trd, 8638284.032, 88
Trd, 8638285.532, 109
Trd, 8638286.032, 96
Trd, 8638286.232, 90
Trd, 8638288.132, 95
Trd, 8638291.032, 102
Trd, 8638292.482, 104
Trd, 8638292.982, 104
Trd, 8638293.332, 104
Trd, 8638294.582, 104
Trd, 8638295.682, 108
Trd, 8638296.932, 108
Trd, 8638298.182, 110
Trd, 8638298.882, 109
Trd, 8638299.982, 106
Trd, 8638300.982, 107
Trd, 8638303.782, 113
Trd, 8638304.432, 112
Trd, 8638304.532, 111
Trd, 8638306.682, 106
Trd, 8638307.032, 104
Trd, 8638307.282, 86
Trd, 8638309.332, 107
Trd, 8638310.782, 95
Trd, 8638311.832, 99
Trd, 8638312.182, 99
Trd, 8638314.282, 101
Trd, 8638315.332, 101
Trd, 8638315.582, 100
Trd, 8638315.782, 101
Trd, 8638316.232, 113
Trd, 8638317.432, 100
Trd, 8638317.482, 99
Trd, 8638318.132, 96
Trd, 8638320.382, 95
Trd, 8638320.682, 87
Trd, 8638322.882, 87
Trd, 8638323.432, 105
Trd, 8638327.832, 99
Trd, 8638328.282, 101
Trd, 8638328.732, 101
Trd, 8638328.782, 104
Trd, 8638331.882, 100
Trd, 8638333.032, 101
Trd, 8638333.832, 95
Trd, 8638335.132, 111
Trd, 8638335.232, 92
Trd, 8638335.332, 91
Trd, 8638335.582, 111
Trd, 8638337.582, 94
Trd, 8638339.882, 95
Trd, 8638340.482, 94
Trd, 8638342.832, 98
Trd, 8638343.332, 97
Trd, 8638343.632, 98
Trd, 8638346.232, 101
Trd, 8638346.332, 92
Trd, 8638346.432, 90
Trd, 8638347.932, 90
Trd, 8638349.932, 91
Trd, 8638351.082, 77
Trd, 8638351.532, 86
Trd, 8638353.232, 93
Trd, 8638355.582, 86
Trd, 8638356.732, 100
Trd, 8638358.082, 97
Trd, 8638358.982, 98
Trd, 8638361.832, 100
Trd, 8638362.832, 102
Trd, 8638363.232, 98
Trd, 8638364.282, 96
Trd, 8638365.732, 113
Trd, 8638366.632, 101
Trd, 8638366.832, 103
Trd, 8638366.982, 112
Trd, 8638370.682, 95
Trd, 8638371.382, 95
Trd, 8638372.332, 104
Trd, 8638372.382, 99
Trd, 8638373.082, 100
Trd, 8638374.432, 101
Trd, 8638375.532, 102
Trd, 8638377.532, 95
Trd, 8638378.732, 90
Trd, 8638379.832, 95
Trd, 8638380.732, 97
Trd, 8638380.832, 92
Trd, 8638381.832, 88
Trd, 8638383.082, 101
Trd, 8638384.032, 86
Trd, 8638384.582, 86
Trd, 8638385.632, 101
Trd, 8638387.482, 99
Trd, 8638389.182, 99
Trd, 8638389.982, 86
Trd, 8638392.232, 83
Trd, 8638392.882, 113
Trd, 8638394.082, 88
Trd, 8638395.632, 94
Trd, 8638396.682, 98
Trd, 8638398.232, 103
Trd, 8638399.132, 104
Trd, 8638399.482, 104
Trd, 8638399.632, 103
Trd, 8638399.782, 84
Trd, 8638401.632, 81
Trd, 8638402.232, 80
Trd, 8638404.232, 95
Trd, 8638406.932, 114
Trd, 8638408.082, 114
Trd, 8638408.632, 113
Trd, 8638409.682, 105
Trd, 8638409.982, 107
Trd, 8638410.832, 104
Trd, 8638413.132, 89
Trd, 8638414.632, 101
Trd, 8638414.882, 87
Trd, 8638415.932, 90
Trd, 8638417.082, 87
Trd, 8638418.382, 90
Trd, 8638419.932, 95
Trd, 8638421.082, 94
Trd, 8638422.382, 96
Trd, 8638422.632, 99
Trd, 8638423.082, 94
Trd, 8638426.282, 95
Trd, 8638428.182, 97
Trd, 8638429.982, 99
Trd, 8638430.032, 109
Trd, 8638430.432, 98
Trd, 8638431.532, 95
Trd, 8638432.182, 88
Trd, 8638432.682, 101
Trd, 8638435.782, 100
Trd, 8638436.132, 101
Trd, 8638436.332, 99
Trd, 8638437.132, 95
Trd, 8638440.232, 105
Trd, 8638441.032, 97
Trd, 8638441.432, 97
Trd, 8638442.182, 107
Trd, 8638445.982, 108
Trd, 8638446.482, 108
Trd, 8638447.332, 107
Trd, 8638449.382, 112
Trd, 8638449.582, 95
Trd, 8638451.832, 87
Trd, 8638454.232, 95
Trd, 8638456.332, 99
Trd, 8638456.932, 100
Trd, 8638457.932, 99
Trd, 8638459.682, 111
Trd, 8638459.832, 102
Trd, 8638461.132, 101
Trd, 8638461.782, 101
Trd, 8638463.182, 104
Trd, 8638463.632, 103
Trd, 8638464.082, 106
Trd, 8638467.382, 112
Trd, 8638467.632, 101
Trd, 8638469.032, 104
Trd, 8638470.432, 105
Trd, 8638472.982, 98
Trd, 8638473.732, 95
Trd, 8638475.732, 88
Trd, 8638476.732, 89
Trd, 8638476.982, 108
Trd, 8638479.382, 104
Trd, 8638479.932, 103
Trd, 8638480.482, 104
Trd, 8638480.882, 103
Trd, 8638481.182, 95
Trd, 8638483.582, 78
Trd, 8638485.082, 84
Trd, 8638487.232, 79
Trd, 8638487.332, 75
Trd, 8638490.132, 86
Trd, 8638490.282, 86
Trd, 8638490.632, 86
Trd, 8638491.332, 104
Trd, 8638491.832, 86
Trd, 8638493.332, 89
Trd, 8638495.232, 93
Trd, 8638496.032, 115
Trd, 8638497.432, 118
Trd, 8638498.632, 114
Trd, 8638500.182, 114
Trd, 8638501.382, 110
Trd, 8638503.082, 109
Trd, 8638503.132, 107
Trd, 8638505.632, 105
Trd, 8638506.482, 105
Trd, 8638506.982, 104
Trd, 8638507.882, 105
Trd, 8638508.882, 99
Trd, 8638509.982, 86
Trd, 8638511.632, 80
Trd, 8638514.182, 86
Trd, 8638514.382, 103
Trd, 8638515.232, 84
Trd, 8638518.332, 97
Trd, 8638519.482, 99
Trd, 8638519.632, 97
Trd, 8638520.982, 97
Trd, 8638521.082, 99
Trd, 8638524.882, 102
Trd, 8638525.582, 102
Trd, 8638526.782, 103
Trd, 8638526.982, 104
Trd, 8638527.232, 86
Trd, 8638527.582, 112
Trd, 8638531.382, 86
Trd, 8638531.932, 90
Trd, 8638532.582, 88
Trd, 8638533.382, 88
Trd, 8638533.632, 97
Trd, 8638535.782, 95
Trd, 8638536.982, 95
Trd, 8638537.982, 95
Trd, 8638539.032, 94
Trd, 8638539.832, 87
Trd, 8638540.882, 108
Trd, 8638540.932, 89
Trd, 8638541.232, 86
Trd, 8638546.382, 87
Trd, 8638546.832, 102
Trd, 8638547.432, 90
Trd, 8638547.882, 91
Trd, 8638548.232, 90
Trd, 8638548.682, 101
Trd, 8638549.432, 90
Trd, 8638552.732, 98
Trd, 8638553.332, 102
Trd, 8638555.832, 106
Trd, 8638557.232, 99
Trd, 8638558.032, 98
Trd, 8638559.582, 99
Trd, 8638560.182, 99
Trd, 8638561.382, 100
Trd, 8638562.332, 100
Trd, 8638562.682, 99
Trd, 8638562.982, 104
Trd, 8638566.932, 103
Trd, 8638567.682, 105
Trd, 8638567.982, 105
Trd, 8638568.682, 106
Trd, 8638570.232, 105
Trd, 8638572.432, 101
Trd, 8638573.282, 102
Trd, 8638573.432, 104
Trd, 8638574.732, 104
Trd, 8638577.532, 91
Trd, 8638578.432, 89
Trd, 8638579.582, 104
Trd, 8638580.132, 83
Trd, 8638582.032, 86
Trd, 8638582.582, 98
Trd, 8638584.132, 95
Trd, 8638584.282, 94
Trd, 8638586.232, 102
Trd, 8638586.582, 101
Trd, 8638586.782, 100
Trd, 8638588.682, 111
Trd, 8638589.032, 88
Trd, 8638592.082, 92
Trd, 8638592.132, 91
Trd, 8638593.232, 104
Trd, 8638593.982, 98
Trd, 8638594.932, 100
Trd, 8638595.232, 99
Trd, 8638596.082, 96
Trd, 8638598.132, 96
Trd, 8638599.132, 96
Trd, 8638599.382, 95
Trd, 8638599.882, 97
Trd, 8638603.532, 97
Trd, 8638603.732, 96
Trd, 8638604.782, 97
Trd, 8638605.032, 96
Trd, 8638607.182, 112
Trd, 8638607.632, 111
Trd, 8638607.782, 95
Trd, 8638608.282, 86
Trd, 8638610.382, 91
Trd, 8638610.932, 89
Trd, 8638611.182, 87
Trd, 8638615.582, 97
Trd, 8638615.682, 99
Trd, 8638616.382, 98
Trd, 8638616.882, 97
Trd, 8638618.132, 99
Trd, 8638619.432, 85
Trd, 8638620.032, 79
Trd, 8638620.482, 103
Trd, 8638621.382, 80
Trd, 8638624.582, 95
Trd, 8638626.882, 97
Trd, 8638627.332, 98
Trd, 8638627.932, 97
Trd, 8638629.132, 96
Trd, 8638629.432, 95
Trd, 8638631.032, 95
Trd, 8638632.382, 98
Trd, 8638634.282, 100
Trd, 8638635.082, 100
Trd, 8638636.532, 98
Trd, 8638637.132, 106
Trd, 8638638.432, 91
Trd, 8638641.332, 98
Trd, 8638641.432, 104
Trd, 8638642.132, 100
Trd, 8638643.432, 104
Trd, 8638643.582, 104
Trd, 8638645.332, 103
Trd, 8638645.732, 109
Trd, 8638647.282, 104
Trd, 8638647.682, 104
Trd, 8638648.932, 98
Trd, 8638649.332, 95
Trd, 8638651.732, 102
Trd, 8638652.282, 89
Trd, 8638652.832, 89
Trd, 8638654.182, 104
Trd, 8638655.782, 92
Trd, 8638655.932, 91
Trd, 8638658.232, 91
Trd, 8638658.782, 90
Trd, 8638662.032, 102
Trd, 8638662.482, 95
Trd, 8638662.932, 93
Trd, 8638665.882, 112
Trd, 8638667.382, 101
Trd, 8638668.882, 105
Trd, 8638669.382, 103
Trd, 8638671.682, 101
Trd, 8638672.432, 103
Trd, 8638672.732, 110
Trd, 8638673.582, 113
Trd, 8638674.982, 104
Trd, 8638677.532, 108
Trd, 8638678.132, 108
Trd, 8638680.232, 108
Trd, 8638680.482, 107
Trd, 8638682.982, 98
Trd, 8638683.232, 98
Trd, 8638684.532, 98
Trd, 8638686.082, 111
Trd, 8638688.332, 111
Trd, 8638688.632, 111
Trd, 8638688.982, 107
Trd, 8638689.132, 111
Trd, 8638690.032, 104
Trd, 8638691.632, 86
Trd, 8638694.132, 111
Trd, 8638694.232, 112
Trd, 8638694.682, 111
Trd, 8638695.482, 110
Trd, 8638696.232, 111
Trd, 8638696.882, 104
Trd, 8638697.482, 95
Trd, 8638699.032, 86
Trd, 8638699.132, 105
Trd, 8638700.382, 87
Trd, 8638703.232, 94
Trd, 8638704.982, 95
Trd, 8638705.132, 96
Trd, 8638705.682, 94
Trd, 8638706.732, 94
Trd, 8638708.582, 89
Trd, 8638710.332, 113
Trd, 8638711.932, 113
Trd, 8638714.132, 105
Trd, 8638714.182, 104
Trd, 8638714.682, 108
Trd, 8638717.482, 99
Trd, 8638717.532, 96
Trd, 8638720.882, 97
Trd, 8638722.182, 96
Trd, 8638723.082, 103
Trd, 8638723.782, 102
Trd, 8638724.582, 103
Trd, 8638724.682, 101
Trd, 8638725.282, 104
Trd, 8638725.382, 95
Trd, 8638726.932, 90
Trd, 8638728.532, 91
Trd, 8638730.882, 92
Trd, 8638731.282, 88
Trd, 8638734.782, 103
Trd, 8638734.882, 104
Trd, 8638735.232, 103
Trd, 8638736.132, 111
Trd, 8638739.832, 113
Trd, 8638739.982, 104
Trd, 8638740.232, 106
Trd, 8638740.382, 105
Trd, 8638743.732, 108
Trd, 8638744.282, 109
Trd, 8638745.082, 109
Trd, 8638745.132, 111
Trd, 8638745.782, 105
Trd, 8638751.632, 97
Trd, 8638751.982, 106
Trd, 8638752.082, 97
Trd, 8638752.732, 97
Trd, 8638753.182, 95
Trd, 8638754.732, 102
Trd, 8638755.032, 93
Trd, 8638757.732, 99
Trd, 8638759.432, 101
Trd, 8638760.082, 103
Trd, 8638760.882, 104
Trd, 8638764.082, 97
Trd, 8638764.232, 97
Trd, 8638764.882, 109
Trd, 8638766.632, 98
Trd, 8638769.782, 92
Trd, 8638769.832, 91
Trd, 8638770.332, 88
Trd, 8638772.882, 97
Trd, 8638773.532, 98
Trd, 8638774.032, 97
Trd, 8638774.882, 95
Trd, 8638775.232, 86
Trd, 8638775.982, 81
Trd, 8638778.932, 92
Trd, 8638780.032, 94
Trd, 8638780.382, 95
Trd, 8638780.482, 104
Trd, 8638780.882, 95
Trd, 8638782.132, 99
Trd, 8638782.582, 98
Trd, 8638785.132, 90
Trd, 8638785.232, 89
Trd, 8638787.232, 105
Trd, 8638788.682, 97
Trd, 8638791.182, 104
Trd, 8638792.332, 106
Trd, 8638792.982, 106
Trd, 8638793.582, 105
Trd, 8638793.932, 104
Trd, 8638795.332, 112
Trd, 8638798.132, 104
Trd, 8638798.982, 102
Trd, 8638799.582, 112
Trd, 8638800.082, 113
Trd, 8638801.782, 97
Trd, 8638802.182, 97
Trd, 8638803.332, 87
Trd, 8638806.482, 101
Trd, 8638807.632, 95
Trd, 8638809.732, 100
Trd, 8638810.682, 101
Trd, 8638811.282, 102
Trd, 8638811.532, 95
Trd, 8638812.832, 108
Trd, 8638816.332, 105
Trd, 8638816.982, 106
Trd, 8638817.232, 107
Trd, 8638818.182, 106
Trd, 8638818.632, 84
Trd, 8638819.932, 84
Trd, 8638821.282, 82
Trd, 8638822.882, 86
Trd, 8638823.432, 87
Trd, 8638824.282, 96
Trd, 8638827.482, 110
Trd, 8638828.182, 98
Trd, 8638828.232, 97
Trd, 8638828.532, 96
Trd, 8638830.882, 108
Trd, 8638832.832, 98
Trd, 8638833.682, 95
Trd, 8638834.782, 102
Trd, 8638834.982, 89
Trd, 8638835.682, 87
Trd, 8638838.932, 96
Trd, 8638839.932, 99
Trd, 8638840.082, 99
Trd, 8638840.332, 98
Trd, 8638841.532, 100
Trd, 8638842.332, 100
Trd, 8638846.232, 104
Trd, 8638846.332, 100
Trd, 8638847.282, 102
Trd, 8638849.482, 105
Trd, 8638850.682, 107
Trd, 8638851.382, 107
Trd, 8638851.632, 95
Trd, 8638854.082, 107
Trd, 8638854.382, 94
Trd, 8638855.082, 95
Trd, 8638856.232, 90
Trd, 8638856.982, 87
Trd, 8638859.482, 82
Trd, 8638862.282, 94
Trd, 8638863.382, 94
Trd, 8638863.632, 95
Trd, 8638863.982, 104
Trd, 8638864.932, 99
Trd, 8638865.032, 98
Trd, 8638867.732, 91
Trd, 8638867.832, 113
Trd, 8638869.532, 98
Trd, 8638870.082, 95
Trd, 8638870.732, 110
Trd, 8638872.132, 89
Trd, 8638874.232, 87
Trd, 8638875.732, 92
Trd, 8638877.332, 96
Trd, 8638877.782, 96
Trd, 8638878.582, 97
Trd, 8638879.082, 96
Trd, 8638879.782, 88
Trd, 8638880.282, 103
Trd, 8638882.532, 96
Trd, 8638883.732, 99
Trd, 8638884.082, 100
Trd, 8638885.232, 95
Trd, 8638885.582, 101
Trd, 8638887.532, 102
Trd, 8638888.332, 90
Trd, 8638889.782, 95
Trd, 8638890.532, 98
Trd, 8638892.182, 99
Trd, 8638892.482, 101
Trd, 8638893.682, 104
Trd, 8638894.232, 101
Trd, 8638896.432, 112
Trd, 8638897.182, 104
Trd, 8638897.532, 95
Trd, 8638898.232, 88
Trd, 8638900.532, 96
Trd, 8638900.782, 109
Trd, 8638902.882, 104
Trd, 8638903.432, 103
Trd, 8638906.032, 92
Trd, 8638908.382, 103
Trd, 8638909.732, 112
Trd, 8638911.582, 107
Trd, 8638911.832, 106
Trd, 8638915.032, 98
Trd, 8638915.132, 102
Trd, 8638915.982, 99
Trd, 8638916.782, 100
Trd, 8638917.232, 95
Trd, 8638917.282, 103
Trd, 8638917.782, 86
Trd, 8638918.582, 85
Trd, 8638921.982, 98
Trd, 8638923.832, 104
Trd, 8638924.032, 111
Trd, 8638924.332, 103
Trd, 8638926.382, 107
Trd, 8638928.882, 116
Trd, 8638929.482, 111
Trd, 8638930.582, 101
Trd, 8638931.132, 101
Trd, 8638931.682, 106
Trd, 8638933.232, 88
Trd, 8638934.882, 89
Trd, 8638935.632, 89
Trd, 8638935.982, 100
Trd, 8638938.982, 101
Trd, 8638940.982, 100
Trd, 8638941.132, 101
Trd, 8638941.632, 99
Trd, 8638942.432, 97
Trd, 8638944.282, 96
Trd, 8638945.082, 112
Trd, 8638946.032, 102
Trd, 8638949.132, 108
Trd, 8638950.832, 117
Trd, 8638951.432, 114
Trd, 8638952.182, 114
Trd, 8638952.582, 114
Trd, 8638953.982, 98
Trd, 8638954.082, 97
Trd, 8638954.982, 106
Trd, 8638955.232, 86
Trd, 8638959.282, 89
Trd, 8638959.832, 90
Trd, 8638960.682, 93
Trd, 8638961.532, 95
Trd, 8638961.682, 96
Trd, 8638965.032, 112
Trd, 8638965.382, 101
Trd, 8638965.482, 86
Trd, 8638966.032, 78
Trd, 8638967.532, 82
Trd, 8638967.632, 110
Trd, 8638968.682, 84
Trd, 8638971.882, 102
Trd, 8638972.182, 108
Trd, 8638973.832, 105
Trd, 8638974.432, 104
Trd, 8638974.882, 96
Trd, 8638978.432, 92
Trd, 8638979.682, 98
Trd, 8638980.682, 97
Trd, 8638980.732, 102
Trd, 8638981.382, 78
Trd, 8638983.032, 104
Trd, 8638984.832, 91
Trd, 8638985.382, 87
Trd, 8638988.532, 95
Trd, 8638989.932, 93
Trd, 8638990.882, 97
Trd, 8638991.082, 96
Trd, 8638992.582, 102
Trd, 8638993.082, 95
Trd, 8638993.132, 93
Trd, 8638997.182, 97
Trd, 8638997.332, 96
Trd, 8638998.432, 108
Trd, 8638999.282, 97
Trd, 8639002.032, 102
Trd, 8639002.532, 100
Trd, 8639003.332, 100
Trd, 8639003.932, 95
Trd, 8639005.932, 91
Trd, 8639007.232, 92
Trd, 8639008.332, 95
Trd, 8639010.282, 103
Trd, 8639011.432, 103
Trd, 8639011.482, 102
Trd, 8639013.782, 87
Trd, 8639014.232, 88
Trd, 8639017.432, 102
Trd, 8639017.632, 101
Trd, 8639018.482, 102
Trd, 8639021.282, 92
Trd, 8639021.332, 91
Trd, 8639022.382, 89
Trd, 8639023.482, 86
Trd, 8639026.082, 92
Trd, 8639027.932, 98
Trd, 8639028.282, 99
Trd, 8639028.832, 101
Trd, 8639029.632, 102
Trd, 8639031.482, 98
Trd, 8639032.932, 97
Trd, 8639033.932, 96
Trd, 8639036.632, 103
Trd, 8639038.282, 100
Trd, 8639038.532, 99
Trd, 8639038.682, 104
Trd, 8639039.232, 98
Trd, 8639040.632, 96
Trd, 8639041.732, 110
Trd, 8639042.432, 88
Trd, 8639043.382, 87
Trd, 8639045.932, 91
Trd, 8639047.032, 91
Trd, 8639047.832, 101
Trd, 8639048.532, 92
Trd, 8639049.082, 92
Trd, 8639051.832, 99
Trd, 8639052.432, 102
Trd, 8639053.132, 103
Trd, 8639053.632, 104
Trd, 8639054.482, 103
Trd, 8639055.182, 110
Trd, 8639059.432, 97
Trd, 8639060.382, 96
Trd, 8639061.732, 98
Trd, 8639062.582, 100
Trd, 8639063.132, 100
Trd, 8639064.232, 104
Trd, 8639066.182, 100
Trd, 8639066.432, 94
Trd, 8639067.632, 95
Trd, 8639069.382, 100
Trd, 8639069.782, 99
Trd, 8639070.132, 99
Trd, 8639072.582, 106
Trd, 8639073.382, 97
Trd, 8639075.132, 96
Trd, 8639075.232, 104
Trd, 8639078.282, 101
Trd, 8639078.432, 100
Trd, 8639081.232, 97
Trd, 8639082.032, 88
Trd, 8639082.532, 110
Trd, 8639083.382, 78
Trd, 8639084.232, 80
Trd, 8639086.032, 87
Trd, 8639088.132, 106
Trd, 8639088.382, 98
Trd, 8639090.932, 98
Trd, 8639091.332, 101
Trd, 8639091.732, 97
Trd, 8639092.732, 95
Trd, 8639092.832, 77
Trd, 8639095.832, 92
Trd, 8639096.432, 92
Trd, 8639097.532, 114
Trd, 8639097.632, 113
Trd, 8639100.532, 111
Trd, 8639100.582, 96
Trd, 8639101.332, 98
Trd, 8639101.832, 97
Trd, 8639104.182, 96
Trd, 8639104.882, 96
Trd, 8639107.582, 86
Trd, 8639108.482, 113
Trd, 8639109.232, 84
Trd, 8639110.382, 110
Trd, 8639111.982, 97
Trd, 8639112.332, 96
Trd, 8639112.932, 107
Trd, 8639114.882, 104
Trd, 8639115.232, 100
Trd, 8639116.582, 80
Trd, 8639118.132, 88
Trd, 8639119.582, 91
Trd, 8639119.782, 105
Trd, 8639121.432, 95
Trd, 8639123.632, 101
Trd, 8639123.782, 104
Trd, 8639123.882, 100
Trd, 8639126.232, 106
Trd, 8639126.432, 105
Trd, 8639126.682, 104
Trd, 8639128.882, 95
Trd, 8639128.932, 105
Trd, 8639130.232, 91
Trd, 8639132.482, 94
Trd, 8639134.082, 113
Trd, 8639135.032, 100
Trd, 8639135.132, 99
Trd, 8639137.032, 90
Trd, 8639139.182, 96
Trd, 8639139.782, 95
Trd, 8639141.032, 92
Trd, 8639141.432, 92
Trd, 8639142.032, 84
Trd, 8639142.732, 80
Trd, 8639143.882, 99
Trd, 8639144.232, 82
Trd, 8639146.932, 93
Trd, 8639150.482, 110
Trd, 8639151.482, 106
Trd, 8639152.132, 106
Trd, 8639152.182, 105
Trd, 8639153.132, 106
Trd, 8639153.832, 104
Trd, 8639155.082, 95
Trd, 8639155.732, 112
Trd, 8639155.782, 86
Trd, 8639157.632, 71
Trd, 8639160.432, 85
Trd, 8639163.182, 99
Trd, 8639163.332, 99
Trd, 8639163.482, 98
Trd, 8639164.382, 95
Trd, 8639165.682, 103
Trd, 8639166.332, 88
Trd, 8639166.382, 103
Trd, 8639167.782, 92
Trd, 8639170.432, 95
Trd, 8639170.582, 85
Trd, 8639171.382, 87
Trd, 8639172.432, 114
Trd, 8639172.782, 113
Trd, 8639175.632, 98
Trd, 8639176.432, 97
Trd, 8639177.582, 103
Trd, 8639178.032, 101
Trd, 8639178.732, 100
Trd, 8639179.382, 112
Trd, 8639179.632, 87
Trd, 8639180.732, 89
Trd, 8639186.182, 98
Trd, 8639187.432, 106
Trd, 8639188.132, 100
Trd, 8639188.332, 98
Trd, 8639189.782, 97
Trd, 8639191.182, 99
Trd, 8639191.232, 98
Trd, 8639194.332, 112
Trd, 8639196.282, 93
Trd, 8639198.132, 95
Trd, 8639198.982, 104
Trd, 8639200.582, 100
Trd, 8639200.932, 113
Trd, 8639202.232, 103
Trd, 8639202.782, 103
Trd, 8639205.182, 98
Trd, 8639206.182, 108
Trd, 8639208.832, 105
Trd, 8639209.732, 105
Trd, 8639210.032, 104
Trd, 8639211.382, 112
Trd, 8639211.482, 108
Trd, 8639213.282, 98
Trd, 8639215.232, 101
Trd, 8639216.782, 109
Trd, 8639219.132, 106
Trd, 8639219.182, 105
Trd, 8639219.832, 105
Trd, 8639220.432, 111
Trd, 8639221.582, 105
Trd, 8639222.482, 95
Trd, 8639225.232, 89
Trd, 8639227.482, 93
Trd, 8639228.432, 98
Trd, 8639228.682, 99
Trd, 8639230.582, 103
Trd, 8639230.882, 104
Trd, 8639232.132, 106
Trd, 8639232.782, 104
Trd, 8639234.132, 86
Trd, 8639234.182, 104
Trd, 8639235.282, 74
Trd, 8639237.082, 83
Trd, 8639239.532, 96
Trd, 8639240.382, 96
Trd, 8639242.482, 103
Trd, 8639242.682, 104
Trd, 8639242.782, 104
Trd, 8639242.882, 102
Trd, 8639246.332, 104
Trd, 8639248.382, 113
Trd, 8639248.832, 107
Trd, 8639250.132, 108
Trd, 8639251.082, 107
Trd, 8639251.382, 106
Trd, 8639255.382, 99
Trd, 8639256.132, 99
Trd, 8639257.232, 101
Trd, 8639257.432, 98
Trd, 8639259.232, 102
Trd, 8639262.082, 113
Trd, 8639262.782, 107
Trd, 8639264.932, 108
Trd, 8639265.732, 104
Trd, 8639267.082, 114
Trd, 8639267.382, 115
Trd, 8639267.982, 115
Trd, 8639268.482, 113
Trd, 8639269.532, 96
Trd, 8639270.582, 96
Trd, 8639271.232, 107
Trd, 8639275.332, 96
Trd, 8639275.432, 96
Trd, 8639276.832, 100
Trd, 8639277.282, 103
Trd, 8639279.432, 101
Trd, 8639279.632, 100
Trd, 8639281.382, 103
Trd, 8639283.282, 113
Trd, 8639283.532, 104
Trd, 8639284.032, 104
Trd, 8639284.382, 104
Trd, 8639285.732, 98
Trd, 8639287.682, 112
Trd, 8639289.682, 92
Trd, 8639290.532, 93
Trd, 8639291.632, 96
Trd, 8639293.532, 97
Trd, 8639293.732, 100
Trd, 8639295.332, 101
Trd, 8639296.582, 103
Trd, 8639296.682, 102
Trd, 8639297.532, 113
Trd, 8639298.882, 101
Trd, 8639300.532, 113
Trd, 8639300.782, 95
Trd, 8639303.532, 91
Trd, 8639303.882, 90
Trd, 8639305.582, 81
Trd, 8639307.432, 87
Trd, 8639309.182, 92
Trd, 8639309.682, 93
Trd, 8639310.032, 103
Trd, 8639310.382, 90
Trd, 8639311.882, 100
Trd, 8639312.232, 89
Trd, 8639313.132, 87
Trd, 8639315.232, 95
Trd, 8639316.532, 95
Trd, 8639317.082, 94
Trd, 8639317.282, 85
Trd, 8639317.732, 100
Trd, 8639321.982, 94
Trd, 8639324.432, 98
Trd, 8639324.982, 97
Trd, 8639325.332, 108
Trd, 8639326.332, 101
Trd, 8639328.582, 104
Trd, 8639328.882, 100
Trd, 8639329.232, 87
Trd, 8639330.032, 88
Trd, 8639330.082, 111
Trd, 8639333.382, 102
Trd, 8639335.582, 106
Trd, 8639336.282, 106
Trd, 8639336.532, 105
Trd, 8639340.732, 99
Trd, 8639341.582, 98
Trd, 8639341.832, 104
Trd, 8639342.382, 96
Trd, 8639345.832, 83
Trd, 8639347.332, 99
Trd, 8639347.532, 94
Trd, 8639350.032, 100
Trd, 8639352.082, 101
Trd, 8639352.482, 99
Trd, 8639353.832, 100
Trd, 8639354.332, 101
Trd, 8639355.432, 100
Trd, 8639355.532, 99
Trd, 8639358.232, 101
Trd, 8639358.432, 100
Trd, 8639359.882, 100
Trd, 8639361.032, 111
Trd, 8639362.732, 106
Trd, 8639364.132, 105
Trd, 8639364.182, 109
Trd, 8639364.382, 104
Trd, 8639369.432, 99
Trd, 8639369.882, 96
Trd, 8639370.282, 104
Trd, 8639370.832, 105
Trd, 8639371.532, 99
Trd, 8639375.132, 107
Trd, 8639375.532, 107
Trd, 8639375.782, 106
Trd, 8639377.582, 98
Trd, 8639379.032, 102
Trd, 8639379.332, 102
Trd, 8639380.382, 97
Trd, 8639381.132, 113
Trd, 8639381.882, 101
Trd, 8639382.982, 100
Trd, 8639383.982, 95
Trd, 8639384.682, 89
Trd, 8639388.582, 101
Trd, 8639388.782, 101
Trd, 8639389.582, 102
Trd, 8639391.432, 106
Trd, 8639392.332, 105
Trd, 8639393.182, 106
Trd, 8639393.582, 100
Trd, 8639395.582, 93
Trd, 8639396.282, 94
Trd, 8639397.532, 95
Trd, 8639398.782, 95
Trd, 8639402.282, 100
Trd, 8639402.532, 95
Trd, 8639403.132, 94
Trd, 8639405.782, 104
Trd, 8639406.282, 100
Trd, 8639409.632, 106
Trd, 8639410.182, 105
Trd, 8639410.382, 105
Trd, 8639411.332, 104
Trd, 8639413.582, 98
Trd, 8639413.632, 95
Trd, 8639414.432, 88
Trd, 8639416.132, 91
Trd, 8639416.832, 90
Trd, 8639418.382, 92
Trd, 8639419.632, 88
Trd, 8639419.682, 107
Trd, 8639422.332, 88
Trd, 8639424.132, 94
Trd, 8639425.332, 97
Trd, 8639425.432, 98
Trd, 8639426.432, 98
Trd, 8639427.282, 98
Trd, 8639427.632, 98
Trd, 8639431.282, 115
Trd, 8639431.932, 115
Trd, 8639432.132, 114
Trd, 8639432.782, 114
Trd, 8639433.082, 112
Trd, 8639433.732, 105
Trd, 8639440.282, 101
Trd, 8639440.832, 103
Trd, 8639440.932, 100
Trd, 8639441.182, 99
Trd, 8639441.682, 95
Trd, 8639444.482, 101
Trd, 8639445.382, 92
Trd, 8639445.832, 92
Trd, 8639448.682, 98
Trd, 8639448.732, 99
Trd, 8639449.182, 97
Trd, 8639449.832, 94
Trd, 8639450.032, 86
Trd, 8639452.182, 79
Trd, 8639452.832, 108
Trd, 8639456.482, 90
Trd, 8639457.482, 106
Trd, 8639458.082, 92
Trd, 8639458.432, 91
Trd, 8639458.582, 89
Trd, 8639459.882, 90
Trd, 8639461.882, 94
Trd, 8639462.382, 91
Trd, 8639462.632, 86
Trd, 8639462.732, 85
Trd, 8639464.882, 92
Trd, 8639466.682, 92
Trd, 8639467.432, 94
Trd, 8639470.582, 101
Trd, 8639470.632, 100
Trd, 8639471.232, 98
Trd, 8639473.232, 119
Trd, 8639473.332, 118
Trd, 8639474.232, 117
Trd, 8639474.682, 113
Trd, 8639476.982, 112
Trd, 8639477.032, 113
Trd, 8639478.932, 102
Trd, 8639479.482, 103
Trd, 8639480.782, 97
Trd, 8639480.832, 112
Trd, 8639482.532, 90
Trd, 8639484.782, 90
Trd, 8639485.332, 113
Trd, 8639485.382, 112
Trd, 8639489.082, 107
Trd, 8639489.682, 97
Trd, 8639489.832, 96
Trd, 8639491.332, 99
Trd, 8639492.032, 100
Trd, 8639492.582, 104
Trd, 8639493.782, 98
Trd, 8639496.382, 101
Trd, 8639496.632, 100
Trd, 8639496.982, 98
Trd, 8639499.382, 98
Trd, 8639499.682, 99
Trd, 8639500.382, 98
Trd, 8639501.132, 113
Trd, 8639501.432, 87
Trd, 8639504.232, 97
Trd, 8639505.432, 101
Trd, 8639505.782, 101
Trd, 8639508.032, 104
Trd, 8639509.832, 112
Trd, 8639511.782, 97
Trd, 8639512.082, 96
Trd, 8639512.682, 105
Trd, 8639514.682, 103
Trd, 8639514.832, 103
Trd, 8639515.532, 87
Trd, 8639518.232, 93
Trd, 8639519.932, 95
Trd, 8639519.982, 94
Trd, 8639520.932, 98
Trd, 8639523.032, 88
Trd, 8639524.782, 99
Trd, 8639524.982, 90
Trd, 8639525.032, 88
Trd, 8639530.232, 103
Trd, 8639531.082, 103
Trd, 8639531.682, 104
Trd, 8639531.982, 103
Trd, 8639532.032, 102
Trd, 8639533.282, 95
Trd, 8639534.032, 87
Trd, 8639538.232, 97
Trd, 8639539.282, 98
Trd, 8639539.982, 99
Trd, 8639540.582, 99
Trd, 8639541.832, 99
Trd, 8639542.832, 92
Trd, 8639542.982, 91
Trd, 8639546.282, 94
Trd, 8639547.082, 95
Trd, 8639547.182, 96
Trd, 8639547.832, 95
Trd, 8639548.332, 94
Trd, 8639549.932, 86
Trd, 8639552.382, 115
Trd, 8639553.432, 115
Trd, 8639553.982, 114
Trd, 8639554.132, 112
Trd, 8639555.232, 113
Trd, 8639556.732, 98
Trd, 8639557.532, 100
Trd, 8639558.532, 95
Trd, 8639559.882, 89
Trd, 8639560.432, 113
Trd, 8639561.132, 114
Trd, 8639562.132, 112
Trd, 8639562.882, 88
Trd, 8639565.232, 88
Trd, 8639566.532, 89
Trd, 8639567.182, 88
Trd, 8639567.932, 99
Trd, 8639568.032, 88
Trd, 8639574.032, 99
Trd, 8639574.782, 100
Trd, 8639575.132, 95
Trd, 8639576.782, 88
Trd, 8639577.482, 87
Trd, 8639578.382, 101
Trd, 8639579.482, 88
Trd, 8639581.582, 99
Trd, 8639582.132, 90
Trd, 8639583.482, 89
Trd, 8639585.582, 101
Trd, 8639586.232, 94
Trd, 8639586.532, 89
Trd, 8639588.032, 88
Trd, 8639588.882, 84
Trd, 8639591.182, 86
Trd, 8639592.382, 100
Trd, 8639593.032, 91
Trd, 8639593.582, 92
Trd, 8639595.382, 96
Trd, 8639595.482, 97
Trd, 8639596.782, 104
Trd, 8639597.032, 98
Trd, 8639597.682, 86
Trd, 8639599.782, 91
Trd, 8639601.232, 118
Trd, 8639601.832, 115
Trd, 8639603.582, 104
Trd, 8639604.082, 113
Trd, 8639607.832, 102
Trd, 8639608.232, 100
Trd, 8639609.182, 100
Trd, 8639609.782, 99
Trd, 8639610.482, 80
Trd, 8639613.132, 108
Trd, 8639613.182, 89
Trd, 8639613.782, 88
Trd, 8639613.932, 109
Trd, 8639616.582, 97
Trd, 8639618.532, 106
Trd, 8639618.982, 106
Trd, 8639619.832, 105
Trd, 8639622.232, 100
Trd, 8639622.882, 99
Trd, 8639624.082, 101
Trd, 8639626.032, 94
Trd, 8639626.632, 95
Trd, 8639627.182, 93
Trd, 8639628.032, 79
Trd, 8639628.282, 78
Trd, 8639628.482, 94
Trd, 8639631.232, 86
Trd, 8639632.332, 102
Trd, 8639633.282, 95
Trd, 8639634.332, 111
Trd, 8639637.382, 106
Trd, 8639637.532, 105
Trd, 8639638.332, 88
Trd, 8639641.182, 95
Trd, 8639642.782, 114
Trd, 8639643.282, 114
Trd, 8639644.082, 113
Trd, 8639644.882, 114
Trd, 8639645.982, 113
Trd, 8639649.332, 112
Trd, 8639649.732, 104
Trd, 8639649.882, 96
Trd, 8639652.332, 97
Trd, 8639652.682, 96
Trd, 8639653.782, 77
Trd, 8639653.982, 70
Trd, 8639655.882, 72
Trd, 8639657.982, 107
Trd, 8639659.132, 85
Trd, 8639660.182, 85
Trd, 8639662.482, 92
Trd, 8639663.382, 99
Trd, 8639666.082, 99
Trd, 8639666.832, 100
Trd, 8639667.132, 101
Trd, 8639667.532, 96
Trd, 8639669.482, 97
Trd, 8639670.582, 97
Trd, 8639673.232, 115
Trd, 8639673.282, 114
Trd, 8639673.432, 113
Trd, 8639675.582, 95
Trd, 8639676.782, 102
Trd, 8639678.582, 95
Trd, 8639679.632, 96
Trd, 8639680.482, 95
Trd, 8639680.982, 99
Trd, 8639681.032, 95
Trd, 8639684.032, 112
Trd, 8639684.182, 99
Trd, 8639686.032, 97
Trd, 8639688.282, 107
Trd, 8639688.682, 107
Trd, 8639690.132, 105
Trd, 8639690.332, 104
Trd, 8639691.232, 102
Trd, 8639691.882, 85
Trd, 8639695.432, 109
Trd, 8639695.732, 84
Trd, 8639697.982, 90
Trd, 8639698.632, 89
Trd, 8639698.782, 89
Trd, 8639702.682, 94
Trd, 8639703.882, 103
Trd, 8639705.682, 104
Trd, 8639705.782, 103
Trd, 8639706.032, 101
Trd, 8639706.882, 111
Trd, 8639708.782, 89
Trd, 8639711.932, 112
Trd, 8639712.082, 113
Trd, 8639712.132, 111
Trd, 8639713.182, 86
Trd, 8639714.582, 89
Trd, 8639715.782, 109
Trd, 8639717.532, 97
Trd, 8639718.782, 97
Trd, 8639720.032, 104
Trd, 8639722.632, 114
Trd, 8639723.082, 113
Trd, 8639723.332, 113
Trd, 8639723.732, 95
Trd, 8639724.182, 111
Trd, 8639726.132, 86
Trd, 8639726.832, 90
Trd, 8639729.482, 104
Trd, 8639729.582, 100
Trd, 8639731.032, 103
Trd, 8639731.282, 102
Trd, 8639732.682, 89
Trd, 8639735.982, 93
Trd, 8639737.432, 95
Trd, 8639737.732, 94
Trd, 8639738.282, 93
Trd, 8639740.732, 91
Trd, 8639741.732, 104
Trd, 8639743.132, 95
Trd, 8639743.482, 95
Trd, 8639744.932, 108
Trd, 8639745.582, 94
Trd, 8639746.032, 95
Trd, 8639747.782, 94
Trd, 8639749.782, 90
Trd, 8639750.882, 94
Trd, 8639751.632, 95
Trd, 8639752.582, 98
Trd, 8639753.432, 108
Trd, 8639754.332, 102
Trd, 8639754.882, 100
Trd, 8639755.232, 86
Trd, 8639757.882, 90
Trd, 8639758.882, 101
Trd, 8639759.582, 94
Trd, 8639760.832, 103
Trd, 8639761.382, 97
Trd, 8639762.532, 89
Trd, 8639767.182, 100
Trd, 8639767.582, 99
Trd, 8639768.432, 99
Trd, 8639768.482, 96
Trd, 8639770.132, 97
Trd, 8639770.582, 96
Trd, 8639771.432, 96
Trd, 8639772.932, 97
Trd, 8639775.582, 103
Trd, 8639775.932, 99
Trd, 8639776.932, 95
Trd, 8639777.282, 85
Trd, 8639780.582, 90
Trd, 8639781.532, 95
Trd, 8639782.582, 93
Trd, 8639782.732, 93
Trd, 8639785.282, 91
Trd, 8639785.932, 92
Trd, 8639787.882, 90
Trd, 8639788.832, 92
Trd, 8639792.382, 92
Trd, 8639792.832, 90
Trd, 8639793.432, 85
Trd, 8639793.932, 99
Trd, 8639795.532, 86
Trd, 8639795.782, 84
Trd, 8639798.032, 94
Trd, 8639798.882, 95
Trd, 8639799.532, 96
Trd, 8639801.682, 98
Trd, 8639803.332, 102
Trd, 8639804.282, 101
Trd, 8639804.632, 101
Trd, 8639805.032, 95
Trd, 8639807.782, 88
Trd, 8639808.032, 87
Trd, 8639808.632, 99
Trd, 8639809.332, 88
Trd, 8639809.382, 84
Trd, 8639811.932, 112
Trd, 8639814.632, 107
Trd, 8639815.132, 100
Trd, 8639816.582, 100
Trd, 8639818.682, 102
Trd, 8639819.032, 102
Trd, 8639819.682, 103
Trd, 8639819.982, 102
Trd, 8639820.082, 104
Trd, 8639821.682, 95
Trd, 8639823.382, 90
Trd, 8639823.782, 89
Trd, 8639827.682, 113
Trd, 8639828.382, 99
Trd, 8639828.432, 98
Trd, 8639830.832, 111
Trd, 8639832.382, 108
Trd, 8639833.582, 108
Trd, 8639834.382, 109
Trd, 8639835.332, 86
Trd, 8639836.032, 79
Trd, 8639837.932, 89
Trd, 8639839.282, 88
Trd, 8639841.732, 94
Trd, 8639842.482, 94
Trd, 8639842.882, 95
Trd, 8639843.632, 95
Trd, 8639843.732, 104
Trd, 8639846.132, 111
Trd, 8639848.032, 99
Trd, 8639848.532, 99
Trd, 8639849.732, 77
Trd, 8639851.982, 88
Trd, 8639852.432, 104
Trd, 8639852.632, 88
Trd, 8639855.082, 96
Trd, 8639855.132, 92
Trd, 8639855.182, 100
Trd, 8639855.832, 89
Trd, 8639856.982, 87
Trd, 8639861.582, 101
Trd, 8639862.432, 102
Trd, 8639863.032, 101
Trd, 8639864.432, 113
Trd, 8639865.282, 102
Trd, 8639866.232, 96
Trd, 8639867.432, 113
Trd, 8639868.432, 95
Trd, 8639869.882, 86
Trd, 8639871.132, 107
Trd, 8639872.882, 93
Trd, 8639873.332, 88
Trd, 8639874.632, 89
Trd, 8639877.182, 94
Trd, 8639877.932, 93
Trd, 8639879.532, 86
Trd, 8639880.282, 96
Trd, 8639882.182, 95
Trd, 8639882.282, 94
Trd, 8639883.232, 93
Trd, 8639884.682, 98
Trd, 8639887.232, 112
Trd, 8639888.732, 105
Trd, 8639889.482, 104
Trd, 8639890.032, 105
Trd, 8639890.132, 110
Trd, 8639891.882, 104
Trd, 8639894.132, 101
Trd, 8639894.732, 96
Trd, 8639895.732, 100
Trd, 8639895.882, 101
Trd, 8639896.882, 103
Trd, 8639897.282, 102
Trd, 8639898.432, 95
Trd, 8639899.782, 104
Trd, 8639900.882, 93
Trd, 8639901.232, 93
Trd, 8639901.382, 92
Trd, 8639902.782, 86
Trd, 8639905.282, 107
Trd, 8639905.382, 81
Trd, 8639907.382, 86
Trd, 8639908.232, 86
Trd, 8639908.332, 102
Trd, 8639909.482, 86
Trd, 8639911.382, 110
Trd, 8639912.582, 104
Trd, 8639914.882, 100
Trd, 8639914.982, 99
Trd, 8639918.332, 103
Trd, 8639919.032, 99
Trd, 8639919.432, 97
Trd, 8639920.532, 102
Trd, 8639920.982, 100
Trd, 8639921.532, 99
Trd, 8639922.332, 97
Trd, 8639924.082, 97
Trd, 8639926.382, 99
Trd, 8639927.182, 103
Trd, 8639928.532, 97
Trd, 8639928.882, 97
Trd, 8639930.032, 103
Trd, 8639930.382, 101
Trd, 8639932.982, 110
Trd, 8639933.382, 109
Trd, 8639933.482, 104
Trd, 8639935.332, 103
Trd, 8639935.932, 103
Trd, 8639938.882, 105
Trd, 8639938.982, 97
Trd, 8639939.682, 95
Trd, 8639940.482, 87
Trd, 8639943.882, 95
Trd, 8639944.432, 97
Trd, 8639944.532, 96
Trd, 8639945.532, 96
Trd, 8639945.682, 96
Trd, 8639948.082, 91
Trd, 8639949.032, 91
Trd, 8639949.782, 93
Trd, 8639950.782, 94
Trd, 8639952.432, 110
Trd, 8639953.982, 103
Trd, 8639954.882, 104
Trd, 8639956.482, 104
Trd, 8639957.782, 96
Trd, 8639959.232, 92
Trd, 8639961.032, 96
Trd, 8639961.282, 95
Trd, 8639961.582, 97
Trd, 8639962.432, 88
Trd, 8639966.082, 96
Trd, 8639966.432, 112
Trd, 8639969.932, 108
Trd, 8639970.732, 106
Trd, 8639971.082, 106
Trd, 8639971.982, 104
Trd, 8639972.432, 106
Trd, 8639972.582, 95
Trd, 8639972.882, 113
Trd, 8639974.832, 86
Trd, 8639977.582, 89
Trd, 8639977.782, 88
Trd, 8639977.882, 89
Trd, 8639978.982, 88
Trd, 8639979.032, 111
Trd, 8639980.432, 89
Trd, 8639982.182, 87
Trd, 8639982.832, 87
Trd, 8639982.932, 109
Trd, 8639985.582, 86
Trd, 8639988.032, 87
Trd, 8639989.332, 93
Trd, 8639990.332, 95
Trd, 8639991.582, 99
Trd, 8639991.732, 104
Trd, 8639992.432, 98
Trd, 8639992.632, 95
Trd, 8639992.682, 113
Trd, 8639993.582, 87
Trd, 8639998.232, 113
