Trd, 8637943.282, 84
Trd, 8637944.782, 94
Trd, 8637945.632, 93
Trd, 8637946.382, 104
Trd, 8637947.632, 113
Trd, 8637948.182, 80
Trd, 8637949.682, 116
Trd, 8637951.232, 107
Trd, 8637952.632, 104
Trd, 8637952.682, 107
Trd, 8637953.682, 114
Trd, 8637954.032, 116
Trd, 8637955.032, 112
Trd, 8637955.182, 102
Trd, 8637958.282, 104
Trd, 8637959.682, 104
Trd, 8637961.132, 99
Trd, 8637961.382, 101
Trd, 8637962.182, 104
Trd, 8637963.332, 115
Trd, 8637964.082, 97
Trd, 8637966.682, 103
Trd, 8637967.232, 102
Trd, 8637967.632, 95
Trd, 8637968.482, 99
Trd, 8637969.432, 116
Trd, 8637970.332, 119
Trd, 8637974.732, 108
Trd, 8637975.032, 104
Trd, 8637975.282, 105
Trd, 8637975.532, 106
Trd, 8637976.982, 102
Trd, 8637978.432, 97
Trd, 8637979.932, 94
Trd, 8637980.732, 95
Trd, 8637980.832, 104
Trd, 8637981.082, 112
Trd, 8637981.832, 118
Trd, 8637982.182, 86
Trd, 8637983.832, 117
Trd, 8637985.082, 115
Trd, 8637986.132, 113
Trd, 8637987.682, 101
Trd, 8637989.532, 99
Trd, 8637990.932, 99
Trd, 8637991.282, 100
Trd, 8637991.532, 104
Trd, 8637991.832, 114
Trd, 8637992.782, 121
Trd, 8637994.832, 117
Trd, 8637997.032, 111
Trd, 8637997.482, 110
Trd, 8637997.532, 111
Trd, 8637997.932, 95
Trd, 8638001.282, 115
Trd, 8638001.432, 111
Trd, 8638002.632, 106
Trd, 8638003.582, 106
Trd, 8638004.332, 104
Trd, 8638005.282, 104
Trd, 8638006.332, 103
Trd, 8638006.832, 78
Trd, 8638007.982, 104
Trd, 8638010.032, 109
Trd, 8638011.432, 108
Trd, 8638011.532, 109
Trd, 8638011.632, 104
Trd, 8638012.232, 107
Trd, 8638012.332, 113
Trd, 8638014.932, 104
Trd, 8638016.432, 107
Trd, 8638016.682, 108
Trd, 8638019.232, 100
Trd, 8638019.482, 99
Trd, 8638020.782, 102
Trd, 8638021.382, 113
Trd, 8638024.182, 106
Trd, 8638024.382, 104
Trd, 8638024.782, 106
Trd, 8638025.382, 107
Trd, 8638027.232, 101
Trd, 8638029.082, 103
Trd, 8638029.132, 89
Trd, 8638029.332, 103
Trd, 8638031.782, 117
Trd, 8638032.632, 118
Trd, 8638032.982, 113
Trd, 8638033.182, 116
Trd, 8638037.282, 105
Trd, 8638037.532, 104
Trd, 8638038.232, 104
Trd, 8638038.482, 104
Trd, 8638040.232, 103
Trd, 8638041.832, 99
Trd, 8638043.032, 97
Trd, 8638043.582, 98
Trd, 8638044.232, 102
Trd, 8638046.182, 102
Trd, 8638047.332, 95
Trd, 8638048.032, 100
Trd, 8638048.382, 103
Trd, 8638048.532, 104
Trd, 8638049.632, 112
Trd, 8638053.232, 104
Trd, 8638054.132, 128
Trd, 8638054.682, 121
Trd, 8638056.482, 115
Trd, 8638058.132, 113
Trd, 8638060.782, 106
Trd, 8638060.882, 107
Trd, 8638061.282, 107
Trd, 8638063.232, 104
Trd, 8638064.232, 102
Trd, 8638066.782, 99
Trd, 8638067.082, 101
Trd, 8638067.582, 95
Trd, 8638069.332, 78
Trd, 8638069.382, 100
Trd, 8638069.632, 102
Trd, 8638069.832, 104
Trd, 8638073.032, 101
Trd, 8638074.332, 103
Trd, 8638074.432, 103
Trd, 8638077.582, 103
Trd, 8638077.882, 103
Trd, 8638078.432, 104
Trd, 8638080.132, 87
Trd, 8638081.082, 113
Trd, 8638083.382, 107
Trd, 8638084.682, 106
Trd, 8638085.832, 110
Trd, 8638086.082, 115
Trd, 8638087.032, 114
Trd, 8638087.582, 95
Trd, 8638088.732, 113
Trd, 8638089.632, 112
Trd, 8638090.082, 113
Trd, 8638092.832, 108
Trd, 8638093.732, 106
Trd, 8638094.482, 104
Trd, 8638095.132, 103
Trd, 8638096.032, 102
Trd, 8638096.582, 105
Trd, 8638097.682, 88
Trd, 8638099.132, 117
Trd, 8638102.282, 106
Trd, 8638102.882, 105
Trd, 8638103.882, 104
Trd, 8638104.332, 105
Trd, 8638104.932, 111
Trd, 8638105.032, 112
Trd, 8638105.082, 95
Trd, 8638106.132, 85
Trd, 8638108.332, 108
Trd, 8638109.332, 104
Trd, 8638109.382, 108
Trd, 8638113.182, 96
Trd, 8638113.582, 95
Trd, 8638113.632, 96
Trd, 8638114.782, 95
Trd, 8638116.532, 95
Trd, 8638116.582, 97
Trd, 8638117.382, 104
Trd, 8638119.032, 110
Trd, 8638119.682, 112
Trd, 8638119.782, 117
Trd, 8638123.482, 105
Trd, 8638124.232, 107
Trd, 8638125.082, 104
Trd, 8638126.282, 103
Trd, 8638126.882, 105
Trd, 8638127.532, 106
Trd, 8638129.982, 105
Trd, 8638130.832, 105
Trd, 8638131.082, 87
Trd, 8638132.132, 101
Trd, 8638132.232, 102
Trd, 8638133.982, 100
Trd, 8638136.382, 96
Trd, 8638136.482, 98
Trd, 8638137.682, 98
Trd, 8638137.732, 86
Trd, 8638138.832, 113
Trd, 8638141.482, 106
Trd, 8638141.632, 109
Trd, 8638142.632, 106
Trd, 8638144.282, 105
Trd, 8638144.782, 104
Trd, 8638144.982, 104
Trd, 8638145.032, 106
Trd, 8638146.682, 114
Trd, 8638148.632, 107
Trd, 8638149.882, 109
Trd, 8638150.232, 104
Trd, 8638150.432, 112
Trd, 8638151.632, 110
Trd, 8638154.082, 105
Trd, 8638154.532, 104
Trd, 8638156.182, 103
Trd, 8638156.382, 104
Trd, 8638158.032, 96
Trd, 8638158.182, 102
Trd, 8638159.532, 101
Trd, 8638159.632, 95
Trd, 8638160.532, 103
Trd, 8638161.732, 113
Trd, 8638165.282, 107
Trd, 8638167.282, 113
Trd, 8638167.732, 102
Trd, 8638167.982, 112
Trd, 8638168.382, 118
Trd, 8638169.732, 114
Trd, 8638172.432, 110
Trd, 8638172.732, 111
Trd, 8638174.082, 107
Trd, 8638175.382, 103
Trd, 8638175.682, 103
Trd, 8638176.982, 104
Trd, 8638179.232, 113
Trd, 8638180.232, 113
Trd, 8638180.482, 111
Trd, 8638181.482, 99
Trd, 8638182.682, 95
Trd, 8638183.532, 104
Trd, 8638183.732, 105
Trd, 8638185.782, 109
Trd, 8638186.382, 106
Trd, 8638186.682, 114
Trd, 8638188.282, 113
Trd, 8638189.932, 104
Trd, 8638190.632, 104
Trd, 8638191.182, 103
Trd, 8638191.482, 104
Trd, 8638191.682, 96
Trd, 8638194.382, 100
Trd, 8638194.432, 101
Trd, 8638196.532, 110
Trd, 8638196.682, 111
Trd, 8638199.982, 104
Trd, 8638200.432, 97
Trd, 8638201.032, 86
Trd, 8638201.182, 99
Trd, 8638201.882, 100
Trd, 8638202.632, 102
Trd, 8638203.332, 102
Trd, 8638203.932, 104
Trd, 8638205.232, 120
Trd, 8638207.532, 111
Trd, 8638209.482, 106
Trd, 8638210.332, 104
Trd, 8638211.882, 98
Trd, 8638211.932, 92
Trd, 8638212.282, 100
Trd, 8638213.982, 100
Trd, 8638214.382, 101
Trd, 8638215.082, 102
Trd, 8638215.182, 96
Trd, 8638217.082, 101
Trd, 8638217.832, 103
Trd, 8638219.532, 109
Trd, 8638220.582, 108
Trd, 8638220.832, 95
Trd, 8638222.532, 108
Trd, 8638224.382, 110
Trd, 8638224.482, 107
Trd, 8638225.382, 109
Trd, 8638227.632, 104
Trd, 8638229.282, 101
Trd, 8638230.332, 98
Trd, 8638231.432, 81
Trd, 8638232.032, 98
Trd, 8638233.732, 117
Trd, 8638235.632, 107
Trd, 8638236.582, 108
Trd, 8638237.232, 108
Trd, 8638238.382, 103
Trd, 8638239.282, 104
Trd, 8638239.532, 105
Trd, 8638242.432, 102
Trd, 8638243.232, 101
Trd, 8638243.932, 99
Trd, 8638244.182, 79
Trd, 8638244.382, 100
Trd, 8638244.432, 102
Trd, 8638246.082, 100
Trd, 8638246.432, 101
Trd, 8638247.682, 103
Trd, 8638249.732, 86
Trd, 8638250.082, 100
Trd, 8638251.682, 100
Trd, 8638253.482, 103
Trd, 8638254.732, 112
Trd, 8638255.532, 118
Trd, 8638256.882, 112
Trd, 8638257.232, 104
Trd, 8638258.182, 111
Trd, 8638259.882, 110
Trd, 8638262.732, 102
Trd, 8638263.032, 103
Trd, 8638263.182, 101
Trd, 8638263.282, 103
Trd, 8638264.382, 104
Trd, 8638266.832, 104
Trd, 8638267.332, 105
Trd, 8638267.382, 106
Trd, 8638267.582, 95
Trd, 8638270.382, 113
Trd, 8638272.132, 97
Trd, 8638272.682, 109
Trd, 8638274.432, 110
Trd, 8638275.632, 106
Trd, 8638276.632, 104
Trd, 8638277.132, 104
Trd, 8638278.282, 103
Trd, 8638278.782, 95
Trd, 8638278.932, 103
Trd, 8638280.232, 86
Trd, 8638281.332, 110
Trd, 8638282.132, 110
Trd, 8638283.382, 106
Trd, 8638284.582, 103
Trd, 8638285.032, 105
Trd, 8638286.282, 95
Trd, 8638286.932, 110
Trd, 8638287.982, 111
Trd, 8638289.782, 108
Trd, 8638290.882, 109
Trd, 8638291.432, 115
Trd, 8638291.782, 115
Trd, 8638293.882, 110
Trd, 8638294.282, 110
Trd, 8638294.432, 104
Trd, 8638294.482, 110
Trd, 8638297.832, 109
Trd, 8638297.882, 110
Trd, 8638297.932, 102
Trd, 8638302.382, 96
Trd, 8638302.532, 95
Trd, 8638302.932, 96
Trd, 8638303.382, 104
Trd, 8638303.582, 114
Trd, 8638303.832, 86
Trd, 8638307.732, 96
Trd, 8638309.282, 93
Trd, 8638309.482, 77
Trd, 8638309.532, 94
Trd, 8638309.982, 95
Trd, 8638310.382, 112
Trd, 8638311.532, 103
Trd, 8638313.782, 110
Trd, 8638316.532, 98
Trd, 8638317.482, 96
Trd, 8638318.182, 95
Trd, 8638318.632, 95
Trd, 8638319.882, 104
Trd, 8638321.782, 115
Trd, 8638322.932, 112
Trd, 8638323.432, 96
Trd, 8638324.932, 109
Trd, 8638326.482, 108
Trd, 8638327.732, 104
Trd, 8638327.882, 95
Trd, 8638328.132, 104
Trd, 8638332.782, 93
Trd, 8638332.882, 95
Trd, 8638334.632, 82
Trd, 8638336.282, 101
Trd, 8638336.482, 102
Trd, 8638337.132, 122
Trd, 8638337.732, 90
Trd, 8638339.432, 109
Trd, 8638341.282, 104
Trd, 8638343.082, 103
Trd, 8638343.532, 103
Trd, 8638344.132, 104
Trd, 8638344.482, 112
Trd, 8638346.632, 92
Trd, 8638347.032, 109
Trd, 8638347.432, 116
Trd, 8638348.132, 117
Trd, 8638350.282, 106
Trd, 8638351.782, 106
Trd, 8638352.232, 106
Trd, 8638352.432, 109
Trd, 8638354.282, 103
Trd, 8638354.532, 103
Trd, 8638355.382, 104
Trd, 8638360.032, 104
Trd, 8638360.282, 86
Trd, 8638361.432, 96
Trd, 8638361.882, 96
Trd, 8638362.432, 83
Trd, 8638364.082, 97
Trd, 8638364.532, 113
Trd, 8638365.132, 85
Trd, 8638365.932, 115
Trd, 8638368.482, 102
Trd, 8638368.582, 104
Trd, 8638370.082, 103
Trd, 8638370.632, 104
Trd, 8638371.232, 103
Trd, 8638372.532, 103
Trd, 8638372.632, 104
Trd, 8638377.482, 96
Trd, 8638378.782, 102
Trd, 8638379.132, 102
Trd, 8638380.382, 100
Trd, 8638382.382, 112
Trd, 8638382.732, 96
Trd, 8638382.932, 111
Trd, 8638384.682, 107
Trd, 8638384.782, 108
Trd, 8638387.932, 105
Trd, 8638388.282, 111
Trd, 8638389.532, 111
Trd, 8638390.732, 110
Trd, 8638392.032, 110
Trd, 8638392.832, 110
Trd, 8638394.232, 113
Trd, 8638394.282, 113
Trd, 8638396.782, 108
Trd, 8638397.032, 108
Trd, 8638398.182, 103
Trd, 8638399.132, 103
Trd, 8638399.882, 104
Trd, 8638402.582, 110
Trd, 8638402.782, 111
Trd, 8638404.882, 96
Trd, 8638406.482, 105
Trd, 8638407.032, 104
Trd, 8638407.982, 102
Trd, 8638408.632, 105
Trd, 8638411.482, 105
Trd, 8638412.282, 104
Trd, 8638412.732, 95
Trd, 8638413.032, 107
Trd, 8638414.882, 108
Trd, 8638416.182, 106
Trd, 8638416.232, 107
Trd, 8638416.282, 122
Trd, 8638417.482, 104
Trd, 8638419.182, 103
Trd, 8638421.032, 101
Trd, 8638422.132, 113
Trd, 8638423.782, 114
Trd, 8638424.232, 114
Trd, 8638424.632, 113
Trd, 8638428.582, 105
Trd, 8638429.282, 102
Trd, 8638429.382, 105
Trd, 8638430.382, 104
Trd, 8638430.482, 105
Trd, 8638431.432, 88
Trd, 8638431.732, 111
Trd, 8638432.882, 116
Trd, 8638433.932, 112
Trd, 8638436.182, 104
Trd, 8638437.432, 119
Trd, 8638438.882, 97
Trd, 8638439.482, 116
Trd, 8638441.332, 116
Trd, 8638442.282, 114
Trd, 8638443.582, 112
Trd, 8638445.182, 103
Trd, 8638445.332, 103
Trd, 8638445.532, 104
Trd, 8638445.782, 95
Trd, 8638447.582, 110
Trd, 8638448.182, 113
Trd, 8638449.832, 104
Trd, 8638450.732, 113
Trd, 8638452.432, 110
Trd, 8638452.582, 110
Trd, 8638453.232, 104
Trd, 8638455.682, 111
Trd, 8638458.182, 102
Trd, 8638460.282, 98
Trd, 8638460.682, 101
Trd, 8638460.932, 122
Trd, 8638461.032, 87
Trd, 8638461.732, 114
Trd, 8638465.082, 122
Trd, 8638465.782, 112
Trd, 8638466.582, 104
Trd, 8638467.732, 102
Trd, 8638469.232, 97
Trd, 8638470.432, 98
Trd, 8638471.082, 103
Trd, 8638471.232, 95
Trd, 8638471.432, 104
Trd, 8638473.832, 113
Trd, 8638474.282, 115
Trd, 8638475.632, 105
Trd, 8638475.982, 111
Trd, 8638477.132, 104
Trd, 8638478.732, 101
Trd, 8638479.432, 102
Trd, 8638479.932, 102
Trd, 8638482.532, 107
Trd, 8638482.782, 108
Trd, 8638483.732, 99
Trd, 8638485.332, 110
Trd, 8638485.732, 111
Trd, 8638486.732, 105
Trd, 8638488.132, 109
Trd, 8638488.982, 104
Trd, 8638489.732, 104
Trd, 8638491.932, 104
Trd, 8638493.632, 98
Trd, 8638495.632, 103
Trd, 8638496.232, 102
Trd, 8638496.382, 103
Trd, 8638496.732, 104
Trd, 8638497.182, 108
Trd, 8638498.482, 104
Trd, 8638498.782, 104
Trd, 8638499.882, 88
Trd, 8638501.382, 112
Trd, 8638504.932, 108
Trd, 8638506.482, 107
Trd, 8638507.132, 107
Trd, 8638507.382, 112
Trd, 8638508.382, 103
Trd, 8638509.332, 112
Trd, 8638511.532, 111
Trd, 8638512.782, 103
Trd, 8638513.982, 113
Trd, 8638514.732, 115
Trd, 8638516.732, 112
Trd, 8638518.132, 108
Trd, 8638519.482, 108
Trd, 8638520.332, 108
Trd, 8638521.182, 106
Trd, 8638522.582, 111
Trd, 8638523.182, 112
Trd, 8638524.582, 105
Trd, 8638526.082, 102
Trd, 8638526.382, 105
Trd, 8638526.882, 104
Trd, 8638529.132, 106
Trd, 8638531.332, 102
Trd, 8638532.232, 101
Trd, 8638532.582, 97
Trd, 8638532.732, 104
Trd, 8638534.732, 87
Trd, 8638535.332, 99
Trd, 8638535.532, 100
Trd, 8638535.882, 104
Trd, 8638538.382, 109
Trd, 8638538.932, 90
Trd, 8638541.932, 99
Trd, 8638542.182, 90
Trd, 8638542.882, 101
Trd, 8638543.732, 101
Trd, 8638543.832, 104
Trd, 8638544.232, 113
Trd, 8638547.032, 107
Trd, 8638547.782, 108
Trd, 8638548.982, 109
Trd, 8638550.332, 104
Trd, 8638551.232, 104
Trd, 8638551.882, 104
Trd, 8638552.182, 104
Trd, 8638553.282, 101
Trd, 8638553.482, 95
Trd, 8638553.982, 99
Trd, 8638555.332, 97
Trd, 8638556.232, 100
Trd, 8638559.882, 101
Trd, 8638560.732, 102
Trd, 8638560.982, 95
Trd, 8638562.182, 101
Trd, 8638562.682, 89
Trd, 8638563.632, 104
Trd, 8638564.182, 113
Trd, 8638564.632, 122
Trd, 8638567.482, 112
Trd, 8638567.532, 113
Trd, 8638568.232, 113
Trd, 8638572.932, 108
Trd, 8638573.682, 109
Trd, 8638574.532, 110
Trd, 8638575.932, 105
Trd, 8638576.532, 107
Trd, 8638576.832, 104
Trd, 8638578.382, 102
Trd, 8638580.432, 78
Trd, 8638581.332, 96
Trd, 8638582.582, 94
Trd, 8638583.782, 92
Trd, 8638584.932, 89
Trd, 8638586.082, 110
Trd, 8638586.132, 111
Trd, 8638587.332, 113
Trd, 8638588.132, 110
Trd, 8638589.432, 87
Trd, 8638589.882, 105
Trd, 8638590.332, 102
Trd, 8638594.682, 106
Trd, 8638595.132, 108
Trd, 8638595.532, 104
Trd, 8638596.332, 106
Trd, 8638596.982, 104
Trd, 8638598.832, 97
Trd, 8638599.332, 104
Trd, 8638599.832, 113
Trd, 8638599.982, 95
Trd, 8638602.132, 110
Trd, 8638603.232, 104
Trd, 8638606.682, 97
Trd, 8638606.782, 98
Trd, 8638606.882, 100
Trd, 8638607.932, 103
Trd, 8638609.982, 110
Trd, 8638611.332, 97
Trd, 8638612.032, 109
Trd, 8638612.132, 110
Trd, 8638614.582, 111
Trd, 8638616.832, 113
Trd, 8638617.882, 112
Trd, 8638619.082, 109
Trd, 8638619.132, 96
Trd, 8638619.932, 104
Trd, 8638621.482, 104
Trd, 8638622.232, 104
Trd, 8638622.532, 105
Trd, 8638623.682, 91
Trd, 8638626.032, 103
Trd, 8638627.482, 111
Trd, 8638627.982, 110
Trd, 8638628.582, 112
Trd, 8638629.482, 118
Trd, 8638630.432, 117
Trd, 8638631.132, 107
Trd, 8638631.832, 110
Trd, 8638634.532, 106
Trd, 8638635.332, 108
Trd, 8638636.482, 107
Trd, 8638636.582, 104
Trd, 8638636.932, 108
Trd, 8638640.032, 113
Trd, 8638641.282, 113
Trd, 8638642.282, 111
Trd, 8638643.832, 102
Trd, 8638645.882, 103
Trd, 8638646.882, 100
Trd, 8638647.082, 103
Trd, 8638648.482, 103
Trd, 8638648.832, 102
Trd, 8638649.882, 103
Trd, 8638650.282, 104
Trd, 8638650.882, 97
Trd, 8638652.282, 114
Trd, 8638654.282, 127
Trd, 8638655.282, 122
Trd, 8638658.032, 113
Trd, 8638659.282, 104
Trd, 8638660.532, 108
Trd, 8638661.282, 109
Trd, 8638663.082, 114
Trd, 8638663.932, 106
Trd, 8638664.332, 106
Trd, 8638665.932, 104
Trd, 8638666.932, 103
Trd, 8638667.532, 105
Trd, 8638668.882, 99
Trd, 8638669.132, 100
Trd, 8638670.282, 98
Trd, 8638672.432, 104
Trd, 8638672.532, 122
Trd, 8638673.682, 122
Trd, 8638677.082, 104
Trd, 8638677.232, 101
Trd, 8638678.132, 104
Trd, 8638678.182, 104
Trd, 8638679.732, 103
Trd, 8638680.532, 104
Trd, 8638681.032, 96
Trd, 8638681.632, 112
Trd, 8638682.432, 110
Trd, 8638683.732, 113
Trd, 8638686.432, 101
Trd, 8638687.232, 101
Trd, 8638687.982, 104
Trd, 8638689.032, 82
Trd, 8638690.632, 116
Trd, 8638691.182, 91
Trd, 8638693.182, 111
Trd, 8638694.182, 113
Trd, 8638696.982, 108
Trd, 8638697.482, 106
Trd, 8638697.682, 110
Trd, 8638698.982, 111
Trd, 8638701.632, 104
Trd, 8638702.032, 109
Trd, 8638703.932, 104
Trd, 8638704.032, 96
Trd, 8638705.832, 101
Trd, 8638707.782, 95
Trd, 8638707.882, 96
Trd, 8638708.832, 95
Trd, 8638709.182, 97
Trd, 8638709.882, 115
Trd, 8638711.482, 112
Trd, 8638712.982, 95
Trd, 8638713.732, 110
Trd, 8638715.532, 105
Trd, 8638715.982, 106
Trd, 8638718.582, 97
Trd, 8638719.782, 119
Trd, 8638722.032, 104
Trd, 8638723.132, 109
Trd, 8638723.732, 106
Trd, 8638724.032, 105
Trd, 8638724.682, 105
Trd, 8638727.582, 104
Trd, 8638728.832, 95
Trd, 8638731.232, 92
Trd, 8638731.982, 117
Trd, 8638732.332, 102
Trd, 8638734.282, 119
Trd, 8638735.232, 114
Trd, 8638736.032, 113
Trd, 8638736.832, 95
Trd, 8638736.882, 113
Trd, 8638739.782, 104
Trd, 8638740.682, 102
Trd, 8638741.832, 102
Trd, 8638744.082, 97
Trd, 8638744.532, 100
Trd, 8638745.382, 101
Trd, 8638747.482, 83
Trd, 8638748.932, 92
Trd, 8638749.482, 94
Trd, 8638749.782, 93
Trd, 8638750.982, 86
Trd, 8638752.182, 94
Trd, 8638752.732, 93
Trd, 8638753.182, 95
Trd, 8638753.832, 104
Trd, 8638756.132, 119
Trd, 8638757.082, 118
Trd, 8638758.332, 82
Trd, 8638758.982, 83
Trd, 8638759.282, 93
Trd, 8638759.432, 95
Trd, 8638759.682, 81
Trd, 8638762.132, 106
Trd, 8638763.632, 106
Trd, 8638764.132, 106
Trd, 8638764.432, 103
Trd, 8638766.732, 105
Trd, 8638767.882, 104
Trd, 8638768.232, 112
Trd, 8638769.532, 112
Trd, 8638771.832, 111
Trd, 8638773.882, 104
Trd, 8638774.282, 104
Trd, 8638774.582, 104
Trd, 8638775.682, 103
Trd, 8638776.132, 104
Trd, 8638776.282, 95
Trd, 8638777.032, 118
Trd, 8638779.782, 105
Trd, 8638781.782, 121
Trd, 8638781.832, 130
Trd, 8638785.832, 118
Trd, 8638788.182, 103
Trd, 8638788.632, 106
Trd, 8638788.782, 107
Trd, 8638789.932, 112
Trd, 8638790.782, 110
Trd, 8638790.882, 97
Trd, 8638794.582, 99
Trd, 8638794.632, 100
Trd, 8638795.332, 101
Trd, 8638796.432, 103
Trd, 8638798.682, 111
Trd, 8638798.982, 99
Trd, 8638799.382, 112
Trd, 8638802.282, 108
Trd, 8638802.332, 110
Trd, 8638803.732, 102
Trd, 8638804.282, 108
Trd, 8638804.832, 108
Trd, 8638806.732, 103
Trd, 8638807.232, 104
Trd, 8638807.832, 96
Trd, 8638810.432, 97
Trd, 8638811.082, 99
Trd, 8638811.232, 101
Trd, 8638811.782, 89
Trd, 8638812.482, 113
Trd, 8638813.932, 120
Trd, 8638814.632, 90
Trd, 8638815.732, 112
Trd, 8638817.482, 112
Trd, 8638818.082, 114
Trd, 8638821.832, 106
Trd, 8638823.032, 119
Trd, 8638824.432, 118
Trd, 8638825.582, 112
Trd, 8638827.682, 110
Trd, 8638827.932, 111
Trd, 8638828.232, 112
Trd, 8638829.182, 106
Trd, 8638831.482, 104
Trd, 8638832.232, 97
Trd, 8638833.682, 95
Trd, 8638833.932, 97
Trd, 8638834.432, 98
Trd, 8638838.232, 108
Trd, 8638838.432, 109
Trd, 8638840.232, 109
Trd, 8638840.432, 106
Trd, 8638840.532, 110
Trd, 8638843.832, 104
Trd, 8638844.682, 102
Trd, 8638845.132, 103
Trd, 8638845.832, 87
Trd, 8638847.582, 104
Trd, 8638848.582, 109
Trd, 8638848.682, 110
Trd, 8638849.632, 110
Trd, 8638851.432, 112
Trd, 8638853.132, 114
Trd, 8638853.382, 105
Trd, 8638854.482, 113
Trd, 8638855.732, 114
Trd, 8638856.532, 112
Trd, 8638858.282, 105
Trd, 8638859.532, 102
Trd, 8638860.082, 105
Trd, 8638861.882, 104
Trd, 8638863.882, 96
Trd, 8638863.932, 97
Trd, 8638864.632, 99
Trd, 8638865.182, 99
Trd, 8638867.382, 89
Trd, 8638867.982, 113
Trd, 8638868.732, 109
Trd, 8638870.482, 107
Trd, 8638871.182, 104
Trd, 8638872.782, 112
Trd, 8638874.532, 109
Trd, 8638875.932, 104
Trd, 8638876.632, 104
Trd, 8638877.032, 98
Trd, 8638877.632, 103
Trd, 8638877.832, 104
Trd, 8638880.932, 79
Trd, 8638881.082, 86
Trd, 8638881.682, 80
Trd, 8638882.632, 103
Trd, 8638882.882, 103
Trd, 8638883.482, 104
Trd, 8638884.832, 114
Trd, 8638888.132, 119
Trd, 8638888.832, 113
Trd, 8638889.932, 108
Trd, 8638891.882, 108
Trd, 8638893.632, 104
Trd, 8638893.882, 104
Trd, 8638895.432, 105
Trd, 8638895.932, 112
Trd, 8638896.982, 129
Trd, 8638900.532, 123
Trd, 8638900.582, 122
Trd, 8638902.582, 114
Trd, 8638903.082, 112
Trd, 8638905.982, 105
Trd, 8638906.132, 104
Trd, 8638907.082, 102
Trd, 8638907.282, 104
Trd, 8638907.832, 96
Trd, 8638908.332, 104
Trd, 8638909.132, 120
Trd, 8638910.132, 121
Trd, 8638912.282, 110
Trd, 8638912.332, 79
Trd, 8638912.782, 110
Trd, 8638914.182, 118
Trd, 8638917.232, 107
Trd, 8638917.432, 106
Trd, 8638918.432, 107
Trd, 8638919.432, 105
Trd, 8638920.232, 104
Trd, 8638921.582, 104
Trd, 8638921.682, 103
Trd, 8638922.982, 113
Trd, 8638925.932, 112
Trd, 8638927.132, 103
Trd, 8638927.182, 104
Trd, 8638927.932, 102
Trd, 8638928.082, 107
Trd, 8638929.632, 118
Trd, 8638931.632, 89
Trd, 8638933.882, 101
Trd, 8638934.082, 100
Trd, 8638934.682, 102
Trd, 8638936.782, 99
Trd, 8638936.982, 95
Trd, 8638937.632, 103
Trd, 8638938.532, 104
Trd, 8638940.232, 114
Trd, 8638942.332, 113
Trd, 8638943.632, 113
Trd, 8638945.232, 108
Trd, 8638945.832, 107
Trd, 8638946.882, 105
Trd, 8638947.632, 112
Trd, 8638948.332, 103
Trd, 8638949.732, 108
Trd, 8638949.982, 108
Trd, 8638952.532, 102
Trd, 8638954.382, 86
Trd, 8638954.782, 100
Trd, 8638954.932, 104
Trd, 8638956.182, 112
Trd, 8638956.332, 77
Trd, 8638957.882, 114
Trd, 8638957.932, 115
Trd, 8638959.632, 113
Trd, 8638960.032, 113
Trd, 8638961.282, 115
Trd, 8638964.232, 129
Trd, 8638966.432, 113
Trd, 8638967.332, 118
Trd, 8638968.382, 115
Trd, 8638969.032, 113
Trd, 8638969.832, 106
Trd, 8638972.732, 103
Trd, 8638973.382, 95
Trd, 8638973.432, 100
Trd, 8638973.782, 100
Trd, 8638975.382, 98
Trd, 8638975.982, 99
Trd, 8638977.332, 98
Trd, 8638978.032, 97
Trd, 8638978.132, 113
Trd, 8638979.732, 95
Trd, 8638980.382, 113
Trd, 8638983.182, 108
Trd, 8638983.382, 110
Trd, 8638984.582, 113
Trd, 8638986.182, 90
Trd, 8638986.432, 89
Trd, 8638986.632, 104
Trd, 8638989.182, 106
Trd, 8638989.982, 104
Trd, 8638990.032, 107
Trd, 8638990.232, 108
Trd, 8638993.132, 86
Trd, 8638993.782, 81
Trd, 8638994.582, 82
Trd, 8638995.082, 94
Trd, 8638996.182, 95
Trd, 8638996.532, 104
Trd, 8638998.382, 112
Trd, 8638998.932, 115
Trd, 8639000.382, 94
Trd, 8639001.482, 108
Trd, 8639002.932, 105
Trd, 8639003.932, 106
Trd, 8639004.482, 106
Trd, 8639005.732, 104
Trd, 8639006.132, 104
Trd, 8639006.282, 105
Trd, 8639007.982, 83
Trd, 8639008.882, 120
Trd, 8639012.032, 121
Trd, 8639012.682, 120
Trd, 8639014.182, 112
Trd, 8639014.482, 112
Trd, 8639014.632, 112
Trd, 8639015.732, 112
Trd, 8639017.332, 106
Trd, 8639020.182, 106
Trd, 8639020.532, 105
Trd, 8639021.232, 111
Trd, 8639022.282, 107
Trd, 8639022.632, 113
Trd, 8639022.932, 104
Trd, 8639023.682, 121
Trd, 8639024.482, 120
Trd, 8639026.532, 98
Trd, 8639029.032, 111
Trd, 8639029.932, 108
Trd, 8639030.432, 108
Trd, 8639034.082, 111
Trd, 8639035.732, 109
Trd, 8639036.882, 107
Trd, 8639037.182, 104
Trd, 8639037.282, 108
Trd, 8639038.632, 109
Trd, 8639039.982, 104
Trd, 8639040.682, 107
Trd, 8639042.232, 109
Trd, 8639043.982, 104
Trd, 8639046.882, 96
Trd, 8639047.082, 97
Trd, 8639049.482, 100
Trd, 8639049.982, 103
Trd, 8639051.282, 95
Trd, 8639052.032, 111
Trd, 8639053.082, 79
Trd, 8639053.232, 104
Trd, 8639053.982, 104
Trd, 8639054.532, 103
Trd, 8639054.882, 112
Trd, 8639055.732, 110
Trd, 8639057.182, 107
Trd, 8639058.632, 107
Trd, 8639059.632, 120
Trd, 8639060.532, 113
Trd, 8639062.182, 109
Trd, 8639062.782, 108
Trd, 8639063.632, 104
Trd, 8639063.982, 105
Trd, 8639066.332, 103
Trd, 8639067.382, 102
Trd, 8639069.532, 94
Trd, 8639070.332, 93
Trd, 8639071.282, 87
Trd, 8639072.182, 93
Trd, 8639072.832, 95
Trd, 8639073.282, 104
Trd, 8639075.082, 115
Trd, 8639075.382, 91
Trd, 8639078.182, 113
Trd, 8639079.332, 106
Trd, 8639079.382, 107
Trd, 8639080.382, 104
Trd, 8639082.832, 102
Trd, 8639083.482, 113
Trd, 8639084.282, 100
Trd, 8639084.982, 119
Trd, 8639085.932, 113
Trd, 8639088.682, 108
Trd, 8639089.882, 105
Trd, 8639090.082, 103
Trd, 8639090.132, 104
Trd, 8639090.632, 95
Trd, 8639092.232, 101
Trd, 8639093.482, 92
Trd, 8639094.032, 101
Trd, 8639095.932, 114
Trd, 8639098.582, 110
Trd, 8639098.682, 105
Trd, 8639099.382, 108
Trd, 8639100.932, 107
Trd, 8639101.482, 107
Trd, 8639104.182, 119
Trd, 8639105.132, 113
Trd, 8639105.332, 113
Trd, 8639107.332, 78
Trd, 8639107.732, 117
Trd, 8639108.782, 114
Trd, 8639111.132, 107
Trd, 8639111.782, 107
Trd, 8639112.682, 104
Trd, 8639113.532, 108
Trd, 8639115.682, 104
Trd, 8639117.182, 111
Trd, 8639118.582, 104
Trd, 8639119.232, 96
Trd, 8639120.082, 103
Trd, 8639120.532, 116
Trd, 8639121.632, 112
Trd, 8639123.182, 102
Trd, 8639123.432, 105
Trd, 8639124.082, 104
Trd, 8639126.932, 99
Trd, 8639127.682, 101
Trd, 8639127.932, 89
Trd, 8639129.132, 102
Trd, 8639130.782, 82
Trd, 8639132.282, 101
Trd, 8639133.632, 96
Trd, 8639134.732, 93
Trd, 8639135.082, 94
Trd, 8639135.332, 96
Trd, 8639137.932, 106
Trd, 8639138.482, 105
Trd, 8639139.132, 104
Trd, 8639139.882, 105
Trd, 8639141.232, 104
Trd, 8639141.582, 105
Trd, 8639143.032, 105
Trd, 8639143.932, 104
Trd, 8639145.482, 104
Trd, 8639146.832, 113
Trd, 8639148.932, 96
Trd, 8639150.282, 98
Trd, 8639150.382, 99
Trd, 8639151.032, 101
Trd, 8639151.682, 102
Trd, 8639156.482, 100
Trd, 8639157.032, 88
Trd, 8639157.082, 99
Trd, 8639157.582, 102
Trd, 8639158.632, 100
Trd, 8639160.782, 95
Trd, 8639160.832, 87
Trd, 8639162.432, 95
Trd, 8639162.482, 96
Trd, 8639164.182, 111
Trd, 8639165.632, 92
Trd, 8639166.982, 101
Trd, 8639167.932, 98
Trd, 8639168.132, 99
Trd, 8639169.282, 93
Trd, 8639170.582, 94
Trd, 8639171.082, 96
Trd, 8639173.632, 99
Trd, 8639174.882, 97
Trd, 8639175.182, 97
Trd, 8639176.182, 95
Trd, 8639176.482, 96
Trd, 8639176.832, 97
Trd, 8639178.132, 96
Trd, 8639178.432, 104
Trd, 8639180.132, 81
Trd, 8639182.782, 86
Trd, 8639183.132, 93
Trd, 8639184.532, 94
Trd, 8639185.132, 90
Trd, 8639185.982, 95
Trd, 8639187.182, 113
Trd, 8639190.182, 105
Trd, 8639190.232, 104
Trd, 8639190.382, 107
Trd, 8639192.382, 103
Trd, 8639193.232, 112
Trd, 8639193.532, 113
Trd, 8639194.482, 117
Trd, 8639196.232, 97
Trd, 8639197.532, 116
Trd, 8639199.432, 113
Trd, 8639201.782, 104
Trd, 8639201.982, 103
Trd, 8639202.532, 104
Trd, 8639203.082, 107
Trd, 8639204.732, 104
Trd, 8639204.782, 113
Trd, 8639206.082, 88
Trd, 8639206.482, 113
Trd, 8639207.882, 112
Trd, 8639210.732, 104
Trd, 8639211.232, 104
Trd, 8639211.932, 104
Trd, 8639213.832, 103
Trd, 8639215.232, 101
Trd, 8639216.132, 97
Trd, 8639216.282, 102
Trd, 8639218.482, 117
Trd, 8639219.932, 118
Trd, 8639222.632, 105
Trd, 8639223.282, 105
Trd, 8639223.482, 104
Trd, 8639224.132, 106
Trd, 8639224.882, 119
Trd, 8639226.382, 114
Trd, 8639228.082, 112
Trd, 8639228.182, 113
Trd, 8639228.932, 103
Trd, 8639230.982, 114
Trd, 8639231.582, 115
Trd, 8639232.432, 109
Trd, 8639234.282, 109
Trd, 8639236.132, 106
Trd, 8639237.082, 105
Trd, 8639237.882, 104
Trd, 8639238.682, 111
Trd, 8639238.732, 112
Trd, 8639240.432, 113
Trd, 8639240.982, 110
Trd, 8639242.082, 109
Trd, 8639245.182, 104
Trd, 8639246.282, 90
Trd, 8639246.632, 91
Trd, 8639248.932, 95
Trd, 8639249.482, 94
Trd, 8639250.332, 96
Trd, 8639252.432, 96
Trd, 8639252.682, 97
Trd, 8639253.232, 86
Trd, 8639254.282, 79
Trd, 8639256.382, 104
Trd, 8639256.632, 106
Trd, 8639257.082, 113
Trd, 8639259.682, 125
Trd, 8639260.932, 114
Trd, 8639262.082, 113
Trd, 8639263.782, 109
Trd, 8639264.082, 108
Trd, 8639264.532, 93
Trd, 8639265.732, 107
Trd, 8639267.582, 104
Trd, 8639267.682, 106
Trd, 8639268.582, 113
Trd, 8639271.432, 104
Trd, 8639272.732, 106
Trd, 8639273.782, 106
Trd, 8639274.082, 113
Trd, 8639276.082, 114
Trd, 8639277.382, 122
Trd, 8639279.682, 115
Trd, 8639280.882, 113
Trd, 8639281.032, 113
Trd, 8639282.582, 111
Trd, 8639282.632, 112
Trd, 8639284.782, 104
Trd, 8639284.882, 113
Trd, 8639286.632, 117
Trd, 8639287.082, 118
Trd, 8639287.632, 122
Trd, 8639289.182, 113
Trd, 8639291.032, 113
Trd, 8639291.682, 103
Trd, 8639292.482, 109
Trd, 8639293.932, 103
Trd, 8639296.232, 99
Trd, 8639296.282, 101
Trd, 8639296.332, 92
Trd, 8639296.432, 104
Trd, 8639301.732, 94
Trd, 8639301.882, 95
Trd, 8639301.982, 97
Trd, 8639302.682, 86
Trd, 8639302.732, 97
Trd, 8639302.782, 104
Trd, 8639304.932, 106
Trd, 8639304.982, 108
Trd, 8639308.282, 78
Trd, 8639309.182, 86
Trd, 8639309.582, 95
Trd, 8639311.082, 121
Trd, 8639312.382, 115
Trd, 8639313.882, 112
Trd, 8639314.982, 112
Trd, 8639316.482, 110
Trd, 8639317.332, 105
Trd, 8639318.632, 104
Trd, 8639319.732, 101
Trd, 8639319.932, 101
Trd, 8639322.882, 99
Trd, 8639323.182, 99
Trd, 8639324.182, 97
Trd, 8639324.532, 89
Trd, 8639324.982, 97
Trd, 8639325.732, 104
Trd, 8639327.882, 93
Trd, 8639328.882, 108
Trd, 8639330.932, 103
Trd, 8639331.532, 104
Trd, 8639332.982, 115
Trd, 8639334.332, 92
Trd, 8639334.882, 106
Trd, 8639335.432, 105
Trd, 8639337.182, 93
Trd, 8639337.232, 113
Trd, 8639340.282, 112
Trd, 8639340.382, 113
Trd, 8639342.082, 115
Trd, 8639346.432, 105
Trd, 8639346.732, 104
Trd, 8639348.582, 103
Trd, 8639348.932, 103
Trd, 8639349.332, 104
Trd, 8639351.732, 114
Trd, 8639352.232, 115
Trd, 8639355.532, 108
Trd, 8639355.782, 105
Trd, 8639357.182, 106
Trd, 8639358.082, 104
Trd, 8639359.732, 99
Trd, 8639360.232, 100
Trd, 8639360.482, 120
Trd, 8639361.932, 113
Trd, 8639363.782, 104
Trd, 8639364.682, 109
Trd, 8639365.932, 89
Trd, 8639365.982, 106
Trd, 8639366.382, 106
Trd, 8639367.882, 102
Trd, 8639368.482, 101
Trd, 8639370.882, 104
Trd, 8639372.382, 103
Trd, 8639373.032, 103
Trd, 8639375.432, 97
Trd, 8639375.582, 99
Trd, 8639376.932, 103
Trd, 8639377.332, 104
Trd, 8639379.432, 109
Trd, 8639381.332, 88
Trd, 8639382.232, 86
Trd, 8639382.332, 102
Trd, 8639383.282, 103
Trd, 8639383.882, 103
Trd, 8639387.682, 100
Trd, 8639387.982, 99
Trd, 8639388.232, 99
Trd, 8639390.132, 98
Trd, 8639390.332, 94
Trd, 8639391.282, 80
Trd, 8639393.132, 114
Trd, 8639394.432, 113
Trd, 8639394.582, 114
Trd, 8639396.532, 111
Trd, 8639397.732, 110
Trd, 8639398.982, 103
Trd, 8639400.082, 99
Trd, 8639401.432, 95
Trd, 8639402.182, 93
Trd, 8639402.232, 94
Trd, 8639403.132, 95
Trd, 8639403.682, 89
Trd, 8639406.032, 109
Trd, 8639406.832, 107
Trd, 8639407.332, 105
Trd, 8639408.682, 102
Trd, 8639410.632, 96
Trd, 8639410.782, 96
Trd, 8639413.782, 98
Trd, 8639414.432, 103
Trd, 8639414.582, 88
Trd, 8639415.032, 104
Trd, 8639417.432, 107
Trd, 8639417.632, 107
Trd, 8639417.982, 108
Trd, 8639421.682, 106
Trd, 8639423.282, 95
Trd, 8639423.432, 103
Trd, 8639424.832, 103
Trd, 8639426.082, 77
Trd, 8639427.682, 109
Trd, 8639429.782, 107
Trd, 8639431.382, 104
Trd, 8639431.432, 106
Trd, 8639432.232, 104
Trd, 8639433.032, 104
Trd, 8639433.382, 86
Trd, 8639434.332, 103
Trd, 8639435.782, 113
Trd, 8639435.882, 122
Trd, 8639439.032, 110
Trd, 8639441.182, 119
Trd, 8639441.732, 116
Trd, 8639443.532, 111
Trd, 8639444.132, 111
Trd, 8639444.282, 108
Trd, 8639446.282, 104
Trd, 8639448.532, 87
Trd, 8639450.082, 90
Trd, 8639450.382, 91
Trd, 8639451.132, 90
Trd, 8639451.882, 91
Trd, 8639452.532, 95
Trd, 8639453.932, 113
Trd, 8639455.532, 111
Trd, 8639455.782, 95
Trd, 8639457.432, 105
Trd, 8639457.932, 105
Trd, 8639458.482, 106
Trd, 8639458.982, 104
Trd, 8639460.182, 111
Trd, 8639460.432, 113
Trd, 8639463.082, 104
Trd, 8639464.232, 103
Trd, 8639466.132, 97
Trd, 8639466.532, 101
Trd, 8639466.882, 104
Trd, 8639468.582, 121
Trd, 8639470.282, 123
Trd, 8639470.982, 122
Trd, 8639471.532, 117
Trd, 8639473.382, 112
Trd, 8639475.282, 111
Trd, 8639477.332, 105
Trd, 8639477.982, 107
Trd, 8639479.082, 104
Trd, 8639479.482, 104
Trd, 8639479.632, 109
Trd, 8639484.482, 104
Trd, 8639484.782, 97
Trd, 8639485.032, 106
Trd, 8639485.732, 114
Trd, 8639486.232, 113
Trd, 8639486.282, 115
Trd, 8639487.632, 121
Trd, 8639488.082, 92
Trd, 8639490.232, 118
Trd, 8639493.132, 109
Trd, 8639494.882, 110
Trd, 8639495.632, 106
Trd, 8639495.982, 109
Trd, 8639497.332, 103
Trd, 8639497.732, 104
Trd, 8639498.232, 113
Trd, 8639498.832, 121
Trd, 8639499.582, 95
Trd, 8639503.382, 111
Trd, 8639505.182, 116
Trd, 8639506.482, 113
Trd, 8639507.782, 110
Trd, 8639508.882, 114
Trd, 8639509.632, 112
Trd, 8639510.282, 107
Trd, 8639512.582, 105
Trd, 8639512.682, 106
Trd, 8639513.582, 104
Trd, 8639515.832, 99
Trd, 8639515.882, 100
Trd, 8639516.082, 101
Trd, 8639517.382, 122
Trd, 8639518.782, 111
Trd, 8639519.832, 112
Trd, 8639520.632, 89
Trd, 8639524.082, 104
Trd, 8639525.182, 104
Trd, 8639526.032, 113
Trd, 8639526.732, 112
Trd, 8639526.882, 113
Trd, 8639528.182, 114
Trd, 8639529.832, 113
Trd, 8639531.082, 112
Trd, 8639531.932, 113
Trd, 8639533.632, 122
Trd, 8639534.782, 113
Trd, 8639536.932, 107
Trd, 8639537.382, 104
Trd, 8639537.732, 100
Trd, 8639539.332, 101
Trd, 8639540.082, 100
Trd, 8639541.282, 97
Trd, 8639541.532, 97
Trd, 8639543.832, 104
Trd, 8639544.232, 90
Trd, 8639544.782, 110
Trd, 8639545.932, 108
Trd, 8639546.682, 110
Trd, 8639549.732, 99
Trd, 8639549.982, 91
Trd, 8639550.332, 100
Trd, 8639551.282, 102
Trd, 8639551.882, 103
Trd, 8639552.282, 87
Trd, 8639553.882, 102
Trd, 8639555.032, 102
Trd, 8639555.582, 114
Trd, 8639557.882, 110
Trd, 8639559.682, 103
Trd, 8639561.232, 100
Trd, 8639561.782, 102
Trd, 8639562.532, 96
Trd, 8639563.132, 95
Trd, 8639565.132, 110
Trd, 8639566.832, 108
Trd, 8639567.432, 107
Trd, 8639567.782, 107
Trd, 8639568.332, 107
Trd, 8639571.232, 107
Trd, 8639572.132, 107
Trd, 8639572.932, 105
Trd, 8639573.432, 104
Trd, 8639574.182, 104
Trd, 8639574.532, 107
Trd, 8639576.332, 112
Trd, 8639577.232, 111
Trd, 8639578.782, 105
Trd, 8639580.582, 104
Trd, 8639581.832, 104
Trd, 8639582.032, 105
Trd, 8639582.732, 95
Trd, 8639583.132, 122
Trd, 8639583.182, 121
Trd, 8639586.082, 123
Trd, 8639587.282, 113
Trd, 8639589.632, 92
Trd, 8639590.732, 105
Trd, 8639591.132, 104
Trd, 8639591.182, 105
Trd, 8639591.782, 110
Trd, 8639593.332, 113
Trd, 8639593.782, 112
Trd, 8639593.882, 113
Trd, 8639594.732, 101
Trd, 8639598.582, 98
Trd, 8639600.332, 90
Trd, 8639600.782, 96
Trd, 8639601.782, 95
Trd, 8639602.282, 96
Trd, 8639602.532, 104
Trd, 8639605.682, 80
Trd, 8639606.032, 86
Trd, 8639607.182, 94
Trd, 8639609.632, 109
Trd, 8639611.382, 87
Trd, 8639612.382, 94
Trd, 8639612.532, 95
Trd, 8639613.482, 102
Trd, 8639616.182, 100
Trd, 8639617.882, 95
Trd, 8639619.132, 82
Trd, 8639619.432, 89
Trd, 8639619.832, 90
Trd, 8639622.582, 95
Trd, 8639623.382, 93
Trd, 8639624.082, 94
Trd, 8639624.482, 94
Trd, 8639626.032, 95
Trd, 8639626.632, 104
Trd, 8639629.432, 107
Trd, 8639629.982, 107
Trd, 8639630.482, 107
Trd, 8639631.482, 91
Trd, 8639632.832, 99
Trd, 8639632.982, 100
Trd, 8639634.732, 92
Trd, 8639635.282, 111
Trd, 8639636.082, 113
Trd, 8639636.982, 118
Trd, 8639638.682, 109
Trd, 8639639.332, 109
Trd, 8639641.732, 77
Trd, 8639642.432, 79
Trd, 8639645.282, 80
Trd, 8639645.832, 80
Trd, 8639646.732, 92
Trd, 8639646.982, 82
Trd, 8639648.182, 92
Trd, 8639648.282, 95
Trd, 8639649.932, 86
Trd, 8639650.582, 112
Trd, 8639653.082, 109
Trd, 8639654.532, 108
Trd, 8639655.932, 104
Trd, 8639655.982, 95
Trd, 8639656.632, 101
Trd, 8639658.832, 102
Trd, 8639660.732, 101
Trd, 8639662.232, 100
Trd, 8639662.482, 101
Trd, 8639663.782, 102
Trd, 8639664.632, 103
Trd, 8639665.532, 94
Trd, 8639666.232, 104
Trd, 8639666.982, 116
Trd, 8639667.732, 121
Trd, 8639670.532, 112
Trd, 8639671.332, 112
Trd, 8639672.832, 110
Trd, 8639673.232, 104
Trd, 8639675.382, 103
Trd, 8639676.932, 97
Trd, 8639677.732, 96
Trd, 8639679.082, 96
Trd, 8639679.332, 95
Trd, 8639679.832, 104
Trd, 8639680.082, 113
Trd, 8639681.582, 117
Trd, 8639681.782, 104
Trd, 8639684.332, 108
Trd, 8639685.232, 108
Trd, 8639685.282, 103
Trd, 8639688.832, 103
Trd, 8639688.882, 104
Trd, 8639689.782, 103
Trd, 8639690.232, 105
Trd, 8639692.532, 109
Trd, 8639693.332, 109
Trd, 8639694.132, 103
Trd, 8639694.532, 111
Trd, 8639697.232, 104
Trd, 8639698.632, 106
Trd, 8639699.232, 104
Trd, 8639701.082, 101
Trd, 8639702.632, 99
Trd, 8639703.682, 103
Trd, 8639703.832, 86
Trd, 8639704.182, 104
Trd, 8639706.332, 111
Trd, 8639707.632, 102
Trd, 8639710.632, 99
Trd, 8639710.832, 83
Trd, 8639711.332, 100
Trd, 8639713.182, 98
Trd, 8639714.132, 100
Trd, 8639715.982, 113
Trd, 8639717.232, 112
Trd, 8639717.482, 105
Trd, 8639718.632, 114
Trd, 8639719.132, 113
Trd, 8639720.232, 112
Trd, 8639721.532, 113
Trd, 8639725.582, 107
Trd, 8639726.182, 108
Trd, 8639727.082, 107
Trd, 8639727.982, 104
Trd, 8639728.982, 107
Trd, 8639730.382, 122
Trd, 8639732.982, 108
Trd, 8639734.432, 106
Trd, 8639734.682, 106
Trd, 8639735.132, 106
Trd, 8639735.682, 111
Trd, 8639736.932, 109
Trd, 8639740.632, 106
Trd, 8639740.682, 105
Trd, 8639742.282, 103
Trd, 8639742.332, 95
Trd, 8639743.632, 101
Trd, 8639745.982, 98
Trd, 8639746.282, 104
Trd, 8639747.132, 112
Trd, 8639747.182, 103
Trd, 8639749.382, 106
Trd, 8639750.032, 110
Trd, 8639750.882, 100
Trd, 8639751.782, 113
Trd, 8639753.082, 112
Trd, 8639754.082, 110
Trd, 8639757.232, 108
Trd, 8639758.582, 95
Trd, 8639759.432, 112
Trd, 8639760.132, 90
Trd, 8639761.732, 105
Trd, 8639762.432, 104
Trd, 8639764.032, 105
Trd, 8639764.282, 116
Trd, 8639767.082, 123
Trd, 8639767.532, 123
Trd, 8639767.882, 122
Trd, 8639768.032, 104
Trd, 8639768.882, 114
Trd, 8639769.282, 113
Trd, 8639771.432, 104
Trd, 8639771.532, 104
Trd, 8639772.432, 103
Trd, 8639772.782, 102
Trd, 8639774.182, 101
Trd, 8639777.232, 94
Trd, 8639777.332, 95
Trd, 8639777.682, 91
Trd, 8639778.432, 102
Trd, 8639780.232, 100
Trd, 8639780.832, 103
Trd, 8639782.532, 113
Trd, 8639782.982, 113
Trd, 8639786.082, 96
Trd, 8639786.682, 105
Trd, 8639787.132, 104
Trd, 8639787.632, 105
Trd, 8639789.582, 97
Trd, 8639789.832, 110
Trd, 8639793.282, 108
Trd, 8639793.582, 110
Trd, 8639794.432, 109
Trd, 8639794.632, 112
Trd, 8639796.532, 107
Trd, 8639797.632, 107
Trd, 8639798.082, 107
Trd, 8639798.132, 104
Trd, 8639799.282, 109
Trd, 8639802.132, 95
Trd, 8639802.382, 105
Trd, 8639802.882, 108
Trd, 8639805.182, 104
Trd, 8639805.432, 109
Trd, 8639808.832, 101
Trd, 8639809.232, 101
Trd, 8639809.532, 103
Trd, 8639810.432, 102
Trd, 8639811.632, 97
Trd, 8639813.382, 96
Trd, 8639813.532, 97
Trd, 8639814.732, 104
Trd, 8639815.232, 112
Trd, 8639815.682, 111
Trd, 8639815.732, 113
Trd, 8639818.782, 105
Trd, 8639821.582, 106
Trd, 8639822.632, 104
Trd, 8639822.732, 108
Trd, 8639824.882, 86
Trd, 8639825.232, 112
Trd, 8639825.982, 84
Trd, 8639826.882, 111
Trd, 8639829.532, 112
Trd, 8639829.982, 107
Trd, 8639830.682, 113
Trd, 8639833.732, 114
Trd, 8639834.132, 113
Trd, 8639834.982, 108
Trd, 8639835.232, 107
Trd, 8639836.682, 104
Trd, 8639838.182, 105
Trd, 8639839.382, 101
Trd, 8639840.032, 114
Trd, 8639840.832, 112
Trd, 8639843.132, 106
Trd, 8639843.532, 105
Trd, 8639844.132, 104
Trd, 8639844.932, 98
Trd, 8639844.982, 102
Trd, 8639846.532, 103
Trd, 8639847.232, 103
Trd, 8639848.132, 96
Trd, 8639848.582, 122
Trd, 8639850.082, 131
Trd, 8639852.832, 124
Trd, 8639853.032, 122
Trd, 8639854.532, 113
Trd, 8639856.182, 109
Trd, 8639856.232, 104
Trd, 8639857.782, 108
Trd, 8639857.982, 110
Trd, 8639860.332, 113
Trd, 8639860.682, 102
Trd, 8639863.232, 105
Trd, 8639863.482, 103
Trd, 8639863.782, 104
Trd, 8639865.332, 104
Trd, 8639867.532, 101
Trd, 8639867.782, 104
Trd, 8639868.082, 104
Trd, 8639868.932, 104
Trd, 8639870.282, 101
Trd, 8639870.732, 95
Trd, 8639871.132, 101
Trd, 8639873.582, 99
Trd, 8639874.932, 97
Trd, 8639875.432, 96
Trd, 8639875.632, 98
Trd, 8639876.182, 113
Trd, 8639878.082, 92
Trd, 8639880.182, 115
Trd, 8639880.382, 114
Trd, 8639881.532, 112
Trd, 8639882.282, 112
Trd, 8639884.032, 112
Trd, 8639884.132, 104
Trd, 8639887.082, 103
Trd, 8639887.732, 97
Trd, 8639888.082, 103
Trd, 8639889.632, 103
Trd, 8639890.182, 102
Trd, 8639891.782, 99
Trd, 8639893.082, 90
Trd, 8639893.682, 104
Trd, 8639894.832, 114
Trd, 8639898.182, 106
Trd, 8639898.232, 104
Trd, 8639898.632, 105
Trd, 8639899.432, 106
Trd, 8639900.632, 104
Trd, 8639902.182, 100
Trd, 8639902.882, 102
Trd, 8639904.632, 112
Trd, 8639904.982, 86
Trd, 8639905.732, 79
Trd, 8639906.232, 114
Trd, 8639907.182, 113
Trd, 8639909.132, 119
Trd, 8639909.232, 114
Trd, 8639910.082, 112
Trd, 8639911.382, 108
Trd, 8639912.782, 86
Trd, 8639914.382, 103
Trd, 8639915.132, 101
Trd, 8639915.982, 103
Trd, 8639917.832, 100
Trd, 8639919.582, 98
Trd, 8639920.282, 98
Trd, 8639920.632, 99
Trd, 8639921.382, 98
Trd, 8639921.832, 118
Trd, 8639922.032, 87
Trd, 8639924.832, 106
Trd, 8639925.032, 105
Trd, 8639926.132, 106
Trd, 8639926.632, 106
Trd, 8639926.982, 106
Trd, 8639928.082, 108
Trd, 8639931.032, 92
Trd, 8639931.082, 103
Trd, 8639934.332, 96
Trd, 8639934.782, 96
Trd, 8639935.182, 96
Trd, 8639936.532, 96
Trd, 8639936.932, 91
Trd, 8639937.632, 95
Trd, 8639938.632, 93
Trd, 8639940.632, 92
Trd, 8639940.832, 83
Trd, 8639942.182, 103
Trd, 8639943.132, 99
Trd, 8639943.432, 100
Trd, 8639944.882, 104
Trd, 8639945.232, 89
Trd, 8639947.382, 109
Trd, 8639947.882, 109
Trd, 8639948.032, 111
Trd, 8639950.182, 102
Trd, 8639951.432, 111
Trd, 8639952.182, 95
Trd, 8639953.782, 104
Trd, 8639954.482, 108
Trd, 8639955.132, 108
Trd, 8639957.232, 104
Trd, 8639959.682, 98
Trd, 8639960.782, 97
Trd, 8639960.832, 98
Trd, 8639961.382, 95
Trd, 8639961.582, 98
Trd, 8639962.382, 86
Trd, 8639962.582, 104
Trd, 8639963.382, 114
Trd, 8639966.082, 114
Trd, 8639966.632, 106
Trd, 8639967.082, 109
Trd, 8639967.682, 109
Trd, 8639970.032, 106
Trd, 8639970.832, 107
Trd, 8639971.782, 108
Trd, 8639973.332, 104
Trd, 8639975.032, 102
Trd, 8639975.482, 96
Trd, 8639976.682, 100
Trd, 8639977.832, 97
Trd, 8639978.332, 103
Trd, 8639981.282, 110
Trd, 8639981.482, 95
Trd, 8639983.582, 104
Trd, 8639983.932, 105
Trd, 8639984.882, 105
Trd, 8639985.582, 97
Trd, 8639986.032, 103
Trd, 8639986.782, 102
Trd, 8639987.532, 103
Trd, 8639988.632, 100
Trd, 8639989.632, 101
Trd, 8639991.432, 104
Trd, 8639991.932, 108
Trd, 8639992.132, 110
Trd, 8639993.432, 105
Trd, 8639994.932, 105
Trd, 8639995.532, 105
Trd, 8639996.882, 104
Trd, 8639997.282, 105
Trd, 8639999.782, 99
