Trd, 8637939.632, 105
Trd, 8637940.332, 103
Trd, 8637943.182, 91
Trd, 8637943.582, 78
Trd, 8637944.432, 117
Trd, 8637945.232, 106
Trd, 8637946.082, 106
Trd, 8637946.282, 105
Trd, 8637946.982, 94
Trd, 8637948.632, 80
Trd, 8637949.582, 92
Trd, 8637950.032, 111
Trd, 8637951.632, 105
Trd, 8637951.932, 83
Trd, 8637954.582, 89
Trd, 8637956.032, 103
Trd, 8637956.532, 108
Trd, 8637956.582, 113
Trd, 8637958.332, 106
Trd, 8637958.482, 102
Trd, 8637960.932, 130
Trd, 8637961.632, 91
Trd, 8637963.632, 89
Trd, 8637964.032, 100
Trd, 8637964.532, 105
Trd, 8637965.582, 78
Trd, 8637966.832, 90
Trd, 8637968.232, 100
Trd, 8637971.082, 93
Trd, 8637973.132, 102
Trd, 8637973.482, 75
Trd, 8637973.932, 82
Trd, 8637975.832, 92
Trd, 8637977.882, 97
Trd, 8637979.182, 92
Trd, 8637979.632, 113
Trd, 8637982.182, 116
Trd, 8637982.632, 109
Trd, 8637983.132, 107
Trd, 8637984.132, 102
Trd, 8637984.932, 104
Trd, 8637985.682, 77
Trd, 8637986.582, 79
Trd, 8637987.832, 106
Trd, 8637988.932, 100
Trd, 8637989.882, 109
Trd, 8637989.932, 101
Trd, 8637993.232, 119
Trd, 8637993.732, 114
Trd, 8637994.032, 87
Trd, 8637994.532, 90
Trd, 8637995.932, 103
Trd, 8637997.382, 95
Trd, 8637998.032, 94
Trd, 8637998.232, 113
Trd, 8638001.032, 105
Trd, 8638001.432, 104
Trd, 8638004.082, 101
Trd, 8638005.432, 102
Trd, 8638005.532, 103
Trd, 8638005.582, 104
Trd, 8638006.382, 98
Trd, 8638007.932, 85
Trd, 8638009.532, 114
Trd, 8638011.532, 103
Trd, 8638012.682, 89
Trd, 8638013.082, 107
Trd, 8638015.382, 89
Trd, 8638015.932, 107
Trd, 8638017.632, 105
Trd, 8638018.232, 103
Trd, 8638019.982, 125
Trd, 8638021.682, 101
Trd, 8638022.432, 106
Trd, 8638022.782, 104
Trd, 8638024.132, 110
Trd, 8638024.932, 102
Trd, 8638025.132, 93
Trd, 8638027.532, 105
Trd, 8638029.032, 90
Trd, 8638029.282, 84
Trd, 8638030.482, 110
Trd, 8638032.232, 108
Trd, 8638032.682, 110
Trd, 8638032.932, 109
Trd, 8638034.182, 105
Trd, 8638035.132, 105
Trd, 8638036.882, 106
Trd, 8638037.082, 104
Trd, 8638037.382, 99
Trd, 8638038.832, 82
Trd, 8638039.532, 102
Trd, 8638043.232, 106
Trd, 8638043.782, 104
Trd, 8638043.982, 104
Trd, 8638046.782, 103
Trd, 8638047.082, 104
Trd, 8638049.482, 101
Trd, 8638049.932, 94
Trd, 8638051.082, 108
Trd, 8638052.532, 98
Trd, 8638052.682, 94
Trd, 8638055.332, 98
Trd, 8638056.282, 97
Trd, 8638057.382, 113
Trd, 8638058.232, 105
Trd, 8638058.732, 104
Trd, 8638060.682, 104
Trd, 8638061.932, 112
Trd, 8638062.332, 106
Trd, 8638065.582, 102
Trd, 8638066.882, 93
Trd, 8638068.332, 95
Trd, 8638068.482, 104
Trd, 8638068.882, 106
Trd, 8638071.182, 91
Trd, 8638072.532, 104
Trd, 8638072.932, 113
Trd, 8638074.532, 106
Trd, 8638075.582, 104
Trd, 8638077.332, 85
Trd, 8638077.532, 67
Trd, 8638078.832, 94
Trd, 8638080.932, 104
Trd, 8638081.632, 78
Trd, 8638082.782, 106
Trd, 8638085.982, 105
Trd, 8638086.382, 111
Trd, 8638087.032, 101
Trd, 8638087.532, 100
Trd, 8638089.532, 112
Trd, 8638090.582, 107
Trd, 8638090.832, 110
Trd, 8638091.082, 106
Trd, 8638093.482, 104
Trd, 8638094.182, 103
Trd, 8638095.682, 96
Trd, 8638097.482, 97
Trd, 8638098.532, 101
Trd, 8638101.032, 77
Trd, 8638103.532, 92
Trd, 8638103.732, 90
Trd, 8638103.832, 93
Trd, 8638103.982, 83
Trd, 8638105.732, 104
Trd, 8638107.432, 95
Trd, 8638109.482, 111
Trd, 8638109.532, 113
Trd, 8638109.582, 103
Trd, 8638111.032, 94
Trd, 8638112.082, 89
Trd, 8638114.182, 103
Trd, 8638115.532, 104
Trd, 8638116.232, 104
Trd, 8638117.132, 87
Trd, 8638117.732, 94
Trd, 8638120.432, 77
Trd, 8638121.282, 101
Trd, 8638121.532, 107
Trd, 8638122.582, 89
Trd, 8638123.732, 104
Trd, 8638124.682, 106
Trd, 8638124.882, 105
Trd, 8638125.832, 118
Trd, 8638126.332, 104
Trd, 8638127.582, 106
Trd, 8638127.882, 104
Trd, 8638131.332, 105
Trd, 8638131.632, 103
Trd, 8638132.132, 118
Trd, 8638132.732, 80
Trd, 8638134.582, 82
Trd, 8638134.682, 104
Trd, 8638135.482, 107
Trd, 8638138.032, 100
Trd, 8638138.332, 101
Trd, 8638138.682, 90
Trd, 8638140.482, 106
Trd, 8638141.332, 90
Trd, 8638141.632, 80
Trd, 8638143.582, 105
Trd, 8638143.982, 105
Trd, 8638144.932, 103
Trd, 8638145.032, 95
Trd, 8638146.082, 84
Trd, 8638147.282, 101
Trd, 8638150.182, 86
Trd, 8638152.032, 94
Trd, 8638152.682, 102
Trd, 8638152.882, 102
Trd, 8638154.432, 95
Trd, 8638154.832, 102
Trd, 8638155.082, 93
Trd, 8638155.432, 104
Trd, 8638155.832, 113
Trd, 8638158.782, 81
Trd, 8638159.582, 109
Trd, 8638161.432, 87
Trd, 8638162.582, 74
Trd, 8638164.532, 90
Trd, 8638164.932, 91
Trd, 8638165.132, 91
Trd, 8638165.332, 77
Trd, 8638168.082, 103
Trd, 8638168.482, 110
Trd, 8638170.932, 85
Trd, 8638172.682, 104
Trd, 8638173.382, 105
Trd, 8638173.832, 104
Trd, 8638174.082, 100
Trd, 8638177.382, 98
Trd, 8638177.682, 97
Trd, 8638180.382, 88
Trd, 8638180.582, 113
Trd, 8638181.332, 77
Trd, 8638181.532, 78
Trd, 8638181.732, 104
Trd, 8638184.982, 112
Trd, 8638185.582, 93
Trd, 8638185.732, 91
Trd, 8638185.832, 88
Trd, 8638189.432, 106
Trd, 8638191.432, 107
Trd, 8638192.282, 104
Trd, 8638193.082, 97
Trd, 8638193.782, 77
Trd, 8638197.282, 119
Trd, 8638197.882, 116
Trd, 8638198.032, 109
Trd, 8638198.832, 103
Trd, 8638199.682, 104
Trd, 8638200.832, 111
Trd, 8638201.232, 113
Trd, 8638202.382, 98
Trd, 8638203.532, 98
Trd, 8638205.532, 77
Trd, 8638207.882, 108
Trd, 8638208.382, 108
Trd, 8638208.782, 104
Trd, 8638208.932, 104
Trd, 8638209.182, 127
Trd, 8638211.232, 87
Trd, 8638212.282, 103
Trd, 8638214.082, 104
Trd, 8638214.682, 104
Trd, 8638215.482, 91
Trd, 8638216.182, 77
Trd, 8638216.982, 95
Trd, 8638218.282, 91
Trd, 8638219.232, 94
Trd, 8638220.782, 105
Trd, 8638222.082, 106
Trd, 8638222.682, 107
Trd, 8638223.232, 108
Trd, 8638224.232, 104
Trd, 8638224.982, 106
Trd, 8638227.032, 90
Trd, 8638227.282, 91
Trd, 8638228.582, 105
Trd, 8638230.332, 107
Trd, 8638231.882, 104
Trd, 8638232.032, 104
Trd, 8638233.082, 103
Trd, 8638235.032, 103
Trd, 8638235.632, 104
Trd, 8638236.282, 75
Trd, 8638237.382, 82
Trd, 8638239.582, 94
Trd, 8638240.932, 90
Trd, 8638241.832, 98
Trd, 8638242.932, 91
Trd, 8638243.132, 93
Trd, 8638244.632, 86
Trd, 8638248.182, 106
Trd, 8638248.532, 89
Trd, 8638249.132, 99
Trd, 8638249.882, 107
Trd, 8638249.982, 88
Trd, 8638251.782, 84
Trd, 8638254.382, 93
Trd, 8638255.382, 103
Trd, 8638256.282, 104
Trd, 8638257.732, 111
Trd, 8638259.482, 104
Trd, 8638260.482, 81
Trd, 8638262.282, 106
Trd, 8638262.782, 95
Trd, 8638264.032, 106
Trd, 8638264.682, 94
Trd, 8638266.832, 84
Trd, 8638269.332, 101
Trd, 8638269.782, 106
Trd, 8638270.182, 120
Trd, 8638270.982, 79
Trd, 8638271.182, 104
Trd, 8638272.482, 106
Trd, 8638274.132, 105
Trd, 8638274.982, 104
Trd, 8638276.232, 85
Trd, 8638277.232, 92
Trd, 8638279.182, 97
Trd, 8638279.682, 84
Trd, 8638280.232, 112
Trd, 8638281.182, 90
Trd, 8638281.782, 92
Trd, 8638283.782, 89
Trd, 8638285.132, 109
Trd, 8638286.832, 107
Trd, 8638287.582, 86
Trd, 8638287.832, 91
Trd, 8638290.232, 104
Trd, 8638292.282, 92
Trd, 8638293.382, 101
Trd, 8638294.282, 92
Trd, 8638294.632, 104
Trd, 8638295.032, 102
Trd, 8638295.332, 91
Trd, 8638296.932, 63
Trd, 8638299.082, 105
Trd, 8638301.382, 97
Trd, 8638302.532, 94
Trd, 8638304.132, 79
Trd, 8638304.532, 90
Trd, 8638304.982, 113
Trd, 8638306.432, 107
Trd, 8638306.732, 113
Trd, 8638306.982, 104
Trd, 8638308.482, 93
Trd, 8638309.632, 86
Trd, 8638309.832, 89
Trd, 8638312.882, 116
Trd, 8638313.082, 115
Trd, 8638314.232, 119
Trd, 8638314.282, 109
Trd, 8638315.982, 103
Trd, 8638318.082, 112
Trd, 8638318.782, 103
Trd, 8638320.732, 113
Trd, 8638320.882, 106
Trd, 8638320.982, 105
Trd, 8638321.632, 107
Trd, 8638322.032, 105
Trd, 8638324.582, 106
Trd, 8638325.732, 117
Trd, 8638329.182, 112
Trd, 8638329.282, 112
Trd, 8638329.382, 104
Trd, 8638329.882, 80
Trd, 8638330.082, 113
Trd, 8638332.532, 79
Trd, 8638333.382, 104
Trd, 8638334.882, 105
Trd, 8638336.232, 105
Trd, 8638336.982, 105
Trd, 8638338.082, 104
Trd, 8638338.682, 88
Trd, 8638339.582, 123
Trd, 8638340.432, 77
Trd, 8638343.082, 82
Trd, 8638343.982, 101
Trd, 8638344.632, 97
Trd, 8638345.232, 77
Trd, 8638345.932, 113
Trd, 8638348.082, 106
Trd, 8638348.232, 107
Trd, 8638348.982, 100
Trd, 8638351.732, 109
Trd, 8638351.932, 103
Trd, 8638352.832, 109
Trd, 8638353.082, 102
Trd, 8638353.582, 92
Trd, 8638356.232, 105
Trd, 8638357.482, 105
Trd, 8638358.082, 104
Trd, 8638358.582, 111
Trd, 8638359.282, 104
Trd, 8638359.832, 85
Trd, 8638361.532, 111
Trd, 8638362.632, 76
Trd, 8638364.582, 104
Trd, 8638365.932, 103
Trd, 8638366.932, 92
Trd, 8638367.732, 80
Trd, 8638369.682, 96
Trd, 8638371.882, 105
Trd, 8638373.432, 107
Trd, 8638373.832, 105
Trd, 8638374.282, 104
Trd, 8638374.332, 90
Trd, 8638375.332, 92
Trd, 8638376.432, 78
Trd, 8638378.132, 106
Trd, 8638379.882, 105
Trd, 8638380.432, 104
Trd, 8638381.482, 94
Trd, 8638382.932, 89
Trd, 8638382.982, 91
Trd, 8638383.732, 99
Trd, 8638388.032, 100
Trd, 8638389.732, 105
Trd, 8638389.882, 106
Trd, 8638390.582, 104
Trd, 8638391.732, 95
Trd, 8638392.832, 110
Trd, 8638394.182, 98
Trd, 8638394.282, 91
Trd, 8638398.282, 112
Trd, 8638398.982, 104
Trd, 8638400.482, 100
Trd, 8638400.932, 115
Trd, 8638402.882, 87
Trd, 8638404.732, 89
Trd, 8638406.132, 104
Trd, 8638407.582, 110
Trd, 8638408.332, 106
Trd, 8638409.382, 113
Trd, 8638410.082, 102
Trd, 8638413.082, 94
Trd, 8638413.332, 100
Trd, 8638413.882, 87
Trd, 8638413.982, 88
Trd, 8638414.532, 103
Trd, 8638418.132, 101
Trd, 8638419.032, 91
Trd, 8638420.232, 90
Trd, 8638420.332, 91
Trd, 8638421.432, 104
Trd, 8638421.632, 87
Trd, 8638423.732, 88
Trd, 8638425.832, 89
Trd, 8638425.932, 102
Trd, 8638426.532, 83
Trd, 8638427.682, 106
Trd, 8638429.832, 84
Trd, 8638432.432, 89
Trd, 8638432.682, 89
Trd, 8638434.232, 105
Trd, 8638435.532, 99
Trd, 8638437.132, 100
Trd, 8638437.382, 99
Trd, 8638438.582, 81
Trd, 8638440.882, 86
Trd, 8638441.032, 87
Trd, 8638442.132, 106
Trd, 8638443.282, 104
Trd, 8638443.732, 112
Trd, 8638444.632, 84
Trd, 8638447.032, 87
Trd, 8638450.082, 95
Trd, 8638450.632, 103
Trd, 8638450.882, 72
Trd, 8638452.532, 106
Trd, 8638452.582, 103
Trd, 8638454.482, 80
Trd, 8638455.282, 112
Trd, 8638455.882, 87
Trd, 8638458.982, 113
Trd, 8638459.132, 92
Trd, 8638459.982, 89
Trd, 8638460.032, 101
Trd, 8638463.432, 89
Trd, 8638463.682, 99
Trd, 8638465.132, 104
Trd, 8638465.482, 82
Trd, 8638467.082, 103
Trd, 8638469.232, 114
Trd, 8638469.832, 102
Trd, 8638470.332, 100
Trd, 8638472.482, 91
Trd, 8638473.082, 93
Trd, 8638474.132, 105
Trd, 8638475.132, 94
Trd, 8638476.332, 93
Trd, 8638476.882, 111
Trd, 8638479.332, 105
Trd, 8638480.182, 112
Trd, 8638481.732, 108
Trd, 8638482.082, 104
Trd, 8638483.232, 90
Trd, 8638483.782, 94
Trd, 8638484.332, 93
Trd, 8638486.082, 101
Trd, 8638488.532, 84
Trd, 8638490.782, 102
Trd, 8638491.682, 103
Trd, 8638494.182, 93
Trd, 8638494.632, 93
Trd, 8638494.682, 85
Trd, 8638496.132, 106
Trd, 8638498.482, 105
Trd, 8638500.082, 103
Trd, 8638500.332, 111
Trd, 8638501.082, 121
Trd, 8638501.882, 96
Trd, 8638504.982, 88
Trd, 8638505.132, 84
Trd, 8638506.332, 86
Trd, 8638508.882, 90
Trd, 8638509.032, 82
Trd, 8638511.082, 104
Trd, 8638511.482, 96
Trd, 8638513.382, 96
Trd, 8638513.582, 100
Trd, 8638515.082, 101
Trd, 8638515.932, 90
Trd, 8638516.582, 94
Trd, 8638519.482, 89
Trd, 8638520.982, 93
Trd, 8638521.082, 91
Trd, 8638521.632, 105
Trd, 8638522.082, 106
Trd, 8638524.082, 105
Trd, 8638525.682, 105
Trd, 8638526.732, 105
Trd, 8638527.682, 92
Trd, 8638527.982, 101
Trd, 8638531.232, 108
Trd, 8638531.832, 111
Trd, 8638533.382, 103
Trd, 8638533.832, 94
Trd, 8638534.082, 112
Trd, 8638535.982, 98
Trd, 8638537.582, 87
Trd, 8638538.832, 87
Trd, 8638539.482, 103
Trd, 8638540.832, 95
Trd, 8638541.382, 113
Trd, 8638542.532, 112
Trd, 8638542.982, 104
Trd, 8638544.082, 78
Trd, 8638545.832, 105
Trd, 8638546.382, 103
Trd, 8638547.432, 109
Trd, 8638548.332, 91
Trd, 8638549.082, 96
Trd, 8638549.382, 113
Trd, 8638551.032, 80
Trd, 8638553.432, 104
Trd, 8638554.332, 91
Trd, 8638554.832, 90
Trd, 8638556.632, 102
Trd, 8638557.232, 87
Trd, 8638558.482, 103
Trd, 8638558.682, 103
Trd, 8638560.532, 105
Trd, 8638561.682, 100
Trd, 8638563.882, 102
Trd, 8638565.132, 82
Trd, 8638566.232, 104
Trd, 8638567.432, 104
Trd, 8638567.482, 101
Trd, 8638567.882, 113
Trd, 8638569.982, 105
Trd, 8638571.032, 105
Trd, 8638573.282, 117
Trd, 8638574.182, 105
Trd, 8638575.832, 106
Trd, 8638576.682, 87
Trd, 8638576.732, 94
Trd, 8638578.332, 104
Trd, 8638579.482, 87
Trd, 8638581.332, 107
Trd, 8638581.382, 99
Trd, 8638582.232, 109
Trd, 8638582.882, 126
Trd, 8638582.982, 77
Trd, 8638585.432, 77
Trd, 8638585.932, 84
Trd, 8638587.632, 99
Trd, 8638588.782, 99
Trd, 8638589.932, 100
Trd, 8638589.982, 106
Trd, 8638591.832, 106
Trd, 8638593.282, 106
Trd, 8638596.132, 105
Trd, 8638596.182, 104
Trd, 8638596.632, 100
Trd, 8638598.632, 85
Trd, 8638598.782, 86
Trd, 8638599.882, 87
Trd, 8638601.082, 124
Trd, 8638601.132, 105
Trd, 8638601.382, 103
Trd, 8638602.832, 91
Trd, 8638605.482, 111
Trd, 8638606.232, 104
Trd, 8638608.132, 97
Trd, 8638608.232, 110
Trd, 8638609.332, 97
Trd, 8638609.632, 96
Trd, 8638610.382, 94
Trd, 8638612.582, 104
Trd, 8638614.132, 111
Trd, 8638615.532, 108
Trd, 8638616.382, 104
Trd, 8638617.132, 104
Trd, 8638617.632, 103
Trd, 8638618.632, 83
Trd, 8638621.082, 101
Trd, 8638622.032, 88
Trd, 8638622.432, 94
Trd, 8638624.382, 109
Trd, 8638624.832, 91
Trd, 8638624.882, 113
Trd, 8638626.082, 86
Trd, 8638627.132, 80
Trd, 8638628.782, 90
Trd, 8638628.882, 123
Trd, 8638629.782, 86
Trd, 8638632.032, 93
Trd, 8638635.132, 107
Trd, 8638635.382, 105
Trd, 8638636.782, 105
Trd, 8638636.932, 104
Trd, 8638638.382, 115
Trd, 8638640.782, 104
Trd, 8638641.582, 91
Trd, 8638642.082, 110
Trd, 8638642.732, 110
Trd, 8638644.582, 104
Trd, 8638646.332, 108
Trd, 8638647.432, 89
Trd, 8638647.882, 101
Trd, 8638648.832, 84
Trd, 8638650.132, 84
Trd, 8638651.682, 102
Trd, 8638652.482, 89
Trd, 8638653.032, 88
Trd, 8638655.032, 104
Trd, 8638656.082, 108
Trd, 8638657.182, 109
Trd, 8638659.282, 84
Trd, 8638660.332, 90
Trd, 8638660.982, 86
Trd, 8638661.482, 112
Trd, 8638662.882, 113
Trd, 8638664.432, 109
Trd, 8638666.082, 85
Trd, 8638666.682, 106
Trd, 8638666.932, 89
Trd, 8638667.632, 89
Trd, 8638668.532, 91
Trd, 8638671.082, 72
Trd, 8638672.132, 90
Trd, 8638672.182, 92
Trd, 8638674.732, 94
Trd, 8638675.282, 94
Trd, 8638676.182, 101
Trd, 8638676.982, 109
Trd, 8638677.482, 111
Trd, 8638678.432, 105
Trd, 8638680.182, 104
Trd, 8638680.882, 111
Trd, 8638681.182, 103
Trd, 8638683.632, 80
Trd, 8638684.282, 83
Trd, 8638684.732, 90
Trd, 8638685.432, 106
Trd, 8638686.082, 105
Trd, 8638687.732, 103
Trd, 8638690.582, 107
Trd, 8638690.682, 105
Trd, 8638692.582, 106
Trd, 8638693.732, 107
Trd, 8638693.982, 109
Trd, 8638695.282, 101
Trd, 8638697.432, 88
Trd, 8638697.532, 98
Trd, 8638699.882, 93
Trd, 8638702.082, 84
Trd, 8638702.482, 106
Trd, 8638703.732, 104
Trd, 8638705.232, 105
Trd, 8638706.032, 113
Trd, 8638707.432, 102
Trd, 8638707.832, 92
Trd, 8638708.632, 84
Trd, 8638709.032, 99
Trd, 8638711.032, 90
Trd, 8638711.332, 107
Trd, 8638714.632, 86
Trd, 8638715.332, 97
Trd, 8638718.382, 94
Trd, 8638719.132, 104
Trd, 8638719.832, 77
Trd, 8638720.832, 104
Trd, 8638722.732, 104
Trd, 8638723.332, 98
Trd, 8638723.932, 97
Trd, 8638724.132, 96
Trd, 8638726.332, 104
Trd, 8638726.782, 107
Trd, 8638727.882, 104
Trd, 8638728.982, 112
Trd, 8638729.532, 104
Trd, 8638731.432, 109
Trd, 8638731.882, 78
Trd, 8638732.332, 83
Trd, 8638735.432, 89
Trd, 8638735.932, 99
Trd, 8638737.632, 84
Trd, 8638737.932, 82
Trd, 8638738.932, 105
Trd, 8638739.782, 116
Trd, 8638739.932, 104
Trd, 8638741.882, 114
Trd, 8638742.632, 77
Trd, 8638743.282, 111
Trd, 8638745.232, 96
Trd, 8638746.382, 111
Trd, 8638747.332, 81
Trd, 8638747.732, 104
Trd, 8638751.132, 87
Trd, 8638752.032, 96
Trd, 8638753.332, 102
Trd, 8638754.082, 104
Trd, 8638754.632, 105
Trd, 8638757.382, 112
Trd, 8638758.982, 106
Trd, 8638759.332, 103
Trd, 8638759.982, 113
Trd, 8638760.082, 105
Trd, 8638761.232, 89
Trd, 8638765.482, 83
Trd, 8638765.882, 84
Trd, 8638767.232, 104
Trd, 8638768.032, 109
Trd, 8638768.782, 104
Trd, 8638770.182, 97
Trd, 8638770.582, 86
Trd, 8638770.682, 113
Trd, 8638773.732, 104
Trd, 8638773.832, 104
Trd, 8638775.382, 83
Trd, 8638775.832, 109
Trd, 8638777.482, 89
Trd, 8638777.632, 80
Trd, 8638779.782, 104
Trd, 8638781.232, 87
Trd, 8638782.732, 102
Trd, 8638783.782, 104
Trd, 8638785.932, 99
Trd, 8638787.282, 112
Trd, 8638789.032, 93
Trd, 8638789.082, 88
Trd, 8638789.732, 93
Trd, 8638790.682, 104
Trd, 8638793.482, 78
Trd, 8638793.632, 96
Trd, 8638795.382, 113
Trd, 8638796.832, 105
Trd, 8638797.282, 105
Trd, 8638799.082, 106
Trd, 8638799.382, 104
Trd, 8638799.632, 100
Trd, 8638800.832, 111
Trd, 8638802.582, 79
Trd, 8638802.782, 77
Trd, 8638803.882, 105
Trd, 8638804.432, 104
Trd, 8638804.832, 119
Trd, 8638806.282, 122
Trd, 8638808.032, 78
Trd, 8638808.732, 93
Trd, 8638809.932, 104
Trd, 8638811.132, 100
Trd, 8638811.582, 113
Trd, 8638813.132, 106
Trd, 8638813.282, 104
Trd, 8638814.332, 84
Trd, 8638815.582, 98
Trd, 8638816.932, 103
Trd, 8638817.482, 106
Trd, 8638818.632, 93
Trd, 8638819.632, 91
Trd, 8638820.382, 88
Trd, 8638822.882, 87
Trd, 8638822.932, 109
Trd, 8638822.982, 82
Trd, 8638824.332, 105
Trd, 8638825.782, 103
Trd, 8638826.132, 92
Trd, 8638826.582, 77
Trd, 8638826.932, 93
Trd, 8638832.282, 103
Trd, 8638832.982, 91
Trd, 8638833.482, 104
Trd, 8638834.282, 93
Trd, 8638834.632, 92
Trd, 8638834.882, 111
Trd, 8638835.882, 113
Trd, 8638838.332, 104
Trd, 8638838.582, 123
Trd, 8638839.132, 105
Trd, 8638840.732, 106
Trd, 8638842.382, 113
Trd, 8638843.482, 105
Trd, 8638843.982, 114
Trd, 8638844.132, 104
Trd, 8638845.382, 86
Trd, 8638845.532, 81
Trd, 8638845.832, 86
Trd, 8638848.432, 84
Trd, 8638848.932, 101
Trd, 8638849.982, 88
Trd, 8638850.032, 77
Trd, 8638850.632, 99
Trd, 8638851.432, 104
Trd, 8638854.032, 95
Trd, 8638856.132, 109
Trd, 8638856.382, 104
Trd, 8638856.732, 103
Trd, 8638858.682, 105
Trd, 8638858.882, 107
Trd, 8638860.482, 105
Trd, 8638861.182, 126
Trd, 8638861.532, 92
Trd, 8638862.732, 100
Trd, 8638862.882, 80
Trd, 8638867.082, 105
Trd, 8638867.282, 100
Trd, 8638868.282, 107
Trd, 8638868.682, 106
Trd, 8638870.282, 98
Trd, 8638871.532, 92
Trd, 8638872.582, 104
Trd, 8638874.232, 92
Trd, 8638874.782, 121
Trd, 8638875.182, 106
Trd, 8638875.732, 91
Trd, 8638878.582, 105
Trd, 8638878.832, 103
Trd, 8638879.282, 111
Trd, 8638881.632, 113
Trd, 8638882.832, 104
Trd, 8638884.382, 112
Trd, 8638884.582, 111
Trd, 8638886.132, 87
Trd, 8638886.382, 97
Trd, 8638886.632, 87
Trd, 8638888.532, 90
Trd, 8638889.882, 104
Trd, 8638892.232, 96
Trd, 8638894.282, 109
Trd, 8638896.182, 108
Trd, 8638897.632, 109
Trd, 8638899.732, 108
Trd, 8638899.832, 113
Trd, 8638899.882, 106
Trd, 8638899.932, 103
Trd, 8638902.082, 93
Trd, 8638902.682, 96
Trd, 8638905.082, 104
Trd, 8638905.382, 104
Trd, 8638906.382, 106
Trd, 8638906.882, 104
Trd, 8638907.182, 81
Trd, 8638908.382, 104
Trd, 8638910.182, 101
Trd, 8638911.482, 104
Trd, 8638911.782, 100
Trd, 8638912.982, 116
Trd, 8638914.532, 107
Trd, 8638914.732, 104
Trd, 8638915.932, 104
Trd, 8638917.032, 111
Trd, 8638917.932, 119
Trd, 8638918.232, 102
Trd, 8638920.982, 114
Trd, 8638921.132, 106
Trd, 8638923.082, 103
Trd, 8638923.832, 104
Trd, 8638924.282, 90
Trd, 8638924.382, 104
Trd, 8638926.832, 104
Trd, 8638930.882, 104
Trd, 8638930.932, 103
Trd, 8638931.082, 109
Trd, 8638931.482, 93
Trd, 8638932.432, 79
Trd, 8638933.482, 113
Trd, 8638933.982, 104
Trd, 8638937.382, 83
Trd, 8638937.632, 80
Trd, 8638938.432, 78
Trd, 8638939.132, 87
Trd, 8638940.282, 86
Trd, 8638941.232, 91
Trd, 8638941.982, 107
Trd, 8638942.582, 113
Trd, 8638943.982, 104
Trd, 8638944.732, 103
Trd, 8638945.082, 102
Trd, 8638947.082, 90
Trd, 8638947.582, 108
Trd, 8638951.082, 86
Trd, 8638951.532, 91
Trd, 8638952.782, 105
Trd, 8638953.382, 106
Trd, 8638954.682, 105
Trd, 8638956.132, 104
Trd, 8638956.282, 111
Trd, 8638956.382, 77
Trd, 8638959.432, 106
Trd, 8638960.782, 109
Trd, 8638961.332, 107
Trd, 8638961.482, 105
Trd, 8638962.482, 107
Trd, 8638962.932, 108
Trd, 8638963.932, 104
Trd, 8638966.732, 105
Trd, 8638967.482, 113
Trd, 8638968.732, 104
Trd, 8638970.032, 104
Trd, 8638971.782, 105
Trd, 8638973.482, 105
Trd, 8638973.632, 108
Trd, 8638973.732, 103
Trd, 8638976.382, 104
Trd, 8638976.732, 113
Trd, 8638977.732, 105
Trd, 8638977.882, 103
Trd, 8638980.582, 113
Trd, 8638981.582, 102
Trd, 8638982.732, 123
Trd, 8638982.832, 102
Trd, 8638985.882, 104
Trd, 8638986.682, 99
Trd, 8638988.382, 90
Trd, 8638989.182, 98
Trd, 8638989.382, 104
Trd, 8638989.832, 106
Trd, 8638990.082, 96
Trd, 8638993.232, 96
Trd, 8638995.532, 100
Trd, 8638995.632, 96
Trd, 8638996.782, 108
Trd, 8638997.482, 112
Trd, 8638999.432, 104
Trd, 8638999.482, 102
Trd, 8639000.682, 87
Trd, 8639001.082, 78
Trd, 8639003.082, 130
Trd, 8639003.582, 95
Trd, 8639004.932, 98
Trd, 8639006.332, 112
Trd, 8639007.532, 109
Trd, 8639008.832, 106
Trd, 8639009.282, 105
Trd, 8639010.432, 105
Trd, 8639011.282, 106
Trd, 8639013.132, 112
Trd, 8639013.382, 105
Trd, 8639014.082, 104
Trd, 8639015.682, 92
Trd, 8639016.632, 77
Trd, 8639018.632, 102
Trd, 8639019.082, 94
Trd, 8639019.232, 80
Trd, 8639021.182, 95
Trd, 8639023.932, 104
Trd, 8639024.132, 98
Trd, 8639025.632, 95
Trd, 8639025.982, 104
Trd, 8639029.082, 105
Trd, 8639029.532, 113
Trd, 8639031.232, 110
Trd, 8639031.632, 104
Trd, 8639032.582, 104
Trd, 8639034.282, 81
Trd, 8639034.832, 81
Trd, 8639036.182, 82
Trd, 8639036.282, 80
Trd, 8639037.082, 109
Trd, 8639039.082, 115
Trd, 8639040.232, 123
Trd, 8639040.932, 114
Trd, 8639041.132, 113
Trd, 8639041.582, 104
Trd, 8639042.582, 123
Trd, 8639045.532, 105
Trd, 8639046.082, 104
Trd, 8639047.782, 96
Trd, 8639049.332, 111
Trd, 8639049.582, 84
Trd, 8639049.982, 112
Trd, 8639050.432, 85
Trd, 8639052.082, 86
Trd, 8639052.582, 90
Trd, 8639052.882, 81
Trd, 8639053.982, 104
Trd, 8639056.082, 107
Trd, 8639057.582, 112
Trd, 8639058.532, 108
Trd, 8639059.182, 109
Trd, 8639060.482, 104
Trd, 8639060.882, 113
Trd, 8639061.982, 88
Trd, 8639062.882, 110
Trd, 8639063.782, 103
Trd, 8639063.982, 113
Trd, 8639066.332, 93
Trd, 8639069.082, 104
Trd, 8639069.782, 107
Trd, 8639069.832, 102
Trd, 8639070.782, 78
Trd, 8639072.282, 103
Trd, 8639075.132, 95
Trd, 8639075.282, 99
Trd, 8639075.632, 87
Trd, 8639079.032, 93
Trd, 8639079.482, 103
Trd, 8639079.982, 84
Trd, 8639080.732, 105
Trd, 8639081.882, 104
Trd, 8639082.432, 113
Trd, 8639083.882, 92
Trd, 8639084.982, 104
Trd, 8639087.632, 100
Trd, 8639087.932, 112
Trd, 8639088.132, 85
Trd, 8639088.682, 85
Trd, 8639089.382, 84
Trd, 8639090.932, 105
Trd, 8639091.432, 104
Trd, 8639093.882, 77
Trd, 8639095.432, 101
Trd, 8639096.382, 103
Trd, 8639096.532, 102
Trd, 8639098.082, 107
Trd, 8639099.582, 113
Trd, 8639099.832, 104
Trd, 8639101.182, 113
Trd, 8639102.382, 104
Trd, 8639103.082, 79
Trd, 8639103.582, 104
Trd, 8639103.932, 106
Trd, 8639105.332, 106
Trd, 8639108.832, 85
Trd, 8639108.932, 95
Trd, 8639109.182, 95
Trd, 8639109.232, 98
Trd, 8639111.382, 97
Trd, 8639114.132, 99
Trd, 8639116.132, 101
Trd, 8639116.732, 104
Trd, 8639116.832, 100
Trd, 8639117.132, 106
Trd, 8639118.682, 92
Trd, 8639119.982, 93
Trd, 8639120.082, 119
Trd, 8639121.682, 96
Trd, 8639122.882, 102
Trd, 8639123.882, 106
Trd, 8639124.732, 95
Trd, 8639126.482, 96
Trd, 8639127.282, 95
Trd, 8639128.132, 93
Trd, 8639129.832, 105
Trd, 8639129.882, 103
Trd, 8639131.032, 110
Trd, 8639131.332, 113
Trd, 8639134.082, 87
Trd, 8639135.482, 78
Trd, 8639136.532, 88
Trd, 8639138.532, 89
Trd, 8639138.582, 88
Trd, 8639138.782, 107
Trd, 8639138.882, 85
Trd, 8639141.232, 112
Trd, 8639144.782, 89
Trd, 8639146.182, 105
Trd, 8639146.482, 105
Trd, 8639146.732, 107
Trd, 8639148.632, 89
Trd, 8639149.282, 123
Trd, 8639149.682, 112
Trd, 8639152.032, 112
Trd, 8639152.082, 72
Trd, 8639154.382, 95
Trd, 8639154.832, 93
Trd, 8639157.482, 93
Trd, 8639157.782, 94
Trd, 8639158.982, 77
Trd, 8639159.282, 105
Trd, 8639161.232, 117
Trd, 8639162.732, 112
Trd, 8639162.932, 123
Trd, 8639164.932, 107
Trd, 8639166.632, 104
Trd, 8639167.682, 86
Trd, 8639167.832, 105
Trd, 8639169.132, 105
Trd, 8639170.132, 102
Trd, 8639170.282, 101
Trd, 8639171.632, 87
Trd, 8639173.532, 106
Trd, 8639174.232, 113
Trd, 8639174.732, 97
Trd, 8639176.632, 106
Trd, 8639176.882, 105
Trd, 8639177.882, 104
Trd, 8639178.932, 96
Trd, 8639181.182, 90
Trd, 8639182.132, 96
Trd, 8639185.182, 87
Trd, 8639185.832, 104
Trd, 8639185.932, 87
Trd, 8639188.482, 80
Trd, 8639188.532, 112
Trd, 8639188.582, 78
Trd, 8639189.182, 113
Trd, 8639189.782, 109
Trd, 8639190.882, 85
Trd, 8639192.982, 104
Trd, 8639193.532, 96
Trd, 8639195.682, 86
Trd, 8639197.282, 82
Trd, 8639197.382, 99
Trd, 8639198.332, 103
Trd, 8639199.182, 87
Trd, 8639200.032, 104
Trd, 8639201.832, 104
Trd, 8639203.282, 93
Trd, 8639204.032, 95
Trd, 8639204.082, 79
Trd, 8639205.732, 104
Trd, 8639206.782, 97
Trd, 8639207.982, 83
Trd, 8639208.632, 81
Trd, 8639212.082, 88
Trd, 8639213.032, 107
Trd, 8639214.032, 106
Trd, 8639214.232, 104
Trd, 8639214.382, 98
Trd, 8639216.182, 117
Trd, 8639217.982, 104
Trd, 8639219.132, 97
Trd, 8639221.282, 105
Trd, 8639221.732, 95
Trd, 8639222.532, 81
Trd, 8639223.882, 103
Trd, 8639224.482, 105
Trd, 8639224.632, 104
Trd, 8639226.132, 107
Trd, 8639226.332, 116
Trd, 8639229.482, 89
Trd, 8639230.882, 94
Trd, 8639231.532, 95
Trd, 8639232.032, 83
Trd, 8639235.082, 95
Trd, 8639235.682, 112
Trd, 8639236.932, 118
Trd, 8639237.182, 105
Trd, 8639237.632, 103
Trd, 8639239.632, 102
Trd, 8639241.032, 97
Trd, 8639243.332, 89
Trd, 8639243.382, 77
Trd, 8639243.432, 90
Trd, 8639244.632, 97
Trd, 8639246.082, 104
Trd, 8639247.732, 92
Trd, 8639248.132, 89
Trd, 8639249.032, 104
Trd, 8639251.282, 88
Trd, 8639252.432, 95
Trd, 8639253.532, 86
Trd, 8639253.682, 102
Trd, 8639254.232, 107
Trd, 8639255.482, 79
Trd, 8639256.232, 78
Trd, 8639257.332, 105
Trd, 8639259.532, 105
Trd, 8639260.032, 103
Trd, 8639262.082, 103
Trd, 8639262.532, 86
Trd, 8639263.682, 93
Trd, 8639265.682, 104
Trd, 8639266.932, 102
Trd, 8639267.132, 71
Trd, 8639269.532, 88
Trd, 8639269.932, 89
Trd, 8639270.982, 71
Trd, 8639271.182, 113
Trd, 8639273.482, 104
Trd, 8639273.632, 93
Trd, 8639275.182, 107
Trd, 8639276.932, 108
Trd, 8639277.182, 96
Trd, 8639277.282, 109
Trd, 8639279.032, 93
Trd, 8639279.832, 91
Trd, 8639280.082, 77
Trd, 8639281.782, 67
Trd, 8639283.732, 95
Trd, 8639284.032, 104
Trd, 8639286.032, 111
Trd, 8639286.282, 110
Trd, 8639286.382, 104
Trd, 8639286.582, 112
Trd, 8639289.282, 104
Trd, 8639290.032, 113
Trd, 8639292.032, 115
Trd, 8639292.382, 115
Trd, 8639293.032, 112
Trd, 8639295.832, 105
Trd, 8639296.232, 104
Trd, 8639298.382, 89
Trd, 8639299.632, 87
Trd, 8639300.182, 88
Trd, 8639301.782, 97
Trd, 8639302.382, 100
Trd, 8639302.782, 95
Trd, 8639305.032, 106
Trd, 8639305.582, 122
Trd, 8639306.832, 94
Trd, 8639309.282, 104
Trd, 8639309.582, 96
Trd, 8639310.082, 95
Trd, 8639310.832, 107
Trd, 8639311.232, 86
Trd, 8639312.282, 89
Trd, 8639314.032, 110
Trd, 8639315.732, 112
Trd, 8639316.232, 109
Trd, 8639317.332, 107
Trd, 8639317.832, 104
Trd, 8639319.632, 91
Trd, 8639321.482, 112
Trd, 8639322.682, 105
Trd, 8639325.082, 106
Trd, 8639325.982, 106
Trd, 8639326.182, 104
Trd, 8639326.332, 108
Trd, 8639327.882, 93
Trd, 8639330.382, 104
Trd, 8639330.932, 112
Trd, 8639331.382, 111
Trd, 8639331.882, 110
Trd, 8639333.332, 101
Trd, 8639334.532, 121
Trd, 8639336.032, 106
Trd, 8639336.732, 106
Trd, 8639338.082, 121
Trd, 8639338.432, 77
Trd, 8639339.232, 104
Trd, 8639340.432, 111
Trd, 8639341.282, 95
Trd, 8639344.332, 102
Trd, 8639344.682, 110
Trd, 8639344.732, 104
Trd, 8639345.032, 86
Trd, 8639345.932, 79
Trd, 8639347.182, 103
Trd, 8639347.532, 109
Trd, 8639350.232, 104
Trd, 8639350.882, 113
Trd, 8639352.032, 101
Trd, 8639352.932, 97
Trd, 8639353.832, 104
Trd, 8639353.982, 99
Trd, 8639354.282, 104
Trd, 8639355.882, 79
Trd, 8639358.532, 105
Trd, 8639359.332, 104
Trd, 8639360.032, 90
Trd, 8639360.932, 107
Trd, 8639362.932, 92
Trd, 8639364.532, 97
Trd, 8639365.082, 89
Trd, 8639366.932, 83
Trd, 8639368.382, 92
Trd, 8639369.482, 110
Trd, 8639370.332, 97
Trd, 8639371.932, 103
Trd, 8639372.182, 102
Trd, 8639373.532, 88
Trd, 8639373.632, 74
Trd, 8639373.782, 90
Trd, 8639375.532, 98
Trd, 8639378.082, 103
Trd, 8639380.332, 88
Trd, 8639381.332, 95
Trd, 8639382.432, 81
Trd, 8639383.282, 108
Trd, 8639384.482, 111
Trd, 8639384.682, 103
Trd, 8639386.432, 102
Trd, 8639386.732, 102
Trd, 8639388.382, 101
Trd, 8639388.532, 100
Trd, 8639389.832, 109
Trd, 8639391.782, 94
Trd, 8639392.832, 109
Trd, 8639394.432, 105
Trd, 8639394.782, 104
Trd, 8639396.782, 104
Trd, 8639396.932, 117
Trd, 8639397.332, 98
Trd, 8639397.882, 83
Trd, 8639399.182, 89
Trd, 8639400.482, 88
Trd, 8639400.932, 99
Trd, 8639402.882, 96
Trd, 8639402.932, 95
Trd, 8639404.482, 97
Trd, 8639405.232, 104
Trd, 8639406.182, 97
Trd, 8639407.832, 104
Trd, 8639410.332, 89
Trd, 8639410.832, 112
Trd, 8639411.582, 113
Trd, 8639411.732, 110
Trd, 8639412.232, 104
Trd, 8639413.582, 104
Trd, 8639415.032, 79
Trd, 8639415.182, 80
Trd, 8639416.882, 108
Trd, 8639417.782, 106
Trd, 8639417.882, 103
Trd, 8639420.832, 104
Trd, 8639421.082, 96
Trd, 8639423.832, 105
Trd, 8639425.032, 82
Trd, 8639425.582, 92
Trd, 8639426.382, 80
Trd, 8639426.532, 91
Trd, 8639427.082, 99
Trd, 8639427.382, 104
Trd, 8639428.632, 93
Trd, 8639430.732, 103
Trd, 8639431.682, 98
Trd, 8639432.032, 83
Trd, 8639435.132, 80
Trd, 8639435.832, 113
Trd, 8639438.032, 96
Trd, 8639439.432, 107
Trd, 8639440.032, 101
Trd, 8639440.832, 104
Trd, 8639441.982, 100
Trd, 8639443.532, 89
Trd, 8639444.882, 94
Trd, 8639445.482, 93
Trd, 8639445.682, 110
Trd, 8639446.932, 98
Trd, 8639447.982, 92
Trd, 8639449.382, 104
Trd, 8639449.432, 102
Trd, 8639449.632, 113
Trd, 8639450.582, 113
Trd, 8639452.032, 76
Trd, 8639453.682, 89
Trd, 8639455.732, 96
Trd, 8639457.382, 85
Trd, 8639457.532, 96
Trd, 8639458.332, 106
Trd, 8639459.782, 91
Trd, 8639460.182, 79
Trd, 8639461.882, 85
Trd, 8639462.232, 86
Trd, 8639462.632, 92
Trd, 8639463.332, 104
Trd, 8639465.682, 68
Trd, 8639466.432, 81
Trd, 8639468.882, 81
Trd, 8639469.082, 81
Trd, 8639469.732, 88
Trd, 8639470.432, 95
Trd, 8639471.132, 104
Trd, 8639474.232, 89
Trd, 8639474.882, 108
Trd, 8639476.132, 104
Trd, 8639476.282, 106
Trd, 8639479.282, 78
Trd, 8639479.532, 87
Trd, 8639480.382, 93
Trd, 8639480.532, 113
Trd, 8639483.132, 87
Trd, 8639484.282, 105
Trd, 8639485.282, 107
Trd, 8639486.632, 106
Trd, 8639487.232, 108
Trd, 8639487.532, 104
Trd, 8639488.682, 95
Trd, 8639489.782, 96
Trd, 8639489.832, 77
Trd, 8639494.132, 105
Trd, 8639495.332, 104
Trd, 8639495.632, 104
Trd, 8639496.432, 92
Trd, 8639497.582, 116
Trd, 8639499.982, 106
Trd, 8639501.332, 89
Trd, 8639501.382, 91
Trd, 8639503.332, 104
Trd, 8639504.682, 90
Trd, 8639505.682, 77
Trd, 8639505.832, 108
Trd, 8639507.432, 107
Trd, 8639510.032, 112
Trd, 8639511.132, 112
Trd, 8639511.432, 109
Trd, 8639513.332, 110
Trd, 8639514.682, 109
Trd, 8639516.282, 105
Trd, 8639516.832, 103
Trd, 8639517.382, 110
Trd, 8639519.532, 110
Trd, 8639519.932, 104
Trd, 8639521.082, 102
Trd, 8639521.332, 77
Trd, 8639521.782, 68
Trd, 8639522.932, 97
Trd, 8639523.832, 121
Trd, 8639524.782, 106
Trd, 8639524.882, 104
Trd, 8639526.232, 91
Trd, 8639526.432, 109
Trd, 8639529.582, 106
Trd, 8639530.282, 105
Trd, 8639530.882, 105
Trd, 8639531.682, 104
Trd, 8639532.032, 106
Trd, 8639533.882, 104
Trd, 8639534.582, 104
Trd, 8639534.732, 108
Trd, 8639537.232, 95
Trd, 8639538.182, 105
Trd, 8639539.032, 78
Trd, 8639539.882, 97
Trd, 8639541.082, 89
Trd, 8639541.732, 67
Trd, 8639543.532, 96
Trd, 8639544.632, 76
Trd, 8639546.932, 90
Trd, 8639547.082, 90
Trd, 8639547.182, 83
Trd, 8639548.282, 97
Trd, 8639548.932, 104
Trd, 8639550.432, 96
Trd, 8639550.732, 111
Trd, 8639554.232, 104
Trd, 8639554.582, 89
Trd, 8639556.332, 95
Trd, 8639557.182, 99
Trd, 8639560.632, 95
Trd, 8639561.282, 87
Trd, 8639562.382, 86
Trd, 8639564.432, 87
Trd, 8639565.682, 84
Trd, 8639566.232, 96
Trd, 8639566.632, 77
Trd, 8639567.532, 104
Trd, 8639568.482, 88
Trd, 8639569.432, 103
Trd, 8639570.432, 94
Trd, 8639570.482, 72
Trd, 8639572.282, 103
Trd, 8639572.732, 95
Trd, 8639572.982, 107
Trd, 8639576.732, 91
Trd, 8639577.432, 102
Trd, 8639577.532, 87
Trd, 8639577.582, 86
Trd, 8639578.982, 104
Trd, 8639581.382, 92
Trd, 8639583.232, 95
Trd, 8639583.282, 104
Trd, 8639586.432, 87
Trd, 8639586.782, 89
Trd, 8639587.032, 90
Trd, 8639589.282, 91
Trd, 8639589.332, 91
Trd, 8639592.032, 94
Trd, 8639593.932, 103
Trd, 8639595.632, 89
Trd, 8639596.582, 102
Trd, 8639596.882, 79
Trd, 8639599.182, 93
Trd, 8639599.482, 102
Trd, 8639600.532, 95
Trd, 8639602.032, 109
Trd, 8639602.632, 110
Trd, 8639603.182, 123
Trd, 8639603.432, 109
Trd, 8639603.932, 104
Trd, 8639606.882, 112
Trd, 8639607.432, 102
Trd, 8639607.882, 109
Trd, 8639610.332, 99
Trd, 8639611.632, 113
Trd, 8639612.032, 95
Trd, 8639612.482, 104
Trd, 8639613.582, 99
Trd, 8639616.282, 104
Trd, 8639616.432, 92
Trd, 8639617.332, 105
Trd, 8639618.182, 110
Trd, 8639619.432, 87
Trd, 8639619.782, 88
Trd, 8639620.682, 86
Trd, 8639621.532, 105
Trd, 8639622.232, 122
Trd, 8639623.032, 103
Trd, 8639624.682, 86
Trd, 8639626.532, 94
Trd, 8639626.732, 94
Trd, 8639628.932, 104
Trd, 8639630.882, 96
Trd, 8639631.182, 88
Trd, 8639631.682, 113
Trd, 8639631.732, 112
Trd, 8639634.782, 96
Trd, 8639636.332, 95
Trd, 8639636.382, 104
Trd, 8639639.382, 99
Trd, 8639640.232, 105
Trd, 8639640.332, 99
Trd, 8639643.232, 104
Trd, 8639645.032, 93
Trd, 8639645.682, 91
Trd, 8639646.082, 105
Trd, 8639647.082, 89
Trd, 8639647.132, 109
Trd, 8639648.282, 106
Trd, 8639650.932, 105
Trd, 8639651.082, 103
Trd, 8639651.132, 113
Trd, 8639652.182, 108
Trd, 8639653.432, 104
Trd, 8639656.132, 102
Trd, 8639656.982, 88
Trd, 8639657.582, 93
Trd, 8639659.432, 107
Trd, 8639660.682, 104
Trd, 8639661.632, 102
Trd, 8639661.782, 100
Trd, 8639663.832, 79
Trd, 8639665.432, 78
Trd, 8639666.932, 86
Trd, 8639667.482, 104
Trd, 8639668.582, 88
Trd, 8639669.782, 103
Trd, 8639670.282, 111
Trd, 8639671.682, 95
Trd, 8639673.532, 79
Trd, 8639674.132, 87
Trd, 8639674.332, 113
Trd, 8639676.532, 111
Trd, 8639679.482, 98
Trd, 8639680.582, 97
Trd, 8639680.932, 105
Trd, 8639681.782, 107
Trd, 8639682.482, 109
Trd, 8639682.682, 103
Trd, 8639684.132, 113
Trd, 8639684.382, 95
Trd, 8639685.432, 81
Trd, 8639686.182, 80
Trd, 8639689.132, 92
Trd, 8639690.182, 88
Trd, 8639691.732, 89
Trd, 8639692.882, 80
Trd, 8639693.232, 106
Trd, 8639694.882, 111
Trd, 8639695.482, 86
Trd, 8639695.932, 113
Trd, 8639696.382, 68
Trd, 8639697.932, 86
Trd, 8639698.382, 103
Trd, 8639699.132, 87
Trd, 8639700.532, 78
Trd, 8639700.932, 90
Trd, 8639701.882, 94
Trd, 8639704.232, 104
Trd, 8639705.082, 80
Trd, 8639706.432, 101
Trd, 8639706.932, 111
Trd, 8639709.232, 80
Trd, 8639710.232, 105
Trd, 8639711.132, 97
Trd, 8639714.132, 97
Trd, 8639714.982, 103
Trd, 8639715.432, 112
Trd, 8639716.832, 112
Trd, 8639718.032, 87
Trd, 8639718.782, 104
Trd, 8639719.482, 86
Trd, 8639721.832, 103
Trd, 8639722.682, 105
Trd, 8639723.182, 117
Trd, 8639724.382, 105
Trd, 8639725.832, 104
Trd, 8639726.482, 112
Trd, 8639726.782, 95
Trd, 8639727.282, 94
Trd, 8639728.082, 102
Trd, 8639730.032, 107
Trd, 8639731.282, 95
Trd, 8639731.632, 80
Trd, 8639731.682, 96
Trd, 8639734.182, 105
Trd, 8639735.532, 121
Trd, 8639737.832, 114
Trd, 8639738.332, 103
Trd, 8639738.932, 110
Trd, 8639739.082, 87
Trd, 8639739.582, 119
Trd, 8639741.732, 88
Trd, 8639745.882, 94
Trd, 8639746.482, 82
Trd, 8639747.932, 104
Trd, 8639748.682, 104
Trd, 8639748.782, 109
Trd, 8639749.632, 121
Trd, 8639749.932, 104
Trd, 8639752.432, 105
Trd, 8639753.082, 104
Trd, 8639754.482, 104
Trd, 8639755.482, 112
Trd, 8639758.232, 111
Trd, 8639758.982, 106
Trd, 8639759.182, 98
Trd, 8639761.532, 104
Trd, 8639761.582, 113
Trd, 8639764.882, 98
Trd, 8639764.982, 94
Trd, 8639765.432, 91
Trd, 8639767.382, 103
Trd, 8639768.632, 105
Trd, 8639772.782, 112
Trd, 8639773.082, 106
Trd, 8639773.832, 102
Trd, 8639774.032, 96
Trd, 8639774.982, 108
Trd, 8639775.082, 77
Trd, 8639776.282, 86
Trd, 8639777.132, 83
Trd, 8639779.132, 124
Trd, 8639779.632, 101
Trd, 8639781.632, 104
Trd, 8639783.482, 106
Trd, 8639784.282, 109
Trd, 8639784.932, 105
Trd, 8639786.732, 115
Trd, 8639787.032, 113
Trd, 8639789.232, 120
Trd, 8639789.382, 89
Trd, 8639790.132, 101
Trd, 8639791.982, 104
Trd, 8639793.282, 77
Trd, 8639794.382, 89
Trd, 8639795.032, 87
Trd, 8639795.882, 88
Trd, 8639796.582, 84
Trd, 8639797.632, 113
Trd, 8639799.232, 93
Trd, 8639800.182, 106
Trd, 8639800.932, 102
Trd, 8639801.832, 104
Trd, 8639801.932, 102
Trd, 8639802.432, 96
Trd, 8639804.732, 111
Trd, 8639804.932, 88
Trd, 8639806.332, 108
Trd, 8639806.482, 104
Trd, 8639806.782, 88
Trd, 8639807.432, 108
Trd, 8639808.332, 110
Trd, 8639810.882, 98
Trd, 8639812.082, 80
Trd, 8639812.832, 110
Trd, 8639814.982, 105
Trd, 8639817.132, 107
Trd, 8639817.482, 105
Trd, 8639818.932, 104
Trd, 8639819.232, 111
Trd, 8639820.782, 108
Trd, 8639820.832, 113
Trd, 8639822.732, 104
Trd, 8639823.082, 112
Trd, 8639825.332, 70
Trd, 8639825.382, 85
Trd, 8639827.332, 87
Trd, 8639827.482, 98
Trd, 8639829.682, 103
Trd, 8639829.882, 97
Trd, 8639831.082, 98
Trd, 8639833.682, 104
Trd, 8639834.432, 104
Trd, 8639836.532, 102
Trd, 8639836.982, 97
Trd, 8639838.582, 99
Trd, 8639838.832, 105
Trd, 8639839.132, 68
Trd, 8639840.732, 88
Trd, 8639843.682, 103
Trd, 8639844.032, 101
Trd, 8639844.232, 102
Trd, 8639844.732, 86
Trd, 8639846.782, 94
Trd, 8639848.282, 85
Trd, 8639849.382, 99
Trd, 8639849.782, 85
Trd, 8639849.832, 103
Trd, 8639852.132, 69
Trd, 8639852.182, 111
Trd, 8639853.882, 92
Trd, 8639854.132, 93
Trd, 8639854.582, 113
Trd, 8639857.832, 111
Trd, 8639859.232, 106
Trd, 8639860.032, 105
Trd, 8639861.232, 102
Trd, 8639861.532, 111
Trd, 8639862.082, 87
Trd, 8639862.832, 77
Trd, 8639865.182, 106
Trd, 8639866.032, 106
Trd, 8639868.082, 106
Trd, 8639869.582, 113
Trd, 8639870.132, 104
Trd, 8639870.432, 106
Trd, 8639870.732, 82
Trd, 8639871.382, 104
Trd, 8639875.332, 103
Trd, 8639875.582, 108
Trd, 8639875.632, 95
Trd, 8639875.932, 104
Trd, 8639879.182, 100
Trd, 8639880.082, 117
Trd, 8639881.132, 97
Trd, 8639882.382, 94
Trd, 8639883.032, 103
Trd, 8639884.382, 102
Trd, 8639885.882, 95
Trd, 8639886.332, 88
Trd, 8639887.982, 120
Trd, 8639890.082, 107
Trd, 8639890.432, 106
Trd, 8639891.532, 106
Trd, 8639892.532, 108
Trd, 8639893.282, 104
Trd, 8639893.382, 113
Trd, 8639894.332, 104
Trd, 8639895.532, 91
Trd, 8639896.582, 93
Trd, 8639898.332, 105
Trd, 8639898.382, 104
Trd, 8639899.432, 115
Trd, 8639902.732, 89
Trd, 8639903.382, 100
Trd, 8639904.632, 100
Trd, 8639905.582, 104
Trd, 8639906.882, 106
Trd, 8639908.082, 110
Trd, 8639908.382, 105
Trd, 8639910.732, 117
Trd, 8639911.082, 106
Trd, 8639911.482, 104
Trd, 8639911.732, 104
Trd, 8639914.182, 79
Trd, 8639914.332, 105
Trd, 8639916.232, 92
Trd, 8639918.032, 95
Trd, 8639919.432, 104
Trd, 8639920.582, 93
Trd, 8639920.932, 90
Trd, 8639921.332, 94
Trd, 8639921.782, 113
Trd, 8639923.382, 105
Trd, 8639924.632, 105
Trd, 8639925.532, 104
Trd, 8639928.982, 126
Trd, 8639929.282, 106
Trd, 8639930.382, 105
Trd, 8639930.582, 104
Trd, 8639931.382, 111
Trd, 8639932.382, 103
Trd, 8639932.682, 69
Trd, 8639934.832, 102
Trd, 8639935.982, 85
Trd, 8639937.182, 112
Trd, 8639937.982, 79
Trd, 8639940.382, 105
Trd, 8639941.082, 107
Trd, 8639943.232, 103
Trd, 8639945.082, 69
Trd, 8639945.382, 91
Trd, 8639947.432, 81
Trd, 8639948.132, 79
Trd, 8639948.182, 86
Trd, 8639948.882, 104
Trd, 8639949.632, 105
Trd, 8639951.282, 84
Trd, 8639951.682, 88
Trd, 8639954.332, 95
Trd, 8639955.182, 95
Trd, 8639955.882, 87
Trd, 8639956.932, 86
Trd, 8639957.132, 104
Trd, 8639958.232, 103
Trd, 8639961.632, 103
Trd, 8639962.632, 107
Trd, 8639963.532, 80
Trd, 8639964.482, 97
Trd, 8639966.182, 104
Trd, 8639968.232, 85
Trd, 8639968.432, 87
Trd, 8639969.232, 104
Trd, 8639969.282, 77
Trd, 8639971.632, 109
Trd, 8639973.482, 105
Trd, 8639973.532, 94
Trd, 8639976.432, 105
Trd, 8639976.482, 104
Trd, 8639977.132, 103
Trd, 8639978.232, 82
Trd, 8639981.232, 108
Trd, 8639981.332, 103
Trd, 8639982.282, 100
Trd, 8639983.132, 95
Trd, 8639983.482, 115
Trd, 8639983.732, 68
Trd, 8639986.332, 104
Trd, 8639988.232, 105
Trd, 8639989.382, 114
Trd, 8639990.532, 108
Trd, 8639990.832, 107
Trd, 8639991.832, 106
Trd, 8639991.982, 104
Trd, 8639994.182, 111
Trd, 8639995.532, 104
Trd, 8639996.332, 100
Trd, 8639996.632, 99
Trd, 8639996.882, 97
Trd, 8639997.932, 104
Trd, 8639999.282, 108
Trd, 8639999.482, 107
Trd, 8639999.732, 100
