Trd, 8637941.732, 103
Trd, 8637941.782, 102
Trd, 8637942.882, 104
Trd, 8637943.382, 95
Trd, 8637944.132, 87
Trd, 8637944.432, 87
Trd, 8637945.982, 102
Trd, 8637948.732, 86
Trd, 8637948.982, 84
Trd, 8637950.782, 103
Trd, 8637951.232, 103
Trd, 8637951.782, 91
Trd, 8637952.032, 106
Trd, 8637955.082, 105
Trd, 8637956.282, 102
Trd, 8637957.132, 103
Trd, 8637959.182, 104
Trd, 8637959.682, 106
Trd, 8637960.032, 112
Trd, 8637961.082, 110
Trd, 8637962.582, 108
Trd, 8637962.882, 107
Trd, 8637963.782, 115
Trd, 8637964.182, 104
Trd, 8637965.332, 104
Trd, 8637967.782, 114
Trd, 8637968.382, 113
Trd, 8637969.082, 115
Trd, 8637970.382, 104
Trd, 8637973.632, 102
Trd, 8637974.582, 108
Trd, 8637975.082, 104
Trd, 8637975.982, 108
Trd, 8637977.082, 114
Trd, 8637977.432, 108
Trd, 8637977.582, 107
Trd, 8637979.582, 113
Trd, 8637980.332, 96
Trd, 8637982.132, 97
Trd, 8637982.432, 86
Trd, 8637982.832, 105
Trd, 8637984.132, 81
Trd, 8637987.782, 77
Trd, 8637989.682, 79
Trd, 8637991.182, 90
Trd, 8637991.632, 86
Trd, 8637992.332, 84
Trd, 8637994.132, 95
Trd, 8637994.182, 82
Trd, 8637995.532, 106
Trd, 8637995.682, 86
Trd, 8637998.032, 106
Trd, 8637998.182, 110
Trd, 8638000.132, 82
Trd, 8638000.632, 82
Trd, 8638001.282, 86
Trd, 8638005.282, 83
Trd, 8638006.482, 89
Trd, 8638006.832, 87
Trd, 8638007.132, 95
Trd, 8638007.682, 87
Trd, 8638007.782, 82
Trd, 8638008.332, 108
Trd, 8638008.582, 105
Trd, 8638010.132, 80
Trd, 8638012.632, 82
Trd, 8638013.532, 107
Trd, 8638014.582, 87
Trd, 8638015.582, 102
Trd, 8638016.832, 92
Trd, 8638017.382, 103
Trd, 8638018.882, 96
Trd, 8638019.632, 97
Trd, 8638020.332, 104
Trd, 8638021.382, 79
Trd, 8638022.582, 80
Trd, 8638023.332, 80
Trd, 8638024.832, 108
Trd, 8638027.032, 86
Trd, 8638027.332, 105
Trd, 8638028.382, 104
Trd, 8638028.832, 100
Trd, 8638029.732, 115
Trd, 8638029.932, 100
Trd, 8638030.982, 103
Trd, 8638033.682, 103
Trd, 8638034.482, 97
Trd, 8638035.732, 101
Trd, 8638035.882, 96
Trd, 8638036.082, 102
Trd, 8638038.682, 101
Trd, 8638041.132, 81
Trd, 8638041.382, 95
Trd, 8638042.032, 82
Trd, 8638042.532, 102
Trd, 8638043.482, 83
Trd, 8638044.482, 109
Trd, 8638045.732, 93
Trd, 8638046.832, 119
Trd, 8638047.082, 94
Trd, 8638048.782, 75
Trd, 8638050.732, 82
Trd, 8638051.282, 82
Trd, 8638051.382, 108
Trd, 8638054.532, 117
Trd, 8638055.232, 115
Trd, 8638055.632, 116
Trd, 8638056.032, 112
Trd, 8638056.082, 104
Trd, 8638057.482, 98
Trd, 8638057.582, 97
Trd, 8638058.882, 86
Trd, 8638059.182, 105
Trd, 8638061.582, 80
Trd, 8638063.482, 84
Trd, 8638064.232, 86
Trd, 8638064.582, 86
Trd, 8638065.932, 108
Trd, 8638069.532, 99
Trd, 8638070.082, 89
Trd, 8638070.832, 89
Trd, 8638072.532, 95
Trd, 8638072.932, 95
Trd, 8638073.082, 94
Trd, 8638077.332, 101
Trd, 8638077.782, 90
Trd, 8638078.532, 106
Trd, 8638078.782, 115
Trd, 8638079.182, 86
Trd, 8638079.982, 87
Trd, 8638080.432, 86
Trd, 8638081.482, 111
Trd, 8638082.782, 96
Trd, 8638083.432, 97
Trd, 8638085.432, 103
Trd, 8638086.382, 87
Trd, 8638087.482, 121
Trd, 8638089.382, 114
Trd, 8638090.782, 97
Trd, 8638091.032, 96
Trd, 8638092.282, 107
Trd, 8638092.882, 96
Trd, 8638094.482, 115
Trd, 8638095.282, 114
Trd, 8638095.582, 113
Trd, 8638095.732, 120
Trd, 8638095.882, 95
Trd, 8638098.582, 89
Trd, 8638100.482, 95
Trd, 8638102.132, 99
Trd, 8638103.232, 99
Trd, 8638103.532, 95
Trd, 8638104.382, 112
Trd, 8638104.882, 113
Trd, 8638108.182, 102
Trd, 8638110.732, 100
Trd, 8638111.232, 92
Trd, 8638112.632, 100
Trd, 8638112.932, 95
Trd, 8638113.232, 96
Trd, 8638115.132, 96
Trd, 8638116.982, 95
Trd, 8638117.282, 102
Trd, 8638118.182, 102
Trd, 8638118.732, 88
Trd, 8638119.582, 81
Trd, 8638122.032, 106
Trd, 8638123.032, 106
Trd, 8638125.282, 104
Trd, 8638126.332, 103
Trd, 8638126.682, 102
Trd, 8638126.982, 99
Trd, 8638128.732, 98
Trd, 8638130.332, 95
Trd, 8638131.182, 100
Trd, 8638132.482, 104
Trd, 8638132.682, 90
Trd, 8638133.932, 99
Trd, 8638135.532, 102
Trd, 8638136.782, 102
Trd, 8638136.832, 99
Trd, 8638137.632, 103
Trd, 8638138.782, 95
Trd, 8638139.232, 105
Trd, 8638140.532, 107
Trd, 8638142.382, 84
Trd, 8638142.882, 103
Trd, 8638143.732, 85
Trd, 8638144.682, 89
Trd, 8638144.832, 86
Trd, 8638144.882, 105
Trd, 8638147.832, 114
Trd, 8638148.532, 113
Trd, 8638150.232, 114
Trd, 8638150.432, 113
Trd, 8638150.482, 95
Trd, 8638152.432, 112
Trd, 8638155.082, 102
Trd, 8638157.032, 91
Trd, 8638157.982, 101
Trd, 8638158.232, 89
Trd, 8638159.432, 91
Trd, 8638160.482, 104
Trd, 8638162.932, 84
Trd, 8638163.282, 79
Trd, 8638163.732, 100
Trd, 8638164.432, 112
Trd, 8638165.732, 106
Trd, 8638166.132, 81
Trd, 8638167.032, 80
Trd, 8638168.532, 86
Trd, 8638171.082, 93
Trd, 8638171.232, 106
Trd, 8638171.782, 94
Trd, 8638173.382, 96
Trd, 8638174.432, 99
Trd, 8638175.432, 112
Trd, 8638175.982, 98
Trd, 8638176.132, 97
Trd, 8638177.382, 95
Trd, 8638180.532, 103
Trd, 8638181.882, 82
Trd, 8638184.132, 101
Trd, 8638184.182, 91
Trd, 8638185.582, 93
Trd, 8638186.182, 93
Trd, 8638186.382, 111
Trd, 8638186.682, 93
Trd, 8638188.832, 113
Trd, 8638190.282, 77
Trd, 8638190.382, 103
Trd, 8638192.832, 83
Trd, 8638193.332, 112
Trd, 8638194.732, 107
Trd, 8638197.632, 105
Trd, 8638197.982, 89
Trd, 8638199.632, 92
Trd, 8638199.682, 90
Trd, 8638200.432, 106
Trd, 8638201.282, 109
Trd, 8638202.482, 82
Trd, 8638202.782, 82
Trd, 8638204.282, 77
Trd, 8638206.532, 86
Trd, 8638206.932, 86
Trd, 8638207.032, 95
Trd, 8638207.632, 85
Trd, 8638209.382, 81
Trd, 8638211.232, 87
Trd, 8638213.232, 102
Trd, 8638214.582, 81
Trd, 8638215.232, 86
Trd, 8638215.582, 107
Trd, 8638216.782, 113
Trd, 8638217.082, 113
Trd, 8638218.282, 114
Trd, 8638219.482, 115
Trd, 8638220.982, 104
Trd, 8638221.532, 101
Trd, 8638222.332, 95
Trd, 8638223.382, 78
Trd, 8638224.332, 83
Trd, 8638224.582, 111
Trd, 8638226.732, 112
Trd, 8638226.832, 85
Trd, 8638228.832, 88
Trd, 8638231.132, 113
Trd, 8638232.382, 95
Trd, 8638233.732, 99
Trd, 8638233.782, 100
Trd, 8638235.882, 96
Trd, 8638236.232, 95
Trd, 8638236.982, 69
Trd, 8638237.182, 101
Trd, 8638239.982, 78
Trd, 8638241.032, 74
Trd, 8638241.332, 94
Trd, 8638243.182, 82
Trd, 8638243.982, 80
Trd, 8638244.282, 95
Trd, 8638246.082, 86
Trd, 8638246.782, 86
Trd, 8638247.682, 86
Trd, 8638248.932, 90
Trd, 8638251.482, 107
Trd, 8638252.332, 115
Trd, 8638252.432, 97
Trd, 8638253.832, 99
Trd, 8638255.182, 99
Trd, 8638255.782, 104
Trd, 8638255.982, 80
Trd, 8638256.132, 78
Trd, 8638257.032, 113
Trd, 8638259.682, 84
Trd, 8638261.932, 103
Trd, 8638263.382, 91
Trd, 8638264.282, 103
Trd, 8638265.282, 104
Trd, 8638265.482, 105
Trd, 8638265.982, 103
Trd, 8638266.082, 99
Trd, 8638269.682, 87
Trd, 8638271.482, 97
Trd, 8638271.782, 96
Trd, 8638271.982, 95
Trd, 8638272.632, 113
Trd, 8638274.632, 84
Trd, 8638274.882, 85
Trd, 8638277.632, 91
Trd, 8638279.632, 95
Trd, 8638279.832, 92
Trd, 8638281.082, 88
Trd, 8638282.082, 73
Trd, 8638283.082, 98
Trd, 8638285.182, 89
Trd, 8638286.882, 90
Trd, 8638287.332, 114
Trd, 8638287.782, 91
Trd, 8638287.982, 86
Trd, 8638289.082, 104
Trd, 8638291.682, 112
Trd, 8638292.582, 105
Trd, 8638294.232, 104
Trd, 8638295.182, 96
Trd, 8638295.282, 95
Trd, 8638295.982, 108
Trd, 8638297.882, 93
Trd, 8638298.082, 88
Trd, 8638298.632, 88
Trd, 8638301.682, 92
Trd, 8638302.332, 95
Trd, 8638302.682, 103
Trd, 8638303.732, 97
Trd, 8638304.532, 106
Trd, 8638305.232, 99
Trd, 8638308.082, 88
Trd, 8638308.932, 105
Trd, 8638309.582, 106
Trd, 8638312.232, 104
Trd, 8638313.132, 113
Trd, 8638313.332, 99
Trd, 8638316.382, 100
Trd, 8638317.332, 104
Trd, 8638318.482, 96
Trd, 8638318.832, 95
Trd, 8638321.232, 99
Trd, 8638321.282, 93
Trd, 8638324.632, 105
Trd, 8638325.132, 98
Trd, 8638325.832, 96
Trd, 8638326.032, 103
Trd, 8638328.182, 107
Trd, 8638328.232, 100
Trd, 8638329.682, 104
Trd, 8638333.232, 86
Trd, 8638334.382, 63
Trd, 8638335.332, 87
Trd, 8638337.282, 80
Trd, 8638339.482, 86
Trd, 8638340.332, 84
Trd, 8638340.382, 95
Trd, 8638341.432, 84
Trd, 8638344.382, 87
Trd, 8638345.132, 97
Trd, 8638345.982, 97
Trd, 8638348.182, 96
Trd, 8638349.082, 79
Trd, 8638349.982, 86
Trd, 8638350.582, 86
Trd, 8638350.732, 87
Trd, 8638353.632, 89
Trd, 8638354.632, 99
Trd, 8638357.482, 96
Trd, 8638357.882, 95
Trd, 8638358.782, 104
Trd, 8638359.032, 107
Trd, 8638360.332, 111
Trd, 8638363.382, 113
Trd, 8638363.482, 112
Trd, 8638363.782, 91
Trd, 8638364.282, 90
Trd, 8638367.182, 104
Trd, 8638369.132, 101
Trd, 8638369.832, 89
Trd, 8638369.882, 87
Trd, 8638370.432, 82
Trd, 8638372.032, 109
Trd, 8638373.332, 91
Trd, 8638374.282, 106
Trd, 8638376.332, 96
Trd, 8638376.432, 108
Trd, 8638378.132, 97
Trd, 8638378.932, 107
Trd, 8638379.682, 99
Trd, 8638380.032, 98
Trd, 8638383.832, 84
Trd, 8638383.932, 95
Trd, 8638384.282, 84
Trd, 8638384.532, 95
Trd, 8638385.232, 84
Trd, 8638386.082, 70
Trd, 8638388.482, 100
Trd, 8638389.782, 107
Trd, 8638391.332, 82
Trd, 8638392.082, 86
Trd, 8638392.632, 82
Trd, 8638392.932, 80
Trd, 8638393.182, 107
Trd, 8638393.432, 115
Trd, 8638395.882, 81
Trd, 8638397.032, 94
Trd, 8638397.082, 82
Trd, 8638398.132, 95
Trd, 8638399.032, 83
Trd, 8638402.732, 95
Trd, 8638403.832, 101
Trd, 8638404.882, 101
Trd, 8638406.132, 99
Trd, 8638406.482, 99
Trd, 8638407.232, 95
Trd, 8638409.182, 85
Trd, 8638410.482, 100
Trd, 8638410.982, 100
Trd, 8638411.782, 99
Trd, 8638412.082, 88
Trd, 8638413.182, 115
Trd, 8638415.182, 96
Trd, 8638415.582, 97
Trd, 8638416.782, 99
Trd, 8638418.432, 105
Trd, 8638419.882, 84
Trd, 8638420.482, 82
Trd, 8638421.782, 85
Trd, 8638422.682, 86
Trd, 8638422.732, 70
Trd, 8638425.582, 74
Trd, 8638426.482, 78
Trd, 8638426.832, 86
Trd, 8638428.332, 79
Trd, 8638429.282, 83
Trd, 8638429.732, 104
Trd, 8638430.632, 112
Trd, 8638431.582, 86
Trd, 8638432.082, 112
Trd, 8638434.782, 98
Trd, 8638435.582, 95
Trd, 8638436.482, 111
Trd, 8638437.182, 99
Trd, 8638438.482, 110
Trd, 8638438.782, 102
Trd, 8638442.182, 106
Trd, 8638442.632, 107
Trd, 8638442.782, 97
Trd, 8638443.932, 96
Trd, 8638447.332, 104
Trd, 8638448.082, 104
Trd, 8638448.832, 106
Trd, 8638448.932, 112
Trd, 8638449.182, 105
Trd, 8638450.482, 78
Trd, 8638452.482, 111
Trd, 8638454.682, 79
Trd, 8638454.732, 87
Trd, 8638458.332, 104
Trd, 8638459.832, 103
Trd, 8638461.232, 86
Trd, 8638462.482, 87
Trd, 8638462.682, 111
Trd, 8638462.882, 86
Trd, 8638465.282, 92
Trd, 8638466.182, 93
Trd, 8638466.332, 94
Trd, 8638466.982, 109
Trd, 8638470.132, 113
Trd, 8638471.482, 103
Trd, 8638472.232, 102
Trd, 8638472.982, 108
Trd, 8638473.132, 96
Trd, 8638473.432, 95
Trd, 8638474.082, 111
Trd, 8638475.982, 83
Trd, 8638477.782, 81
Trd, 8638479.182, 84
Trd, 8638479.532, 98
Trd, 8638479.632, 99
Trd, 8638482.332, 75
Trd, 8638483.082, 77
Trd, 8638484.382, 82
Trd, 8638484.432, 86
Trd, 8638487.582, 112
Trd, 8638487.832, 104
Trd, 8638488.182, 95
Trd, 8638488.882, 109
Trd, 8638489.682, 85
Trd, 8638490.582, 84
Trd, 8638491.832, 106
Trd, 8638495.182, 84
Trd, 8638495.732, 83
Trd, 8638495.882, 98
Trd, 8638496.632, 113
Trd, 8638498.282, 83
Trd, 8638499.832, 88
Trd, 8638500.132, 85
Trd, 8638502.632, 102
Trd, 8638503.482, 85
Trd, 8638506.732, 107
Trd, 8638507.082, 94
Trd, 8638508.882, 103
Trd, 8638510.632, 81
Trd, 8638510.882, 101
Trd, 8638511.982, 81
Trd, 8638514.382, 104
Trd, 8638514.582, 104
Trd, 8638514.932, 90
Trd, 8638515.432, 89
Trd, 8638516.932, 111
Trd, 8638518.382, 77
Trd, 8638520.282, 107
Trd, 8638521.132, 90
Trd, 8638522.532, 99
Trd, 8638523.182, 92
Trd, 8638525.032, 96
Trd, 8638526.482, 98
Trd, 8638527.732, 103
Trd, 8638528.532, 102
Trd, 8638528.832, 103
Trd, 8638530.232, 103
Trd, 8638531.332, 102
Trd, 8638532.282, 101
Trd, 8638532.532, 106
Trd, 8638534.432, 101
Trd, 8638534.582, 100
Trd, 8638534.832, 105
Trd, 8638535.082, 116
Trd, 8638538.032, 79
Trd, 8638538.632, 80
Trd, 8638539.632, 80
Trd, 8638540.482, 83
Trd, 8638541.382, 86
Trd, 8638542.782, 104
Trd, 8638544.132, 105
Trd, 8638544.932, 80
Trd, 8638545.382, 79
Trd, 8638546.832, 81
Trd, 8638546.882, 111
Trd, 8638547.782, 107
Trd, 8638548.432, 81
Trd, 8638549.582, 111
Trd, 8638550.732, 81
Trd, 8638553.032, 85
Trd, 8638553.932, 107
Trd, 8638554.732, 77
Trd, 8638557.782, 86
Trd, 8638558.632, 78
Trd, 8638560.532, 106
Trd, 8638561.232, 76
Trd, 8638561.482, 105
Trd, 8638561.882, 75
Trd, 8638563.432, 78
Trd, 8638565.182, 101
Trd, 8638566.032, 77
Trd, 8638566.832, 100
Trd, 8638567.782, 75
Trd, 8638568.782, 107
Trd, 8638569.682, 81
Trd, 8638569.832, 112
Trd, 8638572.682, 110
Trd, 8638573.332, 88
Trd, 8638573.982, 104
Trd, 8638576.332, 95
Trd, 8638576.932, 95
Trd, 8638577.882, 105
Trd, 8638578.782, 81
Trd, 8638581.332, 103
Trd, 8638581.982, 85
Trd, 8638582.432, 83
Trd, 8638585.082, 105
Trd, 8638586.082, 86
Trd, 8638586.882, 87
Trd, 8638587.382, 89
Trd, 8638588.682, 89
Trd, 8638588.882, 90
Trd, 8638589.132, 107
Trd, 8638590.882, 118
Trd, 8638591.182, 90
Trd, 8638591.582, 81
Trd, 8638594.882, 83
Trd, 8638594.982, 110
Trd, 8638597.282, 108
Trd, 8638598.382, 90
Trd, 8638598.782, 89
Trd, 8638601.732, 91
Trd, 8638602.332, 91
Trd, 8638603.132, 100
Trd, 8638603.282, 92
Trd, 8638605.082, 104
Trd, 8638605.982, 99
Trd, 8638606.232, 105
Trd, 8638606.382, 99
Trd, 8638608.782, 114
Trd, 8638609.232, 103
Trd, 8638610.832, 112
Trd, 8638611.582, 96
Trd, 8638613.882, 101
Trd, 8638614.982, 96
Trd, 8638615.332, 102
Trd, 8638616.482, 95
Trd, 8638617.132, 113
Trd, 8638617.232, 112
Trd, 8638619.232, 78
Trd, 8638621.332, 101
Trd, 8638622.682, 104
Trd, 8638623.332, 98
Trd, 8638623.982, 100
Trd, 8638624.732, 98
Trd, 8638625.532, 95
Trd, 8638625.582, 106
Trd, 8638627.632, 110
Trd, 8638628.582, 84
Trd, 8638629.232, 84
Trd, 8638631.632, 90
Trd, 8638632.282, 113
Trd, 8638632.732, 89
Trd, 8638636.132, 104
Trd, 8638637.182, 105
Trd, 8638637.832, 102
Trd, 8638638.682, 99
Trd, 8638638.782, 98
Trd, 8638639.582, 78
Trd, 8638641.682, 113
Trd, 8638642.082, 115
Trd, 8638643.682, 106
Trd, 8638645.682, 89
Trd, 8638645.882, 90
Trd, 8638646.532, 82
Trd, 8638647.882, 83
Trd, 8638649.382, 83
Trd, 8638651.332, 103
Trd, 8638652.082, 88
Trd, 8638652.232, 107
Trd, 8638655.282, 95
Trd, 8638655.382, 112
Trd, 8638656.982, 96
Trd, 8638657.332, 115
Trd, 8638658.932, 113
Trd, 8638661.032, 105
Trd, 8638661.932, 103
Trd, 8638663.432, 105
Trd, 8638663.682, 104
Trd, 8638666.982, 107
Trd, 8638667.382, 97
Trd, 8638667.432, 107
Trd, 8638668.482, 97
Trd, 8638671.682, 98
Trd, 8638671.832, 97
Trd, 8638672.232, 106
Trd, 8638673.782, 113
Trd, 8638676.732, 102
Trd, 8638677.532, 102
Trd, 8638679.132, 80
Trd, 8638680.332, 102
Trd, 8638680.482, 77
Trd, 8638682.132, 83
Trd, 8638683.182, 86
Trd, 8638683.482, 84
Trd, 8638684.182, 95
Trd, 8638686.182, 122
Trd, 8638686.432, 112
Trd, 8638688.332, 93
Trd, 8638689.432, 98
Trd, 8638689.882, 97
Trd, 8638690.282, 107
Trd, 8638691.532, 99
Trd, 8638693.782, 85
Trd, 8638694.182, 85
Trd, 8638695.632, 103
Trd, 8638697.332, 107
Trd, 8638697.482, 85
Trd, 8638698.232, 84
Trd, 8638700.582, 93
Trd, 8638701.282, 94
Trd, 8638701.782, 95
Trd, 8638702.132, 94
Trd, 8638702.582, 95
Trd, 8638704.782, 104
Trd, 8638706.682, 109
Trd, 8638706.982, 96
Trd, 8638707.282, 95
Trd, 8638712.182, 105
Trd, 8638713.282, 99
Trd, 8638713.582, 104
Trd, 8638715.632, 104
Trd, 8638716.782, 105
Trd, 8638717.082, 103
Trd, 8638717.932, 106
Trd, 8638718.682, 97
Trd, 8638719.282, 113
Trd, 8638719.832, 114
Trd, 8638721.482, 113
Trd, 8638723.632, 111
Trd, 8638725.132, 91
Trd, 8638725.982, 108
Trd, 8638726.182, 110
Trd, 8638727.832, 97
Trd, 8638727.882, 96
Trd, 8638729.982, 107
Trd, 8638731.332, 101
Trd, 8638733.882, 111
Trd, 8638733.932, 96
Trd, 8638735.532, 78
Trd, 8638736.532, 112
Trd, 8638738.882, 84
Trd, 8638739.682, 84
Trd, 8638741.082, 105
Trd, 8638741.482, 104
Trd, 8638742.932, 88
Trd, 8638744.832, 110
Trd, 8638746.882, 112
Trd, 8638746.932, 99
Trd, 8638748.582, 102
Trd, 8638752.032, 101
Trd, 8638752.632, 101
Trd, 8638753.282, 99
Trd, 8638753.882, 77
Trd, 8638754.682, 83
Trd, 8638755.132, 106
Trd, 8638757.432, 89
Trd, 8638758.782, 92
Trd, 8638759.332, 100
Trd, 8638759.582, 91
Trd, 8638760.882, 111
Trd, 8638762.432, 77
Trd, 8638763.932, 86
Trd, 8638764.132, 95
Trd, 8638765.932, 112
Trd, 8638766.532, 90
Trd, 8638767.032, 92
Trd, 8638769.532, 108
Trd, 8638770.232, 86
Trd, 8638771.482, 89
Trd, 8638771.832, 111
Trd, 8638773.332, 93
Trd, 8638776.282, 97
Trd, 8638777.382, 95
Trd, 8638777.882, 95
Trd, 8638779.932, 86
Trd, 8638779.982, 106
Trd, 8638780.182, 82
Trd, 8638780.432, 77
Trd, 8638783.382, 80
Trd, 8638784.132, 86
Trd, 8638784.232, 84
Trd, 8638786.682, 90
Trd, 8638786.882, 89
Trd, 8638788.182, 93
Trd, 8638788.332, 95
Trd, 8638789.432, 105
Trd, 8638790.432, 112
Trd, 8638790.482, 78
Trd, 8638790.982, 77
Trd, 8638793.532, 112
Trd, 8638794.832, 78
Trd, 8638795.332, 105
Trd, 8638795.432, 77
Trd, 8638795.982, 77
Trd, 8638798.132, 81
Trd, 8638798.632, 86
Trd, 8638799.332, 95
Trd, 8638802.332, 95
Trd, 8638803.232, 104
Trd, 8638805.632, 100
Trd, 8638805.882, 95
Trd, 8638807.232, 87
Trd, 8638808.482, 104
Trd, 8638809.032, 108
Trd, 8638809.482, 91
Trd, 8638810.232, 90
Trd, 8638810.582, 113
Trd, 8638811.832, 89
Trd, 8638812.682, 88
Trd, 8638813.982, 104
Trd, 8638815.782, 86
Trd, 8638816.132, 84
Trd, 8638817.732, 103
Trd, 8638818.582, 91
Trd, 8638819.832, 106
Trd, 8638823.082, 103
Trd, 8638823.782, 104
Trd, 8638824.332, 96
Trd, 8638826.232, 99
Trd, 8638827.982, 97
Trd, 8638829.382, 97
Trd, 8638829.582, 113
Trd, 8638830.932, 98
Trd, 8638831.182, 98
Trd, 8638832.232, 107
Trd, 8638834.182, 99
Trd, 8638834.882, 112
Trd, 8638836.682, 87
Trd, 8638838.782, 92
Trd, 8638838.882, 93
Trd, 8638839.582, 94
Trd, 8638840.532, 108
Trd, 8638843.132, 105
Trd, 8638843.882, 88
Trd, 8638844.132, 112
Trd, 8638844.382, 89
Trd, 8638844.832, 77
Trd, 8638845.132, 69
Trd, 8638846.832, 112
Trd, 8638847.432, 83
Trd, 8638851.182, 89
Trd, 8638851.532, 88
Trd, 8638852.632, 106
Trd, 8638852.782, 107
Trd, 8638854.482, 81
Trd, 8638855.232, 83
Trd, 8638855.982, 81
Trd, 8638856.082, 102
Trd, 8638856.532, 104
Trd, 8638858.482, 81
Trd, 8638860.082, 86
Trd, 8638861.632, 94
Trd, 8638861.882, 95
Trd, 8638863.082, 94
Trd, 8638863.482, 112
Trd, 8638864.132, 92
Trd, 8638865.232, 87
Trd, 8638867.132, 104
Trd, 8638867.532, 77
Trd, 8638870.232, 80
Trd, 8638873.832, 82
Trd, 8638874.132, 111
Trd, 8638874.282, 80
Trd, 8638875.132, 78
Trd, 8638876.632, 81
Trd, 8638877.282, 86
Trd, 8638877.432, 84
Trd, 8638878.982, 85
Trd, 8638880.082, 87
Trd, 8638880.282, 106
Trd, 8638881.682, 94
Trd, 8638885.282, 102
Trd, 8638885.832, 98
Trd, 8638886.632, 95
Trd, 8638886.882, 103
Trd, 8638888.682, 86
Trd, 8638889.432, 89
Trd, 8638892.032, 102
Trd, 8638893.282, 101
Trd, 8638895.282, 86
Trd, 8638896.232, 85
Trd, 8638898.282, 101
Trd, 8638900.232, 90
Trd, 8638900.632, 105
Trd, 8638902.282, 94
Trd, 8638902.332, 112
Trd, 8638903.782, 95
Trd, 8638904.482, 95
Trd, 8638905.082, 104
Trd, 8638906.732, 111
Trd, 8638907.732, 84
Trd, 8638908.282, 105
Trd, 8638910.982, 93
Trd, 8638911.482, 103
Trd, 8638913.232, 96
Trd, 8638914.382, 113
Trd, 8638914.682, 99
Trd, 8638916.382, 100
Trd, 8638917.632, 103
Trd, 8638917.682, 100
Trd, 8638917.782, 112
Trd, 8638918.432, 95
Trd, 8638921.332, 105
Trd, 8638921.682, 81
Trd, 8638924.882, 90
Trd, 8638925.032, 90
Trd, 8638925.482, 96
Trd, 8638927.482, 99
Trd, 8638928.232, 83
Trd, 8638928.682, 83
Trd, 8638930.232, 105
Trd, 8638931.682, 84
Trd, 8638931.882, 107
Trd, 8638932.732, 82
Trd, 8638934.982, 103
Trd, 8638936.032, 109
Trd, 8638939.482, 92
Trd, 8638940.382, 92
Trd, 8638940.982, 81
Trd, 8638943.532, 91
Trd, 8638944.332, 90
Trd, 8638944.982, 90
Trd, 8638945.282, 91
Trd, 8638946.682, 94
Trd, 8638947.182, 92
Trd, 8638949.182, 83
Trd, 8638949.382, 92
Trd, 8638950.032, 95
Trd, 8638953.132, 95
Trd, 8638953.182, 94
Trd, 8638953.682, 105
Trd, 8638955.282, 103
Trd, 8638955.532, 98
Trd, 8638957.682, 102
Trd, 8638959.932, 103
Trd, 8638960.332, 105
Trd, 8638960.882, 95
Trd, 8638961.582, 114
Trd, 8638962.182, 113
Trd, 8638962.432, 104
Trd, 8638962.682, 113
Trd, 8638963.582, 78
Trd, 8638964.382, 131
Trd, 8638966.882, 83
Trd, 8638967.832, 83
Trd, 8638969.482, 78
Trd, 8638970.282, 100
Trd, 8638971.182, 91
Trd, 8638971.732, 112
Trd, 8638972.382, 79
Trd, 8638972.482, 113
Trd, 8638973.782, 79
Trd, 8638975.182, 103
Trd, 8638977.132, 109
Trd, 8638978.432, 89
Trd, 8638980.382, 104
Trd, 8638981.432, 98
Trd, 8638982.432, 104
Trd, 8638983.182, 106
Trd, 8638984.732, 112
Trd, 8638984.782, 85
Trd, 8638987.382, 114
Trd, 8638987.682, 110
Trd, 8638988.332, 104
Trd, 8638988.432, 95
Trd, 8638990.432, 89
Trd, 8638991.532, 91
Trd, 8638992.632, 90
Trd, 8638993.282, 81
Trd, 8638994.432, 95
Trd, 8638996.632, 84
Trd, 8638998.582, 96
Trd, 8638999.282, 93
Trd, 8639000.582, 95
Trd, 8639001.182, 94
Trd, 8639001.282, 113
Trd, 8639002.782, 98
Trd, 8639002.932, 95
Trd, 8639003.332, 106
Trd, 8639004.032, 110
Trd, 8639008.082, 102
Trd, 8639008.332, 103
Trd, 8639009.682, 104
Trd, 8639010.282, 105
Trd, 8639011.282, 113
Trd, 8639014.782, 113
Trd, 8639015.382, 93
Trd, 8639015.782, 92
Trd, 8639016.532, 87
Trd, 8639016.982, 104
Trd, 8639017.932, 90
Trd, 8639019.332, 107
Trd, 8639020.932, 85
Trd, 8639021.082, 106
Trd, 8639022.232, 87
Trd, 8639024.582, 82
Trd, 8639026.182, 107
Trd, 8639027.232, 87
Trd, 8639027.432, 109
Trd, 8639028.332, 87
Trd, 8639028.932, 85
Trd, 8639032.332, 99
Trd, 8639033.232, 100
Trd, 8639033.482, 98
Trd, 8639035.482, 81
Trd, 8639036.532, 103
Trd, 8639037.732, 88
Trd, 8639038.132, 88
Trd, 8639038.432, 121
Trd, 8639039.982, 94
Trd, 8639040.032, 110
Trd, 8639040.432, 87
Trd, 8639040.632, 104
Trd, 8639043.682, 102
Trd, 8639044.282, 88
Trd, 8639045.032, 90
Trd, 8639047.082, 101
Trd, 8639049.532, 108
Trd, 8639050.132, 113
Trd, 8639051.382, 105
Trd, 8639051.632, 112
Trd, 8639051.782, 104
Trd, 8639052.532, 95
Trd, 8639055.032, 76
Trd, 8639055.282, 87
Trd, 8639058.182, 102
Trd, 8639059.182, 104
Trd, 8639060.382, 95
Trd, 8639062.282, 101
Trd, 8639062.932, 102
Trd, 8639064.182, 104
Trd, 8639064.632, 113
Trd, 8639066.832, 105
Trd, 8639066.932, 97
Trd, 8639067.082, 95
Trd, 8639071.382, 95
Trd, 8639071.682, 81
Trd, 8639071.882, 80
Trd, 8639071.982, 98
Trd, 8639072.732, 79
Trd, 8639073.682, 105
Trd, 8639073.782, 112
Trd, 8639077.382, 104
Trd, 8639078.182, 85
Trd, 8639078.682, 88
Trd, 8639078.782, 103
Trd, 8639080.632, 88
Trd, 8639083.082, 95
Trd, 8639083.182, 85
Trd, 8639083.482, 84
Trd, 8639085.382, 89
Trd, 8639085.732, 102
Trd, 8639089.182, 95
Trd, 8639089.482, 105
Trd, 8639089.932, 111
Trd, 8639092.182, 99
Trd, 8639092.932, 99
Trd, 8639093.582, 95
Trd, 8639094.332, 87
Trd, 8639094.682, 81
Trd, 8639094.732, 79
Trd, 8639096.182, 109
Trd, 8639098.232, 87
Trd, 8639098.782, 104
Trd, 8639102.232, 98
Trd, 8639102.282, 95
Trd, 8639102.582, 99
Trd, 8639104.882, 105
Trd, 8639105.682, 106
Trd, 8639105.782, 104
Trd, 8639105.982, 113
Trd, 8639107.382, 77
Trd, 8639109.932, 83
Trd, 8639111.582, 104
Trd, 8639111.632, 104
Trd, 8639112.632, 113
Trd, 8639113.082, 89
Trd, 8639117.832, 104
Trd, 8639117.882, 101
Trd, 8639118.032, 100
Trd, 8639118.232, 97
Trd, 8639118.982, 105
Trd, 8639121.632, 97
Trd, 8639122.882, 80
Trd, 8639123.482, 82
Trd, 8639123.982, 94
Trd, 8639124.382, 104
Trd, 8639128.182, 92
Trd, 8639129.282, 112
Trd, 8639129.682, 115
Trd, 8639130.182, 95
Trd, 8639130.732, 93
Trd, 8639130.882, 92
Trd, 8639132.782, 79
Trd, 8639134.632, 84
Trd, 8639136.932, 95
Trd, 8639139.632, 103
Trd, 8639140.032, 102
Trd, 8639141.932, 105
Trd, 8639142.282, 104
Trd, 8639142.632, 104
Trd, 8639143.832, 113
Trd, 8639144.082, 85
Trd, 8639145.332, 113
Trd, 8639146.932, 131
Trd, 8639148.832, 90
Trd, 8639151.382, 104
Trd, 8639152.082, 98
Trd, 8639152.932, 98
Trd, 8639153.832, 107
Trd, 8639154.382, 73
Trd, 8639155.832, 87
Trd, 8639156.232, 109
Trd, 8639158.032, 88
Trd, 8639158.732, 103
Trd, 8639159.032, 86
Trd, 8639160.432, 101
Trd, 8639161.482, 61
Trd, 8639162.782, 108
Trd, 8639164.132, 75
Trd, 8639165.182, 77
Trd, 8639165.482, 75
Trd, 8639165.682, 78
Trd, 8639170.982, 90
Trd, 8639172.532, 99
Trd, 8639172.582, 100
Trd, 8639173.032, 116
Trd, 8639173.332, 95
Trd, 8639175.632, 91
Trd, 8639176.782, 89
Trd, 8639177.682, 111
Trd, 8639181.032, 96
Trd, 8639181.182, 100
Trd, 8639181.582, 101
Trd, 8639183.332, 79
Trd, 8639186.682, 105
Trd, 8639186.982, 116
Trd, 8639188.332, 97
Trd, 8639188.582, 96
Trd, 8639189.482, 96
Trd, 8639189.882, 95
Trd, 8639190.532, 86
Trd, 8639190.882, 103
Trd, 8639193.232, 84
Trd, 8639193.732, 77
Trd, 8639194.082, 102
Trd, 8639195.082, 80
Trd, 8639195.132, 107
Trd, 8639197.032, 105
Trd, 8639199.032, 105
Trd, 8639200.632, 108
Trd, 8639201.282, 93
Trd, 8639201.982, 95
Trd, 8639202.182, 94
Trd, 8639203.982, 96
Trd, 8639205.782, 100
Trd, 8639206.932, 109
Trd, 8639207.682, 98
Trd, 8639208.182, 107
Trd, 8639208.882, 95
Trd, 8639211.382, 83
Trd, 8639211.582, 89
Trd, 8639212.132, 91
Trd, 8639213.482, 87
Trd, 8639216.632, 104
Trd, 8639217.332, 104
Trd, 8639217.432, 103
Trd, 8639218.682, 113
Trd, 8639218.782, 104
Trd, 8639218.882, 95
Trd, 8639222.232, 80
Trd, 8639223.732, 85
Trd, 8639223.932, 82
Trd, 8639224.782, 95
Trd, 8639225.132, 114
Trd, 8639227.832, 94
Trd, 8639227.932, 93
Trd, 8639228.132, 91
Trd, 8639230.332, 101
Trd, 8639230.732, 88
Trd, 8639233.532, 92
Trd, 8639235.332, 96
Trd, 8639236.232, 91
Trd, 8639236.782, 97
Trd, 8639237.682, 80
Trd, 8639239.482, 82
Trd, 8639243.682, 100
Trd, 8639244.332, 90
Trd, 8639244.432, 100
Trd, 8639245.232, 89
Trd, 8639246.332, 83
Trd, 8639248.482, 87
Trd, 8639248.782, 100
Trd, 8639250.532, 93
Trd, 8639251.482, 92
Trd, 8639252.182, 95
Trd, 8639253.632, 88
Trd, 8639254.532, 122
Trd, 8639255.332, 79
Trd, 8639255.732, 83
Trd, 8639256.232, 81
Trd, 8639258.182, 88
Trd, 8639260.032, 100
Trd, 8639260.232, 79
Trd, 8639261.182, 77
Trd, 8639261.532, 102
Trd, 8639263.482, 76
Trd, 8639266.332, 80
Trd, 8639268.382, 107
Trd, 8639269.232, 107
Trd, 8639269.282, 83
Trd, 8639269.682, 82
Trd, 8639270.882, 81
Trd, 8639272.832, 113
Trd, 8639274.482, 86
Trd, 8639274.682, 86
Trd, 8639275.282, 113
Trd, 8639276.782, 94
Trd, 8639277.282, 104
Trd, 8639279.432, 96
Trd, 8639280.382, 100
Trd, 8639281.782, 96
Trd, 8639281.832, 95
Trd, 8639282.232, 97
Trd, 8639283.032, 98
Trd, 8639283.132, 99
Trd, 8639284.232, 105
Trd, 8639286.482, 81
Trd, 8639289.582, 94
Trd, 8639289.832, 95
Trd, 8639290.532, 95
Trd, 8639291.782, 98
Trd, 8639293.132, 98
Trd, 8639293.482, 100
Trd, 8639295.282, 99
Trd, 8639298.332, 95
Trd, 8639298.682, 79
Trd, 8639298.732, 78
Trd, 8639300.532, 82
Trd, 8639300.882, 92
Trd, 8639301.582, 104
Trd, 8639302.882, 80
Trd, 8639302.932, 105
Trd, 8639304.532, 84
Trd, 8639306.882, 87
Trd, 8639308.482, 89
Trd, 8639310.132, 97
Trd, 8639310.282, 91
Trd, 8639310.782, 93
Trd, 8639310.832, 98
Trd, 8639313.582, 99
Trd, 8639314.782, 100
Trd, 8639315.632, 108
Trd, 8639316.282, 97
Trd, 8639318.632, 105
Trd, 8639319.932, 89
Trd, 8639320.482, 105
Trd, 8639321.132, 92
Trd, 8639321.182, 105
Trd, 8639322.182, 92
Trd, 8639324.932, 79
Trd, 8639325.332, 77
Trd, 8639325.382, 88
Trd, 8639325.832, 86
Trd, 8639330.432, 91
Trd, 8639330.732, 93
Trd, 8639331.232, 95
Trd, 8639331.782, 109
Trd, 8639334.282, 99
Trd, 8639335.532, 101
Trd, 8639336.282, 98
Trd, 8639339.732, 108
Trd, 8639340.782, 95
Trd, 8639340.832, 95
Trd, 8639341.532, 95
Trd, 8639341.582, 108
Trd, 8639342.582, 98
Trd, 8639343.382, 112
Trd, 8639347.032, 107
Trd, 8639347.182, 105
Trd, 8639348.932, 98
Trd, 8639349.732, 97
Trd, 8639349.882, 116
Trd, 8639352.832, 95
Trd, 8639353.082, 86
Trd, 8639353.982, 95
Trd, 8639354.782, 87
Trd, 8639356.882, 94
Trd, 8639357.182, 100
Trd, 8639357.282, 94
Trd, 8639357.832, 113
Trd, 8639359.182, 77
Trd, 8639361.632, 94
Trd, 8639361.982, 95
Trd, 8639363.632, 103
Trd, 8639364.282, 98
Trd, 8639366.932, 106
Trd, 8639367.332, 102
Trd, 8639367.532, 104
Trd, 8639367.682, 95
Trd, 8639368.732, 78
Trd, 8639370.882, 86
Trd, 8639370.932, 70
Trd, 8639375.032, 109
Trd, 8639375.832, 104
Trd, 8639376.182, 102
Trd, 8639376.582, 104
Trd, 8639377.082, 95
Trd, 8639377.982, 105
Trd, 8639378.682, 81
Trd, 8639381.482, 93
Trd, 8639382.082, 110
Trd, 8639383.032, 113
Trd, 8639384.982, 95
Trd, 8639386.682, 103
Trd, 8639387.232, 75
Trd, 8639388.232, 104
Trd, 8639389.182, 77
Trd, 8639390.032, 78
Trd, 8639393.132, 93
Trd, 8639394.082, 88
Trd, 8639394.982, 95
Trd, 8639395.332, 104
Trd, 8639395.632, 94
Trd, 8639396.132, 92
Trd, 8639397.882, 83
Trd, 8639398.432, 126
Trd, 8639399.732, 84
Trd, 8639400.082, 83
Trd, 8639401.282, 84
Trd, 8639402.032, 113
Trd, 8639402.482, 95
Trd, 8639403.432, 113
Trd, 8639404.882, 84
Trd, 8639407.532, 108
Trd, 8639408.082, 93
Trd, 8639409.682, 104
Trd, 8639410.282, 91
Trd, 8639412.432, 74
Trd, 8639412.482, 95
Trd, 8639413.232, 72
Trd, 8639414.232, 84
Trd, 8639414.532, 112
Trd, 8639417.282, 93
Trd, 8639418.932, 95
Trd, 8639420.082, 101
Trd, 8639420.382, 102
Trd, 8639420.682, 87
Trd, 8639420.882, 107
Trd, 8639422.382, 90
Trd, 8639423.532, 104
Trd, 8639424.732, 95
Trd, 8639426.382, 96
Trd, 8639427.732, 106
Trd, 8639428.332, 95
Trd, 8639430.482, 95
Trd, 8639431.182, 86
Trd, 8639432.032, 105
Trd, 8639432.882, 86
Trd, 8639433.032, 77
Trd, 8639435.382, 104
Trd, 8639437.132, 114
Trd, 8639437.882, 95
Trd, 8639439.932, 104
Trd, 8639440.682, 106
Trd, 8639440.782, 103
Trd, 8639441.032, 95
Trd, 8639442.082, 83
Trd, 8639442.132, 104
Trd, 8639446.382, 99
Trd, 8639446.682, 103
Trd, 8639447.332, 104
Trd, 8639447.382, 97
Trd, 8639449.832, 99
Trd, 8639450.832, 103
Trd, 8639451.632, 103
Trd, 8639452.232, 104
Trd, 8639453.482, 95
Trd, 8639454.282, 79
Trd, 8639454.332, 104
Trd, 8639458.432, 99
Trd, 8639458.632, 93
Trd, 8639459.232, 96
Trd, 8639460.582, 96
Trd, 8639460.782, 95
Trd, 8639461.282, 106
Trd, 8639464.282, 84
Trd, 8639464.382, 104
Trd, 8639465.532, 84
Trd, 8639465.782, 105
Trd, 8639467.032, 84
Trd, 8639467.632, 84
Trd, 8639468.082, 118
Trd, 8639469.182, 81
Trd, 8639472.282, 94
Trd, 8639472.732, 88
Trd, 8639473.532, 88
Trd, 8639473.782, 88
Trd, 8639475.082, 101
Trd, 8639475.732, 105
Trd, 8639476.732, 93
Trd, 8639477.782, 78
Trd, 8639480.582, 108
Trd, 8639480.832, 79
Trd, 8639481.882, 91
Trd, 8639483.432, 94
Trd, 8639484.632, 95
Trd, 8639485.332, 102
Trd, 8639485.432, 104
Trd, 8639486.632, 97
Trd, 8639487.332, 96
Trd, 8639489.282, 106
Trd, 8639491.032, 100
Trd, 8639492.432, 114
Trd, 8639492.732, 115
Trd, 8639492.832, 113
Trd, 8639493.232, 104
Trd, 8639494.532, 79
Trd, 8639496.382, 106
Trd, 8639497.332, 113
Trd, 8639497.532, 89
Trd, 8639501.832, 109
Trd, 8639502.082, 86
Trd, 8639502.332, 112
Trd, 8639506.682, 103
Trd, 8639507.382, 105
Trd, 8639507.532, 105
Trd, 8639509.132, 108
Trd, 8639510.182, 88
Trd, 8639510.532, 88
Trd, 8639511.882, 113
Trd, 8639513.432, 89
Trd, 8639515.682, 103
Trd, 8639516.182, 94
Trd, 8639516.832, 92
Trd, 8639517.432, 95
Trd, 8639518.032, 110
Trd, 8639518.432, 95
Trd, 8639521.082, 99
Trd, 8639521.782, 98
Trd, 8639522.532, 104
Trd, 8639523.082, 95
Trd, 8639523.982, 105
Trd, 8639526.932, 95
Trd, 8639527.932, 96
Trd, 8639529.432, 100
Trd, 8639529.932, 100
Trd, 8639530.032, 98
Trd, 8639530.182, 111
Trd, 8639530.932, 97
Trd, 8639534.382, 98
Trd, 8639534.532, 104
Trd, 8639534.732, 95
Trd, 8639536.232, 109
Trd, 8639536.482, 77
Trd, 8639538.832, 103
Trd, 8639539.282, 88
Trd, 8639541.232, 113
Trd, 8639541.332, 88
Trd, 8639542.132, 78
Trd, 8639542.932, 112
Trd, 8639543.182, 82
Trd, 8639543.982, 83
Trd, 8639545.782, 95
Trd, 8639549.882, 95
Trd, 8639550.882, 104
Trd, 8639551.382, 86
Trd, 8639552.032, 103
Trd, 8639552.782, 89
Trd, 8639554.032, 86
Trd, 8639554.582, 79
Trd, 8639556.632, 81
Trd, 8639558.532, 90
Trd, 8639559.532, 92
Trd, 8639559.832, 93
Trd, 8639559.982, 95
Trd, 8639562.482, 94
Trd, 8639565.232, 96
Trd, 8639565.482, 103
Trd, 8639566.382, 104
Trd, 8639566.782, 95
Trd, 8639568.082, 98
Trd, 8639568.382, 97
Trd, 8639569.332, 104
Trd, 8639571.982, 103
Trd, 8639573.432, 103
Trd, 8639575.682, 107
Trd, 8639576.082, 106
Trd, 8639576.632, 111
Trd, 8639577.132, 102
Trd, 8639579.382, 104
Trd, 8639579.432, 104
Trd, 8639579.582, 95
Trd, 8639579.732, 106
Trd, 8639581.432, 112
Trd, 8639582.932, 84
Trd, 8639583.982, 87
Trd, 8639585.932, 108
Trd, 8639586.282, 91
Trd, 8639587.132, 104
Trd, 8639589.732, 102
Trd, 8639590.932, 103
Trd, 8639592.282, 91
Trd, 8639593.132, 92
Trd, 8639595.282, 96
Trd, 8639596.182, 98
Trd, 8639596.732, 100
Trd, 8639597.082, 113
Trd, 8639597.632, 120
Trd, 8639598.182, 95
Trd, 8639600.832, 99
Trd, 8639600.882, 101
Trd, 8639601.782, 80
Trd, 8639603.532, 81
Trd, 8639604.682, 87
Trd, 8639604.782, 120
Trd, 8639607.732, 104
Trd, 8639608.832, 101
Trd, 8639608.932, 95
Trd, 8639609.432, 110
Trd, 8639611.832, 83
Trd, 8639613.332, 88
Trd, 8639613.882, 89
Trd, 8639614.032, 100
Trd, 8639615.982, 102
Trd, 8639617.532, 98
Trd, 8639619.132, 100
Trd, 8639622.232, 103
Trd, 8639622.682, 105
Trd, 8639623.082, 102
Trd, 8639623.332, 102
Trd, 8639623.532, 95
Trd, 8639624.432, 78
Trd, 8639625.482, 112
Trd, 8639626.532, 114
Trd, 8639626.732, 86
Trd, 8639628.382, 94
Trd, 8639630.832, 111
Trd, 8639632.532, 105
Trd, 8639634.732, 107
Trd, 8639635.882, 106
Trd, 8639637.432, 108
Trd, 8639637.532, 107
Trd, 8639638.032, 104
Trd, 8639639.482, 102
Trd, 8639639.632, 110
Trd, 8639639.882, 80
Trd, 8639640.982, 113
Trd, 8639643.582, 88
Trd, 8639644.132, 87
Trd, 8639646.882, 94
Trd, 8639648.032, 88
Trd, 8639648.082, 104
Trd, 8639648.932, 107
Trd, 8639650.132, 91
Trd, 8639651.232, 109
Trd, 8639653.282, 84
Trd, 8639653.682, 103
Trd, 8639653.932, 84
Trd, 8639654.132, 111
Trd, 8639656.732, 92
Trd, 8639657.032, 90
Trd, 8639661.332, 74
Trd, 8639662.482, 78
Trd, 8639662.882, 77
Trd, 8639662.932, 86
Trd, 8639666.682, 104
Trd, 8639666.782, 106
Trd, 8639667.282, 94
Trd, 8639667.632, 92
Trd, 8639672.282, 88
Trd, 8639672.632, 92
Trd, 8639672.682, 88
Trd, 8639672.982, 99
Trd, 8639674.332, 96
Trd, 8639676.032, 103
Trd, 8639677.182, 94
Trd, 8639677.432, 94
Trd, 8639678.182, 79
Trd, 8639680.132, 106
Trd, 8639680.832, 113
Trd, 8639681.132, 86
Trd, 8639684.482, 95
Trd, 8639684.532, 97
Trd, 8639684.632, 93
Trd, 8639686.982, 96
Trd, 8639689.432, 103
Trd, 8639689.482, 101
Trd, 8639689.582, 99
Trd, 8639692.032, 103
Trd, 8639692.682, 103
Trd, 8639692.882, 95
Trd, 8639693.582, 107
Trd, 8639694.032, 114
Trd, 8639694.532, 113
Trd, 8639695.832, 78
Trd, 8639697.632, 70
Trd, 8639697.832, 113
Trd, 8639700.182, 92
Trd, 8639701.732, 85
Trd, 8639702.782, 80
Trd, 8639703.832, 113
Trd, 8639704.682, 104
Trd, 8639705.632, 95
Trd, 8639706.482, 105
Trd, 8639707.982, 81
Trd, 8639710.232, 85
Trd, 8639710.732, 81
Trd, 8639711.082, 80
Trd, 8639711.282, 95
Trd, 8639712.332, 104
Trd, 8639713.832, 87
Trd, 8639715.232, 88
Trd, 8639716.082, 110
Trd, 8639717.932, 110
Trd, 8639718.432, 84
Trd, 8639718.532, 82
Trd, 8639719.332, 110
Trd, 8639721.032, 113
Trd, 8639722.582, 85
Trd, 8639725.332, 96
Trd, 8639725.382, 107
Trd, 8639726.182, 89
Trd, 8639727.132, 107
Trd, 8639728.482, 93
Trd, 8639729.832, 99
Trd, 8639730.732, 105
Trd, 8639730.782, 99
Trd, 8639732.432, 105
Trd, 8639734.582, 111
Trd, 8639735.282, 95
Trd, 8639736.382, 79
Trd, 8639736.932, 129
Trd, 8639738.282, 79
Trd, 8639739.732, 81
Trd, 8639741.832, 86
Trd, 8639742.132, 95
Trd, 8639743.682, 91
Trd, 8639744.132, 91
Trd, 8639746.132, 85
Trd, 8639747.682, 98
Trd, 8639748.432, 77
Trd, 8639749.132, 92
Trd, 8639750.532, 95
Trd, 8639751.332, 78
Trd, 8639751.632, 78
Trd, 8639753.282, 108
Trd, 8639754.482, 106
Trd, 8639754.582, 91
Trd, 8639756.232, 92
Trd, 8639758.682, 97
Trd, 8639758.732, 95
Trd, 8639759.732, 101
Trd, 8639760.832, 101
Trd, 8639762.582, 85
Trd, 8639763.682, 86
Trd, 8639764.282, 99
Trd, 8639764.782, 88
Trd, 8639765.032, 100
Trd, 8639766.982, 91
Trd, 8639768.882, 111
Trd, 8639770.182, 114
Trd, 8639770.632, 113
Trd, 8639770.782, 104
Trd, 8639770.832, 95
Trd, 8639772.432, 81
Trd, 8639773.982, 101
Trd, 8639774.732, 106
Trd, 8639776.282, 115
Trd, 8639777.932, 77
Trd, 8639778.532, 69
Trd, 8639780.882, 77
Trd, 8639781.132, 76
Trd, 8639781.182, 86
Trd, 8639782.082, 111
Trd, 8639782.232, 112
Trd, 8639785.932, 95
Trd, 8639787.882, 111
Trd, 8639788.582, 83
Trd, 8639789.482, 83
Trd, 8639790.232, 112
Trd, 8639790.532, 83
Trd, 8639790.632, 82
Trd, 8639794.132, 107
Trd, 8639794.382, 84
Trd, 8639795.232, 105
Trd, 8639795.482, 86
Trd, 8639797.232, 93
Trd, 8639798.782, 98
Trd, 8639799.282, 70
Trd, 8639800.832, 97
Trd, 8639801.282, 79
Trd, 8639802.932, 101
Trd, 8639803.682, 81
Trd, 8639804.082, 85
Trd, 8639804.632, 104
Trd, 8639805.982, 88
Trd, 8639806.932, 78
Trd, 8639807.032, 111
Trd, 8639808.132, 79
Trd, 8639808.382, 78
Trd, 8639809.432, 79
Trd, 8639810.432, 78
Trd, 8639811.332, 113
Trd, 8639812.682, 103
Trd, 8639817.482, 95
Trd, 8639817.982, 113
Trd, 8639818.232, 94
Trd, 8639820.182, 117
Trd, 8639820.632, 101
Trd, 8639823.232, 95
Trd, 8639824.182, 103
Trd, 8639824.832, 81
Trd, 8639825.132, 108
Trd, 8639825.932, 82
Trd, 8639827.982, 121
Trd, 8639829.982, 89
Trd, 8639831.582, 92
Trd, 8639831.932, 91
Trd, 8639832.732, 98
Trd, 8639833.932, 111
Trd, 8639836.732, 69
Trd, 8639837.882, 80
Trd, 8639838.732, 105
Trd, 8639840.532, 109
Trd, 8639840.782, 87
Trd, 8639840.982, 114
Trd, 8639841.032, 86
Trd, 8639844.782, 104
Trd, 8639845.082, 77
Trd, 8639845.532, 105
Trd, 8639846.732, 103
Trd, 8639847.382, 82
Trd, 8639849.782, 82
Trd, 8639849.882, 106
Trd, 8639854.832, 89
Trd, 8639855.332, 96
Trd, 8639856.032, 93
Trd, 8639856.482, 93
Trd, 8639856.932, 95
Trd, 8639857.132, 119
Trd, 8639859.182, 78
Trd, 8639861.182, 100
Trd, 8639862.582, 84
Trd, 8639863.432, 106
Trd, 8639865.082, 92
Trd, 8639865.282, 92
Trd, 8639868.432, 97
Trd, 8639868.932, 98
Trd, 8639870.532, 100
Trd, 8639870.632, 101
Trd, 8639872.532, 114
Trd, 8639872.632, 113
Trd, 8639872.682, 104
Trd, 8639873.482, 113
Trd, 8639874.182, 99
Trd, 8639876.082, 127
Trd, 8639877.732, 97
Trd, 8639879.082, 77
Trd, 8639879.182, 109
Trd, 8639879.632, 69
Trd, 8639880.982, 81
Trd, 8639883.282, 89
Trd, 8639884.132, 83
Trd, 8639885.382, 95
Trd, 8639886.082, 84
Trd, 8639886.432, 83
Trd, 8639889.232, 93
Trd, 8639890.232, 97
Trd, 8639890.982, 96
Trd, 8639891.782, 95
Trd, 8639894.382, 103
Trd, 8639894.582, 104
Trd, 8639894.882, 104
Trd, 8639896.632, 99
Trd, 8639897.082, 109
Trd, 8639898.082, 97
Trd, 8639899.032, 96
Trd, 8639900.982, 103
Trd, 8639901.632, 114
Trd, 8639902.882, 76
Trd, 8639902.982, 83
Trd, 8639904.932, 84
Trd, 8639905.782, 86
Trd, 8639907.532, 95
Trd, 8639907.632, 94
Trd, 8639908.482, 93
Trd, 8639908.632, 109
Trd, 8639909.282, 91
Trd, 8639910.982, 68
Trd, 8639911.982, 112
Trd, 8639912.432, 111
Trd, 8639914.482, 78
Trd, 8639917.132, 81
Trd, 8639918.082, 82
Trd, 8639918.332, 105
Trd, 8639919.632, 111
Trd, 8639920.732, 81
Trd, 8639921.182, 81
Trd, 8639921.632, 71
Trd, 8639922.232, 104
Trd, 8639922.632, 107
Trd, 8639927.082, 94
Trd, 8639928.082, 95
Trd, 8639928.982, 94
Trd, 8639931.182, 104
Trd, 8639931.382, 85
Trd, 8639933.182, 87
Trd, 8639934.882, 104
Trd, 8639935.332, 90
Trd, 8639935.982, 92
Trd, 8639937.032, 108
Trd, 8639937.582, 92
Trd, 8639939.632, 81
Trd, 8639940.182, 84
Trd, 8639941.632, 108
Trd, 8639941.982, 107
Trd, 8639942.232, 85
Trd, 8639942.632, 111
Trd, 8639944.982, 89
Trd, 8639947.832, 104
Trd, 8639947.882, 99
Trd, 8639948.682, 106
Trd, 8639950.732, 100
Trd, 8639951.382, 112
Trd, 8639951.582, 99
Trd, 8639952.432, 95
Trd, 8639954.432, 81
Trd, 8639955.032, 87
Trd, 8639956.582, 84
Trd, 8639956.782, 103
Trd, 8639957.482, 79
Trd, 8639958.982, 110
Trd, 8639960.932, 86
Trd, 8639962.032, 103
Trd, 8639964.432, 90
Trd, 8639965.332, 101
Trd, 8639966.232, 93
Trd, 8639967.182, 95
Trd, 8639969.932, 103
Trd, 8639971.082, 104
Trd, 8639972.232, 103
Trd, 8639972.632, 103
Trd, 8639972.732, 100
Trd, 8639974.132, 105
Trd, 8639974.182, 95
Trd, 8639974.632, 104
Trd, 8639977.682, 82
Trd, 8639978.732, 101
Trd, 8639979.332, 84
Trd, 8639979.482, 83
Trd, 8639983.132, 101
Trd, 8639983.282, 104
Trd, 8639983.332, 83
Trd, 8639985.582, 113
Trd, 8639985.782, 87
Trd, 8639986.132, 87
Trd, 8639989.232, 107
Trd, 8639990.782, 115
Trd, 8639990.982, 86
Trd, 8639992.182, 88
Trd, 8639993.132, 120
Trd, 8639993.482, 115
Trd, 8639993.832, 114
Trd, 8639995.432, 113
Trd, 8639995.532, 104
Trd, 8639995.832, 95
Trd, 8639998.082, 116
Trd, 8639998.532, 113
Trd, 8639999.582, 95
Trd, 8639999.782, 95
Trd, 8639999.832, 94
