Trd, 8637950.682, 104
Trd, 8637951.782, 91
Trd, 8637952.532, 101
Trd, 8637952.732, 88
Trd, 8637954.982, 87
Trd, 8637955.382, 91
Trd, 8637955.582, 95
Trd, 8637958.082, 88
Trd, 8637959.732, 90
Trd, 8637961.182, 98
Trd, 8637962.582, 114
Trd, 8637963.782, 113
Trd, 8637964.682, 86
Trd, 8637965.332, 77
Trd, 8637966.432, 87
Trd, 8637967.482, 104
Trd, 8637969.232, 82
Trd, 8637969.882, 85
Trd, 8637970.732, 88
Trd, 8637973.482, 95
Trd, 8637973.732, 99
Trd, 8637975.682, 110
Trd, 8637975.832, 97
Trd, 8637976.332, 97
Trd, 8637977.182, 98
Trd, 8637977.282, 95
Trd, 8637980.332, 117
Trd, 8637982.632, 115
Trd, 8637983.732, 114
Trd, 8637984.932, 112
Trd, 8637985.132, 102
Trd, 8637985.232, 116
Trd, 8637986.632, 92
Trd, 8637986.682, 104
Trd, 8637989.882, 95
Trd, 8637990.032, 98
Trd, 8637990.682, 95
Trd, 8637993.332, 88
Trd, 8637993.432, 86
Trd, 8637993.532, 80
Trd, 8637995.732, 103
Trd, 8637996.382, 79
Trd, 8637996.482, 94
Trd, 8637997.632, 95
Trd, 8637999.982, 112
Trd, 8638000.082, 87
Trd, 8638001.532, 104
Trd, 8638003.132, 98
Trd, 8638003.282, 97
Trd, 8638004.532, 98
Trd, 8638005.282, 97
Trd, 8638006.032, 90
Trd, 8638006.182, 108
Trd, 8638007.132, 89
Trd, 8638008.932, 88
Trd, 8638011.032, 124
Trd, 8638012.932, 96
Trd, 8638013.032, 96
Trd, 8638013.932, 86
Trd, 8638014.682, 96
Trd, 8638016.782, 84
Trd, 8638017.732, 86
Trd, 8638018.332, 94
Trd, 8638019.382, 86
Trd, 8638020.882, 98
Trd, 8638021.982, 95
Trd, 8638023.082, 90
Trd, 8638023.432, 88
Trd, 8638023.632, 91
Trd, 8638025.132, 104
Trd, 8638026.082, 88
Trd, 8638028.332, 90
Trd, 8638029.232, 88
Trd, 8638030.732, 88
Trd, 8638031.582, 94
Trd, 8638032.882, 85
Trd, 8638034.032, 104
Trd, 8638034.932, 98
Trd, 8638035.032, 95
Trd, 8638035.882, 86
Trd, 8638035.932, 89
Trd, 8638038.182, 76
Trd, 8638038.882, 103
Trd, 8638039.682, 89
Trd, 8638041.632, 85
Trd, 8638042.382, 86
Trd, 8638043.382, 95
Trd, 8638044.232, 101
Trd, 8638045.032, 96
Trd, 8638045.982, 94
Trd, 8638046.982, 91
Trd, 8638047.382, 90
Trd, 8638047.682, 97
Trd, 8638048.082, 95
Trd, 8638049.232, 104
Trd, 8638049.982, 89
Trd, 8638052.532, 89
Trd, 8638054.732, 96
Trd, 8638055.632, 90
Trd, 8638056.332, 90
Trd, 8638058.032, 92
Trd, 8638059.382, 93
Trd, 8638059.432, 111
Trd, 8638061.932, 87
Trd, 8638062.282, 101
Trd, 8638063.232, 114
Trd, 8638063.882, 111
Trd, 8638065.882, 101
Trd, 8638067.432, 95
Trd, 8638068.182, 102
Trd, 8638069.082, 97
Trd, 8638070.282, 131
Trd, 8638071.432, 87
Trd, 8638072.482, 113
Trd, 8638075.882, 88
Trd, 8638077.132, 96
Trd, 8638077.532, 99
Trd, 8638078.632, 95
Trd, 8638078.932, 90
Trd, 8638079.182, 95
Trd, 8638081.382, 112
Trd, 8638082.432, 114
Trd, 8638082.782, 113
Trd, 8638082.982, 131
Trd, 8638084.082, 90
Trd, 8638086.682, 128
Trd, 8638087.482, 95
Trd, 8638088.482, 121
Trd, 8638088.682, 111
Trd, 8638088.882, 94
Trd, 8638091.632, 93
Trd, 8638092.432, 93
Trd, 8638093.432, 95
Trd, 8638094.932, 88
Trd, 8638095.282, 88
Trd, 8638095.732, 104
Trd, 8638096.132, 113
Trd, 8638099.232, 80
Trd, 8638100.332, 87
Trd, 8638100.782, 92
Trd, 8638101.432, 86
Trd, 8638102.532, 93
Trd, 8638103.832, 93
Trd, 8638105.482, 104
Trd, 8638106.732, 105
Trd, 8638107.682, 95
Trd, 8638107.732, 94
Trd, 8638108.282, 113
Trd, 8638108.882, 80
Trd, 8638110.432, 112
Trd, 8638111.632, 87
Trd, 8638113.182, 88
Trd, 8638114.582, 98
Trd, 8638115.932, 92
Trd, 8638116.582, 99
Trd, 8638117.282, 104
Trd, 8638120.232, 101
Trd, 8638120.282, 87
Trd, 8638121.132, 87
Trd, 8638121.832, 92
Trd, 8638122.432, 93
Trd, 8638123.632, 111
Trd, 8638125.032, 89
Trd, 8638125.332, 87
Trd, 8638126.132, 95
Trd, 8638126.632, 95
Trd, 8638128.832, 88
Trd, 8638130.132, 88
Trd, 8638131.232, 104
Trd, 8638133.382, 99
Trd, 8638133.482, 96
Trd, 8638133.682, 95
Trd, 8638134.732, 97
Trd, 8638136.082, 99
Trd, 8638136.182, 95
Trd, 8638139.132, 100
Trd, 8638140.032, 108
Trd, 8638140.882, 78
Trd, 8638141.532, 108
Trd, 8638142.932, 83
Trd, 8638145.682, 87
Trd, 8638148.282, 87
Trd, 8638148.432, 103
Trd, 8638148.482, 86
Trd, 8638149.132, 101
Trd, 8638150.332, 92
Trd, 8638151.332, 98
Trd, 8638152.232, 87
Trd, 8638153.332, 95
Trd, 8638155.282, 96
Trd, 8638155.532, 93
Trd, 8638156.582, 94
Trd, 8638156.632, 100
Trd, 8638156.732, 104
Trd, 8638159.832, 112
Trd, 8638159.932, 112
Trd, 8638161.832, 114
Trd, 8638162.182, 121
Trd, 8638162.882, 113
Trd, 8638164.282, 111
Trd, 8638166.132, 97
Trd, 8638168.082, 102
Trd, 8638168.182, 101
Trd, 8638168.332, 99
Trd, 8638169.432, 112
Trd, 8638170.082, 95
Trd, 8638171.082, 87
Trd, 8638171.582, 88
Trd, 8638172.432, 87
Trd, 8638175.432, 88
Trd, 8638175.582, 79
Trd, 8638178.032, 79
Trd, 8638179.082, 104
Trd, 8638180.382, 113
Trd, 8638180.482, 103
Trd, 8638181.332, 96
Trd, 8638182.332, 95
Trd, 8638182.982, 95
Trd, 8638184.932, 96
Trd, 8638186.682, 102
Trd, 8638187.032, 104
Trd, 8638187.082, 95
Trd, 8638188.582, 89
Trd, 8638188.982, 88
Trd, 8638189.382, 104
Trd, 8638189.632, 113
Trd, 8638191.232, 94
Trd, 8638194.632, 104
Trd, 8638196.032, 97
Trd, 8638198.132, 104
Trd, 8638198.582, 88
Trd, 8638199.732, 87
Trd, 8638199.832, 86
Trd, 8638200.582, 130
Trd, 8638201.782, 113
Trd, 8638204.682, 99
Trd, 8638205.282, 98
Trd, 8638205.732, 95
Trd, 8638206.582, 104
Trd, 8638207.632, 97
Trd, 8638207.932, 99
Trd, 8638210.432, 109
Trd, 8638211.182, 95
Trd, 8638214.282, 93
Trd, 8638215.282, 98
Trd, 8638215.482, 95
Trd, 8638217.832, 95
Trd, 8638217.982, 94
Trd, 8638218.882, 98
Trd, 8638219.732, 100
Trd, 8638219.782, 95
Trd, 8638219.932, 104
Trd, 8638221.532, 102
Trd, 8638222.382, 112
Trd, 8638223.882, 86
Trd, 8638224.532, 126
Trd, 8638226.432, 79
Trd, 8638230.082, 98
Trd, 8638231.382, 90
Trd, 8638231.582, 90
Trd, 8638232.432, 103
Trd, 8638233.532, 90
Trd, 8638234.232, 110
Trd, 8638235.282, 90
Trd, 8638238.282, 91
Trd, 8638238.932, 89
Trd, 8638239.582, 101
Trd, 8638239.982, 88
Trd, 8638240.432, 86
Trd, 8638242.832, 113
Trd, 8638244.432, 114
Trd, 8638244.582, 112
Trd, 8638244.732, 119
Trd, 8638247.232, 113
Trd, 8638248.782, 101
Trd, 8638249.232, 102
Trd, 8638252.932, 94
Trd, 8638253.332, 96
Trd, 8638253.932, 104
Trd, 8638254.732, 95
Trd, 8638255.982, 84
Trd, 8638256.482, 80
Trd, 8638258.332, 108
Trd, 8638258.882, 110
Trd, 8638260.032, 96
Trd, 8638260.132, 95
Trd, 8638260.682, 97
Trd, 8638260.982, 113
Trd, 8638264.482, 87
Trd, 8638266.032, 96
Trd, 8638267.232, 95
Trd, 8638268.982, 93
Trd, 8638271.682, 97
Trd, 8638272.882, 112
Trd, 8638273.782, 112
Trd, 8638274.132, 111
Trd, 8638274.382, 111
Trd, 8638274.582, 95
Trd, 8638276.382, 97
Trd, 8638277.332, 92
Trd, 8638277.582, 95
Trd, 8638279.382, 91
Trd, 8638281.582, 95
Trd, 8638282.132, 112
Trd, 8638283.482, 95
Trd, 8638285.632, 91
Trd, 8638285.732, 99
Trd, 8638286.482, 91
Trd, 8638286.882, 87
Trd, 8638287.582, 113
Trd, 8638288.332, 117
Trd, 8638290.332, 82
Trd, 8638290.882, 98
Trd, 8638292.232, 92
Trd, 8638295.682, 115
Trd, 8638296.132, 113
Trd, 8638298.482, 100
Trd, 8638299.132, 112
Trd, 8638299.282, 95
Trd, 8638300.132, 86
Trd, 8638300.632, 111
Trd, 8638301.632, 96
Trd, 8638303.382, 86
Trd, 8638304.082, 110
Trd, 8638305.432, 92
Trd, 8638307.832, 90
Trd, 8638307.932, 96
Trd, 8638310.232, 112
Trd, 8638311.232, 87
Trd, 8638312.032, 92
Trd, 8638312.532, 98
Trd, 8638313.682, 87
Trd, 8638316.082, 90
Trd, 8638317.932, 93
Trd, 8638319.982, 95
Trd, 8638320.032, 94
Trd, 8638320.182, 104
Trd, 8638320.282, 113
Trd, 8638323.182, 95
Trd, 8638323.632, 92
Trd, 8638324.082, 92
Trd, 8638324.132, 96
Trd, 8638324.182, 89
Trd, 8638328.182, 103
Trd, 8638328.282, 87
Trd, 8638328.432, 74
Trd, 8638329.382, 87
Trd, 8638333.432, 93
Trd, 8638334.082, 95
Trd, 8638334.282, 98
Trd, 8638335.282, 89
Trd, 8638335.932, 97
Trd, 8638336.632, 92
Trd, 8638339.782, 101
Trd, 8638340.032, 104
Trd, 8638342.182, 123
Trd, 8638343.082, 115
Trd, 8638343.332, 114
Trd, 8638344.932, 111
Trd, 8638346.532, 113
Trd, 8638346.982, 86
Trd, 8638347.232, 126
Trd, 8638350.582, 90
Trd, 8638350.632, 95
Trd, 8638352.082, 111
Trd, 8638352.882, 91
Trd, 8638355.982, 87
Trd, 8638356.732, 88
Trd, 8638358.082, 94
Trd, 8638360.032, 96
Trd, 8638360.232, 92
Trd, 8638361.982, 102
Trd, 8638362.332, 98
Trd, 8638364.182, 93
Trd, 8638365.332, 110
Trd, 8638365.982, 98
Trd, 8638366.132, 112
Trd, 8638368.632, 81
Trd, 8638369.082, 83
Trd, 8638369.682, 88
Trd, 8638371.132, 97
Trd, 8638373.432, 88
Trd, 8638375.182, 103
Trd, 8638375.632, 104
Trd, 8638375.682, 96
Trd, 8638376.132, 90
Trd, 8638376.582, 86
Trd, 8638378.932, 98
Trd, 8638379.132, 104
Trd, 8638380.332, 97
Trd, 8638382.082, 97
Trd, 8638382.232, 95
Trd, 8638383.332, 111
Trd, 8638384.982, 88
Trd, 8638385.182, 95
Trd, 8638386.732, 113
Trd, 8638391.232, 90
Trd, 8638391.382, 95
Trd, 8638392.532, 96
Trd, 8638392.882, 91
Trd, 8638393.982, 101
Trd, 8638394.632, 101
Trd, 8638395.132, 104
Trd, 8638395.232, 91
Trd, 8638397.482, 95
Trd, 8638399.832, 104
Trd, 8638400.132, 105
Trd, 8638401.082, 103
Trd, 8638401.482, 95
Trd, 8638402.882, 113
Trd, 8638403.782, 100
Trd, 8638404.432, 95
Trd, 8638404.782, 95
Trd, 8638405.832, 96
Trd, 8638407.632, 103
Trd, 8638408.582, 92
Trd, 8638410.532, 91
Trd, 8638410.782, 89
Trd, 8638412.082, 82
Trd, 8638414.482, 90
Trd, 8638414.732, 82
Trd, 8638415.382, 84
Trd, 8638415.582, 110
Trd, 8638416.082, 113
Trd, 8638416.182, 112
Trd, 8638417.432, 88
Trd, 8638418.982, 130
Trd, 8638419.082, 87
Trd, 8638420.532, 113
Trd, 8638421.082, 87
Trd, 8638424.832, 77
Trd, 8638425.132, 82
Trd, 8638425.382, 85
Trd, 8638426.332, 79
Trd, 8638427.932, 100
Trd, 8638429.232, 96
Trd, 8638432.682, 99
Trd, 8638433.282, 94
Trd, 8638434.582, 88
Trd, 8638435.782, 98
Trd, 8638438.582, 87
Trd, 8638439.632, 83
Trd, 8638440.632, 89
Trd, 8638442.332, 90
Trd, 8638442.532, 88
Trd, 8638443.632, 87
Trd, 8638444.832, 95
Trd, 8638445.982, 87
Trd, 8638446.232, 104
Trd, 8638446.382, 113
Trd, 8638447.832, 101
Trd, 8638450.982, 105
Trd, 8638451.982, 104
Trd, 8638452.232, 98
Trd, 8638453.432, 113
Trd, 8638453.782, 114
Trd, 8638455.782, 97
Trd, 8638456.382, 96
Trd, 8638458.432, 98
Trd, 8638458.882, 98
Trd, 8638461.132, 103
Trd, 8638461.382, 99
Trd, 8638461.582, 95
Trd, 8638461.882, 77
Trd, 8638462.532, 104
Trd, 8638463.532, 112
Trd, 8638464.682, 112
Trd, 8638467.082, 96
Trd, 8638468.632, 105
Trd, 8638469.632, 94
Trd, 8638470.982, 102
Trd, 8638471.482, 95
Trd, 8638473.332, 109
Trd, 8638474.332, 108
Trd, 8638474.382, 100
Trd, 8638474.432, 95
Trd, 8638476.332, 90
Trd, 8638478.232, 91
Trd, 8638479.182, 113
Trd, 8638479.982, 92
Trd, 8638480.032, 92
Trd, 8638483.832, 108
Trd, 8638484.732, 97
Trd, 8638485.832, 99
Trd, 8638487.132, 104
Trd, 8638488.032, 111
Trd, 8638488.382, 101
Trd, 8638488.932, 99
Trd, 8638490.232, 109
Trd, 8638491.882, 86
Trd, 8638492.832, 102
Trd, 8638493.282, 113
Trd, 8638493.532, 103
Trd, 8638496.532, 92
Trd, 8638497.282, 92
Trd, 8638497.682, 92
Trd, 8638498.482, 95
Trd, 8638500.082, 80
Trd, 8638500.882, 95
Trd, 8638501.982, 83
Trd, 8638502.132, 104
Trd, 8638504.182, 111
Trd, 8638504.632, 97
Trd, 8638507.382, 115
Trd, 8638508.532, 91
Trd, 8638509.182, 87
Trd, 8638509.882, 113
Trd, 8638510.182, 113
Trd, 8638513.332, 113
Trd, 8638513.482, 117
Trd, 8638514.182, 86
Trd, 8638518.832, 86
Trd, 8638519.082, 89
Trd, 8638519.532, 104
Trd, 8638520.282, 80
Trd, 8638521.182, 96
Trd, 8638523.632, 86
Trd, 8638524.682, 86
Trd, 8638526.432, 94
Trd, 8638527.532, 90
Trd, 8638528.682, 104
Trd, 8638529.432, 113
Trd, 8638530.532, 94
Trd, 8638531.732, 117
Trd, 8638531.882, 89
Trd, 8638533.782, 95
Trd, 8638535.882, 97
Trd, 8638536.732, 98
Trd, 8638538.082, 93
Trd, 8638539.132, 96
Trd, 8638539.282, 97
Trd, 8638540.832, 95
Trd, 8638541.982, 108
Trd, 8638542.382, 95
Trd, 8638542.482, 96
Trd, 8638545.432, 88
Trd, 8638545.532, 104
Trd, 8638546.282, 86
Trd, 8638547.132, 92
Trd, 8638548.232, 84
Trd, 8638548.332, 121
Trd, 8638549.832, 93
Trd, 8638550.332, 81
Trd, 8638553.482, 84
Trd, 8638554.482, 101
Trd, 8638557.832, 90
Trd, 8638557.882, 91
Trd, 8638558.182, 91
Trd, 8638559.782, 93
Trd, 8638560.182, 97
Trd, 8638561.732, 103
Trd, 8638562.632, 98
Trd, 8638563.032, 95
Trd, 8638567.832, 117
Trd, 8638568.282, 121
Trd, 8638568.882, 119
Trd, 8638569.932, 113
Trd, 8638570.482, 100
Trd, 8638571.382, 97
Trd, 8638572.882, 123
Trd, 8638573.482, 113
Trd, 8638575.382, 91
Trd, 8638576.532, 96
Trd, 8638577.982, 96
Trd, 8638578.132, 95
Trd, 8638578.732, 101
Trd, 8638580.382, 104
Trd, 8638582.532, 95
Trd, 8638583.332, 95
Trd, 8638583.432, 94
Trd, 8638583.782, 86
Trd, 8638584.482, 104
Trd, 8638585.282, 70
Trd, 8638586.632, 83
Trd, 8638588.332, 80
Trd, 8638588.932, 82
Trd, 8638589.082, 87
Trd, 8638589.832, 95
Trd, 8638592.732, 130
Trd, 8638593.632, 122
Trd, 8638594.632, 78
Trd, 8638595.082, 97
Trd, 8638598.732, 116
Trd, 8638599.232, 114
Trd, 8638600.682, 112
Trd, 8638600.982, 95
Trd, 8638601.082, 115
Trd, 8638602.782, 99
Trd, 8638602.932, 114
Trd, 8638604.882, 90
Trd, 8638605.032, 92
Trd, 8638605.432, 111
Trd, 8638607.432, 89
Trd, 8638607.582, 89
Trd, 8638608.432, 91
Trd, 8638609.482, 93
Trd, 8638611.532, 93
Trd, 8638612.732, 89
Trd, 8638613.232, 92
Trd, 8638614.332, 90
Trd, 8638614.632, 91
Trd, 8638615.182, 95
Trd, 8638618.882, 96
Trd, 8638620.532, 96
Trd, 8638620.982, 105
Trd, 8638621.732, 98
Trd, 8638622.482, 96
Trd, 8638624.382, 101
Trd, 8638625.432, 95
Trd, 8638626.732, 80
Trd, 8638627.732, 93
Trd, 8638629.082, 98
Trd, 8638629.182, 89
Trd, 8638630.082, 92
Trd, 8638630.882, 128
Trd, 8638631.432, 97
Trd, 8638633.682, 96
Trd, 8638635.832, 96
Trd, 8638636.382, 98
Trd, 8638637.382, 98
Trd, 8638638.032, 95
Trd, 8638638.132, 112
Trd, 8638639.382, 98
Trd, 8638640.132, 87
Trd, 8638642.182, 88
Trd, 8638642.232, 104
Trd, 8638642.682, 108
Trd, 8638643.882, 88
Trd, 8638644.482, 87
Trd, 8638646.282, 113
Trd, 8638646.432, 115
Trd, 8638647.732, 95
Trd, 8638651.132, 87
Trd, 8638652.232, 90
Trd, 8638652.482, 95
Trd, 8638653.132, 98
Trd, 8638653.632, 95
Trd, 8638653.932, 104
Trd, 8638654.382, 95
Trd, 8638656.032, 95
Trd, 8638657.132, 92
Trd, 8638659.932, 96
Trd, 8638660.732, 97
Trd, 8638661.982, 95
Trd, 8638662.432, 111
Trd, 8638666.082, 116
Trd, 8638666.432, 115
Trd, 8638666.582, 122
Trd, 8638667.782, 113
Trd, 8638668.382, 96
Trd, 8638670.732, 95
Trd, 8638671.982, 92
Trd, 8638673.132, 105
Trd, 8638673.482, 105
Trd, 8638673.582, 102
Trd, 8638674.782, 95
Trd, 8638675.182, 95
Trd, 8638675.532, 130
Trd, 8638676.782, 95
Trd, 8638678.532, 97
Trd, 8638679.232, 99
Trd, 8638679.682, 101
Trd, 8638680.332, 95
Trd, 8638683.582, 94
Trd, 8638684.982, 90
Trd, 8638686.132, 94
Trd, 8638687.282, 94
Trd, 8638688.682, 99
Trd, 8638688.882, 103
Trd, 8638690.132, 104
Trd, 8638691.282, 84
Trd, 8638693.282, 89
Trd, 8638695.032, 96
Trd, 8638695.182, 87
Trd, 8638696.932, 89
Trd, 8638698.232, 92
Trd, 8638698.982, 93
Trd, 8638699.032, 96
Trd, 8638699.482, 98
Trd, 8638701.582, 104
Trd, 8638702.932, 91
Trd, 8638704.232, 91
Trd, 8638706.432, 97
Trd, 8638706.532, 95
Trd, 8638707.232, 100
Trd, 8638707.632, 96
Trd, 8638708.582, 95
Trd, 8638709.882, 102
Trd, 8638710.032, 86
Trd, 8638712.332, 87
Trd, 8638714.582, 95
Trd, 8638714.882, 96
Trd, 8638715.782, 97
Trd, 8638716.232, 78
Trd, 8638717.182, 110
Trd, 8638720.882, 96
Trd, 8638722.482, 92
Trd, 8638722.832, 95
Trd, 8638723.082, 89
Trd, 8638724.482, 90
Trd, 8638725.382, 102
Trd, 8638726.332, 101
Trd, 8638727.332, 110
Trd, 8638729.982, 92
Trd, 8638730.032, 95
Trd, 8638731.182, 86
Trd, 8638733.482, 110
Trd, 8638733.782, 87
Trd, 8638734.682, 86
Trd, 8638736.182, 88
Trd, 8638737.332, 88
Trd, 8638737.782, 77
Trd, 8638740.532, 87
Trd, 8638740.732, 95
Trd, 8638742.632, 104
Trd, 8638743.032, 104
Trd, 8638743.882, 87
Trd, 8638745.682, 86
Trd, 8638746.082, 84
Trd, 8638749.932, 104
Trd, 8638750.182, 101
Trd, 8638750.482, 109
Trd, 8638751.582, 101
Trd, 8638751.732, 100
Trd, 8638751.882, 113
Trd, 8638752.132, 95
Trd, 8638755.732, 79
Trd, 8638755.882, 78
Trd, 8638756.882, 87
Trd, 8638757.282, 80
Trd, 8638760.132, 99
Trd, 8638760.182, 100
Trd, 8638761.382, 104
Trd, 8638761.832, 93
Trd, 8638763.382, 87
Trd, 8638764.882, 102
Trd, 8638766.082, 92
Trd, 8638767.382, 91
Trd, 8638768.682, 106
Trd, 8638769.032, 88
Trd, 8638770.932, 95
Trd, 8638771.182, 103
Trd, 8638771.582, 96
Trd, 8638772.032, 91
Trd, 8638772.082, 104
Trd, 8638772.482, 90
Trd, 8638777.282, 110
Trd, 8638778.332, 96
Trd, 8638778.832, 95
Trd, 8638779.432, 92
Trd, 8638780.282, 122
Trd, 8638780.582, 111
Trd, 8638780.982, 97
Trd, 8638784.032, 98
Trd, 8638785.532, 100
Trd, 8638786.232, 98
Trd, 8638787.732, 99
Trd, 8638788.432, 98
Trd, 8638789.732, 101
Trd, 8638791.432, 108
Trd, 8638791.632, 98
Trd, 8638791.782, 98
Trd, 8638794.532, 97
Trd, 8638794.982, 98
Trd, 8638795.582, 95
Trd, 8638796.432, 90
Trd, 8638798.582, 94
Trd, 8638799.982, 96
Trd, 8638801.482, 96
Trd, 8638801.632, 97
Trd, 8638802.182, 98
Trd, 8638804.332, 90
Trd, 8638805.132, 90
Trd, 8638805.982, 95
Trd, 8638807.332, 86
Trd, 8638809.582, 82
Trd, 8638810.182, 82
Trd, 8638811.132, 93
Trd, 8638811.432, 104
Trd, 8638812.832, 91
Trd, 8638813.732, 95
Trd, 8638813.932, 113
Trd, 8638816.632, 102
Trd, 8638817.182, 102
Trd, 8638817.482, 95
Trd, 8638819.432, 89
Trd, 8638820.682, 104
Trd, 8638822.332, 96
Trd, 8638823.382, 97
Trd, 8638824.032, 112
Trd, 8638824.432, 98
Trd, 8638825.182, 95
Trd, 8638825.632, 108
Trd, 8638826.982, 95
Trd, 8638827.382, 86
Trd, 8638827.932, 89
Trd, 8638830.932, 95
Trd, 8638831.532, 78
Trd, 8638832.032, 94
Trd, 8638834.632, 104
Trd, 8638834.732, 129
Trd, 8638835.532, 98
Trd, 8638838.532, 102
Trd, 8638839.532, 97
Trd, 8638840.232, 97
Trd, 8638840.532, 110
Trd, 8638842.432, 102
Trd, 8638842.982, 97
Trd, 8638843.032, 95
Trd, 8638844.882, 98
Trd, 8638846.832, 95
Trd, 8638847.532, 102
Trd, 8638848.832, 101
Trd, 8638851.432, 103
Trd, 8638851.982, 104
Trd, 8638852.182, 103
Trd, 8638852.932, 95
Trd, 8638855.182, 96
Trd, 8638857.732, 88
Trd, 8638858.482, 91
Trd, 8638859.232, 95
Trd, 8638859.932, 97
Trd, 8638860.032, 90
Trd, 8638860.482, 89
Trd, 8638860.782, 86
Trd, 8638863.532, 86
Trd, 8638863.682, 82
Trd, 8638866.382, 99
Trd, 8638867.282, 109
Trd, 8638868.132, 100
Trd, 8638869.682, 107
Trd, 8638870.532, 100
Trd, 8638870.932, 104
Trd, 8638872.082, 87
Trd, 8638872.182, 93
Trd, 8638875.532, 99
Trd, 8638875.832, 97
Trd, 8638876.332, 98
Trd, 8638876.482, 97
Trd, 8638878.882, 93
Trd, 8638879.482, 92
Trd, 8638879.832, 86
Trd, 8638880.532, 94
Trd, 8638882.182, 96
Trd, 8638882.482, 104
Trd, 8638883.832, 99
Trd, 8638885.582, 86
Trd, 8638886.632, 108
Trd, 8638887.582, 83
Trd, 8638888.832, 86
Trd, 8638889.282, 87
Trd, 8638889.832, 94
Trd, 8638891.932, 91
Trd, 8638892.282, 102
Trd, 8638893.882, 99
Trd, 8638895.382, 95
Trd, 8638896.082, 104
Trd, 8638897.732, 95
Trd, 8638898.032, 96
Trd, 8638899.532, 109
Trd, 8638899.782, 113
Trd, 8638901.782, 98
Trd, 8638901.832, 97
Trd, 8638902.532, 96
Trd, 8638904.082, 130
Trd, 8638906.832, 86
Trd, 8638907.532, 113
Trd, 8638909.182, 85
Trd, 8638909.332, 83
Trd, 8638910.182, 113
Trd, 8638910.282, 101
Trd, 8638910.732, 87
Trd, 8638911.932, 126
Trd, 8638912.032, 88
Trd, 8638914.232, 92
Trd, 8638915.182, 112
Trd, 8638918.132, 97
Trd, 8638918.432, 92
Trd, 8638919.482, 99
Trd, 8638920.432, 95
Trd, 8638921.482, 94
Trd, 8638922.882, 112
Trd, 8638925.082, 96
Trd, 8638927.182, 96
Trd, 8638927.282, 94
Trd, 8638927.732, 113
Trd, 8638928.732, 87
Trd, 8638929.382, 112
Trd, 8638930.082, 87
Trd, 8638931.432, 91
Trd, 8638932.282, 94
Trd, 8638932.332, 91
Trd, 8638933.682, 97
Trd, 8638934.982, 97
Trd, 8638936.182, 96
Trd, 8638936.332, 86
Trd, 8638937.082, 86
Trd, 8638938.932, 112
Trd, 8638940.982, 95
Trd, 8638942.032, 93
Trd, 8638942.832, 94
Trd, 8638943.132, 110
Trd, 8638945.182, 96
Trd, 8638946.432, 107
Trd, 8638948.832, 91
Trd, 8638949.032, 107
Trd, 8638949.182, 102
Trd, 8638950.682, 94
Trd, 8638953.382, 96
Trd, 8638954.032, 95
Trd, 8638954.332, 119
Trd, 8638954.382, 95
Trd, 8638955.732, 90
Trd, 8638956.182, 112
Trd, 8638956.982, 82
Trd, 8638958.982, 77
Trd, 8638959.682, 77
Trd, 8638961.932, 79
Trd, 8638963.082, 82
Trd, 8638963.382, 86
Trd, 8638964.932, 88
Trd, 8638965.532, 94
Trd, 8638967.632, 95
Trd, 8638967.882, 104
Trd, 8638968.382, 95
Trd, 8638969.732, 96
Trd, 8638969.982, 95
Trd, 8638970.332, 106
Trd, 8638971.382, 97
Trd, 8638972.082, 96
Trd, 8638974.082, 95
Trd, 8638975.732, 101
Trd, 8638977.932, 100
Trd, 8638978.932, 109
Trd, 8638979.782, 87
Trd, 8638980.682, 81
Trd, 8638982.782, 104
Trd, 8638983.582, 110
Trd, 8638984.832, 94
Trd, 8638985.682, 96
Trd, 8638987.082, 95
Trd, 8638988.582, 84
Trd, 8638989.832, 87
Trd, 8638990.982, 89
Trd, 8638991.782, 111
Trd, 8638993.782, 97
Trd, 8638993.832, 94
Trd, 8638994.482, 95
Trd, 8638995.282, 91
Trd, 8638996.832, 104
Trd, 8639001.282, 84
Trd, 8639002.182, 92
Trd, 8639002.332, 85
Trd, 8639003.232, 87
Trd, 8639004.832, 102
Trd, 8639006.782, 98
Trd, 8639007.182, 99
Trd, 8639007.482, 95
Trd, 8639007.682, 77
Trd, 8639008.482, 86
Trd, 8639010.882, 98
Trd, 8639011.632, 104
Trd, 8639012.732, 84
Trd, 8639012.982, 98
Trd, 8639013.332, 84
Trd, 8639014.282, 104
Trd, 8639015.032, 85
Trd, 8639015.632, 95
Trd, 8639017.482, 88
Trd, 8639018.332, 90
Trd, 8639019.132, 89
Trd, 8639019.632, 86
Trd, 8639020.082, 95
Trd, 8639020.182, 113
Trd, 8639023.082, 97
Trd, 8639023.432, 95
Trd, 8639023.782, 98
Trd, 8639024.482, 103
Trd, 8639027.382, 91
Trd, 8639027.832, 88
Trd, 8639030.532, 89
Trd, 8639031.532, 90
Trd, 8639031.882, 88
Trd, 8639033.382, 99
Trd, 8639033.932, 82
Trd, 8639033.982, 104
Trd, 8639035.382, 86
Trd, 8639035.582, 87
Trd, 8639037.232, 80
Trd, 8639040.782, 111
Trd, 8639041.982, 88
Trd, 8639043.032, 89
Trd, 8639043.082, 87
Trd, 8639043.932, 104
Trd, 8639045.332, 94
Trd, 8639045.382, 93
Trd, 8639045.882, 96
Trd, 8639048.732, 88
Trd, 8639049.982, 96
Trd, 8639050.882, 98
Trd, 8639051.082, 91
Trd, 8639053.582, 113
Trd, 8639053.982, 102
Trd, 8639054.232, 89
Trd, 8639055.532, 116
Trd, 8639056.382, 113
Trd, 8639056.782, 95
Trd, 8639057.632, 113
Trd, 8639057.732, 112
Trd, 8639058.382, 87
Trd, 8639059.982, 88
Trd, 8639061.782, 86
Trd, 8639062.482, 83
Trd, 8639063.582, 86
Trd, 8639063.882, 87
Trd, 8639064.982, 113
Trd, 8639065.282, 131
Trd, 8639065.832, 88
Trd, 8639068.532, 95
Trd, 8639069.332, 94
Trd, 8639069.932, 96
Trd, 8639071.082, 82
Trd, 8639072.332, 86
Trd, 8639075.032, 88
Trd, 8639075.732, 80
Trd, 8639075.932, 98
Trd, 8639077.232, 90
Trd, 8639078.232, 92
Trd, 8639078.732, 103
Trd, 8639079.182, 104
Trd, 8639081.532, 93
Trd, 8639082.082, 112
Trd, 8639083.632, 81
Trd, 8639086.232, 95
Trd, 8639087.332, 95
Trd, 8639087.932, 89
Trd, 8639090.232, 132
Trd, 8639090.482, 131
Trd, 8639091.132, 90
Trd, 8639091.932, 93
Trd, 8639093.832, 103
Trd, 8639095.932, 124
Trd, 8639096.382, 97
Trd, 8639096.932, 95
Trd, 8639097.982, 78
Trd, 8639098.532, 87
Trd, 8639099.182, 97
Trd, 8639103.282, 102
Trd, 8639104.482, 95
Trd, 8639104.882, 102
Trd, 8639105.182, 101
Trd, 8639106.482, 87
Trd, 8639107.732, 104
Trd, 8639109.082, 88
Trd, 8639109.132, 112
Trd, 8639109.232, 86
Trd, 8639110.382, 127
Trd, 8639112.482, 98
Trd, 8639113.382, 101
Trd, 8639114.582, 103
Trd, 8639116.232, 126
Trd, 8639116.882, 101
Trd, 8639117.782, 115
Trd, 8639118.182, 112
Trd, 8639118.832, 95
Trd, 8639120.832, 115
Trd, 8639120.882, 114
Trd, 8639123.732, 109
Trd, 8639124.232, 127
Trd, 8639124.682, 129
Trd, 8639126.732, 98
Trd, 8639126.932, 96
Trd, 8639129.432, 103
Trd, 8639129.882, 94
Trd, 8639131.582, 86
Trd, 8639132.432, 104
Trd, 8639132.932, 112
Trd, 8639135.182, 104
Trd, 8639135.932, 96
Trd, 8639136.182, 107
Trd, 8639139.382, 80
Trd, 8639140.882, 94
Trd, 8639141.532, 80
Trd, 8639143.682, 86
Trd, 8639144.282, 100
Trd, 8639147.282, 101
Trd, 8639147.482, 95
Trd, 8639148.232, 96
Trd, 8639148.582, 104
Trd, 8639149.832, 102
Trd, 8639150.732, 86
Trd, 8639151.632, 97
Trd, 8639154.082, 82
Trd, 8639155.182, 88
Trd, 8639156.082, 85
Trd, 8639156.382, 87
Trd, 8639157.782, 99
Trd, 8639158.032, 112
Trd, 8639158.932, 89
Trd, 8639160.882, 77
Trd, 8639160.932, 78
Trd, 8639162.382, 96
Trd, 8639164.782, 88
Trd, 8639165.182, 87
Trd, 8639167.932, 90
Trd, 8639168.282, 95
Trd, 8639169.132, 127
Trd, 8639169.882, 97
Trd, 8639171.032, 96
Trd, 8639173.082, 112
Trd, 8639174.382, 96
Trd, 8639175.532, 103
Trd, 8639176.582, 87
Trd, 8639176.832, 103
Trd, 8639177.832, 88
Trd, 8639178.682, 87
Trd, 8639178.982, 88
Trd, 8639181.082, 90
Trd, 8639181.282, 89
Trd, 8639181.832, 110
Trd, 8639183.332, 96
Trd, 8639184.782, 110
Trd, 8639185.482, 113
Trd, 8639185.532, 112
Trd, 8639186.232, 87
Trd, 8639188.732, 108
Trd, 8639189.632, 95
Trd, 8639190.232, 98
Trd, 8639191.432, 110
Trd, 8639193.032, 89
Trd, 8639193.832, 87
Trd, 8639196.032, 95
Trd, 8639196.332, 78
Trd, 8639196.432, 104
Trd, 8639199.332, 87
Trd, 8639201.832, 130
Trd, 8639203.232, 103
Trd, 8639204.082, 97
Trd, 8639204.182, 95
Trd, 8639205.732, 104
Trd, 8639207.382, 90
Trd, 8639207.732, 104
Trd, 8639209.782, 79
Trd, 8639210.032, 86
Trd, 8639210.332, 95
Trd, 8639212.082, 92
Trd, 8639214.982, 87
Trd, 8639215.232, 103
Trd, 8639218.032, 93
Trd, 8639219.382, 94
Trd, 8639222.332, 96
Trd, 8639222.482, 97
Trd, 8639223.532, 104
Trd, 8639225.782, 90
Trd, 8639227.232, 95
Trd, 8639227.582, 97
Trd, 8639227.932, 104
Trd, 8639229.582, 95
Trd, 8639229.632, 94
Trd, 8639230.082, 94
Trd, 8639230.632, 101
Trd, 8639230.732, 104
Trd, 8639230.782, 100
Trd, 8639231.182, 98
Trd, 8639233.632, 96
Trd, 8639234.332, 101
Trd, 8639236.632, 96
Trd, 8639237.582, 97
Trd, 8639240.232, 92
Trd, 8639240.632, 90
Trd, 8639241.132, 94
Trd, 8639243.432, 94
Trd, 8639244.382, 94
Trd, 8639244.832, 93
Trd, 8639246.282, 89
Trd, 8639247.632, 88
Trd, 8639248.482, 98
Trd, 8639248.532, 104
Trd, 8639250.432, 99
Trd, 8639252.182, 87
Trd, 8639253.032, 106
Trd, 8639253.232, 107
Trd, 8639253.482, 87
Trd, 8639255.332, 87
Trd, 8639256.282, 87
Trd, 8639257.682, 96
Trd, 8639258.432, 95
Trd, 8639260.132, 103
Trd, 8639260.582, 95
Trd, 8639261.432, 112
Trd, 8639261.882, 113
Trd, 8639263.082, 112
Trd, 8639263.132, 111
Trd, 8639264.682, 113
Trd, 8639265.032, 95
Trd, 8639265.632, 96
Trd, 8639266.782, 78
Trd, 8639267.882, 101
Trd, 8639268.182, 127
Trd, 8639268.582, 78
Trd, 8639269.482, 88
Trd, 8639271.582, 94
Trd, 8639273.332, 97
Trd, 8639274.382, 99
Trd, 8639274.682, 91
Trd, 8639274.732, 104
Trd, 8639276.932, 96
Trd, 8639277.232, 94
Trd, 8639277.582, 94
Trd, 8639277.932, 95
Trd, 8639278.432, 86
Trd, 8639279.332, 104
Trd, 8639280.432, 112
Trd, 8639283.532, 77
Trd, 8639284.082, 80
Trd, 8639284.682, 91
Trd, 8639285.332, 95
Trd, 8639286.332, 86
Trd, 8639287.382, 84
Trd, 8639288.732, 101
Trd, 8639291.132, 90
Trd, 8639292.982, 106
Trd, 8639293.232, 93
Trd, 8639293.282, 113
Trd, 8639293.932, 86
Trd, 8639295.882, 126
Trd, 8639296.782, 96
Trd, 8639297.882, 94
Trd, 8639298.282, 90
Trd, 8639299.982, 94
Trd, 8639300.482, 94
Trd, 8639302.132, 115
Trd, 8639302.282, 114
Trd, 8639302.382, 113
Trd, 8639304.832, 98
Trd, 8639305.032, 87
Trd, 8639305.282, 111
Trd, 8639306.582, 113
Trd, 8639308.182, 90
Trd, 8639308.782, 89
Trd, 8639309.532, 104
Trd, 8639312.732, 96
Trd, 8639313.032, 95
Trd, 8639313.532, 103
Trd, 8639313.932, 92
Trd, 8639317.382, 95
Trd, 8639317.482, 113
Trd, 8639318.532, 92
Trd, 8639319.682, 113
Trd, 8639323.232, 92
Trd, 8639323.382, 100
Trd, 8639324.282, 95
Trd, 8639324.632, 94
Trd, 8639324.782, 104
Trd, 8639325.182, 81
Trd, 8639326.082, 78
Trd, 8639328.582, 85
Trd, 8639329.632, 89
Trd, 8639330.182, 104
Trd, 8639332.032, 101
Trd, 8639333.432, 96
Trd, 8639333.482, 81
Trd, 8639333.732, 89
Trd, 8639337.132, 89
Trd, 8639338.482, 88
Trd, 8639338.532, 98
Trd, 8639341.082, 108
Trd, 8639341.782, 96
Trd, 8639342.182, 97
Trd, 8639342.482, 109
Trd, 8639343.482, 110
Trd, 8639344.432, 97
Trd, 8639345.382, 112
Trd, 8639345.932, 96
Trd, 8639347.582, 117
Trd, 8639349.532, 101
Trd, 8639351.232, 101
Trd, 8639352.782, 94
Trd, 8639353.432, 98
Trd, 8639354.132, 93
Trd, 8639354.832, 91
Trd, 8639355.132, 103
Trd, 8639356.682, 104
Trd, 8639357.282, 96
Trd, 8639358.382, 96
Trd, 8639359.282, 115
Trd, 8639359.432, 95
Trd, 8639360.182, 95
Trd, 8639360.332, 86
Trd, 8639362.432, 93
Trd, 8639364.082, 130
Trd, 8639365.382, 97
Trd, 8639365.482, 95
Trd, 8639367.232, 100
Trd, 8639367.332, 122
Trd, 8639368.782, 94
Trd, 8639370.282, 95
Trd, 8639372.032, 93
Trd, 8639372.132, 125
Trd, 8639373.082, 88
Trd, 8639374.732, 116
Trd, 8639375.632, 110
Trd, 8639375.932, 119
Trd, 8639377.732, 100
Trd, 8639378.482, 98
Trd, 8639380.282, 107
Trd, 8639380.332, 95
Trd, 8639383.682, 94
Trd, 8639383.882, 91
Trd, 8639384.082, 96
Trd, 8639384.282, 90
Trd, 8639384.732, 99
Trd, 8639384.982, 86
Trd, 8639386.332, 79
Trd, 8639387.182, 104
Trd, 8639390.282, 87
Trd, 8639390.682, 91
Trd, 8639390.832, 101
Trd, 8639392.232, 124
Trd, 8639393.282, 97
Trd, 8639394.882, 97
Trd, 8639396.482, 96
Trd, 8639396.782, 104
Trd, 8639398.532, 92
Trd, 8639398.782, 89
Trd, 8639400.032, 95
Trd, 8639401.182, 88
Trd, 8639402.782, 88
Trd, 8639403.182, 87
Trd, 8639403.882, 87
Trd, 8639406.882, 113
Trd, 8639407.632, 131
Trd, 8639408.632, 96
Trd, 8639410.732, 102
Trd, 8639411.682, 103
Trd, 8639411.782, 92
Trd, 8639411.982, 103
Trd, 8639412.382, 104
Trd, 8639413.382, 87
Trd, 8639415.882, 92
Trd, 8639417.532, 98
Trd, 8639418.382, 91
Trd, 8639418.432, 103
Trd, 8639421.782, 96
Trd, 8639422.632, 101
Trd, 8639422.882, 99
Trd, 8639423.282, 104
Trd, 8639426.482, 104
Trd, 8639426.632, 93
Trd, 8639428.832, 97
Trd, 8639430.382, 95
Trd, 8639430.732, 95
Trd, 8639430.932, 88
Trd, 8639432.432, 87
Trd, 8639432.932, 99
Trd, 8639433.732, 86
Trd, 8639434.982, 90
Trd, 8639435.432, 81
Trd, 8639436.432, 84
Trd, 8639437.932, 87
Trd, 8639438.882, 82
Trd, 8639440.932, 88
Trd, 8639442.032, 91
Trd, 8639442.332, 95
Trd, 8639442.882, 104
Trd, 8639444.382, 101
Trd, 8639445.232, 96
Trd, 8639448.382, 104
Trd, 8639448.532, 101
Trd, 8639450.732, 88
Trd, 8639451.682, 94
Trd, 8639452.782, 93
Trd, 8639453.632, 92
Trd, 8639455.482, 91
Trd, 8639455.532, 90
Trd, 8639455.682, 102
Trd, 8639459.632, 92
Trd, 8639459.682, 101
Trd, 8639460.032, 85
Trd, 8639462.082, 90
Trd, 8639464.182, 100
Trd, 8639464.232, 112
Trd, 8639465.032, 96
Trd, 8639467.832, 96
Trd, 8639468.882, 97
Trd, 8639469.182, 96
Trd, 8639470.382, 97
Trd, 8639470.832, 94
Trd, 8639471.082, 103
Trd, 8639472.332, 102
Trd, 8639474.582, 102
Trd, 8639478.532, 89
Trd, 8639479.082, 95
Trd, 8639479.682, 97
Trd, 8639480.082, 88
Trd, 8639482.332, 98
Trd, 8639482.682, 121
Trd, 8639483.382, 87
Trd, 8639484.582, 80
Trd, 8639485.932, 113
Trd, 8639488.032, 81
Trd, 8639488.632, 92
Trd, 8639489.382, 87
Trd, 8639490.882, 88
Trd, 8639491.382, 96
Trd, 8639491.832, 104
Trd, 8639494.082, 96
Trd, 8639494.532, 113
Trd, 8639494.982, 87
Trd, 8639497.332, 111
Trd, 8639499.532, 104
Trd, 8639499.582, 94
Trd, 8639499.832, 113
Trd, 8639499.882, 89
Trd, 8639501.282, 88
Trd, 8639504.182, 80
Trd, 8639504.882, 81
Trd, 8639505.132, 95
Trd, 8639505.232, 96
Trd, 8639505.682, 104
Trd, 8639507.532, 85
Trd, 8639508.782, 87
Trd, 8639509.632, 104
Trd, 8639509.882, 85
Trd, 8639512.632, 95
Trd, 8639513.132, 83
Trd, 8639514.732, 87
Trd, 8639514.882, 85
Trd, 8639514.982, 88
Trd, 8639516.382, 88
Trd, 8639518.332, 88
Trd, 8639518.832, 97
Trd, 8639519.832, 111
Trd, 8639520.532, 89
Trd, 8639521.232, 86
Trd, 8639524.032, 89
Trd, 8639526.082, 93
Trd, 8639526.332, 92
Trd, 8639526.982, 86
Trd, 8639527.132, 103
Trd, 8639528.582, 80
Trd, 8639529.582, 85
Trd, 8639530.382, 86
Trd, 8639530.932, 100
Trd, 8639534.082, 91
Trd, 8639535.382, 98
Trd, 8639536.132, 93
Trd, 8639536.382, 103
Trd, 8639537.382, 95
Trd, 8639538.232, 113
Trd, 8639538.932, 95
Trd, 8639539.382, 88
Trd, 8639540.832, 131
Trd, 8639543.582, 131
Trd, 8639544.032, 130
Trd, 8639545.482, 116
Trd, 8639545.632, 113
Trd, 8639546.632, 88
Trd, 8639547.682, 95
Trd, 8639549.282, 114
Trd, 8639550.932, 113
Trd, 8639551.532, 90
Trd, 8639551.632, 86
Trd, 8639552.682, 104
Trd, 8639552.732, 95
Trd, 8639555.732, 93
Trd, 8639556.132, 92
Trd, 8639556.732, 96
Trd, 8639557.082, 104
Trd, 8639558.332, 102
Trd, 8639559.732, 107
Trd, 8639560.182, 93
Trd, 8639561.282, 105
Trd, 8639561.432, 87
Trd, 8639564.082, 104
Trd, 8639564.332, 105
Trd, 8639564.882, 113
Trd, 8639567.282, 102
Trd, 8639568.682, 113
Trd, 8639568.832, 95
Trd, 8639569.032, 129
Trd, 8639570.432, 87
Trd, 8639571.482, 89
Trd, 8639573.182, 94
Trd, 8639573.482, 93
Trd, 8639575.532, 92
Trd, 8639576.982, 104
Trd, 8639577.532, 90
Trd, 8639577.682, 113
Trd, 8639578.382, 93
Trd, 8639578.782, 102
Trd, 8639579.882, 91
Trd, 8639580.632, 91
Trd, 8639583.082, 111
Trd, 8639584.682, 97
Trd, 8639586.982, 96
Trd, 8639587.782, 95
Trd, 8639587.832, 94
Trd, 8639590.082, 99
Trd, 8639591.582, 95
Trd, 8639591.732, 102
Trd, 8639592.132, 96
Trd, 8639593.432, 104
Trd, 8639593.532, 95
Trd, 8639594.832, 87
Trd, 8639595.582, 97
Trd, 8639598.582, 94
Trd, 8639599.482, 92
Trd, 8639599.932, 86
Trd, 8639601.132, 99
Trd, 8639601.632, 102
Trd, 8639604.232, 96
Trd, 8639606.932, 96
Trd, 8639608.082, 111
Trd, 8639608.482, 118
Trd, 8639608.932, 95
Trd, 8639610.432, 111
Trd, 8639611.732, 88
Trd, 8639612.832, 87
Trd, 8639614.382, 94
Trd, 8639614.732, 95
Trd, 8639616.932, 104
Trd, 8639617.232, 93
Trd, 8639617.882, 86
Trd, 8639620.932, 86
Trd, 8639621.332, 98
Trd, 8639621.532, 104
Trd, 8639623.532, 89
Trd, 8639626.082, 114
Trd, 8639626.682, 113
Trd, 8639627.182, 131
Trd, 8639627.432, 95
Trd, 8639628.782, 86
Trd, 8639631.032, 112
Trd, 8639632.982, 111
Trd, 8639633.232, 101
Trd, 8639634.382, 110
Trd, 8639636.382, 113
Trd, 8639638.682, 106
Trd, 8639639.232, 106
Trd, 8639639.432, 95
Trd, 8639639.482, 116
Trd, 8639642.632, 80
Trd, 8639643.232, 87
Trd, 8639645.132, 74
Trd, 8639645.982, 75
Trd, 8639646.632, 89
Trd, 8639647.632, 92
Trd, 8639647.932, 91
Trd, 8639649.932, 94
Trd, 8639651.682, 92
Trd, 8639652.132, 104
Trd, 8639652.382, 93
Trd, 8639652.782, 84
Trd, 8639654.032, 103
Trd, 8639654.532, 131
Trd, 8639654.632, 87
Trd, 8639655.082, 86
Trd, 8639660.232, 92
Trd, 8639660.932, 99
Trd, 8639661.632, 93
Trd, 8639661.782, 93
Trd, 8639662.432, 93
Trd, 8639662.732, 103
Trd, 8639664.132, 104
Trd, 8639665.982, 112
Trd, 8639666.582, 91
Trd, 8639668.532, 93
Trd, 8639668.782, 100
Trd, 8639670.082, 96
Trd, 8639670.132, 94
Trd, 8639671.282, 106
Trd, 8639672.032, 89
Trd, 8639673.182, 113
Trd, 8639674.782, 80
Trd, 8639675.282, 97
Trd, 8639676.682, 86
Trd, 8639677.832, 88
Trd, 8639679.782, 99
Trd, 8639680.132, 93
Trd, 8639680.732, 101
Trd, 8639681.582, 89
Trd, 8639683.132, 96
Trd, 8639683.532, 89
Trd, 8639684.032, 103
Trd, 8639684.682, 89
Trd, 8639688.032, 103
Trd, 8639688.682, 110
Trd, 8639689.782, 111
Trd, 8639691.732, 87
Trd, 8639692.032, 131
Trd, 8639693.482, 97
Trd, 8639694.482, 88
Trd, 8639696.082, 94
Trd, 8639696.482, 88
Trd, 8639699.332, 94
Trd, 8639699.932, 97
Trd, 8639700.282, 104
Trd, 8639700.882, 96
Trd, 8639703.682, 114
Trd, 8639704.082, 114
Trd, 8639705.382, 113
Trd, 8639705.982, 95
Trd, 8639707.332, 120
Trd, 8639708.432, 95
Trd, 8639711.232, 112
Trd, 8639712.032, 126
Trd, 8639712.082, 103
Trd, 8639712.732, 102
Trd, 8639715.382, 94
Trd, 8639718.732, 94
Trd, 8639718.882, 93
Trd, 8639719.282, 96
Trd, 8639720.132, 91
Trd, 8639720.982, 91
Trd, 8639722.132, 95
Trd, 8639722.632, 94
Trd, 8639725.782, 91
Trd, 8639726.532, 106
Trd, 8639726.982, 107
Trd, 8639728.632, 89
Trd, 8639731.032, 95
Trd, 8639731.382, 103
Trd, 8639731.682, 112
Trd, 8639732.882, 92
Trd, 8639733.782, 115
Trd, 8639734.632, 90
Trd, 8639735.032, 90
Trd, 8639735.432, 89
Trd, 8639737.782, 99
Trd, 8639738.332, 100
Trd, 8639738.932, 110
Trd, 8639741.382, 110
Trd, 8639742.482, 87
Trd, 8639743.732, 90
Trd, 8639743.882, 96
Trd, 8639744.582, 113
Trd, 8639745.482, 86
Trd, 8639745.582, 88
Trd, 8639747.732, 83
Trd, 8639749.082, 97
Trd, 8639749.482, 89
Trd, 8639750.832, 87
Trd, 8639752.132, 99
Trd, 8639752.182, 104
Trd, 8639754.082, 95
Trd, 8639755.832, 83
Trd, 8639757.182, 85
Trd, 8639757.632, 86
Trd, 8639757.932, 104
Trd, 8639758.432, 86
Trd, 8639759.782, 82
Trd, 8639759.882, 95
Trd, 8639761.632, 92
Trd, 8639763.282, 89
Trd, 8639764.232, 97
Trd, 8639764.382, 104
Trd, 8639764.882, 95
Trd, 8639765.332, 92
Trd, 8639765.932, 89
Trd, 8639768.782, 105
Trd, 8639769.682, 94
Trd, 8639770.632, 79
Trd, 8639771.632, 86
Trd, 8639773.282, 93
Trd, 8639774.482, 93
Trd, 8639775.232, 87
Trd, 8639776.032, 87
Trd, 8639776.532, 102
Trd, 8639776.882, 88
Trd, 8639779.282, 96
Trd, 8639780.032, 89
Trd, 8639781.332, 130
Trd, 8639783.682, 100
Trd, 8639784.432, 97
Trd, 8639785.032, 119
Trd, 8639785.282, 113
Trd, 8639786.082, 104
Trd, 8639787.382, 96
Trd, 8639788.632, 113
Trd, 8639792.582, 95
Trd, 8639792.932, 98
Trd, 8639794.282, 110
Trd, 8639794.532, 96
Trd, 8639795.382, 96
Trd, 8639796.182, 112
Trd, 8639797.232, 98
Trd, 8639797.682, 95
Trd, 8639798.932, 113
Trd, 8639799.532, 80
Trd, 8639802.382, 120
Trd, 8639803.532, 112
Trd, 8639804.532, 114
Trd, 8639804.582, 113
Trd, 8639805.582, 95
Trd, 8639806.482, 110
Trd, 8639806.882, 101
Trd, 8639807.432, 113
Trd, 8639807.582, 88
Trd, 8639809.882, 88
Trd, 8639814.582, 105
Trd, 8639814.632, 108
Trd, 8639815.482, 109
Trd, 8639815.532, 107
Trd, 8639815.682, 106
Trd, 8639815.832, 86
Trd, 8639818.332, 81
Trd, 8639818.682, 110
Trd, 8639819.382, 105
Trd, 8639821.532, 81
Trd, 8639821.582, 77
Trd, 8639821.832, 82
Trd, 8639823.182, 95
Trd, 8639824.532, 90
Trd, 8639827.582, 110
Trd, 8639827.982, 92
Trd, 8639828.032, 112
Trd, 8639828.732, 90
Trd, 8639831.382, 91
Trd, 8639831.932, 78
Trd, 8639832.482, 97
Trd, 8639834.032, 86
Trd, 8639834.882, 129
Trd, 8639836.332, 114
Trd, 8639836.482, 113
Trd, 8639837.432, 122
Trd, 8639838.932, 113
Trd, 8639840.732, 94
Trd, 8639841.232, 106
Trd, 8639842.482, 95
Trd, 8639843.782, 97
Trd, 8639845.382, 96
Trd, 8639846.132, 95
Trd, 8639846.232, 86
Trd, 8639847.932, 89
Trd, 8639848.132, 101
Trd, 8639851.032, 86
Trd, 8639851.682, 85
Trd, 8639852.532, 87
Trd, 8639853.282, 93
Trd, 8639853.532, 95
Trd, 8639854.682, 90
Trd, 8639856.032, 91
Trd, 8639857.582, 91
Trd, 8639858.832, 92
Trd, 8639860.032, 98
Trd, 8639861.582, 97
Trd, 8639861.782, 86
Trd, 8639863.082, 87
Trd, 8639864.282, 92
Trd, 8639865.382, 112
Trd, 8639867.782, 98
Trd, 8639868.882, 94
Trd, 8639870.782, 102
Trd, 8639870.832, 110
Trd, 8639871.932, 89
Trd, 8639873.282, 96
Trd, 8639873.582, 106
Trd, 8639875.632, 94
Trd, 8639875.782, 99
Trd, 8639875.932, 92
Trd, 8639876.832, 88
Trd, 8639876.982, 78
Trd, 8639878.232, 110
Trd, 8639879.332, 95
Trd, 8639880.332, 95
Trd, 8639883.232, 82
Trd, 8639884.582, 84
Trd, 8639884.932, 87
Trd, 8639885.832, 92
Trd, 8639887.282, 80
Trd, 8639887.832, 78
Trd, 8639888.282, 99
Trd, 8639889.382, 112
Trd, 8639890.182, 95
Trd, 8639891.732, 104
Trd, 8639891.782, 103
Trd, 8639893.232, 130
Trd, 8639895.182, 93
Trd, 8639895.482, 96
Trd, 8639896.182, 91
Trd, 8639898.632, 89
Trd, 8639899.482, 91
Trd, 8639899.782, 102
Trd, 8639900.232, 104
Trd, 8639900.582, 95
Trd, 8639902.782, 82
Trd, 8639903.532, 82
Trd, 8639903.732, 108
Trd, 8639904.432, 96
Trd, 8639904.632, 109
Trd, 8639906.382, 82
Trd, 8639907.182, 96
Trd, 8639910.032, 86
Trd, 8639910.932, 87
Trd, 8639912.532, 96
Trd, 8639914.032, 96
Trd, 8639914.282, 95
Trd, 8639914.582, 104
Trd, 8639915.082, 78
Trd, 8639916.032, 85
Trd, 8639916.482, 108
Trd, 8639917.482, 91
Trd, 8639919.232, 87
Trd, 8639919.932, 88
Trd, 8639920.582, 104
Trd, 8639921.382, 95
Trd, 8639922.732, 89
Trd, 8639924.232, 86
Trd, 8639924.782, 104
Trd, 8639924.882, 113
Trd, 8639927.032, 84
Trd, 8639928.782, 87
Trd, 8639930.232, 86
Trd, 8639930.382, 94
Trd, 8639930.432, 95
Trd, 8639933.132, 112
Trd, 8639934.332, 95
Trd, 8639934.882, 97
Trd, 8639937.182, 98
Trd, 8639937.332, 101
Trd, 8639938.182, 98
Trd, 8639941.632, 93
Trd, 8639942.782, 90
Trd, 8639943.582, 87
Trd, 8639945.032, 89
Trd, 8639945.732, 101
Trd, 8639947.132, 101
Trd, 8639948.482, 110
Trd, 8639948.932, 85
Trd, 8639949.682, 86
Trd, 8639950.182, 109
Trd, 8639952.282, 89
Trd, 8639953.582, 96
Trd, 8639953.782, 88
Trd, 8639955.432, 96
Trd, 8639955.882, 95
Trd, 8639958.082, 86
Trd, 8639958.532, 100
Trd, 8639958.832, 90
Trd, 8639959.032, 113
Trd, 8639961.482, 93
Trd, 8639962.232, 96
Trd, 8639963.032, 100
Trd, 8639963.382, 92
Trd, 8639963.582, 104
Trd, 8639967.332, 87
Trd, 8639967.432, 85
Trd, 8639967.782, 91
Trd, 8639970.382, 93
Trd, 8639970.982, 96
Trd, 8639971.232, 90
Trd, 8639971.532, 96
Trd, 8639973.282, 99
Trd, 8639973.882, 97
Trd, 8639976.282, 96
Trd, 8639976.482, 102
Trd, 8639976.982, 97
Trd, 8639978.032, 88
Trd, 8639978.282, 88
Trd, 8639979.032, 104
Trd, 8639983.382, 98
Trd, 8639983.432, 97
Trd, 8639983.682, 104
Trd, 8639983.832, 86
Trd, 8639987.032, 87
Trd, 8639989.282, 86
Trd, 8639990.182, 89
Trd, 8639990.982, 99
Trd, 8639992.332, 91
Trd, 8639993.532, 92
Trd, 8639994.732, 93
Trd, 8639995.632, 96
Trd, 8639996.032, 95
Trd, 8639996.382, 104
Trd, 8639997.082, 106
Trd, 8639997.182, 96
Trd, 8639999.682, 93
Trd, 8639999.932, 88
