Trd, 8637889.582, 101
Trd, 8637891.082, 114
Trd, 8637892.532, 89
Trd, 8637892.632, 90
Trd, 8637894.782, 104
Trd, 8637895.532, 97
Trd, 8637896.432, 97
Trd, 8637898.782, 92
Trd, 8637899.182, 91
Trd, 8637900.232, 103
Trd, 8637900.282, 99
Trd, 8637903.032, 104
Trd, 8637904.232, 116
Trd, 8637906.132, 112
Trd, 8637907.082, 105
Trd, 8637909.332, 82
Trd, 8637910.082, 81
Trd, 8637910.232, 82
Trd, 8637913.432, 112
Trd, 8637913.482, 111
Trd, 8637914.532, 87
Trd, 8637915.132, 104
Trd, 8637915.532, 113
Trd, 8637917.732, 104
Trd, 8637918.532, 108
Trd, 8637919.082, 116
Trd, 8637919.432, 122
Trd, 8637920.532, 82
Trd, 8637921.882, 121
Trd, 8637924.832, 104
Trd, 8637925.032, 95
Trd, 8637926.182, 108
Trd, 8637926.982, 111
Trd, 8637927.982, 89
Trd, 8637931.232, 99
Trd, 8637931.882, 91
Trd, 8637935.182, 102
Trd, 8637936.282, 104
Trd, 8637936.732, 113
Trd, 8637936.832, 96
Trd, 8637939.982, 102
Trd, 8637940.832, 102
Trd, 8637940.882, 101
Trd, 8637943.382, 105
Trd, 8637945.032, 104
Trd, 8637945.882, 92
Trd, 8637947.532, 111
Trd, 8637949.232, 107
Trd, 8637949.682, 107
Trd, 8637951.182, 104
Trd, 8637951.432, 98
Trd, 8637951.482, 97
Trd, 8637953.132, 95
Trd, 8637954.382, 103
Trd, 8637955.032, 104
Trd, 8637956.282, 113
Trd, 8637957.032, 77
Trd, 8637958.432, 77
Trd, 8637959.032, 113
Trd, 8637959.832, 90
Trd, 8637962.332, 121
Trd, 8637963.882, 115
Trd, 8637965.882, 91
Trd, 8637966.482, 89
Trd, 8637967.282, 97
Trd, 8637967.782, 88
Trd, 8637969.382, 95
Trd, 8637969.882, 102
Trd, 8637971.482, 104
Trd, 8637972.032, 85
Trd, 8637972.732, 114
Trd, 8637974.632, 111
Trd, 8637975.832, 98
Trd, 8637976.282, 111
Trd, 8637978.382, 104
Trd, 8637978.982, 96
Trd, 8637979.282, 100
Trd, 8637982.932, 90
Trd, 8637983.932, 87
Trd, 8637985.682, 104
Trd, 8637986.532, 94
Trd, 8637988.232, 96
Trd, 8637990.582, 91
Trd, 8637991.032, 90
Trd, 8637992.582, 95
Trd, 8637996.232, 93
Trd, 8637997.332, 95
Trd, 8637997.632, 94
Trd, 8637999.132, 102
Trd, 8638000.132, 104
Trd, 8638001.532, 111
Trd, 8638002.382, 94
Trd, 8638003.732, 83
Trd, 8638004.682, 98
Trd, 8638005.982, 104
Trd, 8638007.632, 79
Trd, 8638009.732, 84
Trd, 8638010.532, 98
Trd, 8638011.482, 104
Trd, 8638013.332, 110
Trd, 8638015.832, 109
Trd, 8638018.782, 100
Trd, 8638019.182, 91
Trd, 8638020.032, 107
Trd, 8638021.882, 88
Trd, 8638021.982, 92
Trd, 8638023.032, 91
Trd, 8638023.532, 102
Trd, 8638025.432, 96
Trd, 8638027.482, 95
Trd, 8638028.982, 110
Trd, 8638029.582, 113
Trd, 8638030.982, 105
Trd, 8638031.582, 123
Trd, 8638032.132, 104
Trd, 8638034.682, 117
Trd, 8638036.682, 104
Trd, 8638037.932, 94
Trd, 8638038.882, 95
Trd, 8638039.332, 104
Trd, 8638040.532, 94
Trd, 8638041.632, 77
Trd, 8638042.082, 86
Trd, 8638044.432, 108
Trd, 8638045.882, 116
Trd, 8638045.932, 113
Trd, 8638047.582, 121
Trd, 8638048.482, 120
Trd, 8638049.532, 113
Trd, 8638050.582, 104
Trd, 8638051.482, 109
Trd, 8638051.932, 81
Trd, 8638054.332, 101
Trd, 8638054.582, 76
Trd, 8638056.382, 86
Trd, 8638057.282, 122
Trd, 8638058.032, 122
Trd, 8638058.532, 81
Trd, 8638062.132, 110
Trd, 8638063.032, 104
Trd, 8638064.082, 114
Trd, 8638064.632, 113
Trd, 8638064.782, 106
Trd, 8638065.532, 105
Trd, 8638067.832, 122
Trd, 8638071.582, 112
Trd, 8638072.282, 115
Trd, 8638074.232, 112
Trd, 8638076.082, 109
Trd, 8638076.782, 112
Trd, 8638077.832, 82
Trd, 8638078.682, 80
Trd, 8638079.932, 111
Trd, 8638080.982, 113
Trd, 8638083.382, 104
Trd, 8638085.532, 107
Trd, 8638086.782, 112
Trd, 8638088.182, 104
Trd, 8638088.932, 94
Trd, 8638091.282, 105
Trd, 8638093.332, 104
Trd, 8638095.032, 109
Trd, 8638096.632, 116
Trd, 8638096.732, 104
Trd, 8638097.732, 99
Trd, 8638098.732, 97
Trd, 8638100.032, 106
Trd, 8638102.282, 105
Trd, 8638102.332, 107
Trd, 8638103.882, 104
Trd, 8638105.882, 100
Trd, 8638106.382, 101
Trd, 8638107.682, 97
Trd, 8638109.582, 104
Trd, 8638110.532, 104
Trd, 8638111.082, 115
Trd, 8638113.482, 97
Trd, 8638115.332, 103
Trd, 8638116.332, 103
Trd, 8638116.432, 102
Trd, 8638119.532, 95
Trd, 8638120.532, 86
Trd, 8638121.182, 109
Trd, 8638121.532, 109
Trd, 8638123.832, 112
Trd, 8638125.282, 97
Trd, 8638126.432, 111
Trd, 8638128.482, 87
Trd, 8638129.932, 95
Trd, 8638131.532, 103
Trd, 8638131.982, 104
Trd, 8638133.282, 89
Trd, 8638136.982, 98
Trd, 8638137.032, 113
Trd, 8638137.432, 97
Trd, 8638138.032, 111
Trd, 8638140.682, 105
Trd, 8638141.482, 104
Trd, 8638142.032, 106
Trd, 8638143.482, 91
Trd, 8638145.682, 94
Trd, 8638145.932, 114
Trd, 8638148.382, 92
Trd, 8638149.432, 94
Trd, 8638151.982, 102
Trd, 8638152.832, 104
Trd, 8638153.432, 97
Trd, 8638154.632, 112
Trd, 8638155.332, 104
Trd, 8638155.532, 117
Trd, 8638158.682, 89
Trd, 8638159.182, 80
Trd, 8638161.332, 101
Trd, 8638163.682, 110
Trd, 8638163.832, 104
Trd, 8638164.232, 122
Trd, 8638166.432, 104
Trd, 8638167.182, 103
Trd, 8638168.632, 108
Trd, 8638168.732, 109
Trd, 8638169.382, 96
Trd, 8638171.982, 113
Trd, 8638172.832, 97
Trd, 8638174.582, 95
Trd, 8638176.882, 120
Trd, 8638177.082, 104
Trd, 8638179.382, 115
Trd, 8638181.182, 108
Trd, 8638182.082, 104
Trd, 8638182.382, 112
Trd, 8638184.982, 103
Trd, 8638186.532, 92
Trd, 8638187.832, 92
Trd, 8638187.882, 89
Trd, 8638189.882, 113
Trd, 8638191.432, 114
Trd, 8638192.082, 94
Trd, 8638192.732, 92
Trd, 8638193.732, 102
Trd, 8638195.882, 96
Trd, 8638196.782, 103
Trd, 8638198.282, 114
Trd, 8638198.832, 122
Trd, 8638200.782, 99
Trd, 8638201.282, 90
Trd, 8638202.632, 102
Trd, 8638203.482, 111
Trd, 8638204.732, 94
Trd, 8638205.182, 113
Trd, 8638206.032, 122
Trd, 8638207.832, 94
Trd, 8638208.182, 94
Trd, 8638209.932, 111
Trd, 8638210.032, 105
Trd, 8638211.682, 110
Trd, 8638214.532, 104
Trd, 8638217.232, 108
Trd, 8638217.282, 96
Trd, 8638218.482, 111
Trd, 8638219.132, 89
Trd, 8638221.332, 93
Trd, 8638221.982, 111
Trd, 8638222.132, 93
Trd, 8638222.532, 92
Trd, 8638225.282, 96
Trd, 8638225.382, 97
Trd, 8638226.182, 96
Trd, 8638228.482, 77
Trd, 8638228.782, 113
Trd, 8638229.682, 110
Trd, 8638230.882, 112
Trd, 8638233.632, 110
Trd, 8638234.732, 91
Trd, 8638236.532, 114
Trd, 8638236.682, 104
Trd, 8638238.132, 98
Trd, 8638239.182, 104
Trd, 8638239.732, 106
Trd, 8638241.582, 113
Trd, 8638244.132, 94
Trd, 8638244.432, 93
Trd, 8638245.582, 85
Trd, 8638249.582, 91
Trd, 8638250.232, 98
Trd, 8638250.982, 108
Trd, 8638251.482, 114
Trd, 8638252.782, 94
Trd, 8638256.532, 109
Trd, 8638258.182, 99
Trd, 8638258.932, 98
Trd, 8638259.232, 105
Trd, 8638260.732, 103
Trd, 8638260.782, 86
Trd, 8638262.582, 94
Trd, 8638263.732, 103
Trd, 8638266.832, 111
Trd, 8638267.382, 97
Trd, 8638268.632, 100
Trd, 8638269.532, 105
Trd, 8638269.732, 98
Trd, 8638271.132, 112
Trd, 8638271.332, 111
Trd, 8638271.882, 108
Trd, 8638271.932, 114
Trd, 8638275.282, 97
Trd, 8638277.082, 81
Trd, 8638279.182, 111
Trd, 8638279.882, 110
Trd, 8638280.532, 83
Trd, 8638282.782, 113
Trd, 8638282.832, 111
Trd, 8638284.632, 95
Trd, 8638285.632, 109
Trd, 8638288.032, 104
Trd, 8638288.182, 113
Trd, 8638288.482, 80
Trd, 8638289.982, 79
Trd, 8638291.582, 92
Trd, 8638293.832, 111
Trd, 8638294.882, 113
Trd, 8638295.032, 112
Trd, 8638296.932, 104
Trd, 8638297.432, 104
Trd, 8638300.332, 96
Trd, 8638301.132, 95
Trd, 8638301.432, 104
Trd, 8638302.682, 76
Trd, 8638302.932, 111
Trd, 8638304.682, 104
Trd, 8638306.532, 82
Trd, 8638308.482, 89
Trd, 8638309.082, 81
Trd, 8638309.332, 103
Trd, 8638310.432, 104
Trd, 8638311.832, 116
Trd, 8638312.682, 81
Trd, 8638314.732, 94
Trd, 8638316.332, 88
Trd, 8638317.782, 95
Trd, 8638317.882, 93
Trd, 8638318.782, 83
Trd, 8638319.382, 87
Trd, 8638322.132, 87
Trd, 8638322.232, 113
Trd, 8638323.282, 119
Trd, 8638324.232, 107
Trd, 8638325.932, 101
Trd, 8638327.832, 101
Trd, 8638328.432, 109
Trd, 8638328.682, 101
Trd, 8638330.082, 107
Trd, 8638332.082, 94
Trd, 8638332.582, 104
Trd, 8638332.932, 86
Trd, 8638336.882, 109
Trd, 8638338.932, 98
Trd, 8638338.982, 97
Trd, 8638340.632, 111
Trd, 8638342.132, 108
Trd, 8638343.182, 112
Trd, 8638344.132, 107
Trd, 8638344.782, 112
Trd, 8638345.882, 104
Trd, 8638347.582, 113
Trd, 8638348.432, 113
Trd, 8638350.282, 90
Trd, 8638351.582, 104
Trd, 8638353.282, 80
Trd, 8638353.682, 104
Trd, 8638355.082, 111
Trd, 8638357.832, 104
Trd, 8638358.782, 104
Trd, 8638360.332, 97
Trd, 8638363.032, 94
Trd, 8638363.232, 93
Trd, 8638363.432, 96
Trd, 8638365.882, 114
Trd, 8638368.582, 90
Trd, 8638369.432, 105
Trd, 8638369.782, 110
Trd, 8638371.132, 95
Trd, 8638373.932, 104
Trd, 8638375.482, 98
Trd, 8638375.982, 104
Trd, 8638376.332, 97
Trd, 8638378.682, 99
Trd, 8638379.732, 99
Trd, 8638380.082, 112
Trd, 8638383.332, 97
Trd, 8638384.382, 104
Trd, 8638384.732, 85
Trd, 8638387.282, 86
Trd, 8638387.582, 95
Trd, 8638388.332, 87
Trd, 8638390.982, 104
Trd, 8638391.082, 92
Trd, 8638391.532, 114
Trd, 8638392.032, 86
Trd, 8638396.132, 81
Trd, 8638396.582, 94
Trd, 8638397.532, 104
Trd, 8638401.082, 105
Trd, 8638402.432, 107
Trd, 8638402.682, 104
Trd, 8638405.432, 104
Trd, 8638406.432, 106
Trd, 8638407.132, 104
Trd, 8638407.182, 103
Trd, 8638407.432, 91
Trd, 8638407.582, 114
Trd, 8638407.882, 80
Trd, 8638411.382, 115
Trd, 8638413.032, 111
Trd, 8638414.232, 112
Trd, 8638416.182, 106
Trd, 8638417.882, 112
Trd, 8638418.132, 104
Trd, 8638418.832, 113
Trd, 8638419.782, 92
Trd, 8638422.632, 91
Trd, 8638423.382, 80
Trd, 8638423.632, 114
Trd, 8638426.132, 90
Trd, 8638426.932, 95
Trd, 8638427.482, 87
Trd, 8638430.132, 98
Trd, 8638430.232, 89
Trd, 8638432.432, 120
Trd, 8638433.182, 118
Trd, 8638434.532, 106
Trd, 8638437.282, 111
Trd, 8638437.382, 104
Trd, 8638440.132, 104
Trd, 8638441.532, 113
Trd, 8638442.782, 94
Trd, 8638444.432, 110
Trd, 8638446.282, 104
Trd, 8638446.732, 102
Trd, 8638447.282, 101
Trd, 8638447.532, 113
Trd, 8638447.882, 100
Trd, 8638450.482, 100
Trd, 8638451.932, 99
Trd, 8638452.832, 122
Trd, 8638455.532, 104
Trd, 8638458.032, 102
Trd, 8638459.732, 101
Trd, 8638462.282, 86
Trd, 8638462.782, 84
Trd, 8638464.132, 99
Trd, 8638465.732, 100
Trd, 8638466.432, 97
Trd, 8638466.782, 104
Trd, 8638467.332, 93
Trd, 8638468.632, 114
Trd, 8638469.282, 115
Trd, 8638470.682, 109
Trd, 8638473.732, 113
Trd, 8638473.782, 109
Trd, 8638474.182, 112
Trd, 8638474.932, 106
Trd, 8638475.432, 104
Trd, 8638477.732, 98
Trd, 8638477.782, 121
Trd, 8638480.332, 96
Trd, 8638482.382, 100
Trd, 8638482.532, 98
Trd, 8638483.532, 98
Trd, 8638484.582, 104
Trd, 8638485.282, 94
Trd, 8638486.082, 111
Trd, 8638486.732, 98
Trd, 8638489.532, 92
Trd, 8638489.782, 93
Trd, 8638491.882, 107
Trd, 8638492.382, 105
Trd, 8638492.982, 104
Trd, 8638494.932, 100
Trd, 8638495.332, 115
Trd, 8638497.782, 101
Trd, 8638498.282, 101
Trd, 8638501.032, 103
Trd, 8638502.182, 103
Trd, 8638502.732, 97
Trd, 8638503.882, 98
Trd, 8638504.882, 93
Trd, 8638505.632, 97
Trd, 8638506.332, 104
Trd, 8638506.932, 113
Trd, 8638508.932, 103
Trd, 8638510.332, 95
Trd, 8638512.732, 104
Trd, 8638513.332, 85
Trd, 8638516.732, 98
Trd, 8638516.982, 100
Trd, 8638517.132, 90
Trd, 8638520.282, 96
Trd, 8638520.932, 102
Trd, 8638522.782, 99
Trd, 8638522.882, 97
Trd, 8638523.632, 113
Trd, 8638525.282, 106
Trd, 8638525.832, 104
Trd, 8638526.882, 93
Trd, 8638527.082, 94
Trd, 8638528.082, 104
Trd, 8638530.332, 81
Trd, 8638530.932, 78
Trd, 8638531.232, 104
Trd, 8638534.282, 95
Trd, 8638535.382, 80
Trd, 8638537.582, 82
Trd, 8638538.332, 113
Trd, 8638541.132, 98
Trd, 8638541.332, 99
Trd, 8638542.232, 90
Trd, 8638543.232, 90
Trd, 8638543.332, 104
Trd, 8638544.382, 101
Trd, 8638545.482, 95
Trd, 8638548.382, 86
Trd, 8638551.132, 111
Trd, 8638552.282, 104
Trd, 8638554.082, 104
Trd, 8638554.432, 77
Trd, 8638557.232, 94
Trd, 8638557.282, 93
Trd, 8638557.432, 95
Trd, 8638557.732, 103
Trd, 8638557.982, 118
Trd, 8638561.932, 87
Trd, 8638562.882, 86
Trd, 8638564.332, 98
Trd, 8638565.582, 101
Trd, 8638567.482, 96
Trd, 8638568.232, 97
Trd, 8638569.032, 109
Trd, 8638569.632, 110
Trd, 8638571.332, 118
Trd, 8638572.382, 95
Trd, 8638574.332, 108
Trd, 8638575.632, 98
Trd, 8638576.032, 109
Trd, 8638576.582, 94
Trd, 8638577.932, 92
Trd, 8638579.982, 106
Trd, 8638580.232, 95
Trd, 8638580.532, 112
Trd, 8638580.932, 78
Trd, 8638582.432, 120
Trd, 8638584.682, 97
Trd, 8638584.882, 86
Trd, 8638589.632, 101
Trd, 8638590.032, 100
Trd, 8638590.382, 103
Trd, 8638591.132, 102
Trd, 8638592.382, 102
Trd, 8638592.532, 104
Trd, 8638593.632, 117
Trd, 8638594.832, 125
Trd, 8638595.332, 121
Trd, 8638596.482, 79
Trd, 8638599.582, 99
Trd, 8638600.732, 96
Trd, 8638601.032, 104
Trd, 8638602.632, 104
Trd, 8638603.282, 113
Trd, 8638604.132, 108
Trd, 8638605.182, 120
Trd, 8638605.332, 97
Trd, 8638607.132, 109
Trd, 8638607.682, 121
Trd, 8638612.932, 110
Trd, 8638613.232, 109
Trd, 8638613.732, 104
Trd, 8638614.482, 86
Trd, 8638614.682, 87
Trd, 8638614.782, 111
Trd, 8638618.182, 97
Trd, 8638619.532, 106
Trd, 8638620.182, 102
Trd, 8638622.182, 113
Trd, 8638623.032, 104
Trd, 8638623.432, 116
Trd, 8638624.432, 117
Trd, 8638625.832, 80
Trd, 8638628.632, 91
Trd, 8638629.082, 98
Trd, 8638629.682, 99
Trd, 8638631.882, 107
Trd, 8638633.732, 102
Trd, 8638634.732, 101
Trd, 8638635.682, 96
Trd, 8638638.632, 104
Trd, 8638639.032, 96
Trd, 8638640.632, 109
Trd, 8638641.482, 97
Trd, 8638642.432, 109
Trd, 8638644.282, 111
Trd, 8638645.282, 94
Trd, 8638645.882, 115
Trd, 8638648.032, 101
Trd, 8638649.932, 104
Trd, 8638650.682, 86
Trd, 8638653.532, 91
Trd, 8638654.032, 108
Trd, 8638655.482, 82
Trd, 8638657.432, 96
Trd, 8638658.632, 115
Trd, 8638659.782, 106
Trd, 8638661.332, 100
Trd, 8638664.032, 99
Trd, 8638664.882, 97
Trd, 8638665.532, 92
Trd, 8638666.332, 94
Trd, 8638666.532, 95
Trd, 8638668.832, 104
Trd, 8638671.182, 103
Trd, 8638673.182, 104
Trd, 8638674.182, 82
Trd, 8638674.332, 79
Trd, 8638675.732, 83
Trd, 8638676.132, 113
Trd, 8638677.882, 107
Trd, 8638679.782, 106
Trd, 8638680.132, 111
Trd, 8638682.682, 115
Trd, 8638683.082, 112
Trd, 8638683.582, 104
Trd, 8638683.732, 94
Trd, 8638685.432, 112
Trd, 8638687.732, 108
Trd, 8638688.532, 112
Trd, 8638689.532, 106
Trd, 8638691.182, 106
Trd, 8638693.282, 97
Trd, 8638693.382, 101
Trd, 8638694.482, 104
Trd, 8638695.282, 113
Trd, 8638696.582, 102
Trd, 8638696.732, 99
Trd, 8638698.482, 116
Trd, 8638699.482, 97
Trd, 8638700.082, 121
Trd, 8638702.982, 102
Trd, 8638703.882, 113
Trd, 8638705.582, 101
Trd, 8638705.632, 113
Trd, 8638708.182, 104
Trd, 8638708.832, 112
Trd, 8638711.932, 89
Trd, 8638712.782, 109
Trd, 8638713.082, 85
Trd, 8638714.932, 106
Trd, 8638717.882, 93
Trd, 8638718.082, 104
Trd, 8638719.382, 87
Trd, 8638719.532, 85
Trd, 8638720.482, 98
Trd, 8638721.232, 97
Trd, 8638722.282, 105
Trd, 8638722.982, 113
Trd, 8638724.232, 96
Trd, 8638725.732, 96
Trd, 8638726.332, 114
Trd, 8638728.082, 100
Trd, 8638729.482, 97
Trd, 8638729.732, 119
Trd, 8638730.082, 113
Trd, 8638731.832, 98
Trd, 8638732.032, 122
Trd, 8638736.632, 104
Trd, 8638737.932, 92
Trd, 8638738.282, 104
Trd, 8638738.482, 90
Trd, 8638739.532, 93
Trd, 8638740.732, 102
Trd, 8638740.932, 114
Trd, 8638743.332, 111
Trd, 8638744.432, 87
Trd, 8638745.482, 104
Trd, 8638745.932, 93
Trd, 8638748.132, 99
Trd, 8638749.532, 105
Trd, 8638750.232, 106
Trd, 8638751.632, 104
Trd, 8638753.382, 90
Trd, 8638754.282, 100
Trd, 8638754.582, 104
Trd, 8638755.332, 102
Trd, 8638755.582, 105
Trd, 8638756.182, 102
Trd, 8638757.032, 80
Trd, 8638757.532, 115
Trd, 8638760.532, 102
Trd, 8638761.482, 95
Trd, 8638762.582, 88
Trd, 8638762.782, 105
Trd, 8638763.732, 112
Trd, 8638766.232, 89
Trd, 8638766.582, 113
Trd, 8638768.682, 102
Trd, 8638769.832, 97
Trd, 8638770.582, 99
Trd, 8638773.282, 83
Trd, 8638773.632, 103
Trd, 8638777.982, 103
Trd, 8638778.032, 104
Trd, 8638778.882, 91
Trd, 8638781.882, 83
Trd, 8638782.932, 88
Trd, 8638783.432, 89
Trd, 8638783.832, 102
Trd, 8638784.582, 87
Trd, 8638784.932, 99
Trd, 8638786.082, 90
Trd, 8638786.932, 84
Trd, 8638790.682, 109
Trd, 8638791.532, 113
Trd, 8638792.232, 86
Trd, 8638796.232, 95
Trd, 8638798.882, 100
Trd, 8638800.282, 107
Trd, 8638801.632, 98
Trd, 8638801.932, 108
Trd, 8638803.682, 100
Trd, 8638803.932, 92
Trd, 8638804.532, 89
Trd, 8638807.082, 98
Trd, 8638808.882, 104
Trd, 8638810.182, 103
Trd, 8638812.382, 91
Trd, 8638813.032, 99
Trd, 8638815.782, 93
Trd, 8638816.782, 97
Trd, 8638819.432, 98
Trd, 8638820.132, 113
Trd, 8638822.432, 80
Trd, 8638823.282, 100
Trd, 8638824.332, 87
Trd, 8638824.782, 86
Trd, 8638824.932, 87
Trd, 8638825.832, 86
Trd, 8638829.282, 104
Trd, 8638829.482, 113
Trd, 8638833.132, 102
Trd, 8638834.032, 99
Trd, 8638835.782, 112
Trd, 8638835.932, 98
Trd, 8638839.582, 113
Trd, 8638840.182, 99
Trd, 8638843.382, 106
Trd, 8638844.182, 110
Trd, 8638846.482, 90
Trd, 8638847.082, 104
Trd, 8638849.282, 110
Trd, 8638850.082, 103
Trd, 8638850.782, 109
Trd, 8638853.382, 97
Trd, 8638853.482, 84
Trd, 8638858.482, 102
Trd, 8638858.682, 101
Trd, 8638859.632, 105
Trd, 8638860.332, 105
Trd, 8638861.732, 112
Trd, 8638864.282, 105
Trd, 8638865.032, 104
Trd, 8638865.882, 112
Trd, 8638867.632, 110
Trd, 8638870.632, 101
Trd, 8638871.482, 102
Trd, 8638873.132, 109
Trd, 8638874.082, 91
Trd, 8638875.182, 95
Trd, 8638878.582, 89
Trd, 8638878.832, 87
Trd, 8638880.782, 109
Trd, 8638880.832, 111
Trd, 8638882.232, 91
Trd, 8638883.782, 114
Trd, 8638886.182, 85
Trd, 8638888.832, 104
Trd, 8638889.932, 79
Trd, 8638890.382, 103
Trd, 8638892.832, 82
Trd, 8638892.982, 81
Trd, 8638894.382, 100
Trd, 8638895.082, 96
Trd, 8638896.432, 92
Trd, 8638898.232, 112
Trd, 8638898.932, 113
Trd, 8638899.932, 115
Trd, 8638901.632, 106
Trd, 8638903.182, 106
Trd, 8638903.932, 86
Trd, 8638906.532, 100
Trd, 8638908.532, 111
Trd, 8638909.082, 112
Trd, 8638910.082, 104
Trd, 8638910.882, 112
Trd, 8638911.982, 95
Trd, 8638913.882, 107
Trd, 8638913.932, 108
Trd, 8638914.182, 93
Trd, 8638917.432, 113
Trd, 8638919.282, 114
Trd, 8638922.332, 94
Trd, 8638922.482, 96
Trd, 8638928.132, 103
Trd, 8638929.132, 100
Trd, 8638931.432, 112
Trd, 8638931.782, 115
Trd, 8638933.132, 96
Trd, 8638935.632, 98
Trd, 8638936.132, 99
Trd, 8638938.932, 78
Trd, 8638940.432, 104
Trd, 8638942.732, 122
Trd, 8638942.832, 94
Trd, 8638944.782, 104
Trd, 8638946.082, 95
Trd, 8638946.432, 96
Trd, 8638947.582, 81
Trd, 8638949.632, 85
Trd, 8638951.782, 98
Trd, 8638952.632, 88
Trd, 8638953.332, 104
Trd, 8638954.282, 107
Trd, 8638955.432, 115
Trd, 8638956.832, 106
Trd, 8638957.132, 104
Trd, 8638958.732, 106
Trd, 8638959.182, 107
Trd, 8638960.382, 104
Trd, 8638960.482, 80
Trd, 8638961.732, 110
Trd, 8638962.682, 117
Trd, 8638964.132, 92
Trd, 8638964.732, 86
Trd, 8638967.982, 80
Trd, 8638969.532, 79
Trd, 8638971.232, 104
Trd, 8638971.582, 112
Trd, 8638974.182, 117
Trd, 8638974.982, 97
Trd, 8638975.432, 111
Trd, 8638976.782, 92
Trd, 8638976.832, 79
Trd, 8638981.332, 101
Trd, 8638982.082, 100
Trd, 8638982.582, 100
Trd, 8638983.532, 109
Trd, 8638983.932, 109
Trd, 8638984.782, 89
Trd, 8638986.982, 113
Trd, 8638987.482, 100
Trd, 8638987.932, 97
Trd, 8638988.232, 95
Trd, 8638989.182, 113
Trd, 8638991.032, 83
Trd, 8638992.132, 96
Trd, 8638993.932, 98
Trd, 8638995.982, 97
Trd, 8638996.332, 101
Trd, 8638998.232, 99
Trd, 8639000.382, 95
Trd, 8639001.532, 91
Trd, 8639005.732, 108
Trd, 8639005.782, 78
Trd, 8639005.932, 113
Trd, 8639008.682, 100
Trd, 8639009.032, 103
Trd, 8639010.382, 102
Trd, 8639011.232, 104
Trd, 8639011.632, 101
Trd, 8639012.882, 96
Trd, 8639013.832, 93
Trd, 8639015.532, 104
Trd, 8639016.132, 101
Trd, 8639017.282, 109
Trd, 8639017.332, 111
Trd, 8639020.982, 97
Trd, 8639021.682, 93
Trd, 8639021.882, 97
Trd, 8639023.782, 102
Trd, 8639024.032, 104
Trd, 8639025.132, 95
Trd, 8639025.832, 113
Trd, 8639027.382, 84
Trd, 8639027.432, 99
Trd, 8639027.832, 84
Trd, 8639029.932, 122
Trd, 8639029.982, 121
Trd, 8639032.982, 113
Trd, 8639033.582, 95
Trd, 8639035.932, 112
Trd, 8639036.982, 99
Trd, 8639038.482, 104
Trd, 8639041.082, 107
Trd, 8639041.832, 97
Trd, 8639042.232, 106
Trd, 8639043.982, 104
Trd, 8639044.432, 103
Trd, 8639044.482, 107
Trd, 8639045.132, 107
Trd, 8639047.032, 113
Trd, 8639047.232, 112
Trd, 8639047.832, 111
Trd, 8639048.482, 117
Trd, 8639051.432, 96
Trd, 8639052.032, 95
Trd, 8639056.032, 100
Trd, 8639056.582, 100
Trd, 8639056.832, 90
Trd, 8639057.382, 104
Trd, 8639058.132, 113
Trd, 8639058.182, 94
Trd, 8639058.932, 112
Trd, 8639060.032, 90
Trd, 8639062.232, 85
Trd, 8639062.832, 90
Trd, 8639062.932, 96
Trd, 8639063.682, 104
Trd, 8639064.282, 84
Trd, 8639066.182, 79
Trd, 8639069.082, 89
Trd, 8639070.232, 100
Trd, 8639071.232, 91
Trd, 8639071.582, 120
Trd, 8639073.282, 99
Trd, 8639074.832, 96
Trd, 8639076.082, 97
Trd, 8639077.682, 80
Trd, 8639078.132, 103
Trd, 8639078.682, 104
Trd, 8639080.632, 114
Trd, 8639082.432, 91
Trd, 8639083.882, 97
Trd, 8639084.482, 99
Trd, 8639088.032, 87
Trd, 8639088.732, 104
Trd, 8639089.282, 107
Trd, 8639090.582, 96
Trd, 8639091.832, 96
Trd, 8639093.232, 104
Trd, 8639095.882, 112
Trd, 8639097.432, 97
Trd, 8639097.732, 96
Trd, 8639098.432, 97
Trd, 8639100.332, 80
Trd, 8639100.982, 93
Trd, 8639101.182, 104
Trd, 8639105.832, 94
Trd, 8639106.482, 111
Trd, 8639106.632, 112
Trd, 8639106.982, 88
Trd, 8639108.132, 107
Trd, 8639109.382, 113
Trd, 8639110.082, 84
Trd, 8639110.182, 82
Trd, 8639116.282, 97
Trd, 8639116.682, 103
Trd, 8639117.682, 96
Trd, 8639117.982, 104
Trd, 8639119.632, 77
Trd, 8639120.532, 110
Trd, 8639121.432, 110
Trd, 8639122.032, 109
Trd, 8639123.682, 97
Trd, 8639124.182, 104
Trd, 8639127.432, 102
Trd, 8639129.082, 87
Trd, 8639131.632, 93
Trd, 8639132.982, 88
Trd, 8639134.532, 100
Trd, 8639138.132, 91
Trd, 8639138.482, 97
Trd, 8639139.482, 92
Trd, 8639140.132, 93
Trd, 8639140.932, 104
Trd, 8639141.782, 80
Trd, 8639142.632, 108
Trd, 8639144.432, 87
Trd, 8639145.782, 94
Trd, 8639146.582, 83
Trd, 8639147.882, 100
Trd, 8639148.382, 104
Trd, 8639150.182, 113
Trd, 8639151.232, 100
Trd, 8639153.182, 99
Trd, 8639153.682, 100
Trd, 8639154.032, 98
Trd, 8639156.082, 87
Trd, 8639156.832, 81
Trd, 8639159.132, 96
Trd, 8639160.582, 103
Trd, 8639162.482, 99
Trd, 8639163.132, 104
Trd, 8639163.382, 100
Trd, 8639166.432, 117
Trd, 8639168.082, 87
Trd, 8639168.632, 90
Trd, 8639169.182, 89
Trd, 8639169.382, 105
Trd, 8639171.732, 104
Trd, 8639173.732, 92
Trd, 8639175.582, 102
Trd, 8639175.782, 88
Trd, 8639176.532, 115
Trd, 8639177.382, 121
Trd, 8639180.632, 94
Trd, 8639181.082, 104
Trd, 8639182.382, 95
Trd, 8639182.532, 105
Trd, 8639183.182, 110
Trd, 8639186.832, 110
Trd, 8639187.882, 116
Trd, 8639189.682, 124
Trd, 8639190.032, 114
Trd, 8639191.432, 104
Trd, 8639192.082, 105
Trd, 8639193.032, 78
Trd, 8639193.282, 112
Trd, 8639194.982, 83
Trd, 8639196.482, 114
Trd, 8639198.832, 99
Trd, 8639201.532, 104
Trd, 8639201.982, 99
Trd, 8639202.732, 104
Trd, 8639203.182, 88
Trd, 8639204.382, 100
Trd, 8639207.632, 94
Trd, 8639208.232, 104
Trd, 8639208.732, 96
Trd, 8639213.182, 103
Trd, 8639213.332, 89
Trd, 8639214.482, 90
Trd, 8639216.482, 85
Trd, 8639218.082, 114
Trd, 8639218.132, 115
Trd, 8639219.882, 113
Trd, 8639221.832, 104
Trd, 8639222.182, 106
Trd, 8639224.732, 122
Trd, 8639225.032, 113
Trd, 8639225.432, 122
Trd, 8639230.182, 90
Trd, 8639230.482, 90
Trd, 8639231.132, 79
Trd, 8639231.532, 104
Trd, 8639232.432, 115
Trd, 8639235.032, 104
Trd, 8639235.932, 119
Trd, 8639237.782, 93
Trd, 8639237.832, 99
Trd, 8639239.232, 108
Trd, 8639241.932, 94
Trd, 8639242.882, 101
Trd, 8639243.032, 92
Trd, 8639244.932, 95
Trd, 8639246.232, 100
Trd, 8639247.332, 102
Trd, 8639248.532, 97
Trd, 8639249.732, 92
Trd, 8639253.682, 95
Trd, 8639254.382, 103
Trd, 8639256.532, 121
Trd, 8639256.832, 113
Trd, 8639258.782, 107
Trd, 8639261.282, 99
Trd, 8639262.532, 93
Trd, 8639263.232, 93
Trd, 8639263.682, 100
Trd, 8639266.082, 101
Trd, 8639266.232, 99
Trd, 8639267.432, 99
Trd, 8639267.782, 102
Trd, 8639269.182, 100
Trd, 8639270.232, 96
Trd, 8639272.582, 83
Trd, 8639274.182, 97
Trd, 8639274.782, 104
Trd, 8639276.032, 83
Trd, 8639277.032, 96
Trd, 8639277.932, 108
Trd, 8639282.432, 98
Trd, 8639282.882, 96
Trd, 8639283.832, 110
Trd, 8639284.982, 108
Trd, 8639285.032, 96
Trd, 8639289.582, 101
Trd, 8639291.632, 96
Trd, 8639292.432, 100
Trd, 8639292.782, 104
Trd, 8639293.232, 97
Trd, 8639294.082, 96
Trd, 8639295.682, 111
Trd, 8639297.082, 106
Trd, 8639297.132, 117
Trd, 8639299.932, 94
Trd, 8639302.532, 104
Trd, 8639302.732, 109
Trd, 8639304.832, 97
Trd, 8639304.882, 94
Trd, 8639307.282, 103
Trd, 8639308.132, 104
Trd, 8639310.982, 109
Trd, 8639312.532, 112
Trd, 8639312.582, 104
Trd, 8639313.582, 85
Trd, 8639313.732, 104
Trd, 8639316.532, 79
Trd, 8639318.482, 103
Trd, 8639319.532, 87
Trd, 8639320.582, 91
Trd, 8639320.682, 102
Trd, 8639322.732, 94
Trd, 8639323.732, 83
Trd, 8639326.782, 84
Trd, 8639328.482, 79
Trd, 8639328.682, 87
Trd, 8639328.732, 104
Trd, 8639331.032, 80
Trd, 8639331.482, 96
Trd, 8639333.182, 83
Trd, 8639334.482, 111
Trd, 8639336.032, 104
Trd, 8639336.782, 88
Trd, 8639337.182, 112
Trd, 8639339.732, 115
Trd, 8639339.982, 84
Trd, 8639340.832, 83
Trd, 8639343.182, 104
Trd, 8639345.232, 100
Trd, 8639346.582, 102
Trd, 8639346.682, 95
Trd, 8639351.582, 86
Trd, 8639351.732, 86
Trd, 8639352.882, 105
Trd, 8639355.182, 89
Trd, 8639356.432, 102
Trd, 8639358.282, 101
Trd, 8639358.432, 102
Trd, 8639360.082, 94
Trd, 8639361.482, 113
Trd, 8639361.782, 114
Trd, 8639363.482, 77
Trd, 8639364.282, 103
Trd, 8639365.482, 104
Trd, 8639365.932, 104
Trd, 8639367.682, 121
Trd, 8639370.832, 110
Trd, 8639371.232, 104
Trd, 8639373.982, 102
Trd, 8639374.632, 101
Trd, 8639375.132, 83
Trd, 8639376.032, 104
Trd, 8639378.932, 98
Trd, 8639380.432, 99
Trd, 8639381.982, 112
Trd, 8639382.482, 95
Trd, 8639383.832, 112
Trd, 8639385.382, 106
Trd, 8639386.082, 104
Trd, 8639386.782, 80
Trd, 8639387.082, 99
Trd, 8639390.432, 103
Trd, 8639392.082, 98
Trd, 8639392.532, 102
Trd, 8639393.232, 97
Trd, 8639393.282, 102
Trd, 8639395.332, 90
Trd, 8639396.332, 107
Trd, 8639397.682, 102
Trd, 8639400.532, 85
Trd, 8639402.782, 104
Trd, 8639403.532, 108
Trd, 8639405.082, 113
Trd, 8639406.432, 104
Trd, 8639406.782, 122
Trd, 8639407.832, 89
Trd, 8639407.932, 88
Trd, 8639408.982, 108
Trd, 8639409.032, 124
Trd, 8639409.182, 87
Trd, 8639411.632, 108
Trd, 8639411.682, 82
Trd, 8639414.032, 102
Trd, 8639418.732, 87
Trd, 8639419.532, 89
Trd, 8639420.732, 89
Trd, 8639422.732, 104
Trd, 8639424.782, 112
Trd, 8639425.032, 102
Trd, 8639426.032, 101
Trd, 8639426.082, 106
Trd, 8639426.632, 101
Trd, 8639426.882, 113
Trd, 8639428.782, 85
Trd, 8639431.982, 93
Trd, 8639433.082, 94
Trd, 8639433.282, 91
Trd, 8639435.482, 97
Trd, 8639435.682, 104
Trd, 8639436.132, 112
Trd, 8639438.832, 92
Trd, 8639439.782, 111
Trd, 8639440.182, 84
Trd, 8639441.982, 108
Trd, 8639442.232, 95
Trd, 8639447.332, 104
Trd, 8639447.482, 103
Trd, 8639448.032, 94
Trd, 8639449.182, 95
Trd, 8639452.932, 89
Trd, 8639453.232, 92
Trd, 8639453.982, 112
Trd, 8639454.882, 111
Trd, 8639455.232, 114
Trd, 8639455.632, 110
Trd, 8639456.182, 104
Trd, 8639457.482, 90
Trd, 8639458.982, 112
Trd, 8639461.832, 107
Trd, 8639462.232, 89
Trd, 8639462.482, 94
Trd, 8639463.332, 107
Trd, 8639467.632, 108
Trd, 8639468.382, 96
Trd, 8639470.332, 95
Trd, 8639471.132, 108
Trd, 8639475.032, 108
Trd, 8639475.282, 93
Trd, 8639476.032, 92
Trd, 8639476.432, 80
Trd, 8639476.832, 104
Trd, 8639478.232, 95
Trd, 8639478.382, 108
Trd, 8639481.082, 113
Trd, 8639483.432, 111
Trd, 8639484.082, 111
Trd, 8639486.232, 108
Trd, 8639487.632, 85
Trd, 8639487.882, 78
Trd, 8639489.982, 98
Trd, 8639490.432, 95
Trd, 8639491.032, 95
Trd, 8639491.482, 122
Trd, 8639496.782, 83
Trd, 8639496.932, 79
Trd, 8639497.082, 104
Trd, 8639497.832, 105
Trd, 8639499.132, 114
Trd, 8639499.232, 99
Trd, 8639500.882, 90
Trd, 8639501.532, 89
Trd, 8639502.682, 99
Trd, 8639504.282, 78
Trd, 8639505.982, 98
Trd, 8639506.682, 81
Trd, 8639507.182, 122
Trd, 8639509.032, 101
Trd, 8639510.282, 121
Trd, 8639511.232, 99
Trd, 8639511.332, 97
Trd, 8639513.332, 113
Trd, 8639514.432, 92
Trd, 8639515.732, 100
Trd, 8639518.432, 82
Trd, 8639519.132, 103
Trd, 8639519.632, 89
Trd, 8639521.032, 104
Trd, 8639522.832, 86
Trd, 8639523.832, 101
Trd, 8639524.632, 113
Trd, 8639525.632, 97
Trd, 8639525.832, 96
Trd, 8639525.882, 94
Trd, 8639529.032, 98
Trd, 8639529.632, 102
Trd, 8639530.532, 104
Trd, 8639533.082, 77
Trd, 8639533.532, 100
Trd, 8639533.632, 99
Trd, 8639536.582, 108
Trd, 8639537.332, 113
Trd, 8639538.032, 82
Trd, 8639543.082, 113
Trd, 8639543.382, 104
Trd, 8639544.482, 107
Trd, 8639544.882, 111
Trd, 8639545.982, 101
Trd, 8639546.532, 102
Trd, 8639551.332, 93
Trd, 8639551.732, 92
Trd, 8639551.782, 90
Trd, 8639551.932, 94
Trd, 8639554.932, 82
Trd, 8639556.382, 122
Trd, 8639556.532, 113
Trd, 8639556.582, 104
Trd, 8639558.282, 87
Trd, 8639559.882, 101
Trd, 8639559.982, 99
Trd, 8639561.632, 111
Trd, 8639565.282, 96
Trd, 8639565.882, 102
Trd, 8639566.782, 87
Trd, 8639568.082, 92
Trd, 8639569.582, 89
Trd, 8639570.682, 103
Trd, 8639572.432, 115
Trd, 8639572.582, 110
Trd, 8639575.982, 102
Trd, 8639580.382, 93
Trd, 8639580.982, 100
Trd, 8639581.432, 91
Trd, 8639582.032, 89
Trd, 8639582.582, 116
Trd, 8639585.532, 97
Trd, 8639585.882, 98
Trd, 8639587.382, 91
Trd, 8639588.082, 102
Trd, 8639588.282, 90
Trd, 8639590.832, 103
Trd, 8639592.182, 104
Trd, 8639593.582, 112
Trd, 8639594.232, 104
Trd, 8639594.432, 95
Trd, 8639595.332, 103
Trd, 8639596.732, 87
Trd, 8639596.932, 88
Trd, 8639598.682, 110
Trd, 8639599.682, 113
Trd, 8639602.782, 98
Trd, 8639603.432, 87
Trd, 8639604.032, 85
Trd, 8639604.732, 111
Trd, 8639606.382, 122
Trd, 8639607.882, 95
Trd, 8639610.982, 99
Trd, 8639611.332, 96
Trd, 8639612.082, 86
Trd, 8639612.232, 104
Trd, 8639615.232, 102
Trd, 8639616.832, 104
Trd, 8639617.182, 100
Trd, 8639618.882, 105
Trd, 8639619.082, 85
Trd, 8639620.582, 89
Trd, 8639621.082, 104
Trd, 8639621.382, 116
Trd, 8639624.482, 79
Trd, 8639625.632, 80
Trd, 8639625.832, 84
Trd, 8639628.132, 104
Trd, 8639629.482, 95
Trd, 8639630.782, 104
Trd, 8639631.882, 113
Trd, 8639633.932, 109
Trd, 8639634.882, 111
Trd, 8639634.982, 106
Trd, 8639635.382, 104
Trd, 8639636.182, 81
Trd, 8639640.632, 102
Trd, 8639641.832, 104
Trd, 8639642.232, 108
Trd, 8639644.632, 95
Trd, 8639645.582, 98
Trd, 8639646.132, 85
Trd, 8639647.532, 104
Trd, 8639650.432, 110
Trd, 8639650.682, 108
Trd, 8639650.832, 88
Trd, 8639651.632, 92
Trd, 8639652.382, 86
Trd, 8639656.932, 98
Trd, 8639657.382, 104
Trd, 8639657.632, 107
Trd, 8639658.832, 90
Trd, 8639659.832, 79
Trd, 8639660.682, 88
Trd, 8639662.632, 98
Trd, 8639665.982, 106
Trd, 8639666.382, 92
Trd, 8639668.232, 89
Trd, 8639669.382, 89
Trd, 8639671.382, 80
Trd, 8639671.782, 103
Trd, 8639673.832, 111
Trd, 8639675.682, 95
Trd, 8639676.932, 95
Trd, 8639677.082, 80
Trd, 8639677.482, 104
Trd, 8639677.532, 115
Trd, 8639679.432, 93
Trd, 8639680.482, 78
Trd, 8639683.082, 102
Trd, 8639685.732, 94
Trd, 8639686.632, 99
Trd, 8639688.832, 94
Trd, 8639689.432, 95
Trd, 8639691.882, 102
Trd, 8639692.032, 104
Trd, 8639692.882, 79
Trd, 8639693.382, 111
Trd, 8639695.782, 109
Trd, 8639696.882, 112
Trd, 8639699.132, 98
Trd, 8639699.482, 95
Trd, 8639700.782, 87
Trd, 8639701.082, 104
Trd, 8639703.432, 113
Trd, 8639704.182, 106
Trd, 8639704.432, 104
Trd, 8639706.682, 83
Trd, 8639707.182, 88
Trd, 8639708.082, 108
Trd, 8639708.532, 113
Trd, 8639709.232, 84
Trd, 8639709.882, 104
Trd, 8639712.482, 99
Trd, 8639714.932, 102
Trd, 8639717.632, 94
Trd, 8639717.682, 104
Trd, 8639722.332, 98
Trd, 8639723.182, 104
Trd, 8639723.832, 96
Trd, 8639724.982, 84
Trd, 8639726.882, 115
Trd, 8639729.132, 112
Trd, 8639729.682, 98
Trd, 8639729.932, 93
Trd, 8639732.832, 87
Trd, 8639736.182, 106
Trd, 8639736.232, 94
Trd, 8639737.282, 108
Trd, 8639738.882, 97
Trd, 8639739.032, 106
Trd, 8639741.282, 101
Trd, 8639742.882, 96
Trd, 8639743.132, 88
Trd, 8639743.182, 99
Trd, 8639744.632, 119
Trd, 8639746.682, 103
Trd, 8639748.632, 104
Trd, 8639749.132, 89
Trd, 8639750.532, 82
Trd, 8639751.482, 95
Trd, 8639751.582, 104
Trd, 8639753.332, 107
Trd, 8639756.832, 84
Trd, 8639759.232, 104
Trd, 8639760.232, 95
Trd, 8639761.432, 96
Trd, 8639762.532, 109
Trd, 8639762.782, 110
Trd, 8639762.932, 115
Trd, 8639764.382, 97
Trd, 8639765.932, 81
Trd, 8639766.182, 110
Trd, 8639768.982, 91
Trd, 8639769.432, 98
Trd, 8639770.182, 78
Trd, 8639773.882, 106
Trd, 8639774.132, 104
Trd, 8639774.282, 111
Trd, 8639775.582, 91
Trd, 8639776.182, 109
Trd, 8639780.382, 111
Trd, 8639780.932, 105
Trd, 8639781.282, 104
Trd, 8639782.432, 108
Trd, 8639783.082, 93
Trd, 8639785.382, 100
Trd, 8639787.082, 91
Trd, 8639787.232, 104
Trd, 8639790.132, 88
Trd, 8639791.232, 104
Trd, 8639792.082, 95
Trd, 8639792.632, 87
Trd, 8639793.232, 101
Trd, 8639796.432, 113
Trd, 8639796.982, 86
Trd, 8639797.232, 113
Trd, 8639800.682, 112
Trd, 8639801.732, 111
Trd, 8639803.982, 90
Trd, 8639805.432, 111
Trd, 8639805.682, 91
Trd, 8639807.282, 90
Trd, 8639807.782, 95
Trd, 8639811.582, 104
Trd, 8639813.482, 96
Trd, 8639814.232, 86
Trd, 8639815.082, 104
Trd, 8639818.482, 98
Trd, 8639819.582, 97
Trd, 8639819.632, 96
Trd, 8639820.032, 104
Trd, 8639820.482, 96
Trd, 8639823.132, 122
Trd, 8639823.532, 94
Trd, 8639825.432, 109
Trd, 8639826.482, 91
Trd, 8639826.582, 89
Trd, 8639826.632, 96
Trd, 8639828.282, 116
Trd, 8639830.782, 108
Trd, 8639833.232, 104
Trd, 8639834.082, 104
Trd, 8639834.182, 113
Trd, 8639835.282, 125
Trd, 8639835.432, 118
Trd, 8639836.732, 110
Trd, 8639838.132, 107
Trd, 8639838.332, 113
Trd, 8639840.382, 122
Trd, 8639843.782, 101
Trd, 8639845.132, 104
Trd, 8639846.582, 102
Trd, 8639847.132, 102
Trd, 8639847.332, 94
Trd, 8639849.482, 101
Trd, 8639850.232, 104
Trd, 8639851.032, 101
Trd, 8639852.632, 112
Trd, 8639854.932, 109
Trd, 8639855.782, 91
Trd, 8639856.882, 104
Trd, 8639859.182, 92
Trd, 8639859.432, 81
Trd, 8639861.682, 109
Trd, 8639861.782, 104
Trd, 8639864.032, 110
Trd, 8639865.432, 102
Trd, 8639866.732, 92
Trd, 8639869.832, 104
Trd, 8639870.382, 91
Trd, 8639870.882, 91
Trd, 8639871.082, 110
Trd, 8639873.832, 106
Trd, 8639875.032, 96
Trd, 8639876.582, 112
Trd, 8639877.232, 113
Trd, 8639878.482, 121
Trd, 8639879.232, 95
Trd, 8639880.882, 121
Trd, 8639881.082, 95
Trd, 8639882.382, 105
Trd, 8639882.532, 84
Trd, 8639885.032, 107
Trd, 8639885.882, 97
Trd, 8639886.282, 104
Trd, 8639889.532, 89
Trd, 8639889.932, 88
Trd, 8639890.082, 104
Trd, 8639892.532, 90
Trd, 8639893.132, 84
Trd, 8639893.532, 100
Trd, 8639893.982, 94
Trd, 8639896.282, 78
Trd, 8639898.232, 80
Trd, 8639898.732, 107
Trd, 8639899.232, 111
Trd, 8639901.732, 103
Trd, 8639901.882, 104
Trd, 8639903.182, 82
Trd, 8639903.232, 105
Trd, 8639905.032, 87
Trd, 8639907.932, 85
Trd, 8639908.782, 116
Trd, 8639909.882, 111
Trd, 8639912.532, 95
Trd, 8639912.632, 94
Trd, 8639914.332, 104
Trd, 8639915.732, 108
Trd, 8639916.532, 111
Trd, 8639916.882, 92
Trd, 8639917.882, 107
Trd, 8639918.632, 108
Trd, 8639920.082, 107
Trd, 8639921.532, 104
Trd, 8639923.932, 118
Trd, 8639925.382, 116
Trd, 8639926.032, 114
Trd, 8639928.182, 104
Trd, 8639930.482, 104
Trd, 8639930.982, 104
Trd, 8639932.032, 98
Trd, 8639932.382, 114
Trd, 8639934.982, 93
Trd, 8639935.982, 95
Trd, 8639936.232, 97
Trd, 8639937.582, 111
Trd, 8639939.032, 81
Trd, 8639939.982, 91
Trd, 8639942.382, 85
Trd, 8639942.532, 87
Trd, 8639943.582, 122
Trd, 8639944.232, 105
Trd, 8639944.632, 111
Trd, 8639946.582, 110
Trd, 8639949.232, 111
Trd, 8639949.682, 107
Trd, 8639950.232, 105
Trd, 8639950.532, 104
Trd, 8639952.132, 109
Trd, 8639953.632, 101
Trd, 8639954.982, 98
Trd, 8639956.182, 113
Trd, 8639956.482, 101
Trd, 8639956.532, 100
Trd, 8639958.282, 112
Trd, 8639960.382, 113
Trd, 8639962.332, 95
Trd, 8639963.682, 113
Trd, 8639968.032, 86
Trd, 8639968.332, 94
Trd, 8639972.732, 104
Trd, 8639974.982, 116
Trd, 8639975.182, 106
Trd, 8639975.432, 105
Trd, 8639976.032, 104
Trd, 8639978.382, 94
Trd, 8639979.432, 99
Trd, 8639979.732, 112
Trd, 8639984.282, 96
Trd, 8639985.982, 93
Trd, 8639986.282, 94
Trd, 8639987.782, 99
Trd, 8639989.632, 103
Trd, 8639991.682, 94
Trd, 8639994.732, 101
Trd, 8639994.932, 104
Trd, 8639995.532, 105
Trd, 8639996.982, 100
Trd, 8639997.632, 99
Trd, 8639997.982, 102
Trd, 8639998.132, 80
