Trd, 8637967.732, 122
Trd, 8637968.782, 127
Trd, 8637970.832, 97
Trd, 8637971.332, 95
Trd, 8637972.282, 106
Trd, 8637973.732, 109
Trd, 8637974.182, 113
Trd, 8637976.632, 104
Trd, 8637978.082, 120
Trd, 8637978.632, 97
Trd, 8637978.782, 122
Trd, 8637980.832, 104
Trd, 8637982.982, 105
Trd, 8637983.482, 104
Trd, 8637984.282, 95
Trd, 8637984.382, 122
Trd, 8637985.532, 122
Trd, 8637986.932, 113
Trd, 8637988.132, 100
Trd, 8637989.232, 117
Trd, 8637989.532, 95
Trd, 8637989.832, 114
Trd, 8637990.482, 88
Trd, 8637995.832, 104
Trd, 8637995.882, 121
Trd, 8637996.932, 102
Trd, 8637996.982, 122
Trd, 8637997.732, 113
Trd, 8637998.482, 113
Trd, 8637999.082, 116
Trd, 8638000.282, 102
Trd, 8638000.732, 95
Trd, 8638001.732, 98
Trd, 8638005.632, 123
Trd, 8638005.682, 98
Trd, 8638005.732, 94
Trd, 8638007.532, 104
Trd, 8638007.932, 113
Trd, 8638009.282, 104
Trd, 8638011.282, 97
Trd, 8638011.382, 111
Trd, 8638011.832, 113
Trd, 8638012.032, 95
Trd, 8638013.532, 119
Trd, 8638015.182, 118
Trd, 8638015.982, 97
Trd, 8638016.832, 128
Trd, 8638017.382, 96
Trd, 8638019.732, 128
Trd, 8638020.032, 122
Trd, 8638020.382, 104
Trd, 8638021.182, 95
Trd, 8638021.432, 123
Trd, 8638023.882, 116
Trd, 8638023.932, 119
Trd, 8638024.932, 104
Trd, 8638026.082, 107
Trd, 8638026.682, 106
Trd, 8638027.982, 108
Trd, 8638029.382, 104
Trd, 8638029.432, 113
Trd, 8638030.432, 97
Trd, 8638031.282, 104
Trd, 8638032.532, 91
Trd, 8638033.082, 97
Trd, 8638033.532, 117
Trd, 8638036.132, 103
Trd, 8638038.332, 95
Trd, 8638038.882, 117
Trd, 8638040.332, 117
Trd, 8638041.832, 104
Trd, 8638042.332, 113
Trd, 8638043.382, 96
Trd, 8638044.332, 116
Trd, 8638046.532, 119
Trd, 8638046.932, 104
Trd, 8638047.132, 95
Trd, 8638047.632, 131
Trd, 8638050.332, 103
Trd, 8638050.632, 110
Trd, 8638051.782, 113
Trd, 8638052.332, 123
Trd, 8638053.682, 97
Trd, 8638054.282, 101
Trd, 8638055.032, 121
Trd, 8638056.632, 113
Trd, 8638056.832, 104
Trd, 8638058.932, 118
Trd, 8638059.182, 96
Trd, 8638060.932, 104
Trd, 8638061.382, 103
Trd, 8638062.882, 94
Trd, 8638063.182, 104
Trd, 8638063.732, 96
Trd, 8638066.882, 120
Trd, 8638067.432, 113
Trd, 8638067.582, 129
Trd, 8638068.232, 121
Trd, 8638068.432, 129
Trd, 8638069.032, 104
Trd, 8638071.882, 105
Trd, 8638072.482, 112
Trd, 8638073.132, 121
Trd, 8638075.432, 106
Trd, 8638076.032, 112
Trd, 8638076.332, 102
Trd, 8638077.432, 115
Trd, 8638078.532, 104
Trd, 8638080.032, 101
Trd, 8638080.082, 104
Trd, 8638081.932, 121
Trd, 8638082.632, 96
Trd, 8638082.782, 122
Trd, 8638082.882, 92
Trd, 8638084.082, 117
Trd, 8638085.182, 95
Trd, 8638086.182, 103
Trd, 8638086.932, 104
Trd, 8638088.582, 122
Trd, 8638088.632, 113
Trd, 8638090.282, 97
Trd, 8638090.382, 95
Trd, 8638092.582, 131
Trd, 8638095.832, 121
Trd, 8638095.932, 126
Trd, 8638096.482, 113
Trd, 8638097.482, 122
Trd, 8638098.432, 105
Trd, 8638099.882, 112
Trd, 8638100.782, 114
Trd, 8638102.882, 104
Trd, 8638103.332, 111
Trd, 8638104.632, 120
Trd, 8638105.532, 105
Trd, 8638106.332, 103
Trd, 8638106.882, 113
Trd, 8638107.732, 122
Trd, 8638107.782, 95
Trd, 8638108.882, 87
Trd, 8638108.982, 89
Trd, 8638109.782, 122
Trd, 8638113.032, 103
Trd, 8638113.882, 113
Trd, 8638115.332, 106
Trd, 8638115.882, 104
Trd, 8638116.482, 112
Trd, 8638116.832, 111
Trd, 8638117.682, 112
Trd, 8638118.632, 114
Trd, 8638118.882, 104
Trd, 8638120.732, 96
Trd, 8638122.282, 113
Trd, 8638122.582, 113
Trd, 8638125.432, 84
Trd, 8638125.932, 88
Trd, 8638127.132, 98
Trd, 8638127.732, 104
Trd, 8638127.932, 94
Trd, 8638127.982, 122
Trd, 8638129.482, 89
Trd, 8638130.782, 97
Trd, 8638131.832, 96
Trd, 8638132.882, 93
Trd, 8638133.532, 103
Trd, 8638134.182, 92
Trd, 8638135.532, 98
Trd, 8638136.932, 104
Trd, 8638138.582, 116
Trd, 8638140.032, 104
Trd, 8638140.682, 113
Trd, 8638142.182, 103
Trd, 8638142.932, 121
Trd, 8638143.632, 95
Trd, 8638144.882, 122
Trd, 8638145.482, 124
Trd, 8638147.182, 115
Trd, 8638149.882, 97
Trd, 8638150.582, 106
Trd, 8638151.182, 107
Trd, 8638151.332, 122
Trd, 8638151.932, 104
Trd, 8638152.432, 94
Trd, 8638153.932, 101
Trd, 8638155.882, 121
Trd, 8638156.832, 113
Trd, 8638159.082, 114
Trd, 8638159.282, 105
Trd, 8638160.332, 120
Trd, 8638163.482, 104
Trd, 8638163.632, 106
Trd, 8638164.432, 95
Trd, 8638166.632, 115
Trd, 8638167.732, 95
Trd, 8638167.882, 101
Trd, 8638169.932, 98
Trd, 8638170.482, 113
Trd, 8638171.182, 93
Trd, 8638172.232, 94
Trd, 8638172.532, 104
Trd, 8638173.932, 96
Trd, 8638175.332, 118
Trd, 8638175.932, 122
Trd, 8638177.032, 88
Trd, 8638177.382, 104
Trd, 8638178.932, 98
Trd, 8638180.182, 83
Trd, 8638180.432, 84
Trd, 8638181.282, 122
Trd, 8638181.932, 95
Trd, 8638184.282, 90
Trd, 8638184.982, 104
Trd, 8638185.282, 82
Trd, 8638186.082, 95
Trd, 8638186.732, 112
Trd, 8638187.732, 97
Trd, 8638188.532, 114
Trd, 8638189.182, 103
Trd, 8638190.882, 130
Trd, 8638192.482, 129
Trd, 8638193.282, 94
Trd, 8638193.582, 117
Trd, 8638193.982, 80
Trd, 8638194.582, 133
Trd, 8638194.682, 104
Trd, 8638196.082, 86
Trd, 8638199.632, 122
Trd, 8638199.982, 121
Trd, 8638200.982, 104
Trd, 8638201.832, 129
Trd, 8638201.982, 103
Trd, 8638204.482, 98
Trd, 8638204.732, 131
Trd, 8638206.182, 115
Trd, 8638206.332, 104
Trd, 8638207.532, 95
Trd, 8638209.082, 122
Trd, 8638210.432, 86
Trd, 8638210.932, 96
Trd, 8638212.082, 103
Trd, 8638212.832, 104
Trd, 8638216.682, 113
Trd, 8638216.782, 108
Trd, 8638217.132, 104
Trd, 8638217.182, 95
Trd, 8638217.432, 140
Trd, 8638220.632, 132
Trd, 8638221.682, 130
Trd, 8638222.032, 121
Trd, 8638223.432, 96
Trd, 8638223.932, 102
Trd, 8638224.732, 100
Trd, 8638225.832, 95
Trd, 8638228.032, 112
Trd, 8638228.382, 104
Trd, 8638229.682, 113
Trd, 8638230.382, 113
Trd, 8638231.782, 120
Trd, 8638233.382, 97
Trd, 8638233.782, 88
Trd, 8638236.032, 83
Trd, 8638237.682, 98
Trd, 8638238.732, 99
Trd, 8638238.932, 115
Trd, 8638239.232, 122
Trd, 8638241.582, 104
Trd, 8638241.982, 130
Trd, 8638243.382, 99
Trd, 8638244.682, 95
Trd, 8638244.982, 108
Trd, 8638246.382, 119
Trd, 8638246.582, 122
Trd, 8638246.782, 103
Trd, 8638249.582, 129
Trd, 8638252.982, 127
Trd, 8638253.232, 122
Trd, 8638254.532, 113
Trd, 8638254.632, 95
Trd, 8638255.832, 116
Trd, 8638256.932, 124
Trd, 8638257.482, 104
Trd, 8638257.882, 95
Trd, 8638259.432, 99
Trd, 8638261.182, 102
Trd, 8638261.682, 98
Trd, 8638262.882, 104
Trd, 8638263.332, 94
Trd, 8638263.632, 97
Trd, 8638267.132, 105
Trd, 8638267.932, 102
Trd, 8638268.232, 104
Trd, 8638269.032, 116
Trd, 8638269.382, 100
Trd, 8638270.132, 129
Trd, 8638271.132, 122
Trd, 8638272.732, 130
Trd, 8638272.982, 113
Trd, 8638275.032, 119
Trd, 8638275.282, 103
Trd, 8638276.482, 131
Trd, 8638277.632, 104
Trd, 8638278.232, 96
Trd, 8638279.432, 95
Trd, 8638282.232, 97
Trd, 8638283.182, 95
Trd, 8638283.832, 106
Trd, 8638283.932, 106
Trd, 8638284.282, 113
Trd, 8638284.832, 105
Trd, 8638285.082, 122
Trd, 8638286.382, 103
Trd, 8638288.732, 122
Trd, 8638289.432, 96
Trd, 8638289.632, 97
Trd, 8638290.632, 116
Trd, 8638291.032, 121
Trd, 8638293.282, 112
Trd, 8638293.832, 104
Trd, 8638295.482, 105
Trd, 8638297.382, 96
Trd, 8638298.582, 102
Trd, 8638299.982, 99
Trd, 8638300.032, 104
Trd, 8638302.332, 104
Trd, 8638302.982, 100
Trd, 8638303.632, 113
Trd, 8638304.532, 112
Trd, 8638305.232, 95
Trd, 8638305.382, 114
Trd, 8638305.882, 77
Trd, 8638307.382, 119
Trd, 8638308.782, 132
Trd, 8638310.582, 105
Trd, 8638311.482, 118
Trd, 8638312.082, 95
Trd, 8638313.632, 113
Trd, 8638313.682, 104
Trd, 8638314.632, 95
Trd, 8638314.882, 130
Trd, 8638316.132, 98
Trd, 8638318.732, 107
Trd, 8638319.482, 107
Trd, 8638319.582, 105
Trd, 8638319.982, 103
Trd, 8638320.682, 113
Trd, 8638321.532, 95
Trd, 8638322.482, 117
Trd, 8638322.932, 86
Trd, 8638323.782, 97
Trd, 8638325.882, 105
Trd, 8638326.482, 116
Trd, 8638328.682, 103
Trd, 8638329.132, 104
Trd, 8638329.232, 106
Trd, 8638330.582, 95
Trd, 8638331.432, 112
Trd, 8638331.832, 104
Trd, 8638332.932, 102
Trd, 8638336.132, 118
Trd, 8638336.732, 119
Trd, 8638338.532, 95
Trd, 8638339.432, 112
Trd, 8638339.482, 103
Trd, 8638340.682, 115
Trd, 8638340.932, 122
Trd, 8638341.532, 95
Trd, 8638343.432, 85
Trd, 8638343.582, 103
Trd, 8638343.932, 116
Trd, 8638344.882, 122
Trd, 8638346.382, 98
Trd, 8638348.332, 121
Trd, 8638349.232, 95
Trd, 8638349.382, 100
Trd, 8638349.532, 122
Trd, 8638350.882, 104
Trd, 8638351.132, 112
Trd, 8638351.782, 95
Trd, 8638354.632, 121
Trd, 8638354.882, 122
Trd, 8638355.232, 113
Trd, 8638356.582, 96
Trd, 8638357.182, 95
Trd, 8638358.732, 97
Trd, 8638359.332, 103
Trd, 8638359.632, 104
Trd, 8638361.632, 104
Trd, 8638362.782, 85
Trd, 8638363.482, 104
Trd, 8638364.732, 113
Trd, 8638366.182, 115
Trd, 8638366.232, 97
Trd, 8638366.682, 121
Trd, 8638368.482, 104
Trd, 8638368.932, 129
Trd, 8638371.082, 130
Trd, 8638372.482, 101
Trd, 8638372.982, 102
Trd, 8638373.782, 104
Trd, 8638373.882, 117
Trd, 8638374.132, 122
Trd, 8638376.382, 94
Trd, 8638377.332, 93
Trd, 8638379.082, 95
Trd, 8638380.382, 113
Trd, 8638380.432, 95
Trd, 8638381.282, 95
Trd, 8638382.682, 118
Trd, 8638384.532, 81
Trd, 8638384.582, 95
Trd, 8638384.632, 113
Trd, 8638385.432, 122
Trd, 8638387.332, 114
Trd, 8638388.182, 103
Trd, 8638388.732, 101
Trd, 8638389.132, 89
Trd, 8638391.282, 104
Trd, 8638391.332, 111
Trd, 8638394.232, 103
Trd, 8638395.432, 106
Trd, 8638395.982, 104
Trd, 8638397.482, 101
Trd, 8638398.532, 115
Trd, 8638399.632, 114
Trd, 8638400.682, 105
Trd, 8638401.682, 130
Trd, 8638403.282, 130
Trd, 8638403.732, 113
Trd, 8638403.982, 104
Trd, 8638404.232, 95
Trd, 8638406.232, 131
Trd, 8638408.082, 118
Trd, 8638409.082, 104
Trd, 8638409.832, 113
Trd, 8638412.282, 96
Trd, 8638412.632, 99
Trd, 8638413.682, 95
Trd, 8638415.782, 103
Trd, 8638415.882, 104
Trd, 8638416.582, 87
Trd, 8638418.082, 110
Trd, 8638419.382, 111
Trd, 8638420.332, 95
Trd, 8638421.832, 114
Trd, 8638422.482, 103
Trd, 8638423.032, 122
Trd, 8638424.332, 130
Trd, 8638424.832, 130
Trd, 8638426.282, 105
Trd, 8638426.632, 130
Trd, 8638428.332, 99
Trd, 8638429.432, 114
Trd, 8638429.932, 95
Trd, 8638432.432, 122
Trd, 8638432.682, 125
Trd, 8638434.082, 123
Trd, 8638434.282, 105
Trd, 8638435.832, 120
Trd, 8638438.082, 113
Trd, 8638438.482, 122
Trd, 8638439.832, 104
Trd, 8638440.382, 126
Trd, 8638441.882, 135
Trd, 8638442.282, 131
Trd, 8638442.532, 113
Trd, 8638442.732, 95
Trd, 8638444.482, 130
Trd, 8638446.432, 122
Trd, 8638447.632, 120
Trd, 8638448.282, 109
Trd, 8638448.482, 135
Trd, 8638450.432, 95
Trd, 8638454.632, 110
Trd, 8638455.132, 103
Trd, 8638455.832, 108
Trd, 8638455.882, 122
Trd, 8638456.082, 95
Trd, 8638457.182, 84
Trd, 8638457.432, 123
Trd, 8638459.482, 87
Trd, 8638461.382, 89
Trd, 8638462.432, 96
Trd, 8638464.432, 86
Trd, 8638465.232, 87
Trd, 8638465.382, 101
Trd, 8638465.882, 95
Trd, 8638466.182, 104
Trd, 8638468.482, 92
Trd, 8638469.582, 96
Trd, 8638470.782, 98
Trd, 8638471.682, 97
Trd, 8638471.782, 104
Trd, 8638472.632, 114
Trd, 8638474.232, 102
Trd, 8638475.582, 120
Trd, 8638476.482, 95
Trd, 8638477.282, 114
Trd, 8638478.932, 91
Trd, 8638479.082, 87
Trd, 8638479.182, 104
Trd, 8638480.032, 104
Trd, 8638482.232, 103
Trd, 8638482.732, 114
Trd, 8638484.482, 104
Trd, 8638484.982, 86
Trd, 8638485.082, 109
Trd, 8638487.132, 95
Trd, 8638487.282, 94
Trd, 8638487.332, 110
Trd, 8638488.332, 90
Trd, 8638489.532, 104
Trd, 8638489.832, 112
Trd, 8638491.382, 122
Trd, 8638491.982, 105
Trd, 8638493.182, 95
Trd, 8638495.782, 112
Trd, 8638495.882, 113
Trd, 8638497.132, 114
Trd, 8638497.282, 122
Trd, 8638497.882, 103
Trd, 8638499.932, 98
Trd, 8638501.132, 98
Trd, 8638503.732, 95
Trd, 8638504.032, 94
Trd, 8638504.182, 122
Trd, 8638505.632, 123
Trd, 8638505.982, 104
Trd, 8638506.732, 118
Trd, 8638507.732, 91
Trd, 8638509.782, 98
Trd, 8638510.532, 102
Trd, 8638511.432, 113
Trd, 8638512.532, 98
Trd, 8638512.632, 88
Trd, 8638513.732, 98
Trd, 8638514.032, 104
Trd, 8638515.882, 122
Trd, 8638517.432, 104
Trd, 8638518.832, 94
Trd, 8638519.382, 114
Trd, 8638520.982, 119
Trd, 8638521.632, 121
Trd, 8638522.982, 120
Trd, 8638525.232, 97
Trd, 8638525.382, 105
Trd, 8638526.932, 95
Trd, 8638529.082, 93
Trd, 8638530.132, 104
Trd, 8638531.132, 87
Trd, 8638531.532, 95
Trd, 8638531.732, 89
Trd, 8638532.832, 96
Trd, 8638533.932, 112
Trd, 8638535.082, 122
Trd, 8638535.932, 130
Trd, 8638536.882, 97
Trd, 8638537.232, 95
Trd, 8638538.582, 104
Trd, 8638538.982, 119
Trd, 8638539.482, 131
Trd, 8638541.482, 113
Trd, 8638541.932, 134
Trd, 8638543.832, 131
Trd, 8638544.332, 121
Trd, 8638544.482, 130
Trd, 8638546.282, 106
Trd, 8638547.982, 104
Trd, 8638548.282, 96
Trd, 8638548.532, 95
Trd, 8638549.232, 113
Trd, 8638550.882, 96
Trd, 8638551.182, 95
Trd, 8638552.032, 114
Trd, 8638552.232, 115
Trd, 8638552.832, 113
Trd, 8638555.382, 104
Trd, 8638556.182, 104
Trd, 8638557.632, 95
Trd, 8638557.832, 122
Trd, 8638558.882, 139
Trd, 8638559.482, 101
Trd, 8638561.682, 115
Trd, 8638563.132, 86
Trd, 8638563.532, 89
Trd, 8638565.532, 97
Trd, 8638566.832, 97
Trd, 8638567.532, 99
Trd, 8638568.032, 104
Trd, 8638568.282, 113
Trd, 8638569.232, 137
Trd, 8638572.632, 121
Trd, 8638572.782, 117
Trd, 8638576.082, 104
Trd, 8638576.482, 110
Trd, 8638578.032, 110
Trd, 8638578.332, 114
Trd, 8638578.832, 99
Trd, 8638581.382, 104
Trd, 8638582.382, 112
Trd, 8638582.532, 113
Trd, 8638583.732, 94
Trd, 8638584.082, 95
Trd, 8638584.132, 122
Trd, 8638585.632, 87
Trd, 8638587.832, 91
Trd, 8638588.232, 122
Trd, 8638590.332, 122
Trd, 8638590.932, 102
Trd, 8638592.232, 125
Trd, 8638592.632, 95
Trd, 8638595.382, 91
Trd, 8638595.782, 97
Trd, 8638596.232, 102
Trd, 8638598.282, 98
Trd, 8638598.832, 100
Trd, 8638599.332, 98
Trd, 8638600.732, 120
Trd, 8638605.132, 99
Trd, 8638605.432, 104
Trd, 8638605.532, 115
Trd, 8638605.732, 124
Trd, 8638606.932, 100
Trd, 8638608.232, 94
Trd, 8638608.882, 97
Trd, 8638609.682, 121
Trd, 8638610.982, 104
Trd, 8638611.182, 113
Trd, 8638614.282, 122
Trd, 8638614.432, 123
Trd, 8638614.682, 95
Trd, 8638615.282, 104
Trd, 8638618.182, 112
Trd, 8638619.132, 95
Trd, 8638620.932, 93
Trd, 8638622.032, 116
Trd, 8638623.732, 118
Trd, 8638624.132, 105
Trd, 8638624.882, 102
Trd, 8638626.082, 115
Trd, 8638626.132, 117
Trd, 8638628.732, 113
Trd, 8638629.882, 119
Trd, 8638630.282, 108
Trd, 8638631.882, 119
Trd, 8638632.882, 103
Trd, 8638633.582, 93
Trd, 8638633.932, 128
Trd, 8638635.132, 104
Trd, 8638636.782, 94
Trd, 8638638.482, 104
Trd, 8638639.182, 104
Trd, 8638640.482, 103
Trd, 8638642.432, 112
Trd, 8638642.732, 113
Trd, 8638643.382, 97
Trd, 8638644.282, 94
Trd, 8638644.482, 119
Trd, 8638646.732, 98
Trd, 8638648.232, 95
Trd, 8638650.682, 95
Trd, 8638652.582, 103
Trd, 8638653.632, 104
Trd, 8638654.182, 113
Trd, 8638654.632, 120
Trd, 8638655.832, 106
Trd, 8638656.782, 95
Trd, 8638658.082, 86
Trd, 8638658.682, 88
Trd, 8638660.282, 104
Trd, 8638660.782, 95
Trd, 8638661.432, 108
Trd, 8638661.782, 116
Trd, 8638663.132, 99
Trd, 8638666.682, 106
Trd, 8638666.782, 116
Trd, 8638666.882, 116
Trd, 8638667.682, 104
Trd, 8638668.532, 95
Trd, 8638668.982, 114
Trd, 8638669.532, 114
Trd, 8638670.732, 95
Trd, 8638671.182, 99
Trd, 8638672.432, 129
Trd, 8638673.032, 113
Trd, 8638674.432, 129
Trd, 8638675.582, 131
Trd, 8638678.132, 122
Trd, 8638680.182, 106
Trd, 8638680.282, 111
Trd, 8638680.682, 104
Trd, 8638681.232, 95
Trd, 8638683.682, 128
Trd, 8638685.732, 122
Trd, 8638687.582, 86
Trd, 8638688.682, 109
Trd, 8638688.982, 110
Trd, 8638689.632, 113
Trd, 8638690.482, 105
Trd, 8638690.532, 115
Trd, 8638691.082, 104
Trd, 8638692.532, 122
Trd, 8638695.782, 111
Trd, 8638696.932, 115
Trd, 8638697.782, 106
Trd, 8638698.532, 104
Trd, 8638698.882, 122
Trd, 8638699.032, 132
Trd, 8638700.332, 118
Trd, 8638701.382, 94
Trd, 8638701.782, 122
Trd, 8638701.882, 77
Trd, 8638704.282, 131
Trd, 8638704.732, 134
Trd, 8638705.532, 104
Trd, 8638708.182, 87
Trd, 8638708.832, 87
Trd, 8638709.032, 104
Trd, 8638710.732, 105
Trd, 8638710.882, 104
Trd, 8638712.232, 109
Trd, 8638712.532, 105
Trd, 8638713.082, 108
Trd, 8638714.732, 95
Trd, 8638715.832, 113
Trd, 8638716.282, 122
Trd, 8638716.582, 136
Trd, 8638717.182, 104
Trd, 8638719.482, 122
Trd, 8638722.432, 98
Trd, 8638722.532, 99
Trd, 8638722.832, 96
Trd, 8638723.032, 115
Trd, 8638724.282, 100
Trd, 8638725.982, 94
Trd, 8638726.482, 95
Trd, 8638728.382, 84
Trd, 8638728.432, 112
Trd, 8638728.882, 116
Trd, 8638729.232, 121
Trd, 8638733.532, 116
Trd, 8638733.682, 118
Trd, 8638734.032, 108
Trd, 8638734.582, 95
Trd, 8638735.882, 119
Trd, 8638736.232, 129
Trd, 8638738.032, 104
Trd, 8638738.232, 129
Trd, 8638740.532, 104
Trd, 8638741.332, 104
Trd, 8638743.232, 95
Trd, 8638744.182, 114
Trd, 8638744.332, 95
Trd, 8638745.782, 113
Trd, 8638747.182, 112
Trd, 8638748.032, 95
Trd, 8638748.582, 95
Trd, 8638749.732, 122
Trd, 8638749.832, 87
Trd, 8638751.282, 104
Trd, 8638752.732, 96
Trd, 8638753.432, 113
Trd, 8638754.032, 117
Trd, 8638756.382, 103
Trd, 8638756.632, 118
Trd, 8638759.882, 101
Trd, 8638761.132, 96
Trd, 8638762.982, 95
Trd, 8638763.932, 93
Trd, 8638764.382, 103
Trd, 8638764.882, 104
Trd, 8638765.332, 121
Trd, 8638765.882, 87
Trd, 8638769.482, 104
Trd, 8638770.832, 106
Trd, 8638771.782, 111
Trd, 8638772.332, 104
Trd, 8638773.582, 110
Trd, 8638775.682, 108
Trd, 8638776.682, 109
Trd, 8638778.182, 86
Trd, 8638778.382, 95
Trd, 8638779.182, 113
Trd, 8638779.682, 108
Trd, 8638780.582, 107
Trd, 8638782.132, 121
Trd, 8638783.832, 107
Trd, 8638784.932, 121
Trd, 8638784.982, 122
Trd, 8638786.282, 133
Trd, 8638788.382, 113
Trd, 8638788.682, 104
Trd, 8638790.532, 97
Trd, 8638790.732, 120
Trd, 8638790.932, 121
Trd, 8638791.682, 103
Trd, 8638793.632, 96
Trd, 8638794.432, 113
Trd, 8638794.482, 129
Trd, 8638799.832, 109
Trd, 8638799.882, 103
Trd, 8638800.182, 97
Trd, 8638802.832, 98
Trd, 8638803.782, 87
Trd, 8638804.032, 110
Trd, 8638804.482, 119
Trd, 8638805.682, 102
Trd, 8638806.682, 88
Trd, 8638808.382, 112
Trd, 8638810.182, 97
Trd, 8638814.182, 104
Trd, 8638814.782, 88
Trd, 8638815.282, 95
Trd, 8638816.082, 117
Trd, 8638817.632, 102
Trd, 8638818.832, 111
Trd, 8638819.432, 96
Trd, 8638819.982, 117
Trd, 8638821.182, 113
Trd, 8638821.982, 98
Trd, 8638822.832, 133
Trd, 8638824.132, 131
Trd, 8638825.232, 100
Trd, 8638825.982, 95
Trd, 8638826.882, 96
Trd, 8638828.632, 98
Trd, 8638829.532, 95
Trd, 8638829.632, 100
Trd, 8638832.832, 95
Trd, 8638834.932, 97
Trd, 8638835.032, 104
Trd, 8638836.182, 114
Trd, 8638836.382, 104
Trd, 8638838.432, 97
Trd, 8638838.882, 97
Trd, 8638839.732, 97
Trd, 8638841.182, 95
Trd, 8638841.682, 104
Trd, 8638842.432, 119
Trd, 8638844.632, 119
Trd, 8638845.032, 120
Trd, 8638845.632, 99
Trd, 8638847.532, 122
Trd, 8638848.682, 95
Trd, 8638849.132, 111
Trd, 8638850.832, 113
Trd, 8638851.582, 87
Trd, 8638851.982, 122
Trd, 8638855.532, 100
Trd, 8638856.032, 95
Trd, 8638857.332, 103
Trd, 8638859.032, 96
Trd, 8638859.582, 94
Trd, 8638860.482, 118
Trd, 8638860.632, 120
Trd, 8638862.132, 89
Trd, 8638863.882, 104
Trd, 8638865.482, 97
Trd, 8638865.882, 107
Trd, 8638867.982, 109
Trd, 8638868.332, 111
Trd, 8638869.882, 96
Trd, 8638870.732, 110
Trd, 8638871.982, 111
Trd, 8638872.482, 117
Trd, 8638872.632, 104
Trd, 8638874.782, 95
Trd, 8638875.182, 96
Trd, 8638876.682, 85
Trd, 8638878.182, 109
Trd, 8638878.232, 110
Trd, 8638880.682, 87
Trd, 8638880.882, 101
Trd, 8638881.182, 95
Trd, 8638881.782, 122
Trd, 8638885.382, 122
Trd, 8638885.632, 122
Trd, 8638886.182, 113
Trd, 8638886.532, 127
Trd, 8638886.982, 121
Trd, 8638887.132, 131
Trd, 8638889.482, 96
Trd, 8638890.732, 95
Trd, 8638890.782, 116
Trd, 8638891.682, 95
Trd, 8638895.082, 113
Trd, 8638896.032, 112
Trd, 8638896.782, 104
Trd, 8638897.132, 104
Trd, 8638897.632, 103
Trd, 8638898.382, 104
Trd, 8638900.032, 95
Trd, 8638901.832, 109
Trd, 8638903.832, 107
Trd, 8638903.932, 114
Trd, 8638904.582, 104
Trd, 8638905.332, 120
Trd, 8638907.432, 96
Trd, 8638908.432, 104
Trd, 8638909.032, 121
Trd, 8638910.232, 107
Trd, 8638910.432, 103
Trd, 8638912.282, 114
Trd, 8638913.232, 117
Trd, 8638914.482, 114
Trd, 8638914.982, 95
Trd, 8638916.132, 97
Trd, 8638916.632, 85
Trd, 8638917.082, 86
Trd, 8638917.382, 122
Trd, 8638918.832, 104
Trd, 8638919.782, 87
Trd, 8638920.282, 68
Trd, 8638921.832, 104
Trd, 8638922.532, 107
Trd, 8638922.882, 108
Trd, 8638923.182, 95
Trd, 8638923.582, 86
Trd, 8638926.082, 112
Trd, 8638926.732, 114
Trd, 8638927.682, 96
Trd, 8638930.382, 86
Trd, 8638930.432, 87
Trd, 8638930.682, 77
Trd, 8638931.082, 104
Trd, 8638931.282, 122
Trd, 8638932.482, 117
Trd, 8638933.432, 104
Trd, 8638935.432, 121
Trd, 8638935.932, 99
Trd, 8638937.082, 126
Trd, 8638938.682, 112
Trd, 8638940.082, 105
Trd, 8638940.432, 111
Trd, 8638941.032, 104
Trd, 8638942.232, 94
Trd, 8638943.532, 112
Trd, 8638944.232, 113
Trd, 8638945.182, 104
Trd, 8638945.832, 119
Trd, 8638946.332, 120
Trd, 8638948.582, 104
Trd, 8638949.832, 111
Trd, 8638949.982, 112
Trd, 8638951.082, 97
Trd, 8638955.132, 110
Trd, 8638955.382, 104
Trd, 8638955.832, 107
Trd, 8638956.532, 112
Trd, 8638956.582, 113
Trd, 8638958.332, 96
Trd, 8638958.832, 122
Trd, 8638960.782, 122
Trd, 8638960.932, 104
Trd, 8638963.182, 104
Trd, 8638963.332, 115
Trd, 8638965.232, 86
Trd, 8638965.482, 104
Trd, 8638965.582, 122
Trd, 8638968.132, 97
Trd, 8638969.082, 108
Trd, 8638969.632, 87
Trd, 8638969.832, 121
Trd, 8638971.482, 113
Trd, 8638972.982, 104
Trd, 8638974.182, 131
Trd, 8638974.582, 101
Trd, 8638976.432, 102
Trd, 8638977.032, 122
Trd, 8638978.732, 92
Trd, 8638979.482, 103
Trd, 8638979.732, 114
Trd, 8638980.732, 118
Trd, 8638980.832, 97
Trd, 8638981.732, 131
Trd, 8638983.982, 132
Trd, 8638984.882, 115
Trd, 8638986.032, 104
Trd, 8638986.182, 115
Trd, 8638986.432, 103
Trd, 8638986.482, 93
Trd, 8638986.532, 116
Trd, 8638988.882, 122
Trd, 8638989.832, 104
Trd, 8638991.082, 94
Trd, 8638991.282, 122
Trd, 8638994.732, 122
Trd, 8638995.732, 122
Trd, 8638996.432, 117
Trd, 8638998.832, 114
Trd, 8638999.182, 105
Trd, 8638999.482, 113
Trd, 8639000.082, 104
Trd, 8639003.582, 107
Trd, 8639004.432, 95
Trd, 8639004.582, 107
Trd, 8639005.482, 131
Trd, 8639005.832, 104
Trd, 8639006.382, 115
Trd, 8639007.482, 130
Trd, 8639009.132, 119
Trd, 8639009.432, 131
Trd, 8639010.782, 104
Trd, 8639012.332, 130
Trd, 8639012.532, 103
Trd, 8639013.182, 131
Trd, 8639013.382, 93
Trd, 8639016.132, 95
Trd, 8639017.182, 119
Trd, 8639020.182, 130
Trd, 8639021.082, 121
Trd, 8639021.582, 125
Trd, 8639021.832, 126
Trd, 8639022.682, 113
Trd, 8639022.932, 104
Trd, 8639024.732, 95
Trd, 8639025.032, 96
Trd, 8639026.332, 99
Trd, 8639027.032, 117
Trd, 8639030.382, 87
Trd, 8639030.732, 87
Trd, 8639031.032, 96
Trd, 8639031.132, 103
Trd, 8639032.482, 122
Trd, 8639033.332, 95
Trd, 8639033.782, 130
Trd, 8639036.832, 122
Trd, 8639037.082, 113
Trd, 8639037.882, 120
Trd, 8639038.032, 104
Trd, 8639038.832, 87
Trd, 8639040.132, 112
Trd, 8639040.682, 113
Trd, 8639042.882, 86
Trd, 8639043.082, 99
Trd, 8639045.382, 96
Trd, 8639046.482, 118
Trd, 8639046.782, 119
Trd, 8639046.932, 95
Trd, 8639047.932, 120
Trd, 8639048.232, 122
Trd, 8639050.782, 113
Trd, 8639052.032, 129
Trd, 8639052.682, 113
Trd, 8639053.432, 123
Trd, 8639053.682, 102
Trd, 8639054.682, 87
Trd, 8639055.232, 87
Trd, 8639056.232, 88
Trd, 8639056.682, 104
Trd, 8639057.332, 122
Trd, 8639059.682, 100
Trd, 8639060.282, 95
Trd, 8639060.432, 97
Trd, 8639060.982, 115
Trd, 8639061.182, 122
Trd, 8639063.782, 127
Trd, 8639064.982, 122
Trd, 8639066.932, 111
Trd, 8639067.632, 105
Trd, 8639068.132, 111
Trd, 8639071.532, 101
Trd, 8639071.982, 103
Trd, 8639072.382, 115
Trd, 8639075.332, 105
Trd, 8639077.432, 107
Trd, 8639077.582, 110
Trd, 8639079.032, 94
Trd, 8639080.632, 112
Trd, 8639081.332, 103
Trd, 8639082.782, 128
Trd, 8639082.832, 105
Trd, 8639084.582, 117
Trd, 8639084.632, 103
Trd, 8639086.882, 98
Trd, 8639088.832, 122
Trd, 8639090.332, 113
Trd, 8639090.682, 115
Trd, 8639091.482, 104
Trd, 8639092.382, 98
Trd, 8639092.582, 121
Trd, 8639093.532, 122
Trd, 8639094.182, 104
Trd, 8639095.482, 127
Trd, 8639095.682, 95
Trd, 8639095.732, 131
Trd, 8639099.332, 106
Trd, 8639099.932, 104
Trd, 8639101.532, 97
Trd, 8639102.332, 101
Trd, 8639103.182, 111
Trd, 8639103.882, 96
Trd, 8639105.132, 89
Trd, 8639106.732, 111
Trd, 8639107.982, 102
Trd, 8639108.632, 91
Trd, 8639109.482, 111
Trd, 8639109.882, 113
Trd, 8639112.532, 130
Trd, 8639112.582, 113
Trd, 8639113.232, 138
Trd, 8639115.032, 104
Trd, 8639116.082, 122
Trd, 8639116.782, 95
Trd, 8639118.532, 113
Trd, 8639119.432, 116
Trd, 8639120.782, 117
Trd, 8639121.332, 122
Trd, 8639122.432, 106
Trd, 8639123.032, 103
Trd, 8639126.282, 112
Trd, 8639126.332, 103
Trd, 8639127.332, 118
Trd, 8639128.082, 120
Trd, 8639128.332, 106
Trd, 8639128.382, 122
Trd, 8639129.882, 94
Trd, 8639130.732, 121
Trd, 8639132.132, 96
Trd, 8639132.632, 102
Trd, 8639134.082, 95
Trd, 8639134.732, 114
Trd, 8639135.582, 115
Trd, 8639136.082, 104
Trd, 8639137.532, 95
Trd, 8639138.932, 108
Trd, 8639139.382, 122
Trd, 8639141.082, 116
Trd, 8639142.232, 102
Trd, 8639143.132, 97
Trd, 8639145.482, 103
Trd, 8639146.132, 96
Trd, 8639147.682, 102
Trd, 8639148.582, 95
Trd, 8639150.482, 103
Trd, 8639152.232, 106
Trd, 8639152.432, 112
Trd, 8639153.532, 113
Trd, 8639153.682, 127
Trd, 8639154.582, 122
Trd, 8639155.782, 105
Trd, 8639156.632, 113
Trd, 8639158.582, 125
Trd, 8639159.082, 103
Trd, 8639160.982, 98
Trd, 8639161.032, 95
Trd, 8639161.632, 125
Trd, 8639162.982, 122
Trd, 8639165.682, 125
Trd, 8639167.382, 98
Trd, 8639167.882, 99
Trd, 8639167.982, 100
Trd, 8639168.182, 97
Trd, 8639169.532, 122
Trd, 8639169.782, 103
Trd, 8639170.682, 114
Trd, 8639171.482, 128
Trd, 8639172.682, 96
Trd, 8639174.682, 94
Trd, 8639174.732, 97
Trd, 8639176.882, 122
Trd, 8639178.032, 110
Trd, 8639178.932, 118
Trd, 8639179.132, 108
Trd, 8639179.932, 130
Trd, 8639181.132, 103
Trd, 8639181.582, 140
Trd, 8639183.982, 105
Trd, 8639185.182, 104
Trd, 8639186.182, 95
Trd, 8639186.732, 105
Trd, 8639186.882, 106
Trd, 8639188.932, 101
Trd, 8639190.332, 113
Trd, 8639190.382, 96
Trd, 8639193.232, 104
Trd, 8639193.532, 121
Trd, 8639194.032, 95
Trd, 8639195.232, 111
Trd, 8639196.632, 117
Trd, 8639196.682, 104
Trd, 8639198.732, 117
Trd, 8639200.782, 105
Trd, 8639201.382, 112
Trd, 8639201.632, 113
Trd, 8639202.882, 103
Trd, 8639204.032, 122
Trd, 8639204.132, 94
Trd, 8639206.432, 88
Trd, 8639207.482, 97
Trd, 8639208.932, 114
Trd, 8639209.832, 96
Trd, 8639210.482, 114
Trd, 8639210.932, 95
Trd, 8639211.132, 115
Trd, 8639212.332, 121
Trd, 8639215.732, 106
Trd, 8639215.782, 121
Trd, 8639216.232, 129
Trd, 8639216.632, 106
Trd, 8639218.582, 95
Trd, 8639221.782, 130
Trd, 8639222.432, 130
Trd, 8639222.532, 122
Trd, 8639222.982, 104
Trd, 8639224.382, 92
Trd, 8639226.582, 86
Trd, 8639226.882, 113
Trd, 8639227.732, 122
Trd, 8639230.332, 101
Trd, 8639230.982, 94
Trd, 8639231.982, 87
Trd, 8639232.182, 95
Trd, 8639233.832, 111
Trd, 8639236.032, 112
Trd, 8639236.332, 96
Trd, 8639237.132, 113
Trd, 8639239.482, 107
Trd, 8639240.232, 112
Trd, 8639240.532, 104
Trd, 8639240.982, 113
Trd, 8639241.732, 122
Trd, 8639242.332, 130
Trd, 8639243.432, 113
Trd, 8639245.182, 118
Trd, 8639246.732, 98
Trd, 8639247.382, 97
Trd, 8639248.082, 95
Trd, 8639250.132, 103
Trd, 8639250.782, 94
Trd, 8639251.882, 104
Trd, 8639252.382, 113
Trd, 8639254.432, 96
Trd, 8639254.732, 97
Trd, 8639255.932, 96
Trd, 8639257.482, 96
Trd, 8639257.782, 103
Trd, 8639258.882, 104
Trd, 8639259.632, 122
Trd, 8639259.982, 131
Trd, 8639260.932, 104
Trd, 8639262.982, 108
Trd, 8639263.832, 94
Trd, 8639264.632, 96
Trd, 8639265.882, 95
Trd, 8639268.032, 109
Trd, 8639268.632, 114
Trd, 8639270.682, 87
Trd, 8639271.082, 96
Trd, 8639271.832, 122
Trd, 8639272.482, 106
Trd, 8639273.182, 104
Trd, 8639274.132, 94
Trd, 8639274.382, 113
Trd, 8639275.232, 115
Trd, 8639277.532, 86
Trd, 8639277.732, 88
Trd, 8639279.032, 96
Trd, 8639279.932, 95
Trd, 8639280.782, 104
Trd, 8639282.332, 110
Trd, 8639282.632, 97
Trd, 8639283.382, 110
Trd, 8639286.032, 97
Trd, 8639287.232, 109
Trd, 8639287.482, 122
Trd, 8639289.332, 104
Trd, 8639289.582, 126
Trd, 8639290.232, 96
Trd, 8639291.332, 115
Trd, 8639293.632, 113
Trd, 8639293.882, 98
Trd, 8639297.082, 120
Trd, 8639298.032, 107
Trd, 8639298.132, 103
Trd, 8639298.232, 126
Trd, 8639298.932, 128
Trd, 8639299.932, 95
Trd, 8639300.832, 95
Trd, 8639302.532, 88
Trd, 8639302.632, 103
Trd, 8639303.032, 104
Trd, 8639305.582, 115
Trd, 8639306.182, 103
Trd, 8639306.532, 121
Trd, 8639307.632, 131
Trd, 8639309.332, 106
Trd, 8639309.432, 128
Trd, 8639309.782, 104
Trd, 8639311.732, 122
Trd, 8639312.082, 95
Trd, 8639312.382, 131
Trd, 8639316.332, 118
Trd, 8639316.782, 115
Trd, 8639317.182, 106
Trd, 8639317.482, 103
Trd, 8639320.132, 131
Trd, 8639323.032, 105
Trd, 8639323.782, 111
Trd, 8639323.932, 103
Trd, 8639324.932, 114
Trd, 8639325.082, 122
Trd, 8639325.682, 122
Trd, 8639328.482, 104
Trd, 8639328.782, 100
Trd, 8639331.982, 103
Trd, 8639334.182, 96
Trd, 8639334.332, 103
Trd, 8639334.432, 104
Trd, 8639334.532, 95
Trd, 8639335.032, 113
Trd, 8639337.782, 88
Trd, 8639337.982, 122
Trd, 8639339.882, 95
Trd, 8639339.982, 104
Trd, 8639341.082, 113
Trd, 8639341.832, 87
Trd, 8639342.732, 131
Trd, 8639343.932, 86
Trd, 8639346.782, 94
Trd, 8639346.832, 96
Trd, 8639348.132, 111
Trd, 8639348.882, 113
Trd, 8639350.382, 96
Trd, 8639352.132, 93
Trd, 8639352.382, 93
Trd, 8639352.482, 96
Trd, 8639353.182, 104
Trd, 8639356.032, 106
Trd, 8639358.432, 119
Trd, 8639358.632, 116
Trd, 8639358.882, 104
Trd, 8639359.832, 94
Trd, 8639361.882, 95
Trd, 8639362.482, 132
Trd, 8639363.632, 120
Trd, 8639364.582, 130
Trd, 8639366.082, 104
Trd, 8639367.382, 96
Trd, 8639367.832, 96
Trd, 8639369.132, 122
Trd, 8639369.432, 104
Trd, 8639369.682, 126
Trd, 8639371.932, 97
Trd, 8639373.182, 126
Trd, 8639374.682, 104
Trd, 8639374.982, 130
Trd, 8639375.582, 116
Trd, 8639376.832, 114
Trd, 8639378.032, 122
Trd, 8639378.232, 104
Trd, 8639380.332, 95
Trd, 8639381.832, 92
Trd, 8639382.382, 91
Trd, 8639383.532, 103
Trd, 8639383.632, 104
Trd, 8639385.832, 120
Trd, 8639385.882, 104
Trd, 8639387.832, 131
Trd, 8639389.732, 130
Trd, 8639391.832, 111
Trd, 8639391.932, 117
Trd, 8639392.032, 96
Trd, 8639393.232, 104
Trd, 8639395.332, 95
Trd, 8639395.382, 98
Trd, 8639396.482, 94
Trd, 8639398.382, 102
Trd, 8639398.632, 104
Trd, 8639400.282, 113
Trd, 8639401.782, 122
Trd, 8639402.532, 122
Trd, 8639402.782, 113
Trd, 8639403.632, 95
Trd, 8639406.032, 95
Trd, 8639406.582, 103
Trd, 8639406.632, 104
Trd, 8639407.782, 113
Trd, 8639408.482, 121
Trd, 8639410.032, 113
Trd, 8639411.732, 127
Trd, 8639413.632, 103
Trd, 8639413.932, 112
Trd, 8639414.032, 113
Trd, 8639415.632, 96
Trd, 8639416.282, 109
Trd, 8639416.632, 119
Trd, 8639418.232, 121
Trd, 8639418.332, 95
Trd, 8639421.732, 103
Trd, 8639422.682, 88
Trd, 8639423.582, 114
Trd, 8639425.782, 122
Trd, 8639426.782, 117
Trd, 8639428.082, 95
Trd, 8639429.032, 130
Trd, 8639430.782, 107
Trd, 8639431.232, 113
Trd, 8639431.482, 104
Trd, 8639434.382, 100
Trd, 8639435.082, 96
Trd, 8639435.532, 98
Trd, 8639436.182, 100
Trd, 8639436.732, 104
Trd, 8639436.982, 113
Trd, 8639438.682, 94
Trd, 8639440.032, 95
Trd, 8639440.132, 117
Trd, 8639442.632, 87
Trd, 8639443.182, 86
Trd, 8639443.632, 97
Trd, 8639445.882, 104
Trd, 8639446.832, 95
Trd, 8639447.332, 95
Trd, 8639449.632, 115
Trd, 8639450.132, 122
Trd, 8639452.432, 113
Trd, 8639454.482, 113
Trd, 8639454.982, 105
Trd, 8639455.232, 114
Trd, 8639455.682, 95
Trd, 8639455.982, 122
Trd, 8639457.182, 140
Trd, 8639458.882, 129
Trd, 8639459.882, 105
Trd, 8639460.582, 104
Trd, 8639460.882, 104
Trd, 8639461.682, 95
Trd, 8639464.182, 104
Trd, 8639464.432, 115
Trd, 8639465.632, 95
Trd, 8639465.982, 113
Trd, 8639467.582, 89
Trd, 8639467.982, 125
Trd, 8639469.432, 115
Trd, 8639469.582, 104
Trd, 8639469.732, 125
Trd, 8639472.132, 131
Trd, 8639472.732, 101
Trd, 8639472.982, 97
Trd, 8639474.482, 84
Trd, 8639474.682, 92
Trd, 8639478.082, 113
Trd, 8639478.382, 82
Trd, 8639479.082, 112
Trd, 8639480.132, 121
Trd, 8639480.182, 122
Trd, 8639480.532, 105
Trd, 8639481.482, 130
Trd, 8639481.932, 96
Trd, 8639482.782, 138
Trd, 8639482.882, 95
Trd, 8639485.882, 95
Trd, 8639486.782, 108
Trd, 8639489.482, 110
Trd, 8639489.682, 82
Trd, 8639489.732, 118
Trd, 8639492.132, 103
Trd, 8639492.732, 95
Trd, 8639493.332, 103
Trd, 8639493.732, 121
Trd, 8639494.682, 85
Trd, 8639495.732, 122
Trd, 8639497.282, 129
Trd, 8639498.432, 113
Trd, 8639499.082, 103
Trd, 8639501.282, 100
Trd, 8639503.582, 120
Trd, 8639504.532, 94
Trd, 8639505.732, 116
Trd, 8639507.182, 104
Trd, 8639508.482, 104
Trd, 8639508.732, 95
Trd, 8639509.532, 91
Trd, 8639510.332, 120
Trd, 8639510.732, 134
Trd, 8639511.032, 113
Trd, 8639513.282, 97
Trd, 8639514.732, 126
Trd, 8639515.432, 104
Trd, 8639516.232, 96
Trd, 8639517.432, 117
Trd, 8639517.582, 95
Trd, 8639518.082, 123
Trd, 8639518.432, 125
Trd, 8639520.032, 121
Trd, 8639523.032, 115
Trd, 8639523.932, 113
Trd, 8639524.482, 114
Trd, 8639525.832, 103
Trd, 8639526.932, 121
Trd, 8639527.782, 98
Trd, 8639527.832, 99
Trd, 8639528.982, 119
Trd, 8639529.332, 121
Trd, 8639533.082, 108
Trd, 8639533.582, 122
Trd, 8639535.532, 111
Trd, 8639535.932, 111
Trd, 8639538.782, 112
Trd, 8639539.382, 112
Trd, 8639540.932, 109
Trd, 8639541.382, 105
Trd, 8639542.082, 103
Trd, 8639542.532, 113
Trd, 8639546.032, 106
Trd, 8639547.082, 105
Trd, 8639547.232, 107
Trd, 8639548.282, 103
Trd, 8639549.732, 103
Trd, 8639550.432, 122
Trd, 8639551.032, 115
Trd, 8639551.432, 101
Trd, 8639551.882, 95
Trd, 8639554.082, 95
Trd, 8639555.432, 113
Trd, 8639556.732, 104
Trd, 8639557.782, 102
Trd, 8639558.032, 111
Trd, 8639558.532, 113
Trd, 8639559.482, 99
Trd, 8639560.532, 94
Trd, 8639560.932, 120
Trd, 8639562.782, 121
Trd, 8639564.832, 96
Trd, 8639565.482, 112
Trd, 8639566.282, 112
Trd, 8639566.682, 113
Trd, 8639566.982, 104
Trd, 8639570.682, 96
Trd, 8639570.882, 104
Trd, 8639571.932, 96
Trd, 8639573.532, 117
Trd, 8639574.032, 117
Trd, 8639575.582, 118
Trd, 8639576.232, 105
Trd, 8639576.282, 102
Trd, 8639576.332, 119
Trd, 8639579.132, 113
Trd, 8639579.782, 95
Trd, 8639580.232, 95
Trd, 8639580.682, 111
Trd, 8639581.332, 103
Trd, 8639582.832, 116
Trd, 8639583.082, 122
Trd, 8639585.732, 105
Trd, 8639585.782, 115
Trd, 8639586.032, 95
Trd, 8639587.882, 116
Trd, 8639587.932, 104
Trd, 8639588.232, 114
Trd, 8639589.582, 95
Trd, 8639590.882, 103
Trd, 8639591.332, 89
Trd, 8639592.632, 93
Trd, 8639594.382, 103
Trd, 8639596.432, 113
Trd, 8639596.682, 97
Trd, 8639597.482, 98
Trd, 8639598.982, 95
Trd, 8639600.032, 98
Trd, 8639600.682, 116
Trd, 8639601.482, 100
Trd, 8639602.232, 113
Trd, 8639602.532, 77
Trd, 8639605.882, 104
Trd, 8639605.932, 118
Trd, 8639607.032, 121
Trd, 8639607.932, 120
Trd, 8639607.982, 96
Trd, 8639609.682, 113
Trd, 8639610.682, 94
Trd, 8639611.032, 95
Trd, 8639611.882, 104
Trd, 8639612.782, 116
Trd, 8639613.432, 104
Trd, 8639614.632, 95
Trd, 8639615.432, 116
Trd, 8639617.082, 95
Trd, 8639617.332, 96
Trd, 8639617.632, 104
Trd, 8639618.982, 112
Trd, 8639621.432, 85
Trd, 8639621.632, 100
Trd, 8639622.082, 104
Trd, 8639623.732, 113
Trd, 8639623.932, 104
Trd, 8639624.182, 86
Trd, 8639625.832, 95
Trd, 8639627.382, 84
Trd, 8639628.082, 86
Trd, 8639629.032, 116
Trd, 8639630.232, 103
Trd, 8639631.782, 89
Trd, 8639632.382, 96
Trd, 8639632.982, 104
Trd, 8639635.332, 105
Trd, 8639635.482, 113
Trd, 8639637.082, 104
Trd, 8639637.282, 118
Trd, 8639638.032, 95
Trd, 8639640.532, 78
Trd, 8639640.582, 104
Trd, 8639642.382, 84
Trd, 8639642.732, 120
Trd, 8639643.182, 104
Trd, 8639645.632, 111
Trd, 8639647.432, 105
Trd, 8639647.532, 110
Trd, 8639648.232, 113
Trd, 8639650.232, 113
Trd, 8639651.632, 104
Trd, 8639652.032, 122
Trd, 8639652.882, 96
Trd, 8639652.932, 127
Trd, 8639654.332, 124
Trd, 8639656.382, 119
Trd, 8639656.682, 104
Trd, 8639657.382, 92
Trd, 8639657.532, 77
Trd, 8639659.682, 103
Trd, 8639660.032, 121
Trd, 8639660.282, 104
Trd, 8639661.532, 95
Trd, 8639662.732, 110
Trd, 8639664.582, 116
Trd, 8639664.932, 77
Trd, 8639665.032, 116
Trd, 8639666.332, 113
Trd, 8639667.882, 121
Trd, 8639668.432, 104
Trd, 8639668.782, 95
Trd, 8639668.932, 130
Trd, 8639669.332, 94
Trd, 8639672.932, 104
Trd, 8639673.432, 103
Trd, 8639673.482, 104
Trd, 8639674.982, 121
Trd, 8639676.432, 122
Trd, 8639677.032, 96
Trd, 8639679.882, 104
Trd, 8639680.332, 109
Trd, 8639681.232, 95
Trd, 8639683.032, 84
Trd, 8639683.282, 121
Trd, 8639684.282, 122
Trd, 8639685.282, 130
Trd, 8639686.982, 95
Trd, 8639687.382, 104
Trd, 8639690.532, 126
Trd, 8639690.932, 105
Trd, 8639691.132, 115
Trd, 8639693.332, 111
Trd, 8639693.532, 107
Trd, 8639694.032, 113
Trd, 8639694.082, 122
Trd, 8639694.832, 104
Trd, 8639695.582, 76
Trd, 8639697.082, 129
Trd, 8639698.482, 98
Trd, 8639699.132, 97
Trd, 8639702.232, 112
Trd, 8639702.582, 104
Trd, 8639703.182, 97
Trd, 8639703.482, 114
Trd, 8639705.332, 128
Trd, 8639706.132, 122
Trd, 8639707.432, 96
Trd, 8639707.582, 129
Trd, 8639708.282, 121
Trd, 8639710.682, 95
Trd, 8639710.982, 122
Trd, 8639712.132, 104
Trd, 8639712.232, 118
Trd, 8639713.282, 120
Trd, 8639715.182, 140
Trd, 8639715.282, 122
Trd, 8639718.032, 129
Trd, 8639718.732, 113
Trd, 8639720.032, 132
Trd, 8639720.782, 104
Trd, 8639721.432, 121
Trd, 8639722.032, 127
Trd, 8639723.632, 96
Trd, 8639724.082, 95
Trd, 8639724.432, 132
Trd, 8639724.782, 122
Trd, 8639726.682, 117
Trd, 8639727.232, 110
Trd, 8639728.332, 102
Trd, 8639730.632, 100
Trd, 8639733.082, 104
Trd, 8639733.432, 103
Trd, 8639733.482, 104
Trd, 8639734.232, 86
Trd, 8639734.782, 96
Trd, 8639735.882, 113
Trd, 8639736.582, 88
Trd, 8639738.832, 112
Trd, 8639740.032, 85
Trd, 8639740.582, 114
Trd, 8639740.832, 121
Trd, 8639741.332, 94
Trd, 8639745.482, 119
Trd, 8639746.432, 104
Trd, 8639747.532, 103
Trd, 8639747.932, 112
Trd, 8639748.282, 95
Trd, 8639748.482, 114
Trd, 8639749.882, 127
Trd, 8639750.232, 122
Trd, 8639752.282, 97
Trd, 8639754.232, 94
Trd, 8639754.432, 89
Trd, 8639754.482, 95
Trd, 8639756.382, 92
Trd, 8639757.182, 117
Trd, 8639758.382, 89
Trd, 8639759.782, 95
Trd, 8639761.132, 86
Trd, 8639761.932, 112
Trd, 8639763.282, 106
Trd, 8639763.482, 120
Trd, 8639764.032, 100
Trd, 8639765.282, 116
Trd, 8639766.282, 96
Trd, 8639766.682, 95
Trd, 8639766.782, 140
Trd, 8639768.532, 94
Trd, 8639768.582, 85
Trd, 8639769.682, 112
Trd, 8639771.432, 115
Trd, 8639773.032, 86
Trd, 8639774.082, 86
Trd, 8639775.382, 99
Trd, 8639775.882, 89
Trd, 8639776.582, 104
Trd, 8639777.782, 112
Trd, 8639778.282, 94
Trd, 8639779.932, 105
Trd, 8639781.732, 104
Trd, 8639781.882, 116
Trd, 8639782.132, 121
Trd, 8639782.432, 122
Trd, 8639784.032, 99
Trd, 8639784.232, 95
Trd, 8639784.882, 125
Trd, 8639785.682, 101
Trd, 8639786.982, 86
Trd, 8639788.332, 131
Trd, 8639790.182, 95
Trd, 8639790.682, 84
Trd, 8639793.032, 121
Trd, 8639794.082, 120
Trd, 8639795.282, 103
Trd, 8639795.632, 119
Trd, 8639796.882, 115
Trd, 8639797.332, 116
Trd, 8639799.482, 106
Trd, 8639800.232, 94
Trd, 8639801.132, 110
Trd, 8639801.432, 114
Trd, 8639802.132, 95
Trd, 8639803.682, 120
Trd, 8639805.682, 101
Trd, 8639806.332, 112
Trd, 8639808.482, 105
Trd, 8639809.332, 104
Trd, 8639809.382, 110
Trd, 8639810.082, 109
Trd, 8639811.082, 101
Trd, 8639812.032, 95
Trd, 8639812.832, 109
Trd, 8639815.732, 105
Trd, 8639816.132, 122
Trd, 8639816.632, 95
Trd, 8639817.032, 79
Trd, 8639818.782, 122
Trd, 8639819.732, 84
Trd, 8639820.282, 103
Trd, 8639820.782, 78
Trd, 8639820.832, 90
Trd, 8639821.482, 119
Trd, 8639822.432, 113
Trd, 8639823.482, 129
Trd, 8639825.382, 95
Trd, 8639826.682, 118
Trd, 8639827.632, 121
Trd, 8639828.332, 130
Trd, 8639829.032, 104
Trd, 8639831.232, 96
Trd, 8639832.082, 130
Trd, 8639833.932, 106
Trd, 8639835.132, 112
Trd, 8639836.232, 113
Trd, 8639837.132, 120
Trd, 8639837.332, 104
Trd, 8639837.782, 95
Trd, 8639838.682, 121
Trd, 8639839.782, 104
Trd, 8639841.632, 121
Trd, 8639844.382, 97
Trd, 8639844.682, 101
Trd, 8639846.232, 104
Trd, 8639846.782, 89
Trd, 8639847.182, 95
Trd, 8639847.282, 114
Trd, 8639848.882, 130
Trd, 8639850.982, 122
Trd, 8639851.832, 113
Trd, 8639852.282, 120
Trd, 8639853.532, 126
Trd, 8639854.932, 122
Trd, 8639855.732, 101
Trd, 8639855.882, 95
Trd, 8639856.082, 123
Trd, 8639857.682, 129
Trd, 8639857.982, 94
Trd, 8639858.432, 76
Trd, 8639861.382, 122
Trd, 8639863.782, 122
Trd, 8639864.282, 123
Trd, 8639865.132, 108
Trd, 8639865.532, 114
Trd, 8639867.032, 114
Trd, 8639867.532, 104
Trd, 8639868.332, 113
Trd, 8639869.132, 95
Trd, 8639869.782, 95
Trd, 8639870.282, 131
Trd, 8639872.682, 103
Trd, 8639872.932, 122
Trd, 8639877.082, 106
Trd, 8639877.282, 111
Trd, 8639878.782, 95
Trd, 8639879.382, 108
Trd, 8639880.232, 109
Trd, 8639881.132, 103
Trd, 8639881.432, 108
Trd, 8639882.782, 86
Trd, 8639883.732, 89
Trd, 8639884.582, 95
Trd, 8639885.882, 97
Trd, 8639887.182, 110
Trd, 8639888.932, 91
Trd, 8639889.082, 96
Trd, 8639890.532, 86
Trd, 8639891.432, 101
Trd, 8639891.882, 104
Trd, 8639892.532, 124
Trd, 8639894.682, 96
Trd, 8639895.182, 117
Trd, 8639896.832, 114
Trd, 8639898.682, 87
Trd, 8639899.182, 86
Trd, 8639900.332, 86
Trd, 8639900.482, 88
Trd, 8639901.382, 87
Trd, 8639902.132, 96
Trd, 8639902.832, 103
Trd, 8639905.432, 118
Trd, 8639906.432, 105
Trd, 8639907.282, 111
Trd, 8639907.432, 115
Trd, 8639907.782, 122
Trd, 8639907.932, 104
Trd, 8639910.432, 111
Trd, 8639910.682, 92
Trd, 8639912.632, 100
Trd, 8639914.982, 110
Trd, 8639915.982, 104
Trd, 8639916.982, 103
Trd, 8639917.382, 104
Trd, 8639919.532, 98
Trd, 8639920.032, 106
Trd, 8639920.432, 95
Trd, 8639922.132, 115
Trd, 8639922.732, 97
Trd, 8639924.082, 121
Trd, 8639924.732, 113
Trd, 8639926.032, 120
Trd, 8639927.132, 122
Trd, 8639927.882, 104
Trd, 8639928.132, 129
Trd, 8639928.732, 95
Trd, 8639929.732, 96
Trd, 8639930.532, 112
Trd, 8639931.582, 114
Trd, 8639933.082, 122
Trd, 8639933.682, 113
Trd, 8639934.582, 104
Trd, 8639935.882, 134
Trd, 8639938.232, 121
Trd, 8639939.882, 107
Trd, 8639940.182, 112
Trd, 8639940.582, 103
Trd, 8639940.982, 117
Trd, 8639941.732, 128
Trd, 8639944.082, 124
Trd, 8639945.032, 104
Trd, 8639945.732, 121
Trd, 8639947.732, 113
Trd, 8639948.882, 101
Trd, 8639949.632, 95
Trd, 8639950.232, 95
Trd, 8639951.332, 104
Trd, 8639954.432, 103
Trd, 8639954.932, 94
Trd, 8639955.482, 112
Trd, 8639956.032, 115
Trd, 8639956.682, 116
Trd, 8639957.582, 102
Trd, 8639960.132, 109
Trd, 8639960.982, 104
Trd, 8639962.282, 105
Trd, 8639963.732, 114
Trd, 8639964.482, 99
Trd, 8639965.132, 117
Trd, 8639966.182, 96
Trd, 8639967.182, 112
Trd, 8639967.932, 94
Trd, 8639968.482, 95
Trd, 8639969.632, 103
Trd, 8639969.982, 110
Trd, 8639970.582, 113
Trd, 8639972.932, 95
Trd, 8639973.582, 112
Trd, 8639974.132, 113
Trd, 8639975.282, 122
Trd, 8639975.432, 104
Trd, 8639977.832, 92
Trd, 8639978.732, 87
Trd, 8639980.432, 104
Trd, 8639980.832, 81
Trd, 8639982.632, 97
Trd, 8639982.782, 104
Trd, 8639983.082, 95
Trd, 8639986.432, 104
Trd, 8639986.532, 106
Trd, 8639987.382, 114
Trd, 8639989.182, 92
Trd, 8639990.832, 99
Trd, 8639991.532, 100
Trd, 8639991.632, 104
Trd, 8639993.532, 96
Trd, 8639996.282, 109
Trd, 8639996.532, 101
Trd, 8639997.182, 109
Trd, 8639997.232, 95
Trd, 8639997.732, 99
Trd, 8639999.032, 119
Trd, 8639999.732, 119
