Trd, 8637967.682, 86
Trd, 8637970.482, 97
Trd, 8637970.582, 98
Trd, 8637970.932, 106
Trd, 8637973.782, 96
Trd, 8637975.082, 96
Trd, 8637976.332, 91
Trd, 8637976.532, 96
Trd, 8637977.032, 88
Trd, 8637977.432, 106
Trd, 8637978.332, 86
Trd, 8637979.532, 105
Trd, 8637981.482, 78
Trd, 8637981.832, 94
Trd, 8637982.582, 95
Trd, 8637983.732, 104
Trd, 8637984.382, 87
Trd, 8637986.782, 97
Trd, 8637988.682, 95
Trd, 8637988.882, 91
Trd, 8637989.632, 98
Trd, 8637990.682, 95
Trd, 8637991.182, 108
Trd, 8637993.132, 92
Trd, 8637993.232, 113
Trd, 8637994.882, 111
Trd, 8637996.132, 110
Trd, 8637998.682, 91
Trd, 8637999.132, 90
Trd, 8638000.882, 93
Trd, 8638001.232, 107
Trd, 8638002.482, 109
Trd, 8638003.082, 109
Trd, 8638005.082, 91
Trd, 8638006.482, 95
Trd, 8638007.932, 96
Trd, 8638008.032, 92
Trd, 8638009.032, 105
Trd, 8638010.082, 87
Trd, 8638012.032, 130
Trd, 8638014.132, 113
Trd, 8638015.082, 79
Trd, 8638016.632, 119
Trd, 8638017.632, 116
Trd, 8638018.882, 88
Trd, 8638019.282, 88
Trd, 8638021.232, 93
Trd, 8638022.532, 92
Trd, 8638022.582, 100
Trd, 8638023.632, 121
Trd, 8638024.182, 106
Trd, 8638025.932, 98
Trd, 8638026.382, 97
Trd, 8638026.732, 97
Trd, 8638026.982, 139
Trd, 8638028.532, 113
Trd, 8638030.182, 81
Trd, 8638030.882, 128
Trd, 8638033.932, 79
Trd, 8638035.532, 93
Trd, 8638036.232, 79
Trd, 8638037.382, 101
Trd, 8638038.282, 109
Trd, 8638039.132, 110
Trd, 8638039.732, 95
Trd, 8638039.832, 113
Trd, 8638040.382, 86
Trd, 8638041.182, 112
Trd, 8638042.032, 86
Trd, 8638045.982, 83
Trd, 8638046.782, 95
Trd, 8638046.832, 121
Trd, 8638046.932, 122
Trd, 8638047.282, 86
Trd, 8638050.182, 92
Trd, 8638051.182, 86
Trd, 8638051.432, 92
Trd, 8638052.032, 102
Trd, 8638052.482, 86
Trd, 8638053.032, 102
Trd, 8638053.782, 85
Trd, 8638054.032, 103
Trd, 8638057.582, 82
Trd, 8638057.882, 95
Trd, 8638058.532, 83
Trd, 8638059.282, 96
Trd, 8638060.632, 77
Trd, 8638061.532, 98
Trd, 8638062.382, 96
Trd, 8638064.682, 91
Trd, 8638064.882, 95
Trd, 8638066.882, 103
Trd, 8638067.132, 89
Trd, 8638068.182, 97
Trd, 8638068.932, 88
Trd, 8638069.232, 98
Trd, 8638069.632, 86
Trd, 8638074.232, 94
Trd, 8638074.432, 93
Trd, 8638075.382, 95
Trd, 8638075.482, 106
Trd, 8638077.082, 95
Trd, 8638077.182, 94
Trd, 8638078.032, 109
Trd, 8638078.182, 90
Trd, 8638078.532, 77
Trd, 8638082.632, 91
Trd, 8638082.732, 101
Trd, 8638082.882, 105
Trd, 8638082.932, 80
Trd, 8638086.232, 108
Trd, 8638087.632, 100
Trd, 8638088.332, 97
Trd, 8638089.232, 96
Trd, 8638090.382, 102
Trd, 8638090.632, 88
Trd, 8638093.432, 106
Trd, 8638095.982, 83
Trd, 8638096.932, 75
Trd, 8638097.882, 68
Trd, 8638098.132, 87
Trd, 8638098.632, 77
Trd, 8638100.382, 105
Trd, 8638101.832, 103
Trd, 8638103.582, 94
Trd, 8638104.782, 93
Trd, 8638105.582, 93
Trd, 8638106.682, 97
Trd, 8638106.832, 98
Trd, 8638106.982, 93
Trd, 8638108.382, 110
Trd, 8638109.232, 76
Trd, 8638109.482, 105
Trd, 8638111.582, 71
Trd, 8638114.182, 95
Trd, 8638114.432, 95
Trd, 8638115.032, 95
Trd, 8638115.082, 97
Trd, 8638118.232, 92
Trd, 8638118.882, 102
Trd, 8638120.132, 130
Trd, 8638122.532, 93
Trd, 8638122.782, 90
Trd, 8638122.982, 86
Trd, 8638124.882, 95
Trd, 8638126.382, 86
Trd, 8638127.432, 95
Trd, 8638127.782, 95
Trd, 8638128.882, 106
Trd, 8638130.882, 76
Trd, 8638131.282, 102
Trd, 8638133.282, 74
Trd, 8638135.632, 74
Trd, 8638135.732, 99
Trd, 8638135.882, 100
Trd, 8638136.532, 76
Trd, 8638138.582, 100
Trd, 8638141.432, 102
Trd, 8638141.532, 106
Trd, 8638141.732, 91
Trd, 8638143.132, 101
Trd, 8638143.632, 96
Trd, 8638144.932, 100
Trd, 8638145.132, 101
Trd, 8638146.182, 113
Trd, 8638147.232, 77
Trd, 8638149.382, 106
Trd, 8638150.332, 80
Trd, 8638150.732, 96
Trd, 8638151.782, 86
Trd, 8638152.832, 94
Trd, 8638154.132, 113
Trd, 8638155.132, 87
Trd, 8638156.882, 87
Trd, 8638157.332, 92
Trd, 8638159.632, 90
Trd, 8638159.882, 86
Trd, 8638161.082, 96
Trd, 8638161.732, 77
Trd, 8638162.332, 97
Trd, 8638163.132, 96
Trd, 8638164.632, 95
Trd, 8638164.932, 78
Trd, 8638165.482, 77
Trd, 8638165.932, 97
Trd, 8638167.582, 107
Trd, 8638168.382, 109
Trd, 8638169.732, 86
Trd, 8638170.582, 109
Trd, 8638173.082, 89
Trd, 8638173.682, 97
Trd, 8638175.232, 96
Trd, 8638177.182, 98
Trd, 8638178.032, 104
Trd, 8638178.682, 95
Trd, 8638180.482, 88
Trd, 8638181.832, 86
Trd, 8638183.082, 81
Trd, 8638183.232, 101
Trd, 8638183.382, 109
Trd, 8638184.082, 96
Trd, 8638185.382, 78
Trd, 8638187.682, 77
Trd, 8638188.482, 103
Trd, 8638188.982, 79
Trd, 8638191.582, 105
Trd, 8638192.632, 94
Trd, 8638192.832, 95
Trd, 8638194.282, 122
Trd, 8638194.632, 113
Trd, 8638194.832, 86
Trd, 8638199.582, 89
Trd, 8638199.682, 94
Trd, 8638201.382, 94
Trd, 8638201.482, 90
Trd, 8638201.682, 99
Trd, 8638202.232, 104
Trd, 8638203.232, 95
Trd, 8638205.882, 109
Trd, 8638207.232, 109
Trd, 8638207.332, 113
Trd, 8638207.482, 104
Trd, 8638207.982, 86
Trd, 8638209.082, 97
Trd, 8638209.382, 81
Trd, 8638209.432, 106
Trd, 8638210.132, 80
Trd, 8638212.832, 96
Trd, 8638214.882, 95
Trd, 8638216.332, 91
Trd, 8638217.582, 96
Trd, 8638219.132, 82
Trd, 8638219.532, 89
Trd, 8638221.032, 77
Trd, 8638221.432, 92
Trd, 8638222.132, 77
Trd, 8638223.432, 94
Trd, 8638223.832, 95
Trd, 8638224.832, 78
Trd, 8638225.332, 102
Trd, 8638225.582, 107
Trd, 8638226.682, 79
Trd, 8638228.082, 106
Trd, 8638229.282, 90
Trd, 8638229.382, 105
Trd, 8638230.282, 95
Trd, 8638231.082, 105
Trd, 8638233.032, 103
Trd, 8638235.982, 94
Trd, 8638236.582, 103
Trd, 8638236.682, 105
Trd, 8638237.132, 106
Trd, 8638240.032, 99
Trd, 8638241.082, 86
Trd, 8638242.882, 77
Trd, 8638243.032, 103
Trd, 8638243.182, 109
Trd, 8638243.732, 112
Trd, 8638244.932, 113
Trd, 8638245.182, 125
Trd, 8638246.582, 122
Trd, 8638246.782, 104
Trd, 8638248.182, 110
Trd, 8638249.032, 63
Trd, 8638253.532, 98
Trd, 8638253.632, 87
Trd, 8638254.082, 88
Trd, 8638254.832, 98
Trd, 8638255.832, 97
Trd, 8638256.432, 95
Trd, 8638256.482, 134
Trd, 8638258.132, 104
Trd, 8638259.732, 87
Trd, 8638261.432, 90
Trd, 8638262.132, 94
Trd, 8638263.332, 92
Trd, 8638264.082, 93
Trd, 8638264.282, 97
Trd, 8638265.332, 105
Trd, 8638267.632, 95
Trd, 8638268.532, 104
Trd, 8638268.832, 104
Trd, 8638269.782, 110
Trd, 8638270.232, 86
Trd, 8638270.782, 70
Trd, 8638272.382, 130
Trd, 8638276.132, 101
Trd, 8638276.732, 89
Trd, 8638276.782, 95
Trd, 8638277.432, 89
Trd, 8638277.932, 97
Trd, 8638278.532, 99
Trd, 8638279.232, 105
Trd, 8638280.232, 109
Trd, 8638280.732, 93
Trd, 8638282.632, 108
Trd, 8638284.882, 83
Trd, 8638285.082, 107
Trd, 8638285.182, 82
Trd, 8638286.782, 77
Trd, 8638288.982, 95
Trd, 8638289.832, 97
Trd, 8638290.532, 88
Trd, 8638291.882, 99
Trd, 8638294.282, 93
Trd, 8638294.932, 104
Trd, 8638295.232, 93
Trd, 8638297.382, 91
Trd, 8638298.282, 86
Trd, 8638298.332, 95
Trd, 8638300.632, 93
Trd, 8638302.882, 92
Trd, 8638304.382, 86
Trd, 8638304.432, 85
Trd, 8638304.932, 89
Trd, 8638305.282, 83
Trd, 8638305.832, 96
Trd, 8638305.932, 113
Trd, 8638307.932, 113
Trd, 8638309.132, 129
Trd, 8638310.532, 88
Trd, 8638311.782, 114
Trd, 8638312.582, 123
Trd, 8638314.782, 105
Trd, 8638314.882, 106
Trd, 8638314.982, 90
Trd, 8638315.332, 86
Trd, 8638319.182, 82
Trd, 8638319.432, 104
Trd, 8638319.532, 109
Trd, 8638320.232, 84
Trd, 8638322.282, 94
Trd, 8638324.082, 93
Trd, 8638324.532, 94
Trd, 8638325.132, 86
Trd, 8638328.182, 95
Trd, 8638329.382, 100
Trd, 8638330.432, 106
Trd, 8638332.832, 99
Trd, 8638333.982, 94
Trd, 8638334.332, 96
Trd, 8638334.382, 93
Trd, 8638334.732, 97
Trd, 8638336.182, 86
Trd, 8638337.482, 95
Trd, 8638338.432, 85
Trd, 8638340.082, 106
Trd, 8638342.032, 82
Trd, 8638342.832, 111
Trd, 8638343.332, 104
Trd, 8638343.532, 113
Trd, 8638345.082, 88
Trd, 8638345.832, 96
Trd, 8638346.232, 99
Trd, 8638348.132, 107
Trd, 8638348.882, 88
Trd, 8638349.182, 88
Trd, 8638351.982, 102
Trd, 8638352.332, 113
Trd, 8638353.682, 96
Trd, 8638354.782, 92
Trd, 8638354.982, 105
Trd, 8638356.032, 77
Trd, 8638356.432, 99
Trd, 8638357.882, 96
Trd, 8638358.332, 90
Trd, 8638360.232, 90
Trd, 8638360.882, 105
Trd, 8638361.532, 105
Trd, 8638363.832, 91
Trd, 8638364.532, 90
Trd, 8638365.932, 99
Trd, 8638365.982, 86
Trd, 8638368.182, 80
Trd, 8638369.682, 83
Trd, 8638370.282, 100
Trd, 8638370.582, 80
Trd, 8638370.682, 97
Trd, 8638371.082, 113
Trd, 8638372.132, 132
Trd, 8638373.182, 130
Trd, 8638375.082, 112
Trd, 8638377.832, 102
Trd, 8638378.032, 92
Trd, 8638379.282, 94
Trd, 8638379.732, 89
Trd, 8638380.332, 110
Trd, 8638381.932, 97
Trd, 8638382.682, 82
Trd, 8638385.982, 113
Trd, 8638386.582, 104
Trd, 8638386.832, 123
Trd, 8638386.882, 124
Trd, 8638387.282, 77
Trd, 8638387.632, 130
Trd, 8638389.532, 113
Trd, 8638390.582, 113
Trd, 8638391.632, 104
Trd, 8638391.932, 86
Trd, 8638393.632, 114
Trd, 8638394.482, 113
Trd, 8638394.532, 112
Trd, 8638395.232, 112
Trd, 8638397.232, 91
Trd, 8638398.482, 95
Trd, 8638398.982, 77
Trd, 8638399.132, 95
Trd, 8638399.832, 99
Trd, 8638401.632, 107
Trd, 8638402.782, 83
Trd, 8638403.232, 113
Trd, 8638403.682, 82
Trd, 8638404.582, 128
Trd, 8638406.582, 84
Trd, 8638407.732, 68
Trd, 8638408.232, 92
Trd, 8638408.382, 97
Trd, 8638408.582, 105
Trd, 8638410.932, 108
Trd, 8638411.732, 100
Trd, 8638415.782, 93
Trd, 8638416.282, 100
Trd, 8638417.432, 93
Trd, 8638417.482, 107
Trd, 8638418.032, 92
Trd, 8638418.182, 113
Trd, 8638420.132, 100
Trd, 8638421.632, 90
Trd, 8638421.732, 104
Trd, 8638422.732, 95
Trd, 8638424.632, 97
Trd, 8638425.882, 97
Trd, 8638426.682, 89
Trd, 8638428.582, 88
Trd, 8638428.782, 112
Trd, 8638429.182, 113
Trd, 8638430.182, 96
Trd, 8638432.182, 107
Trd, 8638434.432, 98
Trd, 8638434.732, 113
Trd, 8638434.832, 87
Trd, 8638435.582, 130
Trd, 8638435.632, 86
Trd, 8638436.832, 94
Trd, 8638437.632, 96
Trd, 8638438.582, 103
Trd, 8638439.632, 83
Trd, 8638440.632, 85
Trd, 8638442.332, 101
Trd, 8638442.632, 85
Trd, 8638443.132, 100
Trd, 8638444.632, 97
Trd, 8638445.232, 91
Trd, 8638448.132, 88
Trd, 8638448.332, 101
Trd, 8638448.882, 86
Trd, 8638449.582, 105
Trd, 8638451.632, 83
Trd, 8638452.532, 94
Trd, 8638453.332, 112
Trd, 8638453.982, 86
Trd, 8638455.532, 106
Trd, 8638457.182, 85
Trd, 8638459.482, 93
Trd, 8638460.082, 91
Trd, 8638460.932, 96
Trd, 8638462.682, 81
Trd, 8638463.632, 93
Trd, 8638464.332, 113
Trd, 8638465.282, 80
Trd, 8638466.982, 95
Trd, 8638467.632, 96
Trd, 8638467.982, 97
Trd, 8638470.282, 100
Trd, 8638471.082, 92
Trd, 8638471.732, 103
Trd, 8638472.032, 86
Trd, 8638473.432, 78
Trd, 8638474.082, 101
Trd, 8638475.082, 113
Trd, 8638477.382, 104
Trd, 8638478.032, 92
Trd, 8638478.982, 108
Trd, 8638479.532, 81
Trd, 8638481.832, 105
Trd, 8638483.932, 86
Trd, 8638484.582, 85
Trd, 8638485.232, 103
Trd, 8638486.082, 103
Trd, 8638486.182, 104
Trd, 8638487.782, 90
Trd, 8638489.582, 90
Trd, 8638489.682, 122
Trd, 8638490.382, 113
Trd, 8638492.282, 118
Trd, 8638492.532, 76
Trd, 8638495.182, 109
Trd, 8638495.232, 114
Trd, 8638496.732, 112
Trd, 8638497.732, 105
Trd, 8638498.332, 104
Trd, 8638499.832, 103
Trd, 8638500.232, 88
Trd, 8638501.382, 112
Trd, 8638502.482, 120
Trd, 8638504.632, 120
Trd, 8638505.182, 113
Trd, 8638506.732, 86
Trd, 8638507.382, 95
Trd, 8638510.682, 112
Trd, 8638511.032, 115
Trd, 8638512.132, 88
Trd, 8638514.132, 89
Trd, 8638514.532, 80
Trd, 8638515.232, 131
Trd, 8638515.682, 95
Trd, 8638520.032, 96
Trd, 8638520.482, 91
Trd, 8638520.532, 96
Trd, 8638521.232, 97
Trd, 8638521.932, 78
Trd, 8638522.532, 77
Trd, 8638522.782, 99
Trd, 8638524.532, 103
Trd, 8638525.982, 76
Trd, 8638526.282, 105
Trd, 8638527.482, 98
Trd, 8638527.932, 86
Trd, 8638530.632, 109
Trd, 8638532.382, 87
Trd, 8638534.532, 91
Trd, 8638534.932, 94
Trd, 8638536.582, 87
Trd, 8638537.382, 100
Trd, 8638537.832, 107
Trd, 8638538.282, 88
Trd, 8638539.682, 104
Trd, 8638540.382, 105
Trd, 8638542.582, 97
Trd, 8638543.232, 87
Trd, 8638544.132, 102
Trd, 8638545.032, 107
Trd, 8638545.282, 113
Trd, 8638545.832, 86
Trd, 8638547.782, 90
Trd, 8638548.682, 83
Trd, 8638549.232, 85
Trd, 8638550.432, 91
Trd, 8638552.432, 94
Trd, 8638553.482, 98
Trd, 8638555.132, 101
Trd, 8638556.282, 103
Trd, 8638556.632, 89
Trd, 8638556.782, 77
Trd, 8638557.782, 105
Trd, 8638560.782, 91
Trd, 8638561.532, 91
Trd, 8638562.382, 91
Trd, 8638563.182, 79
Trd, 8638563.682, 96
Trd, 8638564.182, 96
Trd, 8638566.982, 95
Trd, 8638567.632, 80
Trd, 8638568.782, 93
Trd, 8638569.982, 96
Trd, 8638570.232, 83
Trd, 8638570.682, 113
Trd, 8638571.732, 113
Trd, 8638572.782, 80
Trd, 8638573.582, 104
Trd, 8638574.582, 108
Trd, 8638574.782, 109
Trd, 8638578.182, 95
Trd, 8638578.332, 92
Trd, 8638579.182, 78
Trd, 8638580.082, 96
Trd, 8638581.732, 102
Trd, 8638581.982, 109
Trd, 8638583.382, 97
Trd, 8638584.682, 109
Trd, 8638585.782, 84
Trd, 8638586.132, 81
Trd, 8638587.782, 95
Trd, 8638589.882, 95
Trd, 8638590.982, 95
Trd, 8638592.032, 92
Trd, 8638592.332, 78
Trd, 8638593.882, 94
Trd, 8638594.332, 96
Trd, 8638594.932, 78
Trd, 8638596.632, 97
Trd, 8638597.082, 97
Trd, 8638598.382, 97
Trd, 8638599.032, 105
Trd, 8638599.332, 92
Trd, 8638600.732, 107
Trd, 8638601.632, 80
Trd, 8638602.432, 95
Trd, 8638603.032, 96
Trd, 8638603.132, 82
Trd, 8638603.632, 80
Trd, 8638606.032, 109
Trd, 8638606.532, 96
Trd, 8638607.032, 82
Trd, 8638609.782, 97
Trd, 8638609.832, 96
Trd, 8638610.332, 86
Trd, 8638611.632, 113
Trd, 8638612.082, 118
Trd, 8638613.182, 104
Trd, 8638613.932, 103
Trd, 8638614.332, 104
Trd, 8638614.782, 113
Trd, 8638616.532, 80
Trd, 8638617.482, 81
Trd, 8638617.582, 100
Trd, 8638618.082, 106
Trd, 8638618.232, 88
Trd, 8638619.832, 81
Trd, 8638622.182, 100
Trd, 8638622.232, 102
Trd, 8638625.032, 99
Trd, 8638626.332, 86
Trd, 8638627.232, 92
Trd, 8638628.232, 83
Trd, 8638628.482, 93
Trd, 8638628.532, 96
Trd, 8638629.682, 83
Trd, 8638630.782, 110
Trd, 8638630.982, 81
Trd, 8638633.232, 95
Trd, 8638633.382, 103
Trd, 8638634.332, 98
Trd, 8638634.632, 112
Trd, 8638635.632, 86
Trd, 8638635.732, 86
Trd, 8638640.632, 115
Trd, 8638642.232, 92
Trd, 8638642.282, 91
Trd, 8638642.532, 106
Trd, 8638642.582, 113
Trd, 8638643.682, 86
Trd, 8638644.982, 104
Trd, 8638646.732, 101
Trd, 8638647.082, 96
Trd, 8638647.482, 102
Trd, 8638648.832, 85
Trd, 8638649.482, 95
Trd, 8638651.282, 103
Trd, 8638651.982, 81
Trd, 8638652.482, 109
Trd, 8638653.232, 82
Trd, 8638657.332, 89
Trd, 8638658.182, 98
Trd, 8638658.582, 104
Trd, 8638658.832, 107
Trd, 8638660.182, 95
Trd, 8638661.482, 104
Trd, 8638661.682, 94
Trd, 8638662.632, 93
Trd, 8638664.082, 104
Trd, 8638664.732, 77
Trd, 8638667.432, 93
Trd, 8638667.582, 94
Trd, 8638669.232, 104
Trd, 8638669.932, 77
Trd, 8638670.832, 96
Trd, 8638672.132, 99
Trd, 8638673.382, 81
Trd, 8638673.932, 84
Trd, 8638674.582, 104
Trd, 8638674.932, 105
Trd, 8638677.182, 111
Trd, 8638677.482, 113
Trd, 8638680.382, 92
Trd, 8638680.832, 93
Trd, 8638681.782, 96
Trd, 8638682.482, 98
Trd, 8638683.032, 113
Trd, 8638684.232, 86
Trd, 8638684.782, 106
Trd, 8638685.582, 72
Trd, 8638687.582, 93
Trd, 8638687.882, 102
Trd, 8638689.582, 94
Trd, 8638691.732, 95
Trd, 8638692.632, 95
Trd, 8638693.182, 96
Trd, 8638693.482, 95
Trd, 8638694.732, 110
Trd, 8638695.032, 77
Trd, 8638696.482, 130
Trd, 8638698.482, 113
Trd, 8638698.782, 86
Trd, 8638699.532, 87
Trd, 8638700.482, 103
Trd, 8638700.982, 104
Trd, 8638701.832, 100
Trd, 8638702.832, 99
Trd, 8638703.882, 99
Trd, 8638705.282, 99
Trd, 8638705.432, 105
Trd, 8638705.632, 99
Trd, 8638706.132, 112
Trd, 8638706.882, 105
Trd, 8638707.532, 88
Trd, 8638708.382, 86
Trd, 8638709.932, 79
Trd, 8638710.682, 77
Trd, 8638711.582, 95
Trd, 8638711.982, 117
Trd, 8638713.682, 112
Trd, 8638715.182, 81
Trd, 8638717.432, 106
Trd, 8638717.832, 78
Trd, 8638718.732, 95
Trd, 8638719.132, 104
Trd, 8638720.232, 105
Trd, 8638720.582, 96
Trd, 8638722.882, 93
Trd, 8638723.932, 96
Trd, 8638724.232, 105
Trd, 8638724.382, 86
Trd, 8638725.082, 113
Trd, 8638728.232, 101
Trd, 8638728.532, 109
Trd, 8638728.632, 84
Trd, 8638730.332, 103
Trd, 8638730.682, 87
Trd, 8638730.732, 86
Trd, 8638730.932, 96
Trd, 8638734.282, 100
Trd, 8638735.782, 104
Trd, 8638737.432, 100
Trd, 8638737.982, 101
Trd, 8638738.232, 99
Trd, 8638739.982, 113
Trd, 8638740.082, 125
Trd, 8638741.632, 90
Trd, 8638742.582, 86
Trd, 8638742.982, 85
Trd, 8638744.032, 86
Trd, 8638744.982, 88
Trd, 8638747.132, 69
Trd, 8638747.582, 92
Trd, 8638747.932, 103
Trd, 8638749.932, 106
Trd, 8638750.232, 113
Trd, 8638751.082, 113
Trd, 8638752.032, 112
Trd, 8638753.332, 130
Trd, 8638753.832, 87
Trd, 8638754.582, 86
Trd, 8638757.582, 93
Trd, 8638757.732, 93
Trd, 8638758.682, 95
Trd, 8638759.132, 110
Trd, 8638759.432, 133
Trd, 8638761.482, 104
Trd, 8638761.982, 105
Trd, 8638762.882, 113
Trd, 8638764.132, 93
Trd, 8638765.882, 113
Trd, 8638765.982, 112
Trd, 8638766.182, 126
Trd, 8638766.682, 86
Trd, 8638767.132, 108
Trd, 8638768.232, 78
Trd, 8638770.482, 93
Trd, 8638771.832, 79
Trd, 8638772.032, 98
Trd, 8638772.532, 89
Trd, 8638773.232, 138
Trd, 8638774.082, 104
Trd, 8638775.632, 81
Trd, 8638777.732, 92
Trd, 8638778.632, 92
Trd, 8638780.432, 91
Trd, 8638781.482, 91
Trd, 8638782.632, 87
Trd, 8638782.682, 91
Trd, 8638783.432, 80
Trd, 8638785.432, 97
Trd, 8638786.432, 83
Trd, 8638787.232, 99
Trd, 8638787.732, 104
Trd, 8638788.932, 83
Trd, 8638789.582, 101
Trd, 8638790.632, 95
Trd, 8638790.832, 95
Trd, 8638791.232, 93
Trd, 8638793.932, 104
Trd, 8638794.132, 104
Trd, 8638794.382, 125
Trd, 8638797.732, 101
Trd, 8638797.882, 104
Trd, 8638798.582, 99
Trd, 8638799.982, 95
Trd, 8638800.982, 113
Trd, 8638801.482, 112
Trd, 8638803.782, 105
Trd, 8638804.332, 72
Trd, 8638805.432, 77
Trd, 8638806.132, 69
Trd, 8638806.332, 111
Trd, 8638806.682, 69
Trd, 8638808.882, 95
Trd, 8638809.132, 67
Trd, 8638810.182, 110
Trd, 8638811.132, 82
Trd, 8638811.732, 101
Trd, 8638811.882, 113
Trd, 8638812.682, 84
Trd, 8638813.632, 113
Trd, 8638815.282, 88
Trd, 8638816.532, 101
Trd, 8638817.782, 77
Trd, 8638819.882, 106
Trd, 8638820.082, 76
Trd, 8638821.482, 106
Trd, 8638823.132, 72
Trd, 8638823.182, 104
Trd, 8638823.882, 95
Trd, 8638824.782, 128
Trd, 8638825.332, 109
Trd, 8638827.632, 104
Trd, 8638829.032, 113
Trd, 8638829.532, 121
Trd, 8638830.732, 89
Trd, 8638832.232, 86
Trd, 8638832.782, 122
Trd, 8638833.332, 133
Trd, 8638833.832, 113
Trd, 8638834.832, 77
Trd, 8638835.732, 77
Trd, 8638835.982, 103
Trd, 8638838.932, 79
Trd, 8638838.982, 97
Trd, 8638839.732, 107
Trd, 8638841.782, 97
Trd, 8638842.432, 85
Trd, 8638843.082, 85
Trd, 8638843.432, 95
Trd, 8638843.882, 126
Trd, 8638845.332, 79
Trd, 8638847.832, 102
Trd, 8638849.532, 94
Trd, 8638850.782, 94
Trd, 8638851.882, 90
Trd, 8638851.982, 95
Trd, 8638853.382, 89
Trd, 8638854.182, 98
Trd, 8638855.232, 86
Trd, 8638855.382, 104
Trd, 8638856.132, 77
Trd, 8638858.682, 128
Trd, 8638859.132, 129
Trd, 8638859.432, 75
Trd, 8638860.332, 104
Trd, 8638863.632, 91
Trd, 8638863.682, 89
Trd, 8638863.732, 128
Trd, 8638864.682, 99
Trd, 8638866.832, 105
Trd, 8638866.882, 106
Trd, 8638867.732, 78
Trd, 8638869.232, 99
Trd, 8638870.282, 83
Trd, 8638871.582, 91
Trd, 8638873.332, 94
Trd, 8638873.582, 87
Trd, 8638873.932, 98
Trd, 8638874.182, 86
Trd, 8638876.432, 112
Trd, 8638876.732, 131
Trd, 8638876.882, 88
Trd, 8638879.482, 80
Trd, 8638880.732, 79
Trd, 8638880.932, 94
Trd, 8638882.432, 93
Trd, 8638883.932, 100
Trd, 8638884.432, 86
Trd, 8638886.682, 88
Trd, 8638887.332, 100
Trd, 8638889.582, 79
Trd, 8638889.932, 100
Trd, 8638891.632, 93
Trd, 8638893.982, 83
Trd, 8638895.082, 99
Trd, 8638895.282, 101
Trd, 8638895.482, 78
Trd, 8638896.382, 79
Trd, 8638897.682, 105
Trd, 8638898.882, 98
Trd, 8638900.032, 105
Trd, 8638900.332, 85
Trd, 8638901.682, 104
Trd, 8638902.982, 89
Trd, 8638904.182, 86
Trd, 8638904.782, 97
Trd, 8638906.382, 101
Trd, 8638908.632, 92
Trd, 8638909.282, 82
Trd, 8638910.932, 97
Trd, 8638911.432, 88
Trd, 8638911.832, 112
Trd, 8638913.332, 85
Trd, 8638913.632, 84
Trd, 8638916.632, 80
Trd, 8638917.232, 95
Trd, 8638917.832, 104
Trd, 8638918.282, 110
Trd, 8638918.632, 112
Trd, 8638919.432, 98
Trd, 8638920.382, 96
Trd, 8638921.182, 113
Trd, 8638921.632, 128
Trd, 8638921.982, 86
Trd, 8638922.732, 140
Trd, 8638923.932, 94
Trd, 8638926.432, 95
Trd, 8638927.332, 95
Trd, 8638928.532, 91
Trd, 8638930.932, 100
Trd, 8638932.082, 92
Trd, 8638933.382, 98
Trd, 8638933.732, 82
Trd, 8638934.182, 95
Trd, 8638935.832, 96
Trd, 8638935.982, 110
Trd, 8638936.282, 82
Trd, 8638936.932, 113
Trd, 8638939.582, 79
Trd, 8638939.832, 108
Trd, 8638942.432, 81
Trd, 8638942.632, 86
Trd, 8638943.832, 85
Trd, 8638945.132, 86
Trd, 8638945.682, 95
Trd, 8638946.132, 86
Trd, 8638946.782, 131
Trd, 8638948.582, 77
Trd, 8638948.732, 76
Trd, 8638950.382, 104
Trd, 8638950.632, 125
Trd, 8638951.782, 94
Trd, 8638952.432, 95
Trd, 8638952.732, 78
Trd, 8638953.982, 101
Trd, 8638954.932, 81
Trd, 8638957.182, 84
Trd, 8638957.482, 83
Trd, 8638958.982, 97
Trd, 8638959.532, 112
Trd, 8638960.932, 110
Trd, 8638962.982, 85
Trd, 8638963.832, 94
Trd, 8638964.582, 103
Trd, 8638964.682, 89
Trd, 8638964.782, 113
Trd, 8638967.232, 96
Trd, 8638967.782, 102
Trd, 8638968.282, 103
Trd, 8638968.882, 99
Trd, 8638969.832, 100
Trd, 8638970.982, 104
Trd, 8638972.832, 102
Trd, 8638973.682, 113
Trd, 8638973.732, 112
Trd, 8638974.732, 104
Trd, 8638975.682, 120
Trd, 8638977.932, 114
Trd, 8638979.932, 95
Trd, 8638980.432, 93
Trd, 8638981.232, 101
Trd, 8638981.682, 92
Trd, 8638984.232, 105
Trd, 8638984.632, 86
Trd, 8638984.782, 77
Trd, 8638986.482, 96
Trd, 8638987.932, 121
Trd, 8638988.132, 111
Trd, 8638989.832, 115
Trd, 8638993.282, 98
Trd, 8638993.382, 105
Trd, 8638993.982, 107
Trd, 8638994.532, 113
Trd, 8638994.982, 100
Trd, 8638995.282, 86
Trd, 8638997.132, 94
Trd, 8638997.382, 81
Trd, 8638998.832, 93
Trd, 8638999.332, 82
Trd, 8639001.682, 94
Trd, 8639002.532, 93
Trd, 8639004.732, 92
Trd, 8639005.032, 92
Trd, 8639005.532, 104
Trd, 8639006.632, 95
Trd, 8639007.682, 112
Trd, 8639008.332, 92
Trd, 8639008.482, 96
Trd, 8639009.432, 132
Trd, 8639010.682, 87
Trd, 8639012.482, 102
Trd, 8639013.882, 97
Trd, 8639014.782, 97
Trd, 8639015.532, 79
Trd, 8639016.032, 78
Trd, 8639019.982, 79
Trd, 8639021.532, 97
Trd, 8639022.082, 78
Trd, 8639023.682, 93
Trd, 8639024.482, 97
Trd, 8639025.632, 82
Trd, 8639025.932, 80
Trd, 8639026.582, 103
Trd, 8639027.532, 80
Trd, 8639028.632, 94
Trd, 8639028.682, 95
Trd, 8639028.832, 113
Trd, 8639031.982, 80
Trd, 8639033.432, 80
Trd, 8639034.832, 102
Trd, 8639036.382, 102
Trd, 8639037.282, 104
Trd, 8639038.882, 95
Trd, 8639039.432, 105
Trd, 8639039.482, 105
Trd, 8639040.832, 97
Trd, 8639042.682, 89
Trd, 8639042.932, 112
Trd, 8639043.532, 113
Trd, 8639045.032, 86
Trd, 8639045.682, 130
Trd, 8639047.932, 71
Trd, 8639049.632, 84
Trd, 8639050.332, 86
Trd, 8639051.282, 94
Trd, 8639051.682, 84
Trd, 8639053.382, 95
Trd, 8639053.532, 77
Trd, 8639056.282, 78
Trd, 8639056.632, 86
Trd, 8639057.032, 104
Trd, 8639058.282, 104
Trd, 8639058.732, 86
Trd, 8639059.382, 95
Trd, 8639059.732, 107
Trd, 8639061.232, 83
Trd, 8639063.982, 114
Trd, 8639065.132, 114
Trd, 8639065.882, 113
Trd, 8639066.632, 112
Trd, 8639067.082, 104
Trd, 8639067.282, 112
Trd, 8639067.332, 113
Trd, 8639068.332, 86
Trd, 8639070.432, 83
Trd, 8639072.632, 104
Trd, 8639073.782, 108
Trd, 8639074.482, 111
Trd, 8639075.132, 92
Trd, 8639076.182, 98
Trd, 8639076.532, 92
Trd, 8639077.232, 131
Trd, 8639077.982, 104
Trd, 8639079.432, 114
Trd, 8639079.732, 113
Trd, 8639080.032, 77
Trd, 8639081.532, 122
Trd, 8639085.082, 111
Trd, 8639085.782, 97
Trd, 8639086.432, 98
Trd, 8639086.632, 96
Trd, 8639086.732, 95
Trd, 8639088.182, 113
Trd, 8639090.682, 97
Trd, 8639091.032, 95
Trd, 8639092.232, 77
Trd, 8639093.032, 97
Trd, 8639093.482, 99
Trd, 8639094.732, 131
Trd, 8639095.232, 133
Trd, 8639096.032, 71
Trd, 8639097.732, 94
Trd, 8639097.832, 95
Trd, 8639098.882, 93
Trd, 8639099.132, 86
Trd, 8639099.832, 113
Trd, 8639103.532, 91
Trd, 8639104.032, 92
Trd, 8639106.032, 100
Trd, 8639106.932, 97
Trd, 8639107.232, 78
Trd, 8639108.282, 78
Trd, 8639108.932, 105
Trd, 8639109.482, 110
Trd, 8639110.832, 79
Trd, 8639110.982, 112
Trd, 8639112.982, 95
Trd, 8639114.032, 111
Trd, 8639114.932, 88
Trd, 8639115.732, 106
Trd, 8639116.482, 86
Trd, 8639120.232, 96
Trd, 8639120.682, 95
Trd, 8639121.332, 103
Trd, 8639121.582, 86
Trd, 8639123.682, 99
Trd, 8639124.082, 100
Trd, 8639125.132, 111
Trd, 8639125.632, 88
Trd, 8639127.282, 99
Trd, 8639128.832, 86
Trd, 8639130.532, 98
Trd, 8639130.882, 83
Trd, 8639131.332, 95
Trd, 8639133.182, 87
Trd, 8639133.382, 103
Trd, 8639135.382, 89
Trd, 8639135.932, 100
Trd, 8639137.582, 100
Trd, 8639138.482, 84
Trd, 8639138.782, 107
Trd, 8639140.032, 113
Trd, 8639140.132, 87
Trd, 8639141.882, 95
Trd, 8639143.132, 104
Trd, 8639144.482, 91
Trd, 8639145.032, 129
Trd, 8639148.182, 99
Trd, 8639148.532, 134
Trd, 8639149.132, 131
Trd, 8639150.232, 96
Trd, 8639152.082, 105
Trd, 8639152.532, 88
Trd, 8639152.832, 87
Trd, 8639154.682, 111
Trd, 8639154.882, 91
Trd, 8639157.132, 95
Trd, 8639157.532, 88
Trd, 8639158.032, 95
Trd, 8639159.232, 101
Trd, 8639161.532, 92
Trd, 8639163.182, 101
Trd, 8639163.432, 86
Trd, 8639163.782, 101
Trd, 8639165.182, 76
Trd, 8639165.682, 70
Trd, 8639166.432, 80
Trd, 8639166.482, 98
Trd, 8639171.032, 103
Trd, 8639171.832, 92
Trd, 8639172.582, 105
Trd, 8639173.482, 111
Trd, 8639173.632, 91
Trd, 8639174.232, 86
Trd, 8639175.782, 98
Trd, 8639177.232, 128
Trd, 8639177.982, 103
Trd, 8639178.432, 93
Trd, 8639179.482, 102
Trd, 8639180.032, 93
Trd, 8639180.632, 109
Trd, 8639181.182, 86
Trd, 8639183.232, 113
Trd, 8639183.432, 110
Trd, 8639185.082, 128
Trd, 8639186.332, 134
Trd, 8639188.032, 95
Trd, 8639188.682, 61
Trd, 8639189.732, 64
Trd, 8639192.032, 73
Trd, 8639192.082, 86
Trd, 8639193.682, 98
Trd, 8639193.882, 100
Trd, 8639195.882, 102
Trd, 8639196.982, 94
Trd, 8639197.032, 95
Trd, 8639198.332, 112
Trd, 8639201.182, 125
Trd, 8639202.032, 116
Trd, 8639202.732, 121
Trd, 8639203.082, 113
Trd, 8639204.082, 104
Trd, 8639204.582, 113
Trd, 8639204.882, 136
Trd, 8639205.882, 78
Trd, 8639206.932, 82
Trd, 8639208.482, 103
Trd, 8639210.382, 113
Trd, 8639210.532, 133
Trd, 8639211.282, 96
Trd, 8639213.232, 90
Trd, 8639214.432, 91
Trd, 8639217.332, 102
Trd, 8639218.382, 102
Trd, 8639218.782, 92
Trd, 8639218.982, 113
Trd, 8639219.382, 90
Trd, 8639220.882, 103
Trd, 8639222.382, 86
Trd, 8639222.532, 85
Trd, 8639222.632, 107
Trd, 8639223.832, 111
Trd, 8639223.932, 112
Trd, 8639225.982, 109
Trd, 8639227.332, 82
Trd, 8639227.532, 81
Trd, 8639228.632, 95
Trd, 8639230.782, 79
Trd, 8639231.782, 97
Trd, 8639231.832, 99
Trd, 8639231.932, 79
Trd, 8639233.682, 106
Trd, 8639234.082, 79
Trd, 8639235.182, 108
Trd, 8639237.582, 106
Trd, 8639238.382, 99
Trd, 8639239.532, 125
Trd, 8639239.782, 99
Trd, 8639240.032, 86
Trd, 8639240.482, 104
Trd, 8639241.732, 78
Trd, 8639242.732, 92
Trd, 8639244.682, 82
Trd, 8639246.432, 92
Trd, 8639248.032, 89
Trd, 8639248.732, 103
Trd, 8639249.132, 88
Trd, 8639250.682, 93
Trd, 8639250.782, 86
Trd, 8639251.132, 94
Trd, 8639253.282, 107
Trd, 8639255.132, 113
Trd, 8639256.282, 93
Trd, 8639257.032, 94
Trd, 8639257.382, 94
Trd, 8639258.682, 97
Trd, 8639259.232, 113
Trd, 8639261.032, 87
Trd, 8639263.182, 103
Trd, 8639263.982, 113
Trd, 8639264.132, 84
Trd, 8639264.432, 104
Trd, 8639264.832, 79
Trd, 8639265.282, 104
Trd, 8639267.182, 77
Trd, 8639268.382, 95
Trd, 8639271.482, 97
Trd, 8639271.882, 82
Trd, 8639272.432, 96
Trd, 8639272.932, 96
Trd, 8639275.682, 88
Trd, 8639276.832, 95
Trd, 8639278.582, 90
Trd, 8639278.932, 98
Trd, 8639279.282, 98
Trd, 8639279.382, 91
Trd, 8639280.782, 88
Trd, 8639282.882, 91
Trd, 8639283.432, 96
Trd, 8639283.832, 104
Trd, 8639284.482, 107
Trd, 8639284.532, 109
Trd, 8639285.432, 87
Trd, 8639288.482, 113
Trd, 8639289.582, 113
Trd, 8639290.232, 97
Trd, 8639290.982, 102
Trd, 8639291.982, 77
Trd, 8639292.882, 105
Trd, 8639295.182, 104
Trd, 8639297.932, 103
Trd, 8639298.282, 93
Trd, 8639298.682, 104
Trd, 8639299.982, 93
Trd, 8639300.032, 105
Trd, 8639301.132, 86
Trd, 8639301.282, 95
Trd, 8639302.182, 77
Trd, 8639306.382, 104
Trd, 8639306.532, 112
Trd, 8639306.982, 96
Trd, 8639307.282, 91
Trd, 8639309.682, 88
Trd, 8639309.832, 108
Trd, 8639311.082, 78
Trd, 8639312.282, 98
Trd, 8639312.732, 95
Trd, 8639314.582, 79
Trd, 8639314.832, 91
Trd, 8639315.032, 92
Trd, 8639316.732, 77
Trd, 8639317.332, 77
Trd, 8639320.082, 96
Trd, 8639321.532, 102
Trd, 8639322.782, 97
Trd, 8639323.482, 107
Trd, 8639323.982, 80
Trd, 8639326.732, 96
Trd, 8639327.182, 95
Trd, 8639327.582, 86
Trd, 8639327.732, 106
Trd, 8639329.782, 97
Trd, 8639331.632, 83
Trd, 8639331.932, 110
Trd, 8639332.832, 104
Trd, 8639334.382, 97
Trd, 8639334.932, 78
Trd, 8639335.932, 95
Trd, 8639336.282, 79
Trd, 8639338.482, 80
Trd, 8639338.732, 101
Trd, 8639339.982, 105
Trd, 8639341.582, 105
Trd, 8639342.982, 108
Trd, 8639343.132, 113
Trd, 8639344.132, 86
Trd, 8639344.832, 77
Trd, 8639346.282, 92
Trd, 8639348.532, 91
Trd, 8639349.282, 105
Trd, 8639350.532, 95
Trd, 8639351.332, 95
Trd, 8639351.882, 83
Trd, 8639352.532, 95
Trd, 8639353.132, 87
Trd, 8639353.732, 96
Trd, 8639355.882, 127
Trd, 8639358.182, 91
Trd, 8639359.182, 92
Trd, 8639359.482, 91
Trd, 8639360.232, 92
Trd, 8639360.732, 96
Trd, 8639361.382, 131
Trd, 8639362.582, 131
Trd, 8639363.932, 78
Trd, 8639364.432, 77
Trd, 8639366.882, 82
Trd, 8639367.082, 90
Trd, 8639367.832, 82
Trd, 8639368.182, 89
Trd, 8639370.032, 95
Trd, 8639371.782, 86
Trd, 8639372.632, 92
Trd, 8639373.532, 93
Trd, 8639375.482, 88
Trd, 8639375.682, 98
Trd, 8639377.782, 90
Trd, 8639378.882, 87
Trd, 8639380.032, 97
Trd, 8639380.082, 99
Trd, 8639380.482, 105
Trd, 8639380.982, 86
Trd, 8639383.782, 98
Trd, 8639385.282, 85
Trd, 8639386.582, 101
Trd, 8639386.632, 103
Trd, 8639386.682, 85
Trd, 8639387.382, 105
Trd, 8639387.582, 84
Trd, 8639389.282, 95
Trd, 8639390.932, 105
Trd, 8639391.932, 89
Trd, 8639392.982, 103
Trd, 8639394.982, 82
Trd, 8639395.582, 110
Trd, 8639398.082, 93
Trd, 8639398.182, 95
Trd, 8639399.032, 104
Trd, 8639400.832, 92
Trd, 8639400.932, 95
Trd, 8639401.132, 133
Trd, 8639401.282, 86
Trd, 8639402.582, 131
Trd, 8639403.632, 70
Trd, 8639403.682, 68
Trd, 8639405.682, 113
Trd, 8639406.732, 79
Trd, 8639409.032, 118
Trd, 8639409.432, 112
Trd, 8639410.432, 118
Trd, 8639411.382, 78
Trd, 8639412.332, 98
Trd, 8639413.082, 95
Trd, 8639415.032, 82
Trd, 8639415.782, 80
Trd, 8639416.632, 103
Trd, 8639416.682, 104
Trd, 8639417.532, 95
Trd, 8639417.582, 77
Trd, 8639418.882, 99
Trd, 8639423.782, 80
Trd, 8639424.882, 78
Trd, 8639425.432, 97
Trd, 8639425.482, 98
Trd, 8639426.682, 71
Trd, 8639427.282, 97
Trd, 8639428.332, 98
Trd, 8639429.082, 95
Trd, 8639430.532, 113
Trd, 8639431.332, 93
Trd, 8639432.832, 97
Trd, 8639433.082, 77
Trd, 8639435.632, 100
Trd, 8639435.832, 95
Trd, 8639436.382, 101
Trd, 8639436.682, 107
Trd, 8639438.532, 105
Trd, 8639440.382, 88
Trd, 8639440.932, 86
Trd, 8639442.332, 98
Trd, 8639443.332, 89
Trd, 8639443.632, 100
Trd, 8639443.782, 88
Trd, 8639448.232, 98
Trd, 8639448.482, 95
Trd, 8639449.882, 111
Trd, 8639451.382, 94
Trd, 8639451.682, 91
Trd, 8639454.732, 80
Trd, 8639454.932, 108
Trd, 8639454.982, 109
Trd, 8639455.132, 80
Trd, 8639455.432, 113
Trd, 8639455.932, 80
Trd, 8639458.682, 97
Trd, 8639458.882, 99
Trd, 8639461.032, 76
Trd, 8639461.732, 94
Trd, 8639462.932, 79
Trd, 8639463.982, 99
Trd, 8639464.182, 108
Trd, 8639464.282, 83
Trd, 8639465.782, 95
Trd, 8639468.532, 113
Trd, 8639469.082, 127
Trd, 8639470.132, 128
Trd, 8639471.232, 92
Trd, 8639471.732, 95
Trd, 8639473.832, 99
Trd, 8639476.082, 104
Trd, 8639476.882, 95
Trd, 8639478.032, 96
Trd, 8639478.382, 96
Trd, 8639479.032, 87
Trd, 8639480.882, 80
Trd, 8639481.182, 95
Trd, 8639482.332, 104
Trd, 8639483.232, 83
Trd, 8639483.682, 111
Trd, 8639484.282, 87
Trd, 8639485.732, 114
Trd, 8639486.382, 113
Trd, 8639488.632, 112
Trd, 8639489.832, 96
Trd, 8639490.582, 96
Trd, 8639492.382, 95
Trd, 8639492.582, 92
Trd, 8639493.532, 77
Trd, 8639494.432, 92
Trd, 8639494.582, 96
Trd, 8639495.882, 102
Trd, 8639496.732, 77
Trd, 8639497.232, 112
Trd, 8639500.932, 101
Trd, 8639501.282, 107
Trd, 8639501.332, 87
Trd, 8639502.082, 87
Trd, 8639502.682, 111
Trd, 8639504.832, 96
Trd, 8639506.082, 97
Trd, 8639506.182, 113
Trd, 8639507.132, 83
Trd, 8639508.832, 101
Trd, 8639508.982, 102
Trd, 8639510.932, 91
Trd, 8639511.082, 90
Trd, 8639511.132, 105
Trd, 8639512.782, 131
Trd, 8639514.632, 113
Trd, 8639515.832, 104
Trd, 8639516.332, 107
Trd, 8639517.782, 82
Trd, 8639518.882, 97
Trd, 8639520.032, 83
Trd, 8639520.132, 122
Trd, 8639521.132, 112
Trd, 8639521.482, 104
Trd, 8639523.382, 114
Trd, 8639523.682, 113
Trd, 8639524.832, 86
Trd, 8639525.482, 110
Trd, 8639527.882, 80
Trd, 8639528.482, 98
Trd, 8639529.282, 107
Trd, 8639530.132, 83
Trd, 8639531.732, 112
Trd, 8639533.082, 96
Trd, 8639534.582, 86
Trd, 8639536.382, 99
Trd, 8639537.032, 92
Trd, 8639537.932, 97
Trd, 8639538.532, 97
Trd, 8639541.332, 81
Trd, 8639541.382, 80
Trd, 8639541.982, 98
Trd, 8639543.732, 95
Trd, 8639543.932, 103
Trd, 8639544.082, 86
Trd, 8639545.832, 104
Trd, 8639546.882, 82
Trd, 8639547.232, 97
Trd, 8639549.832, 95
Trd, 8639550.632, 111
Trd, 8639551.632, 82
Trd, 8639552.332, 105
Trd, 8639553.882, 77
Trd, 8639555.582, 67
Trd, 8639556.732, 69
Trd, 8639557.832, 83
Trd, 8639558.332, 86
Trd, 8639559.732, 70
Trd, 8639562.532, 77
Trd, 8639562.732, 89
Trd, 8639562.832, 90
Trd, 8639564.832, 79
Trd, 8639567.532, 101
Trd, 8639567.582, 103
Trd, 8639567.732, 113
Trd, 8639568.932, 114
Trd, 8639569.582, 113
Trd, 8639573.932, 96
Trd, 8639576.132, 95
Trd, 8639576.582, 102
Trd, 8639576.932, 104
Trd, 8639577.182, 89
Trd, 8639577.482, 88
Trd, 8639580.432, 108
Trd, 8639581.382, 97
Trd, 8639582.082, 93
Trd, 8639582.132, 92
Trd, 8639582.482, 107
Trd, 8639582.782, 91
Trd, 8639583.532, 105
Trd, 8639584.132, 128
Trd, 8639585.082, 100
Trd, 8639589.182, 96
Trd, 8639589.832, 96
Trd, 8639590.182, 94
Trd, 8639591.082, 94
Trd, 8639591.182, 95
Trd, 8639592.282, 82
Trd, 8639593.732, 105
Trd, 8639594.582, 132
Trd, 8639594.832, 80
Trd, 8639596.582, 130
Trd, 8639597.182, 122
Trd, 8639597.482, 104
Trd, 8639599.682, 101
Trd, 8639600.532, 103
Trd, 8639602.182, 103
Trd, 8639602.332, 91
Trd, 8639602.782, 86
Trd, 8639603.832, 108
Trd, 8639604.632, 82
Trd, 8639605.382, 106
Trd, 8639605.482, 95
Trd, 8639606.482, 132
Trd, 8639608.882, 81
Trd, 8639609.482, 112
Trd, 8639610.082, 129
Trd, 8639611.382, 83
Trd, 8639611.682, 107
Trd, 8639613.982, 103
Trd, 8639614.982, 84
Trd, 8639615.182, 82
Trd, 8639617.732, 96
Trd, 8639619.182, 95
Trd, 8639619.632, 92
Trd, 8639619.982, 99
Trd, 8639621.532, 105
Trd, 8639621.632, 113
Trd, 8639622.082, 77
Trd, 8639625.482, 81
Trd, 8639626.632, 95
Trd, 8639627.582, 94
Trd, 8639628.382, 88
Trd, 8639628.582, 94
Trd, 8639630.632, 89
Trd, 8639631.082, 107
Trd, 8639631.982, 96
Trd, 8639632.382, 88
Trd, 8639632.782, 129
Trd, 8639633.482, 86
Trd, 8639634.132, 107
Trd, 8639635.532, 130
Trd, 8639638.882, 89
Trd, 8639638.982, 101
Trd, 8639640.682, 105
Trd, 8639640.782, 106
Trd, 8639640.832, 88
Trd, 8639642.132, 109
Trd, 8639643.332, 95
Trd, 8639644.082, 88
Trd, 8639646.232, 92
Trd, 8639646.582, 94
Trd, 8639647.332, 85
Trd, 8639650.382, 99
Trd, 8639652.232, 94
Trd, 8639652.682, 93
Trd, 8639652.732, 86
Trd, 8639653.032, 95
Trd, 8639653.332, 112
Trd, 8639654.732, 131
Trd, 8639654.932, 104
Trd, 8639655.632, 93
Trd, 8639656.482, 129
Trd, 8639657.182, 82
Trd, 8639658.582, 81
Trd, 8639659.982, 98
Trd, 8639661.332, 99
Trd, 8639662.432, 95
Trd, 8639662.832, 94
Trd, 8639663.982, 105
Trd, 8639665.282, 112
Trd, 8639665.482, 113
Trd, 8639666.232, 79
Trd, 8639666.682, 78
Trd, 8639667.232, 113
Trd, 8639668.832, 101
Trd, 8639669.782, 89
Trd, 8639670.432, 89
Trd, 8639670.732, 108
Trd, 8639672.882, 95
Trd, 8639674.732, 102
Trd, 8639675.182, 95
Trd, 8639676.682, 95
Trd, 8639677.932, 96
Trd, 8639677.982, 104
Trd, 8639678.482, 86
Trd, 8639680.182, 107
Trd, 8639680.732, 104
Trd, 8639683.032, 93
Trd, 8639683.682, 92
Trd, 8639684.132, 95
Trd, 8639684.482, 86
Trd, 8639686.182, 94
Trd, 8639688.032, 97
Trd, 8639688.382, 105
Trd, 8639688.782, 111
Trd, 8639690.382, 99
Trd, 8639690.432, 98
Trd, 8639691.232, 111
Trd, 8639692.932, 78
Trd, 8639694.232, 106
Trd, 8639694.832, 81
Trd, 8639694.882, 113
Trd, 8639696.482, 112
Trd, 8639696.532, 126
Trd, 8639697.932, 89
Trd, 8639698.982, 110
Trd, 8639699.982, 109
Trd, 8639700.182, 77
Trd, 8639702.732, 86
Trd, 8639703.182, 103
Trd, 8639704.732, 77
Trd, 8639705.282, 99
Trd, 8639708.282, 97
Trd, 8639708.782, 96
Trd, 8639709.282, 88
Trd, 8639710.782, 96
Trd, 8639711.232, 105
Trd, 8639711.932, 92
Trd, 8639712.732, 91
Trd, 8639714.632, 113
Trd, 8639717.232, 89
Trd, 8639717.582, 103
Trd, 8639718.582, 101
Trd, 8639718.982, 106
Trd, 8639719.532, 107
Trd, 8639723.382, 91
Trd, 8639723.632, 100
Trd, 8639723.832, 88
Trd, 8639724.182, 97
Trd, 8639726.132, 87
Trd, 8639726.382, 107
Trd, 8639728.332, 95
Trd, 8639729.982, 96
Trd, 8639730.632, 84
Trd, 8639732.482, 94
Trd, 8639732.882, 96
Trd, 8639733.532, 133
Trd, 8639734.282, 86
Trd, 8639735.432, 130
Trd, 8639735.582, 112
Trd, 8639736.732, 109
Trd, 8639737.632, 132
Trd, 8639738.832, 105
Trd, 8639738.982, 77
Trd, 8639740.182, 113
Trd, 8639741.782, 106
Trd, 8639743.082, 87
Trd, 8639744.932, 89
Trd, 8639746.432, 76
Trd, 8639747.332, 89
Trd, 8639748.032, 77
Trd, 8639748.482, 97
Trd, 8639749.782, 102
Trd, 8639750.632, 103
Trd, 8639750.682, 82
Trd, 8639752.932, 94
Trd, 8639753.782, 86
Trd, 8639755.582, 92
Trd, 8639755.732, 98
Trd, 8639756.832, 87
Trd, 8639757.932, 107
Trd, 8639758.832, 110
Trd, 8639760.382, 112
Trd, 8639761.232, 84
Trd, 8639761.532, 107
Trd, 8639762.082, 86
Trd, 8639762.382, 85
Trd, 8639764.032, 111
Trd, 8639766.132, 96
Trd, 8639767.432, 104
Trd, 8639767.832, 98
Trd, 8639768.132, 86
Trd, 8639768.332, 107
Trd, 8639769.132, 82
Trd, 8639769.882, 111
Trd, 8639773.582, 86
Trd, 8639774.982, 93
Trd, 8639775.932, 93
Trd, 8639777.832, 93
Trd, 8639778.732, 103
Trd, 8639778.982, 90
Trd, 8639780.732, 93
Trd, 8639781.332, 111
Trd, 8639783.132, 93
Trd, 8639783.282, 89
Trd, 8639783.832, 109
Trd, 8639783.932, 127
Trd, 8639785.832, 103
Trd, 8639786.232, 82
Trd, 8639788.232, 103
Trd, 8639789.732, 102
Trd, 8639790.432, 93
Trd, 8639790.532, 129
Trd, 8639791.382, 93
Trd, 8639793.032, 103
Trd, 8639793.382, 96
Trd, 8639795.332, 88
Trd, 8639796.232, 103
Trd, 8639796.582, 88
Trd, 8639798.182, 103
Trd, 8639801.882, 95
Trd, 8639802.132, 97
Trd, 8639802.382, 89
Trd, 8639802.582, 88
Trd, 8639805.032, 106
Trd, 8639805.632, 78
Trd, 8639806.232, 106
Trd, 8639809.732, 102
Trd, 8639810.232, 86
Trd, 8639810.732, 87
Trd, 8639810.782, 86
Trd, 8639810.882, 105
Trd, 8639814.282, 94
Trd, 8639816.182, 92
Trd, 8639817.032, 97
Trd, 8639817.732, 91
Trd, 8639818.482, 77
Trd, 8639819.432, 93
Trd, 8639821.932, 83
Trd, 8639822.182, 93
Trd, 8639822.382, 100
Trd, 8639823.532, 76
Trd, 8639824.132, 113
Trd, 8639826.332, 111
Trd, 8639828.282, 113
Trd, 8639828.432, 95
Trd, 8639829.132, 113
Trd, 8639830.132, 86
Trd, 8639831.982, 94
Trd, 8639832.982, 96
Trd, 8639833.432, 95
Trd, 8639834.382, 77
Trd, 8639834.832, 104
Trd, 8639835.082, 95
Trd, 8639836.432, 105
Trd, 8639836.632, 73
Trd, 8639836.782, 68
Trd, 8639838.782, 114
Trd, 8639840.182, 114
Trd, 8639840.332, 113
Trd, 8639842.182, 112
Trd, 8639842.382, 104
Trd, 8639843.832, 92
Trd, 8639844.282, 96
Trd, 8639844.832, 103
Trd, 8639846.732, 93
Trd, 8639847.882, 98
Trd, 8639848.232, 108
Trd, 8639848.482, 87
Trd, 8639849.782, 113
Trd, 8639850.632, 138
Trd, 8639851.182, 112
Trd, 8639851.282, 88
Trd, 8639855.132, 96
Trd, 8639855.282, 89
Trd, 8639855.932, 89
Trd, 8639858.282, 93
Trd, 8639859.682, 94
Trd, 8639859.832, 101
Trd, 8639860.782, 88
Trd, 8639862.082, 87
Trd, 8639863.382, 96
Trd, 8639863.832, 112
Trd, 8639865.482, 79
Trd, 8639865.982, 113
Trd, 8639867.382, 91
Trd, 8639867.482, 99
Trd, 8639867.632, 112
Trd, 8639868.482, 104
Trd, 8639868.782, 88
Trd, 8639871.182, 104
Trd, 8639873.982, 84
Trd, 8639874.182, 86
Trd, 8639875.132, 102
Trd, 8639876.832, 99
Trd, 8639877.732, 97
Trd, 8639878.232, 98
Trd, 8639878.482, 95
Trd, 8639879.082, 94
Trd, 8639880.832, 80
Trd, 8639882.582, 103
Trd, 8639883.282, 110
Trd, 8639883.682, 91
Trd, 8639886.232, 104
Trd, 8639887.332, 130
Trd, 8639888.182, 115
Trd, 8639889.732, 113
Trd, 8639890.032, 104
Trd, 8639891.832, 120
Trd, 8639892.532, 98
Trd, 8639893.082, 88
Trd, 8639893.782, 120
Trd, 8639895.182, 111
Trd, 8639898.282, 103
Trd, 8639898.332, 99
Trd, 8639898.832, 101
Trd, 8639899.482, 98
Trd, 8639900.532, 101
Trd, 8639903.282, 94
Trd, 8639904.782, 95
Trd, 8639905.232, 89
Trd, 8639905.482, 86
Trd, 8639906.082, 93
Trd, 8639907.232, 95
Trd, 8639907.982, 98
Trd, 8639908.382, 104
Trd, 8639908.882, 80
Trd, 8639912.332, 97
Trd, 8639913.682, 89
Trd, 8639913.982, 107
Trd, 8639914.732, 86
Trd, 8639915.732, 104
Trd, 8639917.032, 83
Trd, 8639920.032, 70
Trd, 8639920.732, 101
Trd, 8639920.782, 104
Trd, 8639921.032, 106
Trd, 8639922.582, 94
Trd, 8639924.432, 90
Trd, 8639925.132, 89
Trd, 8639925.932, 94
Trd, 8639927.182, 96
Trd, 8639928.182, 77
Trd, 8639928.632, 103
Trd, 8639929.132, 105
Trd, 8639930.582, 71
Trd, 8639930.832, 103
Trd, 8639933.182, 88
Trd, 8639933.332, 94
Trd, 8639933.882, 96
Trd, 8639936.582, 108
Trd, 8639937.432, 83
Trd, 8639938.132, 98
Trd, 8639938.282, 84
Trd, 8639938.682, 101
Trd, 8639940.182, 87
Trd, 8639942.482, 95
Trd, 8639942.782, 95
Trd, 8639944.932, 65
Trd, 8639945.032, 86
Trd, 8639946.282, 69
Trd, 8639946.782, 95
Trd, 8639947.932, 79
Trd, 8639948.232, 108
Trd, 8639948.482, 113
Trd, 8639949.582, 71
Trd, 8639951.082, 78
Trd, 8639952.532, 90
Trd, 8639954.082, 90
Trd, 8639954.382, 89
Trd, 8639955.182, 105
Trd, 8639956.532, 128
Trd, 8639956.582, 112
Trd, 8639957.782, 128
Trd, 8639959.132, 91
Trd, 8639960.532, 89
Trd, 8639961.582, 87
Trd, 8639964.182, 87
Trd, 8639965.482, 97
Trd, 8639965.732, 104
Trd, 8639967.332, 90
Trd, 8639968.782, 86
Trd, 8639970.882, 88
Trd, 8639971.382, 90
Trd, 8639971.432, 91
Trd, 8639971.682, 98
Trd, 8639973.432, 112
Trd, 8639974.632, 84
Trd, 8639975.982, 78
Trd, 8639976.732, 103
Trd, 8639978.732, 91
Trd, 8639979.232, 112
Trd, 8639980.482, 93
Trd, 8639982.732, 79
Trd, 8639983.182, 95
Trd, 8639985.232, 104
Trd, 8639986.232, 69
Trd, 8639986.282, 98
Trd, 8639986.832, 70
Trd, 8639988.182, 98
Trd, 8639989.182, 92
Trd, 8639990.332, 140
Trd, 8639991.832, 96
Trd, 8639992.032, 84
Trd, 8639992.132, 79
Trd, 8639993.882, 110
Trd, 8639995.582, 88
Trd, 8639995.732, 113
Trd, 8639997.732, 80
Trd, 8639997.982, 98
Trd, 8639999.582, 79
