Trd, 8637909.632, 101
Trd, 8637910.182, 107
Trd, 8637910.882, 105
Trd, 8637911.032, 105
Trd, 8637911.632, 104
Trd, 8637914.882, 101
Trd, 8637915.232, 103
Trd, 8637916.232, 103
Trd, 8637916.532, 103
Trd, 8637918.582, 98
Trd, 8637919.882, 99
Trd, 8637920.532, 99
Trd, 8637924.182, 106
Trd, 8637924.632, 105
Trd, 8637924.732, 103
Trd, 8637925.532, 95
Trd, 8637926.432, 102
Trd, 8637929.832, 94
Trd, 8637929.932, 95
Trd, 8637930.532, 96
Trd, 8637930.932, 95
Trd, 8637931.132, 93
Trd, 8637935.432, 104
Trd, 8637935.582, 104
Trd, 8637935.932, 104
Trd, 8637936.082, 105
Trd, 8637936.882, 105
Trd, 8637937.132, 104
Trd, 8637937.782, 96
Trd, 8637939.032, 113
Trd, 8637939.532, 79
Trd, 8637942.882, 116
Trd, 8637943.032, 96
Trd, 8637943.682, 94
Trd, 8637947.732, 92
Trd, 8637947.932, 109
Trd, 8637948.932, 95
Trd, 8637951.182, 98
Trd, 8637952.032, 97
Trd, 8637953.882, 96
Trd, 8637954.232, 97
Trd, 8637955.082, 95
Trd, 8637955.482, 77
Trd, 8637955.682, 100
Trd, 8637958.432, 101
Trd, 8637961.032, 94
Trd, 8637961.232, 87
Trd, 8637963.132, 99
Trd, 8637964.082, 98
Trd, 8637964.532, 101
Trd, 8637964.732, 96
Trd, 8637966.382, 100
Trd, 8637966.782, 100
Trd, 8637966.882, 99
Trd, 8637968.082, 100
Trd, 8637969.032, 101
Trd, 8637969.582, 103
Trd, 8637973.682, 101
Trd, 8637974.832, 102
Trd, 8637975.632, 96
Trd, 8637975.782, 118
Trd, 8637977.232, 76
Trd, 8637980.082, 102
Trd, 8637981.032, 99
Trd, 8637981.232, 99
Trd, 8637982.482, 104
Trd, 8637985.782, 99
Trd, 8637986.332, 99
Trd, 8637987.532, 98
Trd, 8637988.132, 99
Trd, 8637988.182, 98
Trd, 8637989.882, 94
Trd, 8637991.832, 99
Trd, 8637994.682, 90
Trd, 8637995.632, 93
Trd, 8637995.732, 91
Trd, 8637996.882, 95
Trd, 8637998.982, 97
Trd, 8638000.232, 95
Trd, 8638001.282, 102
Trd, 8638003.282, 99
Trd, 8638004.682, 96
Trd, 8638005.332, 96
Trd, 8638005.382, 97
Trd, 8638006.682, 104
Trd, 8638006.782, 96
Trd, 8638009.032, 81
Trd, 8638011.332, 87
Trd, 8638015.032, 96
Trd, 8638015.182, 96
Trd, 8638016.282, 99
Trd, 8638017.032, 104
Trd, 8638018.482, 104
Trd, 8638018.882, 102
Trd, 8638021.282, 99
Trd, 8638021.482, 117
Trd, 8638022.282, 100
Trd, 8638024.282, 104
Trd, 8638024.882, 105
Trd, 8638025.232, 106
Trd, 8638027.182, 107
Trd, 8638028.132, 104
Trd, 8638031.082, 99
Trd, 8638031.132, 103
Trd, 8638031.782, 101
Trd, 8638033.532, 94
Trd, 8638033.582, 102
Trd, 8638034.132, 95
Trd, 8638037.582, 95
Trd, 8638037.882, 95
Trd, 8638038.182, 97
Trd, 8638039.832, 98
Trd, 8638041.182, 98
Trd, 8638041.732, 98
Trd, 8638043.432, 110
Trd, 8638043.982, 113
Trd, 8638045.482, 98
Trd, 8638046.282, 99
Trd, 8638047.982, 101
Trd, 8638048.082, 100
Trd, 8638050.832, 101
Trd, 8638051.882, 101
Trd, 8638051.932, 103
Trd, 8638054.432, 104
Trd, 8638055.032, 111
Trd, 8638055.082, 102
Trd, 8638058.382, 85
Trd, 8638058.782, 108
Trd, 8638061.632, 102
Trd, 8638062.032, 103
Trd, 8638062.882, 101
Trd, 8638063.532, 97
Trd, 8638064.682, 95
Trd, 8638067.832, 97
Trd, 8638068.632, 100
Trd, 8638069.432, 100
Trd, 8638070.532, 101
Trd, 8638070.832, 102
Trd, 8638073.782, 95
Trd, 8638074.082, 96
Trd, 8638074.782, 100
Trd, 8638076.382, 98
Trd, 8638077.182, 95
Trd, 8638079.782, 99
Trd, 8638080.982, 97
Trd, 8638081.632, 98
Trd, 8638082.482, 99
Trd, 8638082.632, 98
Trd, 8638085.232, 104
Trd, 8638085.432, 96
Trd, 8638085.882, 77
Trd, 8638088.982, 102
Trd, 8638090.032, 100
Trd, 8638090.532, 100
Trd, 8638091.782, 103
Trd, 8638092.082, 99
Trd, 8638092.582, 95
Trd, 8638094.932, 101
Trd, 8638095.382, 78
Trd, 8638100.482, 108
Trd, 8638100.582, 105
Trd, 8638101.332, 108
Trd, 8638102.582, 107
Trd, 8638103.932, 104
Trd, 8638105.182, 80
Trd, 8638105.282, 100
Trd, 8638106.932, 96
Trd, 8638109.782, 107
Trd, 8638111.182, 105
Trd, 8638111.832, 106
Trd, 8638112.632, 104
Trd, 8638114.782, 102
Trd, 8638115.432, 99
Trd, 8638117.432, 97
Trd, 8638118.982, 99
Trd, 8638121.082, 99
Trd, 8638121.882, 102
Trd, 8638122.432, 103
Trd, 8638123.882, 106
Trd, 8638123.932, 105
Trd, 8638126.132, 113
Trd, 8638127.682, 104
Trd, 8638128.982, 118
Trd, 8638130.082, 108
Trd, 8638131.382, 110
Trd, 8638132.332, 108
Trd, 8638134.082, 102
Trd, 8638134.232, 100
Trd, 8638135.182, 80
Trd, 8638137.132, 103
Trd, 8638138.282, 103
Trd, 8638140.332, 102
Trd, 8638140.932, 103
Trd, 8638144.332, 104
Trd, 8638144.832, 103
Trd, 8638146.682, 92
Trd, 8638147.932, 101
Trd, 8638149.932, 103
Trd, 8638150.632, 104
Trd, 8638150.882, 103
Trd, 8638151.582, 102
Trd, 8638154.482, 100
Trd, 8638154.982, 100
Trd, 8638155.232, 100
Trd, 8638156.432, 103
Trd, 8638157.732, 109
Trd, 8638158.232, 95
Trd, 8638159.682, 82
Trd, 8638161.682, 112
Trd, 8638163.532, 106
Trd, 8638164.682, 106
Trd, 8638165.332, 111
Trd, 8638166.032, 105
Trd, 8638166.832, 104
Trd, 8638167.932, 96
Trd, 8638169.182, 94
Trd, 8638172.282, 95
Trd, 8638172.582, 96
Trd, 8638173.282, 95
Trd, 8638175.432, 111
Trd, 8638176.032, 99
Trd, 8638176.982, 99
Trd, 8638181.532, 99
Trd, 8638181.882, 100
Trd, 8638182.432, 101
Trd, 8638182.632, 94
Trd, 8638183.082, 104
Trd, 8638183.632, 77
Trd, 8638187.032, 105
Trd, 8638188.032, 103
Trd, 8638188.432, 102
Trd, 8638188.632, 101
Trd, 8638188.932, 104
Trd, 8638190.532, 96
Trd, 8638193.132, 104
Trd, 8638194.332, 103
Trd, 8638194.732, 103
Trd, 8638195.282, 101
Trd, 8638196.682, 96
Trd, 8638196.932, 104
Trd, 8638199.632, 101
Trd, 8638200.282, 100
Trd, 8638201.032, 106
Trd, 8638201.882, 97
Trd, 8638205.732, 104
Trd, 8638205.932, 104
Trd, 8638206.232, 113
Trd, 8638208.132, 95
Trd, 8638210.582, 102
Trd, 8638213.632, 109
Trd, 8638213.732, 108
Trd, 8638214.632, 109
Trd, 8638215.682, 106
Trd, 8638217.632, 102
Trd, 8638217.832, 102
Trd, 8638218.432, 104
Trd, 8638219.232, 95
Trd, 8638220.882, 97
Trd, 8638221.032, 96
Trd, 8638221.182, 94
Trd, 8638222.882, 93
Trd, 8638222.932, 81
Trd, 8638224.132, 95
Trd, 8638225.982, 89
Trd, 8638228.082, 113
Trd, 8638228.482, 91
Trd, 8638231.032, 103
Trd, 8638232.082, 107
Trd, 8638232.632, 107
Trd, 8638233.732, 105
Trd, 8638235.232, 105
Trd, 8638236.982, 106
Trd, 8638237.382, 95
Trd, 8638238.782, 97
Trd, 8638239.682, 99
Trd, 8638240.882, 98
Trd, 8638241.482, 98
Trd, 8638241.632, 99
Trd, 8638242.182, 95
Trd, 8638242.282, 113
Trd, 8638243.982, 73
Trd, 8638248.582, 97
Trd, 8638248.732, 96
Trd, 8638248.882, 104
Trd, 8638249.232, 95
Trd, 8638251.582, 90
Trd, 8638252.732, 92
Trd, 8638253.482, 93
Trd, 8638254.132, 94
Trd, 8638254.482, 77
Trd, 8638256.082, 73
Trd, 8638258.582, 109
Trd, 8638261.782, 103
Trd, 8638262.732, 103
Trd, 8638264.082, 105
Trd, 8638264.132, 104
Trd, 8638264.532, 105
Trd, 8638264.932, 106
Trd, 8638266.032, 111
Trd, 8638266.482, 108
Trd, 8638266.882, 95
Trd, 8638270.632, 80
Trd, 8638272.332, 82
Trd, 8638272.732, 99
Trd, 8638276.382, 85
Trd, 8638278.782, 86
Trd, 8638278.832, 85
Trd, 8638279.232, 87
Trd, 8638280.632, 93
Trd, 8638282.182, 96
Trd, 8638282.482, 103
Trd, 8638284.532, 101
Trd, 8638287.332, 111
Trd, 8638287.682, 111
Trd, 8638288.082, 111
Trd, 8638289.882, 111
Trd, 8638291.932, 109
Trd, 8638292.082, 110
Trd, 8638293.032, 105
Trd, 8638294.282, 118
Trd, 8638295.682, 97
Trd, 8638296.532, 117
Trd, 8638297.632, 97
Trd, 8638301.132, 103
Trd, 8638301.482, 104
Trd, 8638301.782, 102
Trd, 8638302.882, 104
Trd, 8638305.232, 99
Trd, 8638306.332, 104
Trd, 8638307.632, 107
Trd, 8638309.282, 107
Trd, 8638309.632, 104
Trd, 8638312.332, 96
Trd, 8638313.282, 104
Trd, 8638313.732, 98
Trd, 8638315.132, 101
Trd, 8638316.632, 101
Trd, 8638317.282, 102
Trd, 8638317.532, 101
Trd, 8638317.782, 100
Trd, 8638321.132, 96
Trd, 8638322.082, 101
Trd, 8638322.532, 100
Trd, 8638324.782, 98
Trd, 8638324.832, 95
Trd, 8638325.382, 102
Trd, 8638326.382, 70
Trd, 8638328.332, 98
Trd, 8638328.582, 101
Trd, 8638330.332, 104
Trd, 8638331.532, 104
Trd, 8638333.282, 104
Trd, 8638333.532, 108
Trd, 8638334.932, 104
Trd, 8638335.582, 104
Trd, 8638337.082, 105
Trd, 8638338.132, 99
Trd, 8638341.082, 107
Trd, 8638341.482, 104
Trd, 8638342.982, 102
Trd, 8638343.032, 104
Trd, 8638343.932, 104
Trd, 8638344.682, 104
Trd, 8638345.032, 103
Trd, 8638345.982, 95
Trd, 8638348.532, 95
Trd, 8638349.632, 108
Trd, 8638353.432, 103
Trd, 8638353.782, 105
Trd, 8638354.332, 103
Trd, 8638355.332, 102
Trd, 8638356.432, 102
Trd, 8638358.232, 96
Trd, 8638358.532, 96
Trd, 8638359.082, 96
Trd, 8638359.382, 94
Trd, 8638359.832, 104
Trd, 8638360.282, 78
Trd, 8638363.832, 86
Trd, 8638365.682, 108
Trd, 8638366.732, 102
Trd, 8638366.832, 100
Trd, 8638368.982, 101
Trd, 8638370.282, 102
Trd, 8638370.632, 97
Trd, 8638372.282, 101
Trd, 8638373.432, 103
Trd, 8638375.582, 102
Trd, 8638376.532, 105
Trd, 8638378.082, 104
Trd, 8638378.432, 104
Trd, 8638380.732, 100
Trd, 8638380.932, 97
Trd, 8638382.282, 97
Trd, 8638384.182, 94
Trd, 8638384.432, 93
Trd, 8638385.032, 92
Trd, 8638385.382, 95
Trd, 8638386.482, 81
Trd, 8638387.032, 113
Trd, 8638390.582, 94
Trd, 8638393.782, 88
Trd, 8638395.082, 97
Trd, 8638395.332, 97
Trd, 8638395.382, 98
Trd, 8638397.032, 103
Trd, 8638398.032, 103
Trd, 8638398.482, 104
Trd, 8638399.032, 120
Trd, 8638399.682, 95
Trd, 8638401.232, 95
Trd, 8638402.082, 137
Trd, 8638402.982, 86
Trd, 8638404.182, 87
Trd, 8638409.082, 112
Trd, 8638409.582, 104
Trd, 8638411.382, 109
Trd, 8638412.232, 108
Trd, 8638412.482, 107
Trd, 8638413.632, 95
Trd, 8638414.382, 100
Trd, 8638415.332, 86
Trd, 8638416.382, 95
Trd, 8638417.332, 77
Trd, 8638418.532, 94
Trd, 8638419.582, 95
Trd, 8638419.682, 89
Trd, 8638423.082, 100
Trd, 8638423.932, 99
Trd, 8638425.232, 101
Trd, 8638425.832, 102
Trd, 8638426.982, 102
Trd, 8638427.132, 95
Trd, 8638429.932, 105
Trd, 8638430.982, 96
Trd, 8638433.532, 100
Trd, 8638433.632, 102
Trd, 8638433.682, 97
Trd, 8638436.282, 96
Trd, 8638436.532, 118
Trd, 8638439.132, 101
Trd, 8638440.432, 103
Trd, 8638440.682, 101
Trd, 8638441.482, 102
Trd, 8638442.032, 101
Trd, 8638443.382, 104
Trd, 8638444.332, 95
Trd, 8638445.432, 94
Trd, 8638446.782, 83
Trd, 8638448.632, 77
Trd, 8638448.932, 98
Trd, 8638450.232, 96
Trd, 8638452.282, 100
Trd, 8638454.232, 101
Trd, 8638455.132, 101
Trd, 8638455.782, 102
Trd, 8638456.832, 103
Trd, 8638457.082, 104
Trd, 8638458.482, 94
Trd, 8638459.332, 80
Trd, 8638464.032, 101
Trd, 8638464.782, 101
Trd, 8638465.332, 98
Trd, 8638466.082, 99
Trd, 8638466.232, 95
Trd, 8638468.182, 83
Trd, 8638471.532, 101
Trd, 8638472.082, 104
Trd, 8638472.482, 105
Trd, 8638473.732, 108
Trd, 8638474.632, 105
Trd, 8638475.682, 112
Trd, 8638476.032, 104
Trd, 8638476.982, 112
Trd, 8638478.282, 95
Trd, 8638481.232, 89
Trd, 8638481.632, 94
Trd, 8638484.182, 99
Trd, 8638485.182, 99
Trd, 8638485.532, 96
Trd, 8638488.482, 98
Trd, 8638488.682, 88
Trd, 8638492.182, 104
Trd, 8638492.882, 105
Trd, 8638493.232, 105
Trd, 8638493.632, 104
Trd, 8638495.782, 81
Trd, 8638496.882, 104
Trd, 8638497.632, 88
Trd, 8638499.832, 99
Trd, 8638502.032, 105
Trd, 8638502.682, 103
Trd, 8638502.732, 106
Trd, 8638504.032, 104
Trd, 8638505.432, 77
Trd, 8638507.932, 101
Trd, 8638508.332, 101
Trd, 8638508.782, 102
Trd, 8638511.332, 107
Trd, 8638511.532, 104
Trd, 8638513.932, 99
Trd, 8638514.582, 99
Trd, 8638514.632, 98
Trd, 8638515.682, 96
Trd, 8638516.682, 98
Trd, 8638517.832, 104
Trd, 8638519.382, 97
Trd, 8638519.982, 96
Trd, 8638522.032, 101
Trd, 8638523.282, 101
Trd, 8638526.232, 96
Trd, 8638527.132, 98
Trd, 8638527.282, 96
Trd, 8638528.482, 104
Trd, 8638530.382, 95
Trd, 8638532.232, 95
Trd, 8638532.282, 94
Trd, 8638532.632, 107
Trd, 8638535.482, 78
Trd, 8638539.482, 95
Trd, 8638541.132, 90
Trd, 8638541.432, 80
Trd, 8638541.932, 92
Trd, 8638542.532, 75
Trd, 8638546.332, 86
Trd, 8638547.282, 95
Trd, 8638547.532, 96
Trd, 8638548.732, 95
Trd, 8638549.582, 95
Trd, 8638550.482, 97
Trd, 8638550.932, 97
Trd, 8638553.682, 97
Trd, 8638554.232, 104
Trd, 8638555.632, 96
Trd, 8638558.582, 95
Trd, 8638560.432, 87
Trd, 8638560.782, 90
Trd, 8638564.582, 101
Trd, 8638565.282, 102
Trd, 8638566.032, 102
Trd, 8638566.782, 97
Trd, 8638569.682, 97
Trd, 8638569.782, 98
Trd, 8638571.232, 96
Trd, 8638571.932, 97
Trd, 8638572.132, 97
Trd, 8638572.782, 97
Trd, 8638574.532, 95
Trd, 8638576.982, 99
Trd, 8638577.832, 104
Trd, 8638577.882, 100
Trd, 8638578.532, 99
Trd, 8638579.532, 102
Trd, 8638579.882, 96
Trd, 8638581.682, 99
Trd, 8638583.382, 103
Trd, 8638584.382, 102
Trd, 8638585.032, 101
Trd, 8638587.282, 100
Trd, 8638587.332, 101
Trd, 8638589.982, 102
Trd, 8638590.232, 104
Trd, 8638590.482, 103
Trd, 8638591.732, 117
Trd, 8638595.732, 107
Trd, 8638596.232, 107
Trd, 8638596.432, 105
Trd, 8638596.632, 107
Trd, 8638597.332, 95
Trd, 8638598.782, 104
Trd, 8638599.032, 79
Trd, 8638600.732, 78
Trd, 8638602.782, 98
Trd, 8638604.932, 97
Trd, 8638606.232, 97
Trd, 8638606.532, 99
Trd, 8638607.282, 97
Trd, 8638611.032, 99
Trd, 8638611.582, 101
Trd, 8638612.332, 100
Trd, 8638612.982, 100
Trd, 8638615.082, 97
Trd, 8638615.132, 110
Trd, 8638615.482, 97
Trd, 8638618.382, 99
Trd, 8638619.782, 99
Trd, 8638619.982, 97
Trd, 8638621.832, 96
Trd, 8638622.332, 95
Trd, 8638622.482, 103
Trd, 8638625.332, 104
Trd, 8638626.732, 113
Trd, 8638627.082, 112
Trd, 8638627.232, 110
Trd, 8638630.282, 100
Trd, 8638630.332, 98
Trd, 8638632.682, 97
Trd, 8638632.782, 100
Trd, 8638634.632, 101
Trd, 8638636.432, 99
Trd, 8638637.582, 96
Trd, 8638638.482, 102
Trd, 8638640.182, 95
Trd, 8638643.082, 94
Trd, 8638643.482, 94
Trd, 8638643.732, 94
Trd, 8638644.082, 95
Trd, 8638646.982, 98
Trd, 8638647.032, 97
Trd, 8638647.082, 95
Trd, 8638647.682, 98
Trd, 8638648.932, 98
Trd, 8638652.182, 97
Trd, 8638652.382, 99
Trd, 8638653.332, 99
Trd, 8638653.632, 112
Trd, 8638655.432, 103
Trd, 8638656.282, 106
Trd, 8638657.182, 109
Trd, 8638657.982, 110
Trd, 8638658.632, 104
Trd, 8638660.332, 103
Trd, 8638661.732, 96
Trd, 8638663.482, 97
Trd, 8638663.732, 96
Trd, 8638664.882, 95
Trd, 8638665.482, 96
Trd, 8638665.732, 79
Trd, 8638666.782, 79
Trd, 8638668.882, 111
Trd, 8638670.732, 105
Trd, 8638672.482, 102
Trd, 8638672.882, 103
Trd, 8638673.132, 98
Trd, 8638675.632, 95
Trd, 8638677.032, 99
Trd, 8638677.432, 99
Trd, 8638677.482, 97
Trd, 8638678.032, 97
Trd, 8638681.132, 101
Trd, 8638681.982, 99
Trd, 8638682.282, 98
Trd, 8638683.032, 95
Trd, 8638686.382, 86
Trd, 8638687.182, 83
Trd, 8638688.182, 90
Trd, 8638688.932, 91
Trd, 8638689.232, 84
Trd, 8638689.432, 83
Trd, 8638690.032, 95
Trd, 8638696.232, 102
Trd, 8638697.782, 109
Trd, 8638698.182, 104
Trd, 8638699.182, 104
Trd, 8638699.532, 106
Trd, 8638699.632, 104
Trd, 8638702.482, 101
Trd, 8638702.982, 100
Trd, 8638703.582, 98
Trd, 8638705.132, 98
Trd, 8638707.282, 99
Trd, 8638707.632, 101
Trd, 8638708.582, 101
Trd, 8638710.832, 106
Trd, 8638711.532, 100
Trd, 8638713.332, 100
Trd, 8638713.632, 103
Trd, 8638713.932, 100
Trd, 8638715.382, 97
Trd, 8638717.682, 101
Trd, 8638718.132, 97
Trd, 8638719.982, 97
Trd, 8638720.682, 96
Trd, 8638722.282, 95
Trd, 8638723.732, 98
Trd, 8638724.182, 101
Trd, 8638727.232, 104
Trd, 8638727.732, 104
Trd, 8638727.832, 103
Trd, 8638728.182, 104
Trd, 8638728.432, 95
Trd, 8638729.482, 78
Trd, 8638731.532, 79
Trd, 8638732.032, 132
Trd, 8638735.132, 99
Trd, 8638737.382, 105
Trd, 8638737.632, 104
Trd, 8638738.632, 106
Trd, 8638740.582, 104
Trd, 8638742.282, 100
Trd, 8638742.382, 107
Trd, 8638743.832, 103
Trd, 8638744.032, 103
Trd, 8638744.332, 103
Trd, 8638745.382, 96
Trd, 8638746.732, 99
Trd, 8638748.732, 96
Trd, 8638749.282, 96
Trd, 8638750.182, 97
Trd, 8638752.182, 97
Trd, 8638752.282, 100
Trd, 8638753.882, 100
Trd, 8638755.682, 102
Trd, 8638757.532, 101
Trd, 8638757.682, 99
Trd, 8638758.882, 111
Trd, 8638760.632, 100
Trd, 8638762.632, 97
Trd, 8638763.132, 104
Trd, 8638764.182, 102
Trd, 8638764.232, 103
Trd, 8638765.382, 104
Trd, 8638767.782, 105
Trd, 8638768.132, 106
Trd, 8638769.132, 104
Trd, 8638769.532, 107
Trd, 8638770.882, 96
Trd, 8638771.382, 84
Trd, 8638773.932, 102
Trd, 8638774.182, 102
Trd, 8638774.432, 103
Trd, 8638774.782, 104
Trd, 8638774.982, 103
Trd, 8638777.482, 96
Trd, 8638780.282, 104
Trd, 8638782.132, 110
Trd, 8638783.082, 110
Trd, 8638783.932, 111
Trd, 8638784.682, 113
Trd, 8638785.382, 95
Trd, 8638787.682, 83
Trd, 8638790.732, 101
Trd, 8638791.632, 100
Trd, 8638792.382, 99
Trd, 8638793.382, 97
Trd, 8638793.632, 96
Trd, 8638793.682, 93
Trd, 8638795.082, 80
Trd, 8638795.432, 95
Trd, 8638797.032, 79
Trd, 8638797.282, 101
Trd, 8638801.032, 140
Trd, 8638801.482, 122
Trd, 8638805.482, 120
Trd, 8638806.282, 118
Trd, 8638808.832, 100
Trd, 8638809.582, 108
Trd, 8638810.532, 103
Trd, 8638811.032, 100
Trd, 8638812.332, 100
Trd, 8638813.932, 101
Trd, 8638814.482, 103
Trd, 8638814.732, 103
Trd, 8638816.132, 95
Trd, 8638817.832, 95
Trd, 8638820.282, 95
Trd, 8638820.432, 84
Trd, 8638823.732, 100
Trd, 8638824.482, 102
Trd, 8638824.732, 102
Trd, 8638827.382, 102
Trd, 8638828.132, 103
Trd, 8638828.582, 103
Trd, 8638830.382, 103
Trd, 8638833.032, 100
Trd, 8638833.282, 100
Trd, 8638833.632, 101
Trd, 8638834.532, 100
Trd, 8638835.382, 97
Trd, 8638836.482, 99
Trd, 8638837.832, 101
Trd, 8638839.882, 101
Trd, 8638839.932, 100
Trd, 8638842.482, 96
Trd, 8638842.732, 102
Trd, 8638843.732, 100
Trd, 8638844.182, 103
Trd, 8638846.582, 137
Trd, 8638847.232, 106
Trd, 8638849.982, 110
Trd, 8638852.932, 111
Trd, 8638853.082, 110
Trd, 8638854.032, 106
Trd, 8638854.682, 69
Trd, 8638856.882, 94
Trd, 8638858.182, 86
Trd, 8638858.782, 95
Trd, 8638859.132, 96
Trd, 8638862.082, 90
Trd, 8638863.632, 95
Trd, 8638863.882, 95
Trd, 8638863.982, 93
Trd, 8638865.982, 97
Trd, 8638868.182, 99
Trd, 8638868.582, 99
Trd, 8638869.532, 101
Trd, 8638871.132, 99
Trd, 8638872.432, 108
Trd, 8638876.832, 106
Trd, 8638876.932, 105
Trd, 8638877.282, 104
Trd, 8638877.682, 105
Trd, 8638878.182, 104
Trd, 8638883.582, 99
Trd, 8638883.982, 98
Trd, 8638884.732, 102
Trd, 8638885.682, 97
Trd, 8638885.932, 103
Trd, 8638886.832, 98
Trd, 8638889.382, 100
Trd, 8638890.232, 103
Trd, 8638892.782, 98
Trd, 8638893.882, 98
Trd, 8638894.232, 99
Trd, 8638896.132, 100
Trd, 8638896.482, 100
Trd, 8638897.282, 100
Trd, 8638897.582, 99
Trd, 8638898.832, 98
Trd, 8638899.182, 103
Trd, 8638899.482, 94
Trd, 8638903.932, 102
Trd, 8638904.232, 83
Trd, 8638905.732, 84
Trd, 8638906.782, 98
Trd, 8638907.132, 97
Trd, 8638910.132, 98
Trd, 8638910.632, 97
Trd, 8638910.682, 104
Trd, 8638912.132, 94
Trd, 8638912.982, 114
Trd, 8638915.682, 100
Trd, 8638916.382, 100
Trd, 8638916.732, 99
Trd, 8638917.232, 99
Trd, 8638917.832, 111
Trd, 8638918.382, 95
Trd, 8638920.432, 95
Trd, 8638923.182, 84
Trd, 8638924.432, 81
Trd, 8638925.032, 101
Trd, 8638927.032, 98
Trd, 8638928.432, 99
Trd, 8638928.632, 99
Trd, 8638929.132, 93
Trd, 8638929.232, 104
Trd, 8638931.782, 130
Trd, 8638932.582, 87
Trd, 8638935.582, 96
Trd, 8638938.482, 101
Trd, 8638939.232, 102
Trd, 8638939.732, 94
Trd, 8638940.132, 112
Trd, 8638940.832, 75
Trd, 8638944.232, 108
Trd, 8638944.682, 105
Trd, 8638945.082, 104
Trd, 8638948.332, 99
Trd, 8638948.982, 99
Trd, 8638950.432, 95
Trd, 8638950.782, 95
Trd, 8638951.232, 95
Trd, 8638951.282, 96
Trd, 8638951.482, 113
Trd, 8638952.532, 122
Trd, 8638954.582, 95
Trd, 8638954.632, 83
Trd, 8638956.882, 85
Trd, 8638959.082, 95
Trd, 8638960.582, 103
Trd, 8638962.082, 97
Trd, 8638962.882, 97
Trd, 8638963.432, 97
Trd, 8638964.132, 112
Trd, 8638964.932, 95
Trd, 8638968.432, 94
Trd, 8638970.782, 98
Trd, 8638970.882, 101
Trd, 8638972.182, 101
Trd, 8638973.332, 101
Trd, 8638973.582, 101
Trd, 8638974.032, 94
Trd, 8638975.982, 107
Trd, 8638977.932, 86
Trd, 8638979.032, 86
Trd, 8638980.082, 95
Trd, 8638982.332, 91
Trd, 8638982.382, 85
Trd, 8638983.332, 91
Trd, 8638985.382, 82
Trd, 8638987.882, 87
Trd, 8638988.382, 87
Trd, 8638990.532, 93
Trd, 8638990.582, 89
Trd, 8638990.732, 95
Trd, 8638995.182, 88
Trd, 8638996.082, 79
Trd, 8638996.382, 96
Trd, 8638998.032, 81
Trd, 8638999.032, 93
Trd, 8638999.182, 93
Trd, 8639002.232, 103
Trd, 8639004.632, 112
Trd, 8639005.482, 104
Trd, 8639006.282, 104
Trd, 8639006.682, 106
Trd, 8639007.132, 102
Trd, 8639008.232, 106
Trd, 8639009.432, 96
Trd, 8639012.732, 104
Trd, 8639013.032, 103
Trd, 8639014.932, 95
Trd, 8639015.032, 100
Trd, 8639016.132, 95
Trd, 8639019.082, 81
Trd, 8639019.632, 79
Trd, 8639020.882, 83
Trd, 8639021.932, 86
Trd, 8639022.532, 95
Trd, 8639023.032, 83
Trd, 8639025.882, 96
Trd, 8639028.582, 99
Trd, 8639029.132, 99
Trd, 8639029.782, 99
Trd, 8639031.082, 95
Trd, 8639031.582, 102
Trd, 8639032.382, 77
Trd, 8639032.832, 77
Trd, 8639034.132, 77
Trd, 8639034.682, 100
Trd, 8639037.382, 100
Trd, 8639038.882, 99
Trd, 8639040.782, 104
Trd, 8639041.682, 104
Trd, 8639041.932, 104
Trd, 8639042.282, 104
Trd, 8639042.832, 103
Trd, 8639043.782, 105
Trd, 8639048.482, 106
Trd, 8639049.032, 105
Trd, 8639049.532, 103
Trd, 8639051.582, 98
Trd, 8639052.182, 103
Trd, 8639053.232, 103
Trd, 8639054.232, 98
Trd, 8639055.732, 101
Trd, 8639056.582, 102
Trd, 8639058.482, 103
Trd, 8639058.882, 103
Trd, 8639059.482, 101
Trd, 8639060.832, 97
Trd, 8639063.732, 102
Trd, 8639065.132, 101
Trd, 8639066.832, 103
Trd, 8639067.132, 102
Trd, 8639067.282, 113
Trd, 8639070.082, 101
Trd, 8639070.332, 105
Trd, 8639070.782, 101
Trd, 8639074.282, 96
Trd, 8639075.132, 99
Trd, 8639076.032, 100
Trd, 8639076.532, 99
Trd, 8639077.682, 103
Trd, 8639078.782, 99
Trd, 8639080.182, 111
Trd, 8639081.482, 102
Trd, 8639083.732, 102
Trd, 8639083.932, 103
Trd, 8639084.182, 103
Trd, 8639085.382, 103
Trd, 8639086.232, 104
Trd, 8639086.782, 104
Trd, 8639088.182, 92
Trd, 8639090.232, 105
Trd, 8639092.382, 84
Trd, 8639093.232, 86
Trd, 8639093.582, 94
Trd, 8639094.382, 94
Trd, 8639097.232, 83
Trd, 8639098.082, 87
Trd, 8639099.132, 84
Trd, 8639099.632, 95
Trd, 8639100.582, 94
Trd, 8639104.232, 95
Trd, 8639104.632, 95
Trd, 8639105.082, 96
Trd, 8639106.082, 93
Trd, 8639106.932, 113
Trd, 8639107.182, 84
Trd, 8639109.282, 116
Trd, 8639109.532, 96
Trd, 8639110.132, 95
Trd, 8639114.982, 95
Trd, 8639115.682, 102
Trd, 8639116.082, 95
Trd, 8639118.182, 108
Trd, 8639118.732, 105
Trd, 8639120.482, 106
Trd, 8639121.132, 104
Trd, 8639123.182, 99
Trd, 8639124.432, 100
Trd, 8639124.782, 99
Trd, 8639126.432, 95
Trd, 8639126.682, 94
Trd, 8639127.232, 95
Trd, 8639128.832, 112
Trd, 8639129.082, 81
Trd, 8639131.282, 101
Trd, 8639133.682, 97
Trd, 8639135.382, 108
Trd, 8639138.182, 109
Trd, 8639139.032, 109
Trd, 8639139.532, 110
Trd, 8639140.232, 110
Trd, 8639140.382, 109
Trd, 8639141.182, 105
Trd, 8639144.082, 95
Trd, 8639144.832, 110
Trd, 8639148.832, 104
Trd, 8639150.532, 103
Trd, 8639152.732, 106
Trd, 8639153.332, 106
Trd, 8639153.382, 104
Trd, 8639153.432, 95
Trd, 8639153.882, 107
Trd, 8639157.032, 96
Trd, 8639159.332, 101
Trd, 8639160.132, 102
Trd, 8639160.682, 104
Trd, 8639161.432, 106
Trd, 8639161.932, 77
Trd, 8639163.232, 105
Trd, 8639164.182, 104
Trd, 8639165.532, 102
Trd, 8639166.482, 102
Trd, 8639166.632, 101
Trd, 8639167.632, 101
Trd, 8639171.082, 108
Trd, 8639172.432, 111
Trd, 8639173.732, 108
Trd, 8639174.182, 107
Trd, 8639176.782, 101
Trd, 8639177.532, 102
Trd, 8639177.932, 95
Trd, 8639178.432, 61
Trd, 8639178.882, 106
Trd, 8639180.082, 79
Trd, 8639183.532, 102
Trd, 8639183.782, 103
Trd, 8639184.632, 103
Trd, 8639185.582, 104
Trd, 8639186.732, 107
Trd, 8639187.732, 111
Trd, 8639188.832, 109
Trd, 8639189.582, 109
Trd, 8639190.582, 108
Trd, 8639192.882, 112
Trd, 8639195.632, 107
Trd, 8639196.032, 108
Trd, 8639196.932, 106
Trd, 8639198.032, 106
Trd, 8639199.432, 105
Trd, 8639200.432, 95
Trd, 8639200.882, 94
Trd, 8639202.432, 111
Trd, 8639206.332, 100
Trd, 8639207.082, 101
Trd, 8639207.232, 100
Trd, 8639207.832, 94
Trd, 8639208.782, 99
Trd, 8639212.432, 91
Trd, 8639212.782, 95
Trd, 8639213.082, 96
Trd, 8639213.532, 95
Trd, 8639216.532, 105
Trd, 8639216.882, 97
Trd, 8639217.632, 78
Trd, 8639218.682, 95
Trd, 8639219.382, 99
Trd, 8639220.232, 100
Trd, 8639221.382, 101
Trd, 8639221.732, 102
Trd, 8639223.082, 103
Trd, 8639223.882, 95
Trd, 8639224.332, 101
Trd, 8639225.782, 103
Trd, 8639229.332, 100
Trd, 8639230.532, 104
Trd, 8639231.032, 103
Trd, 8639232.482, 103
Trd, 8639233.732, 99
Trd, 8639234.182, 99
Trd, 8639234.732, 99
Trd, 8639235.482, 101
Trd, 8639236.332, 101
Trd, 8639238.882, 96
Trd, 8639239.832, 99
Trd, 8639242.982, 102
Trd, 8639243.582, 100
Trd, 8639244.282, 99
Trd, 8639245.132, 96
Trd, 8639245.282, 104
Trd, 8639245.782, 96
Trd, 8639247.982, 96
Trd, 8639250.982, 101
Trd, 8639251.432, 101
Trd, 8639251.982, 100
Trd, 8639252.882, 96
Trd, 8639254.382, 94
Trd, 8639254.582, 108
Trd, 8639255.082, 68
Trd, 8639257.632, 97
Trd, 8639257.682, 94
Trd, 8639257.732, 98
Trd, 8639259.982, 100
Trd, 8639262.832, 108
Trd, 8639264.282, 109
Trd, 8639265.732, 106
Trd, 8639266.132, 104
Trd, 8639266.632, 96
Trd, 8639269.782, 93
Trd, 8639270.732, 112
Trd, 8639273.582, 95
Trd, 8639274.982, 99
Trd, 8639276.532, 101
Trd, 8639276.882, 101
Trd, 8639277.032, 100
Trd, 8639278.732, 101
Trd, 8639280.732, 97
Trd, 8639281.182, 110
Trd, 8639281.682, 98
Trd, 8639283.982, 102
Trd, 8639285.682, 95
Trd, 8639286.432, 95
Trd, 8639287.782, 94
Trd, 8639289.932, 102
Trd, 8639290.832, 90
Trd, 8639293.332, 98
Trd, 8639293.932, 98
Trd, 8639294.132, 98
Trd, 8639294.282, 92
Trd, 8639294.632, 104
Trd, 8639296.232, 112
Trd, 8639297.382, 79
Trd, 8639299.482, 86
Trd, 8639302.432, 104
Trd, 8639302.832, 104
Trd, 8639303.232, 108
Trd, 8639306.132, 105
Trd, 8639308.282, 97
Trd, 8639309.082, 97
Trd, 8639310.082, 76
Trd, 8639310.232, 109
Trd, 8639310.882, 113
Trd, 8639311.232, 96
Trd, 8639314.382, 99
Trd, 8639317.082, 96
Trd, 8639317.382, 94
Trd, 8639318.382, 95
Trd, 8639321.482, 90
Trd, 8639322.632, 95
Trd, 8639323.182, 95
Trd, 8639323.832, 101
Trd, 8639325.232, 99
Trd, 8639327.082, 97
Trd, 8639327.532, 96
Trd, 8639328.682, 91
Trd, 8639328.832, 96
Trd, 8639331.482, 95
Trd, 8639335.132, 95
Trd, 8639335.432, 97
Trd, 8639336.932, 104
Trd, 8639337.632, 100
Trd, 8639339.382, 101
Trd, 8639341.132, 103
Trd, 8639341.382, 103
Trd, 8639343.282, 97
Trd, 8639344.032, 100
Trd, 8639345.182, 96
Trd, 8639348.982, 105
Trd, 8639349.432, 106
Trd, 8639350.682, 107
Trd, 8639351.682, 102
Trd, 8639353.182, 95
Trd, 8639353.782, 100
Trd, 8639355.482, 96
Trd, 8639356.382, 95
Trd, 8639356.432, 98
Trd, 8639359.082, 95
Trd, 8639359.532, 85
Trd, 8639361.582, 93
Trd, 8639361.632, 95
Trd, 8639363.832, 88
Trd, 8639364.182, 91
Trd, 8639365.932, 94
Trd, 8639366.432, 95
Trd, 8639367.082, 94
Trd, 8639367.532, 76
Trd, 8639371.382, 100
Trd, 8639371.732, 101
Trd, 8639372.582, 101
Trd, 8639373.582, 100
Trd, 8639375.382, 94
Trd, 8639376.432, 96
Trd, 8639377.232, 94
Trd, 8639377.532, 77
Trd, 8639377.982, 92
Trd, 8639380.382, 107
Trd, 8639380.582, 100
Trd, 8639382.182, 105
Trd, 8639382.582, 104
Trd, 8639383.082, 103
Trd, 8639383.482, 94
Trd, 8639388.082, 98
Trd, 8639388.432, 99
Trd, 8639388.932, 99
Trd, 8639389.432, 99
Trd, 8639389.582, 95
Trd, 8639390.532, 77
Trd, 8639391.532, 112
Trd, 8639392.932, 77
Trd, 8639394.682, 100
Trd, 8639394.982, 101
Trd, 8639397.182, 103
Trd, 8639397.232, 102
Trd, 8639398.132, 102
Trd, 8639399.432, 98
Trd, 8639401.732, 104
Trd, 8639404.532, 110
Trd, 8639404.682, 113
Trd, 8639404.832, 109
Trd, 8639407.182, 99
Trd, 8639407.432, 98
Trd, 8639410.482, 98
Trd, 8639411.382, 97
Trd, 8639411.882, 96
Trd, 8639412.582, 96
Trd, 8639414.782, 109
Trd, 8639415.432, 99
Trd, 8639415.532, 108
Trd, 8639417.482, 100
Trd, 8639418.532, 101
Trd, 8639419.782, 103
Trd, 8639422.482, 99
Trd, 8639423.632, 96
Trd, 8639424.032, 95
Trd, 8639424.282, 97
Trd, 8639427.032, 100
Trd, 8639428.132, 111
Trd, 8639429.482, 102
Trd, 8639430.632, 104
Trd, 8639432.232, 96
Trd, 8639433.032, 97
Trd, 8639433.532, 96
Trd, 8639433.932, 95
Trd, 8639438.582, 87
Trd, 8639439.732, 92
Trd, 8639440.282, 93
Trd, 8639440.432, 95
Trd, 8639440.882, 95
Trd, 8639441.232, 104
Trd, 8639442.482, 96
Trd, 8639444.932, 105
Trd, 8639446.382, 97
Trd, 8639446.732, 99
Trd, 8639447.932, 101
Trd, 8639448.132, 100
Trd, 8639448.982, 95
Trd, 8639454.832, 100
Trd, 8639455.182, 100
Trd, 8639455.732, 99
Trd, 8639456.982, 100
Trd, 8639457.082, 98
Trd, 8639458.882, 99
Trd, 8639462.432, 99
Trd, 8639462.832, 98
Trd, 8639463.682, 99
Trd, 8639465.532, 95
Trd, 8639467.082, 98
Trd, 8639467.532, 99
Trd, 8639468.532, 101
Trd, 8639469.282, 101
Trd, 8639469.532, 101
Trd, 8639471.432, 96
Trd, 8639471.682, 100
Trd, 8639473.332, 102
Trd, 8639473.432, 101
Trd, 8639473.982, 104
Trd, 8639474.682, 101
Trd, 8639478.382, 104
Trd, 8639478.832, 105
Trd, 8639480.082, 108
Trd, 8639480.982, 107
Trd, 8639481.032, 106
Trd, 8639482.832, 105
Trd, 8639485.082, 105
Trd, 8639486.832, 97
Trd, 8639487.082, 97
Trd, 8639487.332, 96
Trd, 8639490.032, 98
Trd, 8639490.282, 98
Trd, 8639490.382, 97
Trd, 8639491.482, 98
Trd, 8639494.182, 82
Trd, 8639496.132, 97
Trd, 8639497.782, 97
Trd, 8639499.182, 97
Trd, 8639499.982, 97
Trd, 8639500.032, 95
Trd, 8639500.232, 98
Trd, 8639504.482, 103
Trd, 8639504.682, 103
Trd, 8639504.732, 102
Trd, 8639505.082, 94
Trd, 8639506.682, 103
Trd, 8639507.532, 78
Trd, 8639508.432, 112
Trd, 8639511.782, 101
Trd, 8639512.032, 100
Trd, 8639512.382, 102
Trd, 8639512.982, 98
Trd, 8639518.032, 95
Trd, 8639518.782, 98
Trd, 8639519.632, 100
Trd, 8639522.532, 97
Trd, 8639522.582, 98
Trd, 8639522.732, 96
Trd, 8639524.082, 98
Trd, 8639525.932, 99
Trd, 8639527.082, 78
Trd, 8639527.582, 95
Trd, 8639529.032, 83
Trd, 8639530.432, 101
Trd, 8639530.682, 83
Trd, 8639532.382, 99
Trd, 8639532.632, 95
Trd, 8639533.232, 83
Trd, 8639538.482, 104
Trd, 8639539.632, 96
Trd, 8639539.832, 95
Trd, 8639540.282, 103
Trd, 8639544.982, 100
Trd, 8639546.832, 103
Trd, 8639547.682, 103
Trd, 8639547.982, 104
Trd, 8639550.582, 112
Trd, 8639550.882, 113
Trd, 8639551.082, 121
Trd, 8639552.132, 112
Trd, 8639552.232, 90
Trd, 8639553.682, 119
Trd, 8639556.482, 98
Trd, 8639557.132, 97
Trd, 8639558.632, 100
Trd, 8639558.682, 97
Trd, 8639559.782, 100
Trd, 8639560.532, 100
Trd, 8639562.082, 102
Trd, 8639562.632, 95
Trd, 8639562.682, 77
Trd, 8639565.782, 97
Trd, 8639567.582, 91
Trd, 8639568.332, 95
Trd, 8639569.082, 95
Trd, 8639570.782, 100
Trd, 8639571.182, 101
Trd, 8639574.282, 112
Trd, 8639574.732, 104
Trd, 8639576.032, 109
Trd, 8639576.632, 107
Trd, 8639578.132, 107
Trd, 8639579.782, 96
Trd, 8639581.832, 100
Trd, 8639582.082, 95
Trd, 8639583.932, 81
Trd, 8639584.482, 95
Trd, 8639584.582, 82
Trd, 8639587.732, 94
Trd, 8639587.882, 85
Trd, 8639588.582, 85
Trd, 8639590.732, 93
Trd, 8639591.332, 104
Trd, 8639594.332, 99
Trd, 8639595.232, 98
Trd, 8639595.732, 103
Trd, 8639598.382, 97
Trd, 8639599.832, 102
Trd, 8639600.532, 102
Trd, 8639600.932, 101
Trd, 8639602.532, 121
Trd, 8639604.632, 97
Trd, 8639606.632, 98
Trd, 8639608.382, 102
Trd, 8639608.482, 103
Trd, 8639608.982, 103
Trd, 8639609.182, 103
Trd, 8639609.382, 102
Trd, 8639610.632, 97
Trd, 8639611.982, 95
Trd, 8639613.932, 94
Trd, 8639616.082, 80
Trd, 8639616.132, 104
Trd, 8639618.482, 96
Trd, 8639619.632, 100
Trd, 8639620.032, 101
Trd, 8639620.882, 100
Trd, 8639622.982, 103
Trd, 8639624.882, 99
Trd, 8639625.282, 100
Trd, 8639627.432, 113
Trd, 8639627.782, 99
Trd, 8639629.032, 98
Trd, 8639631.132, 100
Trd, 8639631.332, 100
Trd, 8639631.932, 108
Trd, 8639634.132, 101
Trd, 8639634.432, 95
Trd, 8639635.182, 78
Trd, 8639636.632, 95
Trd, 8639638.182, 91
Trd, 8639641.082, 90
Trd, 8639641.532, 105
Trd, 8639644.232, 100
Trd, 8639645.582, 99
Trd, 8639645.982, 96
Trd, 8639646.382, 97
Trd, 8639646.782, 97
Trd, 8639651.182, 105
Trd, 8639651.432, 106
Trd, 8639651.532, 104
Trd, 8639651.682, 106
Trd, 8639653.082, 77
Trd, 8639656.182, 104
Trd, 8639656.782, 106
Trd, 8639656.982, 95
Trd, 8639659.632, 96
Trd, 8639661.332, 86
Trd, 8639661.982, 85
Trd, 8639662.182, 85
Trd, 8639663.332, 86
Trd, 8639664.132, 83
Trd, 8639667.382, 96
Trd, 8639667.432, 109
Trd, 8639668.682, 97
Trd, 8639671.332, 103
Trd, 8639671.432, 100
Trd, 8639672.232, 101
Trd, 8639673.932, 97
Trd, 8639675.982, 101
Trd, 8639676.632, 103
Trd, 8639676.682, 101
Trd, 8639678.082, 104
Trd, 8639678.232, 98
Trd, 8639681.232, 102
Trd, 8639683.282, 101
Trd, 8639684.432, 101
Trd, 8639685.832, 107
Trd, 8639686.132, 105
Trd, 8639687.232, 110
Trd, 8639688.782, 106
Trd, 8639689.132, 105
Trd, 8639689.582, 105
Trd, 8639690.632, 107
Trd, 8639692.882, 113
Trd, 8639693.582, 105
Trd, 8639693.882, 120
Trd, 8639694.182, 104
Trd, 8639696.132, 100
Trd, 8639698.982, 107
Trd, 8639699.982, 105
Trd, 8639701.782, 99
Trd, 8639702.382, 99
Trd, 8639702.582, 95
Trd, 8639705.332, 97
Trd, 8639705.882, 98
Trd, 8639706.632, 98
Trd, 8639708.682, 99
Trd, 8639708.982, 100
Trd, 8639710.032, 101
Trd, 8639710.682, 103
Trd, 8639710.832, 103
Trd, 8639711.782, 103
Trd, 8639712.382, 104
Trd, 8639715.132, 96
Trd, 8639716.832, 112
Trd, 8639718.732, 101
Trd, 8639720.782, 102
Trd, 8639721.232, 103
Trd, 8639721.582, 94
Trd, 8639722.132, 78
Trd, 8639723.882, 102
Trd, 8639725.832, 86
Trd, 8639727.382, 96
Trd, 8639727.532, 88
Trd, 8639728.582, 94
Trd, 8639728.982, 94
Trd, 8639729.882, 95
Trd, 8639730.932, 96
Trd, 8639731.032, 95
Trd, 8639732.782, 103
Trd, 8639734.582, 82
Trd, 8639736.532, 105
Trd, 8639736.932, 87
Trd, 8639740.182, 101
Trd, 8639741.182, 101
Trd, 8639742.432, 107
Trd, 8639743.882, 105
Trd, 8639744.032, 104
Trd, 8639744.132, 105
Trd, 8639747.082, 99
Trd, 8639747.232, 98
Trd, 8639748.382, 96
Trd, 8639749.082, 98
Trd, 8639750.982, 95
Trd, 8639752.182, 98
Trd, 8639752.482, 81
Trd, 8639754.382, 85
Trd, 8639754.482, 83
Trd, 8639756.082, 99
Trd, 8639758.332, 93
Trd, 8639758.482, 95
Trd, 8639758.982, 95
Trd, 8639761.082, 96
Trd, 8639763.582, 100
Trd, 8639763.732, 107
Trd, 8639765.082, 102
Trd, 8639765.182, 104
Trd, 8639765.882, 101
Trd, 8639766.232, 95
Trd, 8639769.532, 83
Trd, 8639770.682, 92
Trd, 8639770.882, 94
Trd, 8639773.682, 85
Trd, 8639774.332, 92
Trd, 8639776.132, 100
Trd, 8639776.432, 101
Trd, 8639776.682, 101
Trd, 8639779.232, 101
Trd, 8639779.432, 93
Trd, 8639780.432, 78
Trd, 8639780.782, 99
Trd, 8639780.982, 78
Trd, 8639787.632, 108
Trd, 8639788.482, 107
Trd, 8639788.682, 106
Trd, 8639789.832, 104
Trd, 8639789.882, 95
Trd, 8639792.532, 93
Trd, 8639792.632, 103
Trd, 8639795.282, 104
Trd, 8639795.682, 103
Trd, 8639798.132, 106
Trd, 8639798.832, 106
Trd, 8639800.082, 105
Trd, 8639800.182, 104
Trd, 8639800.582, 96
Trd, 8639802.932, 101
Trd, 8639803.232, 104
Trd, 8639806.082, 106
Trd, 8639806.632, 107
Trd, 8639807.232, 107
Trd, 8639808.032, 105
Trd, 8639809.682, 105
Trd, 8639810.832, 95
Trd, 8639812.332, 97
Trd, 8639814.032, 99
Trd, 8639816.582, 96
Trd, 8639817.482, 98
Trd, 8639817.682, 96
Trd, 8639820.032, 93
Trd, 8639820.532, 82
Trd, 8639824.182, 96
Trd, 8639825.232, 99
Trd, 8639825.432, 99
Trd, 8639826.232, 100
Trd, 8639827.482, 99
Trd, 8639827.682, 104
Trd, 8639828.732, 100
Trd, 8639829.782, 101
Trd, 8639831.132, 107
Trd, 8639831.182, 101
Trd, 8639833.682, 103
Trd, 8639834.132, 102
Trd, 8639834.682, 102
Trd, 8639836.232, 100
Trd, 8639836.682, 98
Trd, 8639839.332, 98
Trd, 8639839.482, 97
Trd, 8639841.032, 96
Trd, 8639841.082, 98
Trd, 8639843.532, 96
Trd, 8639843.682, 97
Trd, 8639845.532, 97
Trd, 8639848.332, 102
Trd, 8639848.682, 103
Trd, 8639849.132, 101
Trd, 8639849.982, 102
Trd, 8639850.632, 96
Trd, 8639852.832, 99
Trd, 8639853.432, 99
Trd, 8639854.032, 100
Trd, 8639856.332, 105
Trd, 8639857.382, 113
Trd, 8639857.482, 107
Trd, 8639860.432, 105
Trd, 8639861.482, 117
Trd, 8639862.582, 107
Trd, 8639863.432, 108
Trd, 8639865.582, 106
Trd, 8639867.282, 105
Trd, 8639868.082, 106
Trd, 8639868.682, 107
Trd, 8639869.232, 94
Trd, 8639871.732, 94
Trd, 8639872.382, 101
Trd, 8639872.932, 69
Trd, 8639876.732, 93
Trd, 8639877.632, 95
Trd, 8639877.882, 97
Trd, 8639878.532, 95
Trd, 8639880.482, 101
Trd, 8639880.682, 101
Trd, 8639880.882, 113
Trd, 8639883.232, 104
Trd, 8639883.732, 103
Trd, 8639885.482, 119
Trd, 8639889.132, 109
Trd, 8639889.282, 109
Trd, 8639890.282, 100
Trd, 8639891.732, 97
Trd, 8639893.082, 95
Trd, 8639895.082, 95
Trd, 8639896.182, 92
Trd, 8639900.332, 97
Trd, 8639900.482, 94
Trd, 8639902.532, 95
Trd, 8639903.232, 90
Trd, 8639906.282, 88
Trd, 8639906.582, 88
Trd, 8639906.982, 101
Trd, 8639909.032, 95
Trd, 8639909.682, 94
Trd, 8639910.132, 94
Trd, 8639911.182, 95
Trd, 8639911.832, 95
Trd, 8639913.132, 95
Trd, 8639913.382, 103
Trd, 8639918.082, 109
Trd, 8639918.582, 108
Trd, 8639919.132, 105
Trd, 8639919.932, 107
Trd, 8639921.482, 104
Trd, 8639924.432, 98
Trd, 8639925.232, 95
Trd, 8639926.132, 98
Trd, 8639927.082, 102
Trd, 8639927.632, 102
Trd, 8639928.432, 102
Trd, 8639928.682, 102
Trd, 8639930.082, 104
Trd, 8639930.982, 112
Trd, 8639931.782, 105
Trd, 8639934.532, 111
Trd, 8639934.582, 110
Trd, 8639936.732, 103
Trd, 8639937.432, 98
Trd, 8639938.282, 98
Trd, 8639939.282, 97
Trd, 8639939.632, 95
Trd, 8639939.732, 104
Trd, 8639943.732, 98
Trd, 8639944.282, 104
Trd, 8639945.332, 101
Trd, 8639946.332, 101
Trd, 8639946.382, 100
Trd, 8639947.232, 103
Trd, 8639947.782, 95
Trd, 8639949.032, 78
Trd, 8639952.182, 84
Trd, 8639952.782, 100
Trd, 8639954.282, 95
Trd, 8639955.182, 90
Trd, 8639956.532, 90
Trd, 8639957.682, 87
Trd, 8639958.182, 95
Trd, 8639958.632, 95
Trd, 8639959.732, 112
Trd, 8639962.182, 104
Trd, 8639963.282, 106
Trd, 8639964.382, 96
Trd, 8639965.982, 103
Trd, 8639966.482, 102
Trd, 8639967.832, 101
Trd, 8639968.382, 100
Trd, 8639969.532, 96
Trd, 8639972.282, 113
Trd, 8639973.082, 100
Trd, 8639974.882, 105
Trd, 8639975.582, 106
Trd, 8639979.832, 100
Trd, 8639980.382, 101
Trd, 8639980.682, 100
Trd, 8639980.832, 101
Trd, 8639982.632, 78
Trd, 8639982.832, 77
Trd, 8639984.132, 95
Trd, 8639986.132, 110
Trd, 8639989.782, 91
Trd, 8639990.682, 108
Trd, 8639991.532, 97
Trd, 8639994.282, 104
Trd, 8639994.682, 102
Trd, 8639994.882, 104
Trd, 8639995.682, 104
Trd, 8639996.582, 104
Trd, 8639997.132, 104
Trd, 8639997.882, 95
