Trd, 8637961.582, 101
Trd, 8637962.132, 94
Trd, 8637962.232, 100
Trd, 8637962.782, 100
Trd, 8637963.082, 101
Trd, 8637964.732, 99
Trd, 8637966.782, 115
Trd, 8637967.632, 98
Trd, 8637968.082, 113
Trd, 8637969.182, 88
Trd, 8637970.582, 111
Trd, 8637972.882, 92
Trd, 8637974.582, 87
Trd, 8637974.882, 98
Trd, 8637976.332, 98
Trd, 8637976.982, 113
Trd, 8637979.532, 118
Trd, 8637980.382, 115
Trd, 8637980.582, 113
Trd, 8637983.932, 96
Trd, 8637984.232, 100
Trd, 8637984.682, 100
Trd, 8637986.482, 98
Trd, 8637986.832, 110
Trd, 8637989.232, 107
Trd, 8637989.532, 108
Trd, 8637990.582, 107
Trd, 8637991.382, 104
Trd, 8637991.532, 103
Trd, 8637992.482, 105
Trd, 8637993.832, 95
Trd, 8637994.082, 87
Trd, 8637994.432, 105
Trd, 8637996.632, 107
Trd, 8637996.682, 108
Trd, 8637997.532, 95
Trd, 8637998.182, 109
Trd, 8637999.732, 111
Trd, 8638001.582, 97
Trd, 8638003.382, 99
Trd, 8638003.832, 96
Trd, 8638004.082, 102
Trd, 8638004.332, 104
Trd, 8638005.382, 95
Trd, 8638006.232, 117
Trd, 8638007.532, 89
Trd, 8638008.232, 112
Trd, 8638009.132, 122
Trd, 8638010.932, 118
Trd, 8638011.682, 96
Trd, 8638015.082, 104
Trd, 8638015.682, 102
Trd, 8638015.732, 95
Trd, 8638016.782, 103
Trd, 8638016.882, 89
Trd, 8638017.382, 104
Trd, 8638018.382, 113
Trd, 8638019.082, 88
Trd, 8638020.982, 112
Trd, 8638022.032, 91
Trd, 8638022.782, 111
Trd, 8638023.032, 88
Trd, 8638024.732, 106
Trd, 8638025.732, 105
Trd, 8638027.032, 113
Trd, 8638027.282, 84
Trd, 8638027.332, 122
Trd, 8638028.132, 84
Trd, 8638029.432, 79
Trd, 8638031.982, 114
Trd, 8638032.282, 113
Trd, 8638032.882, 104
Trd, 8638032.982, 86
Trd, 8638033.632, 113
Trd, 8638034.832, 122
Trd, 8638035.082, 121
Trd, 8638037.682, 114
Trd, 8638038.782, 111
Trd, 8638039.182, 92
Trd, 8638042.382, 114
Trd, 8638043.032, 113
Trd, 8638043.332, 114
Trd, 8638043.632, 115
Trd, 8638045.332, 88
Trd, 8638045.432, 87
Trd, 8638047.882, 114
Trd, 8638049.132, 110
Trd, 8638050.332, 108
Trd, 8638050.982, 106
Trd, 8638052.732, 99
Trd, 8638053.732, 124
Trd, 8638055.282, 120
Trd, 8638056.632, 112
Trd, 8638059.332, 106
Trd, 8638059.382, 95
Trd, 8638060.532, 104
Trd, 8638061.132, 90
Trd, 8638061.332, 104
Trd, 8638061.982, 112
Trd, 8638063.282, 113
Trd, 8638063.882, 87
Trd, 8638064.582, 88
Trd, 8638066.532, 114
Trd, 8638067.082, 112
Trd, 8638068.182, 83
Trd, 8638068.982, 106
Trd, 8638069.582, 107
Trd, 8638071.732, 107
Trd, 8638072.232, 90
Trd, 8638073.932, 109
Trd, 8638074.032, 113
Trd, 8638075.282, 121
Trd, 8638076.082, 94
Trd, 8638076.432, 86
Trd, 8638077.432, 117
Trd, 8638078.882, 81
Trd, 8638080.132, 113
Trd, 8638081.882, 88
Trd, 8638082.882, 108
Trd, 8638083.732, 111
Trd, 8638084.382, 111
Trd, 8638085.532, 97
Trd, 8638086.082, 97
Trd, 8638086.282, 111
Trd, 8638088.282, 113
Trd, 8638088.732, 122
Trd, 8638089.332, 113
Trd, 8638089.882, 95
Trd, 8638093.782, 90
Trd, 8638094.432, 108
Trd, 8638095.532, 110
Trd, 8638096.532, 96
Trd, 8638097.732, 107
Trd, 8638097.782, 96
Trd, 8638099.082, 105
Trd, 8638099.332, 122
Trd, 8638101.032, 129
Trd, 8638102.832, 87
Trd, 8638103.882, 118
Trd, 8638105.232, 114
Trd, 8638106.482, 113
Trd, 8638106.932, 104
Trd, 8638107.232, 113
Trd, 8638107.932, 113
Trd, 8638108.332, 95
Trd, 8638110.032, 115
Trd, 8638111.032, 115
Trd, 8638111.482, 113
Trd, 8638112.582, 105
Trd, 8638113.782, 105
Trd, 8638113.882, 95
Trd, 8638115.182, 87
Trd, 8638116.132, 88
Trd, 8638117.882, 100
Trd, 8638118.632, 81
Trd, 8638118.732, 94
Trd, 8638120.082, 95
Trd, 8638121.382, 92
Trd, 8638122.982, 109
Trd, 8638124.082, 106
Trd, 8638124.532, 95
Trd, 8638126.082, 104
Trd, 8638126.432, 112
Trd, 8638128.432, 90
Trd, 8638129.582, 95
Trd, 8638130.032, 96
Trd, 8638131.882, 100
Trd, 8638132.732, 99
Trd, 8638133.232, 101
Trd, 8638133.332, 90
Trd, 8638134.732, 103
Trd, 8638137.082, 93
Trd, 8638137.832, 100
Trd, 8638138.732, 101
Trd, 8638138.932, 95
Trd, 8638140.232, 90
Trd, 8638141.632, 99
Trd, 8638142.632, 103
Trd, 8638143.232, 103
Trd, 8638144.182, 104
Trd, 8638146.932, 112
Trd, 8638146.982, 103
Trd, 8638148.082, 111
Trd, 8638148.282, 106
Trd, 8638150.132, 95
Trd, 8638151.232, 104
Trd, 8638151.682, 105
Trd, 8638152.882, 89
Trd, 8638153.132, 103
Trd, 8638156.132, 100
Trd, 8638156.332, 102
Trd, 8638157.782, 96
Trd, 8638159.132, 95
Trd, 8638159.432, 98
Trd, 8638160.632, 90
Trd, 8638162.032, 97
Trd, 8638162.832, 104
Trd, 8638164.232, 86
Trd, 8638165.932, 109
Trd, 8638167.232, 88
Trd, 8638168.382, 109
Trd, 8638169.532, 105
Trd, 8638171.882, 89
Trd, 8638172.382, 95
Trd, 8638172.582, 104
Trd, 8638173.832, 96
Trd, 8638173.982, 95
Trd, 8638175.382, 114
Trd, 8638177.132, 107
Trd, 8638177.482, 107
Trd, 8638178.232, 84
Trd, 8638179.232, 84
Trd, 8638181.832, 103
Trd, 8638181.932, 104
Trd, 8638182.732, 112
Trd, 8638183.632, 97
Trd, 8638185.482, 99
Trd, 8638187.082, 98
Trd, 8638187.232, 105
Trd, 8638187.982, 112
Trd, 8638188.282, 122
Trd, 8638191.832, 116
Trd, 8638192.332, 114
Trd, 8638192.532, 113
Trd, 8638193.032, 113
Trd, 8638194.482, 86
Trd, 8638195.432, 110
Trd, 8638195.932, 112
Trd, 8638196.932, 111
Trd, 8638199.132, 88
Trd, 8638199.532, 118
Trd, 8638200.282, 89
Trd, 8638202.982, 114
Trd, 8638205.282, 120
Trd, 8638206.532, 111
Trd, 8638207.532, 105
Trd, 8638208.932, 113
Trd, 8638209.182, 113
Trd, 8638211.282, 111
Trd, 8638212.632, 99
Trd, 8638212.682, 111
Trd, 8638213.032, 112
Trd, 8638213.932, 112
Trd, 8638214.682, 89
Trd, 8638215.732, 88
Trd, 8638216.582, 109
Trd, 8638217.882, 110
Trd, 8638220.032, 109
Trd, 8638221.832, 95
Trd, 8638223.882, 104
Trd, 8638224.182, 104
Trd, 8638224.582, 103
Trd, 8638226.382, 95
Trd, 8638227.382, 121
Trd, 8638227.832, 111
Trd, 8638230.882, 114
Trd, 8638231.782, 113
Trd, 8638231.982, 104
Trd, 8638232.532, 114
Trd, 8638232.782, 115
Trd, 8638234.332, 99
Trd, 8638236.182, 111
Trd, 8638238.432, 105
Trd, 8638238.782, 109
Trd, 8638239.082, 113
Trd, 8638239.382, 98
Trd, 8638239.582, 98
Trd, 8638240.682, 95
Trd, 8638240.982, 116
Trd, 8638243.482, 109
Trd, 8638245.682, 103
Trd, 8638245.782, 92
Trd, 8638246.282, 104
Trd, 8638247.432, 94
Trd, 8638248.132, 104
Trd, 8638250.332, 100
Trd, 8638251.582, 99
Trd, 8638252.082, 94
Trd, 8638253.282, 102
Trd, 8638253.982, 99
Trd, 8638255.532, 98
Trd, 8638256.682, 97
Trd, 8638257.332, 98
Trd, 8638257.832, 100
Trd, 8638259.282, 78
Trd, 8638259.582, 86
Trd, 8638262.532, 87
Trd, 8638263.582, 88
Trd, 8638263.782, 91
Trd, 8638264.132, 88
Trd, 8638264.482, 95
Trd, 8638266.882, 80
Trd, 8638269.132, 94
Trd, 8638269.182, 88
Trd, 8638269.682, 96
Trd, 8638270.282, 103
Trd, 8638271.082, 112
Trd, 8638273.132, 95
Trd, 8638273.282, 108
Trd, 8638273.682, 94
Trd, 8638274.382, 93
Trd, 8638275.632, 107
Trd, 8638276.332, 105
Trd, 8638276.382, 88
Trd, 8638279.632, 111
Trd, 8638279.982, 96
Trd, 8638280.732, 112
Trd, 8638282.982, 111
Trd, 8638284.332, 127
Trd, 8638284.482, 97
Trd, 8638285.782, 111
Trd, 8638286.532, 121
Trd, 8638288.582, 119
Trd, 8638289.782, 115
Trd, 8638290.632, 114
Trd, 8638291.532, 111
Trd, 8638292.682, 110
Trd, 8638293.282, 95
Trd, 8638294.832, 109
Trd, 8638295.432, 86
Trd, 8638295.782, 60
Trd, 8638297.432, 78
Trd, 8638298.182, 108
Trd, 8638299.332, 107
Trd, 8638299.882, 85
Trd, 8638302.482, 100
Trd, 8638303.232, 99
Trd, 8638303.332, 100
Trd, 8638303.932, 93
Trd, 8638306.332, 78
Trd, 8638307.432, 116
Trd, 8638308.432, 115
Trd, 8638309.032, 114
Trd, 8638310.082, 113
Trd, 8638312.882, 109
Trd, 8638313.682, 112
Trd, 8638314.582, 110
Trd, 8638316.132, 89
Trd, 8638317.282, 77
Trd, 8638318.632, 102
Trd, 8638318.982, 102
Trd, 8638319.482, 105
Trd, 8638319.782, 87
Trd, 8638321.332, 89
Trd, 8638323.232, 106
Trd, 8638323.932, 105
Trd, 8638324.582, 108
Trd, 8638325.882, 95
Trd, 8638327.132, 77
Trd, 8638328.032, 105
Trd, 8638329.582, 102
Trd, 8638329.782, 105
Trd, 8638330.982, 88
Trd, 8638331.632, 111
Trd, 8638331.682, 86
Trd, 8638332.382, 113
Trd, 8638334.132, 82
Trd, 8638337.632, 102
Trd, 8638338.582, 94
Trd, 8638338.782, 104
Trd, 8638338.982, 113
Trd, 8638340.182, 96
Trd, 8638341.532, 118
Trd, 8638342.082, 122
Trd, 8638342.182, 98
Trd, 8638344.432, 97
Trd, 8638346.482, 114
Trd, 8638349.082, 121
Trd, 8638349.982, 110
Trd, 8638351.482, 111
Trd, 8638351.982, 112
Trd, 8638352.582, 106
Trd, 8638353.782, 107
Trd, 8638355.232, 108
Trd, 8638356.732, 98
Trd, 8638356.782, 108
Trd, 8638357.282, 107
Trd, 8638357.832, 95
Trd, 8638358.532, 109
Trd, 8638360.132, 123
Trd, 8638364.532, 113
Trd, 8638364.932, 118
Trd, 8638365.082, 105
Trd, 8638366.882, 106
Trd, 8638367.332, 113
Trd, 8638367.882, 114
Trd, 8638367.932, 104
Trd, 8638369.932, 112
Trd, 8638371.332, 101
Trd, 8638372.182, 109
Trd, 8638372.582, 100
Trd, 8638374.432, 106
Trd, 8638375.032, 106
Trd, 8638377.232, 96
Trd, 8638378.232, 102
Trd, 8638379.432, 104
Trd, 8638380.032, 78
Trd, 8638380.332, 113
Trd, 8638380.982, 79
Trd, 8638382.332, 117
Trd, 8638383.732, 113
Trd, 8638384.882, 83
Trd, 8638385.632, 113
Trd, 8638386.682, 112
Trd, 8638386.832, 114
Trd, 8638387.332, 79
Trd, 8638390.182, 112
Trd, 8638390.232, 112
Trd, 8638391.082, 112
Trd, 8638391.882, 112
Trd, 8638392.632, 88
Trd, 8638394.432, 108
Trd, 8638394.782, 89
Trd, 8638394.832, 109
Trd, 8638395.932, 89
Trd, 8638396.332, 86
Trd, 8638397.482, 106
Trd, 8638398.082, 105
Trd, 8638400.582, 101
Trd, 8638401.182, 104
Trd, 8638401.382, 92
Trd, 8638403.682, 96
Trd, 8638403.932, 109
Trd, 8638405.532, 107
Trd, 8638405.582, 108
Trd, 8638406.232, 99
Trd, 8638407.582, 121
Trd, 8638409.532, 112
Trd, 8638410.832, 117
Trd, 8638413.482, 110
Trd, 8638413.532, 102
Trd, 8638414.182, 108
Trd, 8638415.382, 89
Trd, 8638417.682, 105
Trd, 8638418.082, 113
Trd, 8638419.832, 99
Trd, 8638419.882, 97
Trd, 8638421.832, 109
Trd, 8638422.882, 90
Trd, 8638423.032, 111
Trd, 8638424.582, 87
Trd, 8638425.982, 108
Trd, 8638427.182, 81
Trd, 8638427.282, 106
Trd, 8638428.782, 87
Trd, 8638430.332, 104
Trd, 8638430.932, 105
Trd, 8638433.432, 94
Trd, 8638433.782, 93
Trd, 8638434.432, 115
Trd, 8638434.682, 115
Trd, 8638436.532, 112
Trd, 8638436.632, 113
Trd, 8638436.982, 104
Trd, 8638438.382, 110
Trd, 8638439.282, 110
Trd, 8638439.382, 91
Trd, 8638440.032, 113
Trd, 8638441.582, 122
Trd, 8638442.132, 110
Trd, 8638442.282, 122
Trd, 8638445.982, 90
Trd, 8638447.732, 122
Trd, 8638449.382, 113
Trd, 8638449.532, 104
Trd, 8638449.682, 118
Trd, 8638452.582, 106
Trd, 8638453.032, 107
Trd, 8638453.482, 95
Trd, 8638454.132, 104
Trd, 8638455.832, 99
Trd, 8638456.532, 110
Trd, 8638456.732, 113
Trd, 8638457.682, 89
Trd, 8638458.832, 122
Trd, 8638460.582, 91
Trd, 8638461.832, 110
Trd, 8638464.632, 103
Trd, 8638465.482, 102
Trd, 8638465.832, 103
Trd, 8638465.882, 104
Trd, 8638466.432, 97
Trd, 8638467.232, 103
Trd, 8638467.832, 113
Trd, 8638470.532, 112
Trd, 8638472.632, 107
Trd, 8638473.032, 104
Trd, 8638473.132, 107
Trd, 8638473.682, 108
Trd, 8638476.082, 96
Trd, 8638476.282, 96
Trd, 8638476.782, 99
Trd, 8638478.582, 99
Trd, 8638479.682, 99
Trd, 8638480.032, 100
Trd, 8638480.332, 113
Trd, 8638484.082, 101
Trd, 8638484.382, 95
Trd, 8638485.932, 110
Trd, 8638486.882, 107
Trd, 8638487.032, 108
Trd, 8638487.182, 113
Trd, 8638487.582, 91
Trd, 8638490.032, 78
Trd, 8638490.532, 123
Trd, 8638493.482, 114
Trd, 8638493.732, 115
Trd, 8638494.382, 114
Trd, 8638495.032, 112
Trd, 8638495.082, 114
Trd, 8638497.732, 104
Trd, 8638498.032, 106
Trd, 8638499.032, 107
Trd, 8638499.282, 88
Trd, 8638501.182, 101
Trd, 8638501.732, 101
Trd, 8638502.482, 92
Trd, 8638502.632, 91
Trd, 8638507.532, 102
Trd, 8638507.782, 93
Trd, 8638507.982, 87
Trd, 8638508.532, 103
Trd, 8638508.882, 104
Trd, 8638510.882, 102
Trd, 8638512.282, 102
Trd, 8638513.432, 113
Trd, 8638514.232, 121
Trd, 8638515.382, 98
Trd, 8638517.132, 79
Trd, 8638517.332, 113
Trd, 8638520.832, 103
Trd, 8638521.132, 90
Trd, 8638521.732, 87
Trd, 8638521.882, 86
Trd, 8638522.332, 102
Trd, 8638522.532, 104
Trd, 8638523.532, 112
Trd, 8638524.782, 130
Trd, 8638524.882, 131
Trd, 8638525.032, 86
Trd, 8638527.832, 112
Trd, 8638528.432, 78
Trd, 8638528.882, 107
Trd, 8638530.582, 103
Trd, 8638530.782, 78
Trd, 8638532.632, 106
Trd, 8638534.832, 112
Trd, 8638535.382, 112
Trd, 8638535.732, 93
Trd, 8638536.082, 92
Trd, 8638539.332, 68
Trd, 8638540.532, 82
Trd, 8638541.982, 95
Trd, 8638542.182, 103
Trd, 8638543.732, 82
Trd, 8638545.082, 85
Trd, 8638545.232, 102
Trd, 8638545.432, 103
Trd, 8638546.282, 110
Trd, 8638546.782, 112
Trd, 8638547.982, 81
Trd, 8638548.482, 80
Trd, 8638552.132, 112
Trd, 8638553.632, 109
Trd, 8638554.532, 97
Trd, 8638554.782, 108
Trd, 8638554.832, 86
Trd, 8638556.782, 104
Trd, 8638557.432, 104
Trd, 8638558.982, 92
Trd, 8638560.582, 99
Trd, 8638561.832, 95
Trd, 8638563.232, 95
Trd, 8638564.732, 110
Trd, 8638565.532, 97
Trd, 8638565.982, 99
Trd, 8638566.082, 109
Trd, 8638567.232, 109
Trd, 8638571.132, 97
Trd, 8638571.282, 98
Trd, 8638571.432, 99
Trd, 8638571.632, 97
Trd, 8638572.532, 95
Trd, 8638574.332, 122
Trd, 8638574.382, 86
Trd, 8638575.682, 120
Trd, 8638576.832, 114
Trd, 8638577.282, 116
Trd, 8638577.432, 117
Trd, 8638579.382, 104
Trd, 8638581.032, 107
Trd, 8638582.282, 100
Trd, 8638583.282, 103
Trd, 8638583.882, 100
Trd, 8638584.282, 107
Trd, 8638584.982, 112
Trd, 8638587.832, 102
Trd, 8638588.132, 117
Trd, 8638588.632, 101
Trd, 8638589.232, 98
Trd, 8638593.182, 96
Trd, 8638593.482, 96
Trd, 8638593.732, 98
Trd, 8638595.082, 104
Trd, 8638597.232, 98
Trd, 8638597.432, 110
Trd, 8638597.732, 112
Trd, 8638598.782, 95
Trd, 8638599.032, 119
Trd, 8638599.332, 120
Trd, 8638601.382, 113
Trd, 8638603.082, 96
Trd, 8638603.632, 111
Trd, 8638605.782, 98
Trd, 8638606.982, 101
Trd, 8638607.282, 105
Trd, 8638607.482, 96
Trd, 8638609.732, 97
Trd, 8638610.582, 114
Trd, 8638611.532, 113
Trd, 8638612.932, 113
Trd, 8638613.682, 112
Trd, 8638617.032, 121
Trd, 8638617.882, 119
Trd, 8638617.932, 113
Trd, 8638619.082, 113
Trd, 8638620.382, 109
Trd, 8638620.932, 104
Trd, 8638621.132, 95
Trd, 8638621.682, 109
Trd, 8638623.982, 84
Trd, 8638624.982, 111
Trd, 8638625.332, 112
Trd, 8638627.732, 120
Trd, 8638627.782, 89
Trd, 8638630.132, 87
Trd, 8638630.482, 86
Trd, 8638631.032, 112
Trd, 8638631.782, 113
Trd, 8638632.532, 125
Trd, 8638633.682, 85
Trd, 8638633.732, 118
Trd, 8638636.432, 81
Trd, 8638636.532, 117
Trd, 8638638.282, 82
Trd, 8638638.932, 115
Trd, 8638641.582, 116
Trd, 8638641.832, 113
Trd, 8638643.732, 101
Trd, 8638643.982, 111
Trd, 8638644.132, 90
Trd, 8638646.082, 108
Trd, 8638647.332, 95
Trd, 8638647.482, 106
Trd, 8638648.082, 94
Trd, 8638650.332, 82
Trd, 8638650.832, 83
Trd, 8638653.082, 98
Trd, 8638653.682, 99
Trd, 8638655.182, 99
Trd, 8638656.432, 99
Trd, 8638656.532, 99
Trd, 8638657.932, 91
Trd, 8638658.132, 117
Trd, 8638661.132, 91
Trd, 8638662.882, 93
Trd, 8638662.932, 104
Trd, 8638663.082, 105
Trd, 8638664.632, 90
Trd, 8638664.832, 111
Trd, 8638666.032, 88
Trd, 8638666.682, 108
Trd, 8638668.132, 130
Trd, 8638669.732, 113
Trd, 8638670.332, 104
Trd, 8638671.432, 120
Trd, 8638673.832, 116
Trd, 8638674.182, 93
Trd, 8638675.032, 113
Trd, 8638675.632, 113
Trd, 8638675.832, 113
Trd, 8638680.332, 96
Trd, 8638681.082, 107
Trd, 8638682.232, 107
Trd, 8638682.382, 99
Trd, 8638682.432, 108
Trd, 8638683.632, 82
Trd, 8638684.532, 86
Trd, 8638686.732, 92
Trd, 8638687.582, 95
Trd, 8638688.332, 83
Trd, 8638688.582, 82
Trd, 8638689.582, 104
Trd, 8638690.282, 112
Trd, 8638690.732, 112
Trd, 8638691.432, 83
Trd, 8638693.782, 81
Trd, 8638695.782, 120
Trd, 8638696.182, 122
Trd, 8638696.332, 113
Trd, 8638698.432, 114
Trd, 8638698.682, 121
Trd, 8638699.082, 113
Trd, 8638699.182, 104
Trd, 8638700.032, 116
Trd, 8638701.682, 113
Trd, 8638704.332, 104
Trd, 8638705.382, 105
Trd, 8638707.332, 112
Trd, 8638708.282, 97
Trd, 8638708.332, 124
Trd, 8638709.132, 122
Trd, 8638710.882, 100
Trd, 8638711.582, 130
Trd, 8638713.682, 116
Trd, 8638714.682, 113
Trd, 8638715.632, 111
Trd, 8638715.932, 105
Trd, 8638716.882, 104
Trd, 8638717.632, 69
Trd, 8638718.432, 86
Trd, 8638718.982, 94
Trd, 8638721.532, 66
Trd, 8638721.982, 77
Trd, 8638722.032, 108
Trd, 8638724.982, 102
Trd, 8638728.182, 89
Trd, 8638728.582, 98
Trd, 8638728.632, 99
Trd, 8638729.232, 88
Trd, 8638729.632, 98
Trd, 8638731.432, 86
Trd, 8638731.932, 101
Trd, 8638732.232, 78
Trd, 8638733.282, 99
Trd, 8638734.882, 109
Trd, 8638735.732, 82
Trd, 8638736.032, 110
Trd, 8638736.882, 113
Trd, 8638738.682, 85
Trd, 8638740.882, 113
Trd, 8638741.482, 112
Trd, 8638742.282, 109
Trd, 8638742.782, 90
Trd, 8638743.482, 105
Trd, 8638744.032, 105
Trd, 8638744.532, 93
Trd, 8638746.582, 100
Trd, 8638748.082, 102
Trd, 8638748.332, 96
Trd, 8638750.782, 99
Trd, 8638751.132, 96
Trd, 8638751.832, 97
Trd, 8638753.732, 88
Trd, 8638755.032, 89
Trd, 8638757.932, 89
Trd, 8638758.182, 91
Trd, 8638759.032, 104
Trd, 8638759.082, 81
Trd, 8638759.582, 113
Trd, 8638760.082, 80
Trd, 8638761.382, 81
Trd, 8638762.382, 126
Trd, 8638765.482, 118
Trd, 8638766.782, 98
Trd, 8638766.882, 95
Trd, 8638767.932, 111
Trd, 8638768.332, 111
Trd, 8638769.332, 112
Trd, 8638770.532, 90
Trd, 8638771.932, 107
Trd, 8638772.682, 96
Trd, 8638776.532, 113
Trd, 8638777.732, 111
Trd, 8638778.082, 112
Trd, 8638779.032, 104
Trd, 8638780.682, 87
Trd, 8638781.232, 107
Trd, 8638782.282, 108
Trd, 8638783.232, 110
Trd, 8638785.182, 89
Trd, 8638786.832, 114
Trd, 8638787.582, 114
Trd, 8638788.482, 112
Trd, 8638789.382, 112
Trd, 8638789.532, 104
Trd, 8638790.032, 112
Trd, 8638790.482, 96
Trd, 8638791.732, 112
Trd, 8638793.682, 90
Trd, 8638793.782, 110
Trd, 8638796.132, 91
Trd, 8638796.932, 113
Trd, 8638798.882, 79
Trd, 8638799.232, 111
Trd, 8638799.682, 111
Trd, 8638801.832, 81
Trd, 8638801.882, 77
Trd, 8638802.482, 111
Trd, 8638804.532, 119
Trd, 8638806.482, 115
Trd, 8638806.832, 112
Trd, 8638807.232, 117
Trd, 8638808.632, 98
Trd, 8638810.882, 113
Trd, 8638811.282, 113
Trd, 8638811.482, 114
Trd, 8638811.932, 93
Trd, 8638812.432, 86
Trd, 8638812.932, 121
Trd, 8638816.832, 114
Trd, 8638818.632, 95
Trd, 8638818.882, 105
Trd, 8638819.432, 106
Trd, 8638819.732, 91
Trd, 8638821.032, 86
Trd, 8638821.332, 118
Trd, 8638823.032, 116
Trd, 8638823.732, 114
Trd, 8638825.632, 121
Trd, 8638826.482, 118
Trd, 8638827.882, 114
Trd, 8638828.582, 113
Trd, 8638829.332, 95
Trd, 8638830.082, 112
Trd, 8638831.282, 111
Trd, 8638833.132, 108
Trd, 8638833.432, 94
Trd, 8638834.132, 94
Trd, 8638835.832, 80
Trd, 8638836.732, 102
Trd, 8638836.782, 103
Trd, 8638838.782, 104
Trd, 8638841.082, 101
Trd, 8638841.132, 85
Trd, 8638841.532, 103
Trd, 8638843.882, 84
Trd, 8638845.682, 103
Trd, 8638847.732, 86
Trd, 8638847.982, 86
Trd, 8638849.482, 95
Trd, 8638850.182, 94
Trd, 8638853.232, 104
Trd, 8638853.632, 99
Trd, 8638854.132, 118
Trd, 8638854.982, 118
Trd, 8638855.782, 103
Trd, 8638855.832, 122
Trd, 8638856.682, 123
Trd, 8638858.182, 121
Trd, 8638860.582, 116
Trd, 8638861.282, 113
Trd, 8638863.082, 111
Trd, 8638863.782, 104
Trd, 8638864.382, 87
Trd, 8638864.632, 108
Trd, 8638865.332, 108
Trd, 8638865.482, 88
Trd, 8638866.282, 86
Trd, 8638867.082, 111
Trd, 8638867.982, 110
Trd, 8638869.882, 121
Trd, 8638871.882, 119
Trd, 8638872.082, 121
Trd, 8638872.132, 88
Trd, 8638872.432, 87
Trd, 8638875.882, 119
Trd, 8638876.882, 116
Trd, 8638877.632, 117
Trd, 8638878.182, 91
Trd, 8638879.782, 113
Trd, 8638880.782, 111
Trd, 8638881.882, 112
Trd, 8638883.332, 95
Trd, 8638885.782, 101
Trd, 8638886.432, 103
Trd, 8638888.232, 99
Trd, 8638889.132, 96
Trd, 8638889.632, 95
Trd, 8638889.882, 97
Trd, 8638890.182, 86
Trd, 8638890.582, 103
Trd, 8638891.432, 104
Trd, 8638892.382, 82
Trd, 8638893.532, 112
Trd, 8638896.232, 114
Trd, 8638896.982, 113
Trd, 8638897.182, 113
Trd, 8638898.432, 97
Trd, 8638899.732, 104
Trd, 8638900.232, 89
Trd, 8638900.532, 88
Trd, 8638902.732, 89
Trd, 8638902.782, 95
Trd, 8638903.132, 95
Trd, 8638904.882, 104
Trd, 8638905.982, 99
Trd, 8638906.882, 110
Trd, 8638907.332, 109
Trd, 8638907.932, 113
Trd, 8638908.982, 81
Trd, 8638911.432, 116
Trd, 8638914.432, 96
Trd, 8638914.632, 106
Trd, 8638915.182, 106
Trd, 8638915.982, 103
Trd, 8638916.432, 96
Trd, 8638917.582, 97
Trd, 8638917.882, 96
Trd, 8638918.132, 100
Trd, 8638918.632, 100
Trd, 8638921.782, 94
Trd, 8638924.232, 73
Trd, 8638925.682, 84
Trd, 8638925.982, 100
Trd, 8638927.482, 84
Trd, 8638928.432, 111
Trd, 8638930.482, 82
Trd, 8638930.982, 106
Trd, 8638932.082, 87
Trd, 8638933.032, 105
Trd, 8638933.382, 104
Trd, 8638934.232, 92
Trd, 8638936.832, 100
Trd, 8638937.632, 98
Trd, 8638938.632, 99
Trd, 8638939.082, 96
Trd, 8638939.132, 95
Trd, 8638941.532, 105
Trd, 8638942.582, 77
Trd, 8638942.832, 102
Trd, 8638943.182, 104
Trd, 8638946.732, 85
Trd, 8638946.982, 102
Trd, 8638948.632, 89
Trd, 8638949.032, 89
Trd, 8638949.832, 103
Trd, 8638950.232, 103
Trd, 8638951.382, 104
Trd, 8638953.032, 112
Trd, 8638953.232, 97
Trd, 8638953.882, 96
Trd, 8638954.632, 110
Trd, 8638956.532, 81
Trd, 8638956.832, 115
Trd, 8638957.382, 113
Trd, 8638958.332, 89
Trd, 8638960.882, 114
Trd, 8638961.132, 113
Trd, 8638961.982, 111
Trd, 8638963.082, 110
Trd, 8638963.682, 104
Trd, 8638963.732, 95
Trd, 8638966.882, 81
Trd, 8638967.932, 82
Trd, 8638969.432, 100
Trd, 8638970.082, 81
Trd, 8638970.982, 104
Trd, 8638971.232, 123
Trd, 8638972.982, 122
Trd, 8638973.632, 117
Trd, 8638975.282, 93
Trd, 8638976.482, 110
Trd, 8638978.132, 108
Trd, 8638978.732, 95
Trd, 8638980.632, 105
Trd, 8638982.382, 89
Trd, 8638984.482, 109
Trd, 8638984.632, 94
Trd, 8638985.032, 107
Trd, 8638986.532, 97
Trd, 8638987.182, 106
Trd, 8638987.282, 107
Trd, 8638989.482, 110
Trd, 8638990.432, 99
Trd, 8638990.582, 95
Trd, 8638993.832, 109
Trd, 8638993.932, 85
Trd, 8638994.082, 109
Trd, 8638995.432, 111
Trd, 8638995.682, 89
Trd, 8638999.132, 82
Trd, 8639000.182, 105
Trd, 8639000.882, 104
Trd, 8639000.982, 105
Trd, 8639001.332, 85
Trd, 8639001.732, 108
Trd, 8639002.432, 110
Trd, 8639004.232, 87
Trd, 8639005.032, 121
Trd, 8639005.682, 88
Trd, 8639007.032, 87
Trd, 8639008.332, 109
Trd, 8639009.682, 106
Trd, 8639011.282, 103
Trd, 8639012.132, 99
Trd, 8639013.982, 98
Trd, 8639015.332, 95
Trd, 8639015.832, 96
Trd, 8639016.932, 92
Trd, 8639017.732, 104
Trd, 8639017.882, 113
Trd, 8639019.182, 122
Trd, 8639020.082, 126
Trd, 8639020.582, 122
Trd, 8639021.582, 105
Trd, 8639024.832, 113
Trd, 8639025.332, 112
Trd, 8639025.832, 104
Trd, 8639026.582, 107
Trd, 8639029.082, 105
Trd, 8639029.532, 96
Trd, 8639032.232, 79
Trd, 8639032.332, 77
Trd, 8639034.782, 80
Trd, 8639035.232, 77
Trd, 8639036.282, 73
Trd, 8639037.482, 94
Trd, 8639037.832, 95
Trd, 8639038.232, 104
Trd, 8639039.832, 84
Trd, 8639040.032, 108
Trd, 8639042.132, 87
Trd, 8639045.332, 102
Trd, 8639045.732, 90
Trd, 8639046.232, 104
Trd, 8639046.382, 104
Trd, 8639047.232, 88
Trd, 8639048.082, 89
Trd, 8639048.132, 77
Trd, 8639048.582, 109
Trd, 8639051.282, 112
Trd, 8639053.582, 120
Trd, 8639053.832, 85
Trd, 8639055.882, 114
Trd, 8639055.932, 113
Trd, 8639057.582, 111
Trd, 8639057.632, 112
Trd, 8639057.932, 104
Trd, 8639058.982, 111
Trd, 8639059.582, 113
Trd, 8639060.282, 90
Trd, 8639063.282, 119
Trd, 8639063.332, 120
Trd, 8639064.182, 97
Trd, 8639066.232, 115
Trd, 8639067.282, 113
Trd, 8639068.232, 122
Trd, 8639068.832, 105
Trd, 8639069.432, 120
Trd, 8639070.982, 86
Trd, 8639073.332, 113
Trd, 8639073.532, 114
Trd, 8639075.982, 113
Trd, 8639076.032, 104
Trd, 8639076.632, 95
Trd, 8639077.382, 86
Trd, 8639077.432, 112
Trd, 8639078.982, 111
Trd, 8639081.832, 104
Trd, 8639081.982, 91
Trd, 8639083.182, 98
Trd, 8639083.432, 99
Trd, 8639083.532, 92
Trd, 8639083.882, 100
Trd, 8639086.732, 113
Trd, 8639088.232, 104
Trd, 8639088.632, 104
Trd, 8639092.332, 92
Trd, 8639092.432, 93
Trd, 8639092.732, 86
Trd, 8639093.082, 78
Trd, 8639093.882, 95
Trd, 8639095.782, 79
Trd, 8639095.932, 109
Trd, 8639097.782, 106
Trd, 8639098.382, 83
Trd, 8639098.782, 109
Trd, 8639098.982, 83
Trd, 8639099.482, 109
Trd, 8639101.232, 121
Trd, 8639103.432, 120
Trd, 8639106.032, 109
Trd, 8639106.932, 98
Trd, 8639108.232, 98
Trd, 8639108.682, 101
Trd, 8639109.732, 97
Trd, 8639110.232, 96
Trd, 8639110.582, 97
Trd, 8639110.932, 104
Trd, 8639112.882, 77
Trd, 8639113.832, 79
Trd, 8639115.382, 120
Trd, 8639116.782, 112
Trd, 8639118.532, 96
Trd, 8639118.882, 102
Trd, 8639119.232, 86
Trd, 8639120.432, 102
Trd, 8639121.082, 104
Trd, 8639122.532, 111
Trd, 8639124.432, 88
Trd, 8639125.182, 87
Trd, 8639126.832, 98
Trd, 8639127.432, 99
Trd, 8639128.082, 103
Trd, 8639129.782, 104
Trd, 8639130.732, 90
Trd, 8639131.482, 87
Trd, 8639133.432, 109
Trd, 8639133.732, 110
Trd, 8639135.032, 121
Trd, 8639136.932, 113
Trd, 8639137.782, 114
Trd, 8639138.532, 116
Trd, 8639139.982, 112
Trd, 8639142.132, 108
Trd, 8639142.582, 95
Trd, 8639143.032, 112
Trd, 8639144.782, 118
Trd, 8639146.532, 113
Trd, 8639146.832, 117
Trd, 8639146.882, 118
Trd, 8639147.282, 104
Trd, 8639151.382, 112
Trd, 8639151.532, 120
Trd, 8639152.332, 97
Trd, 8639152.582, 118
Trd, 8639154.582, 111
Trd, 8639155.132, 110
Trd, 8639155.732, 88
Trd, 8639155.982, 86
Trd, 8639157.132, 109
Trd, 8639159.782, 80
Trd, 8639160.132, 112
Trd, 8639162.132, 105
Trd, 8639162.782, 108
Trd, 8639163.082, 89
Trd, 8639163.682, 89
Trd, 8639164.482, 113
Trd, 8639168.432, 114
Trd, 8639169.232, 113
Trd, 8639170.332, 109
Trd, 8639171.532, 103
Trd, 8639171.632, 102
Trd, 8639173.532, 123
Trd, 8639174.982, 122
Trd, 8639176.582, 97
Trd, 8639177.082, 95
Trd, 8639177.682, 114
Trd, 8639178.082, 113
Trd, 8639178.632, 88
Trd, 8639179.032, 111
Trd, 8639180.282, 112
Trd, 8639180.832, 126
Trd, 8639182.232, 122
Trd, 8639182.682, 121
Trd, 8639182.982, 104
Trd, 8639183.882, 77
Trd, 8639185.032, 118
Trd, 8639185.582, 123
Trd, 8639186.382, 112
Trd, 8639188.882, 116
Trd, 8639189.032, 113
Trd, 8639189.582, 104
Trd, 8639190.532, 119
Trd, 8639193.482, 115
Trd, 8639194.732, 113
Trd, 8639195.082, 86
Trd, 8639196.382, 104
Trd, 8639197.032, 105
Trd, 8639199.432, 97
Trd, 8639199.982, 107
Trd, 8639200.732, 95
Trd, 8639201.532, 104
Trd, 8639203.932, 96
Trd, 8639204.332, 83
Trd, 8639205.282, 96
Trd, 8639206.882, 120
Trd, 8639207.582, 118
Trd, 8639208.732, 94
Trd, 8639209.332, 93
Trd, 8639211.232, 121
Trd, 8639211.832, 122
Trd, 8639212.432, 120
Trd, 8639213.682, 109
Trd, 8639217.232, 120
Trd, 8639218.082, 120
Trd, 8639218.582, 118
Trd, 8639218.632, 113
Trd, 8639219.482, 119
Trd, 8639219.682, 104
Trd, 8639222.382, 113
Trd, 8639222.782, 105
Trd, 8639223.482, 104
Trd, 8639223.882, 95
Trd, 8639223.932, 108
Trd, 8639226.132, 87
Trd, 8639226.382, 105
Trd, 8639226.532, 107
Trd, 8639228.682, 121
Trd, 8639230.482, 114
Trd, 8639230.732, 96
Trd, 8639232.682, 80
Trd, 8639233.632, 102
Trd, 8639233.682, 103
Trd, 8639234.482, 83
Trd, 8639237.582, 123
Trd, 8639237.832, 122
Trd, 8639238.432, 91
Trd, 8639238.782, 123
Trd, 8639240.882, 114
Trd, 8639241.332, 116
Trd, 8639242.382, 113
Trd, 8639243.632, 104
Trd, 8639244.732, 111
Trd, 8639247.582, 117
Trd, 8639247.732, 119
Trd, 8639247.882, 90
Trd, 8639251.232, 106
Trd, 8639251.582, 98
Trd, 8639252.332, 104
Trd, 8639253.482, 99
Trd, 8639253.632, 99
Trd, 8639253.882, 95
Trd, 8639254.282, 97
Trd, 8639254.832, 98
Trd, 8639255.132, 104
Trd, 8639255.932, 76
Trd, 8639260.382, 78
Trd, 8639261.232, 80
Trd, 8639262.332, 94
Trd, 8639262.632, 95
Trd, 8639263.082, 81
Trd, 8639264.082, 103
Trd, 8639264.632, 103
Trd, 8639266.682, 82
Trd, 8639267.032, 101
Trd, 8639268.932, 102
Trd, 8639269.082, 81
Trd, 8639270.332, 106
Trd, 8639271.482, 85
Trd, 8639272.882, 107
Trd, 8639273.082, 111
Trd, 8639275.082, 107
Trd, 8639275.382, 106
Trd, 8639276.932, 101
Trd, 8639278.532, 100
Trd, 8639279.232, 98
Trd, 8639280.482, 99
Trd, 8639281.982, 110
Trd, 8639282.182, 83
Trd, 8639283.532, 79
Trd, 8639284.882, 102
Trd, 8639285.282, 102
Trd, 8639285.832, 88
Trd, 8639287.882, 103
Trd, 8639289.532, 104
Trd, 8639290.832, 112
Trd, 8639291.182, 104
Trd, 8639291.282, 112
Trd, 8639291.882, 102
Trd, 8639296.032, 104
Trd, 8639296.182, 103
Trd, 8639297.632, 99
Trd, 8639298.082, 98
Trd, 8639300.432, 99
Trd, 8639300.682, 98
Trd, 8639302.232, 96
Trd, 8639302.682, 98
Trd, 8639303.732, 109
Trd, 8639304.332, 98
Trd, 8639305.332, 104
Trd, 8639305.432, 96
Trd, 8639305.682, 95
Trd, 8639306.782, 102
Trd, 8639308.032, 101
Trd, 8639310.082, 87
Trd, 8639310.632, 82
Trd, 8639311.982, 107
Trd, 8639312.232, 83
Trd, 8639313.532, 103
Trd, 8639314.582, 102
Trd, 8639317.082, 97
Trd, 8639319.232, 94
Trd, 8639319.282, 96
Trd, 8639319.582, 93
Trd, 8639319.932, 103
Trd, 8639321.132, 101
Trd, 8639322.882, 99
Trd, 8639323.532, 99
Trd, 8639323.732, 95
Trd, 8639323.932, 100
Trd, 8639324.332, 104
Trd, 8639327.582, 90
Trd, 8639327.832, 112
Trd, 8639328.832, 112
Trd, 8639328.882, 92
Trd, 8639330.282, 109
Trd, 8639330.382, 81
Trd, 8639330.582, 110
Trd, 8639334.032, 91
Trd, 8639335.132, 100
Trd, 8639336.432, 98
Trd, 8639336.732, 113
Trd, 8639337.882, 120
Trd, 8639338.132, 95
Trd, 8639340.182, 114
Trd, 8639340.632, 113
Trd, 8639341.032, 104
Trd, 8639341.632, 113
Trd, 8639343.382, 91
Trd, 8639346.082, 99
Trd, 8639346.682, 98
Trd, 8639348.382, 97
Trd, 8639348.432, 95
Trd, 8639348.582, 99
Trd, 8639348.832, 125
Trd, 8639349.482, 86
Trd, 8639352.932, 116
Trd, 8639353.382, 113
Trd, 8639353.682, 114
Trd, 8639354.882, 104
Trd, 8639355.132, 112
Trd, 8639355.332, 86
Trd, 8639356.432, 110
Trd, 8639357.582, 87
Trd, 8639360.532, 104
Trd, 8639361.132, 111
Trd, 8639361.382, 99
Trd, 8639361.832, 112
Trd, 8639363.332, 95
Trd, 8639366.082, 112
Trd, 8639366.982, 82
Trd, 8639368.432, 84
Trd, 8639368.732, 104
Trd, 8639370.582, 102
Trd, 8639373.332, 100
Trd, 8639374.482, 98
Trd, 8639374.932, 100
Trd, 8639375.032, 104
Trd, 8639375.082, 97
Trd, 8639377.382, 120
Trd, 8639377.782, 113
Trd, 8639378.732, 119
Trd, 8639378.932, 104
Trd, 8639380.232, 98
Trd, 8639381.532, 113
Trd, 8639383.682, 91
Trd, 8639384.082, 105
Trd, 8639384.632, 105
Trd, 8639386.232, 95
Trd, 8639386.532, 103
Trd, 8639387.032, 87
Trd, 8639390.282, 99
Trd, 8639390.782, 99
Trd, 8639391.582, 96
Trd, 8639391.732, 98
Trd, 8639392.582, 87
Trd, 8639394.582, 95
Trd, 8639396.782, 93
Trd, 8639397.982, 104
Trd, 8639400.182, 101
Trd, 8639400.482, 87
Trd, 8639400.682, 122
Trd, 8639401.482, 111
Trd, 8639405.082, 103
Trd, 8639405.182, 104
Trd, 8639406.282, 98
Trd, 8639407.382, 97
Trd, 8639408.382, 95
Trd, 8639409.482, 98
Trd, 8639410.132, 97
Trd, 8639410.482, 91
Trd, 8639411.032, 113
Trd, 8639411.732, 121
Trd, 8639413.832, 115
Trd, 8639414.682, 112
Trd, 8639414.832, 95
Trd, 8639415.282, 87
Trd, 8639416.632, 87
Trd, 8639419.032, 86
Trd, 8639419.182, 109
Trd, 8639419.732, 110
Trd, 8639419.832, 112
Trd, 8639421.682, 94
Trd, 8639423.682, 113
Trd, 8639424.032, 119
Trd, 8639426.832, 114
Trd, 8639427.132, 113
Trd, 8639427.532, 113
Trd, 8639428.182, 104
Trd, 8639429.332, 122
Trd, 8639429.432, 86
Trd, 8639433.282, 125
Trd, 8639434.382, 121
Trd, 8639434.982, 104
Trd, 8639436.582, 113
Trd, 8639436.982, 112
Trd, 8639437.532, 104
Trd, 8639437.682, 112
Trd, 8639439.032, 86
Trd, 8639439.832, 123
Trd, 8639441.132, 121
Trd, 8639442.032, 112
Trd, 8639443.632, 121
Trd, 8639445.132, 86
Trd, 8639445.682, 117
Trd, 8639445.932, 86
Trd, 8639448.032, 108
Trd, 8639448.482, 108
Trd, 8639448.782, 113
Trd, 8639448.982, 91
Trd, 8639451.432, 120
Trd, 8639454.832, 114
Trd, 8639455.632, 122
Trd, 8639457.182, 117
Trd, 8639458.582, 114
Trd, 8639459.632, 113
Trd, 8639460.232, 88
Trd, 8639460.682, 88
Trd, 8639461.282, 111
Trd, 8639462.582, 78
Trd, 8639463.232, 78
Trd, 8639464.132, 103
Trd, 8639464.682, 104
Trd, 8639466.032, 113
Trd, 8639467.482, 112
Trd, 8639469.832, 96
Trd, 8639470.082, 113
Trd, 8639470.482, 110
Trd, 8639472.382, 97
Trd, 8639473.282, 116
Trd, 8639474.232, 112
Trd, 8639475.732, 110
Trd, 8639475.882, 90
Trd, 8639478.132, 109
Trd, 8639480.232, 109
Trd, 8639480.382, 110
Trd, 8639481.082, 100
Trd, 8639481.282, 100
Trd, 8639483.182, 104
Trd, 8639483.632, 104
Trd, 8639485.082, 104
Trd, 8639485.482, 104
Trd, 8639486.632, 103
Trd, 8639487.832, 95
Trd, 8639488.482, 112
Trd, 8639488.982, 113
Trd, 8639490.082, 111
Trd, 8639490.332, 87
Trd, 8639492.382, 90
Trd, 8639492.832, 108
Trd, 8639493.232, 95
Trd, 8639493.782, 105
Trd, 8639494.632, 104
Trd, 8639496.982, 117
Trd, 8639497.382, 101
Trd, 8639499.532, 111
Trd, 8639499.932, 112
Trd, 8639500.932, 92
Trd, 8639504.482, 100
Trd, 8639505.332, 97
Trd, 8639505.382, 100
Trd, 8639505.682, 101
Trd, 8639506.832, 96
Trd, 8639509.332, 94
Trd, 8639509.732, 96
Trd, 8639510.432, 94
Trd, 8639511.032, 95
Trd, 8639511.682, 94
Trd, 8639512.632, 102
Trd, 8639512.732, 104
Trd, 8639513.882, 87
Trd, 8639515.932, 118
Trd, 8639517.582, 116
Trd, 8639518.332, 95
Trd, 8639519.482, 113
Trd, 8639519.782, 80
Trd, 8639520.582, 112
Trd, 8639520.932, 113
Trd, 8639522.982, 122
Trd, 8639524.132, 86
Trd, 8639524.732, 118
Trd, 8639526.432, 113
Trd, 8639526.932, 89
Trd, 8639529.032, 110
Trd, 8639529.682, 110
Trd, 8639530.032, 89
Trd, 8639530.082, 111
Trd, 8639534.132, 95
Trd, 8639535.282, 101
Trd, 8639535.632, 102
Trd, 8639536.082, 102
Trd, 8639536.832, 96
Trd, 8639539.182, 103
Trd, 8639539.832, 112
Trd, 8639541.682, 97
Trd, 8639541.782, 95
Trd, 8639542.182, 112
Trd, 8639544.782, 122
Trd, 8639546.282, 120
Trd, 8639546.882, 78
Trd, 8639547.382, 78
Trd, 8639548.282, 113
Trd, 8639548.832, 86
Trd, 8639548.932, 78
Trd, 8639549.882, 107
Trd, 8639551.032, 107
Trd, 8639551.932, 107
Trd, 8639553.382, 108
Trd, 8639554.532, 85
Trd, 8639555.282, 110
Trd, 8639557.332, 89
Trd, 8639560.332, 97
Trd, 8639560.682, 96
Trd, 8639560.932, 88
Trd, 8639561.132, 89
Trd, 8639561.782, 95
Trd, 8639561.932, 95
Trd, 8639562.132, 104
Trd, 8639562.432, 86
Trd, 8639565.632, 111
Trd, 8639565.682, 112
Trd, 8639566.382, 111
Trd, 8639567.882, 110
Trd, 8639567.982, 95
Trd, 8639569.632, 109
Trd, 8639571.632, 95
Trd, 8639571.932, 107
Trd, 8639572.632, 88
Trd, 8639574.282, 113
Trd, 8639574.782, 122
Trd, 8639574.882, 90
Trd, 8639577.982, 114
Trd, 8639578.182, 113
Trd, 8639578.632, 113
Trd, 8639579.332, 104
Trd, 8639579.582, 111
Trd, 8639582.082, 119
Trd, 8639583.932, 100
Trd, 8639584.382, 118
Trd, 8639585.582, 116
Trd, 8639587.582, 112
Trd, 8639589.932, 97
Trd, 8639590.632, 90
Trd, 8639591.282, 111
Trd, 8639591.932, 112
Trd, 8639593.632, 87
Trd, 8639593.682, 109
Trd, 8639595.232, 89
Trd, 8639596.132, 103
Trd, 8639597.782, 80
Trd, 8639598.982, 100
Trd, 8639599.482, 100
Trd, 8639599.532, 104
Trd, 8639601.282, 87
Trd, 8639605.182, 111
Trd, 8639605.532, 112
Trd, 8639606.732, 113
Trd, 8639608.532, 105
Trd, 8639609.532, 112
Trd, 8639609.782, 86
Trd, 8639611.732, 130
Trd, 8639612.482, 128
Trd, 8639615.882, 119
Trd, 8639616.932, 117
Trd, 8639617.432, 112
Trd, 8639617.732, 115
Trd, 8639620.532, 109
Trd, 8639620.682, 110
Trd, 8639622.132, 108
Trd, 8639623.132, 96
Trd, 8639624.782, 107
Trd, 8639625.532, 106
Trd, 8639627.532, 101
Trd, 8639628.382, 101
Trd, 8639628.682, 99
Trd, 8639629.882, 99
Trd, 8639629.932, 88
Trd, 8639630.032, 104
Trd, 8639632.632, 109
Trd, 8639633.382, 113
Trd, 8639634.432, 83
Trd, 8639634.732, 82
Trd, 8639636.082, 113
Trd, 8639636.882, 109
Trd, 8639637.032, 116
Trd, 8639641.132, 108
Trd, 8639641.632, 97
Trd, 8639641.982, 109
Trd, 8639642.032, 113
Trd, 8639643.232, 98
Trd, 8639644.732, 95
Trd, 8639645.982, 111
Trd, 8639647.032, 109
Trd, 8639647.582, 88
Trd, 8639649.132, 108
Trd, 8639651.782, 102
Trd, 8639651.932, 93
Trd, 8639653.082, 101
Trd, 8639653.232, 97
Trd, 8639653.532, 104
Trd, 8639656.332, 114
Trd, 8639657.382, 115
Trd, 8639658.782, 97
Trd, 8639659.032, 109
Trd, 8639659.482, 96
Trd, 8639660.232, 108
Trd, 8639662.132, 95
Trd, 8639663.282, 104
Trd, 8639663.882, 104
Trd, 8639666.182, 93
Trd, 8639667.132, 88
Trd, 8639668.282, 90
Trd, 8639668.382, 95
Trd, 8639669.082, 89
Trd, 8639669.532, 113
Trd, 8639671.082, 121
Trd, 8639671.482, 91
Trd, 8639675.282, 103
Trd, 8639677.032, 94
Trd, 8639678.582, 92
Trd, 8639678.832, 96
Trd, 8639679.132, 98
Trd, 8639681.082, 102
Trd, 8639681.382, 84
Trd, 8639683.132, 108
Trd, 8639683.182, 109
Trd, 8639683.282, 85
Trd, 8639684.632, 110
Trd, 8639685.732, 111
Trd, 8639686.382, 92
Trd, 8639686.782, 91
Trd, 8639687.232, 113
Trd, 8639688.332, 120
Trd, 8639690.232, 87
Trd, 8639691.182, 112
Trd, 8639691.632, 88
Trd, 8639693.582, 108
Trd, 8639693.732, 110
Trd, 8639696.832, 119
Trd, 8639697.432, 116
Trd, 8639697.632, 113
Trd, 8639699.232, 112
Trd, 8639702.582, 104
Trd, 8639702.932, 105
Trd, 8639703.182, 101
Trd, 8639703.882, 100
Trd, 8639705.582, 97
Trd, 8639706.232, 98
Trd, 8639706.632, 104
Trd, 8639707.782, 113
Trd, 8639709.132, 88
Trd, 8639709.182, 120
Trd, 8639710.232, 120
Trd, 8639713.282, 113
Trd, 8639713.832, 114
Trd, 8639713.982, 113
Trd, 8639714.082, 113
Trd, 8639714.282, 104
Trd, 8639714.932, 95
Trd, 8639715.982, 112
Trd, 8639716.432, 78
Trd, 8639718.832, 115
Trd, 8639721.532, 92
Trd, 8639723.132, 110
Trd, 8639724.082, 91
Trd, 8639724.482, 106
Trd, 8639724.782, 113
Trd, 8639725.532, 122
Trd, 8639726.332, 124
Trd, 8639726.832, 85
Trd, 8639727.982, 118
Trd, 8639729.082, 118
Trd, 8639729.382, 89
Trd, 8639732.732, 114
Trd, 8639733.082, 85
Trd, 8639733.682, 112
Trd, 8639734.482, 112
Trd, 8639734.832, 104
Trd, 8639735.582, 111
Trd, 8639735.832, 87
Trd, 8639737.282, 111
Trd, 8639739.282, 107
Trd, 8639741.132, 82
Trd, 8639741.832, 80
Trd, 8639745.082, 94
Trd, 8639745.482, 95
Trd, 8639746.082, 88
Trd, 8639747.732, 122
Trd, 8639748.782, 95
Trd, 8639749.282, 115
Trd, 8639750.832, 107
Trd, 8639751.032, 93
Trd, 8639751.732, 91
Trd, 8639752.132, 109
Trd, 8639752.832, 109
Trd, 8639755.332, 89
Trd, 8639757.132, 110
Trd, 8639757.982, 92
Trd, 8639759.032, 107
Trd, 8639759.482, 94
Trd, 8639762.032, 98
Trd, 8639762.432, 95
Trd, 8639763.482, 99
Trd, 8639763.982, 99
Trd, 8639764.532, 81
Trd, 8639765.132, 103
Trd, 8639765.882, 80
Trd, 8639767.782, 111
Trd, 8639769.632, 111
Trd, 8639770.182, 88
Trd, 8639770.632, 112
Trd, 8639771.832, 88
Trd, 8639772.582, 113
Trd, 8639774.932, 81
Trd, 8639775.132, 115
Trd, 8639776.332, 81
Trd, 8639777.332, 108
Trd, 8639779.682, 98
Trd, 8639780.132, 83
Trd, 8639781.382, 96
Trd, 8639782.732, 96
Trd, 8639784.032, 85
Trd, 8639784.632, 86
Trd, 8639786.232, 101
Trd, 8639787.382, 100
Trd, 8639788.982, 96
Trd, 8639790.332, 110
Trd, 8639791.082, 97
Trd, 8639791.532, 124
Trd, 8639792.882, 111
Trd, 8639793.982, 121
Trd, 8639795.682, 93
Trd, 8639795.882, 112
Trd, 8639796.382, 97
Trd, 8639797.582, 88
Trd, 8639798.832, 88
Trd, 8639799.432, 88
Trd, 8639800.682, 87
Trd, 8639800.982, 95
Trd, 8639802.032, 83
Trd, 8639802.332, 104
Trd, 8639802.632, 113
Trd, 8639804.732, 112
Trd, 8639806.432, 91
Trd, 8639807.482, 112
Trd, 8639809.282, 109
Trd, 8639810.332, 112
Trd, 8639810.982, 112
Trd, 8639811.432, 95
Trd, 8639813.732, 121
Trd, 8639813.832, 121
Trd, 8639814.632, 104
Trd, 8639815.782, 122
Trd, 8639816.032, 86
Trd, 8639818.832, 112
Trd, 8639819.532, 112
Trd, 8639822.082, 104
Trd, 8639822.682, 103
Trd, 8639823.682, 103
Trd, 8639823.832, 104
Trd, 8639824.082, 78
Trd, 8639825.632, 123
Trd, 8639826.182, 122
Trd, 8639828.632, 121
Trd, 8639828.882, 107
Trd, 8639829.932, 114
Trd, 8639830.182, 104
Trd, 8639830.382, 113
Trd, 8639831.632, 112
Trd, 8639832.732, 109
Trd, 8639833.882, 98
Trd, 8639834.682, 105
Trd, 8639836.832, 94
Trd, 8639838.682, 103
Trd, 8639838.732, 89
Trd, 8639839.382, 102
Trd, 8639841.382, 93
Trd, 8639841.482, 113
Trd, 8639842.032, 93
Trd, 8639843.782, 121
Trd, 8639845.632, 114
Trd, 8639846.882, 112
Trd, 8639848.632, 106
Trd, 8639849.032, 106
Trd, 8639849.132, 107
Trd, 8639850.332, 104
Trd, 8639850.432, 106
Trd, 8639852.782, 97
Trd, 8639853.982, 120
Trd, 8639856.232, 114
Trd, 8639856.582, 113
Trd, 8639856.882, 115
Trd, 8639858.432, 113
Trd, 8639859.382, 112
Trd, 8639859.482, 104
Trd, 8639862.532, 80
Trd, 8639863.882, 108
Trd, 8639864.382, 109
Trd, 8639866.332, 113
Trd, 8639868.782, 116
Trd, 8639869.582, 114
Trd, 8639870.232, 112
Trd, 8639870.432, 111
Trd, 8639872.782, 108
Trd, 8639873.482, 107
Trd, 8639876.082, 116
Trd, 8639876.932, 112
Trd, 8639880.132, 106
Trd, 8639880.282, 104
Trd, 8639880.782, 108
Trd, 8639881.332, 107
Trd, 8639881.532, 96
Trd, 8639881.682, 108
Trd, 8639883.232, 86
Trd, 8639884.832, 112
Trd, 8639887.232, 115
Trd, 8639887.832, 113
Trd, 8639888.282, 104
Trd, 8639890.182, 111
Trd, 8639890.382, 100
Trd, 8639890.932, 111
Trd, 8639893.482, 88
Trd, 8639894.582, 102
Trd, 8639894.932, 105
Trd, 8639896.082, 81
Trd, 8639897.782, 84
Trd, 8639898.432, 95
Trd, 8639899.582, 103
Trd, 8639900.882, 84
Trd, 8639903.082, 87
Trd, 8639903.432, 94
Trd, 8639903.532, 95
Trd, 8639905.032, 104
Trd, 8639905.232, 87
Trd, 8639907.682, 88
Trd, 8639908.232, 106
Trd, 8639908.782, 107
Trd, 8639909.082, 113
Trd, 8639910.082, 78
Trd, 8639911.132, 115
Trd, 8639911.932, 115
Trd, 8639912.032, 80
Trd, 8639917.382, 99
Trd, 8639918.282, 92
Trd, 8639918.682, 99
Trd, 8639918.882, 104
Trd, 8639919.882, 91
Trd, 8639921.032, 92
Trd, 8639921.332, 109
Trd, 8639921.782, 122
Trd, 8639922.232, 122
Trd, 8639926.082, 95
Trd, 8639927.582, 117
Trd, 8639928.782, 112
Trd, 8639929.332, 111
Trd, 8639929.532, 95
Trd, 8639929.782, 114
Trd, 8639931.832, 111
Trd, 8639932.882, 89
Trd, 8639934.432, 107
Trd, 8639935.132, 81
Trd, 8639935.932, 107
Trd, 8639936.482, 76
Trd, 8639938.032, 103
Trd, 8639938.232, 85
Trd, 8639940.432, 104
Trd, 8639940.932, 113
Trd, 8639941.432, 91
Trd, 8639942.732, 89
Trd, 8639943.132, 112
Trd, 8639943.732, 112
Trd, 8639947.532, 90
Trd, 8639947.632, 105
Trd, 8639949.332, 91
Trd, 8639949.782, 99
Trd, 8639949.932, 113
Trd, 8639953.482, 117
Trd, 8639953.782, 115
Trd, 8639953.982, 113
Trd, 8639955.882, 109
Trd, 8639956.082, 104
Trd, 8639956.132, 111
Trd, 8639958.932, 91
Trd, 8639959.232, 119
Trd, 8639961.882, 105
Trd, 8639963.082, 104
Trd, 8639964.282, 107
Trd, 8639964.682, 107
Trd, 8639964.932, 113
Trd, 8639967.482, 118
Trd, 8639970.032, 115
Trd, 8639970.582, 113
Trd, 8639970.832, 105
Trd, 8639971.782, 113
Trd, 8639972.982, 100
Trd, 8639973.932, 112
Trd, 8639974.432, 97
Trd, 8639975.082, 107
Trd, 8639976.532, 95
Trd, 8639976.882, 102
Trd, 8639977.482, 86
Trd, 8639980.482, 77
Trd, 8639980.932, 95
Trd, 8639981.882, 104
Trd, 8639983.182, 111
Trd, 8639984.482, 88
Trd, 8639985.782, 106
Trd, 8639986.432, 90
Trd, 8639986.782, 105
Trd, 8639987.582, 91
Trd, 8639988.182, 86
Trd, 8639990.532, 122
Trd, 8639992.232, 115
Trd, 8639992.832, 114
Trd, 8639993.682, 112
Trd, 8639993.882, 104
Trd, 8639994.482, 111
Trd, 8639995.582, 91
Trd, 8639996.832, 105
Trd, 8639997.382, 113
Trd, 8639997.982, 89
