Trd, 8637950.232, 103
Trd, 8637951.782, 95
Trd, 8637953.482, 109
Trd, 8637955.232, 107
Trd, 8637956.132, 109
Trd, 8637956.232, 123
Trd, 8637956.682, 95
Trd, 8637957.332, 122
Trd, 8637958.932, 77
Trd, 8637959.882, 89
Trd, 8637961.282, 82
Trd, 8637962.882, 81
Trd, 8637963.032, 104
Trd, 8637963.782, 104
Trd, 8637964.632, 95
Trd, 8637967.032, 107
Trd, 8637967.482, 95
Trd, 8637967.632, 90
Trd, 8637970.382, 112
Trd, 8637971.082, 104
Trd, 8637971.182, 86
Trd, 8637971.932, 77
Trd, 8637973.582, 107
Trd, 8637974.082, 106
Trd, 8637977.482, 94
Trd, 8637979.332, 94
Trd, 8637979.532, 96
Trd, 8637980.482, 113
Trd, 8637980.882, 94
Trd, 8637981.632, 91
Trd, 8637981.982, 96
Trd, 8637986.282, 104
Trd, 8637986.632, 104
Trd, 8637988.582, 100
Trd, 8637988.882, 106
Trd, 8637990.132, 95
Trd, 8637990.232, 86
Trd, 8637991.932, 111
Trd, 8637992.682, 77
Trd, 8637992.932, 60
Trd, 8637994.282, 115
Trd, 8637996.232, 104
Trd, 8637997.932, 94
Trd, 8637998.732, 103
Trd, 8637998.982, 104
Trd, 8638000.632, 80
Trd, 8638001.032, 107
Trd, 8638002.382, 79
Trd, 8638003.682, 100
Trd, 8638003.782, 96
Trd, 8638004.782, 105
Trd, 8638005.732, 113
Trd, 8638005.832, 95
Trd, 8638007.832, 127
Trd, 8638009.532, 93
Trd, 8638010.682, 99
Trd, 8638011.382, 105
Trd, 8638011.732, 79
Trd, 8638012.632, 117
Trd, 8638012.782, 77
Trd, 8638013.782, 78
Trd, 8638015.382, 104
Trd, 8638015.432, 104
Trd, 8638018.482, 86
Trd, 8638019.632, 120
Trd, 8638020.532, 104
Trd, 8638021.432, 102
Trd, 8638021.782, 100
Trd, 8638023.182, 124
Trd, 8638024.482, 95
Trd, 8638024.782, 74
Trd, 8638026.732, 109
Trd, 8638028.282, 93
Trd, 8638030.032, 68
Trd, 8638031.182, 99
Trd, 8638032.832, 82
Trd, 8638033.282, 86
Trd, 8638033.332, 81
Trd, 8638035.382, 77
Trd, 8638035.982, 86
Trd, 8638036.332, 96
Trd, 8638038.632, 96
Trd, 8638041.532, 94
Trd, 8638041.732, 96
Trd, 8638043.982, 105
Trd, 8638046.432, 105
Trd, 8638047.232, 111
Trd, 8638047.782, 95
Trd, 8638047.932, 114
Trd, 8638051.032, 95
Trd, 8638052.382, 105
Trd, 8638052.782, 116
Trd, 8638053.982, 97
Trd, 8638054.382, 98
Trd, 8638055.232, 115
Trd, 8638056.182, 95
Trd, 8638058.282, 98
Trd, 8638059.782, 98
Trd, 8638060.532, 92
Trd, 8638060.882, 86
Trd, 8638061.582, 103
Trd, 8638062.832, 83
Trd, 8638063.232, 115
Trd, 8638064.832, 95
Trd, 8638065.532, 118
Trd, 8638066.332, 118
Trd, 8638068.632, 77
Trd, 8638068.882, 71
Trd, 8638069.282, 110
Trd, 8638071.982, 89
Trd, 8638072.132, 78
Trd, 8638073.332, 100
Trd, 8638075.282, 87
Trd, 8638076.082, 99
Trd, 8638076.882, 105
Trd, 8638078.682, 92
Trd, 8638079.982, 116
Trd, 8638080.032, 86
Trd, 8638081.382, 118
Trd, 8638081.432, 76
Trd, 8638083.532, 79
Trd, 8638083.582, 77
Trd, 8638086.082, 118
Trd, 8638086.232, 100
Trd, 8638086.832, 108
Trd, 8638088.132, 109
Trd, 8638088.432, 95
Trd, 8638091.432, 92
Trd, 8638092.132, 107
Trd, 8638092.582, 97
Trd, 8638092.732, 108
Trd, 8638093.632, 86
Trd, 8638095.232, 93
Trd, 8638095.832, 126
Trd, 8638098.582, 119
Trd, 8638099.532, 104
Trd, 8638099.882, 116
Trd, 8638101.432, 86
Trd, 8638102.832, 96
Trd, 8638105.482, 105
Trd, 8638105.982, 95
Trd, 8638107.782, 97
Trd, 8638107.832, 86
Trd, 8638109.132, 107
Trd, 8638109.932, 111
Trd, 8638111.332, 110
Trd, 8638111.582, 93
Trd, 8638113.382, 79
Trd, 8638113.482, 95
Trd, 8638115.532, 100
Trd, 8638116.882, 98
Trd, 8638120.432, 95
Trd, 8638120.582, 107
Trd, 8638121.482, 86
Trd, 8638121.832, 108
Trd, 8638123.732, 95
Trd, 8638124.082, 109
Trd, 8638124.182, 95
Trd, 8638125.132, 62
Trd, 8638127.132, 78
Trd, 8638130.482, 119
Trd, 8638131.682, 94
Trd, 8638131.882, 98
Trd, 8638132.232, 93
Trd, 8638133.532, 88
Trd, 8638134.082, 86
Trd, 8638136.182, 101
Trd, 8638136.232, 103
Trd, 8638138.082, 105
Trd, 8638138.182, 95
Trd, 8638140.182, 96
Trd, 8638140.982, 77
Trd, 8638141.432, 80
Trd, 8638142.432, 96
Trd, 8638142.782, 115
Trd, 8638145.532, 98
Trd, 8638146.282, 95
Trd, 8638147.182, 91
Trd, 8638147.682, 95
Trd, 8638148.532, 119
Trd, 8638149.682, 96
Trd, 8638150.232, 95
Trd, 8638153.682, 120
Trd, 8638154.082, 115
Trd, 8638155.432, 112
Trd, 8638156.182, 115
Trd, 8638156.382, 111
Trd, 8638157.282, 104
Trd, 8638157.982, 95
Trd, 8638158.832, 118
Trd, 8638159.882, 112
Trd, 8638160.782, 77
Trd, 8638161.132, 119
Trd, 8638163.582, 96
Trd, 8638164.182, 96
Trd, 8638165.482, 105
Trd, 8638165.882, 94
Trd, 8638166.282, 89
Trd, 8638167.682, 131
Trd, 8638169.782, 97
Trd, 8638169.832, 95
Trd, 8638171.532, 120
Trd, 8638171.732, 86
Trd, 8638173.882, 95
Trd, 8638174.532, 124
Trd, 8638176.082, 86
Trd, 8638176.932, 94
Trd, 8638176.982, 109
Trd, 8638178.332, 99
Trd, 8638179.532, 96
Trd, 8638179.632, 108
Trd, 8638180.882, 97
Trd, 8638181.432, 104
Trd, 8638183.832, 82
Trd, 8638185.132, 109
Trd, 8638186.182, 113
Trd, 8638187.632, 122
Trd, 8638189.232, 104
Trd, 8638189.832, 106
Trd, 8638190.332, 110
Trd, 8638190.582, 90
Trd, 8638191.932, 79
Trd, 8638193.632, 86
Trd, 8638194.732, 122
Trd, 8638196.832, 95
Trd, 8638197.182, 98
Trd, 8638198.032, 96
Trd, 8638199.032, 97
Trd, 8638199.132, 86
Trd, 8638201.182, 77
Trd, 8638202.532, 107
Trd, 8638203.032, 99
Trd, 8638203.232, 95
Trd, 8638204.082, 92
Trd, 8638204.232, 102
Trd, 8638206.932, 95
Trd, 8638207.482, 100
Trd, 8638207.582, 88
Trd, 8638210.182, 110
Trd, 8638211.082, 115
Trd, 8638211.382, 110
Trd, 8638211.982, 106
Trd, 8638213.582, 96
Trd, 8638214.982, 94
Trd, 8638215.982, 103
Trd, 8638217.132, 86
Trd, 8638218.682, 94
Trd, 8638219.332, 113
Trd, 8638219.982, 95
Trd, 8638221.782, 105
Trd, 8638222.632, 109
Trd, 8638223.382, 87
Trd, 8638226.432, 98
Trd, 8638227.732, 82
Trd, 8638227.832, 82
Trd, 8638228.382, 116
Trd, 8638229.232, 95
Trd, 8638229.432, 76
Trd, 8638230.932, 108
Trd, 8638231.482, 80
Trd, 8638231.832, 123
Trd, 8638232.882, 121
Trd, 8638234.132, 97
Trd, 8638234.582, 129
Trd, 8638235.882, 86
Trd, 8638236.782, 110
Trd, 8638238.382, 115
Trd, 8638241.282, 114
Trd, 8638242.532, 95
Trd, 8638242.732, 90
Trd, 8638244.382, 108
Trd, 8638246.032, 119
Trd, 8638246.232, 100
Trd, 8638246.582, 77
Trd, 8638247.682, 77
Trd, 8638252.232, 99
Trd, 8638253.082, 100
Trd, 8638253.282, 95
Trd, 8638253.982, 115
Trd, 8638256.432, 91
Trd, 8638258.082, 100
Trd, 8638258.932, 113
Trd, 8638259.332, 126
Trd, 8638259.832, 95
Trd, 8638260.232, 94
Trd, 8638260.432, 86
Trd, 8638260.682, 95
Trd, 8638262.332, 78
Trd, 8638264.132, 94
Trd, 8638266.932, 94
Trd, 8638268.032, 86
Trd, 8638269.782, 80
Trd, 8638271.632, 108
Trd, 8638272.682, 82
Trd, 8638273.332, 95
Trd, 8638274.732, 82
Trd, 8638275.432, 112
Trd, 8638276.032, 96
Trd, 8638276.582, 98
Trd, 8638277.632, 117
Trd, 8638279.432, 81
Trd, 8638282.432, 106
Trd, 8638282.582, 95
Trd, 8638284.132, 113
Trd, 8638284.382, 140
Trd, 8638285.432, 104
Trd, 8638286.932, 104
Trd, 8638289.182, 97
Trd, 8638289.732, 88
Trd, 8638290.132, 82
Trd, 8638291.182, 113
Trd, 8638292.032, 123
Trd, 8638294.782, 85
Trd, 8638295.782, 86
Trd, 8638297.432, 96
Trd, 8638298.732, 125
Trd, 8638299.282, 95
Trd, 8638300.832, 107
Trd, 8638301.882, 108
Trd, 8638302.082, 104
Trd, 8638303.982, 98
Trd, 8638304.432, 95
Trd, 8638305.082, 98
Trd, 8638305.182, 77
Trd, 8638305.882, 113
Trd, 8638308.582, 83
Trd, 8638309.232, 104
Trd, 8638310.182, 105
Trd, 8638312.882, 95
Trd, 8638313.132, 94
Trd, 8638313.532, 100
Trd, 8638315.182, 114
Trd, 8638318.782, 103
Trd, 8638319.032, 108
Trd, 8638319.282, 100
Trd, 8638320.182, 103
Trd, 8638320.332, 95
Trd, 8638321.182, 122
Trd, 8638322.232, 95
Trd, 8638323.782, 108
Trd, 8638325.032, 94
Trd, 8638326.932, 95
Trd, 8638329.032, 94
Trd, 8638329.082, 86
Trd, 8638329.182, 95
Trd, 8638329.532, 106
Trd, 8638330.382, 86
Trd, 8638331.932, 95
Trd, 8638332.232, 122
Trd, 8638334.782, 79
Trd, 8638335.082, 77
Trd, 8638335.532, 109
Trd, 8638335.932, 63
Trd, 8638337.282, 81
Trd, 8638338.582, 111
Trd, 8638338.782, 126
Trd, 8638338.932, 113
Trd, 8638339.432, 104
Trd, 8638340.732, 99
Trd, 8638340.982, 105
Trd, 8638342.382, 86
Trd, 8638343.532, 99
Trd, 8638346.132, 85
Trd, 8638346.382, 86
Trd, 8638346.932, 95
Trd, 8638347.982, 80
Trd, 8638348.532, 95
Trd, 8638349.882, 96
Trd, 8638351.432, 104
Trd, 8638351.932, 106
Trd, 8638352.332, 94
Trd, 8638353.732, 85
Trd, 8638354.482, 84
Trd, 8638354.732, 100
Trd, 8638354.832, 106
Trd, 8638358.282, 103
Trd, 8638358.582, 109
Trd, 8638359.782, 86
Trd, 8638360.182, 89
Trd, 8638361.132, 66
Trd, 8638363.232, 101
Trd, 8638363.532, 79
Trd, 8638363.632, 107
Trd, 8638365.032, 94
Trd, 8638365.482, 90
Trd, 8638368.732, 103
Trd, 8638369.282, 97
Trd, 8638370.182, 118
Trd, 8638370.632, 95
Trd, 8638372.982, 96
Trd, 8638374.582, 94
Trd, 8638374.632, 104
Trd, 8638374.832, 104
Trd, 8638375.382, 93
Trd, 8638378.982, 98
Trd, 8638379.882, 99
Trd, 8638381.732, 104
Trd, 8638381.832, 90
Trd, 8638383.282, 95
Trd, 8638384.332, 95
Trd, 8638384.632, 81
Trd, 8638385.982, 72
Trd, 8638388.232, 93
Trd, 8638388.932, 93
Trd, 8638389.082, 77
Trd, 8638390.282, 116
Trd, 8638391.532, 77
Trd, 8638392.932, 96
Trd, 8638393.782, 86
Trd, 8638394.932, 102
Trd, 8638396.032, 122
Trd, 8638396.932, 103
Trd, 8638396.982, 118
Trd, 8638398.432, 98
Trd, 8638398.682, 94
Trd, 8638399.332, 106
Trd, 8638400.932, 99
Trd, 8638401.332, 80
Trd, 8638402.782, 109
Trd, 8638402.982, 89
Trd, 8638404.732, 79
Trd, 8638405.482, 86
Trd, 8638406.532, 80
Trd, 8638407.482, 107
Trd, 8638407.632, 104
Trd, 8638408.082, 115
Trd, 8638408.532, 125
Trd, 8638409.082, 91
Trd, 8638409.932, 77
Trd, 8638411.332, 114
Trd, 8638412.032, 103
Trd, 8638413.732, 96
Trd, 8638415.732, 113
Trd, 8638417.032, 105
Trd, 8638417.632, 98
Trd, 8638417.982, 86
Trd, 8638419.132, 95
Trd, 8638420.032, 80
Trd, 8638421.782, 111
Trd, 8638422.232, 111
Trd, 8638424.682, 104
Trd, 8638425.232, 97
Trd, 8638425.482, 111
Trd, 8638425.782, 93
Trd, 8638426.182, 86
Trd, 8638427.582, 93
Trd, 8638430.482, 107
Trd, 8638430.632, 115
Trd, 8638431.582, 106
Trd, 8638432.532, 104
Trd, 8638435.182, 107
Trd, 8638435.582, 86
Trd, 8638436.632, 82
Trd, 8638437.932, 81
Trd, 8638438.082, 107
Trd, 8638438.682, 128
Trd, 8638438.932, 85
Trd, 8638441.532, 104
Trd, 8638441.582, 93
Trd, 8638442.432, 103
Trd, 8638442.482, 104
Trd, 8638443.232, 92
Trd, 8638444.382, 63
Trd, 8638446.732, 97
Trd, 8638447.732, 84
Trd, 8638448.882, 95
Trd, 8638449.182, 105
Trd, 8638449.632, 117
Trd, 8638451.232, 87
Trd, 8638452.282, 92
Trd, 8638453.082, 109
Trd, 8638456.082, 95
Trd, 8638456.232, 93
Trd, 8638456.432, 96
Trd, 8638457.932, 103
Trd, 8638461.182, 96
Trd, 8638461.982, 95
Trd, 8638463.982, 103
Trd, 8638464.382, 96
Trd, 8638466.032, 95
Trd, 8638466.582, 86
Trd, 8638466.932, 102
Trd, 8638467.732, 104
Trd, 8638469.132, 98
Trd, 8638469.432, 95
Trd, 8638470.482, 114
Trd, 8638472.832, 95
Trd, 8638473.782, 101
Trd, 8638474.982, 105
Trd, 8638476.182, 97
Trd, 8638476.532, 96
Trd, 8638477.682, 107
Trd, 8638478.182, 107
Trd, 8638478.432, 96
Trd, 8638480.282, 93
Trd, 8638481.832, 99
Trd, 8638483.282, 88
Trd, 8638483.432, 126
Trd, 8638485.582, 76
Trd, 8638485.832, 107
Trd, 8638486.882, 95
Trd, 8638487.332, 107
Trd, 8638487.432, 77
Trd, 8638489.582, 79
Trd, 8638490.232, 114
Trd, 8638492.782, 104
Trd, 8638494.182, 103
Trd, 8638495.832, 97
Trd, 8638496.382, 118
Trd, 8638496.832, 97
Trd, 8638496.982, 95
Trd, 8638498.882, 86
Trd, 8638500.932, 129
Trd, 8638501.632, 84
Trd, 8638503.382, 78
Trd, 8638503.582, 77
Trd, 8638503.882, 99
Trd, 8638504.982, 112
Trd, 8638505.832, 87
Trd, 8638506.832, 111
Trd, 8638509.232, 92
Trd, 8638509.932, 95
Trd, 8638510.082, 124
Trd, 8638511.232, 96
Trd, 8638511.682, 94
Trd, 8638514.582, 86
Trd, 8638514.682, 98
Trd, 8638515.832, 80
Trd, 8638517.882, 82
Trd, 8638518.382, 80
Trd, 8638519.782, 118
Trd, 8638520.132, 101
Trd, 8638520.932, 94
Trd, 8638521.982, 86
Trd, 8638524.632, 79
Trd, 8638524.932, 103
Trd, 8638525.482, 114
Trd, 8638527.482, 91
Trd, 8638529.332, 92
Trd, 8638529.832, 93
Trd, 8638530.232, 104
Trd, 8638533.032, 99
Trd, 8638533.682, 98
Trd, 8638533.882, 86
Trd, 8638534.982, 100
Trd, 8638535.582, 95
Trd, 8638538.432, 81
Trd, 8638540.932, 120
Trd, 8638541.832, 96
Trd, 8638542.432, 129
Trd, 8638543.032, 116
Trd, 8638543.182, 116
Trd, 8638543.532, 95
Trd, 8638543.682, 86
Trd, 8638545.132, 97
Trd, 8638546.482, 95
Trd, 8638547.982, 110
Trd, 8638548.182, 120
Trd, 8638549.482, 96
Trd, 8638550.382, 94
Trd, 8638550.432, 123
Trd, 8638554.082, 79
Trd, 8638554.582, 92
Trd, 8638555.732, 107
Trd, 8638557.132, 108
Trd, 8638559.782, 97
Trd, 8638560.932, 101
Trd, 8638561.232, 89
Trd, 8638561.332, 83
Trd, 8638562.232, 117
Trd, 8638563.782, 117
Trd, 8638564.032, 104
Trd, 8638566.082, 113
Trd, 8638569.182, 97
Trd, 8638571.732, 105
Trd, 8638571.782, 104
Trd, 8638571.832, 109
Trd, 8638572.932, 95
Trd, 8638572.982, 107
Trd, 8638575.882, 114
Trd, 8638576.082, 95
Trd, 8638576.832, 86
Trd, 8638578.682, 103
Trd, 8638578.932, 114
Trd, 8638579.932, 118
Trd, 8638580.882, 106
Trd, 8638581.082, 104
Trd, 8638583.382, 96
Trd, 8638585.082, 100
Trd, 8638585.382, 126
Trd, 8638587.632, 105
Trd, 8638588.582, 86
Trd, 8638589.882, 78
Trd, 8638589.932, 86
Trd, 8638590.432, 136
Trd, 8638591.432, 96
Trd, 8638592.082, 77
Trd, 8638594.782, 108
Trd, 8638595.482, 109
Trd, 8638596.332, 96
Trd, 8638599.432, 94
Trd, 8638599.682, 93
Trd, 8638601.682, 95
Trd, 8638601.882, 107
Trd, 8638603.882, 108
Trd, 8638604.032, 93
Trd, 8638604.532, 114
Trd, 8638608.282, 80
Trd, 8638609.832, 101
Trd, 8638610.782, 97
Trd, 8638611.582, 105
Trd, 8638612.032, 96
Trd, 8638613.782, 122
Trd, 8638614.682, 103
Trd, 8638615.282, 94
Trd, 8638616.632, 86
Trd, 8638618.632, 107
Trd, 8638619.132, 107
Trd, 8638620.332, 106
Trd, 8638621.232, 123
Trd, 8638622.032, 95
Trd, 8638623.082, 93
Trd, 8638625.982, 91
Trd, 8638626.482, 82
Trd, 8638626.632, 75
Trd, 8638627.832, 105
Trd, 8638629.282, 96
Trd, 8638629.532, 103
Trd, 8638631.382, 95
Trd, 8638632.332, 113
Trd, 8638632.382, 111
Trd, 8638633.232, 108
Trd, 8638633.532, 104
Trd, 8638637.932, 107
Trd, 8638638.282, 94
Trd, 8638638.532, 108
Trd, 8638640.232, 90
Trd, 8638640.882, 105
Trd, 8638641.082, 105
Trd, 8638642.182, 94
Trd, 8638643.932, 89
Trd, 8638645.382, 100
Trd, 8638645.732, 95
Trd, 8638648.132, 96
Trd, 8638648.732, 81
Trd, 8638650.832, 81
Trd, 8638651.582, 105
Trd, 8638651.882, 77
Trd, 8638652.582, 102
Trd, 8638653.982, 110
Trd, 8638654.582, 116
Trd, 8638654.882, 113
Trd, 8638657.632, 107
Trd, 8638659.882, 119
Trd, 8638660.432, 95
Trd, 8638662.032, 78
Trd, 8638662.282, 99
Trd, 8638663.732, 95
Trd, 8638663.832, 121
Trd, 8638665.332, 79
Trd, 8638665.682, 66
Trd, 8638668.232, 106
Trd, 8638668.732, 106
Trd, 8638669.632, 96
Trd, 8638670.282, 95
Trd, 8638670.382, 122
Trd, 8638673.032, 96
Trd, 8638674.732, 94
Trd, 8638675.582, 86
Trd, 8638676.282, 88
Trd, 8638676.382, 96
Trd, 8638677.082, 95
Trd, 8638677.332, 122
Trd, 8638679.782, 123
Trd, 8638681.232, 104
Trd, 8638681.682, 115
Trd, 8638682.282, 112
Trd, 8638683.232, 95
Trd, 8638683.332, 86
Trd, 8638684.782, 113
Trd, 8638685.782, 87
Trd, 8638685.982, 119
Trd, 8638686.982, 106
Trd, 8638691.132, 118
Trd, 8638692.532, 104
Trd, 8638693.182, 95
Trd, 8638693.232, 86
Trd, 8638694.182, 97
Trd, 8638696.382, 102
Trd, 8638696.532, 95
Trd, 8638696.832, 80
Trd, 8638697.682, 122
Trd, 8638699.182, 112
Trd, 8638700.782, 101
Trd, 8638700.932, 77
Trd, 8638701.632, 92
Trd, 8638704.332, 94
Trd, 8638704.982, 95
Trd, 8638705.832, 95
Trd, 8638707.132, 85
Trd, 8638708.032, 100
Trd, 8638708.982, 83
Trd, 8638710.282, 82
Trd, 8638712.082, 105
Trd, 8638712.782, 90
Trd, 8638712.982, 96
Trd, 8638713.132, 78
Trd, 8638713.982, 78
Trd, 8638715.932, 86
Trd, 8638716.282, 112
Trd, 8638717.682, 93
Trd, 8638719.532, 96
Trd, 8638720.282, 102
Trd, 8638720.382, 94
Trd, 8638722.132, 105
Trd, 8638723.382, 99
Trd, 8638724.582, 107
Trd, 8638725.782, 95
Trd, 8638727.532, 115
Trd, 8638727.632, 118
Trd, 8638730.532, 104
Trd, 8638730.732, 125
Trd, 8638731.782, 112
Trd, 8638733.432, 98
Trd, 8638734.382, 95
Trd, 8638734.982, 87
Trd, 8638737.632, 108
Trd, 8638738.232, 100
Trd, 8638740.932, 95
Trd, 8638743.132, 95
Trd, 8638743.782, 104
Trd, 8638744.432, 103
Trd, 8638744.682, 104
Trd, 8638744.932, 102
Trd, 8638745.532, 116
Trd, 8638746.132, 98
Trd, 8638747.332, 99
Trd, 8638750.032, 95
Trd, 8638751.982, 96
Trd, 8638752.932, 95
Trd, 8638753.932, 106
Trd, 8638753.982, 87
Trd, 8638755.682, 86
Trd, 8638756.132, 116
Trd, 8638756.232, 127
Trd, 8638757.082, 80
Trd, 8638760.482, 97
Trd, 8638761.432, 96
Trd, 8638761.682, 95
Trd, 8638762.432, 107
Trd, 8638763.982, 80
Trd, 8638766.882, 88
Trd, 8638767.582, 97
Trd, 8638768.032, 127
Trd, 8638769.232, 93
Trd, 8638769.732, 87
Trd, 8638770.232, 95
Trd, 8638770.632, 105
Trd, 8638771.932, 79
Trd, 8638772.232, 95
Trd, 8638775.932, 85
Trd, 8638776.232, 75
Trd, 8638776.332, 108
Trd, 8638777.632, 102
Trd, 8638779.832, 112
Trd, 8638780.782, 91
Trd, 8638781.332, 109
Trd, 8638781.382, 123
Trd, 8638782.582, 97
Trd, 8638783.032, 100
Trd, 8638784.782, 98
Trd, 8638785.532, 95
Trd, 8638787.082, 84
Trd, 8638788.032, 103
Trd, 8638789.932, 104
Trd, 8638791.032, 94
Trd, 8638791.732, 88
Trd, 8638794.082, 98
Trd, 8638794.482, 86
Trd, 8638796.782, 102
Trd, 8638796.932, 115
Trd, 8638797.632, 99
Trd, 8638798.682, 100
Trd, 8638799.932, 94
Trd, 8638800.782, 95
Trd, 8638801.382, 105
Trd, 8638802.482, 86
Trd, 8638805.982, 97
Trd, 8638806.282, 117
Trd, 8638806.682, 122
Trd, 8638807.032, 104
Trd, 8638808.332, 95
Trd, 8638808.882, 77
Trd, 8638809.882, 112
Trd, 8638811.482, 103
Trd, 8638813.032, 119
Trd, 8638813.632, 103
Trd, 8638814.032, 95
Trd, 8638814.532, 91
Trd, 8638816.432, 95
Trd, 8638818.982, 135
Trd, 8638819.182, 99
Trd, 8638819.582, 103
Trd, 8638821.082, 79
Trd, 8638821.282, 95
Trd, 8638822.582, 108
Trd, 8638824.782, 93
Trd, 8638825.182, 97
Trd, 8638828.082, 95
Trd, 8638828.382, 87
Trd, 8638828.632, 89
Trd, 8638829.732, 105
Trd, 8638830.882, 94
Trd, 8638832.832, 95
Trd, 8638833.832, 132
Trd, 8638835.932, 101
Trd, 8638836.882, 104
Trd, 8638836.932, 86
Trd, 8638837.682, 105
Trd, 8638839.832, 80
Trd, 8638841.832, 97
Trd, 8638842.332, 94
Trd, 8638843.082, 102
Trd, 8638843.982, 78
Trd, 8638844.732, 86
Trd, 8638845.682, 110
Trd, 8638848.132, 119
Trd, 8638848.582, 112
Trd, 8638848.832, 122
Trd, 8638849.132, 96
Trd, 8638852.332, 95
Trd, 8638852.582, 71
Trd, 8638855.182, 119
Trd, 8638855.332, 95
Trd, 8638856.182, 109
Trd, 8638858.332, 104
Trd, 8638861.232, 123
Trd, 8638861.982, 95
Trd, 8638862.982, 111
Trd, 8638863.682, 97
Trd, 8638864.632, 95
Trd, 8638864.932, 86
Trd, 8638865.082, 121
Trd, 8638865.982, 121
Trd, 8638868.832, 87
Trd, 8638869.582, 96
Trd, 8638871.232, 95
Trd, 8638873.232, 102
Trd, 8638873.382, 99
Trd, 8638875.932, 97
Trd, 8638878.032, 118
Trd, 8638879.432, 91
Trd, 8638879.982, 124
Trd, 8638880.332, 110
Trd, 8638880.682, 86
Trd, 8638881.732, 110
Trd, 8638883.782, 107
Trd, 8638885.782, 81
Trd, 8638887.532, 123
Trd, 8638887.982, 96
Trd, 8638888.632, 95
Trd, 8638889.632, 87
Trd, 8638891.182, 118
Trd, 8638892.082, 95
Trd, 8638893.332, 120
Trd, 8638894.982, 104
Trd, 8638895.932, 97
Trd, 8638896.582, 109
Trd, 8638898.532, 103
Trd, 8638899.482, 95
Trd, 8638899.782, 80
Trd, 8638901.532, 107
Trd, 8638902.482, 104
Trd, 8638902.582, 114
Trd, 8638903.382, 97
Trd, 8638903.682, 94
Trd, 8638903.732, 74
Trd, 8638907.482, 79
Trd, 8638908.532, 97
Trd, 8638909.182, 96
Trd, 8638909.832, 79
Trd, 8638909.982, 123
Trd, 8638912.232, 97
Trd, 8638912.682, 95
Trd, 8638914.232, 83
Trd, 8638915.132, 105
Trd, 8638915.632, 106
Trd, 8638917.482, 96
Trd, 8638918.482, 112
Trd, 8638919.382, 104
Trd, 8638920.332, 104
Trd, 8638921.282, 126
Trd, 8638922.282, 108
Trd, 8638922.432, 105
Trd, 8638925.782, 101
Trd, 8638926.132, 96
Trd, 8638926.682, 95
Trd, 8638926.882, 100
Trd, 8638929.032, 110
Trd, 8638931.282, 95
Trd, 8638932.082, 93
Trd, 8638933.332, 139
Trd, 8638934.982, 100
Trd, 8638935.332, 96
Trd, 8638935.432, 95
Trd, 8638936.732, 117
Trd, 8638938.132, 87
Trd, 8638939.282, 86
Trd, 8638939.382, 94
Trd, 8638940.332, 109
Trd, 8638942.182, 95
Trd, 8638942.382, 109
Trd, 8638943.082, 94
Trd, 8638944.632, 113
Trd, 8638945.632, 132
Trd, 8638949.632, 94
Trd, 8638950.032, 97
Trd, 8638950.232, 112
Trd, 8638950.932, 125
Trd, 8638951.532, 87
Trd, 8638952.832, 86
Trd, 8638953.132, 81
Trd, 8638954.632, 93
Trd, 8638955.682, 112
Trd, 8638955.732, 81
Trd, 8638956.632, 121
Trd, 8638958.282, 99
Trd, 8638959.132, 95
Trd, 8638962.132, 104
Trd, 8638962.782, 104
Trd, 8638962.932, 97
Trd, 8638964.482, 105
Trd, 8638964.832, 91
Trd, 8638965.732, 123
Trd, 8638966.832, 94
Trd, 8638967.082, 100
Trd, 8638967.582, 95
Trd, 8638971.582, 96
Trd, 8638972.182, 97
Trd, 8638972.482, 94
Trd, 8638973.782, 105
Trd, 8638976.182, 107
Trd, 8638976.282, 99
Trd, 8638976.382, 95
Trd, 8638976.432, 129
Trd, 8638978.282, 91
Trd, 8638978.432, 90
Trd, 8638980.332, 102
Trd, 8638981.582, 121
Trd, 8638983.432, 106
Trd, 8638983.482, 101
Trd, 8638983.932, 95
Trd, 8638985.432, 121
Trd, 8638987.032, 108
Trd, 8638987.132, 95
Trd, 8638989.582, 79
Trd, 8638990.982, 76
Trd, 8638991.082, 86
Trd, 8638991.282, 100
Trd, 8638991.482, 67
Trd, 8638994.682, 97
Trd, 8638996.182, 94
Trd, 8638996.482, 103
Trd, 8638996.582, 130
Trd, 8638996.932, 86
Trd, 8638998.432, 97
Trd, 8638999.682, 95
Trd, 8638999.932, 86
Trd, 8639000.232, 96
Trd, 8639004.082, 94
Trd, 8639004.532, 95
Trd, 8639004.682, 98
Trd, 8639005.032, 87
Trd, 8639006.482, 108
Trd, 8639009.182, 122
Trd, 8639010.132, 122
Trd, 8639011.032, 104
Trd, 8639011.182, 95
Trd, 8639013.082, 116
Trd, 8639014.282, 105
Trd, 8639014.682, 104
Trd, 8639015.582, 93
Trd, 8639016.332, 88
Trd, 8639018.932, 95
Trd, 8639020.082, 86
Trd, 8639021.432, 117
Trd, 8639021.832, 131
Trd, 8639022.082, 90
Trd, 8639022.432, 82
Trd, 8639025.382, 102
Trd, 8639026.582, 98
Trd, 8639029.532, 95
Trd, 8639030.532, 103
Trd, 8639031.032, 86
Trd, 8639031.382, 121
Trd, 8639033.282, 94
Trd, 8639034.132, 129
Trd, 8639035.232, 109
Trd, 8639035.582, 103
Trd, 8639038.132, 87
Trd, 8639039.282, 95
Trd, 8639041.082, 114
Trd, 8639041.132, 109
Trd, 8639041.582, 86
Trd, 8639042.482, 78
Trd, 8639043.982, 122
Trd, 8639044.032, 94
Trd, 8639045.882, 98
Trd, 8639046.882, 106
Trd, 8639048.632, 111
Trd, 8639051.282, 94
Trd, 8639051.932, 105
Trd, 8639052.782, 95
Trd, 8639053.032, 90
Trd, 8639053.582, 104
Trd, 8639054.632, 105
Trd, 8639054.832, 79
Trd, 8639057.332, 85
Trd, 8639058.432, 92
Trd, 8639060.382, 104
Trd, 8639062.132, 96
Trd, 8639062.482, 95
Trd, 8639064.532, 98
Trd, 8639064.682, 100
Trd, 8639067.032, 102
Trd, 8639067.482, 95
Trd, 8639067.932, 97
Trd, 8639069.432, 106
Trd, 8639070.282, 95
Trd, 8639071.482, 88
Trd, 8639073.532, 101
Trd, 8639074.332, 95
Trd, 8639075.282, 78
Trd, 8639077.332, 106
Trd, 8639078.482, 104
Trd, 8639078.982, 118
Trd, 8639079.182, 92
Trd, 8639081.232, 99
Trd, 8639082.282, 94
Trd, 8639082.332, 108
Trd, 8639084.832, 95
Trd, 8639086.232, 96
Trd, 8639086.432, 87
Trd, 8639086.682, 118
Trd, 8639089.032, 105
Trd, 8639090.882, 95
Trd, 8639091.332, 109
Trd, 8639092.182, 86
Trd, 8639092.682, 108
Trd, 8639093.832, 80
Trd, 8639094.432, 84
Trd, 8639094.882, 79
Trd, 8639097.232, 83
Trd, 8639097.532, 95
Trd, 8639098.082, 77
Trd, 8639100.732, 77
Trd, 8639102.482, 86
Trd, 8639102.882, 103
Trd, 8639104.382, 95
Trd, 8639105.332, 94
Trd, 8639106.232, 79
Trd, 8639106.982, 110
Trd, 8639107.832, 106
Trd, 8639109.332, 84
Trd, 8639110.882, 94
Trd, 8639111.932, 98
Trd, 8639113.182, 98
Trd, 8639113.532, 123
Trd, 8639115.082, 104
Trd, 8639115.832, 96
Trd, 8639116.382, 130
Trd, 8639118.182, 95
Trd, 8639119.932, 86
Trd, 8639120.182, 109
Trd, 8639120.382, 77
Trd, 8639121.732, 122
Trd, 8639123.082, 104
Trd, 8639123.332, 89
Trd, 8639125.032, 100
Trd, 8639125.932, 86
Trd, 8639127.982, 86
Trd, 8639128.682, 111
Trd, 8639130.182, 93
Trd, 8639130.282, 114
Trd, 8639132.132, 89
Trd, 8639133.232, 99
Trd, 8639135.032, 103
Trd, 8639137.682, 96
Trd, 8639137.732, 95
Trd, 8639138.582, 95
Trd, 8639139.282, 100
Trd, 8639140.282, 88
Trd, 8639140.332, 103
Trd, 8639141.082, 108
Trd, 8639142.182, 78
Trd, 8639143.132, 111
Trd, 8639143.282, 78
Trd, 8639146.682, 86
Trd, 8639148.082, 97
Trd, 8639148.282, 96
Trd, 8639149.082, 93
Trd, 8639152.832, 95
Trd, 8639153.982, 86
Trd, 8639154.332, 101
Trd, 8639154.982, 103
Trd, 8639155.332, 122
Trd, 8639157.382, 95
Trd, 8639159.582, 94
Trd, 8639161.532, 92
Trd, 8639161.632, 87
Trd, 8639162.132, 100
Trd, 8639163.932, 77
Trd, 8639164.082, 77
Trd, 8639165.182, 106
Trd, 8639166.082, 116
Trd, 8639166.332, 123
Trd, 8639170.082, 98
Trd, 8639170.432, 101
Trd, 8639170.682, 96
Trd, 8639171.482, 95
Trd, 8639173.532, 97
Trd, 8639173.782, 88
Trd, 8639174.032, 98
Trd, 8639175.332, 79
Trd, 8639175.632, 113
Trd, 8639177.682, 105
Trd, 8639177.982, 96
Trd, 8639180.682, 131
Trd, 8639181.132, 105
Trd, 8639182.432, 98
Trd, 8639182.982, 95
Trd, 8639184.432, 100
Trd, 8639184.532, 77
Trd, 8639185.332, 106
Trd, 8639187.932, 96
Trd, 8639188.182, 95
Trd, 8639188.982, 86
Trd, 8639190.932, 89
Trd, 8639193.982, 97
Trd, 8639194.082, 102
Trd, 8639196.832, 98
Trd, 8639196.932, 95
Trd, 8639197.532, 98
Trd, 8639199.582, 79
Trd, 8639200.432, 108
Trd, 8639201.382, 140
Trd, 8639202.982, 96
Trd, 8639206.332, 94
Trd, 8639206.732, 105
Trd, 8639206.782, 122
Trd, 8639207.282, 86
Trd, 8639207.482, 81
Trd, 8639209.882, 98
Trd, 8639210.232, 97
Trd, 8639211.232, 104
Trd, 8639213.432, 100
Trd, 8639215.032, 97
Trd, 8639215.632, 123
Trd, 8639216.132, 95
Trd, 8639216.532, 105
Trd, 8639219.082, 94
Trd, 8639220.832, 93
Trd, 8639221.432, 94
Trd, 8639221.682, 104
Trd, 8639222.232, 108
Trd, 8639223.232, 93
Trd, 8639225.582, 123
Trd, 8639225.682, 104
Trd, 8639226.132, 102
Trd, 8639228.832, 99
Trd, 8639228.932, 106
Trd, 8639230.282, 90
Trd, 8639230.882, 95
Trd, 8639231.982, 120
Trd, 8639233.532, 117
Trd, 8639235.732, 87
Trd, 8639236.682, 95
Trd, 8639237.482, 108
Trd, 8639238.382, 77
Trd, 8639242.582, 106
Trd, 8639243.032, 107
Trd, 8639243.332, 108
Trd, 8639244.632, 106
Trd, 8639245.382, 96
Trd, 8639245.682, 119
Trd, 8639246.482, 94
Trd, 8639247.882, 95
Trd, 8639248.982, 80
Trd, 8639249.282, 107
Trd, 8639250.632, 79
Trd, 8639253.232, 95
Trd, 8639254.632, 121
Trd, 8639255.932, 91
Trd, 8639256.932, 95
Trd, 8639257.382, 137
Trd, 8639258.782, 102
Trd, 8639260.432, 97
Trd, 8639261.732, 117
Trd, 8639262.582, 94
Trd, 8639266.132, 93
Trd, 8639266.782, 86
Trd, 8639267.382, 97
Trd, 8639267.732, 118
Trd, 8639268.432, 88
Trd, 8639269.332, 100
Trd, 8639270.232, 109
Trd, 8639270.332, 124
Trd, 8639272.132, 80
Trd, 8639273.632, 64
Trd, 8639274.132, 86
Trd, 8639274.932, 96
Trd, 8639275.132, 110
Trd, 8639276.182, 95
Trd, 8639278.182, 98
Trd, 8639281.582, 104
Trd, 8639282.232, 116
Trd, 8639284.232, 98
Trd, 8639284.282, 94
Trd, 8639284.882, 86
Trd, 8639287.482, 87
Trd, 8639288.482, 89
Trd, 8639288.532, 104
Trd, 8639288.782, 123
Trd, 8639289.832, 85
Trd, 8639292.132, 104
Trd, 8639292.232, 86
Trd, 8639292.782, 95
Trd, 8639293.732, 100
Trd, 8639294.682, 78
Trd, 8639295.282, 100
Trd, 8639295.982, 95
Trd, 8639296.982, 125
Trd, 8639298.682, 102
Trd, 8639299.882, 111
Trd, 8639300.032, 109
Trd, 8639302.032, 93
Trd, 8639302.482, 116
Trd, 8639304.932, 79
Trd, 8639305.732, 85
Trd, 8639305.982, 77
Trd, 8639306.482, 86
Trd, 8639308.582, 111
Trd, 8639310.582, 92
Trd, 8639312.282, 87
Trd, 8639313.182, 113
Trd, 8639314.432, 111
Trd, 8639317.482, 98
Trd, 8639317.782, 94
Trd, 8639318.332, 123
Trd, 8639319.332, 86
Trd, 8639320.832, 107
Trd, 8639320.982, 81
Trd, 8639322.982, 86
Trd, 8639323.832, 95
Trd, 8639324.832, 80
Trd, 8639325.132, 87
Trd, 8639325.232, 110
Trd, 8639325.732, 117
Trd, 8639327.232, 98
Trd, 8639328.532, 106
Trd, 8639330.082, 80
Trd, 8639331.032, 77
Trd, 8639332.132, 97
Trd, 8639333.532, 118
Trd, 8639335.132, 94
Trd, 8639335.582, 105
Trd, 8639335.732, 95
Trd, 8639339.432, 98
Trd, 8639341.082, 94
Trd, 8639341.182, 103
Trd, 8639341.282, 96
Trd, 8639341.632, 86
Trd, 8639342.682, 107
Trd, 8639343.332, 119
Trd, 8639345.882, 97
Trd, 8639347.032, 96
Trd, 8639347.082, 94
Trd, 8639347.182, 86
Trd, 8639349.832, 112
Trd, 8639351.132, 106
Trd, 8639352.182, 104
Trd, 8639353.132, 120
Trd, 8639353.182, 94
Trd, 8639353.682, 95
Trd, 8639353.882, 122
Trd, 8639356.932, 111
Trd, 8639357.932, 95
Trd, 8639360.582, 103
Trd, 8639360.932, 104
Trd, 8639361.132, 95
Trd, 8639362.082, 119
Trd, 8639364.632, 80
Trd, 8639365.282, 103
Trd, 8639366.982, 121
Trd, 8639367.082, 95
Trd, 8639368.732, 110
Trd, 8639370.132, 87
Trd, 8639370.232, 86
Trd, 8639370.982, 89
Trd, 8639372.982, 105
Trd, 8639373.482, 129
Trd, 8639373.732, 104
Trd, 8639375.232, 118
Trd, 8639375.632, 95
Trd, 8639375.832, 86
Trd, 8639378.732, 95
Trd, 8639378.782, 94
Trd, 8639379.682, 100
Trd, 8639379.782, 104
Trd, 8639382.982, 101
Trd, 8639385.232, 119
Trd, 8639385.282, 95
Trd, 8639385.332, 86
Trd, 8639386.482, 117
Trd, 8639388.132, 123
Trd, 8639388.182, 86
Trd, 8639388.232, 83
Trd, 8639390.482, 95
Trd, 8639391.732, 99
Trd, 8639392.282, 100
Trd, 8639392.582, 103
Trd, 8639393.382, 89
Trd, 8639394.482, 106
Trd, 8639395.382, 95
Trd, 8639395.832, 86
Trd, 8639398.432, 96
Trd, 8639399.332, 97
Trd, 8639399.682, 113
Trd, 8639399.882, 95
Trd, 8639402.232, 95
Trd, 8639403.982, 99
Trd, 8639404.232, 94
Trd, 8639405.082, 82
Trd, 8639405.182, 86
Trd, 8639405.532, 80
Trd, 8639406.882, 94
Trd, 8639409.032, 78
Trd, 8639410.682, 123
Trd, 8639411.032, 109
Trd, 8639412.082, 78
Trd, 8639414.332, 116
Trd, 8639415.332, 95
Trd, 8639415.682, 104
Trd, 8639418.232, 107
Trd, 8639418.382, 98
Trd, 8639419.982, 96
Trd, 8639420.332, 100
Trd, 8639421.132, 98
Trd, 8639421.482, 117
Trd, 8639422.082, 95
Trd, 8639424.082, 79
Trd, 8639424.732, 99
Trd, 8639425.282, 95
Trd, 8639426.632, 117
Trd, 8639427.282, 94
Trd, 8639428.082, 122
Trd, 8639429.382, 111
Trd, 8639429.732, 86
Trd, 8639430.182, 86
Trd, 8639430.682, 123
Trd, 8639433.682, 98
Trd, 8639435.832, 99
Trd, 8639436.832, 103
Trd, 8639437.082, 93
Trd, 8639437.382, 96
Trd, 8639439.182, 101
Trd, 8639439.582, 111
Trd, 8639441.832, 100
Trd, 8639443.482, 95
Trd, 8639444.182, 122
Trd, 8639444.732, 100
Trd, 8639446.432, 86
Trd, 8639447.432, 116
Trd, 8639448.782, 94
Trd, 8639449.732, 75
Trd, 8639451.132, 80
Trd, 8639451.482, 104
Trd, 8639454.182, 113
Trd, 8639454.932, 113
Trd, 8639456.182, 96
Trd, 8639457.432, 95
Trd, 8639459.882, 99
Trd, 8639460.232, 112
Trd, 8639460.582, 86
Trd, 8639460.932, 114
Trd, 8639462.882, 99
Trd, 8639465.482, 94
Trd, 8639465.882, 116
Trd, 8639467.332, 79
Trd, 8639467.632, 78
Trd, 8639467.832, 86
Trd, 8639469.632, 78
Trd, 8639470.482, 104
Trd, 8639470.882, 112
Trd, 8639472.182, 95
Trd, 8639472.682, 101
Trd, 8639473.982, 121
Trd, 8639474.082, 116
Trd, 8639474.382, 95
Trd, 8639476.932, 112
Trd, 8639477.382, 106
Trd, 8639477.532, 104
Trd, 8639478.132, 126
Trd, 8639479.932, 110
Trd, 8639480.932, 95
Trd, 8639481.032, 95
Trd, 8639481.982, 89
Trd, 8639483.282, 117
Trd, 8639483.732, 118
Trd, 8639484.282, 93
Trd, 8639487.882, 88
Trd, 8639488.632, 96
Trd, 8639489.832, 116
Trd, 8639491.032, 95
Trd, 8639493.832, 113
Trd, 8639493.882, 92
Trd, 8639494.882, 79
Trd, 8639496.882, 95
Trd, 8639498.532, 86
Trd, 8639499.782, 102
Trd, 8639500.132, 113
Trd, 8639500.582, 96
Trd, 8639501.532, 98
Trd, 8639503.832, 95
Trd, 8639505.932, 98
Trd, 8639507.332, 97
Trd, 8639509.282, 102
Trd, 8639510.182, 86
Trd, 8639510.332, 113
Trd, 8639510.932, 95
Trd, 8639511.432, 104
Trd, 8639511.882, 81
Trd, 8639512.782, 122
Trd, 8639513.832, 85
Trd, 8639514.582, 95
Trd, 8639517.682, 106
Trd, 8639518.582, 106
Trd, 8639519.782, 97
Trd, 8639520.132, 111
Trd, 8639521.532, 101
Trd, 8639521.682, 95
Trd, 8639526.382, 95
Trd, 8639526.982, 88
Trd, 8639527.082, 96
Trd, 8639527.632, 86
Trd, 8639529.632, 118
Trd, 8639531.032, 114
Trd, 8639531.582, 128
Trd, 8639532.232, 112
Trd, 8639532.282, 105
Trd, 8639533.282, 94
Trd, 8639533.732, 80
Trd, 8639536.532, 92
Trd, 8639537.082, 84
Trd, 8639539.732, 96
Trd, 8639540.582, 95
Trd, 8639540.882, 124
Trd, 8639541.582, 77
Trd, 8639542.132, 120
Trd, 8639544.382, 78
Trd, 8639545.882, 86
Trd, 8639548.982, 106
Trd, 8639549.332, 108
Trd, 8639549.482, 104
Trd, 8639550.282, 95
Trd, 8639552.932, 109
Trd, 8639554.082, 103
Trd, 8639554.432, 89
Trd, 8639554.582, 109
Trd, 8639557.882, 101
Trd, 8639559.432, 95
Trd, 8639559.532, 116
Trd, 8639560.682, 87
Trd, 8639561.132, 113
Trd, 8639563.782, 118
Trd, 8639563.832, 111
Trd, 8639564.232, 95
Trd, 8639565.132, 105
Trd, 8639565.832, 86
Trd, 8639566.382, 121
Trd, 8639568.382, 121
Trd, 8639570.482, 121
Trd, 8639570.782, 101
Trd, 8639570.832, 93
Trd, 8639574.182, 87
Trd, 8639575.032, 96
Trd, 8639575.482, 101
Trd, 8639575.932, 124
Trd, 8639577.232, 92
Trd, 8639577.682, 80
Trd, 8639578.332, 88
Trd, 8639579.332, 113
Trd, 8639579.932, 104
Trd, 8639581.532, 94
Trd, 8639581.632, 115
Trd, 8639584.182, 96
Trd, 8639584.882, 100
Trd, 8639584.932, 103
Trd, 8639586.782, 96
Trd, 8639588.382, 95
Trd, 8639589.082, 86
Trd, 8639589.182, 109
Trd, 8639589.282, 76
Trd, 8639589.682, 109
Trd, 8639591.682, 104
Trd, 8639593.082, 102
Trd, 8639593.732, 96
Trd, 8639594.482, 95
Trd, 8639597.532, 121
Trd, 8639599.082, 104
Trd, 8639600.032, 121
Trd, 8639600.382, 107
Trd, 8639600.732, 110
Trd, 8639601.232, 95
Trd, 8639602.832, 87
Trd, 8639603.832, 61
Trd, 8639605.482, 77
Trd, 8639606.182, 86
Trd, 8639607.232, 121
Trd, 8639608.732, 96
Trd, 8639608.932, 119
Trd, 8639609.582, 96
Trd, 8639610.632, 94
Trd, 8639610.932, 122
Trd, 8639612.132, 104
Trd, 8639613.932, 117
Trd, 8639614.682, 113
Trd, 8639615.032, 86
Trd, 8639617.432, 106
Trd, 8639617.682, 98
Trd, 8639619.082, 123
Trd, 8639619.932, 103
Trd, 8639621.082, 91
Trd, 8639621.582, 89
Trd, 8639622.432, 93
Trd, 8639625.082, 96
Trd, 8639625.382, 86
Trd, 8639628.832, 94
Trd, 8639629.032, 93
Trd, 8639629.132, 100
Trd, 8639629.832, 136
Trd, 8639631.232, 86
Trd, 8639631.732, 95
Trd, 8639632.532, 109
Trd, 8639632.832, 95
Trd, 8639634.882, 125
Trd, 8639637.832, 96
Trd, 8639637.932, 104
Trd, 8639639.482, 95
Trd, 8639639.782, 103
Trd, 8639640.782, 102
Trd, 8639641.432, 83
Trd, 8639642.082, 105
Trd, 8639642.732, 79
Trd, 8639644.832, 97
Trd, 8639645.032, 95
Trd, 8639645.882, 126
Trd, 8639648.032, 96
Trd, 8639648.082, 103
Trd, 8639650.282, 92
Trd, 8639651.532, 111
Trd, 8639651.732, 110
Trd, 8639653.532, 118
Trd, 8639654.232, 112
Trd, 8639656.432, 93
Trd, 8639657.032, 124
Trd, 8639659.432, 106
Trd, 8639660.732, 104
Trd, 8639662.432, 102
Trd, 8639662.732, 93
Trd, 8639663.232, 91
Trd, 8639665.882, 88
Trd, 8639667.082, 122
Trd, 8639667.332, 125
Trd, 8639667.782, 104
Trd, 8639668.032, 79
Trd, 8639668.882, 80
Trd, 8639670.482, 95
Trd, 8639670.582, 98
Trd, 8639672.932, 121
Trd, 8639673.132, 86
Trd, 8639675.182, 81
Trd, 8639675.832, 94
Trd, 8639676.982, 80
Trd, 8639677.082, 77
Trd, 8639677.482, 95
Trd, 8639678.532, 111
Trd, 8639680.282, 95
Trd, 8639680.982, 80
Trd, 8639682.582, 90
Trd, 8639683.332, 100
Trd, 8639683.582, 122
Trd, 8639685.082, 98
Trd, 8639686.732, 107
Trd, 8639687.982, 97
Trd, 8639689.782, 112
Trd, 8639691.582, 107
Trd, 8639692.132, 111
Trd, 8639693.582, 80
Trd, 8639694.732, 83
Trd, 8639696.132, 98
Trd, 8639697.082, 97
Trd, 8639700.732, 114
Trd, 8639701.682, 103
Trd, 8639702.082, 95
Trd, 8639703.532, 110
Trd, 8639704.082, 108
Trd, 8639705.032, 112
Trd, 8639705.732, 95
Trd, 8639706.332, 86
Trd, 8639707.732, 116
Trd, 8639708.182, 104
Trd, 8639709.032, 123
Trd, 8639710.582, 92
Trd, 8639712.482, 96
Trd, 8639713.182, 95
Trd, 8639713.432, 97
Trd, 8639714.682, 103
Trd, 8639715.282, 95
Trd, 8639715.732, 131
Trd, 8639716.332, 104
Trd, 8639716.732, 85
Trd, 8639718.382, 79
Trd, 8639719.732, 112
Trd, 8639720.982, 93
Trd, 8639723.882, 82
Trd, 8639724.182, 109
Trd, 8639724.782, 96
Trd, 8639725.032, 98
Trd, 8639726.732, 108
Trd, 8639727.232, 86
Trd, 8639728.682, 111
Trd, 8639729.132, 95
Trd, 8639730.982, 112
Trd, 8639731.532, 96
Trd, 8639733.082, 106
Trd, 8639734.382, 95
Trd, 8639735.082, 130
Trd, 8639737.032, 78
Trd, 8639738.132, 95
Trd, 8639738.782, 105
Trd, 8639739.582, 114
Trd, 8639739.932, 104
Trd, 8639740.832, 120
Trd, 8639742.532, 101
Trd, 8639742.982, 111
Trd, 8639744.032, 123
Trd, 8639746.532, 96
Trd, 8639746.632, 99
Trd, 8639747.782, 95
Trd, 8639748.432, 89
Trd, 8639750.732, 113
Trd, 8639751.232, 86
Trd, 8639752.482, 111
Trd, 8639753.832, 94
Trd, 8639755.332, 98
Trd, 8639755.632, 94
Trd, 8639756.632, 110
Trd, 8639758.782, 132
Trd, 8639759.282, 82
Trd, 8639760.332, 94
Trd, 8639760.532, 120
Trd, 8639761.982, 121
Trd, 8639762.632, 85
Trd, 8639762.982, 77
Trd, 8639764.432, 81
Trd, 8639765.332, 95
Trd, 8639765.482, 104
Trd, 8639767.782, 117
Trd, 8639768.132, 81
Trd, 8639771.982, 108
Trd, 8639772.732, 104
Trd, 8639773.182, 120
Trd, 8639773.532, 93
Trd, 8639777.032, 104
Trd, 8639777.232, 92
Trd, 8639778.582, 116
Trd, 8639779.182, 121
Trd, 8639779.232, 86
Trd, 8639779.932, 108
Trd, 8639782.232, 104
Trd, 8639783.482, 109
Trd, 8639784.332, 107
Trd, 8639785.132, 95
Trd, 8639786.382, 97
Trd, 8639788.232, 105
Trd, 8639789.782, 104
Trd, 8639790.382, 104
Trd, 8639791.382, 94
Trd, 8639793.032, 94
Trd, 8639793.382, 96
Trd, 8639794.882, 104
Trd, 8639796.182, 91
Trd, 8639796.832, 95
Trd, 8639799.482, 132
Trd, 8639800.382, 103
Trd, 8639800.682, 102
Trd, 8639801.182, 92
Trd, 8639802.932, 87
Trd, 8639803.032, 95
Trd, 8639804.882, 117
Trd, 8639805.632, 120
Trd, 8639806.032, 109
Trd, 8639806.982, 95
Trd, 8639808.082, 118
Trd, 8639809.032, 86
Trd, 8639809.882, 100
Trd, 8639813.382, 86
Trd, 8639814.032, 94
Trd, 8639814.582, 88
Trd, 8639815.032, 118
Trd, 8639815.232, 111
Trd, 8639819.082, 105
Trd, 8639819.982, 104
Trd, 8639822.282, 114
Trd, 8639822.332, 99
Trd, 8639822.632, 97
Trd, 8639824.332, 96
Trd, 8639825.082, 98
Trd, 8639827.132, 95
Trd, 8639827.432, 77
Trd, 8639827.482, 112
Trd, 8639829.332, 110
Trd, 8639833.232, 131
Trd, 8639833.682, 114
Trd, 8639834.432, 115
Trd, 8639834.732, 106
Trd, 8639836.532, 94
Trd, 8639838.232, 102
Trd, 8639840.232, 95
Trd, 8639840.582, 106
Trd, 8639840.782, 106
Trd, 8639842.332, 95
Trd, 8639842.382, 86
Trd, 8639843.282, 121
Trd, 8639843.832, 104
Trd, 8639844.582, 102
Trd, 8639845.482, 120
Trd, 8639847.032, 114
Trd, 8639848.332, 95
Trd, 8639849.282, 89
Trd, 8639850.882, 81
Trd, 8639851.332, 80
Trd, 8639852.182, 109
Trd, 8639852.632, 94
Trd, 8639854.632, 91
Trd, 8639856.632, 77
Trd, 8639857.132, 78
Trd, 8639857.632, 86
Trd, 8639858.782, 82
Trd, 8639860.282, 95
Trd, 8639860.982, 106
Trd, 8639861.382, 90
Trd, 8639861.882, 96
Trd, 8639864.482, 97
Trd, 8639864.882, 104
Trd, 8639866.032, 95
Trd, 8639866.632, 112
Trd, 8639868.082, 104
Trd, 8639869.832, 94
Trd, 8639871.282, 88
Trd, 8639872.382, 112
Trd, 8639872.982, 118
Trd, 8639873.382, 95
Trd, 8639875.582, 99
Trd, 8639875.982, 83
Trd, 8639877.532, 91
Trd, 8639877.832, 98
Trd, 8639879.882, 101
Trd, 8639880.032, 86
Trd, 8639881.032, 77
Trd, 8639881.582, 92
Trd, 8639883.132, 102
Trd, 8639883.382, 113
Trd, 8639884.332, 81
Trd, 8639888.182, 106
Trd, 8639888.832, 115
Trd, 8639889.132, 94
Trd, 8639889.832, 86
Trd, 8639890.532, 88
Trd, 8639891.582, 91
Trd, 8639892.782, 95
Trd, 8639893.032, 77
Trd, 8639895.182, 104
Trd, 8639896.532, 110
Trd, 8639899.432, 95
Trd, 8639900.182, 94
Trd, 8639900.632, 87
Trd, 8639901.882, 86
Trd, 8639902.282, 77
Trd, 8639902.582, 93
Trd, 8639904.682, 84
Trd, 8639906.282, 102
Trd, 8639907.382, 94
Trd, 8639908.082, 75
Trd, 8639910.232, 104
Trd, 8639910.482, 109
Trd, 8639910.532, 92
Trd, 8639910.782, 100
Trd, 8639913.732, 81
Trd, 8639915.332, 86
Trd, 8639917.782, 105
Trd, 8639918.132, 104
Trd, 8639918.282, 95
Trd, 8639919.182, 124
Trd, 8639919.282, 86
Trd, 8639921.332, 103
Trd, 8639921.532, 98
Trd, 8639921.982, 110
Trd, 8639923.332, 95
Trd, 8639925.832, 98
Trd, 8639925.932, 127
Trd, 8639926.832, 128
Trd, 8639927.132, 93
Trd, 8639927.232, 115
Trd, 8639928.632, 119
Trd, 8639930.382, 95
Trd, 8639933.632, 104
Trd, 8639933.732, 102
Trd, 8639934.482, 86
Trd, 8639934.982, 103
Trd, 8639936.432, 101
Trd, 8639937.132, 94
Trd, 8639937.582, 107
Trd, 8639938.632, 108
Trd, 8639940.032, 79
Trd, 8639941.882, 107
Trd, 8639941.982, 95
Trd, 8639943.832, 108
Trd, 8639943.982, 122
Trd, 8639944.782, 97
Trd, 8639945.682, 86
Trd, 8639948.632, 107
Trd, 8639949.532, 108
Trd, 8639950.382, 109
Trd, 8639951.232, 98
Trd, 8639951.782, 94
Trd, 8639951.882, 100
Trd, 8639952.832, 95
Trd, 8639953.182, 86
Trd, 8639955.332, 96
Trd, 8639956.732, 95
Trd, 8639958.082, 98
Trd, 8639959.082, 99
Trd, 8639960.332, 91
Trd, 8639960.982, 99
Trd, 8639961.082, 115
Trd, 8639963.232, 95
Trd, 8639965.132, 94
Trd, 8639965.432, 95
Trd, 8639965.932, 90
Trd, 8639966.682, 87
Trd, 8639967.132, 117
Trd, 8639967.432, 120
Trd, 8639967.582, 86
Trd, 8639971.132, 95
Trd, 8639971.532, 93
Trd, 8639973.332, 97
Trd, 8639974.532, 82
Trd, 8639975.832, 93
Trd, 8639976.132, 101
Trd, 8639976.532, 87
Trd, 8639978.732, 119
Trd, 8639978.782, 93
Trd, 8639978.832, 123
Trd, 8639979.832, 88
Trd, 8639981.132, 104
Trd, 8639982.132, 122
Trd, 8639982.232, 102
Trd, 8639982.482, 101
Trd, 8639983.482, 121
Trd, 8639986.632, 96
Trd, 8639987.632, 132
Trd, 8639989.282, 96
Trd, 8639989.682, 104
Trd, 8639991.632, 104
Trd, 8639993.382, 117
Trd, 8639993.932, 94
Trd, 8639995.582, 86
Trd, 8639996.382, 95
Trd, 8639996.782, 100
Trd, 8639998.982, 112
