Trd, 8637902.532, 115
Trd, 8637903.482, 120
Trd, 8637903.632, 103
Trd, 8637904.882, 121
Trd, 8637906.382, 104
Trd, 8637907.982, 123
Trd, 8637908.382, 131
Trd, 8637909.032, 121
Trd, 8637911.832, 98
Trd, 8637913.032, 99
Trd, 8637916.682, 116
Trd, 8637917.682, 115
Trd, 8637917.732, 104
Trd, 8637920.382, 86
Trd, 8637922.332, 104
Trd, 8637923.332, 111
Trd, 8637923.432, 123
Trd, 8637925.482, 130
Trd, 8637926.882, 101
Trd, 8637929.532, 112
Trd, 8637930.032, 113
Trd, 8637932.032, 99
Trd, 8637934.482, 86
Trd, 8637935.482, 104
Trd, 8637935.832, 117
Trd, 8637935.932, 104
Trd, 8637938.532, 100
Trd, 8637939.182, 115
Trd, 8637940.432, 117
Trd, 8637942.732, 115
Trd, 8637944.482, 104
Trd, 8637945.482, 95
Trd, 8637945.682, 97
Trd, 8637947.282, 118
Trd, 8637948.532, 120
Trd, 8637950.582, 93
Trd, 8637950.682, 96
Trd, 8637951.432, 121
Trd, 8637951.832, 125
Trd, 8637953.432, 104
Trd, 8637954.082, 100
Trd, 8637959.582, 94
Trd, 8637959.632, 96
Trd, 8637959.782, 86
Trd, 8637960.582, 99
Trd, 8637964.182, 128
Trd, 8637965.032, 104
Trd, 8637965.582, 95
Trd, 8637967.132, 117
Trd, 8637967.832, 103
Trd, 8637968.682, 95
Trd, 8637969.032, 118
Trd, 8637971.382, 122
Trd, 8637973.282, 115
Trd, 8637973.732, 104
Trd, 8637974.282, 105
Trd, 8637976.082, 122
Trd, 8637978.182, 121
Trd, 8637978.932, 117
Trd, 8637981.582, 122
Trd, 8637982.932, 121
Trd, 8637983.032, 125
Trd, 8637983.932, 119
Trd, 8637986.582, 106
Trd, 8637986.782, 103
Trd, 8637987.232, 103
Trd, 8637989.232, 98
Trd, 8637989.932, 88
Trd, 8637990.032, 127
Trd, 8637991.482, 110
Trd, 8637992.382, 96
Trd, 8637993.382, 97
Trd, 8637994.382, 129
Trd, 8637996.282, 104
Trd, 8637997.882, 104
Trd, 8637998.132, 117
Trd, 8637999.332, 108
Trd, 8638000.782, 129
Trd, 8638003.582, 95
Trd, 8638003.882, 107
Trd, 8638006.532, 109
Trd, 8638007.732, 105
Trd, 8638009.182, 122
Trd, 8638011.032, 115
Trd, 8638012.182, 99
Trd, 8638014.232, 122
Trd, 8638014.682, 123
Trd, 8638016.382, 104
Trd, 8638017.832, 95
Trd, 8638019.682, 95
Trd, 8638020.082, 122
Trd, 8638021.482, 130
Trd, 8638024.732, 123
Trd, 8638025.332, 122
Trd, 8638026.182, 109
Trd, 8638027.932, 104
Trd, 8638028.482, 121
Trd, 8638029.582, 129
Trd, 8638033.632, 116
Trd, 8638036.232, 122
Trd, 8638037.332, 100
Trd, 8638038.032, 105
Trd, 8638039.132, 125
Trd, 8638040.032, 116
Trd, 8638040.132, 117
Trd, 8638041.882, 113
Trd, 8638042.382, 119
Trd, 8638043.982, 102
Trd, 8638047.132, 113
Trd, 8638048.082, 128
Trd, 8638049.182, 128
Trd, 8638049.832, 96
Trd, 8638053.532, 122
Trd, 8638054.432, 125
Trd, 8638055.582, 115
Trd, 8638056.332, 121
Trd, 8638056.932, 102
Trd, 8638057.882, 123
Trd, 8638061.432, 101
Trd, 8638061.582, 101
Trd, 8638063.082, 101
Trd, 8638065.232, 97
Trd, 8638065.582, 102
Trd, 8638065.982, 104
Trd, 8638067.982, 94
Trd, 8638068.882, 95
Trd, 8638071.032, 109
Trd, 8638071.782, 107
Trd, 8638072.232, 125
Trd, 8638073.732, 121
Trd, 8638073.982, 95
Trd, 8638074.432, 122
Trd, 8638077.532, 110
Trd, 8638077.982, 104
Trd, 8638080.982, 103
Trd, 8638081.332, 102
Trd, 8638083.132, 119
Trd, 8638084.132, 104
Trd, 8638084.732, 118
Trd, 8638086.032, 89
Trd, 8638088.032, 122
Trd, 8638088.182, 101
Trd, 8638089.882, 121
Trd, 8638091.032, 126
Trd, 8638093.882, 106
Trd, 8638093.982, 103
Trd, 8638095.482, 101
Trd, 8638096.032, 104
Trd, 8638097.632, 104
Trd, 8638099.232, 125
Trd, 8638102.782, 120
Trd, 8638102.882, 122
Trd, 8638104.032, 104
Trd, 8638104.482, 95
Trd, 8638107.332, 120
Trd, 8638107.482, 121
Trd, 8638110.132, 115
Trd, 8638110.682, 103
Trd, 8638110.932, 106
Trd, 8638111.682, 96
Trd, 8638111.782, 106
Trd, 8638113.432, 95
Trd, 8638115.582, 76
Trd, 8638115.682, 89
Trd, 8638115.732, 90
Trd, 8638116.782, 104
Trd, 8638117.082, 73
Trd, 8638117.582, 117
Trd, 8638118.382, 125
Trd, 8638119.882, 129
Trd, 8638120.382, 121
Trd, 8638123.632, 102
Trd, 8638124.632, 117
Trd, 8638125.282, 100
Trd, 8638126.732, 90
Trd, 8638127.082, 120
Trd, 8638129.932, 104
Trd, 8638130.782, 121
Trd, 8638131.382, 99
Trd, 8638132.432, 118
Trd, 8638133.982, 97
Trd, 8638134.832, 94
Trd, 8638135.782, 95
Trd, 8638135.832, 98
Trd, 8638138.132, 122
Trd, 8638138.232, 120
Trd, 8638138.582, 86
Trd, 8638139.382, 97
Trd, 8638140.832, 110
Trd, 8638141.182, 111
Trd, 8638141.832, 104
Trd, 8638144.882, 105
Trd, 8638145.232, 104
Trd, 8638145.382, 95
Trd, 8638148.032, 116
Trd, 8638150.882, 111
Trd, 8638151.782, 111
Trd, 8638152.232, 104
Trd, 8638153.582, 122
Trd, 8638155.432, 101
Trd, 8638155.982, 102
Trd, 8638156.282, 93
Trd, 8638156.582, 119
Trd, 8638158.282, 129
Trd, 8638160.182, 120
Trd, 8638163.582, 119
Trd, 8638164.432, 117
Trd, 8638166.632, 108
Trd, 8638166.932, 104
Trd, 8638167.732, 123
Trd, 8638167.782, 125
Trd, 8638168.032, 87
Trd, 8638168.082, 86
Trd, 8638169.432, 122
Trd, 8638170.532, 125
Trd, 8638171.782, 74
Trd, 8638174.582, 86
Trd, 8638176.082, 94
Trd, 8638176.132, 99
Trd, 8638176.582, 125
Trd, 8638177.932, 119
Trd, 8638179.032, 105
Trd, 8638179.632, 87
Trd, 8638182.282, 114
Trd, 8638182.432, 99
Trd, 8638182.732, 108
Trd, 8638185.282, 128
Trd, 8638186.082, 117
Trd, 8638187.682, 104
Trd, 8638188.132, 101
Trd, 8638190.582, 103
Trd, 8638191.382, 104
Trd, 8638193.082, 103
Trd, 8638193.182, 82
Trd, 8638193.382, 116
Trd, 8638194.082, 100
Trd, 8638196.782, 117
Trd, 8638199.532, 116
Trd, 8638200.382, 110
Trd, 8638201.732, 95
Trd, 8638203.832, 104
Trd, 8638204.182, 105
Trd, 8638204.282, 86
Trd, 8638204.982, 122
Trd, 8638207.282, 79
Trd, 8638208.232, 86
Trd, 8638209.082, 117
Trd, 8638210.682, 100
Trd, 8638210.932, 124
Trd, 8638211.932, 118
Trd, 8638212.732, 119
Trd, 8638213.882, 95
Trd, 8638216.582, 126
Trd, 8638217.432, 104
Trd, 8638218.432, 121
Trd, 8638218.982, 130
Trd, 8638222.082, 120
Trd, 8638222.682, 119
Trd, 8638223.382, 104
Trd, 8638227.432, 104
Trd, 8638228.132, 101
Trd, 8638230.032, 111
Trd, 8638230.282, 112
Trd, 8638231.682, 123
Trd, 8638232.232, 122
Trd, 8638233.332, 104
Trd, 8638235.482, 103
Trd, 8638236.032, 101
Trd, 8638236.632, 95
Trd, 8638237.082, 96
Trd, 8638239.082, 98
Trd, 8638242.282, 108
Trd, 8638242.782, 104
Trd, 8638243.882, 122
Trd, 8638245.432, 103
Trd, 8638247.932, 127
Trd, 8638248.282, 121
Trd, 8638248.432, 100
Trd, 8638251.382, 103
Trd, 8638251.482, 118
Trd, 8638253.982, 110
Trd, 8638254.032, 95
Trd, 8638254.432, 125
Trd, 8638254.782, 120
Trd, 8638255.232, 104
Trd, 8638256.732, 92
Trd, 8638258.632, 91
Trd, 8638258.832, 92
Trd, 8638260.132, 126
Trd, 8638262.932, 119
Trd, 8638263.482, 126
Trd, 8638263.582, 95
Trd, 8638263.732, 86
Trd, 8638265.882, 104
Trd, 8638266.832, 111
Trd, 8638267.982, 110
Trd, 8638268.332, 95
Trd, 8638270.432, 95
Trd, 8638272.832, 102
Trd, 8638273.282, 104
Trd, 8638275.882, 109
Trd, 8638277.732, 90
Trd, 8638277.832, 91
Trd, 8638279.282, 121
Trd, 8638280.032, 97
Trd, 8638280.582, 115
Trd, 8638283.832, 122
Trd, 8638283.882, 112
Trd, 8638285.932, 103
Trd, 8638286.982, 115
Trd, 8638288.382, 119
Trd, 8638290.582, 98
Trd, 8638291.582, 121
Trd, 8638293.632, 122
Trd, 8638293.682, 104
Trd, 8638294.182, 123
Trd, 8638294.832, 122
Trd, 8638296.732, 121
Trd, 8638297.982, 104
Trd, 8638300.882, 81
Trd, 8638302.932, 91
Trd, 8638303.082, 94
Trd, 8638303.232, 90
Trd, 8638303.482, 100
Trd, 8638304.832, 123
Trd, 8638306.932, 94
Trd, 8638307.082, 95
Trd, 8638308.782, 130
Trd, 8638309.632, 115
Trd, 8638311.132, 101
Trd, 8638312.132, 103
Trd, 8638312.282, 122
Trd, 8638315.082, 114
Trd, 8638316.432, 104
Trd, 8638316.632, 111
Trd, 8638318.982, 95
Trd, 8638320.182, 119
Trd, 8638320.582, 116
Trd, 8638321.732, 120
Trd, 8638322.132, 101
Trd, 8638323.082, 95
Trd, 8638323.882, 122
Trd, 8638324.982, 96
Trd, 8638326.032, 104
Trd, 8638327.782, 112
Trd, 8638328.282, 104
Trd, 8638328.732, 105
Trd, 8638329.932, 122
Trd, 8638330.132, 98
Trd, 8638331.632, 104
Trd, 8638332.982, 114
Trd, 8638335.332, 86
Trd, 8638335.532, 122
Trd, 8638336.732, 95
Trd, 8638337.532, 87
Trd, 8638338.182, 86
Trd, 8638338.882, 88
Trd, 8638339.132, 125
Trd, 8638340.732, 122
Trd, 8638343.632, 121
Trd, 8638345.482, 93
Trd, 8638345.782, 96
Trd, 8638346.382, 91
Trd, 8638347.282, 104
Trd, 8638348.482, 112
Trd, 8638349.182, 118
Trd, 8638350.832, 95
Trd, 8638351.082, 96
Trd, 8638352.932, 121
Trd, 8638354.332, 108
Trd, 8638356.682, 103
Trd, 8638357.182, 97
Trd, 8638358.082, 122
Trd, 8638361.632, 122
Trd, 8638361.982, 122
Trd, 8638362.132, 101
Trd, 8638365.382, 103
Trd, 8638369.332, 104
Trd, 8638370.082, 125
Trd, 8638370.532, 126
Trd, 8638372.032, 122
Trd, 8638373.332, 95
Trd, 8638374.232, 102
Trd, 8638374.582, 119
Trd, 8638376.082, 104
Trd, 8638376.182, 95
Trd, 8638377.682, 100
Trd, 8638378.232, 104
Trd, 8638380.782, 110
Trd, 8638380.982, 111
Trd, 8638382.332, 95
Trd, 8638384.032, 120
Trd, 8638385.232, 103
Trd, 8638385.882, 104
Trd, 8638386.382, 95
Trd, 8638389.432, 99
Trd, 8638389.582, 100
Trd, 8638390.382, 91
Trd, 8638391.082, 118
Trd, 8638391.982, 131
Trd, 8638393.482, 100
Trd, 8638396.882, 101
Trd, 8638396.932, 104
Trd, 8638397.532, 121
Trd, 8638400.482, 117
Trd, 8638400.532, 125
Trd, 8638400.682, 95
Trd, 8638402.082, 98
Trd, 8638403.082, 96
Trd, 8638404.482, 113
Trd, 8638406.682, 111
Trd, 8638408.582, 104
Trd, 8638408.832, 108
Trd, 8638409.382, 104
Trd, 8638411.282, 113
Trd, 8638412.132, 122
Trd, 8638412.632, 109
Trd, 8638413.482, 122
Trd, 8638414.382, 88
Trd, 8638414.982, 131
Trd, 8638415.882, 135
Trd, 8638417.632, 122
Trd, 8638417.982, 98
Trd, 8638419.382, 104
Trd, 8638421.332, 117
Trd, 8638421.982, 108
Trd, 8638422.982, 106
Trd, 8638423.082, 111
Trd, 8638424.782, 122
Trd, 8638426.082, 121
Trd, 8638426.382, 104
Trd, 8638428.232, 95
Trd, 8638431.132, 115
Trd, 8638431.982, 116
Trd, 8638433.232, 98
Trd, 8638434.232, 116
Trd, 8638434.282, 117
Trd, 8638436.632, 90
Trd, 8638437.232, 116
Trd, 8638438.832, 123
Trd, 8638440.332, 104
Trd, 8638441.282, 119
Trd, 8638441.582, 100
Trd, 8638442.132, 121
Trd, 8638443.932, 104
Trd, 8638444.782, 130
Trd, 8638444.832, 95
Trd, 8638447.732, 121
Trd, 8638448.382, 104
Trd, 8638450.832, 117
Trd, 8638453.382, 114
Trd, 8638454.682, 111
Trd, 8638456.182, 113
Trd, 8638456.932, 110
Trd, 8638458.282, 104
Trd, 8638458.482, 105
Trd, 8638458.582, 95
Trd, 8638459.032, 121
Trd, 8638461.182, 95
Trd, 8638464.732, 122
Trd, 8638466.232, 104
Trd, 8638466.532, 114
Trd, 8638466.982, 95
Trd, 8638467.432, 113
Trd, 8638467.682, 115
Trd, 8638470.182, 106
Trd, 8638470.932, 110
Trd, 8638473.032, 89
Trd, 8638473.332, 102
Trd, 8638473.632, 97
Trd, 8638474.332, 88
Trd, 8638478.632, 92
Trd, 8638478.682, 96
Trd, 8638481.632, 104
Trd, 8638482.032, 105
Trd, 8638485.132, 101
Trd, 8638485.382, 111
Trd, 8638486.182, 107
Trd, 8638488.232, 103
Trd, 8638488.732, 95
Trd, 8638490.082, 108
Trd, 8638490.332, 107
Trd, 8638490.432, 102
Trd, 8638491.882, 125
Trd, 8638493.732, 122
Trd, 8638496.232, 122
Trd, 8638496.532, 103
Trd, 8638498.382, 105
Trd, 8638500.232, 131
Trd, 8638501.332, 104
Trd, 8638503.732, 122
Trd, 8638503.982, 102
Trd, 8638504.682, 118
Trd, 8638507.582, 95
Trd, 8638508.032, 99
Trd, 8638508.482, 103
Trd, 8638510.382, 120
Trd, 8638511.832, 117
Trd, 8638513.282, 122
Trd, 8638515.282, 103
Trd, 8638515.882, 115
Trd, 8638516.082, 95
Trd, 8638518.382, 86
Trd, 8638519.132, 104
Trd, 8638519.182, 112
Trd, 8638521.332, 116
Trd, 8638523.132, 115
Trd, 8638523.882, 128
Trd, 8638524.082, 122
Trd, 8638525.282, 104
Trd, 8638527.982, 93
Trd, 8638528.732, 96
Trd, 8638529.282, 85
Trd, 8638530.482, 123
Trd, 8638531.332, 98
Trd, 8638533.132, 105
Trd, 8638535.532, 122
Trd, 8638536.782, 124
Trd, 8638537.582, 122
Trd, 8638538.582, 130
Trd, 8638538.832, 131
Trd, 8638540.382, 104
Trd, 8638542.932, 95
Trd, 8638543.482, 116
Trd, 8638545.332, 96
Trd, 8638546.632, 96
Trd, 8638548.832, 103
Trd, 8638549.132, 99
Trd, 8638550.582, 120
Trd, 8638552.132, 118
Trd, 8638554.432, 112
Trd, 8638554.532, 95
Trd, 8638555.182, 131
Trd, 8638555.882, 121
Trd, 8638557.432, 115
Trd, 8638558.982, 112
Trd, 8638559.132, 99
Trd, 8638559.332, 95
Trd, 8638559.532, 86
Trd, 8638560.632, 118
Trd, 8638561.682, 122
Trd, 8638563.532, 121
Trd, 8638566.532, 125
Trd, 8638566.932, 104
Trd, 8638568.732, 109
Trd, 8638570.882, 122
Trd, 8638571.332, 122
Trd, 8638573.732, 122
Trd, 8638575.382, 96
Trd, 8638575.682, 95
Trd, 8638575.782, 117
Trd, 8638577.932, 131
Trd, 8638578.132, 104
Trd, 8638581.182, 120
Trd, 8638582.732, 114
Trd, 8638585.932, 105
Trd, 8638586.482, 103
Trd, 8638587.532, 107
Trd, 8638588.832, 103
Trd, 8638591.082, 104
Trd, 8638592.732, 113
Trd, 8638593.132, 129
Trd, 8638595.432, 122
Trd, 8638596.532, 96
Trd, 8638598.532, 95
Trd, 8638599.182, 117
Trd, 8638601.432, 117
Trd, 8638601.582, 103
Trd, 8638602.582, 122
Trd, 8638604.982, 128
Trd, 8638607.932, 86
Trd, 8638608.082, 107
Trd, 8638608.232, 111
Trd, 8638610.832, 107
Trd, 8638612.582, 119
Trd, 8638613.682, 103
Trd, 8638613.882, 123
Trd, 8638615.282, 119
Trd, 8638617.232, 122
Trd, 8638618.682, 104
Trd, 8638619.382, 112
Trd, 8638620.732, 97
Trd, 8638621.732, 87
Trd, 8638622.032, 118
Trd, 8638622.432, 119
Trd, 8638625.332, 100
Trd, 8638626.432, 104
Trd, 8638627.132, 125
Trd, 8638629.232, 96
Trd, 8638629.982, 106
Trd, 8638630.782, 129
Trd, 8638631.382, 104
Trd, 8638632.032, 95
Trd, 8638635.582, 112
Trd, 8638636.432, 111
Trd, 8638637.182, 103
Trd, 8638641.932, 121
Trd, 8638642.282, 103
Trd, 8638642.332, 95
Trd, 8638642.982, 119
Trd, 8638647.582, 104
Trd, 8638648.482, 110
Trd, 8638648.932, 126
Trd, 8638649.332, 118
Trd, 8638650.082, 124
Trd, 8638652.132, 104
Trd, 8638652.832, 96
Trd, 8638654.632, 121
Trd, 8638656.232, 121
Trd, 8638656.482, 104
Trd, 8638659.032, 131
Trd, 8638661.382, 88
Trd, 8638663.132, 113
Trd, 8638665.282, 104
Trd, 8638665.432, 113
Trd, 8638666.582, 95
Trd, 8638666.882, 98
Trd, 8638667.932, 105
Trd, 8638669.332, 104
Trd, 8638670.532, 130
Trd, 8638672.332, 103
Trd, 8638672.582, 104
Trd, 8638673.232, 99
Trd, 8638673.382, 95
Trd, 8638674.982, 122
Trd, 8638678.482, 122
Trd, 8638679.182, 121
Trd, 8638680.432, 104
Trd, 8638683.282, 114
Trd, 8638683.432, 115
Trd, 8638683.882, 122
Trd, 8638684.382, 102
Trd, 8638685.232, 95
Trd, 8638686.082, 126
Trd, 8638688.132, 125
Trd, 8638689.182, 122
Trd, 8638691.832, 97
Trd, 8638691.882, 131
Trd, 8638694.682, 114
Trd, 8638696.132, 102
Trd, 8638697.632, 88
Trd, 8638698.432, 124
Trd, 8638698.882, 122
Trd, 8638699.082, 117
Trd, 8638700.282, 122
Trd, 8638702.032, 122
Trd, 8638705.782, 103
Trd, 8638707.232, 95
Trd, 8638707.332, 103
Trd, 8638710.682, 115
Trd, 8638711.832, 127
Trd, 8638713.582, 104
Trd, 8638716.232, 114
Trd, 8638716.382, 121
Trd, 8638716.532, 124
Trd, 8638716.782, 95
Trd, 8638718.232, 95
Trd, 8638720.082, 121
Trd, 8638722.532, 112
Trd, 8638723.182, 104
Trd, 8638724.332, 109
Trd, 8638725.382, 117
Trd, 8638727.082, 126
Trd, 8638727.282, 104
Trd, 8638730.732, 93
Trd, 8638730.782, 96
Trd, 8638732.032, 91
Trd, 8638733.932, 122
Trd, 8638734.532, 109
Trd, 8638734.882, 123
Trd, 8638735.332, 124
Trd, 8638736.382, 119
Trd, 8638737.832, 104
Trd, 8638738.132, 118
Trd, 8638741.182, 107
Trd, 8638742.182, 103
Trd, 8638743.182, 104
Trd, 8638743.732, 104
Trd, 8638744.482, 96
Trd, 8638745.082, 105
Trd, 8638748.382, 88
Trd, 8638749.132, 112
Trd, 8638749.382, 104
Trd, 8638749.482, 123
Trd, 8638751.782, 121
Trd, 8638755.282, 104
Trd, 8638755.982, 121
Trd, 8638756.982, 120
Trd, 8638758.282, 104
Trd, 8638758.432, 121
Trd, 8638759.082, 115
Trd, 8638760.132, 95
Trd, 8638762.132, 121
Trd, 8638763.032, 125
Trd, 8638763.882, 103
Trd, 8638766.832, 125
Trd, 8638769.082, 95
Trd, 8638769.232, 96
Trd, 8638771.532, 108
Trd, 8638771.632, 103
Trd, 8638772.532, 97
Trd, 8638772.682, 123
Trd, 8638777.032, 104
Trd, 8638777.682, 108
Trd, 8638778.932, 96
Trd, 8638779.182, 95
Trd, 8638779.482, 97
Trd, 8638782.382, 94
Trd, 8638782.932, 103
Trd, 8638786.782, 112
Trd, 8638787.932, 112
Trd, 8638788.182, 87
Trd, 8638788.432, 100
Trd, 8638788.882, 86
Trd, 8638793.232, 121
Trd, 8638794.532, 104
Trd, 8638794.682, 119
Trd, 8638796.582, 119
Trd, 8638796.982, 122
Trd, 8638797.432, 122
Trd, 8638798.182, 95
Trd, 8638800.732, 104
Trd, 8638803.982, 117
Trd, 8638804.932, 121
Trd, 8638806.382, 122
Trd, 8638807.832, 122
Trd, 8638808.982, 95
Trd, 8638809.482, 102
Trd, 8638809.782, 95
Trd, 8638811.382, 92
Trd, 8638811.782, 91
Trd, 8638813.132, 89
Trd, 8638813.832, 76
Trd, 8638814.482, 97
Trd, 8638816.082, 99
Trd, 8638817.282, 97
Trd, 8638817.782, 129
Trd, 8638818.732, 104
Trd, 8638821.132, 103
Trd, 8638821.582, 119
Trd, 8638822.432, 121
Trd, 8638822.482, 109
Trd, 8638826.182, 96
Trd, 8638827.532, 108
Trd, 8638827.632, 104
Trd, 8638829.982, 103
Trd, 8638830.182, 104
Trd, 8638831.282, 104
Trd, 8638832.632, 92
Trd, 8638832.782, 119
Trd, 8638832.832, 89
Trd, 8638833.032, 86
Trd, 8638837.232, 90
Trd, 8638838.332, 92
Trd, 8638841.632, 85
Trd, 8638841.682, 86
Trd, 8638842.432, 96
Trd, 8638844.682, 132
Trd, 8638845.032, 107
Trd, 8638846.532, 122
Trd, 8638847.082, 126
Trd, 8638847.682, 122
Trd, 8638850.482, 122
Trd, 8638852.282, 130
Trd, 8638854.432, 122
Trd, 8638855.132, 105
Trd, 8638856.832, 104
Trd, 8638857.532, 120
Trd, 8638858.682, 111
Trd, 8638861.832, 120
Trd, 8638862.882, 98
Trd, 8638864.282, 116
Trd, 8638865.132, 97
Trd, 8638866.632, 122
Trd, 8638867.382, 103
Trd, 8638870.132, 96
Trd, 8638870.732, 93
Trd, 8638872.832, 122
Trd, 8638875.282, 103
Trd, 8638875.882, 113
Trd, 8638876.682, 104
Trd, 8638878.832, 98
Trd, 8638880.132, 103
Trd, 8638880.832, 95
Trd, 8638881.782, 111
Trd, 8638881.832, 123
Trd, 8638883.882, 88
Trd, 8638884.382, 98
Trd, 8638885.982, 131
Trd, 8638886.032, 110
Trd, 8638887.082, 107
Trd, 8638889.332, 102
Trd, 8638891.832, 96
Trd, 8638893.732, 98
Trd, 8638893.832, 99
Trd, 8638894.232, 117
Trd, 8638895.282, 99
Trd, 8638899.382, 103
Trd, 8638900.082, 117
Trd, 8638900.882, 124
Trd, 8638901.732, 86
Trd, 8638903.882, 121
Trd, 8638905.032, 111
Trd, 8638905.332, 120
Trd, 8638906.382, 117
Trd, 8638907.632, 119
Trd, 8638908.482, 111
Trd, 8638911.032, 115
Trd, 8638912.832, 114
Trd, 8638913.632, 122
Trd, 8638913.882, 104
Trd, 8638915.682, 112
Trd, 8638917.232, 119
Trd, 8638918.232, 117
Trd, 8638919.932, 103
Trd, 8638920.532, 121
Trd, 8638923.032, 103
Trd, 8638923.432, 120
Trd, 8638923.582, 109
Trd, 8638924.482, 124
Trd, 8638926.182, 95
Trd, 8638928.382, 87
Trd, 8638932.032, 122
Trd, 8638932.732, 127
Trd, 8638934.182, 104
Trd, 8638935.182, 128
Trd, 8638935.482, 85
Trd, 8638936.032, 97
Trd, 8638936.882, 85
Trd, 8638940.032, 122
Trd, 8638940.582, 103
Trd, 8638940.732, 125
Trd, 8638941.482, 127
Trd, 8638943.032, 104
Trd, 8638943.832, 99
Trd, 8638945.132, 125
Trd, 8638946.782, 86
Trd, 8638948.082, 137
Trd, 8638949.032, 86
Trd, 8638950.382, 120
Trd, 8638951.182, 127
Trd, 8638952.082, 104
Trd, 8638952.332, 95
Trd, 8638953.182, 95
Trd, 8638953.682, 95
Trd, 8638955.182, 124
Trd, 8638956.382, 120
Trd, 8638958.482, 122
Trd, 8638960.382, 128
Trd, 8638960.432, 104
Trd, 8638962.082, 119
Trd, 8638962.682, 100
Trd, 8638964.732, 104
Trd, 8638966.832, 116
Trd, 8638967.982, 122
Trd, 8638969.832, 115
Trd, 8638970.232, 103
Trd, 8638972.732, 126
Trd, 8638973.932, 113
Trd, 8638978.482, 131
Trd, 8638978.532, 122
Trd, 8638980.832, 104
Trd, 8638981.732, 97
Trd, 8638983.032, 108
Trd, 8638984.832, 104
Trd, 8638985.082, 120
Trd, 8638985.382, 95
Trd, 8638987.332, 121
Trd, 8638990.482, 99
Trd, 8638991.082, 117
Trd, 8638994.682, 104
Trd, 8638995.732, 108
Trd, 8638996.682, 105
Trd, 8638997.332, 104
Trd, 8638997.482, 106
Trd, 8638998.582, 97
Trd, 8638998.882, 90
Trd, 8639000.432, 120
Trd, 8639001.182, 110
Trd, 8639003.332, 132
Trd, 8639004.182, 129
Trd, 8639004.532, 104
Trd, 8639005.832, 115
Trd, 8639006.882, 90
Trd, 8639009.232, 91
Trd, 8639009.532, 91
Trd, 8639010.282, 98
Trd, 8639011.282, 109
Trd, 8639013.132, 123
Trd, 8639013.532, 122
Trd, 8639014.982, 104
Trd, 8639015.732, 94
Trd, 8639016.032, 95
Trd, 8639017.482, 95
Trd, 8639018.132, 82
Trd, 8639018.382, 94
Trd, 8639018.482, 96
Trd, 8639021.732, 98
Trd, 8639024.732, 95
Trd, 8639026.032, 102
Trd, 8639026.832, 120
Trd, 8639027.632, 122
Trd, 8639030.732, 123
Trd, 8639031.432, 113
Trd, 8639031.682, 104
Trd, 8639032.732, 121
Trd, 8639033.232, 91
Trd, 8639036.182, 104
Trd, 8639036.782, 121
Trd, 8639036.882, 122
Trd, 8639037.682, 90
Trd, 8639040.082, 93
Trd, 8639040.232, 94
Trd, 8639041.132, 97
Trd, 8639041.332, 122
Trd, 8639042.932, 100
Trd, 8639043.532, 113
Trd, 8639043.682, 122
Trd, 8639045.632, 111
Trd, 8639046.982, 103
Trd, 8639050.532, 120
Trd, 8639051.332, 124
Trd, 8639051.682, 121
Trd, 8639053.482, 118
Trd, 8639053.982, 104
Trd, 8639054.282, 116
Trd, 8639056.682, 113
Trd, 8639057.532, 122
Trd, 8639058.132, 134
Trd, 8639061.032, 126
Trd, 8639062.232, 101
Trd, 8639063.132, 122
Trd, 8639063.732, 113
Trd, 8639065.282, 104
Trd, 8639066.982, 95
Trd, 8639068.932, 111
Trd, 8639070.032, 107
Trd, 8639072.032, 103
Trd, 8639073.082, 95
Trd, 8639073.882, 98
Trd, 8639075.032, 95
Trd, 8639075.532, 96
Trd, 8639076.282, 115
Trd, 8639077.782, 122
Trd, 8639078.432, 93
Trd, 8639080.282, 111
Trd, 8639081.682, 103
Trd, 8639083.682, 111
Trd, 8639085.782, 121
Trd, 8639086.582, 110
Trd, 8639087.332, 122
Trd, 8639087.982, 121
Trd, 8639089.232, 104
Trd, 8639091.482, 119
Trd, 8639091.932, 95
Trd, 8639092.382, 96
Trd, 8639093.232, 96
Trd, 8639094.382, 94
Trd, 8639094.782, 98
Trd, 8639094.882, 123
Trd, 8639096.732, 122
Trd, 8639098.182, 130
Trd, 8639099.832, 104
Trd, 8639101.582, 117
Trd, 8639103.032, 105
Trd, 8639103.532, 116
Trd, 8639104.382, 95
Trd, 8639105.932, 111
Trd, 8639106.282, 123
Trd, 8639108.732, 122
Trd, 8639110.682, 126
Trd, 8639111.182, 104
Trd, 8639112.832, 105
Trd, 8639113.832, 97
Trd, 8639116.582, 124
Trd, 8639117.882, 119
Trd, 8639118.482, 122
Trd, 8639119.082, 95
Trd, 8639119.332, 122
Trd, 8639119.982, 86
Trd, 8639121.682, 122
Trd, 8639122.582, 87
Trd, 8639122.932, 114
Trd, 8639125.382, 128
Trd, 8639125.882, 103
Trd, 8639127.832, 122
Trd, 8639127.982, 121
Trd, 8639128.882, 104
Trd, 8639131.382, 100
Trd, 8639131.632, 100
Trd, 8639131.682, 99
Trd, 8639132.432, 104
Trd, 8639136.082, 95
Trd, 8639136.832, 108
Trd, 8639138.632, 111
Trd, 8639139.132, 104
Trd, 8639141.132, 114
Trd, 8639142.432, 110
Trd, 8639142.882, 115
Trd, 8639144.582, 101
Trd, 8639145.382, 100
Trd, 8639146.932, 119
Trd, 8639147.682, 120
Trd, 8639150.632, 118
Trd, 8639151.832, 103
Trd, 8639152.682, 120
Trd, 8639153.282, 118
Trd, 8639153.682, 108
Trd, 8639154.882, 114
Trd, 8639155.182, 123
Trd, 8639156.182, 96
Trd, 8639158.182, 92
Trd, 8639158.382, 95
Trd, 8639159.482, 71
Trd, 8639159.532, 122
Trd, 8639161.782, 94
Trd, 8639162.082, 95
Trd, 8639162.882, 82
Trd, 8639164.282, 111
Trd, 8639167.032, 119
Trd, 8639169.032, 131
Trd, 8639169.532, 122
Trd, 8639171.432, 115
Trd, 8639171.832, 116
Trd, 8639174.332, 104
Trd, 8639175.182, 95
Trd, 8639178.232, 96
Trd, 8639178.532, 96
Trd, 8639178.732, 101
Trd, 8639178.832, 90
Trd, 8639179.382, 97
Trd, 8639181.382, 95
Trd, 8639182.382, 104
Trd, 8639185.982, 104
Trd, 8639187.982, 112
Trd, 8639189.082, 110
Trd, 8639189.332, 90
Trd, 8639190.882, 120
Trd, 8639191.182, 120
Trd, 8639191.982, 125
Trd, 8639192.782, 100
Trd, 8639195.432, 121
Trd, 8639198.432, 107
Trd, 8639198.532, 104
Trd, 8639199.082, 103
Trd, 8639200.782, 102
Trd, 8639200.982, 103
Trd, 8639202.132, 117
Trd, 8639205.482, 95
Trd, 8639207.132, 125
Trd, 8639208.532, 124
Trd, 8639210.032, 120
Trd, 8639210.432, 105
Trd, 8639212.332, 99
Trd, 8639213.632, 121
Trd, 8639215.482, 103
Trd, 8639216.432, 97
Trd, 8639216.732, 116
Trd, 8639217.032, 122
Trd, 8639221.332, 99
Trd, 8639222.632, 94
Trd, 8639222.832, 86
Trd, 8639223.132, 95
Trd, 8639223.532, 96
Trd, 8639225.032, 118
Trd, 8639225.932, 82
Trd, 8639226.032, 96
Trd, 8639227.232, 104
Trd, 8639232.532, 111
Trd, 8639232.732, 110
Trd, 8639232.782, 122
Trd, 8639234.232, 123
Trd, 8639235.282, 104
Trd, 8639236.132, 131
Trd, 8639239.332, 114
Trd, 8639239.932, 113
Trd, 8639240.232, 92
Trd, 8639240.632, 96
Trd, 8639242.482, 114
Trd, 8639243.032, 95
Trd, 8639244.632, 104
Trd, 8639245.382, 105
Trd, 8639245.932, 106
Trd, 8639248.682, 97
Trd, 8639249.082, 116
Trd, 8639251.182, 98
Trd, 8639251.332, 104
Trd, 8639252.382, 112
Trd, 8639252.882, 114
Trd, 8639256.782, 94
Trd, 8639257.232, 86
Trd, 8639257.632, 94
Trd, 8639258.132, 105
Trd, 8639258.432, 96
Trd, 8639262.182, 92
Trd, 8639262.232, 93
Trd, 8639264.232, 97
Trd, 8639266.232, 122
Trd, 8639266.382, 121
Trd, 8639269.532, 116
Trd, 8639270.582, 115
Trd, 8639272.932, 104
Trd, 8639274.182, 102
Trd, 8639275.482, 97
Trd, 8639275.582, 95
Trd, 8639276.582, 100
Trd, 8639278.082, 93
Trd, 8639278.932, 94
Trd, 8639279.132, 96
Trd, 8639282.182, 131
Trd, 8639283.232, 123
Trd, 8639283.732, 100
Trd, 8639285.332, 95
Trd, 8639286.282, 101
Trd, 8639287.432, 86
Trd, 8639288.382, 122
Trd, 8639289.832, 131
Trd, 8639290.032, 122
Trd, 8639291.582, 122
Trd, 8639292.282, 130
Trd, 8639293.632, 113
Trd, 8639295.682, 122
Trd, 8639296.732, 101
Trd, 8639299.182, 93
Trd, 8639301.182, 118
Trd, 8639301.682, 123
Trd, 8639302.632, 122
Trd, 8639303.032, 104
Trd, 8639303.082, 86
Trd, 8639303.832, 131
Trd, 8639306.232, 99
Trd, 8639307.482, 104
Trd, 8639307.732, 104
Trd, 8639310.032, 92
Trd, 8639312.432, 121
Trd, 8639313.082, 122
Trd, 8639313.282, 104
Trd, 8639315.582, 122
Trd, 8639315.732, 95
Trd, 8639316.832, 120
Trd, 8639317.432, 99
Trd, 8639318.082, 89
Trd, 8639318.432, 129
Trd, 8639321.382, 122
Trd, 8639322.782, 123
Trd, 8639323.732, 122
Trd, 8639323.982, 103
Trd, 8639327.232, 94
Trd, 8639327.632, 101
Trd, 8639330.182, 112
Trd, 8639330.282, 113
Trd, 8639330.482, 104
Trd, 8639331.832, 95
Trd, 8639333.432, 100
Trd, 8639333.932, 100
Trd, 8639336.482, 97
Trd, 8639336.782, 91
Trd, 8639337.882, 104
Trd, 8639337.982, 107
Trd, 8639338.432, 95
Trd, 8639340.782, 123
Trd, 8639341.282, 104
Trd, 8639344.032, 122
Trd, 8639345.282, 109
Trd, 8639345.882, 97
Trd, 8639346.632, 98
Trd, 8639350.132, 122
Trd, 8639350.932, 103
Trd, 8639351.182, 104
Trd, 8639352.332, 98
Trd, 8639353.932, 93
Trd, 8639353.982, 95
Trd, 8639354.982, 111
Trd, 8639357.932, 104
Trd, 8639358.032, 112
Trd, 8639358.832, 114
Trd, 8639359.832, 100
Trd, 8639360.132, 104
Trd, 8639362.132, 124
Trd, 8639363.432, 122
Trd, 8639365.032, 123
Trd, 8639366.982, 120
Trd, 8639369.582, 104
Trd, 8639371.032, 95
Trd, 8639371.532, 104
Trd, 8639372.482, 124
Trd, 8639372.932, 122
Trd, 8639374.932, 118
Trd, 8639377.132, 107
Trd, 8639377.332, 103
Trd, 8639377.982, 116
Trd, 8639378.182, 104
Trd, 8639380.432, 120
Trd, 8639380.532, 121
Trd, 8639381.682, 102
Trd, 8639383.282, 115
Trd, 8639385.082, 116
Trd, 8639387.282, 120
Trd, 8639387.832, 104
Trd, 8639389.682, 115
Trd, 8639391.232, 115
Trd, 8639392.182, 120
Trd, 8639392.482, 104
Trd, 8639393.132, 106
Trd, 8639393.982, 119
Trd, 8639395.532, 96
Trd, 8639395.632, 99
Trd, 8639396.682, 103
Trd, 8639396.932, 123
Trd, 8639400.382, 105
Trd, 8639401.632, 95
Trd, 8639402.732, 104
Trd, 8639404.432, 118
Trd, 8639404.682, 117
Trd, 8639406.182, 97
Trd, 8639410.232, 104
Trd, 8639410.332, 100
Trd, 8639410.382, 107
Trd, 8639412.782, 104
Trd, 8639414.582, 100
Trd, 8639415.782, 99
Trd, 8639415.932, 113
Trd, 8639416.082, 122
Trd, 8639418.882, 131
Trd, 8639420.182, 129
Trd, 8639420.582, 123
Trd, 8639421.382, 122
Trd, 8639423.932, 104
Trd, 8639425.532, 104
Trd, 8639428.832, 111
Trd, 8639429.132, 104
Trd, 8639429.382, 119
Trd, 8639430.232, 122
Trd, 8639434.232, 93
Trd, 8639434.482, 99
Trd, 8639436.032, 119
Trd, 8639437.532, 108
Trd, 8639438.632, 104
Trd, 8639439.932, 110
Trd, 8639441.082, 113
Trd, 8639442.082, 116
Trd, 8639442.982, 102
Trd, 8639443.932, 119
Trd, 8639445.482, 122
Trd, 8639446.082, 103
Trd, 8639448.482, 95
Trd, 8639449.682, 94
Trd, 8639450.832, 94
Trd, 8639450.982, 95
Trd, 8639451.982, 123
Trd, 8639453.782, 85
Trd, 8639453.882, 86
Trd, 8639454.032, 101
Trd, 8639454.732, 111
Trd, 8639455.682, 123
Trd, 8639459.232, 102
Trd, 8639460.982, 90
Trd, 8639461.082, 96
Trd, 8639462.332, 95
Trd, 8639462.682, 95
Trd, 8639465.832, 111
Trd, 8639466.982, 86
Trd, 8639467.482, 100
Trd, 8639468.082, 101
Trd, 8639469.432, 121
Trd, 8639473.482, 121
Trd, 8639473.982, 108
Trd, 8639475.182, 103
Trd, 8639478.182, 122
Trd, 8639478.382, 102
Trd, 8639480.182, 96
Trd, 8639481.482, 96
Trd, 8639482.382, 110
Trd, 8639483.582, 122
Trd, 8639485.182, 93
Trd, 8639486.682, 99
Trd, 8639488.032, 99
Trd, 8639489.432, 121
Trd, 8639490.032, 126
Trd, 8639490.282, 116
Trd, 8639491.132, 104
Trd, 8639491.332, 88
Trd, 8639493.032, 104
Trd, 8639494.682, 123
Trd, 8639495.182, 121
Trd, 8639496.682, 93
Trd, 8639498.232, 100
Trd, 8639498.332, 101
Trd, 8639498.632, 126
Trd, 8639500.432, 100
Trd, 8639502.382, 123
Trd, 8639502.832, 131
Trd, 8639506.232, 122
Trd, 8639506.632, 95
Trd, 8639507.432, 101
Trd, 8639507.632, 95
Trd, 8639508.632, 109
Trd, 8639509.832, 98
Trd, 8639510.532, 104
Trd, 8639513.432, 130
Trd, 8639514.282, 126
Trd, 8639514.332, 104
Trd, 8639515.382, 121
Trd, 8639515.732, 123
Trd, 8639516.982, 121
Trd, 8639518.982, 113
Trd, 8639521.382, 121
Trd, 8639521.482, 104
Trd, 8639523.432, 95
Trd, 8639525.682, 122
Trd, 8639526.132, 101
Trd, 8639528.382, 107
Trd, 8639529.232, 107
Trd, 8639532.082, 121
Trd, 8639532.332, 127
Trd, 8639535.432, 104
Trd, 8639535.782, 95
Trd, 8639537.532, 125
Trd, 8639538.932, 122
Trd, 8639539.382, 109
Trd, 8639540.232, 117
Trd, 8639541.082, 104
Trd, 8639543.282, 109
Trd, 8639544.082, 124
Trd, 8639545.132, 104
Trd, 8639547.982, 122
Trd, 8639548.082, 131
Trd, 8639548.882, 102
Trd, 8639549.982, 130
Trd, 8639552.782, 94
Trd, 8639553.332, 95
Trd, 8639553.782, 98
Trd, 8639554.382, 92
Trd, 8639556.782, 92
Trd, 8639557.632, 95
Trd, 8639559.332, 114
Trd, 8639560.982, 125
Trd, 8639561.182, 104
Trd, 8639561.632, 97
Trd, 8639564.182, 119
Trd, 8639564.482, 129
Trd, 8639564.582, 105
Trd, 8639567.482, 119
Trd, 8639569.482, 125
Trd, 8639570.132, 110
Trd, 8639571.982, 104
Trd, 8639572.432, 120
Trd, 8639574.482, 115
Trd, 8639577.632, 104
Trd, 8639579.932, 125
Trd, 8639580.082, 87
Trd, 8639580.982, 127
Trd, 8639582.082, 103
Trd, 8639584.732, 122
Trd, 8639584.982, 130
Trd, 8639585.832, 104
Trd, 8639586.732, 95
Trd, 8639587.332, 127
Trd, 8639589.332, 116
Trd, 8639589.382, 100
Trd, 8639589.432, 122
Trd, 8639593.382, 103
Trd, 8639595.432, 104
Trd, 8639595.482, 115
Trd, 8639598.932, 120
Trd, 8639602.232, 108
Trd, 8639603.432, 120
Trd, 8639604.432, 122
Trd, 8639605.632, 131
Trd, 8639606.432, 104
Trd, 8639607.532, 85
Trd, 8639609.182, 95
Trd, 8639610.332, 117
Trd, 8639610.882, 122
Trd, 8639611.182, 124
Trd, 8639612.932, 97
Trd, 8639615.032, 95
Trd, 8639616.482, 98
Trd, 8639619.432, 113
Trd, 8639621.032, 107
Trd, 8639622.282, 104
Trd, 8639622.782, 110
Trd, 8639623.382, 121
Trd, 8639625.232, 99
Trd, 8639626.982, 102
Trd, 8639627.482, 106
Trd, 8639628.232, 108
Trd, 8639628.482, 109
Trd, 8639629.982, 104
Trd, 8639631.682, 96
Trd, 8639632.632, 95
Trd, 8639633.782, 131
Trd, 8639634.932, 120
Trd, 8639636.582, 118
Trd, 8639637.982, 104
Trd, 8639638.832, 114
Trd, 8639641.332, 92
Trd, 8639641.782, 101
Trd, 8639643.032, 100
Trd, 8639643.732, 124
Trd, 8639645.482, 104
Trd, 8639646.332, 106
Trd, 8639649.082, 110
Trd, 8639649.382, 116
Trd, 8639649.432, 90
Trd, 8639649.982, 101
Trd, 8639652.132, 98
Trd, 8639653.182, 87
Trd, 8639653.282, 118
Trd, 8639654.932, 130
Trd, 8639655.632, 104
Trd, 8639657.232, 112
Trd, 8639659.982, 96
Trd, 8639662.882, 121
Trd, 8639663.032, 104
Trd, 8639663.532, 95
Trd, 8639663.682, 122
Trd, 8639664.582, 125
Trd, 8639664.682, 110
Trd, 8639665.282, 122
Trd, 8639668.532, 104
Trd, 8639669.332, 119
Trd, 8639670.732, 123
Trd, 8639671.032, 121
Trd, 8639673.282, 104
Trd, 8639673.632, 95
Trd, 8639677.332, 104
Trd, 8639677.382, 105
Trd, 8639678.332, 126
Trd, 8639679.082, 122
Trd, 8639681.082, 98
Trd, 8639681.782, 96
Trd, 8639682.832, 107
Trd, 8639682.882, 130
Trd, 8639686.032, 120
Trd, 8639687.332, 104
Trd, 8639687.632, 127
Trd, 8639688.782, 126
Trd, 8639691.732, 95
Trd, 8639691.932, 95
Trd, 8639692.482, 104
Trd, 8639692.532, 91
Trd, 8639692.782, 86
Trd, 8639696.132, 80
Trd, 8639697.332, 97
Trd, 8639697.882, 131
Trd, 8639698.432, 122
Trd, 8639700.582, 102
Trd, 8639702.382, 96
Trd, 8639702.532, 96
Trd, 8639703.932, 99
Trd, 8639704.082, 122
Trd, 8639705.032, 130
Trd, 8639707.182, 104
Trd, 8639709.682, 102
Trd, 8639710.382, 83
Trd, 8639711.482, 113
Trd, 8639711.732, 104
Trd, 8639713.482, 95
Trd, 8639713.682, 86
Trd, 8639714.082, 117
Trd, 8639714.232, 119
Trd, 8639715.032, 121
Trd, 8639717.132, 80
Trd, 8639717.182, 122
Trd, 8639719.032, 100
Trd, 8639719.082, 123
Trd, 8639722.282, 85
Trd, 8639722.382, 86
Trd, 8639723.682, 92
Trd, 8639724.832, 95
Trd, 8639725.682, 96
Trd, 8639726.532, 121
Trd, 8639726.932, 95
Trd, 8639728.932, 116
Trd, 8639731.082, 120
Trd, 8639732.032, 106
Trd, 8639733.432, 104
Trd, 8639735.282, 108
Trd, 8639736.882, 102
Trd, 8639737.632, 103
Trd, 8639738.282, 79
Trd, 8639739.482, 72
Trd, 8639741.682, 99
Trd, 8639741.882, 103
Trd, 8639742.582, 94
Trd, 8639744.532, 95
Trd, 8639744.632, 96
Trd, 8639746.182, 104
Trd, 8639746.782, 96
Trd, 8639747.532, 123
Trd, 8639749.782, 119
Trd, 8639749.882, 120
Trd, 8639750.432, 88
Trd, 8639752.632, 102
Trd, 8639755.732, 110
Trd, 8639757.082, 116
Trd, 8639757.632, 104
Trd, 8639760.082, 120
Trd, 8639761.982, 127
Trd, 8639762.532, 102
Trd, 8639763.832, 121
Trd, 8639766.732, 129
Trd, 8639768.032, 98
Trd, 8639768.532, 95
Trd, 8639769.382, 101
Trd, 8639769.682, 89
Trd, 8639771.182, 131
Trd, 8639771.982, 108
Trd, 8639773.432, 118
Trd, 8639775.882, 104
Trd, 8639776.882, 122
Trd, 8639777.232, 104
Trd, 8639780.782, 106
Trd, 8639781.182, 124
Trd, 8639782.482, 122
Trd, 8639782.532, 103
Trd, 8639783.882, 104
Trd, 8639784.132, 130
Trd, 8639784.482, 104
Trd, 8639787.382, 121
Trd, 8639788.932, 104
Trd, 8639789.682, 119
Trd, 8639791.232, 111
Trd, 8639793.582, 102
Trd, 8639793.832, 114
Trd, 8639794.732, 109
Trd, 8639794.882, 110
Trd, 8639795.032, 86
Trd, 8639799.132, 121
Trd, 8639799.782, 103
Trd, 8639800.932, 102
Trd, 8639802.432, 114
Trd, 8639802.882, 102
Trd, 8639803.132, 126
Trd, 8639803.332, 95
Trd, 8639805.232, 122
Trd, 8639806.132, 131
Trd, 8639806.582, 96
Trd, 8639806.882, 88
Trd, 8639809.632, 116
Trd, 8639811.382, 104
Trd, 8639812.532, 120
Trd, 8639814.982, 88
Trd, 8639815.882, 127
Trd, 8639816.632, 122
Trd, 8639817.082, 119
Trd, 8639820.682, 103
Trd, 8639823.382, 119
Trd, 8639823.732, 99
Trd, 8639824.132, 121
Trd, 8639824.282, 122
Trd, 8639827.032, 95
Trd, 8639828.032, 98
Trd, 8639829.782, 99
Trd, 8639830.382, 111
Trd, 8639831.332, 123
Trd, 8639831.382, 122
Trd, 8639832.732, 97
Trd, 8639834.532, 103
Trd, 8639837.582, 108
Trd, 8639837.932, 116
Trd, 8639838.832, 104
Trd, 8639841.432, 122
Trd, 8639842.232, 123
Trd, 8639844.082, 104
Trd, 8639844.832, 92
Trd, 8639848.732, 104
Trd, 8639849.832, 112
Trd, 8639849.932, 122
Trd, 8639852.332, 126
Trd, 8639852.682, 95
Trd, 8639852.882, 121
Trd, 8639853.482, 97
Trd, 8639857.782, 105
Trd, 8639858.332, 124
Trd, 8639858.582, 104
Trd, 8639859.732, 111
Trd, 8639861.732, 109
Trd, 8639862.582, 104
Trd, 8639863.182, 96
Trd, 8639864.182, 95
Trd, 8639864.682, 107
Trd, 8639865.832, 122
Trd, 8639867.182, 103
Trd, 8639871.632, 118
Trd, 8639873.432, 108
Trd, 8639874.532, 117
Trd, 8639875.332, 119
Trd, 8639876.382, 104
Trd, 8639877.532, 116
Trd, 8639878.832, 109
Trd, 8639880.632, 94
Trd, 8639882.332, 77
Trd, 8639882.532, 87
Trd, 8639884.132, 101
Trd, 8639884.532, 102
Trd, 8639885.782, 108
Trd, 8639888.632, 90
Trd, 8639888.882, 97
Trd, 8639890.932, 127
Trd, 8639891.582, 125
Trd, 8639893.432, 122
Trd, 8639894.032, 104
Trd, 8639894.482, 104
Trd, 8639895.282, 95
Trd, 8639896.632, 103
Trd, 8639899.132, 129
Trd, 8639903.732, 120
Trd, 8639904.332, 112
Trd, 8639905.432, 104
Trd, 8639905.532, 121
Trd, 8639908.832, 103
Trd, 8639909.732, 111
Trd, 8639910.082, 95
Trd, 8639910.582, 116
Trd, 8639912.132, 122
Trd, 8639912.832, 102
Trd, 8639913.382, 97
Trd, 8639915.282, 89
Trd, 8639916.282, 103
Trd, 8639919.632, 103
Trd, 8639920.482, 109
Trd, 8639921.282, 104
Trd, 8639923.582, 95
Trd, 8639923.682, 131
Trd, 8639926.032, 121
Trd, 8639926.382, 128
Trd, 8639928.132, 96
Trd, 8639928.532, 128
Trd, 8639931.132, 122
Trd, 8639931.882, 122
Trd, 8639933.532, 122
Trd, 8639934.182, 122
Trd, 8639934.532, 104
Trd, 8639936.632, 91
Trd, 8639937.132, 99
Trd, 8639938.182, 96
Trd, 8639938.482, 98
Trd, 8639940.582, 86
Trd, 8639941.782, 103
Trd, 8639941.932, 106
Trd, 8639944.532, 122
Trd, 8639947.982, 125
Trd, 8639948.032, 110
Trd, 8639951.232, 104
Trd, 8639952.082, 117
Trd, 8639952.982, 117
Trd, 8639954.182, 122
Trd, 8639954.232, 95
Trd, 8639954.532, 113
Trd, 8639957.832, 104
Trd, 8639957.932, 128
Trd, 8639959.182, 95
Trd, 8639960.882, 105
Trd, 8639961.682, 94
Trd, 8639963.032, 94
Trd, 8639964.232, 99
Trd, 8639964.782, 122
Trd, 8639966.332, 113
Trd, 8639969.682, 130
Trd, 8639971.832, 122
Trd, 8639972.432, 104
Trd, 8639973.232, 100
Trd, 8639974.332, 113
Trd, 8639976.382, 103
Trd, 8639978.032, 104
Trd, 8639978.532, 90
Trd, 8639979.632, 96
Trd, 8639982.482, 119
Trd, 8639983.382, 109
Trd, 8639986.332, 105
Trd, 8639986.682, 104
Trd, 8639988.932, 103
Trd, 8639989.082, 101
Trd, 8639990.832, 96
Trd, 8639992.082, 96
Trd, 8639992.882, 97
Trd, 8639993.082, 104
Trd, 8639995.782, 91
Trd, 8639996.032, 91
Trd, 8639997.432, 91
Trd, 8639998.882, 122
Trd, 8639999.482, 104
Trd, 8639999.832, 119
