Trd, 8637912.382, 105
Trd, 8637913.332, 110
Trd, 8637914.832, 105
Trd, 8637917.232, 102
Trd, 8637917.832, 104
Trd, 8637918.082, 102
Trd, 8637919.632, 111
Trd, 8637920.232, 112
Trd, 8637922.682, 112
Trd, 8637923.182, 113
Trd, 8637924.432, 100
Trd, 8637925.882, 100
Trd, 8637927.682, 94
Trd, 8637927.882, 95
Trd, 8637929.832, 93
Trd, 8637931.382, 90
Trd, 8637932.282, 90
Trd, 8637932.582, 94
Trd, 8637933.832, 113
Trd, 8637934.532, 95
Trd, 8637935.782, 114
Trd, 8637938.132, 116
Trd, 8637939.232, 113
Trd, 8637941.082, 118
Trd, 8637944.282, 102
Trd, 8637944.682, 100
Trd, 8637946.032, 99
Trd, 8637947.532, 104
Trd, 8637947.832, 90
Trd, 8637947.982, 112
Trd, 8637950.932, 103
Trd, 8637952.532, 100
Trd, 8637952.982, 101
Trd, 8637953.032, 102
Trd, 8637954.382, 102
Trd, 8637956.232, 100
Trd, 8637956.682, 100
Trd, 8637958.382, 99
Trd, 8637958.432, 98
Trd, 8637958.482, 100
Trd, 8637961.132, 110
Trd, 8637962.932, 100
Trd, 8637963.532, 101
Trd, 8637963.882, 102
Trd, 8637965.532, 99
Trd, 8637967.232, 103
Trd, 8637970.932, 105
Trd, 8637971.032, 104
Trd, 8637972.132, 103
Trd, 8637972.382, 95
Trd, 8637973.982, 107
Trd, 8637975.682, 104
Trd, 8637977.082, 103
Trd, 8637978.932, 115
Trd, 8637979.782, 113
Trd, 8637979.832, 114
Trd, 8637982.832, 99
Trd, 8637984.032, 101
Trd, 8637984.082, 95
Trd, 8637984.482, 104
Trd, 8637987.382, 95
Trd, 8637987.882, 106
Trd, 8637989.832, 105
Trd, 8637989.882, 104
Trd, 8637990.782, 110
Trd, 8637993.132, 99
Trd, 8637993.932, 95
Trd, 8637993.982, 97
Trd, 8637996.082, 96
Trd, 8637996.682, 100
Trd, 8637997.182, 104
Trd, 8637998.832, 98
Trd, 8637999.582, 113
Trd, 8638002.382, 102
Trd, 8638002.782, 103
Trd, 8638003.282, 114
Trd, 8638004.332, 113
Trd, 8638004.932, 113
Trd, 8638007.982, 140
Trd, 8638009.382, 113
Trd, 8638011.182, 107
Trd, 8638011.582, 106
Trd, 8638012.882, 106
Trd, 8638012.982, 106
Trd, 8638014.032, 104
Trd, 8638015.682, 115
Trd, 8638017.732, 104
Trd, 8638018.732, 107
Trd, 8638020.332, 101
Trd, 8638020.782, 97
Trd, 8638023.582, 98
Trd, 8638023.682, 98
Trd, 8638024.532, 97
Trd, 8638024.932, 104
Trd, 8638026.532, 96
Trd, 8638027.232, 110
Trd, 8638031.782, 106
Trd, 8638031.982, 106
Trd, 8638032.632, 104
Trd, 8638032.932, 104
Trd, 8638035.182, 102
Trd, 8638036.132, 99
Trd, 8638037.082, 97
Trd, 8638037.782, 97
Trd, 8638038.982, 95
Trd, 8638039.932, 102
Trd, 8638040.182, 93
Trd, 8638042.732, 112
Trd, 8638043.382, 112
Trd, 8638045.932, 106
Trd, 8638046.532, 103
Trd, 8638047.732, 96
Trd, 8638048.632, 95
Trd, 8638049.432, 95
Trd, 8638049.632, 96
Trd, 8638050.932, 96
Trd, 8638053.632, 112
Trd, 8638054.632, 139
Trd, 8638058.982, 101
Trd, 8638060.782, 111
Trd, 8638061.732, 107
Trd, 8638063.382, 106
Trd, 8638063.532, 99
Trd, 8638065.832, 97
Trd, 8638066.432, 96
Trd, 8638066.582, 96
Trd, 8638066.732, 122
Trd, 8638067.432, 140
Trd, 8638071.532, 112
Trd, 8638072.182, 98
Trd, 8638074.032, 101
Trd, 8638074.282, 102
Trd, 8638075.782, 103
Trd, 8638076.882, 102
Trd, 8638077.132, 96
Trd, 8638077.682, 100
Trd, 8638081.032, 95
Trd, 8638081.932, 95
Trd, 8638081.982, 96
Trd, 8638082.232, 104
Trd, 8638083.332, 116
Trd, 8638084.032, 87
Trd, 8638088.232, 112
Trd, 8638089.232, 108
Trd, 8638089.582, 110
Trd, 8638090.282, 107
Trd, 8638091.632, 132
Trd, 8638095.032, 108
Trd, 8638095.232, 107
Trd, 8638096.382, 96
Trd, 8638096.832, 103
Trd, 8638097.932, 77
Trd, 8638098.932, 103
Trd, 8638099.132, 104
Trd, 8638102.532, 107
Trd, 8638103.382, 99
Trd, 8638105.632, 102
Trd, 8638106.332, 102
Trd, 8638106.832, 103
Trd, 8638107.832, 101
Trd, 8638110.432, 101
Trd, 8638111.932, 99
Trd, 8638112.482, 105
Trd, 8638113.082, 98
Trd, 8638115.182, 96
Trd, 8638116.032, 96
Trd, 8638116.382, 97
Trd, 8638117.432, 103
Trd, 8638119.932, 100
Trd, 8638120.582, 95
Trd, 8638122.632, 99
Trd, 8638123.532, 99
Trd, 8638124.182, 99
Trd, 8638124.232, 97
Trd, 8638125.982, 97
Trd, 8638128.232, 103
Trd, 8638128.732, 103
Trd, 8638129.582, 101
Trd, 8638129.832, 95
Trd, 8638131.982, 100
Trd, 8638133.832, 111
Trd, 8638134.582, 105
Trd, 8638134.882, 111
Trd, 8638137.932, 106
Trd, 8638138.532, 104
Trd, 8638138.932, 102
Trd, 8638138.982, 95
Trd, 8638140.482, 112
Trd, 8638144.132, 114
Trd, 8638146.132, 113
Trd, 8638146.732, 113
Trd, 8638147.682, 112
Trd, 8638148.682, 109
Trd, 8638149.982, 105
Trd, 8638150.282, 107
Trd, 8638151.232, 95
Trd, 8638153.282, 102
Trd, 8638154.632, 97
Trd, 8638155.532, 86
Trd, 8638156.432, 95
Trd, 8638157.732, 95
Trd, 8638159.732, 72
Trd, 8638160.182, 78
Trd, 8638162.332, 91
Trd, 8638162.682, 92
Trd, 8638163.032, 95
Trd, 8638166.232, 103
Trd, 8638166.832, 106
Trd, 8638166.882, 107
Trd, 8638168.532, 108
Trd, 8638169.732, 104
Trd, 8638171.582, 95
Trd, 8638173.282, 94
Trd, 8638174.032, 93
Trd, 8638174.232, 93
Trd, 8638174.882, 94
Trd, 8638176.082, 92
Trd, 8638177.182, 93
Trd, 8638178.182, 93
Trd, 8638181.082, 96
Trd, 8638182.032, 102
Trd, 8638183.482, 100
Trd, 8638183.782, 101
Trd, 8638184.882, 104
Trd, 8638186.932, 99
Trd, 8638188.982, 106
Trd, 8638189.682, 103
Trd, 8638190.732, 102
Trd, 8638192.332, 103
Trd, 8638195.632, 96
Trd, 8638196.182, 94
Trd, 8638196.532, 95
Trd, 8638197.632, 112
Trd, 8638198.632, 88
Trd, 8638200.432, 109
Trd, 8638201.032, 108
Trd, 8638203.932, 103
Trd, 8638204.132, 102
Trd, 8638204.332, 103
Trd, 8638206.082, 113
Trd, 8638209.532, 101
Trd, 8638210.332, 99
Trd, 8638210.582, 99
Trd, 8638211.532, 103
Trd, 8638213.532, 101
Trd, 8638214.382, 102
Trd, 8638214.632, 103
Trd, 8638216.082, 103
Trd, 8638218.732, 96
Trd, 8638219.282, 104
Trd, 8638221.332, 96
Trd, 8638222.032, 97
Trd, 8638222.432, 95
Trd, 8638225.382, 98
Trd, 8638225.532, 88
Trd, 8638226.932, 99
Trd, 8638229.232, 88
Trd, 8638232.982, 98
Trd, 8638233.182, 99
Trd, 8638235.632, 101
Trd, 8638235.832, 102
Trd, 8638236.582, 102
Trd, 8638236.782, 103
Trd, 8638237.682, 104
Trd, 8638238.732, 103
Trd, 8638238.782, 119
Trd, 8638243.982, 127
Trd, 8638245.332, 116
Trd, 8638245.382, 112
Trd, 8638248.082, 122
Trd, 8638249.732, 115
Trd, 8638250.182, 116
Trd, 8638250.582, 113
Trd, 8638252.732, 109
Trd, 8638254.182, 104
Trd, 8638254.582, 99
Trd, 8638254.882, 103
Trd, 8638257.132, 99
Trd, 8638257.882, 100
Trd, 8638261.132, 93
Trd, 8638261.932, 93
Trd, 8638261.982, 95
Trd, 8638263.832, 101
Trd, 8638264.432, 103
Trd, 8638264.682, 93
Trd, 8638266.182, 86
Trd, 8638267.632, 103
Trd, 8638271.532, 100
Trd, 8638271.632, 102
Trd, 8638272.082, 104
Trd, 8638272.432, 101
Trd, 8638277.382, 102
Trd, 8638278.432, 103
Trd, 8638279.282, 102
Trd, 8638280.032, 120
Trd, 8638281.732, 113
Trd, 8638282.582, 104
Trd, 8638286.982, 101
Trd, 8638287.082, 100
Trd, 8638288.432, 99
Trd, 8638288.932, 95
Trd, 8638289.182, 96
Trd, 8638290.132, 117
Trd, 8638292.882, 104
Trd, 8638292.982, 105
Trd, 8638294.482, 103
Trd, 8638295.032, 103
Trd, 8638295.332, 104
Trd, 8638296.232, 115
Trd, 8638298.632, 108
Trd, 8638298.932, 94
Trd, 8638300.932, 98
Trd, 8638301.832, 97
Trd, 8638302.082, 96
Trd, 8638302.632, 99
Trd, 8638305.082, 101
Trd, 8638305.782, 100
Trd, 8638305.882, 104
Trd, 8638307.032, 112
Trd, 8638307.832, 104
Trd, 8638311.332, 104
Trd, 8638311.582, 103
Trd, 8638313.732, 101
Trd, 8638313.982, 101
Trd, 8638314.382, 101
Trd, 8638315.932, 102
Trd, 8638317.332, 104
Trd, 8638318.232, 113
Trd, 8638318.882, 97
Trd, 8638323.582, 107
Trd, 8638324.632, 107
Trd, 8638324.832, 109
Trd, 8638325.682, 106
Trd, 8638326.432, 105
Trd, 8638326.482, 104
Trd, 8638327.182, 105
Trd, 8638328.632, 115
Trd, 8638329.432, 99
Trd, 8638332.482, 110
Trd, 8638332.882, 111
Trd, 8638333.782, 102
Trd, 8638335.682, 107
Trd, 8638337.532, 106
Trd, 8638337.832, 108
Trd, 8638340.132, 102
Trd, 8638341.132, 98
Trd, 8638341.882, 99
Trd, 8638343.132, 95
Trd, 8638344.332, 94
Trd, 8638347.482, 95
Trd, 8638348.882, 103
Trd, 8638349.982, 99
Trd, 8638350.132, 103
Trd, 8638351.832, 102
Trd, 8638352.132, 102
Trd, 8638353.132, 102
Trd, 8638353.182, 104
Trd, 8638355.782, 102
Trd, 8638357.482, 105
Trd, 8638357.682, 105
Trd, 8638358.582, 104
Trd, 8638358.632, 105
Trd, 8638361.082, 111
Trd, 8638363.082, 109
Trd, 8638363.132, 100
Trd, 8638365.432, 103
Trd, 8638366.882, 105
Trd, 8638367.182, 104
Trd, 8638368.632, 102
Trd, 8638369.132, 101
Trd, 8638371.382, 101
Trd, 8638372.332, 104
Trd, 8638372.532, 103
Trd, 8638374.982, 109
Trd, 8638376.182, 107
Trd, 8638376.982, 105
Trd, 8638377.782, 104
Trd, 8638377.882, 105
Trd, 8638382.332, 111
Trd, 8638383.232, 100
Trd, 8638385.182, 102
Trd, 8638385.532, 104
Trd, 8638386.132, 103
Trd, 8638388.332, 103
Trd, 8638388.932, 102
Trd, 8638389.182, 95
Trd, 8638391.582, 94
Trd, 8638392.682, 96
Trd, 8638394.632, 96
Trd, 8638395.632, 99
Trd, 8638396.282, 101
Trd, 8638398.132, 102
Trd, 8638399.032, 113
Trd, 8638399.282, 77
Trd, 8638403.432, 103
Trd, 8638403.682, 111
Trd, 8638404.432, 112
Trd, 8638406.082, 105
Trd, 8638407.782, 101
Trd, 8638408.082, 102
Trd, 8638409.032, 101
Trd, 8638410.082, 101
Trd, 8638410.382, 95
Trd, 8638413.582, 103
Trd, 8638414.882, 100
Trd, 8638415.332, 98
Trd, 8638416.332, 97
Trd, 8638417.082, 96
Trd, 8638417.782, 95
Trd, 8638418.632, 104
Trd, 8638418.932, 86
Trd, 8638421.432, 107
Trd, 8638423.282, 108
Trd, 8638423.732, 86
Trd, 8638426.482, 100
Trd, 8638426.932, 100
Trd, 8638427.932, 98
Trd, 8638428.882, 97
Trd, 8638429.082, 97
Trd, 8638430.382, 102
Trd, 8638431.782, 99
Trd, 8638433.082, 99
Trd, 8638433.332, 98
Trd, 8638434.282, 101
Trd, 8638437.132, 95
Trd, 8638438.482, 97
Trd, 8638438.882, 96
Trd, 8638438.932, 97
Trd, 8638440.382, 112
Trd, 8638443.982, 109
Trd, 8638446.182, 103
Trd, 8638446.332, 106
Trd, 8638448.882, 115
Trd, 8638449.132, 115
Trd, 8638449.932, 114
Trd, 8638450.382, 113
Trd, 8638450.932, 113
Trd, 8638454.082, 109
Trd, 8638454.832, 105
Trd, 8638455.132, 104
Trd, 8638455.682, 104
Trd, 8638455.982, 111
Trd, 8638456.532, 95
Trd, 8638458.182, 113
Trd, 8638459.632, 112
Trd, 8638462.532, 102
Trd, 8638463.982, 103
Trd, 8638464.332, 103
Trd, 8638464.732, 104
Trd, 8638465.732, 108
Trd, 8638468.182, 102
Trd, 8638468.582, 97
Trd, 8638470.182, 99
Trd, 8638471.532, 97
Trd, 8638471.832, 98
Trd, 8638473.282, 104
Trd, 8638474.982, 105
Trd, 8638477.682, 106
Trd, 8638477.832, 106
Trd, 8638479.332, 102
Trd, 8638480.482, 99
Trd, 8638481.532, 99
Trd, 8638481.982, 101
Trd, 8638484.582, 94
Trd, 8638484.632, 85
Trd, 8638486.932, 89
Trd, 8638488.932, 68
Trd, 8638489.232, 88
Trd, 8638491.482, 93
Trd, 8638492.832, 92
Trd, 8638493.182, 95
Trd, 8638493.482, 95
Trd, 8638495.332, 111
Trd, 8638497.632, 101
Trd, 8638499.332, 105
Trd, 8638499.582, 105
Trd, 8638500.182, 105
Trd, 8638501.032, 114
Trd, 8638503.482, 111
Trd, 8638505.432, 131
Trd, 8638507.682, 108
Trd, 8638508.282, 107
Trd, 8638509.332, 104
Trd, 8638509.482, 106
Trd, 8638511.982, 107
Trd, 8638512.982, 103
Trd, 8638513.332, 102
Trd, 8638514.282, 95
Trd, 8638516.432, 93
Trd, 8638516.882, 94
Trd, 8638517.432, 95
Trd, 8638517.482, 81
Trd, 8638519.632, 89
Trd, 8638520.632, 90
Trd, 8638521.482, 93
Trd, 8638522.282, 94
Trd, 8638523.182, 95
Trd, 8638523.432, 104
Trd, 8638523.482, 138
Trd, 8638524.582, 96
Trd, 8638527.732, 104
Trd, 8638527.832, 104
Trd, 8638528.232, 104
Trd, 8638529.332, 104
Trd, 8638530.182, 120
Trd, 8638531.582, 97
Trd, 8638531.732, 114
Trd, 8638533.582, 109
Trd, 8638534.432, 98
Trd, 8638536.432, 102
Trd, 8638537.832, 104
Trd, 8638537.932, 106
Trd, 8638538.032, 107
Trd, 8638538.682, 103
Trd, 8638543.832, 113
Trd, 8638544.682, 112
Trd, 8638545.832, 108
Trd, 8638545.982, 109
Trd, 8638546.282, 96
Trd, 8638548.932, 95
Trd, 8638550.482, 97
Trd, 8638550.782, 102
Trd, 8638552.432, 100
Trd, 8638552.832, 98
Trd, 8638555.382, 97
Trd, 8638555.882, 97
Trd, 8638556.782, 113
Trd, 8638556.982, 114
Trd, 8638558.632, 112
Trd, 8638561.632, 104
Trd, 8638562.582, 105
Trd, 8638564.332, 100
Trd, 8638564.382, 95
Trd, 8638566.932, 91
Trd, 8638567.582, 90
Trd, 8638567.832, 95
Trd, 8638569.182, 95
Trd, 8638571.482, 93
Trd, 8638572.582, 94
Trd, 8638572.632, 95
Trd, 8638572.682, 104
Trd, 8638574.032, 114
Trd, 8638575.332, 113
Trd, 8638576.182, 88
Trd, 8638579.532, 105
Trd, 8638579.582, 106
Trd, 8638579.832, 100
Trd, 8638582.832, 96
Trd, 8638585.182, 105
Trd, 8638586.282, 107
Trd, 8638588.832, 104
Trd, 8638590.732, 105
Trd, 8638591.032, 104
Trd, 8638591.982, 103
Trd, 8638592.932, 112
Trd, 8638594.182, 99
Trd, 8638596.582, 99
Trd, 8638597.182, 106
Trd, 8638597.582, 104
Trd, 8638598.882, 104
Trd, 8638601.782, 112
Trd, 8638603.182, 106
Trd, 8638603.732, 105
Trd, 8638604.782, 104
Trd, 8638605.232, 105
Trd, 8638607.232, 140
Trd, 8638607.432, 123
Trd, 8638608.482, 140
Trd, 8638610.482, 122
Trd, 8638614.532, 118
Trd, 8638614.932, 119
Trd, 8638616.582, 119
Trd, 8638616.832, 120
Trd, 8638617.382, 113
Trd, 8638618.482, 86
Trd, 8638619.582, 113
Trd, 8638620.482, 112
Trd, 8638622.232, 108
Trd, 8638623.482, 106
Trd, 8638626.382, 107
Trd, 8638627.082, 107
Trd, 8638627.532, 108
Trd, 8638629.482, 105
Trd, 8638630.082, 104
Trd, 8638631.332, 102
Trd, 8638632.332, 100
Trd, 8638633.782, 99
Trd, 8638634.632, 102
Trd, 8638636.782, 102
Trd, 8638636.982, 104
Trd, 8638637.882, 112
Trd, 8638638.132, 104
Trd, 8638638.882, 94
Trd, 8638639.432, 112
Trd, 8638642.082, 112
Trd, 8638644.432, 96
Trd, 8638646.182, 104
Trd, 8638647.582, 100
Trd, 8638650.332, 102
Trd, 8638650.932, 101
Trd, 8638650.982, 94
Trd, 8638652.882, 99
Trd, 8638653.232, 99
Trd, 8638654.632, 96
Trd, 8638656.232, 103
Trd, 8638657.382, 96
Trd, 8638659.632, 100
Trd, 8638659.832, 99
Trd, 8638660.582, 100
Trd, 8638661.382, 95
Trd, 8638664.382, 102
Trd, 8638666.232, 99
Trd, 8638666.432, 100
Trd, 8638666.882, 100
Trd, 8638667.482, 133
Trd, 8638672.382, 112
Trd, 8638672.632, 113
Trd, 8638673.282, 113
Trd, 8638674.432, 113
Trd, 8638675.382, 98
Trd, 8638677.082, 103
Trd, 8638677.782, 101
Trd, 8638678.782, 96
Trd, 8638679.332, 98
Trd, 8638680.232, 98
Trd, 8638681.182, 96
Trd, 8638684.182, 99
Trd, 8638686.132, 108
Trd, 8638686.582, 104
Trd, 8638687.132, 109
Trd, 8638688.582, 108
Trd, 8638689.032, 107
Trd, 8638690.632, 111
Trd, 8638691.682, 112
Trd, 8638692.782, 113
Trd, 8638693.382, 104
Trd, 8638694.082, 95
Trd, 8638696.332, 106
Trd, 8638698.532, 97
Trd, 8638698.582, 96
Trd, 8638700.082, 99
Trd, 8638702.382, 116
Trd, 8638703.032, 101
Trd, 8638703.582, 111
Trd, 8638703.732, 100
Trd, 8638707.682, 95
Trd, 8638707.882, 95
Trd, 8638707.982, 102
Trd, 8638708.832, 94
Trd, 8638710.932, 98
Trd, 8638711.182, 98
Trd, 8638712.082, 100
Trd, 8638712.632, 100
Trd, 8638714.432, 98
Trd, 8638715.132, 96
Trd, 8638716.482, 100
Trd, 8638717.882, 101
Trd, 8638718.382, 95
Trd, 8638718.432, 101
Trd, 8638720.132, 111
Trd, 8638723.732, 101
Trd, 8638723.782, 93
Trd, 8638725.082, 97
Trd, 8638725.182, 96
Trd, 8638725.932, 96
Trd, 8638726.932, 113
Trd, 8638727.382, 96
Trd, 8638728.132, 113
Trd, 8638731.332, 96
Trd, 8638733.082, 103
Trd, 8638734.682, 102
Trd, 8638735.182, 103
Trd, 8638735.632, 106
Trd, 8638737.482, 108
Trd, 8638738.032, 100
Trd, 8638739.632, 104
Trd, 8638740.182, 104
Trd, 8638740.532, 106
Trd, 8638743.332, 98
Trd, 8638743.632, 114
Trd, 8638746.032, 109
Trd, 8638747.232, 108
Trd, 8638747.682, 109
Trd, 8638748.082, 104
Trd, 8638748.982, 112
Trd, 8638750.582, 112
Trd, 8638753.932, 107
Trd, 8638754.232, 108
Trd, 8638754.482, 107
Trd, 8638755.232, 105
Trd, 8638756.732, 104
Trd, 8638757.532, 114
Trd, 8638758.232, 113
Trd, 8638758.832, 113
Trd, 8638760.732, 108
Trd, 8638762.982, 97
Trd, 8638764.382, 98
Trd, 8638764.482, 100
Trd, 8638765.532, 98
Trd, 8638766.782, 100
Trd, 8638767.632, 99
Trd, 8638768.482, 102
Trd, 8638769.682, 102
Trd, 8638771.132, 100
Trd, 8638771.182, 101
Trd, 8638772.382, 94
Trd, 8638775.232, 96
Trd, 8638775.382, 95
Trd, 8638775.632, 94
Trd, 8638777.382, 86
Trd, 8638777.932, 88
Trd, 8638779.332, 102
Trd, 8638780.132, 93
Trd, 8638780.682, 102
Trd, 8638781.682, 101
Trd, 8638783.482, 99
Trd, 8638784.482, 100
Trd, 8638784.882, 104
Trd, 8638787.882, 110
Trd, 8638788.332, 101
Trd, 8638789.832, 104
Trd, 8638791.132, 101
Trd, 8638791.282, 101
Trd, 8638791.782, 96
Trd, 8638793.682, 98
Trd, 8638795.482, 97
Trd, 8638797.482, 95
Trd, 8638797.632, 96
Trd, 8638799.132, 119
Trd, 8638799.632, 96
Trd, 8638803.082, 138
Trd, 8638804.232, 107
Trd, 8638806.032, 105
Trd, 8638808.882, 113
Trd, 8638809.482, 109
Trd, 8638810.032, 108
Trd, 8638812.032, 105
Trd, 8638814.282, 98
Trd, 8638814.532, 98
Trd, 8638814.732, 98
Trd, 8638815.932, 97
Trd, 8638817.382, 110
Trd, 8638820.432, 101
Trd, 8638821.332, 102
Trd, 8638822.282, 104
Trd, 8638823.032, 97
Trd, 8638824.132, 113
Trd, 8638825.832, 107
Trd, 8638826.332, 107
Trd, 8638827.882, 109
Trd, 8638830.132, 99
Trd, 8638832.532, 101
Trd, 8638833.482, 100
Trd, 8638833.582, 99
Trd, 8638833.682, 100
Trd, 8638833.732, 103
Trd, 8638837.282, 107
Trd, 8638837.432, 108
Trd, 8638841.682, 104
Trd, 8638843.132, 101
Trd, 8638843.282, 102
Trd, 8638843.482, 103
Trd, 8638844.182, 101
Trd, 8638845.182, 100
Trd, 8638846.382, 97
Trd, 8638846.532, 99
Trd, 8638848.282, 96
Trd, 8638849.182, 95
Trd, 8638849.282, 96
Trd, 8638849.682, 87
Trd, 8638851.282, 113
Trd, 8638853.532, 95
Trd, 8638853.632, 125
Trd, 8638858.682, 100
Trd, 8638859.332, 101
Trd, 8638860.182, 101
Trd, 8638860.232, 99
Trd, 8638861.682, 97
Trd, 8638862.482, 97
Trd, 8638864.382, 98
Trd, 8638864.632, 97
Trd, 8638865.032, 103
Trd, 8638866.932, 100
Trd, 8638867.932, 99
Trd, 8638869.482, 122
Trd, 8638870.132, 100
Trd, 8638871.682, 110
Trd, 8638873.832, 102
Trd, 8638874.082, 101
Trd, 8638874.932, 100
Trd, 8638875.232, 102
Trd, 8638878.232, 107
Trd, 8638879.582, 100
Trd, 8638880.782, 101
Trd, 8638881.282, 101
Trd, 8638881.382, 102
Trd, 8638881.532, 101
Trd, 8638885.832, 96
Trd, 8638886.082, 95
Trd, 8638886.132, 97
Trd, 8638888.082, 111
Trd, 8638889.682, 101
Trd, 8638890.482, 101
Trd, 8638890.882, 101
Trd, 8638891.032, 100
Trd, 8638892.332, 98
Trd, 8638892.782, 98
Trd, 8638893.582, 98
Trd, 8638894.332, 95
Trd, 8638895.932, 103
Trd, 8638898.582, 97
Trd, 8638898.932, 101
Trd, 8638901.282, 114
Trd, 8638901.882, 111
Trd, 8638902.882, 111
Trd, 8638905.082, 110
Trd, 8638906.682, 112
Trd, 8638908.032, 115
Trd, 8638912.132, 127
Trd, 8638914.082, 115
Trd, 8638915.032, 113
Trd, 8638916.382, 108
Trd, 8638916.632, 108
Trd, 8638917.482, 109
Trd, 8638918.482, 106
Trd, 8638918.832, 104
Trd, 8638920.182, 104
Trd, 8638921.132, 95
Trd, 8638922.232, 114
Trd, 8638926.832, 100
Trd, 8638927.182, 100
Trd, 8638927.432, 101
Trd, 8638929.032, 102
Trd, 8638929.532, 101
Trd, 8638929.882, 100
Trd, 8638932.032, 101
Trd, 8638932.132, 115
Trd, 8638933.782, 103
Trd, 8638935.382, 101
Trd, 8638936.132, 100
Trd, 8638936.432, 101
Trd, 8638939.132, 102
Trd, 8638939.682, 103
Trd, 8638940.582, 104
Trd, 8638940.632, 103
Trd, 8638942.932, 101
Trd, 8638943.132, 112
Trd, 8638943.882, 114
Trd, 8638944.332, 113
Trd, 8638945.782, 102
Trd, 8638949.282, 103
Trd, 8638950.282, 102
Trd, 8638950.532, 105
Trd, 8638954.182, 120
Trd, 8638955.782, 113
Trd, 8638956.732, 112
Trd, 8638957.882, 105
Trd, 8638959.282, 101
Trd, 8638960.082, 101
Trd, 8638960.682, 101
Trd, 8638962.632, 102
Trd, 8638963.832, 113
Trd, 8638964.982, 108
Trd, 8638965.932, 105
Trd, 8638966.632, 105
Trd, 8638967.532, 104
Trd, 8638968.032, 104
Trd, 8638970.432, 99
Trd, 8638972.682, 102
Trd, 8638973.632, 102
Trd, 8638974.032, 101
Trd, 8638974.432, 95
Trd, 8638975.482, 103
Trd, 8638979.932, 100
Trd, 8638980.182, 100
Trd, 8638980.532, 100
Trd, 8638980.582, 101
Trd, 8638981.182, 96
Trd, 8638981.832, 103
Trd, 8638984.682, 101
Trd, 8638985.082, 107
Trd, 8638987.082, 102
Trd, 8638987.332, 103
Trd, 8638987.632, 105
Trd, 8638989.232, 109
Trd, 8638991.632, 99
Trd, 8638992.182, 99
Trd, 8638992.432, 94
Trd, 8638995.682, 93
Trd, 8638996.932, 93
Trd, 8638997.182, 92
Trd, 8638997.282, 94
Trd, 8638997.932, 94
Trd, 8638999.532, 94
Trd, 8639000.382, 95
Trd, 8639000.782, 95
Trd, 8639002.582, 113
Trd, 8639005.732, 114
Trd, 8639006.082, 139
Trd, 8639007.332, 133
Trd, 8639008.032, 114
Trd, 8639008.382, 114
Trd, 8639008.832, 113
Trd, 8639010.232, 110
Trd, 8639010.882, 104
Trd, 8639012.382, 97
Trd, 8639013.482, 110
Trd, 8639013.832, 111
Trd, 8639017.232, 104
Trd, 8639018.182, 104
Trd, 8639018.432, 104
Trd, 8639019.082, 103
Trd, 8639019.682, 85
Trd, 8639021.732, 102
Trd, 8639022.682, 97
Trd, 8639025.382, 106
Trd, 8639026.932, 100
Trd, 8639027.432, 100
Trd, 8639029.932, 104
Trd, 8639030.632, 104
Trd, 8639031.932, 98
Trd, 8639032.482, 98
Trd, 8639033.582, 98
Trd, 8639036.632, 100
Trd, 8639036.682, 98
Trd, 8639037.882, 99
Trd, 8639038.082, 99
Trd, 8639039.532, 98
Trd, 8639040.782, 97
Trd, 8639041.632, 97
Trd, 8639042.332, 113
Trd, 8639042.782, 97
Trd, 8639044.832, 114
Trd, 8639045.532, 110
Trd, 8639048.532, 106
Trd, 8639048.682, 107
Trd, 8639049.432, 106
Trd, 8639050.082, 105
Trd, 8639051.332, 105
Trd, 8639051.482, 105
Trd, 8639052.282, 104
Trd, 8639055.332, 99
Trd, 8639055.482, 110
Trd, 8639057.432, 103
Trd, 8639057.832, 104
Trd, 8639058.482, 104
Trd, 8639060.732, 100
Trd, 8639061.732, 101
Trd, 8639062.582, 101
Trd, 8639063.932, 101
Trd, 8639066.282, 109
Trd, 8639066.882, 95
Trd, 8639068.632, 108
Trd, 8639071.982, 105
Trd, 8639072.232, 98
Trd, 8639073.732, 97
Trd, 8639074.082, 96
Trd, 8639074.832, 95
Trd, 8639074.932, 96
Trd, 8639075.382, 104
Trd, 8639076.082, 87
Trd, 8639077.732, 110
Trd, 8639080.982, 101
Trd, 8639081.132, 100
Trd, 8639081.632, 101
Trd, 8639082.082, 101
Trd, 8639084.182, 112
Trd, 8639087.732, 100
Trd, 8639087.982, 98
Trd, 8639088.332, 103
Trd, 8639090.732, 102
Trd, 8639092.232, 101
Trd, 8639092.332, 101
Trd, 8639093.332, 113
Trd, 8639095.632, 106
Trd, 8639096.932, 107
Trd, 8639097.732, 104
Trd, 8639099.532, 104
Trd, 8639101.832, 99
Trd, 8639102.132, 100
Trd, 8639102.882, 97
Trd, 8639103.382, 77
Trd, 8639104.782, 98
Trd, 8639105.232, 96
Trd, 8639105.932, 96
Trd, 8639106.132, 96
Trd, 8639109.782, 97
Trd, 8639109.882, 98
Trd, 8639110.582, 95
Trd, 8639111.032, 86
Trd, 8639112.232, 104
Trd, 8639113.132, 117
Trd, 8639115.132, 115
Trd, 8639118.232, 113
Trd, 8639118.532, 119
Trd, 8639120.582, 111
Trd, 8639121.932, 110
Trd, 8639122.182, 110
Trd, 8639123.032, 105
Trd, 8639124.482, 104
Trd, 8639125.482, 92
Trd, 8639125.582, 104
Trd, 8639126.832, 109
Trd, 8639129.282, 103
Trd, 8639130.882, 102
Trd, 8639131.832, 97
Trd, 8639133.732, 101
Trd, 8639135.382, 99
Trd, 8639136.632, 98
Trd, 8639136.882, 101
Trd, 8639137.532, 97
Trd, 8639140.532, 97
Trd, 8639141.332, 96
Trd, 8639141.732, 96
Trd, 8639142.432, 124
Trd, 8639142.932, 124
Trd, 8639143.232, 94
Trd, 8639146.432, 105
Trd, 8639148.382, 101
Trd, 8639149.532, 100
Trd, 8639149.932, 96
Trd, 8639151.232, 97
Trd, 8639152.182, 97
Trd, 8639152.532, 103
Trd, 8639155.232, 95
Trd, 8639155.582, 95
Trd, 8639155.932, 86
Trd, 8639157.632, 95
Trd, 8639158.182, 95
Trd, 8639159.882, 112
Trd, 8639160.082, 90
Trd, 8639163.682, 100
Trd, 8639164.532, 96
Trd, 8639164.982, 97
Trd, 8639168.032, 101
Trd, 8639168.382, 106
Trd, 8639169.632, 106
Trd, 8639170.632, 114
Trd, 8639173.532, 95
Trd, 8639173.932, 107
Trd, 8639176.832, 96
Trd, 8639179.082, 100
Trd, 8639179.582, 99
Trd, 8639179.932, 99
Trd, 8639180.732, 86
Trd, 8639181.832, 102
Trd, 8639184.932, 112
Trd, 8639186.482, 105
Trd, 8639187.332, 104
Trd, 8639187.482, 104
Trd, 8639189.232, 101
Trd, 8639189.982, 103
Trd, 8639191.282, 102
Trd, 8639193.332, 100
Trd, 8639193.982, 99
Trd, 8639194.882, 97
Trd, 8639195.232, 113
Trd, 8639197.332, 108
Trd, 8639197.632, 108
Trd, 8639199.282, 105
Trd, 8639200.382, 104
Trd, 8639201.382, 104
Trd, 8639201.632, 119
Trd, 8639204.132, 117
Trd, 8639204.382, 111
Trd, 8639206.532, 108
Trd, 8639207.332, 106
Trd, 8639207.632, 105
Trd, 8639208.282, 105
Trd, 8639210.782, 101
Trd, 8639212.682, 102
Trd, 8639213.332, 116
Trd, 8639213.532, 101
Trd, 8639217.882, 105
Trd, 8639218.432, 100
Trd, 8639219.782, 107
Trd, 8639221.032, 112
Trd, 8639221.282, 101
Trd, 8639221.682, 111
Trd, 8639225.132, 105
Trd, 8639225.282, 105
Trd, 8639226.582, 105
Trd, 8639228.932, 106
Trd, 8639230.382, 104
Trd, 8639230.982, 102
Trd, 8639232.182, 100
Trd, 8639233.132, 99
Trd, 8639234.032, 97
Trd, 8639234.832, 96
Trd, 8639234.932, 104
Trd, 8639237.382, 94
Trd, 8639238.532, 102
Trd, 8639240.782, 96
Trd, 8639240.982, 96
Trd, 8639241.432, 97
Trd, 8639243.032, 114
Trd, 8639244.482, 116
Trd, 8639244.582, 113
Trd, 8639247.282, 102
Trd, 8639247.382, 106
Trd, 8639247.882, 107
Trd, 8639248.732, 103
Trd, 8639249.132, 104
Trd, 8639251.832, 112
Trd, 8639253.132, 97
Trd, 8639254.832, 106
Trd, 8639255.382, 101
Trd, 8639255.982, 101
Trd, 8639257.482, 106
Trd, 8639257.982, 114
Trd, 8639262.882, 102
Trd, 8639262.932, 103
Trd, 8639263.682, 104
Trd, 8639263.932, 103
Trd, 8639266.582, 105
Trd, 8639268.682, 102
Trd, 8639269.882, 101
Trd, 8639271.432, 99
Trd, 8639274.132, 104
Trd, 8639274.182, 109
Trd, 8639274.982, 111
Trd, 8639276.532, 111
Trd, 8639277.332, 108
Trd, 8639277.832, 107
Trd, 8639279.182, 106
Trd, 8639280.482, 111
Trd, 8639282.182, 109
Trd, 8639282.482, 112
Trd, 8639284.832, 105
Trd, 8639284.882, 109
Trd, 8639286.982, 107
Trd, 8639287.582, 106
Trd, 8639288.432, 85
Trd, 8639290.832, 103
Trd, 8639292.282, 98
Trd, 8639293.432, 99
Trd, 8639293.632, 104
Trd, 8639294.182, 86
Trd, 8639295.932, 115
Trd, 8639296.932, 118
Trd, 8639298.232, 117
Trd, 8639298.732, 113
Trd, 8639301.032, 97
Trd, 8639302.482, 139
Trd, 8639305.582, 121
Trd, 8639307.482, 113
Trd, 8639307.582, 112
Trd, 8639308.132, 114
Trd, 8639310.632, 101
Trd, 8639310.782, 102
Trd, 8639314.032, 91
Trd, 8639314.332, 95
Trd, 8639314.832, 90
Trd, 8639315.432, 94
Trd, 8639318.382, 101
Trd, 8639319.532, 100
Trd, 8639320.732, 101
Trd, 8639322.932, 106
Trd, 8639323.732, 105
Trd, 8639324.582, 90
Trd, 8639326.982, 93
Trd, 8639327.632, 93
Trd, 8639329.132, 91
Trd, 8639329.882, 92
Trd, 8639330.432, 102
Trd, 8639331.432, 104
Trd, 8639333.932, 106
Trd, 8639334.932, 93
Trd, 8639336.232, 105
Trd, 8639336.432, 95
Trd, 8639337.632, 104
Trd, 8639339.682, 100
Trd, 8639342.482, 101
Trd, 8639342.932, 103
Trd, 8639343.332, 104
Trd, 8639343.732, 95
Trd, 8639346.232, 109
Trd, 8639348.232, 109
Trd, 8639349.182, 105
Trd, 8639349.682, 109
Trd, 8639351.082, 108
Trd, 8639352.632, 104
Trd, 8639353.532, 106
Trd, 8639353.582, 109
Trd, 8639356.282, 106
Trd, 8639357.682, 100
Trd, 8639358.932, 102
Trd, 8639360.682, 103
Trd, 8639360.982, 101
Trd, 8639361.332, 103
Trd, 8639362.532, 100
Trd, 8639363.982, 102
Trd, 8639365.682, 101
Trd, 8639367.182, 101
Trd, 8639368.282, 100
Trd, 8639368.832, 99
Trd, 8639368.882, 95
Trd, 8639370.282, 113
Trd, 8639373.532, 96
Trd, 8639375.282, 109
Trd, 8639377.082, 99
Trd, 8639377.182, 100
Trd, 8639377.632, 101
Trd, 8639379.282, 100
Trd, 8639381.032, 98
Trd, 8639381.332, 94
Trd, 8639382.282, 113
Trd, 8639384.732, 138
Trd, 8639386.082, 131
Trd, 8639387.932, 122
Trd, 8639388.082, 124
Trd, 8639390.532, 114
Trd, 8639390.982, 112
Trd, 8639394.632, 100
Trd, 8639395.082, 100
Trd, 8639395.382, 99
Trd, 8639395.532, 101
Trd, 8639396.982, 104
Trd, 8639400.582, 131
Trd, 8639401.282, 122
Trd, 8639401.532, 140
Trd, 8639403.832, 113
Trd, 8639406.432, 99
Trd, 8639406.932, 100
Trd, 8639407.382, 102
Trd, 8639408.232, 100
Trd, 8639410.082, 98
Trd, 8639411.082, 99
Trd, 8639411.582, 99
Trd, 8639411.732, 100
Trd, 8639414.532, 100
Trd, 8639415.432, 100
Trd, 8639415.982, 104
Trd, 8639419.232, 105
Trd, 8639419.532, 104
Trd, 8639420.432, 104
Trd, 8639420.832, 103
Trd, 8639422.332, 111
Trd, 8639424.132, 106
Trd, 8639424.882, 105
Trd, 8639425.632, 105
Trd, 8639426.532, 104
Trd, 8639426.832, 107
Trd, 8639429.932, 97
Trd, 8639430.432, 99
Trd, 8639431.132, 97
Trd, 8639432.882, 96
Trd, 8639433.732, 97
Trd, 8639433.832, 93
Trd, 8639434.932, 111
Trd, 8639438.032, 100
Trd, 8639439.182, 101
Trd, 8639439.232, 103
Trd, 8639440.532, 104
Trd, 8639441.132, 103
Trd, 8639441.532, 104
Trd, 8639441.632, 95
Trd, 8639444.032, 108
Trd, 8639447.482, 100
Trd, 8639448.382, 99
Trd, 8639451.182, 97
Trd, 8639452.482, 103
Trd, 8639452.932, 104
Trd, 8639453.032, 101
Trd, 8639455.582, 105
Trd, 8639455.882, 104
Trd, 8639456.682, 103
Trd, 8639457.532, 101
Trd, 8639458.282, 96
Trd, 8639460.182, 95
Trd, 8639462.982, 90
Trd, 8639463.082, 91
Trd, 8639464.382, 86
Trd, 8639465.282, 94
Trd, 8639466.732, 93
Trd, 8639467.132, 94
Trd, 8639468.182, 90
Trd, 8639469.032, 92
Trd, 8639471.982, 95
Trd, 8639472.082, 96
Trd, 8639472.332, 96
Trd, 8639475.182, 113
Trd, 8639477.682, 104
Trd, 8639477.782, 105
Trd, 8639479.582, 104
Trd, 8639480.182, 104
Trd, 8639480.632, 96
Trd, 8639483.582, 96
Trd, 8639484.032, 95
Trd, 8639484.082, 97
Trd, 8639484.382, 95
Trd, 8639485.182, 123
Trd, 8639486.732, 87
Trd, 8639489.532, 139
Trd, 8639491.182, 131
Trd, 8639492.832, 113
Trd, 8639494.382, 106
Trd, 8639494.632, 105
Trd, 8639494.832, 104
Trd, 8639496.832, 102
Trd, 8639498.582, 112
Trd, 8639499.432, 110
Trd, 8639499.482, 93
Trd, 8639501.082, 105
Trd, 8639501.482, 105
Trd, 8639503.282, 101
Trd, 8639503.532, 100
Trd, 8639504.382, 100
Trd, 8639507.482, 98
Trd, 8639507.982, 98
Trd, 8639508.482, 96
Trd, 8639509.182, 96
Trd, 8639511.432, 95
Trd, 8639512.082, 90
Trd, 8639513.582, 95
Trd, 8639513.782, 103
Trd, 8639516.732, 99
Trd, 8639518.282, 99
Trd, 8639521.132, 102
Trd, 8639521.482, 102
Trd, 8639521.782, 104
Trd, 8639524.332, 98
Trd, 8639524.782, 95
Trd, 8639528.332, 92
Trd, 8639528.732, 90
Trd, 8639529.182, 95
Trd, 8639531.082, 102
Trd, 8639531.732, 103
Trd, 8639535.432, 108
Trd, 8639536.082, 95
Trd, 8639537.732, 103
Trd, 8639538.632, 99
Trd, 8639539.082, 100
Trd, 8639539.332, 99
Trd, 8639542.082, 98
Trd, 8639542.982, 111
Trd, 8639543.982, 112
Trd, 8639545.482, 109
Trd, 8639547.182, 102
Trd, 8639547.632, 104
Trd, 8639548.132, 104
Trd, 8639548.782, 113
Trd, 8639548.932, 97
Trd, 8639549.282, 113
Trd, 8639554.182, 98
Trd, 8639554.882, 95
Trd, 8639554.982, 98
Trd, 8639557.082, 92
Trd, 8639558.782, 86
Trd, 8639558.882, 89
Trd, 8639560.332, 95
Trd, 8639560.932, 104
Trd, 8639561.532, 92
Trd, 8639564.682, 102
Trd, 8639564.982, 101
Trd, 8639565.032, 105
Trd, 8639565.632, 102
Trd, 8639567.532, 102
Trd, 8639569.682, 102
Trd, 8639570.032, 102
Trd, 8639570.632, 102
Trd, 8639571.732, 113
Trd, 8639571.982, 140
Trd, 8639574.632, 114
Trd, 8639574.932, 100
Trd, 8639578.082, 106
Trd, 8639579.382, 113
Trd, 8639582.232, 104
Trd, 8639582.632, 106
Trd, 8639583.432, 105
Trd, 8639584.132, 104
Trd, 8639584.382, 105
Trd, 8639587.632, 106
Trd, 8639589.282, 99
Trd, 8639590.282, 98
Trd, 8639591.282, 98
Trd, 8639592.182, 99
Trd, 8639592.982, 95
Trd, 8639594.882, 103
Trd, 8639595.382, 103
Trd, 8639595.782, 88
Trd, 8639598.632, 99
Trd, 8639600.032, 100
Trd, 8639600.532, 98
Trd, 8639602.482, 98
Trd, 8639602.632, 93
Trd, 8639605.132, 95
Trd, 8639605.532, 95
Trd, 8639605.832, 96
Trd, 8639607.082, 99
Trd, 8639607.282, 91
Trd, 8639609.132, 102
Trd, 8639610.282, 116
Trd, 8639611.582, 100
Trd, 8639613.482, 114
Trd, 8639614.232, 113
Trd, 8639614.382, 114
Trd, 8639615.132, 104
Trd, 8639618.632, 98
Trd, 8639618.832, 110
Trd, 8639620.732, 104
Trd, 8639621.132, 104
Trd, 8639621.282, 105
Trd, 8639625.882, 104
Trd, 8639626.982, 101
Trd, 8639627.832, 110
Trd, 8639630.282, 109
Trd, 8639630.732, 108
Trd, 8639630.982, 109
Trd, 8639632.932, 106
Trd, 8639633.782, 106
Trd, 8639634.082, 105
Trd, 8639634.982, 107
Trd, 8639635.682, 108
Trd, 8639637.932, 109
Trd, 8639641.332, 100
Trd, 8639642.032, 101
Trd, 8639643.482, 100
Trd, 8639643.632, 100
Trd, 8639644.582, 100
Trd, 8639645.282, 97
Trd, 8639647.482, 111
Trd, 8639648.932, 108
Trd, 8639649.632, 104
Trd, 8639650.332, 105
Trd, 8639650.682, 97
Trd, 8639653.382, 100
Trd, 8639654.282, 99
Trd, 8639654.932, 100
Trd, 8639655.182, 96
Trd, 8639657.382, 108
Trd, 8639661.482, 98
Trd, 8639662.182, 105
Trd, 8639663.082, 100
Trd, 8639663.282, 100
Trd, 8639663.432, 102
Trd, 8639665.682, 99
Trd, 8639665.932, 101
Trd, 8639666.882, 98
Trd, 8639668.282, 100
Trd, 8639669.232, 100
Trd, 8639669.882, 95
Trd, 8639671.482, 108
Trd, 8639674.282, 99
Trd, 8639674.932, 98
Trd, 8639674.982, 99
Trd, 8639677.982, 106
Trd, 8639678.982, 106
Trd, 8639681.232, 103
Trd, 8639681.632, 102
Trd, 8639682.332, 102
Trd, 8639683.482, 97
Trd, 8639684.182, 96
Trd, 8639685.182, 97
Trd, 8639686.332, 102
Trd, 8639688.182, 100
Trd, 8639688.632, 104
Trd, 8639690.532, 109
Trd, 8639692.282, 109
Trd, 8639692.582, 111
Trd, 8639693.332, 108
Trd, 8639693.732, 104
Trd, 8639695.132, 111
Trd, 8639695.332, 112
Trd, 8639698.282, 107
Trd, 8639698.432, 105
Trd, 8639699.532, 105
Trd, 8639700.032, 104
Trd, 8639701.582, 104
Trd, 8639703.032, 102
Trd, 8639703.782, 102
Trd, 8639704.482, 101
Trd, 8639708.432, 101
Trd, 8639710.132, 101
Trd, 8639710.532, 101
Trd, 8639710.632, 101
Trd, 8639710.832, 100
Trd, 8639711.732, 104
Trd, 8639712.582, 93
Trd, 8639714.182, 108
Trd, 8639717.182, 94
Trd, 8639717.732, 98
Trd, 8639718.532, 98
Trd, 8639720.232, 102
Trd, 8639721.782, 100
Trd, 8639722.732, 95
Trd, 8639725.282, 97
Trd, 8639725.882, 98
Trd, 8639728.032, 103
Trd, 8639728.232, 102
Trd, 8639728.382, 103
Trd, 8639729.382, 101
Trd, 8639731.782, 100
Trd, 8639732.432, 101
Trd, 8639733.032, 99
Trd, 8639733.432, 100
Trd, 8639734.682, 104
Trd, 8639735.432, 113
Trd, 8639736.882, 86
Trd, 8639739.632, 101
Trd, 8639739.882, 103
Trd, 8639740.132, 102
Trd, 8639741.432, 102
Trd, 8639742.432, 101
Trd, 8639743.382, 101
Trd, 8639745.082, 101
Trd, 8639745.832, 103
Trd, 8639745.932, 102
Trd, 8639748.332, 110
Trd, 8639748.532, 111
Trd, 8639752.832, 105
Trd, 8639753.082, 105
Trd, 8639753.732, 104
Trd, 8639754.182, 113
Trd, 8639755.232, 118
Trd, 8639756.982, 113
Trd, 8639758.132, 106
Trd, 8639758.532, 105
Trd, 8639759.732, 105
Trd, 8639760.832, 105
Trd, 8639763.282, 100
Trd, 8639764.182, 96
Trd, 8639764.582, 103
Trd, 8639764.732, 77
Trd, 8639766.632, 101
Trd, 8639768.182, 114
Trd, 8639768.932, 113
Trd, 8639769.732, 113
Trd, 8639773.432, 105
Trd, 8639773.632, 104
Trd, 8639774.982, 99
Trd, 8639775.132, 99
Trd, 8639775.282, 98
Trd, 8639775.932, 99
Trd, 8639776.582, 94
Trd, 8639780.332, 105
Trd, 8639780.832, 104
Trd, 8639781.382, 104
Trd, 8639781.482, 86
Trd, 8639781.582, 105
Trd, 8639783.182, 104
Trd, 8639786.732, 97
Trd, 8639787.082, 96
Trd, 8639787.432, 97
Trd, 8639789.282, 95
Trd, 8639789.332, 111
Trd, 8639791.532, 110
Trd, 8639793.332, 106
Trd, 8639794.232, 95
Trd, 8639797.182, 98
Trd, 8639797.432, 97
Trd, 8639798.182, 97
Trd, 8639798.282, 97
Trd, 8639798.432, 99
Trd, 8639799.832, 86
Trd, 8639801.232, 97
Trd, 8639801.632, 94
Trd, 8639803.832, 90
Trd, 8639804.182, 95
Trd, 8639805.182, 98
Trd, 8639805.482, 113
Trd, 8639808.132, 95
Trd, 8639808.382, 106
Trd, 8639810.382, 100
Trd, 8639810.882, 101
Trd, 8639812.182, 117
Trd, 8639813.232, 113
Trd, 8639813.632, 112
Trd, 8639813.682, 104
Trd, 8639815.482, 109
Trd, 8639818.082, 99
Trd, 8639818.832, 101
Trd, 8639819.232, 101
Trd, 8639819.632, 101
Trd, 8639820.782, 101
Trd, 8639821.432, 104
Trd, 8639824.932, 99
Trd, 8639825.732, 101
Trd, 8639826.382, 101
Trd, 8639827.282, 98
Trd, 8639828.582, 96
Trd, 8639828.732, 95
Trd, 8639829.432, 94
Trd, 8639830.182, 89
Trd, 8639831.132, 95
Trd, 8639831.532, 96
Trd, 8639833.132, 94
Trd, 8639833.382, 95
Trd, 8639834.932, 103
Trd, 8639836.432, 97
Trd, 8639837.832, 98
Trd, 8639838.332, 104
Trd, 8639840.732, 112
Trd, 8639841.332, 104
Trd, 8639843.032, 106
Trd, 8639846.032, 99
Trd, 8639846.332, 98
Trd, 8639847.132, 96
Trd, 8639847.782, 97
Trd, 8639849.132, 99
Trd, 8639849.632, 93
Trd, 8639850.482, 85
Trd, 8639850.882, 98
Trd, 8639853.032, 94
Trd, 8639856.982, 102
Trd, 8639857.232, 102
Trd, 8639857.382, 103
Trd, 8639858.232, 101
Trd, 8639859.282, 101
Trd, 8639859.932, 95
Trd, 8639860.882, 104
Trd, 8639861.082, 87
Trd, 8639861.632, 114
Trd, 8639863.632, 113
Trd, 8639865.282, 106
Trd, 8639865.782, 105
Trd, 8639867.232, 102
Trd, 8639867.682, 98
Trd, 8639870.482, 112
Trd, 8639872.132, 101
Trd, 8639874.732, 94
Trd, 8639875.082, 93
Trd, 8639875.382, 88
Trd, 8639876.032, 95
Trd, 8639877.782, 92
Trd, 8639878.132, 93
Trd, 8639878.932, 95
Trd, 8639879.032, 104
Trd, 8639883.832, 100
Trd, 8639884.182, 111
Trd, 8639884.482, 113
Trd, 8639885.332, 135
Trd, 8639889.882, 105
Trd, 8639890.132, 104
Trd, 8639890.332, 107
Trd, 8639891.532, 104
Trd, 8639891.632, 99
Trd, 8639892.582, 103
Trd, 8639894.682, 98
Trd, 8639896.282, 98
Trd, 8639898.082, 95
Trd, 8639898.532, 113
Trd, 8639899.582, 90
Trd, 8639901.882, 112
Trd, 8639903.832, 104
Trd, 8639904.732, 98
Trd, 8639904.782, 97
Trd, 8639907.432, 107
Trd, 8639908.282, 103
Trd, 8639909.132, 102
Trd, 8639910.832, 112
Trd, 8639913.482, 108
Trd, 8639913.632, 108
Trd, 8639914.832, 107
Trd, 8639914.982, 109
Trd, 8639916.482, 112
Trd, 8639917.582, 108
Trd, 8639918.132, 108
Trd, 8639918.882, 104
Trd, 8639920.232, 113
Trd, 8639922.482, 123
Trd, 8639923.782, 104
Trd, 8639925.482, 104
Trd, 8639925.682, 104
Trd, 8639925.882, 104
Trd, 8639926.132, 105
Trd, 8639927.532, 106
Trd, 8639928.632, 108
Trd, 8639928.982, 95
Trd, 8639931.532, 100
Trd, 8639932.532, 97
Trd, 8639933.282, 96
Trd, 8639933.332, 97
Trd, 8639933.582, 104
Trd, 8639934.082, 95
Trd, 8639938.732, 96
Trd, 8639940.632, 99
Trd, 8639941.532, 97
Trd, 8639941.932, 96
Trd, 8639942.982, 94
Trd, 8639943.382, 93
Trd, 8639943.432, 95
Trd, 8639944.482, 95
Trd, 8639945.082, 89
Trd, 8639949.182, 93
Trd, 8639949.832, 93
Trd, 8639949.932, 93
Trd, 8639950.282, 89
Trd, 8639950.782, 95
Trd, 8639951.082, 104
Trd, 8639953.932, 113
Trd, 8639954.232, 114
Trd, 8639955.082, 96
Trd, 8639957.632, 98
Trd, 8639958.182, 102
Trd, 8639958.982, 103
Trd, 8639959.882, 104
Trd, 8639960.132, 119
Trd, 8639963.232, 95
Trd, 8639965.582, 108
Trd, 8639966.132, 106
Trd, 8639968.032, 105
Trd, 8639969.882, 110
Trd, 8639970.232, 111
Trd, 8639971.032, 112
Trd, 8639973.182, 110
Trd, 8639974.082, 108
Trd, 8639974.232, 98
Trd, 8639976.682, 104
Trd, 8639977.982, 105
Trd, 8639978.532, 105
Trd, 8639978.932, 104
Trd, 8639979.032, 112
Trd, 8639981.082, 86
Trd, 8639982.082, 95
Trd, 8639982.382, 111
Trd, 8639983.532, 108
Trd, 8639988.232, 94
Trd, 8639989.082, 98
Trd, 8639989.282, 98
Trd, 8639989.732, 98
Trd, 8639990.982, 111
Trd, 8639992.832, 106
Trd, 8639995.032, 102
Trd, 8639995.182, 103
Trd, 8639995.732, 102
Trd, 8639995.782, 103
Trd, 8639996.232, 114
