Trd, 8637950.732, 102
Trd, 8637952.032, 114
Trd, 8637952.482, 103
Trd, 8637953.582, 97
Trd, 8637953.832, 123
Trd, 8637954.882, 122
Trd, 8637955.982, 113
Trd, 8637957.132, 115
Trd, 8637957.982, 127
Trd, 8637959.582, 117
Trd, 8637959.882, 124
Trd, 8637960.032, 95
Trd, 8637962.482, 121
Trd, 8637963.532, 100
Trd, 8637964.832, 87
Trd, 8637965.632, 121
Trd, 8637967.082, 113
Trd, 8637967.782, 120
Trd, 8637969.832, 92
Trd, 8637970.082, 116
Trd, 8637971.432, 92
Trd, 8637972.282, 123
Trd, 8637972.332, 92
Trd, 8637973.082, 86
Trd, 8637974.082, 122
Trd, 8637976.882, 117
Trd, 8637978.032, 83
Trd, 8637978.882, 85
Trd, 8637979.432, 87
Trd, 8637981.232, 112
Trd, 8637983.682, 120
Trd, 8637984.232, 104
Trd, 8637984.532, 80
Trd, 8637985.782, 92
Trd, 8637987.632, 108
Trd, 8637987.982, 110
Trd, 8637989.032, 124
Trd, 8637989.782, 83
Trd, 8637990.732, 85
Trd, 8637991.932, 118
Trd, 8637992.982, 104
Trd, 8637993.132, 83
Trd, 8637994.482, 118
Trd, 8637995.882, 120
Trd, 8637997.082, 92
Trd, 8637998.832, 116
Trd, 8638000.932, 92
Trd, 8638002.182, 118
Trd, 8638004.032, 113
Trd, 8638004.132, 117
Trd, 8638005.732, 104
Trd, 8638005.882, 114
Trd, 8638007.682, 122
Trd, 8638009.132, 113
Trd, 8638009.782, 131
Trd, 8638010.582, 105
Trd, 8638011.382, 95
Trd, 8638012.982, 104
Trd, 8638013.132, 87
Trd, 8638013.232, 120
Trd, 8638014.332, 124
Trd, 8638015.532, 86
Trd, 8638016.632, 122
Trd, 8638017.932, 118
Trd, 8638017.982, 78
Trd, 8638021.082, 94
Trd, 8638021.432, 117
Trd, 8638024.532, 107
Trd, 8638024.882, 114
Trd, 8638025.432, 102
Trd, 8638026.732, 122
Trd, 8638027.132, 98
Trd, 8638028.482, 97
Trd, 8638028.532, 126
Trd, 8638030.182, 87
Trd, 8638031.082, 86
Trd, 8638032.132, 114
Trd, 8638034.632, 79
Trd, 8638035.082, 99
Trd, 8638035.132, 77
Trd, 8638035.732, 104
Trd, 8638038.932, 88
Trd, 8638040.982, 113
Trd, 8638041.582, 114
Trd, 8638041.782, 113
Trd, 8638042.182, 92
Trd, 8638042.732, 115
Trd, 8638044.382, 93
Trd, 8638045.232, 113
Trd, 8638046.232, 115
Trd, 8638046.932, 96
Trd, 8638047.382, 78
Trd, 8638048.782, 82
Trd, 8638049.132, 121
Trd, 8638051.432, 108
Trd, 8638052.032, 99
Trd, 8638052.282, 98
Trd, 8638054.182, 116
Trd, 8638055.382, 95
Trd, 8638055.432, 118
Trd, 8638056.032, 87
Trd, 8638058.032, 86
Trd, 8638060.582, 108
Trd, 8638061.032, 114
Trd, 8638061.382, 96
Trd, 8638061.832, 95
Trd, 8638062.682, 122
Trd, 8638063.682, 122
Trd, 8638066.232, 94
Trd, 8638066.432, 95
Trd, 8638067.132, 93
Trd, 8638067.432, 98
Trd, 8638067.832, 104
Trd, 8638069.232, 89
Trd, 8638072.532, 109
Trd, 8638073.232, 108
Trd, 8638073.882, 108
Trd, 8638074.082, 100
Trd, 8638075.532, 99
Trd, 8638076.282, 95
Trd, 8638076.932, 114
Trd, 8638078.232, 63
Trd, 8638079.182, 110
Trd, 8638081.582, 81
Trd, 8638083.832, 84
Trd, 8638084.932, 87
Trd, 8638087.482, 96
Trd, 8638088.182, 97
Trd, 8638091.332, 92
Trd, 8638092.632, 89
Trd, 8638092.682, 87
Trd, 8638092.882, 104
Trd, 8638093.082, 105
Trd, 8638093.482, 116
Trd, 8638093.582, 86
Trd, 8638094.082, 131
Trd, 8638098.482, 107
Trd, 8638099.082, 108
Trd, 8638099.432, 114
Trd, 8638100.632, 120
Trd, 8638100.932, 108
Trd, 8638101.082, 104
Trd, 8638104.182, 119
Trd, 8638104.882, 115
Trd, 8638106.082, 95
Trd, 8638106.132, 125
Trd, 8638106.232, 77
Trd, 8638108.382, 116
Trd, 8638110.432, 83
Trd, 8638111.282, 83
Trd, 8638112.382, 111
Trd, 8638112.832, 97
Trd, 8638115.132, 116
Trd, 8638116.232, 93
Trd, 8638117.182, 93
Trd, 8638118.482, 95
Trd, 8638118.882, 96
Trd, 8638121.382, 105
Trd, 8638121.532, 109
Trd, 8638122.032, 113
Trd, 8638124.832, 118
Trd, 8638126.132, 122
Trd, 8638126.382, 121
Trd, 8638126.732, 97
Trd, 8638126.782, 95
Trd, 8638131.232, 78
Trd, 8638132.032, 80
Trd, 8638132.232, 86
Trd, 8638132.532, 120
Trd, 8638133.932, 75
Trd, 8638135.132, 77
Trd, 8638136.432, 105
Trd, 8638136.732, 106
Trd, 8638137.482, 118
Trd, 8638139.882, 121
Trd, 8638140.582, 130
Trd, 8638140.932, 106
Trd, 8638141.182, 95
Trd, 8638141.382, 89
Trd, 8638143.982, 86
Trd, 8638145.732, 115
Trd, 8638146.382, 117
Trd, 8638148.732, 87
Trd, 8638150.032, 122
Trd, 8638150.832, 106
Trd, 8638152.532, 105
Trd, 8638153.782, 120
Trd, 8638153.832, 104
Trd, 8638156.232, 98
Trd, 8638157.782, 122
Trd, 8638158.882, 121
Trd, 8638159.332, 97
Trd, 8638159.532, 95
Trd, 8638160.782, 102
Trd, 8638162.932, 118
Trd, 8638164.782, 122
Trd, 8638165.132, 129
Trd, 8638165.532, 113
Trd, 8638165.882, 104
Trd, 8638168.332, 118
Trd, 8638168.832, 82
Trd, 8638168.882, 115
Trd, 8638169.332, 83
Trd, 8638171.582, 129
Trd, 8638173.182, 119
Trd, 8638173.732, 125
Trd, 8638174.432, 86
Trd, 8638176.232, 82
Trd, 8638178.182, 110
Trd, 8638179.332, 107
Trd, 8638180.032, 97
Trd, 8638181.232, 115
Trd, 8638181.532, 95
Trd, 8638184.132, 120
Trd, 8638184.282, 97
Trd, 8638184.982, 113
Trd, 8638186.382, 93
Trd, 8638188.632, 105
Trd, 8638189.132, 100
Trd, 8638189.582, 119
Trd, 8638192.332, 77
Trd, 8638192.682, 88
Trd, 8638194.382, 78
Trd, 8638195.282, 86
Trd, 8638196.682, 104
Trd, 8638198.432, 92
Trd, 8638198.932, 120
Trd, 8638198.982, 93
Trd, 8638199.732, 118
Trd, 8638201.082, 116
Trd, 8638201.382, 93
Trd, 8638203.282, 90
Trd, 8638205.332, 92
Trd, 8638205.532, 91
Trd, 8638206.932, 102
Trd, 8638209.282, 88
Trd, 8638209.332, 107
Trd, 8638209.582, 81
Trd, 8638209.782, 107
Trd, 8638213.082, 110
Trd, 8638214.282, 90
Trd, 8638216.032, 114
Trd, 8638216.832, 96
Trd, 8638219.532, 98
Trd, 8638219.932, 106
Trd, 8638221.982, 102
Trd, 8638222.232, 104
Trd, 8638222.682, 104
Trd, 8638224.482, 117
Trd, 8638225.532, 114
Trd, 8638226.682, 128
Trd, 8638227.182, 129
Trd, 8638227.832, 105
Trd, 8638229.032, 97
Trd, 8638230.132, 119
Trd, 8638232.432, 83
Trd, 8638233.932, 101
Trd, 8638234.232, 84
Trd, 8638235.832, 104
Trd, 8638236.832, 90
Trd, 8638237.132, 112
Trd, 8638238.582, 94
Trd, 8638239.032, 87
Trd, 8638239.732, 88
Trd, 8638241.082, 111
Trd, 8638241.632, 97
Trd, 8638243.182, 93
Trd, 8638243.832, 122
Trd, 8638244.132, 96
Trd, 8638244.532, 122
Trd, 8638246.932, 122
Trd, 8638247.382, 85
Trd, 8638249.582, 113
Trd, 8638251.632, 122
Trd, 8638253.982, 91
Trd, 8638254.682, 101
Trd, 8638255.482, 92
Trd, 8638255.932, 102
Trd, 8638256.982, 88
Trd, 8638257.382, 104
Trd, 8638257.732, 123
Trd, 8638259.682, 122
Trd, 8638260.282, 104
Trd, 8638261.082, 123
Trd, 8638263.532, 99
Trd, 8638264.082, 124
Trd, 8638264.132, 87
Trd, 8638265.132, 90
Trd, 8638267.032, 88
Trd, 8638267.082, 103
Trd, 8638268.232, 120
Trd, 8638270.432, 89
Trd, 8638270.782, 118
Trd, 8638271.232, 118
Trd, 8638271.282, 90
Trd, 8638273.982, 113
Trd, 8638274.032, 90
Trd, 8638275.782, 77
Trd, 8638278.132, 116
Trd, 8638278.932, 77
Trd, 8638280.032, 112
Trd, 8638280.132, 81
Trd, 8638280.832, 123
Trd, 8638280.982, 108
Trd, 8638282.032, 82
Trd, 8638282.082, 102
Trd, 8638284.632, 87
Trd, 8638285.382, 90
Trd, 8638286.832, 92
Trd, 8638287.332, 115
Trd, 8638289.682, 111
Trd, 8638292.532, 96
Trd, 8638292.982, 106
Trd, 8638294.432, 99
Trd, 8638294.782, 115
Trd, 8638294.982, 98
Trd, 8638295.782, 122
Trd, 8638298.932, 113
Trd, 8638300.482, 98
Trd, 8638300.932, 104
Trd, 8638301.432, 99
Trd, 8638301.782, 86
Trd, 8638301.832, 105
Trd, 8638302.332, 105
Trd, 8638304.732, 114
Trd, 8638305.532, 107
Trd, 8638305.832, 119
Trd, 8638306.382, 121
Trd, 8638307.582, 95
Trd, 8638308.132, 122
Trd, 8638309.682, 92
Trd, 8638309.882, 91
Trd, 8638310.432, 109
Trd, 8638313.832, 98
Trd, 8638314.582, 97
Trd, 8638316.032, 96
Trd, 8638317.282, 108
Trd, 8638317.782, 86
Trd, 8638318.182, 127
Trd, 8638318.782, 127
Trd, 8638319.882, 122
Trd, 8638320.182, 111
Trd, 8638321.382, 130
Trd, 8638323.882, 105
Trd, 8638323.982, 104
Trd, 8638324.132, 118
Trd, 8638326.332, 115
Trd, 8638327.332, 104
Trd, 8638327.832, 100
Trd, 8638330.182, 89
Trd, 8638330.282, 88
Trd, 8638330.382, 86
Trd, 8638330.432, 113
Trd, 8638330.882, 114
Trd, 8638332.732, 113
Trd, 8638334.132, 109
Trd, 8638335.382, 98
Trd, 8638337.632, 106
Trd, 8638339.082, 104
Trd, 8638339.932, 110
Trd, 8638343.032, 101
Trd, 8638343.532, 86
Trd, 8638343.882, 114
Trd, 8638346.532, 91
Trd, 8638346.932, 86
Trd, 8638347.882, 81
Trd, 8638348.132, 116
Trd, 8638348.982, 123
Trd, 8638349.332, 84
Trd, 8638350.632, 85
Trd, 8638350.682, 105
Trd, 8638353.682, 112
Trd, 8638353.982, 124
Trd, 8638354.382, 120
Trd, 8638356.382, 79
Trd, 8638357.182, 80
Trd, 8638357.882, 102
Trd, 8638358.282, 104
Trd, 8638359.782, 83
Trd, 8638360.132, 119
Trd, 8638362.332, 112
Trd, 8638364.182, 93
Trd, 8638365.282, 106
Trd, 8638368.582, 111
Trd, 8638369.382, 116
Trd, 8638371.282, 107
Trd, 8638372.482, 104
Trd, 8638372.782, 113
Trd, 8638372.832, 114
Trd, 8638374.032, 95
Trd, 8638375.032, 119
Trd, 8638376.232, 86
Trd, 8638378.132, 110
Trd, 8638379.982, 110
Trd, 8638380.932, 118
Trd, 8638381.182, 110
Trd, 8638381.732, 104
Trd, 8638382.832, 100
Trd, 8638384.832, 100
Trd, 8638385.482, 97
Trd, 8638385.732, 95
Trd, 8638385.882, 111
Trd, 8638387.732, 115
Trd, 8638388.232, 82
Trd, 8638390.532, 113
Trd, 8638391.132, 97
Trd, 8638392.432, 113
Trd, 8638394.082, 111
Trd, 8638394.332, 122
Trd, 8638394.832, 83
Trd, 8638395.382, 130
Trd, 8638395.982, 87
Trd, 8638398.082, 116
Trd, 8638399.132, 115
Trd, 8638401.432, 114
Trd, 8638401.482, 92
Trd, 8638402.032, 93
Trd, 8638402.532, 92
Trd, 8638403.482, 110
Trd, 8638403.682, 125
Trd, 8638404.782, 118
Trd, 8638405.982, 89
Trd, 8638407.332, 99
Trd, 8638408.682, 104
Trd, 8638409.582, 93
Trd, 8638411.132, 86
Trd, 8638411.332, 111
Trd, 8638413.682, 117
Trd, 8638414.332, 92
Trd, 8638416.382, 121
Trd, 8638417.732, 121
Trd, 8638418.982, 99
Trd, 8638420.232, 112
Trd, 8638420.282, 96
Trd, 8638420.832, 95
Trd, 8638422.932, 108
Trd, 8638423.932, 95
Trd, 8638423.982, 114
Trd, 8638426.332, 96
Trd, 8638427.382, 95
Trd, 8638428.082, 101
Trd, 8638429.132, 104
Trd, 8638430.232, 91
Trd, 8638432.082, 111
Trd, 8638432.682, 88
Trd, 8638434.182, 100
Trd, 8638434.832, 113
Trd, 8638434.982, 122
Trd, 8638435.932, 94
Trd, 8638437.632, 121
Trd, 8638438.932, 114
Trd, 8638439.182, 81
Trd, 8638439.532, 81
Trd, 8638439.882, 78
Trd, 8638441.632, 120
Trd, 8638442.382, 114
Trd, 8638443.532, 113
Trd, 8638445.632, 114
Trd, 8638445.882, 96
Trd, 8638447.432, 114
Trd, 8638447.782, 115
Trd, 8638448.432, 95
Trd, 8638449.882, 119
Trd, 8638451.332, 87
Trd, 8638453.782, 87
Trd, 8638454.332, 112
Trd, 8638454.482, 86
Trd, 8638454.682, 79
Trd, 8638457.132, 111
Trd, 8638459.382, 94
Trd, 8638460.232, 95
Trd, 8638462.232, 104
Trd, 8638463.182, 111
Trd, 8638463.532, 104
Trd, 8638463.632, 112
Trd, 8638465.632, 98
Trd, 8638465.982, 91
Trd, 8638466.382, 113
Trd, 8638466.832, 92
Trd, 8638469.332, 122
Trd, 8638470.932, 99
Trd, 8638473.782, 104
Trd, 8638473.832, 113
Trd, 8638473.932, 115
Trd, 8638474.282, 103
Trd, 8638476.482, 95
Trd, 8638479.432, 94
Trd, 8638480.082, 92
Trd, 8638481.182, 95
Trd, 8638481.932, 116
Trd, 8638482.382, 94
Trd, 8638484.282, 117
Trd, 8638484.832, 87
Trd, 8638486.582, 97
Trd, 8638487.932, 98
Trd, 8638488.032, 104
Trd, 8638489.782, 87
Trd, 8638490.182, 114
Trd, 8638491.032, 122
Trd, 8638491.382, 95
Trd, 8638492.782, 122
Trd, 8638493.032, 113
Trd, 8638493.782, 116
Trd, 8638497.682, 122
Trd, 8638498.432, 96
Trd, 8638499.432, 109
Trd, 8638500.382, 118
Trd, 8638501.682, 99
Trd, 8638501.732, 98
Trd, 8638502.032, 110
Trd, 8638503.582, 110
Trd, 8638505.182, 89
Trd, 8638506.432, 103
Trd, 8638508.032, 108
Trd, 8638508.432, 112
Trd, 8638508.932, 94
Trd, 8638511.732, 106
Trd, 8638511.782, 86
Trd, 8638513.732, 82
Trd, 8638514.132, 86
Trd, 8638514.582, 94
Trd, 8638514.732, 85
Trd, 8638515.432, 116
Trd, 8638519.082, 115
Trd, 8638519.282, 96
Trd, 8638521.332, 89
Trd, 8638521.582, 87
Trd, 8638522.232, 110
Trd, 8638523.732, 96
Trd, 8638524.032, 88
Trd, 8638524.682, 103
Trd, 8638526.032, 78
Trd, 8638526.982, 117
Trd, 8638528.832, 81
Trd, 8638529.132, 117
Trd, 8638530.582, 115
Trd, 8638531.132, 101
Trd, 8638531.232, 84
Trd, 8638531.832, 83
Trd, 8638535.132, 122
Trd, 8638536.182, 113
Trd, 8638537.032, 114
Trd, 8638537.082, 115
Trd, 8638539.532, 118
Trd, 8638540.982, 104
Trd, 8638541.532, 105
Trd, 8638542.032, 114
Trd, 8638543.232, 99
Trd, 8638543.532, 120
Trd, 8638543.832, 95
Trd, 8638547.182, 110
Trd, 8638547.832, 111
Trd, 8638548.682, 122
Trd, 8638549.332, 94
Trd, 8638550.882, 87
Trd, 8638553.832, 110
Trd, 8638554.882, 97
Trd, 8638555.082, 95
Trd, 8638555.932, 83
Trd, 8638556.032, 64
Trd, 8638557.432, 114
Trd, 8638560.882, 109
Trd, 8638561.282, 89
Trd, 8638561.732, 94
Trd, 8638561.832, 89
Trd, 8638562.482, 110
Trd, 8638562.932, 77
Trd, 8638566.732, 113
Trd, 8638567.282, 68
Trd, 8638568.232, 121
Trd, 8638569.782, 84
Trd, 8638570.882, 86
Trd, 8638572.132, 85
Trd, 8638573.482, 113
Trd, 8638574.432, 90
Trd, 8638574.482, 87
Trd, 8638575.432, 77
Trd, 8638575.532, 65
Trd, 8638576.532, 113
Trd, 8638578.432, 109
Trd, 8638579.232, 68
Trd, 8638579.982, 117
Trd, 8638580.982, 83
Trd, 8638584.032, 79
Trd, 8638584.632, 100
Trd, 8638584.982, 104
Trd, 8638586.082, 111
Trd, 8638587.232, 116
Trd, 8638587.582, 88
Trd, 8638589.032, 118
Trd, 8638589.982, 92
Trd, 8638590.032, 119
Trd, 8638591.782, 118
Trd, 8638593.582, 93
Trd, 8638594.932, 98
Trd, 8638595.832, 98
Trd, 8638596.482, 102
Trd, 8638597.482, 97
Trd, 8638599.682, 101
Trd, 8638600.132, 110
Trd, 8638602.582, 104
Trd, 8638604.032, 90
Trd, 8638604.582, 101
Trd, 8638604.932, 89
Trd, 8638606.082, 123
Trd, 8638606.832, 112
Trd, 8638608.732, 96
Trd, 8638610.682, 123
Trd, 8638610.782, 98
Trd, 8638612.482, 116
Trd, 8638614.382, 122
Trd, 8638615.082, 131
Trd, 8638615.882, 131
Trd, 8638616.732, 105
Trd, 8638617.282, 104
Trd, 8638621.082, 130
Trd, 8638621.282, 113
Trd, 8638621.982, 122
Trd, 8638622.432, 123
Trd, 8638623.682, 121
Trd, 8638624.132, 95
Trd, 8638625.582, 117
Trd, 8638625.982, 90
Trd, 8638627.732, 92
Trd, 8638628.882, 118
Trd, 8638629.682, 117
Trd, 8638631.132, 119
Trd, 8638631.832, 95
Trd, 8638633.782, 98
Trd, 8638634.832, 122
Trd, 8638635.782, 104
Trd, 8638637.232, 95
Trd, 8638637.382, 120
Trd, 8638638.132, 86
Trd, 8638641.532, 81
Trd, 8638642.082, 85
Trd, 8638642.932, 102
Trd, 8638645.032, 102
Trd, 8638647.282, 95
Trd, 8638647.682, 115
Trd, 8638649.132, 122
Trd, 8638650.632, 113
Trd, 8638650.932, 114
Trd, 8638651.832, 120
Trd, 8638652.032, 104
Trd, 8638652.432, 128
Trd, 8638654.432, 101
Trd, 8638655.332, 127
Trd, 8638655.632, 128
Trd, 8638657.432, 87
Trd, 8638658.132, 122
Trd, 8638658.532, 104
Trd, 8638659.882, 90
Trd, 8638661.282, 114
Trd, 8638661.332, 87
Trd, 8638661.732, 96
Trd, 8638664.282, 101
Trd, 8638665.132, 117
Trd, 8638666.482, 101
Trd, 8638668.282, 118
Trd, 8638669.382, 119
Trd, 8638670.482, 116
Trd, 8638670.682, 113
Trd, 8638672.232, 112
Trd, 8638673.082, 114
Trd, 8638674.282, 92
Trd, 8638676.832, 111
Trd, 8638676.982, 117
Trd, 8638677.982, 93
Trd, 8638678.082, 124
Trd, 8638679.782, 111
Trd, 8638680.532, 122
Trd, 8638681.382, 113
Trd, 8638682.382, 113
Trd, 8638682.982, 88
Trd, 8638685.082, 92
Trd, 8638687.882, 110
Trd, 8638687.982, 112
Trd, 8638688.032, 104
Trd, 8638688.832, 113
Trd, 8638690.582, 100
Trd, 8638690.982, 98
Trd, 8638691.732, 122
Trd, 8638691.832, 114
Trd, 8638692.132, 95
Trd, 8638692.682, 123
Trd, 8638694.732, 88
Trd, 8638695.782, 99
Trd, 8638696.682, 113
Trd, 8638699.632, 113
Trd, 8638700.732, 104
Trd, 8638701.132, 115
Trd, 8638702.332, 89
Trd, 8638703.382, 112
Trd, 8638704.032, 122
Trd, 8638705.132, 114
Trd, 8638706.182, 93
Trd, 8638706.632, 77
Trd, 8638707.032, 117
Trd, 8638708.282, 104
Trd, 8638711.882, 116
Trd, 8638712.482, 113
Trd, 8638712.782, 95
Trd, 8638713.732, 87
Trd, 8638713.782, 117
Trd, 8638716.082, 117
Trd, 8638716.782, 100
Trd, 8638717.682, 80
Trd, 8638718.382, 114
Trd, 8638720.032, 86
Trd, 8638720.782, 94
Trd, 8638721.932, 88
Trd, 8638722.432, 104
Trd, 8638722.632, 113
Trd, 8638724.432, 96
Trd, 8638727.182, 95
Trd, 8638727.682, 102
Trd, 8638729.682, 111
Trd, 8638730.232, 96
Trd, 8638731.282, 95
Trd, 8638731.982, 116
Trd, 8638733.732, 88
Trd, 8638735.032, 105
Trd, 8638735.232, 119
Trd, 8638736.432, 128
Trd, 8638737.882, 104
Trd, 8638739.632, 122
Trd, 8638739.732, 95
Trd, 8638741.182, 116
Trd, 8638742.882, 97
Trd, 8638743.032, 122
Trd, 8638744.782, 113
Trd, 8638746.182, 100
Trd, 8638747.932, 113
Trd, 8638748.282, 97
Trd, 8638748.332, 95
Trd, 8638750.732, 76
Trd, 8638752.132, 79
Trd, 8638753.182, 81
Trd, 8638754.232, 103
Trd, 8638755.932, 104
Trd, 8638756.882, 84
Trd, 8638756.982, 82
Trd, 8638758.232, 109
Trd, 8638759.382, 66
Trd, 8638762.082, 119
Trd, 8638762.432, 131
Trd, 8638763.882, 122
Trd, 8638766.682, 120
Trd, 8638767.632, 126
Trd, 8638768.582, 113
Trd, 8638768.882, 123
Trd, 8638769.382, 116
Trd, 8638770.432, 104
Trd, 8638770.582, 95
Trd, 8638772.782, 115
Trd, 8638773.782, 99
Trd, 8638774.182, 122
Trd, 8638775.032, 88
Trd, 8638775.982, 114
Trd, 8638776.782, 118
Trd, 8638779.132, 88
Trd, 8638779.282, 87
Trd, 8638779.632, 86
Trd, 8638779.832, 104
Trd, 8638780.682, 78
Trd, 8638781.132, 78
Trd, 8638781.782, 102
Trd, 8638783.932, 128
Trd, 8638784.582, 81
Trd, 8638785.282, 115
Trd, 8638786.032, 84
Trd, 8638788.432, 113
Trd, 8638790.182, 100
Trd, 8638791.632, 98
Trd, 8638792.432, 130
Trd, 8638793.732, 122
Trd, 8638795.182, 105
Trd, 8638795.882, 113
Trd, 8638796.632, 104
Trd, 8638796.882, 120
Trd, 8638797.732, 113
Trd, 8638799.832, 99
Trd, 8638800.582, 96
Trd, 8638802.332, 105
Trd, 8638803.182, 122
Trd, 8638804.482, 122
Trd, 8638804.682, 121
Trd, 8638805.982, 113
Trd, 8638809.532, 109
Trd, 8638810.682, 106
Trd, 8638810.932, 104
Trd, 8638811.932, 117
Trd, 8638812.732, 129
Trd, 8638812.782, 102
Trd, 8638813.232, 87
Trd, 8638814.882, 109
Trd, 8638815.782, 108
Trd, 8638815.882, 69
Trd, 8638817.732, 116
Trd, 8638820.782, 84
Trd, 8638821.032, 82
Trd, 8638822.982, 86
Trd, 8638823.082, 80
Trd, 8638823.282, 79
Trd, 8638823.482, 104
Trd, 8638826.782, 112
Trd, 8638827.182, 115
Trd, 8638827.632, 92
Trd, 8638829.982, 94
Trd, 8638830.932, 120
Trd, 8638831.382, 121
Trd, 8638832.282, 83
Trd, 8638833.032, 122
Trd, 8638834.032, 88
Trd, 8638835.382, 89
Trd, 8638835.532, 115
Trd, 8638837.432, 111
Trd, 8638837.732, 116
Trd, 8638838.782, 81
Trd, 8638839.282, 79
Trd, 8638840.582, 121
Trd, 8638841.882, 122
Trd, 8638842.132, 125
Trd, 8638842.882, 104
Trd, 8638843.482, 86
Trd, 8638846.582, 91
Trd, 8638848.432, 92
Trd, 8638848.982, 101
Trd, 8638849.832, 94
Trd, 8638850.332, 104
Trd, 8638852.732, 98
Trd, 8638852.932, 114
Trd, 8638853.282, 86
Trd, 8638854.832, 98
Trd, 8638856.082, 83
Trd, 8638857.682, 119
Trd, 8638860.332, 97
Trd, 8638860.782, 88
Trd, 8638860.932, 86
Trd, 8638861.082, 120
Trd, 8638861.382, 125
Trd, 8638863.582, 121
Trd, 8638865.782, 113
Trd, 8638866.532, 114
Trd, 8638867.332, 105
Trd, 8638867.582, 104
Trd, 8638868.482, 122
Trd, 8638871.082, 115
Trd, 8638871.232, 117
Trd, 8638873.232, 122
Trd, 8638873.932, 113
Trd, 8638873.982, 104
Trd, 8638876.532, 95
Trd, 8638877.332, 112
Trd, 8638877.382, 114
Trd, 8638877.582, 89
Trd, 8638881.682, 116
Trd, 8638881.982, 96
Trd, 8638882.782, 114
Trd, 8638883.932, 123
Trd, 8638883.982, 97
Trd, 8638887.182, 98
Trd, 8638887.782, 113
Trd, 8638888.532, 96
Trd, 8638888.982, 122
Trd, 8638889.732, 96
Trd, 8638890.682, 95
Trd, 8638891.732, 100
Trd, 8638892.582, 99
Trd, 8638892.632, 103
Trd, 8638892.982, 114
Trd, 8638896.932, 83
Trd, 8638897.632, 94
Trd, 8638898.782, 88
Trd, 8638900.382, 109
Trd, 8638901.132, 89
Trd, 8638901.432, 86
Trd, 8638902.282, 106
Trd, 8638903.732, 117
Trd, 8638905.582, 122
Trd, 8638905.682, 113
Trd, 8638905.832, 122
Trd, 8638907.332, 90
Trd, 8638912.032, 83
Trd, 8638912.832, 104
Trd, 8638913.382, 82
Trd, 8638913.632, 82
Trd, 8638915.782, 115
Trd, 8638917.432, 100
Trd, 8638918.132, 114
Trd, 8638918.932, 97
Trd, 8638920.382, 97
Trd, 8638921.632, 95
Trd, 8638921.932, 110
Trd, 8638922.732, 98
Trd, 8638923.232, 115
Trd, 8638923.932, 74
Trd, 8638924.982, 121
Trd, 8638927.932, 88
Trd, 8638929.132, 89
Trd, 8638930.182, 111
Trd, 8638931.232, 96
Trd, 8638931.832, 114
Trd, 8638932.532, 95
Trd, 8638932.782, 93
Trd, 8638933.082, 115
Trd, 8638934.532, 117
Trd, 8638935.682, 114
Trd, 8638937.982, 96
Trd, 8638938.582, 118
Trd, 8638939.532, 124
Trd, 8638941.032, 104
Trd, 8638941.232, 123
Trd, 8638945.282, 108
Trd, 8638945.632, 78
Trd, 8638946.182, 113
Trd, 8638946.882, 80
Trd, 8638947.232, 111
Trd, 8638947.532, 78
Trd, 8638950.782, 90
Trd, 8638952.132, 82
Trd, 8638952.682, 97
Trd, 8638953.282, 84
Trd, 8638953.682, 102
Trd, 8638955.182, 114
Trd, 8638956.382, 102
Trd, 8638956.632, 87
Trd, 8638958.182, 118
Trd, 8638958.282, 87
Trd, 8638959.932, 109
Trd, 8638961.032, 113
Trd, 8638961.182, 82
Trd, 8638961.432, 80
Trd, 8638963.382, 113
Trd, 8638964.932, 122
Trd, 8638966.432, 79
Trd, 8638967.282, 78
Trd, 8638967.632, 86
Trd, 8638969.032, 114
Trd, 8638970.782, 113
Trd, 8638970.982, 80
Trd, 8638971.182, 122
Trd, 8638972.132, 79
Trd, 8638974.482, 78
Trd, 8638976.382, 86
Trd, 8638978.032, 113
Trd, 8638978.682, 113
Trd, 8638978.932, 109
Trd, 8638979.182, 98
Trd, 8638981.532, 99
Trd, 8638982.032, 108
Trd, 8638983.032, 113
Trd, 8638986.582, 96
Trd, 8638986.732, 113
Trd, 8638988.382, 95
Trd, 8638990.582, 115
Trd, 8638991.332, 123
Trd, 8638991.832, 91
Trd, 8638992.682, 104
Trd, 8638994.132, 120
Trd, 8638995.832, 96
Trd, 8638996.632, 96
Trd, 8638997.882, 114
Trd, 8638999.932, 88
Trd, 8638999.982, 87
Trd, 8639000.982, 105
Trd, 8639002.632, 104
Trd, 8639002.782, 88
Trd, 8639003.582, 105
Trd, 8639004.832, 104
Trd, 8639005.782, 121
Trd, 8639006.782, 81
Trd, 8639008.382, 121
Trd, 8639010.182, 104
Trd, 8639012.382, 87
Trd, 8639012.932, 104
Trd, 8639012.982, 111
Trd, 8639013.232, 86
Trd, 8639016.632, 90
Trd, 8639017.632, 111
Trd, 8639018.682, 93
Trd, 8639019.632, 123
Trd, 8639020.932, 96
Trd, 8639021.282, 95
Trd, 8639022.732, 94
Trd, 8639023.082, 122
Trd, 8639024.782, 88
Trd, 8639025.732, 86
Trd, 8639028.382, 83
Trd, 8639029.782, 111
Trd, 8639029.882, 115
Trd, 8639030.332, 89
Trd, 8639032.382, 131
Trd, 8639033.732, 105
Trd, 8639034.332, 103
Trd, 8639035.332, 113
Trd, 8639035.532, 102
Trd, 8639036.882, 120
Trd, 8639038.332, 95
Trd, 8639039.082, 119
Trd, 8639040.132, 81
Trd, 8639041.182, 108
Trd, 8639041.582, 109
Trd, 8639043.082, 87
Trd, 8639045.082, 112
Trd, 8639047.232, 94
Trd, 8639047.782, 112
Trd, 8639048.582, 113
Trd, 8639048.782, 122
Trd, 8639049.332, 103
Trd, 8639050.532, 86
Trd, 8639052.532, 109
Trd, 8639055.332, 93
Trd, 8639055.382, 89
Trd, 8639056.882, 93
Trd, 8639057.482, 104
Trd, 8639058.282, 92
Trd, 8639058.582, 119
Trd, 8639061.382, 95
Trd, 8639062.182, 112
Trd, 8639064.432, 95
Trd, 8639066.382, 92
Trd, 8639066.482, 119
Trd, 8639068.082, 104
Trd, 8639068.432, 95
Trd, 8639070.232, 108
Trd, 8639071.832, 108
Trd, 8639072.382, 113
Trd, 8639072.982, 122
Trd, 8639075.882, 114
Trd, 8639076.382, 99
Trd, 8639076.932, 124
Trd, 8639078.882, 122
Trd, 8639079.882, 120
Trd, 8639080.232, 129
Trd, 8639082.482, 122
Trd, 8639083.782, 120
Trd, 8639084.732, 113
Trd, 8639085.682, 114
Trd, 8639088.582, 102
Trd, 8639089.082, 88
Trd, 8639091.682, 96
Trd, 8639092.882, 120
Trd, 8639093.882, 120
Trd, 8639095.582, 119
Trd, 8639096.782, 120
Trd, 8639097.332, 105
Trd, 8639098.132, 104
Trd, 8639099.532, 125
Trd, 8639099.982, 115
Trd, 8639100.982, 131
Trd, 8639102.032, 102
Trd, 8639103.182, 89
Trd, 8639103.482, 103
Trd, 8639103.582, 87
Trd, 8639104.282, 113
Trd, 8639104.482, 78
Trd, 8639106.582, 124
Trd, 8639108.182, 85
Trd, 8639108.582, 87
Trd, 8639109.282, 122
Trd, 8639109.682, 118
Trd, 8639110.682, 91
Trd, 8639112.132, 120
Trd, 8639112.382, 92
Trd, 8639113.232, 91
Trd, 8639114.732, 117
Trd, 8639115.232, 95
Trd, 8639117.282, 104
Trd, 8639118.032, 115
Trd, 8639118.782, 91
Trd, 8639122.382, 100
Trd, 8639122.882, 98
Trd, 8639123.232, 114
Trd, 8639123.982, 100
Trd, 8639125.082, 119
Trd, 8639125.782, 98
Trd, 8639126.732, 113
Trd, 8639131.082, 122
Trd, 8639131.332, 122
Trd, 8639131.782, 113
Trd, 8639132.332, 121
Trd, 8639134.082, 103
Trd, 8639134.732, 103
Trd, 8639136.182, 118
Trd, 8639137.432, 122
Trd, 8639137.482, 86
Trd, 8639137.882, 131
Trd, 8639139.032, 113
Trd, 8639140.232, 83
Trd, 8639141.382, 104
Trd, 8639141.582, 119
Trd, 8639143.082, 122
Trd, 8639147.432, 109
Trd, 8639147.582, 89
Trd, 8639147.632, 110
Trd, 8639147.882, 89
Trd, 8639148.682, 116
Trd, 8639149.282, 91
Trd, 8639150.232, 99
Trd, 8639152.182, 117
Trd, 8639153.832, 95
Trd, 8639154.982, 122
Trd, 8639155.682, 122
Trd, 8639156.132, 91
Trd, 8639156.332, 122
Trd, 8639159.182, 113
Trd, 8639159.882, 124
Trd, 8639160.132, 79
Trd, 8639164.432, 86
Trd, 8639164.682, 122
Trd, 8639165.532, 113
Trd, 8639167.232, 111
Trd, 8639170.582, 96
Trd, 8639170.832, 96
Trd, 8639171.582, 95
Trd, 8639171.832, 88
Trd, 8639172.832, 104
Trd, 8639174.082, 87
Trd, 8639174.382, 113
Trd, 8639174.882, 119
Trd, 8639175.782, 89
Trd, 8639176.632, 118
Trd, 8639177.382, 116
Trd, 8639179.732, 115
Trd, 8639180.282, 123
Trd, 8639181.682, 73
Trd, 8639184.482, 79
Trd, 8639185.232, 83
Trd, 8639186.382, 114
Trd, 8639187.832, 100
Trd, 8639188.032, 113
Trd, 8639190.182, 103
Trd, 8639192.182, 102
Trd, 8639192.682, 86
Trd, 8639192.732, 113
Trd, 8639193.182, 114
Trd, 8639195.282, 118
Trd, 8639195.982, 120
Trd, 8639196.532, 94
Trd, 8639197.682, 95
Trd, 8639201.082, 102
Trd, 8639201.382, 86
Trd, 8639202.732, 97
Trd, 8639202.882, 88
Trd, 8639203.482, 113
Trd, 8639204.032, 133
Trd, 8639204.932, 78
Trd, 8639205.682, 131
Trd, 8639207.882, 108
Trd, 8639208.682, 110
Trd, 8639209.432, 124
Trd, 8639210.732, 107
Trd, 8639211.632, 104
Trd, 8639212.032, 110
Trd, 8639213.182, 95
Trd, 8639214.432, 110
Trd, 8639215.932, 108
Trd, 8639216.882, 122
Trd, 8639217.532, 114
Trd, 8639218.382, 84
Trd, 8639219.182, 86
Trd, 8639219.682, 89
Trd, 8639221.582, 102
Trd, 8639222.182, 98
Trd, 8639224.532, 104
Trd, 8639224.932, 99
Trd, 8639225.882, 113
Trd, 8639228.182, 109
Trd, 8639229.182, 100
Trd, 8639230.282, 114
Trd, 8639230.382, 128
Trd, 8639231.032, 99
Trd, 8639232.932, 129
Trd, 8639234.332, 88
Trd, 8639235.232, 90
Trd, 8639235.932, 103
Trd, 8639237.432, 101
Trd, 8639238.932, 82
Trd, 8639239.182, 111
Trd, 8639241.332, 90
Trd, 8639243.782, 111
Trd, 8639243.882, 112
Trd, 8639244.582, 95
Trd, 8639245.582, 110
Trd, 8639247.332, 95
Trd, 8639248.932, 108
Trd, 8639249.832, 98
Trd, 8639250.782, 97
Trd, 8639251.282, 117
Trd, 8639251.932, 95
Trd, 8639252.932, 118
Trd, 8639255.232, 112
Trd, 8639257.532, 88
Trd, 8639257.982, 113
Trd, 8639258.832, 87
Trd, 8639259.232, 115
Trd, 8639259.932, 87
Trd, 8639262.232, 115
Trd, 8639263.532, 116
Trd, 8639264.232, 89
Trd, 8639264.482, 86
Trd, 8639267.732, 90
Trd, 8639269.082, 113
Trd, 8639269.132, 114
Trd, 8639269.932, 121
Trd, 8639271.582, 109
Trd, 8639271.732, 104
Trd, 8639273.082, 120
Trd, 8639274.132, 87
Trd, 8639277.382, 111
Trd, 8639277.532, 116
Trd, 8639278.382, 115
Trd, 8639279.982, 101
Trd, 8639280.532, 112
Trd, 8639280.732, 99
Trd, 8639281.932, 86
Trd, 8639282.782, 78
Trd, 8639283.982, 111
Trd, 8639284.232, 112
Trd, 8639284.432, 108
Trd, 8639285.432, 118
Trd, 8639286.932, 113
Trd, 8639289.532, 121
Trd, 8639291.932, 114
Trd, 8639292.132, 113
Trd, 8639292.482, 95
Trd, 8639293.382, 118
Trd, 8639294.982, 83
Trd, 8639296.132, 87
Trd, 8639296.182, 86
Trd, 8639297.182, 89
Trd, 8639297.632, 118
Trd, 8639298.982, 119
Trd, 8639302.882, 121
Trd, 8639304.032, 104
Trd, 8639304.382, 116
Trd, 8639305.132, 122
Trd, 8639305.532, 95
Trd, 8639305.732, 86
Trd, 8639307.982, 120
Trd, 8639310.182, 109
Trd, 8639310.382, 114
Trd, 8639310.832, 115
Trd, 8639311.982, 96
Trd, 8639312.032, 115
Trd, 8639312.532, 96
Trd, 8639316.382, 97
Trd, 8639316.532, 117
Trd, 8639316.582, 118
Trd, 8639317.832, 95
Trd, 8639319.132, 108
Trd, 8639319.682, 78
Trd, 8639322.832, 80
Trd, 8639322.882, 100
Trd, 8639323.582, 74
Trd, 8639324.582, 104
Trd, 8639324.782, 86
Trd, 8639325.382, 87
Trd, 8639327.632, 94
Trd, 8639327.682, 97
Trd, 8639328.782, 115
Trd, 8639329.532, 90
Trd, 8639331.732, 92
Trd, 8639333.632, 110
Trd, 8639333.732, 92
Trd, 8639334.532, 110
Trd, 8639338.482, 99
Trd, 8639338.632, 110
Trd, 8639339.182, 96
Trd, 8639339.782, 111
Trd, 8639340.882, 113
Trd, 8639341.532, 121
Trd, 8639341.682, 124
Trd, 8639343.532, 104
Trd, 8639345.032, 93
Trd, 8639345.482, 117
Trd, 8639347.932, 93
Trd, 8639347.982, 86
Trd, 8639348.682, 119
Trd, 8639351.382, 70
Trd, 8639351.432, 110
Trd, 8639352.282, 77
Trd, 8639354.332, 115
Trd, 8639355.882, 122
Trd, 8639358.382, 112
Trd, 8639359.532, 95
Trd, 8639360.482, 112
Trd, 8639360.732, 116
Trd, 8639361.132, 99
Trd, 8639361.332, 87
Trd, 8639364.032, 100
Trd, 8639364.832, 103
Trd, 8639365.632, 92
Trd, 8639366.832, 121
Trd, 8639366.982, 122
Trd, 8639367.332, 87
Trd, 8639368.882, 130
Trd, 8639370.432, 90
Trd, 8639373.632, 92
Trd, 8639376.532, 103
Trd, 8639376.732, 118
Trd, 8639376.882, 95
Trd, 8639377.082, 95
Trd, 8639377.632, 94
Trd, 8639378.432, 103
Trd, 8639379.332, 79
Trd, 8639380.182, 104
Trd, 8639383.032, 89
Trd, 8639384.832, 104
Trd, 8639386.232, 93
Trd, 8639386.332, 86
Trd, 8639386.982, 104
Trd, 8639388.282, 85
Trd, 8639388.632, 119
Trd, 8639389.332, 100
Trd, 8639390.282, 114
Trd, 8639390.632, 90
Trd, 8639392.482, 109
Trd, 8639392.982, 111
Trd, 8639393.232, 113
Trd, 8639393.782, 89
Trd, 8639397.132, 122
Trd, 8639400.032, 122
Trd, 8639400.082, 113
Trd, 8639400.632, 97
Trd, 8639400.932, 113
Trd, 8639401.832, 97
Trd, 8639402.182, 115
Trd, 8639402.882, 97
Trd, 8639403.232, 114
Trd, 8639404.432, 119
Trd, 8639407.782, 96
Trd, 8639408.032, 108
Trd, 8639408.232, 95
Trd, 8639410.432, 87
Trd, 8639410.732, 110
Trd, 8639411.782, 93
Trd, 8639413.082, 96
Trd, 8639415.482, 93
Trd, 8639416.732, 93
Trd, 8639420.232, 103
Trd, 8639420.282, 104
Trd, 8639420.432, 90
Trd, 8639422.082, 90
Trd, 8639423.732, 88
Trd, 8639423.882, 86
Trd, 8639423.982, 112
Trd, 8639424.782, 77
Trd, 8639426.282, 112
Trd, 8639427.232, 115
Trd, 8639428.482, 110
Trd, 8639430.382, 124
Trd, 8639431.082, 96
Trd, 8639432.032, 100
Trd, 8639433.882, 97
Trd, 8639435.432, 96
Trd, 8639435.832, 110
Trd, 8639435.932, 87
Trd, 8639436.232, 111
Trd, 8639437.082, 112
Trd, 8639438.282, 111
Trd, 8639440.982, 92
Trd, 8639442.032, 94
Trd, 8639442.082, 86
Trd, 8639443.932, 121
Trd, 8639444.782, 122
Trd, 8639445.532, 121
Trd, 8639446.582, 123
Trd, 8639446.732, 116
Trd, 8639449.532, 113
Trd, 8639449.882, 98
Trd, 8639451.032, 96
Trd, 8639451.232, 95
Trd, 8639451.532, 77
Trd, 8639451.582, 115
Trd, 8639452.532, 121
Trd, 8639455.682, 112
Trd, 8639455.732, 113
Trd, 8639457.282, 114
Trd, 8639457.532, 114
Trd, 8639458.432, 111
Trd, 8639459.682, 99
Trd, 8639459.932, 98
Trd, 8639461.332, 95
Trd, 8639464.982, 98
Trd, 8639465.232, 120
Trd, 8639466.432, 98
Trd, 8639467.632, 86
Trd, 8639469.482, 122
Trd, 8639469.832, 114
Trd, 8639470.282, 114
Trd, 8639472.432, 116
Trd, 8639472.632, 100
Trd, 8639473.232, 99
Trd, 8639476.132, 113
Trd, 8639476.732, 127
Trd, 8639477.382, 107
Trd, 8639477.882, 123
Trd, 8639480.632, 121
Trd, 8639482.382, 105
Trd, 8639482.532, 112
Trd, 8639482.932, 114
Trd, 8639483.982, 122
Trd, 8639484.582, 104
Trd, 8639487.832, 113
Trd, 8639490.182, 112
Trd, 8639490.832, 100
Trd, 8639491.132, 112
Trd, 8639491.282, 98
Trd, 8639491.882, 95
Trd, 8639492.782, 117
Trd, 8639493.782, 119
Trd, 8639495.682, 93
Trd, 8639496.032, 112
Trd, 8639498.982, 111
Trd, 8639499.232, 91
Trd, 8639500.732, 111
Trd, 8639500.832, 91
Trd, 8639501.432, 86
Trd, 8639501.482, 77
Trd, 8639501.582, 105
Trd, 8639502.232, 123
Trd, 8639502.882, 120
Trd, 8639505.632, 77
Trd, 8639506.732, 78
Trd, 8639510.082, 103
Trd, 8639510.582, 87
Trd, 8639511.082, 98
Trd, 8639512.132, 127
Trd, 8639512.232, 103
Trd, 8639513.632, 86
Trd, 8639515.632, 108
Trd, 8639516.832, 109
Trd, 8639517.332, 99
Trd, 8639518.432, 109
Trd, 8639520.832, 94
Trd, 8639523.432, 110
Trd, 8639526.132, 104
Trd, 8639526.532, 102
Trd, 8639527.582, 108
Trd, 8639529.382, 112
Trd, 8639529.432, 109
Trd, 8639530.782, 88
Trd, 8639531.882, 90
Trd, 8639532.982, 113
Trd, 8639533.182, 91
Trd, 8639536.032, 120
Trd, 8639537.882, 103
Trd, 8639538.882, 106
Trd, 8639540.332, 115
Trd, 8639540.782, 90
Trd, 8639541.182, 118
Trd, 8639542.232, 116
Trd, 8639543.582, 96
Trd, 8639545.432, 117
Trd, 8639545.732, 98
Trd, 8639546.432, 113
Trd, 8639547.432, 130
Trd, 8639548.432, 109
Trd, 8639549.432, 109
Trd, 8639549.632, 113
Trd, 8639551.482, 101
Trd, 8639552.482, 101
Trd, 8639553.732, 95
Trd, 8639554.782, 110
Trd, 8639555.282, 113
Trd, 8639558.082, 126
Trd, 8639559.182, 98
Trd, 8639560.432, 98
Trd, 8639560.932, 111
Trd, 8639561.732, 112
Trd, 8639561.782, 113
Trd, 8639562.882, 104
Trd, 8639563.532, 96
Trd, 8639563.632, 111
Trd, 8639564.832, 113
Trd, 8639566.832, 117
Trd, 8639567.082, 99
Trd, 8639569.582, 95
Trd, 8639569.932, 112
Trd, 8639570.382, 110
Trd, 8639570.882, 86
Trd, 8639574.032, 108
Trd, 8639574.382, 95
Trd, 8639574.482, 108
Trd, 8639574.932, 116
Trd, 8639575.182, 94
Trd, 8639578.782, 114
Trd, 8639581.582, 112
Trd, 8639581.982, 100
Trd, 8639582.282, 99
Trd, 8639582.432, 95
Trd, 8639584.282, 112
Trd, 8639584.332, 86
Trd, 8639585.032, 79
Trd, 8639585.182, 112
Trd, 8639586.932, 116
Trd, 8639589.282, 102
Trd, 8639590.332, 124
Trd, 8639592.582, 122
Trd, 8639592.632, 113
Trd, 8639592.882, 123
Trd, 8639593.532, 96
Trd, 8639594.432, 95
Trd, 8639596.532, 91
Trd, 8639596.682, 121
Trd, 8639598.132, 92
Trd, 8639599.082, 119
Trd, 8639600.432, 89
Trd, 8639603.432, 121
Trd, 8639603.832, 87
Trd, 8639604.582, 113
Trd, 8639604.732, 87
Trd, 8639606.032, 108
Trd, 8639606.832, 87
Trd, 8639607.682, 108
Trd, 8639610.582, 88
Trd, 8639610.932, 110
Trd, 8639612.332, 110
Trd, 8639612.582, 86
Trd, 8639614.632, 104
Trd, 8639615.582, 114
Trd, 8639617.282, 88
Trd, 8639618.532, 92
Trd, 8639619.182, 90
Trd, 8639619.732, 101
Trd, 8639620.282, 115
Trd, 8639622.882, 120
Trd, 8639624.882, 100
Trd, 8639625.132, 110
Trd, 8639625.682, 112
Trd, 8639627.282, 102
Trd, 8639627.332, 95
Trd, 8639627.582, 86
Trd, 8639628.882, 63
Trd, 8639629.182, 104
Trd, 8639629.682, 85
Trd, 8639631.082, 112
Trd, 8639633.832, 80
Trd, 8639636.532, 89
Trd, 8639636.632, 120
Trd, 8639636.832, 87
Trd, 8639637.882, 92
Trd, 8639638.432, 103
Trd, 8639638.582, 104
Trd, 8639641.282, 103
Trd, 8639642.432, 102
Trd, 8639642.682, 86
Trd, 8639642.882, 113
Trd, 8639643.832, 122
Trd, 8639645.032, 113
Trd, 8639646.032, 131
Trd, 8639647.632, 99
Trd, 8639647.982, 86
Trd, 8639649.532, 74
Trd, 8639651.982, 122
Trd, 8639652.432, 113
Trd, 8639652.682, 104
Trd, 8639652.832, 113
Trd, 8639653.082, 122
Trd, 8639654.582, 128
Trd, 8639655.282, 88
Trd, 8639657.182, 117
Trd, 8639657.782, 93
Trd, 8639658.182, 121
Trd, 8639659.232, 90
Trd, 8639659.632, 121
Trd, 8639659.682, 104
Trd, 8639660.832, 86
Trd, 8639664.582, 108
Trd, 8639664.732, 110
Trd, 8639664.832, 91
Trd, 8639665.532, 117
Trd, 8639667.382, 83
Trd, 8639667.982, 83
Trd, 8639668.182, 120
Trd, 8639668.682, 104
Trd, 8639670.232, 119
Trd, 8639670.782, 85
Trd, 8639674.282, 112
Trd, 8639675.932, 112
Trd, 8639676.532, 115
Trd, 8639677.282, 105
Trd, 8639677.532, 104
Trd, 8639678.032, 121
Trd, 8639680.232, 121
Trd, 8639680.782, 122
Trd, 8639681.332, 95
Trd, 8639682.632, 80
Trd, 8639684.282, 115
Trd, 8639684.682, 104
Trd, 8639685.282, 86
Trd, 8639685.482, 123
Trd, 8639687.982, 109
Trd, 8639689.532, 113
Trd, 8639690.382, 94
Trd, 8639691.132, 95
Trd, 8639692.382, 125
Trd, 8639693.632, 113
Trd, 8639694.182, 91
Trd, 8639695.532, 112
Trd, 8639696.732, 97
Trd, 8639696.932, 113
Trd, 8639696.982, 93
Trd, 8639699.532, 117
Trd, 8639699.982, 84
Trd, 8639700.932, 103
Trd, 8639704.232, 107
Trd, 8639705.582, 107
Trd, 8639706.182, 89
Trd, 8639706.682, 87
Trd, 8639707.332, 86
Trd, 8639707.482, 94
Trd, 8639707.582, 128
Trd, 8639709.732, 85
Trd, 8639710.182, 112
Trd, 8639710.732, 109
Trd, 8639711.432, 92
Trd, 8639712.532, 91
Trd, 8639713.682, 85
Trd, 8639714.232, 118
Trd, 8639715.382, 78
Trd, 8639716.032, 80
Trd, 8639718.782, 119
Trd, 8639719.382, 120
Trd, 8639720.732, 91
Trd, 8639721.732, 98
Trd, 8639724.832, 92
Trd, 8639725.882, 95
Trd, 8639726.632, 97
Trd, 8639728.432, 101
Trd, 8639728.532, 95
Trd, 8639729.282, 94
Trd, 8639730.282, 88
Trd, 8639730.532, 118
Trd, 8639732.232, 88
Trd, 8639734.082, 117
Trd, 8639736.232, 122
Trd, 8639736.932, 123
Trd, 8639737.282, 124
Trd, 8639738.232, 105
Trd, 8639739.332, 117
Trd, 8639742.532, 98
Trd, 8639742.582, 97
Trd, 8639743.932, 95
Trd, 8639744.082, 115
Trd, 8639744.182, 117
Trd, 8639744.332, 123
Trd, 8639746.232, 79
Trd, 8639747.332, 88
Trd, 8639750.032, 122
Trd, 8639751.082, 114
Trd, 8639753.032, 79
Trd, 8639754.782, 86
Trd, 8639755.032, 85
Trd, 8639757.032, 117
Trd, 8639757.632, 118
Trd, 8639758.432, 101
Trd, 8639758.932, 87
Trd, 8639761.282, 118
Trd, 8639761.732, 90
Trd, 8639763.132, 106
Trd, 8639764.032, 112
Trd, 8639764.282, 94
Trd, 8639765.932, 131
Trd, 8639766.382, 113
Trd, 8639767.582, 121
Trd, 8639768.832, 131
Trd, 8639769.982, 91
Trd, 8639770.032, 86
Trd, 8639772.032, 121
Trd, 8639772.282, 100
Trd, 8639773.832, 120
Trd, 8639773.932, 86
Trd, 8639776.182, 65
Trd, 8639778.382, 86
Trd, 8639779.382, 86
Trd, 8639779.532, 82
Trd, 8639779.782, 113
Trd, 8639780.732, 123
Trd, 8639783.182, 113
Trd, 8639784.282, 97
Trd, 8639785.782, 107
Trd, 8639786.332, 99
Trd, 8639788.032, 106
Trd, 8639788.382, 115
Trd, 8639789.682, 122
Trd, 8639790.332, 123
Trd, 8639791.232, 105
Trd, 8639791.482, 104
Trd, 8639792.682, 87
Trd, 8639794.632, 86
Trd, 8639795.532, 122
Trd, 8639796.932, 89
Trd, 8639797.482, 87
Trd, 8639798.332, 91
Trd, 8639798.532, 77
Trd, 8639800.082, 71
Trd, 8639800.232, 109
Trd, 8639802.582, 77
Trd, 8639805.432, 110
Trd, 8639809.032, 98
Trd, 8639809.182, 113
Trd, 8639809.382, 96
Trd, 8639810.932, 113
Trd, 8639811.582, 122
Trd, 8639811.982, 113
Trd, 8639813.232, 118
Trd, 8639813.432, 104
Trd, 8639813.782, 95
Trd, 8639814.232, 128
Trd, 8639815.582, 122
Trd, 8639817.732, 122
Trd, 8639818.082, 104
Trd, 8639820.082, 96
Trd, 8639822.432, 79
Trd, 8639824.082, 82
Trd, 8639824.982, 95
Trd, 8639825.232, 104
Trd, 8639825.532, 83
Trd, 8639827.682, 119
Trd, 8639829.932, 97
Trd, 8639831.782, 97
Trd, 8639831.982, 102
Trd, 8639834.232, 101
Trd, 8639834.632, 104
Trd, 8639834.782, 95
Trd, 8639835.832, 120
Trd, 8639836.082, 78
Trd, 8639836.932, 134
Trd, 8639837.282, 127
Trd, 8639840.332, 83
Trd, 8639841.682, 116
Trd, 8639842.232, 119
Trd, 8639844.182, 117
Trd, 8639845.582, 95
Trd, 8639846.432, 114
Trd, 8639848.732, 98
Trd, 8639849.182, 95
Trd, 8639850.032, 80
Trd, 8639850.082, 103
Trd, 8639852.682, 81
Trd, 8639852.932, 105
Trd, 8639854.082, 84
Trd, 8639855.432, 104
Trd, 8639855.682, 86
Trd, 8639855.832, 116
Trd, 8639856.382, 106
Trd, 8639856.782, 78
Trd, 8639859.432, 66
Trd, 8639860.282, 86
Trd, 8639861.332, 114
Trd, 8639863.382, 121
Trd, 8639864.782, 108
Trd, 8639866.382, 125
Trd, 8639866.982, 120
Trd, 8639867.882, 95
Trd, 8639870.532, 112
Trd, 8639871.132, 115
Trd, 8639871.582, 91
Trd, 8639874.782, 99
Trd, 8639876.632, 109
Trd, 8639877.132, 106
Trd, 8639877.982, 114
Trd, 8639878.182, 130
Trd, 8639878.232, 104
Trd, 8639878.932, 95
Trd, 8639882.282, 126
Trd, 8639882.432, 108
Trd, 8639882.582, 104
Trd, 8639884.282, 118
Trd, 8639884.432, 113
Trd, 8639887.182, 89
Trd, 8639887.582, 89
Trd, 8639888.782, 122
Trd, 8639888.932, 124
Trd, 8639889.082, 87
Trd, 8639892.332, 121
Trd, 8639892.382, 104
Trd, 8639892.732, 122
Trd, 8639894.882, 122
Trd, 8639895.482, 114
Trd, 8639895.632, 89
Trd, 8639897.082, 107
Trd, 8639897.682, 129
Trd, 8639898.132, 87
Trd, 8639900.282, 99
Trd, 8639901.882, 112
Trd, 8639902.782, 93
Trd, 8639903.782, 112
Trd, 8639904.432, 98
Trd, 8639906.432, 98
Trd, 8639908.482, 104
Trd, 8639909.182, 99
Trd, 8639910.282, 113
Trd, 8639910.332, 122
Trd, 8639911.582, 119
Trd, 8639912.582, 88
Trd, 8639913.232, 87
Trd, 8639913.532, 113
Trd, 8639914.632, 113
Trd, 8639915.982, 92
Trd, 8639916.582, 101
Trd, 8639917.132, 124
Trd, 8639917.482, 93
Trd, 8639919.132, 87
Trd, 8639922.782, 108
Trd, 8639923.282, 104
Trd, 8639924.082, 89
Trd, 8639924.382, 111
Trd, 8639925.832, 109
Trd, 8639926.182, 113
Trd, 8639926.432, 91
Trd, 8639929.732, 97
Trd, 8639930.882, 110
Trd, 8639930.932, 125
Trd, 8639931.782, 100
Trd, 8639933.432, 122
Trd, 8639934.332, 115
Trd, 8639934.732, 115
Trd, 8639935.682, 103
Trd, 8639937.182, 95
Trd, 8639939.332, 88
Trd, 8639939.732, 114
Trd, 8639941.382, 111
Trd, 8639942.132, 85
Trd, 8639942.932, 85
Trd, 8639943.482, 122
Trd, 8639943.682, 85
Trd, 8639944.382, 113
Trd, 8639947.832, 116
Trd, 8639948.182, 120
Trd, 8639949.382, 89
Trd, 8639949.882, 86
Trd, 8639950.232, 77
Trd, 8639953.182, 88
Trd, 8639954.732, 87
Trd, 8639955.682, 103
Trd, 8639956.282, 89
Trd, 8639956.732, 104
Trd, 8639957.332, 113
Trd, 8639960.382, 121
Trd, 8639961.082, 104
Trd, 8639962.082, 106
Trd, 8639962.182, 114
Trd, 8639963.432, 95
Trd, 8639964.632, 112
Trd, 8639965.882, 99
Trd, 8639966.682, 98
Trd, 8639967.882, 78
Trd, 8639968.582, 79
Trd, 8639969.932, 102
Trd, 8639970.882, 104
Trd, 8639971.782, 85
Trd, 8639972.332, 115
Trd, 8639974.232, 112
Trd, 8639974.932, 122
Trd, 8639975.682, 97
Trd, 8639977.982, 113
Trd, 8639979.682, 102
Trd, 8639980.482, 95
Trd, 8639981.282, 87
Trd, 8639981.632, 115
Trd, 8639983.232, 106
Trd, 8639984.282, 112
Trd, 8639985.682, 111
Trd, 8639986.532, 94
Trd, 8639987.482, 96
Trd, 8639988.532, 111
Trd, 8639989.682, 95
Trd, 8639990.032, 113
Trd, 8639990.382, 86
Trd, 8639990.882, 124
Trd, 8639992.782, 110
Trd, 8639993.382, 113
Trd, 8639994.032, 114
Trd, 8639994.732, 122
Trd, 8639995.932, 98
Trd, 8639997.182, 119
Trd, 8639997.982, 98
Trd, 8639998.232, 110
Trd, 8639998.532, 95
