Trd, 8637994.332, 104
Trd, 8637994.782, 84
Trd, 8637995.432, 105
Trd, 8637996.882, 112
Trd, 8637997.132, 89
Trd, 8637999.182, 121
Trd, 8637999.832, 112
Trd, 8638000.532, 92
Trd, 8638002.932, 107
Trd, 8638003.532, 95
Trd, 8638004.332, 114
Trd, 8638004.582, 113
Trd, 8638007.582, 92
Trd, 8638007.932, 89
Trd, 8638008.132, 113
Trd, 8638009.382, 118
Trd, 8638009.632, 113
Trd, 8638010.432, 95
Trd, 8638011.532, 96
Trd, 8638012.282, 121
Trd, 8638012.982, 91
Trd, 8638013.532, 90
Trd, 8638014.232, 89
Trd, 8638015.182, 88
Trd, 8638015.382, 113
Trd, 8638016.182, 118
Trd, 8638018.382, 102
Trd, 8638019.032, 102
Trd, 8638020.032, 86
Trd, 8638020.332, 87
Trd, 8638021.282, 110
Trd, 8638023.082, 86
Trd, 8638023.682, 95
Trd, 8638025.932, 89
Trd, 8638026.532, 105
Trd, 8638026.832, 86
Trd, 8638028.582, 78
Trd, 8638029.032, 104
Trd, 8638030.332, 113
Trd, 8638031.032, 115
Trd, 8638033.032, 83
Trd, 8638033.332, 93
Trd, 8638033.532, 82
Trd, 8638036.732, 81
Trd, 8638037.482, 81
Trd, 8638039.432, 88
Trd, 8638040.382, 95
Trd, 8638040.782, 95
Trd, 8638041.432, 106
Trd, 8638042.832, 96
Trd, 8638044.132, 112
Trd, 8638044.932, 113
Trd, 8638045.032, 87
Trd, 8638045.982, 88
Trd, 8638046.282, 121
Trd, 8638048.732, 93
Trd, 8638048.882, 111
Trd, 8638050.132, 112
Trd, 8638050.282, 95
Trd, 8638050.532, 95
Trd, 8638052.132, 113
Trd, 8638054.082, 102
Trd, 8638055.882, 87
Trd, 8638056.032, 77
Trd, 8638056.132, 95
Trd, 8638057.882, 82
Trd, 8638058.632, 85
Trd, 8638058.782, 86
Trd, 8638060.082, 88
Trd, 8638060.532, 90
Trd, 8638062.382, 88
Trd, 8638062.432, 105
Trd, 8638063.482, 106
Trd, 8638064.182, 69
Trd, 8638066.982, 78
Trd, 8638068.432, 91
Trd, 8638068.732, 84
Trd, 8638069.382, 112
Trd, 8638071.032, 88
Trd, 8638072.332, 90
Trd, 8638073.082, 109
Trd, 8638074.082, 85
Trd, 8638074.182, 112
Trd, 8638075.632, 87
Trd, 8638076.532, 111
Trd, 8638079.432, 83
Trd, 8638079.682, 91
Trd, 8638080.332, 107
Trd, 8638080.382, 80
Trd, 8638080.732, 79
Trd, 8638082.632, 81
Trd, 8638083.482, 87
Trd, 8638084.682, 90
Trd, 8638086.182, 108
Trd, 8638087.232, 112
Trd, 8638087.382, 96
Trd, 8638087.632, 94
Trd, 8638089.432, 110
Trd, 8638090.332, 95
Trd, 8638090.932, 105
Trd, 8638092.382, 100
Trd, 8638092.432, 106
Trd, 8638092.482, 95
Trd, 8638093.332, 121
Trd, 8638095.032, 88
Trd, 8638097.132, 79
Trd, 8638097.232, 85
Trd, 8638097.382, 86
Trd, 8638098.832, 86
Trd, 8638099.782, 109
Trd, 8638101.632, 103
Trd, 8638102.032, 89
Trd, 8638102.682, 90
Trd, 8638102.982, 86
Trd, 8638104.482, 113
Trd, 8638106.032, 112
Trd, 8638107.182, 104
Trd, 8638107.682, 109
Trd, 8638107.732, 95
Trd, 8638108.282, 86
Trd, 8638108.832, 108
Trd, 8638109.832, 93
Trd, 8638110.732, 87
Trd, 8638111.732, 113
Trd, 8638112.082, 83
Trd, 8638113.582, 129
Trd, 8638115.182, 90
Trd, 8638115.232, 89
Trd, 8638115.682, 102
Trd, 8638118.482, 101
Trd, 8638119.382, 90
Trd, 8638119.532, 113
Trd, 8638119.732, 121
Trd, 8638120.832, 89
Trd, 8638121.832, 110
Trd, 8638122.132, 86
Trd, 8638123.132, 81
Trd, 8638123.882, 82
Trd, 8638126.532, 86
Trd, 8638127.732, 94
Trd, 8638128.932, 92
Trd, 8638129.832, 89
Trd, 8638129.882, 93
Trd, 8638130.532, 113
Trd, 8638130.832, 122
Trd, 8638132.832, 96
Trd, 8638136.382, 105
Trd, 8638137.632, 111
Trd, 8638137.932, 104
Trd, 8638138.082, 102
Trd, 8638138.832, 112
Trd, 8638140.382, 86
Trd, 8638140.582, 103
Trd, 8638140.832, 104
Trd, 8638142.332, 81
Trd, 8638143.032, 84
Trd, 8638143.432, 95
Trd, 8638144.232, 113
Trd, 8638145.782, 90
Trd, 8638146.032, 86
Trd, 8638148.182, 104
Trd, 8638148.882, 84
Trd, 8638151.382, 87
Trd, 8638151.632, 110
Trd, 8638152.382, 106
Trd, 8638153.532, 88
Trd, 8638153.732, 108
Trd, 8638154.732, 88
Trd, 8638155.532, 104
Trd, 8638155.882, 77
Trd, 8638158.332, 77
Trd, 8638158.732, 95
Trd, 8638159.832, 77
Trd, 8638160.282, 108
Trd, 8638160.932, 93
Trd, 8638162.382, 83
Trd, 8638163.982, 96
Trd, 8638165.632, 82
Trd, 8638166.032, 111
Trd, 8638166.732, 113
Trd, 8638169.482, 87
Trd, 8638169.682, 85
Trd, 8638170.532, 96
Trd, 8638171.932, 95
Trd, 8638172.382, 78
Trd, 8638173.182, 87
Trd, 8638174.682, 84
Trd, 8638175.382, 101
Trd, 8638175.432, 79
Trd, 8638175.932, 104
Trd, 8638180.182, 83
Trd, 8638180.582, 87
Trd, 8638182.182, 113
Trd, 8638182.682, 89
Trd, 8638184.032, 93
Trd, 8638184.432, 88
Trd, 8638187.332, 93
Trd, 8638188.982, 93
Trd, 8638189.782, 97
Trd, 8638189.982, 99
Trd, 8638192.132, 104
Trd, 8638192.782, 110
Trd, 8638193.282, 98
Trd, 8638193.532, 97
Trd, 8638193.732, 95
Trd, 8638195.332, 116
Trd, 8638196.032, 112
Trd, 8638196.532, 104
Trd, 8638196.782, 115
Trd, 8638198.332, 98
Trd, 8638199.382, 95
Trd, 8638200.582, 110
Trd, 8638200.832, 86
Trd, 8638201.032, 113
Trd, 8638202.632, 111
Trd, 8638203.982, 107
Trd, 8638205.332, 97
Trd, 8638205.382, 95
Trd, 8638207.082, 101
Trd, 8638207.832, 90
Trd, 8638208.682, 113
Trd, 8638209.482, 88
Trd, 8638209.882, 87
Trd, 8638212.032, 89
Trd, 8638212.332, 106
Trd, 8638215.582, 88
Trd, 8638215.632, 89
Trd, 8638215.832, 113
Trd, 8638217.332, 86
Trd, 8638217.382, 111
Trd, 8638219.682, 116
Trd, 8638220.432, 112
Trd, 8638220.932, 105
Trd, 8638222.432, 116
Trd, 8638223.882, 108
Trd, 8638223.982, 104
Trd, 8638225.182, 115
Trd, 8638225.532, 95
Trd, 8638226.532, 89
Trd, 8638227.882, 105
Trd, 8638228.532, 91
Trd, 8638228.932, 101
Trd, 8638229.832, 111
Trd, 8638231.382, 90
Trd, 8638232.082, 120
Trd, 8638232.632, 119
Trd, 8638232.882, 104
Trd, 8638234.132, 120
Trd, 8638235.632, 87
Trd, 8638236.582, 101
Trd, 8638238.232, 90
Trd, 8638238.782, 90
Trd, 8638238.882, 106
Trd, 8638239.032, 113
Trd, 8638239.782, 90
Trd, 8638239.932, 121
Trd, 8638242.832, 82
Trd, 8638243.282, 89
Trd, 8638244.132, 106
Trd, 8638244.782, 93
Trd, 8638245.182, 113
Trd, 8638245.382, 93
Trd, 8638246.232, 93
Trd, 8638246.882, 93
Trd, 8638246.932, 121
Trd, 8638249.882, 113
Trd, 8638250.432, 91
Trd, 8638250.682, 86
Trd, 8638251.632, 108
Trd, 8638253.632, 99
Trd, 8638253.932, 84
Trd, 8638256.832, 103
Trd, 8638257.282, 94
Trd, 8638257.682, 93
Trd, 8638258.182, 106
Trd, 8638258.432, 93
Trd, 8638258.932, 106
Trd, 8638260.082, 105
Trd, 8638260.732, 86
Trd, 8638263.482, 86
Trd, 8638264.432, 89
Trd, 8638264.632, 86
Trd, 8638265.132, 100
Trd, 8638265.532, 106
Trd, 8638266.882, 92
Trd, 8638269.132, 93
Trd, 8638269.632, 102
Trd, 8638270.132, 103
Trd, 8638270.332, 104
Trd, 8638271.632, 87
Trd, 8638272.132, 86
Trd, 8638273.282, 82
Trd, 8638275.332, 107
Trd, 8638276.082, 90
Trd, 8638278.132, 112
Trd, 8638278.232, 104
Trd, 8638279.732, 114
Trd, 8638280.382, 113
Trd, 8638281.732, 88
Trd, 8638283.232, 91
Trd, 8638283.632, 104
Trd, 8638283.982, 95
Trd, 8638284.982, 124
Trd, 8638287.282, 95
Trd, 8638287.982, 88
Trd, 8638288.182, 93
Trd, 8638288.232, 95
Trd, 8638289.682, 91
Trd, 8638291.482, 104
Trd, 8638292.182, 95
Trd, 8638292.632, 104
Trd, 8638292.682, 108
Trd, 8638292.832, 95
Trd, 8638294.382, 77
Trd, 8638296.882, 83
Trd, 8638298.632, 89
Trd, 8638299.832, 93
Trd, 8638300.332, 95
Trd, 8638300.632, 112
Trd, 8638301.182, 90
Trd, 8638302.432, 113
Trd, 8638304.332, 122
Trd, 8638306.232, 114
Trd, 8638307.632, 118
Trd, 8638308.332, 115
Trd, 8638308.882, 110
Trd, 8638309.332, 119
Trd, 8638310.882, 90
Trd, 8638311.682, 104
Trd, 8638312.632, 86
Trd, 8638314.182, 112
Trd, 8638315.082, 82
Trd, 8638316.982, 129
Trd, 8638318.232, 123
Trd, 8638318.732, 122
Trd, 8638319.582, 113
Trd, 8638320.732, 106
Trd, 8638320.982, 125
Trd, 8638322.932, 125
Trd, 8638323.932, 114
Trd, 8638324.632, 113
Trd, 8638325.132, 104
Trd, 8638325.982, 113
Trd, 8638326.232, 90
Trd, 8638327.232, 115
Trd, 8638328.182, 113
Trd, 8638328.232, 104
Trd, 8638329.432, 90
Trd, 8638330.482, 102
Trd, 8638331.882, 95
Trd, 8638332.732, 111
Trd, 8638334.182, 99
Trd, 8638334.832, 112
Trd, 8638335.382, 95
Trd, 8638336.382, 80
Trd, 8638339.082, 82
Trd, 8638339.832, 110
Trd, 8638341.182, 85
Trd, 8638341.682, 91
Trd, 8638341.932, 108
Trd, 8638341.982, 113
Trd, 8638344.432, 88
Trd, 8638344.782, 89
Trd, 8638346.482, 86
Trd, 8638346.982, 90
Trd, 8638347.632, 94
Trd, 8638350.032, 90
Trd, 8638350.932, 79
Trd, 8638353.082, 83
Trd, 8638354.282, 88
Trd, 8638356.032, 89
Trd, 8638356.382, 113
Trd, 8638356.732, 90
Trd, 8638356.782, 86
Trd, 8638357.832, 104
Trd, 8638358.782, 76
Trd, 8638360.932, 78
Trd, 8638361.382, 111
Trd, 8638362.732, 86
Trd, 8638363.082, 89
Trd, 8638364.082, 80
Trd, 8638364.432, 99
Trd, 8638365.282, 86
Trd, 8638367.232, 113
Trd, 8638367.282, 81
Trd, 8638369.482, 85
Trd, 8638369.732, 89
Trd, 8638371.232, 90
Trd, 8638371.632, 95
Trd, 8638372.532, 91
Trd, 8638372.982, 113
Trd, 8638373.382, 107
Trd, 8638373.982, 78
Trd, 8638374.582, 83
Trd, 8638376.532, 87
Trd, 8638376.632, 113
Trd, 8638377.032, 120
Trd, 8638377.832, 86
Trd, 8638380.132, 102
Trd, 8638382.632, 90
Trd, 8638383.132, 106
Trd, 8638383.682, 87
Trd, 8638383.732, 89
Trd, 8638385.282, 105
Trd, 8638385.332, 106
Trd, 8638386.282, 91
Trd, 8638388.532, 96
Trd, 8638388.932, 78
Trd, 8638390.982, 103
Trd, 8638392.382, 82
Trd, 8638392.832, 103
Trd, 8638393.582, 119
Trd, 8638394.082, 85
Trd, 8638394.382, 112
Trd, 8638396.332, 81
Trd, 8638396.632, 110
Trd, 8638396.932, 112
Trd, 8638397.532, 118
Trd, 8638399.482, 127
Trd, 8638400.082, 95
Trd, 8638402.482, 93
Trd, 8638402.732, 117
Trd, 8638402.882, 94
Trd, 8638403.482, 110
Trd, 8638404.432, 87
Trd, 8638405.832, 108
Trd, 8638406.882, 86
Trd, 8638407.282, 104
Trd, 8638408.882, 79
Trd, 8638409.532, 77
Trd, 8638409.782, 113
Trd, 8638411.482, 89
Trd, 8638413.532, 93
Trd, 8638413.632, 102
Trd, 8638414.732, 104
Trd, 8638415.482, 92
Trd, 8638415.982, 107
Trd, 8638416.032, 91
Trd, 8638417.682, 89
Trd, 8638418.582, 97
Trd, 8638420.632, 88
Trd, 8638421.682, 86
Trd, 8638421.732, 76
Trd, 8638422.132, 109
Trd, 8638422.632, 113
Trd, 8638425.232, 76
Trd, 8638426.232, 103
Trd, 8638426.482, 103
Trd, 8638428.282, 105
Trd, 8638428.332, 113
Trd, 8638430.532, 92
Trd, 8638430.632, 89
Trd, 8638430.982, 89
Trd, 8638431.182, 122
Trd, 8638432.082, 86
Trd, 8638433.082, 78
Trd, 8638434.182, 78
Trd, 8638435.632, 81
Trd, 8638437.482, 84
Trd, 8638439.232, 82
Trd, 8638439.582, 95
Trd, 8638439.682, 81
Trd, 8638440.332, 108
Trd, 8638442.682, 88
Trd, 8638442.782, 83
Trd, 8638444.482, 89
Trd, 8638444.632, 111
Trd, 8638444.932, 89
Trd, 8638445.132, 111
Trd, 8638448.532, 107
Trd, 8638449.182, 90
Trd, 8638449.382, 106
Trd, 8638449.832, 89
Trd, 8638451.182, 87
Trd, 8638451.532, 111
Trd, 8638453.382, 89
Trd, 8638455.132, 92
Trd, 8638456.582, 93
Trd, 8638456.732, 90
Trd, 8638458.332, 91
Trd, 8638458.982, 104
Trd, 8638460.482, 89
Trd, 8638460.982, 90
Trd, 8638462.282, 104
Trd, 8638464.532, 87
Trd, 8638464.632, 88
Trd, 8638464.782, 95
Trd, 8638465.882, 86
Trd, 8638467.232, 107
Trd, 8638468.182, 113
Trd, 8638468.682, 131
Trd, 8638468.932, 112
Trd, 8638469.582, 104
Trd, 8638471.582, 113
Trd, 8638473.682, 99
Trd, 8638474.132, 95
Trd, 8638474.582, 101
Trd, 8638474.632, 103
Trd, 8638476.632, 122
Trd, 8638477.682, 113
Trd, 8638479.382, 110
Trd, 8638479.832, 92
Trd, 8638479.982, 90
Trd, 8638480.832, 86
Trd, 8638481.482, 119
Trd, 8638481.682, 87
Trd, 8638483.582, 105
Trd, 8638483.732, 106
Trd, 8638484.682, 90
Trd, 8638485.382, 111
Trd, 8638487.582, 95
Trd, 8638488.982, 106
Trd, 8638489.782, 97
Trd, 8638490.332, 113
Trd, 8638491.282, 109
Trd, 8638491.582, 113
Trd, 8638491.832, 114
Trd, 8638493.182, 113
Trd, 8638494.532, 97
Trd, 8638494.882, 86
Trd, 8638496.082, 107
Trd, 8638497.932, 81
Trd, 8638498.982, 88
Trd, 8638499.132, 88
Trd, 8638499.282, 83
Trd, 8638501.032, 106
Trd, 8638501.782, 111
Trd, 8638501.932, 85
Trd, 8638504.932, 113
Trd, 8638506.432, 95
Trd, 8638508.332, 87
Trd, 8638508.382, 100
Trd, 8638508.432, 86
Trd, 8638508.682, 102
Trd, 8638510.232, 104
Trd, 8638511.732, 87
Trd, 8638511.832, 86
Trd, 8638512.882, 113
Trd, 8638513.882, 107
Trd, 8638513.932, 88
Trd, 8638515.782, 89
Trd, 8638516.132, 103
Trd, 8638517.882, 90
Trd, 8638518.282, 86
Trd, 8638520.782, 100
Trd, 8638520.932, 102
Trd, 8638521.732, 104
Trd, 8638522.582, 79
Trd, 8638525.232, 116
Trd, 8638525.282, 86
Trd, 8638526.182, 113
Trd, 8638527.432, 104
Trd, 8638527.482, 113
Trd, 8638527.882, 93
Trd, 8638528.832, 111
Trd, 8638529.032, 92
Trd, 8638531.332, 104
Trd, 8638531.432, 91
Trd, 8638532.732, 104
Trd, 8638534.082, 82
Trd, 8638534.182, 81
Trd, 8638534.532, 83
Trd, 8638536.482, 88
Trd, 8638537.632, 87
Trd, 8638539.332, 95
Trd, 8638540.782, 91
Trd, 8638540.882, 107
Trd, 8638542.032, 87
Trd, 8638543.582, 112
Trd, 8638544.232, 112
Trd, 8638545.532, 84
Trd, 8638547.682, 86
Trd, 8638547.732, 93
Trd, 8638547.782, 109
Trd, 8638548.082, 86
Trd, 8638548.232, 106
Trd, 8638550.132, 118
Trd, 8638552.282, 96
Trd, 8638553.732, 89
Trd, 8638554.332, 107
Trd, 8638555.482, 107
Trd, 8638555.532, 93
Trd, 8638555.582, 109
Trd, 8638558.432, 79
Trd, 8638560.382, 85
Trd, 8638560.532, 106
Trd, 8638562.232, 85
Trd, 8638563.232, 85
Trd, 8638564.582, 106
Trd, 8638564.782, 82
Trd, 8638566.332, 87
Trd, 8638567.232, 82
Trd, 8638568.082, 89
Trd, 8638568.682, 84
Trd, 8638568.732, 94
Trd, 8638571.232, 95
Trd, 8638571.832, 82
Trd, 8638572.732, 80
Trd, 8638573.682, 86
Trd, 8638574.682, 105
Trd, 8638574.782, 113
Trd, 8638576.082, 84
Trd, 8638580.382, 113
Trd, 8638580.632, 117
Trd, 8638581.082, 95
Trd, 8638581.982, 96
Trd, 8638582.482, 113
Trd, 8638582.982, 105
Trd, 8638583.132, 96
Trd, 8638584.332, 87
Trd, 8638584.782, 77
Trd, 8638586.032, 105
Trd, 8638586.182, 74
Trd, 8638586.332, 113
Trd, 8638589.182, 84
Trd, 8638589.382, 86
Trd, 8638589.582, 82
Trd, 8638590.032, 104
Trd, 8638591.382, 116
Trd, 8638592.782, 69
Trd, 8638593.232, 126
Trd, 8638595.382, 120
Trd, 8638595.882, 112
Trd, 8638598.282, 101
Trd, 8638598.482, 98
Trd, 8638599.532, 88
Trd, 8638601.282, 90
Trd, 8638601.382, 97
Trd, 8638602.632, 93
Trd, 8638602.982, 86
Trd, 8638604.232, 113
Trd, 8638606.482, 89
Trd, 8638608.282, 88
Trd, 8638608.582, 88
Trd, 8638608.632, 113
Trd, 8638609.182, 121
Trd, 8638610.332, 121
Trd, 8638611.582, 91
Trd, 8638615.482, 87
Trd, 8638617.232, 82
Trd, 8638617.732, 86
Trd, 8638617.782, 95
Trd, 8638617.982, 81
Trd, 8638619.082, 82
Trd, 8638620.982, 86
Trd, 8638622.482, 90
Trd, 8638623.382, 87
Trd, 8638624.582, 104
Trd, 8638625.432, 90
Trd, 8638626.232, 89
Trd, 8638626.282, 88
Trd, 8638626.482, 109
Trd, 8638627.882, 112
Trd, 8638628.232, 113
Trd, 8638631.232, 85
Trd, 8638631.582, 87
Trd, 8638631.682, 88
Trd, 8638634.332, 88
Trd, 8638635.482, 86
Trd, 8638635.982, 92
Trd, 8638637.632, 90
Trd, 8638637.982, 106
Trd, 8638638.932, 113
Trd, 8638639.832, 91
Trd, 8638640.482, 91
Trd, 8638642.082, 119
Trd, 8638642.982, 104
Trd, 8638644.782, 96
Trd, 8638645.732, 112
Trd, 8638646.432, 115
Trd, 8638647.682, 126
Trd, 8638647.732, 98
Trd, 8638648.732, 127
Trd, 8638649.582, 88
Trd, 8638650.882, 118
Trd, 8638652.682, 114
Trd, 8638652.732, 112
Trd, 8638653.232, 77
Trd, 8638655.432, 116
Trd, 8638656.432, 83
Trd, 8638656.982, 113
Trd, 8638658.482, 94
Trd, 8638658.632, 83
Trd, 8638659.482, 81
Trd, 8638661.032, 111
Trd, 8638662.082, 118
Trd, 8638662.782, 86
Trd, 8638663.282, 120
Trd, 8638664.432, 108
Trd, 8638665.332, 92
Trd, 8638666.532, 92
Trd, 8638668.432, 91
Trd, 8638668.482, 103
Trd, 8638669.632, 86
Trd, 8638671.132, 85
Trd, 8638671.532, 113
Trd, 8638674.982, 91
Trd, 8638675.232, 99
Trd, 8638676.832, 80
Trd, 8638678.832, 88
Trd, 8638679.232, 94
Trd, 8638679.682, 87
Trd, 8638680.082, 95
Trd, 8638680.682, 113
Trd, 8638681.982, 86
Trd, 8638683.432, 76
Trd, 8638685.632, 80
Trd, 8638686.232, 94
Trd, 8638687.432, 82
Trd, 8638688.232, 104
Trd, 8638689.282, 90
Trd, 8638689.932, 108
Trd, 8638692.182, 107
Trd, 8638692.732, 107
Trd, 8638692.782, 97
Trd, 8638692.982, 96
Trd, 8638693.482, 95
Trd, 8638694.282, 112
Trd, 8638695.432, 87
Trd, 8638697.332, 112
Trd, 8638698.482, 115
Trd, 8638698.932, 80
Trd, 8638699.382, 80
Trd, 8638700.332, 80
Trd, 8638700.382, 103
Trd, 8638702.882, 103
Trd, 8638703.432, 113
Trd, 8638704.332, 122
Trd, 8638705.432, 87
Trd, 8638705.732, 84
Trd, 8638707.232, 86
Trd, 8638707.582, 88
Trd, 8638708.732, 99
Trd, 8638710.082, 78
Trd, 8638712.632, 86
Trd, 8638712.682, 95
Trd, 8638712.832, 104
Trd, 8638713.082, 82
Trd, 8638714.482, 88
Trd, 8638717.032, 94
Trd, 8638718.132, 95
Trd, 8638718.632, 96
Trd, 8638718.732, 113
Trd, 8638719.082, 87
Trd, 8638721.732, 102
Trd, 8638722.182, 91
Trd, 8638722.832, 90
Trd, 8638723.132, 102
Trd, 8638723.882, 104
Trd, 8638726.932, 83
Trd, 8638727.332, 92
Trd, 8638727.832, 95
Trd, 8638728.282, 107
Trd, 8638729.682, 88
Trd, 8638730.332, 87
Trd, 8638730.782, 113
Trd, 8638731.532, 106
Trd, 8638732.382, 88
Trd, 8638732.532, 119
Trd, 8638732.582, 86
Trd, 8638735.482, 113
Trd, 8638737.532, 107
Trd, 8638738.032, 95
Trd, 8638738.932, 94
Trd, 8638739.182, 86
Trd, 8638739.432, 115
Trd, 8638740.232, 113
Trd, 8638741.182, 86
Trd, 8638743.282, 80
Trd, 8638743.932, 84
Trd, 8638745.182, 102
Trd, 8638745.382, 89
Trd, 8638746.382, 107
Trd, 8638747.732, 85
Trd, 8638748.332, 107
Trd, 8638749.882, 88
Trd, 8638751.132, 93
Trd, 8638752.232, 94
Trd, 8638752.932, 76
Trd, 8638753.682, 87
Trd, 8638754.532, 95
Trd, 8638756.482, 105
Trd, 8638756.632, 105
Trd, 8638757.032, 79
Trd, 8638757.432, 78
Trd, 8638758.032, 112
Trd, 8638761.382, 106
Trd, 8638761.782, 90
Trd, 8638762.182, 111
Trd, 8638762.482, 91
Trd, 8638764.832, 105
Trd, 8638765.282, 90
Trd, 8638765.332, 87
Trd, 8638766.982, 106
Trd, 8638767.882, 120
Trd, 8638768.932, 114
Trd, 8638770.282, 121
Trd, 8638770.432, 113
Trd, 8638770.682, 104
Trd, 8638773.782, 123
Trd, 8638774.032, 122
Trd, 8638776.182, 113
Trd, 8638777.882, 97
Trd, 8638778.282, 113
Trd, 8638778.782, 110
Trd, 8638779.332, 111
Trd, 8638779.532, 96
Trd, 8638780.232, 122
Trd, 8638780.682, 95
Trd, 8638782.882, 90
Trd, 8638782.932, 129
Trd, 8638784.182, 113
Trd, 8638784.482, 92
Trd, 8638787.082, 119
Trd, 8638788.232, 104
Trd, 8638788.382, 124
Trd, 8638788.482, 96
Trd, 8638791.232, 116
Trd, 8638791.282, 113
Trd, 8638793.232, 104
Trd, 8638793.582, 105
Trd, 8638794.332, 91
Trd, 8638794.782, 121
Trd, 8638795.432, 120
Trd, 8638795.932, 87
Trd, 8638796.382, 86
Trd, 8638797.782, 113
Trd, 8638798.032, 120
Trd, 8638798.282, 104
Trd, 8638800.582, 122
Trd, 8638802.882, 102
Trd, 8638803.432, 103
Trd, 8638804.282, 89
Trd, 8638805.532, 98
Trd, 8638805.932, 90
Trd, 8638807.032, 94
Trd, 8638807.332, 110
Trd, 8638810.832, 89
Trd, 8638811.332, 106
Trd, 8638811.782, 106
Trd, 8638811.982, 92
Trd, 8638813.382, 86
Trd, 8638813.682, 87
Trd, 8638814.582, 111
Trd, 8638818.632, 120
Trd, 8638818.682, 119
Trd, 8638819.282, 109
Trd, 8638819.532, 124
Trd, 8638821.282, 104
Trd, 8638823.432, 120
Trd, 8638824.032, 115
Trd, 8638824.082, 113
Trd, 8638825.432, 113
Trd, 8638827.382, 112
Trd, 8638828.232, 98
Trd, 8638828.632, 97
Trd, 8638828.782, 112
Trd, 8638830.532, 95
Trd, 8638831.382, 105
Trd, 8638833.082, 88
Trd, 8638833.282, 87
Trd, 8638834.282, 118
Trd, 8638834.732, 120
Trd, 8638835.232, 91
Trd, 8638835.332, 120
Trd, 8638836.082, 121
Trd, 8638836.482, 113
Trd, 8638837.132, 104
Trd, 8638838.982, 88
Trd, 8638839.932, 86
Trd, 8638841.882, 87
Trd, 8638842.682, 108
Trd, 8638842.982, 82
Trd, 8638843.332, 79
Trd, 8638844.432, 110
Trd, 8638847.582, 88
Trd, 8638847.632, 83
Trd, 8638848.582, 111
Trd, 8638849.682, 122
Trd, 8638849.782, 121
Trd, 8638851.532, 123
Trd, 8638853.082, 106
Trd, 8638853.832, 97
Trd, 8638854.082, 109
Trd, 8638854.332, 77
Trd, 8638857.082, 106
Trd, 8638857.882, 105
Trd, 8638858.182, 80
Trd, 8638859.432, 81
Trd, 8638859.782, 91
Trd, 8638862.982, 87
Trd, 8638863.582, 88
Trd, 8638863.882, 94
Trd, 8638865.632, 95
Trd, 8638865.982, 95
Trd, 8638867.232, 91
Trd, 8638867.782, 75
Trd, 8638868.532, 86
Trd, 8638868.882, 99
Trd, 8638870.482, 104
Trd, 8638871.582, 104
Trd, 8638871.932, 107
Trd, 8638874.082, 87
Trd, 8638874.532, 88
Trd, 8638875.082, 107
Trd, 8638876.532, 87
Trd, 8638876.582, 86
Trd, 8638877.432, 93
Trd, 8638878.832, 90
Trd, 8638880.082, 90
Trd, 8638880.332, 105
Trd, 8638881.732, 108
Trd, 8638881.882, 90
Trd, 8638883.932, 112
Trd, 8638884.132, 113
Trd, 8638885.282, 88
Trd, 8638886.882, 130
Trd, 8638889.532, 113
Trd, 8638889.782, 104
Trd, 8638890.082, 101
Trd, 8638891.132, 118
Trd, 8638891.682, 96
Trd, 8638892.032, 113
Trd, 8638892.232, 86
Trd, 8638892.882, 111
Trd, 8638894.282, 79
Trd, 8638897.932, 103
Trd, 8638898.632, 109
Trd, 8638899.382, 81
Trd, 8638900.732, 84
Trd, 8638901.482, 85
Trd, 8638901.832, 84
Trd, 8638904.832, 86
Trd, 8638904.882, 92
Trd, 8638904.932, 95
Trd, 8638905.382, 103
Trd, 8638907.282, 112
Trd, 8638908.282, 87
Trd, 8638908.882, 104
Trd, 8638908.982, 113
Trd, 8638909.332, 87
Trd, 8638910.482, 89
Trd, 8638913.532, 95
Trd, 8638914.282, 104
Trd, 8638914.582, 94
Trd, 8638915.182, 107
Trd, 8638915.832, 89
Trd, 8638916.532, 112
Trd, 8638918.232, 97
Trd, 8638918.782, 106
Trd, 8638919.982, 94
Trd, 8638921.082, 89
Trd, 8638922.682, 92
Trd, 8638923.032, 99
Trd, 8638924.632, 93
Trd, 8638924.832, 100
Trd, 8638925.382, 104
Trd, 8638925.782, 93
Trd, 8638926.732, 86
Trd, 8638926.832, 111
Trd, 8638927.732, 113
Trd, 8638929.382, 93
Trd, 8638931.082, 86
Trd, 8638931.582, 88
Trd, 8638932.132, 86
Trd, 8638933.132, 104
Trd, 8638934.032, 112
Trd, 8638934.382, 80
Trd, 8638936.032, 117
Trd, 8638936.282, 81
Trd, 8638936.482, 77
Trd, 8638936.982, 107
Trd, 8638940.032, 97
Trd, 8638941.332, 104
Trd, 8638941.582, 84
Trd, 8638942.232, 109
Trd, 8638942.932, 113
Trd, 8638943.482, 86
Trd, 8638944.032, 86
Trd, 8638944.482, 104
Trd, 8638946.882, 87
Trd, 8638948.082, 113
Trd, 8638949.682, 90
Trd, 8638950.032, 105
Trd, 8638951.132, 112
Trd, 8638952.282, 99
Trd, 8638953.682, 110
Trd, 8638954.432, 101
Trd, 8638954.632, 95
Trd, 8638954.882, 113
Trd, 8638956.132, 88
Trd, 8638958.082, 90
Trd, 8638959.582, 88
Trd, 8638960.232, 104
Trd, 8638961.632, 107
Trd, 8638962.782, 87
Trd, 8638963.232, 87
Trd, 8638964.682, 101
Trd, 8638966.282, 93
Trd, 8638966.882, 94
Trd, 8638967.282, 92
Trd, 8638967.682, 106
Trd, 8638969.732, 120
Trd, 8638969.982, 121
Trd, 8638970.132, 111
Trd, 8638971.082, 88
Trd, 8638971.982, 94
Trd, 8638974.432, 129
Trd, 8638974.682, 122
Trd, 8638975.682, 96
Trd, 8638977.282, 95
Trd, 8638978.682, 100
Trd, 8638978.932, 104
Trd, 8638980.532, 91
Trd, 8638981.532, 113
Trd, 8638981.782, 88
Trd, 8638982.032, 87
Trd, 8638983.432, 110
Trd, 8638984.132, 80
Trd, 8638986.282, 85
Trd, 8638986.982, 86
Trd, 8638987.082, 95
Trd, 8638987.982, 91
Trd, 8638988.532, 106
Trd, 8638988.882, 88
Trd, 8638992.132, 76
Trd, 8638992.932, 80
Trd, 8638993.932, 93
Trd, 8638994.482, 79
Trd, 8638994.882, 79
Trd, 8638994.982, 105
Trd, 8638998.582, 95
Trd, 8638998.832, 87
Trd, 8639000.132, 88
Trd, 8639000.532, 90
Trd, 8639001.782, 92
Trd, 8639003.532, 95
Trd, 8639003.632, 83
Trd, 8639003.982, 102
Trd, 8639005.132, 102
Trd, 8639006.432, 84
Trd, 8639007.282, 90
Trd, 8639007.682, 89
Trd, 8639008.282, 86
Trd, 8639009.782, 101
Trd, 8639011.532, 113
Trd, 8639013.832, 103
Trd, 8639014.832, 113
Trd, 8639015.582, 121
Trd, 8639015.632, 95
Trd, 8639016.182, 95
Trd, 8639016.882, 94
Trd, 8639017.182, 82
Trd, 8639019.032, 108
Trd, 8639019.432, 112
Trd, 8639020.032, 80
Trd, 8639022.832, 90
Trd, 8639023.632, 87
Trd, 8639024.032, 87
Trd, 8639024.332, 86
Trd, 8639025.132, 103
Trd, 8639025.532, 113
Trd, 8639027.932, 121
Trd, 8639029.332, 81
Trd, 8639030.932, 93
Trd, 8639031.432, 83
Trd, 8639031.682, 101
Trd, 8639034.732, 90
Trd, 8639034.932, 104
Trd, 8639035.232, 103
Trd, 8639035.432, 87
Trd, 8639036.182, 105
Trd, 8639036.982, 90
Trd, 8639038.032, 111
Trd, 8639039.232, 117
Trd, 8639040.182, 90
Trd, 8639040.632, 89
Trd, 8639041.782, 89
Trd, 8639042.982, 113
Trd, 8639043.082, 112
Trd, 8639043.732, 77
Trd, 8639044.082, 121
Trd, 8639045.432, 122
Trd, 8639047.882, 80
Trd, 8639051.382, 88
Trd, 8639051.682, 95
Trd, 8639053.732, 93
Trd, 8639054.032, 95
Trd, 8639054.582, 109
Trd, 8639055.932, 89
Trd, 8639056.932, 90
Trd, 8639057.032, 88
Trd, 8639057.782, 87
Trd, 8639060.332, 106
Trd, 8639060.432, 92
Trd, 8639061.732, 106
Trd, 8639062.432, 109
Trd, 8639063.732, 87
Trd, 8639065.032, 113
Trd, 8639065.082, 89
Trd, 8639065.432, 122
Trd, 8639067.382, 103
Trd, 8639067.882, 91
Trd, 8639068.482, 111
Trd, 8639069.132, 86
Trd, 8639070.482, 107
Trd, 8639072.232, 112
Trd, 8639073.632, 87
Trd, 8639073.782, 83
Trd, 8639075.982, 89
Trd, 8639076.582, 109
Trd, 8639077.532, 120
Trd, 8639081.382, 101
Trd, 8639081.632, 101
Trd, 8639081.832, 100
Trd, 8639082.532, 95
Trd, 8639082.732, 86
Trd, 8639084.082, 104
Trd, 8639085.082, 113
Trd, 8639085.382, 104
Trd, 8639085.432, 129
Trd, 8639088.082, 106
Trd, 8639089.282, 88
Trd, 8639090.632, 89
Trd, 8639092.082, 105
Trd, 8639092.932, 93
Trd, 8639094.982, 103
Trd, 8639095.032, 85
Trd, 8639095.982, 104
Trd, 8639096.332, 91
Trd, 8639098.232, 111
Trd, 8639098.732, 110
Trd, 8639100.332, 104
Trd, 8639102.832, 85
Trd, 8639103.232, 90
Trd, 8639103.332, 95
Trd, 8639104.832, 88
Trd, 8639105.982, 91
Trd, 8639107.082, 91
Trd, 8639108.332, 102
Trd, 8639108.682, 104
Trd, 8639110.082, 113
Trd, 8639110.132, 91
Trd, 8639111.832, 123
Trd, 8639112.132, 122
Trd, 8639112.832, 118
Trd, 8639112.882, 111
Trd, 8639114.982, 118
Trd, 8639116.182, 112
Trd, 8639116.382, 95
Trd, 8639119.332, 106
Trd, 8639120.382, 92
Trd, 8639120.782, 106
Trd, 8639121.532, 132
Trd, 8639121.732, 131
Trd, 8639125.782, 113
Trd, 8639125.832, 104
Trd, 8639126.832, 114
Trd, 8639127.682, 112
Trd, 8639128.032, 98
Trd, 8639129.182, 95
Trd, 8639130.682, 80
Trd, 8639130.982, 78
Trd, 8639132.532, 101
Trd, 8639133.482, 102
Trd, 8639133.532, 87
Trd, 8639134.032, 86
Trd, 8639134.532, 108
Trd, 8639137.332, 114
Trd, 8639137.432, 116
Trd, 8639137.732, 88
Trd, 8639139.032, 88
Trd, 8639141.232, 94
Trd, 8639141.382, 95
Trd, 8639142.232, 90
Trd, 8639142.932, 104
Trd, 8639143.132, 113
Trd, 8639143.332, 86
Trd, 8639143.482, 68
Trd, 8639144.282, 118
Trd, 8639145.582, 119
Trd, 8639147.682, 89
Trd, 8639148.132, 90
Trd, 8639148.832, 101
Trd, 8639149.982, 90
Trd, 8639150.032, 102
Trd, 8639151.682, 87
Trd, 8639154.782, 86
Trd, 8639154.982, 85
Trd, 8639157.132, 88
Trd, 8639159.032, 87
Trd, 8639159.382, 94
Trd, 8639159.882, 86
Trd, 8639161.232, 95
Trd, 8639162.182, 113
Trd, 8639164.632, 91
Trd, 8639165.282, 89
Trd, 8639165.932, 90
Trd, 8639166.482, 111
Trd, 8639167.032, 88
Trd, 8639167.932, 88
Trd, 8639168.632, 95
Trd, 8639169.032, 89
Trd, 8639169.482, 113
Trd, 8639169.782, 118
Trd, 8639172.982, 115
Trd, 8639173.182, 93
Trd, 8639173.982, 92
Trd, 8639174.932, 88
Trd, 8639174.982, 90
Trd, 8639175.332, 77
Trd, 8639175.982, 101
Trd, 8639176.582, 105
Trd, 8639176.932, 78
Trd, 8639178.382, 104
Trd, 8639179.382, 85
Trd, 8639180.882, 84
Trd, 8639181.532, 105
Trd, 8639184.182, 84
Trd, 8639184.282, 88
Trd, 8639184.732, 82
Trd, 8639185.382, 95
Trd, 8639186.982, 90
Trd, 8639188.682, 93
Trd, 8639189.232, 92
Trd, 8639189.482, 91
Trd, 8639189.682, 99
Trd, 8639189.982, 86
Trd, 8639191.132, 111
Trd, 8639191.832, 113
Trd, 8639195.282, 113
Trd, 8639196.082, 104
Trd, 8639196.232, 95
Trd, 8639196.682, 95
Trd, 8639198.132, 103
Trd, 8639198.182, 89
Trd, 8639198.932, 92
Trd, 8639199.132, 110
Trd, 8639199.682, 89
Trd, 8639200.482, 113
Trd, 8639200.882, 92
Trd, 8639202.882, 104
Trd, 8639203.832, 104
Trd, 8639204.282, 91
Trd, 8639204.732, 113
Trd, 8639205.632, 92
Trd, 8639205.932, 92
Trd, 8639208.332, 106
Trd, 8639209.082, 82
Trd, 8639210.632, 110
Trd, 8639212.732, 94
Trd, 8639213.082, 97
Trd, 8639213.382, 93
Trd, 8639214.932, 106
Trd, 8639216.132, 93
Trd, 8639216.832, 95
Trd, 8639217.132, 87
Trd, 8639218.232, 87
Trd, 8639220.982, 81
Trd, 8639222.582, 99
Trd, 8639222.882, 84
Trd, 8639222.982, 99
Trd, 8639223.582, 85
Trd, 8639223.632, 90
Trd, 8639224.882, 78
Trd, 8639226.682, 104
Trd, 8639227.032, 113
Trd, 8639228.582, 94
Trd, 8639229.232, 104
Trd, 8639230.632, 88
Trd, 8639231.882, 100
Trd, 8639232.382, 90
Trd, 8639234.232, 90
Trd, 8639234.632, 100
Trd, 8639236.732, 91
Trd, 8639236.932, 100
Trd, 8639237.132, 87
Trd, 8639237.632, 108
Trd, 8639238.482, 109
Trd, 8639240.282, 93
Trd, 8639241.382, 94
Trd, 8639243.232, 127
Trd, 8639243.532, 113
Trd, 8639245.182, 124
Trd, 8639245.932, 118
Trd, 8639245.982, 95
Trd, 8639248.632, 91
Trd, 8639249.132, 90
Trd, 8639250.382, 88
Trd, 8639250.982, 106
Trd, 8639252.382, 89
Trd, 8639252.782, 103
Trd, 8639253.332, 105
Trd, 8639253.432, 90
Trd, 8639255.232, 80
Trd, 8639255.432, 112
Trd, 8639256.032, 80
Trd, 8639259.232, 120
Trd, 8639259.632, 119
Trd, 8639260.182, 113
Trd, 8639262.182, 89
Trd, 8639262.932, 87
Trd, 8639263.832, 95
Trd, 8639264.182, 113
Trd, 8639265.632, 104
Trd, 8639266.682, 81
Trd, 8639267.632, 83
Trd, 8639268.082, 95
Trd, 8639270.032, 88
Trd, 8639270.932, 89
Trd, 8639271.032, 82
Trd, 8639271.632, 113
Trd, 8639271.832, 122
Trd, 8639272.232, 88
Trd, 8639275.632, 86
Trd, 8639276.082, 108
Trd, 8639276.832, 87
Trd, 8639277.982, 86
Trd, 8639278.532, 102
Trd, 8639278.882, 104
Trd, 8639279.632, 88
Trd, 8639280.782, 79
Trd, 8639280.982, 106
Trd, 8639283.582, 80
Trd, 8639283.682, 103
Trd, 8639285.532, 94
Trd, 8639286.932, 95
Trd, 8639289.132, 90
Trd, 8639289.782, 91
Trd, 8639289.832, 104
Trd, 8639290.382, 104
Trd, 8639291.482, 91
Trd, 8639291.982, 103
Trd, 8639292.032, 108
Trd, 8639293.632, 80
Trd, 8639293.682, 79
Trd, 8639294.582, 95
Trd, 8639294.882, 90
Trd, 8639296.082, 78
Trd, 8639296.732, 77
Trd, 8639299.082, 103
Trd, 8639301.332, 95
Trd, 8639302.332, 96
Trd, 8639303.732, 88
Trd, 8639305.082, 84
Trd, 8639305.432, 81
Trd, 8639307.882, 111
Trd, 8639308.182, 86
Trd, 8639308.232, 86
Trd, 8639308.482, 113
Trd, 8639308.982, 113
Trd, 8639311.582, 91
Trd, 8639312.532, 87
Trd, 8639312.582, 103
Trd, 8639312.932, 113
Trd, 8639314.282, 86
Trd, 8639314.332, 102
Trd, 8639316.782, 103
Trd, 8639317.782, 88
Trd, 8639318.982, 104
Trd, 8639319.082, 90
Trd, 8639319.232, 88
Trd, 8639319.682, 104
Trd, 8639320.132, 104
Trd, 8639321.282, 87
Trd, 8639321.782, 119
Trd, 8639323.832, 113
Trd, 8639324.682, 90
Trd, 8639325.132, 110
Trd, 8639326.832, 92
Trd, 8639327.232, 91
Trd, 8639327.532, 101
Trd, 8639329.932, 94
Trd, 8639330.232, 93
Trd, 8639330.832, 102
Trd, 8639331.132, 91
Trd, 8639331.682, 107
Trd, 8639335.782, 125
Trd, 8639336.582, 122
Trd, 8639337.032, 104
Trd, 8639337.432, 95
Trd, 8639337.932, 106
Trd, 8639338.482, 122
Trd, 8639339.532, 90
Trd, 8639341.882, 92
Trd, 8639342.582, 115
Trd, 8639342.782, 91
Trd, 8639344.332, 113
Trd, 8639344.582, 119
Trd, 8639346.182, 113
Trd, 8639346.632, 86
Trd, 8639346.982, 115
Trd, 8639347.532, 105
Trd, 8639348.582, 94
Trd, 8639352.182, 89
Trd, 8639352.582, 106
Trd, 8639352.632, 108
Trd, 8639354.032, 93
Trd, 8639354.882, 122
Trd, 8639356.482, 88
Trd, 8639359.132, 95
Trd, 8639359.382, 100
Trd, 8639359.782, 86
Trd, 8639361.982, 88
Trd, 8639362.132, 88
Trd, 8639364.182, 96
Trd, 8639365.032, 113
Trd, 8639366.032, 92
Trd, 8639368.232, 93
Trd, 8639368.332, 104
Trd, 8639368.632, 111
Trd, 8639368.982, 93
Trd, 8639370.232, 94
Trd, 8639371.182, 108
Trd, 8639372.032, 96
Trd, 8639372.282, 95
Trd, 8639373.082, 91
Trd, 8639374.432, 102
Trd, 8639374.882, 103
Trd, 8639376.232, 106
Trd, 8639377.382, 91
Trd, 8639379.082, 114
Trd, 8639380.282, 88
Trd, 8639380.432, 86
Trd, 8639381.232, 109
Trd, 8639382.032, 83
Trd, 8639384.132, 82
Trd, 8639384.332, 95
Trd, 8639384.632, 113
Trd, 8639386.132, 114
Trd, 8639386.982, 117
Trd, 8639387.182, 113
Trd, 8639387.432, 104
Trd, 8639387.582, 119
Trd, 8639391.182, 104
Trd, 8639392.182, 100
Trd, 8639392.782, 113
Trd, 8639393.382, 121
Trd, 8639394.882, 118
Trd, 8639395.232, 96
Trd, 8639395.682, 95
Trd, 8639396.382, 107
Trd, 8639397.732, 86
Trd, 8639399.882, 119
Trd, 8639399.932, 115
Trd, 8639400.282, 111
Trd, 8639400.432, 104
Trd, 8639401.332, 111
Trd, 8639402.382, 86
Trd, 8639404.132, 113
Trd, 8639404.532, 95
Trd, 8639404.582, 86
Trd, 8639404.782, 114
Trd, 8639406.132, 129
Trd, 8639408.082, 122
Trd, 8639408.232, 122
Trd, 8639409.032, 81
Trd, 8639409.382, 107
Trd, 8639410.082, 80
Trd, 8639411.432, 119
Trd, 8639411.932, 72
Trd, 8639413.232, 77
Trd, 8639414.032, 85
Trd, 8639417.232, 86
Trd, 8639419.132, 90
Trd, 8639419.282, 86
Trd, 8639419.932, 87
Trd, 8639420.532, 87
Trd, 8639421.332, 108
Trd, 8639423.282, 79
Trd, 8639423.432, 77
Trd, 8639424.032, 86
Trd, 8639424.632, 95
Trd, 8639425.882, 106
Trd, 8639427.382, 103
Trd, 8639428.432, 82
Trd, 8639430.582, 93
Trd, 8639430.832, 88
Trd, 8639431.282, 94
Trd, 8639431.632, 85
Trd, 8639433.082, 88
Trd, 8639434.832, 92
Trd, 8639436.782, 97
Trd, 8639436.932, 106
Trd, 8639440.782, 101
Trd, 8639440.932, 96
Trd, 8639441.032, 105
Trd, 8639441.432, 95
Trd, 8639441.782, 86
Trd, 8639444.682, 105
Trd, 8639445.282, 85
Trd, 8639445.482, 84
Trd, 8639446.282, 82
Trd, 8639446.482, 86
Trd, 8639447.982, 112
Trd, 8639448.082, 113
Trd, 8639448.382, 88
Trd, 8639450.132, 108
Trd, 8639451.482, 95
Trd, 8639452.882, 87
Trd, 8639453.232, 112
Trd, 8639453.832, 79
Trd, 8639455.832, 111
Trd, 8639456.132, 113
Trd, 8639456.782, 86
Trd, 8639457.532, 90
Trd, 8639458.082, 86
Trd, 8639458.232, 122
Trd, 8639460.332, 111
Trd, 8639460.782, 81
Trd, 8639461.982, 122
Trd, 8639463.782, 97
Trd, 8639464.132, 77
Trd, 8639465.882, 113
Trd, 8639467.682, 85
Trd, 8639469.182, 88
Trd, 8639469.832, 112
Trd, 8639470.182, 120
Trd, 8639471.382, 113
Trd, 8639471.482, 121
Trd, 8639472.582, 87
Trd, 8639473.582, 127
Trd, 8639473.932, 88
Trd, 8639475.482, 78
Trd, 8639476.432, 109
Trd, 8639477.132, 111
Trd, 8639477.682, 95
Trd, 8639478.832, 111
Trd, 8639479.932, 112
Trd, 8639480.682, 118
Trd, 8639480.932, 82
Trd, 8639481.582, 121
Trd, 8639483.482, 90
Trd, 8639485.082, 114
Trd, 8639485.132, 113
Trd, 8639485.282, 95
Trd, 8639485.482, 114
Trd, 8639487.632, 90
Trd, 8639488.082, 90
Trd, 8639488.482, 87
Trd, 8639489.232, 102
Trd, 8639489.782, 104
Trd, 8639493.532, 87
Trd, 8639493.582, 111
Trd, 8639494.582, 122
Trd, 8639496.432, 114
Trd, 8639496.482, 113
Trd, 8639499.032, 86
Trd, 8639499.082, 77
Trd, 8639500.032, 110
Trd, 8639500.382, 110
Trd, 8639500.632, 112
Trd, 8639503.282, 77
Trd, 8639505.682, 89
Trd, 8639506.082, 87
Trd, 8639506.132, 95
Trd, 8639506.432, 100
Trd, 8639508.382, 91
Trd, 8639509.082, 113
Trd, 8639510.532, 106
Trd, 8639512.082, 109
Trd, 8639513.532, 103
Trd, 8639513.882, 105
Trd, 8639515.182, 97
Trd, 8639515.582, 93
Trd, 8639515.732, 86
Trd, 8639516.832, 104
Trd, 8639517.682, 113
Trd, 8639518.132, 122
Trd, 8639518.482, 82
Trd, 8639519.732, 79
Trd, 8639520.782, 101
Trd, 8639522.482, 83
Trd, 8639522.682, 82
Trd, 8639523.932, 87
Trd, 8639525.882, 86
Trd, 8639526.832, 102
Trd, 8639527.182, 78
Trd, 8639527.932, 113
Trd, 8639529.182, 103
Trd, 8639531.332, 89
Trd, 8639531.832, 91
Trd, 8639532.382, 101
Trd, 8639532.982, 92
Trd, 8639533.832, 113
Trd, 8639534.232, 95
Trd, 8639534.382, 103
Trd, 8639534.782, 94
Trd, 8639538.182, 96
Trd, 8639538.532, 95
Trd, 8639539.282, 103
Trd, 8639540.182, 104
Trd, 8639543.182, 104
Trd, 8639543.282, 93
Trd, 8639543.682, 111
Trd, 8639543.932, 92
Trd, 8639544.882, 89
Trd, 8639545.182, 77
Trd, 8639547.082, 68
Trd, 8639548.182, 113
Trd, 8639548.782, 112
Trd, 8639551.632, 129
Trd, 8639552.182, 97
Trd, 8639553.882, 101
Trd, 8639555.882, 101
Trd, 8639556.032, 112
Trd, 8639556.182, 95
Trd, 8639556.832, 96
Trd, 8639557.282, 96
Trd, 8639558.482, 110
Trd, 8639558.582, 82
Trd, 8639560.532, 97
Trd, 8639561.682, 104
Trd, 8639562.982, 111
Trd, 8639564.682, 112
Trd, 8639564.932, 95
Trd, 8639565.332, 103
Trd, 8639565.832, 86
Trd, 8639568.982, 94
Trd, 8639570.832, 100
Trd, 8639571.232, 84
Trd, 8639571.782, 107
Trd, 8639572.932, 86
Trd, 8639574.682, 105
Trd, 8639576.082, 92
Trd, 8639577.032, 90
Trd, 8639577.232, 94
Trd, 8639578.182, 82
Trd, 8639578.682, 82
Trd, 8639579.982, 91
Trd, 8639580.582, 108
Trd, 8639581.732, 111
Trd, 8639582.532, 89
Trd, 8639583.982, 90
Trd, 8639585.732, 90
Trd, 8639585.832, 104
Trd, 8639586.782, 87
Trd, 8639587.432, 88
Trd, 8639587.682, 95
Trd, 8639588.382, 88
Trd, 8639589.282, 110
Trd, 8639589.532, 86
Trd, 8639590.882, 112
Trd, 8639591.982, 87
Trd, 8639593.082, 105
Trd, 8639594.182, 88
Trd, 8639595.082, 82
Trd, 8639598.282, 90
Trd, 8639598.782, 86
Trd, 8639599.632, 104
Trd, 8639599.782, 111
Trd, 8639601.982, 110
Trd, 8639602.382, 95
Trd, 8639602.532, 113
Trd, 8639604.182, 108
Trd, 8639604.732, 97
Trd, 8639605.682, 113
Trd, 8639607.632, 94
Trd, 8639607.782, 94
Trd, 8639608.832, 111
Trd, 8639608.982, 93
Trd, 8639611.132, 102
Trd, 8639612.332, 103
Trd, 8639612.432, 84
Trd, 8639614.182, 87
Trd, 8639614.382, 84
Trd, 8639614.732, 91
Trd, 8639615.582, 104
Trd, 8639616.282, 128
Trd, 8639618.882, 87
Trd, 8639619.582, 95
Trd, 8639619.932, 84
Trd, 8639620.582, 122
Trd, 8639621.282, 79
Trd, 8639621.832, 131
Trd, 8639622.282, 95
Trd, 8639624.682, 102
Trd, 8639625.482, 84
Trd, 8639625.982, 83
Trd, 8639627.932, 103
Trd, 8639628.082, 104
Trd, 8639629.732, 91
Trd, 8639629.832, 86
Trd, 8639632.182, 94
Trd, 8639633.232, 117
Trd, 8639633.432, 111
Trd, 8639634.682, 97
Trd, 8639635.282, 108
Trd, 8639635.532, 96
Trd, 8639635.932, 110
Trd, 8639636.732, 112
Trd, 8639639.682, 112
Trd, 8639639.932, 109
Trd, 8639640.232, 101
Trd, 8639641.532, 96
Trd, 8639641.632, 113
Trd, 8639643.682, 65
Trd, 8639644.382, 104
Trd, 8639647.632, 91
Trd, 8639648.032, 90
Trd, 8639648.282, 93
Trd, 8639648.332, 108
Trd, 8639649.382, 89
Trd, 8639649.682, 110
Trd, 8639650.682, 120
Trd, 8639652.582, 92
Trd, 8639655.232, 103
Trd, 8639655.632, 86
Trd, 8639657.432, 88
Trd, 8639657.832, 95
Trd, 8639658.582, 88
Trd, 8639658.682, 86
Trd, 8639662.082, 100
Trd, 8639662.482, 103
Trd, 8639662.632, 92
Trd, 8639662.982, 107
Trd, 8639664.482, 94
Trd, 8639665.682, 108
Trd, 8639667.382, 119
Trd, 8639667.582, 95
Trd, 8639668.032, 119
Trd, 8639669.232, 98
Trd, 8639670.732, 113
Trd, 8639671.182, 96
Trd, 8639671.982, 92
Trd, 8639672.032, 87
Trd, 8639672.982, 110
Trd, 8639673.582, 113
Trd, 8639674.882, 101
Trd, 8639675.532, 93
Trd, 8639675.682, 103
Trd, 8639677.982, 95
Trd, 8639678.732, 97
Trd, 8639680.682, 110
Trd, 8639681.082, 90
Trd, 8639681.732, 117
Trd, 8639682.532, 92
Trd, 8639682.832, 117
Trd, 8639683.432, 94
Trd, 8639683.982, 129
Trd, 8639686.282, 123
Trd, 8639686.932, 122
Trd, 8639687.332, 112
Trd, 8639687.582, 104
Trd, 8639690.532, 86
Trd, 8639690.782, 104
Trd, 8639691.882, 86
Trd, 8639693.432, 88
Trd, 8639694.282, 95
Trd, 8639694.782, 89
Trd, 8639696.232, 78
Trd, 8639696.732, 118
Trd, 8639699.132, 89
Trd, 8639700.432, 92
Trd, 8639700.532, 90
Trd, 8639700.782, 87
Trd, 8639700.982, 95
Trd, 8639702.182, 112
Trd, 8639703.882, 81
Trd, 8639704.332, 80
Trd, 8639705.432, 78
Trd, 8639707.132, 103
Trd, 8639708.732, 105
Trd, 8639710.582, 96
Trd, 8639710.682, 89
Trd, 8639711.382, 90
Trd, 8639713.282, 113
Trd, 8639714.232, 123
Trd, 8639714.732, 96
Trd, 8639716.682, 120
Trd, 8639716.732, 121
Trd, 8639717.832, 112
Trd, 8639720.482, 113
Trd, 8639720.532, 111
Trd, 8639720.682, 114
Trd, 8639721.682, 89
Trd, 8639722.132, 88
Trd, 8639723.432, 120
Trd, 8639725.482, 103
Trd, 8639726.582, 92
Trd, 8639727.832, 93
Trd, 8639729.182, 83
Trd, 8639730.082, 105
Trd, 8639730.232, 106
Trd, 8639730.332, 112
Trd, 8639732.982, 90
Trd, 8639733.282, 112
Trd, 8639734.082, 87
Trd, 8639735.132, 79
Trd, 8639737.332, 112
Trd, 8639737.982, 81
Trd, 8639738.682, 95
Trd, 8639739.282, 84
Trd, 8639740.182, 104
Trd, 8639741.532, 88
Trd, 8639742.082, 86
Trd, 8639742.532, 107
Trd, 8639744.482, 112
Trd, 8639744.632, 113
Trd, 8639747.432, 114
Trd, 8639748.432, 113
Trd, 8639748.582, 104
Trd, 8639749.832, 89
Trd, 8639750.232, 91
Trd, 8639751.182, 113
Trd, 8639752.582, 89
Trd, 8639753.432, 88
Trd, 8639754.382, 111
Trd, 8639754.632, 87
Trd, 8639756.882, 112
Trd, 8639757.432, 90
Trd, 8639757.882, 78
Trd, 8639759.582, 109
Trd, 8639761.182, 120
Trd, 8639762.432, 104
Trd, 8639762.732, 113
Trd, 8639764.082, 88
Trd, 8639765.332, 95
Trd, 8639766.032, 79
Trd, 8639766.982, 97
Trd, 8639767.682, 85
Trd, 8639770.432, 106
Trd, 8639771.032, 97
Trd, 8639771.532, 95
Trd, 8639772.282, 112
Trd, 8639772.782, 113
Trd, 8639773.582, 122
Trd, 8639775.682, 79
Trd, 8639776.882, 85
Trd, 8639776.932, 93
Trd, 8639779.132, 83
Trd, 8639779.732, 90
Trd, 8639780.832, 83
Trd, 8639782.782, 94
Trd, 8639783.932, 102
Trd, 8639784.132, 105
Trd, 8639784.582, 90
Trd, 8639786.082, 91
Trd, 8639786.632, 90
Trd, 8639787.732, 103
Trd, 8639788.632, 109
Trd, 8639789.132, 113
Trd, 8639789.332, 81
Trd, 8639791.082, 113
Trd, 8639791.532, 82
Trd, 8639792.332, 76
Trd, 8639793.682, 105
Trd, 8639794.182, 105
Trd, 8639794.582, 104
Trd, 8639795.882, 111
Trd, 8639797.832, 110
Trd, 8639798.632, 81
Trd, 8639799.032, 80
Trd, 8639800.382, 87
Trd, 8639801.632, 86
Trd, 8639802.432, 86
Trd, 8639804.782, 90
Trd, 8639806.432, 90
Trd, 8639806.932, 95
Trd, 8639807.782, 104
Trd, 8639809.132, 113
Trd, 8639810.382, 109
Trd, 8639810.832, 115
Trd, 8639810.932, 104
Trd, 8639813.682, 97
Trd, 8639815.682, 89
Trd, 8639815.982, 89
Trd, 8639816.232, 103
Trd, 8639818.232, 84
Trd, 8639818.882, 104
Trd, 8639820.532, 86
Trd, 8639820.932, 83
Trd, 8639824.382, 109
Trd, 8639825.032, 89
Trd, 8639825.082, 105
Trd, 8639826.332, 87
Trd, 8639827.482, 79
Trd, 8639827.582, 88
Trd, 8639829.882, 104
Trd, 8639830.882, 81
Trd, 8639831.032, 108
Trd, 8639831.932, 108
Trd, 8639833.732, 83
Trd, 8639833.832, 90
Trd, 8639834.432, 80
Trd, 8639835.382, 86
Trd, 8639838.132, 93
Trd, 8639838.432, 103
Trd, 8639839.182, 102
Trd, 8639840.782, 98
Trd, 8639841.832, 100
Trd, 8639842.682, 104
Trd, 8639842.982, 105
Trd, 8639844.382, 113
Trd, 8639844.682, 100
Trd, 8639847.482, 106
Trd, 8639848.432, 122
Trd, 8639848.882, 116
Trd, 8639849.382, 113
Trd, 8639849.882, 130
Trd, 8639850.482, 105
Trd, 8639851.782, 104
Trd, 8639852.082, 106
Trd, 8639854.732, 113
Trd, 8639854.982, 122
Trd, 8639855.282, 89
Trd, 8639855.832, 86
Trd, 8639857.832, 80
Trd, 8639857.982, 107
Trd, 8639858.532, 112
Trd, 8639860.682, 113
Trd, 8639860.732, 112
Trd, 8639862.432, 126
Trd, 8639862.482, 122
Trd, 8639862.832, 111
Trd, 8639865.482, 97
Trd, 8639865.932, 95
Trd, 8639866.382, 110
Trd, 8639867.332, 104
Trd, 8639868.282, 89
Trd, 8639869.032, 107
Trd, 8639870.082, 88
Trd, 8639871.482, 108
Trd, 8639873.082, 86
Trd, 8639873.432, 94
Trd, 8639873.882, 88
Trd, 8639874.282, 105
Trd, 8639875.982, 88
Trd, 8639876.382, 112
Trd, 8639876.732, 87
Trd, 8639877.332, 107
Trd, 8639879.482, 88
Trd, 8639880.082, 105
Trd, 8639880.532, 110
Trd, 8639881.282, 77
Trd, 8639883.482, 80
Trd, 8639884.332, 87
Trd, 8639884.732, 100
Trd, 8639885.782, 121
Trd, 8639888.382, 116
Trd, 8639888.982, 113
Trd, 8639889.982, 77
Trd, 8639891.632, 85
Trd, 8639891.782, 92
Trd, 8639893.782, 89
Trd, 8639894.982, 89
Trd, 8639895.232, 109
Trd, 8639895.632, 118
Trd, 8639897.132, 92
Trd, 8639897.782, 113
Trd, 8639898.932, 96
Trd, 8639899.832, 119
Trd, 8639901.832, 109
Trd, 8639901.932, 98
Trd, 8639902.832, 97
Trd, 8639904.132, 95
Trd, 8639904.282, 86
Trd, 8639904.482, 111
Trd, 8639904.632, 121
Trd, 8639908.532, 85
Trd, 8639908.982, 84
Trd, 8639909.932, 89
Trd, 8639910.532, 100
Trd, 8639911.032, 105
Trd, 8639912.032, 86
Trd, 8639913.332, 87
Trd, 8639915.432, 108
Trd, 8639915.732, 113
Trd, 8639915.782, 90
Trd, 8639916.832, 120
Trd, 8639916.882, 87
Trd, 8639918.782, 104
Trd, 8639921.182, 114
Trd, 8639921.332, 113
Trd, 8639921.632, 104
Trd, 8639922.582, 93
Trd, 8639924.532, 88
Trd, 8639924.932, 91
Trd, 8639925.232, 105
Trd, 8639927.532, 90
Trd, 8639927.582, 106
Trd, 8639929.082, 87
Trd, 8639929.582, 107
Trd, 8639930.382, 77
Trd, 8639931.132, 110
Trd, 8639931.332, 113
Trd, 8639932.982, 74
Trd, 8639935.232, 77
Trd, 8639935.382, 79
Trd, 8639936.582, 95
Trd, 8639937.732, 88
Trd, 8639938.682, 92
Trd, 8639939.532, 102
Trd, 8639941.232, 93
Trd, 8639943.332, 86
Trd, 8639943.782, 84
Trd, 8639944.182, 103
Trd, 8639944.782, 103
Trd, 8639945.732, 82
Trd, 8639947.382, 101
Trd, 8639947.882, 105
Trd, 8639949.632, 90
Trd, 8639950.782, 89
Trd, 8639951.982, 94
Trd, 8639952.082, 90
Trd, 8639952.732, 113
Trd, 8639953.932, 107
Trd, 8639954.632, 95
Trd, 8639955.182, 93
Trd, 8639956.132, 106
Trd, 8639956.482, 93
Trd, 8639958.582, 89
Trd, 8639958.982, 98
Trd, 8639959.482, 91
Trd, 8639959.682, 121
Trd, 8639959.982, 90
Trd, 8639961.132, 77
Trd, 8639962.632, 103
Trd, 8639964.132, 117
Trd, 8639965.332, 104
Trd, 8639966.832, 80
Trd, 8639967.782, 86
Trd, 8639968.132, 83
Trd, 8639968.332, 104
Trd, 8639970.682, 82
Trd, 8639971.032, 85
Trd, 8639971.682, 86
Trd, 8639972.582, 87
Trd, 8639973.632, 112
Trd, 8639974.082, 87
Trd, 8639974.482, 113
Trd, 8639975.582, 89
Trd, 8639977.132, 86
Trd, 8639978.182, 87
Trd, 8639979.382, 88
Trd, 8639981.032, 82
Trd, 8639981.882, 94
Trd, 8639982.232, 95
Trd, 8639982.832, 105
Trd, 8639983.482, 86
Trd, 8639983.832, 86
Trd, 8639984.632, 104
Trd, 8639986.732, 79
Trd, 8639989.332, 101
Trd, 8639989.432, 84
Trd, 8639989.932, 83
Trd, 8639990.932, 92
Trd, 8639991.082, 99
Trd, 8639992.382, 79
Trd, 8639993.282, 80
Trd, 8639994.032, 115
Trd, 8639996.832, 86
Trd, 8639997.832, 86
Trd, 8639997.932, 85
Trd, 8639998.382, 94
