Trd, 8637896.782, 97
Trd, 8637898.032, 100
Trd, 8637900.332, 101
Trd, 8637900.982, 100
Trd, 8637901.132, 104
Trd, 8637901.832, 100
Trd, 8637905.332, 94
Trd, 8637905.632, 95
Trd, 8637906.182, 94
Trd, 8637906.932, 95
Trd, 8637909.382, 89
Trd, 8637911.432, 97
Trd, 8637911.632, 92
Trd, 8637912.882, 92
Trd, 8637912.982, 93
Trd, 8637913.432, 95
Trd, 8637914.382, 95
Trd, 8637918.232, 87
Trd, 8637919.782, 88
Trd, 8637919.932, 88
Trd, 8637921.532, 92
Trd, 8637922.832, 94
Trd, 8637923.832, 92
Trd, 8637926.532, 91
Trd, 8637928.982, 98
Trd, 8637929.132, 98
Trd, 8637929.232, 99
Trd, 8637929.882, 100
Trd, 8637931.132, 100
Trd, 8637931.532, 104
Trd, 8637935.032, 99
Trd, 8637935.332, 99
Trd, 8637935.582, 100
Trd, 8637938.432, 98
Trd, 8637938.932, 98
Trd, 8637941.082, 101
Trd, 8637941.482, 100
Trd, 8637943.882, 99
Trd, 8637944.882, 96
Trd, 8637945.082, 96
Trd, 8637945.932, 103
Trd, 8637946.432, 95
Trd, 8637948.932, 95
Trd, 8637949.032, 96
Trd, 8637952.132, 99
Trd, 8637953.182, 98
Trd, 8637953.482, 99
Trd, 8637956.232, 102
Trd, 8637956.982, 105
Trd, 8637957.232, 104
Trd, 8637958.682, 99
Trd, 8637959.482, 97
Trd, 8637960.332, 102
Trd, 8637961.532, 101
Trd, 8637963.882, 97
Trd, 8637965.632, 98
Trd, 8637965.882, 99
Trd, 8637966.182, 98
Trd, 8637967.582, 98
Trd, 8637969.432, 98
Trd, 8637971.332, 104
Trd, 8637972.432, 104
Trd, 8637975.182, 103
Trd, 8637977.532, 107
Trd, 8637978.232, 98
Trd, 8637980.382, 97
Trd, 8637980.532, 99
Trd, 8637982.682, 98
Trd, 8637983.082, 105
Trd, 8637984.432, 100
Trd, 8637984.782, 100
Trd, 8637985.582, 101
Trd, 8637986.582, 102
Trd, 8637989.632, 98
Trd, 8637989.932, 98
Trd, 8637990.982, 98
Trd, 8637991.082, 87
Trd, 8637993.282, 95
Trd, 8637994.232, 94
Trd, 8637994.682, 95
Trd, 8637996.882, 100
Trd, 8637997.032, 100
Trd, 8637997.432, 99
Trd, 8637997.682, 99
Trd, 8637999.532, 91
Trd, 8638002.482, 114
Trd, 8638003.032, 113
Trd, 8638004.132, 107
Trd, 8638004.382, 104
Trd, 8638006.632, 101
Trd, 8638008.282, 101
Trd, 8638008.582, 103
Trd, 8638011.932, 96
Trd, 8638012.132, 100
Trd, 8638012.582, 104
Trd, 8638016.032, 91
Trd, 8638017.382, 95
Trd, 8638019.282, 102
Trd, 8638019.482, 103
Trd, 8638019.532, 104
Trd, 8638023.232, 102
Trd, 8638025.432, 91
Trd, 8638026.082, 98
Trd, 8638028.032, 98
Trd, 8638028.082, 100
Trd, 8638028.382, 98
Trd, 8638031.082, 98
Trd, 8638031.932, 96
Trd, 8638032.132, 97
Trd, 8638032.182, 96
Trd, 8638033.132, 104
Trd, 8638038.482, 97
Trd, 8638038.832, 97
Trd, 8638040.432, 102
Trd, 8638041.682, 101
Trd, 8638041.982, 99
Trd, 8638042.782, 97
Trd, 8638044.932, 98
Trd, 8638046.732, 95
Trd, 8638047.232, 97
Trd, 8638047.482, 95
Trd, 8638048.182, 96
Trd, 8638052.282, 115
Trd, 8638052.432, 114
Trd, 8638052.682, 114
Trd, 8638053.882, 112
Trd, 8638055.632, 106
Trd, 8638056.282, 104
Trd, 8638057.482, 103
Trd, 8638058.232, 102
Trd, 8638059.482, 102
Trd, 8638061.032, 104
Trd, 8638061.982, 97
Trd, 8638062.932, 109
Trd, 8638066.832, 106
Trd, 8638069.382, 100
Trd, 8638070.232, 100
Trd, 8638070.582, 100
Trd, 8638072.032, 97
Trd, 8638073.432, 97
Trd, 8638076.832, 85
Trd, 8638077.332, 88
Trd, 8638079.532, 92
Trd, 8638079.632, 89
Trd, 8638080.932, 93
Trd, 8638082.182, 95
Trd, 8638084.382, 115
Trd, 8638086.432, 108
Trd, 8638086.632, 106
Trd, 8638087.432, 105
Trd, 8638087.682, 105
Trd, 8638088.032, 104
Trd, 8638088.082, 108
Trd, 8638091.882, 113
Trd, 8638093.132, 108
Trd, 8638093.482, 108
Trd, 8638095.382, 105
Trd, 8638095.432, 108
Trd, 8638099.632, 100
Trd, 8638100.282, 101
Trd, 8638100.382, 98
Trd, 8638102.432, 104
Trd, 8638105.482, 116
Trd, 8638105.632, 116
Trd, 8638106.282, 110
Trd, 8638107.382, 108
Trd, 8638108.032, 108
Trd, 8638108.232, 104
Trd, 8638110.232, 103
Trd, 8638110.932, 105
Trd, 8638111.432, 103
Trd, 8638113.332, 96
Trd, 8638114.232, 94
Trd, 8638115.032, 97
Trd, 8638115.282, 104
Trd, 8638118.582, 104
Trd, 8638119.532, 103
Trd, 8638121.982, 99
Trd, 8638122.132, 99
Trd, 8638122.482, 100
Trd, 8638125.932, 113
Trd, 8638126.782, 111
Trd, 8638127.032, 111
Trd, 8638130.632, 104
Trd, 8638130.982, 105
Trd, 8638131.982, 105
Trd, 8638135.082, 84
Trd, 8638137.332, 100
Trd, 8638137.782, 100
Trd, 8638138.282, 102
Trd, 8638140.432, 108
Trd, 8638141.632, 106
Trd, 8638142.132, 108
Trd, 8638144.282, 104
Trd, 8638144.882, 105
Trd, 8638145.582, 105
Trd, 8638146.532, 104
Trd, 8638147.782, 90
Trd, 8638148.482, 99
Trd, 8638150.032, 95
Trd, 8638151.382, 91
Trd, 8638152.032, 93
Trd, 8638152.532, 93
Trd, 8638152.982, 92
Trd, 8638156.232, 93
Trd, 8638156.982, 94
Trd, 8638157.282, 104
Trd, 8638158.732, 95
Trd, 8638160.882, 105
Trd, 8638161.682, 105
Trd, 8638162.082, 104
Trd, 8638162.732, 104
Trd, 8638165.932, 114
Trd, 8638166.382, 111
Trd, 8638167.532, 97
Trd, 8638168.582, 97
Trd, 8638169.532, 101
Trd, 8638170.182, 100
Trd, 8638172.282, 98
Trd, 8638172.882, 98
Trd, 8638173.032, 103
Trd, 8638174.582, 98
Trd, 8638175.832, 104
Trd, 8638176.032, 96
Trd, 8638179.982, 113
Trd, 8638181.882, 107
Trd, 8638182.032, 106
Trd, 8638182.682, 105
Trd, 8638184.482, 97
Trd, 8638185.182, 95
Trd, 8638187.232, 93
Trd, 8638187.282, 94
Trd, 8638187.532, 92
Trd, 8638188.882, 95
Trd, 8638191.832, 102
Trd, 8638191.982, 103
Trd, 8638192.082, 102
Trd, 8638193.932, 104
Trd, 8638195.382, 104
Trd, 8638196.632, 114
Trd, 8638196.832, 113
Trd, 8638199.182, 111
Trd, 8638202.732, 105
Trd, 8638203.132, 104
Trd, 8638203.532, 103
Trd, 8638203.982, 103
Trd, 8638206.382, 98
Trd, 8638207.282, 99
Trd, 8638209.982, 92
Trd, 8638210.632, 93
Trd, 8638211.332, 95
Trd, 8638212.632, 83
Trd, 8638214.582, 91
Trd, 8638215.782, 94
Trd, 8638216.882, 104
Trd, 8638219.432, 102
Trd, 8638220.482, 102
Trd, 8638220.982, 113
Trd, 8638223.082, 120
Trd, 8638224.582, 116
Trd, 8638225.282, 114
Trd, 8638225.832, 113
Trd, 8638227.932, 97
Trd, 8638229.532, 102
Trd, 8638232.032, 95
Trd, 8638232.332, 97
Trd, 8638233.832, 99
Trd, 8638234.232, 99
Trd, 8638234.432, 100
Trd, 8638234.832, 96
Trd, 8638237.432, 97
Trd, 8638238.282, 97
Trd, 8638238.732, 98
Trd, 8638239.982, 100
Trd, 8638240.982, 100
Trd, 8638244.382, 96
Trd, 8638245.332, 93
Trd, 8638245.832, 93
Trd, 8638249.732, 97
Trd, 8638250.082, 95
Trd, 8638251.082, 96
Trd, 8638251.382, 104
Trd, 8638255.282, 100
Trd, 8638256.682, 104
Trd, 8638258.132, 100
Trd, 8638258.382, 100
Trd, 8638258.782, 101
Trd, 8638260.932, 109
Trd, 8638261.732, 110
Trd, 8638262.682, 112
Trd, 8638264.482, 107
Trd, 8638265.232, 105
Trd, 8638265.682, 108
Trd, 8638267.132, 105
Trd, 8638269.382, 98
Trd, 8638270.282, 98
Trd, 8638271.332, 98
Trd, 8638271.532, 98
Trd, 8638272.882, 96
Trd, 8638273.232, 96
Trd, 8638274.382, 88
Trd, 8638275.982, 103
Trd, 8638279.482, 95
Trd, 8638280.382, 98
Trd, 8638280.732, 99
Trd, 8638281.082, 100
Trd, 8638281.232, 100
Trd, 8638281.682, 100
Trd, 8638285.682, 112
Trd, 8638285.832, 104
Trd, 8638288.332, 106
Trd, 8638289.182, 104
Trd, 8638289.482, 103
Trd, 8638289.782, 103
Trd, 8638291.132, 95
Trd, 8638293.432, 93
Trd, 8638294.632, 94
Trd, 8638295.132, 95
Trd, 8638295.182, 94
Trd, 8638295.482, 90
Trd, 8638297.132, 94
Trd, 8638298.332, 95
Trd, 8638300.282, 100
Trd, 8638301.632, 98
Trd, 8638303.482, 94
Trd, 8638303.832, 95
Trd, 8638305.532, 101
Trd, 8638305.782, 102
Trd, 8638306.332, 100
Trd, 8638308.582, 98
Trd, 8638308.982, 98
Trd, 8638312.182, 86
Trd, 8638315.432, 96
Trd, 8638316.032, 88
Trd, 8638316.632, 92
Trd, 8638316.732, 93
Trd, 8638318.482, 100
Trd, 8638320.932, 93
Trd, 8638321.232, 93
Trd, 8638323.482, 98
Trd, 8638324.182, 98
Trd, 8638324.582, 100
Trd, 8638324.932, 99
Trd, 8638326.582, 103
Trd, 8638329.282, 101
Trd, 8638330.282, 103
Trd, 8638333.282, 100
Trd, 8638334.282, 101
Trd, 8638334.582, 101
Trd, 8638335.482, 104
Trd, 8638337.332, 108
Trd, 8638337.632, 88
Trd, 8638338.232, 88
Trd, 8638343.382, 93
Trd, 8638344.332, 94
Trd, 8638344.482, 94
Trd, 8638345.232, 95
Trd, 8638348.732, 98
Trd, 8638349.432, 98
Trd, 8638350.132, 97
Trd, 8638350.582, 95
Trd, 8638351.782, 97
Trd, 8638353.632, 94
Trd, 8638355.082, 95
Trd, 8638356.182, 93
Trd, 8638357.232, 92
Trd, 8638357.282, 113
Trd, 8638359.782, 95
Trd, 8638361.932, 103
Trd, 8638362.682, 104
Trd, 8638366.632, 102
Trd, 8638367.032, 101
Trd, 8638367.382, 103
Trd, 8638369.182, 97
Trd, 8638371.332, 91
Trd, 8638371.482, 92
Trd, 8638373.532, 94
Trd, 8638373.782, 102
Trd, 8638376.432, 98
Trd, 8638376.832, 99
Trd, 8638381.082, 94
Trd, 8638381.532, 93
Trd, 8638382.532, 94
Trd, 8638383.382, 93
Trd, 8638386.332, 100
Trd, 8638386.982, 100
Trd, 8638387.582, 103
Trd, 8638388.682, 99
Trd, 8638390.732, 97
Trd, 8638391.132, 97
Trd, 8638392.782, 102
Trd, 8638394.882, 86
Trd, 8638396.532, 91
Trd, 8638397.182, 89
Trd, 8638400.382, 98
Trd, 8638401.582, 94
Trd, 8638403.732, 91
Trd, 8638403.832, 90
Trd, 8638405.632, 93
Trd, 8638406.832, 94
Trd, 8638410.432, 103
Trd, 8638411.182, 104
Trd, 8638411.732, 103
Trd, 8638412.682, 102
Trd, 8638414.932, 101
Trd, 8638415.732, 102
Trd, 8638415.982, 102
Trd, 8638419.482, 92
Trd, 8638419.882, 91
Trd, 8638419.982, 95
Trd, 8638421.132, 89
Trd, 8638422.882, 91
Trd, 8638425.182, 99
Trd, 8638425.432, 98
Trd, 8638426.082, 97
Trd, 8638427.832, 97
Trd, 8638429.382, 94
Trd, 8638429.482, 95
Trd, 8638430.182, 96
Trd, 8638430.482, 95
Trd, 8638431.532, 104
Trd, 8638435.432, 102
Trd, 8638435.982, 102
Trd, 8638436.782, 100
Trd, 8638437.932, 110
Trd, 8638438.532, 92
Trd, 8638441.382, 98
Trd, 8638442.282, 98
Trd, 8638442.582, 99
Trd, 8638442.832, 99
Trd, 8638443.432, 100
Trd, 8638446.582, 104
Trd, 8638448.982, 99
Trd, 8638449.832, 99
Trd, 8638450.132, 97
Trd, 8638450.482, 97
Trd, 8638455.632, 92
Trd, 8638455.932, 91
Trd, 8638456.582, 93
Trd, 8638456.832, 93
Trd, 8638456.882, 86
Trd, 8638457.632, 113
Trd, 8638463.332, 97
Trd, 8638465.532, 99
Trd, 8638465.682, 100
Trd, 8638466.032, 101
Trd, 8638466.332, 101
Trd, 8638467.032, 97
Trd, 8638470.382, 95
Trd, 8638470.632, 95
Trd, 8638470.982, 95
Trd, 8638471.632, 113
Trd, 8638471.782, 97
Trd, 8638474.332, 114
Trd, 8638474.732, 114
Trd, 8638475.232, 113
Trd, 8638476.932, 106
Trd, 8638479.282, 103
Trd, 8638480.082, 98
Trd, 8638480.832, 98
Trd, 8638481.282, 95
Trd, 8638483.332, 95
Trd, 8638483.482, 95
Trd, 8638484.182, 95
Trd, 8638485.032, 94
Trd, 8638485.382, 95
Trd, 8638487.332, 100
Trd, 8638489.632, 99
Trd, 8638491.632, 101
Trd, 8638492.132, 99
Trd, 8638493.032, 102
Trd, 8638493.782, 101
Trd, 8638494.732, 100
Trd, 8638495.882, 97
Trd, 8638499.182, 104
Trd, 8638500.432, 91
Trd, 8638504.532, 106
Trd, 8638504.832, 107
Trd, 8638505.582, 106
Trd, 8638506.382, 105
Trd, 8638506.482, 95
Trd, 8638510.132, 92
Trd, 8638510.632, 94
Trd, 8638510.732, 95
Trd, 8638512.832, 96
Trd, 8638513.332, 96
Trd, 8638513.682, 94
Trd, 8638515.632, 96
Trd, 8638519.082, 103
Trd, 8638520.382, 101
Trd, 8638520.932, 102
Trd, 8638521.382, 103
Trd, 8638521.582, 104
Trd, 8638525.132, 100
Trd, 8638525.682, 113
Trd, 8638527.482, 106
Trd, 8638527.782, 106
Trd, 8638529.232, 104
Trd, 8638530.082, 104
Trd, 8638531.832, 99
Trd, 8638532.582, 99
Trd, 8638532.782, 99
Trd, 8638534.332, 98
Trd, 8638535.682, 99
Trd, 8638536.632, 101
Trd, 8638537.032, 103
Trd, 8638538.082, 111
Trd, 8638540.132, 100
Trd, 8638541.632, 113
Trd, 8638543.282, 108
Trd, 8638543.632, 109
Trd, 8638544.832, 107
Trd, 8638546.432, 107
Trd, 8638547.732, 106
Trd, 8638548.582, 107
Trd, 8638548.882, 105
Trd, 8638551.132, 104
Trd, 8638553.482, 107
Trd, 8638554.332, 103
Trd, 8638556.082, 101
Trd, 8638556.482, 101
Trd, 8638558.882, 100
Trd, 8638560.132, 101
Trd, 8638560.682, 101
Trd, 8638561.132, 102
Trd, 8638561.582, 103
Trd, 8638565.682, 85
Trd, 8638565.982, 85
Trd, 8638566.132, 87
Trd, 8638567.432, 87
Trd, 8638568.782, 92
Trd, 8638570.082, 92
Trd, 8638571.132, 99
Trd, 8638572.382, 100
Trd, 8638572.732, 97
Trd, 8638573.832, 102
Trd, 8638575.482, 111
Trd, 8638576.732, 110
Trd, 8638577.332, 107
Trd, 8638577.732, 107
Trd, 8638578.632, 109
Trd, 8638578.982, 110
Trd, 8638579.332, 109
Trd, 8638584.682, 110
Trd, 8638586.582, 106
Trd, 8638587.032, 107
Trd, 8638588.582, 104
Trd, 8638588.632, 106
Trd, 8638590.482, 104
Trd, 8638591.632, 87
Trd, 8638594.182, 89
Trd, 8638595.782, 90
Trd, 8638596.232, 94
Trd, 8638600.032, 95
Trd, 8638600.082, 93
Trd, 8638601.832, 111
Trd, 8638605.532, 102
Trd, 8638605.832, 101
Trd, 8638606.182, 103
Trd, 8638606.532, 111
Trd, 8638607.332, 95
Trd, 8638609.582, 88
Trd, 8638612.732, 100
Trd, 8638613.282, 100
Trd, 8638613.582, 101
Trd, 8638616.032, 105
Trd, 8638617.032, 107
Trd, 8638617.832, 106
Trd, 8638618.182, 105
Trd, 8638618.232, 104
Trd, 8638621.332, 98
Trd, 8638621.632, 97
Trd, 8638622.532, 87
Trd, 8638624.232, 90
Trd, 8638625.632, 92
Trd, 8638626.982, 93
Trd, 8638627.632, 95
Trd, 8638631.332, 92
Trd, 8638631.432, 91
Trd, 8638632.632, 91
Trd, 8638633.632, 92
Trd, 8638635.482, 93
Trd, 8638636.832, 93
Trd, 8638637.232, 92
Trd, 8638637.732, 95
Trd, 8638640.582, 96
Trd, 8638640.782, 96
Trd, 8638641.682, 96
Trd, 8638641.982, 96
Trd, 8638645.182, 96
Trd, 8638645.282, 96
Trd, 8638647.132, 103
Trd, 8638647.282, 102
Trd, 8638648.732, 100
Trd, 8638648.882, 101
Trd, 8638650.182, 93
Trd, 8638650.632, 109
Trd, 8638653.882, 103
Trd, 8638655.582, 103
Trd, 8638655.682, 102
Trd, 8638656.332, 104
Trd, 8638658.632, 104
Trd, 8638659.032, 102
Trd, 8638659.832, 96
Trd, 8638662.332, 98
Trd, 8638662.482, 98
Trd, 8638662.782, 98
Trd, 8638664.432, 99
Trd, 8638667.532, 95
Trd, 8638667.632, 93
Trd, 8638668.082, 92
Trd, 8638668.232, 95
Trd, 8638668.882, 96
Trd, 8638672.582, 99
Trd, 8638673.932, 113
Trd, 8638674.982, 106
Trd, 8638675.182, 105
Trd, 8638675.632, 105
Trd, 8638676.382, 104
Trd, 8638676.482, 105
Trd, 8638680.982, 104
Trd, 8638681.582, 109
Trd, 8638683.432, 109
Trd, 8638683.532, 110
Trd, 8638683.932, 109
Trd, 8638686.332, 106
Trd, 8638687.732, 109
Trd, 8638688.082, 77
Trd, 8638690.382, 76
Trd, 8638693.532, 93
Trd, 8638694.682, 93
Trd, 8638694.982, 93
Trd, 8638695.182, 94
Trd, 8638695.782, 94
Trd, 8638695.932, 95
Trd, 8638698.282, 98
Trd, 8638700.632, 102
Trd, 8638703.332, 94
Trd, 8638703.382, 91
Trd, 8638704.682, 86
Trd, 8638707.132, 89
Trd, 8638708.182, 90
Trd, 8638708.482, 104
Trd, 8638711.032, 107
Trd, 8638711.232, 106
Trd, 8638712.832, 102
Trd, 8638712.882, 104
Trd, 8638714.132, 104
Trd, 8638717.482, 112
Trd, 8638717.832, 111
Trd, 8638718.982, 108
Trd, 8638719.232, 107
Trd, 8638719.682, 107
Trd, 8638719.932, 108
Trd, 8638722.882, 115
Trd, 8638723.032, 114
Trd, 8638725.382, 104
Trd, 8638727.132, 97
Trd, 8638727.882, 98
Trd, 8638728.632, 98
Trd, 8638730.282, 113
Trd, 8638733.632, 110
Trd, 8638734.232, 111
Trd, 8638734.832, 112
Trd, 8638734.932, 112
Trd, 8638735.032, 95
Trd, 8638739.032, 104
Trd, 8638739.882, 98
Trd, 8638740.332, 97
Trd, 8638741.032, 100
Trd, 8638741.232, 96
Trd, 8638744.182, 104
Trd, 8638746.532, 105
Trd, 8638747.582, 105
Trd, 8638748.232, 104
Trd, 8638748.732, 104
Trd, 8638749.882, 104
Trd, 8638751.182, 103
Trd, 8638751.832, 102
Trd, 8638753.132, 98
Trd, 8638754.332, 99
Trd, 8638755.432, 99
Trd, 8638755.582, 100
Trd, 8638759.032, 97
Trd, 8638759.182, 97
Trd, 8638759.932, 96
Trd, 8638760.932, 98
Trd, 8638761.632, 78
Trd, 8638762.082, 79
Trd, 8638765.032, 91
Trd, 8638765.632, 92
Trd, 8638766.882, 92
Trd, 8638770.682, 98
Trd, 8638772.632, 96
Trd, 8638773.632, 97
Trd, 8638773.882, 99
Trd, 8638777.332, 107
Trd, 8638777.432, 107
Trd, 8638778.132, 106
Trd, 8638778.332, 107
Trd, 8638779.132, 95
Trd, 8638780.882, 107
Trd, 8638784.632, 100
Trd, 8638785.532, 100
Trd, 8638785.632, 100
Trd, 8638786.182, 100
Trd, 8638786.282, 104
Trd, 8638788.932, 106
Trd, 8638789.882, 104
Trd, 8638791.082, 102
Trd, 8638791.432, 101
Trd, 8638793.132, 101
Trd, 8638794.232, 100
Trd, 8638794.332, 100
Trd, 8638796.632, 96
Trd, 8638799.182, 108
Trd, 8638800.982, 104
Trd, 8638801.182, 104
Trd, 8638802.382, 104
Trd, 8638802.882, 103
Trd, 8638803.132, 104
Trd, 8638803.932, 99
Trd, 8638806.282, 114
Trd, 8638807.632, 114
Trd, 8638808.432, 113
Trd, 8638809.232, 111
Trd, 8638812.382, 98
Trd, 8638812.582, 100
Trd, 8638813.832, 98
Trd, 8638814.282, 97
Trd, 8638814.482, 98
Trd, 8638817.182, 104
Trd, 8638818.782, 114
Trd, 8638819.532, 113
Trd, 8638822.132, 109
Trd, 8638822.182, 95
Trd, 8638822.232, 111
Trd, 8638826.632, 91
Trd, 8638827.282, 93
Trd, 8638827.682, 94
Trd, 8638827.832, 94
Trd, 8638830.682, 96
Trd, 8638832.932, 102
Trd, 8638833.232, 83
Trd, 8638836.482, 97
Trd, 8638836.782, 96
Trd, 8638837.182, 96
Trd, 8638837.832, 96
Trd, 8638838.782, 96
Trd, 8638839.432, 96
Trd, 8638841.882, 98
Trd, 8638842.882, 96
Trd, 8638843.032, 95
Trd, 8638843.432, 97
Trd, 8638846.682, 94
Trd, 8638847.282, 94
Trd, 8638847.682, 94
Trd, 8638848.332, 95
Trd, 8638848.882, 87
Trd, 8638852.932, 101
Trd, 8638853.382, 101
Trd, 8638854.232, 102
Trd, 8638856.182, 103
Trd, 8638859.082, 97
Trd, 8638859.782, 97
Trd, 8638859.982, 95
Trd, 8638860.932, 95
Trd, 8638862.132, 103
Trd, 8638865.132, 98
Trd, 8638865.832, 98
Trd, 8638868.882, 103
Trd, 8638869.132, 103
Trd, 8638869.932, 103
Trd, 8638871.432, 101
Trd, 8638871.882, 99
Trd, 8638872.332, 96
Trd, 8638873.282, 96
Trd, 8638874.932, 103
Trd, 8638876.582, 102
Trd, 8638878.682, 95
Trd, 8638879.032, 93
Trd, 8638879.432, 93
Trd, 8638882.182, 101
Trd, 8638882.782, 96
Trd, 8638885.082, 94
Trd, 8638885.332, 95
Trd, 8638886.232, 96
Trd, 8638887.682, 110
Trd, 8638889.582, 103
Trd, 8638891.482, 109
Trd, 8638891.782, 109
Trd, 8638892.532, 108
Trd, 8638892.882, 110
Trd, 8638893.332, 104
Trd, 8638895.782, 94
Trd, 8638899.932, 107
Trd, 8638900.232, 108
Trd, 8638900.382, 109
Trd, 8638901.032, 108
Trd, 8638901.932, 106
Trd, 8638904.882, 100
Trd, 8638905.082, 99
Trd, 8638906.432, 99
Trd, 8638907.082, 95
Trd, 8638908.032, 80
Trd, 8638913.382, 113
Trd, 8638913.982, 107
Trd, 8638915.732, 101
Trd, 8638916.582, 102
Trd, 8638917.082, 104
Trd, 8638917.932, 103
Trd, 8638918.382, 102
Trd, 8638922.482, 110
Trd, 8638923.882, 110
Trd, 8638925.532, 97
Trd, 8638928.332, 107
Trd, 8638928.532, 108
Trd, 8638928.632, 107
Trd, 8638931.082, 99
Trd, 8638931.482, 101
Trd, 8638931.932, 104
Trd, 8638932.882, 101
Trd, 8638935.432, 103
Trd, 8638935.732, 103
Trd, 8638937.082, 103
Trd, 8638937.282, 102
Trd, 8638939.282, 96
Trd, 8638942.232, 99
Trd, 8638942.582, 100
Trd, 8638943.332, 98
Trd, 8638944.382, 101
Trd, 8638948.332, 102
Trd, 8638950.532, 98
Trd, 8638951.332, 98
Trd, 8638951.682, 98
Trd, 8638952.132, 99
Trd, 8638953.682, 103
Trd, 8638954.082, 104
Trd, 8638954.782, 102
Trd, 8638957.532, 113
Trd, 8638960.732, 109
Trd, 8638960.932, 104
Trd, 8638962.332, 105
Trd, 8638963.032, 104
Trd, 8638964.032, 102
Trd, 8638965.082, 104
Trd, 8638965.932, 104
Trd, 8638966.132, 86
Trd, 8638968.882, 87
Trd, 8638969.032, 88
Trd, 8638969.432, 85
Trd, 8638971.982, 99
Trd, 8638974.032, 100
Trd, 8638974.732, 98
Trd, 8638974.832, 97
Trd, 8638976.482, 97
Trd, 8638977.082, 95
Trd, 8638977.832, 96
Trd, 8638981.532, 87
Trd, 8638982.732, 93
Trd, 8638984.232, 98
Trd, 8638984.932, 98
Trd, 8638985.332, 98
Trd, 8638986.532, 101
Trd, 8638988.582, 103
Trd, 8638990.532, 100
Trd, 8638990.732, 99
Trd, 8638992.132, 96
Trd, 8638993.682, 96
Trd, 8638994.882, 95
Trd, 8638996.882, 88
Trd, 8638999.082, 101
Trd, 8639001.182, 98
Trd, 8639002.182, 100
Trd, 8639003.632, 99
Trd, 8639004.632, 97
Trd, 8639005.832, 95
Trd, 8639007.982, 90
Trd, 8639008.332, 89
Trd, 8639010.232, 93
Trd, 8639011.132, 94
Trd, 8639011.582, 94
Trd, 8639012.082, 95
Trd, 8639014.232, 100
Trd, 8639016.032, 104
Trd, 8639017.482, 101
Trd, 8639017.932, 100
Trd, 8639019.532, 101
Trd, 8639020.432, 102
Trd, 8639022.132, 105
Trd, 8639024.932, 100
Trd, 8639025.132, 99
Trd, 8639025.482, 102
Trd, 8639025.782, 96
Trd, 8639028.982, 102
Trd, 8639029.332, 90
Trd, 8639033.132, 101
Trd, 8639033.432, 102
Trd, 8639034.082, 101
Trd, 8639035.032, 101
Trd, 8639035.532, 96
Trd, 8639036.882, 102
Trd, 8639039.982, 87
Trd, 8639040.832, 96
Trd, 8639041.482, 97
Trd, 8639042.032, 96
Trd, 8639045.832, 106
Trd, 8639045.932, 107
Trd, 8639047.782, 106
Trd, 8639048.582, 105
Trd, 8639049.232, 104
Trd, 8639049.882, 96
Trd, 8639051.632, 100
Trd, 8639052.982, 91
Trd, 8639055.032, 83
Trd, 8639056.232, 92
Trd, 8639056.332, 93
Trd, 8639056.432, 93
Trd, 8639059.732, 97
Trd, 8639060.482, 97
Trd, 8639061.082, 97
Trd, 8639063.232, 111
Trd, 8639064.732, 113
Trd, 8639065.682, 105
Trd, 8639067.232, 105
Trd, 8639068.282, 104
Trd, 8639069.832, 100
Trd, 8639071.132, 101
Trd, 8639071.182, 100
Trd, 8639074.332, 106
Trd, 8639076.332, 100
Trd, 8639077.782, 99
Trd, 8639077.882, 99
Trd, 8639079.032, 96
Trd, 8639080.982, 91
Trd, 8639081.782, 92
Trd, 8639082.632, 94
Trd, 8639082.932, 95
Trd, 8639083.582, 95
Trd, 8639084.182, 104
Trd, 8639087.032, 101
Trd, 8639087.082, 100
Trd, 8639089.432, 94
Trd, 8639089.532, 96
Trd, 8639091.832, 101
Trd, 8639092.232, 100
Trd, 8639092.782, 99
Trd, 8639094.032, 98
Trd, 8639095.832, 98
Trd, 8639096.082, 96
Trd, 8639100.082, 102
Trd, 8639101.232, 103
Trd, 8639101.682, 102
Trd, 8639102.682, 102
Trd, 8639103.132, 104
Trd, 8639105.932, 115
Trd, 8639106.782, 113
Trd, 8639107.032, 104
Trd, 8639109.482, 104
Trd, 8639109.882, 104
Trd, 8639110.332, 98
Trd, 8639112.432, 104
Trd, 8639113.082, 98
Trd, 8639114.932, 106
Trd, 8639117.032, 102
Trd, 8639117.632, 102
Trd, 8639117.832, 103
Trd, 8639118.632, 103
Trd, 8639118.732, 103
Trd, 8639121.482, 105
Trd, 8639121.982, 105
Trd, 8639123.982, 102
Trd, 8639127.132, 87
Trd, 8639128.882, 94
Trd, 8639129.132, 94
Trd, 8639129.282, 95
Trd, 8639131.582, 96
Trd, 8639131.732, 106
Trd, 8639133.532, 98
Trd, 8639134.982, 99
Trd, 8639135.282, 99
Trd, 8639136.682, 113
Trd, 8639139.782, 109
Trd, 8639140.682, 110
Trd, 8639141.282, 110
Trd, 8639142.782, 107
Trd, 8639143.232, 108
Trd, 8639146.432, 102
Trd, 8639146.982, 102
Trd, 8639147.582, 101
Trd, 8639148.032, 102
Trd, 8639149.182, 96
Trd, 8639150.732, 101
Trd, 8639151.082, 100
Trd, 8639152.882, 87
Trd, 8639154.532, 91
Trd, 8639154.982, 91
Trd, 8639155.082, 98
Trd, 8639156.282, 94
Trd, 8639159.932, 113
Trd, 8639162.032, 108
Trd, 8639162.632, 107
Trd, 8639162.882, 105
Trd, 8639164.982, 104
Trd, 8639165.682, 103
Trd, 8639171.332, 98
Trd, 8639171.782, 98
Trd, 8639172.182, 99
Trd, 8639173.532, 100
Trd, 8639173.682, 113
Trd, 8639176.082, 113
Trd, 8639178.182, 105
Trd, 8639178.382, 105
Trd, 8639178.682, 104
Trd, 8639181.732, 93
Trd, 8639182.082, 94
Trd, 8639182.432, 95
Trd, 8639183.032, 95
Trd, 8639184.082, 102
Trd, 8639185.932, 98
Trd, 8639189.032, 98
Trd, 8639189.132, 97
Trd, 8639190.982, 94
Trd, 8639192.732, 96
Trd, 8639193.132, 98
Trd, 8639194.832, 97
Trd, 8639195.032, 104
Trd, 8639195.982, 98
Trd, 8639199.232, 107
Trd, 8639199.732, 108
Trd, 8639201.782, 97
Trd, 8639203.382, 100
Trd, 8639203.682, 99
Trd, 8639204.232, 99
Trd, 8639205.132, 83
Trd, 8639209.232, 97
Trd, 8639209.682, 98
Trd, 8639209.882, 98
Trd, 8639210.982, 98
Trd, 8639211.832, 96
Trd, 8639212.882, 97
Trd, 8639213.332, 104
Trd, 8639214.082, 98
Trd, 8639217.332, 115
Trd, 8639217.432, 114
Trd, 8639218.282, 113
Trd, 8639221.932, 104
Trd, 8639221.982, 104
Trd, 8639222.132, 105
Trd, 8639222.882, 105
Trd, 8639224.182, 89
Trd, 8639225.982, 88
Trd, 8639226.582, 105
Trd, 8639229.382, 98
Trd, 8639230.232, 98
Trd, 8639230.682, 99
Trd, 8639231.982, 96
Trd, 8639234.982, 95
Trd, 8639236.082, 95
Trd, 8639236.382, 94
Trd, 8639238.832, 96
Trd, 8639239.082, 96
Trd, 8639239.482, 95
Trd, 8639239.782, 95
Trd, 8639241.682, 100
Trd, 8639242.982, 100
Trd, 8639243.682, 101
Trd, 8639245.082, 101
Trd, 8639248.632, 101
Trd, 8639249.082, 102
Trd, 8639250.132, 99
Trd, 8639250.432, 98
Trd, 8639251.232, 96
Trd, 8639252.182, 96
Trd, 8639253.782, 92
Trd, 8639256.732, 101
Trd, 8639257.232, 103
Trd, 8639258.382, 104
Trd, 8639259.732, 106
Trd, 8639261.632, 102
Trd, 8639261.732, 101
Trd, 8639262.682, 95
Trd, 8639263.232, 101
Trd, 8639266.532, 100
Trd, 8639266.732, 100
Trd, 8639267.282, 101
Trd, 8639267.932, 102
Trd, 8639268.932, 104
Trd, 8639269.532, 89
Trd, 8639269.682, 112
Trd, 8639271.832, 88
Trd, 8639275.332, 89
Trd, 8639277.032, 91
Trd, 8639277.632, 90
Trd, 8639277.732, 95
Trd, 8639280.082, 96
Trd, 8639282.082, 105
Trd, 8639282.132, 104
Trd, 8639283.032, 107
Trd, 8639283.382, 107
Trd, 8639284.032, 111
Trd, 8639284.582, 110
Trd, 8639286.582, 110
Trd, 8639288.882, 104
Trd, 8639291.532, 97
Trd, 8639292.232, 97
Trd, 8639292.682, 97
Trd, 8639293.482, 95
Trd, 8639295.432, 97
Trd, 8639297.282, 110
Trd, 8639298.932, 104
Trd, 8639299.132, 104
Trd, 8639299.232, 104
Trd, 8639301.332, 106
Trd, 8639303.582, 113
Trd, 8639303.982, 113
Trd, 8639305.132, 108
Trd, 8639306.482, 106
Trd, 8639307.282, 106
Trd, 8639307.332, 105
Trd, 8639307.682, 106
Trd, 8639308.332, 104
Trd, 8639314.332, 104
Trd, 8639314.482, 102
Trd, 8639314.932, 104
Trd, 8639315.232, 105
Trd, 8639316.132, 106
Trd, 8639319.532, 99
Trd, 8639319.782, 97
Trd, 8639320.382, 99
Trd, 8639320.532, 106
Trd, 8639323.982, 104
Trd, 8639324.132, 104
Trd, 8639324.832, 104
Trd, 8639325.282, 105
Trd, 8639326.382, 88
Trd, 8639327.582, 103
Trd, 8639329.832, 98
Trd, 8639330.382, 97
Trd, 8639331.082, 95
Trd, 8639331.132, 96
Trd, 8639333.982, 97
Trd, 8639335.132, 98
Trd, 8639335.932, 100
Trd, 8639336.532, 100
Trd, 8639337.732, 101
Trd, 8639339.882, 103
Trd, 8639340.832, 102
Trd, 8639341.132, 102
Trd, 8639342.382, 103
Trd, 8639344.882, 106
Trd, 8639345.082, 110
Trd, 8639347.782, 110
Trd, 8639349.182, 111
Trd, 8639349.282, 109
Trd, 8639350.682, 108
Trd, 8639351.732, 107
Trd, 8639352.632, 106
Trd, 8639352.882, 104
Trd, 8639358.232, 102
Trd, 8639358.332, 113
Trd, 8639359.882, 101
Trd, 8639362.582, 113
Trd, 8639363.732, 108
Trd, 8639364.132, 109
Trd, 8639364.432, 95
Trd, 8639367.782, 99
Trd, 8639368.282, 98
Trd, 8639368.732, 98
Trd, 8639369.132, 98
Trd, 8639369.682, 99
Trd, 8639372.782, 99
Trd, 8639373.632, 102
Trd, 8639373.882, 103
Trd, 8639375.082, 102
Trd, 8639378.432, 93
Trd, 8639379.632, 96
Trd, 8639379.832, 97
Trd, 8639381.432, 100
Trd, 8639381.782, 98
Trd, 8639383.182, 97
Trd, 8639383.382, 100
Trd, 8639387.782, 100
Trd, 8639388.382, 102
Trd, 8639389.232, 102
Trd, 8639389.682, 102
Trd, 8639390.082, 86
Trd, 8639395.782, 96
Trd, 8639396.332, 96
Trd, 8639397.132, 96
Trd, 8639398.282, 99
Trd, 8639398.882, 98
Trd, 8639399.332, 97
Trd, 8639402.082, 97
Trd, 8639402.782, 96
Trd, 8639403.482, 90
Trd, 8639405.682, 94
Trd, 8639406.432, 97
Trd, 8639407.732, 101
Trd, 8639408.832, 103
Trd, 8639409.232, 101
Trd, 8639409.382, 103
Trd, 8639414.032, 100
Trd, 8639414.482, 101
Trd, 8639414.532, 102
Trd, 8639415.382, 101
Trd, 8639415.832, 100
Trd, 8639418.532, 95
Trd, 8639418.982, 94
Trd, 8639419.682, 95
Trd, 8639419.882, 94
Trd, 8639420.332, 95
Trd, 8639423.532, 94
Trd, 8639423.632, 91
Trd, 8639424.982, 92
Trd, 8639425.232, 95
Trd, 8639425.732, 95
Trd, 8639429.632, 114
Trd, 8639430.082, 113
Trd, 8639430.882, 110
Trd, 8639430.982, 109
Trd, 8639431.482, 110
Trd, 8639431.582, 104
Trd, 8639435.782, 101
Trd, 8639435.982, 103
Trd, 8639437.382, 104
Trd, 8639438.932, 106
Trd, 8639440.432, 104
Trd, 8639441.282, 102
Trd, 8639442.132, 89
Trd, 8639442.182, 103
Trd, 8639447.132, 95
Trd, 8639447.382, 95
Trd, 8639447.832, 95
Trd, 8639448.032, 96
Trd, 8639448.932, 96
Trd, 8639449.832, 103
Trd, 8639452.432, 95
Trd, 8639453.882, 92
Trd, 8639454.582, 91
Trd, 8639456.282, 90
Trd, 8639458.732, 96
Trd, 8639460.182, 96
Trd, 8639462.832, 103
Trd, 8639462.982, 102
Trd, 8639464.582, 98
Trd, 8639465.182, 98
Trd, 8639465.832, 99
Trd, 8639467.982, 103
Trd, 8639468.182, 102
Trd, 8639470.132, 108
Trd, 8639471.082, 81
Trd, 8639473.882, 89
Trd, 8639476.182, 102
Trd, 8639477.532, 99
Trd, 8639478.132, 98
Trd, 8639478.682, 98
Trd, 8639480.232, 98
Trd, 8639480.632, 98
Trd, 8639482.082, 97
Trd, 8639483.932, 95
Trd, 8639484.932, 91
Trd, 8639485.932, 91
Trd, 8639488.032, 99
Trd, 8639489.082, 97
Trd, 8639490.632, 97
Trd, 8639491.382, 96
Trd, 8639491.732, 97
Trd, 8639495.782, 93
Trd, 8639496.282, 93
Trd, 8639497.732, 101
Trd, 8639498.032, 102
Trd, 8639498.632, 96
Trd, 8639500.332, 99
Trd, 8639501.232, 99
Trd, 8639501.582, 98
Trd, 8639502.882, 104
Trd, 8639503.532, 78
Trd, 8639507.782, 98
Trd, 8639507.982, 92
Trd, 8639509.232, 97
Trd, 8639510.282, 97
Trd, 8639512.332, 101
Trd, 8639514.832, 106
Trd, 8639515.082, 106
Trd, 8639515.282, 107
Trd, 8639516.532, 110
Trd, 8639520.932, 108
Trd, 8639521.782, 106
Trd, 8639522.182, 111
Trd, 8639524.182, 109
Trd, 8639525.632, 108
Trd, 8639526.382, 107
Trd, 8639529.882, 99
Trd, 8639529.982, 98
Trd, 8639530.432, 99
Trd, 8639531.932, 94
Trd, 8639532.682, 98
Trd, 8639536.282, 107
Trd, 8639537.032, 106
Trd, 8639537.132, 108
Trd, 8639537.682, 107
Trd, 8639538.532, 104
Trd, 8639539.682, 97
Trd, 8639541.332, 98
Trd, 8639544.032, 99
Trd, 8639544.282, 100
Trd, 8639545.582, 101
Trd, 8639545.932, 101
Trd, 8639546.032, 99
Trd, 8639548.832, 102
Trd, 8639549.632, 105
Trd, 8639553.232, 109
Trd, 8639553.882, 107
Trd, 8639554.582, 108
Trd, 8639555.882, 111
Trd, 8639556.032, 104
Trd, 8639559.582, 103
Trd, 8639561.882, 98
Trd, 8639562.032, 97
Trd, 8639562.382, 97
Trd, 8639564.032, 101
Trd, 8639564.382, 100
Trd, 8639564.482, 99
Trd, 8639568.632, 104
Trd, 8639569.482, 105
Trd, 8639570.082, 107
Trd, 8639571.282, 104
Trd, 8639573.832, 98
Trd, 8639574.682, 97
Trd, 8639576.982, 92
Trd, 8639577.082, 91
Trd, 8639577.682, 92
Trd, 8639578.532, 92
Trd, 8639578.582, 102
Trd, 8639582.282, 101
Trd, 8639582.682, 100
Trd, 8639582.832, 99
Trd, 8639586.182, 96
Trd, 8639586.682, 100
Trd, 8639587.882, 96
Trd, 8639588.282, 96
Trd, 8639591.532, 92
Trd, 8639592.232, 101
Trd, 8639593.232, 99
Trd, 8639593.482, 100
Trd, 8639595.582, 102
Trd, 8639598.432, 98
Trd, 8639598.532, 97
Trd, 8639600.082, 103
Trd, 8639600.832, 103
Trd, 8639601.532, 103
Trd, 8639603.482, 104
Trd, 8639605.932, 117
Trd, 8639606.732, 119
Trd, 8639607.032, 118
Trd, 8639608.882, 113
Trd, 8639611.632, 92
Trd, 8639613.082, 97
Trd, 8639613.532, 93
Trd, 8639614.882, 97
Trd, 8639615.182, 96
Trd, 8639618.482, 104
Trd, 8639618.682, 104
Trd, 8639620.932, 92
Trd, 8639621.082, 109
Trd, 8639623.082, 105
Trd, 8639623.532, 105
Trd, 8639623.632, 104
Trd, 8639625.232, 101
Trd, 8639625.832, 101
Trd, 8639627.532, 100
Trd, 8639630.482, 105
Trd, 8639632.182, 100
Trd, 8639632.382, 100
Trd, 8639632.682, 101
Trd, 8639634.382, 103
Trd, 8639635.982, 102
Trd, 8639639.782, 107
Trd, 8639640.532, 106
Trd, 8639641.382, 104
Trd, 8639643.982, 102
Trd, 8639644.782, 102
Trd, 8639645.432, 102
Trd, 8639646.532, 103
Trd, 8639647.432, 103
Trd, 8639650.382, 86
Trd, 8639652.632, 93
Trd, 8639652.782, 92
Trd, 8639652.932, 91
Trd, 8639653.032, 90
Trd, 8639654.382, 93
Trd, 8639656.782, 93
Trd, 8639657.032, 95
Trd, 8639659.732, 103
Trd, 8639660.332, 102
Trd, 8639662.432, 102
Trd, 8639662.482, 100
Trd, 8639663.032, 101
Trd, 8639665.332, 101
Trd, 8639665.532, 100
Trd, 8639667.232, 99
Trd, 8639667.532, 98
Trd, 8639671.232, 96
Trd, 8639672.132, 98
Trd, 8639672.732, 97
Trd, 8639673.332, 95
Trd, 8639674.382, 94
Trd, 8639676.282, 92
Trd, 8639676.932, 93
Trd, 8639677.682, 95
Trd, 8639680.182, 103
Trd, 8639680.532, 113
Trd, 8639682.432, 107
Trd, 8639685.832, 101
Trd, 8639686.282, 100
Trd, 8639686.382, 101
Trd, 8639687.182, 101
Trd, 8639689.132, 99
Trd, 8639689.732, 102
Trd, 8639692.732, 103
Trd, 8639692.982, 103
Trd, 8639693.032, 100
Trd, 8639694.382, 99
Trd, 8639696.232, 99
Trd, 8639697.082, 98
Trd, 8639697.932, 100
Trd, 8639700.132, 103
Trd, 8639701.032, 103
Trd, 8639702.282, 103
Trd, 8639702.882, 102
Trd, 8639704.032, 96
Trd, 8639705.682, 96
Trd, 8639706.532, 96
Trd, 8639706.782, 95
Trd, 8639707.282, 104
Trd, 8639710.582, 95
Trd, 8639713.532, 98
Trd, 8639713.582, 99
Trd, 8639714.232, 98
Trd, 8639715.232, 99
Trd, 8639716.982, 103
Trd, 8639719.132, 103
Trd, 8639719.182, 104
Trd, 8639721.532, 103
Trd, 8639721.582, 102
Trd, 8639722.582, 104
Trd, 8639723.782, 111
Trd, 8639725.032, 105
Trd, 8639725.482, 105
Trd, 8639725.882, 104
Trd, 8639726.182, 108
Trd, 8639727.532, 105
Trd, 8639733.382, 97
Trd, 8639733.782, 97
Trd, 8639734.232, 100
Trd, 8639734.782, 99
Trd, 8639739.182, 108
Trd, 8639740.082, 108
Trd, 8639741.232, 110
Trd, 8639742.032, 108
Trd, 8639745.282, 112
Trd, 8639745.382, 111
Trd, 8639746.232, 110
Trd, 8639747.232, 105
Trd, 8639747.782, 105
Trd, 8639750.482, 106
Trd, 8639751.282, 97
Trd, 8639754.182, 104
Trd, 8639756.532, 99
Trd, 8639756.682, 99
Trd, 8639757.432, 100
Trd, 8639757.832, 98
Trd, 8639759.482, 99
Trd, 8639759.982, 97
Trd, 8639760.782, 95
Trd, 8639761.882, 102
Trd, 8639762.332, 81
Trd, 8639764.832, 89
Trd, 8639767.032, 95
Trd, 8639767.432, 95
Trd, 8639767.782, 96
Trd, 8639768.682, 102
Trd, 8639770.532, 96
Trd, 8639771.382, 100
Trd, 8639774.782, 104
Trd, 8639775.132, 104
Trd, 8639775.982, 101
Trd, 8639776.782, 100
Trd, 8639779.632, 96
Trd, 8639780.182, 93
Trd, 8639781.382, 95
Trd, 8639781.932, 96
Trd, 8639782.232, 96
Trd, 8639782.332, 103
Trd, 8639786.882, 95
Trd, 8639788.482, 93
Trd, 8639788.932, 91
Trd, 8639789.882, 93
Trd, 8639790.232, 93
Trd, 8639790.432, 94
Trd, 8639792.082, 99
Trd, 8639792.182, 96
Trd, 8639798.182, 100
Trd, 8639798.382, 101
Trd, 8639799.532, 101
Trd, 8639799.582, 103
Trd, 8639799.982, 101
Trd, 8639800.932, 104
Trd, 8639805.382, 106
Trd, 8639805.532, 107
Trd, 8639805.782, 106
Trd, 8639807.382, 107
Trd, 8639807.782, 108
Trd, 8639809.632, 111
Trd, 8639813.082, 82
Trd, 8639813.432, 103
Trd, 8639817.682, 91
Trd, 8639817.882, 92
Trd, 8639818.382, 91
Trd, 8639818.582, 94
Trd, 8639820.832, 93
Trd, 8639823.332, 100
Trd, 8639824.282, 98
Trd, 8639824.682, 97
Trd, 8639825.582, 97
Trd, 8639825.782, 96
Trd, 8639826.182, 98
Trd, 8639828.982, 98
Trd, 8639829.182, 98
Trd, 8639830.282, 99
Trd, 8639831.132, 101
Trd, 8639831.232, 101
Trd, 8639832.232, 104
Trd, 8639835.682, 100
Trd, 8639837.732, 104
Trd, 8639837.782, 105
Trd, 8639838.182, 105
Trd, 8639838.632, 103
Trd, 8639839.582, 87
Trd, 8639841.582, 96
Trd, 8639843.282, 101
Trd, 8639844.032, 103
Trd, 8639844.482, 102
Trd, 8639846.032, 104
Trd, 8639846.532, 110
Trd, 8639848.482, 109
Trd, 8639849.132, 108
Trd, 8639849.982, 105
Trd, 8639850.932, 105
Trd, 8639852.232, 106
Trd, 8639852.832, 107
Trd, 8639853.782, 88
Trd, 8639856.682, 90
Trd, 8639857.232, 97
Trd, 8639858.682, 95
Trd, 8639858.782, 95
Trd, 8639859.132, 95
Trd, 8639861.232, 101
Trd, 8639861.932, 101
Trd, 8639863.932, 99
Trd, 8639864.282, 101
Trd, 8639864.532, 101
Trd, 8639865.482, 95
Trd, 8639868.282, 93
Trd, 8639869.232, 93
Trd, 8639869.732, 94
Trd, 8639871.032, 94
Trd, 8639871.382, 91
Trd, 8639871.782, 93
Trd, 8639872.282, 88
Trd, 8639876.482, 95
Trd, 8639876.682, 94
Trd, 8639877.532, 95
Trd, 8639880.282, 96
Trd, 8639880.432, 97
Trd, 8639881.182, 104
Trd, 8639883.782, 102
Trd, 8639886.782, 100
Trd, 8639887.132, 99
Trd, 8639888.782, 101
Trd, 8639889.182, 104
Trd, 8639890.082, 89
Trd, 8639891.582, 90
Trd, 8639893.082, 97
Trd, 8639895.182, 96
Trd, 8639895.782, 96
Trd, 8639896.082, 97
Trd, 8639896.982, 111
Trd, 8639900.832, 98
Trd, 8639902.332, 107
Trd, 8639903.782, 106
Trd, 8639905.232, 110
Trd, 8639905.582, 109
Trd, 8639906.982, 108
Trd, 8639908.882, 107
Trd, 8639909.332, 110
Trd, 8639911.482, 106
Trd, 8639911.982, 106
Trd, 8639913.782, 103
Trd, 8639914.982, 103
Trd, 8639915.382, 86
Trd, 8639915.632, 104
Trd, 8639918.432, 92
Trd, 8639920.182, 103
Trd, 8639920.732, 104
Trd, 8639921.232, 102
Trd, 8639921.882, 105
Trd, 8639923.782, 100
Trd, 8639927.782, 100
Trd, 8639927.882, 97
Trd, 8639928.882, 99
Trd, 8639929.982, 99
Trd, 8639931.532, 101
Trd, 8639932.132, 101
Trd, 8639933.982, 96
Trd, 8639934.382, 96
Trd, 8639934.782, 97
Trd, 8639939.282, 103
Trd, 8639939.982, 103
Trd, 8639940.032, 104
Trd, 8639940.732, 103
Trd, 8639942.532, 101
Trd, 8639942.682, 99
Trd, 8639943.982, 101
Trd, 8639944.582, 101
Trd, 8639946.082, 99
Trd, 8639949.482, 103
Trd, 8639949.582, 106
Trd, 8639950.832, 106
Trd, 8639951.182, 106
Trd, 8639953.782, 101
Trd, 8639954.332, 100
Trd, 8639954.432, 101
Trd, 8639956.432, 96
Trd, 8639957.132, 96
Trd, 8639959.382, 98
Trd, 8639959.682, 97
Trd, 8639960.182, 97
Trd, 8639961.532, 97
Trd, 8639962.132, 96
Trd, 8639962.932, 104
Trd, 8639966.182, 102
Trd, 8639966.832, 103
Trd, 8639966.982, 103
Trd, 8639967.632, 102
Trd, 8639969.832, 88
Trd, 8639971.332, 90
Trd, 8639972.732, 94
Trd, 8639973.182, 95
Trd, 8639973.732, 96
Trd, 8639977.082, 103
Trd, 8639977.682, 104
Trd, 8639979.632, 99
Trd, 8639980.582, 97
Trd, 8639980.982, 98
Trd, 8639983.282, 95
Trd, 8639984.182, 97
Trd, 8639986.382, 105
Trd, 8639988.132, 100
Trd, 8639988.282, 98
Trd, 8639989.632, 109
Trd, 8639991.732, 102
Trd, 8639992.282, 101
Trd, 8639994.582, 89
Trd, 8639995.432, 96
Trd, 8639997.382, 94
Trd, 8639997.582, 93
Trd, 8639997.982, 94
