Trd, 8637947.032, 104
Trd, 8637947.782, 102
Trd, 8637948.982, 100
Trd, 8637952.282, 93
Trd, 8637954.782, 99
Trd, 8637955.332, 113
Trd, 8637955.482, 98
Trd, 8637956.032, 137
Trd, 8637956.932, 111
Trd, 8637957.132, 133
Trd, 8637960.182, 122
Trd, 8637961.282, 122
Trd, 8637961.332, 113
Trd, 8637962.432, 104
Trd, 8637962.482, 122
Trd, 8637966.482, 106
Trd, 8637966.632, 112
Trd, 8637967.582, 104
Trd, 8637968.882, 108
Trd, 8637969.182, 109
Trd, 8637971.232, 113
Trd, 8637973.032, 112
Trd, 8637973.982, 102
Trd, 8637974.432, 95
Trd, 8637974.932, 111
Trd, 8637975.782, 112
Trd, 8637978.582, 89
Trd, 8637979.932, 121
Trd, 8637980.932, 122
Trd, 8637981.032, 111
Trd, 8637982.432, 86
Trd, 8637985.782, 109
Trd, 8637986.182, 108
Trd, 8637986.382, 110
Trd, 8637986.732, 110
Trd, 8637988.182, 94
Trd, 8637988.532, 110
Trd, 8637989.032, 113
Trd, 8637989.632, 81
Trd, 8637990.432, 96
Trd, 8637992.082, 127
Trd, 8637993.982, 113
Trd, 8637995.132, 122
Trd, 8637995.282, 123
Trd, 8637997.032, 103
Trd, 8637997.282, 114
Trd, 8637997.332, 95
Trd, 8637998.082, 112
Trd, 8638000.082, 93
Trd, 8638002.082, 77
Trd, 8638002.182, 125
Trd, 8638006.332, 121
Trd, 8638006.382, 112
Trd, 8638008.782, 111
Trd, 8638008.882, 118
Trd, 8638009.482, 104
Trd, 8638009.782, 95
Trd, 8638009.882, 116
Trd, 8638011.832, 90
Trd, 8638012.982, 92
Trd, 8638013.732, 118
Trd, 8638015.282, 111
Trd, 8638016.282, 110
Trd, 8638018.882, 89
Trd, 8638019.032, 88
Trd, 8638019.532, 86
Trd, 8638021.282, 111
Trd, 8638022.532, 112
Trd, 8638023.682, 129
Trd, 8638024.832, 113
Trd, 8638025.582, 117
Trd, 8638026.182, 104
Trd, 8638026.982, 95
Trd, 8638027.882, 86
Trd, 8638028.582, 87
Trd, 8638029.932, 115
Trd, 8638030.382, 112
Trd, 8638031.732, 114
Trd, 8638032.282, 116
Trd, 8638033.332, 87
Trd, 8638034.732, 121
Trd, 8638036.132, 126
Trd, 8638037.382, 113
Trd, 8638038.732, 120
Trd, 8638039.782, 120
Trd, 8638041.832, 95
Trd, 8638042.182, 111
Trd, 8638042.482, 112
Trd, 8638043.632, 84
Trd, 8638043.682, 113
Trd, 8638045.182, 111
Trd, 8638047.532, 106
Trd, 8638048.982, 92
Trd, 8638049.982, 93
Trd, 8638051.832, 101
Trd, 8638053.132, 89
Trd, 8638053.532, 90
Trd, 8638053.682, 104
Trd, 8638055.582, 113
Trd, 8638055.982, 104
Trd, 8638057.932, 120
Trd, 8638058.182, 127
Trd, 8638059.682, 113
Trd, 8638059.932, 95
Trd, 8638063.732, 88
Trd, 8638064.682, 107
Trd, 8638064.782, 82
Trd, 8638065.282, 97
Trd, 8638065.882, 107
Trd, 8638067.932, 110
Trd, 8638069.932, 110
Trd, 8638071.232, 106
Trd, 8638071.732, 87
Trd, 8638073.332, 106
Trd, 8638073.682, 86
Trd, 8638075.732, 108
Trd, 8638077.332, 102
Trd, 8638077.682, 86
Trd, 8638078.382, 104
Trd, 8638078.632, 86
Trd, 8638080.632, 86
Trd, 8638082.982, 113
Trd, 8638083.082, 122
Trd, 8638085.082, 104
Trd, 8638085.982, 113
Trd, 8638087.582, 113
Trd, 8638087.882, 114
Trd, 8638088.632, 98
Trd, 8638091.032, 113
Trd, 8638091.482, 98
Trd, 8638092.382, 109
Trd, 8638093.332, 110
Trd, 8638093.382, 113
Trd, 8638095.882, 122
Trd, 8638096.782, 112
Trd, 8638097.132, 104
Trd, 8638099.632, 113
Trd, 8638101.182, 110
Trd, 8638101.732, 92
Trd, 8638101.982, 108
Trd, 8638103.832, 86
Trd, 8638104.032, 78
Trd, 8638107.732, 86
Trd, 8638107.882, 92
Trd, 8638108.682, 83
Trd, 8638109.732, 95
Trd, 8638111.782, 112
Trd, 8638113.132, 96
Trd, 8638113.882, 104
Trd, 8638114.732, 110
Trd, 8638114.932, 111
Trd, 8638115.282, 104
Trd, 8638115.482, 113
Trd, 8638117.232, 62
Trd, 8638117.632, 104
Trd, 8638117.782, 113
Trd, 8638118.932, 112
Trd, 8638121.582, 95
Trd, 8638122.582, 93
Trd, 8638123.732, 101
Trd, 8638125.132, 104
Trd, 8638125.882, 84
Trd, 8638126.782, 110
Trd, 8638126.982, 86
Trd, 8638128.082, 85
Trd, 8638128.832, 87
Trd, 8638129.882, 92
Trd, 8638130.832, 86
Trd, 8638133.532, 122
Trd, 8638134.582, 104
Trd, 8638134.682, 90
Trd, 8638136.032, 115
Trd, 8638136.282, 113
Trd, 8638136.482, 114
Trd, 8638138.882, 129
Trd, 8638139.082, 121
Trd, 8638140.382, 127
Trd, 8638141.482, 79
Trd, 8638143.832, 104
Trd, 8638144.682, 114
Trd, 8638145.482, 113
Trd, 8638146.432, 116
Trd, 8638146.932, 94
Trd, 8638149.382, 118
Trd, 8638149.482, 113
Trd, 8638150.032, 122
Trd, 8638152.182, 94
Trd, 8638154.332, 94
Trd, 8638154.632, 87
Trd, 8638157.732, 99
Trd, 8638157.832, 104
Trd, 8638158.432, 113
Trd, 8638161.132, 122
Trd, 8638161.282, 123
Trd, 8638161.332, 111
Trd, 8638161.982, 104
Trd, 8638163.682, 96
Trd, 8638164.732, 89
Trd, 8638165.582, 89
Trd, 8638166.782, 99
Trd, 8638166.932, 104
Trd, 8638168.432, 132
Trd, 8638169.082, 131
Trd, 8638169.482, 122
Trd, 8638171.082, 93
Trd, 8638173.932, 113
Trd, 8638174.232, 113
Trd, 8638175.382, 110
Trd, 8638177.032, 96
Trd, 8638177.832, 95
Trd, 8638180.782, 88
Trd, 8638181.732, 78
Trd, 8638183.082, 90
Trd, 8638183.632, 87
Trd, 8638183.682, 104
Trd, 8638183.832, 106
Trd, 8638185.832, 84
Trd, 8638186.032, 112
Trd, 8638187.432, 95
Trd, 8638187.582, 86
Trd, 8638189.232, 128
Trd, 8638192.132, 117
Trd, 8638193.132, 112
Trd, 8638193.332, 123
Trd, 8638195.132, 95
Trd, 8638195.932, 87
Trd, 8638197.732, 110
Trd, 8638197.782, 113
Trd, 8638198.932, 113
Trd, 8638202.732, 104
Trd, 8638203.482, 120
Trd, 8638205.282, 113
Trd, 8638205.632, 113
Trd, 8638207.232, 140
Trd, 8638207.482, 104
Trd, 8638208.332, 88
Trd, 8638209.682, 121
Trd, 8638211.232, 122
Trd, 8638211.832, 89
Trd, 8638213.032, 113
Trd, 8638214.182, 113
Trd, 8638214.682, 86
Trd, 8638217.082, 94
Trd, 8638217.782, 94
Trd, 8638217.932, 95
Trd, 8638219.532, 99
Trd, 8638219.932, 104
Trd, 8638222.432, 119
Trd, 8638223.182, 113
Trd, 8638223.632, 104
Trd, 8638225.282, 114
Trd, 8638227.132, 103
Trd, 8638227.232, 97
Trd, 8638227.732, 109
Trd, 8638228.982, 108
Trd, 8638229.032, 109
Trd, 8638229.582, 113
Trd, 8638229.632, 95
Trd, 8638231.832, 112
Trd, 8638232.182, 89
Trd, 8638233.432, 128
Trd, 8638235.482, 92
Trd, 8638235.882, 125
Trd, 8638237.382, 104
Trd, 8638238.332, 121
Trd, 8638241.332, 104
Trd, 8638241.532, 119
Trd, 8638243.082, 113
Trd, 8638244.582, 114
Trd, 8638245.432, 90
Trd, 8638245.982, 89
Trd, 8638246.982, 111
Trd, 8638247.732, 112
Trd, 8638249.132, 71
Trd, 8638249.632, 111
Trd, 8638251.082, 129
Trd, 8638252.532, 79
Trd, 8638253.332, 89
Trd, 8638254.682, 107
Trd, 8638254.982, 108
Trd, 8638255.382, 112
Trd, 8638255.632, 86
Trd, 8638256.432, 139
Trd, 8638260.382, 120
Trd, 8638261.382, 117
Trd, 8638261.482, 118
Trd, 8638261.882, 113
Trd, 8638262.632, 113
Trd, 8638266.782, 95
Trd, 8638267.532, 107
Trd, 8638267.982, 92
Trd, 8638268.632, 90
Trd, 8638269.182, 103
Trd, 8638269.532, 104
Trd, 8638269.732, 113
Trd, 8638272.782, 95
Trd, 8638274.082, 98
Trd, 8638274.182, 122
Trd, 8638274.782, 121
Trd, 8638277.032, 93
Trd, 8638277.082, 91
Trd, 8638277.282, 115
Trd, 8638278.282, 83
Trd, 8638279.132, 84
Trd, 8638280.882, 113
Trd, 8638282.032, 113
Trd, 8638283.282, 114
Trd, 8638284.032, 100
Trd, 8638284.232, 95
Trd, 8638287.332, 122
Trd, 8638288.032, 113
Trd, 8638288.682, 122
Trd, 8638289.682, 121
Trd, 8638290.882, 105
Trd, 8638291.832, 100
Trd, 8638291.982, 95
Trd, 8638294.032, 94
Trd, 8638294.182, 135
Trd, 8638294.882, 93
Trd, 8638299.532, 120
Trd, 8638299.932, 113
Trd, 8638300.332, 121
Trd, 8638301.982, 98
Trd, 8638302.082, 95
Trd, 8638304.032, 113
Trd, 8638304.332, 115
Trd, 8638305.432, 79
Trd, 8638307.382, 121
Trd, 8638308.132, 87
Trd, 8638308.982, 133
Trd, 8638312.932, 91
Trd, 8638313.082, 99
Trd, 8638313.782, 121
Trd, 8638314.882, 113
Trd, 8638316.282, 119
Trd, 8638316.582, 119
Trd, 8638316.682, 99
Trd, 8638317.632, 95
Trd, 8638318.832, 113
Trd, 8638320.282, 126
Trd, 8638320.732, 92
Trd, 8638323.632, 117
Trd, 8638324.932, 95
Trd, 8638326.632, 114
Trd, 8638326.832, 115
Trd, 8638331.832, 98
Trd, 8638332.132, 86
Trd, 8638332.982, 78
Trd, 8638334.732, 96
Trd, 8638335.382, 99
Trd, 8638335.782, 104
Trd, 8638336.182, 91
Trd, 8638337.682, 95
Trd, 8638339.582, 113
Trd, 8638341.082, 118
Trd, 8638341.332, 113
Trd, 8638343.182, 113
Trd, 8638343.282, 98
Trd, 8638345.132, 112
Trd, 8638346.532, 86
Trd, 8638347.232, 84
Trd, 8638348.282, 113
Trd, 8638349.032, 118
Trd, 8638352.932, 90
Trd, 8638353.182, 112
Trd, 8638353.432, 112
Trd, 8638355.182, 86
Trd, 8638356.482, 111
Trd, 8638357.732, 110
Trd, 8638357.782, 113
Trd, 8638358.632, 87
Trd, 8638358.732, 86
Trd, 8638358.782, 104
Trd, 8638361.532, 92
Trd, 8638362.082, 91
Trd, 8638362.782, 116
Trd, 8638364.232, 99
Trd, 8638364.332, 100
Trd, 8638367.582, 85
Trd, 8638368.932, 72
Trd, 8638368.982, 84
Trd, 8638369.782, 88
Trd, 8638371.982, 95
Trd, 8638373.432, 103
Trd, 8638374.432, 92
Trd, 8638374.782, 102
Trd, 8638374.832, 91
Trd, 8638375.882, 104
Trd, 8638376.232, 113
Trd, 8638377.632, 100
Trd, 8638380.282, 77
Trd, 8638381.032, 88
Trd, 8638382.132, 89
Trd, 8638383.332, 86
Trd, 8638384.382, 95
Trd, 8638384.732, 87
Trd, 8638385.282, 104
Trd, 8638385.482, 86
Trd, 8638387.832, 120
Trd, 8638388.282, 120
Trd, 8638389.432, 113
Trd, 8638391.282, 104
Trd, 8638391.882, 89
Trd, 8638392.332, 113
Trd, 8638395.332, 109
Trd, 8638396.082, 95
Trd, 8638398.382, 93
Trd, 8638398.432, 108
Trd, 8638399.882, 106
Trd, 8638400.582, 106
Trd, 8638402.032, 88
Trd, 8638402.682, 78
Trd, 8638403.482, 89
Trd, 8638404.382, 95
Trd, 8638406.432, 90
Trd, 8638407.532, 103
Trd, 8638408.482, 104
Trd, 8638409.732, 83
Trd, 8638410.282, 113
Trd, 8638412.232, 116
Trd, 8638412.382, 128
Trd, 8638414.282, 90
Trd, 8638415.182, 111
Trd, 8638416.882, 122
Trd, 8638417.932, 112
Trd, 8638417.982, 121
Trd, 8638419.932, 96
Trd, 8638420.732, 115
Trd, 8638422.332, 113
Trd, 8638422.682, 113
Trd, 8638423.382, 77
Trd, 8638426.432, 110
Trd, 8638426.782, 111
Trd, 8638427.482, 86
Trd, 8638431.032, 112
Trd, 8638431.082, 132
Trd, 8638431.582, 120
Trd, 8638432.582, 95
Trd, 8638432.782, 125
Trd, 8638433.532, 65
Trd, 8638435.832, 110
Trd, 8638437.482, 108
Trd, 8638438.832, 104
Trd, 8638439.382, 93
Trd, 8638439.682, 102
Trd, 8638442.082, 91
Trd, 8638444.582, 109
Trd, 8638444.782, 110
Trd, 8638445.582, 112
Trd, 8638445.632, 103
Trd, 8638446.232, 113
Trd, 8638447.682, 96
Trd, 8638450.482, 122
Trd, 8638450.782, 112
Trd, 8638450.882, 104
Trd, 8638451.982, 90
Trd, 8638452.082, 95
Trd, 8638454.582, 112
Trd, 8638456.132, 95
Trd, 8638457.632, 120
Trd, 8638459.532, 113
Trd, 8638462.032, 109
Trd, 8638463.282, 110
Trd, 8638463.532, 104
Trd, 8638464.732, 108
Trd, 8638465.282, 88
Trd, 8638466.282, 108
Trd, 8638466.782, 113
Trd, 8638468.282, 121
Trd, 8638468.982, 104
Trd, 8638471.182, 102
Trd, 8638473.182, 95
Trd, 8638473.382, 122
Trd, 8638473.832, 113
Trd, 8638475.032, 121
Trd, 8638476.532, 97
Trd, 8638478.232, 112
Trd, 8638478.282, 113
Trd, 8638478.482, 95
Trd, 8638481.082, 91
Trd, 8638481.732, 95
Trd, 8638483.532, 93
Trd, 8638483.732, 87
Trd, 8638485.132, 113
Trd, 8638486.732, 86
Trd, 8638486.932, 119
Trd, 8638487.082, 113
Trd, 8638488.032, 121
Trd, 8638490.682, 83
Trd, 8638490.982, 82
Trd, 8638494.032, 81
Trd, 8638494.232, 92
Trd, 8638495.032, 81
Trd, 8638495.182, 86
Trd, 8638496.132, 95
Trd, 8638496.682, 79
Trd, 8638497.432, 110
Trd, 8638498.432, 134
Trd, 8638500.982, 122
Trd, 8638501.132, 104
Trd, 8638502.482, 121
Trd, 8638505.532, 98
Trd, 8638505.832, 112
Trd, 8638506.332, 112
Trd, 8638506.532, 77
Trd, 8638507.082, 111
Trd, 8638510.082, 99
Trd, 8638510.432, 100
Trd, 8638512.082, 92
Trd, 8638512.482, 108
Trd, 8638515.182, 106
Trd, 8638517.632, 88
Trd, 8638518.732, 88
Trd, 8638518.982, 93
Trd, 8638519.732, 94
Trd, 8638520.132, 90
Trd, 8638521.632, 112
Trd, 8638523.132, 77
Trd, 8638524.932, 93
Trd, 8638525.532, 95
Trd, 8638525.732, 103
Trd, 8638526.132, 86
Trd, 8638529.732, 99
Trd, 8638530.482, 98
Trd, 8638530.882, 89
Trd, 8638531.582, 88
Trd, 8638532.082, 104
Trd, 8638532.132, 86
Trd, 8638534.832, 87
Trd, 8638536.482, 93
Trd, 8638536.582, 95
Trd, 8638537.132, 82
Trd, 8638538.732, 77
Trd, 8638539.832, 86
Trd, 8638541.532, 104
Trd, 8638543.032, 104
Trd, 8638543.482, 92
Trd, 8638544.832, 118
Trd, 8638546.332, 97
Trd, 8638548.482, 107
Trd, 8638549.532, 108
Trd, 8638549.682, 109
Trd, 8638550.932, 113
Trd, 8638551.482, 95
Trd, 8638551.682, 95
Trd, 8638554.782, 113
Trd, 8638555.182, 119
Trd, 8638555.482, 104
Trd, 8638559.032, 121
Trd, 8638560.282, 88
Trd, 8638560.932, 118
Trd, 8638561.232, 88
Trd, 8638564.832, 104
Trd, 8638567.032, 104
Trd, 8638567.132, 97
Trd, 8638567.582, 95
Trd, 8638567.632, 104
Trd, 8638570.082, 113
Trd, 8638570.632, 116
Trd, 8638571.682, 87
Trd, 8638571.882, 89
Trd, 8638572.382, 95
Trd, 8638573.182, 81
Trd, 8638575.082, 87
Trd, 8638576.682, 103
Trd, 8638577.332, 110
Trd, 8638577.582, 86
Trd, 8638578.832, 109
Trd, 8638579.082, 87
Trd, 8638579.132, 89
Trd, 8638579.582, 110
Trd, 8638580.182, 86
Trd, 8638583.332, 96
Trd, 8638583.732, 130
Trd, 8638586.932, 121
Trd, 8638588.132, 104
Trd, 8638588.332, 95
Trd, 8638588.932, 115
Trd, 8638590.082, 111
Trd, 8638591.232, 112
Trd, 8638591.282, 88
Trd, 8638592.482, 109
Trd, 8638593.382, 108
Trd, 8638593.932, 88
Trd, 8638595.882, 87
Trd, 8638598.682, 102
Trd, 8638599.482, 101
Trd, 8638600.182, 92
Trd, 8638603.282, 112
Trd, 8638603.832, 96
Trd, 8638604.832, 131
Trd, 8638607.432, 122
Trd, 8638608.382, 133
Trd, 8638611.832, 113
Trd, 8638612.182, 111
Trd, 8638612.382, 122
Trd, 8638612.982, 104
Trd, 8638615.682, 114
Trd, 8638617.882, 114
Trd, 8638618.482, 111
Trd, 8638619.682, 113
Trd, 8638621.632, 96
Trd, 8638621.682, 108
Trd, 8638622.382, 109
Trd, 8638622.432, 112
Trd, 8638622.682, 92
Trd, 8638623.132, 132
Trd, 8638623.482, 86
Trd, 8638627.632, 119
Trd, 8638627.882, 113
Trd, 8638630.232, 115
Trd, 8638630.382, 113
Trd, 8638631.732, 113
Trd, 8638631.982, 103
Trd, 8638635.832, 86
Trd, 8638636.032, 97
Trd, 8638636.432, 104
Trd, 8638637.482, 88
Trd, 8638638.532, 109
Trd, 8638638.832, 113
Trd, 8638642.082, 86
Trd, 8638642.732, 84
Trd, 8638644.132, 86
Trd, 8638644.882, 95
Trd, 8638645.132, 86
Trd, 8638646.182, 112
Trd, 8638647.082, 111
Trd, 8638647.732, 113
Trd, 8638650.632, 87
Trd, 8638651.232, 86
Trd, 8638651.932, 82
Trd, 8638653.682, 95
Trd, 8638654.682, 84
Trd, 8638655.032, 104
Trd, 8638655.682, 110
Trd, 8638656.332, 77
Trd, 8638657.482, 110
Trd, 8638660.632, 122
Trd, 8638660.682, 110
Trd, 8638661.282, 120
Trd, 8638665.932, 91
Trd, 8638666.082, 87
Trd, 8638666.982, 92
Trd, 8638667.182, 87
Trd, 8638667.982, 99
Trd, 8638668.682, 99
Trd, 8638668.782, 100
Trd, 8638670.632, 94
Trd, 8638670.832, 112
Trd, 8638671.582, 112
Trd, 8638672.082, 80
Trd, 8638673.282, 109
Trd, 8638673.332, 110
Trd, 8638676.582, 121
Trd, 8638676.882, 113
Trd, 8638678.432, 121
Trd, 8638681.232, 112
Trd, 8638682.032, 121
Trd, 8638682.432, 104
Trd, 8638683.882, 92
Trd, 8638684.982, 90
Trd, 8638687.082, 92
Trd, 8638687.332, 95
Trd, 8638687.932, 84
Trd, 8638688.082, 104
Trd, 8638691.132, 108
Trd, 8638691.882, 91
Trd, 8638692.182, 109
Trd, 8638692.582, 110
Trd, 8638694.182, 102
Trd, 8638694.682, 86
Trd, 8638696.032, 116
Trd, 8638696.132, 128
Trd, 8638696.782, 113
Trd, 8638699.532, 104
Trd, 8638701.582, 96
Trd, 8638702.582, 110
Trd, 8638702.832, 95
Trd, 8638703.082, 110
Trd, 8638703.532, 111
Trd, 8638703.982, 86
Trd, 8638707.582, 86
Trd, 8638708.082, 122
Trd, 8638708.382, 123
Trd, 8638710.682, 119
Trd, 8638712.082, 96
Trd, 8638712.232, 120
Trd, 8638714.282, 113
Trd, 8638715.082, 104
Trd, 8638715.582, 133
Trd, 8638717.632, 122
Trd, 8638720.532, 113
Trd, 8638720.682, 104
Trd, 8638722.282, 115
Trd, 8638722.582, 95
Trd, 8638722.982, 116
Trd, 8638726.082, 117
Trd, 8638727.332, 110
Trd, 8638728.532, 104
Trd, 8638729.032, 95
Trd, 8638729.482, 110
Trd, 8638729.782, 112
Trd, 8638730.532, 81
Trd, 8638732.582, 111
Trd, 8638733.382, 83
Trd, 8638734.132, 109
Trd, 8638734.932, 109
Trd, 8638737.332, 100
Trd, 8638738.482, 89
Trd, 8638738.732, 101
Trd, 8638739.832, 91
Trd, 8638741.732, 103
Trd, 8638742.082, 94
Trd, 8638743.332, 102
Trd, 8638745.082, 122
Trd, 8638746.882, 93
Trd, 8638748.232, 122
Trd, 8638748.582, 113
Trd, 8638748.882, 121
Trd, 8638751.682, 90
Trd, 8638752.582, 85
Trd, 8638752.732, 82
Trd, 8638753.182, 101
Trd, 8638754.432, 89
Trd, 8638754.532, 88
Trd, 8638754.782, 100
Trd, 8638757.782, 107
Trd, 8638758.932, 107
Trd, 8638760.032, 90
Trd, 8638760.132, 97
Trd, 8638760.332, 89
Trd, 8638762.932, 113
Trd, 8638764.332, 122
Trd, 8638765.782, 112
Trd, 8638768.182, 112
Trd, 8638768.532, 115
Trd, 8638771.232, 97
Trd, 8638771.482, 110
Trd, 8638772.782, 86
Trd, 8638772.982, 109
Trd, 8638773.982, 95
Trd, 8638775.382, 84
Trd, 8638775.832, 86
Trd, 8638777.032, 111
Trd, 8638777.532, 123
Trd, 8638780.182, 95
Trd, 8638782.232, 115
Trd, 8638783.282, 113
Trd, 8638783.482, 95
Trd, 8638783.982, 113
Trd, 8638784.832, 93
Trd, 8638786.432, 122
Trd, 8638787.232, 86
Trd, 8638788.782, 99
Trd, 8638789.782, 103
Trd, 8638790.232, 79
Trd, 8638791.082, 102
Trd, 8638791.882, 88
Trd, 8638796.432, 86
Trd, 8638796.782, 87
Trd, 8638798.332, 113
Trd, 8638799.132, 116
Trd, 8638799.382, 89
Trd, 8638800.982, 87
Trd, 8638801.732, 111
Trd, 8638801.982, 122
Trd, 8638803.382, 119
Trd, 8638804.282, 118
Trd, 8638804.882, 119
Trd, 8638808.482, 116
Trd, 8638809.182, 109
Trd, 8638809.782, 96
Trd, 8638809.982, 95
Trd, 8638810.382, 113
Trd, 8638811.882, 107
Trd, 8638813.332, 90
Trd, 8638813.482, 89
Trd, 8638813.982, 111
Trd, 8638815.532, 109
Trd, 8638816.182, 87
Trd, 8638818.332, 80
Trd, 8638819.082, 86
Trd, 8638819.182, 87
Trd, 8638819.632, 103
Trd, 8638820.232, 104
Trd, 8638821.032, 130
Trd, 8638822.332, 87
Trd, 8638824.682, 86
Trd, 8638824.832, 132
Trd, 8638827.632, 121
Trd, 8638829.332, 96
Trd, 8638830.082, 89
Trd, 8638830.232, 97
Trd, 8638830.432, 91
Trd, 8638830.982, 110
Trd, 8638833.082, 120
Trd, 8638833.932, 90
Trd, 8638834.682, 91
Trd, 8638835.132, 93
Trd, 8638835.632, 95
Trd, 8638835.982, 86
Trd, 8638837.932, 79
Trd, 8638839.932, 120
Trd, 8638840.182, 121
Trd, 8638840.982, 113
Trd, 8638842.882, 113
Trd, 8638844.882, 97
Trd, 8638847.132, 108
Trd, 8638848.432, 104
Trd, 8638849.232, 103
Trd, 8638849.582, 100
Trd, 8638849.782, 95
Trd, 8638850.132, 138
Trd, 8638852.832, 103
Trd, 8638853.732, 96
Trd, 8638853.832, 113
Trd, 8638855.282, 131
Trd, 8638855.882, 113
Trd, 8638856.132, 130
Trd, 8638856.182, 95
Trd, 8638859.332, 113
Trd, 8638860.882, 124
Trd, 8638861.832, 112
Trd, 8638862.432, 104
Trd, 8638863.132, 115
Trd, 8638863.782, 88
Trd, 8638865.582, 112
Trd, 8638866.182, 95
Trd, 8638866.982, 113
Trd, 8638867.482, 140
Trd, 8638870.032, 91
Trd, 8638870.632, 95
Trd, 8638871.582, 101
Trd, 8638872.082, 103
Trd, 8638873.282, 91
Trd, 8638873.432, 95
Trd, 8638873.932, 113
Trd, 8638874.632, 92
Trd, 8638874.682, 86
Trd, 8638875.932, 87
Trd, 8638879.082, 87
Trd, 8638879.582, 88
Trd, 8638882.032, 91
Trd, 8638882.082, 95
Trd, 8638883.932, 91
Trd, 8638884.632, 88
Trd, 8638885.032, 104
Trd, 8638886.232, 89
Trd, 8638887.082, 87
Trd, 8638887.332, 87
Trd, 8638889.182, 83
Trd, 8638889.832, 95
Trd, 8638890.532, 112
Trd, 8638892.582, 91
Trd, 8638893.932, 89
Trd, 8638895.032, 104
Trd, 8638896.882, 113
Trd, 8638897.532, 115
Trd, 8638898.982, 123
Trd, 8638899.132, 86
Trd, 8638900.482, 66
Trd, 8638903.682, 88
Trd, 8638904.132, 89
Trd, 8638905.582, 78
Trd, 8638906.832, 108
Trd, 8638907.132, 112
Trd, 8638908.932, 113
Trd, 8638909.132, 105
Trd, 8638909.732, 119
Trd, 8638911.932, 91
Trd, 8638912.732, 121
Trd, 8638912.932, 90
Trd, 8638914.782, 113
Trd, 8638915.032, 114
Trd, 8638915.632, 86
Trd, 8638916.782, 86
Trd, 8638918.582, 108
Trd, 8638918.982, 112
Trd, 8638920.932, 104
Trd, 8638921.682, 77
Trd, 8638923.382, 113
Trd, 8638923.982, 96
Trd, 8638925.582, 95
Trd, 8638926.532, 108
Trd, 8638927.132, 87
Trd, 8638927.582, 86
Trd, 8638927.982, 107
Trd, 8638929.232, 106
Trd, 8638929.332, 107
Trd, 8638933.082, 122
Trd, 8638934.032, 110
Trd, 8638934.732, 112
Trd, 8638936.082, 95
Trd, 8638937.232, 86
Trd, 8638938.782, 87
Trd, 8638940.532, 108
Trd, 8638941.132, 87
Trd, 8638941.782, 88
Trd, 8638943.732, 99
Trd, 8638943.882, 100
Trd, 8638944.032, 90
Trd, 8638945.532, 115
Trd, 8638947.632, 112
Trd, 8638948.282, 112
Trd, 8638949.882, 120
Trd, 8638950.182, 104
Trd, 8638953.782, 95
Trd, 8638954.682, 109
Trd, 8638955.932, 95
Trd, 8638956.232, 97
Trd, 8638956.482, 113
Trd, 8638956.982, 122
Trd, 8638957.182, 93
Trd, 8638958.382, 86
Trd, 8638960.732, 120
Trd, 8638961.382, 113
Trd, 8638963.082, 118
Trd, 8638964.882, 113
Trd, 8638965.882, 95
Trd, 8638965.932, 113
Trd, 8638966.832, 113
Trd, 8638967.232, 113
Trd, 8638970.282, 88
Trd, 8638970.382, 86
Trd, 8638970.982, 90
Trd, 8638971.032, 113
Trd, 8638974.082, 112
Trd, 8638974.732, 104
Trd, 8638975.032, 117
Trd, 8638976.682, 95
Trd, 8638978.782, 86
Trd, 8638979.282, 110
Trd, 8638979.882, 110
Trd, 8638980.232, 92
Trd, 8638981.282, 77
Trd, 8638981.432, 105
Trd, 8638981.932, 113
Trd, 8638982.382, 132
Trd, 8638985.682, 67
Trd, 8638985.832, 89
Trd, 8638987.432, 94
Trd, 8638988.932, 86
Trd, 8638989.432, 95
Trd, 8638990.382, 81
Trd, 8638992.332, 85
Trd, 8638993.182, 87
Trd, 8638994.982, 103
Trd, 8638995.232, 89
Trd, 8638995.282, 104
Trd, 8638995.632, 88
Trd, 8638995.932, 113
Trd, 8638998.132, 116
Trd, 8638999.182, 86
Trd, 8639000.232, 115
Trd, 8639000.482, 113
Trd, 8639001.332, 110
Trd, 8639002.232, 95
Trd, 8639002.282, 108
Trd, 8639006.182, 88
Trd, 8639006.682, 95
Trd, 8639006.782, 88
Trd, 8639006.882, 111
Trd, 8639008.982, 94
Trd, 8639009.132, 95
Trd, 8639010.832, 103
Trd, 8639011.232, 96
Trd, 8639011.782, 95
Trd, 8639014.532, 118
Trd, 8639015.432, 113
Trd, 8639017.232, 113
Trd, 8639017.482, 112
Trd, 8639018.632, 112
Trd, 8639019.382, 96
Trd, 8639020.332, 86
Trd, 8639023.932, 86
Trd, 8639024.332, 95
Trd, 8639026.482, 97
Trd, 8639026.582, 101
Trd, 8639026.832, 86
Trd, 8639029.582, 102
Trd, 8639030.032, 104
Trd, 8639030.682, 113
Trd, 8639031.132, 93
Trd, 8639031.282, 86
Trd, 8639034.732, 103
Trd, 8639035.582, 86
Trd, 8639035.882, 126
Trd, 8639036.982, 122
Trd, 8639037.282, 126
Trd, 8639037.832, 113
Trd, 8639038.082, 95
Trd, 8639041.832, 122
Trd, 8639042.332, 113
Trd, 8639044.382, 114
Trd, 8639045.432, 113
Trd, 8639045.932, 104
Trd, 8639046.432, 95
Trd, 8639046.532, 112
Trd, 8639048.182, 89
Trd, 8639048.982, 111
Trd, 8639049.232, 87
Trd, 8639050.832, 113
Trd, 8639051.032, 130
Trd, 8639052.532, 113
Trd, 8639052.982, 112
Trd, 8639054.982, 124
Trd, 8639056.682, 86
Trd, 8639057.082, 88
Trd, 8639057.932, 87
Trd, 8639059.082, 101
Trd, 8639059.682, 87
Trd, 8639059.732, 112
Trd, 8639061.082, 104
Trd, 8639064.732, 121
Trd, 8639065.132, 112
Trd, 8639065.832, 104
Trd, 8639066.732, 113
Trd, 8639067.732, 114
Trd, 8639071.782, 122
Trd, 8639072.732, 112
Trd, 8639073.082, 104
Trd, 8639073.432, 95
Trd, 8639075.832, 89
Trd, 8639076.982, 107
Trd, 8639078.132, 106
Trd, 8639079.682, 104
Trd, 8639079.732, 113
Trd, 8639079.832, 92
Trd, 8639080.582, 88
Trd, 8639080.832, 86
Trd, 8639082.182, 86
Trd, 8639085.232, 113
Trd, 8639086.882, 107
Trd, 8639087.182, 107
Trd, 8639087.332, 101
Trd, 8639087.582, 87
Trd, 8639088.382, 86
Trd, 8639090.582, 92
Trd, 8639090.832, 110
Trd, 8639091.032, 84
Trd, 8639093.132, 113
Trd, 8639095.332, 92
Trd, 8639096.982, 102
Trd, 8639097.032, 104
Trd, 8639097.082, 94
Trd, 8639099.682, 90
Trd, 8639101.332, 107
Trd, 8639101.532, 119
Trd, 8639102.332, 120
Trd, 8639102.432, 95
Trd, 8639103.632, 112
Trd, 8639105.432, 116
Trd, 8639105.982, 92
Trd, 8639107.682, 112
Trd, 8639109.582, 98
Trd, 8639109.732, 110
Trd, 8639110.682, 95
Trd, 8639111.432, 119
Trd, 8639112.482, 86
Trd, 8639114.932, 102
Trd, 8639115.882, 71
Trd, 8639116.232, 80
Trd, 8639119.232, 85
Trd, 8639121.282, 87
Trd, 8639121.332, 88
Trd, 8639121.582, 95
Trd, 8639122.982, 104
Trd, 8639123.132, 78
Trd, 8639126.232, 106
Trd, 8639126.282, 86
Trd, 8639126.682, 107
Trd, 8639127.632, 87
Trd, 8639127.732, 79
Trd, 8639128.682, 89
Trd, 8639130.932, 102
Trd, 8639132.282, 86
Trd, 8639132.682, 112
Trd, 8639135.032, 106
Trd, 8639135.132, 107
Trd, 8639135.832, 97
Trd, 8639137.082, 102
Trd, 8639137.982, 101
Trd, 8639138.682, 77
Trd, 8639139.482, 86
Trd, 8639139.782, 104
Trd, 8639140.232, 113
Trd, 8639142.832, 71
Trd, 8639144.282, 124
Trd, 8639144.932, 113
Trd, 8639146.632, 101
Trd, 8639146.832, 122
Trd, 8639149.932, 119
Trd, 8639151.982, 111
Trd, 8639152.482, 114
Trd, 8639153.332, 104
Trd, 8639154.332, 98
Trd, 8639155.032, 112
Trd, 8639155.732, 112
Trd, 8639157.482, 97
Trd, 8639157.982, 128
Trd, 8639160.032, 91
Trd, 8639160.132, 95
Trd, 8639163.532, 122
Trd, 8639163.632, 126
Trd, 8639165.082, 113
Trd, 8639166.582, 121
Trd, 8639167.982, 110
Trd, 8639168.132, 104
Trd, 8639169.482, 116
Trd, 8639171.282, 110
Trd, 8639172.132, 95
Trd, 8639173.032, 107
Trd, 8639173.582, 88
Trd, 8639173.682, 86
Trd, 8639175.032, 113
Trd, 8639175.782, 132
Trd, 8639176.132, 122
Trd, 8639178.282, 97
Trd, 8639179.332, 113
Trd, 8639179.632, 120
Trd, 8639179.882, 120
Trd, 8639180.282, 95
Trd, 8639183.132, 82
Trd, 8639183.632, 115
Trd, 8639184.882, 105
Trd, 8639187.032, 89
Trd, 8639187.332, 106
Trd, 8639188.432, 106
Trd, 8639189.982, 89
Trd, 8639190.082, 88
Trd, 8639190.532, 87
Trd, 8639191.982, 112
Trd, 8639193.982, 109
Trd, 8639195.182, 91
Trd, 8639195.332, 104
Trd, 8639197.932, 112
Trd, 8639198.932, 87
Trd, 8639199.932, 79
Trd, 8639200.232, 93
Trd, 8639200.382, 94
Trd, 8639201.432, 112
Trd, 8639202.082, 112
Trd, 8639203.682, 84
Trd, 8639205.682, 131
Trd, 8639206.382, 88
Trd, 8639208.332, 114
Trd, 8639209.032, 115
Trd, 8639209.782, 113
Trd, 8639210.582, 113
Trd, 8639210.832, 97
Trd, 8639211.632, 95
Trd, 8639213.282, 113
Trd, 8639215.532, 80
Trd, 8639217.732, 126
Trd, 8639218.632, 122
Trd, 8639219.382, 130
Trd, 8639220.032, 112
Trd, 8639221.582, 111
Trd, 8639225.332, 108
Trd, 8639225.382, 109
Trd, 8639226.782, 99
Trd, 8639227.232, 95
Trd, 8639228.432, 111
Trd, 8639228.532, 112
Trd, 8639228.782, 86
Trd, 8639231.932, 105
Trd, 8639232.282, 80
Trd, 8639232.832, 105
Trd, 8639233.082, 106
Trd, 8639234.232, 109
Trd, 8639235.782, 111
Trd, 8639236.232, 90
Trd, 8639237.282, 135
Trd, 8639238.532, 88
Trd, 8639238.882, 121
Trd, 8639240.432, 120
Trd, 8639240.832, 108
Trd, 8639241.032, 126
Trd, 8639244.132, 124
Trd, 8639244.982, 103
Trd, 8639246.432, 95
Trd, 8639246.932, 113
Trd, 8639247.832, 112
Trd, 8639249.582, 103
Trd, 8639249.932, 109
Trd, 8639250.932, 86
Trd, 8639251.782, 94
Trd, 8639252.282, 104
Trd, 8639254.582, 85
Trd, 8639255.632, 109
Trd, 8639256.282, 88
Trd, 8639256.532, 111
Trd, 8639259.532, 93
Trd, 8639259.782, 95
Trd, 8639260.832, 99
Trd, 8639261.332, 90
Trd, 8639265.032, 103
Trd, 8639265.332, 113
Trd, 8639267.382, 130
Trd, 8639267.432, 95
Trd, 8639267.732, 121
Trd, 8639269.682, 104
Trd, 8639272.032, 103
Trd, 8639272.532, 104
Trd, 8639274.532, 101
Trd, 8639274.582, 95
Trd, 8639276.932, 89
Trd, 8639276.982, 103
Trd, 8639277.682, 99
Trd, 8639278.282, 89
Trd, 8639281.182, 100
Trd, 8639283.282, 91
Trd, 8639283.582, 83
Trd, 8639284.182, 98
Trd, 8639284.782, 82
Trd, 8639285.632, 104
Trd, 8639287.782, 86
Trd, 8639289.182, 95
Trd, 8639289.332, 112
Trd, 8639291.882, 122
Trd, 8639293.232, 127
Trd, 8639295.082, 98
Trd, 8639295.782, 98
Trd, 8639295.832, 97
Trd, 8639296.182, 95
Trd, 8639298.282, 113
Trd, 8639299.132, 89
Trd, 8639299.882, 121
Trd, 8639302.632, 98
Trd, 8639303.732, 111
Trd, 8639305.232, 111
Trd, 8639305.632, 97
Trd, 8639309.082, 122
Trd, 8639310.332, 114
Trd, 8639310.482, 104
Trd, 8639313.732, 97
Trd, 8639314.032, 88
Trd, 8639314.732, 98
Trd, 8639314.982, 104
Trd, 8639315.582, 112
Trd, 8639317.682, 111
Trd, 8639319.432, 95
Trd, 8639320.832, 104
Trd, 8639321.332, 97
Trd, 8639322.682, 99
Trd, 8639322.932, 110
Trd, 8639323.882, 110
Trd, 8639326.832, 85
Trd, 8639326.882, 91
Trd, 8639328.282, 112
Trd, 8639330.182, 100
Trd, 8639330.932, 88
Trd, 8639331.932, 111
Trd, 8639332.732, 112
Trd, 8639335.132, 122
Trd, 8639336.182, 78
Trd, 8639337.482, 84
Trd, 8639338.182, 93
Trd, 8639342.032, 119
Trd, 8639342.232, 112
Trd, 8639343.582, 118
Trd, 8639344.132, 113
Trd, 8639344.332, 104
Trd, 8639345.832, 88
Trd, 8639347.732, 127
Trd, 8639348.982, 119
Trd, 8639352.332, 114
Trd, 8639352.732, 118
Trd, 8639353.432, 104
Trd, 8639354.232, 112
Trd, 8639355.132, 117
Trd, 8639357.132, 122
Trd, 8639357.882, 113
Trd, 8639359.532, 123
Trd, 8639363.932, 95
Trd, 8639365.032, 100
Trd, 8639365.082, 91
Trd, 8639365.132, 102
Trd, 8639365.882, 90
Trd, 8639367.232, 82
Trd, 8639367.532, 104
Trd, 8639367.932, 112
Trd, 8639367.982, 113
Trd, 8639370.582, 112
Trd, 8639370.882, 123
Trd, 8639372.032, 104
Trd, 8639372.332, 122
Trd, 8639372.382, 95
Trd, 8639377.432, 114
Trd, 8639378.632, 107
Trd, 8639379.282, 104
Trd, 8639381.132, 109
Trd, 8639382.282, 99
Trd, 8639382.832, 95
Trd, 8639383.382, 109
Trd, 8639383.832, 113
Trd, 8639384.482, 89
Trd, 8639386.182, 89
Trd, 8639386.782, 113
Trd, 8639387.282, 75
Trd, 8639387.932, 122
Trd, 8639389.282, 122
Trd, 8639390.282, 86
Trd, 8639391.082, 118
Trd, 8639392.132, 88
Trd, 8639392.632, 111
Trd, 8639393.532, 111
Trd, 8639394.932, 111
Trd, 8639395.332, 86
Trd, 8639395.532, 105
Trd, 8639397.032, 109
Trd, 8639399.882, 102
Trd, 8639400.032, 85
Trd, 8639400.832, 84
Trd, 8639401.232, 87
Trd, 8639402.732, 103
Trd, 8639403.932, 102
Trd, 8639404.682, 89
Trd, 8639405.832, 87
Trd, 8639407.582, 108
Trd, 8639407.682, 109
Trd, 8639409.582, 108
Trd, 8639409.732, 98
Trd, 8639411.482, 86
Trd, 8639411.732, 77
Trd, 8639412.232, 113
Trd, 8639414.282, 130
Trd, 8639417.032, 113
Trd, 8639418.732, 119
Trd, 8639418.982, 112
Trd, 8639419.482, 120
Trd, 8639420.982, 113
Trd, 8639421.982, 113
Trd, 8639422.232, 116
Trd, 8639423.382, 96
Trd, 8639427.132, 103
Trd, 8639427.732, 103
Trd, 8639428.232, 86
Trd, 8639429.382, 118
Trd, 8639430.832, 88
Trd, 8639432.132, 111
Trd, 8639434.432, 120
Trd, 8639435.482, 113
Trd, 8639436.032, 104
Trd, 8639436.582, 95
Trd, 8639437.082, 101
Trd, 8639439.482, 84
Trd, 8639440.132, 86
Trd, 8639440.382, 111
Trd, 8639442.332, 86
Trd, 8639442.982, 92
Trd, 8639443.032, 104
Trd, 8639443.532, 111
Trd, 8639444.632, 83
Trd, 8639445.432, 113
Trd, 8639449.032, 131
Trd, 8639450.132, 111
Trd, 8639450.682, 121
Trd, 8639451.132, 97
Trd, 8639451.532, 127
Trd, 8639452.182, 97
Trd, 8639454.282, 88
Trd, 8639454.532, 90
Trd, 8639456.432, 95
Trd, 8639457.332, 104
Trd, 8639458.732, 95
Trd, 8639460.532, 111
Trd, 8639462.432, 104
Trd, 8639463.232, 118
Trd, 8639464.132, 88
Trd, 8639465.332, 86
Trd, 8639465.832, 113
Trd, 8639465.882, 114
Trd, 8639469.882, 104
Trd, 8639471.132, 95
Trd, 8639471.332, 109
Trd, 8639472.632, 86
Trd, 8639472.732, 107
Trd, 8639472.882, 77
Trd, 8639473.132, 110
Trd, 8639474.282, 98
Trd, 8639475.182, 103
Trd, 8639477.182, 104
Trd, 8639478.032, 122
Trd, 8639478.732, 122
Trd, 8639479.882, 134
Trd, 8639482.682, 97
Trd, 8639482.782, 108
Trd, 8639483.782, 109
Trd, 8639484.332, 95
Trd, 8639485.582, 81
Trd, 8639486.432, 109
Trd, 8639488.532, 108
Trd, 8639489.832, 89
Trd, 8639490.332, 105
Trd, 8639491.182, 77
Trd, 8639491.882, 104
Trd, 8639492.132, 80
Trd, 8639493.682, 104
Trd, 8639495.482, 92
Trd, 8639496.032, 76
Trd, 8639496.782, 111
Trd, 8639499.632, 122
Trd, 8639501.082, 113
Trd, 8639501.782, 104
Trd, 8639503.132, 86
Trd, 8639505.882, 94
Trd, 8639506.832, 95
Trd, 8639507.632, 103
Trd, 8639508.032, 104
Trd, 8639508.382, 113
Trd, 8639508.732, 87
Trd, 8639511.132, 90
Trd, 8639511.982, 90
Trd, 8639512.182, 104
Trd, 8639513.132, 111
Trd, 8639513.482, 90
Trd, 8639516.232, 121
Trd, 8639516.732, 113
Trd, 8639517.782, 121
Trd, 8639519.632, 97
Trd, 8639519.782, 95
Trd, 8639520.632, 93
Trd, 8639521.782, 113
Trd, 8639522.332, 114
Trd, 8639522.982, 112
Trd, 8639524.282, 87
Trd, 8639525.532, 92
Trd, 8639526.682, 101
Trd, 8639526.732, 80
Trd, 8639527.432, 101
Trd, 8639527.882, 113
Trd, 8639530.032, 112
Trd, 8639531.582, 88
Trd, 8639532.282, 117
Trd, 8639532.732, 118
Trd, 8639533.932, 115
Trd, 8639534.882, 111
Trd, 8639534.982, 104
Trd, 8639536.982, 94
Trd, 8639540.532, 120
Trd, 8639542.932, 115
Trd, 8639544.032, 113
Trd, 8639544.082, 114
Trd, 8639545.882, 103
Trd, 8639546.232, 110
Trd, 8639547.482, 109
Trd, 8639548.232, 95
Trd, 8639548.732, 98
Trd, 8639551.482, 88
Trd, 8639552.182, 105
Trd, 8639552.782, 113
Trd, 8639552.982, 95
Trd, 8639554.732, 109
Trd, 8639554.882, 94
Trd, 8639557.432, 121
Trd, 8639557.632, 112
Trd, 8639558.082, 123
Trd, 8639559.532, 122
Trd, 8639560.782, 104
Trd, 8639560.882, 95
Trd, 8639562.882, 115
Trd, 8639564.432, 139
Trd, 8639566.432, 122
Trd, 8639566.782, 87
Trd, 8639568.082, 122
Trd, 8639568.932, 104
Trd, 8639570.882, 117
Trd, 8639572.682, 111
Trd, 8639573.932, 117
Trd, 8639574.332, 87
Trd, 8639574.482, 86
Trd, 8639576.532, 87
Trd, 8639577.882, 112
Trd, 8639580.032, 104
Trd, 8639580.432, 105
Trd, 8639580.482, 86
Trd, 8639580.632, 113
Trd, 8639583.532, 104
Trd, 8639583.982, 113
Trd, 8639584.982, 86
Trd, 8639585.182, 90
Trd, 8639586.232, 86
Trd, 8639589.082, 113
Trd, 8639589.332, 119
Trd, 8639591.982, 87
Trd, 8639592.132, 86
Trd, 8639592.832, 111
Trd, 8639594.632, 96
Trd, 8639594.732, 96
Trd, 8639596.282, 87
Trd, 8639596.432, 95
Trd, 8639596.682, 104
Trd, 8639598.182, 113
Trd, 8639598.482, 87
Trd, 8639601.432, 129
Trd, 8639603.882, 122
Trd, 8639604.332, 95
Trd, 8639605.382, 119
Trd, 8639605.532, 121
Trd, 8639605.932, 112
Trd, 8639607.782, 90
Trd, 8639608.082, 120
Trd, 8639610.032, 111
Trd, 8639610.882, 104
Trd, 8639611.682, 113
Trd, 8639613.982, 112
Trd, 8639615.082, 108
Trd, 8639615.832, 104
Trd, 8639616.732, 106
Trd, 8639617.182, 108
Trd, 8639618.182, 95
Trd, 8639619.232, 112
Trd, 8639619.782, 91
Trd, 8639621.082, 88
Trd, 8639622.382, 110
Trd, 8639623.282, 77
Trd, 8639624.432, 113
Trd, 8639626.532, 122
Trd, 8639627.582, 90
Trd, 8639627.882, 91
Trd, 8639629.132, 111
Trd, 8639631.382, 108
Trd, 8639631.582, 81
Trd, 8639632.332, 93
Trd, 8639632.782, 95
Trd, 8639635.932, 121
Trd, 8639636.432, 113
Trd, 8639636.832, 121
Trd, 8639637.182, 121
Trd, 8639637.532, 134
Trd, 8639638.132, 96
Trd, 8639640.332, 113
Trd, 8639640.482, 138
Trd, 8639644.482, 121
Trd, 8639646.132, 113
Trd, 8639646.482, 112
Trd, 8639646.582, 113
Trd, 8639647.382, 104
Trd, 8639649.482, 95
Trd, 8639650.082, 107
Trd, 8639651.132, 108
Trd, 8639652.582, 96
Trd, 8639653.482, 87
Trd, 8639653.582, 86
Trd, 8639654.582, 77
Trd, 8639654.682, 92
Trd, 8639654.882, 113
Trd, 8639657.182, 112
Trd, 8639658.432, 104
Trd, 8639660.132, 122
Trd, 8639660.232, 122
Trd, 8639661.832, 112
Trd, 8639661.982, 121
Trd, 8639662.582, 101
Trd, 8639665.482, 113
Trd, 8639666.682, 122
Trd, 8639666.882, 122
Trd, 8639668.282, 86
Trd, 8639670.382, 79
Trd, 8639670.482, 99
Trd, 8639671.982, 103
Trd, 8639673.282, 87
Trd, 8639673.432, 102
Trd, 8639674.982, 87
Trd, 8639676.482, 88
Trd, 8639676.582, 86
Trd, 8639677.282, 98
Trd, 8639678.082, 98
Trd, 8639679.732, 81
Trd, 8639680.032, 98
Trd, 8639682.182, 122
Trd, 8639682.882, 120
Trd, 8639684.032, 91
Trd, 8639684.932, 112
Trd, 8639687.032, 113
Trd, 8639687.282, 89
Trd, 8639687.832, 89
Trd, 8639689.232, 89
Trd, 8639689.782, 113
Trd, 8639691.482, 106
Trd, 8639693.032, 134
Trd, 8639694.182, 121
Trd, 8639694.982, 104
Trd, 8639695.332, 95
Trd, 8639697.632, 115
Trd, 8639697.682, 116
Trd, 8639698.482, 113
Trd, 8639698.782, 118
Trd, 8639698.832, 104
Trd, 8639700.482, 122
Trd, 8639704.382, 113
Trd, 8639705.782, 112
Trd, 8639706.632, 95
Trd, 8639707.032, 111
Trd, 8639709.582, 86
Trd, 8639710.332, 94
Trd, 8639710.532, 77
Trd, 8639710.832, 95
Trd, 8639712.332, 104
Trd, 8639713.282, 92
Trd, 8639715.882, 91
Trd, 8639716.332, 104
Trd, 8639717.182, 103
Trd, 8639717.732, 94
Trd, 8639718.282, 104
Trd, 8639719.182, 102
Trd, 8639719.682, 121
Trd, 8639720.982, 91
Trd, 8639722.482, 121
Trd, 8639724.182, 95
Trd, 8639724.632, 106
Trd, 8639724.882, 95
Trd, 8639725.432, 106
Trd, 8639726.432, 86
Trd, 8639728.432, 101
Trd, 8639728.932, 79
Trd, 8639730.182, 101
Trd, 8639733.232, 89
Trd, 8639735.032, 93
Trd, 8639736.032, 113
Trd, 8639736.832, 88
Trd, 8639737.982, 89
Trd, 8639738.532, 104
Trd, 8639740.232, 106
Trd, 8639740.332, 107
Trd, 8639740.932, 90
Trd, 8639743.332, 90
Trd, 8639745.482, 88
Trd, 8639745.532, 92
Trd, 8639745.582, 95
Trd, 8639746.382, 113
Trd, 8639748.832, 90
Trd, 8639749.282, 122
Trd, 8639750.282, 91
Trd, 8639752.432, 113
Trd, 8639752.682, 104
Trd, 8639753.332, 111
Trd, 8639754.082, 110
Trd, 8639754.832, 86
Trd, 8639755.482, 111
Trd, 8639755.532, 113
Trd, 8639757.632, 85
Trd, 8639758.682, 128
Trd, 8639759.032, 122
Trd, 8639759.532, 95
Trd, 8639759.932, 128
Trd, 8639761.632, 119
Trd, 8639764.782, 113
Trd, 8639764.832, 117
Trd, 8639765.382, 118
Trd, 8639766.732, 95
Trd, 8639768.832, 95
Trd, 8639769.132, 90
Trd, 8639769.382, 89
Trd, 8639771.632, 87
Trd, 8639772.532, 103
Trd, 8639773.082, 104
Trd, 8639773.532, 106
Trd, 8639775.182, 87
Trd, 8639776.282, 86
Trd, 8639777.632, 89
Trd, 8639778.082, 90
Trd, 8639780.882, 83
Trd, 8639781.032, 90
Trd, 8639781.282, 95
Trd, 8639783.132, 85
Trd, 8639784.132, 86
Trd, 8639785.332, 85
Trd, 8639787.732, 96
Trd, 8639789.982, 102
Trd, 8639790.982, 104
Trd, 8639791.082, 113
Trd, 8639791.432, 96
Trd, 8639791.532, 95
Trd, 8639792.682, 98
Trd, 8639794.482, 103
Trd, 8639796.132, 88
Trd, 8639797.582, 102
Trd, 8639797.782, 103
Trd, 8639798.032, 87
Trd, 8639799.082, 113
Trd, 8639803.032, 120
Trd, 8639803.382, 113
Trd, 8639803.582, 96
Trd, 8639803.782, 95
Trd, 8639805.182, 119
Trd, 8639806.632, 91
Trd, 8639806.682, 116
Trd, 8639809.132, 110
Trd, 8639809.682, 111
Trd, 8639810.682, 95
Trd, 8639811.882, 87
Trd, 8639814.332, 91
Trd, 8639815.382, 92
Trd, 8639815.632, 95
Trd, 8639815.682, 104
Trd, 8639816.332, 90
Trd, 8639817.432, 88
Trd, 8639819.082, 109
Trd, 8639819.532, 84
Trd, 8639821.532, 104
Trd, 8639822.132, 85
Trd, 8639822.682, 105
Trd, 8639823.132, 112
Trd, 8639823.532, 86
Trd, 8639825.832, 85
Trd, 8639826.932, 90
Trd, 8639827.132, 113
Trd, 8639828.282, 138
Trd, 8639828.582, 104
Trd, 8639829.582, 88
Trd, 8639831.132, 90
Trd, 8639831.332, 95
Trd, 8639832.782, 113
Trd, 8639834.432, 94
Trd, 8639834.732, 88
Trd, 8639835.082, 132
Trd, 8639838.732, 92
Trd, 8639839.032, 89
Trd, 8639840.082, 91
Trd, 8639840.832, 80
Trd, 8639840.932, 95
Trd, 8639843.282, 91
Trd, 8639843.332, 98
Trd, 8639845.482, 109
Trd, 8639847.782, 111
Trd, 8639847.882, 74
Trd, 8639849.582, 84
Trd, 8639850.982, 82
Trd, 8639851.632, 86
Trd, 8639853.082, 113
Trd, 8639853.532, 112
Trd, 8639856.132, 119
Trd, 8639856.682, 104
Trd, 8639857.532, 120
Trd, 8639858.032, 120
Trd, 8639858.432, 81
Trd, 8639861.932, 88
Trd, 8639862.132, 89
Trd, 8639862.332, 95
Trd, 8639863.032, 104
Trd, 8639865.632, 118
Trd, 8639867.332, 97
Trd, 8639868.582, 110
Trd, 8639869.782, 110
Trd, 8639869.932, 111
Trd, 8639870.332, 97
Trd, 8639871.482, 95
Trd, 8639871.832, 104
Trd, 8639875.282, 111
Trd, 8639875.582, 93
Trd, 8639875.932, 113
Trd, 8639877.332, 113
Trd, 8639877.582, 104
Trd, 8639879.782, 103
Trd, 8639880.182, 79
Trd, 8639882.532, 100
Trd, 8639883.732, 86
Trd, 8639883.782, 85
Trd, 8639885.482, 99
Trd, 8639886.932, 103
Trd, 8639887.882, 102
Trd, 8639889.282, 91
Trd, 8639890.082, 91
Trd, 8639890.732, 110
Trd, 8639891.782, 91
Trd, 8639893.682, 78
Trd, 8639895.332, 112
Trd, 8639895.982, 104
Trd, 8639896.932, 119
Trd, 8639896.982, 121
Trd, 8639897.482, 120
Trd, 8639898.132, 113
Trd, 8639899.232, 131
Trd, 8639901.382, 122
Trd, 8639902.182, 96
Trd, 8639902.382, 95
Trd, 8639903.532, 86
Trd, 8639903.582, 121
Trd, 8639904.982, 121
Trd, 8639905.832, 121
Trd, 8639906.582, 113
Trd, 8639906.882, 86
Trd, 8639907.832, 122
Trd, 8639911.482, 95
Trd, 8639911.532, 86
Trd, 8639912.432, 110
Trd, 8639912.532, 111
Trd, 8639914.682, 97
Trd, 8639915.032, 83
Trd, 8639917.332, 111
Trd, 8639918.382, 86
Trd, 8639919.482, 84
Trd, 8639920.332, 85
Trd, 8639921.082, 92
Trd, 8639923.832, 88
Trd, 8639924.532, 113
Trd, 8639924.832, 112
Trd, 8639927.182, 89
Trd, 8639927.732, 95
Trd, 8639928.832, 90
Trd, 8639929.782, 102
Trd, 8639929.832, 109
Trd, 8639930.482, 111
Trd, 8639931.632, 99
Trd, 8639933.332, 108
Trd, 8639934.032, 81
Trd, 8639934.932, 95
Trd, 8639936.882, 122
Trd, 8639937.632, 125
Trd, 8639938.432, 111
Trd, 8639939.982, 109
Trd, 8639940.382, 106
Trd, 8639942.032, 119
Trd, 8639942.532, 95
Trd, 8639944.432, 115
Trd, 8639944.832, 113
Trd, 8639946.082, 117
Trd, 8639947.082, 113
Trd, 8639947.282, 104
Trd, 8639947.882, 113
Trd, 8639948.532, 62
Trd, 8639951.032, 82
Trd, 8639951.382, 110
Trd, 8639952.832, 88
Trd, 8639953.082, 84
Trd, 8639955.582, 100
Trd, 8639956.532, 104
Trd, 8639957.832, 87
Trd, 8639958.432, 93
Trd, 8639958.982, 95
Trd, 8639959.932, 98
Trd, 8639960.182, 103
Trd, 8639961.782, 104
Trd, 8639963.382, 96
Trd, 8639964.782, 104
Trd, 8639965.532, 120
Trd, 8639966.082, 120
Trd, 8639966.582, 96
Trd, 8639967.732, 113
Trd, 8639968.132, 95
Trd, 8639968.932, 101
Trd, 8639971.382, 110
Trd, 8639971.432, 111
Trd, 8639971.932, 112
Trd, 8639972.432, 86
Trd, 8639973.582, 62
Trd, 8639975.232, 90
Trd, 8639976.582, 69
Trd, 8639976.782, 86
Trd, 8639977.432, 95
Trd, 8639979.382, 101
Trd, 8639980.482, 102
Trd, 8639984.882, 95
Trd, 8639985.532, 86
Trd, 8639985.582, 87
Trd, 8639986.232, 104
Trd, 8639986.532, 86
Trd, 8639987.382, 86
Trd, 8639987.682, 109
Trd, 8639987.882, 113
Trd, 8639991.082, 120
Trd, 8639991.732, 122
Trd, 8639993.532, 140
Trd, 8639996.232, 113
Trd, 8639998.632, 106
Trd, 8639999.132, 90
Trd, 8639999.332, 113
Trd, 8639999.582, 87
