Trd, 8637893.782, 100
Trd, 8637896.232, 104
Trd, 8637898.282, 105
Trd, 8637898.382, 104
Trd, 8637898.582, 102
Trd, 8637899.832, 100
Trd, 8637901.132, 112
Trd, 8637906.432, 96
Trd, 8637908.032, 103
Trd, 8637908.282, 103
Trd, 8637909.982, 96
Trd, 8637910.482, 98
Trd, 8637911.782, 98
Trd, 8637912.082, 98
Trd, 8637914.482, 103
Trd, 8637914.582, 91
Trd, 8637916.632, 94
Trd, 8637918.882, 101
Trd, 8637919.232, 103
Trd, 8637919.932, 104
Trd, 8637921.332, 112
Trd, 8637923.732, 115
Trd, 8637924.132, 115
Trd, 8637925.282, 112
Trd, 8637926.182, 114
Trd, 8637926.282, 113
Trd, 8637929.632, 115
Trd, 8637930.332, 113
Trd, 8637933.632, 95
Trd, 8637934.232, 98
Trd, 8637934.582, 97
Trd, 8637935.382, 96
Trd, 8637936.082, 96
Trd, 8637938.882, 90
Trd, 8637940.282, 98
Trd, 8637941.832, 98
Trd, 8637942.732, 99
Trd, 8637944.082, 103
Trd, 8637947.832, 106
Trd, 8637948.032, 105
Trd, 8637949.032, 102
Trd, 8637949.332, 95
Trd, 8637950.282, 89
Trd, 8637953.132, 96
Trd, 8637953.582, 95
Trd, 8637953.832, 96
Trd, 8637955.332, 94
Trd, 8637955.582, 95
Trd, 8637956.582, 97
Trd, 8637958.132, 111
Trd, 8637961.332, 108
Trd, 8637961.482, 106
Trd, 8637961.932, 108
Trd, 8637962.432, 107
Trd, 8637963.132, 104
Trd, 8637967.032, 94
Trd, 8637967.382, 104
Trd, 8637970.082, 105
Trd, 8637972.732, 109
Trd, 8637973.132, 109
Trd, 8637974.082, 109
Trd, 8637974.282, 110
Trd, 8637976.332, 106
Trd, 8637977.782, 113
Trd, 8637978.182, 113
Trd, 8637978.482, 113
Trd, 8637978.732, 113
Trd, 8637982.232, 100
Trd, 8637983.582, 103
Trd, 8637984.582, 102
Trd, 8637984.782, 103
Trd, 8637985.532, 95
Trd, 8637987.482, 93
Trd, 8637988.582, 105
Trd, 8637991.232, 100
Trd, 8637992.082, 100
Trd, 8637992.832, 102
Trd, 8637994.082, 103
Trd, 8637995.682, 111
Trd, 8637997.382, 105
Trd, 8637997.782, 106
Trd, 8637998.832, 104
Trd, 8637998.982, 105
Trd, 8638000.882, 111
Trd, 8638001.932, 104
Trd, 8638004.382, 99
Trd, 8638004.582, 99
Trd, 8638005.182, 97
Trd, 8638005.832, 97
Trd, 8638009.632, 105
Trd, 8638010.282, 102
Trd, 8638010.482, 102
Trd, 8638011.332, 101
Trd, 8638013.432, 68
Trd, 8638014.582, 77
Trd, 8638016.682, 83
Trd, 8638016.882, 85
Trd, 8638017.332, 85
Trd, 8638017.932, 86
Trd, 8638021.132, 95
Trd, 8638021.482, 96
Trd, 8638021.532, 95
Trd, 8638022.682, 95
Trd, 8638022.782, 95
Trd, 8638026.482, 95
Trd, 8638026.782, 97
Trd, 8638027.082, 96
Trd, 8638029.332, 100
Trd, 8638030.032, 101
Trd, 8638031.532, 102
Trd, 8638031.932, 110
Trd, 8638033.282, 107
Trd, 8638034.532, 108
Trd, 8638035.282, 107
Trd, 8638035.632, 109
Trd, 8638038.982, 101
Trd, 8638041.082, 104
Trd, 8638041.332, 103
Trd, 8638042.282, 103
Trd, 8638043.082, 98
Trd, 8638044.932, 99
Trd, 8638045.082, 98
Trd, 8638045.432, 99
Trd, 8638047.732, 107
Trd, 8638049.432, 105
Trd, 8638050.782, 104
Trd, 8638051.082, 104
Trd, 8638053.082, 103
Trd, 8638053.332, 102
Trd, 8638054.832, 103
Trd, 8638055.332, 104
Trd, 8638056.382, 113
Trd, 8638056.882, 95
Trd, 8638060.282, 97
Trd, 8638060.682, 97
Trd, 8638061.382, 99
Trd, 8638063.232, 102
Trd, 8638064.382, 98
Trd, 8638064.482, 97
Trd, 8638064.882, 98
Trd, 8638068.232, 104
Trd, 8638070.282, 113
Trd, 8638070.482, 112
Trd, 8638071.532, 104
Trd, 8638073.432, 103
Trd, 8638076.182, 105
Trd, 8638077.182, 102
Trd, 8638078.832, 99
Trd, 8638079.782, 101
Trd, 8638081.282, 99
Trd, 8638081.332, 100
Trd, 8638083.832, 98
Trd, 8638086.382, 103
Trd, 8638087.232, 101
Trd, 8638087.732, 101
Trd, 8638089.232, 97
Trd, 8638089.982, 95
Trd, 8638091.432, 94
Trd, 8638092.282, 93
Trd, 8638093.582, 94
Trd, 8638095.882, 100
Trd, 8638096.182, 99
Trd, 8638098.332, 99
Trd, 8638098.532, 92
Trd, 8638102.632, 97
Trd, 8638103.282, 98
Trd, 8638103.332, 96
Trd, 8638103.482, 99
Trd, 8638105.832, 102
Trd, 8638106.382, 101
Trd, 8638109.682, 105
Trd, 8638110.382, 108
Trd, 8638110.832, 109
Trd, 8638110.882, 104
Trd, 8638113.382, 101
Trd, 8638114.932, 115
Trd, 8638117.182, 114
Trd, 8638117.482, 112
Trd, 8638118.932, 108
Trd, 8638119.332, 106
Trd, 8638121.832, 102
Trd, 8638122.132, 103
Trd, 8638125.382, 107
Trd, 8638125.432, 113
Trd, 8638126.582, 107
Trd, 8638126.932, 107
Trd, 8638128.382, 96
Trd, 8638130.182, 88
Trd, 8638132.532, 99
Trd, 8638136.982, 88
Trd, 8638137.832, 89
Trd, 8638138.032, 90
Trd, 8638139.182, 93
Trd, 8638139.532, 93
Trd, 8638140.482, 94
Trd, 8638142.182, 90
Trd, 8638142.282, 95
Trd, 8638146.632, 89
Trd, 8638147.982, 99
Trd, 8638149.482, 94
Trd, 8638150.382, 95
Trd, 8638150.632, 94
Trd, 8638154.132, 97
Trd, 8638154.982, 97
Trd, 8638156.282, 100
Trd, 8638157.882, 101
Trd, 8638159.382, 100
Trd, 8638159.582, 101
Trd, 8638162.732, 108
Trd, 8638162.932, 109
Trd, 8638163.082, 106
Trd, 8638163.682, 104
Trd, 8638166.132, 101
Trd, 8638167.582, 92
Trd, 8638168.832, 95
Trd, 8638169.682, 98
Trd, 8638170.282, 97
Trd, 8638171.032, 97
Trd, 8638175.632, 103
Trd, 8638178.182, 104
Trd, 8638178.432, 103
Trd, 8638178.482, 104
Trd, 8638178.932, 104
Trd, 8638179.582, 104
Trd, 8638181.382, 101
Trd, 8638182.432, 110
Trd, 8638183.832, 106
Trd, 8638184.132, 105
Trd, 8638184.532, 104
Trd, 8638186.482, 99
Trd, 8638187.282, 99
Trd, 8638187.882, 104
Trd, 8638190.832, 100
Trd, 8638191.832, 93
Trd, 8638193.382, 95
Trd, 8638193.532, 95
Trd, 8638194.532, 87
Trd, 8638195.982, 94
Trd, 8638198.832, 87
Trd, 8638199.532, 88
Trd, 8638201.032, 94
Trd, 8638201.132, 95
Trd, 8638201.382, 94
Trd, 8638205.432, 100
Trd, 8638205.832, 99
Trd, 8638206.932, 98
Trd, 8638207.782, 97
Trd, 8638209.032, 97
Trd, 8638209.382, 97
Trd, 8638212.832, 101
Trd, 8638215.232, 81
Trd, 8638215.732, 83
Trd, 8638219.582, 94
Trd, 8638219.882, 95
Trd, 8638220.232, 95
Trd, 8638220.282, 96
Trd, 8638222.982, 86
Trd, 8638223.032, 93
Trd, 8638225.032, 89
Trd, 8638225.782, 90
Trd, 8638226.582, 94
Trd, 8638226.732, 93
Trd, 8638227.932, 93
Trd, 8638229.532, 93
Trd, 8638230.182, 95
Trd, 8638232.082, 101
Trd, 8638233.582, 113
Trd, 8638234.432, 113
Trd, 8638235.382, 99
Trd, 8638237.332, 105
Trd, 8638240.382, 77
Trd, 8638240.532, 78
Trd, 8638241.482, 84
Trd, 8638242.482, 84
Trd, 8638243.032, 86
Trd, 8638244.182, 90
Trd, 8638245.132, 89
Trd, 8638245.682, 89
Trd, 8638248.582, 90
Trd, 8638248.732, 92
Trd, 8638249.982, 97
Trd, 8638253.282, 104
Trd, 8638253.832, 103
Trd, 8638254.382, 103
Trd, 8638256.082, 99
Trd, 8638257.782, 101
Trd, 8638258.082, 101
Trd, 8638258.732, 104
Trd, 8638260.582, 107
Trd, 8638261.082, 105
Trd, 8638262.332, 105
Trd, 8638263.582, 111
Trd, 8638264.182, 110
Trd, 8638266.732, 99
Trd, 8638269.782, 104
Trd, 8638270.632, 102
Trd, 8638271.382, 101
Trd, 8638272.832, 99
Trd, 8638273.282, 97
Trd, 8638274.682, 97
Trd, 8638274.882, 102
Trd, 8638276.032, 101
Trd, 8638277.332, 100
Trd, 8638279.632, 97
Trd, 8638280.482, 96
Trd, 8638281.732, 99
Trd, 8638283.432, 100
Trd, 8638284.782, 94
Trd, 8638285.532, 93
Trd, 8638286.082, 94
Trd, 8638286.482, 104
Trd, 8638287.082, 98
Trd, 8638289.882, 111
Trd, 8638293.582, 91
Trd, 8638294.232, 93
Trd, 8638295.232, 95
Trd, 8638296.482, 97
Trd, 8638297.082, 97
Trd, 8638298.032, 98
Trd, 8638299.582, 104
Trd, 8638301.032, 105
Trd, 8638304.482, 101
Trd, 8638305.682, 102
Trd, 8638306.482, 99
Trd, 8638307.332, 101
Trd, 8638308.882, 111
Trd, 8638310.932, 104
Trd, 8638311.632, 103
Trd, 8638311.732, 103
Trd, 8638315.482, 89
Trd, 8638316.282, 93
Trd, 8638316.882, 95
Trd, 8638317.082, 89
Trd, 8638321.032, 92
Trd, 8638322.232, 94
Trd, 8638323.082, 94
Trd, 8638323.482, 93
Trd, 8638324.182, 95
Trd, 8638325.032, 104
Trd, 8638330.032, 98
Trd, 8638330.232, 97
Trd, 8638330.832, 96
Trd, 8638331.882, 92
Trd, 8638331.932, 95
Trd, 8638332.782, 87
Trd, 8638336.282, 112
Trd, 8638337.282, 105
Trd, 8638338.332, 105
Trd, 8638338.532, 104
Trd, 8638341.682, 99
Trd, 8638342.432, 101
Trd, 8638343.232, 100
Trd, 8638346.682, 107
Trd, 8638346.982, 106
Trd, 8638347.732, 105
Trd, 8638347.782, 104
Trd, 8638349.982, 102
Trd, 8638353.232, 101
Trd, 8638353.782, 100
Trd, 8638355.082, 99
Trd, 8638355.582, 99
Trd, 8638356.132, 104
Trd, 8638356.882, 112
Trd, 8638356.932, 99
Trd, 8638360.882, 103
Trd, 8638360.982, 103
Trd, 8638361.132, 103
Trd, 8638361.582, 102
Trd, 8638363.932, 101
Trd, 8638365.032, 101
Trd, 8638365.132, 100
Trd, 8638369.082, 106
Trd, 8638369.382, 105
Trd, 8638369.782, 105
Trd, 8638370.182, 104
Trd, 8638370.782, 104
Trd, 8638373.132, 98
Trd, 8638374.332, 93
Trd, 8638375.182, 94
Trd, 8638378.032, 90
Trd, 8638379.382, 83
Trd, 8638379.982, 85
Trd, 8638380.132, 86
Trd, 8638382.632, 93
Trd, 8638383.082, 94
Trd, 8638384.282, 95
Trd, 8638384.482, 95
Trd, 8638388.382, 104
Trd, 8638388.932, 104
Trd, 8638389.332, 103
Trd, 8638389.832, 103
Trd, 8638391.182, 101
Trd, 8638391.532, 101
Trd, 8638391.682, 101
Trd, 8638392.532, 99
Trd, 8638393.532, 97
Trd, 8638397.432, 90
Trd, 8638398.632, 95
Trd, 8638399.182, 94
Trd, 8638399.432, 102
Trd, 8638400.682, 103
Trd, 8638402.332, 101
Trd, 8638404.232, 106
Trd, 8638404.832, 106
Trd, 8638405.632, 104
Trd, 8638407.482, 99
Trd, 8638408.882, 97
Trd, 8638409.332, 97
Trd, 8638409.682, 95
Trd, 8638412.382, 91
Trd, 8638412.932, 87
Trd, 8638415.082, 91
Trd, 8638418.332, 100
Trd, 8638418.732, 100
Trd, 8638419.382, 100
Trd, 8638419.732, 99
Trd, 8638419.882, 102
Trd, 8638421.432, 101
Trd, 8638422.532, 88
Trd, 8638426.832, 96
Trd, 8638427.132, 95
Trd, 8638430.082, 98
Trd, 8638430.332, 97
Trd, 8638430.432, 98
Trd, 8638430.832, 98
Trd, 8638433.182, 93
Trd, 8638433.382, 93
Trd, 8638433.932, 93
Trd, 8638434.032, 86
Trd, 8638434.082, 104
Trd, 8638438.682, 99
Trd, 8638440.332, 89
Trd, 8638441.232, 88
Trd, 8638441.382, 89
Trd, 8638441.832, 90
Trd, 8638444.982, 97
Trd, 8638446.682, 97
Trd, 8638447.582, 96
Trd, 8638448.232, 89
Trd, 8638450.632, 89
Trd, 8638450.732, 90
Trd, 8638452.432, 94
Trd, 8638454.582, 99
Trd, 8638454.632, 96
Trd, 8638455.282, 99
Trd, 8638456.282, 99
Trd, 8638459.082, 105
Trd, 8638459.182, 105
Trd, 8638460.932, 104
Trd, 8638461.182, 93
Trd, 8638463.482, 98
Trd, 8638463.732, 97
Trd, 8638464.082, 97
Trd, 8638464.582, 98
Trd, 8638465.382, 98
Trd, 8638466.082, 104
Trd, 8638466.432, 95
Trd, 8638471.732, 102
Trd, 8638473.382, 102
Trd, 8638474.282, 98
Trd, 8638474.932, 100
Trd, 8638475.032, 99
Trd, 8638475.782, 97
Trd, 8638476.532, 99
Trd, 8638477.882, 101
Trd, 8638479.082, 95
Trd, 8638482.082, 100
Trd, 8638482.382, 100
Trd, 8638482.782, 101
Trd, 8638483.432, 102
Trd, 8638486.332, 98
Trd, 8638486.532, 99
Trd, 8638487.082, 99
Trd, 8638487.332, 100
Trd, 8638489.032, 95
Trd, 8638492.132, 106
Trd, 8638494.082, 96
Trd, 8638494.882, 96
Trd, 8638495.732, 95
Trd, 8638496.032, 95
Trd, 8638497.232, 99
Trd, 8638498.632, 88
Trd, 8638502.632, 107
Trd, 8638504.532, 104
Trd, 8638504.782, 104
Trd, 8638507.832, 98
Trd, 8638508.482, 95
Trd, 8638509.232, 95
Trd, 8638509.382, 96
Trd, 8638513.332, 103
Trd, 8638513.732, 104
Trd, 8638513.982, 103
Trd, 8638515.632, 100
Trd, 8638516.482, 96
Trd, 8638518.832, 95
Trd, 8638520.282, 93
Trd, 8638520.882, 92
Trd, 8638521.482, 95
Trd, 8638524.032, 93
Trd, 8638524.332, 94
Trd, 8638528.832, 88
Trd, 8638529.732, 95
Trd, 8638530.582, 91
Trd, 8638530.882, 92
Trd, 8638532.132, 92
Trd, 8638533.482, 97
Trd, 8638534.082, 97
Trd, 8638534.232, 96
Trd, 8638539.132, 100
Trd, 8638541.082, 100
Trd, 8638542.582, 101
Trd, 8638545.582, 105
Trd, 8638545.932, 104
Trd, 8638546.682, 105
Trd, 8638547.032, 100
Trd, 8638548.232, 103
Trd, 8638549.632, 103
Trd, 8638549.882, 103
Trd, 8638550.182, 104
Trd, 8638553.582, 108
Trd, 8638555.882, 99
Trd, 8638556.132, 99
Trd, 8638556.882, 99
Trd, 8638557.532, 100
Trd, 8638557.932, 86
Trd, 8638562.382, 94
Trd, 8638562.782, 93
Trd, 8638563.032, 93
Trd, 8638563.432, 95
Trd, 8638564.832, 88
Trd, 8638568.432, 95
Trd, 8638570.232, 93
Trd, 8638570.582, 91
Trd, 8638571.382, 92
Trd, 8638572.332, 93
Trd, 8638573.182, 94
Trd, 8638573.632, 104
Trd, 8638577.182, 102
Trd, 8638577.682, 104
Trd, 8638579.932, 106
Trd, 8638582.682, 103
Trd, 8638583.482, 104
Trd, 8638584.132, 113
Trd, 8638584.532, 114
Trd, 8638585.532, 113
Trd, 8638585.682, 105
Trd, 8638587.982, 109
Trd, 8638589.482, 109
Trd, 8638589.732, 109
Trd, 8638590.732, 109
Trd, 8638594.282, 100
Trd, 8638595.382, 99
Trd, 8638596.182, 100
Trd, 8638597.282, 100
Trd, 8638599.732, 106
Trd, 8638601.482, 99
Trd, 8638602.082, 99
Trd, 8638602.332, 99
Trd, 8638603.532, 88
Trd, 8638606.132, 97
Trd, 8638606.332, 96
Trd, 8638606.432, 97
Trd, 8638610.432, 104
Trd, 8638610.782, 104
Trd, 8638611.632, 105
Trd, 8638612.032, 104
Trd, 8638612.632, 95
Trd, 8638613.732, 103
Trd, 8638617.482, 93
Trd, 8638618.932, 103
Trd, 8638620.132, 104
Trd, 8638620.532, 104
Trd, 8638620.982, 103
Trd, 8638624.082, 96
Trd, 8638624.782, 107
Trd, 8638626.932, 100
Trd, 8638627.132, 100
Trd, 8638629.732, 101
Trd, 8638630.632, 110
Trd, 8638632.582, 102
Trd, 8638632.732, 103
Trd, 8638633.432, 102
Trd, 8638634.182, 100
Trd, 8638634.932, 95
Trd, 8638637.032, 95
Trd, 8638638.132, 95
Trd, 8638638.882, 96
Trd, 8638639.432, 95
Trd, 8638641.782, 99
Trd, 8638642.432, 104
Trd, 8638644.032, 109
Trd, 8638645.332, 109
Trd, 8638645.482, 108
Trd, 8638645.932, 104
Trd, 8638647.782, 96
Trd, 8638648.982, 97
Trd, 8638649.782, 89
Trd, 8638650.732, 90
Trd, 8638651.532, 90
Trd, 8638652.832, 104
Trd, 8638655.582, 97
Trd, 8638656.432, 99
Trd, 8638656.782, 100
Trd, 8638657.182, 101
Trd, 8638661.832, 111
Trd, 8638661.882, 112
Trd, 8638662.982, 112
Trd, 8638665.232, 98
Trd, 8638667.632, 105
Trd, 8638668.132, 105
Trd, 8638668.282, 105
Trd, 8638668.482, 104
Trd, 8638672.982, 97
Trd, 8638673.482, 97
Trd, 8638676.532, 103
Trd, 8638676.832, 103
Trd, 8638676.882, 102
Trd, 8638681.432, 90
Trd, 8638681.932, 102
Trd, 8638685.082, 102
Trd, 8638685.932, 102
Trd, 8638686.282, 103
Trd, 8638686.332, 102
Trd, 8638687.732, 103
Trd, 8638689.982, 113
Trd, 8638692.982, 104
Trd, 8638693.382, 104
Trd, 8638693.632, 104
Trd, 8638693.682, 101
Trd, 8638694.432, 105
Trd, 8638699.232, 105
Trd, 8638699.432, 104
Trd, 8638699.482, 105
Trd, 8638699.682, 104
Trd, 8638702.632, 99
Trd, 8638702.982, 99
Trd, 8638703.432, 100
Trd, 8638704.882, 114
Trd, 8638705.282, 113
Trd, 8638706.232, 96
Trd, 8638708.682, 101
Trd, 8638709.032, 98
Trd, 8638709.332, 98
Trd, 8638711.632, 100
Trd, 8638712.682, 88
Trd, 8638716.682, 95
Trd, 8638717.332, 98
Trd, 8638717.882, 100
Trd, 8638719.832, 95
Trd, 8638719.982, 96
Trd, 8638721.232, 96
Trd, 8638721.682, 97
Trd, 8638723.082, 98
Trd, 8638724.182, 102
Trd, 8638725.082, 79
Trd, 8638729.482, 93
Trd, 8638730.482, 89
Trd, 8638730.932, 91
Trd, 8638731.082, 92
Trd, 8638732.882, 112
Trd, 8638733.482, 111
Trd, 8638736.232, 105
Trd, 8638736.932, 105
Trd, 8638737.182, 105
Trd, 8638738.932, 111
Trd, 8638739.782, 112
Trd, 8638739.932, 110
Trd, 8638741.932, 104
Trd, 8638743.632, 101
Trd, 8638744.282, 103
Trd, 8638746.782, 111
Trd, 8638747.182, 111
Trd, 8638747.932, 111
Trd, 8638748.882, 96
Trd, 8638751.682, 112
Trd, 8638752.282, 112
Trd, 8638754.032, 114
Trd, 8638754.082, 113
Trd, 8638757.982, 92
Trd, 8638758.332, 108
Trd, 8638761.932, 103
Trd, 8638762.232, 102
Trd, 8638763.182, 98
Trd, 8638763.782, 100
Trd, 8638766.682, 98
Trd, 8638767.082, 99
Trd, 8638768.282, 101
Trd, 8638768.732, 101
Trd, 8638769.832, 103
Trd, 8638772.932, 106
Trd, 8638773.232, 106
Trd, 8638774.582, 106
Trd, 8638774.932, 108
Trd, 8638776.682, 109
Trd, 8638777.032, 106
Trd, 8638777.782, 104
Trd, 8638780.632, 91
Trd, 8638782.982, 97
Trd, 8638783.282, 98
Trd, 8638783.582, 98
Trd, 8638785.882, 104
Trd, 8638787.132, 95
Trd, 8638791.182, 98
Trd, 8638791.482, 98
Trd, 8638792.432, 96
Trd, 8638793.232, 96
Trd, 8638794.682, 98
Trd, 8638794.932, 102
Trd, 8638798.732, 102
Trd, 8638798.982, 104
Trd, 8638800.032, 102
Trd, 8638802.232, 111
Trd, 8638802.482, 104
Trd, 8638803.332, 110
Trd, 8638805.282, 109
Trd, 8638808.082, 103
Trd, 8638808.682, 104
Trd, 8638810.032, 104
Trd, 8638811.632, 104
Trd, 8638813.632, 104
Trd, 8638813.832, 105
Trd, 8638814.282, 104
Trd, 8638816.532, 95
Trd, 8638817.282, 97
Trd, 8638817.582, 97
Trd, 8638819.082, 100
Trd, 8638820.882, 102
Trd, 8638822.582, 113
Trd, 8638824.482, 112
Trd, 8638824.532, 112
Trd, 8638825.632, 104
Trd, 8638826.732, 107
Trd, 8638829.132, 98
Trd, 8638830.482, 95
Trd, 8638830.782, 96
Trd, 8638833.932, 106
Trd, 8638834.082, 107
Trd, 8638834.682, 109
Trd, 8638834.932, 109
Trd, 8638835.082, 104
Trd, 8638836.332, 88
Trd, 8638838.732, 111
Trd, 8638841.482, 102
Trd, 8638842.232, 102
Trd, 8638843.182, 103
Trd, 8638843.532, 102
Trd, 8638844.332, 102
Trd, 8638846.982, 91
Trd, 8638849.932, 100
Trd, 8638850.282, 101
Trd, 8638850.932, 100
Trd, 8638852.532, 102
Trd, 8638852.782, 103
Trd, 8638854.482, 101
Trd, 8638858.282, 94
Trd, 8638858.432, 95
Trd, 8638859.282, 97
Trd, 8638859.482, 95
Trd, 8638860.132, 103
Trd, 8638862.732, 98
Trd, 8638863.582, 96
Trd, 8638864.482, 96
Trd, 8638865.232, 96
Trd, 8638866.432, 96
Trd, 8638868.282, 98
Trd, 8638870.232, 105
Trd, 8638871.232, 104
Trd, 8638871.532, 104
Trd, 8638872.182, 104
Trd, 8638872.682, 103
Trd, 8638873.732, 113
Trd, 8638875.732, 73
Trd, 8638877.032, 113
Trd, 8638877.232, 113
Trd, 8638877.832, 112
Trd, 8638879.082, 89
Trd, 8638882.432, 95
Trd, 8638883.282, 102
Trd, 8638885.082, 98
Trd, 8638885.482, 99
Trd, 8638885.782, 102
Trd, 8638888.582, 102
Trd, 8638889.332, 102
Trd, 8638891.432, 102
Trd, 8638892.932, 103
Trd, 8638893.232, 102
Trd, 8638896.782, 100
Trd, 8638899.082, 99
Trd, 8638899.382, 98
Trd, 8638900.882, 99
Trd, 8638901.182, 99
Trd, 8638902.032, 99
Trd, 8638903.632, 113
Trd, 8638904.382, 96
Trd, 8638908.082, 108
Trd, 8638908.682, 109
Trd, 8638910.432, 102
Trd, 8638910.682, 100
Trd, 8638911.832, 101
Trd, 8638912.882, 104
Trd, 8638915.082, 98
Trd, 8638916.982, 104
Trd, 8638917.782, 99
Trd, 8638921.032, 105
Trd, 8638921.682, 104
Trd, 8638922.132, 99
Trd, 8638924.332, 100
Trd, 8638924.832, 101
Trd, 8638926.732, 101
Trd, 8638927.382, 95
Trd, 8638930.332, 94
Trd, 8638930.382, 97
Trd, 8638931.332, 97
Trd, 8638931.782, 96
Trd, 8638932.582, 98
Trd, 8638934.832, 93
Trd, 8638934.932, 88
Trd, 8638937.082, 70
Trd, 8638942.332, 103
Trd, 8638943.232, 103
Trd, 8638943.882, 103
Trd, 8638944.482, 102
Trd, 8638945.732, 77
Trd, 8638948.932, 84
Trd, 8638950.882, 95
Trd, 8638951.782, 93
Trd, 8638953.282, 97
Trd, 8638954.082, 101
Trd, 8638954.732, 101
Trd, 8638955.232, 103
Trd, 8638955.532, 103
Trd, 8638957.932, 99
Trd, 8638958.332, 112
Trd, 8638961.332, 107
Trd, 8638961.832, 106
Trd, 8638962.532, 106
Trd, 8638964.682, 114
Trd, 8638964.832, 113
Trd, 8638968.482, 109
Trd, 8638969.682, 112
Trd, 8638971.032, 113
Trd, 8638974.582, 107
Trd, 8638974.732, 107
Trd, 8638975.582, 107
Trd, 8638975.732, 104
Trd, 8638978.082, 103
Trd, 8638979.132, 104
Trd, 8638980.932, 108
Trd, 8638980.982, 106
Trd, 8638981.882, 105
Trd, 8638982.632, 104
Trd, 8638983.682, 104
Trd, 8638984.032, 95
Trd, 8638988.532, 86
Trd, 8638990.132, 103
Trd, 8638992.432, 97
Trd, 8638993.082, 96
Trd, 8638993.532, 96
Trd, 8638993.682, 96
Trd, 8638994.682, 95
Trd, 8638996.932, 92
Trd, 8638997.932, 94
Trd, 8639000.482, 94
Trd, 8639001.082, 102
Trd, 8639002.632, 94
Trd, 8639003.132, 101
Trd, 8639005.532, 99
Trd, 8639006.882, 98
Trd, 8639007.082, 99
Trd, 8639009.632, 94
Trd, 8639009.782, 95
Trd, 8639010.432, 95
Trd, 8639013.882, 101
Trd, 8639014.082, 100
Trd, 8639017.232, 96
Trd, 8639018.632, 95
Trd, 8639020.732, 99
Trd, 8639020.932, 98
Trd, 8639022.882, 97
Trd, 8639023.882, 98
Trd, 8639025.332, 112
Trd, 8639025.632, 111
Trd, 8639028.132, 99
Trd, 8639028.632, 98
Trd, 8639029.682, 97
Trd, 8639030.132, 98
Trd, 8639030.282, 95
Trd, 8639033.482, 100
Trd, 8639035.582, 113
Trd, 8639036.832, 110
Trd, 8639037.032, 110
Trd, 8639037.632, 111
Trd, 8639040.582, 97
Trd, 8639041.182, 98
Trd, 8639041.682, 97
Trd, 8639042.782, 100
Trd, 8639042.932, 99
Trd, 8639043.932, 86
Trd, 8639045.982, 111
Trd, 8639049.632, 101
Trd, 8639049.982, 102
Trd, 8639051.432, 105
Trd, 8639056.332, 99
Trd, 8639057.032, 99
Trd, 8639057.382, 100
Trd, 8639058.432, 99
Trd, 8639060.382, 100
Trd, 8639061.282, 100
Trd, 8639062.132, 97
Trd, 8639062.332, 103
Trd, 8639062.482, 96
Trd, 8639066.382, 100
Trd, 8639066.982, 98
Trd, 8639067.582, 98
Trd, 8639068.482, 99
Trd, 8639070.282, 113
Trd, 8639073.782, 104
Trd, 8639073.882, 103
Trd, 8639074.432, 101
Trd, 8639076.432, 101
Trd, 8639077.332, 99
Trd, 8639079.832, 102
Trd, 8639081.182, 104
Trd, 8639081.282, 105
Trd, 8639081.782, 104
Trd, 8639082.582, 87
Trd, 8639085.232, 94
Trd, 8639085.832, 98
Trd, 8639086.682, 96
Trd, 8639087.032, 94
Trd, 8639087.532, 96
Trd, 8639091.232, 90
Trd, 8639091.832, 103
Trd, 8639093.182, 93
Trd, 8639094.082, 95
Trd, 8639094.232, 95
Trd, 8639094.382, 95
Trd, 8639095.482, 94
Trd, 8639095.882, 95
Trd, 8639099.382, 74
Trd, 8639101.782, 101
Trd, 8639103.832, 109
Trd, 8639104.882, 107
Trd, 8639105.582, 108
Trd, 8639105.832, 104
Trd, 8639109.032, 102
Trd, 8639109.832, 102
Trd, 8639110.082, 101
Trd, 8639110.982, 102
Trd, 8639112.182, 88
Trd, 8639115.632, 102
Trd, 8639115.882, 101
Trd, 8639116.232, 102
Trd, 8639116.932, 102
Trd, 8639119.982, 101
Trd, 8639120.282, 104
Trd, 8639121.332, 101
Trd, 8639124.982, 101
Trd, 8639125.332, 101
Trd, 8639127.132, 99
Trd, 8639128.132, 97
Trd, 8639128.482, 97
Trd, 8639129.332, 95
Trd, 8639132.482, 97
Trd, 8639134.782, 89
Trd, 8639135.332, 90
Trd, 8639135.732, 87
Trd, 8639136.782, 89
Trd, 8639138.732, 92
Trd, 8639139.182, 94
Trd, 8639142.482, 97
Trd, 8639142.582, 98
Trd, 8639143.732, 98
Trd, 8639146.832, 106
Trd, 8639147.782, 105
Trd, 8639148.182, 105
Trd, 8639148.582, 104
Trd, 8639149.032, 107
Trd, 8639149.682, 96
Trd, 8639152.632, 115
Trd, 8639152.882, 114
Trd, 8639153.182, 113
Trd, 8639153.932, 105
Trd, 8639155.332, 105
Trd, 8639155.482, 106
Trd, 8639157.332, 104
Trd, 8639158.682, 92
Trd, 8639161.032, 96
Trd, 8639161.632, 97
Trd, 8639163.632, 100
Trd, 8639163.832, 100
Trd, 8639167.632, 95
Trd, 8639168.182, 95
Trd, 8639168.532, 97
Trd, 8639168.682, 95
Trd, 8639169.032, 102
Trd, 8639173.132, 94
Trd, 8639173.482, 95
Trd, 8639173.632, 94
Trd, 8639174.232, 86
Trd, 8639178.982, 95
Trd, 8639179.232, 96
Trd, 8639180.082, 95
Trd, 8639182.682, 103
Trd, 8639185.082, 106
Trd, 8639185.632, 105
Trd, 8639185.932, 105
Trd, 8639186.332, 104
Trd, 8639187.532, 90
Trd, 8639189.482, 106
Trd, 8639192.632, 100
Trd, 8639193.082, 99
Trd, 8639193.532, 96
Trd, 8639194.782, 97
Trd, 8639195.882, 97
Trd, 8639197.182, 89
Trd, 8639198.382, 93
Trd, 8639199.532, 91
Trd, 8639200.132, 95
Trd, 8639201.482, 92
Trd, 8639204.032, 97
Trd, 8639204.532, 95
Trd, 8639205.582, 93
Trd, 8639205.982, 94
Trd, 8639208.532, 97
Trd, 8639209.732, 99
Trd, 8639213.132, 91
Trd, 8639213.332, 90
Trd, 8639214.132, 91
Trd, 8639214.732, 95
Trd, 8639217.332, 98
Trd, 8639217.682, 98
Trd, 8639217.732, 99
Trd, 8639219.232, 99
Trd, 8639220.632, 101
Trd, 8639221.532, 95
Trd, 8639223.632, 93
Trd, 8639225.232, 90
Trd, 8639227.782, 94
Trd, 8639228.282, 95
Trd, 8639229.282, 102
Trd, 8639229.582, 96
Trd, 8639232.732, 100
Trd, 8639232.932, 102
Trd, 8639234.282, 98
Trd, 8639236.582, 88
Trd, 8639236.882, 91
Trd, 8639237.982, 94
Trd, 8639238.032, 95
Trd, 8639241.732, 106
Trd, 8639242.582, 106
Trd, 8639243.982, 106
Trd, 8639244.332, 107
Trd, 8639246.382, 111
Trd, 8639246.732, 100
Trd, 8639247.682, 98
Trd, 8639251.182, 98
Trd, 8639251.332, 97
Trd, 8639252.032, 97
Trd, 8639252.482, 96
Trd, 8639253.382, 97
Trd, 8639255.082, 93
Trd, 8639255.632, 86
Trd, 8639257.482, 93
Trd, 8639259.932, 75
Trd, 8639262.482, 86
Trd, 8639262.832, 87
Trd, 8639263.082, 95
Trd, 8639265.932, 97
Trd, 8639266.132, 98
Trd, 8639267.032, 97
Trd, 8639267.232, 96
Trd, 8639270.382, 106
Trd, 8639272.132, 104
Trd, 8639273.732, 111
Trd, 8639274.032, 110
Trd, 8639274.182, 104
Trd, 8639274.782, 89
Trd, 8639276.732, 105
Trd, 8639279.332, 99
Trd, 8639279.932, 100
Trd, 8639280.032, 99
Trd, 8639280.582, 97
Trd, 8639281.782, 98
Trd, 8639282.782, 98
Trd, 8639283.082, 99
Trd, 8639285.782, 104
Trd, 8639286.182, 106
Trd, 8639287.132, 106
Trd, 8639287.882, 106
Trd, 8639289.882, 107
Trd, 8639290.482, 104
Trd, 8639293.182, 100
Trd, 8639293.332, 85
Trd, 8639295.382, 96
Trd, 8639295.782, 94
Trd, 8639296.682, 94
Trd, 8639297.232, 95
Trd, 8639298.282, 93
Trd, 8639301.432, 94
Trd, 8639303.482, 100
Trd, 8639304.482, 98
Trd, 8639304.982, 101
Trd, 8639306.582, 97
Trd, 8639306.882, 98
Trd, 8639306.982, 95
Trd, 8639310.632, 89
Trd, 8639312.982, 98
Trd, 8639313.232, 99
Trd, 8639313.682, 100
Trd, 8639315.832, 110
Trd, 8639318.032, 102
Trd, 8639318.832, 103
Trd, 8639319.732, 100
Trd, 8639320.982, 99
Trd, 8639322.332, 98
Trd, 8639322.582, 98
Trd, 8639323.332, 98
Trd, 8639324.582, 96
Trd, 8639326.582, 100
Trd, 8639326.982, 99
Trd, 8639327.232, 98
Trd, 8639329.382, 99
Trd, 8639330.832, 97
Trd, 8639331.182, 98
Trd, 8639331.382, 104
Trd, 8639332.132, 113
Trd, 8639336.032, 111
Trd, 8639337.082, 111
Trd, 8639340.332, 103
Trd, 8639340.782, 95
Trd, 8639343.482, 100
Trd, 8639344.382, 102
Trd, 8639344.532, 104
Trd, 8639345.182, 102
Trd, 8639348.132, 108
Trd, 8639348.382, 109
Trd, 8639348.832, 106
Trd, 8639349.582, 105
Trd, 8639353.182, 95
Trd, 8639353.782, 96
Trd, 8639354.382, 96
Trd, 8639354.732, 96
Trd, 8639356.482, 113
Trd, 8639359.782, 105
Trd, 8639359.832, 104
Trd, 8639360.982, 105
Trd, 8639361.882, 106
Trd, 8639363.382, 105
Trd, 8639365.732, 104
Trd, 8639366.082, 103
Trd, 8639368.132, 104
Trd, 8639368.282, 96
Trd, 8639370.082, 102
Trd, 8639371.882, 112
Trd, 8639374.132, 97
Trd, 8639375.782, 98
Trd, 8639376.032, 98
Trd, 8639376.832, 98
Trd, 8639378.682, 94
Trd, 8639379.182, 89
Trd, 8639381.432, 93
Trd, 8639382.532, 93
Trd, 8639383.332, 94
Trd, 8639383.532, 95
Trd, 8639386.732, 94
Trd, 8639387.282, 96
Trd, 8639387.582, 96
Trd, 8639388.032, 97
Trd, 8639391.632, 105
Trd, 8639392.282, 113
Trd, 8639392.482, 105
Trd, 8639393.882, 106
Trd, 8639396.282, 88
Trd, 8639398.882, 95
Trd, 8639399.582, 96
Trd, 8639399.782, 97
Trd, 8639402.332, 101
Trd, 8639404.932, 100
Trd, 8639405.182, 104
Trd, 8639406.032, 99
Trd, 8639406.532, 98
Trd, 8639406.582, 95
Trd, 8639406.832, 99
Trd, 8639412.232, 109
Trd, 8639413.532, 95
Trd, 8639415.582, 95
Trd, 8639416.432, 98
Trd, 8639418.582, 112
Trd, 8639421.082, 110
Trd, 8639421.282, 109
Trd, 8639423.582, 107
Trd, 8639424.182, 106
Trd, 8639424.282, 104
Trd, 8639427.982, 91
Trd, 8639428.782, 93
Trd, 8639429.282, 94
Trd, 8639430.282, 94
Trd, 8639430.582, 95
Trd, 8639434.632, 100
Trd, 8639436.232, 92
Trd, 8639438.432, 89
Trd, 8639438.632, 89
Trd, 8639440.082, 92
Trd, 8639440.132, 93
Trd, 8639440.232, 92
Trd, 8639441.182, 95
Trd, 8639443.882, 99
Trd, 8639444.132, 98
Trd, 8639445.532, 87
Trd, 8639446.282, 101
Trd, 8639449.082, 97
Trd, 8639449.632, 94
Trd, 8639450.582, 96
Trd, 8639451.232, 97
Trd, 8639451.732, 96
Trd, 8639453.832, 100
Trd, 8639453.982, 99
Trd, 8639454.382, 102
Trd, 8639459.082, 102
Trd, 8639460.532, 102
Trd, 8639461.182, 103
Trd, 8639461.982, 101
Trd, 8639462.932, 102
Trd, 8639464.632, 103
Trd, 8639466.432, 93
Trd, 8639467.932, 103
Trd, 8639469.732, 101
Trd, 8639470.382, 101
Trd, 8639471.932, 109
Trd, 8639472.232, 100
Trd, 8639475.382, 106
Trd, 8639475.632, 105
Trd, 8639475.882, 105
Trd, 8639476.382, 104
Trd, 8639476.932, 95
Trd, 8639480.832, 94
Trd, 8639482.482, 89
Trd, 8639482.532, 90
Trd, 8639485.982, 106
Trd, 8639486.432, 104
Trd, 8639486.832, 99
Trd, 8639487.982, 99
Trd, 8639488.682, 90
Trd, 8639490.532, 98
Trd, 8639494.432, 106
Trd, 8639494.532, 105
Trd, 8639495.282, 105
Trd, 8639495.932, 105
Trd, 8639497.232, 112
Trd, 8639497.882, 112
Trd, 8639498.982, 107
Trd, 8639501.882, 111
Trd, 8639502.832, 106
Trd, 8639503.082, 110
Trd, 8639504.682, 107
Trd, 8639505.532, 106
Trd, 8639508.682, 97
Trd, 8639508.832, 98
Trd, 8639509.282, 97
Trd, 8639510.582, 102
Trd, 8639513.682, 97
Trd, 8639514.182, 99
Trd, 8639514.432, 99
Trd, 8639517.982, 111
Trd, 8639518.982, 109
Trd, 8639519.732, 109
Trd, 8639520.182, 108
Trd, 8639521.732, 95
Trd, 8639526.382, 98
Trd, 8639526.632, 98
Trd, 8639527.182, 98
Trd, 8639527.232, 99
Trd, 8639527.932, 104
Trd, 8639530.982, 105
Trd, 8639531.132, 104
Trd, 8639531.232, 104
Trd, 8639532.132, 96
Trd, 8639535.182, 91
Trd, 8639535.882, 92
Trd, 8639536.332, 93
Trd, 8639536.682, 91
Trd, 8639536.882, 94
Trd, 8639538.732, 94
Trd, 8639538.932, 95
Trd, 8639540.532, 100
Trd, 8639540.882, 101
Trd, 8639542.082, 101
Trd, 8639543.082, 103
Trd, 8639543.732, 103
Trd, 8639543.882, 102
Trd, 8639548.532, 108
Trd, 8639548.782, 109
Trd, 8639550.132, 107
Trd, 8639550.332, 107
Trd, 8639551.882, 105
Trd, 8639554.132, 104
Trd, 8639556.282, 100
Trd, 8639556.682, 99
Trd, 8639557.032, 101
Trd, 8639557.182, 105
Trd, 8639559.682, 103
Trd, 8639560.232, 101
Trd, 8639560.732, 104
Trd, 8639561.432, 98
Trd, 8639563.132, 109
Trd, 8639566.132, 101
Trd, 8639566.682, 99
Trd, 8639568.382, 94
Trd, 8639570.582, 81
Trd, 8639571.532, 90
Trd, 8639573.682, 90
Trd, 8639574.732, 91
Trd, 8639575.232, 89
Trd, 8639577.382, 89
Trd, 8639580.732, 100
Trd, 8639581.282, 102
Trd, 8639581.932, 104
Trd, 8639582.882, 113
Trd, 8639583.882, 112
Trd, 8639587.132, 107
Trd, 8639588.332, 106
Trd, 8639589.832, 105
Trd, 8639590.032, 105
Trd, 8639590.682, 106
Trd, 8639592.682, 107
Trd, 8639595.082, 113
Trd, 8639596.132, 98
Trd, 8639598.982, 104
Trd, 8639599.282, 103
Trd, 8639599.732, 103
Trd, 8639600.432, 104
Trd, 8639600.882, 104
Trd, 8639601.082, 105
Trd, 8639603.832, 113
Trd, 8639605.032, 107
Trd, 8639607.432, 108
Trd, 8639607.582, 108
Trd, 8639609.082, 114
Trd, 8639609.532, 114
Trd, 8639611.532, 109
Trd, 8639614.032, 107
Trd, 8639614.632, 104
Trd, 8639615.232, 102
Trd, 8639616.482, 89
Trd, 8639618.232, 98
Trd, 8639619.282, 98
Trd, 8639621.532, 104
Trd, 8639621.982, 108
Trd, 8639622.432, 105
Trd, 8639623.032, 105
Trd, 8639623.832, 104
Trd, 8639624.382, 95
Trd, 8639627.782, 98
Trd, 8639628.532, 95
Trd, 8639628.832, 96
Trd, 8639629.982, 98
Trd, 8639633.482, 101
Trd, 8639634.132, 100
Trd, 8639634.232, 99
Trd, 8639635.282, 97
Trd, 8639636.582, 110
Trd, 8639637.732, 97
Trd, 8639639.132, 108
Trd, 8639640.632, 108
Trd, 8639641.432, 108
Trd, 8639642.132, 107
Trd, 8639643.832, 107
Trd, 8639645.682, 106
Trd, 8639646.282, 105
Trd, 8639646.632, 104
Trd, 8639648.232, 101
Trd, 8639649.182, 98
Trd, 8639650.032, 96
Trd, 8639651.682, 110
Trd, 8639655.582, 101
Trd, 8639655.982, 101
Trd, 8639657.182, 111
Trd, 8639659.382, 105
Trd, 8639660.532, 105
Trd, 8639662.082, 97
Trd, 8639662.482, 101
Trd, 8639663.832, 101
Trd, 8639666.582, 101
Trd, 8639667.182, 102
Trd, 8639667.632, 101
Trd, 8639667.882, 100
Trd, 8639669.332, 101
Trd, 8639671.682, 105
Trd, 8639672.082, 104
Trd, 8639673.732, 97
Trd, 8639674.182, 98
Trd, 8639675.082, 96
Trd, 8639675.532, 95
Trd, 8639675.882, 96
Trd, 8639676.082, 77
Trd, 8639679.232, 82
Trd, 8639681.082, 103
Trd, 8639683.932, 98
Trd, 8639685.332, 99
Trd, 8639686.532, 99
Trd, 8639691.282, 103
Trd, 8639691.882, 101
Trd, 8639693.082, 101
Trd, 8639693.932, 101
Trd, 8639694.182, 100
Trd, 8639694.632, 102
Trd, 8639697.332, 100
Trd, 8639697.432, 99
Trd, 8639699.232, 97
Trd, 8639700.282, 95
Trd, 8639701.582, 93
Trd, 8639704.532, 98
Trd, 8639705.332, 94
Trd, 8639707.532, 99
Trd, 8639707.832, 98
Trd, 8639708.482, 97
Trd, 8639709.232, 96
Trd, 8639709.432, 95
Trd, 8639711.282, 88
Trd, 8639713.732, 97
Trd, 8639716.332, 104
Trd, 8639716.432, 105
Trd, 8639717.632, 105
Trd, 8639718.582, 96
Trd, 8639720.482, 112
Trd, 8639721.782, 99
Trd, 8639723.232, 105
Trd, 8639723.532, 104
Trd, 8639725.682, 112
Trd, 8639726.982, 109
Trd, 8639727.332, 108
Trd, 8639729.382, 105
Trd, 8639730.882, 101
Trd, 8639731.232, 101
Trd, 8639732.432, 99
Trd, 8639735.882, 99
Trd, 8639736.082, 99
Trd, 8639736.532, 98
Trd, 8639737.282, 96
Trd, 8639739.032, 95
Trd, 8639739.132, 86
Trd, 8639739.782, 96
Trd, 8639744.482, 105
Trd, 8639745.182, 100
Trd, 8639747.132, 99
Trd, 8639747.482, 99
Trd, 8639748.332, 99
Trd, 8639749.032, 99
Trd, 8639749.932, 104
Trd, 8639750.182, 105
Trd, 8639753.232, 107
Trd, 8639753.482, 107
Trd, 8639753.982, 106
Trd, 8639754.632, 104
Trd, 8639754.882, 107
Trd, 8639755.882, 77
Trd, 8639759.582, 95
Trd, 8639760.132, 83
Trd, 8639762.432, 91
Trd, 8639762.582, 92
Trd, 8639765.582, 99
Trd, 8639765.932, 99
Trd, 8639767.482, 101
Trd, 8639767.732, 100
Trd, 8639768.832, 101
Trd, 8639769.532, 98
Trd, 8639769.882, 98
Trd, 8639772.182, 103
Trd, 8639772.682, 103
Trd, 8639773.282, 104
Trd, 8639773.932, 102
Trd, 8639775.882, 105
Trd, 8639775.982, 104
Trd, 8639778.332, 102
Trd, 8639778.582, 102
Trd, 8639779.882, 102
Trd, 8639780.282, 103
Trd, 8639780.532, 103
Trd, 8639780.582, 104
Trd, 8639784.132, 90
Trd, 8639784.382, 103
Trd, 8639786.682, 96
Trd, 8639786.982, 95
Trd, 8639788.582, 92
Trd, 8639788.782, 92
Trd, 8639791.232, 99
Trd, 8639793.532, 94
Trd, 8639794.232, 93
Trd, 8639794.782, 93
Trd, 8639795.232, 92
Trd, 8639795.632, 97
Trd, 8639797.332, 93
Trd, 8639799.632, 101
Trd, 8639800.132, 101
Trd, 8639800.632, 101
Trd, 8639805.182, 92
Trd, 8639805.532, 92
Trd, 8639805.982, 93
Trd, 8639806.182, 95
Trd, 8639806.532, 104
Trd, 8639808.382, 89
Trd, 8639810.032, 91
Trd, 8639812.082, 97
Trd, 8639813.982, 92
Trd, 8639814.632, 93
Trd, 8639814.932, 95
Trd, 8639815.832, 95
Trd, 8639816.982, 94
Trd, 8639817.882, 95
Trd, 8639818.582, 94
Trd, 8639821.682, 102
Trd, 8639822.682, 96
Trd, 8639823.482, 96
Trd, 8639824.382, 95
Trd, 8639825.682, 95
Trd, 8639825.732, 95
Trd, 8639826.932, 103
Trd, 8639829.182, 99
Trd, 8639829.532, 99
Trd, 8639830.532, 98
Trd, 8639831.932, 98
Trd, 8639833.182, 102
Trd, 8639833.882, 101
Trd, 8639834.732, 100
Trd, 8639837.032, 97
Trd, 8639838.132, 100
Trd, 8639839.082, 103
Trd, 8639839.382, 103
Trd, 8639840.282, 103
Trd, 8639840.532, 102
Trd, 8639842.282, 102
Trd, 8639844.282, 91
Trd, 8639845.582, 93
Trd, 8639846.532, 99
Trd, 8639847.482, 103
Trd, 8639847.782, 102
Trd, 8639850.482, 90
Trd, 8639851.882, 95
Trd, 8639855.832, 100
Trd, 8639856.132, 101
Trd, 8639857.582, 104
Trd, 8639857.682, 103
Trd, 8639860.982, 91
Trd, 8639861.632, 91
Trd, 8639862.632, 91
Trd, 8639863.432, 89
Trd, 8639864.832, 89
Trd, 8639865.632, 90
Trd, 8639867.182, 93
Trd, 8639868.282, 90
Trd, 8639869.132, 92
Trd, 8639870.182, 92
Trd, 8639871.882, 95
Trd, 8639873.332, 94
Trd, 8639873.932, 97
Trd, 8639876.432, 109
Trd, 8639876.532, 95
Trd, 8639878.532, 111
Trd, 8639880.632, 111
Trd, 8639881.182, 110
Trd, 8639881.832, 107
Trd, 8639882.732, 106
Trd, 8639883.032, 104
Trd, 8639885.182, 103
Trd, 8639885.732, 104
Trd, 8639888.482, 115
Trd, 8639889.782, 114
Trd, 8639890.282, 114
Trd, 8639890.682, 114
Trd, 8639890.732, 113
Trd, 8639894.132, 97
Trd, 8639895.132, 95
Trd, 8639896.032, 94
Trd, 8639898.382, 91
Trd, 8639899.232, 90
Trd, 8639899.832, 95
Trd, 8639902.832, 95
Trd, 8639903.832, 95
Trd, 8639903.982, 95
Trd, 8639904.232, 93
Trd, 8639904.382, 103
Trd, 8639907.282, 99
Trd, 8639907.382, 100
Trd, 8639907.782, 100
Trd, 8639908.032, 99
Trd, 8639908.082, 104
Trd, 8639911.882, 96
Trd, 8639913.532, 96
Trd, 8639913.682, 97
Trd, 8639914.532, 96
Trd, 8639914.632, 104
Trd, 8639915.682, 113
Trd, 8639916.932, 114
Trd, 8639917.682, 112
Trd, 8639921.182, 97
Trd, 8639921.732, 99
Trd, 8639923.232, 103
Trd, 8639925.082, 100
Trd, 8639927.532, 101
Trd, 8639927.682, 96
Trd, 8639929.232, 99
Trd, 8639930.482, 100
Trd, 8639930.882, 95
Trd, 8639932.332, 96
Trd, 8639935.082, 93
Trd, 8639935.532, 92
Trd, 8639935.932, 93
Trd, 8639936.732, 94
Trd, 8639939.282, 94
Trd, 8639940.582, 91
Trd, 8639940.882, 89
Trd, 8639941.832, 89
Trd, 8639942.232, 89
Trd, 8639943.332, 104
Trd, 8639945.932, 96
Trd, 8639950.082, 102
Trd, 8639950.482, 102
Trd, 8639951.032, 100
Trd, 8639951.132, 102
Trd, 8639952.432, 100
Trd, 8639952.882, 97
Trd, 8639954.832, 101
Trd, 8639955.432, 100
Trd, 8639956.282, 100
Trd, 8639957.232, 113
Trd, 8639961.182, 99
Trd, 8639961.432, 94
Trd, 8639963.182, 94
Trd, 8639963.432, 95
Trd, 8639965.582, 103
Trd, 8639966.132, 102
Trd, 8639966.582, 102
Trd, 8639967.082, 103
Trd, 8639967.982, 103
Trd, 8639969.632, 104
Trd, 8639970.082, 104
Trd, 8639974.532, 103
Trd, 8639975.982, 115
Trd, 8639976.132, 114
Trd, 8639976.332, 113
Trd, 8639979.082, 103
Trd, 8639980.282, 104
Trd, 8639981.082, 104
Trd, 8639981.282, 103
Trd, 8639982.032, 103
Trd, 8639983.232, 102
Trd, 8639984.032, 103
Trd, 8639985.282, 101
Trd, 8639987.482, 104
Trd, 8639989.182, 100
Trd, 8639989.982, 99
Trd, 8639990.382, 99
Trd, 8639993.882, 99
Trd, 8639993.932, 95
Trd, 8639997.382, 93
Trd, 8639998.032, 103
