Trd, 8637989.132, 97
Trd, 8637990.182, 104
Trd, 8637991.182, 91
Trd, 8637992.532, 78
Trd, 8637994.882, 80
Trd, 8637994.982, 120
Trd, 8637996.132, 113
Trd, 8637997.082, 86
Trd, 8637998.782, 113
Trd, 8637999.382, 113
Trd, 8638000.982, 104
Trd, 8638001.082, 95
Trd, 8638001.432, 113
Trd, 8638003.332, 89
Trd, 8638003.382, 93
Trd, 8638004.832, 107
Trd, 8638005.282, 126
Trd, 8638005.332, 89
Trd, 8638007.182, 75
Trd, 8638009.232, 115
Trd, 8638009.632, 119
Trd, 8638009.982, 112
Trd, 8638010.982, 104
Trd, 8638011.782, 87
Trd, 8638013.332, 89
Trd, 8638013.532, 119
Trd, 8638014.182, 95
Trd, 8638016.582, 89
Trd, 8638017.382, 117
Trd, 8638019.782, 112
Trd, 8638021.282, 100
Trd, 8638021.382, 97
Trd, 8638021.532, 95
Trd, 8638022.432, 115
Trd, 8638022.932, 117
Trd, 8638023.932, 91
Trd, 8638024.132, 89
Trd, 8638026.682, 86
Trd, 8638026.782, 114
Trd, 8638027.482, 121
Trd, 8638029.832, 82
Trd, 8638029.982, 84
Trd, 8638030.582, 79
Trd, 8638030.932, 99
Trd, 8638033.782, 91
Trd, 8638035.032, 82
Trd, 8638035.382, 96
Trd, 8638036.182, 103
Trd, 8638037.382, 104
Trd, 8638037.832, 93
Trd, 8638039.582, 98
Trd, 8638039.882, 96
Trd, 8638040.082, 96
Trd, 8638041.832, 123
Trd, 8638043.132, 122
Trd, 8638043.582, 96
Trd, 8638044.632, 115
Trd, 8638045.232, 113
Trd, 8638045.682, 100
Trd, 8638046.132, 97
Trd, 8638047.432, 86
Trd, 8638048.532, 113
Trd, 8638050.232, 70
Trd, 8638051.332, 83
Trd, 8638051.732, 95
Trd, 8638054.032, 80
Trd, 8638054.732, 86
Trd, 8638056.082, 93
Trd, 8638057.232, 90
Trd, 8638057.482, 88
Trd, 8638058.182, 95
Trd, 8638059.632, 81
Trd, 8638060.832, 93
Trd, 8638061.032, 104
Trd, 8638062.632, 122
Trd, 8638063.982, 86
Trd, 8638065.582, 96
Trd, 8638066.632, 95
Trd, 8638067.032, 96
Trd, 8638067.082, 94
Trd, 8638068.182, 88
Trd, 8638068.732, 128
Trd, 8638071.532, 114
Trd, 8638071.932, 122
Trd, 8638072.132, 113
Trd, 8638073.682, 121
Trd, 8638074.432, 131
Trd, 8638076.382, 97
Trd, 8638076.432, 95
Trd, 8638077.182, 113
Trd, 8638078.582, 99
Trd, 8638080.532, 88
Trd, 8638080.932, 86
Trd, 8638082.582, 132
Trd, 8638083.232, 131
Trd, 8638084.282, 113
Trd, 8638084.682, 104
Trd, 8638085.482, 114
Trd, 8638086.782, 100
Trd, 8638087.032, 81
Trd, 8638087.982, 82
Trd, 8638088.282, 97
Trd, 8638092.432, 86
Trd, 8638092.482, 90
Trd, 8638093.232, 91
Trd, 8638093.632, 91
Trd, 8638093.682, 100
Trd, 8638093.832, 104
Trd, 8638094.432, 92
Trd, 8638095.132, 122
Trd, 8638096.382, 104
Trd, 8638096.682, 90
Trd, 8638097.532, 77
Trd, 8638100.832, 85
Trd, 8638102.532, 114
Trd, 8638102.732, 113
Trd, 8638103.482, 104
Trd, 8638105.082, 86
Trd, 8638105.232, 116
Trd, 8638106.882, 97
Trd, 8638107.532, 116
Trd, 8638108.232, 111
Trd, 8638108.682, 104
Trd, 8638110.382, 112
Trd, 8638111.832, 118
Trd, 8638112.182, 87
Trd, 8638112.982, 131
Trd, 8638113.082, 85
Trd, 8638113.582, 122
Trd, 8638114.282, 104
Trd, 8638116.932, 114
Trd, 8638117.782, 113
Trd, 8638119.082, 113
Trd, 8638119.182, 117
Trd, 8638120.032, 130
Trd, 8638120.432, 104
Trd, 8638122.432, 79
Trd, 8638123.732, 84
Trd, 8638125.532, 90
Trd, 8638126.532, 98
Trd, 8638127.182, 83
Trd, 8638130.632, 114
Trd, 8638130.882, 113
Trd, 8638131.282, 120
Trd, 8638132.432, 107
Trd, 8638133.082, 122
Trd, 8638133.582, 104
Trd, 8638135.682, 126
Trd, 8638135.932, 122
Trd, 8638136.582, 112
Trd, 8638139.482, 104
Trd, 8638139.582, 103
Trd, 8638140.432, 121
Trd, 8638141.882, 97
Trd, 8638141.982, 119
Trd, 8638142.332, 113
Trd, 8638142.882, 95
Trd, 8638143.182, 87
Trd, 8638143.482, 126
Trd, 8638145.832, 113
Trd, 8638145.932, 111
Trd, 8638147.182, 88
Trd, 8638148.082, 86
Trd, 8638150.432, 122
Trd, 8638150.832, 121
Trd, 8638152.482, 111
Trd, 8638152.632, 104
Trd, 8638153.132, 95
Trd, 8638153.682, 118
Trd, 8638155.632, 95
Trd, 8638155.832, 113
Trd, 8638156.382, 93
Trd, 8638156.632, 113
Trd, 8638157.882, 94
Trd, 8638161.932, 114
Trd, 8638162.132, 115
Trd, 8638163.032, 113
Trd, 8638163.232, 115
Trd, 8638163.832, 96
Trd, 8638164.632, 95
Trd, 8638165.632, 121
Trd, 8638167.582, 91
Trd, 8638168.082, 127
Trd, 8638170.182, 92
Trd, 8638173.232, 121
Trd, 8638173.432, 113
Trd, 8638174.132, 131
Trd, 8638174.632, 104
Trd, 8638175.832, 129
Trd, 8638176.332, 96
Trd, 8638178.632, 121
Trd, 8638179.482, 130
Trd, 8638183.182, 121
Trd, 8638183.282, 104
Trd, 8638185.132, 90
Trd, 8638185.232, 97
Trd, 8638185.382, 90
Trd, 8638185.432, 89
Trd, 8638185.882, 97
Trd, 8638188.982, 123
Trd, 8638190.232, 122
Trd, 8638191.132, 122
Trd, 8638191.232, 104
Trd, 8638193.532, 122
Trd, 8638194.132, 121
Trd, 8638194.482, 124
Trd, 8638195.032, 111
Trd, 8638197.882, 114
Trd, 8638198.582, 113
Trd, 8638198.732, 104
Trd, 8638201.232, 96
Trd, 8638202.282, 90
Trd, 8638203.182, 131
Trd, 8638203.982, 113
Trd, 8638204.582, 131
Trd, 8638206.232, 123
Trd, 8638207.032, 121
Trd, 8638207.282, 95
Trd, 8638209.232, 116
Trd, 8638210.232, 115
Trd, 8638210.482, 113
Trd, 8638212.332, 104
Trd, 8638213.082, 94
Trd, 8638213.132, 95
Trd, 8638213.832, 104
Trd, 8638215.882, 80
Trd, 8638217.532, 85
Trd, 8638218.182, 86
Trd, 8638219.282, 84
Trd, 8638219.682, 78
Trd, 8638219.782, 96
Trd, 8638224.282, 81
Trd, 8638224.382, 87
Trd, 8638224.632, 95
Trd, 8638224.832, 81
Trd, 8638225.032, 95
Trd, 8638227.232, 112
Trd, 8638228.382, 122
Trd, 8638228.682, 95
Trd, 8638229.982, 130
Trd, 8638230.782, 112
Trd, 8638231.082, 104
Trd, 8638231.882, 120
Trd, 8638234.382, 95
Trd, 8638234.782, 96
Trd, 8638237.232, 98
Trd, 8638237.482, 104
Trd, 8638238.732, 86
Trd, 8638238.782, 97
Trd, 8638239.182, 87
Trd, 8638239.382, 86
Trd, 8638241.182, 89
Trd, 8638241.282, 100
Trd, 8638242.882, 93
Trd, 8638242.932, 92
Trd, 8638243.082, 118
Trd, 8638245.282, 113
Trd, 8638245.632, 131
Trd, 8638247.132, 122
Trd, 8638247.432, 112
Trd, 8638249.182, 105
Trd, 8638250.532, 121
Trd, 8638250.632, 122
Trd, 8638250.782, 95
Trd, 8638250.882, 86
Trd, 8638253.132, 114
Trd, 8638253.732, 113
Trd, 8638254.632, 121
Trd, 8638255.632, 106
Trd, 8638257.332, 119
Trd, 8638258.682, 113
Trd, 8638259.032, 87
Trd, 8638260.432, 89
Trd, 8638260.482, 88
Trd, 8638263.482, 131
Trd, 8638263.932, 112
Trd, 8638264.382, 104
Trd, 8638264.982, 95
Trd, 8638265.782, 127
Trd, 8638266.982, 120
Trd, 8638269.882, 92
Trd, 8638269.982, 116
Trd, 8638270.082, 113
Trd, 8638270.382, 93
Trd, 8638272.482, 100
Trd, 8638273.182, 97
Trd, 8638273.632, 92
Trd, 8638273.982, 104
Trd, 8638274.832, 124
Trd, 8638275.632, 91
Trd, 8638277.132, 114
Trd, 8638277.832, 113
Trd, 8638278.582, 104
Trd, 8638279.832, 114
Trd, 8638281.432, 89
Trd, 8638282.582, 122
Trd, 8638283.682, 110
Trd, 8638285.232, 104
Trd, 8638287.082, 91
Trd, 8638288.932, 86
Trd, 8638289.032, 89
Trd, 8638289.182, 95
Trd, 8638290.232, 87
Trd, 8638290.632, 104
Trd, 8638291.582, 121
Trd, 8638294.332, 91
Trd, 8638294.532, 119
Trd, 8638296.382, 91
Trd, 8638298.132, 97
Trd, 8638298.832, 85
Trd, 8638299.482, 94
Trd, 8638299.632, 86
Trd, 8638300.582, 87
Trd, 8638300.632, 86
Trd, 8638301.382, 104
Trd, 8638304.532, 77
Trd, 8638304.632, 87
Trd, 8638305.782, 92
Trd, 8638306.382, 96
Trd, 8638307.832, 79
Trd, 8638308.782, 89
Trd, 8638310.332, 95
Trd, 8638311.982, 86
Trd, 8638312.432, 88
Trd, 8638313.332, 87
Trd, 8638314.532, 100
Trd, 8638315.882, 82
Trd, 8638317.382, 116
Trd, 8638318.432, 117
Trd, 8638318.782, 113
Trd, 8638319.632, 96
Trd, 8638321.132, 78
Trd, 8638323.182, 84
Trd, 8638324.232, 87
Trd, 8638325.232, 103
Trd, 8638325.982, 95
Trd, 8638326.182, 93
Trd, 8638327.682, 117
Trd, 8638328.182, 93
Trd, 8638329.232, 120
Trd, 8638329.982, 89
Trd, 8638330.232, 122
Trd, 8638334.132, 114
Trd, 8638334.532, 121
Trd, 8638335.532, 113
Trd, 8638335.632, 104
Trd, 8638336.532, 89
Trd, 8638337.032, 98
Trd, 8638338.132, 78
Trd, 8638338.632, 82
Trd, 8638342.882, 113
Trd, 8638343.232, 112
Trd, 8638344.482, 104
Trd, 8638344.532, 115
Trd, 8638344.632, 95
Trd, 8638344.982, 116
Trd, 8638346.382, 99
Trd, 8638346.982, 88
Trd, 8638347.832, 69
Trd, 8638350.482, 101
Trd, 8638350.532, 104
Trd, 8638351.632, 82
Trd, 8638355.082, 85
Trd, 8638355.282, 86
Trd, 8638355.332, 85
Trd, 8638356.082, 94
Trd, 8638356.732, 96
Trd, 8638357.032, 90
Trd, 8638357.432, 122
Trd, 8638358.032, 90
Trd, 8638360.032, 113
Trd, 8638360.282, 121
Trd, 8638360.382, 104
Trd, 8638362.732, 113
Trd, 8638363.532, 96
Trd, 8638363.982, 95
Trd, 8638366.032, 91
Trd, 8638367.982, 121
Trd, 8638368.182, 119
Trd, 8638369.032, 112
Trd, 8638369.682, 104
Trd, 8638370.182, 95
Trd, 8638371.482, 96
Trd, 8638372.182, 78
Trd, 8638373.632, 89
Trd, 8638374.132, 90
Trd, 8638375.832, 89
Trd, 8638376.132, 87
Trd, 8638376.232, 96
Trd, 8638379.282, 98
Trd, 8638380.232, 94
Trd, 8638380.432, 95
Trd, 8638382.282, 104
Trd, 8638382.432, 95
Trd, 8638383.082, 113
Trd, 8638384.032, 86
Trd, 8638386.832, 95
Trd, 8638387.582, 98
Trd, 8638388.032, 104
Trd, 8638388.732, 86
Trd, 8638390.782, 90
Trd, 8638390.832, 89
Trd, 8638392.582, 80
Trd, 8638394.032, 96
Trd, 8638394.782, 102
Trd, 8638395.582, 104
Trd, 8638397.282, 112
Trd, 8638397.882, 97
Trd, 8638400.032, 91
Trd, 8638400.482, 104
Trd, 8638401.282, 97
Trd, 8638402.132, 78
Trd, 8638404.632, 90
Trd, 8638405.632, 86
Trd, 8638405.782, 88
Trd, 8638405.832, 91
Trd, 8638405.982, 87
Trd, 8638406.682, 97
Trd, 8638407.132, 88
Trd, 8638408.932, 120
Trd, 8638409.432, 87
Trd, 8638411.332, 73
Trd, 8638412.732, 112
Trd, 8638413.582, 121
Trd, 8638415.182, 92
Trd, 8638416.332, 123
Trd, 8638416.532, 92
Trd, 8638417.182, 101
Trd, 8638417.682, 114
Trd, 8638418.782, 113
Trd, 8638419.382, 86
Trd, 8638420.682, 119
Trd, 8638421.632, 86
Trd, 8638423.632, 88
Trd, 8638423.932, 100
Trd, 8638425.982, 113
Trd, 8638426.132, 122
Trd, 8638426.332, 104
Trd, 8638427.382, 88
Trd, 8638427.582, 120
Trd, 8638428.532, 109
Trd, 8638431.182, 114
Trd, 8638431.782, 108
Trd, 8638432.282, 122
Trd, 8638434.782, 120
Trd, 8638435.432, 113
Trd, 8638435.632, 86
Trd, 8638436.082, 78
Trd, 8638436.182, 78
Trd, 8638436.532, 79
Trd, 8638437.882, 92
Trd, 8638439.732, 81
Trd, 8638440.082, 104
Trd, 8638440.282, 105
Trd, 8638441.132, 107
Trd, 8638443.082, 120
Trd, 8638443.132, 119
Trd, 8638444.682, 115
Trd, 8638445.882, 112
Trd, 8638448.782, 94
Trd, 8638449.532, 100
Trd, 8638449.932, 95
Trd, 8638450.882, 120
Trd, 8638450.982, 122
Trd, 8638451.332, 94
Trd, 8638452.932, 113
Trd, 8638453.082, 126
Trd, 8638455.682, 122
Trd, 8638456.282, 105
Trd, 8638457.632, 122
Trd, 8638457.732, 124
Trd, 8638458.282, 104
Trd, 8638458.682, 95
Trd, 8638462.532, 87
Trd, 8638462.582, 104
Trd, 8638463.182, 80
Trd, 8638465.482, 87
Trd, 8638466.432, 97
Trd, 8638466.832, 91
Trd, 8638467.432, 90
Trd, 8638469.182, 99
Trd, 8638469.332, 95
Trd, 8638470.382, 95
Trd, 8638471.082, 98
Trd, 8638471.982, 104
Trd, 8638472.882, 97
Trd, 8638473.482, 86
Trd, 8638473.932, 124
Trd, 8638474.382, 123
Trd, 8638474.432, 121
Trd, 8638474.932, 95
Trd, 8638477.232, 88
Trd, 8638477.982, 79
Trd, 8638478.882, 95
Trd, 8638479.932, 80
Trd, 8638482.632, 96
Trd, 8638483.082, 113
Trd, 8638485.082, 98
Trd, 8638486.032, 97
Trd, 8638486.082, 95
Trd, 8638487.432, 88
Trd, 8638489.432, 95
Trd, 8638489.582, 90
Trd, 8638490.382, 97
Trd, 8638491.232, 118
Trd, 8638491.432, 92
Trd, 8638491.932, 87
Trd, 8638493.732, 92
Trd, 8638494.682, 79
Trd, 8638495.732, 103
Trd, 8638496.982, 113
Trd, 8638498.382, 113
Trd, 8638499.182, 86
Trd, 8638499.282, 117
Trd, 8638499.332, 87
Trd, 8638501.882, 114
Trd, 8638503.282, 115
Trd, 8638503.882, 74
Trd, 8638504.182, 100
Trd, 8638505.532, 119
Trd, 8638507.082, 86
Trd, 8638508.582, 87
Trd, 8638509.232, 88
Trd, 8638511.682, 113
Trd, 8638511.982, 115
Trd, 8638512.082, 96
Trd, 8638512.932, 94
Trd, 8638514.382, 84
Trd, 8638516.632, 96
Trd, 8638517.132, 95
Trd, 8638518.032, 104
Trd, 8638519.282, 91
Trd, 8638520.532, 86
Trd, 8638521.432, 122
Trd, 8638521.632, 109
Trd, 8638522.732, 100
Trd, 8638523.632, 122
Trd, 8638523.982, 121
Trd, 8638525.582, 77
Trd, 8638527.282, 103
Trd, 8638529.782, 86
Trd, 8638531.382, 88
Trd, 8638531.682, 86
Trd, 8638531.782, 96
Trd, 8638533.582, 89
Trd, 8638536.332, 78
Trd, 8638536.632, 86
Trd, 8638536.932, 79
Trd, 8638536.982, 95
Trd, 8638537.282, 104
Trd, 8638538.432, 81
Trd, 8638540.532, 83
Trd, 8638540.782, 89
Trd, 8638542.532, 101
Trd, 8638542.982, 91
Trd, 8638544.282, 110
Trd, 8638544.832, 121
Trd, 8638545.032, 125
Trd, 8638545.482, 90
Trd, 8638548.432, 110
Trd, 8638548.582, 109
Trd, 8638548.782, 116
Trd, 8638550.332, 95
Trd, 8638550.632, 93
Trd, 8638551.832, 114
Trd, 8638552.082, 89
Trd, 8638554.032, 119
Trd, 8638554.132, 91
Trd, 8638554.282, 86
Trd, 8638555.782, 118
Trd, 8638557.182, 113
Trd, 8638557.532, 123
Trd, 8638558.032, 104
Trd, 8638560.132, 96
Trd, 8638560.182, 117
Trd, 8638560.532, 96
Trd, 8638561.182, 113
Trd, 8638563.082, 122
Trd, 8638564.032, 123
Trd, 8638564.432, 122
Trd, 8638564.532, 110
Trd, 8638568.982, 85
Trd, 8638569.482, 91
Trd, 8638570.982, 91
Trd, 8638571.182, 99
Trd, 8638571.682, 90
Trd, 8638572.632, 90
Trd, 8638573.182, 98
Trd, 8638574.332, 113
Trd, 8638575.232, 121
Trd, 8638575.882, 122
Trd, 8638576.882, 91
Trd, 8638578.782, 120
Trd, 8638579.782, 93
Trd, 8638582.032, 112
Trd, 8638582.732, 97
Trd, 8638582.832, 95
Trd, 8638585.382, 90
Trd, 8638585.582, 111
Trd, 8638586.382, 122
Trd, 8638586.832, 92
Trd, 8638587.132, 96
Trd, 8638587.632, 93
Trd, 8638587.932, 92
Trd, 8638591.832, 98
Trd, 8638591.882, 104
Trd, 8638592.432, 91
Trd, 8638594.832, 113
Trd, 8638595.332, 98
Trd, 8638596.932, 100
Trd, 8638597.332, 116
Trd, 8638597.482, 99
Trd, 8638598.882, 86
Trd, 8638600.882, 86
Trd, 8638601.882, 94
Trd, 8638602.932, 99
Trd, 8638604.332, 93
Trd, 8638604.482, 92
Trd, 8638606.232, 96
Trd, 8638607.232, 101
Trd, 8638607.282, 89
Trd, 8638609.082, 89
Trd, 8638610.432, 122
Trd, 8638610.532, 113
Trd, 8638611.082, 96
Trd, 8638611.982, 125
Trd, 8638612.632, 95
Trd, 8638613.782, 89
Trd, 8638614.682, 101
Trd, 8638616.432, 89
Trd, 8638618.232, 98
Trd, 8638618.382, 85
Trd, 8638621.982, 93
Trd, 8638622.432, 97
Trd, 8638622.732, 98
Trd, 8638624.832, 103
Trd, 8638625.882, 95
Trd, 8638626.032, 104
Trd, 8638626.332, 87
Trd, 8638627.032, 87
Trd, 8638627.882, 100
Trd, 8638629.682, 90
Trd, 8638629.832, 87
Trd, 8638630.832, 121
Trd, 8638631.782, 128
Trd, 8638632.782, 113
Trd, 8638634.182, 104
Trd, 8638635.832, 116
Trd, 8638637.282, 129
Trd, 8638638.182, 127
Trd, 8638639.132, 113
Trd, 8638640.432, 113
Trd, 8638641.132, 121
Trd, 8638643.082, 110
Trd, 8638643.632, 111
Trd, 8638643.682, 104
Trd, 8638644.132, 95
Trd, 8638644.532, 121
Trd, 8638645.482, 80
Trd, 8638648.032, 99
Trd, 8638649.032, 85
Trd, 8638650.282, 121
Trd, 8638651.232, 112
Trd, 8638652.182, 96
Trd, 8638652.282, 123
Trd, 8638654.482, 95
Trd, 8638655.882, 120
Trd, 8638656.082, 113
Trd, 8638657.532, 100
Trd, 8638660.132, 90
Trd, 8638660.982, 99
Trd, 8638661.482, 113
Trd, 8638661.732, 122
Trd, 8638662.932, 91
Trd, 8638663.632, 87
Trd, 8638663.732, 87
Trd, 8638664.782, 86
Trd, 8638665.382, 129
Trd, 8638666.632, 79
Trd, 8638667.982, 112
Trd, 8638668.582, 96
Trd, 8638670.282, 122
Trd, 8638671.182, 127
Trd, 8638672.982, 93
Trd, 8638674.382, 96
Trd, 8638675.632, 113
Trd, 8638677.882, 121
Trd, 8638678.132, 99
Trd, 8638678.432, 98
Trd, 8638678.882, 107
Trd, 8638679.682, 108
Trd, 8638680.132, 95
Trd, 8638681.582, 125
Trd, 8638682.132, 122
Trd, 8638682.782, 113
Trd, 8638685.732, 96
Trd, 8638685.982, 96
Trd, 8638687.182, 113
Trd, 8638687.532, 112
Trd, 8638688.782, 95
Trd, 8638689.782, 122
Trd, 8638689.932, 80
Trd, 8638690.232, 79
Trd, 8638691.482, 90
Trd, 8638693.932, 85
Trd, 8638695.382, 78
Trd, 8638696.432, 97
Trd, 8638697.682, 120
Trd, 8638699.382, 113
Trd, 8638699.482, 116
Trd, 8638700.182, 104
Trd, 8638701.182, 95
Trd, 8638702.232, 86
Trd, 8638702.682, 111
Trd, 8638704.132, 107
Trd, 8638705.432, 115
Trd, 8638707.732, 116
Trd, 8638707.832, 113
Trd, 8638708.632, 118
Trd, 8638709.432, 104
Trd, 8638710.932, 97
Trd, 8638712.232, 98
Trd, 8638712.332, 113
Trd, 8638713.582, 119
Trd, 8638714.182, 121
Trd, 8638717.382, 121
Trd, 8638717.732, 112
Trd, 8638718.882, 104
Trd, 8638718.932, 95
Trd, 8638720.082, 89
Trd, 8638721.682, 88
Trd, 8638721.732, 89
Trd, 8638724.382, 113
Trd, 8638724.832, 122
Trd, 8638725.632, 105
Trd, 8638726.732, 122
Trd, 8638727.582, 112
Trd, 8638728.832, 104
Trd, 8638729.982, 87
Trd, 8638731.082, 94
Trd, 8638731.282, 86
Trd, 8638733.732, 98
Trd, 8638733.882, 104
Trd, 8638734.432, 88
Trd, 8638734.582, 86
Trd, 8638737.432, 93
Trd, 8638737.532, 81
Trd, 8638738.432, 83
Trd, 8638738.632, 88
Trd, 8638739.032, 82
Trd, 8638740.382, 95
Trd, 8638742.432, 96
Trd, 8638743.732, 100
Trd, 8638743.882, 97
Trd, 8638744.732, 97
Trd, 8638744.932, 95
Trd, 8638745.682, 111
Trd, 8638748.232, 116
Trd, 8638749.032, 115
Trd, 8638749.132, 95
Trd, 8638751.082, 113
Trd, 8638751.482, 109
Trd, 8638753.832, 119
Trd, 8638754.432, 120
Trd, 8638754.632, 89
Trd, 8638755.182, 97
Trd, 8638755.482, 131
Trd, 8638756.132, 88
Trd, 8638757.132, 72
Trd, 8638757.482, 130
Trd, 8638759.432, 91
Trd, 8638760.732, 82
Trd, 8638761.132, 82
Trd, 8638761.682, 102
Trd, 8638762.182, 90
Trd, 8638765.782, 99
Trd, 8638767.232, 104
Trd, 8638767.282, 96
Trd, 8638769.232, 120
Trd, 8638769.282, 95
Trd, 8638770.182, 87
Trd, 8638770.632, 99
Trd, 8638773.432, 79
Trd, 8638773.682, 86
Trd, 8638775.032, 78
Trd, 8638776.882, 84
Trd, 8638777.782, 120
Trd, 8638778.132, 120
Trd, 8638778.282, 119
Trd, 8638780.282, 113
Trd, 8638780.882, 127
Trd, 8638781.432, 95
Trd, 8638782.782, 88
Trd, 8638783.982, 89
Trd, 8638784.782, 104
Trd, 8638784.982, 89
Trd, 8638787.232, 114
Trd, 8638787.682, 113
Trd, 8638789.232, 114
Trd, 8638789.432, 122
Trd, 8638789.632, 104
Trd, 8638789.732, 95
Trd, 8638791.382, 76
Trd, 8638793.382, 79
Trd, 8638794.782, 77
Trd, 8638795.982, 87
Trd, 8638796.132, 84
Trd, 8638798.032, 91
Trd, 8638798.582, 98
Trd, 8638801.032, 122
Trd, 8638801.132, 104
Trd, 8638801.732, 95
Trd, 8638802.432, 87
Trd, 8638804.432, 123
Trd, 8638804.932, 118
Trd, 8638805.582, 115
Trd, 8638806.682, 104
Trd, 8638808.982, 93
Trd, 8638810.982, 96
Trd, 8638811.282, 102
Trd, 8638811.332, 95
Trd, 8638812.432, 88
Trd, 8638812.882, 96
Trd, 8638814.132, 128
Trd, 8638817.532, 111
Trd, 8638818.632, 122
Trd, 8638818.882, 106
Trd, 8638819.182, 104
Trd, 8638819.532, 95
Trd, 8638821.682, 111
Trd, 8638822.832, 111
Trd, 8638822.982, 97
Trd, 8638823.382, 95
Trd, 8638825.532, 85
Trd, 8638825.832, 82
Trd, 8638828.032, 94
Trd, 8638828.082, 104
Trd, 8638829.082, 83
Trd, 8638829.832, 105
Trd, 8638830.332, 122
Trd, 8638831.632, 90
Trd, 8638832.582, 118
Trd, 8638833.832, 122
Trd, 8638834.682, 96
Trd, 8638836.182, 105
Trd, 8638836.232, 120
Trd, 8638836.332, 98
Trd, 8638838.332, 87
Trd, 8638839.482, 88
Trd, 8638841.682, 113
Trd, 8638842.332, 117
Trd, 8638842.682, 121
Trd, 8638843.432, 87
Trd, 8638843.882, 87
Trd, 8638845.632, 116
Trd, 8638846.432, 114
Trd, 8638847.582, 113
Trd, 8638848.282, 104
Trd, 8638849.782, 111
Trd, 8638852.132, 116
Trd, 8638852.182, 92
Trd, 8638852.482, 118
Trd, 8638853.232, 113
Trd, 8638854.532, 112
Trd, 8638856.582, 122
Trd, 8638857.582, 123
Trd, 8638857.832, 119
Trd, 8638858.282, 95
Trd, 8638858.932, 130
Trd, 8638860.182, 104
Trd, 8638861.632, 113
Trd, 8638863.332, 121
Trd, 8638863.832, 121
Trd, 8638864.532, 113
Trd, 8638864.732, 111
Trd, 8638864.982, 104
Trd, 8638866.932, 113
Trd, 8638867.132, 99
Trd, 8638868.132, 96
Trd, 8638869.632, 89
Trd, 8638870.032, 123
Trd, 8638871.232, 121
Trd, 8638872.632, 79
Trd, 8638874.832, 83
Trd, 8638875.632, 87
Trd, 8638876.032, 85
Trd, 8638877.032, 96
Trd, 8638877.732, 101
Trd, 8638879.032, 86
Trd, 8638880.282, 107
Trd, 8638880.782, 92
Trd, 8638882.232, 97
Trd, 8638882.532, 81
Trd, 8638883.532, 99
Trd, 8638885.732, 110
Trd, 8638885.932, 96
Trd, 8638887.382, 105
Trd, 8638887.882, 113
Trd, 8638888.682, 121
Trd, 8638889.282, 95
Trd, 8638890.282, 86
Trd, 8638892.932, 116
Trd, 8638893.082, 80
Trd, 8638894.682, 120
Trd, 8638895.332, 122
Trd, 8638896.782, 113
Trd, 8638897.582, 105
Trd, 8638898.782, 104
Trd, 8638898.982, 119
Trd, 8638899.382, 95
Trd, 8638901.282, 118
Trd, 8638901.482, 111
Trd, 8638901.582, 104
Trd, 8638904.082, 97
Trd, 8638904.132, 103
Trd, 8638904.182, 104
Trd, 8638905.582, 103
Trd, 8638907.432, 97
Trd, 8638909.182, 88
Trd, 8638909.282, 100
Trd, 8638909.982, 97
Trd, 8638910.132, 104
Trd, 8638912.332, 122
Trd, 8638913.582, 87
Trd, 8638913.682, 86
Trd, 8638915.082, 95
Trd, 8638915.532, 88
Trd, 8638915.982, 85
Trd, 8638918.582, 94
Trd, 8638919.232, 104
Trd, 8638919.482, 91
Trd, 8638920.732, 93
Trd, 8638921.282, 104
Trd, 8638921.632, 105
Trd, 8638922.882, 95
Trd, 8638923.832, 98
Trd, 8638924.182, 120
Trd, 8638925.432, 96
Trd, 8638927.332, 123
Trd, 8638927.382, 96
Trd, 8638929.232, 112
Trd, 8638930.232, 125
Trd, 8638931.282, 130
Trd, 8638931.632, 122
Trd, 8638932.232, 122
Trd, 8638934.482, 113
Trd, 8638937.132, 112
Trd, 8638937.732, 112
Trd, 8638938.082, 104
Trd, 8638938.932, 120
Trd, 8638939.132, 87
Trd, 8638940.482, 127
Trd, 8638941.582, 96
Trd, 8638942.132, 95
Trd, 8638944.232, 95
Trd, 8638944.582, 87
Trd, 8638945.132, 88
Trd, 8638945.732, 103
Trd, 8638947.082, 121
Trd, 8638947.632, 113
Trd, 8638948.182, 96
Trd, 8638948.782, 122
Trd, 8638949.082, 96
Trd, 8638949.182, 95
Trd, 8638951.432, 122
Trd, 8638952.082, 104
Trd, 8638953.332, 86
Trd, 8638954.232, 125
Trd, 8638955.732, 125
Trd, 8638956.082, 113
Trd, 8638957.482, 89
Trd, 8638957.882, 93
Trd, 8638958.132, 86
Trd, 8638959.782, 95
Trd, 8638961.182, 95
Trd, 8638962.532, 114
Trd, 8638964.132, 112
Trd, 8638965.182, 116
Trd, 8638965.332, 104
Trd, 8638966.832, 112
Trd, 8638968.782, 95
Trd, 8638969.632, 90
Trd, 8638971.482, 92
Trd, 8638971.932, 93
Trd, 8638972.282, 104
Trd, 8638973.532, 113
Trd, 8638973.732, 110
Trd, 8638973.982, 121
Trd, 8638974.082, 90
Trd, 8638974.682, 77
Trd, 8638976.582, 94
Trd, 8638976.932, 98
Trd, 8638978.582, 80
Trd, 8638979.632, 78
Trd, 8638980.382, 122
Trd, 8638981.982, 92
Trd, 8638984.082, 101
Trd, 8638984.182, 95
Trd, 8638984.332, 104
Trd, 8638985.932, 97
Trd, 8638986.032, 95
Trd, 8638987.082, 87
Trd, 8638987.782, 86
Trd, 8638987.882, 100
Trd, 8638989.182, 103
Trd, 8638990.132, 112
Trd, 8638991.582, 98
Trd, 8638992.382, 120
Trd, 8638992.582, 91
Trd, 8638994.882, 95
Trd, 8638995.032, 94
Trd, 8638995.132, 92
Trd, 8638997.482, 103
Trd, 8638998.932, 131
Trd, 8639000.532, 123
Trd, 8639001.282, 121
Trd, 8639001.382, 104
Trd, 8639001.882, 95
Trd, 8639003.932, 99
Trd, 8639005.082, 93
Trd, 8639005.532, 82
Trd, 8639005.732, 89
Trd, 8639007.732, 83
Trd, 8639008.932, 86
Trd, 8639009.132, 102
Trd, 8639010.332, 112
Trd, 8639011.682, 92
Trd, 8639011.782, 104
Trd, 8639013.782, 121
Trd, 8639014.682, 92
Trd, 8639015.532, 93
Trd, 8639015.632, 86
Trd, 8639018.332, 112
Trd, 8639019.432, 106
Trd, 8639019.532, 110
Trd, 8639019.782, 104
Trd, 8639020.732, 96
Trd, 8639021.782, 112
Trd, 8639022.832, 122
Trd, 8639024.582, 94
Trd, 8639025.182, 122
Trd, 8639025.232, 121
Trd, 8639027.082, 112
Trd, 8639027.882, 96
Trd, 8639030.482, 88
Trd, 8639031.232, 99
Trd, 8639031.432, 100
Trd, 8639031.932, 91
Trd, 8639033.632, 102
Trd, 8639034.032, 93
Trd, 8639034.982, 86
Trd, 8639035.482, 120
Trd, 8639036.182, 80
Trd, 8639036.882, 99
Trd, 8639036.982, 79
Trd, 8639038.582, 121
Trd, 8639040.682, 115
Trd, 8639042.182, 131
Trd, 8639042.782, 112
Trd, 8639043.032, 95
Trd, 8639045.182, 120
Trd, 8639045.282, 92
Trd, 8639047.032, 92
Trd, 8639047.532, 104
Trd, 8639049.532, 88
Trd, 8639050.482, 87
Trd, 8639050.982, 92
Trd, 8639051.482, 99
Trd, 8639052.232, 80
Trd, 8639053.132, 104
Trd, 8639054.882, 114
Trd, 8639055.482, 118
Trd, 8639055.582, 119
Trd, 8639055.732, 113
Trd, 8639055.982, 68
Trd, 8639057.782, 91
Trd, 8639060.332, 60
Trd, 8639061.132, 101
Trd, 8639062.982, 63
Trd, 8639063.132, 79
Trd, 8639064.632, 89
Trd, 8639066.082, 85
Trd, 8639067.432, 84
Trd, 8639068.482, 86
Trd, 8639069.232, 103
Trd, 8639069.882, 88
Trd, 8639071.032, 104
Trd, 8639072.082, 79
Trd, 8639074.032, 86
Trd, 8639075.532, 86
Trd, 8639076.382, 86
Trd, 8639076.732, 99
Trd, 8639077.782, 92
Trd, 8639077.832, 91
Trd, 8639078.732, 104
Trd, 8639079.332, 121
Trd, 8639080.882, 87
Trd, 8639081.982, 80
Trd, 8639083.982, 86
Trd, 8639084.182, 103
Trd, 8639087.232, 94
Trd, 8639087.532, 98
Trd, 8639087.582, 90
Trd, 8639089.182, 102
Trd, 8639090.832, 101
Trd, 8639091.132, 104
Trd, 8639092.132, 86
Trd, 8639092.782, 86
Trd, 8639094.032, 122
Trd, 8639095.782, 120
Trd, 8639095.982, 111
Trd, 8639096.382, 110
Trd, 8639097.182, 104
Trd, 8639098.632, 122
Trd, 8639098.932, 83
Trd, 8639100.382, 88
Trd, 8639102.632, 113
Trd, 8639102.782, 104
Trd, 8639103.532, 97
Trd, 8639104.182, 114
Trd, 8639105.332, 110
Trd, 8639105.482, 122
Trd, 8639106.782, 95
Trd, 8639107.382, 87
Trd, 8639108.082, 121
Trd, 8639110.232, 90
Trd, 8639110.282, 92
Trd, 8639111.582, 95
Trd, 8639111.632, 88
Trd, 8639113.882, 89
Trd, 8639114.582, 94
Trd, 8639114.782, 104
Trd, 8639115.732, 88
Trd, 8639116.282, 106
Trd, 8639118.782, 120
Trd, 8639120.332, 100
Trd, 8639120.482, 88
Trd, 8639120.982, 90
Trd, 8639122.582, 91
Trd, 8639122.632, 90
Trd, 8639123.932, 88
Trd, 8639123.982, 92
Trd, 8639124.182, 128
Trd, 8639125.282, 89
Trd, 8639128.432, 118
Trd, 8639128.532, 88
Trd, 8639128.632, 86
Trd, 8639129.782, 122
Trd, 8639129.932, 119
Trd, 8639130.932, 95
Trd, 8639131.382, 108
Trd, 8639136.132, 95
Trd, 8639136.332, 97
Trd, 8639137.332, 94
Trd, 8639137.432, 99
Trd, 8639137.782, 100
Trd, 8639138.232, 86
Trd, 8639139.432, 79
Trd, 8639141.432, 78
Trd, 8639142.082, 114
Trd, 8639142.432, 113
Trd, 8639142.532, 116
Trd, 8639144.032, 123
Trd, 8639144.082, 120
Trd, 8639146.582, 95
Trd, 8639147.632, 90
Trd, 8639149.582, 113
Trd, 8639150.582, 113
Trd, 8639151.482, 123
Trd, 8639151.532, 122
Trd, 8639152.382, 104
Trd, 8639152.932, 95
Trd, 8639156.132, 83
Trd, 8639156.182, 94
Trd, 8639156.282, 95
Trd, 8639156.482, 81
Trd, 8639157.282, 87
Trd, 8639158.482, 72
Trd, 8639159.282, 104
Trd, 8639161.482, 77
Trd, 8639162.382, 113
Trd, 8639162.682, 131
Trd, 8639164.782, 96
Trd, 8639165.232, 91
Trd, 8639165.432, 98
Trd, 8639166.532, 90
Trd, 8639167.832, 98
Trd, 8639168.782, 97
Trd, 8639169.232, 92
Trd, 8639169.682, 92
Trd, 8639171.382, 102
Trd, 8639172.232, 104
Trd, 8639173.132, 96
Trd, 8639173.682, 122
Trd, 8639174.232, 89
Trd, 8639175.982, 113
Trd, 8639177.382, 106
Trd, 8639177.532, 80
Trd, 8639181.032, 95
Trd, 8639181.832, 87
Trd, 8639183.182, 88
Trd, 8639183.732, 89
Trd, 8639184.232, 104
Trd, 8639184.882, 98
Trd, 8639187.032, 119
Trd, 8639187.482, 105
Trd, 8639190.432, 114
Trd, 8639191.582, 104
Trd, 8639191.782, 113
Trd, 8639192.182, 95
Trd, 8639192.432, 95
Trd, 8639193.482, 86
Trd, 8639193.582, 124
Trd, 8639194.582, 86
Trd, 8639196.082, 86
Trd, 8639196.882, 94
Trd, 8639197.582, 82
Trd, 8639200.882, 87
Trd, 8639201.482, 102
Trd, 8639201.932, 85
Trd, 8639202.182, 87
Trd, 8639202.632, 104
Trd, 8639203.632, 84
Trd, 8639206.332, 91
Trd, 8639207.532, 89
Trd, 8639207.732, 99
Trd, 8639207.882, 102
Trd, 8639209.932, 91
Trd, 8639210.082, 90
Trd, 8639211.932, 86
Trd, 8639212.432, 123
Trd, 8639213.632, 87
Trd, 8639214.932, 113
Trd, 8639216.132, 121
Trd, 8639218.582, 86
Trd, 8639219.132, 83
Trd, 8639219.482, 81
Trd, 8639220.082, 96
Trd, 8639220.282, 97
Trd, 8639222.332, 86
Trd, 8639224.082, 104
Trd, 8639224.232, 91
Trd, 8639225.232, 91
Trd, 8639225.732, 100
Trd, 8639226.232, 101
Trd, 8639226.782, 93
Trd, 8639228.882, 88
Trd, 8639230.282, 93
Trd, 8639230.882, 101
Trd, 8639231.082, 104
Trd, 8639232.082, 113
Trd, 8639232.182, 104
Trd, 8639234.382, 113
Trd, 8639235.282, 116
Trd, 8639235.782, 86
Trd, 8639237.882, 114
Trd, 8639240.032, 96
Trd, 8639240.382, 115
Trd, 8639241.132, 116
Trd, 8639241.482, 114
Trd, 8639242.082, 112
Trd, 8639243.932, 88
Trd, 8639244.082, 88
Trd, 8639245.432, 78
Trd, 8639246.332, 71
Trd, 8639248.632, 86
Trd, 8639249.532, 97
Trd, 8639250.982, 81
Trd, 8639251.532, 83
Trd, 8639252.032, 95
Trd, 8639252.182, 96
Trd, 8639253.682, 87
Trd, 8639254.232, 121
Trd, 8639255.082, 124
Trd, 8639255.982, 95
Trd, 8639256.582, 93
Trd, 8639257.332, 88
Trd, 8639259.482, 91
Trd, 8639260.382, 87
Trd, 8639261.232, 95
Trd, 8639262.632, 78
Trd, 8639262.782, 99
Trd, 8639264.832, 83
Trd, 8639267.782, 91
Trd, 8639268.132, 94
Trd, 8639268.632, 99
Trd, 8639268.982, 131
Trd, 8639270.582, 91
Trd, 8639272.032, 123
Trd, 8639273.082, 119
Trd, 8639274.132, 121
Trd, 8639274.282, 112
Trd, 8639275.582, 121
Trd, 8639276.782, 121
Trd, 8639277.032, 104
Trd, 8639277.882, 90
Trd, 8639280.182, 112
Trd, 8639280.232, 92
Trd, 8639281.582, 111
Trd, 8639282.232, 95
Trd, 8639283.382, 87
Trd, 8639283.832, 113
Trd, 8639283.982, 114
Trd, 8639287.632, 123
Trd, 8639287.682, 120
Trd, 8639288.332, 112
Trd, 8639289.032, 95
Trd, 8639289.132, 122
Trd, 8639290.782, 99
Trd, 8639291.532, 78
Trd, 8639291.782, 77
Trd, 8639292.732, 103
Trd, 8639294.382, 102
Trd, 8639298.482, 89
Trd, 8639298.882, 86
Trd, 8639299.732, 88
Trd, 8639299.882, 90
Trd, 8639300.382, 83
Trd, 8639300.682, 104
Trd, 8639302.832, 84
Trd, 8639304.182, 95
Trd, 8639304.932, 86
Trd, 8639305.482, 93
Trd, 8639306.582, 80
Trd, 8639307.032, 81
Trd, 8639308.182, 88
Trd, 8639308.882, 102
Trd, 8639312.132, 95
Trd, 8639313.532, 89
Trd, 8639313.732, 89
Trd, 8639314.332, 90
Trd, 8639315.632, 89
Trd, 8639316.382, 89
Trd, 8639317.832, 113
Trd, 8639319.432, 122
Trd, 8639319.532, 93
Trd, 8639319.732, 127
Trd, 8639320.732, 125
Trd, 8639322.382, 121
Trd, 8639323.132, 113
Trd, 8639323.682, 114
Trd, 8639323.832, 113
Trd, 8639325.032, 96
Trd, 8639326.932, 80
Trd, 8639327.532, 81
Trd, 8639327.982, 92
Trd, 8639330.482, 122
Trd, 8639331.182, 97
Trd, 8639331.332, 97
Trd, 8639331.482, 95
Trd, 8639333.032, 121
Trd, 8639333.282, 122
Trd, 8639334.532, 113
Trd, 8639335.432, 104
Trd, 8639336.432, 87
Trd, 8639337.132, 88
Trd, 8639339.082, 114
Trd, 8639339.182, 74
Trd, 8639340.732, 80
Trd, 8639342.532, 113
Trd, 8639343.332, 112
Trd, 8639344.482, 118
Trd, 8639345.782, 99
Trd, 8639345.932, 101
Trd, 8639346.432, 97
Trd, 8639346.632, 86
Trd, 8639347.832, 84
Trd, 8639349.832, 119
Trd, 8639351.382, 87
Trd, 8639351.732, 104
Trd, 8639352.582, 87
Trd, 8639353.182, 98
Trd, 8639354.532, 121
Trd, 8639355.232, 90
Trd, 8639356.582, 95
Trd, 8639357.032, 92
Trd, 8639359.132, 86
Trd, 8639359.632, 103
Trd, 8639360.282, 85
Trd, 8639360.882, 87
Trd, 8639361.932, 120
Trd, 8639364.282, 117
Trd, 8639364.482, 113
Trd, 8639365.182, 79
Trd, 8639365.932, 80
Trd, 8639367.182, 121
Trd, 8639368.182, 123
Trd, 8639368.682, 92
Trd, 8639369.082, 91
Trd, 8639371.482, 113
Trd, 8639371.682, 95
Trd, 8639371.932, 86
Trd, 8639374.282, 125
Trd, 8639374.682, 125
Trd, 8639375.532, 122
Trd, 8639376.382, 104
Trd, 8639377.182, 126
Trd, 8639379.232, 123
Trd, 8639379.332, 122
Trd, 8639379.682, 113
Trd, 8639379.982, 104
Trd, 8639381.132, 86
Trd, 8639381.782, 96
Trd, 8639384.432, 111
Trd, 8639384.632, 116
Trd, 8639384.832, 85
Trd, 8639385.482, 85
Trd, 8639387.832, 122
Trd, 8639388.082, 89
Trd, 8639388.282, 88
Trd, 8639389.032, 129
Trd, 8639389.682, 86
Trd, 8639390.532, 112
Trd, 8639391.132, 77
Trd, 8639391.782, 89
Trd, 8639393.232, 95
Trd, 8639393.632, 104
Trd, 8639397.332, 96
Trd, 8639398.132, 104
Trd, 8639398.882, 92
Trd, 8639399.882, 87
Trd, 8639400.182, 86
Trd, 8639400.482, 120
Trd, 8639401.282, 101
Trd, 8639401.432, 130
Trd, 8639403.582, 82
Trd, 8639405.032, 93
Trd, 8639405.232, 84
Trd, 8639407.632, 95
Trd, 8639409.182, 103
Trd, 8639409.882, 90
Trd, 8639409.982, 104
Trd, 8639411.732, 92
Trd, 8639412.082, 92
Trd, 8639413.732, 116
Trd, 8639413.932, 111
Trd, 8639414.432, 116
Trd, 8639414.682, 98
Trd, 8639416.032, 96
Trd, 8639416.632, 97
Trd, 8639417.682, 100
Trd, 8639418.882, 86
Trd, 8639420.932, 87
Trd, 8639421.282, 88
Trd, 8639423.582, 86
Trd, 8639424.482, 113
Trd, 8639424.782, 120
Trd, 8639425.382, 121
Trd, 8639425.882, 113
Trd, 8639426.482, 104
Trd, 8639427.132, 88
Trd, 8639427.382, 98
Trd, 8639430.332, 122
Trd, 8639430.632, 84
Trd, 8639430.882, 83
Trd, 8639433.232, 112
Trd, 8639433.532, 95
Trd, 8639433.582, 86
Trd, 8639434.082, 116
Trd, 8639435.782, 113
Trd, 8639437.682, 113
Trd, 8639438.882, 113
Trd, 8639439.382, 113
Trd, 8639439.832, 104
Trd, 8639439.982, 114
Trd, 8639442.032, 111
Trd, 8639443.782, 78
Trd, 8639444.482, 74
Trd, 8639446.482, 82
Trd, 8639446.832, 84
Trd, 8639447.332, 81
Trd, 8639449.382, 86
Trd, 8639450.632, 86
Trd, 8639451.082, 101
Trd, 8639453.882, 93
Trd, 8639454.182, 97
Trd, 8639454.782, 93
Trd, 8639455.982, 131
Trd, 8639456.482, 87
Trd, 8639457.682, 78
Trd, 8639460.732, 82
Trd, 8639461.582, 85
Trd, 8639461.932, 88
Trd, 8639462.682, 97
Trd, 8639463.332, 122
Trd, 8639464.232, 95
Trd, 8639465.082, 90
Trd, 8639465.432, 86
Trd, 8639466.882, 90
Trd, 8639467.532, 101
Trd, 8639469.432, 95
Trd, 8639470.032, 94
Trd, 8639470.082, 93
Trd, 8639473.182, 94
Trd, 8639473.882, 119
Trd, 8639475.082, 113
Trd, 8639475.382, 99
Trd, 8639475.932, 128
Trd, 8639476.432, 98
Trd, 8639478.582, 98
Trd, 8639479.532, 93
Trd, 8639480.082, 120
Trd, 8639480.932, 122
Trd, 8639480.982, 92
Trd, 8639482.382, 114
Trd, 8639482.482, 122
Trd, 8639484.232, 112
Trd, 8639484.482, 104
Trd, 8639487.582, 96
Trd, 8639487.982, 87
Trd, 8639488.482, 103
Trd, 8639488.582, 86
Trd, 8639490.482, 79
Trd, 8639491.882, 121
Trd, 8639492.532, 123
Trd, 8639493.532, 87
Trd, 8639494.432, 86
Trd, 8639495.432, 95
Trd, 8639496.632, 120
Trd, 8639496.932, 104
Trd, 8639497.232, 122
Trd, 8639498.832, 92
Trd, 8639500.882, 83
Trd, 8639501.982, 104
Trd, 8639502.532, 84
Trd, 8639503.682, 85
Trd, 8639505.982, 93
Trd, 8639506.782, 78
Trd, 8639508.032, 94
Trd, 8639509.532, 95
Trd, 8639510.082, 88
Trd, 8639511.232, 120
Trd, 8639511.832, 121
Trd, 8639513.382, 113
Trd, 8639515.032, 96
Trd, 8639515.882, 95
Trd, 8639516.432, 124
Trd, 8639517.182, 80
Trd, 8639517.732, 97
Trd, 8639519.082, 122
Trd, 8639519.732, 121
Trd, 8639521.382, 97
Trd, 8639522.632, 121
Trd, 8639523.032, 83
Trd, 8639525.332, 122
Trd, 8639525.382, 113
Trd, 8639525.982, 106
Trd, 8639527.882, 83
Trd, 8639528.932, 82
Trd, 8639530.032, 87
Trd, 8639531.082, 87
Trd, 8639531.782, 96
Trd, 8639531.832, 102
Trd, 8639532.532, 78
Trd, 8639533.332, 89
Trd, 8639533.682, 103
Trd, 8639535.832, 85
Trd, 8639536.932, 88
Trd, 8639538.232, 89
Trd, 8639538.782, 123
Trd, 8639539.032, 85
Trd, 8639540.582, 87
Trd, 8639541.782, 94
Trd, 8639542.982, 73
Trd, 8639543.232, 92
Trd, 8639544.432, 104
Trd, 8639545.032, 75
Trd, 8639546.082, 113
Trd, 8639547.182, 79
Trd, 8639548.132, 95
Trd, 8639548.732, 82
Trd, 8639550.332, 96
Trd, 8639551.932, 90
Trd, 8639552.182, 90
Trd, 8639552.432, 102
Trd, 8639552.882, 89
Trd, 8639553.432, 104
Trd, 8639553.932, 77
Trd, 8639556.182, 110
Trd, 8639557.432, 88
Trd, 8639557.832, 96
Trd, 8639558.682, 99
Trd, 8639560.532, 119
Trd, 8639561.182, 120
Trd, 8639563.082, 122
Trd, 8639563.182, 124
Trd, 8639563.382, 121
Trd, 8639565.982, 113
Trd, 8639566.832, 105
Trd, 8639567.932, 104
Trd, 8639568.382, 87
Trd, 8639568.882, 68
Trd, 8639571.582, 117
Trd, 8639571.732, 121
Trd, 8639572.232, 113
Trd, 8639573.482, 115
Trd, 8639573.582, 130
Trd, 8639574.182, 104
Trd, 8639575.732, 120
Trd, 8639576.182, 96
Trd, 8639577.532, 123
Trd, 8639577.582, 113
Trd, 8639579.582, 117
Trd, 8639579.782, 86
Trd, 8639582.182, 81
Trd, 8639582.632, 86
Trd, 8639582.982, 97
Trd, 8639584.332, 104
Trd, 8639585.182, 93
Trd, 8639585.532, 95
Trd, 8639586.382, 113
Trd, 8639587.082, 94
Trd, 8639589.782, 97
Trd, 8639590.332, 98
Trd, 8639590.632, 104
Trd, 8639591.732, 98
Trd, 8639592.532, 95
Trd, 8639592.832, 88
Trd, 8639594.182, 95
Trd, 8639594.582, 104
Trd, 8639596.232, 87
Trd, 8639596.382, 86
Trd, 8639597.982, 84
Trd, 8639598.532, 83
Trd, 8639600.082, 78
Trd, 8639600.332, 91
Trd, 8639601.632, 89
Trd, 8639603.032, 98
Trd, 8639603.432, 88
Trd, 8639606.982, 87
Trd, 8639607.182, 86
Trd, 8639608.532, 86
Trd, 8639609.432, 97
Trd, 8639610.882, 88
Trd, 8639611.382, 79
Trd, 8639612.232, 80
Trd, 8639614.432, 87
Trd, 8639614.982, 88
Trd, 8639615.282, 91
Trd, 8639616.282, 78
Trd, 8639616.432, 106
Trd, 8639618.882, 104
Trd, 8639619.682, 100
Trd, 8639619.882, 113
Trd, 8639620.482, 88
Trd, 8639621.232, 86
Trd, 8639623.132, 74
Trd, 8639624.332, 82
Trd, 8639626.182, 94
Trd, 8639627.532, 104
Trd, 8639627.682, 130
Trd, 8639629.032, 122
Trd, 8639629.732, 94
Trd, 8639630.132, 94
Trd, 8639631.832, 96
Trd, 8639631.882, 92
Trd, 8639633.032, 87
Trd, 8639633.082, 97
Trd, 8639635.232, 89
Trd, 8639635.932, 117
Trd, 8639636.932, 91
Trd, 8639640.332, 122
Trd, 8639640.382, 112
Trd, 8639640.882, 104
Trd, 8639641.832, 122
Trd, 8639643.282, 122
Trd, 8639643.382, 122
Trd, 8639645.332, 131
Trd, 8639646.132, 122
Trd, 8639646.782, 77
Trd, 8639646.832, 97
Trd, 8639650.082, 88
Trd, 8639650.982, 102
Trd, 8639651.682, 89
Trd, 8639652.132, 87
Trd, 8639652.482, 96
Trd, 8639652.832, 104
Trd, 8639656.082, 89
Trd, 8639656.232, 118
Trd, 8639657.032, 92
Trd, 8639658.332, 113
Trd, 8639658.732, 86
Trd, 8639659.682, 120
Trd, 8639660.032, 77
Trd, 8639660.882, 120
Trd, 8639662.332, 122
Trd, 8639663.532, 123
Trd, 8639664.082, 122
Trd, 8639664.232, 95
Trd, 8639665.032, 96
Trd, 8639667.032, 92
Trd, 8639668.182, 92
Trd, 8639669.882, 86
Trd, 8639671.632, 84
Trd, 8639671.832, 96
Trd, 8639672.382, 108
Trd, 8639672.882, 85
Trd, 8639674.982, 113
Trd, 8639675.232, 113
Trd, 8639676.082, 113
Trd, 8639676.332, 97
Trd, 8639678.582, 113
Trd, 8639678.782, 116
Trd, 8639679.632, 95
Trd, 8639681.982, 83
Trd, 8639682.032, 95
Trd, 8639682.132, 112
Trd, 8639684.032, 84
Trd, 8639685.282, 77
Trd, 8639687.082, 87
Trd, 8639688.032, 107
Trd, 8639689.382, 81
Trd, 8639689.782, 114
Trd, 8639690.932, 119
Trd, 8639691.032, 112
Trd, 8639693.132, 82
Trd, 8639693.532, 92
Trd, 8639693.882, 97
Trd, 8639694.532, 104
Trd, 8639695.582, 88
Trd, 8639697.332, 131
Trd, 8639697.432, 87
Trd, 8639698.532, 91
Trd, 8639699.382, 88
Trd, 8639699.682, 121
Trd, 8639702.732, 100
Trd, 8639704.582, 94
Trd, 8639705.032, 95
Trd, 8639705.282, 96
Trd, 8639706.182, 104
Trd, 8639706.232, 96
Trd, 8639706.532, 95
Trd, 8639707.632, 113
Trd, 8639708.882, 89
Trd, 8639709.982, 87
Trd, 8639710.482, 86
Trd, 8639712.232, 130
Trd, 8639714.032, 121
Trd, 8639716.332, 116
Trd, 8639716.932, 113
Trd, 8639717.282, 95
Trd, 8639717.682, 87
Trd, 8639718.532, 129
Trd, 8639719.582, 95
Trd, 8639721.932, 114
Trd, 8639723.782, 113
Trd, 8639724.282, 118
Trd, 8639725.032, 97
Trd, 8639725.682, 104
Trd, 8639726.982, 118
Trd, 8639728.382, 88
Trd, 8639729.682, 114
Trd, 8639729.782, 113
Trd, 8639730.482, 86
Trd, 8639733.132, 85
Trd, 8639733.482, 121
Trd, 8639733.582, 123
Trd, 8639734.532, 98
Trd, 8639735.982, 95
Trd, 8639736.332, 93
Trd, 8639737.582, 95
Trd, 8639738.782, 86
Trd, 8639738.882, 115
Trd, 8639742.032, 88
Trd, 8639742.832, 96
Trd, 8639743.132, 102
Trd, 8639743.382, 91
Trd, 8639743.982, 104
Trd, 8639744.432, 85
Trd, 8639747.232, 95
Trd, 8639747.832, 96
Trd, 8639747.932, 98
Trd, 8639748.282, 94
Trd, 8639748.732, 104
Trd, 8639748.982, 93
Trd, 8639751.082, 119
Trd, 8639752.432, 119
Trd, 8639752.832, 91
Trd, 8639753.732, 113
Trd, 8639754.282, 89
Trd, 8639754.632, 86
Trd, 8639755.432, 80
Trd, 8639755.882, 112
Trd, 8639757.032, 113
Trd, 8639759.332, 104
Trd, 8639759.782, 120
Trd, 8639761.082, 97
Trd, 8639764.132, 83
Trd, 8639764.332, 82
Trd, 8639764.632, 90
Trd, 8639765.932, 104
Trd, 8639766.382, 126
Trd, 8639766.882, 87
Trd, 8639767.032, 91
Trd, 8639769.532, 96
Trd, 8639770.032, 91
Trd, 8639772.382, 88
Trd, 8639772.882, 89
Trd, 8639772.932, 88
Trd, 8639773.082, 93
Trd, 8639773.232, 96
Trd, 8639774.532, 104
Trd, 8639775.182, 130
Trd, 8639776.332, 81
Trd, 8639777.532, 91
Trd, 8639778.032, 81
Trd, 8639779.432, 96
Trd, 8639779.632, 104
Trd, 8639780.882, 80
Trd, 8639781.932, 86
Trd, 8639783.782, 97
Trd, 8639786.032, 93
Trd, 8639786.632, 91
Trd, 8639786.882, 90
Trd, 8639788.032, 97
Trd, 8639788.582, 102
Trd, 8639788.882, 104
Trd, 8639789.632, 88
Trd, 8639792.082, 91
Trd, 8639792.132, 86
Trd, 8639793.032, 91
Trd, 8639794.232, 81
Trd, 8639795.182, 96
Trd, 8639795.832, 84
Trd, 8639796.232, 104
Trd, 8639798.632, 87
Trd, 8639799.232, 96
Trd, 8639799.482, 86
Trd, 8639799.832, 87
Trd, 8639801.332, 118
Trd, 8639802.932, 95
Trd, 8639803.082, 89
Trd, 8639804.782, 87
Trd, 8639806.182, 95
Trd, 8639806.232, 96
Trd, 8639807.582, 100
Trd, 8639808.082, 87
Trd, 8639809.682, 88
Trd, 8639811.682, 109
Trd, 8639812.582, 120
Trd, 8639814.032, 96
Trd, 8639814.632, 89
Trd, 8639815.032, 104
Trd, 8639816.532, 95
Trd, 8639817.832, 122
Trd, 8639818.482, 87
Trd, 8639820.582, 101
Trd, 8639821.482, 111
Trd, 8639822.282, 113
Trd, 8639824.382, 123
Trd, 8639825.082, 123
Trd, 8639825.832, 121
Trd, 8639825.882, 124
Trd, 8639826.882, 96
Trd, 8639827.982, 121
Trd, 8639828.332, 111
Trd, 8639830.582, 97
Trd, 8639830.832, 95
Trd, 8639831.182, 117
Trd, 8639832.782, 112
Trd, 8639833.582, 95
Trd, 8639834.482, 97
Trd, 8639836.582, 131
Trd, 8639837.032, 122
Trd, 8639837.382, 121
Trd, 8639837.882, 112
Trd, 8639840.682, 89
Trd, 8639840.732, 95
Trd, 8639841.632, 88
Trd, 8639842.782, 88
Trd, 8639843.582, 100
Trd, 8639844.982, 104
Trd, 8639847.732, 87
Trd, 8639848.082, 83
Trd, 8639849.032, 102
Trd, 8639849.482, 104
Trd, 8639850.432, 100
Trd, 8639851.282, 86
Trd, 8639851.582, 112
Trd, 8639851.632, 95
Trd, 8639853.632, 86
Trd, 8639853.782, 121
Trd, 8639855.932, 97
Trd, 8639856.032, 122
Trd, 8639857.732, 87
Trd, 8639858.832, 88
Trd, 8639859.932, 89
Trd, 8639860.632, 122
Trd, 8639861.082, 121
Trd, 8639862.582, 115
Trd, 8639862.682, 112
Trd, 8639863.282, 120
Trd, 8639865.532, 104
Trd, 8639866.082, 118
Trd, 8639866.382, 119
Trd, 8639867.782, 68
Trd, 8639869.782, 98
Trd, 8639871.682, 99
Trd, 8639872.732, 77
Trd, 8639872.882, 71
Trd, 8639873.932, 78
Trd, 8639876.282, 94
Trd, 8639876.532, 88
Trd, 8639877.682, 89
Trd, 8639877.932, 104
Trd, 8639878.482, 121
Trd, 8639879.432, 88
Trd, 8639880.132, 109
Trd, 8639880.982, 122
Trd, 8639881.782, 98
Trd, 8639882.632, 94
Trd, 8639884.982, 87
Trd, 8639887.032, 88
Trd, 8639887.432, 96
Trd, 8639887.682, 89
Trd, 8639887.832, 88
Trd, 8639889.532, 100
Trd, 8639891.332, 122
Trd, 8639891.982, 89
Trd, 8639893.982, 113
Trd, 8639894.632, 104
Trd, 8639894.732, 120
Trd, 8639895.182, 96
Trd, 8639895.232, 95
Trd, 8639896.032, 117
Trd, 8639896.232, 120
Trd, 8639896.632, 86
Trd, 8639898.432, 81
Trd, 8639899.032, 95
Trd, 8639900.082, 93
Trd, 8639900.782, 85
Trd, 8639903.332, 117
Trd, 8639904.382, 112
Trd, 8639904.732, 123
Trd, 8639905.282, 122
Trd, 8639906.182, 104
Trd, 8639906.832, 129
Trd, 8639907.482, 89
Trd, 8639909.432, 120
Trd, 8639909.882, 89
Trd, 8639910.682, 88
Trd, 8639911.932, 99
Trd, 8639912.032, 104
Trd, 8639913.332, 85
Trd, 8639915.232, 101
Trd, 8639915.582, 89
Trd, 8639917.332, 96
Trd, 8639917.582, 95
Trd, 8639919.582, 95
Trd, 8639921.182, 117
Trd, 8639921.382, 118
Trd, 8639922.082, 86
Trd, 8639922.832, 77
Trd, 8639922.882, 86
Trd, 8639926.282, 89
Trd, 8639927.882, 87
Trd, 8639928.682, 96
Trd, 8639928.882, 87
Trd, 8639929.332, 87
Trd, 8639930.232, 103
Trd, 8639930.382, 104
Trd, 8639932.382, 130
Trd, 8639932.432, 104
Trd, 8639935.032, 113
Trd, 8639936.232, 108
Trd, 8639936.932, 118
Trd, 8639937.682, 117
Trd, 8639937.732, 104
Trd, 8639938.932, 87
Trd, 8639939.632, 87
Trd, 8639940.132, 97
Trd, 8639941.132, 122
Trd, 8639942.132, 94
Trd, 8639942.582, 93
Trd, 8639945.482, 111
Trd, 8639945.582, 114
Trd, 8639945.632, 115
Trd, 8639946.982, 100
Trd, 8639947.882, 86
Trd, 8639948.882, 121
Trd, 8639949.282, 122
Trd, 8639950.782, 105
Trd, 8639951.682, 113
Trd, 8639952.782, 97
Trd, 8639953.882, 110
Trd, 8639954.582, 96
Trd, 8639955.582, 95
Trd, 8639955.732, 120
Trd, 8639957.132, 79
Trd, 8639958.632, 82
Trd, 8639959.582, 85
Trd, 8639960.082, 87
Trd, 8639962.682, 95
Trd, 8639963.332, 100
Trd, 8639964.382, 86
Trd, 8639964.632, 104
Trd, 8639965.682, 88
Trd, 8639967.382, 113
Trd, 8639967.882, 90
Trd, 8639968.482, 87
Trd, 8639968.582, 90
Trd, 8639969.132, 88
Trd, 8639970.782, 93
Trd, 8639971.032, 88
Trd, 8639972.582, 107
Trd, 8639972.782, 93
Trd, 8639972.982, 108
Trd, 8639973.832, 86
Trd, 8639974.632, 131
Trd, 8639977.132, 95
Trd, 8639977.932, 86
Trd, 8639978.282, 98
Trd, 8639978.432, 85
Trd, 8639980.982, 113
Trd, 8639981.932, 96
Trd, 8639983.482, 98
Trd, 8639984.782, 112
Trd, 8639985.582, 88
Trd, 8639985.682, 113
Trd, 8639986.582, 86
Trd, 8639987.582, 79
Trd, 8639989.182, 113
Trd, 8639989.532, 121
Trd, 8639990.282, 104
Trd, 8639991.432, 95
Trd, 8639991.732, 124
Trd, 8639992.232, 81
Trd, 8639992.532, 86
Trd, 8639996.032, 113
Trd, 8639996.082, 104
Trd, 8639998.032, 98
Trd, 8639998.132, 96
Trd, 8639998.632, 113
Trd, 8639999.982, 86
