Trd, 8638025.082, 87
Trd, 8638025.482, 99
Trd, 8638026.332, 87
Trd, 8638027.282, 102
Trd, 8638029.582, 104
Trd, 8638030.282, 88
Trd, 8638031.182, 103
Trd, 8638031.732, 88
Trd, 8638032.132, 112
Trd, 8638032.482, 122
Trd, 8638034.582, 93
Trd, 8638034.632, 90
Trd, 8638035.232, 88
Trd, 8638036.882, 105
Trd, 8638037.932, 86
Trd, 8638038.132, 101
Trd, 8638040.232, 87
Trd, 8638041.482, 86
Trd, 8638041.732, 96
Trd, 8638042.682, 99
Trd, 8638042.782, 83
Trd, 8638044.982, 87
Trd, 8638045.332, 104
Trd, 8638046.032, 95
Trd, 8638046.332, 109
Trd, 8638046.382, 105
Trd, 8638046.832, 86
Trd, 8638047.632, 95
Trd, 8638048.332, 101
Trd, 8638048.432, 73
Trd, 8638049.682, 122
Trd, 8638050.532, 72
Trd, 8638053.982, 105
Trd, 8638054.982, 89
Trd, 8638055.432, 88
Trd, 8638057.232, 100
Trd, 8638057.532, 109
Trd, 8638058.232, 86
Trd, 8638061.932, 71
Trd, 8638062.282, 74
Trd, 8638062.482, 86
Trd, 8638064.182, 77
Trd, 8638064.432, 72
Trd, 8638064.932, 98
Trd, 8638065.532, 70
Trd, 8638067.632, 77
Trd, 8638068.132, 102
Trd, 8638069.032, 112
Trd, 8638069.182, 129
Trd, 8638069.732, 86
Trd, 8638070.332, 90
Trd, 8638073.432, 92
Trd, 8638073.582, 105
Trd, 8638073.832, 87
Trd, 8638073.882, 85
Trd, 8638074.282, 96
Trd, 8638074.382, 84
Trd, 8638075.032, 75
Trd, 8638076.882, 105
Trd, 8638079.132, 71
Trd, 8638079.882, 84
Trd, 8638080.732, 121
Trd, 8638081.082, 113
Trd, 8638082.132, 119
Trd, 8638082.682, 90
Trd, 8638082.882, 85
Trd, 8638085.032, 84
Trd, 8638085.682, 95
Trd, 8638087.332, 88
Trd, 8638087.482, 105
Trd, 8638088.232, 88
Trd, 8638088.332, 113
Trd, 8638089.432, 86
Trd, 8638089.582, 110
Trd, 8638091.432, 86
Trd, 8638092.832, 94
Trd, 8638092.982, 96
Trd, 8638093.482, 80
Trd, 8638096.132, 77
Trd, 8638096.382, 80
Trd, 8638096.432, 86
Trd, 8638098.532, 71
Trd, 8638099.232, 95
Trd, 8638099.432, 106
Trd, 8638101.382, 77
Trd, 8638104.482, 73
Trd, 8638104.932, 86
Trd, 8638105.332, 106
Trd, 8638106.532, 78
Trd, 8638107.932, 78
Trd, 8638108.882, 80
Trd, 8638109.632, 86
Trd, 8638110.182, 95
Trd, 8638110.882, 95
Trd, 8638111.632, 83
Trd, 8638111.682, 107
Trd, 8638113.132, 86
Trd, 8638115.082, 110
Trd, 8638115.582, 85
Trd, 8638117.082, 85
Trd, 8638117.382, 105
Trd, 8638117.882, 106
Trd, 8638119.932, 117
Trd, 8638120.032, 113
Trd, 8638120.982, 104
Trd, 8638122.782, 123
Trd, 8638123.482, 113
Trd, 8638123.532, 96
Trd, 8638124.282, 95
Trd, 8638126.282, 96
Trd, 8638126.482, 95
Trd, 8638126.582, 126
Trd, 8638128.032, 104
Trd, 8638128.882, 108
Trd, 8638128.982, 87
Trd, 8638129.082, 86
Trd, 8638129.232, 83
Trd, 8638132.182, 83
Trd, 8638133.582, 81
Trd, 8638133.932, 93
Trd, 8638134.682, 75
Trd, 8638135.432, 96
Trd, 8638138.282, 83
Trd, 8638139.682, 74
Trd, 8638139.882, 72
Trd, 8638140.132, 103
Trd, 8638141.932, 95
Trd, 8638142.182, 107
Trd, 8638143.532, 88
Trd, 8638144.932, 113
Trd, 8638145.932, 90
Trd, 8638146.482, 101
Trd, 8638148.332, 121
Trd, 8638149.282, 90
Trd, 8638149.532, 87
Trd, 8638153.282, 87
Trd, 8638153.532, 99
Trd, 8638153.732, 101
Trd, 8638154.082, 87
Trd, 8638154.182, 75
Trd, 8638154.232, 105
Trd, 8638154.282, 117
Trd, 8638155.732, 103
Trd, 8638158.032, 91
Trd, 8638159.132, 88
Trd, 8638159.932, 105
Trd, 8638161.982, 133
Trd, 8638162.582, 90
Trd, 8638162.632, 104
Trd, 8638162.782, 86
Trd, 8638164.382, 95
Trd, 8638166.332, 86
Trd, 8638166.382, 86
Trd, 8638167.682, 98
Trd, 8638168.132, 99
Trd, 8638168.182, 81
Trd, 8638168.282, 104
Trd, 8638168.732, 112
Trd, 8638170.432, 77
Trd, 8638171.082, 76
Trd, 8638171.932, 70
Trd, 8638172.982, 96
Trd, 8638174.432, 70
Trd, 8638176.982, 95
Trd, 8638177.032, 73
Trd, 8638177.682, 77
Trd, 8638177.782, 109
Trd, 8638178.982, 114
Trd, 8638179.632, 99
Trd, 8638180.532, 88
Trd, 8638183.982, 86
Trd, 8638184.082, 95
Trd, 8638185.282, 87
Trd, 8638185.582, 86
Trd, 8638185.932, 104
Trd, 8638186.382, 79
Trd, 8638188.882, 110
Trd, 8638190.232, 111
Trd, 8638191.582, 72
Trd, 8638193.532, 104
Trd, 8638193.632, 72
Trd, 8638193.882, 79
Trd, 8638194.082, 68
Trd, 8638195.732, 106
Trd, 8638197.082, 111
Trd, 8638197.932, 114
Trd, 8638199.282, 84
Trd, 8638199.682, 79
Trd, 8638202.332, 86
Trd, 8638202.482, 84
Trd, 8638203.732, 86
Trd, 8638203.782, 84
Trd, 8638204.182, 100
Trd, 8638205.732, 104
Trd, 8638205.982, 85
Trd, 8638208.582, 80
Trd, 8638208.632, 86
Trd, 8638209.032, 105
Trd, 8638210.132, 108
Trd, 8638210.982, 121
Trd, 8638211.432, 85
Trd, 8638212.082, 122
Trd, 8638213.532, 85
Trd, 8638214.932, 97
Trd, 8638215.232, 98
Trd, 8638215.332, 114
Trd, 8638217.882, 90
Trd, 8638217.982, 86
Trd, 8638218.482, 103
Trd, 8638219.432, 87
Trd, 8638219.682, 105
Trd, 8638221.282, 85
Trd, 8638222.782, 94
Trd, 8638223.882, 88
Trd, 8638223.982, 112
Trd, 8638224.982, 87
Trd, 8638225.932, 97
Trd, 8638226.082, 86
Trd, 8638227.132, 104
Trd, 8638228.582, 107
Trd, 8638229.382, 113
Trd, 8638229.932, 73
Trd, 8638231.582, 87
Trd, 8638232.582, 113
Trd, 8638233.482, 86
Trd, 8638234.382, 122
Trd, 8638235.882, 120
Trd, 8638235.982, 113
Trd, 8638237.632, 113
Trd, 8638238.382, 96
Trd, 8638238.432, 95
Trd, 8638239.382, 104
Trd, 8638241.382, 68
Trd, 8638242.332, 94
Trd, 8638242.732, 97
Trd, 8638243.832, 88
Trd, 8638244.432, 89
Trd, 8638246.532, 109
Trd, 8638247.282, 87
Trd, 8638247.932, 99
Trd, 8638248.432, 85
Trd, 8638248.882, 80
Trd, 8638249.082, 108
Trd, 8638250.482, 113
Trd, 8638250.582, 75
Trd, 8638250.882, 112
Trd, 8638251.182, 104
Trd, 8638251.382, 68
Trd, 8638251.982, 86
Trd, 8638257.932, 80
Trd, 8638258.532, 104
Trd, 8638259.482, 74
Trd, 8638260.182, 72
Trd, 8638260.732, 99
Trd, 8638261.332, 80
Trd, 8638261.632, 79
Trd, 8638263.532, 98
Trd, 8638264.282, 108
Trd, 8638265.482, 113
Trd, 8638265.632, 110
Trd, 8638265.682, 104
Trd, 8638267.232, 87
Trd, 8638267.632, 86
Trd, 8638267.732, 74
Trd, 8638268.082, 122
Trd, 8638269.032, 140
Trd, 8638271.632, 121
Trd, 8638271.782, 113
Trd, 8638273.932, 104
Trd, 8638274.382, 106
Trd, 8638275.632, 95
Trd, 8638277.782, 108
Trd, 8638278.132, 109
Trd, 8638278.232, 102
Trd, 8638279.132, 95
Trd, 8638280.632, 83
Trd, 8638282.132, 121
Trd, 8638282.932, 68
Trd, 8638284.832, 94
Trd, 8638285.032, 88
Trd, 8638285.182, 96
Trd, 8638285.932, 85
Trd, 8638287.232, 125
Trd, 8638289.182, 100
Trd, 8638289.332, 101
Trd, 8638289.532, 80
Trd, 8638289.882, 78
Trd, 8638291.132, 106
Trd, 8638292.332, 97
Trd, 8638292.732, 74
Trd, 8638293.632, 95
Trd, 8638294.432, 74
Trd, 8638294.632, 121
Trd, 8638294.982, 85
Trd, 8638296.982, 69
Trd, 8638297.132, 116
Trd, 8638297.732, 96
Trd, 8638299.882, 88
Trd, 8638301.182, 91
Trd, 8638302.032, 89
Trd, 8638302.882, 111
Trd, 8638303.432, 97
Trd, 8638304.282, 98
Trd, 8638306.682, 95
Trd, 8638307.332, 99
Trd, 8638307.432, 103
Trd, 8638307.782, 96
Trd, 8638309.432, 85
Trd, 8638310.032, 103
Trd, 8638310.182, 79
Trd, 8638310.382, 75
Trd, 8638310.432, 105
Trd, 8638311.432, 78
Trd, 8638313.732, 111
Trd, 8638314.582, 113
Trd, 8638315.382, 118
Trd, 8638316.382, 98
Trd, 8638317.332, 103
Trd, 8638317.532, 88
Trd, 8638318.782, 100
Trd, 8638320.132, 114
Trd, 8638320.582, 90
Trd, 8638320.682, 86
Trd, 8638321.232, 118
Trd, 8638322.182, 113
Trd, 8638326.032, 94
Trd, 8638326.282, 94
Trd, 8638326.482, 95
Trd, 8638326.632, 91
Trd, 8638328.882, 89
Trd, 8638329.632, 86
Trd, 8638329.882, 105
Trd, 8638330.582, 113
Trd, 8638330.682, 78
Trd, 8638330.832, 117
Trd, 8638332.532, 87
Trd, 8638333.932, 101
Trd, 8638334.182, 112
Trd, 8638337.032, 99
Trd, 8638337.182, 93
Trd, 8638337.232, 123
Trd, 8638337.382, 88
Trd, 8638338.032, 85
Trd, 8638339.232, 105
Trd, 8638340.432, 106
Trd, 8638342.582, 97
Trd, 8638343.532, 96
Trd, 8638343.782, 111
Trd, 8638343.832, 113
Trd, 8638344.282, 86
Trd, 8638346.232, 78
Trd, 8638349.032, 89
Trd, 8638349.332, 91
Trd, 8638349.532, 100
Trd, 8638350.032, 89
Trd, 8638351.332, 111
Trd, 8638352.432, 121
Trd, 8638352.582, 87
Trd, 8638354.482, 93
Trd, 8638354.582, 92
Trd, 8638355.182, 113
Trd, 8638356.732, 95
Trd, 8638357.132, 87
Trd, 8638358.482, 105
Trd, 8638359.832, 118
Trd, 8638360.032, 82
Trd, 8638361.532, 89
Trd, 8638361.732, 116
Trd, 8638362.532, 120
Trd, 8638363.032, 87
Trd, 8638364.832, 111
Trd, 8638365.532, 123
Trd, 8638366.082, 121
Trd, 8638366.582, 102
Trd, 8638367.332, 95
Trd, 8638370.732, 88
Trd, 8638371.082, 86
Trd, 8638371.982, 78
Trd, 8638372.132, 86
Trd, 8638373.432, 74
Trd, 8638373.482, 79
Trd, 8638374.482, 96
Trd, 8638376.482, 101
Trd, 8638376.882, 100
Trd, 8638377.182, 110
Trd, 8638378.682, 98
Trd, 8638379.532, 113
Trd, 8638380.432, 122
Trd, 8638380.882, 95
Trd, 8638383.082, 88
Trd, 8638383.232, 104
Trd, 8638384.182, 86
Trd, 8638384.482, 101
Trd, 8638384.732, 123
Trd, 8638385.032, 76
Trd, 8638387.132, 81
Trd, 8638387.732, 122
Trd, 8638388.782, 76
Trd, 8638389.382, 103
Trd, 8638390.182, 74
Trd, 8638393.632, 86
Trd, 8638394.332, 91
Trd, 8638396.232, 78
Trd, 8638396.482, 96
Trd, 8638396.832, 86
Trd, 8638397.182, 115
Trd, 8638398.682, 112
Trd, 8638399.982, 113
Trd, 8638400.232, 104
Trd, 8638400.282, 95
Trd, 8638401.182, 113
Trd, 8638402.582, 87
Trd, 8638404.432, 88
Trd, 8638404.732, 99
Trd, 8638405.632, 86
Trd, 8638406.532, 108
Trd, 8638406.882, 78
Trd, 8638407.082, 113
Trd, 8638408.082, 64
Trd, 8638408.932, 112
Trd, 8638410.132, 72
Trd, 8638412.032, 94
Trd, 8638413.382, 69
Trd, 8638415.032, 72
Trd, 8638415.482, 95
Trd, 8638416.482, 115
Trd, 8638416.682, 87
Trd, 8638417.132, 86
Trd, 8638417.832, 79
Trd, 8638419.132, 95
Trd, 8638419.982, 103
Trd, 8638420.682, 90
Trd, 8638421.782, 104
Trd, 8638422.682, 120
Trd, 8638422.832, 87
Trd, 8638423.482, 85
Trd, 8638424.132, 122
Trd, 8638427.882, 95
Trd, 8638428.032, 105
Trd, 8638428.582, 112
Trd, 8638429.732, 77
Trd, 8638432.882, 91
Trd, 8638433.332, 89
Trd, 8638434.182, 86
Trd, 8638435.582, 75
Trd, 8638436.632, 98
Trd, 8638438.282, 106
Trd, 8638439.082, 85
Trd, 8638439.682, 110
Trd, 8638440.032, 99
Trd, 8638440.532, 113
Trd, 8638441.732, 113
Trd, 8638443.332, 104
Trd, 8638443.782, 98
Trd, 8638444.432, 95
Trd, 8638444.782, 119
Trd, 8638446.482, 96
Trd, 8638446.582, 86
Trd, 8638446.982, 81
Trd, 8638448.082, 95
Trd, 8638448.682, 77
Trd, 8638449.882, 103
Trd, 8638450.532, 95
Trd, 8638452.582, 83
Trd, 8638454.482, 95
Trd, 8638455.982, 104
Trd, 8638456.282, 85
Trd, 8638456.782, 84
Trd, 8638457.682, 107
Trd, 8638457.882, 120
Trd, 8638458.582, 84
Trd, 8638459.232, 121
Trd, 8638461.132, 104
Trd, 8638461.432, 95
Trd, 8638461.932, 81
Trd, 8638463.832, 112
Trd, 8638464.032, 113
Trd, 8638465.032, 88
Trd, 8638465.332, 103
Trd, 8638466.032, 89
Trd, 8638466.332, 86
Trd, 8638467.332, 80
Trd, 8638467.382, 75
Trd, 8638469.232, 83
Trd, 8638469.482, 100
Trd, 8638471.182, 95
Trd, 8638472.632, 87
Trd, 8638472.732, 116
Trd, 8638474.932, 86
Trd, 8638475.932, 94
Trd, 8638477.582, 89
Trd, 8638478.832, 92
Trd, 8638478.932, 96
Trd, 8638479.482, 86
Trd, 8638481.032, 79
Trd, 8638481.282, 97
Trd, 8638483.332, 105
Trd, 8638483.732, 113
Trd, 8638484.232, 122
Trd, 8638484.332, 93
Trd, 8638485.882, 84
Trd, 8638487.682, 112
Trd, 8638488.432, 89
Trd, 8638489.882, 86
Trd, 8638489.932, 75
Trd, 8638491.582, 97
Trd, 8638491.832, 99
Trd, 8638492.832, 70
Trd, 8638493.332, 111
Trd, 8638493.832, 118
Trd, 8638494.132, 75
Trd, 8638497.082, 77
Trd, 8638498.132, 86
Trd, 8638498.482, 87
Trd, 8638499.882, 93
Trd, 8638500.582, 84
Trd, 8638501.982, 94
Trd, 8638502.832, 96
Trd, 8638504.782, 110
Trd, 8638504.832, 86
Trd, 8638505.932, 113
Trd, 8638506.782, 104
Trd, 8638506.882, 105
Trd, 8638508.982, 96
Trd, 8638510.382, 85
Trd, 8638510.682, 78
Trd, 8638511.332, 103
Trd, 8638511.982, 79
Trd, 8638513.332, 79
Trd, 8638513.482, 75
Trd, 8638517.132, 92
Trd, 8638517.982, 101
Trd, 8638518.132, 92
Trd, 8638519.882, 92
Trd, 8638520.132, 115
Trd, 8638520.182, 113
Trd, 8638522.782, 110
Trd, 8638523.182, 101
Trd, 8638523.382, 91
Trd, 8638525.182, 77
Trd, 8638526.382, 86
Trd, 8638527.332, 98
Trd, 8638527.782, 72
Trd, 8638528.032, 109
Trd, 8638529.232, 112
Trd, 8638529.282, 114
Trd, 8638531.432, 86
Trd, 8638532.082, 87
Trd, 8638532.932, 81
Trd, 8638533.432, 80
Trd, 8638534.932, 106
Trd, 8638536.582, 97
Trd, 8638536.932, 109
Trd, 8638537.382, 100
Trd, 8638538.282, 96
Trd, 8638538.532, 121
Trd, 8638540.582, 87
Trd, 8638541.382, 120
Trd, 8638541.532, 113
Trd, 8638541.832, 86
Trd, 8638543.382, 82
Trd, 8638543.782, 75
Trd, 8638545.382, 70
Trd, 8638545.432, 123
Trd, 8638546.132, 115
Trd, 8638548.582, 93
Trd, 8638549.532, 95
Trd, 8638549.582, 96
Trd, 8638550.532, 89
Trd, 8638551.282, 105
Trd, 8638552.532, 88
Trd, 8638554.232, 100
Trd, 8638554.882, 104
Trd, 8638555.482, 113
Trd, 8638556.232, 87
Trd, 8638557.632, 87
Trd, 8638558.132, 118
Trd, 8638559.082, 86
Trd, 8638559.882, 122
Trd, 8638560.432, 86
Trd, 8638561.082, 113
Trd, 8638561.332, 104
Trd, 8638564.532, 104
Trd, 8638565.432, 92
Trd, 8638565.732, 97
Trd, 8638565.932, 89
Trd, 8638566.532, 105
Trd, 8638567.532, 100
Trd, 8638567.982, 86
Trd, 8638568.382, 113
Trd, 8638569.632, 98
Trd, 8638571.732, 86
Trd, 8638571.832, 107
Trd, 8638572.182, 75
Trd, 8638573.682, 68
Trd, 8638574.582, 74
Trd, 8638575.982, 77
Trd, 8638578.182, 98
Trd, 8638580.182, 92
Trd, 8638580.432, 99
Trd, 8638581.532, 97
Trd, 8638581.882, 93
Trd, 8638582.282, 86
Trd, 8638584.182, 102
Trd, 8638584.582, 74
Trd, 8638585.932, 118
Trd, 8638587.282, 86
Trd, 8638587.982, 96
Trd, 8638588.182, 77
Trd, 8638589.532, 107
Trd, 8638590.082, 78
Trd, 8638591.332, 117
Trd, 8638592.882, 111
Trd, 8638594.232, 117
Trd, 8638594.732, 96
Trd, 8638595.132, 95
Trd, 8638597.582, 97
Trd, 8638598.332, 89
Trd, 8638599.632, 100
Trd, 8638599.832, 88
Trd, 8638600.882, 113
Trd, 8638602.632, 114
Trd, 8638602.782, 87
Trd, 8638604.332, 86
Trd, 8638605.582, 122
Trd, 8638606.732, 95
Trd, 8638607.882, 109
Trd, 8638608.382, 80
Trd, 8638609.782, 89
Trd, 8638610.082, 98
Trd, 8638611.782, 99
Trd, 8638611.882, 120
Trd, 8638612.082, 88
Trd, 8638613.982, 104
Trd, 8638615.732, 113
Trd, 8638615.832, 104
Trd, 8638616.232, 104
Trd, 8638617.482, 88
Trd, 8638618.532, 103
Trd, 8638619.732, 110
Trd, 8638622.632, 94
Trd, 8638622.882, 102
Trd, 8638624.632, 91
Trd, 8638624.682, 109
Trd, 8638624.782, 110
Trd, 8638625.082, 84
Trd, 8638626.182, 92
Trd, 8638627.432, 98
Trd, 8638628.882, 86
Trd, 8638629.032, 108
Trd, 8638629.682, 82
Trd, 8638629.932, 117
Trd, 8638630.382, 77
Trd, 8638631.932, 102
Trd, 8638634.432, 85
Trd, 8638635.032, 103
Trd, 8638636.532, 84
Trd, 8638637.832, 101
Trd, 8638637.932, 76
Trd, 8638638.382, 97
Trd, 8638641.832, 95
Trd, 8638642.182, 82
Trd, 8638642.382, 80
Trd, 8638643.332, 95
Trd, 8638643.932, 113
Trd, 8638644.832, 78
Trd, 8638647.032, 96
Trd, 8638647.832, 104
Trd, 8638648.482, 95
Trd, 8638648.682, 89
Trd, 8638650.682, 96
Trd, 8638651.482, 88
Trd, 8638651.732, 110
Trd, 8638651.882, 86
Trd, 8638652.432, 79
Trd, 8638653.532, 76
Trd, 8638655.982, 104
Trd, 8638656.582, 111
Trd, 8638656.932, 114
Trd, 8638657.332, 88
Trd, 8638657.632, 87
Trd, 8638659.432, 86
Trd, 8638660.232, 97
Trd, 8638660.982, 97
Trd, 8638661.032, 81
Trd, 8638662.482, 114
Trd, 8638663.882, 86
Trd, 8638664.382, 99
Trd, 8638666.232, 104
Trd, 8638667.032, 101
Trd, 8638668.182, 104
Trd, 8638669.432, 112
Trd, 8638669.532, 95
Trd, 8638671.932, 97
Trd, 8638671.982, 94
Trd, 8638672.032, 103
Trd, 8638673.532, 80
Trd, 8638674.082, 75
Trd, 8638676.382, 85
Trd, 8638677.182, 104
Trd, 8638677.382, 86
Trd, 8638678.182, 112
Trd, 8638678.682, 114
Trd, 8638679.682, 90
Trd, 8638680.382, 99
Trd, 8638681.732, 95
Trd, 8638682.082, 109
Trd, 8638682.982, 93
Trd, 8638683.132, 93
Trd, 8638684.232, 95
Trd, 8638684.682, 96
Trd, 8638685.532, 133
Trd, 8638686.132, 78
Trd, 8638686.832, 107
Trd, 8638687.182, 75
Trd, 8638689.232, 104
Trd, 8638689.732, 74
Trd, 8638690.482, 73
Trd, 8638691.432, 84
Trd, 8638692.132, 93
Trd, 8638692.832, 103
Trd, 8638694.282, 86
Trd, 8638696.032, 87
Trd, 8638696.782, 107
Trd, 8638697.832, 97
Trd, 8638697.982, 78
Trd, 8638698.332, 115
Trd, 8638699.482, 77
Trd, 8638699.682, 75
Trd, 8638700.082, 108
Trd, 8638701.082, 122
Trd, 8638701.782, 74
Trd, 8638703.032, 77
Trd, 8638706.282, 96
Trd, 8638706.532, 70
Trd, 8638707.432, 85
Trd, 8638707.982, 102
Trd, 8638709.082, 71
Trd, 8638710.532, 87
Trd, 8638711.182, 86
Trd, 8638711.532, 104
Trd, 8638712.332, 86
Trd, 8638712.682, 109
Trd, 8638712.732, 119
Trd, 8638715.432, 95
Trd, 8638716.982, 121
Trd, 8638717.132, 87
Trd, 8638718.682, 90
Trd, 8638718.782, 89
Trd, 8638718.882, 108
Trd, 8638719.432, 87
Trd, 8638719.732, 115
Trd, 8638721.532, 93
Trd, 8638722.282, 99
Trd, 8638723.332, 89
Trd, 8638724.582, 75
Trd, 8638725.182, 103
Trd, 8638725.832, 69
Trd, 8638727.182, 77
Trd, 8638728.782, 105
Trd, 8638729.082, 95
Trd, 8638729.832, 73
Trd, 8638729.882, 108
Trd, 8638731.732, 95
Trd, 8638732.482, 106
Trd, 8638734.582, 71
Trd, 8638735.282, 72
Trd, 8638736.482, 77
Trd, 8638737.982, 87
Trd, 8638738.532, 105
Trd, 8638738.832, 87
Trd, 8638739.182, 100
Trd, 8638740.532, 86
Trd, 8638741.532, 113
Trd, 8638741.832, 97
Trd, 8638743.082, 111
Trd, 8638743.532, 85
Trd, 8638743.682, 121
Trd, 8638745.232, 87
Trd, 8638745.582, 100
Trd, 8638746.032, 111
Trd, 8638746.332, 113
Trd, 8638748.832, 87
Trd, 8638751.332, 87
Trd, 8638751.732, 96
Trd, 8638752.682, 97
Trd, 8638752.932, 88
Trd, 8638753.682, 98
Trd, 8638754.582, 114
Trd, 8638754.632, 113
Trd, 8638756.532, 104
Trd, 8638756.632, 86
Trd, 8638757.832, 84
Trd, 8638759.132, 88
Trd, 8638759.232, 104
Trd, 8638760.332, 96
Trd, 8638760.782, 83
Trd, 8638761.482, 79
Trd, 8638761.832, 101
Trd, 8638763.132, 113
Trd, 8638765.082, 88
Trd, 8638765.832, 86
Trd, 8638766.032, 105
Trd, 8638766.532, 73
Trd, 8638767.982, 112
Trd, 8638768.782, 98
Trd, 8638769.782, 109
Trd, 8638769.932, 71
Trd, 8638769.982, 115
Trd, 8638772.282, 70
Trd, 8638772.582, 78
Trd, 8638773.832, 86
Trd, 8638774.532, 104
Trd, 8638776.082, 72
Trd, 8638776.782, 95
Trd, 8638777.932, 77
Trd, 8638778.532, 113
Trd, 8638779.232, 81
Trd, 8638779.632, 113
Trd, 8638780.232, 105
Trd, 8638780.682, 80
Trd, 8638782.082, 114
Trd, 8638782.282, 87
Trd, 8638782.732, 95
Trd, 8638783.532, 88
Trd, 8638784.932, 80
Trd, 8638788.082, 102
Trd, 8638788.182, 88
Trd, 8638790.032, 89
Trd, 8638790.632, 96
Trd, 8638790.982, 89
Trd, 8638791.482, 86
Trd, 8638792.132, 106
Trd, 8638793.432, 89
Trd, 8638794.132, 97
Trd, 8638795.682, 93
Trd, 8638797.532, 104
Trd, 8638799.082, 88
Trd, 8638799.482, 86
Trd, 8638799.732, 104
Trd, 8638800.382, 100
Trd, 8638800.482, 113
Trd, 8638800.532, 75
Trd, 8638801.432, 79
Trd, 8638802.632, 86
Trd, 8638803.282, 111
Trd, 8638803.332, 95
Trd, 8638803.382, 116
Trd, 8638805.432, 107
Trd, 8638805.532, 68
Trd, 8638805.832, 108
Trd, 8638807.182, 97
Trd, 8638808.082, 88
Trd, 8638808.382, 86
Trd, 8638809.782, 63
Trd, 8638811.832, 104
Trd, 8638813.132, 72
Trd, 8638814.632, 96
Trd, 8638814.732, 88
Trd, 8638815.382, 109
Trd, 8638815.632, 101
Trd, 8638815.782, 114
Trd, 8638816.832, 93
Trd, 8638817.982, 107
Trd, 8638818.032, 106
Trd, 8638819.432, 87
Trd, 8638820.182, 126
Trd, 8638820.932, 108
Trd, 8638823.332, 87
Trd, 8638823.432, 95
Trd, 8638824.732, 88
Trd, 8638825.732, 80
Trd, 8638827.582, 86
Trd, 8638827.932, 117
Trd, 8638828.632, 114
Trd, 8638829.932, 104
Trd, 8638830.182, 84
Trd, 8638830.582, 110
Trd, 8638831.432, 95
Trd, 8638831.782, 93
Trd, 8638834.082, 71
Trd, 8638834.232, 105
Trd, 8638834.632, 77
Trd, 8638834.832, 106
Trd, 8638836.232, 112
Trd, 8638836.632, 100
Trd, 8638837.532, 76
Trd, 8638837.882, 79
Trd, 8638838.182, 104
Trd, 8638840.082, 91
Trd, 8638840.132, 124
Trd, 8638841.532, 69
Trd, 8638841.732, 70
Trd, 8638842.182, 86
Trd, 8638842.732, 97
Trd, 8638845.682, 83
Trd, 8638847.532, 75
Trd, 8638848.282, 71
Trd, 8638848.882, 78
Trd, 8638849.232, 104
Trd, 8638852.082, 73
Trd, 8638852.532, 79
Trd, 8638853.332, 94
Trd, 8638854.482, 69
Trd, 8638855.532, 88
Trd, 8638856.082, 106
Trd, 8638857.432, 105
Trd, 8638857.582, 95
Trd, 8638857.732, 110
Trd, 8638859.432, 111
Trd, 8638860.432, 87
Trd, 8638860.632, 86
Trd, 8638861.682, 95
Trd, 8638864.432, 92
Trd, 8638864.682, 97
Trd, 8638865.332, 87
Trd, 8638867.082, 111
Trd, 8638868.882, 122
Trd, 8638870.582, 106
Trd, 8638870.782, 103
Trd, 8638870.982, 96
Trd, 8638871.182, 95
Trd, 8638871.282, 86
Trd, 8638872.932, 99
Trd, 8638873.282, 104
Trd, 8638873.382, 105
Trd, 8638877.382, 106
Trd, 8638878.232, 106
Trd, 8638879.032, 85
Trd, 8638879.782, 74
Trd, 8638880.282, 93
Trd, 8638880.332, 96
Trd, 8638880.482, 73
Trd, 8638881.882, 98
Trd, 8638881.982, 118
Trd, 8638883.182, 122
Trd, 8638884.232, 111
Trd, 8638886.132, 106
Trd, 8638887.182, 79
Trd, 8638888.482, 85
Trd, 8638888.782, 89
Trd, 8638889.482, 77
Trd, 8638890.482, 91
Trd, 8638891.132, 95
Trd, 8638891.282, 96
Trd, 8638891.782, 104
Trd, 8638892.382, 77
Trd, 8638894.232, 79
Trd, 8638895.532, 80
Trd, 8638895.632, 86
Trd, 8638897.632, 97
Trd, 8638897.932, 90
Trd, 8638900.132, 88
Trd, 8638901.032, 97
Trd, 8638901.232, 104
Trd, 8638901.582, 88
Trd, 8638902.782, 112
Trd, 8638904.282, 90
Trd, 8638905.432, 97
Trd, 8638905.582, 86
Trd, 8638907.282, 109
Trd, 8638908.282, 69
Trd, 8638908.732, 112
Trd, 8638909.132, 113
Trd, 8638909.532, 124
Trd, 8638910.382, 80
Trd, 8638912.332, 96
Trd, 8638913.432, 88
Trd, 8638913.682, 96
Trd, 8638914.832, 104
Trd, 8638915.132, 88
Trd, 8638915.182, 84
Trd, 8638917.632, 98
Trd, 8638917.682, 71
Trd, 8638918.182, 68
Trd, 8638919.382, 104
Trd, 8638920.082, 105
Trd, 8638920.882, 89
Trd, 8638922.682, 116
Trd, 8638922.982, 113
Trd, 8638923.082, 123
Trd, 8638923.632, 95
Trd, 8638926.082, 92
Trd, 8638926.182, 75
Trd, 8638926.582, 86
Trd, 8638927.632, 70
Trd, 8638928.782, 99
Trd, 8638931.982, 104
Trd, 8638932.432, 75
Trd, 8638932.632, 77
Trd, 8638934.532, 97
Trd, 8638936.282, 95
Trd, 8638936.982, 110
Trd, 8638937.332, 90
Trd, 8638937.632, 88
Trd, 8638938.782, 87
Trd, 8638940.482, 86
Trd, 8638940.532, 96
Trd, 8638941.382, 99
Trd, 8638942.782, 77
Trd, 8638943.682, 80
Trd, 8638944.232, 86
Trd, 8638945.082, 105
Trd, 8638945.282, 113
Trd, 8638945.732, 83
Trd, 8638947.332, 112
Trd, 8638947.782, 117
Trd, 8638948.332, 71
Trd, 8638949.232, 79
Trd, 8638950.882, 100
Trd, 8638953.482, 100
Trd, 8638953.882, 101
Trd, 8638954.132, 96
Trd, 8638954.382, 95
Trd, 8638955.732, 83
Trd, 8638956.232, 104
Trd, 8638956.882, 115
Trd, 8638958.482, 87
Trd, 8638959.132, 113
Trd, 8638959.732, 94
Trd, 8638959.882, 83
Trd, 8638960.882, 106
Trd, 8638962.982, 78
Trd, 8638963.632, 75
Trd, 8638964.032, 96
Trd, 8638965.582, 107
Trd, 8638966.282, 86
Trd, 8638966.682, 109
Trd, 8638967.382, 100
Trd, 8638969.982, 67
Trd, 8638970.082, 79
Trd, 8638970.582, 104
Trd, 8638971.732, 106
Trd, 8638971.932, 86
Trd, 8638972.782, 86
Trd, 8638974.632, 112
Trd, 8638974.732, 113
Trd, 8638975.382, 104
Trd, 8638975.932, 122
Trd, 8638976.132, 86
Trd, 8638976.782, 113
Trd, 8638978.032, 79
Trd, 8638979.082, 93
Trd, 8638979.832, 86
Trd, 8638980.882, 98
Trd, 8638980.932, 75
Trd, 8638982.482, 86
Trd, 8638983.482, 80
Trd, 8638984.132, 86
Trd, 8638984.482, 78
Trd, 8638985.582, 98
Trd, 8638985.882, 107
Trd, 8638986.982, 110
Trd, 8638988.582, 99
Trd, 8638989.032, 109
Trd, 8638990.132, 89
Trd, 8638990.932, 85
Trd, 8638991.782, 80
Trd, 8638992.832, 86
Trd, 8638993.532, 69
Trd, 8638995.132, 105
Trd, 8638996.032, 100
Trd, 8638997.482, 113
Trd, 8638998.582, 80
Trd, 8638999.432, 86
Trd, 8639000.332, 104
Trd, 8639001.382, 125
Trd, 8639001.682, 86
Trd, 8639001.782, 82
Trd, 8639003.082, 71
Trd, 8639004.682, 96
Trd, 8639004.832, 102
Trd, 8639005.132, 69
Trd, 8639007.632, 87
Trd, 8639008.632, 104
Trd, 8639009.482, 96
Trd, 8639009.782, 92
Trd, 8639010.432, 119
Trd, 8639012.082, 108
Trd, 8639012.382, 104
Trd, 8639013.332, 95
Trd, 8639013.732, 107
Trd, 8639013.782, 91
Trd, 8639014.932, 85
Trd, 8639015.982, 130
Trd, 8639017.282, 88
Trd, 8639018.682, 91
Trd, 8639019.482, 92
Trd, 8639020.482, 113
Trd, 8639021.132, 116
Trd, 8639021.182, 96
Trd, 8639022.132, 91
Trd, 8639023.382, 113
Trd, 8639025.682, 121
Trd, 8639026.282, 86
Trd, 8639026.432, 122
Trd, 8639028.732, 77
Trd, 8639029.382, 76
Trd, 8639030.082, 86
Trd, 8639030.682, 110
Trd, 8639030.732, 68
Trd, 8639031.232, 113
Trd, 8639034.282, 104
Trd, 8639035.082, 77
Trd, 8639036.632, 120
Trd, 8639036.682, 84
Trd, 8639037.332, 107
Trd, 8639037.732, 120
Trd, 8639038.732, 121
Trd, 8639039.082, 86
Trd, 8639040.532, 96
Trd, 8639041.132, 81
Trd, 8639041.932, 77
Trd, 8639042.182, 101
Trd, 8639042.732, 74
Trd, 8639043.182, 107
Trd, 8639045.382, 112
Trd, 8639045.832, 104
Trd, 8639046.832, 96
Trd, 8639049.082, 103
Trd, 8639049.282, 106
Trd, 8639049.482, 109
Trd, 8639050.632, 87
Trd, 8639052.132, 96
Trd, 8639053.182, 86
Trd, 8639053.332, 85
Trd, 8639055.382, 95
Trd, 8639056.582, 96
Trd, 8639056.632, 89
Trd, 8639056.982, 111
Trd, 8639057.482, 89
Trd, 8639057.782, 113
Trd, 8639059.082, 120
Trd, 8639059.432, 97
Trd, 8639060.782, 96
Trd, 8639061.532, 87
Trd, 8639064.282, 95
Trd, 8639064.932, 86
Trd, 8639065.582, 79
Trd, 8639066.882, 95
Trd, 8639068.732, 103
Trd, 8639068.932, 80
Trd, 8639069.582, 77
Trd, 8639070.682, 113
Trd, 8639071.432, 113
Trd, 8639072.982, 86
Trd, 8639073.332, 75
Trd, 8639073.832, 128
Trd, 8639074.432, 121
Trd, 8639076.382, 104
Trd, 8639077.082, 92
Trd, 8639078.382, 104
Trd, 8639078.782, 118
Trd, 8639079.132, 87
Trd, 8639080.032, 88
Trd, 8639081.282, 88
Trd, 8639085.632, 92
Trd, 8639086.782, 99
Trd, 8639087.032, 95
Trd, 8639087.082, 103
Trd, 8639087.232, 86
Trd, 8639087.382, 110
Trd, 8639088.782, 89
Trd, 8639089.082, 86
Trd, 8639089.982, 110
Trd, 8639090.832, 113
Trd, 8639091.032, 75
Trd, 8639093.682, 110
Trd, 8639094.332, 115
Trd, 8639095.382, 94
Trd, 8639096.132, 98
Trd, 8639096.682, 74
Trd, 8639097.782, 94
Trd, 8639098.082, 95
Trd, 8639099.382, 91
Trd, 8639100.082, 104
Trd, 8639101.082, 94
Trd, 8639101.532, 93
Trd, 8639101.982, 106
Trd, 8639103.032, 84
Trd, 8639104.232, 114
Trd, 8639105.682, 87
Trd, 8639106.632, 95
Trd, 8639106.882, 86
Trd, 8639107.382, 110
Trd, 8639109.332, 114
Trd, 8639110.582, 98
Trd, 8639111.432, 113
Trd, 8639112.032, 92
Trd, 8639112.482, 91
Trd, 8639113.832, 95
Trd, 8639114.082, 86
Trd, 8639115.032, 86
Trd, 8639115.182, 109
Trd, 8639115.482, 113
Trd, 8639117.332, 95
Trd, 8639117.482, 73
Trd, 8639119.632, 87
Trd, 8639120.732, 97
Trd, 8639121.232, 97
Trd, 8639122.082, 88
Trd, 8639124.232, 86
Trd, 8639125.832, 91
Trd, 8639126.432, 92
Trd, 8639126.582, 106
Trd, 8639127.432, 87
Trd, 8639127.732, 86
Trd, 8639128.932, 98
Trd, 8639129.532, 75
Trd, 8639130.932, 78
Trd, 8639131.332, 80
Trd, 8639132.882, 109
Trd, 8639134.732, 113
Trd, 8639137.682, 105
Trd, 8639137.832, 91
Trd, 8639138.082, 90
Trd, 8639138.332, 99
Trd, 8639138.932, 113
Trd, 8639139.232, 123
Trd, 8639140.832, 87
Trd, 8639141.732, 77
Trd, 8639143.132, 86
Trd, 8639143.982, 92
Trd, 8639144.632, 97
Trd, 8639145.532, 112
Trd, 8639145.782, 114
Trd, 8639146.032, 104
Trd, 8639146.482, 75
Trd, 8639147.832, 82
Trd, 8639148.032, 122
Trd, 8639149.282, 71
Trd, 8639150.882, 86
Trd, 8639151.882, 75
Trd, 8639153.382, 86
Trd, 8639153.432, 101
Trd, 8639154.582, 78
Trd, 8639155.582, 85
Trd, 8639156.332, 109
Trd, 8639157.832, 112
Trd, 8639159.032, 113
Trd, 8639159.582, 87
Trd, 8639160.282, 86
Trd, 8639161.032, 86
Trd, 8639161.582, 90
Trd, 8639162.182, 97
Trd, 8639163.282, 112
Trd, 8639165.382, 94
Trd, 8639165.682, 96
Trd, 8639166.232, 75
Trd, 8639167.282, 86
Trd, 8639167.882, 104
Trd, 8639168.432, 79
Trd, 8639170.232, 87
Trd, 8639170.682, 121
Trd, 8639171.482, 113
Trd, 8639172.532, 122
Trd, 8639173.082, 104
Trd, 8639174.882, 95
Trd, 8639174.932, 96
Trd, 8639176.282, 104
Trd, 8639176.482, 86
Trd, 8639176.682, 74
Trd, 8639177.682, 115
Trd, 8639178.532, 71
Trd, 8639178.832, 118
Trd, 8639179.782, 120
Trd, 8639180.582, 87
Trd, 8639181.632, 89
Trd, 8639184.232, 96
Trd, 8639184.332, 88
Trd, 8639185.182, 104
Trd, 8639186.082, 117
Trd, 8639187.732, 112
Trd, 8639188.082, 96
Trd, 8639188.482, 96
Trd, 8639190.232, 96
Trd, 8639190.682, 110
Trd, 8639192.882, 95
Trd, 8639194.282, 94
Trd, 8639194.482, 75
Trd, 8639196.232, 103
Trd, 8639197.582, 88
Trd, 8639197.882, 101
Trd, 8639198.582, 95
Trd, 8639199.732, 97
Trd, 8639199.832, 86
Trd, 8639200.582, 77
Trd, 8639201.032, 104
Trd, 8639201.532, 67
Trd, 8639202.132, 69
Trd, 8639202.932, 113
Trd, 8639203.482, 105
Trd, 8639205.132, 86
Trd, 8639205.582, 69
Trd, 8639205.832, 113
Trd, 8639208.632, 91
Trd, 8639208.732, 92
Trd, 8639209.782, 95
Trd, 8639211.482, 94
Trd, 8639212.632, 87
Trd, 8639213.332, 86
Trd, 8639213.582, 74
Trd, 8639214.932, 101
Trd, 8639215.432, 109
Trd, 8639215.932, 63
Trd, 8639217.782, 79
Trd, 8639218.932, 98
Trd, 8639219.632, 100
Trd, 8639220.332, 74
Trd, 8639221.132, 103
Trd, 8639221.332, 83
Trd, 8639222.282, 79
Trd, 8639225.682, 96
Trd, 8639227.282, 103
Trd, 8639227.632, 84
Trd, 8639228.132, 104
Trd, 8639228.232, 78
Trd, 8639229.732, 115
Trd, 8639231.432, 76
Trd, 8639231.482, 84
Trd, 8639232.482, 86
Trd, 8639232.682, 102
Trd, 8639234.632, 108
Trd, 8639234.982, 77
Trd, 8639235.232, 113
Trd, 8639235.632, 99
Trd, 8639238.582, 112
Trd, 8639238.782, 95
Trd, 8639240.082, 89
Trd, 8639241.932, 91
Trd, 8639242.582, 111
Trd, 8639243.832, 87
Trd, 8639244.132, 97
Trd, 8639244.432, 114
Trd, 8639244.582, 106
Trd, 8639247.532, 119
Trd, 8639248.482, 111
Trd, 8639248.582, 121
Trd, 8639248.982, 100
Trd, 8639249.982, 95
Trd, 8639251.232, 113
Trd, 8639251.782, 113
Trd, 8639252.082, 121
Trd, 8639252.582, 116
Trd, 8639253.082, 104
Trd, 8639253.982, 75
Trd, 8639255.382, 75
Trd, 8639257.382, 115
Trd, 8639258.132, 120
Trd, 8639258.182, 112
Trd, 8639258.232, 100
Trd, 8639258.482, 95
Trd, 8639260.132, 91
Trd, 8639260.832, 97
Trd, 8639260.882, 107
Trd, 8639261.382, 85
Trd, 8639263.082, 111
Trd, 8639265.332, 96
Trd, 8639266.632, 89
Trd, 8639267.482, 106
Trd, 8639268.432, 90
Trd, 8639268.532, 96
Trd, 8639269.082, 112
Trd, 8639269.382, 86
Trd, 8639271.382, 79
Trd, 8639271.482, 95
Trd, 8639272.532, 79
Trd, 8639273.182, 76
Trd, 8639273.232, 101
Trd, 8639276.032, 86
Trd, 8639276.982, 102
Trd, 8639277.582, 97
Trd, 8639278.082, 105
Trd, 8639279.132, 108
Trd, 8639279.332, 98
Trd, 8639280.682, 113
Trd, 8639281.632, 73
Trd, 8639283.682, 93
Trd, 8639283.732, 110
Trd, 8639284.332, 114
Trd, 8639286.532, 97
Trd, 8639286.582, 86
Trd, 8639286.932, 110
Trd, 8639287.232, 114
Trd, 8639287.482, 75
Trd, 8639289.582, 111
Trd, 8639289.832, 104
Trd, 8639291.282, 104
Trd, 8639293.182, 98
Trd, 8639293.482, 116
Trd, 8639293.632, 104
Trd, 8639294.982, 95
Trd, 8639295.332, 107
Trd, 8639296.982, 90
Trd, 8639297.182, 97
Trd, 8639298.032, 115
Trd, 8639298.832, 87
Trd, 8639299.282, 86
Trd, 8639299.882, 112
Trd, 8639301.382, 95
Trd, 8639301.532, 105
Trd, 8639301.782, 84
Trd, 8639302.332, 83
Trd, 8639304.132, 104
Trd, 8639307.332, 69
Trd, 8639308.332, 94
Trd, 8639308.482, 87
Trd, 8639309.982, 89
Trd, 8639310.032, 99
Trd, 8639310.382, 86
Trd, 8639310.432, 107
Trd, 8639310.932, 114
Trd, 8639312.632, 77
Trd, 8639314.282, 86
Trd, 8639314.782, 94
Trd, 8639314.832, 102
Trd, 8639315.082, 108
Trd, 8639316.732, 100
Trd, 8639316.982, 78
Trd, 8639318.882, 89
Trd, 8639319.932, 85
Trd, 8639322.182, 93
Trd, 8639323.232, 95
Trd, 8639323.282, 93
Trd, 8639323.432, 105
Trd, 8639324.482, 85
Trd, 8639324.732, 120
Trd, 8639325.932, 78
Trd, 8639326.582, 122
Trd, 8639326.932, 97
Trd, 8639327.432, 138
Trd, 8639327.932, 80
Trd, 8639328.332, 75
Trd, 8639329.832, 86
Trd, 8639330.532, 77
Trd, 8639330.782, 78
Trd, 8639332.182, 105
Trd, 8639333.782, 85
Trd, 8639333.832, 101
Trd, 8639335.982, 113
Trd, 8639336.882, 85
Trd, 8639337.332, 86
Trd, 8639338.932, 83
Trd, 8639339.682, 101
Trd, 8639339.882, 122
Trd, 8639342.082, 111
Trd, 8639342.282, 112
Trd, 8639342.832, 95
Trd, 8639345.182, 104
Trd, 8639345.382, 85
Trd, 8639345.832, 83
Trd, 8639346.182, 76
Trd, 8639347.032, 93
Trd, 8639347.132, 95
Trd, 8639347.332, 75
Trd, 8639347.382, 107
Trd, 8639347.882, 125
Trd, 8639351.182, 115
Trd, 8639352.082, 74
Trd, 8639353.182, 122
Trd, 8639354.482, 113
Trd, 8639355.132, 87
Trd, 8639355.182, 85
Trd, 8639356.882, 68
Trd, 8639358.182, 79
Trd, 8639359.282, 69
Trd, 8639359.532, 86
Trd, 8639360.532, 101
Trd, 8639361.632, 105
Trd, 8639362.182, 96
Trd, 8639364.132, 108
Trd, 8639365.082, 87
Trd, 8639365.582, 86
Trd, 8639367.482, 81
Trd, 8639368.782, 95
Trd, 8639369.782, 114
Trd, 8639369.932, 90
Trd, 8639370.832, 113
Trd, 8639371.982, 121
Trd, 8639372.582, 95
Trd, 8639372.882, 84
Trd, 8639374.932, 124
Trd, 8639376.032, 120
Trd, 8639376.282, 104
Trd, 8639376.432, 100
Trd, 8639378.082, 97
Trd, 8639378.432, 88
Trd, 8639379.632, 103
Trd, 8639380.082, 107
Trd, 8639380.332, 122
Trd, 8639382.182, 93
Trd, 8639382.582, 90
Trd, 8639383.482, 97
Trd, 8639383.532, 121
Trd, 8639386.582, 117
Trd, 8639386.882, 93
Trd, 8639387.232, 121
Trd, 8639387.432, 85
Trd, 8639388.182, 68
Trd, 8639391.782, 91
Trd, 8639392.732, 91
Trd, 8639393.182, 95
Trd, 8639393.482, 108
Trd, 8639394.582, 87
Trd, 8639395.532, 78
Trd, 8639396.232, 110
Trd, 8639396.732, 122
Trd, 8639398.182, 88
Trd, 8639398.832, 94
Trd, 8639399.182, 95
Trd, 8639399.782, 86
Trd, 8639401.432, 87
Trd, 8639401.532, 86
Trd, 8639401.682, 106
Trd, 8639403.232, 87
Trd, 8639404.482, 88
Trd, 8639405.232, 92
Trd, 8639405.832, 99
Trd, 8639405.882, 105
Trd, 8639407.882, 115
Trd, 8639408.982, 90
Trd, 8639409.732, 106
Trd, 8639410.432, 89
Trd, 8639410.482, 113
Trd, 8639413.232, 85
Trd, 8639414.832, 93
Trd, 8639415.682, 95
Trd, 8639415.782, 113
Trd, 8639416.932, 91
Trd, 8639417.582, 77
Trd, 8639417.732, 104
Trd, 8639418.432, 78
Trd, 8639420.732, 71
Trd, 8639421.032, 86
Trd, 8639422.132, 116
Trd, 8639423.082, 69
Trd, 8639423.232, 88
Trd, 8639423.682, 68
Trd, 8639426.382, 85
Trd, 8639426.782, 104
Trd, 8639428.132, 81
Trd, 8639429.332, 98
Trd, 8639429.532, 77
Trd, 8639430.382, 104
Trd, 8639431.482, 112
Trd, 8639431.832, 87
Trd, 8639432.682, 116
Trd, 8639433.932, 89
Trd, 8639434.732, 94
Trd, 8639435.282, 89
Trd, 8639436.132, 106
Trd, 8639436.282, 86
Trd, 8639438.132, 91
Trd, 8639439.032, 112
Trd, 8639439.432, 83
Trd, 8639440.432, 96
Trd, 8639442.382, 104
Trd, 8639442.932, 69
Trd, 8639443.082, 114
Trd, 8639443.682, 86
Trd, 8639443.982, 97
Trd, 8639444.432, 74
Trd, 8639446.082, 72
Trd, 8639448.082, 84
Trd, 8639448.632, 86
Trd, 8639449.732, 79
Trd, 8639450.882, 98
Trd, 8639451.232, 80
Trd, 8639451.332, 113
Trd, 8639452.682, 80
Trd, 8639453.282, 96
Trd, 8639454.832, 119
Trd, 8639456.282, 88
Trd, 8639456.932, 121
Trd, 8639457.782, 88
Trd, 8639457.982, 86
Trd, 8639458.232, 79
Trd, 8639459.232, 86
Trd, 8639459.932, 111
Trd, 8639460.982, 94
Trd, 8639463.982, 74
Trd, 8639464.132, 102
Trd, 8639466.082, 102
Trd, 8639466.432, 94
Trd, 8639466.782, 86
Trd, 8639466.982, 79
Trd, 8639468.882, 110
Trd, 8639469.232, 76
Trd, 8639470.932, 101
Trd, 8639471.382, 107
Trd, 8639471.682, 87
Trd, 8639472.582, 108
Trd, 8639472.682, 86
Trd, 8639472.832, 85
Trd, 8639473.582, 119
Trd, 8639474.032, 86
Trd, 8639475.332, 105
Trd, 8639476.782, 95
Trd, 8639477.882, 102
Trd, 8639478.982, 80
Trd, 8639479.882, 86
Trd, 8639480.682, 88
Trd, 8639480.932, 112
Trd, 8639482.082, 84
Trd, 8639482.532, 115
Trd, 8639483.232, 112
Trd, 8639483.382, 132
Trd, 8639483.982, 75
Trd, 8639484.732, 68
Trd, 8639485.332, 86
Trd, 8639487.682, 114
Trd, 8639489.232, 110
Trd, 8639489.332, 104
Trd, 8639491.282, 86
Trd, 8639491.532, 79
Trd, 8639492.082, 97
Trd, 8639492.132, 98
Trd, 8639492.982, 85
Trd, 8639493.682, 104
Trd, 8639495.182, 80
Trd, 8639496.832, 86
Trd, 8639497.782, 86
Trd, 8639497.832, 97
Trd, 8639500.482, 78
Trd, 8639501.432, 107
Trd, 8639501.682, 96
Trd, 8639503.932, 81
Trd, 8639505.182, 86
Trd, 8639506.282, 86
Trd, 8639507.032, 96
Trd, 8639507.232, 78
Trd, 8639507.582, 98
Trd, 8639507.932, 107
Trd, 8639508.782, 108
Trd, 8639509.182, 73
Trd, 8639511.732, 84
Trd, 8639512.732, 77
Trd, 8639515.032, 69
Trd, 8639515.582, 78
Trd, 8639515.732, 104
Trd, 8639515.932, 113
Trd, 8639517.532, 124
Trd, 8639517.832, 70
Trd, 8639518.582, 122
Trd, 8639519.582, 96
Trd, 8639521.932, 95
Trd, 8639522.282, 85
Trd, 8639523.582, 102
Trd, 8639524.732, 82
Trd, 8639525.082, 98
Trd, 8639526.132, 105
Trd, 8639526.732, 77
Trd, 8639527.632, 97
Trd, 8639528.232, 115
Trd, 8639529.832, 87
Trd, 8639530.332, 86
Trd, 8639533.082, 78
Trd, 8639533.582, 82
Trd, 8639533.832, 117
Trd, 8639534.482, 85
Trd, 8639534.632, 105
Trd, 8639536.982, 112
Trd, 8639537.232, 104
Trd, 8639537.382, 118
Trd, 8639537.682, 122
Trd, 8639537.882, 75
Trd, 8639538.832, 76
Trd, 8639540.182, 112
Trd, 8639541.082, 104
Trd, 8639542.232, 113
Trd, 8639542.732, 121
Trd, 8639542.982, 95
Trd, 8639543.932, 90
Trd, 8639546.032, 86
Trd, 8639546.132, 114
Trd, 8639546.832, 110
Trd, 8639547.532, 105
Trd, 8639549.982, 81
Trd, 8639550.582, 85
Trd, 8639550.782, 87
Trd, 8639551.132, 80
Trd, 8639551.232, 99
Trd, 8639552.032, 76
Trd, 8639552.482, 112
Trd, 8639554.432, 78
Trd, 8639556.482, 102
Trd, 8639557.232, 88
Trd, 8639557.382, 102
Trd, 8639558.882, 89
Trd, 8639559.682, 109
Trd, 8639559.882, 106
Trd, 8639560.132, 115
Trd, 8639562.982, 97
Trd, 8639563.132, 101
Trd, 8639563.182, 95
Trd, 8639563.532, 86
Trd, 8639565.382, 106
Trd, 8639566.332, 113
Trd, 8639568.382, 94
Trd, 8639568.632, 91
Trd, 8639568.932, 96
Trd, 8639569.532, 119
Trd, 8639571.532, 90
Trd, 8639573.332, 90
Trd, 8639573.482, 103
Trd, 8639573.532, 115
Trd, 8639575.682, 88
Trd, 8639576.582, 89
Trd, 8639577.432, 95
Trd, 8639578.632, 88
Trd, 8639579.432, 85
Trd, 8639579.532, 75
Trd, 8639580.232, 104
Trd, 8639580.482, 113
Trd, 8639580.982, 122
Trd, 8639582.132, 72
Trd, 8639582.232, 86
Trd, 8639585.082, 86
Trd, 8639587.032, 88
Trd, 8639587.532, 78
Trd, 8639587.632, 100
Trd, 8639588.632, 112
Trd, 8639588.732, 86
Trd, 8639589.632, 108
Trd, 8639591.682, 122
Trd, 8639592.832, 106
Trd, 8639592.982, 104
Trd, 8639594.132, 86
Trd, 8639595.132, 110
Trd, 8639595.682, 84
Trd, 8639595.932, 75
Trd, 8639596.382, 96
Trd, 8639597.582, 131
Trd, 8639597.732, 122
Trd, 8639597.882, 95
Trd, 8639599.332, 104
Trd, 8639602.082, 86
Trd, 8639602.332, 104
Trd, 8639602.482, 86
Trd, 8639604.632, 119
Trd, 8639605.032, 112
Trd, 8639606.632, 82
Trd, 8639607.032, 80
Trd, 8639607.682, 94
Trd, 8639607.932, 86
Trd, 8639609.182, 96
Trd, 8639609.482, 105
Trd, 8639611.182, 97
Trd, 8639611.682, 74
Trd, 8639613.932, 90
Trd, 8639614.882, 113
Trd, 8639615.882, 89
Trd, 8639617.082, 113
Trd, 8639618.732, 121
Trd, 8639619.132, 112
Trd, 8639619.982, 86
Trd, 8639620.982, 75
Trd, 8639621.282, 113
Trd, 8639622.032, 87
Trd, 8639622.482, 121
Trd, 8639622.982, 125
Trd, 8639623.982, 113
Trd, 8639624.182, 104
Trd, 8639624.882, 99
Trd, 8639626.082, 122
Trd, 8639627.582, 112
Trd, 8639627.632, 99
Trd, 8639628.182, 95
Trd, 8639629.382, 96
Trd, 8639629.832, 93
Trd, 8639630.782, 112
Trd, 8639632.582, 86
Trd, 8639632.982, 107
Trd, 8639633.182, 76
Trd, 8639634.232, 69
Trd, 8639635.232, 111
Trd, 8639635.732, 86
Trd, 8639637.032, 122
Trd, 8639638.282, 104
Trd, 8639640.832, 119
Trd, 8639641.132, 121
Trd, 8639641.732, 113
Trd, 8639642.432, 95
Trd, 8639644.432, 96
Trd, 8639644.982, 113
Trd, 8639645.082, 96
Trd, 8639645.232, 95
Trd, 8639646.732, 87
Trd, 8639647.682, 107
Trd, 8639647.782, 108
Trd, 8639648.832, 86
Trd, 8639649.982, 76
Trd, 8639651.232, 73
Trd, 8639652.232, 101
Trd, 8639652.782, 104
Trd, 8639652.882, 73
Trd, 8639653.932, 70
Trd, 8639654.882, 110
Trd, 8639655.532, 112
Trd, 8639658.282, 88
Trd, 8639658.432, 94
Trd, 8639659.532, 88
Trd, 8639660.132, 86
Trd, 8639660.382, 85
Trd, 8639661.932, 97
Trd, 8639661.982, 114
Trd, 8639662.832, 113
Trd, 8639663.532, 104
Trd, 8639664.132, 102
Trd, 8639665.732, 90
Trd, 8639667.932, 104
Trd, 8639668.382, 105
Trd, 8639668.632, 75
Trd, 8639669.432, 86
Trd, 8639669.632, 98
Trd, 8639670.282, 117
Trd, 8639671.682, 72
Trd, 8639673.282, 86
Trd, 8639675.082, 105
Trd, 8639675.232, 71
Trd, 8639675.782, 70
Trd, 8639677.332, 99
Trd, 8639678.182, 88
Trd, 8639679.032, 122
Trd, 8639679.182, 122
Trd, 8639681.382, 111
Trd, 8639681.682, 117
Trd, 8639681.932, 97
Trd, 8639682.332, 95
Trd, 8639684.182, 95
Trd, 8639685.482, 111
Trd, 8639687.332, 90
Trd, 8639687.382, 89
Trd, 8639687.532, 108
Trd, 8639688.032, 86
Trd, 8639688.282, 86
Trd, 8639689.932, 104
Trd, 8639690.932, 86
Trd, 8639691.532, 78
Trd, 8639692.132, 114
Trd, 8639692.832, 78
Trd, 8639694.232, 75
Trd, 8639695.182, 115
Trd, 8639695.932, 127
Trd, 8639696.032, 113
Trd, 8639697.032, 95
Trd, 8639698.482, 77
Trd, 8639700.082, 115
Trd, 8639700.732, 80
Trd, 8639702.582, 96
Trd, 8639702.782, 74
Trd, 8639703.332, 91
Trd, 8639705.582, 90
Trd, 8639705.782, 104
Trd, 8639707.682, 94
Trd, 8639708.132, 94
Trd, 8639708.982, 85
Trd, 8639710.082, 84
Trd, 8639710.382, 104
Trd, 8639712.182, 109
Trd, 8639713.082, 77
Trd, 8639713.432, 75
Trd, 8639714.032, 105
Trd, 8639714.682, 95
Trd, 8639715.132, 79
Trd, 8639715.732, 69
Trd, 8639718.082, 110
Trd, 8639718.632, 86
Trd, 8639719.782, 84
Trd, 8639720.182, 95
Trd, 8639720.932, 76
Trd, 8639721.182, 107
Trd, 8639722.632, 112
Trd, 8639724.732, 95
Trd, 8639725.732, 113
Trd, 8639726.132, 103
Trd, 8639726.782, 112
Trd, 8639726.832, 89
Trd, 8639729.032, 86
Trd, 8639730.532, 77
Trd, 8639731.632, 104
Trd, 8639732.482, 96
Trd, 8639732.532, 86
Trd, 8639733.582, 81
Trd, 8639735.482, 84
Trd, 8639735.732, 95
Trd, 8639736.532, 95
Trd, 8639736.682, 110
Trd, 8639737.382, 129
Trd, 8639738.332, 86
Trd, 8639740.532, 71
Trd, 8639740.982, 77
Trd, 8639742.882, 113
Trd, 8639743.282, 114
Trd, 8639743.832, 104
Trd, 8639744.032, 104
Trd, 8639744.882, 113
Trd, 8639745.232, 95
Trd, 8639745.282, 121
Trd, 8639746.232, 86
Trd, 8639747.432, 110
Trd, 8639747.582, 85
Trd, 8639751.182, 88
Trd, 8639752.432, 96
Trd, 8639753.132, 97
Trd, 8639754.182, 91
Trd, 8639754.482, 113
Trd, 8639754.882, 88
Trd, 8639755.032, 86
Trd, 8639756.482, 113
Trd, 8639757.732, 87
Trd, 8639758.782, 113
Trd, 8639759.532, 86
Trd, 8639759.832, 121
Trd, 8639760.382, 96
Trd, 8639761.182, 81
Trd, 8639761.832, 113
Trd, 8639763.032, 114
Trd, 8639766.132, 107
Trd, 8639766.282, 109
Trd, 8639766.532, 131
Trd, 8639768.232, 98
Trd, 8639769.032, 87
Trd, 8639769.582, 86
Trd, 8639772.182, 79
Trd, 8639772.632, 82
Trd, 8639774.232, 96
Trd, 8639774.382, 100
Trd, 8639774.782, 88
Trd, 8639775.532, 87
Trd, 8639777.082, 101
Trd, 8639777.882, 113
Trd, 8639778.682, 99
Trd, 8639781.432, 96
Trd, 8639781.582, 95
Trd, 8639783.182, 95
Trd, 8639783.282, 111
Trd, 8639783.482, 79
Trd, 8639784.382, 116
Trd, 8639784.432, 113
Trd, 8639785.282, 103
Trd, 8639786.282, 86
Trd, 8639786.532, 136
Trd, 8639787.932, 75
Trd, 8639788.582, 92
Trd, 8639789.032, 98
Trd, 8639791.032, 113
Trd, 8639791.532, 104
Trd, 8639791.882, 85
Trd, 8639792.082, 116
Trd, 8639793.032, 121
Trd, 8639793.832, 74
Trd, 8639796.732, 86
Trd, 8639796.782, 97
Trd, 8639797.782, 86
Trd, 8639798.082, 84
Trd, 8639798.782, 96
Trd, 8639799.282, 106
Trd, 8639800.382, 114
Trd, 8639800.732, 86
Trd, 8639800.832, 84
Trd, 8639801.732, 82
Trd, 8639803.332, 93
Trd, 8639804.782, 96
Trd, 8639807.082, 80
Trd, 8639809.782, 93
Trd, 8639810.632, 88
Trd, 8639810.682, 87
Trd, 8639810.832, 101
Trd, 8639810.932, 83
Trd, 8639811.182, 109
Trd, 8639812.882, 122
Trd, 8639814.482, 88
Trd, 8639814.832, 85
Trd, 8639815.382, 95
Trd, 8639816.132, 104
Trd, 8639816.932, 112
Trd, 8639817.782, 93
Trd, 8639818.782, 99
Trd, 8639818.882, 90
Trd, 8639822.132, 97
Trd, 8639822.582, 91
Trd, 8639822.632, 89
Trd, 8639822.882, 105
Trd, 8639823.582, 86
Trd, 8639824.932, 113
Trd, 8639826.582, 105
Trd, 8639826.932, 104
Trd, 8639827.032, 104
Trd, 8639828.032, 111
Trd, 8639828.932, 74
Trd, 8639829.582, 104
Trd, 8639829.982, 86
Trd, 8639831.482, 118
Trd, 8639833.132, 87
Trd, 8639833.182, 109
Trd, 8639834.332, 86
Trd, 8639836.082, 112
Trd, 8639836.532, 104
Trd, 8639838.132, 102
Trd, 8639838.582, 86
Trd, 8639838.982, 107
Trd, 8639840.482, 112
Trd, 8639840.682, 105
Trd, 8639840.782, 113
Trd, 8639840.882, 104
Trd, 8639841.382, 135
Trd, 8639843.632, 95
Trd, 8639844.632, 95
Trd, 8639845.032, 97
Trd, 8639846.432, 111
Trd, 8639847.682, 113
Trd, 8639848.082, 109
Trd, 8639848.232, 103
Trd, 8639848.582, 86
Trd, 8639849.282, 72
Trd, 8639852.282, 108
Trd, 8639852.332, 88
Trd, 8639853.532, 95
Trd, 8639854.432, 88
Trd, 8639854.482, 104
Trd, 8639855.382, 104
Trd, 8639856.382, 77
Trd, 8639857.032, 86
Trd, 8639858.532, 120
Trd, 8639859.682, 94
Trd, 8639860.782, 98
Trd, 8639860.832, 110
Trd, 8639862.832, 87
Trd, 8639863.382, 88
Trd, 8639865.132, 86
Trd, 8639865.382, 95
Trd, 8639865.782, 105
Trd, 8639866.932, 78
Trd, 8639867.132, 73
Trd, 8639867.232, 86
Trd, 8639869.732, 72
Trd, 8639870.182, 86
Trd, 8639871.432, 69
Trd, 8639872.832, 88
Trd, 8639874.782, 95
Trd, 8639875.132, 80
Trd, 8639875.782, 79
Trd, 8639878.082, 75
Trd, 8639878.332, 109
Trd, 8639878.782, 113
Trd, 8639879.232, 76
Trd, 8639880.932, 96
Trd, 8639882.032, 94
Trd, 8639882.582, 112
Trd, 8639883.282, 117
Trd, 8639885.382, 94
Trd, 8639885.532, 124
Trd, 8639886.932, 112
Trd, 8639887.132, 95
Trd, 8639887.332, 93
Trd, 8639887.432, 115
Trd, 8639889.932, 88
Trd, 8639890.082, 109
Trd, 8639890.232, 84
Trd, 8639890.382, 68
Trd, 8639891.732, 81
Trd, 8639894.482, 95
Trd, 8639894.832, 88
Trd, 8639894.932, 102
Trd, 8639897.382, 109
Trd, 8639897.682, 115
Trd, 8639898.082, 113
Trd, 8639899.882, 90
Trd, 8639899.982, 94
Trd, 8639900.232, 99
Trd, 8639900.532, 86
Trd, 8639902.482, 78
Trd, 8639904.332, 86
Trd, 8639905.532, 98
Trd, 8639906.182, 88
Trd, 8639906.282, 104
Trd, 8639906.932, 105
Trd, 8639907.932, 88
Trd, 8639909.932, 86
Trd, 8639910.382, 90
Trd, 8639910.482, 76
Trd, 8639911.032, 95
Trd, 8639913.482, 100
Trd, 8639914.032, 69
Trd, 8639914.132, 71
Trd, 8639916.182, 86
Trd, 8639917.282, 87
Trd, 8639917.632, 86
Trd, 8639917.932, 85
Trd, 8639920.682, 93
Trd, 8639920.782, 87
Trd, 8639921.582, 95
Trd, 8639923.332, 85
Trd, 8639924.282, 86
Trd, 8639924.732, 95
Trd, 8639926.432, 95
Trd, 8639926.932, 97
Trd, 8639927.732, 85
Trd, 8639928.832, 104
Trd, 8639929.282, 117
Trd, 8639929.782, 86
Trd, 8639930.232, 126
Trd, 8639931.132, 79
Trd, 8639931.482, 122
Trd, 8639931.932, 110
Trd, 8639935.782, 79
Trd, 8639936.832, 86
Trd, 8639937.782, 97
Trd, 8639938.582, 83
Trd, 8639939.282, 81
Trd, 8639940.532, 96
Trd, 8639941.182, 101
Trd, 8639941.982, 113
Trd, 8639943.582, 105
Trd, 8639943.782, 89
Trd, 8639945.582, 87
Trd, 8639946.482, 88
Trd, 8639946.932, 85
Trd, 8639947.532, 74
Trd, 8639948.832, 86
Trd, 8639949.682, 97
Trd, 8639950.332, 98
Trd, 8639951.582, 105
Trd, 8639951.932, 106
Trd, 8639952.432, 92
Trd, 8639952.932, 89
Trd, 8639955.032, 88
Trd, 8639955.332, 101
Trd, 8639956.182, 103
Trd, 8639956.882, 87
Trd, 8639957.632, 85
Trd, 8639957.682, 76
Trd, 8639959.782, 113
Trd, 8639961.482, 89
Trd, 8639961.732, 93
Trd, 8639963.432, 95
Trd, 8639964.582, 91
Trd, 8639965.332, 96
Trd, 8639967.982, 106
Trd, 8639968.182, 86
Trd, 8639968.282, 84
Trd, 8639969.532, 114
Trd, 8639969.932, 83
Trd, 8639970.932, 77
Trd, 8639973.582, 80
Trd, 8639973.982, 86
Trd, 8639974.482, 86
Trd, 8639975.032, 97
Trd, 8639976.782, 88
Trd, 8639976.982, 106
Trd, 8639977.082, 86
Trd, 8639978.682, 88
Trd, 8639981.132, 101
Trd, 8639981.582, 109
Trd, 8639981.982, 86
Trd, 8639982.082, 110
Trd, 8639982.382, 75
Trd, 8639984.582, 85
Trd, 8639985.332, 92
Trd, 8639985.382, 100
Trd, 8639985.682, 81
Trd, 8639986.182, 112
Trd, 8639987.282, 85
Trd, 8639988.082, 117
Trd, 8639989.482, 83
Trd, 8639990.632, 99
Trd, 8639992.082, 80
Trd, 8639993.082, 81
Trd, 8639994.382, 105
Trd, 8639994.782, 106
Trd, 8639995.232, 121
Trd, 8639995.882, 78
Trd, 8639996.232, 77
Trd, 8639998.332, 88
Trd, 8639999.332, 98
