Trd, 8637919.632, 88
Trd, 8637922.982, 97
Trd, 8637923.432, 107
Trd, 8637923.532, 108
Trd, 8637924.832, 98
Trd, 8637925.332, 95
Trd, 8637927.232, 98
Trd, 8637929.432, 101
Trd, 8637930.432, 102
Trd, 8637930.782, 104
Trd, 8637931.132, 103
Trd, 8637932.932, 108
Trd, 8637934.132, 97
Trd, 8637934.282, 96
Trd, 8637937.982, 102
Trd, 8637939.132, 103
Trd, 8637939.832, 102
Trd, 8637940.882, 97
Trd, 8637941.782, 95
Trd, 8637941.832, 97
Trd, 8637943.632, 97
Trd, 8637945.332, 101
Trd, 8637946.082, 118
Trd, 8637947.632, 100
Trd, 8637947.982, 103
Trd, 8637949.682, 99
Trd, 8637951.282, 104
Trd, 8637951.682, 105
Trd, 8637953.182, 104
Trd, 8637955.782, 97
Trd, 8637956.382, 97
Trd, 8637956.532, 97
Trd, 8637956.732, 96
Trd, 8637958.232, 95
Trd, 8637960.332, 84
Trd, 8637960.882, 86
Trd, 8637961.282, 93
Trd, 8637962.832, 94
Trd, 8637964.782, 101
Trd, 8637964.832, 103
Trd, 8637966.032, 101
Trd, 8637966.982, 102
Trd, 8637967.282, 86
Trd, 8637971.682, 98
Trd, 8637971.782, 97
Trd, 8637972.032, 99
Trd, 8637973.082, 98
Trd, 8637974.032, 96
Trd, 8637977.982, 102
Trd, 8637978.182, 101
Trd, 8637979.182, 96
Trd, 8637981.882, 102
Trd, 8637982.682, 104
Trd, 8637983.732, 98
Trd, 8637985.832, 102
Trd, 8637986.782, 109
Trd, 8637987.482, 104
Trd, 8637990.732, 112
Trd, 8637991.832, 108
Trd, 8637992.332, 104
Trd, 8637992.882, 109
Trd, 8637995.332, 101
Trd, 8637995.932, 101
Trd, 8637998.882, 98
Trd, 8638000.182, 100
Trd, 8638001.182, 95
Trd, 8638002.382, 97
Trd, 8638003.482, 99
Trd, 8638003.832, 98
Trd, 8638005.032, 100
Trd, 8638007.832, 99
Trd, 8638008.932, 96
Trd, 8638009.632, 101
Trd, 8638011.032, 97
Trd, 8638011.482, 96
Trd, 8638013.732, 97
Trd, 8638015.882, 101
Trd, 8638016.432, 100
Trd, 8638016.682, 100
Trd, 8638017.082, 100
Trd, 8638017.732, 101
Trd, 8638018.932, 105
Trd, 8638020.432, 105
Trd, 8638021.332, 108
Trd, 8638022.482, 108
Trd, 8638024.982, 96
Trd, 8638027.332, 101
Trd, 8638027.982, 102
Trd, 8638028.382, 103
Trd, 8638028.682, 103
Trd, 8638030.582, 106
Trd, 8638030.682, 105
Trd, 8638032.782, 95
Trd, 8638033.082, 104
Trd, 8638035.232, 89
Trd, 8638035.632, 89
Trd, 8638035.832, 89
Trd, 8638036.532, 93
Trd, 8638037.232, 95
Trd, 8638041.182, 102
Trd, 8638041.382, 102
Trd, 8638042.882, 101
Trd, 8638042.982, 95
Trd, 8638043.682, 102
Trd, 8638046.632, 95
Trd, 8638047.382, 97
Trd, 8638048.232, 100
Trd, 8638048.382, 99
Trd, 8638049.732, 96
Trd, 8638052.032, 97
Trd, 8638052.732, 97
Trd, 8638053.332, 97
Trd, 8638054.582, 98
Trd, 8638056.032, 87
Trd, 8638056.932, 98
Trd, 8638061.182, 87
Trd, 8638061.432, 99
Trd, 8638062.332, 95
Trd, 8638063.782, 96
Trd, 8638064.332, 97
Trd, 8638064.782, 95
Trd, 8638065.382, 87
Trd, 8638066.282, 102
Trd, 8638068.132, 97
Trd, 8638068.832, 97
Trd, 8638069.082, 94
Trd, 8638071.082, 95
Trd, 8638071.882, 94
Trd, 8638074.082, 99
Trd, 8638076.432, 102
Trd, 8638076.882, 102
Trd, 8638077.282, 104
Trd, 8638077.532, 103
Trd, 8638080.832, 106
Trd, 8638081.132, 106
Trd, 8638081.582, 104
Trd, 8638082.832, 86
Trd, 8638083.082, 106
Trd, 8638086.382, 103
Trd, 8638086.982, 100
Trd, 8638087.732, 86
Trd, 8638089.332, 100
Trd, 8638089.432, 98
Trd, 8638089.732, 101
Trd, 8638093.782, 97
Trd, 8638094.032, 96
Trd, 8638094.732, 95
Trd, 8638095.082, 95
Trd, 8638097.782, 105
Trd, 8638098.082, 98
Trd, 8638099.232, 96
Trd, 8638101.582, 100
Trd, 8638103.682, 105
Trd, 8638103.832, 104
Trd, 8638104.082, 104
Trd, 8638104.732, 106
Trd, 8638104.982, 104
Trd, 8638105.382, 111
Trd, 8638108.532, 96
Trd, 8638111.882, 98
Trd, 8638112.082, 97
Trd, 8638112.932, 98
Trd, 8638114.082, 98
Trd, 8638114.882, 102
Trd, 8638116.282, 102
Trd, 8638116.582, 95
Trd, 8638116.982, 106
Trd, 8638120.832, 86
Trd, 8638121.282, 86
Trd, 8638122.032, 87
Trd, 8638123.832, 89
Trd, 8638123.882, 92
Trd, 8638124.132, 95
Trd, 8638127.232, 92
Trd, 8638129.782, 97
Trd, 8638129.932, 96
Trd, 8638130.482, 98
Trd, 8638130.882, 97
Trd, 8638131.882, 104
Trd, 8638133.282, 95
Trd, 8638134.032, 101
Trd, 8638134.882, 87
Trd, 8638137.582, 91
Trd, 8638139.082, 89
Trd, 8638139.932, 88
Trd, 8638140.632, 88
Trd, 8638142.832, 91
Trd, 8638143.832, 100
Trd, 8638145.482, 99
Trd, 8638145.532, 97
Trd, 8638146.632, 103
Trd, 8638147.732, 104
Trd, 8638148.232, 104
Trd, 8638150.682, 110
Trd, 8638151.332, 111
Trd, 8638151.682, 110
Trd, 8638152.032, 104
Trd, 8638155.432, 101
Trd, 8638156.182, 102
Trd, 8638156.932, 101
Trd, 8638157.382, 100
Trd, 8638157.982, 94
Trd, 8638160.832, 95
Trd, 8638161.232, 94
Trd, 8638163.132, 110
Trd, 8638164.432, 97
Trd, 8638165.482, 97
Trd, 8638165.732, 96
Trd, 8638166.132, 105
Trd, 8638169.482, 102
Trd, 8638170.332, 102
Trd, 8638170.732, 103
Trd, 8638172.382, 108
Trd, 8638173.382, 107
Trd, 8638177.032, 100
Trd, 8638177.132, 100
Trd, 8638177.332, 101
Trd, 8638178.032, 102
Trd, 8638178.982, 99
Trd, 8638179.332, 95
Trd, 8638181.132, 91
Trd, 8638183.732, 86
Trd, 8638186.432, 92
Trd, 8638186.482, 95
Trd, 8638187.682, 105
Trd, 8638188.482, 95
Trd, 8638191.082, 101
Trd, 8638191.682, 102
Trd, 8638192.332, 103
Trd, 8638194.532, 97
Trd, 8638194.632, 98
Trd, 8638197.082, 83
Trd, 8638197.332, 86
Trd, 8638198.232, 87
Trd, 8638199.182, 92
Trd, 8638200.082, 91
Trd, 8638201.182, 104
Trd, 8638202.932, 98
Trd, 8638204.882, 103
Trd, 8638205.432, 103
Trd, 8638206.332, 103
Trd, 8638206.882, 103
Trd, 8638209.882, 103
Trd, 8638210.232, 101
Trd, 8638210.482, 103
Trd, 8638214.032, 105
Trd, 8638214.732, 105
Trd, 8638215.182, 105
Trd, 8638216.382, 105
Trd, 8638216.532, 95
Trd, 8638219.032, 87
Trd, 8638220.682, 97
Trd, 8638221.132, 97
Trd, 8638223.082, 101
Trd, 8638223.482, 99
Trd, 8638223.982, 102
Trd, 8638224.682, 106
Trd, 8638226.332, 105
Trd, 8638228.482, 106
Trd, 8638228.682, 106
Trd, 8638229.182, 104
Trd, 8638230.082, 96
Trd, 8638231.682, 98
Trd, 8638232.682, 95
Trd, 8638233.982, 102
Trd, 8638234.832, 87
Trd, 8638235.532, 91
Trd, 8638236.382, 102
Trd, 8638238.082, 101
Trd, 8638239.332, 100
Trd, 8638239.732, 86
Trd, 8638240.582, 100
Trd, 8638242.632, 83
Trd, 8638244.682, 87
Trd, 8638245.732, 88
Trd, 8638247.282, 95
Trd, 8638247.782, 91
Trd, 8638249.382, 98
Trd, 8638249.482, 97
Trd, 8638251.032, 90
Trd, 8638252.882, 91
Trd, 8638252.932, 95
Trd, 8638256.832, 104
Trd, 8638257.032, 105
Trd, 8638257.232, 104
Trd, 8638257.282, 103
Trd, 8638260.032, 100
Trd, 8638260.482, 101
Trd, 8638261.032, 100
Trd, 8638262.732, 100
Trd, 8638263.232, 100
Trd, 8638264.732, 87
Trd, 8638265.432, 88
Trd, 8638268.132, 97
Trd, 8638268.932, 101
Trd, 8638269.282, 102
Trd, 8638269.832, 103
Trd, 8638270.582, 104
Trd, 8638272.282, 101
Trd, 8638273.432, 101
Trd, 8638274.232, 103
Trd, 8638274.582, 101
Trd, 8638275.932, 101
Trd, 8638276.632, 97
Trd, 8638279.732, 103
Trd, 8638280.532, 103
Trd, 8638281.632, 105
Trd, 8638281.732, 104
Trd, 8638283.582, 108
Trd, 8638284.232, 107
Trd, 8638284.432, 104
Trd, 8638284.982, 110
Trd, 8638285.232, 95
Trd, 8638287.382, 95
Trd, 8638290.582, 101
Trd, 8638291.482, 98
Trd, 8638292.332, 97
Trd, 8638292.432, 96
Trd, 8638293.032, 96
Trd, 8638293.832, 95
Trd, 8638295.532, 94
Trd, 8638295.582, 93
Trd, 8638299.232, 99
Trd, 8638299.632, 100
Trd, 8638300.832, 104
Trd, 8638301.332, 118
Trd, 8638303.282, 105
Trd, 8638303.882, 95
Trd, 8638306.432, 97
Trd, 8638306.832, 96
Trd, 8638309.432, 97
Trd, 8638309.682, 96
Trd, 8638310.232, 106
Trd, 8638310.732, 94
Trd, 8638312.032, 88
Trd, 8638314.082, 98
Trd, 8638315.932, 105
Trd, 8638317.432, 101
Trd, 8638318.832, 107
Trd, 8638320.382, 108
Trd, 8638320.482, 106
Trd, 8638323.732, 103
Trd, 8638323.882, 104
Trd, 8638326.482, 107
Trd, 8638327.982, 110
Trd, 8638328.532, 109
Trd, 8638328.632, 109
Trd, 8638330.782, 108
Trd, 8638331.282, 112
Trd, 8638332.732, 106
Trd, 8638335.482, 101
Trd, 8638335.682, 100
Trd, 8638337.332, 97
Trd, 8638337.832, 95
Trd, 8638339.782, 85
Trd, 8638340.382, 86
Trd, 8638341.332, 97
Trd, 8638341.632, 96
Trd, 8638341.832, 115
Trd, 8638342.782, 87
Trd, 8638344.682, 91
Trd, 8638346.982, 94
Trd, 8638348.182, 98
Trd, 8638348.782, 99
Trd, 8638349.482, 102
Trd, 8638350.532, 100
Trd, 8638351.532, 101
Trd, 8638353.232, 103
Trd, 8638353.832, 95
Trd, 8638353.982, 114
Trd, 8638357.232, 97
Trd, 8638357.282, 96
Trd, 8638357.732, 98
Trd, 8638357.982, 99
Trd, 8638360.532, 96
Trd, 8638360.582, 107
Trd, 8638362.232, 100
Trd, 8638364.232, 101
Trd, 8638365.982, 102
Trd, 8638366.982, 101
Trd, 8638367.132, 100
Trd, 8638368.482, 101
Trd, 8638370.132, 102
Trd, 8638370.282, 100
Trd, 8638371.432, 104
Trd, 8638372.132, 99
Trd, 8638373.282, 96
Trd, 8638375.482, 101
Trd, 8638375.882, 101
Trd, 8638378.982, 99
Trd, 8638379.032, 98
Trd, 8638379.982, 99
Trd, 8638381.232, 96
Trd, 8638381.732, 99
Trd, 8638381.782, 98
Trd, 8638384.182, 106
Trd, 8638385.932, 102
Trd, 8638387.782, 103
Trd, 8638388.582, 96
Trd, 8638390.232, 99
Trd, 8638391.282, 101
Trd, 8638393.382, 106
Trd, 8638393.682, 100
Trd, 8638394.982, 102
Trd, 8638395.932, 111
Trd, 8638397.182, 104
Trd, 8638398.882, 107
Trd, 8638399.032, 108
Trd, 8638400.382, 107
Trd, 8638400.532, 104
Trd, 8638401.882, 86
Trd, 8638402.732, 120
Trd, 8638404.532, 96
Trd, 8638405.882, 97
Trd, 8638406.032, 98
Trd, 8638407.882, 98
Trd, 8638409.182, 92
Trd, 8638410.582, 101
Trd, 8638411.682, 100
Trd, 8638413.532, 99
Trd, 8638413.732, 100
Trd, 8638413.832, 98
Trd, 8638415.732, 95
Trd, 8638416.482, 121
Trd, 8638417.482, 121
Trd, 8638418.982, 121
Trd, 8638419.982, 113
Trd, 8638420.482, 95
Trd, 8638422.482, 103
Trd, 8638425.182, 107
Trd, 8638425.632, 105
Trd, 8638425.782, 105
Trd, 8638427.232, 86
Trd, 8638428.382, 80
Trd, 8638429.182, 89
Trd, 8638430.782, 95
Trd, 8638432.082, 92
Trd, 8638433.132, 92
Trd, 8638435.282, 98
Trd, 8638436.382, 104
Trd, 8638438.882, 105
Trd, 8638438.982, 104
Trd, 8638439.232, 104
Trd, 8638440.382, 107
Trd, 8638440.632, 95
Trd, 8638444.082, 93
Trd, 8638445.032, 97
Trd, 8638445.882, 96
Trd, 8638446.132, 95
Trd, 8638447.182, 103
Trd, 8638448.982, 100
Trd, 8638449.532, 95
Trd, 8638451.982, 96
Trd, 8638453.332, 101
Trd, 8638454.132, 100
Trd, 8638454.682, 98
Trd, 8638455.732, 107
Trd, 8638456.582, 96
Trd, 8638457.882, 97
Trd, 8638460.032, 92
Trd, 8638460.382, 99
Trd, 8638461.082, 99
Trd, 8638462.832, 104
Trd, 8638464.032, 105
Trd, 8638465.132, 95
Trd, 8638466.132, 102
Trd, 8638467.532, 113
Trd, 8638468.932, 93
Trd, 8638469.832, 88
Trd, 8638472.582, 94
Trd, 8638472.882, 95
Trd, 8638473.232, 95
Trd, 8638474.782, 96
Trd, 8638475.982, 93
Trd, 8638478.482, 102
Trd, 8638478.582, 97
Trd, 8638479.432, 88
Trd, 8638482.382, 98
Trd, 8638482.832, 99
Trd, 8638483.432, 99
Trd, 8638486.182, 99
Trd, 8638487.132, 102
Trd, 8638488.332, 100
Trd, 8638488.432, 86
Trd, 8638489.832, 86
Trd, 8638490.982, 102
Trd, 8638493.532, 89
Trd, 8638494.082, 87
Trd, 8638495.632, 87
Trd, 8638496.982, 88
Trd, 8638497.182, 105
Trd, 8638497.482, 116
Trd, 8638499.332, 100
Trd, 8638501.282, 99
Trd, 8638502.082, 104
Trd, 8638502.382, 99
Trd, 8638505.532, 102
Trd, 8638505.832, 101
Trd, 8638507.982, 104
Trd, 8638508.032, 107
Trd, 8638508.782, 98
Trd, 8638510.432, 103
Trd, 8638511.932, 103
Trd, 8638512.632, 103
Trd, 8638513.082, 102
Trd, 8638515.082, 95
Trd, 8638515.232, 86
Trd, 8638519.882, 100
Trd, 8638520.282, 100
Trd, 8638520.932, 100
Trd, 8638520.982, 99
Trd, 8638521.582, 106
Trd, 8638524.582, 104
Trd, 8638524.732, 96
Trd, 8638526.182, 97
Trd, 8638527.982, 101
Trd, 8638529.582, 100
Trd, 8638532.482, 102
Trd, 8638533.282, 103
Trd, 8638534.382, 98
Trd, 8638535.082, 98
Trd, 8638536.732, 99
Trd, 8638536.832, 98
Trd, 8638537.032, 95
Trd, 8638538.832, 86
Trd, 8638538.982, 99
Trd, 8638542.332, 89
Trd, 8638543.082, 88
Trd, 8638544.232, 89
Trd, 8638544.532, 95
Trd, 8638545.782, 104
Trd, 8638547.632, 96
Trd, 8638548.282, 98
Trd, 8638550.232, 102
Trd, 8638550.482, 102
Trd, 8638550.632, 105
Trd, 8638551.482, 94
Trd, 8638554.432, 94
Trd, 8638555.782, 93
Trd, 8638557.682, 97
Trd, 8638557.882, 98
Trd, 8638558.682, 98
Trd, 8638559.432, 105
Trd, 8638560.982, 103
Trd, 8638561.732, 105
Trd, 8638562.832, 106
Trd, 8638563.182, 115
Trd, 8638565.532, 99
Trd, 8638567.182, 105
Trd, 8638567.282, 104
Trd, 8638567.682, 105
Trd, 8638568.482, 104
Trd, 8638570.832, 100
Trd, 8638573.632, 101
Trd, 8638575.232, 97
Trd, 8638575.332, 95
Trd, 8638577.432, 98
Trd, 8638578.132, 99
Trd, 8638580.382, 104
Trd, 8638580.982, 122
Trd, 8638581.132, 104
Trd, 8638581.232, 103
Trd, 8638584.032, 100
Trd, 8638585.182, 99
Trd, 8638586.882, 100
Trd, 8638587.832, 101
Trd, 8638588.832, 103
Trd, 8638589.632, 102
Trd, 8638591.132, 103
Trd, 8638591.232, 102
Trd, 8638591.332, 94
Trd, 8638593.632, 103
Trd, 8638594.332, 90
Trd, 8638597.282, 98
Trd, 8638598.082, 99
Trd, 8638598.132, 94
Trd, 8638598.982, 103
Trd, 8638599.782, 86
Trd, 8638602.032, 85
Trd, 8638602.532, 87
Trd, 8638604.482, 85
Trd, 8638606.332, 100
Trd, 8638606.382, 97
Trd, 8638606.582, 101
Trd, 8638610.482, 100
Trd, 8638610.682, 97
Trd, 8638611.032, 95
Trd, 8638612.382, 99
Trd, 8638613.682, 104
Trd, 8638614.882, 94
Trd, 8638618.532, 100
Trd, 8638618.982, 101
Trd, 8638619.432, 113
Trd, 8638620.382, 97
Trd, 8638622.582, 102
Trd, 8638623.482, 108
Trd, 8638623.532, 103
Trd, 8638625.382, 98
Trd, 8638628.082, 98
Trd, 8638628.332, 95
Trd, 8638629.882, 97
Trd, 8638631.182, 86
Trd, 8638632.732, 103
Trd, 8638633.482, 101
Trd, 8638634.032, 101
Trd, 8638634.682, 102
Trd, 8638635.432, 104
Trd, 8638635.682, 101
Trd, 8638638.282, 99
Trd, 8638638.432, 100
Trd, 8638640.082, 99
Trd, 8638641.632, 100
Trd, 8638643.182, 99
Trd, 8638643.682, 101
Trd, 8638644.782, 103
Trd, 8638644.982, 101
Trd, 8638646.482, 103
Trd, 8638650.282, 106
Trd, 8638652.682, 94
Trd, 8638653.082, 91
Trd, 8638654.782, 98
Trd, 8638655.132, 98
Trd, 8638655.582, 97
Trd, 8638658.832, 101
Trd, 8638659.482, 116
Trd, 8638660.682, 114
Trd, 8638660.832, 105
Trd, 8638662.082, 105
Trd, 8638664.932, 69
Trd, 8638665.082, 85
Trd, 8638667.282, 88
Trd, 8638668.932, 87
Trd, 8638670.082, 88
Trd, 8638672.082, 95
Trd, 8638673.232, 95
Trd, 8638675.732, 97
Trd, 8638676.332, 98
Trd, 8638676.782, 99
Trd, 8638678.132, 105
Trd, 8638678.882, 97
Trd, 8638680.282, 102
Trd, 8638680.332, 98
Trd, 8638684.332, 95
Trd, 8638685.582, 101
Trd, 8638686.032, 99
Trd, 8638686.482, 97
Trd, 8638688.632, 87
Trd, 8638689.832, 89
Trd, 8638690.032, 100
Trd, 8638693.282, 102
Trd, 8638693.882, 101
Trd, 8638694.482, 93
Trd, 8638696.182, 94
Trd, 8638697.032, 94
Trd, 8638698.682, 93
Trd, 8638699.482, 89
Trd, 8638700.982, 100
Trd, 8638703.182, 105
Trd, 8638703.782, 103
Trd, 8638704.432, 95
Trd, 8638705.982, 105
Trd, 8638706.682, 98
Trd, 8638711.982, 105
Trd, 8638712.582, 104
Trd, 8638712.632, 105
Trd, 8638713.332, 103
Trd, 8638715.132, 98
Trd, 8638716.632, 98
Trd, 8638717.582, 104
Trd, 8638717.982, 98
Trd, 8638719.782, 107
Trd, 8638719.832, 99
Trd, 8638720.182, 88
Trd, 8638723.682, 90
Trd, 8638724.832, 92
Trd, 8638725.682, 93
Trd, 8638726.032, 95
Trd, 8638726.182, 95
Trd, 8638728.532, 97
Trd, 8638729.482, 87
Trd, 8638730.132, 102
Trd, 8638733.032, 100
Trd, 8638733.832, 108
Trd, 8638737.232, 103
Trd, 8638737.932, 104
Trd, 8638738.732, 106
Trd, 8638740.282, 112
Trd, 8638740.482, 111
Trd, 8638740.732, 109
Trd, 8638743.632, 107
Trd, 8638743.782, 105
Trd, 8638744.782, 107
Trd, 8638745.682, 95
Trd, 8638748.682, 110
Trd, 8638749.632, 107
Trd, 8638750.282, 106
Trd, 8638750.582, 106
Trd, 8638751.182, 106
Trd, 8638751.232, 107
Trd, 8638751.432, 104
Trd, 8638756.982, 103
Trd, 8638757.232, 102
Trd, 8638758.082, 109
Trd, 8638758.982, 104
Trd, 8638760.632, 106
Trd, 8638761.032, 95
Trd, 8638761.782, 106
Trd, 8638764.182, 97
Trd, 8638764.382, 95
Trd, 8638764.832, 95
Trd, 8638765.932, 86
Trd, 8638766.282, 96
Trd, 8638768.132, 91
Trd, 8638770.382, 101
Trd, 8638770.582, 101
Trd, 8638771.032, 121
Trd, 8638771.232, 104
Trd, 8638772.482, 104
Trd, 8638774.882, 96
Trd, 8638775.332, 95
Trd, 8638777.482, 95
Trd, 8638779.932, 111
Trd, 8638780.682, 101
Trd, 8638781.832, 104
Trd, 8638782.632, 104
Trd, 8638783.782, 97
Trd, 8638784.332, 96
Trd, 8638787.032, 78
Trd, 8638789.282, 105
Trd, 8638790.682, 105
Trd, 8638791.382, 107
Trd, 8638793.182, 110
Trd, 8638793.282, 105
Trd, 8638794.432, 106
Trd, 8638796.382, 106
Trd, 8638796.782, 105
Trd, 8638797.882, 106
Trd, 8638798.832, 95
Trd, 8638799.832, 99
Trd, 8638800.632, 107
Trd, 8638804.132, 94
Trd, 8638804.382, 92
Trd, 8638804.682, 89
Trd, 8638805.782, 93
Trd, 8638807.332, 93
Trd, 8638810.882, 98
Trd, 8638811.132, 98
Trd, 8638813.532, 103
Trd, 8638813.982, 105
Trd, 8638815.282, 104
Trd, 8638817.882, 107
Trd, 8638817.982, 105
Trd, 8638820.582, 104
Trd, 8638820.682, 104
Trd, 8638823.332, 106
Trd, 8638823.882, 105
Trd, 8638824.132, 102
Trd, 8638825.532, 103
Trd, 8638826.582, 102
Trd, 8638826.732, 101
Trd, 8638828.582, 105
Trd, 8638829.432, 97
Trd, 8638832.232, 105
Trd, 8638832.682, 105
Trd, 8638833.582, 105
Trd, 8638834.082, 105
Trd, 8638834.832, 94
Trd, 8638835.732, 105
Trd, 8638837.232, 120
Trd, 8638838.082, 92
Trd, 8638839.282, 97
Trd, 8638840.782, 104
Trd, 8638841.632, 104
Trd, 8638844.932, 110
Trd, 8638844.982, 106
Trd, 8638845.082, 104
Trd, 8638846.482, 100
Trd, 8638847.332, 106
Trd, 8638848.882, 103
Trd, 8638850.782, 104
Trd, 8638852.632, 105
Trd, 8638852.782, 104
Trd, 8638853.732, 103
Trd, 8638857.032, 103
Trd, 8638857.332, 104
Trd, 8638858.832, 102
Trd, 8638859.582, 102
Trd, 8638859.632, 101
Trd, 8638861.982, 98
Trd, 8638863.382, 101
Trd, 8638863.682, 102
Trd, 8638864.482, 103
Trd, 8638864.982, 102
Trd, 8638866.582, 95
Trd, 8638869.182, 103
Trd, 8638869.282, 104
Trd, 8638869.432, 102
Trd, 8638872.082, 103
Trd, 8638873.082, 97
Trd, 8638874.382, 101
Trd, 8638875.082, 101
Trd, 8638877.782, 102
Trd, 8638879.032, 102
Trd, 8638879.332, 100
Trd, 8638880.832, 100
Trd, 8638882.082, 102
Trd, 8638884.632, 96
Trd, 8638884.782, 95
Trd, 8638885.732, 96
Trd, 8638886.932, 100
Trd, 8638887.082, 100
Trd, 8638887.732, 97
Trd, 8638889.032, 109
Trd, 8638891.232, 105
Trd, 8638892.682, 106
Trd, 8638895.232, 106
Trd, 8638895.482, 106
Trd, 8638896.732, 104
Trd, 8638899.432, 101
Trd, 8638900.482, 100
Trd, 8638900.882, 104
Trd, 8638902.232, 104
Trd, 8638902.532, 104
Trd, 8638902.682, 105
Trd, 8638903.732, 103
Trd, 8638904.582, 96
Trd, 8638906.032, 96
Trd, 8638907.582, 110
Trd, 8638910.232, 106
Trd, 8638910.532, 107
Trd, 8638910.782, 107
Trd, 8638911.132, 104
Trd, 8638913.382, 113
Trd, 8638914.882, 104
Trd, 8638915.232, 106
Trd, 8638916.632, 100
Trd, 8638917.732, 107
Trd, 8638918.882, 106
Trd, 8638919.582, 107
Trd, 8638920.282, 107
Trd, 8638921.582, 95
Trd, 8638923.032, 86
Trd, 8638926.882, 100
Trd, 8638927.382, 98
Trd, 8638928.032, 97
Trd, 8638928.482, 96
Trd, 8638931.732, 100
Trd, 8638931.882, 97
Trd, 8638933.632, 86
Trd, 8638935.832, 100
Trd, 8638936.032, 100
Trd, 8638937.032, 100
Trd, 8638937.132, 107
Trd, 8638937.982, 100
Trd, 8638941.282, 101
Trd, 8638941.932, 98
Trd, 8638942.282, 101
Trd, 8638944.682, 99
Trd, 8638946.332, 99
Trd, 8638948.882, 95
Trd, 8638950.382, 96
Trd, 8638950.782, 91
Trd, 8638952.182, 87
Trd, 8638952.282, 86
Trd, 8638953.432, 87
Trd, 8638954.082, 95
Trd, 8638954.932, 122
Trd, 8638957.932, 96
Trd, 8638958.332, 95
Trd, 8638959.032, 95
Trd, 8638960.032, 95
Trd, 8638961.832, 101
Trd, 8638962.482, 102
Trd, 8638963.232, 104
Trd, 8638963.932, 104
Trd, 8638965.282, 108
Trd, 8638965.932, 107
Trd, 8638966.132, 109
Trd, 8638967.282, 93
Trd, 8638967.532, 92
Trd, 8638967.782, 99
Trd, 8638970.832, 105
Trd, 8638971.182, 105
Trd, 8638972.582, 102
Trd, 8638973.182, 102
Trd, 8638973.732, 112
Trd, 8638975.082, 95
Trd, 8638976.982, 90
Trd, 8638978.032, 93
Trd, 8638979.432, 119
Trd, 8638982.082, 98
Trd, 8638982.882, 100
Trd, 8638983.432, 99
Trd, 8638984.232, 96
Trd, 8638985.332, 107
Trd, 8638986.232, 102
Trd, 8638987.282, 99
Trd, 8638989.132, 100
Trd, 8638989.482, 100
Trd, 8638989.632, 100
Trd, 8638990.332, 106
Trd, 8638995.482, 106
Trd, 8638995.682, 106
Trd, 8638995.982, 107
Trd, 8638996.382, 106
Trd, 8638996.882, 104
Trd, 8638998.432, 102
Trd, 8638999.532, 94
Trd, 8639000.932, 96
Trd, 8639001.232, 96
Trd, 8639001.832, 96
Trd, 8639002.982, 107
Trd, 8639005.232, 102
Trd, 8639005.982, 102
Trd, 8639009.382, 106
Trd, 8639009.832, 105
Trd, 8639010.282, 103
Trd, 8639011.782, 102
Trd, 8639014.532, 103
Trd, 8639015.632, 104
Trd, 8639015.782, 113
Trd, 8639016.232, 103
Trd, 8639016.532, 103
Trd, 8639017.932, 97
Trd, 8639020.132, 110
Trd, 8639022.732, 105
Trd, 8639023.782, 104
Trd, 8639023.882, 104
Trd, 8639024.632, 105
Trd, 8639025.982, 97
Trd, 8639026.382, 95
Trd, 8639027.782, 88
Trd, 8639028.382, 88
Trd, 8639031.682, 102
Trd, 8639032.582, 97
Trd, 8639034.082, 97
Trd, 8639034.282, 100
Trd, 8639037.882, 100
Trd, 8639038.882, 99
Trd, 8639039.282, 99
Trd, 8639039.582, 99
Trd, 8639039.732, 116
Trd, 8639041.682, 86
Trd, 8639042.782, 77
Trd, 8639042.932, 94
Trd, 8639044.532, 87
Trd, 8639045.432, 94
Trd, 8639049.082, 96
Trd, 8639050.632, 99
Trd, 8639051.882, 105
Trd, 8639052.482, 105
Trd, 8639052.832, 104
Trd, 8639055.182, 111
Trd, 8639055.782, 111
Trd, 8639055.832, 110
Trd, 8639056.282, 120
Trd, 8639056.432, 97
Trd, 8639056.582, 95
Trd, 8639059.132, 93
Trd, 8639059.632, 96
Trd, 8639060.082, 113
Trd, 8639064.532, 105
Trd, 8639064.682, 104
Trd, 8639065.232, 104
Trd, 8639066.182, 114
Trd, 8639066.232, 96
Trd, 8639069.532, 101
Trd, 8639071.732, 101
Trd, 8639071.782, 98
Trd, 8639072.432, 105
Trd, 8639074.932, 102
Trd, 8639075.982, 102
Trd, 8639076.382, 103
Trd, 8639076.732, 103
Trd, 8639077.132, 96
Trd, 8639077.832, 96
Trd, 8639081.282, 101
Trd, 8639082.382, 97
Trd, 8639083.182, 99
Trd, 8639084.132, 98
Trd, 8639084.882, 98
Trd, 8639085.482, 101
Trd, 8639085.932, 102
Trd, 8639089.232, 98
Trd, 8639089.682, 98
Trd, 8639090.532, 96
Trd, 8639093.682, 99
Trd, 8639094.432, 98
Trd, 8639094.682, 95
Trd, 8639095.182, 97
Trd, 8639097.882, 98
Trd, 8639099.582, 100
Trd, 8639099.682, 99
Trd, 8639100.682, 100
Trd, 8639102.582, 100
Trd, 8639104.182, 102
Trd, 8639106.332, 101
Trd, 8639106.732, 103
Trd, 8639107.832, 103
Trd, 8639108.182, 103
Trd, 8639109.782, 114
Trd, 8639111.782, 104
Trd, 8639114.332, 101
Trd, 8639115.082, 101
Trd, 8639115.432, 102
Trd, 8639117.082, 104
Trd, 8639117.682, 104
Trd, 8639118.082, 105
Trd, 8639118.632, 104
Trd, 8639119.582, 105
Trd, 8639119.732, 106
Trd, 8639119.982, 105
Trd, 8639121.482, 103
Trd, 8639122.732, 114
Trd, 8639123.532, 95
Trd, 8639123.882, 92
Trd, 8639124.882, 87
Trd, 8639128.332, 93
Trd, 8639128.732, 93
Trd, 8639129.682, 94
Trd, 8639130.182, 95
Trd, 8639131.832, 95
Trd, 8639131.882, 68
Trd, 8639133.482, 80
Trd, 8639137.232, 99
Trd, 8639137.332, 98
Trd, 8639138.432, 101
Trd, 8639138.532, 104
Trd, 8639138.682, 101
Trd, 8639140.582, 101
Trd, 8639140.932, 101
Trd, 8639141.432, 113
Trd, 8639144.282, 104
Trd, 8639144.782, 110
Trd, 8639146.532, 98
Trd, 8639148.232, 106
Trd, 8639150.182, 105
Trd, 8639151.582, 102
Trd, 8639152.182, 104
Trd, 8639153.182, 105
Trd, 8639154.532, 108
Trd, 8639154.582, 107
Trd, 8639155.782, 89
Trd, 8639158.732, 103
Trd, 8639159.332, 94
Trd, 8639161.532, 99
Trd, 8639161.882, 99
Trd, 8639162.482, 96
Trd, 8639164.882, 96
Trd, 8639166.732, 99
Trd, 8639166.882, 105
Trd, 8639168.082, 98
Trd, 8639170.132, 99
Trd, 8639171.932, 103
Trd, 8639172.282, 103
Trd, 8639173.182, 102
Trd, 8639173.732, 107
Trd, 8639174.982, 106
Trd, 8639175.732, 105
Trd, 8639176.932, 105
Trd, 8639178.882, 105
Trd, 8639179.232, 104
Trd, 8639180.632, 97
Trd, 8639180.732, 104
Trd, 8639183.332, 104
Trd, 8639183.482, 104
Trd, 8639184.082, 103
Trd, 8639184.982, 104
Trd, 8639188.332, 101
Trd, 8639189.582, 105
Trd, 8639190.632, 105
Trd, 8639190.782, 104
Trd, 8639191.532, 97
Trd, 8639191.982, 95
Trd, 8639193.382, 104
Trd, 8639194.482, 83
Trd, 8639194.732, 89
Trd, 8639199.182, 103
Trd, 8639201.182, 99
Trd, 8639202.332, 97
Trd, 8639203.332, 99
Trd, 8639203.932, 106
Trd, 8639204.432, 99
Trd, 8639206.682, 95
Trd, 8639208.982, 92
Trd, 8639209.532, 94
Trd, 8639210.432, 95
Trd, 8639211.582, 95
Trd, 8639212.432, 107
Trd, 8639215.232, 98
Trd, 8639216.732, 97
Trd, 8639217.882, 97
Trd, 8639218.282, 105
Trd, 8639218.332, 97
Trd, 8639220.882, 98
Trd, 8639221.632, 99
Trd, 8639221.782, 98
Trd, 8639223.482, 99
Trd, 8639226.082, 98
Trd, 8639227.632, 102
Trd, 8639227.982, 98
Trd, 8639229.032, 99
Trd, 8639229.882, 97
Trd, 8639230.632, 97
Trd, 8639232.682, 96
Trd, 8639233.082, 102
Trd, 8639234.632, 104
Trd, 8639237.032, 107
Trd, 8639237.082, 106
Trd, 8639238.882, 105
Trd, 8639239.832, 104
Trd, 8639239.882, 95
Trd, 8639241.182, 90
Trd, 8639242.932, 81
Trd, 8639244.232, 105
Trd, 8639244.832, 102
Trd, 8639246.782, 103
Trd, 8639247.032, 103
Trd, 8639248.282, 101
Trd, 8639248.832, 102
Trd, 8639249.232, 102
Trd, 8639251.082, 107
Trd, 8639253.332, 99
Trd, 8639253.932, 100
Trd, 8639254.182, 109
Trd, 8639256.432, 104
Trd, 8639256.782, 104
Trd, 8639258.882, 99
Trd, 8639259.032, 98
Trd, 8639260.032, 103
Trd, 8639260.832, 99
Trd, 8639261.782, 99
Trd, 8639262.082, 96
Trd, 8639265.982, 101
Trd, 8639266.632, 95
Trd, 8639268.832, 99
Trd, 8639268.982, 99
Trd, 8639269.132, 100
Trd, 8639269.232, 99
Trd, 8639269.282, 104
Trd, 8639269.732, 95
Trd, 8639272.832, 102
Trd, 8639274.632, 97
Trd, 8639275.082, 97
Trd, 8639277.282, 102
Trd, 8639277.482, 101
Trd, 8639277.632, 102
Trd, 8639281.432, 98
Trd, 8639281.532, 104
Trd, 8639283.032, 98
Trd, 8639283.782, 96
Trd, 8639286.132, 96
Trd, 8639286.332, 97
Trd, 8639287.582, 96
Trd, 8639288.482, 97
Trd, 8639288.932, 97
Trd, 8639290.182, 94
Trd, 8639291.182, 94
Trd, 8639292.832, 89
Trd, 8639294.732, 86
Trd, 8639296.182, 93
Trd, 8639296.532, 95
Trd, 8639297.432, 94
Trd, 8639298.032, 114
Trd, 8639298.182, 95
Trd, 8639300.182, 100
Trd, 8639300.982, 99
Trd, 8639301.582, 95
Trd, 8639302.532, 96
Trd, 8639302.582, 112
Trd, 8639307.332, 98
Trd, 8639307.832, 100
Trd, 8639308.482, 100
Trd, 8639308.532, 101
Trd, 8639309.382, 98
Trd, 8639310.582, 98
Trd, 8639313.432, 110
Trd, 8639314.682, 108
Trd, 8639315.182, 107
Trd, 8639315.382, 105
Trd, 8639316.382, 104
Trd, 8639319.182, 98
Trd, 8639319.482, 102
Trd, 8639320.982, 98
Trd, 8639321.182, 98
Trd, 8639322.082, 98
Trd, 8639323.532, 99
Trd, 8639323.582, 94
Trd, 8639324.282, 113
Trd, 8639327.282, 98
Trd, 8639327.982, 98
Trd, 8639328.532, 97
Trd, 8639328.882, 97
Trd, 8639329.582, 96
Trd, 8639333.082, 104
Trd, 8639333.432, 104
Trd, 8639334.282, 104
Trd, 8639334.982, 103
Trd, 8639335.482, 102
Trd, 8639336.832, 118
Trd, 8639339.482, 104
Trd, 8639340.432, 106
Trd, 8639341.182, 106
Trd, 8639342.232, 115
Trd, 8639343.782, 105
Trd, 8639344.632, 108
Trd, 8639345.182, 104
Trd, 8639347.632, 106
Trd, 8639349.232, 103
Trd, 8639349.782, 102
Trd, 8639351.782, 96
Trd, 8639352.932, 98
Trd, 8639353.082, 99
Trd, 8639353.732, 97
Trd, 8639354.182, 96
Trd, 8639356.432, 96
Trd, 8639357.882, 95
Trd, 8639358.332, 96
Trd, 8639359.582, 96
Trd, 8639359.782, 104
Trd, 8639360.532, 96
Trd, 8639363.982, 97
Trd, 8639364.582, 111
Trd, 8639364.932, 98
Trd, 8639367.182, 99
Trd, 8639367.332, 99
Trd, 8639367.982, 107
Trd, 8639368.932, 101
Trd, 8639369.032, 100
Trd, 8639370.732, 99
Trd, 8639372.232, 100
Trd, 8639372.782, 102
Trd, 8639372.882, 101
Trd, 8639375.432, 101
Trd, 8639377.532, 106
Trd, 8639378.082, 103
Trd, 8639378.832, 103
Trd, 8639379.682, 107
Trd, 8639380.482, 105
Trd, 8639383.182, 104
Trd, 8639384.582, 103
Trd, 8639385.082, 103
Trd, 8639386.282, 104
Trd, 8639387.882, 107
Trd, 8639388.832, 112
Trd, 8639389.382, 106
Trd, 8639391.282, 104
Trd, 8639391.432, 105
Trd, 8639393.782, 102
Trd, 8639394.382, 104
Trd, 8639394.682, 103
Trd, 8639395.582, 102
Trd, 8639395.882, 103
Trd, 8639396.632, 95
Trd, 8639399.982, 95
Trd, 8639400.182, 95
Trd, 8639402.382, 101
Trd, 8639402.532, 99
Trd, 8639405.232, 99
Trd, 8639405.432, 95
Trd, 8639407.032, 74
Trd, 8639408.082, 87
Trd, 8639409.832, 84
Trd, 8639409.982, 95
Trd, 8639410.982, 96
Trd, 8639414.132, 102
Trd, 8639414.432, 102
Trd, 8639415.082, 105
Trd, 8639415.282, 104
Trd, 8639416.482, 102
Trd, 8639417.932, 103
Trd, 8639420.282, 100
Trd, 8639420.732, 100
Trd, 8639420.932, 100
Trd, 8639421.432, 104
Trd, 8639423.682, 102
Trd, 8639426.982, 101
Trd, 8639427.582, 100
Trd, 8639428.032, 101
Trd, 8639428.632, 99
Trd, 8639430.182, 99
Trd, 8639430.632, 104
Trd, 8639434.532, 110
Trd, 8639435.132, 109
Trd, 8639435.532, 104
Trd, 8639436.332, 120
Trd, 8639437.032, 96
Trd, 8639440.082, 100
Trd, 8639440.382, 101
Trd, 8639441.082, 100
Trd, 8639442.082, 98
Trd, 8639444.032, 105
Trd, 8639444.582, 99
Trd, 8639447.332, 103
Trd, 8639447.632, 103
Trd, 8639448.232, 101
Trd, 8639448.432, 118
Trd, 8639450.332, 101
Trd, 8639451.532, 101
Trd, 8639452.632, 100
Trd, 8639453.082, 95
Trd, 8639454.432, 95
Trd, 8639456.182, 98
Trd, 8639456.382, 94
Trd, 8639457.332, 96
Trd, 8639457.382, 86
Trd, 8639459.082, 104
Trd, 8639462.932, 98
Trd, 8639463.232, 100
Trd, 8639463.882, 99
Trd, 8639464.732, 98
Trd, 8639466.332, 97
Trd, 8639468.382, 102
Trd, 8639469.082, 99
Trd, 8639472.082, 97
Trd, 8639472.782, 96
Trd, 8639473.082, 96
Trd, 8639473.382, 99
Trd, 8639475.182, 116
Trd, 8639475.632, 93
Trd, 8639475.732, 94
Trd, 8639477.432, 95
Trd, 8639478.932, 88
Trd, 8639483.032, 92
Trd, 8639483.832, 94
Trd, 8639484.832, 95
Trd, 8639485.232, 95
Trd, 8639487.132, 96
Trd, 8639487.732, 118
Trd, 8639490.032, 103
Trd, 8639490.532, 101
Trd, 8639491.282, 102
Trd, 8639491.382, 101
Trd, 8639494.632, 109
Trd, 8639495.782, 103
Trd, 8639496.282, 100
Trd, 8639498.132, 103
Trd, 8639498.682, 104
Trd, 8639500.582, 106
Trd, 8639502.082, 106
Trd, 8639503.632, 109
Trd, 8639503.682, 106
Trd, 8639504.782, 95
Trd, 8639508.132, 97
Trd, 8639508.882, 99
Trd, 8639509.882, 97
Trd, 8639514.582, 101
Trd, 8639515.132, 101
Trd, 8639515.932, 100
Trd, 8639517.582, 95
Trd, 8639517.982, 95
Trd, 8639518.732, 88
Trd, 8639519.532, 97
Trd, 8639522.382, 95
Trd, 8639522.882, 69
Trd, 8639524.332, 83
Trd, 8639526.432, 86
Trd, 8639526.932, 93
Trd, 8639528.432, 94
Trd, 8639529.682, 92
Trd, 8639530.982, 94
Trd, 8639531.132, 95
Trd, 8639531.182, 94
Trd, 8639532.682, 105
Trd, 8639534.682, 100
Trd, 8639536.132, 103
Trd, 8639536.782, 104
Trd, 8639538.382, 95
Trd, 8639540.882, 95
Trd, 8639541.632, 86
Trd, 8639543.282, 92
Trd, 8639546.032, 91
Trd, 8639546.632, 87
Trd, 8639547.032, 86
Trd, 8639547.882, 87
Trd, 8639547.982, 91
Trd, 8639548.332, 95
Trd, 8639549.482, 90
Trd, 8639550.332, 88
Trd, 8639552.982, 80
Trd, 8639555.732, 97
Trd, 8639555.832, 99
Trd, 8639557.332, 98
Trd, 8639559.482, 98
Trd, 8639560.432, 100
Trd, 8639560.632, 100
Trd, 8639561.232, 109
Trd, 8639562.832, 104
Trd, 8639563.582, 104
Trd, 8639564.432, 101
Trd, 8639566.582, 101
Trd, 8639569.232, 105
Trd, 8639569.732, 106
Trd, 8639570.882, 95
Trd, 8639571.882, 94
Trd, 8639572.432, 108
Trd, 8639575.632, 94
Trd, 8639576.182, 94
Trd, 8639578.732, 101
Trd, 8639578.782, 100
Trd, 8639579.782, 99
Trd, 8639580.582, 99
Trd, 8639580.982, 98
Trd, 8639582.182, 118
Trd, 8639583.932, 98
Trd, 8639585.232, 88
Trd, 8639586.482, 107
Trd, 8639588.782, 104
Trd, 8639589.432, 105
Trd, 8639589.932, 107
Trd, 8639591.032, 107
Trd, 8639592.132, 94
Trd, 8639595.232, 99
Trd, 8639595.682, 106
Trd, 8639595.782, 99
Trd, 8639598.382, 101
Trd, 8639598.432, 100
Trd, 8639601.532, 104
Trd, 8639601.732, 104
Trd, 8639602.332, 104
Trd, 8639602.932, 104
Trd, 8639603.482, 107
Trd, 8639605.832, 107
Trd, 8639606.632, 96
Trd, 8639608.232, 106
Trd, 8639609.382, 104
Trd, 8639610.482, 104
Trd, 8639610.882, 95
Trd, 8639613.382, 91
Trd, 8639614.082, 97
Trd, 8639614.932, 93
Trd, 8639617.682, 101
Trd, 8639619.382, 100
Trd, 8639619.632, 102
Trd, 8639620.232, 103
Trd, 8639621.582, 107
Trd, 8639622.782, 105
Trd, 8639623.882, 114
Trd, 8639626.532, 103
Trd, 8639627.982, 110
Trd, 8639628.832, 109
Trd, 8639629.432, 108
Trd, 8639630.282, 106
Trd, 8639631.232, 104
Trd, 8639634.082, 100
Trd, 8639634.182, 103
Trd, 8639635.582, 103
Trd, 8639636.082, 104
Trd, 8639637.232, 102
Trd, 8639639.732, 106
Trd, 8639640.832, 101
Trd, 8639641.782, 102
Trd, 8639643.582, 86
Trd, 8639644.882, 98
Trd, 8639645.282, 97
Trd, 8639645.632, 105
Trd, 8639646.682, 95
Trd, 8639650.532, 90
Trd, 8639652.632, 100
Trd, 8639652.782, 101
Trd, 8639652.882, 100
Trd, 8639654.582, 99
Trd, 8639655.132, 99
Trd, 8639657.082, 99
Trd, 8639658.132, 104
Trd, 8639658.782, 102
Trd, 8639658.882, 94
Trd, 8639661.582, 94
Trd, 8639661.932, 94
Trd, 8639663.782, 97
Trd, 8639664.732, 95
Trd, 8639665.182, 94
Trd, 8639665.332, 77
Trd, 8639667.332, 94
Trd, 8639668.832, 91
Trd, 8639670.182, 96
Trd, 8639672.432, 104
Trd, 8639672.482, 102
Trd, 8639673.282, 102
Trd, 8639674.182, 104
Trd, 8639676.082, 104
Trd, 8639677.332, 81
Trd, 8639680.282, 97
Trd, 8639680.432, 97
Trd, 8639680.832, 96
Trd, 8639681.032, 96
Trd, 8639682.482, 96
Trd, 8639682.632, 95
Trd, 8639685.932, 98
Trd, 8639686.682, 97
Trd, 8639687.032, 97
Trd, 8639687.082, 96
Trd, 8639689.582, 101
Trd, 8639691.982, 98
Trd, 8639692.232, 100
Trd, 8639693.682, 98
Trd, 8639693.732, 97
Trd, 8639697.532, 99
Trd, 8639698.032, 101
Trd, 8639698.082, 103
Trd, 8639698.432, 114
Trd, 8639699.332, 101
Trd, 8639699.632, 95
Trd, 8639700.232, 86
Trd, 8639704.482, 98
Trd, 8639705.132, 97
Trd, 8639705.532, 98
Trd, 8639705.932, 99
Trd, 8639707.732, 104
Trd, 8639707.882, 104
Trd, 8639709.332, 103
Trd, 8639710.732, 104
Trd, 8639711.382, 90
Trd, 8639713.432, 89
Trd, 8639714.532, 87
Trd, 8639714.932, 107
Trd, 8639715.332, 96
Trd, 8639715.882, 105
Trd, 8639718.232, 96
Trd, 8639719.732, 96
Trd, 8639721.132, 98
Trd, 8639721.482, 96
Trd, 8639721.982, 97
Trd, 8639723.082, 96
Trd, 8639724.182, 95
Trd, 8639724.782, 105
Trd, 8639725.232, 78
Trd, 8639725.532, 117
Trd, 8639728.882, 90
Trd, 8639729.832, 95
Trd, 8639730.032, 96
Trd, 8639733.182, 98
Trd, 8639733.732, 98
Trd, 8639734.432, 101
Trd, 8639736.082, 99
Trd, 8639736.282, 99
Trd, 8639739.032, 102
Trd, 8639741.482, 93
Trd, 8639743.232, 91
Trd, 8639743.482, 90
Trd, 8639743.982, 94
Trd, 8639745.032, 89
Trd, 8639745.882, 91
Trd, 8639747.232, 95
Trd, 8639747.482, 106
Trd, 8639747.882, 93
Trd, 8639752.132, 102
Trd, 8639752.282, 102
Trd, 8639752.332, 100
Trd, 8639753.782, 100
Trd, 8639754.782, 101
Trd, 8639755.032, 103
Trd, 8639756.882, 102
Trd, 8639757.982, 98
Trd, 8639758.982, 99
Trd, 8639759.382, 98
Trd, 8639760.832, 98
Trd, 8639761.132, 97
Trd, 8639761.432, 98
Trd, 8639763.482, 99
Trd, 8639764.982, 99
Trd, 8639765.832, 99
Trd, 8639766.432, 95
Trd, 8639770.582, 100
Trd, 8639771.982, 99
Trd, 8639773.182, 103
Trd, 8639773.582, 106
Trd, 8639774.032, 104
Trd, 8639774.882, 103
Trd, 8639775.232, 122
Trd, 8639775.382, 94
Trd, 8639777.082, 81
Trd, 8639780.232, 98
Trd, 8639780.482, 110
Trd, 8639781.082, 94
Trd, 8639784.082, 101
Trd, 8639784.332, 101
Trd, 8639784.932, 111
Trd, 8639785.182, 102
Trd, 8639786.932, 105
Trd, 8639787.132, 105
Trd, 8639787.182, 104
Trd, 8639791.182, 99
Trd, 8639791.632, 98
Trd, 8639792.632, 102
Trd, 8639793.982, 103
Trd, 8639794.282, 103
Trd, 8639794.832, 103
Trd, 8639797.282, 102
Trd, 8639797.882, 102
Trd, 8639798.032, 100
Trd, 8639799.082, 117
Trd, 8639800.682, 97
Trd, 8639802.932, 101
Trd, 8639803.332, 97
Trd, 8639804.182, 96
Trd, 8639804.532, 98
Trd, 8639805.032, 97
Trd, 8639807.832, 100
Trd, 8639808.432, 100
Trd, 8639810.132, 100
Trd, 8639812.632, 99
Trd, 8639813.332, 98
Trd, 8639813.382, 97
Trd, 8639814.632, 98
Trd, 8639815.982, 99
Trd, 8639817.132, 99
Trd, 8639819.482, 95
Trd, 8639819.682, 106
Trd, 8639820.932, 87
Trd, 8639822.432, 89
Trd, 8639823.432, 99
Trd, 8639825.032, 101
Trd, 8639825.382, 102
Trd, 8639826.982, 104
Trd, 8639828.832, 105
Trd, 8639828.882, 104
Trd, 8639829.382, 109
Trd, 8639830.382, 97
Trd, 8639832.132, 99
Trd, 8639833.282, 101
Trd, 8639834.232, 102
Trd, 8639834.932, 103
Trd, 8639836.432, 122
Trd, 8639836.582, 99
Trd, 8639838.082, 97
Trd, 8639841.632, 109
Trd, 8639842.282, 110
Trd, 8639842.382, 109
Trd, 8639842.832, 108
Trd, 8639845.432, 95
Trd, 8639846.582, 113
Trd, 8639848.582, 98
Trd, 8639850.082, 111
Trd, 8639851.282, 105
Trd, 8639852.982, 105
Trd, 8639853.432, 104
Trd, 8639855.382, 98
Trd, 8639856.082, 98
Trd, 8639856.382, 98
Trd, 8639856.532, 95
Trd, 8639858.882, 106
Trd, 8639861.032, 110
Trd, 8639861.532, 99
Trd, 8639863.532, 103
Trd, 8639864.282, 104
Trd, 8639864.782, 94
Trd, 8639865.832, 90
Trd, 8639866.732, 100
Trd, 8639867.982, 92
Trd, 8639869.732, 98
Trd, 8639872.232, 105
Trd, 8639872.482, 106
Trd, 8639872.582, 111
Trd, 8639873.632, 105
Trd, 8639875.982, 98
Trd, 8639878.382, 100
Trd, 8639878.732, 95
Trd, 8639880.032, 101
Trd, 8639882.032, 87
Trd, 8639884.482, 93
Trd, 8639884.632, 94
Trd, 8639885.232, 94
Trd, 8639885.432, 94
Trd, 8639885.832, 95
Trd, 8639885.982, 86
Trd, 8639889.532, 84
Trd, 8639891.182, 86
Trd, 8639891.532, 96
Trd, 8639892.782, 102
Trd, 8639895.582, 104
Trd, 8639896.032, 102
Trd, 8639896.482, 98
Trd, 8639898.182, 94
Trd, 8639899.732, 97
Trd, 8639899.932, 97
Trd, 8639900.632, 98
Trd, 8639901.582, 104
Trd, 8639901.682, 98
Trd, 8639903.282, 96
Trd, 8639906.082, 103
Trd, 8639907.082, 103
Trd, 8639907.682, 103
Trd, 8639908.182, 95
Trd, 8639912.182, 89
Trd, 8639913.282, 93
Trd, 8639913.932, 92
Trd, 8639915.482, 103
Trd, 8639917.082, 95
Trd, 8639918.032, 96
Trd, 8639918.782, 98
Trd, 8639919.782, 98
Trd, 8639920.182, 98
Trd, 8639923.782, 103
Trd, 8639923.832, 104
Trd, 8639923.932, 104
Trd, 8639925.282, 105
Trd, 8639925.732, 104
Trd, 8639926.032, 107
Trd, 8639929.882, 101
Trd, 8639929.982, 100
Trd, 8639931.582, 99
Trd, 8639931.682, 99
Trd, 8639932.732, 101
Trd, 8639934.232, 103
Trd, 8639934.582, 102
Trd, 8639935.682, 104
Trd, 8639937.382, 103
Trd, 8639937.432, 102
Trd, 8639937.632, 103
Trd, 8639941.932, 97
Trd, 8639942.932, 97
Trd, 8639943.132, 98
Trd, 8639943.332, 95
Trd, 8639944.632, 87
Trd, 8639946.082, 94
Trd, 8639946.382, 87
Trd, 8639947.432, 95
Trd, 8639950.282, 101
Trd, 8639950.932, 102
Trd, 8639951.282, 95
Trd, 8639952.182, 101
Trd, 8639954.982, 100
Trd, 8639955.132, 99
Trd, 8639956.832, 95
Trd, 8639957.832, 96
Trd, 8639958.982, 96
Trd, 8639959.182, 118
Trd, 8639960.882, 95
Trd, 8639962.232, 90
Trd, 8639964.332, 103
Trd, 8639965.532, 99
Trd, 8639966.232, 98
Trd, 8639966.732, 106
Trd, 8639966.782, 98
Trd, 8639970.882, 103
Trd, 8639971.382, 102
Trd, 8639972.482, 103
Trd, 8639973.032, 102
Trd, 8639973.582, 96
Trd, 8639978.282, 101
Trd, 8639978.532, 103
Trd, 8639979.782, 100
Trd, 8639982.432, 98
Trd, 8639983.332, 97
Trd, 8639983.932, 104
Trd, 8639986.682, 99
Trd, 8639987.232, 97
Trd, 8639987.382, 96
Trd, 8639988.882, 95
Trd, 8639988.982, 95
Trd, 8639989.232, 105
Trd, 8639993.132, 100
Trd, 8639994.982, 97
Trd, 8639995.532, 96
Trd, 8639999.232, 100
Trd, 8639999.582, 102
