Trd, 8637924.082, 100
Trd, 8637925.132, 113
Trd, 8637925.782, 111
Trd, 8637927.282, 86
Trd, 8637928.382, 85
Trd, 8637928.982, 104
Trd, 8637931.182, 99
Trd, 8637931.932, 107
Trd, 8637933.582, 96
Trd, 8637933.732, 79
Trd, 8637935.782, 102
Trd, 8637936.182, 103
Trd, 8637936.282, 101
Trd, 8637937.682, 109
Trd, 8637938.382, 93
Trd, 8637939.932, 97
Trd, 8637941.582, 101
Trd, 8637943.582, 99
Trd, 8637945.732, 79
Trd, 8637946.382, 86
Trd, 8637949.032, 82
Trd, 8637949.332, 91
Trd, 8637950.432, 103
Trd, 8637951.682, 110
Trd, 8637952.232, 98
Trd, 8637952.632, 112
Trd, 8637956.782, 92
Trd, 8637957.532, 94
Trd, 8637958.082, 88
Trd, 8637958.182, 95
Trd, 8637960.182, 78
Trd, 8637960.832, 95
Trd, 8637962.632, 73
Trd, 8637964.632, 98
Trd, 8637965.182, 98
Trd, 8637966.382, 93
Trd, 8637966.482, 105
Trd, 8637967.532, 86
Trd, 8637968.732, 110
Trd, 8637968.882, 109
Trd, 8637969.282, 116
Trd, 8637971.982, 104
Trd, 8637972.932, 127
Trd, 8637973.282, 106
Trd, 8637975.882, 108
Trd, 8637976.982, 103
Trd, 8637977.582, 96
Trd, 8637981.532, 95
Trd, 8637981.932, 96
Trd, 8637982.382, 93
Trd, 8637982.432, 104
Trd, 8637985.632, 101
Trd, 8637986.082, 106
Trd, 8637986.182, 96
Trd, 8637986.332, 117
Trd, 8637988.482, 68
Trd, 8637989.832, 70
Trd, 8637991.132, 89
Trd, 8637991.332, 90
Trd, 8637992.482, 95
Trd, 8637992.732, 103
Trd, 8637993.982, 101
Trd, 8637996.032, 100
Trd, 8637997.232, 86
Trd, 8637998.782, 95
Trd, 8637999.482, 89
Trd, 8637999.732, 83
Trd, 8638001.482, 104
Trd, 8638003.682, 98
Trd, 8638003.832, 113
Trd, 8638005.082, 93
Trd, 8638005.282, 95
Trd, 8638005.482, 97
Trd, 8638007.532, 99
Trd, 8638008.482, 97
Trd, 8638009.332, 98
Trd, 8638009.582, 105
Trd, 8638012.932, 69
Trd, 8638014.182, 88
Trd, 8638014.932, 89
Trd, 8638015.532, 88
Trd, 8638016.832, 100
Trd, 8638017.182, 104
Trd, 8638017.582, 135
Trd, 8638018.482, 105
Trd, 8638018.632, 99
Trd, 8638019.632, 69
Trd, 8638021.532, 95
Trd, 8638021.982, 107
Trd, 8638022.982, 95
Trd, 8638024.132, 104
Trd, 8638024.232, 83
Trd, 8638025.882, 104
Trd, 8638026.182, 114
Trd, 8638029.832, 90
Trd, 8638030.432, 82
Trd, 8638031.282, 101
Trd, 8638033.532, 84
Trd, 8638034.632, 95
Trd, 8638036.532, 98
Trd, 8638036.632, 100
Trd, 8638037.732, 92
Trd, 8638038.832, 80
Trd, 8638039.482, 86
Trd, 8638040.982, 103
Trd, 8638041.732, 113
Trd, 8638043.732, 95
Trd, 8638044.132, 93
Trd, 8638045.332, 70
Trd, 8638045.932, 101
Trd, 8638049.132, 114
Trd, 8638049.682, 112
Trd, 8638050.782, 107
Trd, 8638050.982, 70
Trd, 8638052.182, 88
Trd, 8638052.682, 89
Trd, 8638055.432, 94
Trd, 8638056.632, 79
Trd, 8638056.782, 104
Trd, 8638057.582, 107
Trd, 8638057.882, 88
Trd, 8638058.882, 105
Trd, 8638061.082, 110
Trd, 8638061.332, 109
Trd, 8638061.832, 93
Trd, 8638064.332, 89
Trd, 8638064.482, 91
Trd, 8638064.882, 84
Trd, 8638067.682, 86
Trd, 8638068.182, 81
Trd, 8638068.482, 96
Trd, 8638069.932, 92
Trd, 8638070.532, 103
Trd, 8638071.382, 104
Trd, 8638072.282, 92
Trd, 8638073.282, 91
Trd, 8638073.832, 109
Trd, 8638075.732, 95
Trd, 8638078.232, 85
Trd, 8638078.832, 86
Trd, 8638080.832, 97
Trd, 8638081.082, 98
Trd, 8638082.732, 105
Trd, 8638082.882, 104
Trd, 8638084.282, 96
Trd, 8638086.532, 95
Trd, 8638086.782, 98
Trd, 8638087.632, 104
Trd, 8638088.232, 90
Trd, 8638089.382, 125
Trd, 8638089.882, 106
Trd, 8638090.332, 105
Trd, 8638092.332, 89
Trd, 8638095.032, 107
Trd, 8638095.432, 112
Trd, 8638095.482, 99
Trd, 8638095.582, 98
Trd, 8638097.382, 105
Trd, 8638098.282, 96
Trd, 8638100.032, 90
Trd, 8638101.232, 89
Trd, 8638102.032, 89
Trd, 8638103.632, 73
Trd, 8638106.582, 81
Trd, 8638107.732, 85
Trd, 8638107.832, 93
Trd, 8638108.782, 95
Trd, 8638109.132, 101
Trd, 8638110.832, 106
Trd, 8638112.382, 88
Trd, 8638113.432, 86
Trd, 8638114.932, 77
Trd, 8638116.532, 95
Trd, 8638117.632, 94
Trd, 8638119.482, 71
Trd, 8638120.032, 93
Trd, 8638120.232, 95
Trd, 8638121.782, 115
Trd, 8638125.032, 105
Trd, 8638125.282, 103
Trd, 8638125.432, 91
Trd, 8638126.232, 95
Trd, 8638126.932, 95
Trd, 8638128.032, 85
Trd, 8638128.982, 112
Trd, 8638130.632, 96
Trd, 8638132.332, 95
Trd, 8638132.982, 100
Trd, 8638133.932, 96
Trd, 8638136.482, 83
Trd, 8638136.732, 82
Trd, 8638138.132, 70
Trd, 8638138.282, 97
Trd, 8638138.382, 100
Trd, 8638141.982, 99
Trd, 8638142.882, 103
Trd, 8638142.932, 97
Trd, 8638144.982, 96
Trd, 8638145.582, 104
Trd, 8638146.582, 92
Trd, 8638147.982, 71
Trd, 8638148.982, 102
Trd, 8638151.482, 96
Trd, 8638152.532, 97
Trd, 8638153.832, 88
Trd, 8638154.832, 96
Trd, 8638155.132, 104
Trd, 8638159.582, 95
Trd, 8638160.032, 78
Trd, 8638160.082, 97
Trd, 8638161.732, 96
Trd, 8638162.832, 99
Trd, 8638162.932, 87
Trd, 8638163.332, 104
Trd, 8638165.632, 88
Trd, 8638167.032, 94
Trd, 8638167.432, 95
Trd, 8638168.382, 107
Trd, 8638168.782, 83
Trd, 8638169.732, 103
Trd, 8638170.632, 121
Trd, 8638170.932, 104
Trd, 8638172.232, 93
Trd, 8638173.032, 95
Trd, 8638173.882, 74
Trd, 8638174.482, 114
Trd, 8638176.382, 83
Trd, 8638177.432, 76
Trd, 8638178.332, 76
Trd, 8638178.682, 87
Trd, 8638182.382, 82
Trd, 8638182.832, 97
Trd, 8638184.382, 85
Trd, 8638184.632, 95
Trd, 8638185.982, 101
Trd, 8638186.532, 94
Trd, 8638187.182, 97
Trd, 8638191.932, 95
Trd, 8638192.182, 95
Trd, 8638193.582, 94
Trd, 8638193.632, 101
Trd, 8638193.932, 75
Trd, 8638196.182, 95
Trd, 8638198.432, 87
Trd, 8638198.482, 80
Trd, 8638201.232, 85
Trd, 8638201.482, 99
Trd, 8638201.982, 91
Trd, 8638203.532, 99
Trd, 8638204.632, 103
Trd, 8638205.432, 78
Trd, 8638205.682, 95
Trd, 8638207.032, 86
Trd, 8638208.182, 94
Trd, 8638209.732, 105
Trd, 8638210.482, 84
Trd, 8638213.182, 101
Trd, 8638214.132, 112
Trd, 8638215.182, 117
Trd, 8638215.282, 112
Trd, 8638216.082, 111
Trd, 8638218.182, 91
Trd, 8638219.232, 69
Trd, 8638220.332, 96
Trd, 8638220.982, 87
Trd, 8638222.282, 71
Trd, 8638222.732, 114
Trd, 8638224.682, 97
Trd, 8638226.832, 93
Trd, 8638227.632, 98
Trd, 8638228.182, 75
Trd, 8638231.332, 96
Trd, 8638232.082, 95
Trd, 8638233.382, 101
Trd, 8638234.432, 90
Trd, 8638236.682, 94
Trd, 8638237.932, 100
Trd, 8638238.082, 95
Trd, 8638238.682, 79
Trd, 8638240.682, 95
Trd, 8638241.882, 101
Trd, 8638242.382, 93
Trd, 8638244.332, 89
Trd, 8638245.132, 81
Trd, 8638246.482, 87
Trd, 8638248.782, 86
Trd, 8638249.182, 100
Trd, 8638250.082, 114
Trd, 8638251.082, 86
Trd, 8638251.132, 113
Trd, 8638251.832, 82
Trd, 8638252.432, 92
Trd, 8638254.482, 95
Trd, 8638255.282, 73
Trd, 8638255.432, 73
Trd, 8638255.532, 78
Trd, 8638259.732, 87
Trd, 8638260.282, 95
Trd, 8638261.382, 88
Trd, 8638262.882, 105
Trd, 8638263.532, 96
Trd, 8638264.882, 69
Trd, 8638267.532, 95
Trd, 8638269.632, 91
Trd, 8638269.932, 92
Trd, 8638271.232, 95
Trd, 8638271.382, 89
Trd, 8638272.532, 96
Trd, 8638272.632, 109
Trd, 8638275.632, 92
Trd, 8638276.382, 83
Trd, 8638278.732, 97
Trd, 8638279.832, 106
Trd, 8638280.082, 109
Trd, 8638280.832, 113
Trd, 8638282.782, 92
Trd, 8638283.132, 91
Trd, 8638284.032, 87
Trd, 8638285.832, 95
Trd, 8638287.682, 95
Trd, 8638288.882, 75
Trd, 8638289.282, 90
Trd, 8638290.832, 95
Trd, 8638292.782, 101
Trd, 8638292.932, 106
Trd, 8638293.232, 81
Trd, 8638293.982, 99
Trd, 8638294.782, 104
Trd, 8638296.882, 81
Trd, 8638298.482, 76
Trd, 8638299.432, 92
Trd, 8638300.082, 99
Trd, 8638302.632, 106
Trd, 8638302.682, 97
Trd, 8638302.832, 92
Trd, 8638304.832, 97
Trd, 8638306.732, 88
Trd, 8638307.482, 92
Trd, 8638307.782, 90
Trd, 8638308.282, 97
Trd, 8638310.582, 95
Trd, 8638313.382, 73
Trd, 8638314.232, 96
Trd, 8638315.632, 104
Trd, 8638316.082, 92
Trd, 8638317.982, 104
Trd, 8638318.732, 98
Trd, 8638318.982, 115
Trd, 8638320.532, 88
Trd, 8638321.232, 84
Trd, 8638321.382, 126
Trd, 8638324.182, 103
Trd, 8638324.282, 100
Trd, 8638324.632, 105
Trd, 8638327.532, 104
Trd, 8638328.482, 90
Trd, 8638329.132, 115
Trd, 8638329.432, 79
Trd, 8638331.532, 97
Trd, 8638331.632, 73
Trd, 8638333.432, 93
Trd, 8638335.682, 94
Trd, 8638338.732, 96
Trd, 8638339.382, 96
Trd, 8638340.432, 100
Trd, 8638342.632, 103
Trd, 8638344.682, 91
Trd, 8638345.182, 92
Trd, 8638345.682, 89
Trd, 8638346.332, 96
Trd, 8638347.732, 85
Trd, 8638348.682, 101
Trd, 8638349.882, 114
Trd, 8638350.832, 137
Trd, 8638351.132, 89
Trd, 8638351.682, 87
Trd, 8638353.682, 98
Trd, 8638354.482, 100
Trd, 8638355.482, 90
Trd, 8638357.032, 105
Trd, 8638357.232, 83
Trd, 8638357.632, 108
Trd, 8638360.182, 94
Trd, 8638360.732, 104
Trd, 8638360.932, 92
Trd, 8638362.882, 102
Trd, 8638364.982, 96
Trd, 8638365.782, 89
Trd, 8638368.282, 71
Trd, 8638369.282, 77
Trd, 8638369.482, 78
Trd, 8638370.332, 95
Trd, 8638372.082, 71
Trd, 8638372.332, 90
Trd, 8638372.632, 97
Trd, 8638375.432, 110
Trd, 8638377.032, 104
Trd, 8638377.182, 92
Trd, 8638378.532, 86
Trd, 8638379.182, 80
Trd, 8638379.732, 79
Trd, 8638381.832, 87
Trd, 8638382.282, 96
Trd, 8638384.432, 107
Trd, 8638386.232, 134
Trd, 8638387.432, 111
Trd, 8638387.732, 111
Trd, 8638389.132, 106
Trd, 8638389.182, 103
Trd, 8638390.032, 74
Trd, 8638390.632, 89
Trd, 8638392.432, 102
Trd, 8638394.832, 104
Trd, 8638394.882, 102
Trd, 8638395.032, 107
Trd, 8638396.082, 100
Trd, 8638397.732, 101
Trd, 8638398.782, 104
Trd, 8638399.332, 84
Trd, 8638401.032, 89
Trd, 8638403.082, 74
Trd, 8638405.232, 99
Trd, 8638405.682, 105
Trd, 8638408.332, 97
Trd, 8638409.332, 103
Trd, 8638409.732, 101
Trd, 8638409.782, 80
Trd, 8638412.032, 88
Trd, 8638412.682, 112
Trd, 8638414.732, 86
Trd, 8638414.932, 83
Trd, 8638415.632, 83
Trd, 8638418.932, 110
Trd, 8638419.532, 97
Trd, 8638420.632, 96
Trd, 8638420.682, 95
Trd, 8638421.132, 93
Trd, 8638421.482, 93
Trd, 8638423.682, 97
Trd, 8638424.682, 102
Trd, 8638426.782, 108
Trd, 8638429.932, 102
Trd, 8638430.232, 119
Trd, 8638431.382, 102
Trd, 8638432.032, 96
Trd, 8638432.782, 82
Trd, 8638434.482, 86
Trd, 8638434.782, 87
Trd, 8638435.732, 96
Trd, 8638436.632, 105
Trd, 8638438.982, 100
Trd, 8638439.032, 92
Trd, 8638439.882, 110
Trd, 8638440.132, 108
Trd, 8638441.482, 90
Trd, 8638442.582, 105
Trd, 8638444.082, 107
Trd, 8638444.732, 110
Trd, 8638445.532, 106
Trd, 8638445.932, 101
Trd, 8638446.782, 85
Trd, 8638448.882, 106
Trd, 8638449.932, 89
Trd, 8638451.232, 113
Trd, 8638451.582, 111
Trd, 8638451.682, 96
Trd, 8638451.932, 116
Trd, 8638454.032, 73
Trd, 8638455.082, 98
Trd, 8638455.282, 98
Trd, 8638457.132, 119
Trd, 8638458.132, 103
Trd, 8638458.982, 72
Trd, 8638461.332, 85
Trd, 8638462.782, 86
Trd, 8638464.782, 92
Trd, 8638465.032, 91
Trd, 8638465.332, 95
Trd, 8638466.382, 95
Trd, 8638466.682, 100
Trd, 8638467.732, 68
Trd, 8638468.032, 98
Trd, 8638468.082, 98
Trd, 8638473.532, 105
Trd, 8638473.682, 99
Trd, 8638476.532, 95
Trd, 8638476.682, 97
Trd, 8638476.882, 94
Trd, 8638477.382, 78
Trd, 8638478.582, 95
Trd, 8638481.882, 87
Trd, 8638481.982, 86
Trd, 8638482.282, 96
Trd, 8638482.932, 96
Trd, 8638486.332, 102
Trd, 8638487.232, 101
Trd, 8638488.582, 102
Trd, 8638489.182, 94
Trd, 8638489.382, 96
Trd, 8638492.982, 70
Trd, 8638494.482, 92
Trd, 8638495.482, 96
Trd, 8638496.532, 93
Trd, 8638499.382, 96
Trd, 8638500.082, 100
Trd, 8638501.182, 97
Trd, 8638501.382, 115
Trd, 8638502.332, 82
Trd, 8638503.182, 112
Trd, 8638505.382, 94
Trd, 8638505.482, 95
Trd, 8638506.732, 105
Trd, 8638506.932, 99
Trd, 8638509.082, 102
Trd, 8638509.532, 87
Trd, 8638512.032, 96
Trd, 8638514.132, 102
Trd, 8638514.232, 101
Trd, 8638516.582, 94
Trd, 8638516.982, 95
Trd, 8638518.532, 103
Trd, 8638519.582, 97
Trd, 8638520.932, 97
Trd, 8638521.682, 89
Trd, 8638523.082, 97
Trd, 8638523.182, 106
Trd, 8638524.732, 104
Trd, 8638527.032, 85
Trd, 8638530.032, 86
Trd, 8638531.232, 106
Trd, 8638531.332, 104
Trd, 8638532.382, 86
Trd, 8638532.882, 81
Trd, 8638534.682, 100
Trd, 8638537.432, 96
Trd, 8638539.382, 104
Trd, 8638539.482, 104
Trd, 8638539.682, 105
Trd, 8638541.032, 113
Trd, 8638542.482, 83
Trd, 8638542.582, 104
Trd, 8638545.532, 95
Trd, 8638545.932, 104
Trd, 8638546.882, 91
Trd, 8638549.582, 91
Trd, 8638550.432, 93
Trd, 8638550.582, 100
Trd, 8638552.032, 91
Trd, 8638552.532, 97
Trd, 8638554.532, 92
Trd, 8638554.832, 85
Trd, 8638556.432, 99
Trd, 8638557.182, 102
Trd, 8638557.882, 106
Trd, 8638558.382, 121
Trd, 8638559.782, 102
Trd, 8638562.832, 96
Trd, 8638563.032, 84
Trd, 8638564.182, 102
Trd, 8638564.782, 98
Trd, 8638566.482, 101
Trd, 8638567.332, 104
Trd, 8638570.582, 101
Trd, 8638570.782, 104
Trd, 8638571.032, 83
Trd, 8638573.532, 86
Trd, 8638575.282, 76
Trd, 8638577.132, 90
Trd, 8638577.632, 89
Trd, 8638578.082, 96
Trd, 8638578.182, 73
Trd, 8638580.832, 88
Trd, 8638581.932, 94
Trd, 8638583.082, 103
Trd, 8638585.232, 94
Trd, 8638585.382, 93
Trd, 8638586.032, 114
Trd, 8638587.882, 101
Trd, 8638588.032, 100
Trd, 8638590.632, 88
Trd, 8638591.132, 104
Trd, 8638591.982, 93
Trd, 8638594.382, 82
Trd, 8638596.282, 110
Trd, 8638596.632, 72
Trd, 8638596.832, 107
Trd, 8638597.882, 94
Trd, 8638598.632, 76
Trd, 8638599.832, 99
Trd, 8638600.932, 97
Trd, 8638601.232, 111
Trd, 8638603.182, 108
Trd, 8638605.182, 87
Trd, 8638606.032, 85
Trd, 8638606.732, 97
Trd, 8638608.482, 95
Trd, 8638609.432, 80
Trd, 8638611.082, 93
Trd, 8638612.782, 100
Trd, 8638614.032, 77
Trd, 8638614.182, 103
Trd, 8638614.982, 88
Trd, 8638617.632, 95
Trd, 8638619.582, 102
Trd, 8638621.182, 93
Trd, 8638623.732, 91
Trd, 8638625.432, 92
Trd, 8638625.782, 88
Trd, 8638627.132, 100
Trd, 8638628.182, 86
Trd, 8638630.482, 88
Trd, 8638630.882, 92
Trd, 8638631.732, 90
Trd, 8638633.082, 96
Trd, 8638635.532, 82
Trd, 8638635.582, 97
Trd, 8638636.282, 104
Trd, 8638637.432, 103
Trd, 8638638.232, 98
Trd, 8638640.632, 94
Trd, 8638641.632, 75
Trd, 8638643.332, 95
Trd, 8638644.182, 92
Trd, 8638645.132, 99
Trd, 8638646.432, 95
Trd, 8638647.232, 95
Trd, 8638649.182, 88
Trd, 8638650.382, 91
Trd, 8638650.732, 92
Trd, 8638651.632, 97
Trd, 8638653.082, 90
Trd, 8638654.532, 101
Trd, 8638654.982, 105
Trd, 8638655.432, 90
Trd, 8638656.882, 89
Trd, 8638658.582, 109
Trd, 8638662.082, 96
Trd, 8638662.182, 95
Trd, 8638662.232, 101
Trd, 8638662.882, 78
Trd, 8638663.682, 101
Trd, 8638665.082, 107
Trd, 8638665.282, 106
Trd, 8638667.782, 97
Trd, 8638668.582, 95
Trd, 8638668.632, 100
Trd, 8638671.432, 92
Trd, 8638672.132, 88
Trd, 8638673.232, 93
Trd, 8638675.832, 95
Trd, 8638675.882, 85
Trd, 8638677.982, 102
Trd, 8638678.332, 97
Trd, 8638681.082, 91
Trd, 8638681.232, 101
Trd, 8638682.932, 94
Trd, 8638683.482, 86
Trd, 8638685.982, 94
Trd, 8638686.282, 94
Trd, 8638687.182, 95
Trd, 8638687.782, 109
Trd, 8638689.132, 102
Trd, 8638691.032, 100
Trd, 8638692.232, 105
Trd, 8638693.232, 101
Trd, 8638694.282, 113
Trd, 8638695.032, 89
Trd, 8638696.032, 97
Trd, 8638697.432, 92
Trd, 8638697.532, 86
Trd, 8638697.782, 106
Trd, 8638699.182, 99
Trd, 8638700.332, 88
Trd, 8638700.482, 86
Trd, 8638701.982, 77
Trd, 8638703.832, 100
Trd, 8638704.382, 104
Trd, 8638704.432, 103
Trd, 8638705.582, 107
Trd, 8638705.882, 89
Trd, 8638708.782, 101
Trd, 8638710.432, 103
Trd, 8638712.282, 101
Trd, 8638713.282, 100
Trd, 8638713.332, 106
Trd, 8638713.482, 97
Trd, 8638713.682, 113
Trd, 8638714.432, 96
Trd, 8638714.882, 93
Trd, 8638718.632, 88
Trd, 8638719.432, 99
Trd, 8638720.932, 94
Trd, 8638722.832, 106
Trd, 8638724.682, 88
Trd, 8638726.132, 95
Trd, 8638726.232, 96
Trd, 8638726.782, 96
Trd, 8638727.532, 88
Trd, 8638728.882, 104
Trd, 8638729.432, 94
Trd, 8638730.782, 70
Trd, 8638732.082, 94
Trd, 8638732.382, 94
Trd, 8638734.782, 91
Trd, 8638735.532, 85
Trd, 8638738.832, 95
Trd, 8638739.282, 92
Trd, 8638740.682, 100
Trd, 8638741.732, 101
Trd, 8638743.832, 97
Trd, 8638744.082, 113
Trd, 8638746.532, 69
Trd, 8638749.082, 92
Trd, 8638749.832, 86
Trd, 8638751.582, 96
Trd, 8638752.082, 97
Trd, 8638754.482, 93
Trd, 8638758.182, 105
Trd, 8638758.782, 96
Trd, 8638759.332, 88
Trd, 8638761.432, 84
Trd, 8638761.482, 98
Trd, 8638762.682, 103
Trd, 8638764.132, 88
Trd, 8638766.082, 103
Trd, 8638766.332, 95
Trd, 8638768.382, 102
Trd, 8638769.632, 95
Trd, 8638771.382, 103
Trd, 8638772.682, 91
Trd, 8638773.932, 99
Trd, 8638774.632, 86
Trd, 8638775.032, 82
Trd, 8638776.282, 100
Trd, 8638777.682, 103
Trd, 8638777.932, 104
Trd, 8638779.432, 104
Trd, 8638780.882, 97
Trd, 8638782.582, 104
Trd, 8638783.882, 104
Trd, 8638784.232, 97
Trd, 8638788.032, 79
Trd, 8638788.082, 93
Trd, 8638789.682, 71
Trd, 8638790.082, 72
Trd, 8638790.882, 95
Trd, 8638792.082, 70
Trd, 8638792.832, 78
Trd, 8638795.182, 92
Trd, 8638797.282, 98
Trd, 8638797.982, 106
Trd, 8638798.182, 93
Trd, 8638799.382, 92
Trd, 8638800.932, 91
Trd, 8638801.082, 70
Trd, 8638804.532, 81
Trd, 8638805.182, 82
Trd, 8638806.882, 95
Trd, 8638808.632, 108
Trd, 8638808.732, 107
Trd, 8638809.782, 103
Trd, 8638810.182, 96
Trd, 8638811.682, 95
Trd, 8638812.232, 111
Trd, 8638812.732, 95
Trd, 8638814.332, 80
Trd, 8638815.382, 76
Trd, 8638816.232, 72
Trd, 8638816.832, 98
Trd, 8638817.232, 88
Trd, 8638818.682, 95
Trd, 8638821.132, 112
Trd, 8638821.732, 113
Trd, 8638822.782, 89
Trd, 8638824.282, 91
Trd, 8638827.182, 97
Trd, 8638828.482, 95
Trd, 8638829.732, 97
Trd, 8638832.382, 88
Trd, 8638832.982, 94
Trd, 8638834.132, 95
Trd, 8638834.182, 94
Trd, 8638835.682, 102
Trd, 8638836.032, 94
Trd, 8638836.532, 86
Trd, 8638836.982, 97
Trd, 8638837.682, 104
Trd, 8638839.532, 73
Trd, 8638842.132, 91
Trd, 8638842.882, 94
Trd, 8638844.032, 95
Trd, 8638844.382, 83
Trd, 8638845.582, 104
Trd, 8638846.682, 91
Trd, 8638850.182, 84
Trd, 8638850.282, 83
Trd, 8638852.832, 93
Trd, 8638854.632, 96
Trd, 8638854.682, 95
Trd, 8638855.132, 89
Trd, 8638857.382, 103
Trd, 8638857.932, 92
Trd, 8638858.432, 98
Trd, 8638859.532, 98
Trd, 8638861.232, 102
Trd, 8638862.282, 111
Trd, 8638862.982, 111
Trd, 8638863.832, 111
Trd, 8638865.532, 81
Trd, 8638865.782, 99
Trd, 8638865.982, 113
Trd, 8638867.482, 113
Trd, 8638867.682, 99
Trd, 8638867.832, 98
Trd, 8638869.382, 90
Trd, 8638870.732, 92
Trd, 8638871.582, 101
Trd, 8638873.732, 101
Trd, 8638874.982, 87
Trd, 8638875.332, 84
Trd, 8638876.532, 90
Trd, 8638878.132, 94
Trd, 8638878.982, 95
Trd, 8638879.682, 91
Trd, 8638882.382, 87
Trd, 8638883.132, 95
Trd, 8638884.132, 85
Trd, 8638884.682, 106
Trd, 8638887.782, 91
Trd, 8638887.832, 96
Trd, 8638889.282, 99
Trd, 8638889.582, 108
Trd, 8638890.782, 112
Trd, 8638891.832, 95
Trd, 8638892.782, 96
Trd, 8638892.882, 104
Trd, 8638895.182, 100
Trd, 8638896.232, 71
Trd, 8638896.682, 100
Trd, 8638897.082, 106
Trd, 8638899.082, 111
Trd, 8638901.282, 95
Trd, 8638904.332, 87
Trd, 8638904.532, 97
Trd, 8638906.282, 88
Trd, 8638906.532, 90
Trd, 8638907.782, 96
Trd, 8638908.932, 91
Trd, 8638909.482, 91
Trd, 8638909.832, 98
Trd, 8638910.032, 74
Trd, 8638911.832, 97
Trd, 8638912.232, 102
Trd, 8638912.382, 104
Trd, 8638912.632, 98
Trd, 8638913.032, 104
Trd, 8638917.682, 74
Trd, 8638919.032, 104
Trd, 8638920.682, 98
Trd, 8638922.132, 102
Trd, 8638922.982, 95
Trd, 8638923.582, 92
Trd, 8638924.682, 96
Trd, 8638924.782, 74
Trd, 8638927.082, 100
Trd, 8638927.782, 100
Trd, 8638928.832, 78
Trd, 8638932.232, 106
Trd, 8638934.182, 95
Trd, 8638934.882, 91
Trd, 8638935.682, 88
Trd, 8638936.382, 90
Trd, 8638937.132, 81
Trd, 8638939.082, 91
Trd, 8638939.182, 104
Trd, 8638941.482, 78
Trd, 8638941.682, 87
Trd, 8638943.532, 88
Trd, 8638943.932, 90
Trd, 8638944.482, 91
Trd, 8638949.182, 95
Trd, 8638949.732, 94
Trd, 8638950.432, 83
Trd, 8638952.482, 93
Trd, 8638953.332, 86
Trd, 8638955.132, 76
Trd, 8638955.932, 83
Trd, 8638956.932, 86
Trd, 8638958.982, 92
Trd, 8638962.032, 95
Trd, 8638964.082, 99
Trd, 8638965.882, 115
Trd, 8638967.332, 99
Trd, 8638969.082, 87
Trd, 8638969.332, 93
Trd, 8638969.932, 100
Trd, 8638970.232, 73
Trd, 8638970.482, 106
Trd, 8638971.532, 97
Trd, 8638972.882, 97
Trd, 8638974.582, 86
Trd, 8638975.282, 96
Trd, 8638975.482, 93
Trd, 8638975.582, 131
Trd, 8638977.382, 68
Trd, 8638978.382, 103
Trd, 8638978.582, 92
Trd, 8638979.932, 82
Trd, 8638981.382, 96
Trd, 8638982.782, 89
Trd, 8638983.082, 70
Trd, 8638984.032, 113
Trd, 8638986.282, 104
Trd, 8638989.782, 95
Trd, 8638990.082, 104
Trd, 8638991.032, 94
Trd, 8638991.332, 105
Trd, 8638991.882, 94
Trd, 8638992.782, 110
Trd, 8638993.782, 112
Trd, 8638993.882, 101
Trd, 8638996.882, 97
Trd, 8638996.932, 124
Trd, 8638997.482, 97
Trd, 8639001.482, 93
Trd, 8639002.532, 93
Trd, 8639003.832, 97
Trd, 8639004.482, 69
Trd, 8639004.582, 95
Trd, 8639005.932, 100
Trd, 8639009.782, 87
Trd, 8639009.932, 86
Trd, 8639011.882, 106
Trd, 8639012.282, 103
Trd, 8639012.682, 95
Trd, 8639015.382, 95
Trd, 8639017.132, 101
Trd, 8639019.632, 95
Trd, 8639020.382, 97
Trd, 8639023.132, 90
Trd, 8639023.382, 95
Trd, 8639025.282, 80
Trd, 8639026.682, 87
Trd, 8639028.182, 95
Trd, 8639028.382, 107
Trd, 8639029.932, 98
Trd, 8639031.482, 91
Trd, 8639032.032, 92
Trd, 8639033.732, 104
Trd, 8639035.982, 96
Trd, 8639036.582, 90
Trd, 8639037.582, 86
Trd, 8639040.232, 100
Trd, 8639041.032, 105
Trd, 8639041.932, 113
Trd, 8639042.332, 106
Trd, 8639043.982, 106
Trd, 8639045.582, 83
Trd, 8639046.982, 94
Trd, 8639047.882, 96
Trd, 8639048.682, 97
Trd, 8639048.882, 74
Trd, 8639050.532, 103
Trd, 8639050.732, 105
Trd, 8639051.882, 91
Trd, 8639053.232, 89
Trd, 8639055.832, 86
Trd, 8639056.582, 84
Trd, 8639057.132, 103
Trd, 8639058.382, 98
Trd, 8639059.332, 84
Trd, 8639062.182, 105
Trd, 8639062.482, 99
Trd, 8639063.432, 106
Trd, 8639065.632, 101
Trd, 8639065.682, 97
Trd, 8639067.932, 91
Trd, 8639070.232, 83
Trd, 8639071.032, 104
Trd, 8639072.482, 99
Trd, 8639072.582, 77
Trd, 8639072.882, 95
Trd, 8639073.982, 99
Trd, 8639075.532, 108
Trd, 8639075.882, 104
Trd, 8639076.032, 115
Trd, 8639077.732, 92
Trd, 8639078.082, 128
Trd, 8639080.682, 91
Trd, 8639080.982, 70
Trd, 8639081.082, 88
Trd, 8639085.032, 90
Trd, 8639086.382, 86
Trd, 8639087.232, 107
Trd, 8639087.932, 101
Trd, 8639088.082, 71
Trd, 8639090.582, 94
Trd, 8639092.282, 95
Trd, 8639092.782, 95
Trd, 8639093.032, 96
Trd, 8639093.282, 108
Trd, 8639094.132, 90
Trd, 8639097.182, 96
Trd, 8639098.832, 86
Trd, 8639099.782, 84
Trd, 8639100.082, 81
Trd, 8639100.932, 98
Trd, 8639102.682, 86
Trd, 8639102.782, 104
Trd, 8639103.882, 104
Trd, 8639106.432, 88
Trd, 8639107.082, 103
Trd, 8639107.982, 99
Trd, 8639108.032, 86
Trd, 8639110.132, 95
Trd, 8639111.282, 99
Trd, 8639111.832, 109
Trd, 8639113.632, 90
Trd, 8639114.432, 89
Trd, 8639115.882, 98
Trd, 8639116.682, 96
Trd, 8639118.832, 96
Trd, 8639118.932, 95
Trd, 8639119.482, 104
Trd, 8639121.632, 105
Trd, 8639121.832, 91
Trd, 8639123.182, 80
Trd, 8639124.482, 96
Trd, 8639125.082, 108
Trd, 8639127.382, 105
Trd, 8639127.682, 103
Trd, 8639128.382, 105
Trd, 8639129.132, 90
Trd, 8639129.982, 105
Trd, 8639131.532, 82
Trd, 8639133.282, 93
Trd, 8639133.382, 98
Trd, 8639133.432, 85
Trd, 8639134.532, 92
Trd, 8639135.382, 89
Trd, 8639135.832, 99
Trd, 8639136.182, 104
Trd, 8639138.932, 91
Trd, 8639140.082, 108
Trd, 8639141.932, 96
Trd, 8639143.582, 105
Trd, 8639144.032, 87
Trd, 8639145.832, 87
Trd, 8639145.982, 77
Trd, 8639146.282, 94
Trd, 8639146.832, 96
Trd, 8639147.932, 110
Trd, 8639149.832, 70
Trd, 8639150.282, 86
Trd, 8639150.632, 113
Trd, 8639156.032, 84
Trd, 8639156.932, 96
Trd, 8639157.132, 97
Trd, 8639158.332, 104
Trd, 8639159.132, 105
Trd, 8639160.182, 103
Trd, 8639161.882, 116
Trd, 8639161.982, 106
Trd, 8639162.082, 98
Trd, 8639163.982, 105
Trd, 8639167.332, 94
Trd, 8639167.432, 93
Trd, 8639167.682, 102
Trd, 8639169.432, 81
Trd, 8639170.132, 74
Trd, 8639171.332, 95
Trd, 8639173.732, 93
Trd, 8639174.732, 99
Trd, 8639175.732, 93
Trd, 8639175.882, 105
Trd, 8639178.582, 95
Trd, 8639178.832, 99
Trd, 8639180.332, 93
Trd, 8639181.082, 76
Trd, 8639183.582, 101
Trd, 8639184.182, 95
Trd, 8639184.232, 86
Trd, 8639185.482, 95
Trd, 8639189.132, 94
Trd, 8639190.282, 97
Trd, 8639191.182, 97
Trd, 8639191.632, 72
Trd, 8639193.382, 92
Trd, 8639194.632, 97
Trd, 8639194.982, 101
Trd, 8639195.032, 99
Trd, 8639195.232, 87
Trd, 8639197.032, 96
Trd, 8639197.632, 103
Trd, 8639198.882, 104
Trd, 8639200.082, 114
Trd, 8639200.532, 111
Trd, 8639201.882, 90
Trd, 8639202.382, 114
Trd, 8639204.332, 90
Trd, 8639204.632, 90
Trd, 8639205.632, 92
Trd, 8639208.882, 114
Trd, 8639210.232, 94
Trd, 8639210.482, 99
Trd, 8639210.832, 102
Trd, 8639213.832, 99
Trd, 8639215.182, 100
Trd, 8639216.082, 101
Trd, 8639216.582, 102
Trd, 8639218.182, 106
Trd, 8639218.232, 105
Trd, 8639219.582, 103
Trd, 8639222.982, 92
Trd, 8639223.732, 94
Trd, 8639225.732, 90
Trd, 8639226.382, 96
Trd, 8639227.482, 99
Trd, 8639227.632, 100
Trd, 8639229.132, 106
Trd, 8639231.432, 139
Trd, 8639231.582, 131
Trd, 8639234.082, 89
Trd, 8639234.132, 77
Trd, 8639235.182, 95
Trd, 8639236.432, 91
Trd, 8639236.832, 81
Trd, 8639238.182, 97
Trd, 8639240.332, 103
Trd, 8639240.732, 104
Trd, 8639240.832, 98
Trd, 8639242.882, 84
Trd, 8639244.382, 90
Trd, 8639244.982, 95
Trd, 8639246.732, 94
Trd, 8639247.682, 95
Trd, 8639251.282, 104
Trd, 8639251.782, 96
Trd, 8639253.332, 102
Trd, 8639254.632, 73
Trd, 8639255.732, 90
Trd, 8639256.132, 98
Trd, 8639257.082, 88
Trd, 8639258.732, 92
Trd, 8639260.382, 107
Trd, 8639261.032, 107
Trd, 8639262.032, 98
Trd, 8639262.782, 106
Trd, 8639263.982, 99
Trd, 8639267.932, 94
Trd, 8639268.182, 90
Trd, 8639269.332, 103
Trd, 8639269.932, 108
Trd, 8639272.432, 97
Trd, 8639272.632, 102
Trd, 8639274.182, 95
Trd, 8639275.482, 83
Trd, 8639276.032, 85
Trd, 8639276.782, 73
Trd, 8639278.282, 92
Trd, 8639278.382, 91
Trd, 8639279.182, 104
Trd, 8639282.482, 112
Trd, 8639282.532, 103
Trd, 8639283.532, 96
Trd, 8639285.082, 77
Trd, 8639286.182, 72
Trd, 8639286.482, 89
Trd, 8639288.482, 91
Trd, 8639290.082, 99
Trd, 8639291.432, 84
Trd, 8639293.632, 102
Trd, 8639294.532, 102
Trd, 8639295.532, 71
Trd, 8639296.232, 88
Trd, 8639296.582, 95
Trd, 8639296.632, 86
Trd, 8639297.482, 114
Trd, 8639299.482, 93
Trd, 8639302.232, 96
Trd, 8639302.432, 86
Trd, 8639303.482, 99
Trd, 8639305.132, 91
Trd, 8639305.682, 97
Trd, 8639307.282, 96
Trd, 8639307.782, 94
Trd, 8639309.982, 99
Trd, 8639313.332, 92
Trd, 8639313.482, 102
Trd, 8639313.982, 103
Trd, 8639314.332, 82
Trd, 8639316.482, 95
Trd, 8639316.982, 95
Trd, 8639318.282, 97
Trd, 8639319.682, 92
Trd, 8639319.832, 106
Trd, 8639321.032, 91
Trd, 8639321.332, 103
Trd, 8639321.582, 90
Trd, 8639323.232, 99
Trd, 8639326.382, 98
Trd, 8639326.482, 95
Trd, 8639327.082, 96
Trd, 8639328.282, 97
Trd, 8639328.832, 95
Trd, 8639329.232, 110
Trd, 8639329.282, 96
Trd, 8639330.182, 95
Trd, 8639330.782, 96
Trd, 8639332.332, 109
Trd, 8639333.632, 95
Trd, 8639334.032, 113
Trd, 8639336.232, 96
Trd, 8639336.482, 99
Trd, 8639338.232, 67
Trd, 8639339.532, 70
Trd, 8639339.682, 104
Trd, 8639341.932, 68
Trd, 8639344.182, 106
Trd, 8639344.782, 105
Trd, 8639344.932, 104
Trd, 8639345.332, 111
Trd, 8639346.032, 104
Trd, 8639349.282, 89
Trd, 8639352.532, 104
Trd, 8639352.882, 101
Trd, 8639353.632, 104
Trd, 8639355.482, 95
Trd, 8639355.932, 112
Trd, 8639359.032, 91
Trd, 8639360.382, 93
Trd, 8639361.982, 87
Trd, 8639362.932, 87
Trd, 8639363.632, 90
Trd, 8639365.482, 87
Trd, 8639366.632, 95
Trd, 8639367.282, 89
Trd, 8639367.682, 90
Trd, 8639368.832, 104
Trd, 8639370.932, 86
Trd, 8639372.082, 88
Trd, 8639372.732, 104
Trd, 8639373.182, 87
Trd, 8639374.882, 84
Trd, 8639376.232, 94
Trd, 8639377.632, 95
Trd, 8639378.332, 98
Trd, 8639380.082, 83
Trd, 8639380.632, 92
Trd, 8639383.932, 85
Trd, 8639384.332, 85
Trd, 8639384.532, 98
Trd, 8639385.232, 99
Trd, 8639386.882, 99
Trd, 8639387.232, 85
Trd, 8639389.532, 107
Trd, 8639390.282, 92
Trd, 8639391.282, 99
Trd, 8639393.032, 91
Trd, 8639393.282, 93
Trd, 8639393.582, 100
Trd, 8639395.582, 94
Trd, 8639396.082, 91
Trd, 8639398.182, 93
Trd, 8639398.632, 93
Trd, 8639399.182, 91
Trd, 8639402.732, 80
Trd, 8639403.432, 96
Trd, 8639404.032, 97
Trd, 8639406.082, 95
Trd, 8639406.182, 99
Trd, 8639408.082, 102
Trd, 8639408.732, 106
Trd, 8639408.932, 91
Trd, 8639410.532, 97
Trd, 8639411.632, 112
Trd, 8639412.132, 92
Trd, 8639413.582, 81
Trd, 8639416.282, 87
Trd, 8639417.882, 101
Trd, 8639418.432, 70
Trd, 8639418.732, 88
Trd, 8639420.882, 97
Trd, 8639421.682, 92
Trd, 8639422.132, 91
Trd, 8639423.582, 95
Trd, 8639424.732, 95
Trd, 8639425.182, 99
Trd, 8639426.282, 96
Trd, 8639427.632, 95
Trd, 8639428.332, 71
Trd, 8639430.882, 94
Trd, 8639431.132, 97
Trd, 8639432.882, 97
Trd, 8639433.732, 95
Trd, 8639434.432, 93
Trd, 8639435.782, 101
Trd, 8639436.282, 98
Trd, 8639437.032, 105
Trd, 8639437.882, 71
Trd, 8639439.232, 112
Trd, 8639441.232, 94
Trd, 8639441.782, 93
Trd, 8639441.982, 99
Trd, 8639442.132, 92
Trd, 8639443.282, 96
Trd, 8639445.882, 95
Trd, 8639447.482, 94
Trd, 8639448.182, 96
Trd, 8639450.332, 90
Trd, 8639450.432, 90
Trd, 8639451.482, 95
Trd, 8639452.082, 108
Trd, 8639453.682, 106
Trd, 8639455.432, 95
Trd, 8639456.332, 98
Trd, 8639456.582, 92
Trd, 8639458.932, 110
Trd, 8639459.432, 71
Trd, 8639462.482, 106
Trd, 8639462.782, 100
Trd, 8639462.882, 90
Trd, 8639464.182, 139
Trd, 8639464.482, 131
Trd, 8639466.082, 96
Trd, 8639469.132, 97
Trd, 8639469.732, 90
Trd, 8639469.832, 91
Trd, 8639471.282, 104
Trd, 8639471.332, 118
Trd, 8639472.732, 90
Trd, 8639472.882, 97
Trd, 8639475.382, 94
Trd, 8639475.982, 94
Trd, 8639477.582, 93
Trd, 8639477.882, 84
Trd, 8639479.332, 89
Trd, 8639481.832, 97
Trd, 8639483.282, 94
Trd, 8639484.032, 92
Trd, 8639484.582, 93
Trd, 8639488.582, 103
Trd, 8639489.382, 104
Trd, 8639489.632, 95
Trd, 8639490.882, 98
Trd, 8639492.182, 101
Trd, 8639492.232, 104
Trd, 8639493.582, 92
Trd, 8639494.032, 90
Trd, 8639497.782, 95
Trd, 8639498.532, 98
Trd, 8639499.832, 92
Trd, 8639501.482, 98
Trd, 8639503.332, 104
Trd, 8639504.932, 105
Trd, 8639505.732, 112
Trd, 8639505.832, 79
Trd, 8639506.782, 89
Trd, 8639508.032, 88
Trd, 8639509.582, 87
Trd, 8639510.332, 101
Trd, 8639511.532, 104
Trd, 8639512.132, 95
Trd, 8639512.982, 72
Trd, 8639516.632, 86
Trd, 8639516.682, 95
Trd, 8639517.632, 97
Trd, 8639519.832, 97
Trd, 8639520.732, 90
Trd, 8639521.382, 104
Trd, 8639522.282, 92
Trd, 8639523.732, 97
Trd, 8639525.232, 107
Trd, 8639525.582, 104
Trd, 8639528.182, 95
Trd, 8639529.132, 76
Trd, 8639530.382, 96
Trd, 8639531.232, 94
Trd, 8639533.682, 95
Trd, 8639534.732, 94
Trd, 8639534.832, 92
Trd, 8639536.532, 92
Trd, 8639536.632, 93
Trd, 8639539.232, 98
Trd, 8639539.532, 84
Trd, 8639540.632, 105
Trd, 8639542.732, 105
Trd, 8639542.882, 104
Trd, 8639543.132, 107
Trd, 8639544.232, 106
Trd, 8639545.032, 101
Trd, 8639546.732, 73
Trd, 8639548.582, 92
Trd, 8639550.432, 81
Trd, 8639551.632, 87
Trd, 8639551.732, 104
Trd, 8639552.582, 101
Trd, 8639552.932, 100
Trd, 8639556.432, 97
Trd, 8639556.582, 97
Trd, 8639557.432, 97
Trd, 8639560.582, 91
Trd, 8639561.682, 95
Trd, 8639561.982, 114
Trd, 8639563.032, 104
Trd, 8639565.382, 106
Trd, 8639565.932, 96
Trd, 8639566.982, 95
Trd, 8639568.332, 97
Trd, 8639568.932, 98
Trd, 8639569.732, 106
Trd, 8639570.082, 98
Trd, 8639571.882, 94
Trd, 8639573.832, 92
Trd, 8639573.982, 94
Trd, 8639578.032, 92
Trd, 8639578.782, 95
Trd, 8639579.382, 106
Trd, 8639579.432, 91
Trd, 8639580.532, 73
Trd, 8639580.982, 96
Trd, 8639584.582, 86
Trd, 8639584.732, 78
Trd, 8639584.782, 90
Trd, 8639587.832, 98
Trd, 8639588.582, 104
Trd, 8639588.782, 98
Trd, 8639589.282, 98
Trd, 8639590.882, 93
Trd, 8639593.682, 95
Trd, 8639594.832, 98
Trd, 8639596.032, 109
Trd, 8639596.782, 115
Trd, 8639597.682, 104
Trd, 8639598.132, 105
Trd, 8639598.932, 92
Trd, 8639600.082, 89
Trd, 8639601.582, 78
Trd, 8639603.082, 96
Trd, 8639604.682, 81
Trd, 8639606.382, 99
Trd, 8639606.632, 98
Trd, 8639607.332, 106
Trd, 8639610.432, 74
Trd, 8639610.932, 90
Trd, 8639612.182, 93
Trd, 8639612.282, 96
Trd, 8639614.732, 91
Trd, 8639615.132, 100
Trd, 8639617.282, 101
Trd, 8639618.732, 97
Trd, 8639620.282, 103
Trd, 8639620.632, 91
Trd, 8639622.382, 95
Trd, 8639622.532, 107
Trd, 8639622.932, 118
Trd, 8639624.082, 74
Trd, 8639625.882, 89
Trd, 8639627.332, 87
Trd, 8639627.882, 108
Trd, 8639630.032, 87
Trd, 8639634.482, 92
Trd, 8639634.632, 95
Trd, 8639636.082, 103
Trd, 8639637.882, 97
Trd, 8639638.232, 104
Trd, 8639638.532, 115
Trd, 8639639.282, 98
Trd, 8639639.932, 95
Trd, 8639641.782, 68
Trd, 8639644.182, 75
Trd, 8639644.732, 83
Trd, 8639645.032, 89
Trd, 8639647.482, 102
Trd, 8639650.082, 106
Trd, 8639650.282, 105
Trd, 8639650.632, 104
Trd, 8639650.932, 117
Trd, 8639652.332, 110
Trd, 8639655.532, 105
Trd, 8639655.982, 113
Trd, 8639658.032, 99
Trd, 8639660.332, 96
Trd, 8639660.782, 87
Trd, 8639662.732, 76
Trd, 8639662.782, 95
Trd, 8639664.032, 112
Trd, 8639665.932, 98
Trd, 8639666.382, 104
Trd, 8639667.532, 109
Trd, 8639668.932, 111
Trd, 8639669.432, 120
Trd, 8639670.032, 110
Trd, 8639670.432, 101
Trd, 8639673.682, 109
Trd, 8639674.382, 123
Trd, 8639675.332, 98
Trd, 8639676.832, 102
Trd, 8639677.882, 70
Trd, 8639679.582, 93
Trd, 8639679.932, 105
Trd, 8639680.832, 95
Trd, 8639682.682, 98
Trd, 8639684.632, 96
Trd, 8639684.932, 74
Trd, 8639686.032, 105
Trd, 8639687.882, 91
Trd, 8639688.932, 95
Trd, 8639691.332, 106
Trd, 8639692.632, 102
Trd, 8639692.882, 99
Trd, 8639695.582, 107
Trd, 8639695.632, 114
Trd, 8639696.082, 95
Trd, 8639699.032, 73
Trd, 8639699.682, 88
Trd, 8639700.582, 91
Trd, 8639703.782, 86
Trd, 8639703.932, 86
Trd, 8639703.982, 100
Trd, 8639704.482, 94
Trd, 8639705.732, 86
Trd, 8639705.882, 99
Trd, 8639708.832, 100
Trd, 8639709.382, 97
Trd, 8639709.582, 92
Trd, 8639709.832, 105
Trd, 8639710.382, 110
Trd, 8639713.582, 88
Trd, 8639714.282, 96
Trd, 8639715.082, 97
Trd, 8639715.232, 88
Trd, 8639715.282, 99
Trd, 8639716.982, 97
Trd, 8639719.482, 96
Trd, 8639720.182, 86
Trd, 8639720.382, 97
Trd, 8639724.182, 89
Trd, 8639724.732, 87
Trd, 8639725.032, 94
Trd, 8639726.082, 85
Trd, 8639727.082, 88
Trd, 8639728.532, 96
Trd, 8639731.782, 94
Trd, 8639733.482, 105
Trd, 8639733.532, 106
Trd, 8639733.832, 95
Trd, 8639734.382, 95
Trd, 8639737.082, 93
Trd, 8639737.682, 84
Trd, 8639738.382, 75
Trd, 8639738.482, 96
Trd, 8639739.782, 87
Trd, 8639740.532, 88
Trd, 8639741.482, 92
Trd, 8639741.782, 97
Trd, 8639744.782, 103
Trd, 8639746.482, 102
Trd, 8639748.532, 100
Trd, 8639748.932, 99
Trd, 8639750.782, 99
Trd, 8639750.882, 98
Trd, 8639752.032, 99
Trd, 8639753.882, 100
Trd, 8639754.782, 88
Trd, 8639756.632, 89
Trd, 8639756.732, 73
Trd, 8639758.482, 102
Trd, 8639759.482, 101
Trd, 8639760.432, 99
Trd, 8639762.082, 105
Trd, 8639762.132, 104
Trd, 8639762.532, 104
Trd, 8639763.432, 113
Trd, 8639766.232, 88
Trd, 8639766.682, 93
Trd, 8639768.882, 97
Trd, 8639768.982, 93
Trd, 8639771.032, 93
Trd, 8639772.482, 97
Trd, 8639772.632, 98
Trd, 8639774.732, 103
Trd, 8639775.332, 103
Trd, 8639775.482, 101
Trd, 8639777.132, 79
Trd, 8639778.332, 94
Trd, 8639778.482, 97
Trd, 8639778.532, 106
Trd, 8639780.682, 99
Trd, 8639780.932, 98
Trd, 8639781.532, 88
Trd, 8639784.682, 109
Trd, 8639785.282, 83
Trd, 8639785.782, 115
Trd, 8639787.632, 99
Trd, 8639787.982, 89
Trd, 8639791.482, 83
Trd, 8639792.682, 97
Trd, 8639792.832, 99
Trd, 8639792.932, 82
Trd, 8639794.682, 91
Trd, 8639795.482, 76
Trd, 8639797.082, 105
Trd, 8639800.932, 91
Trd, 8639801.532, 89
Trd, 8639803.132, 94
Trd, 8639804.832, 73
Trd, 8639806.532, 94
Trd, 8639807.682, 107
Trd, 8639808.032, 106
Trd, 8639809.032, 98
Trd, 8639809.332, 92
Trd, 8639810.782, 98
Trd, 8639812.382, 99
Trd, 8639813.032, 95
Trd, 8639816.332, 99
Trd, 8639816.482, 98
Trd, 8639817.532, 105
Trd, 8639818.082, 115
Trd, 8639820.132, 105
Trd, 8639820.632, 104
Trd, 8639823.682, 98
Trd, 8639824.032, 98
Trd, 8639824.882, 90
Trd, 8639826.182, 92
Trd, 8639826.232, 91
Trd, 8639827.182, 105
Trd, 8639828.332, 104
Trd, 8639829.982, 95
Trd, 8639830.032, 94
Trd, 8639830.582, 113
Trd, 8639831.732, 89
Trd, 8639834.282, 93
Trd, 8639835.182, 94
Trd, 8639835.332, 95
Trd, 8639837.882, 77
Trd, 8639838.232, 94
Trd, 8639838.582, 95
Trd, 8639841.082, 106
Trd, 8639842.382, 111
Trd, 8639843.882, 107
Trd, 8639844.532, 105
Trd, 8639844.732, 104
Trd, 8639846.832, 99
Trd, 8639848.432, 99
Trd, 8639850.232, 105
Trd, 8639850.732, 94
Trd, 8639851.832, 98
Trd, 8639852.482, 92
Trd, 8639854.232, 109
Trd, 8639854.982, 102
Trd, 8639855.582, 101
Trd, 8639856.332, 115
Trd, 8639857.482, 85
Trd, 8639857.832, 88
Trd, 8639858.632, 105
Trd, 8639861.182, 99
Trd, 8639862.832, 91
Trd, 8639864.932, 87
Trd, 8639865.732, 91
Trd, 8639866.382, 99
Trd, 8639867.732, 91
Trd, 8639868.332, 91
Trd, 8639869.232, 107
Trd, 8639869.532, 95
Trd, 8639872.632, 97
Trd, 8639872.882, 99
Trd, 8639873.432, 106
Trd, 8639874.132, 95
Trd, 8639877.282, 77
Trd, 8639877.732, 89
Trd, 8639878.732, 102
Trd, 8639880.132, 101
Trd, 8639880.782, 107
Trd, 8639881.882, 90
Trd, 8639883.982, 96
Trd, 8639884.582, 87
Trd, 8639888.182, 87
Trd, 8639888.682, 76
Trd, 8639889.382, 87
Trd, 8639889.432, 92
Trd, 8639892.832, 93
Trd, 8639893.582, 92
Trd, 8639893.782, 97
Trd, 8639895.782, 95
Trd, 8639896.932, 95
Trd, 8639897.782, 95
Trd, 8639899.082, 95
Trd, 8639900.582, 86
Trd, 8639900.732, 106
Trd, 8639902.832, 86
Trd, 8639903.882, 99
Trd, 8639905.482, 72
Trd, 8639906.782, 98
Trd, 8639910.132, 85
Trd, 8639912.032, 97
Trd, 8639912.882, 97
Trd, 8639913.632, 96
Trd, 8639914.982, 106
Trd, 8639915.682, 97
Trd, 8639916.732, 91
Trd, 8639917.782, 90
Trd, 8639917.932, 105
Trd, 8639920.432, 90
Trd, 8639920.732, 95
Trd, 8639922.332, 99
Trd, 8639923.182, 75
Trd, 8639924.082, 104
Trd, 8639924.832, 103
Trd, 8639926.282, 68
Trd, 8639927.782, 104
Trd, 8639928.782, 94
Trd, 8639929.732, 95
Trd, 8639930.582, 110
Trd, 8639934.132, 108
Trd, 8639934.182, 107
Trd, 8639934.382, 102
Trd, 8639934.432, 101
Trd, 8639935.532, 95
Trd, 8639938.582, 92
Trd, 8639939.782, 87
Trd, 8639940.032, 94
Trd, 8639940.232, 95
Trd, 8639940.782, 114
Trd, 8639942.582, 94
Trd, 8639944.082, 104
Trd, 8639945.182, 99
Trd, 8639945.682, 98
Trd, 8639946.982, 100
Trd, 8639948.782, 102
Trd, 8639949.082, 102
Trd, 8639949.932, 104
Trd, 8639951.882, 117
Trd, 8639952.282, 94
Trd, 8639953.532, 86
Trd, 8639954.432, 108
Trd, 8639954.932, 97
Trd, 8639957.132, 95
Trd, 8639958.482, 104
Trd, 8639960.232, 99
Trd, 8639961.582, 92
Trd, 8639961.682, 89
Trd, 8639965.132, 84
Trd, 8639965.732, 92
Trd, 8639966.882, 95
Trd, 8639967.732, 92
Trd, 8639969.732, 93
Trd, 8639969.832, 94
Trd, 8639970.432, 73
Trd, 8639971.832, 117
Trd, 8639973.382, 105
Trd, 8639974.132, 103
Trd, 8639975.082, 95
Trd, 8639976.682, 110
Trd, 8639977.132, 97
Trd, 8639977.532, 113
Trd, 8639977.882, 89
Trd, 8639978.032, 90
Trd, 8639980.882, 97
Trd, 8639982.232, 105
Trd, 8639983.132, 94
Trd, 8639986.432, 95
Trd, 8639986.632, 90
Trd, 8639987.132, 100
Trd, 8639987.882, 96
Trd, 8639989.532, 85
Trd, 8639991.132, 86
Trd, 8639991.982, 96
Trd, 8639992.082, 106
Trd, 8639995.982, 105
Trd, 8639996.132, 98
Trd, 8639996.682, 94
Trd, 8639997.582, 101
Trd, 8639997.632, 88
Trd, 8639999.332, 105
