Trd, 8637913.832, 120
Trd, 8637916.082, 114
Trd, 8637916.232, 95
Trd, 8637917.282, 92
Trd, 8637918.532, 124
Trd, 8637921.082, 109
Trd, 8637922.582, 108
Trd, 8637923.832, 103
Trd, 8637925.032, 115
Trd, 8637925.532, 118
Trd, 8637925.732, 89
Trd, 8637926.732, 112
Trd, 8637927.732, 95
Trd, 8637928.432, 109
Trd, 8637929.382, 100
Trd, 8637929.882, 100
Trd, 8637931.732, 99
Trd, 8637932.732, 119
Trd, 8637932.982, 124
Trd, 8637933.232, 97
Trd, 8637938.482, 104
Trd, 8637938.882, 100
Trd, 8637940.232, 101
Trd, 8637941.632, 108
Trd, 8637942.332, 108
Trd, 8637943.432, 108
Trd, 8637944.182, 108
Trd, 8637945.582, 114
Trd, 8637945.982, 107
Trd, 8637947.182, 125
Trd, 8637949.082, 107
Trd, 8637949.432, 110
Trd, 8637949.732, 104
Trd, 8637950.532, 100
Trd, 8637951.132, 99
Trd, 8637951.932, 97
Trd, 8637952.132, 68
Trd, 8637955.182, 110
Trd, 8637955.982, 111
Trd, 8637956.882, 86
Trd, 8637956.932, 107
Trd, 8637960.532, 94
Trd, 8637962.232, 97
Trd, 8637963.082, 106
Trd, 8637963.532, 95
Trd, 8637963.682, 81
Trd, 8637966.332, 121
Trd, 8637966.932, 124
Trd, 8637968.832, 85
Trd, 8637970.682, 103
Trd, 8637971.932, 88
Trd, 8637973.082, 95
Trd, 8637974.082, 104
Trd, 8637974.632, 117
Trd, 8637976.632, 95
Trd, 8637978.132, 117
Trd, 8637978.582, 121
Trd, 8637979.132, 101
Trd, 8637980.682, 103
Trd, 8637981.532, 95
Trd, 8637982.882, 113
Trd, 8637984.032, 93
Trd, 8637985.332, 96
Trd, 8637987.332, 111
Trd, 8637987.582, 97
Trd, 8637987.932, 96
Trd, 8637989.032, 110
Trd, 8637989.882, 117
Trd, 8637991.482, 95
Trd, 8637991.882, 94
Trd, 8637994.382, 89
Trd, 8637996.432, 94
Trd, 8637997.382, 112
Trd, 8637998.032, 113
Trd, 8637998.582, 128
Trd, 8637998.982, 98
Trd, 8638000.132, 97
Trd, 8638003.332, 97
Trd, 8638004.132, 97
Trd, 8638004.532, 117
Trd, 8638005.332, 128
Trd, 8638008.132, 113
Trd, 8638008.332, 127
Trd, 8638009.782, 104
Trd, 8638009.832, 103
Trd, 8638010.132, 102
Trd, 8638013.332, 99
Trd, 8638016.332, 103
Trd, 8638016.432, 104
Trd, 8638016.732, 99
Trd, 8638016.932, 98
Trd, 8638017.082, 95
Trd, 8638020.382, 92
Trd, 8638021.232, 96
Trd, 8638021.982, 116
Trd, 8638024.382, 126
Trd, 8638024.832, 131
Trd, 8638025.332, 102
Trd, 8638027.182, 107
Trd, 8638030.282, 114
Trd, 8638030.582, 106
Trd, 8638032.882, 115
Trd, 8638033.832, 92
Trd, 8638035.132, 113
Trd, 8638036.982, 97
Trd, 8638037.932, 115
Trd, 8638039.282, 116
Trd, 8638040.532, 102
Trd, 8638042.182, 99
Trd, 8638042.482, 109
Trd, 8638042.532, 86
Trd, 8638043.932, 70
Trd, 8638044.082, 122
Trd, 8638045.782, 74
Trd, 8638048.832, 80
Trd, 8638049.732, 86
Trd, 8638050.932, 113
Trd, 8638052.482, 117
Trd, 8638052.932, 124
Trd, 8638055.032, 102
Trd, 8638056.132, 100
Trd, 8638056.982, 96
Trd, 8638059.032, 117
Trd, 8638060.132, 76
Trd, 8638061.932, 79
Trd, 8638062.432, 114
Trd, 8638063.832, 83
Trd, 8638063.882, 81
Trd, 8638066.032, 121
Trd, 8638067.182, 114
Trd, 8638069.182, 118
Trd, 8638070.482, 92
Trd, 8638071.832, 92
Trd, 8638072.632, 111
Trd, 8638072.732, 94
Trd, 8638073.982, 94
Trd, 8638077.532, 113
Trd, 8638078.282, 122
Trd, 8638079.832, 95
Trd, 8638081.832, 113
Trd, 8638083.282, 93
Trd, 8638083.582, 125
Trd, 8638083.982, 92
Trd, 8638085.932, 89
Trd, 8638086.582, 126
Trd, 8638087.682, 113
Trd, 8638088.882, 73
Trd, 8638089.132, 117
Trd, 8638090.282, 71
Trd, 8638092.782, 120
Trd, 8638093.532, 82
Trd, 8638094.732, 85
Trd, 8638096.982, 112
Trd, 8638097.182, 113
Trd, 8638099.932, 99
Trd, 8638100.032, 98
Trd, 8638100.932, 119
Trd, 8638102.682, 126
Trd, 8638104.532, 103
Trd, 8638105.632, 105
Trd, 8638105.832, 111
Trd, 8638108.032, 108
Trd, 8638108.332, 114
Trd, 8638108.832, 114
Trd, 8638111.532, 106
Trd, 8638113.032, 106
Trd, 8638113.582, 120
Trd, 8638115.782, 100
Trd, 8638116.282, 115
Trd, 8638116.332, 98
Trd, 8638116.832, 95
Trd, 8638117.032, 118
Trd, 8638117.582, 123
Trd, 8638118.332, 70
Trd, 8638119.832, 78
Trd, 8638124.032, 85
Trd, 8638124.432, 102
Trd, 8638125.132, 104
Trd, 8638126.182, 90
Trd, 8638127.182, 93
Trd, 8638128.182, 70
Trd, 8638130.932, 113
Trd, 8638132.632, 120
Trd, 8638133.432, 128
Trd, 8638134.282, 94
Trd, 8638134.932, 115
Trd, 8638136.332, 97
Trd, 8638137.782, 99
Trd, 8638138.682, 109
Trd, 8638140.332, 106
Trd, 8638140.382, 96
Trd, 8638141.032, 97
Trd, 8638145.582, 102
Trd, 8638147.232, 103
Trd, 8638147.882, 102
Trd, 8638148.232, 104
Trd, 8638148.682, 95
Trd, 8638149.082, 86
Trd, 8638149.832, 70
Trd, 8638150.082, 113
Trd, 8638151.382, 125
Trd, 8638154.482, 123
Trd, 8638156.582, 84
Trd, 8638157.882, 87
Trd, 8638158.582, 107
Trd, 8638159.582, 89
Trd, 8638162.532, 91
Trd, 8638163.782, 117
Trd, 8638165.382, 112
Trd, 8638166.132, 100
Trd, 8638168.532, 111
Trd, 8638168.732, 104
Trd, 8638171.282, 111
Trd, 8638172.232, 112
Trd, 8638172.982, 112
Trd, 8638173.932, 112
Trd, 8638174.282, 113
Trd, 8638174.832, 124
Trd, 8638175.182, 95
Trd, 8638176.282, 102
Trd, 8638177.082, 90
Trd, 8638179.282, 92
Trd, 8638180.332, 91
Trd, 8638180.732, 111
Trd, 8638183.782, 122
Trd, 8638185.132, 112
Trd, 8638185.432, 87
Trd, 8638185.532, 87
Trd, 8638186.032, 122
Trd, 8638187.832, 92
Trd, 8638190.332, 104
Trd, 8638191.582, 103
Trd, 8638191.882, 101
Trd, 8638193.432, 97
Trd, 8638195.932, 102
Trd, 8638196.482, 104
Trd, 8638196.632, 100
Trd, 8638197.832, 117
Trd, 8638199.032, 98
Trd, 8638199.182, 114
Trd, 8638199.632, 95
Trd, 8638199.982, 122
Trd, 8638202.932, 118
Trd, 8638203.332, 90
Trd, 8638205.732, 94
Trd, 8638207.182, 114
Trd, 8638207.882, 97
Trd, 8638208.382, 96
Trd, 8638209.082, 124
Trd, 8638209.982, 123
Trd, 8638211.282, 99
Trd, 8638212.082, 97
Trd, 8638213.482, 96
Trd, 8638214.282, 102
Trd, 8638215.882, 91
Trd, 8638216.432, 94
Trd, 8638216.582, 104
Trd, 8638218.532, 93
Trd, 8638220.082, 97
Trd, 8638220.432, 115
Trd, 8638221.632, 124
Trd, 8638222.932, 90
Trd, 8638227.232, 100
Trd, 8638227.332, 104
Trd, 8638228.382, 96
Trd, 8638228.982, 95
Trd, 8638230.182, 115
Trd, 8638230.382, 69
Trd, 8638232.132, 71
Trd, 8638233.632, 95
Trd, 8638233.682, 74
Trd, 8638233.782, 97
Trd, 8638234.632, 117
Trd, 8638235.532, 120
Trd, 8638235.682, 77
Trd, 8638235.982, 77
Trd, 8638239.532, 119
Trd, 8638242.132, 86
Trd, 8638243.232, 86
Trd, 8638243.832, 112
Trd, 8638245.582, 126
Trd, 8638248.782, 115
Trd, 8638249.332, 103
Trd, 8638249.382, 101
Trd, 8638250.282, 96
Trd, 8638252.132, 95
Trd, 8638253.882, 110
Trd, 8638254.082, 73
Trd, 8638255.132, 129
Trd, 8638256.382, 112
Trd, 8638257.582, 110
Trd, 8638258.382, 87
Trd, 8638259.532, 91
Trd, 8638260.632, 110
Trd, 8638261.582, 95
Trd, 8638263.532, 93
Trd, 8638263.732, 93
Trd, 8638263.782, 119
Trd, 8638264.832, 93
Trd, 8638266.782, 112
Trd, 8638267.882, 101
Trd, 8638268.232, 114
Trd, 8638271.432, 97
Trd, 8638272.482, 118
Trd, 8638273.832, 102
Trd, 8638274.032, 125
Trd, 8638275.032, 102
Trd, 8638276.082, 95
Trd, 8638276.182, 110
Trd, 8638278.532, 91
Trd, 8638280.732, 111
Trd, 8638282.932, 125
Trd, 8638283.232, 98
Trd, 8638283.432, 130
Trd, 8638284.932, 138
Trd, 8638286.882, 131
Trd, 8638287.732, 100
Trd, 8638289.232, 98
Trd, 8638290.232, 96
Trd, 8638292.582, 96
Trd, 8638292.882, 116
Trd, 8638294.132, 119
Trd, 8638297.632, 100
Trd, 8638298.282, 96
Trd, 8638298.332, 95
Trd, 8638299.032, 115
Trd, 8638300.532, 96
Trd, 8638301.332, 95
Trd, 8638301.532, 95
Trd, 8638303.682, 117
Trd, 8638304.282, 123
Trd, 8638304.832, 70
Trd, 8638306.982, 75
Trd, 8638307.882, 104
Trd, 8638308.132, 113
Trd, 8638310.482, 124
Trd, 8638311.482, 92
Trd, 8638313.032, 121
Trd, 8638313.382, 92
Trd, 8638315.432, 95
Trd, 8638317.532, 113
Trd, 8638317.632, 99
Trd, 8638317.682, 114
Trd, 8638319.732, 98
Trd, 8638320.482, 124
Trd, 8638320.982, 97
Trd, 8638323.282, 89
Trd, 8638325.432, 114
Trd, 8638326.682, 97
Trd, 8638328.232, 95
Trd, 8638329.132, 104
Trd, 8638329.182, 97
Trd, 8638329.832, 124
Trd, 8638331.132, 86
Trd, 8638332.582, 74
Trd, 8638335.232, 91
Trd, 8638335.332, 79
Trd, 8638336.432, 105
Trd, 8638339.732, 113
Trd, 8638340.382, 111
Trd, 8638340.532, 113
Trd, 8638340.882, 95
Trd, 8638342.482, 97
Trd, 8638345.332, 115
Trd, 8638345.482, 98
Trd, 8638348.132, 104
Trd, 8638348.432, 103
Trd, 8638349.832, 115
Trd, 8638352.182, 107
Trd, 8638352.832, 114
Trd, 8638353.382, 120
Trd, 8638355.382, 122
Trd, 8638355.982, 106
Trd, 8638356.132, 104
Trd, 8638356.532, 123
Trd, 8638359.132, 92
Trd, 8638360.732, 109
Trd, 8638362.482, 99
Trd, 8638362.732, 96
Trd, 8638363.282, 104
Trd, 8638365.382, 98
Trd, 8638366.082, 103
Trd, 8638366.432, 98
Trd, 8638366.932, 104
Trd, 8638370.082, 106
Trd, 8638371.332, 106
Trd, 8638372.282, 95
Trd, 8638372.432, 69
Trd, 8638373.082, 105
Trd, 8638374.482, 78
Trd, 8638375.782, 104
Trd, 8638378.432, 108
Trd, 8638379.182, 95
Trd, 8638380.132, 96
Trd, 8638380.732, 104
Trd, 8638380.832, 96
Trd, 8638382.632, 87
Trd, 8638385.332, 106
Trd, 8638386.532, 122
Trd, 8638387.582, 94
Trd, 8638389.682, 100
Trd, 8638389.882, 99
Trd, 8638390.832, 114
Trd, 8638392.432, 114
Trd, 8638392.482, 97
Trd, 8638392.732, 68
Trd, 8638394.632, 101
Trd, 8638399.232, 90
Trd, 8638400.032, 113
Trd, 8638400.332, 125
Trd, 8638400.982, 95
Trd, 8638401.582, 96
Trd, 8638402.382, 115
Trd, 8638402.532, 86
Trd, 8638404.832, 122
Trd, 8638406.582, 71
Trd, 8638406.782, 113
Trd, 8638407.332, 71
Trd, 8638407.682, 122
Trd, 8638411.682, 110
Trd, 8638411.782, 85
Trd, 8638413.182, 118
Trd, 8638416.132, 99
Trd, 8638416.732, 116
Trd, 8638418.882, 105
Trd, 8638419.932, 117
Trd, 8638420.732, 104
Trd, 8638421.832, 97
Trd, 8638422.532, 95
Trd, 8638423.132, 107
Trd, 8638424.432, 75
Trd, 8638425.882, 112
Trd, 8638428.582, 90
Trd, 8638429.232, 118
Trd, 8638430.882, 104
Trd, 8638431.232, 123
Trd, 8638431.932, 119
Trd, 8638432.132, 98
Trd, 8638433.482, 96
Trd, 8638436.382, 96
Trd, 8638436.632, 116
Trd, 8638437.782, 96
Trd, 8638439.382, 111
Trd, 8638441.632, 78
Trd, 8638444.682, 88
Trd, 8638445.532, 105
Trd, 8638445.932, 90
Trd, 8638446.332, 104
Trd, 8638446.932, 123
Trd, 8638447.682, 93
Trd, 8638449.182, 120
Trd, 8638450.032, 81
Trd, 8638451.932, 116
Trd, 8638456.182, 98
Trd, 8638456.882, 97
Trd, 8638457.182, 113
Trd, 8638458.132, 106
Trd, 8638458.832, 93
Trd, 8638459.732, 94
Trd, 8638461.632, 95
Trd, 8638461.882, 113
Trd, 8638463.432, 99
Trd, 8638465.482, 107
Trd, 8638465.832, 105
Trd, 8638466.432, 107
Trd, 8638468.082, 123
Trd, 8638469.832, 127
Trd, 8638471.082, 114
Trd, 8638471.832, 95
Trd, 8638473.682, 88
Trd, 8638473.932, 110
Trd, 8638474.282, 90
Trd, 8638476.682, 113
Trd, 8638476.982, 93
Trd, 8638477.432, 112
Trd, 8638479.182, 131
Trd, 8638479.382, 122
Trd, 8638482.182, 98
Trd, 8638482.482, 125
Trd, 8638484.532, 124
Trd, 8638485.232, 87
Trd, 8638487.982, 98
Trd, 8638488.932, 97
Trd, 8638489.032, 113
Trd, 8638492.282, 107
Trd, 8638492.332, 99
Trd, 8638493.932, 97
Trd, 8638495.582, 98
Trd, 8638495.632, 108
Trd, 8638496.932, 118
Trd, 8638499.632, 106
Trd, 8638500.382, 105
Trd, 8638500.482, 119
Trd, 8638500.582, 122
Trd, 8638502.432, 95
Trd, 8638504.082, 127
Trd, 8638504.782, 120
Trd, 8638505.982, 99
Trd, 8638509.082, 104
Trd, 8638509.732, 126
Trd, 8638510.482, 130
Trd, 8638511.582, 122
Trd, 8638513.082, 124
Trd, 8638513.482, 102
Trd, 8638514.732, 115
Trd, 8638516.232, 103
Trd, 8638517.682, 104
Trd, 8638520.432, 130
Trd, 8638521.432, 97
Trd, 8638522.132, 98
Trd, 8638522.632, 120
Trd, 8638522.932, 97
Trd, 8638524.082, 87
Trd, 8638524.682, 68
Trd, 8638527.032, 101
Trd, 8638527.332, 104
Trd, 8638527.632, 72
Trd, 8638529.682, 100
Trd, 8638530.382, 79
Trd, 8638533.782, 110
Trd, 8638534.382, 92
Trd, 8638536.082, 97
Trd, 8638537.482, 121
Trd, 8638538.332, 102
Trd, 8638538.732, 130
Trd, 8638539.782, 95
Trd, 8638539.932, 87
Trd, 8638542.332, 123
Trd, 8638542.732, 125
Trd, 8638543.032, 73
Trd, 8638544.282, 76
Trd, 8638546.782, 104
Trd, 8638548.982, 91
Trd, 8638551.032, 101
Trd, 8638551.082, 104
Trd, 8638553.082, 105
Trd, 8638553.282, 112
Trd, 8638553.632, 115
Trd, 8638553.982, 105
Trd, 8638556.782, 106
Trd, 8638558.282, 116
Trd, 8638560.682, 124
Trd, 8638561.682, 104
Trd, 8638561.882, 96
Trd, 8638563.732, 98
Trd, 8638563.882, 96
Trd, 8638565.432, 131
Trd, 8638568.132, 115
Trd, 8638569.182, 103
Trd, 8638569.332, 125
Trd, 8638570.182, 128
Trd, 8638571.732, 106
Trd, 8638571.832, 105
Trd, 8638574.282, 110
Trd, 8638575.082, 107
Trd, 8638576.032, 117
Trd, 8638576.582, 106
Trd, 8638578.132, 119
Trd, 8638579.382, 98
Trd, 8638580.832, 131
Trd, 8638582.832, 71
Trd, 8638584.582, 76
Trd, 8638585.082, 105
Trd, 8638587.432, 80
Trd, 8638588.432, 107
Trd, 8638589.032, 86
Trd, 8638589.582, 108
Trd, 8638590.382, 121
Trd, 8638592.132, 94
Trd, 8638593.032, 96
Trd, 8638595.032, 98
Trd, 8638596.632, 123
Trd, 8638597.332, 124
Trd, 8638598.182, 100
Trd, 8638599.732, 131
Trd, 8638601.182, 101
Trd, 8638603.232, 99
Trd, 8638603.782, 130
Trd, 8638603.982, 132
Trd, 8638605.282, 101
Trd, 8638606.932, 101
Trd, 8638608.682, 90
Trd, 8638609.882, 105
Trd, 8638613.882, 130
Trd, 8638614.432, 113
Trd, 8638614.932, 118
Trd, 8638616.132, 106
Trd, 8638617.682, 112
Trd, 8638621.282, 104
Trd, 8638622.132, 104
Trd, 8638622.682, 95
Trd, 8638623.282, 71
Trd, 8638624.032, 71
Trd, 8638624.082, 100
Trd, 8638625.332, 104
Trd, 8638627.982, 113
Trd, 8638630.082, 88
Trd, 8638631.732, 90
Trd, 8638632.732, 111
Trd, 8638634.832, 97
Trd, 8638635.232, 96
Trd, 8638636.332, 118
Trd, 8638638.532, 103
Trd, 8638639.382, 111
Trd, 8638640.682, 105
Trd, 8638641.882, 97
Trd, 8638642.582, 113
Trd, 8638643.882, 122
Trd, 8638644.382, 100
Trd, 8638644.982, 95
Trd, 8638646.882, 114
Trd, 8638647.532, 88
Trd, 8638647.932, 114
Trd, 8638650.432, 122
Trd, 8638650.582, 91
Trd, 8638652.732, 94
Trd, 8638652.832, 93
Trd, 8638653.232, 86
Trd, 8638654.482, 129
Trd, 8638654.832, 73
Trd, 8638657.732, 120
Trd, 8638659.082, 85
Trd, 8638662.032, 121
Trd, 8638662.532, 97
Trd, 8638663.932, 99
Trd, 8638664.832, 119
Trd, 8638666.482, 106
Trd, 8638668.582, 112
Trd, 8638668.632, 106
Trd, 8638669.132, 95
Trd, 8638670.132, 88
Trd, 8638671.782, 108
Trd, 8638672.482, 91
Trd, 8638674.332, 94
Trd, 8638674.782, 103
Trd, 8638675.832, 87
Trd, 8638678.432, 102
Trd, 8638679.432, 95
Trd, 8638680.482, 94
Trd, 8638680.682, 105
Trd, 8638684.182, 97
Trd, 8638684.282, 103
Trd, 8638685.382, 93
Trd, 8638685.582, 104
Trd, 8638686.282, 94
Trd, 8638687.632, 96
Trd, 8638689.532, 107
Trd, 8638689.582, 95
Trd, 8638690.532, 107
Trd, 8638690.732, 115
Trd, 8638691.332, 95
Trd, 8638696.082, 104
Trd, 8638696.782, 129
Trd, 8638696.882, 86
Trd, 8638698.482, 87
Trd, 8638701.232, 97
Trd, 8638701.782, 107
Trd, 8638702.782, 97
Trd, 8638704.132, 115
Trd, 8638706.582, 119
Trd, 8638708.282, 113
Trd, 8638708.832, 110
Trd, 8638709.032, 109
Trd, 8638709.082, 95
Trd, 8638709.882, 116
Trd, 8638710.932, 116
Trd, 8638713.332, 89
Trd, 8638714.332, 89
Trd, 8638715.082, 116
Trd, 8638715.882, 91
Trd, 8638716.032, 90
Trd, 8638717.232, 110
Trd, 8638720.532, 104
Trd, 8638723.382, 97
Trd, 8638724.732, 94
Trd, 8638724.782, 90
Trd, 8638725.332, 102
Trd, 8638727.532, 93
Trd, 8638727.982, 93
Trd, 8638728.932, 117
Trd, 8638729.182, 97
Trd, 8638731.032, 108
Trd, 8638731.332, 98
Trd, 8638733.132, 123
Trd, 8638733.732, 90
Trd, 8638735.182, 140
Trd, 8638737.332, 97
Trd, 8638737.782, 96
Trd, 8638739.632, 95
Trd, 8638740.232, 88
Trd, 8638740.732, 104
Trd, 8638740.982, 116
Trd, 8638744.182, 80
Trd, 8638745.682, 119
Trd, 8638746.232, 120
Trd, 8638747.532, 90
Trd, 8638750.082, 119
Trd, 8638750.482, 96
Trd, 8638753.032, 114
Trd, 8638754.582, 102
Trd, 8638755.782, 101
Trd, 8638755.982, 98
Trd, 8638758.432, 102
Trd, 8638758.932, 112
Trd, 8638759.982, 88
Trd, 8638760.632, 124
Trd, 8638760.882, 88
Trd, 8638761.332, 124
Trd, 8638763.232, 95
Trd, 8638765.582, 90
Trd, 8638766.032, 87
Trd, 8638767.232, 102
Trd, 8638771.382, 108
Trd, 8638771.682, 111
Trd, 8638773.832, 108
Trd, 8638774.282, 111
Trd, 8638775.682, 109
Trd, 8638776.782, 104
Trd, 8638776.932, 114
Trd, 8638779.632, 103
Trd, 8638781.782, 115
Trd, 8638782.432, 121
Trd, 8638782.482, 95
Trd, 8638783.382, 88
Trd, 8638786.832, 105
Trd, 8638788.032, 101
Trd, 8638788.432, 101
Trd, 8638789.032, 101
Trd, 8638789.082, 106
Trd, 8638789.382, 95
Trd, 8638790.532, 87
Trd, 8638791.882, 111
Trd, 8638792.282, 117
Trd, 8638794.032, 89
Trd, 8638795.982, 115
Trd, 8638797.282, 78
Trd, 8638799.132, 80
Trd, 8638799.332, 112
Trd, 8638799.932, 80
Trd, 8638801.732, 86
Trd, 8638802.432, 127
Trd, 8638803.432, 115
Trd, 8638804.432, 94
Trd, 8638807.032, 98
Trd, 8638808.032, 70
Trd, 8638808.832, 117
Trd, 8638809.132, 75
Trd, 8638809.482, 113
Trd, 8638809.982, 117
Trd, 8638810.132, 75
Trd, 8638814.482, 112
Trd, 8638815.232, 90
Trd, 8638816.482, 109
Trd, 8638817.582, 95
Trd, 8638818.532, 122
Trd, 8638818.732, 98
Trd, 8638819.882, 86
Trd, 8638819.932, 120
Trd, 8638820.882, 72
Trd, 8638821.682, 123
Trd, 8638826.382, 82
Trd, 8638826.582, 84
Trd, 8638826.732, 104
Trd, 8638829.482, 104
Trd, 8638830.332, 95
Trd, 8638831.082, 119
Trd, 8638831.232, 93
Trd, 8638832.382, 122
Trd, 8638833.382, 94
Trd, 8638836.632, 120
Trd, 8638837.782, 94
Trd, 8638840.132, 122
Trd, 8638840.632, 122
Trd, 8638841.182, 102
Trd, 8638841.532, 118
Trd, 8638842.032, 103
Trd, 8638843.032, 71
Trd, 8638843.332, 70
Trd, 8638845.182, 107
Trd, 8638846.032, 75
Trd, 8638848.532, 95
Trd, 8638849.332, 82
Trd, 8638851.232, 90
Trd, 8638851.982, 91
Trd, 8638854.532, 92
Trd, 8638855.282, 119
Trd, 8638855.682, 113
Trd, 8638856.332, 93
Trd, 8638857.282, 93
Trd, 8638859.032, 111
Trd, 8638860.882, 94
Trd, 8638861.282, 114
Trd, 8638861.582, 131
Trd, 8638862.632, 97
Trd, 8638863.332, 96
Trd, 8638867.082, 108
Trd, 8638868.832, 110
Trd, 8638869.632, 108
Trd, 8638870.132, 111
Trd, 8638870.932, 105
Trd, 8638872.682, 96
Trd, 8638873.982, 100
Trd, 8638874.082, 111
Trd, 8638876.282, 98
Trd, 8638876.632, 120
Trd, 8638877.582, 99
Trd, 8638881.032, 108
Trd, 8638881.082, 94
Trd, 8638881.682, 95
Trd, 8638883.382, 97
Trd, 8638883.682, 104
Trd, 8638884.882, 98
Trd, 8638885.382, 95
Trd, 8638887.482, 123
Trd, 8638888.482, 92
Trd, 8638891.032, 121
Trd, 8638891.182, 97
Trd, 8638892.282, 121
Trd, 8638892.982, 98
Trd, 8638893.332, 97
Trd, 8638896.132, 104
Trd, 8638896.182, 103
Trd, 8638897.582, 130
Trd, 8638897.732, 113
Trd, 8638901.432, 105
Trd, 8638902.582, 119
Trd, 8638903.032, 104
Trd, 8638903.182, 95
Trd, 8638903.432, 86
Trd, 8638903.932, 117
Trd, 8638906.882, 73
Trd, 8638908.632, 86
Trd, 8638909.582, 103
Trd, 8638909.682, 78
Trd, 8638911.782, 84
Trd, 8638914.232, 108
Trd, 8638914.732, 109
Trd, 8638915.082, 92
Trd, 8638915.582, 92
Trd, 8638916.432, 117
Trd, 8638918.482, 92
Trd, 8638919.182, 106
Trd, 8638919.982, 87
Trd, 8638921.882, 71
Trd, 8638922.432, 100
Trd, 8638924.232, 97
Trd, 8638926.232, 80
Trd, 8638928.132, 88
Trd, 8638930.232, 125
Trd, 8638931.532, 128
Trd, 8638932.632, 118
Trd, 8638932.732, 95
Trd, 8638934.632, 95
Trd, 8638935.582, 122
Trd, 8638936.082, 129
Trd, 8638938.182, 103
Trd, 8638939.682, 119
Trd, 8638943.532, 111
Trd, 8638944.682, 106
Trd, 8638945.332, 114
Trd, 8638945.432, 104
Trd, 8638945.682, 115
Trd, 8638946.982, 124
Trd, 8638947.932, 122
Trd, 8638949.132, 101
Trd, 8638949.882, 100
Trd, 8638953.032, 101
Trd, 8638956.082, 104
Trd, 8638956.132, 102
Trd, 8638956.782, 104
Trd, 8638957.432, 96
Trd, 8638957.682, 116
Trd, 8638958.782, 87
Trd, 8638960.782, 115
Trd, 8638962.232, 95
Trd, 8638962.832, 112
Trd, 8638964.032, 95
Trd, 8638964.082, 98
Trd, 8638964.982, 95
Trd, 8638968.782, 109
Trd, 8638969.382, 91
Trd, 8638970.682, 94
Trd, 8638972.782, 121
Trd, 8638973.532, 99
Trd, 8638974.032, 96
Trd, 8638974.282, 112
Trd, 8638977.082, 93
Trd, 8638978.682, 99
Trd, 8638980.632, 119
Trd, 8638981.782, 117
Trd, 8638983.232, 107
Trd, 8638983.332, 107
Trd, 8638986.032, 118
Trd, 8638986.282, 107
Trd, 8638986.382, 104
Trd, 8638988.132, 115
Trd, 8638988.282, 101
Trd, 8638989.032, 100
Trd, 8638990.532, 119
Trd, 8638995.282, 105
Trd, 8638996.182, 113
Trd, 8638996.232, 104
Trd, 8638997.582, 115
Trd, 8638997.882, 96
Trd, 8638998.482, 122
Trd, 8638998.832, 96
Trd, 8638999.282, 116
Trd, 8639000.982, 95
Trd, 8639001.432, 88
Trd, 8639001.732, 87
Trd, 8639002.382, 126
Trd, 8639006.882, 100
Trd, 8639007.582, 108
Trd, 8639007.882, 101
Trd, 8639008.732, 100
Trd, 8639008.882, 106
Trd, 8639009.432, 116
Trd, 8639010.282, 98
Trd, 8639011.882, 97
Trd, 8639015.432, 117
Trd, 8639015.882, 96
Trd, 8639016.682, 120
Trd, 8639017.882, 102
Trd, 8639019.282, 112
Trd, 8639019.732, 119
Trd, 8639019.882, 104
Trd, 8639020.232, 88
Trd, 8639023.082, 87
Trd, 8639024.482, 110
Trd, 8639024.532, 125
Trd, 8639025.682, 94
Trd, 8639026.332, 95
Trd, 8639028.132, 102
Trd, 8639028.782, 104
Trd, 8639029.132, 103
Trd, 8639030.582, 104
Trd, 8639031.332, 111
Trd, 8639032.532, 123
Trd, 8639034.032, 97
Trd, 8639036.132, 113
Trd, 8639037.282, 95
Trd, 8639038.832, 88
Trd, 8639039.932, 111
Trd, 8639040.582, 123
Trd, 8639041.232, 95
Trd, 8639043.732, 97
Trd, 8639045.682, 111
Trd, 8639047.082, 100
Trd, 8639048.282, 116
Trd, 8639049.032, 120
Trd, 8639049.582, 100
Trd, 8639049.632, 95
Trd, 8639051.532, 91
Trd, 8639053.432, 92
Trd, 8639055.082, 118
Trd, 8639056.332, 121
Trd, 8639057.332, 95
Trd, 8639057.732, 93
Trd, 8639058.032, 87
Trd, 8639059.982, 115
Trd, 8639061.882, 91
Trd, 8639063.482, 92
Trd, 8639064.782, 110
Trd, 8639067.632, 110
Trd, 8639069.232, 119
Trd, 8639069.382, 122
Trd, 8639069.482, 95
Trd, 8639069.632, 94
Trd, 8639071.232, 95
Trd, 8639072.982, 125
Trd, 8639073.782, 98
Trd, 8639075.882, 100
Trd, 8639077.682, 121
Trd, 8639078.082, 123
Trd, 8639079.232, 105
Trd, 8639080.482, 87
Trd, 8639081.832, 104
Trd, 8639085.582, 98
Trd, 8639085.682, 97
Trd, 8639087.032, 87
Trd, 8639087.682, 118
Trd, 8639087.832, 120
Trd, 8639089.682, 114
Trd, 8639090.082, 77
Trd, 8639092.282, 85
Trd, 8639092.332, 84
Trd, 8639093.832, 113
Trd, 8639094.032, 89
Trd, 8639096.782, 92
Trd, 8639098.482, 107
Trd, 8639098.882, 108
Trd, 8639099.682, 97
Trd, 8639100.932, 114
Trd, 8639101.432, 115
Trd, 8639101.832, 103
Trd, 8639105.182, 109
Trd, 8639105.432, 111
Trd, 8639106.782, 94
Trd, 8639107.882, 90
Trd, 8639108.982, 104
Trd, 8639109.632, 90
Trd, 8639111.332, 114
Trd, 8639111.882, 94
Trd, 8639113.632, 124
Trd, 8639113.682, 101
Trd, 8639114.532, 100
Trd, 8639118.082, 100
Trd, 8639118.882, 116
Trd, 8639119.482, 104
Trd, 8639119.932, 104
Trd, 8639124.182, 109
Trd, 8639125.132, 95
Trd, 8639125.282, 116
Trd, 8639127.082, 91
Trd, 8639129.032, 98
Trd, 8639132.082, 92
Trd, 8639132.382, 113
Trd, 8639132.582, 119
Trd, 8639133.182, 123
Trd, 8639134.082, 97
Trd, 8639134.482, 122
Trd, 8639137.682, 103
Trd, 8639139.032, 111
Trd, 8639139.482, 76
Trd, 8639140.232, 108
Trd, 8639140.382, 76
Trd, 8639142.832, 73
Trd, 8639143.482, 86
Trd, 8639143.632, 74
Trd, 8639143.732, 68
Trd, 8639148.182, 108
Trd, 8639148.682, 92
Trd, 8639149.582, 93
Trd, 8639150.882, 108
Trd, 8639153.282, 117
Trd, 8639154.032, 100
Trd, 8639155.282, 100
Trd, 8639156.982, 91
Trd, 8639159.032, 103
Trd, 8639159.482, 125
Trd, 8639160.982, 105
Trd, 8639162.282, 106
Trd, 8639162.932, 104
Trd, 8639164.482, 95
Trd, 8639165.632, 89
Trd, 8639166.282, 105
Trd, 8639167.482, 91
Trd, 8639167.682, 108
Trd, 8639168.732, 89
Trd, 8639171.232, 120
Trd, 8639172.082, 82
Trd, 8639172.182, 116
Trd, 8639175.932, 110
Trd, 8639176.382, 111
Trd, 8639177.432, 98
Trd, 8639179.082, 101
Trd, 8639181.332, 114
Trd, 8639181.882, 104
Trd, 8639182.132, 86
Trd, 8639182.582, 117
Trd, 8639184.982, 80
Trd, 8639185.682, 118
Trd, 8639186.832, 88
Trd, 8639186.982, 87
Trd, 8639188.032, 89
Trd, 8639188.132, 118
Trd, 8639189.532, 124
Trd, 8639190.032, 88
Trd, 8639192.732, 89
Trd, 8639194.232, 95
Trd, 8639195.532, 121
Trd, 8639196.482, 98
Trd, 8639198.282, 99
Trd, 8639198.432, 112
Trd, 8639199.582, 74
Trd, 8639201.232, 111
Trd, 8639203.232, 83
Trd, 8639204.882, 102
Trd, 8639205.032, 88
Trd, 8639207.332, 104
Trd, 8639208.482, 100
Trd, 8639211.082, 102
Trd, 8639211.932, 108
Trd, 8639212.232, 104
Trd, 8639213.332, 118
Trd, 8639214.782, 103
Trd, 8639215.832, 103
Trd, 8639216.232, 95
Trd, 8639216.882, 126
Trd, 8639217.532, 130
Trd, 8639220.082, 116
Trd, 8639221.582, 96
Trd, 8639221.782, 94
Trd, 8639222.782, 129
Trd, 8639223.082, 86
Trd, 8639224.732, 122
Trd, 8639227.382, 114
Trd, 8639227.532, 86
Trd, 8639228.132, 86
Trd, 8639229.432, 88
Trd, 8639230.282, 88
Trd, 8639232.082, 103
Trd, 8639234.032, 97
Trd, 8639234.082, 104
Trd, 8639235.082, 123
Trd, 8639236.032, 98
Trd, 8639236.832, 123
Trd, 8639237.182, 97
Trd, 8639239.582, 123
Trd, 8639241.332, 104
Trd, 8639241.632, 104
Trd, 8639243.482, 116
Trd, 8639244.632, 117
Trd, 8639245.782, 95
Trd, 8639246.732, 96
Trd, 8639247.582, 95
Trd, 8639248.082, 117
Trd, 8639250.782, 82
Trd, 8639251.732, 122
Trd, 8639252.532, 87
Trd, 8639253.532, 120
Trd, 8639254.232, 121
Trd, 8639256.982, 88
Trd, 8639258.482, 118
Trd, 8639260.432, 97
Trd, 8639262.782, 111
Trd, 8639263.532, 104
Trd, 8639263.632, 112
Trd, 8639263.832, 103
Trd, 8639264.132, 95
Trd, 8639265.532, 116
Trd, 8639266.232, 124
Trd, 8639266.882, 73
Trd, 8639269.032, 73
Trd, 8639270.482, 103
Trd, 8639270.982, 79
Trd, 8639271.682, 104
Trd, 8639272.882, 69
Trd, 8639274.532, 113
Trd, 8639277.332, 91
Trd, 8639277.882, 91
Trd, 8639278.732, 96
Trd, 8639282.282, 103
Trd, 8639282.432, 114
Trd, 8639284.482, 112
Trd, 8639284.732, 104
Trd, 8639285.982, 88
Trd, 8639286.932, 93
Trd, 8639288.282, 92
Trd, 8639289.132, 123
Trd, 8639290.332, 96
Trd, 8639290.782, 123
Trd, 8639292.432, 100
Trd, 8639292.832, 121
Trd, 8639294.132, 86
Trd, 8639294.482, 119
Trd, 8639296.332, 71
Trd, 8639297.532, 121
Trd, 8639299.182, 76
Trd, 8639299.832, 79
Trd, 8639299.982, 78
Trd, 8639301.982, 109
Trd, 8639303.732, 82
Trd, 8639305.132, 113
Trd, 8639306.082, 113
Trd, 8639306.332, 92
Trd, 8639308.382, 94
Trd, 8639311.082, 109
Trd, 8639313.332, 105
Trd, 8639313.732, 104
Trd, 8639313.782, 115
Trd, 8639314.532, 96
Trd, 8639314.982, 116
Trd, 8639316.782, 122
Trd, 8639317.032, 95
Trd, 8639317.682, 96
Trd, 8639319.282, 89
Trd, 8639322.682, 99
Trd, 8639323.332, 108
Trd, 8639323.582, 99
Trd, 8639323.732, 109
Trd, 8639324.632, 98
Trd, 8639327.932, 94
Trd, 8639328.982, 111
Trd, 8639329.632, 113
Trd, 8639332.182, 110
Trd, 8639332.332, 114
Trd, 8639333.782, 107
Trd, 8639334.632, 105
Trd, 8639335.832, 100
Trd, 8639336.132, 99
Trd, 8639338.282, 92
Trd, 8639339.032, 121
Trd, 8639341.382, 112
Trd, 8639341.632, 114
Trd, 8639342.082, 94
Trd, 8639342.682, 89
Trd, 8639344.382, 112
Trd, 8639346.332, 110
Trd, 8639346.732, 111
Trd, 8639347.482, 94
Trd, 8639350.232, 99
Trd, 8639350.882, 110
Trd, 8639351.232, 95
Trd, 8639351.532, 87
Trd, 8639354.682, 93
Trd, 8639355.832, 104
Trd, 8639356.682, 122
Trd, 8639357.232, 94
Trd, 8639358.132, 97
Trd, 8639361.682, 107
Trd, 8639362.532, 95
Trd, 8639364.782, 77
Trd, 8639365.582, 104
Trd, 8639366.132, 81
Trd, 8639366.932, 99
Trd, 8639368.482, 86
Trd, 8639369.032, 122
Trd, 8639371.632, 132
Trd, 8639372.982, 121
Trd, 8639373.282, 99
Trd, 8639373.982, 100
Trd, 8639375.082, 89
Trd, 8639375.632, 114
Trd, 8639376.682, 89
Trd, 8639378.332, 104
Trd, 8639380.232, 77
Trd, 8639381.732, 82
Trd, 8639382.482, 86
Trd, 8639383.982, 90
Trd, 8639384.082, 114
Trd, 8639384.332, 89
Trd, 8639386.732, 90
Trd, 8639386.882, 118
Trd, 8639387.732, 118
Trd, 8639389.232, 74
Trd, 8639390.682, 117
Trd, 8639391.882, 79
Trd, 8639392.182, 120
Trd, 8639393.932, 94
Trd, 8639397.282, 101
Trd, 8639399.582, 105
Trd, 8639400.382, 107
Trd, 8639400.982, 110
Trd, 8639401.832, 105
Trd, 8639403.632, 117
Trd, 8639404.932, 105
Trd, 8639405.982, 96
Trd, 8639406.432, 98
Trd, 8639406.982, 96
Trd, 8639408.032, 126
Trd, 8639410.232, 104
Trd, 8639411.332, 115
Trd, 8639412.682, 106
Trd, 8639414.732, 113
Trd, 8639415.682, 105
Trd, 8639417.332, 111
Trd, 8639417.432, 95
Trd, 8639418.332, 110
Trd, 8639419.832, 84
Trd, 8639423.182, 91
Trd, 8639424.232, 104
Trd, 8639424.682, 94
Trd, 8639425.132, 108
Trd, 8639427.032, 99
Trd, 8639430.282, 112
Trd, 8639430.482, 113
Trd, 8639430.582, 102
Trd, 8639430.932, 101
Trd, 8639432.632, 64
Trd, 8639433.482, 81
Trd, 8639436.782, 110
Trd, 8639436.882, 123
Trd, 8639437.082, 84
Trd, 8639438.432, 92
Trd, 8639438.832, 90
Trd, 8639441.332, 106
Trd, 8639442.482, 97
Trd, 8639443.132, 95
Trd, 8639443.982, 93
Trd, 8639446.732, 116
Trd, 8639448.882, 99
Trd, 8639449.782, 99
Trd, 8639449.932, 114
Trd, 8639452.532, 125
Trd, 8639453.332, 104
Trd, 8639454.732, 104
Trd, 8639454.882, 95
Trd, 8639456.032, 112
Trd, 8639457.482, 76
Trd, 8639458.482, 78
Trd, 8639460.232, 100
Trd, 8639460.932, 116
Trd, 8639463.232, 90
Trd, 8639463.382, 116
Trd, 8639463.732, 92
Trd, 8639465.032, 96
Trd, 8639465.282, 117
Trd, 8639468.282, 121
Trd, 8639469.682, 102
Trd, 8639469.882, 117
Trd, 8639471.332, 105
Trd, 8639471.582, 105
Trd, 8639473.332, 111
Trd, 8639474.082, 105
Trd, 8639474.182, 104
Trd, 8639474.732, 88
Trd, 8639475.482, 111
Trd, 8639477.282, 93
Trd, 8639477.332, 121
Trd, 8639478.082, 92
Trd, 8639479.082, 124
Trd, 8639482.632, 87
Trd, 8639482.782, 86
Trd, 8639484.382, 114
Trd, 8639485.532, 89
Trd, 8639486.632, 91
Trd, 8639487.232, 112
Trd, 8639488.732, 95
Trd, 8639489.182, 92
Trd, 8639489.882, 125
Trd, 8639492.632, 111
Trd, 8639492.682, 93
Trd, 8639495.132, 116
Trd, 8639497.682, 104
Trd, 8639498.032, 103
Trd, 8639498.182, 130
Trd, 8639498.832, 102
Trd, 8639498.882, 101
Trd, 8639499.732, 124
Trd, 8639502.382, 113
Trd, 8639503.232, 100
Trd, 8639504.682, 72
Trd, 8639505.032, 112
Trd, 8639507.282, 109
Trd, 8639508.532, 87
Trd, 8639508.732, 123
Trd, 8639511.282, 89
Trd, 8639511.632, 87
Trd, 8639512.882, 88
Trd, 8639513.732, 89
Trd, 8639513.832, 86
Trd, 8639513.882, 120
Trd, 8639517.482, 115
Trd, 8639519.032, 77
Trd, 8639521.682, 115
Trd, 8639523.382, 89
Trd, 8639525.732, 88
Trd, 8639526.182, 87
Trd, 8639526.882, 106
Trd, 8639527.282, 107
Trd, 8639528.132, 91
Trd, 8639528.832, 98
Trd, 8639530.532, 74
Trd, 8639532.382, 109
Trd, 8639532.932, 109
Trd, 8639534.382, 88
Trd, 8639534.682, 87
Trd, 8639539.482, 107
Trd, 8639539.832, 108
Trd, 8639540.282, 95
Trd, 8639540.382, 94
Trd, 8639542.482, 119
Trd, 8639543.332, 97
Trd, 8639544.882, 99
Trd, 8639545.132, 97
Trd, 8639545.282, 108
Trd, 8639549.082, 104
Trd, 8639550.032, 82
Trd, 8639551.682, 103
Trd, 8639552.032, 104
Trd, 8639552.932, 86
Trd, 8639554.782, 129
Trd, 8639555.882, 93
Trd, 8639557.032, 87
Trd, 8639559.232, 112
Trd, 8639559.832, 91
Trd, 8639562.532, 93
Trd, 8639562.632, 112
Trd, 8639562.982, 113
Trd, 8639563.582, 94
Trd, 8639568.032, 114
Trd, 8639568.282, 104
Trd, 8639568.882, 103
Trd, 8639570.282, 87
Trd, 8639570.732, 88
Trd, 8639570.932, 115
Trd, 8639572.982, 123
Trd, 8639574.432, 92
Trd, 8639575.032, 129
Trd, 8639578.032, 98
Trd, 8639579.082, 104
Trd, 8639580.582, 103
Trd, 8639581.882, 114
Trd, 8639582.182, 87
Trd, 8639583.382, 88
Trd, 8639584.932, 114
Trd, 8639586.182, 74
Trd, 8639587.532, 116
Trd, 8639589.282, 121
Trd, 8639589.932, 122
Trd, 8639590.132, 89
Trd, 8639591.632, 89
Trd, 8639594.682, 111
Trd, 8639594.832, 92
Trd, 8639596.782, 95
Trd, 8639596.832, 93
Trd, 8639596.882, 111
Trd, 8639597.782, 118
Trd, 8639599.282, 95
Trd, 8639600.432, 87
Trd, 8639600.682, 117
Trd, 8639602.782, 120
Trd, 8639602.982, 88
Trd, 8639606.982, 96
Trd, 8639607.982, 120
Trd, 8639608.282, 100
Trd, 8639610.182, 114
Trd, 8639611.782, 98
Trd, 8639611.832, 115
Trd, 8639612.032, 95
Trd, 8639615.632, 118
Trd, 8639615.982, 118
Trd, 8639616.332, 101
Trd, 8639618.382, 102
Trd, 8639619.882, 126
Trd, 8639620.232, 95
Trd, 8639621.632, 125
Trd, 8639622.882, 90
Trd, 8639623.232, 125
Trd, 8639625.382, 115
Trd, 8639626.232, 98
Trd, 8639627.432, 95
Trd, 8639629.032, 89
Trd, 8639629.582, 88
Trd, 8639629.882, 104
Trd, 8639632.882, 102
Trd, 8639633.032, 104
Trd, 8639633.082, 101
Trd, 8639634.482, 122
Trd, 8639637.182, 77
Trd, 8639639.382, 113
Trd, 8639640.082, 113
Trd, 8639640.682, 114
Trd, 8639642.132, 95
Trd, 8639642.582, 97
Trd, 8639643.582, 97
Trd, 8639644.032, 96
Trd, 8639644.682, 68
Trd, 8639645.032, 119
Trd, 8639647.832, 110
Trd, 8639649.182, 82
Trd, 8639652.582, 97
Trd, 8639653.132, 101
Trd, 8639653.532, 104
Trd, 8639654.332, 100
Trd, 8639655.132, 116
Trd, 8639657.782, 107
Trd, 8639659.082, 120
Trd, 8639660.482, 106
Trd, 8639660.582, 123
Trd, 8639663.282, 99
Trd, 8639666.032, 91
Trd, 8639666.382, 108
Trd, 8639667.932, 93
Trd, 8639669.982, 110
Trd, 8639670.932, 95
Trd, 8639671.032, 111
Trd, 8639673.632, 98
Trd, 8639674.932, 99
Trd, 8639677.282, 104
Trd, 8639677.932, 109
Trd, 8639680.882, 104
Trd, 8639681.132, 104
Trd, 8639683.032, 100
Trd, 8639684.332, 101
Trd, 8639685.382, 104
Trd, 8639685.582, 103
Trd, 8639687.982, 110
Trd, 8639688.582, 95
Trd, 8639688.782, 87
Trd, 8639689.132, 111
Trd, 8639691.032, 72
Trd, 8639691.282, 118
Trd, 8639693.632, 115
Trd, 8639694.632, 88
Trd, 8639696.482, 95
Trd, 8639696.782, 127
Trd, 8639699.682, 115
Trd, 8639701.582, 101
Trd, 8639702.232, 113
Trd, 8639702.682, 133
Trd, 8639703.432, 105
Trd, 8639704.932, 109
Trd, 8639706.932, 106
Trd, 8639708.232, 118
Trd, 8639708.382, 91
Trd, 8639709.482, 89
Trd, 8639712.632, 111
Trd, 8639712.982, 74
Trd, 8639713.682, 111
Trd, 8639716.232, 82
Trd, 8639716.532, 84
Trd, 8639718.532, 109
Trd, 8639718.632, 110
Trd, 8639719.232, 90
Trd, 8639721.082, 89
Trd, 8639723.232, 101
Trd, 8639724.482, 101
Trd, 8639725.082, 118
Trd, 8639726.432, 96
Trd, 8639728.232, 99
Trd, 8639729.782, 98
Trd, 8639731.432, 124
Trd, 8639732.182, 86
Trd, 8639733.482, 98
Trd, 8639734.382, 74
Trd, 8639735.482, 110
Trd, 8639737.532, 92
Trd, 8639737.882, 92
Trd, 8639739.582, 117
Trd, 8639741.182, 132
Trd, 8639741.582, 122
Trd, 8639741.732, 104
Trd, 8639743.282, 104
Trd, 8639744.182, 97
Trd, 8639744.682, 96
Trd, 8639745.032, 113
Trd, 8639747.732, 98
Trd, 8639748.882, 125
Trd, 8639749.532, 98
Trd, 8639749.682, 95
Trd, 8639750.582, 129
Trd, 8639751.032, 130
Trd, 8639751.632, 68
Trd, 8639753.932, 69
Trd, 8639755.432, 74
Trd, 8639755.532, 102
Trd, 8639757.932, 78
Trd, 8639758.182, 118
Trd, 8639759.932, 82
Trd, 8639762.432, 102
Trd, 8639762.682, 104
Trd, 8639762.882, 96
Trd, 8639765.032, 96
Trd, 8639765.132, 113
Trd, 8639765.582, 123
Trd, 8639769.082, 96
Trd, 8639771.182, 100
Trd, 8639772.382, 102
Trd, 8639772.632, 101
Trd, 8639774.332, 95
Trd, 8639775.032, 116
Trd, 8639775.382, 91
Trd, 8639777.632, 122
Trd, 8639778.932, 105
Trd, 8639779.632, 121
Trd, 8639780.882, 132
Trd, 8639783.682, 115
Trd, 8639783.732, 112
Trd, 8639786.282, 113
Trd, 8639787.232, 85
Trd, 8639787.482, 84
Trd, 8639788.432, 113
Trd, 8639790.182, 123
Trd, 8639792.982, 96
Trd, 8639793.382, 96
Trd, 8639794.082, 103
Trd, 8639796.182, 117
Trd, 8639796.932, 100
Trd, 8639797.782, 101
Trd, 8639799.182, 116
Trd, 8639799.332, 101
Trd, 8639800.332, 95
Trd, 8639801.082, 120
Trd, 8639802.732, 122
Trd, 8639803.232, 74
Trd, 8639804.632, 77
Trd, 8639805.232, 122
Trd, 8639806.532, 82
Trd, 8639806.832, 82
Trd, 8639809.532, 113
Trd, 8639812.032, 117
Trd, 8639812.132, 126
Trd, 8639812.632, 89
Trd, 8639818.232, 110
Trd, 8639818.382, 93
Trd, 8639819.632, 94
Trd, 8639819.682, 115
Trd, 8639820.632, 115
Trd, 8639821.132, 114
Trd, 8639822.382, 104
Trd, 8639823.832, 104
Trd, 8639826.532, 110
Trd, 8639826.882, 104
Trd, 8639827.582, 96
Trd, 8639828.032, 95
Trd, 8639829.382, 111
Trd, 8639830.832, 104
Trd, 8639831.182, 74
Trd, 8639831.632, 113
Trd, 8639833.582, 85
Trd, 8639835.432, 84
Trd, 8639837.882, 106
Trd, 8639838.382, 108
Trd, 8639838.482, 92
Trd, 8639839.232, 93
Trd, 8639840.932, 98
Trd, 8639841.632, 118
Trd, 8639842.682, 95
Trd, 8639844.532, 112
Trd, 8639844.582, 89
Trd, 8639846.032, 91
Trd, 8639847.082, 113
Trd, 8639848.032, 89
Trd, 8639849.382, 119
Trd, 8639851.332, 91
Trd, 8639851.932, 120
Trd, 8639853.932, 113
Trd, 8639855.682, 123
Trd, 8639856.182, 131
Trd, 8639856.882, 101
Trd, 8639858.232, 96
Trd, 8639860.532, 97
Trd, 8639860.582, 95
Trd, 8639860.732, 86
Trd, 8639863.082, 113
Trd, 8639863.932, 120
Trd, 8639866.382, 84
Trd, 8639867.782, 88
Trd, 8639868.382, 104
Trd, 8639869.182, 88
Trd, 8639870.682, 120
Trd, 8639871.582, 120
Trd, 8639873.682, 99
Trd, 8639873.932, 111
Trd, 8639874.732, 99
Trd, 8639875.432, 98
Trd, 8639877.882, 100
Trd, 8639878.682, 106
Trd, 8639879.882, 107
Trd, 8639883.132, 104
Trd, 8639883.582, 105
Trd, 8639885.282, 105
Trd, 8639885.432, 106
Trd, 8639886.582, 131
Trd, 8639888.832, 110
Trd, 8639888.932, 111
Trd, 8639889.282, 109
Trd, 8639889.982, 104
Trd, 8639890.832, 113
Trd, 8639893.232, 88
Trd, 8639893.332, 105
Trd, 8639894.182, 86
Trd, 8639895.782, 116
Trd, 8639896.232, 107
Trd, 8639897.182, 78
Trd, 8639898.182, 80
Trd, 8639901.232, 111
Trd, 8639902.382, 89
Trd, 8639904.632, 111
Trd, 8639906.682, 98
Trd, 8639907.132, 112
Trd, 8639907.682, 102
Trd, 8639911.332, 100
Trd, 8639912.682, 109
Trd, 8639913.232, 111
Trd, 8639913.282, 125
Trd, 8639914.032, 102
Trd, 8639914.682, 96
Trd, 8639916.532, 120
Trd, 8639917.182, 99
Trd, 8639918.932, 91
Trd, 8639920.632, 90
Trd, 8639921.382, 121
Trd, 8639922.232, 73
Trd, 8639922.882, 122
Trd, 8639923.782, 122
Trd, 8639925.782, 84
Trd, 8639926.032, 114
Trd, 8639928.282, 121
Trd, 8639928.682, 95
Trd, 8639929.832, 96
Trd, 8639931.082, 94
Trd, 8639932.032, 115
Trd, 8639933.882, 88
Trd, 8639935.682, 118
Trd, 8639936.282, 92
Trd, 8639936.532, 90
Trd, 8639937.832, 92
Trd, 8639938.832, 117
Trd, 8639940.132, 87
Trd, 8639941.182, 123
Trd, 8639942.182, 134
Trd, 8639942.532, 96
Trd, 8639942.982, 95
Trd, 8639947.682, 102
Trd, 8639948.232, 98
Trd, 8639948.832, 98
Trd, 8639948.982, 104
Trd, 8639949.132, 95
Trd, 8639955.282, 101
Trd, 8639955.682, 102
Trd, 8639956.532, 102
Trd, 8639959.032, 104
Trd, 8639959.182, 87
Trd, 8639960.732, 86
Trd, 8639964.532, 82
Trd, 8639965.382, 111
Trd, 8639965.882, 86
Trd, 8639966.332, 89
Trd, 8639966.682, 111
Trd, 8639968.932, 104
Trd, 8639970.582, 100
Trd, 8639971.482, 102
Trd, 8639974.332, 97
Trd, 8639974.832, 112
Trd, 8639975.382, 113
Trd, 8639977.382, 101
Trd, 8639977.482, 104
Trd, 8639978.682, 101
Trd, 8639980.382, 96
Trd, 8639981.282, 95
Trd, 8639981.882, 113
Trd, 8639982.782, 71
Trd, 8639984.432, 71
Trd, 8639984.632, 106
Trd, 8639987.532, 109
Trd, 8639987.982, 108
Trd, 8639988.432, 77
Trd, 8639989.882, 77
Trd, 8639994.032, 96
Trd, 8639994.532, 94
Trd, 8639996.832, 101
Trd, 8639997.032, 96
Trd, 8639998.332, 97
Trd, 8639998.532, 99
