Trd, 8637922.932, 95
Trd, 8637925.682, 88
Trd, 8637925.832, 86
Trd, 8637927.782, 97
Trd, 8637928.832, 80
Trd, 8637930.332, 90
Trd, 8637932.982, 87
Trd, 8637934.782, 94
Trd, 8637934.882, 95
Trd, 8637935.182, 93
Trd, 8637936.232, 91
Trd, 8637936.782, 90
Trd, 8637937.732, 102
Trd, 8637938.082, 87
Trd, 8637940.732, 89
Trd, 8637940.832, 104
Trd, 8637943.182, 90
Trd, 8637944.232, 90
Trd, 8637944.682, 92
Trd, 8637945.532, 95
Trd, 8637946.582, 87
Trd, 8637948.132, 90
Trd, 8637951.582, 97
Trd, 8637951.682, 93
Trd, 8637953.432, 96
Trd, 8637953.582, 118
Trd, 8637954.182, 95
Trd, 8637955.532, 99
Trd, 8637956.882, 98
Trd, 8637957.082, 102
Trd, 8637958.682, 88
Trd, 8637962.182, 97
Trd, 8637962.882, 96
Trd, 8637963.382, 101
Trd, 8637964.982, 98
Trd, 8637967.632, 99
Trd, 8637968.132, 99
Trd, 8637968.382, 95
Trd, 8637969.432, 93
Trd, 8637973.432, 102
Trd, 8637973.482, 96
Trd, 8637973.832, 95
Trd, 8637976.232, 100
Trd, 8637978.182, 85
Trd, 8637978.282, 97
Trd, 8637981.482, 81
Trd, 8637982.632, 95
Trd, 8637983.982, 89
Trd, 8637984.432, 88
Trd, 8637985.332, 86
Trd, 8637990.182, 94
Trd, 8637990.482, 94
Trd, 8637991.332, 99
Trd, 8637991.482, 94
Trd, 8637992.682, 99
Trd, 8637993.382, 101
Trd, 8637994.082, 84
Trd, 8637998.232, 99
Trd, 8637998.682, 101
Trd, 8638000.782, 110
Trd, 8638000.882, 105
Trd, 8638002.582, 113
Trd, 8638002.832, 105
Trd, 8638002.982, 104
Trd, 8638004.682, 110
Trd, 8638004.882, 110
Trd, 8638005.582, 110
Trd, 8638007.332, 87
Trd, 8638009.032, 90
Trd, 8638009.082, 92
Trd, 8638009.632, 89
Trd, 8638010.732, 90
Trd, 8638012.382, 87
Trd, 8638015.132, 93
Trd, 8638016.482, 97
Trd, 8638016.532, 105
Trd, 8638019.182, 116
Trd, 8638020.182, 105
Trd, 8638020.532, 104
Trd, 8638021.732, 104
Trd, 8638021.882, 95
Trd, 8638025.182, 91
Trd, 8638025.482, 124
Trd, 8638027.032, 101
Trd, 8638027.982, 103
Trd, 8638028.432, 103
Trd, 8638030.232, 106
Trd, 8638031.382, 107
Trd, 8638032.132, 107
Trd, 8638035.132, 130
Trd, 8638035.982, 114
Trd, 8638036.132, 113
Trd, 8638036.632, 105
Trd, 8638038.282, 108
Trd, 8638038.382, 108
Trd, 8638038.732, 104
Trd, 8638039.882, 88
Trd, 8638041.682, 87
Trd, 8638042.082, 88
Trd, 8638044.532, 86
Trd, 8638048.032, 95
Trd, 8638048.182, 92
Trd, 8638049.482, 101
Trd, 8638051.282, 99
Trd, 8638052.182, 101
Trd, 8638052.832, 112
Trd, 8638052.932, 102
Trd, 8638054.532, 109
Trd, 8638055.032, 108
Trd, 8638055.082, 106
Trd, 8638055.332, 95
Trd, 8638057.632, 86
Trd, 8638059.082, 89
Trd, 8638061.032, 93
Trd, 8638061.832, 104
Trd, 8638062.432, 95
Trd, 8638064.932, 99
Trd, 8638064.982, 98
Trd, 8638065.832, 105
Trd, 8638066.032, 96
Trd, 8638068.332, 97
Trd, 8638068.432, 108
Trd, 8638071.432, 102
Trd, 8638072.632, 103
Trd, 8638074.632, 91
Trd, 8638074.882, 91
Trd, 8638075.532, 91
Trd, 8638075.832, 87
Trd, 8638076.132, 115
Trd, 8638077.682, 130
Trd, 8638079.632, 96
Trd, 8638081.332, 98
Trd, 8638082.282, 102
Trd, 8638082.782, 102
Trd, 8638083.632, 95
Trd, 8638086.932, 93
Trd, 8638087.182, 105
Trd, 8638088.782, 96
Trd, 8638089.582, 106
Trd, 8638091.682, 106
Trd, 8638091.732, 106
Trd, 8638091.782, 102
Trd, 8638091.932, 97
Trd, 8638093.782, 96
Trd, 8638094.332, 95
Trd, 8638095.632, 72
Trd, 8638096.882, 112
Trd, 8638098.132, 91
Trd, 8638100.282, 110
Trd, 8638100.432, 93
Trd, 8638100.532, 92
Trd, 8638102.832, 96
Trd, 8638104.332, 99
Trd, 8638104.482, 99
Trd, 8638105.082, 100
Trd, 8638107.182, 99
Trd, 8638107.782, 102
Trd, 8638109.782, 98
Trd, 8638109.882, 97
Trd, 8638110.782, 69
Trd, 8638112.782, 104
Trd, 8638113.832, 95
Trd, 8638113.932, 94
Trd, 8638116.682, 98
Trd, 8638117.482, 99
Trd, 8638118.432, 101
Trd, 8638120.532, 107
Trd, 8638120.632, 107
Trd, 8638121.882, 110
Trd, 8638122.932, 107
Trd, 8638123.382, 95
Trd, 8638123.782, 84
Trd, 8638125.832, 77
Trd, 8638126.032, 115
Trd, 8638128.632, 90
Trd, 8638130.332, 91
Trd, 8638130.482, 100
Trd, 8638132.132, 89
Trd, 8638132.882, 89
Trd, 8638133.632, 91
Trd, 8638134.632, 104
Trd, 8638135.732, 93
Trd, 8638136.582, 94
Trd, 8638139.732, 91
Trd, 8638140.182, 107
Trd, 8638142.932, 104
Trd, 8638143.682, 106
Trd, 8638144.032, 106
Trd, 8638145.082, 113
Trd, 8638145.282, 105
Trd, 8638147.032, 104
Trd, 8638148.282, 98
Trd, 8638148.382, 97
Trd, 8638148.832, 86
Trd, 8638151.832, 78
Trd, 8638152.482, 78
Trd, 8638153.632, 86
Trd, 8638155.232, 85
Trd, 8638156.082, 100
Trd, 8638158.332, 91
Trd, 8638159.282, 94
Trd, 8638161.932, 104
Trd, 8638162.132, 103
Trd, 8638162.682, 100
Trd, 8638163.132, 95
Trd, 8638163.282, 107
Trd, 8638164.132, 95
Trd, 8638165.032, 87
Trd, 8638166.032, 91
Trd, 8638168.132, 97
Trd, 8638168.382, 95
Trd, 8638171.182, 102
Trd, 8638171.682, 102
Trd, 8638172.432, 103
Trd, 8638173.282, 104
Trd, 8638174.732, 103
Trd, 8638177.132, 106
Trd, 8638178.082, 113
Trd, 8638178.232, 105
Trd, 8638179.382, 118
Trd, 8638179.732, 107
Trd, 8638180.682, 108
Trd, 8638181.182, 104
Trd, 8638182.482, 86
Trd, 8638183.482, 95
Trd, 8638187.182, 88
Trd, 8638188.532, 90
Trd, 8638188.782, 87
Trd, 8638188.932, 75
Trd, 8638189.932, 87
Trd, 8638192.682, 95
Trd, 8638193.332, 96
Trd, 8638193.782, 99
Trd, 8638196.032, 98
Trd, 8638196.532, 98
Trd, 8638197.732, 86
Trd, 8638200.582, 104
Trd, 8638201.532, 97
Trd, 8638203.432, 102
Trd, 8638203.482, 101
Trd, 8638204.382, 96
Trd, 8638206.432, 96
Trd, 8638206.682, 98
Trd, 8638207.332, 86
Trd, 8638208.132, 89
Trd, 8638209.632, 89
Trd, 8638213.032, 103
Trd, 8638213.232, 101
Trd, 8638213.982, 109
Trd, 8638214.532, 102
Trd, 8638215.582, 102
Trd, 8638216.182, 102
Trd, 8638219.132, 102
Trd, 8638219.382, 101
Trd, 8638220.882, 105
Trd, 8638221.632, 106
Trd, 8638223.582, 107
Trd, 8638223.882, 114
Trd, 8638224.482, 114
Trd, 8638225.132, 112
Trd, 8638226.532, 104
Trd, 8638228.132, 71
Trd, 8638228.832, 86
Trd, 8638231.082, 91
Trd, 8638232.332, 112
Trd, 8638233.382, 93
Trd, 8638234.782, 96
Trd, 8638235.282, 95
Trd, 8638237.532, 104
Trd, 8638238.132, 92
Trd, 8638238.782, 94
Trd, 8638240.832, 97
Trd, 8638242.182, 106
Trd, 8638242.332, 100
Trd, 8638242.982, 99
Trd, 8638244.032, 97
Trd, 8638245.032, 95
Trd, 8638247.732, 104
Trd, 8638250.432, 102
Trd, 8638251.232, 104
Trd, 8638251.832, 105
Trd, 8638251.982, 96
Trd, 8638253.332, 103
Trd, 8638254.232, 100
Trd, 8638256.882, 100
Trd, 8638257.932, 101
Trd, 8638259.132, 113
Trd, 8638259.332, 99
Trd, 8638262.532, 100
Trd, 8638262.682, 99
Trd, 8638263.182, 99
Trd, 8638263.582, 98
Trd, 8638264.182, 100
Trd, 8638266.432, 108
Trd, 8638268.082, 93
Trd, 8638269.032, 96
Trd, 8638269.732, 109
Trd, 8638270.082, 98
Trd, 8638272.432, 105
Trd, 8638273.182, 104
Trd, 8638274.282, 87
Trd, 8638275.032, 119
Trd, 8638276.082, 90
Trd, 8638276.382, 89
Trd, 8638277.732, 95
Trd, 8638279.082, 98
Trd, 8638281.082, 103
Trd, 8638281.482, 100
Trd, 8638282.582, 95
Trd, 8638285.832, 99
Trd, 8638286.132, 109
Trd, 8638286.682, 100
Trd, 8638288.232, 106
Trd, 8638288.482, 105
Trd, 8638289.182, 102
Trd, 8638289.632, 87
Trd, 8638289.882, 86
Trd, 8638291.982, 74
Trd, 8638292.682, 114
Trd, 8638295.532, 85
Trd, 8638296.582, 86
Trd, 8638297.132, 89
Trd, 8638297.332, 87
Trd, 8638299.432, 95
Trd, 8638302.032, 99
Trd, 8638303.032, 98
Trd, 8638304.232, 104
Trd, 8638304.782, 101
Trd, 8638305.132, 95
Trd, 8638305.332, 85
Trd, 8638307.382, 70
Trd, 8638307.982, 104
Trd, 8638310.082, 88
Trd, 8638310.732, 87
Trd, 8638312.082, 102
Trd, 8638313.982, 94
Trd, 8638314.582, 95
Trd, 8638315.282, 106
Trd, 8638316.432, 101
Trd, 8638317.682, 103
Trd, 8638319.782, 103
Trd, 8638320.432, 103
Trd, 8638321.082, 101
Trd, 8638322.382, 96
Trd, 8638323.782, 87
Trd, 8638325.332, 91
Trd, 8638325.732, 94
Trd, 8638327.782, 97
Trd, 8638330.232, 112
Trd, 8638332.082, 100
Trd, 8638332.182, 98
Trd, 8638334.032, 104
Trd, 8638334.382, 104
Trd, 8638336.182, 120
Trd, 8638336.732, 99
Trd, 8638338.182, 99
Trd, 8638339.082, 97
Trd, 8638341.632, 89
Trd, 8638342.632, 99
Trd, 8638343.082, 92
Trd, 8638344.682, 97
Trd, 8638345.482, 97
Trd, 8638348.632, 97
Trd, 8638348.682, 96
Trd, 8638348.982, 95
Trd, 8638350.032, 97
Trd, 8638352.132, 106
Trd, 8638353.082, 99
Trd, 8638353.882, 98
Trd, 8638354.482, 98
Trd, 8638356.932, 99
Trd, 8638358.432, 100
Trd, 8638359.082, 101
Trd, 8638359.882, 102
Trd, 8638360.432, 100
Trd, 8638361.482, 104
Trd, 8638361.732, 103
Trd, 8638362.132, 100
Trd, 8638362.332, 127
Trd, 8638363.632, 87
Trd, 8638366.482, 88
Trd, 8638367.982, 89
Trd, 8638369.082, 110
Trd, 8638369.982, 91
Trd, 8638372.532, 97
Trd, 8638373.832, 101
Trd, 8638374.082, 100
Trd, 8638375.482, 97
Trd, 8638375.732, 98
Trd, 8638376.232, 95
Trd, 8638377.132, 108
Trd, 8638381.132, 101
Trd, 8638381.232, 101
Trd, 8638382.282, 101
Trd, 8638384.132, 101
Trd, 8638384.882, 96
Trd, 8638386.332, 96
Trd, 8638386.632, 102
Trd, 8638388.182, 102
Trd, 8638388.432, 102
Trd, 8638388.682, 104
Trd, 8638391.282, 104
Trd, 8638392.082, 103
Trd, 8638392.182, 110
Trd, 8638394.082, 87
Trd, 8638394.632, 87
Trd, 8638396.482, 88
Trd, 8638396.582, 87
Trd, 8638400.132, 94
Trd, 8638400.232, 94
Trd, 8638401.332, 96
Trd, 8638401.432, 97
Trd, 8638402.982, 108
Trd, 8638403.032, 95
Trd, 8638404.032, 95
Trd, 8638404.082, 85
Trd, 8638407.582, 95
Trd, 8638409.332, 105
Trd, 8638410.332, 102
Trd, 8638410.882, 101
Trd, 8638411.932, 97
Trd, 8638413.732, 98
Trd, 8638413.932, 87
Trd, 8638415.382, 101
Trd, 8638417.832, 109
Trd, 8638418.632, 100
Trd, 8638420.482, 99
Trd, 8638420.932, 98
Trd, 8638421.732, 91
Trd, 8638421.832, 90
Trd, 8638424.532, 97
Trd, 8638424.932, 91
Trd, 8638427.332, 93
Trd, 8638428.932, 94
Trd, 8638430.032, 95
Trd, 8638430.232, 94
Trd, 8638430.882, 102
Trd, 8638433.582, 102
Trd, 8638434.632, 104
Trd, 8638434.782, 103
Trd, 8638434.882, 85
Trd, 8638435.132, 106
Trd, 8638437.082, 77
Trd, 8638437.532, 77
Trd, 8638440.332, 95
Trd, 8638440.682, 91
Trd, 8638443.932, 106
Trd, 8638444.882, 107
Trd, 8638444.932, 110
Trd, 8638445.882, 99
Trd, 8638447.432, 76
Trd, 8638448.132, 79
Trd, 8638449.332, 80
Trd, 8638451.232, 86
Trd, 8638454.232, 91
Trd, 8638454.982, 90
Trd, 8638455.682, 109
Trd, 8638456.832, 95
Trd, 8638458.232, 90
Trd, 8638459.282, 102
Trd, 8638460.432, 95
Trd, 8638463.182, 100
Trd, 8638463.882, 101
Trd, 8638464.332, 101
Trd, 8638465.632, 91
Trd, 8638465.832, 90
Trd, 8638467.832, 95
Trd, 8638469.182, 100
Trd, 8638470.432, 89
Trd, 8638471.982, 93
Trd, 8638472.482, 103
Trd, 8638473.482, 93
Trd, 8638474.582, 95
Trd, 8638476.232, 97
Trd, 8638480.182, 105
Trd, 8638480.682, 108
Trd, 8638481.332, 107
Trd, 8638481.782, 104
Trd, 8638482.882, 96
Trd, 8638483.032, 95
Trd, 8638485.232, 105
Trd, 8638485.982, 93
Trd, 8638488.882, 105
Trd, 8638489.982, 110
Trd, 8638490.132, 105
Trd, 8638491.182, 98
Trd, 8638491.882, 96
Trd, 8638492.882, 96
Trd, 8638493.332, 96
Trd, 8638495.032, 127
Trd, 8638496.032, 97
Trd, 8638498.282, 87
Trd, 8638500.282, 99
Trd, 8638500.382, 98
Trd, 8638501.932, 95
Trd, 8638502.082, 104
Trd, 8638503.432, 99
Trd, 8638505.132, 103
Trd, 8638505.732, 100
Trd, 8638506.132, 95
Trd, 8638506.682, 101
Trd, 8638507.682, 91
Trd, 8638507.932, 111
Trd, 8638510.032, 93
Trd, 8638512.082, 103
Trd, 8638514.182, 100
Trd, 8638514.732, 99
Trd, 8638515.182, 96
Trd, 8638516.532, 98
Trd, 8638518.682, 91
Trd, 8638519.882, 110
Trd, 8638520.732, 96
Trd, 8638520.882, 93
Trd, 8638521.332, 91
Trd, 8638522.782, 87
Trd, 8638524.432, 94
Trd, 8638525.482, 98
Trd, 8638525.932, 95
Trd, 8638527.932, 93
Trd, 8638528.682, 93
Trd, 8638528.932, 116
Trd, 8638529.932, 95
Trd, 8638533.582, 113
Trd, 8638534.932, 105
Trd, 8638536.132, 107
Trd, 8638536.532, 107
Trd, 8638536.932, 104
Trd, 8638537.282, 95
Trd, 8638538.082, 86
Trd, 8638540.982, 85
Trd, 8638542.032, 89
Trd, 8638543.282, 91
Trd, 8638543.382, 90
Trd, 8638544.132, 95
Trd, 8638546.132, 93
Trd, 8638547.632, 98
Trd, 8638547.882, 99
Trd, 8638548.732, 98
Trd, 8638549.782, 76
Trd, 8638551.382, 79
Trd, 8638552.332, 79
Trd, 8638554.732, 98
Trd, 8638556.482, 95
Trd, 8638556.632, 94
Trd, 8638557.332, 93
Trd, 8638558.832, 93
Trd, 8638561.382, 99
Trd, 8638561.932, 98
Trd, 8638562.082, 104
Trd, 8638563.232, 96
Trd, 8638563.682, 106
Trd, 8638564.482, 100
Trd, 8638566.282, 98
Trd, 8638567.382, 100
Trd, 8638567.432, 103
Trd, 8638569.582, 104
Trd, 8638569.882, 102
Trd, 8638573.082, 104
Trd, 8638573.282, 103
Trd, 8638576.782, 105
Trd, 8638577.482, 106
Trd, 8638577.582, 104
Trd, 8638578.132, 113
Trd, 8638578.382, 101
Trd, 8638580.232, 96
Trd, 8638581.632, 105
Trd, 8638584.232, 100
Trd, 8638584.532, 98
Trd, 8638586.782, 98
Trd, 8638587.032, 104
Trd, 8638589.082, 97
Trd, 8638589.282, 95
Trd, 8638591.132, 90
Trd, 8638591.382, 102
Trd, 8638593.232, 99
Trd, 8638594.432, 104
Trd, 8638596.232, 105
Trd, 8638596.732, 104
Trd, 8638598.132, 103
Trd, 8638599.932, 102
Trd, 8638600.182, 102
Trd, 8638601.782, 97
Trd, 8638603.482, 95
Trd, 8638603.982, 91
Trd, 8638604.232, 89
Trd, 8638608.282, 95
Trd, 8638608.582, 95
Trd, 8638608.882, 94
Trd, 8638610.032, 86
Trd, 8638610.532, 90
Trd, 8638610.732, 107
Trd, 8638613.432, 99
Trd, 8638615.982, 103
Trd, 8638616.032, 102
Trd, 8638616.782, 105
Trd, 8638617.532, 104
Trd, 8638618.182, 96
Trd, 8638619.082, 96
Trd, 8638619.332, 96
Trd, 8638620.482, 96
Trd, 8638622.332, 96
Trd, 8638624.232, 97
Trd, 8638624.932, 86
Trd, 8638625.882, 95
Trd, 8638628.282, 80
Trd, 8638629.132, 79
Trd, 8638629.932, 83
Trd, 8638630.232, 95
Trd, 8638632.582, 87
Trd, 8638633.082, 88
Trd, 8638635.682, 102
Trd, 8638635.982, 103
Trd, 8638637.732, 104
Trd, 8638637.982, 103
Trd, 8638639.132, 97
Trd, 8638639.282, 105
Trd, 8638640.582, 95
Trd, 8638640.782, 117
Trd, 8638642.682, 90
Trd, 8638645.632, 95
Trd, 8638646.632, 102
Trd, 8638646.982, 102
Trd, 8638648.182, 103
Trd, 8638648.882, 101
Trd, 8638649.982, 86
Trd, 8638650.232, 109
Trd, 8638650.632, 85
Trd, 8638652.482, 91
Trd, 8638653.932, 92
Trd, 8638655.482, 106
Trd, 8638657.832, 101
Trd, 8638657.932, 100
Trd, 8638658.632, 101
Trd, 8638658.982, 95
Trd, 8638659.832, 90
Trd, 8638660.032, 91
Trd, 8638660.182, 86
Trd, 8638660.532, 104
Trd, 8638662.282, 73
Trd, 8638665.032, 90
Trd, 8638666.032, 76
Trd, 8638668.332, 97
Trd, 8638668.782, 97
Trd, 8638669.182, 96
Trd, 8638671.432, 96
Trd, 8638672.332, 95
Trd, 8638674.382, 97
Trd, 8638675.632, 103
Trd, 8638675.982, 103
Trd, 8638676.432, 103
Trd, 8638677.282, 102
Trd, 8638678.882, 98
Trd, 8638679.432, 95
Trd, 8638681.732, 105
Trd, 8638682.732, 89
Trd, 8638683.232, 89
Trd, 8638685.982, 90
Trd, 8638686.432, 91
Trd, 8638686.832, 92
Trd, 8638687.982, 95
Trd, 8638690.082, 93
Trd, 8638691.982, 99
Trd, 8638692.832, 98
Trd, 8638692.882, 103
Trd, 8638693.682, 98
Trd, 8638694.732, 108
Trd, 8638697.132, 87
Trd, 8638698.682, 90
Trd, 8638700.082, 96
Trd, 8638700.282, 95
Trd, 8638701.682, 70
Trd, 8638702.382, 86
Trd, 8638703.782, 99
Trd, 8638705.432, 94
Trd, 8638706.082, 95
Trd, 8638707.532, 96
Trd, 8638708.682, 98
Trd, 8638710.432, 99
Trd, 8638710.732, 100
Trd, 8638711.432, 107
Trd, 8638711.932, 95
Trd, 8638713.032, 86
Trd, 8638716.082, 79
Trd, 8638717.082, 85
Trd, 8638717.282, 89
Trd, 8638718.932, 92
Trd, 8638720.082, 104
Trd, 8638720.682, 97
Trd, 8638721.482, 96
Trd, 8638725.082, 101
Trd, 8638725.682, 101
Trd, 8638725.782, 102
Trd, 8638727.082, 102
Trd, 8638729.632, 100
Trd, 8638730.082, 99
Trd, 8638730.732, 99
Trd, 8638733.232, 101
Trd, 8638734.432, 101
Trd, 8638734.632, 102
Trd, 8638735.432, 100
Trd, 8638736.282, 114
Trd, 8638737.532, 101
Trd, 8638738.082, 100
Trd, 8638739.682, 97
Trd, 8638740.782, 95
Trd, 8638742.282, 87
Trd, 8638742.832, 107
Trd, 8638743.982, 91
Trd, 8638745.682, 96
Trd, 8638747.582, 109
Trd, 8638748.132, 100
Trd, 8638749.132, 100
Trd, 8638749.432, 102
Trd, 8638750.082, 102
Trd, 8638753.632, 104
Trd, 8638753.682, 100
Trd, 8638754.282, 100
Trd, 8638754.982, 95
Trd, 8638758.982, 105
Trd, 8638759.632, 99
Trd, 8638760.782, 96
Trd, 8638763.582, 99
Trd, 8638763.982, 96
Trd, 8638765.032, 97
Trd, 8638765.432, 95
Trd, 8638766.482, 94
Trd, 8638768.432, 105
Trd, 8638770.982, 95
Trd, 8638774.132, 103
Trd, 8638774.332, 102
Trd, 8638774.382, 106
Trd, 8638776.532, 88
Trd, 8638776.932, 103
Trd, 8638777.132, 88
Trd, 8638781.632, 97
Trd, 8638782.082, 105
Trd, 8638783.782, 100
Trd, 8638785.132, 99
Trd, 8638785.682, 84
Trd, 8638790.832, 92
Trd, 8638791.132, 93
Trd, 8638791.182, 92
Trd, 8638791.432, 91
Trd, 8638791.532, 95
Trd, 8638795.482, 97
Trd, 8638796.632, 98
Trd, 8638799.232, 104
Trd, 8638800.582, 102
Trd, 8638801.032, 105
Trd, 8638801.732, 98
Trd, 8638801.782, 95
Trd, 8638802.632, 86
Trd, 8638803.632, 88
Trd, 8638805.382, 87
Trd, 8638806.132, 107
Trd, 8638808.082, 94
Trd, 8638809.932, 96
Trd, 8638811.032, 95
Trd, 8638814.482, 90
Trd, 8638815.082, 88
Trd, 8638815.582, 85
Trd, 8638817.532, 94
Trd, 8638818.732, 104
Trd, 8638819.482, 101
Trd, 8638820.332, 100
Trd, 8638820.882, 87
Trd, 8638821.032, 87
Trd, 8638823.282, 95
Trd, 8638825.882, 97
Trd, 8638828.282, 98
Trd, 8638828.782, 98
Trd, 8638828.832, 96
Trd, 8638830.982, 97
Trd, 8638831.132, 95
Trd, 8638833.082, 87
Trd, 8638834.782, 94
Trd, 8638835.832, 95
Trd, 8638836.382, 102
Trd, 8638836.682, 97
Trd, 8638838.182, 79
Trd, 8638840.332, 77
Trd, 8638843.032, 90
Trd, 8638843.132, 116
Trd, 8638846.382, 99
Trd, 8638846.582, 98
Trd, 8638848.682, 102
Trd, 8638848.882, 101
Trd, 8638849.232, 95
Trd, 8638849.782, 104
Trd, 8638850.682, 86
Trd, 8638852.732, 93
Trd, 8638853.432, 93
Trd, 8638855.632, 103
Trd, 8638856.032, 98
Trd, 8638858.182, 97
Trd, 8638860.132, 102
Trd, 8638860.582, 103
Trd, 8638861.182, 104
Trd, 8638861.532, 116
Trd, 8638862.582, 98
Trd, 8638863.232, 99
Trd, 8638863.382, 98
Trd, 8638866.032, 105
Trd, 8638868.132, 99
Trd, 8638868.482, 96
Trd, 8638870.482, 100
Trd, 8638870.832, 99
Trd, 8638871.982, 100
Trd, 8638872.132, 86
Trd, 8638873.932, 96
Trd, 8638875.782, 78
Trd, 8638877.032, 83
Trd, 8638877.482, 83
Trd, 8638878.432, 86
Trd, 8638879.132, 85
Trd, 8638882.882, 99
Trd, 8638883.182, 100
Trd, 8638883.232, 108
Trd, 8638884.432, 101
Trd, 8638885.332, 103
Trd, 8638885.632, 101
Trd, 8638889.432, 92
Trd, 8638889.482, 95
Trd, 8638890.082, 92
Trd, 8638890.832, 93
Trd, 8638892.182, 95
Trd, 8638892.682, 94
Trd, 8638892.982, 104
Trd, 8638894.082, 89
Trd, 8638896.032, 90
Trd, 8638896.382, 89
Trd, 8638896.732, 97
Trd, 8638900.282, 91
Trd, 8638901.432, 95
Trd, 8638901.582, 103
Trd, 8638904.282, 108
Trd, 8638904.982, 108
Trd, 8638907.882, 98
Trd, 8638909.282, 119
Trd, 8638910.132, 100
Trd, 8638910.432, 99
Trd, 8638912.482, 97
Trd, 8638912.732, 95
Trd, 8638913.332, 96
Trd, 8638914.432, 67
Trd, 8638916.282, 88
Trd, 8638917.282, 101
Trd, 8638919.732, 94
Trd, 8638920.982, 96
Trd, 8638922.332, 97
Trd, 8638922.732, 96
Trd, 8638923.182, 96
Trd, 8638924.182, 102
Trd, 8638930.532, 97
Trd, 8638930.632, 107
Trd, 8638931.432, 100
Trd, 8638931.582, 99
Trd, 8638932.182, 96
Trd, 8638934.282, 102
Trd, 8638934.332, 87
Trd, 8638937.632, 98
Trd, 8638938.932, 106
Trd, 8638940.982, 102
Trd, 8638941.232, 101
Trd, 8638941.832, 96
Trd, 8638943.482, 95
Trd, 8638945.582, 93
Trd, 8638946.282, 94
Trd, 8638946.432, 95
Trd, 8638946.782, 106
Trd, 8638948.732, 88
Trd, 8638949.132, 88
Trd, 8638949.982, 88
Trd, 8638952.682, 95
Trd, 8638952.882, 94
Trd, 8638955.332, 113
Trd, 8638955.382, 93
Trd, 8638956.182, 97
Trd, 8638956.882, 100
Trd, 8638958.182, 102
Trd, 8638958.982, 104
Trd, 8638959.882, 105
Trd, 8638959.932, 103
Trd, 8638961.232, 95
Trd, 8638963.382, 96
Trd, 8638963.432, 95
Trd, 8638965.882, 98
Trd, 8638965.982, 104
Trd, 8638969.182, 104
Trd, 8638969.482, 105
Trd, 8638971.232, 106
Trd, 8638971.482, 104
Trd, 8638972.832, 96
Trd, 8638973.332, 95
Trd, 8638974.232, 85
Trd, 8638976.432, 103
Trd, 8638978.182, 92
Trd, 8638979.382, 92
Trd, 8638979.932, 98
Trd, 8638980.082, 93
Trd, 8638981.132, 98
Trd, 8638983.682, 106
Trd, 8638984.532, 105
Trd, 8638985.232, 104
Trd, 8638986.632, 105
Trd, 8638986.732, 122
Trd, 8638987.482, 105
Trd, 8638988.182, 87
Trd, 8638988.232, 68
Trd, 8638991.782, 87
Trd, 8638992.382, 89
Trd, 8638992.532, 90
Trd, 8638993.132, 87
Trd, 8638995.082, 91
Trd, 8638995.132, 90
Trd, 8638997.432, 90
Trd, 8638999.832, 92
Trd, 8638999.932, 95
Trd, 8639000.332, 91
Trd, 8639001.632, 93
Trd, 8639003.482, 107
Trd, 8639004.432, 104
Trd, 8639004.732, 102
Trd, 8639006.782, 87
Trd, 8639006.982, 86
Trd, 8639010.932, 87
Trd, 8639011.082, 95
Trd, 8639012.032, 91
Trd, 8639013.882, 88
Trd, 8639015.532, 97
Trd, 8639015.582, 102
Trd, 8639016.332, 96
Trd, 8639017.732, 101
Trd, 8639018.632, 103
Trd, 8639019.832, 100
Trd, 8639020.932, 93
Trd, 8639022.382, 94
Trd, 8639025.582, 104
Trd, 8639027.082, 103
Trd, 8639027.382, 101
Trd, 8639027.732, 104
Trd, 8639028.432, 101
Trd, 8639030.182, 104
Trd, 8639030.232, 104
Trd, 8639031.032, 101
Trd, 8639031.932, 95
Trd, 8639034.082, 98
Trd, 8639034.832, 90
Trd, 8639035.882, 96
Trd, 8639036.032, 97
Trd, 8639037.382, 117
Trd, 8639037.982, 96
Trd, 8639039.282, 95
Trd, 8639040.132, 90
Trd, 8639040.482, 89
Trd, 8639043.332, 95
Trd, 8639046.532, 94
Trd, 8639047.032, 95
Trd, 8639048.532, 101
Trd, 8639048.932, 99
Trd, 8639049.282, 98
Trd, 8639051.732, 97
Trd, 8639051.982, 101
Trd, 8639052.532, 102
Trd, 8639055.332, 107
Trd, 8639055.932, 105
Trd, 8639056.482, 104
Trd, 8639056.932, 105
Trd, 8639057.682, 96
Trd, 8639060.332, 91
Trd, 8639062.132, 95
Trd, 8639062.832, 95
Trd, 8639064.282, 88
Trd, 8639064.982, 103
Trd, 8639067.732, 97
Trd, 8639067.832, 97
Trd, 8639068.082, 97
Trd, 8639068.482, 104
Trd, 8639071.382, 107
Trd, 8639071.732, 106
Trd, 8639072.082, 95
Trd, 8639073.482, 114
Trd, 8639076.182, 90
Trd, 8639076.932, 91
Trd, 8639077.232, 92
Trd, 8639078.732, 95
Trd, 8639078.932, 95
Trd, 8639080.532, 95
Trd, 8639081.332, 95
Trd, 8639081.582, 103
Trd, 8639084.432, 88
Trd, 8639084.582, 87
Trd, 8639087.332, 98
Trd, 8639087.782, 96
Trd, 8639088.032, 95
Trd, 8639090.232, 71
Trd, 8639090.782, 92
Trd, 8639092.682, 87
Trd, 8639093.682, 90
Trd, 8639093.932, 89
Trd, 8639096.782, 102
Trd, 8639097.582, 104
Trd, 8639099.082, 105
Trd, 8639100.432, 107
Trd, 8639100.782, 96
Trd, 8639101.182, 95
Trd, 8639102.232, 87
Trd, 8639102.932, 88
Trd, 8639103.832, 102
Trd, 8639106.832, 92
Trd, 8639106.882, 91
Trd, 8639108.982, 100
Trd, 8639109.132, 99
Trd, 8639109.932, 102
Trd, 8639109.982, 101
Trd, 8639111.232, 104
Trd, 8639111.432, 86
Trd, 8639114.082, 91
Trd, 8639117.082, 99
Trd, 8639118.082, 103
Trd, 8639118.382, 109
Trd, 8639118.932, 105
Trd, 8639119.132, 104
Trd, 8639119.282, 104
Trd, 8639120.682, 117
Trd, 8639123.082, 104
Trd, 8639123.432, 104
Trd, 8639125.432, 97
Trd, 8639126.482, 97
Trd, 8639127.682, 102
Trd, 8639128.482, 88
Trd, 8639130.782, 97
Trd, 8639132.132, 98
Trd, 8639132.482, 100
Trd, 8639132.982, 100
Trd, 8639133.982, 101
Trd, 8639135.682, 100
Trd, 8639136.532, 101
Trd, 8639139.282, 103
Trd, 8639139.332, 104
Trd, 8639141.132, 103
Trd, 8639141.982, 105
Trd, 8639142.982, 107
Trd, 8639143.532, 105
Trd, 8639145.282, 85
Trd, 8639147.282, 84
Trd, 8639147.732, 86
Trd, 8639149.232, 99
Trd, 8639151.632, 103
Trd, 8639151.682, 102
Trd, 8639153.882, 103
Trd, 8639154.732, 102
Trd, 8639155.532, 87
Trd, 8639155.732, 86
Trd, 8639156.282, 103
Trd, 8639158.532, 73
Trd, 8639159.432, 77
Trd, 8639162.132, 100
Trd, 8639162.432, 89
Trd, 8639163.582, 94
Trd, 8639165.182, 93
Trd, 8639166.832, 101
Trd, 8639167.782, 102
Trd, 8639168.432, 101
Trd, 8639170.382, 69
Trd, 8639170.732, 78
Trd, 8639171.232, 79
Trd, 8639175.882, 89
Trd, 8639176.382, 88
Trd, 8639177.632, 87
Trd, 8639178.482, 92
Trd, 8639179.782, 89
Trd, 8639181.132, 95
Trd, 8639182.232, 95
Trd, 8639183.782, 96
Trd, 8639186.282, 106
Trd, 8639186.382, 105
Trd, 8639188.332, 99
Trd, 8639188.432, 98
Trd, 8639189.682, 129
Trd, 8639189.732, 96
Trd, 8639190.332, 96
Trd, 8639193.582, 100
Trd, 8639194.132, 111
Trd, 8639195.482, 102
Trd, 8639197.782, 98
Trd, 8639197.832, 97
Trd, 8639198.232, 103
Trd, 8639199.482, 98
Trd, 8639201.182, 97
Trd, 8639201.332, 95
Trd, 8639202.782, 106
Trd, 8639204.232, 93
Trd, 8639205.282, 92
Trd, 8639205.532, 87
Trd, 8639206.582, 104
Trd, 8639206.682, 89
Trd, 8639212.082, 97
Trd, 8639212.732, 98
Trd, 8639213.282, 96
Trd, 8639214.032, 96
Trd, 8639214.382, 96
Trd, 8639214.682, 110
Trd, 8639215.782, 98
Trd, 8639219.782, 92
Trd, 8639222.032, 105
Trd, 8639222.482, 100
Trd, 8639223.032, 102
Trd, 8639223.132, 101
Trd, 8639224.482, 101
Trd, 8639224.532, 117
Trd, 8639224.932, 100
Trd, 8639227.732, 87
Trd, 8639229.482, 90
Trd, 8639230.532, 92
Trd, 8639231.082, 93
Trd, 8639232.232, 104
Trd, 8639232.332, 87
Trd, 8639236.232, 100
Trd, 8639237.982, 97
Trd, 8639238.232, 98
Trd, 8639239.032, 93
Trd, 8639239.482, 95
Trd, 8639239.682, 106
Trd, 8639240.982, 101
Trd, 8639242.732, 104
Trd, 8639243.482, 104
Trd, 8639245.082, 108
Trd, 8639245.132, 100
Trd, 8639246.532, 105
Trd, 8639249.982, 98
Trd, 8639250.532, 100
Trd, 8639251.332, 100
Trd, 8639251.932, 89
Trd, 8639252.232, 86
Trd, 8639253.832, 104
Trd, 8639255.182, 79
Trd, 8639255.882, 69
Trd, 8639258.282, 82
Trd, 8639261.032, 103
Trd, 8639261.232, 102
Trd, 8639262.582, 101
Trd, 8639263.832, 96
Trd, 8639264.082, 106
Trd, 8639264.832, 97
Trd, 8639267.282, 104
Trd, 8639267.482, 106
Trd, 8639267.682, 104
Trd, 8639270.682, 104
Trd, 8639270.782, 104
Trd, 8639273.382, 87
Trd, 8639274.632, 88
Trd, 8639275.632, 90
Trd, 8639275.782, 89
Trd, 8639276.682, 95
Trd, 8639278.132, 92
Trd, 8639278.832, 91
Trd, 8639279.332, 112
Trd, 8639279.482, 89
Trd, 8639282.732, 93
Trd, 8639284.532, 78
Trd, 8639285.232, 80
Trd, 8639286.632, 90
Trd, 8639286.882, 89
Trd, 8639287.082, 88
Trd, 8639289.032, 95
Trd, 8639290.082, 105
Trd, 8639291.232, 93
Trd, 8639293.832, 96
Trd, 8639294.032, 95
Trd, 8639295.582, 90
Trd, 8639296.332, 91
Trd, 8639296.682, 108
Trd, 8639297.982, 97
Trd, 8639301.082, 104
Trd, 8639301.232, 103
Trd, 8639301.632, 104
Trd, 8639303.582, 106
Trd, 8639303.732, 105
Trd, 8639304.532, 105
Trd, 8639305.082, 104
Trd, 8639306.682, 113
Trd, 8639307.532, 79
Trd, 8639310.132, 84
Trd, 8639310.532, 87
Trd, 8639311.182, 85
Trd, 8639313.832, 83
Trd, 8639314.432, 93
Trd, 8639315.432, 88
Trd, 8639315.732, 95
Trd, 8639318.982, 103
Trd, 8639319.632, 104
Trd, 8639321.832, 101
Trd, 8639322.332, 99
Trd, 8639323.382, 105
Trd, 8639324.082, 96
Trd, 8639324.482, 86
Trd, 8639325.582, 88
Trd, 8639326.082, 87
Trd, 8639326.132, 94
Trd, 8639328.882, 92
Trd, 8639330.332, 98
Trd, 8639330.432, 102
Trd, 8639331.282, 99
Trd, 8639333.782, 102
Trd, 8639334.032, 100
Trd, 8639335.632, 102
Trd, 8639336.382, 88
Trd, 8639340.282, 83
Trd, 8639341.032, 87
Trd, 8639341.132, 95
Trd, 8639343.732, 95
Trd, 8639343.832, 95
Trd, 8639344.782, 96
Trd, 8639345.682, 102
Trd, 8639346.732, 94
Trd, 8639348.582, 88
Trd, 8639349.232, 88
Trd, 8639350.132, 90
Trd, 8639352.982, 93
Trd, 8639354.932, 102
Trd, 8639355.082, 95
Trd, 8639355.932, 103
Trd, 8639356.582, 98
Trd, 8639356.832, 97
Trd, 8639357.332, 89
Trd, 8639359.532, 93
Trd, 8639361.182, 96
Trd, 8639362.632, 101
Trd, 8639364.282, 104
Trd, 8639364.332, 102
Trd, 8639365.582, 106
Trd, 8639366.982, 94
Trd, 8639367.232, 94
Trd, 8639368.532, 114
Trd, 8639369.932, 99
Trd, 8639371.932, 110
Trd, 8639373.132, 109
Trd, 8639373.932, 113
Trd, 8639374.432, 112
Trd, 8639375.032, 104
Trd, 8639376.382, 95
Trd, 8639377.032, 113
Trd, 8639379.932, 92
Trd, 8639379.982, 91
Trd, 8639382.382, 96
Trd, 8639383.182, 98
Trd, 8639384.332, 103
Trd, 8639385.082, 104
Trd, 8639385.132, 103
Trd, 8639385.582, 103
Trd, 8639387.382, 98
Trd, 8639389.632, 92
Trd, 8639389.732, 92
Trd, 8639390.182, 101
Trd, 8639390.882, 92
Trd, 8639393.332, 93
Trd, 8639395.582, 100
Trd, 8639396.382, 100
Trd, 8639397.032, 103
Trd, 8639397.482, 86
Trd, 8639401.132, 87
Trd, 8639401.282, 88
Trd, 8639401.732, 89
Trd, 8639402.932, 95
Trd, 8639404.282, 106
Trd, 8639405.632, 101
Trd, 8639406.782, 106
Trd, 8639408.182, 106
Trd, 8639409.032, 109
Trd, 8639410.632, 95
Trd, 8639412.782, 101
Trd, 8639413.532, 103
Trd, 8639414.832, 86
Trd, 8639416.732, 102
Trd, 8639417.082, 91
Trd, 8639417.832, 94
Trd, 8639420.082, 97
Trd, 8639420.532, 98
Trd, 8639421.582, 97
Trd, 8639421.732, 95
Trd, 8639422.782, 100
Trd, 8639424.482, 97
Trd, 8639425.032, 99
Trd, 8639425.182, 101
Trd, 8639426.982, 99
Trd, 8639429.032, 103
Trd, 8639429.182, 101
Trd, 8639430.282, 103
Trd, 8639430.582, 92
Trd, 8639432.482, 88
Trd, 8639433.232, 111
Trd, 8639435.532, 92
Trd, 8639435.682, 90
Trd, 8639437.682, 93
Trd, 8639438.782, 93
Trd, 8639441.582, 98
Trd, 8639441.882, 107
Trd, 8639442.582, 106
Trd, 8639443.532, 97
Trd, 8639444.582, 96
Trd, 8639445.332, 96
Trd, 8639446.832, 96
Trd, 8639447.982, 96
Trd, 8639449.382, 108
Trd, 8639452.832, 104
Trd, 8639453.332, 105
Trd, 8639453.382, 103
Trd, 8639454.282, 120
Trd, 8639454.432, 88
Trd, 8639455.132, 78
Trd, 8639458.532, 85
Trd, 8639458.782, 86
Trd, 8639459.932, 87
Trd, 8639460.382, 88
Trd, 8639460.432, 114
Trd, 8639462.032, 128
Trd, 8639464.582, 94
Trd, 8639465.132, 96
Trd, 8639466.182, 103
Trd, 8639466.582, 98
Trd, 8639468.632, 101
Trd, 8639470.382, 102
Trd, 8639471.482, 86
Trd, 8639474.882, 91
Trd, 8639474.932, 89
Trd, 8639475.182, 97
Trd, 8639476.832, 89
Trd, 8639478.882, 92
Trd, 8639479.032, 91
Trd, 8639479.982, 95
Trd, 8639480.032, 90
Trd, 8639481.932, 88
Trd, 8639482.282, 86
Trd, 8639485.632, 94
Trd, 8639486.382, 90
Trd, 8639486.932, 92
Trd, 8639487.732, 95
Trd, 8639489.482, 104
Trd, 8639490.582, 101
Trd, 8639491.732, 94
Trd, 8639492.232, 94
Trd, 8639493.632, 88
Trd, 8639494.332, 102
Trd, 8639498.382, 99
Trd, 8639498.582, 102
Trd, 8639499.582, 102
Trd, 8639500.632, 105
Trd, 8639501.082, 104
Trd, 8639501.732, 95
Trd, 8639503.282, 91
Trd, 8639503.682, 90
Trd, 8639504.032, 86
Trd, 8639504.382, 80
Trd, 8639508.282, 99
Trd, 8639509.182, 88
Trd, 8639510.182, 101
Trd, 8639510.782, 94
Trd, 8639511.282, 93
Trd, 8639512.832, 111
Trd, 8639514.782, 106
Trd, 8639515.082, 100
Trd, 8639516.332, 97
Trd, 8639517.082, 87
Trd, 8639517.632, 86
Trd, 8639518.882, 106
Trd, 8639522.082, 86
Trd, 8639523.882, 88
Trd, 8639525.032, 93
Trd, 8639525.682, 92
Trd, 8639525.882, 94
Trd, 8639526.682, 95
Trd, 8639528.782, 105
Trd, 8639529.832, 105
Trd, 8639529.932, 104
Trd, 8639532.182, 106
Trd, 8639532.432, 104
Trd, 8639533.982, 105
Trd, 8639534.532, 106
Trd, 8639536.182, 100
Trd, 8639536.682, 101
Trd, 8639538.332, 104
Trd, 8639538.632, 105
Trd, 8639538.732, 103
Trd, 8639539.882, 98
Trd, 8639541.732, 104
Trd, 8639542.032, 98
Trd, 8639542.382, 99
Trd, 8639543.282, 98
Trd, 8639545.632, 90
Trd, 8639549.482, 101
Trd, 8639549.682, 102
Trd, 8639550.482, 103
Trd, 8639551.232, 95
Trd, 8639552.332, 98
Trd, 8639553.732, 94
Trd, 8639554.282, 93
Trd, 8639556.132, 95
Trd, 8639557.282, 103
Trd, 8639558.732, 96
Trd, 8639559.832, 97
Trd, 8639561.182, 96
Trd, 8639561.632, 97
Trd, 8639562.232, 98
Trd, 8639564.032, 100
Trd, 8639564.382, 100
Trd, 8639566.282, 101
Trd, 8639567.932, 102
Trd, 8639569.482, 103
Trd, 8639570.632, 108
Trd, 8639570.932, 108
Trd, 8639571.882, 102
Trd, 8639572.132, 103
Trd, 8639572.582, 112
Trd, 8639574.732, 85
Trd, 8639576.532, 75
Trd, 8639579.682, 79
Trd, 8639580.182, 87
Trd, 8639580.732, 90
Trd, 8639581.632, 105
Trd, 8639581.682, 90
Trd, 8639583.532, 105
Trd, 8639585.232, 101
Trd, 8639586.032, 98
Trd, 8639586.832, 97
Trd, 8639588.432, 97
Trd, 8639588.682, 95
Trd, 8639590.832, 103
Trd, 8639591.432, 97
Trd, 8639592.282, 100
Trd, 8639593.482, 100
Trd, 8639594.532, 99
Trd, 8639595.632, 107
Trd, 8639596.782, 107
Trd, 8639596.882, 106
Trd, 8639597.982, 96
Trd, 8639601.032, 105
Trd, 8639601.132, 104
Trd, 8639602.032, 108
Trd, 8639602.532, 108
Trd, 8639603.832, 108
Trd, 8639604.932, 91
Trd, 8639606.682, 97
Trd, 8639609.982, 108
Trd, 8639610.282, 106
Trd, 8639610.582, 105
Trd, 8639611.482, 104
Trd, 8639613.282, 98
Trd, 8639613.632, 116
Trd, 8639613.932, 98
Trd, 8639616.732, 103
Trd, 8639618.182, 101
Trd, 8639618.882, 97
Trd, 8639620.032, 89
Trd, 8639620.132, 88
Trd, 8639622.932, 91
Trd, 8639623.082, 92
Trd, 8639623.532, 89
Trd, 8639625.632, 90
Trd, 8639627.782, 95
Trd, 8639628.632, 96
Trd, 8639629.932, 100
Trd, 8639631.282, 99
Trd, 8639631.782, 95
Trd, 8639635.582, 96
Trd, 8639636.832, 91
Trd, 8639637.682, 88
Trd, 8639638.932, 89
Trd, 8639640.632, 87
Trd, 8639643.232, 91
Trd, 8639644.382, 94
Trd, 8639645.132, 94
Trd, 8639646.132, 95
Trd, 8639646.482, 86
Trd, 8639646.782, 107
Trd, 8639648.332, 66
Trd, 8639650.682, 111
Trd, 8639653.132, 93
Trd, 8639653.582, 93
Trd, 8639654.382, 93
Trd, 8639655.532, 95
Trd, 8639656.882, 95
Trd, 8639657.882, 93
Trd, 8639660.232, 90
Trd, 8639660.582, 102
Trd, 8639662.182, 89
Trd, 8639663.582, 90
Trd, 8639664.132, 91
Trd, 8639665.632, 93
Trd, 8639667.932, 90
Trd, 8639668.532, 91
Trd, 8639668.632, 88
Trd, 8639669.382, 105
Trd, 8639670.732, 95
Trd, 8639672.132, 104
Trd, 8639672.932, 106
Trd, 8639673.432, 107
Trd, 8639673.932, 108
Trd, 8639674.532, 106
Trd, 8639675.032, 92
Trd, 8639678.582, 100
Trd, 8639679.832, 101
Trd, 8639680.432, 101
Trd, 8639681.882, 96
Trd, 8639682.532, 101
Trd, 8639683.132, 87
Trd, 8639685.882, 95
Trd, 8639686.832, 95
Trd, 8639686.882, 93
Trd, 8639687.382, 94
Trd, 8639689.282, 95
Trd, 8639690.032, 96
Trd, 8639692.882, 96
Trd, 8639693.582, 109
Trd, 8639693.732, 98
Trd, 8639695.432, 99
Trd, 8639696.182, 99
Trd, 8639697.332, 89
Trd, 8639698.132, 105
Trd, 8639698.582, 88
Trd, 8639701.332, 99
Trd, 8639701.782, 98
Trd, 8639702.282, 101
Trd, 8639704.282, 106
Trd, 8639705.832, 102
Trd, 8639706.832, 97
Trd, 8639707.232, 96
Trd, 8639708.882, 95
Trd, 8639711.382, 94
Trd, 8639712.032, 95
Trd, 8639712.182, 95
Trd, 8639713.282, 120
Trd, 8639714.232, 96
Trd, 8639714.682, 95
Trd, 8639716.432, 83
Trd, 8639718.732, 107
Trd, 8639719.282, 96
Trd, 8639719.482, 116
Trd, 8639723.432, 107
Trd, 8639724.282, 107
Trd, 8639724.782, 106
Trd, 8639724.832, 112
Trd, 8639726.732, 106
Trd, 8639729.582, 91
Trd, 8639730.732, 92
Trd, 8639730.882, 102
Trd, 8639731.832, 91
Trd, 8639734.732, 91
Trd, 8639735.232, 92
Trd, 8639737.432, 97
Trd, 8639738.182, 97
Trd, 8639739.032, 97
Trd, 8639739.332, 96
Trd, 8639741.382, 101
Trd, 8639742.882, 115
Trd, 8639744.232, 94
Trd, 8639744.332, 86
Trd, 8639745.532, 72
Trd, 8639746.032, 106
Trd, 8639747.132, 78
Trd, 8639750.482, 94
Trd, 8639752.482, 98
Trd, 8639752.832, 99
Trd, 8639753.682, 99
Trd, 8639754.832, 92
Trd, 8639756.882, 94
Trd, 8639757.982, 98
Trd, 8639758.582, 96
Trd, 8639759.382, 98
Trd, 8639759.682, 112
Trd, 8639759.982, 89
Trd, 8639762.182, 94
Trd, 8639763.682, 100
Trd, 8639765.232, 114
Trd, 8639767.082, 111
Trd, 8639767.382, 108
Trd, 8639769.682, 89
Trd, 8639769.882, 88
Trd, 8639770.382, 110
Trd, 8639771.782, 86
Trd, 8639773.382, 87
Trd, 8639773.932, 89
Trd, 8639774.482, 90
Trd, 8639774.932, 103
Trd, 8639777.382, 102
Trd, 8639778.282, 102
Trd, 8639778.932, 97
Trd, 8639779.132, 96
Trd, 8639781.132, 96
Trd, 8639781.782, 103
Trd, 8639782.432, 95
Trd, 8639784.982, 100
Trd, 8639786.832, 101
Trd, 8639787.332, 105
Trd, 8639788.832, 104
Trd, 8639789.682, 131
Trd, 8639790.032, 105
Trd, 8639791.232, 104
Trd, 8639793.332, 98
Trd, 8639793.832, 95
Trd, 8639796.332, 95
Trd, 8639796.532, 95
Trd, 8639797.432, 99
Trd, 8639799.532, 105
Trd, 8639800.082, 107
Trd, 8639800.382, 106
Trd, 8639800.882, 105
Trd, 8639803.482, 114
Trd, 8639803.682, 107
Trd, 8639806.182, 97
Trd, 8639806.782, 97
Trd, 8639809.032, 98
Trd, 8639809.582, 102
Trd, 8639812.182, 105
Trd, 8639812.382, 105
Trd, 8639812.432, 106
Trd, 8639813.182, 102
Trd, 8639815.332, 86
Trd, 8639817.332, 75
Trd, 8639818.182, 93
Trd, 8639819.182, 88
Trd, 8639819.732, 85
Trd, 8639821.582, 94
Trd, 8639822.382, 95
Trd, 8639823.282, 96
Trd, 8639824.932, 86
Trd, 8639825.632, 105
Trd, 8639827.182, 93
Trd, 8639827.482, 92
Trd, 8639829.832, 93
Trd, 8639829.932, 106
Trd, 8639832.382, 100
Trd, 8639832.882, 99
Trd, 8639833.332, 98
Trd, 8639835.882, 98
Trd, 8639836.132, 95
Trd, 8639838.182, 88
Trd, 8639839.432, 91
Trd, 8639839.732, 95
Trd, 8639840.132, 104
Trd, 8639840.532, 90
Trd, 8639841.782, 92
Trd, 8639843.682, 97
Trd, 8639844.582, 97
Trd, 8639845.682, 96
Trd, 8639846.532, 96
Trd, 8639847.482, 98
Trd, 8639847.882, 86
Trd, 8639848.032, 67
Trd, 8639850.832, 77
Trd, 8639852.132, 99
Trd, 8639854.132, 90
Trd, 8639855.932, 102
Trd, 8639856.732, 103
Trd, 8639857.332, 102
Trd, 8639858.132, 103
Trd, 8639858.632, 103
Trd, 8639860.782, 104
Trd, 8639861.782, 96
Trd, 8639863.332, 96
Trd, 8639863.782, 86
Trd, 8639866.832, 106
Trd, 8639868.382, 93
Trd, 8639869.732, 98
Trd, 8639869.882, 95
Trd, 8639870.332, 104
Trd, 8639872.232, 93
Trd, 8639873.532, 98
Trd, 8639873.732, 87
Trd, 8639877.332, 92
Trd, 8639878.032, 90
Trd, 8639879.382, 95
Trd, 8639882.132, 103
Trd, 8639882.182, 113
Trd, 8639884.632, 107
Trd, 8639884.782, 104
Trd, 8639886.432, 97
Trd, 8639887.232, 98
Trd, 8639888.182, 108
Trd, 8639889.182, 96
Trd, 8639891.132, 100
Trd, 8639892.432, 105
Trd, 8639892.932, 106
Trd, 8639894.932, 106
Trd, 8639895.432, 104
Trd, 8639896.932, 95
Trd, 8639897.032, 86
Trd, 8639897.932, 82
Trd, 8639900.182, 93
Trd, 8639902.082, 92
Trd, 8639902.732, 95
Trd, 8639902.932, 95
Trd, 8639903.832, 94
Trd, 8639908.382, 98
Trd, 8639908.632, 93
Trd, 8639909.632, 93
Trd, 8639911.532, 102
Trd, 8639912.732, 101
Trd, 8639913.982, 104
Trd, 8639914.082, 104
Trd, 8639915.732, 102
Trd, 8639917.082, 99
Trd, 8639917.682, 98
Trd, 8639917.882, 97
Trd, 8639919.632, 97
Trd, 8639920.032, 104
Trd, 8639921.532, 99
Trd, 8639923.132, 103
Trd, 8639923.282, 107
Trd, 8639923.582, 102
Trd, 8639926.732, 88
Trd, 8639928.032, 85
Trd, 8639930.732, 106
Trd, 8639931.582, 101
Trd, 8639931.632, 100
Trd, 8639931.882, 95
Trd, 8639932.832, 88
Trd, 8639935.132, 108
Trd, 8639937.682, 104
Trd, 8639939.932, 106
Trd, 8639940.482, 113
Trd, 8639941.682, 104
Trd, 8639942.032, 95
Trd, 8639942.132, 86
Trd, 8639945.982, 81
Trd, 8639946.082, 84
Trd, 8639948.332, 90
Trd, 8639948.682, 90
Trd, 8639948.882, 90
Trd, 8639949.882, 95
Trd, 8639951.732, 102
Trd, 8639952.182, 100
Trd, 8639953.182, 98
Trd, 8639954.182, 88
Trd, 8639954.982, 101
Trd, 8639956.632, 98
Trd, 8639957.782, 103
Trd, 8639957.832, 101
Trd, 8639958.532, 104
Trd, 8639960.732, 100
Trd, 8639963.432, 104
Trd, 8639964.632, 105
Trd, 8639964.832, 105
Trd, 8639965.632, 85
Trd, 8639967.032, 87
Trd, 8639967.082, 86
Trd, 8639967.332, 90
Trd, 8639967.582, 87
Trd, 8639970.532, 102
Trd, 8639970.882, 102
Trd, 8639971.132, 100
Trd, 8639971.332, 95
Trd, 8639972.282, 95
Trd, 8639976.182, 98
Trd, 8639976.282, 97
Trd, 8639976.482, 99
Trd, 8639979.632, 107
Trd, 8639979.732, 106
Trd, 8639980.782, 106
Trd, 8639981.132, 105
Trd, 8639982.482, 104
Trd, 8639983.032, 96
Trd, 8639983.432, 86
Trd, 8639985.632, 86
Trd, 8639987.732, 88
Trd, 8639987.832, 87
Trd, 8639988.582, 79
Trd, 8639991.432, 111
Trd, 8639992.282, 92
Trd, 8639995.782, 91
Trd, 8639996.032, 90
Trd, 8639998.582, 93
Trd, 8639998.732, 92
Trd, 8639998.782, 90
