Trd, 4318153.443, 108
Trd, 4318154.793, 128
Trd, 4318154.893, 122
Trd, 4318155.543, 122
Trd, 4318155.643, 66
Trd, 4318156.193, 66
Trd, 4318156.693, 89
Trd, 4318157.493, 74
Trd, 4318158.293, 103
Trd, 4318159.943, 114
Trd, 4318160.543, 100
Trd, 4318160.793, 130
Trd, 4318161.593, 63
Trd, 4318162.393, 69
Trd, 4318163.243, 139
Trd, 4318163.293, 131
Trd, 4318164.543, 102
Trd, 4318164.743, 138
Trd, 4318165.293, 97
Trd, 4318166.143, 88
Trd, 4318166.593, 119
Trd, 4318167.793, 124
Trd, 4318168.493, 121
Trd, 4318168.843, 115
Trd, 4318170.843, 123
Trd, 4318170.943, 111
Trd, 4318171.343, 97
Trd, 4318171.743, 123
Trd, 4318171.943, 117
Trd, 4318172.143, 106
Trd, 4318172.243, 126
Trd, 4318172.393, 69
Trd, 4318174.343, 63
Trd, 4318174.893, 73
Trd, 4318175.493, 117
Trd, 4318176.293, 117
Trd, 4318176.693, 105
Trd, 4318177.293, 108
Trd, 4318177.943, 94
Trd, 4318178.443, 93
Trd, 4318179.743, 124
Trd, 4318181.943, 139
Trd, 4318182.643, 131
Trd, 4318183.493, 125
Trd, 4318184.043, 110
Trd, 4318184.743, 112
Trd, 4318185.093, 101
Trd, 4318185.443, 117
Trd, 4318185.743, 91
Trd, 4318186.293, 135
Trd, 4318186.743, 128
Trd, 4318187.043, 116
Trd, 4318188.043, 140
Trd, 4318188.443, 92
Trd, 4318188.493, 79
Trd, 4318189.243, 85
Trd, 4318191.493, 132
Trd, 4318191.993, 128
Trd, 4318192.693, 122
Trd, 4318192.943, 92
Trd, 4318194.243, 135
Trd, 4318194.393, 134
Trd, 4318194.943, 127
Trd, 4318195.343, 127
Trd, 4318195.643, 135
Trd, 4318197.893, 109
Trd, 4318198.143, 114
Trd, 4318199.093, 117
Trd, 4318199.993, 116
Trd, 4318200.643, 96
Trd, 4318201.293, 90
Trd, 4318201.543, 78
Trd, 4318202.393, 78
Trd, 4318203.643, 104
Trd, 4318204.093, 112
Trd, 4318204.293, 108
Trd, 4318204.343, 89
Trd, 4318205.893, 79
Trd, 4318207.743, 132
Trd, 4318208.443, 96
Trd, 4318208.743, 94
Trd, 4318208.793, 92
Trd, 4318210.643, 106
Trd, 4318211.043, 100
Trd, 4318211.593, 100
Trd, 4318212.793, 140
Trd, 4318213.293, 131
Trd, 4318213.593, 102
Trd, 4318213.793, 99
Trd, 4318213.993, 105
Trd, 4318214.543, 98
Trd, 4318216.743, 89
Trd, 4318217.593, 87
Trd, 4318217.943, 118
Trd, 4318218.543, 95
Trd, 4318219.043, 102
Trd, 4318219.843, 64
Trd, 4318220.443, 87
Trd, 4318220.643, 69
Trd, 4318220.743, 60
Trd, 4318221.743, 91
Trd, 4318223.043, 88
Trd, 4318223.793, 99
Trd, 4318224.393, 86
Trd, 4318225.393, 137
Trd, 4318226.093, 84
Trd, 4318226.143, 111
Trd, 4318226.543, 71
Trd, 4318226.593, 116
Trd, 4318227.893, 97
Trd, 4318228.043, 99
Trd, 4318228.793, 96
Trd, 4318229.593, 100
Trd, 4318230.493, 118
Trd, 4318230.643, 132
Trd, 4318230.893, 110
Trd, 4318231.143, 85
Trd, 4318232.193, 73
Trd, 4318232.893, 121
Trd, 4318234.593, 105
Trd, 4318234.993, 107
Trd, 4318235.093, 130
Trd, 4318235.643, 92
Trd, 4318237.193, 98
Trd, 4318237.393, 97
Trd, 4318237.643, 100
Trd, 4318237.893, 98
Trd, 4318237.943, 130
Trd, 4318239.543, 129
Trd, 4318241.243, 108
Trd, 4318241.743, 116
Trd, 4318241.943, 97
Trd, 4318242.693, 103
Trd, 4318243.293, 93
Trd, 4318243.593, 92
Trd, 4318243.993, 98
Trd, 4318244.793, 100
Trd, 4318246.643, 94
Trd, 4318247.243, 91
Trd, 4318248.643, 93
Trd, 4318248.993, 97
Trd, 4318249.043, 74
Trd, 4318249.443, 100
Trd, 4318250.943, 114
Trd, 4318251.293, 125
Trd, 4318251.693, 108
Trd, 4318252.543, 97
Trd, 4318253.543, 100
Trd, 4318253.593, 98
Trd, 4318254.793, 133
Trd, 4318255.193, 107
Trd, 4318255.943, 79
Trd, 4318256.043, 91
Trd, 4318256.693, 140
Trd, 4318257.743, 100
Trd, 4318258.093, 61
Trd, 4318258.693, 117
Trd, 4318258.943, 103
Trd, 4318259.443, 98
Trd, 4318260.143, 93
Trd, 4318260.293, 70
Trd, 4318260.693, 93
Trd, 4318262.043, 112
Trd, 4318262.293, 135
Trd, 4318263.043, 127
Trd, 4318264.193, 121
Trd, 4318264.643, 104
Trd, 4318264.943, 69
Trd, 4318265.343, 63
Trd, 4318266.743, 61
Trd, 4318267.293, 91
Trd, 4318268.143, 87
Trd, 4318269.093, 83
Trd, 4318269.143, 79
Trd, 4318270.143, 99
Trd, 4318270.393, 63
Trd, 4318272.493, 132
Trd, 4318273.643, 127
Trd, 4318273.793, 121
Trd, 4318273.993, 104
Trd, 4318274.843, 140
Trd, 4318275.143, 74
Trd, 4318276.293, 101
Trd, 4318277.293, 99
Trd, 4318277.893, 98
Trd, 4318278.193, 128
Trd, 4318278.993, 94
Trd, 4318279.793, 98
Trd, 4318279.843, 93
Trd, 4318281.093, 96
Trd, 4318281.743, 118
Trd, 4318282.243, 96
Trd, 4318282.343, 108
Trd, 4318283.193, 139
Trd, 4318283.993, 102
Trd, 4318284.893, 110
Trd, 4318285.493, 61
Trd, 4318287.143, 104
Trd, 4318287.293, 104
Trd, 4318287.443, 85
Trd, 4318287.643, 83
Trd, 4318289.343, 109
Trd, 4318290.493, 121
Trd, 4318292.093, 120
Trd, 4318292.293, 120
Trd, 4318292.443, 105
Trd, 4318292.593, 118
Trd, 4318292.843, 90
Trd, 4318294.043, 94
Trd, 4318294.793, 84
Trd, 4318295.743, 101
Trd, 4318296.993, 109
Trd, 4318297.393, 87
Trd, 4318297.943, 137
Trd, 4318298.593, 66
Trd, 4318299.443, 102
Trd, 4318299.893, 131
Trd, 4318300.943, 137
Trd, 4318301.543, 123
Trd, 4318301.893, 110
Trd, 4318303.343, 132
Trd, 4318303.843, 130
Trd, 4318304.043, 123
Trd, 4318304.893, 130
Trd, 4318305.543, 138
Trd, 4318306.343, 113
Trd, 4318306.593, 110
Trd, 4318306.693, 83
Trd, 4318307.043, 123
Trd, 4318308.643, 115
Trd, 4318308.793, 124
Trd, 4318309.043, 118
Trd, 4318309.343, 112
Trd, 4318310.493, 126
Trd, 4318310.893, 139
Trd, 4318312.093, 92
Trd, 4318312.343, 90
Trd, 4318312.393, 82
Trd, 4318313.993, 79
Trd, 4318314.093, 102
Trd, 4318314.493, 78
Trd, 4318315.593, 111
Trd, 4318316.443, 132
Trd, 4318316.643, 102
Trd, 4318317.043, 139
Trd, 4318317.243, 115
Trd, 4318318.243, 121
Trd, 4318318.293, 104
Trd, 4318318.943, 74
Trd, 4318319.893, 86
Trd, 4318320.793, 133
Trd, 4318321.143, 126
Trd, 4318321.593, 123
Trd, 4318322.793, 84
Trd, 4318323.693, 130
Trd, 4318324.893, 140
Trd, 4318325.243, 133
Trd, 4318326.343, 128
Trd, 4318326.843, 121
Trd, 4318327.093, 121
Trd, 4318327.343, 123
Trd, 4318327.643, 115
Trd, 4318328.643, 124
Trd, 4318328.743, 123
Trd, 4318329.243, 98
Trd, 4318331.543, 126
Trd, 4318331.843, 139
Trd, 4318333.193, 120
Trd, 4318333.393, 97
Trd, 4318333.493, 87
Trd, 4318334.143, 72
Trd, 4318335.143, 110
Trd, 4318335.193, 105
Trd, 4318335.243, 102
Trd, 4318336.943, 71
Trd, 4318337.243, 85
Trd, 4318339.093, 66
Trd, 4318339.743, 65
Trd, 4318339.893, 64
Trd, 4318340.093, 125
Trd, 4318340.143, 90
Trd, 4318341.093, 107
Trd, 4318342.193, 119
Trd, 4318342.243, 86
Trd, 4318342.893, 81
Trd, 4318343.043, 82
Trd, 4318343.293, 66
Trd, 4318345.293, 137
Trd, 4318345.743, 112
Trd, 4318345.793, 112
Trd, 4318346.843, 126
Trd, 4318346.943, 118
Trd, 4318346.993, 94
Trd, 4318347.193, 83
Trd, 4318347.643, 110
Trd, 4318350.993, 70
Trd, 4318351.943, 88
Trd, 4318352.243, 66
Trd, 4318352.393, 69
Trd, 4318352.693, 60
Trd, 4318353.293, 97
Trd, 4318353.893, 97
Trd, 4318354.043, 105
Trd, 4318355.643, 129
Trd, 4318356.043, 76
Trd, 4318356.593, 92
Trd, 4318357.043, 92
Trd, 4318358.293, 90
Trd, 4318358.543, 89
Trd, 4318358.993, 84
Trd, 4318360.293, 75
Trd, 4318360.693, 71
Trd, 4318361.793, 94
Trd, 4318362.443, 70
Trd, 4318363.193, 80
Trd, 4318363.693, 83
Trd, 4318364.043, 67
Trd, 4318365.743, 79
Trd, 4318366.343, 61
Trd, 4318368.043, 72
Trd, 4318368.093, 93
Trd, 4318368.743, 72
Trd, 4318369.643, 71
Trd, 4318371.243, 117
Trd, 4318371.393, 103
Trd, 4318371.843, 65
Trd, 4318372.393, 79
Trd, 4318373.293, 90
Trd, 4318373.643, 137
Trd, 4318373.743, 138
Trd, 4318374.043, 105
Trd, 4318376.193, 87
Trd, 4318376.593, 119
Trd, 4318377.493, 79
Trd, 4318378.043, 76
Trd, 4318378.543, 90
Trd, 4318378.693, 80
Trd, 4318379.443, 133
Trd, 4318380.743, 126
Trd, 4318380.793, 107
Trd, 4318381.493, 115
Trd, 4318381.693, 65
Trd, 4318382.243, 91
Trd, 4318383.743, 84
Trd, 4318385.643, 82
Trd, 4318385.743, 78
Trd, 4318385.793, 76
Trd, 4318386.493, 140
Trd, 4318387.593, 136
Trd, 4318389.043, 122
Trd, 4318389.093, 116
Trd, 4318389.793, 108
Trd, 4318389.993, 97
Trd, 4318391.543, 77
Trd, 4318392.143, 73
Trd, 4318392.193, 96
Trd, 4318392.393, 79
Trd, 4318392.993, 120
Trd, 4318393.293, 119
Trd, 4318394.243, 89
Trd, 4318396.043, 98
Trd, 4318396.443, 76
Trd, 4318396.943, 111
Trd, 4318397.693, 94
Trd, 4318398.093, 91
Trd, 4318398.843, 107
Trd, 4318399.543, 118
Trd, 4318400.193, 86
Trd, 4318400.693, 96
Trd, 4318400.843, 74
Trd, 4318401.893, 62
Trd, 4318402.343, 109
Trd, 4318402.993, 101
Trd, 4318404.693, 80
Trd, 4318404.993, 102
Trd, 4318405.693, 78
Trd, 4318406.293, 66
Trd, 4318406.443, 70
Trd, 4318406.743, 89
Trd, 4318407.493, 60
Trd, 4318408.643, 77
Trd, 4318409.593, 128
Trd, 4318411.143, 122
Trd, 4318411.193, 116
Trd, 4318411.593, 135
Trd, 4318413.493, 94
Trd, 4318413.693, 87
Trd, 4318413.893, 131
Trd, 4318416.193, 134
Trd, 4318416.893, 128
Trd, 4318417.243, 116
Trd, 4318418.093, 136
Trd, 4318418.293, 121
Trd, 4318419.943, 92
Trd, 4318420.593, 66
Trd, 4318420.993, 121
Trd, 4318421.643, 78
Trd, 4318421.693, 103
Trd, 4318423.593, 106
Trd, 4318424.643, 114
Trd, 4318424.793, 87
Trd, 4318425.293, 90
Trd, 4318426.193, 116
Trd, 4318426.543, 138
Trd, 4318426.643, 136
Trd, 4318426.893, 131
Trd, 4318427.893, 116
Trd, 4318428.643, 96
Trd, 4318428.693, 96
Trd, 4318429.293, 102
Trd, 4318429.643, 116
Trd, 4318432.993, 120
Trd, 4318433.243, 96
Trd, 4318433.493, 92
Trd, 4318433.743, 91
Trd, 4318434.393, 128
Trd, 4318434.643, 115
Trd, 4318434.793, 133
Trd, 4318435.543, 81
Trd, 4318437.193, 114
Trd, 4318437.343, 99
Trd, 4318438.143, 133
Trd, 4318438.993, 81
Trd, 4318440.043, 93
Trd, 4318440.193, 96
Trd, 4318440.493, 91
Trd, 4318441.293, 86
Trd, 4318441.693, 98
Trd, 4318442.443, 115
Trd, 4318443.943, 67
Trd, 4318444.443, 92
Trd, 4318444.743, 113
Trd, 4318445.393, 85
Trd, 4318445.943, 111
Trd, 4318447.743, 97
Trd, 4318448.043, 134
Trd, 4318448.443, 105
Trd, 4318448.493, 97
Trd, 4318448.543, 85
Trd, 4318449.643, 126
Trd, 4318450.093, 77
Trd, 4318452.193, 119
Trd, 4318452.393, 108
Trd, 4318453.243, 135
Trd, 4318454.193, 87
Trd, 4318454.243, 84
Trd, 4318456.243, 77
Trd, 4318457.543, 98
Trd, 4318457.643, 83
Trd, 4318457.793, 114
Trd, 4318459.643, 112
Trd, 4318459.943, 98
Trd, 4318460.193, 89
Trd, 4318460.793, 131
Trd, 4318461.643, 133
Trd, 4318461.693, 125
Trd, 4318462.193, 120
Trd, 4318464.043, 133
Trd, 4318464.443, 124
Trd, 4318465.043, 82
Trd, 4318465.693, 61
Trd, 4318466.093, 91
Trd, 4318466.493, 94
Trd, 4318466.793, 95
Trd, 4318467.443, 99
Trd, 4318467.993, 82
Trd, 4318468.643, 110
Trd, 4318469.043, 109
Trd, 4318469.393, 128
Trd, 4318470.193, 136
Trd, 4318471.343, 99
Trd, 4318471.393, 105
Trd, 4318472.193, 119
Trd, 4318472.693, 61
Trd, 4318473.243, 75
Trd, 4318475.193, 115
Trd, 4318475.443, 125
Trd, 4318475.593, 92
Trd, 4318475.893, 60
Trd, 4318478.393, 65
Trd, 4318479.643, 67
Trd, 4318479.993, 68
Trd, 4318481.043, 76
Trd, 4318481.143, 79
Trd, 4318481.243, 72
Trd, 4318481.693, 94
Trd, 4318484.043, 82
Trd, 4318484.293, 98
Trd, 4318485.893, 121
Trd, 4318485.993, 85
Trd, 4318486.343, 85
Trd, 4318486.893, 129
Trd, 4318487.443, 107
Trd, 4318487.693, 107
Trd, 4318489.293, 137
Trd, 4318489.693, 130
Trd, 4318489.743, 123
Trd, 4318490.043, 120
Trd, 4318490.293, 125
Trd, 4318491.593, 133
Trd, 4318492.793, 131
Trd, 4318492.893, 118
Trd, 4318493.243, 113
Trd, 4318494.243, 110
Trd, 4318495.393, 107
Trd, 4318496.043, 106
Trd, 4318497.393, 133
Trd, 4318498.143, 124
Trd, 4318499.343, 96
Trd, 4318499.693, 97
Trd, 4318499.943, 112
Trd, 4318500.043, 107
Trd, 4318500.143, 104
Trd, 4318501.693, 108
Trd, 4318504.043, 113
Trd, 4318504.893, 106
Trd, 4318505.143, 131
Trd, 4318506.143, 123
Trd, 4318506.193, 114
Trd, 4318509.343, 127
Trd, 4318509.393, 121
Trd, 4318509.693, 115
Trd, 4318510.143, 127
Trd, 4318510.493, 133
Trd, 4318510.643, 111
Trd, 4318511.293, 107
Trd, 4318511.443, 103
Trd, 4318512.993, 124
Trd, 4318513.343, 90
Trd, 4318513.943, 89
Trd, 4318513.993, 86
Trd, 4318514.893, 112
Trd, 4318516.093, 97
Trd, 4318516.143, 97
Trd, 4318516.243, 83
Trd, 4318516.443, 91
Trd, 4318516.693, 61
Trd, 4318517.393, 94
Trd, 4318519.143, 124
Trd, 4318519.593, 137
Trd, 4318519.643, 113
Trd, 4318520.293, 129
Trd, 4318520.843, 125
Trd, 4318521.643, 120
Trd, 4318522.143, 99
Trd, 4318523.543, 138
Trd, 4318524.293, 138
Trd, 4318524.693, 101
Trd, 4318525.043, 103
Trd, 4318525.393, 89
Trd, 4318525.443, 79
Trd, 4318525.643, 133
Trd, 4318526.843, 133
Trd, 4318527.243, 102
Trd, 4318527.443, 108
Trd, 4318528.943, 136
Trd, 4318530.693, 79
Trd, 4318531.543, 106
Trd, 4318531.593, 129
Trd, 4318532.343, 95
Trd, 4318532.643, 96
Trd, 4318533.343, 97
Trd, 4318533.793, 61
Trd, 4318535.293, 78
Trd, 4318535.943, 92
Trd, 4318536.843, 102
Trd, 4318538.893, 98
Trd, 4318539.343, 100
Trd, 4318539.443, 90
Trd, 4318540.043, 123
Trd, 4318541.593, 101
Trd, 4318542.293, 96
Trd, 4318542.693, 91
Trd, 4318543.143, 90
Trd, 4318543.343, 94
Trd, 4318543.593, 117
Trd, 4318543.793, 103
Trd, 4318544.393, 87
Trd, 4318544.943, 84
Trd, 4318545.243, 113
Trd, 4318546.193, 68
Trd, 4318546.843, 87
Trd, 4318548.093, 111
Trd, 4318548.593, 93
Trd, 4318549.043, 133
Trd, 4318549.143, 92
Trd, 4318549.293, 91
Trd, 4318549.643, 135
Trd, 4318550.743, 91
Trd, 4318552.643, 72
Trd, 4318552.743, 116
Trd, 4318553.743, 111
Trd, 4318554.193, 104
Trd, 4318554.593, 93
Trd, 4318556.843, 112
Trd, 4318557.543, 82
Trd, 4318557.693, 86
Trd, 4318558.293, 65
Trd, 4318558.543, 70
Trd, 4318559.193, 103
Trd, 4318560.293, 95
Trd, 4318561.093, 71
Trd, 4318561.393, 84
Trd, 4318562.643, 92
Trd, 4318563.093, 82
Trd, 4318563.793, 104
Trd, 4318564.043, 98
Trd, 4318564.143, 80
Trd, 4318564.943, 96
Trd, 4318566.343, 124
Trd, 4318567.393, 122
Trd, 4318567.843, 132
Trd, 4318568.043, 117
Trd, 4318568.243, 75
Trd, 4318568.793, 102
Trd, 4318570.493, 136
Trd, 4318571.643, 132
Trd, 4318572.193, 135
Trd, 4318572.643, 103
Trd, 4318572.893, 100
Trd, 4318573.243, 104
Trd, 4318573.493, 96
Trd, 4318573.743, 119
Trd, 4318574.443, 114
Trd, 4318575.093, 100
Trd, 4318575.493, 124
Trd, 4318576.043, 91
Trd, 4318576.093, 106
Trd, 4318577.493, 120
Trd, 4318578.043, 80
Trd, 4318578.943, 126
Trd, 4318579.693, 125
Trd, 4318579.843, 105
Trd, 4318581.543, 126
Trd, 4318581.793, 100
Trd, 4318582.243, 140
Trd, 4318583.943, 107
Trd, 4318584.843, 102
Trd, 4318584.893, 96
Trd, 4318585.343, 89
Trd, 4318585.793, 131
Trd, 4318587.543, 120
Trd, 4318587.843, 118
Trd, 4318587.943, 97
Trd, 4318588.043, 87
Trd, 4318590.643, 127
Trd, 4318591.393, 110
Trd, 4318591.493, 132
Trd, 4318591.643, 108
Trd, 4318591.843, 102
Trd, 4318593.943, 131
Trd, 4318594.243, 140
Trd, 4318594.693, 136
Trd, 4318595.393, 139
Trd, 4318595.793, 131
Trd, 4318596.043, 109
Trd, 4318596.843, 101
Trd, 4318596.943, 96
Trd, 4318597.743, 107
Trd, 4318599.343, 77
Trd, 4318599.893, 100
Trd, 4318601.293, 73
Trd, 4318601.343, 124
Trd, 4318601.643, 68
Trd, 4318602.293, 114
Trd, 4318603.143, 113
Trd, 4318604.293, 123
Trd, 4318604.393, 114
Trd, 4318604.793, 123
Trd, 4318605.293, 102
Trd, 4318605.843, 125
Trd, 4318606.293, 81
Trd, 4318606.643, 74
Trd, 4318607.493, 97
Trd, 4318608.893, 79
Trd, 4318609.643, 76
Trd, 4318610.393, 72
Trd, 4318610.743, 69
Trd, 4318611.093, 86
Trd, 4318611.493, 91
Trd, 4318611.893, 130
Trd, 4318612.293, 101
Trd, 4318612.643, 138
Trd, 4318613.543, 79
Trd, 4318614.843, 72
Trd, 4318616.043, 82
Trd, 4318616.743, 122
Trd, 4318617.243, 97
Trd, 4318617.743, 85
Trd, 4318618.293, 79
Trd, 4318618.643, 122
Trd, 4318619.393, 97
Trd, 4318619.593, 81
Trd, 4318619.993, 123
Trd, 4318620.193, 102
Trd, 4318621.243, 106
Trd, 4318622.743, 113
Trd, 4318623.643, 70
Trd, 4318623.993, 84
Trd, 4318626.093, 95
Trd, 4318626.393, 96
Trd, 4318628.193, 112
Trd, 4318628.393, 95
Trd, 4318629.093, 126
Trd, 4318629.993, 136
Trd, 4318630.443, 120
Trd, 4318630.993, 108
Trd, 4318631.793, 134
Trd, 4318632.193, 127
Trd, 4318632.593, 136
Trd, 4318632.943, 133
Trd, 4318633.893, 96
Trd, 4318634.643, 135
Trd, 4318635.293, 88
Trd, 4318636.493, 93
Trd, 4318637.243, 115
Trd, 4318637.543, 91
Trd, 4318637.693, 77
Trd, 4318638.593, 93
Trd, 4318638.743, 82
Trd, 4318640.993, 120
Trd, 4318641.543, 102
Trd, 4318642.293, 125
Trd, 4318642.943, 129
Trd, 4318643.093, 101
Trd, 4318644.043, 102
Trd, 4318644.093, 97
Trd, 4318645.443, 111
Trd, 4318645.493, 103
Trd, 4318645.843, 83
Trd, 4318646.793, 106
Trd, 4318647.093, 81
Trd, 4318647.943, 136
Trd, 4318648.543, 98
Trd, 4318649.693, 96
Trd, 4318650.093, 91
Trd, 4318650.393, 116
Trd, 4318650.493, 66
Trd, 4318651.393, 136
Trd, 4318651.693, 129
Trd, 4318651.943, 123
Trd, 4318653.293, 106
Trd, 4318654.093, 98
Trd, 4318654.843, 111
Trd, 4318656.243, 119
Trd, 4318656.693, 60
Trd, 4318657.293, 67
Trd, 4318657.393, 76
Trd, 4318658.393, 126
Trd, 4318659.693, 87
Trd, 4318660.443, 109
Trd, 4318660.793, 77
Trd, 4318661.193, 77
Trd, 4318662.493, 132
Trd, 4318663.243, 67
Trd, 4318663.643, 94
Trd, 4318664.193, 96
Trd, 4318664.393, 77
Trd, 4318664.443, 74
Trd, 4318664.793, 110
Trd, 4318665.693, 61
Trd, 4318666.843, 63
Trd, 4318668.543, 101
Trd, 4318669.593, 94
Trd, 4318669.993, 90
Trd, 4318670.093, 84
Trd, 4318670.993, 80
Trd, 4318672.293, 84
Trd, 4318673.593, 128
Trd, 4318673.793, 105
Trd, 4318674.043, 70
Trd, 4318674.643, 129
Trd, 4318674.893, 115
Trd, 4318675.243, 69
Trd, 4318676.143, 64
Trd, 4318676.643, 99
Trd, 4318678.343, 121
Trd, 4318679.043, 122
Trd, 4318679.693, 114
Trd, 4318680.593, 90
Trd, 4318681.043, 77
Trd, 4318681.593, 110
Trd, 4318682.543, 135
Trd, 4318682.843, 127
Trd, 4318683.293, 113
Trd, 4318683.893, 117
Trd, 4318684.643, 94
Trd, 4318685.193, 129
Trd, 4318685.343, 105
Trd, 4318686.943, 136
Trd, 4318687.843, 135
Trd, 4318688.093, 111
Trd, 4318688.743, 134
Trd, 4318688.993, 101
Trd, 4318689.193, 127
Trd, 4318689.493, 123
Trd, 4318689.843, 80
Trd, 4318690.343, 77
Trd, 4318692.093, 89
Trd, 4318692.343, 77
Trd, 4318693.443, 94
Trd, 4318694.143, 106
Trd, 4318694.893, 98
Trd, 4318695.143, 91
Trd, 4318695.793, 91
Trd, 4318696.693, 122
Trd, 4318697.593, 129
Trd, 4318697.843, 115
Trd, 4318698.893, 103
Trd, 4318700.393, 82
Trd, 4318701.243, 87
Trd, 4318702.143, 90
Trd, 4318702.743, 106
Trd, 4318704.493, 73
Trd, 4318704.643, 64
Trd, 4318704.843, 100
Trd, 4318706.643, 92
Trd, 4318707.343, 103
Trd, 4318708.493, 70
Trd, 4318708.693, 92
Trd, 4318708.793, 102
Trd, 4318709.143, 110
Trd, 4318709.643, 108
Trd, 4318710.043, 80
Trd, 4318710.693, 103
Trd, 4318711.043, 81
Trd, 4318711.793, 96
Trd, 4318711.843, 65
Trd, 4318712.793, 78
Trd, 4318714.443, 136
Trd, 4318715.093, 94
Trd, 4318715.193, 129
Trd, 4318716.343, 77
Trd, 4318716.493, 70
Trd, 4318717.693, 111
Trd, 4318718.093, 80
Trd, 4318718.693, 118
Trd, 4318719.243, 98
Trd, 4318719.593, 76
Trd, 4318720.393, 122
Trd, 4318721.643, 64
Trd, 4318722.343, 115
Trd, 4318723.143, 120
Trd, 4318723.843, 113
Trd, 4318724.243, 139
Trd, 4318725.143, 113
Trd, 4318725.593, 121
Trd, 4318726.543, 84
Trd, 4318726.793, 94
Trd, 4318727.093, 113
Trd, 4318727.193, 82
Trd, 4318727.893, 74
Trd, 4318728.893, 105
Trd, 4318729.193, 66
Trd, 4318730.493, 109
Trd, 4318732.143, 116
Trd, 4318732.643, 104
Trd, 4318732.793, 118
Trd, 4318733.343, 118
Trd, 4318734.143, 137
Trd, 4318735.393, 130
Trd, 4318735.943, 111
Trd, 4318735.993, 105
Trd, 4318736.093, 79
Trd, 4318737.143, 83
Trd, 4318737.893, 110
Trd, 4318737.993, 99
Trd, 4318739.293, 132
Trd, 4318740.643, 126
Trd, 4318741.243, 104
Trd, 4318741.493, 101
Trd, 4318742.793, 127
Trd, 4318742.843, 107
Trd, 4318743.793, 116
Trd, 4318743.893, 102
Trd, 4318745.343, 100
Trd, 4318745.793, 89
Trd, 4318745.843, 75
Trd, 4318746.643, 138
Trd, 4318746.993, 93
Trd, 4318747.893, 140
Trd, 4318748.593, 104
Trd, 4318749.493, 140
Trd, 4318749.693, 131
Trd, 4318749.793, 115
Trd, 4318750.343, 89
Trd, 4318750.943, 63
Trd, 4318751.343, 89
Trd, 4318752.843, 109
Trd, 4318753.493, 124
Trd, 4318753.943, 102
Trd, 4318754.143, 82
Trd, 4318754.843, 123
Trd, 4318755.243, 61
Trd, 4318756.743, 62
Trd, 4318757.293, 65
Trd, 4318759.543, 91
Trd, 4318759.943, 109
Trd, 4318760.343, 101
Trd, 4318760.593, 91
Trd, 4318761.693, 61
Trd, 4318761.993, 95
Trd, 4318762.293, 102
Trd, 4318763.143, 110
Trd, 4318763.443, 83
Trd, 4318763.743, 80
Trd, 4318764.393, 114
Trd, 4318765.243, 121
Trd, 4318765.443, 124
Trd, 4318766.143, 109
Trd, 4318766.843, 110
Trd, 4318768.443, 112
Trd, 4318768.543, 119
Trd, 4318768.643, 98
Trd, 4318768.743, 93
Trd, 4318769.293, 64
Trd, 4318769.543, 65
Trd, 4318769.693, 140
Trd, 4318771.743, 136
Trd, 4318771.993, 117
Trd, 4318773.893, 78
Trd, 4318774.543, 75
Trd, 4318774.593, 82
Trd, 4318774.643, 70
Trd, 4318776.193, 63
Trd, 4318776.593, 110
Trd, 4318777.843, 125
Trd, 4318778.143, 122
Trd, 4318778.693, 87
Trd, 4318780.393, 127
Trd, 4318781.143, 110
Trd, 4318781.393, 117
Trd, 4318781.543, 127
Trd, 4318781.843, 113
Trd, 4318782.193, 107
Trd, 4318782.443, 76
Trd, 4318783.393, 93
Trd, 4318784.143, 96
Trd, 4318784.593, 91
Trd, 4318785.943, 99
Trd, 4318786.693, 116
Trd, 4318786.743, 115
Trd, 4318787.243, 127
Trd, 4318788.193, 136
Trd, 4318788.443, 117
Trd, 4318789.343, 125
Trd, 4318790.693, 83
Trd, 4318791.293, 81
Trd, 4318791.893, 139
Trd, 4318792.593, 103
Trd, 4318792.693, 109
Trd, 4318793.293, 91
Trd, 4318794.393, 112
Trd, 4318795.643, 66
Trd, 4318795.693, 84
Trd, 4318796.943, 101
Trd, 4318797.443, 87
Trd, 4318798.093, 103
Trd, 4318798.543, 79
Trd, 4318798.843, 123
Trd, 4318799.293, 122
Trd, 4318800.043, 108
Trd, 4318800.943, 104
Trd, 4318801.993, 98
Trd, 4318803.843, 115
Trd, 4318805.593, 94
Trd, 4318805.943, 105
Trd, 4318806.393, 68
Trd, 4318807.693, 65
Trd, 4318808.143, 65
Trd, 4318809.043, 66
Trd, 4318809.643, 131
Trd, 4318809.743, 111
Trd, 4318810.893, 100
Trd, 4318811.843, 96
Trd, 4318812.093, 99
Trd, 4318812.643, 81
Trd, 4318812.893, 83
Trd, 4318814.093, 106
Trd, 4318814.393, 132
Trd, 4318815.243, 103
Trd, 4318816.493, 101
Trd, 4318817.343, 89
Trd, 4318817.393, 87
Trd, 4318817.793, 130
Trd, 4318819.943, 61
Trd, 4318820.293, 68
Trd, 4318820.793, 102
Trd, 4318821.093, 93
Trd, 4318821.893, 107
Trd, 4318822.593, 94
Trd, 4318822.993, 79
Trd, 4318823.693, 85
Trd, 4318824.143, 81
Trd, 4318824.493, 111
Trd, 4318824.643, 89
Trd, 4318825.393, 118
Trd, 4318825.643, 107
Trd, 4318826.193, 71
Trd, 4318826.293, 97
Trd, 4318827.793, 91
Trd, 4318828.493, 108
Trd, 4318829.243, 97
Trd, 4318829.743, 76
Trd, 4318830.843, 102
Trd, 4318831.043, 127
Trd, 4318832.793, 87
Trd, 4318832.893, 74
Trd, 4318833.593, 77
Trd, 4318834.193, 98
Trd, 4318834.443, 81
Trd, 4318834.693, 109
Trd, 4318835.043, 129
Trd, 4318836.743, 119
Trd, 4318837.143, 122
Trd, 4318837.393, 106
Trd, 4318838.693, 123
Trd, 4318839.343, 105
Trd, 4318840.043, 107
Trd, 4318840.843, 95
Trd, 4318840.893, 91
Trd, 4318841.843, 122
Trd, 4318843.543, 78
Trd, 4318843.593, 91
Trd, 4318844.343, 106
Trd, 4318844.943, 95
Trd, 4318845.493, 118
Trd, 4318845.743, 92
Trd, 4318846.043, 88
Trd, 4318848.643, 139
Trd, 4318850.143, 96
Trd, 4318850.243, 130
Trd, 4318851.743, 106
Trd, 4318852.243, 138
Trd, 4318852.693, 136
Trd, 4318852.943, 124
Trd, 4318854.793, 125
Trd, 4318854.893, 100
Trd, 4318855.143, 101
Trd, 4318856.143, 140
Trd, 4318856.243, 105
Trd, 4318856.643, 112
Trd, 4318856.893, 101
Trd, 4318856.943, 92
Trd, 4318857.343, 137
Trd, 4318858.093, 128
Trd, 4318860.393, 83
Trd, 4318860.743, 120
Trd, 4318861.743, 97
Trd, 4318862.343, 80
Trd, 4318862.893, 121
Trd, 4318863.043, 75
Trd, 4318863.793, 130
Trd, 4318864.193, 107
Trd, 4318866.293, 93
Trd, 4318866.543, 110
Trd, 4318867.643, 95
Trd, 4318868.043, 84
Trd, 4318868.343, 110
Trd, 4318868.893, 85
Trd, 4318869.143, 109
Trd, 4318870.043, 101
Trd, 4318870.593, 66
Trd, 4318871.243, 60
Trd, 4318871.993, 101
Trd, 4318872.793, 79
Trd, 4318873.493, 81
Trd, 4318874.293, 92
Trd, 4318875.193, 116
Trd, 4318876.343, 81
Trd, 4318876.543, 131
Trd, 4318876.893, 103
Trd, 4318877.543, 69
Trd, 4318878.943, 111
Trd, 4318879.743, 110
Trd, 4318879.943, 87
Trd, 4318880.893, 69
Trd, 4318881.393, 105
Trd, 4318881.893, 114
Trd, 4318882.043, 99
Trd, 4318882.793, 108
Trd, 4318883.693, 100
Trd, 4318884.293, 129
Trd, 4318885.193, 89
Trd, 4318885.443, 86
Trd, 4318886.143, 123
Trd, 4318886.693, 121
Trd, 4318887.093, 119
Trd, 4318887.893, 86
Trd, 4318889.593, 140
Trd, 4318889.943, 134
Trd, 4318890.143, 124
Trd, 4318891.393, 134
Trd, 4318891.993, 134
Trd, 4318892.193, 126
Trd, 4318893.243, 108
Trd, 4318893.343, 86
Trd, 4318893.693, 113
Trd, 4318895.243, 133
Trd, 4318896.993, 123
Trd, 4318897.543, 107
Trd, 4318898.143, 91
Trd, 4318898.743, 106
Trd, 4318898.943, 86
Trd, 4318899.643, 104
Trd, 4318899.943, 123
Trd, 4318900.493, 106
Trd, 4318900.943, 100
Trd, 4318902.443, 117
Trd, 4318902.593, 112
Trd, 4318903.393, 90
Trd, 4318903.993, 95
Trd, 4318905.593, 113
Trd, 4318905.993, 86
Trd, 4318906.643, 94
Trd, 4318908.243, 85
Trd, 4318908.393, 82
Trd, 4318908.443, 87
Trd, 4318908.743, 87
Trd, 4318909.143, 124
Trd, 4318909.693, 129
Trd, 4318911.443, 120
Trd, 4318911.993, 110
Trd, 4318912.043, 90
Trd, 4318912.793, 122
Trd, 4318913.643, 80
Trd, 4318914.293, 69
Trd, 4318915.543, 67
Trd, 4318915.743, 86
Trd, 4318915.893, 66
Trd, 4318916.343, 93
Trd, 4318916.493, 90
Trd, 4318917.043, 139
Trd, 4318918.093, 121
Trd, 4318918.293, 108
Trd, 4318919.893, 139
Trd, 4318920.293, 104
Trd, 4318920.843, 105
Trd, 4318921.543, 111
Trd, 4318922.193, 60
Trd, 4318923.443, 71
Trd, 4318923.543, 89
Trd, 4318924.443, 116
Trd, 4318924.593, 82
Trd, 4318925.893, 124
Trd, 4318926.793, 121
Trd, 4318927.193, 99
Trd, 4318927.893, 111
Trd, 4318929.793, 94
Trd, 4318929.843, 114
Trd, 4318930.493, 85
Trd, 4318930.743, 122
Trd, 4318932.093, 133
Trd, 4318932.693, 103
Trd, 4318932.893, 105
Trd, 4318933.693, 113
Trd, 4318934.093, 107
Trd, 4318935.093, 70
Trd, 4318935.643, 80
Trd, 4318936.493, 85
Trd, 4318937.243, 138
Trd, 4318938.843, 138
Trd, 4318939.743, 120
Trd, 4318940.243, 129
Trd, 4318940.993, 126
Trd, 4318941.043, 94
Trd, 4318941.493, 90
Trd, 4318942.393, 133
Trd, 4318943.243, 123
Trd, 4318943.793, 117
Trd, 4318945.043, 116
Trd, 4318945.343, 128
Trd, 4318945.893, 121
Trd, 4318947.193, 116
Trd, 4318948.643, 61
Trd, 4318948.993, 63
Trd, 4318949.593, 67
Trd, 4318949.893, 65
Trd, 4318950.093, 67
Trd, 4318950.243, 86
Trd, 4318950.443, 94
Trd, 4318952.643, 63
Trd, 4318953.243, 66
Trd, 4318954.593, 126
Trd, 4318954.993, 123
Trd, 4318955.693, 99
Trd, 4318955.843, 87
Trd, 4318957.193, 116
Trd, 4318957.443, 111
Trd, 4318957.943, 126
Trd, 4318958.343, 110
Trd, 4318959.843, 126
Trd, 4318960.093, 102
Trd, 4318960.643, 118
Trd, 4318960.993, 136
Trd, 4318961.243, 124
Trd, 4318961.343, 88
Trd, 4318961.893, 64
Trd, 4318962.143, 69
Trd, 4318963.343, 81
Trd, 4318963.893, 110
Trd, 4318964.793, 124
Trd, 4318965.743, 107
Trd, 4318967.443, 128
Trd, 4318968.043, 114
Trd, 4318968.093, 106
Trd, 4318968.393, 105
Trd, 4318968.743, 137
Trd, 4318968.993, 104
Trd, 4318970.493, 113
Trd, 4318970.693, 111
Trd, 4318971.193, 115
Trd, 4318972.393, 115
Trd, 4318973.043, 122
Trd, 4318973.493, 111
Trd, 4318974.493, 129
Trd, 4318974.943, 127
Trd, 4318975.043, 124
Trd, 4318975.243, 121
Trd, 4318976.093, 110
Trd, 4318976.243, 104
Trd, 4318976.643, 103
Trd, 4318977.593, 104
Trd, 4318977.793, 133
Trd, 4318977.993, 136
Trd, 4318978.893, 63
Trd, 4318980.693, 72
Trd, 4318982.743, 117
Trd, 4318983.293, 116
Trd, 4318983.743, 106
Trd, 4318984.443, 101
Trd, 4318985.093, 127
Trd, 4318985.643, 103
Trd, 4318985.893, 61
Trd, 4318986.743, 112
Trd, 4318988.243, 108
Trd, 4318988.893, 102
Trd, 4318989.043, 87
Trd, 4318989.543, 110
Trd, 4318990.093, 121
Trd, 4318990.543, 111
Trd, 4318991.393, 101
Trd, 4318991.643, 68
Trd, 4318992.643, 117
Trd, 4318992.893, 111
Trd, 4318992.943, 90
Trd, 4318993.893, 114
Trd, 4318995.043, 78
Trd, 4318995.593, 109
Trd, 4318995.893, 114
Trd, 4318997.093, 119
Trd, 4318998.043, 92
Trd, 4318998.743, 125
Trd, 4318999.043, 127
Trd, 4318999.943, 120
Trd, 4319000.543, 100
Trd, 4319001.093, 130
Trd, 4319001.943, 111
Trd, 4319002.443, 81
Trd, 4319003.393, 109
Trd, 4319005.043, 121
Trd, 4319005.393, 104
Trd, 4319005.893, 111
Trd, 4319006.043, 103
Trd, 4319007.143, 69
Trd, 4319007.743, 77
Trd, 4319008.143, 106
Trd, 4319008.643, 70
Trd, 4319011.143, 111
Trd, 4319011.243, 96
Trd, 4319012.043, 132
Trd, 4319013.243, 114
Trd, 4319013.793, 107
Trd, 4319014.093, 80
Trd, 4319014.693, 111
Trd, 4319015.293, 73
Trd, 4319015.743, 87
Trd, 4319016.643, 80
Trd, 4319017.143, 89
Trd, 4319017.543, 98
Trd, 4319018.493, 130
Trd, 4319019.793, 109
Trd, 4319019.893, 93
Trd, 4319020.693, 122
Trd, 4319021.193, 74
Trd, 4319021.443, 75
Trd, 4319021.893, 96
Trd, 4319023.893, 82
Trd, 4319024.293, 87
Trd, 4319024.643, 90
Trd, 4319024.793, 60
Trd, 4319025.743, 84
Trd, 4319026.593, 82
Trd, 4319027.143, 64
Trd, 4319028.343, 122
Trd, 4319028.743, 118
Trd, 4319029.943, 113
Trd, 4319030.793, 115
Trd, 4319030.843, 106
Trd, 4319031.993, 83
Trd, 4319032.043, 83
Trd, 4319033.143, 129
Trd, 4319033.343, 122
Trd, 4319033.693, 104
Trd, 4319034.093, 98
Trd, 4319035.393, 100
Trd, 4319036.343, 108
Trd, 4319037.543, 112
Trd, 4319038.243, 120
Trd, 4319039.143, 121
Trd, 4319039.193, 115
Trd, 4319039.893, 127
Trd, 4319040.243, 100
Trd, 4319040.343, 89
Trd, 4319040.443, 86
Trd, 4319041.293, 98
Trd, 4319042.593, 101
Trd, 4319042.843, 83
Trd, 4319045.293, 119
Trd, 4319045.443, 86
Trd, 4319045.893, 85
Trd, 4319046.943, 79
Trd, 4319047.143, 72
Trd, 4319047.543, 111
Trd, 4319047.843, 87
Trd, 4319048.293, 137
Trd, 4319050.093, 75
Trd, 4319050.343, 97
Trd, 4319051.443, 64
Trd, 4319052.743, 108
Trd, 4319052.943, 100
Trd, 4319053.593, 107
Trd, 4319054.343, 95
Trd, 4319054.993, 123
Trd, 4319055.093, 122
Trd, 4319056.393, 67
Trd, 4319056.793, 123
Trd, 4319057.693, 135
Trd, 4319058.193, 132
Trd, 4319058.543, 126
Trd, 4319059.293, 111
Trd, 4319059.993, 120
Trd, 4319060.193, 115
Trd, 4319060.343, 76
Trd, 4319060.693, 78
Trd, 4319061.743, 95
Trd, 4319063.393, 121
Trd, 4319063.443, 110
Trd, 4319064.093, 107
Trd, 4319064.343, 103
Trd, 4319064.893, 116
Trd, 4319065.243, 101
Trd, 4319066.643, 100
Trd, 4319066.993, 79
Trd, 4319067.843, 67
Trd, 4319067.943, 63
Trd, 4319068.493, 66
Trd, 4319070.293, 61
Trd, 4319070.793, 94
Trd, 4319071.393, 85
Trd, 4319071.793, 95
Trd, 4319072.343, 71
Trd, 4319073.393, 81
Trd, 4319074.193, 64
Trd, 4319074.993, 68
Trd, 4319075.443, 89
Trd, 4319075.693, 96
Trd, 4319076.193, 124
Trd, 4319077.543, 65
Trd, 4319077.643, 100
Trd, 4319079.093, 102
Trd, 4319080.143, 109
Trd, 4319080.993, 125
Trd, 4319081.443, 93
Trd, 4319081.793, 126
Trd, 4319082.343, 89
Trd, 4319082.393, 85
Trd, 4319082.493, 78
Trd, 4319084.643, 127
Trd, 4319086.393, 130
Trd, 4319086.543, 120
Trd, 4319086.743, 94
Trd, 4319087.243, 130
Trd, 4319087.543, 118
Trd, 4319088.443, 80
Trd, 4319088.993, 108
Trd, 4319089.943, 96
Trd, 4319090.143, 107
Trd, 4319090.293, 111
Trd, 4319090.893, 95
Trd, 4319091.843, 133
Trd, 4319092.343, 117
Trd, 4319092.693, 117
Trd, 4319093.193, 99
Trd, 4319093.843, 114
Trd, 4319095.193, 130
Trd, 4319095.493, 119
Trd, 4319096.343, 134
Trd, 4319096.493, 106
Trd, 4319097.293, 94
Trd, 4319098.193, 137
Trd, 4319098.343, 71
Trd, 4319100.693, 123
Trd, 4319101.743, 117
Trd, 4319101.843, 113
Trd, 4319102.093, 104
Trd, 4319102.243, 101
Trd, 4319102.843, 104
Trd, 4319103.093, 116
Trd, 4319104.343, 119
Trd, 4319104.643, 117
Trd, 4319104.743, 116
Trd, 4319106.043, 123
Trd, 4319106.493, 103
Trd, 4319107.393, 95
Trd, 4319108.093, 110
Trd, 4319109.293, 82
Trd, 4319110.843, 135
Trd, 4319111.343, 117
Trd, 4319111.743, 106
Trd, 4319112.143, 122
Trd, 4319113.743, 122
Trd, 4319114.043, 114
Trd, 4319114.993, 119
Trd, 4319115.193, 120
Trd, 4319115.593, 105
Trd, 4319116.193, 100
Trd, 4319116.593, 73
Trd, 4319117.393, 86
Trd, 4319118.893, 122
Trd, 4319119.993, 74
Trd, 4319120.643, 62
Trd, 4319120.993, 93
Trd, 4319121.343, 91
Trd, 4319121.593, 105
Trd, 4319122.193, 85
Trd, 4319123.493, 101
Trd, 4319124.393, 99
Trd, 4319125.743, 96
Trd, 4319126.443, 98
Trd, 4319126.993, 85
Trd, 4319127.293, 99
Trd, 4319127.743, 77
Trd, 4319128.543, 80
Trd, 4319129.543, 67
Trd, 4319131.243, 60
Trd, 4319131.493, 81
Trd, 4319132.693, 122
Trd, 4319133.393, 129
Trd, 4319133.593, 116
Trd, 4319134.243, 93
Trd, 4319134.343, 82
Trd, 4319135.493, 132
Trd, 4319135.943, 139
Trd, 4319136.193, 78
Trd, 4319137.143, 111
Trd, 4319137.593, 127
Trd, 4319137.793, 81
Trd, 4319138.793, 94
Trd, 4319140.243, 133
Trd, 4319140.693, 94
Trd, 4319141.043, 70
Trd, 4319143.093, 129
Trd, 4319143.343, 125
Trd, 4319143.993, 99
Trd, 4319144.193, 71
Trd, 4319144.343, 79
Trd, 4319145.393, 90
Trd, 4319145.843, 87
Trd, 4319146.593, 110
Trd, 4319147.343, 67
Trd, 4319148.693, 75
Trd, 4319149.093, 98
Trd, 4319149.543, 138
Trd, 4319149.793, 135
Trd, 4319150.693, 119
Trd, 4319151.043, 112
Trd, 4319151.593, 75
Trd, 4319153.443, 106
Trd, 4319153.743, 86
Trd, 4319153.843, 91
Trd, 4319153.893, 84
Trd, 4319155.343, 107
Trd, 4319156.543, 100
Trd, 4319157.493, 127
Trd, 4319157.993, 120
Trd, 4319158.093, 113
Trd, 4319158.293, 93
Trd, 4319158.343, 98
Trd, 4319158.993, 71
Trd, 4319160.493, 66
Trd, 4319161.293, 62
Trd, 4319161.443, 64
Trd, 4319161.843, 66
Trd, 4319162.393, 138
Trd, 4319162.943, 90
Trd, 4319163.843, 122
Trd, 4319164.893, 125
Trd, 4319165.343, 133
Trd, 4319165.443, 115
Trd, 4319165.543, 88
Trd, 4319166.893, 100
Trd, 4319167.593, 70
Trd, 4319167.893, 81
Trd, 4319168.793, 99
Trd, 4319169.293, 132
Trd, 4319169.393, 101
Trd, 4319170.043, 101
Trd, 4319170.893, 68
Trd, 4319171.443, 140
Trd, 4319173.243, 100
Trd, 4319173.393, 116
Trd, 4319174.493, 132
Trd, 4319175.343, 84
Trd, 4319176.143, 116
Trd, 4319176.243, 115
Trd, 4319176.293, 105
Trd, 4319176.593, 92
Trd, 4319177.993, 84
Trd, 4319178.293, 133
Trd, 4319178.393, 131
Trd, 4319179.343, 113
Trd, 4319179.893, 81
Trd, 4319180.843, 83
Trd, 4319181.493, 132
Trd, 4319181.893, 113
Trd, 4319182.943, 89
Trd, 4319183.743, 110
Trd, 4319184.693, 120
Trd, 4319185.493, 125
Trd, 4319185.543, 114
Trd, 4319186.493, 113
Trd, 4319186.993, 101
Trd, 4319187.193, 130
Trd, 4319187.643, 104
Trd, 4319189.043, 94
Trd, 4319189.993, 112
Trd, 4319190.493, 99
Trd, 4319190.593, 117
Trd, 4319191.593, 125
Trd, 4319191.643, 120
Trd, 4319192.043, 72
Trd, 4319193.693, 115
Trd, 4319194.593, 101
Trd, 4319194.643, 92
Trd, 4319195.093, 71
Trd, 4319196.093, 134
Trd, 4319196.543, 126
Trd, 4319196.693, 101
Trd, 4319197.843, 77
Trd, 4319198.243, 112
Trd, 4319198.593, 123
Trd, 4319199.043, 108
Trd, 4319199.743, 135
Trd, 4319200.393, 109
Trd, 4319200.743, 89
Trd, 4319202.393, 96
Trd, 4319203.193, 86
Trd, 4319203.443, 102
Trd, 4319204.243, 122
Trd, 4319204.643, 130
Trd, 4319205.293, 131
Trd, 4319205.493, 123
Trd, 4319205.743, 79
Trd, 4319206.493, 96
Trd, 4319207.243, 108
Trd, 4319207.493, 84
Trd, 4319208.993, 68
Trd, 4319209.593, 99
Trd, 4319211.743, 125
Trd, 4319211.993, 121
Trd, 4319212.043, 119
Trd, 4319212.943, 96
Trd, 4319213.093, 90
Trd, 4319214.993, 84
Trd, 4319215.193, 79
Trd, 4319215.843, 115
Trd, 4319216.093, 104
Trd, 4319216.693, 92
Trd, 4319217.443, 107
Trd, 4319217.643, 87
Trd, 4319218.293, 104
Trd, 4319218.443, 121
Trd, 4319220.043, 90
Trd, 4319220.943, 114
Trd, 4319221.443, 90
Trd, 4319222.093, 71
Trd, 4319222.493, 84
Trd, 4319223.743, 132
Trd, 4319224.143, 100
Trd, 4319224.393, 90
Trd, 4319225.093, 100
Trd, 4319225.793, 92
Trd, 4319227.493, 109
Trd, 4319228.593, 84
Trd, 4319228.793, 113
Trd, 4319229.943, 123
Trd, 4319230.493, 122
Trd, 4319230.543, 128
Trd, 4319232.043, 124
Trd, 4319232.543, 113
Trd, 4319233.943, 133
Trd, 4319233.993, 112
Trd, 4319235.393, 118
Trd, 4319235.593, 97
Trd, 4319235.693, 85
Trd, 4319236.493, 133
Trd, 4319238.493, 127
Trd, 4319238.943, 127
Trd, 4319240.193, 118
Trd, 4319240.343, 120
Trd, 4319240.443, 111
Trd, 4319241.043, 97
Trd, 4319241.243, 105
Trd, 4319241.343, 92
Trd, 4319242.143, 116
Trd, 4319242.543, 112
Trd, 4319243.343, 65
Trd, 4319244.393, 84
Trd, 4319245.093, 121
Trd, 4319245.193, 110
Trd, 4319245.743, 95
Trd, 4319246.293, 119
Trd, 4319247.493, 121
Trd, 4319247.743, 103
Trd, 4319247.993, 74
Trd, 4319248.343, 85
Trd, 4319249.493, 101
Trd, 4319250.843, 88
Trd, 4319250.943, 61
Trd, 4319251.593, 76
Trd, 4319251.843, 131
Trd, 4319252.243, 129
Trd, 4319252.793, 100
Trd, 4319253.743, 85
Trd, 4319253.943, 100
Trd, 4319254.993, 122
Trd, 4319255.343, 133
Trd, 4319255.943, 128
Trd, 4319257.493, 106
Trd, 4319257.843, 85
Trd, 4319258.843, 64
Trd, 4319258.943, 71
Trd, 4319259.493, 70
Trd, 4319259.743, 71
Trd, 4319261.093, 86
Trd, 4319261.543, 120
Trd, 4319261.693, 95
Trd, 4319262.443, 119
Trd, 4319263.043, 103
Trd, 4319263.743, 83
Trd, 4319264.393, 88
Trd, 4319264.843, 96
Trd, 4319265.493, 137
Trd, 4319265.943, 122
Trd, 4319266.443, 108
Trd, 4319267.043, 97
Trd, 4319268.343, 131
Trd, 4319268.943, 107
Trd, 4319269.193, 85
Trd, 4319269.493, 130
Trd, 4319269.693, 123
Trd, 4319270.993, 108
Trd, 4319272.793, 102
Trd, 4319273.093, 117
Trd, 4319274.093, 129
Trd, 4319274.293, 94
Trd, 4319275.093, 138
Trd, 4319275.693, 111
Trd, 4319275.993, 110
Trd, 4319276.043, 106
Trd, 4319279.443, 124
Trd, 4319279.793, 110
Trd, 4319280.043, 123
Trd, 4319280.443, 119
Trd, 4319280.743, 112
Trd, 4319281.993, 109
Trd, 4319282.143, 102
Trd, 4319283.893, 131
Trd, 4319284.643, 105
Trd, 4319284.693, 92
Trd, 4319284.993, 121
Trd, 4319286.043, 137
Trd, 4319286.243, 97
Trd, 4319286.893, 88
Trd, 4319287.693, 114
Trd, 4319287.793, 119
Trd, 4319288.793, 95
Trd, 4319289.043, 82
Trd, 4319291.743, 124
Trd, 4319292.043, 121
Trd, 4319292.893, 124
Trd, 4319293.343, 109
Trd, 4319293.993, 113
Trd, 4319294.043, 109
Trd, 4319294.143, 85
Trd, 4319295.843, 74
Trd, 4319296.243, 84
Trd, 4319297.243, 80
Trd, 4319298.293, 71
Trd, 4319298.493, 67
Trd, 4319299.593, 90
Trd, 4319299.793, 121
Trd, 4319300.493, 111
Trd, 4319301.943, 108
Trd, 4319302.093, 101
Trd, 4319303.043, 106
Trd, 4319303.193, 103
Trd, 4319303.893, 108
Trd, 4319304.143, 88
Trd, 4319304.793, 133
Trd, 4319305.793, 89
Trd, 4319306.043, 70
Trd, 4319306.943, 122
Trd, 4319307.393, 136
Trd, 4319308.343, 91
Trd, 4319308.393, 79
Trd, 4319309.343, 108
Trd, 4319309.493, 71
Trd, 4319310.743, 138
Trd, 4319311.093, 130
Trd, 4319311.793, 129
Trd, 4319312.543, 100
Trd, 4319312.693, 74
Trd, 4319313.293, 103
Trd, 4319313.643, 124
Trd, 4319314.743, 75
Trd, 4319315.593, 122
Trd, 4319316.043, 104
Trd, 4319316.593, 74
Trd, 4319318.193, 108
Trd, 4319319.093, 87
Trd, 4319319.243, 125
Trd, 4319319.393, 77
Trd, 4319319.493, 70
Trd, 4319320.743, 114
Trd, 4319321.393, 122
Trd, 4319322.193, 136
Trd, 4319322.343, 115
Trd, 4319323.143, 114
Trd, 4319323.343, 96
Trd, 4319324.193, 73
Trd, 4319324.293, 88
Trd, 4319324.743, 138
Trd, 4319326.343, 130
Trd, 4319326.493, 122
Trd, 4319326.643, 83
Trd, 4319327.493, 87
Trd, 4319329.293, 122
Trd, 4319329.543, 115
Trd, 4319329.643, 113
Trd, 4319331.593, 71
Trd, 4319333.293, 61
Trd, 4319333.493, 108
Trd, 4319334.593, 137
Trd, 4319334.743, 123
Trd, 4319334.943, 115
Trd, 4319335.743, 119
Trd, 4319335.943, 113
Trd, 4319337.993, 136
Trd, 4319338.793, 110
Trd, 4319339.793, 134
Trd, 4319340.993, 107
Trd, 4319341.943, 129
Trd, 4319342.543, 123
Trd, 4319342.693, 118
Trd, 4319343.843, 130
Trd, 4319345.543, 134
Trd, 4319345.743, 116
Trd, 4319345.993, 136
Trd, 4319346.943, 136
Trd, 4319347.843, 113
Trd, 4319349.443, 102
Trd, 4319349.593, 104
Trd, 4319350.543, 70
Trd, 4319350.593, 67
Trd, 4319351.393, 88
Trd, 4319352.193, 71
Trd, 4319354.093, 125
Trd, 4319354.193, 104
Trd, 4319354.293, 90
Trd, 4319355.343, 109
Trd, 4319355.743, 110
Trd, 4319356.843, 101
Trd, 4319357.893, 126
Trd, 4319358.943, 65
Trd, 4319359.043, 87
Trd, 4319359.643, 112
Trd, 4319360.093, 64
Trd, 4319360.693, 107
Trd, 4319361.393, 101
Trd, 4319361.643, 114
Trd, 4319362.643, 117
Trd, 4319363.293, 95
Trd, 4319363.393, 94
Trd, 4319363.743, 90
Trd, 4319365.293, 86
Trd, 4319365.943, 131
Trd, 4319366.143, 123
Trd, 4319367.043, 113
Trd, 4319367.493, 73
Trd, 4319367.843, 119
Trd, 4319368.393, 88
Trd, 4319369.443, 125
Trd, 4319369.843, 118
Trd, 4319370.143, 109
Trd, 4319370.893, 125
Trd, 4319372.343, 127
Trd, 4319372.593, 105
Trd, 4319373.343, 104
Trd, 4319373.743, 111
Trd, 4319373.793, 106
Trd, 4319374.343, 132
Trd, 4319375.693, 86
Trd, 4319375.943, 74
Trd, 4319377.843, 134
Trd, 4319379.143, 127
Trd, 4319380.093, 116
Trd, 4319380.343, 89
Trd, 4319380.643, 124
Trd, 4319381.993, 127
Trd, 4319382.143, 120
Trd, 4319382.893, 123
Trd, 4319383.443, 109
Trd, 4319384.593, 115
Trd, 4319386.043, 133
Trd, 4319387.143, 120
Trd, 4319387.343, 113
Trd, 4319388.293, 89
Trd, 4319388.443, 112
Trd, 4319388.843, 81
Trd, 4319390.393, 97
Trd, 4319390.843, 101
Trd, 4319391.593, 121
Trd, 4319393.043, 77
Trd, 4319393.093, 119
Trd, 4319393.393, 78
Trd, 4319393.543, 117
Trd, 4319393.843, 104
Trd, 4319396.493, 128
Trd, 4319396.793, 70
Trd, 4319397.443, 93
Trd, 4319397.793, 119
Trd, 4319398.443, 66
Trd, 4319398.843, 69
Trd, 4319399.093, 69
Trd, 4319399.243, 90
Trd, 4319399.293, 135
Trd, 4319400.093, 90
Trd, 4319400.793, 61
Trd, 4319402.543, 123
Trd, 4319404.043, 89
Trd, 4319404.093, 85
Trd, 4319404.293, 96
Trd, 4319404.493, 109
Trd, 4319405.043, 90
Trd, 4319405.143, 80
Trd, 4319406.893, 85
Trd, 4319407.293, 96
Trd, 4319407.743, 92
Trd, 4319408.643, 94
Trd, 4319409.343, 109
Trd, 4319409.493, 90
Trd, 4319410.493, 99
Trd, 4319410.693, 112
Trd, 4319411.293, 104
Trd, 4319411.543, 134
Trd, 4319412.193, 93
Trd, 4319413.693, 85
Trd, 4319414.643, 94
Trd, 4319415.443, 105
Trd, 4319415.843, 73
Trd, 4319416.393, 76
Trd, 4319417.743, 120
Trd, 4319418.343, 107
Trd, 4319419.093, 80
Trd, 4319419.143, 76
Trd, 4319420.143, 100
Trd, 4319420.293, 96
Trd, 4319420.743, 103
Trd, 4319421.143, 98
Trd, 4319422.493, 122
Trd, 4319423.193, 105
Trd, 4319423.443, 123
Trd, 4319423.643, 95
Trd, 4319426.143, 128
Trd, 4319426.443, 84
Trd, 4319426.593, 74
Trd, 4319428.143, 68
Trd, 4319428.243, 92
Trd, 4319428.893, 72
Trd, 4319428.943, 118
Trd, 4319429.993, 65
Trd, 4319432.243, 134
Trd, 4319432.393, 130
Trd, 4319433.693, 136
Trd, 4319433.743, 128
Trd, 4319434.093, 100
Trd, 4319434.443, 81
Trd, 4319435.243, 87
Trd, 4319435.643, 79
Trd, 4319435.943, 82
Trd, 4319438.643, 87
Trd, 4319438.843, 84
Trd, 4319438.943, 72
Trd, 4319439.143, 104
Trd, 4319439.843, 87
Trd, 4319439.993, 87
Trd, 4319440.643, 121
Trd, 4319442.693, 139
Trd, 4319442.793, 137
Trd, 4319443.943, 131
Trd, 4319444.643, 116
Trd, 4319445.293, 120
Trd, 4319446.343, 116
Trd, 4319447.043, 71
Trd, 4319447.393, 83
Trd, 4319448.093, 87
Trd, 4319449.243, 133
Trd, 4319449.743, 136
Trd, 4319450.493, 140
Trd, 4319450.693, 137
Trd, 4319451.193, 136
Trd, 4319452.293, 112
Trd, 4319453.043, 99
Trd, 4319453.493, 101
Trd, 4319453.693, 62
Trd, 4319454.843, 101
Trd, 4319455.743, 80
Trd, 4319456.243, 79
Trd, 4319457.843, 133
Trd, 4319458.043, 77
Trd, 4319458.493, 90
Trd, 4319458.743, 71
Trd, 4319459.743, 116
Trd, 4319460.693, 89
Trd, 4319461.043, 110
Trd, 4319462.743, 77
Trd, 4319463.093, 111
Trd, 4319464.293, 139
Trd, 4319464.393, 111
Trd, 4319465.193, 118
Trd, 4319465.543, 117
Trd, 4319465.743, 112
Trd, 4319466.093, 120
Trd, 4319466.643, 69
Trd, 4319467.393, 71
Trd, 4319467.693, 73
Trd, 4319468.943, 129
Trd, 4319470.793, 85
Trd, 4319471.243, 117
Trd, 4319471.693, 93
Trd, 4319473.193, 138
Trd, 4319473.943, 122
Trd, 4319474.343, 115
Trd, 4319474.443, 112
Trd, 4319474.593, 109
Trd, 4319475.343, 88
Trd, 4319476.293, 118
Trd, 4319476.543, 114
Trd, 4319476.743, 69
Trd, 4319477.193, 100
Trd, 4319478.143, 111
Trd, 4319480.093, 129
Trd, 4319480.143, 99
Trd, 4319480.443, 89
Trd, 4319480.793, 86
Trd, 4319481.343, 85
Trd, 4319481.493, 73
Trd, 4319482.493, 71
Trd, 4319482.743, 105
Trd, 4319484.343, 126
Trd, 4319484.443, 122
Trd, 4319484.693, 108
Trd, 4319484.993, 65
Trd, 4319485.643, 124
Trd, 4319486.393, 77
Trd, 4319487.093, 93
Trd, 4319487.343, 97
Trd, 4319488.043, 87
Trd, 4319488.393, 119
Trd, 4319489.093, 126
Trd, 4319490.093, 112
Trd, 4319490.243, 110
Trd, 4319492.043, 121
Trd, 4319493.443, 123
Trd, 4319494.143, 128
Trd, 4319494.693, 137
Trd, 4319494.793, 134
Trd, 4319495.193, 116
Trd, 4319495.243, 107
Trd, 4319495.443, 97
Trd, 4319496.743, 86
Trd, 4319497.693, 76
Trd, 4319498.543, 80
Trd, 4319499.093, 66
Trd, 4319499.643, 64
Trd, 4319499.843, 66
Trd, 4319500.343, 67
Trd, 4319502.093, 113
Trd, 4319503.243, 71
Trd, 4319503.543, 67
Trd, 4319504.143, 98
Trd, 4319504.543, 98
Trd, 4319505.193, 112
Trd, 4319505.593, 128
Trd, 4319505.943, 95
Trd, 4319506.193, 86
Trd, 4319506.543, 76
Trd, 4319506.793, 100
Trd, 4319507.293, 81
Trd, 4319508.493, 133
Trd, 4319508.693, 89
Trd, 4319510.293, 111
Trd, 4319511.643, 99
Trd, 4319512.043, 116
Trd, 4319512.193, 91
Trd, 4319512.943, 122
Trd, 4319513.293, 87
Trd, 4319513.793, 71
Trd, 4319514.243, 92
Trd, 4319514.643, 68
Trd, 4319514.893, 85
Trd, 4319515.493, 76
Trd, 4319516.443, 86
Trd, 4319517.793, 62
Trd, 4319517.943, 62
Trd, 4319518.143, 71
Trd, 4319518.943, 89
Trd, 4319519.393, 66
Trd, 4319519.843, 77
Trd, 4319521.893, 124
Trd, 4319522.343, 106
Trd, 4319522.893, 75
Trd, 4319523.043, 125
Trd, 4319523.493, 123
Trd, 4319524.193, 126
Trd, 4319524.543, 113
Trd, 4319525.143, 102
Trd, 4319526.093, 93
Trd, 4319526.743, 136
Trd, 4319527.743, 121
Trd, 4319528.193, 107
Trd, 4319528.893, 109
Trd, 4319529.843, 130
Trd, 4319530.243, 128
Trd, 4319530.743, 123
Trd, 4319530.793, 116
Trd, 4319530.943, 93
Trd, 4319532.243, 118
Trd, 4319532.643, 117
Trd, 4319533.693, 139
Trd, 4319533.843, 126
Trd, 4319534.743, 105
Trd, 4319534.893, 99
Trd, 4319535.393, 93
Trd, 4319536.443, 106
Trd, 4319536.943, 86
Trd, 4319537.043, 90
Trd, 4319537.743, 136
Trd, 4319537.943, 131
Trd, 4319538.793, 89
Trd, 4319539.593, 135
Trd, 4319539.893, 114
Trd, 4319540.943, 104
Trd, 4319541.643, 116
Trd, 4319542.743, 110
Trd, 4319543.243, 130
Trd, 4319543.443, 100
Trd, 4319544.243, 89
Trd, 4319544.643, 99
Trd, 4319546.093, 118
Trd, 4319546.493, 101
Trd, 4319547.493, 104
Trd, 4319547.743, 133
Trd, 4319548.993, 131
Trd, 4319549.393, 116
Trd, 4319550.043, 102
Trd, 4319550.743, 109
Trd, 4319550.943, 101
Trd, 4319551.093, 89
Trd, 4319551.793, 85
Trd, 4319552.243, 103
Trd, 4319554.043, 75
Trd, 4319555.043, 79
Trd, 4319555.593, 84
Trd, 4319555.743, 130
Trd, 4319556.143, 79
Trd, 4319556.593, 118
Trd, 4319557.243, 126
Trd, 4319557.793, 138
Trd, 4319558.443, 109
Trd, 4319559.293, 99
Trd, 4319560.043, 106
Trd, 4319560.193, 87
Trd, 4319560.643, 130
Trd, 4319562.493, 122
Trd, 4319563.093, 119
Trd, 4319564.243, 127
Trd, 4319564.693, 108
Trd, 4319564.993, 110
Trd, 4319565.543, 96
Trd, 4319566.293, 95
Trd, 4319566.993, 74
Trd, 4319567.243, 83
Trd, 4319568.493, 80
Trd, 4319568.693, 79
Trd, 4319568.993, 70
Trd, 4319569.793, 113
Trd, 4319569.943, 63
Trd, 4319570.643, 104
Trd, 4319572.393, 118
Trd, 4319573.493, 129
Trd, 4319575.493, 119
Trd, 4319575.943, 104
Trd, 4319575.993, 97
Trd, 4319576.543, 98
Trd, 4319576.593, 111
Trd, 4319576.993, 96
Trd, 4319577.793, 92
Trd, 4319578.843, 82
Trd, 4319578.943, 71
Trd, 4319579.443, 136
Trd, 4319579.743, 127
Trd, 4319580.293, 120
Trd, 4319581.593, 138
Trd, 4319582.343, 120
Trd, 4319582.693, 121
Trd, 4319583.993, 94
Trd, 4319584.643, 86
Trd, 4319585.343, 128
Trd, 4319585.643, 87
Trd, 4319585.993, 113
Trd, 4319586.743, 79
Trd, 4319587.243, 120
Trd, 4319587.893, 118
Trd, 4319588.343, 110
Trd, 4319589.043, 111
Trd, 4319590.193, 104
Trd, 4319590.343, 94
Trd, 4319591.743, 117
Trd, 4319592.293, 129
Trd, 4319592.793, 101
Trd, 4319593.043, 104
Trd, 4319594.543, 124
Trd, 4319594.943, 135
Trd, 4319595.943, 138
Trd, 4319596.543, 121
Trd, 4319597.043, 97
Trd, 4319598.393, 97
Trd, 4319599.043, 114
Trd, 4319599.793, 104
Trd, 4319600.043, 103
Trd, 4319601.993, 76
Trd, 4319602.343, 81
Trd, 4319602.493, 83
Trd, 4319603.093, 102
Trd, 4319603.793, 100
Trd, 4319604.843, 133
Trd, 4319605.493, 139
Trd, 4319605.593, 110
Trd, 4319606.343, 118
Trd, 4319607.143, 132
Trd, 4319608.043, 108
Trd, 4319608.093, 92
Trd, 4319608.493, 125
Trd, 4319608.893, 109
Trd, 4319608.943, 103
Trd, 4319610.293, 114
Trd, 4319610.693, 77
Trd, 4319610.743, 99
Trd, 4319610.793, 75
Trd, 4319611.343, 93
Trd, 4319611.543, 86
Trd, 4319612.243, 61
Trd, 4319613.693, 107
Trd, 4319615.343, 121
Trd, 4319616.143, 130
Trd, 4319616.343, 88
Trd, 4319616.993, 109
Trd, 4319617.343, 73
Trd, 4319618.743, 80
Trd, 4319619.393, 75
Trd, 4319619.593, 74
Trd, 4319620.093, 104
Trd, 4319620.843, 60
Trd, 4319621.643, 91
Trd, 4319621.993, 99
Trd, 4319623.293, 90
Trd, 4319623.693, 85
Trd, 4319624.293, 89
Trd, 4319624.593, 119
Trd, 4319625.243, 101
Trd, 4319625.743, 118
Trd, 4319627.043, 69
Trd, 4319627.793, 95
Trd, 4319628.393, 99
Trd, 4319628.843, 88
Trd, 4319629.093, 107
Trd, 4319630.643, 66
Trd, 4319630.993, 64
Trd, 4319632.443, 111
Trd, 4319633.243, 94
Trd, 4319633.493, 124
Trd, 4319634.093, 93
Trd, 4319634.443, 109
Trd, 4319635.293, 111
Trd, 4319636.393, 80
Trd, 4319637.293, 71
Trd, 4319637.693, 78
Trd, 4319638.393, 86
Trd, 4319638.543, 76
Trd, 4319638.593, 130
Trd, 4319639.293, 132
Trd, 4319639.443, 127
Trd, 4319641.643, 70
Trd, 4319642.343, 108
Trd, 4319642.743, 110
Trd, 4319642.943, 105
Trd, 4319643.243, 106
Trd, 4319644.443, 93
Trd, 4319645.493, 140
Trd, 4319646.093, 113
Trd, 4319646.293, 112
Trd, 4319647.143, 109
Trd, 4319648.043, 121
Trd, 4319648.343, 109
Trd, 4319648.443, 99
Trd, 4319650.193, 116
Trd, 4319650.793, 88
Trd, 4319651.543, 101
Trd, 4319651.693, 105
Trd, 4319652.493, 104
Trd, 4319652.943, 88
Trd, 4319653.293, 102
Trd, 4319655.643, 139
Trd, 4319656.543, 139
Trd, 4319656.593, 136
Trd, 4319656.843, 128
Trd, 4319657.343, 134
Trd, 4319658.443, 108
Trd, 4319658.593, 139
Trd, 4319658.993, 119
Trd, 4319660.143, 117
Trd, 4319661.043, 114
Trd, 4319662.493, 130
Trd, 4319663.193, 80
Trd, 4319663.693, 122
Trd, 4319664.343, 105
Trd, 4319665.143, 120
Trd, 4319665.693, 86
Trd, 4319667.143, 70
Trd, 4319667.443, 88
Trd, 4319667.693, 116
Trd, 4319668.793, 72
Trd, 4319668.843, 75
Trd, 4319668.993, 90
Trd, 4319670.543, 94
Trd, 4319670.793, 85
Trd, 4319672.293, 112
Trd, 4319673.443, 77
Trd, 4319673.993, 76
Trd, 4319674.143, 79
Trd, 4319674.693, 88
Trd, 4319674.843, 81
Trd, 4319675.043, 94
Trd, 4319675.893, 120
Trd, 4319676.543, 127
Trd, 4319676.693, 129
Trd, 4319677.043, 134
Trd, 4319677.093, 125
Trd, 4319677.943, 136
Trd, 4319678.143, 107
Trd, 4319678.693, 125
Trd, 4319681.443, 92
Trd, 4319681.593, 94
Trd, 4319682.143, 69
Trd, 4319682.693, 62
Trd, 4319683.843, 70
Trd, 4319684.093, 60
Trd, 4319684.193, 88
Trd, 4319685.243, 104
Trd, 4319685.443, 106
Trd, 4319687.093, 136
Trd, 4319688.593, 139
Trd, 4319688.943, 101
Trd, 4319689.393, 99
Trd, 4319689.793, 86
Trd, 4319690.093, 111
Trd, 4319692.143, 133
Trd, 4319693.293, 116
Trd, 4319693.693, 110
Trd, 4319694.143, 87
Trd, 4319694.393, 117
Trd, 4319694.543, 74
Trd, 4319695.443, 103
Trd, 4319696.143, 137
Trd, 4319697.143, 129
Trd, 4319697.743, 129
Trd, 4319698.343, 138
Trd, 4319698.493, 88
Trd, 4319699.043, 137
Trd, 4319699.643, 101
Trd, 4319699.893, 70
Trd, 4319700.893, 136
Trd, 4319701.093, 123
Trd, 4319702.043, 132
Trd, 4319702.793, 134
Trd, 4319703.393, 131
Trd, 4319703.743, 115
Trd, 4319704.393, 90
Trd, 4319705.493, 115
Trd, 4319705.843, 123
Trd, 4319706.643, 80
Trd, 4319706.793, 100
Trd, 4319707.293, 76
Trd, 4319707.593, 66
Trd, 4319708.943, 67
Trd, 4319709.393, 77
Trd, 4319709.493, 116
Trd, 4319709.943, 71
Trd, 4319710.243, 113
Trd, 4319712.143, 69
Trd, 4319712.343, 84
Trd, 4319713.243, 68
Trd, 4319713.843, 67
Trd, 4319714.143, 95
Trd, 4319714.493, 93
Trd, 4319714.993, 104
Trd, 4319715.143, 83
Trd, 4319715.693, 67
Trd, 4319716.793, 88
Trd, 4319717.493, 77
Trd, 4319718.343, 98
Trd, 4319719.893, 69
Trd, 4319720.193, 83
Trd, 4319720.493, 92
Trd, 4319720.643, 67
Trd, 4319721.793, 103
Trd, 4319722.043, 101
Trd, 4319723.593, 119
Trd, 4319724.343, 106
Trd, 4319724.593, 104
Trd, 4319725.393, 88
Trd, 4319726.793, 103
Trd, 4319727.743, 106
Trd, 4319727.893, 121
Trd, 4319728.543, 116
Trd, 4319728.793, 107
Trd, 4319730.543, 91
Trd, 4319731.093, 97
Trd, 4319731.193, 84
Trd, 4319731.993, 89
Trd, 4319732.093, 62
Trd, 4319733.193, 125
Trd, 4319733.793, 100
Trd, 4319734.693, 82
Trd, 4319735.493, 98
Trd, 4319736.293, 100
Trd, 4319736.593, 84
Trd, 4319737.293, 136
Trd, 4319737.993, 113
Trd, 4319738.543, 127
Trd, 4319738.743, 123
Trd, 4319739.043, 109
Trd, 4319739.943, 87
Trd, 4319740.343, 123
Trd, 4319741.243, 126
Trd, 4319741.693, 85
Trd, 4319742.343, 78
Trd, 4319742.943, 97
Trd, 4319743.493, 89
Trd, 4319743.993, 119
Trd, 4319745.443, 82
Trd, 4319745.843, 97
Trd, 4319745.943, 128
Trd, 4319745.993, 81
Trd, 4319746.743, 76
Trd, 4319747.243, 85
Trd, 4319748.143, 126
Trd, 4319749.293, 112
Trd, 4319749.393, 102
Trd, 4319750.143, 118
Trd, 4319750.193, 85
Trd, 4319750.543, 96
Trd, 4319752.193, 138
Trd, 4319752.243, 131
Trd, 4319752.643, 99
Trd, 4319754.093, 100
Trd, 4319754.393, 85
Trd, 4319755.393, 128
Trd, 4319756.143, 136
Trd, 4319756.493, 130
Trd, 4319756.943, 120
Trd, 4319757.893, 139
Trd, 4319759.593, 135
Trd, 4319759.643, 127
Trd, 4319760.743, 124
Trd, 4319761.093, 124
Trd, 4319761.143, 119
Trd, 4319761.493, 104
Trd, 4319761.543, 100
Trd, 4319763.043, 60
Trd, 4319764.143, 78
Trd, 4319765.293, 97
Trd, 4319765.593, 71
Trd, 4319766.593, 113
Trd, 4319766.893, 94
Trd, 4319767.943, 120
Trd, 4319768.543, 109
Trd, 4319768.643, 94
Trd, 4319769.943, 86
Trd, 4319770.043, 128
Trd, 4319770.493, 140
Trd, 4319770.843, 113
Trd, 4319771.543, 133
Trd, 4319771.693, 118
Trd, 4319772.643, 76
Trd, 4319773.293, 106
Trd, 4319773.643, 98
Trd, 4319773.693, 83
Trd, 4319774.643, 74
Trd, 4319775.643, 103
Trd, 4319776.343, 92
Trd, 4319776.893, 109
Trd, 4319779.143, 114
Trd, 4319779.443, 76
Trd, 4319780.043, 100
Trd, 4319780.343, 119
Trd, 4319780.593, 89
Trd, 4319781.443, 91
Trd, 4319782.543, 88
Trd, 4319782.793, 60
Trd, 4319783.143, 86
Trd, 4319783.293, 92
Trd, 4319783.943, 125
Trd, 4319784.943, 98
Trd, 4319785.193, 109
Trd, 4319787.343, 134
Trd, 4319787.693, 103
Trd, 4319789.093, 134
Trd, 4319789.493, 126
Trd, 4319789.743, 123
Trd, 4319790.693, 130
Trd, 4319791.043, 99
Trd, 4319791.293, 90
Trd, 4319792.943, 114
Trd, 4319793.293, 132
Trd, 4319793.843, 102
Trd, 4319794.593, 98
Trd, 4319796.043, 131
Trd, 4319796.993, 83
Trd, 4319797.443, 64
Trd, 4319798.093, 68
Trd, 4319798.243, 62
Trd, 4319798.843, 104
Trd, 4319799.193, 110
Trd, 4319801.093, 123
Trd, 4319802.043, 122
Trd, 4319802.393, 108
Trd, 4319802.893, 119
Trd, 4319803.343, 100
Trd, 4319804.193, 95
Trd, 4319804.993, 89
Trd, 4319805.093, 68
Trd, 4319805.543, 120
Trd, 4319806.193, 124
Trd, 4319806.843, 65
Trd, 4319807.743, 104
Trd, 4319807.793, 110
Trd, 4319808.743, 91
Trd, 4319808.943, 131
Trd, 4319809.393, 112
Trd, 4319811.143, 114
Trd, 4319811.743, 118
Trd, 4319811.843, 111
Trd, 4319813.043, 96
Trd, 4319813.443, 126
Trd, 4319814.193, 88
Trd, 4319814.393, 69
Trd, 4319814.943, 128
Trd, 4319815.993, 71
Trd, 4319817.043, 112
Trd, 4319817.393, 107
Trd, 4319817.993, 122
Trd, 4319818.093, 103
Trd, 4319819.893, 139
Trd, 4319820.043, 108
Trd, 4319820.893, 84
Trd, 4319821.093, 105
Trd, 4319822.293, 103
Trd, 4319822.893, 93
Trd, 4319823.593, 114
Trd, 4319824.093, 114
Trd, 4319825.593, 103
Trd, 4319826.243, 105
Trd, 4319826.793, 133
Trd, 4319826.943, 96
Trd, 4319829.593, 104
Trd, 4319829.943, 88
Trd, 4319830.693, 122
Trd, 4319831.093, 110
Trd, 4319831.593, 107
Trd, 4319832.093, 131
Trd, 4319832.343, 87
Trd, 4319832.443, 92
Trd, 4319832.593, 71
Trd, 4319832.943, 104
Trd, 4319835.193, 109
Trd, 4319835.293, 104
Trd, 4319836.043, 132
Trd, 4319836.093, 127
Trd, 4319836.543, 82
Trd, 4319837.543, 140
Trd, 4319838.193, 119
Trd, 4319839.043, 117
Trd, 4319839.393, 78
Trd, 4319840.943, 69
Trd, 4319841.443, 64
Trd, 4319841.493, 70
Trd, 4319841.843, 66
Trd, 4319842.793, 113
Trd, 4319843.693, 137
Trd, 4319843.793, 112
Trd, 4319843.993, 112
Trd, 4319844.593, 109
Trd, 4319846.443, 132
Trd, 4319846.693, 114
Trd, 4319847.143, 113
Trd, 4319847.543, 119
Trd, 4319848.093, 131
Trd, 4319848.543, 86
Trd, 4319849.643, 76
Trd, 4319849.893, 70
Trd, 4319850.643, 88
Trd, 4319851.543, 93
Trd, 4319852.593, 91
Trd, 4319852.643, 89
Trd, 4319853.043, 87
Trd, 4319853.393, 119
Trd, 4319854.793, 85
Trd, 4319855.343, 66
Trd, 4319855.693, 112
Trd, 4319856.493, 137
Trd, 4319856.593, 100
Trd, 4319856.993, 93
Trd, 4319857.693, 128
Trd, 4319858.293, 102
Trd, 4319858.993, 82
Trd, 4319859.043, 88
Trd, 4319860.143, 112
Trd, 4319860.843, 140
Trd, 4319863.043, 109
Trd, 4319864.093, 108
Trd, 4319864.143, 114
Trd, 4319864.393, 79
Trd, 4319865.293, 95
Trd, 4319866.043, 101
Trd, 4319866.193, 130
Trd, 4319867.443, 121
Trd, 4319867.693, 120
Trd, 4319868.393, 112
Trd, 4319868.593, 112
Trd, 4319869.093, 107
Trd, 4319869.893, 134
Trd, 4319870.293, 134
Trd, 4319870.943, 83
Trd, 4319871.043, 73
Trd, 4319872.043, 112
Trd, 4319872.193, 113
Trd, 4319872.543, 92
Trd, 4319873.193, 100
Trd, 4319873.643, 111
Trd, 4319873.843, 85
Trd, 4319875.493, 130
Trd, 4319876.693, 130
Trd, 4319877.443, 133
Trd, 4319877.943, 134
Trd, 4319878.243, 125
Trd, 4319878.443, 119
Trd, 4319878.893, 96
Trd, 4319879.793, 79
Trd, 4319879.943, 138
Trd, 4319880.743, 66
Trd, 4319882.743, 116
Trd, 4319883.243, 136
Trd, 4319883.343, 94
Trd, 4319884.243, 124
Trd, 4319884.443, 128
Trd, 4319884.693, 118
Trd, 4319885.143, 104
Trd, 4319885.843, 99
Trd, 4319886.243, 77
Trd, 4319887.143, 73
Trd, 4319887.593, 85
Trd, 4319888.493, 108
Trd, 4319888.943, 131
Trd, 4319889.393, 109
Trd, 4319890.243, 106
Trd, 4319891.143, 139
Trd, 4319892.293, 126
Trd, 4319892.443, 123
Trd, 4319892.743, 121
Trd, 4319893.843, 120
Trd, 4319894.243, 105
Trd, 4319894.543, 97
Trd, 4319895.443, 97
Trd, 4319896.193, 92
Trd, 4319896.843, 84
Trd, 4319896.893, 82
Trd, 4319898.493, 83
Trd, 4319899.293, 88
Trd, 4319899.943, 76
Trd, 4319901.693, 114
Trd, 4319901.743, 110
Trd, 4319901.993, 117
Trd, 4319902.393, 117
Trd, 4319902.493, 133
Trd, 4319903.543, 92
Trd, 4319904.443, 76
Trd, 4319904.593, 84
Trd, 4319906.393, 69
Trd, 4319906.993, 72
Trd, 4319908.143, 115
Trd, 4319908.643, 110
Trd, 4319909.443, 121
Trd, 4319909.643, 112
Trd, 4319910.743, 122
Trd, 4319911.643, 136
Trd, 4319911.893, 125
Trd, 4319912.243, 95
Trd, 4319913.943, 135
Trd, 4319914.093, 103
Trd, 4319914.693, 121
Trd, 4319915.293, 120
Trd, 4319915.793, 115
Trd, 4319916.093, 84
Trd, 4319916.693, 120
Trd, 4319917.143, 122
Trd, 4319917.243, 69
Trd, 4319918.643, 85
Trd, 4319920.793, 116
Trd, 4319921.143, 117
Trd, 4319921.543, 124
Trd, 4319921.593, 110
Trd, 4319922.093, 106
Trd, 4319922.193, 75
Trd, 4319923.593, 87
Trd, 4319924.243, 62
Trd, 4319924.643, 61
Trd, 4319925.093, 74
Trd, 4319925.193, 112
Trd, 4319925.443, 94
Trd, 4319926.293, 108
Trd, 4319926.743, 62
Trd, 4319928.243, 75
Trd, 4319929.543, 109
Trd, 4319930.493, 71
Trd, 4319931.043, 74
Trd, 4319931.493, 135
Trd, 4319932.143, 126
Trd, 4319932.793, 107
Trd, 4319932.993, 98
Trd, 4319933.493, 98
Trd, 4319934.293, 95
Trd, 4319934.943, 72
Trd, 4319936.593, 115
Trd, 4319936.743, 109
Trd, 4319937.593, 123
Trd, 4319938.343, 122
Trd, 4319939.143, 116
Trd, 4319940.593, 137
Trd, 4319941.393, 87
Trd, 4319942.793, 63
Trd, 4319943.043, 97
Trd, 4319943.593, 93
Trd, 4319943.893, 96
Trd, 4319945.193, 96
Trd, 4319946.643, 125
Trd, 4319947.093, 113
Trd, 4319947.343, 119
Trd, 4319947.943, 129
Trd, 4319949.193, 140
Trd, 4319949.693, 132
Trd, 4319949.893, 107
Trd, 4319951.893, 67
Trd, 4319952.693, 96
Trd, 4319952.993, 85
Trd, 4319954.593, 124
Trd, 4319954.843, 105
Trd, 4319955.043, 90
Trd, 4319955.193, 79
Trd, 4319956.593, 94
Trd, 4319957.043, 81
Trd, 4319957.193, 97
Trd, 4319957.393, 114
Trd, 4319958.093, 119
Trd, 4319958.843, 129
Trd, 4319959.443, 128
Trd, 4319961.293, 65
Trd, 4319961.893, 81
Trd, 4319962.043, 91
Trd, 4319962.993, 115
Trd, 4319963.693, 109
Trd, 4319963.743, 102
Trd, 4319964.193, 123
Trd, 4319964.343, 84
Trd, 4319965.893, 74
Trd, 4319966.693, 93
Trd, 4319967.393, 65
Trd, 4319968.343, 78
Trd, 4319969.393, 75
Trd, 4319969.543, 78
Trd, 4319970.693, 63
Trd, 4319971.993, 61
Trd, 4319972.193, 102
Trd, 4319973.393, 90
Trd, 4319973.643, 91
Trd, 4319973.943, 94
Trd, 4319974.043, 74
Trd, 4319974.593, 60
Trd, 4319975.593, 94
Trd, 4319976.393, 137
Trd, 4319977.393, 103
Trd, 4319977.493, 113
Trd, 4319978.793, 134
Trd, 4319978.843, 128
Trd, 4319979.493, 133
Trd, 4319980.293, 93
Trd, 4319980.643, 76
Trd, 4319980.993, 119
Trd, 4319982.943, 133
Trd, 4319983.893, 123
Trd, 4319984.193, 97
Trd, 4319984.893, 91
Trd, 4319984.943, 73
Trd, 4319985.393, 125
Trd, 4319986.643, 140
Trd, 4319987.193, 117
Trd, 4319987.443, 108
Trd, 4319987.893, 62
Trd, 4319988.893, 94
Trd, 4319989.093, 94
Trd, 4319990.593, 120
Trd, 4319990.743, 117
Trd, 4319991.543, 100
Trd, 4319991.893, 113
Trd, 4319992.243, 118
Trd, 4319992.543, 75
Trd, 4319993.793, 115
Trd, 4319996.243, 130
Trd, 4319996.593, 113
Trd, 4319996.693, 101
Trd, 4319996.743, 99
Trd, 4319997.793, 107
Trd, 4319999.093, 110
Trd, 4319999.693, 130
