Trd, 4318095.943, 63
Trd, 4318096.893, 61
Trd, 4318097.293, 60
Trd, 4318097.843, 61
Trd, 4318098.093, 63
Trd, 4318099.493, 60
Trd, 4318099.543, 61
Trd, 4318100.043, 64
Trd, 4318101.343, 60
Trd, 4318101.793, 60
Trd, 4318104.043, 140
Trd, 4318104.393, 140
Trd, 4318104.493, 139
Trd, 4318105.293, 136
Trd, 4318105.593, 120
Trd, 4318105.943, 85
Trd, 4318106.143, 76
Trd, 4318108.293, 139
Trd, 4318109.343, 137
Trd, 4318109.543, 122
Trd, 4318111.043, 138
Trd, 4318111.243, 114
Trd, 4318111.643, 113
Trd, 4318112.743, 139
Trd, 4318112.793, 123
Trd, 4318113.443, 117
Trd, 4318114.243, 140
Trd, 4318114.293, 138
Trd, 4318115.743, 135
Trd, 4318116.843, 102
Trd, 4318116.893, 88
Trd, 4318119.093, 140
Trd, 4318119.193, 140
Trd, 4318119.393, 135
Trd, 4318120.443, 140
Trd, 4318120.993, 101
Trd, 4318121.193, 81
Trd, 4318121.643, 138
Trd, 4318121.993, 134
Trd, 4318123.593, 139
Trd, 4318123.643, 92
Trd, 4318123.793, 89
Trd, 4318124.693, 126
Trd, 4318125.493, 139
Trd, 4318125.743, 125
Trd, 4318127.843, 140
Trd, 4318128.343, 140
Trd, 4318129.093, 140
Trd, 4318129.693, 129
Trd, 4318130.643, 135
Trd, 4318130.943, 82
Trd, 4318133.643, 140
Trd, 4318134.243, 140
Trd, 4318134.593, 140
Trd, 4318134.943, 100
Trd, 4318135.343, 140
Trd, 4318135.643, 65
Trd, 4318137.243, 139
Trd, 4318137.493, 123
Trd, 4318139.493, 139
Trd, 4318139.743, 139
Trd, 4318140.343, 128
Trd, 4318141.843, 140
Trd, 4318142.543, 140
Trd, 4318143.043, 140
Trd, 4318143.293, 92
Trd, 4318143.443, 75
Trd, 4318144.293, 140
Trd, 4318145.793, 125
Trd, 4318147.643, 135
Trd, 4318148.293, 140
Trd, 4318148.493, 115
Trd, 4318148.593, 101
Trd, 4318150.343, 139
Trd, 4318151.293, 139
Trd, 4318151.393, 136
Trd, 4318151.693, 65
Trd, 4318151.893, 76
Trd, 4318153.043, 139
Trd, 4318153.143, 114
Trd, 4318153.293, 68
Trd, 4318154.893, 61
Trd, 4318155.043, 62
Trd, 4318156.043, 109
Trd, 4318156.443, 64
Trd, 4318158.693, 60
Trd, 4318159.343, 60
Trd, 4318159.493, 62
Trd, 4318159.643, 62
Trd, 4318160.193, 61
Trd, 4318160.993, 63
Trd, 4318161.693, 136
Trd, 4318162.193, 119
Trd, 4318162.443, 66
Trd, 4318162.793, 73
Trd, 4318165.293, 140
Trd, 4318165.343, 121
Trd, 4318165.643, 132
Trd, 4318165.743, 119
Trd, 4318167.393, 140
Trd, 4318167.843, 140
Trd, 4318168.893, 128
Trd, 4318171.093, 140
Trd, 4318171.843, 139
Trd, 4318172.993, 140
Trd, 4318173.243, 139
Trd, 4318174.193, 139
Trd, 4318174.493, 119
Trd, 4318174.543, 94
Trd, 4318175.193, 114
Trd, 4318175.493, 137
Trd, 4318175.593, 109
Trd, 4318176.543, 138
Trd, 4318176.693, 131
Trd, 4318177.943, 137
Trd, 4318178.493, 138
Trd, 4318179.393, 140
Trd, 4318179.743, 120
Trd, 4318181.243, 138
Trd, 4318181.593, 136
Trd, 4318182.243, 105
Trd, 4318182.793, 66
Trd, 4318182.943, 67
Trd, 4318183.143, 60
Trd, 4318184.043, 62
Trd, 4318185.543, 140
Trd, 4318186.493, 140
Trd, 4318187.393, 132
Trd, 4318188.543, 140
Trd, 4318190.443, 140
Trd, 4318191.043, 140
Trd, 4318192.093, 139
Trd, 4318192.893, 140
Trd, 4318193.343, 140
Trd, 4318193.393, 139
Trd, 4318193.843, 134
Trd, 4318194.743, 140
Trd, 4318194.843, 75
Trd, 4318195.843, 70
Trd, 4318198.143, 140
Trd, 4318198.443, 139
Trd, 4318198.943, 139
Trd, 4318199.143, 133
Trd, 4318200.493, 140
Trd, 4318201.093, 126
Trd, 4318201.143, 98
Trd, 4318202.543, 139
Trd, 4318203.493, 137
Trd, 4318203.843, 139
Trd, 4318204.093, 137
Trd, 4318204.693, 87
Trd, 4318205.293, 72
Trd, 4318206.243, 73
Trd, 4318207.343, 60
Trd, 4318207.443, 60
Trd, 4318207.543, 68
Trd, 4318208.493, 62
Trd, 4318208.943, 64
Trd, 4318210.393, 138
Trd, 4318211.343, 60
Trd, 4318211.993, 60
Trd, 4318212.743, 61
Trd, 4318213.043, 60
Trd, 4318213.143, 64
Trd, 4318213.843, 63
Trd, 4318214.393, 117
Trd, 4318214.743, 134
Trd, 4318215.443, 123
Trd, 4318217.143, 60
Trd, 4318217.193, 60
Trd, 4318217.243, 62
Trd, 4318217.643, 63
Trd, 4318219.143, 64
Trd, 4318219.493, 65
Trd, 4318219.693, 65
Trd, 4318220.843, 60
Trd, 4318220.893, 61
Trd, 4318220.943, 62
Trd, 4318220.993, 67
Trd, 4318222.443, 135
Trd, 4318223.393, 140
Trd, 4318223.543, 140
Trd, 4318223.743, 103
Trd, 4318224.693, 138
Trd, 4318224.943, 140
Trd, 4318224.993, 88
Trd, 4318225.143, 61
Trd, 4318227.043, 88
Trd, 4318227.743, 60
Trd, 4318227.793, 132
Trd, 4318229.043, 131
Trd, 4318229.093, 63
Trd, 4318229.893, 98
Trd, 4318230.293, 63
Trd, 4318231.593, 138
Trd, 4318233.293, 137
Trd, 4318233.593, 137
Trd, 4318234.043, 134
Trd, 4318234.543, 140
Trd, 4318235.443, 130
Trd, 4318236.993, 131
Trd, 4318237.593, 138
Trd, 4318238.193, 140
Trd, 4318239.393, 140
Trd, 4318239.543, 115
Trd, 4318241.143, 123
Trd, 4318241.193, 116
Trd, 4318242.593, 127
Trd, 4318243.193, 124
Trd, 4318244.243, 140
Trd, 4318244.843, 94
Trd, 4318245.843, 140
Trd, 4318246.543, 140
Trd, 4318247.543, 140
Trd, 4318247.993, 137
Trd, 4318248.593, 125
Trd, 4318248.643, 102
Trd, 4318250.993, 140
Trd, 4318251.143, 139
Trd, 4318252.043, 126
Trd, 4318252.343, 74
Trd, 4318253.093, 61
Trd, 4318253.293, 65
Trd, 4318253.643, 62
Trd, 4318253.893, 73
Trd, 4318255.093, 63
Trd, 4318255.343, 74
Trd, 4318255.393, 75
Trd, 4318256.543, 63
Trd, 4318257.743, 109
Trd, 4318258.493, 140
Trd, 4318260.293, 140
Trd, 4318260.793, 127
Trd, 4318261.043, 140
Trd, 4318263.493, 129
Trd, 4318264.143, 118
Trd, 4318265.093, 139
Trd, 4318265.693, 99
Trd, 4318266.943, 140
Trd, 4318267.593, 140
Trd, 4318267.793, 139
Trd, 4318267.943, 139
Trd, 4318268.593, 61
Trd, 4318268.643, 62
Trd, 4318269.943, 94
Trd, 4318271.193, 140
Trd, 4318271.743, 138
Trd, 4318273.443, 136
Trd, 4318273.543, 99
Trd, 4318274.343, 140
Trd, 4318274.743, 137
Trd, 4318275.843, 60
Trd, 4318276.443, 61
Trd, 4318276.693, 61
Trd, 4318277.093, 70
Trd, 4318278.793, 135
Trd, 4318278.843, 123
Trd, 4318280.243, 131
Trd, 4318280.993, 124
Trd, 4318281.643, 126
Trd, 4318282.443, 139
Trd, 4318282.593, 132
Trd, 4318282.743, 117
Trd, 4318284.443, 140
Trd, 4318285.993, 139
Trd, 4318286.493, 139
Trd, 4318287.193, 134
Trd, 4318287.893, 135
Trd, 4318287.943, 106
Trd, 4318288.293, 134
Trd, 4318288.943, 136
Trd, 4318289.393, 104
Trd, 4318289.693, 100
Trd, 4318290.543, 72
Trd, 4318291.143, 137
Trd, 4318291.643, 135
Trd, 4318293.243, 140
Trd, 4318293.493, 108
Trd, 4318293.693, 67
Trd, 4318294.743, 139
Trd, 4318295.943, 135
Trd, 4318296.043, 139
Trd, 4318297.893, 137
Trd, 4318298.493, 140
Trd, 4318299.093, 140
Trd, 4318300.743, 139
Trd, 4318301.493, 140
Trd, 4318302.543, 122
Trd, 4318303.993, 132
Trd, 4318304.293, 89
Trd, 4318304.893, 140
Trd, 4318305.393, 134
Trd, 4318307.043, 139
Trd, 4318307.143, 115
Trd, 4318307.993, 109
Trd, 4318308.293, 71
Trd, 4318309.243, 108
Trd, 4318309.693, 92
Trd, 4318309.793, 109
Trd, 4318310.043, 60
Trd, 4318310.443, 111
Trd, 4318311.543, 140
Trd, 4318312.243, 60
Trd, 4318312.943, 61
Trd, 4318313.593, 62
Trd, 4318313.943, 65
Trd, 4318314.793, 61
Trd, 4318315.043, 66
Trd, 4318315.093, 70
Trd, 4318315.793, 63
Trd, 4318317.043, 140
Trd, 4318317.493, 139
Trd, 4318317.843, 138
Trd, 4318319.293, 137
Trd, 4318319.443, 75
Trd, 4318320.293, 140
Trd, 4318321.443, 139
Trd, 4318321.743, 138
Trd, 4318323.643, 139
Trd, 4318324.743, 140
Trd, 4318324.793, 126
Trd, 4318325.643, 140
Trd, 4318326.693, 139
Trd, 4318327.393, 132
Trd, 4318328.443, 140
Trd, 4318330.143, 120
Trd, 4318330.543, 140
Trd, 4318331.843, 138
Trd, 4318331.943, 110
Trd, 4318332.193, 86
Trd, 4318332.843, 138
Trd, 4318333.443, 108
Trd, 4318333.543, 66
Trd, 4318334.043, 61
Trd, 4318334.543, 136
Trd, 4318335.043, 136
Trd, 4318336.293, 68
Trd, 4318336.693, 65
Trd, 4318338.093, 61
Trd, 4318338.343, 60
Trd, 4318338.493, 67
Trd, 4318340.043, 138
Trd, 4318341.143, 140
Trd, 4318342.243, 139
Trd, 4318343.143, 135
Trd, 4318343.693, 123
Trd, 4318344.543, 140
Trd, 4318345.643, 137
Trd, 4318345.693, 126
Trd, 4318346.093, 125
Trd, 4318347.643, 140
Trd, 4318348.943, 136
Trd, 4318349.493, 137
Trd, 4318349.793, 109
Trd, 4318350.993, 129
Trd, 4318351.093, 125
Trd, 4318352.893, 140
Trd, 4318353.043, 140
Trd, 4318354.093, 140
Trd, 4318354.143, 129
Trd, 4318354.743, 139
Trd, 4318355.043, 71
Trd, 4318355.343, 73
Trd, 4318355.543, 139
Trd, 4318357.393, 60
Trd, 4318357.843, 60
Trd, 4318357.943, 61
Trd, 4318359.043, 62
Trd, 4318360.193, 60
Trd, 4318360.343, 60
Trd, 4318360.393, 60
Trd, 4318361.243, 135
Trd, 4318361.493, 140
Trd, 4318362.193, 93
Trd, 4318364.393, 140
Trd, 4318364.943, 140
Trd, 4318367.593, 139
Trd, 4318367.743, 139
Trd, 4318368.443, 106
Trd, 4318368.893, 140
Trd, 4318369.193, 125
Trd, 4318370.193, 137
Trd, 4318372.043, 139
Trd, 4318373.393, 140
Trd, 4318374.043, 119
Trd, 4318374.143, 104
Trd, 4318374.343, 106
Trd, 4318375.043, 139
Trd, 4318375.393, 140
Trd, 4318377.393, 139
Trd, 4318378.643, 140
Trd, 4318379.143, 107
Trd, 4318380.293, 115
Trd, 4318380.443, 95
Trd, 4318380.793, 74
Trd, 4318381.393, 140
Trd, 4318381.793, 123
Trd, 4318382.393, 99
Trd, 4318383.843, 134
Trd, 4318384.493, 132
Trd, 4318386.943, 140
Trd, 4318387.293, 139
Trd, 4318388.243, 128
Trd, 4318388.643, 140
Trd, 4318389.293, 140
Trd, 4318392.193, 140
Trd, 4318392.943, 140
Trd, 4318393.193, 139
Trd, 4318393.243, 136
Trd, 4318393.593, 130
Trd, 4318393.993, 139
Trd, 4318395.543, 140
Trd, 4318395.843, 140
Trd, 4318397.343, 138
Trd, 4318397.643, 132
Trd, 4318398.193, 139
Trd, 4318399.593, 140
Trd, 4318399.843, 136
Trd, 4318401.093, 126
Trd, 4318401.893, 137
Trd, 4318402.743, 124
Trd, 4318402.893, 125
Trd, 4318403.443, 123
Trd, 4318404.193, 108
Trd, 4318404.393, 70
Trd, 4318404.793, 67
Trd, 4318404.943, 140
Trd, 4318405.793, 138
Trd, 4318406.443, 101
Trd, 4318406.693, 60
Trd, 4318408.343, 76
Trd, 4318409.693, 140
Trd, 4318410.143, 115
Trd, 4318411.243, 127
Trd, 4318411.843, 140
Trd, 4318412.243, 132
Trd, 4318412.393, 130
Trd, 4318413.743, 140
Trd, 4318414.343, 140
Trd, 4318416.243, 131
Trd, 4318416.443, 136
Trd, 4318417.143, 140
Trd, 4318417.393, 100
Trd, 4318419.543, 140
Trd, 4318419.843, 138
Trd, 4318420.043, 136
Trd, 4318420.393, 60
Trd, 4318420.543, 69
Trd, 4318421.693, 119
Trd, 4318424.793, 140
Trd, 4318425.193, 140
Trd, 4318425.493, 139
Trd, 4318425.893, 140
Trd, 4318426.893, 138
Trd, 4318427.193, 131
Trd, 4318428.143, 106
Trd, 4318430.193, 140
Trd, 4318430.593, 140
Trd, 4318430.843, 140
Trd, 4318431.193, 140
Trd, 4318431.443, 131
Trd, 4318431.693, 112
Trd, 4318432.793, 84
Trd, 4318435.043, 140
Trd, 4318435.093, 130
Trd, 4318435.743, 140
Trd, 4318437.043, 102
Trd, 4318437.193, 138
Trd, 4318437.293, 97
Trd, 4318437.843, 132
Trd, 4318438.793, 140
Trd, 4318439.693, 135
Trd, 4318440.543, 128
Trd, 4318442.043, 140
Trd, 4318442.443, 138
Trd, 4318445.143, 140
Trd, 4318445.693, 138
Trd, 4318446.093, 116
Trd, 4318446.443, 133
Trd, 4318446.593, 105
Trd, 4318447.593, 137
Trd, 4318448.243, 131
Trd, 4318448.843, 139
Trd, 4318450.443, 140
Trd, 4318452.093, 104
Trd, 4318452.393, 140
Trd, 4318452.743, 123
Trd, 4318453.493, 138
Trd, 4318454.593, 129
Trd, 4318454.693, 124
Trd, 4318455.543, 140
Trd, 4318456.143, 129
Trd, 4318457.093, 120
Trd, 4318458.193, 97
Trd, 4318459.193, 136
Trd, 4318459.843, 137
Trd, 4318461.843, 137
Trd, 4318462.493, 123
Trd, 4318462.643, 140
Trd, 4318463.393, 137
Trd, 4318463.943, 135
Trd, 4318464.143, 119
Trd, 4318464.843, 125
Trd, 4318465.243, 131
Trd, 4318466.043, 131
Trd, 4318467.043, 139
Trd, 4318467.493, 134
Trd, 4318470.743, 140
Trd, 4318470.843, 140
Trd, 4318471.143, 139
Trd, 4318471.893, 135
Trd, 4318472.093, 139
Trd, 4318472.293, 129
Trd, 4318472.543, 140
Trd, 4318473.493, 89
Trd, 4318473.693, 65
Trd, 4318474.193, 64
Trd, 4318474.293, 69
Trd, 4318476.643, 134
Trd, 4318477.243, 76
Trd, 4318479.443, 140
Trd, 4318480.693, 140
Trd, 4318482.043, 136
Trd, 4318482.143, 123
Trd, 4318482.743, 122
Trd, 4318482.993, 115
Trd, 4318483.343, 140
Trd, 4318484.143, 140
Trd, 4318486.093, 140
Trd, 4318486.993, 139
Trd, 4318487.693, 138
Trd, 4318488.743, 128
Trd, 4318488.943, 121
Trd, 4318490.393, 140
Trd, 4318490.943, 130
Trd, 4318491.993, 85
Trd, 4318492.543, 136
Trd, 4318493.393, 138
Trd, 4318494.093, 115
Trd, 4318494.193, 71
Trd, 4318494.243, 140
Trd, 4318494.693, 138
Trd, 4318496.693, 135
Trd, 4318497.093, 133
Trd, 4318497.193, 122
Trd, 4318498.043, 122
Trd, 4318498.693, 131
Trd, 4318499.143, 135
Trd, 4318499.443, 101
Trd, 4318501.093, 120
Trd, 4318501.293, 110
Trd, 4318501.693, 92
Trd, 4318501.943, 83
Trd, 4318501.993, 119
Trd, 4318502.493, 140
Trd, 4318503.043, 140
Trd, 4318504.443, 71
Trd, 4318504.743, 63
Trd, 4318505.393, 60
Trd, 4318505.793, 140
Trd, 4318509.093, 138
Trd, 4318509.193, 137
Trd, 4318510.193, 134
Trd, 4318510.693, 89
Trd, 4318510.943, 140
Trd, 4318512.643, 140
Trd, 4318513.093, 121
Trd, 4318513.893, 135
Trd, 4318514.043, 101
Trd, 4318515.293, 138
Trd, 4318515.393, 140
Trd, 4318516.543, 140
Trd, 4318516.893, 92
Trd, 4318517.093, 74
Trd, 4318517.493, 68
Trd, 4318518.343, 68
Trd, 4318520.143, 140
Trd, 4318521.143, 139
Trd, 4318521.743, 136
Trd, 4318522.343, 140
Trd, 4318522.393, 127
Trd, 4318523.043, 81
Trd, 4318523.643, 140
Trd, 4318525.093, 139
Trd, 4318525.393, 112
Trd, 4318525.543, 66
Trd, 4318527.993, 140
Trd, 4318529.193, 139
Trd, 4318529.643, 139
Trd, 4318529.693, 134
Trd, 4318531.143, 136
Trd, 4318532.593, 139
Trd, 4318532.893, 136
Trd, 4318533.543, 128
Trd, 4318533.793, 97
Trd, 4318534.293, 134
Trd, 4318536.493, 140
Trd, 4318537.693, 140
Trd, 4318537.793, 124
Trd, 4318538.193, 96
Trd, 4318538.543, 85
Trd, 4318539.193, 88
Trd, 4318539.843, 140
Trd, 4318541.093, 140
Trd, 4318541.143, 140
Trd, 4318541.293, 138
Trd, 4318544.293, 140
Trd, 4318545.593, 132
Trd, 4318547.293, 140
Trd, 4318547.693, 140
Trd, 4318547.743, 131
Trd, 4318548.693, 134
Trd, 4318549.043, 133
Trd, 4318549.443, 131
Trd, 4318550.043, 137
Trd, 4318551.843, 135
Trd, 4318551.993, 133
Trd, 4318553.043, 114
Trd, 4318553.793, 126
Trd, 4318554.493, 129
Trd, 4318555.393, 94
Trd, 4318555.643, 98
Trd, 4318555.943, 99
Trd, 4318557.293, 106
Trd, 4318557.443, 139
Trd, 4318557.743, 136
Trd, 4318558.143, 99
Trd, 4318558.543, 73
Trd, 4318559.743, 132
Trd, 4318559.943, 112
Trd, 4318561.493, 116
Trd, 4318562.193, 111
Trd, 4318563.743, 139
Trd, 4318563.993, 139
Trd, 4318565.243, 140
Trd, 4318566.493, 133
Trd, 4318566.843, 125
Trd, 4318566.893, 125
Trd, 4318567.543, 89
Trd, 4318567.993, 139
Trd, 4318568.593, 140
Trd, 4318570.293, 137
Trd, 4318570.493, 130
Trd, 4318571.143, 93
Trd, 4318571.693, 121
Trd, 4318571.893, 65
Trd, 4318572.843, 68
Trd, 4318574.043, 63
Trd, 4318575.043, 60
Trd, 4318575.643, 60
Trd, 4318575.893, 60
Trd, 4318576.193, 66
Trd, 4318577.093, 138
Trd, 4318579.593, 140
Trd, 4318579.793, 136
Trd, 4318580.943, 140
Trd, 4318580.993, 137
Trd, 4318581.743, 129
Trd, 4318582.993, 140
Trd, 4318584.193, 60
Trd, 4318584.293, 60
Trd, 4318584.893, 61
Trd, 4318585.393, 61
Trd, 4318585.543, 62
Trd, 4318586.193, 60
Trd, 4318586.243, 66
Trd, 4318587.193, 140
Trd, 4318587.693, 115
Trd, 4318588.393, 137
Trd, 4318591.143, 140
Trd, 4318591.393, 140
Trd, 4318591.793, 138
Trd, 4318592.093, 137
Trd, 4318593.543, 128
Trd, 4318594.693, 139
Trd, 4318595.043, 140
Trd, 4318596.943, 138
Trd, 4318597.893, 140
Trd, 4318598.143, 132
Trd, 4318598.943, 140
Trd, 4318600.043, 138
Trd, 4318600.193, 85
Trd, 4318600.643, 131
Trd, 4318601.093, 115
Trd, 4318604.243, 140
Trd, 4318604.993, 138
Trd, 4318605.793, 133
Trd, 4318606.293, 139
Trd, 4318606.943, 138
Trd, 4318607.293, 136
Trd, 4318607.493, 109
Trd, 4318609.793, 137
Trd, 4318609.843, 117
Trd, 4318612.243, 140
Trd, 4318612.293, 140
Trd, 4318612.343, 139
Trd, 4318613.193, 139
Trd, 4318613.293, 130
Trd, 4318615.093, 121
Trd, 4318615.343, 140
Trd, 4318616.293, 132
Trd, 4318616.343, 130
Trd, 4318617.793, 126
Trd, 4318619.743, 138
Trd, 4318619.943, 113
Trd, 4318620.093, 86
Trd, 4318620.693, 65
Trd, 4318621.143, 140
Trd, 4318621.643, 139
Trd, 4318623.643, 140
Trd, 4318624.543, 139
Trd, 4318625.493, 139
Trd, 4318626.143, 135
Trd, 4318626.293, 137
Trd, 4318626.393, 111
Trd, 4318628.143, 137
Trd, 4318629.243, 133
Trd, 4318630.093, 140
Trd, 4318630.243, 127
Trd, 4318631.043, 130
Trd, 4318632.043, 137
Trd, 4318635.193, 140
Trd, 4318635.543, 138
Trd, 4318635.893, 138
Trd, 4318636.693, 140
Trd, 4318637.393, 137
Trd, 4318637.793, 140
Trd, 4318638.893, 139
Trd, 4318639.043, 140
Trd, 4318639.993, 98
Trd, 4318640.343, 135
Trd, 4318643.493, 140
Trd, 4318644.093, 140
Trd, 4318644.193, 139
Trd, 4318644.393, 78
Trd, 4318644.943, 140
Trd, 4318645.593, 63
Trd, 4318646.343, 67
Trd, 4318648.943, 133
Trd, 4318648.993, 133
Trd, 4318649.143, 140
Trd, 4318651.643, 140
Trd, 4318651.793, 140
Trd, 4318652.293, 102
Trd, 4318652.543, 102
Trd, 4318654.293, 107
Trd, 4318654.693, 138
Trd, 4318657.143, 140
Trd, 4318658.843, 140
Trd, 4318659.443, 139
Trd, 4318659.543, 139
Trd, 4318659.593, 103
Trd, 4318660.243, 140
Trd, 4318661.043, 117
Trd, 4318662.343, 138
Trd, 4318662.993, 128
Trd, 4318663.093, 121
Trd, 4318663.543, 140
Trd, 4318664.593, 140
Trd, 4318664.693, 135
Trd, 4318665.043, 103
Trd, 4318665.443, 93
Trd, 4318666.293, 119
Trd, 4318667.343, 87
Trd, 4318669.443, 139
Trd, 4318669.593, 139
Trd, 4318670.093, 139
Trd, 4318670.343, 131
Trd, 4318671.843, 135
Trd, 4318674.043, 140
Trd, 4318674.693, 139
Trd, 4318675.843, 135
Trd, 4318676.943, 140
Trd, 4318677.393, 140
Trd, 4318677.543, 127
Trd, 4318677.943, 112
Trd, 4318678.143, 72
Trd, 4318678.643, 126
Trd, 4318679.193, 140
Trd, 4318680.893, 66
Trd, 4318681.243, 67
Trd, 4318682.143, 62
Trd, 4318682.343, 61
Trd, 4318682.893, 62
Trd, 4318684.243, 140
Trd, 4318684.993, 63
Trd, 4318686.043, 127
Trd, 4318686.843, 117
Trd, 4318687.993, 139
Trd, 4318688.643, 138
Trd, 4318688.893, 126
Trd, 4318689.193, 117
Trd, 4318690.393, 140
Trd, 4318691.243, 140
Trd, 4318691.293, 140
Trd, 4318693.693, 133
Trd, 4318694.443, 128
Trd, 4318694.693, 128
Trd, 4318695.293, 106
Trd, 4318696.243, 139
Trd, 4318696.443, 90
Trd, 4318697.093, 140
Trd, 4318699.193, 133
Trd, 4318699.693, 126
Trd, 4318701.093, 140
Trd, 4318701.143, 105
Trd, 4318702.793, 139
Trd, 4318703.043, 140
Trd, 4318703.293, 68
Trd, 4318704.543, 139
Trd, 4318705.493, 107
Trd, 4318705.993, 140
Trd, 4318707.543, 94
Trd, 4318707.743, 96
Trd, 4318707.793, 84
Trd, 4318708.093, 139
Trd, 4318708.193, 66
Trd, 4318709.493, 140
Trd, 4318709.543, 123
Trd, 4318710.843, 139
Trd, 4318711.693, 139
Trd, 4318712.543, 119
Trd, 4318712.793, 98
Trd, 4318714.093, 140
Trd, 4318716.293, 140
Trd, 4318716.793, 140
Trd, 4318717.193, 139
Trd, 4318717.393, 129
Trd, 4318717.443, 107
Trd, 4318718.093, 139
Trd, 4318719.343, 85
Trd, 4318720.093, 126
Trd, 4318720.193, 132
Trd, 4318721.293, 85
Trd, 4318721.393, 134
Trd, 4318722.543, 101
Trd, 4318722.943, 137
Trd, 4318723.443, 137
Trd, 4318724.193, 128
Trd, 4318724.793, 140
Trd, 4318724.843, 140
Trd, 4318725.443, 97
Trd, 4318725.693, 140
Trd, 4318725.993, 89
Trd, 4318727.443, 134
Trd, 4318727.543, 95
Trd, 4318728.493, 140
Trd, 4318729.493, 139
Trd, 4318729.893, 89
Trd, 4318731.143, 64
Trd, 4318731.243, 65
Trd, 4318731.493, 96
Trd, 4318731.943, 65
Trd, 4318733.993, 69
Trd, 4318734.293, 137
Trd, 4318734.443, 133
Trd, 4318735.593, 99
Trd, 4318736.743, 137
Trd, 4318737.393, 137
Trd, 4318737.793, 140
Trd, 4318740.043, 140
Trd, 4318740.943, 115
Trd, 4318741.943, 139
Trd, 4318743.493, 140
Trd, 4318743.643, 116
Trd, 4318744.393, 111
Trd, 4318744.593, 77
Trd, 4318744.843, 125
Trd, 4318745.693, 138
Trd, 4318745.993, 112
Trd, 4318747.593, 140
Trd, 4318748.143, 140
Trd, 4318748.443, 136
Trd, 4318749.143, 114
Trd, 4318749.193, 97
Trd, 4318749.443, 79
Trd, 4318749.993, 106
Trd, 4318750.993, 124
Trd, 4318751.743, 133
Trd, 4318753.143, 140
Trd, 4318755.193, 140
Trd, 4318755.343, 140
Trd, 4318755.543, 139
Trd, 4318755.793, 139
Trd, 4318756.243, 131
Trd, 4318759.043, 124
Trd, 4318759.693, 140
Trd, 4318760.343, 140
Trd, 4318760.493, 140
Trd, 4318760.643, 126
Trd, 4318760.943, 101
Trd, 4318761.043, 71
Trd, 4318762.693, 139
Trd, 4318763.493, 140
Trd, 4318763.643, 138
Trd, 4318765.693, 140
Trd, 4318766.943, 82
Trd, 4318767.643, 62
Trd, 4318767.993, 62
Trd, 4318768.143, 63
Trd, 4318768.743, 60
Trd, 4318768.943, 61
Trd, 4318770.643, 109
Trd, 4318770.693, 89
Trd, 4318771.543, 140
Trd, 4318771.693, 140
Trd, 4318771.793, 140
Trd, 4318772.943, 91
Trd, 4318773.543, 140
Trd, 4318774.593, 140
Trd, 4318775.043, 135
Trd, 4318775.393, 89
Trd, 4318776.893, 139
Trd, 4318777.293, 128
Trd, 4318778.393, 133
Trd, 4318778.543, 106
Trd, 4318779.493, 67
Trd, 4318779.843, 73
Trd, 4318779.893, 74
Trd, 4318781.543, 139
Trd, 4318782.093, 74
Trd, 4318783.943, 140
Trd, 4318783.993, 137
Trd, 4318784.343, 138
Trd, 4318785.043, 107
Trd, 4318786.593, 126
Trd, 4318786.643, 115
Trd, 4318787.543, 139
Trd, 4318788.943, 139
Trd, 4318789.093, 123
Trd, 4318789.543, 126
Trd, 4318792.243, 140
Trd, 4318792.293, 139
Trd, 4318793.193, 140
Trd, 4318793.543, 140
Trd, 4318794.843, 86
Trd, 4318795.393, 123
Trd, 4318795.443, 62
Trd, 4318795.993, 129
Trd, 4318797.093, 130
Trd, 4318797.693, 140
Trd, 4318798.193, 92
Trd, 4318799.243, 140
Trd, 4318799.443, 139
Trd, 4318799.893, 140
Trd, 4318801.593, 128
Trd, 4318801.893, 138
Trd, 4318802.143, 139
Trd, 4318803.043, 114
Trd, 4318803.493, 84
Trd, 4318803.793, 75
Trd, 4318805.893, 139
Trd, 4318806.093, 140
Trd, 4318806.843, 139
Trd, 4318807.493, 138
Trd, 4318807.643, 121
Trd, 4318808.843, 140
Trd, 4318809.943, 138
Trd, 4318810.743, 130
Trd, 4318811.143, 140
Trd, 4318812.243, 128
Trd, 4318812.793, 140
Trd, 4318813.193, 130
Trd, 4318814.543, 116
Trd, 4318814.893, 90
Trd, 4318815.493, 127
Trd, 4318816.693, 137
Trd, 4318818.043, 140
Trd, 4318818.643, 139
Trd, 4318819.143, 140
Trd, 4318819.743, 115
Trd, 4318820.593, 70
Trd, 4318820.893, 138
Trd, 4318823.093, 140
Trd, 4318824.643, 140
Trd, 4318825.243, 116
Trd, 4318827.293, 140
Trd, 4318827.993, 137
Trd, 4318830.393, 140
Trd, 4318830.893, 140
Trd, 4318830.993, 140
Trd, 4318831.393, 138
Trd, 4318831.443, 119
Trd, 4318833.293, 96
Trd, 4318833.443, 123
Trd, 4318834.843, 113
Trd, 4318835.093, 140
Trd, 4318835.143, 110
Trd, 4318836.193, 71
Trd, 4318837.743, 140
Trd, 4318837.793, 109
Trd, 4318838.193, 132
Trd, 4318838.993, 140
Trd, 4318841.093, 140
Trd, 4318842.293, 140
Trd, 4318842.543, 140
Trd, 4318843.343, 139
Trd, 4318843.993, 140
Trd, 4318844.743, 124
Trd, 4318845.193, 140
Trd, 4318846.893, 140
Trd, 4318847.793, 140
Trd, 4318848.343, 120
Trd, 4318848.893, 131
Trd, 4318849.393, 96
Trd, 4318850.143, 83
Trd, 4318851.693, 140
Trd, 4318853.093, 140
Trd, 4318853.393, 137
Trd, 4318854.293, 140
Trd, 4318854.493, 140
Trd, 4318854.743, 138
Trd, 4318855.943, 88
Trd, 4318856.043, 93
Trd, 4318856.143, 72
Trd, 4318856.693, 139
Trd, 4318858.843, 120
Trd, 4318859.243, 140
Trd, 4318859.593, 109
Trd, 4318860.743, 95
Trd, 4318861.193, 140
Trd, 4318861.593, 117
Trd, 4318862.343, 101
Trd, 4318863.293, 85
Trd, 4318863.393, 121
Trd, 4318864.093, 104
Trd, 4318864.493, 60
Trd, 4318865.293, 69
Trd, 4318865.493, 70
Trd, 4318865.893, 137
Trd, 4318866.993, 82
Trd, 4318867.643, 63
Trd, 4318869.143, 140
Trd, 4318870.743, 140
Trd, 4318870.843, 138
Trd, 4318870.993, 138
Trd, 4318873.793, 140
Trd, 4318874.393, 131
Trd, 4318874.543, 130
Trd, 4318876.593, 140
Trd, 4318876.743, 108
Trd, 4318877.093, 99
Trd, 4318877.593, 60
Trd, 4318878.443, 140
Trd, 4318879.393, 140
Trd, 4318880.843, 140
Trd, 4318880.943, 138
Trd, 4318882.893, 133
Trd, 4318883.393, 137
Trd, 4318883.643, 127
Trd, 4318884.143, 124
Trd, 4318885.193, 119
Trd, 4318885.843, 127
Trd, 4318886.043, 134
Trd, 4318886.093, 135
Trd, 4318886.643, 140
Trd, 4318888.393, 135
Trd, 4318888.743, 66
Trd, 4318888.943, 61
Trd, 4318889.993, 139
Trd, 4318891.893, 137
Trd, 4318892.393, 101
Trd, 4318892.593, 68
Trd, 4318893.693, 139
Trd, 4318893.843, 65
Trd, 4318893.943, 67
Trd, 4318895.343, 61
Trd, 4318895.493, 138
Trd, 4318897.143, 139
Trd, 4318898.193, 136
Trd, 4318899.643, 114
Trd, 4318899.743, 103
Trd, 4318900.343, 92
Trd, 4318900.543, 80
Trd, 4318900.943, 135
Trd, 4318901.043, 71
Trd, 4318901.193, 131
Trd, 4318902.293, 139
Trd, 4318903.293, 133
Trd, 4318903.993, 138
Trd, 4318904.043, 68
Trd, 4318905.643, 140
Trd, 4318905.743, 140
Trd, 4318908.793, 140
Trd, 4318908.893, 124
Trd, 4318909.193, 121
Trd, 4318909.343, 71
Trd, 4318910.493, 90
Trd, 4318911.643, 138
Trd, 4318912.543, 139
Trd, 4318913.193, 133
Trd, 4318915.443, 140
Trd, 4318915.593, 140
Trd, 4318915.793, 118
Trd, 4318917.643, 106
Trd, 4318917.993, 95
Trd, 4318918.593, 108
Trd, 4318919.843, 140
Trd, 4318919.893, 122
Trd, 4318920.243, 109
Trd, 4318922.643, 140
Trd, 4318923.743, 140
Trd, 4318924.343, 137
Trd, 4318924.993, 139
Trd, 4318925.643, 139
Trd, 4318925.693, 140
Trd, 4318925.743, 109
Trd, 4318926.293, 140
Trd, 4318929.043, 140
Trd, 4318929.793, 100
Trd, 4318930.443, 126
Trd, 4318930.943, 139
Trd, 4318932.693, 140
Trd, 4318933.243, 140
Trd, 4318933.493, 133
Trd, 4318933.943, 102
Trd, 4318934.843, 100
Trd, 4318935.743, 137
Trd, 4318935.793, 120
Trd, 4318939.093, 139
Trd, 4318940.043, 140
Trd, 4318940.343, 140
Trd, 4318940.643, 123
Trd, 4318941.643, 139
Trd, 4318942.443, 140
Trd, 4318942.593, 129
Trd, 4318942.693, 114
Trd, 4318942.743, 72
Trd, 4318945.743, 132
Trd, 4318946.493, 70
Trd, 4318946.543, 71
Trd, 4318947.243, 136
Trd, 4318949.593, 140
Trd, 4318949.693, 140
Trd, 4318950.493, 128
Trd, 4318950.543, 91
Trd, 4318950.743, 87
Trd, 4318951.843, 139
Trd, 4318952.193, 138
Trd, 4318952.393, 113
Trd, 4318953.393, 140
Trd, 4318954.343, 140
Trd, 4318956.043, 137
Trd, 4318956.243, 133
Trd, 4318956.443, 88
Trd, 4318956.743, 140
Trd, 4318958.093, 62
Trd, 4318959.043, 60
Trd, 4318959.093, 61
Trd, 4318959.843, 62
Trd, 4318960.493, 60
Trd, 4318960.943, 71
Trd, 4318961.843, 62
Trd, 4318962.093, 63
Trd, 4318962.793, 114
Trd, 4318964.043, 60
Trd, 4318964.243, 60
Trd, 4318964.793, 60
Trd, 4318964.993, 63
Trd, 4318965.793, 84
Trd, 4318966.043, 106
Trd, 4318966.693, 136
Trd, 4318967.393, 140
Trd, 4318968.893, 127
Trd, 4318969.143, 119
Trd, 4318970.493, 104
Trd, 4318970.543, 98
Trd, 4318971.893, 140
Trd, 4318972.693, 139
Trd, 4318973.593, 127
Trd, 4318974.943, 140
Trd, 4318975.043, 139
Trd, 4318977.193, 140
Trd, 4318977.493, 140
Trd, 4318977.543, 140
Trd, 4318977.693, 134
Trd, 4318978.743, 122
Trd, 4318978.993, 112
Trd, 4318979.143, 137
Trd, 4318981.043, 117
Trd, 4318982.393, 136
Trd, 4318982.493, 135
Trd, 4318982.643, 103
Trd, 4318982.743, 85
Trd, 4318983.143, 76
Trd, 4318983.843, 139
Trd, 4318983.943, 96
Trd, 4318984.793, 98
Trd, 4318985.743, 126
Trd, 4318986.793, 122
Trd, 4318987.343, 136
Trd, 4318987.793, 92
Trd, 4318988.143, 114
Trd, 4318989.793, 131
Trd, 4318990.993, 139
Trd, 4318991.093, 138
Trd, 4318992.993, 132
Trd, 4318993.543, 130
Trd, 4318994.143, 140
Trd, 4318994.693, 140
Trd, 4318995.943, 140
Trd, 4318996.143, 116
Trd, 4318997.593, 139
Trd, 4318998.293, 115
Trd, 4318999.243, 139
Trd, 4319000.193, 138
Trd, 4319000.293, 139
Trd, 4319000.343, 140
Trd, 4319001.293, 74
Trd, 4319001.493, 123
Trd, 4319002.543, 139
Trd, 4319004.543, 139
Trd, 4319004.993, 136
Trd, 4319005.543, 138
Trd, 4319005.943, 109
Trd, 4319006.543, 125
Trd, 4319007.393, 139
Trd, 4319008.093, 67
Trd, 4319008.443, 67
Trd, 4319008.943, 68
Trd, 4319009.393, 65
Trd, 4319010.593, 139
Trd, 4319011.043, 94
Trd, 4319011.543, 81
Trd, 4319011.593, 70
Trd, 4319013.243, 140
Trd, 4319013.593, 128
Trd, 4319014.243, 125
Trd, 4319014.543, 140
Trd, 4319015.593, 140
Trd, 4319015.793, 88
Trd, 4319015.993, 68
Trd, 4319017.243, 104
Trd, 4319018.693, 121
Trd, 4319018.993, 131
Trd, 4319020.043, 138
Trd, 4319020.393, 119
Trd, 4319021.693, 140
Trd, 4319022.343, 139
Trd, 4319023.793, 140
Trd, 4319024.293, 129
Trd, 4319025.543, 140
Trd, 4319025.743, 138
Trd, 4319025.893, 132
Trd, 4319026.743, 125
Trd, 4319027.293, 130
Trd, 4319028.643, 140
Trd, 4319029.793, 140
Trd, 4319030.293, 140
Trd, 4319031.093, 133
Trd, 4319032.743, 122
Trd, 4319035.543, 138
Trd, 4319036.043, 140
Trd, 4319036.443, 140
Trd, 4319037.593, 140
Trd, 4319038.493, 140
Trd, 4319039.143, 122
Trd, 4319039.643, 136
Trd, 4319040.443, 137
Trd, 4319040.543, 100
Trd, 4319040.743, 96
Trd, 4319040.893, 87
Trd, 4319041.093, 64
Trd, 4319042.243, 67
Trd, 4319043.293, 65
Trd, 4319044.243, 64
Trd, 4319044.793, 118
Trd, 4319045.843, 138
Trd, 4319047.143, 140
Trd, 4319047.493, 140
Trd, 4319048.793, 64
Trd, 4319049.043, 102
Trd, 4319049.593, 61
Trd, 4319049.693, 62
Trd, 4319050.393, 60
Trd, 4319051.043, 139
Trd, 4319051.543, 126
Trd, 4319051.943, 101
Trd, 4319053.043, 140
Trd, 4319054.043, 138
Trd, 4319054.643, 138
Trd, 4319054.693, 98
Trd, 4319056.093, 100
Trd, 4319056.443, 106
Trd, 4319056.943, 140
Trd, 4319058.043, 107
Trd, 4319058.293, 79
Trd, 4319060.093, 140
Trd, 4319060.643, 140
Trd, 4319061.993, 140
Trd, 4319062.393, 139
Trd, 4319063.343, 139
Trd, 4319063.743, 139
Trd, 4319063.843, 129
Trd, 4319064.293, 132
Trd, 4319064.393, 118
Trd, 4319064.643, 64
Trd, 4319064.943, 140
Trd, 4319066.793, 132
Trd, 4319067.343, 133
Trd, 4319068.093, 139
Trd, 4319068.143, 84
Trd, 4319068.193, 70
Trd, 4319068.593, 67
Trd, 4319071.193, 139
Trd, 4319071.443, 93
Trd, 4319072.143, 140
Trd, 4319072.393, 69
Trd, 4319072.793, 137
Trd, 4319073.743, 140
Trd, 4319073.843, 87
Trd, 4319074.843, 139
Trd, 4319076.893, 139
Trd, 4319077.143, 139
Trd, 4319077.843, 136
Trd, 4319078.443, 114
Trd, 4319078.493, 103
Trd, 4319079.243, 120
Trd, 4319079.343, 88
Trd, 4319079.493, 71
Trd, 4319080.643, 134
Trd, 4319080.743, 136
Trd, 4319081.043, 84
Trd, 4319081.193, 73
Trd, 4319081.843, 72
Trd, 4319082.943, 126
Trd, 4319083.443, 110
Trd, 4319084.093, 137
Trd, 4319085.243, 80
Trd, 4319086.093, 140
Trd, 4319087.243, 139
Trd, 4319088.043, 128
Trd, 4319088.343, 127
Trd, 4319088.643, 131
Trd, 4319088.893, 89
Trd, 4319089.393, 128
Trd, 4319090.193, 134
Trd, 4319090.343, 139
Trd, 4319091.243, 128
Trd, 4319091.293, 88
Trd, 4319092.493, 140
Trd, 4319094.243, 139
Trd, 4319094.293, 117
Trd, 4319094.593, 140
Trd, 4319095.543, 121
Trd, 4319097.493, 140
Trd, 4319097.793, 140
Trd, 4319099.693, 140
Trd, 4319099.743, 140
Trd, 4319100.143, 123
Trd, 4319100.643, 102
Trd, 4319101.093, 139
Trd, 4319102.393, 102
Trd, 4319103.443, 139
Trd, 4319104.643, 130
Trd, 4319105.493, 140
Trd, 4319106.693, 140
Trd, 4319107.393, 119
Trd, 4319107.543, 120
Trd, 4319107.693, 96
Trd, 4319108.093, 63
Trd, 4319108.593, 64
Trd, 4319110.043, 123
Trd, 4319111.493, 138
Trd, 4319112.293, 140
Trd, 4319112.693, 140
Trd, 4319113.243, 124
Trd, 4319113.643, 88
Trd, 4319114.893, 137
Trd, 4319115.143, 123
Trd, 4319116.243, 133
Trd, 4319116.393, 125
Trd, 4319120.343, 139
Trd, 4319121.743, 140
Trd, 4319121.843, 135
Trd, 4319122.743, 119
Trd, 4319123.643, 109
Trd, 4319124.743, 118
Trd, 4319125.293, 122
Trd, 4319125.343, 94
Trd, 4319125.493, 62
Trd, 4319127.043, 140
Trd, 4319128.693, 140
Trd, 4319129.843, 139
Trd, 4319130.543, 126
Trd, 4319130.943, 123
Trd, 4319130.993, 89
Trd, 4319131.343, 78
Trd, 4319132.893, 62
Trd, 4319133.193, 60
Trd, 4319133.443, 65
Trd, 4319135.593, 140
Trd, 4319135.943, 132
Trd, 4319136.643, 137
Trd, 4319137.293, 137
Trd, 4319138.093, 140
Trd, 4319139.293, 133
Trd, 4319140.093, 137
Trd, 4319140.843, 118
Trd, 4319141.643, 125
Trd, 4319141.693, 109
Trd, 4319142.643, 140
Trd, 4319143.293, 140
Trd, 4319143.993, 140
Trd, 4319144.543, 132
Trd, 4319144.743, 122
Trd, 4319146.543, 140
Trd, 4319147.443, 138
Trd, 4319147.693, 119
Trd, 4319148.093, 134
Trd, 4319148.943, 73
Trd, 4319149.293, 139
Trd, 4319149.793, 60
Trd, 4319150.093, 60
Trd, 4319151.143, 60
Trd, 4319151.943, 122
Trd, 4319153.743, 138
Trd, 4319154.493, 140
Trd, 4319155.493, 138
Trd, 4319156.943, 140
Trd, 4319157.193, 139
Trd, 4319158.293, 122
Trd, 4319158.943, 128
Trd, 4319159.943, 99
Trd, 4319160.693, 122
Trd, 4319160.793, 72
Trd, 4319162.043, 123
Trd, 4319162.693, 123
Trd, 4319162.893, 112
Trd, 4319163.593, 140
Trd, 4319163.943, 125
Trd, 4319165.193, 62
Trd, 4319166.193, 139
Trd, 4319166.643, 137
Trd, 4319166.693, 110
Trd, 4319168.243, 140
Trd, 4319168.693, 134
Trd, 4319168.943, 102
Trd, 4319169.643, 140
Trd, 4319170.343, 130
Trd, 4319171.493, 140
Trd, 4319172.293, 116
Trd, 4319172.943, 69
Trd, 4319173.243, 68
Trd, 4319174.943, 139
Trd, 4319175.093, 135
Trd, 4319176.143, 140
Trd, 4319176.843, 125
Trd, 4319177.543, 140
Trd, 4319179.143, 140
Trd, 4319179.543, 140
Trd, 4319180.443, 140
Trd, 4319181.593, 130
Trd, 4319182.643, 140
Trd, 4319182.843, 140
Trd, 4319183.843, 139
Trd, 4319184.043, 127
Trd, 4319185.093, 114
Trd, 4319185.443, 139
Trd, 4319186.643, 137
Trd, 4319187.343, 137
Trd, 4319188.343, 140
Trd, 4319189.593, 124
Trd, 4319190.443, 132
Trd, 4319191.693, 137
Trd, 4319191.943, 135
Trd, 4319191.993, 140
Trd, 4319192.343, 140
Trd, 4319192.943, 61
Trd, 4319193.843, 82
Trd, 4319194.693, 60
Trd, 4319195.543, 60
Trd, 4319196.193, 60
Trd, 4319196.293, 60
Trd, 4319196.443, 60
Trd, 4319197.143, 124
Trd, 4319197.793, 140
Trd, 4319198.293, 140
Trd, 4319200.693, 140
Trd, 4319201.043, 115
Trd, 4319201.393, 108
Trd, 4319201.793, 93
Trd, 4319202.943, 139
Trd, 4319203.493, 130
Trd, 4319204.993, 140
Trd, 4319205.193, 140
Trd, 4319206.043, 135
Trd, 4319206.793, 137
Trd, 4319207.093, 120
Trd, 4319207.493, 84
Trd, 4319208.693, 140
Trd, 4319208.893, 137
Trd, 4319209.843, 140
Trd, 4319210.443, 135
Trd, 4319210.593, 100
Trd, 4319211.593, 136
Trd, 4319212.443, 120
Trd, 4319212.893, 136
Trd, 4319213.143, 105
Trd, 4319214.193, 138
Trd, 4319215.143, 139
Trd, 4319217.543, 140
Trd, 4319218.643, 140
Trd, 4319218.893, 124
Trd, 4319218.993, 68
Trd, 4319219.193, 87
Trd, 4319220.343, 140
Trd, 4319221.043, 140
Trd, 4319222.493, 136
Trd, 4319222.793, 136
Trd, 4319223.243, 87
Trd, 4319224.693, 128
Trd, 4319225.243, 140
Trd, 4319225.443, 138
Trd, 4319226.243, 140
Trd, 4319226.543, 112
Trd, 4319226.893, 131
Trd, 4319228.043, 123
Trd, 4319230.543, 139
Trd, 4319231.343, 138
Trd, 4319232.143, 137
Trd, 4319234.093, 111
Trd, 4319234.393, 129
Trd, 4319234.693, 140
Trd, 4319236.043, 140
Trd, 4319236.293, 139
Trd, 4319236.993, 125
Trd, 4319237.393, 135
Trd, 4319240.343, 140
Trd, 4319240.743, 140
Trd, 4319241.193, 140
Trd, 4319241.993, 128
Trd, 4319242.343, 134
Trd, 4319242.493, 108
Trd, 4319243.593, 89
Trd, 4319244.043, 130
Trd, 4319244.593, 113
Trd, 4319244.793, 60
Trd, 4319244.843, 130
Trd, 4319246.043, 139
Trd, 4319246.143, 95
Trd, 4319247.143, 83
Trd, 4319247.843, 137
Trd, 4319248.593, 61
Trd, 4319249.843, 64
Trd, 4319249.993, 81
Trd, 4319251.243, 140
Trd, 4319251.293, 88
Trd, 4319251.593, 67
Trd, 4319251.643, 68
Trd, 4319252.343, 115
Trd, 4319253.893, 115
Trd, 4319254.343, 112
Trd, 4319255.643, 140
Trd, 4319255.993, 140
Trd, 4319256.893, 139
Trd, 4319257.493, 134
Trd, 4319257.843, 136
Trd, 4319259.093, 140
Trd, 4319260.343, 122
Trd, 4319261.143, 104
Trd, 4319262.743, 140
Trd, 4319262.943, 139
Trd, 4319263.593, 134
Trd, 4319264.193, 139
Trd, 4319265.143, 136
Trd, 4319266.393, 137
Trd, 4319267.993, 140
Trd, 4319268.693, 140
Trd, 4319269.193, 139
Trd, 4319269.593, 124
Trd, 4319269.693, 77
Trd, 4319271.693, 140
Trd, 4319271.743, 104
Trd, 4319272.093, 140
Trd, 4319273.293, 140
Trd, 4319273.443, 139
Trd, 4319274.993, 90
Trd, 4319275.693, 103
Trd, 4319275.893, 128
Trd, 4319276.043, 89
Trd, 4319276.243, 139
Trd, 4319277.193, 140
Trd, 4319277.493, 140
Trd, 4319278.093, 89
Trd, 4319278.393, 86
Trd, 4319280.143, 140
Trd, 4319280.593, 124
Trd, 4319281.993, 140
Trd, 4319282.243, 140
Trd, 4319282.893, 139
Trd, 4319283.593, 82
Trd, 4319284.443, 121
Trd, 4319284.843, 139
Trd, 4319288.793, 140
Trd, 4319289.443, 121
Trd, 4319289.743, 139
Trd, 4319289.793, 109
Trd, 4319290.843, 140
Trd, 4319291.593, 85
Trd, 4319293.193, 130
Trd, 4319293.393, 116
Trd, 4319294.243, 140
Trd, 4319295.743, 140
Trd, 4319296.043, 140
Trd, 4319296.943, 139
Trd, 4319298.593, 140
Trd, 4319299.443, 140
Trd, 4319299.543, 138
Trd, 4319299.643, 131
Trd, 4319300.193, 134
Trd, 4319302.493, 134
Trd, 4319305.243, 140
Trd, 4319306.543, 140
Trd, 4319307.793, 140
Trd, 4319307.843, 135
Trd, 4319307.993, 124
Trd, 4319308.343, 114
Trd, 4319308.893, 75
Trd, 4319309.543, 60
Trd, 4319309.943, 60
Trd, 4319310.193, 62
Trd, 4319312.143, 125
Trd, 4319313.043, 139
Trd, 4319313.243, 110
Trd, 4319314.143, 102
Trd, 4319314.593, 136
Trd, 4319315.693, 140
Trd, 4319316.643, 107
Trd, 4319318.343, 134
Trd, 4319318.843, 140
Trd, 4319319.643, 101
Trd, 4319319.893, 115
Trd, 4319320.193, 138
Trd, 4319320.243, 73
Trd, 4319320.943, 138
Trd, 4319321.643, 137
Trd, 4319322.493, 89
Trd, 4319323.593, 140
Trd, 4319324.543, 122
Trd, 4319325.943, 138
Trd, 4319326.693, 140
Trd, 4319327.143, 136
Trd, 4319328.943, 139
Trd, 4319329.593, 136
Trd, 4319330.893, 140
Trd, 4319331.193, 139
Trd, 4319331.443, 129
Trd, 4319332.093, 140
Trd, 4319332.543, 126
Trd, 4319334.893, 86
Trd, 4319335.893, 140
Trd, 4319336.343, 100
Trd, 4319336.493, 60
Trd, 4319337.343, 140
Trd, 4319338.343, 124
Trd, 4319339.943, 140
Trd, 4319340.093, 140
Trd, 4319340.693, 139
Trd, 4319341.093, 108
Trd, 4319341.343, 76
Trd, 4319342.643, 140
Trd, 4319343.293, 140
Trd, 4319343.743, 139
Trd, 4319344.243, 137
Trd, 4319346.243, 135
Trd, 4319346.843, 117
Trd, 4319346.943, 135
Trd, 4319347.193, 88
Trd, 4319347.493, 125
Trd, 4319349.243, 140
Trd, 4319349.443, 139
Trd, 4319349.943, 136
Trd, 4319350.443, 123
Trd, 4319351.543, 134
Trd, 4319352.793, 134
Trd, 4319354.043, 140
Trd, 4319354.243, 138
Trd, 4319354.943, 140
Trd, 4319356.093, 140
Trd, 4319358.043, 138
Trd, 4319359.443, 126
Trd, 4319360.393, 139
Trd, 4319360.993, 140
Trd, 4319361.243, 87
Trd, 4319361.443, 140
Trd, 4319363.293, 124
Trd, 4319364.043, 130
Trd, 4319364.343, 95
Trd, 4319365.143, 119
Trd, 4319365.393, 114
Trd, 4319365.543, 103
Trd, 4319366.393, 61
Trd, 4319366.743, 119
Trd, 4319368.593, 60
Trd, 4319368.643, 61
Trd, 4319368.843, 63
Trd, 4319369.093, 80
Trd, 4319370.293, 119
Trd, 4319371.143, 105
Trd, 4319372.343, 140
Trd, 4319372.693, 139
Trd, 4319373.243, 140
Trd, 4319373.293, 124
Trd, 4319374.043, 79
Trd, 4319374.193, 75
Trd, 4319374.893, 139
Trd, 4319376.143, 140
Trd, 4319377.293, 140
Trd, 4319377.493, 123
Trd, 4319378.593, 140
Trd, 4319379.493, 140
Trd, 4319380.543, 140
Trd, 4319382.043, 138
Trd, 4319383.193, 138
Trd, 4319383.343, 116
Trd, 4319384.193, 118
Trd, 4319384.793, 79
Trd, 4319385.593, 140
Trd, 4319386.993, 140
Trd, 4319387.193, 140
Trd, 4319387.793, 138
Trd, 4319387.843, 114
Trd, 4319388.843, 124
Trd, 4319390.193, 140
Trd, 4319390.993, 136
Trd, 4319391.593, 126
Trd, 4319393.393, 140
Trd, 4319393.693, 139
Trd, 4319394.093, 139
Trd, 4319394.843, 138
Trd, 4319396.093, 140
Trd, 4319396.293, 111
Trd, 4319397.493, 61
Trd, 4319397.893, 60
Trd, 4319398.443, 60
Trd, 4319398.493, 60
Trd, 4319398.693, 62
Trd, 4319399.643, 61
Trd, 4319399.793, 62
Trd, 4319399.893, 61
Trd, 4319400.693, 140
Trd, 4319400.893, 139
Trd, 4319401.793, 129
Trd, 4319403.543, 140
Trd, 4319404.493, 130
Trd, 4319405.143, 140
Trd, 4319406.943, 139
Trd, 4319407.243, 136
Trd, 4319407.393, 109
Trd, 4319407.943, 139
Trd, 4319408.843, 139
Trd, 4319409.343, 121
Trd, 4319409.593, 136
Trd, 4319410.343, 90
Trd, 4319410.893, 139
Trd, 4319412.993, 139
Trd, 4319413.393, 110
Trd, 4319415.093, 140
Trd, 4319415.193, 139
Trd, 4319416.893, 140
Trd, 4319418.543, 139
Trd, 4319419.043, 137
Trd, 4319419.143, 135
Trd, 4319419.743, 139
Trd, 4319420.193, 117
Trd, 4319420.743, 139
Trd, 4319420.893, 138
Trd, 4319422.193, 118
Trd, 4319423.043, 135
Trd, 4319424.393, 112
Trd, 4319424.443, 136
Trd, 4319425.393, 139
Trd, 4319428.643, 139
Trd, 4319428.693, 138
Trd, 4319428.893, 128
Trd, 4319429.193, 125
Trd, 4319430.093, 140
Trd, 4319430.193, 140
Trd, 4319430.593, 139
Trd, 4319431.193, 114
Trd, 4319431.393, 101
Trd, 4319432.093, 129
Trd, 4319436.093, 140
Trd, 4319436.593, 140
Trd, 4319437.243, 131
Trd, 4319438.193, 133
Trd, 4319439.093, 140
Trd, 4319440.843, 138
Trd, 4319440.893, 115
Trd, 4319443.093, 139
Trd, 4319443.593, 138
Trd, 4319444.393, 139
Trd, 4319444.793, 138
Trd, 4319445.443, 126
Trd, 4319446.043, 124
Trd, 4319446.093, 109
Trd, 4319447.543, 140
Trd, 4319447.693, 139
Trd, 4319448.093, 95
Trd, 4319449.043, 128
Trd, 4319450.343, 139
Trd, 4319451.493, 140
Trd, 4319452.493, 140
Trd, 4319452.843, 140
Trd, 4319453.343, 139
Trd, 4319454.243, 138
Trd, 4319454.643, 97
Trd, 4319455.743, 140
Trd, 4319456.293, 138
Trd, 4319458.493, 139
Trd, 4319459.443, 140
Trd, 4319459.493, 140
Trd, 4319460.643, 99
Trd, 4319460.793, 76
Trd, 4319461.843, 112
Trd, 4319462.343, 134
Trd, 4319462.593, 109
Trd, 4319463.793, 136
Trd, 4319463.993, 112
Trd, 4319465.093, 139
Trd, 4319466.493, 132
Trd, 4319466.593, 110
Trd, 4319467.593, 94
Trd, 4319469.843, 140
Trd, 4319470.043, 140
Trd, 4319471.243, 140
Trd, 4319471.893, 140
Trd, 4319472.293, 135
Trd, 4319472.443, 114
Trd, 4319473.093, 140
Trd, 4319473.793, 98
Trd, 4319474.843, 140
Trd, 4319475.343, 133
Trd, 4319475.443, 118
Trd, 4319476.543, 127
Trd, 4319477.543, 139
Trd, 4319478.343, 140
Trd, 4319478.393, 139
Trd, 4319479.093, 96
Trd, 4319479.643, 139
Trd, 4319479.843, 78
Trd, 4319481.243, 140
Trd, 4319482.993, 108
Trd, 4319483.043, 107
Trd, 4319484.343, 140
Trd, 4319484.443, 82
Trd, 4319485.143, 66
Trd, 4319486.293, 133
Trd, 4319486.443, 107
Trd, 4319487.143, 70
Trd, 4319487.593, 95
Trd, 4319488.143, 102
Trd, 4319488.493, 132
Trd, 4319489.193, 139
Trd, 4319489.643, 140
Trd, 4319489.843, 95
Trd, 4319491.543, 140
Trd, 4319491.743, 140
Trd, 4319492.843, 140
Trd, 4319493.343, 140
Trd, 4319495.393, 132
Trd, 4319496.593, 139
Trd, 4319499.193, 138
Trd, 4319499.543, 137
Trd, 4319499.993, 137
Trd, 4319500.093, 133
Trd, 4319501.643, 126
Trd, 4319501.693, 127
Trd, 4319502.493, 116
Trd, 4319503.993, 139
Trd, 4319504.343, 140
Trd, 4319504.543, 121
Trd, 4319505.693, 104
Trd, 4319506.593, 85
Trd, 4319506.793, 85
Trd, 4319508.893, 140
Trd, 4319509.443, 139
Trd, 4319509.543, 139
Trd, 4319510.043, 105
Trd, 4319510.343, 104
Trd, 4319510.543, 95
Trd, 4319511.693, 139
Trd, 4319512.993, 140
Trd, 4319514.593, 139
Trd, 4319514.993, 137
Trd, 4319515.643, 123
Trd, 4319516.293, 119
Trd, 4319516.793, 140
Trd, 4319516.993, 73
Trd, 4319518.943, 140
Trd, 4319519.343, 92
Trd, 4319519.993, 140
Trd, 4319520.693, 139
Trd, 4319521.293, 134
Trd, 4319522.543, 140
Trd, 4319523.043, 138
Trd, 4319523.493, 137
Trd, 4319523.943, 139
Trd, 4319524.143, 74
Trd, 4319525.293, 135
Trd, 4319527.593, 139
Trd, 4319527.893, 118
Trd, 4319528.193, 122
Trd, 4319528.493, 134
Trd, 4319529.693, 63
Trd, 4319530.393, 139
Trd, 4319534.193, 140
Trd, 4319534.543, 140
Trd, 4319534.593, 140
Trd, 4319535.243, 140
Trd, 4319535.893, 127
Trd, 4319536.693, 117
Trd, 4319537.893, 138
Trd, 4319538.993, 139
Trd, 4319539.193, 140
Trd, 4319540.143, 139
Trd, 4319540.243, 122
Trd, 4319541.293, 140
Trd, 4319541.443, 114
Trd, 4319542.843, 135
Trd, 4319543.243, 138
Trd, 4319543.293, 135
Trd, 4319543.543, 124
Trd, 4319543.993, 76
Trd, 4319546.343, 139
Trd, 4319546.893, 139
Trd, 4319547.943, 127
Trd, 4319548.493, 139
Trd, 4319548.843, 83
Trd, 4319550.493, 140
Trd, 4319551.293, 139
Trd, 4319552.843, 139
Trd, 4319552.893, 111
Trd, 4319553.043, 135
Trd, 4319553.843, 115
Trd, 4319555.443, 140
Trd, 4319555.943, 140
Trd, 4319556.093, 97
Trd, 4319556.943, 140
Trd, 4319557.293, 68
Trd, 4319558.793, 139
Trd, 4319559.343, 113
Trd, 4319559.543, 97
Trd, 4319560.043, 139
Trd, 4319560.093, 84
Trd, 4319561.493, 74
Trd, 4319562.093, 132
Trd, 4319562.993, 108
Trd, 4319563.893, 119
Trd, 4319565.743, 139
Trd, 4319565.943, 138
Trd, 4319566.243, 140
Trd, 4319566.543, 136
Trd, 4319568.193, 140
Trd, 4319568.793, 140
Trd, 4319569.993, 140
Trd, 4319570.293, 139
Trd, 4319570.943, 139
Trd, 4319571.193, 82
Trd, 4319571.693, 138
Trd, 4319572.443, 118
Trd, 4319573.543, 137
Trd, 4319574.743, 140
Trd, 4319574.843, 138
Trd, 4319576.193, 138
Trd, 4319576.243, 133
Trd, 4319577.093, 140
Trd, 4319578.493, 107
Trd, 4319578.543, 98
Trd, 4319579.293, 140
Trd, 4319581.343, 125
Trd, 4319581.393, 103
Trd, 4319582.243, 137
Trd, 4319582.343, 121
Trd, 4319583.343, 138
Trd, 4319584.593, 133
Trd, 4319585.493, 140
Trd, 4319585.893, 140
Trd, 4319587.193, 138
Trd, 4319587.793, 137
Trd, 4319588.043, 101
Trd, 4319588.193, 60
Trd, 4319589.693, 133
Trd, 4319590.043, 117
Trd, 4319590.843, 137
Trd, 4319591.443, 138
Trd, 4319591.493, 84
Trd, 4319594.043, 139
Trd, 4319594.693, 131
Trd, 4319595.693, 139
Trd, 4319596.443, 138
Trd, 4319597.743, 139
Trd, 4319599.193, 140
Trd, 4319600.193, 123
Trd, 4319600.393, 127
Trd, 4319601.343, 130
Trd, 4319601.643, 130
Trd, 4319602.393, 140
Trd, 4319603.193, 140
Trd, 4319604.493, 140
Trd, 4319604.793, 66
Trd, 4319606.343, 131
Trd, 4319606.793, 140
Trd, 4319606.843, 102
Trd, 4319607.293, 94
Trd, 4319608.893, 137
Trd, 4319609.293, 123
Trd, 4319610.443, 137
Trd, 4319611.043, 137
Trd, 4319611.243, 82
Trd, 4319611.293, 77
Trd, 4319612.593, 140
Trd, 4319613.243, 139
Trd, 4319613.693, 133
Trd, 4319615.493, 137
Trd, 4319615.543, 128
Trd, 4319616.543, 136
Trd, 4319616.843, 105
Trd, 4319617.343, 83
Trd, 4319618.143, 140
Trd, 4319621.843, 139
Trd, 4319621.893, 139
Trd, 4319622.243, 136
Trd, 4319622.693, 135
Trd, 4319622.743, 110
Trd, 4319623.343, 140
Trd, 4319624.093, 139
Trd, 4319625.593, 140
Trd, 4319627.243, 140
Trd, 4319627.443, 140
Trd, 4319628.693, 138
Trd, 4319629.743, 138
Trd, 4319630.143, 140
Trd, 4319630.493, 127
Trd, 4319631.293, 139
Trd, 4319631.393, 114
Trd, 4319632.493, 139
Trd, 4319632.693, 79
Trd, 4319633.243, 116
Trd, 4319634.043, 102
Trd, 4319634.743, 60
Trd, 4319635.193, 63
Trd, 4319636.393, 131
Trd, 4319637.993, 140
Trd, 4319640.143, 140
Trd, 4319640.243, 132
Trd, 4319640.993, 138
Trd, 4319641.343, 128
Trd, 4319641.893, 140
Trd, 4319641.943, 138
Trd, 4319643.193, 117
Trd, 4319644.443, 140
Trd, 4319644.543, 138
Trd, 4319645.993, 138
Trd, 4319647.393, 140
Trd, 4319647.543, 116
Trd, 4319649.343, 139
Trd, 4319650.293, 129
Trd, 4319650.743, 114
Trd, 4319651.443, 100
Trd, 4319652.243, 139
Trd, 4319652.393, 140
Trd, 4319653.843, 139
Trd, 4319654.843, 89
Trd, 4319655.043, 108
Trd, 4319655.293, 103
Trd, 4319656.643, 140
Trd, 4319656.693, 139
Trd, 4319657.543, 140
Trd, 4319658.293, 111
Trd, 4319658.443, 111
Trd, 4319659.793, 140
Trd, 4319661.543, 139
Trd, 4319662.193, 80
Trd, 4319662.943, 140
Trd, 4319663.993, 138
Trd, 4319664.593, 135
Trd, 4319664.743, 101
Trd, 4319664.843, 62
Trd, 4319665.493, 123
Trd, 4319666.543, 140
Trd, 4319667.993, 137
Trd, 4319668.493, 138
Trd, 4319668.643, 128
Trd, 4319669.993, 138
Trd, 4319670.493, 135
Trd, 4319671.443, 135
Trd, 4319672.343, 139
Trd, 4319672.393, 136
Trd, 4319672.693, 95
Trd, 4319673.593, 138
Trd, 4319674.993, 140
Trd, 4319675.693, 136
Trd, 4319676.793, 128
Trd, 4319679.043, 140
Trd, 4319679.193, 140
Trd, 4319679.943, 140
Trd, 4319680.093, 134
Trd, 4319680.993, 140
Trd, 4319682.343, 138
Trd, 4319682.443, 135
Trd, 4319683.193, 118
Trd, 4319683.343, 112
Trd, 4319683.993, 126
Trd, 4319684.993, 92
Trd, 4319685.243, 138
Trd, 4319685.693, 136
Trd, 4319686.543, 140
Trd, 4319687.593, 136
Trd, 4319688.043, 124
Trd, 4319689.643, 134
Trd, 4319690.143, 123
Trd, 4319690.493, 136
Trd, 4319691.143, 107
Trd, 4319691.293, 87
Trd, 4319691.993, 94
Trd, 4319692.943, 133
Trd, 4319694.843, 140
Trd, 4319695.543, 140
Trd, 4319695.793, 136
Trd, 4319696.993, 139
Trd, 4319697.493, 138
Trd, 4319697.843, 107
Trd, 4319698.843, 135
Trd, 4319698.993, 115
Trd, 4319700.193, 140
Trd, 4319700.443, 138
Trd, 4319702.143, 135
Trd, 4319702.943, 131
Trd, 4319704.193, 140
Trd, 4319704.293, 140
Trd, 4319704.893, 118
Trd, 4319705.893, 139
Trd, 4319706.943, 91
Trd, 4319707.243, 138
Trd, 4319707.843, 63
Trd, 4319708.143, 134
Trd, 4319708.943, 139
Trd, 4319709.493, 140
Trd, 4319711.543, 140
Trd, 4319712.793, 133
Trd, 4319713.193, 137
Trd, 4319713.443, 137
Trd, 4319713.993, 136
Trd, 4319714.093, 101
Trd, 4319714.993, 124
Trd, 4319716.393, 140
Trd, 4319716.843, 136
Trd, 4319717.143, 125
Trd, 4319717.243, 139
Trd, 4319720.693, 140
Trd, 4319720.943, 140
Trd, 4319721.893, 106
Trd, 4319722.143, 132
Trd, 4319722.843, 139
Trd, 4319723.243, 135
Trd, 4319724.593, 103
Trd, 4319725.543, 139
Trd, 4319726.143, 140
Trd, 4319726.393, 103
Trd, 4319726.843, 120
Trd, 4319727.843, 140
Trd, 4319728.093, 128
Trd, 4319728.643, 132
Trd, 4319729.793, 138
Trd, 4319731.593, 133
Trd, 4319731.893, 140
Trd, 4319732.093, 138
Trd, 4319732.793, 127
Trd, 4319733.843, 100
Trd, 4319735.343, 130
Trd, 4319735.393, 132
Trd, 4319735.793, 139
Trd, 4319737.043, 129
Trd, 4319737.993, 79
Trd, 4319738.293, 71
Trd, 4319738.493, 66
Trd, 4319739.093, 72
Trd, 4319739.293, 63
Trd, 4319740.293, 140
Trd, 4319740.793, 65
Trd, 4319742.493, 139
Trd, 4319743.443, 140
Trd, 4319744.193, 137
Trd, 4319744.293, 122
Trd, 4319744.793, 140
Trd, 4319745.093, 108
Trd, 4319746.643, 61
Trd, 4319747.043, 109
Trd, 4319747.543, 67
Trd, 4319749.043, 140
Trd, 4319750.143, 139
Trd, 4319750.693, 140
Trd, 4319751.643, 127
Trd, 4319752.643, 115
Trd, 4319753.443, 65
Trd, 4319753.743, 68
Trd, 4319755.193, 140
Trd, 4319755.243, 140
Trd, 4319756.093, 140
Trd, 4319756.393, 133
Trd, 4319756.893, 89
Trd, 4319757.143, 133
Trd, 4319757.493, 119
Trd, 4319758.093, 140
Trd, 4319758.943, 139
Trd, 4319760.493, 139
Trd, 4319761.893, 140
Trd, 4319762.493, 140
Trd, 4319765.243, 139
Trd, 4319765.643, 135
Trd, 4319766.143, 95
Trd, 4319766.893, 60
Trd, 4319767.343, 60
Trd, 4319768.443, 60
Trd, 4319769.243, 61
Trd, 4319769.743, 63
Trd, 4319769.993, 60
Trd, 4319770.993, 140
Trd, 4319771.143, 136
Trd, 4319771.643, 140
Trd, 4319771.993, 123
Trd, 4319773.343, 66
Trd, 4319773.693, 67
Trd, 4319774.143, 98
Trd, 4319774.943, 69
Trd, 4319775.693, 104
Trd, 4319776.393, 94
Trd, 4319777.493, 140
Trd, 4319778.193, 138
Trd, 4319778.843, 122
Trd, 4319780.543, 138
Trd, 4319780.793, 138
Trd, 4319781.193, 137
Trd, 4319781.993, 135
Trd, 4319783.443, 127
Trd, 4319784.493, 139
Trd, 4319785.843, 140
Trd, 4319786.393, 138
Trd, 4319786.643, 120
Trd, 4319786.893, 76
Trd, 4319787.743, 140
Trd, 4319788.493, 138
Trd, 4319788.743, 60
Trd, 4319789.093, 61
Trd, 4319790.143, 62
Trd, 4319790.693, 138
Trd, 4319791.693, 135
Trd, 4319791.943, 137
Trd, 4319792.243, 61
Trd, 4319792.893, 139
Trd, 4319794.143, 139
Trd, 4319794.793, 126
Trd, 4319794.993, 114
Trd, 4319796.593, 140
Trd, 4319798.493, 129
Trd, 4319798.993, 128
Trd, 4319799.343, 121
Trd, 4319799.493, 101
Trd, 4319799.643, 66
Trd, 4319800.893, 140
Trd, 4319801.793, 139
Trd, 4319802.343, 136
Trd, 4319802.843, 138
Trd, 4319804.193, 140
Trd, 4319804.243, 140
Trd, 4319805.043, 140
Trd, 4319805.393, 123
Trd, 4319805.743, 85
Trd, 4319806.043, 102
Trd, 4319806.393, 139
Trd, 4319807.393, 97
Trd, 4319809.793, 138
Trd, 4319809.943, 79
Trd, 4319810.343, 140
Trd, 4319811.843, 139
Trd, 4319811.893, 135
Trd, 4319812.243, 140
Trd, 4319812.893, 128
Trd, 4319813.343, 139
Trd, 4319813.543, 140
Trd, 4319813.743, 130
Trd, 4319814.843, 125
Trd, 4319815.843, 138
Trd, 4319816.543, 139
Trd, 4319819.443, 139
Trd, 4319820.793, 140
Trd, 4319821.643, 119
Trd, 4319822.143, 140
Trd, 4319822.293, 136
Trd, 4319822.693, 139
Trd, 4319823.593, 111
Trd, 4319824.393, 77
Trd, 4319824.793, 104
Trd, 4319824.993, 121
Trd, 4319825.243, 137
Trd, 4319825.543, 128
Trd, 4319825.643, 138
Trd, 4319825.843, 82
Trd, 4319828.393, 117
Trd, 4319829.693, 138
Trd, 4319830.443, 124
Trd, 4319830.643, 82
Trd, 4319831.993, 139
Trd, 4319832.293, 137
Trd, 4319832.743, 140
Trd, 4319833.143, 127
Trd, 4319834.643, 137
Trd, 4319835.343, 138
Trd, 4319836.543, 140
Trd, 4319836.593, 125
Trd, 4319837.543, 140
Trd, 4319839.543, 140
Trd, 4319840.243, 140
Trd, 4319840.293, 130
Trd, 4319841.093, 139
Trd, 4319843.343, 139
Trd, 4319843.593, 133
Trd, 4319844.393, 139
Trd, 4319845.093, 139
Trd, 4319845.343, 130
Trd, 4319846.343, 135
Trd, 4319846.443, 124
Trd, 4319848.093, 140
Trd, 4319848.693, 139
Trd, 4319850.093, 78
Trd, 4319851.143, 140
Trd, 4319852.793, 138
Trd, 4319852.843, 130
Trd, 4319852.993, 99
Trd, 4319853.993, 140
Trd, 4319855.143, 140
Trd, 4319855.693, 140
Trd, 4319856.293, 103
Trd, 4319856.943, 60
Trd, 4319857.043, 60
Trd, 4319857.743, 99
Trd, 4319858.093, 133
Trd, 4319858.843, 132
Trd, 4319859.343, 108
Trd, 4319859.643, 106
Trd, 4319860.993, 140
Trd, 4319861.443, 133
Trd, 4319862.043, 139
Trd, 4319862.843, 128
Trd, 4319865.743, 140
Trd, 4319866.093, 139
Trd, 4319866.843, 137
Trd, 4319867.243, 136
Trd, 4319868.043, 132
Trd, 4319868.293, 130
Trd, 4319868.993, 118
Trd, 4319869.643, 136
Trd, 4319869.843, 116
Trd, 4319869.893, 75
Trd, 4319870.093, 140
Trd, 4319870.793, 136
Trd, 4319871.443, 91
Trd, 4319872.543, 135
Trd, 4319873.493, 75
Trd, 4319874.093, 140
Trd, 4319876.493, 135
Trd, 4319877.343, 140
Trd, 4319877.643, 136
Trd, 4319878.593, 139
Trd, 4319878.943, 135
Trd, 4319879.793, 92
Trd, 4319880.393, 139
Trd, 4319880.993, 117
Trd, 4319881.443, 110
Trd, 4319884.693, 140
Trd, 4319885.993, 139
Trd, 4319886.093, 139
Trd, 4319886.693, 136
Trd, 4319887.543, 109
Trd, 4319888.243, 60
Trd, 4319888.693, 62
Trd, 4319888.793, 63
Trd, 4319888.893, 113
Trd, 4319889.243, 81
Trd, 4319890.243, 85
Trd, 4319891.493, 68
Trd, 4319892.493, 140
Trd, 4319892.643, 140
Trd, 4319892.743, 139
Trd, 4319894.393, 62
Trd, 4319894.593, 63
Trd, 4319895.193, 73
Trd, 4319895.943, 61
Trd, 4319897.143, 138
Trd, 4319897.193, 134
Trd, 4319897.593, 139
Trd, 4319898.393, 137
Trd, 4319899.493, 135
Trd, 4319901.043, 137
Trd, 4319901.193, 136
Trd, 4319901.843, 111
Trd, 4319901.893, 86
Trd, 4319903.243, 135
Trd, 4319905.143, 140
Trd, 4319905.243, 140
Trd, 4319907.193, 140
Trd, 4319907.243, 140
Trd, 4319908.043, 132
Trd, 4319908.543, 126
Trd, 4319908.593, 114
Trd, 4319909.043, 108
Trd, 4319909.393, 99
Trd, 4319910.443, 140
Trd, 4319911.043, 112
Trd, 4319911.493, 69
Trd, 4319912.543, 140
Trd, 4319912.943, 140
Trd, 4319913.793, 134
Trd, 4319914.693, 126
Trd, 4319916.343, 140
Trd, 4319917.243, 135
Trd, 4319917.443, 123
Trd, 4319917.843, 107
Trd, 4319918.543, 123
Trd, 4319918.843, 124
Trd, 4319919.243, 96
Trd, 4319920.093, 133
Trd, 4319921.643, 140
Trd, 4319921.843, 120
Trd, 4319921.943, 95
Trd, 4319922.693, 137
Trd, 4319924.693, 135
Trd, 4319924.793, 93
Trd, 4319924.943, 87
Trd, 4319927.343, 135
Trd, 4319927.993, 140
Trd, 4319928.693, 140
Trd, 4319929.193, 120
Trd, 4319929.243, 103
Trd, 4319929.393, 86
Trd, 4319930.143, 60
Trd, 4319930.743, 139
Trd, 4319932.143, 140
Trd, 4319933.193, 138
Trd, 4319933.343, 131
Trd, 4319934.243, 130
Trd, 4319934.443, 134
Trd, 4319934.693, 113
Trd, 4319935.343, 60
Trd, 4319938.193, 137
Trd, 4319938.443, 136
Trd, 4319939.893, 140
Trd, 4319939.993, 139
Trd, 4319940.593, 129
Trd, 4319941.693, 100
Trd, 4319941.993, 65
Trd, 4319942.893, 139
Trd, 4319942.993, 108
Trd, 4319944.443, 140
Trd, 4319944.843, 140
Trd, 4319946.243, 135
Trd, 4319946.393, 140
Trd, 4319946.693, 132
Trd, 4319947.893, 140
Trd, 4319947.993, 126
Trd, 4319948.493, 140
Trd, 4319948.643, 124
Trd, 4319951.143, 139
Trd, 4319952.293, 87
Trd, 4319952.793, 140
Trd, 4319953.193, 126
Trd, 4319953.493, 79
Trd, 4319955.043, 132
Trd, 4319955.393, 106
Trd, 4319956.493, 123
Trd, 4319957.193, 137
Trd, 4319957.993, 135
Trd, 4319958.293, 113
Trd, 4319959.043, 139
Trd, 4319959.993, 134
Trd, 4319961.043, 140
Trd, 4319961.593, 128
Trd, 4319963.943, 140
Trd, 4319964.443, 138
Trd, 4319964.893, 89
Trd, 4319965.043, 60
Trd, 4319965.393, 91
Trd, 4319967.893, 140
Trd, 4319968.943, 140
Trd, 4319969.443, 139
Trd, 4319969.543, 139
Trd, 4319970.093, 116
Trd, 4319970.593, 81
Trd, 4319971.493, 134
Trd, 4319971.743, 137
Trd, 4319972.143, 138
Trd, 4319972.243, 132
Trd, 4319972.993, 136
Trd, 4319973.843, 71
Trd, 4319975.093, 140
Trd, 4319975.643, 139
Trd, 4319976.393, 99
Trd, 4319977.393, 120
Trd, 4319977.793, 75
Trd, 4319977.843, 133
Trd, 4319978.343, 76
Trd, 4319979.343, 139
Trd, 4319979.843, 95
Trd, 4319982.743, 140
Trd, 4319984.193, 140
Trd, 4319984.543, 139
Trd, 4319985.193, 139
Trd, 4319985.443, 110
Trd, 4319987.093, 139
Trd, 4319987.443, 122
Trd, 4319987.543, 109
Trd, 4319988.793, 117
Trd, 4319989.193, 101
Trd, 4319989.243, 133
Trd, 4319989.293, 137
Trd, 4319989.643, 62
Trd, 4319989.693, 63
Trd, 4319990.143, 63
Trd, 4319991.693, 139
Trd, 4319993.143, 140
Trd, 4319993.443, 136
Trd, 4319993.743, 135
Trd, 4319994.093, 107
Trd, 4319995.393, 140
Trd, 4319995.543, 120
Trd, 4319995.943, 88
Trd, 4319996.043, 88
Trd, 4319997.293, 139
Trd, 4319998.293, 136
Trd, 4319999.843, 140
