Trd, 4318143.493, 65
Trd, 4318143.543, 91
Trd, 4318144.593, 78
Trd, 4318145.593, 68
Trd, 4318146.193, 65
Trd, 4318146.543, 78
Trd, 4318147.493, 120
Trd, 4318148.043, 88
Trd, 4318149.543, 86
Trd, 4318149.893, 86
Trd, 4318150.393, 138
Trd, 4318150.493, 75
Trd, 4318151.393, 62
Trd, 4318152.443, 72
Trd, 4318152.843, 65
Trd, 4318153.793, 65
Trd, 4318154.243, 121
Trd, 4318154.793, 99
Trd, 4318155.643, 66
Trd, 4318156.843, 79
Trd, 4318157.643, 78
Trd, 4318158.143, 72
Trd, 4318158.893, 79
Trd, 4318159.693, 97
Trd, 4318160.793, 94
Trd, 4318161.293, 106
Trd, 4318161.993, 95
Trd, 4318162.093, 92
Trd, 4318163.243, 140
Trd, 4318164.493, 134
Trd, 4318164.543, 125
Trd, 4318165.843, 124
Trd, 4318166.093, 121
Trd, 4318167.543, 116
Trd, 4318167.643, 127
Trd, 4318167.893, 111
Trd, 4318169.143, 130
Trd, 4318169.193, 110
Trd, 4318169.343, 100
Trd, 4318171.443, 91
Trd, 4318171.743, 81
Trd, 4318172.993, 133
Trd, 4318173.293, 130
Trd, 4318173.643, 123
Trd, 4318173.693, 119
Trd, 4318174.093, 87
Trd, 4318175.393, 92
Trd, 4318175.893, 121
Trd, 4318176.193, 100
Trd, 4318177.043, 89
Trd, 4318177.843, 95
Trd, 4318178.093, 69
Trd, 4318178.943, 91
Trd, 4318180.693, 130
Trd, 4318182.843, 133
Trd, 4318183.543, 133
Trd, 4318183.743, 86
Trd, 4318184.243, 94
Trd, 4318184.443, 75
Trd, 4318184.793, 114
Trd, 4318185.193, 62
Trd, 4318185.993, 124
Trd, 4318187.693, 100
Trd, 4318188.743, 104
Trd, 4318188.843, 101
Trd, 4318189.493, 96
Trd, 4318189.693, 103
Trd, 4318190.293, 139
Trd, 4318191.143, 76
Trd, 4318192.643, 101
Trd, 4318193.543, 109
Trd, 4318193.693, 109
Trd, 4318193.893, 97
Trd, 4318194.393, 109
Trd, 4318194.943, 92
Trd, 4318195.093, 123
Trd, 4318195.443, 79
Trd, 4318196.443, 107
Trd, 4318197.043, 104
Trd, 4318197.193, 102
Trd, 4318198.243, 104
Trd, 4318199.243, 114
Trd, 4318201.593, 134
Trd, 4318202.393, 130
Trd, 4318203.893, 127
Trd, 4318204.143, 97
Trd, 4318204.343, 82
Trd, 4318204.493, 69
Trd, 4318204.993, 76
Trd, 4318205.393, 86
Trd, 4318206.493, 91
Trd, 4318206.843, 93
Trd, 4318206.893, 94
Trd, 4318208.443, 126
Trd, 4318209.343, 108
Trd, 4318209.843, 80
Trd, 4318210.293, 86
Trd, 4318212.093, 117
Trd, 4318212.393, 120
Trd, 4318213.193, 113
Trd, 4318213.843, 123
Trd, 4318215.143, 138
Trd, 4318215.743, 133
Trd, 4318215.943, 132
Trd, 4318216.993, 128
Trd, 4318217.443, 90
Trd, 4318217.993, 139
Trd, 4318218.093, 97
Trd, 4318218.793, 126
Trd, 4318219.143, 121
Trd, 4318219.943, 124
Trd, 4318220.793, 135
Trd, 4318220.993, 131
Trd, 4318221.193, 115
Trd, 4318221.843, 108
Trd, 4318222.443, 74
Trd, 4318223.993, 71
Trd, 4318224.093, 78
Trd, 4318225.293, 81
Trd, 4318225.893, 121
Trd, 4318226.693, 117
Trd, 4318227.093, 111
Trd, 4318227.293, 100
Trd, 4318227.693, 99
Trd, 4318229.443, 108
Trd, 4318230.743, 116
Trd, 4318230.943, 115
Trd, 4318231.543, 131
Trd, 4318231.743, 83
Trd, 4318232.943, 116
Trd, 4318233.043, 113
Trd, 4318233.743, 99
Trd, 4318234.393, 72
Trd, 4318235.393, 61
Trd, 4318235.893, 127
Trd, 4318236.243, 111
Trd, 4318236.643, 109
Trd, 4318238.593, 134
Trd, 4318238.843, 130
Trd, 4318240.143, 124
Trd, 4318240.343, 96
Trd, 4318241.043, 62
Trd, 4318241.943, 137
Trd, 4318243.593, 97
Trd, 4318244.143, 108
Trd, 4318245.443, 125
Trd, 4318247.043, 140
Trd, 4318247.093, 121
Trd, 4318247.943, 123
Trd, 4318248.293, 120
Trd, 4318248.343, 117
Trd, 4318249.593, 138
Trd, 4318250.043, 123
Trd, 4318250.943, 116
Trd, 4318251.293, 133
Trd, 4318252.543, 121
Trd, 4318252.743, 112
Trd, 4318253.093, 98
Trd, 4318254.493, 138
Trd, 4318254.743, 116
Trd, 4318255.843, 128
Trd, 4318255.893, 112
Trd, 4318256.393, 111
Trd, 4318256.593, 79
Trd, 4318256.793, 78
Trd, 4318257.343, 65
Trd, 4318258.343, 86
Trd, 4318258.443, 102
Trd, 4318259.143, 96
Trd, 4318260.193, 134
Trd, 4318261.243, 131
Trd, 4318261.693, 127
Trd, 4318262.293, 128
Trd, 4318263.193, 112
Trd, 4318264.143, 138
Trd, 4318264.793, 131
Trd, 4318265.093, 122
Trd, 4318265.943, 133
Trd, 4318266.193, 119
Trd, 4318266.643, 97
Trd, 4318267.243, 114
Trd, 4318267.393, 91
Trd, 4318267.943, 133
Trd, 4318268.093, 60
Trd, 4318269.243, 84
Trd, 4318269.393, 83
Trd, 4318269.843, 101
Trd, 4318271.643, 92
Trd, 4318272.143, 74
Trd, 4318272.943, 103
Trd, 4318274.143, 97
Trd, 4318274.243, 94
Trd, 4318274.543, 90
Trd, 4318275.093, 140
Trd, 4318275.793, 127
Trd, 4318276.743, 98
Trd, 4318277.393, 96
Trd, 4318278.893, 85
Trd, 4318279.093, 132
Trd, 4318279.343, 77
Trd, 4318281.093, 94
Trd, 4318281.893, 81
Trd, 4318281.943, 105
Trd, 4318282.093, 111
Trd, 4318282.393, 134
Trd, 4318282.743, 90
Trd, 4318282.993, 74
Trd, 4318283.743, 98
Trd, 4318284.343, 101
Trd, 4318284.993, 109
Trd, 4318287.043, 122
Trd, 4318287.193, 118
Trd, 4318287.543, 118
Trd, 4318287.593, 115
Trd, 4318288.243, 137
Trd, 4318288.343, 113
Trd, 4318289.543, 131
Trd, 4318290.443, 138
Trd, 4318291.343, 129
Trd, 4318291.943, 124
Trd, 4318293.093, 115
Trd, 4318293.193, 114
Trd, 4318293.243, 99
Trd, 4318293.893, 95
Trd, 4318294.143, 84
Trd, 4318295.593, 120
Trd, 4318296.743, 119
Trd, 4318296.843, 115
Trd, 4318297.293, 102
Trd, 4318297.943, 98
Trd, 4318298.593, 127
Trd, 4318299.193, 111
Trd, 4318300.593, 76
Trd, 4318300.793, 82
Trd, 4318301.893, 130
Trd, 4318302.293, 101
Trd, 4318302.343, 92
Trd, 4318303.693, 133
Trd, 4318303.793, 128
Trd, 4318304.543, 120
Trd, 4318305.893, 94
Trd, 4318306.743, 123
Trd, 4318308.243, 115
Trd, 4318309.093, 132
Trd, 4318311.443, 140
Trd, 4318312.043, 130
Trd, 4318312.443, 100
Trd, 4318312.643, 104
Trd, 4318312.893, 91
Trd, 4318313.743, 66
Trd, 4318313.893, 91
Trd, 4318314.893, 111
Trd, 4318315.493, 110
Trd, 4318316.243, 112
Trd, 4318316.643, 107
Trd, 4318317.193, 95
Trd, 4318317.693, 72
Trd, 4318319.443, 69
Trd, 4318319.493, 65
Trd, 4318319.543, 74
Trd, 4318319.943, 88
Trd, 4318320.943, 63
Trd, 4318321.243, 85
Trd, 4318322.193, 65
Trd, 4318322.843, 86
Trd, 4318323.443, 126
Trd, 4318324.043, 111
Trd, 4318325.243, 114
Trd, 4318325.743, 69
Trd, 4318325.943, 97
Trd, 4318327.743, 69
Trd, 4318328.993, 65
Trd, 4318329.143, 71
Trd, 4318329.443, 118
Trd, 4318330.443, 72
Trd, 4318331.643, 66
Trd, 4318332.093, 68
Trd, 4318333.143, 67
Trd, 4318333.193, 71
Trd, 4318333.343, 69
Trd, 4318335.243, 62
Trd, 4318335.793, 87
Trd, 4318336.493, 132
Trd, 4318336.993, 132
Trd, 4318337.193, 128
Trd, 4318337.843, 85
Trd, 4318338.043, 89
Trd, 4318338.443, 67
Trd, 4318339.393, 75
Trd, 4318340.243, 96
Trd, 4318341.193, 97
Trd, 4318341.543, 78
Trd, 4318341.643, 97
Trd, 4318342.093, 85
Trd, 4318342.443, 72
Trd, 4318342.793, 99
Trd, 4318343.993, 120
Trd, 4318344.693, 103
Trd, 4318345.143, 84
Trd, 4318348.493, 139
Trd, 4318348.643, 134
Trd, 4318348.743, 118
Trd, 4318348.943, 117
Trd, 4318350.043, 131
Trd, 4318350.093, 130
Trd, 4318350.643, 127
Trd, 4318350.793, 97
Trd, 4318351.043, 78
Trd, 4318352.243, 110
Trd, 4318352.893, 107
Trd, 4318353.093, 118
Trd, 4318353.493, 77
Trd, 4318355.693, 74
Trd, 4318356.593, 64
Trd, 4318357.043, 81
Trd, 4318357.143, 65
Trd, 4318357.693, 81
Trd, 4318357.743, 124
Trd, 4318358.293, 134
Trd, 4318358.543, 130
Trd, 4318359.893, 137
Trd, 4318360.193, 70
Trd, 4318360.543, 126
Trd, 4318361.443, 124
Trd, 4318361.743, 100
Trd, 4318361.943, 99
Trd, 4318362.893, 61
Trd, 4318363.943, 100
Trd, 4318364.343, 85
Trd, 4318365.243, 61
Trd, 4318365.943, 70
Trd, 4318367.443, 127
Trd, 4318367.793, 139
Trd, 4318368.343, 136
Trd, 4318368.843, 138
Trd, 4318368.893, 131
Trd, 4318368.943, 109
Trd, 4318369.893, 67
Trd, 4318371.443, 70
Trd, 4318372.843, 70
Trd, 4318373.993, 105
Trd, 4318374.293, 118
Trd, 4318374.393, 67
Trd, 4318374.793, 99
Trd, 4318374.943, 83
Trd, 4318375.143, 70
Trd, 4318376.193, 83
Trd, 4318376.943, 82
Trd, 4318378.143, 121
Trd, 4318379.043, 133
Trd, 4318379.543, 76
Trd, 4318380.093, 86
Trd, 4318381.093, 140
Trd, 4318381.793, 136
Trd, 4318383.643, 116
Trd, 4318384.843, 112
Trd, 4318384.893, 88
Trd, 4318384.993, 73
Trd, 4318385.993, 140
Trd, 4318386.293, 139
Trd, 4318386.543, 121
Trd, 4318386.943, 100
Trd, 4318389.343, 93
Trd, 4318389.493, 64
Trd, 4318389.643, 62
Trd, 4318389.893, 73
Trd, 4318390.693, 71
Trd, 4318391.093, 73
Trd, 4318393.393, 132
Trd, 4318394.043, 139
Trd, 4318394.493, 134
Trd, 4318394.843, 118
Trd, 4318395.693, 127
Trd, 4318396.693, 120
Trd, 4318396.743, 112
Trd, 4318397.043, 60
Trd, 4318397.643, 87
Trd, 4318398.693, 83
Trd, 4318399.443, 114
Trd, 4318401.293, 67
Trd, 4318402.993, 106
Trd, 4318403.193, 105
Trd, 4318403.593, 102
Trd, 4318404.243, 94
Trd, 4318404.343, 104
Trd, 4318405.243, 134
Trd, 4318406.693, 73
Trd, 4318406.943, 127
Trd, 4318407.293, 74
Trd, 4318407.843, 75
Trd, 4318408.493, 93
Trd, 4318408.743, 77
Trd, 4318409.143, 118
Trd, 4318410.293, 66
Trd, 4318410.343, 80
Trd, 4318412.043, 98
Trd, 4318413.443, 88
Trd, 4318413.793, 116
Trd, 4318414.093, 83
Trd, 4318414.593, 81
Trd, 4318414.743, 89
Trd, 4318415.693, 131
Trd, 4318416.693, 118
Trd, 4318417.593, 114
Trd, 4318418.493, 84
Trd, 4318418.693, 82
Trd, 4318418.743, 95
Trd, 4318419.093, 62
Trd, 4318420.643, 99
Trd, 4318421.443, 104
Trd, 4318421.793, 101
Trd, 4318422.193, 84
Trd, 4318423.993, 69
Trd, 4318424.543, 96
Trd, 4318424.643, 73
Trd, 4318424.743, 71
Trd, 4318425.443, 62
Trd, 4318425.943, 119
Trd, 4318426.893, 97
Trd, 4318427.493, 137
Trd, 4318428.143, 125
Trd, 4318430.243, 121
Trd, 4318430.543, 120
Trd, 4318431.343, 126
Trd, 4318431.443, 110
Trd, 4318432.543, 111
Trd, 4318432.593, 103
Trd, 4318433.643, 107
Trd, 4318433.893, 72
Trd, 4318435.743, 94
Trd, 4318435.943, 98
Trd, 4318437.493, 137
Trd, 4318437.843, 123
Trd, 4318438.493, 91
Trd, 4318438.743, 84
Trd, 4318439.443, 86
Trd, 4318439.943, 112
Trd, 4318441.193, 108
Trd, 4318441.443, 97
Trd, 4318442.193, 96
Trd, 4318444.043, 136
Trd, 4318444.143, 134
Trd, 4318444.593, 123
Trd, 4318445.243, 122
Trd, 4318445.443, 135
Trd, 4318446.193, 129
Trd, 4318448.043, 113
Trd, 4318448.243, 105
Trd, 4318448.893, 124
Trd, 4318449.143, 115
Trd, 4318449.493, 109
Trd, 4318449.993, 97
Trd, 4318450.143, 92
Trd, 4318450.643, 80
Trd, 4318451.243, 102
Trd, 4318451.393, 94
Trd, 4318451.893, 100
Trd, 4318452.493, 136
Trd, 4318453.443, 93
Trd, 4318453.743, 80
Trd, 4318455.143, 97
Trd, 4318456.743, 94
Trd, 4318456.793, 93
Trd, 4318457.493, 62
Trd, 4318458.543, 72
Trd, 4318459.343, 139
Trd, 4318459.593, 96
Trd, 4318460.843, 119
Trd, 4318461.493, 136
Trd, 4318461.793, 129
Trd, 4318462.893, 121
Trd, 4318463.643, 116
Trd, 4318464.643, 122
Trd, 4318464.743, 114
Trd, 4318464.793, 111
Trd, 4318465.393, 125
Trd, 4318466.493, 134
Trd, 4318467.943, 101
Trd, 4318468.143, 127
Trd, 4318468.293, 96
Trd, 4318468.443, 92
Trd, 4318468.843, 112
Trd, 4318470.143, 82
Trd, 4318471.993, 115
Trd, 4318472.693, 100
Trd, 4318472.743, 84
Trd, 4318474.243, 129
Trd, 4318474.693, 119
Trd, 4318475.993, 117
Trd, 4318476.243, 114
Trd, 4318476.693, 114
Trd, 4318476.893, 111
Trd, 4318477.993, 130
Trd, 4318478.243, 108
Trd, 4318479.643, 110
Trd, 4318479.793, 90
Trd, 4318480.643, 90
Trd, 4318480.893, 84
Trd, 4318481.143, 95
Trd, 4318482.293, 114
Trd, 4318482.443, 93
Trd, 4318482.843, 108
Trd, 4318484.493, 121
Trd, 4318484.893, 104
Trd, 4318484.943, 104
Trd, 4318485.093, 110
Trd, 4318485.693, 137
Trd, 4318485.893, 127
Trd, 4318487.493, 64
Trd, 4318487.893, 90
Trd, 4318488.693, 67
Trd, 4318490.343, 61
Trd, 4318490.593, 65
Trd, 4318491.493, 125
Trd, 4318491.743, 81
Trd, 4318492.743, 88
Trd, 4318492.993, 112
Trd, 4318493.243, 109
Trd, 4318493.693, 116
Trd, 4318494.243, 140
Trd, 4318495.443, 130
Trd, 4318496.143, 127
Trd, 4318497.543, 134
Trd, 4318497.743, 111
Trd, 4318499.243, 138
Trd, 4318500.343, 101
Trd, 4318500.593, 105
Trd, 4318501.343, 118
Trd, 4318501.593, 93
Trd, 4318501.643, 67
Trd, 4318502.093, 82
Trd, 4318502.993, 136
Trd, 4318504.243, 90
Trd, 4318504.543, 77
Trd, 4318506.393, 86
Trd, 4318506.543, 100
Trd, 4318507.143, 136
Trd, 4318508.143, 121
Trd, 4318508.643, 78
Trd, 4318509.043, 83
Trd, 4318509.393, 98
Trd, 4318509.743, 133
Trd, 4318511.343, 94
Trd, 4318511.643, 90
Trd, 4318511.843, 77
Trd, 4318512.793, 61
Trd, 4318514.043, 133
Trd, 4318514.943, 132
Trd, 4318515.043, 117
Trd, 4318516.093, 112
Trd, 4318516.193, 104
Trd, 4318518.243, 99
Trd, 4318518.293, 99
Trd, 4318518.593, 114
Trd, 4318519.143, 126
Trd, 4318519.693, 101
Trd, 4318520.693, 100
Trd, 4318521.093, 72
Trd, 4318521.443, 100
Trd, 4318521.693, 61
Trd, 4318522.493, 116
Trd, 4318523.743, 115
Trd, 4318524.243, 60
Trd, 4318525.493, 115
Trd, 4318525.593, 111
Trd, 4318525.693, 96
Trd, 4318526.293, 71
Trd, 4318526.993, 103
Trd, 4318527.343, 117
Trd, 4318528.193, 121
Trd, 4318528.843, 122
Trd, 4318529.743, 105
Trd, 4318530.393, 113
Trd, 4318531.393, 115
Trd, 4318532.593, 116
Trd, 4318532.643, 99
Trd, 4318532.843, 88
Trd, 4318533.493, 84
Trd, 4318533.993, 98
Trd, 4318534.743, 126
Trd, 4318534.993, 113
Trd, 4318535.143, 98
Trd, 4318536.393, 125
Trd, 4318536.743, 77
Trd, 4318536.843, 78
Trd, 4318538.293, 111
Trd, 4318538.743, 82
Trd, 4318539.243, 81
Trd, 4318539.443, 81
Trd, 4318539.593, 86
Trd, 4318540.893, 72
Trd, 4318541.543, 78
Trd, 4318542.343, 87
Trd, 4318542.693, 88
Trd, 4318542.893, 89
Trd, 4318543.293, 138
Trd, 4318544.643, 121
Trd, 4318544.843, 104
Trd, 4318545.943, 129
Trd, 4318546.193, 117
Trd, 4318546.293, 96
Trd, 4318546.843, 79
Trd, 4318547.843, 79
Trd, 4318548.643, 61
Trd, 4318550.143, 69
Trd, 4318550.843, 67
Trd, 4318551.093, 117
Trd, 4318551.793, 78
Trd, 4318551.893, 92
Trd, 4318552.343, 77
Trd, 4318554.143, 138
Trd, 4318554.793, 125
Trd, 4318555.393, 116
Trd, 4318555.693, 87
Trd, 4318555.943, 133
Trd, 4318556.493, 121
Trd, 4318557.093, 116
Trd, 4318557.843, 79
Trd, 4318559.043, 72
Trd, 4318559.643, 100
Trd, 4318560.343, 95
Trd, 4318560.443, 102
Trd, 4318560.743, 132
Trd, 4318562.293, 135
Trd, 4318562.643, 123
Trd, 4318563.543, 97
Trd, 4318564.093, 96
Trd, 4318565.343, 137
Trd, 4318566.893, 111
Trd, 4318567.443, 95
Trd, 4318567.643, 93
Trd, 4318567.943, 86
Trd, 4318569.493, 122
Trd, 4318569.643, 134
Trd, 4318569.743, 100
Trd, 4318570.443, 96
Trd, 4318571.293, 97
Trd, 4318572.693, 113
Trd, 4318572.943, 101
Trd, 4318573.293, 100
Trd, 4318575.193, 110
Trd, 4318575.293, 111
Trd, 4318575.643, 120
Trd, 4318575.793, 95
Trd, 4318577.143, 111
Trd, 4318578.393, 140
Trd, 4318578.593, 122
Trd, 4318578.643, 119
Trd, 4318579.493, 105
Trd, 4318580.993, 132
Trd, 4318581.393, 121
Trd, 4318581.593, 95
Trd, 4318582.793, 113
Trd, 4318582.893, 105
Trd, 4318583.043, 90
Trd, 4318583.193, 69
Trd, 4318583.643, 119
Trd, 4318583.943, 124
Trd, 4318584.743, 112
Trd, 4318584.843, 85
Trd, 4318586.043, 85
Trd, 4318586.443, 74
Trd, 4318588.643, 133
Trd, 4318589.093, 126
Trd, 4318589.893, 98
Trd, 4318590.793, 95
Trd, 4318591.693, 123
Trd, 4318592.043, 123
Trd, 4318592.243, 119
Trd, 4318592.543, 115
Trd, 4318593.093, 68
Trd, 4318593.793, 107
Trd, 4318595.393, 75
Trd, 4318595.593, 130
Trd, 4318597.943, 100
Trd, 4318597.993, 64
Trd, 4318598.443, 133
Trd, 4318598.693, 115
Trd, 4318599.143, 136
Trd, 4318600.493, 128
Trd, 4318601.093, 118
Trd, 4318601.293, 73
Trd, 4318601.943, 65
Trd, 4318603.943, 123
Trd, 4318604.993, 110
Trd, 4318605.293, 82
Trd, 4318606.343, 124
Trd, 4318606.593, 120
Trd, 4318606.943, 110
Trd, 4318607.993, 110
Trd, 4318608.093, 105
Trd, 4318608.493, 96
Trd, 4318609.093, 88
Trd, 4318609.793, 114
Trd, 4318610.893, 134
Trd, 4318611.893, 120
Trd, 4318612.443, 107
Trd, 4318612.643, 101
Trd, 4318612.893, 93
Trd, 4318614.993, 60
Trd, 4318615.293, 61
Trd, 4318615.493, 71
Trd, 4318616.243, 106
Trd, 4318616.343, 111
Trd, 4318617.643, 136
Trd, 4318618.843, 81
Trd, 4318618.893, 92
Trd, 4318619.193, 107
Trd, 4318620.693, 124
Trd, 4318620.843, 89
Trd, 4318621.193, 111
Trd, 4318622.543, 90
Trd, 4318622.793, 87
Trd, 4318623.743, 83
Trd, 4318624.343, 131
Trd, 4318624.893, 61
Trd, 4318625.993, 88
Trd, 4318626.793, 91
Trd, 4318627.193, 118
Trd, 4318628.693, 121
Trd, 4318629.693, 135
Trd, 4318630.293, 103
Trd, 4318632.093, 119
Trd, 4318632.993, 121
Trd, 4318633.693, 131
Trd, 4318633.793, 124
Trd, 4318633.993, 112
Trd, 4318634.693, 108
Trd, 4318635.093, 89
Trd, 4318636.093, 72
Trd, 4318637.343, 79
Trd, 4318637.643, 103
Trd, 4318638.193, 76
Trd, 4318638.593, 61
Trd, 4318639.193, 65
Trd, 4318639.893, 64
Trd, 4318641.293, 75
Trd, 4318642.543, 80
Trd, 4318642.643, 130
Trd, 4318643.043, 75
Trd, 4318643.293, 87
Trd, 4318644.393, 129
Trd, 4318644.993, 113
Trd, 4318645.193, 107
Trd, 4318645.743, 135
Trd, 4318647.743, 120
Trd, 4318648.093, 122
Trd, 4318648.343, 113
Trd, 4318650.143, 111
Trd, 4318650.543, 102
Trd, 4318652.143, 120
Trd, 4318652.493, 99
Trd, 4318653.193, 113
Trd, 4318653.843, 136
Trd, 4318654.093, 134
Trd, 4318656.193, 131
Trd, 4318656.443, 117
Trd, 4318658.493, 130
Trd, 4318659.193, 96
Trd, 4318659.393, 116
Trd, 4318659.493, 90
Trd, 4318659.793, 91
Trd, 4318660.693, 79
Trd, 4318661.643, 78
Trd, 4318661.693, 74
Trd, 4318662.393, 119
Trd, 4318662.593, 115
Trd, 4318663.393, 134
Trd, 4318663.493, 129
Trd, 4318664.193, 68
Trd, 4318665.893, 68
Trd, 4318665.943, 93
Trd, 4318667.393, 95
Trd, 4318667.743, 91
Trd, 4318668.193, 103
Trd, 4318669.143, 118
Trd, 4318669.543, 86
Trd, 4318669.943, 117
Trd, 4318670.293, 118
Trd, 4318670.643, 89
Trd, 4318670.793, 81
Trd, 4318671.643, 103
Trd, 4318672.843, 76
Trd, 4318673.693, 97
Trd, 4318673.893, 94
Trd, 4318674.493, 98
Trd, 4318674.993, 97
Trd, 4318675.843, 93
Trd, 4318676.443, 112
Trd, 4318676.693, 94
Trd, 4318677.493, 70
Trd, 4318679.443, 131
Trd, 4318679.843, 104
Trd, 4318680.143, 97
Trd, 4318681.243, 120
Trd, 4318681.593, 87
Trd, 4318682.043, 140
Trd, 4318683.293, 75
Trd, 4318683.643, 71
Trd, 4318684.393, 65
Trd, 4318684.943, 75
Trd, 4318685.093, 66
Trd, 4318686.393, 65
Trd, 4318687.443, 96
Trd, 4318687.743, 81
Trd, 4318688.043, 81
Trd, 4318688.693, 74
Trd, 4318689.993, 64
Trd, 4318690.993, 79
Trd, 4318691.393, 84
Trd, 4318692.093, 140
Trd, 4318693.593, 72
Trd, 4318693.693, 83
Trd, 4318693.793, 70
Trd, 4318693.843, 63
Trd, 4318695.343, 106
Trd, 4318696.243, 129
Trd, 4318696.293, 108
Trd, 4318696.943, 130
Trd, 4318697.293, 111
Trd, 4318698.393, 114
Trd, 4318698.943, 77
Trd, 4318699.843, 126
Trd, 4318700.093, 119
Trd, 4318700.793, 115
Trd, 4318701.693, 76
Trd, 4318701.793, 113
Trd, 4318702.743, 95
Trd, 4318703.643, 99
Trd, 4318703.743, 75
Trd, 4318704.193, 74
Trd, 4318706.043, 107
Trd, 4318706.593, 85
Trd, 4318708.393, 120
Trd, 4318708.893, 131
Trd, 4318708.943, 127
Trd, 4318708.993, 118
Trd, 4318709.393, 113
Trd, 4318709.593, 112
Trd, 4318710.593, 135
Trd, 4318710.843, 109
Trd, 4318711.843, 82
Trd, 4318712.443, 130
Trd, 4318713.143, 137
Trd, 4318714.143, 79
Trd, 4318715.593, 108
Trd, 4318715.943, 119
Trd, 4318716.043, 100
Trd, 4318716.193, 117
Trd, 4318717.143, 121
Trd, 4318717.793, 99
Trd, 4318718.043, 119
Trd, 4318718.943, 85
Trd, 4318720.393, 82
Trd, 4318720.693, 113
Trd, 4318721.393, 116
Trd, 4318722.393, 138
Trd, 4318724.143, 130
Trd, 4318724.593, 122
Trd, 4318724.893, 112
Trd, 4318725.643, 127
Trd, 4318726.443, 129
Trd, 4318726.493, 138
Trd, 4318726.643, 129
Trd, 4318727.093, 125
Trd, 4318728.643, 115
Trd, 4318728.943, 111
Trd, 4318729.243, 138
Trd, 4318730.143, 129
Trd, 4318730.393, 89
Trd, 4318730.843, 97
Trd, 4318731.843, 61
Trd, 4318732.093, 63
Trd, 4318732.443, 71
Trd, 4318733.443, 115
Trd, 4318735.043, 96
Trd, 4318735.743, 118
Trd, 4318735.993, 75
Trd, 4318737.043, 103
Trd, 4318737.243, 100
Trd, 4318738.193, 64
Trd, 4318738.593, 61
Trd, 4318739.993, 71
Trd, 4318740.393, 118
Trd, 4318741.143, 128
Trd, 4318741.243, 96
Trd, 4318741.793, 81
Trd, 4318741.943, 63
Trd, 4318742.693, 139
Trd, 4318742.743, 108
Trd, 4318743.093, 76
Trd, 4318743.543, 137
Trd, 4318745.293, 77
Trd, 4318745.393, 95
Trd, 4318746.793, 94
Trd, 4318747.193, 98
Trd, 4318747.343, 84
Trd, 4318749.293, 102
Trd, 4318749.643, 99
Trd, 4318751.493, 65
Trd, 4318751.743, 83
Trd, 4318752.243, 94
Trd, 4318753.093, 74
Trd, 4318753.393, 83
Trd, 4318753.893, 73
Trd, 4318754.293, 87
Trd, 4318754.693, 79
Trd, 4318756.093, 90
Trd, 4318756.693, 101
Trd, 4318757.293, 83
Trd, 4318757.943, 120
Trd, 4318758.043, 116
Trd, 4318758.693, 135
Trd, 4318761.243, 128
Trd, 4318761.393, 110
Trd, 4318761.743, 107
Trd, 4318763.243, 134
Trd, 4318763.293, 114
Trd, 4318764.293, 96
Trd, 4318764.993, 110
Trd, 4318765.293, 104
Trd, 4318766.693, 117
Trd, 4318767.693, 92
Trd, 4318769.193, 128
Trd, 4318769.593, 137
Trd, 4318770.143, 133
Trd, 4318770.443, 132
Trd, 4318770.793, 108
Trd, 4318771.243, 104
Trd, 4318771.593, 89
Trd, 4318771.693, 109
Trd, 4318772.393, 73
Trd, 4318773.993, 104
Trd, 4318774.243, 123
Trd, 4318774.743, 93
Trd, 4318776.643, 111
Trd, 4318777.093, 108
Trd, 4318777.893, 106
Trd, 4318778.393, 101
Trd, 4318779.143, 74
Trd, 4318779.193, 64
Trd, 4318779.843, 70
Trd, 4318781.093, 60
Trd, 4318781.993, 117
Trd, 4318782.793, 63
Trd, 4318783.243, 122
Trd, 4318784.143, 124
Trd, 4318784.593, 138
Trd, 4318785.293, 85
Trd, 4318785.593, 133
Trd, 4318786.093, 133
Trd, 4318786.243, 83
Trd, 4318787.243, 124
Trd, 4318787.643, 125
Trd, 4318788.993, 81
Trd, 4318790.193, 139
Trd, 4318790.343, 137
Trd, 4318790.593, 104
Trd, 4318791.193, 78
Trd, 4318791.693, 68
Trd, 4318792.743, 69
Trd, 4318793.043, 132
Trd, 4318794.193, 117
Trd, 4318794.793, 126
Trd, 4318795.393, 125
Trd, 4318795.593, 135
Trd, 4318795.993, 118
Trd, 4318796.693, 120
Trd, 4318796.893, 109
Trd, 4318798.093, 98
Trd, 4318798.843, 127
Trd, 4318798.893, 94
Trd, 4318799.543, 135
Trd, 4318801.543, 125
Trd, 4318801.943, 108
Trd, 4318803.093, 69
Trd, 4318803.343, 92
Trd, 4318803.793, 79
Trd, 4318804.143, 123
Trd, 4318805.443, 72
Trd, 4318805.793, 85
Trd, 4318806.443, 140
Trd, 4318807.443, 77
Trd, 4318808.343, 100
Trd, 4318809.893, 91
Trd, 4318810.343, 95
Trd, 4318810.493, 115
Trd, 4318810.693, 83
Trd, 4318811.143, 81
Trd, 4318812.343, 85
Trd, 4318812.993, 86
Trd, 4318814.243, 120
Trd, 4318814.343, 116
Trd, 4318814.943, 127
Trd, 4318815.243, 122
Trd, 4318816.593, 138
Trd, 4318816.643, 91
Trd, 4318816.693, 81
Trd, 4318817.393, 90
Trd, 4318819.643, 60
Trd, 4318820.143, 77
Trd, 4318820.243, 78
Trd, 4318820.943, 102
Trd, 4318821.043, 108
Trd, 4318822.493, 73
Trd, 4318823.543, 65
Trd, 4318823.643, 79
Trd, 4318823.993, 92
Trd, 4318825.693, 80
Trd, 4318826.593, 137
Trd, 4318826.943, 93
Trd, 4318827.993, 74
Trd, 4318828.193, 71
Trd, 4318828.343, 116
Trd, 4318828.793, 127
Trd, 4318829.043, 136
Trd, 4318829.793, 128
Trd, 4318830.393, 87
Trd, 4318830.843, 87
Trd, 4318831.643, 73
Trd, 4318832.743, 103
Trd, 4318832.893, 79
Trd, 4318834.593, 125
Trd, 4318834.843, 122
Trd, 4318835.343, 121
Trd, 4318835.643, 121
Trd, 4318835.993, 123
Trd, 4318836.493, 133
Trd, 4318836.693, 119
Trd, 4318837.293, 101
Trd, 4318838.893, 66
Trd, 4318839.243, 72
Trd, 4318840.443, 106
Trd, 4318840.743, 71
Trd, 4318841.393, 63
Trd, 4318841.493, 83
Trd, 4318843.143, 119
Trd, 4318843.393, 117
Trd, 4318843.543, 113
Trd, 4318844.743, 133
Trd, 4318844.993, 89
Trd, 4318846.243, 96
Trd, 4318846.343, 77
Trd, 4318848.043, 132
Trd, 4318848.443, 84
Trd, 4318848.693, 67
Trd, 4318849.043, 74
Trd, 4318849.593, 133
Trd, 4318850.143, 80
Trd, 4318850.193, 69
Trd, 4318852.143, 131
Trd, 4318852.643, 109
Trd, 4318853.943, 91
Trd, 4318855.593, 80
Trd, 4318855.743, 62
Trd, 4318856.693, 80
Trd, 4318858.443, 125
Trd, 4318858.993, 73
Trd, 4318859.843, 109
Trd, 4318860.343, 73
Trd, 4318861.093, 104
Trd, 4318861.193, 77
Trd, 4318861.843, 84
Trd, 4318862.593, 87
Trd, 4318862.893, 99
Trd, 4318864.793, 138
Trd, 4318865.193, 90
Trd, 4318865.243, 85
Trd, 4318866.043, 83
Trd, 4318867.293, 63
Trd, 4318868.893, 126
Trd, 4318869.043, 128
Trd, 4318869.093, 124
Trd, 4318869.243, 119
Trd, 4318869.893, 84
Trd, 4318869.943, 90
Trd, 4318871.393, 62
Trd, 4318872.293, 109
Trd, 4318872.493, 120
Trd, 4318872.993, 111
Trd, 4318874.643, 108
Trd, 4318876.143, 122
Trd, 4318876.843, 126
Trd, 4318876.943, 110
Trd, 4318877.293, 126
Trd, 4318877.493, 124
Trd, 4318878.543, 123
Trd, 4318879.343, 134
Trd, 4318879.693, 117
Trd, 4318879.893, 106
Trd, 4318879.993, 139
Trd, 4318880.693, 94
Trd, 4318882.193, 86
Trd, 4318883.043, 74
Trd, 4318884.043, 63
Trd, 4318884.443, 80
Trd, 4318885.543, 93
Trd, 4318887.093, 140
Trd, 4318887.193, 93
Trd, 4318887.443, 92
Trd, 4318888.043, 128
Trd, 4318889.043, 140
Trd, 4318889.243, 138
Trd, 4318889.743, 140
Trd, 4318889.943, 102
Trd, 4318890.643, 135
Trd, 4318892.343, 87
Trd, 4318893.143, 85
Trd, 4318893.193, 74
Trd, 4318893.493, 67
Trd, 4318896.043, 133
Trd, 4318896.643, 121
Trd, 4318896.743, 131
Trd, 4318897.043, 110
Trd, 4318897.143, 92
Trd, 4318897.593, 112
Trd, 4318899.143, 139
Trd, 4318900.443, 134
Trd, 4318900.543, 127
Trd, 4318901.443, 113
Trd, 4318902.643, 88
Trd, 4318903.193, 60
Trd, 4318903.793, 85
Trd, 4318904.443, 96
Trd, 4318905.443, 122
Trd, 4318905.643, 120
Trd, 4318906.343, 138
Trd, 4318906.893, 102
Trd, 4318907.643, 101
Trd, 4318909.393, 130
Trd, 4318909.593, 120
Trd, 4318909.743, 115
Trd, 4318910.393, 113
Trd, 4318910.843, 126
Trd, 4318911.143, 69
Trd, 4318911.643, 130
Trd, 4318912.693, 140
Trd, 4318912.843, 135
Trd, 4318913.393, 137
Trd, 4318914.643, 103
Trd, 4318914.693, 81
Trd, 4318916.693, 116
Trd, 4318917.493, 80
Trd, 4318917.593, 71
Trd, 4318918.693, 87
Trd, 4318918.843, 99
Trd, 4318919.243, 79
Trd, 4318921.193, 101
Trd, 4318921.543, 65
Trd, 4318921.593, 93
Trd, 4318923.943, 115
Trd, 4318924.293, 131
Trd, 4318924.393, 106
Trd, 4318924.693, 104
Trd, 4318924.843, 140
Trd, 4318925.993, 69
Trd, 4318926.043, 101
Trd, 4318926.243, 68
Trd, 4318928.143, 65
Trd, 4318929.443, 124
Trd, 4318929.493, 117
Trd, 4318929.643, 102
Trd, 4318930.243, 93
Trd, 4318932.093, 96
Trd, 4318933.693, 78
Trd, 4318933.943, 80
Trd, 4318934.143, 65
Trd, 4318935.443, 74
Trd, 4318936.093, 68
Trd, 4318936.143, 72
Trd, 4318937.343, 70
Trd, 4318937.793, 61
Trd, 4318938.193, 68
Trd, 4318938.493, 95
Trd, 4318939.193, 61
Trd, 4318940.443, 96
Trd, 4318940.793, 85
Trd, 4318942.643, 107
Trd, 4318942.993, 102
Trd, 4318944.543, 123
Trd, 4318945.343, 90
Trd, 4318945.993, 104
Trd, 4318946.343, 92
Trd, 4318946.443, 84
Trd, 4318947.443, 118
Trd, 4318947.543, 84
Trd, 4318949.543, 121
Trd, 4318950.643, 115
Trd, 4318951.243, 114
Trd, 4318952.093, 113
Trd, 4318952.243, 100
Trd, 4318952.693, 102
Trd, 4318954.193, 128
Trd, 4318954.943, 127
Trd, 4318955.293, 131
Trd, 4318955.993, 118
Trd, 4318958.093, 131
Trd, 4318958.493, 124
Trd, 4318958.893, 136
Trd, 4318959.093, 126
Trd, 4318959.143, 119
Trd, 4318959.643, 117
Trd, 4318961.643, 135
Trd, 4318962.143, 95
Trd, 4318962.393, 90
Trd, 4318963.393, 108
Trd, 4318964.043, 117
Trd, 4318964.343, 105
Trd, 4318964.393, 88
Trd, 4318965.493, 61
Trd, 4318965.693, 69
Trd, 4318966.293, 128
Trd, 4318967.543, 89
Trd, 4318967.993, 62
Trd, 4318969.843, 123
Trd, 4318969.893, 110
Trd, 4318971.343, 137
Trd, 4318971.593, 114
Trd, 4318972.093, 99
Trd, 4318973.143, 101
Trd, 4318973.493, 98
Trd, 4318973.693, 90
Trd, 4318974.493, 107
Trd, 4318974.593, 128
Trd, 4318975.393, 72
Trd, 4318976.843, 88
Trd, 4318977.993, 120
Trd, 4318978.493, 74
Trd, 4318979.243, 122
Trd, 4318979.293, 103
Trd, 4318981.443, 129
Trd, 4318981.543, 118
Trd, 4318982.093, 125
Trd, 4318982.393, 119
Trd, 4318983.293, 137
Trd, 4318983.493, 132
Trd, 4318983.793, 132
Trd, 4318985.243, 126
Trd, 4318985.943, 94
Trd, 4318986.343, 99
Trd, 4318986.543, 115
Trd, 4318986.993, 121
Trd, 4318987.343, 100
Trd, 4318987.943, 71
Trd, 4318989.743, 124
Trd, 4318989.843, 137
Trd, 4318990.443, 120
Trd, 4318990.993, 108
Trd, 4318991.793, 112
Trd, 4318992.343, 64
Trd, 4318993.993, 92
Trd, 4318994.243, 81
Trd, 4318994.643, 91
Trd, 4318995.193, 116
Trd, 4318995.843, 128
Trd, 4318997.893, 103
Trd, 4318998.643, 110
Trd, 4318999.643, 99
Trd, 4319000.493, 139
Trd, 4319000.843, 95
Trd, 4319000.993, 86
Trd, 4319001.193, 122
Trd, 4319001.293, 84
Trd, 4319002.243, 60
Trd, 4319003.343, 116
Trd, 4319003.543, 111
Trd, 4319004.193, 96
Trd, 4319004.743, 67
Trd, 4319006.493, 104
Trd, 4319006.593, 94
Trd, 4319006.943, 91
Trd, 4319007.393, 69
Trd, 4319008.143, 69
Trd, 4319008.643, 76
Trd, 4319008.893, 77
Trd, 4319009.143, 75
Trd, 4319010.893, 105
Trd, 4319011.193, 100
Trd, 4319011.793, 108
Trd, 4319012.443, 122
Trd, 4319012.543, 94
Trd, 4319012.743, 89
Trd, 4319013.843, 127
Trd, 4319014.993, 110
Trd, 4319015.343, 68
Trd, 4319016.493, 123
Trd, 4319016.593, 109
Trd, 4319017.093, 111
Trd, 4319018.043, 136
Trd, 4319018.343, 60
Trd, 4319019.593, 74
Trd, 4319020.593, 140
Trd, 4319020.643, 120
Trd, 4319021.393, 96
Trd, 4319023.543, 110
Trd, 4319024.343, 115
Trd, 4319024.493, 85
Trd, 4319024.793, 120
Trd, 4319025.743, 81
Trd, 4319026.143, 90
Trd, 4319027.043, 101
Trd, 4319027.493, 99
Trd, 4319027.793, 105
Trd, 4319029.993, 79
Trd, 4319030.943, 122
Trd, 4319031.993, 138
Trd, 4319032.293, 97
Trd, 4319032.893, 81
Trd, 4319033.093, 80
Trd, 4319033.443, 68
Trd, 4319033.893, 67
Trd, 4319035.443, 65
Trd, 4319036.543, 75
Trd, 4319036.993, 99
Trd, 4319037.043, 75
Trd, 4319038.043, 63
Trd, 4319038.393, 80
Trd, 4319039.093, 134
Trd, 4319039.393, 63
Trd, 4319040.443, 117
Trd, 4319041.643, 107
Trd, 4319042.693, 105
Trd, 4319044.043, 114
Trd, 4319044.443, 131
Trd, 4319044.743, 129
Trd, 4319045.693, 121
Trd, 4319045.893, 110
Trd, 4319046.093, 109
Trd, 4319047.393, 111
Trd, 4319047.593, 129
Trd, 4319049.393, 119
Trd, 4319049.743, 130
Trd, 4319050.243, 140
Trd, 4319050.993, 109
Trd, 4319051.943, 113
Trd, 4319052.043, 108
Trd, 4319052.143, 135
Trd, 4319053.493, 73
Trd, 4319054.093, 72
Trd, 4319054.793, 117
Trd, 4319055.943, 95
Trd, 4319056.593, 113
Trd, 4319056.643, 86
Trd, 4319058.293, 70
Trd, 4319059.893, 130
Trd, 4319060.543, 137
Trd, 4319060.593, 120
Trd, 4319061.143, 121
Trd, 4319061.793, 117
Trd, 4319062.293, 87
Trd, 4319062.543, 86
Trd, 4319063.143, 93
Trd, 4319063.293, 100
Trd, 4319064.993, 103
Trd, 4319065.143, 107
Trd, 4319065.993, 109
Trd, 4319066.193, 90
Trd, 4319066.493, 76
Trd, 4319067.593, 81
Trd, 4319068.543, 71
Trd, 4319069.443, 62
Trd, 4319069.493, 63
Trd, 4319071.193, 87
Trd, 4319071.443, 76
Trd, 4319071.893, 102
Trd, 4319072.243, 108
Trd, 4319072.393, 99
Trd, 4319072.743, 75
Trd, 4319074.843, 62
Trd, 4319074.893, 79
Trd, 4319075.143, 67
Trd, 4319075.393, 70
Trd, 4319075.543, 76
Trd, 4319076.993, 86
Trd, 4319077.993, 76
Trd, 4319078.193, 85
Trd, 4319078.393, 70
Trd, 4319079.443, 134
Trd, 4319080.343, 77
Trd, 4319080.943, 62
Trd, 4319081.893, 62
Trd, 4319082.243, 76
Trd, 4319082.743, 97
Trd, 4319084.593, 90
Trd, 4319085.043, 106
Trd, 4319085.093, 92
Trd, 4319085.743, 104
Trd, 4319086.643, 101
Trd, 4319087.143, 86
Trd, 4319087.193, 78
Trd, 4319087.943, 114
Trd, 4319090.193, 71
Trd, 4319090.643, 84
Trd, 4319091.243, 90
Trd, 4319091.493, 88
Trd, 4319091.743, 81
Trd, 4319092.843, 119
Trd, 4319093.293, 80
Trd, 4319093.893, 120
Trd, 4319094.193, 115
Trd, 4319094.643, 110
Trd, 4319095.143, 63
Trd, 4319095.993, 99
Trd, 4319096.743, 99
Trd, 4319097.293, 69
Trd, 4319097.793, 62
Trd, 4319099.293, 102
Trd, 4319099.593, 95
Trd, 4319100.593, 126
Trd, 4319102.293, 128
Trd, 4319102.693, 120
Trd, 4319103.043, 98
Trd, 4319103.443, 120
Trd, 4319103.543, 102
Trd, 4319105.643, 73
Trd, 4319105.943, 94
Trd, 4319106.843, 132
Trd, 4319106.943, 114
Trd, 4319107.743, 88
Trd, 4319108.193, 113
Trd, 4319108.943, 71
Trd, 4319109.293, 62
Trd, 4319110.543, 66
Trd, 4319111.843, 85
Trd, 4319112.493, 92
Trd, 4319112.793, 88
Trd, 4319113.043, 85
Trd, 4319114.293, 93
Trd, 4319114.843, 139
Trd, 4319114.993, 102
Trd, 4319115.893, 131
Trd, 4319116.393, 120
Trd, 4319117.393, 117
Trd, 4319118.843, 133
Trd, 4319119.043, 129
Trd, 4319119.793, 116
Trd, 4319119.943, 113
Trd, 4319120.393, 121
Trd, 4319120.543, 113
Trd, 4319121.043, 104
Trd, 4319122.543, 60
Trd, 4319122.893, 85
Trd, 4319123.093, 98
Trd, 4319123.243, 101
Trd, 4319123.493, 97
Trd, 4319124.543, 77
Trd, 4319125.543, 63
Trd, 4319126.693, 95
Trd, 4319127.043, 73
Trd, 4319127.443, 67
Trd, 4319128.643, 82
Trd, 4319128.843, 85
Trd, 4319129.743, 68
Trd, 4319130.293, 95
Trd, 4319130.693, 110
Trd, 4319132.343, 98
Trd, 4319133.043, 100
Trd, 4319133.693, 129
Trd, 4319134.093, 83
Trd, 4319134.593, 73
Trd, 4319134.793, 102
Trd, 4319134.843, 103
Trd, 4319135.143, 72
Trd, 4319137.343, 119
Trd, 4319137.743, 136
Trd, 4319138.443, 122
Trd, 4319139.193, 115
Trd, 4319139.593, 133
Trd, 4319140.393, 137
Trd, 4319140.893, 128
Trd, 4319142.293, 131
Trd, 4319143.093, 140
Trd, 4319143.343, 121
Trd, 4319144.643, 121
Trd, 4319144.993, 118
Trd, 4319145.393, 106
Trd, 4319145.643, 105
Trd, 4319146.043, 108
Trd, 4319146.293, 96
Trd, 4319146.543, 104
Trd, 4319147.343, 135
Trd, 4319148.443, 125
Trd, 4319148.793, 123
Trd, 4319149.693, 140
Trd, 4319149.793, 137
Trd, 4319151.693, 104
Trd, 4319153.043, 106
Trd, 4319153.093, 97
Trd, 4319153.293, 108
Trd, 4319153.843, 121
Trd, 4319154.343, 104
Trd, 4319155.443, 138
Trd, 4319156.243, 81
Trd, 4319157.043, 94
Trd, 4319157.393, 98
Trd, 4319157.493, 123
Trd, 4319158.193, 126
Trd, 4319158.243, 94
Trd, 4319158.343, 88
Trd, 4319159.993, 140
Trd, 4319160.193, 138
Trd, 4319161.593, 113
Trd, 4319161.743, 115
Trd, 4319161.793, 110
Trd, 4319162.393, 105
Trd, 4319164.193, 91
Trd, 4319164.393, 78
Trd, 4319164.443, 73
Trd, 4319164.543, 70
Trd, 4319164.793, 78
Trd, 4319165.443, 99
Trd, 4319165.993, 90
Trd, 4319166.743, 119
Trd, 4319167.543, 60
Trd, 4319167.743, 75
Trd, 4319168.943, 74
Trd, 4319170.043, 61
Trd, 4319170.893, 133
Trd, 4319170.993, 113
Trd, 4319171.693, 110
Trd, 4319171.993, 94
Trd, 4319173.143, 138
Trd, 4319173.593, 118
Trd, 4319173.843, 97
Trd, 4319175.093, 105
Trd, 4319176.293, 117
Trd, 4319176.943, 116
Trd, 4319178.193, 134
Trd, 4319178.543, 137
Trd, 4319179.043, 124
Trd, 4319179.543, 106
Trd, 4319179.793, 116
Trd, 4319181.443, 72
Trd, 4319182.393, 126
Trd, 4319182.943, 123
Trd, 4319183.493, 119
Trd, 4319184.243, 102
Trd, 4319184.543, 116
Trd, 4319185.043, 115
Trd, 4319185.843, 79
Trd, 4319186.643, 91
Trd, 4319186.693, 87
Trd, 4319188.043, 85
Trd, 4319188.493, 82
Trd, 4319188.543, 73
Trd, 4319189.043, 92
Trd, 4319190.293, 98
Trd, 4319190.643, 126
Trd, 4319191.043, 99
Trd, 4319191.593, 129
Trd, 4319191.993, 61
Trd, 4319193.393, 71
Trd, 4319193.543, 64
Trd, 4319194.443, 65
Trd, 4319196.993, 98
Trd, 4319197.643, 116
Trd, 4319197.993, 102
Trd, 4319199.593, 97
Trd, 4319199.743, 93
Trd, 4319200.043, 88
Trd, 4319200.693, 114
Trd, 4319201.293, 130
Trd, 4319201.643, 101
Trd, 4319201.843, 128
Trd, 4319202.443, 106
Trd, 4319203.143, 103
Trd, 4319203.893, 75
Trd, 4319204.693, 130
Trd, 4319205.543, 106
Trd, 4319205.793, 113
Trd, 4319206.543, 100
Trd, 4319207.043, 83
Trd, 4319208.443, 130
Trd, 4319209.043, 126
Trd, 4319209.293, 118
Trd, 4319209.443, 118
Trd, 4319209.993, 109
Trd, 4319210.343, 90
Trd, 4319211.393, 137
Trd, 4319211.543, 131
Trd, 4319212.043, 126
Trd, 4319213.743, 117
Trd, 4319214.843, 132
Trd, 4319215.093, 110
Trd, 4319216.393, 131
Trd, 4319217.043, 113
Trd, 4319217.543, 110
Trd, 4319217.843, 103
Trd, 4319218.693, 65
Trd, 4319219.043, 74
Trd, 4319219.943, 77
Trd, 4319220.943, 76
Trd, 4319220.993, 87
Trd, 4319221.193, 92
Trd, 4319221.243, 76
Trd, 4319221.993, 131
Trd, 4319224.643, 123
Trd, 4319224.743, 111
Trd, 4319225.643, 108
Trd, 4319226.193, 122
Trd, 4319226.243, 102
Trd, 4319226.543, 114
Trd, 4319227.193, 123
Trd, 4319227.693, 119
Trd, 4319228.243, 106
Trd, 4319229.243, 93
Trd, 4319229.343, 91
Trd, 4319230.793, 131
Trd, 4319231.643, 127
Trd, 4319232.343, 126
Trd, 4319233.543, 113
Trd, 4319234.093, 71
Trd, 4319234.743, 140
Trd, 4319235.293, 139
Trd, 4319235.493, 92
Trd, 4319236.293, 107
Trd, 4319236.943, 102
Trd, 4319237.493, 118
Trd, 4319238.243, 135
Trd, 4319238.593, 61
Trd, 4319238.643, 62
Trd, 4319240.693, 136
Trd, 4319240.843, 120
Trd, 4319242.393, 66
Trd, 4319242.593, 100
Trd, 4319243.393, 78
Trd, 4319245.193, 122
Trd, 4319245.793, 114
Trd, 4319246.793, 117
Trd, 4319246.993, 114
Trd, 4319247.993, 137
Trd, 4319248.093, 110
Trd, 4319248.693, 90
Trd, 4319249.893, 80
Trd, 4319250.443, 93
Trd, 4319251.143, 106
Trd, 4319251.443, 94
Trd, 4319251.793, 94
Trd, 4319252.243, 75
Trd, 4319253.593, 135
Trd, 4319253.993, 104
Trd, 4319254.893, 100
Trd, 4319255.443, 133
Trd, 4319255.793, 118
Trd, 4319256.643, 115
Trd, 4319256.893, 75
Trd, 4319257.593, 81
Trd, 4319258.043, 104
Trd, 4319259.593, 128
Trd, 4319261.093, 93
Trd, 4319261.543, 105
Trd, 4319261.693, 98
Trd, 4319263.743, 130
Trd, 4319264.143, 111
Trd, 4319264.493, 107
Trd, 4319264.593, 101
Trd, 4319265.293, 80
Trd, 4319265.793, 74
Trd, 4319266.243, 64
Trd, 4319266.743, 132
Trd, 4319267.293, 94
Trd, 4319267.793, 86
Trd, 4319268.043, 85
Trd, 4319268.543, 111
Trd, 4319269.243, 75
Trd, 4319270.493, 68
Trd, 4319272.393, 108
Trd, 4319273.343, 114
Trd, 4319274.943, 126
Trd, 4319275.543, 96
Trd, 4319276.393, 97
Trd, 4319276.743, 90
Trd, 4319277.093, 82
Trd, 4319277.343, 78
Trd, 4319278.243, 77
Trd, 4319279.293, 80
Trd, 4319279.443, 91
Trd, 4319280.293, 77
Trd, 4319281.743, 109
Trd, 4319281.943, 128
Trd, 4319282.593, 96
Trd, 4319283.693, 115
Trd, 4319284.193, 97
Trd, 4319284.393, 83
Trd, 4319285.593, 85
Trd, 4319286.893, 81
Trd, 4319287.093, 98
Trd, 4319288.143, 140
Trd, 4319288.743, 118
Trd, 4319289.143, 108
Trd, 4319289.593, 101
Trd, 4319289.643, 99
Trd, 4319290.193, 117
Trd, 4319292.093, 109
Trd, 4319292.493, 115
Trd, 4319293.143, 114
Trd, 4319294.543, 134
Trd, 4319294.893, 115
Trd, 4319295.443, 133
Trd, 4319296.843, 116
Trd, 4319297.593, 88
Trd, 4319297.843, 88
Trd, 4319297.943, 70
Trd, 4319298.943, 66
Trd, 4319299.393, 92
Trd, 4319299.793, 60
Trd, 4319301.943, 63
Trd, 4319302.193, 66
Trd, 4319303.593, 136
Trd, 4319305.043, 134
Trd, 4319305.243, 113
Trd, 4319305.693, 96
Trd, 4319306.443, 90
Trd, 4319306.643, 100
Trd, 4319307.543, 109
Trd, 4319308.043, 107
Trd, 4319308.193, 82
Trd, 4319308.743, 76
Trd, 4319309.293, 116
Trd, 4319310.343, 89
Trd, 4319311.093, 102
Trd, 4319311.343, 130
Trd, 4319311.643, 126
Trd, 4319312.243, 124
Trd, 4319312.793, 123
Trd, 4319313.043, 90
Trd, 4319314.043, 127
Trd, 4319315.093, 63
Trd, 4319317.193, 70
Trd, 4319317.243, 80
Trd, 4319318.093, 69
Trd, 4319320.193, 107
Trd, 4319320.493, 104
Trd, 4319320.793, 93
Trd, 4319320.993, 91
Trd, 4319321.593, 79
Trd, 4319321.793, 95
Trd, 4319323.893, 130
Trd, 4319325.943, 108
Trd, 4319325.993, 100
Trd, 4319326.593, 98
Trd, 4319327.793, 136
Trd, 4319328.693, 113
Trd, 4319328.793, 110
Trd, 4319329.243, 114
Trd, 4319329.793, 105
Trd, 4319330.343, 103
Trd, 4319330.793, 62
Trd, 4319331.393, 61
Trd, 4319332.693, 137
Trd, 4319333.243, 80
Trd, 4319333.593, 71
Trd, 4319333.943, 112
Trd, 4319335.393, 65
Trd, 4319335.843, 111
Trd, 4319336.843, 129
Trd, 4319336.993, 86
Trd, 4319337.943, 84
Trd, 4319338.593, 105
Trd, 4319338.793, 101
Trd, 4319339.243, 81
Trd, 4319340.593, 70
Trd, 4319340.893, 107
Trd, 4319340.943, 101
Trd, 4319341.293, 61
Trd, 4319342.343, 108
Trd, 4319343.143, 123
Trd, 4319343.393, 88
Trd, 4319344.443, 130
Trd, 4319346.443, 124
Trd, 4319347.043, 103
Trd, 4319347.643, 116
Trd, 4319348.993, 139
Trd, 4319349.393, 134
Trd, 4319349.893, 118
Trd, 4319349.943, 108
Trd, 4319349.993, 102
Trd, 4319351.043, 132
Trd, 4319351.293, 87
Trd, 4319351.943, 125
Trd, 4319354.443, 82
Trd, 4319354.743, 65
Trd, 4319354.993, 82
Trd, 4319355.093, 123
Trd, 4319356.593, 75
Trd, 4319356.943, 101
Trd, 4319357.793, 110
Trd, 4319358.093, 96
Trd, 4319358.393, 92
Trd, 4319359.243, 108
Trd, 4319359.693, 84
Trd, 4319359.793, 73
Trd, 4319361.443, 114
Trd, 4319361.743, 98
Trd, 4319363.493, 100
Trd, 4319363.893, 95
Trd, 4319364.143, 82
Trd, 4319365.243, 114
Trd, 4319366.343, 82
Trd, 4319366.443, 66
Trd, 4319367.193, 61
Trd, 4319367.943, 89
Trd, 4319368.943, 63
Trd, 4319369.843, 108
Trd, 4319371.193, 136
Trd, 4319371.343, 102
Trd, 4319372.493, 126
Trd, 4319373.943, 119
Trd, 4319373.993, 115
Trd, 4319374.193, 111
Trd, 4319374.793, 133
Trd, 4319375.343, 60
Trd, 4319375.793, 113
Trd, 4319376.343, 95
Trd, 4319377.343, 94
Trd, 4319377.893, 135
Trd, 4319378.743, 135
Trd, 4319379.043, 131
Trd, 4319379.543, 87
Trd, 4319380.293, 90
Trd, 4319380.693, 85
Trd, 4319382.643, 139
Trd, 4319383.493, 136
Trd, 4319383.593, 116
Trd, 4319383.643, 93
Trd, 4319385.743, 138
Trd, 4319386.993, 108
Trd, 4319389.243, 134
Trd, 4319389.443, 128
Trd, 4319389.493, 122
Trd, 4319390.043, 117
Trd, 4319390.143, 106
Trd, 4319391.943, 130
Trd, 4319392.343, 111
Trd, 4319392.393, 108
Trd, 4319393.543, 117
Trd, 4319393.743, 71
Trd, 4319393.793, 68
Trd, 4319394.393, 90
Trd, 4319395.593, 60
Trd, 4319396.543, 125
Trd, 4319396.943, 104
Trd, 4319397.493, 84
Trd, 4319398.943, 99
Trd, 4319399.043, 81
Trd, 4319400.143, 79
Trd, 4319400.393, 84
Trd, 4319400.543, 90
Trd, 4319401.393, 113
Trd, 4319402.393, 85
Trd, 4319402.993, 90
Trd, 4319403.693, 118
Trd, 4319404.093, 109
Trd, 4319404.443, 115
Trd, 4319406.493, 97
Trd, 4319407.093, 95
Trd, 4319407.243, 94
Trd, 4319407.643, 83
Trd, 4319407.793, 105
Trd, 4319409.143, 83
Trd, 4319409.843, 135
Trd, 4319410.543, 106
Trd, 4319411.993, 125
Trd, 4319412.743, 60
Trd, 4319412.943, 78
Trd, 4319414.043, 92
Trd, 4319414.493, 93
Trd, 4319416.143, 104
Trd, 4319416.293, 89
Trd, 4319416.443, 86
Trd, 4319417.493, 106
Trd, 4319417.943, 140
Trd, 4319418.443, 109
Trd, 4319419.793, 137
Trd, 4319419.843, 95
Trd, 4319421.693, 131
Trd, 4319421.843, 109
Trd, 4319421.893, 98
Trd, 4319423.693, 119
Trd, 4319423.743, 103
Trd, 4319424.993, 81
Trd, 4319425.093, 79
Trd, 4319425.443, 117
Trd, 4319426.443, 65
Trd, 4319427.393, 101
Trd, 4319427.493, 82
Trd, 4319429.193, 135
Trd, 4319429.593, 113
Trd, 4319429.643, 109
Trd, 4319430.343, 114
Trd, 4319430.943, 126
Trd, 4319431.793, 134
Trd, 4319432.343, 94
Trd, 4319432.693, 94
Trd, 4319433.143, 82
Trd, 4319433.543, 92
Trd, 4319433.943, 85
Trd, 4319434.343, 87
Trd, 4319434.693, 70
Trd, 4319435.793, 89
Trd, 4319436.243, 79
Trd, 4319436.593, 79
Trd, 4319436.993, 98
Trd, 4319437.493, 69
Trd, 4319437.893, 82
Trd, 4319438.293, 69
Trd, 4319440.243, 138
Trd, 4319440.793, 86
Trd, 4319441.293, 60
Trd, 4319442.243, 67
Trd, 4319443.793, 60
Trd, 4319443.893, 72
Trd, 4319445.043, 78
Trd, 4319445.393, 63
Trd, 4319445.843, 121
Trd, 4319446.293, 96
Trd, 4319447.493, 118
Trd, 4319447.693, 139
Trd, 4319448.193, 79
Trd, 4319449.193, 84
Trd, 4319450.043, 84
Trd, 4319450.443, 85
Trd, 4319451.743, 109
Trd, 4319451.893, 88
Trd, 4319452.793, 118
Trd, 4319453.093, 130
Trd, 4319453.243, 126
Trd, 4319453.943, 138
Trd, 4319453.993, 122
Trd, 4319454.643, 132
Trd, 4319456.293, 92
Trd, 4319456.493, 90
Trd, 4319457.393, 68
Trd, 4319457.843, 69
Trd, 4319458.193, 64
Trd, 4319458.743, 61
Trd, 4319459.543, 96
Trd, 4319461.193, 129
Trd, 4319461.393, 98
Trd, 4319461.893, 122
Trd, 4319462.993, 119
Trd, 4319463.693, 131
Trd, 4319464.343, 120
Trd, 4319465.343, 119
Trd, 4319465.543, 101
Trd, 4319465.693, 120
Trd, 4319466.143, 99
Trd, 4319466.243, 98
Trd, 4319468.893, 125
Trd, 4319469.693, 99
Trd, 4319469.843, 89
Trd, 4319470.493, 121
Trd, 4319470.693, 65
Trd, 4319472.643, 105
Trd, 4319472.743, 95
Trd, 4319473.243, 82
Trd, 4319473.443, 113
Trd, 4319474.193, 80
Trd, 4319474.893, 100
Trd, 4319475.193, 130
Trd, 4319476.293, 114
Trd, 4319478.143, 113
Trd, 4319478.343, 69
Trd, 4319478.843, 120
Trd, 4319479.093, 123
Trd, 4319479.243, 119
Trd, 4319480.043, 109
Trd, 4319480.443, 86
Trd, 4319480.693, 86
Trd, 4319481.693, 125
Trd, 4319482.093, 130
Trd, 4319482.543, 122
Trd, 4319484.293, 135
Trd, 4319484.793, 131
Trd, 4319485.043, 118
Trd, 4319485.643, 115
Trd, 4319486.943, 140
Trd, 4319487.593, 106
Trd, 4319487.793, 92
Trd, 4319487.893, 127
Trd, 4319489.493, 91
Trd, 4319489.843, 114
Trd, 4319490.443, 92
Trd, 4319490.593, 103
Trd, 4319490.643, 83
Trd, 4319491.143, 119
Trd, 4319491.943, 69
Trd, 4319492.793, 61
Trd, 4319492.893, 79
Trd, 4319494.343, 88
Trd, 4319495.143, 68
Trd, 4319495.343, 76
Trd, 4319497.343, 127
Trd, 4319497.493, 123
Trd, 4319497.793, 98
Trd, 4319498.093, 101
Trd, 4319499.443, 120
Trd, 4319500.343, 139
Trd, 4319500.393, 129
Trd, 4319500.593, 69
Trd, 4319501.943, 111
Trd, 4319503.043, 121
Trd, 4319504.293, 100
Trd, 4319504.693, 90
Trd, 4319504.893, 80
Trd, 4319505.143, 99
Trd, 4319506.693, 134
Trd, 4319507.443, 127
Trd, 4319508.293, 123
Trd, 4319509.643, 87
Trd, 4319510.243, 63
Trd, 4319510.893, 83
Trd, 4319511.343, 61
Trd, 4319512.093, 65
Trd, 4319513.443, 121
Trd, 4319513.793, 95
Trd, 4319514.143, 82
Trd, 4319515.043, 71
Trd, 4319516.443, 132
Trd, 4319516.743, 103
Trd, 4319517.293, 71
Trd, 4319517.893, 127
Trd, 4319518.343, 139
Trd, 4319518.543, 109
Trd, 4319519.843, 124
Trd, 4319520.593, 132
Trd, 4319521.393, 112
Trd, 4319521.743, 94
Trd, 4319522.243, 83
Trd, 4319523.093, 77
Trd, 4319523.343, 72
Trd, 4319524.343, 75
Trd, 4319524.543, 91
Trd, 4319525.293, 63
Trd, 4319526.893, 92
Trd, 4319527.793, 84
Trd, 4319527.943, 109
Trd, 4319529.443, 97
Trd, 4319530.243, 95
Trd, 4319530.343, 130
Trd, 4319530.993, 113
Trd, 4319531.443, 108
Trd, 4319531.893, 107
Trd, 4319532.743, 112
Trd, 4319532.943, 110
Trd, 4319534.493, 105
Trd, 4319534.693, 99
Trd, 4319534.943, 101
Trd, 4319536.293, 131
Trd, 4319538.143, 119
Trd, 4319538.443, 109
Trd, 4319540.593, 129
Trd, 4319540.843, 109
Trd, 4319541.443, 96
Trd, 4319542.493, 133
Trd, 4319543.643, 125
Trd, 4319543.743, 131
Trd, 4319544.943, 111
Trd, 4319545.543, 130
Trd, 4319546.393, 97
Trd, 4319546.943, 99
Trd, 4319547.243, 99
Trd, 4319547.493, 92
Trd, 4319548.193, 91
Trd, 4319548.743, 103
Trd, 4319548.843, 114
Trd, 4319549.293, 88
Trd, 4319549.393, 77
Trd, 4319550.743, 84
Trd, 4319550.843, 63
Trd, 4319552.093, 98
Trd, 4319553.893, 137
Trd, 4319554.393, 107
Trd, 4319554.943, 112
Trd, 4319555.293, 103
Trd, 4319555.543, 127
Trd, 4319556.143, 97
Trd, 4319556.443, 93
Trd, 4319557.093, 90
Trd, 4319557.193, 74
Trd, 4319558.393, 112
Trd, 4319558.443, 92
Trd, 4319559.493, 114
Trd, 4319560.093, 137
Trd, 4319561.543, 84
Trd, 4319562.093, 92
Trd, 4319562.643, 129
Trd, 4319563.193, 106
Trd, 4319564.543, 130
Trd, 4319564.693, 114
Trd, 4319565.593, 135
Trd, 4319565.943, 83
Trd, 4319567.243, 81
Trd, 4319567.393, 73
Trd, 4319569.093, 136
Trd, 4319569.493, 130
Trd, 4319570.343, 140
Trd, 4319570.543, 112
Trd, 4319571.993, 101
Trd, 4319572.593, 99
Trd, 4319573.043, 102
Trd, 4319573.593, 110
Trd, 4319574.193, 94
Trd, 4319574.593, 87
Trd, 4319575.193, 83
Trd, 4319575.643, 80
Trd, 4319575.893, 64
Trd, 4319576.843, 70
Trd, 4319576.993, 77
Trd, 4319578.543, 89
Trd, 4319578.743, 88
Trd, 4319579.143, 84
Trd, 4319579.843, 77
Trd, 4319580.643, 105
Trd, 4319581.543, 124
Trd, 4319581.793, 99
Trd, 4319582.843, 116
Trd, 4319584.243, 139
Trd, 4319584.293, 133
Trd, 4319586.343, 71
Trd, 4319586.493, 81
Trd, 4319587.543, 107
Trd, 4319587.843, 102
Trd, 4319588.393, 108
Trd, 4319589.543, 127
Trd, 4319590.293, 109
Trd, 4319590.793, 113
Trd, 4319591.193, 102
Trd, 4319591.243, 99
Trd, 4319591.593, 91
Trd, 4319593.093, 101
Trd, 4319593.443, 108
Trd, 4319594.043, 104
Trd, 4319594.443, 124
Trd, 4319594.643, 102
Trd, 4319595.493, 64
Trd, 4319595.893, 91
Trd, 4319596.893, 115
Trd, 4319597.243, 94
Trd, 4319599.193, 79
Trd, 4319599.543, 73
Trd, 4319599.843, 130
Trd, 4319600.143, 76
Trd, 4319600.243, 60
Trd, 4319602.243, 92
Trd, 4319602.843, 67
Trd, 4319603.043, 94
Trd, 4319604.243, 98
Trd, 4319604.543, 95
Trd, 4319604.793, 83
Trd, 4319605.893, 65
Trd, 4319606.443, 104
Trd, 4319606.793, 79
Trd, 4319606.993, 134
Trd, 4319608.293, 118
Trd, 4319608.843, 72
Trd, 4319609.343, 68
Trd, 4319610.243, 63
Trd, 4319610.493, 112
Trd, 4319611.293, 135
Trd, 4319611.443, 135
Trd, 4319611.743, 102
Trd, 4319611.893, 95
Trd, 4319612.793, 115
Trd, 4319615.093, 72
Trd, 4319615.593, 82
Trd, 4319615.893, 93
Trd, 4319617.043, 118
Trd, 4319617.643, 109
Trd, 4319618.343, 119
Trd, 4319618.393, 92
Trd, 4319618.643, 72
Trd, 4319619.793, 135
Trd, 4319621.243, 125
Trd, 4319622.243, 97
Trd, 4319622.693, 89
Trd, 4319623.343, 78
Trd, 4319624.443, 66
Trd, 4319625.043, 98
Trd, 4319625.593, 126
Trd, 4319626.793, 82
Trd, 4319627.693, 91
Trd, 4319628.343, 96
Trd, 4319628.443, 120
Trd, 4319628.643, 87
Trd, 4319629.293, 94
Trd, 4319629.893, 86
Trd, 4319630.593, 76
Trd, 4319631.593, 64
Trd, 4319632.793, 103
Trd, 4319633.493, 87
Trd, 4319633.893, 124
Trd, 4319634.293, 88
Trd, 4319635.393, 77
Trd, 4319635.943, 99
Trd, 4319636.243, 108
Trd, 4319636.293, 106
Trd, 4319637.443, 81
Trd, 4319637.943, 87
Trd, 4319637.993, 71
Trd, 4319638.643, 91
Trd, 4319639.743, 128
Trd, 4319640.043, 106
Trd, 4319640.443, 133
Trd, 4319641.343, 115
Trd, 4319641.393, 113
Trd, 4319641.693, 109
Trd, 4319642.943, 105
Trd, 4319643.193, 125
Trd, 4319645.493, 62
Trd, 4319645.643, 69
Trd, 4319646.143, 62
Trd, 4319646.643, 76
Trd, 4319647.893, 94
Trd, 4319648.193, 116
Trd, 4319648.943, 106
Trd, 4319650.243, 88
Trd, 4319652.043, 129
Trd, 4319652.493, 122
Trd, 4319653.193, 118
Trd, 4319653.493, 102
Trd, 4319653.793, 90
Trd, 4319654.293, 95
Trd, 4319654.943, 70
Trd, 4319656.043, 135
Trd, 4319656.843, 126
Trd, 4319656.993, 122
Trd, 4319657.143, 122
Trd, 4319657.543, 115
Trd, 4319657.943, 128
Trd, 4319658.143, 131
Trd, 4319660.043, 100
Trd, 4319660.593, 114
Trd, 4319661.093, 118
Trd, 4319661.443, 97
Trd, 4319661.493, 96
Trd, 4319661.793, 114
Trd, 4319662.343, 131
Trd, 4319662.793, 109
Trd, 4319663.493, 136
Trd, 4319665.543, 96
Trd, 4319666.193, 92
Trd, 4319666.293, 82
Trd, 4319666.493, 73
Trd, 4319667.843, 68
Trd, 4319668.193, 123
Trd, 4319669.593, 103
Trd, 4319670.043, 101
Trd, 4319670.293, 123
Trd, 4319670.543, 99
Trd, 4319673.343, 135
Trd, 4319674.493, 131
Trd, 4319674.793, 135
Trd, 4319675.143, 131
Trd, 4319675.243, 115
Trd, 4319675.893, 77
Trd, 4319676.793, 77
Trd, 4319677.393, 115
Trd, 4319678.043, 69
Trd, 4319678.793, 115
Trd, 4319679.893, 111
Trd, 4319680.393, 109
Trd, 4319681.793, 140
Trd, 4319682.343, 130
Trd, 4319683.693, 119
Trd, 4319683.943, 114
Trd, 4319684.143, 115
Trd, 4319684.193, 96
Trd, 4319684.943, 136
Trd, 4319685.293, 135
Trd, 4319685.893, 134
Trd, 4319686.293, 127
Trd, 4319686.843, 79
Trd, 4319686.893, 68
Trd, 4319687.893, 89
Trd, 4319688.893, 93
Trd, 4319690.293, 131
Trd, 4319690.993, 97
Trd, 4319691.343, 64
Trd, 4319691.643, 123
Trd, 4319691.893, 130
Trd, 4319692.693, 129
Trd, 4319692.843, 97
Trd, 4319693.343, 107
Trd, 4319694.043, 86
Trd, 4319695.343, 76
Trd, 4319696.393, 90
Trd, 4319697.043, 140
Trd, 4319698.993, 94
Trd, 4319699.193, 75
Trd, 4319699.593, 67
Trd, 4319699.693, 63
Trd, 4319700.243, 95
Trd, 4319700.943, 61
Trd, 4319701.493, 108
Trd, 4319702.143, 65
Trd, 4319702.743, 86
Trd, 4319704.393, 105
Trd, 4319705.593, 76
Trd, 4319705.693, 106
Trd, 4319706.143, 109
Trd, 4319706.893, 67
Trd, 4319707.293, 71
Trd, 4319707.893, 106
Trd, 4319708.493, 111
Trd, 4319709.043, 108
Trd, 4319710.043, 112
Trd, 4319710.543, 91
Trd, 4319711.593, 72
Trd, 4319713.193, 114
Trd, 4319713.993, 77
Trd, 4319714.243, 66
Trd, 4319715.143, 75
Trd, 4319715.593, 64
Trd, 4319715.893, 73
Trd, 4319716.443, 134
Trd, 4319717.293, 73
Trd, 4319717.993, 64
Trd, 4319718.843, 66
Trd, 4319719.793, 82
Trd, 4319721.093, 62
Trd, 4319722.293, 92
Trd, 4319722.393, 82
Trd, 4319722.793, 131
Trd, 4319722.843, 83
Trd, 4319724.843, 83
Trd, 4319725.693, 69
Trd, 4319726.093, 91
Trd, 4319726.543, 97
Trd, 4319728.143, 106
Trd, 4319728.343, 103
Trd, 4319729.093, 64
Trd, 4319730.043, 139
Trd, 4319730.143, 127
Trd, 4319730.243, 104
Trd, 4319730.543, 133
Trd, 4319731.193, 102
Trd, 4319733.043, 107
Trd, 4319734.243, 76
Trd, 4319734.293, 75
Trd, 4319734.943, 131
Trd, 4319736.643, 134
Trd, 4319737.343, 133
Trd, 4319737.793, 96
Trd, 4319738.693, 129
Trd, 4319739.843, 138
Trd, 4319740.143, 130
Trd, 4319740.493, 102
Trd, 4319740.743, 99
Trd, 4319740.943, 102
Trd, 4319741.493, 89
Trd, 4319741.593, 84
Trd, 4319742.293, 108
Trd, 4319742.793, 126
Trd, 4319744.843, 135
Trd, 4319746.743, 117
Trd, 4319747.943, 132
Trd, 4319748.043, 126
Trd, 4319748.343, 113
Trd, 4319748.843, 116
Trd, 4319749.043, 106
Trd, 4319749.693, 94
Trd, 4319750.593, 93
Trd, 4319751.043, 103
Trd, 4319751.243, 90
Trd, 4319752.393, 65
Trd, 4319753.543, 140
Trd, 4319753.993, 136
Trd, 4319754.443, 118
Trd, 4319755.043, 128
Trd, 4319756.593, 127
Trd, 4319757.293, 121
Trd, 4319757.843, 108
Trd, 4319758.743, 114
Trd, 4319758.843, 99
Trd, 4319759.393, 128
Trd, 4319759.693, 90
Trd, 4319759.843, 133
Trd, 4319761.643, 119
Trd, 4319763.543, 131
Trd, 4319763.743, 127
Trd, 4319764.493, 134
Trd, 4319765.043, 125
Trd, 4319765.593, 102
Trd, 4319766.593, 79
Trd, 4319766.643, 95
Trd, 4319766.793, 71
Trd, 4319767.443, 67
Trd, 4319768.093, 63
Trd, 4319768.843, 136
Trd, 4319770.093, 120
Trd, 4319770.343, 102
Trd, 4319770.393, 93
Trd, 4319770.693, 73
Trd, 4319771.893, 80
Trd, 4319772.393, 95
Trd, 4319773.943, 71
Trd, 4319774.543, 72
Trd, 4319774.893, 70
Trd, 4319775.543, 91
Trd, 4319776.343, 136
Trd, 4319777.143, 81
Trd, 4319777.843, 93
Trd, 4319778.043, 110
Trd, 4319779.693, 106
Trd, 4319780.643, 88
Trd, 4319781.543, 123
Trd, 4319782.643, 123
Trd, 4319783.143, 111
Trd, 4319783.693, 108
Trd, 4319783.793, 92
Trd, 4319784.593, 87
Trd, 4319785.643, 107
Trd, 4319786.793, 138
Trd, 4319786.843, 135
Trd, 4319787.893, 120
Trd, 4319788.643, 126
Trd, 4319788.693, 114
Trd, 4319789.693, 119
Trd, 4319790.843, 109
Trd, 4319791.243, 126
Trd, 4319793.093, 140
Trd, 4319793.393, 89
Trd, 4319795.193, 106
Trd, 4319795.343, 113
Trd, 4319795.793, 117
Trd, 4319796.243, 104
Trd, 4319796.793, 104
Trd, 4319797.443, 109
Trd, 4319797.743, 62
Trd, 4319798.193, 84
Trd, 4319799.693, 62
Trd, 4319799.743, 66
Trd, 4319800.193, 92
Trd, 4319800.443, 82
Trd, 4319801.993, 84
Trd, 4319802.293, 82
Trd, 4319803.193, 67
Trd, 4319803.743, 107
Trd, 4319804.043, 98
Trd, 4319804.293, 118
Trd, 4319806.493, 98
Trd, 4319807.043, 63
Trd, 4319808.343, 64
Trd, 4319809.593, 77
Trd, 4319810.143, 61
Trd, 4319810.193, 67
Trd, 4319810.293, 78
Trd, 4319810.743, 90
Trd, 4319811.143, 73
Trd, 4319812.093, 120
Trd, 4319812.143, 86
Trd, 4319814.393, 121
Trd, 4319814.743, 82
Trd, 4319815.643, 96
Trd, 4319816.293, 89
Trd, 4319816.393, 92
Trd, 4319817.043, 128
Trd, 4319819.093, 63
Trd, 4319820.043, 97
Trd, 4319820.093, 83
Trd, 4319820.293, 96
Trd, 4319820.643, 125
Trd, 4319821.293, 74
Trd, 4319822.493, 76
Trd, 4319822.843, 124
Trd, 4319823.443, 106
Trd, 4319824.243, 133
Trd, 4319824.993, 133
Trd, 4319826.143, 116
Trd, 4319827.043, 112
Trd, 4319827.443, 107
Trd, 4319827.843, 98
Trd, 4319828.043, 126
Trd, 4319828.293, 77
Trd, 4319829.043, 85
Trd, 4319829.543, 92
Trd, 4319830.743, 107
Trd, 4319830.943, 92
Trd, 4319831.593, 111
Trd, 4319832.343, 128
Trd, 4319834.293, 87
Trd, 4319834.493, 92
Trd, 4319834.643, 79
Trd, 4319835.743, 85
Trd, 4319836.293, 133
Trd, 4319837.243, 73
Trd, 4319837.693, 87
Trd, 4319838.793, 113
Trd, 4319839.493, 131
Trd, 4319840.243, 120
Trd, 4319840.993, 97
Trd, 4319841.243, 95
Trd, 4319841.943, 69
Trd, 4319842.243, 68
Trd, 4319843.193, 94
Trd, 4319844.943, 135
Trd, 4319844.993, 127
Trd, 4319845.243, 120
Trd, 4319845.393, 113
Trd, 4319845.993, 114
Trd, 4319846.693, 73
Trd, 4319847.293, 76
Trd, 4319848.343, 68
Trd, 4319848.643, 96
Trd, 4319849.693, 71
Trd, 4319850.793, 76
Trd, 4319851.043, 97
Trd, 4319851.093, 101
Trd, 4319852.093, 96
Trd, 4319852.443, 88
Trd, 4319853.443, 76
Trd, 4319855.043, 95
Trd, 4319855.393, 105
Trd, 4319856.943, 74
Trd, 4319857.893, 98
Trd, 4319858.493, 105
Trd, 4319860.193, 128
Trd, 4319860.393, 124
Trd, 4319860.943, 134
Trd, 4319862.493, 132
Trd, 4319863.193, 122
Trd, 4319863.743, 135
Trd, 4319863.793, 116
Trd, 4319863.993, 107
Trd, 4319864.043, 100
Trd, 4319864.293, 127
Trd, 4319865.943, 61
Trd, 4319866.243, 65
Trd, 4319867.993, 65
Trd, 4319868.043, 78
Trd, 4319868.593, 90
Trd, 4319870.243, 98
Trd, 4319870.993, 80
Trd, 4319871.543, 83
Trd, 4319872.593, 112
Trd, 4319873.243, 134
Trd, 4319873.393, 123
Trd, 4319874.293, 82
Trd, 4319874.593, 87
Trd, 4319874.843, 81
Trd, 4319875.493, 80
Trd, 4319876.293, 87
Trd, 4319877.343, 61
Trd, 4319877.543, 68
Trd, 4319877.943, 64
Trd, 4319878.493, 63
Trd, 4319879.543, 115
Trd, 4319879.943, 110
Trd, 4319881.143, 128
Trd, 4319881.393, 120
Trd, 4319881.443, 109
Trd, 4319881.943, 87
Trd, 4319882.843, 108
Trd, 4319883.993, 134
Trd, 4319884.093, 105
Trd, 4319884.993, 103
Trd, 4319886.043, 78
Trd, 4319886.193, 81
Trd, 4319887.293, 80
Trd, 4319888.393, 63
Trd, 4319889.293, 103
Trd, 4319889.443, 114
Trd, 4319889.693, 87
Trd, 4319890.793, 136
Trd, 4319891.393, 109
Trd, 4319891.893, 63
Trd, 4319892.893, 136
Trd, 4319893.143, 68
Trd, 4319893.193, 112
Trd, 4319894.643, 65
Trd, 4319896.243, 65
Trd, 4319896.293, 67
Trd, 4319896.893, 80
Trd, 4319897.293, 94
Trd, 4319898.443, 123
Trd, 4319899.393, 94
Trd, 4319900.243, 71
Trd, 4319900.593, 67
Trd, 4319901.143, 83
Trd, 4319901.593, 102
Trd, 4319904.093, 136
Trd, 4319904.143, 134
Trd, 4319904.743, 122
Trd, 4319905.043, 121
Trd, 4319905.343, 107
Trd, 4319905.543, 100
Trd, 4319905.843, 105
Trd, 4319906.093, 124
Trd, 4319906.943, 98
Trd, 4319908.743, 128
Trd, 4319909.393, 85
Trd, 4319909.893, 61
Trd, 4319910.793, 61
Trd, 4319911.593, 110
Trd, 4319913.193, 118
Trd, 4319913.243, 111
Trd, 4319913.993, 112
Trd, 4319914.393, 108
Trd, 4319915.293, 93
Trd, 4319915.593, 71
Trd, 4319916.293, 115
Trd, 4319916.843, 74
Trd, 4319917.543, 82
Trd, 4319917.743, 101
Trd, 4319919.093, 126
Trd, 4319919.243, 107
Trd, 4319920.643, 82
Trd, 4319920.993, 123
Trd, 4319921.143, 75
Trd, 4319921.493, 102
Trd, 4319921.843, 85
Trd, 4319922.743, 73
Trd, 4319924.193, 105
Trd, 4319925.393, 116
Trd, 4319925.493, 103
Trd, 4319925.893, 131
Trd, 4319925.993, 99
Trd, 4319926.543, 81
Trd, 4319927.393, 131
Trd, 4319928.793, 131
Trd, 4319930.143, 116
Trd, 4319931.243, 98
Trd, 4319931.793, 95
Trd, 4319932.243, 88
Trd, 4319932.393, 81
Trd, 4319933.093, 131
Trd, 4319933.643, 75
Trd, 4319934.843, 95
Trd, 4319936.993, 129
Trd, 4319937.193, 140
Trd, 4319937.793, 111
Trd, 4319937.943, 75
Trd, 4319938.293, 135
Trd, 4319938.593, 100
Trd, 4319939.943, 77
Trd, 4319940.143, 80
Trd, 4319940.193, 75
Trd, 4319941.143, 76
Trd, 4319942.643, 63
Trd, 4319943.393, 95
Trd, 4319943.643, 112
Trd, 4319944.643, 85
Trd, 4319944.793, 84
Trd, 4319945.043, 134
Trd, 4319946.393, 133
Trd, 4319947.293, 108
Trd, 4319948.443, 139
Trd, 4319948.893, 137
Trd, 4319949.193, 131
Trd, 4319949.543, 113
Trd, 4319950.143, 135
Trd, 4319951.343, 135
Trd, 4319951.543, 126
Trd, 4319952.293, 97
Trd, 4319952.393, 120
Trd, 4319953.593, 95
Trd, 4319953.843, 96
Trd, 4319954.043, 115
Trd, 4319954.743, 87
Trd, 4319956.693, 74
Trd, 4319957.143, 64
Trd, 4319957.593, 62
Trd, 4319960.093, 69
Trd, 4319961.293, 92
Trd, 4319961.343, 119
Trd, 4319962.993, 133
Trd, 4319963.543, 117
Trd, 4319963.693, 114
Trd, 4319964.443, 118
Trd, 4319964.743, 90
Trd, 4319966.043, 110
Trd, 4319967.143, 77
Trd, 4319969.443, 139
Trd, 4319969.643, 124
Trd, 4319970.193, 89
Trd, 4319970.893, 107
Trd, 4319971.493, 112
Trd, 4319972.443, 116
Trd, 4319972.793, 122
Trd, 4319972.943, 118
Trd, 4319973.493, 113
Trd, 4319974.143, 95
Trd, 4319976.043, 69
Trd, 4319976.743, 67
Trd, 4319978.443, 61
Trd, 4319978.793, 72
Trd, 4319978.893, 79
Trd, 4319979.093, 93
Trd, 4319979.543, 87
Trd, 4319980.043, 77
Trd, 4319981.243, 76
Trd, 4319981.593, 116
Trd, 4319982.693, 92
Trd, 4319982.993, 85
Trd, 4319983.343, 66
Trd, 4319984.393, 73
Trd, 4319986.743, 122
Trd, 4319987.493, 121
Trd, 4319988.243, 114
Trd, 4319988.343, 106
Trd, 4319988.843, 140
Trd, 4319988.893, 86
Trd, 4319992.293, 140
Trd, 4319992.343, 121
Trd, 4319993.893, 138
Trd, 4319994.393, 124
Trd, 4319994.693, 105
Trd, 4319995.043, 103
Trd, 4319995.543, 137
Trd, 4319995.943, 133
Trd, 4319996.143, 93
Trd, 4319997.893, 108
Trd, 4319998.243, 89
Trd, 4319998.693, 109
Trd, 4319999.293, 76
Trd, 4319999.543, 129
