Trd, 4318191.243, 103
Trd, 4318192.293, 68
Trd, 4318193.243, 60
Trd, 4318193.543, 64
Trd, 4318193.593, 68
Trd, 4318195.193, 60
Trd, 4318196.143, 70
Trd, 4318196.193, 69
Trd, 4318196.393, 71
Trd, 4318196.743, 73
Trd, 4318197.843, 67
Trd, 4318198.843, 69
Trd, 4318199.193, 72
Trd, 4318199.893, 94
Trd, 4318200.543, 67
Trd, 4318200.693, 104
Trd, 4318201.893, 81
Trd, 4318203.243, 130
Trd, 4318203.693, 81
Trd, 4318204.093, 80
Trd, 4318204.493, 61
Trd, 4318205.093, 133
Trd, 4318206.093, 119
Trd, 4318206.343, 140
Trd, 4318206.943, 91
Trd, 4318207.993, 128
Trd, 4318208.043, 105
Trd, 4318209.293, 133
Trd, 4318209.393, 105
Trd, 4318209.543, 94
Trd, 4318209.643, 111
Trd, 4318210.493, 60
Trd, 4318211.443, 62
Trd, 4318212.193, 63
Trd, 4318213.643, 60
Trd, 4318214.593, 62
Trd, 4318215.193, 60
Trd, 4318215.293, 62
Trd, 4318215.543, 66
Trd, 4318216.443, 68
Trd, 4318217.043, 60
Trd, 4318217.093, 61
Trd, 4318217.543, 64
Trd, 4318217.693, 69
Trd, 4318219.793, 92
Trd, 4318220.143, 91
Trd, 4318220.993, 122
Trd, 4318221.543, 95
Trd, 4318222.093, 133
Trd, 4318222.193, 98
Trd, 4318223.593, 63
Trd, 4318224.043, 64
Trd, 4318224.193, 65
Trd, 4318225.143, 96
Trd, 4318225.293, 95
Trd, 4318225.993, 98
Trd, 4318226.243, 97
Trd, 4318227.593, 102
Trd, 4318228.093, 68
Trd, 4318228.593, 63
Trd, 4318229.193, 63
Trd, 4318229.743, 60
Trd, 4318229.843, 101
Trd, 4318229.943, 127
Trd, 4318230.493, 66
Trd, 4318230.793, 66
Trd, 4318231.243, 119
Trd, 4318232.693, 81
Trd, 4318233.043, 82
Trd, 4318233.743, 69
Trd, 4318234.093, 64
Trd, 4318234.893, 134
Trd, 4318235.643, 62
Trd, 4318235.893, 61
Trd, 4318236.993, 62
Trd, 4318237.293, 63
Trd, 4318237.843, 100
Trd, 4318238.243, 77
Trd, 4318239.393, 127
Trd, 4318239.493, 75
Trd, 4318240.943, 61
Trd, 4318241.843, 64
Trd, 4318241.943, 67
Trd, 4318244.193, 60
Trd, 4318245.543, 60
Trd, 4318245.943, 60
Trd, 4318246.043, 60
Trd, 4318246.293, 61
Trd, 4318246.843, 61
Trd, 4318246.893, 60
Trd, 4318247.293, 61
Trd, 4318247.943, 87
Trd, 4318248.593, 61
Trd, 4318250.693, 65
Trd, 4318251.593, 60
Trd, 4318252.543, 60
Trd, 4318254.593, 61
Trd, 4318255.143, 63
Trd, 4318255.343, 64
Trd, 4318256.343, 62
Trd, 4318256.543, 70
Trd, 4318257.343, 75
Trd, 4318258.443, 124
Trd, 4318258.593, 123
Trd, 4318258.643, 109
Trd, 4318258.743, 108
Trd, 4318258.843, 61
Trd, 4318259.543, 118
Trd, 4318259.843, 131
Trd, 4318260.143, 89
Trd, 4318261.493, 60
Trd, 4318262.393, 61
Trd, 4318262.443, 62
Trd, 4318262.543, 62
Trd, 4318264.293, 60
Trd, 4318264.893, 62
Trd, 4318265.443, 62
Trd, 4318266.743, 61
Trd, 4318267.443, 60
Trd, 4318267.943, 61
Trd, 4318268.893, 67
Trd, 4318269.093, 64
Trd, 4318269.743, 67
Trd, 4318270.243, 64
Trd, 4318270.293, 84
Trd, 4318270.743, 63
Trd, 4318272.143, 94
Trd, 4318272.193, 75
Trd, 4318273.543, 73
Trd, 4318274.693, 64
Trd, 4318274.843, 65
Trd, 4318274.893, 90
Trd, 4318275.543, 91
Trd, 4318276.493, 105
Trd, 4318276.643, 99
Trd, 4318276.943, 96
Trd, 4318276.993, 79
Trd, 4318277.493, 77
Trd, 4318278.643, 87
Trd, 4318280.443, 60
Trd, 4318280.793, 62
Trd, 4318281.293, 62
Trd, 4318282.093, 64
Trd, 4318282.193, 69
Trd, 4318282.343, 71
Trd, 4318284.143, 60
Trd, 4318284.293, 62
Trd, 4318284.793, 60
Trd, 4318285.943, 61
Trd, 4318286.943, 60
Trd, 4318287.293, 60
Trd, 4318288.993, 63
Trd, 4318289.593, 62
Trd, 4318289.693, 62
Trd, 4318289.943, 133
Trd, 4318290.793, 105
Trd, 4318291.643, 110
Trd, 4318291.843, 88
Trd, 4318292.493, 127
Trd, 4318293.243, 68
Trd, 4318293.593, 61
Trd, 4318294.643, 64
Trd, 4318295.643, 61
Trd, 4318296.643, 60
Trd, 4318296.743, 60
Trd, 4318296.893, 60
Trd, 4318296.993, 61
Trd, 4318297.743, 60
Trd, 4318299.393, 61
Trd, 4318299.843, 63
Trd, 4318300.293, 66
Trd, 4318301.443, 110
Trd, 4318301.543, 101
Trd, 4318302.243, 123
Trd, 4318302.843, 120
Trd, 4318302.993, 90
Trd, 4318304.543, 129
Trd, 4318304.693, 97
Trd, 4318304.993, 61
Trd, 4318305.593, 63
Trd, 4318306.193, 64
Trd, 4318306.493, 62
Trd, 4318307.093, 60
Trd, 4318307.443, 62
Trd, 4318307.593, 67
Trd, 4318308.793, 70
Trd, 4318309.793, 72
Trd, 4318310.593, 68
Trd, 4318311.743, 64
Trd, 4318312.143, 66
Trd, 4318312.993, 60
Trd, 4318313.593, 61
Trd, 4318313.943, 66
Trd, 4318314.393, 99
Trd, 4318314.943, 89
Trd, 4318315.443, 101
Trd, 4318315.893, 61
Trd, 4318317.143, 64
Trd, 4318317.943, 60
Trd, 4318318.343, 66
Trd, 4318318.593, 66
Trd, 4318319.143, 66
Trd, 4318319.843, 62
Trd, 4318320.393, 67
Trd, 4318321.493, 61
Trd, 4318322.593, 62
Trd, 4318323.093, 63
Trd, 4318323.393, 63
Trd, 4318323.693, 69
Trd, 4318323.843, 66
Trd, 4318324.193, 94
Trd, 4318325.493, 73
Trd, 4318325.843, 82
Trd, 4318326.143, 82
Trd, 4318326.493, 80
Trd, 4318327.593, 64
Trd, 4318327.643, 65
Trd, 4318328.993, 80
Trd, 4318329.043, 78
Trd, 4318329.293, 68
Trd, 4318330.843, 61
Trd, 4318331.143, 64
Trd, 4318331.193, 67
Trd, 4318331.343, 62
Trd, 4318332.693, 65
Trd, 4318332.793, 123
Trd, 4318333.543, 126
Trd, 4318334.043, 118
Trd, 4318334.243, 88
Trd, 4318334.843, 88
Trd, 4318335.643, 114
Trd, 4318336.093, 111
Trd, 4318336.143, 101
Trd, 4318337.343, 119
Trd, 4318337.493, 62
Trd, 4318337.793, 68
Trd, 4318339.943, 60
Trd, 4318340.343, 61
Trd, 4318342.043, 60
Trd, 4318342.143, 60
Trd, 4318342.393, 60
Trd, 4318342.443, 62
Trd, 4318342.493, 65
Trd, 4318343.293, 61
Trd, 4318344.093, 61
Trd, 4318345.093, 71
Trd, 4318346.093, 60
Trd, 4318346.893, 76
Trd, 4318347.193, 79
Trd, 4318348.243, 60
Trd, 4318348.543, 60
Trd, 4318349.243, 63
Trd, 4318349.593, 64
Trd, 4318349.793, 66
Trd, 4318350.993, 64
Trd, 4318351.593, 60
Trd, 4318352.293, 63
Trd, 4318352.593, 63
Trd, 4318353.443, 64
Trd, 4318353.593, 65
Trd, 4318353.693, 68
Trd, 4318354.043, 65
Trd, 4318354.993, 111
Trd, 4318355.843, 65
Trd, 4318356.293, 85
Trd, 4318356.993, 60
Trd, 4318357.393, 71
Trd, 4318359.743, 66
Trd, 4318360.543, 64
Trd, 4318362.193, 60
Trd, 4318362.493, 60
Trd, 4318363.243, 60
Trd, 4318363.393, 61
Trd, 4318363.493, 62
Trd, 4318363.693, 60
Trd, 4318364.393, 64
Trd, 4318364.943, 66
Trd, 4318365.143, 76
Trd, 4318366.393, 60
Trd, 4318366.843, 62
Trd, 4318367.943, 60
Trd, 4318368.193, 60
Trd, 4318369.093, 60
Trd, 4318369.193, 63
Trd, 4318369.393, 72
Trd, 4318369.493, 91
Trd, 4318370.443, 93
Trd, 4318370.843, 88
Trd, 4318371.043, 70
Trd, 4318371.343, 60
Trd, 4318373.143, 61
Trd, 4318373.543, 63
Trd, 4318373.893, 62
Trd, 4318374.043, 64
Trd, 4318374.743, 61
Trd, 4318375.143, 62
Trd, 4318375.243, 64
Trd, 4318375.893, 67
Trd, 4318376.793, 60
Trd, 4318376.843, 64
Trd, 4318377.943, 62
Trd, 4318379.193, 67
Trd, 4318379.543, 68
Trd, 4318379.943, 62
Trd, 4318380.193, 65
Trd, 4318380.743, 61
Trd, 4318381.543, 60
Trd, 4318381.743, 62
Trd, 4318381.993, 69
Trd, 4318383.693, 60
Trd, 4318383.793, 60
Trd, 4318384.643, 83
Trd, 4318385.443, 74
Trd, 4318385.943, 60
Trd, 4318386.193, 61
Trd, 4318386.493, 65
Trd, 4318386.543, 66
Trd, 4318386.743, 60
Trd, 4318388.193, 115
Trd, 4318388.993, 114
Trd, 4318389.493, 118
Trd, 4318390.293, 134
Trd, 4318390.593, 114
Trd, 4318390.743, 104
Trd, 4318391.843, 98
Trd, 4318391.893, 95
Trd, 4318392.543, 108
Trd, 4318392.743, 80
Trd, 4318393.043, 115
Trd, 4318394.343, 66
Trd, 4318394.793, 60
Trd, 4318395.693, 61
Trd, 4318397.443, 62
Trd, 4318397.843, 64
Trd, 4318398.193, 60
Trd, 4318398.493, 61
Trd, 4318398.593, 68
Trd, 4318399.093, 72
Trd, 4318399.593, 120
Trd, 4318400.693, 77
Trd, 4318401.043, 109
Trd, 4318401.293, 85
Trd, 4318401.493, 73
Trd, 4318402.243, 125
Trd, 4318402.643, 92
Trd, 4318403.043, 113
Trd, 4318403.693, 107
Trd, 4318403.893, 69
Trd, 4318404.593, 70
Trd, 4318404.743, 72
Trd, 4318405.343, 61
Trd, 4318406.293, 70
Trd, 4318407.993, 60
Trd, 4318408.893, 60
Trd, 4318409.593, 60
Trd, 4318409.693, 63
Trd, 4318410.593, 63
Trd, 4318411.093, 63
Trd, 4318412.193, 60
Trd, 4318412.843, 62
Trd, 4318413.043, 62
Trd, 4318413.243, 60
Trd, 4318413.893, 64
Trd, 4318414.843, 73
Trd, 4318416.093, 67
Trd, 4318416.643, 80
Trd, 4318416.693, 76
Trd, 4318417.593, 60
Trd, 4318418.243, 60
Trd, 4318418.493, 63
Trd, 4318418.943, 93
Trd, 4318419.493, 72
Trd, 4318421.093, 71
Trd, 4318421.893, 65
Trd, 4318424.343, 61
Trd, 4318424.593, 63
Trd, 4318424.793, 65
Trd, 4318425.243, 65
Trd, 4318425.893, 66
Trd, 4318426.343, 70
Trd, 4318426.893, 60
Trd, 4318427.093, 63
Trd, 4318428.643, 62
Trd, 4318429.143, 63
Trd, 4318429.443, 66
Trd, 4318429.693, 76
Trd, 4318429.993, 124
Trd, 4318430.943, 104
Trd, 4318432.393, 62
Trd, 4318432.793, 68
Trd, 4318433.093, 61
Trd, 4318434.693, 60
Trd, 4318435.043, 62
Trd, 4318435.093, 68
Trd, 4318435.693, 63
Trd, 4318436.493, 63
Trd, 4318436.693, 66
Trd, 4318437.143, 100
Trd, 4318437.743, 114
Trd, 4318438.293, 115
Trd, 4318439.193, 116
Trd, 4318439.843, 130
Trd, 4318440.793, 114
Trd, 4318440.943, 116
Trd, 4318442.543, 103
Trd, 4318442.793, 136
Trd, 4318443.143, 127
Trd, 4318443.293, 97
Trd, 4318443.693, 73
Trd, 4318443.993, 65
Trd, 4318444.493, 121
Trd, 4318445.243, 81
Trd, 4318445.443, 63
Trd, 4318446.143, 64
Trd, 4318447.343, 132
Trd, 4318448.343, 140
Trd, 4318448.393, 106
Trd, 4318448.493, 114
Trd, 4318448.743, 63
Trd, 4318449.943, 60
Trd, 4318451.293, 61
Trd, 4318452.593, 68
Trd, 4318452.943, 63
Trd, 4318452.993, 70
Trd, 4318453.293, 63
Trd, 4318453.343, 61
Trd, 4318454.593, 83
Trd, 4318454.693, 67
Trd, 4318455.143, 132
Trd, 4318455.293, 110
Trd, 4318456.693, 112
Trd, 4318456.993, 111
Trd, 4318457.493, 101
Trd, 4318458.043, 60
Trd, 4318458.893, 116
Trd, 4318458.993, 83
Trd, 4318459.943, 63
Trd, 4318460.743, 64
Trd, 4318461.143, 62
Trd, 4318462.893, 60
Trd, 4318463.143, 62
Trd, 4318465.243, 61
Trd, 4318465.493, 62
Trd, 4318466.043, 62
Trd, 4318466.843, 60
Trd, 4318467.093, 61
Trd, 4318467.193, 61
Trd, 4318467.393, 85
Trd, 4318467.943, 65
Trd, 4318468.443, 60
Trd, 4318469.093, 60
Trd, 4318469.293, 61
Trd, 4318470.993, 62
Trd, 4318471.693, 60
Trd, 4318472.293, 62
Trd, 4318473.093, 60
Trd, 4318474.343, 60
Trd, 4318474.893, 62
Trd, 4318474.943, 62
Trd, 4318475.143, 60
Trd, 4318475.193, 70
Trd, 4318475.343, 73
Trd, 4318476.143, 61
Trd, 4318478.543, 60
Trd, 4318478.843, 60
Trd, 4318479.243, 60
Trd, 4318479.793, 60
Trd, 4318479.843, 61
Trd, 4318480.293, 63
Trd, 4318480.843, 60
Trd, 4318481.943, 60
Trd, 4318482.743, 65
Trd, 4318483.393, 62
Trd, 4318484.793, 61
Trd, 4318485.293, 79
Trd, 4318485.693, 61
Trd, 4318485.893, 65
Trd, 4318486.143, 76
Trd, 4318486.193, 64
Trd, 4318486.693, 60
Trd, 4318487.193, 105
Trd, 4318488.743, 70
Trd, 4318489.793, 119
Trd, 4318490.043, 100
Trd, 4318490.193, 102
Trd, 4318490.693, 99
Trd, 4318491.243, 116
Trd, 4318491.893, 115
Trd, 4318493.243, 76
Trd, 4318493.893, 60
Trd, 4318494.543, 61
Trd, 4318495.043, 67
Trd, 4318495.593, 61
Trd, 4318496.143, 62
Trd, 4318496.293, 71
Trd, 4318497.593, 60
Trd, 4318498.393, 123
Trd, 4318498.543, 111
Trd, 4318498.893, 87
Trd, 4318499.043, 110
Trd, 4318499.693, 66
Trd, 4318499.793, 63
Trd, 4318500.293, 112
Trd, 4318500.893, 81
Trd, 4318502.143, 101
Trd, 4318503.693, 100
Trd, 4318504.043, 89
Trd, 4318504.293, 84
Trd, 4318504.943, 94
Trd, 4318505.043, 64
Trd, 4318505.843, 90
Trd, 4318507.343, 132
Trd, 4318507.393, 120
Trd, 4318508.443, 61
Trd, 4318508.543, 69
Trd, 4318508.693, 69
Trd, 4318509.143, 69
Trd, 4318509.893, 64
Trd, 4318510.793, 60
Trd, 4318512.493, 60
Trd, 4318512.843, 60
Trd, 4318513.743, 60
Trd, 4318514.793, 60
Trd, 4318514.993, 61
Trd, 4318515.943, 61
Trd, 4318516.393, 62
Trd, 4318516.743, 65
Trd, 4318516.943, 62
Trd, 4318517.893, 60
Trd, 4318518.793, 61
Trd, 4318519.793, 61
Trd, 4318519.993, 65
Trd, 4318520.043, 67
Trd, 4318520.493, 115
Trd, 4318521.643, 62
Trd, 4318521.993, 94
Trd, 4318522.193, 78
Trd, 4318523.143, 112
Trd, 4318524.493, 68
Trd, 4318524.743, 77
Trd, 4318525.293, 138
Trd, 4318526.343, 64
Trd, 4318526.693, 62
Trd, 4318527.143, 68
Trd, 4318527.193, 70
Trd, 4318527.843, 65
Trd, 4318527.893, 111
Trd, 4318528.193, 65
Trd, 4318529.393, 60
Trd, 4318530.143, 60
Trd, 4318530.243, 60
Trd, 4318530.643, 70
Trd, 4318531.093, 74
Trd, 4318531.243, 116
Trd, 4318531.693, 61
Trd, 4318532.843, 62
Trd, 4318532.893, 62
Trd, 4318533.393, 66
Trd, 4318534.993, 60
Trd, 4318535.293, 60
Trd, 4318535.993, 60
Trd, 4318536.443, 117
Trd, 4318537.543, 60
Trd, 4318537.743, 61
Trd, 4318537.793, 71
Trd, 4318538.043, 81
Trd, 4318538.493, 64
Trd, 4318538.793, 61
Trd, 4318540.043, 61
Trd, 4318540.743, 68
Trd, 4318541.243, 124
Trd, 4318541.393, 75
Trd, 4318541.493, 80
Trd, 4318542.993, 60
Trd, 4318544.043, 62
Trd, 4318544.343, 63
Trd, 4318545.093, 73
Trd, 4318545.593, 95
Trd, 4318545.643, 93
Trd, 4318546.343, 99
Trd, 4318546.493, 84
Trd, 4318548.943, 94
Trd, 4318548.993, 81
Trd, 4318549.693, 61
Trd, 4318550.843, 125
Trd, 4318551.393, 104
Trd, 4318551.693, 104
Trd, 4318552.193, 99
Trd, 4318552.343, 98
Trd, 4318552.843, 92
Trd, 4318553.743, 137
Trd, 4318554.393, 94
Trd, 4318554.793, 80
Trd, 4318555.893, 80
Trd, 4318556.093, 78
Trd, 4318556.643, 109
Trd, 4318557.193, 91
Trd, 4318557.793, 61
Trd, 4318558.043, 65
Trd, 4318559.193, 63
Trd, 4318559.243, 65
Trd, 4318559.643, 88
Trd, 4318560.743, 63
Trd, 4318561.243, 68
Trd, 4318562.043, 60
Trd, 4318562.293, 62
Trd, 4318563.593, 61
Trd, 4318564.843, 63
Trd, 4318565.243, 64
Trd, 4318565.393, 61
Trd, 4318566.093, 64
Trd, 4318566.293, 66
Trd, 4318567.243, 68
Trd, 4318568.643, 61
Trd, 4318568.793, 130
Trd, 4318569.393, 98
Trd, 4318569.693, 79
Trd, 4318570.243, 138
Trd, 4318570.293, 82
Trd, 4318571.893, 60
Trd, 4318572.393, 60
Trd, 4318572.943, 60
Trd, 4318573.693, 64
Trd, 4318574.393, 63
Trd, 4318574.593, 70
Trd, 4318575.043, 73
Trd, 4318575.293, 73
Trd, 4318576.843, 60
Trd, 4318578.193, 60
Trd, 4318578.343, 61
Trd, 4318579.793, 62
Trd, 4318580.043, 63
Trd, 4318580.443, 63
Trd, 4318580.693, 73
Trd, 4318581.093, 73
Trd, 4318581.343, 84
Trd, 4318582.093, 67
Trd, 4318582.693, 108
Trd, 4318582.893, 94
Trd, 4318583.843, 62
Trd, 4318586.293, 60
Trd, 4318587.093, 61
Trd, 4318587.193, 60
Trd, 4318587.243, 61
Trd, 4318587.443, 63
Trd, 4318587.943, 63
Trd, 4318588.093, 64
Trd, 4318588.143, 68
Trd, 4318588.493, 64
Trd, 4318590.343, 60
Trd, 4318591.193, 63
Trd, 4318591.343, 64
Trd, 4318591.493, 70
Trd, 4318592.193, 74
Trd, 4318592.393, 71
Trd, 4318592.893, 60
Trd, 4318594.993, 60
Trd, 4318595.043, 61
Trd, 4318595.493, 72
Trd, 4318595.693, 61
Trd, 4318596.243, 64
Trd, 4318596.943, 62
Trd, 4318597.793, 60
Trd, 4318598.493, 63
Trd, 4318598.793, 66
Trd, 4318599.293, 64
Trd, 4318600.893, 66
Trd, 4318601.143, 85
Trd, 4318601.893, 76
Trd, 4318602.043, 64
Trd, 4318602.793, 63
Trd, 4318603.743, 68
Trd, 4318604.643, 67
Trd, 4318605.693, 64
Trd, 4318606.543, 66
Trd, 4318607.093, 62
Trd, 4318607.543, 63
Trd, 4318608.943, 60
Trd, 4318609.293, 86
Trd, 4318610.793, 61
Trd, 4318610.843, 61
Trd, 4318610.993, 64
Trd, 4318611.393, 86
Trd, 4318611.493, 84
Trd, 4318611.893, 61
Trd, 4318612.393, 63
Trd, 4318612.843, 88
Trd, 4318613.593, 62
Trd, 4318614.293, 83
Trd, 4318614.543, 92
Trd, 4318614.893, 72
Trd, 4318615.143, 73
Trd, 4318616.293, 60
Trd, 4318616.343, 61
Trd, 4318617.293, 138
Trd, 4318617.843, 140
Trd, 4318618.493, 131
Trd, 4318618.843, 126
Trd, 4318618.943, 100
Trd, 4318620.293, 61
Trd, 4318620.743, 68
Trd, 4318622.243, 92
Trd, 4318622.343, 89
Trd, 4318622.843, 90
Trd, 4318623.293, 109
Trd, 4318624.343, 99
Trd, 4318625.243, 126
Trd, 4318625.643, 75
Trd, 4318626.443, 86
Trd, 4318626.493, 67
Trd, 4318626.993, 104
Trd, 4318627.643, 66
Trd, 4318627.743, 92
Trd, 4318628.343, 115
Trd, 4318628.493, 96
Trd, 4318629.443, 102
Trd, 4318630.193, 61
Trd, 4318630.643, 70
Trd, 4318632.093, 60
Trd, 4318632.843, 62
Trd, 4318633.143, 60
Trd, 4318633.593, 70
Trd, 4318634.243, 61
Trd, 4318635.193, 61
Trd, 4318635.443, 61
Trd, 4318636.493, 60
Trd, 4318637.593, 60
Trd, 4318638.143, 61
Trd, 4318638.593, 100
Trd, 4318639.293, 67
Trd, 4318640.043, 60
Trd, 4318640.443, 61
Trd, 4318640.893, 63
Trd, 4318641.343, 60
Trd, 4318642.543, 62
Trd, 4318642.743, 64
Trd, 4318642.943, 72
Trd, 4318643.093, 82
Trd, 4318644.443, 121
Trd, 4318644.593, 84
Trd, 4318645.343, 109
Trd, 4318645.943, 140
Trd, 4318646.293, 78
Trd, 4318646.493, 80
Trd, 4318647.193, 140
Trd, 4318647.643, 78
Trd, 4318647.943, 104
Trd, 4318648.293, 97
Trd, 4318649.543, 97
Trd, 4318650.193, 140
Trd, 4318650.743, 135
Trd, 4318651.443, 121
Trd, 4318653.743, 110
Trd, 4318653.793, 102
Trd, 4318654.143, 89
Trd, 4318654.193, 86
Trd, 4318654.793, 61
Trd, 4318656.543, 60
Trd, 4318657.193, 62
Trd, 4318657.693, 64
Trd, 4318658.193, 60
Trd, 4318658.593, 63
Trd, 4318658.643, 64
Trd, 4318658.993, 65
Trd, 4318660.093, 60
Trd, 4318661.043, 60
Trd, 4318661.843, 62
Trd, 4318662.143, 60
Trd, 4318663.693, 60
Trd, 4318663.943, 61
Trd, 4318665.043, 61
Trd, 4318665.543, 62
Trd, 4318665.743, 60
Trd, 4318665.843, 62
Trd, 4318666.843, 61
Trd, 4318667.793, 62
Trd, 4318668.793, 62
Trd, 4318669.743, 60
Trd, 4318669.893, 60
Trd, 4318670.193, 67
Trd, 4318670.443, 65
Trd, 4318670.593, 69
Trd, 4318670.843, 123
Trd, 4318671.643, 64
Trd, 4318672.043, 67
Trd, 4318672.843, 62
Trd, 4318674.443, 62
Trd, 4318675.843, 60
Trd, 4318675.943, 63
Trd, 4318676.493, 62
Trd, 4318677.893, 60
Trd, 4318678.343, 61
Trd, 4318678.543, 62
Trd, 4318678.993, 61
Trd, 4318679.043, 63
Trd, 4318679.443, 60
Trd, 4318680.093, 62
Trd, 4318680.643, 60
Trd, 4318680.893, 61
Trd, 4318682.143, 61
Trd, 4318683.443, 64
Trd, 4318683.843, 65
Trd, 4318683.993, 85
Trd, 4318685.693, 66
Trd, 4318685.793, 86
Trd, 4318686.093, 113
Trd, 4318686.443, 63
Trd, 4318687.043, 60
Trd, 4318688.293, 65
Trd, 4318690.093, 65
Trd, 4318690.243, 61
Trd, 4318691.193, 60
Trd, 4318691.343, 69
Trd, 4318692.943, 61
Trd, 4318693.943, 60
Trd, 4318694.043, 63
Trd, 4318694.793, 62
Trd, 4318697.643, 60
Trd, 4318698.693, 62
Trd, 4318698.793, 63
Trd, 4318698.993, 66
Trd, 4318700.193, 62
Trd, 4318700.643, 61
Trd, 4318700.743, 65
Trd, 4318701.393, 60
Trd, 4318702.693, 65
Trd, 4318702.943, 70
Trd, 4318703.293, 71
Trd, 4318703.493, 88
Trd, 4318705.143, 65
Trd, 4318705.793, 66
Trd, 4318706.193, 65
Trd, 4318707.693, 66
Trd, 4318707.993, 115
Trd, 4318708.743, 139
Trd, 4318709.593, 138
Trd, 4318709.943, 102
Trd, 4318710.693, 97
Trd, 4318710.793, 80
Trd, 4318711.793, 86
Trd, 4318711.893, 63
Trd, 4318713.443, 60
Trd, 4318713.893, 63
Trd, 4318714.793, 60
Trd, 4318714.893, 60
Trd, 4318714.943, 61
Trd, 4318715.943, 64
Trd, 4318716.443, 85
Trd, 4318718.343, 66
Trd, 4318718.393, 67
Trd, 4318719.843, 63
Trd, 4318719.943, 63
Trd, 4318720.043, 64
Trd, 4318720.943, 62
Trd, 4318722.643, 71
Trd, 4318722.993, 71
Trd, 4318723.143, 60
Trd, 4318723.543, 85
Trd, 4318724.143, 61
Trd, 4318724.493, 68
Trd, 4318725.043, 64
Trd, 4318725.143, 67
Trd, 4318726.193, 61
Trd, 4318726.943, 133
Trd, 4318727.243, 131
Trd, 4318727.843, 112
Trd, 4318728.043, 111
Trd, 4318729.293, 94
Trd, 4318730.143, 60
Trd, 4318730.693, 96
Trd, 4318731.343, 121
Trd, 4318731.843, 110
Trd, 4318733.693, 69
Trd, 4318733.993, 112
Trd, 4318734.193, 97
Trd, 4318735.293, 131
Trd, 4318735.543, 91
Trd, 4318735.793, 83
Trd, 4318735.893, 74
Trd, 4318736.393, 109
Trd, 4318737.043, 83
Trd, 4318738.193, 70
Trd, 4318738.393, 60
Trd, 4318738.793, 60
Trd, 4318740.093, 60
Trd, 4318740.743, 83
Trd, 4318741.043, 70
Trd, 4318741.293, 68
Trd, 4318741.743, 61
Trd, 4318742.693, 60
Trd, 4318743.143, 60
Trd, 4318743.893, 65
Trd, 4318744.193, 65
Trd, 4318744.843, 66
Trd, 4318745.843, 66
Trd, 4318747.843, 62
Trd, 4318748.293, 63
Trd, 4318748.743, 61
Trd, 4318748.843, 69
Trd, 4318749.293, 61
Trd, 4318751.043, 60
Trd, 4318751.393, 61
Trd, 4318751.843, 66
Trd, 4318752.643, 61
Trd, 4318752.943, 65
Trd, 4318753.893, 67
Trd, 4318754.443, 61
Trd, 4318754.593, 64
Trd, 4318755.343, 70
Trd, 4318756.343, 74
Trd, 4318756.843, 80
Trd, 4318757.043, 60
Trd, 4318757.743, 135
Trd, 4318758.843, 82
Trd, 4318759.093, 81
Trd, 4318759.543, 137
Trd, 4318759.993, 64
Trd, 4318760.343, 72
Trd, 4318761.343, 105
Trd, 4318761.993, 66
Trd, 4318762.643, 74
Trd, 4318762.793, 83
Trd, 4318763.143, 84
Trd, 4318763.393, 67
Trd, 4318763.893, 64
Trd, 4318765.143, 114
Trd, 4318766.043, 122
Trd, 4318767.693, 140
Trd, 4318767.843, 110
Trd, 4318768.293, 121
Trd, 4318768.643, 110
Trd, 4318768.743, 127
Trd, 4318769.493, 91
Trd, 4318770.293, 61
Trd, 4318771.143, 79
Trd, 4318771.443, 76
Trd, 4318771.893, 137
Trd, 4318772.643, 77
Trd, 4318773.043, 79
Trd, 4318774.043, 91
Trd, 4318774.293, 82
Trd, 4318775.143, 62
Trd, 4318775.893, 65
Trd, 4318776.993, 65
Trd, 4318777.693, 60
Trd, 4318778.143, 75
Trd, 4318779.043, 63
Trd, 4318779.593, 61
Trd, 4318779.693, 62
Trd, 4318779.743, 71
Trd, 4318779.943, 60
Trd, 4318780.743, 62
Trd, 4318781.043, 75
Trd, 4318781.143, 71
Trd, 4318782.893, 72
Trd, 4318783.543, 71
Trd, 4318784.093, 120
Trd, 4318784.243, 99
Trd, 4318784.593, 60
Trd, 4318785.193, 61
Trd, 4318786.193, 70
Trd, 4318787.043, 60
Trd, 4318787.593, 60
Trd, 4318790.293, 61
Trd, 4318790.393, 62
Trd, 4318790.493, 66
Trd, 4318790.893, 69
Trd, 4318791.043, 70
Trd, 4318792.043, 80
Trd, 4318793.243, 76
Trd, 4318793.293, 109
Trd, 4318793.493, 67
Trd, 4318793.843, 130
Trd, 4318794.543, 85
Trd, 4318794.843, 90
Trd, 4318795.143, 84
Trd, 4318796.093, 61
Trd, 4318796.243, 62
Trd, 4318797.543, 97
Trd, 4318797.943, 120
Trd, 4318798.393, 138
Trd, 4318800.293, 60
Trd, 4318800.493, 61
Trd, 4318800.843, 60
Trd, 4318801.043, 62
Trd, 4318801.243, 64
Trd, 4318802.093, 61
Trd, 4318803.893, 60
Trd, 4318804.393, 60
Trd, 4318805.093, 66
Trd, 4318805.143, 71
Trd, 4318806.443, 60
Trd, 4318806.693, 61
Trd, 4318807.543, 60
Trd, 4318807.593, 60
Trd, 4318808.493, 66
Trd, 4318809.043, 79
Trd, 4318809.543, 112
Trd, 4318810.193, 60
Trd, 4318811.243, 62
Trd, 4318811.443, 63
Trd, 4318813.043, 63
Trd, 4318813.093, 63
Trd, 4318813.493, 60
Trd, 4318814.043, 71
Trd, 4318814.343, 60
Trd, 4318815.693, 60
Trd, 4318815.893, 65
Trd, 4318816.393, 61
Trd, 4318816.843, 60
Trd, 4318817.043, 75
Trd, 4318817.543, 64
Trd, 4318818.393, 96
Trd, 4318818.593, 80
Trd, 4318819.143, 61
Trd, 4318819.293, 60
Trd, 4318820.993, 60
Trd, 4318821.193, 63
Trd, 4318821.243, 69
Trd, 4318822.293, 60
Trd, 4318823.793, 61
Trd, 4318824.043, 61
Trd, 4318824.143, 61
Trd, 4318825.143, 60
Trd, 4318825.243, 60
Trd, 4318825.993, 83
Trd, 4318827.693, 60
Trd, 4318827.893, 60
Trd, 4318828.493, 63
Trd, 4318829.043, 64
Trd, 4318830.143, 104
Trd, 4318830.743, 103
Trd, 4318830.893, 78
Trd, 4318831.493, 116
Trd, 4318831.993, 101
Trd, 4318832.443, 86
Trd, 4318833.343, 83
Trd, 4318833.743, 122
Trd, 4318834.543, 107
Trd, 4318834.693, 87
Trd, 4318835.493, 109
Trd, 4318835.593, 102
Trd, 4318836.793, 122
Trd, 4318837.293, 97
Trd, 4318838.043, 99
Trd, 4318838.243, 97
Trd, 4318838.343, 75
Trd, 4318839.993, 79
Trd, 4318840.193, 78
Trd, 4318841.293, 106
Trd, 4318842.393, 63
Trd, 4318842.693, 62
Trd, 4318842.943, 64
Trd, 4318843.693, 61
Trd, 4318843.793, 67
Trd, 4318844.793, 63
Trd, 4318845.993, 82
Trd, 4318846.743, 83
Trd, 4318847.343, 125
Trd, 4318847.443, 116
Trd, 4318847.543, 138
Trd, 4318847.943, 70
Trd, 4318849.593, 116
Trd, 4318850.343, 60
Trd, 4318851.443, 60
Trd, 4318851.793, 61
Trd, 4318852.543, 64
Trd, 4318853.143, 70
Trd, 4318853.343, 60
Trd, 4318854.643, 60
Trd, 4318854.693, 62
Trd, 4318856.543, 61
Trd, 4318856.593, 62
Trd, 4318856.643, 62
Trd, 4318856.843, 63
Trd, 4318857.693, 109
Trd, 4318858.043, 96
Trd, 4318858.143, 89
Trd, 4318858.643, 75
Trd, 4318859.943, 61
Trd, 4318860.043, 62
Trd, 4318860.893, 66
Trd, 4318861.543, 75
Trd, 4318861.943, 76
Trd, 4318862.743, 71
Trd, 4318863.043, 90
Trd, 4318863.743, 61
Trd, 4318863.943, 80
Trd, 4318864.293, 123
Trd, 4318864.593, 60
Trd, 4318866.043, 62
Trd, 4318866.393, 62
Trd, 4318866.443, 63
Trd, 4318867.393, 63
Trd, 4318867.793, 73
Trd, 4318868.593, 63
Trd, 4318869.793, 61
Trd, 4318870.243, 61
Trd, 4318871.293, 60
Trd, 4318871.643, 65
Trd, 4318871.793, 63
Trd, 4318872.393, 66
Trd, 4318873.293, 82
Trd, 4318873.593, 81
Trd, 4318874.043, 67
Trd, 4318875.643, 113
Trd, 4318875.743, 112
Trd, 4318876.093, 130
Trd, 4318876.243, 89
Trd, 4318877.343, 94
Trd, 4318877.593, 100
Trd, 4318878.693, 137
Trd, 4318878.743, 82
Trd, 4318879.093, 124
Trd, 4318879.543, 63
Trd, 4318880.543, 125
Trd, 4318881.343, 109
Trd, 4318882.293, 107
Trd, 4318882.443, 83
Trd, 4318883.043, 93
Trd, 4318885.193, 77
Trd, 4318885.543, 63
Trd, 4318886.093, 61
Trd, 4318887.643, 137
Trd, 4318887.693, 109
Trd, 4318888.143, 93
Trd, 4318888.243, 77
Trd, 4318888.993, 68
Trd, 4318889.243, 68
Trd, 4318889.693, 70
Trd, 4318890.543, 79
Trd, 4318891.493, 92
Trd, 4318892.043, 77
Trd, 4318892.743, 75
Trd, 4318893.143, 83
Trd, 4318893.343, 60
Trd, 4318893.443, 121
Trd, 4318893.993, 69
Trd, 4318895.393, 65
Trd, 4318895.593, 67
Trd, 4318895.943, 62
Trd, 4318896.943, 62
Trd, 4318898.193, 60
Trd, 4318898.743, 60
Trd, 4318899.143, 61
Trd, 4318899.293, 63
Trd, 4318899.693, 63
Trd, 4318900.243, 117
Trd, 4318900.643, 98
Trd, 4318900.993, 134
Trd, 4318901.693, 84
Trd, 4318902.093, 69
Trd, 4318902.743, 73
Trd, 4318903.493, 63
Trd, 4318903.643, 61
Trd, 4318905.293, 63
Trd, 4318905.743, 66
Trd, 4318906.343, 64
Trd, 4318908.593, 62
Trd, 4318908.793, 68
Trd, 4318909.243, 66
Trd, 4318909.443, 71
Trd, 4318909.643, 66
Trd, 4318910.193, 61
Trd, 4318911.343, 64
Trd, 4318911.693, 63
Trd, 4318912.493, 89
Trd, 4318913.093, 110
Trd, 4318913.143, 73
Trd, 4318914.693, 61
Trd, 4318915.043, 67
Trd, 4318916.243, 125
Trd, 4318916.393, 122
Trd, 4318916.993, 103
Trd, 4318917.593, 109
Trd, 4318917.643, 99
Trd, 4318918.343, 79
Trd, 4318918.493, 78
Trd, 4318920.093, 110
Trd, 4318921.993, 60
Trd, 4318922.443, 60
Trd, 4318922.593, 60
Trd, 4318923.143, 63
Trd, 4318923.243, 74
Trd, 4318923.493, 83
Trd, 4318924.443, 67
Trd, 4318925.243, 60
Trd, 4318926.243, 60
Trd, 4318926.443, 60
Trd, 4318926.593, 60
Trd, 4318928.643, 60
Trd, 4318928.743, 61
Trd, 4318929.493, 61
Trd, 4318929.593, 66
Trd, 4318929.843, 68
Trd, 4318930.643, 70
Trd, 4318932.193, 60
Trd, 4318932.343, 108
Trd, 4318933.393, 61
Trd, 4318933.743, 67
Trd, 4318934.593, 62
Trd, 4318935.343, 60
Trd, 4318935.893, 60
Trd, 4318936.693, 60
Trd, 4318937.293, 60
Trd, 4318937.993, 61
Trd, 4318938.393, 61
Trd, 4318938.693, 60
Trd, 4318940.543, 60
Trd, 4318940.743, 62
Trd, 4318940.793, 65
Trd, 4318941.143, 63
Trd, 4318942.643, 60
Trd, 4318942.943, 60
Trd, 4318943.343, 63
Trd, 4318943.993, 61
Trd, 4318946.393, 60
Trd, 4318946.443, 66
Trd, 4318946.793, 60
Trd, 4318949.293, 68
Trd, 4318949.543, 63
Trd, 4318949.893, 62
Trd, 4318949.943, 66
Trd, 4318950.593, 61
Trd, 4318951.043, 62
Trd, 4318951.593, 63
Trd, 4318952.443, 60
Trd, 4318952.543, 70
Trd, 4318953.893, 62
Trd, 4318954.143, 75
Trd, 4318954.543, 60
Trd, 4318954.593, 69
Trd, 4318954.743, 85
Trd, 4318955.443, 68
Trd, 4318957.443, 63
Trd, 4318957.743, 62
Trd, 4318958.593, 68
Trd, 4318958.643, 73
Trd, 4318960.243, 62
Trd, 4318960.743, 60
Trd, 4318961.493, 64
Trd, 4318961.643, 65
Trd, 4318962.643, 60
Trd, 4318963.843, 61
Trd, 4318964.593, 60
Trd, 4318965.043, 62
Trd, 4318965.493, 62
Trd, 4318965.693, 63
Trd, 4318965.993, 64
Trd, 4318966.693, 62
Trd, 4318968.443, 60
Trd, 4318968.843, 62
Trd, 4318969.293, 108
Trd, 4318970.493, 61
Trd, 4318970.893, 68
Trd, 4318971.293, 61
Trd, 4318972.093, 63
Trd, 4318972.543, 82
Trd, 4318973.543, 80
Trd, 4318973.843, 118
Trd, 4318974.093, 106
Trd, 4318974.343, 62
Trd, 4318975.393, 71
Trd, 4318976.143, 60
Trd, 4318977.143, 65
Trd, 4318977.493, 69
Trd, 4318978.043, 94
Trd, 4318978.893, 68
Trd, 4318978.943, 80
Trd, 4318979.593, 79
Trd, 4318979.643, 68
Trd, 4318979.893, 123
Trd, 4318980.393, 67
Trd, 4318981.743, 62
Trd, 4318982.243, 65
Trd, 4318984.143, 108
Trd, 4318984.643, 124
Trd, 4318985.093, 103
Trd, 4318985.143, 102
Trd, 4318985.193, 88
Trd, 4318987.443, 129
Trd, 4318987.543, 125
Trd, 4318987.993, 124
Trd, 4318989.143, 116
Trd, 4318990.043, 60
Trd, 4318990.593, 124
Trd, 4318991.143, 126
Trd, 4318991.593, 126
Trd, 4318991.943, 124
Trd, 4318992.343, 105
Trd, 4318993.093, 103
Trd, 4318993.143, 100
Trd, 4318993.443, 80
Trd, 4318994.493, 105
Trd, 4318994.993, 100
Trd, 4318995.843, 133
Trd, 4318996.093, 107
Trd, 4318997.693, 116
Trd, 4318998.243, 98
Trd, 4318998.593, 117
Trd, 4318999.443, 102
Trd, 4318999.493, 94
Trd, 4319000.043, 93
Trd, 4319000.593, 92
Trd, 4319001.243, 104
Trd, 4319001.393, 82
Trd, 4319002.243, 93
Trd, 4319002.543, 81
Trd, 4319004.043, 134
Trd, 4319004.143, 132
Trd, 4319004.443, 92
Trd, 4319004.893, 105
Trd, 4319006.443, 132
Trd, 4319006.593, 131
Trd, 4319007.043, 105
Trd, 4319007.793, 120
Trd, 4319007.843, 87
Trd, 4319008.943, 85
Trd, 4319009.893, 109
Trd, 4319010.143, 95
Trd, 4319010.643, 135
Trd, 4319011.043, 114
Trd, 4319012.093, 129
Trd, 4319012.143, 82
Trd, 4319012.843, 138
Trd, 4319013.993, 63
Trd, 4319014.843, 97
Trd, 4319015.593, 89
Trd, 4319016.293, 97
Trd, 4319016.343, 78
Trd, 4319016.593, 106
Trd, 4319016.743, 73
Trd, 4319017.093, 101
Trd, 4319017.543, 79
Trd, 4319018.643, 124
Trd, 4319020.443, 64
Trd, 4319020.793, 62
Trd, 4319020.843, 85
Trd, 4319021.493, 70
Trd, 4319023.293, 60
Trd, 4319023.593, 60
Trd, 4319024.143, 61
Trd, 4319024.743, 61
Trd, 4319024.843, 62
Trd, 4319025.243, 60
Trd, 4319025.943, 71
Trd, 4319026.543, 130
Trd, 4319026.793, 87
Trd, 4319026.843, 85
Trd, 4319027.593, 62
Trd, 4319028.693, 101
Trd, 4319028.743, 100
Trd, 4319029.643, 68
Trd, 4319030.243, 62
Trd, 4319030.443, 134
Trd, 4319031.193, 63
Trd, 4319031.643, 77
Trd, 4319033.243, 110
Trd, 4319034.193, 139
Trd, 4319034.593, 109
Trd, 4319034.843, 116
Trd, 4319035.193, 72
Trd, 4319035.993, 140
Trd, 4319036.293, 102
Trd, 4319037.343, 115
Trd, 4319037.393, 85
Trd, 4319038.593, 66
Trd, 4319039.493, 60
Trd, 4319039.543, 62
Trd, 4319041.693, 61
Trd, 4319041.743, 61
Trd, 4319042.693, 64
Trd, 4319043.943, 60
Trd, 4319044.493, 60
Trd, 4319045.043, 60
Trd, 4319045.543, 60
Trd, 4319046.093, 71
Trd, 4319046.443, 60
Trd, 4319046.543, 68
Trd, 4319046.793, 61
Trd, 4319048.043, 113
Trd, 4319048.093, 86
Trd, 4319049.443, 61
Trd, 4319050.693, 60
Trd, 4319051.093, 60
Trd, 4319051.193, 64
Trd, 4319051.693, 68
Trd, 4319052.593, 62
Trd, 4319053.193, 69
Trd, 4319053.693, 64
Trd, 4319053.993, 61
Trd, 4319054.643, 83
Trd, 4319054.693, 85
Trd, 4319055.593, 67
Trd, 4319055.793, 72
Trd, 4319056.593, 64
Trd, 4319056.793, 65
Trd, 4319057.243, 66
Trd, 4319057.443, 66
Trd, 4319058.793, 69
Trd, 4319058.993, 74
Trd, 4319059.993, 101
Trd, 4319060.443, 135
Trd, 4319061.543, 60
Trd, 4319061.743, 70
Trd, 4319063.443, 60
Trd, 4319064.343, 63
Trd, 4319064.943, 62
Trd, 4319065.593, 67
Trd, 4319066.543, 61
Trd, 4319066.693, 62
Trd, 4319067.143, 61
Trd, 4319067.593, 63
Trd, 4319069.643, 60
Trd, 4319069.693, 62
Trd, 4319069.793, 66
Trd, 4319070.093, 63
Trd, 4319071.843, 62
Trd, 4319071.893, 62
Trd, 4319071.943, 64
Trd, 4319072.093, 79
Trd, 4319073.143, 84
Trd, 4319074.243, 91
Trd, 4319075.193, 61
Trd, 4319075.243, 61
Trd, 4319076.143, 60
Trd, 4319076.443, 76
Trd, 4319077.343, 66
Trd, 4319077.693, 65
Trd, 4319078.143, 64
Trd, 4319078.343, 64
Trd, 4319079.293, 135
Trd, 4319079.943, 90
Trd, 4319080.893, 72
Trd, 4319081.643, 60
Trd, 4319082.543, 89
Trd, 4319083.243, 64
Trd, 4319083.393, 85
Trd, 4319084.093, 122
Trd, 4319084.443, 121
Trd, 4319084.643, 75
Trd, 4319085.443, 60
Trd, 4319086.393, 60
Trd, 4319088.243, 62
Trd, 4319088.693, 64
Trd, 4319089.893, 61
Trd, 4319090.793, 61
Trd, 4319090.843, 62
Trd, 4319090.993, 70
Trd, 4319091.843, 63
Trd, 4319092.143, 64
Trd, 4319092.443, 103
Trd, 4319092.943, 73
Trd, 4319094.343, 69
Trd, 4319094.893, 60
Trd, 4319094.993, 62
Trd, 4319095.993, 67
Trd, 4319096.243, 60
Trd, 4319096.593, 61
Trd, 4319096.943, 94
Trd, 4319097.043, 77
Trd, 4319097.393, 63
Trd, 4319098.393, 63
Trd, 4319100.693, 63
Trd, 4319100.843, 64
Trd, 4319101.243, 65
Trd, 4319101.343, 63
Trd, 4319101.593, 69
Trd, 4319102.043, 69
Trd, 4319102.743, 119
Trd, 4319102.993, 118
Trd, 4319103.593, 84
Trd, 4319104.693, 70
Trd, 4319104.893, 60
Trd, 4319105.593, 103
Trd, 4319106.193, 140
Trd, 4319106.543, 132
Trd, 4319107.393, 112
Trd, 4319107.843, 122
Trd, 4319108.493, 106
Trd, 4319108.643, 105
Trd, 4319108.793, 81
Trd, 4319110.393, 64
Trd, 4319111.793, 109
Trd, 4319111.943, 62
Trd, 4319113.043, 116
Trd, 4319113.193, 138
Trd, 4319113.493, 115
Trd, 4319113.693, 92
Trd, 4319114.893, 60
Trd, 4319115.493, 60
Trd, 4319116.343, 60
Trd, 4319116.593, 67
Trd, 4319116.993, 75
Trd, 4319118.193, 73
Trd, 4319118.343, 74
Trd, 4319119.143, 127
Trd, 4319119.243, 118
Trd, 4319119.643, 115
Trd, 4319119.943, 103
Trd, 4319120.893, 64
Trd, 4319121.893, 62
Trd, 4319122.043, 63
Trd, 4319123.043, 60
Trd, 4319123.743, 66
Trd, 4319123.943, 63
Trd, 4319124.193, 61
Trd, 4319125.293, 67
Trd, 4319125.843, 65
Trd, 4319126.893, 63
Trd, 4319126.943, 68
Trd, 4319127.843, 74
Trd, 4319128.543, 137
Trd, 4319128.843, 80
Trd, 4319129.893, 139
Trd, 4319130.493, 119
Trd, 4319130.693, 90
Trd, 4319131.793, 102
Trd, 4319132.143, 116
Trd, 4319132.943, 109
Trd, 4319133.193, 86
Trd, 4319133.393, 89
Trd, 4319133.693, 86
Trd, 4319135.593, 66
Trd, 4319135.793, 65
Trd, 4319136.243, 82
Trd, 4319136.793, 69
Trd, 4319137.443, 63
Trd, 4319138.043, 60
Trd, 4319139.593, 60
Trd, 4319140.743, 60
Trd, 4319140.943, 60
Trd, 4319141.393, 60
Trd, 4319141.743, 61
Trd, 4319142.093, 61
Trd, 4319142.193, 75
Trd, 4319144.293, 60
Trd, 4319145.043, 61
Trd, 4319145.243, 62
Trd, 4319145.293, 66
Trd, 4319146.493, 60
Trd, 4319147.243, 60
Trd, 4319148.493, 61
Trd, 4319150.143, 60
Trd, 4319150.843, 60
Trd, 4319150.993, 65
Trd, 4319151.143, 66
Trd, 4319151.943, 61
Trd, 4319152.243, 63
Trd, 4319154.243, 60
Trd, 4319155.393, 60
Trd, 4319155.743, 62
Trd, 4319155.893, 63
Trd, 4319156.443, 62
Trd, 4319156.543, 63
Trd, 4319156.593, 81
Trd, 4319157.293, 71
Trd, 4319157.443, 76
Trd, 4319158.693, 79
Trd, 4319159.093, 75
Trd, 4319159.493, 110
Trd, 4319160.493, 111
Trd, 4319160.893, 92
Trd, 4319161.093, 112
Trd, 4319161.843, 122
Trd, 4319162.143, 76
Trd, 4319163.493, 61
Trd, 4319164.193, 60
Trd, 4319164.543, 61
Trd, 4319165.343, 61
Trd, 4319165.643, 61
Trd, 4319167.193, 64
Trd, 4319167.693, 62
Trd, 4319167.793, 63
Trd, 4319168.293, 64
Trd, 4319168.743, 61
Trd, 4319169.993, 60
Trd, 4319170.243, 69
Trd, 4319170.743, 60
Trd, 4319171.043, 60
Trd, 4319171.543, 82
Trd, 4319171.943, 60
Trd, 4319174.043, 61
Trd, 4319174.193, 63
Trd, 4319175.393, 61
Trd, 4319175.943, 62
Trd, 4319176.393, 62
Trd, 4319176.693, 63
Trd, 4319177.843, 60
Trd, 4319178.243, 61
Trd, 4319178.693, 62
Trd, 4319178.793, 64
Trd, 4319179.493, 60
Trd, 4319180.243, 63
Trd, 4319180.893, 98
Trd, 4319182.393, 117
Trd, 4319182.543, 84
Trd, 4319182.693, 83
Trd, 4319183.493, 60
Trd, 4319185.493, 60
Trd, 4319186.293, 60
Trd, 4319186.393, 61
Trd, 4319186.693, 60
Trd, 4319187.743, 61
Trd, 4319188.043, 61
Trd, 4319188.193, 61
Trd, 4319189.443, 60
Trd, 4319189.993, 61
Trd, 4319190.143, 71
Trd, 4319190.193, 103
Trd, 4319191.943, 74
Trd, 4319191.993, 69
Trd, 4319192.693, 104
Trd, 4319193.293, 60
Trd, 4319193.393, 80
Trd, 4319195.243, 60
Trd, 4319195.743, 65
Trd, 4319195.843, 69
Trd, 4319196.893, 60
Trd, 4319197.343, 60
Trd, 4319197.743, 67
Trd, 4319198.143, 62
Trd, 4319198.543, 71
Trd, 4319199.093, 60
Trd, 4319199.843, 60
Trd, 4319199.943, 64
Trd, 4319200.943, 112
Trd, 4319201.493, 130
Trd, 4319203.693, 64
Trd, 4319204.143, 65
Trd, 4319205.243, 67
Trd, 4319205.843, 60
Trd, 4319207.143, 60
Trd, 4319207.943, 60
Trd, 4319208.243, 60
Trd, 4319208.943, 62
Trd, 4319209.493, 62
Trd, 4319209.643, 61
Trd, 4319209.793, 76
Trd, 4319210.043, 93
Trd, 4319211.193, 60
Trd, 4319212.743, 60
Trd, 4319212.993, 60
Trd, 4319213.043, 62
Trd, 4319214.293, 64
Trd, 4319214.393, 70
Trd, 4319215.143, 62
Trd, 4319215.393, 86
Trd, 4319215.693, 60
Trd, 4319216.993, 73
Trd, 4319217.293, 63
Trd, 4319217.793, 60
Trd, 4319218.243, 65
Trd, 4319218.593, 74
Trd, 4319219.543, 104
Trd, 4319219.593, 102
Trd, 4319219.743, 95
Trd, 4319220.393, 64
Trd, 4319221.443, 105
Trd, 4319222.293, 113
Trd, 4319223.143, 109
Trd, 4319223.693, 101
Trd, 4319223.893, 88
Trd, 4319224.443, 91
Trd, 4319224.993, 131
Trd, 4319226.243, 109
Trd, 4319226.843, 91
Trd, 4319226.943, 79
Trd, 4319228.143, 67
Trd, 4319228.243, 64
Trd, 4319228.393, 61
Trd, 4319228.893, 62
Trd, 4319229.643, 61
Trd, 4319229.893, 61
Trd, 4319230.343, 76
Trd, 4319230.743, 125
Trd, 4319232.793, 61
Trd, 4319233.543, 62
Trd, 4319234.243, 61
Trd, 4319234.393, 63
Trd, 4319234.743, 63
Trd, 4319235.893, 63
Trd, 4319236.093, 70
Trd, 4319236.593, 62
Trd, 4319236.893, 63
Trd, 4319237.793, 64
Trd, 4319238.243, 64
Trd, 4319238.643, 73
Trd, 4319238.893, 87
Trd, 4319239.493, 63
Trd, 4319239.793, 60
Trd, 4319241.043, 61
Trd, 4319241.743, 67
Trd, 4319242.243, 70
Trd, 4319243.543, 61
Trd, 4319243.943, 62
Trd, 4319244.993, 62
Trd, 4319245.093, 66
Trd, 4319245.843, 69
Trd, 4319246.643, 120
Trd, 4319247.093, 86
Trd, 4319247.243, 67
Trd, 4319248.293, 117
Trd, 4319248.843, 110
Trd, 4319248.993, 81
Trd, 4319249.893, 126
Trd, 4319250.443, 110
Trd, 4319250.993, 109
Trd, 4319251.193, 92
Trd, 4319252.693, 94
Trd, 4319252.743, 93
Trd, 4319252.943, 88
Trd, 4319253.543, 101
Trd, 4319254.743, 94
Trd, 4319255.393, 91
Trd, 4319256.693, 116
Trd, 4319257.643, 136
Trd, 4319257.693, 129
Trd, 4319258.343, 107
Trd, 4319259.643, 110
Trd, 4319260.043, 75
Trd, 4319260.643, 72
Trd, 4319261.593, 60
Trd, 4319262.143, 62
Trd, 4319262.893, 60
Trd, 4319262.943, 61
Trd, 4319262.993, 62
Trd, 4319263.143, 64
Trd, 4319264.643, 60
Trd, 4319264.793, 64
Trd, 4319266.243, 68
Trd, 4319266.443, 90
Trd, 4319266.743, 103
Trd, 4319267.343, 101
Trd, 4319270.293, 62
Trd, 4319270.593, 60
Trd, 4319270.793, 63
Trd, 4319270.893, 63
Trd, 4319271.493, 62
Trd, 4319272.143, 60
Trd, 4319273.893, 60
Trd, 4319274.193, 60
Trd, 4319274.293, 72
Trd, 4319274.943, 80
Trd, 4319275.143, 72
Trd, 4319276.493, 67
Trd, 4319276.693, 61
Trd, 4319276.793, 74
Trd, 4319279.243, 60
Trd, 4319279.493, 62
Trd, 4319280.643, 64
Trd, 4319281.393, 63
Trd, 4319281.743, 61
Trd, 4319282.043, 66
Trd, 4319282.543, 60
Trd, 4319282.893, 64
Trd, 4319283.243, 71
Trd, 4319283.593, 60
Trd, 4319283.993, 128
Trd, 4319284.743, 94
Trd, 4319285.293, 61
Trd, 4319286.043, 62
Trd, 4319286.743, 62
Trd, 4319287.243, 100
Trd, 4319287.843, 90
Trd, 4319289.843, 60
Trd, 4319290.343, 62
Trd, 4319290.843, 61
Trd, 4319291.043, 62
Trd, 4319291.443, 65
Trd, 4319292.743, 67
Trd, 4319292.993, 68
Trd, 4319293.193, 65
Trd, 4319293.543, 62
Trd, 4319295.093, 60
Trd, 4319297.143, 60
Trd, 4319298.043, 60
Trd, 4319298.543, 65
Trd, 4319299.093, 61
Trd, 4319299.443, 61
Trd, 4319300.093, 70
Trd, 4319301.193, 72
Trd, 4319301.393, 74
Trd, 4319302.443, 62
Trd, 4319303.293, 61
Trd, 4319303.393, 68
Trd, 4319304.293, 63
Trd, 4319306.443, 60
Trd, 4319306.493, 60
Trd, 4319306.843, 62
Trd, 4319307.243, 63
Trd, 4319307.393, 66
Trd, 4319307.993, 65
Trd, 4319308.493, 68
Trd, 4319308.893, 60
Trd, 4319310.343, 64
Trd, 4319310.393, 64
Trd, 4319310.493, 67
Trd, 4319310.893, 72
Trd, 4319312.743, 65
Trd, 4319314.043, 61
Trd, 4319315.243, 60
Trd, 4319315.293, 61
Trd, 4319315.843, 61
Trd, 4319315.893, 65
Trd, 4319317.393, 60
Trd, 4319317.693, 60
Trd, 4319318.443, 63
Trd, 4319318.593, 95
Trd, 4319319.793, 72
Trd, 4319320.393, 62
Trd, 4319320.793, 61
Trd, 4319323.593, 61
Trd, 4319323.693, 61
Trd, 4319324.043, 63
Trd, 4319324.893, 108
Trd, 4319325.143, 72
Trd, 4319325.843, 60
Trd, 4319326.343, 74
Trd, 4319326.893, 62
Trd, 4319327.793, 61
Trd, 4319328.743, 61
Trd, 4319328.993, 70
Trd, 4319329.543, 60
Trd, 4319329.843, 61
Trd, 4319330.193, 63
Trd, 4319330.593, 63
Trd, 4319331.343, 60
Trd, 4319333.143, 61
Trd, 4319333.393, 62
Trd, 4319334.493, 60
Trd, 4319334.793, 61
Trd, 4319335.343, 68
Trd, 4319335.993, 60
Trd, 4319336.043, 61
Trd, 4319336.843, 66
Trd, 4319337.193, 99
Trd, 4319337.793, 124
Trd, 4319338.593, 75
Trd, 4319339.193, 65
Trd, 4319339.993, 91
Trd, 4319340.293, 100
Trd, 4319340.893, 70
Trd, 4319341.943, 83
Trd, 4319342.643, 91
Trd, 4319342.943, 98
Trd, 4319343.043, 81
Trd, 4319343.593, 122
Trd, 4319345.643, 140
Trd, 4319346.243, 129
Trd, 4319346.543, 137
Trd, 4319347.193, 130
Trd, 4319347.293, 101
Trd, 4319347.843, 95
Trd, 4319347.943, 110
Trd, 4319348.393, 81
Trd, 4319348.443, 72
Trd, 4319349.193, 83
Trd, 4319350.243, 73
Trd, 4319350.743, 62
Trd, 4319351.293, 140
Trd, 4319351.393, 100
Trd, 4319352.993, 94
Trd, 4319353.193, 93
Trd, 4319353.793, 136
Trd, 4319353.843, 136
Trd, 4319355.093, 86
Trd, 4319356.643, 61
Trd, 4319356.993, 61
Trd, 4319357.693, 66
Trd, 4319358.143, 63
Trd, 4319358.443, 74
Trd, 4319359.243, 60
Trd, 4319360.093, 60
Trd, 4319360.643, 63
Trd, 4319361.943, 60
Trd, 4319362.543, 61
Trd, 4319363.293, 62
Trd, 4319363.343, 67
Trd, 4319363.443, 63
Trd, 4319363.693, 70
Trd, 4319364.543, 82
Trd, 4319365.043, 67
Trd, 4319365.193, 97
Trd, 4319365.543, 62
Trd, 4319367.343, 61
Trd, 4319367.493, 61
Trd, 4319367.593, 69
Trd, 4319368.043, 89
Trd, 4319368.543, 74
Trd, 4319369.193, 103
Trd, 4319369.693, 72
Trd, 4319370.293, 98
Trd, 4319370.993, 80
Trd, 4319371.843, 81
Trd, 4319371.993, 68
Trd, 4319372.693, 73
Trd, 4319373.143, 140
Trd, 4319374.093, 140
Trd, 4319375.893, 60
Trd, 4319376.193, 70
Trd, 4319376.393, 68
Trd, 4319377.893, 65
Trd, 4319378.043, 63
Trd, 4319378.143, 66
Trd, 4319378.543, 120
Trd, 4319378.793, 83
Trd, 4319379.393, 129
Trd, 4319379.843, 110
Trd, 4319380.443, 77
Trd, 4319381.793, 61
Trd, 4319382.043, 63
Trd, 4319383.093, 61
Trd, 4319383.193, 61
Trd, 4319384.093, 66
Trd, 4319385.143, 62
Trd, 4319385.843, 69
Trd, 4319385.943, 64
Trd, 4319386.043, 72
Trd, 4319386.693, 62
Trd, 4319387.343, 70
Trd, 4319387.893, 63
Trd, 4319388.793, 71
Trd, 4319388.843, 76
Trd, 4319388.893, 77
Trd, 4319389.443, 85
Trd, 4319390.543, 60
Trd, 4319390.893, 64
Trd, 4319391.593, 64
Trd, 4319391.793, 60
Trd, 4319392.343, 131
Trd, 4319394.243, 60
Trd, 4319394.493, 61
Trd, 4319395.443, 62
Trd, 4319396.593, 61
Trd, 4319397.243, 61
Trd, 4319398.093, 62
Trd, 4319398.343, 60
Trd, 4319399.093, 60
Trd, 4319399.493, 60
Trd, 4319399.843, 61
Trd, 4319400.393, 60
Trd, 4319400.943, 63
Trd, 4319401.743, 64
Trd, 4319402.443, 63
Trd, 4319403.143, 60
Trd, 4319403.893, 61
Trd, 4319404.943, 60
Trd, 4319405.593, 62
Trd, 4319406.343, 62
Trd, 4319406.843, 60
Trd, 4319406.943, 61
Trd, 4319407.993, 61
Trd, 4319408.243, 61
Trd, 4319408.893, 60
Trd, 4319409.193, 60
Trd, 4319410.643, 60
Trd, 4319410.843, 62
Trd, 4319412.093, 60
Trd, 4319412.793, 61
Trd, 4319412.893, 67
Trd, 4319413.093, 102
Trd, 4319413.343, 61
Trd, 4319414.193, 125
Trd, 4319414.343, 97
Trd, 4319415.593, 61
Trd, 4319415.743, 60
Trd, 4319416.543, 64
Trd, 4319416.993, 60
Trd, 4319417.343, 90
Trd, 4319418.243, 63
Trd, 4319419.743, 61
Trd, 4319421.043, 63
Trd, 4319421.443, 63
Trd, 4319421.643, 69
Trd, 4319421.693, 86
Trd, 4319422.643, 84
Trd, 4319423.293, 61
Trd, 4319423.793, 60
Trd, 4319423.893, 61
Trd, 4319425.793, 92
Trd, 4319426.943, 123
Trd, 4319426.993, 122
Trd, 4319427.593, 131
Trd, 4319428.743, 113
Trd, 4319428.893, 104
Trd, 4319428.993, 93
Trd, 4319430.193, 90
Trd, 4319430.643, 90
Trd, 4319431.143, 67
Trd, 4319431.343, 61
Trd, 4319432.243, 129
Trd, 4319434.293, 69
Trd, 4319434.493, 75
Trd, 4319434.643, 75
Trd, 4319434.993, 62
Trd, 4319435.043, 63
Trd, 4319437.043, 70
Trd, 4319437.093, 88
Trd, 4319437.743, 60
Trd, 4319439.543, 60
Trd, 4319439.693, 60
Trd, 4319441.693, 60
Trd, 4319442.443, 60
Trd, 4319442.543, 60
Trd, 4319443.243, 63
Trd, 4319443.493, 68
Trd, 4319444.143, 60
Trd, 4319444.343, 66
Trd, 4319445.043, 62
Trd, 4319445.093, 64
Trd, 4319446.143, 60
Trd, 4319446.893, 60
Trd, 4319447.443, 61
Trd, 4319447.643, 75
Trd, 4319448.593, 65
Trd, 4319449.593, 60
Trd, 4319450.343, 60
Trd, 4319450.443, 62
Trd, 4319450.493, 63
Trd, 4319451.193, 91
Trd, 4319452.343, 82
Trd, 4319454.193, 63
Trd, 4319454.893, 60
Trd, 4319455.293, 60
Trd, 4319455.493, 72
Trd, 4319455.593, 70
Trd, 4319458.393, 139
Trd, 4319458.443, 101
Trd, 4319458.993, 100
Trd, 4319459.193, 107
Trd, 4319459.943, 77
Trd, 4319460.293, 139
Trd, 4319461.093, 68
Trd, 4319462.343, 97
Trd, 4319462.693, 85
Trd, 4319463.043, 63
Trd, 4319463.193, 84
Trd, 4319463.543, 112
Trd, 4319464.143, 89
Trd, 4319465.093, 66
Trd, 4319465.443, 70
Trd, 4319465.643, 61
Trd, 4319467.293, 61
Trd, 4319467.393, 61
Trd, 4319467.893, 102
Trd, 4319468.993, 61
Trd, 4319469.443, 62
Trd, 4319470.443, 60
Trd, 4319470.643, 61
Trd, 4319470.943, 62
Trd, 4319471.443, 92
Trd, 4319472.793, 60
Trd, 4319473.193, 60
Trd, 4319474.943, 61
Trd, 4319475.593, 61
Trd, 4319475.943, 64
Trd, 4319476.193, 67
Trd, 4319476.343, 63
Trd, 4319476.443, 68
Trd, 4319477.343, 91
Trd, 4319478.393, 118
Trd, 4319478.543, 64
Trd, 4319480.593, 63
Trd, 4319481.943, 65
Trd, 4319481.993, 70
Trd, 4319483.443, 68
Trd, 4319483.493, 65
Trd, 4319483.943, 63
Trd, 4319483.993, 68
Trd, 4319484.043, 75
Trd, 4319485.443, 61
Trd, 4319485.893, 78
Trd, 4319485.943, 79
Trd, 4319486.793, 66
Trd, 4319488.443, 60
Trd, 4319489.393, 61
Trd, 4319489.743, 63
Trd, 4319490.143, 64
Trd, 4319491.043, 64
Trd, 4319491.093, 69
Trd, 4319491.443, 70
Trd, 4319492.043, 67
Trd, 4319492.143, 80
Trd, 4319492.193, 82
Trd, 4319493.743, 61
Trd, 4319494.493, 79
Trd, 4319495.143, 84
Trd, 4319495.243, 114
Trd, 4319496.093, 130
Trd, 4319496.593, 113
Trd, 4319496.643, 78
Trd, 4319496.893, 65
Trd, 4319498.143, 61
Trd, 4319500.643, 60
Trd, 4319501.093, 60
Trd, 4319502.143, 60
Trd, 4319502.843, 60
Trd, 4319502.893, 61
Trd, 4319503.893, 60
Trd, 4319504.243, 61
Trd, 4319504.543, 67
Trd, 4319505.743, 62
Trd, 4319506.193, 60
Trd, 4319506.643, 62
Trd, 4319506.743, 85
Trd, 4319508.143, 60
Trd, 4319508.243, 60
Trd, 4319509.493, 60
Trd, 4319510.243, 62
Trd, 4319510.543, 63
Trd, 4319511.093, 124
Trd, 4319511.143, 116
Trd, 4319511.943, 60
Trd, 4319513.043, 60
Trd, 4319513.193, 60
Trd, 4319513.543, 62
Trd, 4319513.943, 64
Trd, 4319516.343, 61
Trd, 4319517.393, 60
Trd, 4319517.743, 62
Trd, 4319519.093, 62
Trd, 4319519.143, 62
Trd, 4319519.393, 62
Trd, 4319519.543, 66
Trd, 4319519.593, 67
Trd, 4319520.543, 60
Trd, 4319520.643, 62
Trd, 4319521.593, 60
Trd, 4319522.943, 63
Trd, 4319523.693, 60
Trd, 4319524.043, 62
Trd, 4319524.293, 62
Trd, 4319524.893, 61
Trd, 4319525.093, 62
Trd, 4319525.193, 63
Trd, 4319526.243, 61
Trd, 4319526.343, 60
Trd, 4319527.893, 61
Trd, 4319528.593, 60
Trd, 4319528.943, 60
Trd, 4319529.093, 62
Trd, 4319529.293, 73
Trd, 4319529.643, 63
Trd, 4319529.893, 66
Trd, 4319532.743, 60
Trd, 4319532.943, 61
Trd, 4319533.043, 62
Trd, 4319533.243, 64
Trd, 4319534.543, 67
Trd, 4319534.843, 63
Trd, 4319535.493, 90
Trd, 4319536.243, 60
Trd, 4319537.393, 61
Trd, 4319538.943, 64
Trd, 4319539.343, 66
Trd, 4319539.693, 114
Trd, 4319540.043, 63
Trd, 4319540.443, 61
Trd, 4319540.793, 105
Trd, 4319541.143, 84
Trd, 4319541.743, 63
Trd, 4319542.893, 60
Trd, 4319543.693, 62
Trd, 4319544.343, 75
Trd, 4319544.993, 68
Trd, 4319545.893, 61
Trd, 4319546.443, 62
Trd, 4319547.993, 60
Trd, 4319548.143, 61
Trd, 4319549.893, 68
Trd, 4319549.943, 73
Trd, 4319550.593, 63
Trd, 4319550.643, 64
Trd, 4319551.143, 76
Trd, 4319551.693, 62
Trd, 4319553.093, 126
Trd, 4319553.893, 128
Trd, 4319554.343, 127
Trd, 4319554.743, 106
Trd, 4319554.893, 99
Trd, 4319555.843, 82
Trd, 4319556.293, 70
Trd, 4319557.493, 60
Trd, 4319558.493, 70
Trd, 4319559.443, 65
Trd, 4319560.593, 71
Trd, 4319561.243, 70
Trd, 4319561.643, 75
Trd, 4319562.143, 77
Trd, 4319562.593, 63
Trd, 4319563.043, 66
Trd, 4319563.943, 61
Trd, 4319564.543, 61
Trd, 4319564.843, 95
Trd, 4319565.593, 78
Trd, 4319566.093, 86
Trd, 4319566.993, 68
Trd, 4319567.443, 60
Trd, 4319568.693, 60
Trd, 4319570.293, 60
Trd, 4319571.193, 61
Trd, 4319571.443, 64
Trd, 4319572.243, 60
Trd, 4319572.343, 61
Trd, 4319572.393, 63
Trd, 4319572.443, 64
Trd, 4319572.943, 71
Trd, 4319573.793, 62
Trd, 4319573.843, 64
Trd, 4319574.293, 73
Trd, 4319575.393, 128
Trd, 4319575.543, 125
Trd, 4319575.643, 123
Trd, 4319575.993, 60
Trd, 4319578.343, 122
Trd, 4319578.743, 122
Trd, 4319578.893, 88
Trd, 4319579.543, 79
Trd, 4319579.793, 82
Trd, 4319580.293, 103
Trd, 4319580.693, 64
Trd, 4319581.393, 112
Trd, 4319582.343, 122
Trd, 4319583.793, 80
Trd, 4319584.643, 120
Trd, 4319584.893, 118
Trd, 4319584.943, 93
Trd, 4319585.293, 60
Trd, 4319586.143, 62
Trd, 4319586.993, 61
Trd, 4319587.543, 60
Trd, 4319587.943, 66
Trd, 4319588.093, 80
Trd, 4319589.543, 67
Trd, 4319590.393, 69
Trd, 4319590.593, 74
Trd, 4319590.693, 67
Trd, 4319590.993, 64
Trd, 4319591.293, 80
Trd, 4319592.543, 70
Trd, 4319592.693, 67
Trd, 4319593.243, 66
Trd, 4319593.543, 108
Trd, 4319594.343, 88
Trd, 4319595.093, 93
Trd, 4319595.293, 94
Trd, 4319595.943, 82
Trd, 4319596.643, 121
Trd, 4319597.043, 132
Trd, 4319597.193, 62
Trd, 4319599.943, 60
Trd, 4319600.993, 62
Trd, 4319601.143, 64
Trd, 4319601.643, 60
Trd, 4319602.493, 60
Trd, 4319603.243, 63
Trd, 4319603.493, 63
Trd, 4319603.993, 62
Trd, 4319604.043, 64
Trd, 4319604.943, 67
Trd, 4319605.393, 61
Trd, 4319605.743, 64
Trd, 4319606.893, 125
Trd, 4319607.143, 130
Trd, 4319607.293, 85
Trd, 4319608.743, 130
Trd, 4319608.993, 108
Trd, 4319609.643, 127
Trd, 4319609.693, 99
Trd, 4319611.193, 60
Trd, 4319611.293, 61
Trd, 4319611.943, 75
Trd, 4319611.993, 63
Trd, 4319612.843, 114
Trd, 4319612.893, 95
Trd, 4319613.343, 116
Trd, 4319613.993, 60
Trd, 4319614.493, 65
Trd, 4319615.193, 62
Trd, 4319615.543, 64
Trd, 4319616.443, 63
Trd, 4319616.593, 66
Trd, 4319616.693, 60
Trd, 4319616.993, 82
Trd, 4319618.193, 134
Trd, 4319618.843, 62
Trd, 4319619.293, 111
Trd, 4319619.493, 110
Trd, 4319619.843, 75
Trd, 4319621.343, 101
Trd, 4319622.443, 135
Trd, 4319622.893, 125
Trd, 4319623.193, 121
Trd, 4319623.243, 113
Trd, 4319623.393, 94
Trd, 4319623.843, 133
Trd, 4319624.243, 69
Trd, 4319626.093, 65
Trd, 4319626.193, 67
Trd, 4319626.443, 64
Trd, 4319626.943, 65
Trd, 4319627.293, 60
Trd, 4319627.343, 74
Trd, 4319628.943, 62
Trd, 4319630.043, 60
Trd, 4319630.643, 61
Trd, 4319630.843, 63
Trd, 4319630.993, 78
Trd, 4319633.043, 60
Trd, 4319633.493, 62
Trd, 4319634.343, 66
Trd, 4319634.593, 76
Trd, 4319635.293, 62
Trd, 4319635.593, 62
Trd, 4319637.143, 61
Trd, 4319637.343, 66
Trd, 4319638.193, 97
Trd, 4319638.293, 70
Trd, 4319638.743, 70
Trd, 4319639.293, 61
Trd, 4319639.593, 108
Trd, 4319640.393, 75
Trd, 4319641.943, 60
Trd, 4319642.793, 60
Trd, 4319644.293, 60
Trd, 4319644.443, 63
Trd, 4319644.493, 64
Trd, 4319645.043, 61
Trd, 4319645.243, 61
Trd, 4319645.293, 63
Trd, 4319645.943, 63
Trd, 4319647.793, 61
Trd, 4319648.593, 60
Trd, 4319648.893, 63
Trd, 4319649.543, 76
Trd, 4319650.343, 67
Trd, 4319651.143, 87
Trd, 4319651.543, 107
Trd, 4319651.993, 86
Trd, 4319652.993, 108
Trd, 4319653.793, 81
Trd, 4319654.193, 80
Trd, 4319654.743, 75
Trd, 4319654.893, 62
Trd, 4319655.543, 63
Trd, 4319657.093, 129
Trd, 4319657.243, 70
Trd, 4319657.393, 71
Trd, 4319658.843, 106
Trd, 4319659.043, 100
Trd, 4319659.593, 74
Trd, 4319660.193, 71
Trd, 4319660.943, 72
Trd, 4319660.993, 67
Trd, 4319662.193, 64
Trd, 4319663.343, 97
Trd, 4319663.443, 78
Trd, 4319663.493, 78
Trd, 4319664.193, 85
Trd, 4319664.893, 61
Trd, 4319665.743, 70
Trd, 4319667.743, 60
Trd, 4319668.043, 61
Trd, 4319668.343, 61
Trd, 4319668.393, 64
Trd, 4319669.193, 109
Trd, 4319669.293, 97
Trd, 4319669.693, 94
Trd, 4319669.893, 134
Trd, 4319671.193, 95
Trd, 4319671.393, 89
Trd, 4319671.593, 73
Trd, 4319672.143, 126
Trd, 4319672.593, 91
Trd, 4319672.743, 90
Trd, 4319673.243, 88
Trd, 4319674.993, 87
Trd, 4319675.143, 77
Trd, 4319675.293, 91
Trd, 4319675.693, 63
Trd, 4319676.993, 92
Trd, 4319677.843, 64
Trd, 4319677.943, 111
Trd, 4319677.993, 111
Trd, 4319678.293, 68
Trd, 4319679.693, 67
Trd, 4319680.893, 69
Trd, 4319681.043, 70
Trd, 4319681.143, 83
Trd, 4319681.293, 121
Trd, 4319682.043, 140
Trd, 4319683.193, 98
Trd, 4319684.593, 68
Trd, 4319685.543, 60
Trd, 4319685.843, 80
Trd, 4319686.243, 70
Trd, 4319687.193, 68
Trd, 4319687.443, 129
Trd, 4319687.493, 128
Trd, 4319688.243, 73
Trd, 4319688.793, 60
Trd, 4319688.843, 60
Trd, 4319689.993, 60
Trd, 4319690.243, 61
Trd, 4319690.493, 62
Trd, 4319691.543, 119
Trd, 4319691.743, 117
Trd, 4319692.543, 63
Trd, 4319694.393, 60
Trd, 4319695.043, 62
Trd, 4319695.693, 61
Trd, 4319695.993, 61
Trd, 4319696.243, 62
Trd, 4319696.393, 66
Trd, 4319697.093, 134
Trd, 4319698.243, 60
Trd, 4319698.393, 61
Trd, 4319699.793, 60
Trd, 4319700.643, 60
Trd, 4319700.693, 60
Trd, 4319700.793, 68
Trd, 4319701.543, 65
Trd, 4319702.093, 60
Trd, 4319702.293, 66
Trd, 4319702.343, 69
Trd, 4319703.443, 61
Trd, 4319703.493, 65
Trd, 4319704.843, 60
Trd, 4319705.093, 61
Trd, 4319707.243, 60
Trd, 4319707.343, 60
Trd, 4319708.093, 60
Trd, 4319708.143, 61
Trd, 4319708.643, 62
Trd, 4319709.143, 63
Trd, 4319709.893, 64
Trd, 4319709.943, 64
Trd, 4319710.093, 81
Trd, 4319710.543, 102
Trd, 4319710.643, 61
Trd, 4319711.693, 90
Trd, 4319711.893, 88
Trd, 4319713.193, 102
Trd, 4319714.443, 103
Trd, 4319715.043, 105
Trd, 4319715.093, 87
Trd, 4319715.143, 112
Trd, 4319715.243, 72
Trd, 4319715.593, 61
Trd, 4319716.593, 60
Trd, 4319717.193, 60
Trd, 4319717.293, 86
Trd, 4319718.993, 130
Trd, 4319719.643, 95
Trd, 4319720.443, 138
Trd, 4319720.843, 71
Trd, 4319721.093, 84
Trd, 4319721.293, 66
Trd, 4319721.693, 125
Trd, 4319721.993, 81
Trd, 4319725.243, 131
Trd, 4319725.393, 130
Trd, 4319725.843, 121
Trd, 4319726.043, 114
Trd, 4319726.743, 139
Trd, 4319726.843, 138
Trd, 4319727.593, 137
Trd, 4319728.143, 92
Trd, 4319728.693, 90
Trd, 4319728.993, 132
Trd, 4319730.243, 118
Trd, 4319731.193, 118
Trd, 4319731.343, 110
Trd, 4319732.443, 124
Trd, 4319732.493, 90
Trd, 4319733.093, 128
Trd, 4319733.393, 76
Trd, 4319734.093, 78
Trd, 4319735.043, 112
Trd, 4319735.643, 98
Trd, 4319735.843, 71
Trd, 4319736.093, 112
Trd, 4319738.093, 60
Trd, 4319738.243, 61
Trd, 4319739.093, 61
Trd, 4319739.893, 60
Trd, 4319740.643, 60
Trd, 4319741.343, 60
Trd, 4319742.243, 61
Trd, 4319742.543, 62
Trd, 4319742.743, 64
Trd, 4319743.793, 66
Trd, 4319744.893, 62
Trd, 4319745.143, 62
Trd, 4319746.193, 61
Trd, 4319746.643, 61
Trd, 4319746.843, 66
Trd, 4319747.093, 68
Trd, 4319747.493, 61
Trd, 4319748.693, 61
Trd, 4319749.043, 61
Trd, 4319749.343, 75
Trd, 4319750.443, 110
Trd, 4319750.493, 109
Trd, 4319751.343, 118
Trd, 4319752.043, 89
Trd, 4319752.693, 107
Trd, 4319753.393, 136
Trd, 4319753.993, 122
Trd, 4319754.143, 64
Trd, 4319755.893, 130
Trd, 4319756.193, 109
Trd, 4319756.693, 118
Trd, 4319756.743, 108
Trd, 4319756.943, 79
Trd, 4319757.693, 121
Trd, 4319758.443, 97
Trd, 4319759.193, 120
Trd, 4319759.543, 78
Trd, 4319760.193, 94
Trd, 4319761.043, 126
Trd, 4319761.793, 83
Trd, 4319762.343, 118
Trd, 4319762.743, 66
Trd, 4319762.793, 127
Trd, 4319763.243, 80
Trd, 4319763.693, 82
Trd, 4319763.893, 64
Trd, 4319765.093, 62
Trd, 4319765.443, 61
Trd, 4319765.843, 65
Trd, 4319766.443, 94
Trd, 4319767.293, 84
Trd, 4319767.943, 113
Trd, 4319768.543, 109
Trd, 4319769.893, 118
Trd, 4319770.743, 109
Trd, 4319771.093, 98
Trd, 4319771.343, 82
Trd, 4319771.543, 87
Trd, 4319772.943, 62
Trd, 4319773.443, 130
Trd, 4319774.043, 74
Trd, 4319774.393, 65
Trd, 4319774.693, 75
Trd, 4319777.393, 106
Trd, 4319777.443, 100
Trd, 4319778.043, 84
Trd, 4319778.093, 69
Trd, 4319779.193, 105
Trd, 4319779.443, 106
Trd, 4319779.543, 104
Trd, 4319780.493, 113
Trd, 4319780.593, 110
Trd, 4319782.293, 108
Trd, 4319782.743, 108
Trd, 4319782.993, 136
Trd, 4319783.043, 103
Trd, 4319784.393, 62
Trd, 4319784.993, 62
Trd, 4319785.543, 60
Trd, 4319785.843, 111
Trd, 4319786.643, 60
Trd, 4319787.093, 61
Trd, 4319787.893, 68
Trd, 4319788.243, 70
Trd, 4319789.143, 71
Trd, 4319789.793, 88
Trd, 4319790.093, 62
Trd, 4319790.593, 85
Trd, 4319790.693, 84
Trd, 4319791.693, 136
Trd, 4319792.043, 101
Trd, 4319792.293, 99
Trd, 4319792.693, 63
Trd, 4319792.943, 66
Trd, 4319793.243, 82
Trd, 4319794.593, 101
Trd, 4319795.693, 107
Trd, 4319796.193, 95
Trd, 4319796.593, 69
Trd, 4319796.743, 70
Trd, 4319798.193, 69
Trd, 4319799.043, 71
Trd, 4319799.843, 73
Trd, 4319799.993, 65
Trd, 4319800.843, 61
Trd, 4319801.093, 62
Trd, 4319801.243, 61
Trd, 4319802.293, 63
Trd, 4319803.293, 67
Trd, 4319803.493, 60
Trd, 4319806.143, 60
Trd, 4319806.943, 61
Trd, 4319807.193, 69
Trd, 4319807.693, 63
Trd, 4319807.793, 65
Trd, 4319807.993, 76
Trd, 4319809.043, 64
Trd, 4319809.193, 64
Trd, 4319810.243, 112
Trd, 4319811.093, 113
Trd, 4319811.293, 94
Trd, 4319811.493, 89
Trd, 4319811.943, 81
Trd, 4319813.043, 60
Trd, 4319813.593, 60
Trd, 4319814.493, 65
Trd, 4319814.893, 61
Trd, 4319816.243, 60
Trd, 4319816.693, 62
Trd, 4319817.043, 62
Trd, 4319817.243, 60
Trd, 4319817.843, 64
Trd, 4319818.493, 85
Trd, 4319819.693, 63
Trd, 4319820.043, 63
Trd, 4319820.293, 82
Trd, 4319820.843, 64
Trd, 4319821.293, 64
Trd, 4319821.443, 66
Trd, 4319822.393, 62
Trd, 4319822.693, 63
Trd, 4319824.093, 60
Trd, 4319824.393, 63
Trd, 4319824.493, 74
Trd, 4319826.193, 61
Trd, 4319827.043, 61
Trd, 4319827.243, 61
Trd, 4319827.293, 65
Trd, 4319827.593, 69
Trd, 4319828.093, 61
Trd, 4319828.343, 97
Trd, 4319829.093, 61
Trd, 4319830.943, 64
Trd, 4319831.193, 65
Trd, 4319831.543, 68
Trd, 4319832.143, 69
Trd, 4319832.643, 62
Trd, 4319833.043, 64
Trd, 4319834.093, 62
Trd, 4319835.693, 60
Trd, 4319836.443, 60
Trd, 4319836.543, 62
Trd, 4319837.243, 61
Trd, 4319837.593, 60
Trd, 4319837.693, 77
Trd, 4319838.843, 60
Trd, 4319839.593, 65
Trd, 4319839.943, 60
Trd, 4319840.843, 75
Trd, 4319842.043, 64
Trd, 4319842.243, 75
Trd, 4319842.393, 80
Trd, 4319843.493, 61
Trd, 4319843.843, 62
Trd, 4319845.243, 62
Trd, 4319845.693, 107
Trd, 4319846.543, 131
Trd, 4319847.743, 130
Trd, 4319847.843, 110
Trd, 4319848.043, 120
Trd, 4319848.493, 80
Trd, 4319848.543, 76
Trd, 4319849.643, 75
Trd, 4319850.693, 71
Trd, 4319850.893, 78
Trd, 4319851.293, 118
Trd, 4319851.343, 68
Trd, 4319852.593, 60
Trd, 4319853.143, 62
Trd, 4319853.693, 60
Trd, 4319854.143, 62
Trd, 4319855.243, 61
Trd, 4319855.293, 61
Trd, 4319855.843, 64
Trd, 4319856.143, 67
Trd, 4319856.593, 87
Trd, 4319856.993, 60
Trd, 4319858.043, 68
Trd, 4319858.893, 119
Trd, 4319859.143, 74
Trd, 4319860.593, 75
Trd, 4319861.943, 60
Trd, 4319862.193, 64
Trd, 4319862.693, 100
Trd, 4319862.743, 72
Trd, 4319864.443, 60
Trd, 4319864.543, 62
Trd, 4319866.043, 61
Trd, 4319867.543, 60
Trd, 4319867.943, 63
Trd, 4319868.243, 63
Trd, 4319869.543, 61
Trd, 4319870.343, 62
Trd, 4319871.443, 60
Trd, 4319871.593, 61
Trd, 4319871.793, 65
Trd, 4319872.843, 63
Trd, 4319873.643, 61
Trd, 4319874.193, 62
Trd, 4319874.793, 62
Trd, 4319875.443, 66
Trd, 4319875.893, 70
Trd, 4319878.193, 60
Trd, 4319878.293, 60
Trd, 4319878.693, 62
Trd, 4319878.843, 62
Trd, 4319879.243, 64
Trd, 4319881.143, 68
Trd, 4319881.693, 69
Trd, 4319881.893, 63
Trd, 4319881.993, 93
Trd, 4319883.143, 68
Trd, 4319884.243, 60
Trd, 4319884.343, 61
Trd, 4319884.793, 60
Trd, 4319886.743, 62
Trd, 4319887.093, 63
Trd, 4319887.193, 62
Trd, 4319887.993, 61
Trd, 4319888.143, 64
Trd, 4319888.743, 67
Trd, 4319888.893, 68
Trd, 4319888.943, 69
Trd, 4319890.593, 64
Trd, 4319891.393, 60
Trd, 4319892.543, 63
Trd, 4319893.293, 61
Trd, 4319893.443, 62
Trd, 4319894.093, 69
Trd, 4319895.093, 60
Trd, 4319896.093, 65
Trd, 4319897.043, 71
Trd, 4319897.293, 62
Trd, 4319897.543, 66
Trd, 4319897.743, 67
Trd, 4319897.843, 74
Trd, 4319898.393, 64
Trd, 4319900.643, 61
Trd, 4319900.843, 63
Trd, 4319901.193, 62
Trd, 4319902.243, 67
Trd, 4319902.343, 97
Trd, 4319902.493, 69
Trd, 4319903.843, 60
Trd, 4319904.343, 60
Trd, 4319905.093, 63
Trd, 4319905.493, 64
Trd, 4319906.393, 64
Trd, 4319906.893, 74
Trd, 4319907.043, 87
Trd, 4319908.043, 64
Trd, 4319908.793, 64
Trd, 4319909.443, 65
Trd, 4319909.593, 69
Trd, 4319910.343, 75
Trd, 4319910.543, 81
Trd, 4319911.493, 65
Trd, 4319912.243, 93
Trd, 4319912.493, 121
Trd, 4319912.693, 77
Trd, 4319912.993, 109
Trd, 4319913.943, 61
Trd, 4319914.643, 70
Trd, 4319915.393, 60
Trd, 4319915.593, 101
Trd, 4319915.693, 61
Trd, 4319916.643, 95
Trd, 4319917.093, 95
Trd, 4319917.743, 96
Trd, 4319918.193, 94
Trd, 4319919.093, 118
Trd, 4319919.193, 107
Trd, 4319920.093, 102
Trd, 4319920.893, 91
Trd, 4319921.293, 131
Trd, 4319923.043, 60
Trd, 4319923.393, 60
Trd, 4319923.443, 61
Trd, 4319923.843, 64
Trd, 4319924.643, 115
Trd, 4319925.093, 95
Trd, 4319926.393, 139
Trd, 4319927.643, 116
Trd, 4319927.993, 93
Trd, 4319928.543, 83
Trd, 4319928.993, 74
Trd, 4319929.543, 62
Trd, 4319929.593, 71
Trd, 4319930.643, 115
Trd, 4319930.893, 89
Trd, 4319931.993, 115
Trd, 4319932.143, 138
Trd, 4319932.493, 93
Trd, 4319933.043, 102
Trd, 4319933.593, 77
Trd, 4319934.143, 75
Trd, 4319934.443, 72
Trd, 4319934.693, 84
Trd, 4319936.593, 66
Trd, 4319937.193, 70
Trd, 4319938.843, 62
Trd, 4319939.093, 60
Trd, 4319939.393, 65
Trd, 4319939.793, 65
Trd, 4319940.493, 62
Trd, 4319940.793, 63
Trd, 4319941.493, 67
Trd, 4319941.793, 79
Trd, 4319942.143, 84
Trd, 4319942.493, 62
Trd, 4319943.143, 93
Trd, 4319943.593, 124
Trd, 4319944.593, 73
Trd, 4319944.743, 119
Trd, 4319945.693, 62
Trd, 4319946.293, 79
Trd, 4319946.843, 135
Trd, 4319946.893, 112
Trd, 4319948.043, 132
Trd, 4319948.193, 103
Trd, 4319949.043, 65
Trd, 4319950.143, 61
Trd, 4319950.793, 81
Trd, 4319951.593, 103
Trd, 4319953.043, 62
Trd, 4319953.343, 61
Trd, 4319954.093, 62
Trd, 4319954.243, 62
Trd, 4319954.493, 60
Trd, 4319955.143, 63
Trd, 4319955.243, 65
Trd, 4319955.643, 66
Trd, 4319956.243, 96
Trd, 4319957.193, 71
Trd, 4319957.393, 66
Trd, 4319958.593, 106
Trd, 4319959.393, 64
Trd, 4319959.493, 70
Trd, 4319959.893, 72
Trd, 4319960.743, 61
Trd, 4319960.893, 63
Trd, 4319961.693, 61
Trd, 4319962.143, 92
Trd, 4319962.693, 64
Trd, 4319963.143, 70
Trd, 4319965.193, 62
Trd, 4319965.493, 69
Trd, 4319965.843, 77
Trd, 4319965.993, 74
Trd, 4319966.243, 95
Trd, 4319967.093, 72
Trd, 4319967.443, 73
Trd, 4319968.243, 84
Trd, 4319968.343, 73
Trd, 4319969.693, 125
Trd, 4319969.943, 61
Trd, 4319971.093, 126
Trd, 4319971.743, 121
Trd, 4319972.293, 117
Trd, 4319972.693, 109
Trd, 4319973.943, 122
Trd, 4319974.143, 118
Trd, 4319975.093, 90
Trd, 4319975.293, 80
Trd, 4319975.943, 82
Trd, 4319976.493, 92
Trd, 4319976.593, 83
Trd, 4319978.343, 134
Trd, 4319978.643, 118
Trd, 4319978.793, 112
Trd, 4319979.143, 140
Trd, 4319981.343, 92
Trd, 4319981.443, 87
Trd, 4319982.343, 89
Trd, 4319982.593, 74
Trd, 4319983.043, 67
Trd, 4319984.043, 95
Trd, 4319984.393, 61
Trd, 4319985.793, 62
Trd, 4319986.093, 65
Trd, 4319987.093, 97
Trd, 4319987.243, 89
Trd, 4319987.643, 118
Trd, 4319987.993, 61
Trd, 4319988.493, 91
Trd, 4319989.893, 126
Trd, 4319990.043, 86
Trd, 4319990.243, 85
Trd, 4319990.593, 86
Trd, 4319990.943, 66
Trd, 4319991.593, 122
Trd, 4319992.943, 77
Trd, 4319993.243, 102
Trd, 4319994.443, 74
Trd, 4319995.143, 91
Trd, 4319995.393, 70
Trd, 4319995.693, 102
Trd, 4319995.793, 90
Trd, 4319995.843, 85
Trd, 4319997.643, 60
Trd, 4319998.593, 60
Trd, 4319999.393, 60
Trd, 4319999.443, 63
Trd, 4319999.593, 62
