Trd, 4318112.343, 60
Trd, 4318112.593, 60
Trd, 4318113.093, 62
Trd, 4318113.593, 63
Trd, 4318114.693, 140
Trd, 4318115.493, 140
Trd, 4318115.893, 140
Trd, 4318116.993, 140
Trd, 4318120.593, 140
Trd, 4318120.793, 140
Trd, 4318120.893, 140
Trd, 4318121.193, 140
Trd, 4318121.243, 140
Trd, 4318121.443, 140
Trd, 4318122.243, 140
Trd, 4318122.343, 76
Trd, 4318123.993, 134
Trd, 4318124.643, 93
Trd, 4318124.743, 92
Trd, 4318125.693, 140
Trd, 4318127.793, 140
Trd, 4318127.943, 140
Trd, 4318128.143, 140
Trd, 4318128.343, 140
Trd, 4318128.493, 140
Trd, 4318129.793, 60
Trd, 4318131.243, 60
Trd, 4318132.043, 63
Trd, 4318132.143, 63
Trd, 4318133.643, 60
Trd, 4318133.993, 62
Trd, 4318134.343, 64
Trd, 4318134.993, 64
Trd, 4318135.493, 67
Trd, 4318135.693, 66
Trd, 4318136.443, 69
Trd, 4318137.193, 81
Trd, 4318137.743, 85
Trd, 4318138.093, 111
Trd, 4318138.843, 89
Trd, 4318139.093, 89
Trd, 4318139.493, 89
Trd, 4318139.593, 112
Trd, 4318139.793, 86
Trd, 4318142.343, 60
Trd, 4318144.493, 60
Trd, 4318147.143, 60
Trd, 4318147.243, 60
Trd, 4318147.343, 60
Trd, 4318147.793, 62
Trd, 4318147.843, 61
Trd, 4318147.993, 65
Trd, 4318148.193, 63
Trd, 4318148.643, 87
Trd, 4318149.243, 106
Trd, 4318149.293, 65
Trd, 4318150.393, 62
Trd, 4318150.843, 63
Trd, 4318151.393, 61
Trd, 4318153.793, 60
Trd, 4318155.893, 61
Trd, 4318156.893, 63
Trd, 4318157.143, 64
Trd, 4318158.043, 61
Trd, 4318158.243, 61
Trd, 4318159.143, 68
Trd, 4318159.493, 64
Trd, 4318160.093, 63
Trd, 4318160.293, 65
Trd, 4318161.843, 63
Trd, 4318162.493, 64
Trd, 4318163.143, 65
Trd, 4318163.593, 66
Trd, 4318163.793, 62
Trd, 4318165.243, 81
Trd, 4318165.693, 84
Trd, 4318165.843, 81
Trd, 4318167.593, 95
Trd, 4318167.693, 87
Trd, 4318168.493, 91
Trd, 4318169.493, 91
Trd, 4318170.393, 94
Trd, 4318170.443, 93
Trd, 4318171.943, 116
Trd, 4318172.843, 100
Trd, 4318172.943, 99
Trd, 4318174.043, 108
Trd, 4318174.143, 102
Trd, 4318174.543, 102
Trd, 4318175.443, 109
Trd, 4318176.393, 112
Trd, 4318178.493, 60
Trd, 4318179.993, 60
Trd, 4318180.243, 61
Trd, 4318180.743, 63
Trd, 4318180.893, 63
Trd, 4318180.993, 63
Trd, 4318181.243, 64
Trd, 4318181.393, 63
Trd, 4318182.143, 60
Trd, 4318182.793, 60
Trd, 4318183.543, 63
Trd, 4318184.093, 65
Trd, 4318185.243, 60
Trd, 4318186.543, 62
Trd, 4318190.793, 60
Trd, 4318191.343, 62
Trd, 4318192.743, 63
Trd, 4318193.643, 61
Trd, 4318193.993, 61
Trd, 4318194.493, 60
Trd, 4318195.293, 63
Trd, 4318195.793, 62
Trd, 4318196.493, 66
Trd, 4318196.543, 69
Trd, 4318197.193, 65
Trd, 4318197.693, 64
Trd, 4318198.193, 65
Trd, 4318198.893, 67
Trd, 4318200.143, 71
Trd, 4318200.593, 117
Trd, 4318200.743, 69
Trd, 4318200.893, 96
Trd, 4318201.443, 135
Trd, 4318201.743, 70
Trd, 4318201.943, 71
Trd, 4318202.693, 73
Trd, 4318203.793, 61
Trd, 4318204.843, 63
Trd, 4318206.193, 60
Trd, 4318207.393, 61
Trd, 4318209.043, 62
Trd, 4318209.143, 60
Trd, 4318209.393, 63
Trd, 4318209.543, 62
Trd, 4318209.993, 62
Trd, 4318210.393, 65
Trd, 4318211.193, 69
Trd, 4318211.443, 68
Trd, 4318212.493, 76
Trd, 4318212.943, 80
Trd, 4318213.143, 76
Trd, 4318214.043, 80
Trd, 4318214.393, 84
Trd, 4318215.443, 62
Trd, 4318218.993, 60
Trd, 4318219.043, 60
Trd, 4318219.093, 60
Trd, 4318219.493, 61
Trd, 4318219.993, 60
Trd, 4318220.643, 60
Trd, 4318221.093, 61
Trd, 4318221.343, 64
Trd, 4318221.443, 93
Trd, 4318222.643, 92
Trd, 4318222.993, 60
Trd, 4318224.093, 60
Trd, 4318224.193, 60
Trd, 4318228.743, 60
Trd, 4318229.093, 61
Trd, 4318230.743, 60
Trd, 4318231.493, 60
Trd, 4318231.543, 60
Trd, 4318231.693, 63
Trd, 4318232.143, 60
Trd, 4318232.243, 64
Trd, 4318232.843, 60
Trd, 4318233.593, 60
Trd, 4318234.593, 65
Trd, 4318234.643, 67
Trd, 4318235.493, 63
Trd, 4318235.843, 62
Trd, 4318237.743, 64
Trd, 4318238.943, 61
Trd, 4318241.543, 60
Trd, 4318241.943, 62
Trd, 4318242.093, 63
Trd, 4318242.193, 63
Trd, 4318242.843, 64
Trd, 4318243.193, 81
Trd, 4318243.993, 64
Trd, 4318244.243, 82
Trd, 4318245.593, 68
Trd, 4318246.143, 140
Trd, 4318246.193, 140
Trd, 4318246.893, 140
Trd, 4318246.943, 140
Trd, 4318247.193, 140
Trd, 4318248.443, 140
Trd, 4318248.743, 140
Trd, 4318249.393, 140
Trd, 4318249.793, 140
Trd, 4318251.093, 60
Trd, 4318251.543, 60
Trd, 4318256.393, 60
Trd, 4318256.743, 60
Trd, 4318256.993, 60
Trd, 4318257.393, 61
Trd, 4318257.443, 68
Trd, 4318258.043, 64
Trd, 4318258.493, 66
Trd, 4318258.543, 63
Trd, 4318259.543, 65
Trd, 4318260.593, 65
Trd, 4318260.943, 64
Trd, 4318261.393, 66
Trd, 4318261.943, 63
Trd, 4318262.993, 63
Trd, 4318263.993, 66
Trd, 4318264.143, 64
Trd, 4318265.093, 139
Trd, 4318266.393, 86
Trd, 4318266.793, 87
Trd, 4318267.793, 88
Trd, 4318267.843, 85
Trd, 4318268.143, 67
Trd, 4318270.643, 60
Trd, 4318271.243, 60
Trd, 4318272.643, 60
Trd, 4318275.043, 60
Trd, 4318275.143, 60
Trd, 4318275.393, 60
Trd, 4318275.843, 61
Trd, 4318275.993, 62
Trd, 4318276.443, 63
Trd, 4318276.493, 64
Trd, 4318277.593, 60
Trd, 4318277.693, 62
Trd, 4318278.743, 62
Trd, 4318279.143, 64
Trd, 4318279.593, 66
Trd, 4318280.743, 67
Trd, 4318281.493, 67
Trd, 4318281.793, 67
Trd, 4318283.543, 60
Trd, 4318285.343, 60
Trd, 4318285.693, 60
Trd, 4318287.793, 62
Trd, 4318287.943, 62
Trd, 4318288.093, 62
Trd, 4318288.643, 63
Trd, 4318289.143, 64
Trd, 4318289.843, 64
Trd, 4318290.043, 64
Trd, 4318290.093, 60
Trd, 4318291.643, 121
Trd, 4318291.893, 121
Trd, 4318292.343, 120
Trd, 4318292.593, 86
Trd, 4318294.543, 60
Trd, 4318294.743, 60
Trd, 4318295.143, 61
Trd, 4318298.193, 60
Trd, 4318300.093, 60
Trd, 4318300.243, 60
Trd, 4318300.343, 60
Trd, 4318300.543, 60
Trd, 4318300.943, 61
Trd, 4318301.743, 65
Trd, 4318301.893, 66
Trd, 4318301.943, 64
Trd, 4318305.293, 104
Trd, 4318305.643, 106
Trd, 4318306.293, 104
Trd, 4318306.543, 101
Trd, 4318307.243, 130
Trd, 4318307.393, 100
Trd, 4318307.443, 131
Trd, 4318308.043, 70
Trd, 4318308.743, 70
Trd, 4318309.293, 89
Trd, 4318311.043, 89
Trd, 4318311.193, 67
Trd, 4318311.293, 65
Trd, 4318312.243, 108
Trd, 4318313.493, 119
Trd, 4318313.543, 115
Trd, 4318313.993, 116
Trd, 4318314.943, 112
Trd, 4318314.993, 111
Trd, 4318316.043, 139
Trd, 4318316.143, 105
Trd, 4318316.643, 125
Trd, 4318317.143, 106
Trd, 4318317.493, 106
Trd, 4318318.093, 116
Trd, 4318321.293, 60
Trd, 4318321.643, 60
Trd, 4318321.793, 60
Trd, 4318322.243, 64
Trd, 4318322.593, 64
Trd, 4318322.743, 66
Trd, 4318323.393, 73
Trd, 4318324.343, 70
Trd, 4318324.493, 69
Trd, 4318324.743, 64
Trd, 4318326.193, 73
Trd, 4318327.843, 60
Trd, 4318330.243, 60
Trd, 4318330.393, 60
Trd, 4318330.743, 60
Trd, 4318330.993, 60
Trd, 4318331.093, 61
Trd, 4318331.593, 60
Trd, 4318331.943, 61
Trd, 4318332.193, 100
Trd, 4318332.493, 63
Trd, 4318333.693, 64
Trd, 4318334.593, 67
Trd, 4318335.693, 76
Trd, 4318335.793, 76
Trd, 4318336.043, 98
Trd, 4318337.193, 77
Trd, 4318337.593, 77
Trd, 4318338.293, 78
Trd, 4318338.543, 77
Trd, 4318339.793, 60
Trd, 4318340.493, 60
Trd, 4318341.043, 60
Trd, 4318345.393, 60
Trd, 4318345.443, 60
Trd, 4318345.643, 60
Trd, 4318346.193, 61
Trd, 4318346.343, 61
Trd, 4318347.143, 60
Trd, 4318348.193, 60
Trd, 4318349.543, 63
Trd, 4318349.693, 64
Trd, 4318349.743, 63
Trd, 4318349.893, 85
Trd, 4318351.143, 67
Trd, 4318351.193, 65
Trd, 4318353.193, 60
Trd, 4318353.693, 60
Trd, 4318353.743, 61
Trd, 4318356.093, 61
Trd, 4318356.843, 61
Trd, 4318356.893, 62
Trd, 4318357.693, 62
Trd, 4318357.843, 62
Trd, 4318357.993, 69
Trd, 4318358.593, 60
Trd, 4318360.343, 62
Trd, 4318360.543, 64
Trd, 4318360.893, 66
Trd, 4318360.943, 64
Trd, 4318361.543, 61
Trd, 4318361.993, 62
Trd, 4318362.743, 60
Trd, 4318362.893, 60
Trd, 4318363.593, 63
Trd, 4318364.843, 74
Trd, 4318365.243, 75
Trd, 4318366.493, 82
Trd, 4318367.143, 80
Trd, 4318367.943, 92
Trd, 4318369.043, 90
Trd, 4318369.643, 92
Trd, 4318370.293, 140
Trd, 4318370.743, 140
Trd, 4318372.893, 140
Trd, 4318372.943, 140
Trd, 4318373.093, 140
Trd, 4318373.193, 140
Trd, 4318373.343, 140
Trd, 4318374.243, 62
Trd, 4318374.793, 64
Trd, 4318375.243, 69
Trd, 4318375.343, 111
Trd, 4318376.193, 70
Trd, 4318376.243, 68
Trd, 4318376.643, 68
Trd, 4318378.043, 60
Trd, 4318378.193, 63
Trd, 4318382.393, 60
Trd, 4318382.443, 60
Trd, 4318383.543, 60
Trd, 4318383.843, 60
Trd, 4318383.943, 61
Trd, 4318384.143, 60
Trd, 4318384.793, 63
Trd, 4318384.943, 63
Trd, 4318385.393, 66
Trd, 4318385.893, 71
Trd, 4318385.993, 63
Trd, 4318387.293, 60
Trd, 4318387.343, 61
Trd, 4318387.793, 62
Trd, 4318388.743, 61
Trd, 4318390.243, 60
Trd, 4318390.693, 60
Trd, 4318391.643, 64
Trd, 4318391.943, 64
Trd, 4318393.343, 69
Trd, 4318393.993, 70
Trd, 4318394.343, 95
Trd, 4318394.393, 71
Trd, 4318395.793, 83
Trd, 4318395.943, 82
Trd, 4318397.193, 81
Trd, 4318398.043, 60
Trd, 4318399.293, 61
Trd, 4318399.743, 64
Trd, 4318400.043, 73
Trd, 4318400.293, 64
Trd, 4318400.443, 63
Trd, 4318401.393, 62
Trd, 4318402.093, 65
Trd, 4318402.343, 66
Trd, 4318404.493, 70
Trd, 4318404.693, 72
Trd, 4318406.193, 72
Trd, 4318406.593, 137
Trd, 4318407.093, 100
Trd, 4318407.393, 99
Trd, 4318407.993, 133
Trd, 4318408.693, 76
Trd, 4318409.693, 74
Trd, 4318410.043, 73
Trd, 4318412.893, 68
Trd, 4318413.543, 61
Trd, 4318414.743, 60
Trd, 4318415.543, 61
Trd, 4318416.893, 61
Trd, 4318417.043, 62
Trd, 4318417.493, 61
Trd, 4318418.143, 62
Trd, 4318418.643, 67
Trd, 4318418.943, 64
Trd, 4318419.793, 68
Trd, 4318420.293, 80
Trd, 4318420.493, 73
Trd, 4318420.643, 72
Trd, 4318420.943, 64
Trd, 4318421.293, 94
Trd, 4318421.593, 140
Trd, 4318424.093, 60
Trd, 4318426.843, 60
Trd, 4318427.493, 60
Trd, 4318427.743, 60
Trd, 4318427.993, 60
Trd, 4318428.093, 60
Trd, 4318428.893, 60
Trd, 4318429.243, 61
Trd, 4318429.293, 61
Trd, 4318430.443, 68
Trd, 4318431.043, 90
Trd, 4318431.893, 60
Trd, 4318432.393, 63
Trd, 4318432.793, 63
Trd, 4318434.543, 60
Trd, 4318434.643, 60
Trd, 4318435.293, 60
Trd, 4318437.693, 62
Trd, 4318437.943, 64
Trd, 4318438.143, 64
Trd, 4318438.493, 62
Trd, 4318440.293, 100
Trd, 4318441.193, 85
Trd, 4318441.443, 85
Trd, 4318441.643, 84
Trd, 4318441.843, 80
Trd, 4318443.493, 62
Trd, 4318444.043, 61
Trd, 4318444.743, 61
Trd, 4318447.943, 60
Trd, 4318448.193, 62
Trd, 4318449.393, 62
Trd, 4318449.493, 63
Trd, 4318449.543, 62
Trd, 4318449.743, 63
Trd, 4318450.493, 66
Trd, 4318450.543, 65
Trd, 4318452.693, 119
Trd, 4318452.843, 119
Trd, 4318453.243, 118
Trd, 4318453.643, 119
Trd, 4318453.993, 118
Trd, 4318454.443, 120
Trd, 4318454.893, 120
Trd, 4318455.293, 118
Trd, 4318455.343, 72
Trd, 4318456.243, 76
Trd, 4318456.893, 67
Trd, 4318456.993, 66
Trd, 4318460.293, 60
Trd, 4318463.543, 60
Trd, 4318463.643, 60
Trd, 4318463.793, 62
Trd, 4318464.393, 64
Trd, 4318464.993, 64
Trd, 4318465.443, 64
Trd, 4318465.493, 65
Trd, 4318466.593, 64
Trd, 4318466.793, 75
Trd, 4318467.243, 62
Trd, 4318467.643, 61
Trd, 4318468.493, 62
Trd, 4318468.693, 64
Trd, 4318469.043, 62
Trd, 4318470.193, 71
Trd, 4318470.543, 69
Trd, 4318471.043, 109
Trd, 4318471.743, 65
Trd, 4318473.393, 69
Trd, 4318473.643, 70
Trd, 4318474.143, 72
Trd, 4318474.393, 72
Trd, 4318475.393, 73
Trd, 4318476.493, 140
Trd, 4318476.893, 140
Trd, 4318476.943, 140
Trd, 4318477.843, 140
Trd, 4318478.393, 140
Trd, 4318478.693, 140
Trd, 4318480.443, 104
Trd, 4318480.993, 131
Trd, 4318481.043, 84
Trd, 4318482.243, 87
Trd, 4318482.493, 87
Trd, 4318482.893, 87
Trd, 4318483.893, 88
Trd, 4318484.493, 89
Trd, 4318484.993, 112
Trd, 4318485.793, 92
Trd, 4318485.843, 90
Trd, 4318486.943, 61
Trd, 4318488.443, 63
Trd, 4318488.893, 63
Trd, 4318490.243, 140
Trd, 4318490.743, 140
Trd, 4318490.793, 140
Trd, 4318490.993, 140
Trd, 4318491.493, 60
Trd, 4318493.143, 60
Trd, 4318493.443, 60
Trd, 4318493.593, 60
Trd, 4318493.943, 60
Trd, 4318495.243, 60
Trd, 4318495.693, 60
Trd, 4318497.043, 60
Trd, 4318497.143, 60
Trd, 4318497.393, 85
Trd, 4318501.393, 60
Trd, 4318501.493, 60
Trd, 4318501.943, 60
Trd, 4318502.043, 60
Trd, 4318502.743, 63
Trd, 4318502.893, 62
Trd, 4318503.043, 63
Trd, 4318503.393, 61
Trd, 4318503.743, 68
Trd, 4318507.193, 60
Trd, 4318509.643, 60
Trd, 4318509.893, 60
Trd, 4318510.793, 60
Trd, 4318510.893, 60
Trd, 4318511.243, 62
Trd, 4318511.293, 61
Trd, 4318512.193, 60
Trd, 4318512.543, 60
Trd, 4318512.793, 64
Trd, 4318515.293, 60
Trd, 4318516.193, 60
Trd, 4318516.493, 60
Trd, 4318516.643, 60
Trd, 4318516.843, 60
Trd, 4318516.893, 60
Trd, 4318517.593, 64
Trd, 4318517.893, 64
Trd, 4318518.443, 63
Trd, 4318518.493, 62
Trd, 4318520.293, 60
Trd, 4318520.743, 62
Trd, 4318521.693, 62
Trd, 4318521.793, 61
Trd, 4318523.893, 60
Trd, 4318525.093, 60
Trd, 4318525.143, 60
Trd, 4318525.293, 61
Trd, 4318525.543, 65
Trd, 4318526.143, 65
Trd, 4318526.293, 71
Trd, 4318526.743, 66
Trd, 4318527.543, 70
Trd, 4318527.843, 68
Trd, 4318528.393, 69
Trd, 4318528.593, 68
Trd, 4318530.793, 61
Trd, 4318532.093, 62
Trd, 4318532.143, 62
Trd, 4318533.043, 64
Trd, 4318533.343, 64
Trd, 4318533.843, 140
Trd, 4318533.993, 99
Trd, 4318534.893, 86
Trd, 4318535.543, 82
Trd, 4318538.093, 61
Trd, 4318539.393, 61
Trd, 4318540.343, 60
Trd, 4318541.343, 60
Trd, 4318542.843, 60
Trd, 4318542.893, 60
Trd, 4318543.093, 60
Trd, 4318543.143, 60
Trd, 4318543.243, 61
Trd, 4318544.243, 65
Trd, 4318544.693, 65
Trd, 4318544.893, 64
Trd, 4318545.593, 63
Trd, 4318549.393, 60
Trd, 4318549.643, 60
Trd, 4318550.193, 60
Trd, 4318550.293, 60
Trd, 4318550.393, 61
Trd, 4318550.843, 61
Trd, 4318550.893, 62
Trd, 4318552.843, 66
Trd, 4318553.243, 67
Trd, 4318553.693, 64
Trd, 4318554.293, 67
Trd, 4318555.543, 72
Trd, 4318555.593, 70
Trd, 4318556.543, 65
Trd, 4318556.843, 66
Trd, 4318557.593, 75
Trd, 4318557.693, 67
Trd, 4318559.093, 81
Trd, 4318559.293, 82
Trd, 4318560.043, 70
Trd, 4318564.843, 62
Trd, 4318564.893, 62
Trd, 4318564.943, 62
Trd, 4318565.043, 61
Trd, 4318565.143, 60
Trd, 4318566.493, 63
Trd, 4318567.393, 62
Trd, 4318568.243, 63
Trd, 4318568.993, 86
Trd, 4318569.093, 85
Trd, 4318569.343, 85
Trd, 4318569.443, 84
Trd, 4318572.143, 103
Trd, 4318572.243, 101
Trd, 4318574.993, 63
Trd, 4318575.243, 64
Trd, 4318576.893, 60
Trd, 4318577.193, 60
Trd, 4318577.443, 60
Trd, 4318577.993, 60
Trd, 4318578.693, 62
Trd, 4318579.043, 65
Trd, 4318579.143, 62
Trd, 4318579.643, 108
Trd, 4318580.543, 64
Trd, 4318580.643, 67
Trd, 4318581.443, 64
Trd, 4318584.643, 60
Trd, 4318585.693, 60
Trd, 4318585.793, 61
Trd, 4318586.143, 60
Trd, 4318586.643, 61
Trd, 4318586.943, 61
Trd, 4318587.593, 61
Trd, 4318588.443, 62
Trd, 4318588.843, 67
Trd, 4318589.293, 60
Trd, 4318589.693, 60
Trd, 4318589.993, 75
Trd, 4318591.243, 63
Trd, 4318591.693, 64
Trd, 4318592.593, 139
Trd, 4318592.993, 69
Trd, 4318593.393, 68
Trd, 4318594.093, 69
Trd, 4318596.843, 60
Trd, 4318597.543, 60
Trd, 4318600.193, 60
Trd, 4318600.243, 60
Trd, 4318600.743, 60
Trd, 4318601.243, 60
Trd, 4318601.493, 60
Trd, 4318602.043, 66
Trd, 4318602.493, 61
Trd, 4318603.043, 65
Trd, 4318604.193, 69
Trd, 4318604.943, 70
Trd, 4318605.993, 70
Trd, 4318607.193, 78
Trd, 4318607.443, 139
Trd, 4318607.943, 76
Trd, 4318608.393, 74
Trd, 4318608.693, 71
Trd, 4318609.193, 73
Trd, 4318611.043, 76
Trd, 4318611.193, 74
Trd, 4318612.693, 65
Trd, 4318612.793, 77
Trd, 4318613.643, 66
Trd, 4318614.393, 70
Trd, 4318614.843, 71
Trd, 4318615.293, 70
Trd, 4318615.943, 71
Trd, 4318616.393, 73
Trd, 4318616.843, 70
Trd, 4318618.393, 61
Trd, 4318619.043, 61
Trd, 4318622.393, 60
Trd, 4318623.693, 60
Trd, 4318623.993, 60
Trd, 4318624.243, 60
Trd, 4318624.943, 61
Trd, 4318625.443, 61
Trd, 4318625.593, 60
Trd, 4318626.393, 63
Trd, 4318627.843, 62
Trd, 4318629.143, 60
Trd, 4318631.543, 60
Trd, 4318632.093, 60
Trd, 4318632.393, 60
Trd, 4318633.593, 62
Trd, 4318633.693, 61
Trd, 4318633.793, 63
Trd, 4318634.093, 64
Trd, 4318634.543, 66
Trd, 4318634.643, 65
Trd, 4318635.143, 67
Trd, 4318635.693, 134
Trd, 4318638.043, 64
Trd, 4318641.393, 60
Trd, 4318642.393, 60
Trd, 4318642.693, 61
Trd, 4318642.893, 63
Trd, 4318643.093, 63
Trd, 4318643.893, 65
Trd, 4318645.193, 61
Trd, 4318645.993, 62
Trd, 4318647.343, 60
Trd, 4318647.543, 60
Trd, 4318647.743, 60
Trd, 4318648.643, 61
Trd, 4318648.943, 64
Trd, 4318649.443, 79
Trd, 4318649.693, 65
Trd, 4318650.343, 67
Trd, 4318652.743, 61
Trd, 4318653.293, 62
Trd, 4318653.543, 61
Trd, 4318654.193, 62
Trd, 4318654.993, 63
Trd, 4318658.593, 60
Trd, 4318659.543, 60
Trd, 4318660.493, 60
Trd, 4318660.743, 61
Trd, 4318660.893, 63
Trd, 4318660.943, 64
Trd, 4318661.143, 63
Trd, 4318661.393, 62
Trd, 4318661.693, 64
Trd, 4318662.643, 63
Trd, 4318663.293, 65
Trd, 4318663.443, 64
Trd, 4318663.843, 66
Trd, 4318664.093, 65
Trd, 4318664.143, 84
Trd, 4318665.243, 70
Trd, 4318666.593, 79
Trd, 4318667.143, 68
Trd, 4318667.343, 67
Trd, 4318668.793, 60
Trd, 4318669.943, 64
Trd, 4318670.093, 63
Trd, 4318670.693, 60
Trd, 4318670.893, 62
Trd, 4318671.343, 62
Trd, 4318671.943, 63
Trd, 4318672.693, 60
Trd, 4318672.743, 72
Trd, 4318677.693, 60
Trd, 4318678.093, 60
Trd, 4318680.243, 60
Trd, 4318680.543, 60
Trd, 4318680.693, 60
Trd, 4318680.843, 60
Trd, 4318681.043, 60
Trd, 4318681.893, 61
Trd, 4318682.393, 65
Trd, 4318683.193, 67
Trd, 4318683.243, 65
Trd, 4318685.693, 60
Trd, 4318685.993, 61
Trd, 4318686.793, 61
Trd, 4318687.193, 60
Trd, 4318690.293, 60
Trd, 4318690.443, 60
Trd, 4318690.643, 60
Trd, 4318690.693, 60
Trd, 4318690.993, 60
Trd, 4318691.093, 62
Trd, 4318691.893, 64
Trd, 4318692.043, 64
Trd, 4318692.443, 60
Trd, 4318693.893, 60
Trd, 4318695.293, 60
Trd, 4318696.743, 60
Trd, 4318698.693, 60
Trd, 4318698.943, 60
Trd, 4318699.193, 60
Trd, 4318699.493, 61
Trd, 4318700.043, 61
Trd, 4318700.143, 67
Trd, 4318700.693, 60
Trd, 4318703.293, 64
Trd, 4318703.343, 65
Trd, 4318704.043, 64
Trd, 4318704.743, 66
Trd, 4318704.793, 65
Trd, 4318705.743, 66
Trd, 4318705.893, 71
Trd, 4318707.493, 69
Trd, 4318707.543, 68
Trd, 4318708.993, 60
Trd, 4318710.043, 60
Trd, 4318711.493, 60
Trd, 4318711.993, 60
Trd, 4318713.243, 60
Trd, 4318713.843, 60
Trd, 4318714.193, 61
Trd, 4318714.993, 68
Trd, 4318715.093, 67
Trd, 4318715.343, 68
Trd, 4318715.743, 69
Trd, 4318717.093, 72
Trd, 4318717.143, 71
Trd, 4318718.293, 71
Trd, 4318719.393, 71
Trd, 4318719.643, 70
Trd, 4318720.893, 60
Trd, 4318725.093, 60
Trd, 4318725.343, 60
Trd, 4318725.593, 60
Trd, 4318725.943, 61
Trd, 4318726.543, 62
Trd, 4318726.743, 63
Trd, 4318726.843, 63
Trd, 4318727.043, 65
Trd, 4318727.193, 63
Trd, 4318727.643, 83
Trd, 4318727.843, 63
Trd, 4318729.793, 140
Trd, 4318730.043, 140
Trd, 4318730.643, 140
Trd, 4318731.043, 140
Trd, 4318733.143, 140
Trd, 4318733.193, 140
Trd, 4318733.393, 140
Trd, 4318734.393, 140
Trd, 4318734.843, 140
Trd, 4318734.943, 140
Trd, 4318736.343, 140
Trd, 4318736.443, 140
Trd, 4318737.193, 140
Trd, 4318738.443, 140
Trd, 4318738.643, 109
Trd, 4318739.543, 109
Trd, 4318739.743, 93
Trd, 4318741.593, 62
Trd, 4318743.343, 60
Trd, 4318743.493, 61
Trd, 4318744.193, 60
Trd, 4318744.843, 60
Trd, 4318745.193, 61
Trd, 4318745.243, 60
Trd, 4318746.893, 63
Trd, 4318747.743, 65
Trd, 4318748.243, 66
Trd, 4318748.893, 66
Trd, 4318750.043, 60
Trd, 4318751.543, 60
Trd, 4318752.143, 60
Trd, 4318753.493, 62
Trd, 4318753.893, 60
Trd, 4318754.543, 60
Trd, 4318754.943, 60
Trd, 4318755.493, 62
Trd, 4318755.893, 74
Trd, 4318757.793, 60
Trd, 4318758.493, 60
Trd, 4318758.693, 65
Trd, 4318759.193, 68
Trd, 4318760.193, 67
Trd, 4318760.493, 65
Trd, 4318761.393, 66
Trd, 4318762.143, 70
Trd, 4318762.493, 69
Trd, 4318763.743, 70
Trd, 4318763.843, 69
Trd, 4318764.843, 77
Trd, 4318764.893, 76
Trd, 4318766.343, 140
Trd, 4318766.443, 140
Trd, 4318766.493, 140
Trd, 4318767.993, 122
Trd, 4318768.143, 120
Trd, 4318769.693, 60
Trd, 4318770.493, 60
Trd, 4318770.843, 60
Trd, 4318770.943, 61
Trd, 4318771.693, 63
Trd, 4318772.943, 65
Trd, 4318773.593, 66
Trd, 4318773.993, 70
Trd, 4318776.693, 60
Trd, 4318776.793, 60
Trd, 4318777.143, 60
Trd, 4318777.643, 61
Trd, 4318778.193, 60
Trd, 4318778.293, 62
Trd, 4318778.543, 67
Trd, 4318780.193, 140
Trd, 4318780.543, 140
Trd, 4318781.243, 140
Trd, 4318781.993, 118
Trd, 4318782.793, 137
Trd, 4318783.043, 139
Trd, 4318783.943, 138
Trd, 4318784.793, 138
Trd, 4318785.993, 139
Trd, 4318786.293, 138
Trd, 4318787.493, 140
Trd, 4318788.093, 140
Trd, 4318788.543, 140
Trd, 4318788.643, 140
Trd, 4318789.793, 140
Trd, 4318790.893, 140
Trd, 4318792.043, 140
Trd, 4318792.243, 140
Trd, 4318792.693, 140
Trd, 4318792.943, 140
Trd, 4318793.243, 75
Trd, 4318796.243, 60
Trd, 4318796.893, 60
Trd, 4318796.993, 63
Trd, 4318797.743, 62
Trd, 4318798.393, 64
Trd, 4318798.993, 68
Trd, 4318799.093, 69
Trd, 4318799.393, 68
Trd, 4318800.043, 68
Trd, 4318801.043, 123
Trd, 4318801.143, 122
Trd, 4318801.343, 121
Trd, 4318806.593, 61
Trd, 4318806.693, 60
Trd, 4318807.193, 61
Trd, 4318807.243, 62
Trd, 4318807.993, 62
Trd, 4318808.143, 63
Trd, 4318808.593, 66
Trd, 4318808.993, 67
Trd, 4318809.243, 68
Trd, 4318810.093, 72
Trd, 4318810.443, 72
Trd, 4318810.943, 72
Trd, 4318811.343, 115
Trd, 4318812.243, 82
Trd, 4318812.443, 60
Trd, 4318813.893, 61
Trd, 4318816.693, 60
Trd, 4318819.593, 60
Trd, 4318819.693, 60
Trd, 4318819.943, 60
Trd, 4318819.993, 60
Trd, 4318820.293, 62
Trd, 4318820.793, 61
Trd, 4318821.143, 63
Trd, 4318821.493, 64
Trd, 4318822.493, 68
Trd, 4318824.343, 75
Trd, 4318824.443, 73
Trd, 4318825.193, 74
Trd, 4318825.493, 75
Trd, 4318825.743, 75
Trd, 4318826.893, 78
Trd, 4318826.943, 77
Trd, 4318827.743, 101
Trd, 4318828.093, 60
Trd, 4318830.893, 60
Trd, 4318830.993, 60
Trd, 4318832.793, 63
Trd, 4318834.543, 60
Trd, 4318835.143, 62
Trd, 4318835.393, 63
Trd, 4318835.543, 65
Trd, 4318835.743, 66
Trd, 4318836.043, 68
Trd, 4318836.543, 68
Trd, 4318836.593, 65
Trd, 4318837.143, 74
Trd, 4318841.493, 60
Trd, 4318842.343, 60
Trd, 4318843.543, 61
Trd, 4318844.793, 60
Trd, 4318844.993, 60
Trd, 4318845.543, 62
Trd, 4318845.693, 61
Trd, 4318845.993, 67
Trd, 4318846.243, 60
Trd, 4318846.593, 61
Trd, 4318847.543, 60
Trd, 4318849.293, 61
Trd, 4318849.843, 63
Trd, 4318850.993, 61
Trd, 4318852.143, 60
Trd, 4318852.243, 61
Trd, 4318853.443, 65
Trd, 4318853.543, 64
Trd, 4318854.543, 71
Trd, 4318854.743, 70
Trd, 4318854.943, 69
Trd, 4318855.593, 69
Trd, 4318855.893, 69
Trd, 4318856.293, 87
Trd, 4318858.443, 61
Trd, 4318859.493, 60
Trd, 4318862.193, 60
Trd, 4318863.593, 60
Trd, 4318864.793, 60
Trd, 4318866.643, 61
Trd, 4318866.693, 62
Trd, 4318867.093, 63
Trd, 4318867.143, 66
Trd, 4318867.743, 65
Trd, 4318868.543, 68
Trd, 4318868.943, 73
Trd, 4318869.293, 72
Trd, 4318869.693, 104
Trd, 4318870.393, 103
Trd, 4318871.193, 71
Trd, 4318872.643, 140
Trd, 4318874.543, 115
Trd, 4318875.543, 120
Trd, 4318876.443, 140
Trd, 4318876.993, 140
Trd, 4318877.543, 140
Trd, 4318878.043, 140
Trd, 4318879.093, 140
Trd, 4318880.243, 140
Trd, 4318880.893, 140
Trd, 4318881.943, 140
Trd, 4318882.293, 140
Trd, 4318882.993, 140
Trd, 4318883.043, 140
Trd, 4318883.193, 140
Trd, 4318883.793, 140
Trd, 4318885.143, 140
Trd, 4318885.943, 140
Trd, 4318886.043, 140
Trd, 4318886.393, 140
Trd, 4318887.893, 60
Trd, 4318890.393, 62
Trd, 4318890.443, 65
Trd, 4318891.243, 60
Trd, 4318892.293, 61
Trd, 4318892.443, 63
Trd, 4318893.293, 65
Trd, 4318893.793, 65
Trd, 4318894.043, 65
Trd, 4318894.643, 66
Trd, 4318896.343, 137
Trd, 4318896.693, 138
Trd, 4318896.843, 137
Trd, 4318897.093, 137
Trd, 4318897.193, 136
Trd, 4318897.393, 135
Trd, 4318899.043, 125
Trd, 4318899.343, 63
Trd, 4318900.793, 60
Trd, 4318901.343, 81
Trd, 4318901.793, 61
Trd, 4318902.693, 62
Trd, 4318903.093, 63
Trd, 4318903.843, 63
Trd, 4318904.143, 65
Trd, 4318904.543, 63
Trd, 4318904.943, 66
Trd, 4318905.593, 62
Trd, 4318906.043, 66
Trd, 4318907.493, 75
Trd, 4318908.143, 76
Trd, 4318908.293, 74
Trd, 4318908.893, 66
Trd, 4318909.193, 65
Trd, 4318909.943, 66
Trd, 4318910.043, 67
Trd, 4318910.193, 65
Trd, 4318911.043, 69
Trd, 4318911.193, 68
Trd, 4318912.043, 77
Trd, 4318912.543, 66
Trd, 4318914.093, 60
Trd, 4318916.243, 60
Trd, 4318916.343, 60
Trd, 4318916.543, 62
Trd, 4318916.943, 61
Trd, 4318917.243, 60
Trd, 4318917.693, 64
Trd, 4318918.343, 62
Trd, 4318918.943, 63
Trd, 4318919.793, 62
Trd, 4318920.293, 62
Trd, 4318922.493, 61
Trd, 4318923.093, 62
Trd, 4318923.493, 60
Trd, 4318928.643, 60
Trd, 4318928.993, 61
Trd, 4318929.493, 60
Trd, 4318929.793, 61
Trd, 4318930.093, 64
Trd, 4318930.843, 134
Trd, 4318931.193, 76
Trd, 4318931.243, 75
Trd, 4318931.293, 72
Trd, 4318931.643, 71
Trd, 4318933.293, 131
Trd, 4318933.693, 86
Trd, 4318933.843, 84
Trd, 4318934.143, 84
Trd, 4318934.343, 83
Trd, 4318935.143, 129
Trd, 4318937.143, 134
Trd, 4318937.343, 133
Trd, 4318937.593, 78
Trd, 4318937.693, 65
Trd, 4318939.843, 60
Trd, 4318941.043, 60
Trd, 4318941.393, 61
Trd, 4318941.793, 64
Trd, 4318941.893, 63
Trd, 4318941.943, 69
Trd, 4318942.343, 63
Trd, 4318942.393, 61
Trd, 4318943.693, 68
Trd, 4318943.893, 66
Trd, 4318944.793, 94
Trd, 4318945.643, 72
Trd, 4318945.743, 94
Trd, 4318946.793, 76
Trd, 4318946.943, 75
Trd, 4318949.193, 140
Trd, 4318949.543, 140
Trd, 4318949.593, 140
Trd, 4318950.343, 140
Trd, 4318950.443, 140
Trd, 4318950.693, 140
Trd, 4318952.043, 140
Trd, 4318952.443, 140
Trd, 4318952.543, 129
Trd, 4318952.593, 128
Trd, 4318953.443, 128
Trd, 4318953.493, 126
Trd, 4318955.993, 61
Trd, 4318956.593, 61
Trd, 4318957.343, 61
Trd, 4318961.743, 60
Trd, 4318961.943, 61
Trd, 4318962.693, 60
Trd, 4318963.493, 62
Trd, 4318963.593, 61
Trd, 4318964.343, 66
Trd, 4318965.143, 67
Trd, 4318965.393, 69
Trd, 4318965.693, 74
Trd, 4318965.993, 68
Trd, 4318967.243, 61
Trd, 4318969.743, 60
Trd, 4318970.443, 60
Trd, 4318971.943, 60
Trd, 4318972.143, 60
Trd, 4318973.443, 64
Trd, 4318973.693, 63
Trd, 4318973.843, 61
Trd, 4318974.993, 60
Trd, 4318975.743, 60
Trd, 4318977.693, 60
Trd, 4318978.893, 60
Trd, 4318980.793, 60
Trd, 4318980.843, 60
Trd, 4318980.893, 60
Trd, 4318981.643, 63
Trd, 4318981.943, 65
Trd, 4318982.143, 64
Trd, 4318982.543, 64
Trd, 4318982.993, 80
Trd, 4318983.843, 74
Trd, 4318985.193, 84
Trd, 4318985.743, 85
Trd, 4318986.043, 84
Trd, 4318986.143, 83
Trd, 4318986.843, 140
Trd, 4318988.243, 86
Trd, 4318988.343, 96
Trd, 4318988.593, 85
Trd, 4318989.093, 98
Trd, 4318989.143, 83
Trd, 4318989.343, 76
Trd, 4318989.593, 75
Trd, 4318990.943, 60
Trd, 4318995.193, 60
Trd, 4318995.243, 60
Trd, 4318995.293, 60
Trd, 4318996.193, 64
Trd, 4318996.293, 63
Trd, 4318996.393, 62
Trd, 4318997.493, 62
Trd, 4318998.743, 61
Trd, 4318999.443, 64
Trd, 4319000.143, 64
Trd, 4319000.243, 65
Trd, 4319001.443, 96
Trd, 4319001.743, 69
Trd, 4319002.193, 66
Trd, 4319002.493, 66
Trd, 4319003.043, 67
Trd, 4319003.443, 67
Trd, 4319003.543, 66
Trd, 4319003.843, 65
Trd, 4319005.393, 138
Trd, 4319006.793, 102
Trd, 4319007.593, 104
Trd, 4319009.693, 140
Trd, 4319009.893, 140
Trd, 4319009.943, 140
Trd, 4319011.293, 140
Trd, 4319011.343, 140
Trd, 4319011.643, 140
Trd, 4319012.443, 140
Trd, 4319012.493, 140
Trd, 4319012.593, 140
Trd, 4319013.693, 92
Trd, 4319015.343, 140
Trd, 4319015.993, 140
Trd, 4319016.393, 140
Trd, 4319016.743, 140
Trd, 4319016.893, 140
Trd, 4319017.243, 100
Trd, 4319018.293, 61
Trd, 4319019.593, 60
Trd, 4319020.493, 60
Trd, 4319020.793, 61
Trd, 4319021.993, 62
Trd, 4319022.693, 64
Trd, 4319023.243, 62
Trd, 4319023.343, 61
Trd, 4319026.493, 60
Trd, 4319028.393, 60
Trd, 4319028.693, 60
Trd, 4319029.093, 63
Trd, 4319029.293, 61
Trd, 4319029.793, 62
Trd, 4319030.343, 64
Trd, 4319030.693, 63
Trd, 4319032.043, 68
Trd, 4319033.393, 60
Trd, 4319035.643, 60
Trd, 4319037.443, 60
Trd, 4319038.543, 60
Trd, 4319039.343, 61
Trd, 4319039.593, 62
Trd, 4319039.643, 61
Trd, 4319039.993, 62
Trd, 4319040.393, 64
Trd, 4319042.693, 70
Trd, 4319042.893, 69
Trd, 4319043.493, 69
Trd, 4319043.743, 68
Trd, 4319047.543, 60
Trd, 4319047.643, 61
Trd, 4319048.143, 60
Trd, 4319048.943, 60
Trd, 4319049.243, 60
Trd, 4319049.393, 67
Trd, 4319049.643, 63
Trd, 4319050.443, 67
Trd, 4319051.493, 69
Trd, 4319052.293, 72
Trd, 4319052.443, 71
Trd, 4319052.543, 70
Trd, 4319053.243, 131
Trd, 4319053.943, 78
Trd, 4319054.893, 140
Trd, 4319055.093, 140
Trd, 4319056.293, 77
Trd, 4319056.393, 76
Trd, 4319057.493, 122
Trd, 4319058.143, 82
Trd, 4319059.343, 86
Trd, 4319059.593, 86
Trd, 4319059.793, 92
Trd, 4319059.943, 86
Trd, 4319060.343, 87
Trd, 4319061.593, 140
Trd, 4319062.243, 140
Trd, 4319062.743, 140
Trd, 4319062.793, 140
Trd, 4319063.243, 140
Trd, 4319064.743, 60
Trd, 4319065.343, 60
Trd, 4319066.093, 60
Trd, 4319066.593, 60
Trd, 4319066.743, 60
Trd, 4319067.843, 66
Trd, 4319068.343, 77
Trd, 4319069.143, 121
Trd, 4319069.343, 120
Trd, 4319069.743, 69
Trd, 4319070.693, 66
Trd, 4319071.293, 95
Trd, 4319071.443, 91
Trd, 4319074.843, 60
Trd, 4319075.593, 60
Trd, 4319076.243, 63
Trd, 4319076.293, 62
Trd, 4319076.743, 62
Trd, 4319077.193, 95
Trd, 4319078.043, 65
Trd, 4319078.493, 66
Trd, 4319078.793, 74
Trd, 4319078.843, 66
Trd, 4319078.943, 65
Trd, 4319080.193, 72
Trd, 4319080.443, 83
Trd, 4319081.493, 90
Trd, 4319087.643, 60
Trd, 4319087.693, 60
Trd, 4319087.843, 60
Trd, 4319088.343, 60
Trd, 4319088.793, 62
Trd, 4319088.943, 60
Trd, 4319089.993, 65
Trd, 4319090.143, 65
Trd, 4319090.893, 67
Trd, 4319091.093, 67
Trd, 4319091.293, 73
Trd, 4319092.543, 68
Trd, 4319093.093, 119
Trd, 4319097.243, 60
Trd, 4319097.993, 60
Trd, 4319098.693, 60
Trd, 4319099.793, 60
Trd, 4319100.893, 60
Trd, 4319101.043, 60
Trd, 4319101.293, 61
Trd, 4319101.443, 66
Trd, 4319102.793, 66
Trd, 4319103.043, 65
Trd, 4319103.293, 61
Trd, 4319103.393, 67
Trd, 4319104.193, 62
Trd, 4319104.943, 124
Trd, 4319105.193, 78
Trd, 4319105.243, 77
Trd, 4319105.593, 62
Trd, 4319106.543, 65
Trd, 4319107.643, 65
Trd, 4319110.193, 128
Trd, 4319110.243, 127
Trd, 4319110.643, 127
Trd, 4319110.693, 126
Trd, 4319111.493, 126
Trd, 4319112.843, 94
Trd, 4319113.343, 62
Trd, 4319114.493, 64
Trd, 4319114.693, 65
Trd, 4319115.143, 66
Trd, 4319115.743, 66
Trd, 4319115.893, 70
Trd, 4319116.243, 89
Trd, 4319116.493, 89
Trd, 4319117.743, 60
Trd, 4319118.193, 60
Trd, 4319120.043, 61
Trd, 4319120.493, 64
Trd, 4319121.393, 62
Trd, 4319121.543, 64
Trd, 4319121.943, 67
Trd, 4319122.293, 65
Trd, 4319122.743, 72
Trd, 4319123.243, 84
Trd, 4319123.493, 70
Trd, 4319125.443, 78
Trd, 4319125.493, 76
Trd, 4319126.143, 94
Trd, 4319127.693, 63
Trd, 4319127.843, 60
Trd, 4319128.343, 65
Trd, 4319128.643, 66
Trd, 4319129.393, 69
Trd, 4319129.493, 69
Trd, 4319130.143, 71
Trd, 4319130.793, 77
Trd, 4319130.943, 74
Trd, 4319132.743, 140
Trd, 4319133.293, 140
Trd, 4319133.393, 140
Trd, 4319134.343, 140
Trd, 4319134.393, 140
Trd, 4319135.443, 140
Trd, 4319135.643, 140
Trd, 4319138.243, 60
Trd, 4319139.893, 60
Trd, 4319140.993, 62
Trd, 4319141.093, 63
Trd, 4319141.193, 61
Trd, 4319141.643, 64
Trd, 4319142.293, 68
Trd, 4319142.993, 70
Trd, 4319143.443, 69
Trd, 4319143.643, 68
Trd, 4319143.693, 67
Trd, 4319144.143, 71
Trd, 4319145.193, 60
Trd, 4319146.493, 60
Trd, 4319149.293, 60
Trd, 4319151.843, 60
Trd, 4319151.893, 60
Trd, 4319151.943, 60
Trd, 4319152.043, 61
Trd, 4319152.243, 60
Trd, 4319152.493, 60
Trd, 4319153.743, 62
Trd, 4319153.893, 61
Trd, 4319155.093, 64
Trd, 4319155.143, 67
Trd, 4319155.343, 62
Trd, 4319155.893, 65
Trd, 4319156.243, 64
Trd, 4319156.793, 60
Trd, 4319160.193, 60
Trd, 4319161.743, 60
Trd, 4319163.593, 60
Trd, 4319164.343, 60
Trd, 4319164.393, 61
Trd, 4319164.993, 64
Trd, 4319165.393, 66
Trd, 4319166.793, 67
Trd, 4319167.043, 66
Trd, 4319167.143, 71
Trd, 4319169.593, 62
Trd, 4319170.793, 65
Trd, 4319170.893, 63
Trd, 4319171.143, 65
Trd, 4319171.193, 62
Trd, 4319171.843, 65
Trd, 4319172.243, 88
Trd, 4319173.043, 75
Trd, 4319173.343, 75
Trd, 4319174.343, 79
Trd, 4319174.593, 82
Trd, 4319174.993, 79
Trd, 4319177.343, 140
Trd, 4319177.593, 140
Trd, 4319178.043, 140
Trd, 4319178.743, 140
Trd, 4319178.893, 140
Trd, 4319179.843, 140
Trd, 4319181.443, 140
Trd, 4319181.693, 140
Trd, 4319181.843, 140
Trd, 4319182.093, 140
Trd, 4319183.343, 105
Trd, 4319184.193, 136
Trd, 4319184.993, 138
Trd, 4319185.093, 138
Trd, 4319185.893, 136
Trd, 4319186.193, 134
Trd, 4319189.193, 60
Trd, 4319191.043, 60
Trd, 4319191.493, 60
Trd, 4319193.643, 60
Trd, 4319193.893, 60
Trd, 4319194.493, 61
Trd, 4319194.843, 63
Trd, 4319195.643, 64
Trd, 4319195.893, 74
Trd, 4319196.193, 64
Trd, 4319196.893, 61
Trd, 4319197.593, 62
Trd, 4319198.093, 61
Trd, 4319199.043, 60
Trd, 4319201.743, 60
Trd, 4319202.093, 62
Trd, 4319202.343, 63
Trd, 4319202.693, 63
Trd, 4319203.543, 63
Trd, 4319204.743, 60
Trd, 4319205.693, 60
Trd, 4319208.243, 60
Trd, 4319208.343, 60
Trd, 4319208.393, 60
Trd, 4319208.543, 61
Trd, 4319208.793, 60
Trd, 4319211.043, 60
Trd, 4319211.443, 60
Trd, 4319215.743, 60
Trd, 4319216.593, 60
Trd, 4319216.843, 61
Trd, 4319217.843, 61
Trd, 4319218.143, 64
Trd, 4319218.793, 65
Trd, 4319219.043, 65
Trd, 4319219.093, 67
Trd, 4319222.293, 60
Trd, 4319222.793, 60
Trd, 4319223.143, 60
Trd, 4319223.493, 61
Trd, 4319223.743, 60
Trd, 4319224.043, 68
Trd, 4319224.793, 66
Trd, 4319224.943, 65
Trd, 4319225.193, 65
Trd, 4319226.593, 71
Trd, 4319226.843, 70
Trd, 4319228.693, 80
Trd, 4319228.793, 81
Trd, 4319229.193, 140
Trd, 4319229.243, 140
Trd, 4319229.293, 78
Trd, 4319231.743, 60
Trd, 4319233.593, 60
Trd, 4319234.643, 60
Trd, 4319235.443, 60
Trd, 4319235.843, 60
Trd, 4319236.243, 60
Trd, 4319236.443, 60
Trd, 4319236.843, 61
Trd, 4319237.243, 63
Trd, 4319237.793, 62
Trd, 4319238.693, 61
Trd, 4319239.493, 61
Trd, 4319239.943, 61
Trd, 4319240.593, 60
Trd, 4319240.693, 61
Trd, 4319242.643, 106
Trd, 4319242.993, 108
Trd, 4319243.243, 105
Trd, 4319243.393, 104
Trd, 4319244.643, 60
Trd, 4319244.893, 62
Trd, 4319245.043, 62
Trd, 4319245.643, 63
Trd, 4319246.243, 61
Trd, 4319247.093, 62
Trd, 4319248.293, 61
Trd, 4319249.293, 64
Trd, 4319249.693, 66
Trd, 4319249.993, 68
Trd, 4319250.043, 65
Trd, 4319250.843, 70
Trd, 4319251.143, 71
Trd, 4319251.443, 68
Trd, 4319253.193, 83
Trd, 4319253.743, 83
Trd, 4319254.943, 90
Trd, 4319255.743, 120
Trd, 4319256.193, 107
Trd, 4319256.443, 108
Trd, 4319256.893, 108
Trd, 4319257.343, 107
Trd, 4319257.393, 106
Trd, 4319258.693, 86
Trd, 4319258.893, 69
Trd, 4319259.143, 87
Trd, 4319259.443, 64
Trd, 4319261.693, 64
Trd, 4319264.193, 60
Trd, 4319265.143, 60
Trd, 4319267.493, 60
Trd, 4319267.693, 60
Trd, 4319267.743, 60
Trd, 4319269.043, 60
Trd, 4319269.243, 60
Trd, 4319269.443, 62
Trd, 4319270.243, 67
Trd, 4319270.993, 69
Trd, 4319271.443, 74
Trd, 4319271.693, 75
Trd, 4319272.343, 82
Trd, 4319272.393, 75
Trd, 4319272.693, 73
Trd, 4319274.643, 111
Trd, 4319274.843, 77
Trd, 4319274.993, 72
Trd, 4319277.093, 60
Trd, 4319279.093, 60
Trd, 4319279.593, 60
Trd, 4319284.093, 60
Trd, 4319284.193, 60
Trd, 4319284.443, 61
Trd, 4319284.743, 62
Trd, 4319285.193, 62
Trd, 4319285.743, 66
Trd, 4319286.043, 64
Trd, 4319286.193, 67
Trd, 4319286.293, 66
Trd, 4319286.493, 69
Trd, 4319288.043, 63
Trd, 4319290.193, 60
Trd, 4319292.043, 60
Trd, 4319292.193, 64
Trd, 4319293.793, 60
Trd, 4319294.293, 63
Trd, 4319294.343, 64
Trd, 4319294.593, 69
Trd, 4319294.993, 66
Trd, 4319295.593, 87
Trd, 4319295.893, 86
Trd, 4319296.143, 66
Trd, 4319297.443, 81
Trd, 4319298.293, 79
Trd, 4319298.543, 81
Trd, 4319298.643, 78
Trd, 4319298.843, 118
Trd, 4319299.043, 75
Trd, 4319301.193, 109
Trd, 4319301.343, 108
Trd, 4319301.493, 106
Trd, 4319302.493, 110
Trd, 4319303.443, 110
Trd, 4319304.593, 140
Trd, 4319304.793, 140
Trd, 4319305.093, 110
Trd, 4319306.793, 128
Trd, 4319307.793, 140
Trd, 4319308.043, 140
Trd, 4319308.293, 140
Trd, 4319308.893, 133
Trd, 4319309.543, 134
Trd, 4319309.943, 133
Trd, 4319310.443, 74
Trd, 4319311.493, 140
Trd, 4319313.293, 140
Trd, 4319313.593, 140
Trd, 4319314.093, 140
Trd, 4319314.293, 140
Trd, 4319315.693, 120
Trd, 4319316.093, 121
Trd, 4319316.693, 121
Trd, 4319317.743, 123
Trd, 4319318.043, 139
Trd, 4319318.193, 123
Trd, 4319318.593, 120
Trd, 4319319.643, 140
Trd, 4319319.693, 113
Trd, 4319321.843, 66
Trd, 4319323.243, 60
Trd, 4319324.593, 60
Trd, 4319325.293, 64
Trd, 4319325.993, 64
Trd, 4319326.593, 64
Trd, 4319327.393, 65
Trd, 4319328.993, 60
Trd, 4319329.143, 60
Trd, 4319329.643, 64
Trd, 4319330.343, 63
Trd, 4319330.943, 66
Trd, 4319331.143, 65
Trd, 4319331.443, 63
Trd, 4319331.643, 64
Trd, 4319333.693, 66
Trd, 4319333.743, 65
Trd, 4319334.743, 65
Trd, 4319338.493, 60
Trd, 4319338.793, 61
Trd, 4319339.243, 60
Trd, 4319339.643, 61
Trd, 4319339.843, 61
Trd, 4319339.993, 61
Trd, 4319340.143, 63
Trd, 4319340.493, 65
Trd, 4319340.943, 62
Trd, 4319342.493, 67
Trd, 4319342.793, 62
Trd, 4319343.843, 80
Trd, 4319343.893, 79
Trd, 4319344.193, 78
Trd, 4319344.343, 75
Trd, 4319346.793, 63
Trd, 4319346.943, 60
Trd, 4319348.593, 67
Trd, 4319351.093, 62
Trd, 4319352.793, 60
Trd, 4319352.993, 62
Trd, 4319353.343, 62
Trd, 4319353.743, 63
Trd, 4319353.993, 63
Trd, 4319354.693, 64
Trd, 4319356.043, 71
Trd, 4319356.143, 69
Trd, 4319357.193, 72
Trd, 4319357.243, 69
Trd, 4319357.393, 89
Trd, 4319358.943, 63
Trd, 4319361.943, 60
Trd, 4319363.993, 60
Trd, 4319364.093, 61
Trd, 4319364.193, 61
Trd, 4319364.243, 62
Trd, 4319364.893, 63
Trd, 4319365.143, 64
Trd, 4319365.693, 64
Trd, 4319365.843, 63
Trd, 4319366.743, 86
Trd, 4319368.043, 60
Trd, 4319368.093, 60
Trd, 4319368.743, 63
Trd, 4319369.193, 61
Trd, 4319370.593, 110
Trd, 4319370.943, 67
Trd, 4319371.443, 65
Trd, 4319373.093, 68
Trd, 4319374.243, 60
Trd, 4319377.493, 60
Trd, 4319377.843, 60
Trd, 4319378.693, 60
Trd, 4319380.193, 60
Trd, 4319380.243, 60
Trd, 4319380.293, 63
Trd, 4319381.093, 60
Trd, 4319381.193, 61
Trd, 4319381.243, 62
Trd, 4319381.443, 60
Trd, 4319381.793, 62
Trd, 4319382.643, 63
Trd, 4319383.643, 60
Trd, 4319384.043, 63
Trd, 4319384.693, 69
Trd, 4319385.293, 65
Trd, 4319385.943, 69
Trd, 4319386.943, 70
Trd, 4319387.993, 119
Trd, 4319389.643, 60
Trd, 4319390.443, 60
Trd, 4319393.793, 60
Trd, 4319393.843, 60
Trd, 4319394.293, 60
Trd, 4319394.643, 62
Trd, 4319395.193, 63
Trd, 4319395.543, 63
Trd, 4319395.793, 63
Trd, 4319397.193, 63
Trd, 4319398.343, 64
Trd, 4319398.693, 65
Trd, 4319399.293, 79
Trd, 4319399.393, 65
Trd, 4319399.493, 68
Trd, 4319400.243, 77
Trd, 4319401.243, 72
Trd, 4319402.393, 75
Trd, 4319403.043, 75
Trd, 4319404.643, 140
Trd, 4319404.893, 140
Trd, 4319405.143, 140
Trd, 4319406.043, 140
Trd, 4319407.593, 140
Trd, 4319407.643, 140
Trd, 4319410.293, 140
Trd, 4319410.393, 140
Trd, 4319410.593, 140
Trd, 4319410.643, 140
Trd, 4319411.043, 140
Trd, 4319412.793, 140
Trd, 4319413.243, 140
Trd, 4319414.393, 140
Trd, 4319414.493, 140
Trd, 4319415.093, 139
Trd, 4319415.343, 88
Trd, 4319415.993, 140
Trd, 4319416.493, 140
Trd, 4319417.343, 140
Trd, 4319418.043, 140
Trd, 4319418.493, 140
Trd, 4319419.193, 140
Trd, 4319419.593, 140
Trd, 4319419.943, 140
Trd, 4319420.693, 134
Trd, 4319422.093, 140
Trd, 4319422.943, 140
Trd, 4319423.243, 140
Trd, 4319423.893, 140
Trd, 4319424.043, 140
Trd, 4319425.143, 140
Trd, 4319426.093, 125
Trd, 4319427.143, 140
Trd, 4319427.343, 140
Trd, 4319428.143, 140
Trd, 4319428.193, 140
Trd, 4319428.443, 112
Trd, 4319430.693, 87
Trd, 4319431.393, 88
Trd, 4319431.443, 85
Trd, 4319431.793, 140
Trd, 4319432.943, 140
Trd, 4319433.543, 140
Trd, 4319434.493, 140
Trd, 4319434.793, 140
Trd, 4319435.343, 69
Trd, 4319435.693, 70
Trd, 4319437.693, 60
Trd, 4319437.943, 60
Trd, 4319438.393, 60
Trd, 4319438.443, 63
Trd, 4319440.243, 60
Trd, 4319440.943, 60
Trd, 4319441.943, 60
Trd, 4319442.143, 61
Trd, 4319442.493, 61
Trd, 4319442.993, 62
Trd, 4319443.393, 62
Trd, 4319444.193, 69
Trd, 4319446.243, 63
Trd, 4319447.193, 67
Trd, 4319447.243, 67
Trd, 4319447.293, 66
Trd, 4319448.343, 72
Trd, 4319449.793, 80
Trd, 4319450.593, 83
Trd, 4319450.943, 84
Trd, 4319451.043, 82
Trd, 4319451.143, 88
Trd, 4319452.143, 80
Trd, 4319453.543, 112
Trd, 4319453.643, 111
Trd, 4319454.043, 101
Trd, 4319454.493, 105
Trd, 4319456.443, 140
Trd, 4319457.643, 140
Trd, 4319458.093, 140
Trd, 4319458.693, 140
Trd, 4319460.243, 140
Trd, 4319460.493, 140
Trd, 4319461.143, 140
Trd, 4319461.193, 140
Trd, 4319462.443, 140
Trd, 4319462.493, 140
Trd, 4319463.093, 140
Trd, 4319463.293, 140
Trd, 4319464.493, 114
Trd, 4319465.843, 115
Trd, 4319466.843, 118
Trd, 4319467.643, 117
Trd, 4319467.893, 135
Trd, 4319468.743, 84
Trd, 4319469.493, 140
Trd, 4319469.793, 68
Trd, 4319471.043, 73
Trd, 4319471.393, 70
Trd, 4319473.093, 86
Trd, 4319473.693, 87
Trd, 4319473.793, 87
Trd, 4319473.893, 85
Trd, 4319475.143, 61
Trd, 4319475.693, 70
Trd, 4319476.793, 60
Trd, 4319476.993, 117
Trd, 4319478.243, 69
Trd, 4319478.293, 67
Trd, 4319478.793, 68
Trd, 4319479.193, 68
Trd, 4319479.293, 70
Trd, 4319480.993, 127
Trd, 4319481.243, 127
Trd, 4319481.743, 126
Trd, 4319481.943, 76
Trd, 4319483.393, 140
Trd, 4319483.793, 140
Trd, 4319483.993, 140
Trd, 4319485.443, 140
Trd, 4319485.743, 140
Trd, 4319485.793, 140
Trd, 4319486.893, 140
Trd, 4319487.293, 140
Trd, 4319487.993, 140
Trd, 4319489.143, 140
Trd, 4319489.943, 140
Trd, 4319490.543, 140
Trd, 4319491.343, 140
Trd, 4319491.893, 140
Trd, 4319492.643, 140
Trd, 4319493.293, 140
Trd, 4319494.093, 140
Trd, 4319494.793, 140
Trd, 4319495.393, 140
Trd, 4319496.343, 140
Trd, 4319496.943, 139
Trd, 4319497.543, 140
Trd, 4319497.843, 125
Trd, 4319498.843, 125
Trd, 4319499.843, 68
Trd, 4319501.243, 71
Trd, 4319502.143, 130
Trd, 4319502.243, 75
Trd, 4319502.643, 75
Trd, 4319503.593, 79
Trd, 4319503.943, 140
Trd, 4319504.693, 140
Trd, 4319506.043, 140
Trd, 4319506.093, 140
Trd, 4319507.293, 140
Trd, 4319507.643, 140
Trd, 4319507.793, 140
Trd, 4319509.143, 140
Trd, 4319509.293, 140
Trd, 4319509.393, 140
Trd, 4319509.993, 140
Trd, 4319510.843, 123
Trd, 4319511.543, 140
Trd, 4319511.943, 140
Trd, 4319512.643, 140
Trd, 4319512.743, 139
Trd, 4319512.793, 133
Trd, 4319513.243, 132
Trd, 4319513.943, 140
Trd, 4319514.493, 140
Trd, 4319517.443, 140
Trd, 4319517.643, 140
Trd, 4319520.043, 140
Trd, 4319520.293, 140
Trd, 4319520.643, 140
Trd, 4319521.943, 140
Trd, 4319522.043, 140
Trd, 4319522.243, 140
Trd, 4319523.443, 92
Trd, 4319523.493, 139
Trd, 4319526.243, 60
Trd, 4319527.643, 60
Trd, 4319528.593, 60
Trd, 4319528.793, 60
Trd, 4319528.943, 62
Trd, 4319529.993, 62
Trd, 4319530.293, 63
Trd, 4319530.393, 65
Trd, 4319531.243, 65
Trd, 4319531.343, 64
Trd, 4319532.843, 74
Trd, 4319533.043, 73
Trd, 4319533.293, 69
Trd, 4319534.993, 76
Trd, 4319535.893, 83
Trd, 4319536.293, 82
Trd, 4319536.593, 68
Trd, 4319536.843, 140
Trd, 4319537.393, 140
Trd, 4319537.543, 140
Trd, 4319541.193, 60
Trd, 4319541.843, 61
Trd, 4319542.443, 61
Trd, 4319544.593, 60
Trd, 4319545.143, 63
Trd, 4319547.293, 60
Trd, 4319547.343, 62
Trd, 4319547.743, 65
Trd, 4319548.543, 69
Trd, 4319548.593, 68
Trd, 4319549.243, 64
Trd, 4319549.343, 69
Trd, 4319550.793, 66
Trd, 4319551.593, 74
Trd, 4319551.693, 76
Trd, 4319552.293, 71
Trd, 4319552.543, 139
Trd, 4319553.393, 75
Trd, 4319555.243, 106
Trd, 4319555.693, 105
Trd, 4319555.793, 103
Trd, 4319555.843, 101
Trd, 4319557.393, 96
Trd, 4319558.493, 99
Trd, 4319559.343, 103
Trd, 4319561.093, 61
Trd, 4319561.893, 62
Trd, 4319563.493, 60
Trd, 4319563.943, 63
Trd, 4319564.193, 63
Trd, 4319564.243, 62
Trd, 4319564.743, 76
Trd, 4319564.843, 64
Trd, 4319565.343, 62
Trd, 4319566.343, 60
Trd, 4319566.843, 61
Trd, 4319568.043, 60
Trd, 4319570.243, 60
Trd, 4319571.893, 62
Trd, 4319574.093, 62
Trd, 4319574.243, 62
Trd, 4319574.693, 64
Trd, 4319574.843, 62
Trd, 4319574.893, 61
Trd, 4319575.793, 60
Trd, 4319576.393, 60
Trd, 4319576.793, 61
Trd, 4319577.143, 89
Trd, 4319577.493, 64
Trd, 4319578.193, 61
Trd, 4319578.293, 62
Trd, 4319579.093, 60
Trd, 4319580.493, 62
Trd, 4319580.793, 124
Trd, 4319582.343, 60
Trd, 4319582.943, 60
Trd, 4319585.293, 60
Trd, 4319585.343, 60
Trd, 4319585.643, 61
Trd, 4319585.893, 60
Trd, 4319585.943, 62
Trd, 4319587.943, 60
Trd, 4319590.243, 60
Trd, 4319591.493, 60
Trd, 4319591.543, 60
Trd, 4319591.893, 61
Trd, 4319592.043, 60
Trd, 4319592.393, 65
Trd, 4319593.443, 61
Trd, 4319594.343, 63
Trd, 4319594.543, 62
Trd, 4319594.743, 62
Trd, 4319594.943, 61
Trd, 4319595.243, 63
Trd, 4319596.993, 65
Trd, 4319598.343, 70
Trd, 4319599.243, 63
Trd, 4319599.393, 64
Trd, 4319599.693, 63
Trd, 4319600.493, 63
Trd, 4319602.793, 60
Trd, 4319603.643, 60
Trd, 4319603.743, 72
Trd, 4319604.943, 60
Trd, 4319605.243, 60
Trd, 4319605.743, 61
Trd, 4319606.293, 61
Trd, 4319606.693, 62
Trd, 4319607.493, 69
Trd, 4319607.693, 69
Trd, 4319608.443, 67
Trd, 4319609.243, 66
Trd, 4319610.243, 128
Trd, 4319610.743, 120
Trd, 4319611.493, 68
Trd, 4319612.343, 105
Trd, 4319612.993, 81
Trd, 4319613.693, 98
Trd, 4319614.293, 83
Trd, 4319614.793, 94
Trd, 4319614.943, 85
Trd, 4319615.493, 83
Trd, 4319615.643, 82
Trd, 4319618.393, 60
Trd, 4319619.893, 60
Trd, 4319620.193, 60
Trd, 4319620.743, 62
Trd, 4319621.193, 61
Trd, 4319622.293, 62
Trd, 4319622.343, 63
Trd, 4319622.393, 65
Trd, 4319623.193, 66
Trd, 4319623.393, 65
Trd, 4319623.593, 64
Trd, 4319623.793, 65
Trd, 4319624.543, 140
Trd, 4319625.243, 140
Trd, 4319625.693, 140
Trd, 4319627.593, 140
Trd, 4319628.393, 140
Trd, 4319628.443, 140
Trd, 4319628.543, 140
Trd, 4319629.293, 140
Trd, 4319629.793, 88
Trd, 4319633.343, 60
Trd, 4319634.643, 60
Trd, 4319634.743, 60
Trd, 4319635.193, 60
Trd, 4319635.593, 63
Trd, 4319636.043, 63
Trd, 4319636.343, 70
Trd, 4319636.793, 63
Trd, 4319636.893, 61
Trd, 4319638.493, 66
Trd, 4319638.643, 66
Trd, 4319643.443, 60
Trd, 4319644.193, 60
Trd, 4319644.743, 61
Trd, 4319645.093, 63
Trd, 4319645.293, 66
Trd, 4319645.393, 62
Trd, 4319645.893, 63
Trd, 4319646.043, 63
Trd, 4319646.093, 64
Trd, 4319646.593, 65
Trd, 4319650.743, 61
Trd, 4319650.793, 62
Trd, 4319652.443, 64
Trd, 4319654.843, 60
Trd, 4319654.943, 61
Trd, 4319654.993, 60
Trd, 4319655.543, 62
Trd, 4319655.593, 68
Trd, 4319655.693, 61
Trd, 4319655.893, 61
Trd, 4319657.793, 77
Trd, 4319658.143, 78
Trd, 4319658.493, 77
Trd, 4319658.693, 73
Trd, 4319660.643, 61
Trd, 4319662.693, 103
Trd, 4319662.793, 102
Trd, 4319662.893, 101
Trd, 4319662.993, 66
Trd, 4319663.643, 101
Trd, 4319667.693, 60
Trd, 4319667.843, 60
Trd, 4319668.443, 61
Trd, 4319668.643, 63
Trd, 4319668.893, 62
Trd, 4319669.443, 61
Trd, 4319669.943, 62
Trd, 4319671.093, 70
Trd, 4319671.693, 83
Trd, 4319674.093, 64
Trd, 4319675.043, 60
Trd, 4319676.243, 61
Trd, 4319676.543, 61
Trd, 4319676.743, 63
Trd, 4319677.093, 64
Trd, 4319677.393, 66
Trd, 4319677.993, 66
Trd, 4319678.843, 65
Trd, 4319679.693, 75
Trd, 4319679.843, 67
Trd, 4319680.543, 68
Trd, 4319682.043, 77
Trd, 4319682.243, 80
Trd, 4319682.393, 76
Trd, 4319683.543, 140
Trd, 4319683.643, 140
Trd, 4319684.593, 140
Trd, 4319685.493, 140
Trd, 4319685.893, 140
Trd, 4319686.043, 140
Trd, 4319686.693, 104
Trd, 4319688.043, 140
Trd, 4319688.693, 140
Trd, 4319689.993, 140
Trd, 4319690.143, 140
Trd, 4319690.393, 103
Trd, 4319691.293, 139
Trd, 4319694.693, 140
Trd, 4319694.893, 140
Trd, 4319695.443, 140
Trd, 4319695.543, 140
Trd, 4319695.743, 140
Trd, 4319695.943, 140
Trd, 4319697.943, 140
Trd, 4319698.843, 140
Trd, 4319698.893, 140
Trd, 4319700.143, 140
Trd, 4319701.143, 140
Trd, 4319701.693, 140
Trd, 4319702.343, 140
Trd, 4319702.543, 140
Trd, 4319702.593, 140
Trd, 4319702.693, 139
Trd, 4319704.393, 140
Trd, 4319705.043, 128
Trd, 4319705.393, 130
Trd, 4319706.043, 60
Trd, 4319706.593, 60
Trd, 4319707.543, 60
Trd, 4319710.043, 60
Trd, 4319710.193, 60
Trd, 4319710.343, 60
Trd, 4319710.393, 60
Trd, 4319710.693, 60
Trd, 4319710.843, 60
Trd, 4319711.043, 63
Trd, 4319711.643, 61
Trd, 4319712.493, 67
Trd, 4319712.893, 63
Trd, 4319713.043, 62
Trd, 4319713.493, 63
Trd, 4319714.293, 64
Trd, 4319715.793, 69
Trd, 4319715.843, 65
Trd, 4319716.693, 72
Trd, 4319717.493, 104
Trd, 4319720.593, 60
Trd, 4319721.643, 60
Trd, 4319724.393, 60
Trd, 4319724.443, 60
Trd, 4319724.643, 60
Trd, 4319725.143, 60
Trd, 4319725.443, 60
Trd, 4319725.743, 60
Trd, 4319726.543, 61
Trd, 4319727.043, 63
Trd, 4319727.093, 66
Trd, 4319728.293, 67
Trd, 4319729.043, 71
Trd, 4319729.643, 69
Trd, 4319730.193, 71
Trd, 4319730.343, 71
Trd, 4319730.443, 70
Trd, 4319731.243, 72
Trd, 4319731.993, 72
Trd, 4319732.193, 73
Trd, 4319732.543, 74
Trd, 4319733.693, 79
Trd, 4319733.743, 78
Trd, 4319734.093, 77
Trd, 4319735.843, 62
Trd, 4319736.143, 61
Trd, 4319737.093, 61
Trd, 4319737.893, 64
Trd, 4319738.043, 62
Trd, 4319738.443, 61
Trd, 4319739.943, 66
Trd, 4319741.643, 68
Trd, 4319742.093, 106
Trd, 4319742.993, 73
Trd, 4319744.393, 123
Trd, 4319744.893, 125
Trd, 4319745.143, 125
Trd, 4319745.343, 124
Trd, 4319746.993, 131
Trd, 4319747.293, 130
Trd, 4319747.793, 140
Trd, 4319748.243, 132
Trd, 4319748.743, 134
Trd, 4319749.693, 133
Trd, 4319750.193, 136
Trd, 4319751.043, 140
Trd, 4319751.493, 138
Trd, 4319752.393, 140
Trd, 4319753.493, 140
Trd, 4319754.393, 110
Trd, 4319755.193, 116
Trd, 4319755.543, 116
Trd, 4319757.243, 140
Trd, 4319757.493, 140
Trd, 4319757.643, 140
Trd, 4319757.693, 140
Trd, 4319758.143, 140
Trd, 4319758.243, 116
Trd, 4319758.393, 115
Trd, 4319758.693, 101
Trd, 4319759.393, 74
Trd, 4319760.793, 140
Trd, 4319761.093, 140
Trd, 4319761.293, 138
Trd, 4319761.693, 138
Trd, 4319762.643, 137
Trd, 4319764.743, 135
Trd, 4319765.093, 135
Trd, 4319765.293, 135
Trd, 4319765.343, 134
Trd, 4319765.993, 133
Trd, 4319766.443, 117
Trd, 4319766.593, 135
Trd, 4319767.443, 140
Trd, 4319768.193, 140
Trd, 4319769.493, 140
Trd, 4319769.843, 140
Trd, 4319770.093, 140
Trd, 4319771.143, 140
Trd, 4319771.243, 140
Trd, 4319771.543, 137
Trd, 4319772.793, 136
Trd, 4319773.193, 92
Trd, 4319774.643, 99
Trd, 4319774.693, 98
Trd, 4319774.893, 95
Trd, 4319775.343, 65
Trd, 4319777.193, 70
Trd, 4319778.443, 79
Trd, 4319779.793, 83
Trd, 4319779.943, 83
Trd, 4319779.993, 109
Trd, 4319780.243, 84
Trd, 4319780.393, 130
Trd, 4319780.893, 86
Trd, 4319783.293, 122
Trd, 4319783.443, 93
Trd, 4319785.693, 60
Trd, 4319786.793, 60
Trd, 4319788.393, 60
Trd, 4319788.943, 60
Trd, 4319789.593, 62
Trd, 4319790.093, 62
Trd, 4319790.243, 62
Trd, 4319790.543, 63
Trd, 4319790.843, 64
Trd, 4319790.943, 66
Trd, 4319792.043, 60
Trd, 4319792.443, 60
Trd, 4319793.893, 64
Trd, 4319794.193, 65
Trd, 4319794.393, 86
Trd, 4319794.543, 64
Trd, 4319795.393, 67
Trd, 4319796.743, 69
Trd, 4319796.893, 103
Trd, 4319796.993, 124
Trd, 4319797.343, 73
Trd, 4319798.043, 74
Trd, 4319802.593, 60
Trd, 4319803.793, 60
Trd, 4319806.343, 60
Trd, 4319806.543, 60
Trd, 4319806.843, 61
Trd, 4319806.893, 62
Trd, 4319807.243, 63
Trd, 4319807.343, 62
Trd, 4319807.493, 63
Trd, 4319807.793, 62
Trd, 4319809.043, 66
Trd, 4319809.143, 65
Trd, 4319809.743, 60
Trd, 4319810.643, 70
Trd, 4319812.093, 60
Trd, 4319812.193, 60
Trd, 4319813.193, 60
Trd, 4319815.793, 60
Trd, 4319815.893, 60
Trd, 4319816.293, 61
Trd, 4319816.343, 61
Trd, 4319816.443, 62
Trd, 4319816.793, 62
Trd, 4319817.993, 65
Trd, 4319818.043, 64
Trd, 4319818.293, 73
Trd, 4319819.393, 64
Trd, 4319820.093, 63
Trd, 4319822.043, 60
Trd, 4319822.443, 64
Trd, 4319823.043, 60
Trd, 4319823.443, 60
Trd, 4319824.643, 139
Trd, 4319827.743, 60
Trd, 4319827.843, 60
Trd, 4319828.093, 60
Trd, 4319828.643, 62
Trd, 4319829.243, 61
Trd, 4319830.343, 64
Trd, 4319832.243, 60
Trd, 4319832.893, 60
Trd, 4319834.393, 60
Trd, 4319834.443, 60
Trd, 4319834.943, 65
Trd, 4319835.493, 65
Trd, 4319835.843, 67
Trd, 4319835.943, 66
Trd, 4319837.143, 67
Trd, 4319839.943, 60
Trd, 4319840.443, 61
Trd, 4319840.693, 61
Trd, 4319840.793, 60
Trd, 4319841.043, 60
Trd, 4319841.443, 62
Trd, 4319841.893, 66
Trd, 4319842.793, 67
Trd, 4319843.193, 77
Trd, 4319843.843, 80
Trd, 4319844.093, 99
Trd, 4319844.593, 80
Trd, 4319846.093, 79
Trd, 4319847.193, 60
Trd, 4319847.293, 60
Trd, 4319847.443, 60
Trd, 4319848.093, 64
Trd, 4319849.493, 72
Trd, 4319850.443, 77
Trd, 4319850.893, 78
Trd, 4319850.943, 82
Trd, 4319851.243, 83
Trd, 4319851.843, 93
Trd, 4319852.093, 83
Trd, 4319852.743, 83
Trd, 4319852.993, 84
Trd, 4319853.993, 90
Trd, 4319854.993, 94
Trd, 4319855.293, 94
Trd, 4319856.443, 127
Trd, 4319856.593, 126
Trd, 4319856.643, 93
Trd, 4319857.043, 73
Trd, 4319860.293, 140
Trd, 4319860.743, 140
Trd, 4319861.643, 140
Trd, 4319861.693, 140
Trd, 4319862.293, 140
Trd, 4319863.443, 140
Trd, 4319863.993, 140
Trd, 4319864.243, 140
Trd, 4319865.243, 140
Trd, 4319865.443, 140
Trd, 4319866.943, 140
Trd, 4319866.993, 140
Trd, 4319867.993, 140
Trd, 4319868.043, 140
Trd, 4319868.443, 140
Trd, 4319869.643, 140
Trd, 4319870.343, 140
Trd, 4319870.443, 140
Trd, 4319871.393, 140
Trd, 4319871.743, 140
Trd, 4319872.793, 140
Trd, 4319873.143, 140
Trd, 4319873.743, 140
Trd, 4319874.693, 140
Trd, 4319875.693, 87
Trd, 4319876.543, 136
Trd, 4319876.593, 89
Trd, 4319876.643, 88
Trd, 4319877.293, 70
Trd, 4319877.843, 69
Trd, 4319878.743, 60
Trd, 4319881.893, 60
Trd, 4319884.193, 60
Trd, 4319884.293, 60
Trd, 4319884.493, 60
Trd, 4319884.843, 62
Trd, 4319885.093, 64
Trd, 4319885.493, 63
Trd, 4319885.643, 64
Trd, 4319886.843, 61
Trd, 4319886.893, 62
Trd, 4319887.443, 66
Trd, 4319888.243, 60
Trd, 4319890.793, 62
Trd, 4319891.843, 63
Trd, 4319893.043, 60
Trd, 4319893.193, 60
Trd, 4319893.443, 60
Trd, 4319893.693, 61
Trd, 4319894.243, 60
Trd, 4319894.743, 63
Trd, 4319894.793, 64
Trd, 4319895.943, 60
Trd, 4319899.643, 60
Trd, 4319899.693, 60
Trd, 4319899.743, 60
Trd, 4319899.843, 61
Trd, 4319899.993, 61
Trd, 4319900.593, 63
Trd, 4319900.993, 124
Trd, 4319901.493, 62
Trd, 4319901.993, 62
Trd, 4319903.293, 61
Trd, 4319903.743, 73
Trd, 4319904.393, 60
Trd, 4319904.693, 60
Trd, 4319905.493, 64
Trd, 4319905.693, 63
Trd, 4319906.593, 102
Trd, 4319906.843, 102
Trd, 4319907.293, 102
Trd, 4319907.843, 103
Trd, 4319908.893, 73
Trd, 4319909.393, 63
Trd, 4319911.793, 140
Trd, 4319912.593, 140
Trd, 4319912.793, 140
Trd, 4319913.743, 140
Trd, 4319913.943, 140
Trd, 4319914.143, 140
Trd, 4319914.393, 140
Trd, 4319914.443, 101
Trd, 4319915.143, 86
Trd, 4319916.293, 89
Trd, 4319917.593, 116
Trd, 4319918.043, 116
Trd, 4319918.093, 115
Trd, 4319919.193, 84
Trd, 4319919.843, 139
Trd, 4319920.693, 101
Trd, 4319921.843, 60
Trd, 4319923.393, 60
Trd, 4319924.443, 60
Trd, 4319924.643, 60
Trd, 4319924.843, 62
Trd, 4319925.943, 60
Trd, 4319925.993, 61
Trd, 4319926.693, 62
Trd, 4319928.193, 63
Trd, 4319928.543, 68
Trd, 4319928.643, 66
Trd, 4319929.043, 69
Trd, 4319929.143, 68
Trd, 4319932.043, 61
Trd, 4319933.293, 60
Trd, 4319933.643, 65
Trd, 4319936.143, 60
Trd, 4319936.293, 60
Trd, 4319936.443, 60
Trd, 4319937.193, 62
Trd, 4319937.293, 60
Trd, 4319937.743, 60
Trd, 4319937.893, 60
Trd, 4319938.143, 63
Trd, 4319938.793, 60
Trd, 4319939.593, 63
Trd, 4319940.193, 64
Trd, 4319940.743, 64
Trd, 4319940.793, 68
Trd, 4319942.393, 72
Trd, 4319942.543, 67
Trd, 4319942.593, 66
Trd, 4319942.843, 81
Trd, 4319944.043, 74
Trd, 4319945.393, 79
Trd, 4319946.493, 84
Trd, 4319946.993, 83
Trd, 4319947.143, 81
Trd, 4319948.143, 121
Trd, 4319949.643, 60
Trd, 4319950.293, 61
Trd, 4319952.043, 60
Trd, 4319952.693, 62
Trd, 4319952.843, 61
Trd, 4319952.893, 62
Trd, 4319953.293, 117
Trd, 4319954.243, 121
Trd, 4319954.793, 119
Trd, 4319954.993, 79
Trd, 4319956.543, 140
Trd, 4319957.343, 140
Trd, 4319957.393, 133
Trd, 4319957.493, 124
Trd, 4319961.543, 60
Trd, 4319962.043, 60
Trd, 4319962.093, 60
Trd, 4319962.293, 60
Trd, 4319962.643, 62
Trd, 4319963.043, 61
Trd, 4319963.943, 60
Trd, 4319964.643, 101
Trd, 4319964.893, 101
Trd, 4319965.343, 102
Trd, 4319965.943, 100
Trd, 4319966.293, 64
Trd, 4319969.843, 60
Trd, 4319969.893, 60
Trd, 4319969.943, 60
Trd, 4319970.193, 62
Trd, 4319970.743, 64
Trd, 4319970.943, 63
Trd, 4319971.193, 66
Trd, 4319972.443, 139
Trd, 4319972.643, 97
Trd, 4319973.293, 81
Trd, 4319973.643, 81
Trd, 4319974.143, 83
Trd, 4319974.493, 82
Trd, 4319975.243, 68
Trd, 4319975.893, 69
Trd, 4319977.643, 64
Trd, 4319981.143, 60
Trd, 4319982.043, 60
Trd, 4319982.593, 60
Trd, 4319982.743, 60
Trd, 4319982.943, 60
Trd, 4319983.293, 62
Trd, 4319983.543, 63
Trd, 4319984.093, 139
Trd, 4319984.443, 140
Trd, 4319984.743, 138
Trd, 4319988.243, 62
Trd, 4319988.543, 60
Trd, 4319989.043, 61
Trd, 4319989.693, 62
Trd, 4319990.043, 65
Trd, 4319990.393, 83
Trd, 4319990.743, 70
Trd, 4319993.043, 108
Trd, 4319993.693, 91
Trd, 4319993.793, 91
Trd, 4319994.193, 140
Trd, 4319994.243, 140
Trd, 4319994.343, 89
Trd, 4319995.493, 123
Trd, 4319996.943, 127
Trd, 4319997.393, 125
Trd, 4319998.443, 128
Trd, 4319998.543, 127
Trd, 4319999.043, 128
Trd, 4319999.093, 127
