Trd, 4318168.793, 60
Trd, 4318170.143, 60
Trd, 4318170.593, 107
Trd, 4318171.243, 121
Trd, 4318171.593, 132
Trd, 4318172.343, 61
Trd, 4318172.793, 61
Trd, 4318172.993, 78
Trd, 4318174.193, 63
Trd, 4318174.243, 106
Trd, 4318174.643, 107
Trd, 4318175.193, 117
Trd, 4318175.643, 121
Trd, 4318175.793, 132
Trd, 4318175.993, 100
Trd, 4318177.493, 127
Trd, 4318178.393, 133
Trd, 4318178.843, 99
Trd, 4318179.343, 140
Trd, 4318179.743, 84
Trd, 4318180.843, 136
Trd, 4318181.593, 128
Trd, 4318182.193, 135
Trd, 4318183.243, 116
Trd, 4318183.293, 115
Trd, 4318183.993, 112
Trd, 4318184.443, 135
Trd, 4318185.343, 115
Trd, 4318186.043, 90
Trd, 4318186.343, 119
Trd, 4318186.393, 97
Trd, 4318187.293, 109
Trd, 4318188.943, 140
Trd, 4318190.643, 135
Trd, 4318190.743, 124
Trd, 4318191.643, 107
Trd, 4318191.793, 95
Trd, 4318193.143, 135
Trd, 4318193.493, 119
Trd, 4318195.243, 129
Trd, 4318196.193, 111
Trd, 4318196.443, 113
Trd, 4318196.493, 101
Trd, 4318196.893, 106
Trd, 4318197.043, 89
Trd, 4318198.193, 103
Trd, 4318198.543, 85
Trd, 4318198.593, 94
Trd, 4318199.293, 138
Trd, 4318200.293, 120
Trd, 4318200.493, 72
Trd, 4318201.043, 110
Trd, 4318202.193, 66
Trd, 4318202.693, 139
Trd, 4318203.593, 119
Trd, 4318204.243, 113
Trd, 4318204.443, 116
Trd, 4318205.093, 66
Trd, 4318205.693, 78
Trd, 4318206.193, 80
Trd, 4318208.293, 137
Trd, 4318208.343, 117
Trd, 4318208.443, 134
Trd, 4318208.693, 136
Trd, 4318208.793, 77
Trd, 4318209.443, 66
Trd, 4318210.393, 60
Trd, 4318210.743, 125
Trd, 4318211.893, 98
Trd, 4318212.043, 92
Trd, 4318212.843, 67
Trd, 4318212.993, 67
Trd, 4318213.043, 76
Trd, 4318214.193, 130
Trd, 4318215.293, 134
Trd, 4318215.543, 101
Trd, 4318215.893, 140
Trd, 4318216.143, 112
Trd, 4318216.843, 110
Trd, 4318218.243, 132
Trd, 4318218.593, 114
Trd, 4318218.993, 115
Trd, 4318219.393, 116
Trd, 4318219.993, 101
Trd, 4318220.793, 139
Trd, 4318221.543, 94
Trd, 4318221.643, 76
Trd, 4318222.293, 101
Trd, 4318223.543, 113
Trd, 4318224.043, 82
Trd, 4318224.143, 66
Trd, 4318224.843, 137
Trd, 4318226.343, 137
Trd, 4318227.243, 108
Trd, 4318227.293, 98
Trd, 4318227.693, 72
Trd, 4318229.343, 74
Trd, 4318229.393, 71
Trd, 4318229.643, 76
Trd, 4318230.543, 90
Trd, 4318231.643, 103
Trd, 4318232.243, 108
Trd, 4318232.343, 99
Trd, 4318233.743, 135
Trd, 4318234.043, 123
Trd, 4318234.643, 68
Trd, 4318236.493, 129
Trd, 4318236.993, 126
Trd, 4318237.693, 131
Trd, 4318237.993, 104
Trd, 4318238.493, 130
Trd, 4318238.693, 92
Trd, 4318239.243, 134
Trd, 4318239.693, 89
Trd, 4318240.693, 111
Trd, 4318241.193, 127
Trd, 4318242.743, 119
Trd, 4318243.243, 135
Trd, 4318244.093, 89
Trd, 4318244.693, 104
Trd, 4318245.143, 85
Trd, 4318245.393, 68
Trd, 4318246.993, 122
Trd, 4318247.043, 117
Trd, 4318247.693, 92
Trd, 4318248.293, 103
Trd, 4318248.643, 99
Trd, 4318250.143, 62
Trd, 4318251.043, 63
Trd, 4318251.543, 84
Trd, 4318251.593, 91
Trd, 4318253.843, 123
Trd, 4318254.543, 138
Trd, 4318254.643, 119
Trd, 4318254.943, 102
Trd, 4318256.943, 116
Trd, 4318257.093, 126
Trd, 4318257.643, 119
Trd, 4318258.043, 96
Trd, 4318258.693, 118
Trd, 4318259.493, 88
Trd, 4318261.143, 136
Trd, 4318261.443, 134
Trd, 4318261.943, 85
Trd, 4318262.593, 77
Trd, 4318262.993, 102
Trd, 4318263.393, 66
Trd, 4318263.693, 71
Trd, 4318264.343, 94
Trd, 4318265.843, 121
Trd, 4318266.993, 102
Trd, 4318267.493, 122
Trd, 4318267.893, 91
Trd, 4318268.743, 82
Trd, 4318269.293, 102
Trd, 4318270.743, 96
Trd, 4318271.393, 94
Trd, 4318271.893, 131
Trd, 4318272.293, 83
Trd, 4318272.843, 134
Trd, 4318273.793, 126
Trd, 4318273.943, 123
Trd, 4318274.293, 121
Trd, 4318274.793, 139
Trd, 4318276.043, 81
Trd, 4318276.193, 101
Trd, 4318276.993, 65
Trd, 4318277.943, 66
Trd, 4318278.143, 61
Trd, 4318278.493, 137
Trd, 4318279.343, 139
Trd, 4318279.943, 137
Trd, 4318281.093, 139
Trd, 4318281.543, 125
Trd, 4318281.643, 103
Trd, 4318282.143, 79
Trd, 4318283.943, 61
Trd, 4318283.993, 91
Trd, 4318284.493, 88
Trd, 4318285.093, 63
Trd, 4318285.393, 63
Trd, 4318286.493, 118
Trd, 4318287.693, 126
Trd, 4318287.793, 122
Trd, 4318288.593, 132
Trd, 4318289.443, 93
Trd, 4318289.893, 80
Trd, 4318290.393, 78
Trd, 4318290.593, 109
Trd, 4318291.593, 130
Trd, 4318292.243, 79
Trd, 4318293.193, 121
Trd, 4318293.243, 76
Trd, 4318293.693, 73
Trd, 4318294.493, 63
Trd, 4318295.343, 136
Trd, 4318295.843, 121
Trd, 4318295.893, 114
Trd, 4318296.143, 76
Trd, 4318297.593, 118
Trd, 4318298.993, 128
Trd, 4318299.343, 125
Trd, 4318299.443, 113
Trd, 4318300.843, 98
Trd, 4318301.293, 99
Trd, 4318301.493, 85
Trd, 4318303.543, 127
Trd, 4318303.693, 112
Trd, 4318304.493, 129
Trd, 4318305.643, 140
Trd, 4318306.593, 137
Trd, 4318307.043, 110
Trd, 4318307.443, 126
Trd, 4318309.193, 132
Trd, 4318309.743, 125
Trd, 4318309.843, 117
Trd, 4318310.743, 131
Trd, 4318310.993, 115
Trd, 4318311.143, 87
Trd, 4318311.743, 96
Trd, 4318311.943, 98
Trd, 4318313.443, 86
Trd, 4318313.643, 138
Trd, 4318315.193, 84
Trd, 4318315.693, 106
Trd, 4318315.843, 114
Trd, 4318316.343, 133
Trd, 4318317.043, 110
Trd, 4318317.193, 102
Trd, 4318318.243, 129
Trd, 4318319.743, 132
Trd, 4318320.643, 113
Trd, 4318320.993, 108
Trd, 4318321.893, 86
Trd, 4318322.443, 98
Trd, 4318322.993, 139
Trd, 4318323.993, 122
Trd, 4318324.393, 100
Trd, 4318324.693, 107
Trd, 4318325.143, 138
Trd, 4318325.493, 120
Trd, 4318325.593, 107
Trd, 4318326.043, 110
Trd, 4318326.793, 106
Trd, 4318327.743, 128
Trd, 4318327.793, 105
Trd, 4318327.993, 94
Trd, 4318328.743, 63
Trd, 4318329.643, 136
Trd, 4318330.343, 123
Trd, 4318331.893, 119
Trd, 4318332.243, 128
Trd, 4318332.693, 114
Trd, 4318333.343, 106
Trd, 4318333.943, 126
Trd, 4318334.193, 134
Trd, 4318334.893, 105
Trd, 4318337.393, 133
Trd, 4318338.243, 125
Trd, 4318338.693, 111
Trd, 4318338.893, 108
Trd, 4318339.393, 102
Trd, 4318341.543, 139
Trd, 4318341.843, 135
Trd, 4318341.993, 124
Trd, 4318342.493, 111
Trd, 4318343.193, 103
Trd, 4318343.443, 102
Trd, 4318344.293, 91
Trd, 4318344.393, 107
Trd, 4318345.093, 92
Trd, 4318345.193, 96
Trd, 4318345.743, 87
Trd, 4318346.843, 65
Trd, 4318346.993, 68
Trd, 4318348.643, 122
Trd, 4318349.293, 138
Trd, 4318349.343, 118
Trd, 4318350.393, 129
Trd, 4318351.543, 121
Trd, 4318351.643, 119
Trd, 4318352.793, 130
Trd, 4318352.843, 117
Trd, 4318353.093, 111
Trd, 4318353.393, 90
Trd, 4318353.543, 73
Trd, 4318353.743, 107
Trd, 4318354.193, 113
Trd, 4318355.893, 134
Trd, 4318356.893, 116
Trd, 4318357.693, 110
Trd, 4318359.343, 107
Trd, 4318359.393, 103
Trd, 4318359.843, 100
Trd, 4318359.993, 92
Trd, 4318361.193, 140
Trd, 4318361.243, 125
Trd, 4318361.293, 101
Trd, 4318363.343, 137
Trd, 4318364.093, 106
Trd, 4318364.193, 101
Trd, 4318364.793, 138
Trd, 4318364.943, 63
Trd, 4318366.143, 138
Trd, 4318367.293, 116
Trd, 4318368.043, 116
Trd, 4318368.943, 106
Trd, 4318369.193, 80
Trd, 4318369.793, 104
Trd, 4318370.793, 95
Trd, 4318371.293, 66
Trd, 4318371.743, 71
Trd, 4318373.393, 124
Trd, 4318374.093, 122
Trd, 4318374.243, 110
Trd, 4318374.893, 111
Trd, 4318375.793, 92
Trd, 4318376.493, 134
Trd, 4318377.143, 112
Trd, 4318377.843, 137
Trd, 4318378.143, 87
Trd, 4318378.493, 85
Trd, 4318379.093, 129
Trd, 4318380.443, 137
Trd, 4318380.993, 117
Trd, 4318381.393, 113
Trd, 4318382.793, 140
Trd, 4318383.493, 140
Trd, 4318383.743, 121
Trd, 4318384.093, 106
Trd, 4318386.693, 138
Trd, 4318386.843, 107
Trd, 4318386.893, 107
Trd, 4318387.143, 111
Trd, 4318388.193, 107
Trd, 4318388.243, 88
Trd, 4318389.193, 139
Trd, 4318389.243, 104
Trd, 4318390.943, 98
Trd, 4318391.343, 89
Trd, 4318392.143, 87
Trd, 4318393.693, 139
Trd, 4318394.143, 139
Trd, 4318394.643, 136
Trd, 4318395.743, 136
Trd, 4318396.593, 99
Trd, 4318397.143, 90
Trd, 4318397.193, 88
Trd, 4318397.393, 139
Trd, 4318397.843, 74
Trd, 4318398.943, 64
Trd, 4318399.893, 63
Trd, 4318400.293, 138
Trd, 4318400.593, 120
Trd, 4318401.143, 86
Trd, 4318401.843, 107
Trd, 4318402.093, 88
Trd, 4318403.143, 99
Trd, 4318403.193, 103
Trd, 4318403.343, 124
Trd, 4318403.693, 65
Trd, 4318406.093, 77
Trd, 4318406.693, 61
Trd, 4318407.643, 109
Trd, 4318407.993, 123
Trd, 4318408.093, 123
Trd, 4318408.943, 136
Trd, 4318409.293, 98
Trd, 4318409.443, 88
Trd, 4318410.193, 74
Trd, 4318410.643, 101
Trd, 4318411.143, 109
Trd, 4318412.443, 63
Trd, 4318413.343, 68
Trd, 4318413.543, 79
Trd, 4318414.593, 78
Trd, 4318415.593, 61
Trd, 4318416.893, 64
Trd, 4318417.343, 81
Trd, 4318418.043, 61
Trd, 4318418.243, 66
Trd, 4318418.493, 74
Trd, 4318418.543, 86
Trd, 4318420.043, 139
Trd, 4318420.243, 121
Trd, 4318420.743, 134
Trd, 4318421.243, 128
Trd, 4318421.893, 112
Trd, 4318422.493, 99
Trd, 4318422.843, 92
Trd, 4318423.143, 93
Trd, 4318423.743, 136
Trd, 4318424.643, 115
Trd, 4318425.693, 121
Trd, 4318426.593, 126
Trd, 4318427.443, 139
Trd, 4318427.743, 130
Trd, 4318428.043, 115
Trd, 4318428.693, 130
Trd, 4318429.043, 136
Trd, 4318429.743, 78
Trd, 4318430.393, 98
Trd, 4318431.293, 84
Trd, 4318431.793, 88
Trd, 4318431.893, 78
Trd, 4318432.343, 62
Trd, 4318432.643, 136
Trd, 4318433.943, 110
Trd, 4318434.643, 62
Trd, 4318434.693, 72
Trd, 4318434.793, 89
Trd, 4318436.093, 120
Trd, 4318436.443, 123
Trd, 4318436.493, 108
Trd, 4318437.393, 140
Trd, 4318438.193, 119
Trd, 4318438.493, 107
Trd, 4318439.143, 140
Trd, 4318439.743, 86
Trd, 4318439.793, 80
Trd, 4318440.443, 135
Trd, 4318442.493, 125
Trd, 4318442.743, 90
Trd, 4318443.093, 92
Trd, 4318443.243, 61
Trd, 4318443.993, 139
Trd, 4318444.943, 137
Trd, 4318445.093, 92
Trd, 4318445.243, 88
Trd, 4318445.993, 60
Trd, 4318446.893, 75
Trd, 4318447.393, 115
Trd, 4318449.093, 129
Trd, 4318449.193, 104
Trd, 4318450.243, 107
Trd, 4318450.293, 102
Trd, 4318450.693, 137
Trd, 4318451.443, 118
Trd, 4318451.993, 114
Trd, 4318452.393, 92
Trd, 4318452.743, 64
Trd, 4318454.343, 70
Trd, 4318455.243, 99
Trd, 4318456.293, 127
Trd, 4318457.143, 136
Trd, 4318457.493, 129
Trd, 4318458.093, 92
Trd, 4318458.143, 118
Trd, 4318459.793, 72
Trd, 4318460.493, 124
Trd, 4318460.843, 137
Trd, 4318461.143, 136
Trd, 4318462.543, 107
Trd, 4318462.793, 103
Trd, 4318462.993, 85
Trd, 4318463.793, 127
Trd, 4318464.093, 126
Trd, 4318464.193, 116
Trd, 4318465.193, 136
Trd, 4318465.793, 132
Trd, 4318466.043, 65
Trd, 4318467.043, 79
Trd, 4318468.393, 77
Trd, 4318468.493, 108
Trd, 4318469.743, 132
Trd, 4318469.993, 131
Trd, 4318470.893, 60
Trd, 4318471.893, 65
Trd, 4318472.443, 108
Trd, 4318473.043, 132
Trd, 4318473.793, 126
Trd, 4318473.993, 88
Trd, 4318475.493, 67
Trd, 4318475.943, 60
Trd, 4318476.943, 82
Trd, 4318477.093, 99
Trd, 4318477.393, 83
Trd, 4318478.193, 73
Trd, 4318478.293, 67
Trd, 4318478.593, 134
Trd, 4318479.293, 131
Trd, 4318480.293, 97
Trd, 4318481.693, 67
Trd, 4318482.243, 137
Trd, 4318482.343, 116
Trd, 4318483.393, 130
Trd, 4318483.793, 137
Trd, 4318484.843, 139
Trd, 4318485.343, 111
Trd, 4318485.943, 92
Trd, 4318486.093, 97
Trd, 4318486.693, 111
Trd, 4318487.093, 93
Trd, 4318487.693, 105
Trd, 4318489.043, 112
Trd, 4318489.093, 74
Trd, 4318489.443, 102
Trd, 4318491.143, 91
Trd, 4318492.093, 61
Trd, 4318492.193, 62
Trd, 4318492.343, 81
Trd, 4318493.093, 115
Trd, 4318493.843, 62
Trd, 4318494.343, 95
Trd, 4318494.693, 125
Trd, 4318495.743, 63
Trd, 4318495.993, 100
Trd, 4318497.293, 79
Trd, 4318497.793, 93
Trd, 4318498.143, 93
Trd, 4318499.493, 131
Trd, 4318500.293, 100
Trd, 4318501.343, 130
Trd, 4318501.693, 127
Trd, 4318502.443, 108
Trd, 4318502.643, 90
Trd, 4318503.593, 135
Trd, 4318504.643, 129
Trd, 4318505.093, 127
Trd, 4318505.643, 123
Trd, 4318505.843, 87
Trd, 4318506.393, 132
Trd, 4318507.243, 119
Trd, 4318507.993, 137
Trd, 4318508.243, 121
Trd, 4318508.743, 97
Trd, 4318509.543, 134
Trd, 4318509.693, 105
Trd, 4318510.043, 133
Trd, 4318510.343, 135
Trd, 4318510.693, 113
Trd, 4318512.493, 62
Trd, 4318513.593, 64
Trd, 4318514.093, 62
Trd, 4318514.893, 140
Trd, 4318515.193, 131
Trd, 4318515.593, 121
Trd, 4318516.643, 60
Trd, 4318516.693, 92
Trd, 4318516.993, 83
Trd, 4318517.493, 77
Trd, 4318518.493, 72
Trd, 4318519.443, 71
Trd, 4318519.593, 65
Trd, 4318520.143, 71
Trd, 4318520.443, 91
Trd, 4318521.343, 79
Trd, 4318521.693, 121
Trd, 4318522.593, 79
Trd, 4318522.943, 83
Trd, 4318523.293, 73
Trd, 4318523.593, 79
Trd, 4318525.343, 88
Trd, 4318525.793, 87
Trd, 4318526.193, 99
Trd, 4318526.793, 132
Trd, 4318526.943, 69
Trd, 4318528.043, 135
Trd, 4318528.493, 138
Trd, 4318529.793, 63
Trd, 4318529.993, 96
Trd, 4318530.193, 90
Trd, 4318531.293, 73
Trd, 4318531.493, 108
Trd, 4318531.743, 120
Trd, 4318532.993, 118
Trd, 4318533.843, 135
Trd, 4318535.393, 136
Trd, 4318536.193, 120
Trd, 4318536.443, 111
Trd, 4318537.243, 119
Trd, 4318537.293, 102
Trd, 4318537.393, 82
Trd, 4318537.943, 116
Trd, 4318539.243, 90
Trd, 4318539.543, 132
Trd, 4318539.693, 105
Trd, 4318540.493, 123
Trd, 4318541.243, 134
Trd, 4318543.243, 127
Trd, 4318543.643, 122
Trd, 4318544.443, 139
Trd, 4318544.843, 113
Trd, 4318544.993, 130
Trd, 4318545.043, 100
Trd, 4318547.293, 123
Trd, 4318547.543, 113
Trd, 4318547.893, 139
Trd, 4318548.343, 110
Trd, 4318548.693, 106
Trd, 4318550.243, 134
Trd, 4318551.193, 104
Trd, 4318551.543, 104
Trd, 4318551.893, 135
Trd, 4318552.143, 81
Trd, 4318553.543, 61
Trd, 4318554.443, 68
Trd, 4318554.593, 109
Trd, 4318555.693, 64
Trd, 4318555.993, 71
Trd, 4318558.193, 135
Trd, 4318558.693, 121
Trd, 4318559.093, 91
Trd, 4318560.043, 120
Trd, 4318560.693, 114
Trd, 4318560.843, 90
Trd, 4318560.993, 102
Trd, 4318561.293, 138
Trd, 4318562.593, 69
Trd, 4318563.343, 135
Trd, 4318563.693, 95
Trd, 4318564.393, 136
Trd, 4318564.493, 118
Trd, 4318564.593, 139
Trd, 4318566.193, 89
Trd, 4318566.643, 103
Trd, 4318567.093, 92
Trd, 4318567.743, 76
Trd, 4318569.343, 126
Trd, 4318569.443, 133
Trd, 4318571.193, 91
Trd, 4318571.543, 70
Trd, 4318571.793, 71
Trd, 4318572.093, 108
Trd, 4318573.143, 78
Trd, 4318573.843, 128
Trd, 4318575.293, 97
Trd, 4318576.493, 133
Trd, 4318576.743, 114
Trd, 4318576.893, 132
Trd, 4318577.193, 111
Trd, 4318577.293, 96
Trd, 4318577.593, 92
Trd, 4318577.893, 77
Trd, 4318579.443, 135
Trd, 4318579.643, 126
Trd, 4318579.943, 100
Trd, 4318581.593, 135
Trd, 4318582.193, 139
Trd, 4318583.343, 132
Trd, 4318584.793, 137
Trd, 4318584.943, 117
Trd, 4318584.993, 116
Trd, 4318585.743, 115
Trd, 4318586.043, 111
Trd, 4318586.443, 106
Trd, 4318587.543, 121
Trd, 4318587.593, 126
Trd, 4318588.143, 93
Trd, 4318588.893, 139
Trd, 4318589.943, 83
Trd, 4318590.293, 79
Trd, 4318590.893, 87
Trd, 4318591.093, 124
Trd, 4318591.393, 68
Trd, 4318591.993, 125
Trd, 4318592.843, 63
Trd, 4318593.343, 134
Trd, 4318593.393, 102
Trd, 4318593.493, 95
Trd, 4318596.293, 100
Trd, 4318596.593, 76
Trd, 4318597.293, 134
Trd, 4318597.393, 111
Trd, 4318598.393, 125
Trd, 4318599.293, 115
Trd, 4318599.743, 85
Trd, 4318600.243, 79
Trd, 4318601.043, 116
Trd, 4318601.943, 117
Trd, 4318602.293, 117
Trd, 4318602.443, 106
Trd, 4318603.693, 138
Trd, 4318604.843, 130
Trd, 4318605.893, 122
Trd, 4318606.193, 110
Trd, 4318606.743, 109
Trd, 4318608.043, 91
Trd, 4318608.343, 87
Trd, 4318610.143, 99
Trd, 4318610.193, 84
Trd, 4318610.943, 87
Trd, 4318611.593, 136
Trd, 4318611.693, 114
Trd, 4318613.093, 122
Trd, 4318613.243, 118
Trd, 4318613.793, 133
Trd, 4318614.243, 114
Trd, 4318614.893, 61
Trd, 4318615.043, 71
Trd, 4318616.193, 61
Trd, 4318616.543, 84
Trd, 4318616.893, 94
Trd, 4318618.593, 113
Trd, 4318618.893, 105
Trd, 4318619.093, 94
Trd, 4318619.293, 105
Trd, 4318619.643, 94
Trd, 4318620.593, 61
Trd, 4318621.193, 73
Trd, 4318621.643, 116
Trd, 4318622.343, 104
Trd, 4318624.243, 69
Trd, 4318624.293, 103
Trd, 4318625.093, 138
Trd, 4318625.643, 111
Trd, 4318626.543, 110
Trd, 4318627.843, 87
Trd, 4318627.893, 87
Trd, 4318628.143, 92
Trd, 4318629.043, 66
Trd, 4318629.193, 65
Trd, 4318630.543, 77
Trd, 4318632.393, 133
Trd, 4318632.593, 123
Trd, 4318633.193, 135
Trd, 4318633.493, 123
Trd, 4318633.993, 105
Trd, 4318635.343, 126
Trd, 4318635.443, 114
Trd, 4318636.143, 134
Trd, 4318636.593, 121
Trd, 4318636.643, 117
Trd, 4318637.143, 102
Trd, 4318637.843, 128
Trd, 4318638.593, 124
Trd, 4318639.093, 103
Trd, 4318639.143, 87
Trd, 4318639.543, 63
Trd, 4318640.293, 138
Trd, 4318641.143, 124
Trd, 4318641.793, 124
Trd, 4318641.843, 84
Trd, 4318642.793, 137
Trd, 4318643.493, 120
Trd, 4318643.843, 108
Trd, 4318644.143, 121
Trd, 4318644.343, 139
Trd, 4318645.143, 87
Trd, 4318646.243, 126
Trd, 4318646.943, 114
Trd, 4318647.243, 93
Trd, 4318647.443, 65
Trd, 4318647.493, 126
Trd, 4318649.393, 92
Trd, 4318649.843, 110
Trd, 4318650.743, 133
Trd, 4318652.293, 92
Trd, 4318652.593, 100
Trd, 4318652.793, 105
Trd, 4318653.693, 77
Trd, 4318653.843, 67
Trd, 4318654.043, 87
Trd, 4318654.293, 125
Trd, 4318655.493, 72
Trd, 4318656.643, 63
Trd, 4318657.143, 60
Trd, 4318657.343, 66
Trd, 4318657.593, 107
Trd, 4318658.043, 133
Trd, 4318658.543, 137
Trd, 4318658.843, 139
Trd, 4318659.943, 105
Trd, 4318662.243, 128
Trd, 4318662.443, 105
Trd, 4318663.293, 68
Trd, 4318663.793, 90
Trd, 4318663.943, 124
Trd, 4318666.143, 62
Trd, 4318666.343, 65
Trd, 4318666.443, 70
Trd, 4318667.043, 60
Trd, 4318668.293, 76
Trd, 4318668.743, 61
Trd, 4318669.743, 82
Trd, 4318670.443, 119
Trd, 4318670.493, 128
Trd, 4318671.193, 91
Trd, 4318672.593, 122
Trd, 4318672.743, 120
Trd, 4318673.093, 111
Trd, 4318674.593, 115
Trd, 4318675.243, 122
Trd, 4318675.493, 109
Trd, 4318675.593, 104
Trd, 4318675.943, 75
Trd, 4318676.443, 106
Trd, 4318677.443, 119
Trd, 4318677.643, 126
Trd, 4318678.043, 119
Trd, 4318679.093, 134
Trd, 4318679.193, 101
Trd, 4318680.093, 129
Trd, 4318680.493, 115
Trd, 4318681.243, 80
Trd, 4318682.143, 122
Trd, 4318683.893, 67
Trd, 4318684.243, 81
Trd, 4318685.343, 90
Trd, 4318685.643, 105
Trd, 4318686.743, 64
Trd, 4318686.993, 68
Trd, 4318687.143, 70
Trd, 4318688.193, 109
Trd, 4318688.293, 129
Trd, 4318688.543, 75
Trd, 4318689.343, 138
Trd, 4318690.593, 129
Trd, 4318690.643, 79
Trd, 4318691.193, 114
Trd, 4318692.893, 133
Trd, 4318693.293, 133
Trd, 4318693.943, 100
Trd, 4318694.343, 131
Trd, 4318694.943, 135
Trd, 4318696.293, 107
Trd, 4318696.343, 104
Trd, 4318696.793, 134
Trd, 4318696.893, 106
Trd, 4318697.743, 136
Trd, 4318698.143, 131
Trd, 4318698.243, 96
Trd, 4318699.093, 138
Trd, 4318700.643, 127
Trd, 4318700.843, 109
Trd, 4318701.443, 84
Trd, 4318702.143, 93
Trd, 4318702.443, 125
Trd, 4318703.443, 137
Trd, 4318703.993, 140
Trd, 4318704.993, 93
Trd, 4318705.243, 108
Trd, 4318705.493, 137
Trd, 4318706.743, 85
Trd, 4318706.943, 76
Trd, 4318708.043, 69
Trd, 4318708.643, 120
Trd, 4318709.693, 125
Trd, 4318710.193, 96
Trd, 4318711.243, 138
Trd, 4318711.293, 128
Trd, 4318713.543, 138
Trd, 4318713.693, 123
Trd, 4318714.543, 81
Trd, 4318714.743, 73
Trd, 4318715.943, 105
Trd, 4318716.293, 86
Trd, 4318716.693, 139
Trd, 4318716.793, 139
Trd, 4318716.843, 126
Trd, 4318716.893, 115
Trd, 4318719.543, 108
Trd, 4318719.793, 134
Trd, 4318719.993, 131
Trd, 4318720.943, 110
Trd, 4318721.143, 106
Trd, 4318722.493, 97
Trd, 4318722.593, 101
Trd, 4318723.243, 115
Trd, 4318723.443, 83
Trd, 4318723.693, 67
Trd, 4318723.993, 134
Trd, 4318724.993, 73
Trd, 4318725.793, 113
Trd, 4318726.593, 84
Trd, 4318727.443, 139
Trd, 4318727.493, 138
Trd, 4318728.593, 91
Trd, 4318729.693, 60
Trd, 4318730.093, 115
Trd, 4318730.493, 71
Trd, 4318731.193, 67
Trd, 4318733.293, 61
Trd, 4318733.643, 60
Trd, 4318734.643, 60
Trd, 4318734.743, 90
Trd, 4318735.343, 71
Trd, 4318736.643, 116
Trd, 4318737.293, 86
Trd, 4318737.443, 86
Trd, 4318737.643, 83
Trd, 4318738.143, 137
Trd, 4318740.043, 135
Trd, 4318740.193, 93
Trd, 4318740.543, 89
Trd, 4318741.693, 127
Trd, 4318741.943, 106
Trd, 4318742.643, 90
Trd, 4318743.293, 84
Trd, 4318743.543, 86
Trd, 4318744.293, 89
Trd, 4318744.493, 101
Trd, 4318744.743, 108
Trd, 4318745.993, 140
Trd, 4318746.843, 140
Trd, 4318747.743, 91
Trd, 4318748.293, 95
Trd, 4318748.893, 137
Trd, 4318749.493, 81
Trd, 4318749.743, 75
Trd, 4318750.143, 140
Trd, 4318750.743, 123
Trd, 4318751.143, 116
Trd, 4318752.793, 122
Trd, 4318753.243, 89
Trd, 4318753.543, 71
Trd, 4318754.143, 77
Trd, 4318756.093, 123
Trd, 4318756.143, 105
Trd, 4318756.393, 137
Trd, 4318757.443, 94
Trd, 4318758.243, 87
Trd, 4318758.543, 74
Trd, 4318759.043, 67
Trd, 4318759.393, 136
Trd, 4318761.093, 102
Trd, 4318761.693, 103
Trd, 4318761.893, 120
Trd, 4318763.343, 103
Trd, 4318763.543, 99
Trd, 4318764.043, 90
Trd, 4318764.443, 119
Trd, 4318764.643, 80
Trd, 4318766.193, 77
Trd, 4318766.643, 67
Trd, 4318767.143, 82
Trd, 4318768.043, 116
Trd, 4318768.393, 95
Trd, 4318769.193, 78
Trd, 4318769.743, 83
Trd, 4318770.343, 75
Trd, 4318770.993, 122
Trd, 4318771.793, 119
Trd, 4318772.543, 140
Trd, 4318772.643, 134
Trd, 4318773.643, 67
Trd, 4318775.243, 137
Trd, 4318775.643, 133
Trd, 4318775.893, 121
Trd, 4318775.943, 118
Trd, 4318776.293, 109
Trd, 4318776.843, 137
Trd, 4318778.293, 109
Trd, 4318778.993, 135
Trd, 4318779.843, 122
Trd, 4318779.893, 105
Trd, 4318780.543, 66
Trd, 4318780.793, 103
Trd, 4318782.643, 117
Trd, 4318784.093, 138
Trd, 4318785.143, 129
Trd, 4318786.343, 130
Trd, 4318786.693, 122
Trd, 4318786.943, 75
Trd, 4318788.043, 81
Trd, 4318788.193, 83
Trd, 4318788.293, 63
Trd, 4318788.693, 112
Trd, 4318789.793, 61
Trd, 4318790.643, 67
Trd, 4318790.843, 77
Trd, 4318791.793, 123
Trd, 4318792.693, 71
Trd, 4318793.643, 60
Trd, 4318793.793, 62
Trd, 4318794.793, 138
Trd, 4318795.993, 140
Trd, 4318796.143, 125
Trd, 4318797.443, 108
Trd, 4318797.493, 88
Trd, 4318798.443, 123
Trd, 4318798.993, 134
Trd, 4318799.043, 79
Trd, 4318799.843, 70
Trd, 4318800.293, 96
Trd, 4318800.943, 133
Trd, 4318802.093, 140
Trd, 4318802.443, 108
Trd, 4318802.693, 89
Trd, 4318802.893, 128
Trd, 4318803.893, 132
Trd, 4318804.793, 128
Trd, 4318805.293, 121
Trd, 4318806.643, 132
Trd, 4318807.343, 139
Trd, 4318807.643, 114
Trd, 4318808.043, 101
Trd, 4318808.743, 99
Trd, 4318809.093, 99
Trd, 4318810.543, 126
Trd, 4318811.193, 97
Trd, 4318811.293, 88
Trd, 4318811.993, 139
Trd, 4318812.743, 125
Trd, 4318812.843, 121
Trd, 4318813.543, 134
Trd, 4318815.893, 131
Trd, 4318816.243, 119
Trd, 4318816.393, 117
Trd, 4318816.593, 103
Trd, 4318816.993, 117
Trd, 4318817.093, 98
Trd, 4318817.243, 137
Trd, 4318819.193, 65
Trd, 4318819.443, 86
Trd, 4318819.843, 135
Trd, 4318820.793, 138
Trd, 4318821.893, 140
Trd, 4318822.643, 136
Trd, 4318823.093, 129
Trd, 4318823.243, 123
Trd, 4318824.043, 104
Trd, 4318825.243, 61
Trd, 4318825.543, 65
Trd, 4318826.193, 137
Trd, 4318826.543, 119
Trd, 4318826.593, 97
Trd, 4318827.143, 60
Trd, 4318828.143, 63
Trd, 4318828.593, 108
Trd, 4318829.443, 116
Trd, 4318830.593, 75
Trd, 4318830.843, 92
Trd, 4318831.093, 102
Trd, 4318832.193, 139
Trd, 4318832.293, 111
Trd, 4318832.843, 77
Trd, 4318833.493, 83
Trd, 4318833.943, 84
Trd, 4318834.793, 71
Trd, 4318835.543, 60
Trd, 4318835.793, 88
Trd, 4318836.843, 82
Trd, 4318836.993, 106
Trd, 4318837.993, 113
Trd, 4318838.093, 108
Trd, 4318838.793, 95
Trd, 4318839.293, 71
Trd, 4318843.043, 138
Trd, 4318843.143, 130
Trd, 4318843.193, 120
Trd, 4318843.693, 131
Trd, 4318844.643, 131
Trd, 4318846.943, 132
Trd, 4318847.043, 124
Trd, 4318847.143, 111
Trd, 4318848.243, 140
Trd, 4318849.243, 140
Trd, 4318849.443, 111
Trd, 4318849.843, 125
Trd, 4318850.293, 124
Trd, 4318851.693, 135
Trd, 4318851.793, 130
Trd, 4318853.343, 124
Trd, 4318855.243, 138
Trd, 4318855.493, 114
Trd, 4318856.293, 137
Trd, 4318856.393, 125
Trd, 4318857.243, 116
Trd, 4318857.293, 99
Trd, 4318857.893, 140
Trd, 4318857.943, 98
Trd, 4318858.043, 89
Trd, 4318858.843, 87
Trd, 4318859.743, 92
Trd, 4318859.943, 108
Trd, 4318860.993, 128
Trd, 4318861.493, 137
Trd, 4318862.393, 126
Trd, 4318862.993, 122
Trd, 4318863.043, 96
Trd, 4318864.143, 138
Trd, 4318866.343, 107
Trd, 4318867.543, 88
Trd, 4318867.843, 111
Trd, 4318868.593, 103
Trd, 4318868.693, 91
Trd, 4318869.893, 70
Trd, 4318870.193, 110
Trd, 4318871.143, 113
Trd, 4318871.843, 78
Trd, 4318872.293, 126
Trd, 4318872.893, 134
Trd, 4318872.943, 103
Trd, 4318873.093, 107
Trd, 4318873.343, 79
Trd, 4318874.893, 109
Trd, 4318874.943, 90
Trd, 4318875.443, 98
Trd, 4318875.893, 121
Trd, 4318877.043, 99
Trd, 4318877.643, 98
Trd, 4318877.793, 66
Trd, 4318878.793, 135
Trd, 4318879.343, 67
Trd, 4318879.693, 124
Trd, 4318880.193, 66
Trd, 4318880.843, 62
Trd, 4318881.493, 129
Trd, 4318883.093, 90
Trd, 4318883.143, 117
Trd, 4318883.743, 62
Trd, 4318883.993, 70
Trd, 4318884.493, 100
Trd, 4318886.393, 74
Trd, 4318886.993, 83
Trd, 4318887.093, 86
Trd, 4318888.443, 89
Trd, 4318888.543, 65
Trd, 4318888.843, 84
Trd, 4318890.343, 133
Trd, 4318890.493, 130
Trd, 4318890.643, 96
Trd, 4318891.393, 106
Trd, 4318893.143, 136
Trd, 4318893.343, 115
Trd, 4318893.693, 111
Trd, 4318893.843, 106
Trd, 4318894.243, 97
Trd, 4318895.093, 136
Trd, 4318896.093, 124
Trd, 4318896.743, 130
Trd, 4318897.543, 82
Trd, 4318897.843, 73
Trd, 4318899.193, 140
Trd, 4318899.343, 114
Trd, 4318899.793, 106
Trd, 4318900.793, 134
Trd, 4318901.443, 107
Trd, 4318901.493, 97
Trd, 4318903.043, 100
Trd, 4318904.043, 128
Trd, 4318904.093, 101
Trd, 4318905.243, 109
Trd, 4318905.593, 140
Trd, 4318906.593, 87
Trd, 4318907.593, 136
Trd, 4318908.193, 112
Trd, 4318908.893, 127
Trd, 4318909.393, 117
Trd, 4318909.793, 118
Trd, 4318910.293, 80
Trd, 4318910.443, 64
Trd, 4318911.393, 94
Trd, 4318911.743, 99
Trd, 4318912.893, 68
Trd, 4318913.393, 139
Trd, 4318914.193, 72
Trd, 4318914.593, 64
Trd, 4318915.293, 61
Trd, 4318915.593, 87
Trd, 4318915.993, 86
Trd, 4318916.093, 69
Trd, 4318917.293, 139
Trd, 4318917.793, 116
Trd, 4318918.593, 124
Trd, 4318919.243, 76
Trd, 4318920.143, 108
Trd, 4318921.143, 95
Trd, 4318921.893, 117
Trd, 4318922.793, 67
Trd, 4318923.693, 62
Trd, 4318924.093, 60
Trd, 4318924.243, 111
Trd, 4318924.943, 63
Trd, 4318925.493, 111
Trd, 4318926.193, 83
Trd, 4318926.593, 77
Trd, 4318926.693, 62
Trd, 4318927.943, 72
Trd, 4318928.043, 79
Trd, 4318928.843, 102
Trd, 4318929.393, 101
Trd, 4318930.793, 114
Trd, 4318931.043, 109
Trd, 4318931.443, 129
Trd, 4318931.893, 112
Trd, 4318932.443, 130
Trd, 4318932.993, 116
Trd, 4318933.593, 101
Trd, 4318934.093, 73
Trd, 4318935.493, 134
Trd, 4318935.643, 100
Trd, 4318936.093, 108
Trd, 4318937.093, 81
Trd, 4318938.593, 100
Trd, 4318939.393, 119
Trd, 4318939.793, 139
Trd, 4318939.843, 109
Trd, 4318939.943, 110
Trd, 4318940.193, 139
Trd, 4318941.093, 105
Trd, 4318941.493, 116
Trd, 4318942.443, 134
Trd, 4318943.193, 125
Trd, 4318944.093, 122
Trd, 4318944.343, 87
Trd, 4318944.993, 77
Trd, 4318945.243, 116
Trd, 4318945.443, 135
Trd, 4318946.943, 130
Trd, 4318947.193, 93
Trd, 4318948.093, 127
Trd, 4318948.743, 133
Trd, 4318949.343, 107
Trd, 4318949.993, 93
Trd, 4318951.093, 85
Trd, 4318951.193, 63
Trd, 4318951.293, 91
Trd, 4318952.243, 84
Trd, 4318952.993, 99
Trd, 4318953.793, 137
Trd, 4318954.043, 123
Trd, 4318954.643, 87
Trd, 4318955.043, 135
Trd, 4318956.393, 139
Trd, 4318956.543, 136
Trd, 4318956.743, 105
Trd, 4318957.093, 79
Trd, 4318958.843, 61
Trd, 4318959.193, 67
Trd, 4318959.343, 62
Trd, 4318959.543, 70
Trd, 4318959.743, 129
Trd, 4318961.193, 130
Trd, 4318961.343, 123
Trd, 4318962.043, 102
Trd, 4318964.243, 110
Trd, 4318964.843, 87
Trd, 4318964.943, 85
Trd, 4318964.993, 117
Trd, 4318966.143, 114
Trd, 4318966.293, 113
Trd, 4318966.693, 124
Trd, 4318967.143, 139
Trd, 4318967.293, 118
Trd, 4318967.893, 86
Trd, 4318968.593, 113
Trd, 4318968.843, 76
Trd, 4318970.993, 128
Trd, 4318971.393, 109
Trd, 4318972.343, 134
Trd, 4318972.743, 79
Trd, 4318973.393, 137
Trd, 4318973.943, 107
Trd, 4318974.993, 90
Trd, 4318976.543, 134
Trd, 4318977.343, 126
Trd, 4318977.593, 96
Trd, 4318979.043, 127
Trd, 4318979.793, 113
Trd, 4318980.143, 93
Trd, 4318980.193, 132
Trd, 4318980.393, 90
Trd, 4318981.043, 92
Trd, 4318982.393, 74
Trd, 4318982.743, 106
Trd, 4318983.693, 137
Trd, 4318984.343, 74
Trd, 4318985.943, 63
Trd, 4318986.093, 74
Trd, 4318987.443, 64
Trd, 4318987.493, 83
Trd, 4318988.943, 88
Trd, 4318989.393, 90
Trd, 4318990.543, 130
Trd, 4318990.743, 121
Trd, 4318991.343, 96
Trd, 4318993.493, 135
Trd, 4318994.043, 112
Trd, 4318994.393, 109
Trd, 4318995.543, 136
Trd, 4318995.893, 125
Trd, 4318996.193, 116
Trd, 4318996.743, 133
Trd, 4318997.143, 126
Trd, 4318998.393, 130
Trd, 4318999.243, 93
Trd, 4318999.543, 95
Trd, 4319000.343, 83
Trd, 4319000.843, 130
Trd, 4319001.093, 119
Trd, 4319002.143, 98
Trd, 4319002.243, 94
Trd, 4319003.493, 64
Trd, 4319003.643, 100
Trd, 4319004.593, 133
Trd, 4319005.143, 75
Trd, 4319005.793, 110
Trd, 4319006.593, 75
Trd, 4319008.093, 65
Trd, 4319008.593, 74
Trd, 4319009.193, 82
Trd, 4319009.543, 61
Trd, 4319009.643, 76
Trd, 4319010.043, 101
Trd, 4319010.293, 100
Trd, 4319011.143, 126
Trd, 4319011.843, 130
Trd, 4319012.043, 118
Trd, 4319012.943, 126
Trd, 4319013.993, 103
Trd, 4319014.643, 112
Trd, 4319014.943, 117
Trd, 4319015.843, 129
Trd, 4319016.043, 130
Trd, 4319016.593, 136
Trd, 4319016.843, 114
Trd, 4319018.243, 134
Trd, 4319018.393, 132
Trd, 4319018.543, 132
Trd, 4319018.993, 103
Trd, 4319019.793, 136
Trd, 4319019.993, 135
Trd, 4319021.393, 126
Trd, 4319022.293, 134
Trd, 4319022.993, 128
Trd, 4319024.093, 78
Trd, 4319024.793, 129
Trd, 4319025.193, 101
Trd, 4319025.543, 86
Trd, 4319026.693, 126
Trd, 4319027.093, 139
Trd, 4319027.293, 97
Trd, 4319027.743, 131
Trd, 4319029.243, 99
Trd, 4319029.393, 83
Trd, 4319029.793, 64
Trd, 4319030.893, 133
Trd, 4319030.993, 115
Trd, 4319032.543, 67
Trd, 4319032.943, 88
Trd, 4319033.093, 65
Trd, 4319034.193, 91
Trd, 4319035.293, 101
Trd, 4319035.343, 103
Trd, 4319035.893, 78
Trd, 4319036.143, 98
Trd, 4319037.643, 135
Trd, 4319037.743, 129
Trd, 4319038.193, 103
Trd, 4319039.643, 78
Trd, 4319039.893, 73
Trd, 4319040.093, 97
Trd, 4319041.043, 104
Trd, 4319042.143, 140
Trd, 4319042.693, 136
Trd, 4319044.543, 135
Trd, 4319044.593, 115
Trd, 4319044.743, 98
Trd, 4319045.343, 113
Trd, 4319046.393, 133
Trd, 4319046.943, 122
Trd, 4319047.843, 114
Trd, 4319048.493, 101
Trd, 4319049.043, 100
Trd, 4319049.743, 99
Trd, 4319049.943, 114
Trd, 4319050.093, 74
Trd, 4319051.943, 97
Trd, 4319052.943, 85
Trd, 4319054.193, 121
Trd, 4319054.493, 102
Trd, 4319054.843, 95
Trd, 4319055.243, 87
Trd, 4319055.793, 99
Trd, 4319056.143, 66
Trd, 4319056.693, 109
Trd, 4319057.893, 65
Trd, 4319057.943, 65
Trd, 4319058.543, 63
Trd, 4319058.893, 76
Trd, 4319059.643, 97
Trd, 4319061.393, 103
Trd, 4319061.593, 101
Trd, 4319062.843, 107
Trd, 4319063.543, 90
Trd, 4319063.793, 102
Trd, 4319064.693, 111
Trd, 4319066.693, 129
Trd, 4319066.743, 125
Trd, 4319067.243, 135
Trd, 4319068.093, 126
Trd, 4319069.543, 122
Trd, 4319069.593, 108
Trd, 4319069.993, 92
Trd, 4319070.593, 86
Trd, 4319071.393, 86
Trd, 4319072.193, 111
Trd, 4319072.743, 130
Trd, 4319073.043, 64
Trd, 4319073.593, 103
Trd, 4319075.143, 65
Trd, 4319075.543, 84
Trd, 4319076.993, 136
Trd, 4319077.343, 119
Trd, 4319077.693, 105
Trd, 4319078.143, 103
Trd, 4319078.743, 131
Trd, 4319079.043, 117
Trd, 4319079.643, 118
Trd, 4319080.193, 70
Trd, 4319081.043, 120
Trd, 4319082.043, 84
Trd, 4319083.243, 85
Trd, 4319083.293, 98
Trd, 4319083.543, 102
Trd, 4319083.593, 81
Trd, 4319084.043, 89
Trd, 4319085.043, 140
Trd, 4319085.643, 125
Trd, 4319085.743, 99
Trd, 4319086.443, 73
Trd, 4319087.043, 79
Trd, 4319088.043, 137
Trd, 4319089.143, 135
Trd, 4319090.043, 106
Trd, 4319090.293, 109
Trd, 4319090.643, 89
Trd, 4319090.793, 88
Trd, 4319092.043, 85
Trd, 4319092.993, 80
Trd, 4319093.443, 85
Trd, 4319093.743, 125
Trd, 4319095.043, 106
Trd, 4319095.443, 104
Trd, 4319095.993, 60
Trd, 4319097.693, 107
Trd, 4319098.143, 124
Trd, 4319098.493, 128
Trd, 4319098.593, 134
Trd, 4319099.293, 132
Trd, 4319099.893, 111
Trd, 4319100.243, 109
Trd, 4319100.343, 87
Trd, 4319101.393, 111
Trd, 4319101.793, 85
Trd, 4319103.193, 115
Trd, 4319103.793, 71
Trd, 4319103.943, 73
Trd, 4319104.943, 106
Trd, 4319105.343, 136
Trd, 4319106.193, 133
Trd, 4319107.343, 104
Trd, 4319107.793, 114
Trd, 4319108.393, 102
Trd, 4319108.843, 97
Trd, 4319108.993, 122
Trd, 4319109.393, 107
Trd, 4319110.043, 82
Trd, 4319110.493, 101
Trd, 4319111.643, 68
Trd, 4319112.293, 136
Trd, 4319112.893, 130
Trd, 4319113.593, 140
Trd, 4319114.443, 83
Trd, 4319115.193, 103
Trd, 4319115.243, 103
Trd, 4319116.843, 104
Trd, 4319117.243, 127
Trd, 4319117.293, 108
Trd, 4319117.893, 131
Trd, 4319118.693, 140
Trd, 4319119.393, 76
Trd, 4319119.993, 105
Trd, 4319120.943, 137
Trd, 4319121.893, 113
Trd, 4319121.943, 108
Trd, 4319122.093, 131
Trd, 4319123.893, 100
Trd, 4319123.943, 102
Trd, 4319124.743, 85
Trd, 4319125.043, 110
Trd, 4319125.793, 65
Trd, 4319127.393, 139
Trd, 4319128.093, 85
Trd, 4319128.343, 84
Trd, 4319128.643, 93
Trd, 4319128.743, 92
Trd, 4319128.893, 138
Trd, 4319129.193, 83
Trd, 4319130.393, 127
Trd, 4319130.943, 85
Trd, 4319131.843, 93
Trd, 4319132.493, 114
Trd, 4319132.993, 115
Trd, 4319133.093, 110
Trd, 4319133.893, 108
Trd, 4319136.043, 72
Trd, 4319136.443, 75
Trd, 4319136.493, 124
Trd, 4319137.543, 120
Trd, 4319137.593, 96
Trd, 4319138.693, 84
Trd, 4319139.393, 139
Trd, 4319140.343, 92
Trd, 4319140.693, 92
Trd, 4319141.293, 136
Trd, 4319141.843, 134
Trd, 4319143.293, 62
Trd, 4319143.743, 71
Trd, 4319144.243, 98
Trd, 4319144.993, 111
Trd, 4319145.143, 63
Trd, 4319145.393, 101
Trd, 4319146.143, 82
Trd, 4319146.943, 89
Trd, 4319147.593, 67
Trd, 4319148.893, 84
Trd, 4319149.043, 77
Trd, 4319151.493, 64
Trd, 4319152.343, 104
Trd, 4319152.593, 132
Trd, 4319152.843, 65
Trd, 4319153.043, 106
Trd, 4319154.293, 92
Trd, 4319154.893, 128
Trd, 4319155.343, 139
Trd, 4319155.593, 139
Trd, 4319156.243, 139
Trd, 4319156.693, 106
Trd, 4319158.743, 138
Trd, 4319160.193, 134
Trd, 4319161.243, 129
Trd, 4319161.493, 111
Trd, 4319161.593, 101
Trd, 4319161.693, 132
Trd, 4319162.393, 140
Trd, 4319162.843, 109
Trd, 4319162.893, 90
Trd, 4319163.243, 90
Trd, 4319163.343, 112
Trd, 4319165.843, 63
Trd, 4319166.243, 86
Trd, 4319166.793, 103
Trd, 4319166.943, 112
Trd, 4319167.443, 140
Trd, 4319168.543, 127
Trd, 4319169.143, 104
Trd, 4319169.643, 117
Trd, 4319170.143, 120
Trd, 4319170.193, 84
Trd, 4319172.593, 135
Trd, 4319173.143, 136
Trd, 4319173.643, 124
Trd, 4319173.693, 114
Trd, 4319174.293, 138
Trd, 4319175.093, 132
Trd, 4319175.143, 131
Trd, 4319175.843, 136
Trd, 4319177.143, 99
Trd, 4319177.293, 103
Trd, 4319178.343, 138
Trd, 4319178.393, 136
Trd, 4319179.393, 117
Trd, 4319180.193, 115
Trd, 4319180.393, 132
Trd, 4319181.843, 65
Trd, 4319182.393, 94
Trd, 4319182.493, 97
Trd, 4319182.543, 68
Trd, 4319183.193, 127
Trd, 4319183.943, 107
Trd, 4319184.843, 85
Trd, 4319185.243, 107
Trd, 4319185.793, 123
Trd, 4319186.043, 95
Trd, 4319186.693, 89
Trd, 4319186.893, 63
Trd, 4319187.843, 62
Trd, 4319188.093, 63
Trd, 4319190.393, 62
Trd, 4319191.693, 114
Trd, 4319192.443, 103
Trd, 4319193.143, 85
Trd, 4319193.593, 111
Trd, 4319193.893, 69
Trd, 4319194.293, 69
Trd, 4319194.393, 76
Trd, 4319195.343, 66
Trd, 4319196.343, 76
Trd, 4319196.743, 98
Trd, 4319197.543, 72
Trd, 4319197.593, 67
Trd, 4319198.343, 133
Trd, 4319199.193, 61
Trd, 4319199.643, 102
Trd, 4319200.043, 74
Trd, 4319200.443, 96
Trd, 4319201.693, 115
Trd, 4319202.243, 79
Trd, 4319202.643, 106
Trd, 4319203.843, 68
Trd, 4319204.293, 94
Trd, 4319205.543, 63
Trd, 4319205.593, 74
Trd, 4319206.093, 80
Trd, 4319206.393, 123
Trd, 4319207.243, 137
Trd, 4319207.793, 95
Trd, 4319208.343, 87
Trd, 4319208.493, 90
Trd, 4319209.893, 140
Trd, 4319210.093, 108
Trd, 4319210.193, 120
Trd, 4319210.543, 104
Trd, 4319211.043, 108
Trd, 4319211.693, 138
Trd, 4319212.043, 85
Trd, 4319213.143, 133
Trd, 4319213.593, 119
Trd, 4319214.993, 138
Trd, 4319215.393, 136
Trd, 4319216.293, 100
Trd, 4319216.643, 96
Trd, 4319217.393, 131
Trd, 4319218.993, 106
Trd, 4319219.493, 122
Trd, 4319219.643, 106
Trd, 4319219.693, 102
Trd, 4319219.893, 127
Trd, 4319220.343, 133
Trd, 4319221.543, 107
Trd, 4319222.093, 106
Trd, 4319222.293, 125
Trd, 4319222.893, 95
Trd, 4319223.293, 111
Trd, 4319225.943, 126
Trd, 4319225.993, 120
Trd, 4319226.343, 97
Trd, 4319226.743, 117
Trd, 4319227.243, 97
Trd, 4319228.393, 129
Trd, 4319228.743, 134
Trd, 4319229.143, 133
Trd, 4319230.543, 104
Trd, 4319231.243, 111
Trd, 4319231.793, 111
Trd, 4319232.243, 77
Trd, 4319232.493, 69
Trd, 4319234.093, 130
Trd, 4319234.143, 122
Trd, 4319234.193, 69
Trd, 4319234.893, 85
Trd, 4319235.593, 123
Trd, 4319235.943, 134
Trd, 4319236.193, 131
Trd, 4319236.693, 134
Trd, 4319237.793, 123
Trd, 4319238.743, 128
Trd, 4319239.443, 130
Trd, 4319239.943, 125
Trd, 4319239.993, 109
Trd, 4319241.093, 107
Trd, 4319241.493, 91
Trd, 4319242.643, 73
Trd, 4319243.293, 132
Trd, 4319244.743, 85
Trd, 4319244.793, 83
Trd, 4319245.193, 71
Trd, 4319246.743, 134
Trd, 4319247.393, 104
Trd, 4319247.543, 85
Trd, 4319248.943, 135
Trd, 4319249.143, 118
Trd, 4319249.993, 94
Trd, 4319250.393, 78
Trd, 4319250.493, 97
Trd, 4319251.343, 90
Trd, 4319251.643, 135
Trd, 4319252.443, 131
Trd, 4319252.993, 101
Trd, 4319253.493, 74
Trd, 4319254.493, 138
Trd, 4319254.643, 126
Trd, 4319255.943, 64
Trd, 4319256.843, 97
Trd, 4319256.993, 69
Trd, 4319257.593, 93
Trd, 4319259.043, 123
Trd, 4319259.293, 108
Trd, 4319259.743, 119
Trd, 4319260.093, 117
Trd, 4319260.343, 124
Trd, 4319262.093, 119
Trd, 4319262.643, 114
Trd, 4319262.693, 99
Trd, 4319263.593, 106
Trd, 4319264.393, 100
Trd, 4319264.543, 139
Trd, 4319265.343, 102
Trd, 4319266.093, 119
Trd, 4319266.843, 138
Trd, 4319267.243, 120
Trd, 4319267.643, 109
Trd, 4319267.943, 83
Trd, 4319268.843, 60
Trd, 4319269.643, 134
Trd, 4319270.443, 127
Trd, 4319271.193, 129
Trd, 4319271.593, 101
Trd, 4319272.643, 95
Trd, 4319273.793, 121
Trd, 4319274.643, 119
Trd, 4319274.693, 115
Trd, 4319274.843, 113
Trd, 4319275.893, 137
Trd, 4319276.193, 137
Trd, 4319276.793, 109
Trd, 4319276.993, 102
Trd, 4319277.443, 73
Trd, 4319278.193, 107
Trd, 4319278.493, 117
Trd, 4319279.243, 125
Trd, 4319279.643, 85
Trd, 4319279.993, 84
Trd, 4319280.543, 82
Trd, 4319280.793, 115
Trd, 4319281.443, 130
Trd, 4319281.793, 103
Trd, 4319282.443, 64
Trd, 4319283.443, 139
Trd, 4319283.593, 118
Trd, 4319285.193, 136
Trd, 4319286.043, 130
Trd, 4319286.693, 129
Trd, 4319287.343, 132
Trd, 4319287.393, 113
Trd, 4319287.693, 136
Trd, 4319288.243, 102
Trd, 4319288.693, 99
Trd, 4319290.343, 139
Trd, 4319290.743, 128
Trd, 4319290.893, 116
Trd, 4319291.693, 98
Trd, 4319292.943, 123
Trd, 4319293.243, 121
Trd, 4319293.943, 139
Trd, 4319294.043, 133
Trd, 4319295.243, 121
Trd, 4319295.543, 124
Trd, 4319295.743, 133
Trd, 4319295.943, 106
Trd, 4319296.943, 137
Trd, 4319297.593, 70
Trd, 4319297.893, 96
Trd, 4319299.093, 74
Trd, 4319299.343, 126
Trd, 4319300.743, 72
Trd, 4319302.243, 104
Trd, 4319302.843, 64
Trd, 4319302.993, 65
Trd, 4319304.043, 85
Trd, 4319304.493, 108
Trd, 4319304.643, 87
Trd, 4319305.843, 133
Trd, 4319305.943, 125
Trd, 4319306.493, 114
Trd, 4319306.693, 103
Trd, 4319306.743, 88
Trd, 4319307.493, 77
Trd, 4319308.093, 83
Trd, 4319308.893, 133
Trd, 4319309.393, 124
Trd, 4319310.043, 110
Trd, 4319311.243, 123
Trd, 4319311.693, 115
Trd, 4319312.843, 114
Trd, 4319312.993, 104
Trd, 4319313.443, 87
Trd, 4319314.243, 72
Trd, 4319314.993, 86
Trd, 4319315.043, 93
Trd, 4319315.443, 131
Trd, 4319316.243, 112
Trd, 4319316.943, 88
Trd, 4319317.293, 110
Trd, 4319318.993, 110
Trd, 4319319.493, 122
Trd, 4319319.943, 92
Trd, 4319320.693, 130
Trd, 4319321.943, 94
Trd, 4319322.343, 91
Trd, 4319322.543, 140
Trd, 4319323.443, 120
Trd, 4319324.543, 102
Trd, 4319325.243, 78
Trd, 4319325.693, 79
Trd, 4319326.143, 69
Trd, 4319326.393, 111
Trd, 4319327.143, 139
Trd, 4319327.843, 103
Trd, 4319328.493, 82
Trd, 4319328.943, 91
Trd, 4319329.993, 110
Trd, 4319330.043, 119
Trd, 4319332.743, 113
Trd, 4319333.043, 107
Trd, 4319333.493, 124
Trd, 4319334.143, 131
Trd, 4319334.393, 124
Trd, 4319335.893, 122
Trd, 4319336.093, 94
Trd, 4319336.493, 85
Trd, 4319337.293, 94
Trd, 4319337.943, 102
Trd, 4319338.493, 138
Trd, 4319338.943, 116
Trd, 4319339.293, 105
Trd, 4319339.943, 118
Trd, 4319340.993, 97
Trd, 4319342.793, 133
Trd, 4319343.543, 133
Trd, 4319344.193, 119
Trd, 4319344.443, 131
Trd, 4319346.343, 132
Trd, 4319347.593, 115
Trd, 4319348.143, 132
Trd, 4319348.443, 116
Trd, 4319349.393, 90
Trd, 4319349.493, 91
Trd, 4319349.543, 103
Trd, 4319349.693, 104
Trd, 4319350.193, 137
Trd, 4319351.993, 106
Trd, 4319353.643, 138
Trd, 4319354.293, 136
Trd, 4319354.493, 101
Trd, 4319354.793, 117
Trd, 4319356.043, 121
Trd, 4319356.093, 112
Trd, 4319356.343, 90
Trd, 4319357.493, 119
Trd, 4319360.493, 90
Trd, 4319360.643, 140
Trd, 4319360.793, 102
Trd, 4319361.793, 92
Trd, 4319362.043, 100
Trd, 4319362.193, 62
Trd, 4319362.843, 95
Trd, 4319362.943, 100
Trd, 4319363.143, 93
Trd, 4319364.643, 132
Trd, 4319365.543, 139
Trd, 4319365.943, 125
Trd, 4319366.393, 117
Trd, 4319366.543, 113
Trd, 4319367.843, 125
Trd, 4319368.843, 137
Trd, 4319369.393, 98
Trd, 4319369.643, 91
Trd, 4319371.243, 61
Trd, 4319372.093, 111
Trd, 4319372.143, 114
Trd, 4319373.393, 77
Trd, 4319373.793, 92
Trd, 4319374.493, 100
Trd, 4319375.243, 111
Trd, 4319375.593, 62
Trd, 4319375.743, 107
Trd, 4319376.193, 103
Trd, 4319377.393, 60
Trd, 4319377.843, 98
Trd, 4319377.893, 106
Trd, 4319378.193, 88
Trd, 4319380.843, 82
Trd, 4319380.943, 65
Trd, 4319382.343, 109
Trd, 4319383.093, 100
Trd, 4319383.143, 110
Trd, 4319383.643, 95
Trd, 4319383.743, 85
Trd, 4319385.143, 108
Trd, 4319385.243, 107
Trd, 4319385.743, 99
Trd, 4319386.243, 92
Trd, 4319386.793, 61
Trd, 4319387.393, 78
Trd, 4319388.693, 128
Trd, 4319388.943, 83
Trd, 4319389.843, 137
Trd, 4319390.193, 122
Trd, 4319391.343, 135
Trd, 4319391.543, 80
Trd, 4319391.593, 94
Trd, 4319392.993, 132
Trd, 4319394.793, 105
Trd, 4319395.493, 131
Trd, 4319395.593, 88
Trd, 4319395.993, 139
Trd, 4319396.943, 140
Trd, 4319397.293, 114
Trd, 4319399.043, 139
Trd, 4319399.093, 118
Trd, 4319399.293, 107
Trd, 4319399.393, 85
Trd, 4319399.943, 100
Trd, 4319400.193, 67
Trd, 4319400.593, 90
Trd, 4319401.293, 83
Trd, 4319401.793, 73
Trd, 4319403.943, 140
Trd, 4319404.243, 109
Trd, 4319404.693, 108
Trd, 4319405.543, 113
Trd, 4319406.193, 105
Trd, 4319406.843, 83
Trd, 4319406.993, 122
Trd, 4319407.743, 95
Trd, 4319407.943, 138
Trd, 4319408.843, 81
Trd, 4319409.243, 116
Trd, 4319409.793, 61
Trd, 4319411.243, 139
Trd, 4319411.293, 124
Trd, 4319411.793, 74
Trd, 4319412.493, 115
Trd, 4319412.893, 110
Trd, 4319413.693, 136
Trd, 4319414.443, 99
Trd, 4319415.193, 78
Trd, 4319415.393, 63
Trd, 4319416.993, 60
Trd, 4319417.893, 98
Trd, 4319418.093, 116
Trd, 4319419.043, 127
Trd, 4319419.293, 105
Trd, 4319420.093, 74
Trd, 4319421.743, 128
Trd, 4319421.893, 126
Trd, 4319422.343, 103
Trd, 4319422.843, 85
Trd, 4319424.193, 138
Trd, 4319424.743, 87
Trd, 4319424.993, 135
Trd, 4319425.593, 131
Trd, 4319426.243, 63
Trd, 4319427.493, 60
Trd, 4319427.693, 82
Trd, 4319428.393, 83
Trd, 4319428.543, 79
Trd, 4319429.593, 100
Trd, 4319429.943, 112
Trd, 4319430.393, 97
Trd, 4319430.943, 113
Trd, 4319431.993, 63
Trd, 4319433.443, 82
Trd, 4319433.643, 66
Trd, 4319434.693, 81
Trd, 4319435.143, 94
Trd, 4319435.493, 108
Trd, 4319436.693, 137
Trd, 4319437.693, 111
Trd, 4319437.893, 94
Trd, 4319438.193, 103
Trd, 4319438.243, 90
Trd, 4319439.843, 71
Trd, 4319440.093, 120
Trd, 4319440.193, 118
Trd, 4319440.393, 110
Trd, 4319441.443, 126
Trd, 4319441.793, 89
Trd, 4319442.493, 95
Trd, 4319442.843, 61
Trd, 4319443.443, 132
Trd, 4319443.593, 127
Trd, 4319444.843, 78
Trd, 4319445.143, 92
Trd, 4319445.293, 118
Trd, 4319445.493, 100
Trd, 4319445.843, 67
Trd, 4319447.343, 134
Trd, 4319447.893, 117
Trd, 4319448.693, 130
Trd, 4319449.243, 111
Trd, 4319449.643, 115
Trd, 4319449.893, 135
Trd, 4319451.193, 100
Trd, 4319451.493, 84
Trd, 4319451.893, 113
Trd, 4319452.443, 135
Trd, 4319454.143, 133
Trd, 4319454.393, 121
Trd, 4319454.893, 99
Trd, 4319455.943, 79
Trd, 4319456.793, 116
Trd, 4319457.243, 137
Trd, 4319457.393, 98
Trd, 4319458.193, 90
Trd, 4319459.293, 111
Trd, 4319459.643, 134
Trd, 4319459.943, 105
Trd, 4319460.093, 123
Trd, 4319460.243, 99
Trd, 4319461.393, 127
Trd, 4319461.993, 110
Trd, 4319462.393, 66
Trd, 4319463.293, 105
Trd, 4319464.093, 60
Trd, 4319464.193, 65
Trd, 4319464.643, 99
Trd, 4319465.743, 83
Trd, 4319467.593, 136
Trd, 4319467.793, 112
Trd, 4319468.743, 107
Trd, 4319469.243, 129
Trd, 4319469.443, 104
Trd, 4319469.543, 100
Trd, 4319469.843, 88
Trd, 4319470.693, 70
Trd, 4319471.693, 114
Trd, 4319472.293, 119
Trd, 4319473.593, 127
Trd, 4319473.743, 109
Trd, 4319474.093, 103
Trd, 4319475.143, 93
Trd, 4319475.193, 97
Trd, 4319475.943, 129
Trd, 4319476.293, 91
Trd, 4319476.843, 106
Trd, 4319477.293, 126
Trd, 4319477.943, 80
Trd, 4319478.893, 74
Trd, 4319479.843, 100
Trd, 4319480.243, 92
Trd, 4319481.093, 114
Trd, 4319481.493, 89
Trd, 4319482.793, 107
Trd, 4319483.293, 94
Trd, 4319483.343, 89
Trd, 4319483.893, 123
Trd, 4319484.343, 72
Trd, 4319485.393, 122
Trd, 4319485.443, 89
Trd, 4319485.543, 85
Trd, 4319486.593, 134
Trd, 4319487.243, 135
Trd, 4319488.343, 130
Trd, 4319488.543, 121
Trd, 4319489.243, 70
Trd, 4319489.893, 91
Trd, 4319490.593, 62
Trd, 4319491.093, 68
Trd, 4319492.043, 65
Trd, 4319492.843, 132
Trd, 4319493.993, 133
Trd, 4319495.493, 129
Trd, 4319495.693, 129
Trd, 4319495.743, 115
Trd, 4319496.793, 105
Trd, 4319497.493, 104
Trd, 4319497.993, 128
Trd, 4319498.193, 128
Trd, 4319498.843, 136
Trd, 4319498.893, 92
Trd, 4319499.293, 70
Trd, 4319499.643, 136
Trd, 4319500.743, 60
Trd, 4319501.043, 68
Trd, 4319501.243, 105
Trd, 4319501.893, 131
Trd, 4319502.643, 111
Trd, 4319504.593, 138
Trd, 4319505.843, 137
Trd, 4319505.943, 108
Trd, 4319506.343, 107
Trd, 4319506.443, 105
Trd, 4319507.443, 115
Trd, 4319508.493, 125
Trd, 4319508.743, 81
Trd, 4319509.943, 64
Trd, 4319510.043, 76
Trd, 4319511.193, 69
Trd, 4319511.493, 96
Trd, 4319511.793, 126
Trd, 4319511.893, 73
Trd, 4319512.493, 125
Trd, 4319513.143, 77
Trd, 4319513.593, 91
Trd, 4319514.893, 126
Trd, 4319515.843, 138
Trd, 4319516.343, 139
Trd, 4319516.693, 106
Trd, 4319516.943, 138
Trd, 4319517.093, 103
Trd, 4319517.543, 85
Trd, 4319518.543, 114
Trd, 4319519.843, 136
Trd, 4319520.493, 136
Trd, 4319520.993, 104
Trd, 4319521.143, 81
Trd, 4319521.393, 111
Trd, 4319522.893, 114
Trd, 4319523.543, 96
Trd, 4319525.293, 132
Trd, 4319526.693, 115
Trd, 4319526.893, 90
Trd, 4319527.143, 117
Trd, 4319527.543, 81
Trd, 4319527.993, 129
Trd, 4319528.543, 128
Trd, 4319528.943, 79
Trd, 4319529.443, 136
Trd, 4319530.693, 106
Trd, 4319531.543, 134
Trd, 4319532.243, 103
Trd, 4319532.743, 67
Trd, 4319534.243, 137
Trd, 4319534.493, 107
Trd, 4319535.043, 118
Trd, 4319536.443, 113
Trd, 4319536.643, 132
Trd, 4319536.893, 101
Trd, 4319537.843, 136
Trd, 4319538.293, 120
Trd, 4319538.443, 97
Trd, 4319539.343, 134
Trd, 4319539.743, 109
Trd, 4319540.193, 113
Trd, 4319540.843, 108
Trd, 4319540.943, 105
Trd, 4319541.893, 120
Trd, 4319542.043, 92
Trd, 4319542.943, 117
Trd, 4319543.643, 123
Trd, 4319543.693, 69
Trd, 4319544.193, 94
Trd, 4319544.693, 140
Trd, 4319545.843, 114
Trd, 4319546.893, 139
Trd, 4319546.943, 132
Trd, 4319546.993, 119
Trd, 4319547.793, 93
Trd, 4319548.243, 118
Trd, 4319548.893, 78
Trd, 4319548.993, 115
Trd, 4319550.243, 63
Trd, 4319551.043, 63
Trd, 4319551.543, 77
Trd, 4319552.893, 140
Trd, 4319553.593, 129
Trd, 4319553.743, 131
Trd, 4319554.493, 109
Trd, 4319554.893, 132
Trd, 4319555.143, 111
Trd, 4319555.493, 85
Trd, 4319556.043, 99
Trd, 4319557.843, 112
Trd, 4319557.893, 99
Trd, 4319558.543, 112
Trd, 4319558.993, 111
Trd, 4319559.543, 92
Trd, 4319560.043, 87
Trd, 4319560.743, 62
Trd, 4319561.143, 61
Trd, 4319561.443, 137
Trd, 4319562.193, 81
Trd, 4319562.793, 70
Trd, 4319563.243, 91
Trd, 4319563.593, 124
Trd, 4319564.193, 67
Trd, 4319564.493, 113
Trd, 4319564.893, 129
Trd, 4319565.943, 130
Trd, 4319565.993, 121
Trd, 4319567.393, 94
Trd, 4319568.343, 122
Trd, 4319568.543, 109
Trd, 4319570.293, 136
Trd, 4319571.493, 132
Trd, 4319571.543, 126
Trd, 4319571.843, 120
Trd, 4319572.143, 116
Trd, 4319572.193, 103
Trd, 4319572.793, 113
Trd, 4319573.593, 79
Trd, 4319573.943, 123
Trd, 4319575.393, 127
Trd, 4319575.943, 117
Trd, 4319577.243, 133
Trd, 4319577.593, 131
Trd, 4319577.693, 117
Trd, 4319579.193, 138
Trd, 4319579.543, 138
Trd, 4319580.343, 116
Trd, 4319580.743, 133
Trd, 4319581.293, 111
Trd, 4319581.393, 105
Trd, 4319581.643, 132
Trd, 4319582.743, 136
Trd, 4319583.043, 130
Trd, 4319583.943, 119
Trd, 4319584.243, 102
Trd, 4319585.393, 132
Trd, 4319587.243, 138
Trd, 4319587.593, 138
Trd, 4319588.393, 111
Trd, 4319588.593, 124
Trd, 4319588.643, 96
Trd, 4319589.893, 112
Trd, 4319590.193, 139
Trd, 4319591.193, 114
Trd, 4319591.543, 96
Trd, 4319592.993, 103
Trd, 4319594.043, 139
Trd, 4319594.393, 133
Trd, 4319595.743, 134
Trd, 4319596.093, 140
Trd, 4319596.143, 107
Trd, 4319596.193, 103
Trd, 4319596.443, 114
Trd, 4319598.193, 129
Trd, 4319598.893, 81
Trd, 4319599.343, 77
Trd, 4319600.143, 109
Trd, 4319600.293, 70
Trd, 4319601.043, 68
Trd, 4319601.793, 80
Trd, 4319602.643, 123
Trd, 4319603.143, 104
Trd, 4319603.893, 92
Trd, 4319604.543, 109
Trd, 4319604.743, 118
Trd, 4319606.343, 123
Trd, 4319606.993, 72
Trd, 4319607.893, 61
Trd, 4319608.193, 64
Trd, 4319608.493, 62
Trd, 4319609.093, 83
Trd, 4319610.543, 123
Trd, 4319610.743, 118
Trd, 4319611.143, 116
Trd, 4319611.993, 74
Trd, 4319612.093, 120
Trd, 4319613.043, 136
Trd, 4319613.393, 129
Trd, 4319613.943, 77
Trd, 4319614.793, 71
Trd, 4319615.543, 65
Trd, 4319615.593, 69
Trd, 4319615.693, 97
Trd, 4319616.743, 116
Trd, 4319617.943, 129
Trd, 4319618.793, 91
Trd, 4319620.693, 99
Trd, 4319620.893, 82
Trd, 4319621.543, 127
Trd, 4319621.893, 61
Trd, 4319622.193, 99
Trd, 4319623.043, 90
Trd, 4319623.293, 103
Trd, 4319624.343, 118
Trd, 4319625.193, 125
Trd, 4319625.243, 114
Trd, 4319626.143, 128
Trd, 4319626.543, 123
Trd, 4319627.343, 100
Trd, 4319628.443, 123
Trd, 4319628.843, 114
Trd, 4319628.893, 109
Trd, 4319629.293, 107
Trd, 4319629.493, 91
Trd, 4319629.543, 131
Trd, 4319630.593, 114
Trd, 4319631.343, 66
Trd, 4319632.293, 119
Trd, 4319632.493, 105
Trd, 4319632.843, 124
Trd, 4319634.793, 140
Trd, 4319635.743, 136
Trd, 4319636.443, 117
Trd, 4319636.493, 131
Trd, 4319636.693, 114
Trd, 4319637.993, 121
Trd, 4319639.143, 113
Trd, 4319639.293, 123
Trd, 4319639.493, 110
Trd, 4319640.543, 118
Trd, 4319641.143, 134
Trd, 4319642.593, 104
Trd, 4319642.993, 97
Trd, 4319643.493, 104
Trd, 4319644.293, 126
Trd, 4319644.843, 129
Trd, 4319645.293, 96
Trd, 4319645.443, 129
Trd, 4319646.793, 107
Trd, 4319647.243, 94
Trd, 4319647.843, 101
Trd, 4319648.893, 61
Trd, 4319649.243, 106
Trd, 4319649.743, 116
Trd, 4319650.993, 98
Trd, 4319651.643, 85
Trd, 4319651.693, 82
Trd, 4319652.193, 85
Trd, 4319652.893, 70
Trd, 4319653.993, 129
Trd, 4319654.343, 77
Trd, 4319655.593, 82
Trd, 4319656.043, 96
Trd, 4319656.243, 120
Trd, 4319656.343, 96
Trd, 4319656.993, 79
Trd, 4319657.643, 85
Trd, 4319658.343, 103
Trd, 4319659.343, 134
Trd, 4319659.843, 105
Trd, 4319660.093, 98
Trd, 4319661.193, 140
Trd, 4319661.493, 96
Trd, 4319662.093, 73
Trd, 4319662.843, 64
Trd, 4319664.093, 89
Trd, 4319664.243, 71
Trd, 4319664.343, 91
Trd, 4319664.943, 75
Trd, 4319665.343, 73
Trd, 4319668.593, 120
Trd, 4319668.693, 113
Trd, 4319669.243, 116
Trd, 4319669.443, 99
Trd, 4319670.443, 125
Trd, 4319671.393, 136
Trd, 4319671.843, 110
Trd, 4319672.243, 110
Trd, 4319672.393, 136
Trd, 4319672.493, 104
Trd, 4319673.743, 136
Trd, 4319673.943, 113
Trd, 4319675.293, 127
Trd, 4319675.343, 109
Trd, 4319676.143, 107
Trd, 4319677.193, 91
Trd, 4319678.243, 131
Trd, 4319679.193, 100
Trd, 4319679.793, 99
Trd, 4319679.993, 128
Trd, 4319680.243, 98
Trd, 4319680.793, 106
Trd, 4319681.893, 61
Trd, 4319682.193, 60
Trd, 4319682.593, 64
Trd, 4319683.593, 66
Trd, 4319683.793, 89
Trd, 4319684.493, 74
Trd, 4319684.693, 92
Trd, 4319685.193, 95
Trd, 4319685.743, 107
Trd, 4319687.593, 124
Trd, 4319689.043, 136
Trd, 4319689.093, 127
Trd, 4319689.393, 119
Trd, 4319689.643, 115
Trd, 4319690.593, 97
Trd, 4319691.093, 133
Trd, 4319691.293, 82
Trd, 4319692.043, 73
Trd, 4319692.493, 88
Trd, 4319694.193, 68
Trd, 4319694.593, 72
Trd, 4319695.093, 62
Trd, 4319696.543, 115
Trd, 4319697.243, 80
Trd, 4319697.493, 117
Trd, 4319698.293, 128
Trd, 4319698.593, 123
Trd, 4319698.943, 108
Trd, 4319700.443, 91
Trd, 4319700.593, 81
Trd, 4319701.843, 92
Trd, 4319702.643, 67
Trd, 4319702.743, 78
Trd, 4319703.043, 96
Trd, 4319703.643, 96
Trd, 4319706.393, 97
Trd, 4319707.243, 90
Trd, 4319707.393, 100
Trd, 4319707.943, 127
Trd, 4319708.443, 100
Trd, 4319709.043, 104
Trd, 4319709.143, 94
Trd, 4319709.743, 139
Trd, 4319710.993, 96
Trd, 4319711.343, 91
Trd, 4319711.643, 105
Trd, 4319712.943, 120
Trd, 4319713.043, 119
Trd, 4319714.293, 138
Trd, 4319714.643, 90
Trd, 4319715.093, 81
Trd, 4319716.893, 138
Trd, 4319716.943, 114
Trd, 4319717.993, 78
Trd, 4319718.143, 139
Trd, 4319718.593, 103
Trd, 4319719.643, 133
Trd, 4319720.793, 111
Trd, 4319721.643, 81
Trd, 4319722.043, 82
Trd, 4319722.743, 135
Trd, 4319723.293, 110
Trd, 4319723.893, 77
Trd, 4319725.193, 79
Trd, 4319725.443, 73
Trd, 4319725.843, 115
Trd, 4319726.293, 96
Trd, 4319726.543, 115
Trd, 4319726.993, 112
Trd, 4319728.393, 139
Trd, 4319728.743, 128
Trd, 4319728.843, 121
Trd, 4319729.143, 109
Trd, 4319730.093, 115
Trd, 4319730.543, 113
Trd, 4319731.643, 135
Trd, 4319732.343, 129
Trd, 4319733.693, 118
Trd, 4319734.543, 97
Trd, 4319735.043, 138
Trd, 4319735.393, 95
Trd, 4319735.843, 113
Trd, 4319736.343, 87
Trd, 4319736.593, 130
Trd, 4319737.943, 128
Trd, 4319738.793, 132
Trd, 4319739.643, 120
Trd, 4319740.543, 135
Trd, 4319741.193, 114
Trd, 4319741.343, 107
Trd, 4319741.443, 91
Trd, 4319742.343, 122
Trd, 4319742.443, 121
Trd, 4319742.643, 81
Trd, 4319743.843, 116
Trd, 4319744.393, 135
Trd, 4319745.293, 106
Trd, 4319746.393, 112
Trd, 4319747.393, 119
Trd, 4319747.493, 106
Trd, 4319748.193, 110
Trd, 4319749.443, 122
Trd, 4319749.893, 117
Trd, 4319750.493, 126
Trd, 4319751.043, 139
Trd, 4319752.293, 117
Trd, 4319752.393, 80
Trd, 4319753.143, 120
Trd, 4319753.293, 96
Trd, 4319753.993, 139
Trd, 4319754.243, 106
Trd, 4319754.893, 101
Trd, 4319754.993, 92
Trd, 4319755.543, 72
Trd, 4319757.293, 132
Trd, 4319757.443, 124
Trd, 4319758.293, 100
Trd, 4319758.893, 72
Trd, 4319759.493, 125
Trd, 4319760.543, 136
Trd, 4319761.143, 122
Trd, 4319762.093, 128
Trd, 4319762.493, 125
Trd, 4319762.693, 96
Trd, 4319763.043, 138
Trd, 4319764.493, 88
Trd, 4319764.693, 85
Trd, 4319765.093, 85
Trd, 4319765.343, 61
Trd, 4319765.793, 64
Trd, 4319767.493, 125
Trd, 4319768.043, 135
Trd, 4319768.243, 125
Trd, 4319768.343, 105
Trd, 4319768.743, 80
Trd, 4319769.993, 132
Trd, 4319770.143, 123
Trd, 4319772.043, 71
Trd, 4319772.443, 66
Trd, 4319772.593, 71
Trd, 4319773.093, 118
Trd, 4319773.793, 135
Trd, 4319773.943, 131
Trd, 4319775.843, 133
Trd, 4319776.093, 88
Trd, 4319776.993, 137
Trd, 4319777.843, 96
Trd, 4319778.293, 120
Trd, 4319779.193, 113
Trd, 4319779.593, 82
Trd, 4319779.693, 67
Trd, 4319780.493, 136
Trd, 4319781.243, 79
Trd, 4319782.493, 122
Trd, 4319782.943, 115
Trd, 4319783.543, 83
Trd, 4319784.393, 134
Trd, 4319784.643, 98
Trd, 4319786.643, 137
Trd, 4319787.793, 125
Trd, 4319787.843, 124
Trd, 4319788.743, 140
Trd, 4319789.743, 137
Trd, 4319791.493, 129
Trd, 4319791.693, 126
Trd, 4319791.943, 135
Trd, 4319792.493, 120
Trd, 4319793.043, 112
Trd, 4319793.093, 99
Trd, 4319793.393, 119
Trd, 4319793.593, 88
Trd, 4319794.343, 136
Trd, 4319794.893, 120
Trd, 4319795.193, 100
Trd, 4319795.543, 81
Trd, 4319796.443, 95
Trd, 4319798.893, 110
Trd, 4319799.043, 85
Trd, 4319800.193, 110
Trd, 4319800.793, 109
Trd, 4319800.893, 138
Trd, 4319801.843, 82
Trd, 4319801.943, 136
Trd, 4319803.243, 124
Trd, 4319803.493, 79
Trd, 4319803.743, 81
Trd, 4319805.043, 111
Trd, 4319806.043, 131
Trd, 4319806.093, 100
Trd, 4319806.693, 90
Trd, 4319807.143, 135
Trd, 4319807.543, 89
Trd, 4319808.493, 79
Trd, 4319809.693, 65
Trd, 4319810.393, 140
Trd, 4319810.893, 100
Trd, 4319811.893, 117
Trd, 4319812.143, 118
Trd, 4319812.543, 132
Trd, 4319814.743, 133
Trd, 4319815.343, 136
Trd, 4319816.343, 101
Trd, 4319816.543, 111
Trd, 4319817.293, 96
Trd, 4319817.443, 77
Trd, 4319817.593, 109
Trd, 4319818.093, 61
Trd, 4319818.193, 84
Trd, 4319819.243, 117
Trd, 4319819.693, 102
Trd, 4319820.793, 139
Trd, 4319821.043, 127
Trd, 4319822.043, 125
Trd, 4319822.293, 70
Trd, 4319822.743, 140
Trd, 4319824.143, 117
Trd, 4319824.293, 90
Trd, 4319824.893, 86
Trd, 4319825.193, 136
Trd, 4319825.793, 113
Trd, 4319826.343, 83
Trd, 4319827.993, 100
Trd, 4319828.043, 88
Trd, 4319829.243, 138
Trd, 4319830.043, 102
Trd, 4319830.393, 94
Trd, 4319831.043, 60
Trd, 4319831.293, 66
Trd, 4319833.643, 119
Trd, 4319833.693, 99
Trd, 4319834.343, 114
Trd, 4319834.993, 114
Trd, 4319835.043, 108
Trd, 4319835.793, 138
Trd, 4319836.143, 96
Trd, 4319836.493, 62
Trd, 4319837.643, 69
Trd, 4319838.493, 65
Trd, 4319838.893, 81
Trd, 4319839.293, 61
Trd, 4319840.493, 93
Trd, 4319841.493, 63
Trd, 4319842.143, 70
Trd, 4319842.193, 121
Trd, 4319844.293, 88
Trd, 4319845.093, 78
Trd, 4319845.593, 79
Trd, 4319846.043, 67
Trd, 4319846.093, 61
Trd, 4319846.743, 66
Trd, 4319847.143, 83
Trd, 4319847.893, 71
Trd, 4319848.493, 92
Trd, 4319848.843, 78
Trd, 4319850.193, 116
Trd, 4319850.443, 121
Trd, 4319851.093, 69
Trd, 4319851.293, 108
Trd, 4319851.543, 105
Trd, 4319852.993, 62
Trd, 4319853.443, 88
Trd, 4319854.093, 111
Trd, 4319854.693, 62
Trd, 4319855.543, 76
Trd, 4319855.643, 90
Trd, 4319856.493, 93
Trd, 4319858.093, 129
Trd, 4319858.793, 107
Trd, 4319858.943, 78
Trd, 4319859.993, 61
Trd, 4319860.293, 65
Trd, 4319860.643, 75
Trd, 4319861.193, 62
Trd, 4319861.443, 62
Trd, 4319862.243, 72
Trd, 4319863.143, 132
Trd, 4319864.443, 93
Trd, 4319865.543, 110
Trd, 4319865.843, 121
Trd, 4319867.143, 133
Trd, 4319868.543, 102
Trd, 4319868.693, 73
Trd, 4319869.693, 96
Trd, 4319870.393, 81
Trd, 4319870.493, 69
Trd, 4319872.043, 126
Trd, 4319872.193, 96
Trd, 4319872.993, 91
Trd, 4319873.043, 68
Trd, 4319874.193, 108
Trd, 4319874.843, 105
Trd, 4319875.243, 71
Trd, 4319875.493, 97
Trd, 4319877.443, 67
Trd, 4319877.993, 91
Trd, 4319879.743, 120
Trd, 4319880.643, 127
Trd, 4319880.793, 135
Trd, 4319881.643, 131
Trd, 4319882.393, 138
Trd, 4319882.743, 135
Trd, 4319883.243, 110
Trd, 4319883.543, 99
Trd, 4319884.193, 139
Trd, 4319884.493, 126
Trd, 4319885.443, 105
Trd, 4319885.593, 110
Trd, 4319886.193, 73
Trd, 4319887.093, 81
Trd, 4319887.343, 133
Trd, 4319888.793, 138
Trd, 4319888.993, 117
Trd, 4319889.543, 135
Trd, 4319890.093, 70
Trd, 4319891.643, 136
Trd, 4319892.043, 118
Trd, 4319892.643, 108
Trd, 4319892.843, 139
Trd, 4319893.643, 133
Trd, 4319894.093, 134
Trd, 4319894.143, 119
Trd, 4319895.093, 125
Trd, 4319896.843, 133
Trd, 4319897.593, 109
Trd, 4319897.793, 101
Trd, 4319897.943, 100
Trd, 4319898.493, 131
Trd, 4319898.543, 92
Trd, 4319898.943, 135
Trd, 4319898.993, 74
Trd, 4319900.093, 135
Trd, 4319900.793, 131
Trd, 4319900.893, 102
Trd, 4319902.243, 127
Trd, 4319902.493, 104
Trd, 4319903.743, 96
Trd, 4319904.043, 122
Trd, 4319904.643, 106
Trd, 4319905.543, 113
Trd, 4319906.193, 112
Trd, 4319907.993, 79
Trd, 4319908.743, 119
Trd, 4319908.993, 121
Trd, 4319909.193, 135
Trd, 4319909.343, 93
Trd, 4319910.743, 119
Trd, 4319910.893, 104
Trd, 4319913.043, 117
Trd, 4319913.143, 115
Trd, 4319913.443, 109
Trd, 4319913.643, 101
Trd, 4319914.493, 138
Trd, 4319914.593, 101
Trd, 4319915.043, 115
Trd, 4319916.593, 140
Trd, 4319916.943, 108
Trd, 4319917.393, 134
Trd, 4319918.193, 105
Trd, 4319918.293, 99
Trd, 4319918.593, 100
Trd, 4319919.593, 94
Trd, 4319920.293, 79
Trd, 4319921.043, 121
Trd, 4319923.693, 134
Trd, 4319923.743, 129
Trd, 4319924.693, 104
Trd, 4319924.993, 116
Trd, 4319925.143, 102
Trd, 4319925.293, 85
Trd, 4319925.543, 130
Trd, 4319926.143, 107
Trd, 4319928.043, 101
Trd, 4319928.343, 80
Trd, 4319928.793, 101
Trd, 4319928.993, 117
Trd, 4319929.243, 88
Trd, 4319929.543, 77
Trd, 4319930.693, 140
Trd, 4319932.393, 89
Trd, 4319932.593, 137
Trd, 4319933.743, 119
Trd, 4319933.943, 126
Trd, 4319934.593, 139
Trd, 4319934.993, 120
Trd, 4319936.343, 136
Trd, 4319937.193, 133
Trd, 4319938.743, 133
Trd, 4319939.893, 125
Trd, 4319940.243, 113
Trd, 4319941.593, 117
Trd, 4319941.793, 124
Trd, 4319942.093, 113
Trd, 4319942.393, 117
Trd, 4319943.143, 97
Trd, 4319943.443, 129
Trd, 4319943.893, 86
Trd, 4319944.293, 126
Trd, 4319944.543, 111
Trd, 4319944.893, 88
Trd, 4319945.843, 94
Trd, 4319946.493, 64
Trd, 4319948.293, 65
Trd, 4319948.943, 115
Trd, 4319949.343, 113
Trd, 4319949.443, 110
Trd, 4319950.793, 63
Trd, 4319951.143, 71
Trd, 4319952.143, 66
Trd, 4319952.593, 69
Trd, 4319953.693, 106
Trd, 4319954.293, 99
Trd, 4319955.793, 72
Trd, 4319955.893, 68
Trd, 4319956.593, 60
Trd, 4319956.643, 62
Trd, 4319956.943, 69
Trd, 4319957.543, 85
Trd, 4319958.393, 92
Trd, 4319959.643, 134
Trd, 4319959.993, 129
Trd, 4319960.443, 117
Trd, 4319961.443, 130
Trd, 4319961.593, 135
Trd, 4319961.693, 136
Trd, 4319962.243, 119
Trd, 4319962.943, 134
Trd, 4319963.193, 108
Trd, 4319963.943, 123
Trd, 4319964.293, 105
Trd, 4319966.593, 132
Trd, 4319967.443, 135
Trd, 4319967.793, 136
Trd, 4319968.143, 96
Trd, 4319968.243, 94
Trd, 4319968.893, 92
Trd, 4319969.343, 122
Trd, 4319969.793, 108
Trd, 4319970.243, 131
Trd, 4319970.743, 94
Trd, 4319972.993, 128
Trd, 4319973.043, 126
Trd, 4319973.193, 108
Trd, 4319973.543, 131
Trd, 4319974.093, 115
Trd, 4319974.793, 103
Trd, 4319975.893, 119
Trd, 4319976.243, 106
Trd, 4319976.993, 139
Trd, 4319977.843, 129
Trd, 4319979.193, 138
Trd, 4319980.093, 127
Trd, 4319980.243, 119
Trd, 4319980.443, 99
Trd, 4319980.893, 136
Trd, 4319982.493, 107
Trd, 4319982.743, 106
Trd, 4319982.943, 102
Trd, 4319984.543, 138
Trd, 4319985.143, 83
Trd, 4319986.343, 138
Trd, 4319986.593, 135
Trd, 4319986.943, 120
Trd, 4319987.543, 115
Trd, 4319989.493, 135
Trd, 4319989.843, 93
Trd, 4319990.043, 99
Trd, 4319991.143, 129
Trd, 4319991.393, 133
Trd, 4319991.593, 123
Trd, 4319992.743, 121
Trd, 4319992.993, 121
Trd, 4319994.343, 137
Trd, 4319994.593, 118
Trd, 4319995.443, 115
Trd, 4319995.743, 123
Trd, 4319996.143, 107
Trd, 4319996.343, 102
Trd, 4319997.093, 132
Trd, 4319998.193, 134
