Trd, 4318168.043, 63
Trd, 4318168.743, 65
Trd, 4318172.093, 60
Trd, 4318172.143, 61
Trd, 4318172.393, 63
Trd, 4318172.443, 66
Trd, 4318174.043, 61
Trd, 4318174.493, 62
Trd, 4318174.543, 67
Trd, 4318174.893, 60
Trd, 4318175.943, 140
Trd, 4318176.443, 64
Trd, 4318176.543, 78
Trd, 4318177.143, 79
Trd, 4318178.043, 140
Trd, 4318178.143, 139
Trd, 4318179.343, 140
Trd, 4318179.593, 140
Trd, 4318180.193, 140
Trd, 4318180.643, 140
Trd, 4318180.693, 138
Trd, 4318182.243, 71
Trd, 4318183.443, 62
Trd, 4318183.843, 63
Trd, 4318184.143, 65
Trd, 4318184.593, 65
Trd, 4318185.893, 64
Trd, 4318186.193, 66
Trd, 4318186.643, 62
Trd, 4318186.843, 66
Trd, 4318188.293, 69
Trd, 4318189.443, 60
Trd, 4318190.693, 62
Trd, 4318190.843, 60
Trd, 4318191.693, 62
Trd, 4318192.093, 109
Trd, 4318192.543, 140
Trd, 4318193.193, 65
Trd, 4318193.493, 132
Trd, 4318193.793, 60
Trd, 4318195.293, 140
Trd, 4318195.593, 139
Trd, 4318196.543, 109
Trd, 4318196.843, 64
Trd, 4318196.993, 63
Trd, 4318197.893, 139
Trd, 4318199.093, 140
Trd, 4318199.493, 140
Trd, 4318200.043, 140
Trd, 4318200.343, 140
Trd, 4318200.643, 140
Trd, 4318201.343, 140
Trd, 4318202.493, 140
Trd, 4318203.043, 139
Trd, 4318203.643, 138
Trd, 4318203.943, 88
Trd, 4318205.243, 137
Trd, 4318206.093, 140
Trd, 4318206.543, 133
Trd, 4318209.093, 140
Trd, 4318209.543, 140
Trd, 4318209.943, 139
Trd, 4318209.993, 138
Trd, 4318210.143, 135
Trd, 4318210.843, 140
Trd, 4318211.043, 140
Trd, 4318211.193, 139
Trd, 4318212.193, 139
Trd, 4318212.593, 61
Trd, 4318215.143, 60
Trd, 4318216.743, 61
Trd, 4318216.843, 61
Trd, 4318217.043, 65
Trd, 4318217.293, 60
Trd, 4318217.993, 61
Trd, 4318219.493, 60
Trd, 4318220.043, 63
Trd, 4318220.943, 60
Trd, 4318221.393, 61
Trd, 4318221.493, 61
Trd, 4318221.793, 64
Trd, 4318222.643, 64
Trd, 4318223.193, 61
Trd, 4318223.893, 65
Trd, 4318224.793, 62
Trd, 4318225.543, 60
Trd, 4318226.243, 61
Trd, 4318226.343, 64
Trd, 4318226.593, 72
Trd, 4318227.443, 61
Trd, 4318229.493, 60
Trd, 4318229.593, 63
Trd, 4318230.143, 64
Trd, 4318230.743, 60
Trd, 4318231.643, 60
Trd, 4318232.793, 65
Trd, 4318233.893, 60
Trd, 4318234.243, 60
Trd, 4318234.743, 60
Trd, 4318236.393, 60
Trd, 4318236.443, 60
Trd, 4318237.593, 60
Trd, 4318238.943, 62
Trd, 4318239.843, 60
Trd, 4318240.193, 60
Trd, 4318240.293, 60
Trd, 4318240.793, 69
Trd, 4318241.093, 66
Trd, 4318241.943, 63
Trd, 4318243.493, 60
Trd, 4318244.043, 60
Trd, 4318244.543, 60
Trd, 4318245.293, 60
Trd, 4318245.743, 62
Trd, 4318246.343, 63
Trd, 4318247.493, 62
Trd, 4318249.243, 61
Trd, 4318249.293, 63
Trd, 4318249.443, 62
Trd, 4318250.943, 60
Trd, 4318251.043, 61
Trd, 4318251.243, 61
Trd, 4318251.843, 63
Trd, 4318252.293, 60
Trd, 4318252.693, 60
Trd, 4318253.243, 60
Trd, 4318253.643, 74
Trd, 4318256.093, 61
Trd, 4318256.293, 60
Trd, 4318256.543, 62
Trd, 4318257.843, 60
Trd, 4318259.393, 65
Trd, 4318259.943, 61
Trd, 4318260.543, 63
Trd, 4318260.693, 63
Trd, 4318262.143, 60
Trd, 4318262.543, 60
Trd, 4318262.993, 65
Trd, 4318263.043, 67
Trd, 4318263.443, 65
Trd, 4318263.993, 140
Trd, 4318264.143, 61
Trd, 4318264.893, 139
Trd, 4318266.543, 139
Trd, 4318266.893, 137
Trd, 4318267.643, 140
Trd, 4318268.293, 139
Trd, 4318268.693, 111
Trd, 4318268.993, 134
Trd, 4318270.793, 140
Trd, 4318271.093, 140
Trd, 4318271.843, 140
Trd, 4318272.343, 140
Trd, 4318273.093, 140
Trd, 4318273.293, 140
Trd, 4318274.443, 139
Trd, 4318275.593, 139
Trd, 4318275.743, 140
Trd, 4318276.643, 140
Trd, 4318277.593, 140
Trd, 4318278.193, 140
Trd, 4318279.893, 140
Trd, 4318280.043, 138
Trd, 4318280.243, 140
Trd, 4318280.643, 110
Trd, 4318281.043, 139
Trd, 4318281.243, 140
Trd, 4318281.993, 109
Trd, 4318282.043, 86
Trd, 4318283.493, 140
Trd, 4318284.193, 140
Trd, 4318284.493, 139
Trd, 4318284.693, 138
Trd, 4318285.243, 138
Trd, 4318285.393, 137
Trd, 4318286.793, 140
Trd, 4318287.043, 140
Trd, 4318287.493, 139
Trd, 4318287.843, 109
Trd, 4318289.693, 128
Trd, 4318290.093, 63
Trd, 4318290.193, 64
Trd, 4318291.093, 140
Trd, 4318291.543, 140
Trd, 4318291.793, 139
Trd, 4318293.343, 140
Trd, 4318293.443, 140
Trd, 4318293.993, 140
Trd, 4318294.993, 140
Trd, 4318295.643, 62
Trd, 4318296.093, 140
Trd, 4318296.793, 140
Trd, 4318297.143, 140
Trd, 4318298.793, 137
Trd, 4318299.643, 119
Trd, 4318299.693, 84
Trd, 4318300.343, 61
Trd, 4318301.543, 112
Trd, 4318301.593, 121
Trd, 4318302.243, 60
Trd, 4318302.393, 136
Trd, 4318303.193, 100
Trd, 4318303.543, 117
Trd, 4318303.793, 117
Trd, 4318304.293, 116
Trd, 4318304.693, 63
Trd, 4318305.393, 66
Trd, 4318307.043, 60
Trd, 4318307.193, 63
Trd, 4318307.943, 61
Trd, 4318308.543, 61
Trd, 4318308.943, 65
Trd, 4318309.193, 64
Trd, 4318310.243, 60
Trd, 4318311.243, 60
Trd, 4318311.743, 60
Trd, 4318313.043, 60
Trd, 4318313.293, 61
Trd, 4318313.643, 61
Trd, 4318313.993, 60
Trd, 4318314.443, 62
Trd, 4318315.693, 140
Trd, 4318316.293, 66
Trd, 4318317.093, 60
Trd, 4318317.943, 61
Trd, 4318318.243, 64
Trd, 4318319.743, 61
Trd, 4318319.993, 62
Trd, 4318320.493, 62
Trd, 4318321.093, 62
Trd, 4318321.543, 66
Trd, 4318322.593, 60
Trd, 4318323.643, 60
Trd, 4318324.193, 60
Trd, 4318324.493, 67
Trd, 4318325.393, 63
Trd, 4318326.193, 61
Trd, 4318326.493, 60
Trd, 4318326.543, 64
Trd, 4318326.593, 66
Trd, 4318326.793, 66
Trd, 4318328.793, 61
Trd, 4318330.393, 60
Trd, 4318330.693, 60
Trd, 4318330.743, 60
Trd, 4318330.793, 79
Trd, 4318331.193, 61
Trd, 4318331.843, 66
Trd, 4318333.193, 60
Trd, 4318333.743, 60
Trd, 4318334.893, 62
Trd, 4318335.093, 65
Trd, 4318335.843, 61
Trd, 4318336.443, 65
Trd, 4318337.093, 63
Trd, 4318337.593, 61
Trd, 4318340.943, 60
Trd, 4318341.143, 60
Trd, 4318341.193, 60
Trd, 4318341.293, 61
Trd, 4318341.343, 63
Trd, 4318342.043, 67
Trd, 4318342.993, 64
Trd, 4318343.743, 139
Trd, 4318343.893, 128
Trd, 4318344.743, 61
Trd, 4318345.343, 63
Trd, 4318346.443, 61
Trd, 4318346.643, 63
Trd, 4318346.693, 64
Trd, 4318347.093, 60
Trd, 4318348.343, 60
Trd, 4318348.743, 60
Trd, 4318349.943, 60
Trd, 4318350.593, 61
Trd, 4318351.893, 61
Trd, 4318352.843, 60
Trd, 4318354.643, 63
Trd, 4318354.843, 65
Trd, 4318354.893, 65
Trd, 4318355.143, 63
Trd, 4318356.193, 61
Trd, 4318356.593, 63
Trd, 4318356.793, 64
Trd, 4318357.693, 64
Trd, 4318358.193, 66
Trd, 4318358.293, 68
Trd, 4318358.593, 65
Trd, 4318359.343, 92
Trd, 4318359.843, 62
Trd, 4318360.793, 140
Trd, 4318360.943, 140
Trd, 4318361.993, 71
Trd, 4318362.543, 95
Trd, 4318362.943, 140
Trd, 4318363.193, 140
Trd, 4318364.143, 140
Trd, 4318364.993, 139
Trd, 4318367.443, 140
Trd, 4318367.693, 140
Trd, 4318367.793, 140
Trd, 4318367.993, 138
Trd, 4318368.043, 89
Trd, 4318368.593, 140
Trd, 4318369.093, 140
Trd, 4318369.443, 140
Trd, 4318369.543, 140
Trd, 4318370.943, 68
Trd, 4318371.643, 63
Trd, 4318372.843, 140
Trd, 4318373.143, 140
Trd, 4318373.293, 140
Trd, 4318373.943, 64
Trd, 4318374.693, 65
Trd, 4318375.693, 61
Trd, 4318376.293, 62
Trd, 4318376.343, 68
Trd, 4318377.143, 61
Trd, 4318377.293, 63
Trd, 4318378.693, 140
Trd, 4318378.743, 140
Trd, 4318379.593, 61
Trd, 4318381.043, 61
Trd, 4318382.043, 61
Trd, 4318383.193, 60
Trd, 4318383.243, 61
Trd, 4318383.743, 61
Trd, 4318383.993, 62
Trd, 4318384.243, 64
Trd, 4318384.743, 64
Trd, 4318385.743, 61
Trd, 4318386.893, 64
Trd, 4318386.943, 64
Trd, 4318388.793, 62
Trd, 4318388.893, 63
Trd, 4318389.543, 65
Trd, 4318390.793, 61
Trd, 4318391.493, 60
Trd, 4318391.693, 61
Trd, 4318392.343, 61
Trd, 4318393.043, 60
Trd, 4318395.043, 60
Trd, 4318395.593, 61
Trd, 4318396.293, 61
Trd, 4318397.193, 60
Trd, 4318397.693, 60
Trd, 4318398.193, 66
Trd, 4318398.243, 67
Trd, 4318399.743, 61
Trd, 4318399.943, 67
Trd, 4318401.393, 60
Trd, 4318401.843, 65
Trd, 4318402.693, 61
Trd, 4318403.993, 60
Trd, 4318404.143, 62
Trd, 4318404.193, 62
Trd, 4318405.093, 62
Trd, 4318405.343, 61
Trd, 4318406.043, 64
Trd, 4318406.243, 61
Trd, 4318406.993, 62
Trd, 4318407.943, 140
Trd, 4318408.393, 140
Trd, 4318408.493, 136
Trd, 4318408.793, 65
Trd, 4318410.093, 61
Trd, 4318410.243, 62
Trd, 4318411.393, 62
Trd, 4318413.943, 60
Trd, 4318414.093, 60
Trd, 4318414.643, 61
Trd, 4318415.543, 67
Trd, 4318415.643, 60
Trd, 4318416.043, 60
Trd, 4318416.543, 60
Trd, 4318416.843, 63
Trd, 4318418.793, 61
Trd, 4318419.093, 62
Trd, 4318419.593, 62
Trd, 4318420.893, 60
Trd, 4318421.093, 60
Trd, 4318421.843, 60
Trd, 4318422.693, 61
Trd, 4318422.993, 62
Trd, 4318423.343, 64
Trd, 4318423.393, 64
Trd, 4318423.943, 66
Trd, 4318423.993, 65
Trd, 4318425.443, 62
Trd, 4318426.893, 61
Trd, 4318427.693, 60
Trd, 4318427.793, 60
Trd, 4318428.593, 60
Trd, 4318428.793, 61
Trd, 4318429.593, 60
Trd, 4318431.243, 60
Trd, 4318432.443, 61
Trd, 4318433.343, 60
Trd, 4318433.893, 63
Trd, 4318434.443, 64
Trd, 4318434.593, 63
Trd, 4318435.693, 63
Trd, 4318435.793, 64
Trd, 4318436.493, 70
Trd, 4318436.793, 137
Trd, 4318437.043, 91
Trd, 4318437.493, 90
Trd, 4318438.943, 140
Trd, 4318439.343, 101
Trd, 4318439.793, 63
Trd, 4318440.043, 140
Trd, 4318440.343, 79
Trd, 4318441.593, 70
Trd, 4318441.693, 69
Trd, 4318442.143, 65
Trd, 4318442.893, 140
Trd, 4318443.643, 139
Trd, 4318444.893, 140
Trd, 4318445.043, 140
Trd, 4318445.093, 140
Trd, 4318445.543, 131
Trd, 4318446.493, 140
Trd, 4318446.543, 140
Trd, 4318447.243, 131
Trd, 4318448.243, 138
Trd, 4318448.643, 139
Trd, 4318449.243, 139
Trd, 4318449.993, 60
Trd, 4318450.693, 62
Trd, 4318451.043, 68
Trd, 4318452.693, 60
Trd, 4318453.293, 60
Trd, 4318453.593, 61
Trd, 4318454.293, 60
Trd, 4318454.743, 60
Trd, 4318455.743, 60
Trd, 4318456.443, 61
Trd, 4318456.993, 61
Trd, 4318457.193, 64
Trd, 4318458.643, 140
Trd, 4318458.793, 140
Trd, 4318459.093, 137
Trd, 4318459.393, 60
Trd, 4318459.943, 140
Trd, 4318462.093, 126
Trd, 4318462.243, 125
Trd, 4318462.943, 140
Trd, 4318463.493, 139
Trd, 4318463.743, 124
Trd, 4318464.793, 140
Trd, 4318465.743, 140
Trd, 4318466.043, 140
Trd, 4318466.693, 138
Trd, 4318466.743, 137
Trd, 4318467.143, 113
Trd, 4318467.593, 75
Trd, 4318468.643, 120
Trd, 4318469.543, 109
Trd, 4318470.993, 140
Trd, 4318471.193, 135
Trd, 4318471.543, 140
Trd, 4318472.743, 140
Trd, 4318473.593, 140
Trd, 4318473.793, 139
Trd, 4318474.093, 139
Trd, 4318475.043, 140
Trd, 4318475.493, 139
Trd, 4318476.493, 140
Trd, 4318476.693, 140
Trd, 4318478.393, 140
Trd, 4318479.293, 140
Trd, 4318479.843, 140
Trd, 4318479.943, 139
Trd, 4318480.443, 139
Trd, 4318480.793, 135
Trd, 4318481.093, 135
Trd, 4318481.193, 79
Trd, 4318482.343, 140
Trd, 4318483.743, 140
Trd, 4318483.893, 135
Trd, 4318484.393, 136
Trd, 4318484.593, 120
Trd, 4318485.193, 138
Trd, 4318485.793, 130
Trd, 4318486.343, 138
Trd, 4318486.693, 64
Trd, 4318487.193, 61
Trd, 4318488.543, 140
Trd, 4318489.093, 140
Trd, 4318489.843, 140
Trd, 4318489.993, 139
Trd, 4318490.843, 140
Trd, 4318491.843, 140
Trd, 4318492.143, 140
Trd, 4318492.243, 139
Trd, 4318492.443, 140
Trd, 4318493.443, 134
Trd, 4318494.943, 140
Trd, 4318495.043, 118
Trd, 4318495.143, 139
Trd, 4318495.443, 104
Trd, 4318496.793, 140
Trd, 4318497.093, 137
Trd, 4318497.343, 140
Trd, 4318497.893, 132
Trd, 4318498.443, 140
Trd, 4318500.193, 102
Trd, 4318500.843, 125
Trd, 4318501.393, 133
Trd, 4318502.493, 61
Trd, 4318502.993, 62
Trd, 4318503.143, 66
Trd, 4318503.693, 60
Trd, 4318505.943, 60
Trd, 4318506.043, 61
Trd, 4318506.343, 60
Trd, 4318506.793, 64
Trd, 4318508.393, 60
Trd, 4318508.793, 61
Trd, 4318509.743, 61
Trd, 4318509.893, 66
Trd, 4318510.143, 68
Trd, 4318512.093, 140
Trd, 4318512.593, 140
Trd, 4318512.643, 140
Trd, 4318513.443, 137
Trd, 4318513.793, 140
Trd, 4318514.543, 139
Trd, 4318514.993, 127
Trd, 4318515.243, 95
Trd, 4318515.993, 65
Trd, 4318516.593, 68
Trd, 4318516.993, 133
Trd, 4318517.343, 62
Trd, 4318518.143, 61
Trd, 4318518.343, 66
Trd, 4318518.593, 134
Trd, 4318519.443, 70
Trd, 4318521.343, 62
Trd, 4318521.743, 62
Trd, 4318522.743, 63
Trd, 4318523.293, 61
Trd, 4318524.143, 60
Trd, 4318524.493, 60
Trd, 4318525.593, 60
Trd, 4318526.493, 60
Trd, 4318527.493, 60
Trd, 4318527.793, 60
Trd, 4318528.593, 60
Trd, 4318529.043, 63
Trd, 4318529.143, 65
Trd, 4318529.343, 65
Trd, 4318529.593, 62
Trd, 4318530.793, 61
Trd, 4318531.343, 62
Trd, 4318533.693, 61
Trd, 4318533.943, 62
Trd, 4318534.593, 61
Trd, 4318535.643, 60
Trd, 4318535.843, 61
Trd, 4318536.143, 60
Trd, 4318536.393, 60
Trd, 4318536.793, 62
Trd, 4318537.143, 64
Trd, 4318537.343, 64
Trd, 4318538.093, 89
Trd, 4318538.493, 121
Trd, 4318539.343, 130
Trd, 4318540.343, 61
Trd, 4318541.143, 62
Trd, 4318541.343, 64
Trd, 4318542.143, 60
Trd, 4318543.893, 61
Trd, 4318544.043, 61
Trd, 4318544.493, 63
Trd, 4318544.643, 62
Trd, 4318545.093, 63
Trd, 4318545.743, 140
Trd, 4318547.443, 138
Trd, 4318548.343, 136
Trd, 4318548.443, 133
Trd, 4318549.043, 63
Trd, 4318549.793, 140
Trd, 4318550.493, 140
Trd, 4318551.593, 140
Trd, 4318551.743, 139
Trd, 4318551.993, 139
Trd, 4318553.493, 140
Trd, 4318553.843, 140
Trd, 4318553.893, 140
Trd, 4318554.443, 140
Trd, 4318554.993, 140
Trd, 4318556.893, 140
Trd, 4318557.343, 140
Trd, 4318557.493, 140
Trd, 4318557.593, 140
Trd, 4318557.843, 99
Trd, 4318557.943, 62
Trd, 4318558.643, 140
Trd, 4318559.793, 140
Trd, 4318560.043, 140
Trd, 4318561.643, 140
Trd, 4318561.893, 139
Trd, 4318562.493, 139
Trd, 4318562.543, 138
Trd, 4318562.793, 89
Trd, 4318563.993, 140
Trd, 4318564.143, 140
Trd, 4318564.543, 140
Trd, 4318566.043, 119
Trd, 4318566.493, 65
Trd, 4318566.843, 61
Trd, 4318568.193, 60
Trd, 4318569.143, 60
Trd, 4318569.743, 63
Trd, 4318569.893, 60
Trd, 4318570.543, 60
Trd, 4318571.043, 77
Trd, 4318572.243, 60
Trd, 4318573.093, 140
Trd, 4318573.493, 140
Trd, 4318574.043, 140
Trd, 4318574.243, 140
Trd, 4318574.643, 140
Trd, 4318574.993, 139
Trd, 4318575.693, 138
Trd, 4318575.993, 126
Trd, 4318576.293, 139
Trd, 4318577.593, 139
Trd, 4318579.043, 140
Trd, 4318579.493, 140
Trd, 4318579.793, 140
Trd, 4318580.243, 140
Trd, 4318580.793, 138
Trd, 4318581.743, 140
Trd, 4318581.793, 139
Trd, 4318582.793, 139
Trd, 4318583.743, 140
Trd, 4318583.893, 140
Trd, 4318585.493, 140
Trd, 4318585.593, 140
Trd, 4318585.643, 139
Trd, 4318586.643, 67
Trd, 4318587.343, 140
Trd, 4318587.793, 61
Trd, 4318588.043, 64
Trd, 4318589.493, 60
Trd, 4318589.843, 60
Trd, 4318590.093, 61
Trd, 4318592.043, 61
Trd, 4318593.243, 61
Trd, 4318593.643, 62
Trd, 4318593.943, 64
Trd, 4318594.943, 61
Trd, 4318595.443, 61
Trd, 4318595.543, 62
Trd, 4318596.493, 60
Trd, 4318596.593, 62
Trd, 4318597.293, 64
Trd, 4318597.593, 63
Trd, 4318597.993, 64
Trd, 4318598.243, 64
Trd, 4318598.793, 140
Trd, 4318598.893, 139
Trd, 4318599.693, 138
Trd, 4318600.143, 139
Trd, 4318601.393, 65
Trd, 4318603.443, 62
Trd, 4318603.493, 62
Trd, 4318603.943, 61
Trd, 4318604.043, 65
Trd, 4318604.393, 61
Trd, 4318604.493, 76
Trd, 4318605.143, 60
Trd, 4318606.593, 140
Trd, 4318606.643, 140
Trd, 4318607.543, 140
Trd, 4318607.993, 140
Trd, 4318608.693, 140
Trd, 4318609.093, 140
Trd, 4318609.143, 140
Trd, 4318610.043, 140
Trd, 4318610.643, 61
Trd, 4318610.843, 136
Trd, 4318612.143, 60
Trd, 4318612.393, 63
Trd, 4318612.993, 64
Trd, 4318614.643, 62
Trd, 4318615.193, 62
Trd, 4318615.743, 63
Trd, 4318616.393, 60
Trd, 4318616.643, 64
Trd, 4318617.293, 101
Trd, 4318617.443, 100
Trd, 4318618.843, 61
Trd, 4318621.043, 60
Trd, 4318621.443, 61
Trd, 4318622.793, 60
Trd, 4318622.993, 61
Trd, 4318623.593, 62
Trd, 4318624.443, 61
Trd, 4318624.943, 61
Trd, 4318624.993, 61
Trd, 4318625.143, 66
Trd, 4318626.693, 60
Trd, 4318627.343, 60
Trd, 4318627.893, 64
Trd, 4318628.143, 65
Trd, 4318629.093, 60
Trd, 4318629.293, 60
Trd, 4318629.793, 64
Trd, 4318631.193, 114
Trd, 4318631.343, 113
Trd, 4318631.993, 140
Trd, 4318632.743, 60
Trd, 4318633.793, 60
Trd, 4318634.243, 61
Trd, 4318635.593, 60
Trd, 4318636.193, 61
Trd, 4318636.843, 60
Trd, 4318637.293, 61
Trd, 4318637.693, 60
Trd, 4318638.443, 61
Trd, 4318639.343, 62
Trd, 4318640.293, 62
Trd, 4318640.493, 63
Trd, 4318641.743, 60
Trd, 4318643.343, 60
Trd, 4318644.143, 60
Trd, 4318645.143, 60
Trd, 4318645.343, 61
Trd, 4318645.943, 62
Trd, 4318646.193, 65
Trd, 4318648.293, 60
Trd, 4318648.643, 60
Trd, 4318648.893, 60
Trd, 4318649.143, 60
Trd, 4318649.493, 60
Trd, 4318650.993, 60
Trd, 4318651.443, 62
Trd, 4318651.993, 60
Trd, 4318652.943, 60
Trd, 4318654.193, 62
Trd, 4318654.643, 65
Trd, 4318656.193, 61
Trd, 4318656.443, 63
Trd, 4318657.443, 61
Trd, 4318657.793, 63
Trd, 4318658.243, 61
Trd, 4318659.493, 64
Trd, 4318659.743, 64
Trd, 4318660.893, 60
Trd, 4318661.193, 63
Trd, 4318661.243, 62
Trd, 4318661.493, 61
Trd, 4318662.043, 60
Trd, 4318662.943, 69
Trd, 4318663.243, 62
Trd, 4318663.643, 63
Trd, 4318664.893, 61
Trd, 4318665.343, 60
Trd, 4318665.843, 60
Trd, 4318665.893, 67
Trd, 4318666.743, 140
Trd, 4318667.143, 138
Trd, 4318667.443, 65
Trd, 4318668.143, 60
Trd, 4318669.693, 140
Trd, 4318670.393, 140
Trd, 4318671.093, 136
Trd, 4318671.193, 135
Trd, 4318671.793, 140
Trd, 4318672.593, 140
Trd, 4318672.643, 138
Trd, 4318674.193, 140
Trd, 4318674.493, 140
Trd, 4318675.043, 138
Trd, 4318675.943, 139
Trd, 4318676.843, 140
Trd, 4318677.643, 140
Trd, 4318677.743, 140
Trd, 4318678.743, 140
Trd, 4318679.543, 140
Trd, 4318679.593, 140
Trd, 4318680.793, 140
Trd, 4318681.893, 140
Trd, 4318682.043, 140
Trd, 4318682.993, 140
Trd, 4318683.393, 140
Trd, 4318684.193, 138
Trd, 4318684.693, 140
Trd, 4318685.093, 139
Trd, 4318685.393, 131
Trd, 4318686.193, 140
Trd, 4318686.543, 137
Trd, 4318687.193, 71
Trd, 4318687.843, 67
Trd, 4318688.093, 66
Trd, 4318689.243, 61
Trd, 4318689.993, 60
Trd, 4318690.093, 63
Trd, 4318690.693, 61
Trd, 4318691.393, 140
Trd, 4318691.693, 140
Trd, 4318692.193, 140
Trd, 4318693.043, 140
Trd, 4318693.343, 140
Trd, 4318693.443, 140
Trd, 4318693.693, 134
Trd, 4318694.793, 140
Trd, 4318695.443, 140
Trd, 4318695.893, 140
Trd, 4318697.093, 139
Trd, 4318697.543, 140
Trd, 4318698.943, 140
Trd, 4318699.793, 140
Trd, 4318700.193, 140
Trd, 4318700.893, 140
Trd, 4318701.243, 139
Trd, 4318701.343, 139
Trd, 4318702.293, 139
Trd, 4318702.343, 138
Trd, 4318702.893, 140
Trd, 4318703.493, 134
Trd, 4318704.393, 140
Trd, 4318704.443, 137
Trd, 4318706.093, 138
Trd, 4318707.143, 140
Trd, 4318708.193, 140
Trd, 4318708.343, 140
Trd, 4318709.043, 140
Trd, 4318709.293, 140
Trd, 4318709.943, 140
Trd, 4318710.193, 140
Trd, 4318710.643, 140
Trd, 4318711.793, 140
Trd, 4318712.943, 140
Trd, 4318713.043, 140
Trd, 4318713.243, 139
Trd, 4318714.393, 97
Trd, 4318714.793, 140
Trd, 4318715.243, 139
Trd, 4318715.793, 140
Trd, 4318715.843, 139
Trd, 4318716.343, 140
Trd, 4318717.593, 139
Trd, 4318717.993, 134
Trd, 4318718.793, 138
Trd, 4318718.893, 137
Trd, 4318720.043, 128
Trd, 4318720.143, 127
Trd, 4318720.643, 136
Trd, 4318721.593, 60
Trd, 4318721.793, 60
Trd, 4318723.643, 140
Trd, 4318723.693, 140
Trd, 4318724.193, 140
Trd, 4318724.943, 140
Trd, 4318725.243, 140
Trd, 4318726.893, 140
Trd, 4318728.043, 139
Trd, 4318729.743, 139
Trd, 4318729.893, 140
Trd, 4318730.393, 140
Trd, 4318730.593, 140
Trd, 4318730.893, 134
Trd, 4318730.993, 73
Trd, 4318731.793, 139
Trd, 4318732.643, 138
Trd, 4318733.243, 97
Trd, 4318734.093, 140
Trd, 4318734.693, 140
Trd, 4318735.243, 138
Trd, 4318736.593, 139
Trd, 4318737.793, 140
Trd, 4318738.193, 140
Trd, 4318738.693, 137
Trd, 4318738.843, 135
Trd, 4318739.193, 63
Trd, 4318739.293, 64
Trd, 4318739.493, 133
Trd, 4318740.143, 60
Trd, 4318741.393, 61
Trd, 4318742.643, 67
Trd, 4318743.543, 61
Trd, 4318744.143, 62
Trd, 4318745.693, 60
Trd, 4318745.893, 61
Trd, 4318747.043, 61
Trd, 4318748.343, 60
Trd, 4318749.493, 61
Trd, 4318749.593, 65
Trd, 4318750.043, 60
Trd, 4318750.093, 68
Trd, 4318751.993, 60
Trd, 4318752.243, 62
Trd, 4318753.043, 139
Trd, 4318753.443, 140
Trd, 4318753.493, 140
Trd, 4318753.943, 60
Trd, 4318754.643, 61
Trd, 4318754.793, 61
Trd, 4318756.793, 60
Trd, 4318757.193, 60
Trd, 4318757.293, 61
Trd, 4318758.493, 61
Trd, 4318759.343, 60
Trd, 4318759.893, 62
Trd, 4318760.893, 63
Trd, 4318761.243, 66
Trd, 4318762.693, 61
Trd, 4318762.793, 63
Trd, 4318764.843, 60
Trd, 4318765.393, 63
Trd, 4318766.643, 60
Trd, 4318767.043, 60
Trd, 4318767.343, 60
Trd, 4318767.793, 62
Trd, 4318768.043, 62
Trd, 4318768.143, 63
Trd, 4318770.193, 61
Trd, 4318770.743, 61
Trd, 4318771.293, 60
Trd, 4318771.693, 61
Trd, 4318772.443, 60
Trd, 4318773.693, 61
Trd, 4318774.343, 60
Trd, 4318774.693, 61
Trd, 4318775.243, 114
Trd, 4318776.493, 140
Trd, 4318776.743, 140
Trd, 4318777.193, 139
Trd, 4318777.493, 73
Trd, 4318778.993, 60
Trd, 4318779.393, 65
Trd, 4318779.643, 66
Trd, 4318779.693, 68
Trd, 4318780.043, 69
Trd, 4318780.893, 61
Trd, 4318782.043, 67
Trd, 4318783.643, 61
Trd, 4318783.693, 63
Trd, 4318784.493, 62
Trd, 4318784.643, 63
Trd, 4318786.593, 60
Trd, 4318787.093, 60
Trd, 4318787.243, 60
Trd, 4318787.293, 64
Trd, 4318789.093, 60
Trd, 4318790.243, 60
Trd, 4318790.543, 61
Trd, 4318790.943, 60
Trd, 4318791.393, 61
Trd, 4318791.993, 60
Trd, 4318792.193, 60
Trd, 4318793.243, 60
Trd, 4318793.743, 60
Trd, 4318794.343, 60
Trd, 4318794.743, 60
Trd, 4318795.243, 66
Trd, 4318795.393, 61
Trd, 4318795.643, 139
Trd, 4318796.193, 138
Trd, 4318796.293, 137
Trd, 4318797.693, 60
Trd, 4318798.293, 60
Trd, 4318798.843, 60
Trd, 4318799.043, 64
Trd, 4318799.943, 60
Trd, 4318800.743, 63
Trd, 4318800.843, 71
Trd, 4318802.643, 60
Trd, 4318802.893, 60
Trd, 4318802.943, 61
Trd, 4318803.693, 60
Trd, 4318804.393, 60
Trd, 4318805.293, 61
Trd, 4318805.343, 63
Trd, 4318808.443, 61
Trd, 4318809.193, 63
Trd, 4318810.843, 64
Trd, 4318812.293, 60
Trd, 4318812.393, 60
Trd, 4318812.493, 61
Trd, 4318812.793, 60
Trd, 4318813.243, 65
Trd, 4318813.793, 66
Trd, 4318814.443, 67
Trd, 4318814.493, 66
Trd, 4318814.593, 82
Trd, 4318815.043, 65
Trd, 4318815.543, 73
Trd, 4318816.293, 63
Trd, 4318816.393, 74
Trd, 4318817.643, 70
Trd, 4318819.643, 60
Trd, 4318819.943, 63
Trd, 4318820.193, 65
Trd, 4318820.393, 68
Trd, 4318820.743, 75
Trd, 4318821.343, 62
Trd, 4318822.893, 60
Trd, 4318823.143, 62
Trd, 4318824.843, 61
Trd, 4318824.943, 60
Trd, 4318825.593, 64
Trd, 4318826.343, 60
Trd, 4318826.743, 65
Trd, 4318827.143, 67
Trd, 4318830.593, 60
Trd, 4318831.693, 60
Trd, 4318831.793, 60
Trd, 4318832.243, 60
Trd, 4318832.393, 62
Trd, 4318833.093, 61
Trd, 4318833.443, 61
Trd, 4318834.393, 61
Trd, 4318834.593, 63
Trd, 4318834.943, 74
Trd, 4318835.143, 66
Trd, 4318835.493, 62
Trd, 4318836.793, 140
Trd, 4318838.093, 140
Trd, 4318838.393, 140
Trd, 4318839.093, 140
Trd, 4318839.943, 99
Trd, 4318840.643, 70
Trd, 4318840.943, 71
Trd, 4318841.143, 72
Trd, 4318843.143, 63
Trd, 4318843.293, 64
Trd, 4318844.493, 60
Trd, 4318844.643, 60
Trd, 4318844.943, 60
Trd, 4318845.593, 60
Trd, 4318845.943, 60
Trd, 4318847.343, 65
Trd, 4318848.093, 61
Trd, 4318849.393, 60
Trd, 4318849.443, 60
Trd, 4318850.193, 68
Trd, 4318851.193, 60
Trd, 4318851.993, 60
Trd, 4318852.343, 60
Trd, 4318853.093, 62
Trd, 4318853.343, 62
Trd, 4318855.393, 60
Trd, 4318855.443, 60
Trd, 4318856.243, 60
Trd, 4318857.393, 62
Trd, 4318858.043, 61
Trd, 4318858.293, 65
Trd, 4318858.593, 140
Trd, 4318858.793, 140
Trd, 4318859.443, 140
Trd, 4318859.943, 139
Trd, 4318860.843, 137
Trd, 4318861.293, 136
Trd, 4318861.393, 132
Trd, 4318862.643, 140
Trd, 4318862.893, 140
Trd, 4318862.993, 139
Trd, 4318864.593, 140
Trd, 4318865.343, 140
Trd, 4318865.493, 140
Trd, 4318866.793, 61
Trd, 4318867.143, 61
Trd, 4318867.443, 62
Trd, 4318868.293, 60
Trd, 4318869.143, 65
Trd, 4318869.343, 132
Trd, 4318869.743, 64
Trd, 4318870.193, 140
Trd, 4318871.243, 139
Trd, 4318872.293, 140
Trd, 4318872.443, 140
Trd, 4318872.693, 140
Trd, 4318872.793, 140
Trd, 4318872.893, 137
Trd, 4318875.693, 60
Trd, 4318875.993, 60
Trd, 4318876.093, 60
Trd, 4318876.343, 60
Trd, 4318878.143, 61
Trd, 4318878.293, 62
Trd, 4318878.443, 61
Trd, 4318878.643, 65
Trd, 4318879.393, 61
Trd, 4318879.643, 72
Trd, 4318880.043, 61
Trd, 4318880.743, 78
Trd, 4318881.293, 63
Trd, 4318881.743, 68
Trd, 4318882.393, 62
Trd, 4318882.493, 78
Trd, 4318883.093, 65
Trd, 4318884.193, 62
Trd, 4318884.293, 65
Trd, 4318884.843, 106
Trd, 4318885.743, 60
Trd, 4318887.143, 62
Trd, 4318888.193, 72
Trd, 4318888.543, 60
Trd, 4318888.743, 61
Trd, 4318890.543, 60
Trd, 4318890.593, 63
Trd, 4318890.943, 60
Trd, 4318891.043, 60
Trd, 4318891.343, 60
Trd, 4318891.843, 63
Trd, 4318892.343, 64
Trd, 4318892.843, 61
Trd, 4318893.143, 62
Trd, 4318894.993, 60
Trd, 4318895.943, 60
Trd, 4318896.943, 62
Trd, 4318897.593, 60
Trd, 4318897.893, 63
Trd, 4318898.843, 61
Trd, 4318899.143, 60
Trd, 4318899.193, 63
Trd, 4318900.793, 60
Trd, 4318901.593, 61
Trd, 4318902.693, 62
Trd, 4318903.793, 60
Trd, 4318904.043, 63
Trd, 4318904.843, 60
Trd, 4318907.343, 60
Trd, 4318908.193, 60
Trd, 4318908.393, 62
Trd, 4318908.843, 63
Trd, 4318908.943, 65
Trd, 4318908.993, 61
Trd, 4318909.043, 65
Trd, 4318909.093, 70
Trd, 4318909.443, 96
Trd, 4318911.493, 62
Trd, 4318912.093, 60
Trd, 4318912.243, 63
Trd, 4318913.143, 62
Trd, 4318913.643, 63
Trd, 4318914.243, 64
Trd, 4318914.293, 70
Trd, 4318915.793, 60
Trd, 4318918.043, 60
Trd, 4318918.693, 60
Trd, 4318919.593, 60
Trd, 4318919.893, 60
Trd, 4318920.293, 60
Trd, 4318920.393, 61
Trd, 4318921.093, 62
Trd, 4318921.193, 64
Trd, 4318921.743, 63
Trd, 4318922.293, 63
Trd, 4318922.593, 71
Trd, 4318922.893, 62
Trd, 4318923.393, 64
Trd, 4318923.693, 61
Trd, 4318923.893, 64
Trd, 4318924.793, 61
Trd, 4318926.243, 137
Trd, 4318926.293, 134
Trd, 4318927.593, 62
Trd, 4318927.643, 72
Trd, 4318928.043, 61
Trd, 4318928.343, 69
Trd, 4318929.443, 139
Trd, 4318932.293, 60
Trd, 4318932.993, 61
Trd, 4318933.793, 64
Trd, 4318934.143, 61
Trd, 4318934.293, 65
Trd, 4318934.543, 74
Trd, 4318935.543, 60
Trd, 4318935.793, 60
Trd, 4318936.593, 60
Trd, 4318937.393, 60
Trd, 4318938.693, 60
Trd, 4318938.893, 62
Trd, 4318938.943, 64
Trd, 4318939.193, 64
Trd, 4318940.393, 138
Trd, 4318940.993, 61
Trd, 4318941.343, 65
Trd, 4318941.993, 60
Trd, 4318942.593, 87
Trd, 4318943.343, 65
Trd, 4318944.243, 62
Trd, 4318944.993, 133
Trd, 4318945.693, 60
Trd, 4318946.443, 61
Trd, 4318947.693, 61
Trd, 4318948.293, 61
Trd, 4318949.843, 64
Trd, 4318949.993, 64
Trd, 4318950.293, 60
Trd, 4318951.243, 61
Trd, 4318951.743, 61
Trd, 4318951.843, 62
Trd, 4318953.143, 63
Trd, 4318953.293, 63
Trd, 4318953.793, 61
Trd, 4318953.943, 60
Trd, 4318954.893, 60
Trd, 4318955.693, 61
Trd, 4318955.893, 62
Trd, 4318956.493, 60
Trd, 4318956.843, 62
Trd, 4318957.143, 61
Trd, 4318957.493, 61
Trd, 4318958.293, 62
Trd, 4318958.843, 62
Trd, 4318960.093, 60
Trd, 4318960.193, 61
Trd, 4318961.693, 60
Trd, 4318962.443, 63
Trd, 4318962.593, 64
Trd, 4318963.143, 65
Trd, 4318964.393, 60
Trd, 4318964.493, 62
Trd, 4318964.943, 68
Trd, 4318966.443, 60
Trd, 4318966.843, 62
Trd, 4318967.943, 60
Trd, 4318968.293, 60
Trd, 4318968.593, 61
Trd, 4318969.193, 62
Trd, 4318969.643, 65
Trd, 4318969.793, 73
Trd, 4318971.443, 61
Trd, 4318973.043, 60
Trd, 4318973.593, 60
Trd, 4318973.993, 61
Trd, 4318974.943, 60
Trd, 4318975.143, 61
Trd, 4318975.843, 62
Trd, 4318976.243, 140
Trd, 4318977.243, 61
Trd, 4318978.843, 61
Trd, 4318979.143, 61
Trd, 4318979.693, 60
Trd, 4318979.893, 60
Trd, 4318980.493, 61
Trd, 4318980.743, 61
Trd, 4318981.193, 65
Trd, 4318981.243, 66
Trd, 4318982.493, 62
Trd, 4318982.893, 139
Trd, 4318983.593, 139
Trd, 4318983.843, 140
Trd, 4318983.893, 140
Trd, 4318984.843, 138
Trd, 4318985.793, 140
Trd, 4318986.793, 140
Trd, 4318988.893, 140
Trd, 4318989.193, 140
Trd, 4318989.643, 140
Trd, 4318989.893, 139
Trd, 4318990.643, 140
Trd, 4318990.843, 138
Trd, 4318990.943, 140
Trd, 4318991.143, 123
Trd, 4318992.593, 61
Trd, 4318992.693, 61
Trd, 4318992.843, 62
Trd, 4318992.993, 63
Trd, 4318993.693, 60
Trd, 4318994.893, 67
Trd, 4318995.143, 69
Trd, 4318996.043, 62
Trd, 4318996.243, 68
Trd, 4318997.193, 71
Trd, 4318998.043, 62
Trd, 4318999.893, 67
Trd, 4319000.593, 61
Trd, 4319000.893, 60
Trd, 4319001.693, 60
Trd, 4319002.143, 60
Trd, 4319002.493, 61
Trd, 4319002.793, 61
Trd, 4319002.993, 65
Trd, 4319003.443, 136
Trd, 4319004.743, 134
Trd, 4319005.143, 140
Trd, 4319005.393, 140
Trd, 4319006.193, 68
Trd, 4319006.643, 64
Trd, 4319006.693, 71
Trd, 4319008.293, 64
Trd, 4319008.443, 66
Trd, 4319008.543, 74
Trd, 4319008.843, 62
Trd, 4319008.893, 71
Trd, 4319010.643, 140
Trd, 4319012.093, 140
Trd, 4319013.443, 140
Trd, 4319014.143, 140
Trd, 4319014.293, 140
Trd, 4319014.593, 139
Trd, 4319015.593, 139
Trd, 4319015.643, 139
Trd, 4319016.193, 140
Trd, 4319016.293, 139
Trd, 4319017.143, 85
Trd, 4319017.493, 65
Trd, 4319018.593, 61
Trd, 4319019.343, 60
Trd, 4319019.843, 60
Trd, 4319020.943, 60
Trd, 4319021.343, 60
Trd, 4319021.493, 65
Trd, 4319022.943, 60
Trd, 4319023.443, 60
Trd, 4319023.693, 64
Trd, 4319026.243, 61
Trd, 4319026.443, 60
Trd, 4319026.693, 63
Trd, 4319027.193, 61
Trd, 4319028.093, 60
Trd, 4319028.593, 62
Trd, 4319029.693, 61
Trd, 4319031.143, 60
Trd, 4319031.293, 60
Trd, 4319031.543, 61
Trd, 4319032.143, 65
Trd, 4319032.193, 71
Trd, 4319033.643, 60
Trd, 4319034.293, 60
Trd, 4319035.193, 60
Trd, 4319035.793, 64
Trd, 4319036.393, 60
Trd, 4319036.793, 60
Trd, 4319039.543, 60
Trd, 4319039.843, 60
Trd, 4319041.043, 60
Trd, 4319041.643, 60
Trd, 4319041.893, 60
Trd, 4319042.743, 60
Trd, 4319042.993, 64
Trd, 4319043.543, 140
Trd, 4319043.643, 140
Trd, 4319044.043, 140
Trd, 4319044.193, 138
Trd, 4319045.393, 62
Trd, 4319045.993, 60
Trd, 4319046.793, 140
Trd, 4319047.593, 66
Trd, 4319048.543, 77
Trd, 4319049.493, 63
Trd, 4319050.043, 63
Trd, 4319051.243, 61
Trd, 4319051.593, 62
Trd, 4319051.893, 67
Trd, 4319052.143, 65
Trd, 4319053.393, 107
Trd, 4319053.543, 92
Trd, 4319053.993, 60
Trd, 4319054.843, 60
Trd, 4319054.893, 66
Trd, 4319055.843, 139
Trd, 4319056.943, 61
Trd, 4319057.643, 67
Trd, 4319057.843, 139
Trd, 4319058.093, 137
Trd, 4319058.793, 62
Trd, 4319059.293, 140
Trd, 4319059.443, 139
Trd, 4319060.293, 140
Trd, 4319060.543, 139
Trd, 4319060.643, 112
Trd, 4319061.693, 63
Trd, 4319062.893, 65
Trd, 4319063.893, 60
Trd, 4319064.643, 140
Trd, 4319064.693, 139
Trd, 4319065.143, 61
Trd, 4319066.393, 140
Trd, 4319066.993, 140
Trd, 4319067.143, 127
Trd, 4319067.743, 123
Trd, 4319067.843, 140
Trd, 4319068.543, 66
Trd, 4319068.743, 68
Trd, 4319069.693, 63
Trd, 4319069.993, 71
Trd, 4319071.293, 61
Trd, 4319071.493, 110
Trd, 4319072.593, 64
Trd, 4319073.393, 67
Trd, 4319073.643, 66
Trd, 4319074.293, 93
Trd, 4319074.843, 140
Trd, 4319075.593, 140
Trd, 4319076.243, 140
Trd, 4319076.493, 140
Trd, 4319076.893, 138
Trd, 4319077.793, 140
Trd, 4319078.143, 140
Trd, 4319079.393, 97
Trd, 4319079.743, 95
Trd, 4319079.993, 140
Trd, 4319080.193, 139
Trd, 4319080.893, 140
Trd, 4319082.143, 138
Trd, 4319082.243, 77
Trd, 4319083.443, 140
Trd, 4319083.543, 140
Trd, 4319083.893, 140
Trd, 4319084.243, 140
Trd, 4319084.793, 101
Trd, 4319085.193, 140
Trd, 4319085.843, 140
Trd, 4319085.893, 140
Trd, 4319086.993, 137
Trd, 4319088.693, 140
Trd, 4319088.993, 140
Trd, 4319089.043, 90
Trd, 4319089.543, 136
Trd, 4319091.093, 140
Trd, 4319091.743, 140
Trd, 4319092.843, 140
Trd, 4319093.793, 140
Trd, 4319094.143, 140
Trd, 4319094.893, 140
Trd, 4319096.193, 120
Trd, 4319096.693, 120
Trd, 4319096.943, 119
Trd, 4319097.443, 60
Trd, 4319098.193, 63
Trd, 4319098.593, 67
Trd, 4319099.343, 71
Trd, 4319100.143, 61
Trd, 4319100.293, 61
Trd, 4319101.393, 62
Trd, 4319102.293, 61
Trd, 4319102.743, 62
Trd, 4319104.793, 60
Trd, 4319105.243, 60
Trd, 4319106.993, 60
Trd, 4319107.393, 61
Trd, 4319107.743, 61
Trd, 4319107.843, 62
Trd, 4319109.343, 62
Trd, 4319109.643, 62
Trd, 4319110.393, 63
Trd, 4319111.243, 62
Trd, 4319112.293, 61
Trd, 4319112.543, 61
Trd, 4319113.243, 62
Trd, 4319114.543, 60
Trd, 4319114.743, 60
Trd, 4319115.093, 63
Trd, 4319115.893, 63
Trd, 4319116.093, 67
Trd, 4319116.393, 125
Trd, 4319116.793, 136
Trd, 4319117.543, 127
Trd, 4319117.743, 134
Trd, 4319118.893, 132
Trd, 4319120.343, 140
Trd, 4319120.743, 140
Trd, 4319120.943, 114
Trd, 4319121.143, 64
Trd, 4319121.393, 64
Trd, 4319121.843, 102
Trd, 4319122.493, 63
Trd, 4319123.343, 60
Trd, 4319124.093, 61
Trd, 4319124.793, 61
Trd, 4319125.893, 60
Trd, 4319127.293, 61
Trd, 4319127.843, 60
Trd, 4319127.893, 62
Trd, 4319128.343, 75
Trd, 4319128.543, 60
Trd, 4319129.143, 60
Trd, 4319129.493, 65
Trd, 4319130.893, 63
Trd, 4319131.693, 61
Trd, 4319133.393, 60
Trd, 4319133.643, 60
Trd, 4319134.893, 60
Trd, 4319134.943, 61
Trd, 4319135.993, 60
Trd, 4319136.293, 62
Trd, 4319136.493, 64
Trd, 4319137.393, 71
Trd, 4319137.743, 61
Trd, 4319139.443, 60
Trd, 4319139.493, 63
Trd, 4319139.993, 61
Trd, 4319140.643, 140
Trd, 4319140.693, 140
Trd, 4319141.793, 62
Trd, 4319142.343, 139
Trd, 4319142.993, 139
Trd, 4319143.443, 140
Trd, 4319143.993, 139
Trd, 4319144.343, 60
Trd, 4319145.193, 61
Trd, 4319145.593, 62
Trd, 4319146.493, 62
Trd, 4319146.893, 61
Trd, 4319147.743, 62
Trd, 4319147.943, 61
Trd, 4319148.343, 62
Trd, 4319148.893, 62
Trd, 4319149.643, 63
Trd, 4319150.093, 62
Trd, 4319150.643, 60
Trd, 4319151.493, 60
Trd, 4319151.593, 61
Trd, 4319152.493, 60
Trd, 4319153.943, 60
Trd, 4319154.493, 61
Trd, 4319155.493, 60
Trd, 4319157.093, 60
Trd, 4319157.493, 60
Trd, 4319157.693, 61
Trd, 4319158.593, 60
Trd, 4319158.893, 60
Trd, 4319159.043, 61
Trd, 4319160.043, 60
Trd, 4319160.543, 60
Trd, 4319160.593, 64
Trd, 4319161.143, 62
Trd, 4319161.793, 61
Trd, 4319163.093, 60
Trd, 4319163.343, 63
Trd, 4319164.943, 60
Trd, 4319164.993, 63
Trd, 4319165.543, 62
Trd, 4319166.993, 60
Trd, 4319167.693, 62
Trd, 4319167.743, 63
Trd, 4319168.993, 60
Trd, 4319169.493, 60
Trd, 4319170.443, 60
Trd, 4319170.593, 61
Trd, 4319171.393, 60
Trd, 4319171.793, 67
Trd, 4319172.693, 60
Trd, 4319172.993, 60
Trd, 4319173.493, 70
Trd, 4319174.943, 60
Trd, 4319175.543, 62
Trd, 4319177.243, 60
Trd, 4319177.543, 63
Trd, 4319179.693, 61
Trd, 4319180.243, 60
Trd, 4319180.593, 62
Trd, 4319180.943, 60
Trd, 4319181.793, 60
Trd, 4319181.943, 61
Trd, 4319182.493, 62
Trd, 4319183.643, 62
Trd, 4319183.743, 62
Trd, 4319183.893, 61
Trd, 4319185.393, 140
Trd, 4319185.893, 140
Trd, 4319185.993, 140
Trd, 4319186.643, 140
Trd, 4319187.593, 140
Trd, 4319187.793, 138
Trd, 4319188.593, 139
Trd, 4319189.293, 138
Trd, 4319189.393, 138
Trd, 4319191.093, 140
Trd, 4319191.393, 140
Trd, 4319191.443, 140
Trd, 4319191.943, 140
Trd, 4319193.293, 140
Trd, 4319193.743, 140
Trd, 4319193.793, 138
Trd, 4319194.843, 140
Trd, 4319194.993, 138
Trd, 4319195.993, 68
Trd, 4319196.343, 139
Trd, 4319196.843, 102
Trd, 4319198.093, 140
Trd, 4319199.093, 137
Trd, 4319199.143, 122
Trd, 4319200.043, 140
Trd, 4319200.893, 71
Trd, 4319202.043, 61
Trd, 4319202.293, 66
Trd, 4319203.093, 62
Trd, 4319203.743, 60
Trd, 4319204.193, 70
Trd, 4319205.343, 64
Trd, 4319206.093, 65
Trd, 4319206.343, 66
Trd, 4319207.343, 62
Trd, 4319207.693, 69
Trd, 4319208.643, 140
Trd, 4319209.043, 123
Trd, 4319210.393, 60
Trd, 4319212.343, 61
Trd, 4319212.893, 61
Trd, 4319214.493, 60
Trd, 4319214.693, 60
Trd, 4319215.293, 60
Trd, 4319215.743, 64
Trd, 4319215.993, 66
Trd, 4319216.093, 71
Trd, 4319216.193, 64
Trd, 4319216.493, 63
Trd, 4319216.943, 120
Trd, 4319218.393, 139
Trd, 4319219.193, 106
Trd, 4319219.293, 99
Trd, 4319219.743, 62
Trd, 4319220.693, 69
Trd, 4319220.793, 75
Trd, 4319221.693, 131
Trd, 4319222.493, 115
Trd, 4319223.043, 68
Trd, 4319223.243, 61
Trd, 4319223.743, 62
Trd, 4319225.793, 60
Trd, 4319226.043, 62
Trd, 4319226.243, 63
Trd, 4319226.393, 64
Trd, 4319227.443, 63
Trd, 4319227.843, 63
Trd, 4319228.043, 62
Trd, 4319228.593, 60
Trd, 4319228.743, 63
Trd, 4319228.993, 64
Trd, 4319230.043, 64
Trd, 4319231.793, 60
Trd, 4319233.343, 61
Trd, 4319233.393, 68
Trd, 4319234.893, 61
Trd, 4319235.343, 60
Trd, 4319235.893, 61
Trd, 4319236.143, 62
Trd, 4319236.443, 62
Trd, 4319237.193, 60
Trd, 4319237.443, 67
Trd, 4319237.643, 60
Trd, 4319238.593, 61
Trd, 4319240.193, 60
Trd, 4319241.343, 61
Trd, 4319242.043, 62
Trd, 4319243.043, 64
Trd, 4319243.743, 64
Trd, 4319244.043, 62
Trd, 4319244.743, 60
Trd, 4319244.893, 60
Trd, 4319245.243, 140
Trd, 4319246.193, 60
Trd, 4319247.243, 61
Trd, 4319247.643, 63
Trd, 4319247.943, 60
Trd, 4319248.293, 140
Trd, 4319248.543, 120
Trd, 4319249.093, 120
Trd, 4319249.593, 138
Trd, 4319250.793, 60
Trd, 4319250.993, 60
Trd, 4319252.043, 140
Trd, 4319252.093, 139
Trd, 4319252.443, 138
Trd, 4319252.693, 140
Trd, 4319253.993, 139
Trd, 4319254.543, 62
Trd, 4319254.593, 66
Trd, 4319255.643, 140
Trd, 4319255.993, 140
Trd, 4319257.293, 140
Trd, 4319257.393, 139
Trd, 4319257.793, 85
Trd, 4319258.193, 139
Trd, 4319259.293, 60
Trd, 4319259.943, 131
Trd, 4319261.343, 64
Trd, 4319261.793, 66
Trd, 4319262.743, 61
Trd, 4319263.593, 61
Trd, 4319263.643, 63
Trd, 4319263.693, 64
Trd, 4319265.693, 62
Trd, 4319266.443, 60
Trd, 4319266.643, 70
Trd, 4319267.193, 140
Trd, 4319267.693, 60
Trd, 4319268.993, 140
Trd, 4319269.093, 140
Trd, 4319269.193, 140
Trd, 4319269.243, 140
Trd, 4319270.093, 140
Trd, 4319270.743, 140
Trd, 4319271.143, 140
Trd, 4319271.593, 140
Trd, 4319272.643, 105
Trd, 4319273.543, 139
Trd, 4319274.343, 140
Trd, 4319275.143, 140
Trd, 4319275.443, 140
Trd, 4319275.643, 140
Trd, 4319277.743, 140
Trd, 4319278.393, 140
Trd, 4319278.443, 116
Trd, 4319278.693, 61
Trd, 4319279.193, 60
Trd, 4319280.793, 62
Trd, 4319281.243, 65
Trd, 4319281.893, 60
Trd, 4319282.143, 61
Trd, 4319282.493, 60
Trd, 4319283.143, 71
Trd, 4319283.743, 60
Trd, 4319283.893, 60
Trd, 4319284.243, 70
Trd, 4319286.043, 63
Trd, 4319287.043, 62
Trd, 4319288.393, 60
Trd, 4319288.793, 61
Trd, 4319288.893, 66
Trd, 4319289.293, 61
Trd, 4319289.393, 63
Trd, 4319290.643, 64
Trd, 4319291.043, 63
Trd, 4319291.593, 62
Trd, 4319292.243, 61
Trd, 4319295.043, 60
Trd, 4319295.593, 60
Trd, 4319295.993, 61
Trd, 4319296.043, 60
Trd, 4319296.343, 62
Trd, 4319296.843, 61
Trd, 4319296.993, 65
Trd, 4319297.543, 61
Trd, 4319298.043, 65
Trd, 4319298.593, 60
Trd, 4319298.793, 60
Trd, 4319299.293, 60
Trd, 4319299.593, 133
Trd, 4319300.543, 140
Trd, 4319300.843, 140
Trd, 4319302.143, 140
Trd, 4319302.193, 140
Trd, 4319303.943, 140
Trd, 4319303.993, 140
Trd, 4319304.943, 63
Trd, 4319305.343, 66
Trd, 4319305.643, 138
Trd, 4319306.693, 139
Trd, 4319307.193, 91
Trd, 4319307.693, 63
Trd, 4319309.343, 62
Trd, 4319309.543, 62
Trd, 4319309.893, 62
Trd, 4319310.093, 63
Trd, 4319312.243, 60
Trd, 4319312.893, 60
Trd, 4319312.943, 64
Trd, 4319313.343, 62
Trd, 4319313.493, 65
Trd, 4319314.043, 140
Trd, 4319314.443, 140
Trd, 4319314.893, 134
Trd, 4319316.393, 64
Trd, 4319316.643, 60
Trd, 4319317.143, 61
Trd, 4319318.143, 60
Trd, 4319318.593, 61
Trd, 4319318.743, 65
Trd, 4319319.493, 60
Trd, 4319321.593, 60
Trd, 4319322.343, 60
Trd, 4319322.393, 61
Trd, 4319322.643, 62
Trd, 4319323.093, 64
Trd, 4319323.143, 68
Trd, 4319323.893, 60
Trd, 4319324.893, 61
Trd, 4319325.093, 62
Trd, 4319325.843, 61
Trd, 4319327.643, 60
Trd, 4319328.693, 63
Trd, 4319328.893, 65
Trd, 4319329.243, 60
Trd, 4319329.693, 62
Trd, 4319330.343, 61
Trd, 4319331.243, 60
Trd, 4319331.993, 60
Trd, 4319333.343, 61
Trd, 4319333.893, 65
Trd, 4319334.543, 60
Trd, 4319336.643, 60
Trd, 4319336.693, 61
Trd, 4319337.093, 60
Trd, 4319338.643, 60
Trd, 4319339.543, 60
Trd, 4319339.993, 60
Trd, 4319340.443, 60
Trd, 4319341.243, 60
Trd, 4319341.443, 60
Trd, 4319342.143, 60
Trd, 4319342.193, 60
Trd, 4319344.443, 61
Trd, 4319344.593, 68
Trd, 4319344.643, 60
Trd, 4319345.493, 60
Trd, 4319346.693, 60
Trd, 4319346.743, 61
Trd, 4319347.693, 60
Trd, 4319347.893, 63
Trd, 4319348.243, 61
Trd, 4319349.993, 60
Trd, 4319350.193, 61
Trd, 4319350.543, 62
Trd, 4319350.793, 60
Trd, 4319351.043, 62
Trd, 4319353.043, 60
Trd, 4319353.693, 63
Trd, 4319354.793, 61
Trd, 4319354.943, 60
Trd, 4319355.393, 62
Trd, 4319355.593, 62
Trd, 4319355.693, 63
Trd, 4319356.043, 72
Trd, 4319356.693, 61
Trd, 4319357.543, 139
Trd, 4319357.893, 97
Trd, 4319360.193, 62
Trd, 4319360.393, 64
Trd, 4319360.843, 63
Trd, 4319361.743, 62
Trd, 4319362.693, 60
Trd, 4319362.793, 64
Trd, 4319363.443, 62
Trd, 4319364.293, 62
Trd, 4319365.393, 61
Trd, 4319365.893, 60
Trd, 4319366.893, 60
Trd, 4319367.393, 60
Trd, 4319367.843, 60
Trd, 4319368.443, 60
Trd, 4319368.593, 61
Trd, 4319370.193, 60
Trd, 4319371.293, 60
Trd, 4319371.993, 61
Trd, 4319372.393, 61
Trd, 4319372.893, 61
Trd, 4319373.343, 62
Trd, 4319373.443, 65
Trd, 4319373.593, 70
Trd, 4319374.343, 139
Trd, 4319374.543, 138
Trd, 4319375.743, 140
Trd, 4319375.893, 140
Trd, 4319376.243, 140
Trd, 4319376.943, 138
Trd, 4319377.843, 140
Trd, 4319378.493, 138
Trd, 4319378.693, 118
Trd, 4319379.343, 107
Trd, 4319379.793, 138
Trd, 4319380.843, 138
Trd, 4319381.543, 135
Trd, 4319382.093, 140
Trd, 4319382.293, 95
Trd, 4319383.343, 95
Trd, 4319384.793, 140
Trd, 4319385.093, 140
Trd, 4319385.643, 137
Trd, 4319386.393, 140
Trd, 4319387.393, 140
Trd, 4319387.993, 140
Trd, 4319388.393, 140
Trd, 4319389.643, 140
Trd, 4319390.193, 140
Trd, 4319390.493, 140
Trd, 4319390.593, 138
Trd, 4319391.793, 140
Trd, 4319391.843, 98
Trd, 4319392.243, 86
Trd, 4319394.043, 140
Trd, 4319394.193, 140
Trd, 4319394.893, 140
Trd, 4319394.943, 140
Trd, 4319395.493, 139
Trd, 4319396.043, 140
Trd, 4319396.093, 80
Trd, 4319397.343, 139
Trd, 4319397.443, 134
Trd, 4319397.893, 120
Trd, 4319399.443, 140
Trd, 4319400.193, 140
Trd, 4319400.293, 140
Trd, 4319400.593, 139
Trd, 4319401.043, 137
Trd, 4319401.393, 140
Trd, 4319401.993, 140
Trd, 4319403.793, 140
Trd, 4319404.343, 140
Trd, 4319405.293, 140
Trd, 4319406.593, 140
Trd, 4319406.893, 140
Trd, 4319406.993, 140
Trd, 4319408.793, 140
Trd, 4319408.843, 140
Trd, 4319409.443, 140
Trd, 4319409.643, 140
Trd, 4319410.143, 140
Trd, 4319412.243, 140
Trd, 4319412.743, 140
Trd, 4319413.743, 140
Trd, 4319414.093, 140
Trd, 4319414.693, 140
Trd, 4319414.943, 140
Trd, 4319416.043, 140
Trd, 4319416.543, 140
Trd, 4319418.593, 140
Trd, 4319418.943, 140
Trd, 4319419.243, 138
Trd, 4319420.143, 139
Trd, 4319420.693, 139
Trd, 4319420.743, 91
Trd, 4319421.593, 140
Trd, 4319421.693, 71
Trd, 4319423.243, 60
Trd, 4319423.743, 61
Trd, 4319424.043, 61
Trd, 4319424.293, 73
Trd, 4319424.743, 63
Trd, 4319426.193, 139
Trd, 4319426.343, 138
Trd, 4319426.593, 92
Trd, 4319427.993, 139
Trd, 4319428.793, 140
Trd, 4319428.893, 114
Trd, 4319429.243, 138
Trd, 4319429.543, 139
Trd, 4319430.343, 60
Trd, 4319430.693, 71
Trd, 4319431.643, 63
Trd, 4319432.593, 62
Trd, 4319433.093, 62
Trd, 4319433.893, 62
Trd, 4319435.993, 60
Trd, 4319436.893, 61
Trd, 4319436.993, 65
Trd, 4319437.643, 60
Trd, 4319438.543, 61
Trd, 4319438.743, 63
Trd, 4319439.593, 63
Trd, 4319440.543, 61
Trd, 4319441.293, 62
Trd, 4319441.543, 63
Trd, 4319441.943, 64
Trd, 4319442.543, 66
Trd, 4319443.293, 139
Trd, 4319443.543, 64
Trd, 4319443.893, 131
Trd, 4319445.093, 60
Trd, 4319445.243, 66
Trd, 4319446.193, 60
Trd, 4319447.093, 61
Trd, 4319448.443, 64
Trd, 4319449.343, 60
Trd, 4319449.693, 62
Trd, 4319449.993, 60
Trd, 4319450.943, 63
Trd, 4319451.643, 71
Trd, 4319452.193, 60
Trd, 4319452.643, 63
Trd, 4319453.293, 60
Trd, 4319453.443, 62
Trd, 4319454.843, 60
Trd, 4319456.793, 60
Trd, 4319457.143, 60
Trd, 4319458.393, 60
Trd, 4319458.793, 61
Trd, 4319459.893, 60
Trd, 4319460.393, 60
Trd, 4319460.493, 61
Trd, 4319463.143, 60
Trd, 4319463.343, 60
Trd, 4319464.043, 61
Trd, 4319464.193, 64
Trd, 4319464.443, 64
Trd, 4319465.643, 64
Trd, 4319466.693, 60
Trd, 4319467.693, 60
Trd, 4319468.143, 62
Trd, 4319468.443, 60
Trd, 4319468.543, 63
Trd, 4319469.243, 62
Trd, 4319469.643, 68
Trd, 4319470.193, 99
Trd, 4319470.693, 67
Trd, 4319472.043, 66
Trd, 4319472.443, 140
Trd, 4319472.793, 61
Trd, 4319474.093, 60
Trd, 4319474.893, 60
Trd, 4319475.193, 60
Trd, 4319475.543, 60
Trd, 4319476.143, 65
Trd, 4319476.793, 60
Trd, 4319477.743, 62
Trd, 4319479.193, 62
Trd, 4319479.543, 60
Trd, 4319480.043, 60
Trd, 4319480.193, 64
Trd, 4319481.143, 61
Trd, 4319481.443, 67
Trd, 4319483.293, 60
Trd, 4319483.693, 60
Trd, 4319483.793, 60
Trd, 4319483.893, 61
Trd, 4319484.393, 63
Trd, 4319487.193, 64
Trd, 4319487.293, 63
Trd, 4319487.993, 140
Trd, 4319488.393, 140
Trd, 4319488.893, 139
Trd, 4319490.193, 140
Trd, 4319490.543, 140
Trd, 4319490.793, 139
Trd, 4319491.243, 133
Trd, 4319491.843, 115
Trd, 4319493.493, 140
Trd, 4319493.643, 138
Trd, 4319493.693, 138
Trd, 4319494.793, 139
Trd, 4319494.943, 135
Trd, 4319495.543, 140
Trd, 4319495.643, 101
Trd, 4319496.793, 140
Trd, 4319497.593, 140
Trd, 4319498.793, 140
Trd, 4319499.543, 140
Trd, 4319500.443, 140
Trd, 4319501.093, 140
Trd, 4319501.443, 140
Trd, 4319501.793, 140
Trd, 4319502.243, 140
Trd, 4319502.843, 136
Trd, 4319503.043, 134
Trd, 4319504.193, 140
Trd, 4319504.493, 140
Trd, 4319504.893, 138
Trd, 4319505.243, 138
Trd, 4319506.193, 139
Trd, 4319506.843, 63
Trd, 4319507.643, 139
Trd, 4319508.143, 139
Trd, 4319508.793, 138
Trd, 4319509.193, 140
Trd, 4319510.243, 140
Trd, 4319510.593, 140
Trd, 4319511.093, 140
Trd, 4319512.293, 140
Trd, 4319512.643, 139
Trd, 4319512.943, 140
Trd, 4319513.943, 133
Trd, 4319513.993, 98
Trd, 4319514.193, 68
Trd, 4319516.093, 60
Trd, 4319516.843, 60
Trd, 4319517.443, 60
Trd, 4319518.143, 61
Trd, 4319518.943, 140
Trd, 4319519.143, 140
Trd, 4319519.193, 140
Trd, 4319519.543, 139
Trd, 4319519.943, 60
Trd, 4319520.643, 140
Trd, 4319521.043, 140
Trd, 4319521.143, 140
Trd, 4319522.493, 60
Trd, 4319523.643, 132
Trd, 4319523.693, 72
Trd, 4319524.043, 61
Trd, 4319525.843, 63
Trd, 4319526.193, 60
Trd, 4319526.593, 106
Trd, 4319527.043, 90
Trd, 4319527.293, 138
Trd, 4319527.793, 81
Trd, 4319527.893, 80
Trd, 4319528.643, 140
Trd, 4319528.943, 140
Trd, 4319531.993, 140
Trd, 4319532.093, 140
Trd, 4319532.243, 139
Trd, 4319532.793, 138
Trd, 4319533.093, 140
Trd, 4319533.543, 121
Trd, 4319535.593, 140
Trd, 4319535.993, 140
Trd, 4319536.193, 139
Trd, 4319536.993, 140
Trd, 4319538.243, 140
Trd, 4319538.493, 140
Trd, 4319538.793, 140
Trd, 4319539.143, 81
Trd, 4319540.443, 140
Trd, 4319540.943, 140
Trd, 4319541.743, 140
Trd, 4319542.593, 140
Trd, 4319542.843, 140
Trd, 4319542.993, 140
Trd, 4319543.493, 139
Trd, 4319543.643, 135
Trd, 4319545.743, 140
Trd, 4319546.193, 140
Trd, 4319546.593, 140
Trd, 4319547.343, 140
Trd, 4319548.043, 140
Trd, 4319548.593, 140
Trd, 4319548.693, 136
Trd, 4319549.143, 139
Trd, 4319549.243, 132
Trd, 4319549.693, 65
Trd, 4319551.243, 140
Trd, 4319551.793, 140
Trd, 4319551.893, 140
Trd, 4319554.693, 140
Trd, 4319555.493, 128
Trd, 4319555.993, 96
Trd, 4319556.143, 140
Trd, 4319556.243, 140
Trd, 4319556.343, 95
Trd, 4319557.443, 139
Trd, 4319558.193, 140
Trd, 4319558.593, 140
Trd, 4319559.743, 140
Trd, 4319560.593, 140
Trd, 4319561.143, 139
Trd, 4319561.443, 133
Trd, 4319561.743, 132
Trd, 4319564.893, 140
Trd, 4319564.993, 140
Trd, 4319565.043, 140
Trd, 4319565.193, 140
Trd, 4319565.293, 140
Trd, 4319565.943, 139
Trd, 4319566.843, 137
Trd, 4319566.943, 138
Trd, 4319567.293, 140
Trd, 4319568.193, 140
Trd, 4319568.693, 140
Trd, 4319569.343, 139
Trd, 4319571.243, 137
Trd, 4319571.293, 136
Trd, 4319572.043, 138
Trd, 4319572.693, 138
Trd, 4319573.193, 129
Trd, 4319573.893, 140
Trd, 4319574.543, 140
Trd, 4319575.593, 140
Trd, 4319576.243, 140
Trd, 4319576.543, 140
Trd, 4319576.993, 140
Trd, 4319577.343, 140
Trd, 4319577.493, 139
Trd, 4319578.393, 139
Trd, 4319579.293, 139
Trd, 4319579.993, 140
Trd, 4319580.393, 140
Trd, 4319580.743, 140
Trd, 4319581.943, 140
Trd, 4319582.693, 140
Trd, 4319583.893, 140
Trd, 4319584.343, 139
Trd, 4319584.843, 137
Trd, 4319585.143, 102
Trd, 4319585.793, 140
Trd, 4319585.993, 140
Trd, 4319586.393, 139
Trd, 4319586.543, 139
Trd, 4319588.893, 119
Trd, 4319589.043, 140
Trd, 4319590.493, 139
Trd, 4319590.593, 139
Trd, 4319591.193, 139
Trd, 4319591.243, 120
Trd, 4319591.293, 96
Trd, 4319591.893, 140
Trd, 4319592.343, 139
Trd, 4319593.443, 139
Trd, 4319593.693, 97
Trd, 4319594.493, 96
Trd, 4319595.093, 140
Trd, 4319595.643, 139
Trd, 4319596.493, 139
Trd, 4319596.543, 107
Trd, 4319596.993, 140
Trd, 4319598.343, 140
Trd, 4319599.243, 140
Trd, 4319599.343, 140
Trd, 4319600.393, 139
Trd, 4319600.943, 140
Trd, 4319601.193, 139
Trd, 4319602.693, 140
Trd, 4319603.293, 140
Trd, 4319603.393, 140
Trd, 4319605.093, 140
Trd, 4319605.543, 140
Trd, 4319605.743, 139
Trd, 4319605.793, 138
Trd, 4319606.893, 138
Trd, 4319607.093, 136
Trd, 4319607.443, 139
Trd, 4319608.343, 140
Trd, 4319609.993, 60
Trd, 4319610.093, 60
Trd, 4319610.943, 72
Trd, 4319610.993, 75
Trd, 4319612.593, 130
Trd, 4319612.843, 67
Trd, 4319613.743, 76
Trd, 4319614.143, 114
Trd, 4319616.843, 60
Trd, 4319617.193, 61
Trd, 4319617.293, 68
Trd, 4319617.643, 61
Trd, 4319618.243, 140
Trd, 4319618.643, 140
Trd, 4319618.843, 140
Trd, 4319619.743, 140
Trd, 4319620.093, 140
Trd, 4319620.143, 140
Trd, 4319621.543, 140
Trd, 4319621.593, 140
Trd, 4319622.393, 140
Trd, 4319622.943, 140
Trd, 4319623.243, 140
Trd, 4319624.943, 140
Trd, 4319625.293, 136
Trd, 4319625.543, 139
Trd, 4319625.693, 82
Trd, 4319626.943, 62
Trd, 4319627.643, 61
Trd, 4319630.143, 63
Trd, 4319630.493, 61
Trd, 4319630.993, 60
Trd, 4319631.493, 61
Trd, 4319633.743, 61
Trd, 4319633.893, 60
Trd, 4319634.343, 60
Trd, 4319634.893, 62
Trd, 4319634.943, 63
Trd, 4319634.993, 63
Trd, 4319635.393, 140
Trd, 4319637.143, 60
Trd, 4319637.493, 60
Trd, 4319638.243, 60
Trd, 4319638.993, 62
Trd, 4319639.943, 61
Trd, 4319639.993, 67
Trd, 4319641.943, 60
Trd, 4319641.993, 60
Trd, 4319642.793, 61
Trd, 4319643.243, 61
Trd, 4319645.393, 60
Trd, 4319645.993, 60
Trd, 4319646.193, 62
Trd, 4319646.993, 60
Trd, 4319648.193, 60
Trd, 4319648.843, 61
Trd, 4319649.243, 61
Trd, 4319649.443, 65
Trd, 4319649.593, 67
Trd, 4319649.643, 65
Trd, 4319650.693, 60
Trd, 4319650.943, 65
Trd, 4319651.643, 69
Trd, 4319652.993, 128
Trd, 4319653.143, 127
Trd, 4319653.243, 125
Trd, 4319653.743, 63
Trd, 4319655.243, 60
Trd, 4319656.793, 60
Trd, 4319657.243, 60
Trd, 4319657.743, 60
Trd, 4319657.993, 62
Trd, 4319659.093, 61
Trd, 4319659.443, 60
Trd, 4319659.843, 61
Trd, 4319661.293, 60
Trd, 4319661.743, 60
Trd, 4319661.943, 60
Trd, 4319664.443, 60
Trd, 4319664.543, 60
Trd, 4319665.143, 60
Trd, 4319665.243, 60
Trd, 4319667.093, 62
Trd, 4319667.943, 61
Trd, 4319668.493, 61
Trd, 4319669.093, 60
Trd, 4319669.543, 60
Trd, 4319670.543, 62
Trd, 4319670.993, 65
Trd, 4319671.243, 66
Trd, 4319671.943, 62
Trd, 4319672.193, 62
Trd, 4319672.343, 62
Trd, 4319672.543, 63
Trd, 4319673.343, 61
Trd, 4319673.793, 72
Trd, 4319674.143, 60
Trd, 4319675.793, 60
Trd, 4319676.693, 61
Trd, 4319676.893, 64
Trd, 4319677.043, 62
Trd, 4319678.443, 60
Trd, 4319680.393, 60
Trd, 4319680.443, 60
Trd, 4319681.743, 60
Trd, 4319682.343, 63
Trd, 4319682.543, 61
Trd, 4319682.893, 61
Trd, 4319684.743, 60
Trd, 4319685.343, 61
Trd, 4319685.493, 62
Trd, 4319685.743, 61
Trd, 4319687.593, 140
Trd, 4319687.993, 140
Trd, 4319688.343, 139
Trd, 4319688.443, 138
Trd, 4319689.543, 63
Trd, 4319689.943, 139
Trd, 4319690.293, 136
Trd, 4319690.543, 75
Trd, 4319691.143, 140
Trd, 4319691.493, 128
Trd, 4319691.743, 60
Trd, 4319693.993, 140
Trd, 4319694.693, 140
Trd, 4319695.243, 140
Trd, 4319695.493, 140
Trd, 4319695.593, 132
Trd, 4319696.543, 61
Trd, 4319697.543, 61
Trd, 4319697.693, 62
Trd, 4319698.593, 60
Trd, 4319698.943, 64
Trd, 4319699.043, 68
Trd, 4319701.243, 60
Trd, 4319701.743, 60
Trd, 4319702.343, 60
Trd, 4319703.193, 60
Trd, 4319703.943, 60
Trd, 4319705.243, 60
Trd, 4319705.693, 61
Trd, 4319707.993, 60
Trd, 4319708.493, 60
Trd, 4319708.893, 60
Trd, 4319710.193, 61
Trd, 4319710.243, 62
Trd, 4319710.843, 60
Trd, 4319710.893, 63
Trd, 4319710.993, 75
Trd, 4319711.143, 93
Trd, 4319712.193, 61
Trd, 4319714.043, 60
Trd, 4319714.893, 61
Trd, 4319715.143, 60
Trd, 4319715.343, 61
Trd, 4319716.293, 61
Trd, 4319716.943, 61
Trd, 4319717.593, 60
Trd, 4319717.643, 72
Trd, 4319719.993, 60
Trd, 4319720.343, 60
Trd, 4319721.243, 60
Trd, 4319721.743, 62
Trd, 4319721.843, 64
Trd, 4319723.043, 60
Trd, 4319723.543, 60
Trd, 4319723.793, 60
Trd, 4319723.843, 61
Trd, 4319725.193, 61
Trd, 4319725.443, 62
Trd, 4319726.543, 61
Trd, 4319726.743, 62
Trd, 4319726.793, 65
Trd, 4319728.493, 139
Trd, 4319728.793, 131
Trd, 4319729.143, 87
Trd, 4319730.093, 74
Trd, 4319730.343, 72
Trd, 4319730.593, 73
Trd, 4319731.293, 62
Trd, 4319733.193, 60
Trd, 4319733.993, 61
Trd, 4319734.393, 61
Trd, 4319735.093, 60
Trd, 4319735.543, 60
Trd, 4319735.793, 139
Trd, 4319736.343, 67
Trd, 4319736.993, 69
Trd, 4319737.143, 140
Trd, 4319738.093, 137
Trd, 4319738.243, 136
Trd, 4319739.043, 70
Trd, 4319739.893, 140
Trd, 4319740.243, 140
Trd, 4319740.443, 140
Trd, 4319740.993, 140
Trd, 4319742.593, 134
Trd, 4319744.193, 65
Trd, 4319744.343, 65
Trd, 4319744.543, 66
Trd, 4319744.943, 64
Trd, 4319745.143, 65
Trd, 4319745.943, 64
Trd, 4319746.043, 74
Trd, 4319747.693, 140
Trd, 4319747.993, 140
Trd, 4319748.093, 140
Trd, 4319749.793, 140
Trd, 4319749.943, 140
Trd, 4319750.493, 140
Trd, 4319750.743, 140
Trd, 4319751.443, 140
Trd, 4319751.493, 138
Trd, 4319751.593, 138
Trd, 4319751.993, 93
Trd, 4319753.843, 140
Trd, 4319754.193, 139
Trd, 4319754.393, 139
Trd, 4319754.893, 140
Trd, 4319755.693, 140
Trd, 4319755.843, 139
Trd, 4319756.593, 123
Trd, 4319756.743, 100
Trd, 4319757.093, 71
Trd, 4319758.643, 140
Trd, 4319758.743, 140
Trd, 4319760.143, 139
Trd, 4319760.243, 138
Trd, 4319760.693, 140
Trd, 4319761.193, 83
Trd, 4319761.893, 139
Trd, 4319762.443, 139
Trd, 4319763.043, 104
Trd, 4319763.593, 92
Trd, 4319764.343, 76
Trd, 4319765.493, 140
Trd, 4319766.143, 140
Trd, 4319766.443, 139
Trd, 4319767.043, 137
Trd, 4319767.193, 133
Trd, 4319768.193, 140
Trd, 4319769.343, 140
Trd, 4319769.893, 140
Trd, 4319769.943, 140
Trd, 4319770.093, 139
Trd, 4319771.493, 140
Trd, 4319772.293, 139
Trd, 4319772.693, 64
Trd, 4319773.393, 82
Trd, 4319773.593, 139
Trd, 4319773.893, 62
Trd, 4319774.593, 68
Trd, 4319774.743, 70
Trd, 4319775.443, 61
Trd, 4319776.143, 60
Trd, 4319776.943, 140
Trd, 4319777.093, 129
Trd, 4319777.593, 63
Trd, 4319778.943, 60
Trd, 4319779.043, 68
Trd, 4319781.293, 62
Trd, 4319781.393, 63
Trd, 4319781.593, 67
Trd, 4319781.793, 75
Trd, 4319782.493, 100
Trd, 4319782.693, 99
Trd, 4319782.893, 83
Trd, 4319783.843, 138
Trd, 4319784.043, 69
Trd, 4319784.543, 127
Trd, 4319785.843, 140
Trd, 4319786.093, 139
Trd, 4319786.593, 140
Trd, 4319786.693, 140
Trd, 4319788.243, 65
Trd, 4319789.143, 139
Trd, 4319789.693, 82
Trd, 4319790.193, 139
Trd, 4319790.843, 95
Trd, 4319791.293, 140
Trd, 4319792.293, 140
Trd, 4319793.593, 140
Trd, 4319794.093, 140
Trd, 4319794.643, 140
Trd, 4319795.743, 140
Trd, 4319796.443, 140
Trd, 4319796.793, 140
Trd, 4319797.043, 140
Trd, 4319797.343, 136
Trd, 4319798.343, 138
Trd, 4319798.543, 138
Trd, 4319798.693, 77
Trd, 4319799.193, 106
Trd, 4319799.743, 140
Trd, 4319801.293, 139
Trd, 4319801.393, 138
Trd, 4319801.693, 119
Trd, 4319802.343, 140
Trd, 4319803.493, 138
Trd, 4319803.843, 136
Trd, 4319804.543, 140
Trd, 4319805.093, 140
Trd, 4319806.243, 138
Trd, 4319806.643, 134
Trd, 4319807.043, 140
Trd, 4319808.193, 140
Trd, 4319808.743, 140
Trd, 4319809.393, 140
Trd, 4319810.543, 140
Trd, 4319810.743, 85
Trd, 4319811.093, 65
Trd, 4319811.343, 65
Trd, 4319811.943, 61
Trd, 4319812.293, 76
Trd, 4319813.093, 140
Trd, 4319813.393, 140
Trd, 4319814.843, 140
Trd, 4319814.943, 140
Trd, 4319815.193, 140
Trd, 4319815.643, 140
Trd, 4319816.343, 62
Trd, 4319817.443, 66
Trd, 4319818.493, 139
Trd, 4319818.743, 95
Trd, 4319819.593, 139
Trd, 4319820.143, 139
Trd, 4319820.243, 139
Trd, 4319822.343, 138
Trd, 4319822.393, 132
Trd, 4319822.593, 81
Trd, 4319823.293, 139
Trd, 4319823.843, 140
Trd, 4319824.593, 139
Trd, 4319825.343, 140
Trd, 4319825.743, 139
Trd, 4319826.043, 94
Trd, 4319826.393, 65
Trd, 4319826.893, 64
Trd, 4319827.693, 70
Trd, 4319828.193, 65
Trd, 4319828.793, 73
Trd, 4319829.543, 140
Trd, 4319829.943, 140
Trd, 4319830.743, 140
Trd, 4319830.943, 138
Trd, 4319831.393, 140
Trd, 4319831.643, 140
Trd, 4319832.493, 140
Trd, 4319834.443, 140
Trd, 4319834.693, 140
Trd, 4319836.143, 140
Trd, 4319836.493, 140
Trd, 4319837.043, 140
Trd, 4319837.393, 140
Trd, 4319837.643, 140
Trd, 4319837.693, 140
Trd, 4319838.993, 140
Trd, 4319839.143, 140
Trd, 4319840.143, 140
Trd, 4319840.843, 140
Trd, 4319841.343, 140
Trd, 4319841.593, 140
Trd, 4319842.043, 139
Trd, 4319842.193, 138
Trd, 4319844.043, 140
Trd, 4319844.343, 140
Trd, 4319845.193, 140
Trd, 4319845.343, 140
Trd, 4319845.793, 139
Trd, 4319846.093, 138
Trd, 4319846.343, 91
Trd, 4319847.843, 87
Trd, 4319848.043, 139
Trd, 4319848.793, 64
Trd, 4319849.143, 65
Trd, 4319850.443, 63
Trd, 4319851.093, 64
Trd, 4319851.993, 66
Trd, 4319852.243, 67
Trd, 4319852.643, 64
Trd, 4319852.793, 136
Trd, 4319853.143, 65
Trd, 4319853.243, 134
Trd, 4319854.093, 61
Trd, 4319854.293, 101
Trd, 4319855.843, 62
Trd, 4319855.893, 63
Trd, 4319855.993, 64
Trd, 4319857.693, 118
Trd, 4319857.943, 118
Trd, 4319858.193, 77
Trd, 4319858.893, 140
Trd, 4319859.493, 139
Trd, 4319860.293, 140
Trd, 4319861.093, 130
Trd, 4319862.193, 140
Trd, 4319862.643, 140
Trd, 4319862.893, 140
Trd, 4319864.093, 140
Trd, 4319865.293, 140
Trd, 4319865.793, 140
Trd, 4319866.193, 140
Trd, 4319866.393, 140
Trd, 4319867.843, 140
Trd, 4319868.093, 140
Trd, 4319869.143, 140
Trd, 4319869.343, 138
Trd, 4319870.893, 140
Trd, 4319872.443, 140
Trd, 4319872.493, 140
Trd, 4319872.743, 140
Trd, 4319873.243, 140
Trd, 4319873.593, 140
Trd, 4319873.743, 139
Trd, 4319874.243, 138
Trd, 4319874.593, 115
Trd, 4319875.593, 140
Trd, 4319875.893, 140
Trd, 4319876.243, 140
Trd, 4319876.643, 137
Trd, 4319877.293, 137
Trd, 4319878.443, 140
Trd, 4319879.693, 140
Trd, 4319880.193, 140
Trd, 4319880.293, 135
Trd, 4319881.393, 139
Trd, 4319881.993, 140
Trd, 4319883.143, 139
Trd, 4319883.193, 139
Trd, 4319883.293, 138
Trd, 4319883.993, 139
Trd, 4319884.143, 88
Trd, 4319884.593, 87
Trd, 4319885.593, 140
Trd, 4319886.393, 140
Trd, 4319886.793, 140
Trd, 4319887.543, 136
Trd, 4319887.993, 140
Trd, 4319889.893, 140
Trd, 4319890.043, 139
Trd, 4319890.393, 137
Trd, 4319891.743, 131
Trd, 4319892.043, 139
Trd, 4319893.293, 140
Trd, 4319894.143, 138
Trd, 4319894.243, 140
Trd, 4319894.793, 140
Trd, 4319895.593, 60
Trd, 4319895.843, 61
Trd, 4319896.443, 61
Trd, 4319897.443, 61
Trd, 4319898.243, 64
Trd, 4319898.493, 71
Trd, 4319899.893, 63
Trd, 4319899.943, 64
Trd, 4319900.893, 129
Trd, 4319901.243, 139
Trd, 4319901.793, 60
Trd, 4319902.343, 60
Trd, 4319903.593, 61
Trd, 4319904.493, 60
Trd, 4319904.593, 61
Trd, 4319905.493, 61
Trd, 4319906.243, 60
Trd, 4319907.193, 60
Trd, 4319907.493, 63
Trd, 4319908.043, 61
Trd, 4319908.343, 60
Trd, 4319908.743, 61
Trd, 4319910.243, 61
Trd, 4319911.843, 60
Trd, 4319911.893, 60
Trd, 4319912.343, 60
Trd, 4319914.093, 61
Trd, 4319914.143, 61
Trd, 4319914.593, 63
Trd, 4319915.793, 61
Trd, 4319916.243, 60
Trd, 4319916.593, 60
Trd, 4319917.293, 62
Trd, 4319917.843, 60
Trd, 4319918.043, 64
Trd, 4319918.243, 65
Trd, 4319918.793, 91
Trd, 4319919.393, 62
Trd, 4319920.043, 140
Trd, 4319920.893, 126
Trd, 4319921.543, 140
Trd, 4319921.993, 111
Trd, 4319922.443, 111
Trd, 4319923.143, 111
Trd, 4319923.543, 66
Trd, 4319924.343, 128
Trd, 4319924.693, 139
Trd, 4319926.093, 138
Trd, 4319926.793, 137
Trd, 4319928.093, 140
Trd, 4319928.293, 140
Trd, 4319928.393, 139
Trd, 4319928.443, 136
Trd, 4319928.593, 61
Trd, 4319929.793, 63
Trd, 4319930.243, 64
Trd, 4319930.293, 70
Trd, 4319931.593, 140
Trd, 4319932.743, 61
Trd, 4319934.093, 61
Trd, 4319934.193, 64
Trd, 4319934.993, 61
Trd, 4319935.393, 66
Trd, 4319937.143, 60
Trd, 4319937.193, 61
Trd, 4319937.693, 60
Trd, 4319938.793, 60
Trd, 4319939.943, 63
Trd, 4319941.243, 62
Trd, 4319941.943, 61
Trd, 4319942.043, 60
Trd, 4319942.093, 66
Trd, 4319942.593, 140
Trd, 4319943.143, 140
Trd, 4319943.893, 87
Trd, 4319944.243, 108
Trd, 4319945.143, 70
Trd, 4319945.293, 66
Trd, 4319945.493, 67
Trd, 4319945.843, 73
Trd, 4319946.293, 136
Trd, 4319947.043, 105
Trd, 4319947.493, 66
Trd, 4319948.543, 140
Trd, 4319948.843, 60
Trd, 4319949.393, 60
Trd, 4319950.693, 64
Trd, 4319951.293, 60
Trd, 4319952.143, 62
Trd, 4319953.543, 60
Trd, 4319954.443, 62
Trd, 4319954.493, 62
Trd, 4319955.243, 64
Trd, 4319955.393, 63
Trd, 4319955.543, 65
Trd, 4319956.193, 140
Trd, 4319956.393, 139
Trd, 4319957.643, 140
Trd, 4319958.293, 140
Trd, 4319958.493, 140
Trd, 4319958.543, 140
Trd, 4319960.443, 139
Trd, 4319960.543, 139
Trd, 4319961.793, 140
Trd, 4319962.093, 140
Trd, 4319963.143, 138
Trd, 4319963.693, 138
Trd, 4319963.793, 95
Trd, 4319964.693, 140
Trd, 4319964.993, 140
Trd, 4319965.493, 61
Trd, 4319967.093, 60
Trd, 4319967.993, 60
Trd, 4319968.043, 65
Trd, 4319968.443, 65
Trd, 4319969.993, 60
Trd, 4319970.043, 65
Trd, 4319971.643, 60
Trd, 4319971.943, 60
Trd, 4319971.993, 61
Trd, 4319972.193, 63
Trd, 4319973.593, 64
Trd, 4319974.643, 62
Trd, 4319975.143, 63
Trd, 4319975.693, 61
Trd, 4319976.593, 64
Trd, 4319976.643, 65
Trd, 4319977.993, 60
Trd, 4319979.293, 60
Trd, 4319979.493, 60
Trd, 4319980.093, 61
Trd, 4319980.193, 66
Trd, 4319982.193, 66
Trd, 4319982.243, 67
Trd, 4319983.393, 61
Trd, 4319984.593, 60
Trd, 4319984.643, 63
Trd, 4319985.143, 63
Trd, 4319985.393, 62
Trd, 4319986.693, 60
Trd, 4319987.843, 61
Trd, 4319988.493, 60
Trd, 4319989.043, 61
Trd, 4319989.093, 62
Trd, 4319989.693, 60
Trd, 4319990.743, 65
Trd, 4319991.443, 61
Trd, 4319991.943, 60
Trd, 4319992.143, 60
Trd, 4319992.243, 61
Trd, 4319994.343, 60
Trd, 4319995.593, 60
Trd, 4319996.143, 61
Trd, 4319996.743, 61
Trd, 4319997.193, 60
Trd, 4319997.743, 60
Trd, 4319999.793, 60
