Trd, 4318100.193, 137
Trd, 4318100.343, 121
Trd, 4318100.843, 111
Trd, 4318101.343, 115
Trd, 4318103.043, 85
Trd, 4318103.493, 109
Trd, 4318104.643, 98
Trd, 4318105.643, 103
Trd, 4318106.093, 97
Trd, 4318106.293, 123
Trd, 4318107.493, 125
Trd, 4318108.543, 116
Trd, 4318109.393, 105
Trd, 4318109.543, 129
Trd, 4318110.043, 101
Trd, 4318110.243, 94
Trd, 4318112.343, 94
Trd, 4318113.543, 136
Trd, 4318115.643, 136
Trd, 4318115.943, 118
Trd, 4318116.243, 106
Trd, 4318117.443, 99
Trd, 4318117.693, 103
Trd, 4318118.793, 107
Trd, 4318119.893, 90
Trd, 4318120.843, 125
Trd, 4318121.193, 135
Trd, 4318122.243, 120
Trd, 4318122.493, 109
Trd, 4318122.643, 109
Trd, 4318123.993, 118
Trd, 4318125.193, 131
Trd, 4318125.493, 121
Trd, 4318125.843, 118
Trd, 4318126.593, 110
Trd, 4318126.943, 104
Trd, 4318127.493, 109
Trd, 4318128.693, 124
Trd, 4318128.743, 110
Trd, 4318128.843, 109
Trd, 4318129.843, 131
Trd, 4318129.893, 103
Trd, 4318130.943, 94
Trd, 4318132.893, 64
Trd, 4318133.993, 126
Trd, 4318134.093, 123
Trd, 4318134.593, 116
Trd, 4318136.243, 94
Trd, 4318137.193, 93
Trd, 4318137.543, 135
Trd, 4318137.993, 109
Trd, 4318138.043, 105
Trd, 4318138.343, 72
Trd, 4318139.643, 112
Trd, 4318140.993, 96
Trd, 4318141.493, 89
Trd, 4318142.393, 82
Trd, 4318143.743, 139
Trd, 4318143.893, 121
Trd, 4318144.393, 105
Trd, 4318144.893, 100
Trd, 4318145.443, 91
Trd, 4318146.243, 90
Trd, 4318147.993, 82
Trd, 4318149.193, 104
Trd, 4318150.493, 104
Trd, 4318150.843, 95
Trd, 4318150.893, 89
Trd, 4318152.943, 135
Trd, 4318153.043, 128
Trd, 4318153.743, 102
Trd, 4318154.193, 123
Trd, 4318155.193, 113
Trd, 4318155.543, 108
Trd, 4318156.643, 136
Trd, 4318158.093, 124
Trd, 4318158.693, 112
Trd, 4318159.193, 101
Trd, 4318160.793, 83
Trd, 4318161.943, 138
Trd, 4318162.393, 116
Trd, 4318162.443, 109
Trd, 4318163.593, 106
Trd, 4318163.643, 101
Trd, 4318164.543, 97
Trd, 4318164.743, 76
Trd, 4318166.443, 105
Trd, 4318167.043, 83
Trd, 4318167.493, 90
Trd, 4318167.693, 80
Trd, 4318168.193, 104
Trd, 4318168.793, 110
Trd, 4318170.493, 96
Trd, 4318171.743, 96
Trd, 4318172.693, 88
Trd, 4318172.793, 85
Trd, 4318173.143, 106
Trd, 4318174.193, 108
Trd, 4318174.243, 125
Trd, 4318175.443, 86
Trd, 4318175.643, 133
Trd, 4318176.243, 105
Trd, 4318176.843, 125
Trd, 4318177.193, 115
Trd, 4318179.593, 123
Trd, 4318179.793, 113
Trd, 4318180.143, 106
Trd, 4318180.893, 100
Trd, 4318181.993, 84
Trd, 4318182.793, 121
Trd, 4318183.093, 109
Trd, 4318184.593, 113
Trd, 4318185.193, 119
Trd, 4318185.343, 88
Trd, 4318185.943, 122
Trd, 4318187.293, 91
Trd, 4318187.393, 118
Trd, 4318189.193, 95
Trd, 4318190.293, 109
Trd, 4318190.493, 87
Trd, 4318192.343, 81
Trd, 4318192.993, 93
Trd, 4318193.493, 86
Trd, 4318193.743, 71
Trd, 4318193.943, 81
Trd, 4318195.243, 137
Trd, 4318195.743, 137
Trd, 4318196.593, 103
Trd, 4318197.243, 87
Trd, 4318197.643, 78
Trd, 4318197.743, 118
Trd, 4318198.193, 74
Trd, 4318199.293, 98
Trd, 4318199.843, 113
Trd, 4318200.943, 106
Trd, 4318201.143, 102
Trd, 4318201.243, 87
Trd, 4318202.593, 111
Trd, 4318202.693, 89
Trd, 4318203.043, 66
Trd, 4318203.243, 60
Trd, 4318205.443, 104
Trd, 4318206.893, 94
Trd, 4318207.093, 86
Trd, 4318207.793, 123
Trd, 4318210.343, 116
Trd, 4318210.443, 111
Trd, 4318211.143, 108
Trd, 4318211.843, 117
Trd, 4318212.543, 122
Trd, 4318212.593, 116
Trd, 4318214.093, 97
Trd, 4318214.543, 98
Trd, 4318215.093, 129
Trd, 4318215.693, 102
Trd, 4318215.943, 103
Trd, 4318217.293, 105
Trd, 4318217.543, 113
Trd, 4318218.243, 137
Trd, 4318219.893, 110
Trd, 4318220.193, 108
Trd, 4318220.243, 92
Trd, 4318220.793, 84
Trd, 4318221.193, 112
Trd, 4318221.493, 99
Trd, 4318223.893, 135
Trd, 4318224.193, 123
Trd, 4318225.143, 125
Trd, 4318225.343, 103
Trd, 4318227.493, 128
Trd, 4318227.693, 112
Trd, 4318228.943, 102
Trd, 4318230.343, 95
Trd, 4318230.493, 94
Trd, 4318231.193, 98
Trd, 4318231.393, 111
Trd, 4318232.943, 102
Trd, 4318233.093, 98
Trd, 4318233.443, 100
Trd, 4318234.193, 61
Trd, 4318236.593, 115
Trd, 4318237.643, 128
Trd, 4318238.643, 123
Trd, 4318240.393, 110
Trd, 4318240.643, 102
Trd, 4318241.343, 103
Trd, 4318242.493, 94
Trd, 4318242.643, 105
Trd, 4318243.043, 94
Trd, 4318243.543, 114
Trd, 4318245.193, 108
Trd, 4318245.443, 121
Trd, 4318245.643, 103
Trd, 4318248.293, 133
Trd, 4318249.293, 140
Trd, 4318250.243, 111
Trd, 4318250.593, 97
Trd, 4318250.993, 88
Trd, 4318252.593, 132
Trd, 4318252.643, 85
Trd, 4318253.393, 96
Trd, 4318253.593, 90
Trd, 4318254.193, 85
Trd, 4318255.493, 73
Trd, 4318255.643, 69
Trd, 4318255.993, 74
Trd, 4318258.493, 127
Trd, 4318259.843, 140
Trd, 4318260.343, 113
Trd, 4318261.043, 103
Trd, 4318261.643, 114
Trd, 4318261.943, 134
Trd, 4318262.143, 134
Trd, 4318262.243, 107
Trd, 4318263.243, 134
Trd, 4318265.293, 136
Trd, 4318265.443, 127
Trd, 4318265.893, 120
Trd, 4318265.993, 107
Trd, 4318266.143, 97
Trd, 4318268.143, 109
Trd, 4318269.293, 103
Trd, 4318269.493, 97
Trd, 4318270.493, 114
Trd, 4318270.693, 104
Trd, 4318271.693, 96
Trd, 4318272.593, 121
Trd, 4318272.943, 79
Trd, 4318275.543, 131
Trd, 4318275.693, 118
Trd, 4318275.743, 93
Trd, 4318277.243, 134
Trd, 4318277.643, 105
Trd, 4318277.693, 90
Trd, 4318279.293, 69
Trd, 4318280.343, 85
Trd, 4318280.943, 109
Trd, 4318281.443, 125
Trd, 4318282.143, 126
Trd, 4318282.993, 121
Trd, 4318284.043, 109
Trd, 4318284.093, 106
Trd, 4318284.543, 113
Trd, 4318285.193, 94
Trd, 4318286.643, 112
Trd, 4318286.843, 114
Trd, 4318287.093, 90
Trd, 4318288.693, 73
Trd, 4318289.043, 97
Trd, 4318289.743, 101
Trd, 4318291.443, 93
Trd, 4318291.993, 87
Trd, 4318292.043, 83
Trd, 4318292.393, 78
Trd, 4318293.193, 62
Trd, 4318293.793, 97
Trd, 4318294.793, 64
Trd, 4318295.293, 73
Trd, 4318297.043, 81
Trd, 4318297.143, 88
Trd, 4318297.543, 91
Trd, 4318298.043, 106
Trd, 4318299.043, 114
Trd, 4318300.043, 103
Trd, 4318300.643, 132
Trd, 4318301.193, 117
Trd, 4318301.243, 128
Trd, 4318301.943, 97
Trd, 4318302.693, 107
Trd, 4318303.093, 93
Trd, 4318304.143, 87
Trd, 4318304.493, 103
Trd, 4318305.593, 85
Trd, 4318306.793, 101
Trd, 4318307.093, 79
Trd, 4318307.543, 78
Trd, 4318308.693, 93
Trd, 4318309.693, 95
Trd, 4318310.393, 102
Trd, 4318310.843, 85
Trd, 4318312.393, 131
Trd, 4318312.643, 118
Trd, 4318312.943, 108
Trd, 4318313.593, 134
Trd, 4318313.993, 120
Trd, 4318314.793, 104
Trd, 4318317.393, 103
Trd, 4318317.743, 109
Trd, 4318318.093, 108
Trd, 4318318.293, 104
Trd, 4318319.843, 114
Trd, 4318319.993, 91
Trd, 4318320.443, 61
Trd, 4318320.693, 117
Trd, 4318321.443, 120
Trd, 4318322.193, 110
Trd, 4318322.893, 104
Trd, 4318323.693, 103
Trd, 4318324.793, 124
Trd, 4318325.493, 135
Trd, 4318326.193, 107
Trd, 4318326.243, 107
Trd, 4318327.693, 97
Trd, 4318328.143, 95
Trd, 4318328.443, 82
Trd, 4318329.243, 113
Trd, 4318329.293, 99
Trd, 4318329.493, 86
Trd, 4318330.143, 70
Trd, 4318331.143, 107
Trd, 4318332.793, 86
Trd, 4318333.143, 69
Trd, 4318334.593, 60
Trd, 4318335.093, 77
Trd, 4318335.343, 136
Trd, 4318335.593, 100
Trd, 4318335.843, 86
Trd, 4318336.443, 88
Trd, 4318337.443, 78
Trd, 4318338.543, 114
Trd, 4318339.593, 84
Trd, 4318339.843, 77
Trd, 4318340.593, 78
Trd, 4318340.893, 123
Trd, 4318341.243, 120
Trd, 4318341.643, 115
Trd, 4318341.843, 96
Trd, 4318343.793, 88
Trd, 4318344.543, 89
Trd, 4318346.193, 92
Trd, 4318347.343, 85
Trd, 4318348.143, 81
Trd, 4318349.093, 125
Trd, 4318349.143, 114
Trd, 4318350.143, 137
Trd, 4318351.493, 128
Trd, 4318352.093, 131
Trd, 4318353.343, 117
Trd, 4318353.743, 125
Trd, 4318354.143, 139
Trd, 4318355.393, 101
Trd, 4318355.993, 91
Trd, 4318356.443, 87
Trd, 4318356.643, 85
Trd, 4318359.193, 115
Trd, 4318360.393, 120
Trd, 4318360.493, 114
Trd, 4318360.943, 124
Trd, 4318361.393, 104
Trd, 4318362.543, 104
Trd, 4318363.843, 90
Trd, 4318364.193, 98
Trd, 4318364.643, 128
Trd, 4318365.043, 107
Trd, 4318366.493, 99
Trd, 4318368.443, 111
Trd, 4318368.693, 118
Trd, 4318368.793, 112
Trd, 4318368.843, 97
Trd, 4318369.243, 89
Trd, 4318369.543, 119
Trd, 4318370.493, 118
Trd, 4318370.943, 115
Trd, 4318371.143, 105
Trd, 4318371.893, 129
Trd, 4318373.943, 78
Trd, 4318374.743, 90
Trd, 4318375.293, 108
Trd, 4318376.643, 109
Trd, 4318376.693, 92
Trd, 4318377.593, 130
Trd, 4318378.743, 118
Trd, 4318378.893, 123
Trd, 4318379.743, 118
Trd, 4318380.143, 133
Trd, 4318381.343, 125
Trd, 4318381.843, 119
Trd, 4318381.893, 113
Trd, 4318382.243, 106
Trd, 4318383.093, 99
Trd, 4318384.243, 118
Trd, 4318385.443, 125
Trd, 4318385.543, 116
Trd, 4318388.293, 119
Trd, 4318388.593, 121
Trd, 4318390.343, 100
Trd, 4318390.793, 113
Trd, 4318391.143, 95
Trd, 4318392.743, 89
Trd, 4318393.043, 97
Trd, 4318393.393, 88
Trd, 4318395.093, 63
Trd, 4318395.193, 83
Trd, 4318397.543, 99
Trd, 4318397.593, 94
Trd, 4318397.993, 72
Trd, 4318398.443, 69
Trd, 4318399.443, 82
Trd, 4318401.693, 140
Trd, 4318401.893, 78
Trd, 4318402.143, 139
Trd, 4318402.743, 140
Trd, 4318403.593, 112
Trd, 4318403.643, 102
Trd, 4318403.843, 83
Trd, 4318404.743, 60
Trd, 4318405.643, 84
Trd, 4318406.443, 126
Trd, 4318406.893, 67
Trd, 4318407.893, 72
Trd, 4318407.993, 73
Trd, 4318409.343, 97
Trd, 4318410.893, 100
Trd, 4318410.943, 97
Trd, 4318411.243, 96
Trd, 4318411.943, 116
Trd, 4318413.343, 109
Trd, 4318413.643, 108
Trd, 4318413.843, 99
Trd, 4318415.193, 94
Trd, 4318415.293, 112
Trd, 4318416.593, 123
Trd, 4318417.043, 116
Trd, 4318418.193, 109
Trd, 4318418.993, 134
Trd, 4318419.543, 102
Trd, 4318419.693, 102
Trd, 4318420.243, 95
Trd, 4318420.343, 117
Trd, 4318420.693, 89
Trd, 4318422.393, 130
Trd, 4318423.193, 122
Trd, 4318424.493, 112
Trd, 4318424.543, 103
Trd, 4318425.443, 113
Trd, 4318427.093, 120
Trd, 4318428.343, 115
Trd, 4318429.393, 91
Trd, 4318429.543, 93
Trd, 4318429.643, 86
Trd, 4318430.443, 99
Trd, 4318431.593, 127
Trd, 4318432.993, 117
Trd, 4318433.643, 90
Trd, 4318433.743, 118
Trd, 4318433.943, 89
Trd, 4318434.793, 88
Trd, 4318436.293, 127
Trd, 4318436.593, 108
Trd, 4318436.643, 85
Trd, 4318438.743, 84
Trd, 4318439.343, 83
Trd, 4318440.043, 94
Trd, 4318441.793, 111
Trd, 4318442.743, 95
Trd, 4318443.493, 107
Trd, 4318444.443, 100
Trd, 4318445.043, 109
Trd, 4318447.393, 133
Trd, 4318447.743, 129
Trd, 4318448.093, 123
Trd, 4318448.443, 130
Trd, 4318449.593, 128
Trd, 4318449.693, 112
Trd, 4318449.943, 109
Trd, 4318451.443, 130
Trd, 4318452.243, 120
Trd, 4318453.693, 119
Trd, 4318454.943, 112
Trd, 4318454.993, 109
Trd, 4318455.843, 118
Trd, 4318457.043, 97
Trd, 4318457.593, 100
Trd, 4318457.893, 112
Trd, 4318458.143, 111
Trd, 4318459.643, 114
Trd, 4318459.893, 110
Trd, 4318460.193, 112
Trd, 4318461.643, 116
Trd, 4318462.293, 113
Trd, 4318462.643, 131
Trd, 4318462.893, 106
Trd, 4318463.743, 101
Trd, 4318465.043, 136
Trd, 4318465.943, 92
Trd, 4318466.143, 91
Trd, 4318467.443, 109
Trd, 4318468.793, 98
Trd, 4318469.143, 116
Trd, 4318469.343, 87
Trd, 4318470.193, 100
Trd, 4318470.693, 133
Trd, 4318471.593, 117
Trd, 4318471.893, 110
Trd, 4318473.943, 129
Trd, 4318474.893, 128
Trd, 4318474.993, 117
Trd, 4318476.443, 113
Trd, 4318476.793, 107
Trd, 4318476.843, 106
Trd, 4318478.793, 122
Trd, 4318479.393, 140
Trd, 4318480.143, 105
Trd, 4318480.643, 107
Trd, 4318480.793, 97
Trd, 4318481.093, 93
Trd, 4318481.893, 91
Trd, 4318482.743, 124
Trd, 4318483.243, 137
Trd, 4318483.993, 106
Trd, 4318484.393, 112
Trd, 4318487.043, 104
Trd, 4318488.643, 107
Trd, 4318488.793, 102
Trd, 4318489.043, 101
Trd, 4318489.693, 97
Trd, 4318490.593, 98
Trd, 4318491.543, 111
Trd, 4318491.843, 84
Trd, 4318492.343, 69
Trd, 4318492.743, 109
Trd, 4318493.743, 125
Trd, 4318494.193, 67
Trd, 4318494.543, 70
Trd, 4318496.393, 82
Trd, 4318497.093, 112
Trd, 4318497.743, 99
Trd, 4318498.343, 130
Trd, 4318499.243, 95
Trd, 4318499.693, 139
Trd, 4318500.393, 126
Trd, 4318500.543, 123
Trd, 4318501.243, 116
Trd, 4318501.643, 114
Trd, 4318501.893, 100
Trd, 4318502.593, 109
Trd, 4318503.143, 88
Trd, 4318504.593, 99
Trd, 4318504.693, 89
Trd, 4318505.393, 70
Trd, 4318506.843, 121
Trd, 4318508.093, 108
Trd, 4318509.243, 108
Trd, 4318509.293, 108
Trd, 4318509.443, 104
Trd, 4318510.243, 90
Trd, 4318511.493, 95
Trd, 4318511.793, 89
Trd, 4318512.493, 92
Trd, 4318512.943, 87
Trd, 4318513.343, 130
Trd, 4318514.293, 139
Trd, 4318514.593, 122
Trd, 4318515.393, 140
Trd, 4318516.043, 115
Trd, 4318516.543, 109
Trd, 4318517.543, 82
Trd, 4318519.093, 135
Trd, 4318519.943, 123
Trd, 4318520.393, 140
Trd, 4318520.443, 119
Trd, 4318520.893, 113
Trd, 4318523.243, 134
Trd, 4318523.293, 114
Trd, 4318523.493, 114
Trd, 4318524.843, 130
Trd, 4318525.193, 93
Trd, 4318525.393, 89
Trd, 4318526.993, 113
Trd, 4318527.243, 106
Trd, 4318528.243, 102
Trd, 4318528.793, 95
Trd, 4318529.193, 98
Trd, 4318529.693, 97
Trd, 4318531.043, 90
Trd, 4318532.293, 73
Trd, 4318533.293, 81
Trd, 4318534.093, 77
Trd, 4318534.293, 87
Trd, 4318535.443, 85
Trd, 4318536.243, 75
Trd, 4318536.293, 73
Trd, 4318536.393, 73
Trd, 4318537.843, 79
Trd, 4318539.093, 65
Trd, 4318539.143, 66
Trd, 4318539.993, 133
Trd, 4318541.643, 114
Trd, 4318542.443, 107
Trd, 4318542.643, 102
Trd, 4318543.143, 98
Trd, 4318543.793, 133
Trd, 4318543.893, 124
Trd, 4318544.093, 110
Trd, 4318545.093, 66
Trd, 4318545.243, 87
Trd, 4318547.193, 132
Trd, 4318547.293, 121
Trd, 4318548.293, 81
Trd, 4318548.743, 116
Trd, 4318550.393, 75
Trd, 4318551.243, 77
Trd, 4318551.493, 114
Trd, 4318551.893, 69
Trd, 4318552.743, 74
Trd, 4318553.443, 116
Trd, 4318553.993, 111
Trd, 4318554.743, 102
Trd, 4318555.493, 95
Trd, 4318556.943, 114
Trd, 4318557.243, 88
Trd, 4318558.593, 138
Trd, 4318558.893, 125
Trd, 4318559.243, 86
Trd, 4318560.143, 137
Trd, 4318560.793, 98
Trd, 4318561.043, 65
Trd, 4318562.193, 63
Trd, 4318562.893, 63
Trd, 4318563.843, 120
Trd, 4318564.493, 109
Trd, 4318564.843, 110
Trd, 4318565.493, 91
Trd, 4318565.843, 86
Trd, 4318565.893, 122
Trd, 4318566.843, 76
Trd, 4318567.193, 131
Trd, 4318567.743, 85
Trd, 4318570.693, 125
Trd, 4318571.593, 114
Trd, 4318572.743, 119
Trd, 4318573.793, 117
Trd, 4318574.993, 110
Trd, 4318575.193, 108
Trd, 4318575.443, 125
Trd, 4318575.643, 104
Trd, 4318576.543, 122
Trd, 4318576.643, 113
Trd, 4318577.193, 93
Trd, 4318577.843, 105
Trd, 4318578.043, 90
Trd, 4318579.193, 124
Trd, 4318579.243, 110
Trd, 4318579.893, 77
Trd, 4318580.693, 94
Trd, 4318581.093, 67
Trd, 4318581.793, 104
Trd, 4318583.193, 126
Trd, 4318583.293, 118
Trd, 4318583.793, 103
Trd, 4318584.743, 93
Trd, 4318586.143, 87
Trd, 4318586.493, 77
Trd, 4318586.643, 75
Trd, 4318586.943, 116
Trd, 4318588.293, 95
Trd, 4318590.293, 124
Trd, 4318591.793, 90
Trd, 4318592.793, 88
Trd, 4318592.893, 127
Trd, 4318592.993, 87
Trd, 4318594.193, 96
Trd, 4318594.493, 85
Trd, 4318594.793, 98
Trd, 4318596.943, 107
Trd, 4318597.143, 100
Trd, 4318597.293, 103
Trd, 4318598.093, 107
Trd, 4318598.293, 96
Trd, 4318599.293, 100
Trd, 4318600.643, 131
Trd, 4318600.743, 134
Trd, 4318601.843, 125
Trd, 4318602.743, 118
Trd, 4318602.893, 106
Trd, 4318603.893, 124
Trd, 4318604.143, 110
Trd, 4318604.593, 134
Trd, 4318605.843, 99
Trd, 4318606.393, 100
Trd, 4318606.743, 97
Trd, 4318608.143, 106
Trd, 4318609.043, 100
Trd, 4318609.593, 123
Trd, 4318609.793, 108
Trd, 4318610.793, 140
Trd, 4318612.193, 88
Trd, 4318612.393, 85
Trd, 4318614.293, 131
Trd, 4318614.543, 126
Trd, 4318614.993, 117
Trd, 4318615.743, 116
Trd, 4318616.793, 128
Trd, 4318616.993, 122
Trd, 4318619.593, 93
Trd, 4318620.443, 136
Trd, 4318620.543, 94
Trd, 4318621.843, 117
Trd, 4318622.993, 131
Trd, 4318623.293, 115
Trd, 4318623.393, 112
Trd, 4318623.543, 126
Trd, 4318623.743, 91
Trd, 4318624.143, 94
Trd, 4318625.243, 80
Trd, 4318625.693, 87
Trd, 4318626.543, 68
Trd, 4318628.843, 102
Trd, 4318629.193, 69
Trd, 4318629.543, 69
Trd, 4318630.143, 92
Trd, 4318631.443, 138
Trd, 4318631.843, 121
Trd, 4318631.893, 108
Trd, 4318632.893, 95
Trd, 4318634.493, 76
Trd, 4318634.893, 93
Trd, 4318635.093, 93
Trd, 4318636.643, 92
Trd, 4318636.793, 78
Trd, 4318636.993, 117
Trd, 4318637.393, 65
Trd, 4318638.743, 109
Trd, 4318639.143, 86
Trd, 4318639.343, 98
Trd, 4318640.243, 135
Trd, 4318641.243, 125
Trd, 4318642.243, 103
Trd, 4318642.843, 95
Trd, 4318643.343, 86
Trd, 4318644.493, 90
Trd, 4318645.993, 113
Trd, 4318646.943, 105
Trd, 4318647.843, 95
Trd, 4318648.043, 93
Trd, 4318648.593, 112
Trd, 4318648.993, 104
Trd, 4318650.393, 133
Trd, 4318652.493, 127
Trd, 4318653.993, 102
Trd, 4318654.443, 98
Trd, 4318654.643, 127
Trd, 4318654.993, 101
Trd, 4318655.193, 83
Trd, 4318655.843, 85
Trd, 4318656.843, 136
Trd, 4318657.093, 132
Trd, 4318659.043, 120
Trd, 4318659.193, 113
Trd, 4318659.293, 107
Trd, 4318659.493, 118
Trd, 4318661.243, 85
Trd, 4318661.543, 96
Trd, 4318661.943, 70
Trd, 4318663.843, 72
Trd, 4318664.243, 62
Trd, 4318664.693, 101
Trd, 4318665.093, 106
Trd, 4318667.393, 98
Trd, 4318667.493, 87
Trd, 4318667.943, 85
Trd, 4318668.393, 92
Trd, 4318668.943, 64
Trd, 4318670.143, 86
Trd, 4318670.643, 84
Trd, 4318671.243, 77
Trd, 4318671.993, 64
Trd, 4318672.393, 89
Trd, 4318672.943, 68
Trd, 4318673.643, 67
Trd, 4318673.793, 107
Trd, 4318674.443, 120
Trd, 4318676.393, 64
Trd, 4318676.443, 92
Trd, 4318677.943, 106
Trd, 4318678.243, 99
Trd, 4318678.493, 135
Trd, 4318678.993, 128
Trd, 4318679.993, 69
Trd, 4318681.743, 70
Trd, 4318681.943, 91
Trd, 4318683.393, 99
Trd, 4318683.793, 106
Trd, 4318684.993, 98
Trd, 4318685.493, 95
Trd, 4318687.843, 83
Trd, 4318688.093, 86
Trd, 4318688.143, 82
Trd, 4318688.343, 119
Trd, 4318689.743, 89
Trd, 4318690.093, 82
Trd, 4318690.293, 73
Trd, 4318690.843, 106
Trd, 4318692.343, 132
Trd, 4318692.743, 110
Trd, 4318693.143, 103
Trd, 4318694.943, 105
Trd, 4318695.193, 106
Trd, 4318695.343, 92
Trd, 4318695.393, 125
Trd, 4318696.143, 132
Trd, 4318697.943, 131
Trd, 4318698.043, 115
Trd, 4318699.043, 110
Trd, 4318699.793, 113
Trd, 4318700.043, 104
Trd, 4318700.493, 110
Trd, 4318700.843, 122
Trd, 4318700.993, 99
Trd, 4318701.243, 106
Trd, 4318703.893, 108
Trd, 4318704.243, 104
Trd, 4318704.393, 99
Trd, 4318704.543, 84
Trd, 4318704.993, 73
Trd, 4318705.943, 86
Trd, 4318706.893, 119
Trd, 4318707.343, 93
Trd, 4318707.543, 80
Trd, 4318707.993, 78
Trd, 4318710.193, 117
Trd, 4318711.943, 116
Trd, 4318712.743, 73
Trd, 4318713.443, 72
Trd, 4318713.843, 110
Trd, 4318714.443, 103
Trd, 4318714.693, 100
Trd, 4318715.843, 95
Trd, 4318716.343, 128
Trd, 4318716.443, 106
Trd, 4318716.643, 80
Trd, 4318717.993, 109
Trd, 4318718.093, 108
Trd, 4318718.193, 115
Trd, 4318720.393, 102
Trd, 4318721.393, 140
Trd, 4318721.743, 80
Trd, 4318722.543, 117
Trd, 4318724.893, 136
Trd, 4318725.593, 124
Trd, 4318726.093, 117
Trd, 4318727.543, 111
Trd, 4318727.643, 128
Trd, 4318728.243, 103
Trd, 4318728.693, 101
Trd, 4318729.343, 98
Trd, 4318730.243, 98
Trd, 4318730.693, 96
Trd, 4318731.393, 99
Trd, 4318731.643, 90
Trd, 4318732.443, 121
Trd, 4318732.493, 79
Trd, 4318735.793, 120
Trd, 4318735.993, 113
Trd, 4318736.043, 110
Trd, 4318736.893, 99
Trd, 4318737.793, 120
Trd, 4318738.443, 108
Trd, 4318738.743, 115
Trd, 4318738.893, 100
Trd, 4318740.293, 118
Trd, 4318740.543, 119
Trd, 4318740.793, 119
Trd, 4318742.543, 80
Trd, 4318743.293, 68
Trd, 4318744.193, 65
Trd, 4318744.493, 75
Trd, 4318745.943, 114
Trd, 4318746.293, 114
Trd, 4318746.943, 107
Trd, 4318747.093, 104
Trd, 4318747.593, 92
Trd, 4318748.743, 94
Trd, 4318748.993, 82
Trd, 4318750.893, 105
Trd, 4318752.293, 130
Trd, 4318752.443, 123
Trd, 4318752.543, 131
Trd, 4318752.643, 115
Trd, 4318753.593, 79
Trd, 4318754.343, 71
Trd, 4318754.893, 103
Trd, 4318755.093, 130
Trd, 4318755.243, 99
Trd, 4318756.343, 116
Trd, 4318759.243, 133
Trd, 4318759.343, 120
Trd, 4318760.793, 124
Trd, 4318760.843, 117
Trd, 4318760.893, 106
Trd, 4318761.043, 105
Trd, 4318761.393, 127
Trd, 4318761.843, 110
Trd, 4318762.493, 117
Trd, 4318762.743, 102
Trd, 4318763.043, 96
Trd, 4318765.093, 106
Trd, 4318765.543, 85
Trd, 4318766.143, 93
Trd, 4318768.193, 115
Trd, 4318768.343, 97
Trd, 4318768.943, 93
Trd, 4318770.393, 95
Trd, 4318771.793, 93
Trd, 4318772.343, 82
Trd, 4318772.843, 74
Trd, 4318772.893, 72
Trd, 4318774.193, 111
Trd, 4318775.043, 120
Trd, 4318775.793, 104
Trd, 4318776.493, 102
Trd, 4318777.643, 139
Trd, 4318778.193, 136
Trd, 4318778.693, 112
Trd, 4318779.943, 118
Trd, 4318780.093, 117
Trd, 4318780.393, 110
Trd, 4318780.943, 130
Trd, 4318781.343, 118
Trd, 4318782.693, 110
Trd, 4318782.943, 124
Trd, 4318782.993, 98
Trd, 4318783.993, 104
Trd, 4318785.993, 95
Trd, 4318786.893, 117
Trd, 4318787.293, 140
Trd, 4318788.293, 126
Trd, 4318788.543, 126
Trd, 4318788.893, 119
Trd, 4318789.493, 117
Trd, 4318790.793, 109
Trd, 4318791.493, 139
Trd, 4318791.843, 93
Trd, 4318792.543, 114
Trd, 4318793.593, 61
Trd, 4318794.143, 73
Trd, 4318796.293, 83
Trd, 4318796.343, 111
Trd, 4318797.443, 67
Trd, 4318798.543, 109
Trd, 4318798.893, 97
Trd, 4318799.043, 120
Trd, 4318799.693, 109
Trd, 4318800.893, 72
Trd, 4318801.093, 110
Trd, 4318801.693, 67
Trd, 4318802.393, 74
Trd, 4318802.593, 121
Trd, 4318803.293, 64
Trd, 4318806.343, 87
Trd, 4318807.493, 69
Trd, 4318807.643, 101
Trd, 4318807.843, 114
Trd, 4318808.143, 102
Trd, 4318808.343, 121
Trd, 4318808.443, 96
Trd, 4318808.743, 69
Trd, 4318809.393, 140
Trd, 4318811.293, 120
Trd, 4318812.693, 126
Trd, 4318812.993, 119
Trd, 4318813.643, 105
Trd, 4318814.493, 98
Trd, 4318815.893, 112
Trd, 4318816.193, 136
Trd, 4318816.643, 135
Trd, 4318816.843, 109
Trd, 4318816.893, 95
Trd, 4318817.593, 92
Trd, 4318819.043, 119
Trd, 4318819.293, 112
Trd, 4318819.943, 108
Trd, 4318820.643, 105
Trd, 4318821.443, 106
Trd, 4318822.043, 97
Trd, 4318822.943, 83
Trd, 4318823.493, 77
Trd, 4318823.943, 124
Trd, 4318824.793, 137
Trd, 4318825.893, 72
Trd, 4318826.543, 97
Trd, 4318828.143, 60
Trd, 4318828.543, 62
Trd, 4318829.143, 62
Trd, 4318831.393, 109
Trd, 4318831.693, 88
Trd, 4318831.993, 89
Trd, 4318833.043, 96
Trd, 4318833.943, 70
Trd, 4318834.193, 76
Trd, 4318834.443, 78
Trd, 4318835.193, 122
Trd, 4318835.443, 108
Trd, 4318835.643, 117
Trd, 4318837.193, 89
Trd, 4318837.443, 76
Trd, 4318837.843, 77
Trd, 4318838.843, 111
Trd, 4318840.143, 136
Trd, 4318840.943, 114
Trd, 4318841.393, 114
Trd, 4318842.493, 138
Trd, 4318842.993, 133
Trd, 4318843.393, 136
Trd, 4318844.043, 114
Trd, 4318844.493, 111
Trd, 4318844.893, 120
Trd, 4318845.543, 106
Trd, 4318845.643, 99
Trd, 4318846.743, 96
Trd, 4318847.793, 88
Trd, 4318848.093, 85
Trd, 4318849.693, 84
Trd, 4318850.093, 61
Trd, 4318851.493, 70
Trd, 4318852.493, 63
Trd, 4318852.743, 124
Trd, 4318853.093, 121
Trd, 4318853.893, 103
Trd, 4318854.193, 105
Trd, 4318855.243, 70
Trd, 4318856.143, 74
Trd, 4318856.593, 80
Trd, 4318856.943, 81
Trd, 4318858.193, 94
Trd, 4318858.943, 118
Trd, 4318858.993, 87
Trd, 4318859.743, 86
Trd, 4318860.643, 105
Trd, 4318862.393, 84
Trd, 4318863.293, 117
Trd, 4318863.393, 132
Trd, 4318864.543, 106
Trd, 4318865.143, 95
Trd, 4318865.193, 84
Trd, 4318866.693, 104
Trd, 4318867.093, 101
Trd, 4318867.493, 122
Trd, 4318867.693, 97
Trd, 4318868.043, 90
Trd, 4318868.993, 140
Trd, 4318870.043, 83
Trd, 4318872.143, 111
Trd, 4318873.693, 129
Trd, 4318873.993, 110
Trd, 4318874.843, 95
Trd, 4318875.643, 94
Trd, 4318876.593, 121
Trd, 4318876.643, 107
Trd, 4318877.643, 126
Trd, 4318878.343, 116
Trd, 4318879.943, 100
Trd, 4318879.993, 94
Trd, 4318881.443, 105
Trd, 4318881.893, 89
Trd, 4318882.443, 112
Trd, 4318883.643, 76
Trd, 4318883.943, 74
Trd, 4318884.243, 100
Trd, 4318884.743, 73
Trd, 4318886.193, 88
Trd, 4318886.293, 83
Trd, 4318886.693, 71
Trd, 4318888.843, 106
Trd, 4318889.743, 117
Trd, 4318890.093, 113
Trd, 4318890.993, 127
Trd, 4318891.993, 106
Trd, 4318892.343, 125
Trd, 4318893.143, 119
Trd, 4318894.043, 97
Trd, 4318894.793, 93
Trd, 4318895.243, 135
Trd, 4318896.093, 102
Trd, 4318897.243, 106
Trd, 4318897.393, 101
Trd, 4318897.593, 86
Trd, 4318900.443, 136
Trd, 4318900.693, 128
Trd, 4318900.793, 120
Trd, 4318901.093, 106
Trd, 4318902.643, 112
Trd, 4318904.043, 104
Trd, 4318904.393, 132
Trd, 4318904.593, 94
Trd, 4318904.993, 96
Trd, 4318906.093, 88
Trd, 4318907.643, 98
Trd, 4318907.743, 123
Trd, 4318908.293, 117
Trd, 4318909.543, 121
Trd, 4318909.693, 114
Trd, 4318910.193, 121
Trd, 4318912.193, 107
Trd, 4318913.093, 91
Trd, 4318914.393, 95
Trd, 4318914.693, 94
Trd, 4318915.843, 136
Trd, 4318915.893, 128
Trd, 4318916.093, 113
Trd, 4318918.243, 127
Trd, 4318918.593, 120
Trd, 4318919.193, 117
Trd, 4318919.643, 133
Trd, 4318919.793, 120
Trd, 4318919.843, 112
Trd, 4318920.543, 103
Trd, 4318921.993, 106
Trd, 4318923.393, 93
Trd, 4318923.543, 87
Trd, 4318924.043, 103
Trd, 4318924.193, 89
Trd, 4318925.143, 135
Trd, 4318925.243, 108
Trd, 4318926.043, 107
Trd, 4318927.493, 105
Trd, 4318928.293, 111
Trd, 4318929.443, 127
Trd, 4318929.593, 116
Trd, 4318930.743, 130
Trd, 4318930.893, 110
Trd, 4318931.143, 106
Trd, 4318931.243, 100
Trd, 4318931.843, 134
Trd, 4318932.293, 128
Trd, 4318933.343, 100
Trd, 4318935.543, 96
Trd, 4318935.643, 93
Trd, 4318935.843, 79
Trd, 4318937.343, 62
Trd, 4318939.043, 74
Trd, 4318940.393, 78
Trd, 4318941.493, 123
Trd, 4318941.743, 115
Trd, 4318943.093, 131
Trd, 4318943.943, 135
Trd, 4318944.543, 112
Trd, 4318945.693, 85
Trd, 4318946.893, 134
Trd, 4318947.293, 135
Trd, 4318947.443, 116
Trd, 4318948.843, 99
Trd, 4318948.993, 96
Trd, 4318951.193, 98
Trd, 4318952.343, 121
Trd, 4318952.493, 121
Trd, 4318952.643, 115
Trd, 4318953.843, 102
Trd, 4318954.293, 113
Trd, 4318954.793, 114
Trd, 4318955.193, 112
Trd, 4318956.593, 117
Trd, 4318956.743, 98
Trd, 4318957.643, 88
Trd, 4318957.943, 98
Trd, 4318959.293, 104
Trd, 4318960.693, 119
Trd, 4318960.943, 113
Trd, 4318962.443, 132
Trd, 4318963.093, 128
Trd, 4318963.143, 108
Trd, 4318963.593, 85
Trd, 4318965.943, 117
Trd, 4318966.243, 127
Trd, 4318966.793, 70
Trd, 4318967.543, 84
Trd, 4318969.593, 113
Trd, 4318969.793, 111
Trd, 4318970.043, 103
Trd, 4318970.143, 96
Trd, 4318970.943, 82
Trd, 4318971.143, 140
Trd, 4318973.343, 99
Trd, 4318973.643, 101
Trd, 4318975.093, 107
Trd, 4318975.493, 105
Trd, 4318976.393, 89
Trd, 4318977.343, 109
Trd, 4318977.843, 84
Trd, 4318977.893, 83
Trd, 4318978.443, 94
Trd, 4318979.243, 132
Trd, 4318979.993, 131
Trd, 4318980.843, 110
Trd, 4318982.243, 139
Trd, 4318982.943, 122
Trd, 4318983.843, 112
Trd, 4318984.443, 124
Trd, 4318984.693, 129
Trd, 4318985.393, 116
Trd, 4318985.643, 103
Trd, 4318986.993, 127
Trd, 4318989.093, 113
Trd, 4318989.893, 116
Trd, 4318990.043, 101
Trd, 4318990.193, 94
Trd, 4318990.393, 103
Trd, 4318990.693, 116
Trd, 4318991.543, 97
Trd, 4318992.543, 88
Trd, 4318992.993, 87
Trd, 4318993.693, 77
Trd, 4318994.393, 111
Trd, 4318995.693, 108
Trd, 4318995.943, 98
Trd, 4318996.993, 85
Trd, 4318997.043, 83
Trd, 4318998.443, 106
Trd, 4318999.293, 86
Trd, 4319001.093, 122
Trd, 4319001.393, 121
Trd, 4319002.793, 111
Trd, 4319003.543, 119
Trd, 4319003.993, 119
Trd, 4319005.243, 123
Trd, 4319005.593, 115
Trd, 4319006.543, 113
Trd, 4319006.893, 105
Trd, 4319008.143, 114
Trd, 4319008.643, 101
Trd, 4319009.243, 101
Trd, 4319009.543, 122
Trd, 4319009.593, 101
Trd, 4319011.193, 132
Trd, 4319012.793, 140
Trd, 4319013.543, 113
Trd, 4319015.843, 129
Trd, 4319016.543, 120
Trd, 4319016.643, 109
Trd, 4319017.143, 110
Trd, 4319017.243, 140
Trd, 4319017.493, 102
Trd, 4319017.943, 92
Trd, 4319018.743, 113
Trd, 4319019.893, 107
Trd, 4319020.793, 118
Trd, 4319020.993, 114
Trd, 4319021.293, 92
Trd, 4319021.943, 101
Trd, 4319022.843, 116
Trd, 4319023.993, 106
Trd, 4319024.593, 108
Trd, 4319024.693, 98
Trd, 4319025.393, 110
Trd, 4319026.343, 75
Trd, 4319026.493, 130
Trd, 4319027.843, 115
Trd, 4319027.943, 118
Trd, 4319028.343, 63
Trd, 4319029.643, 112
Trd, 4319030.243, 107
Trd, 4319030.993, 95
Trd, 4319031.293, 88
Trd, 4319031.543, 102
Trd, 4319031.843, 62
Trd, 4319033.493, 89
Trd, 4319035.043, 123
Trd, 4319035.193, 81
Trd, 4319037.193, 127
Trd, 4319037.643, 100
Trd, 4319037.743, 98
Trd, 4319038.593, 88
Trd, 4319040.043, 111
Trd, 4319041.393, 132
Trd, 4319042.543, 128
Trd, 4319042.593, 120
Trd, 4319042.693, 119
Trd, 4319043.643, 104
Trd, 4319044.393, 103
Trd, 4319045.143, 93
Trd, 4319046.493, 93
Trd, 4319047.243, 91
Trd, 4319048.043, 99
Trd, 4319048.793, 100
Trd, 4319048.893, 94
Trd, 4319049.643, 115
Trd, 4319049.993, 120
Trd, 4319050.293, 80
Trd, 4319051.493, 98
Trd, 4319052.293, 108
Trd, 4319052.743, 96
Trd, 4319053.493, 136
Trd, 4319053.593, 101
Trd, 4319055.343, 95
Trd, 4319057.543, 108
Trd, 4319057.993, 100
Trd, 4319059.793, 128
Trd, 4319060.393, 126
Trd, 4319061.293, 114
Trd, 4319061.643, 108
Trd, 4319061.993, 100
Trd, 4319062.593, 120
Trd, 4319063.143, 105
Trd, 4319063.543, 109
Trd, 4319064.443, 108
Trd, 4319064.643, 105
Trd, 4319066.993, 122
Trd, 4319067.293, 114
Trd, 4319068.443, 105
Trd, 4319069.143, 94
Trd, 4319069.743, 112
Trd, 4319070.093, 92
Trd, 4319070.993, 99
Trd, 4319072.493, 120
Trd, 4319073.443, 81
Trd, 4319074.743, 98
Trd, 4319076.343, 105
Trd, 4319076.993, 129
Trd, 4319077.193, 102
Trd, 4319077.443, 131
Trd, 4319077.693, 117
Trd, 4319078.743, 102
Trd, 4319079.343, 88
Trd, 4319080.093, 97
Trd, 4319080.393, 99
Trd, 4319080.843, 117
Trd, 4319081.893, 127
Trd, 4319082.393, 89
Trd, 4319084.343, 84
Trd, 4319084.643, 85
Trd, 4319085.343, 134
Trd, 4319085.793, 117
Trd, 4319086.593, 67
Trd, 4319087.193, 89
Trd, 4319088.443, 123
Trd, 4319088.643, 108
Trd, 4319090.493, 107
Trd, 4319090.593, 106
Trd, 4319091.393, 121
Trd, 4319091.543, 105
Trd, 4319094.093, 106
Trd, 4319094.593, 116
Trd, 4319095.093, 109
Trd, 4319095.643, 109
Trd, 4319096.393, 106
Trd, 4319097.343, 118
Trd, 4319098.193, 121
Trd, 4319099.993, 90
Trd, 4319100.893, 101
Trd, 4319102.843, 100
Trd, 4319102.893, 92
Trd, 4319102.993, 103
Trd, 4319103.293, 114
Trd, 4319103.393, 89
Trd, 4319103.843, 69
Trd, 4319104.543, 106
Trd, 4319104.643, 94
Trd, 4319106.393, 81
Trd, 4319106.643, 77
Trd, 4319106.843, 89
Trd, 4319107.593, 64
Trd, 4319109.593, 107
Trd, 4319109.793, 105
Trd, 4319110.193, 98
Trd, 4319111.093, 118
Trd, 4319112.043, 94
Trd, 4319112.843, 94
Trd, 4319113.293, 81
Trd, 4319115.043, 129
Trd, 4319116.843, 106
Trd, 4319117.093, 101
Trd, 4319117.493, 99
Trd, 4319118.143, 96
Trd, 4319118.393, 93
Trd, 4319118.643, 84
Trd, 4319119.893, 107
Trd, 4319119.993, 85
Trd, 4319120.043, 93
Trd, 4319121.043, 62
Trd, 4319122.293, 131
Trd, 4319122.393, 124
Trd, 4319122.993, 97
Trd, 4319123.593, 93
Trd, 4319124.893, 95
Trd, 4319126.543, 99
Trd, 4319127.443, 127
Trd, 4319127.693, 119
Trd, 4319129.093, 121
Trd, 4319129.143, 118
Trd, 4319130.093, 106
Trd, 4319130.893, 89
Trd, 4319131.093, 101
Trd, 4319131.243, 76
Trd, 4319132.843, 128
Trd, 4319133.293, 123
Trd, 4319133.643, 112
Trd, 4319134.093, 99
Trd, 4319135.243, 103
Trd, 4319136.293, 90
Trd, 4319136.693, 73
Trd, 4319137.693, 105
Trd, 4319138.993, 136
Trd, 4319139.743, 108
Trd, 4319139.943, 106
Trd, 4319140.443, 99
Trd, 4319141.493, 108
Trd, 4319142.793, 133
Trd, 4319143.593, 132
Trd, 4319143.693, 128
Trd, 4319144.143, 115
Trd, 4319144.293, 110
Trd, 4319145.843, 121
Trd, 4319146.993, 125
Trd, 4319147.093, 118
Trd, 4319148.543, 121
Trd, 4319148.743, 108
Trd, 4319149.293, 118
Trd, 4319150.193, 102
Trd, 4319150.493, 132
Trd, 4319151.643, 110
Trd, 4319152.093, 103
Trd, 4319152.143, 108
Trd, 4319152.943, 113
Trd, 4319154.243, 111
Trd, 4319154.743, 112
Trd, 4319155.393, 96
Trd, 4319155.593, 96
Trd, 4319157.693, 104
Trd, 4319158.293, 96
Trd, 4319159.593, 75
Trd, 4319159.743, 72
Trd, 4319160.293, 67
Trd, 4319161.093, 75
Trd, 4319161.793, 104
Trd, 4319162.743, 81
Trd, 4319163.243, 78
Trd, 4319164.193, 130
Trd, 4319164.943, 130
Trd, 4319165.293, 135
Trd, 4319165.993, 132
Trd, 4319166.443, 118
Trd, 4319167.293, 113
Trd, 4319168.593, 111
Trd, 4319168.743, 88
Trd, 4319169.643, 101
Trd, 4319169.793, 117
Trd, 4319169.893, 91
Trd, 4319171.293, 133
Trd, 4319172.293, 106
Trd, 4319172.643, 88
Trd, 4319173.543, 70
Trd, 4319173.843, 85
Trd, 4319175.993, 92
Trd, 4319177.493, 138
Trd, 4319177.743, 91
Trd, 4319180.193, 120
Trd, 4319180.793, 113
Trd, 4319181.593, 99
Trd, 4319182.543, 97
Trd, 4319183.143, 111
Trd, 4319183.743, 112
Trd, 4319184.143, 90
Trd, 4319184.543, 88
Trd, 4319185.243, 103
Trd, 4319186.343, 137
Trd, 4319188.743, 110
Trd, 4319188.893, 105
Trd, 4319189.143, 104
Trd, 4319189.493, 128
Trd, 4319189.643, 104
Trd, 4319189.893, 133
Trd, 4319190.943, 87
Trd, 4319192.793, 99
Trd, 4319193.443, 121
Trd, 4319194.043, 75
Trd, 4319194.443, 107
Trd, 4319195.093, 69
Trd, 4319196.193, 113
Trd, 4319197.093, 87
Trd, 4319197.843, 133
Trd, 4319198.693, 78
Trd, 4319199.043, 81
Trd, 4319199.593, 125
Trd, 4319200.543, 60
Trd, 4319202.893, 60
Trd, 4319203.693, 86
Trd, 4319204.143, 87
Trd, 4319205.043, 89
Trd, 4319205.093, 92
Trd, 4319206.193, 106
Trd, 4319206.293, 77
Trd, 4319206.443, 66
Trd, 4319208.143, 113
Trd, 4319209.393, 123
Trd, 4319209.843, 100
Trd, 4319210.643, 101
Trd, 4319212.093, 102
Trd, 4319212.143, 120
Trd, 4319212.493, 117
Trd, 4319213.243, 104
Trd, 4319215.743, 92
Trd, 4319215.993, 87
Trd, 4319216.543, 106
Trd, 4319217.343, 122
Trd, 4319217.593, 119
Trd, 4319218.143, 99
Trd, 4319218.443, 88
Trd, 4319219.993, 122
Trd, 4319220.243, 109
Trd, 4319221.493, 140
Trd, 4319221.743, 103
Trd, 4319221.943, 96
Trd, 4319222.293, 76
Trd, 4319224.493, 60
Trd, 4319225.043, 133
Trd, 4319225.343, 77
Trd, 4319226.043, 61
Trd, 4319226.293, 126
Trd, 4319226.543, 63
Trd, 4319227.343, 128
Trd, 4319227.643, 109
Trd, 4319228.193, 106
Trd, 4319228.643, 80
Trd, 4319230.193, 89
Trd, 4319231.843, 104
Trd, 4319233.443, 124
Trd, 4319233.743, 116
Trd, 4319233.893, 112
Trd, 4319234.543, 81
Trd, 4319235.343, 137
Trd, 4319235.543, 113
Trd, 4319236.193, 83
Trd, 4319236.643, 80
Trd, 4319238.393, 117
Trd, 4319238.493, 111
Trd, 4319238.543, 106
Trd, 4319239.293, 117
Trd, 4319240.343, 125
Trd, 4319241.493, 109
Trd, 4319241.743, 117
Trd, 4319243.543, 96
Trd, 4319244.943, 126
Trd, 4319245.443, 95
Trd, 4319246.393, 139
Trd, 4319246.743, 80
Trd, 4319249.193, 123
Trd, 4319249.993, 74
Trd, 4319250.393, 93
Trd, 4319251.943, 113
Trd, 4319252.593, 127
Trd, 4319252.943, 128
Trd, 4319253.143, 86
Trd, 4319253.493, 94
Trd, 4319253.843, 121
Trd, 4319255.243, 120
Trd, 4319255.293, 112
Trd, 4319256.543, 113
Trd, 4319258.243, 85
Trd, 4319258.593, 101
Trd, 4319259.093, 132
Trd, 4319261.293, 87
Trd, 4319261.843, 124
Trd, 4319262.593, 85
Trd, 4319262.643, 82
Trd, 4319262.843, 90
Trd, 4319264.043, 79
Trd, 4319265.393, 114
Trd, 4319265.943, 100
Trd, 4319267.143, 103
Trd, 4319267.693, 97
Trd, 4319268.693, 82
Trd, 4319269.893, 128
Trd, 4319271.143, 117
Trd, 4319271.393, 136
Trd, 4319271.443, 112
Trd, 4319271.643, 108
Trd, 4319272.393, 105
Trd, 4319274.043, 99
Trd, 4319274.943, 104
Trd, 4319276.343, 97
Trd, 4319276.443, 92
Trd, 4319277.243, 86
Trd, 4319277.343, 100
Trd, 4319279.843, 105
Trd, 4319280.593, 105
Trd, 4319280.643, 123
Trd, 4319281.193, 115
Trd, 4319281.243, 113
Trd, 4319283.343, 102
Trd, 4319283.943, 92
Trd, 4319284.543, 87
Trd, 4319286.443, 66
Trd, 4319286.593, 69
Trd, 4319286.743, 100
Trd, 4319286.943, 93
Trd, 4319287.543, 122
Trd, 4319288.693, 60
Trd, 4319289.193, 63
Trd, 4319290.993, 80
Trd, 4319291.143, 85
Trd, 4319291.793, 102
Trd, 4319292.343, 113
Trd, 4319292.743, 102
Trd, 4319294.243, 105
Trd, 4319295.493, 105
Trd, 4319295.643, 120
Trd, 4319296.993, 118
Trd, 4319297.843, 123
Trd, 4319298.193, 118
Trd, 4319299.243, 113
Trd, 4319299.543, 106
Trd, 4319301.443, 95
Trd, 4319301.643, 92
Trd, 4319302.093, 84
Trd, 4319302.143, 89
Trd, 4319303.493, 79
Trd, 4319304.293, 116
Trd, 4319305.393, 113
Trd, 4319305.543, 112
Trd, 4319305.793, 129
Trd, 4319306.343, 105
Trd, 4319306.643, 93
Trd, 4319308.443, 125
Trd, 4319309.543, 119
Trd, 4319310.693, 99
Trd, 4319310.843, 91
Trd, 4319311.393, 83
Trd, 4319311.893, 80
Trd, 4319312.093, 126
Trd, 4319312.793, 126
Trd, 4319313.643, 89
Trd, 4319314.093, 97
Trd, 4319314.143, 83
Trd, 4319315.993, 125
Trd, 4319316.993, 117
Trd, 4319317.043, 112
Trd, 4319317.743, 116
Trd, 4319318.693, 137
Trd, 4319318.843, 132
Trd, 4319319.743, 97
Trd, 4319319.993, 104
Trd, 4319320.193, 96
Trd, 4319320.793, 67
Trd, 4319322.243, 87
Trd, 4319323.643, 103
Trd, 4319323.743, 115
Trd, 4319323.893, 79
Trd, 4319325.193, 128
Trd, 4319327.043, 97
Trd, 4319328.243, 125
Trd, 4319328.343, 111
Trd, 4319328.843, 137
Trd, 4319329.893, 119
Trd, 4319329.993, 102
Trd, 4319331.193, 127
Trd, 4319331.643, 110
Trd, 4319333.493, 76
Trd, 4319333.993, 90
Trd, 4319334.643, 117
Trd, 4319334.693, 76
Trd, 4319335.943, 112
Trd, 4319336.443, 97
Trd, 4319336.743, 85
Trd, 4319337.243, 126
Trd, 4319338.493, 120
Trd, 4319338.843, 139
Trd, 4319340.193, 115
Trd, 4319341.643, 119
Trd, 4319341.843, 116
Trd, 4319341.893, 99
Trd, 4319343.043, 132
Trd, 4319343.943, 122
Trd, 4319344.443, 110
Trd, 4319344.693, 108
Trd, 4319344.893, 134
Trd, 4319346.243, 108
Trd, 4319346.543, 121
Trd, 4319347.043, 93
Trd, 4319347.493, 132
Trd, 4319349.093, 119
Trd, 4319349.293, 128
Trd, 4319349.743, 115
Trd, 4319350.843, 100
Trd, 4319351.743, 97
Trd, 4319352.243, 92
Trd, 4319352.743, 80
Trd, 4319353.643, 95
Trd, 4319354.293, 94
Trd, 4319354.543, 90
Trd, 4319356.593, 105
Trd, 4319356.893, 104
Trd, 4319357.943, 122
Trd, 4319358.443, 108
Trd, 4319358.643, 110
Trd, 4319358.893, 108
Trd, 4319360.743, 115
Trd, 4319362.193, 129
Trd, 4319363.493, 113
Trd, 4319364.843, 123
Trd, 4319365.243, 104
Trd, 4319365.543, 91
Trd, 4319366.343, 107
Trd, 4319367.093, 105
Trd, 4319369.043, 110
Trd, 4319369.643, 102
Trd, 4319370.493, 109
Trd, 4319371.743, 104
Trd, 4319371.943, 112
Trd, 4319372.293, 103
Trd, 4319373.143, 89
Trd, 4319374.943, 122
Trd, 4319375.393, 119
Trd, 4319376.043, 93
Trd, 4319376.243, 132
Trd, 4319378.193, 100
Trd, 4319378.393, 87
Trd, 4319379.143, 82
Trd, 4319380.693, 100
Trd, 4319381.493, 136
Trd, 4319381.843, 132
Trd, 4319382.443, 98
Trd, 4319382.743, 91
Trd, 4319383.593, 85
Trd, 4319384.043, 93
Trd, 4319384.393, 101
Trd, 4319385.143, 83
Trd, 4319385.893, 95
Trd, 4319386.293, 101
Trd, 4319387.393, 80
Trd, 4319388.243, 70
Trd, 4319388.543, 95
Trd, 4319389.093, 121
Trd, 4319389.343, 98
Trd, 4319390.693, 62
Trd, 4319391.443, 61
Trd, 4319391.793, 62
Trd, 4319392.443, 89
Trd, 4319395.193, 129
Trd, 4319395.793, 117
Trd, 4319396.093, 109
Trd, 4319396.293, 95
Trd, 4319396.643, 113
Trd, 4319397.093, 94
Trd, 4319398.443, 82
Trd, 4319398.943, 84
Trd, 4319399.593, 84
Trd, 4319400.243, 71
Trd, 4319401.993, 87
Trd, 4319402.143, 79
Trd, 4319403.143, 73
Trd, 4319403.193, 72
Trd, 4319404.443, 106
Trd, 4319405.193, 132
Trd, 4319405.243, 102
Trd, 4319405.843, 104
Trd, 4319407.593, 117
Trd, 4319407.743, 115
Trd, 4319408.393, 104
Trd, 4319408.843, 110
Trd, 4319409.143, 97
Trd, 4319410.043, 74
Trd, 4319411.543, 61
Trd, 4319412.993, 63
Trd, 4319413.993, 63
Trd, 4319414.343, 87
Trd, 4319415.793, 118
Trd, 4319416.543, 108
Trd, 4319417.593, 114
Trd, 4319418.143, 107
Trd, 4319419.093, 105
Trd, 4319420.343, 103
Trd, 4319420.893, 111
Trd, 4319422.493, 137
Trd, 4319423.043, 123
Trd, 4319423.693, 118
Trd, 4319423.793, 112
Trd, 4319423.843, 111
Trd, 4319425.143, 96
Trd, 4319425.993, 88
Trd, 4319426.743, 104
Trd, 4319426.893, 100
Trd, 4319427.243, 88
Trd, 4319427.343, 119
Trd, 4319429.493, 85
Trd, 4319429.793, 73
Trd, 4319430.593, 93
Trd, 4319430.993, 71
Trd, 4319431.593, 115
Trd, 4319433.193, 95
Trd, 4319433.293, 112
Trd, 4319434.143, 117
Trd, 4319434.443, 87
Trd, 4319435.643, 94
Trd, 4319436.343, 90
Trd, 4319437.243, 82
Trd, 4319437.543, 105
Trd, 4319439.093, 114
Trd, 4319439.893, 94
Trd, 4319440.943, 130
Trd, 4319441.343, 97
Trd, 4319442.143, 91
Trd, 4319442.243, 104
Trd, 4319442.643, 90
Trd, 4319442.893, 107
Trd, 4319445.793, 130
Trd, 4319446.443, 112
Trd, 4319446.893, 135
Trd, 4319448.193, 113
Trd, 4319448.643, 110
Trd, 4319449.393, 128
Trd, 4319449.643, 136
Trd, 4319451.593, 121
Trd, 4319452.193, 108
Trd, 4319453.293, 114
Trd, 4319453.643, 114
Trd, 4319454.743, 105
Trd, 4319455.643, 123
Trd, 4319455.693, 111
Trd, 4319456.743, 109
Trd, 4319456.993, 97
Trd, 4319457.243, 117
Trd, 4319457.693, 119
Trd, 4319458.293, 119
Trd, 4319458.493, 97
Trd, 4319460.593, 107
Trd, 4319461.593, 93
Trd, 4319461.893, 98
Trd, 4319462.493, 82
Trd, 4319462.943, 98
Trd, 4319463.193, 103
Trd, 4319463.593, 89
Trd, 4319464.143, 94
Trd, 4319467.293, 95
Trd, 4319468.743, 120
Trd, 4319468.993, 113
Trd, 4319469.193, 112
Trd, 4319469.493, 119
Trd, 4319470.043, 114
Trd, 4319470.193, 112
Trd, 4319471.993, 94
Trd, 4319472.943, 64
Trd, 4319473.093, 118
Trd, 4319474.143, 105
Trd, 4319475.393, 102
Trd, 4319476.243, 98
Trd, 4319476.293, 97
Trd, 4319477.843, 103
Trd, 4319478.393, 98
Trd, 4319479.493, 87
Trd, 4319481.943, 98
Trd, 4319482.643, 121
Trd, 4319483.443, 75
Trd, 4319484.843, 101
Trd, 4319484.893, 90
Trd, 4319484.943, 118
Trd, 4319485.993, 104
Trd, 4319486.043, 100
Trd, 4319486.193, 125
Trd, 4319487.693, 77
Trd, 4319488.293, 120
Trd, 4319488.443, 101
Trd, 4319489.593, 124
Trd, 4319490.043, 110
Trd, 4319490.893, 118
Trd, 4319491.143, 111
Trd, 4319493.393, 126
Trd, 4319493.593, 112
Trd, 4319494.193, 122
Trd, 4319494.943, 129
Trd, 4319495.243, 110
Trd, 4319495.593, 84
Trd, 4319496.443, 62
Trd, 4319498.093, 75
Trd, 4319499.943, 116
Trd, 4319500.343, 92
Trd, 4319501.293, 106
Trd, 4319501.743, 98
Trd, 4319503.093, 109
Trd, 4319503.143, 97
Trd, 4319504.643, 71
Trd, 4319505.193, 62
Trd, 4319505.643, 88
Trd, 4319506.293, 105
Trd, 4319507.693, 90
Trd, 4319508.193, 78
Trd, 4319510.443, 138
Trd, 4319510.743, 130
Trd, 4319511.493, 130
Trd, 4319511.643, 119
Trd, 4319512.043, 116
Trd, 4319512.243, 115
Trd, 4319512.843, 136
Trd, 4319513.143, 94
Trd, 4319513.843, 128
Trd, 4319514.493, 120
Trd, 4319515.043, 105
Trd, 4319516.443, 89
Trd, 4319517.393, 119
Trd, 4319517.943, 115
Trd, 4319518.243, 85
Trd, 4319519.443, 68
Trd, 4319519.593, 68
Trd, 4319520.343, 120
Trd, 4319521.443, 129
Trd, 4319521.993, 122
Trd, 4319522.243, 112
Trd, 4319522.393, 79
Trd, 4319524.193, 85
Trd, 4319525.143, 117
Trd, 4319525.693, 114
Trd, 4319526.193, 106
Trd, 4319526.293, 94
Trd, 4319528.143, 116
Trd, 4319530.743, 111
Trd, 4319532.443, 108
Trd, 4319532.843, 104
Trd, 4319534.193, 126
Trd, 4319534.493, 113
Trd, 4319534.593, 111
Trd, 4319535.793, 113
Trd, 4319537.193, 109
Trd, 4319537.543, 104
Trd, 4319539.293, 113
Trd, 4319539.793, 132
Trd, 4319539.893, 107
Trd, 4319540.243, 98
Trd, 4319540.993, 76
Trd, 4319542.043, 82
Trd, 4319544.293, 95
Trd, 4319544.493, 124
Trd, 4319545.093, 90
Trd, 4319546.043, 81
Trd, 4319546.143, 92
Trd, 4319546.243, 121
Trd, 4319546.693, 97
Trd, 4319546.793, 93
Trd, 4319547.193, 73
Trd, 4319547.593, 98
Trd, 4319549.043, 85
Trd, 4319549.543, 71
Trd, 4319550.243, 89
Trd, 4319550.843, 94
Trd, 4319551.393, 69
Trd, 4319552.093, 67
Trd, 4319553.693, 67
Trd, 4319555.593, 129
Trd, 4319556.343, 108
Trd, 4319556.643, 101
Trd, 4319557.093, 127
Trd, 4319557.293, 101
Trd, 4319557.793, 135
Trd, 4319557.943, 92
Trd, 4319560.343, 108
Trd, 4319561.493, 87
Trd, 4319561.743, 98
Trd, 4319562.043, 91
Trd, 4319562.793, 85
Trd, 4319564.293, 127
Trd, 4319564.343, 123
Trd, 4319564.793, 120
Trd, 4319565.193, 115
Trd, 4319565.893, 92
Trd, 4319566.343, 107
Trd, 4319566.743, 120
Trd, 4319569.443, 120
Trd, 4319569.943, 135
Trd, 4319570.243, 73
Trd, 4319571.443, 95
Trd, 4319573.393, 128
Trd, 4319573.793, 115
Trd, 4319574.943, 133
Trd, 4319575.893, 120
Trd, 4319576.043, 118
Trd, 4319576.543, 136
Trd, 4319576.993, 117
Trd, 4319577.243, 66
Trd, 4319579.543, 97
Trd, 4319579.943, 75
Trd, 4319580.893, 113
Trd, 4319581.243, 100
Trd, 4319582.243, 106
Trd, 4319582.893, 131
Trd, 4319583.043, 116
Trd, 4319583.243, 108
Trd, 4319583.543, 107
Trd, 4319584.393, 74
Trd, 4319585.143, 115
Trd, 4319586.043, 113
Trd, 4319587.393, 111
Trd, 4319587.643, 104
Trd, 4319588.043, 129
Trd, 4319589.093, 108
Trd, 4319589.193, 81
Trd, 4319590.243, 78
Trd, 4319590.293, 67
Trd, 4319590.943, 91
Trd, 4319593.193, 120
Trd, 4319593.593, 114
Trd, 4319594.243, 119
Trd, 4319595.893, 105
Trd, 4319596.043, 99
Trd, 4319596.443, 91
Trd, 4319597.243, 108
Trd, 4319598.443, 83
Trd, 4319599.043, 108
Trd, 4319599.593, 82
Trd, 4319599.693, 72
Trd, 4319600.493, 71
Trd, 4319601.193, 72
Trd, 4319602.143, 84
Trd, 4319602.393, 94
Trd, 4319603.493, 80
Trd, 4319604.193, 82
Trd, 4319604.693, 79
Trd, 4319604.793, 84
Trd, 4319605.793, 101
Trd, 4319607.393, 107
Trd, 4319607.743, 127
Trd, 4319607.793, 93
Trd, 4319608.243, 120
Trd, 4319608.943, 94
Trd, 4319610.243, 117
Trd, 4319610.843, 135
Trd, 4319611.843, 138
Trd, 4319612.343, 125
Trd, 4319613.093, 120
Trd, 4319613.293, 113
Trd, 4319613.893, 85
Trd, 4319614.793, 110
Trd, 4319615.443, 75
Trd, 4319615.543, 95
Trd, 4319617.243, 119
Trd, 4319617.493, 111
Trd, 4319617.793, 98
Trd, 4319619.243, 99
Trd, 4319620.243, 96
Trd, 4319620.893, 102
Trd, 4319623.343, 118
Trd, 4319623.393, 115
Trd, 4319623.743, 108
Trd, 4319624.143, 139
Trd, 4319624.343, 114
Trd, 4319625.243, 69
Trd, 4319625.993, 123
Trd, 4319626.843, 120
Trd, 4319627.343, 109
Trd, 4319627.693, 96
Trd, 4319629.043, 96
Trd, 4319630.143, 136
Trd, 4319630.793, 123
Trd, 4319630.893, 119
Trd, 4319631.493, 112
Trd, 4319632.393, 107
Trd, 4319632.793, 117
Trd, 4319633.693, 117
Trd, 4319633.843, 97
Trd, 4319635.943, 101
Trd, 4319637.093, 100
Trd, 4319637.243, 132
Trd, 4319637.993, 81
Trd, 4319638.793, 82
Trd, 4319639.243, 105
Trd, 4319640.093, 69
Trd, 4319641.443, 92
Trd, 4319641.943, 95
Trd, 4319642.093, 92
Trd, 4319642.193, 88
Trd, 4319643.693, 75
Trd, 4319645.843, 96
Trd, 4319646.043, 79
Trd, 4319646.093, 97
Trd, 4319646.193, 77
Trd, 4319647.443, 72
Trd, 4319648.043, 73
Trd, 4319649.193, 117
Trd, 4319649.443, 114
Trd, 4319649.743, 108
Trd, 4319650.443, 116
Trd, 4319650.943, 115
Trd, 4319651.543, 110
Trd, 4319651.993, 115
Trd, 4319652.143, 94
Trd, 4319652.743, 73
Trd, 4319655.243, 118
Trd, 4319656.193, 115
Trd, 4319656.293, 96
Trd, 4319656.593, 134
Trd, 4319656.743, 83
Trd, 4319658.343, 121
Trd, 4319660.493, 91
Trd, 4319661.393, 97
Trd, 4319661.443, 91
Trd, 4319661.643, 60
Trd, 4319661.793, 129
Trd, 4319662.843, 93
Trd, 4319663.893, 91
Trd, 4319664.693, 102
Trd, 4319665.593, 77
Trd, 4319665.643, 109
Trd, 4319665.693, 74
Trd, 4319665.993, 73
Trd, 4319666.743, 100
Trd, 4319667.243, 81
Trd, 4319668.593, 74
Trd, 4319670.293, 94
Trd, 4319671.393, 110
Trd, 4319672.543, 126
Trd, 4319672.593, 112
Trd, 4319672.893, 105
Trd, 4319673.443, 99
Trd, 4319674.343, 97
Trd, 4319676.593, 117
Trd, 4319676.743, 112
Trd, 4319676.993, 100
Trd, 4319677.943, 107
Trd, 4319679.093, 114
Trd, 4319679.593, 122
Trd, 4319680.193, 61
Trd, 4319681.743, 77
Trd, 4319682.193, 84
Trd, 4319682.593, 71
Trd, 4319683.343, 61
Trd, 4319684.243, 81
Trd, 4319684.643, 112
Trd, 4319685.143, 108
Trd, 4319685.393, 117
Trd, 4319687.293, 114
Trd, 4319687.943, 112
Trd, 4319688.493, 101
Trd, 4319689.643, 96
Trd, 4319690.193, 118
Trd, 4319691.543, 115
Trd, 4319692.793, 106
Trd, 4319692.843, 105
Trd, 4319693.093, 100
Trd, 4319693.543, 129
Trd, 4319694.143, 98
Trd, 4319694.593, 95
Trd, 4319695.493, 114
Trd, 4319696.543, 125
Trd, 4319698.193, 107
Trd, 4319699.543, 94
Trd, 4319699.893, 94
Trd, 4319700.143, 119
Trd, 4319700.243, 93
Trd, 4319700.843, 96
Trd, 4319700.993, 92
Trd, 4319702.193, 72
Trd, 4319703.043, 125
Trd, 4319703.993, 77
Trd, 4319704.743, 98
Trd, 4319705.143, 63
Trd, 4319707.743, 134
Trd, 4319708.493, 118
Trd, 4319708.943, 111
Trd, 4319709.193, 106
Trd, 4319709.843, 124
Trd, 4319710.143, 91
Trd, 4319711.393, 119
Trd, 4319712.943, 88
Trd, 4319713.643, 80
Trd, 4319713.743, 88
Trd, 4319713.943, 111
Trd, 4319714.893, 116
Trd, 4319715.493, 103
Trd, 4319715.543, 103
Trd, 4319716.493, 110
Trd, 4319717.193, 100
Trd, 4319717.843, 102
Trd, 4319718.893, 118
Trd, 4319719.243, 95
Trd, 4319719.893, 99
Trd, 4319720.343, 87
Trd, 4319721.143, 118
Trd, 4319721.893, 98
Trd, 4319721.943, 89
Trd, 4319723.093, 106
Trd, 4319724.093, 137
Trd, 4319725.093, 137
Trd, 4319725.293, 129
Trd, 4319726.543, 111
Trd, 4319726.943, 103
Trd, 4319728.643, 132
Trd, 4319728.943, 108
Trd, 4319729.743, 96
Trd, 4319730.443, 107
Trd, 4319732.343, 92
Trd, 4319732.893, 98
Trd, 4319733.493, 94
Trd, 4319734.293, 95
Trd, 4319735.043, 108
Trd, 4319735.493, 98
Trd, 4319736.393, 90
Trd, 4319737.043, 128
Trd, 4319738.143, 137
Trd, 4319738.493, 113
Trd, 4319738.843, 103
Trd, 4319740.093, 114
Trd, 4319740.343, 87
Trd, 4319741.093, 94
Trd, 4319741.693, 85
Trd, 4319742.543, 95
Trd, 4319742.993, 86
Trd, 4319743.143, 82
Trd, 4319743.443, 80
Trd, 4319743.993, 133
Trd, 4319745.193, 107
Trd, 4319747.493, 111
Trd, 4319748.143, 136
Trd, 4319748.243, 119
Trd, 4319748.343, 101
Trd, 4319748.593, 84
Trd, 4319750.293, 63
Trd, 4319751.093, 62
Trd, 4319751.543, 83
Trd, 4319753.043, 84
Trd, 4319754.193, 82
Trd, 4319754.393, 93
Trd, 4319755.043, 66
Trd, 4319756.093, 102
Trd, 4319756.743, 72
Trd, 4319756.943, 76
Trd, 4319759.493, 79
Trd, 4319759.743, 81
Trd, 4319760.193, 76
Trd, 4319760.743, 67
Trd, 4319761.293, 66
Trd, 4319761.443, 82
Trd, 4319762.193, 65
Trd, 4319762.443, 75
Trd, 4319763.493, 95
Trd, 4319764.393, 109
Trd, 4319765.243, 135
Trd, 4319765.443, 108
Trd, 4319766.493, 119
Trd, 4319767.143, 105
Trd, 4319767.343, 94
Trd, 4319767.543, 86
Trd, 4319770.293, 112
Trd, 4319771.043, 119
Trd, 4319771.643, 121
Trd, 4319772.443, 127
Trd, 4319775.043, 125
Trd, 4319775.543, 119
Trd, 4319776.343, 114
Trd, 4319776.593, 111
Trd, 4319776.793, 102
Trd, 4319778.043, 133
Trd, 4319778.393, 106
Trd, 4319779.793, 92
Trd, 4319779.843, 106
Trd, 4319779.943, 86
Trd, 4319781.693, 135
Trd, 4319782.043, 108
Trd, 4319783.193, 113
Trd, 4319783.843, 123
Trd, 4319784.393, 95
Trd, 4319784.993, 81
Trd, 4319786.043, 78
Trd, 4319788.243, 91
Trd, 4319788.443, 116
Trd, 4319788.943, 81
Trd, 4319788.993, 121
Trd, 4319789.593, 88
Trd, 4319790.193, 75
Trd, 4319790.793, 122
Trd, 4319791.443, 102
Trd, 4319792.093, 108
Trd, 4319792.193, 101
Trd, 4319792.493, 118
Trd, 4319793.143, 102
Trd, 4319795.093, 110
Trd, 4319795.193, 109
Trd, 4319795.393, 106
Trd, 4319795.793, 77
Trd, 4319796.143, 76
Trd, 4319797.493, 128
Trd, 4319797.793, 111
Trd, 4319798.393, 110
Trd, 4319800.993, 130
Trd, 4319801.343, 92
Trd, 4319801.543, 83
Trd, 4319802.393, 84
Trd, 4319803.293, 108
Trd, 4319805.493, 134
Trd, 4319805.743, 132
Trd, 4319805.943, 133
Trd, 4319806.193, 125
Trd, 4319806.893, 120
Trd, 4319807.343, 107
Trd, 4319807.443, 66
Trd, 4319809.293, 134
Trd, 4319810.043, 128
Trd, 4319810.393, 121
Trd, 4319810.993, 120
Trd, 4319811.843, 131
Trd, 4319812.493, 125
Trd, 4319812.943, 104
Trd, 4319815.593, 115
Trd, 4319815.843, 111
Trd, 4319815.993, 121
Trd, 4319816.093, 106
Trd, 4319816.243, 121
Trd, 4319817.093, 131
Trd, 4319817.893, 130
Trd, 4319818.193, 86
Trd, 4319818.393, 81
Trd, 4319818.893, 61
Trd, 4319819.693, 100
Trd, 4319821.493, 114
Trd, 4319821.943, 109
Trd, 4319822.593, 95
Trd, 4319823.293, 98
Trd, 4319823.343, 101
Trd, 4319823.843, 84
Trd, 4319824.993, 124
Trd, 4319825.293, 121
Trd, 4319826.793, 134
Trd, 4319827.093, 119
Trd, 4319827.293, 99
Trd, 4319827.943, 72
Trd, 4319830.993, 69
Trd, 4319831.193, 88
Trd, 4319831.893, 139
Trd, 4319831.943, 97
Trd, 4319832.643, 122
Trd, 4319834.693, 90
Trd, 4319834.793, 101
Trd, 4319835.093, 119
Trd, 4319835.643, 122
Trd, 4319835.843, 99
Trd, 4319836.893, 138
Trd, 4319838.593, 108
Trd, 4319838.993, 137
Trd, 4319839.343, 103
Trd, 4319840.143, 89
Trd, 4319840.893, 131
Trd, 4319843.693, 115
Trd, 4319843.793, 109
Trd, 4319843.943, 106
Trd, 4319844.443, 136
Trd, 4319844.693, 126
Trd, 4319845.543, 105
Trd, 4319846.093, 112
Trd, 4319846.593, 129
Trd, 4319848.543, 113
Trd, 4319849.193, 110
Trd, 4319850.043, 125
Trd, 4319850.193, 103
Trd, 4319850.893, 123
Trd, 4319852.543, 96
Trd, 4319853.043, 89
Trd, 4319854.143, 114
Trd, 4319854.643, 112
Trd, 4319854.693, 98
Trd, 4319854.793, 87
Trd, 4319855.193, 69
Trd, 4319855.543, 125
Trd, 4319855.993, 67
Trd, 4319857.993, 110
Trd, 4319858.793, 108
Trd, 4319859.493, 109
Trd, 4319859.893, 95
Trd, 4319859.993, 88
Trd, 4319860.643, 84
Trd, 4319861.043, 104
Trd, 4319861.643, 129
Trd, 4319862.793, 107
Trd, 4319862.943, 126
Trd, 4319863.543, 130
Trd, 4319864.093, 122
Trd, 4319864.143, 108
Trd, 4319866.043, 114
Trd, 4319866.843, 120
Trd, 4319866.943, 114
Trd, 4319867.793, 101
Trd, 4319869.243, 101
Trd, 4319869.543, 91
Trd, 4319869.843, 113
Trd, 4319870.093, 102
Trd, 4319870.943, 102
Trd, 4319871.393, 97
Trd, 4319871.493, 91
Trd, 4319872.893, 104
Trd, 4319874.293, 116
Trd, 4319874.793, 128
Trd, 4319876.393, 140
Trd, 4319876.493, 127
Trd, 4319876.593, 126
Trd, 4319878.343, 140
Trd, 4319878.543, 109
Trd, 4319878.793, 137
Trd, 4319879.193, 107
Trd, 4319879.493, 93
Trd, 4319879.943, 91
Trd, 4319880.843, 75
Trd, 4319881.393, 116
Trd, 4319881.693, 124
Trd, 4319882.593, 127
Trd, 4319882.843, 121
Trd, 4319885.393, 135
Trd, 4319886.693, 105
Trd, 4319887.193, 125
Trd, 4319887.493, 107
Trd, 4319888.493, 113
Trd, 4319888.943, 108
Trd, 4319889.043, 100
Trd, 4319889.193, 96
Trd, 4319889.343, 93
Trd, 4319892.093, 103
Trd, 4319892.193, 96
Trd, 4319892.443, 92
Trd, 4319892.943, 112
Trd, 4319893.243, 108
Trd, 4319894.043, 130
Trd, 4319894.243, 121
Trd, 4319895.593, 102
Trd, 4319895.993, 95
Trd, 4319896.793, 115
Trd, 4319897.193, 115
Trd, 4319898.093, 104
Trd, 4319899.443, 96
Trd, 4319899.843, 110
Trd, 4319900.093, 119
Trd, 4319900.543, 117
Trd, 4319901.393, 74
Trd, 4319903.043, 104
Trd, 4319903.543, 101
Trd, 4319903.743, 95
Trd, 4319903.993, 79
Trd, 4319907.043, 99
Trd, 4319907.193, 128
Trd, 4319908.093, 96
Trd, 4319908.443, 92
Trd, 4319908.693, 89
Trd, 4319908.993, 90
Trd, 4319909.393, 85
Trd, 4319909.793, 81
Trd, 4319910.493, 126
Trd, 4319911.243, 123
Trd, 4319914.243, 132
Trd, 4319914.693, 124
Trd, 4319914.793, 121
Trd, 4319914.893, 117
Trd, 4319916.293, 118
Trd, 4319916.993, 100
Trd, 4319918.043, 92
Trd, 4319918.993, 117
Trd, 4319919.393, 114
Trd, 4319919.643, 110
Trd, 4319920.243, 99
Trd, 4319921.743, 92
Trd, 4319922.093, 123
Trd, 4319924.043, 107
Trd, 4319924.793, 101
Trd, 4319925.043, 98
Trd, 4319925.993, 97
Trd, 4319927.143, 96
Trd, 4319927.493, 91
Trd, 4319927.543, 91
Trd, 4319928.043, 118
Trd, 4319928.493, 125
Trd, 4319930.243, 118
Trd, 4319930.493, 111
Trd, 4319930.743, 98
Trd, 4319932.443, 104
Trd, 4319933.043, 109
Trd, 4319933.243, 102
Trd, 4319933.593, 114
Trd, 4319934.343, 119
Trd, 4319934.393, 104
Trd, 4319935.743, 121
Trd, 4319936.843, 109
Trd, 4319937.343, 107
Trd, 4319937.443, 101
Trd, 4319938.493, 83
Trd, 4319938.943, 118
Trd, 4319939.193, 80
Trd, 4319939.843, 91
Trd, 4319940.293, 134
Trd, 4319942.393, 122
Trd, 4319943.593, 97
Trd, 4319943.693, 91
Trd, 4319943.743, 104
Trd, 4319944.293, 133
Trd, 4319947.243, 125
Trd, 4319948.243, 104
Trd, 4319948.843, 123
Trd, 4319950.443, 125
Trd, 4319951.843, 107
Trd, 4319953.543, 93
Trd, 4319953.893, 110
Trd, 4319954.243, 83
Trd, 4319954.893, 118
Trd, 4319955.793, 137
Trd, 4319956.943, 113
Trd, 4319957.143, 107
Trd, 4319958.793, 102
Trd, 4319959.593, 94
Trd, 4319960.243, 117
Trd, 4319961.843, 133
Trd, 4319962.393, 129
Trd, 4319963.243, 115
Trd, 4319963.443, 103
Trd, 4319964.193, 133
Trd, 4319964.693, 123
Trd, 4319964.743, 107
Trd, 4319965.143, 124
Trd, 4319966.643, 88
Trd, 4319966.793, 97
Trd, 4319967.143, 75
Trd, 4319967.693, 74
Trd, 4319968.393, 120
Trd, 4319968.793, 122
Trd, 4319969.493, 69
Trd, 4319970.693, 116
Trd, 4319971.143, 109
Trd, 4319972.493, 126
Trd, 4319972.743, 118
Trd, 4319973.393, 137
Trd, 4319973.993, 113
Trd, 4319975.243, 137
Trd, 4319975.543, 121
Trd, 4319976.093, 120
Trd, 4319976.143, 105
Trd, 4319977.793, 102
Trd, 4319978.043, 96
Trd, 4319978.593, 117
Trd, 4319981.443, 105
Trd, 4319981.643, 82
Trd, 4319982.793, 105
Trd, 4319983.143, 89
Trd, 4319984.743, 75
Trd, 4319984.943, 95
Trd, 4319985.293, 67
Trd, 4319985.643, 82
Trd, 4319986.293, 62
Trd, 4319987.493, 63
Trd, 4319988.243, 85
Trd, 4319988.893, 95
Trd, 4319989.343, 109
Trd, 4319990.843, 95
Trd, 4319991.393, 87
Trd, 4319991.993, 80
Trd, 4319992.693, 83
Trd, 4319993.793, 123
Trd, 4319994.593, 93
Trd, 4319995.393, 100
Trd, 4319995.943, 86
Trd, 4319997.643, 99
Trd, 4319998.493, 94
Trd, 4319999.143, 112
Trd, 4319999.293, 97
