Trd, 4318126.893, 140
Trd, 4318127.243, 140
Trd, 4318127.693, 140
Trd, 4318128.143, 140
Trd, 4318129.043, 132
Trd, 4318129.443, 131
Trd, 4318130.193, 84
Trd, 4318130.893, 136
Trd, 4318132.593, 129
Trd, 4318132.993, 128
Trd, 4318133.443, 127
Trd, 4318135.143, 140
Trd, 4318135.243, 140
Trd, 4318135.743, 140
Trd, 4318135.893, 139
Trd, 4318136.243, 139
Trd, 4318137.993, 140
Trd, 4318138.493, 137
Trd, 4318138.693, 132
Trd, 4318141.843, 138
Trd, 4318141.943, 121
Trd, 4318142.043, 121
Trd, 4318142.543, 115
Trd, 4318142.993, 113
Trd, 4318143.593, 108
Trd, 4318144.043, 138
Trd, 4318144.693, 100
Trd, 4318146.543, 62
Trd, 4318146.743, 63
Trd, 4318147.093, 99
Trd, 4318147.343, 64
Trd, 4318149.443, 129
Trd, 4318149.893, 94
Trd, 4318150.543, 94
Trd, 4318151.043, 100
Trd, 4318153.343, 140
Trd, 4318153.693, 138
Trd, 4318153.943, 131
Trd, 4318154.293, 63
Trd, 4318154.893, 64
Trd, 4318155.893, 123
Trd, 4318156.593, 122
Trd, 4318156.843, 102
Trd, 4318157.843, 83
Trd, 4318158.893, 81
Trd, 4318159.143, 78
Trd, 4318160.193, 140
Trd, 4318161.443, 134
Trd, 4318162.393, 61
Trd, 4318164.243, 62
Trd, 4318164.443, 64
Trd, 4318164.543, 61
Trd, 4318165.443, 116
Trd, 4318167.193, 140
Trd, 4318167.293, 138
Trd, 4318167.593, 138
Trd, 4318167.993, 129
Trd, 4318169.943, 137
Trd, 4318171.643, 140
Trd, 4318172.543, 140
Trd, 4318172.643, 140
Trd, 4318172.843, 114
Trd, 4318174.443, 84
Trd, 4318174.493, 82
Trd, 4318174.843, 76
Trd, 4318175.393, 69
Trd, 4318175.693, 64
Trd, 4318177.543, 130
Trd, 4318177.693, 129
Trd, 4318177.793, 123
Trd, 4318177.943, 122
Trd, 4318178.593, 139
Trd, 4318181.293, 137
Trd, 4318181.593, 137
Trd, 4318183.293, 140
Trd, 4318184.043, 140
Trd, 4318184.643, 140
Trd, 4318185.243, 140
Trd, 4318185.943, 140
Trd, 4318186.693, 131
Trd, 4318187.843, 137
Trd, 4318187.993, 126
Trd, 4318188.143, 124
Trd, 4318188.493, 130
Trd, 4318188.743, 114
Trd, 4318188.843, 113
Trd, 4318189.093, 79
Trd, 4318191.143, 62
Trd, 4318191.743, 63
Trd, 4318192.743, 61
Trd, 4318193.943, 61
Trd, 4318194.043, 67
Trd, 4318195.843, 61
Trd, 4318195.993, 63
Trd, 4318196.493, 94
Trd, 4318196.693, 102
Trd, 4318197.193, 88
Trd, 4318197.643, 86
Trd, 4318199.343, 119
Trd, 4318199.443, 118
Trd, 4318200.093, 125
Trd, 4318200.193, 118
Trd, 4318200.843, 105
Trd, 4318202.193, 139
Trd, 4318202.493, 138
Trd, 4318202.543, 104
Trd, 4318202.743, 76
Trd, 4318203.543, 135
Trd, 4318204.743, 63
Trd, 4318205.393, 120
Trd, 4318205.593, 60
Trd, 4318205.893, 61
Trd, 4318206.143, 112
Trd, 4318207.693, 101
Trd, 4318208.893, 138
Trd, 4318209.993, 140
Trd, 4318210.493, 140
Trd, 4318210.893, 140
Trd, 4318211.543, 140
Trd, 4318211.643, 137
Trd, 4318212.043, 131
Trd, 4318213.393, 140
Trd, 4318213.493, 140
Trd, 4318213.743, 99
Trd, 4318216.243, 60
Trd, 4318216.393, 69
Trd, 4318216.593, 61
Trd, 4318217.243, 63
Trd, 4318217.643, 102
Trd, 4318218.243, 60
Trd, 4318218.843, 66
Trd, 4318219.593, 137
Trd, 4318220.293, 64
Trd, 4318220.793, 75
Trd, 4318222.143, 126
Trd, 4318222.543, 77
Trd, 4318223.393, 118
Trd, 4318223.593, 102
Trd, 4318224.843, 126
Trd, 4318225.443, 67
Trd, 4318225.993, 116
Trd, 4318226.643, 105
Trd, 4318227.443, 121
Trd, 4318228.493, 134
Trd, 4318229.243, 90
Trd, 4318230.243, 101
Trd, 4318231.343, 107
Trd, 4318231.443, 86
Trd, 4318232.393, 122
Trd, 4318233.393, 126
Trd, 4318234.343, 140
Trd, 4318234.393, 125
Trd, 4318235.993, 140
Trd, 4318236.393, 138
Trd, 4318236.793, 137
Trd, 4318237.693, 126
Trd, 4318238.293, 125
Trd, 4318239.793, 126
Trd, 4318240.093, 126
Trd, 4318240.693, 126
Trd, 4318241.793, 119
Trd, 4318242.143, 140
Trd, 4318242.243, 122
Trd, 4318243.043, 103
Trd, 4318243.543, 132
Trd, 4318243.743, 131
Trd, 4318244.443, 130
Trd, 4318245.943, 109
Trd, 4318246.493, 108
Trd, 4318248.043, 122
Trd, 4318248.943, 123
Trd, 4318249.043, 122
Trd, 4318249.143, 118
Trd, 4318250.143, 140
Trd, 4318250.643, 131
Trd, 4318251.143, 94
Trd, 4318251.843, 75
Trd, 4318252.143, 74
Trd, 4318252.693, 75
Trd, 4318253.893, 140
Trd, 4318254.293, 111
Trd, 4318254.543, 71
Trd, 4318255.843, 99
Trd, 4318256.393, 62
Trd, 4318257.843, 66
Trd, 4318257.993, 106
Trd, 4318258.793, 80
Trd, 4318259.893, 85
Trd, 4318260.443, 101
Trd, 4318261.093, 137
Trd, 4318261.343, 139
Trd, 4318261.943, 125
Trd, 4318264.043, 121
Trd, 4318264.143, 119
Trd, 4318264.743, 118
Trd, 4318266.493, 129
Trd, 4318266.593, 124
Trd, 4318267.593, 140
Trd, 4318268.193, 140
Trd, 4318268.443, 139
Trd, 4318269.043, 139
Trd, 4318269.393, 138
Trd, 4318270.543, 122
Trd, 4318270.893, 140
Trd, 4318272.093, 140
Trd, 4318272.693, 129
Trd, 4318273.843, 123
Trd, 4318274.343, 113
Trd, 4318274.493, 110
Trd, 4318275.593, 140
Trd, 4318276.343, 140
Trd, 4318277.243, 140
Trd, 4318277.443, 103
Trd, 4318278.393, 123
Trd, 4318280.493, 135
Trd, 4318280.943, 134
Trd, 4318281.093, 140
Trd, 4318281.393, 127
Trd, 4318283.093, 140
Trd, 4318284.743, 140
Trd, 4318285.243, 140
Trd, 4318286.543, 135
Trd, 4318287.143, 135
Trd, 4318287.193, 134
Trd, 4318287.443, 107
Trd, 4318287.593, 95
Trd, 4318288.443, 125
Trd, 4318289.193, 124
Trd, 4318290.043, 135
Trd, 4318290.143, 134
Trd, 4318290.843, 106
Trd, 4318292.343, 139
Trd, 4318292.593, 140
Trd, 4318292.693, 139
Trd, 4318293.443, 138
Trd, 4318296.143, 140
Trd, 4318296.193, 140
Trd, 4318296.493, 123
Trd, 4318297.343, 140
Trd, 4318298.243, 112
Trd, 4318298.293, 108
Trd, 4318298.593, 99
Trd, 4318300.243, 93
Trd, 4318300.843, 140
Trd, 4318301.143, 95
Trd, 4318302.143, 129
Trd, 4318302.293, 96
Trd, 4318303.393, 101
Trd, 4318303.843, 101
Trd, 4318303.993, 100
Trd, 4318304.243, 109
Trd, 4318305.643, 104
Trd, 4318305.943, 135
Trd, 4318306.743, 123
Trd, 4318306.793, 106
Trd, 4318307.843, 105
Trd, 4318308.793, 140
Trd, 4318309.543, 134
Trd, 4318310.693, 119
Trd, 4318311.193, 121
Trd, 4318311.393, 119
Trd, 4318312.593, 136
Trd, 4318312.743, 101
Trd, 4318313.793, 120
Trd, 4318313.943, 113
Trd, 4318314.343, 80
Trd, 4318315.893, 140
Trd, 4318316.193, 131
Trd, 4318316.593, 130
Trd, 4318317.093, 93
Trd, 4318317.593, 91
Trd, 4318318.893, 93
Trd, 4318319.493, 139
Trd, 4318320.393, 140
Trd, 4318320.493, 97
Trd, 4318321.293, 116
Trd, 4318322.243, 135
Trd, 4318322.493, 117
Trd, 4318322.793, 112
Trd, 4318324.943, 132
Trd, 4318325.493, 127
Trd, 4318325.543, 126
Trd, 4318325.843, 120
Trd, 4318327.143, 140
Trd, 4318328.193, 140
Trd, 4318329.593, 140
Trd, 4318329.943, 132
Trd, 4318330.193, 123
Trd, 4318330.643, 132
Trd, 4318331.793, 115
Trd, 4318331.843, 88
Trd, 4318332.393, 112
Trd, 4318334.093, 129
Trd, 4318335.243, 60
Trd, 4318335.393, 68
Trd, 4318336.243, 60
Trd, 4318336.293, 76
Trd, 4318336.593, 62
Trd, 4318336.893, 109
Trd, 4318337.043, 61
Trd, 4318338.343, 66
Trd, 4318341.393, 61
Trd, 4318343.493, 60
Trd, 4318343.943, 60
Trd, 4318344.893, 61
Trd, 4318345.543, 60
Trd, 4318345.893, 60
Trd, 4318345.943, 62
Trd, 4318347.593, 60
Trd, 4318348.293, 61
Trd, 4318348.793, 61
Trd, 4318350.393, 73
Trd, 4318350.843, 84
Trd, 4318351.093, 75
Trd, 4318351.243, 72
Trd, 4318351.893, 140
Trd, 4318352.043, 131
Trd, 4318352.393, 124
Trd, 4318353.493, 97
Trd, 4318353.593, 96
Trd, 4318354.693, 84
Trd, 4318356.093, 60
Trd, 4318356.493, 61
Trd, 4318357.093, 63
Trd, 4318358.143, 63
Trd, 4318359.193, 61
Trd, 4318360.493, 108
Trd, 4318361.343, 87
Trd, 4318361.943, 68
Trd, 4318362.693, 60
Trd, 4318362.993, 61
Trd, 4318363.543, 87
Trd, 4318364.243, 67
Trd, 4318364.493, 67
Trd, 4318364.793, 66
Trd, 4318366.143, 119
Trd, 4318366.843, 62
Trd, 4318367.793, 62
Trd, 4318368.643, 63
Trd, 4318369.693, 139
Trd, 4318370.493, 114
Trd, 4318370.593, 70
Trd, 4318371.293, 71
Trd, 4318371.843, 103
Trd, 4318372.493, 71
Trd, 4318372.793, 70
Trd, 4318374.093, 77
Trd, 4318374.943, 140
Trd, 4318375.143, 139
Trd, 4318375.593, 63
Trd, 4318376.443, 137
Trd, 4318377.743, 89
Trd, 4318378.043, 90
Trd, 4318379.243, 91
Trd, 4318380.193, 99
Trd, 4318380.443, 60
Trd, 4318381.643, 62
Trd, 4318382.093, 127
Trd, 4318384.443, 139
Trd, 4318384.893, 138
Trd, 4318385.293, 120
Trd, 4318385.443, 120
Trd, 4318385.993, 140
Trd, 4318386.043, 139
Trd, 4318386.593, 116
Trd, 4318388.293, 60
Trd, 4318389.293, 65
Trd, 4318389.593, 121
Trd, 4318390.243, 77
Trd, 4318391.243, 127
Trd, 4318391.543, 63
Trd, 4318391.893, 61
Trd, 4318392.993, 80
Trd, 4318393.593, 124
Trd, 4318393.643, 82
Trd, 4318394.693, 83
Trd, 4318394.743, 82
Trd, 4318395.893, 126
Trd, 4318397.293, 140
Trd, 4318397.693, 140
Trd, 4318397.793, 139
Trd, 4318398.143, 140
Trd, 4318398.593, 139
Trd, 4318399.193, 90
Trd, 4318399.793, 83
Trd, 4318400.693, 77
Trd, 4318402.093, 114
Trd, 4318403.143, 108
Trd, 4318403.193, 105
Trd, 4318403.593, 104
Trd, 4318404.343, 123
Trd, 4318404.543, 110
Trd, 4318406.293, 111
Trd, 4318407.543, 104
Trd, 4318408.243, 132
Trd, 4318408.343, 131
Trd, 4318408.393, 124
Trd, 4318409.443, 138
Trd, 4318409.543, 140
Trd, 4318410.393, 125
Trd, 4318410.643, 112
Trd, 4318411.543, 66
Trd, 4318412.443, 91
Trd, 4318413.543, 73
Trd, 4318413.743, 71
Trd, 4318413.793, 67
Trd, 4318414.543, 136
Trd, 4318415.143, 70
Trd, 4318415.593, 66
Trd, 4318416.143, 66
Trd, 4318416.843, 103
Trd, 4318417.343, 101
Trd, 4318417.793, 99
Trd, 4318418.193, 98
Trd, 4318418.343, 135
Trd, 4318419.743, 130
Trd, 4318420.243, 128
Trd, 4318420.343, 94
Trd, 4318422.343, 140
Trd, 4318422.743, 124
Trd, 4318423.843, 65
Trd, 4318424.843, 71
Trd, 4318426.043, 139
Trd, 4318427.593, 116
Trd, 4318428.493, 120
Trd, 4318428.693, 119
Trd, 4318428.793, 118
Trd, 4318430.793, 84
Trd, 4318430.993, 76
Trd, 4318431.343, 70
Trd, 4318433.143, 140
Trd, 4318433.243, 140
Trd, 4318433.443, 140
Trd, 4318433.843, 140
Trd, 4318435.243, 102
Trd, 4318435.543, 101
Trd, 4318435.693, 83
Trd, 4318436.243, 135
Trd, 4318436.493, 134
Trd, 4318438.393, 60
Trd, 4318438.843, 121
Trd, 4318439.243, 62
Trd, 4318440.143, 61
Trd, 4318440.393, 61
Trd, 4318440.443, 63
Trd, 4318441.943, 65
Trd, 4318442.843, 64
Trd, 4318443.043, 63
Trd, 4318443.193, 131
Trd, 4318444.143, 81
Trd, 4318446.693, 118
Trd, 4318447.743, 140
Trd, 4318447.893, 139
Trd, 4318447.993, 118
Trd, 4318448.543, 109
Trd, 4318448.843, 107
Trd, 4318448.993, 106
Trd, 4318451.843, 126
Trd, 4318452.493, 139
Trd, 4318453.643, 133
Trd, 4318453.843, 125
Trd, 4318454.143, 107
Trd, 4318454.693, 107
Trd, 4318455.843, 137
Trd, 4318457.043, 126
Trd, 4318457.693, 128
Trd, 4318457.843, 111
Trd, 4318458.693, 136
Trd, 4318459.243, 113
Trd, 4318460.243, 136
Trd, 4318460.343, 130
Trd, 4318461.193, 140
Trd, 4318461.343, 134
Trd, 4318461.843, 133
Trd, 4318461.993, 118
Trd, 4318463.543, 77
Trd, 4318464.943, 140
Trd, 4318465.343, 138
Trd, 4318466.293, 128
Trd, 4318467.543, 121
Trd, 4318468.743, 113
Trd, 4318469.643, 138
Trd, 4318469.843, 115
Trd, 4318470.343, 140
Trd, 4318470.743, 108
Trd, 4318471.043, 118
Trd, 4318471.743, 109
Trd, 4318471.843, 107
Trd, 4318472.093, 124
Trd, 4318472.543, 94
Trd, 4318474.593, 96
Trd, 4318474.993, 96
Trd, 4318475.393, 95
Trd, 4318475.443, 94
Trd, 4318478.693, 140
Trd, 4318478.893, 140
Trd, 4318479.243, 140
Trd, 4318479.293, 132
Trd, 4318479.643, 105
Trd, 4318479.693, 104
Trd, 4318481.493, 68
Trd, 4318481.643, 67
Trd, 4318482.243, 74
Trd, 4318483.843, 139
Trd, 4318483.893, 65
Trd, 4318484.293, 67
Trd, 4318485.143, 62
Trd, 4318485.943, 65
Trd, 4318488.543, 65
Trd, 4318489.043, 61
Trd, 4318489.093, 61
Trd, 4318489.943, 62
Trd, 4318490.843, 91
Trd, 4318492.143, 60
Trd, 4318492.193, 70
Trd, 4318492.993, 113
Trd, 4318493.743, 62
Trd, 4318494.143, 89
Trd, 4318495.343, 64
Trd, 4318495.893, 63
Trd, 4318496.293, 64
Trd, 4318496.493, 114
Trd, 4318496.793, 140
Trd, 4318497.143, 71
Trd, 4318497.343, 66
Trd, 4318498.393, 66
Trd, 4318498.693, 124
Trd, 4318500.443, 61
Trd, 4318501.943, 78
Trd, 4318502.393, 127
Trd, 4318503.793, 64
Trd, 4318503.843, 65
Trd, 4318504.193, 122
Trd, 4318505.843, 63
Trd, 4318507.893, 60
Trd, 4318508.043, 65
Trd, 4318508.893, 61
Trd, 4318509.643, 128
Trd, 4318510.993, 94
Trd, 4318511.143, 93
Trd, 4318511.243, 92
Trd, 4318511.543, 121
Trd, 4318512.843, 121
Trd, 4318513.193, 102
Trd, 4318513.743, 102
Trd, 4318514.143, 85
Trd, 4318514.643, 82
Trd, 4318514.943, 80
Trd, 4318515.343, 87
Trd, 4318515.743, 89
Trd, 4318517.243, 92
Trd, 4318517.843, 92
Trd, 4318518.443, 140
Trd, 4318518.843, 140
Trd, 4318519.343, 131
Trd, 4318519.393, 128
Trd, 4318519.443, 82
Trd, 4318521.493, 79
Trd, 4318521.693, 78
Trd, 4318523.693, 133
Trd, 4318523.993, 102
Trd, 4318525.493, 140
Trd, 4318526.843, 140
Trd, 4318527.143, 140
Trd, 4318527.793, 134
Trd, 4318528.193, 134
Trd, 4318528.743, 133
Trd, 4318531.143, 140
Trd, 4318531.243, 139
Trd, 4318532.143, 140
Trd, 4318533.093, 140
Trd, 4318533.443, 123
Trd, 4318534.843, 121
Trd, 4318535.193, 106
Trd, 4318535.893, 106
Trd, 4318537.593, 133
Trd, 4318538.143, 132
Trd, 4318538.343, 138
Trd, 4318539.543, 82
Trd, 4318539.893, 80
Trd, 4318540.543, 140
Trd, 4318540.643, 134
Trd, 4318541.693, 138
Trd, 4318542.743, 140
Trd, 4318542.793, 139
Trd, 4318545.093, 129
Trd, 4318545.493, 140
Trd, 4318545.943, 140
Trd, 4318546.493, 139
Trd, 4318549.293, 140
Trd, 4318549.393, 139
Trd, 4318549.493, 132
Trd, 4318551.693, 140
Trd, 4318551.743, 140
Trd, 4318551.893, 135
Trd, 4318552.143, 124
Trd, 4318552.293, 123
Trd, 4318552.943, 118
Trd, 4318554.093, 136
Trd, 4318554.443, 135
Trd, 4318555.193, 79
Trd, 4318556.343, 60
Trd, 4318556.693, 64
Trd, 4318557.893, 89
Trd, 4318559.143, 62
Trd, 4318559.343, 60
Trd, 4318559.393, 115
Trd, 4318560.043, 91
Trd, 4318561.043, 118
Trd, 4318561.643, 119
Trd, 4318563.043, 140
Trd, 4318563.993, 140
Trd, 4318564.093, 140
Trd, 4318564.243, 140
Trd, 4318564.793, 140
Trd, 4318566.543, 140
Trd, 4318566.593, 131
Trd, 4318567.343, 61
Trd, 4318568.293, 122
Trd, 4318569.793, 120
Trd, 4318570.293, 140
Trd, 4318570.993, 140
Trd, 4318571.193, 138
Trd, 4318571.943, 121
Trd, 4318572.943, 133
Trd, 4318573.593, 121
Trd, 4318574.143, 127
Trd, 4318574.193, 108
Trd, 4318574.943, 130
Trd, 4318575.293, 119
Trd, 4318576.293, 69
Trd, 4318576.793, 72
Trd, 4318577.943, 73
Trd, 4318579.693, 140
Trd, 4318580.193, 140
Trd, 4318580.743, 140
Trd, 4318581.343, 140
Trd, 4318581.993, 140
Trd, 4318582.243, 140
Trd, 4318583.693, 124
Trd, 4318583.743, 114
Trd, 4318584.793, 104
Trd, 4318585.693, 111
Trd, 4318585.743, 110
Trd, 4318586.443, 63
Trd, 4318587.293, 118
Trd, 4318587.443, 107
Trd, 4318587.893, 101
Trd, 4318588.293, 100
Trd, 4318589.093, 89
Trd, 4318591.093, 70
Trd, 4318591.793, 72
Trd, 4318591.993, 72
Trd, 4318592.043, 70
Trd, 4318592.293, 102
Trd, 4318593.343, 121
Trd, 4318594.743, 139
Trd, 4318594.943, 138
Trd, 4318595.043, 131
Trd, 4318596.143, 140
Trd, 4318596.243, 140
Trd, 4318598.093, 61
Trd, 4318600.343, 62
Trd, 4318600.693, 61
Trd, 4318600.893, 60
Trd, 4318601.943, 64
Trd, 4318602.293, 90
Trd, 4318603.593, 137
Trd, 4318604.243, 108
Trd, 4318604.993, 62
Trd, 4318605.243, 60
Trd, 4318605.943, 62
Trd, 4318607.693, 62
Trd, 4318607.743, 63
Trd, 4318609.193, 60
Trd, 4318610.943, 60
Trd, 4318611.993, 62
Trd, 4318612.743, 62
Trd, 4318613.393, 62
Trd, 4318614.093, 63
Trd, 4318614.243, 68
Trd, 4318615.043, 64
Trd, 4318615.193, 68
Trd, 4318616.143, 80
Trd, 4318616.243, 63
Trd, 4318616.643, 136
Trd, 4318617.243, 68
Trd, 4318617.493, 116
Trd, 4318618.043, 69
Trd, 4318618.343, 78
Trd, 4318618.593, 68
Trd, 4318621.243, 102
Trd, 4318621.393, 101
Trd, 4318621.793, 94
Trd, 4318622.643, 140
Trd, 4318623.793, 61
Trd, 4318623.893, 67
Trd, 4318624.193, 95
Trd, 4318625.593, 63
Trd, 4318625.993, 64
Trd, 4318626.443, 72
Trd, 4318627.943, 130
Trd, 4318628.043, 129
Trd, 4318628.443, 94
Trd, 4318629.493, 115
Trd, 4318629.793, 129
Trd, 4318629.843, 89
Trd, 4318630.293, 77
Trd, 4318632.393, 122
Trd, 4318632.693, 120
Trd, 4318633.643, 132
Trd, 4318633.693, 131
Trd, 4318633.893, 136
Trd, 4318634.393, 140
Trd, 4318634.893, 139
Trd, 4318635.743, 109
Trd, 4318635.993, 106
Trd, 4318637.443, 61
Trd, 4318638.743, 98
Trd, 4318638.993, 81
Trd, 4318639.993, 82
Trd, 4318640.493, 139
Trd, 4318642.043, 140
Trd, 4318642.143, 140
Trd, 4318643.343, 140
Trd, 4318643.443, 140
Trd, 4318643.643, 128
Trd, 4318644.293, 126
Trd, 4318644.493, 123
Trd, 4318645.593, 110
Trd, 4318647.293, 138
Trd, 4318647.943, 139
Trd, 4318648.043, 139
Trd, 4318648.893, 140
Trd, 4318649.093, 140
Trd, 4318650.193, 140
Trd, 4318650.443, 140
Trd, 4318650.593, 128
Trd, 4318651.043, 126
Trd, 4318652.043, 112
Trd, 4318652.643, 119
Trd, 4318653.443, 112
Trd, 4318653.593, 111
Trd, 4318653.693, 134
Trd, 4318654.093, 103
Trd, 4318655.843, 63
Trd, 4318656.243, 134
Trd, 4318656.793, 132
Trd, 4318657.443, 82
Trd, 4318657.593, 87
Trd, 4318659.443, 117
Trd, 4318659.693, 140
Trd, 4318660.543, 107
Trd, 4318660.943, 62
Trd, 4318661.693, 106
Trd, 4318661.843, 84
Trd, 4318662.393, 81
Trd, 4318664.443, 140
Trd, 4318664.643, 140
Trd, 4318664.993, 140
Trd, 4318665.143, 134
Trd, 4318665.543, 125
Trd, 4318666.193, 121
Trd, 4318666.843, 121
Trd, 4318667.743, 139
Trd, 4318668.293, 140
Trd, 4318669.643, 60
Trd, 4318670.143, 63
Trd, 4318670.993, 60
Trd, 4318671.293, 60
Trd, 4318672.643, 120
Trd, 4318672.693, 119
Trd, 4318673.293, 131
Trd, 4318674.043, 117
Trd, 4318674.443, 93
Trd, 4318675.943, 140
Trd, 4318676.193, 97
Trd, 4318676.243, 96
Trd, 4318676.743, 120
Trd, 4318677.243, 114
Trd, 4318678.493, 135
Trd, 4318678.793, 135
Trd, 4318678.843, 133
Trd, 4318679.693, 84
Trd, 4318681.093, 60
Trd, 4318681.793, 70
Trd, 4318683.193, 65
Trd, 4318683.593, 99
Trd, 4318684.393, 71
Trd, 4318684.743, 72
Trd, 4318684.793, 69
Trd, 4318686.343, 139
Trd, 4318686.843, 133
Trd, 4318688.193, 134
Trd, 4318690.293, 139
Trd, 4318690.543, 140
Trd, 4318690.793, 140
Trd, 4318690.943, 140
Trd, 4318691.293, 132
Trd, 4318691.593, 82
Trd, 4318692.343, 92
Trd, 4318693.343, 133
Trd, 4318693.643, 120
Trd, 4318694.393, 117
Trd, 4318694.843, 117
Trd, 4318696.143, 140
Trd, 4318696.693, 127
Trd, 4318696.943, 121
Trd, 4318697.443, 115
Trd, 4318698.793, 101
Trd, 4318699.343, 113
Trd, 4318699.843, 109
Trd, 4318700.743, 67
Trd, 4318701.093, 83
Trd, 4318701.393, 68
Trd, 4318701.693, 87
Trd, 4318702.093, 68
Trd, 4318702.143, 69
Trd, 4318703.093, 110
Trd, 4318703.243, 66
Trd, 4318706.143, 140
Trd, 4318706.393, 140
Trd, 4318706.593, 131
Trd, 4318706.743, 114
Trd, 4318707.443, 66
Trd, 4318708.343, 140
Trd, 4318708.393, 116
Trd, 4318709.893, 68
Trd, 4318711.343, 64
Trd, 4318711.793, 77
Trd, 4318713.593, 76
Trd, 4318714.293, 138
Trd, 4318714.343, 88
Trd, 4318714.593, 75
Trd, 4318714.843, 83
Trd, 4318716.393, 83
Trd, 4318718.493, 140
Trd, 4318718.643, 140
Trd, 4318718.843, 139
Trd, 4318718.943, 127
Trd, 4318719.143, 121
Trd, 4318720.243, 88
Trd, 4318721.243, 101
Trd, 4318721.893, 93
Trd, 4318723.443, 140
Trd, 4318723.743, 140
Trd, 4318723.843, 138
Trd, 4318725.143, 138
Trd, 4318725.193, 117
Trd, 4318725.593, 106
Trd, 4318727.743, 140
Trd, 4318727.893, 138
Trd, 4318728.293, 138
Trd, 4318728.643, 138
Trd, 4318728.893, 137
Trd, 4318730.993, 138
Trd, 4318731.193, 105
Trd, 4318732.143, 64
Trd, 4318732.443, 122
Trd, 4318733.043, 76
Trd, 4318733.243, 75
Trd, 4318733.443, 69
Trd, 4318735.793, 60
Trd, 4318736.293, 83
Trd, 4318736.543, 117
Trd, 4318736.943, 68
Trd, 4318737.443, 140
Trd, 4318738.743, 125
Trd, 4318738.893, 117
Trd, 4318738.993, 112
Trd, 4318740.243, 137
Trd, 4318740.843, 139
Trd, 4318741.543, 140
Trd, 4318741.943, 140
Trd, 4318742.243, 140
Trd, 4318742.943, 136
Trd, 4318743.543, 133
Trd, 4318744.243, 140
Trd, 4318745.943, 139
Trd, 4318746.143, 132
Trd, 4318747.593, 140
Trd, 4318747.993, 84
Trd, 4318748.143, 83
Trd, 4318749.143, 136
Trd, 4318750.493, 130
Trd, 4318750.543, 108
Trd, 4318752.343, 103
Trd, 4318752.493, 119
Trd, 4318752.793, 101
Trd, 4318753.393, 99
Trd, 4318754.143, 117
Trd, 4318754.593, 111
Trd, 4318755.093, 139
Trd, 4318755.293, 110
Trd, 4318756.243, 65
Trd, 4318756.343, 71
Trd, 4318756.793, 61
Trd, 4318758.043, 140
Trd, 4318758.793, 132
Trd, 4318759.393, 122
Trd, 4318760.743, 121
Trd, 4318761.643, 120
Trd, 4318762.593, 118
Trd, 4318763.643, 120
Trd, 4318764.743, 127
Trd, 4318765.193, 126
Trd, 4318765.843, 126
Trd, 4318766.443, 137
Trd, 4318767.043, 127
Trd, 4318767.243, 107
Trd, 4318767.443, 62
Trd, 4318767.493, 105
Trd, 4318768.093, 140
Trd, 4318768.643, 60
Trd, 4318769.693, 103
Trd, 4318773.543, 60
Trd, 4318773.743, 61
Trd, 4318774.243, 109
Trd, 4318774.793, 132
Trd, 4318774.893, 110
Trd, 4318775.293, 104
Trd, 4318776.543, 116
Trd, 4318776.643, 99
Trd, 4318777.143, 78
Trd, 4318777.493, 138
Trd, 4318779.393, 140
Trd, 4318780.393, 118
Trd, 4318780.893, 126
Trd, 4318781.243, 129
Trd, 4318781.943, 140
Trd, 4318781.993, 128
Trd, 4318782.293, 121
Trd, 4318782.693, 102
Trd, 4318782.793, 90
Trd, 4318783.693, 77
Trd, 4318786.293, 125
Trd, 4318786.543, 130
Trd, 4318786.943, 139
Trd, 4318787.093, 125
Trd, 4318788.093, 128
Trd, 4318788.243, 127
Trd, 4318789.643, 128
Trd, 4318789.693, 127
Trd, 4318790.493, 120
Trd, 4318790.793, 128
Trd, 4318792.643, 140
Trd, 4318792.893, 140
Trd, 4318793.093, 120
Trd, 4318794.143, 125
Trd, 4318794.593, 136
Trd, 4318795.193, 126
Trd, 4318795.543, 120
Trd, 4318796.143, 114
Trd, 4318797.993, 112
Trd, 4318798.693, 107
Trd, 4318799.043, 104
Trd, 4318799.543, 66
Trd, 4318799.893, 131
Trd, 4318800.143, 124
Trd, 4318801.943, 140
Trd, 4318802.393, 139
Trd, 4318803.293, 131
Trd, 4318803.643, 103
Trd, 4318803.993, 102
Trd, 4318804.643, 127
Trd, 4318805.093, 90
Trd, 4318806.443, 61
Trd, 4318806.793, 117
Trd, 4318807.743, 61
Trd, 4318808.443, 60
Trd, 4318808.843, 71
Trd, 4318810.693, 93
Trd, 4318810.793, 92
Trd, 4318810.843, 91
Trd, 4318811.393, 94
Trd, 4318812.843, 64
Trd, 4318813.193, 67
Trd, 4318813.293, 82
Trd, 4318813.543, 66
Trd, 4318814.043, 65
Trd, 4318814.793, 60
Trd, 4318815.093, 66
Trd, 4318816.093, 67
Trd, 4318816.293, 63
Trd, 4318816.693, 61
Trd, 4318817.393, 60
Trd, 4318817.793, 122
Trd, 4318819.743, 137
Trd, 4318819.893, 63
Trd, 4318820.893, 84
Trd, 4318822.443, 136
Trd, 4318822.593, 117
Trd, 4318824.693, 116
Trd, 4318825.043, 119
Trd, 4318825.943, 121
Trd, 4318825.993, 117
Trd, 4318826.043, 112
Trd, 4318826.543, 66
Trd, 4318828.043, 61
Trd, 4318828.593, 61
Trd, 4318830.393, 60
Trd, 4318831.193, 64
Trd, 4318831.293, 81
Trd, 4318832.743, 82
Trd, 4318832.943, 73
Trd, 4318833.093, 72
Trd, 4318834.893, 76
Trd, 4318835.493, 77
Trd, 4318835.993, 77
Trd, 4318837.443, 139
Trd, 4318837.993, 138
Trd, 4318838.043, 136
Trd, 4318838.293, 132
Trd, 4318839.193, 123
Trd, 4318839.843, 122
Trd, 4318840.043, 137
Trd, 4318841.243, 124
Trd, 4318841.793, 112
Trd, 4318842.143, 61
Trd, 4318842.243, 61
Trd, 4318843.643, 63
Trd, 4318844.543, 140
Trd, 4318845.943, 140
Trd, 4318846.243, 140
Trd, 4318848.193, 140
Trd, 4318848.593, 140
Trd, 4318849.943, 140
Trd, 4318850.243, 140
Trd, 4318850.693, 140
Trd, 4318851.193, 136
Trd, 4318851.443, 132
Trd, 4318852.043, 125
Trd, 4318852.593, 140
Trd, 4318853.993, 139
Trd, 4318854.343, 129
Trd, 4318855.043, 124
Trd, 4318855.093, 117
Trd, 4318857.393, 137
Trd, 4318857.643, 134
Trd, 4318857.843, 133
Trd, 4318859.993, 140
Trd, 4318861.093, 140
Trd, 4318861.193, 140
Trd, 4318861.393, 131
Trd, 4318861.843, 135
Trd, 4318861.993, 104
Trd, 4318863.043, 60
Trd, 4318864.393, 62
Trd, 4318865.593, 109
Trd, 4318865.643, 113
Trd, 4318866.793, 68
Trd, 4318866.893, 106
Trd, 4318867.143, 61
Trd, 4318867.593, 118
Trd, 4318867.693, 61
Trd, 4318868.693, 139
Trd, 4318869.193, 138
Trd, 4318870.243, 140
Trd, 4318870.793, 140
Trd, 4318871.743, 85
Trd, 4318872.493, 139
Trd, 4318872.943, 86
Trd, 4318873.693, 99
Trd, 4318874.043, 98
Trd, 4318874.143, 95
Trd, 4318876.493, 140
Trd, 4318876.843, 140
Trd, 4318877.293, 140
Trd, 4318878.193, 140
Trd, 4318879.243, 140
Trd, 4318879.643, 140
Trd, 4318879.793, 140
Trd, 4318881.493, 128
Trd, 4318881.543, 125
Trd, 4318881.793, 124
Trd, 4318882.243, 114
Trd, 4318884.443, 140
Trd, 4318884.793, 123
Trd, 4318886.043, 140
Trd, 4318886.193, 119
Trd, 4318886.393, 116
Trd, 4318887.843, 129
Trd, 4318888.643, 115
Trd, 4318890.343, 138
Trd, 4318890.543, 137
Trd, 4318890.993, 132
Trd, 4318892.043, 140
Trd, 4318892.343, 132
Trd, 4318892.793, 125
Trd, 4318893.193, 111
Trd, 4318893.593, 110
Trd, 4318894.793, 140
Trd, 4318895.793, 99
Trd, 4318896.943, 101
Trd, 4318897.193, 123
Trd, 4318897.993, 92
Trd, 4318899.293, 92
Trd, 4318900.093, 99
Trd, 4318900.243, 91
Trd, 4318901.043, 89
Trd, 4318901.643, 140
Trd, 4318901.693, 140
Trd, 4318902.993, 93
Trd, 4318903.693, 94
Trd, 4318904.193, 92
Trd, 4318904.743, 85
Trd, 4318905.643, 60
Trd, 4318906.493, 61
Trd, 4318906.793, 65
Trd, 4318907.893, 138
Trd, 4318908.043, 140
Trd, 4318908.893, 60
Trd, 4318910.293, 62
Trd, 4318911.843, 64
Trd, 4318912.643, 60
Trd, 4318912.893, 64
Trd, 4318912.943, 65
Trd, 4318914.393, 107
Trd, 4318914.493, 73
Trd, 4318915.293, 73
Trd, 4318915.443, 70
Trd, 4318916.143, 94
Trd, 4318917.243, 64
Trd, 4318919.343, 60
Trd, 4318919.943, 62
Trd, 4318921.843, 60
Trd, 4318922.143, 60
Trd, 4318922.543, 118
Trd, 4318922.643, 61
Trd, 4318923.343, 67
Trd, 4318923.893, 62
Trd, 4318924.743, 66
Trd, 4318924.943, 130
Trd, 4318925.893, 84
Trd, 4318926.243, 62
Trd, 4318926.643, 92
Trd, 4318928.343, 61
Trd, 4318928.693, 64
Trd, 4318929.593, 62
Trd, 4318929.693, 67
Trd, 4318930.393, 140
Trd, 4318930.593, 140
Trd, 4318931.743, 140
Trd, 4318931.793, 140
Trd, 4318933.993, 65
Trd, 4318934.293, 60
Trd, 4318935.843, 98
Trd, 4318935.993, 96
Trd, 4318936.693, 99
Trd, 4318937.043, 96
Trd, 4318938.043, 126
Trd, 4318939.643, 138
Trd, 4318940.393, 120
Trd, 4318940.493, 118
Trd, 4318941.743, 127
Trd, 4318942.743, 140
Trd, 4318942.993, 140
Trd, 4318943.293, 61
Trd, 4318944.093, 62
Trd, 4318944.893, 78
Trd, 4318945.943, 115
Trd, 4318946.643, 63
Trd, 4318947.043, 62
Trd, 4318947.143, 63
Trd, 4318947.743, 111
Trd, 4318949.193, 124
Trd, 4318949.593, 105
Trd, 4318950.693, 101
Trd, 4318950.893, 65
Trd, 4318951.493, 140
Trd, 4318951.543, 81
Trd, 4318951.693, 62
Trd, 4318953.193, 63
Trd, 4318954.293, 60
Trd, 4318955.693, 60
Trd, 4318955.943, 69
Trd, 4318956.643, 124
Trd, 4318957.943, 68
Trd, 4318958.043, 67
Trd, 4318958.393, 64
Trd, 4318959.893, 140
Trd, 4318960.693, 127
Trd, 4318961.293, 139
Trd, 4318961.693, 67
Trd, 4318962.293, 105
Trd, 4318963.643, 140
Trd, 4318964.743, 140
Trd, 4318965.093, 140
Trd, 4318965.243, 131
Trd, 4318965.543, 124
Trd, 4318967.243, 116
Trd, 4318967.543, 99
Trd, 4318968.993, 80
Trd, 4318969.193, 116
Trd, 4318969.243, 73
Trd, 4318970.293, 140
Trd, 4318970.993, 140
Trd, 4318971.993, 133
Trd, 4318972.393, 133
Trd, 4318972.443, 132
Trd, 4318973.493, 131
Trd, 4318974.093, 60
Trd, 4318975.643, 121
Trd, 4318976.193, 136
Trd, 4318978.093, 126
Trd, 4318978.843, 137
Trd, 4318979.093, 131
Trd, 4318979.293, 132
Trd, 4318979.443, 131
Trd, 4318980.543, 139
Trd, 4318982.343, 133
Trd, 4318982.393, 132
Trd, 4318982.493, 130
Trd, 4318983.043, 125
Trd, 4318983.943, 128
Trd, 4318984.893, 140
Trd, 4318985.843, 140
Trd, 4318986.643, 140
Trd, 4318986.743, 140
Trd, 4318986.793, 93
Trd, 4318987.493, 103
Trd, 4318987.593, 103
Trd, 4318989.193, 140
Trd, 4318989.643, 138
Trd, 4318990.043, 127
Trd, 4318992.043, 113
Trd, 4318992.143, 112
Trd, 4318992.643, 111
Trd, 4318993.343, 140
Trd, 4318993.593, 140
Trd, 4318995.093, 91
Trd, 4318996.193, 92
Trd, 4318996.493, 119
Trd, 4318997.043, 89
Trd, 4318998.293, 97
Trd, 4318999.593, 140
Trd, 4318999.943, 140
Trd, 4319001.193, 138
Trd, 4319001.343, 131
Trd, 4319002.243, 138
Trd, 4319002.343, 137
Trd, 4319002.543, 68
Trd, 4319002.893, 125
Trd, 4319003.243, 70
Trd, 4319004.893, 138
Trd, 4319005.693, 136
Trd, 4319006.443, 117
Trd, 4319006.743, 77
Trd, 4319007.843, 121
Trd, 4319008.393, 75
Trd, 4319008.743, 74
Trd, 4319009.643, 138
Trd, 4319010.843, 140
Trd, 4319011.793, 140
Trd, 4319011.843, 140
Trd, 4319012.293, 138
Trd, 4319013.093, 127
Trd, 4319013.693, 127
Trd, 4319014.343, 126
Trd, 4319014.693, 126
Trd, 4319015.093, 119
Trd, 4319017.093, 140
Trd, 4319017.293, 139
Trd, 4319017.493, 106
Trd, 4319017.843, 125
Trd, 4319018.593, 140
Trd, 4319018.943, 117
Trd, 4319019.393, 137
Trd, 4319020.193, 85
Trd, 4319022.893, 137
Trd, 4319023.143, 126
Trd, 4319024.343, 60
Trd, 4319025.393, 63
Trd, 4319026.543, 60
Trd, 4319026.693, 62
Trd, 4319027.993, 66
Trd, 4319029.093, 124
Trd, 4319029.343, 122
Trd, 4319029.493, 127
Trd, 4319031.143, 137
Trd, 4319031.493, 122
Trd, 4319032.543, 123
Trd, 4319032.693, 124
Trd, 4319033.193, 129
Trd, 4319033.593, 124
Trd, 4319035.343, 117
Trd, 4319035.393, 116
Trd, 4319035.443, 67
Trd, 4319037.393, 140
Trd, 4319037.743, 140
Trd, 4319038.943, 140
Trd, 4319039.293, 132
Trd, 4319039.443, 131
Trd, 4319040.993, 62
Trd, 4319041.793, 60
Trd, 4319042.243, 70
Trd, 4319042.743, 62
Trd, 4319043.793, 61
Trd, 4319043.993, 61
Trd, 4319045.393, 117
Trd, 4319046.193, 117
Trd, 4319047.043, 140
Trd, 4319047.393, 118
Trd, 4319047.443, 110
Trd, 4319047.843, 75
Trd, 4319048.893, 105
Trd, 4319049.793, 78
Trd, 4319050.243, 74
Trd, 4319051.293, 60
Trd, 4319051.843, 60
Trd, 4319052.193, 75
Trd, 4319054.493, 60
Trd, 4319055.043, 60
Trd, 4319056.343, 60
Trd, 4319057.593, 60
Trd, 4319058.193, 113
Trd, 4319058.743, 114
Trd, 4319058.943, 119
Trd, 4319058.993, 112
Trd, 4319060.543, 70
Trd, 4319060.643, 120
Trd, 4319061.343, 77
Trd, 4319062.493, 74
Trd, 4319063.793, 60
Trd, 4319063.993, 64
Trd, 4319064.143, 112
Trd, 4319064.643, 64
Trd, 4319065.893, 60
Trd, 4319066.293, 61
Trd, 4319066.793, 64
Trd, 4319068.243, 79
Trd, 4319069.343, 124
Trd, 4319069.843, 140
Trd, 4319070.693, 114
Trd, 4319071.393, 87
Trd, 4319071.443, 77
Trd, 4319072.243, 77
Trd, 4319072.343, 71
Trd, 4319073.943, 62
Trd, 4319076.043, 62
Trd, 4319076.243, 62
Trd, 4319076.643, 62
Trd, 4319077.043, 69
Trd, 4319077.243, 61
Trd, 4319079.343, 62
Trd, 4319080.743, 60
Trd, 4319081.043, 62
Trd, 4319081.443, 92
Trd, 4319082.143, 67
Trd, 4319083.093, 111
Trd, 4319083.143, 66
Trd, 4319083.893, 93
Trd, 4319084.193, 67
Trd, 4319086.093, 94
Trd, 4319086.543, 96
Trd, 4319086.743, 96
Trd, 4319087.043, 101
Trd, 4319087.543, 101
Trd, 4319087.643, 132
Trd, 4319089.293, 123
Trd, 4319089.893, 122
Trd, 4319089.993, 118
Trd, 4319090.093, 74
Trd, 4319091.293, 63
Trd, 4319092.593, 92
Trd, 4319092.693, 140
Trd, 4319092.893, 86
Trd, 4319093.493, 97
Trd, 4319095.793, 140
Trd, 4319096.093, 140
Trd, 4319096.293, 138
Trd, 4319096.793, 125
Trd, 4319097.293, 139
Trd, 4319097.443, 78
Trd, 4319097.893, 62
Trd, 4319099.243, 69
Trd, 4319100.393, 140
Trd, 4319100.793, 131
Trd, 4319100.943, 138
Trd, 4319102.643, 99
Trd, 4319102.693, 98
Trd, 4319102.993, 97
Trd, 4319103.543, 136
Trd, 4319104.293, 115
Trd, 4319105.293, 110
Trd, 4319106.243, 140
Trd, 4319106.343, 127
Trd, 4319107.093, 109
Trd, 4319107.343, 108
Trd, 4319107.893, 108
Trd, 4319108.243, 103
Trd, 4319108.393, 102
Trd, 4319109.193, 135
Trd, 4319109.793, 137
Trd, 4319111.043, 71
Trd, 4319111.643, 67
Trd, 4319112.293, 81
Trd, 4319112.593, 62
Trd, 4319112.693, 61
Trd, 4319113.393, 135
Trd, 4319113.793, 124
Trd, 4319114.943, 80
Trd, 4319116.943, 120
Trd, 4319117.193, 111
Trd, 4319117.243, 110
Trd, 4319117.543, 140
Trd, 4319117.943, 104
Trd, 4319119.493, 87
Trd, 4319120.943, 140
Trd, 4319121.093, 137
Trd, 4319122.293, 109
Trd, 4319122.543, 109
Trd, 4319123.243, 108
Trd, 4319124.143, 111
Trd, 4319124.243, 116
Trd, 4319125.543, 105
Trd, 4319125.843, 132
Trd, 4319127.093, 60
Trd, 4319127.843, 66
Trd, 4319128.893, 61
Trd, 4319129.393, 65
Trd, 4319130.793, 69
Trd, 4319131.143, 66
Trd, 4319131.343, 106
Trd, 4319132.243, 100
Trd, 4319132.443, 100
Trd, 4319132.543, 108
Trd, 4319132.993, 106
Trd, 4319133.243, 117
Trd, 4319133.293, 99
Trd, 4319136.093, 60
Trd, 4319137.293, 60
Trd, 4319139.543, 60
Trd, 4319140.993, 60
Trd, 4319141.593, 61
Trd, 4319142.593, 60
Trd, 4319144.293, 64
Trd, 4319144.543, 66
Trd, 4319144.693, 68
Trd, 4319146.893, 60
Trd, 4319147.393, 64
Trd, 4319147.993, 63
Trd, 4319148.043, 62
Trd, 4319148.493, 79
Trd, 4319149.343, 60
Trd, 4319150.743, 86
Trd, 4319150.793, 72
Trd, 4319151.293, 61
Trd, 4319151.893, 62
Trd, 4319151.993, 110
Trd, 4319152.493, 78
Trd, 4319152.943, 91
Trd, 4319155.743, 76
Trd, 4319156.243, 80
Trd, 4319156.593, 81
Trd, 4319157.093, 74
Trd, 4319157.243, 86
Trd, 4319158.993, 63
Trd, 4319159.143, 62
Trd, 4319159.593, 60
Trd, 4319160.243, 60
Trd, 4319161.343, 60
Trd, 4319162.693, 61
Trd, 4319163.093, 62
Trd, 4319163.993, 61
Trd, 4319164.043, 135
Trd, 4319164.693, 62
Trd, 4319165.343, 68
Trd, 4319166.493, 67
Trd, 4319167.143, 76
Trd, 4319167.893, 76
Trd, 4319168.093, 112
Trd, 4319168.293, 70
Trd, 4319168.543, 69
Trd, 4319169.093, 113
Trd, 4319169.843, 135
Trd, 4319170.743, 120
Trd, 4319172.143, 110
Trd, 4319172.693, 131
Trd, 4319173.943, 140
Trd, 4319174.193, 131
Trd, 4319175.643, 112
Trd, 4319175.943, 113
Trd, 4319176.693, 109
Trd, 4319176.743, 108
Trd, 4319177.193, 140
Trd, 4319177.293, 125
Trd, 4319179.543, 107
Trd, 4319179.743, 105
Trd, 4319180.043, 70
Trd, 4319180.593, 105
Trd, 4319181.393, 104
Trd, 4319182.293, 64
Trd, 4319183.143, 62
Trd, 4319183.493, 117
Trd, 4319183.843, 65
Trd, 4319186.043, 82
Trd, 4319186.843, 77
Trd, 4319187.193, 62
Trd, 4319187.743, 76
Trd, 4319189.243, 61
Trd, 4319189.493, 65
Trd, 4319189.743, 98
Trd, 4319190.693, 100
Trd, 4319191.643, 140
Trd, 4319191.693, 138
Trd, 4319192.393, 138
Trd, 4319192.593, 132
Trd, 4319192.793, 131
Trd, 4319193.943, 140
Trd, 4319194.493, 140
Trd, 4319196.843, 140
Trd, 4319197.043, 140
Trd, 4319197.093, 115
Trd, 4319197.143, 107
Trd, 4319199.643, 140
Trd, 4319199.843, 140
Trd, 4319200.243, 140
Trd, 4319200.293, 131
Trd, 4319201.143, 130
Trd, 4319202.093, 60
Trd, 4319203.243, 71
Trd, 4319203.693, 63
Trd, 4319204.643, 65
Trd, 4319205.093, 115
Trd, 4319205.693, 109
Trd, 4319205.943, 108
Trd, 4319206.193, 108
Trd, 4319206.843, 140
Trd, 4319207.443, 140
Trd, 4319207.843, 138
Trd, 4319207.893, 122
Trd, 4319208.443, 61
Trd, 4319210.043, 114
Trd, 4319211.843, 140
Trd, 4319212.093, 139
Trd, 4319212.243, 87
Trd, 4319213.443, 137
Trd, 4319215.293, 114
Trd, 4319216.643, 98
Trd, 4319216.693, 97
Trd, 4319217.493, 61
Trd, 4319218.493, 64
Trd, 4319218.643, 63
Trd, 4319219.293, 62
Trd, 4319219.443, 82
Trd, 4319219.893, 82
Trd, 4319221.443, 69
Trd, 4319221.893, 71
Trd, 4319222.243, 85
Trd, 4319223.343, 122
Trd, 4319223.543, 103
Trd, 4319224.393, 106
Trd, 4319225.643, 137
Trd, 4319225.693, 114
Trd, 4319225.993, 94
Trd, 4319226.193, 67
Trd, 4319226.593, 71
Trd, 4319229.193, 69
Trd, 4319230.143, 68
Trd, 4319230.443, 122
Trd, 4319230.693, 71
Trd, 4319231.293, 77
Trd, 4319231.643, 85
Trd, 4319231.893, 76
Trd, 4319235.443, 124
Trd, 4319235.543, 123
Trd, 4319235.893, 119
Trd, 4319236.043, 112
Trd, 4319236.243, 112
Trd, 4319237.393, 138
Trd, 4319237.693, 134
Trd, 4319240.243, 127
Trd, 4319240.493, 130
Trd, 4319240.543, 126
Trd, 4319240.993, 124
Trd, 4319242.993, 127
Trd, 4319243.143, 122
Trd, 4319243.343, 99
Trd, 4319244.643, 140
Trd, 4319245.043, 140
Trd, 4319246.043, 140
Trd, 4319246.743, 122
Trd, 4319247.143, 117
Trd, 4319247.543, 116
Trd, 4319247.693, 115
Trd, 4319248.943, 113
Trd, 4319249.593, 105
Trd, 4319250.743, 109
Trd, 4319251.193, 137
Trd, 4319252.393, 92
Trd, 4319252.443, 89
Trd, 4319253.643, 83
Trd, 4319253.743, 60
Trd, 4319254.143, 139
Trd, 4319254.293, 131
Trd, 4319254.443, 129
Trd, 4319254.693, 101
Trd, 4319256.443, 127
Trd, 4319260.043, 61
Trd, 4319260.093, 63
Trd, 4319260.293, 70
Trd, 4319260.593, 61
Trd, 4319261.193, 65
Trd, 4319261.343, 63
Trd, 4319261.493, 111
Trd, 4319263.393, 134
Trd, 4319263.743, 133
Trd, 4319263.843, 124
Trd, 4319264.393, 140
Trd, 4319264.543, 85
Trd, 4319266.343, 70
Trd, 4319266.443, 69
Trd, 4319266.493, 64
Trd, 4319268.793, 117
Trd, 4319269.443, 140
Trd, 4319270.893, 140
Trd, 4319270.943, 140
Trd, 4319271.343, 133
Trd, 4319271.993, 132
Trd, 4319273.243, 140
Trd, 4319273.343, 140
Trd, 4319274.293, 87
Trd, 4319275.043, 125
Trd, 4319276.243, 85
Trd, 4319276.893, 84
Trd, 4319277.993, 106
Trd, 4319278.443, 107
Trd, 4319279.293, 140
Trd, 4319279.593, 106
Trd, 4319279.993, 118
Trd, 4319280.393, 130
Trd, 4319281.393, 104
Trd, 4319283.393, 130
Trd, 4319283.443, 123
Trd, 4319283.693, 108
Trd, 4319283.793, 137
Trd, 4319284.793, 105
Trd, 4319286.143, 140
Trd, 4319286.493, 140
Trd, 4319286.843, 131
Trd, 4319286.943, 114
Trd, 4319288.093, 60
Trd, 4319290.593, 61
Trd, 4319290.743, 65
Trd, 4319290.943, 61
Trd, 4319291.943, 63
Trd, 4319292.143, 121
Trd, 4319292.743, 123
Trd, 4319293.593, 96
Trd, 4319293.893, 103
Trd, 4319294.243, 91
Trd, 4319295.293, 113
Trd, 4319296.093, 72
Trd, 4319296.143, 69
Trd, 4319296.743, 135
Trd, 4319297.543, 84
Trd, 4319299.193, 121
Trd, 4319299.743, 108
Trd, 4319300.393, 109
Trd, 4319301.043, 113
Trd, 4319301.143, 110
Trd, 4319301.793, 140
Trd, 4319302.443, 118
Trd, 4319303.243, 61
Trd, 4319303.993, 118
Trd, 4319304.643, 60
Trd, 4319304.843, 73
Trd, 4319305.993, 120
Trd, 4319306.693, 128
Trd, 4319307.593, 129
Trd, 4319308.493, 132
Trd, 4319309.393, 136
Trd, 4319309.593, 131
Trd, 4319310.143, 119
Trd, 4319311.893, 140
Trd, 4319312.043, 140
Trd, 4319312.443, 137
Trd, 4319313.943, 124
Trd, 4319314.093, 117
Trd, 4319315.243, 134
Trd, 4319316.843, 140
Trd, 4319316.893, 140
Trd, 4319317.293, 140
Trd, 4319318.843, 105
Trd, 4319320.193, 123
Trd, 4319320.693, 101
Trd, 4319321.443, 131
Trd, 4319321.943, 97
Trd, 4319322.443, 140
Trd, 4319322.543, 138
Trd, 4319324.393, 139
Trd, 4319324.793, 134
Trd, 4319324.893, 133
Trd, 4319325.243, 132
Trd, 4319325.743, 122
Trd, 4319325.993, 117
Trd, 4319327.393, 63
Trd, 4319328.743, 66
Trd, 4319329.243, 67
Trd, 4319329.293, 71
Trd, 4319329.493, 66
Trd, 4319330.593, 68
Trd, 4319331.043, 107
Trd, 4319331.843, 140
Trd, 4319332.493, 69
Trd, 4319332.893, 68
Trd, 4319333.643, 71
Trd, 4319334.743, 104
Trd, 4319335.293, 79
Trd, 4319336.593, 65
Trd, 4319337.643, 86
Trd, 4319337.793, 92
Trd, 4319339.293, 140
Trd, 4319339.593, 128
Trd, 4319339.843, 126
Trd, 4319341.543, 119
Trd, 4319341.893, 118
Trd, 4319342.393, 131
Trd, 4319342.843, 117
Trd, 4319342.943, 110
Trd, 4319343.893, 104
Trd, 4319344.543, 98
Trd, 4319345.393, 103
Trd, 4319346.043, 98
Trd, 4319347.293, 101
Trd, 4319347.693, 104
Trd, 4319347.743, 101
Trd, 4319348.343, 60
Trd, 4319348.693, 97
Trd, 4319350.243, 126
Trd, 4319351.393, 72
Trd, 4319352.043, 139
Trd, 4319352.393, 138
Trd, 4319353.243, 132
Trd, 4319353.343, 131
Trd, 4319354.043, 128
Trd, 4319354.893, 100
Trd, 4319355.993, 61
Trd, 4319357.093, 140
Trd, 4319357.893, 140
Trd, 4319357.943, 140
Trd, 4319357.993, 140
Trd, 4319358.293, 131
Trd, 4319359.093, 108
Trd, 4319359.343, 102
Trd, 4319361.343, 99
Trd, 4319362.043, 93
Trd, 4319363.093, 100
Trd, 4319364.243, 140
Trd, 4319364.993, 140
Trd, 4319365.593, 140
Trd, 4319365.793, 131
Trd, 4319367.193, 140
Trd, 4319368.893, 140
Trd, 4319368.943, 139
Trd, 4319370.243, 138
Trd, 4319370.443, 92
Trd, 4319370.743, 130
Trd, 4319371.593, 105
Trd, 4319371.643, 91
Trd, 4319372.443, 137
Trd, 4319373.643, 140
Trd, 4319374.043, 139
Trd, 4319374.543, 125
Trd, 4319375.693, 140
Trd, 4319376.243, 117
Trd, 4319376.843, 139
Trd, 4319377.193, 117
Trd, 4319378.193, 94
Trd, 4319378.593, 70
Trd, 4319379.393, 62
Trd, 4319379.443, 125
Trd, 4319380.443, 62
Trd, 4319382.293, 61
Trd, 4319382.393, 64
Trd, 4319382.893, 62
Trd, 4319383.693, 68
Trd, 4319384.393, 71
Trd, 4319385.343, 76
Trd, 4319385.943, 93
Trd, 4319386.543, 78
Trd, 4319388.293, 121
Trd, 4319388.493, 131
Trd, 4319388.993, 121
Trd, 4319389.543, 139
Trd, 4319389.693, 137
Trd, 4319390.493, 139
Trd, 4319390.743, 129
Trd, 4319390.843, 121
Trd, 4319391.943, 60
Trd, 4319392.993, 60
Trd, 4319393.143, 62
Trd, 4319393.743, 62
Trd, 4319393.943, 68
Trd, 4319396.243, 63
Trd, 4319397.243, 62
Trd, 4319397.843, 66
Trd, 4319398.043, 68
Trd, 4319398.443, 68
Trd, 4319398.643, 66
Trd, 4319400.493, 140
Trd, 4319401.643, 140
Trd, 4319401.793, 140
Trd, 4319402.143, 140
Trd, 4319402.643, 140
Trd, 4319403.443, 131
Trd, 4319404.593, 126
Trd, 4319404.643, 125
Trd, 4319404.943, 123
Trd, 4319405.043, 101
Trd, 4319407.543, 119
Trd, 4319407.843, 109
Trd, 4319408.543, 107
Trd, 4319408.843, 109
Trd, 4319409.493, 107
Trd, 4319410.393, 105
Trd, 4319410.843, 119
Trd, 4319411.343, 118
Trd, 4319411.593, 97
Trd, 4319413.043, 97
Trd, 4319413.243, 136
Trd, 4319413.993, 112
Trd, 4319415.243, 69
Trd, 4319415.543, 68
Trd, 4319415.593, 75
Trd, 4319415.943, 97
Trd, 4319417.843, 68
Trd, 4319419.343, 136
Trd, 4319419.443, 79
Trd, 4319419.643, 140
Trd, 4319420.493, 140
Trd, 4319421.343, 123
Trd, 4319422.043, 117
Trd, 4319422.393, 117
Trd, 4319422.493, 116
Trd, 4319423.243, 129
Trd, 4319424.393, 85
Trd, 4319425.193, 95
Trd, 4319427.393, 96
Trd, 4319428.143, 140
Trd, 4319428.993, 140
Trd, 4319429.193, 140
Trd, 4319429.643, 140
Trd, 4319430.493, 133
Trd, 4319430.793, 131
Trd, 4319431.393, 136
Trd, 4319431.943, 112
Trd, 4319433.993, 61
Trd, 4319434.393, 63
Trd, 4319434.893, 75
Trd, 4319435.593, 84
Trd, 4319436.193, 61
Trd, 4319436.743, 64
Trd, 4319437.643, 126
Trd, 4319438.943, 140
Trd, 4319439.393, 140
Trd, 4319439.493, 131
Trd, 4319439.943, 130
Trd, 4319440.593, 126
Trd, 4319440.943, 125
Trd, 4319441.943, 136
Trd, 4319442.393, 133
Trd, 4319444.843, 105
Trd, 4319444.943, 87
Trd, 4319445.743, 61
Trd, 4319446.393, 71
Trd, 4319446.943, 63
Trd, 4319448.543, 98
Trd, 4319449.143, 97
Trd, 4319449.393, 96
Trd, 4319449.693, 104
Trd, 4319452.043, 140
Trd, 4319452.293, 140
Trd, 4319452.543, 115
Trd, 4319452.743, 114
Trd, 4319453.193, 126
Trd, 4319453.343, 108
Trd, 4319454.793, 61
Trd, 4319456.393, 62
Trd, 4319457.193, 61
Trd, 4319457.293, 63
Trd, 4319457.493, 63
Trd, 4319457.843, 118
Trd, 4319458.693, 65
Trd, 4319458.743, 66
Trd, 4319459.143, 95
Trd, 4319460.893, 140
Trd, 4319461.893, 140
Trd, 4319462.293, 140
Trd, 4319462.893, 140
Trd, 4319462.993, 140
Trd, 4319463.443, 132
Trd, 4319465.193, 123
Trd, 4319465.243, 86
Trd, 4319466.343, 118
Trd, 4319468.093, 121
Trd, 4319468.543, 116
Trd, 4319468.593, 115
Trd, 4319468.893, 100
Trd, 4319468.993, 107
Trd, 4319469.543, 99
Trd, 4319470.293, 66
Trd, 4319472.193, 61
Trd, 4319473.093, 70
Trd, 4319473.493, 65
Trd, 4319474.393, 69
Trd, 4319474.643, 112
Trd, 4319475.193, 130
Trd, 4319475.343, 128
Trd, 4319475.993, 124
Trd, 4319477.093, 128
Trd, 4319477.793, 129
Trd, 4319477.843, 120
Trd, 4319477.993, 87
Trd, 4319480.243, 60
Trd, 4319481.093, 64
Trd, 4319481.493, 83
Trd, 4319481.843, 136
Trd, 4319482.693, 61
Trd, 4319482.943, 63
Trd, 4319483.593, 62
Trd, 4319483.693, 65
Trd, 4319485.143, 140
Trd, 4319485.593, 140
Trd, 4319486.243, 140
Trd, 4319487.343, 140
Trd, 4319488.243, 140
Trd, 4319488.643, 140
Trd, 4319489.393, 140
Trd, 4319489.693, 140
Trd, 4319491.643, 136
Trd, 4319491.743, 82
Trd, 4319492.843, 140
Trd, 4319493.043, 140
Trd, 4319493.593, 140
Trd, 4319493.793, 140
Trd, 4319495.443, 137
Trd, 4319496.993, 136
Trd, 4319497.293, 135
Trd, 4319497.843, 134
Trd, 4319498.493, 135
Trd, 4319498.543, 99
Trd, 4319500.243, 61
Trd, 4319500.843, 111
Trd, 4319500.993, 103
Trd, 4319501.043, 65
Trd, 4319501.243, 112
Trd, 4319503.193, 60
Trd, 4319503.743, 61
Trd, 4319503.843, 60
Trd, 4319503.943, 62
Trd, 4319504.893, 61
Trd, 4319505.193, 110
Trd, 4319506.143, 62
Trd, 4319507.343, 73
Trd, 4319507.643, 99
Trd, 4319507.993, 72
Trd, 4319510.043, 140
Trd, 4319510.193, 140
Trd, 4319510.993, 140
Trd, 4319512.143, 140
Trd, 4319512.993, 132
Trd, 4319513.343, 132
Trd, 4319514.343, 132
Trd, 4319515.043, 132
Trd, 4319515.793, 79
Trd, 4319517.393, 131
Trd, 4319517.693, 123
Trd, 4319517.843, 136
Trd, 4319518.293, 136
Trd, 4319519.293, 61
Trd, 4319520.893, 60
Trd, 4319521.493, 66
Trd, 4319521.943, 74
Trd, 4319522.443, 60
Trd, 4319524.543, 62
Trd, 4319525.293, 62
Trd, 4319526.143, 62
Trd, 4319527.693, 63
Trd, 4319528.193, 69
Trd, 4319529.943, 62
Trd, 4319530.643, 62
Trd, 4319530.943, 63
Trd, 4319531.343, 63
Trd, 4319531.693, 82
Trd, 4319532.343, 67
Trd, 4319533.193, 67
Trd, 4319534.643, 135
Trd, 4319535.393, 87
Trd, 4319536.143, 88
Trd, 4319537.093, 91
Trd, 4319537.493, 139
Trd, 4319537.743, 87
Trd, 4319539.943, 93
Trd, 4319539.993, 93
Trd, 4319540.443, 87
Trd, 4319540.843, 87
Trd, 4319541.493, 129
Trd, 4319542.193, 128
Trd, 4319542.293, 85
Trd, 4319542.493, 65
Trd, 4319543.143, 137
Trd, 4319543.943, 139
Trd, 4319545.293, 120
Trd, 4319546.843, 121
Trd, 4319549.443, 137
Trd, 4319549.593, 136
Trd, 4319549.843, 121
Trd, 4319550.593, 140
Trd, 4319551.393, 140
Trd, 4319551.743, 140
Trd, 4319552.043, 131
Trd, 4319552.843, 119
Trd, 4319555.143, 63
Trd, 4319555.243, 66
Trd, 4319555.743, 114
Trd, 4319556.343, 108
Trd, 4319556.793, 121
Trd, 4319557.093, 119
Trd, 4319557.493, 114
Trd, 4319557.943, 125
Trd, 4319558.543, 118
Trd, 4319559.493, 90
Trd, 4319559.693, 89
Trd, 4319560.393, 62
Trd, 4319561.143, 140
Trd, 4319562.143, 140
Trd, 4319563.343, 117
Trd, 4319563.693, 78
Trd, 4319563.993, 73
Trd, 4319564.043, 132
Trd, 4319565.143, 140
Trd, 4319565.693, 119
Trd, 4319565.793, 118
Trd, 4319566.793, 105
Trd, 4319568.793, 76
Trd, 4319568.993, 75
Trd, 4319569.593, 74
Trd, 4319570.743, 140
Trd, 4319571.193, 118
Trd, 4319571.643, 118
Trd, 4319572.343, 120
Trd, 4319572.443, 116
Trd, 4319574.243, 115
Trd, 4319574.893, 132
Trd, 4319575.043, 134
Trd, 4319575.193, 100
Trd, 4319577.143, 138
Trd, 4319577.293, 137
Trd, 4319577.393, 136
Trd, 4319578.743, 140
Trd, 4319578.893, 139
Trd, 4319578.993, 131
Trd, 4319579.143, 125
Trd, 4319580.243, 120
Trd, 4319580.543, 121
Trd, 4319582.993, 124
Trd, 4319583.893, 125
Trd, 4319584.243, 125
Trd, 4319584.993, 118
Trd, 4319585.093, 86
Trd, 4319585.793, 140
Trd, 4319586.543, 125
Trd, 4319587.093, 111
Trd, 4319588.443, 65
Trd, 4319589.893, 80
Trd, 4319590.193, 81
Trd, 4319591.393, 128
Trd, 4319592.793, 140
Trd, 4319592.893, 139
Trd, 4319593.043, 136
Trd, 4319594.143, 103
Trd, 4319595.043, 130
Trd, 4319595.193, 122
Trd, 4319595.543, 91
Trd, 4319596.093, 105
Trd, 4319597.393, 136
Trd, 4319597.793, 135
Trd, 4319599.093, 129
Trd, 4319599.193, 128
Trd, 4319599.643, 122
Trd, 4319600.143, 138
Trd, 4319600.543, 97
Trd, 4319602.093, 124
Trd, 4319603.343, 134
Trd, 4319604.143, 129
Trd, 4319604.343, 122
Trd, 4319604.793, 134
Trd, 4319605.793, 138
Trd, 4319606.193, 135
Trd, 4319606.343, 134
Trd, 4319606.643, 133
Trd, 4319608.193, 60
Trd, 4319609.693, 99
Trd, 4319609.743, 117
Trd, 4319609.993, 128
Trd, 4319611.243, 61
Trd, 4319611.893, 63
Trd, 4319612.343, 128
Trd, 4319613.843, 139
Trd, 4319614.393, 138
Trd, 4319614.893, 140
Trd, 4319616.093, 140
Trd, 4319616.593, 140
Trd, 4319616.643, 140
Trd, 4319617.143, 139
Trd, 4319618.093, 108
Trd, 4319618.393, 91
Trd, 4319619.143, 87
Trd, 4319619.293, 61
Trd, 4319619.393, 133
Trd, 4319620.293, 62
Trd, 4319621.643, 116
Trd, 4319622.643, 63
Trd, 4319623.993, 98
Trd, 4319624.543, 98
Trd, 4319625.793, 140
Trd, 4319626.093, 139
Trd, 4319627.443, 68
Trd, 4319628.143, 74
Trd, 4319628.443, 107
Trd, 4319629.193, 86
Trd, 4319629.343, 84
Trd, 4319630.693, 121
Trd, 4319630.793, 120
Trd, 4319630.893, 100
Trd, 4319631.643, 139
Trd, 4319632.093, 137
Trd, 4319633.543, 121
Trd, 4319633.993, 108
Trd, 4319635.293, 89
Trd, 4319635.493, 140
Trd, 4319635.543, 87
Trd, 4319636.043, 105
Trd, 4319637.493, 61
Trd, 4319638.693, 61
Trd, 4319639.743, 91
Trd, 4319640.793, 76
Trd, 4319640.843, 75
Trd, 4319640.893, 74
Trd, 4319641.493, 136
Trd, 4319642.243, 65
Trd, 4319643.293, 63
Trd, 4319644.243, 73
Trd, 4319644.493, 94
Trd, 4319645.243, 100
Trd, 4319645.643, 95
Trd, 4319645.843, 121
Trd, 4319646.143, 94
Trd, 4319646.743, 88
Trd, 4319648.143, 65
Trd, 4319648.293, 64
Trd, 4319649.243, 112
Trd, 4319651.393, 60
Trd, 4319651.443, 61
Trd, 4319652.093, 98
Trd, 4319653.793, 60
Trd, 4319653.943, 65
Trd, 4319654.043, 64
Trd, 4319654.943, 66
Trd, 4319657.243, 60
Trd, 4319657.343, 62
Trd, 4319658.193, 61
Trd, 4319659.443, 62
Trd, 4319659.493, 63
Trd, 4319660.093, 64
Trd, 4319660.343, 66
Trd, 4319661.193, 126
Trd, 4319662.043, 82
Trd, 4319662.793, 82
Trd, 4319663.793, 81
Trd, 4319664.843, 132
Trd, 4319665.293, 69
Trd, 4319665.743, 61
Trd, 4319666.493, 63
Trd, 4319667.393, 65
Trd, 4319667.893, 65
Trd, 4319668.793, 62
Trd, 4319669.193, 109
Trd, 4319670.693, 60
Trd, 4319670.993, 65
Trd, 4319671.493, 62
Trd, 4319672.493, 124
Trd, 4319672.893, 98
Trd, 4319673.043, 87
Trd, 4319674.143, 140
Trd, 4319674.543, 132
Trd, 4319675.643, 139
Trd, 4319675.793, 137
Trd, 4319677.393, 137
Trd, 4319677.643, 138
Trd, 4319678.043, 137
Trd, 4319678.293, 136
Trd, 4319678.443, 129
Trd, 4319678.693, 112
Trd, 4319679.493, 82
Trd, 4319679.993, 140
Trd, 4319680.643, 118
Trd, 4319682.543, 140
Trd, 4319683.543, 140
Trd, 4319683.743, 140
Trd, 4319684.543, 131
Trd, 4319685.193, 113
Trd, 4319685.543, 137
Trd, 4319685.943, 64
Trd, 4319686.493, 113
Trd, 4319687.243, 76
Trd, 4319689.493, 140
Trd, 4319689.743, 134
Trd, 4319689.843, 133
Trd, 4319690.993, 113
Trd, 4319691.043, 72
Trd, 4319692.543, 63
Trd, 4319693.193, 66
Trd, 4319693.493, 62
Trd, 4319693.893, 72
Trd, 4319694.043, 117
Trd, 4319694.693, 89
Trd, 4319694.893, 88
Trd, 4319695.693, 112
Trd, 4319696.843, 121
Trd, 4319697.593, 94
Trd, 4319698.243, 131
Trd, 4319698.843, 98
Trd, 4319698.943, 97
Trd, 4319699.993, 116
Trd, 4319700.043, 115
Trd, 4319701.093, 140
Trd, 4319701.593, 140
Trd, 4319702.093, 131
Trd, 4319702.693, 95
Trd, 4319703.593, 139
Trd, 4319704.943, 133
Trd, 4319705.093, 106
Trd, 4319705.993, 100
Trd, 4319706.893, 61
Trd, 4319707.043, 119
Trd, 4319707.643, 65
Trd, 4319708.543, 112
Trd, 4319709.093, 78
Trd, 4319709.643, 80
Trd, 4319710.993, 88
Trd, 4319711.043, 87
Trd, 4319711.793, 70
Trd, 4319712.443, 103
Trd, 4319712.893, 136
Trd, 4319712.943, 98
Trd, 4319713.793, 91
Trd, 4319714.593, 109
Trd, 4319714.943, 82
Trd, 4319716.043, 83
Trd, 4319717.493, 135
Trd, 4319717.743, 134
Trd, 4319718.243, 127
Trd, 4319718.343, 102
Trd, 4319719.393, 79
Trd, 4319721.543, 140
Trd, 4319721.593, 140
Trd, 4319722.143, 140
Trd, 4319723.193, 140
Trd, 4319723.593, 110
Trd, 4319725.443, 136
Trd, 4319725.493, 102
Trd, 4319725.643, 96
Trd, 4319726.793, 131
Trd, 4319726.943, 110
Trd, 4319727.293, 100
Trd, 4319728.793, 82
Trd, 4319729.743, 62
Trd, 4319730.693, 62
Trd, 4319731.793, 72
Trd, 4319731.893, 99
Trd, 4319732.893, 74
Trd, 4319733.093, 90
Trd, 4319733.293, 72
Trd, 4319733.343, 71
Trd, 4319735.393, 140
Trd, 4319736.143, 138
Trd, 4319736.193, 126
Trd, 4319737.643, 64
Trd, 4319737.943, 65
Trd, 4319739.293, 60
Trd, 4319739.493, 62
Trd, 4319740.243, 76
Trd, 4319740.843, 67
Trd, 4319741.043, 67
Trd, 4319741.193, 65
Trd, 4319742.743, 130
Trd, 4319743.743, 135
Trd, 4319744.143, 134
Trd, 4319745.543, 140
Trd, 4319745.593, 131
Trd, 4319745.943, 137
Trd, 4319747.693, 137
Trd, 4319747.793, 136
Trd, 4319748.643, 139
Trd, 4319749.443, 137
Trd, 4319749.493, 94
Trd, 4319749.743, 137
Trd, 4319751.393, 62
Trd, 4319751.993, 60
Trd, 4319752.193, 101
Trd, 4319754.043, 62
Trd, 4319755.393, 60
Trd, 4319755.843, 62
Trd, 4319756.543, 61
Trd, 4319756.993, 60
Trd, 4319757.443, 64
Trd, 4319758.143, 67
Trd, 4319758.243, 66
Trd, 4319758.843, 137
Trd, 4319760.293, 64
Trd, 4319760.443, 86
Trd, 4319760.893, 61
Trd, 4319762.443, 68
Trd, 4319762.943, 94
Trd, 4319763.993, 116
Trd, 4319765.193, 93
Trd, 4319765.343, 92
Trd, 4319766.043, 139
Trd, 4319766.093, 132
Trd, 4319767.293, 132
Trd, 4319768.543, 139
Trd, 4319768.843, 137
Trd, 4319770.643, 140
Trd, 4319771.543, 140
Trd, 4319771.943, 140
Trd, 4319772.943, 140
Trd, 4319773.143, 138
Trd, 4319773.243, 98
Trd, 4319773.543, 63
Trd, 4319773.893, 135
Trd, 4319774.493, 127
Trd, 4319775.493, 60
Trd, 4319777.643, 67
Trd, 4319778.693, 62
Trd, 4319778.843, 64
Trd, 4319779.743, 99
Trd, 4319780.493, 97
Trd, 4319780.593, 73
Trd, 4319781.293, 88
Trd, 4319782.193, 72
Trd, 4319782.443, 62
Trd, 4319782.643, 133
Trd, 4319783.543, 131
Trd, 4319783.943, 138
Trd, 4319785.643, 67
Trd, 4319786.193, 129
Trd, 4319786.543, 128
Trd, 4319786.893, 115
Trd, 4319787.093, 114
Trd, 4319788.343, 102
Trd, 4319789.443, 139
Trd, 4319789.643, 96
Trd, 4319790.143, 109
Trd, 4319790.393, 96
Trd, 4319791.743, 98
Trd, 4319791.893, 97
Trd, 4319792.043, 96
Trd, 4319793.143, 92
Trd, 4319793.643, 90
Trd, 4319794.443, 140
Trd, 4319795.543, 60
Trd, 4319796.343, 131
Trd, 4319797.093, 115
Trd, 4319797.393, 73
Trd, 4319798.543, 74
Trd, 4319799.393, 74
Trd, 4319799.593, 91
Trd, 4319799.793, 119
Trd, 4319800.043, 70
Trd, 4319800.993, 62
Trd, 4319802.143, 91
Trd, 4319802.543, 67
Trd, 4319804.093, 140
Trd, 4319804.543, 140
Trd, 4319805.493, 140
Trd, 4319806.043, 140
Trd, 4319806.243, 131
Trd, 4319806.893, 95
Trd, 4319808.093, 140
Trd, 4319808.743, 140
Trd, 4319808.993, 128
Trd, 4319809.493, 121
Trd, 4319810.643, 139
Trd, 4319810.893, 99
Trd, 4319811.743, 80
Trd, 4319812.593, 82
Trd, 4319813.393, 85
Trd, 4319813.893, 96
Trd, 4319814.943, 100
Trd, 4319815.193, 99
Trd, 4319816.043, 138
Trd, 4319816.093, 137
Trd, 4319817.493, 138
Trd, 4319817.543, 135
Trd, 4319817.893, 125
Trd, 4319818.493, 139
Trd, 4319819.293, 93
Trd, 4319820.693, 62
Trd, 4319820.993, 64
Trd, 4319823.643, 68
Trd, 4319824.143, 63
Trd, 4319824.443, 63
Trd, 4319825.493, 100
Trd, 4319825.693, 83
Trd, 4319825.793, 86
Trd, 4319827.093, 140
Trd, 4319827.343, 115
Trd, 4319828.293, 96
Trd, 4319829.393, 126
Trd, 4319829.993, 126
Trd, 4319830.593, 119
Trd, 4319831.393, 140
Trd, 4319832.293, 132
Trd, 4319832.893, 116
Trd, 4319833.143, 131
Trd, 4319833.243, 116
Trd, 4319833.643, 114
Trd, 4319834.643, 133
Trd, 4319835.443, 140
Trd, 4319837.393, 100
Trd, 4319839.493, 136
Trd, 4319840.293, 122
Trd, 4319840.693, 109
Trd, 4319841.693, 140
Trd, 4319842.293, 140
Trd, 4319842.443, 140
Trd, 4319842.843, 97
Trd, 4319843.243, 102
Trd, 4319844.643, 101
Trd, 4319846.593, 82
Trd, 4319846.993, 87
Trd, 4319847.543, 89
Trd, 4319848.293, 130
Trd, 4319848.443, 131
Trd, 4319848.593, 132
Trd, 4319849.093, 121
Trd, 4319849.993, 98
Trd, 4319850.343, 105
Trd, 4319850.993, 104
Trd, 4319851.193, 109
Trd, 4319853.293, 140
Trd, 4319853.693, 139
Trd, 4319854.943, 124
Trd, 4319855.243, 104
Trd, 4319855.493, 99
Trd, 4319855.843, 140
Trd, 4319855.943, 96
Trd, 4319858.393, 94
Trd, 4319858.493, 94
Trd, 4319858.693, 80
Trd, 4319859.143, 116
Trd, 4319859.343, 78
Trd, 4319860.943, 113
Trd, 4319861.593, 97
Trd, 4319861.893, 92
Trd, 4319862.243, 98
Trd, 4319864.493, 140
Trd, 4319865.343, 140
Trd, 4319865.443, 140
Trd, 4319866.793, 140
Trd, 4319867.193, 140
Trd, 4319867.843, 137
Trd, 4319868.093, 123
Trd, 4319869.143, 93
Trd, 4319869.293, 80
Trd, 4319870.243, 69
Trd, 4319871.143, 89
Trd, 4319871.843, 64
Trd, 4319872.393, 79
Trd, 4319874.643, 128
Trd, 4319874.893, 106
Trd, 4319874.993, 105
Trd, 4319876.293, 101
Trd, 4319876.893, 95
Trd, 4319877.443, 138
Trd, 4319878.343, 140
Trd, 4319878.893, 116
Trd, 4319879.893, 95
Trd, 4319880.993, 97
Trd, 4319881.693, 96
Trd, 4319882.193, 140
Trd, 4319882.793, 108
Trd, 4319883.193, 85
Trd, 4319883.343, 89
Trd, 4319883.993, 122
Trd, 4319884.093, 77
Trd, 4319885.893, 138
Trd, 4319886.643, 62
Trd, 4319887.343, 60
Trd, 4319888.393, 67
Trd, 4319889.093, 72
Trd, 4319889.143, 66
Trd, 4319889.293, 73
Trd, 4319889.793, 65
Trd, 4319890.243, 63
Trd, 4319891.193, 60
Trd, 4319891.593, 114
Trd, 4319892.993, 75
Trd, 4319894.093, 104
Trd, 4319894.743, 104
Trd, 4319894.993, 114
Trd, 4319895.193, 128
Trd, 4319896.393, 140
Trd, 4319896.843, 139
Trd, 4319897.543, 140
Trd, 4319897.893, 125
Trd, 4319899.343, 134
Trd, 4319899.743, 133
Trd, 4319900.193, 133
Trd, 4319900.243, 132
Trd, 4319901.693, 71
Trd, 4319903.343, 62
Trd, 4319903.593, 63
Trd, 4319904.393, 139
Trd, 4319905.043, 140
Trd, 4319905.343, 140
Trd, 4319906.343, 140
Trd, 4319906.743, 140
Trd, 4319907.093, 140
Trd, 4319907.493, 140
Trd, 4319908.043, 137
Trd, 4319908.243, 125
Trd, 4319909.793, 111
Trd, 4319910.443, 139
Trd, 4319911.143, 125
Trd, 4319911.393, 63
Trd, 4319912.543, 114
Trd, 4319913.393, 63
Trd, 4319913.893, 60
Trd, 4319916.093, 140
Trd, 4319916.643, 139
Trd, 4319917.293, 138
Trd, 4319918.193, 138
Trd, 4319919.143, 140
Trd, 4319920.043, 128
Trd, 4319921.243, 131
Trd, 4319921.493, 75
Trd, 4319921.593, 74
Trd, 4319921.843, 133
Trd, 4319922.143, 69
Trd, 4319922.993, 111
Trd, 4319924.943, 60
Trd, 4319925.093, 64
Trd, 4319925.743, 63
Trd, 4319927.043, 65
Trd, 4319927.393, 121
Trd, 4319928.643, 112
Trd, 4319928.743, 62
Trd, 4319929.493, 62
Trd, 4319930.193, 90
Trd, 4319930.543, 89
Trd, 4319930.593, 77
Trd, 4319932.643, 62
Trd, 4319933.343, 68
Trd, 4319934.143, 99
Trd, 4319934.843, 72
Trd, 4319935.443, 72
Trd, 4319935.943, 78
Trd, 4319936.343, 75
Trd, 4319937.593, 92
Trd, 4319938.043, 137
Trd, 4319939.243, 111
Trd, 4319939.343, 92
Trd, 4319940.343, 132
Trd, 4319940.843, 128
Trd, 4319941.743, 61
Trd, 4319942.843, 61
Trd, 4319943.343, 70
Trd, 4319943.793, 63
Trd, 4319944.193, 63
Trd, 4319945.593, 62
Trd, 4319946.693, 79
Trd, 4319948.093, 77
Trd, 4319948.393, 77
Trd, 4319948.693, 75
Trd, 4319948.843, 116
Trd, 4319949.193, 133
Trd, 4319950.243, 62
Trd, 4319951.193, 78
Trd, 4319951.993, 97
Trd, 4319952.293, 96
Trd, 4319952.493, 60
Trd, 4319953.043, 81
Trd, 4319953.343, 136
Trd, 4319955.643, 64
Trd, 4319955.893, 65
Trd, 4319956.643, 63
Trd, 4319958.193, 61
Trd, 4319958.843, 62
Trd, 4319959.893, 62
Trd, 4319960.493, 63
Trd, 4319960.843, 66
Trd, 4319960.993, 69
Trd, 4319963.193, 130
Trd, 4319963.393, 124
Trd, 4319963.743, 124
Trd, 4319964.543, 139
Trd, 4319964.793, 138
Trd, 4319965.093, 89
Trd, 4319965.243, 86
Trd, 4319965.593, 91
Trd, 4319968.793, 136
Trd, 4319968.893, 130
Trd, 4319970.043, 140
Trd, 4319970.293, 132
Trd, 4319970.743, 132
Trd, 4319971.743, 102
Trd, 4319971.943, 101
Trd, 4319972.093, 91
Trd, 4319973.243, 137
Trd, 4319973.293, 73
Trd, 4319974.443, 81
Trd, 4319974.493, 80
Trd, 4319974.993, 75
Trd, 4319975.793, 138
Trd, 4319976.243, 109
Trd, 4319977.593, 61
Trd, 4319978.143, 135
Trd, 4319978.393, 140
Trd, 4319978.743, 134
Trd, 4319979.493, 91
Trd, 4319980.343, 132
Trd, 4319980.693, 137
Trd, 4319981.193, 112
Trd, 4319983.243, 93
Trd, 4319984.193, 120
Trd, 4319985.293, 137
Trd, 4319985.743, 130
Trd, 4319985.943, 130
Trd, 4319986.593, 130
Trd, 4319986.893, 129
Trd, 4319987.743, 116
Trd, 4319988.643, 68
Trd, 4319989.143, 76
Trd, 4319990.293, 128
Trd, 4319990.943, 140
Trd, 4319991.443, 127
Trd, 4319993.493, 137
Trd, 4319993.543, 136
Trd, 4319993.593, 125
Trd, 4319994.743, 101
Trd, 4319995.993, 102
Trd, 4319996.393, 114
Trd, 4319997.043, 140
Trd, 4319997.343, 115
Trd, 4319997.693, 102
Trd, 4319998.943, 138
Trd, 4319999.593, 130
