Trd, 4318106.643, 124
Trd, 4318106.793, 121
Trd, 4318106.893, 121
Trd, 4318107.643, 77
Trd, 4318109.143, 107
Trd, 4318110.343, 93
Trd, 4318110.793, 123
Trd, 4318111.043, 94
Trd, 4318111.293, 93
Trd, 4318111.643, 92
Trd, 4318112.443, 92
Trd, 4318114.043, 111
Trd, 4318116.193, 107
Trd, 4318116.543, 121
Trd, 4318116.993, 102
Trd, 4318117.343, 97
Trd, 4318117.743, 96
Trd, 4318119.193, 60
Trd, 4318119.743, 62
Trd, 4318120.643, 69
Trd, 4318121.843, 68
Trd, 4318121.893, 67
Trd, 4318122.843, 137
Trd, 4318122.993, 133
Trd, 4318123.043, 66
Trd, 4318123.343, 67
Trd, 4318124.243, 70
Trd, 4318125.743, 70
Trd, 4318126.443, 69
Trd, 4318126.643, 68
Trd, 4318126.693, 68
Trd, 4318127.443, 86
Trd, 4318127.993, 140
Trd, 4318128.143, 82
Trd, 4318129.593, 80
Trd, 4318130.893, 64
Trd, 4318132.393, 62
Trd, 4318133.793, 62
Trd, 4318133.843, 78
Trd, 4318134.143, 60
Trd, 4318134.843, 66
Trd, 4318135.293, 92
Trd, 4318136.443, 92
Trd, 4318136.743, 89
Trd, 4318137.393, 88
Trd, 4318137.993, 90
Trd, 4318138.543, 91
Trd, 4318138.593, 90
Trd, 4318139.193, 140
Trd, 4318139.393, 129
Trd, 4318142.193, 72
Trd, 4318142.443, 78
Trd, 4318143.243, 77
Trd, 4318144.443, 78
Trd, 4318144.643, 73
Trd, 4318145.143, 123
Trd, 4318146.743, 79
Trd, 4318146.843, 77
Trd, 4318147.143, 76
Trd, 4318147.743, 80
Trd, 4318148.543, 80
Trd, 4318148.893, 91
Trd, 4318149.293, 137
Trd, 4318149.843, 137
Trd, 4318150.843, 138
Trd, 4318151.243, 139
Trd, 4318151.843, 133
Trd, 4318152.143, 132
Trd, 4318152.343, 114
Trd, 4318153.093, 60
Trd, 4318156.593, 62
Trd, 4318157.743, 62
Trd, 4318158.593, 60
Trd, 4318158.993, 64
Trd, 4318159.743, 70
Trd, 4318160.093, 68
Trd, 4318161.193, 75
Trd, 4318161.493, 75
Trd, 4318162.593, 81
Trd, 4318162.743, 71
Trd, 4318163.443, 112
Trd, 4318163.893, 107
Trd, 4318163.993, 104
Trd, 4318164.943, 125
Trd, 4318167.443, 66
Trd, 4318168.243, 67
Trd, 4318168.443, 66
Trd, 4318169.393, 65
Trd, 4318169.643, 65
Trd, 4318170.643, 66
Trd, 4318172.293, 64
Trd, 4318175.093, 63
Trd, 4318175.343, 73
Trd, 4318175.693, 63
Trd, 4318176.493, 66
Trd, 4318177.443, 76
Trd, 4318177.643, 90
Trd, 4318177.693, 113
Trd, 4318178.093, 70
Trd, 4318178.343, 70
Trd, 4318180.443, 100
Trd, 4318180.643, 74
Trd, 4318181.793, 60
Trd, 4318182.293, 61
Trd, 4318182.393, 62
Trd, 4318182.843, 139
Trd, 4318185.143, 72
Trd, 4318185.393, 136
Trd, 4318187.643, 128
Trd, 4318188.293, 63
Trd, 4318191.393, 62
Trd, 4318191.593, 62
Trd, 4318191.843, 61
Trd, 4318192.343, 64
Trd, 4318192.943, 98
Trd, 4318193.543, 139
Trd, 4318193.893, 131
Trd, 4318194.343, 108
Trd, 4318194.893, 96
Trd, 4318195.093, 95
Trd, 4318195.243, 94
Trd, 4318196.943, 60
Trd, 4318198.293, 65
Trd, 4318199.293, 66
Trd, 4318199.793, 73
Trd, 4318200.193, 70
Trd, 4318201.093, 71
Trd, 4318203.243, 75
Trd, 4318203.893, 75
Trd, 4318204.293, 97
Trd, 4318205.143, 80
Trd, 4318205.343, 78
Trd, 4318205.893, 98
Trd, 4318206.043, 81
Trd, 4318206.943, 136
Trd, 4318207.293, 134
Trd, 4318207.543, 133
Trd, 4318207.693, 126
Trd, 4318209.543, 60
Trd, 4318210.393, 135
Trd, 4318210.493, 132
Trd, 4318211.143, 131
Trd, 4318213.643, 63
Trd, 4318214.843, 70
Trd, 4318216.143, 72
Trd, 4318216.343, 69
Trd, 4318216.643, 88
Trd, 4318216.893, 107
Trd, 4318218.943, 113
Trd, 4318219.243, 110
Trd, 4318219.693, 119
Trd, 4318220.143, 120
Trd, 4318220.693, 138
Trd, 4318220.743, 116
Trd, 4318221.543, 67
Trd, 4318224.093, 60
Trd, 4318225.693, 60
Trd, 4318225.793, 60
Trd, 4318226.493, 69
Trd, 4318227.593, 70
Trd, 4318227.643, 84
Trd, 4318227.893, 127
Trd, 4318227.943, 126
Trd, 4318228.843, 110
Trd, 4318229.543, 109
Trd, 4318229.643, 105
Trd, 4318230.243, 67
Trd, 4318233.243, 74
Trd, 4318233.893, 101
Trd, 4318234.843, 83
Trd, 4318235.193, 105
Trd, 4318235.293, 83
Trd, 4318236.793, 63
Trd, 4318237.143, 74
Trd, 4318237.243, 62
Trd, 4318237.893, 135
Trd, 4318238.043, 131
Trd, 4318238.193, 126
Trd, 4318239.993, 122
Trd, 4318241.143, 73
Trd, 4318241.193, 72
Trd, 4318241.293, 73
Trd, 4318241.543, 74
Trd, 4318242.693, 110
Trd, 4318244.893, 71
Trd, 4318245.393, 71
Trd, 4318245.843, 75
Trd, 4318246.043, 73
Trd, 4318246.143, 79
Trd, 4318246.543, 140
Trd, 4318247.193, 138
Trd, 4318247.743, 131
Trd, 4318249.043, 91
Trd, 4318249.543, 136
Trd, 4318249.693, 129
Trd, 4318249.843, 128
Trd, 4318250.893, 92
Trd, 4318251.843, 90
Trd, 4318253.443, 91
Trd, 4318253.593, 90
Trd, 4318253.793, 89
Trd, 4318254.443, 89
Trd, 4318254.943, 129
Trd, 4318255.543, 126
Trd, 4318255.993, 119
Trd, 4318256.143, 112
Trd, 4318256.543, 111
Trd, 4318258.193, 60
Trd, 4318258.693, 90
Trd, 4318261.343, 60
Trd, 4318261.843, 63
Trd, 4318262.843, 94
Trd, 4318263.293, 72
Trd, 4318264.493, 76
Trd, 4318265.193, 76
Trd, 4318265.693, 79
Trd, 4318266.393, 76
Trd, 4318266.443, 111
Trd, 4318267.693, 123
Trd, 4318268.093, 123
Trd, 4318268.243, 124
Trd, 4318269.393, 124
Trd, 4318269.443, 123
Trd, 4318269.793, 122
Trd, 4318270.643, 121
Trd, 4318270.793, 119
Trd, 4318271.743, 140
Trd, 4318272.893, 136
Trd, 4318273.143, 129
Trd, 4318273.643, 115
Trd, 4318273.793, 86
Trd, 4318276.393, 60
Trd, 4318276.543, 61
Trd, 4318278.093, 64
Trd, 4318278.543, 91
Trd, 4318279.293, 86
Trd, 4318279.593, 78
Trd, 4318281.143, 77
Trd, 4318282.743, 87
Trd, 4318283.343, 83
Trd, 4318283.393, 82
Trd, 4318283.693, 90
Trd, 4318284.343, 133
Trd, 4318284.593, 84
Trd, 4318285.993, 90
Trd, 4318286.943, 99
Trd, 4318287.793, 96
Trd, 4318288.043, 98
Trd, 4318288.693, 98
Trd, 4318290.043, 134
Trd, 4318290.243, 103
Trd, 4318290.843, 99
Trd, 4318292.643, 104
Trd, 4318292.743, 113
Trd, 4318293.593, 121
Trd, 4318293.993, 103
Trd, 4318294.393, 101
Trd, 4318295.643, 139
Trd, 4318296.143, 131
Trd, 4318297.593, 97
Trd, 4318297.743, 96
Trd, 4318299.543, 134
Trd, 4318300.693, 133
Trd, 4318300.843, 103
Trd, 4318300.943, 94
Trd, 4318301.193, 92
Trd, 4318302.643, 61
Trd, 4318304.593, 64
Trd, 4318304.993, 68
Trd, 4318305.893, 63
Trd, 4318307.793, 69
Trd, 4318307.893, 67
Trd, 4318308.243, 66
Trd, 4318309.343, 67
Trd, 4318309.543, 69
Trd, 4318310.193, 75
Trd, 4318311.343, 75
Trd, 4318312.593, 99
Trd, 4318312.893, 96
Trd, 4318313.043, 103
Trd, 4318313.093, 94
Trd, 4318315.743, 60
Trd, 4318316.393, 60
Trd, 4318318.393, 66
Trd, 4318318.693, 65
Trd, 4318319.093, 66
Trd, 4318319.693, 73
Trd, 4318319.793, 113
Trd, 4318320.493, 76
Trd, 4318320.693, 75
Trd, 4318321.943, 114
Trd, 4318322.443, 76
Trd, 4318322.643, 71
Trd, 4318323.043, 61
Trd, 4318325.393, 61
Trd, 4318328.943, 60
Trd, 4318329.043, 60
Trd, 4318329.493, 61
Trd, 4318329.993, 63
Trd, 4318330.093, 76
Trd, 4318330.543, 67
Trd, 4318331.093, 101
Trd, 4318331.443, 69
Trd, 4318331.993, 71
Trd, 4318332.093, 69
Trd, 4318333.093, 100
Trd, 4318334.343, 79
Trd, 4318334.993, 77
Trd, 4318335.243, 82
Trd, 4318336.593, 77
Trd, 4318336.743, 78
Trd, 4318337.043, 77
Trd, 4318339.043, 62
Trd, 4318339.393, 78
Trd, 4318340.993, 64
Trd, 4318342.143, 60
Trd, 4318342.643, 60
Trd, 4318343.543, 67
Trd, 4318343.943, 70
Trd, 4318344.443, 70
Trd, 4318344.493, 91
Trd, 4318345.993, 140
Trd, 4318346.193, 140
Trd, 4318346.243, 140
Trd, 4318346.593, 140
Trd, 4318346.793, 131
Trd, 4318347.293, 120
Trd, 4318348.393, 133
Trd, 4318348.793, 133
Trd, 4318349.593, 111
Trd, 4318350.193, 129
Trd, 4318350.843, 140
Trd, 4318350.893, 140
Trd, 4318352.243, 135
Trd, 4318353.243, 135
Trd, 4318353.693, 132
Trd, 4318354.043, 126
Trd, 4318354.193, 122
Trd, 4318357.093, 71
Trd, 4318357.443, 77
Trd, 4318357.993, 89
Trd, 4318358.193, 82
Trd, 4318358.493, 98
Trd, 4318359.043, 81
Trd, 4318359.543, 79
Trd, 4318360.393, 76
Trd, 4318360.943, 85
Trd, 4318361.093, 84
Trd, 4318362.193, 85
Trd, 4318362.843, 81
Trd, 4318363.643, 140
Trd, 4318365.443, 125
Trd, 4318365.593, 124
Trd, 4318365.843, 104
Trd, 4318365.993, 102
Trd, 4318366.443, 101
Trd, 4318366.543, 140
Trd, 4318368.493, 105
Trd, 4318369.393, 106
Trd, 4318369.743, 104
Trd, 4318370.643, 110
Trd, 4318371.293, 106
Trd, 4318372.593, 112
Trd, 4318372.943, 112
Trd, 4318373.343, 111
Trd, 4318373.393, 106
Trd, 4318373.793, 100
Trd, 4318374.243, 63
Trd, 4318375.293, 64
Trd, 4318375.793, 78
Trd, 4318378.243, 63
Trd, 4318378.793, 64
Trd, 4318379.093, 66
Trd, 4318379.693, 66
Trd, 4318380.693, 71
Trd, 4318380.943, 71
Trd, 4318381.193, 79
Trd, 4318381.343, 71
Trd, 4318381.643, 71
Trd, 4318384.093, 71
Trd, 4318385.043, 60
Trd, 4318386.293, 66
Trd, 4318387.093, 140
Trd, 4318387.493, 138
Trd, 4318387.543, 137
Trd, 4318388.443, 129
Trd, 4318388.593, 128
Trd, 4318389.193, 76
Trd, 4318389.593, 62
Trd, 4318391.593, 62
Trd, 4318394.093, 63
Trd, 4318394.143, 65
Trd, 4318394.343, 62
Trd, 4318394.893, 68
Trd, 4318395.843, 109
Trd, 4318397.043, 102
Trd, 4318397.193, 126
Trd, 4318397.543, 102
Trd, 4318397.843, 101
Trd, 4318397.893, 100
Trd, 4318398.743, 98
Trd, 4318399.443, 96
Trd, 4318399.693, 95
Trd, 4318399.743, 94
Trd, 4318400.443, 136
Trd, 4318400.993, 137
Trd, 4318401.793, 133
Trd, 4318402.943, 64
Trd, 4318403.143, 60
Trd, 4318407.543, 65
Trd, 4318407.643, 120
Trd, 4318407.893, 68
Trd, 4318408.793, 71
Trd, 4318409.093, 107
Trd, 4318409.993, 76
Trd, 4318410.143, 76
Trd, 4318410.193, 75
Trd, 4318411.493, 63
Trd, 4318413.843, 62
Trd, 4318414.443, 60
Trd, 4318415.543, 102
Trd, 4318415.843, 60
Trd, 4318416.293, 109
Trd, 4318416.493, 62
Trd, 4318418.443, 70
Trd, 4318418.893, 77
Trd, 4318419.243, 72
Trd, 4318419.543, 73
Trd, 4318420.293, 70
Trd, 4318423.893, 64
Trd, 4318424.843, 72
Trd, 4318425.143, 66
Trd, 4318425.243, 87
Trd, 4318425.443, 90
Trd, 4318425.493, 64
Trd, 4318425.893, 62
Trd, 4318427.743, 71
Trd, 4318428.943, 75
Trd, 4318429.143, 83
Trd, 4318429.293, 76
Trd, 4318429.893, 75
Trd, 4318430.693, 80
Trd, 4318430.943, 76
Trd, 4318432.243, 78
Trd, 4318432.543, 83
Trd, 4318434.393, 139
Trd, 4318434.993, 90
Trd, 4318435.093, 89
Trd, 4318435.493, 92
Trd, 4318435.543, 89
Trd, 4318436.193, 91
Trd, 4318436.293, 87
Trd, 4318437.343, 83
Trd, 4318438.043, 122
Trd, 4318438.543, 140
Trd, 4318439.593, 107
Trd, 4318440.093, 109
Trd, 4318441.043, 105
Trd, 4318441.493, 107
Trd, 4318441.893, 100
Trd, 4318442.793, 61
Trd, 4318444.143, 83
Trd, 4318444.343, 95
Trd, 4318446.293, 64
Trd, 4318446.743, 73
Trd, 4318447.043, 71
Trd, 4318448.393, 78
Trd, 4318449.493, 83
Trd, 4318449.993, 85
Trd, 4318450.293, 84
Trd, 4318450.893, 140
Trd, 4318451.043, 84
Trd, 4318451.243, 83
Trd, 4318451.293, 82
Trd, 4318451.793, 85
Trd, 4318452.443, 81
Trd, 4318453.493, 110
Trd, 4318453.793, 109
Trd, 4318454.393, 110
Trd, 4318455.043, 108
Trd, 4318455.693, 113
Trd, 4318456.893, 103
Trd, 4318457.393, 103
Trd, 4318458.243, 99
Trd, 4318458.843, 126
Trd, 4318459.243, 99
Trd, 4318459.693, 140
Trd, 4318460.593, 102
Trd, 4318460.693, 99
Trd, 4318461.893, 127
Trd, 4318462.793, 140
Trd, 4318463.493, 104
Trd, 4318464.593, 112
Trd, 4318465.443, 104
Trd, 4318465.593, 101
Trd, 4318466.043, 100
Trd, 4318466.243, 99
Trd, 4318467.743, 109
Trd, 4318468.593, 139
Trd, 4318468.643, 138
Trd, 4318469.293, 135
Trd, 4318470.143, 132
Trd, 4318470.443, 128
Trd, 4318470.543, 135
Trd, 4318473.593, 62
Trd, 4318474.043, 60
Trd, 4318475.443, 62
Trd, 4318476.693, 62
Trd, 4318476.793, 70
Trd, 4318477.343, 109
Trd, 4318477.643, 71
Trd, 4318478.693, 73
Trd, 4318478.993, 112
Trd, 4318479.593, 77
Trd, 4318480.393, 81
Trd, 4318480.893, 77
Trd, 4318480.993, 76
Trd, 4318481.243, 140
Trd, 4318481.293, 131
Trd, 4318483.343, 119
Trd, 4318483.543, 116
Trd, 4318484.243, 112
Trd, 4318484.343, 111
Trd, 4318486.393, 60
Trd, 4318487.993, 87
Trd, 4318490.743, 60
Trd, 4318490.843, 61
Trd, 4318491.093, 62
Trd, 4318491.943, 61
Trd, 4318492.543, 62
Trd, 4318492.793, 61
Trd, 4318493.693, 60
Trd, 4318494.993, 91
Trd, 4318496.293, 67
Trd, 4318496.643, 79
Trd, 4318497.293, 88
Trd, 4318497.393, 73
Trd, 4318498.243, 72
Trd, 4318498.293, 71
Trd, 4318499.793, 139
Trd, 4318500.143, 131
Trd, 4318500.793, 127
Trd, 4318501.993, 70
Trd, 4318504.343, 60
Trd, 4318504.843, 61
Trd, 4318505.393, 97
Trd, 4318506.093, 104
Trd, 4318506.243, 82
Trd, 4318506.443, 76
Trd, 4318507.943, 130
Trd, 4318508.093, 128
Trd, 4318508.143, 125
Trd, 4318508.193, 121
Trd, 4318509.043, 140
Trd, 4318509.093, 135
Trd, 4318510.143, 119
Trd, 4318510.793, 112
Trd, 4318511.893, 105
Trd, 4318513.143, 137
Trd, 4318513.343, 90
Trd, 4318513.443, 89
Trd, 4318514.593, 72
Trd, 4318515.543, 69
Trd, 4318516.293, 69
Trd, 4318517.343, 90
Trd, 4318518.443, 99
Trd, 4318519.043, 104
Trd, 4318519.143, 98
Trd, 4318520.243, 98
Trd, 4318521.493, 98
Trd, 4318521.793, 98
Trd, 4318524.093, 99
Trd, 4318524.343, 95
Trd, 4318524.643, 129
Trd, 4318526.193, 100
Trd, 4318526.793, 131
Trd, 4318526.993, 102
Trd, 4318527.343, 98
Trd, 4318528.393, 140
Trd, 4318528.543, 139
Trd, 4318528.943, 138
Trd, 4318528.993, 136
Trd, 4318529.293, 131
Trd, 4318529.943, 138
Trd, 4318530.643, 95
Trd, 4318531.093, 96
Trd, 4318532.943, 135
Trd, 4318534.643, 62
Trd, 4318535.193, 80
Trd, 4318535.893, 64
Trd, 4318537.393, 70
Trd, 4318537.893, 72
Trd, 4318538.593, 72
Trd, 4318538.993, 71
Trd, 4318539.293, 69
Trd, 4318540.593, 69
Trd, 4318540.893, 69
Trd, 4318541.393, 71
Trd, 4318542.293, 104
Trd, 4318543.043, 110
Trd, 4318543.293, 110
Trd, 4318543.393, 109
Trd, 4318543.443, 107
Trd, 4318544.393, 106
Trd, 4318546.143, 140
Trd, 4318546.693, 137
Trd, 4318546.793, 136
Trd, 4318547.093, 123
Trd, 4318547.893, 111
Trd, 4318548.043, 105
Trd, 4318548.493, 63
Trd, 4318549.743, 64
Trd, 4318552.493, 95
Trd, 4318552.543, 80
Trd, 4318552.643, 79
Trd, 4318553.243, 140
Trd, 4318553.693, 140
Trd, 4318554.093, 98
Trd, 4318554.393, 79
Trd, 4318555.643, 112
Trd, 4318555.843, 111
Trd, 4318556.143, 110
Trd, 4318556.743, 106
Trd, 4318557.443, 102
Trd, 4318557.593, 108
Trd, 4318558.293, 140
Trd, 4318558.943, 133
Trd, 4318561.193, 133
Trd, 4318561.243, 131
Trd, 4318561.743, 109
Trd, 4318561.943, 107
Trd, 4318563.143, 104
Trd, 4318564.293, 130
Trd, 4318564.543, 126
Trd, 4318565.043, 112
Trd, 4318565.293, 105
Trd, 4318565.993, 101
Trd, 4318566.393, 100
Trd, 4318567.843, 137
Trd, 4318567.943, 134
Trd, 4318568.343, 128
Trd, 4318568.793, 126
Trd, 4318569.193, 122
Trd, 4318569.793, 122
Trd, 4318570.143, 118
Trd, 4318570.893, 71
Trd, 4318573.743, 62
Trd, 4318575.593, 60
Trd, 4318575.743, 62
Trd, 4318576.993, 61
Trd, 4318577.493, 64
Trd, 4318578.143, 62
Trd, 4318578.393, 66
Trd, 4318579.543, 74
Trd, 4318580.093, 72
Trd, 4318580.443, 71
Trd, 4318580.843, 90
Trd, 4318580.893, 67
Trd, 4318582.643, 69
Trd, 4318583.293, 120
Trd, 4318585.243, 63
Trd, 4318585.443, 62
Trd, 4318587.593, 74
Trd, 4318587.693, 64
Trd, 4318587.843, 79
Trd, 4318588.693, 63
Trd, 4318588.793, 63
Trd, 4318589.943, 64
Trd, 4318590.793, 66
Trd, 4318591.093, 72
Trd, 4318591.193, 71
Trd, 4318591.743, 138
Trd, 4318592.043, 64
Trd, 4318592.243, 118
Trd, 4318595.043, 61
Trd, 4318595.543, 83
Trd, 4318596.593, 62
Trd, 4318597.143, 69
Trd, 4318597.193, 67
Trd, 4318598.293, 66
Trd, 4318598.493, 62
Trd, 4318599.743, 60
Trd, 4318599.993, 84
Trd, 4318600.143, 61
Trd, 4318601.643, 63
Trd, 4318601.743, 60
Trd, 4318602.493, 67
Trd, 4318605.293, 78
Trd, 4318605.493, 77
Trd, 4318605.543, 83
Trd, 4318606.693, 77
Trd, 4318607.293, 96
Trd, 4318607.443, 94
Trd, 4318608.343, 96
Trd, 4318610.193, 105
Trd, 4318610.393, 103
Trd, 4318610.693, 103
Trd, 4318610.843, 98
Trd, 4318611.043, 93
Trd, 4318612.993, 75
Trd, 4318613.143, 72
Trd, 4318613.493, 84
Trd, 4318613.893, 73
Trd, 4318614.243, 62
Trd, 4318616.843, 76
Trd, 4318618.693, 62
Trd, 4318618.793, 80
Trd, 4318619.693, 67
Trd, 4318620.593, 64
Trd, 4318621.093, 67
Trd, 4318621.693, 69
Trd, 4318622.643, 93
Trd, 4318623.543, 103
Trd, 4318624.243, 80
Trd, 4318624.943, 88
Trd, 4318625.093, 79
Trd, 4318625.443, 79
Trd, 4318626.943, 81
Trd, 4318627.093, 78
Trd, 4318627.693, 78
Trd, 4318627.893, 78
Trd, 4318628.593, 139
Trd, 4318628.993, 139
Trd, 4318629.543, 133
Trd, 4318630.643, 136
Trd, 4318631.493, 131
Trd, 4318631.793, 117
Trd, 4318631.893, 98
Trd, 4318633.743, 62
Trd, 4318634.093, 67
Trd, 4318636.443, 63
Trd, 4318639.193, 60
Trd, 4318639.493, 61
Trd, 4318640.343, 64
Trd, 4318640.993, 83
Trd, 4318641.693, 76
Trd, 4318643.143, 84
Trd, 4318643.493, 91
Trd, 4318643.793, 85
Trd, 4318644.393, 109
Trd, 4318644.843, 91
Trd, 4318645.143, 91
Trd, 4318645.293, 88
Trd, 4318645.693, 87
Trd, 4318645.893, 83
Trd, 4318646.193, 81
Trd, 4318646.743, 140
Trd, 4318647.543, 135
Trd, 4318648.443, 139
Trd, 4318648.593, 138
Trd, 4318649.093, 74
Trd, 4318649.493, 124
Trd, 4318651.193, 125
Trd, 4318651.593, 125
Trd, 4318652.293, 123
Trd, 4318652.543, 122
Trd, 4318652.593, 119
Trd, 4318652.793, 116
Trd, 4318652.993, 139
Trd, 4318654.993, 86
Trd, 4318655.193, 69
Trd, 4318656.243, 137
Trd, 4318657.393, 66
Trd, 4318658.593, 76
Trd, 4318659.393, 78
Trd, 4318659.593, 81
Trd, 4318660.243, 81
Trd, 4318661.243, 84
Trd, 4318661.393, 82
Trd, 4318662.093, 82
Trd, 4318662.343, 81
Trd, 4318662.443, 80
Trd, 4318663.493, 138
Trd, 4318664.293, 131
Trd, 4318664.593, 129
Trd, 4318666.043, 140
Trd, 4318666.293, 140
Trd, 4318666.943, 140
Trd, 4318667.993, 140
Trd, 4318668.693, 140
Trd, 4318668.793, 136
Trd, 4318669.143, 128
Trd, 4318669.893, 96
Trd, 4318670.393, 94
Trd, 4318671.143, 94
Trd, 4318671.843, 140
Trd, 4318672.143, 139
Trd, 4318672.543, 137
Trd, 4318672.643, 135
Trd, 4318673.893, 78
Trd, 4318673.993, 77
Trd, 4318674.593, 88
Trd, 4318674.843, 82
Trd, 4318675.943, 73
Trd, 4318677.643, 61
Trd, 4318678.443, 67
Trd, 4318678.943, 65
Trd, 4318680.043, 72
Trd, 4318681.643, 82
Trd, 4318681.693, 81
Trd, 4318681.993, 81
Trd, 4318682.243, 75
Trd, 4318683.693, 74
Trd, 4318685.693, 140
Trd, 4318685.943, 140
Trd, 4318686.593, 139
Trd, 4318687.093, 132
Trd, 4318687.443, 78
Trd, 4318688.343, 112
Trd, 4318690.093, 61
Trd, 4318691.193, 64
Trd, 4318693.243, 61
Trd, 4318693.293, 64
Trd, 4318693.943, 68
Trd, 4318694.893, 75
Trd, 4318695.143, 76
Trd, 4318695.993, 86
Trd, 4318696.143, 84
Trd, 4318696.343, 73
Trd, 4318697.093, 106
Trd, 4318697.493, 86
Trd, 4318698.043, 135
Trd, 4318698.593, 82
Trd, 4318698.843, 78
Trd, 4318700.043, 78
Trd, 4318700.343, 124
Trd, 4318702.143, 121
Trd, 4318702.293, 120
Trd, 4318703.443, 121
Trd, 4318703.543, 120
Trd, 4318703.593, 119
Trd, 4318703.893, 117
Trd, 4318705.443, 140
Trd, 4318705.543, 140
Trd, 4318705.943, 114
Trd, 4318706.993, 107
Trd, 4318707.293, 107
Trd, 4318707.793, 102
Trd, 4318708.693, 139
Trd, 4318709.793, 134
Trd, 4318709.893, 133
Trd, 4318711.143, 127
Trd, 4318712.343, 107
Trd, 4318712.943, 135
Trd, 4318713.143, 108
Trd, 4318715.293, 61
Trd, 4318715.943, 66
Trd, 4318716.193, 62
Trd, 4318717.343, 66
Trd, 4318717.743, 77
Trd, 4318717.893, 66
Trd, 4318720.093, 76
Trd, 4318720.243, 75
Trd, 4318720.893, 74
Trd, 4318720.943, 73
Trd, 4318721.343, 138
Trd, 4318721.693, 71
Trd, 4318723.093, 67
Trd, 4318723.293, 65
Trd, 4318725.193, 85
Trd, 4318725.593, 77
Trd, 4318726.243, 135
Trd, 4318726.743, 119
Trd, 4318727.493, 100
Trd, 4318727.743, 95
Trd, 4318728.743, 72
Trd, 4318730.143, 64
Trd, 4318730.493, 67
Trd, 4318730.843, 67
Trd, 4318732.293, 75
Trd, 4318733.093, 71
Trd, 4318734.093, 93
Trd, 4318734.443, 79
Trd, 4318735.143, 80
Trd, 4318735.393, 80
Trd, 4318736.493, 82
Trd, 4318736.793, 87
Trd, 4318737.693, 140
Trd, 4318738.743, 140
Trd, 4318739.593, 140
Trd, 4318739.793, 137
Trd, 4318740.243, 131
Trd, 4318741.793, 131
Trd, 4318742.193, 124
Trd, 4318742.443, 124
Trd, 4318743.043, 123
Trd, 4318743.193, 117
Trd, 4318744.193, 111
Trd, 4318744.243, 110
Trd, 4318745.393, 110
Trd, 4318746.543, 100
Trd, 4318746.643, 98
Trd, 4318747.543, 115
Trd, 4318748.543, 116
Trd, 4318748.893, 111
Trd, 4318749.993, 108
Trd, 4318750.043, 107
Trd, 4318752.943, 61
Trd, 4318753.743, 72
Trd, 4318753.893, 96
Trd, 4318754.243, 98
Trd, 4318755.393, 75
Trd, 4318755.993, 75
Trd, 4318756.493, 76
Trd, 4318756.543, 74
Trd, 4318756.893, 82
Trd, 4318758.243, 74
Trd, 4318759.243, 76
Trd, 4318759.443, 76
Trd, 4318761.043, 88
Trd, 4318761.443, 138
Trd, 4318762.193, 91
Trd, 4318762.693, 89
Trd, 4318763.343, 91
Trd, 4318763.493, 89
Trd, 4318763.843, 86
Trd, 4318764.143, 94
Trd, 4318765.143, 90
Trd, 4318765.643, 90
Trd, 4318766.393, 90
Trd, 4318766.843, 87
Trd, 4318767.143, 80
Trd, 4318768.693, 107
Trd, 4318769.993, 75
Trd, 4318770.443, 67
Trd, 4318770.493, 65
Trd, 4318770.593, 64
Trd, 4318771.393, 60
Trd, 4318772.543, 65
Trd, 4318773.493, 79
Trd, 4318774.643, 73
Trd, 4318775.543, 74
Trd, 4318775.743, 73
Trd, 4318776.093, 72
Trd, 4318776.543, 68
Trd, 4318777.493, 76
Trd, 4318777.593, 75
Trd, 4318777.743, 107
Trd, 4318778.893, 79
Trd, 4318779.743, 75
Trd, 4318781.943, 83
Trd, 4318782.343, 90
Trd, 4318782.493, 88
Trd, 4318782.743, 140
Trd, 4318782.893, 139
Trd, 4318783.093, 84
Trd, 4318784.143, 84
Trd, 4318784.493, 110
Trd, 4318785.543, 68
Trd, 4318786.593, 73
Trd, 4318787.893, 96
Trd, 4318789.443, 101
Trd, 4318790.443, 101
Trd, 4318790.643, 100
Trd, 4318791.143, 103
Trd, 4318791.543, 140
Trd, 4318792.543, 137
Trd, 4318793.493, 133
Trd, 4318794.393, 134
Trd, 4318794.643, 133
Trd, 4318794.693, 129
Trd, 4318795.043, 123
Trd, 4318796.193, 105
Trd, 4318797.293, 140
Trd, 4318797.743, 140
Trd, 4318798.143, 136
Trd, 4318798.193, 112
Trd, 4318798.593, 110
Trd, 4318800.743, 70
Trd, 4318801.043, 138
Trd, 4318802.993, 108
Trd, 4318803.093, 66
Trd, 4318803.993, 74
Trd, 4318806.493, 92
Trd, 4318806.743, 86
Trd, 4318807.143, 89
Trd, 4318807.193, 89
Trd, 4318808.293, 94
Trd, 4318808.343, 93
Trd, 4318808.893, 94
Trd, 4318809.143, 93
Trd, 4318809.743, 86
Trd, 4318810.093, 90
Trd, 4318811.693, 77
Trd, 4318815.193, 61
Trd, 4318815.643, 64
Trd, 4318815.693, 74
Trd, 4318816.343, 70
Trd, 4318816.593, 66
Trd, 4318816.693, 74
Trd, 4318818.493, 64
Trd, 4318818.743, 66
Trd, 4318819.393, 65
Trd, 4318819.793, 65
Trd, 4318820.293, 69
Trd, 4318820.493, 138
Trd, 4318822.443, 107
Trd, 4318822.593, 107
Trd, 4318822.793, 105
Trd, 4318824.093, 104
Trd, 4318825.593, 111
Trd, 4318826.343, 110
Trd, 4318826.493, 115
Trd, 4318827.093, 109
Trd, 4318827.393, 107
Trd, 4318827.743, 100
Trd, 4318827.843, 98
Trd, 4318828.793, 61
Trd, 4318831.243, 60
Trd, 4318831.793, 63
Trd, 4318832.193, 67
Trd, 4318833.093, 71
Trd, 4318833.443, 75
Trd, 4318833.693, 70
Trd, 4318834.393, 77
Trd, 4318834.593, 73
Trd, 4318835.043, 70
Trd, 4318837.743, 66
Trd, 4318838.093, 92
Trd, 4318838.743, 67
Trd, 4318838.943, 68
Trd, 4318839.443, 65
Trd, 4318839.693, 63
Trd, 4318840.993, 138
Trd, 4318841.593, 138
Trd, 4318841.693, 138
Trd, 4318843.193, 119
Trd, 4318844.093, 140
Trd, 4318844.793, 81
Trd, 4318845.643, 139
Trd, 4318846.443, 81
Trd, 4318846.493, 80
Trd, 4318847.893, 86
Trd, 4318848.093, 85
Trd, 4318848.393, 77
Trd, 4318851.243, 60
Trd, 4318851.943, 63
Trd, 4318852.843, 60
Trd, 4318853.193, 62
Trd, 4318855.493, 64
Trd, 4318856.943, 72
Trd, 4318857.043, 71
Trd, 4318857.993, 75
Trd, 4318858.843, 68
Trd, 4318859.393, 66
Trd, 4318860.293, 66
Trd, 4318861.693, 71
Trd, 4318861.993, 94
Trd, 4318862.393, 70
Trd, 4318863.043, 69
Trd, 4318863.493, 69
Trd, 4318863.643, 68
Trd, 4318864.243, 62
Trd, 4318865.043, 65
Trd, 4318868.143, 65
Trd, 4318868.193, 97
Trd, 4318869.093, 92
Trd, 4318869.243, 69
Trd, 4318870.143, 71
Trd, 4318870.443, 71
Trd, 4318870.593, 84
Trd, 4318871.293, 81
Trd, 4318871.643, 77
Trd, 4318872.593, 70
Trd, 4318873.293, 71
Trd, 4318874.093, 73
Trd, 4318874.593, 72
Trd, 4318876.443, 63
Trd, 4318877.293, 65
Trd, 4318877.543, 65
Trd, 4318878.393, 81
Trd, 4318878.893, 82
Trd, 4318879.243, 101
Trd, 4318880.143, 86
Trd, 4318880.643, 88
Trd, 4318881.143, 88
Trd, 4318881.593, 87
Trd, 4318882.093, 86
Trd, 4318882.193, 82
Trd, 4318882.693, 70
Trd, 4318883.593, 129
Trd, 4318883.893, 131
Trd, 4318884.893, 87
Trd, 4318886.593, 64
Trd, 4318887.093, 139
Trd, 4318887.393, 134
Trd, 4318887.543, 131
Trd, 4318888.943, 66
Trd, 4318889.643, 68
Trd, 4318890.593, 124
Trd, 4318891.093, 68
Trd, 4318891.693, 77
Trd, 4318892.493, 79
Trd, 4318893.243, 79
Trd, 4318893.443, 78
Trd, 4318893.993, 77
Trd, 4318894.193, 83
Trd, 4318894.543, 76
Trd, 4318895.293, 78
Trd, 4318895.993, 78
Trd, 4318896.493, 97
Trd, 4318896.693, 105
Trd, 4318896.893, 79
Trd, 4318896.943, 78
Trd, 4318898.393, 80
Trd, 4318898.493, 79
Trd, 4318899.293, 92
Trd, 4318900.243, 82
Trd, 4318900.743, 85
Trd, 4318903.643, 132
Trd, 4318903.993, 132
Trd, 4318904.043, 129
Trd, 4318904.093, 129
Trd, 4318904.393, 127
Trd, 4318904.443, 119
Trd, 4318904.793, 140
Trd, 4318904.893, 120
Trd, 4318906.493, 102
Trd, 4318906.793, 100
Trd, 4318908.093, 75
Trd, 4318908.493, 72
Trd, 4318909.093, 73
Trd, 4318909.193, 134
Trd, 4318909.493, 131
Trd, 4318909.643, 127
Trd, 4318909.743, 71
Trd, 4318912.193, 98
Trd, 4318913.543, 63
Trd, 4318913.593, 65
Trd, 4318915.993, 69
Trd, 4318916.243, 70
Trd, 4318916.343, 75
Trd, 4318916.643, 69
Trd, 4318917.443, 70
Trd, 4318917.493, 123
Trd, 4318918.893, 75
Trd, 4318919.143, 76
Trd, 4318919.493, 75
Trd, 4318919.593, 73
Trd, 4318921.843, 60
Trd, 4318923.293, 60
Trd, 4318923.393, 60
Trd, 4318924.343, 68
Trd, 4318924.993, 70
Trd, 4318925.643, 80
Trd, 4318925.893, 83
Trd, 4318925.993, 73
Trd, 4318926.543, 131
Trd, 4318927.893, 76
Trd, 4318929.443, 80
Trd, 4318929.993, 81
Trd, 4318930.643, 118
Trd, 4318931.593, 100
Trd, 4318932.443, 99
Trd, 4318933.593, 140
Trd, 4318933.693, 139
Trd, 4318933.993, 135
Trd, 4318934.293, 132
Trd, 4318934.743, 132
Trd, 4318935.043, 124
Trd, 4318936.943, 70
Trd, 4318938.393, 60
Trd, 4318939.243, 61
Trd, 4318940.243, 102
Trd, 4318940.343, 120
Trd, 4318940.943, 61
Trd, 4318941.843, 66
Trd, 4318943.043, 76
Trd, 4318943.543, 79
Trd, 4318944.293, 76
Trd, 4318944.993, 139
Trd, 4318945.543, 69
Trd, 4318946.043, 78
Trd, 4318948.143, 61
Trd, 4318948.293, 67
Trd, 4318949.843, 60
Trd, 4318950.993, 69
Trd, 4318951.043, 71
Trd, 4318951.793, 71
Trd, 4318952.243, 70
Trd, 4318953.243, 125
Trd, 4318953.743, 124
Trd, 4318954.043, 122
Trd, 4318954.093, 121
Trd, 4318955.293, 63
Trd, 4318955.743, 60
Trd, 4318957.843, 71
Trd, 4318959.593, 68
Trd, 4318960.193, 61
Trd, 4318960.343, 62
Trd, 4318961.093, 71
Trd, 4318961.943, 69
Trd, 4318963.143, 74
Trd, 4318963.593, 75
Trd, 4318964.043, 76
Trd, 4318964.543, 76
Trd, 4318965.193, 86
Trd, 4318965.343, 80
Trd, 4318966.193, 86
Trd, 4318967.093, 95
Trd, 4318967.743, 94
Trd, 4318968.293, 115
Trd, 4318968.643, 93
Trd, 4318969.143, 92
Trd, 4318969.243, 90
Trd, 4318969.843, 138
Trd, 4318970.993, 61
Trd, 4318971.743, 68
Trd, 4318973.293, 64
Trd, 4318973.743, 65
Trd, 4318974.543, 68
Trd, 4318974.643, 83
Trd, 4318975.393, 79
Trd, 4318975.693, 92
Trd, 4318976.893, 75
Trd, 4318977.493, 77
Trd, 4318977.793, 75
Trd, 4318978.793, 75
Trd, 4318979.093, 74
Trd, 4318979.743, 100
Trd, 4318980.843, 127
Trd, 4318981.293, 124
Trd, 4318982.443, 104
Trd, 4318983.893, 103
Trd, 4318984.043, 104
Trd, 4318984.093, 102
Trd, 4318984.893, 101
Trd, 4318985.243, 94
Trd, 4318985.543, 82
Trd, 4318987.993, 136
Trd, 4318988.093, 135
Trd, 4318988.643, 69
Trd, 4318991.693, 61
Trd, 4318992.343, 68
Trd, 4318992.543, 71
Trd, 4318994.243, 75
Trd, 4318994.393, 69
Trd, 4318995.443, 75
Trd, 4318995.793, 74
Trd, 4318995.993, 74
Trd, 4318996.943, 78
Trd, 4318997.093, 74
Trd, 4318997.643, 72
Trd, 4318998.793, 69
Trd, 4318998.993, 104
Trd, 4318999.193, 70
Trd, 4318999.843, 69
Trd, 4319000.143, 109
Trd, 4319000.793, 68
Trd, 4319002.243, 74
Trd, 4319002.793, 89
Trd, 4319003.043, 89
Trd, 4319003.993, 79
Trd, 4319004.193, 82
Trd, 4319005.243, 71
Trd, 4319006.243, 64
Trd, 4319007.093, 60
Trd, 4319007.443, 61
Trd, 4319007.693, 75
Trd, 4319009.193, 74
Trd, 4319009.543, 75
Trd, 4319009.843, 97
Trd, 4319010.743, 101
Trd, 4319011.943, 89
Trd, 4319014.343, 138
Trd, 4319014.543, 93
Trd, 4319014.693, 91
Trd, 4319014.743, 121
Trd, 4319014.993, 91
Trd, 4319015.143, 90
Trd, 4319016.993, 116
Trd, 4319017.143, 116
Trd, 4319017.193, 114
Trd, 4319017.343, 110
Trd, 4319017.543, 90
Trd, 4319018.243, 88
Trd, 4319019.243, 83
Trd, 4319019.793, 83
Trd, 4319019.943, 84
Trd, 4319020.193, 82
Trd, 4319021.543, 140
Trd, 4319021.993, 140
Trd, 4319023.093, 140
Trd, 4319024.543, 64
Trd, 4319026.043, 61
Trd, 4319027.343, 140
Trd, 4319028.293, 140
Trd, 4319028.943, 135
Trd, 4319028.993, 134
Trd, 4319029.043, 132
Trd, 4319029.193, 131
Trd, 4319029.993, 129
Trd, 4319030.043, 92
Trd, 4319030.143, 92
Trd, 4319031.243, 88
Trd, 4319032.193, 88
Trd, 4319033.493, 140
Trd, 4319034.593, 140
Trd, 4319034.943, 140
Trd, 4319035.593, 140
Trd, 4319035.693, 139
Trd, 4319035.943, 135
Trd, 4319036.393, 133
Trd, 4319037.743, 127
Trd, 4319038.193, 123
Trd, 4319038.893, 120
Trd, 4319039.043, 93
Trd, 4319040.143, 91
Trd, 4319040.443, 100
Trd, 4319041.493, 88
Trd, 4319041.643, 88
Trd, 4319043.193, 100
Trd, 4319043.493, 99
Trd, 4319043.543, 98
Trd, 4319044.243, 93
Trd, 4319044.343, 66
Trd, 4319047.243, 64
Trd, 4319047.843, 67
Trd, 4319048.343, 64
Trd, 4319049.593, 73
Trd, 4319050.993, 92
Trd, 4319051.243, 82
Trd, 4319051.793, 86
Trd, 4319052.343, 83
Trd, 4319052.393, 81
Trd, 4319053.443, 114
Trd, 4319054.193, 111
Trd, 4319055.193, 108
Trd, 4319055.993, 107
Trd, 4319056.443, 130
Trd, 4319056.943, 102
Trd, 4319057.143, 101
Trd, 4319057.343, 99
Trd, 4319057.793, 138
Trd, 4319058.743, 100
Trd, 4319059.293, 98
Trd, 4319059.693, 99
Trd, 4319060.193, 98
Trd, 4319060.743, 98
Trd, 4319060.943, 112
Trd, 4319061.143, 97
Trd, 4319064.793, 61
Trd, 4319066.493, 60
Trd, 4319068.043, 61
Trd, 4319068.593, 69
Trd, 4319069.593, 61
Trd, 4319070.043, 68
Trd, 4319070.443, 63
Trd, 4319071.093, 64
Trd, 4319073.593, 74
Trd, 4319074.343, 73
Trd, 4319075.593, 80
Trd, 4319075.943, 80
Trd, 4319076.293, 78
Trd, 4319076.393, 78
Trd, 4319076.993, 74
Trd, 4319077.093, 74
Trd, 4319077.193, 86
Trd, 4319077.643, 133
Trd, 4319077.943, 72
Trd, 4319079.493, 62
Trd, 4319082.443, 60
Trd, 4319082.843, 65
Trd, 4319083.343, 67
Trd, 4319085.693, 84
Trd, 4319086.193, 81
Trd, 4319086.543, 80
Trd, 4319086.693, 80
Trd, 4319087.193, 82
Trd, 4319087.843, 82
Trd, 4319088.393, 81
Trd, 4319089.693, 60
Trd, 4319090.943, 62
Trd, 4319090.993, 75
Trd, 4319091.293, 87
Trd, 4319093.143, 68
Trd, 4319094.393, 60
Trd, 4319095.393, 60
Trd, 4319095.893, 62
Trd, 4319096.143, 62
Trd, 4319096.643, 68
Trd, 4319097.393, 66
Trd, 4319097.943, 62
Trd, 4319098.843, 63
Trd, 4319100.743, 61
Trd, 4319102.293, 73
Trd, 4319104.143, 60
Trd, 4319104.593, 67
Trd, 4319104.843, 60
Trd, 4319105.443, 60
Trd, 4319105.893, 65
Trd, 4319108.493, 72
Trd, 4319108.743, 110
Trd, 4319109.643, 73
Trd, 4319110.443, 70
Trd, 4319111.493, 72
Trd, 4319112.543, 74
Trd, 4319113.243, 140
Trd, 4319114.193, 113
Trd, 4319114.693, 109
Trd, 4319115.393, 102
Trd, 4319115.443, 75
Trd, 4319116.543, 62
Trd, 4319118.643, 60
Trd, 4319119.943, 64
Trd, 4319120.143, 63
Trd, 4319120.893, 85
Trd, 4319121.393, 67
Trd, 4319121.693, 66
Trd, 4319122.793, 89
Trd, 4319122.893, 86
Trd, 4319123.043, 86
Trd, 4319123.493, 96
Trd, 4319125.043, 75
Trd, 4319125.493, 140
Trd, 4319126.743, 130
Trd, 4319126.993, 126
Trd, 4319127.093, 114
Trd, 4319128.043, 76
Trd, 4319128.493, 70
Trd, 4319129.193, 68
Trd, 4319130.943, 74
Trd, 4319131.093, 73
Trd, 4319132.393, 80
Trd, 4319132.443, 82
Trd, 4319132.793, 79
Trd, 4319133.043, 112
Trd, 4319133.943, 91
Trd, 4319135.343, 91
Trd, 4319136.043, 89
Trd, 4319136.443, 106
Trd, 4319137.143, 124
Trd, 4319137.343, 104
Trd, 4319137.943, 106
Trd, 4319137.993, 105
Trd, 4319138.943, 133
Trd, 4319139.443, 111
Trd, 4319140.093, 109
Trd, 4319141.743, 140
Trd, 4319141.993, 138
Trd, 4319142.243, 135
Trd, 4319142.293, 134
Trd, 4319142.643, 97
Trd, 4319146.743, 61
Trd, 4319146.793, 66
Trd, 4319147.893, 63
Trd, 4319148.493, 71
Trd, 4319149.943, 77
Trd, 4319150.143, 77
Trd, 4319150.193, 76
Trd, 4319150.943, 75
Trd, 4319151.293, 78
Trd, 4319152.143, 76
Trd, 4319152.193, 75
Trd, 4319152.943, 117
Trd, 4319154.093, 60
Trd, 4319155.293, 62
Trd, 4319158.243, 60
Trd, 4319158.793, 66
Trd, 4319161.043, 62
Trd, 4319162.243, 71
Trd, 4319162.643, 79
Trd, 4319162.693, 76
Trd, 4319163.093, 74
Trd, 4319163.543, 85
Trd, 4319163.643, 87
Trd, 4319163.693, 109
Trd, 4319164.643, 79
Trd, 4319165.093, 95
Trd, 4319165.293, 77
Trd, 4319166.243, 78
Trd, 4319166.793, 85
Trd, 4319169.593, 61
Trd, 4319170.293, 61
Trd, 4319171.143, 63
Trd, 4319171.243, 74
Trd, 4319172.293, 87
Trd, 4319172.343, 64
Trd, 4319173.293, 67
Trd, 4319173.343, 66
Trd, 4319175.293, 73
Trd, 4319175.343, 72
Trd, 4319176.393, 76
Trd, 4319176.493, 75
Trd, 4319177.593, 76
Trd, 4319178.043, 75
Trd, 4319178.243, 74
Trd, 4319178.293, 95
Trd, 4319179.043, 66
Trd, 4319179.543, 108
Trd, 4319180.243, 122
Trd, 4319181.143, 62
Trd, 4319182.193, 60
Trd, 4319185.643, 61
Trd, 4319187.493, 61
Trd, 4319187.543, 63
Trd, 4319187.993, 76
Trd, 4319188.493, 64
Trd, 4319189.193, 65
Trd, 4319190.343, 81
Trd, 4319190.843, 71
Trd, 4319191.343, 81
Trd, 4319191.543, 74
Trd, 4319192.593, 78
Trd, 4319192.843, 70
Trd, 4319192.993, 131
Trd, 4319193.293, 66
Trd, 4319195.843, 63
Trd, 4319197.043, 63
Trd, 4319199.493, 61
Trd, 4319201.193, 61
Trd, 4319201.343, 62
Trd, 4319201.593, 61
Trd, 4319201.993, 62
Trd, 4319202.443, 64
Trd, 4319202.543, 63
Trd, 4319204.843, 75
Trd, 4319205.593, 68
Trd, 4319206.093, 66
Trd, 4319207.943, 99
Trd, 4319208.793, 81
Trd, 4319208.993, 78
Trd, 4319209.143, 100
Trd, 4319210.143, 84
Trd, 4319210.243, 82
Trd, 4319211.493, 83
Trd, 4319211.943, 84
Trd, 4319212.293, 83
Trd, 4319212.393, 80
Trd, 4319213.343, 114
Trd, 4319213.893, 140
Trd, 4319214.143, 82
Trd, 4319214.493, 82
Trd, 4319215.043, 117
Trd, 4319215.643, 79
Trd, 4319216.543, 63
Trd, 4319220.643, 61
Trd, 4319221.443, 60
Trd, 4319221.543, 67
Trd, 4319221.793, 72
Trd, 4319222.243, 64
Trd, 4319222.743, 64
Trd, 4319223.093, 63
Trd, 4319225.693, 68
Trd, 4319226.143, 85
Trd, 4319226.993, 76
Trd, 4319227.793, 76
Trd, 4319228.043, 76
Trd, 4319228.293, 77
Trd, 4319228.493, 76
Trd, 4319229.243, 68
Trd, 4319229.843, 85
Trd, 4319231.343, 140
Trd, 4319231.893, 140
Trd, 4319232.043, 131
Trd, 4319232.493, 91
Trd, 4319233.393, 135
Trd, 4319234.293, 136
Trd, 4319234.493, 135
Trd, 4319235.143, 129
Trd, 4319235.393, 128
Trd, 4319236.593, 116
Trd, 4319237.193, 117
Trd, 4319238.843, 110
Trd, 4319238.893, 108
Trd, 4319239.443, 71
Trd, 4319240.543, 68
Trd, 4319241.243, 81
Trd, 4319241.643, 72
Trd, 4319241.793, 68
Trd, 4319242.143, 101
Trd, 4319243.143, 69
Trd, 4319244.593, 78
Trd, 4319244.693, 77
Trd, 4319245.143, 77
Trd, 4319245.793, 75
Trd, 4319245.843, 74
Trd, 4319246.593, 62
Trd, 4319246.943, 62
Trd, 4319249.693, 76
Trd, 4319250.043, 116
Trd, 4319252.893, 62
Trd, 4319253.193, 61
Trd, 4319253.393, 62
Trd, 4319253.593, 64
Trd, 4319253.943, 66
Trd, 4319254.243, 73
Trd, 4319255.043, 77
Trd, 4319256.443, 75
Trd, 4319257.343, 67
Trd, 4319257.393, 68
Trd, 4319257.993, 67
Trd, 4319258.843, 137
Trd, 4319258.893, 68
Trd, 4319260.393, 93
Trd, 4319260.543, 77
Trd, 4319261.393, 78
Trd, 4319263.093, 82
Trd, 4319263.193, 81
Trd, 4319263.943, 82
Trd, 4319265.293, 96
Trd, 4319265.793, 94
Trd, 4319266.593, 92
Trd, 4319266.643, 89
Trd, 4319267.743, 65
Trd, 4319268.743, 138
Trd, 4319269.043, 137
Trd, 4319269.743, 126
Trd, 4319270.443, 126
Trd, 4319271.143, 121
Trd, 4319271.743, 121
Trd, 4319272.043, 118
Trd, 4319272.343, 117
Trd, 4319273.443, 120
Trd, 4319273.843, 129
Trd, 4319277.843, 72
Trd, 4319280.593, 61
Trd, 4319280.793, 61
Trd, 4319281.293, 60
Trd, 4319281.843, 60
Trd, 4319282.843, 62
Trd, 4319283.043, 77
Trd, 4319283.393, 81
Trd, 4319283.743, 63
Trd, 4319284.743, 60
Trd, 4319286.493, 61
Trd, 4319287.493, 62
Trd, 4319288.193, 60
Trd, 4319289.593, 60
Trd, 4319290.393, 60
Trd, 4319291.943, 71
Trd, 4319292.743, 80
Trd, 4319292.993, 82
Trd, 4319293.393, 114
Trd, 4319294.593, 126
Trd, 4319294.893, 117
Trd, 4319295.593, 116
Trd, 4319295.743, 114
Trd, 4319296.093, 111
Trd, 4319297.143, 129
Trd, 4319299.443, 62
Trd, 4319299.743, 64
Trd, 4319300.743, 73
Trd, 4319301.243, 89
Trd, 4319301.343, 114
Trd, 4319302.293, 90
Trd, 4319302.893, 92
Trd, 4319303.393, 97
Trd, 4319304.143, 96
Trd, 4319304.643, 93
Trd, 4319305.193, 94
Trd, 4319306.293, 98
Trd, 4319306.843, 100
Trd, 4319307.093, 99
Trd, 4319307.343, 140
Trd, 4319308.993, 110
Trd, 4319309.093, 100
Trd, 4319309.493, 98
Trd, 4319310.543, 99
Trd, 4319311.393, 137
Trd, 4319312.143, 137
Trd, 4319312.893, 122
Trd, 4319313.393, 119
Trd, 4319313.843, 119
Trd, 4319314.893, 117
Trd, 4319315.143, 119
Trd, 4319315.443, 117
Trd, 4319316.443, 108
Trd, 4319317.043, 106
Trd, 4319317.393, 103
Trd, 4319317.943, 105
Trd, 4319318.293, 104
Trd, 4319319.693, 110
Trd, 4319320.043, 99
Trd, 4319320.293, 97
Trd, 4319321.943, 60
Trd, 4319322.843, 74
Trd, 4319325.143, 61
Trd, 4319325.293, 65
Trd, 4319325.543, 61
Trd, 4319325.843, 91
Trd, 4319327.543, 64
Trd, 4319327.743, 62
Trd, 4319328.293, 61
Trd, 4319328.843, 69
Trd, 4319329.493, 82
Trd, 4319331.943, 74
Trd, 4319332.393, 75
Trd, 4319332.493, 76
Trd, 4319333.493, 78
Trd, 4319333.793, 76
Trd, 4319333.993, 74
Trd, 4319334.943, 61
Trd, 4319336.443, 60
Trd, 4319337.443, 70
Trd, 4319338.143, 128
Trd, 4319338.643, 129
Trd, 4319338.793, 126
Trd, 4319340.443, 126
Trd, 4319341.293, 127
Trd, 4319341.543, 125
Trd, 4319342.543, 115
Trd, 4319342.743, 108
Trd, 4319343.043, 64
Trd, 4319343.593, 139
Trd, 4319344.193, 60
Trd, 4319345.793, 61
Trd, 4319347.893, 60
Trd, 4319348.693, 61
Trd, 4319348.943, 60
Trd, 4319349.543, 64
Trd, 4319350.293, 68
Trd, 4319350.393, 78
Trd, 4319351.093, 67
Trd, 4319351.593, 77
Trd, 4319352.793, 67
Trd, 4319353.843, 69
Trd, 4319354.043, 68
Trd, 4319354.443, 67
Trd, 4319355.193, 69
Trd, 4319356.693, 65
Trd, 4319357.743, 113
Trd, 4319357.843, 69
Trd, 4319359.343, 75
Trd, 4319360.343, 140
Trd, 4319360.893, 128
Trd, 4319361.293, 126
Trd, 4319361.543, 125
Trd, 4319361.743, 124
Trd, 4319366.393, 64
Trd, 4319368.093, 62
Trd, 4319368.493, 61
Trd, 4319370.093, 61
Trd, 4319370.193, 63
Trd, 4319370.643, 66
Trd, 4319370.793, 81
Trd, 4319371.143, 83
Trd, 4319372.093, 80
Trd, 4319372.543, 77
Trd, 4319375.143, 65
Trd, 4319375.443, 99
Trd, 4319375.593, 113
Trd, 4319376.093, 69
Trd, 4319377.243, 69
Trd, 4319378.743, 73
Trd, 4319378.943, 73
Trd, 4319379.843, 140
Trd, 4319380.593, 108
Trd, 4319380.643, 108
Trd, 4319380.793, 92
Trd, 4319382.643, 76
Trd, 4319386.143, 61
Trd, 4319386.493, 62
Trd, 4319386.593, 61
Trd, 4319387.243, 60
Trd, 4319388.143, 69
Trd, 4319388.843, 139
Trd, 4319390.443, 104
Trd, 4319391.343, 105
Trd, 4319391.393, 103
Trd, 4319392.243, 123
Trd, 4319392.843, 90
Trd, 4319393.343, 66
Trd, 4319394.193, 139
Trd, 4319395.693, 102
Trd, 4319395.743, 101
Trd, 4319396.843, 60
Trd, 4319397.343, 70
Trd, 4319398.293, 69
Trd, 4319399.043, 73
Trd, 4319399.343, 99
Trd, 4319399.893, 100
Trd, 4319400.043, 97
Trd, 4319400.593, 140
Trd, 4319401.543, 124
Trd, 4319404.693, 60
Trd, 4319406.643, 62
Trd, 4319407.643, 68
Trd, 4319408.193, 72
Trd, 4319409.043, 71
Trd, 4319409.393, 103
Trd, 4319410.693, 71
Trd, 4319410.893, 71
Trd, 4319410.993, 70
Trd, 4319411.193, 81
Trd, 4319411.793, 97
Trd, 4319411.893, 95
Trd, 4319413.093, 140
Trd, 4319416.393, 67
Trd, 4319416.793, 73
Trd, 4319416.893, 72
Trd, 4319417.093, 69
Trd, 4319417.293, 75
Trd, 4319419.043, 73
Trd, 4319419.443, 90
Trd, 4319420.443, 85
Trd, 4319420.843, 81
Trd, 4319421.043, 120
Trd, 4319422.193, 89
Trd, 4319422.343, 80
Trd, 4319423.393, 83
Trd, 4319423.443, 82
Trd, 4319423.693, 79
Trd, 4319424.843, 82
Trd, 4319426.093, 88
Trd, 4319426.243, 104
Trd, 4319426.543, 86
Trd, 4319426.943, 84
Trd, 4319427.893, 116
Trd, 4319433.193, 60
Trd, 4319433.393, 65
Trd, 4319434.093, 66
Trd, 4319434.593, 66
Trd, 4319435.093, 66
Trd, 4319435.693, 140
Trd, 4319437.893, 77
Trd, 4319437.943, 76
Trd, 4319438.093, 71
Trd, 4319438.743, 71
Trd, 4319439.343, 71
Trd, 4319439.843, 97
Trd, 4319440.943, 72
Trd, 4319441.193, 74
Trd, 4319441.843, 112
Trd, 4319442.193, 111
Trd, 4319442.743, 106
Trd, 4319443.943, 105
Trd, 4319444.443, 94
Trd, 4319444.493, 93
Trd, 4319445.743, 137
Trd, 4319446.493, 60
Trd, 4319447.043, 60
Trd, 4319448.793, 60
Trd, 4319448.943, 61
Trd, 4319450.343, 66
Trd, 4319450.543, 68
Trd, 4319451.043, 67
Trd, 4319452.643, 84
Trd, 4319452.743, 83
Trd, 4319453.043, 98
Trd, 4319454.043, 122
Trd, 4319454.093, 84
Trd, 4319454.293, 85
Trd, 4319454.743, 87
Trd, 4319455.943, 71
Trd, 4319458.493, 60
Trd, 4319459.343, 63
Trd, 4319459.643, 63
Trd, 4319460.543, 67
Trd, 4319461.643, 107
Trd, 4319462.993, 89
Trd, 4319463.643, 84
Trd, 4319464.843, 87
Trd, 4319465.093, 86
Trd, 4319465.143, 81
Trd, 4319466.143, 61
Trd, 4319467.293, 62
Trd, 4319469.793, 62
Trd, 4319470.093, 64
Trd, 4319470.293, 62
Trd, 4319470.543, 122
Trd, 4319471.293, 63
Trd, 4319473.293, 60
Trd, 4319473.593, 81
Trd, 4319473.843, 88
Trd, 4319476.843, 64
Trd, 4319477.293, 88
Trd, 4319478.243, 115
Trd, 4319478.543, 113
Trd, 4319479.143, 110
Trd, 4319479.243, 109
Trd, 4319479.743, 107
Trd, 4319479.793, 107
Trd, 4319479.893, 107
Trd, 4319481.743, 106
Trd, 4319481.843, 104
Trd, 4319482.393, 134
Trd, 4319482.993, 127
Trd, 4319483.493, 137
Trd, 4319483.843, 124
Trd, 4319485.393, 100
Trd, 4319485.543, 99
Trd, 4319487.243, 99
Trd, 4319487.443, 100
Trd, 4319487.493, 98
Trd, 4319487.893, 95
Trd, 4319489.993, 64
Trd, 4319492.943, 62
Trd, 4319494.343, 61
Trd, 4319494.443, 61
Trd, 4319494.593, 67
Trd, 4319494.893, 72
Trd, 4319495.443, 74
Trd, 4319496.643, 67
Trd, 4319496.693, 65
Trd, 4319496.743, 90
Trd, 4319497.493, 66
Trd, 4319497.993, 66
Trd, 4319498.043, 65
Trd, 4319500.643, 131
Trd, 4319500.993, 130
Trd, 4319501.243, 123
Trd, 4319501.393, 110
Trd, 4319501.893, 77
Trd, 4319504.143, 75
Trd, 4319504.493, 73
Trd, 4319505.243, 84
Trd, 4319505.793, 74
Trd, 4319506.293, 73
Trd, 4319506.843, 140
Trd, 4319507.193, 88
Trd, 4319508.243, 75
Trd, 4319509.043, 74
Trd, 4319509.243, 89
Trd, 4319510.543, 72
Trd, 4319510.643, 72
Trd, 4319510.793, 118
Trd, 4319511.893, 137
Trd, 4319516.743, 61
Trd, 4319517.243, 62
Trd, 4319517.643, 64
Trd, 4319518.193, 73
Trd, 4319519.393, 73
Trd, 4319519.793, 72
Trd, 4319520.193, 119
Trd, 4319520.393, 71
Trd, 4319521.493, 136
Trd, 4319521.943, 128
Trd, 4319522.193, 129
Trd, 4319522.793, 129
Trd, 4319523.043, 128
Trd, 4319523.293, 127
Trd, 4319523.343, 126
Trd, 4319523.893, 60
Trd, 4319525.143, 71
Trd, 4319527.093, 71
Trd, 4319529.043, 65
Trd, 4319529.543, 63
Trd, 4319530.993, 64
Trd, 4319531.293, 103
Trd, 4319531.793, 117
Trd, 4319532.093, 116
Trd, 4319532.343, 115
Trd, 4319532.493, 108
Trd, 4319532.543, 106
Trd, 4319533.543, 113
Trd, 4319535.093, 115
Trd, 4319535.643, 71
Trd, 4319537.693, 68
Trd, 4319539.643, 61
Trd, 4319540.243, 67
Trd, 4319540.993, 70
Trd, 4319541.043, 64
Trd, 4319542.693, 66
Trd, 4319542.993, 66
Trd, 4319543.593, 65
Trd, 4319544.343, 60
Trd, 4319545.043, 60
Trd, 4319546.293, 61
Trd, 4319548.543, 63
Trd, 4319549.393, 70
Trd, 4319549.543, 83
Trd, 4319549.743, 68
Trd, 4319551.893, 74
Trd, 4319552.743, 75
Trd, 4319552.993, 75
Trd, 4319554.493, 84
Trd, 4319554.793, 81
Trd, 4319555.043, 89
Trd, 4319556.043, 134
Trd, 4319556.493, 133
Trd, 4319556.993, 90
Trd, 4319558.193, 60
Trd, 4319558.793, 63
Trd, 4319561.793, 60
Trd, 4319562.443, 68
Trd, 4319562.743, 103
Trd, 4319563.043, 102
Trd, 4319563.293, 111
Trd, 4319563.943, 119
Trd, 4319564.843, 73
Trd, 4319564.943, 73
Trd, 4319566.293, 99
Trd, 4319567.543, 84
Trd, 4319568.393, 84
Trd, 4319569.093, 84
Trd, 4319569.843, 84
Trd, 4319570.593, 87
Trd, 4319570.893, 139
Trd, 4319571.743, 96
Trd, 4319571.993, 80
Trd, 4319572.493, 80
Trd, 4319573.243, 105
Trd, 4319575.093, 118
Trd, 4319575.593, 91
Trd, 4319575.843, 90
Trd, 4319575.943, 90
Trd, 4319576.793, 91
Trd, 4319577.493, 89
Trd, 4319577.993, 140
Trd, 4319578.493, 60
Trd, 4319581.043, 65
Trd, 4319582.143, 64
Trd, 4319582.593, 73
Trd, 4319583.793, 60
Trd, 4319584.393, 63
Trd, 4319584.643, 70
Trd, 4319584.743, 78
Trd, 4319585.243, 67
Trd, 4319587.343, 73
Trd, 4319587.693, 71
Trd, 4319587.793, 69
Trd, 4319588.443, 65
Trd, 4319592.143, 61
Trd, 4319592.493, 65
Trd, 4319592.593, 62
Trd, 4319593.643, 67
Trd, 4319593.693, 66
Trd, 4319593.993, 63
Trd, 4319594.443, 67
Trd, 4319595.693, 69
Trd, 4319596.643, 87
Trd, 4319597.443, 82
Trd, 4319597.893, 81
Trd, 4319598.643, 110
Trd, 4319600.093, 87
Trd, 4319600.193, 86
Trd, 4319600.293, 81
Trd, 4319601.093, 68
Trd, 4319602.443, 61
Trd, 4319605.443, 62
Trd, 4319606.043, 60
Trd, 4319606.993, 60
Trd, 4319607.043, 106
Trd, 4319607.943, 64
Trd, 4319608.243, 65
Trd, 4319608.843, 70
Trd, 4319609.343, 76
Trd, 4319611.343, 98
Trd, 4319611.643, 105
Trd, 4319612.093, 102
Trd, 4319612.593, 102
Trd, 4319612.643, 101
Trd, 4319612.793, 101
Trd, 4319613.243, 97
Trd, 4319614.043, 66
Trd, 4319616.643, 61
Trd, 4319617.443, 62
Trd, 4319618.043, 68
Trd, 4319618.743, 75
Trd, 4319619.043, 95
Trd, 4319619.893, 74
Trd, 4319620.493, 74
Trd, 4319620.793, 89
Trd, 4319620.943, 73
Trd, 4319622.143, 80
Trd, 4319622.493, 74
Trd, 4319622.943, 72
Trd, 4319623.643, 118
Trd, 4319623.943, 138
Trd, 4319624.143, 137
Trd, 4319625.143, 74
Trd, 4319625.643, 75
Trd, 4319626.193, 110
Trd, 4319626.943, 74
Trd, 4319627.843, 63
Trd, 4319628.443, 113
Trd, 4319628.793, 118
Trd, 4319629.393, 112
Trd, 4319630.393, 130
Trd, 4319631.443, 131
Trd, 4319631.693, 128
Trd, 4319632.193, 65
Trd, 4319632.993, 94
Trd, 4319635.193, 69
Trd, 4319635.743, 107
Trd, 4319636.543, 138
Trd, 4319636.893, 103
Trd, 4319638.093, 104
Trd, 4319638.643, 106
Trd, 4319639.193, 140
Trd, 4319639.493, 104
Trd, 4319639.643, 103
Trd, 4319640.393, 101
Trd, 4319640.993, 96
Trd, 4319642.593, 61
Trd, 4319644.443, 62
Trd, 4319644.593, 76
Trd, 4319645.593, 75
Trd, 4319645.893, 73
Trd, 4319645.943, 73
Trd, 4319646.593, 64
Trd, 4319648.293, 81
Trd, 4319648.643, 66
Trd, 4319648.993, 84
Trd, 4319650.493, 77
Trd, 4319651.143, 76
Trd, 4319651.593, 75
Trd, 4319652.343, 84
Trd, 4319653.193, 87
Trd, 4319653.393, 81
Trd, 4319654.143, 82
Trd, 4319654.193, 80
Trd, 4319655.093, 82
Trd, 4319655.193, 80
Trd, 4319656.043, 127
Trd, 4319656.193, 116
Trd, 4319657.693, 112
Trd, 4319658.193, 100
Trd, 4319659.043, 70
Trd, 4319660.743, 69
Trd, 4319662.393, 60
Trd, 4319662.643, 63
Trd, 4319663.893, 64
Trd, 4319664.443, 64
Trd, 4319665.343, 65
Trd, 4319665.943, 67
Trd, 4319666.793, 70
Trd, 4319666.843, 69
Trd, 4319667.643, 82
Trd, 4319667.843, 82
Trd, 4319668.543, 85
Trd, 4319669.693, 140
Trd, 4319670.143, 132
Trd, 4319671.193, 139
Trd, 4319671.743, 131
Trd, 4319672.093, 127
Trd, 4319672.943, 103
Trd, 4319673.393, 109
Trd, 4319673.993, 108
Trd, 4319674.293, 126
Trd, 4319674.943, 108
Trd, 4319675.743, 108
Trd, 4319675.893, 105
Trd, 4319676.693, 63
Trd, 4319679.143, 60
Trd, 4319679.343, 60
Trd, 4319679.443, 60
Trd, 4319680.493, 61
Trd, 4319680.793, 75
Trd, 4319681.493, 73
Trd, 4319681.743, 70
Trd, 4319682.293, 72
Trd, 4319683.693, 85
Trd, 4319684.193, 82
Trd, 4319684.993, 89
Trd, 4319685.743, 89
Trd, 4319686.443, 88
Trd, 4319687.893, 91
Trd, 4319689.343, 140
Trd, 4319689.793, 140
Trd, 4319689.893, 140
Trd, 4319690.193, 140
Trd, 4319690.843, 133
Trd, 4319690.943, 126
Trd, 4319692.743, 105
Trd, 4319693.093, 140
Trd, 4319693.493, 104
Trd, 4319693.843, 101
Trd, 4319694.343, 130
Trd, 4319695.643, 140
Trd, 4319696.693, 60
Trd, 4319697.193, 60
Trd, 4319698.693, 60
Trd, 4319699.243, 61
Trd, 4319700.793, 65
Trd, 4319701.193, 65
Trd, 4319701.243, 63
Trd, 4319702.293, 60
Trd, 4319703.543, 62
Trd, 4319707.343, 62
Trd, 4319708.443, 109
Trd, 4319708.593, 85
Trd, 4319708.693, 82
Trd, 4319709.393, 82
Trd, 4319710.193, 107
Trd, 4319710.393, 84
Trd, 4319710.743, 87
Trd, 4319711.043, 113
Trd, 4319712.143, 95
Trd, 4319712.393, 89
Trd, 4319713.093, 89
Trd, 4319713.443, 88
Trd, 4319715.043, 87
Trd, 4319715.243, 85
Trd, 4319719.293, 64
Trd, 4319719.693, 69
Trd, 4319721.293, 61
Trd, 4319721.393, 62
Trd, 4319722.593, 65
Trd, 4319722.643, 64
Trd, 4319723.893, 67
Trd, 4319724.343, 66
Trd, 4319724.543, 65
Trd, 4319724.643, 65
Trd, 4319725.093, 77
Trd, 4319725.493, 75
Trd, 4319725.543, 65
Trd, 4319726.193, 70
Trd, 4319727.893, 60
Trd, 4319728.843, 60
Trd, 4319730.393, 60
Trd, 4319730.793, 118
Trd, 4319730.993, 67
Trd, 4319731.093, 65
Trd, 4319732.043, 60
Trd, 4319735.443, 63
Trd, 4319736.143, 65
Trd, 4319736.293, 64
Trd, 4319736.393, 68
Trd, 4319736.543, 64
Trd, 4319736.643, 63
Trd, 4319737.743, 136
Trd, 4319737.793, 121
Trd, 4319739.193, 63
Trd, 4319739.543, 66
Trd, 4319739.693, 62
Trd, 4319739.893, 87
Trd, 4319744.693, 60
Trd, 4319745.093, 64
Trd, 4319745.393, 62
Trd, 4319746.243, 71
Trd, 4319746.293, 64
Trd, 4319747.243, 74
Trd, 4319747.743, 77
Trd, 4319748.343, 75
Trd, 4319748.993, 75
Trd, 4319749.143, 127
Trd, 4319750.543, 81
Trd, 4319750.843, 140
Trd, 4319750.993, 82
Trd, 4319751.643, 81
Trd, 4319754.293, 68
Trd, 4319755.093, 60
Trd, 4319755.243, 96
Trd, 4319758.843, 60
Trd, 4319759.243, 61
Trd, 4319759.493, 92
Trd, 4319759.543, 64
Trd, 4319759.943, 118
Trd, 4319760.243, 117
Trd, 4319760.293, 116
Trd, 4319760.593, 123
Trd, 4319762.143, 114
Trd, 4319762.243, 112
Trd, 4319763.343, 106
Trd, 4319764.043, 63
Trd, 4319765.293, 98
Trd, 4319765.543, 113
Trd, 4319765.943, 63
Trd, 4319767.243, 85
Trd, 4319767.293, 80
Trd, 4319769.543, 140
Trd, 4319770.343, 140
Trd, 4319770.593, 136
Trd, 4319770.793, 136
Trd, 4319771.343, 135
Trd, 4319772.293, 137
Trd, 4319773.543, 140
Trd, 4319774.143, 140
Trd, 4319774.643, 138
Trd, 4319774.693, 133
Trd, 4319775.343, 130
Trd, 4319775.943, 124
Trd, 4319776.593, 125
Trd, 4319777.643, 131
Trd, 4319778.143, 129
Trd, 4319778.993, 130
Trd, 4319779.943, 133
Trd, 4319780.093, 132
Trd, 4319780.643, 138
Trd, 4319781.643, 127
Trd, 4319781.893, 120
Trd, 4319783.043, 136
Trd, 4319783.243, 136
Trd, 4319783.893, 138
Trd, 4319786.143, 140
Trd, 4319786.493, 137
Trd, 4319787.043, 135
Trd, 4319787.843, 134
Trd, 4319788.093, 126
Trd, 4319789.943, 108
Trd, 4319790.793, 107
Trd, 4319791.593, 107
Trd, 4319791.993, 105
Trd, 4319792.043, 121
Trd, 4319792.443, 104
Trd, 4319793.593, 123
Trd, 4319794.093, 122
Trd, 4319794.893, 118
Trd, 4319795.593, 140
Trd, 4319796.243, 138
Trd, 4319796.393, 133
Trd, 4319796.743, 131
Trd, 4319797.743, 70
Trd, 4319797.993, 69
Trd, 4319798.493, 60
Trd, 4319801.543, 63
Trd, 4319802.143, 61
Trd, 4319803.093, 89
Trd, 4319803.643, 88
Trd, 4319805.093, 87
Trd, 4319805.143, 87
Trd, 4319806.243, 82
Trd, 4319806.543, 77
Trd, 4319806.993, 128
Trd, 4319807.093, 75
Trd, 4319807.493, 75
Trd, 4319809.543, 140
Trd, 4319809.693, 139
Trd, 4319810.393, 138
Trd, 4319810.493, 71
Trd, 4319816.143, 60
Trd, 4319816.393, 64
Trd, 4319817.093, 73
Trd, 4319817.443, 64
Trd, 4319819.493, 82
Trd, 4319819.893, 73
Trd, 4319820.243, 72
Trd, 4319820.293, 71
Trd, 4319820.443, 109
Trd, 4319821.043, 67
Trd, 4319821.493, 69
Trd, 4319822.593, 63
Trd, 4319823.293, 136
Trd, 4319823.943, 79
Trd, 4319824.143, 89
Trd, 4319828.243, 60
Trd, 4319828.443, 68
Trd, 4319829.343, 75
Trd, 4319829.393, 65
Trd, 4319830.593, 86
Trd, 4319830.793, 84
Trd, 4319831.293, 100
Trd, 4319831.593, 94
Trd, 4319831.993, 99
Trd, 4319832.343, 80
Trd, 4319834.443, 61
Trd, 4319836.393, 60
Trd, 4319836.593, 61
Trd, 4319836.993, 65
Trd, 4319838.043, 62
Trd, 4319838.393, 62
Trd, 4319839.193, 68
Trd, 4319840.093, 71
Trd, 4319840.193, 90
Trd, 4319840.343, 67
Trd, 4319841.093, 122
Trd, 4319841.743, 119
Trd, 4319841.993, 115
Trd, 4319842.693, 68
Trd, 4319843.843, 62
Trd, 4319843.893, 74
Trd, 4319845.443, 72
Trd, 4319847.193, 64
Trd, 4319848.743, 86
Trd, 4319848.843, 83
Trd, 4319849.393, 89
Trd, 4319849.693, 70
Trd, 4319850.043, 69
Trd, 4319852.243, 60
Trd, 4319853.293, 63
Trd, 4319853.443, 65
Trd, 4319853.643, 75
Trd, 4319854.393, 63
Trd, 4319854.743, 63
Trd, 4319855.743, 64
Trd, 4319855.793, 65
Trd, 4319855.993, 65
Trd, 4319856.243, 62
Trd, 4319856.543, 66
Trd, 4319857.443, 63
Trd, 4319858.393, 63
Trd, 4319860.043, 140
Trd, 4319860.393, 140
Trd, 4319860.843, 132
Trd, 4319860.943, 131
Trd, 4319861.043, 108
Trd, 4319861.293, 126
Trd, 4319863.293, 140
Trd, 4319863.393, 140
Trd, 4319864.693, 67
Trd, 4319865.193, 67
Trd, 4319868.393, 63
Trd, 4319869.793, 63
Trd, 4319870.543, 91
Trd, 4319871.343, 104
Trd, 4319871.793, 74
Trd, 4319873.093, 83
Trd, 4319873.243, 81
Trd, 4319873.943, 82
Trd, 4319873.993, 80
Trd, 4319874.243, 77
Trd, 4319875.443, 137
Trd, 4319875.893, 72
Trd, 4319875.943, 68
Trd, 4319877.593, 128
Trd, 4319877.893, 129
Trd, 4319878.043, 128
Trd, 4319879.393, 130
Trd, 4319879.643, 126
Trd, 4319881.693, 139
Trd, 4319881.843, 131
Trd, 4319882.193, 111
Trd, 4319883.593, 128
Trd, 4319883.893, 127
Trd, 4319883.993, 124
Trd, 4319885.593, 63
Trd, 4319886.193, 63
Trd, 4319887.543, 68
Trd, 4319887.793, 67
Trd, 4319888.193, 79
Trd, 4319888.493, 79
Trd, 4319889.743, 133
Trd, 4319889.993, 130
Trd, 4319890.143, 127
Trd, 4319891.993, 128
Trd, 4319892.143, 127
Trd, 4319892.343, 119
Trd, 4319892.593, 118
Trd, 4319893.093, 140
Trd, 4319894.343, 140
Trd, 4319894.543, 140
Trd, 4319894.743, 140
Trd, 4319895.993, 139
Trd, 4319896.293, 134
Trd, 4319896.393, 133
Trd, 4319896.843, 119
Trd, 4319897.293, 139
Trd, 4319898.143, 123
Trd, 4319898.493, 109
Trd, 4319899.093, 66
Trd, 4319899.493, 67
Trd, 4319900.343, 69
Trd, 4319900.943, 101
Trd, 4319901.493, 92
Trd, 4319901.993, 92
Trd, 4319902.243, 94
Trd, 4319904.343, 92
Trd, 4319904.693, 94
Trd, 4319904.893, 91
Trd, 4319905.793, 133
Trd, 4319908.043, 68
Trd, 4319908.243, 63
Trd, 4319909.243, 70
Trd, 4319909.643, 69
Trd, 4319909.893, 71
Trd, 4319911.043, 73
Trd, 4319911.093, 136
Trd, 4319911.793, 99
Trd, 4319912.043, 97
Trd, 4319912.743, 97
Trd, 4319913.093, 93
Trd, 4319913.793, 96
Trd, 4319913.843, 95
Trd, 4319915.593, 90
Trd, 4319916.143, 104
Trd, 4319916.443, 140
Trd, 4319917.493, 105
Trd, 4319918.043, 105
Trd, 4319918.243, 115
Trd, 4319918.293, 104
Trd, 4319918.943, 100
Trd, 4319919.393, 93
Trd, 4319920.543, 61
Trd, 4319921.093, 69
Trd, 4319925.543, 66
Trd, 4319925.843, 68
Trd, 4319926.093, 69
Trd, 4319926.143, 68
Trd, 4319926.193, 76
Trd, 4319928.493, 80
Trd, 4319928.843, 77
Trd, 4319928.943, 75
Trd, 4319929.393, 103
Trd, 4319930.543, 81
Trd, 4319931.043, 79
Trd, 4319931.093, 122
Trd, 4319931.743, 76
Trd, 4319932.193, 75
Trd, 4319932.993, 73
Trd, 4319933.743, 61
Trd, 4319934.743, 135
Trd, 4319935.543, 134
Trd, 4319936.243, 130
Trd, 4319936.643, 125
Trd, 4319936.943, 126
Trd, 4319938.393, 116
Trd, 4319939.493, 117
Trd, 4319939.893, 109
Trd, 4319940.693, 108
Trd, 4319941.143, 99
Trd, 4319942.643, 61
Trd, 4319942.693, 77
Trd, 4319943.393, 96
Trd, 4319945.143, 61
Trd, 4319945.493, 62
Trd, 4319945.743, 62
Trd, 4319946.143, 63
Trd, 4319946.543, 67
Trd, 4319946.743, 81
Trd, 4319947.893, 62
Trd, 4319949.293, 81
Trd, 4319949.843, 103
Trd, 4319951.093, 81
Trd, 4319951.543, 107
Trd, 4319951.593, 92
Trd, 4319952.043, 93
Trd, 4319952.443, 92
Trd, 4319954.193, 87
Trd, 4319954.643, 78
Trd, 4319955.343, 76
Trd, 4319955.643, 74
Trd, 4319956.043, 73
Trd, 4319957.743, 67
Trd, 4319958.743, 69
Trd, 4319960.293, 65
Trd, 4319960.993, 70
Trd, 4319961.443, 75
Trd, 4319961.643, 78
Trd, 4319961.743, 110
Trd, 4319962.293, 75
Trd, 4319962.943, 76
Trd, 4319963.643, 115
Trd, 4319964.093, 78
Trd, 4319965.293, 106
Trd, 4319965.343, 105
Trd, 4319965.993, 98
Trd, 4319967.243, 81
Trd, 4319967.393, 79
Trd, 4319968.643, 84
Trd, 4319969.293, 134
Trd, 4319969.993, 138
Trd, 4319970.243, 100
Trd, 4319970.693, 86
Trd, 4319971.093, 86
Trd, 4319971.393, 122
Trd, 4319971.643, 86
Trd, 4319973.043, 140
Trd, 4319973.193, 101
Trd, 4319974.543, 93
Trd, 4319974.643, 91
Trd, 4319975.193, 93
Trd, 4319975.893, 91
Trd, 4319975.943, 90
Trd, 4319976.943, 90
Trd, 4319977.893, 115
Trd, 4319977.943, 86
Trd, 4319978.343, 86
Trd, 4319978.393, 84
Trd, 4319979.293, 85
Trd, 4319980.793, 88
Trd, 4319981.293, 85
Trd, 4319982.593, 137
Trd, 4319983.293, 121
Trd, 4319983.843, 123
Trd, 4319983.943, 122
Trd, 4319984.093, 121
Trd, 4319984.793, 66
Trd, 4319985.843, 61
Trd, 4319987.993, 60
Trd, 4319988.843, 61
Trd, 4319990.843, 63
Trd, 4319991.393, 60
Trd, 4319993.243, 60
Trd, 4319994.243, 63
Trd, 4319995.093, 63
Trd, 4319995.993, 68
Trd, 4319996.293, 65
Trd, 4319997.893, 69
Trd, 4319998.643, 66
Trd, 4319999.593, 69
Trd, 4319999.743, 70
Trd, 4319999.793, 68
