Trd, 4318182.293, 138
Trd, 4318182.793, 123
Trd, 4318183.443, 113
Trd, 4318183.793, 138
Trd, 4318183.843, 136
Trd, 4318183.943, 139
Trd, 4318184.143, 139
Trd, 4318185.943, 140
Trd, 4318186.193, 130
Trd, 4318186.393, 121
Trd, 4318187.193, 140
Trd, 4318187.893, 138
Trd, 4318188.293, 138
Trd, 4318188.493, 118
Trd, 4318189.893, 140
Trd, 4318191.093, 140
Trd, 4318191.893, 140
Trd, 4318192.193, 136
Trd, 4318192.843, 138
Trd, 4318193.243, 136
Trd, 4318193.943, 123
Trd, 4318194.193, 140
Trd, 4318194.943, 65
Trd, 4318195.543, 140
Trd, 4318196.393, 140
Trd, 4318197.493, 140
Trd, 4318198.493, 140
Trd, 4318199.093, 139
Trd, 4318199.143, 127
Trd, 4318199.943, 60
Trd, 4318200.643, 60
Trd, 4318200.843, 71
Trd, 4318202.143, 60
Trd, 4318202.293, 64
Trd, 4318203.843, 137
Trd, 4318204.743, 140
Trd, 4318204.793, 139
Trd, 4318205.093, 125
Trd, 4318205.193, 124
Trd, 4318205.493, 140
Trd, 4318206.593, 134
Trd, 4318208.093, 62
Trd, 4318208.443, 68
Trd, 4318208.593, 69
Trd, 4318208.793, 138
Trd, 4318209.393, 136
Trd, 4318209.893, 140
Trd, 4318213.043, 140
Trd, 4318214.043, 140
Trd, 4318214.743, 139
Trd, 4318214.843, 140
Trd, 4318215.943, 140
Trd, 4318216.343, 140
Trd, 4318217.493, 140
Trd, 4318217.943, 138
Trd, 4318218.193, 138
Trd, 4318218.693, 139
Trd, 4318219.043, 138
Trd, 4318219.543, 134
Trd, 4318219.643, 117
Trd, 4318220.643, 115
Trd, 4318222.043, 140
Trd, 4318222.543, 139
Trd, 4318223.043, 140
Trd, 4318223.593, 136
Trd, 4318224.043, 128
Trd, 4318224.593, 67
Trd, 4318224.843, 124
Trd, 4318226.393, 63
Trd, 4318226.493, 65
Trd, 4318226.693, 83
Trd, 4318226.793, 137
Trd, 4318228.243, 140
Trd, 4318228.643, 140
Trd, 4318229.143, 139
Trd, 4318230.593, 140
Trd, 4318230.693, 140
Trd, 4318230.943, 140
Trd, 4318231.293, 139
Trd, 4318231.743, 139
Trd, 4318232.493, 137
Trd, 4318232.993, 137
Trd, 4318233.893, 138
Trd, 4318234.093, 83
Trd, 4318234.293, 73
Trd, 4318236.993, 60
Trd, 4318237.143, 89
Trd, 4318237.493, 67
Trd, 4318238.093, 139
Trd, 4318239.143, 76
Trd, 4318239.493, 62
Trd, 4318240.243, 140
Trd, 4318240.443, 140
Trd, 4318240.993, 105
Trd, 4318242.543, 119
Trd, 4318243.093, 60
Trd, 4318243.893, 61
Trd, 4318244.143, 63
Trd, 4318245.193, 68
Trd, 4318245.443, 72
Trd, 4318246.293, 139
Trd, 4318246.543, 128
Trd, 4318246.693, 65
Trd, 4318246.793, 64
Trd, 4318246.943, 129
Trd, 4318247.193, 74
Trd, 4318250.243, 140
Trd, 4318250.743, 140
Trd, 4318250.893, 140
Trd, 4318251.243, 139
Trd, 4318251.543, 139
Trd, 4318252.493, 137
Trd, 4318252.893, 116
Trd, 4318253.393, 67
Trd, 4318253.893, 110
Trd, 4318254.093, 112
Trd, 4318254.343, 140
Trd, 4318255.743, 140
Trd, 4318256.343, 110
Trd, 4318256.493, 101
Trd, 4318257.643, 139
Trd, 4318258.593, 140
Trd, 4318258.993, 140
Trd, 4318259.393, 139
Trd, 4318260.993, 140
Trd, 4318262.243, 140
Trd, 4318262.343, 135
Trd, 4318262.793, 140
Trd, 4318263.943, 138
Trd, 4318263.993, 127
Trd, 4318264.043, 124
Trd, 4318264.193, 119
Trd, 4318266.243, 140
Trd, 4318266.293, 138
Trd, 4318266.693, 63
Trd, 4318267.393, 64
Trd, 4318268.293, 60
Trd, 4318269.143, 60
Trd, 4318269.443, 60
Trd, 4318269.593, 71
Trd, 4318270.343, 65
Trd, 4318271.093, 140
Trd, 4318271.493, 139
Trd, 4318271.793, 139
Trd, 4318272.393, 61
Trd, 4318273.793, 140
Trd, 4318275.293, 140
Trd, 4318275.643, 138
Trd, 4318275.893, 121
Trd, 4318276.943, 137
Trd, 4318277.443, 140
Trd, 4318277.543, 140
Trd, 4318278.043, 111
Trd, 4318280.243, 140
Trd, 4318280.793, 140
Trd, 4318280.993, 140
Trd, 4318281.293, 137
Trd, 4318281.793, 125
Trd, 4318282.243, 124
Trd, 4318282.643, 81
Trd, 4318283.393, 140
Trd, 4318283.493, 65
Trd, 4318285.343, 140
Trd, 4318285.743, 140
Trd, 4318287.143, 140
Trd, 4318287.993, 140
Trd, 4318288.093, 140
Trd, 4318288.643, 138
Trd, 4318289.143, 140
Trd, 4318289.593, 125
Trd, 4318290.143, 122
Trd, 4318290.493, 112
Trd, 4318290.993, 97
Trd, 4318292.743, 140
Trd, 4318293.493, 139
Trd, 4318293.643, 139
Trd, 4318294.443, 129
Trd, 4318294.493, 121
Trd, 4318295.043, 140
Trd, 4318296.043, 140
Trd, 4318296.443, 138
Trd, 4318297.893, 139
Trd, 4318299.293, 140
Trd, 4318299.693, 140
Trd, 4318300.293, 140
Trd, 4318300.893, 140
Trd, 4318301.893, 140
Trd, 4318302.193, 140
Trd, 4318302.843, 140
Trd, 4318303.643, 140
Trd, 4318304.993, 139
Trd, 4318305.043, 138
Trd, 4318305.093, 138
Trd, 4318305.143, 119
Trd, 4318305.643, 112
Trd, 4318306.743, 139
Trd, 4318306.893, 138
Trd, 4318307.493, 140
Trd, 4318307.593, 138
Trd, 4318308.543, 138
Trd, 4318308.593, 124
Trd, 4318310.643, 140
Trd, 4318310.943, 135
Trd, 4318311.443, 130
Trd, 4318311.593, 126
Trd, 4318312.593, 140
Trd, 4318313.393, 140
Trd, 4318313.543, 140
Trd, 4318313.593, 139
Trd, 4318315.593, 140
Trd, 4318315.943, 140
Trd, 4318316.093, 139
Trd, 4318316.343, 100
Trd, 4318317.643, 140
Trd, 4318318.543, 106
Trd, 4318319.143, 134
Trd, 4318319.593, 140
Trd, 4318320.093, 140
Trd, 4318320.493, 140
Trd, 4318320.993, 139
Trd, 4318321.293, 118
Trd, 4318322.393, 64
Trd, 4318322.593, 65
Trd, 4318322.993, 61
Trd, 4318323.093, 62
Trd, 4318324.893, 139
Trd, 4318325.243, 140
Trd, 4318326.293, 140
Trd, 4318326.993, 140
Trd, 4318327.393, 134
Trd, 4318327.493, 120
Trd, 4318328.493, 139
Trd, 4318328.943, 119
Trd, 4318328.993, 107
Trd, 4318330.243, 100
Trd, 4318330.543, 140
Trd, 4318330.843, 138
Trd, 4318331.843, 78
Trd, 4318332.743, 61
Trd, 4318333.893, 60
Trd, 4318333.993, 62
Trd, 4318334.143, 64
Trd, 4318335.343, 140
Trd, 4318336.293, 140
Trd, 4318336.893, 131
Trd, 4318337.343, 139
Trd, 4318337.693, 136
Trd, 4318338.243, 122
Trd, 4318338.493, 140
Trd, 4318339.243, 105
Trd, 4318339.593, 129
Trd, 4318340.143, 102
Trd, 4318341.493, 140
Trd, 4318342.393, 140
Trd, 4318342.543, 140
Trd, 4318343.093, 139
Trd, 4318343.943, 131
Trd, 4318344.393, 139
Trd, 4318345.193, 140
Trd, 4318345.643, 136
Trd, 4318345.943, 121
Trd, 4318346.843, 140
Trd, 4318347.343, 140
Trd, 4318347.443, 140
Trd, 4318347.843, 140
Trd, 4318348.043, 137
Trd, 4318349.993, 133
Trd, 4318350.443, 107
Trd, 4318351.043, 88
Trd, 4318351.443, 129
Trd, 4318352.543, 140
Trd, 4318353.093, 139
Trd, 4318353.293, 140
Trd, 4318354.993, 140
Trd, 4318355.293, 140
Trd, 4318355.843, 140
Trd, 4318356.293, 140
Trd, 4318357.643, 140
Trd, 4318358.043, 136
Trd, 4318358.643, 140
Trd, 4318358.693, 139
Trd, 4318358.993, 138
Trd, 4318360.593, 140
Trd, 4318360.693, 138
Trd, 4318361.993, 140
Trd, 4318362.593, 139
Trd, 4318362.643, 124
Trd, 4318362.743, 121
Trd, 4318362.843, 140
Trd, 4318364.343, 135
Trd, 4318364.693, 140
Trd, 4318364.893, 124
Trd, 4318365.043, 96
Trd, 4318366.343, 135
Trd, 4318366.943, 105
Trd, 4318367.293, 90
Trd, 4318367.943, 90
Trd, 4318368.543, 72
Trd, 4318369.393, 60
Trd, 4318370.743, 60
Trd, 4318371.393, 60
Trd, 4318371.943, 61
Trd, 4318372.293, 61
Trd, 4318372.793, 64
Trd, 4318372.993, 66
Trd, 4318373.443, 138
Trd, 4318373.693, 60
Trd, 4318374.943, 63
Trd, 4318375.893, 62
Trd, 4318376.493, 79
Trd, 4318377.393, 61
Trd, 4318378.243, 77
Trd, 4318379.293, 60
Trd, 4318380.443, 61
Trd, 4318380.643, 65
Trd, 4318380.693, 65
Trd, 4318381.193, 103
Trd, 4318382.243, 140
Trd, 4318382.593, 60
Trd, 4318382.943, 98
Trd, 4318383.643, 138
Trd, 4318383.993, 140
Trd, 4318384.093, 111
Trd, 4318386.093, 139
Trd, 4318386.443, 123
Trd, 4318386.643, 140
Trd, 4318386.993, 89
Trd, 4318387.943, 140
Trd, 4318388.943, 139
Trd, 4318389.793, 124
Trd, 4318389.843, 123
Trd, 4318390.593, 80
Trd, 4318391.343, 140
Trd, 4318391.393, 140
Trd, 4318391.593, 124
Trd, 4318392.193, 137
Trd, 4318393.393, 138
Trd, 4318394.393, 140
Trd, 4318395.393, 140
Trd, 4318396.343, 140
Trd, 4318397.593, 139
Trd, 4318397.693, 132
Trd, 4318397.793, 105
Trd, 4318397.993, 105
Trd, 4318399.593, 140
Trd, 4318399.743, 140
Trd, 4318401.293, 140
Trd, 4318401.493, 140
Trd, 4318402.093, 139
Trd, 4318402.493, 139
Trd, 4318402.743, 140
Trd, 4318404.343, 140
Trd, 4318404.643, 139
Trd, 4318405.443, 139
Trd, 4318405.593, 124
Trd, 4318406.293, 140
Trd, 4318407.293, 140
Trd, 4318408.443, 140
Trd, 4318408.643, 121
Trd, 4318409.043, 139
Trd, 4318409.843, 139
Trd, 4318410.393, 140
Trd, 4318410.993, 140
Trd, 4318411.593, 112
Trd, 4318412.493, 70
Trd, 4318412.793, 76
Trd, 4318412.943, 61
Trd, 4318413.943, 63
Trd, 4318414.243, 139
Trd, 4318415.943, 140
Trd, 4318416.493, 140
Trd, 4318418.143, 140
Trd, 4318419.193, 140
Trd, 4318419.693, 140
Trd, 4318420.343, 140
Trd, 4318420.393, 139
Trd, 4318420.643, 115
Trd, 4318421.393, 140
Trd, 4318422.093, 140
Trd, 4318422.543, 139
Trd, 4318422.643, 125
Trd, 4318423.393, 140
Trd, 4318424.543, 92
Trd, 4318424.693, 139
Trd, 4318424.743, 85
Trd, 4318425.393, 66
Trd, 4318426.193, 60
Trd, 4318426.743, 63
Trd, 4318427.543, 140
Trd, 4318428.643, 138
Trd, 4318428.893, 137
Trd, 4318429.143, 134
Trd, 4318430.043, 116
Trd, 4318430.893, 139
Trd, 4318431.143, 139
Trd, 4318431.743, 119
Trd, 4318432.443, 139
Trd, 4318434.543, 140
Trd, 4318435.193, 139
Trd, 4318435.543, 140
Trd, 4318436.893, 140
Trd, 4318437.693, 140
Trd, 4318438.143, 140
Trd, 4318438.743, 140
Trd, 4318441.893, 139
Trd, 4318442.193, 140
Trd, 4318442.243, 138
Trd, 4318442.443, 126
Trd, 4318443.093, 140
Trd, 4318443.793, 140
Trd, 4318444.893, 140
Trd, 4318444.993, 139
Trd, 4318445.043, 139
Trd, 4318445.993, 140
Trd, 4318447.643, 140
Trd, 4318447.693, 140
Trd, 4318449.293, 140
Trd, 4318449.593, 139
Trd, 4318450.743, 138
Trd, 4318451.343, 140
Trd, 4318451.593, 114
Trd, 4318453.343, 140
Trd, 4318453.443, 139
Trd, 4318453.593, 126
Trd, 4318454.493, 139
Trd, 4318455.393, 140
Trd, 4318455.593, 139
Trd, 4318457.193, 140
Trd, 4318457.293, 140
Trd, 4318457.393, 139
Trd, 4318457.543, 128
Trd, 4318458.493, 98
Trd, 4318459.793, 139
Trd, 4318460.943, 140
Trd, 4318461.893, 139
Trd, 4318461.993, 139
Trd, 4318463.843, 140
Trd, 4318464.543, 140
Trd, 4318464.793, 140
Trd, 4318464.943, 139
Trd, 4318465.693, 107
Trd, 4318466.093, 136
Trd, 4318467.293, 139
Trd, 4318468.143, 140
Trd, 4318469.043, 140
Trd, 4318469.293, 140
Trd, 4318469.343, 117
Trd, 4318469.943, 124
Trd, 4318470.743, 67
Trd, 4318471.593, 98
Trd, 4318471.793, 71
Trd, 4318474.593, 140
Trd, 4318475.193, 139
Trd, 4318475.343, 138
Trd, 4318475.393, 138
Trd, 4318475.493, 125
Trd, 4318477.393, 140
Trd, 4318477.943, 60
Trd, 4318477.993, 69
Trd, 4318479.193, 138
Trd, 4318479.293, 130
Trd, 4318479.643, 112
Trd, 4318480.893, 140
Trd, 4318481.043, 140
Trd, 4318482.193, 140
Trd, 4318482.243, 140
Trd, 4318482.993, 60
Trd, 4318483.693, 61
Trd, 4318483.993, 65
Trd, 4318484.993, 139
Trd, 4318485.043, 136
Trd, 4318486.193, 140
Trd, 4318487.143, 140
Trd, 4318487.793, 109
Trd, 4318488.043, 138
Trd, 4318488.593, 80
Trd, 4318489.293, 62
Trd, 4318489.743, 66
Trd, 4318489.893, 67
Trd, 4318491.743, 140
Trd, 4318491.893, 118
Trd, 4318493.393, 130
Trd, 4318494.393, 140
Trd, 4318494.493, 139
Trd, 4318494.593, 124
Trd, 4318495.293, 138
Trd, 4318495.693, 140
Trd, 4318495.793, 80
Trd, 4318496.593, 140
Trd, 4318496.993, 140
Trd, 4318497.543, 140
Trd, 4318498.093, 140
Trd, 4318500.693, 60
Trd, 4318500.743, 61
Trd, 4318501.443, 63
Trd, 4318503.243, 61
Trd, 4318503.593, 63
Trd, 4318504.343, 62
Trd, 4318504.743, 60
Trd, 4318505.593, 60
Trd, 4318506.243, 60
Trd, 4318506.693, 91
Trd, 4318506.843, 62
Trd, 4318507.093, 65
Trd, 4318507.793, 117
Trd, 4318508.343, 66
Trd, 4318508.943, 67
Trd, 4318509.843, 66
Trd, 4318510.893, 140
Trd, 4318511.493, 140
Trd, 4318511.993, 72
Trd, 4318512.243, 70
Trd, 4318512.493, 73
Trd, 4318512.993, 140
Trd, 4318514.243, 113
Trd, 4318515.443, 60
Trd, 4318515.743, 62
Trd, 4318516.543, 61
Trd, 4318516.643, 62
Trd, 4318518.593, 137
Trd, 4318518.843, 123
Trd, 4318518.993, 140
Trd, 4318519.993, 138
Trd, 4318520.593, 138
Trd, 4318520.943, 62
Trd, 4318522.443, 140
Trd, 4318522.843, 139
Trd, 4318523.343, 140
Trd, 4318523.843, 140
Trd, 4318524.093, 129
Trd, 4318525.893, 140
Trd, 4318526.393, 139
Trd, 4318526.843, 138
Trd, 4318526.943, 124
Trd, 4318527.643, 140
Trd, 4318529.843, 139
Trd, 4318530.043, 138
Trd, 4318530.143, 124
Trd, 4318531.493, 140
Trd, 4318531.543, 140
Trd, 4318531.743, 139
Trd, 4318532.493, 137
Trd, 4318533.093, 140
Trd, 4318534.193, 140
Trd, 4318534.293, 139
Trd, 4318534.543, 139
Trd, 4318535.543, 138
Trd, 4318535.593, 140
Trd, 4318536.693, 131
Trd, 4318536.893, 140
Trd, 4318537.943, 120
Trd, 4318538.393, 140
Trd, 4318539.693, 139
Trd, 4318540.343, 140
Trd, 4318540.743, 139
Trd, 4318541.343, 140
Trd, 4318541.443, 125
Trd, 4318541.543, 118
Trd, 4318542.343, 138
Trd, 4318542.693, 130
Trd, 4318543.793, 139
Trd, 4318544.043, 68
Trd, 4318545.043, 65
Trd, 4318545.093, 66
Trd, 4318546.193, 60
Trd, 4318546.393, 81
Trd, 4318548.143, 60
Trd, 4318548.243, 64
Trd, 4318549.893, 140
Trd, 4318550.043, 140
Trd, 4318550.093, 124
Trd, 4318550.743, 61
Trd, 4318551.093, 63
Trd, 4318551.793, 62
Trd, 4318552.693, 138
Trd, 4318553.543, 140
Trd, 4318553.593, 139
Trd, 4318554.493, 137
Trd, 4318556.143, 139
Trd, 4318556.293, 135
Trd, 4318557.243, 110
Trd, 4318557.843, 138
Trd, 4318558.393, 61
Trd, 4318558.493, 62
Trd, 4318560.093, 62
Trd, 4318560.643, 61
Trd, 4318560.693, 62
Trd, 4318560.893, 60
Trd, 4318561.393, 63
Trd, 4318562.393, 76
Trd, 4318562.643, 79
Trd, 4318563.293, 139
Trd, 4318563.693, 70
Trd, 4318564.943, 68
Trd, 4318565.143, 69
Trd, 4318565.393, 62
Trd, 4318565.543, 94
Trd, 4318566.543, 88
Trd, 4318567.343, 69
Trd, 4318567.993, 61
Trd, 4318568.343, 66
Trd, 4318569.493, 61
Trd, 4318569.893, 64
Trd, 4318570.193, 65
Trd, 4318571.093, 69
Trd, 4318571.893, 60
Trd, 4318571.993, 61
Trd, 4318572.093, 62
Trd, 4318572.943, 140
Trd, 4318574.193, 60
Trd, 4318574.843, 60
Trd, 4318575.893, 60
Trd, 4318576.443, 65
Trd, 4318577.193, 60
Trd, 4318577.243, 64
Trd, 4318577.343, 69
Trd, 4318578.843, 60
Trd, 4318578.943, 131
Trd, 4318579.243, 139
Trd, 4318579.493, 61
Trd, 4318581.093, 140
Trd, 4318581.293, 140
Trd, 4318582.243, 137
Trd, 4318582.843, 62
Trd, 4318584.843, 61
Trd, 4318585.843, 60
Trd, 4318586.043, 60
Trd, 4318586.243, 63
Trd, 4318586.293, 64
Trd, 4318586.793, 70
Trd, 4318588.243, 61
Trd, 4318588.343, 61
Trd, 4318590.393, 60
Trd, 4318590.643, 61
Trd, 4318590.893, 63
Trd, 4318591.643, 64
Trd, 4318592.443, 67
Trd, 4318592.643, 105
Trd, 4318594.043, 63
Trd, 4318594.693, 67
Trd, 4318595.093, 62
Trd, 4318595.893, 60
Trd, 4318596.543, 60
Trd, 4318597.093, 65
Trd, 4318597.493, 61
Trd, 4318597.843, 68
Trd, 4318599.093, 87
Trd, 4318599.493, 89
Trd, 4318599.543, 74
Trd, 4318600.043, 62
Trd, 4318601.293, 140
Trd, 4318601.443, 140
Trd, 4318601.893, 62
Trd, 4318601.993, 60
Trd, 4318602.643, 61
Trd, 4318603.593, 60
Trd, 4318604.593, 60
Trd, 4318604.793, 61
Trd, 4318605.743, 61
Trd, 4318606.143, 61
Trd, 4318607.993, 60
Trd, 4318608.043, 62
Trd, 4318608.293, 62
Trd, 4318608.793, 133
Trd, 4318608.943, 62
Trd, 4318610.293, 61
Trd, 4318610.743, 60
Trd, 4318611.443, 61
Trd, 4318611.543, 64
Trd, 4318611.793, 71
Trd, 4318612.793, 62
Trd, 4318614.193, 62
Trd, 4318614.343, 112
Trd, 4318616.043, 71
Trd, 4318616.193, 64
Trd, 4318617.343, 60
Trd, 4318617.793, 61
Trd, 4318617.893, 65
Trd, 4318618.443, 70
Trd, 4318618.543, 71
Trd, 4318618.743, 63
Trd, 4318619.393, 63
Trd, 4318619.893, 84
Trd, 4318620.493, 61
Trd, 4318622.243, 139
Trd, 4318623.093, 118
Trd, 4318623.193, 107
Trd, 4318623.293, 105
Trd, 4318623.693, 140
Trd, 4318624.893, 138
Trd, 4318626.043, 137
Trd, 4318627.093, 136
Trd, 4318627.743, 140
Trd, 4318628.393, 135
Trd, 4318629.293, 140
Trd, 4318629.643, 140
Trd, 4318631.943, 140
Trd, 4318632.193, 140
Trd, 4318632.243, 137
Trd, 4318632.343, 124
Trd, 4318632.893, 139
Trd, 4318633.543, 70
Trd, 4318634.043, 140
Trd, 4318634.593, 140
Trd, 4318634.793, 140
Trd, 4318636.343, 65
Trd, 4318636.643, 140
Trd, 4318637.093, 66
Trd, 4318639.043, 139
Trd, 4318639.243, 140
Trd, 4318639.393, 139
Trd, 4318640.443, 140
Trd, 4318640.693, 139
Trd, 4318641.893, 140
Trd, 4318642.243, 138
Trd, 4318642.293, 129
Trd, 4318642.643, 121
Trd, 4318643.493, 125
Trd, 4318644.593, 140
Trd, 4318645.093, 137
Trd, 4318646.093, 140
Trd, 4318646.443, 67
Trd, 4318646.793, 62
Trd, 4318647.543, 138
Trd, 4318647.993, 70
Trd, 4318648.993, 132
Trd, 4318650.343, 140
Trd, 4318650.993, 138
Trd, 4318651.693, 127
Trd, 4318652.143, 140
Trd, 4318652.893, 140
Trd, 4318653.793, 138
Trd, 4318654.093, 115
Trd, 4318654.343, 139
Trd, 4318654.593, 140
Trd, 4318655.243, 93
Trd, 4318655.593, 86
Trd, 4318656.993, 101
Trd, 4318657.393, 62
Trd, 4318657.543, 65
Trd, 4318658.493, 82
Trd, 4318659.843, 140
Trd, 4318660.743, 140
Trd, 4318660.843, 139
Trd, 4318661.243, 140
Trd, 4318661.493, 137
Trd, 4318662.643, 112
Trd, 4318663.493, 110
Trd, 4318663.993, 120
Trd, 4318664.143, 138
Trd, 4318664.193, 98
Trd, 4318664.943, 140
Trd, 4318665.993, 60
Trd, 4318666.043, 64
Trd, 4318667.293, 60
Trd, 4318667.543, 64
Trd, 4318667.793, 140
Trd, 4318668.343, 65
Trd, 4318669.143, 73
Trd, 4318669.793, 137
Trd, 4318670.043, 136
Trd, 4318670.943, 140
Trd, 4318671.493, 66
Trd, 4318672.243, 60
Trd, 4318672.943, 61
Trd, 4318673.293, 64
Trd, 4318674.943, 65
Trd, 4318675.093, 66
Trd, 4318675.693, 135
Trd, 4318676.143, 103
Trd, 4318676.543, 138
Trd, 4318676.743, 92
Trd, 4318676.843, 92
Trd, 4318677.693, 63
Trd, 4318678.943, 63
Trd, 4318679.393, 62
Trd, 4318680.093, 140
Trd, 4318681.443, 84
Trd, 4318682.143, 66
Trd, 4318682.543, 138
Trd, 4318683.393, 60
Trd, 4318683.893, 61
Trd, 4318684.043, 63
Trd, 4318684.343, 65
Trd, 4318684.743, 137
Trd, 4318684.943, 76
Trd, 4318685.293, 139
Trd, 4318686.093, 140
Trd, 4318686.193, 139
Trd, 4318686.793, 124
Trd, 4318686.993, 110
Trd, 4318687.893, 103
Trd, 4318688.043, 139
Trd, 4318688.943, 105
Trd, 4318690.393, 140
Trd, 4318690.843, 140
Trd, 4318690.893, 124
Trd, 4318691.843, 140
Trd, 4318692.493, 122
Trd, 4318693.443, 62
Trd, 4318694.543, 60
Trd, 4318694.943, 60
Trd, 4318695.043, 60
Trd, 4318695.143, 63
Trd, 4318696.543, 66
Trd, 4318697.143, 65
Trd, 4318698.093, 67
Trd, 4318698.593, 72
Trd, 4318699.443, 61
Trd, 4318699.643, 63
Trd, 4318699.843, 66
Trd, 4318700.293, 139
Trd, 4318702.143, 140
Trd, 4318702.393, 140
Trd, 4318702.593, 138
Trd, 4318702.893, 126
Trd, 4318704.343, 139
Trd, 4318705.293, 140
Trd, 4318705.493, 126
Trd, 4318705.643, 106
Trd, 4318706.293, 139
Trd, 4318706.343, 122
Trd, 4318707.093, 61
Trd, 4318708.043, 139
Trd, 4318709.693, 139
Trd, 4318710.243, 138
Trd, 4318710.493, 140
Trd, 4318710.643, 138
Trd, 4318711.993, 138
Trd, 4318712.343, 93
Trd, 4318712.443, 86
Trd, 4318712.693, 140
Trd, 4318713.693, 140
Trd, 4318715.293, 139
Trd, 4318715.343, 133
Trd, 4318715.493, 140
Trd, 4318716.293, 140
Trd, 4318717.593, 140
Trd, 4318717.943, 137
Trd, 4318718.343, 124
Trd, 4318719.643, 105
Trd, 4318720.543, 140
Trd, 4318720.993, 140
Trd, 4318721.793, 140
Trd, 4318721.893, 140
Trd, 4318722.543, 138
Trd, 4318722.693, 122
Trd, 4318722.993, 61
Trd, 4318725.093, 140
Trd, 4318725.143, 139
Trd, 4318727.393, 140
Trd, 4318727.593, 135
Trd, 4318727.693, 133
Trd, 4318728.143, 124
Trd, 4318728.793, 73
Trd, 4318729.343, 74
Trd, 4318729.693, 135
Trd, 4318729.993, 60
Trd, 4318731.493, 140
Trd, 4318732.043, 139
Trd, 4318733.743, 140
Trd, 4318733.793, 140
Trd, 4318735.393, 140
Trd, 4318735.443, 137
Trd, 4318735.693, 136
Trd, 4318735.793, 121
Trd, 4318736.293, 134
Trd, 4318738.293, 61
Trd, 4318738.343, 92
Trd, 4318739.093, 139
Trd, 4318739.543, 134
Trd, 4318739.643, 93
Trd, 4318740.043, 136
Trd, 4318740.743, 69
Trd, 4318741.893, 63
Trd, 4318742.693, 60
Trd, 4318743.743, 140
Trd, 4318744.043, 140
Trd, 4318744.143, 139
Trd, 4318745.843, 140
Trd, 4318745.893, 139
Trd, 4318746.243, 139
Trd, 4318746.393, 139
Trd, 4318746.943, 121
Trd, 4318747.343, 83
Trd, 4318747.643, 137
Trd, 4318749.293, 139
Trd, 4318750.193, 139
Trd, 4318751.293, 118
Trd, 4318751.343, 118
Trd, 4318751.893, 140
Trd, 4318752.093, 140
Trd, 4318752.393, 139
Trd, 4318753.943, 137
Trd, 4318753.993, 122
Trd, 4318754.393, 140
Trd, 4318754.943, 140
Trd, 4318755.043, 140
Trd, 4318756.493, 140
Trd, 4318756.943, 134
Trd, 4318757.543, 129
Trd, 4318757.943, 139
Trd, 4318758.743, 140
Trd, 4318759.293, 138
Trd, 4318760.043, 138
Trd, 4318761.393, 101
Trd, 4318761.893, 140
Trd, 4318761.993, 139
Trd, 4318763.493, 140
Trd, 4318764.143, 140
Trd, 4318764.393, 139
Trd, 4318765.443, 140
Trd, 4318765.543, 140
Trd, 4318766.243, 139
Trd, 4318766.593, 111
Trd, 4318767.093, 99
Trd, 4318767.593, 80
Trd, 4318768.793, 140
Trd, 4318769.243, 64
Trd, 4318769.843, 107
Trd, 4318770.193, 140
Trd, 4318771.093, 60
Trd, 4318772.643, 64
Trd, 4318772.893, 65
Trd, 4318773.543, 140
Trd, 4318773.593, 139
Trd, 4318774.543, 136
Trd, 4318775.593, 140
Trd, 4318775.743, 125
Trd, 4318776.493, 140
Trd, 4318776.593, 140
Trd, 4318777.143, 140
Trd, 4318778.343, 61
Trd, 4318778.443, 67
Trd, 4318780.243, 140
Trd, 4318781.193, 139
Trd, 4318781.343, 139
Trd, 4318781.443, 138
Trd, 4318782.193, 123
Trd, 4318783.593, 139
Trd, 4318783.943, 139
Trd, 4318784.443, 126
Trd, 4318785.393, 137
Trd, 4318785.843, 132
Trd, 4318788.243, 61
Trd, 4318788.343, 90
Trd, 4318788.843, 139
Trd, 4318789.543, 129
Trd, 4318789.743, 110
Trd, 4318790.193, 140
Trd, 4318791.093, 140
Trd, 4318791.443, 70
Trd, 4318792.393, 140
Trd, 4318792.993, 140
Trd, 4318793.693, 140
Trd, 4318796.043, 140
Trd, 4318796.243, 119
Trd, 4318797.093, 117
Trd, 4318797.343, 140
Trd, 4318797.843, 138
Trd, 4318797.943, 124
Trd, 4318798.943, 78
Trd, 4318799.393, 138
Trd, 4318800.043, 62
Trd, 4318801.143, 60
Trd, 4318801.943, 138
Trd, 4318802.593, 138
Trd, 4318804.143, 140
Trd, 4318804.293, 139
Trd, 4318805.643, 137
Trd, 4318805.693, 132
Trd, 4318806.043, 122
Trd, 4318806.443, 140
Trd, 4318807.193, 140
Trd, 4318807.793, 140
Trd, 4318808.793, 124
Trd, 4318809.043, 60
Trd, 4318809.943, 134
Trd, 4318810.143, 140
Trd, 4318810.543, 135
Trd, 4318811.943, 139
Trd, 4318812.143, 135
Trd, 4318812.693, 140
Trd, 4318812.743, 137
Trd, 4318814.093, 120
Trd, 4318814.443, 140
Trd, 4318814.743, 140
Trd, 4318814.793, 139
Trd, 4318816.743, 117
Trd, 4318817.643, 140
Trd, 4318818.193, 140
Trd, 4318819.293, 140
Trd, 4318819.343, 140
Trd, 4318819.843, 139
Trd, 4318820.793, 140
Trd, 4318821.543, 139
Trd, 4318822.393, 140
Trd, 4318822.643, 121
Trd, 4318823.243, 140
Trd, 4318823.793, 140
Trd, 4318824.143, 125
Trd, 4318824.793, 139
Trd, 4318825.043, 122
Trd, 4318826.643, 139
Trd, 4318826.843, 139
Trd, 4318827.593, 138
Trd, 4318827.743, 124
Trd, 4318828.493, 140
Trd, 4318829.443, 118
Trd, 4318830.143, 91
Trd, 4318831.043, 62
Trd, 4318831.193, 139
Trd, 4318832.043, 137
Trd, 4318832.443, 137
Trd, 4318832.643, 137
Trd, 4318833.843, 78
Trd, 4318834.393, 61
Trd, 4318834.993, 61
Trd, 4318835.043, 62
Trd, 4318836.193, 62
Trd, 4318836.293, 80
Trd, 4318837.543, 67
Trd, 4318837.993, 66
Trd, 4318838.143, 67
Trd, 4318838.843, 62
Trd, 4318838.943, 67
Trd, 4318839.743, 140
Trd, 4318840.293, 140
Trd, 4318841.093, 140
Trd, 4318841.393, 138
Trd, 4318842.093, 126
Trd, 4318842.293, 138
Trd, 4318842.643, 118
Trd, 4318843.443, 140
Trd, 4318844.043, 73
Trd, 4318844.643, 140
Trd, 4318844.743, 139
Trd, 4318845.243, 65
Trd, 4318846.793, 139
Trd, 4318847.693, 137
Trd, 4318847.793, 124
Trd, 4318848.193, 130
Trd, 4318848.493, 138
Trd, 4318849.493, 75
Trd, 4318849.843, 140
Trd, 4318851.343, 140
Trd, 4318851.993, 140
Trd, 4318853.643, 140
Trd, 4318854.293, 139
Trd, 4318854.593, 136
Trd, 4318854.793, 121
Trd, 4318855.043, 101
Trd, 4318855.093, 102
Trd, 4318856.893, 138
Trd, 4318857.243, 123
Trd, 4318857.693, 139
Trd, 4318858.693, 140
Trd, 4318859.343, 140
Trd, 4318860.493, 140
Trd, 4318860.593, 139
Trd, 4318861.643, 121
Trd, 4318862.093, 107
Trd, 4318862.243, 138
Trd, 4318862.393, 99
Trd, 4318863.793, 140
Trd, 4318863.843, 139
Trd, 4318864.193, 106
Trd, 4318865.893, 137
Trd, 4318865.943, 85
Trd, 4318866.393, 140
Trd, 4318866.893, 140
Trd, 4318868.143, 140
Trd, 4318869.693, 140
Trd, 4318869.993, 140
Trd, 4318870.943, 140
Trd, 4318870.993, 139
Trd, 4318872.143, 140
Trd, 4318872.393, 140
Trd, 4318872.593, 138
Trd, 4318872.793, 118
Trd, 4318874.643, 60
Trd, 4318875.293, 60
Trd, 4318875.993, 62
Trd, 4318876.243, 76
Trd, 4318877.293, 68
Trd, 4318877.993, 60
Trd, 4318879.143, 140
Trd, 4318879.743, 140
Trd, 4318879.943, 140
Trd, 4318880.293, 140
Trd, 4318880.493, 138
Trd, 4318881.193, 115
Trd, 4318882.393, 137
Trd, 4318883.393, 61
Trd, 4318883.593, 63
Trd, 4318883.993, 66
Trd, 4318884.543, 137
Trd, 4318885.143, 60
Trd, 4318885.643, 61
Trd, 4318886.093, 140
Trd, 4318886.793, 138
Trd, 4318887.443, 128
Trd, 4318887.943, 118
Trd, 4318888.493, 140
Trd, 4318889.393, 62
Trd, 4318889.543, 140
Trd, 4318890.893, 139
Trd, 4318891.143, 139
Trd, 4318892.043, 118
Trd, 4318892.593, 62
Trd, 4318892.643, 64
Trd, 4318893.743, 139
Trd, 4318893.793, 132
Trd, 4318894.343, 100
Trd, 4318895.993, 138
Trd, 4318897.493, 64
Trd, 4318897.543, 126
Trd, 4318897.893, 93
Trd, 4318898.493, 104
Trd, 4318898.543, 86
Trd, 4318899.043, 139
Trd, 4318899.843, 140
Trd, 4318899.993, 140
Trd, 4318900.693, 139
Trd, 4318901.343, 140
Trd, 4318902.243, 140
Trd, 4318903.193, 140
Trd, 4318903.593, 140
Trd, 4318903.643, 140
Trd, 4318904.193, 122
Trd, 4318904.643, 105
Trd, 4318904.893, 76
Trd, 4318905.143, 139
Trd, 4318905.743, 67
Trd, 4318905.893, 68
Trd, 4318907.043, 140
Trd, 4318908.243, 139
Trd, 4318908.843, 113
Trd, 4318909.043, 140
Trd, 4318910.343, 140
Trd, 4318910.643, 138
Trd, 4318910.843, 138
Trd, 4318912.043, 60
Trd, 4318912.443, 61
Trd, 4318913.793, 65
Trd, 4318914.143, 139
Trd, 4318914.893, 140
Trd, 4318915.693, 140
Trd, 4318915.943, 140
Trd, 4318916.093, 124
Trd, 4318916.593, 60
Trd, 4318917.693, 60
Trd, 4318917.743, 61
Trd, 4318917.793, 136
Trd, 4318919.343, 64
Trd, 4318919.643, 63
Trd, 4318919.993, 64
Trd, 4318920.293, 73
Trd, 4318920.943, 138
Trd, 4318921.093, 138
Trd, 4318921.143, 118
Trd, 4318921.743, 140
Trd, 4318923.693, 60
Trd, 4318923.943, 62
Trd, 4318924.393, 69
Trd, 4318925.743, 66
Trd, 4318926.843, 60
Trd, 4318927.193, 61
Trd, 4318927.443, 63
Trd, 4318928.293, 140
Trd, 4318928.493, 63
Trd, 4318929.243, 79
Trd, 4318930.593, 122
Trd, 4318930.743, 116
Trd, 4318931.593, 140
Trd, 4318931.793, 137
Trd, 4318933.343, 140
Trd, 4318935.343, 140
Trd, 4318935.643, 140
Trd, 4318935.693, 140
Trd, 4318936.093, 126
Trd, 4318936.193, 138
Trd, 4318936.243, 111
Trd, 4318937.393, 60
Trd, 4318937.893, 118
Trd, 4318939.093, 140
Trd, 4318940.043, 140
Trd, 4318940.593, 140
Trd, 4318940.693, 138
Trd, 4318941.043, 136
Trd, 4318942.493, 100
Trd, 4318943.143, 140
Trd, 4318943.243, 83
Trd, 4318944.193, 140
Trd, 4318944.443, 140
Trd, 4318944.893, 140
Trd, 4318945.893, 140
Trd, 4318946.793, 137
Trd, 4318947.093, 140
Trd, 4318949.293, 140
Trd, 4318949.393, 140
Trd, 4318950.393, 140
Trd, 4318950.693, 119
Trd, 4318951.493, 140
Trd, 4318952.643, 140
Trd, 4318952.743, 136
Trd, 4318952.943, 135
Trd, 4318953.293, 126
Trd, 4318953.993, 140
Trd, 4318954.843, 140
Trd, 4318955.443, 140
Trd, 4318955.993, 137
Trd, 4318957.343, 140
Trd, 4318957.443, 140
Trd, 4318957.993, 138
Trd, 4318958.093, 117
Trd, 4318959.143, 60
Trd, 4318959.293, 72
Trd, 4318960.143, 64
Trd, 4318961.543, 140
Trd, 4318961.593, 138
Trd, 4318961.743, 129
Trd, 4318962.593, 140
Trd, 4318962.793, 139
Trd, 4318964.493, 140
Trd, 4318964.593, 139
Trd, 4318964.743, 139
Trd, 4318966.343, 140
Trd, 4318966.643, 139
Trd, 4318967.243, 138
Trd, 4318967.493, 140
Trd, 4318969.143, 140
Trd, 4318969.893, 138
Trd, 4318969.943, 119
Trd, 4318970.443, 140
Trd, 4318972.193, 140
Trd, 4318972.343, 140
Trd, 4318973.893, 139
Trd, 4318974.593, 137
Trd, 4318974.943, 140
Trd, 4318975.243, 136
Trd, 4318975.543, 118
Trd, 4318976.693, 139
Trd, 4318976.743, 117
Trd, 4318976.793, 106
Trd, 4318977.693, 138
Trd, 4318977.943, 140
Trd, 4318978.593, 140
Trd, 4318979.843, 60
Trd, 4318980.693, 63
Trd, 4318980.943, 65
Trd, 4318981.343, 139
Trd, 4318981.493, 121
Trd, 4318982.293, 139
Trd, 4318982.693, 136
Trd, 4318982.743, 122
Trd, 4318983.293, 63
Trd, 4318983.543, 140
Trd, 4318985.693, 63
Trd, 4318986.043, 67
Trd, 4318987.393, 134
Trd, 4318987.793, 139
Trd, 4318988.343, 121
Trd, 4318988.443, 62
Trd, 4318988.993, 80
Trd, 4318989.443, 64
Trd, 4318989.493, 81
Trd, 4318990.793, 137
Trd, 4318991.243, 139
Trd, 4318991.393, 138
Trd, 4318991.543, 138
Trd, 4318992.843, 140
Trd, 4318993.243, 120
Trd, 4318993.343, 107
Trd, 4318994.443, 140
Trd, 4318994.593, 138
Trd, 4318994.943, 137
Trd, 4318997.143, 139
Trd, 4318997.443, 139
Trd, 4318997.643, 119
Trd, 4318998.793, 140
Trd, 4318999.143, 138
Trd, 4319000.293, 121
Trd, 4319001.393, 140
Trd, 4319001.693, 140
Trd, 4319001.843, 140
Trd, 4319002.143, 128
Trd, 4319003.243, 140
Trd, 4319004.093, 139
Trd, 4319005.843, 140
Trd, 4319006.143, 138
Trd, 4319006.943, 140
Trd, 4319007.193, 138
Trd, 4319007.393, 135
Trd, 4319008.393, 119
Trd, 4319008.693, 116
Trd, 4319009.043, 92
Trd, 4319009.143, 94
Trd, 4319009.293, 87
Trd, 4319009.743, 123
Trd, 4319010.443, 139
Trd, 4319011.743, 139
Trd, 4319012.043, 140
Trd, 4319012.893, 140
Trd, 4319014.593, 139
Trd, 4319014.643, 137
Trd, 4319015.193, 137
Trd, 4319015.393, 139
Trd, 4319016.393, 105
Trd, 4319016.443, 68
Trd, 4319017.443, 139
Trd, 4319018.243, 140
Trd, 4319018.443, 140
Trd, 4319019.643, 137
Trd, 4319020.493, 131
Trd, 4319021.043, 140
Trd, 4319021.493, 137
Trd, 4319022.943, 140
Trd, 4319023.593, 138
Trd, 4319023.793, 138
Trd, 4319023.843, 129
Trd, 4319024.243, 137
Trd, 4319024.743, 115
Trd, 4319024.893, 105
Trd, 4319027.043, 140
Trd, 4319027.343, 140
Trd, 4319028.193, 60
Trd, 4319028.243, 61
Trd, 4319028.443, 84
Trd, 4319028.793, 140
Trd, 4319030.093, 72
Trd, 4319030.243, 71
Trd, 4319031.743, 140
Trd, 4319031.893, 67
Trd, 4319032.443, 68
Trd, 4319032.843, 76
Trd, 4319034.543, 139
Trd, 4319034.843, 140
Trd, 4319035.043, 139
Trd, 4319035.193, 136
Trd, 4319035.943, 125
Trd, 4319036.943, 140
Trd, 4319037.443, 140
Trd, 4319037.593, 104
Trd, 4319038.493, 61
Trd, 4319039.543, 60
Trd, 4319039.643, 61
Trd, 4319039.743, 61
Trd, 4319040.793, 61
Trd, 4319041.593, 97
Trd, 4319041.893, 74
Trd, 4319042.143, 140
Trd, 4319042.443, 140
Trd, 4319043.743, 140
Trd, 4319044.343, 66
Trd, 4319044.693, 103
Trd, 4319045.043, 64
Trd, 4319046.243, 64
Trd, 4319046.743, 63
Trd, 4319046.793, 70
Trd, 4319048.143, 71
Trd, 4319048.443, 76
Trd, 4319050.493, 60
Trd, 4319050.643, 61
Trd, 4319050.743, 62
Trd, 4319050.893, 66
Trd, 4319051.343, 61
Trd, 4319051.843, 71
Trd, 4319052.643, 63
Trd, 4319053.393, 140
Trd, 4319053.793, 139
Trd, 4319054.993, 140
Trd, 4319055.293, 140
Trd, 4319055.643, 136
Trd, 4319056.993, 112
Trd, 4319057.243, 140
Trd, 4319058.043, 103
Trd, 4319058.643, 140
Trd, 4319059.193, 62
Trd, 4319059.543, 61
Trd, 4319060.643, 69
Trd, 4319061.143, 76
Trd, 4319061.743, 68
Trd, 4319062.493, 140
Trd, 4319062.793, 124
Trd, 4319063.243, 106
Trd, 4319064.093, 63
Trd, 4319064.343, 64
Trd, 4319064.493, 139
Trd, 4319064.793, 62
Trd, 4319065.493, 63
Trd, 4319066.443, 60
Trd, 4319067.143, 60
Trd, 4319068.243, 60
Trd, 4319068.343, 61
Trd, 4319069.493, 61
Trd, 4319069.793, 63
Trd, 4319071.143, 60
Trd, 4319071.493, 67
Trd, 4319072.343, 65
Trd, 4319072.443, 71
Trd, 4319072.793, 63
Trd, 4319072.993, 67
Trd, 4319073.193, 115
Trd, 4319074.543, 77
Trd, 4319074.993, 66
Trd, 4319075.893, 140
Trd, 4319077.393, 60
Trd, 4319077.443, 61
Trd, 4319078.393, 60
Trd, 4319078.643, 64
Trd, 4319078.793, 65
Trd, 4319079.893, 60
Trd, 4319080.043, 61
Trd, 4319080.393, 61
Trd, 4319080.893, 139
Trd, 4319081.743, 62
Trd, 4319081.843, 66
Trd, 4319082.493, 95
Trd, 4319082.943, 140
Trd, 4319083.743, 78
Trd, 4319084.243, 136
Trd, 4319086.193, 61
Trd, 4319086.293, 63
Trd, 4319086.993, 61
Trd, 4319087.093, 80
Trd, 4319087.343, 139
Trd, 4319087.843, 60
Trd, 4319088.093, 60
Trd, 4319088.843, 140
Trd, 4319090.393, 64
Trd, 4319090.443, 67
Trd, 4319090.743, 140
Trd, 4319090.943, 60
Trd, 4319091.543, 140
Trd, 4319092.743, 125
Trd, 4319094.793, 60
Trd, 4319094.993, 60
Trd, 4319096.043, 60
Trd, 4319097.393, 64
Trd, 4319098.443, 61
Trd, 4319098.543, 62
Trd, 4319098.793, 63
Trd, 4319099.843, 64
Trd, 4319100.393, 60
Trd, 4319100.893, 62
Trd, 4319101.093, 63
Trd, 4319101.143, 63
Trd, 4319101.593, 70
Trd, 4319102.943, 140
Trd, 4319104.643, 140
Trd, 4319104.793, 140
Trd, 4319104.893, 138
Trd, 4319106.093, 140
Trd, 4319107.093, 140
Trd, 4319107.243, 138
Trd, 4319107.643, 136
Trd, 4319107.993, 61
Trd, 4319108.193, 140
Trd, 4319110.943, 60
Trd, 4319111.493, 61
Trd, 4319111.593, 63
Trd, 4319112.093, 60
Trd, 4319112.793, 61
Trd, 4319112.943, 60
Trd, 4319113.193, 63
Trd, 4319113.943, 62
Trd, 4319114.393, 67
Trd, 4319114.943, 61
Trd, 4319115.143, 75
Trd, 4319115.943, 63
Trd, 4319116.293, 135
Trd, 4319117.243, 140
Trd, 4319117.943, 140
Trd, 4319118.143, 138
Trd, 4319118.193, 123
Trd, 4319118.593, 60
Trd, 4319120.643, 62
Trd, 4319121.493, 60
Trd, 4319121.693, 65
Trd, 4319122.243, 68
Trd, 4319122.393, 140
Trd, 4319123.243, 64
Trd, 4319124.543, 61
Trd, 4319124.993, 64
Trd, 4319125.443, 138
Trd, 4319125.743, 138
Trd, 4319127.043, 62
Trd, 4319127.443, 67
Trd, 4319128.993, 61
Trd, 4319129.043, 63
Trd, 4319129.093, 68
Trd, 4319130.043, 61
Trd, 4319131.943, 60
Trd, 4319132.443, 60
Trd, 4319132.993, 60
Trd, 4319133.493, 60
Trd, 4319134.093, 62
Trd, 4319134.893, 62
Trd, 4319136.093, 60
Trd, 4319136.143, 61
Trd, 4319136.943, 62
Trd, 4319137.393, 64
Trd, 4319137.793, 63
Trd, 4319137.893, 94
Trd, 4319138.343, 140
Trd, 4319138.843, 79
Trd, 4319139.493, 62
Trd, 4319139.593, 64
Trd, 4319140.293, 73
Trd, 4319140.843, 136
Trd, 4319140.943, 121
Trd, 4319141.743, 111
Trd, 4319142.493, 138
Trd, 4319143.343, 138
Trd, 4319143.693, 126
Trd, 4319144.993, 139
Trd, 4319145.093, 136
Trd, 4319145.343, 139
Trd, 4319145.993, 140
Trd, 4319146.443, 139
Trd, 4319147.293, 60
Trd, 4319148.143, 60
Trd, 4319149.043, 60
Trd, 4319149.643, 60
Trd, 4319149.993, 62
Trd, 4319151.693, 62
Trd, 4319153.543, 60
Trd, 4319153.743, 60
Trd, 4319153.893, 62
Trd, 4319154.793, 61
Trd, 4319154.943, 61
Trd, 4319155.943, 60
Trd, 4319156.143, 67
Trd, 4319156.843, 64
Trd, 4319157.193, 60
Trd, 4319157.493, 62
Trd, 4319159.143, 62
Trd, 4319159.493, 64
Trd, 4319159.693, 65
Trd, 4319161.593, 140
Trd, 4319162.093, 133
Trd, 4319163.193, 140
Trd, 4319164.243, 140
Trd, 4319164.493, 140
Trd, 4319164.593, 139
Trd, 4319165.093, 140
Trd, 4319166.243, 140
Trd, 4319166.343, 140
Trd, 4319167.043, 104
Trd, 4319168.443, 140
Trd, 4319168.793, 140
Trd, 4319169.243, 140
Trd, 4319169.843, 139
Trd, 4319171.243, 140
Trd, 4319171.343, 139
Trd, 4319172.243, 139
Trd, 4319173.393, 140
Trd, 4319174.243, 140
Trd, 4319174.693, 125
Trd, 4319174.843, 122
Trd, 4319175.693, 106
Trd, 4319175.793, 119
Trd, 4319177.193, 140
Trd, 4319177.243, 139
Trd, 4319179.043, 139
Trd, 4319179.493, 140
Trd, 4319179.943, 140
Trd, 4319181.093, 140
Trd, 4319181.493, 103
Trd, 4319182.643, 140
Trd, 4319183.193, 140
Trd, 4319183.493, 140
Trd, 4319183.543, 138
Trd, 4319184.193, 139
Trd, 4319185.743, 131
Trd, 4319186.443, 140
Trd, 4319186.843, 135
Trd, 4319187.193, 134
Trd, 4319187.843, 125
Trd, 4319187.943, 114
Trd, 4319188.893, 138
Trd, 4319189.093, 139
Trd, 4319189.893, 108
Trd, 4319189.993, 100
Trd, 4319190.093, 131
Trd, 4319191.043, 68
Trd, 4319192.043, 68
Trd, 4319192.643, 61
Trd, 4319193.493, 63
Trd, 4319193.593, 68
Trd, 4319194.843, 140
Trd, 4319195.143, 105
Trd, 4319196.843, 140
Trd, 4319196.993, 140
Trd, 4319197.843, 140
Trd, 4319198.193, 139
Trd, 4319199.293, 138
Trd, 4319199.743, 138
Trd, 4319199.943, 139
Trd, 4319201.043, 140
Trd, 4319201.693, 140
Trd, 4319202.893, 140
Trd, 4319203.093, 140
Trd, 4319203.243, 140
Trd, 4319203.643, 126
Trd, 4319204.943, 139
Trd, 4319205.093, 120
Trd, 4319206.393, 138
Trd, 4319207.593, 138
Trd, 4319207.943, 129
Trd, 4319208.193, 119
Trd, 4319208.793, 140
Trd, 4319208.843, 113
Trd, 4319210.243, 140
Trd, 4319211.443, 140
Trd, 4319212.193, 140
Trd, 4319212.393, 139
Trd, 4319213.143, 140
Trd, 4319213.193, 123
Trd, 4319213.243, 114
Trd, 4319214.293, 140
Trd, 4319214.493, 135
Trd, 4319216.643, 140
Trd, 4319216.893, 139
Trd, 4319218.343, 140
Trd, 4319219.343, 140
Trd, 4319219.393, 139
Trd, 4319219.743, 140
Trd, 4319220.243, 140
Trd, 4319220.493, 140
Trd, 4319220.643, 126
Trd, 4319222.043, 121
Trd, 4319222.093, 105
Trd, 4319222.193, 66
Trd, 4319223.993, 140
Trd, 4319224.293, 140
Trd, 4319224.543, 140
Trd, 4319225.593, 140
Trd, 4319226.143, 124
Trd, 4319227.093, 140
Trd, 4319227.243, 140
Trd, 4319228.343, 138
Trd, 4319228.693, 138
Trd, 4319229.443, 140
Trd, 4319230.043, 140
Trd, 4319230.343, 138
Trd, 4319230.593, 123
Trd, 4319232.093, 140
Trd, 4319232.243, 139
Trd, 4319232.893, 138
Trd, 4319232.993, 119
Trd, 4319234.993, 60
Trd, 4319235.143, 69
Trd, 4319235.243, 73
Trd, 4319236.193, 67
Trd, 4319236.693, 62
Trd, 4319237.343, 89
Trd, 4319237.693, 78
Trd, 4319238.343, 103
Trd, 4319238.993, 63
Trd, 4319239.643, 67
Trd, 4319240.393, 140
Trd, 4319241.493, 140
Trd, 4319241.543, 108
Trd, 4319241.943, 140
Trd, 4319242.893, 140
Trd, 4319243.143, 136
Trd, 4319243.643, 140
Trd, 4319244.643, 138
Trd, 4319245.193, 95
Trd, 4319246.043, 62
Trd, 4319246.793, 60
Trd, 4319247.243, 71
Trd, 4319248.793, 60
Trd, 4319249.243, 61
Trd, 4319249.893, 60
Trd, 4319251.493, 60
Trd, 4319251.643, 61
Trd, 4319252.043, 64
Trd, 4319252.193, 67
Trd, 4319253.043, 62
Trd, 4319253.343, 63
Trd, 4319254.343, 60
Trd, 4319254.793, 62
Trd, 4319255.193, 64
Trd, 4319255.843, 60
Trd, 4319256.193, 60
Trd, 4319256.343, 65
Trd, 4319256.443, 128
Trd, 4319259.043, 60
Trd, 4319259.743, 60
Trd, 4319259.843, 60
Trd, 4319260.143, 60
Trd, 4319260.293, 65
Trd, 4319261.243, 60
Trd, 4319261.543, 61
Trd, 4319261.643, 65
Trd, 4319262.443, 64
Trd, 4319262.643, 63
Trd, 4319263.393, 70
Trd, 4319264.193, 138
Trd, 4319264.343, 67
Trd, 4319266.143, 62
Trd, 4319266.343, 64
Trd, 4319267.693, 61
Trd, 4319267.943, 61
Trd, 4319268.043, 62
Trd, 4319269.143, 61
Trd, 4319269.593, 123
Trd, 4319270.193, 124
Trd, 4319270.543, 60
Trd, 4319270.993, 140
Trd, 4319272.193, 140
Trd, 4319272.343, 67
Trd, 4319273.193, 60
Trd, 4319274.043, 139
Trd, 4319275.293, 62
Trd, 4319275.343, 63
Trd, 4319275.593, 66
Trd, 4319276.143, 61
Trd, 4319276.343, 66
Trd, 4319277.393, 140
Trd, 4319278.193, 140
Trd, 4319279.143, 140
Trd, 4319280.593, 140
Trd, 4319280.643, 140
Trd, 4319280.793, 130
Trd, 4319281.143, 91
Trd, 4319281.993, 61
Trd, 4319283.093, 140
Trd, 4319283.293, 136
Trd, 4319283.393, 116
Trd, 4319284.143, 139
Trd, 4319284.843, 85
Trd, 4319285.043, 60
Trd, 4319285.143, 60
Trd, 4319285.493, 140
Trd, 4319285.843, 127
Trd, 4319286.843, 64
Trd, 4319287.343, 136
Trd, 4319287.493, 67
Trd, 4319288.143, 62
Trd, 4319288.993, 65
Trd, 4319289.243, 139
Trd, 4319290.893, 140
Trd, 4319291.943, 130
Trd, 4319292.393, 86
Trd, 4319292.543, 64
Trd, 4319294.343, 139
Trd, 4319295.093, 140
Trd, 4319295.643, 139
Trd, 4319295.943, 138
Trd, 4319296.193, 123
Trd, 4319296.643, 139
Trd, 4319297.043, 139
Trd, 4319297.293, 131
Trd, 4319297.693, 99
Trd, 4319297.943, 84
Trd, 4319298.793, 140
Trd, 4319300.093, 140
Trd, 4319300.193, 138
Trd, 4319300.443, 138
Trd, 4319301.393, 65
Trd, 4319303.193, 140
Trd, 4319303.393, 140
Trd, 4319303.993, 140
Trd, 4319304.543, 139
Trd, 4319305.293, 71
Trd, 4319306.093, 71
Trd, 4319306.193, 72
Trd, 4319307.393, 139
Trd, 4319307.643, 136
Trd, 4319309.793, 140
Trd, 4319310.043, 140
Trd, 4319310.593, 140
Trd, 4319310.893, 139
Trd, 4319311.743, 140
Trd, 4319312.143, 138
Trd, 4319313.543, 140
Trd, 4319313.793, 140
Trd, 4319313.843, 139
Trd, 4319314.093, 125
Trd, 4319314.893, 60
Trd, 4319315.943, 60
Trd, 4319316.193, 60
Trd, 4319316.793, 60
Trd, 4319316.993, 139
Trd, 4319317.993, 140
Trd, 4319318.043, 138
Trd, 4319319.193, 140
Trd, 4319319.593, 119
Trd, 4319319.643, 113
Trd, 4319320.943, 61
Trd, 4319321.293, 62
Trd, 4319321.843, 60
Trd, 4319322.093, 62
Trd, 4319323.693, 140
Trd, 4319323.993, 123
Trd, 4319324.343, 140
Trd, 4319324.793, 134
Trd, 4319325.743, 140
Trd, 4319326.093, 140
Trd, 4319326.143, 137
Trd, 4319327.393, 140
Trd, 4319327.643, 124
Trd, 4319328.893, 140
Trd, 4319329.093, 140
Trd, 4319329.243, 139
Trd, 4319331.493, 140
Trd, 4319331.643, 139
Trd, 4319333.193, 140
Trd, 4319333.793, 139
Trd, 4319335.243, 139
Trd, 4319335.843, 140
Trd, 4319336.243, 138
Trd, 4319336.943, 138
Trd, 4319337.943, 137
Trd, 4319338.843, 140
Trd, 4319338.943, 124
Trd, 4319339.593, 140
Trd, 4319341.543, 140
Trd, 4319341.843, 140
Trd, 4319342.393, 140
Trd, 4319342.443, 124
Trd, 4319342.793, 118
Trd, 4319344.193, 140
Trd, 4319344.793, 139
Trd, 4319345.493, 139
Trd, 4319345.593, 130
Trd, 4319345.643, 122
Trd, 4319346.443, 140
Trd, 4319346.643, 137
Trd, 4319348.193, 139
Trd, 4319349.143, 140
Trd, 4319349.743, 140
Trd, 4319350.793, 140
Trd, 4319351.793, 140
Trd, 4319352.443, 139
Trd, 4319352.993, 137
Trd, 4319353.293, 140
Trd, 4319353.943, 135
Trd, 4319353.993, 122
Trd, 4319354.393, 140
Trd, 4319354.893, 140
Trd, 4319357.893, 140
Trd, 4319358.193, 140
Trd, 4319358.243, 139
Trd, 4319358.543, 139
Trd, 4319359.443, 139
Trd, 4319359.693, 127
Trd, 4319359.943, 106
Trd, 4319360.493, 75
Trd, 4319362.293, 140
Trd, 4319362.943, 137
Trd, 4319363.043, 137
Trd, 4319363.493, 120
Trd, 4319364.093, 140
Trd, 4319366.043, 140
Trd, 4319366.143, 140
Trd, 4319366.343, 139
Trd, 4319366.993, 138
Trd, 4319367.543, 124
Trd, 4319367.593, 115
Trd, 4319368.793, 102
Trd, 4319369.443, 135
Trd, 4319371.393, 70
Trd, 4319371.793, 140
Trd, 4319372.043, 139
Trd, 4319373.793, 60
Trd, 4319373.843, 64
Trd, 4319373.943, 60
Trd, 4319374.543, 64
Trd, 4319375.343, 140
Trd, 4319376.043, 61
Trd, 4319377.043, 60
Trd, 4319377.893, 139
Trd, 4319378.243, 136
Trd, 4319378.693, 140
Trd, 4319379.493, 113
Trd, 4319380.743, 140
Trd, 4319381.543, 139
Trd, 4319381.893, 135
Trd, 4319382.243, 127
Trd, 4319383.393, 140
Trd, 4319383.593, 121
Trd, 4319383.943, 137
Trd, 4319385.293, 139
Trd, 4319386.343, 140
Trd, 4319386.993, 140
Trd, 4319387.393, 140
Trd, 4319387.493, 131
Trd, 4319388.443, 140
Trd, 4319388.993, 140
Trd, 4319390.193, 140
Trd, 4319390.393, 140
Trd, 4319390.993, 134
Trd, 4319391.493, 118
Trd, 4319392.643, 135
Trd, 4319392.943, 140
Trd, 4319393.293, 80
Trd, 4319395.143, 138
Trd, 4319395.193, 136
Trd, 4319395.393, 134
Trd, 4319396.493, 139
Trd, 4319397.593, 113
Trd, 4319398.143, 139
Trd, 4319398.593, 140
Trd, 4319399.293, 120
Trd, 4319401.043, 139
Trd, 4319401.743, 140
Trd, 4319402.193, 139
Trd, 4319402.343, 138
Trd, 4319402.543, 124
Trd, 4319403.293, 139
Trd, 4319403.843, 140
Trd, 4319403.893, 138
Trd, 4319404.893, 140
Trd, 4319406.693, 140
Trd, 4319407.343, 138
Trd, 4319408.243, 140
Trd, 4319408.493, 140
Trd, 4319408.693, 138
Trd, 4319409.993, 114
Trd, 4319410.093, 80
Trd, 4319410.493, 65
Trd, 4319410.943, 66
Trd, 4319411.593, 140
Trd, 4319412.193, 140
Trd, 4319412.293, 140
Trd, 4319412.593, 126
Trd, 4319414.643, 140
Trd, 4319414.793, 140
Trd, 4319415.143, 139
Trd, 4319415.443, 71
Trd, 4319415.993, 139
Trd, 4319416.543, 140
Trd, 4319418.543, 137
Trd, 4319419.293, 140
Trd, 4319419.393, 138
Trd, 4319419.643, 140
Trd, 4319420.343, 139
Trd, 4319421.143, 137
Trd, 4319421.493, 139
Trd, 4319422.743, 140
Trd, 4319423.293, 136
Trd, 4319423.443, 125
Trd, 4319423.843, 140
Trd, 4319425.593, 140
Trd, 4319425.743, 139
Trd, 4319426.093, 139
Trd, 4319426.143, 87
Trd, 4319426.793, 61
Trd, 4319426.993, 61
Trd, 4319427.593, 61
Trd, 4319427.843, 69
Trd, 4319429.293, 60
Trd, 4319429.893, 60
Trd, 4319430.493, 60
Trd, 4319431.343, 60
Trd, 4319432.143, 61
Trd, 4319432.293, 66
Trd, 4319432.943, 138
Trd, 4319433.693, 64
Trd, 4319434.293, 140
Trd, 4319434.643, 63
Trd, 4319435.143, 61
Trd, 4319435.193, 62
Trd, 4319435.593, 140
Trd, 4319436.893, 138
Trd, 4319437.193, 120
Trd, 4319438.293, 136
Trd, 4319438.693, 105
Trd, 4319439.243, 138
Trd, 4319440.493, 140
Trd, 4319441.393, 134
Trd, 4319441.893, 87
Trd, 4319442.193, 60
Trd, 4319443.093, 140
Trd, 4319443.843, 140
Trd, 4319444.143, 139
Trd, 4319444.193, 138
Trd, 4319444.993, 138
Trd, 4319446.093, 109
Trd, 4319446.593, 127
Trd, 4319446.793, 81
Trd, 4319446.993, 75
Trd, 4319449.143, 137
Trd, 4319449.693, 126
Trd, 4319449.743, 117
Trd, 4319451.643, 140
Trd, 4319453.743, 140
Trd, 4319453.843, 140
Trd, 4319453.943, 140
Trd, 4319454.093, 140
Trd, 4319454.693, 139
Trd, 4319455.093, 139
Trd, 4319455.293, 133
Trd, 4319456.043, 114
Trd, 4319457.743, 140
Trd, 4319458.443, 140
Trd, 4319459.193, 140
Trd, 4319459.493, 140
Trd, 4319459.643, 140
Trd, 4319460.143, 140
Trd, 4319461.643, 140
Trd, 4319461.793, 140
Trd, 4319462.093, 140
Trd, 4319462.693, 96
Trd, 4319462.843, 136
Trd, 4319464.593, 63
Trd, 4319464.693, 70
Trd, 4319464.993, 140
Trd, 4319466.193, 62
Trd, 4319466.393, 65
Trd, 4319467.643, 138
Trd, 4319467.843, 123
Trd, 4319468.743, 140
Trd, 4319469.193, 109
Trd, 4319469.693, 100
Trd, 4319469.993, 102
Trd, 4319470.393, 140
Trd, 4319472.143, 140
Trd, 4319473.593, 139
Trd, 4319473.743, 124
Trd, 4319474.143, 139
Trd, 4319474.543, 66
Trd, 4319475.043, 140
Trd, 4319475.743, 140
Trd, 4319476.143, 139
Trd, 4319476.993, 138
Trd, 4319477.643, 136
Trd, 4319477.693, 121
Trd, 4319478.843, 140
Trd, 4319479.643, 139
Trd, 4319479.743, 132
Trd, 4319481.443, 140
Trd, 4319481.543, 138
Trd, 4319481.593, 121
Trd, 4319482.643, 140
Trd, 4319483.193, 139
Trd, 4319484.393, 140
Trd, 4319484.443, 140
Trd, 4319485.493, 135
Trd, 4319485.543, 133
Trd, 4319486.143, 140
Trd, 4319486.593, 140
Trd, 4319486.693, 124
Trd, 4319487.893, 140
Trd, 4319488.343, 139
Trd, 4319488.543, 138
Trd, 4319488.593, 137
Trd, 4319489.243, 77
Trd, 4319491.693, 140
Trd, 4319492.293, 140
Trd, 4319493.043, 140
Trd, 4319493.793, 132
Trd, 4319493.893, 116
Trd, 4319493.943, 91
Trd, 4319494.643, 60
Trd, 4319494.993, 133
Trd, 4319496.293, 61
Trd, 4319496.793, 61
Trd, 4319499.293, 61
Trd, 4319499.443, 64
Trd, 4319499.793, 60
Trd, 4319500.043, 62
Trd, 4319500.193, 62
Trd, 4319500.843, 65
Trd, 4319500.993, 66
Trd, 4319501.593, 140
Trd, 4319502.093, 140
Trd, 4319502.643, 140
Trd, 4319502.743, 139
Trd, 4319503.043, 124
Trd, 4319504.093, 140
Trd, 4319504.793, 133
Trd, 4319505.793, 137
Trd, 4319506.543, 138
Trd, 4319509.143, 138
Trd, 4319509.443, 138
Trd, 4319509.493, 137
Trd, 4319510.143, 138
Trd, 4319510.893, 140
Trd, 4319511.543, 103
Trd, 4319511.893, 138
Trd, 4319512.643, 139
Trd, 4319512.893, 137
Trd, 4319514.693, 139
Trd, 4319515.343, 140
Trd, 4319515.743, 124
Trd, 4319516.093, 138
Trd, 4319516.943, 139
Trd, 4319517.793, 139
Trd, 4319518.293, 139
Trd, 4319518.443, 138
Trd, 4319519.393, 140
Trd, 4319519.443, 119
Trd, 4319519.593, 113
Trd, 4319519.743, 87
Trd, 4319520.043, 140
Trd, 4319521.243, 140
Trd, 4319522.043, 137
Trd, 4319522.943, 140
Trd, 4319524.043, 140
Trd, 4319524.893, 140
Trd, 4319525.593, 138
Trd, 4319526.093, 109
Trd, 4319526.243, 103
Trd, 4319527.793, 137
Trd, 4319528.243, 140
Trd, 4319528.943, 137
Trd, 4319529.343, 135
Trd, 4319530.093, 138
Trd, 4319530.493, 139
Trd, 4319530.543, 137
Trd, 4319530.693, 124
Trd, 4319531.993, 140
Trd, 4319532.243, 134
Trd, 4319532.643, 140
Trd, 4319533.593, 117
Trd, 4319534.143, 63
Trd, 4319534.193, 112
Trd, 4319534.693, 62
Trd, 4319534.843, 113
Trd, 4319535.743, 61
Trd, 4319536.543, 71
Trd, 4319537.193, 62
Trd, 4319538.193, 62
Trd, 4319539.193, 61
Trd, 4319539.793, 62
Trd, 4319540.043, 63
Trd, 4319540.643, 60
Trd, 4319540.993, 123
Trd, 4319541.143, 139
Trd, 4319542.793, 62
Trd, 4319543.193, 60
Trd, 4319543.793, 65
Trd, 4319544.893, 139
Trd, 4319545.043, 113
Trd, 4319545.593, 132
Trd, 4319545.743, 62
Trd, 4319546.443, 63
Trd, 4319547.143, 60
Trd, 4319548.293, 67
Trd, 4319548.593, 68
Trd, 4319548.893, 125
Trd, 4319549.643, 63
Trd, 4319549.893, 60
Trd, 4319551.443, 140
Trd, 4319551.893, 130
Trd, 4319552.443, 100
Trd, 4319553.043, 140
Trd, 4319553.643, 140
Trd, 4319553.943, 139
Trd, 4319555.593, 139
Trd, 4319556.193, 140
Trd, 4319556.393, 139
Trd, 4319557.793, 140
Trd, 4319558.393, 140
Trd, 4319558.493, 118
Trd, 4319558.693, 64
Trd, 4319560.143, 66
Trd, 4319561.043, 60
Trd, 4319561.193, 62
Trd, 4319562.393, 140
Trd, 4319562.493, 120
Trd, 4319562.693, 113
Trd, 4319563.593, 114
Trd, 4319563.693, 137
Trd, 4319564.243, 139
Trd, 4319564.893, 60
Trd, 4319565.043, 140
Trd, 4319566.643, 139
Trd, 4319566.993, 139
Trd, 4319567.043, 125
Trd, 4319567.393, 65
Trd, 4319567.843, 138
Trd, 4319568.743, 69
Trd, 4319569.543, 70
Trd, 4319569.693, 61
Trd, 4319570.493, 70
Trd, 4319571.143, 138
Trd, 4319571.793, 113
Trd, 4319572.243, 140
Trd, 4319573.493, 61
Trd, 4319573.543, 62
Trd, 4319575.143, 140
Trd, 4319575.443, 95
Trd, 4319576.693, 140
Trd, 4319577.243, 139
Trd, 4319577.443, 139
Trd, 4319577.743, 140
Trd, 4319578.893, 140
Trd, 4319579.443, 140
Trd, 4319580.943, 140
Trd, 4319581.043, 139
Trd, 4319581.093, 136
Trd, 4319581.143, 125
Trd, 4319582.543, 139
Trd, 4319582.643, 121
Trd, 4319583.343, 90
Trd, 4319583.643, 139
Trd, 4319585.343, 140
Trd, 4319585.443, 138
Trd, 4319585.843, 138
Trd, 4319587.893, 140
Trd, 4319587.943, 95
Trd, 4319589.693, 138
Trd, 4319589.793, 136
Trd, 4319590.293, 107
Trd, 4319591.393, 140
Trd, 4319592.293, 140
Trd, 4319592.443, 140
Trd, 4319592.643, 139
Trd, 4319592.793, 98
Trd, 4319593.443, 139
Trd, 4319593.543, 60
Trd, 4319593.893, 126
Trd, 4319595.393, 60
Trd, 4319596.493, 60
Trd, 4319596.643, 60
Trd, 4319597.493, 69
Trd, 4319597.593, 61
Trd, 4319597.743, 60
Trd, 4319598.093, 83
Trd, 4319598.893, 60
Trd, 4319599.993, 60
Trd, 4319600.693, 64
Trd, 4319601.293, 69
Trd, 4319601.443, 131
Trd, 4319602.043, 61
Trd, 4319602.993, 71
Trd, 4319603.493, 139
Trd, 4319603.543, 66
Trd, 4319605.393, 60
Trd, 4319605.843, 60
Trd, 4319606.443, 139
Trd, 4319607.193, 140
Trd, 4319607.593, 118
Trd, 4319608.243, 62
Trd, 4319608.593, 62
Trd, 4319608.793, 62
Trd, 4319609.143, 62
Trd, 4319609.793, 140
Trd, 4319610.593, 61
Trd, 4319611.293, 61
Trd, 4319611.693, 60
Trd, 4319611.793, 61
Trd, 4319612.843, 65
Trd, 4319612.943, 65
Trd, 4319613.543, 60
Trd, 4319615.143, 140
Trd, 4319616.043, 137
Trd, 4319616.443, 138
Trd, 4319616.743, 65
Trd, 4319617.943, 140
Trd, 4319617.993, 139
Trd, 4319618.043, 124
Trd, 4319618.643, 127
Trd, 4319619.543, 63
Trd, 4319619.593, 69
Trd, 4319620.443, 65
Trd, 4319620.743, 63
Trd, 4319621.893, 72
Trd, 4319622.493, 71
Trd, 4319623.293, 60
Trd, 4319623.643, 60
Trd, 4319624.093, 65
Trd, 4319625.293, 61
Trd, 4319625.843, 61
Trd, 4319626.593, 65
Trd, 4319626.743, 130
Trd, 4319627.293, 139
Trd, 4319628.343, 60
Trd, 4319628.793, 60
Trd, 4319629.843, 60
Trd, 4319630.743, 62
Trd, 4319631.143, 61
Trd, 4319631.193, 62
Trd, 4319632.393, 60
Trd, 4319632.593, 61
Trd, 4319632.743, 64
Trd, 4319633.143, 61
Trd, 4319634.593, 69
Trd, 4319635.493, 63
Trd, 4319636.243, 140
Trd, 4319637.393, 140
Trd, 4319637.593, 140
Trd, 4319637.693, 124
Trd, 4319638.693, 140
Trd, 4319639.443, 140
Trd, 4319640.093, 64
Trd, 4319640.593, 140
Trd, 4319642.093, 60
Trd, 4319642.243, 66
Trd, 4319643.093, 61
Trd, 4319643.393, 62
Trd, 4319644.193, 64
Trd, 4319644.543, 61
Trd, 4319645.193, 62
Trd, 4319646.193, 140
Trd, 4319646.593, 140
Trd, 4319646.843, 139
Trd, 4319648.193, 137
Trd, 4319648.843, 139
Trd, 4319648.893, 139
Trd, 4319649.493, 140
Trd, 4319650.293, 135
Trd, 4319651.343, 140
Trd, 4319651.993, 140
Trd, 4319652.093, 139
Trd, 4319652.893, 139
Trd, 4319653.193, 140
Trd, 4319654.743, 140
Trd, 4319655.043, 139
Trd, 4319655.143, 139
Trd, 4319656.143, 140
Trd, 4319656.643, 122
Trd, 4319656.793, 110
Trd, 4319657.893, 140
Trd, 4319658.693, 139
Trd, 4319658.993, 138
Trd, 4319659.343, 136
Trd, 4319659.993, 140
Trd, 4319660.293, 140
Trd, 4319661.993, 139
Trd, 4319662.543, 138
Trd, 4319663.143, 140
Trd, 4319663.493, 140
Trd, 4319663.743, 138
Trd, 4319664.893, 103
Trd, 4319665.993, 140
Trd, 4319666.043, 123
Trd, 4319667.093, 140
Trd, 4319668.093, 140
Trd, 4319668.543, 117
Trd, 4319668.843, 60
Trd, 4319669.593, 140
Trd, 4319670.493, 139
Trd, 4319670.793, 138
Trd, 4319672.743, 139
Trd, 4319673.043, 138
Trd, 4319673.143, 138
Trd, 4319675.093, 140
Trd, 4319675.443, 139
Trd, 4319676.043, 140
Trd, 4319676.493, 140
Trd, 4319676.693, 138
Trd, 4319677.693, 140
Trd, 4319677.993, 138
Trd, 4319678.543, 138
Trd, 4319678.743, 106
Trd, 4319678.793, 102
Trd, 4319679.893, 61
Trd, 4319681.093, 62
Trd, 4319681.743, 65
Trd, 4319682.043, 66
Trd, 4319682.493, 118
Trd, 4319683.993, 139
Trd, 4319684.693, 140
Trd, 4319685.193, 139
Trd, 4319685.643, 140
Trd, 4319685.943, 139
Trd, 4319686.293, 129
Trd, 4319686.893, 115
Trd, 4319687.343, 104
Trd, 4319688.793, 140
Trd, 4319688.993, 140
Trd, 4319690.443, 140
Trd, 4319690.693, 137
Trd, 4319691.793, 140
Trd, 4319692.343, 140
Trd, 4319692.743, 140
Trd, 4319692.793, 140
Trd, 4319692.943, 124
Trd, 4319693.593, 131
Trd, 4319694.143, 140
Trd, 4319694.593, 139
Trd, 4319694.793, 116
Trd, 4319695.593, 104
Trd, 4319696.443, 84
Trd, 4319697.193, 60
Trd, 4319697.693, 61
Trd, 4319698.243, 64
Trd, 4319698.843, 64
Trd, 4319699.193, 65
Trd, 4319699.543, 64
Trd, 4319700.093, 130
Trd, 4319700.743, 60
Trd, 4319701.943, 82
Trd, 4319702.243, 140
Trd, 4319702.793, 60
Trd, 4319703.943, 60
Trd, 4319704.143, 60
Trd, 4319704.843, 65
Trd, 4319705.793, 139
Trd, 4319705.843, 136
Trd, 4319705.993, 120
Trd, 4319706.893, 128
Trd, 4319707.343, 109
Trd, 4319708.243, 73
Trd, 4319708.743, 139
Trd, 4319709.993, 140
Trd, 4319710.593, 140
Trd, 4319710.993, 139
Trd, 4319711.293, 140
Trd, 4319712.043, 140
Trd, 4319712.243, 137
Trd, 4319712.793, 119
Trd, 4319712.893, 117
Trd, 4319713.493, 140
Trd, 4319714.193, 138
Trd, 4319715.293, 138
Trd, 4319715.743, 137
Trd, 4319716.943, 139
Trd, 4319718.243, 140
Trd, 4319718.343, 140
Trd, 4319718.493, 139
Trd, 4319719.193, 139
Trd, 4319719.693, 138
Trd, 4319719.993, 135
Trd, 4319720.493, 103
Trd, 4319721.093, 140
Trd, 4319722.193, 140
Trd, 4319722.643, 140
Trd, 4319723.043, 139
Trd, 4319723.643, 134
Trd, 4319724.643, 76
Trd, 4319724.793, 77
Trd, 4319725.093, 62
Trd, 4319726.093, 140
Trd, 4319727.043, 140
Trd, 4319727.393, 140
Trd, 4319727.643, 125
Trd, 4319727.993, 116
Trd, 4319729.043, 60
Trd, 4319729.343, 140
Trd, 4319731.043, 140
Trd, 4319731.243, 140
Trd, 4319731.743, 140
Trd, 4319732.143, 113
Trd, 4319732.693, 139
Trd, 4319733.043, 137
Trd, 4319734.193, 140
Trd, 4319734.643, 140
Trd, 4319735.693, 140
Trd, 4319735.793, 120
Trd, 4319737.493, 138
Trd, 4319739.193, 140
Trd, 4319739.343, 139
Trd, 4319740.193, 140
Trd, 4319740.693, 140
Trd, 4319740.993, 124
Trd, 4319741.143, 112
Trd, 4319741.393, 138
Trd, 4319741.443, 139
Trd, 4319743.443, 140
Trd, 4319743.693, 139
Trd, 4319744.243, 134
Trd, 4319744.343, 132
Trd, 4319745.793, 139
Trd, 4319746.143, 140
Trd, 4319746.293, 134
Trd, 4319746.643, 62
Trd, 4319747.693, 66
Trd, 4319748.093, 139
Trd, 4319750.043, 60
Trd, 4319750.693, 61
Trd, 4319750.743, 62
Trd, 4319750.993, 64
Trd, 4319751.543, 74
Trd, 4319751.943, 68
Trd, 4319752.043, 99
Trd, 4319754.143, 63
Trd, 4319754.343, 64
Trd, 4319754.543, 61
Trd, 4319754.743, 63
Trd, 4319756.493, 61
Trd, 4319757.093, 63
Trd, 4319757.143, 64
Trd, 4319758.293, 64
Trd, 4319758.493, 60
Trd, 4319758.843, 140
Trd, 4319759.243, 62
Trd, 4319759.993, 139
Trd, 4319760.343, 140
Trd, 4319761.343, 62
Trd, 4319761.493, 123
Trd, 4319762.443, 62
Trd, 4319762.793, 65
Trd, 4319762.993, 126
Trd, 4319763.893, 136
Trd, 4319764.743, 60
Trd, 4319766.043, 60
Trd, 4319766.493, 66
Trd, 4319766.643, 93
Trd, 4319767.193, 140
Trd, 4319767.693, 140
Trd, 4319768.643, 60
Trd, 4319769.043, 71
Trd, 4319769.843, 67
Trd, 4319770.143, 63
Trd, 4319770.993, 140
Trd, 4319771.243, 126
Trd, 4319771.893, 60
Trd, 4319772.043, 64
Trd, 4319773.393, 68
Trd, 4319773.593, 66
Trd, 4319773.993, 63
Trd, 4319774.593, 69
Trd, 4319775.793, 64
Trd, 4319776.493, 140
Trd, 4319776.743, 66
Trd, 4319777.243, 140
Trd, 4319778.643, 138
Trd, 4319778.993, 139
Trd, 4319780.293, 140
Trd, 4319780.743, 135
Trd, 4319781.193, 121
Trd, 4319781.443, 76
Trd, 4319782.393, 64
Trd, 4319783.343, 135
Trd, 4319783.743, 139
Trd, 4319784.093, 114
Trd, 4319784.443, 140
Trd, 4319784.843, 140
Trd, 4319785.043, 108
Trd, 4319786.293, 138
Trd, 4319787.693, 140
Trd, 4319788.143, 140
Trd, 4319788.543, 140
Trd, 4319788.893, 130
Trd, 4319789.843, 140
Trd, 4319790.143, 138
Trd, 4319790.393, 140
Trd, 4319791.893, 103
Trd, 4319792.543, 140
Trd, 4319792.743, 100
Trd, 4319793.543, 137
Trd, 4319794.843, 139
Trd, 4319795.193, 140
Trd, 4319795.693, 140
Trd, 4319796.343, 61
Trd, 4319796.543, 61
Trd, 4319796.993, 61
Trd, 4319797.643, 139
Trd, 4319798.443, 139
Trd, 4319798.493, 121
Trd, 4319799.493, 60
Trd, 4319800.293, 60
Trd, 4319800.443, 68
Trd, 4319801.043, 138
Trd, 4319801.893, 140
Trd, 4319802.143, 140
Trd, 4319803.393, 140
Trd, 4319804.193, 62
Trd, 4319804.493, 66
Trd, 4319805.493, 136
Trd, 4319806.693, 135
Trd, 4319807.393, 140
Trd, 4319807.443, 136
Trd, 4319807.693, 140
Trd, 4319809.293, 139
Trd, 4319809.543, 139
Trd, 4319809.943, 124
Trd, 4319811.043, 140
Trd, 4319811.793, 139
Trd, 4319811.943, 126
Trd, 4319814.493, 140
Trd, 4319814.593, 139
Trd, 4319815.243, 140
Trd, 4319815.443, 139
Trd, 4319816.693, 140
Trd, 4319816.793, 132
Trd, 4319817.443, 140
Trd, 4319818.093, 140
Trd, 4319818.543, 127
Trd, 4319818.843, 117
Trd, 4319819.093, 130
Trd, 4319819.893, 111
Trd, 4319820.893, 140
Trd, 4319821.143, 139
Trd, 4319821.643, 78
Trd, 4319822.793, 137
Trd, 4319824.093, 140
Trd, 4319824.443, 140
Trd, 4319826.293, 140
Trd, 4319826.693, 140
Trd, 4319826.843, 139
Trd, 4319827.043, 139
Trd, 4319827.393, 137
Trd, 4319827.643, 107
Trd, 4319828.693, 63
Trd, 4319828.943, 76
Trd, 4319829.893, 60
Trd, 4319830.343, 62
Trd, 4319830.543, 60
Trd, 4319830.893, 140
Trd, 4319831.193, 137
Trd, 4319831.693, 138
Trd, 4319831.993, 140
Trd, 4319832.743, 140
Trd, 4319832.943, 139
Trd, 4319834.093, 140
Trd, 4319835.143, 140
Trd, 4319836.543, 140
Trd, 4319836.593, 137
Trd, 4319837.093, 140
Trd, 4319837.393, 128
Trd, 4319838.443, 82
Trd, 4319838.893, 138
Trd, 4319839.593, 140
Trd, 4319840.943, 140
Trd, 4319841.743, 138
Trd, 4319841.843, 119
Trd, 4319843.643, 140
Trd, 4319843.843, 140
Trd, 4319844.193, 124
Trd, 4319844.343, 109
Trd, 4319844.793, 75
Trd, 4319845.493, 139
Trd, 4319845.793, 115
Trd, 4319847.043, 62
Trd, 4319847.343, 67
Trd, 4319847.793, 138
Trd, 4319848.143, 139
Trd, 4319848.793, 140
Trd, 4319850.493, 64
Trd, 4319851.343, 139
Trd, 4319852.093, 140
Trd, 4319852.193, 140
Trd, 4319852.443, 139
Trd, 4319853.393, 140
Trd, 4319853.643, 139
Trd, 4319855.093, 138
Trd, 4319855.393, 127
Trd, 4319855.643, 111
Trd, 4319856.543, 139
Trd, 4319856.693, 119
Trd, 4319857.843, 140
Trd, 4319858.343, 61
Trd, 4319858.893, 68
Trd, 4319859.443, 60
Trd, 4319859.993, 73
Trd, 4319860.043, 74
Trd, 4319861.343, 140
Trd, 4319861.893, 140
Trd, 4319862.343, 140
Trd, 4319862.743, 139
Trd, 4319863.893, 138
Trd, 4319864.843, 140
Trd, 4319865.693, 139
Trd, 4319865.743, 127
Trd, 4319866.193, 138
Trd, 4319866.593, 132
Trd, 4319866.793, 121
Trd, 4319867.093, 98
Trd, 4319868.393, 140
Trd, 4319869.443, 139
Trd, 4319869.993, 125
Trd, 4319871.593, 140
Trd, 4319871.943, 139
Trd, 4319872.093, 137
Trd, 4319872.393, 140
Trd, 4319872.493, 139
Trd, 4319873.393, 139
Trd, 4319874.543, 69
Trd, 4319874.993, 60
Trd, 4319876.293, 60
Trd, 4319876.693, 65
Trd, 4319877.393, 65
Trd, 4319877.443, 113
Trd, 4319877.993, 71
Trd, 4319878.143, 128
Trd, 4319878.993, 139
Trd, 4319880.243, 60
Trd, 4319880.393, 60
Trd, 4319881.543, 60
Trd, 4319882.293, 61
Trd, 4319882.393, 62
Trd, 4319882.643, 61
Trd, 4319883.843, 60
Trd, 4319884.343, 62
Trd, 4319884.843, 73
Trd, 4319885.143, 75
Trd, 4319885.893, 138
Trd, 4319886.443, 137
Trd, 4319886.843, 74
Trd, 4319887.243, 137
Trd, 4319887.943, 140
Trd, 4319888.993, 60
Trd, 4319889.393, 61
Trd, 4319889.693, 60
Trd, 4319889.943, 65
Trd, 4319890.193, 136
Trd, 4319890.543, 125
Trd, 4319892.093, 140
Trd, 4319893.543, 139
Trd, 4319893.743, 137
Trd, 4319893.843, 105
Trd, 4319894.493, 88
Trd, 4319895.593, 140
Trd, 4319896.493, 139
Trd, 4319897.093, 140
Trd, 4319897.493, 140
Trd, 4319898.143, 140
Trd, 4319898.343, 125
Trd, 4319898.843, 138
Trd, 4319899.143, 102
Trd, 4319899.793, 62
Trd, 4319900.443, 64
Trd, 4319900.593, 65
Trd, 4319900.993, 118
Trd, 4319901.843, 65
Trd, 4319902.543, 64
Trd, 4319903.293, 87
Trd, 4319903.543, 62
Trd, 4319904.193, 64
Trd, 4319905.693, 140
Trd, 4319906.593, 140
Trd, 4319906.743, 140
Trd, 4319907.493, 139
Trd, 4319908.193, 139
Trd, 4319908.393, 126
Trd, 4319909.943, 140
Trd, 4319910.443, 140
Trd, 4319910.643, 137
Trd, 4319911.193, 140
Trd, 4319911.493, 132
Trd, 4319911.943, 140
Trd, 4319912.843, 95
Trd, 4319913.043, 60
Trd, 4319913.693, 140
Trd, 4319915.293, 96
Trd, 4319915.643, 140
Trd, 4319916.393, 139
Trd, 4319917.093, 121
Trd, 4319917.593, 140
Trd, 4319918.693, 140
Trd, 4319919.093, 138
Trd, 4319919.143, 135
Trd, 4319920.943, 140
Trd, 4319921.043, 140
Trd, 4319921.193, 139
Trd, 4319921.893, 139
Trd, 4319923.143, 140
Trd, 4319923.843, 140
Trd, 4319924.343, 133
Trd, 4319924.993, 105
Trd, 4319925.543, 93
Trd, 4319925.693, 140
Trd, 4319926.493, 139
Trd, 4319926.743, 62
Trd, 4319926.943, 62
Trd, 4319928.893, 64
Trd, 4319929.093, 65
Trd, 4319930.393, 63
Trd, 4319931.193, 63
Trd, 4319931.493, 60
Trd, 4319932.243, 64
Trd, 4319932.293, 69
Trd, 4319932.693, 66
Trd, 4319933.243, 70
Trd, 4319933.993, 137
Trd, 4319934.943, 127
Trd, 4319935.593, 140
Trd, 4319936.343, 140
Trd, 4319936.793, 137
Trd, 4319936.893, 121
Trd, 4319937.843, 138
Trd, 4319938.443, 139
Trd, 4319939.243, 140
Trd, 4319939.743, 140
Trd, 4319940.343, 140
Trd, 4319940.593, 120
Trd, 4319943.293, 140
Trd, 4319944.093, 140
Trd, 4319944.693, 139
Trd, 4319944.843, 139
Trd, 4319945.093, 140
Trd, 4319945.643, 140
Trd, 4319945.693, 125
Trd, 4319945.943, 125
Trd, 4319946.293, 60
Trd, 4319946.693, 140
Trd, 4319947.193, 138
Trd, 4319949.043, 71
Trd, 4319949.143, 74
Trd, 4319949.393, 76
Trd, 4319951.343, 139
Trd, 4319951.993, 140
Trd, 4319953.143, 140
Trd, 4319953.643, 140
Trd, 4319954.093, 139
Trd, 4319954.643, 139
Trd, 4319955.043, 139
Trd, 4319955.143, 120
Trd, 4319955.543, 80
Trd, 4319956.593, 140
Trd, 4319957.143, 140
Trd, 4319958.593, 140
Trd, 4319958.743, 86
Trd, 4319959.643, 101
Trd, 4319960.243, 138
Trd, 4319961.043, 140
Trd, 4319961.093, 137
Trd, 4319961.693, 60
Trd, 4319961.943, 61
Trd, 4319962.493, 140
Trd, 4319963.693, 140
Trd, 4319963.993, 139
Trd, 4319965.143, 124
Trd, 4319966.493, 140
Trd, 4319967.593, 139
Trd, 4319967.993, 131
Trd, 4319968.443, 137
Trd, 4319968.493, 114
Trd, 4319968.593, 102
Trd, 4319968.993, 140
Trd, 4319969.693, 138
Trd, 4319969.993, 139
Trd, 4319971.143, 62
Trd, 4319971.643, 69
Trd, 4319972.143, 102
Trd, 4319973.443, 140
Trd, 4319973.793, 139
Trd, 4319974.143, 126
Trd, 4319975.343, 60
Trd, 4319975.493, 62
Trd, 4319975.843, 63
Trd, 4319976.693, 63
Trd, 4319977.243, 61
Trd, 4319977.793, 140
Trd, 4319979.493, 140
Trd, 4319979.993, 139
Trd, 4319980.043, 138
Trd, 4319980.193, 140
Trd, 4319980.893, 105
Trd, 4319981.043, 102
Trd, 4319981.693, 140
Trd, 4319982.243, 140
Trd, 4319983.043, 139
Trd, 4319983.493, 140
Trd, 4319983.543, 139
Trd, 4319985.143, 140
Trd, 4319985.193, 139
Trd, 4319986.093, 62
Trd, 4319986.843, 140
Trd, 4319987.493, 115
Trd, 4319987.893, 113
Trd, 4319989.093, 140
Trd, 4319989.293, 125
Trd, 4319989.643, 98
Trd, 4319990.493, 140
Trd, 4319990.793, 140
Trd, 4319992.043, 138
Trd, 4319993.143, 140
Trd, 4319993.893, 140
Trd, 4319994.043, 138
Trd, 4319994.693, 139
Trd, 4319995.893, 138
Trd, 4319996.193, 115
Trd, 4319996.793, 66
Trd, 4319996.893, 61
Trd, 4319997.043, 103
Trd, 4319997.593, 69
Trd, 4319997.893, 66
Trd, 4319998.693, 67
Trd, 4319999.543, 77
