Trd, 4318148.743, 123
Trd, 4318149.893, 122
Trd, 4318149.993, 110
Trd, 4318151.443, 135
Trd, 4318151.743, 128
Trd, 4318151.843, 84
Trd, 4318152.693, 100
Trd, 4318153.343, 86
Trd, 4318153.443, 103
Trd, 4318155.043, 94
Trd, 4318155.743, 124
Trd, 4318155.843, 95
Trd, 4318157.443, 132
Trd, 4318157.993, 119
Trd, 4318158.643, 98
Trd, 4318159.193, 136
Trd, 4318159.493, 136
Trd, 4318159.543, 100
Trd, 4318159.893, 113
Trd, 4318161.393, 74
Trd, 4318161.793, 116
Trd, 4318162.143, 118
Trd, 4318164.693, 106
Trd, 4318164.893, 120
Trd, 4318165.143, 99
Trd, 4318165.493, 76
Trd, 4318165.543, 76
Trd, 4318166.393, 88
Trd, 4318167.043, 75
Trd, 4318167.643, 68
Trd, 4318167.993, 123
Trd, 4318168.643, 66
Trd, 4318169.193, 76
Trd, 4318169.543, 68
Trd, 4318170.093, 65
Trd, 4318171.043, 83
Trd, 4318172.243, 97
Trd, 4318172.843, 126
Trd, 4318173.043, 91
Trd, 4318173.393, 86
Trd, 4318173.693, 102
Trd, 4318174.243, 107
Trd, 4318175.343, 99
Trd, 4318176.493, 102
Trd, 4318176.793, 91
Trd, 4318177.093, 120
Trd, 4318178.093, 139
Trd, 4318178.143, 126
Trd, 4318179.993, 114
Trd, 4318180.643, 105
Trd, 4318181.193, 101
Trd, 4318181.743, 126
Trd, 4318183.043, 114
Trd, 4318183.643, 98
Trd, 4318184.043, 83
Trd, 4318184.993, 76
Trd, 4318185.243, 98
Trd, 4318185.893, 77
Trd, 4318186.043, 69
Trd, 4318187.993, 131
Trd, 4318188.693, 116
Trd, 4318189.143, 139
Trd, 4318189.793, 104
Trd, 4318190.493, 96
Trd, 4318191.343, 122
Trd, 4318191.743, 109
Trd, 4318191.943, 100
Trd, 4318192.993, 107
Trd, 4318193.943, 132
Trd, 4318194.093, 123
Trd, 4318194.343, 87
Trd, 4318194.443, 93
Trd, 4318195.493, 99
Trd, 4318195.793, 83
Trd, 4318196.343, 108
Trd, 4318197.893, 103
Trd, 4318198.793, 90
Trd, 4318199.893, 85
Trd, 4318199.943, 107
Trd, 4318200.493, 70
Trd, 4318200.743, 93
Trd, 4318201.743, 84
Trd, 4318202.093, 116
Trd, 4318203.193, 113
Trd, 4318203.293, 93
Trd, 4318204.043, 92
Trd, 4318205.293, 85
Trd, 4318207.093, 98
Trd, 4318207.343, 88
Trd, 4318207.843, 64
Trd, 4318208.243, 72
Trd, 4318209.593, 64
Trd, 4318209.743, 78
Trd, 4318209.843, 91
Trd, 4318211.243, 103
Trd, 4318211.893, 82
Trd, 4318212.243, 82
Trd, 4318212.543, 60
Trd, 4318212.793, 136
Trd, 4318214.043, 96
Trd, 4318214.243, 79
Trd, 4318215.143, 70
Trd, 4318217.993, 68
Trd, 4318218.043, 76
Trd, 4318219.093, 115
Trd, 4318220.543, 64
Trd, 4318221.593, 108
Trd, 4318221.893, 100
Trd, 4318221.993, 124
Trd, 4318222.893, 129
Trd, 4318224.093, 117
Trd, 4318224.293, 111
Trd, 4318224.993, 106
Trd, 4318225.093, 134
Trd, 4318225.693, 94
Trd, 4318225.843, 86
Trd, 4318226.943, 94
Trd, 4318228.693, 88
Trd, 4318228.843, 86
Trd, 4318228.943, 83
Trd, 4318229.143, 92
Trd, 4318230.393, 136
Trd, 4318231.043, 108
Trd, 4318232.443, 137
Trd, 4318233.193, 130
Trd, 4318233.243, 99
Trd, 4318233.293, 86
Trd, 4318234.443, 80
Trd, 4318234.943, 69
Trd, 4318235.343, 103
Trd, 4318235.993, 132
Trd, 4318237.243, 126
Trd, 4318237.743, 116
Trd, 4318240.043, 88
Trd, 4318240.593, 85
Trd, 4318240.643, 103
Trd, 4318241.243, 87
Trd, 4318241.643, 86
Trd, 4318241.993, 75
Trd, 4318242.643, 74
Trd, 4318243.043, 76
Trd, 4318244.293, 66
Trd, 4318246.543, 79
Trd, 4318247.393, 82
Trd, 4318247.943, 126
Trd, 4318248.343, 80
Trd, 4318248.843, 106
Trd, 4318249.143, 109
Trd, 4318250.393, 62
Trd, 4318250.593, 122
Trd, 4318251.093, 79
Trd, 4318251.293, 78
Trd, 4318252.243, 87
Trd, 4318253.293, 139
Trd, 4318253.993, 137
Trd, 4318254.093, 128
Trd, 4318255.743, 133
Trd, 4318255.943, 131
Trd, 4318256.043, 127
Trd, 4318256.693, 119
Trd, 4318258.193, 82
Trd, 4318258.443, 127
Trd, 4318259.943, 61
Trd, 4318260.743, 65
Trd, 4318261.393, 96
Trd, 4318262.043, 98
Trd, 4318262.793, 99
Trd, 4318262.843, 96
Trd, 4318263.543, 86
Trd, 4318263.943, 83
Trd, 4318265.143, 106
Trd, 4318265.193, 88
Trd, 4318265.943, 70
Trd, 4318266.143, 63
Trd, 4318267.743, 74
Trd, 4318267.943, 81
Trd, 4318269.293, 79
Trd, 4318269.893, 78
Trd, 4318270.143, 115
Trd, 4318270.343, 75
Trd, 4318270.793, 83
Trd, 4318271.943, 96
Trd, 4318272.443, 89
Trd, 4318273.693, 126
Trd, 4318273.943, 125
Trd, 4318274.143, 119
Trd, 4318274.443, 112
Trd, 4318275.893, 67
Trd, 4318276.293, 68
Trd, 4318278.993, 65
Trd, 4318280.393, 78
Trd, 4318280.993, 67
Trd, 4318281.193, 70
Trd, 4318282.243, 71
Trd, 4318282.543, 99
Trd, 4318284.343, 60
Trd, 4318285.193, 70
Trd, 4318285.643, 63
Trd, 4318286.693, 125
Trd, 4318286.893, 140
Trd, 4318287.093, 84
Trd, 4318288.443, 137
Trd, 4318288.543, 120
Trd, 4318288.743, 81
Trd, 4318289.443, 62
Trd, 4318290.643, 73
Trd, 4318290.743, 68
Trd, 4318292.193, 69
Trd, 4318292.293, 63
Trd, 4318293.043, 84
Trd, 4318293.793, 73
Trd, 4318294.193, 72
Trd, 4318294.793, 101
Trd, 4318295.243, 77
Trd, 4318296.293, 89
Trd, 4318296.443, 110
Trd, 4318298.093, 109
Trd, 4318298.443, 99
Trd, 4318298.543, 117
Trd, 4318299.143, 117
Trd, 4318300.743, 87
Trd, 4318301.793, 97
Trd, 4318301.843, 88
Trd, 4318302.993, 80
Trd, 4318303.143, 64
Trd, 4318304.443, 91
Trd, 4318304.893, 65
Trd, 4318306.043, 108
Trd, 4318306.093, 107
Trd, 4318306.393, 84
Trd, 4318307.743, 98
Trd, 4318308.343, 139
Trd, 4318308.743, 120
Trd, 4318308.793, 115
Trd, 4318309.993, 115
Trd, 4318310.793, 85
Trd, 4318311.393, 111
Trd, 4318311.543, 72
Trd, 4318312.793, 128
Trd, 4318313.093, 115
Trd, 4318313.193, 106
Trd, 4318314.993, 121
Trd, 4318315.343, 134
Trd, 4318315.543, 109
Trd, 4318315.943, 98
Trd, 4318317.943, 74
Trd, 4318318.293, 67
Trd, 4318318.493, 92
Trd, 4318318.543, 101
Trd, 4318320.143, 81
Trd, 4318320.743, 120
Trd, 4318320.843, 136
Trd, 4318321.543, 118
Trd, 4318321.743, 106
Trd, 4318322.893, 87
Trd, 4318324.493, 62
Trd, 4318324.693, 68
Trd, 4318326.343, 72
Trd, 4318326.393, 109
Trd, 4318327.543, 70
Trd, 4318327.593, 87
Trd, 4318329.093, 137
Trd, 4318329.343, 130
Trd, 4318330.043, 132
Trd, 4318330.243, 123
Trd, 4318331.143, 103
Trd, 4318331.443, 98
Trd, 4318331.543, 76
Trd, 4318331.843, 136
Trd, 4318334.143, 62
Trd, 4318334.843, 61
Trd, 4318335.993, 109
Trd, 4318336.293, 72
Trd, 4318337.843, 76
Trd, 4318338.193, 87
Trd, 4318338.543, 100
Trd, 4318339.893, 89
Trd, 4318340.543, 132
Trd, 4318340.993, 104
Trd, 4318341.443, 87
Trd, 4318341.643, 89
Trd, 4318342.143, 86
Trd, 4318342.443, 78
Trd, 4318342.793, 88
Trd, 4318342.993, 131
Trd, 4318345.343, 84
Trd, 4318345.443, 84
Trd, 4318346.343, 115
Trd, 4318346.693, 117
Trd, 4318348.193, 104
Trd, 4318349.093, 70
Trd, 4318349.793, 75
Trd, 4318350.143, 123
Trd, 4318351.293, 65
Trd, 4318351.443, 75
Trd, 4318352.393, 76
Trd, 4318352.693, 63
Trd, 4318354.043, 66
Trd, 4318354.793, 64
Trd, 4318355.993, 87
Trd, 4318357.043, 74
Trd, 4318358.143, 61
Trd, 4318359.643, 64
Trd, 4318360.843, 71
Trd, 4318360.993, 68
Trd, 4318361.243, 71
Trd, 4318362.643, 71
Trd, 4318363.043, 68
Trd, 4318363.393, 76
Trd, 4318363.893, 71
Trd, 4318364.693, 81
Trd, 4318364.893, 75
Trd, 4318365.143, 85
Trd, 4318365.993, 63
Trd, 4318366.443, 107
Trd, 4318367.093, 106
Trd, 4318367.243, 88
Trd, 4318368.243, 75
Trd, 4318368.743, 82
Trd, 4318369.493, 68
Trd, 4318371.043, 68
Trd, 4318371.393, 82
Trd, 4318372.193, 67
Trd, 4318372.843, 133
Trd, 4318374.593, 67
Trd, 4318374.793, 73
Trd, 4318374.843, 115
Trd, 4318374.993, 129
Trd, 4318375.293, 66
Trd, 4318375.543, 108
Trd, 4318377.093, 97
Trd, 4318377.593, 110
Trd, 4318377.693, 105
Trd, 4318378.793, 96
Trd, 4318379.243, 133
Trd, 4318380.893, 98
Trd, 4318381.493, 136
Trd, 4318381.843, 122
Trd, 4318381.893, 110
Trd, 4318382.743, 62
Trd, 4318383.343, 65
Trd, 4318384.193, 60
Trd, 4318384.843, 97
Trd, 4318384.893, 108
Trd, 4318385.043, 73
Trd, 4318385.693, 70
Trd, 4318386.893, 76
Trd, 4318387.693, 69
Trd, 4318388.393, 63
Trd, 4318389.243, 77
Trd, 4318389.293, 93
Trd, 4318389.893, 77
Trd, 4318391.243, 104
Trd, 4318391.393, 104
Trd, 4318391.743, 104
Trd, 4318392.543, 70
Trd, 4318393.193, 98
Trd, 4318394.893, 108
Trd, 4318395.493, 105
Trd, 4318395.543, 99
Trd, 4318395.893, 111
Trd, 4318395.993, 98
Trd, 4318396.993, 101
Trd, 4318397.093, 97
Trd, 4318397.193, 111
Trd, 4318398.593, 92
Trd, 4318398.693, 98
Trd, 4318398.743, 124
Trd, 4318400.543, 84
Trd, 4318400.693, 82
Trd, 4318400.943, 82
Trd, 4318401.393, 88
Trd, 4318403.293, 126
Trd, 4318404.243, 132
Trd, 4318405.043, 99
Trd, 4318406.193, 130
Trd, 4318406.443, 103
Trd, 4318406.743, 117
Trd, 4318407.743, 122
Trd, 4318407.893, 94
Trd, 4318408.743, 112
Trd, 4318409.243, 109
Trd, 4318409.493, 126
Trd, 4318409.593, 101
Trd, 4318410.143, 70
Trd, 4318412.893, 110
Trd, 4318413.443, 135
Trd, 4318413.743, 98
Trd, 4318413.793, 107
Trd, 4318414.093, 94
Trd, 4318414.793, 132
Trd, 4318415.293, 113
Trd, 4318417.243, 84
Trd, 4318417.393, 84
Trd, 4318417.743, 94
Trd, 4318418.993, 85
Trd, 4318419.293, 83
Trd, 4318419.493, 72
Trd, 4318420.243, 121
Trd, 4318421.393, 139
Trd, 4318421.793, 121
Trd, 4318421.843, 89
Trd, 4318422.293, 75
Trd, 4318422.993, 96
Trd, 4318423.943, 94
Trd, 4318424.943, 77
Trd, 4318425.743, 71
Trd, 4318425.993, 76
Trd, 4318426.893, 70
Trd, 4318427.093, 81
Trd, 4318427.893, 60
Trd, 4318428.743, 76
Trd, 4318429.443, 74
Trd, 4318430.493, 69
Trd, 4318431.093, 83
Trd, 4318432.093, 131
Trd, 4318432.443, 124
Trd, 4318432.843, 122
Trd, 4318432.893, 110
Trd, 4318433.493, 131
Trd, 4318434.343, 72
Trd, 4318436.093, 138
Trd, 4318436.293, 137
Trd, 4318436.393, 119
Trd, 4318436.543, 103
Trd, 4318436.943, 86
Trd, 4318438.593, 61
Trd, 4318438.693, 71
Trd, 4318439.693, 131
Trd, 4318440.593, 121
Trd, 4318440.893, 92
Trd, 4318441.693, 110
Trd, 4318441.943, 96
Trd, 4318441.993, 69
Trd, 4318442.293, 125
Trd, 4318444.293, 98
Trd, 4318445.193, 83
Trd, 4318445.493, 86
Trd, 4318445.893, 61
Trd, 4318447.743, 60
Trd, 4318448.093, 65
Trd, 4318448.493, 82
Trd, 4318448.843, 69
Trd, 4318449.343, 62
Trd, 4318450.093, 96
Trd, 4318450.993, 67
Trd, 4318451.993, 90
Trd, 4318452.293, 93
Trd, 4318453.343, 75
Trd, 4318454.293, 107
Trd, 4318454.493, 115
Trd, 4318454.693, 70
Trd, 4318455.193, 99
Trd, 4318455.343, 118
Trd, 4318456.343, 74
Trd, 4318457.593, 89
Trd, 4318457.643, 80
Trd, 4318457.943, 130
Trd, 4318459.093, 63
Trd, 4318459.393, 68
Trd, 4318460.843, 79
Trd, 4318462.943, 78
Trd, 4318463.343, 79
Trd, 4318463.593, 68
Trd, 4318464.643, 60
Trd, 4318465.643, 61
Trd, 4318465.793, 122
Trd, 4318466.243, 78
Trd, 4318467.243, 108
Trd, 4318467.943, 92
Trd, 4318468.293, 87
Trd, 4318469.443, 68
Trd, 4318469.893, 105
Trd, 4318470.993, 78
Trd, 4318472.093, 72
Trd, 4318472.493, 66
Trd, 4318472.893, 72
Trd, 4318474.593, 61
Trd, 4318474.843, 61
Trd, 4318475.093, 61
Trd, 4318475.893, 77
Trd, 4318477.043, 109
Trd, 4318477.793, 102
Trd, 4318477.993, 100
Trd, 4318478.043, 95
Trd, 4318478.643, 87
Trd, 4318479.343, 137
Trd, 4318479.893, 129
Trd, 4318480.093, 117
Trd, 4318481.093, 140
Trd, 4318481.193, 132
Trd, 4318482.093, 100
Trd, 4318482.893, 84
Trd, 4318483.243, 103
Trd, 4318483.543, 130
Trd, 4318483.743, 69
Trd, 4318485.143, 88
Trd, 4318485.193, 68
Trd, 4318485.993, 61
Trd, 4318486.893, 62
Trd, 4318487.493, 127
Trd, 4318488.243, 85
Trd, 4318488.443, 60
Trd, 4318488.943, 64
Trd, 4318489.893, 83
Trd, 4318490.143, 80
Trd, 4318490.443, 82
Trd, 4318491.843, 89
Trd, 4318492.593, 109
Trd, 4318494.943, 133
Trd, 4318495.143, 121
Trd, 4318495.243, 115
Trd, 4318495.343, 85
Trd, 4318496.943, 128
Trd, 4318497.593, 114
Trd, 4318497.993, 98
Trd, 4318498.643, 84
Trd, 4318498.843, 100
Trd, 4318500.193, 94
Trd, 4318500.293, 114
Trd, 4318500.843, 133
Trd, 4318501.243, 121
Trd, 4318501.893, 110
Trd, 4318502.293, 88
Trd, 4318503.443, 81
Trd, 4318504.793, 137
Trd, 4318505.143, 130
Trd, 4318505.243, 126
Trd, 4318505.343, 118
Trd, 4318506.893, 84
Trd, 4318507.293, 81
Trd, 4318507.893, 121
Trd, 4318508.093, 106
Trd, 4318509.243, 138
Trd, 4318509.743, 104
Trd, 4318510.943, 68
Trd, 4318511.693, 61
Trd, 4318512.543, 72
Trd, 4318513.643, 77
Trd, 4318513.893, 78
Trd, 4318514.643, 68
Trd, 4318514.893, 85
Trd, 4318516.093, 69
Trd, 4318517.493, 74
Trd, 4318517.693, 75
Trd, 4318519.493, 65
Trd, 4318519.993, 65
Trd, 4318520.643, 75
Trd, 4318521.643, 80
Trd, 4318521.943, 66
Trd, 4318522.493, 62
Trd, 4318522.743, 65
Trd, 4318523.043, 67
Trd, 4318524.293, 125
Trd, 4318524.393, 115
Trd, 4318524.543, 103
Trd, 4318524.943, 97
Trd, 4318526.143, 108
Trd, 4318526.893, 123
Trd, 4318526.993, 118
Trd, 4318527.543, 127
Trd, 4318528.343, 73
Trd, 4318528.743, 67
Trd, 4318529.793, 89
Trd, 4318530.643, 64
Trd, 4318531.093, 116
Trd, 4318531.443, 112
Trd, 4318531.943, 100
Trd, 4318533.943, 72
Trd, 4318534.593, 67
Trd, 4318535.043, 79
Trd, 4318535.793, 69
Trd, 4318536.793, 67
Trd, 4318537.143, 89
Trd, 4318537.193, 113
Trd, 4318537.893, 129
Trd, 4318538.943, 91
Trd, 4318539.543, 79
Trd, 4318540.793, 76
Trd, 4318541.893, 82
Trd, 4318542.193, 92
Trd, 4318543.093, 84
Trd, 4318543.343, 97
Trd, 4318545.393, 131
Trd, 4318545.543, 99
Trd, 4318545.643, 81
Trd, 4318545.743, 81
Trd, 4318545.993, 113
Trd, 4318547.193, 88
Trd, 4318547.793, 76
Trd, 4318547.943, 95
Trd, 4318548.943, 93
Trd, 4318550.443, 77
Trd, 4318550.743, 80
Trd, 4318551.093, 64
Trd, 4318551.193, 64
Trd, 4318552.293, 80
Trd, 4318554.543, 90
Trd, 4318554.993, 80
Trd, 4318555.993, 116
Trd, 4318556.093, 77
Trd, 4318556.293, 73
Trd, 4318557.143, 78
Trd, 4318557.693, 136
Trd, 4318558.093, 92
Trd, 4318558.693, 106
Trd, 4318558.743, 92
Trd, 4318558.843, 70
Trd, 4318559.443, 93
Trd, 4318560.943, 75
Trd, 4318563.093, 67
Trd, 4318564.243, 110
Trd, 4318564.793, 101
Trd, 4318566.843, 104
Trd, 4318567.093, 105
Trd, 4318567.393, 134
Trd, 4318568.443, 129
Trd, 4318568.743, 118
Trd, 4318569.243, 122
Trd, 4318569.343, 92
Trd, 4318572.143, 87
Trd, 4318572.493, 94
Trd, 4318572.643, 105
Trd, 4318572.943, 84
Trd, 4318573.043, 92
Trd, 4318573.393, 65
Trd, 4318573.893, 91
Trd, 4318574.893, 70
Trd, 4318576.143, 62
Trd, 4318577.543, 62
Trd, 4318578.093, 66
Trd, 4318578.443, 73
Trd, 4318579.493, 61
Trd, 4318579.693, 68
Trd, 4318581.543, 61
Trd, 4318581.793, 84
Trd, 4318581.993, 75
Trd, 4318582.093, 95
Trd, 4318582.393, 76
Trd, 4318583.043, 134
Trd, 4318584.593, 66
Trd, 4318585.693, 140
Trd, 4318586.093, 128
Trd, 4318587.043, 110
Trd, 4318587.393, 112
Trd, 4318587.493, 95
Trd, 4318588.493, 94
Trd, 4318588.843, 77
Trd, 4318590.193, 78
Trd, 4318590.543, 111
Trd, 4318591.343, 80
Trd, 4318591.793, 92
Trd, 4318592.243, 137
Trd, 4318592.343, 97
Trd, 4318593.143, 87
Trd, 4318593.843, 63
Trd, 4318594.693, 135
Trd, 4318595.543, 69
Trd, 4318595.793, 93
Trd, 4318596.943, 73
Trd, 4318596.993, 64
Trd, 4318597.543, 97
Trd, 4318598.193, 110
Trd, 4318598.593, 87
Trd, 4318599.093, 126
Trd, 4318599.393, 115
Trd, 4318600.493, 70
Trd, 4318601.193, 81
Trd, 4318601.643, 92
Trd, 4318602.193, 90
Trd, 4318602.293, 98
Trd, 4318602.993, 86
Trd, 4318603.893, 97
Trd, 4318603.993, 83
Trd, 4318605.693, 97
Trd, 4318606.443, 132
Trd, 4318606.643, 92
Trd, 4318607.243, 108
Trd, 4318607.393, 103
Trd, 4318607.593, 121
Trd, 4318608.793, 100
Trd, 4318610.243, 112
Trd, 4318610.843, 85
Trd, 4318612.593, 93
Trd, 4318612.843, 81
Trd, 4318613.943, 130
Trd, 4318614.643, 120
Trd, 4318614.893, 123
Trd, 4318615.393, 101
Trd, 4318616.093, 119
Trd, 4318616.493, 96
Trd, 4318617.593, 111
Trd, 4318617.993, 111
Trd, 4318619.493, 109
Trd, 4318620.093, 100
Trd, 4318620.293, 90
Trd, 4318621.493, 123
Trd, 4318621.893, 75
Trd, 4318623.043, 73
Trd, 4318623.193, 117
Trd, 4318623.243, 69
Trd, 4318624.593, 63
Trd, 4318625.643, 78
Trd, 4318626.093, 85
Trd, 4318626.993, 83
Trd, 4318627.743, 69
Trd, 4318628.343, 87
Trd, 4318629.343, 75
Trd, 4318629.943, 131
Trd, 4318630.343, 102
Trd, 4318630.593, 134
Trd, 4318631.743, 98
Trd, 4318632.443, 62
Trd, 4318632.943, 135
Trd, 4318633.893, 106
Trd, 4318634.093, 103
Trd, 4318634.693, 98
Trd, 4318636.093, 107
Trd, 4318636.643, 106
Trd, 4318637.143, 126
Trd, 4318637.243, 99
Trd, 4318637.743, 97
Trd, 4318638.993, 85
Trd, 4318639.393, 87
Trd, 4318639.943, 74
Trd, 4318640.993, 76
Trd, 4318642.843, 90
Trd, 4318643.043, 86
Trd, 4318643.343, 107
Trd, 4318643.543, 75
Trd, 4318643.893, 79
Trd, 4318644.043, 73
Trd, 4318645.143, 92
Trd, 4318645.443, 60
Trd, 4318646.543, 75
Trd, 4318647.443, 90
Trd, 4318648.143, 84
Trd, 4318648.543, 111
Trd, 4318649.293, 120
Trd, 4318649.893, 91
Trd, 4318650.293, 112
Trd, 4318651.093, 138
Trd, 4318651.443, 107
Trd, 4318651.793, 85
Trd, 4318653.043, 84
Trd, 4318653.143, 68
Trd, 4318653.443, 115
Trd, 4318655.243, 81
Trd, 4318655.443, 84
Trd, 4318656.293, 137
Trd, 4318656.693, 138
Trd, 4318656.743, 101
Trd, 4318656.843, 78
Trd, 4318657.343, 72
Trd, 4318658.793, 77
Trd, 4318659.643, 88
Trd, 4318660.843, 90
Trd, 4318662.243, 60
Trd, 4318663.993, 62
Trd, 4318664.043, 63
Trd, 4318664.143, 73
Trd, 4318664.743, 73
Trd, 4318665.793, 73
Trd, 4318666.593, 70
Trd, 4318666.793, 86
Trd, 4318667.543, 79
Trd, 4318668.343, 72
Trd, 4318668.843, 61
Trd, 4318668.893, 122
Trd, 4318669.143, 93
Trd, 4318670.793, 70
Trd, 4318671.043, 73
Trd, 4318671.893, 77
Trd, 4318672.143, 73
Trd, 4318672.393, 86
Trd, 4318673.543, 78
Trd, 4318673.943, 139
Trd, 4318674.443, 72
Trd, 4318675.693, 74
Trd, 4318677.143, 94
Trd, 4318677.343, 82
Trd, 4318678.443, 103
Trd, 4318679.693, 102
Trd, 4318679.943, 101
Trd, 4318680.093, 98
Trd, 4318680.493, 93
Trd, 4318680.643, 106
Trd, 4318681.043, 89
Trd, 4318681.493, 76
Trd, 4318682.643, 85
Trd, 4318683.243, 91
Trd, 4318683.543, 105
Trd, 4318684.943, 60
Trd, 4318685.993, 67
Trd, 4318686.043, 70
Trd, 4318686.393, 111
Trd, 4318687.043, 90
Trd, 4318687.793, 83
Trd, 4318688.393, 91
Trd, 4318688.993, 81
Trd, 4318689.393, 79
Trd, 4318689.943, 62
Trd, 4318690.193, 73
Trd, 4318690.693, 85
Trd, 4318691.343, 101
Trd, 4318692.293, 75
Trd, 4318692.543, 90
Trd, 4318693.693, 87
Trd, 4318694.543, 129
Trd, 4318694.643, 122
Trd, 4318694.893, 119
Trd, 4318695.743, 76
Trd, 4318696.493, 63
Trd, 4318697.343, 107
Trd, 4318698.793, 82
Trd, 4318698.993, 79
Trd, 4318699.443, 84
Trd, 4318700.443, 61
Trd, 4318701.443, 69
Trd, 4318701.493, 83
Trd, 4318703.093, 84
Trd, 4318703.143, 80
Trd, 4318703.293, 91
Trd, 4318703.843, 68
Trd, 4318704.593, 63
Trd, 4318704.943, 69
Trd, 4318705.443, 76
Trd, 4318705.943, 108
Trd, 4318706.493, 73
Trd, 4318706.743, 73
Trd, 4318708.743, 112
Trd, 4318709.093, 97
Trd, 4318709.293, 93
Trd, 4318709.843, 92
Trd, 4318710.943, 83
Trd, 4318711.243, 82
Trd, 4318712.443, 71
Trd, 4318713.193, 87
Trd, 4318713.843, 62
Trd, 4318713.943, 95
Trd, 4318714.143, 65
Trd, 4318714.893, 94
Trd, 4318715.293, 85
Trd, 4318718.093, 62
Trd, 4318719.193, 60
Trd, 4318719.543, 74
Trd, 4318720.943, 62
Trd, 4318721.193, 63
Trd, 4318722.793, 123
Trd, 4318722.843, 119
Trd, 4318722.993, 117
Trd, 4318723.593, 126
Trd, 4318723.993, 105
Trd, 4318724.593, 131
Trd, 4318725.343, 101
Trd, 4318725.643, 89
Trd, 4318725.943, 80
Trd, 4318726.693, 76
Trd, 4318727.043, 76
Trd, 4318727.243, 128
Trd, 4318728.243, 108
Trd, 4318728.893, 74
Trd, 4318729.743, 68
Trd, 4318730.693, 85
Trd, 4318731.243, 75
Trd, 4318731.493, 89
Trd, 4318732.393, 90
Trd, 4318732.593, 77
Trd, 4318732.943, 72
Trd, 4318733.793, 75
Trd, 4318735.393, 132
Trd, 4318736.243, 106
Trd, 4318736.843, 112
Trd, 4318737.743, 89
Trd, 4318738.543, 62
Trd, 4318740.643, 62
Trd, 4318741.443, 136
Trd, 4318741.543, 133
Trd, 4318741.893, 99
Trd, 4318742.143, 120
Trd, 4318743.643, 89
Trd, 4318744.593, 87
Trd, 4318745.543, 92
Trd, 4318746.043, 84
Trd, 4318746.143, 75
Trd, 4318746.543, 62
Trd, 4318747.293, 108
Trd, 4318749.393, 140
Trd, 4318749.743, 139
Trd, 4318750.293, 129
Trd, 4318750.493, 120
Trd, 4318750.893, 123
Trd, 4318751.793, 107
Trd, 4318753.343, 138
Trd, 4318754.243, 120
Trd, 4318754.343, 125
Trd, 4318754.393, 108
Trd, 4318755.343, 89
Trd, 4318756.593, 119
Trd, 4318756.893, 104
Trd, 4318757.193, 85
Trd, 4318758.693, 82
Trd, 4318760.043, 83
Trd, 4318761.243, 87
Trd, 4318761.293, 109
Trd, 4318761.593, 73
Trd, 4318762.443, 102
Trd, 4318762.593, 104
Trd, 4318763.893, 96
Trd, 4318764.843, 110
Trd, 4318765.093, 75
Trd, 4318765.593, 110
Trd, 4318766.043, 100
Trd, 4318766.693, 88
Trd, 4318767.793, 138
Trd, 4318768.093, 138
Trd, 4318769.493, 107
Trd, 4318770.293, 82
Trd, 4318771.193, 107
Trd, 4318771.643, 83
Trd, 4318772.393, 117
Trd, 4318772.943, 95
Trd, 4318773.443, 87
Trd, 4318774.193, 81
Trd, 4318774.893, 110
Trd, 4318774.993, 108
Trd, 4318775.143, 87
Trd, 4318775.793, 126
Trd, 4318776.943, 138
Trd, 4318777.643, 93
Trd, 4318778.643, 140
Trd, 4318778.793, 107
Trd, 4318779.593, 114
Trd, 4318779.893, 105
Trd, 4318779.993, 101
Trd, 4318780.443, 112
Trd, 4318781.743, 110
Trd, 4318782.043, 104
Trd, 4318783.243, 114
Trd, 4318783.743, 102
Trd, 4318784.343, 102
Trd, 4318785.343, 91
Trd, 4318786.093, 65
Trd, 4318786.543, 114
Trd, 4318787.143, 64
Trd, 4318788.943, 79
Trd, 4318789.143, 70
Trd, 4318789.993, 87
Trd, 4318790.343, 87
Trd, 4318791.143, 90
Trd, 4318791.543, 114
Trd, 4318792.243, 131
Trd, 4318792.993, 111
Trd, 4318794.093, 79
Trd, 4318795.243, 70
Trd, 4318796.043, 71
Trd, 4318796.943, 107
Trd, 4318797.343, 103
Trd, 4318798.393, 89
Trd, 4318799.293, 94
Trd, 4318800.143, 75
Trd, 4318800.643, 67
Trd, 4318801.043, 84
Trd, 4318801.143, 89
Trd, 4318802.893, 86
Trd, 4318803.443, 82
Trd, 4318803.693, 75
Trd, 4318803.943, 83
Trd, 4318804.343, 76
Trd, 4318804.793, 75
Trd, 4318805.893, 84
Trd, 4318806.843, 84
Trd, 4318807.093, 83
Trd, 4318807.193, 82
Trd, 4318807.793, 113
Trd, 4318808.843, 126
Trd, 4318809.243, 117
Trd, 4318811.493, 105
Trd, 4318811.843, 112
Trd, 4318811.943, 90
Trd, 4318813.293, 87
Trd, 4318814.593, 115
Trd, 4318815.393, 118
Trd, 4318815.643, 95
Trd, 4318815.993, 87
Trd, 4318816.193, 97
Trd, 4318817.643, 61
Trd, 4318818.093, 97
Trd, 4318818.443, 114
Trd, 4318818.743, 81
Trd, 4318819.093, 79
Trd, 4318819.343, 131
Trd, 4318820.693, 61
Trd, 4318821.543, 62
Trd, 4318821.843, 62
Trd, 4318822.143, 70
Trd, 4318823.093, 63
Trd, 4318824.943, 64
Trd, 4318826.193, 76
Trd, 4318826.693, 76
Trd, 4318826.743, 78
Trd, 4318827.093, 102
Trd, 4318827.643, 75
Trd, 4318828.593, 65
Trd, 4318829.893, 64
Trd, 4318830.643, 69
Trd, 4318831.893, 92
Trd, 4318832.293, 86
Trd, 4318832.543, 83
Trd, 4318833.493, 135
Trd, 4318834.143, 100
Trd, 4318834.743, 96
Trd, 4318835.443, 86
Trd, 4318835.493, 120
Trd, 4318836.293, 90
Trd, 4318837.243, 80
Trd, 4318837.493, 87
Trd, 4318839.143, 120
Trd, 4318839.243, 108
Trd, 4318839.593, 116
Trd, 4318840.293, 108
Trd, 4318841.143, 97
Trd, 4318841.793, 94
Trd, 4318843.343, 126
Trd, 4318844.093, 114
Trd, 4318844.193, 111
Trd, 4318844.393, 106
Trd, 4318844.843, 94
Trd, 4318845.343, 83
Trd, 4318846.193, 76
Trd, 4318847.293, 127
Trd, 4318847.943, 104
Trd, 4318848.193, 134
Trd, 4318848.393, 100
Trd, 4318849.093, 97
Trd, 4318850.543, 108
Trd, 4318851.043, 63
Trd, 4318851.693, 66
Trd, 4318852.143, 100
Trd, 4318853.943, 69
Trd, 4318854.093, 71
Trd, 4318854.493, 69
Trd, 4318854.793, 63
Trd, 4318855.593, 75
Trd, 4318856.493, 114
Trd, 4318857.193, 65
Trd, 4318857.393, 85
Trd, 4318857.443, 102
Trd, 4318858.343, 140
Trd, 4318858.493, 120
Trd, 4318859.243, 101
Trd, 4318859.393, 96
Trd, 4318860.093, 67
Trd, 4318861.043, 67
Trd, 4318861.443, 85
Trd, 4318862.343, 80
Trd, 4318864.043, 69
Trd, 4318864.293, 87
Trd, 4318866.443, 101
Trd, 4318867.293, 99
Trd, 4318867.543, 94
Trd, 4318867.693, 88
Trd, 4318868.193, 81
Trd, 4318868.643, 73
Trd, 4318869.693, 68
Trd, 4318870.793, 69
Trd, 4318871.243, 84
Trd, 4318872.043, 64
Trd, 4318872.793, 98
Trd, 4318872.943, 90
Trd, 4318873.493, 75
Trd, 4318875.543, 129
Trd, 4318876.593, 136
Trd, 4318877.143, 130
Trd, 4318877.693, 123
Trd, 4318877.743, 120
Trd, 4318878.193, 108
Trd, 4318879.143, 109
Trd, 4318880.643, 103
Trd, 4318881.643, 96
Trd, 4318881.893, 128
Trd, 4318882.843, 132
Trd, 4318883.493, 133
Trd, 4318883.693, 95
Trd, 4318883.943, 94
Trd, 4318883.993, 77
Trd, 4318884.493, 137
Trd, 4318887.393, 63
Trd, 4318887.543, 80
Trd, 4318887.793, 103
Trd, 4318888.043, 114
Trd, 4318889.343, 86
Trd, 4318890.243, 85
Trd, 4318890.643, 80
Trd, 4318890.793, 89
Trd, 4318891.143, 83
Trd, 4318892.143, 72
Trd, 4318892.943, 61
Trd, 4318893.543, 61
Trd, 4318893.593, 70
Trd, 4318893.993, 89
Trd, 4318896.193, 96
Trd, 4318896.693, 136
Trd, 4318898.543, 119
Trd, 4318898.693, 123
Trd, 4318899.093, 114
Trd, 4318899.393, 109
Trd, 4318900.643, 99
Trd, 4318900.743, 140
Trd, 4318901.443, 119
Trd, 4318902.743, 102
Trd, 4318903.443, 93
Trd, 4318904.393, 90
Trd, 4318905.093, 140
Trd, 4318906.893, 133
Trd, 4318907.043, 131
Trd, 4318907.243, 127
Trd, 4318907.293, 124
Trd, 4318907.543, 111
Trd, 4318908.243, 83
Trd, 4318909.993, 121
Trd, 4318910.093, 120
Trd, 4318910.393, 119
Trd, 4318910.943, 98
Trd, 4318911.193, 86
Trd, 4318912.243, 86
Trd, 4318913.343, 118
Trd, 4318914.243, 89
Trd, 4318914.593, 88
Trd, 4318915.193, 88
Trd, 4318917.143, 80
Trd, 4318917.593, 109
Trd, 4318918.143, 113
Trd, 4318919.293, 105
Trd, 4318919.393, 109
Trd, 4318919.693, 122
Trd, 4318920.543, 91
Trd, 4318920.843, 82
Trd, 4318921.393, 114
Trd, 4318922.993, 107
Trd, 4318923.793, 102
Trd, 4318924.043, 106
Trd, 4318924.193, 99
Trd, 4318927.343, 127
Trd, 4318927.593, 124
Trd, 4318927.893, 109
Trd, 4318928.343, 93
Trd, 4318928.493, 91
Trd, 4318930.093, 92
Trd, 4318930.443, 103
Trd, 4318930.543, 114
Trd, 4318932.993, 91
Trd, 4318933.393, 90
Trd, 4318933.593, 88
Trd, 4318933.743, 68
Trd, 4318934.193, 62
Trd, 4318935.343, 78
Trd, 4318936.143, 64
Trd, 4318937.143, 68
Trd, 4318937.643, 80
Trd, 4318938.593, 77
Trd, 4318938.893, 74
Trd, 4318939.193, 79
Trd, 4318940.843, 63
Trd, 4318941.793, 63
Trd, 4318942.193, 63
Trd, 4318944.543, 73
Trd, 4318944.893, 99
Trd, 4318945.393, 94
Trd, 4318945.593, 91
Trd, 4318945.743, 79
Trd, 4318946.593, 119
Trd, 4318947.643, 115
Trd, 4318947.843, 120
Trd, 4318950.243, 87
Trd, 4318950.793, 91
Trd, 4318950.843, 104
Trd, 4318951.893, 75
Trd, 4318952.543, 97
Trd, 4318953.493, 133
Trd, 4318953.643, 77
Trd, 4318954.943, 114
Trd, 4318955.093, 135
Trd, 4318957.143, 125
Trd, 4318957.393, 89
Trd, 4318958.493, 85
Trd, 4318958.593, 95
Trd, 4318958.643, 133
Trd, 4318958.993, 93
Trd, 4318959.693, 71
Trd, 4318960.043, 110
Trd, 4318962.743, 140
Trd, 4318963.443, 125
Trd, 4318963.493, 119
Trd, 4318964.143, 137
Trd, 4318964.193, 109
Trd, 4318964.893, 86
Trd, 4318965.143, 109
Trd, 4318966.993, 131
Trd, 4318967.393, 124
Trd, 4318967.743, 105
Trd, 4318968.093, 91
Trd, 4318968.593, 112
Trd, 4318969.193, 81
Trd, 4318971.293, 63
Trd, 4318971.743, 67
Trd, 4318972.293, 63
Trd, 4318973.393, 116
Trd, 4318973.993, 95
Trd, 4318974.343, 127
Trd, 4318974.943, 133
Trd, 4318975.593, 98
Trd, 4318975.693, 84
Trd, 4318976.293, 67
Trd, 4318977.393, 81
Trd, 4318978.893, 63
Trd, 4318979.743, 81
Trd, 4318980.243, 61
Trd, 4318980.693, 75
Trd, 4318981.543, 76
Trd, 4318982.343, 76
Trd, 4318983.243, 67
Trd, 4318984.693, 133
Trd, 4318984.893, 111
Trd, 4318985.593, 98
Trd, 4318986.243, 112
Trd, 4318986.493, 108
Trd, 4318987.343, 110
Trd, 4318987.593, 120
Trd, 4318988.693, 86
Trd, 4318989.093, 110
Trd, 4318989.393, 83
Trd, 4318989.843, 72
Trd, 4318990.393, 122
Trd, 4318990.843, 87
Trd, 4318992.093, 81
Trd, 4318992.993, 91
Trd, 4318993.993, 108
Trd, 4318994.193, 126
Trd, 4318996.493, 107
Trd, 4318996.943, 103
Trd, 4318997.243, 92
Trd, 4318997.393, 108
Trd, 4318997.843, 92
Trd, 4318998.143, 88
Trd, 4318998.293, 88
Trd, 4318999.693, 121
Trd, 4319001.743, 129
Trd, 4319002.593, 91
Trd, 4319002.643, 93
Trd, 4319002.743, 90
Trd, 4319002.793, 69
Trd, 4319003.993, 128
Trd, 4319004.293, 121
Trd, 4319004.543, 121
Trd, 4319004.943, 103
Trd, 4319006.343, 98
Trd, 4319006.593, 79
Trd, 4319007.693, 88
Trd, 4319007.743, 64
Trd, 4319009.293, 88
Trd, 4319010.243, 129
Trd, 4319011.393, 97
Trd, 4319012.043, 101
Trd, 4319012.743, 129
Trd, 4319014.043, 139
Trd, 4319014.243, 92
Trd, 4319014.593, 82
Trd, 4319016.493, 73
Trd, 4319017.593, 135
Trd, 4319017.643, 120
Trd, 4319017.793, 97
Trd, 4319017.843, 74
Trd, 4319018.393, 117
Trd, 4319019.393, 65
Trd, 4319020.043, 73
Trd, 4319020.643, 64
Trd, 4319020.743, 65
Trd, 4319021.243, 62
Trd, 4319021.793, 139
Trd, 4319022.843, 123
Trd, 4319023.143, 112
Trd, 4319023.393, 102
Trd, 4319024.293, 110
Trd, 4319025.393, 82
Trd, 4319026.193, 70
Trd, 4319026.993, 96
Trd, 4319027.693, 77
Trd, 4319027.893, 76
Trd, 4319028.993, 98
Trd, 4319032.043, 112
Trd, 4319032.293, 110
Trd, 4319032.843, 106
Trd, 4319033.143, 101
Trd, 4319033.193, 96
Trd, 4319033.943, 112
Trd, 4319034.343, 115
Trd, 4319034.643, 120
Trd, 4319035.393, 110
Trd, 4319035.843, 91
Trd, 4319036.643, 121
Trd, 4319037.943, 123
Trd, 4319038.043, 103
Trd, 4319038.243, 136
Trd, 4319038.743, 120
Trd, 4319038.893, 99
Trd, 4319040.543, 84
Trd, 4319041.243, 92
Trd, 4319041.793, 83
Trd, 4319042.093, 86
Trd, 4319043.093, 75
Trd, 4319043.743, 124
Trd, 4319046.343, 61
Trd, 4319046.493, 81
Trd, 4319047.343, 92
Trd, 4319048.193, 118
Trd, 4319048.343, 106
Trd, 4319048.943, 90
Trd, 4319050.393, 121
Trd, 4319050.593, 118
Trd, 4319051.393, 107
Trd, 4319051.893, 139
Trd, 4319052.943, 118
Trd, 4319053.893, 130
Trd, 4319054.193, 109
Trd, 4319054.343, 92
Trd, 4319055.393, 95
Trd, 4319055.543, 109
Trd, 4319056.493, 117
Trd, 4319056.593, 111
Trd, 4319056.643, 102
Trd, 4319057.443, 92
Trd, 4319058.093, 79
Trd, 4319058.593, 84
Trd, 4319059.393, 104
Trd, 4319061.243, 115
Trd, 4319061.493, 107
Trd, 4319061.893, 84
Trd, 4319062.693, 71
Trd, 4319062.793, 71
Trd, 4319062.843, 85
Trd, 4319064.093, 97
Trd, 4319064.593, 90
Trd, 4319065.543, 85
Trd, 4319065.593, 80
Trd, 4319067.093, 92
Trd, 4319067.493, 95
Trd, 4319067.793, 87
Trd, 4319068.493, 135
Trd, 4319069.443, 112
Trd, 4319070.393, 67
Trd, 4319070.643, 85
Trd, 4319071.343, 99
Trd, 4319071.493, 138
Trd, 4319071.993, 118
Trd, 4319072.243, 69
Trd, 4319073.943, 95
Trd, 4319073.993, 80
Trd, 4319074.493, 68
Trd, 4319075.143, 124
Trd, 4319076.193, 100
Trd, 4319076.593, 122
Trd, 4319078.043, 62
Trd, 4319078.593, 67
Trd, 4319080.443, 65
Trd, 4319080.743, 82
Trd, 4319080.843, 73
Trd, 4319081.243, 63
Trd, 4319081.293, 79
Trd, 4319081.343, 61
Trd, 4319081.993, 66
Trd, 4319082.793, 94
Trd, 4319084.443, 83
Trd, 4319084.693, 116
Trd, 4319085.593, 63
Trd, 4319086.643, 69
Trd, 4319086.693, 86
Trd, 4319088.593, 75
Trd, 4319088.743, 90
Trd, 4319090.743, 84
Trd, 4319091.143, 74
Trd, 4319091.493, 118
Trd, 4319092.343, 68
Trd, 4319092.843, 70
Trd, 4319093.343, 82
Trd, 4319093.993, 78
Trd, 4319094.793, 62
Trd, 4319096.843, 60
Trd, 4319097.143, 64
Trd, 4319097.293, 78
Trd, 4319097.993, 71
Trd, 4319098.193, 80
Trd, 4319099.093, 102
Trd, 4319099.243, 87
Trd, 4319100.093, 135
Trd, 4319100.793, 102
Trd, 4319100.843, 97
Trd, 4319103.043, 130
Trd, 4319103.143, 118
Trd, 4319103.693, 115
Trd, 4319103.993, 111
Trd, 4319104.593, 132
Trd, 4319105.343, 98
Trd, 4319106.693, 115
Trd, 4319106.993, 94
Trd, 4319107.393, 94
Trd, 4319107.643, 134
Trd, 4319108.943, 131
Trd, 4319109.543, 117
Trd, 4319109.643, 93
Trd, 4319110.943, 121
Trd, 4319111.093, 71
Trd, 4319112.093, 127
Trd, 4319113.243, 122
Trd, 4319113.893, 114
Trd, 4319114.343, 106
Trd, 4319114.493, 120
Trd, 4319114.593, 98
Trd, 4319115.743, 72
Trd, 4319116.393, 61
Trd, 4319117.693, 112
Trd, 4319118.143, 106
Trd, 4319118.343, 100
Trd, 4319118.393, 118
Trd, 4319120.293, 108
Trd, 4319120.793, 105
Trd, 4319121.143, 101
Trd, 4319121.643, 99
Trd, 4319121.993, 68
Trd, 4319123.193, 69
Trd, 4319123.643, 135
Trd, 4319124.093, 123
Trd, 4319124.343, 60
Trd, 4319124.993, 85
Trd, 4319127.293, 87
Trd, 4319127.543, 78
Trd, 4319128.593, 101
Trd, 4319129.143, 90
Trd, 4319129.793, 80
Trd, 4319130.393, 74
Trd, 4319132.193, 89
Trd, 4319132.343, 88
Trd, 4319132.593, 130
Trd, 4319132.993, 103
Trd, 4319133.393, 74
Trd, 4319133.543, 85
Trd, 4319134.093, 68
Trd, 4319135.643, 125
Trd, 4319137.143, 119
Trd, 4319137.443, 112
Trd, 4319138.593, 118
Trd, 4319139.043, 122
Trd, 4319139.593, 110
Trd, 4319140.143, 104
Trd, 4319140.643, 104
Trd, 4319140.693, 85
Trd, 4319141.843, 108
Trd, 4319141.893, 108
Trd, 4319142.393, 65
Trd, 4319143.943, 72
Trd, 4319143.993, 85
Trd, 4319144.543, 133
Trd, 4319144.593, 114
Trd, 4319145.693, 107
Trd, 4319147.593, 109
Trd, 4319148.093, 84
Trd, 4319148.893, 75
Trd, 4319149.093, 87
Trd, 4319150.143, 99
Trd, 4319150.293, 94
Trd, 4319150.693, 89
Trd, 4319151.593, 136
Trd, 4319152.393, 97
Trd, 4319152.643, 125
Trd, 4319153.793, 69
Trd, 4319154.243, 80
Trd, 4319154.293, 80
Trd, 4319155.993, 127
Trd, 4319156.643, 88
Trd, 4319157.093, 75
Trd, 4319157.393, 88
Trd, 4319159.543, 76
Trd, 4319159.793, 94
Trd, 4319161.343, 126
Trd, 4319162.443, 126
Trd, 4319162.693, 109
Trd, 4319163.093, 97
Trd, 4319163.143, 89
Trd, 4319163.393, 76
Trd, 4319164.643, 82
Trd, 4319164.943, 96
Trd, 4319166.243, 111
Trd, 4319166.443, 109
Trd, 4319167.693, 75
Trd, 4319168.443, 97
Trd, 4319168.493, 98
Trd, 4319169.193, 85
Trd, 4319170.643, 99
Trd, 4319170.843, 85
Trd, 4319171.943, 65
Trd, 4319172.543, 71
Trd, 4319172.693, 80
Trd, 4319172.793, 82
Trd, 4319173.443, 116
Trd, 4319174.843, 111
Trd, 4319174.943, 140
Trd, 4319175.043, 100
Trd, 4319176.493, 81
Trd, 4319178.493, 128
Trd, 4319178.843, 125
Trd, 4319179.343, 120
Trd, 4319179.443, 107
Trd, 4319180.193, 120
Trd, 4319180.343, 112
Trd, 4319180.793, 132
Trd, 4319180.843, 125
Trd, 4319181.343, 87
Trd, 4319182.093, 70
Trd, 4319183.193, 75
Trd, 4319183.743, 72
Trd, 4319184.193, 125
Trd, 4319186.143, 86
Trd, 4319186.243, 90
Trd, 4319186.943, 86
Trd, 4319187.643, 80
Trd, 4319187.893, 110
Trd, 4319188.643, 79
Trd, 4319189.243, 106
Trd, 4319189.543, 106
Trd, 4319189.693, 99
Trd, 4319190.443, 83
Trd, 4319192.543, 103
Trd, 4319192.993, 108
Trd, 4319193.543, 98
Trd, 4319193.943, 130
Trd, 4319194.243, 91
Trd, 4319194.393, 88
Trd, 4319194.793, 87
Trd, 4319195.093, 80
Trd, 4319196.193, 131
Trd, 4319198.193, 139
Trd, 4319198.343, 125
Trd, 4319199.193, 118
Trd, 4319199.943, 125
Trd, 4319200.193, 78
Trd, 4319201.543, 68
Trd, 4319201.693, 82
Trd, 4319202.393, 86
Trd, 4319202.893, 64
Trd, 4319202.993, 66
Trd, 4319203.093, 73
Trd, 4319204.343, 123
Trd, 4319204.993, 73
Trd, 4319205.393, 86
Trd, 4319205.843, 135
Trd, 4319205.893, 66
Trd, 4319206.993, 85
Trd, 4319207.443, 138
Trd, 4319208.543, 64
Trd, 4319209.943, 129
Trd, 4319210.043, 123
Trd, 4319211.543, 96
Trd, 4319211.943, 91
Trd, 4319213.093, 111
Trd, 4319213.193, 86
Trd, 4319213.593, 106
Trd, 4319214.693, 84
Trd, 4319215.743, 118
Trd, 4319216.043, 115
Trd, 4319216.443, 106
Trd, 4319216.593, 103
Trd, 4319216.793, 90
Trd, 4319217.943, 112
Trd, 4319218.493, 87
Trd, 4319219.943, 93
Trd, 4319220.343, 85
Trd, 4319220.743, 98
Trd, 4319220.893, 67
Trd, 4319221.943, 71
Trd, 4319222.593, 66
Trd, 4319223.643, 103
Trd, 4319224.593, 91
Trd, 4319226.743, 139
Trd, 4319227.243, 120
Trd, 4319227.693, 106
Trd, 4319228.493, 116
Trd, 4319228.993, 134
Trd, 4319229.843, 107
Trd, 4319230.293, 103
Trd, 4319230.943, 67
Trd, 4319231.093, 72
Trd, 4319232.393, 86
Trd, 4319232.593, 135
Trd, 4319234.193, 117
Trd, 4319234.243, 115
Trd, 4319234.593, 113
Trd, 4319236.093, 108
Trd, 4319236.493, 102
Trd, 4319237.243, 118
Trd, 4319238.043, 98
Trd, 4319239.143, 126
Trd, 4319239.993, 118
Trd, 4319240.443, 111
Trd, 4319241.293, 124
Trd, 4319241.443, 102
Trd, 4319241.693, 93
Trd, 4319242.293, 64
Trd, 4319242.343, 71
Trd, 4319242.843, 96
Trd, 4319244.243, 80
Trd, 4319245.493, 108
Trd, 4319245.843, 60
Trd, 4319246.593, 74
Trd, 4319247.643, 82
Trd, 4319248.143, 78
Trd, 4319249.093, 68
Trd, 4319249.793, 91
Trd, 4319250.043, 88
Trd, 4319250.393, 89
Trd, 4319250.843, 102
Trd, 4319252.193, 82
Trd, 4319252.693, 70
Trd, 4319253.143, 76
Trd, 4319253.993, 66
Trd, 4319255.243, 65
Trd, 4319255.493, 97
Trd, 4319255.693, 123
Trd, 4319257.143, 96
Trd, 4319257.943, 91
Trd, 4319258.593, 140
Trd, 4319258.843, 92
Trd, 4319259.393, 85
Trd, 4319259.693, 120
Trd, 4319260.893, 79
Trd, 4319261.093, 79
Trd, 4319262.693, 67
Trd, 4319262.893, 70
Trd, 4319263.093, 140
Trd, 4319263.743, 98
Trd, 4319264.093, 73
Trd, 4319265.593, 63
Trd, 4319267.593, 60
Trd, 4319267.893, 66
Trd, 4319268.793, 92
Trd, 4319269.393, 106
Trd, 4319269.643, 86
Trd, 4319269.943, 130
Trd, 4319270.593, 90
Trd, 4319271.293, 86
Trd, 4319271.643, 119
Trd, 4319272.293, 104
Trd, 4319272.443, 134
Trd, 4319273.493, 97
Trd, 4319274.943, 92
Trd, 4319275.393, 139
Trd, 4319275.543, 132
Trd, 4319276.293, 123
Trd, 4319276.443, 110
Trd, 4319277.293, 104
Trd, 4319277.593, 103
Trd, 4319278.143, 81
Trd, 4319278.793, 78
Trd, 4319279.543, 77
Trd, 4319280.893, 87
Trd, 4319281.743, 65
Trd, 4319282.193, 99
Trd, 4319282.243, 115
Trd, 4319282.943, 67
Trd, 4319285.243, 140
Trd, 4319285.293, 114
Trd, 4319285.743, 105
Trd, 4319286.543, 92
Trd, 4319286.693, 134
Trd, 4319286.843, 92
Trd, 4319287.193, 125
Trd, 4319288.443, 98
Trd, 4319288.943, 81
Trd, 4319289.743, 112
Trd, 4319290.193, 92
Trd, 4319290.343, 78
Trd, 4319291.793, 95
Trd, 4319292.143, 105
Trd, 4319293.193, 69
Trd, 4319294.243, 76
Trd, 4319294.393, 89
Trd, 4319295.043, 79
Trd, 4319295.643, 98
Trd, 4319296.593, 70
Trd, 4319296.943, 71
Trd, 4319297.893, 90
Trd, 4319297.993, 82
Trd, 4319299.593, 115
Trd, 4319300.693, 82
Trd, 4319301.243, 99
Trd, 4319302.093, 108
Trd, 4319302.143, 106
Trd, 4319302.493, 95
Trd, 4319303.143, 75
Trd, 4319303.943, 81
Trd, 4319304.293, 136
Trd, 4319305.643, 112
Trd, 4319306.043, 103
Trd, 4319306.243, 94
Trd, 4319306.543, 75
Trd, 4319307.043, 78
Trd, 4319307.693, 63
Trd, 4319307.843, 71
Trd, 4319310.093, 121
Trd, 4319310.393, 109
Trd, 4319311.043, 78
Trd, 4319312.093, 89
Trd, 4319312.243, 81
Trd, 4319312.543, 74
Trd, 4319314.043, 119
Trd, 4319314.743, 99
Trd, 4319315.443, 112
Trd, 4319316.143, 112
Trd, 4319316.393, 101
Trd, 4319316.693, 90
Trd, 4319318.093, 136
Trd, 4319318.943, 121
Trd, 4319319.243, 121
Trd, 4319319.443, 117
Trd, 4319319.943, 113
Trd, 4319322.043, 128
Trd, 4319323.643, 116
Trd, 4319323.693, 113
Trd, 4319323.743, 109
Trd, 4319323.843, 94
Trd, 4319325.443, 134
Trd, 4319326.593, 132
Trd, 4319326.943, 114
Trd, 4319327.793, 108
Trd, 4319328.093, 121
Trd, 4319329.243, 129
Trd, 4319329.843, 108
Trd, 4319330.593, 102
Trd, 4319330.993, 97
Trd, 4319331.143, 95
Trd, 4319332.293, 87
Trd, 4319332.693, 105
Trd, 4319332.793, 98
Trd, 4319333.043, 63
Trd, 4319333.893, 80
Trd, 4319335.293, 65
Trd, 4319336.393, 63
Trd, 4319336.993, 61
Trd, 4319337.193, 64
Trd, 4319337.443, 74
Trd, 4319337.643, 94
Trd, 4319338.043, 78
Trd, 4319338.293, 60
Trd, 4319338.393, 66
Trd, 4319339.593, 69
Trd, 4319341.493, 112
Trd, 4319341.893, 71
Trd, 4319342.643, 86
Trd, 4319342.743, 73
Trd, 4319343.243, 108
Trd, 4319343.743, 73
Trd, 4319344.243, 68
Trd, 4319345.993, 96
Trd, 4319346.293, 83
Trd, 4319348.293, 90
Trd, 4319348.543, 106
Trd, 4319349.043, 106
Trd, 4319349.443, 100
Trd, 4319349.543, 107
Trd, 4319349.893, 90
Trd, 4319351.393, 82
Trd, 4319351.543, 90
Trd, 4319352.193, 79
Trd, 4319352.243, 70
Trd, 4319353.843, 101
Trd, 4319353.893, 94
Trd, 4319354.043, 89
Trd, 4319355.343, 127
Trd, 4319356.043, 86
Trd, 4319357.393, 81
Trd, 4319357.893, 140
Trd, 4319358.543, 124
Trd, 4319358.893, 111
Trd, 4319359.043, 107
Trd, 4319359.143, 102
Trd, 4319360.643, 106
Trd, 4319360.693, 101
Trd, 4319360.843, 92
Trd, 4319362.393, 101
Trd, 4319362.943, 66
Trd, 4319363.043, 134
Trd, 4319363.793, 83
Trd, 4319364.893, 78
Trd, 4319365.093, 70
Trd, 4319365.393, 67
Trd, 4319365.893, 93
Trd, 4319366.893, 105
Trd, 4319368.143, 92
Trd, 4319368.393, 91
Trd, 4319368.643, 78
Trd, 4319369.643, 102
Trd, 4319370.793, 127
Trd, 4319371.393, 117
Trd, 4319371.693, 111
Trd, 4319371.893, 92
Trd, 4319373.143, 68
Trd, 4319374.393, 65
Trd, 4319375.343, 63
Trd, 4319376.143, 76
Trd, 4319376.243, 82
Trd, 4319376.343, 98
Trd, 4319377.043, 62
Trd, 4319379.193, 128
Trd, 4319379.243, 89
Trd, 4319379.543, 82
Trd, 4319380.193, 76
Trd, 4319381.543, 79
Trd, 4319381.593, 107
Trd, 4319382.643, 66
Trd, 4319383.043, 119
Trd, 4319383.843, 127
Trd, 4319383.893, 122
Trd, 4319384.343, 83
Trd, 4319384.743, 137
Trd, 4319385.343, 106
Trd, 4319385.943, 103
Trd, 4319387.143, 115
Trd, 4319387.393, 135
Trd, 4319388.143, 103
Trd, 4319388.493, 118
Trd, 4319388.993, 123
Trd, 4319389.293, 110
Trd, 4319389.843, 100
Trd, 4319389.893, 82
Trd, 4319390.893, 81
Trd, 4319391.143, 90
Trd, 4319391.943, 75
Trd, 4319392.343, 85
Trd, 4319393.393, 105
Trd, 4319393.493, 122
Trd, 4319394.393, 88
Trd, 4319394.793, 134
Trd, 4319395.043, 86
Trd, 4319396.043, 66
Trd, 4319397.593, 72
Trd, 4319397.643, 92
Trd, 4319398.293, 69
Trd, 4319398.543, 97
Trd, 4319398.743, 140
Trd, 4319399.493, 70
Trd, 4319400.143, 98
Trd, 4319400.343, 89
Trd, 4319400.643, 104
Trd, 4319401.843, 136
Trd, 4319401.993, 121
Trd, 4319402.843, 122
Trd, 4319403.093, 116
Trd, 4319404.093, 84
Trd, 4319405.343, 72
Trd, 4319405.943, 68
Trd, 4319407.143, 88
Trd, 4319407.543, 85
Trd, 4319408.143, 126
Trd, 4319408.893, 128
Trd, 4319408.993, 90
Trd, 4319409.843, 81
Trd, 4319410.293, 76
Trd, 4319410.593, 80
Trd, 4319411.793, 61
Trd, 4319412.793, 105
Trd, 4319412.943, 85
Trd, 4319413.243, 74
Trd, 4319413.493, 68
Trd, 4319414.743, 69
Trd, 4319414.993, 96
Trd, 4319416.843, 77
Trd, 4319418.143, 66
Trd, 4319418.293, 85
Trd, 4319419.093, 63
Trd, 4319419.143, 81
Trd, 4319420.543, 69
Trd, 4319421.043, 71
Trd, 4319421.543, 81
Trd, 4319422.493, 79
Trd, 4319422.643, 72
Trd, 4319422.943, 66
Trd, 4319423.593, 113
Trd, 4319424.343, 128
Trd, 4319424.993, 94
Trd, 4319425.393, 115
Trd, 4319425.493, 89
Trd, 4319425.593, 116
Trd, 4319426.193, 100
Trd, 4319428.893, 84
Trd, 4319429.743, 106
Trd, 4319430.143, 96
Trd, 4319430.543, 140
Trd, 4319430.643, 126
Trd, 4319431.343, 117
Trd, 4319433.643, 96
Trd, 4319434.343, 90
Trd, 4319434.543, 87
Trd, 4319435.093, 85
Trd, 4319435.293, 117
Trd, 4319435.493, 98
Trd, 4319436.143, 81
Trd, 4319436.943, 84
Trd, 4319437.143, 81
Trd, 4319438.393, 135
Trd, 4319438.493, 122
Trd, 4319439.243, 77
Trd, 4319441.393, 87
Trd, 4319442.193, 92
Trd, 4319442.543, 112
Trd, 4319443.543, 84
Trd, 4319443.943, 90
Trd, 4319443.993, 79
Trd, 4319444.393, 130
Trd, 4319444.893, 67
Trd, 4319445.543, 90
Trd, 4319446.593, 60
Trd, 4319447.143, 134
Trd, 4319447.693, 78
Trd, 4319447.943, 70
Trd, 4319448.043, 108
Trd, 4319449.443, 85
Trd, 4319450.143, 84
Trd, 4319450.493, 96
Trd, 4319450.543, 82
Trd, 4319452.243, 74
Trd, 4319454.393, 129
Trd, 4319455.343, 123
Trd, 4319456.043, 111
Trd, 4319456.843, 92
Trd, 4319456.943, 86
Trd, 4319457.343, 92
Trd, 4319457.843, 75
Trd, 4319457.943, 68
Trd, 4319458.843, 125
Trd, 4319459.343, 120
Trd, 4319460.543, 101
Trd, 4319460.593, 100
Trd, 4319460.943, 97
Trd, 4319461.693, 92
Trd, 4319463.343, 90
Trd, 4319463.793, 122
Trd, 4319464.393, 94
Trd, 4319464.993, 88
Trd, 4319465.943, 92
Trd, 4319465.993, 97
Trd, 4319466.093, 88
Trd, 4319466.243, 72
Trd, 4319466.693, 64
Trd, 4319468.093, 127
Trd, 4319469.143, 60
Trd, 4319469.393, 61
Trd, 4319469.893, 68
Trd, 4319469.943, 77
Trd, 4319471.193, 127
Trd, 4319472.093, 107
Trd, 4319473.243, 87
Trd, 4319473.943, 100
Trd, 4319475.443, 134
Trd, 4319475.543, 121
Trd, 4319475.893, 102
Trd, 4319476.343, 88
Trd, 4319476.543, 104
Trd, 4319477.243, 72
Trd, 4319478.843, 102
Trd, 4319479.093, 133
Trd, 4319479.593, 88
Trd, 4319480.643, 80
Trd, 4319481.043, 85
Trd, 4319481.343, 60
Trd, 4319482.693, 95
Trd, 4319483.443, 77
Trd, 4319484.043, 80
Trd, 4319484.943, 63
Trd, 4319485.943, 62
Trd, 4319486.243, 67
Trd, 4319486.843, 70
Trd, 4319488.393, 102
Trd, 4319488.693, 64
Trd, 4319489.843, 121
Trd, 4319490.043, 66
Trd, 4319490.143, 70
Trd, 4319490.493, 65
Trd, 4319491.093, 75
Trd, 4319491.443, 66
Trd, 4319493.093, 104
Trd, 4319494.243, 71
Trd, 4319494.443, 62
Trd, 4319494.943, 128
Trd, 4319495.543, 72
Trd, 4319495.893, 73
Trd, 4319498.493, 73
Trd, 4319498.843, 104
Trd, 4319499.043, 70
Trd, 4319500.193, 64
Trd, 4319500.443, 87
Trd, 4319501.643, 86
Trd, 4319502.193, 71
Trd, 4319502.593, 67
Trd, 4319503.443, 64
Trd, 4319503.843, 124
Trd, 4319504.243, 81
Trd, 4319504.543, 76
Trd, 4319504.693, 104
Trd, 4319506.643, 74
Trd, 4319506.743, 127
Trd, 4319508.893, 73
Trd, 4319509.693, 78
Trd, 4319509.993, 81
Trd, 4319510.143, 75
Trd, 4319512.193, 85
Trd, 4319512.543, 87
Trd, 4319512.793, 71
Trd, 4319513.443, 66
Trd, 4319514.243, 85
Trd, 4319514.943, 76
Trd, 4319515.293, 62
Trd, 4319516.093, 69
Trd, 4319516.893, 67
Trd, 4319517.193, 79
Trd, 4319517.993, 61
Trd, 4319519.393, 72
Trd, 4319519.893, 62
Trd, 4319520.893, 97
Trd, 4319521.293, 97
Trd, 4319521.793, 115
Trd, 4319523.093, 87
Trd, 4319523.593, 83
Trd, 4319524.093, 108
Trd, 4319524.743, 130
Trd, 4319524.793, 105
Trd, 4319525.543, 136
Trd, 4319526.493, 126
Trd, 4319526.643, 114
Trd, 4319527.143, 99
Trd, 4319527.893, 91
Trd, 4319529.143, 135
Trd, 4319529.443, 95
Trd, 4319529.743, 91
Trd, 4319530.443, 105
Trd, 4319530.593, 105
Trd, 4319532.193, 73
Trd, 4319533.393, 65
Trd, 4319533.693, 102
Trd, 4319535.493, 105
Trd, 4319536.543, 110
Trd, 4319536.943, 81
Trd, 4319537.543, 100
Trd, 4319538.393, 91
Trd, 4319538.693, 71
Trd, 4319539.393, 102
Trd, 4319539.443, 80
Trd, 4319539.893, 78
Trd, 4319540.393, 74
Trd, 4319540.893, 132
Trd, 4319541.693, 137
Trd, 4319541.943, 114
Trd, 4319541.993, 83
Trd, 4319543.493, 112
Trd, 4319543.593, 105
Trd, 4319545.393, 63
Trd, 4319545.943, 79
Trd, 4319546.543, 70
Trd, 4319547.543, 102
Trd, 4319547.593, 73
Trd, 4319548.493, 62
Trd, 4319549.993, 67
Trd, 4319550.243, 86
Trd, 4319552.143, 72
Trd, 4319552.243, 71
Trd, 4319552.493, 75
Trd, 4319552.793, 78
Trd, 4319553.193, 96
Trd, 4319553.993, 90
Trd, 4319554.043, 117
Trd, 4319554.643, 92
Trd, 4319556.493, 63
Trd, 4319556.793, 105
Trd, 4319557.693, 64
Trd, 4319558.193, 101
Trd, 4319558.543, 106
Trd, 4319558.643, 93
Trd, 4319560.443, 89
Trd, 4319560.543, 83
Trd, 4319561.093, 105
Trd, 4319562.043, 88
Trd, 4319564.393, 67
Trd, 4319564.493, 93
Trd, 4319564.943, 96
Trd, 4319565.043, 89
Trd, 4319566.293, 79
Trd, 4319567.143, 122
Trd, 4319567.293, 71
Trd, 4319567.943, 78
Trd, 4319568.943, 108
Trd, 4319569.443, 114
Trd, 4319569.543, 77
Trd, 4319570.343, 65
Trd, 4319570.543, 105
Trd, 4319571.443, 88
Trd, 4319572.393, 138
Trd, 4319572.593, 121
Trd, 4319573.693, 120
Trd, 4319575.693, 72
Trd, 4319575.793, 67
Trd, 4319577.643, 126
Trd, 4319577.843, 87
Trd, 4319578.093, 80
Trd, 4319578.243, 119
Trd, 4319579.093, 110
Trd, 4319579.243, 106
Trd, 4319581.293, 109
Trd, 4319581.543, 97
Trd, 4319581.643, 96
Trd, 4319581.693, 91
Trd, 4319581.893, 125
Trd, 4319583.293, 80
Trd, 4319583.643, 86
Trd, 4319584.743, 125
Trd, 4319585.493, 123
Trd, 4319586.143, 88
Trd, 4319587.743, 136
Trd, 4319587.793, 122
Trd, 4319588.543, 139
Trd, 4319589.043, 97
Trd, 4319589.643, 134
Trd, 4319589.993, 112
Trd, 4319590.793, 76
Trd, 4319591.743, 122
Trd, 4319592.143, 117
Trd, 4319592.193, 107
Trd, 4319594.043, 87
Trd, 4319594.743, 88
Trd, 4319595.343, 67
Trd, 4319596.093, 83
Trd, 4319596.593, 93
Trd, 4319596.943, 75
Trd, 4319597.743, 90
Trd, 4319597.843, 81
Trd, 4319599.243, 90
Trd, 4319600.243, 102
Trd, 4319600.593, 97
Trd, 4319600.693, 93
Trd, 4319600.993, 106
Trd, 4319601.193, 89
Trd, 4319602.293, 63
Trd, 4319602.893, 84
Trd, 4319604.293, 133
Trd, 4319604.593, 99
Trd, 4319604.793, 95
Trd, 4319605.493, 93
Trd, 4319606.343, 79
Trd, 4319606.643, 87
Trd, 4319607.543, 81
Trd, 4319608.193, 67
Trd, 4319608.693, 68
Trd, 4319608.943, 71
Trd, 4319609.393, 64
Trd, 4319609.843, 116
Trd, 4319610.143, 74
Trd, 4319610.893, 69
Trd, 4319613.943, 68
Trd, 4319614.143, 70
Trd, 4319614.393, 95
Trd, 4319614.893, 80
Trd, 4319615.893, 81
Trd, 4319616.793, 127
Trd, 4319617.543, 110
Trd, 4319617.743, 103
Trd, 4319618.593, 116
Trd, 4319618.843, 100
Trd, 4319619.843, 94
Trd, 4319620.843, 116
Trd, 4319621.643, 136
Trd, 4319621.743, 131
Trd, 4319623.093, 104
Trd, 4319623.493, 64
Trd, 4319623.743, 72
Trd, 4319624.993, 62
Trd, 4319625.343, 68
Trd, 4319625.843, 65
Trd, 4319626.343, 80
Trd, 4319627.843, 76
Trd, 4319628.343, 91
Trd, 4319628.593, 93
Trd, 4319629.193, 104
Trd, 4319629.743, 100
Trd, 4319629.943, 90
Trd, 4319631.543, 140
Trd, 4319632.043, 111
Trd, 4319632.093, 100
Trd, 4319633.143, 96
Trd, 4319633.943, 90
Trd, 4319634.043, 79
Trd, 4319634.593, 65
Trd, 4319634.693, 81
Trd, 4319635.593, 89
Trd, 4319635.743, 69
Trd, 4319636.893, 86
Trd, 4319637.093, 103
Trd, 4319637.843, 106
Trd, 4319638.443, 96
Trd, 4319639.193, 95
Trd, 4319640.093, 94
Trd, 4319640.643, 93
Trd, 4319641.143, 94
Trd, 4319642.343, 126
Trd, 4319642.593, 93
Trd, 4319642.693, 87
Trd, 4319643.293, 140
Trd, 4319644.043, 63
Trd, 4319645.693, 60
Trd, 4319646.943, 66
Trd, 4319648.193, 74
Trd, 4319648.593, 114
Trd, 4319649.293, 68
Trd, 4319649.493, 70
Trd, 4319649.543, 68
Trd, 4319649.943, 79
Trd, 4319650.543, 87
Trd, 4319651.443, 92
Trd, 4319654.343, 85
Trd, 4319654.793, 118
Trd, 4319655.493, 70
Trd, 4319656.943, 87
Trd, 4319657.093, 80
Trd, 4319658.043, 113
Trd, 4319658.643, 98
Trd, 4319658.993, 90
Trd, 4319659.043, 84
Trd, 4319659.193, 84
Trd, 4319659.443, 125
Trd, 4319659.893, 138
Trd, 4319660.893, 114
Trd, 4319661.143, 124
Trd, 4319661.243, 108
Trd, 4319661.293, 99
Trd, 4319662.593, 66
Trd, 4319663.043, 104
Trd, 4319663.693, 97
Trd, 4319664.143, 90
Trd, 4319665.293, 93
Trd, 4319666.343, 94
Trd, 4319668.043, 88
Trd, 4319668.143, 102
Trd, 4319668.893, 89
Trd, 4319669.043, 82
Trd, 4319669.193, 100
Trd, 4319670.593, 108
Trd, 4319671.243, 140
Trd, 4319671.793, 117
Trd, 4319672.043, 114
Trd, 4319672.543, 130
Trd, 4319672.693, 105
Trd, 4319673.593, 92
Trd, 4319674.793, 119
Trd, 4319675.193, 85
Trd, 4319676.443, 64
Trd, 4319676.943, 72
Trd, 4319679.343, 86
Trd, 4319679.393, 102
Trd, 4319680.693, 88
Trd, 4319680.793, 85
Trd, 4319680.993, 82
Trd, 4319682.093, 63
Trd, 4319682.643, 60
Trd, 4319682.943, 62
Trd, 4319684.193, 76
Trd, 4319684.593, 69
Trd, 4319685.043, 90
Trd, 4319685.593, 107
Trd, 4319685.943, 85
Trd, 4319687.243, 67
Trd, 4319687.343, 84
Trd, 4319687.993, 125
Trd, 4319688.443, 66
Trd, 4319689.693, 119
Trd, 4319689.993, 89
Trd, 4319691.493, 135
Trd, 4319691.643, 128
Trd, 4319692.193, 112
Trd, 4319693.343, 136
Trd, 4319694.093, 119
Trd, 4319694.193, 96
Trd, 4319695.393, 108
Trd, 4319695.643, 88
Trd, 4319695.793, 82
Trd, 4319696.093, 115
Trd, 4319696.693, 64
Trd, 4319698.743, 70
Trd, 4319699.343, 71
Trd, 4319700.693, 62
Trd, 4319702.243, 73
Trd, 4319702.393, 78
Trd, 4319704.393, 117
Trd, 4319705.243, 123
Trd, 4319705.393, 118
Trd, 4319705.443, 118
Trd, 4319706.043, 106
Trd, 4319707.343, 118
Trd, 4319707.593, 101
Trd, 4319707.843, 126
Trd, 4319708.193, 102
Trd, 4319708.293, 80
Trd, 4319708.593, 77
Trd, 4319708.843, 73
Trd, 4319709.943, 71
Trd, 4319710.943, 105
Trd, 4319713.143, 60
Trd, 4319713.243, 60
Trd, 4319715.143, 75
Trd, 4319715.343, 71
Trd, 4319715.543, 72
Trd, 4319716.043, 81
Trd, 4319716.443, 73
Trd, 4319717.393, 113
Trd, 4319718.343, 106
Trd, 4319718.443, 101
Trd, 4319718.493, 99
Trd, 4319718.893, 76
Trd, 4319719.993, 66
Trd, 4319720.893, 85
Trd, 4319721.343, 134
Trd, 4319721.593, 77
Trd, 4319721.893, 84
Trd, 4319722.793, 63
Trd, 4319725.193, 64
Trd, 4319725.793, 66
Trd, 4319726.643, 70
Trd, 4319726.793, 72
Trd, 4319726.993, 73
Trd, 4319727.693, 67
Trd, 4319728.093, 94
Trd, 4319728.443, 112
Trd, 4319728.943, 110
Trd, 4319730.243, 110
Trd, 4319730.293, 90
Trd, 4319732.043, 103
Trd, 4319732.393, 106
Trd, 4319732.593, 137
Trd, 4319732.693, 82
Trd, 4319732.743, 80
Trd, 4319732.793, 77
Trd, 4319733.993, 89
Trd, 4319736.143, 92
Trd, 4319736.643, 90
Trd, 4319737.243, 95
Trd, 4319737.493, 106
Trd, 4319738.793, 82
Trd, 4319740.293, 125
Trd, 4319740.843, 109
Trd, 4319740.893, 109
Trd, 4319740.993, 98
Trd, 4319741.043, 87
Trd, 4319742.493, 126
Trd, 4319743.593, 131
Trd, 4319743.793, 105
Trd, 4319743.893, 115
Trd, 4319744.393, 116
Trd, 4319745.293, 72
Trd, 4319746.743, 124
Trd, 4319747.293, 118
Trd, 4319747.343, 133
Trd, 4319748.643, 84
Trd, 4319749.493, 122
Trd, 4319750.843, 71
Trd, 4319750.893, 107
Trd, 4319751.243, 80
Trd, 4319751.743, 77
Trd, 4319753.393, 64
Trd, 4319754.943, 130
Trd, 4319754.993, 96
Trd, 4319756.293, 125
Trd, 4319756.493, 106
Trd, 4319756.843, 84
Trd, 4319757.743, 71
Trd, 4319758.593, 74
Trd, 4319759.993, 70
Trd, 4319760.793, 88
Trd, 4319761.043, 93
Trd, 4319761.243, 78
Trd, 4319761.293, 83
Trd, 4319761.493, 77
Trd, 4319762.693, 131
Trd, 4319762.743, 116
Trd, 4319764.143, 70
Trd, 4319765.243, 79
Trd, 4319765.843, 87
Trd, 4319766.193, 96
Trd, 4319767.193, 92
Trd, 4319767.693, 92
Trd, 4319768.043, 126
Trd, 4319768.543, 89
Trd, 4319769.843, 66
Trd, 4319770.493, 63
Trd, 4319770.893, 90
Trd, 4319771.043, 83
Trd, 4319771.093, 81
Trd, 4319771.693, 81
Trd, 4319771.993, 64
Trd, 4319772.343, 76
Trd, 4319774.443, 132
Trd, 4319774.593, 119
Trd, 4319774.643, 100
Trd, 4319776.893, 115
Trd, 4319777.893, 113
Trd, 4319778.393, 100
Trd, 4319779.143, 94
Trd, 4319779.993, 66
Trd, 4319780.443, 92
Trd, 4319781.293, 82
Trd, 4319782.243, 77
Trd, 4319782.793, 96
Trd, 4319782.943, 74
Trd, 4319783.443, 71
Trd, 4319783.943, 76
Trd, 4319784.593, 71
Trd, 4319784.843, 75
Trd, 4319786.943, 110
Trd, 4319788.093, 61
Trd, 4319788.693, 126
Trd, 4319789.493, 89
Trd, 4319789.593, 124
Trd, 4319789.893, 83
Trd, 4319791.443, 103
Trd, 4319791.893, 106
Trd, 4319792.193, 78
Trd, 4319792.543, 78
Trd, 4319795.043, 73
Trd, 4319795.943, 66
Trd, 4319796.193, 71
Trd, 4319796.243, 75
Trd, 4319797.643, 88
Trd, 4319797.893, 72
Trd, 4319798.493, 69
Trd, 4319798.993, 78
Trd, 4319799.693, 79
Trd, 4319800.643, 81
Trd, 4319801.243, 84
Trd, 4319801.743, 81
Trd, 4319801.943, 73
Trd, 4319802.393, 130
Trd, 4319803.093, 73
Trd, 4319803.793, 80
Trd, 4319803.943, 131
Trd, 4319804.943, 82
Trd, 4319806.793, 65
Trd, 4319808.393, 79
Trd, 4319808.893, 85
Trd, 4319810.243, 74
Trd, 4319810.343, 90
Trd, 4319811.043, 92
Trd, 4319811.343, 87
Trd, 4319812.243, 64
Trd, 4319813.243, 62
Trd, 4319813.493, 129
Trd, 4319814.093, 76
Trd, 4319814.643, 103
Trd, 4319815.343, 91
Trd, 4319815.593, 80
Trd, 4319816.793, 64
Trd, 4319817.343, 124
Trd, 4319817.593, 121
Trd, 4319817.693, 112
Trd, 4319819.643, 91
Trd, 4319820.293, 80
Trd, 4319821.043, 76
Trd, 4319821.293, 74
Trd, 4319821.443, 80
Trd, 4319821.943, 96
Trd, 4319822.493, 83
Trd, 4319823.193, 112
Trd, 4319823.293, 97
Trd, 4319824.493, 103
Trd, 4319825.043, 77
Trd, 4319825.593, 111
Trd, 4319826.893, 121
Trd, 4319827.493, 99
Trd, 4319827.893, 94
Trd, 4319828.143, 108
Trd, 4319828.493, 95
Trd, 4319829.593, 98
Trd, 4319830.593, 98
Trd, 4319831.493, 116
Trd, 4319832.543, 111
Trd, 4319832.793, 97
Trd, 4319832.943, 91
Trd, 4319833.343, 122
Trd, 4319833.493, 98
Trd, 4319835.993, 76
Trd, 4319836.193, 134
Trd, 4319837.243, 78
Trd, 4319837.693, 83
Trd, 4319838.043, 74
Trd, 4319838.193, 85
Trd, 4319838.993, 75
Trd, 4319840.493, 102
Trd, 4319840.743, 140
Trd, 4319840.993, 128
Trd, 4319841.543, 94
Trd, 4319842.943, 107
Trd, 4319843.343, 89
Trd, 4319844.443, 109
Trd, 4319845.193, 92
Trd, 4319845.693, 85
Trd, 4319845.793, 110
Trd, 4319845.943, 84
Trd, 4319847.343, 74
Trd, 4319847.793, 78
Trd, 4319847.893, 90
Trd, 4319848.293, 111
Trd, 4319848.793, 80
Trd, 4319849.693, 122
Trd, 4319849.743, 112
Trd, 4319850.293, 108
Trd, 4319850.893, 137
Trd, 4319852.693, 95
Trd, 4319853.843, 114
Trd, 4319854.293, 105
Trd, 4319854.793, 98
Trd, 4319854.893, 94
Trd, 4319855.643, 122
Trd, 4319856.343, 138
Trd, 4319856.893, 136
Trd, 4319857.193, 122
Trd, 4319858.043, 108
Trd, 4319858.143, 103
Trd, 4319859.593, 86
Trd, 4319860.193, 90
Trd, 4319860.993, 85
Trd, 4319861.693, 90
Trd, 4319862.243, 82
Trd, 4319862.593, 65
Trd, 4319863.243, 91
Trd, 4319863.593, 75
Trd, 4319864.593, 120
Trd, 4319865.043, 120
Trd, 4319865.343, 120
Trd, 4319865.743, 96
Trd, 4319867.693, 117
Trd, 4319868.693, 85
Trd, 4319869.043, 78
Trd, 4319869.993, 102
Trd, 4319870.993, 119
Trd, 4319871.593, 95
Trd, 4319871.643, 87
Trd, 4319872.243, 61
Trd, 4319872.993, 140
Trd, 4319874.243, 131
Trd, 4319875.093, 139
Trd, 4319875.143, 132
Trd, 4319875.543, 114
Trd, 4319876.493, 116
Trd, 4319876.543, 105
Trd, 4319877.343, 77
Trd, 4319877.543, 70
Trd, 4319878.393, 76
Trd, 4319879.243, 74
Trd, 4319879.593, 97
Trd, 4319881.243, 125
Trd, 4319881.843, 125
Trd, 4319882.143, 119
Trd, 4319882.843, 114
Trd, 4319882.993, 103
Trd, 4319883.143, 135
Trd, 4319884.143, 97
Trd, 4319885.243, 106
Trd, 4319885.893, 111
Trd, 4319886.293, 93
Trd, 4319886.543, 72
Trd, 4319887.393, 77
Trd, 4319887.593, 82
Trd, 4319887.993, 124
Trd, 4319888.693, 105
Trd, 4319890.043, 65
Trd, 4319890.343, 66
Trd, 4319890.743, 85
Trd, 4319891.643, 77
Trd, 4319891.793, 88
Trd, 4319892.943, 116
Trd, 4319893.093, 107
Trd, 4319894.843, 137
Trd, 4319894.893, 92
Trd, 4319894.993, 84
Trd, 4319896.593, 90
Trd, 4319896.793, 133
Trd, 4319897.193, 87
Trd, 4319897.343, 85
Trd, 4319898.443, 88
Trd, 4319898.743, 73
Trd, 4319899.543, 136
Trd, 4319899.993, 118
Trd, 4319900.393, 96
Trd, 4319901.293, 76
Trd, 4319901.443, 75
Trd, 4319902.793, 91
Trd, 4319903.893, 60
Trd, 4319904.193, 73
Trd, 4319904.343, 83
Trd, 4319905.993, 61
Trd, 4319907.143, 79
Trd, 4319907.943, 86
Trd, 4319909.493, 61
Trd, 4319909.543, 74
Trd, 4319910.893, 75
Trd, 4319911.193, 62
Trd, 4319911.843, 87
Trd, 4319912.193, 88
Trd, 4319912.943, 61
Trd, 4319913.143, 70
Trd, 4319914.743, 77
Trd, 4319915.493, 77
Trd, 4319916.443, 62
Trd, 4319916.643, 73
Trd, 4319917.343, 98
Trd, 4319918.943, 79
Trd, 4319919.193, 71
Trd, 4319920.143, 71
Trd, 4319920.343, 84
Trd, 4319920.943, 103
Trd, 4319921.143, 92
Trd, 4319922.393, 83
Trd, 4319924.693, 132
Trd, 4319924.893, 128
Trd, 4319925.793, 137
Trd, 4319925.993, 118
Trd, 4319926.093, 111
Trd, 4319926.243, 110
Trd, 4319926.743, 93
Trd, 4319926.993, 84
Trd, 4319928.193, 103
Trd, 4319928.543, 84
Trd, 4319929.343, 76
Trd, 4319930.943, 77
Trd, 4319933.693, 100
Trd, 4319933.743, 103
Trd, 4319934.393, 84
Trd, 4319934.643, 94
Trd, 4319934.793, 88
Trd, 4319934.893, 98
Trd, 4319935.393, 85
Trd, 4319937.443, 85
Trd, 4319937.943, 82
Trd, 4319938.593, 91
Trd, 4319938.943, 137
Trd, 4319939.343, 110
Trd, 4319940.043, 101
Trd, 4319940.093, 84
Trd, 4319941.093, 65
Trd, 4319941.243, 121
Trd, 4319942.293, 65
Trd, 4319942.843, 81
Trd, 4319944.443, 76
Trd, 4319944.693, 76
Trd, 4319944.893, 86
Trd, 4319945.143, 71
Trd, 4319946.243, 107
Trd, 4319946.693, 98
Trd, 4319946.943, 92
Trd, 4319948.593, 100
Trd, 4319948.943, 84
Trd, 4319949.043, 129
Trd, 4319949.443, 80
Trd, 4319949.693, 76
Trd, 4319949.893, 93
Trd, 4319950.193, 72
Trd, 4319951.043, 80
Trd, 4319951.493, 137
Trd, 4319952.143, 78
Trd, 4319954.593, 81
Trd, 4319955.293, 83
Trd, 4319955.693, 73
Trd, 4319955.893, 85
Trd, 4319957.293, 69
Trd, 4319957.493, 100
Trd, 4319958.243, 83
Trd, 4319958.393, 68
Trd, 4319959.693, 62
Trd, 4319960.243, 75
Trd, 4319960.443, 80
Trd, 4319960.893, 73
Trd, 4319961.943, 61
Trd, 4319962.343, 84
Trd, 4319963.293, 71
Trd, 4319964.543, 77
Trd, 4319964.643, 74
Trd, 4319965.043, 80
Trd, 4319965.643, 68
Trd, 4319965.743, 75
Trd, 4319966.743, 80
Trd, 4319967.793, 69
Trd, 4319968.993, 79
Trd, 4319970.293, 67
Trd, 4319970.393, 81
Trd, 4319970.743, 76
Trd, 4319971.243, 79
Trd, 4319972.143, 77
Trd, 4319973.993, 114
Trd, 4319974.293, 96
Trd, 4319974.393, 107
Trd, 4319974.893, 98
Trd, 4319975.443, 87
Trd, 4319975.493, 85
Trd, 4319975.593, 102
Trd, 4319976.543, 113
Trd, 4319976.943, 81
Trd, 4319978.243, 104
Trd, 4319979.593, 62
Trd, 4319980.143, 90
Trd, 4319980.943, 65
Trd, 4319981.093, 73
Trd, 4319981.443, 127
Trd, 4319983.093, 72
Trd, 4319983.843, 84
Trd, 4319984.543, 74
Trd, 4319984.993, 77
Trd, 4319985.943, 70
Trd, 4319986.293, 60
Trd, 4319986.643, 73
Trd, 4319987.143, 110
Trd, 4319987.993, 60
Trd, 4319989.193, 112
Trd, 4319989.743, 108
Trd, 4319989.993, 104
Trd, 4319990.993, 106
Trd, 4319991.393, 97
Trd, 4319991.893, 113
Trd, 4319992.393, 90
Trd, 4319993.593, 84
Trd, 4319993.693, 84
Trd, 4319994.043, 77
Trd, 4319995.793, 84
Trd, 4319996.893, 63
Trd, 4319998.193, 89
Trd, 4319999.293, 62
Trd, 4319999.393, 74
