Trd, 4318162.243, 125
Trd, 4318162.343, 124
Trd, 4318162.543, 133
Trd, 4318163.293, 138
Trd, 4318164.143, 115
Trd, 4318165.043, 94
Trd, 4318165.443, 91
Trd, 4318165.543, 88
Trd, 4318166.493, 122
Trd, 4318167.093, 96
Trd, 4318168.193, 136
Trd, 4318168.743, 129
Trd, 4318169.543, 114
Trd, 4318169.643, 108
Trd, 4318169.843, 82
Trd, 4318170.293, 140
Trd, 4318170.843, 139
Trd, 4318172.943, 140
Trd, 4318173.543, 117
Trd, 4318174.393, 140
Trd, 4318174.443, 139
Trd, 4318174.993, 121
Trd, 4318175.393, 76
Trd, 4318175.493, 130
Trd, 4318176.143, 133
Trd, 4318176.443, 83
Trd, 4318176.743, 126
Trd, 4318178.393, 61
Trd, 4318179.043, 114
Trd, 4318179.943, 71
Trd, 4318180.493, 105
Trd, 4318182.443, 82
Trd, 4318182.993, 78
Trd, 4318183.393, 77
Trd, 4318183.843, 108
Trd, 4318184.093, 122
Trd, 4318184.443, 93
Trd, 4318185.143, 96
Trd, 4318185.343, 84
Trd, 4318185.393, 72
Trd, 4318186.443, 130
Trd, 4318186.893, 84
Trd, 4318187.743, 60
Trd, 4318188.193, 62
Trd, 4318188.293, 60
Trd, 4318189.743, 117
Trd, 4318190.643, 75
Trd, 4318191.743, 61
Trd, 4318191.843, 76
Trd, 4318193.443, 65
Trd, 4318193.543, 64
Trd, 4318193.593, 65
Trd, 4318194.543, 102
Trd, 4318195.243, 114
Trd, 4318195.743, 129
Trd, 4318197.343, 96
Trd, 4318197.393, 75
Trd, 4318198.193, 113
Trd, 4318198.693, 116
Trd, 4318199.793, 97
Trd, 4318199.843, 96
Trd, 4318202.443, 133
Trd, 4318203.193, 121
Trd, 4318203.393, 106
Trd, 4318204.093, 100
Trd, 4318204.543, 126
Trd, 4318204.793, 131
Trd, 4318204.943, 116
Trd, 4318205.093, 78
Trd, 4318206.793, 136
Trd, 4318207.543, 97
Trd, 4318208.543, 87
Trd, 4318208.693, 76
Trd, 4318209.093, 90
Trd, 4318209.793, 80
Trd, 4318210.393, 137
Trd, 4318211.243, 124
Trd, 4318211.293, 120
Trd, 4318211.743, 140
Trd, 4318211.893, 86
Trd, 4318213.143, 139
Trd, 4318213.593, 138
Trd, 4318213.943, 137
Trd, 4318214.393, 125
Trd, 4318215.243, 119
Trd, 4318216.493, 133
Trd, 4318218.843, 118
Trd, 4318218.943, 115
Trd, 4318219.343, 114
Trd, 4318220.243, 106
Trd, 4318220.793, 135
Trd, 4318220.893, 114
Trd, 4318221.243, 99
Trd, 4318222.643, 113
Trd, 4318223.543, 97
Trd, 4318224.593, 103
Trd, 4318225.593, 128
Trd, 4318225.843, 98
Trd, 4318226.143, 97
Trd, 4318227.193, 114
Trd, 4318227.393, 89
Trd, 4318227.893, 140
Trd, 4318228.243, 133
Trd, 4318229.943, 130
Trd, 4318230.243, 125
Trd, 4318231.293, 115
Trd, 4318233.543, 130
Trd, 4318234.243, 124
Trd, 4318234.743, 126
Trd, 4318234.793, 108
Trd, 4318236.193, 132
Trd, 4318236.393, 101
Trd, 4318237.543, 74
Trd, 4318238.143, 102
Trd, 4318238.343, 63
Trd, 4318238.543, 104
Trd, 4318239.093, 63
Trd, 4318239.443, 140
Trd, 4318240.643, 79
Trd, 4318242.593, 83
Trd, 4318242.793, 69
Trd, 4318243.293, 64
Trd, 4318243.493, 133
Trd, 4318243.543, 126
Trd, 4318245.043, 70
Trd, 4318245.093, 78
Trd, 4318245.793, 70
Trd, 4318246.243, 71
Trd, 4318246.643, 119
Trd, 4318247.543, 76
Trd, 4318248.243, 84
Trd, 4318249.343, 82
Trd, 4318249.943, 101
Trd, 4318250.143, 73
Trd, 4318250.693, 67
Trd, 4318252.043, 77
Trd, 4318252.543, 70
Trd, 4318253.693, 110
Trd, 4318253.843, 109
Trd, 4318254.243, 105
Trd, 4318255.293, 115
Trd, 4318255.643, 112
Trd, 4318256.443, 88
Trd, 4318256.843, 102
Trd, 4318257.593, 98
Trd, 4318257.893, 89
Trd, 4318258.643, 75
Trd, 4318259.693, 68
Trd, 4318261.143, 66
Trd, 4318261.343, 65
Trd, 4318261.393, 63
Trd, 4318262.843, 136
Trd, 4318263.993, 101
Trd, 4318264.043, 98
Trd, 4318264.943, 67
Trd, 4318265.593, 65
Trd, 4318265.693, 115
Trd, 4318265.893, 138
Trd, 4318267.143, 111
Trd, 4318267.693, 82
Trd, 4318267.893, 74
Trd, 4318268.543, 60
Trd, 4318268.893, 79
Trd, 4318269.993, 107
Trd, 4318270.593, 85
Trd, 4318271.193, 78
Trd, 4318271.243, 78
Trd, 4318271.843, 72
Trd, 4318272.093, 93
Trd, 4318272.743, 104
Trd, 4318272.993, 74
Trd, 4318273.643, 83
Trd, 4318274.743, 103
Trd, 4318275.593, 64
Trd, 4318275.943, 65
Trd, 4318277.143, 90
Trd, 4318277.743, 85
Trd, 4318278.943, 138
Trd, 4318279.593, 138
Trd, 4318280.143, 128
Trd, 4318280.543, 115
Trd, 4318280.743, 99
Trd, 4318281.793, 138
Trd, 4318281.843, 114
Trd, 4318283.943, 65
Trd, 4318284.243, 61
Trd, 4318284.443, 79
Trd, 4318284.993, 109
Trd, 4318285.743, 60
Trd, 4318286.093, 65
Trd, 4318287.093, 73
Trd, 4318288.393, 61
Trd, 4318288.843, 62
Trd, 4318288.943, 68
Trd, 4318289.193, 73
Trd, 4318289.743, 78
Trd, 4318290.093, 65
Trd, 4318291.443, 127
Trd, 4318291.643, 108
Trd, 4318292.693, 62
Trd, 4318293.993, 62
Trd, 4318294.143, 74
Trd, 4318295.143, 68
Trd, 4318295.343, 70
Trd, 4318296.243, 60
Trd, 4318296.593, 65
Trd, 4318297.293, 81
Trd, 4318298.243, 88
Trd, 4318298.843, 126
Trd, 4318299.093, 110
Trd, 4318299.343, 115
Trd, 4318300.343, 120
Trd, 4318300.693, 138
Trd, 4318302.193, 140
Trd, 4318303.393, 129
Trd, 4318303.543, 119
Trd, 4318303.943, 119
Trd, 4318304.193, 115
Trd, 4318304.493, 98
Trd, 4318305.493, 125
Trd, 4318307.293, 130
Trd, 4318307.593, 129
Trd, 4318307.643, 129
Trd, 4318307.693, 100
Trd, 4318307.893, 139
Trd, 4318309.093, 87
Trd, 4318309.993, 104
Trd, 4318310.043, 86
Trd, 4318310.893, 61
Trd, 4318311.043, 89
Trd, 4318312.493, 76
Trd, 4318313.743, 71
Trd, 4318314.793, 94
Trd, 4318316.043, 78
Trd, 4318316.143, 74
Trd, 4318316.693, 75
Trd, 4318317.293, 116
Trd, 4318317.593, 118
Trd, 4318318.393, 88
Trd, 4318319.043, 87
Trd, 4318319.093, 81
Trd, 4318320.193, 75
Trd, 4318320.443, 73
Trd, 4318321.243, 61
Trd, 4318321.993, 66
Trd, 4318322.843, 72
Trd, 4318322.993, 92
Trd, 4318323.993, 67
Trd, 4318324.593, 69
Trd, 4318324.643, 70
Trd, 4318325.743, 105
Trd, 4318327.793, 140
Trd, 4318327.843, 140
Trd, 4318327.893, 124
Trd, 4318328.843, 82
Trd, 4318329.343, 63
Trd, 4318330.693, 75
Trd, 4318330.943, 76
Trd, 4318331.343, 105
Trd, 4318331.443, 63
Trd, 4318331.843, 136
Trd, 4318332.743, 66
Trd, 4318332.993, 67
Trd, 4318333.693, 91
Trd, 4318334.593, 86
Trd, 4318334.743, 74
Trd, 4318336.493, 140
Trd, 4318337.193, 116
Trd, 4318337.693, 128
Trd, 4318338.093, 95
Trd, 4318338.293, 85
Trd, 4318338.943, 90
Trd, 4318339.193, 86
Trd, 4318339.393, 101
Trd, 4318339.993, 89
Trd, 4318341.793, 100
Trd, 4318342.193, 113
Trd, 4318342.943, 85
Trd, 4318343.143, 123
Trd, 4318344.593, 62
Trd, 4318345.443, 61
Trd, 4318346.843, 60
Trd, 4318346.993, 63
Trd, 4318348.343, 68
Trd, 4318349.443, 106
Trd, 4318351.043, 66
Trd, 4318351.093, 70
Trd, 4318351.293, 80
Trd, 4318351.643, 79
Trd, 4318352.693, 103
Trd, 4318353.793, 138
Trd, 4318354.543, 140
Trd, 4318355.193, 60
Trd, 4318356.243, 65
Trd, 4318356.393, 65
Trd, 4318357.343, 89
Trd, 4318357.843, 76
Trd, 4318358.343, 92
Trd, 4318358.643, 93
Trd, 4318359.343, 91
Trd, 4318359.593, 90
Trd, 4318360.743, 126
Trd, 4318360.993, 118
Trd, 4318362.043, 137
Trd, 4318362.643, 139
Trd, 4318363.543, 112
Trd, 4318363.843, 123
Trd, 4318365.743, 129
Trd, 4318366.343, 112
Trd, 4318366.643, 103
Trd, 4318366.993, 91
Trd, 4318367.243, 131
Trd, 4318368.193, 139
Trd, 4318368.543, 109
Trd, 4318370.243, 62
Trd, 4318370.393, 65
Trd, 4318371.093, 127
Trd, 4318371.493, 96
Trd, 4318372.143, 95
Trd, 4318372.343, 95
Trd, 4318372.893, 109
Trd, 4318373.243, 126
Trd, 4318373.593, 109
Trd, 4318374.193, 102
Trd, 4318374.893, 101
Trd, 4318375.593, 119
Trd, 4318376.093, 85
Trd, 4318377.243, 108
Trd, 4318377.993, 129
Trd, 4318378.043, 115
Trd, 4318379.243, 136
Trd, 4318379.543, 106
Trd, 4318379.993, 94
Trd, 4318380.143, 83
Trd, 4318381.493, 96
Trd, 4318382.393, 91
Trd, 4318382.893, 108
Trd, 4318383.243, 99
Trd, 4318383.543, 92
Trd, 4318385.043, 94
Trd, 4318385.843, 95
Trd, 4318386.543, 125
Trd, 4318388.893, 133
Trd, 4318389.143, 116
Trd, 4318389.393, 111
Trd, 4318389.493, 108
Trd, 4318389.593, 92
Trd, 4318390.043, 83
Trd, 4318390.393, 78
Trd, 4318390.593, 101
Trd, 4318391.093, 82
Trd, 4318392.593, 93
Trd, 4318392.893, 140
Trd, 4318393.093, 120
Trd, 4318393.743, 85
Trd, 4318394.343, 80
Trd, 4318395.443, 88
Trd, 4318396.543, 109
Trd, 4318397.343, 107
Trd, 4318398.143, 116
Trd, 4318398.293, 90
Trd, 4318398.443, 128
Trd, 4318400.343, 114
Trd, 4318400.543, 111
Trd, 4318400.793, 106
Trd, 4318402.093, 105
Trd, 4318402.343, 111
Trd, 4318403.193, 140
Trd, 4318403.593, 138
Trd, 4318404.043, 105
Trd, 4318405.393, 62
Trd, 4318405.543, 105
Trd, 4318408.043, 61
Trd, 4318408.993, 68
Trd, 4318409.343, 89
Trd, 4318409.793, 87
Trd, 4318409.993, 104
Trd, 4318411.793, 128
Trd, 4318412.243, 127
Trd, 4318413.843, 115
Trd, 4318414.093, 112
Trd, 4318414.693, 136
Trd, 4318415.293, 99
Trd, 4318415.793, 101
Trd, 4318416.593, 115
Trd, 4318417.443, 74
Trd, 4318417.543, 61
Trd, 4318419.043, 139
Trd, 4318419.143, 125
Trd, 4318419.843, 121
Trd, 4318420.043, 102
Trd, 4318420.893, 138
Trd, 4318421.343, 126
Trd, 4318421.543, 111
Trd, 4318421.993, 139
Trd, 4318422.143, 138
Trd, 4318423.993, 131
Trd, 4318424.043, 126
Trd, 4318424.393, 118
Trd, 4318427.943, 140
Trd, 4318428.093, 140
Trd, 4318429.293, 138
Trd, 4318430.293, 135
Trd, 4318430.493, 118
Trd, 4318430.843, 106
Trd, 4318430.993, 98
Trd, 4318431.543, 129
Trd, 4318432.043, 84
Trd, 4318433.193, 125
Trd, 4318433.293, 102
Trd, 4318433.543, 119
Trd, 4318434.343, 78
Trd, 4318434.843, 123
Trd, 4318435.643, 131
Trd, 4318436.143, 124
Trd, 4318437.793, 137
Trd, 4318438.393, 122
Trd, 4318438.893, 120
Trd, 4318439.393, 117
Trd, 4318439.593, 135
Trd, 4318439.843, 88
Trd, 4318440.443, 89
Trd, 4318441.193, 115
Trd, 4318441.443, 110
Trd, 4318441.843, 109
Trd, 4318442.693, 107
Trd, 4318443.293, 132
Trd, 4318443.393, 112
Trd, 4318445.993, 140
Trd, 4318446.293, 139
Trd, 4318447.043, 111
Trd, 4318447.393, 97
Trd, 4318448.043, 116
Trd, 4318448.093, 102
Trd, 4318448.843, 140
Trd, 4318448.893, 117
Trd, 4318449.443, 77
Trd, 4318449.543, 73
Trd, 4318449.643, 90
Trd, 4318451.193, 96
Trd, 4318452.143, 61
Trd, 4318453.643, 61
Trd, 4318453.743, 97
Trd, 4318454.493, 63
Trd, 4318455.293, 73
Trd, 4318456.843, 140
Trd, 4318457.193, 115
Trd, 4318457.943, 101
Trd, 4318458.543, 98
Trd, 4318458.743, 95
Trd, 4318459.343, 113
Trd, 4318459.643, 106
Trd, 4318459.943, 103
Trd, 4318461.643, 72
Trd, 4318461.793, 84
Trd, 4318463.343, 68
Trd, 4318464.293, 64
Trd, 4318464.543, 68
Trd, 4318464.643, 79
Trd, 4318465.093, 77
Trd, 4318465.443, 96
Trd, 4318465.793, 111
Trd, 4318467.093, 89
Trd, 4318468.843, 77
Trd, 4318469.743, 81
Trd, 4318469.993, 76
Trd, 4318470.193, 120
Trd, 4318470.593, 111
Trd, 4318471.493, 96
Trd, 4318471.543, 90
Trd, 4318471.643, 109
Trd, 4318472.743, 91
Trd, 4318473.093, 89
Trd, 4318474.793, 115
Trd, 4318476.943, 89
Trd, 4318477.143, 88
Trd, 4318477.243, 96
Trd, 4318477.693, 87
Trd, 4318478.693, 113
Trd, 4318478.993, 120
Trd, 4318480.243, 140
Trd, 4318480.593, 105
Trd, 4318480.793, 96
Trd, 4318481.043, 92
Trd, 4318482.493, 89
Trd, 4318482.793, 72
Trd, 4318484.043, 97
Trd, 4318484.493, 65
Trd, 4318484.843, 63
Trd, 4318485.343, 113
Trd, 4318485.743, 101
Trd, 4318487.543, 63
Trd, 4318487.943, 96
Trd, 4318488.643, 68
Trd, 4318489.143, 74
Trd, 4318491.143, 60
Trd, 4318491.193, 84
Trd, 4318491.493, 114
Trd, 4318491.793, 111
Trd, 4318492.443, 119
Trd, 4318492.643, 118
Trd, 4318493.393, 112
Trd, 4318494.543, 118
Trd, 4318494.593, 111
Trd, 4318494.893, 107
Trd, 4318495.843, 126
Trd, 4318496.493, 60
Trd, 4318497.293, 74
Trd, 4318498.443, 121
Trd, 4318499.293, 126
Trd, 4318500.543, 134
Trd, 4318500.943, 80
Trd, 4318501.193, 81
Trd, 4318501.993, 62
Trd, 4318502.043, 85
Trd, 4318502.993, 60
Trd, 4318504.393, 87
Trd, 4318505.393, 90
Trd, 4318505.843, 62
Trd, 4318505.893, 65
Trd, 4318507.143, 115
Trd, 4318507.293, 87
Trd, 4318508.393, 85
Trd, 4318508.643, 82
Trd, 4318509.643, 101
Trd, 4318510.343, 125
Trd, 4318511.043, 111
Trd, 4318511.093, 110
Trd, 4318511.593, 120
Trd, 4318512.843, 139
Trd, 4318513.643, 140
Trd, 4318513.943, 90
Trd, 4318515.043, 94
Trd, 4318515.793, 90
Trd, 4318515.943, 94
Trd, 4318516.593, 84
Trd, 4318516.943, 107
Trd, 4318517.143, 72
Trd, 4318517.393, 114
Trd, 4318517.593, 87
Trd, 4318519.393, 108
Trd, 4318520.543, 109
Trd, 4318521.443, 100
Trd, 4318521.593, 96
Trd, 4318521.743, 90
Trd, 4318522.143, 89
Trd, 4318522.543, 90
Trd, 4318523.293, 140
Trd, 4318523.643, 136
Trd, 4318524.393, 139
Trd, 4318525.343, 91
Trd, 4318525.443, 83
Trd, 4318525.743, 111
Trd, 4318527.893, 109
Trd, 4318528.943, 112
Trd, 4318529.193, 103
Trd, 4318530.093, 129
Trd, 4318530.543, 107
Trd, 4318530.993, 137
Trd, 4318532.393, 125
Trd, 4318533.643, 140
Trd, 4318533.693, 135
Trd, 4318533.993, 110
Trd, 4318534.043, 100
Trd, 4318534.693, 66
Trd, 4318535.943, 89
Trd, 4318536.543, 88
Trd, 4318536.893, 97
Trd, 4318537.093, 85
Trd, 4318537.643, 77
Trd, 4318538.493, 60
Trd, 4318539.143, 85
Trd, 4318539.993, 129
Trd, 4318541.643, 140
Trd, 4318541.943, 111
Trd, 4318542.593, 107
Trd, 4318543.943, 140
Trd, 4318544.793, 94
Trd, 4318545.293, 101
Trd, 4318545.993, 125
Trd, 4318546.793, 118
Trd, 4318547.393, 140
Trd, 4318547.743, 110
Trd, 4318548.243, 99
Trd, 4318548.743, 98
Trd, 4318548.943, 97
Trd, 4318550.443, 113
Trd, 4318551.293, 139
Trd, 4318551.943, 114
Trd, 4318552.443, 92
Trd, 4318553.093, 106
Trd, 4318554.243, 118
Trd, 4318554.293, 124
Trd, 4318554.993, 128
Trd, 4318555.743, 67
Trd, 4318556.743, 118
Trd, 4318557.043, 101
Trd, 4318558.343, 127
Trd, 4318558.943, 89
Trd, 4318561.143, 139
Trd, 4318561.343, 124
Trd, 4318561.443, 135
Trd, 4318561.643, 115
Trd, 4318562.143, 140
Trd, 4318562.243, 108
Trd, 4318562.843, 107
Trd, 4318564.243, 101
Trd, 4318564.343, 93
Trd, 4318564.843, 63
Trd, 4318565.593, 108
Trd, 4318565.793, 71
Trd, 4318567.143, 137
Trd, 4318568.143, 95
Trd, 4318568.793, 83
Trd, 4318569.443, 82
Trd, 4318569.693, 86
Trd, 4318570.043, 94
Trd, 4318571.643, 99
Trd, 4318571.893, 68
Trd, 4318572.293, 76
Trd, 4318572.593, 83
Trd, 4318572.693, 88
Trd, 4318572.993, 68
Trd, 4318573.843, 64
Trd, 4318574.893, 125
Trd, 4318575.443, 108
Trd, 4318575.993, 111
Trd, 4318576.493, 96
Trd, 4318577.693, 62
Trd, 4318577.993, 60
Trd, 4318578.293, 64
Trd, 4318579.243, 125
Trd, 4318580.143, 63
Trd, 4318580.593, 86
Trd, 4318581.343, 66
Trd, 4318582.143, 71
Trd, 4318582.593, 66
Trd, 4318583.993, 94
Trd, 4318584.143, 101
Trd, 4318584.293, 85
Trd, 4318584.493, 68
Trd, 4318585.893, 94
Trd, 4318586.043, 103
Trd, 4318586.643, 61
Trd, 4318587.043, 139
Trd, 4318587.143, 121
Trd, 4318588.693, 67
Trd, 4318588.843, 78
Trd, 4318589.493, 69
Trd, 4318590.243, 61
Trd, 4318591.593, 112
Trd, 4318593.843, 60
Trd, 4318593.893, 64
Trd, 4318593.943, 71
Trd, 4318594.643, 104
Trd, 4318594.843, 100
Trd, 4318595.543, 93
Trd, 4318596.443, 93
Trd, 4318597.043, 99
Trd, 4318597.793, 75
Trd, 4318598.493, 73
Trd, 4318599.043, 60
Trd, 4318599.893, 131
Trd, 4318600.843, 95
Trd, 4318601.343, 91
Trd, 4318601.693, 93
Trd, 4318602.393, 140
Trd, 4318602.943, 97
Trd, 4318604.193, 137
Trd, 4318604.543, 97
Trd, 4318604.993, 95
Trd, 4318605.543, 91
Trd, 4318607.493, 104
Trd, 4318607.943, 90
Trd, 4318608.193, 88
Trd, 4318608.343, 108
Trd, 4318609.543, 92
Trd, 4318609.693, 126
Trd, 4318610.093, 102
Trd, 4318610.643, 136
Trd, 4318610.743, 95
Trd, 4318611.793, 107
Trd, 4318612.493, 102
Trd, 4318613.193, 101
Trd, 4318613.243, 87
Trd, 4318613.793, 77
Trd, 4318614.143, 77
Trd, 4318615.643, 62
Trd, 4318616.693, 111
Trd, 4318617.443, 106
Trd, 4318618.093, 111
Trd, 4318618.943, 139
Trd, 4318619.093, 123
Trd, 4318619.943, 104
Trd, 4318620.093, 93
Trd, 4318620.293, 84
Trd, 4318621.693, 121
Trd, 4318622.193, 87
Trd, 4318623.943, 116
Trd, 4318624.943, 133
Trd, 4318626.193, 113
Trd, 4318626.443, 107
Trd, 4318626.743, 132
Trd, 4318626.793, 99
Trd, 4318627.193, 139
Trd, 4318628.243, 123
Trd, 4318629.993, 136
Trd, 4318630.043, 119
Trd, 4318630.193, 108
Trd, 4318631.243, 140
Trd, 4318632.293, 131
Trd, 4318632.693, 121
Trd, 4318633.693, 111
Trd, 4318633.793, 97
Trd, 4318635.193, 115
Trd, 4318635.493, 110
Trd, 4318635.843, 110
Trd, 4318636.543, 128
Trd, 4318636.793, 87
Trd, 4318637.243, 117
Trd, 4318637.643, 140
Trd, 4318638.093, 116
Trd, 4318638.943, 108
Trd, 4318639.593, 91
Trd, 4318640.543, 101
Trd, 4318640.943, 126
Trd, 4318641.743, 138
Trd, 4318641.843, 106
Trd, 4318642.193, 104
Trd, 4318642.393, 100
Trd, 4318644.143, 94
Trd, 4318645.693, 137
Trd, 4318646.343, 115
Trd, 4318647.543, 123
Trd, 4318647.593, 105
Trd, 4318647.893, 91
Trd, 4318648.243, 131
Trd, 4318648.343, 88
Trd, 4318650.243, 63
Trd, 4318650.943, 79
Trd, 4318651.493, 60
Trd, 4318652.043, 98
Trd, 4318652.093, 99
Trd, 4318652.343, 70
Trd, 4318653.993, 60
Trd, 4318655.943, 75
Trd, 4318658.293, 68
Trd, 4318658.543, 77
Trd, 4318658.693, 90
Trd, 4318659.143, 72
Trd, 4318659.743, 67
Trd, 4318659.843, 94
Trd, 4318660.093, 83
Trd, 4318661.693, 138
Trd, 4318661.943, 108
Trd, 4318662.043, 116
Trd, 4318662.543, 132
Trd, 4318662.793, 131
Trd, 4318663.793, 122
Trd, 4318664.443, 126
Trd, 4318665.243, 103
Trd, 4318665.693, 127
Trd, 4318665.793, 128
Trd, 4318666.843, 133
Trd, 4318667.643, 114
Trd, 4318667.843, 113
Trd, 4318668.343, 132
Trd, 4318669.343, 137
Trd, 4318669.793, 121
Trd, 4318669.843, 120
Trd, 4318671.143, 140
Trd, 4318672.143, 132
Trd, 4318672.343, 131
Trd, 4318672.793, 113
Trd, 4318673.693, 116
Trd, 4318674.693, 140
Trd, 4318675.593, 119
Trd, 4318675.793, 97
Trd, 4318675.893, 119
Trd, 4318676.743, 102
Trd, 4318677.843, 134
Trd, 4318678.043, 101
Trd, 4318678.743, 140
Trd, 4318679.043, 126
Trd, 4318680.643, 140
Trd, 4318681.943, 126
Trd, 4318682.543, 137
Trd, 4318683.393, 136
Trd, 4318683.443, 120
Trd, 4318683.993, 110
Trd, 4318684.793, 74
Trd, 4318685.093, 101
Trd, 4318685.893, 129
Trd, 4318686.843, 140
Trd, 4318687.643, 136
Trd, 4318689.043, 82
Trd, 4318689.943, 100
Trd, 4318690.243, 98
Trd, 4318691.293, 129
Trd, 4318691.393, 123
Trd, 4318691.443, 122
Trd, 4318691.493, 83
Trd, 4318692.893, 140
Trd, 4318693.893, 129
Trd, 4318694.043, 123
Trd, 4318695.443, 100
Trd, 4318696.943, 61
Trd, 4318697.543, 101
Trd, 4318697.643, 105
Trd, 4318698.793, 138
Trd, 4318698.993, 87
Trd, 4318699.993, 117
Trd, 4318700.993, 80
Trd, 4318702.243, 68
Trd, 4318702.943, 114
Trd, 4318703.193, 100
Trd, 4318703.893, 122
Trd, 4318704.943, 140
Trd, 4318705.393, 121
Trd, 4318706.243, 118
Trd, 4318706.343, 104
Trd, 4318706.693, 100
Trd, 4318708.943, 89
Trd, 4318709.493, 101
Trd, 4318709.543, 133
Trd, 4318710.893, 113
Trd, 4318710.943, 111
Trd, 4318711.143, 104
Trd, 4318711.693, 79
Trd, 4318712.043, 76
Trd, 4318712.493, 117
Trd, 4318714.093, 137
Trd, 4318714.193, 107
Trd, 4318714.543, 75
Trd, 4318715.493, 71
Trd, 4318716.343, 109
Trd, 4318716.593, 90
Trd, 4318717.493, 67
Trd, 4318718.293, 110
Trd, 4318718.943, 140
Trd, 4318719.143, 122
Trd, 4318719.643, 105
Trd, 4318720.543, 138
Trd, 4318721.443, 106
Trd, 4318722.093, 96
Trd, 4318722.543, 99
Trd, 4318723.393, 95
Trd, 4318723.443, 89
Trd, 4318724.693, 96
Trd, 4318725.193, 98
Trd, 4318725.793, 96
Trd, 4318726.643, 139
Trd, 4318727.043, 73
Trd, 4318727.993, 74
Trd, 4318728.593, 65
Trd, 4318729.743, 70
Trd, 4318729.893, 74
Trd, 4318730.193, 84
Trd, 4318731.143, 62
Trd, 4318732.893, 118
Trd, 4318733.343, 79
Trd, 4318733.543, 60
Trd, 4318733.943, 86
Trd, 4318735.143, 65
Trd, 4318735.793, 68
Trd, 4318736.043, 75
Trd, 4318736.343, 73
Trd, 4318737.143, 64
Trd, 4318737.493, 68
Trd, 4318739.143, 87
Trd, 4318740.143, 140
Trd, 4318741.293, 115
Trd, 4318741.843, 116
Trd, 4318741.943, 114
Trd, 4318742.443, 120
Trd, 4318742.493, 114
Trd, 4318742.693, 105
Trd, 4318743.043, 64
Trd, 4318743.443, 73
Trd, 4318744.343, 139
Trd, 4318745.193, 131
Trd, 4318745.993, 127
Trd, 4318747.643, 106
Trd, 4318748.943, 73
Trd, 4318749.293, 71
Trd, 4318749.343, 68
Trd, 4318750.043, 140
Trd, 4318751.643, 122
Trd, 4318751.843, 121
Trd, 4318753.043, 138
Trd, 4318753.843, 122
Trd, 4318755.643, 113
Trd, 4318755.993, 90
Trd, 4318756.243, 69
Trd, 4318757.743, 105
Trd, 4318757.893, 83
Trd, 4318758.593, 113
Trd, 4318759.143, 140
Trd, 4318759.593, 132
Trd, 4318759.793, 117
Trd, 4318760.493, 124
Trd, 4318761.143, 87
Trd, 4318761.393, 83
Trd, 4318762.793, 79
Trd, 4318762.843, 93
Trd, 4318764.193, 75
Trd, 4318764.293, 88
Trd, 4318765.293, 92
Trd, 4318766.393, 74
Trd, 4318767.443, 61
Trd, 4318767.943, 73
Trd, 4318768.043, 86
Trd, 4318769.293, 80
Trd, 4318770.493, 115
Trd, 4318771.493, 104
Trd, 4318772.293, 86
Trd, 4318773.193, 100
Trd, 4318773.693, 126
Trd, 4318774.543, 101
Trd, 4318774.893, 91
Trd, 4318776.493, 125
Trd, 4318776.693, 140
Trd, 4318776.743, 105
Trd, 4318777.443, 126
Trd, 4318777.793, 74
Trd, 4318777.993, 101
Trd, 4318778.293, 125
Trd, 4318779.543, 115
Trd, 4318779.943, 140
Trd, 4318781.543, 122
Trd, 4318782.243, 129
Trd, 4318782.993, 118
Trd, 4318783.343, 109
Trd, 4318783.393, 108
Trd, 4318783.643, 90
Trd, 4318784.393, 91
Trd, 4318785.343, 117
Trd, 4318785.693, 111
Trd, 4318786.143, 91
Trd, 4318787.643, 97
Trd, 4318788.693, 101
Trd, 4318789.943, 79
Trd, 4318790.593, 72
Trd, 4318790.943, 111
Trd, 4318791.993, 140
Trd, 4318792.043, 104
Trd, 4318792.593, 103
Trd, 4318792.743, 102
Trd, 4318793.893, 122
Trd, 4318794.543, 104
Trd, 4318795.093, 97
Trd, 4318795.493, 87
Trd, 4318796.093, 120
Trd, 4318796.143, 125
Trd, 4318796.993, 102
Trd, 4318797.443, 72
Trd, 4318798.893, 84
Trd, 4318799.243, 125
Trd, 4318800.143, 69
Trd, 4318800.543, 80
Trd, 4318800.693, 119
Trd, 4318801.193, 70
Trd, 4318801.943, 140
Trd, 4318802.393, 82
Trd, 4318802.693, 64
Trd, 4318804.243, 66
Trd, 4318805.443, 103
Trd, 4318805.893, 102
Trd, 4318806.093, 100
Trd, 4318806.643, 81
Trd, 4318807.043, 119
Trd, 4318808.343, 61
Trd, 4318810.043, 60
Trd, 4318810.343, 60
Trd, 4318810.643, 64
Trd, 4318811.543, 79
Trd, 4318812.093, 106
Trd, 4318812.893, 65
Trd, 4318813.343, 74
Trd, 4318813.593, 119
Trd, 4318814.143, 73
Trd, 4318815.893, 99
Trd, 4318815.993, 96
Trd, 4318817.293, 87
Trd, 4318817.493, 116
Trd, 4318817.643, 124
Trd, 4318817.943, 130
Trd, 4318818.443, 83
Trd, 4318820.293, 75
Trd, 4318820.643, 80
Trd, 4318821.193, 132
Trd, 4318821.343, 99
Trd, 4318823.143, 132
Trd, 4318823.343, 89
Trd, 4318823.693, 124
Trd, 4318823.793, 85
Trd, 4318824.043, 140
Trd, 4318825.643, 65
Trd, 4318826.593, 82
Trd, 4318826.993, 85
Trd, 4318827.793, 140
Trd, 4318828.093, 92
Trd, 4318828.443, 108
Trd, 4318828.993, 90
Trd, 4318829.743, 89
Trd, 4318830.143, 77
Trd, 4318830.993, 111
Trd, 4318832.243, 125
Trd, 4318832.593, 128
Trd, 4318833.043, 113
Trd, 4318834.243, 140
Trd, 4318834.293, 135
Trd, 4318834.643, 110
Trd, 4318835.393, 120
Trd, 4318836.443, 110
Trd, 4318837.293, 105
Trd, 4318837.593, 104
Trd, 4318839.093, 66
Trd, 4318840.393, 84
Trd, 4318840.693, 62
Trd, 4318840.743, 87
Trd, 4318841.343, 130
Trd, 4318842.143, 97
Trd, 4318842.343, 66
Trd, 4318843.543, 90
Trd, 4318843.593, 84
Trd, 4318844.093, 98
Trd, 4318845.443, 116
Trd, 4318845.743, 104
Trd, 4318846.493, 140
Trd, 4318846.993, 140
Trd, 4318847.343, 86
Trd, 4318847.593, 63
Trd, 4318847.743, 73
Trd, 4318848.443, 62
Trd, 4318849.143, 60
Trd, 4318850.493, 67
Trd, 4318851.343, 88
Trd, 4318851.993, 107
Trd, 4318853.043, 119
Trd, 4318853.443, 125
Trd, 4318853.743, 101
Trd, 4318854.793, 71
Trd, 4318854.843, 82
Trd, 4318855.993, 97
Trd, 4318856.143, 96
Trd, 4318858.043, 100
Trd, 4318858.943, 112
Trd, 4318859.793, 70
Trd, 4318860.143, 63
Trd, 4318860.443, 103
Trd, 4318860.793, 140
Trd, 4318860.893, 98
Trd, 4318862.193, 83
Trd, 4318862.993, 83
Trd, 4318863.093, 79
Trd, 4318863.843, 75
Trd, 4318864.093, 74
Trd, 4318864.993, 77
Trd, 4318866.293, 91
Trd, 4318866.443, 91
Trd, 4318866.543, 69
Trd, 4318867.893, 88
Trd, 4318869.393, 140
Trd, 4318869.893, 140
Trd, 4318870.193, 116
Trd, 4318870.243, 113
Trd, 4318870.593, 128
Trd, 4318871.193, 83
Trd, 4318871.693, 66
Trd, 4318873.793, 72
Trd, 4318874.293, 99
Trd, 4318874.893, 100
Trd, 4318876.143, 61
Trd, 4318877.193, 66
Trd, 4318878.243, 136
Trd, 4318878.493, 122
Trd, 4318878.543, 65
Trd, 4318879.043, 69
Trd, 4318879.743, 105
Trd, 4318881.893, 75
Trd, 4318882.793, 62
Trd, 4318883.093, 63
Trd, 4318883.743, 61
Trd, 4318886.143, 60
Trd, 4318886.393, 60
Trd, 4318886.493, 102
Trd, 4318888.443, 124
Trd, 4318888.693, 94
Trd, 4318889.043, 93
Trd, 4318889.343, 124
Trd, 4318889.693, 123
Trd, 4318890.343, 122
Trd, 4318890.543, 106
Trd, 4318892.943, 82
Trd, 4318893.193, 122
Trd, 4318893.443, 117
Trd, 4318894.443, 127
Trd, 4318895.243, 124
Trd, 4318895.293, 111
Trd, 4318896.093, 86
Trd, 4318896.893, 103
Trd, 4318897.143, 102
Trd, 4318897.543, 79
Trd, 4318898.043, 140
Trd, 4318898.693, 72
Trd, 4318899.443, 71
Trd, 4318900.193, 129
Trd, 4318900.243, 114
Trd, 4318900.543, 93
Trd, 4318902.093, 75
Trd, 4318904.043, 124
Trd, 4318904.243, 101
Trd, 4318904.343, 100
Trd, 4318905.693, 127
Trd, 4318905.843, 93
Trd, 4318906.193, 61
Trd, 4318906.593, 97
Trd, 4318907.243, 140
Trd, 4318908.643, 62
Trd, 4318909.443, 70
Trd, 4318909.493, 133
Trd, 4318909.943, 116
Trd, 4318910.843, 138
Trd, 4318911.493, 140
Trd, 4318911.743, 131
Trd, 4318912.243, 108
Trd, 4318912.743, 74
Trd, 4318913.193, 60
Trd, 4318913.493, 90
Trd, 4318914.143, 79
Trd, 4318915.393, 70
Trd, 4318915.493, 138
Trd, 4318916.743, 140
Trd, 4318916.943, 139
Trd, 4318917.593, 84
Trd, 4318918.943, 83
Trd, 4318919.593, 66
Trd, 4318920.043, 138
Trd, 4318920.743, 110
Trd, 4318920.793, 106
Trd, 4318921.943, 97
Trd, 4318923.593, 78
Trd, 4318923.943, 85
Trd, 4318924.843, 140
Trd, 4318925.043, 97
Trd, 4318925.143, 96
Trd, 4318925.543, 86
Trd, 4318927.143, 86
Trd, 4318928.043, 63
Trd, 4318928.393, 80
Trd, 4318928.993, 66
Trd, 4318930.593, 64
Trd, 4318931.093, 60
Trd, 4318931.343, 63
Trd, 4318931.443, 68
Trd, 4318931.643, 69
Trd, 4318932.593, 121
Trd, 4318932.893, 62
Trd, 4318934.293, 80
Trd, 4318934.743, 86
Trd, 4318936.793, 134
Trd, 4318937.193, 95
Trd, 4318937.393, 85
Trd, 4318937.493, 106
Trd, 4318938.493, 118
Trd, 4318939.093, 135
Trd, 4318939.343, 94
Trd, 4318939.843, 74
Trd, 4318941.793, 71
Trd, 4318942.293, 96
Trd, 4318943.093, 102
Trd, 4318943.343, 74
Trd, 4318943.843, 100
Trd, 4318943.943, 105
Trd, 4318945.443, 91
Trd, 4318945.643, 77
Trd, 4318945.793, 73
Trd, 4318948.393, 67
Trd, 4318948.493, 60
Trd, 4318948.693, 69
Trd, 4318949.293, 64
Trd, 4318950.393, 87
Trd, 4318950.643, 112
Trd, 4318951.143, 85
Trd, 4318951.193, 84
Trd, 4318951.293, 97
Trd, 4318951.793, 90
Trd, 4318952.343, 71
Trd, 4318953.143, 67
Trd, 4318953.743, 139
Trd, 4318953.993, 125
Trd, 4318955.593, 64
Trd, 4318956.043, 136
Trd, 4318956.493, 81
Trd, 4318957.093, 63
Trd, 4318957.293, 65
Trd, 4318958.693, 61
Trd, 4318959.243, 140
Trd, 4318959.543, 123
Trd, 4318960.243, 115
Trd, 4318961.243, 130
Trd, 4318961.643, 135
Trd, 4318961.743, 84
Trd, 4318962.393, 123
Trd, 4318962.793, 123
Trd, 4318962.993, 129
Trd, 4318963.743, 89
Trd, 4318964.143, 128
Trd, 4318967.793, 66
Trd, 4318968.093, 67
Trd, 4318968.543, 87
Trd, 4318968.943, 81
Trd, 4318968.993, 75
Trd, 4318969.343, 138
Trd, 4318969.843, 137
Trd, 4318972.593, 114
Trd, 4318973.093, 112
Trd, 4318973.393, 133
Trd, 4318973.843, 128
Trd, 4318974.943, 131
Trd, 4318975.343, 117
Trd, 4318976.643, 108
Trd, 4318976.793, 96
Trd, 4318978.243, 100
Trd, 4318978.943, 99
Trd, 4318979.143, 98
Trd, 4318979.243, 107
Trd, 4318980.093, 140
Trd, 4318981.043, 113
Trd, 4318981.293, 98
Trd, 4318982.243, 128
Trd, 4318982.593, 132
Trd, 4318982.693, 115
Trd, 4318983.543, 90
Trd, 4318984.893, 137
Trd, 4318986.693, 139
Trd, 4318987.143, 118
Trd, 4318988.093, 137
Trd, 4318988.843, 122
Trd, 4318989.843, 138
Trd, 4318989.893, 109
Trd, 4318991.143, 104
Trd, 4318991.493, 101
Trd, 4318992.543, 109
Trd, 4318993.193, 122
Trd, 4318993.893, 95
Trd, 4318994.243, 112
Trd, 4318994.843, 94
Trd, 4318994.893, 90
Trd, 4318995.143, 84
Trd, 4318995.743, 96
Trd, 4318996.143, 122
Trd, 4318997.443, 135
Trd, 4318998.093, 122
Trd, 4318998.493, 112
Trd, 4318999.193, 115
Trd, 4318999.343, 112
Trd, 4318999.443, 111
Trd, 4318999.543, 103
Trd, 4319001.043, 86
Trd, 4319002.293, 139
Trd, 4319003.343, 121
Trd, 4319003.393, 120
Trd, 4319004.443, 115
Trd, 4319004.743, 71
Trd, 4319004.793, 109
Trd, 4319005.493, 61
Trd, 4319006.243, 138
Trd, 4319006.643, 103
Trd, 4319007.093, 136
Trd, 4319008.343, 84
Trd, 4319008.643, 70
Trd, 4319009.243, 70
Trd, 4319010.143, 108
Trd, 4319010.193, 122
Trd, 4319010.643, 139
Trd, 4319012.343, 112
Trd, 4319012.693, 86
Trd, 4319014.243, 62
Trd, 4319014.793, 87
Trd, 4319015.443, 63
Trd, 4319016.443, 93
Trd, 4319017.043, 134
Trd, 4319017.693, 118
Trd, 4319019.243, 138
Trd, 4319019.393, 120
Trd, 4319019.743, 102
Trd, 4319019.943, 123
Trd, 4319021.243, 119
Trd, 4319021.293, 106
Trd, 4319022.293, 93
Trd, 4319024.343, 62
Trd, 4319025.443, 60
Trd, 4319025.493, 64
Trd, 4319025.743, 60
Trd, 4319026.343, 100
Trd, 4319027.343, 139
Trd, 4319028.093, 103
Trd, 4319028.193, 107
Trd, 4319028.393, 96
Trd, 4319029.193, 81
Trd, 4319029.543, 81
Trd, 4319031.243, 112
Trd, 4319031.393, 110
Trd, 4319032.293, 114
Trd, 4319032.443, 103
Trd, 4319033.043, 108
Trd, 4319034.643, 123
Trd, 4319034.843, 111
Trd, 4319035.143, 99
Trd, 4319035.443, 71
Trd, 4319036.343, 65
Trd, 4319036.393, 86
Trd, 4319036.943, 93
Trd, 4319037.543, 137
Trd, 4319038.493, 118
Trd, 4319039.043, 77
Trd, 4319039.093, 77
Trd, 4319039.593, 62
Trd, 4319040.343, 71
Trd, 4319041.693, 94
Trd, 4319042.343, 138
Trd, 4319042.993, 137
Trd, 4319043.693, 126
Trd, 4319043.743, 122
Trd, 4319044.893, 122
Trd, 4319044.943, 116
Trd, 4319045.293, 80
Trd, 4319047.043, 77
Trd, 4319047.093, 79
Trd, 4319047.343, 103
Trd, 4319048.243, 75
Trd, 4319049.543, 66
Trd, 4319050.193, 81
Trd, 4319050.443, 80
Trd, 4319051.393, 62
Trd, 4319052.393, 60
Trd, 4319053.343, 107
Trd, 4319053.443, 102
Trd, 4319053.693, 89
Trd, 4319054.093, 129
Trd, 4319054.393, 103
Trd, 4319056.593, 120
Trd, 4319056.893, 110
Trd, 4319057.093, 102
Trd, 4319058.193, 116
Trd, 4319058.393, 81
Trd, 4319058.943, 111
Trd, 4319059.043, 104
Trd, 4319059.293, 101
Trd, 4319060.293, 82
Trd, 4319060.743, 130
Trd, 4319061.393, 121
Trd, 4319062.293, 139
Trd, 4319062.643, 114
Trd, 4319062.943, 129
Trd, 4319063.393, 119
Trd, 4319063.793, 101
Trd, 4319064.893, 140
Trd, 4319064.943, 139
Trd, 4319065.793, 116
Trd, 4319066.193, 97
Trd, 4319067.593, 62
Trd, 4319069.093, 140
Trd, 4319069.443, 105
Trd, 4319070.043, 105
Trd, 4319070.093, 88
Trd, 4319070.893, 97
Trd, 4319071.493, 71
Trd, 4319072.793, 119
Trd, 4319074.143, 94
Trd, 4319074.993, 115
Trd, 4319075.543, 84
Trd, 4319075.643, 96
Trd, 4319076.093, 106
Trd, 4319076.293, 62
Trd, 4319077.643, 101
Trd, 4319077.893, 67
Trd, 4319078.193, 89
Trd, 4319079.993, 92
Trd, 4319080.693, 82
Trd, 4319081.043, 113
Trd, 4319081.543, 115
Trd, 4319081.893, 96
Trd, 4319082.793, 97
Trd, 4319084.193, 126
Trd, 4319084.443, 121
Trd, 4319085.293, 73
Trd, 4319085.493, 65
Trd, 4319087.043, 61
Trd, 4319087.593, 132
Trd, 4319088.293, 90
Trd, 4319088.793, 118
Trd, 4319088.993, 98
Trd, 4319090.143, 109
Trd, 4319090.193, 107
Trd, 4319090.893, 97
Trd, 4319092.543, 112
Trd, 4319093.093, 136
Trd, 4319093.143, 119
Trd, 4319093.493, 140
Trd, 4319093.793, 115
Trd, 4319095.293, 140
Trd, 4319095.693, 136
Trd, 4319096.043, 140
Trd, 4319096.693, 96
Trd, 4319097.543, 81
Trd, 4319098.243, 82
Trd, 4319098.393, 80
Trd, 4319098.893, 67
Trd, 4319099.093, 79
Trd, 4319099.743, 111
Trd, 4319102.093, 121
Trd, 4319102.443, 94
Trd, 4319102.593, 80
Trd, 4319103.693, 121
Trd, 4319103.943, 109
Trd, 4319105.143, 126
Trd, 4319105.593, 130
Trd, 4319106.343, 125
Trd, 4319106.543, 108
Trd, 4319107.443, 103
Trd, 4319107.993, 101
Trd, 4319108.043, 69
Trd, 4319108.143, 69
Trd, 4319109.143, 94
Trd, 4319111.243, 101
Trd, 4319111.343, 108
Trd, 4319111.493, 138
Trd, 4319111.543, 84
Trd, 4319112.693, 109
Trd, 4319112.743, 86
Trd, 4319113.093, 84
Trd, 4319115.793, 140
Trd, 4319115.893, 140
Trd, 4319116.493, 133
Trd, 4319116.543, 117
Trd, 4319116.643, 100
Trd, 4319117.393, 96
Trd, 4319118.143, 139
Trd, 4319119.493, 105
Trd, 4319120.393, 124
Trd, 4319121.043, 140
Trd, 4319121.093, 130
Trd, 4319121.193, 94
Trd, 4319121.393, 85
Trd, 4319122.993, 139
Trd, 4319124.593, 140
Trd, 4319125.143, 140
Trd, 4319125.743, 109
Trd, 4319125.943, 92
Trd, 4319126.593, 78
Trd, 4319126.993, 75
Trd, 4319127.743, 99
Trd, 4319128.393, 124
Trd, 4319128.543, 90
Trd, 4319128.793, 66
Trd, 4319129.493, 72
Trd, 4319131.093, 119
Trd, 4319132.643, 99
Trd, 4319132.743, 95
Trd, 4319133.493, 140
Trd, 4319133.743, 119
Trd, 4319133.993, 106
Trd, 4319134.443, 132
Trd, 4319135.593, 126
Trd, 4319136.543, 72
Trd, 4319137.493, 77
Trd, 4319137.843, 75
Trd, 4319138.093, 79
Trd, 4319138.893, 69
Trd, 4319138.993, 86
Trd, 4319139.343, 82
Trd, 4319140.243, 112
Trd, 4319141.443, 130
Trd, 4319142.143, 133
Trd, 4319142.343, 100
Trd, 4319142.543, 102
Trd, 4319143.593, 84
Trd, 4319144.043, 131
Trd, 4319144.843, 94
Trd, 4319147.243, 68
Trd, 4319147.543, 80
Trd, 4319147.643, 119
Trd, 4319147.893, 79
Trd, 4319148.243, 76
Trd, 4319149.493, 70
Trd, 4319149.943, 73
Trd, 4319150.493, 67
Trd, 4319150.593, 66
Trd, 4319151.193, 65
Trd, 4319152.943, 63
Trd, 4319153.443, 87
Trd, 4319153.793, 123
Trd, 4319154.693, 140
Trd, 4319154.793, 134
Trd, 4319155.743, 76
Trd, 4319156.193, 62
Trd, 4319156.743, 79
Trd, 4319157.293, 69
Trd, 4319157.643, 67
Trd, 4319158.343, 97
Trd, 4319158.993, 62
Trd, 4319159.693, 61
Trd, 4319160.193, 82
Trd, 4319160.243, 132
Trd, 4319161.943, 97
Trd, 4319163.043, 93
Trd, 4319163.093, 86
Trd, 4319164.243, 126
Trd, 4319164.443, 108
Trd, 4319165.243, 97
Trd, 4319166.343, 138
Trd, 4319166.493, 120
Trd, 4319166.843, 119
Trd, 4319168.393, 139
Trd, 4319168.943, 132
Trd, 4319169.793, 112
Trd, 4319170.443, 140
Trd, 4319170.693, 104
Trd, 4319171.293, 118
Trd, 4319171.493, 97
Trd, 4319171.843, 122
Trd, 4319172.293, 93
Trd, 4319173.343, 133
Trd, 4319174.243, 116
Trd, 4319174.343, 139
Trd, 4319175.093, 96
Trd, 4319175.393, 92
Trd, 4319176.343, 112
Trd, 4319177.143, 132
Trd, 4319177.393, 110
Trd, 4319177.943, 110
Trd, 4319178.593, 112
Trd, 4319178.693, 89
Trd, 4319179.143, 130
Trd, 4319179.693, 77
Trd, 4319181.043, 83
Trd, 4319181.693, 66
Trd, 4319181.893, 65
Trd, 4319182.243, 113
Trd, 4319182.743, 102
Trd, 4319184.293, 122
Trd, 4319184.443, 112
Trd, 4319185.793, 101
Trd, 4319185.843, 93
Trd, 4319186.543, 82
Trd, 4319186.843, 140
Trd, 4319186.893, 139
Trd, 4319187.293, 84
Trd, 4319187.543, 104
Trd, 4319189.493, 77
Trd, 4319189.693, 110
Trd, 4319190.493, 61
Trd, 4319190.643, 92
Trd, 4319191.343, 61
Trd, 4319191.843, 119
Trd, 4319192.243, 139
Trd, 4319192.593, 118
Trd, 4319193.843, 77
Trd, 4319194.893, 85
Trd, 4319195.593, 78
Trd, 4319195.743, 109
Trd, 4319195.943, 70
Trd, 4319196.943, 66
Trd, 4319197.143, 71
Trd, 4319198.193, 69
Trd, 4319199.243, 116
Trd, 4319200.893, 130
Trd, 4319201.043, 129
Trd, 4319201.343, 64
Trd, 4319202.143, 97
Trd, 4319203.693, 87
Trd, 4319203.943, 98
Trd, 4319204.093, 122
Trd, 4319204.243, 92
Trd, 4319204.743, 91
Trd, 4319205.043, 124
Trd, 4319205.593, 134
Trd, 4319206.843, 89
Trd, 4319207.193, 88
Trd, 4319207.343, 86
Trd, 4319207.593, 76
Trd, 4319208.743, 62
Trd, 4319211.293, 62
Trd, 4319212.393, 117
Trd, 4319213.093, 84
Trd, 4319214.793, 85
Trd, 4319215.043, 64
Trd, 4319216.493, 75
Trd, 4319216.843, 81
Trd, 4319216.943, 74
Trd, 4319217.943, 61
Trd, 4319219.293, 121
Trd, 4319219.543, 104
Trd, 4319219.643, 119
Trd, 4319220.093, 85
Trd, 4319220.593, 109
Trd, 4319222.043, 133
Trd, 4319222.943, 130
Trd, 4319223.293, 128
Trd, 4319223.593, 130
Trd, 4319224.043, 109
Trd, 4319224.693, 67
Trd, 4319225.843, 117
Trd, 4319226.193, 122
Trd, 4319227.093, 109
Trd, 4319228.293, 132
Trd, 4319228.943, 138
Trd, 4319229.143, 93
Trd, 4319229.343, 87
Trd, 4319230.493, 94
Trd, 4319231.243, 90
Trd, 4319232.443, 89
Trd, 4319232.593, 81
Trd, 4319234.793, 62
Trd, 4319234.893, 64
Trd, 4319235.143, 116
Trd, 4319235.543, 67
Trd, 4319236.143, 140
Trd, 4319237.743, 120
Trd, 4319238.293, 137
Trd, 4319238.693, 118
Trd, 4319239.043, 119
Trd, 4319239.143, 106
Trd, 4319239.843, 80
Trd, 4319240.443, 126
Trd, 4319242.693, 111
Trd, 4319243.293, 99
Trd, 4319243.393, 103
Trd, 4319244.293, 107
Trd, 4319244.543, 92
Trd, 4319245.143, 113
Trd, 4319245.293, 107
Trd, 4319246.993, 92
Trd, 4319247.993, 99
Trd, 4319248.093, 88
Trd, 4319248.543, 86
Trd, 4319248.643, 79
Trd, 4319248.943, 75
Trd, 4319249.793, 71
Trd, 4319250.993, 97
Trd, 4319251.093, 92
Trd, 4319251.543, 87
Trd, 4319251.793, 86
Trd, 4319252.493, 140
Trd, 4319252.993, 103
Trd, 4319254.043, 134
Trd, 4319254.993, 121
Trd, 4319255.043, 102
Trd, 4319255.093, 100
Trd, 4319256.843, 65
Trd, 4319257.443, 126
Trd, 4319258.393, 87
Trd, 4319259.493, 100
Trd, 4319259.543, 97
Trd, 4319260.243, 94
Trd, 4319260.793, 134
Trd, 4319262.343, 130
Trd, 4319262.543, 103
Trd, 4319262.593, 94
Trd, 4319263.843, 137
Trd, 4319263.943, 121
Trd, 4319263.993, 120
Trd, 4319264.943, 61
Trd, 4319265.443, 85
Trd, 4319265.693, 116
Trd, 4319266.593, 105
Trd, 4319268.043, 140
Trd, 4319268.243, 107
Trd, 4319269.443, 106
Trd, 4319269.943, 104
Trd, 4319270.893, 132
Trd, 4319271.143, 83
Trd, 4319271.993, 133
Trd, 4319272.893, 96
Trd, 4319274.043, 89
Trd, 4319274.543, 85
Trd, 4319274.643, 79
Trd, 4319275.093, 99
Trd, 4319275.443, 140
Trd, 4319275.993, 128
Trd, 4319277.343, 120
Trd, 4319277.493, 108
Trd, 4319277.593, 106
Trd, 4319279.643, 91
Trd, 4319280.143, 71
Trd, 4319281.043, 62
Trd, 4319281.593, 72
Trd, 4319281.693, 97
Trd, 4319282.093, 109
Trd, 4319282.593, 139
Trd, 4319283.293, 125
Trd, 4319283.843, 111
Trd, 4319284.693, 126
Trd, 4319284.793, 104
Trd, 4319284.993, 69
Trd, 4319285.043, 72
Trd, 4319286.593, 100
Trd, 4319286.943, 132
Trd, 4319288.893, 104
Trd, 4319288.943, 82
Trd, 4319290.293, 68
Trd, 4319290.343, 65
Trd, 4319290.443, 94
Trd, 4319291.243, 75
Trd, 4319292.493, 140
Trd, 4319293.593, 90
Trd, 4319293.893, 92
Trd, 4319295.443, 139
Trd, 4319297.043, 118
Trd, 4319297.843, 117
Trd, 4319298.393, 125
Trd, 4319299.643, 140
Trd, 4319299.943, 115
Trd, 4319300.343, 102
Trd, 4319300.643, 139
Trd, 4319300.743, 92
Trd, 4319303.993, 62
Trd, 4319304.743, 67
Trd, 4319304.943, 63
Trd, 4319304.993, 79
Trd, 4319305.893, 128
Trd, 4319306.243, 127
Trd, 4319306.693, 120
Trd, 4319307.093, 95
Trd, 4319307.793, 60
Trd, 4319308.343, 64
Trd, 4319309.193, 61
Trd, 4319310.393, 82
Trd, 4319310.993, 61
Trd, 4319311.943, 71
Trd, 4319312.593, 63
Trd, 4319312.893, 115
Trd, 4319313.243, 138
Trd, 4319313.393, 68
Trd, 4319313.893, 79
Trd, 4319314.943, 87
Trd, 4319316.243, 123
Trd, 4319317.343, 114
Trd, 4319317.643, 105
Trd, 4319318.393, 122
Trd, 4319318.693, 131
Trd, 4319319.193, 130
Trd, 4319319.443, 114
Trd, 4319321.343, 103
Trd, 4319321.393, 102
Trd, 4319321.793, 98
Trd, 4319322.343, 93
Trd, 4319324.043, 113
Trd, 4319324.393, 113
Trd, 4319324.493, 91
Trd, 4319325.493, 128
Trd, 4319325.593, 113
Trd, 4319326.393, 103
Trd, 4319326.743, 91
Trd, 4319327.493, 138
Trd, 4319327.693, 85
Trd, 4319329.893, 64
Trd, 4319330.043, 71
Trd, 4319331.593, 140
Trd, 4319331.843, 140
Trd, 4319332.793, 109
Trd, 4319332.943, 139
Trd, 4319333.343, 125
Trd, 4319333.793, 72
Trd, 4319334.493, 134
Trd, 4319335.693, 114
Trd, 4319335.993, 116
Trd, 4319336.943, 139
Trd, 4319337.543, 129
Trd, 4319338.193, 112
Trd, 4319339.293, 122
Trd, 4319339.743, 136
Trd, 4319340.293, 115
Trd, 4319340.343, 101
Trd, 4319341.293, 122
Trd, 4319341.693, 137
Trd, 4319341.893, 140
Trd, 4319343.343, 120
Trd, 4319345.043, 97
Trd, 4319345.143, 93
Trd, 4319346.443, 139
Trd, 4319346.543, 134
Trd, 4319346.693, 129
Trd, 4319346.743, 78
Trd, 4319346.993, 73
Trd, 4319348.093, 140
Trd, 4319349.343, 127
Trd, 4319349.893, 85
Trd, 4319350.243, 138
Trd, 4319351.143, 72
Trd, 4319351.943, 77
Trd, 4319353.043, 80
Trd, 4319353.493, 71
Trd, 4319354.243, 90
Trd, 4319354.393, 85
Trd, 4319355.343, 135
Trd, 4319355.743, 117
Trd, 4319356.143, 74
Trd, 4319356.793, 110
Trd, 4319357.093, 98
Trd, 4319357.593, 85
Trd, 4319357.993, 138
Trd, 4319358.893, 132
Trd, 4319359.493, 140
Trd, 4319359.643, 139
Trd, 4319360.143, 115
Trd, 4319360.443, 90
Trd, 4319360.993, 138
Trd, 4319362.293, 84
Trd, 4319362.543, 124
Trd, 4319363.093, 126
Trd, 4319364.093, 108
Trd, 4319364.443, 127
Trd, 4319365.043, 112
Trd, 4319365.843, 106
Trd, 4319367.593, 99
Trd, 4319368.493, 139
Trd, 4319369.443, 126
Trd, 4319369.593, 88
Trd, 4319370.143, 101
Trd, 4319370.243, 102
Trd, 4319370.443, 139
Trd, 4319370.793, 99
Trd, 4319372.643, 97
Trd, 4319373.143, 70
Trd, 4319373.443, 113
Trd, 4319374.293, 101
Trd, 4319374.893, 84
Trd, 4319375.043, 85
Trd, 4319375.843, 124
Trd, 4319376.743, 113
Trd, 4319376.993, 126
Trd, 4319377.193, 108
Trd, 4319378.343, 103
Trd, 4319379.693, 130
Trd, 4319379.793, 104
Trd, 4319380.293, 104
Trd, 4319380.693, 103
Trd, 4319380.943, 87
Trd, 4319381.143, 140
Trd, 4319381.393, 76
Trd, 4319382.393, 72
Trd, 4319385.443, 104
Trd, 4319385.543, 118
Trd, 4319385.643, 101
Trd, 4319387.543, 85
Trd, 4319387.943, 139
Trd, 4319389.043, 119
Trd, 4319389.593, 107
Trd, 4319389.893, 104
Trd, 4319390.593, 121
Trd, 4319390.643, 108
Trd, 4319391.643, 140
Trd, 4319391.693, 129
Trd, 4319392.543, 101
Trd, 4319393.293, 94
Trd, 4319393.843, 100
Trd, 4319394.143, 140
Trd, 4319395.243, 130
Trd, 4319395.743, 114
Trd, 4319395.893, 107
Trd, 4319396.593, 120
Trd, 4319398.793, 99
Trd, 4319399.043, 115
Trd, 4319399.243, 97
Trd, 4319399.743, 95
Trd, 4319400.443, 89
Trd, 4319400.793, 83
Trd, 4319401.443, 116
Trd, 4319402.093, 90
Trd, 4319403.393, 106
Trd, 4319403.793, 62
Trd, 4319404.693, 110
Trd, 4319404.843, 125
Trd, 4319405.343, 88
Trd, 4319405.793, 68
Trd, 4319406.443, 85
Trd, 4319407.693, 69
Trd, 4319407.743, 86
Trd, 4319408.793, 81
Trd, 4319409.143, 66
Trd, 4319409.243, 90
Trd, 4319410.143, 76
Trd, 4319411.643, 71
Trd, 4319412.043, 92
Trd, 4319412.243, 98
Trd, 4319413.793, 107
Trd, 4319413.943, 95
Trd, 4319414.493, 105
Trd, 4319414.993, 110
Trd, 4319415.093, 120
Trd, 4319415.143, 91
Trd, 4319415.943, 71
Trd, 4319415.993, 66
Trd, 4319417.143, 61
Trd, 4319417.543, 122
Trd, 4319419.293, 139
Trd, 4319419.343, 108
Trd, 4319421.743, 140
Trd, 4319421.993, 140
Trd, 4319422.093, 101
Trd, 4319424.293, 121
Trd, 4319424.343, 107
Trd, 4319424.943, 90
Trd, 4319425.493, 75
Trd, 4319426.143, 76
Trd, 4319426.193, 84
Trd, 4319426.343, 93
Trd, 4319427.443, 139
Trd, 4319428.093, 82
Trd, 4319429.143, 64
Trd, 4319429.493, 93
Trd, 4319429.543, 67
Trd, 4319430.193, 104
Trd, 4319431.443, 96
Trd, 4319431.793, 71
Trd, 4319433.143, 137
Trd, 4319433.493, 134
Trd, 4319433.693, 124
Trd, 4319434.043, 85
Trd, 4319435.343, 96
Trd, 4319436.043, 101
Trd, 4319436.793, 72
Trd, 4319438.143, 72
Trd, 4319439.093, 64
Trd, 4319439.393, 66
Trd, 4319439.643, 110
Trd, 4319441.493, 122
Trd, 4319442.743, 121
Trd, 4319442.843, 100
Trd, 4319442.893, 94
Trd, 4319443.643, 139
Trd, 4319443.893, 114
Trd, 4319444.693, 127
Trd, 4319445.193, 80
Trd, 4319445.343, 79
Trd, 4319446.743, 100
Trd, 4319447.243, 127
Trd, 4319447.693, 91
Trd, 4319448.043, 78
Trd, 4319448.693, 108
Trd, 4319449.693, 135
Trd, 4319450.593, 100
Trd, 4319450.793, 98
Trd, 4319451.143, 104
Trd, 4319453.143, 90
Trd, 4319453.593, 108
Trd, 4319454.093, 106
Trd, 4319454.243, 85
Trd, 4319455.243, 67
Trd, 4319456.343, 116
Trd, 4319456.693, 114
Trd, 4319457.093, 64
Trd, 4319457.743, 62
Trd, 4319458.543, 89
Trd, 4319459.043, 77
Trd, 4319459.293, 112
Trd, 4319459.793, 75
Trd, 4319461.443, 89
Trd, 4319461.743, 79
Trd, 4319462.393, 72
Trd, 4319462.843, 108
Trd, 4319463.543, 122
Trd, 4319464.293, 101
Trd, 4319465.193, 90
Trd, 4319466.393, 138
Trd, 4319468.093, 140
Trd, 4319468.143, 134
Trd, 4319468.243, 134
Trd, 4319469.693, 119
Trd, 4319469.843, 101
Trd, 4319469.893, 84
Trd, 4319471.093, 124
Trd, 4319471.493, 69
Trd, 4319472.243, 78
Trd, 4319472.593, 136
Trd, 4319473.243, 77
Trd, 4319473.893, 115
Trd, 4319475.393, 99
Trd, 4319475.643, 94
Trd, 4319476.143, 78
Trd, 4319476.193, 73
Trd, 4319478.543, 61
Trd, 4319478.693, 77
Trd, 4319479.193, 79
Trd, 4319479.593, 121
Trd, 4319480.593, 64
Trd, 4319481.993, 64
Trd, 4319482.093, 70
Trd, 4319482.943, 70
Trd, 4319483.743, 80
Trd, 4319484.293, 66
Trd, 4319485.243, 69
Trd, 4319485.493, 105
Trd, 4319485.943, 104
Trd, 4319486.243, 88
Trd, 4319487.543, 106
Trd, 4319487.643, 105
Trd, 4319488.443, 115
Trd, 4319488.593, 99
Trd, 4319488.743, 97
Trd, 4319489.093, 140
Trd, 4319490.343, 140
Trd, 4319490.493, 129
Trd, 4319491.043, 116
Trd, 4319491.843, 115
Trd, 4319492.343, 104
Trd, 4319493.593, 63
Trd, 4319493.843, 89
Trd, 4319495.193, 139
Trd, 4319495.293, 138
Trd, 4319496.243, 111
Trd, 4319496.493, 90
Trd, 4319496.843, 88
Trd, 4319497.443, 126
Trd, 4319497.643, 104
Trd, 4319498.243, 83
Trd, 4319499.293, 121
Trd, 4319499.543, 126
Trd, 4319500.743, 69
Trd, 4319500.893, 77
Trd, 4319500.993, 94
Trd, 4319502.393, 140
Trd, 4319502.543, 116
Trd, 4319502.893, 60
Trd, 4319504.643, 139
Trd, 4319504.743, 104
Trd, 4319504.943, 137
Trd, 4319505.543, 62
Trd, 4319506.693, 105
Trd, 4319507.843, 67
Trd, 4319508.143, 70
Trd, 4319509.193, 139
Trd, 4319509.343, 82
Trd, 4319509.993, 69
Trd, 4319511.343, 127
Trd, 4319512.243, 94
Trd, 4319512.793, 77
Trd, 4319513.193, 64
Trd, 4319514.093, 70
Trd, 4319515.643, 69
Trd, 4319516.343, 68
Trd, 4319516.893, 78
Trd, 4319517.043, 67
Trd, 4319517.743, 128
Trd, 4319517.843, 64
Trd, 4319518.343, 65
Trd, 4319521.043, 123
Trd, 4319521.643, 140
Trd, 4319521.893, 122
Trd, 4319522.543, 102
Trd, 4319523.193, 100
Trd, 4319523.243, 92
Trd, 4319523.793, 73
Trd, 4319525.143, 74
Trd, 4319525.993, 140
Trd, 4319526.743, 124
Trd, 4319527.043, 117
Trd, 4319528.043, 139
Trd, 4319529.843, 135
Trd, 4319530.593, 128
Trd, 4319530.643, 126
Trd, 4319530.893, 129
Trd, 4319531.293, 126
Trd, 4319531.793, 124
Trd, 4319532.743, 102
Trd, 4319533.393, 100
Trd, 4319533.443, 91
Trd, 4319533.543, 139
Trd, 4319535.043, 137
Trd, 4319535.643, 137
Trd, 4319536.243, 116
Trd, 4319536.343, 110
Trd, 4319536.743, 105
Trd, 4319537.943, 120
Trd, 4319538.393, 110
Trd, 4319539.443, 140
Trd, 4319539.593, 128
Trd, 4319540.593, 124
Trd, 4319541.243, 114
Trd, 4319542.093, 107
Trd, 4319542.243, 106
Trd, 4319543.643, 76
Trd, 4319544.343, 127
Trd, 4319544.443, 118
Trd, 4319544.993, 114
Trd, 4319545.993, 95
Trd, 4319547.293, 139
Trd, 4319547.443, 137
Trd, 4319547.743, 115
Trd, 4319547.893, 103
Trd, 4319548.493, 94
Trd, 4319549.693, 140
Trd, 4319550.593, 135
Trd, 4319551.043, 122
Trd, 4319551.943, 108
Trd, 4319552.393, 120
Trd, 4319552.893, 103
Trd, 4319554.293, 133
Trd, 4319555.693, 102
Trd, 4319556.193, 131
Trd, 4319556.543, 130
Trd, 4319556.693, 92
Trd, 4319557.893, 69
Trd, 4319558.043, 67
Trd, 4319558.343, 83
Trd, 4319559.043, 107
Trd, 4319559.893, 109
Trd, 4319560.443, 104
Trd, 4319561.043, 76
Trd, 4319561.843, 102
Trd, 4319561.993, 93
Trd, 4319562.243, 77
Trd, 4319563.543, 116
Trd, 4319564.593, 138
Trd, 4319564.943, 121
Trd, 4319565.193, 106
Trd, 4319565.393, 106
Trd, 4319567.243, 139
Trd, 4319567.293, 136
Trd, 4319568.093, 126
Trd, 4319568.843, 112
Trd, 4319569.393, 101
Trd, 4319569.843, 135
Trd, 4319570.593, 87
Trd, 4319570.893, 86
Trd, 4319571.893, 140
Trd, 4319572.343, 140
Trd, 4319572.543, 122
Trd, 4319572.743, 86
Trd, 4319574.093, 71
Trd, 4319575.093, 62
Trd, 4319575.193, 70
Trd, 4319575.493, 95
Trd, 4319577.143, 132
Trd, 4319577.893, 134
Trd, 4319578.093, 133
Trd, 4319578.743, 140
Trd, 4319579.143, 81
Trd, 4319579.793, 86
Trd, 4319580.593, 77
Trd, 4319581.093, 140
Trd, 4319581.893, 117
Trd, 4319582.093, 131
Trd, 4319582.193, 75
Trd, 4319584.293, 93
Trd, 4319585.043, 76
Trd, 4319586.293, 72
Trd, 4319586.643, 128
Trd, 4319586.693, 64
Trd, 4319587.293, 129
Trd, 4319587.443, 93
Trd, 4319589.043, 76
Trd, 4319589.693, 76
Trd, 4319589.943, 62
Trd, 4319590.793, 92
Trd, 4319591.193, 65
Trd, 4319591.793, 68
Trd, 4319592.193, 64
Trd, 4319593.193, 140
Trd, 4319594.293, 74
Trd, 4319595.393, 106
Trd, 4319596.193, 117
Trd, 4319596.243, 93
Trd, 4319596.293, 88
Trd, 4319597.343, 60
Trd, 4319597.543, 70
Trd, 4319597.643, 127
Trd, 4319598.493, 107
Trd, 4319598.893, 83
Trd, 4319599.393, 89
Trd, 4319600.393, 130
Trd, 4319601.143, 133
Trd, 4319601.743, 122
Trd, 4319603.643, 140
Trd, 4319605.093, 138
Trd, 4319605.143, 129
Trd, 4319605.643, 133
Trd, 4319605.893, 121
Trd, 4319606.343, 106
Trd, 4319607.593, 63
Trd, 4319607.793, 72
Trd, 4319608.893, 137
Trd, 4319609.643, 112
Trd, 4319610.393, 130
Trd, 4319611.393, 134
Trd, 4319611.693, 109
Trd, 4319612.793, 120
Trd, 4319612.843, 122
Trd, 4319613.343, 130
Trd, 4319613.393, 110
Trd, 4319613.493, 94
Trd, 4319614.443, 140
Trd, 4319614.543, 133
Trd, 4319615.643, 63
Trd, 4319615.693, 106
Trd, 4319616.943, 88
Trd, 4319618.043, 62
Trd, 4319618.693, 83
Trd, 4319619.393, 129
Trd, 4319620.543, 102
Trd, 4319621.143, 82
Trd, 4319621.343, 82
Trd, 4319622.093, 115
Trd, 4319622.193, 92
Trd, 4319623.193, 75
Trd, 4319623.243, 68
Trd, 4319624.643, 65
Trd, 4319625.643, 67
Trd, 4319625.743, 76
Trd, 4319626.693, 121
Trd, 4319627.343, 115
Trd, 4319627.993, 78
Trd, 4319628.293, 80
Trd, 4319628.543, 76
Trd, 4319629.293, 96
Trd, 4319629.793, 140
Trd, 4319631.043, 98
Trd, 4319631.543, 111
Trd, 4319631.743, 92
Trd, 4319632.493, 118
Trd, 4319633.093, 139
Trd, 4319633.393, 117
Trd, 4319633.593, 72
Trd, 4319634.043, 130
Trd, 4319634.643, 60
Trd, 4319635.443, 60
Trd, 4319636.743, 65
Trd, 4319637.293, 139
Trd, 4319638.143, 108
Trd, 4319638.593, 102
Trd, 4319639.793, 124
Trd, 4319640.293, 113
Trd, 4319640.793, 107
Trd, 4319640.843, 106
Trd, 4319641.143, 124
Trd, 4319642.393, 68
Trd, 4319643.743, 64
Trd, 4319644.293, 140
Trd, 4319644.893, 140
Trd, 4319645.293, 124
Trd, 4319645.893, 115
Trd, 4319646.393, 99
Trd, 4319646.543, 139
Trd, 4319646.843, 92
Trd, 4319647.443, 92
Trd, 4319648.643, 113
Trd, 4319650.043, 93
Trd, 4319650.293, 72
Trd, 4319650.693, 114
Trd, 4319651.343, 95
Trd, 4319651.443, 127
Trd, 4319651.593, 130
Trd, 4319652.193, 97
Trd, 4319653.893, 81
Trd, 4319654.243, 76
Trd, 4319656.043, 75
Trd, 4319656.093, 78
Trd, 4319656.243, 78
Trd, 4319657.243, 63
Trd, 4319657.693, 86
Trd, 4319658.843, 60
Trd, 4319659.293, 78
Trd, 4319659.693, 110
Trd, 4319660.893, 134
Trd, 4319661.643, 130
Trd, 4319662.143, 137
Trd, 4319662.943, 140
Trd, 4319663.243, 140
Trd, 4319663.343, 119
Trd, 4319663.493, 113
Trd, 4319664.343, 140
Trd, 4319664.443, 122
Trd, 4319664.843, 116
Trd, 4319665.643, 60
Trd, 4319667.593, 93
Trd, 4319668.793, 60
Trd, 4319669.093, 64
Trd, 4319669.293, 79
Trd, 4319669.893, 89
Trd, 4319670.443, 67
Trd, 4319671.193, 92
Trd, 4319671.293, 88
Trd, 4319672.143, 135
Trd, 4319672.893, 137
Trd, 4319673.643, 136
Trd, 4319673.793, 109
Trd, 4319674.243, 79
Trd, 4319675.643, 69
Trd, 4319676.093, 85
Trd, 4319676.893, 63
Trd, 4319677.693, 77
Trd, 4319679.093, 126
Trd, 4319679.393, 134
Trd, 4319679.943, 133
Trd, 4319680.093, 124
Trd, 4319681.443, 140
Trd, 4319681.693, 139
Trd, 4319681.943, 130
Trd, 4319681.993, 128
Trd, 4319683.293, 104
Trd, 4319683.693, 107
Trd, 4319684.343, 85
Trd, 4319684.743, 80
Trd, 4319684.843, 78
Trd, 4319685.693, 82
Trd, 4319686.793, 81
Trd, 4319687.943, 87
Trd, 4319688.343, 94
Trd, 4319688.793, 98
Trd, 4319689.243, 99
Trd, 4319689.543, 90
Trd, 4319689.843, 108
Trd, 4319690.093, 97
Trd, 4319690.893, 78
Trd, 4319691.193, 88
Trd, 4319692.893, 62
Trd, 4319693.293, 84
Trd, 4319694.193, 60
Trd, 4319694.793, 84
Trd, 4319695.143, 65
Trd, 4319696.143, 78
Trd, 4319696.543, 75
Trd, 4319696.943, 117
Trd, 4319697.843, 71
Trd, 4319698.493, 131
Trd, 4319698.993, 129
Trd, 4319699.093, 123
Trd, 4319699.243, 86
Trd, 4319699.693, 125
Trd, 4319700.293, 140
Trd, 4319700.693, 95
Trd, 4319702.193, 109
Trd, 4319702.643, 79
Trd, 4319703.243, 103
Trd, 4319704.143, 84
Trd, 4319704.543, 91
Trd, 4319704.993, 61
Trd, 4319706.043, 99
Trd, 4319706.143, 77
Trd, 4319707.693, 71
Trd, 4319707.893, 129
Trd, 4319708.993, 83
Trd, 4319710.043, 139
Trd, 4319710.593, 116
Trd, 4319710.643, 107
Trd, 4319711.343, 71
Trd, 4319711.943, 124
Trd, 4319712.443, 107
Trd, 4319712.893, 102
Trd, 4319713.243, 100
Trd, 4319713.593, 120
Trd, 4319715.093, 139
Trd, 4319715.693, 84
Trd, 4319716.393, 88
Trd, 4319718.143, 111
Trd, 4319718.243, 99
Trd, 4319718.393, 98
Trd, 4319718.593, 93
Trd, 4319719.193, 129
Trd, 4319719.743, 88
Trd, 4319720.193, 139
Trd, 4319720.793, 106
Trd, 4319722.093, 122
Trd, 4319723.643, 116
Trd, 4319723.943, 137
Trd, 4319724.593, 116
Trd, 4319724.693, 98
Trd, 4319725.843, 138
Trd, 4319726.343, 98
Trd, 4319726.543, 97
Trd, 4319727.893, 140
Trd, 4319728.043, 132
Trd, 4319728.143, 123
Trd, 4319728.943, 136
Trd, 4319729.493, 110
Trd, 4319730.593, 93
Trd, 4319730.743, 84
Trd, 4319731.293, 107
Trd, 4319731.993, 139
Trd, 4319733.293, 137
Trd, 4319733.743, 123
Trd, 4319734.293, 125
Trd, 4319734.893, 110
Trd, 4319735.943, 100
Trd, 4319736.393, 90
Trd, 4319736.593, 99
Trd, 4319737.693, 106
Trd, 4319739.093, 111
Trd, 4319739.743, 140
Trd, 4319740.843, 123
Trd, 4319741.043, 135
Trd, 4319741.293, 111
Trd, 4319742.493, 137
Trd, 4319743.343, 102
Trd, 4319743.493, 97
Trd, 4319743.943, 138
Trd, 4319744.193, 135
Trd, 4319744.993, 121
Trd, 4319745.643, 96
Trd, 4319746.543, 114
Trd, 4319747.543, 108
Trd, 4319748.293, 139
Trd, 4319748.493, 118
Trd, 4319749.493, 136
Trd, 4319750.193, 128
Trd, 4319750.443, 127
Trd, 4319750.493, 104
Trd, 4319751.243, 135
Trd, 4319751.793, 131
Trd, 4319752.993, 115
Trd, 4319753.793, 140
Trd, 4319755.243, 115
Trd, 4319755.543, 96
Trd, 4319755.793, 124
Trd, 4319755.893, 93
Trd, 4319756.743, 65
Trd, 4319757.643, 69
Trd, 4319758.043, 75
Trd, 4319758.593, 81
Trd, 4319759.793, 137
Trd, 4319760.443, 88
Trd, 4319760.493, 86
Trd, 4319761.093, 115
Trd, 4319762.343, 87
Trd, 4319762.443, 91
Trd, 4319763.443, 77
Trd, 4319763.643, 92
Trd, 4319763.793, 78
Trd, 4319764.243, 119
Trd, 4319764.843, 120
Trd, 4319764.993, 78
Trd, 4319765.143, 136
Trd, 4319765.443, 135
Trd, 4319766.843, 98
Trd, 4319767.243, 140
Trd, 4319769.193, 128
Trd, 4319770.043, 115
Trd, 4319770.193, 107
Trd, 4319770.543, 109
Trd, 4319770.593, 100
Trd, 4319770.843, 112
Trd, 4319772.093, 88
Trd, 4319772.693, 88
Trd, 4319773.693, 65
Trd, 4319774.343, 94
Trd, 4319774.443, 103
Trd, 4319774.593, 136
Trd, 4319774.893, 116
Trd, 4319775.143, 83
Trd, 4319776.193, 61
Trd, 4319776.943, 67
Trd, 4319777.293, 105
Trd, 4319778.793, 134
Trd, 4319779.993, 139
Trd, 4319780.343, 123
Trd, 4319780.543, 109
Trd, 4319781.093, 108
Trd, 4319781.193, 103
Trd, 4319781.343, 95
Trd, 4319783.743, 62
Trd, 4319783.793, 64
Trd, 4319783.943, 101
Trd, 4319784.243, 100
Trd, 4319784.593, 72
Trd, 4319785.793, 96
Trd, 4319787.093, 120
Trd, 4319787.193, 122
Trd, 4319788.243, 93
Trd, 4319788.693, 90
Trd, 4319788.893, 79
Trd, 4319789.743, 119
Trd, 4319790.193, 83
Trd, 4319790.643, 133
Trd, 4319791.593, 135
Trd, 4319792.543, 132
Trd, 4319792.993, 127
Trd, 4319793.843, 137
Trd, 4319794.143, 115
Trd, 4319794.193, 113
Trd, 4319794.793, 85
Trd, 4319795.493, 140
Trd, 4319795.743, 125
Trd, 4319797.643, 118
Trd, 4319797.743, 101
Trd, 4319798.643, 127
Trd, 4319799.343, 79
Trd, 4319799.543, 73
Trd, 4319799.993, 61
Trd, 4319800.693, 123
Trd, 4319801.593, 61
Trd, 4319802.243, 139
Trd, 4319803.493, 140
Trd, 4319804.843, 131
Trd, 4319805.193, 107
Trd, 4319805.293, 102
Trd, 4319807.443, 119
Trd, 4319807.493, 116
Trd, 4319807.743, 134
Trd, 4319808.143, 140
Trd, 4319808.293, 118
Trd, 4319808.343, 105
Trd, 4319808.643, 104
Trd, 4319810.593, 97
Trd, 4319811.393, 114
Trd, 4319811.493, 111
Trd, 4319811.693, 101
Trd, 4319811.993, 98
Trd, 4319812.843, 94
Trd, 4319813.393, 113
Trd, 4319815.143, 88
Trd, 4319816.193, 103
Trd, 4319816.393, 116
Trd, 4319816.443, 105
Trd, 4319817.093, 131
Trd, 4319817.893, 102
Trd, 4319818.143, 100
Trd, 4319819.793, 102
Trd, 4319819.943, 101
Trd, 4319819.993, 80
Trd, 4319820.793, 108
Trd, 4319821.293, 67
Trd, 4319821.943, 62
Trd, 4319822.043, 75
Trd, 4319822.493, 140
Trd, 4319823.293, 108
Trd, 4319824.193, 94
Trd, 4319824.343, 84
Trd, 4319825.343, 101
Trd, 4319826.343, 114
Trd, 4319826.843, 102
Trd, 4319826.893, 99
Trd, 4319827.443, 86
Trd, 4319828.393, 67
Trd, 4319828.843, 99
Trd, 4319830.443, 100
Trd, 4319831.043, 97
Trd, 4319831.193, 86
Trd, 4319831.543, 103
Trd, 4319832.843, 107
Trd, 4319832.993, 100
Trd, 4319833.293, 114
Trd, 4319833.743, 109
Trd, 4319836.193, 120
Trd, 4319836.443, 117
Trd, 4319836.693, 115
Trd, 4319836.893, 114
Trd, 4319837.143, 134
Trd, 4319837.443, 101
Trd, 4319838.793, 109
Trd, 4319839.643, 137
Trd, 4319840.143, 138
Trd, 4319840.543, 115
Trd, 4319842.043, 95
Trd, 4319842.093, 94
Trd, 4319842.293, 83
Trd, 4319842.493, 74
Trd, 4319843.143, 134
Trd, 4319843.743, 140
Trd, 4319845.693, 133
Trd, 4319847.243, 122
Trd, 4319847.343, 109
Trd, 4319847.743, 106
Trd, 4319848.443, 119
Trd, 4319849.043, 130
Trd, 4319850.143, 140
Trd, 4319850.993, 139
Trd, 4319851.043, 136
Trd, 4319851.443, 116
Trd, 4319852.893, 113
Trd, 4319852.943, 111
Trd, 4319853.543, 105
Trd, 4319854.643, 119
Trd, 4319855.193, 138
Trd, 4319855.293, 117
Trd, 4319855.593, 79
Trd, 4319856.793, 128
Trd, 4319857.343, 103
Trd, 4319857.843, 134
Trd, 4319860.293, 139
Trd, 4319860.393, 129
Trd, 4319860.643, 122
Trd, 4319860.743, 113
Trd, 4319861.093, 136
Trd, 4319862.343, 99
Trd, 4319862.843, 117
Trd, 4319863.043, 85
Trd, 4319864.493, 99
Trd, 4319864.643, 125
Trd, 4319865.043, 79
Trd, 4319866.543, 133
Trd, 4319866.693, 108
Trd, 4319866.943, 104
Trd, 4319867.993, 139
Trd, 4319868.743, 98
Trd, 4319869.043, 126
Trd, 4319870.643, 137
Trd, 4319870.943, 118
Trd, 4319872.593, 138
Trd, 4319872.843, 115
Trd, 4319873.343, 104
Trd, 4319873.793, 138
Trd, 4319874.793, 129
Trd, 4319874.993, 95
Trd, 4319876.593, 139
Trd, 4319876.743, 122
Trd, 4319877.543, 111
Trd, 4319879.443, 139
Trd, 4319879.793, 117
Trd, 4319880.193, 92
Trd, 4319881.193, 120
Trd, 4319881.393, 102
Trd, 4319881.943, 60
Trd, 4319882.743, 69
Trd, 4319883.343, 63
Trd, 4319884.493, 64
Trd, 4319884.993, 67
Trd, 4319885.343, 64
Trd, 4319885.593, 62
Trd, 4319887.393, 67
Trd, 4319887.893, 85
Trd, 4319888.143, 63
Trd, 4319888.493, 97
Trd, 4319889.343, 66
Trd, 4319889.793, 98
Trd, 4319891.193, 66
Trd, 4319891.243, 67
Trd, 4319891.993, 62
Trd, 4319892.543, 84
Trd, 4319893.093, 119
Trd, 4319893.493, 118
Trd, 4319893.943, 69
Trd, 4319895.043, 119
Trd, 4319895.093, 111
Trd, 4319895.343, 78
Trd, 4319895.743, 129
Trd, 4319897.943, 61
Trd, 4319898.443, 74
Trd, 4319898.693, 77
Trd, 4319899.193, 87
Trd, 4319900.093, 102
Trd, 4319901.693, 61
Trd, 4319901.843, 66
Trd, 4319902.493, 64
Trd, 4319903.043, 63
Trd, 4319903.343, 69
Trd, 4319903.493, 108
Trd, 4319904.543, 89
Trd, 4319905.293, 127
Trd, 4319905.443, 114
Trd, 4319905.793, 103
Trd, 4319906.643, 127
Trd, 4319906.793, 126
Trd, 4319907.343, 86
Trd, 4319908.093, 138
Trd, 4319909.243, 63
Trd, 4319910.893, 83
Trd, 4319911.543, 139
Trd, 4319911.943, 92
Trd, 4319912.293, 81
Trd, 4319913.393, 67
Trd, 4319913.943, 71
Trd, 4319915.043, 81
Trd, 4319915.143, 124
Trd, 4319915.243, 65
Trd, 4319915.793, 108
Trd, 4319916.543, 86
Trd, 4319917.243, 79
Trd, 4319918.043, 89
Trd, 4319918.643, 104
Trd, 4319920.043, 140
Trd, 4319920.243, 138
Trd, 4319921.293, 125
Trd, 4319921.343, 81
Trd, 4319921.643, 70
Trd, 4319923.243, 126
Trd, 4319923.743, 98
Trd, 4319923.893, 79
Trd, 4319924.943, 128
Trd, 4319925.193, 127
Trd, 4319925.493, 114
Trd, 4319926.843, 110
Trd, 4319927.393, 90
Trd, 4319927.743, 137
Trd, 4319928.493, 122
Trd, 4319928.993, 110
Trd, 4319929.243, 107
Trd, 4319929.343, 98
Trd, 4319930.493, 102
Trd, 4319931.393, 85
Trd, 4319931.943, 105
Trd, 4319932.243, 78
Trd, 4319933.843, 94
Trd, 4319934.743, 94
Trd, 4319935.793, 84
Trd, 4319936.393, 82
Trd, 4319936.793, 93
Trd, 4319937.043, 75
Trd, 4319938.193, 63
Trd, 4319938.893, 63
Trd, 4319939.493, 88
Trd, 4319940.593, 138
Trd, 4319940.843, 105
Trd, 4319941.743, 114
Trd, 4319942.293, 84
Trd, 4319943.193, 138
Trd, 4319944.443, 63
Trd, 4319945.293, 74
Trd, 4319945.843, 61
Trd, 4319946.243, 95
Trd, 4319946.793, 78
Trd, 4319946.843, 85
Trd, 4319947.593, 83
Trd, 4319948.693, 79
Trd, 4319949.243, 70
Trd, 4319949.843, 76
Trd, 4319950.093, 111
Trd, 4319951.243, 90
Trd, 4319952.443, 112
Trd, 4319952.543, 103
Trd, 4319952.743, 102
Trd, 4319953.893, 106
Trd, 4319954.243, 140
Trd, 4319955.743, 129
Trd, 4319955.793, 128
Trd, 4319956.293, 87
Trd, 4319956.443, 83
Trd, 4319956.743, 123
Trd, 4319956.843, 83
Trd, 4319957.593, 77
Trd, 4319959.143, 140
Trd, 4319960.193, 119
Trd, 4319960.843, 113
Trd, 4319960.943, 112
Trd, 4319961.143, 83
Trd, 4319962.943, 63
Trd, 4319963.243, 60
Trd, 4319963.793, 62
Trd, 4319964.743, 100
Trd, 4319964.843, 98
Trd, 4319965.143, 87
Trd, 4319965.543, 135
Trd, 4319965.793, 128
Trd, 4319966.143, 110
Trd, 4319967.643, 60
Trd, 4319968.143, 65
Trd, 4319968.293, 97
Trd, 4319969.143, 61
Trd, 4319970.343, 103
Trd, 4319972.343, 85
Trd, 4319972.493, 101
Trd, 4319972.843, 103
Trd, 4319973.393, 77
Trd, 4319973.593, 96
Trd, 4319974.243, 138
Trd, 4319975.893, 102
Trd, 4319976.093, 86
Trd, 4319977.543, 60
Trd, 4319978.343, 60
Trd, 4319978.543, 61
Trd, 4319978.843, 62
Trd, 4319979.493, 75
Trd, 4319980.293, 73
Trd, 4319980.743, 88
Trd, 4319981.243, 93
Trd, 4319982.193, 140
Trd, 4319982.543, 139
Trd, 4319982.593, 132
Trd, 4319983.243, 122
Trd, 4319984.643, 109
Trd, 4319985.443, 126
Trd, 4319986.343, 126
Trd, 4319986.993, 116
Trd, 4319987.293, 104
Trd, 4319988.093, 98
Trd, 4319988.643, 126
Trd, 4319989.993, 63
Trd, 4319990.643, 60
Trd, 4319991.843, 60
Trd, 4319991.943, 60
Trd, 4319992.443, 87
Trd, 4319992.943, 135
Trd, 4319993.743, 60
Trd, 4319995.193, 125
Trd, 4319995.243, 109
Trd, 4319996.043, 61
Trd, 4319997.043, 61
Trd, 4319997.393, 90
Trd, 4319998.593, 64
