Trd, 4318111.943, 60
Trd, 4318113.893, 60
Trd, 4318116.793, 60
Trd, 4318117.343, 60
Trd, 4318117.693, 60
Trd, 4318119.243, 60
Trd, 4318119.343, 60
Trd, 4318119.543, 67
Trd, 4318120.193, 60
Trd, 4318120.293, 71
Trd, 4318120.393, 60
Trd, 4318121.243, 67
Trd, 4318121.593, 61
Trd, 4318124.843, 61
Trd, 4318124.993, 62
Trd, 4318125.893, 63
Trd, 4318126.343, 61
Trd, 4318127.643, 60
Trd, 4318127.693, 60
Trd, 4318127.993, 60
Trd, 4318129.643, 60
Trd, 4318129.893, 62
Trd, 4318130.443, 62
Trd, 4318130.593, 65
Trd, 4318130.893, 64
Trd, 4318131.193, 63
Trd, 4318132.093, 61
Trd, 4318132.943, 63
Trd, 4318134.043, 61
Trd, 4318134.743, 63
Trd, 4318138.343, 60
Trd, 4318139.143, 60
Trd, 4318139.393, 60
Trd, 4318139.493, 61
Trd, 4318140.493, 60
Trd, 4318140.643, 61
Trd, 4318140.943, 60
Trd, 4318141.743, 62
Trd, 4318142.443, 60
Trd, 4318142.693, 62
Trd, 4318143.093, 66
Trd, 4318143.843, 71
Trd, 4318144.393, 67
Trd, 4318144.443, 66
Trd, 4318145.393, 65
Trd, 4318145.693, 67
Trd, 4318146.493, 61
Trd, 4318146.793, 63
Trd, 4318147.443, 63
Trd, 4318150.943, 60
Trd, 4318151.843, 60
Trd, 4318153.193, 60
Trd, 4318153.543, 60
Trd, 4318153.593, 61
Trd, 4318153.893, 60
Trd, 4318154.193, 61
Trd, 4318154.493, 71
Trd, 4318154.793, 62
Trd, 4318155.293, 67
Trd, 4318155.843, 137
Trd, 4318155.943, 66
Trd, 4318156.593, 60
Trd, 4318157.643, 60
Trd, 4318159.693, 60
Trd, 4318161.443, 62
Trd, 4318162.693, 60
Trd, 4318163.843, 62
Trd, 4318164.143, 64
Trd, 4318164.443, 63
Trd, 4318164.593, 64
Trd, 4318165.743, 62
Trd, 4318167.843, 60
Trd, 4318168.493, 60
Trd, 4318169.093, 61
Trd, 4318169.443, 61
Trd, 4318169.493, 62
Trd, 4318170.093, 62
Trd, 4318170.293, 62
Trd, 4318170.643, 67
Trd, 4318170.693, 69
Trd, 4318171.193, 61
Trd, 4318172.143, 61
Trd, 4318173.143, 60
Trd, 4318173.393, 61
Trd, 4318173.493, 66
Trd, 4318176.793, 60
Trd, 4318176.993, 61
Trd, 4318177.293, 63
Trd, 4318178.843, 60
Trd, 4318180.793, 60
Trd, 4318181.143, 61
Trd, 4318181.243, 61
Trd, 4318181.493, 60
Trd, 4318181.643, 61
Trd, 4318182.093, 60
Trd, 4318182.143, 61
Trd, 4318182.643, 62
Trd, 4318183.443, 61
Trd, 4318184.643, 61
Trd, 4318185.393, 60
Trd, 4318188.443, 60
Trd, 4318189.193, 60
Trd, 4318189.993, 60
Trd, 4318190.543, 63
Trd, 4318190.693, 60
Trd, 4318190.793, 64
Trd, 4318191.643, 62
Trd, 4318191.743, 61
Trd, 4318192.193, 62
Trd, 4318192.243, 66
Trd, 4318193.243, 65
Trd, 4318193.793, 60
Trd, 4318195.443, 66
Trd, 4318199.143, 60
Trd, 4318199.443, 60
Trd, 4318200.843, 61
Trd, 4318201.343, 64
Trd, 4318201.393, 62
Trd, 4318201.543, 68
Trd, 4318202.043, 63
Trd, 4318202.693, 60
Trd, 4318203.093, 61
Trd, 4318203.743, 61
Trd, 4318204.793, 60
Trd, 4318206.243, 60
Trd, 4318206.893, 61
Trd, 4318208.243, 60
Trd, 4318210.293, 60
Trd, 4318210.893, 60
Trd, 4318211.593, 61
Trd, 4318211.793, 60
Trd, 4318212.243, 60
Trd, 4318212.343, 62
Trd, 4318212.843, 60
Trd, 4318213.093, 123
Trd, 4318213.593, 60
Trd, 4318213.843, 60
Trd, 4318215.293, 64
Trd, 4318218.143, 60
Trd, 4318219.943, 60
Trd, 4318220.043, 61
Trd, 4318220.893, 62
Trd, 4318221.043, 61
Trd, 4318221.193, 63
Trd, 4318221.643, 63
Trd, 4318222.893, 65
Trd, 4318223.193, 65
Trd, 4318223.443, 66
Trd, 4318223.893, 69
Trd, 4318224.043, 68
Trd, 4318226.043, 60
Trd, 4318226.143, 60
Trd, 4318227.043, 60
Trd, 4318228.393, 61
Trd, 4318229.043, 61
Trd, 4318230.493, 61
Trd, 4318230.993, 60
Trd, 4318231.593, 61
Trd, 4318231.893, 62
Trd, 4318231.943, 62
Trd, 4318232.093, 62
Trd, 4318232.643, 69
Trd, 4318233.393, 66
Trd, 4318233.743, 70
Trd, 4318233.943, 68
Trd, 4318234.493, 138
Trd, 4318235.493, 64
Trd, 4318235.743, 66
Trd, 4318237.843, 60
Trd, 4318239.493, 60
Trd, 4318240.143, 60
Trd, 4318240.343, 60
Trd, 4318242.993, 60
Trd, 4318243.493, 60
Trd, 4318243.943, 60
Trd, 4318244.293, 60
Trd, 4318244.343, 61
Trd, 4318245.443, 61
Trd, 4318246.493, 107
Trd, 4318246.693, 140
Trd, 4318246.743, 140
Trd, 4318247.293, 60
Trd, 4318247.443, 140
Trd, 4318247.893, 140
Trd, 4318248.293, 65
Trd, 4318249.293, 140
Trd, 4318251.793, 61
Trd, 4318252.943, 60
Trd, 4318254.393, 60
Trd, 4318254.893, 63
Trd, 4318254.943, 62
Trd, 4318255.643, 61
Trd, 4318255.843, 61
Trd, 4318255.993, 60
Trd, 4318256.193, 63
Trd, 4318258.343, 60
Trd, 4318258.593, 61
Trd, 4318261.893, 60
Trd, 4318262.843, 60
Trd, 4318264.043, 60
Trd, 4318264.393, 60
Trd, 4318266.243, 60
Trd, 4318266.593, 60
Trd, 4318266.643, 60
Trd, 4318267.393, 62
Trd, 4318267.543, 63
Trd, 4318268.093, 65
Trd, 4318268.143, 70
Trd, 4318268.793, 64
Trd, 4318269.093, 116
Trd, 4318270.443, 67
Trd, 4318270.743, 140
Trd, 4318270.943, 68
Trd, 4318271.343, 66
Trd, 4318272.043, 63
Trd, 4318275.143, 60
Trd, 4318275.443, 60
Trd, 4318275.693, 60
Trd, 4318277.843, 60
Trd, 4318278.443, 60
Trd, 4318279.693, 60
Trd, 4318279.843, 60
Trd, 4318280.193, 63
Trd, 4318280.243, 62
Trd, 4318280.693, 66
Trd, 4318281.893, 69
Trd, 4318281.943, 70
Trd, 4318282.043, 68
Trd, 4318282.743, 69
Trd, 4318283.193, 68
Trd, 4318287.093, 60
Trd, 4318287.843, 60
Trd, 4318288.843, 60
Trd, 4318288.993, 60
Trd, 4318290.193, 61
Trd, 4318291.643, 60
Trd, 4318291.843, 60
Trd, 4318292.043, 60
Trd, 4318292.443, 60
Trd, 4318292.493, 61
Trd, 4318293.143, 62
Trd, 4318293.793, 62
Trd, 4318293.993, 61
Trd, 4318294.893, 61
Trd, 4318295.843, 61
Trd, 4318296.943, 60
Trd, 4318298.943, 68
Trd, 4318299.543, 67
Trd, 4318300.843, 60
Trd, 4318300.943, 61
Trd, 4318301.043, 61
Trd, 4318301.343, 62
Trd, 4318301.793, 61
Trd, 4318302.393, 61
Trd, 4318303.043, 61
Trd, 4318303.143, 61
Trd, 4318303.193, 64
Trd, 4318303.493, 111
Trd, 4318303.743, 63
Trd, 4318305.493, 61
Trd, 4318306.043, 60
Trd, 4318306.593, 66
Trd, 4318307.443, 60
Trd, 4318308.093, 60
Trd, 4318309.743, 60
Trd, 4318312.593, 60
Trd, 4318313.493, 60
Trd, 4318313.543, 60
Trd, 4318313.693, 60
Trd, 4318313.793, 61
Trd, 4318313.943, 61
Trd, 4318314.143, 61
Trd, 4318314.393, 61
Trd, 4318315.943, 60
Trd, 4318317.143, 60
Trd, 4318319.493, 60
Trd, 4318320.343, 60
Trd, 4318321.343, 60
Trd, 4318322.343, 60
Trd, 4318323.643, 60
Trd, 4318323.793, 60
Trd, 4318324.243, 60
Trd, 4318324.493, 61
Trd, 4318324.793, 61
Trd, 4318325.093, 66
Trd, 4318325.343, 61
Trd, 4318325.943, 62
Trd, 4318326.343, 61
Trd, 4318327.243, 60
Trd, 4318328.193, 62
Trd, 4318329.293, 63
Trd, 4318330.093, 69
Trd, 4318331.443, 60
Trd, 4318333.443, 61
Trd, 4318333.493, 62
Trd, 4318333.893, 61
Trd, 4318334.343, 60
Trd, 4318334.443, 61
Trd, 4318334.643, 65
Trd, 4318335.093, 67
Trd, 4318335.493, 60
Trd, 4318336.193, 60
Trd, 4318338.393, 63
Trd, 4318339.293, 60
Trd, 4318341.593, 60
Trd, 4318342.743, 60
Trd, 4318342.843, 62
Trd, 4318343.343, 60
Trd, 4318344.043, 63
Trd, 4318344.293, 68
Trd, 4318344.393, 60
Trd, 4318345.043, 62
Trd, 4318345.693, 64
Trd, 4318345.993, 73
Trd, 4318346.343, 63
Trd, 4318346.893, 63
Trd, 4318348.143, 61
Trd, 4318349.593, 72
Trd, 4318351.043, 60
Trd, 4318352.243, 60
Trd, 4318354.493, 60
Trd, 4318354.993, 60
Trd, 4318355.043, 67
Trd, 4318355.893, 60
Trd, 4318356.243, 62
Trd, 4318357.493, 60
Trd, 4318357.693, 60
Trd, 4318357.793, 61
Trd, 4318358.443, 62
Trd, 4318359.043, 64
Trd, 4318359.443, 61
Trd, 4318360.293, 61
Trd, 4318360.843, 61
Trd, 4318360.943, 64
Trd, 4318361.493, 63
Trd, 4318363.393, 64
Trd, 4318365.843, 60
Trd, 4318366.093, 60
Trd, 4318366.643, 60
Trd, 4318368.793, 60
Trd, 4318369.043, 60
Trd, 4318370.193, 60
Trd, 4318370.293, 60
Trd, 4318370.543, 60
Trd, 4318370.743, 61
Trd, 4318371.743, 60
Trd, 4318371.793, 64
Trd, 4318372.093, 65
Trd, 4318373.593, 64
Trd, 4318373.693, 65
Trd, 4318374.143, 66
Trd, 4318375.043, 68
Trd, 4318375.593, 65
Trd, 4318376.843, 140
Trd, 4318377.043, 139
Trd, 4318377.193, 99
Trd, 4318378.243, 140
Trd, 4318378.443, 140
Trd, 4318381.593, 60
Trd, 4318381.743, 61
Trd, 4318382.993, 61
Trd, 4318383.243, 62
Trd, 4318384.693, 61
Trd, 4318386.793, 60
Trd, 4318386.843, 61
Trd, 4318387.243, 61
Trd, 4318387.693, 60
Trd, 4318387.893, 61
Trd, 4318388.193, 63
Trd, 4318388.743, 64
Trd, 4318389.443, 62
Trd, 4318389.793, 63
Trd, 4318390.393, 140
Trd, 4318392.293, 60
Trd, 4318394.193, 60
Trd, 4318394.243, 62
Trd, 4318395.793, 60
Trd, 4318395.843, 60
Trd, 4318396.093, 64
Trd, 4318396.593, 67
Trd, 4318396.893, 63
Trd, 4318397.543, 61
Trd, 4318397.743, 140
Trd, 4318398.593, 140
Trd, 4318399.143, 140
Trd, 4318399.193, 140
Trd, 4318400.643, 140
Trd, 4318400.943, 140
Trd, 4318401.293, 140
Trd, 4318401.343, 139
Trd, 4318401.843, 140
Trd, 4318404.293, 60
Trd, 4318404.343, 62
Trd, 4318405.043, 63
Trd, 4318406.743, 60
Trd, 4318408.493, 60
Trd, 4318409.693, 60
Trd, 4318410.143, 61
Trd, 4318410.843, 63
Trd, 4318410.943, 71
Trd, 4318412.293, 64
Trd, 4318412.643, 61
Trd, 4318413.593, 63
Trd, 4318414.243, 65
Trd, 4318414.543, 66
Trd, 4318414.893, 139
Trd, 4318415.193, 140
Trd, 4318415.493, 140
Trd, 4318416.343, 140
Trd, 4318417.043, 140
Trd, 4318417.593, 139
Trd, 4318418.143, 140
Trd, 4318418.793, 139
Trd, 4318419.193, 138
Trd, 4318419.743, 60
Trd, 4318420.743, 60
Trd, 4318422.743, 60
Trd, 4318423.193, 63
Trd, 4318424.443, 60
Trd, 4318425.593, 62
Trd, 4318425.793, 63
Trd, 4318425.993, 63
Trd, 4318426.093, 64
Trd, 4318426.843, 63
Trd, 4318427.393, 66
Trd, 4318428.093, 140
Trd, 4318428.193, 140
Trd, 4318428.543, 67
Trd, 4318428.793, 140
Trd, 4318429.693, 140
Trd, 4318430.843, 137
Trd, 4318431.343, 61
Trd, 4318432.543, 65
Trd, 4318434.443, 62
Trd, 4318436.493, 60
Trd, 4318436.743, 60
Trd, 4318437.393, 62
Trd, 4318437.893, 61
Trd, 4318438.143, 60
Trd, 4318439.393, 61
Trd, 4318439.493, 64
Trd, 4318440.393, 63
Trd, 4318440.693, 65
Trd, 4318441.193, 60
Trd, 4318441.543, 63
Trd, 4318442.193, 60
Trd, 4318442.943, 60
Trd, 4318443.593, 60
Trd, 4318444.343, 61
Trd, 4318445.543, 70
Trd, 4318445.793, 63
Trd, 4318446.293, 63
Trd, 4318446.343, 62
Trd, 4318446.843, 138
Trd, 4318447.793, 140
Trd, 4318448.493, 140
Trd, 4318448.643, 140
Trd, 4318449.943, 140
Trd, 4318449.993, 140
Trd, 4318450.293, 140
Trd, 4318450.993, 140
Trd, 4318451.143, 140
Trd, 4318451.643, 140
Trd, 4318451.943, 136
Trd, 4318453.793, 61
Trd, 4318454.943, 60
Trd, 4318458.043, 61
Trd, 4318459.493, 60
Trd, 4318460.443, 61
Trd, 4318461.093, 62
Trd, 4318461.543, 63
Trd, 4318461.743, 63
Trd, 4318462.143, 67
Trd, 4318462.793, 70
Trd, 4318463.243, 70
Trd, 4318463.393, 63
Trd, 4318464.293, 61
Trd, 4318464.843, 60
Trd, 4318465.193, 60
Trd, 4318466.643, 60
Trd, 4318467.443, 60
Trd, 4318467.543, 71
Trd, 4318469.743, 60
Trd, 4318469.793, 61
Trd, 4318471.143, 60
Trd, 4318472.293, 60
Trd, 4318472.543, 61
Trd, 4318473.043, 61
Trd, 4318473.693, 61
Trd, 4318474.043, 60
Trd, 4318474.743, 60
Trd, 4318476.493, 60
Trd, 4318476.993, 60
Trd, 4318480.093, 60
Trd, 4318480.443, 60
Trd, 4318481.843, 60
Trd, 4318482.893, 60
Trd, 4318483.043, 61
Trd, 4318483.093, 63
Trd, 4318483.143, 63
Trd, 4318483.843, 63
Trd, 4318484.743, 60
Trd, 4318485.293, 63
Trd, 4318486.193, 62
Trd, 4318486.593, 63
Trd, 4318486.643, 64
Trd, 4318487.293, 61
Trd, 4318488.193, 60
Trd, 4318488.793, 60
Trd, 4318490.393, 61
Trd, 4318492.243, 61
Trd, 4318493.393, 60
Trd, 4318494.643, 60
Trd, 4318495.243, 60
Trd, 4318495.493, 60
Trd, 4318495.593, 60
Trd, 4318496.193, 63
Trd, 4318496.393, 63
Trd, 4318496.893, 61
Trd, 4318497.093, 65
Trd, 4318497.793, 140
Trd, 4318498.293, 140
Trd, 4318498.493, 140
Trd, 4318499.193, 140
Trd, 4318499.243, 140
Trd, 4318500.743, 64
Trd, 4318500.893, 64
Trd, 4318501.193, 60
Trd, 4318504.393, 60
Trd, 4318504.493, 62
Trd, 4318506.243, 60
Trd, 4318506.593, 60
Trd, 4318507.093, 60
Trd, 4318507.193, 62
Trd, 4318507.443, 60
Trd, 4318508.743, 62
Trd, 4318508.893, 60
Trd, 4318508.943, 64
Trd, 4318510.543, 60
Trd, 4318511.143, 62
Trd, 4318511.893, 60
Trd, 4318512.443, 138
Trd, 4318512.593, 137
Trd, 4318512.743, 135
Trd, 4318514.193, 61
Trd, 4318515.393, 63
Trd, 4318515.743, 64
Trd, 4318516.593, 66
Trd, 4318516.743, 65
Trd, 4318518.043, 140
Trd, 4318518.143, 140
Trd, 4318519.443, 140
Trd, 4318519.743, 140
Trd, 4318519.993, 137
Trd, 4318521.243, 140
Trd, 4318521.743, 140
Trd, 4318522.343, 140
Trd, 4318522.543, 140
Trd, 4318522.643, 140
Trd, 4318522.843, 134
Trd, 4318523.193, 139
Trd, 4318524.493, 140
Trd, 4318524.843, 140
Trd, 4318524.893, 139
Trd, 4318525.843, 61
Trd, 4318526.293, 60
Trd, 4318528.193, 140
Trd, 4318528.343, 140
Trd, 4318528.893, 140
Trd, 4318529.143, 140
Trd, 4318529.493, 140
Trd, 4318530.693, 140
Trd, 4318530.943, 140
Trd, 4318531.193, 140
Trd, 4318531.743, 139
Trd, 4318532.793, 140
Trd, 4318533.443, 140
Trd, 4318534.193, 140
Trd, 4318534.793, 140
Trd, 4318536.443, 140
Trd, 4318536.943, 140
Trd, 4318537.293, 140
Trd, 4318537.543, 140
Trd, 4318537.643, 140
Trd, 4318538.443, 139
Trd, 4318539.493, 139
Trd, 4318541.293, 140
Trd, 4318541.993, 140
Trd, 4318543.293, 140
Trd, 4318543.343, 140
Trd, 4318543.543, 140
Trd, 4318543.943, 140
Trd, 4318544.993, 140
Trd, 4318545.593, 140
Trd, 4318545.693, 140
Trd, 4318546.543, 140
Trd, 4318546.643, 139
Trd, 4318547.643, 140
Trd, 4318547.893, 140
Trd, 4318548.343, 140
Trd, 4318550.093, 140
Trd, 4318550.543, 140
Trd, 4318550.593, 140
Trd, 4318551.393, 140
Trd, 4318551.743, 140
Trd, 4318552.843, 140
Trd, 4318552.893, 140
Trd, 4318553.393, 140
Trd, 4318555.993, 140
Trd, 4318556.343, 140
Trd, 4318556.643, 140
Trd, 4318556.693, 140
Trd, 4318556.943, 140
Trd, 4318557.643, 139
Trd, 4318557.743, 138
Trd, 4318559.143, 140
Trd, 4318559.243, 140
Trd, 4318559.893, 136
Trd, 4318561.043, 139
Trd, 4318561.343, 140
Trd, 4318562.143, 140
Trd, 4318562.443, 140
Trd, 4318563.293, 140
Trd, 4318563.593, 140
Trd, 4318564.243, 140
Trd, 4318564.693, 140
Trd, 4318564.743, 140
Trd, 4318565.143, 140
Trd, 4318566.543, 140
Trd, 4318566.893, 140
Trd, 4318566.993, 140
Trd, 4318568.343, 60
Trd, 4318569.643, 140
Trd, 4318570.593, 140
Trd, 4318570.693, 140
Trd, 4318571.593, 140
Trd, 4318571.643, 140
Trd, 4318571.993, 140
Trd, 4318572.593, 140
Trd, 4318573.243, 140
Trd, 4318573.893, 140
Trd, 4318574.093, 140
Trd, 4318574.543, 140
Trd, 4318574.643, 140
Trd, 4318575.493, 140
Trd, 4318575.893, 60
Trd, 4318576.243, 63
Trd, 4318578.543, 67
Trd, 4318580.693, 60
Trd, 4318582.343, 61
Trd, 4318585.193, 60
Trd, 4318585.893, 60
Trd, 4318586.093, 62
Trd, 4318586.543, 60
Trd, 4318586.743, 61
Trd, 4318586.943, 60
Trd, 4318587.143, 65
Trd, 4318587.343, 74
Trd, 4318588.543, 63
Trd, 4318588.943, 64
Trd, 4318589.693, 140
Trd, 4318589.743, 70
Trd, 4318590.193, 64
Trd, 4318591.393, 60
Trd, 4318592.093, 60
Trd, 4318593.743, 60
Trd, 4318594.743, 61
Trd, 4318596.293, 61
Trd, 4318596.593, 62
Trd, 4318596.693, 64
Trd, 4318597.093, 67
Trd, 4318597.493, 65
Trd, 4318597.693, 64
Trd, 4318598.293, 61
Trd, 4318598.693, 62
Trd, 4318599.693, 64
Trd, 4318600.293, 68
Trd, 4318600.343, 64
Trd, 4318601.443, 67
Trd, 4318601.593, 69
Trd, 4318603.093, 60
Trd, 4318603.393, 61
Trd, 4318604.443, 60
Trd, 4318605.493, 60
Trd, 4318605.543, 61
Trd, 4318606.893, 60
Trd, 4318609.293, 60
Trd, 4318609.943, 60
Trd, 4318610.243, 60
Trd, 4318610.643, 60
Trd, 4318611.193, 60
Trd, 4318612.793, 60
Trd, 4318612.893, 60
Trd, 4318613.193, 61
Trd, 4318613.443, 60
Trd, 4318613.493, 62
Trd, 4318614.393, 60
Trd, 4318614.643, 62
Trd, 4318615.093, 61
Trd, 4318616.843, 61
Trd, 4318617.393, 61
Trd, 4318617.793, 60
Trd, 4318620.293, 60
Trd, 4318620.643, 60
Trd, 4318621.793, 60
Trd, 4318623.993, 60
Trd, 4318625.293, 60
Trd, 4318625.893, 60
Trd, 4318626.093, 60
Trd, 4318627.593, 60
Trd, 4318627.793, 61
Trd, 4318628.643, 61
Trd, 4318628.943, 62
Trd, 4318629.343, 61
Trd, 4318630.343, 60
Trd, 4318630.543, 60
Trd, 4318630.993, 60
Trd, 4318631.643, 60
Trd, 4318633.143, 65
Trd, 4318634.393, 60
Trd, 4318637.143, 60
Trd, 4318637.393, 61
Trd, 4318637.793, 61
Trd, 4318637.993, 60
Trd, 4318638.593, 61
Trd, 4318639.193, 62
Trd, 4318639.643, 62
Trd, 4318640.993, 60
Trd, 4318641.293, 60
Trd, 4318642.743, 60
Trd, 4318644.093, 60
Trd, 4318644.993, 60
Trd, 4318647.643, 60
Trd, 4318647.793, 60
Trd, 4318648.293, 61
Trd, 4318648.493, 61
Trd, 4318648.593, 62
Trd, 4318648.643, 65
Trd, 4318648.893, 60
Trd, 4318649.543, 61
Trd, 4318650.093, 65
Trd, 4318650.193, 60
Trd, 4318652.743, 60
Trd, 4318654.443, 60
Trd, 4318655.393, 60
Trd, 4318655.843, 61
Trd, 4318657.093, 60
Trd, 4318658.243, 60
Trd, 4318659.293, 60
Trd, 4318659.393, 61
Trd, 4318659.743, 61
Trd, 4318659.793, 61
Trd, 4318659.943, 60
Trd, 4318660.993, 60
Trd, 4318663.193, 60
Trd, 4318664.193, 60
Trd, 4318666.293, 60
Trd, 4318666.843, 62
Trd, 4318667.943, 62
Trd, 4318668.593, 61
Trd, 4318668.643, 62
Trd, 4318668.943, 60
Trd, 4318669.193, 60
Trd, 4318669.343, 65
Trd, 4318669.543, 68
Trd, 4318671.893, 60
Trd, 4318672.793, 61
Trd, 4318673.893, 62
Trd, 4318675.993, 60
Trd, 4318677.493, 61
Trd, 4318677.743, 62
Trd, 4318678.543, 61
Trd, 4318678.743, 61
Trd, 4318678.943, 62
Trd, 4318679.343, 64
Trd, 4318681.293, 61
Trd, 4318681.793, 62
Trd, 4318684.243, 62
Trd, 4318684.843, 62
Trd, 4318685.743, 60
Trd, 4318685.893, 60
Trd, 4318686.143, 62
Trd, 4318686.493, 62
Trd, 4318687.793, 65
Trd, 4318687.993, 66
Trd, 4318688.093, 63
Trd, 4318688.293, 65
Trd, 4318690.493, 60
Trd, 4318690.843, 61
Trd, 4318690.993, 61
Trd, 4318691.243, 64
Trd, 4318694.043, 60
Trd, 4318694.293, 62
Trd, 4318696.743, 60
Trd, 4318697.543, 60
Trd, 4318697.643, 60
Trd, 4318698.343, 60
Trd, 4318698.843, 60
Trd, 4318698.943, 61
Trd, 4318699.143, 61
Trd, 4318699.893, 80
Trd, 4318700.243, 140
Trd, 4318700.693, 62
Trd, 4318700.893, 62
Trd, 4318702.093, 75
Trd, 4318702.993, 60
Trd, 4318703.093, 64
Trd, 4318705.293, 61
Trd, 4318707.893, 60
Trd, 4318707.943, 61
Trd, 4318708.243, 61
Trd, 4318708.543, 61
Trd, 4318708.843, 61
Trd, 4318709.193, 61
Trd, 4318710.193, 62
Trd, 4318710.443, 63
Trd, 4318711.043, 62
Trd, 4318712.093, 67
Trd, 4318712.693, 68
Trd, 4318713.043, 70
Trd, 4318713.693, 72
Trd, 4318714.843, 79
Trd, 4318714.893, 78
Trd, 4318715.243, 77
Trd, 4318715.443, 139
Trd, 4318716.593, 140
Trd, 4318716.943, 140
Trd, 4318717.493, 139
Trd, 4318718.293, 140
Trd, 4318719.143, 140
Trd, 4318719.493, 140
Trd, 4318720.193, 140
Trd, 4318720.643, 140
Trd, 4318720.793, 140
Trd, 4318722.343, 140
Trd, 4318722.843, 140
Trd, 4318724.043, 140
Trd, 4318724.593, 140
Trd, 4318726.043, 140
Trd, 4318726.143, 140
Trd, 4318726.193, 140
Trd, 4318727.743, 138
Trd, 4318728.093, 140
Trd, 4318729.043, 62
Trd, 4318731.343, 61
Trd, 4318732.393, 61
Trd, 4318733.143, 60
Trd, 4318733.493, 62
Trd, 4318734.743, 62
Trd, 4318734.893, 62
Trd, 4318734.943, 63
Trd, 4318735.393, 62
Trd, 4318736.193, 60
Trd, 4318736.443, 61
Trd, 4318737.243, 61
Trd, 4318737.693, 61
Trd, 4318739.843, 60
Trd, 4318740.443, 61
Trd, 4318740.693, 60
Trd, 4318741.143, 62
Trd, 4318743.793, 60
Trd, 4318743.893, 61
Trd, 4318746.043, 60
Trd, 4318747.043, 60
Trd, 4318747.793, 60
Trd, 4318747.943, 60
Trd, 4318748.093, 60
Trd, 4318748.743, 60
Trd, 4318749.393, 65
Trd, 4318749.443, 60
Trd, 4318751.193, 60
Trd, 4318753.043, 60
Trd, 4318753.593, 60
Trd, 4318754.143, 60
Trd, 4318755.093, 60
Trd, 4318755.793, 61
Trd, 4318756.493, 61
Trd, 4318756.693, 60
Trd, 4318757.343, 62
Trd, 4318757.493, 61
Trd, 4318759.293, 72
Trd, 4318759.643, 64
Trd, 4318759.693, 76
Trd, 4318759.793, 61
Trd, 4318762.993, 60
Trd, 4318763.193, 60
Trd, 4318763.443, 60
Trd, 4318763.743, 61
Trd, 4318764.243, 61
Trd, 4318764.643, 62
Trd, 4318764.693, 61
Trd, 4318765.093, 60
Trd, 4318766.243, 67
Trd, 4318766.693, 66
Trd, 4318770.193, 60
Trd, 4318770.243, 62
Trd, 4318771.193, 61
Trd, 4318771.643, 60
Trd, 4318772.093, 60
Trd, 4318774.293, 60
Trd, 4318774.343, 60
Trd, 4318774.643, 61
Trd, 4318774.893, 62
Trd, 4318775.293, 62
Trd, 4318775.393, 62
Trd, 4318775.693, 63
Trd, 4318776.543, 65
Trd, 4318777.193, 140
Trd, 4318777.993, 138
Trd, 4318778.293, 138
Trd, 4318778.393, 137
Trd, 4318779.643, 140
Trd, 4318779.843, 139
Trd, 4318780.743, 140
Trd, 4318781.593, 60
Trd, 4318783.093, 60
Trd, 4318783.593, 60
Trd, 4318784.543, 60
Trd, 4318787.293, 60
Trd, 4318788.993, 61
Trd, 4318789.043, 61
Trd, 4318790.393, 60
Trd, 4318791.543, 60
Trd, 4318791.643, 60
Trd, 4318791.793, 61
Trd, 4318791.943, 60
Trd, 4318793.043, 63
Trd, 4318793.143, 60
Trd, 4318793.443, 61
Trd, 4318795.743, 60
Trd, 4318796.743, 60
Trd, 4318796.993, 60
Trd, 4318798.793, 60
Trd, 4318799.343, 60
Trd, 4318800.193, 60
Trd, 4318802.143, 60
Trd, 4318803.093, 60
Trd, 4318803.393, 60
Trd, 4318803.493, 61
Trd, 4318803.993, 62
Trd, 4318804.093, 63
Trd, 4318804.243, 60
Trd, 4318804.693, 71
Trd, 4318805.493, 62
Trd, 4318807.643, 60
Trd, 4318807.793, 60
Trd, 4318808.893, 61
Trd, 4318810.043, 63
Trd, 4318810.243, 64
Trd, 4318813.143, 60
Trd, 4318813.393, 61
Trd, 4318814.343, 62
Trd, 4318814.493, 62
Trd, 4318814.593, 62
Trd, 4318815.393, 67
Trd, 4318815.543, 67
Trd, 4318815.743, 68
Trd, 4318815.943, 66
Trd, 4318816.893, 71
Trd, 4318817.143, 67
Trd, 4318817.693, 64
Trd, 4318818.343, 66
Trd, 4318820.243, 140
Trd, 4318820.743, 140
Trd, 4318821.193, 140
Trd, 4318821.643, 140
Trd, 4318821.743, 140
Trd, 4318822.393, 61
Trd, 4318825.343, 60
Trd, 4318825.593, 60
Trd, 4318827.243, 60
Trd, 4318827.793, 61
Trd, 4318828.893, 60
Trd, 4318829.043, 60
Trd, 4318829.393, 60
Trd, 4318830.143, 66
Trd, 4318830.393, 65
Trd, 4318830.993, 68
Trd, 4318831.543, 71
Trd, 4318832.093, 140
Trd, 4318832.343, 138
Trd, 4318832.543, 114
Trd, 4318832.793, 69
Trd, 4318833.143, 68
Trd, 4318834.393, 62
Trd, 4318837.193, 60
Trd, 4318838.093, 60
Trd, 4318840.093, 60
Trd, 4318840.643, 60
Trd, 4318840.993, 60
Trd, 4318841.293, 61
Trd, 4318841.443, 60
Trd, 4318841.493, 62
Trd, 4318841.943, 66
Trd, 4318842.793, 60
Trd, 4318843.793, 140
Trd, 4318844.293, 140
Trd, 4318845.043, 140
Trd, 4318845.243, 140
Trd, 4318846.343, 140
Trd, 4318846.743, 140
Trd, 4318847.543, 140
Trd, 4318848.443, 140
Trd, 4318848.743, 140
Trd, 4318849.793, 140
Trd, 4318849.993, 139
Trd, 4318851.493, 140
Trd, 4318851.693, 140
Trd, 4318852.643, 140
Trd, 4318853.193, 140
Trd, 4318853.943, 140
Trd, 4318854.643, 140
Trd, 4318854.793, 140
Trd, 4318855.193, 140
Trd, 4318855.493, 140
Trd, 4318855.993, 140
Trd, 4318856.493, 140
Trd, 4318857.293, 140
Trd, 4318857.343, 140
Trd, 4318857.743, 140
Trd, 4318858.743, 139
Trd, 4318859.743, 138
Trd, 4318859.793, 138
Trd, 4318861.643, 140
Trd, 4318861.943, 140
Trd, 4318861.993, 140
Trd, 4318863.393, 140
Trd, 4318864.293, 140
Trd, 4318864.893, 140
Trd, 4318865.143, 140
Trd, 4318865.193, 140
Trd, 4318865.643, 140
Trd, 4318867.193, 140
Trd, 4318868.843, 140
Trd, 4318868.993, 140
Trd, 4318869.093, 140
Trd, 4318870.143, 140
Trd, 4318870.643, 140
Trd, 4318870.693, 140
Trd, 4318871.093, 140
Trd, 4318871.793, 61
Trd, 4318872.843, 61
Trd, 4318873.693, 63
Trd, 4318875.193, 60
Trd, 4318878.043, 60
Trd, 4318878.843, 60
Trd, 4318879.193, 60
Trd, 4318879.993, 60
Trd, 4318880.593, 62
Trd, 4318880.843, 62
Trd, 4318880.943, 64
Trd, 4318881.043, 66
Trd, 4318882.293, 70
Trd, 4318882.393, 69
Trd, 4318883.043, 107
Trd, 4318883.093, 69
Trd, 4318883.643, 73
Trd, 4318884.143, 67
Trd, 4318885.743, 61
Trd, 4318885.893, 67
Trd, 4318887.393, 60
Trd, 4318887.593, 60
Trd, 4318889.893, 60
Trd, 4318891.643, 61
Trd, 4318891.793, 60
Trd, 4318892.193, 60
Trd, 4318892.593, 62
Trd, 4318892.743, 64
Trd, 4318892.843, 61
Trd, 4318892.993, 63
Trd, 4318894.293, 62
Trd, 4318896.943, 60
Trd, 4318897.593, 60
Trd, 4318898.943, 60
Trd, 4318898.993, 63
Trd, 4318899.443, 61
Trd, 4318899.643, 61
Trd, 4318899.743, 66
Trd, 4318900.243, 62
Trd, 4318900.543, 140
Trd, 4318900.743, 140
Trd, 4318900.843, 139
Trd, 4318901.193, 138
Trd, 4318902.643, 67
Trd, 4318904.043, 61
Trd, 4318904.493, 62
Trd, 4318907.243, 60
Trd, 4318907.493, 60
Trd, 4318908.293, 60
Trd, 4318909.493, 60
Trd, 4318911.643, 60
Trd, 4318911.943, 61
Trd, 4318912.093, 61
Trd, 4318912.843, 61
Trd, 4318914.293, 60
Trd, 4318914.743, 61
Trd, 4318915.243, 61
Trd, 4318916.193, 60
Trd, 4318917.193, 60
Trd, 4318917.293, 63
Trd, 4318920.043, 60
Trd, 4318920.443, 61
Trd, 4318921.243, 61
Trd, 4318923.393, 60
Trd, 4318923.943, 60
Trd, 4318924.193, 61
Trd, 4318924.743, 60
Trd, 4318924.843, 60
Trd, 4318925.443, 60
Trd, 4318925.943, 60
Trd, 4318927.543, 60
Trd, 4318928.593, 61
Trd, 4318930.593, 60
Trd, 4318931.943, 60
Trd, 4318933.593, 61
Trd, 4318934.043, 60
Trd, 4318934.143, 62
Trd, 4318934.293, 61
Trd, 4318934.493, 65
Trd, 4318934.693, 62
Trd, 4318934.943, 62
Trd, 4318935.393, 61
Trd, 4318935.793, 69
Trd, 4318936.693, 64
Trd, 4318936.993, 63
Trd, 4318937.893, 140
Trd, 4318938.593, 140
Trd, 4318939.693, 140
Trd, 4318940.193, 140
Trd, 4318940.493, 140
Trd, 4318940.543, 140
Trd, 4318943.893, 60
Trd, 4318944.293, 63
Trd, 4318945.343, 61
Trd, 4318946.293, 60
Trd, 4318946.493, 60
Trd, 4318946.543, 61
Trd, 4318946.593, 63
Trd, 4318946.793, 61
Trd, 4318947.193, 60
Trd, 4318949.043, 60
Trd, 4318950.143, 60
Trd, 4318951.143, 60
Trd, 4318952.743, 60
Trd, 4318954.943, 60
Trd, 4318955.193, 61
Trd, 4318955.643, 61
Trd, 4318956.293, 63
Trd, 4318956.593, 64
Trd, 4318956.893, 64
Trd, 4318957.943, 69
Trd, 4318958.643, 72
Trd, 4318959.043, 70
Trd, 4318959.543, 139
Trd, 4318959.743, 139
Trd, 4318960.293, 140
Trd, 4318960.443, 138
Trd, 4318962.393, 140
Trd, 4318962.543, 140
Trd, 4318963.243, 140
Trd, 4318963.493, 140
Trd, 4318964.493, 140
Trd, 4318965.393, 140
Trd, 4318965.843, 140
Trd, 4318966.043, 140
Trd, 4318966.643, 140
Trd, 4318967.993, 140
Trd, 4318968.443, 140
Trd, 4318968.943, 140
Trd, 4318969.443, 140
Trd, 4318969.493, 140
Trd, 4318970.293, 140
Trd, 4318971.043, 139
Trd, 4318972.643, 140
Trd, 4318973.043, 140
Trd, 4318973.243, 140
Trd, 4318973.493, 138
Trd, 4318974.593, 140
Trd, 4318975.443, 140
Trd, 4318976.143, 140
Trd, 4318976.343, 140
Trd, 4318977.743, 140
Trd, 4318978.093, 140
Trd, 4318979.243, 140
Trd, 4318979.443, 140
Trd, 4318980.443, 140
Trd, 4318980.493, 140
Trd, 4318980.743, 140
Trd, 4318982.393, 140
Trd, 4318982.493, 140
Trd, 4318982.543, 140
Trd, 4318983.593, 140
Trd, 4318984.093, 140
Trd, 4318985.293, 140
Trd, 4318985.793, 140
Trd, 4318986.093, 140
Trd, 4318986.393, 140
Trd, 4318987.443, 140
Trd, 4318987.993, 140
Trd, 4318989.293, 140
Trd, 4318989.343, 140
Trd, 4318989.843, 140
Trd, 4318990.393, 140
Trd, 4318990.443, 140
Trd, 4318991.393, 140
Trd, 4318993.143, 140
Trd, 4318993.793, 140
Trd, 4318994.043, 140
Trd, 4318995.143, 140
Trd, 4318995.293, 140
Trd, 4318996.143, 140
Trd, 4318996.993, 140
Trd, 4318997.193, 140
Trd, 4318997.243, 140
Trd, 4318998.443, 140
Trd, 4318999.093, 140
Trd, 4318999.343, 140
Trd, 4319000.143, 140
Trd, 4319000.193, 140
Trd, 4319000.393, 138
Trd, 4319001.093, 137
Trd, 4319001.343, 140
Trd, 4319002.543, 140
Trd, 4319002.943, 60
Trd, 4319005.743, 60
Trd, 4319006.943, 60
Trd, 4319007.293, 62
Trd, 4319008.243, 60
Trd, 4319008.643, 60
Trd, 4319009.143, 62
Trd, 4319009.543, 61
Trd, 4319009.843, 61
Trd, 4319010.343, 63
Trd, 4319010.643, 71
Trd, 4319012.743, 60
Trd, 4319012.993, 63
Trd, 4319014.843, 60
Trd, 4319016.743, 61
Trd, 4319016.793, 61
Trd, 4319017.543, 60
Trd, 4319019.093, 62
Trd, 4319019.393, 61
Trd, 4319019.493, 60
Trd, 4319020.543, 62
Trd, 4319021.043, 62
Trd, 4319021.543, 64
Trd, 4319021.743, 60
Trd, 4319022.443, 63
Trd, 4319023.193, 60
Trd, 4319024.893, 61
Trd, 4319026.443, 60
Trd, 4319026.893, 60
Trd, 4319027.893, 60
Trd, 4319028.293, 61
Trd, 4319028.693, 61
Trd, 4319029.193, 62
Trd, 4319030.393, 63
Trd, 4319030.543, 62
Trd, 4319030.593, 83
Trd, 4319030.943, 63
Trd, 4319032.243, 63
Trd, 4319034.993, 60
Trd, 4319035.493, 60
Trd, 4319038.793, 60
Trd, 4319039.093, 60
Trd, 4319039.343, 62
Trd, 4319039.793, 62
Trd, 4319040.293, 65
Trd, 4319040.343, 61
Trd, 4319040.893, 63
Trd, 4319041.143, 60
Trd, 4319041.393, 67
Trd, 4319043.593, 62
Trd, 4319045.943, 60
Trd, 4319046.943, 61
Trd, 4319047.093, 62
Trd, 4319047.693, 62
Trd, 4319048.143, 62
Trd, 4319048.243, 61
Trd, 4319048.443, 64
Trd, 4319048.743, 64
Trd, 4319048.943, 64
Trd, 4319049.143, 63
Trd, 4319051.043, 62
Trd, 4319051.643, 63
Trd, 4319051.943, 65
Trd, 4319052.043, 64
Trd, 4319052.393, 140
Trd, 4319052.693, 140
Trd, 4319053.043, 140
Trd, 4319053.993, 140
Trd, 4319054.293, 140
Trd, 4319055.393, 140
Trd, 4319055.843, 140
Trd, 4319056.443, 140
Trd, 4319056.643, 140
Trd, 4319057.693, 140
Trd, 4319057.793, 140
Trd, 4319057.943, 138
Trd, 4319059.743, 64
Trd, 4319061.143, 60
Trd, 4319061.593, 60
Trd, 4319061.943, 62
Trd, 4319065.543, 60
Trd, 4319065.643, 62
Trd, 4319065.793, 63
Trd, 4319065.943, 64
Trd, 4319066.043, 63
Trd, 4319066.193, 63
Trd, 4319067.593, 140
Trd, 4319067.993, 140
Trd, 4319068.043, 139
Trd, 4319069.743, 60
Trd, 4319070.743, 61
Trd, 4319071.843, 60
Trd, 4319073.693, 60
Trd, 4319074.143, 60
Trd, 4319074.843, 62
Trd, 4319075.043, 64
Trd, 4319075.293, 61
Trd, 4319075.893, 61
Trd, 4319076.043, 62
Trd, 4319076.543, 64
Trd, 4319078.343, 140
Trd, 4319078.893, 140
Trd, 4319079.043, 140
Trd, 4319079.443, 140
Trd, 4319079.593, 140
Trd, 4319079.943, 140
Trd, 4319080.693, 140
Trd, 4319081.343, 64
Trd, 4319084.793, 61
Trd, 4319084.943, 62
Trd, 4319085.693, 61
Trd, 4319086.893, 60
Trd, 4319087.993, 60
Trd, 4319088.793, 60
Trd, 4319089.343, 66
Trd, 4319089.643, 65
Trd, 4319089.993, 67
Trd, 4319090.443, 66
Trd, 4319091.593, 72
Trd, 4319091.993, 63
Trd, 4319094.443, 60
Trd, 4319095.993, 61
Trd, 4319096.543, 60
Trd, 4319099.193, 60
Trd, 4319099.293, 60
Trd, 4319099.593, 60
Trd, 4319099.693, 60
Trd, 4319099.893, 60
Trd, 4319100.893, 62
Trd, 4319101.193, 62
Trd, 4319101.793, 64
Trd, 4319101.993, 69
Trd, 4319102.043, 64
Trd, 4319102.693, 140
Trd, 4319103.043, 140
Trd, 4319103.543, 66
Trd, 4319104.693, 140
Trd, 4319104.843, 140
Trd, 4319105.643, 140
Trd, 4319105.793, 140
Trd, 4319106.843, 140
Trd, 4319107.593, 140
Trd, 4319107.993, 140
Trd, 4319108.243, 139
Trd, 4319109.943, 140
Trd, 4319111.243, 140
Trd, 4319111.343, 140
Trd, 4319111.593, 140
Trd, 4319111.843, 140
Trd, 4319112.593, 136
Trd, 4319112.743, 135
Trd, 4319115.343, 140
Trd, 4319115.443, 140
Trd, 4319116.593, 140
Trd, 4319117.293, 140
Trd, 4319117.393, 140
Trd, 4319118.043, 140
Trd, 4319118.193, 140
Trd, 4319119.293, 140
Trd, 4319120.043, 140
Trd, 4319120.543, 140
Trd, 4319121.193, 139
Trd, 4319121.243, 139
Trd, 4319122.093, 139
Trd, 4319125.543, 60
Trd, 4319126.293, 60
Trd, 4319128.143, 60
Trd, 4319128.193, 60
Trd, 4319128.793, 60
Trd, 4319128.893, 60
Trd, 4319129.593, 61
Trd, 4319129.743, 61
Trd, 4319130.093, 61
Trd, 4319131.043, 61
Trd, 4319131.143, 140
Trd, 4319132.293, 62
Trd, 4319132.943, 70
Trd, 4319133.043, 69
Trd, 4319133.693, 139
Trd, 4319134.143, 66
Trd, 4319134.843, 68
Trd, 4319135.343, 71
Trd, 4319136.493, 140
Trd, 4319136.943, 78
Trd, 4319137.443, 139
Trd, 4319137.693, 78
Trd, 4319138.543, 140
Trd, 4319140.493, 140
Trd, 4319140.543, 140
Trd, 4319141.243, 140
Trd, 4319141.593, 140
Trd, 4319141.793, 140
Trd, 4319142.393, 140
Trd, 4319142.443, 139
Trd, 4319142.793, 140
Trd, 4319144.243, 140
Trd, 4319144.793, 140
Trd, 4319145.793, 140
Trd, 4319145.943, 140
Trd, 4319146.743, 140
Trd, 4319147.543, 140
Trd, 4319147.843, 140
Trd, 4319148.193, 140
Trd, 4319150.043, 140
Trd, 4319150.693, 140
Trd, 4319150.743, 140
Trd, 4319152.493, 140
Trd, 4319152.643, 140
Trd, 4319152.993, 140
Trd, 4319153.243, 140
Trd, 4319153.843, 140
Trd, 4319154.293, 140
Trd, 4319155.593, 140
Trd, 4319156.293, 140
Trd, 4319157.293, 140
Trd, 4319157.543, 140
Trd, 4319158.043, 140
Trd, 4319158.343, 140
Trd, 4319158.643, 140
Trd, 4319160.093, 140
Trd, 4319160.593, 140
Trd, 4319160.993, 140
Trd, 4319161.443, 139
Trd, 4319163.093, 140
Trd, 4319163.443, 140
Trd, 4319163.993, 140
Trd, 4319164.393, 140
Trd, 4319165.893, 140
Trd, 4319165.943, 140
Trd, 4319166.093, 140
Trd, 4319166.343, 140
Trd, 4319167.193, 140
Trd, 4319168.143, 140
Trd, 4319168.993, 140
Trd, 4319169.343, 140
Trd, 4319169.693, 140
Trd, 4319170.043, 140
Trd, 4319170.143, 140
Trd, 4319171.343, 140
Trd, 4319172.293, 140
Trd, 4319172.393, 140
Trd, 4319173.843, 140
Trd, 4319173.993, 140
Trd, 4319175.343, 140
Trd, 4319175.843, 140
Trd, 4319176.693, 140
Trd, 4319177.043, 140
Trd, 4319177.493, 140
Trd, 4319177.993, 140
Trd, 4319178.643, 140
Trd, 4319179.693, 140
Trd, 4319180.193, 140
Trd, 4319180.343, 140
Trd, 4319180.943, 140
Trd, 4319182.693, 140
Trd, 4319182.893, 140
Trd, 4319183.493, 140
Trd, 4319184.443, 140
Trd, 4319184.943, 140
Trd, 4319185.943, 140
Trd, 4319186.543, 140
Trd, 4319187.393, 140
Trd, 4319188.493, 140
Trd, 4319188.993, 140
Trd, 4319189.793, 140
Trd, 4319189.843, 140
Trd, 4319190.493, 140
Trd, 4319191.593, 140
Trd, 4319191.993, 140
Trd, 4319192.543, 140
Trd, 4319193.193, 140
Trd, 4319193.293, 140
Trd, 4319194.293, 61
Trd, 4319197.243, 60
Trd, 4319198.043, 60
Trd, 4319198.193, 61
Trd, 4319199.443, 60
Trd, 4319199.543, 60
Trd, 4319200.143, 62
Trd, 4319200.393, 65
Trd, 4319200.693, 64
Trd, 4319201.193, 63
Trd, 4319201.343, 64
Trd, 4319201.443, 66
Trd, 4319201.643, 64
Trd, 4319202.643, 60
Trd, 4319204.743, 61
Trd, 4319206.593, 60
Trd, 4319206.743, 60
Trd, 4319208.193, 60
Trd, 4319208.843, 61
Trd, 4319209.993, 65
Trd, 4319210.193, 67
Trd, 4319210.243, 64
Trd, 4319210.493, 65
Trd, 4319210.743, 67
Trd, 4319211.343, 68
Trd, 4319211.493, 67
Trd, 4319211.893, 69
Trd, 4319212.143, 74
Trd, 4319212.593, 60
Trd, 4319213.243, 62
Trd, 4319214.843, 61
Trd, 4319216.143, 60
Trd, 4319217.743, 62
Trd, 4319219.443, 60
Trd, 4319220.393, 60
Trd, 4319221.443, 60
Trd, 4319221.643, 61
Trd, 4319221.693, 60
Trd, 4319221.843, 62
Trd, 4319222.443, 62
Trd, 4319222.643, 65
Trd, 4319222.993, 62
Trd, 4319223.343, 62
Trd, 4319224.393, 82
Trd, 4319224.793, 65
Trd, 4319227.593, 60
Trd, 4319227.743, 60
Trd, 4319228.993, 60
Trd, 4319230.593, 63
Trd, 4319231.443, 61
Trd, 4319231.593, 62
Trd, 4319231.893, 65
Trd, 4319232.043, 62
Trd, 4319232.343, 64
Trd, 4319232.693, 84
Trd, 4319233.493, 140
Trd, 4319234.093, 140
Trd, 4319234.193, 140
Trd, 4319234.943, 61
Trd, 4319236.393, 60
Trd, 4319237.343, 61
Trd, 4319237.693, 61
Trd, 4319237.993, 61
Trd, 4319238.693, 60
Trd, 4319239.243, 63
Trd, 4319239.343, 66
Trd, 4319239.643, 63
Trd, 4319239.843, 139
Trd, 4319240.543, 140
Trd, 4319245.243, 60
Trd, 4319245.293, 60
Trd, 4319247.043, 61
Trd, 4319247.293, 61
Trd, 4319247.493, 60
Trd, 4319247.843, 62
Trd, 4319248.243, 63
Trd, 4319248.793, 64
Trd, 4319250.293, 60
Trd, 4319252.793, 60
Trd, 4319254.343, 62
Trd, 4319254.443, 60
Trd, 4319257.393, 60
Trd, 4319257.443, 60
Trd, 4319257.493, 60
Trd, 4319257.543, 60
Trd, 4319258.543, 60
Trd, 4319258.593, 60
Trd, 4319258.743, 61
Trd, 4319259.893, 60
Trd, 4319261.443, 60
Trd, 4319262.643, 60
Trd, 4319264.293, 60
Trd, 4319265.243, 60
Trd, 4319267.843, 64
Trd, 4319268.593, 60
Trd, 4319269.093, 60
Trd, 4319269.293, 60
Trd, 4319269.693, 60
Trd, 4319269.993, 62
Trd, 4319270.443, 62
Trd, 4319270.643, 60
Trd, 4319270.743, 61
Trd, 4319272.143, 64
Trd, 4319272.893, 64
Trd, 4319272.943, 63
Trd, 4319273.293, 67
Trd, 4319274.093, 64
Trd, 4319275.343, 61
Trd, 4319276.743, 60
Trd, 4319279.243, 60
Trd, 4319281.393, 60
Trd, 4319281.693, 61
Trd, 4319281.843, 62
Trd, 4319282.493, 60
Trd, 4319282.943, 63
Trd, 4319283.443, 60
Trd, 4319285.043, 60
Trd, 4319285.693, 62
Trd, 4319285.793, 63
Trd, 4319285.843, 62
Trd, 4319286.343, 61
Trd, 4319287.343, 60
Trd, 4319288.443, 63
Trd, 4319290.143, 60
Trd, 4319290.443, 60
Trd, 4319291.593, 60
Trd, 4319294.393, 60
Trd, 4319295.743, 60
Trd, 4319295.943, 60
Trd, 4319296.193, 61
Trd, 4319296.293, 62
Trd, 4319296.643, 62
Trd, 4319296.693, 62
Trd, 4319296.943, 63
Trd, 4319297.543, 63
Trd, 4319298.943, 60
Trd, 4319299.743, 61
Trd, 4319299.993, 62
Trd, 4319300.043, 63
Trd, 4319300.193, 60
Trd, 4319301.193, 140
Trd, 4319302.893, 140
Trd, 4319303.543, 140
Trd, 4319303.643, 140
Trd, 4319305.993, 140
Trd, 4319306.293, 140
Trd, 4319306.443, 140
Trd, 4319307.543, 140
Trd, 4319307.593, 140
Trd, 4319307.743, 140
Trd, 4319307.993, 140
Trd, 4319308.493, 139
Trd, 4319309.243, 140
Trd, 4319309.443, 139
Trd, 4319309.893, 138
Trd, 4319310.143, 139
Trd, 4319311.293, 140
Trd, 4319312.393, 140
Trd, 4319314.043, 140
Trd, 4319314.493, 140
Trd, 4319315.093, 140
Trd, 4319315.243, 140
Trd, 4319316.193, 140
Trd, 4319316.543, 140
Trd, 4319316.993, 140
Trd, 4319317.443, 140
Trd, 4319318.193, 140
Trd, 4319319.243, 140
Trd, 4319319.643, 140
Trd, 4319320.493, 140
Trd, 4319320.593, 140
Trd, 4319321.543, 140
Trd, 4319322.143, 140
Trd, 4319323.493, 140
Trd, 4319324.293, 140
Trd, 4319324.593, 140
Trd, 4319324.643, 140
Trd, 4319325.393, 140
Trd, 4319326.043, 140
Trd, 4319326.093, 140
Trd, 4319327.143, 140
Trd, 4319328.443, 140
Trd, 4319328.993, 140
Trd, 4319329.343, 140
Trd, 4319329.993, 140
Trd, 4319330.893, 60
Trd, 4319331.593, 63
Trd, 4319333.643, 61
Trd, 4319335.743, 60
Trd, 4319335.893, 60
Trd, 4319336.793, 60
Trd, 4319338.193, 60
Trd, 4319338.243, 62
Trd, 4319338.543, 60
Trd, 4319338.943, 63
Trd, 4319339.143, 64
Trd, 4319339.843, 61
Trd, 4319340.743, 60
Trd, 4319340.793, 64
Trd, 4319342.693, 62
Trd, 4319343.393, 60
Trd, 4319343.893, 65
Trd, 4319344.593, 62
Trd, 4319347.193, 60
Trd, 4319347.793, 60
Trd, 4319348.093, 61
Trd, 4319348.143, 60
Trd, 4319348.393, 60
Trd, 4319349.343, 60
Trd, 4319349.443, 61
Trd, 4319349.593, 66
Trd, 4319350.643, 63
Trd, 4319351.093, 67
Trd, 4319351.843, 67
Trd, 4319352.093, 64
Trd, 4319353.093, 61
Trd, 4319354.393, 60
Trd, 4319355.943, 60
Trd, 4319357.593, 60
Trd, 4319357.793, 60
Trd, 4319360.643, 60
Trd, 4319361.093, 60
Trd, 4319361.393, 60
Trd, 4319362.593, 61
Trd, 4319362.643, 60
Trd, 4319363.193, 60
Trd, 4319363.493, 61
Trd, 4319364.293, 60
Trd, 4319364.343, 65
Trd, 4319364.593, 63
Trd, 4319365.093, 61
Trd, 4319365.993, 61
Trd, 4319366.493, 136
Trd, 4319366.993, 140
Trd, 4319367.493, 60
Trd, 4319370.043, 60
Trd, 4319370.393, 60
Trd, 4319372.393, 61
Trd, 4319373.143, 60
Trd, 4319373.343, 63
Trd, 4319373.593, 60
Trd, 4319373.793, 61
Trd, 4319373.943, 61
Trd, 4319374.693, 61
Trd, 4319375.643, 62
Trd, 4319376.343, 62
Trd, 4319376.543, 63
Trd, 4319377.343, 64
Trd, 4319377.393, 62
Trd, 4319378.093, 139
Trd, 4319378.243, 138
Trd, 4319380.093, 140
Trd, 4319380.493, 140
Trd, 4319380.693, 140
Trd, 4319381.643, 140
Trd, 4319382.093, 140
Trd, 4319382.243, 138
Trd, 4319382.593, 137
Trd, 4319383.643, 134
Trd, 4319383.743, 133
Trd, 4319385.043, 60
Trd, 4319385.093, 60
Trd, 4319386.743, 64
Trd, 4319387.743, 62
Trd, 4319390.193, 61
Trd, 4319390.243, 61
Trd, 4319391.043, 62
Trd, 4319391.643, 60
Trd, 4319392.743, 60
Trd, 4319393.193, 60
Trd, 4319393.643, 62
Trd, 4319394.043, 61
Trd, 4319394.443, 64
Trd, 4319394.693, 63
Trd, 4319394.893, 71
Trd, 4319395.393, 64
Trd, 4319395.893, 64
Trd, 4319396.743, 65
Trd, 4319396.843, 65
Trd, 4319397.143, 64
Trd, 4319397.943, 75
Trd, 4319399.593, 61
Trd, 4319401.743, 60
Trd, 4319401.793, 61
Trd, 4319405.093, 60
Trd, 4319405.393, 60
Trd, 4319405.643, 60
Trd, 4319406.243, 60
Trd, 4319406.893, 60
Trd, 4319407.293, 61
Trd, 4319407.643, 63
Trd, 4319408.343, 63
Trd, 4319408.393, 64
Trd, 4319408.793, 64
Trd, 4319408.893, 62
Trd, 4319410.043, 61
Trd, 4319411.993, 62
Trd, 4319412.193, 62
Trd, 4319413.043, 61
Trd, 4319414.093, 61
Trd, 4319415.793, 65
Trd, 4319416.043, 65
Trd, 4319418.143, 61
Trd, 4319418.493, 60
Trd, 4319418.543, 61
Trd, 4319418.743, 64
Trd, 4319418.893, 61
Trd, 4319419.543, 140
Trd, 4319419.993, 140
Trd, 4319420.943, 140
Trd, 4319421.793, 140
Trd, 4319422.193, 140
Trd, 4319423.093, 140
Trd, 4319423.393, 140
Trd, 4319424.243, 140
Trd, 4319425.243, 140
Trd, 4319425.293, 140
Trd, 4319426.093, 140
Trd, 4319427.693, 140
Trd, 4319427.743, 140
Trd, 4319428.043, 140
Trd, 4319429.193, 140
Trd, 4319429.743, 140
Trd, 4319429.993, 140
Trd, 4319430.193, 140
Trd, 4319431.993, 140
Trd, 4319432.043, 140
Trd, 4319432.493, 140
Trd, 4319433.393, 140
Trd, 4319433.443, 140
Trd, 4319434.193, 140
Trd, 4319435.793, 140
Trd, 4319435.993, 140
Trd, 4319436.443, 140
Trd, 4319437.043, 69
Trd, 4319437.743, 140
Trd, 4319438.143, 140
Trd, 4319438.943, 139
Trd, 4319439.743, 140
Trd, 4319439.943, 140
Trd, 4319440.093, 139
Trd, 4319440.293, 139
Trd, 4319441.093, 140
Trd, 4319441.893, 62
Trd, 4319442.993, 60
Trd, 4319444.993, 60
Trd, 4319446.593, 60
Trd, 4319447.093, 60
Trd, 4319447.243, 60
Trd, 4319447.443, 61
Trd, 4319447.643, 62
Trd, 4319447.743, 61
Trd, 4319447.943, 67
Trd, 4319448.993, 62
Trd, 4319450.743, 61
Trd, 4319451.393, 61
Trd, 4319451.593, 62
Trd, 4319451.843, 63
Trd, 4319451.893, 62
Trd, 4319452.143, 64
Trd, 4319453.343, 140
Trd, 4319453.493, 140
Trd, 4319453.843, 139
Trd, 4319457.993, 60
Trd, 4319458.293, 60
Trd, 4319460.293, 60
Trd, 4319460.543, 60
Trd, 4319463.443, 60
Trd, 4319463.593, 60
Trd, 4319464.243, 60
Trd, 4319464.393, 60
Trd, 4319464.443, 61
Trd, 4319465.193, 63
Trd, 4319465.293, 65
Trd, 4319466.243, 60
Trd, 4319467.043, 62
Trd, 4319467.393, 63
Trd, 4319467.843, 62
Trd, 4319468.143, 63
Trd, 4319469.793, 62
Trd, 4319471.293, 60
Trd, 4319472.043, 61
Trd, 4319473.093, 60
Trd, 4319474.843, 60
Trd, 4319475.393, 60
Trd, 4319478.043, 60
Trd, 4319478.493, 60
Trd, 4319478.693, 60
Trd, 4319479.343, 61
Trd, 4319479.893, 62
Trd, 4319480.643, 63
Trd, 4319480.793, 63
Trd, 4319481.343, 60
Trd, 4319483.293, 60
Trd, 4319485.243, 60
Trd, 4319485.493, 60
Trd, 4319487.693, 60
Trd, 4319487.993, 61
Trd, 4319488.243, 61
Trd, 4319488.293, 64
Trd, 4319488.393, 63
Trd, 4319489.393, 60
Trd, 4319489.893, 60
Trd, 4319491.243, 60
Trd, 4319492.043, 63
Trd, 4319492.843, 63
Trd, 4319492.943, 62
Trd, 4319493.343, 69
Trd, 4319493.993, 60
Trd, 4319497.693, 60
Trd, 4319498.993, 60
Trd, 4319499.293, 61
Trd, 4319500.793, 61
Trd, 4319501.293, 61
Trd, 4319501.743, 63
Trd, 4319502.143, 63
Trd, 4319502.293, 64
Trd, 4319502.743, 69
Trd, 4319502.793, 68
Trd, 4319503.343, 67
Trd, 4319503.393, 63
Trd, 4319505.593, 61
Trd, 4319505.743, 64
Trd, 4319507.143, 60
Trd, 4319508.993, 60
Trd, 4319509.193, 60
Trd, 4319510.893, 61
Trd, 4319511.243, 60
Trd, 4319511.793, 61
Trd, 4319511.893, 62
Trd, 4319513.193, 60
Trd, 4319513.943, 60
Trd, 4319515.093, 61
Trd, 4319515.393, 61
Trd, 4319515.593, 61
Trd, 4319516.093, 61
Trd, 4319516.543, 63
Trd, 4319516.893, 61
Trd, 4319518.493, 138
Trd, 4319518.693, 64
Trd, 4319519.893, 60
Trd, 4319521.343, 61
Trd, 4319521.593, 60
Trd, 4319522.893, 61
Trd, 4319523.293, 61
Trd, 4319524.993, 62
Trd, 4319525.043, 67
Trd, 4319526.443, 61
Trd, 4319526.693, 61
Trd, 4319527.643, 61
Trd, 4319528.343, 60
Trd, 4319528.543, 61
Trd, 4319529.643, 61
Trd, 4319529.843, 61
Trd, 4319532.993, 60
Trd, 4319534.643, 60
Trd, 4319535.693, 60
Trd, 4319535.743, 61
Trd, 4319536.343, 62
Trd, 4319536.493, 60
Trd, 4319536.893, 61
Trd, 4319537.093, 62
Trd, 4319537.793, 62
Trd, 4319537.893, 61
Trd, 4319538.393, 67
Trd, 4319541.093, 60
Trd, 4319542.693, 60
Trd, 4319542.993, 60
Trd, 4319543.193, 60
Trd, 4319543.893, 60
Trd, 4319545.293, 62
Trd, 4319545.793, 63
Trd, 4319545.893, 66
Trd, 4319546.093, 62
Trd, 4319546.543, 65
Trd, 4319546.793, 66
Trd, 4319547.493, 63
Trd, 4319547.593, 62
Trd, 4319548.543, 62
Trd, 4319549.343, 60
Trd, 4319551.443, 60
Trd, 4319551.743, 60
Trd, 4319555.393, 60
Trd, 4319555.643, 60
Trd, 4319555.993, 60
Trd, 4319556.243, 61
Trd, 4319556.443, 61
Trd, 4319556.843, 61
Trd, 4319556.893, 63
Trd, 4319556.993, 61
Trd, 4319557.793, 61
Trd, 4319559.743, 60
Trd, 4319560.643, 60
Trd, 4319560.793, 60
Trd, 4319562.343, 60
Trd, 4319562.643, 61
Trd, 4319564.043, 60
Trd, 4319566.243, 60
Trd, 4319566.343, 60
Trd, 4319566.893, 60
Trd, 4319567.893, 60
Trd, 4319567.943, 61
Trd, 4319568.143, 60
Trd, 4319568.393, 62
Trd, 4319568.643, 68
Trd, 4319568.743, 62
Trd, 4319570.293, 60
Trd, 4319570.393, 60
Trd, 4319571.493, 60
Trd, 4319573.943, 60
Trd, 4319574.493, 60
Trd, 4319576.843, 60
Trd, 4319577.543, 60
Trd, 4319578.693, 60
Trd, 4319578.743, 61
Trd, 4319578.793, 62
Trd, 4319579.343, 60
Trd, 4319579.543, 60
Trd, 4319579.593, 62
Trd, 4319579.743, 63
Trd, 4319580.493, 63
Trd, 4319581.243, 62
Trd, 4319582.093, 66
Trd, 4319582.243, 65
Trd, 4319582.943, 64
Trd, 4319583.443, 74
Trd, 4319584.243, 60
Trd, 4319584.843, 61
Trd, 4319588.043, 62
Trd, 4319590.893, 62
Trd, 4319591.143, 62
Trd, 4319591.443, 63
Trd, 4319591.543, 68
Trd, 4319591.743, 68
Trd, 4319592.143, 140
Trd, 4319592.693, 139
Trd, 4319592.843, 140
Trd, 4319593.893, 139
Trd, 4319593.943, 137
Trd, 4319594.493, 72
Trd, 4319595.093, 135
Trd, 4319595.843, 71
Trd, 4319596.743, 140
Trd, 4319596.843, 140
Trd, 4319597.543, 76
Trd, 4319599.093, 80
Trd, 4319599.143, 79
Trd, 4319599.543, 138
Trd, 4319599.893, 93
Trd, 4319601.993, 60
Trd, 4319603.243, 60
Trd, 4319603.743, 60
Trd, 4319604.543, 60
Trd, 4319606.593, 60
Trd, 4319606.743, 60
Trd, 4319607.093, 61
Trd, 4319607.943, 62
Trd, 4319608.493, 66
Trd, 4319609.143, 62
Trd, 4319610.593, 60
Trd, 4319610.993, 61
Trd, 4319613.543, 60
Trd, 4319614.393, 60
Trd, 4319614.593, 61
Trd, 4319615.793, 60
Trd, 4319615.993, 60
Trd, 4319616.843, 60
Trd, 4319616.893, 60
Trd, 4319617.793, 62
Trd, 4319617.993, 60
Trd, 4319618.043, 60
Trd, 4319618.243, 61
Trd, 4319619.193, 60
Trd, 4319619.443, 60
Trd, 4319620.993, 63
Trd, 4319622.443, 60
Trd, 4319622.743, 60
Trd, 4319625.193, 60
Trd, 4319626.443, 60
Trd, 4319627.093, 62
Trd, 4319627.193, 63
Trd, 4319627.393, 66
Trd, 4319627.643, 66
Trd, 4319627.743, 61
Trd, 4319628.293, 98
Trd, 4319628.443, 63
Trd, 4319628.993, 61
Trd, 4319629.743, 99
Trd, 4319630.443, 66
Trd, 4319630.743, 63
Trd, 4319631.043, 62
Trd, 4319633.243, 60
Trd, 4319633.593, 60
Trd, 4319634.393, 66
Trd, 4319635.043, 71
Trd, 4319635.493, 140
Trd, 4319635.543, 140
Trd, 4319635.643, 140
Trd, 4319637.343, 140
Trd, 4319637.493, 140
Trd, 4319637.943, 139
Trd, 4319639.443, 60
Trd, 4319641.043, 68
Trd, 4319643.493, 60
Trd, 4319644.443, 60
Trd, 4319645.393, 60
Trd, 4319646.193, 60
Trd, 4319646.893, 61
Trd, 4319647.043, 63
Trd, 4319647.243, 63
Trd, 4319648.043, 60
Trd, 4319648.243, 60
Trd, 4319648.743, 61
Trd, 4319649.093, 60
Trd, 4319649.643, 63
Trd, 4319650.143, 64
Trd, 4319650.743, 139
Trd, 4319651.093, 140
Trd, 4319651.243, 139
Trd, 4319652.593, 140
Trd, 4319652.743, 140
Trd, 4319653.343, 140
Trd, 4319653.893, 140
Trd, 4319654.043, 139
Trd, 4319654.643, 138
Trd, 4319656.343, 73
Trd, 4319657.693, 140
Trd, 4319658.243, 140
Trd, 4319658.443, 140
Trd, 4319658.793, 140
Trd, 4319658.843, 140
Trd, 4319658.993, 61
Trd, 4319660.893, 60
Trd, 4319662.493, 61
Trd, 4319662.593, 64
Trd, 4319663.443, 61
Trd, 4319664.293, 64
Trd, 4319664.643, 61
Trd, 4319664.943, 66
Trd, 4319665.293, 67
Trd, 4319666.593, 68
Trd, 4319667.193, 68
Trd, 4319667.393, 68
Trd, 4319668.343, 140
Trd, 4319669.293, 140
Trd, 4319669.693, 140
Trd, 4319670.143, 140
Trd, 4319671.343, 60
Trd, 4319673.993, 60
Trd, 4319674.043, 61
Trd, 4319674.643, 62
Trd, 4319674.693, 64
Trd, 4319677.443, 60
Trd, 4319677.543, 61
Trd, 4319677.793, 60
Trd, 4319677.943, 60
Trd, 4319678.143, 61
Trd, 4319678.443, 62
Trd, 4319679.343, 62
Trd, 4319680.943, 60
Trd, 4319682.193, 61
Trd, 4319682.293, 60
Trd, 4319682.493, 64
Trd, 4319682.693, 61
Trd, 4319683.093, 61
Trd, 4319683.843, 69
Trd, 4319684.243, 72
Trd, 4319684.643, 140
Trd, 4319684.793, 140
Trd, 4319686.693, 140
Trd, 4319686.893, 140
Trd, 4319687.443, 138
Trd, 4319687.843, 138
Trd, 4319687.943, 137
Trd, 4319689.093, 140
Trd, 4319690.193, 140
Trd, 4319691.293, 60
Trd, 4319691.693, 66
Trd, 4319692.243, 140
Trd, 4319692.843, 140
Trd, 4319692.943, 139
Trd, 4319695.943, 61
Trd, 4319696.543, 62
Trd, 4319699.193, 61
Trd, 4319699.693, 61
Trd, 4319699.743, 66
Trd, 4319700.093, 60
Trd, 4319700.493, 60
Trd, 4319701.293, 61
Trd, 4319701.393, 62
Trd, 4319701.543, 62
Trd, 4319701.993, 62
Trd, 4319703.193, 60
Trd, 4319704.643, 61
Trd, 4319704.693, 61
Trd, 4319705.193, 61
Trd, 4319707.243, 60
Trd, 4319710.643, 60
Trd, 4319710.793, 60
Trd, 4319711.343, 60
Trd, 4319711.743, 61
Trd, 4319712.343, 61
Trd, 4319713.193, 60
Trd, 4319713.393, 62
Trd, 4319713.493, 63
Trd, 4319713.693, 61
Trd, 4319714.593, 63
Trd, 4319716.043, 62
Trd, 4319716.643, 60
Trd, 4319716.893, 60
Trd, 4319717.093, 60
Trd, 4319717.993, 62
Trd, 4319721.243, 60
Trd, 4319722.193, 60
Trd, 4319722.343, 60
Trd, 4319722.843, 64
Trd, 4319723.043, 65
Trd, 4319723.393, 64
Trd, 4319724.193, 62
Trd, 4319725.093, 65
Trd, 4319725.343, 65
Trd, 4319726.093, 62
Trd, 4319726.793, 63
Trd, 4319727.793, 72
Trd, 4319730.793, 60
Trd, 4319730.993, 62
Trd, 4319733.193, 60
Trd, 4319733.543, 60
Trd, 4319734.543, 60
Trd, 4319734.843, 60
Trd, 4319734.893, 61
Trd, 4319735.143, 60
Trd, 4319735.643, 63
Trd, 4319736.293, 66
Trd, 4319736.443, 65
Trd, 4319736.593, 69
Trd, 4319736.743, 64
Trd, 4319737.693, 67
Trd, 4319739.493, 140
Trd, 4319739.843, 140
Trd, 4319739.893, 140
Trd, 4319740.793, 140
Trd, 4319741.243, 140
Trd, 4319741.543, 140
Trd, 4319741.643, 140
Trd, 4319742.993, 140
Trd, 4319744.093, 140
Trd, 4319744.843, 140
Trd, 4319745.293, 140
Trd, 4319745.593, 140
Trd, 4319746.343, 140
Trd, 4319746.493, 140
Trd, 4319747.093, 140
Trd, 4319747.443, 140
Trd, 4319749.293, 140
Trd, 4319749.743, 140
Trd, 4319750.293, 140
Trd, 4319750.343, 140
Trd, 4319750.543, 140
Trd, 4319751.143, 140
Trd, 4319751.793, 139
Trd, 4319752.193, 140
Trd, 4319754.093, 140
Trd, 4319754.143, 140
Trd, 4319754.593, 140
Trd, 4319755.043, 140
Trd, 4319755.343, 140
Trd, 4319755.693, 140
Trd, 4319756.343, 65
Trd, 4319756.993, 139
Trd, 4319757.993, 140
Trd, 4319758.043, 140
Trd, 4319759.043, 140
Trd, 4319759.743, 140
Trd, 4319760.043, 140
Trd, 4319760.993, 140
Trd, 4319761.043, 140
Trd, 4319762.293, 140
Trd, 4319763.343, 140
Trd, 4319764.843, 140
Trd, 4319765.043, 140
Trd, 4319765.693, 140
Trd, 4319765.793, 140
Trd, 4319766.793, 140
Trd, 4319766.843, 140
Trd, 4319767.193, 140
Trd, 4319768.543, 140
Trd, 4319768.793, 140
Trd, 4319769.593, 140
Trd, 4319770.343, 140
Trd, 4319770.443, 140
Trd, 4319771.593, 140
Trd, 4319772.043, 140
Trd, 4319772.793, 140
Trd, 4319774.093, 140
Trd, 4319774.493, 140
Trd, 4319775.343, 140
Trd, 4319776.243, 140
Trd, 4319776.293, 140
Trd, 4319776.993, 140
Trd, 4319777.143, 140
Trd, 4319777.393, 140
Trd, 4319778.243, 140
Trd, 4319778.693, 140
Trd, 4319779.043, 140
Trd, 4319779.743, 140
Trd, 4319779.943, 140
Trd, 4319780.443, 140
Trd, 4319781.643, 62
Trd, 4319783.093, 140
Trd, 4319783.343, 140
Trd, 4319784.493, 140
Trd, 4319784.743, 140
Trd, 4319785.593, 140
Trd, 4319785.743, 140
Trd, 4319785.993, 140
Trd, 4319786.743, 140
Trd, 4319787.543, 140
Trd, 4319788.193, 140
Trd, 4319789.343, 140
Trd, 4319790.093, 140
Trd, 4319790.743, 140
Trd, 4319792.093, 140
Trd, 4319792.193, 140
Trd, 4319792.643, 140
Trd, 4319792.943, 138
Trd, 4319795.193, 62
Trd, 4319796.193, 60
Trd, 4319797.343, 60
Trd, 4319797.643, 63
Trd, 4319799.193, 60
Trd, 4319799.293, 63
Trd, 4319799.943, 62
Trd, 4319800.043, 61
Trd, 4319800.643, 64
Trd, 4319800.743, 62
Trd, 4319800.993, 88
Trd, 4319804.143, 63
Trd, 4319805.293, 60
Trd, 4319805.793, 62
Trd, 4319807.343, 60
Trd, 4319807.793, 61
Trd, 4319808.243, 61
Trd, 4319808.943, 61
Trd, 4319809.043, 61
Trd, 4319809.193, 62
Trd, 4319809.593, 139
Trd, 4319809.693, 136
Trd, 4319811.093, 60
Trd, 4319811.243, 60
Trd, 4319811.743, 60
Trd, 4319811.793, 62
Trd, 4319812.593, 135
Trd, 4319812.943, 135
Trd, 4319813.193, 134
Trd, 4319814.543, 61
Trd, 4319815.693, 61
Trd, 4319817.243, 64
Trd, 4319818.593, 60
Trd, 4319819.093, 66
Trd, 4319820.943, 60
Trd, 4319821.293, 61
Trd, 4319822.593, 60
Trd, 4319823.343, 60
Trd, 4319823.943, 60
Trd, 4319824.243, 60
Trd, 4319824.943, 61
Trd, 4319825.393, 61
Trd, 4319825.693, 60
Trd, 4319826.543, 62
Trd, 4319827.243, 60
Trd, 4319827.693, 61
Trd, 4319830.243, 60
Trd, 4319830.793, 60
Trd, 4319831.593, 60
Trd, 4319832.743, 60
Trd, 4319834.693, 60
Trd, 4319834.743, 61
Trd, 4319835.343, 61
Trd, 4319835.443, 61
Trd, 4319835.993, 61
Trd, 4319836.093, 62
Trd, 4319836.143, 61
Trd, 4319836.393, 62
Trd, 4319837.043, 61
Trd, 4319837.443, 60
Trd, 4319838.343, 66
Trd, 4319838.993, 62
Trd, 4319840.593, 140
Trd, 4319840.693, 140
Trd, 4319841.293, 138
Trd, 4319845.343, 60
Trd, 4319846.293, 60
Trd, 4319847.493, 60
Trd, 4319848.443, 60
Trd, 4319848.493, 60
Trd, 4319848.793, 60
Trd, 4319849.343, 61
Trd, 4319849.443, 62
Trd, 4319850.093, 61
Trd, 4319850.743, 61
Trd, 4319851.943, 64
Trd, 4319852.193, 61
Trd, 4319854.243, 65
Trd, 4319855.493, 60
Trd, 4319855.643, 62
Trd, 4319856.493, 65
Trd, 4319856.543, 63
Trd, 4319857.043, 61
Trd, 4319857.243, 61
Trd, 4319857.343, 67
Trd, 4319858.043, 140
Trd, 4319858.193, 140
Trd, 4319858.843, 69
Trd, 4319859.793, 140
Trd, 4319861.043, 61
Trd, 4319863.593, 60
Trd, 4319864.743, 61
Trd, 4319865.343, 60
Trd, 4319865.993, 61
Trd, 4319866.043, 60
Trd, 4319866.893, 60
Trd, 4319867.143, 60
Trd, 4319867.193, 64
Trd, 4319868.343, 65
Trd, 4319868.393, 63
Trd, 4319868.693, 61
Trd, 4319868.943, 67
Trd, 4319869.143, 76
Trd, 4319871.393, 60
Trd, 4319871.793, 61
Trd, 4319873.043, 60
Trd, 4319873.243, 61
Trd, 4319875.343, 62
Trd, 4319875.993, 62
Trd, 4319878.443, 60
Trd, 4319878.743, 60
Trd, 4319879.193, 61
Trd, 4319879.343, 61
Trd, 4319879.843, 64
Trd, 4319879.993, 64
Trd, 4319880.043, 62
Trd, 4319880.843, 62
Trd, 4319881.393, 61
Trd, 4319881.843, 62
Trd, 4319881.993, 62
Trd, 4319884.543, 61
Trd, 4319884.893, 60
Trd, 4319886.893, 60
Trd, 4319887.343, 60
Trd, 4319889.193, 60
Trd, 4319890.293, 60
Trd, 4319890.443, 60
Trd, 4319890.893, 61
Trd, 4319891.193, 60
Trd, 4319891.793, 61
Trd, 4319892.743, 64
Trd, 4319893.293, 65
Trd, 4319893.343, 82
Trd, 4319894.093, 137
Trd, 4319894.543, 139
Trd, 4319894.693, 140
Trd, 4319895.293, 140
Trd, 4319895.993, 70
Trd, 4319897.743, 60
Trd, 4319900.143, 60
Trd, 4319902.193, 60
Trd, 4319902.593, 60
Trd, 4319902.693, 60
Trd, 4319902.993, 60
Trd, 4319903.243, 62
Trd, 4319903.343, 60
Trd, 4319903.793, 62
Trd, 4319903.893, 66
Trd, 4319904.393, 64
Trd, 4319906.893, 61
Trd, 4319908.743, 60
Trd, 4319909.643, 60
Trd, 4319911.743, 60
Trd, 4319911.843, 61
Trd, 4319912.043, 60
Trd, 4319912.593, 61
Trd, 4319912.743, 61
Trd, 4319913.093, 63
Trd, 4319913.593, 61
Trd, 4319914.093, 60
Trd, 4319914.593, 62
Trd, 4319915.443, 63
Trd, 4319915.593, 63
Trd, 4319915.743, 70
Trd, 4319916.043, 67
Trd, 4319916.693, 65
Trd, 4319917.043, 68
Trd, 4319917.143, 66
Trd, 4319919.893, 60
Trd, 4319922.793, 60
Trd, 4319923.993, 60
Trd, 4319924.143, 60
Trd, 4319925.893, 60
Trd, 4319926.793, 60
Trd, 4319926.943, 60
Trd, 4319927.293, 62
Trd, 4319927.493, 63
Trd, 4319927.543, 65
Trd, 4319927.643, 62
Trd, 4319928.843, 63
Trd, 4319930.193, 63
Trd, 4319930.493, 62
Trd, 4319931.143, 66
Trd, 4319931.793, 68
Trd, 4319932.793, 62
Trd, 4319934.043, 60
Trd, 4319937.393, 60
Trd, 4319937.693, 62
Trd, 4319938.643, 62
Trd, 4319938.993, 65
Trd, 4319940.493, 63
Trd, 4319940.743, 63
Trd, 4319940.993, 63
Trd, 4319941.143, 62
Trd, 4319941.193, 66
Trd, 4319941.743, 61
Trd, 4319941.843, 139
Trd, 4319942.343, 140
Trd, 4319943.393, 65
Trd, 4319945.893, 60
Trd, 4319945.943, 60
Trd, 4319946.543, 60
Trd, 4319948.093, 60
Trd, 4319950.543, 60
Trd, 4319950.743, 60
Trd, 4319951.193, 61
Trd, 4319951.793, 60
Trd, 4319952.393, 60
Trd, 4319953.143, 60
Trd, 4319953.293, 60
Trd, 4319954.843, 60
Trd, 4319956.143, 61
Trd, 4319956.243, 61
Trd, 4319957.193, 60
Trd, 4319960.943, 60
Trd, 4319961.643, 61
Trd, 4319962.543, 62
Trd, 4319962.693, 61
Trd, 4319962.893, 62
Trd, 4319963.193, 62
Trd, 4319963.243, 61
Trd, 4319963.343, 63
Trd, 4319963.543, 61
Trd, 4319963.893, 65
Trd, 4319965.193, 66
Trd, 4319967.343, 62
Trd, 4319967.493, 63
Trd, 4319970.393, 60
Trd, 4319972.193, 60
Trd, 4319972.393, 61
Trd, 4319972.493, 60
Trd, 4319972.793, 61
Trd, 4319973.893, 63
Trd, 4319974.243, 62
Trd, 4319974.393, 63
Trd, 4319974.543, 63
Trd, 4319974.643, 62
Trd, 4319975.443, 63
Trd, 4319975.643, 62
Trd, 4319976.143, 69
Trd, 4319977.793, 60
Trd, 4319978.493, 66
Trd, 4319979.393, 140
Trd, 4319979.493, 140
Trd, 4319979.543, 140
Trd, 4319980.143, 139
Trd, 4319980.193, 137
Trd, 4319980.643, 61
Trd, 4319982.193, 60
Trd, 4319984.243, 60
Trd, 4319985.243, 61
Trd, 4319986.393, 60
Trd, 4319986.593, 60
Trd, 4319987.393, 61
Trd, 4319987.643, 60
Trd, 4319988.993, 62
Trd, 4319989.043, 61
Trd, 4319989.743, 64
Trd, 4319990.793, 62
Trd, 4319990.943, 62
Trd, 4319991.093, 61
Trd, 4319991.193, 60
Trd, 4319991.243, 63
Trd, 4319993.693, 60
Trd, 4319995.043, 60
Trd, 4319995.543, 60
Trd, 4319995.643, 63
Trd, 4319998.493, 60
Trd, 4319999.193, 61
Trd, 4319999.243, 61
Trd, 4319999.793, 66
Trd, 4319999.893, 65
Trd, 4319999.993, 64
