Trd, 4318103.393, 140
Trd, 4318103.493, 140
Trd, 4318104.493, 140
Trd, 4318105.843, 140
Trd, 4318106.343, 140
Trd, 4318106.593, 129
Trd, 4318106.743, 125
Trd, 4318107.593, 132
Trd, 4318109.343, 139
Trd, 4318110.143, 126
Trd, 4318111.393, 140
Trd, 4318111.543, 140
Trd, 4318112.143, 140
Trd, 4318112.443, 138
Trd, 4318112.643, 100
Trd, 4318115.543, 140
Trd, 4318115.993, 140
Trd, 4318117.393, 140
Trd, 4318117.443, 140
Trd, 4318118.193, 140
Trd, 4318119.443, 140
Trd, 4318120.193, 140
Trd, 4318120.893, 140
Trd, 4318120.993, 138
Trd, 4318121.743, 140
Trd, 4318122.043, 140
Trd, 4318122.593, 133
Trd, 4318123.343, 102
Trd, 4318124.243, 109
Trd, 4318124.343, 101
Trd, 4318124.493, 100
Trd, 4318124.943, 95
Trd, 4318125.693, 61
Trd, 4318125.793, 62
Trd, 4318126.893, 66
Trd, 4318127.243, 138
Trd, 4318127.743, 62
Trd, 4318128.693, 140
Trd, 4318129.343, 140
Trd, 4318130.143, 140
Trd, 4318130.243, 140
Trd, 4318131.843, 140
Trd, 4318132.893, 140
Trd, 4318133.093, 139
Trd, 4318133.943, 140
Trd, 4318134.643, 140
Trd, 4318135.793, 140
Trd, 4318136.243, 140
Trd, 4318137.343, 140
Trd, 4318138.043, 139
Trd, 4318138.343, 140
Trd, 4318138.943, 140
Trd, 4318139.093, 140
Trd, 4318139.543, 140
Trd, 4318139.893, 139
Trd, 4318140.893, 131
Trd, 4318142.443, 140
Trd, 4318142.543, 138
Trd, 4318143.393, 137
Trd, 4318144.693, 140
Trd, 4318145.193, 140
Trd, 4318145.393, 97
Trd, 4318145.793, 137
Trd, 4318146.793, 140
Trd, 4318147.443, 136
Trd, 4318148.043, 96
Trd, 4318149.493, 140
Trd, 4318149.743, 140
Trd, 4318149.943, 138
Trd, 4318152.593, 140
Trd, 4318152.893, 140
Trd, 4318153.493, 135
Trd, 4318153.943, 138
Trd, 4318153.993, 138
Trd, 4318155.143, 129
Trd, 4318155.543, 81
Trd, 4318156.043, 140
Trd, 4318156.343, 140
Trd, 4318157.043, 140
Trd, 4318157.843, 138
Trd, 4318157.943, 100
Trd, 4318158.243, 90
Trd, 4318159.743, 67
Trd, 4318160.193, 61
Trd, 4318161.843, 140
Trd, 4318162.243, 61
Trd, 4318163.743, 60
Trd, 4318165.743, 60
Trd, 4318166.593, 60
Trd, 4318166.893, 60
Trd, 4318167.543, 60
Trd, 4318168.043, 66
Trd, 4318168.743, 60
Trd, 4318168.993, 62
Trd, 4318170.693, 123
Trd, 4318170.893, 122
Trd, 4318171.743, 81
Trd, 4318172.443, 139
Trd, 4318173.243, 120
Trd, 4318173.343, 105
Trd, 4318175.743, 140
Trd, 4318175.843, 140
Trd, 4318177.443, 140
Trd, 4318177.543, 139
Trd, 4318179.243, 140
Trd, 4318179.793, 140
Trd, 4318180.743, 140
Trd, 4318181.443, 140
Trd, 4318182.193, 140
Trd, 4318182.693, 140
Trd, 4318183.693, 140
Trd, 4318185.293, 140
Trd, 4318185.543, 140
Trd, 4318186.143, 137
Trd, 4318186.193, 136
Trd, 4318186.893, 135
Trd, 4318187.093, 95
Trd, 4318188.543, 140
Trd, 4318188.743, 140
Trd, 4318188.993, 120
Trd, 4318191.843, 140
Trd, 4318191.893, 140
Trd, 4318192.093, 140
Trd, 4318192.693, 140
Trd, 4318193.843, 138
Trd, 4318194.143, 140
Trd, 4318195.993, 140
Trd, 4318196.143, 140
Trd, 4318196.843, 140
Trd, 4318197.893, 140
Trd, 4318198.543, 140
Trd, 4318199.443, 132
Trd, 4318200.343, 138
Trd, 4318201.893, 140
Trd, 4318201.993, 132
Trd, 4318202.943, 137
Trd, 4318203.793, 128
Trd, 4318203.943, 140
Trd, 4318206.043, 133
Trd, 4318206.343, 127
Trd, 4318208.143, 140
Trd, 4318208.343, 140
Trd, 4318208.543, 139
Trd, 4318209.643, 139
Trd, 4318211.143, 140
Trd, 4318212.993, 140
Trd, 4318213.093, 140
Trd, 4318213.543, 140
Trd, 4318213.793, 136
Trd, 4318214.043, 125
Trd, 4318215.393, 140
Trd, 4318218.143, 140
Trd, 4318218.243, 140
Trd, 4318219.143, 140
Trd, 4318219.443, 139
Trd, 4318220.143, 140
Trd, 4318220.393, 139
Trd, 4318220.693, 120
Trd, 4318221.093, 140
Trd, 4318221.293, 139
Trd, 4318223.343, 121
Trd, 4318224.343, 140
Trd, 4318224.743, 97
Trd, 4318225.343, 133
Trd, 4318227.593, 140
Trd, 4318227.743, 140
Trd, 4318227.943, 140
Trd, 4318228.743, 140
Trd, 4318229.843, 140
Trd, 4318229.993, 140
Trd, 4318231.443, 140
Trd, 4318231.643, 140
Trd, 4318232.943, 140
Trd, 4318233.043, 140
Trd, 4318233.993, 139
Trd, 4318234.543, 140
Trd, 4318235.043, 137
Trd, 4318235.793, 106
Trd, 4318236.243, 101
Trd, 4318237.793, 137
Trd, 4318237.993, 80
Trd, 4318238.593, 62
Trd, 4318239.993, 140
Trd, 4318241.193, 140
Trd, 4318241.443, 140
Trd, 4318241.793, 140
Trd, 4318242.493, 140
Trd, 4318243.193, 140
Trd, 4318243.243, 140
Trd, 4318243.493, 92
Trd, 4318244.493, 72
Trd, 4318244.643, 77
Trd, 4318244.943, 121
Trd, 4318245.143, 128
Trd, 4318245.293, 129
Trd, 4318246.793, 139
Trd, 4318248.893, 140
Trd, 4318249.693, 138
Trd, 4318250.293, 139
Trd, 4318250.743, 138
Trd, 4318250.843, 137
Trd, 4318252.893, 138
Trd, 4318253.293, 140
Trd, 4318253.343, 130
Trd, 4318253.443, 129
Trd, 4318253.893, 102
Trd, 4318254.943, 140
Trd, 4318256.743, 140
Trd, 4318257.143, 73
Trd, 4318257.193, 71
Trd, 4318258.593, 140
Trd, 4318259.643, 140
Trd, 4318259.693, 140
Trd, 4318259.943, 140
Trd, 4318261.293, 140
Trd, 4318261.393, 130
Trd, 4318262.093, 113
Trd, 4318263.093, 140
Trd, 4318263.993, 140
Trd, 4318264.093, 139
Trd, 4318265.293, 140
Trd, 4318266.643, 139
Trd, 4318267.643, 140
Trd, 4318268.143, 91
Trd, 4318268.543, 80
Trd, 4318270.493, 140
Trd, 4318270.843, 140
Trd, 4318270.893, 140
Trd, 4318271.243, 139
Trd, 4318272.493, 140
Trd, 4318273.043, 140
Trd, 4318273.293, 138
Trd, 4318273.643, 139
Trd, 4318275.193, 140
Trd, 4318275.493, 140
Trd, 4318275.993, 140
Trd, 4318276.793, 134
Trd, 4318277.143, 133
Trd, 4318277.343, 131
Trd, 4318278.693, 140
Trd, 4318279.593, 140
Trd, 4318279.793, 140
Trd, 4318279.943, 140
Trd, 4318281.293, 140
Trd, 4318282.193, 140
Trd, 4318283.593, 139
Trd, 4318284.543, 140
Trd, 4318286.243, 140
Trd, 4318286.393, 138
Trd, 4318286.593, 139
Trd, 4318286.893, 139
Trd, 4318287.643, 137
Trd, 4318288.043, 138
Trd, 4318288.943, 140
Trd, 4318289.393, 140
Trd, 4318291.443, 140
Trd, 4318292.143, 140
Trd, 4318293.243, 140
Trd, 4318293.443, 140
Trd, 4318295.493, 140
Trd, 4318295.993, 140
Trd, 4318296.393, 140
Trd, 4318296.443, 140
Trd, 4318297.193, 139
Trd, 4318298.393, 140
Trd, 4318299.643, 140
Trd, 4318299.843, 138
Trd, 4318301.193, 140
Trd, 4318301.843, 140
Trd, 4318303.343, 140
Trd, 4318303.943, 140
Trd, 4318304.143, 140
Trd, 4318305.643, 139
Trd, 4318306.393, 140
Trd, 4318306.643, 140
Trd, 4318306.993, 140
Trd, 4318307.043, 140
Trd, 4318307.143, 139
Trd, 4318307.993, 139
Trd, 4318308.593, 139
Trd, 4318308.743, 138
Trd, 4318310.243, 140
Trd, 4318311.743, 140
Trd, 4318312.443, 140
Trd, 4318313.293, 139
Trd, 4318314.043, 121
Trd, 4318314.343, 92
Trd, 4318314.443, 91
Trd, 4318315.293, 140
Trd, 4318315.943, 139
Trd, 4318317.493, 140
Trd, 4318317.743, 140
Trd, 4318318.543, 140
Trd, 4318318.593, 140
Trd, 4318318.843, 137
Trd, 4318319.193, 108
Trd, 4318319.693, 72
Trd, 4318322.343, 139
Trd, 4318323.643, 140
Trd, 4318323.693, 139
Trd, 4318324.143, 140
Trd, 4318326.193, 140
Trd, 4318327.043, 140
Trd, 4318327.343, 140
Trd, 4318328.493, 140
Trd, 4318328.843, 140
Trd, 4318328.993, 140
Trd, 4318331.043, 140
Trd, 4318331.493, 140
Trd, 4318331.843, 137
Trd, 4318332.943, 140
Trd, 4318333.443, 140
Trd, 4318334.743, 69
Trd, 4318335.093, 139
Trd, 4318335.443, 140
Trd, 4318336.943, 106
Trd, 4318337.493, 95
Trd, 4318337.843, 94
Trd, 4318338.743, 140
Trd, 4318339.993, 140
Trd, 4318340.043, 139
Trd, 4318341.343, 140
Trd, 4318342.193, 139
Trd, 4318342.393, 114
Trd, 4318344.093, 140
Trd, 4318344.143, 139
Trd, 4318344.743, 129
Trd, 4318344.943, 84
Trd, 4318344.993, 82
Trd, 4318346.593, 140
Trd, 4318347.243, 140
Trd, 4318347.443, 139
Trd, 4318348.443, 140
Trd, 4318349.443, 140
Trd, 4318351.193, 140
Trd, 4318351.943, 140
Trd, 4318352.293, 140
Trd, 4318352.443, 140
Trd, 4318352.543, 140
Trd, 4318353.443, 140
Trd, 4318353.743, 140
Trd, 4318354.093, 140
Trd, 4318356.043, 140
Trd, 4318356.193, 138
Trd, 4318356.393, 122
Trd, 4318357.943, 140
Trd, 4318358.443, 140
Trd, 4318359.943, 140
Trd, 4318360.643, 140
Trd, 4318360.943, 136
Trd, 4318361.443, 99
Trd, 4318361.993, 60
Trd, 4318362.243, 61
Trd, 4318363.793, 140
Trd, 4318363.943, 139
Trd, 4318364.043, 103
Trd, 4318364.493, 120
Trd, 4318366.093, 140
Trd, 4318366.843, 140
Trd, 4318366.893, 97
Trd, 4318366.993, 94
Trd, 4318369.143, 63
Trd, 4318369.593, 96
Trd, 4318370.143, 139
Trd, 4318371.943, 138
Trd, 4318372.293, 138
Trd, 4318372.893, 140
Trd, 4318373.643, 140
Trd, 4318374.593, 140
Trd, 4318374.693, 140
Trd, 4318375.293, 128
Trd, 4318375.493, 110
Trd, 4318376.643, 140
Trd, 4318377.443, 140
Trd, 4318378.443, 140
Trd, 4318378.643, 140
Trd, 4318378.793, 126
Trd, 4318379.493, 140
Trd, 4318380.593, 138
Trd, 4318380.793, 125
Trd, 4318380.993, 96
Trd, 4318383.143, 140
Trd, 4318383.743, 140
Trd, 4318384.443, 139
Trd, 4318385.993, 140
Trd, 4318386.543, 140
Trd, 4318387.693, 137
Trd, 4318388.743, 126
Trd, 4318389.093, 136
Trd, 4318389.593, 140
Trd, 4318390.043, 138
Trd, 4318390.143, 82
Trd, 4318390.893, 140
Trd, 4318391.043, 135
Trd, 4318391.343, 122
Trd, 4318392.693, 139
Trd, 4318393.493, 60
Trd, 4318393.943, 70
Trd, 4318394.343, 71
Trd, 4318396.143, 85
Trd, 4318397.343, 86
Trd, 4318397.693, 140
Trd, 4318398.993, 140
Trd, 4318399.243, 140
Trd, 4318400.543, 139
Trd, 4318401.293, 130
Trd, 4318401.893, 115
Trd, 4318402.643, 140
Trd, 4318403.143, 124
Trd, 4318403.293, 139
Trd, 4318403.393, 120
Trd, 4318405.043, 139
Trd, 4318406.393, 120
Trd, 4318406.543, 122
Trd, 4318406.743, 121
Trd, 4318407.493, 100
Trd, 4318408.393, 63
Trd, 4318409.443, 139
Trd, 4318411.143, 140
Trd, 4318411.793, 140
Trd, 4318412.043, 140
Trd, 4318412.293, 138
Trd, 4318413.193, 99
Trd, 4318413.543, 137
Trd, 4318415.543, 140
Trd, 4318416.843, 140
Trd, 4318418.093, 140
Trd, 4318418.143, 140
Trd, 4318418.293, 140
Trd, 4318418.843, 140
Trd, 4318420.493, 140
Trd, 4318420.743, 140
Trd, 4318421.543, 140
Trd, 4318421.993, 140
Trd, 4318422.243, 139
Trd, 4318422.843, 140
Trd, 4318424.693, 140
Trd, 4318424.843, 140
Trd, 4318424.893, 139
Trd, 4318425.793, 140
Trd, 4318426.693, 140
Trd, 4318428.393, 140
Trd, 4318428.593, 140
Trd, 4318428.893, 140
Trd, 4318429.593, 118
Trd, 4318429.643, 116
Trd, 4318431.893, 140
Trd, 4318432.193, 140
Trd, 4318433.243, 140
Trd, 4318435.693, 140
Trd, 4318435.893, 140
Trd, 4318436.993, 140
Trd, 4318437.543, 140
Trd, 4318438.093, 140
Trd, 4318439.543, 140
Trd, 4318439.993, 140
Trd, 4318440.443, 140
Trd, 4318440.493, 139
Trd, 4318440.943, 135
Trd, 4318441.093, 117
Trd, 4318441.943, 117
Trd, 4318442.843, 117
Trd, 4318444.643, 139
Trd, 4318445.093, 140
Trd, 4318445.293, 135
Trd, 4318445.693, 134
Trd, 4318446.943, 104
Trd, 4318447.193, 138
Trd, 4318447.443, 99
Trd, 4318447.493, 80
Trd, 4318450.343, 140
Trd, 4318451.593, 140
Trd, 4318452.493, 140
Trd, 4318452.693, 140
Trd, 4318454.443, 140
Trd, 4318455.793, 140
Trd, 4318455.843, 140
Trd, 4318455.943, 140
Trd, 4318456.293, 140
Trd, 4318457.493, 140
Trd, 4318460.993, 140
Trd, 4318461.793, 140
Trd, 4318462.043, 140
Trd, 4318462.793, 140
Trd, 4318463.343, 138
Trd, 4318464.793, 140
Trd, 4318464.893, 140
Trd, 4318466.043, 140
Trd, 4318466.193, 140
Trd, 4318466.893, 140
Trd, 4318468.893, 140
Trd, 4318468.993, 140
Trd, 4318469.043, 137
Trd, 4318470.093, 138
Trd, 4318470.493, 133
Trd, 4318471.093, 139
Trd, 4318471.593, 139
Trd, 4318472.243, 94
Trd, 4318472.593, 91
Trd, 4318472.643, 85
Trd, 4318474.293, 140
Trd, 4318474.493, 139
Trd, 4318476.343, 140
Trd, 4318476.643, 140
Trd, 4318478.343, 140
Trd, 4318478.793, 140
Trd, 4318480.393, 140
Trd, 4318480.893, 140
Trd, 4318482.343, 140
Trd, 4318483.343, 140
Trd, 4318483.493, 139
Trd, 4318483.543, 122
Trd, 4318484.143, 80
Trd, 4318484.543, 140
Trd, 4318485.843, 140
Trd, 4318486.993, 140
Trd, 4318487.943, 140
Trd, 4318488.093, 140
Trd, 4318491.093, 140
Trd, 4318491.593, 140
Trd, 4318493.543, 140
Trd, 4318495.693, 140
Trd, 4318495.843, 140
Trd, 4318496.393, 140
Trd, 4318496.993, 140
Trd, 4318497.143, 138
Trd, 4318498.193, 140
Trd, 4318498.743, 140
Trd, 4318499.143, 140
Trd, 4318499.743, 140
Trd, 4318499.893, 138
Trd, 4318499.943, 127
Trd, 4318501.393, 140
Trd, 4318501.943, 140
Trd, 4318503.243, 140
Trd, 4318504.743, 140
Trd, 4318504.893, 140
Trd, 4318505.393, 139
Trd, 4318505.743, 137
Trd, 4318506.343, 68
Trd, 4318506.943, 70
Trd, 4318507.043, 129
Trd, 4318508.093, 60
Trd, 4318508.593, 77
Trd, 4318509.093, 115
Trd, 4318509.743, 140
Trd, 4318510.193, 140
Trd, 4318510.393, 77
Trd, 4318511.493, 61
Trd, 4318513.293, 140
Trd, 4318513.343, 140
Trd, 4318514.943, 140
Trd, 4318515.093, 140
Trd, 4318515.293, 138
Trd, 4318516.343, 138
Trd, 4318517.143, 140
Trd, 4318518.443, 138
Trd, 4318518.993, 140
Trd, 4318519.493, 140
Trd, 4318520.243, 140
Trd, 4318521.093, 140
Trd, 4318521.443, 100
Trd, 4318522.143, 86
Trd, 4318523.943, 140
Trd, 4318524.793, 140
Trd, 4318525.043, 98
Trd, 4318526.543, 140
Trd, 4318526.993, 140
Trd, 4318527.093, 140
Trd, 4318528.693, 139
Trd, 4318529.343, 140
Trd, 4318530.493, 140
Trd, 4318531.143, 140
Trd, 4318531.693, 140
Trd, 4318532.493, 140
Trd, 4318532.743, 140
Trd, 4318533.393, 139
Trd, 4318533.993, 118
Trd, 4318536.143, 140
Trd, 4318536.443, 138
Trd, 4318536.743, 140
Trd, 4318537.393, 136
Trd, 4318537.443, 118
Trd, 4318537.543, 97
Trd, 4318541.593, 140
Trd, 4318542.293, 140
Trd, 4318542.993, 140
Trd, 4318543.493, 140
Trd, 4318543.743, 140
Trd, 4318544.343, 92
Trd, 4318545.493, 75
Trd, 4318546.543, 100
Trd, 4318546.993, 140
Trd, 4318547.743, 66
Trd, 4318548.243, 81
Trd, 4318549.243, 137
Trd, 4318549.493, 96
Trd, 4318549.943, 140
Trd, 4318550.293, 140
Trd, 4318550.643, 140
Trd, 4318551.293, 140
Trd, 4318552.093, 140
Trd, 4318552.443, 140
Trd, 4318552.493, 136
Trd, 4318553.343, 76
Trd, 4318554.993, 118
Trd, 4318555.943, 140
Trd, 4318556.493, 133
Trd, 4318558.093, 140
Trd, 4318558.493, 140
Trd, 4318558.793, 138
Trd, 4318560.093, 140
Trd, 4318561.143, 140
Trd, 4318561.193, 140
Trd, 4318561.943, 140
Trd, 4318562.343, 140
Trd, 4318563.293, 128
Trd, 4318564.543, 102
Trd, 4318566.143, 140
Trd, 4318566.293, 140
Trd, 4318567.043, 140
Trd, 4318567.693, 139
Trd, 4318567.893, 138
Trd, 4318568.193, 132
Trd, 4318568.393, 101
Trd, 4318569.843, 140
Trd, 4318570.993, 140
Trd, 4318571.943, 140
Trd, 4318572.493, 140
Trd, 4318572.693, 138
Trd, 4318574.043, 128
Trd, 4318575.343, 131
Trd, 4318575.493, 131
Trd, 4318575.843, 137
Trd, 4318576.293, 136
Trd, 4318576.993, 140
Trd, 4318577.343, 96
Trd, 4318578.643, 86
Trd, 4318580.193, 140
Trd, 4318581.693, 140
Trd, 4318582.043, 140
Trd, 4318582.093, 140
Trd, 4318583.093, 140
Trd, 4318583.343, 139
Trd, 4318584.643, 140
Trd, 4318585.243, 139
Trd, 4318585.543, 136
Trd, 4318586.993, 86
Trd, 4318587.093, 139
Trd, 4318587.843, 137
Trd, 4318587.943, 101
Trd, 4318588.543, 140
Trd, 4318589.693, 139
Trd, 4318590.593, 140
Trd, 4318592.443, 140
Trd, 4318592.743, 140
Trd, 4318593.543, 140
Trd, 4318594.343, 140
Trd, 4318594.493, 139
Trd, 4318594.793, 133
Trd, 4318595.393, 126
Trd, 4318597.143, 140
Trd, 4318597.443, 136
Trd, 4318599.643, 140
Trd, 4318599.843, 140
Trd, 4318599.943, 140
Trd, 4318601.943, 140
Trd, 4318602.093, 140
Trd, 4318602.143, 139
Trd, 4318603.193, 139
Trd, 4318604.693, 140
Trd, 4318605.643, 140
Trd, 4318606.893, 140
Trd, 4318607.043, 139
Trd, 4318607.893, 140
Trd, 4318608.193, 140
Trd, 4318608.393, 136
Trd, 4318609.443, 137
Trd, 4318610.943, 140
Trd, 4318613.193, 140
Trd, 4318613.593, 140
Trd, 4318614.293, 138
Trd, 4318614.843, 140
Trd, 4318616.043, 140
Trd, 4318616.093, 139
Trd, 4318617.093, 139
Trd, 4318617.593, 112
Trd, 4318617.643, 111
Trd, 4318618.693, 97
Trd, 4318619.743, 140
Trd, 4318621.193, 140
Trd, 4318621.493, 140
Trd, 4318622.543, 140
Trd, 4318623.543, 138
Trd, 4318624.593, 140
Trd, 4318625.643, 140
Trd, 4318626.843, 140
Trd, 4318627.143, 140
Trd, 4318627.543, 140
Trd, 4318628.393, 140
Trd, 4318628.443, 137
Trd, 4318628.743, 125
Trd, 4318630.793, 140
Trd, 4318630.943, 140
Trd, 4318632.443, 140
Trd, 4318633.393, 140
Trd, 4318633.543, 140
Trd, 4318633.993, 140
Trd, 4318634.593, 140
Trd, 4318634.793, 126
Trd, 4318635.243, 140
Trd, 4318635.643, 140
Trd, 4318636.043, 123
Trd, 4318636.443, 116
Trd, 4318637.693, 140
Trd, 4318637.743, 140
Trd, 4318638.743, 133
Trd, 4318638.793, 100
Trd, 4318639.643, 127
Trd, 4318641.493, 140
Trd, 4318641.643, 140
Trd, 4318642.043, 140
Trd, 4318642.543, 140
Trd, 4318643.243, 140
Trd, 4318643.693, 140
Trd, 4318645.193, 140
Trd, 4318646.743, 140
Trd, 4318647.743, 140
Trd, 4318648.943, 140
Trd, 4318649.043, 140
Trd, 4318650.143, 140
Trd, 4318650.193, 135
Trd, 4318650.743, 125
Trd, 4318651.393, 140
Trd, 4318651.743, 139
Trd, 4318651.943, 115
Trd, 4318652.493, 94
Trd, 4318654.093, 140
Trd, 4318654.443, 140
Trd, 4318654.693, 140
Trd, 4318654.793, 82
Trd, 4318656.793, 136
Trd, 4318657.043, 136
Trd, 4318657.393, 138
Trd, 4318658.343, 138
Trd, 4318660.093, 140
Trd, 4318660.443, 140
Trd, 4318661.143, 140
Trd, 4318661.343, 140
Trd, 4318661.693, 138
Trd, 4318662.543, 140
Trd, 4318663.993, 119
Trd, 4318664.243, 118
Trd, 4318665.393, 140
Trd, 4318667.943, 140
Trd, 4318668.593, 140
Trd, 4318668.893, 140
Trd, 4318669.443, 140
Trd, 4318670.143, 140
Trd, 4318670.493, 139
Trd, 4318671.793, 140
Trd, 4318672.693, 140
Trd, 4318672.743, 140
Trd, 4318673.743, 139
Trd, 4318674.393, 140
Trd, 4318676.243, 140
Trd, 4318676.943, 120
Trd, 4318677.393, 61
Trd, 4318677.993, 64
Trd, 4318678.593, 93
Trd, 4318679.093, 140
Trd, 4318680.093, 115
Trd, 4318681.193, 140
Trd, 4318681.993, 67
Trd, 4318682.443, 138
Trd, 4318683.643, 63
Trd, 4318684.043, 102
Trd, 4318684.343, 140
Trd, 4318685.993, 90
Trd, 4318686.643, 105
Trd, 4318687.243, 68
Trd, 4318687.543, 67
Trd, 4318688.943, 68
Trd, 4318689.143, 62
Trd, 4318690.343, 140
Trd, 4318690.843, 140
Trd, 4318691.043, 140
Trd, 4318691.193, 92
Trd, 4318692.493, 135
Trd, 4318692.543, 98
Trd, 4318693.093, 138
Trd, 4318695.793, 140
Trd, 4318696.043, 140
Trd, 4318697.393, 140
Trd, 4318698.043, 140
Trd, 4318698.393, 140
Trd, 4318699.393, 140
Trd, 4318699.793, 136
Trd, 4318700.243, 140
Trd, 4318700.843, 83
Trd, 4318701.293, 140
Trd, 4318701.893, 82
Trd, 4318704.293, 140
Trd, 4318705.593, 140
Trd, 4318706.093, 140
Trd, 4318706.343, 139
Trd, 4318706.793, 138
Trd, 4318707.543, 140
Trd, 4318708.743, 140
Trd, 4318710.093, 140
Trd, 4318710.693, 140
Trd, 4318711.293, 140
Trd, 4318711.743, 140
Trd, 4318712.443, 138
Trd, 4318713.543, 120
Trd, 4318714.293, 70
Trd, 4318715.193, 140
Trd, 4318715.543, 140
Trd, 4318715.643, 87
Trd, 4318717.143, 140
Trd, 4318719.143, 60
Trd, 4318719.293, 60
Trd, 4318719.643, 60
Trd, 4318719.943, 60
Trd, 4318720.443, 62
Trd, 4318722.343, 64
Trd, 4318722.743, 62
Trd, 4318723.343, 135
Trd, 4318724.493, 68
Trd, 4318724.943, 138
Trd, 4318725.193, 140
Trd, 4318725.693, 72
Trd, 4318728.093, 79
Trd, 4318728.143, 78
Trd, 4318729.243, 140
Trd, 4318729.693, 140
Trd, 4318729.743, 140
Trd, 4318729.843, 139
Trd, 4318730.543, 140
Trd, 4318731.643, 139
Trd, 4318733.443, 140
Trd, 4318733.493, 140
Trd, 4318735.343, 140
Trd, 4318735.393, 140
Trd, 4318735.643, 140
Trd, 4318735.843, 138
Trd, 4318736.593, 119
Trd, 4318737.793, 140
Trd, 4318738.393, 140
Trd, 4318739.243, 140
Trd, 4318739.593, 139
Trd, 4318740.443, 140
Trd, 4318742.243, 140
Trd, 4318742.693, 140
Trd, 4318742.893, 138
Trd, 4318743.193, 139
Trd, 4318744.443, 135
Trd, 4318745.293, 137
Trd, 4318745.393, 134
Trd, 4318747.343, 140
Trd, 4318747.393, 140
Trd, 4318748.043, 140
Trd, 4318748.093, 140
Trd, 4318748.493, 140
Trd, 4318748.943, 140
Trd, 4318750.893, 140
Trd, 4318751.043, 140
Trd, 4318751.243, 134
Trd, 4318751.293, 92
Trd, 4318751.643, 78
Trd, 4318752.943, 140
Trd, 4318753.493, 125
Trd, 4318755.043, 140
Trd, 4318755.293, 140
Trd, 4318758.143, 140
Trd, 4318758.393, 140
Trd, 4318758.693, 140
Trd, 4318759.193, 131
Trd, 4318760.343, 126
Trd, 4318761.343, 140
Trd, 4318761.593, 140
Trd, 4318762.943, 140
Trd, 4318763.893, 140
Trd, 4318764.343, 140
Trd, 4318764.893, 139
Trd, 4318766.793, 140
Trd, 4318767.093, 140
Trd, 4318768.943, 140
Trd, 4318769.493, 140
Trd, 4318769.543, 140
Trd, 4318769.693, 98
Trd, 4318770.843, 140
Trd, 4318770.993, 139
Trd, 4318771.693, 140
Trd, 4318773.643, 140
Trd, 4318774.293, 120
Trd, 4318774.743, 138
Trd, 4318775.993, 139
Trd, 4318776.143, 139
Trd, 4318776.343, 138
Trd, 4318776.593, 130
Trd, 4318776.993, 130
Trd, 4318777.793, 93
Trd, 4318779.243, 140
Trd, 4318779.543, 139
Trd, 4318780.393, 140
Trd, 4318780.693, 122
Trd, 4318780.793, 103
Trd, 4318781.693, 60
Trd, 4318782.243, 140
Trd, 4318783.043, 92
Trd, 4318783.643, 61
Trd, 4318784.143, 64
Trd, 4318784.893, 139
Trd, 4318786.193, 140
Trd, 4318786.243, 139
Trd, 4318786.343, 110
Trd, 4318787.493, 63
Trd, 4318787.993, 61
Trd, 4318788.343, 64
Trd, 4318789.443, 140
Trd, 4318789.593, 140
Trd, 4318790.693, 140
Trd, 4318791.343, 140
Trd, 4318791.443, 139
Trd, 4318793.193, 140
Trd, 4318793.643, 140
Trd, 4318793.693, 140
Trd, 4318793.793, 79
Trd, 4318794.943, 140
Trd, 4318795.093, 140
Trd, 4318796.143, 109
Trd, 4318796.493, 99
Trd, 4318796.843, 125
Trd, 4318797.493, 98
Trd, 4318798.993, 140
Trd, 4318799.343, 140
Trd, 4318800.743, 140
Trd, 4318800.793, 139
Trd, 4318801.093, 136
Trd, 4318801.393, 98
Trd, 4318801.943, 118
Trd, 4318802.893, 95
Trd, 4318803.393, 132
Trd, 4318804.593, 140
Trd, 4318805.693, 140
Trd, 4318805.943, 140
Trd, 4318807.493, 140
Trd, 4318807.893, 140
Trd, 4318808.043, 137
Trd, 4318809.143, 140
Trd, 4318810.143, 140
Trd, 4318812.443, 140
Trd, 4318812.743, 140
Trd, 4318813.093, 140
Trd, 4318813.543, 140
Trd, 4318814.643, 140
Trd, 4318814.793, 140
Trd, 4318815.093, 139
Trd, 4318815.843, 106
Trd, 4318815.993, 105
Trd, 4318816.293, 92
Trd, 4318816.793, 140
Trd, 4318817.243, 140
Trd, 4318818.993, 140
Trd, 4318819.043, 140
Trd, 4318820.043, 140
Trd, 4318820.393, 135
Trd, 4318822.693, 140
Trd, 4318822.793, 136
Trd, 4318822.993, 102
Trd, 4318823.493, 139
Trd, 4318825.893, 140
Trd, 4318826.493, 140
Trd, 4318826.693, 140
Trd, 4318826.893, 140
Trd, 4318827.293, 105
Trd, 4318827.643, 140
Trd, 4318829.643, 140
Trd, 4318830.743, 140
Trd, 4318830.793, 117
Trd, 4318831.593, 136
Trd, 4318831.943, 91
Trd, 4318832.643, 140
Trd, 4318833.993, 140
Trd, 4318834.093, 120
Trd, 4318835.443, 114
Trd, 4318836.043, 60
Trd, 4318836.543, 124
Trd, 4318836.793, 108
Trd, 4318838.943, 61
Trd, 4318839.243, 60
Trd, 4318839.493, 61
Trd, 4318839.543, 62
Trd, 4318840.243, 62
Trd, 4318841.893, 102
Trd, 4318842.543, 101
Trd, 4318842.793, 104
Trd, 4318843.293, 140
Trd, 4318844.943, 134
Trd, 4318845.693, 133
Trd, 4318845.943, 94
Trd, 4318846.193, 61
Trd, 4318847.843, 138
Trd, 4318848.243, 139
Trd, 4318848.993, 140
Trd, 4318849.293, 140
Trd, 4318850.693, 140
Trd, 4318851.243, 140
Trd, 4318851.543, 140
Trd, 4318852.743, 88
Trd, 4318853.043, 86
Trd, 4318853.843, 98
Trd, 4318854.043, 85
Trd, 4318854.693, 112
Trd, 4318854.943, 122
Trd, 4318855.593, 140
Trd, 4318858.193, 140
Trd, 4318858.343, 140
Trd, 4318859.543, 140
Trd, 4318859.643, 139
Trd, 4318860.193, 140
Trd, 4318860.593, 139
Trd, 4318861.343, 87
Trd, 4318862.393, 140
Trd, 4318863.393, 140
Trd, 4318864.143, 137
Trd, 4318864.393, 137
Trd, 4318864.443, 136
Trd, 4318864.593, 74
Trd, 4318866.893, 62
Trd, 4318866.943, 65
Trd, 4318867.693, 76
Trd, 4318867.793, 103
Trd, 4318868.743, 140
Trd, 4318869.543, 140
Trd, 4318869.693, 101
Trd, 4318870.393, 139
Trd, 4318871.893, 80
Trd, 4318872.143, 61
Trd, 4318874.893, 140
Trd, 4318875.243, 137
Trd, 4318876.543, 140
Trd, 4318877.343, 140
Trd, 4318877.393, 140
Trd, 4318878.443, 140
Trd, 4318879.093, 140
Trd, 4318879.743, 120
Trd, 4318879.993, 139
Trd, 4318880.093, 108
Trd, 4318880.293, 99
Trd, 4318880.843, 68
Trd, 4318881.243, 139
Trd, 4318883.243, 63
Trd, 4318884.093, 140
Trd, 4318886.143, 140
Trd, 4318886.293, 140
Trd, 4318886.743, 138
Trd, 4318887.143, 136
Trd, 4318888.543, 140
Trd, 4318889.593, 140
Trd, 4318891.093, 140
Trd, 4318891.143, 140
Trd, 4318892.393, 140
Trd, 4318892.593, 140
Trd, 4318892.743, 140
Trd, 4318893.143, 140
Trd, 4318893.843, 140
Trd, 4318894.193, 109
Trd, 4318895.843, 139
Trd, 4318896.093, 119
Trd, 4318897.043, 140
Trd, 4318897.993, 140
Trd, 4318898.293, 140
Trd, 4318898.743, 140
Trd, 4318899.143, 140
Trd, 4318899.543, 140
Trd, 4318900.143, 133
Trd, 4318900.993, 84
Trd, 4318901.643, 139
Trd, 4318902.193, 127
Trd, 4318903.493, 140
Trd, 4318903.643, 139
Trd, 4318903.893, 121
Trd, 4318904.843, 140
Trd, 4318906.243, 138
Trd, 4318906.893, 140
Trd, 4318908.593, 140
Trd, 4318909.743, 140
Trd, 4318911.493, 140
Trd, 4318911.843, 140
Trd, 4318911.993, 138
Trd, 4318912.443, 137
Trd, 4318912.793, 121
Trd, 4318913.193, 140
Trd, 4318913.493, 140
Trd, 4318914.793, 140
Trd, 4318915.593, 140
Trd, 4318916.193, 140
Trd, 4318917.343, 139
Trd, 4318917.543, 138
Trd, 4318917.793, 64
Trd, 4318918.743, 62
Trd, 4318921.993, 139
Trd, 4318922.193, 140
Trd, 4318923.293, 139
Trd, 4318924.343, 140
Trd, 4318925.043, 140
Trd, 4318925.193, 138
Trd, 4318925.293, 136
Trd, 4318925.443, 99
Trd, 4318927.143, 140
Trd, 4318927.193, 138
Trd, 4318927.393, 136
Trd, 4318929.093, 92
Trd, 4318929.593, 134
Trd, 4318929.893, 82
Trd, 4318930.743, 140
Trd, 4318931.093, 140
Trd, 4318931.593, 140
Trd, 4318932.643, 140
Trd, 4318932.893, 140
Trd, 4318932.993, 140
Trd, 4318933.193, 140
Trd, 4318936.143, 140
Trd, 4318936.593, 140
Trd, 4318936.943, 140
Trd, 4318938.393, 140
Trd, 4318940.243, 140
Trd, 4318940.293, 140
Trd, 4318941.193, 140
Trd, 4318941.893, 140
Trd, 4318942.343, 140
Trd, 4318943.193, 140
Trd, 4318944.293, 140
Trd, 4318945.043, 140
Trd, 4318945.293, 140
Trd, 4318946.243, 122
Trd, 4318947.043, 139
Trd, 4318947.993, 112
Trd, 4318948.493, 140
Trd, 4318948.943, 140
Trd, 4318949.193, 140
Trd, 4318950.693, 140
Trd, 4318951.493, 139
Trd, 4318951.943, 120
Trd, 4318952.993, 60
Trd, 4318954.293, 62
Trd, 4318954.893, 63
Trd, 4318954.993, 66
Trd, 4318956.493, 140
Trd, 4318956.843, 140
Trd, 4318957.593, 140
Trd, 4318958.743, 140
Trd, 4318958.793, 140
Trd, 4318959.693, 140
Trd, 4318960.043, 139
Trd, 4318960.293, 138
Trd, 4318962.343, 140
Trd, 4318962.393, 136
Trd, 4318962.743, 133
Trd, 4318962.993, 64
Trd, 4318964.243, 140
Trd, 4318965.993, 140
Trd, 4318966.993, 140
Trd, 4318967.143, 140
Trd, 4318968.793, 140
Trd, 4318968.843, 140
Trd, 4318969.343, 137
Trd, 4318969.493, 135
Trd, 4318970.193, 99
Trd, 4318972.143, 140
Trd, 4318972.543, 140
Trd, 4318973.143, 139
Trd, 4318974.743, 140
Trd, 4318974.793, 140
Trd, 4318976.043, 140
Trd, 4318976.393, 140
Trd, 4318977.193, 100
Trd, 4318977.543, 121
Trd, 4318977.793, 122
Trd, 4318978.593, 140
Trd, 4318978.793, 117
Trd, 4318979.193, 101
Trd, 4318980.993, 140
Trd, 4318981.843, 140
Trd, 4318982.493, 139
Trd, 4318983.493, 138
Trd, 4318984.293, 139
Trd, 4318984.493, 132
Trd, 4318984.593, 105
Trd, 4318986.093, 140
Trd, 4318986.343, 140
Trd, 4318988.593, 140
Trd, 4318989.343, 140
Trd, 4318990.243, 140
Trd, 4318990.893, 140
Trd, 4318991.193, 140
Trd, 4318992.143, 140
Trd, 4318992.243, 140
Trd, 4318993.543, 137
Trd, 4318994.043, 140
Trd, 4318994.743, 63
Trd, 4318995.793, 66
Trd, 4318996.793, 140
Trd, 4318996.843, 140
Trd, 4318997.743, 139
Trd, 4318998.193, 138
Trd, 4318998.243, 111
Trd, 4318999.243, 118
Trd, 4318999.443, 125
Trd, 4319001.243, 139
Trd, 4319002.243, 140
Trd, 4319002.943, 140
Trd, 4319004.643, 140
Trd, 4319004.993, 140
Trd, 4319005.543, 140
Trd, 4319006.343, 140
Trd, 4319006.443, 140
Trd, 4319006.793, 140
Trd, 4319006.893, 140
Trd, 4319007.293, 134
Trd, 4319008.043, 138
Trd, 4319009.543, 139
Trd, 4319009.693, 133
Trd, 4319011.293, 140
Trd, 4319011.443, 140
Trd, 4319012.843, 140
Trd, 4319014.043, 139
Trd, 4319016.393, 140
Trd, 4319016.743, 140
Trd, 4319017.143, 140
Trd, 4319017.643, 140
Trd, 4319018.193, 140
Trd, 4319018.243, 140
Trd, 4319019.543, 140
Trd, 4319020.843, 140
Trd, 4319021.343, 139
Trd, 4319021.493, 123
Trd, 4319022.493, 140
Trd, 4319024.243, 140
Trd, 4319024.543, 140
Trd, 4319025.543, 139
Trd, 4319025.943, 139
Trd, 4319026.843, 90
Trd, 4319027.593, 109
Trd, 4319028.593, 140
Trd, 4319030.893, 140
Trd, 4319031.093, 140
Trd, 4319031.193, 140
Trd, 4319031.543, 140
Trd, 4319032.093, 140
Trd, 4319032.793, 140
Trd, 4319033.393, 140
Trd, 4319034.793, 140
Trd, 4319035.443, 140
Trd, 4319036.293, 101
Trd, 4319036.443, 140
Trd, 4319036.943, 138
Trd, 4319039.843, 140
Trd, 4319040.443, 140
Trd, 4319040.493, 140
Trd, 4319041.493, 140
Trd, 4319042.693, 140
Trd, 4319042.843, 140
Trd, 4319042.893, 139
Trd, 4319043.043, 139
Trd, 4319043.293, 125
Trd, 4319045.993, 140
Trd, 4319046.093, 140
Trd, 4319047.943, 140
Trd, 4319048.593, 140
Trd, 4319049.043, 140
Trd, 4319050.243, 140
Trd, 4319050.743, 140
Trd, 4319050.893, 140
Trd, 4319050.943, 140
Trd, 4319052.143, 140
Trd, 4319052.343, 137
Trd, 4319054.093, 97
Trd, 4319054.343, 118
Trd, 4319055.243, 140
Trd, 4319055.893, 140
Trd, 4319057.243, 139
Trd, 4319057.993, 127
Trd, 4319059.593, 118
Trd, 4319060.593, 140
Trd, 4319060.843, 140
Trd, 4319061.443, 140
Trd, 4319062.793, 140
Trd, 4319066.143, 140
Trd, 4319066.493, 140
Trd, 4319066.593, 140
Trd, 4319067.143, 140
Trd, 4319067.193, 140
Trd, 4319067.493, 139
Trd, 4319068.343, 140
Trd, 4319069.493, 78
Trd, 4319070.243, 60
Trd, 4319070.393, 62
Trd, 4319071.043, 61
Trd, 4319073.093, 60
Trd, 4319073.693, 63
Trd, 4319074.593, 61
Trd, 4319075.043, 60
Trd, 4319076.143, 62
Trd, 4319077.543, 60
Trd, 4319077.893, 60
Trd, 4319078.443, 62
Trd, 4319079.293, 140
Trd, 4319079.643, 140
Trd, 4319081.293, 140
Trd, 4319082.443, 140
Trd, 4319082.493, 140
Trd, 4319082.743, 140
Trd, 4319083.293, 140
Trd, 4319086.243, 140
Trd, 4319086.693, 140
Trd, 4319086.993, 140
Trd, 4319087.193, 140
Trd, 4319088.993, 140
Trd, 4319089.493, 140
Trd, 4319090.793, 140
Trd, 4319092.143, 140
Trd, 4319092.343, 140
Trd, 4319092.843, 140
Trd, 4319093.143, 140
Trd, 4319094.543, 140
Trd, 4319096.243, 139
Trd, 4319096.743, 140
Trd, 4319096.943, 139
Trd, 4319097.643, 140
Trd, 4319097.743, 140
Trd, 4319099.693, 139
Trd, 4319100.343, 140
Trd, 4319100.943, 140
Trd, 4319100.993, 140
Trd, 4319101.693, 136
Trd, 4319102.093, 132
Trd, 4319102.493, 115
Trd, 4319104.443, 140
Trd, 4319105.043, 81
Trd, 4319106.343, 60
Trd, 4319107.443, 60
Trd, 4319107.643, 60
Trd, 4319107.843, 63
Trd, 4319108.643, 137
Trd, 4319109.343, 140
Trd, 4319109.693, 140
Trd, 4319110.193, 140
Trd, 4319110.543, 90
Trd, 4319111.393, 140
Trd, 4319111.693, 140
Trd, 4319112.343, 140
Trd, 4319113.243, 139
Trd, 4319113.343, 122
Trd, 4319114.143, 119
Trd, 4319116.593, 140
Trd, 4319117.993, 140
Trd, 4319118.143, 139
Trd, 4319118.443, 140
Trd, 4319118.743, 140
Trd, 4319119.493, 140
Trd, 4319120.093, 140
Trd, 4319120.243, 139
Trd, 4319120.893, 140
Trd, 4319122.243, 139
Trd, 4319122.493, 107
Trd, 4319123.243, 140
Trd, 4319123.343, 138
Trd, 4319124.243, 140
Trd, 4319125.543, 140
Trd, 4319126.843, 122
Trd, 4319127.143, 121
Trd, 4319127.593, 105
Trd, 4319128.893, 140
Trd, 4319129.743, 140
Trd, 4319130.193, 140
Trd, 4319130.543, 72
Trd, 4319130.993, 75
Trd, 4319132.193, 140
Trd, 4319132.593, 140
Trd, 4319134.043, 140
Trd, 4319135.893, 140
Trd, 4319137.593, 140
Trd, 4319137.993, 140
Trd, 4319138.243, 140
Trd, 4319138.743, 140
Trd, 4319139.443, 139
Trd, 4319139.593, 138
Trd, 4319141.493, 140
Trd, 4319141.743, 140
Trd, 4319142.243, 140
Trd, 4319142.943, 140
Trd, 4319144.143, 140
Trd, 4319144.393, 140
Trd, 4319145.643, 140
Trd, 4319145.693, 139
Trd, 4319146.193, 140
Trd, 4319148.293, 140
Trd, 4319148.743, 140
Trd, 4319148.843, 109
Trd, 4319148.943, 91
Trd, 4319151.143, 140
Trd, 4319151.443, 140
Trd, 4319151.943, 140
Trd, 4319152.593, 140
Trd, 4319152.693, 140
Trd, 4319153.193, 140
Trd, 4319153.543, 140
Trd, 4319154.943, 140
Trd, 4319156.443, 140
Trd, 4319157.243, 140
Trd, 4319157.893, 140
Trd, 4319158.393, 140
Trd, 4319159.043, 139
Trd, 4319159.893, 115
Trd, 4319160.293, 133
Trd, 4319162.193, 140
Trd, 4319162.593, 140
Trd, 4319162.893, 140
Trd, 4319163.493, 139
Trd, 4319164.193, 138
Trd, 4319164.443, 135
Trd, 4319165.143, 140
Trd, 4319165.993, 137
Trd, 4319167.343, 138
Trd, 4319167.543, 137
Trd, 4319168.043, 134
Trd, 4319169.493, 138
Trd, 4319170.093, 117
Trd, 4319170.443, 79
Trd, 4319170.493, 118
Trd, 4319171.443, 140
Trd, 4319171.943, 140
Trd, 4319173.293, 140
Trd, 4319173.343, 140
Trd, 4319174.593, 140
Trd, 4319175.443, 132
Trd, 4319175.493, 107
Trd, 4319175.793, 88
Trd, 4319177.793, 140
Trd, 4319178.443, 140
Trd, 4319178.793, 140
Trd, 4319179.243, 140
Trd, 4319179.693, 140
Trd, 4319181.793, 140
Trd, 4319183.543, 140
Trd, 4319183.693, 140
Trd, 4319184.793, 140
Trd, 4319185.343, 140
Trd, 4319185.443, 140
Trd, 4319185.493, 140
Trd, 4319185.693, 102
Trd, 4319187.243, 115
Trd, 4319187.943, 136
Trd, 4319188.443, 110
Trd, 4319190.593, 140
Trd, 4319190.743, 140
Trd, 4319191.143, 140
Trd, 4319191.943, 140
Trd, 4319192.243, 140
Trd, 4319193.243, 140
Trd, 4319194.243, 140
Trd, 4319194.643, 140
Trd, 4319195.393, 140
Trd, 4319196.643, 139
Trd, 4319196.843, 125
Trd, 4319197.193, 124
Trd, 4319198.643, 140
Trd, 4319199.193, 140
Trd, 4319201.043, 140
Trd, 4319201.743, 140
Trd, 4319201.843, 140
Trd, 4319201.893, 140
Trd, 4319203.893, 140
Trd, 4319204.293, 140
Trd, 4319204.843, 140
Trd, 4319206.043, 139
Trd, 4319206.893, 138
Trd, 4319208.043, 140
Trd, 4319208.643, 140
Trd, 4319208.693, 140
Trd, 4319208.993, 140
Trd, 4319209.243, 140
Trd, 4319209.993, 138
Trd, 4319210.093, 92
Trd, 4319211.093, 78
Trd, 4319212.493, 140
Trd, 4319212.943, 140
Trd, 4319214.243, 102
Trd, 4319214.293, 117
Trd, 4319214.493, 140
Trd, 4319214.893, 97
Trd, 4319215.743, 96
Trd, 4319216.043, 138
Trd, 4319217.743, 140
Trd, 4319219.743, 140
Trd, 4319219.993, 140
Trd, 4319220.293, 138
Trd, 4319220.693, 138
Trd, 4319223.343, 140
Trd, 4319223.493, 140
Trd, 4319225.293, 140
Trd, 4319226.443, 140
Trd, 4319226.893, 140
Trd, 4319227.293, 140
Trd, 4319227.343, 140
Trd, 4319228.343, 140
Trd, 4319229.743, 140
Trd, 4319230.043, 140
Trd, 4319230.243, 140
Trd, 4319230.593, 139
Trd, 4319231.543, 132
Trd, 4319231.943, 120
Trd, 4319232.493, 140
Trd, 4319233.143, 140
Trd, 4319234.093, 140
Trd, 4319235.443, 138
Trd, 4319235.693, 140
Trd, 4319237.393, 140
Trd, 4319238.093, 140
Trd, 4319238.993, 140
Trd, 4319239.543, 140
Trd, 4319240.943, 140
Trd, 4319241.393, 140
Trd, 4319241.493, 139
Trd, 4319242.493, 139
Trd, 4319242.943, 116
Trd, 4319243.093, 140
Trd, 4319243.693, 115
Trd, 4319244.043, 95
Trd, 4319245.493, 140
Trd, 4319245.893, 140
Trd, 4319246.993, 140
Trd, 4319247.243, 139
Trd, 4319247.343, 137
Trd, 4319250.243, 140
Trd, 4319250.443, 140
Trd, 4319251.543, 140
Trd, 4319253.043, 140
Trd, 4319253.143, 140
Trd, 4319253.743, 140
Trd, 4319254.293, 140
Trd, 4319254.693, 140
Trd, 4319255.443, 140
Trd, 4319255.843, 140
Trd, 4319256.243, 139
Trd, 4319256.793, 127
Trd, 4319258.343, 60
Trd, 4319258.493, 63
Trd, 4319259.593, 69
Trd, 4319260.543, 72
Trd, 4319261.993, 140
Trd, 4319263.443, 140
Trd, 4319263.493, 140
Trd, 4319263.893, 139
Trd, 4319264.493, 140
Trd, 4319265.743, 140
Trd, 4319265.893, 139
Trd, 4319267.693, 140
Trd, 4319267.743, 140
Trd, 4319267.893, 127
Trd, 4319268.093, 139
Trd, 4319269.093, 139
Trd, 4319270.243, 140
Trd, 4319270.843, 140
Trd, 4319271.193, 140
Trd, 4319272.143, 140
Trd, 4319273.143, 139
Trd, 4319273.343, 121
Trd, 4319273.443, 105
Trd, 4319274.993, 115
Trd, 4319275.293, 136
Trd, 4319276.793, 61
Trd, 4319277.693, 60
Trd, 4319278.343, 139
Trd, 4319278.693, 135
Trd, 4319279.143, 140
Trd, 4319281.043, 140
Trd, 4319282.143, 140
Trd, 4319282.343, 140
Trd, 4319283.143, 140
Trd, 4319283.693, 140
Trd, 4319284.643, 140
Trd, 4319284.843, 140
Trd, 4319285.493, 138
Trd, 4319286.843, 139
Trd, 4319288.893, 140
Trd, 4319289.243, 139
Trd, 4319289.293, 139
Trd, 4319289.743, 139
Trd, 4319289.943, 102
Trd, 4319291.193, 140
Trd, 4319293.393, 140
Trd, 4319293.693, 140
Trd, 4319294.193, 139
Trd, 4319295.393, 138
Trd, 4319295.843, 140
Trd, 4319296.443, 140
Trd, 4319297.193, 140
Trd, 4319297.593, 140
Trd, 4319297.793, 140
Trd, 4319298.593, 139
Trd, 4319298.743, 83
Trd, 4319299.743, 61
Trd, 4319299.793, 75
Trd, 4319300.693, 72
Trd, 4319300.943, 65
Trd, 4319303.643, 140
Trd, 4319303.743, 140
Trd, 4319304.843, 140
Trd, 4319304.993, 140
Trd, 4319305.243, 140
Trd, 4319306.743, 140
Trd, 4319307.493, 140
Trd, 4319308.093, 140
Trd, 4319309.093, 121
Trd, 4319309.343, 120
Trd, 4319309.543, 110
Trd, 4319310.593, 140
Trd, 4319311.143, 140
Trd, 4319311.493, 140
Trd, 4319311.593, 140
Trd, 4319311.993, 139
Trd, 4319312.693, 138
Trd, 4319313.993, 140
Trd, 4319314.493, 140
Trd, 4319314.793, 134
Trd, 4319315.643, 140
Trd, 4319315.893, 139
Trd, 4319316.093, 86
Trd, 4319318.393, 140
Trd, 4319318.993, 112
Trd, 4319320.543, 135
Trd, 4319320.643, 134
Trd, 4319321.143, 136
Trd, 4319321.793, 140
Trd, 4319322.243, 140
Trd, 4319323.043, 138
Trd, 4319323.143, 137
Trd, 4319323.243, 112
Trd, 4319325.493, 140
Trd, 4319325.593, 136
Trd, 4319326.393, 139
Trd, 4319326.643, 137
Trd, 4319327.443, 140
Trd, 4319328.093, 140
Trd, 4319329.593, 140
Trd, 4319329.793, 140
Trd, 4319331.243, 140
Trd, 4319331.393, 140
Trd, 4319333.443, 140
Trd, 4319333.643, 140
Trd, 4319335.993, 140
Trd, 4319336.043, 140
Trd, 4319336.093, 140
Trd, 4319336.693, 83
Trd, 4319336.893, 126
Trd, 4319337.493, 127
Trd, 4319337.743, 76
Trd, 4319339.343, 140
Trd, 4319339.693, 119
Trd, 4319339.843, 140
Trd, 4319339.993, 118
Trd, 4319342.343, 140
Trd, 4319342.693, 140
Trd, 4319343.693, 140
Trd, 4319344.793, 140
Trd, 4319344.993, 140
Trd, 4319345.143, 140
Trd, 4319345.293, 121
Trd, 4319346.043, 119
Trd, 4319347.243, 140
Trd, 4319348.093, 140
Trd, 4319348.893, 140
Trd, 4319349.093, 140
Trd, 4319350.143, 140
Trd, 4319350.293, 140
Trd, 4319350.593, 140
Trd, 4319351.293, 140
Trd, 4319352.493, 140
Trd, 4319352.593, 140
Trd, 4319353.443, 140
Trd, 4319355.593, 140
Trd, 4319356.343, 140
Trd, 4319357.243, 140
Trd, 4319358.193, 140
Trd, 4319358.393, 140
Trd, 4319358.693, 138
Trd, 4319358.993, 117
Trd, 4319360.043, 82
Trd, 4319360.493, 111
Trd, 4319363.093, 140
Trd, 4319364.993, 140
Trd, 4319365.593, 140
Trd, 4319365.993, 140
Trd, 4319366.543, 140
Trd, 4319367.093, 140
Trd, 4319368.493, 140
Trd, 4319368.993, 140
Trd, 4319369.193, 139
Trd, 4319370.543, 140
Trd, 4319370.743, 130
Trd, 4319371.143, 135
Trd, 4319371.593, 128
Trd, 4319373.043, 140
Trd, 4319373.193, 140
Trd, 4319373.393, 140
Trd, 4319374.943, 140
Trd, 4319375.293, 140
Trd, 4319376.143, 140
Trd, 4319376.593, 140
Trd, 4319376.643, 140
Trd, 4319376.843, 139
Trd, 4319376.943, 139
Trd, 4319377.493, 105
Trd, 4319378.243, 136
Trd, 4319381.143, 140
Trd, 4319381.793, 140
Trd, 4319382.043, 140
Trd, 4319382.643, 140
Trd, 4319382.793, 134
Trd, 4319383.143, 67
Trd, 4319383.493, 112
Trd, 4319383.793, 140
Trd, 4319384.593, 140
Trd, 4319384.993, 140
Trd, 4319387.193, 140
Trd, 4319387.243, 140
Trd, 4319387.543, 140
Trd, 4319388.243, 139
Trd, 4319388.393, 138
Trd, 4319390.493, 118
Trd, 4319391.193, 118
Trd, 4319392.193, 138
Trd, 4319392.393, 138
Trd, 4319392.443, 91
Trd, 4319393.043, 140
Trd, 4319393.193, 140
Trd, 4319394.993, 140
Trd, 4319395.193, 140
Trd, 4319395.343, 138
Trd, 4319396.043, 60
Trd, 4319396.193, 128
Trd, 4319397.193, 63
Trd, 4319399.243, 140
Trd, 4319399.493, 139
Trd, 4319401.093, 140
Trd, 4319401.193, 140
Trd, 4319402.093, 140
Trd, 4319402.393, 140
Trd, 4319403.243, 140
Trd, 4319404.093, 140
Trd, 4319404.993, 140
Trd, 4319406.893, 140
Trd, 4319407.093, 140
Trd, 4319407.293, 140
Trd, 4319407.693, 140
Trd, 4319408.143, 139
Trd, 4319408.593, 122
Trd, 4319410.193, 140
Trd, 4319410.793, 140
Trd, 4319411.193, 140
Trd, 4319411.643, 140
Trd, 4319412.843, 140
Trd, 4319414.343, 140
Trd, 4319414.493, 140
Trd, 4319414.643, 140
Trd, 4319415.243, 140
Trd, 4319416.043, 135
Trd, 4319417.393, 140
Trd, 4319417.593, 140
Trd, 4319418.993, 140
Trd, 4319419.143, 140
Trd, 4319419.993, 137
Trd, 4319420.143, 93
Trd, 4319420.993, 88
Trd, 4319421.793, 65
Trd, 4319421.893, 67
Trd, 4319422.443, 62
Trd, 4319423.043, 60
Trd, 4319423.843, 63
Trd, 4319424.643, 65
Trd, 4319424.793, 69
Trd, 4319426.243, 70
Trd, 4319426.793, 140
Trd, 4319427.043, 136
Trd, 4319428.243, 140
Trd, 4319429.443, 140
Trd, 4319429.793, 140
Trd, 4319430.343, 139
Trd, 4319430.493, 136
Trd, 4319430.543, 93
Trd, 4319431.843, 62
Trd, 4319432.143, 60
Trd, 4319432.543, 140
Trd, 4319434.093, 140
Trd, 4319434.243, 140
Trd, 4319434.543, 140
Trd, 4319435.743, 140
Trd, 4319436.293, 140
Trd, 4319437.593, 140
Trd, 4319438.143, 140
Trd, 4319438.893, 140
Trd, 4319439.693, 140
Trd, 4319440.893, 140
Trd, 4319440.943, 140
Trd, 4319441.193, 140
Trd, 4319441.243, 140
Trd, 4319441.293, 139
Trd, 4319441.693, 139
Trd, 4319442.743, 140
Trd, 4319443.743, 135
Trd, 4319445.343, 140
Trd, 4319445.593, 140
Trd, 4319446.093, 139
Trd, 4319447.593, 140
Trd, 4319448.043, 140
Trd, 4319448.543, 140
Trd, 4319449.393, 140
Trd, 4319450.243, 139
Trd, 4319450.943, 140
Trd, 4319452.293, 139
Trd, 4319452.593, 67
Trd, 4319454.593, 140
Trd, 4319455.043, 140
Trd, 4319455.643, 140
Trd, 4319455.943, 140
Trd, 4319456.543, 139
Trd, 4319457.043, 119
Trd, 4319457.543, 140
Trd, 4319458.393, 139
Trd, 4319458.443, 108
Trd, 4319460.443, 106
Trd, 4319460.693, 105
Trd, 4319461.343, 103
Trd, 4319462.443, 140
Trd, 4319462.493, 140
Trd, 4319465.243, 140
Trd, 4319466.243, 140
Trd, 4319466.393, 140
Trd, 4319466.943, 140
Trd, 4319467.393, 140
Trd, 4319468.393, 139
Trd, 4319468.543, 139
Trd, 4319468.593, 101
Trd, 4319468.843, 118
Trd, 4319472.193, 140
Trd, 4319472.343, 140
Trd, 4319473.293, 140
Trd, 4319473.543, 140
Trd, 4319473.993, 140
Trd, 4319474.143, 122
Trd, 4319474.893, 140
Trd, 4319477.343, 140
Trd, 4319477.693, 140
Trd, 4319478.643, 138
Trd, 4319478.893, 106
Trd, 4319479.993, 140
Trd, 4319480.293, 139
Trd, 4319481.093, 140
Trd, 4319482.343, 140
Trd, 4319482.843, 140
Trd, 4319482.993, 135
Trd, 4319483.143, 86
Trd, 4319484.843, 140
Trd, 4319485.143, 140
Trd, 4319485.993, 140
Trd, 4319487.543, 140
Trd, 4319488.093, 140
Trd, 4319488.593, 140
Trd, 4319489.443, 140
Trd, 4319489.493, 139
Trd, 4319489.643, 136
Trd, 4319490.343, 139
Trd, 4319490.843, 124
Trd, 4319491.443, 140
Trd, 4319492.343, 139
Trd, 4319493.243, 119
Trd, 4319493.743, 137
Trd, 4319494.293, 125
Trd, 4319495.693, 140
Trd, 4319495.843, 139
Trd, 4319496.143, 122
Trd, 4319498.193, 140
Trd, 4319499.293, 140
Trd, 4319500.243, 140
Trd, 4319501.143, 140
Trd, 4319501.193, 140
Trd, 4319501.493, 140
Trd, 4319502.843, 140
Trd, 4319504.043, 140
Trd, 4319506.743, 140
Trd, 4319506.943, 140
Trd, 4319508.693, 140
Trd, 4319509.143, 140
Trd, 4319509.743, 140
Trd, 4319510.843, 140
Trd, 4319511.393, 140
Trd, 4319511.943, 138
Trd, 4319512.643, 140
Trd, 4319512.993, 140
Trd, 4319513.093, 140
Trd, 4319514.293, 139
Trd, 4319514.643, 138
Trd, 4319515.393, 137
Trd, 4319515.993, 140
Trd, 4319516.193, 137
Trd, 4319517.193, 140
Trd, 4319517.343, 140
Trd, 4319517.843, 140
Trd, 4319518.093, 129
Trd, 4319518.443, 92
Trd, 4319519.293, 138
Trd, 4319520.443, 139
Trd, 4319522.643, 98
Trd, 4319523.593, 140
Trd, 4319524.093, 140
Trd, 4319524.343, 139
Trd, 4319524.743, 139
Trd, 4319525.793, 140
Trd, 4319526.543, 137
Trd, 4319527.393, 139
Trd, 4319527.543, 135
Trd, 4319529.093, 140
Trd, 4319530.093, 112
Trd, 4319530.293, 111
Trd, 4319530.443, 105
Trd, 4319531.243, 132
Trd, 4319532.193, 139
Trd, 4319532.993, 140
Trd, 4319533.943, 129
Trd, 4319535.293, 140
Trd, 4319535.693, 140
Trd, 4319536.643, 140
Trd, 4319537.293, 140
Trd, 4319538.893, 98
Trd, 4319539.393, 140
Trd, 4319539.643, 96
Trd, 4319540.343, 140
Trd, 4319540.793, 137
Trd, 4319541.543, 140
Trd, 4319543.793, 140
Trd, 4319543.843, 140
Trd, 4319545.443, 140
Trd, 4319546.393, 140
Trd, 4319546.593, 140
Trd, 4319546.693, 140
Trd, 4319546.743, 138
Trd, 4319549.143, 140
Trd, 4319549.693, 140
Trd, 4319549.893, 140
Trd, 4319550.193, 136
Trd, 4319550.443, 135
Trd, 4319550.893, 99
Trd, 4319551.293, 138
Trd, 4319553.443, 140
Trd, 4319554.843, 105
Trd, 4319555.993, 140
Trd, 4319556.043, 140
Trd, 4319556.543, 102
Trd, 4319558.393, 140
Trd, 4319559.093, 139
Trd, 4319559.293, 135
Trd, 4319559.743, 140
Trd, 4319560.593, 138
Trd, 4319560.693, 136
Trd, 4319561.443, 112
Trd, 4319562.693, 140
Trd, 4319562.743, 140
Trd, 4319564.193, 63
Trd, 4319564.243, 73
Trd, 4319564.543, 61
Trd, 4319564.993, 126
Trd, 4319566.343, 65
Trd, 4319567.193, 122
Trd, 4319567.743, 80
Trd, 4319569.693, 70
Trd, 4319569.843, 71
Trd, 4319571.443, 113
Trd, 4319571.893, 79
Trd, 4319572.943, 105
Trd, 4319574.193, 79
Trd, 4319574.543, 140
Trd, 4319574.693, 86
Trd, 4319574.793, 78
Trd, 4319575.243, 139
Trd, 4319576.243, 140
Trd, 4319576.443, 139
Trd, 4319577.393, 138
Trd, 4319578.243, 139
Trd, 4319580.343, 140
Trd, 4319580.443, 140
Trd, 4319580.493, 139
Trd, 4319582.393, 140
Trd, 4319582.593, 140
Trd, 4319582.643, 138
Trd, 4319585.093, 140
Trd, 4319585.343, 140
Trd, 4319585.943, 140
Trd, 4319587.093, 140
Trd, 4319587.293, 140
Trd, 4319587.993, 140
Trd, 4319588.693, 140
Trd, 4319589.393, 139
Trd, 4319590.643, 140
Trd, 4319590.843, 140
Trd, 4319592.443, 140
Trd, 4319592.893, 140
Trd, 4319594.093, 140
Trd, 4319594.793, 140
Trd, 4319595.393, 140
Trd, 4319596.543, 139
Trd, 4319597.393, 140
Trd, 4319598.193, 140
Trd, 4319599.193, 140
Trd, 4319599.893, 140
Trd, 4319601.393, 140
Trd, 4319602.143, 139
Trd, 4319602.343, 138
Trd, 4319602.493, 136
Trd, 4319602.693, 132
Trd, 4319603.693, 140
Trd, 4319603.893, 138
Trd, 4319604.643, 139
Trd, 4319605.243, 140
Trd, 4319606.493, 140
Trd, 4319607.293, 140
Trd, 4319609.693, 140
Trd, 4319609.993, 140
Trd, 4319610.343, 139
Trd, 4319612.443, 140
Trd, 4319612.593, 140
Trd, 4319613.043, 140
Trd, 4319613.843, 140
Trd, 4319614.143, 140
Trd, 4319614.193, 116
Trd, 4319614.343, 140
Trd, 4319614.743, 60
Trd, 4319615.543, 111
Trd, 4319616.193, 62
Trd, 4319616.743, 140
Trd, 4319618.743, 140
Trd, 4319619.393, 140
Trd, 4319619.743, 140
Trd, 4319620.993, 140
Trd, 4319621.343, 139
Trd, 4319622.293, 118
Trd, 4319624.543, 140
Trd, 4319625.143, 140
Trd, 4319625.643, 140
Trd, 4319626.193, 140
Trd, 4319627.393, 140
Trd, 4319629.043, 140
Trd, 4319629.993, 140
Trd, 4319630.893, 140
Trd, 4319631.243, 140
Trd, 4319631.343, 136
Trd, 4319631.393, 97
Trd, 4319631.993, 106
Trd, 4319632.443, 106
Trd, 4319634.693, 139
Trd, 4319634.843, 92
Trd, 4319636.143, 66
Trd, 4319636.893, 67
Trd, 4319637.743, 110
Trd, 4319639.293, 60
Trd, 4319639.693, 63
Trd, 4319640.043, 70
Trd, 4319641.643, 77
Trd, 4319641.943, 70
Trd, 4319642.093, 68
Trd, 4319642.793, 78
Trd, 4319643.243, 140
Trd, 4319643.293, 139
Trd, 4319643.543, 70
Trd, 4319644.943, 61
Trd, 4319645.943, 137
Trd, 4319646.193, 117
Trd, 4319646.743, 137
Trd, 4319647.143, 139
Trd, 4319648.093, 114
Trd, 4319648.693, 114
Trd, 4319650.043, 80
Trd, 4319650.193, 139
Trd, 4319650.543, 140
Trd, 4319651.443, 140
Trd, 4319651.743, 120
Trd, 4319653.043, 140
Trd, 4319653.793, 138
Trd, 4319653.893, 137
Trd, 4319654.943, 140
Trd, 4319657.543, 140
Trd, 4319657.693, 140
Trd, 4319657.793, 140
Trd, 4319658.343, 139
Trd, 4319658.893, 112
Trd, 4319660.893, 140
Trd, 4319661.643, 140
Trd, 4319662.143, 116
Trd, 4319662.943, 139
Trd, 4319663.493, 136
Trd, 4319664.043, 140
Trd, 4319664.093, 125
Trd, 4319665.843, 140
Trd, 4319666.593, 137
Trd, 4319666.743, 137
Trd, 4319668.093, 116
Trd, 4319668.393, 116
Trd, 4319668.843, 112
Trd, 4319669.593, 66
Trd, 4319671.193, 140
Trd, 4319671.543, 138
Trd, 4319672.243, 140
Trd, 4319672.493, 140
Trd, 4319672.843, 111
Trd, 4319674.193, 140
Trd, 4319674.743, 110
Trd, 4319676.493, 137
Trd, 4319676.693, 139
Trd, 4319677.693, 129
Trd, 4319678.693, 140
Trd, 4319680.043, 140
Trd, 4319680.993, 140
Trd, 4319681.193, 139
Trd, 4319682.893, 140
Trd, 4319683.043, 140
Trd, 4319683.893, 140
Trd, 4319685.143, 140
Trd, 4319685.393, 140
Trd, 4319686.043, 140
Trd, 4319686.643, 139
Trd, 4319688.243, 138
Trd, 4319688.693, 138
Trd, 4319689.443, 140
Trd, 4319690.343, 130
Trd, 4319691.343, 139
Trd, 4319692.593, 134
Trd, 4319692.943, 86
Trd, 4319693.093, 80
Trd, 4319693.593, 139
Trd, 4319694.593, 140
Trd, 4319694.643, 140
Trd, 4319695.793, 61
Trd, 4319696.743, 64
Trd, 4319696.843, 140
Trd, 4319697.593, 89
Trd, 4319698.293, 129
Trd, 4319698.593, 121
Trd, 4319699.193, 140
Trd, 4319699.993, 105
Trd, 4319700.193, 109
Trd, 4319702.793, 140
Trd, 4319703.393, 140
Trd, 4319703.893, 140
Trd, 4319703.943, 139
Trd, 4319705.743, 137
Trd, 4319705.943, 136
Trd, 4319706.193, 137
Trd, 4319706.293, 128
Trd, 4319707.143, 136
Trd, 4319707.293, 110
Trd, 4319709.143, 140
Trd, 4319709.393, 140
Trd, 4319709.843, 140
Trd, 4319710.943, 140
Trd, 4319711.143, 139
Trd, 4319711.693, 140
Trd, 4319711.843, 140
Trd, 4319713.743, 140
Trd, 4319714.193, 140
Trd, 4319714.693, 139
Trd, 4319715.093, 96
Trd, 4319715.743, 115
Trd, 4319716.143, 78
Trd, 4319716.243, 116
Trd, 4319718.193, 116
Trd, 4319718.493, 90
Trd, 4319718.743, 91
Trd, 4319720.243, 140
Trd, 4319720.543, 108
Trd, 4319720.943, 118
Trd, 4319721.193, 112
Trd, 4319722.343, 140
Trd, 4319722.843, 140
Trd, 4319723.593, 128
Trd, 4319724.843, 140
Trd, 4319725.493, 140
Trd, 4319727.193, 140
Trd, 4319727.893, 140
Trd, 4319728.743, 140
Trd, 4319729.443, 138
Trd, 4319729.493, 136
Trd, 4319730.543, 140
Trd, 4319730.793, 140
Trd, 4319730.893, 139
Trd, 4319731.593, 140
Trd, 4319732.993, 132
Trd, 4319733.193, 131
Trd, 4319733.593, 140
Trd, 4319734.893, 140
Trd, 4319735.243, 139
Trd, 4319735.593, 140
Trd, 4319735.693, 138
Trd, 4319736.543, 138
Trd, 4319737.593, 132
Trd, 4319737.843, 131
Trd, 4319739.993, 140
Trd, 4319740.893, 140
Trd, 4319740.993, 140
Trd, 4319742.443, 140
Trd, 4319742.643, 140
Trd, 4319742.843, 139
Trd, 4319743.693, 101
Trd, 4319743.893, 75
Trd, 4319744.993, 73
Trd, 4319745.543, 136
Trd, 4319746.393, 90
Trd, 4319746.693, 140
Trd, 4319746.743, 140
Trd, 4319749.643, 140
Trd, 4319749.693, 139
Trd, 4319749.943, 140
Trd, 4319750.543, 138
Trd, 4319750.743, 137
Trd, 4319751.293, 140
Trd, 4319751.493, 139
Trd, 4319754.843, 137
Trd, 4319755.643, 138
Trd, 4319755.693, 136
Trd, 4319755.743, 112
Trd, 4319756.693, 140
Trd, 4319757.343, 140
Trd, 4319758.443, 140
Trd, 4319759.893, 140
Trd, 4319761.343, 140
Trd, 4319761.593, 140
Trd, 4319762.993, 140
Trd, 4319763.393, 139
Trd, 4319763.693, 138
Trd, 4319765.443, 140
Trd, 4319765.843, 140
Trd, 4319766.693, 140
Trd, 4319767.893, 135
Trd, 4319769.043, 138
Trd, 4319769.393, 138
Trd, 4319770.193, 138
Trd, 4319771.143, 140
Trd, 4319771.343, 140
Trd, 4319771.943, 140
Trd, 4319772.393, 127
Trd, 4319772.443, 139
Trd, 4319772.843, 119
Trd, 4319773.693, 132
Trd, 4319774.593, 140
Trd, 4319775.093, 140
Trd, 4319776.193, 124
Trd, 4319776.293, 92
Trd, 4319777.393, 60
Trd, 4319777.793, 67
Trd, 4319777.993, 81
Trd, 4319778.493, 139
Trd, 4319779.293, 75
Trd, 4319780.843, 138
Trd, 4319781.693, 139
Trd, 4319783.143, 140
Trd, 4319783.243, 111
Trd, 4319783.443, 102
Trd, 4319783.943, 140
Trd, 4319783.993, 140
Trd, 4319784.143, 140
Trd, 4319785.993, 140
Trd, 4319786.893, 140
Trd, 4319789.543, 140
Trd, 4319789.593, 140
Trd, 4319790.193, 140
Trd, 4319790.393, 140
Trd, 4319790.793, 118
Trd, 4319791.343, 107
Trd, 4319791.393, 114
Trd, 4319791.543, 115
Trd, 4319791.993, 78
Trd, 4319792.693, 100
Trd, 4319793.393, 60
Trd, 4319795.043, 60
Trd, 4319795.743, 62
Trd, 4319795.843, 63
Trd, 4319796.493, 64
Trd, 4319796.843, 69
Trd, 4319797.943, 140
Trd, 4319799.593, 126
Trd, 4319800.843, 140
Trd, 4319801.493, 140
Trd, 4319801.543, 135
Trd, 4319802.193, 96
Trd, 4319802.343, 140
Trd, 4319803.743, 140
Trd, 4319803.793, 140
Trd, 4319803.943, 140
Trd, 4319805.843, 139
Trd, 4319806.043, 138
Trd, 4319806.343, 99
Trd, 4319806.493, 85
Trd, 4319806.693, 103
Trd, 4319806.943, 104
Trd, 4319807.743, 61
Trd, 4319808.143, 65
Trd, 4319809.793, 97
Trd, 4319810.943, 139
Trd, 4319811.193, 139
Trd, 4319812.193, 138
Trd, 4319812.793, 137
Trd, 4319813.693, 140
Trd, 4319814.343, 136
Trd, 4319814.893, 134
Trd, 4319815.643, 109
Trd, 4319816.493, 140
Trd, 4319817.243, 139
Trd, 4319817.343, 110
Trd, 4319817.643, 140
Trd, 4319817.943, 108
Trd, 4319819.793, 109
Trd, 4319819.993, 127
Trd, 4319821.143, 139
Trd, 4319821.943, 111
Trd, 4319822.093, 76
Trd, 4319823.693, 137
Trd, 4319824.893, 139
Trd, 4319825.343, 140
Trd, 4319827.143, 140
Trd, 4319827.893, 140
Trd, 4319828.143, 140
Trd, 4319828.293, 140
Trd, 4319828.493, 140
Trd, 4319829.793, 140
Trd, 4319829.843, 140
Trd, 4319832.693, 140
Trd, 4319832.843, 140
Trd, 4319835.443, 140
Trd, 4319836.093, 140
Trd, 4319837.043, 140
Trd, 4319838.493, 140
Trd, 4319838.643, 140
Trd, 4319838.693, 140
Trd, 4319839.893, 140
Trd, 4319840.893, 140
Trd, 4319841.993, 140
Trd, 4319842.493, 140
Trd, 4319843.043, 140
Trd, 4319843.143, 140
Trd, 4319843.343, 116
Trd, 4319843.793, 110
Trd, 4319844.143, 95
Trd, 4319845.043, 140
Trd, 4319845.493, 140
Trd, 4319847.343, 140
Trd, 4319847.993, 140
Trd, 4319848.093, 138
Trd, 4319848.493, 140
Trd, 4319848.993, 138
Trd, 4319849.943, 140
Trd, 4319851.243, 138
Trd, 4319853.093, 140
Trd, 4319853.193, 140
Trd, 4319853.243, 138
Trd, 4319854.293, 139
Trd, 4319854.443, 138
Trd, 4319854.943, 134
Trd, 4319856.743, 136
Trd, 4319857.943, 136
Trd, 4319860.293, 139
Trd, 4319860.693, 139
Trd, 4319860.793, 140
Trd, 4319861.543, 140
Trd, 4319861.893, 140
Trd, 4319863.443, 140
Trd, 4319863.543, 139
Trd, 4319863.643, 97
Trd, 4319865.393, 139
Trd, 4319866.293, 115
Trd, 4319867.243, 138
Trd, 4319867.693, 140
Trd, 4319868.043, 140
Trd, 4319869.343, 140
Trd, 4319869.743, 140
Trd, 4319871.693, 140
Trd, 4319871.793, 140
Trd, 4319871.893, 140
Trd, 4319872.343, 140
Trd, 4319872.993, 128
Trd, 4319873.893, 140
Trd, 4319874.793, 126
Trd, 4319875.443, 140
Trd, 4319875.593, 95
Trd, 4319876.043, 63
Trd, 4319876.693, 66
Trd, 4319876.893, 68
Trd, 4319878.893, 140
Trd, 4319879.593, 140
Trd, 4319879.843, 140
Trd, 4319880.243, 140
Trd, 4319880.693, 140
Trd, 4319881.543, 140
Trd, 4319883.093, 140
Trd, 4319883.293, 140
Trd, 4319884.493, 140
Trd, 4319884.843, 105
Trd, 4319885.243, 109
Trd, 4319887.093, 140
Trd, 4319887.393, 140
Trd, 4319888.243, 140
Trd, 4319890.743, 140
Trd, 4319891.443, 140
Trd, 4319892.393, 140
Trd, 4319892.693, 140
Trd, 4319893.993, 140
Trd, 4319894.493, 140
Trd, 4319895.593, 140
Trd, 4319896.143, 140
Trd, 4319896.393, 139
Trd, 4319896.543, 132
Trd, 4319897.493, 139
Trd, 4319898.593, 140
Trd, 4319898.843, 140
Trd, 4319900.393, 140
Trd, 4319900.993, 140
Trd, 4319901.093, 140
Trd, 4319901.893, 138
Trd, 4319902.793, 139
Trd, 4319904.143, 128
Trd, 4319904.543, 127
Trd, 4319905.143, 100
Trd, 4319905.293, 114
Trd, 4319905.793, 89
Trd, 4319906.193, 74
Trd, 4319906.293, 96
Trd, 4319908.493, 140
Trd, 4319910.293, 140
Trd, 4319910.343, 139
Trd, 4319910.543, 137
Trd, 4319911.043, 139
Trd, 4319911.493, 138
Trd, 4319912.893, 116
Trd, 4319913.743, 115
Trd, 4319915.143, 140
Trd, 4319916.143, 140
Trd, 4319916.693, 140
Trd, 4319917.743, 137
Trd, 4319918.243, 138
Trd, 4319918.793, 102
Trd, 4319919.243, 140
Trd, 4319919.293, 139
Trd, 4319920.193, 138
Trd, 4319920.543, 61
Trd, 4319920.693, 66
Trd, 4319921.993, 117
Trd, 4319923.893, 137
Trd, 4319924.543, 140
Trd, 4319926.143, 140
Trd, 4319926.743, 140
Trd, 4319927.993, 140
Trd, 4319929.143, 140
Trd, 4319929.193, 140
Trd, 4319929.343, 140
Trd, 4319929.393, 92
Trd, 4319930.643, 139
Trd, 4319931.193, 138
Trd, 4319931.693, 137
Trd, 4319932.943, 88
Trd, 4319933.143, 86
Trd, 4319934.293, 140
Trd, 4319934.843, 140
Trd, 4319934.993, 140
Trd, 4319935.293, 140
Trd, 4319935.643, 139
Trd, 4319936.343, 139
Trd, 4319937.643, 139
Trd, 4319939.443, 140
Trd, 4319939.643, 139
Trd, 4319939.843, 136
Trd, 4319940.393, 136
Trd, 4319940.893, 122
Trd, 4319941.243, 120
Trd, 4319943.443, 140
Trd, 4319943.593, 139
Trd, 4319943.943, 140
Trd, 4319946.243, 140
Trd, 4319946.793, 140
Trd, 4319947.993, 140
Trd, 4319948.293, 140
Trd, 4319949.143, 140
Trd, 4319949.293, 140
Trd, 4319950.293, 140
Trd, 4319950.893, 140
Trd, 4319951.193, 140
Trd, 4319952.743, 140
Trd, 4319953.193, 140
Trd, 4319953.893, 140
Trd, 4319954.793, 140
Trd, 4319954.843, 140
Trd, 4319955.743, 127
Trd, 4319956.443, 128
Trd, 4319956.843, 128
Trd, 4319958.393, 140
Trd, 4319958.443, 140
Trd, 4319958.993, 140
Trd, 4319960.193, 140
Trd, 4319960.343, 114
Trd, 4319960.643, 137
Trd, 4319961.343, 68
Trd, 4319963.293, 140
Trd, 4319963.593, 140
Trd, 4319964.843, 140
Trd, 4319966.643, 140
Trd, 4319967.793, 140
Trd, 4319968.143, 140
Trd, 4319968.293, 140
Trd, 4319968.443, 139
Trd, 4319968.993, 138
Trd, 4319970.893, 129
Trd, 4319971.393, 127
Trd, 4319972.693, 140
Trd, 4319974.093, 140
Trd, 4319974.993, 140
Trd, 4319975.293, 140
Trd, 4319975.393, 138
Trd, 4319975.693, 140
Trd, 4319977.443, 140
Trd, 4319977.743, 94
Trd, 4319978.543, 127
Trd, 4319980.193, 140
Trd, 4319980.293, 140
Trd, 4319980.993, 140
Trd, 4319981.043, 140
Trd, 4319981.693, 140
Trd, 4319982.543, 94
Trd, 4319983.393, 77
Trd, 4319984.393, 65
Trd, 4319985.643, 140
Trd, 4319986.243, 140
Trd, 4319986.993, 140
Trd, 4319987.393, 140
Trd, 4319987.593, 140
Trd, 4319988.993, 140
Trd, 4319990.993, 140
Trd, 4319991.343, 140
Trd, 4319992.293, 140
Trd, 4319992.443, 140
Trd, 4319992.743, 140
Trd, 4319993.043, 78
Trd, 4319994.293, 93
Trd, 4319994.743, 139
Trd, 4319995.943, 140
Trd, 4319996.243, 140
Trd, 4319996.793, 140
Trd, 4319997.993, 139
Trd, 4319998.143, 139
Trd, 4319998.193, 113
Trd, 4319998.393, 139
Trd, 4319999.193, 140
