Trd, 4318130.693, 66
Trd, 4318130.943, 68
Trd, 4318132.793, 60
Trd, 4318132.943, 60
Trd, 4318133.193, 63
Trd, 4318134.393, 88
Trd, 4318135.043, 63
Trd, 4318136.893, 60
Trd, 4318137.643, 61
Trd, 4318137.993, 61
Trd, 4318138.293, 60
Trd, 4318138.343, 70
Trd, 4318139.743, 77
Trd, 4318140.143, 86
Trd, 4318140.593, 109
Trd, 4318141.243, 140
Trd, 4318141.593, 114
Trd, 4318142.193, 140
Trd, 4318143.743, 75
Trd, 4318144.993, 60
Trd, 4318145.093, 60
Trd, 4318145.393, 61
Trd, 4318147.593, 140
Trd, 4318147.893, 140
Trd, 4318148.393, 140
Trd, 4318148.493, 139
Trd, 4318148.993, 112
Trd, 4318149.343, 86
Trd, 4318149.893, 140
Trd, 4318150.293, 140
Trd, 4318150.893, 140
Trd, 4318152.443, 140
Trd, 4318153.793, 140
Trd, 4318154.243, 138
Trd, 4318154.743, 135
Trd, 4318155.043, 140
Trd, 4318155.293, 139
Trd, 4318157.043, 121
Trd, 4318157.493, 120
Trd, 4318158.243, 121
Trd, 4318158.843, 139
Trd, 4318159.743, 123
Trd, 4318160.243, 115
Trd, 4318160.693, 137
Trd, 4318161.143, 140
Trd, 4318161.543, 71
Trd, 4318164.143, 77
Trd, 4318164.343, 78
Trd, 4318164.543, 119
Trd, 4318164.643, 118
Trd, 4318164.943, 117
Trd, 4318165.893, 136
Trd, 4318166.143, 135
Trd, 4318166.893, 122
Trd, 4318168.443, 65
Trd, 4318168.793, 73
Trd, 4318168.843, 114
Trd, 4318169.043, 135
Trd, 4318169.543, 102
Trd, 4318170.043, 60
Trd, 4318171.343, 60
Trd, 4318171.393, 60
Trd, 4318171.643, 123
Trd, 4318172.943, 62
Trd, 4318173.593, 68
Trd, 4318174.593, 139
Trd, 4318174.943, 86
Trd, 4318176.843, 60
Trd, 4318176.943, 65
Trd, 4318177.943, 60
Trd, 4318178.693, 61
Trd, 4318179.093, 62
Trd, 4318179.493, 63
Trd, 4318179.793, 112
Trd, 4318180.543, 69
Trd, 4318181.143, 130
Trd, 4318181.443, 93
Trd, 4318182.793, 60
Trd, 4318183.693, 60
Trd, 4318184.143, 61
Trd, 4318184.843, 61
Trd, 4318184.993, 62
Trd, 4318185.043, 64
Trd, 4318185.393, 69
Trd, 4318185.743, 74
Trd, 4318185.943, 73
Trd, 4318186.493, 71
Trd, 4318187.843, 139
Trd, 4318190.093, 140
Trd, 4318191.243, 140
Trd, 4318191.543, 140
Trd, 4318191.693, 139
Trd, 4318191.843, 140
Trd, 4318192.293, 136
Trd, 4318193.943, 105
Trd, 4318194.093, 100
Trd, 4318194.393, 67
Trd, 4318195.593, 140
Trd, 4318196.693, 139
Trd, 4318197.443, 137
Trd, 4318197.493, 136
Trd, 4318198.593, 110
Trd, 4318199.993, 63
Trd, 4318200.293, 61
Trd, 4318201.593, 75
Trd, 4318201.843, 72
Trd, 4318202.143, 123
Trd, 4318202.193, 140
Trd, 4318203.543, 109
Trd, 4318203.993, 139
Trd, 4318204.693, 65
Trd, 4318205.043, 100
Trd, 4318206.443, 60
Trd, 4318206.543, 61
Trd, 4318207.593, 61
Trd, 4318207.943, 62
Trd, 4318208.643, 61
Trd, 4318210.943, 60
Trd, 4318212.643, 64
Trd, 4318212.693, 138
Trd, 4318212.943, 120
Trd, 4318214.543, 140
Trd, 4318214.593, 140
Trd, 4318214.943, 140
Trd, 4318215.493, 139
Trd, 4318216.393, 140
Trd, 4318217.043, 137
Trd, 4318217.193, 69
Trd, 4318218.643, 61
Trd, 4318219.543, 62
Trd, 4318219.693, 75
Trd, 4318220.993, 60
Trd, 4318221.193, 60
Trd, 4318222.693, 62
Trd, 4318222.793, 64
Trd, 4318223.193, 72
Trd, 4318223.893, 140
Trd, 4318224.393, 140
Trd, 4318224.893, 140
Trd, 4318225.693, 140
Trd, 4318225.893, 137
Trd, 4318227.193, 64
Trd, 4318228.443, 62
Trd, 4318229.143, 60
Trd, 4318229.243, 61
Trd, 4318231.593, 114
Trd, 4318231.943, 76
Trd, 4318232.443, 74
Trd, 4318233.043, 140
Trd, 4318233.243, 88
Trd, 4318234.193, 139
Trd, 4318235.693, 140
Trd, 4318235.843, 137
Trd, 4318237.043, 108
Trd, 4318238.543, 140
Trd, 4318238.843, 140
Trd, 4318238.893, 118
Trd, 4318239.543, 87
Trd, 4318241.893, 140
Trd, 4318242.493, 139
Trd, 4318242.643, 138
Trd, 4318243.343, 90
Trd, 4318245.093, 60
Trd, 4318245.493, 62
Trd, 4318245.793, 140
Trd, 4318246.943, 102
Trd, 4318247.543, 140
Trd, 4318248.393, 140
Trd, 4318249.193, 140
Trd, 4318249.393, 140
Trd, 4318250.093, 75
Trd, 4318251.293, 140
Trd, 4318251.693, 64
Trd, 4318252.143, 63
Trd, 4318252.643, 106
Trd, 4318253.043, 79
Trd, 4318255.993, 140
Trd, 4318256.243, 140
Trd, 4318257.493, 140
Trd, 4318257.793, 140
Trd, 4318257.843, 140
Trd, 4318260.043, 140
Trd, 4318260.643, 140
Trd, 4318260.743, 140
Trd, 4318261.643, 140
Trd, 4318261.693, 140
Trd, 4318262.693, 96
Trd, 4318263.643, 139
Trd, 4318263.693, 104
Trd, 4318265.243, 60
Trd, 4318265.293, 60
Trd, 4318265.493, 60
Trd, 4318267.493, 63
Trd, 4318268.043, 66
Trd, 4318268.393, 70
Trd, 4318269.293, 61
Trd, 4318269.943, 60
Trd, 4318270.243, 63
Trd, 4318270.293, 70
Trd, 4318271.743, 88
Trd, 4318271.943, 90
Trd, 4318273.043, 97
Trd, 4318273.293, 130
Trd, 4318274.243, 140
Trd, 4318275.393, 140
Trd, 4318275.493, 140
Trd, 4318275.593, 140
Trd, 4318276.443, 140
Trd, 4318277.743, 139
Trd, 4318278.293, 140
Trd, 4318278.643, 140
Trd, 4318278.943, 122
Trd, 4318279.143, 101
Trd, 4318281.343, 140
Trd, 4318281.643, 140
Trd, 4318281.993, 140
Trd, 4318282.193, 103
Trd, 4318282.493, 61
Trd, 4318282.993, 61
Trd, 4318283.893, 97
Trd, 4318285.143, 103
Trd, 4318285.943, 96
Trd, 4318286.393, 95
Trd, 4318286.443, 83
Trd, 4318287.343, 95
Trd, 4318287.393, 91
Trd, 4318287.543, 96
Trd, 4318288.343, 60
Trd, 4318289.043, 130
Trd, 4318291.143, 106
Trd, 4318291.793, 140
Trd, 4318292.493, 140
Trd, 4318292.593, 139
Trd, 4318292.893, 140
Trd, 4318293.593, 95
Trd, 4318294.343, 61
Trd, 4318296.293, 62
Trd, 4318296.593, 65
Trd, 4318296.793, 66
Trd, 4318296.893, 68
Trd, 4318297.193, 116
Trd, 4318297.243, 127
Trd, 4318297.493, 62
Trd, 4318298.193, 136
Trd, 4318298.393, 118
Trd, 4318298.593, 94
Trd, 4318299.493, 140
Trd, 4318300.643, 140
Trd, 4318301.543, 140
Trd, 4318301.793, 139
Trd, 4318302.143, 128
Trd, 4318303.093, 140
Trd, 4318303.543, 139
Trd, 4318303.943, 63
Trd, 4318305.493, 66
Trd, 4318305.843, 62
Trd, 4318306.543, 85
Trd, 4318306.993, 66
Trd, 4318310.293, 140
Trd, 4318310.343, 140
Trd, 4318310.493, 139
Trd, 4318310.843, 140
Trd, 4318311.493, 140
Trd, 4318312.693, 140
Trd, 4318312.843, 140
Trd, 4318314.193, 98
Trd, 4318314.343, 99
Trd, 4318314.743, 140
Trd, 4318315.343, 103
Trd, 4318316.293, 140
Trd, 4318316.593, 140
Trd, 4318316.793, 80
Trd, 4318318.093, 140
Trd, 4318320.143, 124
Trd, 4318320.243, 113
Trd, 4318320.843, 125
Trd, 4318321.493, 115
Trd, 4318322.143, 111
Trd, 4318322.493, 84
Trd, 4318323.493, 140
Trd, 4318325.143, 140
Trd, 4318325.493, 140
Trd, 4318326.093, 140
Trd, 4318326.443, 126
Trd, 4318326.493, 105
Trd, 4318326.793, 62
Trd, 4318327.243, 140
Trd, 4318327.993, 140
Trd, 4318328.943, 61
Trd, 4318330.143, 140
Trd, 4318331.443, 140
Trd, 4318332.143, 140
Trd, 4318333.093, 140
Trd, 4318333.193, 140
Trd, 4318333.593, 139
Trd, 4318335.293, 140
Trd, 4318335.493, 140
Trd, 4318335.843, 90
Trd, 4318337.743, 140
Trd, 4318339.593, 139
Trd, 4318339.743, 138
Trd, 4318339.843, 135
Trd, 4318340.643, 103
Trd, 4318341.893, 140
Trd, 4318342.493, 128
Trd, 4318343.443, 140
Trd, 4318344.043, 140
Trd, 4318344.593, 140
Trd, 4318345.993, 140
Trd, 4318346.493, 140
Trd, 4318347.293, 139
Trd, 4318348.093, 122
Trd, 4318348.693, 140
Trd, 4318349.043, 105
Trd, 4318350.793, 139
Trd, 4318352.293, 140
Trd, 4318353.093, 140
Trd, 4318353.243, 140
Trd, 4318353.493, 105
Trd, 4318354.243, 138
Trd, 4318355.843, 135
Trd, 4318356.143, 67
Trd, 4318356.643, 91
Trd, 4318356.993, 76
Trd, 4318357.943, 78
Trd, 4318358.943, 91
Trd, 4318359.343, 64
Trd, 4318360.643, 66
Trd, 4318361.343, 106
Trd, 4318362.293, 69
Trd, 4318362.343, 67
Trd, 4318362.693, 60
Trd, 4318363.243, 61
Trd, 4318363.493, 60
Trd, 4318364.543, 62
Trd, 4318364.643, 64
Trd, 4318366.243, 137
Trd, 4318366.893, 138
Trd, 4318367.893, 66
Trd, 4318368.743, 64
Trd, 4318368.943, 64
Trd, 4318369.843, 139
Trd, 4318370.093, 116
Trd, 4318370.793, 98
Trd, 4318372.743, 136
Trd, 4318372.993, 76
Trd, 4318373.443, 78
Trd, 4318373.543, 124
Trd, 4318375.543, 139
Trd, 4318376.693, 67
Trd, 4318376.793, 84
Trd, 4318378.593, 60
Trd, 4318378.943, 60
Trd, 4318379.293, 60
Trd, 4318379.443, 69
Trd, 4318380.693, 137
Trd, 4318380.743, 68
Trd, 4318380.793, 66
Trd, 4318382.293, 140
Trd, 4318383.743, 123
Trd, 4318384.493, 139
Trd, 4318384.643, 122
Trd, 4318384.843, 122
Trd, 4318384.943, 131
Trd, 4318385.243, 71
Trd, 4318386.093, 119
Trd, 4318386.893, 111
Trd, 4318387.493, 139
Trd, 4318388.743, 115
Trd, 4318389.893, 69
Trd, 4318390.443, 140
Trd, 4318390.943, 121
Trd, 4318392.543, 136
Trd, 4318393.493, 140
Trd, 4318393.543, 85
Trd, 4318394.093, 69
Trd, 4318395.093, 140
Trd, 4318397.243, 63
Trd, 4318398.643, 140
Trd, 4318398.943, 140
Trd, 4318399.543, 140
Trd, 4318399.993, 140
Trd, 4318400.443, 140
Trd, 4318400.593, 138
Trd, 4318401.693, 140
Trd, 4318401.943, 140
Trd, 4318402.243, 120
Trd, 4318403.343, 140
Trd, 4318404.743, 104
Trd, 4318405.393, 65
Trd, 4318407.043, 62
Trd, 4318407.093, 63
Trd, 4318407.243, 90
Trd, 4318407.793, 140
Trd, 4318407.993, 139
Trd, 4318408.393, 128
Trd, 4318408.443, 99
Trd, 4318409.593, 111
Trd, 4318410.293, 140
Trd, 4318411.843, 140
Trd, 4318412.193, 140
Trd, 4318412.543, 140
Trd, 4318414.143, 138
Trd, 4318414.243, 137
Trd, 4318414.893, 140
Trd, 4318415.943, 140
Trd, 4318416.093, 121
Trd, 4318416.293, 120
Trd, 4318416.843, 97
Trd, 4318417.993, 140
Trd, 4318418.443, 98
Trd, 4318418.493, 79
Trd, 4318419.443, 137
Trd, 4318421.443, 138
Trd, 4318421.693, 108
Trd, 4318421.843, 61
Trd, 4318422.443, 63
Trd, 4318423.393, 64
Trd, 4318424.143, 80
Trd, 4318425.543, 94
Trd, 4318426.193, 139
Trd, 4318426.343, 110
Trd, 4318427.743, 96
Trd, 4318428.343, 139
Trd, 4318429.693, 61
Trd, 4318429.993, 138
Trd, 4318430.993, 76
Trd, 4318432.993, 61
Trd, 4318433.543, 64
Trd, 4318433.693, 66
Trd, 4318434.543, 60
Trd, 4318434.643, 109
Trd, 4318435.043, 140
Trd, 4318435.993, 64
Trd, 4318437.793, 66
Trd, 4318438.243, 140
Trd, 4318438.493, 140
Trd, 4318439.193, 139
Trd, 4318439.693, 140
Trd, 4318440.593, 138
Trd, 4318440.943, 140
Trd, 4318441.243, 140
Trd, 4318442.743, 140
Trd, 4318445.043, 88
Trd, 4318445.293, 104
Trd, 4318446.893, 107
Trd, 4318448.393, 140
Trd, 4318449.093, 140
Trd, 4318449.793, 140
Trd, 4318450.593, 140
Trd, 4318450.693, 140
Trd, 4318451.193, 140
Trd, 4318451.493, 140
Trd, 4318452.893, 140
Trd, 4318453.093, 139
Trd, 4318453.243, 109
Trd, 4318453.343, 77
Trd, 4318453.743, 64
Trd, 4318455.643, 75
Trd, 4318456.843, 71
Trd, 4318457.543, 93
Trd, 4318458.593, 139
Trd, 4318458.893, 139
Trd, 4318459.343, 128
Trd, 4318459.393, 127
Trd, 4318460.643, 122
Trd, 4318462.493, 140
Trd, 4318463.693, 140
Trd, 4318463.993, 140
Trd, 4318465.393, 140
Trd, 4318465.893, 140
Trd, 4318466.493, 140
Trd, 4318467.493, 140
Trd, 4318468.393, 107
Trd, 4318468.443, 73
Trd, 4318469.143, 84
Trd, 4318469.493, 66
Trd, 4318470.693, 140
Trd, 4318471.143, 140
Trd, 4318471.443, 140
Trd, 4318472.043, 95
Trd, 4318472.193, 106
Trd, 4318473.943, 132
Trd, 4318473.993, 117
Trd, 4318474.193, 116
Trd, 4318475.443, 139
Trd, 4318475.743, 140
Trd, 4318476.143, 140
Trd, 4318477.743, 122
Trd, 4318477.843, 121
Trd, 4318480.143, 140
Trd, 4318481.393, 140
Trd, 4318481.443, 139
Trd, 4318482.343, 140
Trd, 4318482.743, 139
Trd, 4318483.343, 119
Trd, 4318484.343, 140
Trd, 4318485.043, 118
Trd, 4318485.293, 60
Trd, 4318485.493, 140
Trd, 4318486.693, 79
Trd, 4318486.993, 78
Trd, 4318487.993, 79
Trd, 4318488.343, 72
Trd, 4318489.693, 140
Trd, 4318490.243, 140
Trd, 4318491.043, 140
Trd, 4318491.143, 97
Trd, 4318492.393, 124
Trd, 4318492.643, 105
Trd, 4318493.443, 63
Trd, 4318494.443, 68
Trd, 4318495.343, 63
Trd, 4318496.243, 64
Trd, 4318496.443, 71
Trd, 4318496.543, 72
Trd, 4318496.943, 80
Trd, 4318497.693, 84
Trd, 4318498.943, 93
Trd, 4318499.393, 94
Trd, 4318499.593, 138
Trd, 4318500.493, 139
Trd, 4318500.943, 84
Trd, 4318501.493, 109
Trd, 4318501.643, 93
Trd, 4318502.293, 140
Trd, 4318503.043, 140
Trd, 4318503.743, 140
Trd, 4318504.493, 140
Trd, 4318505.143, 64
Trd, 4318505.943, 140
Trd, 4318507.043, 114
Trd, 4318507.193, 112
Trd, 4318508.893, 140
Trd, 4318509.093, 140
Trd, 4318509.243, 126
Trd, 4318510.893, 140
Trd, 4318511.443, 127
Trd, 4318512.043, 74
Trd, 4318512.143, 75
Trd, 4318512.543, 65
Trd, 4318512.843, 60
Trd, 4318513.593, 140
Trd, 4318513.793, 140
Trd, 4318516.093, 140
Trd, 4318516.693, 140
Trd, 4318516.843, 140
Trd, 4318517.443, 64
Trd, 4318518.743, 140
Trd, 4318519.993, 115
Trd, 4318520.193, 117
Trd, 4318520.543, 140
Trd, 4318520.993, 139
Trd, 4318521.993, 132
Trd, 4318522.343, 122
Trd, 4318522.893, 140
Trd, 4318523.293, 140
Trd, 4318524.693, 124
Trd, 4318525.693, 61
Trd, 4318526.293, 61
Trd, 4318526.343, 77
Trd, 4318527.143, 121
Trd, 4318527.893, 140
Trd, 4318528.743, 115
Trd, 4318531.243, 140
Trd, 4318531.993, 140
Trd, 4318532.193, 140
Trd, 4318532.343, 140
Trd, 4318533.843, 140
Trd, 4318534.143, 140
Trd, 4318534.993, 104
Trd, 4318535.293, 103
Trd, 4318535.543, 86
Trd, 4318536.443, 66
Trd, 4318536.743, 139
Trd, 4318537.393, 137
Trd, 4318537.943, 121
Trd, 4318538.443, 64
Trd, 4318538.993, 140
Trd, 4318539.793, 60
Trd, 4318541.493, 132
Trd, 4318543.393, 109
Trd, 4318543.593, 118
Trd, 4318544.293, 109
Trd, 4318545.193, 112
Trd, 4318545.943, 140
Trd, 4318546.193, 110
Trd, 4318546.643, 118
Trd, 4318547.193, 140
Trd, 4318547.843, 128
Trd, 4318548.243, 90
Trd, 4318550.593, 62
Trd, 4318551.643, 60
Trd, 4318551.943, 61
Trd, 4318552.043, 62
Trd, 4318553.043, 63
Trd, 4318553.943, 65
Trd, 4318554.243, 68
Trd, 4318554.393, 63
Trd, 4318556.043, 140
Trd, 4318556.793, 64
Trd, 4318557.343, 105
Trd, 4318557.743, 65
Trd, 4318557.893, 64
Trd, 4318558.543, 64
Trd, 4318558.593, 67
Trd, 4318559.093, 109
Trd, 4318559.593, 68
Trd, 4318560.493, 85
Trd, 4318560.893, 70
Trd, 4318562.443, 140
Trd, 4318563.093, 140
Trd, 4318563.393, 140
Trd, 4318563.893, 140
Trd, 4318564.493, 140
Trd, 4318565.743, 140
Trd, 4318566.443, 140
Trd, 4318566.693, 84
Trd, 4318567.743, 64
Trd, 4318567.893, 65
Trd, 4318568.243, 64
Trd, 4318568.443, 71
Trd, 4318570.443, 64
Trd, 4318571.343, 61
Trd, 4318571.493, 92
Trd, 4318572.343, 60
Trd, 4318572.593, 62
Trd, 4318572.643, 61
Trd, 4318574.243, 139
Trd, 4318576.043, 103
Trd, 4318576.493, 105
Trd, 4318576.593, 103
Trd, 4318576.893, 124
Trd, 4318578.093, 140
Trd, 4318578.243, 138
Trd, 4318579.743, 124
Trd, 4318579.943, 99
Trd, 4318580.193, 95
Trd, 4318580.693, 133
Trd, 4318581.943, 137
Trd, 4318582.993, 101
Trd, 4318584.193, 61
Trd, 4318584.893, 68
Trd, 4318585.493, 60
Trd, 4318585.543, 66
Trd, 4318585.843, 102
Trd, 4318586.293, 96
Trd, 4318587.293, 60
Trd, 4318588.943, 140
Trd, 4318589.493, 140
Trd, 4318590.993, 140
Trd, 4318591.043, 140
Trd, 4318591.293, 139
Trd, 4318591.693, 79
Trd, 4318591.893, 72
Trd, 4318592.743, 60
Trd, 4318592.843, 62
Trd, 4318593.743, 60
Trd, 4318593.943, 60
Trd, 4318594.593, 62
Trd, 4318595.043, 95
Trd, 4318596.093, 97
Trd, 4318597.393, 61
Trd, 4318597.643, 139
Trd, 4318599.193, 62
Trd, 4318599.243, 61
Trd, 4318599.543, 139
Trd, 4318600.943, 140
Trd, 4318601.143, 83
Trd, 4318602.793, 89
Trd, 4318603.143, 79
Trd, 4318604.243, 140
Trd, 4318605.043, 90
Trd, 4318605.443, 71
Trd, 4318606.043, 139
Trd, 4318606.943, 60
Trd, 4318607.893, 64
Trd, 4318608.443, 60
Trd, 4318608.493, 61
Trd, 4318608.893, 60
Trd, 4318609.293, 137
Trd, 4318611.943, 140
Trd, 4318612.093, 140
Trd, 4318612.243, 140
Trd, 4318612.843, 140
Trd, 4318612.993, 140
Trd, 4318613.443, 132
Trd, 4318613.493, 104
Trd, 4318614.793, 115
Trd, 4318616.393, 139
Trd, 4318616.993, 138
Trd, 4318617.143, 138
Trd, 4318618.643, 134
Trd, 4318618.993, 105
Trd, 4318619.443, 137
Trd, 4318619.743, 106
Trd, 4318620.043, 101
Trd, 4318620.593, 115
Trd, 4318622.093, 140
Trd, 4318622.393, 118
Trd, 4318623.343, 117
Trd, 4318624.093, 109
Trd, 4318625.193, 140
Trd, 4318625.243, 138
Trd, 4318625.943, 136
Trd, 4318627.043, 115
Trd, 4318627.193, 66
Trd, 4318628.643, 140
Trd, 4318628.943, 140
Trd, 4318629.293, 140
Trd, 4318630.743, 136
Trd, 4318630.793, 71
Trd, 4318631.193, 140
Trd, 4318631.743, 140
Trd, 4318634.043, 140
Trd, 4318634.243, 140
Trd, 4318635.343, 140
Trd, 4318635.693, 140
Trd, 4318636.243, 140
Trd, 4318636.493, 140
Trd, 4318637.793, 140
Trd, 4318638.843, 140
Trd, 4318638.893, 140
Trd, 4318639.793, 139
Trd, 4318641.593, 140
Trd, 4318642.593, 140
Trd, 4318642.843, 140
Trd, 4318643.243, 139
Trd, 4318643.343, 115
Trd, 4318644.293, 69
Trd, 4318644.643, 60
Trd, 4318645.493, 140
Trd, 4318647.243, 140
Trd, 4318647.343, 140
Trd, 4318647.743, 140
Trd, 4318649.393, 140
Trd, 4318649.543, 139
Trd, 4318650.893, 126
Trd, 4318651.393, 121
Trd, 4318651.443, 120
Trd, 4318652.843, 116
Trd, 4318652.993, 79
Trd, 4318653.543, 140
Trd, 4318654.643, 140
Trd, 4318654.993, 97
Trd, 4318655.693, 87
Trd, 4318656.093, 85
Trd, 4318656.393, 140
Trd, 4318656.793, 140
Trd, 4318657.643, 139
Trd, 4318658.493, 76
Trd, 4318659.493, 91
Trd, 4318659.843, 91
Trd, 4318661.943, 140
Trd, 4318662.543, 140
Trd, 4318663.693, 77
Trd, 4318663.793, 120
Trd, 4318665.193, 138
Trd, 4318665.393, 137
Trd, 4318666.143, 118
Trd, 4318666.943, 138
Trd, 4318667.543, 108
Trd, 4318668.343, 140
Trd, 4318668.943, 140
Trd, 4318669.393, 140
Trd, 4318669.893, 94
Trd, 4318670.893, 72
Trd, 4318671.093, 94
Trd, 4318671.443, 73
Trd, 4318672.193, 137
Trd, 4318673.293, 100
Trd, 4318673.443, 89
Trd, 4318674.343, 140
Trd, 4318674.693, 140
Trd, 4318675.093, 60
Trd, 4318676.443, 68
Trd, 4318677.943, 68
Trd, 4318678.093, 70
Trd, 4318678.643, 73
Trd, 4318680.843, 61
Trd, 4318681.193, 60
Trd, 4318681.693, 60
Trd, 4318683.043, 60
Trd, 4318683.693, 65
Trd, 4318684.443, 69
Trd, 4318685.143, 69
Trd, 4318685.443, 68
Trd, 4318686.093, 63
Trd, 4318686.143, 100
Trd, 4318688.293, 60
Trd, 4318689.793, 62
Trd, 4318690.343, 62
Trd, 4318690.643, 75
Trd, 4318690.893, 94
Trd, 4318691.843, 138
Trd, 4318692.043, 120
Trd, 4318693.843, 140
Trd, 4318694.893, 140
Trd, 4318695.343, 140
Trd, 4318695.743, 109
Trd, 4318696.643, 61
Trd, 4318697.493, 63
Trd, 4318697.793, 62
Trd, 4318698.393, 60
Trd, 4318699.443, 140
Trd, 4318699.543, 140
Trd, 4318700.643, 113
Trd, 4318701.243, 94
Trd, 4318701.443, 93
Trd, 4318701.793, 140
Trd, 4318703.993, 69
Trd, 4318704.443, 98
Trd, 4318705.643, 139
Trd, 4318705.893, 138
Trd, 4318706.193, 98
Trd, 4318707.293, 138
Trd, 4318709.493, 140
Trd, 4318709.943, 140
Trd, 4318710.143, 138
Trd, 4318710.743, 81
Trd, 4318711.893, 139
Trd, 4318712.443, 92
Trd, 4318713.743, 138
Trd, 4318713.793, 101
Trd, 4318714.393, 114
Trd, 4318714.443, 113
Trd, 4318715.443, 88
Trd, 4318715.793, 94
Trd, 4318718.093, 93
Trd, 4318718.443, 92
Trd, 4318719.593, 103
Trd, 4318719.693, 140
Trd, 4318720.243, 96
Trd, 4318720.543, 67
Trd, 4318721.343, 61
Trd, 4318722.743, 139
Trd, 4318722.793, 110
Trd, 4318723.443, 66
Trd, 4318724.043, 108
Trd, 4318724.743, 67
Trd, 4318724.893, 65
Trd, 4318725.043, 91
Trd, 4318726.193, 140
Trd, 4318726.593, 81
Trd, 4318727.693, 64
Trd, 4318729.043, 65
Trd, 4318729.993, 66
Trd, 4318731.593, 116
Trd, 4318732.843, 119
Trd, 4318732.943, 118
Trd, 4318733.243, 125
Trd, 4318734.443, 140
Trd, 4318734.493, 140
Trd, 4318734.593, 116
Trd, 4318734.643, 90
Trd, 4318736.143, 140
Trd, 4318736.543, 140
Trd, 4318736.843, 60
Trd, 4318738.343, 62
Trd, 4318739.643, 60
Trd, 4318740.693, 60
Trd, 4318741.243, 62
Trd, 4318742.093, 61
Trd, 4318742.443, 61
Trd, 4318742.843, 62
Trd, 4318743.793, 63
Trd, 4318744.143, 60
Trd, 4318744.293, 68
Trd, 4318745.843, 77
Trd, 4318745.893, 104
Trd, 4318746.443, 60
Trd, 4318747.643, 65
Trd, 4318748.093, 140
Trd, 4318748.543, 65
Trd, 4318749.643, 64
Trd, 4318749.893, 89
Trd, 4318750.243, 66
Trd, 4318750.343, 67
Trd, 4318750.843, 65
Trd, 4318751.743, 78
Trd, 4318752.443, 140
Trd, 4318752.693, 139
Trd, 4318753.193, 140
Trd, 4318754.693, 140
Trd, 4318754.893, 140
Trd, 4318755.043, 140
Trd, 4318755.993, 95
Trd, 4318756.043, 92
Trd, 4318756.943, 97
Trd, 4318758.043, 116
Trd, 4318758.543, 94
Trd, 4318759.093, 104
Trd, 4318760.943, 62
Trd, 4318761.043, 72
Trd, 4318761.293, 108
Trd, 4318762.293, 140
Trd, 4318762.543, 140
Trd, 4318763.693, 64
Trd, 4318764.693, 92
Trd, 4318765.093, 89
Trd, 4318766.993, 139
Trd, 4318767.543, 135
Trd, 4318767.643, 134
Trd, 4318769.043, 140
Trd, 4318769.593, 137
Trd, 4318770.443, 115
Trd, 4318770.743, 115
Trd, 4318770.793, 114
Trd, 4318771.593, 96
Trd, 4318772.143, 140
Trd, 4318773.143, 140
Trd, 4318773.593, 121
Trd, 4318775.143, 140
Trd, 4318775.293, 140
Trd, 4318776.593, 140
Trd, 4318778.043, 140
Trd, 4318779.443, 139
Trd, 4318779.493, 135
Trd, 4318780.443, 118
Trd, 4318780.543, 67
Trd, 4318780.893, 128
Trd, 4318781.793, 65
Trd, 4318781.993, 63
Trd, 4318782.893, 72
Trd, 4318783.743, 64
Trd, 4318784.843, 63
Trd, 4318784.943, 80
Trd, 4318786.143, 140
Trd, 4318786.493, 140
Trd, 4318787.193, 64
Trd, 4318788.443, 135
Trd, 4318788.743, 65
Trd, 4318790.843, 64
Trd, 4318791.793, 60
Trd, 4318792.243, 60
Trd, 4318792.443, 136
Trd, 4318793.343, 66
Trd, 4318793.793, 140
Trd, 4318794.843, 140
Trd, 4318795.093, 140
Trd, 4318796.943, 139
Trd, 4318797.593, 140
Trd, 4318798.043, 138
Trd, 4318799.393, 116
Trd, 4318800.243, 93
Trd, 4318800.343, 67
Trd, 4318800.493, 64
Trd, 4318801.443, 140
Trd, 4318801.693, 140
Trd, 4318803.043, 140
Trd, 4318803.243, 140
Trd, 4318803.493, 140
Trd, 4318804.293, 140
Trd, 4318804.793, 140
Trd, 4318805.843, 138
Trd, 4318806.693, 85
Trd, 4318808.043, 140
Trd, 4318808.093, 140
Trd, 4318808.793, 140
Trd, 4318808.943, 140
Trd, 4318810.543, 140
Trd, 4318811.343, 140
Trd, 4318811.793, 140
Trd, 4318812.793, 118
Trd, 4318814.243, 140
Trd, 4318814.993, 140
Trd, 4318815.693, 140
Trd, 4318816.293, 139
Trd, 4318816.843, 136
Trd, 4318817.393, 98
Trd, 4318818.043, 60
Trd, 4318818.343, 65
Trd, 4318818.393, 64
Trd, 4318819.293, 107
Trd, 4318819.743, 66
Trd, 4318819.793, 120
Trd, 4318820.093, 138
Trd, 4318820.993, 140
Trd, 4318821.593, 82
Trd, 4318822.093, 92
Trd, 4318822.843, 84
Trd, 4318824.243, 65
Trd, 4318824.493, 74
Trd, 4318824.743, 75
Trd, 4318825.543, 99
Trd, 4318826.693, 64
Trd, 4318827.743, 140
Trd, 4318828.193, 140
Trd, 4318828.243, 140
Trd, 4318829.043, 122
Trd, 4318830.343, 140
Trd, 4318830.693, 136
Trd, 4318831.543, 140
Trd, 4318831.593, 140
Trd, 4318832.643, 140
Trd, 4318832.893, 101
Trd, 4318833.843, 123
Trd, 4318834.093, 81
Trd, 4318834.343, 69
Trd, 4318834.893, 106
Trd, 4318835.843, 114
Trd, 4318836.543, 92
Trd, 4318837.243, 61
Trd, 4318838.393, 62
Trd, 4318838.493, 61
Trd, 4318838.893, 62
Trd, 4318839.193, 63
Trd, 4318839.543, 70
Trd, 4318841.293, 60
Trd, 4318841.493, 60
Trd, 4318842.343, 94
Trd, 4318843.493, 70
Trd, 4318843.993, 60
Trd, 4318844.493, 60
Trd, 4318845.043, 64
Trd, 4318845.243, 75
Trd, 4318847.343, 140
Trd, 4318847.843, 140
Trd, 4318848.443, 140
Trd, 4318849.393, 140
Trd, 4318849.493, 140
Trd, 4318850.193, 140
Trd, 4318850.793, 140
Trd, 4318853.093, 140
Trd, 4318853.793, 139
Trd, 4318854.443, 137
Trd, 4318854.943, 105
Trd, 4318855.743, 86
Trd, 4318857.293, 140
Trd, 4318857.443, 140
Trd, 4318857.693, 81
Trd, 4318858.693, 108
Trd, 4318859.043, 115
Trd, 4318859.743, 65
Trd, 4318860.293, 64
Trd, 4318861.093, 120
Trd, 4318862.093, 62
Trd, 4318862.793, 67
Trd, 4318863.443, 140
Trd, 4318864.243, 137
Trd, 4318864.443, 115
Trd, 4318865.043, 88
Trd, 4318866.093, 98
Trd, 4318866.293, 103
Trd, 4318868.193, 140
Trd, 4318868.493, 140
Trd, 4318868.993, 140
Trd, 4318869.943, 140
Trd, 4318870.193, 101
Trd, 4318870.693, 140
Trd, 4318870.943, 138
Trd, 4318871.243, 102
Trd, 4318871.743, 137
Trd, 4318873.443, 140
Trd, 4318873.943, 140
Trd, 4318874.243, 139
Trd, 4318875.443, 117
Trd, 4318875.893, 134
Trd, 4318876.643, 109
Trd, 4318877.543, 101
Trd, 4318878.343, 78
Trd, 4318879.293, 137
Trd, 4318879.543, 119
Trd, 4318881.343, 80
Trd, 4318881.543, 89
Trd, 4318883.243, 140
Trd, 4318883.293, 140
Trd, 4318883.893, 119
Trd, 4318884.743, 61
Trd, 4318884.993, 71
Trd, 4318885.843, 140
Trd, 4318886.043, 140
Trd, 4318886.193, 140
Trd, 4318887.343, 140
Trd, 4318887.493, 139
Trd, 4318888.693, 97
Trd, 4318889.443, 139
Trd, 4318891.143, 140
Trd, 4318891.893, 136
Trd, 4318892.993, 63
Trd, 4318893.693, 119
Trd, 4318893.993, 140
Trd, 4318894.043, 140
Trd, 4318894.593, 117
Trd, 4318895.793, 60
Trd, 4318896.593, 60
Trd, 4318896.693, 62
Trd, 4318897.093, 65
Trd, 4318897.943, 66
Trd, 4318898.793, 140
Trd, 4318899.243, 139
Trd, 4318900.543, 140
Trd, 4318901.993, 140
Trd, 4318902.343, 138
Trd, 4318902.543, 123
Trd, 4318902.843, 140
Trd, 4318903.293, 107
Trd, 4318903.793, 63
Trd, 4318904.593, 71
Trd, 4318904.793, 69
Trd, 4318905.243, 82
Trd, 4318905.593, 68
Trd, 4318906.243, 117
Trd, 4318907.743, 140
Trd, 4318908.143, 110
Trd, 4318908.343, 80
Trd, 4318909.393, 71
Trd, 4318910.893, 140
Trd, 4318911.743, 140
Trd, 4318912.193, 140
Trd, 4318912.943, 140
Trd, 4318913.443, 140
Trd, 4318914.393, 140
Trd, 4318914.893, 137
Trd, 4318915.143, 136
Trd, 4318915.643, 140
Trd, 4318915.993, 86
Trd, 4318916.643, 140
Trd, 4318917.693, 135
Trd, 4318917.943, 110
Trd, 4318918.793, 101
Trd, 4318919.693, 140
Trd, 4318920.343, 62
Trd, 4318920.943, 138
Trd, 4318921.393, 123
Trd, 4318921.793, 110
Trd, 4318922.643, 109
Trd, 4318924.093, 79
Trd, 4318925.143, 139
Trd, 4318925.293, 125
Trd, 4318925.843, 138
Trd, 4318926.043, 125
Trd, 4318926.293, 68
Trd, 4318927.893, 140
Trd, 4318928.293, 135
Trd, 4318929.193, 134
Trd, 4318929.543, 103
Trd, 4318929.893, 75
Trd, 4318931.093, 80
Trd, 4318931.593, 93
Trd, 4318931.693, 80
Trd, 4318932.143, 78
Trd, 4318932.543, 110
Trd, 4318932.843, 105
Trd, 4318933.093, 111
Trd, 4318933.943, 64
Trd, 4318934.793, 82
Trd, 4318935.743, 140
Trd, 4318936.093, 139
Trd, 4318936.443, 140
Trd, 4318937.643, 90
Trd, 4318939.493, 84
Trd, 4318940.043, 139
Trd, 4318940.243, 82
Trd, 4318940.843, 101
Trd, 4318941.693, 140
Trd, 4318941.843, 108
Trd, 4318942.543, 89
Trd, 4318944.043, 96
Trd, 4318944.693, 92
Trd, 4318944.893, 91
Trd, 4318945.043, 98
Trd, 4318945.343, 74
Trd, 4318946.093, 102
Trd, 4318946.193, 78
Trd, 4318946.743, 107
Trd, 4318947.543, 91
Trd, 4318947.993, 137
Trd, 4318948.843, 113
Trd, 4318949.193, 138
Trd, 4318949.743, 140
Trd, 4318951.343, 117
Trd, 4318951.893, 140
Trd, 4318952.193, 140
Trd, 4318952.593, 139
Trd, 4318953.493, 122
Trd, 4318953.993, 60
Trd, 4318954.093, 60
Trd, 4318954.693, 89
Trd, 4318955.593, 139
Trd, 4318956.393, 109
Trd, 4318956.743, 138
Trd, 4318957.243, 113
Trd, 4318958.343, 115
Trd, 4318958.643, 124
Trd, 4318960.093, 140
Trd, 4318960.643, 140
Trd, 4318962.443, 140
Trd, 4318963.293, 140
Trd, 4318963.693, 140
Trd, 4318963.893, 140
Trd, 4318964.893, 140
Trd, 4318965.293, 65
Trd, 4318965.893, 79
Trd, 4318966.843, 140
Trd, 4318966.943, 140
Trd, 4318969.393, 140
Trd, 4318969.843, 140
Trd, 4318970.343, 140
Trd, 4318970.993, 140
Trd, 4318971.093, 140
Trd, 4318971.393, 88
Trd, 4318973.543, 119
Trd, 4318973.793, 108
Trd, 4318974.143, 72
Trd, 4318974.243, 120
Trd, 4318975.243, 100
Trd, 4318976.143, 139
Trd, 4318977.443, 60
Trd, 4318979.193, 64
Trd, 4318979.443, 63
Trd, 4318979.843, 62
Trd, 4318980.193, 73
Trd, 4318980.693, 62
Trd, 4318981.743, 140
Trd, 4318983.043, 140
Trd, 4318983.543, 140
Trd, 4318983.593, 139
Trd, 4318984.643, 139
Trd, 4318985.443, 105
Trd, 4318985.543, 104
Trd, 4318985.993, 104
Trd, 4318986.793, 115
Trd, 4318987.043, 126
Trd, 4318988.343, 140
Trd, 4318989.243, 140
Trd, 4318989.493, 140
Trd, 4318990.093, 140
Trd, 4318990.793, 135
Trd, 4318990.943, 110
Trd, 4318992.643, 138
Trd, 4318993.043, 128
Trd, 4318993.493, 97
Trd, 4318994.943, 140
Trd, 4318995.993, 139
Trd, 4318996.243, 140
Trd, 4318996.543, 138
Trd, 4318996.943, 140
Trd, 4318997.693, 140
Trd, 4318998.493, 140
Trd, 4318998.893, 72
Trd, 4319000.743, 140
Trd, 4319000.943, 140
Trd, 4319001.743, 123
Trd, 4319002.343, 138
Trd, 4319003.393, 77
Trd, 4319004.193, 61
Trd, 4319004.643, 64
Trd, 4319004.693, 70
Trd, 4319005.243, 84
Trd, 4319005.593, 131
Trd, 4319006.743, 84
Trd, 4319008.293, 76
Trd, 4319008.393, 75
Trd, 4319008.943, 122
Trd, 4319010.443, 63
Trd, 4319010.643, 64
Trd, 4319011.343, 62
Trd, 4319011.543, 79
Trd, 4319012.243, 63
Trd, 4319012.443, 67
Trd, 4319013.243, 104
Trd, 4319015.493, 110
Trd, 4319015.693, 107
Trd, 4319016.693, 140
Trd, 4319018.243, 139
Trd, 4319018.393, 140
Trd, 4319018.443, 109
Trd, 4319018.843, 88
Trd, 4319019.743, 84
Trd, 4319020.293, 116
Trd, 4319021.593, 108
Trd, 4319022.843, 89
Trd, 4319023.443, 91
Trd, 4319023.893, 101
Trd, 4319025.593, 140
Trd, 4319025.943, 140
Trd, 4319026.543, 139
Trd, 4319026.743, 85
Trd, 4319027.193, 85
Trd, 4319027.243, 84
Trd, 4319027.543, 84
Trd, 4319027.993, 66
Trd, 4319029.293, 63
Trd, 4319030.393, 60
Trd, 4319030.793, 63
Trd, 4319033.293, 68
Trd, 4319034.043, 65
Trd, 4319034.493, 73
Trd, 4319034.743, 64
Trd, 4319035.743, 140
Trd, 4319035.843, 139
Trd, 4319036.193, 99
Trd, 4319038.143, 140
Trd, 4319038.643, 139
Trd, 4319040.143, 140
Trd, 4319040.543, 140
Trd, 4319040.793, 137
Trd, 4319041.043, 136
Trd, 4319041.093, 128
Trd, 4319042.043, 140
Trd, 4319043.343, 140
Trd, 4319044.143, 110
Trd, 4319045.543, 139
Trd, 4319047.593, 140
Trd, 4319047.693, 140
Trd, 4319047.843, 135
Trd, 4319048.443, 101
Trd, 4319048.943, 62
Trd, 4319049.893, 99
Trd, 4319050.593, 139
Trd, 4319051.393, 64
Trd, 4319052.143, 115
Trd, 4319052.793, 140
Trd, 4319053.393, 140
Trd, 4319054.093, 140
Trd, 4319054.643, 138
Trd, 4319054.843, 122
Trd, 4319057.593, 119
Trd, 4319057.693, 118
Trd, 4319059.793, 140
Trd, 4319060.593, 140
Trd, 4319060.743, 140
Trd, 4319060.843, 140
Trd, 4319061.893, 139
Trd, 4319062.943, 140
Trd, 4319064.043, 118
Trd, 4319064.343, 103
Trd, 4319064.893, 113
Trd, 4319067.243, 116
Trd, 4319067.393, 101
Trd, 4319067.893, 71
Trd, 4319068.343, 140
Trd, 4319068.743, 69
Trd, 4319069.043, 88
Trd, 4319072.543, 140
Trd, 4319072.643, 140
Trd, 4319072.743, 139
Trd, 4319072.843, 139
Trd, 4319074.093, 137
Trd, 4319075.593, 108
Trd, 4319076.043, 138
Trd, 4319076.543, 86
Trd, 4319077.093, 121
Trd, 4319077.243, 84
Trd, 4319077.493, 83
Trd, 4319078.543, 140
Trd, 4319078.993, 139
Trd, 4319079.143, 137
Trd, 4319079.243, 104
Trd, 4319080.593, 116
Trd, 4319082.393, 137
Trd, 4319084.943, 139
Trd, 4319085.143, 136
Trd, 4319086.493, 138
Trd, 4319086.743, 137
Trd, 4319087.243, 136
Trd, 4319087.843, 104
Trd, 4319087.893, 84
Trd, 4319089.043, 105
Trd, 4319089.693, 79
Trd, 4319089.743, 78
Trd, 4319090.543, 134
Trd, 4319090.693, 73
Trd, 4319091.443, 71
Trd, 4319093.393, 63
Trd, 4319093.443, 64
Trd, 4319093.493, 116
Trd, 4319094.043, 64
Trd, 4319095.193, 70
Trd, 4319095.393, 102
Trd, 4319096.393, 60
Trd, 4319098.343, 60
Trd, 4319099.043, 67
Trd, 4319099.593, 60
Trd, 4319100.193, 64
Trd, 4319100.443, 60
Trd, 4319101.643, 64
Trd, 4319102.093, 61
Trd, 4319102.293, 112
Trd, 4319102.443, 140
Trd, 4319103.093, 108
Trd, 4319104.293, 109
Trd, 4319104.993, 140
Trd, 4319105.043, 139
Trd, 4319105.793, 126
Trd, 4319106.643, 113
Trd, 4319106.993, 111
Trd, 4319108.293, 93
Trd, 4319109.143, 129
Trd, 4319110.293, 140
Trd, 4319110.393, 135
Trd, 4319111.093, 111
Trd, 4319111.693, 111
Trd, 4319112.993, 115
Trd, 4319113.043, 126
Trd, 4319113.093, 98
Trd, 4319114.093, 117
Trd, 4319114.843, 90
Trd, 4319115.243, 140
Trd, 4319115.693, 83
Trd, 4319116.193, 130
Trd, 4319116.643, 88
Trd, 4319118.093, 82
Trd, 4319118.543, 75
Trd, 4319118.993, 76
Trd, 4319120.993, 60
Trd, 4319121.293, 60
Trd, 4319121.793, 66
Trd, 4319123.193, 68
Trd, 4319123.343, 70
Trd, 4319123.693, 71
Trd, 4319124.043, 83
Trd, 4319124.893, 72
Trd, 4319125.043, 71
Trd, 4319125.443, 140
Trd, 4319125.843, 61
Trd, 4319127.093, 83
Trd, 4319128.643, 140
Trd, 4319130.493, 140
Trd, 4319131.243, 140
Trd, 4319131.293, 139
Trd, 4319131.593, 129
Trd, 4319131.643, 111
Trd, 4319133.743, 140
Trd, 4319133.943, 140
Trd, 4319134.893, 140
Trd, 4319135.093, 140
Trd, 4319135.993, 140
Trd, 4319136.493, 116
Trd, 4319137.543, 140
Trd, 4319137.993, 140
Trd, 4319138.343, 139
Trd, 4319139.193, 140
Trd, 4319139.643, 77
Trd, 4319140.443, 96
Trd, 4319141.143, 140
Trd, 4319142.193, 140
Trd, 4319142.493, 140
Trd, 4319142.693, 106
Trd, 4319143.593, 99
Trd, 4319143.943, 139
Trd, 4319144.893, 99
Trd, 4319146.293, 140
Trd, 4319146.643, 139
Trd, 4319147.693, 135
Trd, 4319147.943, 97
Trd, 4319148.993, 140
Trd, 4319149.193, 96
Trd, 4319149.243, 85
Trd, 4319149.593, 63
Trd, 4319150.393, 61
Trd, 4319151.143, 137
Trd, 4319153.243, 76
Trd, 4319154.043, 126
Trd, 4319154.193, 67
Trd, 4319155.693, 140
Trd, 4319156.693, 140
Trd, 4319156.843, 139
Trd, 4319157.193, 80
Trd, 4319158.693, 140
Trd, 4319158.793, 140
Trd, 4319159.143, 126
Trd, 4319159.293, 85
Trd, 4319160.343, 139
Trd, 4319160.493, 95
Trd, 4319160.693, 94
Trd, 4319162.393, 140
Trd, 4319163.093, 140
Trd, 4319163.943, 139
Trd, 4319163.993, 138
Trd, 4319164.793, 124
Trd, 4319166.243, 139
Trd, 4319166.293, 98
Trd, 4319167.593, 140
Trd, 4319167.843, 140
Trd, 4319168.293, 100
Trd, 4319168.393, 99
Trd, 4319169.393, 84
Trd, 4319170.543, 65
Trd, 4319171.193, 137
Trd, 4319171.943, 85
Trd, 4319171.993, 71
Trd, 4319172.493, 63
Trd, 4319173.693, 60
Trd, 4319174.293, 140
Trd, 4319176.193, 140
Trd, 4319176.543, 139
Trd, 4319176.843, 126
Trd, 4319177.743, 138
Trd, 4319178.193, 96
Trd, 4319178.793, 94
Trd, 4319179.143, 89
Trd, 4319179.443, 63
Trd, 4319180.043, 140
Trd, 4319180.193, 140
Trd, 4319180.343, 140
Trd, 4319181.793, 84
Trd, 4319183.243, 97
Trd, 4319184.193, 63
Trd, 4319184.293, 62
Trd, 4319184.793, 114
Trd, 4319185.093, 62
Trd, 4319185.793, 140
Trd, 4319187.043, 80
Trd, 4319187.093, 82
Trd, 4319188.043, 61
Trd, 4319188.793, 66
Trd, 4319190.543, 60
Trd, 4319191.543, 62
Trd, 4319192.743, 140
Trd, 4319193.093, 140
Trd, 4319193.193, 140
Trd, 4319193.493, 139
Trd, 4319193.893, 114
Trd, 4319193.943, 113
Trd, 4319194.393, 89
Trd, 4319195.393, 69
Trd, 4319195.493, 61
Trd, 4319196.643, 140
Trd, 4319196.993, 140
Trd, 4319198.093, 140
Trd, 4319199.093, 140
Trd, 4319199.743, 140
Trd, 4319200.293, 140
Trd, 4319200.843, 140
Trd, 4319201.693, 69
Trd, 4319202.243, 63
Trd, 4319204.143, 86
Trd, 4319204.943, 61
Trd, 4319205.593, 62
Trd, 4319205.993, 140
Trd, 4319206.343, 66
Trd, 4319207.093, 67
Trd, 4319207.993, 76
Trd, 4319208.243, 111
Trd, 4319209.793, 77
Trd, 4319209.993, 81
Trd, 4319211.643, 140
Trd, 4319213.493, 60
Trd, 4319213.693, 68
Trd, 4319214.393, 60
Trd, 4319214.493, 60
Trd, 4319214.843, 63
Trd, 4319215.893, 60
Trd, 4319216.343, 75
Trd, 4319216.543, 74
Trd, 4319218.893, 97
Trd, 4319219.743, 104
Trd, 4319220.543, 63
Trd, 4319220.593, 78
Trd, 4319220.993, 121
Trd, 4319222.793, 139
Trd, 4319222.843, 93
Trd, 4319223.293, 140
Trd, 4319223.893, 139
Trd, 4319224.493, 95
Trd, 4319224.693, 94
Trd, 4319225.593, 92
Trd, 4319226.443, 140
Trd, 4319227.843, 140
Trd, 4319227.993, 140
Trd, 4319228.343, 139
Trd, 4319228.543, 138
Trd, 4319229.593, 139
Trd, 4319231.293, 113
Trd, 4319231.693, 112
Trd, 4319232.393, 139
Trd, 4319234.143, 140
Trd, 4319234.943, 140
Trd, 4319235.143, 139
Trd, 4319235.443, 92
Trd, 4319237.343, 140
Trd, 4319237.993, 140
Trd, 4319238.743, 135
Trd, 4319239.093, 134
Trd, 4319239.493, 115
Trd, 4319239.643, 116
Trd, 4319240.443, 73
Trd, 4319242.443, 140
Trd, 4319242.843, 140
Trd, 4319243.193, 140
Trd, 4319244.343, 140
Trd, 4319244.893, 137
Trd, 4319246.143, 140
Trd, 4319246.243, 138
Trd, 4319246.393, 87
Trd, 4319247.793, 107
Trd, 4319248.443, 88
Trd, 4319249.193, 95
Trd, 4319249.493, 69
Trd, 4319250.043, 84
Trd, 4319250.993, 69
Trd, 4319251.443, 122
Trd, 4319253.793, 140
Trd, 4319254.343, 140
Trd, 4319254.443, 140
Trd, 4319255.093, 140
Trd, 4319255.843, 138
Trd, 4319255.893, 130
Trd, 4319256.043, 78
Trd, 4319256.393, 98
Trd, 4319256.743, 74
Trd, 4319257.243, 121
Trd, 4319257.793, 65
Trd, 4319258.643, 78
Trd, 4319260.243, 63
Trd, 4319260.343, 68
Trd, 4319262.793, 140
Trd, 4319263.093, 140
Trd, 4319263.293, 139
Trd, 4319264.543, 129
Trd, 4319264.793, 119
Trd, 4319265.593, 140
Trd, 4319266.693, 140
Trd, 4319267.993, 131
Trd, 4319268.943, 100
Trd, 4319269.393, 98
Trd, 4319269.943, 81
Trd, 4319270.043, 140
Trd, 4319270.543, 112
Trd, 4319272.593, 139
Trd, 4319272.993, 90
Trd, 4319273.693, 140
Trd, 4319274.193, 139
Trd, 4319275.843, 109
Trd, 4319276.143, 108
Trd, 4319276.693, 136
Trd, 4319277.493, 87
Trd, 4319277.993, 86
Trd, 4319278.243, 79
Trd, 4319278.793, 115
Trd, 4319279.893, 140
Trd, 4319280.793, 119
Trd, 4319280.843, 118
Trd, 4319282.393, 140
Trd, 4319283.043, 136
Trd, 4319283.993, 100
Trd, 4319285.343, 88
Trd, 4319285.493, 110
Trd, 4319285.843, 119
Trd, 4319286.243, 120
Trd, 4319286.693, 138
Trd, 4319286.843, 134
Trd, 4319286.993, 81
Trd, 4319289.793, 140
Trd, 4319289.943, 140
Trd, 4319290.043, 140
Trd, 4319290.593, 140
Trd, 4319290.643, 91
Trd, 4319291.993, 107
Trd, 4319292.293, 129
Trd, 4319292.593, 109
Trd, 4319293.243, 111
Trd, 4319293.293, 101
Trd, 4319294.893, 140
Trd, 4319296.543, 140
Trd, 4319297.293, 140
Trd, 4319297.693, 140
Trd, 4319298.893, 140
Trd, 4319299.093, 116
Trd, 4319299.493, 111
Trd, 4319299.993, 89
Trd, 4319300.743, 92
Trd, 4319301.743, 138
Trd, 4319303.843, 140
Trd, 4319304.243, 139
Trd, 4319304.343, 140
Trd, 4319305.193, 139
Trd, 4319305.543, 107
Trd, 4319305.993, 110
Trd, 4319306.593, 140
Trd, 4319306.993, 136
Trd, 4319307.743, 135
Trd, 4319308.393, 140
Trd, 4319309.443, 140
Trd, 4319309.493, 140
Trd, 4319309.843, 140
Trd, 4319311.093, 140
Trd, 4319311.893, 140
Trd, 4319314.093, 139
Trd, 4319314.293, 132
Trd, 4319314.893, 117
Trd, 4319314.943, 106
Trd, 4319315.293, 107
Trd, 4319315.643, 87
Trd, 4319317.243, 138
Trd, 4319317.343, 92
Trd, 4319317.993, 140
Trd, 4319319.743, 61
Trd, 4319320.393, 62
Trd, 4319321.443, 61
Trd, 4319322.143, 61
Trd, 4319322.293, 63
Trd, 4319323.343, 66
Trd, 4319325.643, 60
Trd, 4319326.343, 60
Trd, 4319326.793, 60
Trd, 4319327.743, 64
Trd, 4319327.943, 78
Trd, 4319328.993, 65
Trd, 4319329.443, 74
Trd, 4319329.643, 76
Trd, 4319330.243, 66
Trd, 4319330.643, 116
Trd, 4319330.693, 114
Trd, 4319331.743, 90
Trd, 4319331.943, 124
Trd, 4319332.293, 140
Trd, 4319332.443, 137
Trd, 4319332.993, 88
Trd, 4319334.343, 60
Trd, 4319335.443, 130
Trd, 4319335.943, 86
Trd, 4319336.593, 86
Trd, 4319337.893, 106
Trd, 4319338.193, 140
Trd, 4319339.093, 105
Trd, 4319340.193, 103
Trd, 4319340.243, 102
Trd, 4319340.643, 72
Trd, 4319341.093, 140
Trd, 4319343.143, 60
Trd, 4319343.543, 74
Trd, 4319343.693, 64
Trd, 4319344.493, 60
Trd, 4319345.143, 140
Trd, 4319345.243, 140
Trd, 4319346.293, 88
Trd, 4319347.043, 139
Trd, 4319347.843, 140
Trd, 4319348.643, 72
Trd, 4319350.693, 88
Trd, 4319350.993, 67
Trd, 4319351.593, 140
Trd, 4319351.843, 140
Trd, 4319352.393, 140
Trd, 4319352.493, 140
Trd, 4319353.093, 61
Trd, 4319354.743, 60
Trd, 4319355.143, 60
Trd, 4319356.743, 61
Trd, 4319357.143, 60
Trd, 4319357.543, 63
Trd, 4319358.043, 76
Trd, 4319358.793, 65
Trd, 4319360.243, 91
Trd, 4319360.693, 103
Trd, 4319361.293, 140
Trd, 4319362.143, 138
Trd, 4319362.343, 137
Trd, 4319363.443, 100
Trd, 4319364.093, 110
Trd, 4319364.943, 107
Trd, 4319365.643, 134
Trd, 4319366.143, 90
Trd, 4319366.693, 139
Trd, 4319367.143, 78
Trd, 4319367.643, 133
Trd, 4319368.393, 134
Trd, 4319368.643, 133
Trd, 4319368.943, 140
Trd, 4319371.193, 140
Trd, 4319371.543, 80
Trd, 4319372.043, 137
Trd, 4319373.943, 94
Trd, 4319374.043, 123
Trd, 4319374.643, 139
Trd, 4319376.043, 140
Trd, 4319376.343, 123
Trd, 4319376.793, 122
Trd, 4319377.243, 97
Trd, 4319378.393, 66
Trd, 4319378.643, 78
Trd, 4319379.293, 80
Trd, 4319379.893, 128
Trd, 4319380.093, 113
Trd, 4319380.143, 68
Trd, 4319382.293, 140
Trd, 4319383.893, 60
Trd, 4319384.343, 60
Trd, 4319384.493, 64
Trd, 4319384.743, 60
Trd, 4319385.243, 84
Trd, 4319385.793, 85
Trd, 4319386.693, 127
Trd, 4319386.943, 136
Trd, 4319387.243, 82
Trd, 4319387.593, 140
Trd, 4319389.293, 140
Trd, 4319389.593, 140
Trd, 4319390.043, 140
Trd, 4319391.943, 140
Trd, 4319392.543, 140
Trd, 4319392.593, 139
Trd, 4319393.593, 137
Trd, 4319395.093, 140
Trd, 4319395.543, 139
Trd, 4319395.743, 138
Trd, 4319396.643, 138
Trd, 4319397.143, 98
Trd, 4319398.143, 63
Trd, 4319398.593, 111
Trd, 4319399.893, 60
Trd, 4319400.493, 62
Trd, 4319401.043, 95
Trd, 4319401.743, 65
Trd, 4319402.043, 66
Trd, 4319402.393, 83
Trd, 4319403.293, 64
Trd, 4319403.693, 114
Trd, 4319404.393, 110
Trd, 4319405.743, 103
Trd, 4319406.393, 137
Trd, 4319406.543, 136
Trd, 4319406.793, 78
Trd, 4319406.943, 75
Trd, 4319407.893, 70
Trd, 4319409.043, 140
Trd, 4319409.293, 138
Trd, 4319410.243, 140
Trd, 4319410.343, 104
Trd, 4319411.243, 132
Trd, 4319411.743, 105
Trd, 4319412.093, 64
Trd, 4319412.893, 67
Trd, 4319413.443, 65
Trd, 4319414.793, 140
Trd, 4319415.293, 140
Trd, 4319416.243, 138
Trd, 4319416.993, 86
Trd, 4319418.143, 93
Trd, 4319418.943, 136
Trd, 4319419.243, 97
Trd, 4319419.293, 86
Trd, 4319420.293, 139
Trd, 4319420.643, 101
Trd, 4319421.143, 140
Trd, 4319422.093, 139
Trd, 4319423.893, 140
Trd, 4319423.943, 138
Trd, 4319424.693, 124
Trd, 4319425.093, 140
Trd, 4319426.343, 122
Trd, 4319426.893, 103
Trd, 4319427.093, 103
Trd, 4319428.143, 115
Trd, 4319428.843, 104
Trd, 4319429.043, 74
Trd, 4319431.293, 60
Trd, 4319431.793, 61
Trd, 4319432.343, 117
Trd, 4319432.493, 116
Trd, 4319432.543, 125
Trd, 4319433.543, 140
Trd, 4319434.693, 68
Trd, 4319435.093, 102
Trd, 4319436.093, 82
Trd, 4319436.543, 140
Trd, 4319436.893, 71
Trd, 4319437.143, 69
Trd, 4319437.243, 72
Trd, 4319437.843, 73
Trd, 4319438.943, 92
Trd, 4319439.593, 85
Trd, 4319440.043, 84
Trd, 4319441.243, 124
Trd, 4319442.893, 126
Trd, 4319443.243, 107
Trd, 4319444.193, 140
Trd, 4319444.243, 138
Trd, 4319444.293, 108
Trd, 4319444.543, 65
Trd, 4319445.943, 140
Trd, 4319446.793, 140
Trd, 4319446.993, 139
Trd, 4319447.893, 100
Trd, 4319448.693, 73
Trd, 4319449.843, 140
Trd, 4319450.043, 139
Trd, 4319450.243, 111
Trd, 4319450.643, 119
Trd, 4319451.493, 72
Trd, 4319452.443, 139
Trd, 4319452.643, 122
Trd, 4319453.893, 64
Trd, 4319454.093, 85
Trd, 4319455.143, 129
Trd, 4319456.143, 140
Trd, 4319456.843, 140
Trd, 4319457.143, 100
Trd, 4319458.593, 61
Trd, 4319459.143, 65
Trd, 4319459.343, 66
Trd, 4319460.293, 66
Trd, 4319460.443, 69
Trd, 4319462.143, 140
Trd, 4319462.343, 140
Trd, 4319462.843, 91
Trd, 4319463.193, 60
Trd, 4319463.693, 60
Trd, 4319464.643, 60
Trd, 4319465.193, 70
Trd, 4319466.993, 60
Trd, 4319467.393, 60
Trd, 4319468.593, 63
Trd, 4319469.193, 140
Trd, 4319469.393, 140
Trd, 4319470.593, 140
Trd, 4319470.793, 137
Trd, 4319471.193, 140
Trd, 4319472.693, 140
Trd, 4319472.793, 140
Trd, 4319473.593, 140
Trd, 4319474.043, 140
Trd, 4319474.293, 84
Trd, 4319475.343, 60
Trd, 4319475.943, 62
Trd, 4319476.143, 68
Trd, 4319476.743, 65
Trd, 4319476.943, 80
Trd, 4319477.293, 60
Trd, 4319478.443, 78
Trd, 4319480.093, 62
Trd, 4319480.293, 64
Trd, 4319481.143, 66
Trd, 4319481.943, 111
Trd, 4319481.993, 109
Trd, 4319482.993, 62
Trd, 4319485.343, 60
Trd, 4319486.743, 60
Trd, 4319486.793, 61
Trd, 4319486.843, 63
Trd, 4319486.993, 68
Trd, 4319488.093, 140
Trd, 4319488.143, 140
Trd, 4319488.843, 140
Trd, 4319489.043, 140
Trd, 4319490.243, 139
Trd, 4319491.093, 139
Trd, 4319491.393, 137
Trd, 4319491.943, 68
Trd, 4319492.643, 60
Trd, 4319493.043, 60
Trd, 4319494.343, 139
Trd, 4319494.893, 111
Trd, 4319495.343, 128
Trd, 4319496.593, 140
Trd, 4319497.143, 71
Trd, 4319497.293, 72
Trd, 4319497.893, 140
Trd, 4319498.143, 140
Trd, 4319499.843, 64
Trd, 4319501.093, 140
Trd, 4319502.593, 139
Trd, 4319503.143, 112
Trd, 4319503.293, 91
Trd, 4319503.393, 70
Trd, 4319503.893, 72
Trd, 4319505.793, 140
Trd, 4319506.343, 140
Trd, 4319508.643, 140
Trd, 4319510.193, 140
Trd, 4319510.693, 140
Trd, 4319510.893, 140
Trd, 4319512.643, 140
Trd, 4319513.593, 140
Trd, 4319514.143, 140
Trd, 4319514.293, 140
Trd, 4319514.943, 104
Trd, 4319514.993, 89
Trd, 4319516.243, 92
Trd, 4319516.943, 139
Trd, 4319517.393, 138
Trd, 4319518.093, 85
Trd, 4319519.043, 138
Trd, 4319519.493, 139
Trd, 4319520.043, 140
Trd, 4319520.943, 108
Trd, 4319521.693, 108
Trd, 4319522.193, 126
Trd, 4319523.343, 109
Trd, 4319523.493, 94
Trd, 4319523.643, 128
Trd, 4319524.493, 129
Trd, 4319525.843, 61
Trd, 4319525.893, 87
Trd, 4319526.593, 62
Trd, 4319527.543, 74
Trd, 4319528.293, 62
Trd, 4319529.543, 78
Trd, 4319530.193, 61
Trd, 4319531.043, 60
Trd, 4319531.143, 62
Trd, 4319531.543, 64
Trd, 4319531.643, 65
Trd, 4319532.343, 63
Trd, 4319532.943, 79
Trd, 4319534.693, 61
Trd, 4319535.043, 63
Trd, 4319535.593, 63
Trd, 4319536.793, 62
Trd, 4319537.943, 60
Trd, 4319538.043, 61
Trd, 4319538.493, 71
Trd, 4319539.193, 137
Trd, 4319539.443, 62
Trd, 4319540.793, 60
Trd, 4319542.593, 61
Trd, 4319542.893, 64
Trd, 4319543.043, 62
Trd, 4319543.643, 60
Trd, 4319544.193, 60
Trd, 4319544.493, 66
Trd, 4319544.543, 67
Trd, 4319544.993, 140
Trd, 4319545.843, 60
Trd, 4319546.093, 109
Trd, 4319547.793, 60
Trd, 4319548.493, 62
Trd, 4319549.593, 61
Trd, 4319551.093, 60
Trd, 4319551.443, 60
Trd, 4319551.993, 60
Trd, 4319552.193, 61
Trd, 4319552.393, 74
Trd, 4319552.693, 101
Trd, 4319553.293, 74
Trd, 4319553.793, 63
Trd, 4319554.743, 62
Trd, 4319554.943, 62
Trd, 4319555.343, 66
Trd, 4319556.343, 72
Trd, 4319556.643, 105
Trd, 4319559.143, 140
Trd, 4319559.293, 140
Trd, 4319559.793, 61
Trd, 4319560.893, 62
Trd, 4319561.293, 62
Trd, 4319561.993, 65
Trd, 4319563.193, 140
Trd, 4319564.343, 140
Trd, 4319565.543, 140
Trd, 4319565.843, 140
Trd, 4319566.643, 140
Trd, 4319567.443, 140
Trd, 4319567.593, 140
Trd, 4319567.743, 140
Trd, 4319568.193, 140
Trd, 4319568.543, 104
Trd, 4319569.093, 99
Trd, 4319569.243, 69
Trd, 4319570.343, 140
Trd, 4319570.893, 140
Trd, 4319571.943, 123
Trd, 4319572.843, 125
Trd, 4319572.893, 124
Trd, 4319573.743, 140
Trd, 4319575.393, 140
Trd, 4319576.993, 140
Trd, 4319577.493, 140
Trd, 4319577.593, 140
Trd, 4319577.693, 140
Trd, 4319579.343, 140
Trd, 4319579.743, 140
Trd, 4319580.843, 140
Trd, 4319581.293, 139
Trd, 4319581.893, 138
Trd, 4319583.093, 140
Trd, 4319583.293, 140
Trd, 4319583.793, 108
Trd, 4319584.193, 85
Trd, 4319584.293, 116
Trd, 4319584.893, 62
Trd, 4319585.143, 138
Trd, 4319586.193, 63
Trd, 4319587.493, 63
Trd, 4319587.843, 66
Trd, 4319588.843, 62
Trd, 4319589.543, 62
Trd, 4319590.593, 77
Trd, 4319590.743, 91
Trd, 4319591.793, 91
Trd, 4319592.743, 69
Trd, 4319593.693, 60
Trd, 4319595.043, 62
Trd, 4319595.143, 62
Trd, 4319596.143, 61
Trd, 4319596.543, 61
Trd, 4319596.593, 61
Trd, 4319597.293, 60
Trd, 4319597.543, 71
Trd, 4319598.093, 67
Trd, 4319599.443, 140
Trd, 4319600.393, 139
Trd, 4319600.543, 140
Trd, 4319600.743, 137
Trd, 4319601.193, 122
Trd, 4319602.393, 138
Trd, 4319602.893, 139
Trd, 4319603.393, 120
Trd, 4319603.843, 116
Trd, 4319604.393, 140
Trd, 4319604.843, 140
Trd, 4319606.943, 140
Trd, 4319607.043, 140
Trd, 4319607.343, 140
Trd, 4319608.343, 139
Trd, 4319608.393, 108
Trd, 4319609.093, 140
Trd, 4319609.793, 79
Trd, 4319610.793, 139
Trd, 4319612.543, 139
Trd, 4319612.943, 140
Trd, 4319614.043, 140
Trd, 4319614.243, 139
Trd, 4319614.943, 136
Trd, 4319614.993, 102
Trd, 4319615.193, 139
Trd, 4319615.493, 106
Trd, 4319615.593, 80
Trd, 4319618.193, 140
Trd, 4319618.843, 140
Trd, 4319620.643, 140
Trd, 4319620.943, 140
Trd, 4319621.793, 140
Trd, 4319622.343, 139
Trd, 4319622.443, 129
Trd, 4319622.543, 128
Trd, 4319623.043, 140
Trd, 4319623.743, 109
Trd, 4319624.443, 63
Trd, 4319625.193, 62
Trd, 4319625.643, 64
Trd, 4319627.093, 140
Trd, 4319627.693, 133
Trd, 4319627.793, 63
Trd, 4319628.293, 63
Trd, 4319629.543, 80
Trd, 4319631.393, 124
Trd, 4319632.193, 125
Trd, 4319632.793, 140
Trd, 4319632.843, 140
Trd, 4319633.693, 140
Trd, 4319633.743, 138
Trd, 4319634.443, 95
Trd, 4319634.893, 139
Trd, 4319636.643, 139
Trd, 4319636.793, 99
Trd, 4319637.693, 96
Trd, 4319638.293, 75
Trd, 4319640.243, 140
Trd, 4319640.593, 140
Trd, 4319641.193, 140
Trd, 4319641.543, 139
Trd, 4319643.193, 140
Trd, 4319643.293, 139
Trd, 4319643.543, 108
Trd, 4319643.893, 118
Trd, 4319644.743, 140
Trd, 4319645.693, 60
Trd, 4319646.493, 60
Trd, 4319647.893, 61
Trd, 4319648.093, 65
Trd, 4319649.243, 77
Trd, 4319649.793, 140
Trd, 4319650.193, 140
Trd, 4319650.493, 140
Trd, 4319652.043, 140
Trd, 4319652.343, 140
Trd, 4319653.493, 116
Trd, 4319653.593, 115
Trd, 4319654.043, 103
Trd, 4319654.943, 65
Trd, 4319655.593, 63
Trd, 4319655.793, 66
Trd, 4319656.143, 100
Trd, 4319656.493, 94
Trd, 4319659.193, 140
Trd, 4319659.743, 140
Trd, 4319660.843, 140
Trd, 4319661.643, 140
Trd, 4319661.743, 140
Trd, 4319662.743, 92
Trd, 4319662.793, 87
Trd, 4319663.693, 140
Trd, 4319664.493, 140
Trd, 4319665.093, 140
Trd, 4319665.493, 103
Trd, 4319666.743, 119
Trd, 4319667.393, 112
Trd, 4319669.093, 140
Trd, 4319669.793, 140
Trd, 4319670.543, 140
Trd, 4319671.843, 140
Trd, 4319672.943, 140
Trd, 4319673.193, 140
Trd, 4319673.443, 140
Trd, 4319673.693, 140
Trd, 4319674.293, 140
Trd, 4319675.093, 97
Trd, 4319676.443, 89
Trd, 4319677.393, 140
Trd, 4319677.593, 139
Trd, 4319678.293, 88
Trd, 4319678.743, 140
Trd, 4319680.093, 140
Trd, 4319681.493, 140
Trd, 4319682.343, 140
Trd, 4319682.943, 140
Trd, 4319683.093, 140
Trd, 4319684.343, 124
Trd, 4319684.443, 78
Trd, 4319684.643, 139
Trd, 4319684.943, 111
Trd, 4319685.443, 72
Trd, 4319685.843, 99
Trd, 4319687.943, 138
Trd, 4319688.743, 140
Trd, 4319688.943, 140
Trd, 4319689.293, 96
Trd, 4319690.293, 60
Trd, 4319690.543, 67
Trd, 4319690.693, 129
Trd, 4319691.843, 61
Trd, 4319691.993, 61
Trd, 4319692.643, 72
Trd, 4319694.593, 140
Trd, 4319695.593, 106
Trd, 4319695.943, 105
Trd, 4319696.093, 91
Trd, 4319697.193, 140
Trd, 4319698.943, 140
Trd, 4319699.343, 140
Trd, 4319700.043, 139
Trd, 4319700.643, 104
Trd, 4319700.893, 95
Trd, 4319701.993, 118
Trd, 4319702.193, 77
Trd, 4319703.293, 79
Trd, 4319703.443, 78
Trd, 4319705.243, 140
Trd, 4319705.443, 140
Trd, 4319706.543, 140
Trd, 4319708.243, 140
Trd, 4319708.593, 140
Trd, 4319708.943, 140
Trd, 4319709.293, 139
Trd, 4319709.643, 98
Trd, 4319710.793, 139
Trd, 4319710.993, 112
Trd, 4319711.393, 140
Trd, 4319712.793, 140
Trd, 4319714.393, 140
Trd, 4319714.893, 140
Trd, 4319715.093, 140
Trd, 4319716.793, 106
Trd, 4319717.693, 140
Trd, 4319718.693, 140
Trd, 4319719.143, 139
Trd, 4319719.593, 96
Trd, 4319719.793, 88
Trd, 4319719.893, 117
Trd, 4319720.543, 140
Trd, 4319721.793, 140
Trd, 4319722.493, 139
Trd, 4319723.943, 140
Trd, 4319725.393, 140
Trd, 4319725.493, 140
Trd, 4319725.693, 134
Trd, 4319726.243, 103
Trd, 4319726.443, 109
Trd, 4319726.743, 131
Trd, 4319728.143, 137
Trd, 4319728.893, 140
Trd, 4319729.893, 137
Trd, 4319730.493, 137
Trd, 4319731.693, 138
Trd, 4319732.093, 138
Trd, 4319732.393, 115
Trd, 4319734.043, 140
Trd, 4319735.143, 140
Trd, 4319735.343, 140
Trd, 4319735.593, 137
Trd, 4319735.743, 90
Trd, 4319736.493, 131
Trd, 4319737.343, 62
Trd, 4319737.393, 63
Trd, 4319737.493, 137
Trd, 4319738.643, 139
Trd, 4319739.793, 112
Trd, 4319740.243, 118
Trd, 4319740.443, 112
Trd, 4319740.893, 110
Trd, 4319742.043, 140
Trd, 4319742.393, 140
Trd, 4319743.143, 140
Trd, 4319743.593, 140
Trd, 4319743.643, 138
Trd, 4319744.893, 125
Trd, 4319745.343, 83
Trd, 4319746.393, 60
Trd, 4319747.143, 60
Trd, 4319747.293, 61
Trd, 4319747.793, 88
Trd, 4319749.343, 60
Trd, 4319749.643, 60
Trd, 4319750.893, 77
Trd, 4319750.943, 93
Trd, 4319751.343, 66
Trd, 4319752.243, 140
Trd, 4319754.043, 140
Trd, 4319754.393, 140
Trd, 4319754.943, 140
Trd, 4319755.243, 140
Trd, 4319755.693, 137
Trd, 4319756.893, 96
Trd, 4319756.943, 95
Trd, 4319757.043, 95
Trd, 4319758.593, 60
Trd, 4319759.093, 61
Trd, 4319759.443, 90
Trd, 4319759.993, 95
Trd, 4319763.293, 140
Trd, 4319763.493, 140
Trd, 4319763.843, 140
Trd, 4319764.193, 140
Trd, 4319764.843, 140
Trd, 4319765.243, 120
Trd, 4319765.743, 110
Trd, 4319765.993, 117
Trd, 4319766.443, 109
Trd, 4319768.493, 138
Trd, 4319768.743, 114
Trd, 4319769.493, 129
Trd, 4319769.593, 102
Trd, 4319770.243, 91
Trd, 4319770.843, 91
Trd, 4319770.943, 113
Trd, 4319771.543, 70
Trd, 4319773.893, 140
Trd, 4319773.993, 104
Trd, 4319774.543, 84
Trd, 4319774.893, 97
Trd, 4319775.343, 140
Trd, 4319775.693, 140
Trd, 4319776.343, 119
Trd, 4319777.493, 140
Trd, 4319778.543, 140
Trd, 4319779.393, 140
Trd, 4319780.593, 140
Trd, 4319780.643, 140
Trd, 4319782.193, 139
Trd, 4319782.493, 139
Trd, 4319782.693, 135
Trd, 4319783.793, 131
Trd, 4319785.743, 101
Trd, 4319787.193, 140
Trd, 4319787.243, 139
Trd, 4319788.243, 140
Trd, 4319788.693, 140
Trd, 4319789.193, 140
Trd, 4319789.643, 138
Trd, 4319790.293, 113
Trd, 4319792.243, 117
Trd, 4319792.493, 118
Trd, 4319792.843, 118
Trd, 4319793.493, 106
Trd, 4319794.043, 140
Trd, 4319794.893, 140
Trd, 4319795.143, 125
Trd, 4319797.143, 140
Trd, 4319797.593, 140
Trd, 4319798.193, 140
Trd, 4319798.543, 74
Trd, 4319799.343, 140
Trd, 4319800.243, 140
Trd, 4319801.043, 140
Trd, 4319801.643, 128
Trd, 4319802.693, 128
Trd, 4319803.493, 126
Trd, 4319804.893, 140
Trd, 4319804.943, 107
Trd, 4319805.793, 126
Trd, 4319805.893, 64
Trd, 4319807.043, 70
Trd, 4319807.593, 140
Trd, 4319807.943, 71
Trd, 4319808.443, 136
Trd, 4319810.093, 134
Trd, 4319810.243, 132
Trd, 4319810.543, 131
Trd, 4319810.943, 124
Trd, 4319811.343, 122
Trd, 4319812.193, 121
Trd, 4319812.893, 140
Trd, 4319813.593, 112
Trd, 4319815.043, 60
Trd, 4319815.593, 61
Trd, 4319816.293, 61
Trd, 4319817.643, 62
Trd, 4319818.343, 62
Trd, 4319818.993, 61
Trd, 4319819.043, 72
Trd, 4319819.393, 60
Trd, 4319820.743, 69
Trd, 4319821.593, 66
Trd, 4319822.393, 61
Trd, 4319823.643, 95
Trd, 4319823.743, 90
Trd, 4319824.843, 61
Trd, 4319825.243, 61
Trd, 4319826.293, 64
Trd, 4319826.993, 68
Trd, 4319827.293, 140
Trd, 4319827.993, 140
Trd, 4319828.693, 138
Trd, 4319829.843, 140
Trd, 4319829.993, 140
Trd, 4319830.093, 140
Trd, 4319830.743, 140
Trd, 4319831.593, 129
Trd, 4319832.293, 128
Trd, 4319834.093, 140
Trd, 4319834.243, 140
Trd, 4319834.493, 140
Trd, 4319834.593, 120
Trd, 4319835.643, 138
Trd, 4319835.993, 104
Trd, 4319836.693, 68
Trd, 4319837.493, 88
Trd, 4319838.693, 138
Trd, 4319839.643, 61
Trd, 4319839.693, 113
Trd, 4319840.643, 69
Trd, 4319841.943, 140
Trd, 4319842.093, 140
Trd, 4319842.443, 140
Trd, 4319843.793, 140
Trd, 4319844.193, 140
Trd, 4319844.743, 90
Trd, 4319846.343, 140
Trd, 4319847.343, 140
Trd, 4319847.393, 80
Trd, 4319847.793, 76
Trd, 4319848.293, 138
Trd, 4319848.793, 106
Trd, 4319849.693, 140
Trd, 4319850.293, 139
Trd, 4319850.793, 139
Trd, 4319851.943, 97
Trd, 4319852.843, 97
Trd, 4319854.443, 68
Trd, 4319855.243, 116
Trd, 4319855.543, 107
Trd, 4319855.593, 66
Trd, 4319855.893, 64
Trd, 4319856.093, 139
Trd, 4319856.893, 68
Trd, 4319858.443, 140
Trd, 4319858.743, 140
Trd, 4319859.443, 140
Trd, 4319859.743, 137
Trd, 4319860.293, 82
Trd, 4319860.843, 82
Trd, 4319862.093, 139
Trd, 4319862.893, 121
Trd, 4319863.143, 121
Trd, 4319863.193, 120
Trd, 4319864.993, 140
Trd, 4319865.643, 140
Trd, 4319867.393, 140
Trd, 4319868.043, 140
Trd, 4319868.293, 114
Trd, 4319868.543, 140
Trd, 4319869.043, 140
Trd, 4319870.593, 83
Trd, 4319871.893, 140
Trd, 4319872.293, 140
Trd, 4319872.893, 87
Trd, 4319873.043, 136
Trd, 4319873.243, 61
Trd, 4319873.393, 138
Trd, 4319874.543, 139
Trd, 4319875.143, 101
Trd, 4319875.993, 118
Trd, 4319876.193, 100
Trd, 4319876.293, 99
Trd, 4319877.793, 90
Trd, 4319877.993, 69
Trd, 4319878.243, 137
Trd, 4319878.493, 100
Trd, 4319879.343, 114
Trd, 4319880.393, 60
Trd, 4319881.093, 62
Trd, 4319881.193, 62
Trd, 4319881.543, 66
Trd, 4319883.043, 64
Trd, 4319883.693, 82
Trd, 4319884.093, 65
Trd, 4319884.943, 110
Trd, 4319886.043, 93
Trd, 4319886.343, 123
Trd, 4319886.593, 121
Trd, 4319887.193, 66
Trd, 4319887.493, 60
Trd, 4319887.543, 135
Trd, 4319888.443, 62
Trd, 4319888.993, 74
Trd, 4319889.643, 61
Trd, 4319889.743, 66
Trd, 4319890.643, 63
Trd, 4319890.693, 70
Trd, 4319891.693, 61
Trd, 4319893.793, 73
Trd, 4319893.943, 119
Trd, 4319894.443, 62
Trd, 4319895.643, 93
Trd, 4319895.893, 140
Trd, 4319896.593, 78
Trd, 4319897.743, 64
Trd, 4319898.393, 65
Trd, 4319898.743, 140
Trd, 4319899.893, 140
Trd, 4319900.093, 140
Trd, 4319900.193, 139
Trd, 4319900.493, 140
Trd, 4319900.543, 125
Trd, 4319901.943, 96
Trd, 4319902.593, 139
Trd, 4319903.443, 93
Trd, 4319903.593, 63
Trd, 4319904.493, 138
Trd, 4319905.493, 120
Trd, 4319905.743, 140
Trd, 4319907.043, 140
Trd, 4319907.893, 140
Trd, 4319908.243, 102
Trd, 4319908.793, 102
Trd, 4319908.843, 96
Trd, 4319909.143, 134
Trd, 4319909.343, 85
Trd, 4319909.693, 139
Trd, 4319910.593, 73
Trd, 4319911.543, 140
Trd, 4319912.193, 140
Trd, 4319912.643, 140
Trd, 4319914.693, 140
Trd, 4319914.843, 139
Trd, 4319915.143, 94
Trd, 4319917.543, 125
Trd, 4319917.593, 126
Trd, 4319918.093, 140
Trd, 4319918.493, 109
Trd, 4319919.993, 95
Trd, 4319920.193, 103
Trd, 4319920.493, 115
Trd, 4319920.843, 89
Trd, 4319921.343, 62
Trd, 4319922.093, 140
Trd, 4319922.593, 140
Trd, 4319922.793, 60
Trd, 4319923.643, 95
Trd, 4319924.793, 129
Trd, 4319925.643, 60
Trd, 4319925.743, 121
Trd, 4319926.343, 136
Trd, 4319927.893, 62
Trd, 4319929.193, 61
Trd, 4319929.993, 61
Trd, 4319930.193, 63
Trd, 4319930.343, 71
Trd, 4319930.943, 63
Trd, 4319932.093, 61
Trd, 4319932.243, 102
Trd, 4319933.643, 67
Trd, 4319934.043, 68
Trd, 4319934.593, 70
Trd, 4319934.943, 128
Trd, 4319935.843, 140
Trd, 4319935.993, 140
Trd, 4319936.743, 139
Trd, 4319937.993, 140
Trd, 4319938.493, 140
Trd, 4319940.293, 99
Trd, 4319941.093, 99
Trd, 4319941.693, 139
Trd, 4319941.743, 98
Trd, 4319942.193, 139
Trd, 4319943.393, 138
Trd, 4319943.443, 84
Trd, 4319944.993, 140
Trd, 4319945.093, 130
Trd, 4319946.643, 120
Trd, 4319947.793, 138
Trd, 4319948.143, 123
Trd, 4319948.543, 121
Trd, 4319948.843, 89
Trd, 4319948.993, 140
Trd, 4319950.193, 79
Trd, 4319950.743, 70
Trd, 4319952.493, 140
Trd, 4319953.243, 140
Trd, 4319953.343, 140
Trd, 4319954.993, 140
Trd, 4319955.043, 112
Trd, 4319955.343, 94
Trd, 4319956.093, 75
Trd, 4319956.793, 124
Trd, 4319957.143, 140
Trd, 4319957.843, 139
Trd, 4319958.993, 140
Trd, 4319959.843, 62
Trd, 4319960.443, 128
Trd, 4319961.343, 118
Trd, 4319962.343, 140
Trd, 4319962.943, 140
Trd, 4319963.643, 140
Trd, 4319964.343, 113
Trd, 4319965.393, 115
Trd, 4319966.593, 139
Trd, 4319967.093, 126
Trd, 4319967.243, 114
Trd, 4319967.643, 111
Trd, 4319968.543, 138
Trd, 4319968.743, 140
Trd, 4319969.843, 112
Trd, 4319970.493, 140
Trd, 4319971.343, 138
Trd, 4319972.243, 140
Trd, 4319972.543, 138
Trd, 4319972.693, 112
Trd, 4319973.393, 132
Trd, 4319974.093, 85
Trd, 4319974.993, 100
Trd, 4319975.893, 140
Trd, 4319976.193, 140
Trd, 4319977.993, 102
Trd, 4319978.543, 109
Trd, 4319978.943, 63
Trd, 4319979.393, 140
Trd, 4319979.693, 75
Trd, 4319980.243, 60
Trd, 4319980.993, 60
Trd, 4319981.643, 63
Trd, 4319983.743, 61
Trd, 4319984.393, 69
Trd, 4319984.543, 77
Trd, 4319985.493, 62
Trd, 4319986.143, 64
Trd, 4319986.593, 120
Trd, 4319987.793, 94
Trd, 4319988.593, 111
Trd, 4319989.093, 122
Trd, 4319989.993, 110
Trd, 4319990.093, 86
Trd, 4319990.643, 60
Trd, 4319990.893, 125
Trd, 4319992.293, 61
Trd, 4319993.143, 60
Trd, 4319994.443, 88
Trd, 4319995.143, 63
Trd, 4319995.193, 111
Trd, 4319995.643, 61
Trd, 4319996.143, 61
Trd, 4319996.393, 64
Trd, 4319997.493, 60
Trd, 4319999.093, 138
Trd, 4319999.293, 112
Trd, 4319999.693, 92
Trd, 4319999.743, 89
