Trd, 4318115.893, 140
Trd, 4318116.893, 140
Trd, 4318117.843, 139
Trd, 4318118.093, 140
Trd, 4318119.643, 139
Trd, 4318120.043, 140
Trd, 4318120.143, 138
Trd, 4318120.393, 127
Trd, 4318122.443, 140
Trd, 4318122.743, 140
Trd, 4318122.993, 140
Trd, 4318124.243, 140
Trd, 4318125.093, 140
Trd, 4318125.193, 139
Trd, 4318125.343, 139
Trd, 4318125.393, 138
Trd, 4318126.143, 140
Trd, 4318126.943, 137
Trd, 4318129.143, 140
Trd, 4318129.643, 139
Trd, 4318129.743, 136
Trd, 4318130.243, 128
Trd, 4318130.793, 140
Trd, 4318131.093, 140
Trd, 4318131.893, 140
Trd, 4318131.943, 139
Trd, 4318133.293, 139
Trd, 4318134.393, 140
Trd, 4318134.593, 140
Trd, 4318135.993, 140
Trd, 4318136.743, 140
Trd, 4318138.293, 140
Trd, 4318139.093, 140
Trd, 4318139.193, 140
Trd, 4318140.193, 140
Trd, 4318140.443, 140
Trd, 4318141.393, 140
Trd, 4318141.443, 139
Trd, 4318142.193, 140
Trd, 4318143.193, 139
Trd, 4318144.493, 140
Trd, 4318144.593, 140
Trd, 4318144.843, 107
Trd, 4318145.243, 139
Trd, 4318147.143, 140
Trd, 4318148.793, 140
Trd, 4318148.993, 140
Trd, 4318149.243, 139
Trd, 4318149.293, 139
Trd, 4318149.643, 138
Trd, 4318149.943, 138
Trd, 4318151.893, 140
Trd, 4318152.193, 140
Trd, 4318152.543, 140
Trd, 4318152.743, 140
Trd, 4318153.643, 140
Trd, 4318154.343, 139
Trd, 4318154.943, 140
Trd, 4318155.593, 140
Trd, 4318156.093, 139
Trd, 4318157.143, 140
Trd, 4318159.043, 140
Trd, 4318160.143, 140
Trd, 4318160.443, 140
Trd, 4318160.643, 140
Trd, 4318161.093, 140
Trd, 4318161.643, 139
Trd, 4318162.193, 140
Trd, 4318162.243, 139
Trd, 4318163.543, 140
Trd, 4318165.543, 140
Trd, 4318165.843, 140
Trd, 4318166.243, 140
Trd, 4318168.043, 140
Trd, 4318168.643, 140
Trd, 4318169.043, 140
Trd, 4318169.243, 139
Trd, 4318169.543, 139
Trd, 4318170.243, 138
Trd, 4318170.893, 137
Trd, 4318171.093, 137
Trd, 4318172.143, 140
Trd, 4318172.743, 140
Trd, 4318174.043, 140
Trd, 4318174.093, 139
Trd, 4318174.793, 140
Trd, 4318175.943, 140
Trd, 4318176.543, 140
Trd, 4318176.843, 140
Trd, 4318178.693, 140
Trd, 4318178.743, 140
Trd, 4318179.043, 140
Trd, 4318180.793, 140
Trd, 4318183.043, 140
Trd, 4318183.493, 140
Trd, 4318183.643, 140
Trd, 4318184.043, 140
Trd, 4318184.443, 140
Trd, 4318185.643, 139
Trd, 4318185.693, 137
Trd, 4318186.043, 140
Trd, 4318187.043, 131
Trd, 4318188.493, 138
Trd, 4318188.743, 139
Trd, 4318189.043, 138
Trd, 4318189.543, 140
Trd, 4318190.093, 140
Trd, 4318190.193, 139
Trd, 4318191.143, 140
Trd, 4318192.643, 137
Trd, 4318192.793, 138
Trd, 4318192.843, 126
Trd, 4318193.093, 139
Trd, 4318193.843, 135
Trd, 4318194.693, 140
Trd, 4318196.893, 139
Trd, 4318197.143, 140
Trd, 4318199.143, 140
Trd, 4318199.243, 140
Trd, 4318201.143, 140
Trd, 4318201.693, 140
Trd, 4318203.443, 140
Trd, 4318203.743, 140
Trd, 4318204.143, 139
Trd, 4318204.943, 137
Trd, 4318205.293, 138
Trd, 4318205.443, 125
Trd, 4318205.543, 84
Trd, 4318207.043, 140
Trd, 4318207.993, 138
Trd, 4318209.093, 140
Trd, 4318209.243, 140
Trd, 4318209.793, 140
Trd, 4318209.893, 138
Trd, 4318210.893, 139
Trd, 4318213.543, 140
Trd, 4318213.993, 140
Trd, 4318215.043, 140
Trd, 4318215.543, 140
Trd, 4318215.793, 140
Trd, 4318217.393, 139
Trd, 4318218.393, 139
Trd, 4318218.593, 138
Trd, 4318219.093, 139
Trd, 4318219.643, 139
Trd, 4318219.893, 134
Trd, 4318221.393, 60
Trd, 4318221.443, 61
Trd, 4318223.243, 140
Trd, 4318223.543, 140
Trd, 4318223.943, 140
Trd, 4318224.243, 139
Trd, 4318224.543, 139
Trd, 4318225.643, 138
Trd, 4318225.693, 126
Trd, 4318225.843, 140
Trd, 4318227.093, 140
Trd, 4318227.743, 140
Trd, 4318227.843, 76
Trd, 4318228.293, 140
Trd, 4318228.793, 137
Trd, 4318229.493, 140
Trd, 4318229.993, 93
Trd, 4318231.093, 68
Trd, 4318231.693, 137
Trd, 4318232.493, 140
Trd, 4318235.593, 140
Trd, 4318235.693, 140
Trd, 4318236.743, 140
Trd, 4318236.793, 140
Trd, 4318236.943, 139
Trd, 4318237.243, 127
Trd, 4318237.293, 67
Trd, 4318238.643, 140
Trd, 4318239.993, 140
Trd, 4318240.593, 139
Trd, 4318240.843, 139
Trd, 4318243.393, 140
Trd, 4318244.343, 140
Trd, 4318245.393, 140
Trd, 4318246.143, 140
Trd, 4318246.343, 140
Trd, 4318247.293, 140
Trd, 4318247.693, 140
Trd, 4318248.793, 140
Trd, 4318248.943, 140
Trd, 4318250.493, 140
Trd, 4318250.893, 140
Trd, 4318252.193, 140
Trd, 4318253.743, 140
Trd, 4318254.593, 138
Trd, 4318255.193, 140
Trd, 4318255.243, 140
Trd, 4318255.293, 126
Trd, 4318255.743, 94
Trd, 4318256.393, 140
Trd, 4318258.243, 138
Trd, 4318258.443, 140
Trd, 4318259.493, 140
Trd, 4318259.593, 139
Trd, 4318259.743, 138
Trd, 4318261.193, 140
Trd, 4318261.543, 138
Trd, 4318262.593, 140
Trd, 4318263.493, 140
Trd, 4318263.693, 140
Trd, 4318264.143, 136
Trd, 4318265.443, 140
Trd, 4318266.543, 139
Trd, 4318266.593, 134
Trd, 4318267.793, 139
Trd, 4318268.793, 140
Trd, 4318269.143, 137
Trd, 4318269.493, 140
Trd, 4318270.443, 140
Trd, 4318271.043, 140
Trd, 4318271.593, 140
Trd, 4318273.093, 140
Trd, 4318274.393, 140
Trd, 4318274.493, 140
Trd, 4318275.343, 140
Trd, 4318275.993, 140
Trd, 4318276.393, 140
Trd, 4318277.493, 140
Trd, 4318278.993, 140
Trd, 4318279.093, 140
Trd, 4318279.743, 140
Trd, 4318280.443, 140
Trd, 4318280.593, 137
Trd, 4318280.693, 130
Trd, 4318281.793, 140
Trd, 4318282.293, 138
Trd, 4318283.393, 140
Trd, 4318284.443, 140
Trd, 4318285.343, 140
Trd, 4318285.943, 139
Trd, 4318286.543, 139
Trd, 4318288.093, 140
Trd, 4318288.193, 138
Trd, 4318289.743, 139
Trd, 4318290.543, 140
Trd, 4318291.893, 140
Trd, 4318292.243, 140
Trd, 4318292.893, 140
Trd, 4318294.343, 140
Trd, 4318294.693, 140
Trd, 4318294.943, 139
Trd, 4318295.443, 140
Trd, 4318295.543, 138
Trd, 4318297.893, 140
Trd, 4318298.043, 140
Trd, 4318298.593, 139
Trd, 4318299.143, 139
Trd, 4318299.193, 138
Trd, 4318300.143, 140
Trd, 4318301.593, 140
Trd, 4318302.443, 140
Trd, 4318304.343, 140
Trd, 4318304.393, 140
Trd, 4318305.243, 140
Trd, 4318306.143, 140
Trd, 4318307.293, 137
Trd, 4318307.643, 140
Trd, 4318307.993, 140
Trd, 4318308.493, 127
Trd, 4318310.743, 140
Trd, 4318311.393, 140
Trd, 4318311.843, 140
Trd, 4318313.343, 139
Trd, 4318313.443, 139
Trd, 4318314.643, 140
Trd, 4318314.743, 140
Trd, 4318315.293, 138
Trd, 4318315.393, 136
Trd, 4318315.943, 112
Trd, 4318316.243, 113
Trd, 4318316.743, 134
Trd, 4318318.943, 140
Trd, 4318319.093, 139
Trd, 4318319.993, 139
Trd, 4318320.093, 138
Trd, 4318321.443, 140
Trd, 4318321.843, 138
Trd, 4318322.093, 139
Trd, 4318323.243, 140
Trd, 4318323.743, 140
Trd, 4318325.143, 140
Trd, 4318325.643, 139
Trd, 4318326.543, 140
Trd, 4318327.793, 140
Trd, 4318328.143, 139
Trd, 4318329.993, 140
Trd, 4318330.343, 140
Trd, 4318330.543, 139
Trd, 4318331.043, 140
Trd, 4318331.893, 140
Trd, 4318332.143, 129
Trd, 4318333.893, 140
Trd, 4318333.943, 140
Trd, 4318334.543, 140
Trd, 4318334.643, 140
Trd, 4318334.693, 139
Trd, 4318336.043, 139
Trd, 4318337.843, 140
Trd, 4318337.993, 140
Trd, 4318338.343, 140
Trd, 4318338.443, 140
Trd, 4318339.093, 140
Trd, 4318339.993, 140
Trd, 4318341.243, 140
Trd, 4318344.243, 140
Trd, 4318344.543, 140
Trd, 4318344.693, 140
Trd, 4318346.793, 140
Trd, 4318348.043, 140
Trd, 4318348.093, 140
Trd, 4318348.143, 140
Trd, 4318348.543, 140
Trd, 4318349.393, 139
Trd, 4318349.493, 139
Trd, 4318349.943, 138
Trd, 4318349.993, 127
Trd, 4318351.493, 140
Trd, 4318351.643, 139
Trd, 4318352.243, 140
Trd, 4318352.643, 128
Trd, 4318353.043, 83
Trd, 4318354.193, 140
Trd, 4318354.543, 139
Trd, 4318355.043, 138
Trd, 4318355.393, 128
Trd, 4318356.593, 138
Trd, 4318357.443, 68
Trd, 4318357.993, 62
Trd, 4318358.793, 140
Trd, 4318359.193, 140
Trd, 4318359.293, 133
Trd, 4318360.143, 63
Trd, 4318361.693, 60
Trd, 4318362.293, 61
Trd, 4318362.843, 85
Trd, 4318362.943, 86
Trd, 4318363.893, 62
Trd, 4318364.093, 87
Trd, 4318364.193, 128
Trd, 4318364.643, 128
Trd, 4318366.043, 139
Trd, 4318367.443, 139
Trd, 4318367.993, 140
Trd, 4318368.043, 127
Trd, 4318368.443, 140
Trd, 4318369.243, 140
Trd, 4318369.293, 139
Trd, 4318370.293, 140
Trd, 4318370.843, 140
Trd, 4318372.093, 140
Trd, 4318372.193, 139
Trd, 4318372.893, 139
Trd, 4318373.243, 138
Trd, 4318373.593, 137
Trd, 4318374.143, 128
Trd, 4318374.293, 61
Trd, 4318375.193, 139
Trd, 4318375.393, 63
Trd, 4318375.893, 69
Trd, 4318377.593, 140
Trd, 4318377.893, 140
Trd, 4318378.043, 140
Trd, 4318379.593, 139
Trd, 4318380.043, 140
Trd, 4318380.543, 140
Trd, 4318381.043, 138
Trd, 4318383.393, 140
Trd, 4318384.043, 140
Trd, 4318384.093, 140
Trd, 4318384.293, 139
Trd, 4318384.643, 139
Trd, 4318385.093, 140
Trd, 4318385.443, 138
Trd, 4318386.343, 138
Trd, 4318386.693, 140
Trd, 4318386.743, 127
Trd, 4318387.343, 79
Trd, 4318387.643, 107
Trd, 4318387.943, 138
Trd, 4318388.693, 138
Trd, 4318390.143, 139
Trd, 4318392.243, 139
Trd, 4318392.543, 140
Trd, 4318393.443, 140
Trd, 4318393.993, 140
Trd, 4318394.143, 140
Trd, 4318396.743, 140
Trd, 4318397.493, 140
Trd, 4318397.793, 139
Trd, 4318398.143, 139
Trd, 4318398.293, 139
Trd, 4318399.643, 140
Trd, 4318401.293, 140
Trd, 4318401.643, 139
Trd, 4318402.593, 140
Trd, 4318402.743, 140
Trd, 4318404.543, 140
Trd, 4318406.743, 140
Trd, 4318407.793, 140
Trd, 4318407.943, 140
Trd, 4318408.143, 140
Trd, 4318408.643, 140
Trd, 4318410.093, 140
Trd, 4318410.193, 137
Trd, 4318411.193, 140
Trd, 4318412.843, 140
Trd, 4318413.243, 140
Trd, 4318413.743, 140
Trd, 4318413.893, 140
Trd, 4318414.843, 140
Trd, 4318415.043, 140
Trd, 4318415.343, 140
Trd, 4318416.143, 140
Trd, 4318416.193, 138
Trd, 4318416.793, 129
Trd, 4318418.243, 140
Trd, 4318419.743, 140
Trd, 4318420.743, 140
Trd, 4318421.893, 140
Trd, 4318422.793, 140
Trd, 4318422.893, 139
Trd, 4318423.093, 140
Trd, 4318424.343, 139
Trd, 4318424.943, 139
Trd, 4318426.193, 140
Trd, 4318426.293, 140
Trd, 4318428.193, 140
Trd, 4318428.543, 140
Trd, 4318429.493, 140
Trd, 4318429.843, 140
Trd, 4318432.093, 140
Trd, 4318432.343, 139
Trd, 4318432.543, 139
Trd, 4318432.843, 140
Trd, 4318434.743, 140
Trd, 4318434.793, 140
Trd, 4318435.743, 140
Trd, 4318436.443, 140
Trd, 4318436.743, 140
Trd, 4318437.093, 139
Trd, 4318437.293, 140
Trd, 4318438.643, 139
Trd, 4318439.043, 139
Trd, 4318439.843, 140
Trd, 4318440.493, 140
Trd, 4318440.993, 140
Trd, 4318442.393, 140
Trd, 4318443.793, 140
Trd, 4318444.043, 140
Trd, 4318445.143, 140
Trd, 4318445.293, 140
Trd, 4318446.293, 140
Trd, 4318447.043, 140
Trd, 4318448.693, 140
Trd, 4318449.043, 139
Trd, 4318451.393, 140
Trd, 4318451.643, 140
Trd, 4318452.593, 140
Trd, 4318452.993, 140
Trd, 4318453.143, 140
Trd, 4318453.343, 139
Trd, 4318454.643, 140
Trd, 4318456.143, 140
Trd, 4318456.793, 140
Trd, 4318457.093, 140
Trd, 4318457.693, 138
Trd, 4318457.843, 139
Trd, 4318457.943, 137
Trd, 4318460.443, 72
Trd, 4318461.393, 140
Trd, 4318461.593, 140
Trd, 4318461.943, 139
Trd, 4318463.993, 140
Trd, 4318464.243, 139
Trd, 4318466.493, 140
Trd, 4318467.043, 140
Trd, 4318467.393, 140
Trd, 4318468.193, 140
Trd, 4318469.143, 140
Trd, 4318469.393, 139
Trd, 4318469.893, 138
Trd, 4318470.543, 136
Trd, 4318470.593, 125
Trd, 4318471.543, 62
Trd, 4318472.043, 127
Trd, 4318472.793, 140
Trd, 4318473.293, 140
Trd, 4318476.043, 140
Trd, 4318476.843, 140
Trd, 4318476.893, 140
Trd, 4318477.793, 140
Trd, 4318478.543, 140
Trd, 4318478.593, 137
Trd, 4318479.893, 137
Trd, 4318480.443, 121
Trd, 4318480.643, 83
Trd, 4318481.243, 140
Trd, 4318481.993, 62
Trd, 4318482.443, 62
Trd, 4318483.543, 63
Trd, 4318483.893, 64
Trd, 4318486.693, 140
Trd, 4318487.043, 140
Trd, 4318487.093, 137
Trd, 4318487.143, 128
Trd, 4318487.743, 139
Trd, 4318487.893, 140
Trd, 4318488.043, 107
Trd, 4318489.993, 139
Trd, 4318491.243, 140
Trd, 4318491.493, 139
Trd, 4318491.943, 139
Trd, 4318493.093, 140
Trd, 4318493.943, 140
Trd, 4318494.593, 140
Trd, 4318495.443, 140
Trd, 4318496.543, 140
Trd, 4318496.593, 139
Trd, 4318496.893, 139
Trd, 4318497.243, 139
Trd, 4318497.343, 139
Trd, 4318499.193, 140
Trd, 4318499.493, 136
Trd, 4318500.343, 138
Trd, 4318500.693, 139
Trd, 4318500.993, 126
Trd, 4318501.693, 140
Trd, 4318501.843, 140
Trd, 4318502.443, 140
Trd, 4318502.643, 140
Trd, 4318503.093, 136
Trd, 4318503.893, 137
Trd, 4318504.593, 140
Trd, 4318505.093, 140
Trd, 4318506.493, 140
Trd, 4318507.443, 140
Trd, 4318508.293, 139
Trd, 4318508.443, 139
Trd, 4318509.143, 140
Trd, 4318509.243, 139
Trd, 4318509.643, 140
Trd, 4318510.893, 140
Trd, 4318510.993, 138
Trd, 4318512.643, 140
Trd, 4318513.893, 140
Trd, 4318514.843, 140
Trd, 4318514.893, 140
Trd, 4318516.293, 140
Trd, 4318516.893, 138
Trd, 4318517.193, 139
Trd, 4318517.893, 139
Trd, 4318518.093, 138
Trd, 4318518.693, 108
Trd, 4318519.243, 140
Trd, 4318519.993, 139
Trd, 4318521.843, 140
Trd, 4318521.943, 140
Trd, 4318522.893, 140
Trd, 4318523.643, 140
Trd, 4318524.143, 140
Trd, 4318524.543, 140
Trd, 4318524.893, 140
Trd, 4318526.793, 140
Trd, 4318527.643, 139
Trd, 4318527.793, 127
Trd, 4318529.643, 140
Trd, 4318529.943, 140
Trd, 4318530.243, 140
Trd, 4318530.293, 139
Trd, 4318531.443, 140
Trd, 4318532.243, 140
Trd, 4318534.293, 138
Trd, 4318534.693, 140
Trd, 4318535.693, 140
Trd, 4318537.043, 140
Trd, 4318537.343, 140
Trd, 4318537.643, 139
Trd, 4318538.093, 127
Trd, 4318538.893, 140
Trd, 4318540.693, 140
Trd, 4318540.943, 140
Trd, 4318541.593, 139
Trd, 4318542.193, 140
Trd, 4318542.693, 139
Trd, 4318543.893, 140
Trd, 4318544.193, 137
Trd, 4318544.443, 136
Trd, 4318544.593, 92
Trd, 4318546.093, 140
Trd, 4318546.993, 140
Trd, 4318547.693, 140
Trd, 4318547.943, 140
Trd, 4318548.293, 139
Trd, 4318548.593, 138
Trd, 4318549.693, 138
Trd, 4318549.993, 77
Trd, 4318550.343, 135
Trd, 4318551.343, 140
Trd, 4318552.643, 140
Trd, 4318552.993, 140
Trd, 4318553.543, 140
Trd, 4318553.843, 139
Trd, 4318554.593, 140
Trd, 4318555.043, 116
Trd, 4318556.843, 140
Trd, 4318557.393, 140
Trd, 4318557.693, 140
Trd, 4318557.893, 140
Trd, 4318560.343, 140
Trd, 4318560.793, 140
Trd, 4318561.043, 139
Trd, 4318561.443, 140
Trd, 4318561.593, 127
Trd, 4318561.893, 140
Trd, 4318562.393, 140
Trd, 4318563.043, 139
Trd, 4318563.993, 139
Trd, 4318564.243, 139
Trd, 4318564.993, 89
Trd, 4318565.193, 83
Trd, 4318567.793, 140
Trd, 4318568.543, 140
Trd, 4318568.943, 140
Trd, 4318569.943, 140
Trd, 4318571.843, 140
Trd, 4318572.793, 140
Trd, 4318573.193, 140
Trd, 4318573.243, 139
Trd, 4318573.593, 139
Trd, 4318573.693, 137
Trd, 4318573.893, 117
Trd, 4318575.143, 139
Trd, 4318575.243, 140
Trd, 4318575.643, 140
Trd, 4318576.443, 139
Trd, 4318576.543, 138
Trd, 4318577.743, 139
Trd, 4318577.943, 139
Trd, 4318578.693, 129
Trd, 4318579.093, 131
Trd, 4318579.193, 76
Trd, 4318580.643, 139
Trd, 4318581.443, 138
Trd, 4318582.193, 139
Trd, 4318582.793, 138
Trd, 4318582.843, 139
Trd, 4318583.593, 140
Trd, 4318583.793, 140
Trd, 4318583.843, 137
Trd, 4318584.743, 140
Trd, 4318584.793, 127
Trd, 4318585.693, 140
Trd, 4318587.293, 140
Trd, 4318588.593, 139
Trd, 4318589.443, 140
Trd, 4318590.443, 140
Trd, 4318591.143, 140
Trd, 4318591.193, 139
Trd, 4318591.943, 140
Trd, 4318592.893, 140
Trd, 4318593.393, 140
Trd, 4318593.793, 140
Trd, 4318594.693, 140
Trd, 4318595.093, 139
Trd, 4318595.243, 140
Trd, 4318595.593, 118
Trd, 4318595.643, 99
Trd, 4318596.993, 140
Trd, 4318598.143, 140
Trd, 4318598.493, 140
Trd, 4318599.143, 140
Trd, 4318599.943, 140
Trd, 4318601.193, 140
Trd, 4318601.243, 139
Trd, 4318602.093, 140
Trd, 4318603.293, 140
Trd, 4318604.093, 140
Trd, 4318604.693, 140
Trd, 4318605.193, 138
Trd, 4318605.643, 140
Trd, 4318605.893, 140
Trd, 4318606.543, 139
Trd, 4318607.793, 139
Trd, 4318608.493, 134
Trd, 4318608.943, 122
Trd, 4318609.593, 118
Trd, 4318610.743, 140
Trd, 4318611.743, 140
Trd, 4318611.943, 139
Trd, 4318612.293, 140
Trd, 4318612.693, 136
Trd, 4318614.943, 140
Trd, 4318615.093, 140
Trd, 4318617.043, 140
Trd, 4318617.943, 140
Trd, 4318618.043, 140
Trd, 4318618.293, 140
Trd, 4318618.893, 140
Trd, 4318619.343, 139
Trd, 4318619.943, 140
Trd, 4318620.443, 140
Trd, 4318622.193, 140
Trd, 4318622.593, 140
Trd, 4318623.093, 140
Trd, 4318624.193, 140
Trd, 4318625.693, 140
Trd, 4318626.043, 140
Trd, 4318627.143, 140
Trd, 4318627.243, 140
Trd, 4318627.843, 140
Trd, 4318629.493, 140
Trd, 4318629.693, 140
Trd, 4318630.643, 136
Trd, 4318631.093, 140
Trd, 4318631.493, 69
Trd, 4318631.643, 70
Trd, 4318632.243, 140
Trd, 4318632.543, 140
Trd, 4318635.393, 139
Trd, 4318635.493, 137
Trd, 4318636.543, 140
Trd, 4318638.043, 140
Trd, 4318638.243, 140
Trd, 4318638.343, 138
Trd, 4318639.143, 140
Trd, 4318639.293, 127
Trd, 4318639.843, 107
Trd, 4318640.643, 60
Trd, 4318640.943, 61
Trd, 4318641.193, 139
Trd, 4318642.293, 139
Trd, 4318642.843, 140
Trd, 4318643.843, 139
Trd, 4318645.643, 140
Trd, 4318645.893, 140
Trd, 4318646.093, 140
Trd, 4318647.843, 140
Trd, 4318648.193, 139
Trd, 4318649.193, 140
Trd, 4318649.643, 140
Trd, 4318649.893, 140
Trd, 4318651.143, 140
Trd, 4318651.493, 139
Trd, 4318651.993, 139
Trd, 4318652.343, 139
Trd, 4318653.993, 140
Trd, 4318654.093, 140
Trd, 4318654.193, 138
Trd, 4318655.443, 140
Trd, 4318655.993, 139
Trd, 4318656.693, 140
Trd, 4318659.443, 140
Trd, 4318660.443, 140
Trd, 4318660.893, 139
Trd, 4318661.193, 140
Trd, 4318661.843, 139
Trd, 4318662.243, 139
Trd, 4318663.343, 140
Trd, 4318663.443, 140
Trd, 4318664.743, 140
Trd, 4318665.493, 140
Trd, 4318665.743, 140
Trd, 4318668.293, 140
Trd, 4318668.493, 140
Trd, 4318669.443, 140
Trd, 4318669.993, 140
Trd, 4318671.543, 140
Trd, 4318672.043, 140
Trd, 4318672.193, 140
Trd, 4318673.043, 138
Trd, 4318673.643, 140
Trd, 4318674.943, 140
Trd, 4318675.493, 140
Trd, 4318676.043, 140
Trd, 4318677.793, 140
Trd, 4318678.993, 140
Trd, 4318679.593, 140
Trd, 4318679.743, 140
Trd, 4318680.793, 140
Trd, 4318681.243, 140
Trd, 4318682.143, 140
Trd, 4318683.243, 140
Trd, 4318683.943, 140
Trd, 4318684.193, 139
Trd, 4318685.693, 140
Trd, 4318686.243, 140
Trd, 4318687.093, 140
Trd, 4318687.593, 140
Trd, 4318688.143, 140
Trd, 4318688.743, 140
Trd, 4318689.143, 140
Trd, 4318689.993, 140
Trd, 4318692.193, 140
Trd, 4318692.593, 140
Trd, 4318693.193, 140
Trd, 4318693.643, 139
Trd, 4318693.943, 139
Trd, 4318695.293, 140
Trd, 4318695.443, 138
Trd, 4318696.093, 140
Trd, 4318696.593, 139
Trd, 4318696.843, 140
Trd, 4318696.893, 127
Trd, 4318698.893, 140
Trd, 4318699.393, 140
Trd, 4318700.543, 140
Trd, 4318700.693, 138
Trd, 4318701.743, 140
Trd, 4318701.793, 140
Trd, 4318702.393, 139
Trd, 4318703.543, 140
Trd, 4318703.693, 140
Trd, 4318705.043, 140
Trd, 4318705.243, 140
Trd, 4318705.593, 139
Trd, 4318706.443, 140
Trd, 4318708.243, 140
Trd, 4318709.093, 140
Trd, 4318709.293, 139
Trd, 4318709.443, 139
Trd, 4318711.343, 140
Trd, 4318711.393, 138
Trd, 4318712.443, 138
Trd, 4318714.793, 140
Trd, 4318714.843, 140
Trd, 4318715.043, 140
Trd, 4318715.093, 140
Trd, 4318715.243, 127
Trd, 4318715.643, 140
Trd, 4318715.793, 138
Trd, 4318716.943, 139
Trd, 4318717.343, 140
Trd, 4318718.493, 140
Trd, 4318718.693, 140
Trd, 4318719.743, 139
Trd, 4318720.643, 140
Trd, 4318721.193, 140
Trd, 4318723.243, 138
Trd, 4318723.693, 139
Trd, 4318723.893, 138
Trd, 4318724.243, 137
Trd, 4318724.543, 140
Trd, 4318725.593, 139
Trd, 4318725.643, 138
Trd, 4318726.043, 140
Trd, 4318726.393, 136
Trd, 4318728.393, 140
Trd, 4318728.693, 139
Trd, 4318729.043, 138
Trd, 4318730.443, 140
Trd, 4318731.043, 137
Trd, 4318732.743, 140
Trd, 4318732.893, 140
Trd, 4318733.293, 140
Trd, 4318733.943, 140
Trd, 4318734.643, 140
Trd, 4318734.693, 140
Trd, 4318735.643, 140
Trd, 4318736.293, 127
Trd, 4318736.593, 92
Trd, 4318736.993, 140
Trd, 4318737.143, 138
Trd, 4318738.993, 60
Trd, 4318739.543, 61
Trd, 4318739.593, 62
Trd, 4318740.493, 110
Trd, 4318741.043, 140
Trd, 4318741.293, 68
Trd, 4318741.643, 60
Trd, 4318742.193, 140
Trd, 4318743.343, 69
Trd, 4318744.893, 140
Trd, 4318745.143, 138
Trd, 4318745.693, 136
Trd, 4318745.793, 126
Trd, 4318746.493, 61
Trd, 4318746.593, 63
Trd, 4318747.543, 140
Trd, 4318748.893, 140
Trd, 4318750.243, 140
Trd, 4318751.443, 140
Trd, 4318752.043, 140
Trd, 4318752.343, 140
Trd, 4318752.493, 139
Trd, 4318753.043, 140
Trd, 4318753.743, 140
Trd, 4318754.193, 138
Trd, 4318755.893, 140
Trd, 4318758.193, 140
Trd, 4318758.393, 140
Trd, 4318759.843, 140
Trd, 4318760.143, 140
Trd, 4318761.143, 140
Trd, 4318761.543, 140
Trd, 4318762.093, 140
Trd, 4318762.143, 140
Trd, 4318762.493, 140
Trd, 4318763.893, 140
Trd, 4318767.243, 140
Trd, 4318767.643, 140
Trd, 4318768.043, 140
Trd, 4318768.643, 140
Trd, 4318768.893, 140
Trd, 4318769.643, 140
Trd, 4318769.743, 139
Trd, 4318771.593, 140
Trd, 4318772.743, 140
Trd, 4318773.143, 140
Trd, 4318774.143, 140
Trd, 4318774.543, 140
Trd, 4318775.143, 140
Trd, 4318776.093, 140
Trd, 4318777.243, 140
Trd, 4318777.643, 140
Trd, 4318779.093, 140
Trd, 4318780.143, 140
Trd, 4318780.343, 140
Trd, 4318781.093, 140
Trd, 4318781.493, 140
Trd, 4318781.593, 139
Trd, 4318782.793, 140
Trd, 4318783.793, 140
Trd, 4318784.943, 140
Trd, 4318784.993, 140
Trd, 4318785.743, 139
Trd, 4318788.743, 140
Trd, 4318789.393, 140
Trd, 4318789.893, 140
Trd, 4318790.043, 140
Trd, 4318790.093, 139
Trd, 4318791.693, 139
Trd, 4318792.543, 138
Trd, 4318792.643, 138
Trd, 4318793.143, 139
Trd, 4318793.343, 140
Trd, 4318794.543, 140
Trd, 4318795.393, 140
Trd, 4318796.043, 140
Trd, 4318797.393, 140
Trd, 4318797.743, 139
Trd, 4318797.793, 128
Trd, 4318798.393, 140
Trd, 4318798.543, 79
Trd, 4318799.093, 140
Trd, 4318799.443, 140
Trd, 4318800.593, 120
Trd, 4318802.143, 140
Trd, 4318802.343, 140
Trd, 4318802.643, 138
Trd, 4318803.093, 134
Trd, 4318803.943, 60
Trd, 4318805.143, 60
Trd, 4318805.293, 62
Trd, 4318806.243, 60
Trd, 4318806.343, 67
Trd, 4318806.393, 68
Trd, 4318808.043, 140
Trd, 4318808.543, 140
Trd, 4318808.593, 140
Trd, 4318809.043, 139
Trd, 4318809.393, 139
Trd, 4318810.743, 117
Trd, 4318811.543, 97
Trd, 4318813.843, 140
Trd, 4318814.343, 140
Trd, 4318814.943, 140
Trd, 4318815.843, 140
Trd, 4318816.793, 140
Trd, 4318817.143, 139
Trd, 4318818.543, 140
Trd, 4318818.643, 138
Trd, 4318819.293, 116
Trd, 4318819.843, 140
Trd, 4318820.193, 71
Trd, 4318820.543, 139
Trd, 4318821.943, 140
Trd, 4318822.593, 139
Trd, 4318823.393, 140
Trd, 4318824.143, 140
Trd, 4318824.343, 140
Trd, 4318825.493, 140
Trd, 4318826.543, 139
Trd, 4318826.743, 139
Trd, 4318827.343, 138
Trd, 4318827.493, 127
Trd, 4318829.043, 140
Trd, 4318829.943, 138
Trd, 4318830.443, 140
Trd, 4318830.593, 140
Trd, 4318831.643, 140
Trd, 4318832.043, 137
Trd, 4318832.143, 135
Trd, 4318835.043, 140
Trd, 4318835.093, 140
Trd, 4318835.943, 140
Trd, 4318836.043, 140
Trd, 4318836.243, 140
Trd, 4318838.343, 140
Trd, 4318838.543, 140
Trd, 4318839.493, 140
Trd, 4318840.643, 140
Trd, 4318840.843, 140
Trd, 4318842.493, 140
Trd, 4318842.543, 139
Trd, 4318842.793, 140
Trd, 4318843.593, 140
Trd, 4318845.443, 140
Trd, 4318845.593, 139
Trd, 4318845.743, 128
Trd, 4318845.993, 71
Trd, 4318846.593, 140
Trd, 4318846.893, 139
Trd, 4318847.443, 139
Trd, 4318847.643, 137
Trd, 4318848.793, 140
Trd, 4318849.793, 140
Trd, 4318851.143, 140
Trd, 4318851.693, 140
Trd, 4318851.943, 139
Trd, 4318853.643, 139
Trd, 4318854.093, 140
Trd, 4318855.943, 140
Trd, 4318856.143, 140
Trd, 4318856.543, 140
Trd, 4318858.643, 140
Trd, 4318860.493, 140
Trd, 4318861.943, 140
Trd, 4318861.993, 140
Trd, 4318862.793, 140
Trd, 4318863.043, 140
Trd, 4318863.693, 140
Trd, 4318864.193, 140
Trd, 4318864.243, 136
Trd, 4318865.193, 140
Trd, 4318865.443, 110
Trd, 4318866.343, 140
Trd, 4318867.243, 140
Trd, 4318869.093, 140
Trd, 4318869.443, 140
Trd, 4318869.593, 139
Trd, 4318869.643, 139
Trd, 4318869.693, 127
Trd, 4318870.493, 140
Trd, 4318873.443, 140
Trd, 4318873.493, 140
Trd, 4318874.193, 139
Trd, 4318874.993, 139
Trd, 4318875.043, 139
Trd, 4318876.993, 139
Trd, 4318877.293, 139
Trd, 4318878.243, 140
Trd, 4318878.293, 140
Trd, 4318879.493, 140
Trd, 4318881.043, 140
Trd, 4318881.143, 140
Trd, 4318883.493, 140
Trd, 4318883.643, 140
Trd, 4318883.893, 140
Trd, 4318883.943, 140
Trd, 4318884.743, 140
Trd, 4318886.043, 140
Trd, 4318888.143, 140
Trd, 4318889.193, 140
Trd, 4318889.243, 140
Trd, 4318889.843, 140
Trd, 4318891.993, 140
Trd, 4318892.843, 140
Trd, 4318893.393, 140
Trd, 4318893.843, 140
Trd, 4318894.643, 139
Trd, 4318894.843, 133
Trd, 4318897.393, 140
Trd, 4318897.693, 140
Trd, 4318898.293, 140
Trd, 4318899.043, 140
Trd, 4318899.193, 140
Trd, 4318899.643, 140
Trd, 4318900.093, 132
Trd, 4318900.943, 137
Trd, 4318902.343, 140
Trd, 4318902.593, 140
Trd, 4318903.793, 139
Trd, 4318905.493, 139
Trd, 4318906.393, 140
Trd, 4318907.793, 140
Trd, 4318909.443, 140
Trd, 4318909.793, 140
Trd, 4318909.893, 139
Trd, 4318910.143, 139
Trd, 4318910.193, 138
Trd, 4318911.143, 123
Trd, 4318912.143, 107
Trd, 4318912.593, 108
Trd, 4318912.893, 140
Trd, 4318913.093, 127
Trd, 4318915.093, 140
Trd, 4318915.693, 140
Trd, 4318917.243, 140
Trd, 4318918.143, 140
Trd, 4318918.393, 140
Trd, 4318918.643, 139
Trd, 4318919.143, 140
Trd, 4318920.043, 140
Trd, 4318920.893, 140
Trd, 4318920.943, 139
Trd, 4318921.793, 140
Trd, 4318922.443, 140
Trd, 4318922.543, 127
Trd, 4318923.693, 140
Trd, 4318924.743, 140
Trd, 4318924.893, 138
Trd, 4318926.243, 140
Trd, 4318926.643, 140
Trd, 4318927.143, 140
Trd, 4318928.493, 140
Trd, 4318929.143, 140
Trd, 4318929.243, 140
Trd, 4318929.893, 140
Trd, 4318932.043, 140
Trd, 4318932.243, 140
Trd, 4318932.643, 140
Trd, 4318932.843, 139
Trd, 4318933.993, 140
Trd, 4318935.843, 140
Trd, 4318936.793, 140
Trd, 4318936.993, 140
Trd, 4318937.443, 139
Trd, 4318937.693, 127
Trd, 4318939.043, 140
Trd, 4318940.443, 140
Trd, 4318940.993, 140
Trd, 4318941.543, 140
Trd, 4318942.343, 138
Trd, 4318943.543, 140
Trd, 4318943.693, 140
Trd, 4318944.593, 140
Trd, 4318945.443, 140
Trd, 4318946.543, 140
Trd, 4318946.743, 139
Trd, 4318946.793, 138
Trd, 4318947.893, 140
Trd, 4318948.743, 139
Trd, 4318950.843, 140
Trd, 4318954.043, 140
Trd, 4318954.093, 140
Trd, 4318954.393, 140
Trd, 4318954.843, 140
Trd, 4318954.893, 140
Trd, 4318955.443, 140
Trd, 4318955.843, 140
Trd, 4318956.693, 140
Trd, 4318957.043, 138
Trd, 4318957.193, 79
Trd, 4318957.293, 78
Trd, 4318958.293, 60
Trd, 4318958.543, 60
Trd, 4318962.093, 140
Trd, 4318962.493, 140
Trd, 4318963.943, 140
Trd, 4318964.143, 139
Trd, 4318964.543, 139
Trd, 4318965.493, 139
Trd, 4318965.943, 139
Trd, 4318966.493, 140
Trd, 4318968.443, 140
Trd, 4318968.543, 140
Trd, 4318969.193, 140
Trd, 4318969.593, 140
Trd, 4318970.193, 140
Trd, 4318972.793, 140
Trd, 4318972.993, 140
Trd, 4318973.693, 137
Trd, 4318974.093, 135
Trd, 4318975.243, 139
Trd, 4318975.343, 138
Trd, 4318975.393, 127
Trd, 4318975.743, 140
Trd, 4318976.293, 139
Trd, 4318976.693, 117
Trd, 4318977.193, 140
Trd, 4318978.093, 140
Trd, 4318978.893, 140
Trd, 4318979.993, 140
Trd, 4318980.243, 139
Trd, 4318980.543, 140
Trd, 4318981.443, 140
Trd, 4318981.743, 140
Trd, 4318982.343, 140
Trd, 4318982.743, 139
Trd, 4318983.093, 140
Trd, 4318983.843, 136
Trd, 4318985.843, 140
Trd, 4318985.943, 139
Trd, 4318986.643, 140
Trd, 4318986.793, 127
Trd, 4318988.643, 139
Trd, 4318988.743, 127
Trd, 4318989.993, 140
Trd, 4318991.693, 140
Trd, 4318991.993, 140
Trd, 4318992.343, 140
Trd, 4318993.043, 140
Trd, 4318994.493, 140
Trd, 4318996.643, 140
Trd, 4318996.743, 140
Trd, 4318996.993, 140
Trd, 4318999.593, 140
Trd, 4318999.643, 140
Trd, 4318999.893, 138
Trd, 4319000.243, 138
Trd, 4319001.143, 140
Trd, 4319002.043, 140
Trd, 4319003.243, 140
Trd, 4319003.693, 139
Trd, 4319003.943, 139
Trd, 4319004.393, 137
Trd, 4319005.693, 140
Trd, 4319005.993, 140
Trd, 4319006.543, 140
Trd, 4319006.843, 140
Trd, 4319008.643, 140
Trd, 4319008.693, 140
Trd, 4319008.993, 140
Trd, 4319009.243, 134
Trd, 4319010.843, 140
Trd, 4319011.543, 138
Trd, 4319012.293, 140
Trd, 4319013.293, 128
Trd, 4319013.793, 60
Trd, 4319013.893, 63
Trd, 4319015.493, 140
Trd, 4319016.393, 140
Trd, 4319016.943, 140
Trd, 4319017.193, 139
Trd, 4319017.393, 138
Trd, 4319017.693, 127
Trd, 4319018.293, 70
Trd, 4319018.793, 69
Trd, 4319018.843, 70
Trd, 4319019.893, 140
Trd, 4319021.393, 139
Trd, 4319023.693, 140
Trd, 4319024.093, 139
Trd, 4319025.443, 140
Trd, 4319025.843, 140
Trd, 4319025.943, 140
Trd, 4319026.993, 140
Trd, 4319028.443, 140
Trd, 4319028.643, 140
Trd, 4319028.843, 140
Trd, 4319029.193, 140
Trd, 4319031.193, 140
Trd, 4319031.543, 140
Trd, 4319032.193, 140
Trd, 4319032.293, 139
Trd, 4319032.843, 139
Trd, 4319034.693, 139
Trd, 4319036.143, 140
Trd, 4319036.393, 140
Trd, 4319036.443, 140
Trd, 4319036.543, 126
Trd, 4319037.593, 60
Trd, 4319037.793, 138
Trd, 4319038.293, 138
Trd, 4319039.343, 139
Trd, 4319039.993, 140
Trd, 4319040.343, 140
Trd, 4319041.043, 140
Trd, 4319041.743, 140
Trd, 4319042.693, 140
Trd, 4319043.693, 140
Trd, 4319045.243, 140
Trd, 4319046.293, 140
Trd, 4319046.443, 140
Trd, 4319047.293, 140
Trd, 4319048.493, 140
Trd, 4319048.843, 140
Trd, 4319049.043, 140
Trd, 4319049.493, 140
Trd, 4319049.843, 140
Trd, 4319051.093, 140
Trd, 4319051.993, 140
Trd, 4319052.493, 140
Trd, 4319053.443, 138
Trd, 4319053.843, 138
Trd, 4319054.093, 114
Trd, 4319055.393, 140
Trd, 4319055.493, 137
Trd, 4319055.993, 139
Trd, 4319057.643, 140
Trd, 4319058.593, 140
Trd, 4319058.843, 140
Trd, 4319059.993, 140
Trd, 4319060.143, 140
Trd, 4319061.793, 140
Trd, 4319061.893, 139
Trd, 4319062.543, 138
Trd, 4319062.893, 127
Trd, 4319064.793, 140
Trd, 4319065.343, 139
Trd, 4319065.693, 140
Trd, 4319066.193, 139
Trd, 4319067.793, 140
Trd, 4319069.493, 140
Trd, 4319069.693, 140
Trd, 4319070.143, 140
Trd, 4319070.843, 140
Trd, 4319071.293, 140
Trd, 4319071.793, 139
Trd, 4319072.093, 127
Trd, 4319072.443, 139
Trd, 4319072.943, 140
Trd, 4319073.443, 139
Trd, 4319074.043, 139
Trd, 4319074.493, 140
Trd, 4319075.043, 139
Trd, 4319075.493, 133
Trd, 4319076.293, 60
Trd, 4319076.843, 62
Trd, 4319077.443, 65
Trd, 4319077.543, 66
Trd, 4319079.743, 140
Trd, 4319081.193, 140
Trd, 4319081.543, 140
Trd, 4319082.393, 140
Trd, 4319082.493, 140
Trd, 4319082.593, 140
Trd, 4319083.843, 138
Trd, 4319084.293, 136
Trd, 4319084.693, 118
Trd, 4319085.543, 140
Trd, 4319086.393, 139
Trd, 4319087.343, 139
Trd, 4319089.393, 140
Trd, 4319089.893, 140
Trd, 4319091.043, 140
Trd, 4319091.693, 140
Trd, 4319091.743, 140
Trd, 4319091.793, 140
Trd, 4319092.293, 140
Trd, 4319094.143, 140
Trd, 4319095.543, 140
Trd, 4319096.893, 139
Trd, 4319097.043, 138
Trd, 4319097.143, 134
Trd, 4319097.193, 127
Trd, 4319098.243, 139
Trd, 4319100.093, 139
Trd, 4319100.493, 139
Trd, 4319101.293, 137
Trd, 4319101.443, 139
Trd, 4319101.493, 127
Trd, 4319103.193, 140
Trd, 4319103.343, 140
Trd, 4319103.443, 138
Trd, 4319104.593, 140
Trd, 4319105.143, 140
Trd, 4319105.343, 140
Trd, 4319106.093, 140
Trd, 4319107.543, 139
Trd, 4319108.593, 140
Trd, 4319108.643, 140
Trd, 4319109.793, 139
Trd, 4319111.343, 140
Trd, 4319111.543, 139
Trd, 4319112.143, 140
Trd, 4319112.643, 139
Trd, 4319113.393, 139
Trd, 4319114.993, 140
Trd, 4319115.243, 140
Trd, 4319116.393, 140
Trd, 4319116.493, 139
Trd, 4319117.443, 140
Trd, 4319117.743, 140
Trd, 4319118.343, 140
Trd, 4319118.943, 140
Trd, 4319119.043, 139
Trd, 4319120.743, 139
Trd, 4319121.693, 140
Trd, 4319123.443, 140
Trd, 4319124.243, 140
Trd, 4319124.593, 140
Trd, 4319125.093, 140
Trd, 4319125.693, 138
Trd, 4319127.193, 140
Trd, 4319127.793, 140
Trd, 4319128.193, 140
Trd, 4319128.343, 140
Trd, 4319129.493, 140
Trd, 4319129.843, 140
Trd, 4319130.443, 140
Trd, 4319130.593, 138
Trd, 4319130.743, 138
Trd, 4319131.093, 137
Trd, 4319131.443, 117
Trd, 4319131.693, 140
Trd, 4319133.343, 140
Trd, 4319134.593, 139
Trd, 4319135.043, 139
Trd, 4319136.343, 140
Trd, 4319137.193, 140
Trd, 4319138.693, 140
Trd, 4319139.443, 140
Trd, 4319139.543, 140
Trd, 4319140.493, 140
Trd, 4319140.993, 139
Trd, 4319141.993, 139
Trd, 4319143.593, 140
Trd, 4319144.593, 140
Trd, 4319144.793, 140
Trd, 4319145.293, 140
Trd, 4319145.343, 139
Trd, 4319145.543, 140
Trd, 4319146.343, 138
Trd, 4319146.443, 126
Trd, 4319146.893, 140
Trd, 4319147.493, 61
Trd, 4319148.293, 139
Trd, 4319149.693, 140
Trd, 4319149.743, 138
Trd, 4319150.643, 138
Trd, 4319150.793, 126
Trd, 4319151.543, 140
Trd, 4319154.193, 139
Trd, 4319155.843, 140
Trd, 4319155.943, 140
Trd, 4319156.893, 140
Trd, 4319157.243, 139
Trd, 4319158.343, 140
Trd, 4319158.793, 139
Trd, 4319160.143, 140
Trd, 4319160.193, 139
Trd, 4319160.493, 138
Trd, 4319161.243, 140
Trd, 4319161.293, 138
Trd, 4319162.843, 140
Trd, 4319163.643, 140
Trd, 4319164.043, 139
Trd, 4319164.243, 138
Trd, 4319164.393, 85
Trd, 4319165.443, 140
Trd, 4319166.193, 79
Trd, 4319166.443, 80
Trd, 4319168.293, 140
Trd, 4319169.893, 140
Trd, 4319170.343, 139
Trd, 4319171.893, 140
Trd, 4319171.943, 139
Trd, 4319172.743, 140
Trd, 4319172.993, 140
Trd, 4319173.893, 140
Trd, 4319173.993, 139
Trd, 4319174.093, 139
Trd, 4319174.293, 139
Trd, 4319176.143, 136
Trd, 4319176.443, 132
Trd, 4319177.343, 139
Trd, 4319177.393, 139
Trd, 4319177.943, 140
Trd, 4319179.243, 140
Trd, 4319180.043, 140
Trd, 4319180.993, 138
Trd, 4319182.693, 140
Trd, 4319182.793, 140
Trd, 4319182.943, 140
Trd, 4319183.193, 140
Trd, 4319183.343, 139
Trd, 4319184.443, 140
Trd, 4319184.593, 137
Trd, 4319185.493, 139
Trd, 4319186.193, 139
Trd, 4319186.293, 127
Trd, 4319187.843, 140
Trd, 4319188.143, 140
Trd, 4319188.643, 139
Trd, 4319190.093, 139
Trd, 4319190.243, 139
Trd, 4319191.293, 140
Trd, 4319192.343, 139
Trd, 4319192.743, 108
Trd, 4319192.993, 80
Trd, 4319193.893, 137
Trd, 4319194.893, 140
Trd, 4319195.143, 140
Trd, 4319195.643, 140
Trd, 4319197.143, 140
Trd, 4319197.993, 139
Trd, 4319198.193, 139
Trd, 4319198.543, 137
Trd, 4319199.043, 137
Trd, 4319199.343, 125
Trd, 4319200.243, 140
Trd, 4319200.293, 140
Trd, 4319201.143, 140
Trd, 4319202.543, 140
Trd, 4319204.543, 140
Trd, 4319204.743, 140
Trd, 4319204.943, 140
Trd, 4319205.993, 140
Trd, 4319207.143, 139
Trd, 4319207.343, 139
Trd, 4319208.443, 140
Trd, 4319208.693, 140
Trd, 4319210.643, 140
Trd, 4319211.243, 140
Trd, 4319211.343, 139
Trd, 4319212.043, 140
Trd, 4319212.593, 139
Trd, 4319212.943, 139
Trd, 4319213.243, 138
Trd, 4319214.543, 140
Trd, 4319215.293, 140
Trd, 4319215.443, 138
Trd, 4319216.543, 140
Trd, 4319216.893, 139
Trd, 4319216.993, 139
Trd, 4319217.943, 124
Trd, 4319220.043, 140
Trd, 4319221.093, 140
Trd, 4319222.193, 140
Trd, 4319223.593, 140
Trd, 4319223.743, 140
Trd, 4319225.493, 140
Trd, 4319225.643, 140
Trd, 4319226.043, 139
Trd, 4319227.743, 140
Trd, 4319228.793, 140
Trd, 4319229.343, 140
Trd, 4319229.793, 139
Trd, 4319229.843, 139
Trd, 4319230.193, 139
Trd, 4319230.793, 139
Trd, 4319232.243, 140
Trd, 4319232.443, 139
Trd, 4319232.893, 138
Trd, 4319233.443, 140
Trd, 4319234.943, 140
Trd, 4319235.643, 139
Trd, 4319235.843, 140
Trd, 4319235.893, 130
Trd, 4319236.643, 81
Trd, 4319237.393, 140
Trd, 4319237.743, 140
Trd, 4319238.193, 139
Trd, 4319240.393, 140
Trd, 4319241.393, 140
Trd, 4319241.693, 140
Trd, 4319242.043, 140
Trd, 4319242.843, 140
Trd, 4319243.193, 140
Trd, 4319243.343, 138
Trd, 4319245.493, 140
Trd, 4319245.693, 139
Trd, 4319245.793, 139
Trd, 4319248.843, 140
Trd, 4319249.143, 140
Trd, 4319249.393, 140
Trd, 4319249.993, 138
Trd, 4319250.093, 140
Trd, 4319250.293, 138
Trd, 4319251.493, 140
Trd, 4319251.593, 140
Trd, 4319252.543, 61
Trd, 4319252.643, 62
Trd, 4319253.243, 65
Trd, 4319253.893, 137
Trd, 4319256.293, 140
Trd, 4319257.243, 140
Trd, 4319257.343, 140
Trd, 4319257.793, 138
Trd, 4319258.193, 126
Trd, 4319259.343, 64
Trd, 4319259.543, 66
Trd, 4319259.843, 60
Trd, 4319259.993, 92
Trd, 4319261.043, 140
Trd, 4319261.593, 140
Trd, 4319261.993, 138
Trd, 4319262.443, 134
Trd, 4319263.093, 63
Trd, 4319263.693, 140
Trd, 4319264.693, 139
Trd, 4319264.943, 140
Trd, 4319265.743, 140
Trd, 4319266.643, 99
Trd, 4319267.043, 138
Trd, 4319267.143, 114
Trd, 4319268.243, 60
Trd, 4319268.643, 60
Trd, 4319268.793, 63
Trd, 4319270.343, 138
Trd, 4319270.493, 106
Trd, 4319273.193, 140
Trd, 4319273.243, 140
Trd, 4319273.743, 140
Trd, 4319274.343, 140
Trd, 4319274.393, 140
Trd, 4319274.943, 140
Trd, 4319276.393, 140
Trd, 4319277.343, 140
Trd, 4319279.243, 140
Trd, 4319279.443, 140
Trd, 4319279.693, 140
Trd, 4319279.743, 138
Trd, 4319280.343, 137
Trd, 4319281.893, 139
Trd, 4319282.443, 140
Trd, 4319282.793, 140
Trd, 4319283.443, 140
Trd, 4319283.493, 130
Trd, 4319284.793, 140
Trd, 4319286.893, 140
Trd, 4319288.543, 140
Trd, 4319288.743, 140
Trd, 4319290.393, 140
Trd, 4319291.243, 140
Trd, 4319291.393, 140
Trd, 4319292.193, 140
Trd, 4319293.193, 140
Trd, 4319293.493, 140
Trd, 4319293.593, 139
Trd, 4319294.793, 140
Trd, 4319294.893, 138
Trd, 4319295.793, 88
Trd, 4319296.243, 94
Trd, 4319296.443, 98
Trd, 4319296.893, 140
Trd, 4319297.143, 138
Trd, 4319297.393, 84
Trd, 4319298.493, 139
Trd, 4319299.643, 140
Trd, 4319299.843, 140
Trd, 4319300.693, 140
Trd, 4319301.393, 140
Trd, 4319301.743, 140
Trd, 4319301.843, 139
Trd, 4319302.493, 140
Trd, 4319303.493, 140
Trd, 4319304.593, 140
Trd, 4319305.593, 140
Trd, 4319305.743, 139
Trd, 4319305.793, 139
Trd, 4319306.193, 139
Trd, 4319307.693, 140
Trd, 4319308.093, 140
Trd, 4319308.593, 139
Trd, 4319308.693, 127
Trd, 4319309.143, 139
Trd, 4319310.793, 138
Trd, 4319310.943, 131
Trd, 4319311.993, 140
Trd, 4319312.043, 139
Trd, 4319313.393, 138
Trd, 4319314.343, 140
Trd, 4319314.943, 77
Trd, 4319315.093, 80
Trd, 4319315.993, 140
Trd, 4319316.293, 68
Trd, 4319316.693, 63
Trd, 4319317.743, 140
Trd, 4319317.893, 139
Trd, 4319318.243, 140
Trd, 4319318.693, 140
Trd, 4319319.743, 70
Trd, 4319320.693, 60
Trd, 4319320.893, 61
Trd, 4319321.143, 71
Trd, 4319322.993, 109
Trd, 4319323.343, 139
Trd, 4319324.943, 60
Trd, 4319325.643, 60
Trd, 4319325.743, 65
Trd, 4319327.193, 64
Trd, 4319327.243, 131
Trd, 4319327.293, 132
Trd, 4319327.793, 73
Trd, 4319328.043, 61
Trd, 4319328.743, 66
Trd, 4319330.293, 61
Trd, 4319330.743, 62
Trd, 4319330.843, 66
Trd, 4319332.243, 65
Trd, 4319334.743, 140
Trd, 4319334.793, 139
Trd, 4319335.143, 140
Trd, 4319335.343, 138
Trd, 4319335.943, 108
Trd, 4319337.293, 140
Trd, 4319337.843, 140
Trd, 4319338.043, 140
Trd, 4319338.193, 140
Trd, 4319339.443, 140
Trd, 4319339.993, 139
Trd, 4319340.343, 139
Trd, 4319341.593, 140
Trd, 4319341.743, 140
Trd, 4319342.743, 139
Trd, 4319343.093, 139
Trd, 4319344.493, 140
Trd, 4319345.493, 140
Trd, 4319346.593, 140
Trd, 4319347.493, 140
Trd, 4319347.593, 140
Trd, 4319348.693, 140
Trd, 4319349.243, 140
Trd, 4319350.043, 140
Trd, 4319350.843, 140
Trd, 4319352.193, 140
Trd, 4319353.393, 140
Trd, 4319353.543, 140
Trd, 4319353.693, 140
Trd, 4319353.793, 140
Trd, 4319355.193, 140
Trd, 4319355.243, 140
Trd, 4319355.693, 137
Trd, 4319356.693, 140
Trd, 4319356.793, 114
Trd, 4319359.393, 140
Trd, 4319359.493, 140
Trd, 4319359.543, 139
Trd, 4319360.643, 140
Trd, 4319360.743, 138
Trd, 4319362.643, 140
Trd, 4319363.443, 140
Trd, 4319364.143, 140
Trd, 4319364.443, 140
Trd, 4319364.493, 138
Trd, 4319365.343, 139
Trd, 4319367.243, 140
Trd, 4319367.643, 140
Trd, 4319368.293, 140
Trd, 4319368.493, 140
Trd, 4319369.443, 140
Trd, 4319369.693, 140
Trd, 4319369.843, 140
Trd, 4319372.143, 139
Trd, 4319372.743, 140
Trd, 4319372.843, 139
Trd, 4319374.593, 140
Trd, 4319375.143, 139
Trd, 4319375.693, 139
Trd, 4319376.043, 136
Trd, 4319377.743, 140
Trd, 4319378.043, 140
Trd, 4319378.843, 139
Trd, 4319379.193, 139
Trd, 4319381.443, 140
Trd, 4319381.943, 140
Trd, 4319382.143, 139
Trd, 4319382.193, 139
Trd, 4319382.543, 139
Trd, 4319383.193, 139
Trd, 4319383.743, 140
Trd, 4319383.793, 138
Trd, 4319384.993, 140
Trd, 4319385.493, 139
Trd, 4319385.643, 139
Trd, 4319386.343, 128
Trd, 4319387.043, 139
Trd, 4319388.343, 140
Trd, 4319389.943, 140
Trd, 4319390.143, 140
Trd, 4319391.543, 140
Trd, 4319393.343, 140
Trd, 4319393.943, 140
Trd, 4319393.993, 140
Trd, 4319394.093, 140
Trd, 4319394.443, 140
Trd, 4319395.543, 140
Trd, 4319396.443, 139
Trd, 4319396.693, 127
Trd, 4319396.843, 139
Trd, 4319398.943, 140
Trd, 4319401.043, 140
Trd, 4319401.343, 140
Trd, 4319402.193, 140
Trd, 4319402.743, 140
Trd, 4319402.793, 135
Trd, 4319403.543, 138
Trd, 4319403.993, 139
Trd, 4319404.643, 140
Trd, 4319405.943, 140
Trd, 4319406.493, 140
Trd, 4319407.143, 140
Trd, 4319408.593, 140
Trd, 4319410.043, 140
Trd, 4319411.243, 140
Trd, 4319411.343, 140
Trd, 4319411.793, 140
Trd, 4319413.193, 140
Trd, 4319413.343, 140
Trd, 4319414.343, 140
Trd, 4319415.443, 140
Trd, 4319416.043, 140
Trd, 4319416.193, 140
Trd, 4319416.293, 140
Trd, 4319417.193, 140
Trd, 4319417.393, 140
Trd, 4319418.193, 140
Trd, 4319418.593, 140
Trd, 4319419.893, 140
Trd, 4319420.043, 135
Trd, 4319420.243, 140
Trd, 4319421.593, 140
Trd, 4319423.893, 140
Trd, 4319424.043, 140
Trd, 4319424.193, 139
Trd, 4319424.243, 139
Trd, 4319424.493, 138
Trd, 4319425.143, 137
Trd, 4319428.043, 140
Trd, 4319428.143, 140
Trd, 4319428.843, 140
Trd, 4319430.943, 140
Trd, 4319431.093, 140
Trd, 4319431.843, 140
Trd, 4319432.143, 140
Trd, 4319433.443, 140
Trd, 4319433.793, 140
Trd, 4319434.393, 140
Trd, 4319435.143, 140
Trd, 4319436.443, 140
Trd, 4319436.793, 140
Trd, 4319437.543, 140
Trd, 4319437.793, 138
Trd, 4319438.193, 139
Trd, 4319438.293, 140
Trd, 4319438.543, 127
Trd, 4319439.943, 61
Trd, 4319441.543, 60
Trd, 4319442.393, 64
Trd, 4319442.443, 69
Trd, 4319442.843, 70
Trd, 4319443.043, 69
Trd, 4319443.693, 61
Trd, 4319444.043, 139
Trd, 4319444.443, 60
Trd, 4319445.493, 140
Trd, 4319445.693, 140
Trd, 4319447.493, 140
Trd, 4319447.593, 139
Trd, 4319448.343, 140
Trd, 4319450.093, 140
Trd, 4319450.343, 127
Trd, 4319450.893, 135
Trd, 4319451.393, 139
Trd, 4319451.493, 113
Trd, 4319452.293, 140
Trd, 4319454.893, 140
Trd, 4319456.443, 140
Trd, 4319458.493, 140
Trd, 4319458.793, 140
Trd, 4319458.943, 140
Trd, 4319459.393, 140
Trd, 4319460.943, 140
Trd, 4319461.593, 140
Trd, 4319462.593, 140
Trd, 4319462.793, 140
Trd, 4319463.743, 140
Trd, 4319463.893, 140
Trd, 4319463.943, 139
Trd, 4319464.043, 139
Trd, 4319465.643, 138
Trd, 4319466.493, 140
Trd, 4319466.843, 140
Trd, 4319467.393, 140
Trd, 4319468.043, 139
Trd, 4319468.143, 136
Trd, 4319469.043, 140
Trd, 4319471.043, 139
Trd, 4319471.193, 139
Trd, 4319471.743, 140
Trd, 4319472.143, 139
Trd, 4319472.593, 139
Trd, 4319474.193, 139
Trd, 4319474.393, 100
Trd, 4319474.693, 137
Trd, 4319475.443, 62
Trd, 4319475.543, 139
Trd, 4319476.393, 76
Trd, 4319477.043, 139
Trd, 4319477.393, 139
Trd, 4319477.443, 84
Trd, 4319478.193, 62
Trd, 4319479.543, 89
Trd, 4319481.093, 60
Trd, 4319481.543, 62
Trd, 4319482.043, 63
Trd, 4319482.743, 72
Trd, 4319483.143, 139
Trd, 4319483.293, 63
Trd, 4319485.943, 140
Trd, 4319486.043, 140
Trd, 4319487.743, 140
Trd, 4319488.943, 140
Trd, 4319489.043, 139
Trd, 4319489.393, 139
Trd, 4319489.843, 139
Trd, 4319491.493, 140
Trd, 4319491.843, 138
Trd, 4319493.243, 140
Trd, 4319494.743, 140
Trd, 4319494.943, 140
Trd, 4319495.143, 140
Trd, 4319495.443, 140
Trd, 4319495.693, 139
Trd, 4319496.193, 140
Trd, 4319497.243, 139
Trd, 4319498.443, 140
Trd, 4319498.593, 140
Trd, 4319501.743, 140
Trd, 4319503.393, 140
Trd, 4319503.443, 140
Trd, 4319503.593, 138
Trd, 4319505.543, 140
Trd, 4319505.593, 139
Trd, 4319505.843, 139
Trd, 4319506.243, 139
Trd, 4319506.443, 127
Trd, 4319507.143, 139
Trd, 4319507.193, 91
Trd, 4319508.693, 140
Trd, 4319508.893, 140
Trd, 4319509.593, 140
Trd, 4319510.193, 138
Trd, 4319510.443, 129
Trd, 4319511.093, 140
Trd, 4319513.193, 140
Trd, 4319513.343, 140
Trd, 4319513.943, 140
Trd, 4319514.743, 140
Trd, 4319515.093, 140
Trd, 4319515.493, 136
Trd, 4319515.743, 124
Trd, 4319516.443, 61
Trd, 4319517.893, 140
Trd, 4319517.993, 138
Trd, 4319519.043, 139
Trd, 4319519.143, 136
Trd, 4319520.343, 140
Trd, 4319520.593, 84
Trd, 4319522.743, 140
Trd, 4319522.893, 140
Trd, 4319523.593, 140
Trd, 4319524.343, 140
Trd, 4319524.393, 138
Trd, 4319525.993, 140
Trd, 4319526.993, 140
Trd, 4319527.393, 140
Trd, 4319527.643, 137
Trd, 4319527.743, 137
Trd, 4319527.943, 128
Trd, 4319528.993, 140
Trd, 4319529.793, 140
Trd, 4319530.543, 140
Trd, 4319531.493, 139
Trd, 4319531.993, 139
Trd, 4319533.193, 140
Trd, 4319533.293, 140
Trd, 4319533.543, 139
Trd, 4319535.743, 140
Trd, 4319536.243, 139
Trd, 4319536.993, 139
Trd, 4319537.843, 140
Trd, 4319538.243, 140
Trd, 4319538.343, 139
Trd, 4319538.543, 138
Trd, 4319540.343, 139
Trd, 4319540.793, 139
Trd, 4319541.843, 140
Trd, 4319541.943, 140
Trd, 4319543.493, 140
Trd, 4319544.193, 140
Trd, 4319544.543, 138
Trd, 4319545.643, 140
Trd, 4319546.693, 140
Trd, 4319547.193, 140
Trd, 4319547.993, 140
Trd, 4319548.643, 140
Trd, 4319548.743, 138
Trd, 4319552.943, 140
Trd, 4319553.243, 140
Trd, 4319553.343, 140
Trd, 4319554.143, 140
Trd, 4319554.193, 140
Trd, 4319555.043, 139
Trd, 4319555.393, 139
Trd, 4319555.543, 136
Trd, 4319555.743, 138
Trd, 4319556.493, 140
Trd, 4319557.593, 139
Trd, 4319559.193, 138
Trd, 4319560.843, 140
Trd, 4319561.093, 140
Trd, 4319561.143, 140
Trd, 4319561.393, 138
Trd, 4319562.243, 140
Trd, 4319563.393, 140
Trd, 4319563.543, 138
Trd, 4319563.943, 137
Trd, 4319564.393, 139
Trd, 4319565.243, 140
Trd, 4319567.293, 140
Trd, 4319567.643, 140
Trd, 4319567.743, 137
Trd, 4319567.993, 140
Trd, 4319568.793, 140
Trd, 4319570.193, 140
Trd, 4319570.693, 139
Trd, 4319571.193, 139
Trd, 4319572.243, 139
Trd, 4319572.993, 140
Trd, 4319573.193, 140
Trd, 4319573.543, 140
Trd, 4319574.393, 140
Trd, 4319574.893, 128
Trd, 4319575.043, 97
Trd, 4319575.393, 62
Trd, 4319576.393, 140
Trd, 4319578.643, 140
Trd, 4319578.993, 140
Trd, 4319579.193, 140
Trd, 4319580.243, 140
Trd, 4319580.543, 139
Trd, 4319581.093, 140
Trd, 4319581.443, 139
Trd, 4319582.943, 140
Trd, 4319584.693, 140
Trd, 4319586.043, 140
Trd, 4319586.593, 140
Trd, 4319586.643, 140
Trd, 4319587.193, 139
Trd, 4319588.693, 140
Trd, 4319588.743, 140
Trd, 4319590.043, 140
Trd, 4319590.593, 140
Trd, 4319590.793, 138
Trd, 4319591.193, 140
Trd, 4319591.343, 137
Trd, 4319592.843, 140
Trd, 4319593.643, 140
Trd, 4319593.943, 65
Trd, 4319594.193, 139
Trd, 4319594.443, 138
Trd, 4319594.843, 139
Trd, 4319595.843, 139
Trd, 4319596.743, 140
Trd, 4319597.843, 140
Trd, 4319599.543, 140
Trd, 4319600.143, 140
Trd, 4319600.893, 140
Trd, 4319600.943, 140
Trd, 4319601.643, 140
Trd, 4319601.743, 140
Trd, 4319602.143, 139
Trd, 4319603.193, 139
Trd, 4319603.343, 139
Trd, 4319603.693, 140
Trd, 4319604.293, 136
Trd, 4319604.743, 83
Trd, 4319605.393, 140
Trd, 4319608.393, 140
Trd, 4319608.993, 140
Trd, 4319609.493, 140
Trd, 4319610.343, 140
Trd, 4319610.843, 140
Trd, 4319611.893, 140
Trd, 4319613.043, 140
Trd, 4319613.143, 138
Trd, 4319613.243, 138
Trd, 4319613.393, 136
Trd, 4319613.593, 138
Trd, 4319614.543, 140
Trd, 4319615.493, 140
Trd, 4319615.743, 138
Trd, 4319616.043, 79
Trd, 4319616.293, 63
Trd, 4319617.293, 139
Trd, 4319618.393, 61
Trd, 4319618.893, 139
Trd, 4319619.043, 140
Trd, 4319620.493, 140
Trd, 4319620.593, 140
Trd, 4319621.143, 140
Trd, 4319622.093, 140
Trd, 4319623.393, 139
Trd, 4319624.193, 117
Trd, 4319624.443, 140
Trd, 4319625.793, 67
Trd, 4319626.043, 70
Trd, 4319626.943, 137
Trd, 4319627.593, 138
Trd, 4319627.743, 140
Trd, 4319628.143, 110
Trd, 4319628.693, 139
Trd, 4319629.093, 140
Trd, 4319630.443, 139
Trd, 4319630.843, 140
Trd, 4319631.293, 140
Trd, 4319631.743, 138
Trd, 4319634.593, 140
Trd, 4319636.643, 140
Trd, 4319636.843, 140
Trd, 4319636.943, 140
Trd, 4319637.993, 140
Trd, 4319638.743, 140
Trd, 4319638.843, 140
Trd, 4319638.893, 140
Trd, 4319640.193, 140
Trd, 4319640.843, 140
Trd, 4319641.543, 140
Trd, 4319641.643, 140
Trd, 4319642.943, 140
Trd, 4319644.043, 140
Trd, 4319644.093, 140
Trd, 4319644.193, 139
Trd, 4319646.993, 140
Trd, 4319648.693, 140
Trd, 4319649.693, 140
Trd, 4319650.893, 140
Trd, 4319650.943, 140
Trd, 4319652.193, 140
Trd, 4319652.943, 140
Trd, 4319653.043, 140
Trd, 4319653.693, 140
Trd, 4319654.093, 140
Trd, 4319655.793, 140
Trd, 4319656.243, 140
Trd, 4319656.393, 140
Trd, 4319656.593, 140
Trd, 4319657.743, 140
Trd, 4319657.793, 140
Trd, 4319658.093, 138
Trd, 4319659.193, 140
Trd, 4319659.343, 64
Trd, 4319660.243, 140
Trd, 4319661.593, 140
Trd, 4319662.093, 140
Trd, 4319662.343, 139
Trd, 4319662.893, 140
Trd, 4319663.493, 140
Trd, 4319664.243, 140
Trd, 4319664.293, 128
Trd, 4319665.393, 62
Trd, 4319665.593, 63
Trd, 4319667.193, 139
Trd, 4319667.693, 138
Trd, 4319668.443, 140
Trd, 4319668.493, 127
Trd, 4319668.843, 83
Trd, 4319669.393, 140
Trd, 4319670.193, 139
Trd, 4319671.343, 139
Trd, 4319673.693, 140
Trd, 4319673.843, 140
Trd, 4319673.943, 140
Trd, 4319674.043, 140
Trd, 4319674.243, 139
Trd, 4319674.943, 140
Trd, 4319675.343, 140
Trd, 4319675.993, 139
Trd, 4319678.043, 140
Trd, 4319678.593, 139
Trd, 4319678.643, 139
Trd, 4319679.143, 139
Trd, 4319680.093, 136
Trd, 4319680.193, 140
Trd, 4319681.193, 87
Trd, 4319681.643, 140
Trd, 4319682.693, 139
Trd, 4319684.843, 139
Trd, 4319685.143, 139
Trd, 4319685.243, 138
Trd, 4319686.143, 140
Trd, 4319686.393, 136
Trd, 4319686.893, 140
Trd, 4319688.543, 140
Trd, 4319688.893, 140
Trd, 4319689.243, 138
Trd, 4319690.093, 138
Trd, 4319690.893, 95
Trd, 4319691.293, 137
Trd, 4319692.393, 140
Trd, 4319692.793, 139
Trd, 4319693.693, 140
Trd, 4319694.393, 140
Trd, 4319694.993, 140
Trd, 4319696.443, 139
Trd, 4319696.543, 139
Trd, 4319696.943, 110
Trd, 4319697.343, 140
Trd, 4319698.243, 138
Trd, 4319699.743, 139
Trd, 4319699.893, 139
Trd, 4319700.693, 140
Trd, 4319700.893, 140
Trd, 4319701.243, 140
Trd, 4319703.193, 139
Trd, 4319704.193, 140
Trd, 4319705.093, 140
Trd, 4319706.943, 140
Trd, 4319707.193, 140
Trd, 4319707.343, 140
Trd, 4319708.393, 140
Trd, 4319709.943, 140
Trd, 4319710.343, 140
Trd, 4319711.443, 140
Trd, 4319711.793, 140
Trd, 4319711.993, 139
Trd, 4319713.043, 140
Trd, 4319713.443, 140
Trd, 4319714.693, 140
Trd, 4319716.793, 140
Trd, 4319717.443, 140
Trd, 4319717.493, 139
Trd, 4319717.543, 138
Trd, 4319717.943, 127
Trd, 4319718.043, 86
Trd, 4319718.793, 138
Trd, 4319719.193, 61
Trd, 4319719.643, 139
Trd, 4319721.643, 140
Trd, 4319722.193, 140
Trd, 4319722.293, 139
Trd, 4319723.993, 140
Trd, 4319724.493, 137
Trd, 4319725.293, 140
Trd, 4319725.393, 139
Trd, 4319726.193, 140
Trd, 4319726.393, 139
Trd, 4319727.943, 140
Trd, 4319728.193, 140
Trd, 4319729.093, 140
Trd, 4319729.143, 139
Trd, 4319731.543, 140
Trd, 4319731.743, 139
Trd, 4319734.343, 140
Trd, 4319735.343, 140
Trd, 4319735.793, 140
Trd, 4319735.843, 140
Trd, 4319737.893, 140
Trd, 4319738.593, 139
Trd, 4319738.993, 139
Trd, 4319739.843, 140
Trd, 4319741.193, 140
Trd, 4319741.793, 140
Trd, 4319742.443, 138
Trd, 4319743.293, 140
Trd, 4319743.793, 140
Trd, 4319743.843, 139
Trd, 4319744.793, 140
Trd, 4319745.393, 140
Trd, 4319745.643, 137
Trd, 4319746.293, 102
Trd, 4319746.993, 140
Trd, 4319748.193, 140
Trd, 4319749.993, 140
Trd, 4319750.443, 139
Trd, 4319752.343, 140
Trd, 4319752.543, 140
Trd, 4319753.443, 140
Trd, 4319753.943, 140
Trd, 4319754.143, 140
Trd, 4319754.293, 140
Trd, 4319755.343, 140
Trd, 4319756.393, 140
Trd, 4319756.443, 138
Trd, 4319756.743, 140
Trd, 4319757.393, 108
Trd, 4319757.843, 138
Trd, 4319758.843, 139
Trd, 4319758.893, 73
Trd, 4319760.043, 140
Trd, 4319762.193, 140
Trd, 4319762.643, 140
Trd, 4319762.693, 140
Trd, 4319763.093, 140
Trd, 4319764.093, 140
Trd, 4319764.993, 140
Trd, 4319765.093, 139
Trd, 4319765.743, 137
Trd, 4319766.293, 72
Trd, 4319767.043, 139
Trd, 4319767.943, 139
Trd, 4319768.643, 140
Trd, 4319769.443, 140
Trd, 4319769.543, 140
Trd, 4319769.693, 127
Trd, 4319771.193, 140
Trd, 4319773.343, 139
Trd, 4319773.393, 138
Trd, 4319773.743, 140
Trd, 4319774.943, 137
Trd, 4319775.743, 140
Trd, 4319776.043, 116
Trd, 4319776.593, 139
Trd, 4319777.793, 140
Trd, 4319778.193, 140
Trd, 4319779.593, 140
Trd, 4319780.643, 139
Trd, 4319781.843, 140
Trd, 4319782.393, 139
Trd, 4319783.243, 140
Trd, 4319784.143, 139
Trd, 4319784.843, 140
Trd, 4319785.593, 140
Trd, 4319785.993, 140
Trd, 4319786.893, 139
Trd, 4319787.393, 140
Trd, 4319788.243, 138
Trd, 4319789.043, 136
Trd, 4319789.193, 67
Trd, 4319789.293, 140
Trd, 4319790.093, 139
Trd, 4319790.393, 139
Trd, 4319791.843, 140
Trd, 4319792.293, 140
Trd, 4319792.893, 140
Trd, 4319793.793, 140
Trd, 4319794.193, 140
Trd, 4319794.693, 140
Trd, 4319794.843, 138
Trd, 4319796.393, 140
Trd, 4319796.593, 136
Trd, 4319797.843, 140
Trd, 4319798.693, 140
Trd, 4319798.793, 127
Trd, 4319799.343, 140
Trd, 4319799.543, 140
Trd, 4319800.043, 140
Trd, 4319800.893, 140
Trd, 4319801.893, 140
Trd, 4319802.743, 140
Trd, 4319803.243, 140
Trd, 4319804.093, 140
Trd, 4319805.293, 140
Trd, 4319805.443, 140
Trd, 4319805.743, 139
Trd, 4319809.093, 140
Trd, 4319809.443, 140
Trd, 4319809.493, 140
Trd, 4319809.693, 139
Trd, 4319809.793, 137
Trd, 4319810.243, 139
Trd, 4319810.443, 137
Trd, 4319812.243, 140
Trd, 4319812.343, 140
Trd, 4319812.593, 139
Trd, 4319812.943, 140
Trd, 4319813.343, 140
Trd, 4319814.893, 139
Trd, 4319816.943, 140
Trd, 4319818.643, 140
Trd, 4319818.743, 140
Trd, 4319818.993, 140
Trd, 4319820.493, 140
Trd, 4319820.843, 140
Trd, 4319820.993, 140
Trd, 4319822.143, 140
Trd, 4319822.643, 140
Trd, 4319823.993, 140
Trd, 4319824.343, 140
Trd, 4319825.143, 140
Trd, 4319825.293, 139
Trd, 4319826.943, 140
Trd, 4319827.243, 140
Trd, 4319828.193, 140
Trd, 4319828.343, 138
Trd, 4319829.593, 140
Trd, 4319830.293, 140
Trd, 4319831.093, 140
Trd, 4319831.893, 140
Trd, 4319831.993, 140
Trd, 4319832.243, 139
Trd, 4319833.143, 139
Trd, 4319833.693, 140
Trd, 4319834.543, 140
Trd, 4319835.593, 139
Trd, 4319836.643, 139
Trd, 4319837.443, 140
Trd, 4319838.293, 140
Trd, 4319839.193, 140
Trd, 4319839.243, 127
Trd, 4319839.643, 139
Trd, 4319840.093, 138
Trd, 4319842.043, 140
Trd, 4319844.193, 140
Trd, 4319844.793, 139
Trd, 4319845.443, 140
Trd, 4319845.643, 139
Trd, 4319847.143, 140
Trd, 4319847.393, 140
Trd, 4319847.743, 139
Trd, 4319850.343, 140
Trd, 4319851.293, 140
Trd, 4319851.543, 140
Trd, 4319852.443, 140
Trd, 4319852.493, 140
Trd, 4319853.093, 140
Trd, 4319853.143, 139
Trd, 4319853.243, 139
Trd, 4319853.793, 136
Trd, 4319854.193, 139
Trd, 4319854.493, 104
Trd, 4319857.143, 140
Trd, 4319857.343, 139
Trd, 4319857.793, 139
Trd, 4319859.143, 140
Trd, 4319859.393, 126
Trd, 4319859.443, 86
Trd, 4319860.043, 140
Trd, 4319861.643, 140
Trd, 4319862.543, 140
Trd, 4319862.743, 140
Trd, 4319863.343, 139
Trd, 4319863.443, 139
Trd, 4319863.593, 138
Trd, 4319864.093, 60
Trd, 4319864.893, 140
Trd, 4319865.293, 68
Trd, 4319866.443, 140
Trd, 4319867.293, 136
Trd, 4319867.793, 140
Trd, 4319868.343, 139
Trd, 4319868.843, 140
Trd, 4319869.343, 138
Trd, 4319869.843, 127
Trd, 4319871.143, 140
Trd, 4319871.893, 140
Trd, 4319873.143, 140
Trd, 4319873.943, 140
Trd, 4319873.993, 140
Trd, 4319874.093, 139
Trd, 4319876.393, 140
Trd, 4319876.543, 140
Trd, 4319876.643, 139
Trd, 4319876.843, 140
Trd, 4319878.343, 140
Trd, 4319880.743, 140
Trd, 4319880.793, 139
Trd, 4319882.943, 140
Trd, 4319883.593, 140
Trd, 4319884.143, 140
Trd, 4319885.043, 140
Trd, 4319885.393, 140
Trd, 4319885.793, 140
Trd, 4319886.543, 140
Trd, 4319886.943, 140
Trd, 4319887.143, 139
Trd, 4319887.243, 138
Trd, 4319887.793, 72
Trd, 4319888.743, 140
Trd, 4319889.093, 139
Trd, 4319889.543, 140
Trd, 4319891.393, 140
Trd, 4319891.593, 140
Trd, 4319892.293, 139
Trd, 4319892.443, 140
Trd, 4319894.043, 140
Trd, 4319894.093, 140
Trd, 4319894.143, 140
Trd, 4319895.093, 136
Trd, 4319895.343, 113
Trd, 4319896.193, 140
Trd, 4319897.443, 140
Trd, 4319897.493, 140
Trd, 4319898.393, 140
Trd, 4319899.143, 139
Trd, 4319900.043, 139
Trd, 4319900.843, 117
Trd, 4319901.643, 140
Trd, 4319902.193, 135
Trd, 4319902.743, 139
Trd, 4319903.293, 60
Trd, 4319904.743, 140
Trd, 4319905.043, 140
Trd, 4319906.243, 140
Trd, 4319907.243, 140
Trd, 4319907.643, 140
Trd, 4319907.993, 139
Trd, 4319909.543, 140
Trd, 4319910.743, 140
Trd, 4319910.793, 139
Trd, 4319910.893, 140
Trd, 4319913.093, 140
Trd, 4319913.343, 140
Trd, 4319913.393, 139
Trd, 4319913.593, 140
Trd, 4319913.793, 127
Trd, 4319914.993, 140
Trd, 4319916.193, 140
Trd, 4319916.993, 140
Trd, 4319917.593, 140
Trd, 4319917.743, 127
Trd, 4319918.243, 140
Trd, 4319919.293, 140
Trd, 4319919.493, 140
Trd, 4319920.293, 140
Trd, 4319920.493, 139
Trd, 4319920.693, 78
Trd, 4319922.393, 140
Trd, 4319922.843, 140
Trd, 4319926.443, 140
Trd, 4319927.093, 140
Trd, 4319927.593, 140
Trd, 4319927.693, 139
Trd, 4319928.143, 137
Trd, 4319929.843, 140
Trd, 4319930.043, 140
Trd, 4319930.693, 140
Trd, 4319931.693, 140
Trd, 4319931.893, 140
Trd, 4319932.243, 139
Trd, 4319932.843, 139
Trd, 4319933.343, 138
Trd, 4319933.493, 140
Trd, 4319934.543, 140
Trd, 4319935.293, 65
Trd, 4319936.293, 62
Trd, 4319937.643, 140
Trd, 4319937.993, 139
Trd, 4319938.443, 122
Trd, 4319939.443, 138
Trd, 4319939.793, 139
Trd, 4319940.143, 140
Trd, 4319940.693, 140
Trd, 4319940.793, 138
Trd, 4319942.043, 135
Trd, 4319943.443, 61
Trd, 4319943.793, 62
Trd, 4319945.293, 140
Trd, 4319948.193, 140
Trd, 4319948.543, 140
Trd, 4319948.993, 140
Trd, 4319949.143, 140
Trd, 4319949.543, 140
Trd, 4319949.943, 140
Trd, 4319950.243, 137
Trd, 4319950.643, 138
Trd, 4319950.843, 140
Trd, 4319950.993, 133
Trd, 4319951.843, 134
Trd, 4319952.893, 140
Trd, 4319954.543, 140
Trd, 4319956.243, 140
Trd, 4319956.293, 140
Trd, 4319956.893, 140
Trd, 4319957.493, 140
Trd, 4319957.843, 111
Trd, 4319958.543, 140
Trd, 4319958.593, 138
Trd, 4319959.643, 139
Trd, 4319960.493, 140
Trd, 4319962.393, 140
Trd, 4319964.643, 140
Trd, 4319964.943, 140
Trd, 4319965.143, 139
Trd, 4319965.793, 140
Trd, 4319965.843, 136
Trd, 4319966.893, 140
Trd, 4319967.243, 140
Trd, 4319968.093, 140
Trd, 4319968.643, 140
Trd, 4319969.243, 140
Trd, 4319969.743, 140
Trd, 4319970.343, 140
Trd, 4319970.693, 137
Trd, 4319971.093, 140
Trd, 4319971.943, 140
Trd, 4319972.243, 121
Trd, 4319972.443, 109
Trd, 4319974.843, 140
Trd, 4319975.293, 140
Trd, 4319977.393, 140
Trd, 4319977.843, 140
Trd, 4319978.443, 140
Trd, 4319978.943, 140
Trd, 4319979.043, 140
Trd, 4319979.443, 140
Trd, 4319979.743, 140
Trd, 4319981.243, 139
Trd, 4319981.843, 139
Trd, 4319983.643, 140
Trd, 4319984.393, 140
Trd, 4319985.743, 140
Trd, 4319986.493, 140
Trd, 4319986.693, 140
Trd, 4319987.743, 140
Trd, 4319988.093, 140
Trd, 4319988.743, 140
Trd, 4319989.143, 140
Trd, 4319990.743, 140
Trd, 4319991.043, 140
Trd, 4319991.943, 140
Trd, 4319994.493, 140
Trd, 4319995.343, 140
Trd, 4319995.493, 140
Trd, 4319995.843, 140
Trd, 4319996.093, 140
Trd, 4319996.293, 139
Trd, 4319996.493, 140
Trd, 4319996.793, 140
Trd, 4319997.143, 127
Trd, 4319998.343, 140
Trd, 4319999.243, 140
