Trd, 4318092.343, 96
Trd, 4318093.443, 119
Trd, 4318094.243, 95
Trd, 4318095.843, 102
Trd, 4318096.043, 94
Trd, 4318096.593, 97
Trd, 4318097.243, 85
Trd, 4318098.143, 139
Trd, 4318098.893, 110
Trd, 4318099.443, 102
Trd, 4318100.793, 118
Trd, 4318101.093, 90
Trd, 4318101.643, 119
Trd, 4318103.393, 106
Trd, 4318104.793, 115
Trd, 4318105.643, 130
Trd, 4318106.143, 89
Trd, 4318106.593, 85
Trd, 4318107.193, 126
Trd, 4318107.593, 93
Trd, 4318107.993, 111
Trd, 4318109.043, 88
Trd, 4318109.193, 117
Trd, 4318109.793, 98
Trd, 4318110.793, 73
Trd, 4318112.593, 62
Trd, 4318113.293, 83
Trd, 4318113.943, 105
Trd, 4318114.843, 137
Trd, 4318114.943, 90
Trd, 4318116.393, 70
Trd, 4318116.793, 68
Trd, 4318117.143, 80
Trd, 4318118.193, 64
Trd, 4318118.593, 110
Trd, 4318118.743, 135
Trd, 4318120.543, 113
Trd, 4318121.193, 120
Trd, 4318121.843, 106
Trd, 4318123.743, 119
Trd, 4318125.993, 130
Trd, 4318126.443, 111
Trd, 4318127.293, 96
Trd, 4318127.493, 111
Trd, 4318127.693, 87
Trd, 4318127.743, 81
Trd, 4318128.443, 92
Trd, 4318128.593, 86
Trd, 4318130.493, 131
Trd, 4318130.543, 130
Trd, 4318130.643, 124
Trd, 4318131.493, 108
Trd, 4318132.943, 92
Trd, 4318133.993, 120
Trd, 4318135.043, 101
Trd, 4318135.693, 131
Trd, 4318137.243, 101
Trd, 4318138.393, 110
Trd, 4318138.643, 87
Trd, 4318139.143, 84
Trd, 4318139.593, 128
Trd, 4318139.943, 127
Trd, 4318140.993, 105
Trd, 4318142.043, 118
Trd, 4318142.243, 99
Trd, 4318142.743, 86
Trd, 4318143.243, 85
Trd, 4318144.093, 78
Trd, 4318145.243, 108
Trd, 4318145.343, 86
Trd, 4318145.543, 75
Trd, 4318145.643, 71
Trd, 4318146.043, 69
Trd, 4318147.093, 72
Trd, 4318148.093, 73
Trd, 4318148.943, 112
Trd, 4318149.993, 93
Trd, 4318150.643, 105
Trd, 4318151.743, 84
Trd, 4318154.243, 106
Trd, 4318154.293, 104
Trd, 4318154.593, 119
Trd, 4318154.943, 114
Trd, 4318155.643, 108
Trd, 4318155.793, 83
Trd, 4318157.143, 110
Trd, 4318157.443, 111
Trd, 4318158.293, 119
Trd, 4318159.643, 130
Trd, 4318161.093, 112
Trd, 4318162.143, 109
Trd, 4318162.393, 74
Trd, 4318163.093, 71
Trd, 4318163.943, 81
Trd, 4318165.393, 92
Trd, 4318166.293, 81
Trd, 4318167.643, 114
Trd, 4318167.693, 84
Trd, 4318168.543, 109
Trd, 4318168.943, 73
Trd, 4318169.693, 104
Trd, 4318170.993, 124
Trd, 4318171.393, 117
Trd, 4318171.693, 107
Trd, 4318172.843, 99
Trd, 4318172.993, 96
Trd, 4318173.093, 95
Trd, 4318173.193, 83
Trd, 4318175.443, 81
Trd, 4318175.593, 77
Trd, 4318175.993, 61
Trd, 4318177.543, 126
Trd, 4318178.493, 132
Trd, 4318180.893, 114
Trd, 4318181.243, 110
Trd, 4318181.793, 131
Trd, 4318182.443, 117
Trd, 4318182.893, 97
Trd, 4318183.593, 139
Trd, 4318183.743, 116
Trd, 4318183.993, 97
Trd, 4318186.943, 79
Trd, 4318188.943, 103
Trd, 4318189.043, 93
Trd, 4318189.643, 73
Trd, 4318189.743, 119
Trd, 4318190.293, 111
Trd, 4318190.393, 107
Trd, 4318190.743, 128
Trd, 4318190.993, 99
Trd, 4318192.643, 115
Trd, 4318192.793, 120
Trd, 4318194.143, 83
Trd, 4318194.393, 75
Trd, 4318194.793, 98
Trd, 4318195.193, 95
Trd, 4318195.943, 135
Trd, 4318197.093, 78
Trd, 4318198.193, 124
Trd, 4318198.393, 129
Trd, 4318198.843, 113
Trd, 4318201.343, 116
Trd, 4318201.543, 106
Trd, 4318201.693, 122
Trd, 4318201.793, 86
Trd, 4318202.893, 74
Trd, 4318203.093, 84
Trd, 4318203.593, 119
Trd, 4318203.993, 73
Trd, 4318205.643, 60
Trd, 4318205.993, 110
Trd, 4318206.443, 112
Trd, 4318207.143, 118
Trd, 4318207.293, 89
Trd, 4318207.393, 86
Trd, 4318207.943, 85
Trd, 4318209.343, 129
Trd, 4318210.493, 122
Trd, 4318210.543, 121
Trd, 4318210.893, 115
Trd, 4318212.793, 87
Trd, 4318212.993, 111
Trd, 4318213.343, 124
Trd, 4318213.943, 92
Trd, 4318215.743, 61
Trd, 4318216.443, 64
Trd, 4318217.193, 112
Trd, 4318218.293, 78
Trd, 4318218.693, 91
Trd, 4318220.093, 105
Trd, 4318220.893, 97
Trd, 4318221.743, 101
Trd, 4318221.943, 100
Trd, 4318222.143, 81
Trd, 4318223.643, 87
Trd, 4318224.993, 69
Trd, 4318226.193, 87
Trd, 4318226.343, 77
Trd, 4318226.843, 117
Trd, 4318227.793, 113
Trd, 4318228.593, 107
Trd, 4318229.043, 94
Trd, 4318229.793, 136
Trd, 4318230.643, 90
Trd, 4318231.043, 138
Trd, 4318231.493, 96
Trd, 4318231.893, 110
Trd, 4318232.243, 130
Trd, 4318233.543, 68
Trd, 4318233.993, 83
Trd, 4318235.143, 87
Trd, 4318235.393, 115
Trd, 4318235.443, 78
Trd, 4318237.893, 97
Trd, 4318238.393, 95
Trd, 4318239.993, 135
Trd, 4318240.243, 96
Trd, 4318241.293, 91
Trd, 4318242.443, 110
Trd, 4318242.693, 80
Trd, 4318244.493, 60
Trd, 4318245.093, 86
Trd, 4318246.143, 80
Trd, 4318246.343, 106
Trd, 4318246.793, 129
Trd, 4318248.343, 94
Trd, 4318248.793, 109
Trd, 4318249.193, 99
Trd, 4318250.693, 97
Trd, 4318250.843, 93
Trd, 4318251.493, 62
Trd, 4318251.643, 77
Trd, 4318252.193, 90
Trd, 4318253.093, 128
Trd, 4318253.643, 94
Trd, 4318255.643, 115
Trd, 4318256.343, 117
Trd, 4318256.593, 113
Trd, 4318257.043, 82
Trd, 4318257.643, 92
Trd, 4318257.743, 76
Trd, 4318258.043, 79
Trd, 4318259.043, 76
Trd, 4318259.943, 76
Trd, 4318260.443, 131
Trd, 4318262.093, 130
Trd, 4318263.193, 112
Trd, 4318263.943, 96
Trd, 4318264.093, 92
Trd, 4318264.643, 79
Trd, 4318265.443, 115
Trd, 4318267.043, 107
Trd, 4318268.093, 109
Trd, 4318268.693, 96
Trd, 4318270.043, 116
Trd, 4318270.943, 107
Trd, 4318271.093, 105
Trd, 4318271.343, 104
Trd, 4318272.143, 97
Trd, 4318272.343, 77
Trd, 4318273.143, 116
Trd, 4318274.043, 84
Trd, 4318274.293, 106
Trd, 4318275.693, 102
Trd, 4318276.093, 100
Trd, 4318278.593, 124
Trd, 4318278.693, 113
Trd, 4318278.793, 98
Trd, 4318279.443, 76
Trd, 4318279.743, 92
Trd, 4318280.393, 76
Trd, 4318282.143, 124
Trd, 4318282.443, 65
Trd, 4318283.293, 77
Trd, 4318283.393, 113
Trd, 4318284.143, 131
Trd, 4318284.443, 102
Trd, 4318284.943, 133
Trd, 4318285.843, 95
Trd, 4318288.643, 116
Trd, 4318288.693, 113
Trd, 4318289.643, 95
Trd, 4318291.143, 104
Trd, 4318291.493, 122
Trd, 4318291.793, 121
Trd, 4318292.993, 125
Trd, 4318294.293, 96
Trd, 4318294.693, 87
Trd, 4318294.843, 71
Trd, 4318295.293, 91
Trd, 4318297.143, 70
Trd, 4318297.793, 102
Trd, 4318298.293, 90
Trd, 4318299.493, 128
Trd, 4318299.693, 106
Trd, 4318300.743, 118
Trd, 4318300.943, 136
Trd, 4318301.043, 93
Trd, 4318302.393, 133
Trd, 4318304.343, 90
Trd, 4318305.493, 102
Trd, 4318306.643, 119
Trd, 4318307.043, 71
Trd, 4318307.593, 77
Trd, 4318307.743, 73
Trd, 4318308.693, 96
Trd, 4318308.793, 85
Trd, 4318310.543, 124
Trd, 4318311.343, 127
Trd, 4318311.693, 135
Trd, 4318312.643, 92
Trd, 4318313.193, 78
Trd, 4318313.393, 66
Trd, 4318313.893, 116
Trd, 4318314.893, 100
Trd, 4318318.643, 111
Trd, 4318318.693, 84
Trd, 4318319.693, 121
Trd, 4318320.293, 100
Trd, 4318320.593, 98
Trd, 4318321.893, 99
Trd, 4318322.343, 128
Trd, 4318322.793, 76
Trd, 4318323.943, 120
Trd, 4318324.793, 91
Trd, 4318325.243, 99
Trd, 4318325.593, 86
Trd, 4318325.893, 99
Trd, 4318326.343, 92
Trd, 4318327.343, 123
Trd, 4318328.793, 130
Trd, 4318329.243, 118
Trd, 4318330.943, 115
Trd, 4318331.043, 110
Trd, 4318331.393, 116
Trd, 4318331.593, 74
Trd, 4318332.593, 70
Trd, 4318332.693, 80
Trd, 4318333.443, 115
Trd, 4318333.993, 114
Trd, 4318334.743, 92
Trd, 4318335.693, 123
Trd, 4318335.893, 105
Trd, 4318336.943, 134
Trd, 4318337.243, 123
Trd, 4318338.843, 127
Trd, 4318340.693, 109
Trd, 4318340.943, 111
Trd, 4318341.693, 63
Trd, 4318342.393, 91
Trd, 4318342.743, 108
Trd, 4318343.493, 99
Trd, 4318343.643, 71
Trd, 4318345.443, 91
Trd, 4318345.493, 90
Trd, 4318346.493, 131
Trd, 4318346.793, 130
Trd, 4318348.743, 135
Trd, 4318349.093, 122
Trd, 4318349.193, 81
Trd, 4318349.743, 101
Trd, 4318350.493, 66
Trd, 4318351.843, 92
Trd, 4318353.343, 109
Trd, 4318354.143, 129
Trd, 4318354.393, 121
Trd, 4318355.293, 87
Trd, 4318355.543, 135
Trd, 4318355.743, 115
Trd, 4318356.443, 118
Trd, 4318356.643, 75
Trd, 4318357.193, 102
Trd, 4318360.943, 138
Trd, 4318362.393, 130
Trd, 4318362.793, 118
Trd, 4318364.193, 137
Trd, 4318364.343, 102
Trd, 4318364.393, 101
Trd, 4318364.543, 95
Trd, 4318366.043, 117
Trd, 4318366.493, 139
Trd, 4318366.843, 132
Trd, 4318369.093, 68
Trd, 4318369.543, 63
Trd, 4318369.893, 67
Trd, 4318370.743, 67
Trd, 4318371.193, 63
Trd, 4318371.443, 92
Trd, 4318371.593, 99
Trd, 4318374.693, 125
Trd, 4318374.743, 91
Trd, 4318376.043, 119
Trd, 4318376.293, 106
Trd, 4318377.443, 125
Trd, 4318378.143, 102
Trd, 4318378.343, 92
Trd, 4318379.293, 125
Trd, 4318380.743, 134
Trd, 4318380.843, 116
Trd, 4318381.843, 114
Trd, 4318382.843, 110
Trd, 4318384.043, 118
Trd, 4318384.143, 100
Trd, 4318385.143, 119
Trd, 4318386.793, 125
Trd, 4318387.093, 133
Trd, 4318387.243, 94
Trd, 4318388.693, 105
Trd, 4318389.343, 95
Trd, 4318389.393, 125
Trd, 4318390.393, 137
Trd, 4318390.993, 90
Trd, 4318391.393, 135
Trd, 4318392.243, 102
Trd, 4318392.793, 64
Trd, 4318395.743, 140
Trd, 4318396.193, 117
Trd, 4318396.743, 100
Trd, 4318397.543, 73
Trd, 4318397.693, 78
Trd, 4318398.843, 124
Trd, 4318399.793, 120
Trd, 4318399.893, 113
Trd, 4318400.293, 74
Trd, 4318401.743, 78
Trd, 4318402.593, 138
Trd, 4318404.993, 97
Trd, 4318406.343, 108
Trd, 4318407.143, 91
Trd, 4318408.643, 120
Trd, 4318409.343, 90
Trd, 4318409.593, 80
Trd, 4318409.743, 63
Trd, 4318409.943, 123
Trd, 4318410.343, 87
Trd, 4318411.093, 110
Trd, 4318411.443, 102
Trd, 4318414.593, 119
Trd, 4318414.793, 91
Trd, 4318415.593, 119
Trd, 4318415.693, 67
Trd, 4318416.093, 72
Trd, 4318417.743, 119
Trd, 4318418.043, 118
Trd, 4318418.493, 101
Trd, 4318418.993, 94
Trd, 4318419.093, 91
Trd, 4318420.193, 89
Trd, 4318422.193, 138
Trd, 4318422.293, 137
Trd, 4318422.643, 89
Trd, 4318423.543, 136
Trd, 4318424.543, 131
Trd, 4318424.893, 108
Trd, 4318425.593, 119
Trd, 4318426.043, 87
Trd, 4318426.443, 111
Trd, 4318427.293, 94
Trd, 4318427.643, 90
Trd, 4318430.043, 93
Trd, 4318430.093, 87
Trd, 4318431.343, 91
Trd, 4318431.443, 77
Trd, 4318431.943, 96
Trd, 4318432.843, 106
Trd, 4318434.043, 117
Trd, 4318434.093, 95
Trd, 4318435.793, 87
Trd, 4318436.793, 83
Trd, 4318436.893, 79
Trd, 4318437.043, 71
Trd, 4318437.143, 81
Trd, 4318439.243, 107
Trd, 4318439.393, 111
Trd, 4318439.943, 106
Trd, 4318440.743, 104
Trd, 4318442.843, 88
Trd, 4318443.643, 111
Trd, 4318444.643, 92
Trd, 4318444.943, 117
Trd, 4318445.043, 91
Trd, 4318445.543, 110
Trd, 4318445.993, 74
Trd, 4318446.993, 80
Trd, 4318448.093, 101
Trd, 4318448.243, 107
Trd, 4318449.393, 110
Trd, 4318449.893, 106
Trd, 4318450.543, 105
Trd, 4318450.793, 79
Trd, 4318452.643, 133
Trd, 4318453.343, 119
Trd, 4318454.443, 129
Trd, 4318455.593, 138
Trd, 4318455.643, 136
Trd, 4318455.893, 97
Trd, 4318456.993, 101
Trd, 4318457.043, 100
Trd, 4318457.493, 76
Trd, 4318458.393, 86
Trd, 4318458.743, 81
Trd, 4318460.243, 129
Trd, 4318460.693, 114
Trd, 4318461.843, 104
Trd, 4318462.093, 102
Trd, 4318463.793, 87
Trd, 4318463.893, 84
Trd, 4318464.493, 118
Trd, 4318465.793, 116
Trd, 4318465.943, 108
Trd, 4318465.993, 88
Trd, 4318466.593, 116
Trd, 4318466.743, 102
Trd, 4318468.593, 129
Trd, 4318468.793, 102
Trd, 4318469.243, 114
Trd, 4318470.593, 92
Trd, 4318471.343, 119
Trd, 4318471.443, 110
Trd, 4318473.443, 124
Trd, 4318474.943, 97
Trd, 4318475.043, 90
Trd, 4318476.543, 79
Trd, 4318476.793, 77
Trd, 4318477.293, 88
Trd, 4318478.443, 108
Trd, 4318479.093, 86
Trd, 4318479.293, 85
Trd, 4318479.493, 80
Trd, 4318479.643, 88
Trd, 4318479.743, 68
Trd, 4318480.693, 73
Trd, 4318481.043, 114
Trd, 4318482.093, 68
Trd, 4318484.243, 116
Trd, 4318484.793, 93
Trd, 4318485.543, 72
Trd, 4318486.643, 87
Trd, 4318487.943, 126
Trd, 4318488.043, 125
Trd, 4318488.993, 105
Trd, 4318489.393, 109
Trd, 4318489.443, 105
Trd, 4318491.193, 119
Trd, 4318492.393, 124
Trd, 4318492.593, 86
Trd, 4318493.343, 139
Trd, 4318493.743, 97
Trd, 4318494.993, 97
Trd, 4318495.443, 96
Trd, 4318496.243, 97
Trd, 4318497.943, 103
Trd, 4318499.243, 114
Trd, 4318499.543, 86
Trd, 4318499.793, 76
Trd, 4318500.193, 76
Trd, 4318500.293, 75
Trd, 4318501.243, 71
Trd, 4318502.143, 119
Trd, 4318502.993, 114
Trd, 4318503.493, 119
Trd, 4318503.893, 89
Trd, 4318506.093, 93
Trd, 4318506.843, 84
Trd, 4318507.243, 87
Trd, 4318507.543, 65
Trd, 4318509.143, 82
Trd, 4318509.343, 83
Trd, 4318509.993, 137
Trd, 4318510.543, 93
Trd, 4318511.493, 99
Trd, 4318511.793, 100
Trd, 4318513.093, 62
Trd, 4318513.993, 127
Trd, 4318514.743, 126
Trd, 4318516.443, 125
Trd, 4318517.343, 113
Trd, 4318518.393, 114
Trd, 4318520.193, 96
Trd, 4318520.993, 95
Trd, 4318521.693, 120
Trd, 4318522.743, 110
Trd, 4318523.143, 113
Trd, 4318523.343, 103
Trd, 4318523.543, 133
Trd, 4318524.693, 115
Trd, 4318525.393, 119
Trd, 4318525.643, 111
Trd, 4318525.743, 110
Trd, 4318526.293, 94
Trd, 4318527.643, 95
Trd, 4318527.793, 80
Trd, 4318528.093, 76
Trd, 4318530.143, 86
Trd, 4318530.643, 92
Trd, 4318531.593, 81
Trd, 4318531.743, 67
Trd, 4318532.943, 100
Trd, 4318533.293, 104
Trd, 4318534.643, 122
Trd, 4318534.793, 91
Trd, 4318534.893, 91
Trd, 4318535.343, 103
Trd, 4318538.143, 101
Trd, 4318538.193, 95
Trd, 4318538.893, 130
Trd, 4318539.193, 93
Trd, 4318539.643, 95
Trd, 4318540.293, 91
Trd, 4318540.643, 83
Trd, 4318540.993, 119
Trd, 4318541.843, 93
Trd, 4318542.093, 115
Trd, 4318542.293, 85
Trd, 4318542.593, 80
Trd, 4318543.743, 121
Trd, 4318544.143, 94
Trd, 4318545.343, 85
Trd, 4318546.393, 107
Trd, 4318546.443, 107
Trd, 4318547.093, 78
Trd, 4318547.543, 94
Trd, 4318548.293, 96
Trd, 4318549.743, 134
Trd, 4318550.693, 131
Trd, 4318550.943, 114
Trd, 4318552.143, 133
Trd, 4318552.293, 121
Trd, 4318552.943, 95
Trd, 4318554.293, 91
Trd, 4318556.593, 94
Trd, 4318557.393, 125
Trd, 4318558.093, 131
Trd, 4318558.843, 109
Trd, 4318559.693, 138
Trd, 4318561.093, 114
Trd, 4318561.993, 113
Trd, 4318562.243, 131
Trd, 4318562.493, 113
Trd, 4318562.643, 105
Trd, 4318563.293, 80
Trd, 4318563.393, 70
Trd, 4318563.993, 68
Trd, 4318564.843, 78
Trd, 4318565.593, 118
Trd, 4318566.893, 116
Trd, 4318569.343, 122
Trd, 4318569.493, 106
Trd, 4318569.543, 106
Trd, 4318569.893, 102
Trd, 4318569.943, 85
Trd, 4318571.893, 105
Trd, 4318572.493, 70
Trd, 4318573.643, 139
Trd, 4318573.743, 136
Trd, 4318574.293, 103
Trd, 4318574.943, 126
Trd, 4318575.093, 114
Trd, 4318575.443, 94
Trd, 4318575.793, 93
Trd, 4318578.893, 118
Trd, 4318579.493, 94
Trd, 4318579.643, 82
Trd, 4318581.193, 107
Trd, 4318581.493, 87
Trd, 4318581.893, 120
Trd, 4318582.543, 107
Trd, 4318583.493, 127
Trd, 4318583.693, 78
Trd, 4318584.693, 90
Trd, 4318585.443, 122
Trd, 4318586.043, 121
Trd, 4318588.693, 125
Trd, 4318588.793, 115
Trd, 4318589.293, 83
Trd, 4318590.193, 96
Trd, 4318591.643, 100
Trd, 4318592.543, 133
Trd, 4318593.243, 118
Trd, 4318594.193, 120
Trd, 4318595.243, 92
Trd, 4318595.293, 87
Trd, 4318595.443, 74
Trd, 4318596.443, 61
Trd, 4318596.793, 64
Trd, 4318598.143, 139
Trd, 4318598.493, 82
Trd, 4318598.643, 71
Trd, 4318598.993, 60
Trd, 4318600.193, 64
Trd, 4318600.793, 83
Trd, 4318601.743, 67
Trd, 4318602.593, 88
Trd, 4318602.793, 132
Trd, 4318603.543, 118
Trd, 4318603.743, 117
Trd, 4318604.393, 61
Trd, 4318605.843, 62
Trd, 4318606.543, 65
Trd, 4318606.693, 97
Trd, 4318607.593, 72
Trd, 4318608.243, 109
Trd, 4318610.393, 108
Trd, 4318610.643, 93
Trd, 4318610.943, 83
Trd, 4318611.393, 92
Trd, 4318612.143, 114
Trd, 4318612.193, 90
Trd, 4318614.943, 89
Trd, 4318615.243, 88
Trd, 4318616.093, 104
Trd, 4318616.243, 89
Trd, 4318617.243, 120
Trd, 4318618.493, 124
Trd, 4318618.943, 112
Trd, 4318620.093, 121
Trd, 4318620.193, 86
Trd, 4318621.743, 127
Trd, 4318621.943, 125
Trd, 4318621.993, 99
Trd, 4318622.443, 102
Trd, 4318623.443, 97
Trd, 4318623.743, 102
Trd, 4318626.543, 84
Trd, 4318626.993, 97
Trd, 4318628.543, 94
Trd, 4318628.943, 92
Trd, 4318628.993, 86
Trd, 4318629.543, 132
Trd, 4318629.693, 86
Trd, 4318630.093, 123
Trd, 4318630.493, 83
Trd, 4318630.593, 104
Trd, 4318630.893, 70
Trd, 4318633.743, 62
Trd, 4318634.643, 85
Trd, 4318634.793, 95
Trd, 4318634.993, 122
Trd, 4318635.843, 107
Trd, 4318636.143, 119
Trd, 4318637.093, 64
Trd, 4318638.043, 85
Trd, 4318638.843, 136
Trd, 4318639.193, 140
Trd, 4318640.743, 78
Trd, 4318641.043, 91
Trd, 4318641.743, 95
Trd, 4318642.243, 106
Trd, 4318642.543, 106
Trd, 4318642.893, 90
Trd, 4318643.693, 79
Trd, 4318644.293, 103
Trd, 4318644.893, 78
Trd, 4318645.193, 118
Trd, 4318645.243, 98
Trd, 4318646.293, 94
Trd, 4318646.793, 103
Trd, 4318648.793, 127
Trd, 4318649.743, 138
Trd, 4318650.893, 118
Trd, 4318652.043, 105
Trd, 4318652.293, 101
Trd, 4318652.743, 98
Trd, 4318654.343, 91
Trd, 4318654.693, 107
Trd, 4318656.143, 104
Trd, 4318656.593, 132
Trd, 4318656.843, 95
Trd, 4318657.393, 90
Trd, 4318657.893, 102
Trd, 4318658.343, 124
Trd, 4318658.593, 92
Trd, 4318659.143, 85
Trd, 4318660.143, 121
Trd, 4318661.593, 104
Trd, 4318662.543, 127
Trd, 4318663.293, 96
Trd, 4318663.343, 91
Trd, 4318664.093, 95
Trd, 4318664.143, 74
Trd, 4318665.743, 106
Trd, 4318665.843, 108
Trd, 4318667.193, 122
Trd, 4318667.743, 125
Trd, 4318668.693, 121
Trd, 4318669.343, 121
Trd, 4318669.643, 96
Trd, 4318670.443, 87
Trd, 4318671.043, 101
Trd, 4318672.043, 99
Trd, 4318672.443, 115
Trd, 4318672.993, 109
Trd, 4318673.243, 114
Trd, 4318674.843, 93
Trd, 4318675.343, 93
Trd, 4318675.393, 92
Trd, 4318677.243, 109
Trd, 4318677.493, 93
Trd, 4318677.743, 122
Trd, 4318678.593, 77
Trd, 4318679.643, 111
Trd, 4318679.793, 87
Trd, 4318680.343, 112
Trd, 4318681.743, 125
Trd, 4318682.143, 124
Trd, 4318683.043, 131
Trd, 4318684.793, 105
Trd, 4318684.943, 100
Trd, 4318685.043, 85
Trd, 4318685.343, 108
Trd, 4318686.793, 132
Trd, 4318687.143, 89
Trd, 4318688.643, 72
Trd, 4318688.943, 80
Trd, 4318689.493, 98
Trd, 4318690.293, 77
Trd, 4318690.643, 84
Trd, 4318690.793, 99
Trd, 4318691.593, 81
Trd, 4318693.043, 87
Trd, 4318693.493, 123
Trd, 4318694.743, 103
Trd, 4318695.043, 96
Trd, 4318695.543, 136
Trd, 4318697.043, 97
Trd, 4318697.243, 81
Trd, 4318698.693, 101
Trd, 4318698.793, 95
Trd, 4318699.043, 113
Trd, 4318699.743, 77
Trd, 4318700.093, 62
Trd, 4318700.493, 89
Trd, 4318701.443, 110
Trd, 4318702.393, 68
Trd, 4318703.793, 83
Trd, 4318704.043, 77
Trd, 4318704.093, 66
Trd, 4318704.343, 82
Trd, 4318706.643, 88
Trd, 4318706.843, 79
Trd, 4318707.593, 104
Trd, 4318708.143, 104
Trd, 4318708.893, 85
Trd, 4318711.693, 107
Trd, 4318712.693, 122
Trd, 4318712.793, 97
Trd, 4318713.393, 88
Trd, 4318713.943, 91
Trd, 4318714.443, 87
Trd, 4318715.093, 111
Trd, 4318716.643, 139
Trd, 4318717.493, 139
Trd, 4318717.893, 117
Trd, 4318718.393, 118
Trd, 4318718.493, 112
Trd, 4318719.443, 75
Trd, 4318721.843, 107
Trd, 4318722.043, 106
Trd, 4318722.443, 94
Trd, 4318723.593, 105
Trd, 4318723.793, 98
Trd, 4318724.093, 129
Trd, 4318725.493, 107
Trd, 4318725.893, 105
Trd, 4318727.343, 136
Trd, 4318728.143, 98
Trd, 4318728.693, 108
Trd, 4318728.993, 116
Trd, 4318729.143, 102
Trd, 4318729.293, 81
Trd, 4318729.893, 71
Trd, 4318731.143, 112
Trd, 4318732.843, 65
Trd, 4318733.193, 79
Trd, 4318734.343, 77
Trd, 4318734.443, 81
Trd, 4318735.793, 89
Trd, 4318735.843, 88
Trd, 4318736.793, 105
Trd, 4318738.093, 78
Trd, 4318738.543, 94
Trd, 4318738.993, 88
Trd, 4318739.243, 90
Trd, 4318739.993, 92
Trd, 4318740.743, 91
Trd, 4318743.143, 86
Trd, 4318743.693, 127
Trd, 4318743.793, 78
Trd, 4318745.493, 138
Trd, 4318745.643, 137
Trd, 4318746.343, 103
Trd, 4318747.143, 112
Trd, 4318749.443, 114
Trd, 4318749.693, 113
Trd, 4318749.843, 97
Trd, 4318750.393, 79
Trd, 4318751.243, 111
Trd, 4318751.643, 106
Trd, 4318752.193, 112
Trd, 4318752.393, 97
Trd, 4318754.793, 134
Trd, 4318756.093, 137
Trd, 4318756.393, 136
Trd, 4318756.943, 130
Trd, 4318757.293, 108
Trd, 4318758.493, 136
Trd, 4318759.043, 135
Trd, 4318759.143, 98
Trd, 4318759.943, 105
Trd, 4318760.543, 93
Trd, 4318761.493, 89
Trd, 4318761.843, 115
Trd, 4318761.943, 103
Trd, 4318762.443, 86
Trd, 4318763.443, 77
Trd, 4318765.743, 93
Trd, 4318766.043, 92
Trd, 4318766.493, 89
Trd, 4318767.193, 88
Trd, 4318767.743, 93
Trd, 4318768.343, 115
Trd, 4318768.543, 108
Trd, 4318769.593, 84
Trd, 4318770.293, 86
Trd, 4318770.543, 82
Trd, 4318770.593, 96
Trd, 4318770.993, 123
Trd, 4318771.093, 121
Trd, 4318774.293, 66
Trd, 4318775.043, 89
Trd, 4318775.893, 95
Trd, 4318776.143, 79
Trd, 4318776.843, 110
Trd, 4318777.343, 121
Trd, 4318778.243, 87
Trd, 4318779.043, 117
Trd, 4318779.143, 85
Trd, 4318781.393, 100
Trd, 4318782.293, 130
Trd, 4318782.493, 121
Trd, 4318782.743, 123
Trd, 4318783.443, 120
Trd, 4318783.493, 109
Trd, 4318784.243, 103
Trd, 4318784.443, 77
Trd, 4318785.343, 102
Trd, 4318785.543, 122
Trd, 4318786.443, 96
Trd, 4318786.493, 94
Trd, 4318787.543, 98
Trd, 4318788.593, 64
Trd, 4318790.493, 86
Trd, 4318790.593, 83
Trd, 4318790.793, 110
Trd, 4318792.893, 136
Trd, 4318793.543, 106
Trd, 4318794.143, 123
Trd, 4318794.293, 105
Trd, 4318795.143, 85
Trd, 4318795.593, 133
Trd, 4318795.793, 80
Trd, 4318796.193, 74
Trd, 4318797.893, 97
Trd, 4318799.593, 123
Trd, 4318799.643, 106
Trd, 4318800.493, 103
Trd, 4318800.993, 97
Trd, 4318801.243, 84
Trd, 4318802.043, 109
Trd, 4318802.793, 116
Trd, 4318803.193, 123
Trd, 4318803.393, 94
Trd, 4318803.593, 76
Trd, 4318806.043, 79
Trd, 4318806.643, 80
Trd, 4318807.193, 127
Trd, 4318807.543, 98
Trd, 4318807.793, 97
Trd, 4318808.643, 136
Trd, 4318809.693, 124
Trd, 4318810.143, 101
Trd, 4318810.593, 118
Trd, 4318811.393, 126
Trd, 4318811.943, 124
Trd, 4318813.043, 99
Trd, 4318814.693, 85
Trd, 4318815.443, 77
Trd, 4318817.293, 103
Trd, 4318818.043, 86
Trd, 4318818.393, 70
Trd, 4318818.643, 115
Trd, 4318818.993, 128
Trd, 4318819.443, 66
Trd, 4318820.693, 123
Trd, 4318820.793, 128
Trd, 4318821.143, 79
Trd, 4318824.543, 116
Trd, 4318825.193, 84
Trd, 4318825.893, 133
Trd, 4318826.993, 125
Trd, 4318827.543, 120
Trd, 4318827.993, 119
Trd, 4318828.593, 108
Trd, 4318830.043, 133
Trd, 4318830.893, 120
Trd, 4318831.993, 116
Trd, 4318833.043, 115
Trd, 4318834.143, 100
Trd, 4318834.293, 93
Trd, 4318834.593, 109
Trd, 4318835.943, 100
Trd, 4318836.143, 116
Trd, 4318836.443, 94
Trd, 4318836.793, 75
Trd, 4318837.693, 104
Trd, 4318838.043, 106
Trd, 4318838.843, 108
Trd, 4318839.093, 96
Trd, 4318841.243, 101
Trd, 4318841.293, 82
Trd, 4318842.893, 118
Trd, 4318843.993, 104
Trd, 4318844.093, 101
Trd, 4318844.693, 137
Trd, 4318845.043, 108
Trd, 4318846.943, 103
Trd, 4318847.343, 88
Trd, 4318847.593, 84
Trd, 4318849.843, 134
Trd, 4318850.143, 114
Trd, 4318850.793, 108
Trd, 4318851.243, 123
Trd, 4318852.793, 96
Trd, 4318853.043, 90
Trd, 4318853.943, 93
Trd, 4318854.243, 140
Trd, 4318855.543, 129
Trd, 4318855.843, 107
Trd, 4318856.143, 80
Trd, 4318856.443, 87
Trd, 4318859.043, 96
Trd, 4318859.243, 79
Trd, 4318861.143, 103
Trd, 4318862.143, 111
Trd, 4318862.693, 90
Trd, 4318863.093, 82
Trd, 4318865.043, 113
Trd, 4318865.693, 108
Trd, 4318865.943, 108
Trd, 4318866.293, 100
Trd, 4318866.843, 110
Trd, 4318867.193, 97
Trd, 4318868.243, 85
Trd, 4318868.393, 80
Trd, 4318870.243, 116
Trd, 4318870.643, 134
Trd, 4318871.093, 95
Trd, 4318871.493, 124
Trd, 4318873.743, 84
Trd, 4318874.193, 75
Trd, 4318874.443, 101
Trd, 4318876.043, 114
Trd, 4318876.793, 113
Trd, 4318878.093, 103
Trd, 4318878.593, 90
Trd, 4318879.843, 96
Trd, 4318880.243, 116
Trd, 4318881.593, 117
Trd, 4318882.943, 123
Trd, 4318883.043, 108
Trd, 4318883.643, 87
Trd, 4318884.393, 97
Trd, 4318884.593, 84
Trd, 4318884.843, 116
Trd, 4318886.343, 101
Trd, 4318888.393, 130
Trd, 4318888.993, 88
Trd, 4318890.643, 126
Trd, 4318890.793, 126
Trd, 4318891.143, 91
Trd, 4318891.643, 89
Trd, 4318892.043, 82
Trd, 4318892.443, 89
Trd, 4318893.193, 71
Trd, 4318893.743, 69
Trd, 4318894.593, 72
Trd, 4318895.243, 128
Trd, 4318895.293, 97
Trd, 4318895.543, 95
Trd, 4318897.143, 82
Trd, 4318897.443, 96
Trd, 4318897.993, 81
Trd, 4318899.593, 114
Trd, 4318900.743, 84
Trd, 4318901.193, 99
Trd, 4318902.393, 68
Trd, 4318902.993, 76
Trd, 4318903.593, 80
Trd, 4318904.293, 64
Trd, 4318905.893, 87
Trd, 4318906.243, 98
Trd, 4318906.293, 79
Trd, 4318907.393, 74
Trd, 4318908.643, 94
Trd, 4318909.893, 120
Trd, 4318910.793, 104
Trd, 4318910.893, 86
Trd, 4318911.993, 110
Trd, 4318912.293, 111
Trd, 4318912.593, 108
Trd, 4318913.643, 113
Trd, 4318914.543, 107
Trd, 4318914.693, 104
Trd, 4318918.243, 125
Trd, 4318918.393, 132
Trd, 4318918.943, 97
Trd, 4318919.043, 96
Trd, 4318919.143, 122
Trd, 4318919.193, 75
Trd, 4318919.443, 90
Trd, 4318921.343, 60
Trd, 4318922.043, 67
Trd, 4318922.093, 109
Trd, 4318922.393, 60
Trd, 4318922.743, 90
Trd, 4318925.093, 78
Trd, 4318925.443, 73
Trd, 4318927.643, 130
Trd, 4318927.843, 118
Trd, 4318928.143, 120
Trd, 4318929.093, 124
Trd, 4318930.243, 106
Trd, 4318930.393, 105
Trd, 4318930.493, 90
Trd, 4318931.693, 91
Trd, 4318931.893, 84
Trd, 4318933.043, 62
Trd, 4318933.143, 97
Trd, 4318934.043, 122
Trd, 4318934.693, 91
Trd, 4318936.643, 71
Trd, 4318936.893, 83
Trd, 4318937.343, 100
Trd, 4318939.343, 117
Trd, 4318940.093, 121
Trd, 4318940.543, 80
Trd, 4318941.893, 115
Trd, 4318942.093, 127
Trd, 4318942.243, 94
Trd, 4318942.443, 84
Trd, 4318944.293, 140
Trd, 4318944.493, 138
Trd, 4318944.793, 130
Trd, 4318944.943, 120
Trd, 4318946.443, 111
Trd, 4318946.593, 99
Trd, 4318946.893, 117
Trd, 4318946.993, 90
Trd, 4318947.243, 78
Trd, 4318947.993, 136
Trd, 4318950.343, 93
Trd, 4318950.443, 78
Trd, 4318950.843, 65
Trd, 4318952.393, 89
Trd, 4318952.843, 83
Trd, 4318953.643, 135
Trd, 4318955.943, 122
Trd, 4318957.193, 77
Trd, 4318957.243, 70
Trd, 4318959.093, 116
Trd, 4318959.193, 127
Trd, 4318960.043, 129
Trd, 4318960.643, 113
Trd, 4318960.793, 109
Trd, 4318961.793, 107
Trd, 4318961.993, 124
Trd, 4318962.243, 102
Trd, 4318963.093, 115
Trd, 4318964.093, 105
Trd, 4318966.293, 122
Trd, 4318966.593, 113
Trd, 4318967.893, 94
Trd, 4318968.143, 85
Trd, 4318969.793, 137
Trd, 4318970.243, 103
Trd, 4318972.393, 90
Trd, 4318972.893, 90
Trd, 4318973.243, 95
Trd, 4318973.693, 83
Trd, 4318974.393, 88
Trd, 4318974.893, 67
Trd, 4318976.093, 96
Trd, 4318976.493, 87
Trd, 4318976.593, 93
Trd, 4318977.043, 92
Trd, 4318978.393, 94
Trd, 4318979.143, 84
Trd, 4318981.443, 126
Trd, 4318982.043, 97
Trd, 4318982.843, 118
Trd, 4318983.143, 114
Trd, 4318983.793, 98
Trd, 4318984.093, 81
Trd, 4318984.443, 76
Trd, 4318985.793, 112
Trd, 4318986.543, 92
Trd, 4318986.743, 73
Trd, 4318987.043, 79
Trd, 4318989.093, 98
Trd, 4318990.043, 105
Trd, 4318990.493, 105
Trd, 4318991.193, 99
Trd, 4318992.143, 97
Trd, 4318993.893, 96
Trd, 4318994.093, 81
Trd, 4318994.293, 82
Trd, 4318994.643, 131
Trd, 4318994.743, 113
Trd, 4318995.943, 64
Trd, 4318997.693, 94
Trd, 4318997.893, 81
Trd, 4318998.993, 124
Trd, 4318999.643, 85
Trd, 4319001.743, 129
Trd, 4319002.143, 120
Trd, 4319003.043, 120
Trd, 4319004.693, 118
Trd, 4319005.443, 125
Trd, 4319006.393, 125
Trd, 4319006.593, 135
Trd, 4319007.243, 135
Trd, 4319008.193, 109
Trd, 4319009.093, 107
Trd, 4319009.293, 106
Trd, 4319009.943, 95
Trd, 4319011.293, 118
Trd, 4319012.943, 119
Trd, 4319014.393, 108
Trd, 4319014.943, 100
Trd, 4319016.393, 91
Trd, 4319017.743, 86
Trd, 4319018.743, 88
Trd, 4319018.893, 80
Trd, 4319019.343, 66
Trd, 4319022.043, 99
Trd, 4319022.343, 98
Trd, 4319022.693, 117
Trd, 4319022.943, 77
Trd, 4319023.243, 91
Trd, 4319023.343, 115
Trd, 4319023.493, 92
Trd, 4319025.093, 118
Trd, 4319025.693, 132
Trd, 4319025.943, 123
Trd, 4319026.593, 127
Trd, 4319028.043, 91
Trd, 4319029.143, 121
Trd, 4319029.743, 91
Trd, 4319030.843, 102
Trd, 4319031.043, 89
Trd, 4319031.443, 126
Trd, 4319031.693, 101
Trd, 4319031.793, 92
Trd, 4319032.093, 116
Trd, 4319034.693, 131
Trd, 4319035.093, 121
Trd, 4319036.043, 118
Trd, 4319036.493, 117
Trd, 4319036.793, 86
Trd, 4319037.693, 97
Trd, 4319038.293, 77
Trd, 4319038.793, 93
Trd, 4319039.693, 68
Trd, 4319040.643, 61
Trd, 4319041.343, 133
Trd, 4319041.693, 109
Trd, 4319042.143, 104
Trd, 4319043.243, 118
Trd, 4319043.793, 118
Trd, 4319044.343, 95
Trd, 4319044.443, 93
Trd, 4319044.693, 118
Trd, 4319045.643, 114
Trd, 4319047.143, 67
Trd, 4319049.243, 128
Trd, 4319049.343, 106
Trd, 4319049.593, 117
Trd, 4319050.043, 130
Trd, 4319051.093, 89
Trd, 4319051.493, 89
Trd, 4319051.643, 82
Trd, 4319052.343, 97
Trd, 4319052.693, 131
Trd, 4319054.543, 63
Trd, 4319055.493, 61
Trd, 4319056.293, 101
Trd, 4319057.893, 118
Trd, 4319058.193, 116
Trd, 4319059.343, 133
Trd, 4319060.743, 111
Trd, 4319060.893, 86
Trd, 4319061.143, 73
Trd, 4319061.793, 78
Trd, 4319062.743, 117
Trd, 4319063.443, 108
Trd, 4319063.493, 109
Trd, 4319064.393, 92
Trd, 4319065.693, 121
Trd, 4319065.743, 121
Trd, 4319065.943, 117
Trd, 4319066.393, 112
Trd, 4319066.543, 111
Trd, 4319067.993, 75
Trd, 4319068.543, 79
Trd, 4319069.043, 85
Trd, 4319069.293, 106
Trd, 4319071.793, 99
Trd, 4319072.443, 121
Trd, 4319073.043, 133
Trd, 4319075.343, 124
Trd, 4319075.393, 106
Trd, 4319076.243, 73
Trd, 4319076.643, 68
Trd, 4319076.843, 105
Trd, 4319077.493, 77
Trd, 4319078.093, 75
Trd, 4319081.293, 132
Trd, 4319081.793, 130
Trd, 4319082.143, 112
Trd, 4319083.543, 135
Trd, 4319083.593, 115
Trd, 4319084.243, 124
Trd, 4319084.993, 83
Trd, 4319085.393, 128
Trd, 4319085.493, 70
Trd, 4319085.893, 128
Trd, 4319087.443, 78
Trd, 4319088.793, 99
Trd, 4319089.443, 120
Trd, 4319090.143, 119
Trd, 4319091.443, 93
Trd, 4319091.643, 92
Trd, 4319092.093, 115
Trd, 4319092.743, 128
Trd, 4319093.143, 111
Trd, 4319094.143, 96
Trd, 4319094.943, 111
Trd, 4319095.643, 95
Trd, 4319095.893, 69
Trd, 4319097.193, 91
Trd, 4319097.493, 89
Trd, 4319098.643, 101
Trd, 4319099.193, 112
Trd, 4319099.693, 87
Trd, 4319099.893, 85
Trd, 4319101.193, 63
Trd, 4319101.243, 74
Trd, 4319103.243, 129
Trd, 4319103.743, 106
Trd, 4319105.143, 82
Trd, 4319105.343, 87
Trd, 4319106.093, 138
Trd, 4319107.293, 90
Trd, 4319107.493, 105
Trd, 4319107.843, 83
Trd, 4319108.043, 122
Trd, 4319108.343, 112
Trd, 4319109.193, 77
Trd, 4319109.243, 76
Trd, 4319109.293, 82
Trd, 4319110.993, 126
Trd, 4319111.793, 113
Trd, 4319112.693, 95
Trd, 4319114.693, 136
Trd, 4319115.243, 84
Trd, 4319115.993, 94
Trd, 4319116.693, 126
Trd, 4319117.343, 100
Trd, 4319117.643, 103
Trd, 4319118.293, 95
Trd, 4319118.443, 93
Trd, 4319119.043, 93
Trd, 4319120.943, 118
Trd, 4319121.243, 87
Trd, 4319121.993, 116
Trd, 4319122.343, 123
Trd, 4319122.993, 114
Trd, 4319123.543, 101
Trd, 4319124.293, 83
Trd, 4319124.893, 73
Trd, 4319126.193, 82
Trd, 4319127.293, 99
Trd, 4319127.593, 88
Trd, 4319128.393, 125
Trd, 4319129.243, 89
Trd, 4319130.243, 76
Trd, 4319131.393, 85
Trd, 4319131.843, 91
Trd, 4319133.243, 135
Trd, 4319133.543, 133
Trd, 4319133.643, 110
Trd, 4319133.793, 109
Trd, 4319134.243, 131
Trd, 4319134.893, 107
Trd, 4319136.543, 90
Trd, 4319136.893, 101
Trd, 4319137.643, 82
Trd, 4319137.993, 78
Trd, 4319138.543, 79
Trd, 4319138.893, 77
Trd, 4319140.343, 95
Trd, 4319141.543, 116
Trd, 4319142.493, 61
Trd, 4319143.793, 64
Trd, 4319144.193, 105
Trd, 4319144.643, 102
Trd, 4319144.793, 76
Trd, 4319145.793, 64
Trd, 4319146.043, 63
Trd, 4319146.593, 75
Trd, 4319148.593, 108
Trd, 4319149.843, 133
Trd, 4319149.993, 132
Trd, 4319150.493, 112
Trd, 4319150.893, 107
Trd, 4319151.743, 60
Trd, 4319153.043, 79
Trd, 4319153.743, 89
Trd, 4319154.343, 92
Trd, 4319154.793, 81
Trd, 4319155.793, 93
Trd, 4319156.343, 84
Trd, 4319157.143, 107
Trd, 4319157.593, 118
Trd, 4319158.743, 90
Trd, 4319159.443, 106
Trd, 4319160.293, 90
Trd, 4319161.193, 72
Trd, 4319161.443, 62
Trd, 4319161.893, 61
Trd, 4319162.693, 123
Trd, 4319163.743, 120
Trd, 4319164.043, 96
Trd, 4319165.893, 102
Trd, 4319166.043, 79
Trd, 4319166.343, 107
Trd, 4319166.743, 69
Trd, 4319167.743, 113
Trd, 4319168.343, 107
Trd, 4319170.743, 74
Trd, 4319170.893, 60
Trd, 4319171.793, 66
Trd, 4319172.693, 80
Trd, 4319172.843, 129
Trd, 4319174.043, 63
Trd, 4319174.693, 95
Trd, 4319176.193, 66
Trd, 4319177.143, 101
Trd, 4319177.443, 94
Trd, 4319177.493, 89
Trd, 4319178.393, 92
Trd, 4319178.493, 89
Trd, 4319178.993, 96
Trd, 4319180.543, 122
Trd, 4319181.143, 91
Trd, 4319181.843, 99
Trd, 4319182.943, 114
Trd, 4319183.043, 113
Trd, 4319183.243, 116
Trd, 4319183.493, 96
Trd, 4319183.543, 68
Trd, 4319185.543, 68
Trd, 4319186.543, 125
Trd, 4319186.693, 116
Trd, 4319186.993, 83
Trd, 4319187.243, 112
Trd, 4319187.643, 73
Trd, 4319188.243, 65
Trd, 4319190.543, 63
Trd, 4319191.143, 92
Trd, 4319192.793, 116
Trd, 4319193.093, 105
Trd, 4319193.443, 115
Trd, 4319193.493, 84
Trd, 4319194.093, 86
Trd, 4319195.343, 109
Trd, 4319196.943, 94
Trd, 4319198.043, 119
Trd, 4319198.193, 116
Trd, 4319198.443, 103
Trd, 4319198.843, 80
Trd, 4319199.143, 95
Trd, 4319200.193, 79
Trd, 4319201.643, 60
Trd, 4319203.043, 111
Trd, 4319203.993, 84
Trd, 4319204.643, 77
Trd, 4319205.193, 82
Trd, 4319205.443, 92
Trd, 4319205.943, 100
Trd, 4319206.593, 87
Trd, 4319208.193, 96
Trd, 4319209.243, 91
Trd, 4319209.343, 92
Trd, 4319209.543, 82
Trd, 4319209.943, 87
Trd, 4319211.893, 122
Trd, 4319213.193, 116
Trd, 4319214.393, 114
Trd, 4319214.843, 121
Trd, 4319215.093, 112
Trd, 4319215.243, 111
Trd, 4319215.893, 92
Trd, 4319216.543, 110
Trd, 4319218.693, 117
Trd, 4319219.693, 85
Trd, 4319220.543, 113
Trd, 4319220.893, 105
Trd, 4319220.943, 99
Trd, 4319221.843, 99
Trd, 4319222.543, 119
Trd, 4319223.243, 128
Trd, 4319223.443, 117
Trd, 4319224.043, 130
Trd, 4319224.093, 86
Trd, 4319224.643, 124
Trd, 4319226.543, 123
Trd, 4319227.243, 112
Trd, 4319228.143, 124
Trd, 4319228.393, 113
Trd, 4319229.193, 91
Trd, 4319229.743, 112
Trd, 4319231.243, 101
Trd, 4319231.643, 97
Trd, 4319231.893, 99
Trd, 4319232.643, 112
Trd, 4319233.393, 106
Trd, 4319235.293, 98
Trd, 4319235.693, 97
Trd, 4319236.393, 113
Trd, 4319236.843, 100
Trd, 4319237.193, 97
Trd, 4319237.743, 62
Trd, 4319238.393, 64
Trd, 4319239.443, 73
Trd, 4319241.293, 92
Trd, 4319241.593, 115
Trd, 4319242.043, 88
Trd, 4319243.993, 125
Trd, 4319245.543, 113
Trd, 4319246.193, 87
Trd, 4319247.293, 95
Trd, 4319248.343, 128
Trd, 4319249.943, 119
Trd, 4319250.293, 107
Trd, 4319250.643, 126
Trd, 4319251.693, 115
Trd, 4319251.843, 119
Trd, 4319254.543, 121
Trd, 4319254.743, 104
Trd, 4319255.093, 96
Trd, 4319255.443, 110
Trd, 4319256.343, 127
Trd, 4319256.693, 95
Trd, 4319257.043, 118
Trd, 4319257.643, 76
Trd, 4319258.043, 86
Trd, 4319258.693, 96
Trd, 4319259.193, 87
Trd, 4319259.843, 117
Trd, 4319260.043, 106
Trd, 4319260.093, 79
Trd, 4319261.293, 72
Trd, 4319262.893, 71
Trd, 4319263.343, 67
Trd, 4319263.443, 128
Trd, 4319263.593, 93
Trd, 4319264.693, 73
Trd, 4319265.543, 106
Trd, 4319266.443, 72
Trd, 4319267.393, 79
Trd, 4319267.643, 115
Trd, 4319269.093, 109
Trd, 4319269.193, 107
Trd, 4319269.493, 83
Trd, 4319269.543, 76
Trd, 4319271.043, 64
Trd, 4319273.543, 61
Trd, 4319273.843, 100
Trd, 4319275.243, 94
Trd, 4319275.743, 63
Trd, 4319276.893, 91
Trd, 4319277.243, 129
Trd, 4319278.043, 108
Trd, 4319278.743, 107
Trd, 4319280.493, 110
Trd, 4319281.393, 127
Trd, 4319281.543, 108
Trd, 4319282.643, 140
Trd, 4319282.943, 100
Trd, 4319284.993, 125
Trd, 4319285.593, 119
Trd, 4319286.143, 110
Trd, 4319286.593, 80
Trd, 4319286.643, 79
Trd, 4319287.843, 68
Trd, 4319288.443, 70
Trd, 4319288.993, 96
Trd, 4319289.893, 99
Trd, 4319289.993, 100
Trd, 4319292.193, 115
Trd, 4319292.343, 113
Trd, 4319293.493, 93
Trd, 4319294.843, 79
Trd, 4319295.793, 96
Trd, 4319295.993, 88
Trd, 4319297.393, 115
Trd, 4319298.193, 92
Trd, 4319301.293, 115
Trd, 4319301.643, 114
Trd, 4319301.693, 113
Trd, 4319302.243, 98
Trd, 4319303.343, 104
Trd, 4319304.193, 89
Trd, 4319305.493, 104
Trd, 4319306.093, 102
Trd, 4319306.343, 93
Trd, 4319306.993, 75
Trd, 4319307.893, 112
Trd, 4319308.243, 107
Trd, 4319308.793, 95
Trd, 4319310.843, 106
Trd, 4319311.343, 92
Trd, 4319311.743, 91
Trd, 4319312.093, 100
Trd, 4319312.443, 103
Trd, 4319312.493, 95
Trd, 4319312.943, 94
Trd, 4319314.443, 77
Trd, 4319315.143, 111
Trd, 4319315.793, 100
Trd, 4319317.143, 126
Trd, 4319317.943, 78
Trd, 4319319.343, 125
Trd, 4319320.043, 94
Trd, 4319321.543, 114
Trd, 4319321.693, 104
Trd, 4319323.043, 129
Trd, 4319323.893, 128
Trd, 4319324.093, 127
Trd, 4319325.293, 110
Trd, 4319325.343, 102
Trd, 4319326.043, 95
Trd, 4319326.193, 94
Trd, 4319326.593, 92
Trd, 4319328.443, 126
Trd, 4319329.393, 101
Trd, 4319329.943, 106
Trd, 4319330.843, 124
Trd, 4319331.043, 85
Trd, 4319333.943, 129
Trd, 4319334.043, 123
Trd, 4319334.143, 106
Trd, 4319335.393, 121
Trd, 4319335.793, 128
Trd, 4319337.643, 97
Trd, 4319338.193, 98
Trd, 4319338.743, 130
Trd, 4319340.543, 109
Trd, 4319341.193, 135
Trd, 4319341.993, 121
Trd, 4319342.743, 82
Trd, 4319342.943, 77
Trd, 4319343.693, 102
Trd, 4319344.393, 109
Trd, 4319344.943, 109
Trd, 4319345.293, 70
Trd, 4319345.443, 113
Trd, 4319346.443, 78
Trd, 4319348.343, 74
Trd, 4319348.693, 78
Trd, 4319349.343, 128
Trd, 4319350.393, 116
Trd, 4319351.043, 95
Trd, 4319351.543, 103
Trd, 4319352.443, 88
Trd, 4319353.743, 133
Trd, 4319354.843, 137
Trd, 4319355.193, 130
Trd, 4319356.443, 98
Trd, 4319356.743, 90
Trd, 4319356.943, 85
Trd, 4319358.643, 96
Trd, 4319358.843, 111
Trd, 4319358.893, 92
Trd, 4319360.143, 94
Trd, 4319360.643, 111
Trd, 4319361.693, 128
Trd, 4319362.093, 116
Trd, 4319362.443, 107
Trd, 4319362.793, 119
Trd, 4319364.193, 109
Trd, 4319364.393, 108
Trd, 4319365.093, 76
Trd, 4319366.493, 95
Trd, 4319366.593, 75
Trd, 4319366.793, 114
Trd, 4319367.243, 107
Trd, 4319369.343, 84
Trd, 4319370.293, 71
Trd, 4319372.143, 104
Trd, 4319372.343, 84
Trd, 4319372.493, 83
Trd, 4319372.693, 64
Trd, 4319373.843, 73
Trd, 4319374.693, 75
Trd, 4319375.293, 90
Trd, 4319376.393, 87
Trd, 4319376.793, 71
Trd, 4319376.843, 79
Trd, 4319378.143, 127
Trd, 4319378.893, 106
Trd, 4319379.693, 113
Trd, 4319381.043, 75
Trd, 4319381.443, 89
Trd, 4319381.893, 60
Trd, 4319383.593, 79
Trd, 4319383.793, 87
Trd, 4319387.343, 100
Trd, 4319387.643, 133
Trd, 4319388.693, 118
Trd, 4319389.043, 120
Trd, 4319389.143, 117
Trd, 4319389.593, 88
Trd, 4319390.093, 119
Trd, 4319390.693, 103
Trd, 4319392.743, 100
Trd, 4319392.993, 94
Trd, 4319393.393, 77
Trd, 4319394.243, 65
Trd, 4319394.393, 95
Trd, 4319395.193, 100
Trd, 4319396.143, 100
Trd, 4319397.843, 94
Trd, 4319398.443, 88
Trd, 4319398.943, 98
Trd, 4319399.393, 89
Trd, 4319401.393, 106
Trd, 4319401.493, 102
Trd, 4319401.543, 94
Trd, 4319402.343, 91
Trd, 4319402.693, 105
Trd, 4319402.943, 86
Trd, 4319403.543, 118
Trd, 4319403.993, 85
Trd, 4319404.843, 95
Trd, 4319405.243, 112
Trd, 4319406.493, 115
Trd, 4319407.393, 93
Trd, 4319408.193, 120
Trd, 4319408.793, 94
Trd, 4319408.993, 94
Trd, 4319409.193, 91
Trd, 4319409.343, 85
Trd, 4319410.593, 86
Trd, 4319411.493, 65
Trd, 4319412.943, 121
Trd, 4319413.143, 102
Trd, 4319414.843, 114
Trd, 4319415.593, 92
Trd, 4319415.693, 101
Trd, 4319416.443, 120
Trd, 4319417.693, 112
Trd, 4319418.193, 112
Trd, 4319419.293, 100
Trd, 4319420.693, 85
Trd, 4319420.893, 67
Trd, 4319421.493, 100
Trd, 4319421.593, 62
Trd, 4319422.343, 123
Trd, 4319422.493, 128
Trd, 4319423.893, 102
Trd, 4319424.693, 92
Trd, 4319425.343, 103
Trd, 4319426.043, 111
Trd, 4319426.943, 104
Trd, 4319427.593, 77
Trd, 4319428.043, 104
Trd, 4319428.593, 106
Trd, 4319429.843, 114
Trd, 4319430.393, 80
Trd, 4319430.743, 86
Trd, 4319430.843, 88
Trd, 4319431.193, 90
Trd, 4319431.593, 79
Trd, 4319432.693, 88
Trd, 4319435.493, 93
Trd, 4319435.993, 67
Trd, 4319437.493, 68
Trd, 4319437.893, 77
Trd, 4319438.593, 84
Trd, 4319438.643, 83
Trd, 4319439.393, 128
Trd, 4319439.793, 81
Trd, 4319440.643, 90
Trd, 4319440.943, 117
Trd, 4319443.193, 122
Trd, 4319443.943, 101
Trd, 4319444.443, 103
Trd, 4319444.693, 100
Trd, 4319444.793, 86
Trd, 4319445.593, 93
Trd, 4319445.843, 111
Trd, 4319446.793, 103
Trd, 4319448.843, 109
Trd, 4319449.443, 125
Trd, 4319449.493, 114
Trd, 4319450.243, 133
Trd, 4319450.643, 129
Trd, 4319451.693, 98
Trd, 4319452.443, 115
Trd, 4319453.493, 110
Trd, 4319453.693, 95
Trd, 4319453.943, 81
Trd, 4319454.243, 134
Trd, 4319454.843, 109
Trd, 4319457.843, 95
Trd, 4319458.043, 92
Trd, 4319458.293, 118
Trd, 4319458.893, 94
Trd, 4319460.693, 116
Trd, 4319461.093, 99
Trd, 4319462.943, 106
Trd, 4319463.043, 105
Trd, 4319463.793, 124
Trd, 4319464.843, 105
Trd, 4319465.193, 109
Trd, 4319465.943, 127
Trd, 4319466.293, 101
Trd, 4319467.093, 74
Trd, 4319467.493, 70
Trd, 4319467.843, 67
Trd, 4319469.043, 123
Trd, 4319469.443, 102
Trd, 4319469.493, 101
Trd, 4319469.893, 93
Trd, 4319471.143, 130
Trd, 4319471.843, 128
Trd, 4319472.293, 85
Trd, 4319473.793, 135
Trd, 4319475.443, 98
Trd, 4319476.393, 120
Trd, 4319476.493, 118
Trd, 4319476.893, 105
Trd, 4319477.743, 110
Trd, 4319479.343, 126
Trd, 4319479.593, 120
Trd, 4319480.893, 101
Trd, 4319481.493, 108
Trd, 4319482.093, 77
Trd, 4319484.193, 101
Trd, 4319485.243, 108
Trd, 4319485.393, 85
Trd, 4319488.443, 134
Trd, 4319488.993, 119
Trd, 4319489.193, 110
Trd, 4319489.243, 107
Trd, 4319490.543, 102
Trd, 4319491.743, 120
Trd, 4319492.043, 103
Trd, 4319492.793, 88
Trd, 4319493.193, 82
Trd, 4319493.393, 60
Trd, 4319494.193, 108
Trd, 4319495.043, 73
Trd, 4319495.893, 83
Trd, 4319496.843, 66
Trd, 4319497.543, 92
Trd, 4319499.343, 93
Trd, 4319499.493, 93
Trd, 4319499.593, 79
Trd, 4319499.693, 78
Trd, 4319501.043, 90
Trd, 4319501.443, 107
Trd, 4319502.143, 84
Trd, 4319503.893, 71
Trd, 4319505.193, 120
Trd, 4319506.593, 82
Trd, 4319507.243, 85
Trd, 4319507.993, 86
Trd, 4319508.043, 74
Trd, 4319508.143, 113
Trd, 4319509.593, 107
Trd, 4319510.543, 97
Trd, 4319510.843, 86
Trd, 4319511.843, 114
Trd, 4319511.993, 103
Trd, 4319512.343, 80
Trd, 4319513.743, 94
Trd, 4319515.343, 118
Trd, 4319515.643, 138
Trd, 4319516.243, 86
Trd, 4319518.343, 118
Trd, 4319519.543, 137
Trd, 4319519.693, 133
Trd, 4319521.393, 113
Trd, 4319521.893, 133
Trd, 4319522.593, 116
Trd, 4319522.843, 130
Trd, 4319523.243, 134
Trd, 4319523.643, 118
Trd, 4319523.943, 117
Trd, 4319524.943, 72
Trd, 4319525.993, 65
Trd, 4319526.643, 97
Trd, 4319527.293, 82
Trd, 4319528.693, 97
Trd, 4319530.793, 101
Trd, 4319532.893, 101
Trd, 4319533.393, 118
Trd, 4319533.493, 117
Trd, 4319534.043, 111
Trd, 4319534.743, 129
Trd, 4319534.943, 106
Trd, 4319536.093, 124
Trd, 4319536.643, 102
Trd, 4319536.793, 119
Trd, 4319538.043, 69
Trd, 4319539.293, 92
Trd, 4319539.343, 65
Trd, 4319541.593, 119
Trd, 4319541.943, 115
Trd, 4319542.143, 115
Trd, 4319542.393, 77
Trd, 4319543.193, 116
Trd, 4319544.043, 108
Trd, 4319544.843, 78
Trd, 4319545.243, 96
Trd, 4319545.443, 116
Trd, 4319548.243, 119
Trd, 4319548.493, 110
Trd, 4319548.793, 103
Trd, 4319548.843, 72
Trd, 4319549.743, 93
Trd, 4319550.243, 100
Trd, 4319550.843, 103
Trd, 4319551.043, 96
Trd, 4319552.443, 105
Trd, 4319552.743, 67
Trd, 4319553.343, 68
Trd, 4319553.843, 99
Trd, 4319555.743, 133
Trd, 4319556.143, 132
Trd, 4319557.043, 131
Trd, 4319558.043, 120
Trd, 4319558.743, 118
Trd, 4319558.843, 96
Trd, 4319558.993, 63
Trd, 4319559.493, 69
Trd, 4319559.943, 64
Trd, 4319560.743, 91
Trd, 4319561.743, 77
Trd, 4319562.343, 81
Trd, 4319564.043, 111
Trd, 4319564.343, 108
Trd, 4319564.993, 114
Trd, 4319565.393, 122
Trd, 4319565.843, 83
Trd, 4319566.593, 81
Trd, 4319567.693, 92
Trd, 4319568.843, 105
Trd, 4319568.893, 96
Trd, 4319569.543, 113
Trd, 4319571.043, 128
Trd, 4319571.643, 122
Trd, 4319572.393, 90
Trd, 4319572.843, 84
Trd, 4319572.943, 122
Trd, 4319573.093, 113
Trd, 4319574.143, 92
Trd, 4319576.493, 100
Trd, 4319578.943, 105
Trd, 4319579.593, 119
Trd, 4319579.993, 117
Trd, 4319580.043, 116
Trd, 4319580.143, 106
Trd, 4319580.293, 102
Trd, 4319581.493, 112
Trd, 4319582.343, 85
Trd, 4319582.743, 110
Trd, 4319583.943, 130
Trd, 4319584.693, 93
Trd, 4319585.243, 92
Trd, 4319586.643, 85
Trd, 4319587.393, 92
Trd, 4319587.893, 110
Trd, 4319588.443, 118
Trd, 4319588.793, 105
Trd, 4319589.593, 121
Trd, 4319590.943, 104
Trd, 4319591.393, 93
Trd, 4319591.743, 99
Trd, 4319593.443, 110
Trd, 4319594.143, 97
Trd, 4319594.993, 70
Trd, 4319596.443, 136
Trd, 4319596.493, 106
Trd, 4319596.793, 98
Trd, 4319597.343, 118
Trd, 4319598.193, 121
Trd, 4319598.443, 127
Trd, 4319599.443, 133
Trd, 4319599.693, 133
Trd, 4319599.843, 131
Trd, 4319601.493, 121
Trd, 4319601.643, 99
Trd, 4319602.443, 106
Trd, 4319603.543, 75
Trd, 4319604.143, 71
Trd, 4319604.593, 69
Trd, 4319604.743, 89
Trd, 4319606.143, 117
Trd, 4319606.793, 64
Trd, 4319608.493, 115
Trd, 4319608.643, 114
Trd, 4319608.793, 86
Trd, 4319611.693, 101
Trd, 4319611.843, 81
Trd, 4319611.943, 96
Trd, 4319612.343, 90
Trd, 4319612.593, 67
Trd, 4319613.543, 82
Trd, 4319614.543, 73
Trd, 4319616.343, 94
Trd, 4319616.693, 93
Trd, 4319616.943, 137
Trd, 4319617.143, 85
Trd, 4319618.993, 115
Trd, 4319619.293, 77
Trd, 4319620.193, 81
Trd, 4319620.743, 60
Trd, 4319621.293, 105
Trd, 4319621.493, 83
Trd, 4319623.293, 61
Trd, 4319624.993, 64
Trd, 4319627.043, 80
Trd, 4319627.843, 120
Trd, 4319628.843, 117
Trd, 4319629.243, 119
Trd, 4319630.093, 116
Trd, 4319631.093, 66
Trd, 4319631.193, 68
Trd, 4319631.643, 60
Trd, 4319631.743, 127
Trd, 4319633.043, 72
Trd, 4319633.443, 117
Trd, 4319636.343, 105
Trd, 4319636.943, 95
Trd, 4319637.043, 89
Trd, 4319637.443, 85
Trd, 4319637.543, 81
Trd, 4319638.543, 107
Trd, 4319639.693, 74
Trd, 4319640.843, 108
Trd, 4319641.543, 60
Trd, 4319642.243, 84
Trd, 4319643.743, 88
Trd, 4319644.043, 105
Trd, 4319644.193, 84
Trd, 4319644.593, 73
Trd, 4319645.493, 104
Trd, 4319646.493, 122
Trd, 4319647.543, 111
Trd, 4319648.193, 113
Trd, 4319649.293, 121
Trd, 4319651.143, 140
Trd, 4319652.093, 117
Trd, 4319652.793, 92
Trd, 4319653.893, 124
Trd, 4319654.993, 96
Trd, 4319655.543, 89
Trd, 4319655.593, 109
Trd, 4319656.093, 92
Trd, 4319657.793, 103
Trd, 4319658.743, 101
Trd, 4319659.743, 94
Trd, 4319661.093, 127
Trd, 4319661.493, 103
Trd, 4319662.493, 95
Trd, 4319662.843, 112
Trd, 4319663.093, 135
Trd, 4319664.043, 134
Trd, 4319665.093, 130
Trd, 4319666.043, 122
Trd, 4319666.093, 116
Trd, 4319666.393, 81
Trd, 4319667.093, 75
Trd, 4319667.893, 108
Trd, 4319669.243, 75
Trd, 4319669.543, 96
Trd, 4319670.743, 97
Trd, 4319672.993, 115
Trd, 4319673.243, 86
Trd, 4319673.443, 116
Trd, 4319674.693, 133
Trd, 4319675.543, 106
Trd, 4319676.143, 116
Trd, 4319676.543, 137
Trd, 4319677.643, 108
Trd, 4319677.793, 92
Trd, 4319678.493, 64
Trd, 4319679.043, 90
Trd, 4319680.793, 106
Trd, 4319681.593, 96
Trd, 4319681.793, 118
Trd, 4319681.993, 86
Trd, 4319684.343, 104
Trd, 4319684.593, 140
Trd, 4319686.493, 136
Trd, 4319687.193, 96
Trd, 4319687.293, 73
Trd, 4319687.593, 89
Trd, 4319688.593, 109
Trd, 4319689.043, 117
Trd, 4319689.493, 104
Trd, 4319690.143, 88
Trd, 4319691.443, 123
Trd, 4319691.843, 86
Trd, 4319692.643, 132
Trd, 4319693.843, 120
Trd, 4319694.293, 138
Trd, 4319694.743, 119
Trd, 4319694.793, 114
Trd, 4319694.893, 99
Trd, 4319697.443, 99
Trd, 4319697.893, 125
Trd, 4319698.093, 106
Trd, 4319699.243, 102
Trd, 4319700.243, 105
Trd, 4319701.493, 136
Trd, 4319701.993, 126
Trd, 4319702.743, 98
Trd, 4319703.443, 136
Trd, 4319704.443, 111
Trd, 4319704.693, 110
Trd, 4319705.043, 105
Trd, 4319706.443, 85
Trd, 4319706.643, 133
Trd, 4319707.343, 114
Trd, 4319707.393, 109
Trd, 4319708.143, 83
Trd, 4319708.593, 77
Trd, 4319710.043, 82
Trd, 4319712.193, 82
Trd, 4319712.393, 109
Trd, 4319712.743, 92
Trd, 4319715.343, 103
Trd, 4319715.493, 97
Trd, 4319716.543, 101
Trd, 4319717.743, 97
Trd, 4319718.393, 134
Trd, 4319719.593, 97
Trd, 4319719.843, 104
Trd, 4319720.243, 117
Trd, 4319720.993, 109
Trd, 4319721.193, 93
Trd, 4319721.643, 71
Trd, 4319723.743, 85
Trd, 4319724.493, 60
Trd, 4319724.993, 134
Trd, 4319725.643, 95
Trd, 4319727.093, 116
Trd, 4319727.393, 96
Trd, 4319728.043, 127
Trd, 4319728.743, 110
Trd, 4319729.293, 138
Trd, 4319729.443, 108
Trd, 4319729.593, 131
Trd, 4319730.693, 110
Trd, 4319731.093, 89
Trd, 4319732.043, 135
Trd, 4319732.243, 63
Trd, 4319732.843, 134
Trd, 4319734.043, 86
Trd, 4319734.593, 88
Trd, 4319735.343, 102
Trd, 4319738.443, 112
Trd, 4319738.993, 109
Trd, 4319739.993, 134
Trd, 4319741.143, 98
Trd, 4319742.093, 74
Trd, 4319742.343, 69
Trd, 4319744.293, 129
Trd, 4319745.493, 89
Trd, 4319745.593, 77
Trd, 4319746.543, 83
Trd, 4319746.843, 75
Trd, 4319748.993, 101
Trd, 4319749.543, 114
Trd, 4319749.643, 84
Trd, 4319749.943, 95
Trd, 4319750.143, 85
Trd, 4319750.643, 78
Trd, 4319752.043, 91
Trd, 4319752.543, 84
Trd, 4319752.743, 82
Trd, 4319754.343, 119
Trd, 4319755.143, 69
Trd, 4319755.643, 85
Trd, 4319756.693, 66
Trd, 4319757.493, 67
Trd, 4319757.893, 68
Trd, 4319757.993, 86
Trd, 4319758.693, 104
Trd, 4319759.143, 89
Trd, 4319761.843, 140
Trd, 4319762.843, 125
Trd, 4319763.643, 137
Trd, 4319764.193, 109
Trd, 4319764.643, 96
Trd, 4319765.343, 74
Trd, 4319765.443, 73
Trd, 4319766.343, 106
Trd, 4319767.393, 96
Trd, 4319768.043, 90
Trd, 4319768.493, 73
Trd, 4319770.043, 83
Trd, 4319771.143, 101
Trd, 4319771.393, 105
Trd, 4319771.543, 98
Trd, 4319772.743, 87
Trd, 4319773.543, 95
Trd, 4319773.643, 79
Trd, 4319774.493, 98
Trd, 4319775.593, 137
Trd, 4319775.893, 136
Trd, 4319776.293, 118
Trd, 4319777.643, 115
Trd, 4319777.993, 91
Trd, 4319779.493, 69
Trd, 4319780.043, 99
Trd, 4319781.443, 125
Trd, 4319781.693, 113
Trd, 4319781.793, 112
Trd, 4319782.243, 92
Trd, 4319782.993, 138
Trd, 4319783.893, 123
Trd, 4319784.043, 118
Trd, 4319784.893, 110
Trd, 4319785.543, 108
Trd, 4319786.293, 94
Trd, 4319786.793, 79
Trd, 4319788.343, 60
Trd, 4319788.693, 77
Trd, 4319789.593, 88
Trd, 4319789.743, 90
Trd, 4319790.543, 99
Trd, 4319790.843, 118
Trd, 4319792.293, 104
Trd, 4319792.993, 73
Trd, 4319794.243, 79
Trd, 4319796.543, 140
Trd, 4319796.643, 140
Trd, 4319798.193, 120
Trd, 4319798.993, 103
Trd, 4319799.093, 99
Trd, 4319799.593, 90
Trd, 4319801.043, 136
Trd, 4319801.943, 121
Trd, 4319802.043, 108
Trd, 4319803.393, 110
Trd, 4319803.693, 109
Trd, 4319805.243, 108
Trd, 4319805.893, 119
Trd, 4319806.643, 109
Trd, 4319806.793, 83
Trd, 4319807.143, 125
Trd, 4319807.993, 111
Trd, 4319809.193, 70
Trd, 4319810.943, 124
Trd, 4319811.543, 139
Trd, 4319812.343, 116
Trd, 4319812.693, 102
Trd, 4319812.843, 89
Trd, 4319813.993, 110
Trd, 4319814.793, 90
Trd, 4319815.493, 75
Trd, 4319817.543, 128
Trd, 4319818.043, 130
Trd, 4319818.093, 126
Trd, 4319819.793, 99
Trd, 4319819.943, 94
Trd, 4319820.943, 135
Trd, 4319821.243, 132
Trd, 4319821.743, 97
Trd, 4319822.793, 82
Trd, 4319822.993, 122
Trd, 4319823.293, 101
Trd, 4319824.843, 86
Trd, 4319825.843, 130
Trd, 4319826.293, 119
Trd, 4319827.843, 96
Trd, 4319828.043, 95
Trd, 4319828.543, 85
Trd, 4319828.893, 94
Trd, 4319829.643, 81
Trd, 4319831.093, 123
Trd, 4319832.243, 113
Trd, 4319834.543, 108
Trd, 4319834.593, 93
Trd, 4319834.743, 109
Trd, 4319834.893, 94
Trd, 4319835.893, 61
Trd, 4319836.443, 107
Trd, 4319837.143, 78
Trd, 4319838.093, 102
Trd, 4319838.193, 92
Trd, 4319838.293, 87
Trd, 4319839.493, 83
Trd, 4319839.943, 82
Trd, 4319840.143, 96
Trd, 4319840.243, 104
Trd, 4319841.293, 105
Trd, 4319842.093, 122
Trd, 4319842.343, 90
Trd, 4319843.093, 138
Trd, 4319843.893, 118
Trd, 4319845.593, 83
Trd, 4319846.493, 115
Trd, 4319846.993, 90
Trd, 4319848.093, 97
Trd, 4319848.643, 101
Trd, 4319849.543, 90
Trd, 4319849.743, 108
Trd, 4319852.443, 135
Trd, 4319852.893, 131
Trd, 4319852.993, 110
Trd, 4319854.043, 105
Trd, 4319854.293, 103
Trd, 4319854.443, 102
Trd, 4319854.843, 128
Trd, 4319855.543, 84
Trd, 4319856.493, 111
Trd, 4319857.693, 115
Trd, 4319857.793, 86
Trd, 4319858.043, 133
Trd, 4319858.793, 124
Trd, 4319858.993, 96
Trd, 4319859.043, 87
Trd, 4319860.293, 121
Trd, 4319861.143, 95
Trd, 4319862.943, 124
Trd, 4319863.193, 108
Trd, 4319863.393, 138
Trd, 4319863.793, 137
Trd, 4319865.193, 134
Trd, 4319866.243, 119
Trd, 4319866.943, 90
Trd, 4319867.293, 88
Trd, 4319867.743, 94
Trd, 4319868.093, 92
Trd, 4319868.393, 88
Trd, 4319870.043, 62
Trd, 4319870.093, 63
Trd, 4319870.293, 65
Trd, 4319871.293, 95
Trd, 4319871.593, 85
Trd, 4319873.193, 103
Trd, 4319873.543, 98
Trd, 4319873.843, 93
Trd, 4319874.593, 105
Trd, 4319875.293, 81
Trd, 4319875.593, 72
Trd, 4319878.193, 90
Trd, 4319879.143, 132
Trd, 4319879.443, 134
Trd, 4319879.893, 121
Trd, 4319879.993, 114
Trd, 4319880.143, 100
Trd, 4319880.893, 95
Trd, 4319881.443, 100
Trd, 4319882.543, 100
Trd, 4319883.143, 112
Trd, 4319883.193, 110
Trd, 4319884.143, 110
Trd, 4319885.093, 84
Trd, 4319887.443, 123
Trd, 4319887.593, 112
Trd, 4319887.993, 111
Trd, 4319888.393, 80
Trd, 4319888.643, 66
Trd, 4319890.243, 90
Trd, 4319891.293, 62
Trd, 4319891.843, 62
Trd, 4319892.843, 78
Trd, 4319893.943, 135
Trd, 4319894.043, 134
Trd, 4319895.193, 117
Trd, 4319895.643, 102
Trd, 4319896.243, 103
Trd, 4319896.693, 101
Trd, 4319897.743, 100
Trd, 4319897.893, 98
Trd, 4319898.793, 118
Trd, 4319899.943, 98
Trd, 4319900.443, 83
Trd, 4319903.193, 118
Trd, 4319904.493, 120
Trd, 4319904.543, 114
Trd, 4319905.593, 106
Trd, 4319906.493, 107
Trd, 4319907.093, 120
Trd, 4319907.743, 117
Trd, 4319908.643, 132
Trd, 4319909.043, 86
Trd, 4319909.393, 121
Trd, 4319911.243, 124
Trd, 4319912.693, 116
Trd, 4319914.193, 92
Trd, 4319914.443, 90
Trd, 4319914.843, 97
Trd, 4319914.893, 85
Trd, 4319915.643, 81
Trd, 4319916.843, 72
Trd, 4319918.393, 61
Trd, 4319918.993, 76
Trd, 4319919.693, 72
Trd, 4319921.043, 112
Trd, 4319921.193, 111
Trd, 4319922.193, 91
Trd, 4319922.393, 89
Trd, 4319922.443, 81
Trd, 4319923.643, 103
Trd, 4319923.993, 93
Trd, 4319924.593, 94
Trd, 4319924.993, 96
Trd, 4319925.593, 94
Trd, 4319925.893, 80
Trd, 4319926.593, 78
Trd, 4319926.643, 137
Trd, 4319927.043, 62
Trd, 4319928.343, 79
Trd, 4319928.543, 95
Trd, 4319929.093, 101
Trd, 4319929.643, 62
Trd, 4319932.443, 121
Trd, 4319932.543, 120
Trd, 4319933.293, 95
Trd, 4319933.993, 117
Trd, 4319934.943, 87
Trd, 4319935.993, 130
Trd, 4319937.343, 140
Trd, 4319937.393, 137
Trd, 4319937.693, 114
Trd, 4319938.893, 107
Trd, 4319939.493, 126
Trd, 4319941.043, 115
Trd, 4319941.693, 90
Trd, 4319941.843, 89
Trd, 4319942.293, 83
Trd, 4319942.843, 90
Trd, 4319943.893, 94
Trd, 4319945.293, 136
Trd, 4319946.593, 98
Trd, 4319947.393, 105
Trd, 4319948.293, 113
Trd, 4319949.093, 105
Trd, 4319949.643, 87
Trd, 4319950.043, 111
Trd, 4319950.493, 96
Trd, 4319951.043, 108
Trd, 4319951.843, 121
Trd, 4319952.543, 107
Trd, 4319954.043, 71
Trd, 4319955.493, 87
Trd, 4319955.943, 60
Trd, 4319956.043, 90
Trd, 4319957.093, 95
Trd, 4319957.143, 101
Trd, 4319957.893, 97
Trd, 4319959.643, 122
Trd, 4319960.193, 124
Trd, 4319960.343, 104
Trd, 4319962.593, 80
Trd, 4319962.993, 111
Trd, 4319963.993, 80
Trd, 4319964.843, 98
Trd, 4319964.943, 79
Trd, 4319965.193, 116
Trd, 4319965.643, 86
Trd, 4319966.293, 110
Trd, 4319968.793, 84
Trd, 4319968.893, 104
Trd, 4319969.093, 99
Trd, 4319970.193, 80
Trd, 4319970.593, 107
Trd, 4319970.743, 89
Trd, 4319970.843, 110
Trd, 4319971.293, 113
Trd, 4319972.543, 60
Trd, 4319973.593, 77
Trd, 4319973.843, 91
Trd, 4319973.943, 64
Trd, 4319975.343, 61
Trd, 4319976.243, 81
Trd, 4319976.393, 63
Trd, 4319979.243, 113
Trd, 4319979.543, 106
Trd, 4319979.643, 87
Trd, 4319979.943, 79
Trd, 4319980.543, 123
Trd, 4319981.393, 110
Trd, 4319981.643, 95
Trd, 4319983.843, 122
Trd, 4319983.943, 110
Trd, 4319984.093, 104
Trd, 4319986.543, 109
Trd, 4319986.643, 104
Trd, 4319986.693, 82
Trd, 4319987.893, 114
Trd, 4319989.593, 118
Trd, 4319990.243, 121
Trd, 4319990.343, 113
Trd, 4319991.243, 135
Trd, 4319991.743, 104
Trd, 4319991.993, 80
Trd, 4319992.743, 136
Trd, 4319994.493, 132
Trd, 4319996.243, 116
Trd, 4319996.643, 118
Trd, 4319996.893, 115
Trd, 4319997.943, 136
Trd, 4319998.693, 103
Trd, 4319999.543, 105
Trd, 4319999.693, 101
