Trd, 4318092.693, 119
Trd, 4318093.443, 122
Trd, 4318094.293, 104
Trd, 4318094.443, 96
Trd, 4318094.843, 113
Trd, 4318095.393, 137
Trd, 4318096.793, 139
Trd, 4318097.543, 104
Trd, 4318098.593, 109
Trd, 4318100.143, 83
Trd, 4318100.593, 63
Trd, 4318101.343, 76
Trd, 4318101.643, 93
Trd, 4318102.393, 137
Trd, 4318103.343, 99
Trd, 4318104.443, 125
Trd, 4318104.543, 107
Trd, 4318105.493, 92
Trd, 4318106.693, 127
Trd, 4318106.793, 87
Trd, 4318107.993, 120
Trd, 4318108.043, 118
Trd, 4318109.243, 109
Trd, 4318109.693, 107
Trd, 4318110.643, 111
Trd, 4318110.943, 84
Trd, 4318112.593, 117
Trd, 4318112.693, 104
Trd, 4318113.293, 123
Trd, 4318115.043, 133
Trd, 4318116.243, 138
Trd, 4318116.543, 122
Trd, 4318117.443, 114
Trd, 4318117.993, 99
Trd, 4318118.743, 139
Trd, 4318119.143, 120
Trd, 4318120.743, 125
Trd, 4318120.943, 121
Trd, 4318121.143, 121
Trd, 4318122.843, 128
Trd, 4318124.143, 129
Trd, 4318124.393, 100
Trd, 4318124.643, 108
Trd, 4318125.343, 134
Trd, 4318125.943, 130
Trd, 4318126.393, 121
Trd, 4318127.543, 131
Trd, 4318127.993, 139
Trd, 4318128.093, 118
Trd, 4318130.343, 116
Trd, 4318130.443, 107
Trd, 4318130.543, 89
Trd, 4318130.643, 66
Trd, 4318131.643, 132
Trd, 4318132.293, 61
Trd, 4318132.343, 69
Trd, 4318133.543, 66
Trd, 4318133.743, 137
Trd, 4318136.643, 136
Trd, 4318137.593, 134
Trd, 4318137.943, 124
Trd, 4318138.543, 116
Trd, 4318138.843, 126
Trd, 4318139.343, 97
Trd, 4318139.693, 129
Trd, 4318141.043, 137
Trd, 4318141.193, 122
Trd, 4318142.093, 116
Trd, 4318142.593, 109
Trd, 4318143.693, 129
Trd, 4318144.593, 122
Trd, 4318145.693, 115
Trd, 4318145.993, 113
Trd, 4318146.943, 139
Trd, 4318147.043, 91
Trd, 4318147.693, 137
Trd, 4318148.843, 107
Trd, 4318150.393, 136
Trd, 4318151.593, 111
Trd, 4318154.343, 133
Trd, 4318154.593, 121
Trd, 4318155.343, 91
Trd, 4318156.343, 134
Trd, 4318156.443, 80
Trd, 4318156.993, 122
Trd, 4318158.043, 128
Trd, 4318158.543, 64
Trd, 4318160.093, 123
Trd, 4318160.943, 131
Trd, 4318160.993, 129
Trd, 4318161.843, 115
Trd, 4318162.243, 96
Trd, 4318162.643, 88
Trd, 4318164.143, 139
Trd, 4318164.743, 133
Trd, 4318164.993, 110
Trd, 4318165.593, 116
Trd, 4318166.843, 139
Trd, 4318167.593, 103
Trd, 4318169.143, 134
Trd, 4318169.343, 119
Trd, 4318169.943, 115
Trd, 4318170.243, 117
Trd, 4318171.693, 125
Trd, 4318174.243, 128
Trd, 4318174.993, 132
Trd, 4318175.243, 117
Trd, 4318175.443, 103
Trd, 4318175.643, 102
Trd, 4318175.693, 89
Trd, 4318177.193, 94
Trd, 4318177.243, 96
Trd, 4318177.493, 104
Trd, 4318178.843, 129
Trd, 4318179.293, 115
Trd, 4318180.143, 128
Trd, 4318181.993, 137
Trd, 4318182.443, 107
Trd, 4318183.443, 131
Trd, 4318185.093, 132
Trd, 4318185.693, 128
Trd, 4318186.743, 126
Trd, 4318187.743, 127
Trd, 4318187.993, 106
Trd, 4318188.593, 105
Trd, 4318188.693, 87
Trd, 4318189.343, 83
Trd, 4318189.843, 140
Trd, 4318190.993, 85
Trd, 4318191.593, 98
Trd, 4318191.843, 110
Trd, 4318194.043, 87
Trd, 4318194.443, 86
Trd, 4318194.693, 93
Trd, 4318194.843, 102
Trd, 4318195.293, 89
Trd, 4318195.643, 111
Trd, 4318195.793, 74
Trd, 4318196.893, 68
Trd, 4318197.593, 140
Trd, 4318198.343, 103
Trd, 4318199.443, 127
Trd, 4318199.593, 116
Trd, 4318200.343, 106
Trd, 4318200.393, 85
Trd, 4318201.393, 89
Trd, 4318201.793, 91
Trd, 4318202.643, 75
Trd, 4318205.243, 139
Trd, 4318205.293, 131
Trd, 4318205.843, 135
Trd, 4318206.693, 119
Trd, 4318206.743, 107
Trd, 4318207.793, 140
Trd, 4318209.693, 109
Trd, 4318210.993, 123
Trd, 4318211.093, 112
Trd, 4318211.443, 111
Trd, 4318211.493, 80
Trd, 4318213.143, 132
Trd, 4318215.193, 125
Trd, 4318215.643, 111
Trd, 4318216.243, 114
Trd, 4318216.543, 111
Trd, 4318216.593, 87
Trd, 4318217.393, 138
Trd, 4318219.343, 124
Trd, 4318219.993, 130
Trd, 4318220.243, 128
Trd, 4318220.593, 135
Trd, 4318221.293, 123
Trd, 4318221.343, 114
Trd, 4318223.093, 121
Trd, 4318224.143, 77
Trd, 4318224.393, 92
Trd, 4318225.443, 119
Trd, 4318225.793, 114
Trd, 4318226.543, 138
Trd, 4318227.743, 131
Trd, 4318228.443, 87
Trd, 4318228.793, 72
Trd, 4318230.643, 140
Trd, 4318231.293, 130
Trd, 4318231.593, 128
Trd, 4318231.893, 125
Trd, 4318232.943, 129
Trd, 4318233.243, 100
Trd, 4318234.793, 89
Trd, 4318234.943, 72
Trd, 4318236.243, 90
Trd, 4318236.593, 83
Trd, 4318238.543, 140
Trd, 4318238.993, 134
Trd, 4318239.343, 114
Trd, 4318239.943, 126
Trd, 4318240.543, 125
Trd, 4318241.393, 134
Trd, 4318241.493, 104
Trd, 4318241.793, 108
Trd, 4318242.943, 90
Trd, 4318243.393, 80
Trd, 4318243.943, 79
Trd, 4318245.043, 63
Trd, 4318245.843, 103
Trd, 4318246.393, 113
Trd, 4318247.543, 124
Trd, 4318247.993, 108
Trd, 4318249.493, 124
Trd, 4318250.343, 133
Trd, 4318250.693, 133
Trd, 4318251.943, 105
Trd, 4318252.743, 109
Trd, 4318253.043, 108
Trd, 4318254.193, 101
Trd, 4318254.243, 105
Trd, 4318254.643, 63
Trd, 4318255.293, 66
Trd, 4318257.243, 104
Trd, 4318257.343, 92
Trd, 4318258.443, 129
Trd, 4318260.093, 139
Trd, 4318260.443, 134
Trd, 4318260.993, 128
Trd, 4318261.643, 130
Trd, 4318262.643, 122
Trd, 4318262.843, 120
Trd, 4318263.743, 111
Trd, 4318264.343, 88
Trd, 4318265.093, 86
Trd, 4318266.243, 100
Trd, 4318266.493, 94
Trd, 4318267.343, 87
Trd, 4318267.593, 99
Trd, 4318268.093, 119
Trd, 4318268.793, 111
Trd, 4318269.993, 76
Trd, 4318270.693, 67
Trd, 4318272.393, 72
Trd, 4318273.143, 108
Trd, 4318273.793, 93
Trd, 4318274.093, 116
Trd, 4318274.343, 136
Trd, 4318274.693, 101
Trd, 4318275.043, 104
Trd, 4318275.643, 122
Trd, 4318278.093, 110
Trd, 4318278.993, 105
Trd, 4318280.043, 135
Trd, 4318280.143, 133
Trd, 4318280.643, 132
Trd, 4318281.143, 137
Trd, 4318282.643, 102
Trd, 4318283.793, 92
Trd, 4318285.093, 123
Trd, 4318285.243, 122
Trd, 4318285.643, 94
Trd, 4318286.293, 109
Trd, 4318287.693, 134
Trd, 4318289.493, 140
Trd, 4318290.393, 122
Trd, 4318291.043, 123
Trd, 4318291.493, 118
Trd, 4318292.243, 132
Trd, 4318292.743, 73
Trd, 4318293.993, 122
Trd, 4318295.443, 136
Trd, 4318295.493, 137
Trd, 4318296.943, 129
Trd, 4318297.293, 103
Trd, 4318297.993, 83
Trd, 4318298.793, 77
Trd, 4318300.693, 140
Trd, 4318300.793, 119
Trd, 4318301.193, 132
Trd, 4318302.093, 108
Trd, 4318303.743, 131
Trd, 4318304.093, 120
Trd, 4318305.093, 120
Trd, 4318306.193, 125
Trd, 4318307.593, 114
Trd, 4318307.743, 92
Trd, 4318309.293, 132
Trd, 4318309.493, 139
Trd, 4318310.793, 135
Trd, 4318311.543, 85
Trd, 4318312.343, 139
Trd, 4318312.793, 124
Trd, 4318313.293, 87
Trd, 4318313.493, 96
Trd, 4318314.493, 134
Trd, 4318315.693, 133
Trd, 4318316.643, 127
Trd, 4318317.393, 125
Trd, 4318317.543, 108
Trd, 4318320.143, 138
Trd, 4318320.493, 125
Trd, 4318320.693, 103
Trd, 4318321.743, 132
Trd, 4318322.093, 138
Trd, 4318322.743, 128
Trd, 4318323.043, 111
Trd, 4318324.193, 107
Trd, 4318324.393, 97
Trd, 4318324.693, 94
Trd, 4318325.143, 108
Trd, 4318326.093, 120
Trd, 4318326.893, 124
Trd, 4318328.443, 136
Trd, 4318328.643, 96
Trd, 4318329.643, 79
Trd, 4318330.993, 79
Trd, 4318331.343, 139
Trd, 4318331.593, 96
Trd, 4318332.343, 130
Trd, 4318333.793, 106
Trd, 4318334.743, 130
Trd, 4318335.843, 115
Trd, 4318336.343, 107
Trd, 4318336.893, 137
Trd, 4318337.693, 120
Trd, 4318338.293, 113
Trd, 4318339.943, 130
Trd, 4318340.643, 84
Trd, 4318342.493, 120
Trd, 4318342.793, 116
Trd, 4318343.793, 130
Trd, 4318344.143, 138
Trd, 4318345.593, 118
Trd, 4318347.393, 113
Trd, 4318347.893, 107
Trd, 4318349.493, 106
Trd, 4318350.443, 114
Trd, 4318350.743, 94
Trd, 4318351.493, 101
Trd, 4318351.993, 140
Trd, 4318352.643, 79
Trd, 4318353.593, 126
Trd, 4318354.393, 105
Trd, 4318355.093, 127
Trd, 4318355.593, 92
Trd, 4318357.843, 137
Trd, 4318357.893, 135
Trd, 4318358.543, 105
Trd, 4318359.893, 117
Trd, 4318360.793, 127
Trd, 4318361.693, 140
Trd, 4318362.793, 114
Trd, 4318363.693, 102
Trd, 4318363.943, 137
Trd, 4318364.243, 117
Trd, 4318364.443, 133
Trd, 4318365.293, 91
Trd, 4318365.793, 115
Trd, 4318365.943, 104
Trd, 4318366.743, 118
Trd, 4318368.543, 104
Trd, 4318368.743, 102
Trd, 4318369.293, 124
Trd, 4318369.343, 73
Trd, 4318369.843, 134
Trd, 4318370.143, 86
Trd, 4318370.643, 79
Trd, 4318371.943, 132
Trd, 4318372.143, 121
Trd, 4318372.493, 71
Trd, 4318372.643, 74
Trd, 4318374.393, 131
Trd, 4318374.843, 118
Trd, 4318376.493, 140
Trd, 4318376.593, 135
Trd, 4318377.993, 113
Trd, 4318378.643, 115
Trd, 4318379.043, 134
Trd, 4318379.243, 110
Trd, 4318380.243, 116
Trd, 4318380.393, 113
Trd, 4318380.843, 116
Trd, 4318382.143, 104
Trd, 4318382.743, 109
Trd, 4318383.543, 112
Trd, 4318384.343, 116
Trd, 4318385.393, 125
Trd, 4318386.093, 109
Trd, 4318387.243, 122
Trd, 4318387.643, 112
Trd, 4318388.193, 95
Trd, 4318389.643, 134
Trd, 4318389.793, 92
Trd, 4318390.043, 63
Trd, 4318390.243, 71
Trd, 4318391.093, 92
Trd, 4318391.643, 80
Trd, 4318391.693, 82
Trd, 4318392.393, 91
Trd, 4318393.943, 104
Trd, 4318394.093, 88
Trd, 4318395.093, 110
Trd, 4318395.393, 102
Trd, 4318397.193, 123
Trd, 4318397.543, 108
Trd, 4318398.243, 61
Trd, 4318399.893, 69
Trd, 4318400.293, 75
Trd, 4318400.893, 63
Trd, 4318401.393, 88
Trd, 4318401.793, 60
Trd, 4318402.293, 116
Trd, 4318403.093, 73
Trd, 4318403.693, 89
Trd, 4318404.193, 81
Trd, 4318405.143, 75
Trd, 4318405.193, 101
Trd, 4318406.243, 126
Trd, 4318406.893, 116
Trd, 4318407.093, 110
Trd, 4318408.893, 122
Trd, 4318409.443, 136
Trd, 4318409.593, 102
Trd, 4318410.143, 70
Trd, 4318410.893, 121
Trd, 4318411.143, 127
Trd, 4318411.793, 87
Trd, 4318413.643, 84
Trd, 4318413.843, 108
Trd, 4318414.943, 134
Trd, 4318415.343, 130
Trd, 4318416.893, 129
Trd, 4318418.843, 127
Trd, 4318419.293, 116
Trd, 4318419.343, 109
Trd, 4318419.793, 88
Trd, 4318420.493, 109
Trd, 4318420.743, 100
Trd, 4318421.093, 61
Trd, 4318422.593, 82
Trd, 4318423.793, 130
Trd, 4318424.293, 123
Trd, 4318424.643, 106
Trd, 4318424.893, 129
Trd, 4318425.943, 132
Trd, 4318426.343, 138
Trd, 4318428.093, 120
Trd, 4318428.193, 99
Trd, 4318429.493, 122
Trd, 4318431.843, 103
Trd, 4318432.043, 84
Trd, 4318432.243, 73
Trd, 4318432.343, 116
Trd, 4318433.393, 103
Trd, 4318433.493, 126
Trd, 4318434.193, 122
Trd, 4318435.243, 139
Trd, 4318436.093, 72
Trd, 4318437.743, 136
Trd, 4318438.743, 104
Trd, 4318440.193, 115
Trd, 4318440.693, 126
Trd, 4318441.193, 124
Trd, 4318441.443, 91
Trd, 4318441.943, 89
Trd, 4318442.543, 139
Trd, 4318442.993, 129
Trd, 4318443.643, 135
Trd, 4318445.243, 129
Trd, 4318445.543, 107
Trd, 4318446.593, 108
Trd, 4318447.593, 114
Trd, 4318447.943, 126
Trd, 4318448.443, 116
Trd, 4318449.043, 130
Trd, 4318450.393, 136
Trd, 4318450.693, 124
Trd, 4318452.093, 125
Trd, 4318453.393, 108
Trd, 4318453.593, 87
Trd, 4318453.943, 110
Trd, 4318455.343, 121
Trd, 4318456.143, 137
Trd, 4318456.493, 118
Trd, 4318457.293, 101
Trd, 4318459.093, 131
Trd, 4318459.443, 121
Trd, 4318460.393, 140
Trd, 4318461.793, 121
Trd, 4318461.943, 125
Trd, 4318462.243, 93
Trd, 4318462.493, 131
Trd, 4318463.443, 136
Trd, 4318464.143, 86
Trd, 4318464.393, 101
Trd, 4318465.493, 90
Trd, 4318467.043, 122
Trd, 4318467.793, 116
Trd, 4318467.893, 123
Trd, 4318469.293, 109
Trd, 4318469.543, 115
Trd, 4318469.743, 104
Trd, 4318470.143, 75
Trd, 4318470.543, 91
Trd, 4318473.093, 139
Trd, 4318473.193, 117
Trd, 4318474.593, 102
Trd, 4318474.743, 78
Trd, 4318474.943, 80
Trd, 4318475.643, 133
Trd, 4318476.343, 130
Trd, 4318476.443, 128
Trd, 4318476.643, 112
Trd, 4318479.193, 127
Trd, 4318479.693, 120
Trd, 4318479.943, 103
Trd, 4318480.443, 136
Trd, 4318480.593, 123
Trd, 4318481.043, 103
Trd, 4318481.193, 121
Trd, 4318483.043, 137
Trd, 4318484.093, 128
Trd, 4318484.943, 132
Trd, 4318486.693, 132
Trd, 4318486.943, 88
Trd, 4318487.493, 101
Trd, 4318488.093, 74
Trd, 4318488.243, 75
Trd, 4318489.293, 103
Trd, 4318489.743, 115
Trd, 4318490.243, 71
Trd, 4318490.443, 78
Trd, 4318490.743, 74
Trd, 4318492.293, 93
Trd, 4318492.993, 103
Trd, 4318493.243, 86
Trd, 4318494.443, 87
Trd, 4318495.043, 74
Trd, 4318495.593, 103
Trd, 4318495.943, 127
Trd, 4318497.343, 106
Trd, 4318498.343, 98
Trd, 4318499.793, 85
Trd, 4318501.543, 108
Trd, 4318501.743, 105
Trd, 4318501.843, 83
Trd, 4318502.993, 132
Trd, 4318503.293, 98
Trd, 4318503.693, 79
Trd, 4318503.893, 64
Trd, 4318504.743, 106
Trd, 4318504.893, 126
Trd, 4318506.193, 103
Trd, 4318506.343, 65
Trd, 4318507.143, 95
Trd, 4318507.893, 92
Trd, 4318510.043, 64
Trd, 4318511.093, 73
Trd, 4318511.443, 86
Trd, 4318511.693, 102
Trd, 4318511.793, 119
Trd, 4318512.493, 139
Trd, 4318512.643, 97
Trd, 4318513.393, 117
Trd, 4318513.793, 113
Trd, 4318514.643, 133
Trd, 4318514.993, 85
Trd, 4318516.643, 117
Trd, 4318516.693, 90
Trd, 4318517.093, 131
Trd, 4318517.293, 82
Trd, 4318517.943, 93
Trd, 4318518.243, 105
Trd, 4318518.593, 74
Trd, 4318519.993, 132
Trd, 4318521.193, 131
Trd, 4318522.693, 131
Trd, 4318523.193, 105
Trd, 4318523.443, 67
Trd, 4318524.143, 105
Trd, 4318524.393, 99
Trd, 4318524.543, 135
Trd, 4318526.593, 135
Trd, 4318526.743, 104
Trd, 4318527.543, 93
Trd, 4318528.993, 137
Trd, 4318529.793, 124
Trd, 4318530.093, 84
Trd, 4318530.643, 81
Trd, 4318531.493, 68
Trd, 4318531.743, 85
Trd, 4318533.243, 110
Trd, 4318535.243, 119
Trd, 4318535.393, 79
Trd, 4318535.693, 122
Trd, 4318536.493, 135
Trd, 4318536.743, 118
Trd, 4318536.993, 86
Trd, 4318539.243, 108
Trd, 4318539.843, 132
Trd, 4318541.043, 131
Trd, 4318541.243, 120
Trd, 4318541.843, 124
Trd, 4318542.643, 123
Trd, 4318543.493, 99
Trd, 4318544.243, 114
Trd, 4318545.993, 108
Trd, 4318546.993, 102
Trd, 4318547.693, 135
Trd, 4318548.193, 113
Trd, 4318550.293, 107
Trd, 4318550.543, 112
Trd, 4318550.793, 122
Trd, 4318552.543, 92
Trd, 4318552.743, 96
Trd, 4318553.243, 101
Trd, 4318553.693, 91
Trd, 4318554.443, 127
Trd, 4318555.393, 132
Trd, 4318555.793, 116
Trd, 4318555.943, 115
Trd, 4318556.043, 91
Trd, 4318557.793, 125
Trd, 4318558.293, 76
Trd, 4318559.693, 71
Trd, 4318560.043, 72
Trd, 4318561.743, 98
Trd, 4318562.243, 92
Trd, 4318563.343, 129
Trd, 4318563.793, 129
Trd, 4318564.143, 136
Trd, 4318566.393, 128
Trd, 4318566.693, 121
Trd, 4318567.093, 113
Trd, 4318567.343, 109
Trd, 4318568.343, 109
Trd, 4318569.193, 121
Trd, 4318570.143, 108
Trd, 4318571.243, 120
Trd, 4318571.643, 119
Trd, 4318573.093, 87
Trd, 4318573.193, 98
Trd, 4318574.793, 117
Trd, 4318575.293, 104
Trd, 4318575.443, 101
Trd, 4318576.543, 132
Trd, 4318577.943, 123
Trd, 4318578.543, 134
Trd, 4318578.643, 117
Trd, 4318578.893, 139
Trd, 4318579.693, 104
Trd, 4318579.893, 109
Trd, 4318581.193, 127
Trd, 4318581.893, 112
Trd, 4318582.043, 129
Trd, 4318583.543, 129
Trd, 4318583.643, 108
Trd, 4318583.843, 100
Trd, 4318584.393, 91
Trd, 4318586.893, 120
Trd, 4318588.043, 124
Trd, 4318589.343, 137
Trd, 4318589.893, 138
Trd, 4318590.543, 134
Trd, 4318591.693, 135
Trd, 4318591.843, 135
Trd, 4318594.693, 86
Trd, 4318595.493, 111
Trd, 4318595.743, 82
Trd, 4318596.343, 125
Trd, 4318597.943, 109
Trd, 4318598.693, 115
Trd, 4318598.743, 107
Trd, 4318599.643, 130
Trd, 4318600.043, 124
Trd, 4318600.343, 103
Trd, 4318601.343, 103
Trd, 4318602.093, 123
Trd, 4318603.043, 109
Trd, 4318603.393, 107
Trd, 4318603.943, 126
Trd, 4318605.043, 74
Trd, 4318605.593, 114
Trd, 4318605.743, 96
Trd, 4318606.293, 84
Trd, 4318606.793, 136
Trd, 4318607.843, 88
Trd, 4318608.343, 133
Trd, 4318610.743, 131
Trd, 4318613.193, 116
Trd, 4318613.543, 80
Trd, 4318613.693, 99
Trd, 4318614.243, 115
Trd, 4318615.043, 117
Trd, 4318615.593, 113
Trd, 4318615.693, 102
Trd, 4318616.043, 95
Trd, 4318617.193, 71
Trd, 4318617.643, 75
Trd, 4318617.843, 90
Trd, 4318618.043, 107
Trd, 4318618.693, 131
Trd, 4318620.793, 130
Trd, 4318620.943, 128
Trd, 4318621.643, 127
Trd, 4318621.993, 102
Trd, 4318622.543, 115
Trd, 4318622.943, 81
Trd, 4318623.693, 94
Trd, 4318624.943, 106
Trd, 4318625.693, 129
Trd, 4318626.043, 122
Trd, 4318626.593, 123
Trd, 4318627.243, 103
Trd, 4318628.493, 112
Trd, 4318628.993, 81
Trd, 4318629.493, 79
Trd, 4318630.543, 123
Trd, 4318630.693, 113
Trd, 4318631.893, 137
Trd, 4318632.443, 109
Trd, 4318632.693, 124
Trd, 4318633.093, 104
Trd, 4318633.443, 86
Trd, 4318635.043, 80
Trd, 4318636.143, 95
Trd, 4318637.093, 134
Trd, 4318637.443, 65
Trd, 4318638.293, 122
Trd, 4318638.943, 125
Trd, 4318640.043, 115
Trd, 4318641.693, 139
Trd, 4318642.293, 133
Trd, 4318642.343, 122
Trd, 4318643.093, 101
Trd, 4318643.143, 103
Trd, 4318644.543, 102
Trd, 4318644.993, 89
Trd, 4318648.693, 135
Trd, 4318648.843, 133
Trd, 4318648.943, 128
Trd, 4318648.993, 113
Trd, 4318649.043, 102
Trd, 4318650.043, 100
Trd, 4318650.843, 104
Trd, 4318652.243, 103
Trd, 4318653.143, 77
Trd, 4318653.193, 103
Trd, 4318653.743, 136
Trd, 4318654.393, 109
Trd, 4318655.343, 80
Trd, 4318655.643, 93
Trd, 4318655.743, 87
Trd, 4318656.693, 114
Trd, 4318657.993, 121
Trd, 4318659.243, 116
Trd, 4318659.493, 106
Trd, 4318659.593, 91
Trd, 4318659.893, 114
Trd, 4318660.043, 82
Trd, 4318660.593, 89
Trd, 4318660.943, 90
Trd, 4318661.393, 98
Trd, 4318661.743, 102
Trd, 4318663.493, 121
Trd, 4318663.843, 106
Trd, 4318665.143, 113
Trd, 4318665.693, 134
Trd, 4318666.743, 138
Trd, 4318667.243, 128
Trd, 4318667.643, 81
Trd, 4318667.793, 116
Trd, 4318668.393, 138
Trd, 4318670.493, 138
Trd, 4318671.393, 102
Trd, 4318671.543, 101
Trd, 4318672.193, 114
Trd, 4318673.993, 79
Trd, 4318674.943, 84
Trd, 4318675.643, 110
Trd, 4318675.693, 76
Trd, 4318676.243, 94
Trd, 4318677.693, 63
Trd, 4318678.193, 114
Trd, 4318679.293, 116
Trd, 4318680.293, 114
Trd, 4318682.643, 121
Trd, 4318683.043, 126
Trd, 4318683.243, 108
Trd, 4318683.393, 90
Trd, 4318684.043, 115
Trd, 4318684.343, 127
Trd, 4318685.693, 131
Trd, 4318686.343, 118
Trd, 4318686.943, 117
Trd, 4318688.143, 89
Trd, 4318688.793, 87
Trd, 4318688.943, 135
Trd, 4318690.593, 120
Trd, 4318691.343, 125
Trd, 4318692.093, 113
Trd, 4318693.093, 124
Trd, 4318693.143, 89
Trd, 4318693.293, 77
Trd, 4318695.293, 132
Trd, 4318696.893, 132
Trd, 4318697.343, 98
Trd, 4318697.493, 96
Trd, 4318698.293, 84
Trd, 4318698.543, 112
Trd, 4318700.843, 132
Trd, 4318701.243, 116
Trd, 4318701.493, 128
Trd, 4318702.493, 129
Trd, 4318702.793, 125
Trd, 4318703.693, 139
Trd, 4318703.943, 74
Trd, 4318705.643, 114
Trd, 4318705.993, 107
Trd, 4318707.443, 100
Trd, 4318710.293, 137
Trd, 4318711.043, 132
Trd, 4318711.493, 138
Trd, 4318711.743, 133
Trd, 4318711.943, 107
Trd, 4318712.993, 119
Trd, 4318713.243, 128
Trd, 4318714.443, 136
Trd, 4318715.443, 102
Trd, 4318715.743, 135
Trd, 4318716.493, 119
Trd, 4318719.643, 116
Trd, 4318719.693, 103
Trd, 4318720.643, 76
Trd, 4318720.993, 77
Trd, 4318721.593, 92
Trd, 4318721.843, 138
Trd, 4318722.793, 137
Trd, 4318723.093, 125
Trd, 4318724.893, 105
Trd, 4318725.543, 68
Trd, 4318726.043, 113
Trd, 4318726.743, 118
Trd, 4318728.343, 108
Trd, 4318728.843, 96
Trd, 4318728.943, 100
Trd, 4318729.593, 98
Trd, 4318729.743, 114
Trd, 4318730.393, 121
Trd, 4318730.593, 130
Trd, 4318730.843, 135
Trd, 4318732.243, 132
Trd, 4318733.593, 88
Trd, 4318734.443, 91
Trd, 4318735.193, 105
Trd, 4318735.893, 130
Trd, 4318736.993, 107
Trd, 4318737.593, 132
Trd, 4318738.343, 86
Trd, 4318738.843, 115
Trd, 4318738.993, 68
Trd, 4318740.093, 64
Trd, 4318740.543, 93
Trd, 4318741.093, 61
Trd, 4318741.143, 77
Trd, 4318742.293, 68
Trd, 4318744.593, 107
Trd, 4318745.343, 95
Trd, 4318745.643, 125
Trd, 4318746.893, 136
Trd, 4318747.893, 131
Trd, 4318748.593, 116
Trd, 4318750.143, 137
Trd, 4318750.843, 128
Trd, 4318751.293, 127
Trd, 4318751.593, 102
Trd, 4318753.993, 136
Trd, 4318754.393, 134
Trd, 4318755.893, 135
Trd, 4318756.293, 130
Trd, 4318756.793, 103
Trd, 4318757.143, 125
Trd, 4318758.293, 132
Trd, 4318758.343, 125
Trd, 4318758.943, 129
Trd, 4318761.143, 90
Trd, 4318761.893, 112
Trd, 4318762.243, 82
Trd, 4318763.593, 89
Trd, 4318763.843, 85
Trd, 4318764.193, 75
Trd, 4318764.793, 98
Trd, 4318766.043, 120
Trd, 4318767.193, 138
Trd, 4318767.493, 114
Trd, 4318767.543, 109
Trd, 4318768.043, 124
Trd, 4318769.193, 83
Trd, 4318769.893, 86
Trd, 4318770.793, 104
Trd, 4318771.293, 116
Trd, 4318774.743, 130
Trd, 4318775.243, 107
Trd, 4318775.843, 139
Trd, 4318776.093, 127
Trd, 4318776.143, 114
Trd, 4318776.743, 94
Trd, 4318777.693, 102
Trd, 4318779.643, 135
Trd, 4318781.343, 119
Trd, 4318782.343, 132
Trd, 4318782.843, 102
Trd, 4318783.493, 96
Trd, 4318784.143, 101
Trd, 4318784.743, 64
Trd, 4318785.143, 87
Trd, 4318785.593, 93
Trd, 4318785.893, 93
Trd, 4318787.343, 82
Trd, 4318787.493, 74
Trd, 4318788.793, 86
Trd, 4318790.193, 78
Trd, 4318790.593, 88
Trd, 4318790.643, 105
Trd, 4318791.593, 139
Trd, 4318791.943, 116
Trd, 4318792.693, 103
Trd, 4318794.243, 99
Trd, 4318794.743, 123
Trd, 4318794.843, 135
Trd, 4318794.893, 111
Trd, 4318795.093, 81
Trd, 4318797.693, 114
Trd, 4318798.293, 117
Trd, 4318798.393, 128
Trd, 4318798.843, 86
Trd, 4318799.143, 84
Trd, 4318800.893, 120
Trd, 4318800.993, 128
Trd, 4318802.743, 63
Trd, 4318803.393, 108
Trd, 4318803.943, 140
Trd, 4318804.443, 114
Trd, 4318805.993, 106
Trd, 4318806.243, 110
Trd, 4318807.043, 114
Trd, 4318807.493, 136
Trd, 4318807.893, 113
Trd, 4318808.193, 87
Trd, 4318808.743, 88
Trd, 4318809.093, 139
Trd, 4318809.443, 139
Trd, 4318811.543, 80
Trd, 4318812.193, 83
Trd, 4318813.193, 139
Trd, 4318813.693, 134
Trd, 4318814.443, 102
Trd, 4318814.693, 92
Trd, 4318815.493, 94
Trd, 4318815.793, 76
Trd, 4318816.193, 114
Trd, 4318816.343, 125
Trd, 4318816.893, 129
Trd, 4318816.943, 98
Trd, 4318818.693, 131
Trd, 4318819.743, 128
Trd, 4318820.243, 136
Trd, 4318820.893, 118
Trd, 4318821.093, 102
Trd, 4318822.343, 135
Trd, 4318824.143, 107
Trd, 4318824.393, 86
Trd, 4318824.893, 112
Trd, 4318826.443, 111
Trd, 4318827.243, 87
Trd, 4318827.643, 105
Trd, 4318828.143, 80
Trd, 4318828.793, 97
Trd, 4318829.443, 76
Trd, 4318829.593, 112
Trd, 4318830.343, 83
Trd, 4318830.543, 114
Trd, 4318831.743, 140
Trd, 4318832.243, 83
Trd, 4318832.843, 72
Trd, 4318832.893, 83
Trd, 4318834.043, 84
Trd, 4318834.893, 83
Trd, 4318835.243, 91
Trd, 4318836.043, 90
Trd, 4318836.843, 129
Trd, 4318837.393, 130
Trd, 4318837.743, 124
Trd, 4318838.493, 139
Trd, 4318838.643, 117
Trd, 4318840.193, 113
Trd, 4318841.293, 135
Trd, 4318841.543, 117
Trd, 4318841.693, 98
Trd, 4318843.043, 108
Trd, 4318843.743, 97
Trd, 4318844.593, 122
Trd, 4318844.943, 113
Trd, 4318845.893, 113
Trd, 4318846.043, 109
Trd, 4318846.743, 122
Trd, 4318847.993, 113
Trd, 4318848.243, 114
Trd, 4318848.543, 120
Trd, 4318850.443, 124
Trd, 4318850.493, 102
Trd, 4318851.693, 124
Trd, 4318853.043, 124
Trd, 4318853.293, 128
Trd, 4318853.493, 113
Trd, 4318853.543, 96
Trd, 4318854.593, 98
Trd, 4318854.993, 101
Trd, 4318855.443, 110
Trd, 4318856.393, 80
Trd, 4318857.443, 74
Trd, 4318857.843, 139
Trd, 4318858.343, 84
Trd, 4318859.943, 131
Trd, 4318860.243, 113
Trd, 4318861.343, 136
Trd, 4318862.393, 130
Trd, 4318863.693, 123
Trd, 4318863.893, 104
Trd, 4318864.243, 128
Trd, 4318866.043, 102
Trd, 4318866.643, 119
Trd, 4318867.343, 103
Trd, 4318868.193, 109
Trd, 4318868.693, 107
Trd, 4318869.693, 128
Trd, 4318870.493, 122
Trd, 4318870.993, 113
Trd, 4318871.593, 115
Trd, 4318872.293, 114
Trd, 4318873.493, 124
Trd, 4318873.543, 116
Trd, 4318874.893, 98
Trd, 4318876.343, 80
Trd, 4318877.293, 93
Trd, 4318877.493, 108
Trd, 4318878.093, 130
Trd, 4318878.293, 126
Trd, 4318878.793, 113
Trd, 4318880.893, 119
Trd, 4318881.893, 99
Trd, 4318883.093, 131
Trd, 4318883.693, 122
Trd, 4318884.243, 139
Trd, 4318884.293, 98
Trd, 4318884.643, 88
Trd, 4318884.843, 72
Trd, 4318885.743, 130
Trd, 4318886.443, 121
Trd, 4318887.593, 126
Trd, 4318888.293, 131
Trd, 4318889.193, 110
Trd, 4318890.593, 112
Trd, 4318891.293, 132
Trd, 4318891.543, 114
Trd, 4318891.993, 111
Trd, 4318892.493, 136
Trd, 4318894.743, 140
Trd, 4318896.943, 125
Trd, 4318897.043, 96
Trd, 4318897.343, 97
Trd, 4318898.843, 131
Trd, 4318899.093, 109
Trd, 4318899.493, 131
Trd, 4318901.093, 136
Trd, 4318901.293, 113
Trd, 4318902.643, 125
Trd, 4318903.193, 126
Trd, 4318904.243, 138
Trd, 4318904.693, 97
Trd, 4318907.293, 123
Trd, 4318907.443, 126
Trd, 4318908.343, 133
Trd, 4318909.643, 110
Trd, 4318909.693, 121
Trd, 4318910.393, 105
Trd, 4318910.843, 79
Trd, 4318911.393, 140
Trd, 4318912.093, 107
Trd, 4318912.843, 122
Trd, 4318912.943, 121
Trd, 4318913.193, 112
Trd, 4318913.893, 82
Trd, 4318915.143, 96
Trd, 4318915.243, 112
Trd, 4318915.743, 97
Trd, 4318915.843, 70
Trd, 4318918.593, 123
Trd, 4318919.693, 127
Trd, 4318919.743, 104
Trd, 4318919.893, 107
Trd, 4318921.493, 104
Trd, 4318921.843, 104
Trd, 4318922.243, 99
Trd, 4318923.693, 109
Trd, 4318925.493, 122
Trd, 4318926.443, 98
Trd, 4318927.343, 100
Trd, 4318929.043, 99
Trd, 4318929.243, 92
Trd, 4318929.343, 102
Trd, 4318929.393, 112
Trd, 4318929.743, 87
Trd, 4318930.293, 125
Trd, 4318930.593, 76
Trd, 4318932.943, 87
Trd, 4318933.543, 112
Trd, 4318934.043, 119
Trd, 4318934.293, 114
Trd, 4318934.343, 89
Trd, 4318935.093, 113
Trd, 4318936.443, 131
Trd, 4318936.493, 107
Trd, 4318937.093, 131
Trd, 4318937.843, 140
Trd, 4318938.343, 93
Trd, 4318939.993, 140
Trd, 4318941.743, 77
Trd, 4318942.193, 61
Trd, 4318942.493, 105
Trd, 4318942.993, 104
Trd, 4318944.143, 102
Trd, 4318944.293, 101
Trd, 4318945.193, 105
Trd, 4318947.793, 128
Trd, 4318948.193, 133
Trd, 4318948.293, 126
Trd, 4318948.693, 120
Trd, 4318948.893, 110
Trd, 4318950.043, 102
Trd, 4318950.443, 118
Trd, 4318951.393, 75
Trd, 4318951.693, 90
Trd, 4318951.993, 109
Trd, 4318953.243, 81
Trd, 4318953.443, 115
Trd, 4318953.543, 112
Trd, 4318954.243, 127
Trd, 4318955.493, 120
Trd, 4318956.343, 96
Trd, 4318957.793, 128
Trd, 4318959.393, 124
Trd, 4318959.443, 105
Trd, 4318959.793, 100
Trd, 4318960.693, 102
Trd, 4318961.793, 139
Trd, 4318962.493, 94
Trd, 4318962.843, 137
Trd, 4318964.443, 130
Trd, 4318964.693, 103
Trd, 4318964.993, 106
Trd, 4318965.393, 74
Trd, 4318965.793, 90
Trd, 4318967.143, 124
Trd, 4318967.343, 138
Trd, 4318968.693, 72
Trd, 4318969.193, 106
Trd, 4318969.493, 93
Trd, 4318971.193, 111
Trd, 4318973.193, 137
Trd, 4318974.293, 113
Trd, 4318974.743, 130
Trd, 4318975.243, 122
Trd, 4318975.743, 83
Trd, 4318976.143, 72
Trd, 4318977.143, 81
Trd, 4318977.643, 112
Trd, 4318978.493, 129
Trd, 4318979.393, 119
Trd, 4318980.343, 126
Trd, 4318980.643, 112
Trd, 4318982.293, 106
Trd, 4318983.193, 115
Trd, 4318983.893, 95
Trd, 4318984.593, 123
Trd, 4318984.943, 135
Trd, 4318987.093, 135
Trd, 4318987.193, 133
Trd, 4318987.343, 133
Trd, 4318987.743, 130
Trd, 4318990.243, 78
Trd, 4318990.693, 83
Trd, 4318991.243, 117
Trd, 4318992.193, 125
Trd, 4318992.693, 131
Trd, 4318992.743, 107
Trd, 4318993.793, 136
Trd, 4318993.843, 106
Trd, 4318994.493, 107
Trd, 4318994.843, 115
Trd, 4318996.593, 108
Trd, 4318997.193, 124
Trd, 4318998.243, 125
Trd, 4318998.443, 107
Trd, 4318999.193, 132
Trd, 4318999.393, 75
Trd, 4319000.193, 130
Trd, 4319000.793, 116
Trd, 4319000.893, 103
Trd, 4319001.893, 140
Trd, 4319002.793, 127
Trd, 4319003.493, 123
Trd, 4319004.043, 106
Trd, 4319004.993, 101
Trd, 4319005.193, 132
Trd, 4319006.493, 101
Trd, 4319007.443, 121
Trd, 4319008.143, 140
Trd, 4319008.693, 119
Trd, 4319009.043, 100
Trd, 4319009.793, 122
Trd, 4319010.043, 133
Trd, 4319010.393, 108
Trd, 4319012.643, 103
Trd, 4319012.993, 68
Trd, 4319014.893, 66
Trd, 4319014.943, 81
Trd, 4319016.493, 128
Trd, 4319016.893, 139
Trd, 4319017.343, 114
Trd, 4319018.793, 101
Trd, 4319019.643, 109
Trd, 4319019.843, 70
Trd, 4319020.943, 82
Trd, 4319022.993, 70
Trd, 4319023.043, 96
Trd, 4319023.543, 98
Trd, 4319023.793, 65
Trd, 4319024.393, 112
Trd, 4319025.543, 119
Trd, 4319026.143, 126
Trd, 4319027.143, 121
Trd, 4319028.343, 126
Trd, 4319028.993, 108
Trd, 4319030.543, 127
Trd, 4319031.043, 121
Trd, 4319031.343, 112
Trd, 4319031.693, 110
Trd, 4319033.243, 114
Trd, 4319033.993, 133
Trd, 4319034.693, 127
Trd, 4319035.143, 129
Trd, 4319036.393, 92
Trd, 4319037.943, 123
Trd, 4319038.143, 115
Trd, 4319040.743, 140
Trd, 4319041.243, 117
Trd, 4319041.993, 108
Trd, 4319042.493, 119
Trd, 4319043.143, 99
Trd, 4319043.393, 87
Trd, 4319044.243, 67
Trd, 4319044.743, 110
Trd, 4319045.343, 89
Trd, 4319047.193, 79
Trd, 4319048.893, 104
Trd, 4319049.043, 93
Trd, 4319049.593, 83
Trd, 4319050.043, 78
Trd, 4319050.893, 129
Trd, 4319051.443, 79
Trd, 4319052.043, 135
Trd, 4319052.143, 131
Trd, 4319053.543, 92
Trd, 4319054.143, 119
Trd, 4319054.443, 81
Trd, 4319055.943, 129
Trd, 4319056.093, 114
Trd, 4319057.043, 117
Trd, 4319057.543, 94
Trd, 4319058.393, 70
Trd, 4319058.643, 94
Trd, 4319059.043, 89
Trd, 4319059.593, 117
Trd, 4319060.493, 84
Trd, 4319061.093, 102
Trd, 4319061.343, 97
Trd, 4319062.193, 105
Trd, 4319062.343, 113
Trd, 4319062.943, 67
Trd, 4319062.993, 89
Trd, 4319063.643, 111
Trd, 4319065.043, 95
Trd, 4319066.193, 99
Trd, 4319066.693, 115
Trd, 4319067.443, 140
Trd, 4319069.293, 132
Trd, 4319069.343, 123
Trd, 4319069.593, 105
Trd, 4319070.743, 125
Trd, 4319071.193, 133
Trd, 4319071.993, 105
Trd, 4319072.043, 87
Trd, 4319072.643, 107
Trd, 4319073.143, 80
Trd, 4319074.143, 121
Trd, 4319074.393, 85
Trd, 4319075.143, 129
Trd, 4319076.443, 123
Trd, 4319077.093, 88
Trd, 4319077.543, 76
Trd, 4319077.743, 69
Trd, 4319077.893, 62
Trd, 4319078.943, 74
Trd, 4319080.043, 95
Trd, 4319082.593, 94
Trd, 4319082.793, 86
Trd, 4319083.393, 79
Trd, 4319085.293, 139
Trd, 4319085.543, 125
Trd, 4319087.243, 132
Trd, 4319088.343, 121
Trd, 4319088.593, 115
Trd, 4319089.293, 109
Trd, 4319089.793, 118
Trd, 4319090.593, 125
Trd, 4319091.293, 106
Trd, 4319092.793, 131
Trd, 4319093.043, 122
Trd, 4319094.943, 132
Trd, 4319095.793, 111
Trd, 4319097.093, 135
Trd, 4319098.493, 136
Trd, 4319098.543, 120
Trd, 4319099.793, 130
Trd, 4319100.143, 115
Trd, 4319100.893, 119
Trd, 4319101.293, 92
Trd, 4319101.593, 79
Trd, 4319103.143, 120
Trd, 4319103.443, 116
Trd, 4319105.543, 131
Trd, 4319105.943, 116
Trd, 4319106.543, 99
Trd, 4319107.493, 113
Trd, 4319107.843, 116
Trd, 4319109.493, 75
Trd, 4319110.693, 75
Trd, 4319111.043, 128
Trd, 4319112.543, 111
Trd, 4319113.343, 129
Trd, 4319113.393, 126
Trd, 4319113.593, 118
Trd, 4319116.193, 122
Trd, 4319116.543, 127
Trd, 4319118.293, 91
Trd, 4319118.543, 104
Trd, 4319118.593, 120
Trd, 4319119.743, 112
Trd, 4319120.343, 125
Trd, 4319120.443, 108
Trd, 4319121.843, 132
Trd, 4319121.943, 129
Trd, 4319122.243, 120
Trd, 4319123.243, 108
Trd, 4319123.843, 107
Trd, 4319125.443, 116
Trd, 4319125.493, 112
Trd, 4319127.043, 104
Trd, 4319128.443, 109
Trd, 4319128.643, 116
Trd, 4319128.843, 99
Trd, 4319129.293, 98
Trd, 4319129.343, 90
Trd, 4319130.443, 134
Trd, 4319131.743, 115
Trd, 4319133.143, 95
Trd, 4319133.543, 113
Trd, 4319134.643, 117
Trd, 4319134.843, 107
Trd, 4319135.543, 123
Trd, 4319137.443, 123
Trd, 4319138.643, 95
Trd, 4319139.293, 125
Trd, 4319140.143, 109
Trd, 4319141.043, 129
Trd, 4319141.243, 102
Trd, 4319141.993, 67
Trd, 4319142.643, 71
Trd, 4319143.943, 129
Trd, 4319146.043, 140
Trd, 4319146.543, 137
Trd, 4319146.643, 127
Trd, 4319146.893, 131
Trd, 4319147.343, 70
Trd, 4319147.893, 126
Trd, 4319148.893, 111
Trd, 4319149.643, 105
Trd, 4319149.843, 100
Trd, 4319150.643, 123
Trd, 4319151.593, 129
Trd, 4319152.193, 122
Trd, 4319153.093, 118
Trd, 4319153.493, 139
Trd, 4319153.843, 102
Trd, 4319155.343, 109
Trd, 4319155.593, 127
Trd, 4319157.793, 111
Trd, 4319158.493, 81
Trd, 4319158.643, 67
Trd, 4319160.093, 129
Trd, 4319160.793, 131
Trd, 4319161.293, 109
Trd, 4319161.643, 126
Trd, 4319163.293, 118
Trd, 4319163.393, 117
Trd, 4319164.893, 136
Trd, 4319166.043, 126
Trd, 4319166.493, 117
Trd, 4319166.943, 106
Trd, 4319167.493, 116
Trd, 4319167.593, 107
Trd, 4319168.043, 128
Trd, 4319171.443, 131
Trd, 4319172.243, 131
Trd, 4319172.493, 127
Trd, 4319172.893, 105
Trd, 4319174.493, 91
Trd, 4319174.643, 80
Trd, 4319175.393, 127
Trd, 4319177.293, 111
Trd, 4319178.493, 132
Trd, 4319178.943, 124
Trd, 4319179.043, 107
Trd, 4319180.193, 87
Trd, 4319180.293, 71
Trd, 4319181.543, 136
Trd, 4319183.493, 118
Trd, 4319184.093, 136
Trd, 4319184.293, 124
Trd, 4319185.443, 125
Trd, 4319185.493, 124
Trd, 4319187.143, 126
Trd, 4319187.693, 136
Trd, 4319188.043, 118
Trd, 4319189.193, 108
Trd, 4319189.543, 66
Trd, 4319190.893, 92
Trd, 4319191.143, 95
Trd, 4319191.843, 114
Trd, 4319193.243, 113
Trd, 4319193.593, 112
Trd, 4319194.143, 101
Trd, 4319194.743, 99
Trd, 4319196.343, 91
Trd, 4319197.393, 125
Trd, 4319197.843, 108
Trd, 4319198.543, 130
Trd, 4319198.643, 106
Trd, 4319200.093, 136
Trd, 4319200.443, 132
Trd, 4319200.743, 88
Trd, 4319201.743, 132
Trd, 4319202.593, 89
Trd, 4319203.993, 119
Trd, 4319204.293, 93
Trd, 4319204.793, 120
Trd, 4319207.893, 134
Trd, 4319208.193, 135
Trd, 4319209.493, 128
Trd, 4319210.193, 113
Trd, 4319210.893, 112
Trd, 4319212.843, 123
Trd, 4319212.893, 130
Trd, 4319213.043, 115
Trd, 4319213.143, 108
Trd, 4319213.343, 109
Trd, 4319214.593, 126
Trd, 4319215.443, 134
Trd, 4319216.443, 133
Trd, 4319218.243, 122
Trd, 4319218.643, 120
Trd, 4319218.993, 107
Trd, 4319221.793, 132
Trd, 4319221.843, 84
Trd, 4319222.743, 93
Trd, 4319222.843, 124
Trd, 4319223.193, 120
Trd, 4319224.143, 140
Trd, 4319224.693, 139
Trd, 4319224.943, 118
Trd, 4319225.543, 124
Trd, 4319226.093, 82
Trd, 4319227.393, 128
Trd, 4319228.743, 93
Trd, 4319228.893, 100
Trd, 4319229.043, 82
Trd, 4319229.793, 81
Trd, 4319230.543, 127
Trd, 4319230.743, 67
Trd, 4319231.093, 116
Trd, 4319233.343, 90
Trd, 4319233.443, 99
Trd, 4319233.893, 110
Trd, 4319234.293, 107
Trd, 4319235.143, 71
Trd, 4319235.593, 138
Trd, 4319236.843, 139
Trd, 4319238.243, 135
Trd, 4319238.493, 119
Trd, 4319238.943, 108
Trd, 4319240.443, 97
Trd, 4319241.543, 134
Trd, 4319241.893, 122
Trd, 4319242.243, 121
Trd, 4319243.043, 90
Trd, 4319243.393, 90
Trd, 4319245.093, 137
Trd, 4319247.043, 121
Trd, 4319247.093, 105
Trd, 4319247.293, 115
Trd, 4319247.543, 102
Trd, 4319248.093, 99
Trd, 4319248.593, 117
Trd, 4319248.843, 83
Trd, 4319250.443, 126
Trd, 4319250.793, 110
Trd, 4319250.943, 83
Trd, 4319251.943, 104
Trd, 4319252.593, 107
Trd, 4319253.343, 121
Trd, 4319253.993, 121
Trd, 4319255.393, 95
Trd, 4319256.893, 126
Trd, 4319258.043, 67
Trd, 4319258.093, 86
Trd, 4319258.493, 107
Trd, 4319260.693, 124
Trd, 4319261.293, 136
Trd, 4319261.393, 111
Trd, 4319262.793, 132
Trd, 4319263.393, 134
Trd, 4319264.193, 96
Trd, 4319264.693, 113
Trd, 4319266.543, 71
Trd, 4319266.793, 86
Trd, 4319268.343, 139
Trd, 4319268.693, 99
Trd, 4319268.793, 94
Trd, 4319269.243, 127
Trd, 4319269.493, 111
Trd, 4319270.143, 109
Trd, 4319271.293, 91
Trd, 4319271.743, 72
Trd, 4319271.943, 94
Trd, 4319274.343, 131
Trd, 4319274.793, 112
Trd, 4319274.893, 126
Trd, 4319275.293, 105
Trd, 4319275.893, 128
Trd, 4319276.343, 139
Trd, 4319276.793, 115
Trd, 4319278.193, 111
Trd, 4319280.093, 121
Trd, 4319281.293, 135
Trd, 4319281.393, 125
Trd, 4319281.543, 105
Trd, 4319282.943, 130
Trd, 4319284.593, 138
Trd, 4319285.593, 137
Trd, 4319285.643, 117
Trd, 4319285.743, 112
Trd, 4319286.693, 123
Trd, 4319287.093, 111
Trd, 4319288.993, 136
Trd, 4319289.443, 119
Trd, 4319291.693, 120
Trd, 4319292.443, 117
Trd, 4319292.793, 116
Trd, 4319293.493, 118
Trd, 4319293.943, 106
Trd, 4319294.643, 131
Trd, 4319295.693, 124
Trd, 4319296.493, 115
Trd, 4319297.393, 95
Trd, 4319298.243, 126
Trd, 4319298.693, 128
Trd, 4319299.343, 119
Trd, 4319300.693, 119
Trd, 4319301.493, 105
Trd, 4319302.343, 132
Trd, 4319302.693, 101
Trd, 4319302.993, 96
Trd, 4319303.343, 97
Trd, 4319303.593, 83
Trd, 4319305.293, 95
Trd, 4319306.343, 139
Trd, 4319306.393, 130
Trd, 4319307.043, 118
Trd, 4319308.693, 130
Trd, 4319309.093, 131
Trd, 4319310.643, 131
Trd, 4319310.793, 104
Trd, 4319311.043, 102
Trd, 4319311.993, 132
Trd, 4319312.893, 108
Trd, 4319312.993, 95
Trd, 4319313.493, 74
Trd, 4319314.193, 101
Trd, 4319314.893, 108
Trd, 4319316.143, 91
Trd, 4319316.293, 87
Trd, 4319316.743, 95
Trd, 4319317.893, 117
Trd, 4319318.693, 97
Trd, 4319319.493, 87
Trd, 4319319.693, 63
Trd, 4319320.093, 99
Trd, 4319320.543, 85
Trd, 4319321.443, 65
Trd, 4319322.993, 73
Trd, 4319323.943, 79
Trd, 4319324.643, 133
Trd, 4319324.793, 116
Trd, 4319326.893, 104
Trd, 4319327.993, 132
Trd, 4319328.893, 81
Trd, 4319330.393, 108
Trd, 4319330.443, 102
Trd, 4319331.843, 117
Trd, 4319332.493, 122
Trd, 4319333.043, 91
Trd, 4319334.143, 115
Trd, 4319334.693, 77
Trd, 4319334.793, 61
Trd, 4319335.593, 138
Trd, 4319336.493, 114
Trd, 4319336.593, 123
Trd, 4319337.393, 128
Trd, 4319338.043, 111
Trd, 4319338.743, 130
Trd, 4319339.243, 129
Trd, 4319341.543, 136
Trd, 4319342.293, 113
Trd, 4319343.143, 138
Trd, 4319343.193, 121
Trd, 4319343.943, 131
Trd, 4319344.193, 71
Trd, 4319344.743, 73
Trd, 4319346.393, 136
Trd, 4319347.393, 132
Trd, 4319347.993, 101
Trd, 4319348.893, 131
Trd, 4319348.993, 124
Trd, 4319350.743, 94
Trd, 4319351.143, 124
Trd, 4319352.043, 97
Trd, 4319352.293, 120
Trd, 4319353.543, 123
Trd, 4319353.593, 120
Trd, 4319356.193, 128
Trd, 4319358.093, 131
Trd, 4319358.543, 131
Trd, 4319359.393, 131
Trd, 4319360.743, 130
Trd, 4319361.043, 136
Trd, 4319361.593, 108
Trd, 4319362.593, 123
Trd, 4319364.493, 134
Trd, 4319364.793, 118
Trd, 4319365.443, 131
Trd, 4319366.293, 138
Trd, 4319367.343, 120
Trd, 4319370.393, 117
Trd, 4319371.093, 125
Trd, 4319371.243, 109
Trd, 4319371.893, 87
Trd, 4319372.643, 97
Trd, 4319374.193, 113
Trd, 4319375.043, 126
Trd, 4319375.093, 86
Trd, 4319375.643, 125
Trd, 4319376.593, 127
Trd, 4319377.193, 112
Trd, 4319378.493, 109
Trd, 4319378.743, 101
Trd, 4319379.993, 98
Trd, 4319380.543, 106
Trd, 4319380.843, 112
Trd, 4319381.993, 140
Trd, 4319382.343, 136
Trd, 4319383.043, 115
Trd, 4319384.493, 118
Trd, 4319384.743, 97
Trd, 4319386.343, 131
Trd, 4319386.793, 135
Trd, 4319387.443, 96
Trd, 4319388.043, 138
Trd, 4319390.243, 127
Trd, 4319390.593, 125
Trd, 4319390.893, 123
Trd, 4319391.593, 129
Trd, 4319391.943, 110
Trd, 4319393.643, 140
Trd, 4319393.743, 130
Trd, 4319394.443, 137
Trd, 4319394.643, 129
Trd, 4319395.443, 139
Trd, 4319396.243, 112
Trd, 4319396.293, 110
Trd, 4319396.793, 108
Trd, 4319396.843, 98
Trd, 4319398.243, 137
Trd, 4319398.943, 127
Trd, 4319399.143, 104
Trd, 4319400.393, 123
Trd, 4319401.343, 115
Trd, 4319402.593, 120
Trd, 4319402.843, 128
Trd, 4319403.343, 140
Trd, 4319405.843, 129
Trd, 4319406.043, 125
Trd, 4319406.143, 117
Trd, 4319406.243, 102
Trd, 4319407.343, 110
Trd, 4319408.043, 130
Trd, 4319408.193, 131
Trd, 4319408.893, 117
Trd, 4319410.543, 123
Trd, 4319410.743, 113
Trd, 4319411.193, 103
Trd, 4319412.193, 121
Trd, 4319412.693, 127
Trd, 4319413.093, 121
Trd, 4319414.193, 122
Trd, 4319414.593, 105
Trd, 4319415.143, 85
Trd, 4319415.943, 84
Trd, 4319416.693, 79
Trd, 4319416.943, 66
Trd, 4319418.743, 82
Trd, 4319418.893, 93
Trd, 4319419.593, 125
Trd, 4319421.593, 136
Trd, 4319423.343, 131
Trd, 4319423.543, 119
Trd, 4319424.243, 137
Trd, 4319424.743, 132
Trd, 4319424.843, 99
Trd, 4319425.743, 116
Trd, 4319426.843, 119
Trd, 4319427.643, 105
Trd, 4319427.993, 102
Trd, 4319429.443, 139
Trd, 4319431.043, 102
Trd, 4319431.793, 117
Trd, 4319432.643, 134
Trd, 4319433.243, 114
Trd, 4319434.443, 108
Trd, 4319435.093, 92
Trd, 4319435.593, 100
Trd, 4319435.943, 74
Trd, 4319436.893, 138
Trd, 4319436.943, 138
Trd, 4319437.243, 125
Trd, 4319437.893, 112
Trd, 4319438.743, 82
Trd, 4319440.143, 79
Trd, 4319440.643, 81
Trd, 4319441.093, 82
Trd, 4319441.293, 97
Trd, 4319441.343, 105
Trd, 4319442.743, 107
Trd, 4319443.393, 120
Trd, 4319443.993, 115
Trd, 4319444.843, 138
Trd, 4319445.943, 82
Trd, 4319446.193, 113
Trd, 4319447.293, 131
Trd, 4319447.743, 122
Trd, 4319449.943, 128
Trd, 4319450.443, 132
Trd, 4319450.743, 100
Trd, 4319451.193, 89
Trd, 4319452.293, 103
Trd, 4319452.343, 100
Trd, 4319452.943, 94
Trd, 4319454.843, 126
Trd, 4319455.493, 130
Trd, 4319455.893, 123
Trd, 4319455.993, 114
Trd, 4319456.043, 111
Trd, 4319456.993, 135
Trd, 4319457.043, 116
Trd, 4319458.143, 139
Trd, 4319458.293, 109
Trd, 4319460.043, 130
Trd, 4319460.943, 126
Trd, 4319461.393, 98
Trd, 4319461.943, 129
Trd, 4319462.343, 115
Trd, 4319462.893, 99
Trd, 4319463.243, 120
Trd, 4319463.743, 114
Trd, 4319465.143, 128
Trd, 4319465.993, 125
Trd, 4319466.643, 119
Trd, 4319467.243, 97
Trd, 4319468.293, 140
Trd, 4319469.643, 95
Trd, 4319470.093, 107
Trd, 4319473.193, 120
Trd, 4319474.193, 125
Trd, 4319475.743, 133
Trd, 4319476.093, 115
Trd, 4319476.343, 96
Trd, 4319477.243, 129
Trd, 4319479.893, 121
Trd, 4319479.943, 101
Trd, 4319480.393, 100
Trd, 4319480.543, 128
Trd, 4319481.843, 79
Trd, 4319483.443, 97
Trd, 4319483.593, 79
Trd, 4319483.993, 124
Trd, 4319485.443, 139
Trd, 4319486.443, 108
Trd, 4319488.493, 123
Trd, 4319489.093, 120
Trd, 4319489.643, 112
Trd, 4319489.843, 94
Trd, 4319490.193, 98
Trd, 4319490.543, 116
Trd, 4319493.693, 135
Trd, 4319494.543, 87
Trd, 4319494.943, 131
Trd, 4319496.343, 97
Trd, 4319496.393, 92
Trd, 4319496.743, 118
Trd, 4319497.043, 82
Trd, 4319498.943, 66
Trd, 4319500.293, 89
Trd, 4319500.443, 92
Trd, 4319501.143, 87
Trd, 4319502.393, 80
Trd, 4319503.493, 110
Trd, 4319504.193, 103
Trd, 4319504.693, 128
Trd, 4319504.743, 95
Trd, 4319504.793, 89
Trd, 4319506.693, 105
Trd, 4319507.293, 86
Trd, 4319508.093, 77
Trd, 4319508.443, 106
Trd, 4319510.043, 112
Trd, 4319511.793, 131
Trd, 4319512.243, 130
Trd, 4319512.393, 126
Trd, 4319513.243, 120
Trd, 4319513.993, 123
Trd, 4319514.343, 104
Trd, 4319516.343, 101
Trd, 4319517.043, 126
Trd, 4319517.893, 126
Trd, 4319518.643, 82
Trd, 4319519.093, 135
Trd, 4319520.143, 136
Trd, 4319520.243, 112
Trd, 4319520.543, 133
Trd, 4319520.993, 83
Trd, 4319522.143, 130
Trd, 4319522.893, 122
Trd, 4319523.393, 81
Trd, 4319523.643, 87
Trd, 4319524.793, 79
Trd, 4319524.943, 70
Trd, 4319526.043, 123
Trd, 4319526.943, 112
Trd, 4319527.343, 113
Trd, 4319528.293, 100
Trd, 4319528.493, 81
Trd, 4319528.693, 61
Trd, 4319530.993, 101
Trd, 4319531.093, 102
Trd, 4319531.543, 127
Trd, 4319533.843, 95
Trd, 4319533.993, 102
Trd, 4319534.293, 110
Trd, 4319534.543, 98
Trd, 4319536.543, 138
Trd, 4319536.593, 132
Trd, 4319537.643, 131
Trd, 4319538.543, 117
Trd, 4319539.093, 134
Trd, 4319540.643, 137
Trd, 4319541.093, 135
Trd, 4319541.493, 126
Trd, 4319543.593, 124
Trd, 4319544.193, 128
Trd, 4319544.693, 81
Trd, 4319545.343, 101
Trd, 4319545.643, 134
Trd, 4319546.543, 94
Trd, 4319547.293, 134
Trd, 4319547.893, 129
Trd, 4319548.393, 111
Trd, 4319549.743, 92
Trd, 4319550.243, 106
Trd, 4319550.943, 128
Trd, 4319551.543, 117
Trd, 4319552.843, 127
Trd, 4319554.093, 124
Trd, 4319554.893, 130
Trd, 4319555.343, 127
Trd, 4319555.943, 134
Trd, 4319556.343, 125
Trd, 4319557.093, 135
Trd, 4319557.993, 90
Trd, 4319558.043, 110
Trd, 4319559.293, 71
Trd, 4319559.893, 83
Trd, 4319560.543, 90
Trd, 4319561.243, 83
Trd, 4319561.393, 99
Trd, 4319562.193, 123
Trd, 4319562.743, 135
Trd, 4319562.793, 103
Trd, 4319564.243, 125
Trd, 4319564.443, 109
Trd, 4319564.743, 68
Trd, 4319565.393, 80
Trd, 4319566.293, 137
Trd, 4319568.643, 84
Trd, 4319570.793, 124
Trd, 4319571.593, 110
Trd, 4319571.743, 100
Trd, 4319572.243, 89
Trd, 4319572.643, 116
Trd, 4319574.393, 134
Trd, 4319575.443, 122
Trd, 4319575.693, 102
Trd, 4319576.193, 81
Trd, 4319576.893, 129
Trd, 4319577.443, 120
Trd, 4319577.693, 70
Trd, 4319578.693, 103
Trd, 4319579.143, 97
Trd, 4319579.393, 122
Trd, 4319580.043, 113
Trd, 4319580.343, 140
Trd, 4319580.743, 123
Trd, 4319581.143, 119
Trd, 4319581.243, 80
Trd, 4319582.643, 115
Trd, 4319583.743, 135
Trd, 4319584.643, 116
Trd, 4319584.893, 84
Trd, 4319586.543, 113
Trd, 4319586.893, 97
Trd, 4319587.693, 72
Trd, 4319587.893, 84
Trd, 4319588.593, 87
Trd, 4319590.093, 117
Trd, 4319590.243, 113
Trd, 4319590.793, 94
Trd, 4319590.993, 84
Trd, 4319591.393, 120
Trd, 4319591.793, 96
Trd, 4319595.193, 133
Trd, 4319595.393, 131
Trd, 4319595.843, 125
Trd, 4319596.793, 109
Trd, 4319597.743, 83
Trd, 4319597.893, 85
Trd, 4319598.443, 100
Trd, 4319599.093, 128
Trd, 4319599.843, 116
Trd, 4319600.593, 108
Trd, 4319600.693, 84
Trd, 4319601.443, 134
Trd, 4319603.193, 137
Trd, 4319603.243, 122
Trd, 4319603.643, 136
Trd, 4319604.193, 136
Trd, 4319604.693, 124
Trd, 4319605.343, 134
Trd, 4319606.743, 116
Trd, 4319608.643, 116
Trd, 4319608.843, 114
Trd, 4319609.893, 122
Trd, 4319610.043, 103
Trd, 4319611.443, 124
Trd, 4319611.843, 91
Trd, 4319612.043, 134
Trd, 4319612.293, 90
Trd, 4319614.943, 117
Trd, 4319615.143, 115
Trd, 4319615.743, 99
Trd, 4319616.293, 132
Trd, 4319616.343, 135
Trd, 4319617.793, 85
Trd, 4319618.193, 84
Trd, 4319618.593, 80
Trd, 4319619.143, 126
Trd, 4319620.543, 63
Trd, 4319621.043, 78
Trd, 4319621.843, 72
Trd, 4319621.893, 70
Trd, 4319622.893, 98
Trd, 4319623.143, 78
Trd, 4319623.843, 92
Trd, 4319623.893, 105
Trd, 4319624.593, 114
Trd, 4319626.693, 116
Trd, 4319626.893, 100
Trd, 4319627.343, 139
Trd, 4319628.493, 121
Trd, 4319629.143, 116
Trd, 4319630.143, 104
Trd, 4319631.043, 85
Trd, 4319631.143, 101
Trd, 4319632.743, 131
Trd, 4319633.043, 129
Trd, 4319633.543, 115
Trd, 4319633.643, 108
Trd, 4319634.943, 132
Trd, 4319635.343, 102
Trd, 4319635.793, 132
Trd, 4319636.393, 131
Trd, 4319637.143, 129
Trd, 4319638.293, 128
Trd, 4319639.243, 119
Trd, 4319640.693, 138
Trd, 4319641.443, 137
Trd, 4319641.493, 112
Trd, 4319641.893, 138
Trd, 4319642.893, 99
Trd, 4319643.493, 112
Trd, 4319644.493, 113
Trd, 4319645.293, 135
Trd, 4319646.343, 106
Trd, 4319646.993, 122
Trd, 4319648.093, 127
Trd, 4319649.693, 109
Trd, 4319650.443, 118
Trd, 4319652.893, 122
Trd, 4319653.193, 118
Trd, 4319653.743, 115
Trd, 4319654.443, 93
Trd, 4319654.943, 139
Trd, 4319655.093, 115
Trd, 4319655.143, 106
Trd, 4319657.243, 113
Trd, 4319657.443, 138
Trd, 4319657.893, 132
Trd, 4319659.243, 119
Trd, 4319659.693, 103
Trd, 4319661.143, 134
Trd, 4319661.543, 128
Trd, 4319662.293, 139
Trd, 4319663.393, 131
Trd, 4319663.443, 79
Trd, 4319664.693, 131
Trd, 4319664.793, 116
Trd, 4319667.743, 128
Trd, 4319667.943, 120
Trd, 4319668.693, 80
Trd, 4319669.193, 125
Trd, 4319669.293, 112
Trd, 4319670.293, 110
Trd, 4319671.343, 102
Trd, 4319671.393, 85
Trd, 4319671.793, 139
Trd, 4319673.343, 122
Trd, 4319674.543, 111
Trd, 4319674.643, 106
Trd, 4319675.593, 138
Trd, 4319675.793, 110
Trd, 4319675.843, 92
Trd, 4319676.893, 121
Trd, 4319677.243, 128
Trd, 4319677.793, 132
Trd, 4319678.893, 98
Trd, 4319679.393, 62
Trd, 4319679.493, 93
Trd, 4319680.543, 107
Trd, 4319680.843, 137
Trd, 4319680.943, 129
Trd, 4319682.643, 132
Trd, 4319683.893, 93
Trd, 4319683.943, 109
Trd, 4319684.093, 90
Trd, 4319684.393, 70
Trd, 4319687.193, 133
Trd, 4319687.743, 130
Trd, 4319688.993, 121
Trd, 4319689.343, 126
Trd, 4319689.893, 133
Trd, 4319690.243, 117
Trd, 4319691.893, 117
Trd, 4319692.043, 85
Trd, 4319692.443, 67
Trd, 4319692.893, 74
Trd, 4319693.943, 114
Trd, 4319694.243, 105
Trd, 4319694.593, 103
Trd, 4319695.493, 93
Trd, 4319697.143, 111
Trd, 4319697.493, 129
Trd, 4319698.143, 103
Trd, 4319698.543, 137
Trd, 4319699.243, 117
Trd, 4319699.543, 127
Trd, 4319699.893, 112
Trd, 4319701.993, 132
Trd, 4319702.443, 115
Trd, 4319702.543, 126
Trd, 4319703.243, 110
Trd, 4319705.093, 130
Trd, 4319707.293, 138
Trd, 4319708.193, 133
Trd, 4319708.293, 127
Trd, 4319709.193, 121
Trd, 4319709.243, 103
Trd, 4319709.643, 99
Trd, 4319711.343, 115
Trd, 4319711.893, 124
Trd, 4319711.993, 102
Trd, 4319715.443, 95
Trd, 4319715.593, 92
Trd, 4319716.443, 92
Trd, 4319716.793, 113
Trd, 4319716.843, 110
Trd, 4319717.693, 118
Trd, 4319718.693, 123
Trd, 4319719.343, 119
Trd, 4319719.993, 105
Trd, 4319720.743, 109
Trd, 4319721.543, 114
Trd, 4319721.693, 96
Trd, 4319721.843, 97
Trd, 4319722.143, 92
Trd, 4319722.593, 137
Trd, 4319722.793, 83
Trd, 4319723.043, 116
Trd, 4319725.793, 113
Trd, 4319728.543, 113
Trd, 4319728.693, 92
Trd, 4319729.343, 140
Trd, 4319729.893, 96
Trd, 4319730.543, 95
Trd, 4319731.993, 97
Trd, 4319732.093, 128
Trd, 4319733.243, 119
Trd, 4319734.193, 113
Trd, 4319734.893, 90
Trd, 4319735.293, 67
Trd, 4319735.993, 94
Trd, 4319736.593, 129
Trd, 4319737.143, 124
Trd, 4319737.343, 113
Trd, 4319737.693, 139
Trd, 4319738.143, 85
Trd, 4319738.293, 88
Trd, 4319739.193, 83
Trd, 4319739.293, 122
Trd, 4319741.493, 111
Trd, 4319742.193, 95
Trd, 4319742.443, 91
Trd, 4319742.693, 105
Trd, 4319743.893, 137
Trd, 4319744.243, 97
Trd, 4319744.593, 94
Trd, 4319746.393, 121
Trd, 4319747.043, 113
Trd, 4319748.543, 97
Trd, 4319749.543, 116
Trd, 4319749.693, 127
Trd, 4319750.743, 133
Trd, 4319752.743, 118
Trd, 4319752.843, 107
Trd, 4319753.393, 130
Trd, 4319753.543, 87
Trd, 4319754.093, 132
Trd, 4319755.143, 102
Trd, 4319756.393, 129
Trd, 4319757.593, 135
Trd, 4319757.843, 128
Trd, 4319758.643, 106
Trd, 4319758.793, 134
Trd, 4319759.343, 99
Trd, 4319760.043, 84
Trd, 4319761.043, 81
Trd, 4319763.743, 107
Trd, 4319764.043, 108
Trd, 4319764.493, 103
Trd, 4319765.193, 135
Trd, 4319765.843, 99
Trd, 4319766.393, 121
Trd, 4319768.543, 118
Trd, 4319768.793, 92
Trd, 4319769.743, 140
Trd, 4319769.793, 123
Trd, 4319770.193, 87
Trd, 4319770.893, 118
Trd, 4319772.993, 77
Trd, 4319773.043, 104
Trd, 4319773.193, 84
Trd, 4319773.493, 115
Trd, 4319774.393, 103
Trd, 4319776.593, 132
Trd, 4319777.093, 126
Trd, 4319777.493, 123
Trd, 4319778.293, 115
Trd, 4319779.043, 139
Trd, 4319779.393, 92
Trd, 4319780.843, 122
Trd, 4319781.543, 125
Trd, 4319782.243, 122
Trd, 4319783.193, 87
Trd, 4319783.743, 83
Trd, 4319783.993, 88
Trd, 4319784.143, 92
Trd, 4319784.543, 70
Trd, 4319785.793, 117
Trd, 4319786.393, 140
Trd, 4319786.643, 133
Trd, 4319788.043, 116
Trd, 4319788.143, 106
Trd, 4319788.193, 88
Trd, 4319789.393, 126
Trd, 4319789.593, 101
Trd, 4319789.843, 120
Trd, 4319790.493, 111
Trd, 4319790.943, 104
Trd, 4319791.943, 119
Trd, 4319792.743, 114
Trd, 4319793.293, 93
Trd, 4319793.593, 63
Trd, 4319794.143, 113
Trd, 4319794.443, 139
Trd, 4319795.893, 112
Trd, 4319796.443, 123
Trd, 4319797.693, 135
Trd, 4319799.143, 104
Trd, 4319799.243, 93
Trd, 4319799.343, 125
Trd, 4319799.843, 91
Trd, 4319800.893, 126
Trd, 4319801.493, 81
Trd, 4319802.793, 107
Trd, 4319803.243, 111
Trd, 4319803.343, 76
Trd, 4319803.843, 106
Trd, 4319804.143, 94
Trd, 4319805.593, 108
Trd, 4319806.793, 112
Trd, 4319806.943, 105
Trd, 4319807.043, 115
Trd, 4319807.943, 83
Trd, 4319808.393, 134
Trd, 4319809.743, 108
Trd, 4319810.293, 114
Trd, 4319810.393, 105
Trd, 4319810.893, 128
Trd, 4319813.143, 99
Trd, 4319813.643, 99
Trd, 4319813.793, 105
Trd, 4319813.943, 93
Trd, 4319814.543, 113
Trd, 4319815.093, 88
Trd, 4319816.093, 122
Trd, 4319816.643, 123
Trd, 4319817.693, 128
Trd, 4319817.893, 131
Trd, 4319818.893, 118
Trd, 4319820.043, 79
Trd, 4319820.643, 120
Trd, 4319821.543, 114
Trd, 4319822.893, 120
Trd, 4319823.193, 97
Trd, 4319823.593, 103
Trd, 4319824.343, 140
Trd, 4319824.643, 89
Trd, 4319825.493, 78
Trd, 4319826.393, 129
Trd, 4319827.393, 136
Trd, 4319827.693, 113
Trd, 4319828.893, 128
Trd, 4319831.293, 135
Trd, 4319832.293, 103
Trd, 4319832.393, 94
Trd, 4319833.393, 129
Trd, 4319833.943, 137
Trd, 4319834.293, 135
Trd, 4319834.443, 92
Trd, 4319834.543, 85
Trd, 4319835.193, 109
Trd, 4319835.593, 116
Trd, 4319836.543, 112
Trd, 4319837.143, 107
Trd, 4319837.693, 135
Trd, 4319838.043, 138
Trd, 4319838.143, 103
Trd, 4319838.793, 90
Trd, 4319840.143, 127
Trd, 4319840.243, 84
Trd, 4319841.543, 120
Trd, 4319842.643, 110
Trd, 4319842.893, 114
Trd, 4319842.943, 112
Trd, 4319843.443, 103
Trd, 4319845.243, 117
Trd, 4319845.693, 126
Trd, 4319846.993, 120
Trd, 4319847.693, 126
Trd, 4319847.743, 118
Trd, 4319849.493, 139
Trd, 4319850.493, 127
Trd, 4319851.443, 133
Trd, 4319852.893, 121
Trd, 4319853.493, 117
Trd, 4319854.243, 115
Trd, 4319855.193, 129
Trd, 4319855.743, 110
Trd, 4319856.143, 120
Trd, 4319857.143, 100
Trd, 4319857.243, 120
Trd, 4319859.543, 130
Trd, 4319860.143, 117
Trd, 4319860.643, 89
Trd, 4319861.793, 129
Trd, 4319861.993, 112
Trd, 4319862.443, 102
Trd, 4319863.043, 129
Trd, 4319863.593, 86
Trd, 4319863.793, 67
Trd, 4319864.143, 65
Trd, 4319864.593, 71
Trd, 4319866.943, 95
Trd, 4319867.443, 102
Trd, 4319868.393, 128
Trd, 4319868.743, 102
Trd, 4319869.093, 118
Trd, 4319870.593, 114
Trd, 4319870.793, 81
Trd, 4319871.393, 79
Trd, 4319872.393, 104
Trd, 4319872.843, 88
Trd, 4319874.043, 95
Trd, 4319874.293, 98
Trd, 4319875.243, 119
Trd, 4319876.093, 135
Trd, 4319876.893, 131
Trd, 4319877.443, 124
Trd, 4319877.993, 114
Trd, 4319878.743, 117
Trd, 4319879.043, 92
Trd, 4319879.743, 119
Trd, 4319880.443, 86
Trd, 4319880.743, 62
Trd, 4319882.743, 84
Trd, 4319885.743, 108
Trd, 4319887.343, 97
Trd, 4319887.493, 103
Trd, 4319888.293, 109
Trd, 4319888.593, 99
Trd, 4319889.093, 128
Trd, 4319889.393, 98
Trd, 4319889.643, 95
Trd, 4319889.943, 107
Trd, 4319891.593, 140
Trd, 4319892.243, 123
Trd, 4319893.793, 115
Trd, 4319894.243, 62
Trd, 4319895.543, 115
Trd, 4319895.643, 98
Trd, 4319896.643, 69
Trd, 4319896.993, 76
Trd, 4319897.943, 119
Trd, 4319898.143, 109
Trd, 4319898.843, 137
Trd, 4319900.143, 103
Trd, 4319900.543, 73
Trd, 4319900.593, 68
Trd, 4319900.843, 98
Trd, 4319901.243, 115
Trd, 4319904.193, 133
Trd, 4319904.443, 129
Trd, 4319904.693, 114
Trd, 4319906.593, 86
Trd, 4319906.693, 84
Trd, 4319907.043, 85
Trd, 4319908.393, 106
Trd, 4319909.393, 80
Trd, 4319909.693, 67
Trd, 4319910.193, 84
Trd, 4319910.843, 139
Trd, 4319911.193, 136
Trd, 4319911.493, 105
Trd, 4319911.893, 130
Trd, 4319912.393, 79
Trd, 4319914.293, 101
Trd, 4319914.643, 94
Trd, 4319914.893, 100
Trd, 4319916.143, 73
Trd, 4319916.793, 120
Trd, 4319916.943, 136
Trd, 4319917.193, 73
Trd, 4319918.493, 122
Trd, 4319918.843, 135
Trd, 4319920.393, 95
Trd, 4319920.943, 101
Trd, 4319921.943, 130
Trd, 4319922.093, 95
Trd, 4319922.143, 69
Trd, 4319923.793, 114
Trd, 4319924.093, 130
Trd, 4319924.493, 132
Trd, 4319925.143, 84
Trd, 4319926.343, 65
Trd, 4319926.843, 106
Trd, 4319927.143, 111
Trd, 4319927.443, 119
Trd, 4319927.993, 110
Trd, 4319928.543, 127
Trd, 4319930.043, 123
Trd, 4319931.193, 118
Trd, 4319932.093, 124
Trd, 4319932.443, 131
Trd, 4319933.093, 109
Trd, 4319933.193, 84
Trd, 4319933.993, 107
Trd, 4319934.943, 90
Trd, 4319935.243, 91
Trd, 4319937.093, 122
Trd, 4319937.693, 102
Trd, 4319937.893, 115
Trd, 4319940.543, 110
Trd, 4319940.593, 101
Trd, 4319941.093, 102
Trd, 4319941.343, 96
Trd, 4319941.793, 124
Trd, 4319942.043, 138
Trd, 4319943.093, 76
Trd, 4319943.843, 102
Trd, 4319945.043, 98
Trd, 4319945.543, 112
Trd, 4319945.743, 68
Trd, 4319946.443, 137
Trd, 4319947.343, 130
Trd, 4319947.743, 114
Trd, 4319949.543, 116
Trd, 4319950.693, 126
Trd, 4319951.343, 129
Trd, 4319951.393, 115
Trd, 4319951.743, 134
Trd, 4319953.643, 105
Trd, 4319955.293, 124
Trd, 4319955.643, 116
Trd, 4319956.393, 128
Trd, 4319956.743, 122
Trd, 4319956.843, 113
Trd, 4319958.543, 112
Trd, 4319959.343, 134
Trd, 4319959.843, 122
Trd, 4319961.243, 124
Trd, 4319962.143, 91
Trd, 4319962.343, 85
Trd, 4319963.143, 131
Trd, 4319963.743, 113
Trd, 4319965.393, 106
Trd, 4319965.493, 118
Trd, 4319966.393, 123
Trd, 4319966.693, 116
Trd, 4319968.593, 100
Trd, 4319968.743, 127
Trd, 4319970.143, 128
Trd, 4319970.693, 123
Trd, 4319971.993, 68
Trd, 4319972.143, 74
Trd, 4319972.993, 60
Trd, 4319973.643, 114
Trd, 4319974.643, 130
Trd, 4319974.993, 132
Trd, 4319976.793, 121
Trd, 4319977.143, 115
Trd, 4319977.443, 109
Trd, 4319978.143, 106
Trd, 4319979.443, 122
Trd, 4319980.693, 134
Trd, 4319981.243, 135
Trd, 4319982.043, 90
Trd, 4319983.243, 112
Trd, 4319983.593, 101
Trd, 4319983.843, 83
Trd, 4319984.193, 100
Trd, 4319985.143, 66
Trd, 4319985.593, 103
Trd, 4319986.143, 117
Trd, 4319986.193, 123
Trd, 4319986.643, 92
Trd, 4319988.643, 138
Trd, 4319988.893, 109
Trd, 4319989.443, 106
Trd, 4319990.693, 105
Trd, 4319990.793, 124
Trd, 4319991.193, 136
Trd, 4319991.243, 108
Trd, 4319991.643, 96
Trd, 4319993.693, 89
Trd, 4319993.893, 107
Trd, 4319994.493, 123
Trd, 4319995.143, 117
Trd, 4319995.743, 86
Trd, 4319997.093, 133
Trd, 4319998.343, 111
Trd, 4319998.393, 106
Trd, 4319999.993, 126
