Trd, 4318151.393, 81
Trd, 4318153.243, 60
Trd, 4318153.593, 60
Trd, 4318153.643, 62
Trd, 4318154.243, 61
Trd, 4318154.543, 60
Trd, 4318154.893, 62
Trd, 4318155.843, 67
Trd, 4318156.043, 140
Trd, 4318156.643, 66
Trd, 4318157.093, 60
Trd, 4318157.893, 75
Trd, 4318158.843, 140
Trd, 4318158.993, 64
Trd, 4318159.593, 63
Trd, 4318161.643, 63
Trd, 4318162.643, 67
Trd, 4318163.893, 68
Trd, 4318165.193, 62
Trd, 4318166.393, 63
Trd, 4318166.993, 62
Trd, 4318167.493, 60
Trd, 4318167.543, 61
Trd, 4318167.593, 62
Trd, 4318168.043, 61
Trd, 4318168.743, 62
Trd, 4318168.993, 64
Trd, 4318170.343, 140
Trd, 4318170.643, 140
Trd, 4318170.993, 140
Trd, 4318171.743, 140
Trd, 4318171.943, 140
Trd, 4318172.493, 139
Trd, 4318173.143, 136
Trd, 4318175.043, 60
Trd, 4318175.243, 60
Trd, 4318176.493, 63
Trd, 4318178.143, 60
Trd, 4318178.193, 60
Trd, 4318178.593, 61
Trd, 4318178.743, 62
Trd, 4318179.793, 60
Trd, 4318180.143, 68
Trd, 4318181.693, 66
Trd, 4318181.943, 63
Trd, 4318182.043, 67
Trd, 4318182.093, 62
Trd, 4318182.643, 68
Trd, 4318183.093, 140
Trd, 4318183.493, 68
Trd, 4318183.593, 67
Trd, 4318184.843, 140
Trd, 4318186.393, 140
Trd, 4318186.743, 140
Trd, 4318187.393, 138
Trd, 4318187.593, 137
Trd, 4318188.143, 88
Trd, 4318188.243, 89
Trd, 4318188.543, 86
Trd, 4318189.193, 140
Trd, 4318189.893, 140
Trd, 4318190.593, 62
Trd, 4318191.593, 116
Trd, 4318191.843, 115
Trd, 4318192.493, 65
Trd, 4318193.593, 63
Trd, 4318194.293, 63
Trd, 4318194.493, 61
Trd, 4318196.093, 61
Trd, 4318198.043, 61
Trd, 4318198.543, 61
Trd, 4318199.043, 62
Trd, 4318199.193, 65
Trd, 4318200.043, 64
Trd, 4318200.893, 60
Trd, 4318201.993, 65
Trd, 4318202.693, 63
Trd, 4318203.493, 64
Trd, 4318203.743, 65
Trd, 4318204.043, 64
Trd, 4318204.143, 68
Trd, 4318204.593, 140
Trd, 4318205.643, 60
Trd, 4318205.893, 60
Trd, 4318206.093, 60
Trd, 4318206.993, 63
Trd, 4318208.843, 63
Trd, 4318209.543, 60
Trd, 4318210.743, 61
Trd, 4318212.193, 60
Trd, 4318212.393, 60
Trd, 4318212.843, 61
Trd, 4318213.093, 64
Trd, 4318213.143, 67
Trd, 4318214.093, 60
Trd, 4318214.543, 63
Trd, 4318214.993, 64
Trd, 4318215.693, 62
Trd, 4318216.843, 140
Trd, 4318216.943, 140
Trd, 4318217.143, 140
Trd, 4318217.393, 140
Trd, 4318219.393, 60
Trd, 4318219.843, 62
Trd, 4318220.443, 61
Trd, 4318222.743, 61
Trd, 4318222.793, 62
Trd, 4318223.143, 62
Trd, 4318223.193, 68
Trd, 4318223.543, 61
Trd, 4318224.793, 60
Trd, 4318225.393, 61
Trd, 4318226.643, 63
Trd, 4318227.593, 61
Trd, 4318228.093, 60
Trd, 4318228.893, 64
Trd, 4318228.943, 63
Trd, 4318229.693, 62
Trd, 4318229.943, 68
Trd, 4318231.243, 140
Trd, 4318231.443, 140
Trd, 4318232.793, 81
Trd, 4318233.343, 64
Trd, 4318235.193, 60
Trd, 4318235.393, 60
Trd, 4318235.593, 62
Trd, 4318236.193, 63
Trd, 4318237.143, 140
Trd, 4318237.243, 137
Trd, 4318237.843, 67
Trd, 4318239.393, 62
Trd, 4318239.443, 66
Trd, 4318240.543, 60
Trd, 4318241.043, 63
Trd, 4318241.943, 61
Trd, 4318242.343, 81
Trd, 4318242.643, 63
Trd, 4318243.493, 71
Trd, 4318243.743, 62
Trd, 4318244.093, 62
Trd, 4318245.543, 60
Trd, 4318245.893, 60
Trd, 4318246.043, 69
Trd, 4318246.343, 129
Trd, 4318247.093, 60
Trd, 4318247.143, 68
Trd, 4318248.943, 61
Trd, 4318250.293, 60
Trd, 4318250.393, 60
Trd, 4318250.643, 66
Trd, 4318251.793, 62
Trd, 4318252.143, 64
Trd, 4318252.593, 74
Trd, 4318252.943, 140
Trd, 4318253.043, 63
Trd, 4318253.643, 63
Trd, 4318255.093, 60
Trd, 4318255.243, 62
Trd, 4318256.293, 64
Trd, 4318256.443, 73
Trd, 4318256.543, 61
Trd, 4318257.643, 140
Trd, 4318258.843, 67
Trd, 4318259.243, 67
Trd, 4318259.293, 66
Trd, 4318259.693, 65
Trd, 4318260.443, 111
Trd, 4318260.843, 140
Trd, 4318261.993, 97
Trd, 4318263.743, 61
Trd, 4318263.943, 62
Trd, 4318264.593, 65
Trd, 4318265.293, 60
Trd, 4318265.543, 61
Trd, 4318266.493, 61
Trd, 4318266.593, 62
Trd, 4318267.193, 140
Trd, 4318268.093, 140
Trd, 4318268.143, 140
Trd, 4318269.343, 140
Trd, 4318269.993, 140
Trd, 4318270.193, 139
Trd, 4318270.543, 139
Trd, 4318270.693, 138
Trd, 4318270.843, 125
Trd, 4318271.293, 92
Trd, 4318272.643, 140
Trd, 4318272.843, 139
Trd, 4318272.893, 118
Trd, 4318273.543, 66
Trd, 4318274.593, 138
Trd, 4318275.243, 62
Trd, 4318275.593, 62
Trd, 4318277.193, 62
Trd, 4318279.993, 61
Trd, 4318281.693, 61
Trd, 4318281.943, 61
Trd, 4318282.193, 61
Trd, 4318283.343, 62
Trd, 4318283.643, 60
Trd, 4318284.093, 61
Trd, 4318284.493, 60
Trd, 4318285.043, 60
Trd, 4318285.493, 63
Trd, 4318286.093, 63
Trd, 4318286.143, 77
Trd, 4318286.743, 62
Trd, 4318287.743, 60
Trd, 4318289.143, 60
Trd, 4318289.543, 65
Trd, 4318290.293, 61
Trd, 4318290.593, 60
Trd, 4318290.793, 66
Trd, 4318291.493, 63
Trd, 4318292.143, 140
Trd, 4318292.743, 140
Trd, 4318292.893, 140
Trd, 4318293.443, 65
Trd, 4318294.193, 63
Trd, 4318295.443, 136
Trd, 4318295.593, 135
Trd, 4318296.593, 63
Trd, 4318298.393, 61
Trd, 4318298.793, 64
Trd, 4318300.543, 62
Trd, 4318300.943, 62
Trd, 4318301.193, 63
Trd, 4318301.293, 64
Trd, 4318302.843, 140
Trd, 4318302.893, 140
Trd, 4318303.043, 140
Trd, 4318303.393, 111
Trd, 4318303.943, 61
Trd, 4318304.243, 62
Trd, 4318305.243, 140
Trd, 4318305.943, 140
Trd, 4318306.493, 140
Trd, 4318307.543, 140
Trd, 4318307.643, 140
Trd, 4318308.993, 60
Trd, 4318309.143, 63
Trd, 4318310.643, 70
Trd, 4318312.043, 60
Trd, 4318312.643, 60
Trd, 4318312.893, 60
Trd, 4318313.193, 65
Trd, 4318314.143, 61
Trd, 4318314.293, 61
Trd, 4318314.343, 61
Trd, 4318315.293, 68
Trd, 4318315.643, 69
Trd, 4318316.243, 70
Trd, 4318316.743, 95
Trd, 4318317.693, 89
Trd, 4318317.893, 73
Trd, 4318317.993, 71
Trd, 4318319.643, 61
Trd, 4318319.993, 64
Trd, 4318320.643, 116
Trd, 4318321.643, 71
Trd, 4318322.243, 63
Trd, 4318322.893, 62
Trd, 4318324.093, 60
Trd, 4318324.993, 60
Trd, 4318325.843, 61
Trd, 4318326.193, 60
Trd, 4318326.643, 63
Trd, 4318327.143, 79
Trd, 4318327.643, 88
Trd, 4318328.243, 65
Trd, 4318328.743, 60
Trd, 4318329.893, 140
Trd, 4318329.943, 140
Trd, 4318330.393, 140
Trd, 4318331.043, 140
Trd, 4318331.343, 139
Trd, 4318331.393, 111
Trd, 4318332.093, 140
Trd, 4318333.093, 104
Trd, 4318333.443, 60
Trd, 4318334.043, 88
Trd, 4318334.593, 63
Trd, 4318335.893, 60
Trd, 4318336.843, 140
Trd, 4318337.643, 140
Trd, 4318338.143, 140
Trd, 4318338.843, 140
Trd, 4318339.043, 138
Trd, 4318339.343, 140
Trd, 4318339.393, 139
Trd, 4318339.493, 121
Trd, 4318340.743, 139
Trd, 4318341.693, 140
Trd, 4318341.843, 138
Trd, 4318342.093, 138
Trd, 4318342.743, 105
Trd, 4318343.943, 140
Trd, 4318344.293, 139
Trd, 4318344.793, 138
Trd, 4318346.993, 140
Trd, 4318347.093, 140
Trd, 4318347.193, 140
Trd, 4318347.543, 138
Trd, 4318348.643, 140
Trd, 4318348.943, 139
Trd, 4318349.293, 117
Trd, 4318349.943, 100
Trd, 4318350.243, 77
Trd, 4318351.993, 69
Trd, 4318352.343, 140
Trd, 4318352.543, 138
Trd, 4318352.743, 108
Trd, 4318354.743, 140
Trd, 4318355.043, 140
Trd, 4318355.493, 140
Trd, 4318356.243, 140
Trd, 4318356.643, 140
Trd, 4318357.543, 140
Trd, 4318358.143, 140
Trd, 4318359.093, 140
Trd, 4318359.293, 140
Trd, 4318359.443, 123
Trd, 4318359.893, 136
Trd, 4318360.743, 138
Trd, 4318361.293, 138
Trd, 4318361.443, 102
Trd, 4318363.293, 140
Trd, 4318363.643, 139
Trd, 4318365.893, 140
Trd, 4318365.993, 140
Trd, 4318366.493, 135
Trd, 4318366.643, 80
Trd, 4318367.343, 138
Trd, 4318368.293, 140
Trd, 4318368.443, 106
Trd, 4318368.993, 140
Trd, 4318369.993, 135
Trd, 4318370.643, 92
Trd, 4318370.743, 90
Trd, 4318371.543, 138
Trd, 4318372.443, 140
Trd, 4318372.843, 140
Trd, 4318373.043, 140
Trd, 4318374.093, 140
Trd, 4318374.943, 140
Trd, 4318375.293, 140
Trd, 4318375.693, 140
Trd, 4318376.543, 121
Trd, 4318376.843, 139
Trd, 4318376.893, 121
Trd, 4318377.443, 139
Trd, 4318378.093, 65
Trd, 4318378.593, 140
Trd, 4318379.543, 60
Trd, 4318379.693, 138
Trd, 4318380.843, 60
Trd, 4318382.293, 60
Trd, 4318383.943, 60
Trd, 4318384.893, 60
Trd, 4318385.043, 61
Trd, 4318385.943, 71
Trd, 4318387.643, 64
Trd, 4318388.193, 60
Trd, 4318388.493, 64
Trd, 4318389.043, 61
Trd, 4318390.993, 60
Trd, 4318391.743, 61
Trd, 4318392.393, 62
Trd, 4318392.793, 61
Trd, 4318392.943, 61
Trd, 4318393.143, 62
Trd, 4318393.393, 62
Trd, 4318393.843, 61
Trd, 4318394.243, 139
Trd, 4318394.443, 64
Trd, 4318395.093, 93
Trd, 4318395.843, 61
Trd, 4318397.143, 140
Trd, 4318397.343, 140
Trd, 4318398.293, 140
Trd, 4318399.143, 140
Trd, 4318399.693, 140
Trd, 4318399.843, 140
Trd, 4318401.143, 86
Trd, 4318401.843, 61
Trd, 4318402.043, 61
Trd, 4318402.943, 65
Trd, 4318403.293, 62
Trd, 4318403.943, 88
Trd, 4318404.143, 80
Trd, 4318405.243, 61
Trd, 4318405.543, 140
Trd, 4318407.393, 61
Trd, 4318407.993, 140
Trd, 4318408.643, 136
Trd, 4318408.693, 135
Trd, 4318408.793, 107
Trd, 4318409.843, 61
Trd, 4318410.543, 60
Trd, 4318410.993, 63
Trd, 4318411.243, 66
Trd, 4318411.543, 60
Trd, 4318412.943, 116
Trd, 4318413.043, 111
Trd, 4318414.993, 140
Trd, 4318415.043, 140
Trd, 4318415.443, 140
Trd, 4318415.993, 140
Trd, 4318416.243, 136
Trd, 4318416.793, 115
Trd, 4318417.743, 140
Trd, 4318418.243, 140
Trd, 4318418.743, 140
Trd, 4318419.243, 140
Trd, 4318420.243, 140
Trd, 4318420.693, 140
Trd, 4318420.843, 103
Trd, 4318421.843, 60
Trd, 4318422.243, 64
Trd, 4318424.243, 60
Trd, 4318424.293, 60
Trd, 4318424.343, 61
Trd, 4318424.893, 62
Trd, 4318425.993, 65
Trd, 4318426.443, 139
Trd, 4318426.593, 139
Trd, 4318426.943, 140
Trd, 4318426.993, 140
Trd, 4318427.193, 140
Trd, 4318429.843, 61
Trd, 4318431.843, 60
Trd, 4318432.343, 60
Trd, 4318432.543, 60
Trd, 4318433.593, 60
Trd, 4318434.293, 62
Trd, 4318436.393, 60
Trd, 4318437.243, 63
Trd, 4318437.593, 62
Trd, 4318437.793, 61
Trd, 4318438.793, 60
Trd, 4318439.143, 61
Trd, 4318439.643, 62
Trd, 4318439.993, 65
Trd, 4318440.943, 61
Trd, 4318441.793, 63
Trd, 4318442.143, 63
Trd, 4318443.193, 93
Trd, 4318443.543, 89
Trd, 4318443.693, 64
Trd, 4318444.943, 140
Trd, 4318445.393, 140
Trd, 4318445.843, 140
Trd, 4318445.943, 140
Trd, 4318446.093, 135
Trd, 4318446.543, 60
Trd, 4318448.143, 63
Trd, 4318449.093, 62
Trd, 4318449.243, 63
Trd, 4318449.593, 139
Trd, 4318449.993, 68
Trd, 4318450.143, 61
Trd, 4318451.393, 139
Trd, 4318451.793, 84
Trd, 4318452.543, 140
Trd, 4318453.393, 63
Trd, 4318453.993, 65
Trd, 4318454.743, 60
Trd, 4318455.393, 62
Trd, 4318455.693, 140
Trd, 4318456.193, 66
Trd, 4318457.393, 65
Trd, 4318457.843, 81
Trd, 4318458.093, 65
Trd, 4318458.843, 69
Trd, 4318459.543, 70
Trd, 4318460.243, 140
Trd, 4318460.443, 137
Trd, 4318461.293, 139
Trd, 4318462.393, 60
Trd, 4318463.993, 63
Trd, 4318464.593, 64
Trd, 4318464.743, 62
Trd, 4318464.843, 60
Trd, 4318465.043, 69
Trd, 4318466.093, 60
Trd, 4318466.143, 61
Trd, 4318466.243, 61
Trd, 4318467.043, 61
Trd, 4318468.093, 140
Trd, 4318468.893, 66
Trd, 4318469.143, 64
Trd, 4318470.293, 62
Trd, 4318470.593, 64
Trd, 4318471.593, 71
Trd, 4318471.743, 68
Trd, 4318472.543, 140
Trd, 4318473.993, 140
Trd, 4318474.193, 140
Trd, 4318474.443, 140
Trd, 4318475.143, 140
Trd, 4318475.843, 140
Trd, 4318476.093, 139
Trd, 4318476.193, 102
Trd, 4318477.593, 64
Trd, 4318478.093, 64
Trd, 4318478.593, 64
Trd, 4318478.743, 74
Trd, 4318478.843, 63
Trd, 4318479.793, 140
Trd, 4318480.393, 140
Trd, 4318480.693, 139
Trd, 4318482.643, 61
Trd, 4318483.443, 60
Trd, 4318483.843, 60
Trd, 4318484.093, 64
Trd, 4318485.093, 60
Trd, 4318485.993, 60
Trd, 4318488.543, 62
Trd, 4318489.293, 62
Trd, 4318489.393, 60
Trd, 4318490.343, 60
Trd, 4318491.243, 60
Trd, 4318491.293, 62
Trd, 4318491.893, 61
Trd, 4318492.543, 61
Trd, 4318492.743, 60
Trd, 4318492.943, 65
Trd, 4318493.093, 68
Trd, 4318494.293, 81
Trd, 4318494.643, 65
Trd, 4318495.743, 69
Trd, 4318496.293, 70
Trd, 4318496.693, 139
Trd, 4318496.743, 65
Trd, 4318497.543, 98
Trd, 4318498.393, 60
Trd, 4318499.043, 138
Trd, 4318499.593, 139
Trd, 4318500.543, 140
Trd, 4318500.793, 140
Trd, 4318501.443, 140
Trd, 4318501.843, 140
Trd, 4318502.993, 140
Trd, 4318503.243, 140
Trd, 4318503.493, 140
Trd, 4318504.043, 139
Trd, 4318506.093, 140
Trd, 4318506.293, 140
Trd, 4318506.343, 140
Trd, 4318508.193, 140
Trd, 4318508.693, 140
Trd, 4318509.393, 140
Trd, 4318509.693, 139
Trd, 4318510.193, 137
Trd, 4318510.443, 102
Trd, 4318510.593, 74
Trd, 4318511.343, 120
Trd, 4318511.693, 61
Trd, 4318511.993, 66
Trd, 4318512.843, 105
Trd, 4318512.993, 104
Trd, 4318513.443, 138
Trd, 4318515.243, 60
Trd, 4318516.693, 68
Trd, 4318516.993, 71
Trd, 4318517.043, 65
Trd, 4318517.793, 60
Trd, 4318518.293, 61
Trd, 4318519.593, 60
Trd, 4318519.643, 61
Trd, 4318521.043, 61
Trd, 4318522.193, 61
Trd, 4318522.493, 64
Trd, 4318522.943, 140
Trd, 4318524.293, 65
Trd, 4318525.293, 60
Trd, 4318526.893, 60
Trd, 4318527.443, 63
Trd, 4318528.443, 60
Trd, 4318528.493, 60
Trd, 4318528.543, 60
Trd, 4318529.343, 61
Trd, 4318530.043, 61
Trd, 4318530.693, 69
Trd, 4318531.743, 62
Trd, 4318532.043, 62
Trd, 4318532.143, 63
Trd, 4318532.993, 65
Trd, 4318533.293, 73
Trd, 4318534.493, 63
Trd, 4318535.143, 72
Trd, 4318535.593, 62
Trd, 4318536.593, 61
Trd, 4318536.743, 61
Trd, 4318537.093, 68
Trd, 4318537.543, 63
Trd, 4318539.593, 60
Trd, 4318540.493, 61
Trd, 4318541.943, 62
Trd, 4318542.793, 63
Trd, 4318543.743, 63
Trd, 4318543.893, 64
Trd, 4318543.993, 65
Trd, 4318544.043, 65
Trd, 4318544.393, 70
Trd, 4318544.443, 61
Trd, 4318546.193, 60
Trd, 4318546.293, 62
Trd, 4318546.843, 65
Trd, 4318547.743, 139
Trd, 4318547.993, 115
Trd, 4318548.343, 114
Trd, 4318548.893, 60
Trd, 4318549.093, 111
Trd, 4318549.593, 60
Trd, 4318549.993, 64
Trd, 4318550.943, 105
Trd, 4318552.093, 138
Trd, 4318552.443, 138
Trd, 4318553.143, 140
Trd, 4318553.193, 139
Trd, 4318554.193, 140
Trd, 4318554.243, 140
Trd, 4318554.793, 140
Trd, 4318555.643, 140
Trd, 4318557.143, 140
Trd, 4318557.493, 140
Trd, 4318557.643, 138
Trd, 4318558.593, 140
Trd, 4318558.643, 138
Trd, 4318559.193, 108
Trd, 4318559.343, 86
Trd, 4318561.093, 63
Trd, 4318562.093, 61
Trd, 4318562.593, 61
Trd, 4318563.643, 60
Trd, 4318564.193, 66
Trd, 4318565.343, 67
Trd, 4318565.743, 66
Trd, 4318565.843, 62
Trd, 4318566.243, 60
Trd, 4318566.293, 61
Trd, 4318567.743, 68
Trd, 4318568.143, 64
Trd, 4318568.793, 140
Trd, 4318569.193, 60
Trd, 4318570.693, 60
Trd, 4318570.743, 63
Trd, 4318571.043, 70
Trd, 4318572.543, 69
Trd, 4318573.393, 62
Trd, 4318573.493, 111
Trd, 4318573.543, 61
Trd, 4318574.393, 60
Trd, 4318576.243, 60
Trd, 4318576.393, 61
Trd, 4318577.893, 61
Trd, 4318577.943, 63
Trd, 4318578.693, 60
Trd, 4318578.793, 61
Trd, 4318578.893, 63
Trd, 4318580.843, 60
Trd, 4318581.543, 61
Trd, 4318582.843, 61
Trd, 4318583.293, 61
Trd, 4318583.593, 67
Trd, 4318584.193, 67
Trd, 4318584.243, 64
Trd, 4318584.743, 65
Trd, 4318584.793, 67
Trd, 4318585.693, 139
Trd, 4318585.943, 68
Trd, 4318586.193, 64
Trd, 4318586.393, 77
Trd, 4318586.793, 63
Trd, 4318588.293, 139
Trd, 4318589.743, 64
Trd, 4318591.293, 60
Trd, 4318591.543, 60
Trd, 4318591.693, 80
Trd, 4318592.043, 76
Trd, 4318592.993, 83
Trd, 4318595.393, 60
Trd, 4318595.943, 62
Trd, 4318595.993, 62
Trd, 4318596.043, 64
Trd, 4318597.193, 60
Trd, 4318597.593, 60
Trd, 4318597.643, 62
Trd, 4318598.043, 62
Trd, 4318598.343, 62
Trd, 4318599.293, 65
Trd, 4318599.893, 113
Trd, 4318601.043, 114
Trd, 4318601.693, 140
Trd, 4318602.593, 60
Trd, 4318603.793, 65
Trd, 4318604.793, 61
Trd, 4318605.493, 140
Trd, 4318605.543, 140
Trd, 4318606.393, 140
Trd, 4318606.593, 140
Trd, 4318606.793, 139
Trd, 4318607.693, 67
Trd, 4318608.193, 64
Trd, 4318608.393, 65
Trd, 4318609.543, 61
Trd, 4318609.743, 64
Trd, 4318609.843, 73
Trd, 4318611.293, 62
Trd, 4318611.593, 64
Trd, 4318612.043, 61
Trd, 4318612.993, 63
Trd, 4318613.693, 63
Trd, 4318614.043, 63
Trd, 4318615.193, 64
Trd, 4318615.593, 66
Trd, 4318617.843, 65
Trd, 4318617.993, 66
Trd, 4318619.343, 61
Trd, 4318619.643, 66
Trd, 4318619.743, 67
Trd, 4318621.543, 61
Trd, 4318621.993, 62
Trd, 4318622.293, 63
Trd, 4318622.493, 63
Trd, 4318623.093, 65
Trd, 4318623.443, 62
Trd, 4318624.093, 81
Trd, 4318624.593, 84
Trd, 4318624.893, 67
Trd, 4318625.343, 69
Trd, 4318626.693, 61
Trd, 4318627.143, 68
Trd, 4318627.793, 60
Trd, 4318629.493, 60
Trd, 4318629.743, 60
Trd, 4318629.843, 61
Trd, 4318630.243, 61
Trd, 4318630.393, 62
Trd, 4318631.293, 61
Trd, 4318632.193, 61
Trd, 4318633.343, 63
Trd, 4318633.893, 64
Trd, 4318635.893, 66
Trd, 4318637.693, 60
Trd, 4318637.943, 62
Trd, 4318638.043, 64
Trd, 4318638.643, 64
Trd, 4318638.893, 66
Trd, 4318639.543, 72
Trd, 4318639.693, 71
Trd, 4318640.043, 77
Trd, 4318641.243, 140
Trd, 4318642.193, 140
Trd, 4318642.393, 140
Trd, 4318642.543, 140
Trd, 4318642.943, 140
Trd, 4318643.243, 140
Trd, 4318643.743, 140
Trd, 4318644.943, 140
Trd, 4318645.793, 140
Trd, 4318645.843, 140
Trd, 4318646.393, 140
Trd, 4318647.243, 136
Trd, 4318647.293, 118
Trd, 4318648.143, 90
Trd, 4318648.193, 88
Trd, 4318648.593, 134
Trd, 4318649.943, 60
Trd, 4318650.593, 60
Trd, 4318651.343, 61
Trd, 4318652.193, 62
Trd, 4318652.993, 140
Trd, 4318655.043, 61
Trd, 4318655.643, 61
Trd, 4318656.093, 62
Trd, 4318656.643, 64
Trd, 4318656.743, 73
Trd, 4318657.343, 69
Trd, 4318657.593, 138
Trd, 4318658.343, 68
Trd, 4318658.993, 70
Trd, 4318660.143, 63
Trd, 4318660.943, 63
Trd, 4318662.143, 60
Trd, 4318662.743, 61
Trd, 4318663.393, 62
Trd, 4318663.793, 70
Trd, 4318664.243, 60
Trd, 4318665.093, 66
Trd, 4318665.693, 62
Trd, 4318666.293, 66
Trd, 4318667.543, 60
Trd, 4318667.793, 61
Trd, 4318669.143, 60
Trd, 4318669.193, 60
Trd, 4318670.943, 60
Trd, 4318671.193, 61
Trd, 4318671.693, 65
Trd, 4318672.043, 140
Trd, 4318672.243, 64
Trd, 4318672.943, 77
Trd, 4318673.493, 76
Trd, 4318674.443, 62
Trd, 4318674.993, 67
Trd, 4318675.843, 62
Trd, 4318675.893, 67
Trd, 4318677.793, 60
Trd, 4318678.193, 61
Trd, 4318678.843, 64
Trd, 4318679.943, 62
Trd, 4318681.693, 60
Trd, 4318682.593, 63
Trd, 4318682.943, 60
Trd, 4318683.193, 61
Trd, 4318683.793, 61
Trd, 4318684.093, 95
Trd, 4318685.143, 140
Trd, 4318685.593, 140
Trd, 4318685.643, 139
Trd, 4318686.493, 64
Trd, 4318687.993, 60
Trd, 4318688.293, 62
Trd, 4318688.393, 62
Trd, 4318688.593, 62
Trd, 4318689.043, 67
Trd, 4318690.393, 138
Trd, 4318690.743, 138
Trd, 4318691.343, 60
Trd, 4318691.993, 139
Trd, 4318692.643, 124
Trd, 4318693.093, 121
Trd, 4318694.093, 129
Trd, 4318694.443, 134
Trd, 4318694.493, 130
Trd, 4318694.643, 96
Trd, 4318694.993, 140
Trd, 4318695.293, 73
Trd, 4318695.493, 72
Trd, 4318696.893, 67
Trd, 4318698.093, 140
Trd, 4318698.293, 140
Trd, 4318699.043, 140
Trd, 4318699.293, 140
Trd, 4318699.543, 106
Trd, 4318699.743, 65
Trd, 4318700.693, 140
Trd, 4318701.193, 140
Trd, 4318701.343, 140
Trd, 4318701.393, 140
Trd, 4318702.493, 140
Trd, 4318702.743, 139
Trd, 4318704.443, 139
Trd, 4318704.643, 64
Trd, 4318706.293, 60
Trd, 4318706.793, 64
Trd, 4318707.343, 63
Trd, 4318707.693, 61
Trd, 4318708.293, 61
Trd, 4318708.443, 60
Trd, 4318709.343, 61
Trd, 4318709.543, 64
Trd, 4318710.093, 62
Trd, 4318710.543, 61
Trd, 4318710.993, 67
Trd, 4318711.193, 60
Trd, 4318712.743, 65
Trd, 4318713.243, 62
Trd, 4318714.793, 60
Trd, 4318714.993, 62
Trd, 4318715.793, 64
Trd, 4318715.993, 64
Trd, 4318716.643, 137
Trd, 4318716.993, 103
Trd, 4318717.393, 135
Trd, 4318717.993, 136
Trd, 4318718.593, 140
Trd, 4318718.843, 134
Trd, 4318719.893, 117
Trd, 4318721.543, 60
Trd, 4318722.193, 66
Trd, 4318722.593, 61
Trd, 4318722.793, 74
Trd, 4318723.543, 140
Trd, 4318724.693, 140
Trd, 4318725.193, 140
Trd, 4318725.843, 138
Trd, 4318726.193, 138
Trd, 4318726.743, 140
Trd, 4318727.393, 140
Trd, 4318727.443, 139
Trd, 4318728.743, 140
Trd, 4318728.793, 139
Trd, 4318728.843, 137
Trd, 4318729.543, 140
Trd, 4318729.593, 106
Trd, 4318730.293, 76
Trd, 4318732.043, 61
Trd, 4318733.993, 63
Trd, 4318734.193, 65
Trd, 4318735.243, 63
Trd, 4318735.743, 61
Trd, 4318736.643, 67
Trd, 4318736.843, 66
Trd, 4318737.843, 60
Trd, 4318738.243, 60
Trd, 4318738.693, 60
Trd, 4318738.943, 63
Trd, 4318739.243, 70
Trd, 4318739.893, 63
Trd, 4318741.843, 67
Trd, 4318742.643, 63
Trd, 4318742.943, 62
Trd, 4318744.293, 61
Trd, 4318744.793, 62
Trd, 4318745.393, 92
Trd, 4318745.993, 61
Trd, 4318746.943, 69
Trd, 4318747.043, 77
Trd, 4318747.443, 78
Trd, 4318748.793, 140
Trd, 4318749.093, 140
Trd, 4318749.193, 140
Trd, 4318749.943, 76
Trd, 4318750.593, 139
Trd, 4318750.943, 117
Trd, 4318752.443, 60
Trd, 4318753.093, 60
Trd, 4318753.643, 62
Trd, 4318754.493, 61
Trd, 4318754.693, 60
Trd, 4318755.143, 63
Trd, 4318755.943, 61
Trd, 4318756.943, 69
Trd, 4318758.343, 66
Trd, 4318759.443, 61
Trd, 4318760.243, 61
Trd, 4318761.843, 60
Trd, 4318761.993, 60
Trd, 4318763.393, 60
Trd, 4318763.843, 60
Trd, 4318764.243, 61
Trd, 4318764.343, 61
Trd, 4318765.243, 63
Trd, 4318765.443, 66
Trd, 4318767.293, 60
Trd, 4318767.443, 63
Trd, 4318768.393, 60
Trd, 4318769.193, 60
Trd, 4318771.743, 62
Trd, 4318771.893, 62
Trd, 4318771.993, 63
Trd, 4318772.243, 61
Trd, 4318772.993, 67
Trd, 4318774.293, 65
Trd, 4318774.493, 64
Trd, 4318774.543, 63
Trd, 4318775.093, 68
Trd, 4318775.393, 62
Trd, 4318776.793, 60
Trd, 4318777.143, 61
Trd, 4318777.493, 67
Trd, 4318779.743, 60
Trd, 4318780.493, 60
Trd, 4318780.593, 62
Trd, 4318781.343, 60
Trd, 4318781.393, 61
Trd, 4318782.743, 62
Trd, 4318783.193, 69
Trd, 4318783.993, 60
Trd, 4318784.943, 62
Trd, 4318785.693, 65
Trd, 4318787.443, 60
Trd, 4318787.593, 60
Trd, 4318788.643, 60
Trd, 4318788.843, 64
Trd, 4318791.393, 63
Trd, 4318792.143, 60
Trd, 4318792.343, 61
Trd, 4318792.743, 63
Trd, 4318792.793, 63
Trd, 4318793.043, 64
Trd, 4318793.993, 140
Trd, 4318794.443, 140
Trd, 4318794.843, 134
Trd, 4318795.793, 140
Trd, 4318796.143, 140
Trd, 4318796.193, 140
Trd, 4318797.243, 64
Trd, 4318797.593, 139
Trd, 4318798.143, 60
Trd, 4318799.293, 73
Trd, 4318799.643, 63
Trd, 4318799.743, 61
Trd, 4318800.193, 82
Trd, 4318801.043, 136
Trd, 4318802.193, 67
Trd, 4318803.093, 63
Trd, 4318803.743, 61
Trd, 4318804.943, 63
Trd, 4318805.743, 61
Trd, 4318805.843, 64
Trd, 4318806.793, 65
Trd, 4318808.143, 60
Trd, 4318808.343, 65
Trd, 4318809.043, 140
Trd, 4318809.743, 140
Trd, 4318810.193, 140
Trd, 4318810.293, 139
Trd, 4318811.693, 66
Trd, 4318812.693, 60
Trd, 4318812.893, 63
Trd, 4318814.843, 60
Trd, 4318815.943, 60
Trd, 4318816.143, 64
Trd, 4318817.893, 60
Trd, 4318818.543, 62
Trd, 4318819.143, 63
Trd, 4318819.893, 64
Trd, 4318819.943, 97
Trd, 4318820.443, 136
Trd, 4318820.643, 135
Trd, 4318820.893, 88
Trd, 4318821.243, 62
Trd, 4318822.393, 63
Trd, 4318822.943, 67
Trd, 4318824.143, 65
Trd, 4318825.343, 61
Trd, 4318826.993, 61
Trd, 4318827.443, 60
Trd, 4318828.793, 60
Trd, 4318828.843, 61
Trd, 4318828.943, 62
Trd, 4318829.643, 60
Trd, 4318830.043, 60
Trd, 4318830.143, 75
Trd, 4318830.593, 63
Trd, 4318830.893, 64
Trd, 4318832.243, 66
Trd, 4318833.043, 140
Trd, 4318833.193, 140
Trd, 4318834.193, 140
Trd, 4318835.293, 140
Trd, 4318835.993, 140
Trd, 4318836.193, 137
Trd, 4318836.843, 136
Trd, 4318837.093, 140
Trd, 4318837.493, 111
Trd, 4318838.493, 140
Trd, 4318838.843, 140
Trd, 4318839.593, 138
Trd, 4318839.643, 137
Trd, 4318840.543, 104
Trd, 4318842.943, 140
Trd, 4318842.993, 140
Trd, 4318843.143, 140
Trd, 4318843.343, 140
Trd, 4318844.493, 140
Trd, 4318844.643, 140
Trd, 4318845.743, 139
Trd, 4318846.443, 140
Trd, 4318847.343, 140
Trd, 4318847.843, 140
Trd, 4318848.193, 140
Trd, 4318848.793, 138
Trd, 4318848.843, 110
Trd, 4318850.343, 62
Trd, 4318850.743, 61
Trd, 4318851.643, 61
Trd, 4318851.693, 61
Trd, 4318851.843, 74
Trd, 4318854.143, 66
Trd, 4318854.893, 61
Trd, 4318855.243, 75
Trd, 4318856.343, 61
Trd, 4318857.093, 66
Trd, 4318857.193, 60
Trd, 4318857.943, 66
Trd, 4318858.643, 140
Trd, 4318859.193, 112
Trd, 4318859.443, 66
Trd, 4318859.843, 62
Trd, 4318860.293, 62
Trd, 4318861.443, 61
Trd, 4318862.143, 62
Trd, 4318863.743, 63
Trd, 4318865.043, 66
Trd, 4318865.093, 66
Trd, 4318865.593, 68
Trd, 4318866.393, 60
Trd, 4318867.793, 60
Trd, 4318868.093, 63
Trd, 4318868.343, 61
Trd, 4318868.393, 65
Trd, 4318869.543, 67
Trd, 4318869.843, 70
Trd, 4318870.043, 64
Trd, 4318870.593, 65
Trd, 4318870.993, 66
Trd, 4318872.443, 65
Trd, 4318872.643, 96
Trd, 4318873.693, 75
Trd, 4318874.293, 71
Trd, 4318874.993, 140
Trd, 4318875.793, 140
Trd, 4318876.743, 140
Trd, 4318876.793, 139
Trd, 4318877.193, 140
Trd, 4318877.593, 110
Trd, 4318877.743, 70
Trd, 4318881.193, 60
Trd, 4318881.743, 61
Trd, 4318882.143, 65
Trd, 4318882.793, 61
Trd, 4318882.843, 64
Trd, 4318883.593, 66
Trd, 4318883.843, 63
Trd, 4318884.243, 76
Trd, 4318885.393, 74
Trd, 4318885.693, 71
Trd, 4318885.843, 98
Trd, 4318886.843, 60
Trd, 4318887.243, 60
Trd, 4318889.093, 140
Trd, 4318889.193, 140
Trd, 4318889.593, 140
Trd, 4318889.743, 140
Trd, 4318892.843, 60
Trd, 4318893.093, 62
Trd, 4318893.393, 140
Trd, 4318893.543, 140
Trd, 4318893.693, 138
Trd, 4318894.543, 140
Trd, 4318895.493, 140
Trd, 4318895.693, 140
Trd, 4318896.043, 140
Trd, 4318896.793, 140
Trd, 4318897.143, 140
Trd, 4318897.443, 140
Trd, 4318898.143, 101
Trd, 4318899.243, 71
Trd, 4318901.593, 61
Trd, 4318901.943, 60
Trd, 4318902.493, 60
Trd, 4318902.843, 60
Trd, 4318903.043, 61
Trd, 4318904.643, 140
Trd, 4318905.043, 139
Trd, 4318906.343, 60
Trd, 4318907.393, 64
Trd, 4318907.493, 66
Trd, 4318907.693, 75
Trd, 4318908.543, 75
Trd, 4318908.743, 75
Trd, 4318909.443, 77
Trd, 4318909.843, 70
Trd, 4318910.993, 61
Trd, 4318912.293, 61
Trd, 4318912.543, 62
Trd, 4318913.393, 61
Trd, 4318914.193, 61
Trd, 4318914.493, 61
Trd, 4318914.693, 62
Trd, 4318915.543, 60
Trd, 4318916.643, 67
Trd, 4318916.743, 67
Trd, 4318917.543, 82
Trd, 4318917.693, 100
Trd, 4318920.843, 60
Trd, 4318921.393, 60
Trd, 4318921.543, 61
Trd, 4318922.443, 62
Trd, 4318925.443, 61
Trd, 4318926.193, 61
Trd, 4318926.243, 61
Trd, 4318926.293, 65
Trd, 4318927.093, 63
Trd, 4318927.493, 63
Trd, 4318928.193, 63
Trd, 4318928.543, 63
Trd, 4318928.593, 62
Trd, 4318930.443, 140
Trd, 4318930.543, 138
Trd, 4318931.593, 123
Trd, 4318931.793, 122
Trd, 4318932.243, 78
Trd, 4318932.793, 139
Trd, 4318933.293, 107
Trd, 4318933.393, 106
Trd, 4318933.893, 140
Trd, 4318934.243, 139
Trd, 4318936.243, 61
Trd, 4318937.093, 140
Trd, 4318937.643, 140
Trd, 4318937.993, 108
Trd, 4318938.843, 104
Trd, 4318938.993, 102
Trd, 4318939.343, 100
Trd, 4318940.443, 66
Trd, 4318941.043, 140
Trd, 4318941.993, 128
Trd, 4318942.543, 140
Trd, 4318942.643, 139
Trd, 4318943.193, 138
Trd, 4318943.343, 130
Trd, 4318943.993, 123
Trd, 4318944.693, 81
Trd, 4318945.143, 79
Trd, 4318945.743, 140
Trd, 4318946.393, 73
Trd, 4318946.693, 71
Trd, 4318947.293, 72
Trd, 4318949.093, 140
Trd, 4318949.243, 140
Trd, 4318950.093, 140
Trd, 4318950.543, 140
Trd, 4318951.093, 140
Trd, 4318951.643, 140
Trd, 4318951.943, 140
Trd, 4318952.693, 140
Trd, 4318953.093, 87
Trd, 4318953.993, 140
Trd, 4318954.193, 140
Trd, 4318954.293, 140
Trd, 4318955.543, 98
Trd, 4318956.043, 140
Trd, 4318956.843, 77
Trd, 4318957.393, 140
Trd, 4318958.543, 73
Trd, 4318959.243, 62
Trd, 4318960.793, 63
Trd, 4318961.493, 62
Trd, 4318961.593, 64
Trd, 4318964.293, 61
Trd, 4318964.443, 61
Trd, 4318964.593, 61
Trd, 4318964.693, 62
Trd, 4318964.943, 62
Trd, 4318965.243, 61
Trd, 4318967.043, 64
Trd, 4318967.693, 61
Trd, 4318967.793, 61
Trd, 4318969.043, 60
Trd, 4318969.593, 61
Trd, 4318970.243, 68
Trd, 4318970.343, 74
Trd, 4318971.493, 61
Trd, 4318972.593, 61
Trd, 4318972.743, 61
Trd, 4318973.343, 64
Trd, 4318973.643, 66
Trd, 4318974.543, 67
Trd, 4318974.993, 67
Trd, 4318975.293, 77
Trd, 4318975.643, 68
Trd, 4318976.143, 140
Trd, 4318976.243, 139
Trd, 4318978.793, 60
Trd, 4318978.993, 60
Trd, 4318979.943, 61
Trd, 4318980.193, 61
Trd, 4318981.793, 66
Trd, 4318982.293, 64
Trd, 4318983.043, 65
Trd, 4318984.693, 60
Trd, 4318985.343, 62
Trd, 4318985.743, 60
Trd, 4318986.193, 60
Trd, 4318986.493, 63
Trd, 4318986.893, 61
Trd, 4318987.243, 61
Trd, 4318987.693, 64
Trd, 4318988.193, 60
Trd, 4318988.893, 63
Trd, 4318989.293, 67
Trd, 4318990.043, 72
Trd, 4318990.143, 63
Trd, 4318991.343, 64
Trd, 4318992.193, 67
Trd, 4318992.993, 65
Trd, 4318993.793, 65
Trd, 4318994.343, 63
Trd, 4318994.593, 64
Trd, 4318994.893, 60
Trd, 4318995.543, 63
Trd, 4318997.193, 66
Trd, 4318998.093, 60
Trd, 4319000.193, 61
Trd, 4319000.343, 61
Trd, 4319000.893, 61
Trd, 4319001.393, 60
Trd, 4319001.493, 62
Trd, 4319003.043, 63
Trd, 4319003.243, 64
Trd, 4319003.793, 64
Trd, 4319004.243, 62
Trd, 4319004.293, 68
Trd, 4319004.993, 78
Trd, 4319006.243, 140
Trd, 4319006.943, 140
Trd, 4319007.493, 139
Trd, 4319008.143, 64
Trd, 4319008.693, 60
Trd, 4319008.793, 61
Trd, 4319010.293, 60
Trd, 4319011.393, 63
Trd, 4319011.893, 62
Trd, 4319013.393, 60
Trd, 4319013.493, 61
Trd, 4319014.193, 61
Trd, 4319014.593, 61
Trd, 4319015.393, 64
Trd, 4319015.843, 65
Trd, 4319015.993, 67
Trd, 4319017.143, 140
Trd, 4319017.393, 140
Trd, 4319018.143, 139
Trd, 4319018.343, 140
Trd, 4319019.993, 140
Trd, 4319020.093, 140
Trd, 4319020.443, 140
Trd, 4319021.293, 140
Trd, 4319021.493, 103
Trd, 4319021.643, 140
Trd, 4319023.543, 62
Trd, 4319023.793, 69
Trd, 4319025.193, 60
Trd, 4319025.943, 60
Trd, 4319026.643, 64
Trd, 4319026.893, 62
Trd, 4319027.843, 60
Trd, 4319028.093, 61
Trd, 4319028.593, 62
Trd, 4319029.043, 65
Trd, 4319029.243, 61
Trd, 4319029.843, 61
Trd, 4319030.443, 66
Trd, 4319031.043, 64
Trd, 4319032.193, 65
Trd, 4319032.943, 65
Trd, 4319033.143, 63
Trd, 4319033.793, 63
Trd, 4319034.743, 61
Trd, 4319035.393, 61
Trd, 4319035.443, 67
Trd, 4319035.743, 101
Trd, 4319036.943, 64
Trd, 4319037.493, 68
Trd, 4319038.343, 107
Trd, 4319039.543, 62
Trd, 4319039.793, 61
Trd, 4319041.643, 61
Trd, 4319042.143, 62
Trd, 4319042.643, 64
Trd, 4319043.193, 140
Trd, 4319043.943, 140
Trd, 4319044.293, 140
Trd, 4319044.693, 140
Trd, 4319045.543, 140
Trd, 4319045.943, 140
Trd, 4319046.993, 140
Trd, 4319047.343, 139
Trd, 4319047.943, 140
Trd, 4319048.543, 140
Trd, 4319048.693, 140
Trd, 4319050.293, 137
Trd, 4319050.443, 136
Trd, 4319050.793, 103
Trd, 4319051.493, 138
Trd, 4319052.593, 140
Trd, 4319052.743, 139
Trd, 4319053.893, 140
Trd, 4319054.793, 140
Trd, 4319055.643, 140
Trd, 4319055.793, 139
Trd, 4319055.843, 139
Trd, 4319057.143, 140
Trd, 4319057.343, 140
Trd, 4319057.393, 139
Trd, 4319057.543, 121
Trd, 4319058.293, 140
Trd, 4319059.343, 140
Trd, 4319060.143, 140
Trd, 4319060.243, 140
Trd, 4319061.293, 140
Trd, 4319061.893, 140
Trd, 4319062.693, 138
Trd, 4319062.893, 138
Trd, 4319063.893, 140
Trd, 4319064.843, 139
Trd, 4319064.943, 138
Trd, 4319065.693, 140
Trd, 4319066.993, 140
Trd, 4319067.443, 140
Trd, 4319067.643, 140
Trd, 4319067.693, 139
Trd, 4319068.043, 140
Trd, 4319069.043, 140
Trd, 4319070.343, 140
Trd, 4319070.593, 140
Trd, 4319071.093, 140
Trd, 4319071.343, 140
Trd, 4319071.893, 140
Trd, 4319072.143, 140
Trd, 4319072.643, 110
Trd, 4319073.543, 140
Trd, 4319074.793, 61
Trd, 4319075.293, 62
Trd, 4319076.193, 140
Trd, 4319076.943, 140
Trd, 4319076.993, 140
Trd, 4319077.293, 140
Trd, 4319078.393, 140
Trd, 4319080.343, 140
Trd, 4319080.393, 140
Trd, 4319080.693, 139
Trd, 4319081.243, 140
Trd, 4319081.393, 115
Trd, 4319081.943, 117
Trd, 4319082.493, 68
Trd, 4319082.843, 62
Trd, 4319083.543, 62
Trd, 4319084.443, 63
Trd, 4319086.843, 60
Trd, 4319087.693, 60
Trd, 4319088.393, 60
Trd, 4319089.043, 61
Trd, 4319090.743, 60
Trd, 4319091.343, 62
Trd, 4319091.493, 64
Trd, 4319092.793, 61
Trd, 4319093.143, 62
Trd, 4319093.593, 64
Trd, 4319093.993, 66
Trd, 4319094.193, 64
Trd, 4319095.593, 60
Trd, 4319097.643, 61
Trd, 4319098.043, 63
Trd, 4319098.243, 64
Trd, 4319099.093, 62
Trd, 4319099.243, 60
Trd, 4319101.143, 63
Trd, 4319101.543, 63
Trd, 4319101.643, 64
Trd, 4319101.743, 62
Trd, 4319101.993, 65
Trd, 4319103.093, 63
Trd, 4319104.543, 60
Trd, 4319105.793, 61
Trd, 4319105.843, 62
Trd, 4319106.343, 64
Trd, 4319107.143, 62
Trd, 4319108.893, 61
Trd, 4319109.143, 60
Trd, 4319109.943, 60
Trd, 4319110.543, 61
Trd, 4319111.393, 60
Trd, 4319111.543, 60
Trd, 4319112.043, 62
Trd, 4319112.993, 62
Trd, 4319113.793, 62
Trd, 4319116.043, 60
Trd, 4319116.193, 60
Trd, 4319116.443, 60
Trd, 4319116.493, 61
Trd, 4319116.843, 61
Trd, 4319117.893, 60
Trd, 4319118.143, 60
Trd, 4319118.593, 65
Trd, 4319119.393, 64
Trd, 4319121.943, 61
Trd, 4319122.343, 61
Trd, 4319122.543, 62
Trd, 4319122.743, 62
Trd, 4319124.093, 60
Trd, 4319125.193, 60
Trd, 4319125.743, 65
Trd, 4319128.043, 60
Trd, 4319128.343, 60
Trd, 4319128.743, 63
Trd, 4319129.543, 62
Trd, 4319130.293, 66
Trd, 4319130.443, 66
Trd, 4319130.493, 65
Trd, 4319130.593, 64
Trd, 4319132.143, 60
Trd, 4319132.193, 62
Trd, 4319132.343, 61
Trd, 4319133.343, 92
Trd, 4319134.893, 60
Trd, 4319135.443, 62
Trd, 4319135.993, 76
Trd, 4319137.793, 60
Trd, 4319137.843, 62
Trd, 4319138.843, 60
Trd, 4319139.443, 62
Trd, 4319139.943, 63
Trd, 4319140.743, 63
Trd, 4319141.093, 63
Trd, 4319141.393, 60
Trd, 4319142.543, 140
Trd, 4319142.593, 140
Trd, 4319143.743, 140
Trd, 4319144.043, 139
Trd, 4319144.993, 140
Trd, 4319146.493, 140
Trd, 4319147.143, 140
Trd, 4319147.243, 140
Trd, 4319147.943, 140
Trd, 4319148.043, 140
Trd, 4319148.393, 140
Trd, 4319148.593, 139
Trd, 4319148.793, 139
Trd, 4319148.993, 103
Trd, 4319151.943, 140
Trd, 4319151.993, 140
Trd, 4319152.243, 139
Trd, 4319152.593, 140
Trd, 4319152.743, 139
Trd, 4319153.393, 140
Trd, 4319153.943, 114
Trd, 4319154.293, 107
Trd, 4319155.193, 140
Trd, 4319155.843, 106
Trd, 4319155.943, 98
Trd, 4319156.143, 98
Trd, 4319157.693, 139
Trd, 4319157.993, 138
Trd, 4319159.593, 61
Trd, 4319159.893, 82
Trd, 4319161.393, 140
Trd, 4319161.843, 140
Trd, 4319161.893, 140
Trd, 4319162.293, 136
Trd, 4319162.693, 127
Trd, 4319163.093, 125
Trd, 4319163.893, 104
Trd, 4319164.293, 60
Trd, 4319165.743, 60
Trd, 4319165.893, 61
Trd, 4319166.393, 61
Trd, 4319168.593, 60
Trd, 4319169.293, 60
Trd, 4319169.893, 61
Trd, 4319171.143, 60
Trd, 4319171.293, 62
Trd, 4319171.343, 63
Trd, 4319171.693, 63
Trd, 4319172.093, 73
Trd, 4319172.693, 60
Trd, 4319172.893, 60
Trd, 4319173.143, 93
Trd, 4319173.493, 66
Trd, 4319173.843, 62
Trd, 4319174.343, 63
Trd, 4319174.693, 61
Trd, 4319175.843, 66
Trd, 4319176.993, 64
Trd, 4319177.043, 69
Trd, 4319178.943, 60
Trd, 4319179.943, 60
Trd, 4319180.193, 60
Trd, 4319181.593, 61
Trd, 4319181.893, 61
Trd, 4319182.193, 62
Trd, 4319182.493, 63
Trd, 4319182.543, 62
Trd, 4319182.593, 64
Trd, 4319184.293, 60
Trd, 4319184.993, 61
Trd, 4319185.593, 62
Trd, 4319186.343, 62
Trd, 4319186.693, 124
Trd, 4319187.093, 134
Trd, 4319189.493, 60
Trd, 4319190.443, 60
Trd, 4319191.193, 62
Trd, 4319191.993, 64
Trd, 4319192.743, 61
Trd, 4319192.993, 60
Trd, 4319193.343, 61
Trd, 4319193.493, 117
Trd, 4319194.993, 60
Trd, 4319196.543, 62
Trd, 4319197.443, 63
Trd, 4319197.943, 68
Trd, 4319199.043, 69
Trd, 4319199.743, 61
Trd, 4319200.943, 61
Trd, 4319202.543, 60
Trd, 4319204.043, 60
Trd, 4319204.193, 60
Trd, 4319204.893, 60
Trd, 4319205.593, 63
Trd, 4319205.993, 61
Trd, 4319206.143, 65
Trd, 4319206.393, 61
Trd, 4319206.593, 128
Trd, 4319207.093, 139
Trd, 4319207.893, 140
Trd, 4319207.993, 138
Trd, 4319209.593, 140
Trd, 4319209.743, 140
Trd, 4319209.893, 139
Trd, 4319210.143, 133
Trd, 4319210.793, 108
Trd, 4319211.493, 61
Trd, 4319213.143, 61
Trd, 4319214.043, 65
Trd, 4319215.043, 61
Trd, 4319215.143, 62
Trd, 4319215.543, 63
Trd, 4319215.693, 62
Trd, 4319215.843, 137
Trd, 4319215.993, 98
Trd, 4319216.343, 61
Trd, 4319217.243, 63
Trd, 4319218.143, 63
Trd, 4319218.893, 63
Trd, 4319221.043, 65
Trd, 4319221.843, 140
Trd, 4319222.643, 140
Trd, 4319223.293, 139
Trd, 4319223.443, 139
Trd, 4319223.643, 115
Trd, 4319224.843, 140
Trd, 4319225.293, 140
Trd, 4319225.543, 140
Trd, 4319226.893, 140
Trd, 4319227.243, 140
Trd, 4319227.893, 140
Trd, 4319228.043, 140
Trd, 4319228.293, 139
Trd, 4319228.743, 140
Trd, 4319228.943, 113
Trd, 4319230.343, 62
Trd, 4319230.543, 72
Trd, 4319231.293, 140
Trd, 4319231.593, 140
Trd, 4319232.193, 140
Trd, 4319233.343, 140
Trd, 4319233.943, 140
Trd, 4319234.793, 140
Trd, 4319235.293, 140
Trd, 4319235.543, 140
Trd, 4319236.893, 140
Trd, 4319237.543, 140
Trd, 4319237.943, 140
Trd, 4319238.443, 140
Trd, 4319238.593, 137
Trd, 4319238.743, 105
Trd, 4319240.593, 140
Trd, 4319240.643, 138
Trd, 4319240.993, 101
Trd, 4319242.193, 139
Trd, 4319242.993, 139
Trd, 4319243.043, 138
Trd, 4319243.493, 138
Trd, 4319244.743, 140
Trd, 4319245.093, 140
Trd, 4319245.793, 134
Trd, 4319246.093, 134
Trd, 4319246.293, 113
Trd, 4319248.593, 60
Trd, 4319248.843, 98
Trd, 4319249.993, 60
Trd, 4319251.043, 62
Trd, 4319251.343, 64
Trd, 4319251.393, 63
Trd, 4319251.543, 62
Trd, 4319252.043, 61
Trd, 4319252.893, 66
Trd, 4319253.293, 67
Trd, 4319253.443, 62
Trd, 4319254.143, 63
Trd, 4319254.343, 62
Trd, 4319254.593, 73
Trd, 4319255.943, 140
Trd, 4319256.243, 140
Trd, 4319257.193, 63
Trd, 4319257.243, 65
Trd, 4319257.693, 61
Trd, 4319258.993, 140
Trd, 4319259.493, 140
Trd, 4319259.993, 91
Trd, 4319261.793, 60
Trd, 4319263.043, 62
Trd, 4319263.893, 73
Trd, 4319264.193, 62
Trd, 4319264.743, 140
Trd, 4319265.143, 140
Trd, 4319265.743, 140
Trd, 4319268.093, 140
Trd, 4319268.243, 140
Trd, 4319268.443, 140
Trd, 4319268.493, 138
Trd, 4319269.593, 140
Trd, 4319269.893, 140
Trd, 4319270.593, 115
Trd, 4319271.393, 139
Trd, 4319271.593, 86
Trd, 4319272.243, 73
Trd, 4319273.443, 62
Trd, 4319274.593, 60
Trd, 4319276.493, 60
Trd, 4319276.793, 63
Trd, 4319276.943, 64
Trd, 4319280.143, 60
Trd, 4319280.243, 61
Trd, 4319280.843, 61
Trd, 4319282.043, 60
Trd, 4319282.343, 63
Trd, 4319283.943, 60
Trd, 4319283.993, 62
Trd, 4319284.843, 61
Trd, 4319285.693, 64
Trd, 4319285.943, 65
Trd, 4319286.093, 64
Trd, 4319287.743, 62
Trd, 4319289.793, 61
Trd, 4319290.593, 61
Trd, 4319290.743, 62
Trd, 4319290.993, 62
Trd, 4319291.193, 62
Trd, 4319291.893, 61
Trd, 4319291.993, 62
Trd, 4319292.193, 60
Trd, 4319292.643, 89
Trd, 4319294.243, 60
Trd, 4319295.493, 60
Trd, 4319296.043, 60
Trd, 4319296.143, 69
Trd, 4319296.443, 70
Trd, 4319296.593, 60
Trd, 4319297.743, 62
Trd, 4319298.393, 62
Trd, 4319300.093, 60
Trd, 4319300.243, 65
Trd, 4319301.243, 69
Trd, 4319301.393, 66
Trd, 4319301.493, 64
Trd, 4319302.593, 60
Trd, 4319302.993, 62
Trd, 4319304.043, 140
Trd, 4319304.593, 140
Trd, 4319304.843, 140
Trd, 4319304.893, 139
Trd, 4319305.843, 139
Trd, 4319306.243, 140
Trd, 4319306.993, 140
Trd, 4319307.243, 140
Trd, 4319307.643, 140
Trd, 4319308.093, 140
Trd, 4319309.143, 82
Trd, 4319310.243, 127
Trd, 4319310.493, 140
Trd, 4319310.843, 139
Trd, 4319311.143, 104
Trd, 4319312.143, 140
Trd, 4319312.193, 137
Trd, 4319313.093, 96
Trd, 4319313.993, 121
Trd, 4319314.193, 62
Trd, 4319315.893, 63
Trd, 4319315.993, 64
Trd, 4319317.293, 140
Trd, 4319317.543, 140
Trd, 4319317.893, 140
Trd, 4319318.043, 140
Trd, 4319318.743, 138
Trd, 4319319.243, 139
Trd, 4319321.243, 63
Trd, 4319321.693, 60
Trd, 4319321.843, 68
Trd, 4319322.143, 140
Trd, 4319323.643, 60
Trd, 4319324.393, 65
Trd, 4319324.643, 68
Trd, 4319324.793, 68
Trd, 4319324.843, 64
Trd, 4319325.443, 67
Trd, 4319327.193, 140
Trd, 4319327.243, 140
Trd, 4319327.443, 103
Trd, 4319328.493, 139
Trd, 4319328.743, 95
Trd, 4319328.893, 94
Trd, 4319329.893, 139
Trd, 4319331.043, 60
Trd, 4319332.243, 140
Trd, 4319333.493, 140
Trd, 4319333.593, 140
Trd, 4319333.993, 140
Trd, 4319334.443, 62
Trd, 4319335.743, 61
Trd, 4319336.543, 63
Trd, 4319336.893, 72
Trd, 4319337.693, 62
Trd, 4319337.743, 72
Trd, 4319337.993, 60
Trd, 4319338.193, 138
Trd, 4319339.293, 62
Trd, 4319340.193, 61
Trd, 4319342.643, 60
Trd, 4319343.243, 65
Trd, 4319343.993, 61
Trd, 4319344.393, 63
Trd, 4319345.893, 60
Trd, 4319346.693, 65
Trd, 4319346.893, 66
Trd, 4319347.093, 63
Trd, 4319349.193, 140
Trd, 4319349.743, 140
Trd, 4319350.193, 140
Trd, 4319350.593, 140
Trd, 4319351.393, 140
Trd, 4319351.643, 139
Trd, 4319352.143, 140
Trd, 4319353.543, 140
Trd, 4319353.793, 140
Trd, 4319354.393, 140
Trd, 4319354.843, 140
Trd, 4319355.193, 140
Trd, 4319355.843, 139
Trd, 4319356.243, 139
Trd, 4319356.293, 119
Trd, 4319356.443, 140
Trd, 4319357.243, 106
Trd, 4319357.443, 105
Trd, 4319359.293, 73
Trd, 4319359.843, 140
Trd, 4319360.693, 140
Trd, 4319361.343, 140
Trd, 4319362.443, 139
Trd, 4319362.843, 140
Trd, 4319363.143, 135
Trd, 4319363.243, 77
Trd, 4319363.843, 138
Trd, 4319365.143, 140
Trd, 4319365.243, 140
Trd, 4319365.293, 140
Trd, 4319368.093, 60
Trd, 4319369.693, 60
Trd, 4319369.943, 61
Trd, 4319370.293, 62
Trd, 4319370.443, 76
Trd, 4319371.143, 60
Trd, 4319372.643, 60
Trd, 4319373.493, 60
Trd, 4319373.943, 62
Trd, 4319374.543, 62
Trd, 4319376.443, 62
Trd, 4319378.293, 60
Trd, 4319378.443, 60
Trd, 4319378.643, 61
Trd, 4319378.793, 65
Trd, 4319379.343, 61
Trd, 4319379.643, 61
Trd, 4319379.693, 62
Trd, 4319380.243, 108
Trd, 4319380.643, 90
Trd, 4319381.543, 140
Trd, 4319381.793, 103
Trd, 4319381.843, 101
Trd, 4319383.443, 64
Trd, 4319383.893, 71
Trd, 4319385.093, 64
Trd, 4319385.893, 67
Trd, 4319386.243, 60
Trd, 4319387.293, 65
Trd, 4319387.743, 68
Trd, 4319387.943, 67
Trd, 4319388.493, 64
Trd, 4319389.193, 139
Trd, 4319389.943, 103
Trd, 4319390.793, 140
Trd, 4319391.043, 139
Trd, 4319391.293, 138
Trd, 4319391.593, 136
Trd, 4319392.093, 135
Trd, 4319393.893, 60
Trd, 4319394.193, 62
Trd, 4319394.843, 60
Trd, 4319396.143, 60
Trd, 4319396.493, 60
Trd, 4319397.193, 61
Trd, 4319397.743, 61
Trd, 4319398.193, 70
Trd, 4319398.743, 60
Trd, 4319398.793, 66
Trd, 4319399.093, 60
Trd, 4319399.843, 104
Trd, 4319401.093, 62
Trd, 4319401.393, 65
Trd, 4319402.343, 73
Trd, 4319403.293, 62
Trd, 4319404.143, 63
Trd, 4319404.643, 62
Trd, 4319404.843, 105
Trd, 4319405.693, 60
Trd, 4319405.843, 62
Trd, 4319406.143, 140
Trd, 4319406.543, 140
Trd, 4319407.293, 62
Trd, 4319408.893, 62
Trd, 4319409.893, 63
Trd, 4319410.443, 61
Trd, 4319411.143, 62
Trd, 4319412.793, 60
Trd, 4319414.293, 60
Trd, 4319414.343, 61
Trd, 4319414.843, 62
Trd, 4319415.193, 65
Trd, 4319415.393, 64
Trd, 4319415.493, 63
Trd, 4319415.743, 114
Trd, 4319416.093, 63
Trd, 4319417.043, 140
Trd, 4319417.643, 140
Trd, 4319419.743, 140
Trd, 4319420.443, 140
Trd, 4319420.543, 140
Trd, 4319420.693, 140
Trd, 4319420.893, 140
Trd, 4319421.093, 137
Trd, 4319421.193, 73
Trd, 4319421.993, 138
Trd, 4319423.343, 60
Trd, 4319423.643, 62
Trd, 4319424.093, 65
Trd, 4319424.743, 69
Trd, 4319426.593, 64
Trd, 4319429.443, 60
Trd, 4319429.843, 60
Trd, 4319429.943, 61
Trd, 4319430.093, 61
Trd, 4319430.243, 62
Trd, 4319431.443, 67
Trd, 4319431.843, 66
Trd, 4319432.043, 62
Trd, 4319432.643, 62
Trd, 4319432.943, 118
Trd, 4319434.843, 61
Trd, 4319435.243, 60
Trd, 4319436.843, 62
Trd, 4319437.093, 60
Trd, 4319437.643, 61
Trd, 4319438.143, 60
Trd, 4319438.993, 61
Trd, 4319440.443, 61
Trd, 4319442.243, 60
Trd, 4319442.543, 60
Trd, 4319443.093, 62
Trd, 4319443.493, 61
Trd, 4319444.393, 60
Trd, 4319444.543, 60
Trd, 4319444.843, 60
Trd, 4319445.093, 60
Trd, 4319445.593, 61
Trd, 4319445.893, 84
Trd, 4319447.093, 63
Trd, 4319447.243, 61
Trd, 4319448.343, 60
Trd, 4319449.243, 60
Trd, 4319450.743, 62
Trd, 4319451.093, 60
Trd, 4319452.343, 61
Trd, 4319453.893, 60
Trd, 4319455.043, 60
Trd, 4319455.243, 69
Trd, 4319455.343, 74
Trd, 4319456.243, 60
Trd, 4319456.843, 63
Trd, 4319457.143, 66
Trd, 4319457.593, 62
Trd, 4319458.993, 66
Trd, 4319459.293, 68
Trd, 4319459.993, 61
Trd, 4319460.593, 62
Trd, 4319461.143, 60
Trd, 4319461.593, 67
Trd, 4319464.143, 60
Trd, 4319464.943, 60
Trd, 4319465.093, 61
Trd, 4319465.793, 62
Trd, 4319465.893, 62
Trd, 4319466.643, 73
Trd, 4319466.943, 63
Trd, 4319468.393, 60
Trd, 4319468.693, 61
Trd, 4319470.093, 60
Trd, 4319470.143, 61
Trd, 4319470.593, 61
Trd, 4319472.193, 62
Trd, 4319472.793, 62
Trd, 4319473.393, 68
Trd, 4319474.143, 62
Trd, 4319474.643, 62
Trd, 4319475.343, 68
Trd, 4319475.593, 83
Trd, 4319475.893, 66
Trd, 4319476.693, 140
Trd, 4319477.443, 140
Trd, 4319477.693, 139
Trd, 4319477.893, 138
Trd, 4319478.293, 139
Trd, 4319480.243, 87
Trd, 4319480.743, 84
Trd, 4319480.893, 83
Trd, 4319481.443, 68
Trd, 4319482.643, 61
Trd, 4319482.993, 61
Trd, 4319484.093, 140
Trd, 4319484.493, 140
Trd, 4319484.643, 140
Trd, 4319485.943, 60
Trd, 4319486.643, 67
Trd, 4319486.843, 60
Trd, 4319489.493, 60
Trd, 4319489.793, 61
Trd, 4319490.443, 60
Trd, 4319490.743, 61
Trd, 4319491.993, 60
Trd, 4319492.043, 61
Trd, 4319492.993, 82
Trd, 4319493.793, 61
Trd, 4319494.193, 61
Trd, 4319494.593, 61
Trd, 4319495.543, 60
Trd, 4319495.843, 60
Trd, 4319496.193, 60
Trd, 4319496.443, 61
Trd, 4319496.793, 66
Trd, 4319497.843, 140
Trd, 4319497.943, 140
Trd, 4319498.893, 66
Trd, 4319500.043, 61
Trd, 4319500.743, 65
Trd, 4319500.993, 66
Trd, 4319503.193, 61
Trd, 4319503.443, 65
Trd, 4319504.293, 60
Trd, 4319504.493, 61
Trd, 4319506.443, 61
Trd, 4319506.543, 62
Trd, 4319507.343, 63
Trd, 4319507.893, 67
Trd, 4319508.093, 107
Trd, 4319508.543, 61
Trd, 4319510.093, 60
Trd, 4319510.843, 62
Trd, 4319510.943, 61
Trd, 4319511.093, 63
Trd, 4319512.193, 69
Trd, 4319514.543, 60
Trd, 4319515.843, 61
Trd, 4319516.043, 60
Trd, 4319516.193, 61
Trd, 4319516.543, 60
Trd, 4319517.193, 63
Trd, 4319517.543, 67
Trd, 4319517.793, 63
Trd, 4319518.093, 62
Trd, 4319518.893, 62
Trd, 4319519.993, 65
Trd, 4319520.743, 140
Trd, 4319521.093, 140
Trd, 4319523.343, 60
Trd, 4319523.543, 64
Trd, 4319524.243, 61
Trd, 4319525.793, 60
Trd, 4319526.343, 60
Trd, 4319526.643, 60
Trd, 4319526.843, 62
Trd, 4319527.493, 61
Trd, 4319527.843, 62
Trd, 4319528.043, 62
Trd, 4319528.243, 64
Trd, 4319528.943, 60
Trd, 4319532.343, 62
Trd, 4319532.843, 62
Trd, 4319533.643, 61
Trd, 4319534.843, 61
Trd, 4319537.743, 62
Trd, 4319537.793, 63
Trd, 4319539.043, 60
Trd, 4319539.243, 60
Trd, 4319540.243, 62
Trd, 4319540.543, 64
Trd, 4319541.443, 63
Trd, 4319541.693, 69
Trd, 4319541.993, 139
Trd, 4319542.393, 67
Trd, 4319542.793, 71
Trd, 4319543.543, 69
Trd, 4319545.643, 60
Trd, 4319545.793, 64
Trd, 4319546.143, 68
Trd, 4319547.493, 60
Trd, 4319548.393, 63
Trd, 4319549.043, 64
Trd, 4319549.343, 66
Trd, 4319551.393, 61
Trd, 4319551.743, 63
Trd, 4319552.393, 60
Trd, 4319552.743, 62
Trd, 4319553.143, 61
Trd, 4319553.693, 61
Trd, 4319553.843, 64
Trd, 4319554.793, 62
Trd, 4319554.993, 70
Trd, 4319555.593, 140
Trd, 4319555.843, 140
Trd, 4319555.943, 61
Trd, 4319556.043, 67
Trd, 4319557.893, 140
Trd, 4319558.293, 140
Trd, 4319558.693, 140
Trd, 4319559.043, 138
Trd, 4319559.443, 107
Trd, 4319559.943, 139
Trd, 4319560.793, 140
Trd, 4319561.343, 140
Trd, 4319562.143, 140
Trd, 4319563.093, 140
Trd, 4319563.143, 140
Trd, 4319563.793, 140
Trd, 4319564.193, 68
Trd, 4319565.043, 61
Trd, 4319565.693, 139
Trd, 4319567.543, 60
Trd, 4319567.743, 61
Trd, 4319568.093, 67
Trd, 4319569.693, 60
Trd, 4319570.593, 60
Trd, 4319570.743, 61
Trd, 4319571.343, 62
Trd, 4319571.693, 60
Trd, 4319571.993, 61
Trd, 4319573.293, 61
Trd, 4319574.093, 60
Trd, 4319575.243, 60
Trd, 4319578.093, 60
Trd, 4319580.093, 64
Trd, 4319580.143, 64
Trd, 4319580.343, 68
Trd, 4319580.543, 76
Trd, 4319580.943, 129
Trd, 4319581.393, 72
Trd, 4319581.943, 73
Trd, 4319582.043, 71
Trd, 4319582.243, 70
Trd, 4319583.443, 67
Trd, 4319584.593, 140
Trd, 4319584.743, 140
Trd, 4319585.293, 60
Trd, 4319586.043, 68
Trd, 4319586.893, 74
Trd, 4319587.193, 128
Trd, 4319587.543, 125
Trd, 4319587.793, 71
Trd, 4319588.343, 71
Trd, 4319589.093, 139
Trd, 4319589.493, 140
Trd, 4319590.443, 137
Trd, 4319590.693, 61
Trd, 4319591.343, 68
Trd, 4319591.843, 60
Trd, 4319593.093, 61
Trd, 4319594.893, 140
Trd, 4319595.143, 140
Trd, 4319595.293, 140
Trd, 4319596.043, 140
Trd, 4319596.243, 140
Trd, 4319596.293, 139
Trd, 4319596.743, 140
Trd, 4319597.443, 81
Trd, 4319599.593, 140
Trd, 4319601.593, 140
Trd, 4319601.643, 140
Trd, 4319601.993, 140
Trd, 4319602.293, 139
Trd, 4319602.393, 139
Trd, 4319602.843, 108
Trd, 4319603.443, 61
Trd, 4319603.743, 62
Trd, 4319605.743, 61
Trd, 4319606.543, 60
Trd, 4319606.893, 62
Trd, 4319607.543, 60
Trd, 4319608.093, 60
Trd, 4319609.043, 140
Trd, 4319609.343, 140
Trd, 4319609.443, 139
Trd, 4319609.993, 138
Trd, 4319611.143, 140
Trd, 4319612.193, 140
Trd, 4319612.343, 140
Trd, 4319613.093, 140
Trd, 4319613.193, 140
Trd, 4319613.593, 140
Trd, 4319613.893, 106
Trd, 4319614.393, 83
Trd, 4319615.093, 138
Trd, 4319615.543, 138
Trd, 4319616.343, 140
Trd, 4319616.393, 140
Trd, 4319617.143, 140
Trd, 4319617.843, 63
Trd, 4319618.443, 63
Trd, 4319619.143, 61
Trd, 4319619.243, 74
Trd, 4319619.793, 62
Trd, 4319620.193, 140
Trd, 4319620.593, 140
Trd, 4319621.593, 139
Trd, 4319622.893, 140
Trd, 4319623.193, 140
Trd, 4319623.243, 138
Trd, 4319623.443, 113
Trd, 4319624.143, 89
Trd, 4319625.843, 60
Trd, 4319625.893, 123
Trd, 4319626.843, 140
Trd, 4319627.043, 140
Trd, 4319627.243, 140
Trd, 4319627.743, 140
Trd, 4319627.893, 114
Trd, 4319628.143, 140
Trd, 4319628.643, 124
Trd, 4319629.093, 139
Trd, 4319630.743, 62
Trd, 4319631.243, 62
Trd, 4319632.093, 140
Trd, 4319633.743, 63
Trd, 4319634.093, 64
Trd, 4319634.393, 76
Trd, 4319634.443, 62
Trd, 4319634.843, 140
Trd, 4319635.093, 62
Trd, 4319636.693, 139
Trd, 4319638.793, 140
Trd, 4319638.993, 140
Trd, 4319639.643, 140
Trd, 4319640.593, 139
Trd, 4319640.643, 139
Trd, 4319641.393, 140
Trd, 4319641.943, 140
Trd, 4319642.393, 139
Trd, 4319642.843, 106
Trd, 4319642.943, 105
Trd, 4319643.193, 78
Trd, 4319644.143, 127
Trd, 4319644.543, 125
Trd, 4319645.093, 138
Trd, 4319646.743, 61
Trd, 4319646.793, 69
Trd, 4319647.993, 140
Trd, 4319648.893, 60
Trd, 4319649.443, 61
Trd, 4319649.843, 63
Trd, 4319651.043, 86
Trd, 4319651.243, 69
Trd, 4319652.493, 139
Trd, 4319653.093, 140
Trd, 4319653.493, 140
Trd, 4319655.193, 140
Trd, 4319655.793, 140
Trd, 4319656.143, 136
Trd, 4319656.343, 116
Trd, 4319656.593, 137
Trd, 4319657.093, 139
Trd, 4319657.493, 67
Trd, 4319658.343, 63
Trd, 4319659.543, 103
Trd, 4319659.943, 103
Trd, 4319660.093, 102
Trd, 4319660.943, 82
Trd, 4319661.143, 140
Trd, 4319661.993, 140
Trd, 4319662.393, 137
Trd, 4319664.743, 61
Trd, 4319664.943, 60
Trd, 4319665.443, 60
Trd, 4319665.843, 62
Trd, 4319666.593, 108
Trd, 4319667.743, 74
Trd, 4319668.743, 68
Trd, 4319669.043, 67
Trd, 4319669.243, 124
Trd, 4319669.593, 81
Trd, 4319669.793, 66
Trd, 4319670.243, 140
Trd, 4319671.193, 140
Trd, 4319671.543, 96
Trd, 4319672.243, 62
Trd, 4319672.893, 61
Trd, 4319672.993, 61
Trd, 4319674.493, 61
Trd, 4319676.293, 60
Trd, 4319677.243, 61
Trd, 4319678.643, 61
Trd, 4319679.343, 60
Trd, 4319679.493, 60
Trd, 4319679.893, 61
Trd, 4319680.193, 72
Trd, 4319681.743, 62
Trd, 4319681.993, 60
Trd, 4319682.943, 61
Trd, 4319683.393, 62
Trd, 4319684.243, 60
Trd, 4319684.343, 63
Trd, 4319684.843, 69
Trd, 4319688.043, 60
Trd, 4319688.093, 60
Trd, 4319690.093, 60
Trd, 4319691.693, 62
Trd, 4319692.093, 61
Trd, 4319692.243, 61
Trd, 4319692.943, 61
Trd, 4319693.043, 62
Trd, 4319693.643, 137
Trd, 4319694.193, 89
Trd, 4319695.093, 62
Trd, 4319695.893, 60
Trd, 4319696.493, 60
Trd, 4319699.093, 60
Trd, 4319699.443, 60
Trd, 4319699.943, 61
Trd, 4319700.593, 61
Trd, 4319700.643, 62
Trd, 4319701.243, 74
Trd, 4319701.543, 74
Trd, 4319702.243, 140
Trd, 4319702.393, 124
Trd, 4319703.393, 140
Trd, 4319703.793, 95
Trd, 4319703.843, 81
Trd, 4319704.443, 61
Trd, 4319704.643, 64
Trd, 4319706.543, 61
Trd, 4319706.943, 62
Trd, 4319709.593, 61
Trd, 4319710.643, 63
Trd, 4319710.793, 64
Trd, 4319711.093, 62
Trd, 4319711.843, 70
Trd, 4319712.943, 63
Trd, 4319713.243, 62
Trd, 4319714.493, 60
Trd, 4319714.543, 63
Trd, 4319717.693, 60
Trd, 4319718.243, 60
Trd, 4319718.743, 61
Trd, 4319718.993, 60
Trd, 4319719.143, 61
Trd, 4319720.343, 61
Trd, 4319720.843, 63
Trd, 4319721.993, 61
Trd, 4319722.093, 66
Trd, 4319723.643, 61
Trd, 4319723.843, 60
Trd, 4319724.693, 60
Trd, 4319725.093, 62
Trd, 4319725.343, 65
Trd, 4319725.743, 60
Trd, 4319726.043, 64
Trd, 4319726.643, 61
Trd, 4319727.493, 64
Trd, 4319729.293, 64
Trd, 4319730.243, 60
Trd, 4319730.743, 62
Trd, 4319733.843, 63
Trd, 4319735.393, 60
Trd, 4319735.743, 60
Trd, 4319736.043, 61
Trd, 4319736.193, 61
Trd, 4319736.493, 62
Trd, 4319736.593, 62
Trd, 4319737.093, 67
Trd, 4319737.593, 66
Trd, 4319738.743, 66
Trd, 4319738.893, 68
Trd, 4319739.793, 140
Trd, 4319739.843, 101
Trd, 4319740.143, 60
Trd, 4319740.843, 60
Trd, 4319742.243, 61
Trd, 4319743.443, 63
Trd, 4319745.493, 61
Trd, 4319746.493, 60
Trd, 4319747.043, 60
Trd, 4319748.593, 61
Trd, 4319749.693, 64
Trd, 4319749.843, 64
Trd, 4319750.443, 65
Trd, 4319750.693, 68
Trd, 4319750.793, 75
Trd, 4319751.743, 65
Trd, 4319751.893, 64
Trd, 4319752.243, 68
Trd, 4319753.193, 140
Trd, 4319753.443, 140
Trd, 4319753.793, 140
Trd, 4319754.693, 140
Trd, 4319754.893, 140
Trd, 4319755.593, 140
Trd, 4319755.643, 116
Trd, 4319756.693, 140
Trd, 4319757.143, 111
Trd, 4319757.593, 111
Trd, 4319758.793, 139
Trd, 4319758.943, 138
Trd, 4319759.093, 106
Trd, 4319760.243, 61
Trd, 4319761.893, 60
Trd, 4319762.243, 63
Trd, 4319762.893, 61
Trd, 4319763.443, 60
Trd, 4319763.943, 61
Trd, 4319765.143, 61
Trd, 4319765.993, 61
Trd, 4319766.193, 61
Trd, 4319766.543, 61
Trd, 4319766.793, 62
Trd, 4319767.493, 125
Trd, 4319767.543, 124
Trd, 4319768.293, 135
Trd, 4319770.043, 64
Trd, 4319770.693, 60
Trd, 4319770.743, 62
Trd, 4319773.993, 62
Trd, 4319774.443, 60
Trd, 4319775.393, 60
Trd, 4319777.193, 60
Trd, 4319777.693, 61
Trd, 4319777.743, 63
Trd, 4319778.893, 61
Trd, 4319778.993, 61
Trd, 4319779.493, 61
Trd, 4319779.893, 62
Trd, 4319780.743, 63
Trd, 4319782.693, 60
Trd, 4319783.143, 61
Trd, 4319783.693, 64
Trd, 4319785.143, 66
Trd, 4319786.193, 60
Trd, 4319787.043, 60
Trd, 4319787.743, 61
Trd, 4319788.893, 60
Trd, 4319789.343, 61
Trd, 4319791.443, 60
Trd, 4319791.593, 60
Trd, 4319791.693, 62
Trd, 4319791.843, 63
Trd, 4319792.043, 64
Trd, 4319792.243, 67
Trd, 4319793.043, 65
Trd, 4319793.193, 61
Trd, 4319795.243, 69
Trd, 4319795.593, 62
Trd, 4319795.993, 75
Trd, 4319796.493, 103
Trd, 4319797.993, 62
Trd, 4319798.343, 61
Trd, 4319799.393, 61
Trd, 4319799.643, 62
Trd, 4319799.743, 63
Trd, 4319799.843, 63
Trd, 4319800.493, 67
Trd, 4319800.593, 61
Trd, 4319801.793, 61
Trd, 4319803.093, 61
Trd, 4319803.693, 62
Trd, 4319804.993, 60
Trd, 4319805.043, 61
Trd, 4319805.693, 61
Trd, 4319806.893, 61
Trd, 4319807.593, 60
Trd, 4319807.893, 65
Trd, 4319808.093, 63
Trd, 4319808.293, 108
Trd, 4319808.443, 140
Trd, 4319811.693, 62
Trd, 4319812.193, 61
Trd, 4319812.343, 61
Trd, 4319812.493, 63
Trd, 4319814.993, 60
Trd, 4319815.443, 62
Trd, 4319816.843, 63
Trd, 4319817.593, 65
Trd, 4319818.543, 60
Trd, 4319819.393, 64
Trd, 4319820.393, 62
Trd, 4319820.743, 60
Trd, 4319821.043, 62
Trd, 4319821.293, 64
Trd, 4319821.543, 60
Trd, 4319821.643, 61
Trd, 4319822.193, 61
Trd, 4319822.843, 67
Trd, 4319823.243, 64
Trd, 4319824.443, 68
Trd, 4319826.043, 61
Trd, 4319826.443, 61
Trd, 4319826.893, 61
Trd, 4319827.543, 64
Trd, 4319828.543, 60
Trd, 4319830.293, 60
Trd, 4319830.743, 61
Trd, 4319831.043, 62
Trd, 4319831.743, 60
Trd, 4319832.593, 62
Trd, 4319833.143, 64
Trd, 4319833.693, 62
Trd, 4319833.893, 62
Trd, 4319834.193, 66
Trd, 4319834.843, 140
Trd, 4319835.743, 60
Trd, 4319836.593, 64
Trd, 4319836.743, 62
Trd, 4319838.593, 60
Trd, 4319840.643, 63
Trd, 4319841.193, 64
Trd, 4319841.443, 60
Trd, 4319841.543, 66
Trd, 4319842.743, 60
Trd, 4319843.493, 60
Trd, 4319844.843, 63
Trd, 4319844.893, 64
Trd, 4319845.443, 61
Trd, 4319845.993, 140
Trd, 4319846.143, 140
Trd, 4319846.843, 139
Trd, 4319847.243, 138
Trd, 4319848.493, 60
Trd, 4319848.943, 140
Trd, 4319849.543, 140
Trd, 4319849.593, 139
Trd, 4319850.943, 61
Trd, 4319851.593, 62
Trd, 4319853.243, 60
Trd, 4319853.293, 63
Trd, 4319854.043, 60
Trd, 4319854.743, 64
Trd, 4319856.243, 60
Trd, 4319856.543, 64
Trd, 4319858.793, 60
Trd, 4319859.693, 60
Trd, 4319859.943, 62
Trd, 4319860.493, 63
Trd, 4319861.143, 64
Trd, 4319861.543, 63
Trd, 4319861.793, 61
Trd, 4319862.493, 64
Trd, 4319862.693, 61
Trd, 4319862.993, 100
Trd, 4319863.443, 140
Trd, 4319864.243, 60
Trd, 4319864.843, 80
Trd, 4319865.343, 65
Trd, 4319865.743, 82
Trd, 4319866.093, 64
Trd, 4319866.793, 138
Trd, 4319867.393, 71
Trd, 4319867.643, 61
Trd, 4319868.393, 66
Trd, 4319870.743, 61
Trd, 4319871.743, 62
Trd, 4319872.043, 62
Trd, 4319872.093, 64
Trd, 4319872.943, 91
Trd, 4319873.243, 91
Trd, 4319873.693, 133
Trd, 4319874.193, 140
Trd, 4319875.743, 67
Trd, 4319875.943, 140
Trd, 4319876.693, 79
Trd, 4319876.893, 140
Trd, 4319877.493, 69
Trd, 4319878.493, 139
Trd, 4319878.543, 72
Trd, 4319879.393, 140
Trd, 4319880.043, 140
Trd, 4319880.793, 140
Trd, 4319881.193, 140
Trd, 4319882.943, 140
Trd, 4319882.993, 140
Trd, 4319883.193, 123
Trd, 4319884.743, 140
Trd, 4319885.143, 140
Trd, 4319885.443, 140
Trd, 4319885.493, 105
Trd, 4319886.093, 139
Trd, 4319886.493, 138
Trd, 4319886.743, 137
Trd, 4319888.693, 63
Trd, 4319888.843, 64
Trd, 4319889.793, 60
Trd, 4319890.593, 60
Trd, 4319891.443, 60
Trd, 4319892.543, 63
Trd, 4319892.893, 60
Trd, 4319893.443, 61
Trd, 4319893.543, 64
Trd, 4319893.593, 64
Trd, 4319894.393, 69
Trd, 4319894.793, 63
Trd, 4319895.343, 65
Trd, 4319895.943, 67
Trd, 4319897.093, 60
Trd, 4319898.743, 60
Trd, 4319898.993, 60
Trd, 4319899.843, 61
Trd, 4319900.193, 73
Trd, 4319901.243, 63
Trd, 4319902.243, 139
Trd, 4319902.443, 126
Trd, 4319902.593, 126
Trd, 4319903.643, 140
Trd, 4319903.693, 140
Trd, 4319903.743, 107
Trd, 4319904.743, 140
Trd, 4319906.243, 140
Trd, 4319906.293, 138
Trd, 4319906.993, 61
Trd, 4319908.893, 140
Trd, 4319909.443, 140
Trd, 4319909.643, 140
Trd, 4319909.693, 108
Trd, 4319909.943, 67
Trd, 4319910.743, 140
Trd, 4319911.343, 88
Trd, 4319911.543, 84
Trd, 4319913.943, 61
Trd, 4319914.993, 69
Trd, 4319915.293, 62
Trd, 4319915.943, 68
Trd, 4319916.993, 60
Trd, 4319918.793, 60
Trd, 4319918.893, 61
Trd, 4319919.393, 62
Trd, 4319920.293, 61
Trd, 4319921.443, 61
Trd, 4319921.743, 61
Trd, 4319923.543, 60
Trd, 4319924.443, 64
Trd, 4319924.793, 64
Trd, 4319925.043, 70
Trd, 4319925.093, 71
Trd, 4319926.743, 63
Trd, 4319927.143, 60
Trd, 4319928.593, 60
Trd, 4319929.043, 65
Trd, 4319930.743, 60
Trd, 4319930.993, 60
Trd, 4319932.393, 60
Trd, 4319933.543, 61
Trd, 4319933.943, 60
Trd, 4319935.343, 60
Trd, 4319936.093, 60
Trd, 4319936.293, 61
Trd, 4319937.193, 60
Trd, 4319938.093, 64
Trd, 4319938.243, 65
Trd, 4319938.893, 67
Trd, 4319939.143, 140
Trd, 4319940.943, 60
Trd, 4319942.193, 61
Trd, 4319942.893, 61
Trd, 4319943.293, 63
Trd, 4319943.943, 63
Trd, 4319944.343, 77
Trd, 4319945.393, 61
Trd, 4319946.543, 60
Trd, 4319947.093, 61
Trd, 4319948.193, 62
Trd, 4319948.893, 61
Trd, 4319949.793, 61
Trd, 4319950.043, 62
Trd, 4319951.393, 60
Trd, 4319952.143, 62
Trd, 4319953.443, 60
Trd, 4319953.893, 61
Trd, 4319955.193, 61
Trd, 4319955.543, 64
Trd, 4319957.693, 60
Trd, 4319957.743, 61
Trd, 4319958.043, 60
Trd, 4319959.893, 60
Trd, 4319960.493, 60
Trd, 4319960.593, 60
Trd, 4319960.643, 61
Trd, 4319961.943, 61
Trd, 4319962.143, 62
Trd, 4319962.343, 63
Trd, 4319964.043, 67
Trd, 4319964.193, 60
Trd, 4319966.743, 60
Trd, 4319968.293, 61
Trd, 4319968.943, 60
Trd, 4319969.293, 61
Trd, 4319969.393, 62
Trd, 4319969.743, 61
Trd, 4319969.943, 60
Trd, 4319970.893, 61
Trd, 4319971.143, 61
Trd, 4319971.893, 64
Trd, 4319972.193, 62
Trd, 4319973.343, 60
Trd, 4319973.843, 60
Trd, 4319974.543, 64
Trd, 4319975.343, 60
Trd, 4319975.393, 61
Trd, 4319977.043, 60
Trd, 4319977.593, 60
Trd, 4319977.993, 60
Trd, 4319978.293, 61
Trd, 4319978.593, 63
Trd, 4319978.943, 129
Trd, 4319980.293, 60
Trd, 4319981.993, 60
Trd, 4319982.443, 61
Trd, 4319983.143, 62
Trd, 4319984.543, 60
Trd, 4319984.843, 61
Trd, 4319985.343, 60
Trd, 4319986.393, 61
Trd, 4319987.443, 60
Trd, 4319987.843, 64
Trd, 4319988.343, 65
Trd, 4319990.793, 63
Trd, 4319990.993, 63
Trd, 4319991.543, 60
Trd, 4319991.693, 60
Trd, 4319991.843, 60
Trd, 4319992.343, 60
Trd, 4319992.743, 75
Trd, 4319993.893, 140
Trd, 4319994.543, 140
Trd, 4319994.693, 140
Trd, 4319995.293, 139
Trd, 4319995.743, 63
Trd, 4319996.093, 62
Trd, 4319997.593, 60
Trd, 4319998.443, 61
