Trd, 4318121.343, 139
Trd, 4318122.493, 140
Trd, 4318122.793, 140
Trd, 4318124.643, 140
Trd, 4318124.693, 140
Trd, 4318125.743, 140
Trd, 4318126.043, 140
Trd, 4318126.893, 140
Trd, 4318127.493, 140
Trd, 4318127.543, 140
Trd, 4318127.643, 140
Trd, 4318127.743, 113
Trd, 4318130.093, 140
Trd, 4318130.743, 140
Trd, 4318130.793, 140
Trd, 4318131.593, 140
Trd, 4318131.793, 140
Trd, 4318132.243, 140
Trd, 4318132.993, 140
Trd, 4318134.093, 140
Trd, 4318135.793, 140
Trd, 4318136.093, 140
Trd, 4318137.643, 140
Trd, 4318137.843, 140
Trd, 4318138.243, 140
Trd, 4318138.443, 140
Trd, 4318140.043, 140
Trd, 4318140.093, 140
Trd, 4318141.693, 140
Trd, 4318141.793, 140
Trd, 4318141.943, 140
Trd, 4318142.993, 140
Trd, 4318143.393, 140
Trd, 4318144.743, 140
Trd, 4318144.843, 140
Trd, 4318145.943, 140
Trd, 4318146.743, 140
Trd, 4318146.793, 140
Trd, 4318147.693, 140
Trd, 4318147.743, 140
Trd, 4318148.643, 140
Trd, 4318149.643, 140
Trd, 4318150.643, 140
Trd, 4318151.943, 140
Trd, 4318152.093, 140
Trd, 4318152.843, 140
Trd, 4318153.493, 140
Trd, 4318153.693, 140
Trd, 4318154.193, 140
Trd, 4318154.893, 140
Trd, 4318155.293, 140
Trd, 4318155.693, 140
Trd, 4318155.843, 140
Trd, 4318156.393, 140
Trd, 4318157.243, 140
Trd, 4318158.043, 140
Trd, 4318159.493, 140
Trd, 4318159.793, 137
Trd, 4318160.443, 139
Trd, 4318160.593, 139
Trd, 4318163.143, 61
Trd, 4318163.693, 60
Trd, 4318164.443, 62
Trd, 4318165.093, 63
Trd, 4318165.993, 90
Trd, 4318166.793, 140
Trd, 4318167.393, 140
Trd, 4318168.343, 140
Trd, 4318168.843, 140
Trd, 4318169.643, 140
Trd, 4318170.693, 140
Trd, 4318172.243, 140
Trd, 4318172.543, 140
Trd, 4318172.893, 140
Trd, 4318174.293, 140
Trd, 4318174.993, 140
Trd, 4318175.693, 140
Trd, 4318176.393, 140
Trd, 4318176.843, 140
Trd, 4318177.343, 140
Trd, 4318178.043, 140
Trd, 4318179.643, 140
Trd, 4318179.893, 140
Trd, 4318179.993, 140
Trd, 4318180.493, 140
Trd, 4318181.243, 140
Trd, 4318182.443, 140
Trd, 4318183.493, 140
Trd, 4318183.543, 140
Trd, 4318183.793, 140
Trd, 4318184.393, 140
Trd, 4318184.593, 140
Trd, 4318185.543, 140
Trd, 4318185.643, 139
Trd, 4318186.093, 139
Trd, 4318187.943, 139
Trd, 4318189.593, 140
Trd, 4318190.343, 140
Trd, 4318190.543, 140
Trd, 4318190.593, 140
Trd, 4318191.893, 140
Trd, 4318192.493, 140
Trd, 4318193.043, 140
Trd, 4318193.793, 140
Trd, 4318194.443, 140
Trd, 4318195.943, 140
Trd, 4318196.393, 140
Trd, 4318196.443, 140
Trd, 4318197.193, 140
Trd, 4318197.993, 140
Trd, 4318198.543, 140
Trd, 4318198.943, 140
Trd, 4318198.993, 140
Trd, 4318199.243, 139
Trd, 4318199.993, 140
Trd, 4318200.493, 140
Trd, 4318200.843, 140
Trd, 4318201.843, 140
Trd, 4318202.643, 140
Trd, 4318204.993, 140
Trd, 4318205.093, 140
Trd, 4318205.943, 140
Trd, 4318206.343, 137
Trd, 4318206.893, 64
Trd, 4318208.143, 64
Trd, 4318209.193, 61
Trd, 4318210.843, 64
Trd, 4318210.943, 62
Trd, 4318212.143, 64
Trd, 4318212.393, 65
Trd, 4318212.743, 68
Trd, 4318212.943, 61
Trd, 4318213.443, 71
Trd, 4318214.343, 60
Trd, 4318214.743, 62
Trd, 4318215.943, 70
Trd, 4318216.443, 70
Trd, 4318217.693, 139
Trd, 4318219.093, 140
Trd, 4318219.543, 140
Trd, 4318220.093, 140
Trd, 4318221.093, 140
Trd, 4318221.143, 140
Trd, 4318222.193, 140
Trd, 4318222.293, 140
Trd, 4318222.843, 140
Trd, 4318223.143, 140
Trd, 4318223.343, 140
Trd, 4318224.043, 137
Trd, 4318224.493, 76
Trd, 4318224.993, 138
Trd, 4318225.143, 92
Trd, 4318228.243, 61
Trd, 4318228.393, 62
Trd, 4318228.593, 61
Trd, 4318229.843, 62
Trd, 4318231.243, 66
Trd, 4318231.543, 79
Trd, 4318231.843, 67
Trd, 4318232.143, 63
Trd, 4318234.643, 66
Trd, 4318235.493, 60
Trd, 4318236.343, 61
Trd, 4318237.793, 61
Trd, 4318238.143, 63
Trd, 4318239.243, 64
Trd, 4318239.293, 64
Trd, 4318239.493, 68
Trd, 4318239.743, 96
Trd, 4318240.193, 63
Trd, 4318240.943, 61
Trd, 4318241.593, 63
Trd, 4318242.443, 64
Trd, 4318243.743, 67
Trd, 4318243.943, 72
Trd, 4318244.393, 67
Trd, 4318245.743, 60
Trd, 4318247.293, 140
Trd, 4318248.893, 140
Trd, 4318249.143, 140
Trd, 4318249.593, 139
Trd, 4318251.093, 140
Trd, 4318251.293, 140
Trd, 4318251.443, 140
Trd, 4318253.443, 140
Trd, 4318253.893, 140
Trd, 4318253.993, 140
Trd, 4318254.243, 140
Trd, 4318254.343, 139
Trd, 4318255.043, 61
Trd, 4318255.143, 62
Trd, 4318256.243, 61
Trd, 4318257.293, 63
Trd, 4318258.543, 140
Trd, 4318259.793, 140
Trd, 4318260.243, 140
Trd, 4318260.693, 140
Trd, 4318260.843, 140
Trd, 4318261.043, 140
Trd, 4318261.143, 138
Trd, 4318262.343, 74
Trd, 4318263.243, 89
Trd, 4318263.393, 70
Trd, 4318264.143, 90
Trd, 4318265.843, 95
Trd, 4318266.893, 140
Trd, 4318267.393, 140
Trd, 4318267.993, 123
Trd, 4318268.143, 122
Trd, 4318268.393, 140
Trd, 4318268.993, 66
Trd, 4318270.743, 127
Trd, 4318271.743, 128
Trd, 4318271.943, 127
Trd, 4318273.243, 82
Trd, 4318273.393, 63
Trd, 4318273.693, 93
Trd, 4318273.993, 61
Trd, 4318274.943, 61
Trd, 4318275.893, 65
Trd, 4318276.893, 139
Trd, 4318277.343, 140
Trd, 4318278.243, 140
Trd, 4318278.293, 140
Trd, 4318278.743, 140
Trd, 4318279.243, 140
Trd, 4318279.693, 140
Trd, 4318280.343, 140
Trd, 4318281.143, 69
Trd, 4318283.343, 91
Trd, 4318283.593, 113
Trd, 4318283.793, 94
Trd, 4318284.893, 100
Trd, 4318285.143, 99
Trd, 4318285.543, 140
Trd, 4318285.943, 96
Trd, 4318286.293, 126
Trd, 4318287.093, 130
Trd, 4318288.343, 140
Trd, 4318288.543, 140
Trd, 4318289.843, 140
Trd, 4318289.893, 140
Trd, 4318289.993, 139
Trd, 4318291.193, 140
Trd, 4318291.443, 139
Trd, 4318291.593, 140
Trd, 4318293.643, 140
Trd, 4318293.943, 140
Trd, 4318295.343, 140
Trd, 4318295.443, 140
Trd, 4318296.543, 140
Trd, 4318296.843, 140
Trd, 4318296.993, 140
Trd, 4318297.393, 140
Trd, 4318298.143, 140
Trd, 4318298.843, 140
Trd, 4318299.693, 140
Trd, 4318299.993, 140
Trd, 4318300.793, 137
Trd, 4318301.243, 120
Trd, 4318301.593, 139
Trd, 4318302.343, 138
Trd, 4318302.493, 98
Trd, 4318304.193, 89
Trd, 4318304.843, 64
Trd, 4318304.993, 81
Trd, 4318305.793, 66
Trd, 4318306.543, 109
Trd, 4318307.493, 80
Trd, 4318307.643, 80
Trd, 4318307.843, 82
Trd, 4318308.843, 84
Trd, 4318309.193, 87
Trd, 4318309.443, 84
Trd, 4318310.343, 85
Trd, 4318311.243, 64
Trd, 4318312.193, 81
Trd, 4318312.543, 82
Trd, 4318312.793, 140
Trd, 4318314.493, 139
Trd, 4318315.443, 139
Trd, 4318316.893, 73
Trd, 4318316.943, 91
Trd, 4318317.143, 73
Trd, 4318317.293, 72
Trd, 4318317.693, 71
Trd, 4318318.343, 63
Trd, 4318318.843, 138
Trd, 4318319.543, 65
Trd, 4318320.893, 61
Trd, 4318323.693, 60
Trd, 4318323.743, 69
Trd, 4318326.443, 60
Trd, 4318326.993, 61
Trd, 4318327.393, 60
Trd, 4318327.743, 60
Trd, 4318328.393, 88
Trd, 4318328.793, 62
Trd, 4318329.093, 131
Trd, 4318329.693, 68
Trd, 4318329.943, 66
Trd, 4318330.393, 66
Trd, 4318330.543, 64
Trd, 4318331.943, 60
Trd, 4318333.243, 60
Trd, 4318333.943, 91
Trd, 4318337.393, 60
Trd, 4318337.893, 60
Trd, 4318338.593, 61
Trd, 4318339.443, 60
Trd, 4318339.743, 61
Trd, 4318340.893, 67
Trd, 4318341.593, 78
Trd, 4318342.043, 70
Trd, 4318342.193, 69
Trd, 4318343.093, 140
Trd, 4318344.143, 140
Trd, 4318344.293, 140
Trd, 4318345.443, 140
Trd, 4318345.493, 140
Trd, 4318345.843, 140
Trd, 4318346.793, 140
Trd, 4318347.693, 140
Trd, 4318349.093, 140
Trd, 4318350.343, 140
Trd, 4318351.393, 140
Trd, 4318351.793, 140
Trd, 4318351.843, 140
Trd, 4318352.493, 140
Trd, 4318353.443, 140
Trd, 4318354.493, 140
Trd, 4318355.893, 140
Trd, 4318356.193, 140
Trd, 4318356.593, 140
Trd, 4318356.643, 140
Trd, 4318358.493, 140
Trd, 4318358.593, 140
Trd, 4318358.693, 140
Trd, 4318359.093, 140
Trd, 4318360.493, 140
Trd, 4318363.643, 140
Trd, 4318363.743, 140
Trd, 4318363.993, 140
Trd, 4318364.293, 140
Trd, 4318364.793, 140
Trd, 4318364.943, 140
Trd, 4318365.593, 140
Trd, 4318366.143, 140
Trd, 4318366.493, 140
Trd, 4318367.043, 79
Trd, 4318368.443, 140
Trd, 4318368.793, 140
Trd, 4318369.193, 140
Trd, 4318369.793, 140
Trd, 4318370.293, 140
Trd, 4318371.343, 140
Trd, 4318371.393, 139
Trd, 4318371.993, 140
Trd, 4318374.593, 140
Trd, 4318374.693, 140
Trd, 4318375.093, 140
Trd, 4318376.343, 140
Trd, 4318376.493, 140
Trd, 4318377.843, 140
Trd, 4318378.243, 140
Trd, 4318378.693, 140
Trd, 4318379.693, 140
Trd, 4318380.593, 140
Trd, 4318381.593, 140
Trd, 4318382.543, 140
Trd, 4318383.643, 140
Trd, 4318383.693, 140
Trd, 4318384.193, 140
Trd, 4318385.093, 140
Trd, 4318385.293, 140
Trd, 4318386.493, 140
Trd, 4318386.793, 140
Trd, 4318386.893, 140
Trd, 4318387.993, 133
Trd, 4318389.293, 140
Trd, 4318389.693, 140
Trd, 4318390.043, 140
Trd, 4318390.693, 140
Trd, 4318391.543, 140
Trd, 4318392.493, 140
Trd, 4318393.093, 140
Trd, 4318393.593, 140
Trd, 4318395.193, 140
Trd, 4318395.693, 140
Trd, 4318396.243, 140
Trd, 4318396.293, 140
Trd, 4318396.343, 140
Trd, 4318397.943, 140
Trd, 4318398.493, 140
Trd, 4318398.843, 92
Trd, 4318399.893, 140
Trd, 4318400.093, 140
Trd, 4318400.393, 140
Trd, 4318401.493, 140
Trd, 4318401.943, 140
Trd, 4318402.893, 139
Trd, 4318403.543, 137
Trd, 4318404.693, 71
Trd, 4318405.143, 72
Trd, 4318405.543, 87
Trd, 4318406.043, 114
Trd, 4318406.943, 140
Trd, 4318407.393, 79
Trd, 4318407.843, 83
Trd, 4318409.243, 140
Trd, 4318410.043, 140
Trd, 4318410.993, 140
Trd, 4318411.393, 140
Trd, 4318411.443, 140
Trd, 4318412.293, 140
Trd, 4318412.843, 139
Trd, 4318413.093, 78
Trd, 4318415.593, 140
Trd, 4318415.843, 140
Trd, 4318416.543, 94
Trd, 4318417.293, 92
Trd, 4318417.643, 91
Trd, 4318418.393, 138
Trd, 4318418.443, 139
Trd, 4318418.593, 135
Trd, 4318419.093, 67
Trd, 4318420.693, 140
Trd, 4318421.093, 140
Trd, 4318421.493, 140
Trd, 4318421.593, 78
Trd, 4318422.293, 99
Trd, 4318422.943, 60
Trd, 4318424.393, 61
Trd, 4318424.593, 63
Trd, 4318426.993, 60
Trd, 4318427.293, 62
Trd, 4318428.093, 61
Trd, 4318428.893, 66
Trd, 4318430.043, 60
Trd, 4318430.393, 60
Trd, 4318431.093, 65
Trd, 4318431.593, 65
Trd, 4318431.793, 64
Trd, 4318432.143, 67
Trd, 4318432.493, 63
Trd, 4318432.943, 67
Trd, 4318435.643, 60
Trd, 4318437.993, 60
Trd, 4318439.043, 61
Trd, 4318439.193, 63
Trd, 4318439.343, 62
Trd, 4318440.143, 64
Trd, 4318440.993, 67
Trd, 4318442.143, 140
Trd, 4318442.743, 140
Trd, 4318443.193, 140
Trd, 4318443.243, 140
Trd, 4318443.443, 140
Trd, 4318444.393, 140
Trd, 4318444.893, 140
Trd, 4318445.293, 140
Trd, 4318446.293, 140
Trd, 4318447.193, 140
Trd, 4318448.243, 140
Trd, 4318448.693, 140
Trd, 4318449.043, 140
Trd, 4318449.543, 140
Trd, 4318449.843, 140
Trd, 4318450.743, 140
Trd, 4318451.343, 140
Trd, 4318451.943, 140
Trd, 4318453.543, 140
Trd, 4318453.893, 140
Trd, 4318454.843, 140
Trd, 4318455.493, 140
Trd, 4318457.343, 140
Trd, 4318458.943, 140
Trd, 4318458.993, 140
Trd, 4318459.493, 140
Trd, 4318459.593, 140
Trd, 4318460.243, 140
Trd, 4318460.743, 140
Trd, 4318461.543, 140
Trd, 4318462.093, 140
Trd, 4318462.393, 140
Trd, 4318462.843, 140
Trd, 4318463.393, 140
Trd, 4318463.643, 140
Trd, 4318464.393, 140
Trd, 4318465.543, 140
Trd, 4318466.093, 138
Trd, 4318467.193, 137
Trd, 4318467.693, 137
Trd, 4318468.293, 140
Trd, 4318469.093, 140
Trd, 4318469.593, 140
Trd, 4318471.393, 140
Trd, 4318471.793, 140
Trd, 4318472.343, 140
Trd, 4318472.443, 140
Trd, 4318474.643, 123
Trd, 4318475.193, 140
Trd, 4318475.693, 139
Trd, 4318476.143, 129
Trd, 4318476.343, 129
Trd, 4318476.443, 128
Trd, 4318477.343, 89
Trd, 4318477.843, 61
Trd, 4318478.393, 132
Trd, 4318478.643, 132
Trd, 4318478.793, 131
Trd, 4318479.093, 89
Trd, 4318479.393, 139
Trd, 4318480.993, 140
Trd, 4318481.493, 140
Trd, 4318483.043, 63
Trd, 4318484.893, 140
Trd, 4318485.093, 140
Trd, 4318485.493, 140
Trd, 4318485.993, 140
Trd, 4318487.493, 140
Trd, 4318487.543, 140
Trd, 4318488.043, 140
Trd, 4318488.643, 140
Trd, 4318489.593, 140
Trd, 4318489.843, 138
Trd, 4318490.493, 140
Trd, 4318490.593, 140
Trd, 4318491.193, 125
Trd, 4318493.843, 64
Trd, 4318494.143, 68
Trd, 4318494.343, 82
Trd, 4318496.243, 68
Trd, 4318496.693, 75
Trd, 4318499.493, 63
Trd, 4318500.343, 61
Trd, 4318500.993, 63
Trd, 4318501.893, 68
Trd, 4318502.193, 68
Trd, 4318503.043, 70
Trd, 4318503.493, 71
Trd, 4318504.093, 69
Trd, 4318505.393, 94
Trd, 4318505.593, 72
Trd, 4318505.693, 71
Trd, 4318506.293, 71
Trd, 4318506.743, 70
Trd, 4318508.043, 138
Trd, 4318509.643, 140
Trd, 4318510.143, 140
Trd, 4318510.293, 140
Trd, 4318510.493, 140
Trd, 4318511.593, 140
Trd, 4318512.393, 140
Trd, 4318512.843, 140
Trd, 4318513.043, 140
Trd, 4318513.293, 140
Trd, 4318514.243, 135
Trd, 4318515.493, 132
Trd, 4318516.993, 140
Trd, 4318518.443, 140
Trd, 4318518.843, 140
Trd, 4318519.243, 140
Trd, 4318519.643, 140
Trd, 4318520.143, 140
Trd, 4318520.543, 140
Trd, 4318520.643, 139
Trd, 4318521.393, 90
Trd, 4318521.843, 108
Trd, 4318523.793, 113
Trd, 4318524.143, 114
Trd, 4318524.843, 114
Trd, 4318524.893, 63
Trd, 4318525.893, 75
Trd, 4318526.593, 123
Trd, 4318527.343, 140
Trd, 4318527.893, 140
Trd, 4318528.143, 140
Trd, 4318528.993, 140
Trd, 4318529.293, 140
Trd, 4318529.543, 136
Trd, 4318529.993, 135
Trd, 4318531.693, 140
Trd, 4318533.443, 140
Trd, 4318533.693, 140
Trd, 4318533.993, 140
Trd, 4318534.743, 140
Trd, 4318535.143, 140
Trd, 4318535.243, 140
Trd, 4318538.043, 140
Trd, 4318538.543, 140
Trd, 4318538.593, 140
Trd, 4318539.043, 140
Trd, 4318540.993, 140
Trd, 4318541.093, 140
Trd, 4318542.543, 140
Trd, 4318543.193, 140
Trd, 4318545.493, 140
Trd, 4318545.793, 140
Trd, 4318545.893, 140
Trd, 4318546.043, 140
Trd, 4318546.243, 140
Trd, 4318546.393, 140
Trd, 4318547.293, 140
Trd, 4318548.993, 140
Trd, 4318549.143, 140
Trd, 4318549.193, 140
Trd, 4318549.393, 138
Trd, 4318551.193, 140
Trd, 4318551.493, 140
Trd, 4318553.543, 140
Trd, 4318554.843, 140
Trd, 4318555.093, 140
Trd, 4318555.143, 140
Trd, 4318555.243, 140
Trd, 4318555.543, 140
Trd, 4318557.043, 86
Trd, 4318558.193, 140
Trd, 4318558.293, 140
Trd, 4318558.843, 140
Trd, 4318559.193, 140
Trd, 4318560.393, 139
Trd, 4318561.543, 140
Trd, 4318562.643, 140
Trd, 4318562.993, 140
Trd, 4318563.593, 140
Trd, 4318565.543, 140
Trd, 4318566.043, 140
Trd, 4318566.843, 140
Trd, 4318567.143, 140
Trd, 4318567.693, 140
Trd, 4318568.493, 140
Trd, 4318568.843, 140
Trd, 4318569.143, 138
Trd, 4318569.993, 61
Trd, 4318570.643, 115
Trd, 4318571.543, 116
Trd, 4318571.693, 116
Trd, 4318572.693, 140
Trd, 4318572.743, 140
Trd, 4318573.093, 109
Trd, 4318574.343, 73
Trd, 4318574.993, 140
Trd, 4318576.293, 67
Trd, 4318577.743, 63
Trd, 4318577.843, 62
Trd, 4318578.093, 60
Trd, 4318578.593, 61
Trd, 4318579.443, 60
Trd, 4318579.643, 60
Trd, 4318580.693, 62
Trd, 4318580.743, 61
Trd, 4318581.343, 108
Trd, 4318582.693, 65
Trd, 4318584.493, 74
Trd, 4318585.793, 70
Trd, 4318587.543, 60
Trd, 4318587.843, 61
Trd, 4318589.943, 61
Trd, 4318590.443, 62
Trd, 4318590.493, 100
Trd, 4318590.643, 95
Trd, 4318591.193, 66
Trd, 4318591.543, 66
Trd, 4318591.793, 83
Trd, 4318592.493, 61
Trd, 4318593.043, 60
Trd, 4318595.043, 65
Trd, 4318595.093, 66
Trd, 4318595.243, 64
Trd, 4318595.343, 67
Trd, 4318595.693, 65
Trd, 4318596.593, 66
Trd, 4318597.093, 138
Trd, 4318599.443, 140
Trd, 4318599.793, 139
Trd, 4318600.443, 139
Trd, 4318600.643, 140
Trd, 4318601.293, 140
Trd, 4318601.793, 140
Trd, 4318602.793, 139
Trd, 4318603.843, 140
Trd, 4318604.193, 140
Trd, 4318604.643, 140
Trd, 4318606.093, 140
Trd, 4318606.593, 140
Trd, 4318607.643, 140
Trd, 4318608.343, 140
Trd, 4318608.493, 140
Trd, 4318608.643, 140
Trd, 4318608.993, 140
Trd, 4318610.043, 140
Trd, 4318610.743, 140
Trd, 4318611.343, 140
Trd, 4318611.493, 140
Trd, 4318612.493, 140
Trd, 4318613.943, 140
Trd, 4318614.743, 140
Trd, 4318615.143, 140
Trd, 4318615.693, 140
Trd, 4318616.093, 140
Trd, 4318616.343, 140
Trd, 4318617.293, 140
Trd, 4318617.943, 140
Trd, 4318618.193, 140
Trd, 4318618.843, 139
Trd, 4318619.643, 140
Trd, 4318619.993, 137
Trd, 4318620.393, 133
Trd, 4318621.143, 139
Trd, 4318622.793, 62
Trd, 4318623.393, 60
Trd, 4318624.943, 61
Trd, 4318625.693, 61
Trd, 4318627.493, 63
Trd, 4318628.443, 61
Trd, 4318629.743, 62
Trd, 4318629.893, 61
Trd, 4318630.093, 60
Trd, 4318631.293, 73
Trd, 4318631.393, 140
Trd, 4318631.643, 70
Trd, 4318633.193, 68
Trd, 4318633.343, 66
Trd, 4318634.643, 140
Trd, 4318634.993, 140
Trd, 4318635.893, 139
Trd, 4318636.743, 138
Trd, 4318638.443, 140
Trd, 4318639.093, 140
Trd, 4318639.143, 140
Trd, 4318639.343, 140
Trd, 4318642.293, 140
Trd, 4318642.693, 140
Trd, 4318643.143, 140
Trd, 4318643.293, 140
Trd, 4318643.943, 140
Trd, 4318644.243, 140
Trd, 4318644.543, 140
Trd, 4318644.743, 139
Trd, 4318645.943, 61
Trd, 4318646.243, 62
Trd, 4318646.843, 61
Trd, 4318647.743, 63
Trd, 4318649.443, 61
Trd, 4318650.043, 65
Trd, 4318650.343, 70
Trd, 4318650.443, 70
Trd, 4318650.843, 72
Trd, 4318652.693, 66
Trd, 4318654.143, 62
Trd, 4318654.343, 61
Trd, 4318656.693, 60
Trd, 4318657.093, 63
Trd, 4318657.193, 62
Trd, 4318657.443, 62
Trd, 4318658.293, 61
Trd, 4318658.593, 68
Trd, 4318658.643, 76
Trd, 4318659.293, 61
Trd, 4318660.093, 60
Trd, 4318660.843, 64
Trd, 4318660.943, 64
Trd, 4318661.693, 67
Trd, 4318663.893, 60
Trd, 4318664.943, 61
Trd, 4318665.593, 61
Trd, 4318667.193, 63
Trd, 4318667.593, 65
Trd, 4318667.643, 66
Trd, 4318670.243, 64
Trd, 4318670.643, 65
Trd, 4318670.893, 66
Trd, 4318671.293, 65
Trd, 4318673.243, 138
Trd, 4318673.293, 137
Trd, 4318674.043, 140
Trd, 4318674.193, 139
Trd, 4318674.443, 140
Trd, 4318674.943, 140
Trd, 4318675.293, 140
Trd, 4318675.493, 139
Trd, 4318676.943, 60
Trd, 4318677.343, 62
Trd, 4318678.593, 61
Trd, 4318678.843, 61
Trd, 4318679.593, 64
Trd, 4318680.443, 71
Trd, 4318681.343, 73
Trd, 4318681.593, 73
Trd, 4318682.193, 73
Trd, 4318683.543, 71
Trd, 4318683.593, 102
Trd, 4318683.743, 133
Trd, 4318684.643, 140
Trd, 4318685.093, 140
Trd, 4318685.593, 140
Trd, 4318685.893, 139
Trd, 4318687.393, 61
Trd, 4318688.093, 60
Trd, 4318688.893, 62
Trd, 4318689.993, 105
Trd, 4318690.743, 66
Trd, 4318691.793, 61
Trd, 4318692.543, 61
Trd, 4318692.993, 61
Trd, 4318694.093, 85
Trd, 4318694.193, 91
Trd, 4318694.543, 68
Trd, 4318694.943, 139
Trd, 4318695.493, 69
Trd, 4318696.493, 139
Trd, 4318697.093, 139
Trd, 4318697.293, 72
Trd, 4318698.693, 90
Trd, 4318699.643, 86
Trd, 4318700.393, 139
Trd, 4318700.643, 88
Trd, 4318700.993, 89
Trd, 4318703.393, 137
Trd, 4318704.093, 98
Trd, 4318704.493, 99
Trd, 4318705.343, 99
Trd, 4318705.643, 95
Trd, 4318706.243, 140
Trd, 4318707.643, 140
Trd, 4318707.793, 140
Trd, 4318708.443, 140
Trd, 4318709.543, 140
Trd, 4318709.593, 140
Trd, 4318710.043, 138
Trd, 4318711.693, 140
Trd, 4318711.893, 140
Trd, 4318712.043, 140
Trd, 4318712.943, 103
Trd, 4318714.443, 140
Trd, 4318715.693, 140
Trd, 4318715.893, 140
Trd, 4318716.493, 140
Trd, 4318716.843, 140
Trd, 4318716.943, 130
Trd, 4318718.143, 140
Trd, 4318718.443, 140
Trd, 4318718.943, 140
Trd, 4318719.743, 140
Trd, 4318720.443, 140
Trd, 4318723.443, 140
Trd, 4318723.693, 140
Trd, 4318724.543, 140
Trd, 4318724.593, 140
Trd, 4318724.643, 140
Trd, 4318725.093, 137
Trd, 4318726.893, 99
Trd, 4318727.743, 63
Trd, 4318727.943, 140
Trd, 4318729.143, 61
Trd, 4318729.343, 62
Trd, 4318729.493, 63
Trd, 4318730.743, 73
Trd, 4318731.293, 74
Trd, 4318731.843, 72
Trd, 4318731.943, 70
Trd, 4318732.243, 69
Trd, 4318732.693, 138
Trd, 4318732.743, 73
Trd, 4318733.193, 71
Trd, 4318736.893, 140
Trd, 4318737.043, 140
Trd, 4318737.593, 140
Trd, 4318737.943, 139
Trd, 4318739.193, 140
Trd, 4318739.493, 139
Trd, 4318740.793, 140
Trd, 4318741.443, 140
Trd, 4318741.593, 140
Trd, 4318741.843, 140
Trd, 4318744.143, 140
Trd, 4318745.343, 140
Trd, 4318745.543, 140
Trd, 4318746.143, 140
Trd, 4318746.343, 140
Trd, 4318746.393, 140
Trd, 4318747.093, 140
Trd, 4318748.393, 140
Trd, 4318748.843, 140
Trd, 4318749.343, 140
Trd, 4318749.943, 140
Trd, 4318750.593, 140
Trd, 4318752.293, 140
Trd, 4318752.743, 140
Trd, 4318753.493, 140
Trd, 4318753.943, 140
Trd, 4318754.293, 140
Trd, 4318754.443, 139
Trd, 4318755.493, 61
Trd, 4318755.793, 62
Trd, 4318756.793, 140
Trd, 4318756.893, 140
Trd, 4318759.593, 103
Trd, 4318759.843, 136
Trd, 4318759.993, 78
Trd, 4318760.643, 140
Trd, 4318761.693, 140
Trd, 4318762.543, 140
Trd, 4318763.243, 140
Trd, 4318763.293, 140
Trd, 4318763.743, 140
Trd, 4318764.743, 140
Trd, 4318764.793, 140
Trd, 4318765.893, 140
Trd, 4318765.943, 140
Trd, 4318767.443, 140
Trd, 4318769.393, 140
Trd, 4318769.493, 140
Trd, 4318769.793, 140
Trd, 4318770.493, 140
Trd, 4318770.693, 140
Trd, 4318770.793, 140
Trd, 4318771.093, 140
Trd, 4318772.343, 140
Trd, 4318772.693, 140
Trd, 4318773.193, 140
Trd, 4318774.993, 140
Trd, 4318775.293, 140
Trd, 4318776.293, 140
Trd, 4318776.343, 140
Trd, 4318777.693, 140
Trd, 4318779.793, 140
Trd, 4318780.593, 140
Trd, 4318780.743, 140
Trd, 4318780.793, 140
Trd, 4318781.043, 140
Trd, 4318781.493, 138
Trd, 4318783.143, 60
Trd, 4318783.993, 60
Trd, 4318784.393, 62
Trd, 4318784.493, 64
Trd, 4318784.993, 61
Trd, 4318785.393, 62
Trd, 4318787.093, 139
Trd, 4318787.293, 74
Trd, 4318787.843, 112
Trd, 4318788.393, 110
Trd, 4318789.893, 61
Trd, 4318790.543, 131
Trd, 4318791.193, 61
Trd, 4318791.993, 60
Trd, 4318793.643, 61
Trd, 4318794.093, 60
Trd, 4318794.543, 62
Trd, 4318794.843, 63
Trd, 4318795.793, 91
Trd, 4318796.043, 65
Trd, 4318796.293, 64
Trd, 4318796.343, 94
Trd, 4318797.193, 65
Trd, 4318797.493, 124
Trd, 4318798.093, 137
Trd, 4318798.793, 108
Trd, 4318800.343, 140
Trd, 4318800.593, 140
Trd, 4318801.943, 140
Trd, 4318802.893, 140
Trd, 4318803.543, 140
Trd, 4318804.143, 140
Trd, 4318805.693, 140
Trd, 4318805.843, 140
Trd, 4318806.443, 140
Trd, 4318806.893, 140
Trd, 4318807.093, 140
Trd, 4318807.643, 140
Trd, 4318808.393, 140
Trd, 4318808.993, 140
Trd, 4318809.243, 137
Trd, 4318811.293, 139
Trd, 4318811.843, 140
Trd, 4318812.293, 140
Trd, 4318814.293, 140
Trd, 4318815.293, 140
Trd, 4318815.643, 140
Trd, 4318816.793, 140
Trd, 4318816.943, 140
Trd, 4318818.593, 140
Trd, 4318818.743, 140
Trd, 4318819.543, 140
Trd, 4318819.843, 139
Trd, 4318821.343, 140
Trd, 4318821.493, 140
Trd, 4318821.543, 139
Trd, 4318821.893, 138
Trd, 4318823.593, 140
Trd, 4318824.243, 140
Trd, 4318825.043, 140
Trd, 4318825.543, 140
Trd, 4318825.693, 140
Trd, 4318827.493, 140
Trd, 4318828.193, 140
Trd, 4318828.393, 140
Trd, 4318828.443, 140
Trd, 4318829.093, 140
Trd, 4318829.143, 139
Trd, 4318831.193, 140
Trd, 4318831.443, 140
Trd, 4318832.393, 140
Trd, 4318832.493, 139
Trd, 4318833.043, 67
Trd, 4318833.593, 121
Trd, 4318835.293, 140
Trd, 4318835.443, 140
Trd, 4318835.893, 140
Trd, 4318836.693, 140
Trd, 4318836.793, 140
Trd, 4318837.693, 140
Trd, 4318837.793, 140
Trd, 4318838.293, 140
Trd, 4318839.643, 140
Trd, 4318839.993, 140
Trd, 4318840.093, 140
Trd, 4318841.493, 140
Trd, 4318841.793, 140
Trd, 4318842.543, 140
Trd, 4318842.693, 140
Trd, 4318842.993, 140
Trd, 4318843.493, 140
Trd, 4318845.343, 140
Trd, 4318845.393, 140
Trd, 4318846.043, 140
Trd, 4318846.593, 140
Trd, 4318848.693, 140
Trd, 4318848.943, 140
Trd, 4318850.493, 140
Trd, 4318850.643, 140
Trd, 4318850.993, 140
Trd, 4318851.743, 140
Trd, 4318854.043, 140
Trd, 4318854.243, 140
Trd, 4318854.443, 140
Trd, 4318854.693, 140
Trd, 4318855.043, 140
Trd, 4318855.093, 140
Trd, 4318856.043, 140
Trd, 4318857.293, 140
Trd, 4318857.593, 140
Trd, 4318857.893, 140
Trd, 4318858.443, 139
Trd, 4318861.793, 140
Trd, 4318861.993, 140
Trd, 4318862.393, 140
Trd, 4318862.693, 140
Trd, 4318862.793, 138
Trd, 4318863.543, 140
Trd, 4318864.393, 140
Trd, 4318865.493, 140
Trd, 4318865.793, 140
Trd, 4318866.343, 140
Trd, 4318868.443, 140
Trd, 4318868.543, 140
Trd, 4318868.643, 140
Trd, 4318869.193, 140
Trd, 4318869.243, 140
Trd, 4318869.293, 140
Trd, 4318870.793, 78
Trd, 4318870.943, 79
Trd, 4318872.993, 62
Trd, 4318873.393, 88
Trd, 4318873.743, 82
Trd, 4318874.343, 87
Trd, 4318876.093, 60
Trd, 4318876.293, 61
Trd, 4318877.093, 63
Trd, 4318877.343, 63
Trd, 4318877.743, 65
Trd, 4318879.393, 139
Trd, 4318879.643, 138
Trd, 4318880.193, 140
Trd, 4318880.893, 140
Trd, 4318881.493, 140
Trd, 4318881.693, 140
Trd, 4318882.293, 140
Trd, 4318883.693, 69
Trd, 4318884.243, 81
Trd, 4318885.843, 60
Trd, 4318886.443, 60
Trd, 4318888.793, 60
Trd, 4318889.593, 60
Trd, 4318890.843, 60
Trd, 4318891.643, 63
Trd, 4318892.193, 61
Trd, 4318893.093, 63
Trd, 4318893.243, 62
Trd, 4318893.593, 60
Trd, 4318893.643, 80
Trd, 4318896.393, 61
Trd, 4318897.343, 61
Trd, 4318899.543, 60
Trd, 4318900.293, 61
Trd, 4318900.993, 63
Trd, 4318901.143, 70
Trd, 4318901.543, 65
Trd, 4318902.193, 81
Trd, 4318902.743, 66
Trd, 4318903.243, 65
Trd, 4318903.743, 66
Trd, 4318903.943, 75
Trd, 4318904.243, 65
Trd, 4318907.343, 60
Trd, 4318908.393, 62
Trd, 4318909.293, 62
Trd, 4318910.093, 66
Trd, 4318910.343, 83
Trd, 4318911.543, 60
Trd, 4318911.643, 60
Trd, 4318911.843, 61
Trd, 4318913.443, 61
Trd, 4318914.193, 60
Trd, 4318914.893, 64
Trd, 4318915.093, 107
Trd, 4318915.443, 64
Trd, 4318916.043, 140
Trd, 4318917.143, 61
Trd, 4318919.493, 60
Trd, 4318920.243, 60
Trd, 4318920.943, 60
Trd, 4318921.093, 81
Trd, 4318923.643, 60
Trd, 4318923.943, 61
Trd, 4318924.893, 63
Trd, 4318924.943, 61
Trd, 4318925.093, 60
Trd, 4318926.693, 63
Trd, 4318927.093, 60
Trd, 4318927.793, 60
Trd, 4318928.093, 79
Trd, 4318928.893, 64
Trd, 4318929.793, 66
Trd, 4318929.993, 75
Trd, 4318931.143, 128
Trd, 4318931.493, 88
Trd, 4318931.693, 74
Trd, 4318933.593, 140
Trd, 4318933.743, 140
Trd, 4318934.243, 140
Trd, 4318935.243, 140
Trd, 4318935.493, 140
Trd, 4318936.493, 140
Trd, 4318936.843, 140
Trd, 4318937.093, 139
Trd, 4318938.193, 60
Trd, 4318938.893, 140
Trd, 4318939.993, 61
Trd, 4318941.793, 62
Trd, 4318942.093, 76
Trd, 4318942.193, 76
Trd, 4318944.893, 60
Trd, 4318944.943, 60
Trd, 4318945.693, 60
Trd, 4318945.793, 60
Trd, 4318946.193, 60
Trd, 4318946.393, 61
Trd, 4318947.143, 61
Trd, 4318947.393, 63
Trd, 4318950.943, 60
Trd, 4318951.893, 60
Trd, 4318953.643, 60
Trd, 4318954.893, 60
Trd, 4318955.093, 60
Trd, 4318956.143, 60
Trd, 4318956.243, 60
Trd, 4318956.793, 60
Trd, 4318957.093, 62
Trd, 4318957.743, 65
Trd, 4318957.943, 60
Trd, 4318957.993, 105
Trd, 4318959.743, 72
Trd, 4318960.343, 65
Trd, 4318960.993, 68
Trd, 4318961.293, 94
Trd, 4318963.043, 77
Trd, 4318963.243, 99
Trd, 4318963.943, 80
Trd, 4318964.593, 115
Trd, 4318965.593, 89
Trd, 4318966.143, 89
Trd, 4318966.993, 140
Trd, 4318967.143, 140
Trd, 4318967.943, 140
Trd, 4318967.993, 140
Trd, 4318968.743, 140
Trd, 4318969.393, 140
Trd, 4318969.893, 140
Trd, 4318970.243, 140
Trd, 4318972.843, 131
Trd, 4318972.943, 119
Trd, 4318973.793, 140
Trd, 4318974.443, 140
Trd, 4318974.743, 140
Trd, 4318975.593, 140
Trd, 4318976.393, 140
Trd, 4318976.443, 140
Trd, 4318977.493, 140
Trd, 4318978.043, 140
Trd, 4318978.093, 140
Trd, 4318978.393, 140
Trd, 4318979.393, 139
Trd, 4318979.443, 137
Trd, 4318980.543, 140
Trd, 4318980.693, 122
Trd, 4318981.093, 121
Trd, 4318981.693, 121
Trd, 4318983.093, 61
Trd, 4318983.343, 138
Trd, 4318983.643, 61
Trd, 4318984.993, 140
Trd, 4318985.993, 140
Trd, 4318986.243, 140
Trd, 4318988.643, 140
Trd, 4318988.793, 140
Trd, 4318989.093, 140
Trd, 4318989.993, 140
Trd, 4318990.843, 140
Trd, 4318991.893, 140
Trd, 4318992.043, 140
Trd, 4318992.343, 140
Trd, 4318994.393, 140
Trd, 4318994.493, 140
Trd, 4318994.943, 140
Trd, 4318996.543, 140
Trd, 4318998.143, 140
Trd, 4318998.293, 140
Trd, 4318998.593, 140
Trd, 4318999.443, 140
Trd, 4319000.893, 140
Trd, 4319000.993, 140
Trd, 4319001.493, 140
Trd, 4319002.193, 140
Trd, 4319002.843, 140
Trd, 4319003.143, 140
Trd, 4319003.943, 140
Trd, 4319004.193, 140
Trd, 4319004.293, 140
Trd, 4319005.743, 140
Trd, 4319005.993, 140
Trd, 4319006.393, 140
Trd, 4319007.343, 140
Trd, 4319008.893, 140
Trd, 4319009.243, 140
Trd, 4319011.143, 140
Trd, 4319011.193, 140
Trd, 4319011.343, 140
Trd, 4319011.943, 139
Trd, 4319012.093, 140
Trd, 4319013.893, 60
Trd, 4319014.043, 138
Trd, 4319015.043, 140
Trd, 4319015.893, 140
Trd, 4319016.143, 140
Trd, 4319016.593, 84
Trd, 4319017.243, 82
Trd, 4319017.643, 81
Trd, 4319019.593, 140
Trd, 4319019.943, 140
Trd, 4319020.193, 140
Trd, 4319021.043, 140
Trd, 4319022.443, 140
Trd, 4319022.743, 140
Trd, 4319022.843, 140
Trd, 4319023.043, 140
Trd, 4319023.743, 140
Trd, 4319025.243, 140
Trd, 4319027.093, 140
Trd, 4319027.693, 140
Trd, 4319029.543, 140
Trd, 4319030.193, 140
Trd, 4319030.793, 140
Trd, 4319032.143, 140
Trd, 4319032.943, 140
Trd, 4319033.193, 140
Trd, 4319033.243, 140
Trd, 4319034.393, 140
Trd, 4319034.893, 140
Trd, 4319036.293, 140
Trd, 4319036.793, 140
Trd, 4319037.993, 140
Trd, 4319038.093, 140
Trd, 4319040.293, 140
Trd, 4319040.443, 140
Trd, 4319040.493, 140
Trd, 4319040.643, 140
Trd, 4319041.893, 140
Trd, 4319041.943, 140
Trd, 4319042.393, 140
Trd, 4319043.043, 140
Trd, 4319044.393, 137
Trd, 4319044.793, 134
Trd, 4319045.893, 61
Trd, 4319046.093, 61
Trd, 4319046.443, 60
Trd, 4319047.493, 140
Trd, 4319050.443, 140
Trd, 4319050.593, 140
Trd, 4319050.643, 140
Trd, 4319051.343, 140
Trd, 4319051.893, 140
Trd, 4319052.093, 140
Trd, 4319052.493, 140
Trd, 4319053.393, 140
Trd, 4319053.843, 140
Trd, 4319055.843, 140
Trd, 4319056.493, 140
Trd, 4319056.543, 139
Trd, 4319056.943, 140
Trd, 4319057.993, 140
Trd, 4319058.543, 139
Trd, 4319059.443, 140
Trd, 4319059.793, 140
Trd, 4319059.993, 140
Trd, 4319060.193, 140
Trd, 4319061.393, 140
Trd, 4319061.793, 137
Trd, 4319062.093, 119
Trd, 4319062.443, 121
Trd, 4319063.493, 123
Trd, 4319064.843, 129
Trd, 4319065.643, 131
Trd, 4319066.943, 139
Trd, 4319068.643, 140
Trd, 4319068.793, 140
Trd, 4319069.543, 140
Trd, 4319070.043, 140
Trd, 4319070.193, 140
Trd, 4319070.543, 140
Trd, 4319070.893, 140
Trd, 4319071.593, 140
Trd, 4319072.443, 140
Trd, 4319073.043, 140
Trd, 4319075.143, 140
Trd, 4319075.593, 140
Trd, 4319077.543, 140
Trd, 4319077.893, 140
Trd, 4319078.093, 140
Trd, 4319078.243, 140
Trd, 4319079.193, 140
Trd, 4319079.293, 140
Trd, 4319079.943, 140
Trd, 4319080.143, 140
Trd, 4319080.443, 140
Trd, 4319082.293, 140
Trd, 4319082.743, 140
Trd, 4319085.643, 139
Trd, 4319085.943, 138
Trd, 4319085.993, 138
Trd, 4319086.543, 88
Trd, 4319090.843, 60
Trd, 4319091.493, 60
Trd, 4319092.643, 60
Trd, 4319092.793, 60
Trd, 4319093.793, 60
Trd, 4319094.043, 61
Trd, 4319094.443, 67
Trd, 4319094.893, 67
Trd, 4319095.493, 140
Trd, 4319096.143, 140
Trd, 4319096.843, 140
Trd, 4319097.743, 140
Trd, 4319097.943, 139
Trd, 4319098.043, 139
Trd, 4319098.843, 90
Trd, 4319099.243, 89
Trd, 4319099.693, 88
Trd, 4319101.093, 61
Trd, 4319101.693, 60
Trd, 4319103.193, 60
Trd, 4319104.843, 60
Trd, 4319105.193, 60
Trd, 4319105.743, 62
Trd, 4319106.843, 60
Trd, 4319107.593, 62
Trd, 4319108.193, 133
Trd, 4319108.693, 137
Trd, 4319109.193, 85
Trd, 4319110.293, 140
Trd, 4319111.043, 140
Trd, 4319111.393, 140
Trd, 4319111.993, 140
Trd, 4319112.643, 140
Trd, 4319113.343, 140
Trd, 4319114.293, 140
Trd, 4319114.443, 140
Trd, 4319115.193, 140
Trd, 4319116.193, 140
Trd, 4319116.893, 140
Trd, 4319117.143, 140
Trd, 4319117.993, 140
Trd, 4319118.043, 140
Trd, 4319119.993, 140
Trd, 4319120.143, 140
Trd, 4319120.393, 140
Trd, 4319120.493, 140
Trd, 4319122.543, 140
Trd, 4319123.243, 140
Trd, 4319123.443, 140
Trd, 4319123.543, 140
Trd, 4319124.093, 140
Trd, 4319124.843, 140
Trd, 4319127.543, 140
Trd, 4319127.693, 140
Trd, 4319128.243, 140
Trd, 4319129.393, 140
Trd, 4319130.043, 140
Trd, 4319130.243, 140
Trd, 4319130.343, 140
Trd, 4319131.543, 140
Trd, 4319133.593, 140
Trd, 4319133.693, 140
Trd, 4319135.293, 140
Trd, 4319135.693, 140
Trd, 4319135.793, 140
Trd, 4319136.393, 140
Trd, 4319136.643, 140
Trd, 4319139.343, 140
Trd, 4319140.143, 140
Trd, 4319140.593, 140
Trd, 4319141.243, 140
Trd, 4319142.543, 140
Trd, 4319142.943, 140
Trd, 4319144.043, 140
Trd, 4319144.093, 140
Trd, 4319144.443, 140
Trd, 4319144.643, 140
Trd, 4319145.993, 140
Trd, 4319146.993, 140
Trd, 4319147.243, 140
Trd, 4319147.643, 140
Trd, 4319147.693, 140
Trd, 4319149.593, 140
Trd, 4319149.843, 140
Trd, 4319150.143, 140
Trd, 4319150.193, 140
Trd, 4319150.693, 140
Trd, 4319151.293, 140
Trd, 4319152.043, 140
Trd, 4319153.493, 140
Trd, 4319153.993, 140
Trd, 4319154.793, 140
Trd, 4319155.643, 73
Trd, 4319157.393, 60
Trd, 4319157.543, 63
Trd, 4319158.093, 60
Trd, 4319158.793, 67
Trd, 4319159.893, 117
Trd, 4319161.593, 140
Trd, 4319161.693, 140
Trd, 4319162.043, 140
Trd, 4319162.643, 140
Trd, 4319163.493, 140
Trd, 4319164.493, 140
Trd, 4319165.343, 140
Trd, 4319165.493, 140
Trd, 4319166.593, 140
Trd, 4319166.743, 140
Trd, 4319167.193, 140
Trd, 4319167.743, 140
Trd, 4319168.243, 140
Trd, 4319169.143, 140
Trd, 4319170.443, 140
Trd, 4319171.143, 140
Trd, 4319171.393, 140
Trd, 4319171.943, 140
Trd, 4319172.293, 140
Trd, 4319173.543, 140
Trd, 4319173.693, 140
Trd, 4319175.143, 140
Trd, 4319175.643, 140
Trd, 4319175.893, 140
Trd, 4319177.393, 140
Trd, 4319177.443, 140
Trd, 4319178.143, 140
Trd, 4319178.643, 140
Trd, 4319179.343, 140
Trd, 4319180.743, 140
Trd, 4319180.993, 140
Trd, 4319181.693, 140
Trd, 4319182.043, 140
Trd, 4319182.293, 140
Trd, 4319182.693, 140
Trd, 4319183.443, 140
Trd, 4319183.993, 140
Trd, 4319185.793, 140
Trd, 4319186.993, 140
Trd, 4319187.043, 140
Trd, 4319188.343, 140
Trd, 4319188.443, 140
Trd, 4319188.843, 140
Trd, 4319190.193, 140
Trd, 4319191.343, 140
Trd, 4319191.743, 140
Trd, 4319192.793, 140
Trd, 4319192.893, 140
Trd, 4319194.043, 140
Trd, 4319194.443, 140
Trd, 4319195.043, 140
Trd, 4319195.093, 140
Trd, 4319195.493, 140
Trd, 4319195.793, 139
Trd, 4319195.993, 139
Trd, 4319196.343, 133
Trd, 4319198.543, 60
Trd, 4319199.543, 61
Trd, 4319202.543, 60
Trd, 4319204.143, 60
Trd, 4319205.193, 60
Trd, 4319205.393, 61
Trd, 4319205.543, 66
Trd, 4319206.493, 64
Trd, 4319207.443, 69
Trd, 4319207.793, 70
Trd, 4319208.043, 72
Trd, 4319209.443, 139
Trd, 4319210.193, 135
Trd, 4319210.543, 77
Trd, 4319210.943, 75
Trd, 4319211.393, 84
Trd, 4319211.943, 116
Trd, 4319212.593, 138
Trd, 4319213.743, 140
Trd, 4319213.793, 140
Trd, 4319214.543, 140
Trd, 4319214.593, 140
Trd, 4319215.443, 140
Trd, 4319215.843, 140
Trd, 4319217.193, 140
Trd, 4319217.493, 136
Trd, 4319218.593, 91
Trd, 4319218.793, 90
Trd, 4319219.243, 138
Trd, 4319219.743, 92
Trd, 4319220.793, 137
Trd, 4319220.843, 136
Trd, 4319222.193, 140
Trd, 4319222.343, 140
Trd, 4319223.593, 140
Trd, 4319223.893, 140
Trd, 4319223.943, 139
Trd, 4319225.443, 140
Trd, 4319226.043, 140
Trd, 4319226.243, 140
Trd, 4319226.443, 139
Trd, 4319227.343, 92
Trd, 4319227.643, 107
Trd, 4319227.693, 93
Trd, 4319230.193, 140
Trd, 4319230.643, 140
Trd, 4319231.393, 138
Trd, 4319231.743, 129
Trd, 4319232.493, 131
Trd, 4319232.843, 129
Trd, 4319234.393, 140
Trd, 4319235.093, 140
Trd, 4319236.793, 140
Trd, 4319236.943, 140
Trd, 4319237.093, 140
Trd, 4319237.543, 140
Trd, 4319237.693, 140
Trd, 4319238.893, 113
Trd, 4319239.193, 112
Trd, 4319239.943, 140
Trd, 4319240.443, 140
Trd, 4319240.793, 88
Trd, 4319241.443, 140
Trd, 4319242.543, 140
Trd, 4319242.793, 139
Trd, 4319244.243, 140
Trd, 4319244.343, 140
Trd, 4319244.693, 140
Trd, 4319246.493, 140
Trd, 4319246.943, 140
Trd, 4319247.693, 140
Trd, 4319248.193, 140
Trd, 4319249.143, 140
Trd, 4319250.293, 140
Trd, 4319250.993, 140
Trd, 4319252.093, 140
Trd, 4319252.243, 140
Trd, 4319252.893, 140
Trd, 4319254.243, 140
Trd, 4319255.343, 140
Trd, 4319255.593, 140
Trd, 4319256.593, 140
Trd, 4319256.643, 140
Trd, 4319256.943, 140
Trd, 4319257.193, 136
Trd, 4319259.693, 140
Trd, 4319260.093, 140
Trd, 4319260.993, 140
Trd, 4319261.193, 140
Trd, 4319261.393, 140
Trd, 4319261.493, 140
Trd, 4319261.843, 140
Trd, 4319261.943, 140
Trd, 4319263.293, 140
Trd, 4319263.593, 140
Trd, 4319263.993, 140
Trd, 4319265.543, 140
Trd, 4319266.443, 140
Trd, 4319266.693, 140
Trd, 4319269.293, 140
Trd, 4319270.043, 140
Trd, 4319270.443, 140
Trd, 4319270.543, 140
Trd, 4319271.343, 140
Trd, 4319272.293, 140
Trd, 4319272.443, 140
Trd, 4319272.643, 140
Trd, 4319272.893, 140
Trd, 4319273.043, 140
Trd, 4319274.843, 140
Trd, 4319275.293, 140
Trd, 4319275.543, 140
Trd, 4319275.593, 140
Trd, 4319276.293, 139
Trd, 4319277.643, 140
Trd, 4319278.293, 139
Trd, 4319279.843, 140
Trd, 4319280.343, 140
Trd, 4319281.243, 140
Trd, 4319281.493, 140
Trd, 4319282.293, 140
Trd, 4319282.793, 140
Trd, 4319283.743, 140
Trd, 4319283.843, 140
Trd, 4319283.893, 140
Trd, 4319284.493, 138
Trd, 4319284.993, 82
Trd, 4319285.343, 89
Trd, 4319287.243, 140
Trd, 4319287.493, 140
Trd, 4319287.843, 140
Trd, 4319288.093, 140
Trd, 4319290.443, 60
Trd, 4319291.443, 60
Trd, 4319292.543, 60
Trd, 4319294.093, 60
Trd, 4319294.243, 62
Trd, 4319295.443, 61
Trd, 4319295.593, 62
Trd, 4319296.343, 73
Trd, 4319296.893, 78
Trd, 4319296.943, 74
Trd, 4319298.443, 139
Trd, 4319298.643, 138
Trd, 4319298.793, 128
Trd, 4319299.893, 140
Trd, 4319301.393, 104
Trd, 4319301.443, 103
Trd, 4319303.893, 140
Trd, 4319305.243, 140
Trd, 4319305.293, 140
Trd, 4319306.693, 140
Trd, 4319307.293, 140
Trd, 4319307.343, 140
Trd, 4319307.543, 140
Trd, 4319309.143, 140
Trd, 4319309.393, 140
Trd, 4319310.293, 140
Trd, 4319310.743, 140
Trd, 4319310.943, 140
Trd, 4319311.843, 140
Trd, 4319312.193, 140
Trd, 4319312.393, 140
Trd, 4319313.893, 140
Trd, 4319314.293, 140
Trd, 4319314.593, 140
Trd, 4319315.143, 140
Trd, 4319317.543, 60
Trd, 4319317.843, 60
Trd, 4319318.893, 60
Trd, 4319321.093, 60
Trd, 4319322.343, 60
Trd, 4319323.393, 64
Trd, 4319323.643, 68
Trd, 4319325.293, 78
Trd, 4319325.643, 139
Trd, 4319325.743, 138
Trd, 4319326.143, 81
Trd, 4319326.543, 79
Trd, 4319326.643, 78
Trd, 4319327.443, 74
Trd, 4319329.693, 63
Trd, 4319331.493, 60
Trd, 4319331.643, 61
Trd, 4319332.093, 61
Trd, 4319332.443, 62
Trd, 4319332.943, 63
Trd, 4319333.243, 107
Trd, 4319333.543, 64
Trd, 4319335.793, 61
Trd, 4319336.643, 65
Trd, 4319337.443, 62
Trd, 4319338.343, 64
Trd, 4319339.593, 110
Trd, 4319341.093, 62
Trd, 4319341.393, 64
Trd, 4319341.743, 67
Trd, 4319341.943, 67
Trd, 4319342.043, 67
Trd, 4319343.043, 72
Trd, 4319343.693, 72
Trd, 4319344.093, 70
Trd, 4319345.093, 60
Trd, 4319346.143, 140
Trd, 4319346.443, 140
Trd, 4319346.693, 140
Trd, 4319347.293, 139
Trd, 4319348.543, 140
Trd, 4319349.093, 140
Trd, 4319349.743, 140
Trd, 4319350.393, 140
Trd, 4319351.093, 140
Trd, 4319351.643, 140
Trd, 4319352.493, 140
Trd, 4319353.643, 140
Trd, 4319353.843, 140
Trd, 4319355.043, 140
Trd, 4319356.143, 140
Trd, 4319356.193, 140
Trd, 4319356.693, 140
Trd, 4319357.593, 140
Trd, 4319357.843, 140
Trd, 4319358.393, 138
Trd, 4319358.443, 138
Trd, 4319359.693, 66
Trd, 4319360.593, 64
Trd, 4319362.343, 61
Trd, 4319362.643, 63
Trd, 4319362.843, 64
Trd, 4319363.143, 65
Trd, 4319364.643, 140
Trd, 4319365.493, 140
Trd, 4319366.443, 140
Trd, 4319366.493, 140
Trd, 4319367.293, 138
Trd, 4319367.443, 137
Trd, 4319368.493, 140
Trd, 4319369.293, 140
Trd, 4319369.593, 130
Trd, 4319370.093, 139
Trd, 4319371.393, 140
Trd, 4319371.493, 140
Trd, 4319372.893, 140
Trd, 4319373.593, 140
Trd, 4319374.543, 140
Trd, 4319375.093, 140
Trd, 4319375.193, 140
Trd, 4319376.243, 140
Trd, 4319376.693, 140
Trd, 4319377.243, 140
Trd, 4319377.393, 139
Trd, 4319377.643, 138
Trd, 4319377.893, 136
Trd, 4319380.093, 71
Trd, 4319381.393, 114
Trd, 4319381.543, 113
Trd, 4319381.693, 112
Trd, 4319382.143, 113
Trd, 4319383.093, 140
Trd, 4319383.743, 140
Trd, 4319384.393, 140
Trd, 4319385.743, 140
Trd, 4319385.843, 140
Trd, 4319387.293, 60
Trd, 4319387.343, 60
Trd, 4319387.693, 68
Trd, 4319387.993, 63
Trd, 4319388.793, 64
Trd, 4319388.993, 140
Trd, 4319392.143, 60
Trd, 4319392.993, 60
Trd, 4319393.293, 66
Trd, 4319393.593, 64
Trd, 4319393.743, 64
Trd, 4319393.943, 66
Trd, 4319394.393, 69
Trd, 4319395.543, 69
Trd, 4319396.043, 133
Trd, 4319396.993, 140
Trd, 4319397.293, 140
Trd, 4319397.943, 140
Trd, 4319398.893, 140
Trd, 4319399.143, 140
Trd, 4319399.293, 140
Trd, 4319400.693, 140
Trd, 4319400.993, 140
Trd, 4319401.193, 140
Trd, 4319403.543, 140
Trd, 4319406.043, 140
Trd, 4319406.543, 140
Trd, 4319406.793, 140
Trd, 4319406.943, 140
Trd, 4319407.593, 140
Trd, 4319407.843, 140
Trd, 4319408.193, 140
Trd, 4319408.693, 140
Trd, 4319409.893, 140
Trd, 4319409.993, 140
Trd, 4319411.143, 140
Trd, 4319411.493, 61
Trd, 4319411.743, 140
Trd, 4319412.443, 97
Trd, 4319413.993, 60
Trd, 4319414.593, 140
Trd, 4319415.693, 140
Trd, 4319416.043, 140
Trd, 4319417.093, 140
Trd, 4319417.493, 140
Trd, 4319418.443, 140
Trd, 4319418.643, 140
Trd, 4319420.343, 140
Trd, 4319420.543, 140
Trd, 4319421.293, 140
Trd, 4319422.643, 140
Trd, 4319423.093, 140
Trd, 4319423.143, 139
Trd, 4319424.093, 140
Trd, 4319424.493, 140
Trd, 4319424.643, 140
Trd, 4319425.143, 140
Trd, 4319425.293, 140
Trd, 4319425.343, 140
Trd, 4319426.893, 140
Trd, 4319427.193, 140
Trd, 4319427.643, 140
Trd, 4319430.143, 140
Trd, 4319430.193, 140
Trd, 4319430.843, 140
Trd, 4319430.993, 140
Trd, 4319432.143, 140
Trd, 4319432.193, 140
Trd, 4319432.493, 140
Trd, 4319433.443, 140
Trd, 4319434.043, 138
Trd, 4319434.493, 139
Trd, 4319435.543, 140
Trd, 4319437.993, 140
Trd, 4319438.043, 140
Trd, 4319438.643, 140
Trd, 4319438.843, 140
Trd, 4319439.043, 140
Trd, 4319441.043, 140
Trd, 4319442.593, 140
Trd, 4319442.793, 140
Trd, 4319442.893, 140
Trd, 4319443.843, 140
Trd, 4319444.993, 140
Trd, 4319445.043, 140
Trd, 4319445.343, 140
Trd, 4319445.893, 140
Trd, 4319446.143, 140
Trd, 4319446.743, 60
Trd, 4319448.093, 138
Trd, 4319449.143, 140
Trd, 4319449.543, 140
Trd, 4319449.893, 140
Trd, 4319451.343, 140
Trd, 4319451.943, 140
Trd, 4319452.843, 140
Trd, 4319453.743, 140
Trd, 4319453.843, 140
Trd, 4319454.743, 140
Trd, 4319455.293, 140
Trd, 4319455.493, 140
Trd, 4319455.643, 140
Trd, 4319457.293, 140
Trd, 4319457.743, 140
Trd, 4319458.293, 140
Trd, 4319461.093, 140
Trd, 4319461.743, 140
Trd, 4319462.543, 140
Trd, 4319462.593, 140
Trd, 4319462.693, 140
Trd, 4319462.893, 140
Trd, 4319462.943, 140
Trd, 4319464.193, 95
Trd, 4319464.993, 140
Trd, 4319466.643, 140
Trd, 4319466.843, 140
Trd, 4319469.193, 140
Trd, 4319469.293, 140
Trd, 4319470.393, 140
Trd, 4319470.443, 140
Trd, 4319470.693, 140
Trd, 4319472.493, 140
Trd, 4319472.743, 140
Trd, 4319473.343, 140
Trd, 4319473.793, 140
Trd, 4319474.993, 140
Trd, 4319475.543, 140
Trd, 4319475.693, 140
Trd, 4319476.293, 140
Trd, 4319476.743, 140
Trd, 4319477.843, 140
Trd, 4319479.193, 140
Trd, 4319479.243, 140
Trd, 4319480.693, 140
Trd, 4319481.843, 140
Trd, 4319483.393, 140
Trd, 4319483.593, 140
Trd, 4319483.693, 140
Trd, 4319483.943, 140
Trd, 4319483.993, 140
Trd, 4319484.543, 140
Trd, 4319484.593, 103
Trd, 4319484.793, 67
Trd, 4319486.093, 60
Trd, 4319487.393, 67
Trd, 4319488.793, 62
Trd, 4319490.743, 108
Trd, 4319490.993, 101
Trd, 4319491.093, 100
Trd, 4319492.693, 111
Trd, 4319493.443, 109
Trd, 4319493.743, 108
Trd, 4319493.843, 107
Trd, 4319494.443, 109
Trd, 4319494.543, 108
Trd, 4319495.393, 140
Trd, 4319497.643, 140
Trd, 4319498.293, 140
Trd, 4319498.793, 140
Trd, 4319499.443, 140
Trd, 4319499.493, 140
Trd, 4319500.093, 140
Trd, 4319500.993, 140
Trd, 4319501.193, 140
Trd, 4319501.493, 140
Trd, 4319502.243, 103
Trd, 4319504.493, 140
Trd, 4319505.393, 140
Trd, 4319505.743, 140
Trd, 4319506.193, 140
Trd, 4319507.043, 140
Trd, 4319507.743, 140
Trd, 4319507.793, 140
Trd, 4319508.543, 140
Trd, 4319508.843, 139
Trd, 4319510.393, 140
Trd, 4319511.393, 140
Trd, 4319511.843, 140
Trd, 4319511.943, 140
Trd, 4319513.843, 140
Trd, 4319514.643, 60
Trd, 4319515.143, 61
Trd, 4319516.043, 62
Trd, 4319516.143, 70
Trd, 4319516.293, 61
Trd, 4319516.893, 65
Trd, 4319517.343, 140
Trd, 4319518.143, 140
Trd, 4319518.193, 140
Trd, 4319519.293, 140
Trd, 4319521.493, 140
Trd, 4319521.943, 140
Trd, 4319522.693, 140
Trd, 4319522.793, 140
Trd, 4319522.843, 140
Trd, 4319523.143, 140
Trd, 4319523.643, 93
Trd, 4319524.093, 140
Trd, 4319524.893, 138
Trd, 4319526.093, 84
Trd, 4319527.143, 90
Trd, 4319528.193, 108
Trd, 4319528.943, 139
Trd, 4319530.243, 114
Trd, 4319530.393, 113
Trd, 4319531.643, 140
Trd, 4319532.043, 140
Trd, 4319532.593, 140
Trd, 4319533.693, 140
Trd, 4319535.093, 140
Trd, 4319536.093, 140
Trd, 4319536.543, 140
Trd, 4319537.593, 140
Trd, 4319538.043, 140
Trd, 4319538.243, 140
Trd, 4319539.043, 140
Trd, 4319539.693, 140
Trd, 4319539.893, 140
Trd, 4319540.443, 140
Trd, 4319540.643, 140
Trd, 4319542.293, 140
Trd, 4319542.393, 140
Trd, 4319544.293, 140
Trd, 4319544.443, 140
Trd, 4319544.743, 140
Trd, 4319545.043, 140
Trd, 4319545.493, 140
Trd, 4319546.143, 140
Trd, 4319546.893, 140
Trd, 4319547.393, 140
Trd, 4319549.543, 140
Trd, 4319549.743, 140
Trd, 4319550.343, 140
Trd, 4319550.693, 140
Trd, 4319551.043, 140
Trd, 4319551.143, 115
Trd, 4319551.743, 140
Trd, 4319552.743, 140
Trd, 4319553.743, 140
Trd, 4319554.543, 140
Trd, 4319555.043, 139
Trd, 4319555.943, 140
Trd, 4319555.993, 140
Trd, 4319556.793, 140
Trd, 4319556.843, 140
Trd, 4319558.593, 78
Trd, 4319560.443, 64
Trd, 4319561.443, 60
Trd, 4319562.843, 60
Trd, 4319563.393, 62
Trd, 4319563.543, 63
Trd, 4319563.593, 61
Trd, 4319563.893, 139
Trd, 4319563.993, 139
Trd, 4319564.993, 62
Trd, 4319566.593, 71
Trd, 4319567.393, 77
Trd, 4319568.443, 81
Trd, 4319568.743, 122
Trd, 4319569.343, 135
Trd, 4319570.243, 84
Trd, 4319570.343, 83
Trd, 4319570.593, 107
Trd, 4319570.793, 137
Trd, 4319570.943, 82
Trd, 4319572.793, 87
Trd, 4319572.893, 91
Trd, 4319573.993, 93
Trd, 4319574.943, 68
Trd, 4319577.493, 60
Trd, 4319577.643, 64
Trd, 4319578.793, 63
Trd, 4319579.893, 64
Trd, 4319580.193, 65
Trd, 4319580.843, 69
Trd, 4319581.043, 66
Trd, 4319581.093, 81
Trd, 4319581.293, 64
Trd, 4319581.993, 63
Trd, 4319582.093, 91
Trd, 4319584.493, 140
Trd, 4319584.593, 140
Trd, 4319584.643, 140
Trd, 4319585.493, 140
Trd, 4319587.143, 140
Trd, 4319587.743, 140
Trd, 4319588.393, 140
Trd, 4319588.443, 140
Trd, 4319589.093, 139
Trd, 4319589.443, 140
Trd, 4319589.993, 140
Trd, 4319591.343, 140
Trd, 4319592.143, 140
Trd, 4319593.193, 140
Trd, 4319594.993, 139
Trd, 4319595.743, 140
Trd, 4319596.243, 140
Trd, 4319596.893, 140
Trd, 4319597.393, 140
Trd, 4319598.093, 140
Trd, 4319598.343, 140
Trd, 4319599.343, 140
Trd, 4319599.943, 140
Trd, 4319600.093, 140
Trd, 4319600.443, 140
Trd, 4319600.643, 140
Trd, 4319601.543, 140
Trd, 4319602.793, 140
Trd, 4319603.493, 140
Trd, 4319603.693, 140
Trd, 4319604.143, 139
Trd, 4319605.643, 119
Trd, 4319607.093, 140
Trd, 4319607.193, 140
Trd, 4319608.243, 140
Trd, 4319609.393, 140
Trd, 4319609.643, 140
Trd, 4319609.793, 140
Trd, 4319609.943, 140
Trd, 4319611.143, 60
Trd, 4319613.193, 60
Trd, 4319613.993, 60
Trd, 4319614.293, 67
Trd, 4319614.893, 101
Trd, 4319615.343, 128
Trd, 4319615.393, 67
Trd, 4319615.643, 67
Trd, 4319617.093, 73
Trd, 4319617.443, 140
Trd, 4319618.243, 72
Trd, 4319618.943, 74
Trd, 4319619.493, 139
Trd, 4319620.493, 139
Trd, 4319620.943, 138
Trd, 4319622.793, 94
Trd, 4319622.893, 90
Trd, 4319623.643, 140
Trd, 4319624.193, 128
Trd, 4319624.243, 127
Trd, 4319625.893, 123
Trd, 4319626.143, 123
Trd, 4319626.493, 124
Trd, 4319627.443, 125
Trd, 4319627.543, 125
Trd, 4319628.243, 140
Trd, 4319629.393, 140
Trd, 4319629.693, 140
Trd, 4319630.093, 140
Trd, 4319631.243, 140
Trd, 4319632.493, 140
Trd, 4319632.643, 140
Trd, 4319633.243, 139
Trd, 4319633.343, 140
Trd, 4319633.393, 139
Trd, 4319634.143, 68
Trd, 4319635.793, 62
Trd, 4319637.693, 60
Trd, 4319637.893, 60
Trd, 4319638.143, 62
Trd, 4319638.993, 62
Trd, 4319639.643, 67
Trd, 4319639.693, 65
Trd, 4319640.293, 63
Trd, 4319640.893, 63
Trd, 4319643.393, 140
Trd, 4319643.493, 140
Trd, 4319644.193, 140
Trd, 4319644.593, 140
Trd, 4319646.243, 140
Trd, 4319646.443, 140
Trd, 4319646.843, 140
Trd, 4319647.443, 140
Trd, 4319647.943, 140
Trd, 4319648.143, 140
Trd, 4319648.393, 138
Trd, 4319648.543, 87
Trd, 4319649.843, 64
Trd, 4319650.543, 62
Trd, 4319652.743, 62
Trd, 4319653.443, 131
Trd, 4319653.943, 131
Trd, 4319654.493, 133
Trd, 4319654.843, 132
Trd, 4319655.193, 139
Trd, 4319656.093, 140
Trd, 4319656.493, 136
Trd, 4319657.393, 123
Trd, 4319657.443, 122
Trd, 4319657.993, 140
Trd, 4319658.243, 139
Trd, 4319659.193, 79
Trd, 4319660.993, 97
Trd, 4319661.443, 104
Trd, 4319661.743, 103
Trd, 4319662.393, 140
Trd, 4319662.443, 140
Trd, 4319662.943, 104
Trd, 4319665.493, 140
Trd, 4319665.943, 140
Trd, 4319666.343, 140
Trd, 4319666.443, 139
Trd, 4319667.043, 140
Trd, 4319667.693, 140
Trd, 4319667.893, 140
Trd, 4319669.393, 140
Trd, 4319670.293, 140
Trd, 4319670.543, 140
Trd, 4319671.843, 140
Trd, 4319672.593, 140
Trd, 4319672.993, 140
Trd, 4319673.643, 140
Trd, 4319673.993, 140
Trd, 4319674.043, 140
Trd, 4319676.793, 140
Trd, 4319677.193, 140
Trd, 4319677.343, 140
Trd, 4319677.693, 140
Trd, 4319678.243, 140
Trd, 4319678.443, 140
Trd, 4319679.793, 140
Trd, 4319680.343, 140
Trd, 4319680.493, 140
Trd, 4319683.543, 140
Trd, 4319683.793, 140
Trd, 4319684.093, 140
Trd, 4319685.593, 140
Trd, 4319685.743, 140
Trd, 4319686.593, 140
Trd, 4319686.843, 140
Trd, 4319687.243, 140
Trd, 4319688.843, 140
Trd, 4319689.493, 140
Trd, 4319689.593, 140
Trd, 4319689.993, 140
Trd, 4319690.643, 140
Trd, 4319691.393, 140
Trd, 4319691.593, 140
Trd, 4319691.743, 140
Trd, 4319691.843, 140
Trd, 4319693.993, 140
Trd, 4319694.293, 140
Trd, 4319694.593, 140
Trd, 4319695.993, 140
Trd, 4319696.193, 140
Trd, 4319696.843, 140
Trd, 4319698.143, 140
Trd, 4319698.893, 140
Trd, 4319699.443, 140
Trd, 4319699.843, 140
Trd, 4319701.143, 140
Trd, 4319701.293, 140
Trd, 4319701.393, 140
Trd, 4319702.593, 140
Trd, 4319703.393, 140
Trd, 4319703.443, 140
Trd, 4319703.893, 140
Trd, 4319704.793, 140
Trd, 4319705.293, 140
Trd, 4319705.893, 140
Trd, 4319706.093, 138
Trd, 4319707.143, 140
Trd, 4319707.693, 140
Trd, 4319708.493, 140
Trd, 4319708.643, 139
Trd, 4319709.443, 140
Trd, 4319709.943, 140
Trd, 4319711.493, 140
Trd, 4319712.043, 140
Trd, 4319712.543, 140
Trd, 4319713.293, 140
Trd, 4319713.843, 140
Trd, 4319714.193, 139
Trd, 4319714.743, 139
Trd, 4319716.293, 67
Trd, 4319717.943, 60
Trd, 4319718.243, 60
Trd, 4319718.843, 60
Trd, 4319719.643, 61
Trd, 4319722.943, 66
Trd, 4319723.443, 65
Trd, 4319723.543, 66
Trd, 4319723.643, 65
Trd, 4319723.793, 70
Trd, 4319724.993, 71
Trd, 4319725.793, 70
Trd, 4319726.443, 91
Trd, 4319727.393, 111
Trd, 4319728.543, 140
Trd, 4319728.793, 140
Trd, 4319729.493, 140
Trd, 4319729.693, 140
Trd, 4319730.343, 140
Trd, 4319730.543, 140
Trd, 4319731.143, 140
Trd, 4319732.543, 140
Trd, 4319732.593, 140
Trd, 4319733.393, 137
Trd, 4319734.543, 69
Trd, 4319734.743, 111
Trd, 4319734.843, 112
Trd, 4319736.093, 60
Trd, 4319736.243, 60
Trd, 4319737.293, 62
Trd, 4319738.343, 61
Trd, 4319739.843, 61
Trd, 4319739.943, 72
Trd, 4319741.993, 61
Trd, 4319744.293, 60
Trd, 4319744.743, 61
Trd, 4319744.993, 63
Trd, 4319745.593, 65
Trd, 4319745.993, 63
Trd, 4319746.543, 65
Trd, 4319746.643, 65
Trd, 4319748.743, 140
Trd, 4319749.543, 140
Trd, 4319750.543, 140
Trd, 4319750.693, 140
Trd, 4319750.743, 140
Trd, 4319750.793, 140
Trd, 4319751.093, 140
Trd, 4319751.143, 134
Trd, 4319753.193, 140
Trd, 4319753.393, 140
Trd, 4319753.643, 140
Trd, 4319754.043, 140
Trd, 4319755.493, 140
Trd, 4319755.693, 140
Trd, 4319756.593, 140
Trd, 4319756.943, 140
Trd, 4319757.493, 69
Trd, 4319757.743, 70
Trd, 4319759.743, 109
Trd, 4319760.743, 114
Trd, 4319761.843, 140
Trd, 4319762.093, 140
Trd, 4319762.393, 140
Trd, 4319763.043, 112
Trd, 4319763.143, 111
Trd, 4319763.693, 111
Trd, 4319763.943, 110
Trd, 4319765.193, 140
Trd, 4319765.843, 140
Trd, 4319766.043, 140
Trd, 4319766.493, 109
Trd, 4319767.093, 74
Trd, 4319767.743, 94
Trd, 4319769.093, 140
Trd, 4319770.193, 108
Trd, 4319771.143, 108
Trd, 4319771.493, 108
Trd, 4319771.593, 108
Trd, 4319773.043, 140
Trd, 4319773.793, 140
Trd, 4319774.143, 140
Trd, 4319774.543, 140
Trd, 4319776.293, 140
Trd, 4319777.243, 140
Trd, 4319777.393, 140
Trd, 4319777.493, 140
Trd, 4319778.443, 140
Trd, 4319778.693, 140
Trd, 4319779.193, 140
Trd, 4319779.293, 140
Trd, 4319779.843, 140
Trd, 4319780.793, 140
Trd, 4319781.493, 140
Trd, 4319782.743, 106
Trd, 4319784.593, 60
Trd, 4319785.043, 63
Trd, 4319785.593, 68
Trd, 4319785.743, 73
Trd, 4319787.043, 60
Trd, 4319788.093, 66
Trd, 4319789.443, 64
Trd, 4319789.593, 65
Trd, 4319791.243, 61
Trd, 4319791.943, 61
Trd, 4319792.493, 65
Trd, 4319792.743, 67
Trd, 4319793.293, 76
Trd, 4319794.643, 76
Trd, 4319795.993, 137
Trd, 4319796.493, 78
Trd, 4319796.593, 77
Trd, 4319796.693, 76
Trd, 4319797.643, 72
Trd, 4319798.093, 104
Trd, 4319799.193, 140
Trd, 4319799.393, 140
Trd, 4319799.443, 139
Trd, 4319800.593, 135
Trd, 4319800.893, 138
Trd, 4319801.643, 71
Trd, 4319802.743, 139
Trd, 4319805.493, 60
Trd, 4319805.993, 62
Trd, 4319807.543, 61
Trd, 4319808.843, 61
Trd, 4319809.843, 60
Trd, 4319810.093, 61
Trd, 4319810.193, 65
Trd, 4319810.543, 62
Trd, 4319811.193, 64
Trd, 4319811.393, 66
Trd, 4319813.893, 140
Trd, 4319815.543, 140
Trd, 4319815.743, 140
Trd, 4319816.193, 140
Trd, 4319816.443, 140
Trd, 4319816.843, 140
Trd, 4319817.543, 140
Trd, 4319817.943, 140
Trd, 4319818.893, 140
Trd, 4319819.643, 140
Trd, 4319821.143, 140
Trd, 4319821.893, 140
Trd, 4319822.743, 140
Trd, 4319823.193, 140
Trd, 4319823.593, 140
Trd, 4319824.893, 140
Trd, 4319824.993, 140
Trd, 4319826.143, 140
Trd, 4319826.343, 140
Trd, 4319827.393, 140
Trd, 4319827.793, 140
Trd, 4319828.193, 140
Trd, 4319829.193, 140
Trd, 4319829.993, 140
Trd, 4319831.293, 140
Trd, 4319831.793, 140
Trd, 4319831.893, 140
Trd, 4319832.093, 140
Trd, 4319832.493, 139
Trd, 4319833.143, 72
Trd, 4319834.143, 70
Trd, 4319836.193, 60
Trd, 4319836.843, 61
Trd, 4319837.493, 64
Trd, 4319837.543, 68
Trd, 4319838.443, 90
Trd, 4319840.743, 60
Trd, 4319841.093, 60
Trd, 4319841.193, 62
Trd, 4319841.843, 62
Trd, 4319842.043, 62
Trd, 4319842.993, 63
Trd, 4319843.243, 62
Trd, 4319843.493, 62
Trd, 4319844.693, 66
Trd, 4319845.393, 140
Trd, 4319846.893, 140
Trd, 4319847.793, 140
Trd, 4319848.343, 140
Trd, 4319848.443, 138
Trd, 4319848.793, 65
Trd, 4319850.693, 63
Trd, 4319850.743, 64
Trd, 4319851.893, 62
Trd, 4319853.743, 61
Trd, 4319854.843, 61
Trd, 4319855.293, 61
Trd, 4319855.443, 60
Trd, 4319855.943, 61
Trd, 4319856.243, 62
Trd, 4319856.793, 60
Trd, 4319857.793, 90
Trd, 4319858.343, 87
Trd, 4319858.693, 105
Trd, 4319859.643, 87
Trd, 4319860.493, 115
Trd, 4319860.693, 88
Trd, 4319861.293, 60
Trd, 4319863.393, 60
Trd, 4319863.493, 61
Trd, 4319864.743, 60
Trd, 4319865.193, 64
Trd, 4319867.393, 61
Trd, 4319867.793, 63
Trd, 4319867.943, 64
Trd, 4319868.343, 63
Trd, 4319868.643, 62
Trd, 4319869.343, 68
Trd, 4319871.143, 60
Trd, 4319872.443, 61
Trd, 4319872.593, 108
Trd, 4319874.043, 62
Trd, 4319877.543, 60
Trd, 4319877.593, 60
Trd, 4319878.093, 61
Trd, 4319878.143, 62
Trd, 4319878.493, 61
Trd, 4319879.393, 61
Trd, 4319880.043, 140
Trd, 4319880.493, 138
Trd, 4319880.893, 139
Trd, 4319881.193, 140
Trd, 4319881.743, 65
Trd, 4319883.143, 140
Trd, 4319883.393, 140
Trd, 4319885.493, 140
Trd, 4319886.193, 140
Trd, 4319886.343, 140
Trd, 4319887.343, 140
Trd, 4319887.643, 140
Trd, 4319887.793, 140
Trd, 4319888.493, 140
Trd, 4319889.493, 140
Trd, 4319889.793, 140
Trd, 4319892.093, 60
Trd, 4319892.343, 61
Trd, 4319893.043, 139
Trd, 4319894.043, 139
Trd, 4319894.193, 131
Trd, 4319894.543, 132
Trd, 4319894.943, 140
Trd, 4319896.293, 140
Trd, 4319896.843, 132
Trd, 4319898.593, 60
Trd, 4319902.043, 60
Trd, 4319902.293, 60
Trd, 4319903.043, 60
Trd, 4319903.393, 60
Trd, 4319904.293, 64
Trd, 4319904.393, 64
Trd, 4319905.043, 64
Trd, 4319905.443, 62
Trd, 4319905.543, 63
Trd, 4319905.743, 86
Trd, 4319906.293, 63
Trd, 4319906.693, 61
Trd, 4319908.343, 98
Trd, 4319908.993, 62
Trd, 4319909.493, 60
Trd, 4319911.693, 140
Trd, 4319911.793, 140
Trd, 4319912.193, 140
Trd, 4319913.393, 140
Trd, 4319913.543, 140
Trd, 4319914.843, 140
Trd, 4319915.093, 140
Trd, 4319916.893, 140
Trd, 4319917.393, 140
Trd, 4319919.093, 140
Trd, 4319919.493, 140
Trd, 4319919.543, 140
Trd, 4319919.643, 140
Trd, 4319920.643, 124
Trd, 4319920.943, 126
Trd, 4319921.843, 140
Trd, 4319922.893, 140
Trd, 4319923.093, 140
Trd, 4319924.393, 140
Trd, 4319925.943, 140
Trd, 4319926.343, 140
Trd, 4319926.443, 140
Trd, 4319926.693, 140
Trd, 4319928.493, 67
Trd, 4319928.743, 65
Trd, 4319928.793, 74
Trd, 4319929.643, 64
Trd, 4319931.493, 64
Trd, 4319933.093, 140
Trd, 4319933.493, 140
Trd, 4319933.643, 140
Trd, 4319934.143, 140
Trd, 4319934.593, 140
Trd, 4319935.243, 66
Trd, 4319935.993, 72
Trd, 4319936.343, 60
Trd, 4319937.543, 60
Trd, 4319938.243, 63
Trd, 4319939.393, 72
Trd, 4319939.643, 63
Trd, 4319940.543, 62
Trd, 4319940.793, 65
Trd, 4319941.793, 66
Trd, 4319942.143, 67
Trd, 4319942.493, 68
Trd, 4319944.693, 77
Trd, 4319944.743, 89
Trd, 4319945.443, 139
Trd, 4319945.793, 137
Trd, 4319946.793, 140
Trd, 4319947.493, 140
Trd, 4319948.143, 140
Trd, 4319948.193, 140
Trd, 4319948.893, 140
Trd, 4319950.493, 140
Trd, 4319951.043, 140
Trd, 4319951.693, 140
Trd, 4319952.093, 140
Trd, 4319952.643, 140
Trd, 4319952.993, 140
Trd, 4319953.343, 137
Trd, 4319955.493, 140
Trd, 4319955.643, 140
Trd, 4319956.043, 140
Trd, 4319956.493, 139
Trd, 4319958.193, 140
Trd, 4319958.293, 140
Trd, 4319958.493, 140
Trd, 4319958.743, 140
Trd, 4319958.993, 140
Trd, 4319960.193, 140
Trd, 4319961.293, 140
Trd, 4319961.443, 140
Trd, 4319961.543, 140
Trd, 4319962.793, 118
Trd, 4319964.243, 60
Trd, 4319964.843, 62
Trd, 4319964.893, 77
Trd, 4319964.993, 60
Trd, 4319965.943, 139
Trd, 4319967.543, 63
Trd, 4319967.993, 105
Trd, 4319968.243, 71
Trd, 4319968.843, 71
Trd, 4319969.293, 74
Trd, 4319970.343, 78
Trd, 4319970.743, 77
Trd, 4319973.243, 140
Trd, 4319973.443, 140
Trd, 4319973.793, 140
Trd, 4319973.843, 140
Trd, 4319974.643, 140
Trd, 4319975.293, 140
Trd, 4319975.843, 140
Trd, 4319975.943, 140
Trd, 4319976.643, 137
Trd, 4319977.743, 140
Trd, 4319978.843, 140
Trd, 4319979.093, 140
Trd, 4319979.643, 140
Trd, 4319980.243, 140
Trd, 4319981.443, 140
Trd, 4319982.493, 140
Trd, 4319983.143, 140
Trd, 4319983.543, 139
Trd, 4319983.743, 138
Trd, 4319985.243, 140
Trd, 4319985.293, 140
Trd, 4319985.743, 140
Trd, 4319985.793, 140
Trd, 4319987.043, 140
Trd, 4319987.793, 140
Trd, 4319988.093, 140
Trd, 4319988.543, 140
Trd, 4319989.043, 140
Trd, 4319989.493, 140
Trd, 4319990.843, 140
Trd, 4319991.543, 140
Trd, 4319992.043, 140
Trd, 4319992.393, 136
Trd, 4319992.793, 102
Trd, 4319993.543, 60
Trd, 4319994.443, 140
Trd, 4319994.543, 139
Trd, 4319995.143, 140
Trd, 4319995.443, 140
Trd, 4319995.893, 140
Trd, 4319996.243, 140
Trd, 4319996.993, 138
Trd, 4319997.543, 60
