Trd, 4318119.143, 62
Trd, 4318119.343, 67
Trd, 4318120.693, 64
Trd, 4318120.793, 65
Trd, 4318120.943, 80
Trd, 4318121.843, 139
Trd, 4318122.893, 139
Trd, 4318123.243, 138
Trd, 4318123.943, 140
Trd, 4318124.243, 124
Trd, 4318124.743, 110
Trd, 4318127.643, 140
Trd, 4318127.743, 140
Trd, 4318128.293, 140
Trd, 4318128.593, 140
Trd, 4318128.693, 140
Trd, 4318128.793, 139
Trd, 4318129.443, 130
Trd, 4318130.593, 129
Trd, 4318131.393, 111
Trd, 4318131.493, 107
Trd, 4318132.593, 96
Trd, 4318133.043, 91
Trd, 4318133.093, 90
Trd, 4318133.343, 70
Trd, 4318135.243, 60
Trd, 4318135.843, 61
Trd, 4318136.393, 69
Trd, 4318136.893, 63
Trd, 4318136.993, 62
Trd, 4318138.493, 61
Trd, 4318140.443, 62
Trd, 4318140.993, 60
Trd, 4318141.293, 61
Trd, 4318142.393, 61
Trd, 4318143.393, 64
Trd, 4318144.293, 60
Trd, 4318144.693, 61
Trd, 4318146.743, 95
Trd, 4318147.293, 96
Trd, 4318148.393, 98
Trd, 4318149.143, 103
Trd, 4318149.543, 102
Trd, 4318149.693, 100
Trd, 4318149.793, 94
Trd, 4318150.043, 91
Trd, 4318150.943, 69
Trd, 4318152.093, 91
Trd, 4318153.193, 140
Trd, 4318153.843, 140
Trd, 4318154.143, 140
Trd, 4318154.493, 140
Trd, 4318154.743, 131
Trd, 4318155.393, 106
Trd, 4318156.443, 83
Trd, 4318156.693, 82
Trd, 4318157.693, 140
Trd, 4318158.093, 80
Trd, 4318161.193, 101
Trd, 4318161.993, 98
Trd, 4318162.043, 94
Trd, 4318162.993, 140
Trd, 4318163.143, 140
Trd, 4318163.693, 136
Trd, 4318164.443, 137
Trd, 4318164.593, 136
Trd, 4318165.843, 134
Trd, 4318166.443, 115
Trd, 4318167.343, 109
Trd, 4318168.143, 113
Trd, 4318168.243, 110
Trd, 4318168.343, 105
Trd, 4318168.743, 102
Trd, 4318168.943, 102
Trd, 4318169.543, 116
Trd, 4318169.643, 101
Trd, 4318169.943, 95
Trd, 4318170.343, 140
Trd, 4318171.643, 117
Trd, 4318172.643, 117
Trd, 4318174.643, 119
Trd, 4318176.343, 110
Trd, 4318176.443, 114
Trd, 4318176.793, 107
Trd, 4318176.893, 101
Trd, 4318177.043, 74
Trd, 4318177.743, 140
Trd, 4318178.793, 80
Trd, 4318181.243, 61
Trd, 4318181.843, 60
Trd, 4318182.593, 65
Trd, 4318183.993, 66
Trd, 4318184.643, 63
Trd, 4318185.643, 69
Trd, 4318186.093, 71
Trd, 4318186.693, 140
Trd, 4318187.843, 78
Trd, 4318188.143, 117
Trd, 4318189.593, 80
Trd, 4318189.643, 76
Trd, 4318191.293, 118
Trd, 4318191.493, 118
Trd, 4318191.793, 113
Trd, 4318192.043, 103
Trd, 4318193.343, 93
Trd, 4318193.493, 123
Trd, 4318193.743, 91
Trd, 4318195.043, 124
Trd, 4318195.243, 123
Trd, 4318195.893, 118
Trd, 4318196.393, 116
Trd, 4318197.043, 107
Trd, 4318197.593, 72
Trd, 4318198.943, 60
Trd, 4318199.293, 61
Trd, 4318199.493, 60
Trd, 4318200.343, 63
Trd, 4318202.343, 86
Trd, 4318202.643, 76
Trd, 4318203.143, 84
Trd, 4318205.243, 97
Trd, 4318206.143, 140
Trd, 4318206.193, 138
Trd, 4318206.643, 137
Trd, 4318207.293, 130
Trd, 4318207.543, 128
Trd, 4318207.693, 127
Trd, 4318208.043, 94
Trd, 4318209.143, 81
Trd, 4318210.043, 140
Trd, 4318210.743, 105
Trd, 4318211.843, 140
Trd, 4318211.943, 140
Trd, 4318212.193, 139
Trd, 4318212.693, 122
Trd, 4318214.243, 115
Trd, 4318214.543, 113
Trd, 4318214.643, 106
Trd, 4318214.693, 101
Trd, 4318216.043, 79
Trd, 4318217.593, 130
Trd, 4318218.693, 112
Trd, 4318219.143, 95
Trd, 4318219.443, 90
Trd, 4318219.593, 89
Trd, 4318219.843, 110
Trd, 4318220.343, 72
Trd, 4318221.143, 139
Trd, 4318221.393, 138
Trd, 4318221.793, 125
Trd, 4318223.343, 66
Trd, 4318223.793, 93
Trd, 4318224.893, 140
Trd, 4318225.043, 140
Trd, 4318227.143, 140
Trd, 4318227.193, 140
Trd, 4318227.343, 95
Trd, 4318229.443, 60
Trd, 4318229.793, 62
Trd, 4318230.793, 69
Trd, 4318230.843, 61
Trd, 4318232.093, 93
Trd, 4318233.093, 95
Trd, 4318233.443, 93
Trd, 4318234.843, 119
Trd, 4318235.193, 91
Trd, 4318235.743, 101
Trd, 4318236.143, 91
Trd, 4318236.343, 91
Trd, 4318236.943, 91
Trd, 4318237.143, 90
Trd, 4318238.043, 92
Trd, 4318238.693, 91
Trd, 4318239.943, 139
Trd, 4318241.143, 110
Trd, 4318241.193, 103
Trd, 4318241.643, 101
Trd, 4318243.443, 117
Trd, 4318243.743, 126
Trd, 4318244.043, 116
Trd, 4318244.493, 103
Trd, 4318247.543, 92
Trd, 4318247.793, 91
Trd, 4318248.343, 140
Trd, 4318249.093, 94
Trd, 4318249.743, 87
Trd, 4318250.143, 87
Trd, 4318250.793, 140
Trd, 4318251.193, 140
Trd, 4318251.293, 139
Trd, 4318252.343, 131
Trd, 4318253.443, 116
Trd, 4318253.493, 79
Trd, 4318254.093, 140
Trd, 4318254.343, 76
Trd, 4318256.343, 60
Trd, 4318256.793, 76
Trd, 4318258.493, 62
Trd, 4318259.093, 61
Trd, 4318261.293, 61
Trd, 4318261.543, 60
Trd, 4318262.943, 62
Trd, 4318263.143, 66
Trd, 4318263.593, 63
Trd, 4318263.643, 70
Trd, 4318264.443, 62
Trd, 4318265.693, 86
Trd, 4318266.243, 85
Trd, 4318267.843, 119
Trd, 4318269.343, 104
Trd, 4318269.843, 117
Trd, 4318270.443, 122
Trd, 4318270.643, 106
Trd, 4318270.843, 100
Trd, 4318271.343, 62
Trd, 4318271.593, 64
Trd, 4318271.893, 66
Trd, 4318272.543, 63
Trd, 4318274.793, 66
Trd, 4318275.943, 101
Trd, 4318276.443, 140
Trd, 4318276.793, 140
Trd, 4318276.943, 139
Trd, 4318277.643, 131
Trd, 4318277.993, 123
Trd, 4318279.043, 60
Trd, 4318279.593, 65
Trd, 4318280.143, 65
Trd, 4318281.143, 140
Trd, 4318281.343, 140
Trd, 4318282.093, 123
Trd, 4318282.393, 135
Trd, 4318282.743, 121
Trd, 4318282.993, 76
Trd, 4318283.443, 77
Trd, 4318284.793, 125
Trd, 4318286.543, 118
Trd, 4318286.593, 116
Trd, 4318287.143, 109
Trd, 4318287.493, 106
Trd, 4318287.593, 92
Trd, 4318289.943, 61
Trd, 4318291.093, 60
Trd, 4318291.193, 82
Trd, 4318291.493, 92
Trd, 4318293.843, 60
Trd, 4318293.893, 60
Trd, 4318295.593, 66
Trd, 4318295.843, 117
Trd, 4318296.193, 108
Trd, 4318296.943, 107
Trd, 4318297.043, 106
Trd, 4318297.193, 105
Trd, 4318297.943, 105
Trd, 4318299.343, 140
Trd, 4318299.993, 131
Trd, 4318300.243, 131
Trd, 4318300.443, 130
Trd, 4318300.593, 115
Trd, 4318301.793, 112
Trd, 4318302.793, 109
Trd, 4318303.343, 100
Trd, 4318304.443, 88
Trd, 4318304.893, 101
Trd, 4318305.443, 60
Trd, 4318306.693, 70
Trd, 4318306.893, 67
Trd, 4318308.043, 81
Trd, 4318308.193, 71
Trd, 4318308.343, 69
Trd, 4318308.893, 88
Trd, 4318309.293, 71
Trd, 4318309.643, 73
Trd, 4318309.893, 72
Trd, 4318310.143, 73
Trd, 4318312.293, 83
Trd, 4318312.543, 91
Trd, 4318312.993, 74
Trd, 4318313.543, 107
Trd, 4318314.543, 96
Trd, 4318316.193, 72
Trd, 4318316.343, 71
Trd, 4318316.993, 67
Trd, 4318317.943, 67
Trd, 4318318.443, 72
Trd, 4318318.743, 70
Trd, 4318320.193, 73
Trd, 4318320.943, 62
Trd, 4318321.343, 63
Trd, 4318321.793, 66
Trd, 4318322.193, 65
Trd, 4318325.343, 62
Trd, 4318325.543, 68
Trd, 4318325.943, 70
Trd, 4318327.343, 61
Trd, 4318328.243, 79
Trd, 4318328.593, 73
Trd, 4318329.043, 87
Trd, 4318329.293, 74
Trd, 4318330.143, 137
Trd, 4318330.793, 77
Trd, 4318331.043, 76
Trd, 4318332.893, 60
Trd, 4318333.493, 63
Trd, 4318333.693, 67
Trd, 4318336.443, 60
Trd, 4318336.843, 60
Trd, 4318337.393, 63
Trd, 4318337.693, 63
Trd, 4318337.843, 107
Trd, 4318338.093, 63
Trd, 4318338.393, 63
Trd, 4318339.093, 60
Trd, 4318340.293, 79
Trd, 4318340.793, 61
Trd, 4318341.993, 66
Trd, 4318342.443, 68
Trd, 4318342.693, 68
Trd, 4318343.993, 75
Trd, 4318344.843, 78
Trd, 4318345.343, 63
Trd, 4318345.893, 63
Trd, 4318345.993, 61
Trd, 4318346.143, 129
Trd, 4318347.443, 139
Trd, 4318349.843, 60
Trd, 4318350.393, 63
Trd, 4318351.393, 64
Trd, 4318351.943, 68
Trd, 4318353.543, 75
Trd, 4318354.243, 74
Trd, 4318354.393, 94
Trd, 4318354.543, 76
Trd, 4318355.093, 75
Trd, 4318355.143, 74
Trd, 4318355.893, 87
Trd, 4318356.093, 86
Trd, 4318357.443, 60
Trd, 4318358.043, 63
Trd, 4318359.793, 62
Trd, 4318360.093, 69
Trd, 4318361.643, 61
Trd, 4318361.693, 61
Trd, 4318363.293, 64
Trd, 4318363.393, 68
Trd, 4318364.343, 123
Trd, 4318364.443, 123
Trd, 4318365.343, 123
Trd, 4318365.393, 122
Trd, 4318366.493, 139
Trd, 4318367.393, 122
Trd, 4318367.793, 115
Trd, 4318368.043, 107
Trd, 4318368.843, 118
Trd, 4318369.943, 137
Trd, 4318370.043, 135
Trd, 4318370.543, 134
Trd, 4318371.943, 83
Trd, 4318372.443, 75
Trd, 4318372.893, 75
Trd, 4318373.593, 81
Trd, 4318373.793, 61
Trd, 4318376.043, 74
Trd, 4318377.093, 132
Trd, 4318377.693, 134
Trd, 4318377.793, 126
Trd, 4318377.943, 124
Trd, 4318378.943, 74
Trd, 4318379.043, 82
Trd, 4318379.243, 60
Trd, 4318380.393, 93
Trd, 4318380.743, 92
Trd, 4318380.943, 87
Trd, 4318381.243, 129
Trd, 4318381.493, 124
Trd, 4318383.443, 127
Trd, 4318383.493, 125
Trd, 4318384.043, 109
Trd, 4318384.193, 68
Trd, 4318385.043, 139
Trd, 4318386.393, 65
Trd, 4318386.693, 60
Trd, 4318386.943, 105
Trd, 4318389.593, 60
Trd, 4318390.843, 61
Trd, 4318391.143, 63
Trd, 4318391.343, 61
Trd, 4318392.143, 66
Trd, 4318392.343, 78
Trd, 4318393.643, 69
Trd, 4318394.793, 74
Trd, 4318394.893, 73
Trd, 4318396.793, 140
Trd, 4318397.193, 129
Trd, 4318397.743, 117
Trd, 4318397.843, 116
Trd, 4318397.893, 115
Trd, 4318398.343, 122
Trd, 4318399.393, 124
Trd, 4318401.393, 81
Trd, 4318402.443, 108
Trd, 4318403.643, 139
Trd, 4318404.543, 114
Trd, 4318404.693, 112
Trd, 4318404.743, 111
Trd, 4318405.093, 108
Trd, 4318405.493, 102
Trd, 4318405.593, 101
Trd, 4318406.043, 138
Trd, 4318407.393, 87
Trd, 4318408.343, 60
Trd, 4318409.443, 69
Trd, 4318410.093, 60
Trd, 4318410.343, 61
Trd, 4318411.343, 62
Trd, 4318412.443, 60
Trd, 4318413.343, 76
Trd, 4318413.543, 85
Trd, 4318414.493, 65
Trd, 4318414.943, 71
Trd, 4318415.493, 75
Trd, 4318415.993, 75
Trd, 4318417.143, 76
Trd, 4318418.843, 101
Trd, 4318419.043, 109
Trd, 4318419.443, 75
Trd, 4318419.743, 75
Trd, 4318420.543, 82
Trd, 4318421.043, 81
Trd, 4318421.093, 69
Trd, 4318421.493, 60
Trd, 4318422.843, 65
Trd, 4318422.993, 87
Trd, 4318424.193, 112
Trd, 4318425.043, 107
Trd, 4318425.893, 140
Trd, 4318426.993, 140
Trd, 4318427.243, 140
Trd, 4318427.343, 130
Trd, 4318428.543, 109
Trd, 4318428.943, 101
Trd, 4318429.493, 102
Trd, 4318430.043, 104
Trd, 4318431.143, 104
Trd, 4318431.193, 103
Trd, 4318431.343, 97
Trd, 4318432.293, 84
Trd, 4318434.993, 61
Trd, 4318435.093, 60
Trd, 4318435.343, 62
Trd, 4318435.593, 67
Trd, 4318436.693, 140
Trd, 4318437.093, 140
Trd, 4318439.193, 140
Trd, 4318439.243, 140
Trd, 4318439.393, 140
Trd, 4318439.593, 119
Trd, 4318441.593, 93
Trd, 4318441.893, 101
Trd, 4318442.193, 76
Trd, 4318443.193, 98
Trd, 4318444.543, 116
Trd, 4318444.643, 96
Trd, 4318445.643, 62
Trd, 4318447.593, 60
Trd, 4318448.193, 87
Trd, 4318448.693, 72
Trd, 4318449.293, 60
Trd, 4318449.343, 64
Trd, 4318450.343, 60
Trd, 4318450.493, 64
Trd, 4318452.643, 95
Trd, 4318453.143, 109
Trd, 4318453.243, 94
Trd, 4318454.193, 94
Trd, 4318454.393, 93
Trd, 4318454.543, 89
Trd, 4318457.193, 60
Trd, 4318458.143, 60
Trd, 4318458.343, 60
Trd, 4318459.243, 106
Trd, 4318460.193, 110
Trd, 4318460.443, 109
Trd, 4318461.093, 139
Trd, 4318461.543, 96
Trd, 4318461.593, 93
Trd, 4318463.843, 92
Trd, 4318464.093, 92
Trd, 4318465.593, 138
Trd, 4318465.843, 129
Trd, 4318466.343, 122
Trd, 4318466.793, 89
Trd, 4318467.193, 62
Trd, 4318467.393, 63
Trd, 4318467.843, 112
Trd, 4318469.393, 70
Trd, 4318470.043, 118
Trd, 4318470.343, 74
Trd, 4318470.493, 65
Trd, 4318471.143, 117
Trd, 4318472.393, 75
Trd, 4318472.643, 74
Trd, 4318473.093, 73
Trd, 4318474.143, 60
Trd, 4318476.043, 60
Trd, 4318477.743, 61
Trd, 4318478.593, 63
Trd, 4318479.093, 81
Trd, 4318479.793, 64
Trd, 4318480.043, 139
Trd, 4318481.093, 64
Trd, 4318481.243, 73
Trd, 4318481.543, 64
Trd, 4318483.343, 61
Trd, 4318483.543, 62
Trd, 4318485.193, 60
Trd, 4318486.093, 63
Trd, 4318487.593, 62
Trd, 4318487.693, 61
Trd, 4318487.793, 64
Trd, 4318487.843, 67
Trd, 4318489.043, 105
Trd, 4318489.143, 83
Trd, 4318489.393, 80
Trd, 4318489.993, 68
Trd, 4318490.443, 139
Trd, 4318492.593, 140
Trd, 4318492.993, 133
Trd, 4318493.943, 133
Trd, 4318494.393, 133
Trd, 4318495.093, 134
Trd, 4318495.593, 122
Trd, 4318495.743, 108
Trd, 4318496.343, 105
Trd, 4318496.543, 63
Trd, 4318498.943, 82
Trd, 4318499.343, 80
Trd, 4318499.593, 77
Trd, 4318500.093, 121
Trd, 4318500.243, 73
Trd, 4318500.693, 63
Trd, 4318501.493, 66
Trd, 4318501.943, 67
Trd, 4318504.093, 61
Trd, 4318504.443, 66
Trd, 4318504.493, 88
Trd, 4318505.993, 109
Trd, 4318506.293, 108
Trd, 4318506.543, 69
Trd, 4318506.793, 73
Trd, 4318507.343, 81
Trd, 4318508.643, 109
Trd, 4318509.793, 126
Trd, 4318510.243, 95
Trd, 4318511.193, 103
Trd, 4318511.443, 83
Trd, 4318511.793, 102
Trd, 4318511.993, 78
Trd, 4318512.243, 100
Trd, 4318512.343, 77
Trd, 4318514.993, 140
Trd, 4318515.193, 124
Trd, 4318515.893, 117
Trd, 4318515.943, 113
Trd, 4318516.493, 107
Trd, 4318516.993, 107
Trd, 4318517.543, 125
Trd, 4318518.443, 124
Trd, 4318520.093, 71
Trd, 4318520.743, 74
Trd, 4318522.293, 138
Trd, 4318522.493, 137
Trd, 4318522.843, 96
Trd, 4318522.943, 73
Trd, 4318522.993, 71
Trd, 4318526.893, 61
Trd, 4318526.943, 63
Trd, 4318527.443, 110
Trd, 4318527.693, 118
Trd, 4318530.993, 60
Trd, 4318531.243, 61
Trd, 4318531.493, 60
Trd, 4318532.343, 60
Trd, 4318532.943, 65
Trd, 4318534.043, 77
Trd, 4318534.993, 138
Trd, 4318535.243, 138
Trd, 4318536.043, 137
Trd, 4318536.693, 99
Trd, 4318537.343, 81
Trd, 4318538.093, 83
Trd, 4318539.043, 125
Trd, 4318539.143, 90
Trd, 4318539.193, 85
Trd, 4318539.743, 103
Trd, 4318541.343, 86
Trd, 4318542.743, 110
Trd, 4318543.143, 96
Trd, 4318544.193, 94
Trd, 4318544.593, 89
Trd, 4318545.443, 90
Trd, 4318545.543, 139
Trd, 4318546.993, 88
Trd, 4318547.543, 88
Trd, 4318547.643, 75
Trd, 4318549.693, 63
Trd, 4318549.743, 67
Trd, 4318550.193, 63
Trd, 4318551.243, 64
Trd, 4318551.743, 107
Trd, 4318552.043, 66
Trd, 4318552.093, 62
Trd, 4318553.043, 90
Trd, 4318553.893, 93
Trd, 4318554.593, 62
Trd, 4318556.143, 76
Trd, 4318556.943, 94
Trd, 4318557.443, 74
Trd, 4318557.793, 73
Trd, 4318557.943, 95
Trd, 4318558.443, 72
Trd, 4318559.343, 68
Trd, 4318562.043, 128
Trd, 4318562.443, 120
Trd, 4318562.493, 119
Trd, 4318563.293, 110
Trd, 4318563.843, 110
Trd, 4318564.793, 110
Trd, 4318565.043, 105
Trd, 4318565.643, 99
Trd, 4318567.143, 108
Trd, 4318568.193, 107
Trd, 4318568.643, 103
Trd, 4318568.793, 97
Trd, 4318570.093, 137
Trd, 4318570.293, 136
Trd, 4318570.943, 135
Trd, 4318571.693, 120
Trd, 4318572.543, 110
Trd, 4318572.693, 108
Trd, 4318572.893, 107
Trd, 4318574.443, 75
Trd, 4318574.843, 109
Trd, 4318575.293, 78
Trd, 4318575.943, 102
Trd, 4318576.843, 81
Trd, 4318576.943, 81
Trd, 4318576.993, 75
Trd, 4318577.293, 101
Trd, 4318577.943, 65
Trd, 4318578.993, 61
Trd, 4318581.943, 70
Trd, 4318582.293, 60
Trd, 4318582.443, 60
Trd, 4318582.943, 76
Trd, 4318583.043, 62
Trd, 4318583.443, 90
Trd, 4318583.843, 87
Trd, 4318584.693, 89
Trd, 4318584.843, 89
Trd, 4318586.193, 93
Trd, 4318586.543, 94
Trd, 4318587.093, 91
Trd, 4318587.343, 131
Trd, 4318588.543, 91
Trd, 4318589.493, 86
Trd, 4318590.543, 61
Trd, 4318591.743, 65
Trd, 4318592.193, 79
Trd, 4318592.743, 139
Trd, 4318592.843, 71
Trd, 4318593.193, 118
Trd, 4318595.543, 140
Trd, 4318595.593, 140
Trd, 4318596.343, 136
Trd, 4318597.293, 134
Trd, 4318597.793, 130
Trd, 4318597.993, 118
Trd, 4318598.693, 109
Trd, 4318599.693, 104
Trd, 4318601.143, 140
Trd, 4318601.743, 140
Trd, 4318601.993, 140
Trd, 4318603.193, 127
Trd, 4318603.693, 126
Trd, 4318604.643, 120
Trd, 4318606.343, 134
Trd, 4318606.543, 133
Trd, 4318606.593, 126
Trd, 4318606.793, 124
Trd, 4318608.193, 123
Trd, 4318608.343, 116
Trd, 4318609.993, 111
Trd, 4318610.193, 65
Trd, 4318610.243, 63
Trd, 4318611.443, 60
Trd, 4318612.293, 60
Trd, 4318614.393, 61
Trd, 4318614.793, 62
Trd, 4318615.543, 60
Trd, 4318615.793, 63
Trd, 4318616.143, 64
Trd, 4318616.893, 86
Trd, 4318617.043, 118
Trd, 4318619.193, 115
Trd, 4318620.343, 116
Trd, 4318620.493, 114
Trd, 4318621.243, 106
Trd, 4318621.343, 98
Trd, 4318621.843, 140
Trd, 4318621.893, 140
Trd, 4318622.943, 121
Trd, 4318623.743, 120
Trd, 4318624.693, 61
Trd, 4318625.093, 66
Trd, 4318626.943, 60
Trd, 4318627.693, 62
Trd, 4318627.793, 60
Trd, 4318628.493, 62
Trd, 4318628.593, 78
Trd, 4318629.793, 60
Trd, 4318631.643, 74
Trd, 4318633.493, 62
Trd, 4318634.493, 63
Trd, 4318634.793, 62
Trd, 4318635.343, 106
Trd, 4318636.743, 111
Trd, 4318637.093, 74
Trd, 4318638.493, 89
Trd, 4318638.793, 91
Trd, 4318638.893, 90
Trd, 4318639.143, 66
Trd, 4318639.543, 137
Trd, 4318639.793, 64
Trd, 4318641.693, 61
Trd, 4318642.343, 61
Trd, 4318642.893, 65
Trd, 4318643.643, 61
Trd, 4318644.843, 73
Trd, 4318645.093, 128
Trd, 4318645.643, 114
Trd, 4318645.843, 140
Trd, 4318645.993, 95
Trd, 4318646.443, 64
Trd, 4318646.693, 101
Trd, 4318647.143, 102
Trd, 4318649.093, 62
Trd, 4318649.743, 80
Trd, 4318650.593, 95
Trd, 4318652.093, 84
Trd, 4318653.143, 84
Trd, 4318653.293, 85
Trd, 4318653.343, 83
Trd, 4318654.843, 60
Trd, 4318655.743, 83
Trd, 4318656.343, 61
Trd, 4318658.643, 64
Trd, 4318659.343, 70
Trd, 4318659.493, 64
Trd, 4318659.993, 75
Trd, 4318660.293, 90
Trd, 4318660.443, 68
Trd, 4318661.193, 72
Trd, 4318661.643, 68
Trd, 4318662.893, 76
Trd, 4318664.493, 140
Trd, 4318664.943, 140
Trd, 4318665.293, 140
Trd, 4318666.243, 131
Trd, 4318667.043, 139
Trd, 4318667.193, 128
Trd, 4318667.243, 122
Trd, 4318668.143, 116
Trd, 4318669.043, 61
Trd, 4318669.593, 61
Trd, 4318671.543, 139
Trd, 4318671.993, 109
Trd, 4318673.393, 102
Trd, 4318673.593, 102
Trd, 4318673.843, 101
Trd, 4318674.093, 78
Trd, 4318675.143, 74
Trd, 4318676.193, 89
Trd, 4318676.393, 85
Trd, 4318677.043, 66
Trd, 4318677.993, 72
Trd, 4318678.843, 90
Trd, 4318679.293, 64
Trd, 4318680.193, 61
Trd, 4318680.343, 60
Trd, 4318681.993, 88
Trd, 4318682.993, 95
Trd, 4318683.943, 93
Trd, 4318684.243, 93
Trd, 4318684.493, 92
Trd, 4318685.243, 140
Trd, 4318685.893, 85
Trd, 4318687.293, 84
Trd, 4318687.493, 82
Trd, 4318688.093, 84
Trd, 4318688.343, 82
Trd, 4318688.393, 100
Trd, 4318688.993, 62
Trd, 4318690.543, 132
Trd, 4318691.493, 98
Trd, 4318691.543, 93
Trd, 4318691.943, 111
Trd, 4318692.193, 117
Trd, 4318692.843, 70
Trd, 4318693.943, 62
Trd, 4318694.993, 140
Trd, 4318696.793, 140
Trd, 4318696.943, 140
Trd, 4318697.493, 140
Trd, 4318697.643, 140
Trd, 4318699.243, 140
Trd, 4318699.343, 138
Trd, 4318700.443, 139
Trd, 4318701.793, 107
Trd, 4318702.093, 100
Trd, 4318702.893, 120
Trd, 4318702.993, 81
Trd, 4318704.693, 61
Trd, 4318706.043, 67
Trd, 4318706.393, 68
Trd, 4318707.143, 104
Trd, 4318707.493, 69
Trd, 4318709.193, 140
Trd, 4318710.343, 140
Trd, 4318710.443, 140
Trd, 4318710.693, 140
Trd, 4318710.993, 140
Trd, 4318712.493, 140
Trd, 4318712.993, 140
Trd, 4318713.343, 130
Trd, 4318714.493, 139
Trd, 4318714.893, 139
Trd, 4318715.543, 94
Trd, 4318716.893, 104
Trd, 4318717.643, 108
Trd, 4318718.793, 105
Trd, 4318718.993, 104
Trd, 4318719.443, 95
Trd, 4318719.543, 63
Trd, 4318719.793, 110
Trd, 4318720.643, 88
Trd, 4318721.043, 87
Trd, 4318721.443, 94
Trd, 4318722.293, 62
Trd, 4318723.643, 64
Trd, 4318723.693, 66
Trd, 4318724.393, 95
Trd, 4318725.443, 97
Trd, 4318725.593, 95
Trd, 4318726.443, 84
Trd, 4318727.143, 85
Trd, 4318727.493, 85
Trd, 4318727.743, 83
Trd, 4318728.943, 107
Trd, 4318730.043, 104
Trd, 4318730.693, 100
Trd, 4318731.043, 98
Trd, 4318731.393, 140
Trd, 4318731.543, 120
Trd, 4318732.043, 86
Trd, 4318733.043, 62
Trd, 4318733.643, 88
Trd, 4318735.143, 64
Trd, 4318735.793, 65
Trd, 4318736.093, 64
Trd, 4318737.443, 140
Trd, 4318737.743, 126
Trd, 4318737.993, 110
Trd, 4318739.743, 81
Trd, 4318739.893, 80
Trd, 4318740.243, 79
Trd, 4318740.743, 80
Trd, 4318741.143, 79
Trd, 4318741.443, 100
Trd, 4318741.643, 73
Trd, 4318743.493, 140
Trd, 4318745.093, 140
Trd, 4318745.593, 140
Trd, 4318745.643, 139
Trd, 4318745.693, 129
Trd, 4318746.243, 101
Trd, 4318746.293, 65
Trd, 4318747.693, 77
Trd, 4318748.043, 75
Trd, 4318748.893, 97
Trd, 4318749.643, 112
Trd, 4318749.843, 112
Trd, 4318750.243, 107
Trd, 4318750.293, 139
Trd, 4318750.443, 101
Trd, 4318751.143, 108
Trd, 4318751.593, 92
Trd, 4318752.493, 92
Trd, 4318753.443, 93
Trd, 4318754.343, 139
Trd, 4318754.593, 139
Trd, 4318754.943, 126
Trd, 4318755.243, 124
Trd, 4318755.443, 98
Trd, 4318756.943, 83
Trd, 4318757.693, 79
Trd, 4318760.493, 140
Trd, 4318760.593, 140
Trd, 4318761.043, 140
Trd, 4318761.293, 130
Trd, 4318761.993, 96
Trd, 4318762.743, 140
Trd, 4318763.693, 101
Trd, 4318763.843, 97
Trd, 4318766.043, 60
Trd, 4318766.943, 61
Trd, 4318767.893, 60
Trd, 4318769.693, 62
Trd, 4318771.143, 79
Trd, 4318771.843, 96
Trd, 4318771.893, 81
Trd, 4318771.993, 80
Trd, 4318773.993, 109
Trd, 4318774.143, 102
Trd, 4318774.343, 95
Trd, 4318774.593, 94
Trd, 4318775.893, 61
Trd, 4318776.943, 84
Trd, 4318778.693, 90
Trd, 4318778.993, 81
Trd, 4318779.243, 80
Trd, 4318779.943, 80
Trd, 4318779.993, 79
Trd, 4318780.193, 77
Trd, 4318780.643, 65
Trd, 4318781.293, 138
Trd, 4318782.543, 116
Trd, 4318783.393, 69
Trd, 4318783.943, 62
Trd, 4318785.343, 64
Trd, 4318785.843, 108
Trd, 4318786.193, 106
Trd, 4318786.943, 80
Trd, 4318788.043, 77
Trd, 4318788.893, 103
Trd, 4318788.943, 102
Trd, 4318789.493, 103
Trd, 4318790.493, 127
Trd, 4318791.693, 140
Trd, 4318791.893, 124
Trd, 4318792.243, 123
Trd, 4318792.893, 113
Trd, 4318794.343, 85
Trd, 4318794.743, 67
Trd, 4318795.593, 73
Trd, 4318795.643, 70
Trd, 4318796.943, 129
Trd, 4318798.393, 124
Trd, 4318798.443, 117
Trd, 4318799.293, 80
Trd, 4318799.943, 80
Trd, 4318800.443, 140
Trd, 4318801.893, 140
Trd, 4318802.743, 140
Trd, 4318803.093, 138
Trd, 4318803.393, 130
Trd, 4318803.793, 120
Trd, 4318803.893, 79
Trd, 4318805.043, 61
Trd, 4318805.143, 97
Trd, 4318806.393, 62
Trd, 4318808.643, 63
Trd, 4318809.843, 74
Trd, 4318810.143, 127
Trd, 4318810.343, 75
Trd, 4318810.993, 95
Trd, 4318811.743, 90
Trd, 4318812.343, 92
Trd, 4318812.743, 89
Trd, 4318813.493, 136
Trd, 4318815.243, 133
Trd, 4318815.293, 128
Trd, 4318816.143, 98
Trd, 4318817.443, 105
Trd, 4318817.493, 103
Trd, 4318817.793, 103
Trd, 4318819.243, 93
Trd, 4318820.393, 93
Trd, 4318820.643, 90
Trd, 4318821.193, 140
Trd, 4318822.443, 112
Trd, 4318822.943, 77
Trd, 4318823.443, 106
Trd, 4318824.543, 61
Trd, 4318825.143, 60
Trd, 4318826.643, 60
Trd, 4318827.043, 62
Trd, 4318827.793, 63
Trd, 4318829.443, 74
Trd, 4318829.943, 73
Trd, 4318830.943, 70
Trd, 4318831.043, 139
Trd, 4318831.493, 82
Trd, 4318832.243, 83
Trd, 4318834.393, 104
Trd, 4318834.493, 100
Trd, 4318835.643, 81
Trd, 4318836.643, 140
Trd, 4318837.593, 140
Trd, 4318837.893, 139
Trd, 4318838.943, 130
Trd, 4318839.493, 116
Trd, 4318839.693, 115
Trd, 4318840.543, 116
Trd, 4318840.693, 112
Trd, 4318842.093, 109
Trd, 4318842.193, 128
Trd, 4318842.243, 81
Trd, 4318845.743, 60
Trd, 4318846.043, 60
Trd, 4318846.293, 60
Trd, 4318847.193, 64
Trd, 4318848.043, 73
Trd, 4318848.343, 71
Trd, 4318848.943, 68
Trd, 4318849.343, 73
Trd, 4318849.443, 64
Trd, 4318851.043, 75
Trd, 4318852.093, 74
Trd, 4318853.043, 70
Trd, 4318853.193, 67
Trd, 4318853.743, 73
Trd, 4318854.693, 67
Trd, 4318856.043, 98
Trd, 4318856.493, 97
Trd, 4318857.793, 139
Trd, 4318857.993, 93
Trd, 4318858.893, 75
Trd, 4318861.443, 61
Trd, 4318861.943, 62
Trd, 4318863.193, 60
Trd, 4318863.743, 60
Trd, 4318864.193, 62
Trd, 4318864.943, 60
Trd, 4318866.593, 63
Trd, 4318866.793, 67
Trd, 4318867.443, 75
Trd, 4318867.493, 100
Trd, 4318867.943, 64
Trd, 4318867.993, 62
Trd, 4318870.843, 61
Trd, 4318871.043, 64
Trd, 4318871.143, 68
Trd, 4318872.193, 70
Trd, 4318872.293, 69
Trd, 4318873.843, 78
Trd, 4318873.893, 76
Trd, 4318875.843, 68
Trd, 4318876.343, 74
Trd, 4318877.093, 88
Trd, 4318877.193, 105
Trd, 4318877.993, 110
Trd, 4318878.093, 70
Trd, 4318878.443, 68
Trd, 4318879.093, 66
Trd, 4318880.343, 62
Trd, 4318881.143, 62
Trd, 4318883.543, 61
Trd, 4318883.743, 72
Trd, 4318884.243, 60
Trd, 4318884.493, 60
Trd, 4318886.743, 61
Trd, 4318886.893, 68
Trd, 4318888.693, 87
Trd, 4318889.643, 88
Trd, 4318890.093, 127
Trd, 4318890.193, 89
Trd, 4318890.743, 84
Trd, 4318892.193, 103
Trd, 4318892.843, 116
Trd, 4318892.993, 110
Trd, 4318893.443, 91
Trd, 4318893.993, 91
Trd, 4318894.593, 60
Trd, 4318895.643, 67
Trd, 4318897.843, 60
Trd, 4318898.293, 60
Trd, 4318898.943, 80
Trd, 4318899.443, 91
Trd, 4318900.093, 61
Trd, 4318900.643, 63
Trd, 4318901.243, 65
Trd, 4318901.893, 65
Trd, 4318902.993, 67
Trd, 4318903.793, 105
Trd, 4318904.093, 100
Trd, 4318905.743, 85
Trd, 4318905.993, 61
Trd, 4318906.793, 62
Trd, 4318907.843, 62
Trd, 4318909.443, 82
Trd, 4318909.593, 98
Trd, 4318911.493, 62
Trd, 4318911.843, 61
Trd, 4318913.493, 60
Trd, 4318914.393, 60
Trd, 4318914.493, 60
Trd, 4318915.593, 82
Trd, 4318915.743, 82
Trd, 4318916.343, 77
Trd, 4318917.443, 82
Trd, 4318918.693, 82
Trd, 4318919.293, 98
Trd, 4318920.543, 62
Trd, 4318920.993, 62
Trd, 4318921.093, 61
Trd, 4318922.643, 61
Trd, 4318923.493, 60
Trd, 4318923.943, 62
Trd, 4318923.993, 91
Trd, 4318924.893, 72
Trd, 4318925.393, 139
Trd, 4318925.443, 118
Trd, 4318926.743, 62
Trd, 4318928.693, 67
Trd, 4318931.143, 62
Trd, 4318931.993, 67
Trd, 4318932.193, 67
Trd, 4318932.493, 70
Trd, 4318933.943, 135
Trd, 4318934.143, 120
Trd, 4318935.493, 69
Trd, 4318936.443, 66
Trd, 4318937.143, 102
Trd, 4318937.843, 140
Trd, 4318937.943, 103
Trd, 4318938.393, 66
Trd, 4318940.143, 112
Trd, 4318940.293, 111
Trd, 4318940.593, 108
Trd, 4318942.993, 61
Trd, 4318943.293, 61
Trd, 4318943.793, 69
Trd, 4318944.743, 60
Trd, 4318945.493, 65
Trd, 4318946.943, 64
Trd, 4318947.793, 68
Trd, 4318949.043, 64
Trd, 4318949.793, 111
Trd, 4318950.293, 68
Trd, 4318951.543, 62
Trd, 4318951.793, 126
Trd, 4318953.143, 66
Trd, 4318953.493, 67
Trd, 4318953.893, 67
Trd, 4318953.993, 102
Trd, 4318954.593, 68
Trd, 4318955.243, 73
Trd, 4318956.643, 79
Trd, 4318956.993, 115
Trd, 4318957.093, 73
Trd, 4318958.243, 70
Trd, 4318958.593, 114
Trd, 4318959.693, 74
Trd, 4318959.743, 72
Trd, 4318960.393, 140
Trd, 4318962.693, 140
Trd, 4318963.643, 111
Trd, 4318963.793, 106
Trd, 4318963.843, 105
Trd, 4318964.093, 91
Trd, 4318965.443, 110
Trd, 4318966.343, 132
Trd, 4318966.393, 79
Trd, 4318967.393, 78
Trd, 4318967.993, 118
Trd, 4318968.393, 139
Trd, 4318969.743, 66
Trd, 4318970.443, 63
Trd, 4318972.143, 60
Trd, 4318972.243, 64
Trd, 4318972.743, 67
Trd, 4318973.793, 64
Trd, 4318973.993, 63
Trd, 4318974.743, 86
Trd, 4318975.643, 73
Trd, 4318975.893, 64
Trd, 4318976.243, 71
Trd, 4318977.693, 104
Trd, 4318978.893, 128
Trd, 4318979.243, 117
Trd, 4318979.993, 120
Trd, 4318980.493, 120
Trd, 4318980.643, 108
Trd, 4318981.243, 63
Trd, 4318982.793, 128
Trd, 4318982.843, 120
Trd, 4318983.443, 119
Trd, 4318983.943, 104
Trd, 4318984.843, 96
Trd, 4318985.843, 130
Trd, 4318985.993, 129
Trd, 4318987.043, 61
Trd, 4318987.143, 61
Trd, 4318989.343, 63
Trd, 4318989.743, 72
Trd, 4318990.743, 63
Trd, 4318990.843, 63
Trd, 4318991.493, 63
Trd, 4318991.843, 69
Trd, 4318992.443, 72
Trd, 4318992.493, 71
Trd, 4318994.193, 91
Trd, 4318994.893, 118
Trd, 4318995.043, 93
Trd, 4318995.493, 88
Trd, 4318997.343, 104
Trd, 4318997.543, 103
Trd, 4318998.293, 98
Trd, 4318998.543, 94
Trd, 4318999.393, 91
Trd, 4319000.393, 140
Trd, 4319001.743, 122
Trd, 4319002.543, 124
Trd, 4319003.393, 124
Trd, 4319003.493, 120
Trd, 4319003.993, 140
Trd, 4319004.043, 123
Trd, 4319004.443, 119
Trd, 4319004.893, 118
Trd, 4319006.043, 111
Trd, 4319006.243, 103
Trd, 4319007.393, 93
Trd, 4319008.393, 75
Trd, 4319009.343, 61
Trd, 4319009.943, 67
Trd, 4319010.743, 101
Trd, 4319011.593, 64
Trd, 4319013.043, 67
Trd, 4319013.293, 66
Trd, 4319013.993, 67
Trd, 4319014.543, 111
Trd, 4319015.493, 112
Trd, 4319016.193, 126
Trd, 4319016.693, 111
Trd, 4319016.893, 140
Trd, 4319017.043, 124
Trd, 4319017.793, 117
Trd, 4319017.893, 109
Trd, 4319019.593, 70
Trd, 4319020.443, 63
Trd, 4319020.693, 71
Trd, 4319022.093, 132
Trd, 4319022.793, 132
Trd, 4319022.843, 131
Trd, 4319022.943, 124
Trd, 4319023.543, 122
Trd, 4319023.893, 106
Trd, 4319024.693, 139
Trd, 4319026.443, 60
Trd, 4319027.243, 61
Trd, 4319029.943, 63
Trd, 4319030.943, 61
Trd, 4319031.793, 61
Trd, 4319032.543, 61
Trd, 4319034.043, 61
Trd, 4319034.843, 67
Trd, 4319035.543, 62
Trd, 4319036.343, 66
Trd, 4319036.843, 66
Trd, 4319037.293, 119
Trd, 4319038.343, 67
Trd, 4319038.743, 67
Trd, 4319038.993, 65
Trd, 4319040.493, 106
Trd, 4319040.693, 105
Trd, 4319040.843, 89
Trd, 4319042.243, 62
Trd, 4319043.543, 85
Trd, 4319044.593, 82
Trd, 4319045.643, 84
Trd, 4319045.993, 65
Trd, 4319046.093, 115
Trd, 4319046.343, 99
Trd, 4319046.993, 91
Trd, 4319047.543, 74
Trd, 4319048.093, 66
Trd, 4319050.943, 64
Trd, 4319051.543, 65
Trd, 4319054.243, 60
Trd, 4319054.693, 62
Trd, 4319054.893, 80
Trd, 4319054.943, 80
Trd, 4319055.093, 62
Trd, 4319056.343, 68
Trd, 4319057.043, 76
Trd, 4319057.293, 68
Trd, 4319058.893, 140
Trd, 4319059.043, 140
Trd, 4319059.143, 131
Trd, 4319059.243, 130
Trd, 4319059.793, 124
Trd, 4319061.193, 113
Trd, 4319062.143, 113
Trd, 4319063.143, 112
Trd, 4319063.693, 140
Trd, 4319064.393, 136
Trd, 4319064.443, 91
Trd, 4319065.293, 79
Trd, 4319065.543, 116
Trd, 4319065.843, 75
Trd, 4319066.643, 73
Trd, 4319067.893, 84
Trd, 4319069.443, 61
Trd, 4319069.843, 75
Trd, 4319070.093, 60
Trd, 4319071.243, 63
Trd, 4319071.543, 78
Trd, 4319073.243, 109
Trd, 4319073.543, 103
Trd, 4319074.693, 105
Trd, 4319075.243, 102
Trd, 4319075.993, 124
Trd, 4319076.743, 102
Trd, 4319076.843, 103
Trd, 4319077.443, 100
Trd, 4319078.243, 139
Trd, 4319078.393, 98
Trd, 4319078.743, 90
Trd, 4319079.593, 84
Trd, 4319080.743, 106
Trd, 4319081.343, 139
Trd, 4319081.793, 106
Trd, 4319082.493, 71
Trd, 4319083.393, 123
Trd, 4319084.493, 140
Trd, 4319085.093, 72
Trd, 4319085.393, 67
Trd, 4319085.743, 73
Trd, 4319086.893, 61
Trd, 4319086.993, 65
Trd, 4319088.543, 68
Trd, 4319090.293, 80
Trd, 4319090.643, 78
Trd, 4319090.743, 84
Trd, 4319090.793, 118
Trd, 4319091.643, 78
Trd, 4319092.293, 80
Trd, 4319092.743, 85
Trd, 4319094.243, 140
Trd, 4319096.493, 140
Trd, 4319096.543, 140
Trd, 4319097.493, 140
Trd, 4319097.643, 140
Trd, 4319098.343, 131
Trd, 4319098.643, 70
Trd, 4319098.843, 134
Trd, 4319099.493, 69
Trd, 4319100.943, 62
Trd, 4319101.843, 63
Trd, 4319103.293, 111
Trd, 4319103.943, 67
Trd, 4319104.993, 69
Trd, 4319105.993, 117
Trd, 4319106.393, 102
Trd, 4319106.843, 71
Trd, 4319108.543, 139
Trd, 4319109.493, 88
Trd, 4319109.743, 87
Trd, 4319109.843, 69
Trd, 4319110.293, 93
Trd, 4319111.193, 94
Trd, 4319111.693, 111
Trd, 4319113.143, 140
Trd, 4319113.543, 140
Trd, 4319114.643, 119
Trd, 4319115.893, 118
Trd, 4319116.143, 113
Trd, 4319117.993, 118
Trd, 4319118.143, 115
Trd, 4319118.443, 107
Trd, 4319119.443, 67
Trd, 4319119.543, 127
Trd, 4319119.943, 103
Trd, 4319120.343, 71
Trd, 4319120.943, 87
Trd, 4319123.493, 70
Trd, 4319125.743, 93
Trd, 4319125.843, 89
Trd, 4319126.243, 135
Trd, 4319126.543, 90
Trd, 4319126.743, 89
Trd, 4319126.993, 88
Trd, 4319127.293, 107
Trd, 4319127.893, 89
Trd, 4319127.993, 88
Trd, 4319128.543, 87
Trd, 4319130.843, 89
Trd, 4319131.193, 89
Trd, 4319131.393, 88
Trd, 4319131.693, 86
Trd, 4319132.493, 98
Trd, 4319133.243, 138
Trd, 4319133.893, 126
Trd, 4319134.643, 61
Trd, 4319134.693, 62
Trd, 4319136.493, 70
Trd, 4319136.843, 66
Trd, 4319137.793, 70
Trd, 4319137.993, 70
Trd, 4319139.993, 76
Trd, 4319140.093, 86
Trd, 4319141.193, 123
Trd, 4319142.743, 126
Trd, 4319143.093, 125
Trd, 4319143.493, 127
Trd, 4319143.943, 126
Trd, 4319144.193, 125
Trd, 4319144.243, 117
Trd, 4319144.693, 110
Trd, 4319146.043, 103
Trd, 4319146.893, 105
Trd, 4319147.243, 99
Trd, 4319147.793, 91
Trd, 4319148.043, 137
Trd, 4319148.443, 65
Trd, 4319149.943, 87
Trd, 4319150.493, 91
Trd, 4319150.793, 89
Trd, 4319151.043, 88
Trd, 4319153.143, 133
Trd, 4319153.543, 133
Trd, 4319153.793, 130
Trd, 4319153.993, 119
Trd, 4319154.543, 112
Trd, 4319155.043, 125
Trd, 4319156.393, 140
Trd, 4319156.693, 140
Trd, 4319157.693, 140
Trd, 4319158.593, 140
Trd, 4319158.643, 139
Trd, 4319158.743, 124
Trd, 4319159.093, 115
Trd, 4319160.393, 127
Trd, 4319160.593, 125
Trd, 4319161.593, 140
Trd, 4319162.543, 138
Trd, 4319163.393, 127
Trd, 4319163.743, 74
Trd, 4319164.293, 77
Trd, 4319165.093, 73
Trd, 4319165.843, 67
Trd, 4319166.743, 61
Trd, 4319167.893, 107
Trd, 4319168.643, 100
Trd, 4319169.043, 101
Trd, 4319170.243, 129
Trd, 4319171.693, 132
Trd, 4319172.093, 131
Trd, 4319172.243, 129
Trd, 4319173.543, 121
Trd, 4319173.893, 88
Trd, 4319175.193, 60
Trd, 4319175.843, 66
Trd, 4319176.143, 106
Trd, 4319177.743, 61
Trd, 4319178.643, 60
Trd, 4319178.693, 62
Trd, 4319179.943, 68
Trd, 4319180.393, 66
Trd, 4319182.043, 140
Trd, 4319182.393, 140
Trd, 4319182.743, 140
Trd, 4319183.243, 137
Trd, 4319184.043, 129
Trd, 4319184.643, 128
Trd, 4319184.793, 127
Trd, 4319185.093, 117
Trd, 4319186.993, 63
Trd, 4319187.393, 60
Trd, 4319187.543, 69
Trd, 4319189.643, 67
Trd, 4319189.793, 69
Trd, 4319191.893, 140
Trd, 4319192.243, 140
Trd, 4319192.393, 140
Trd, 4319192.643, 139
Trd, 4319192.743, 123
Trd, 4319193.243, 100
Trd, 4319193.593, 100
Trd, 4319194.243, 115
Trd, 4319194.643, 101
Trd, 4319194.893, 62
Trd, 4319195.793, 74
Trd, 4319196.493, 138
Trd, 4319196.743, 138
Trd, 4319197.193, 137
Trd, 4319197.943, 68
Trd, 4319198.293, 112
Trd, 4319199.343, 100
Trd, 4319200.643, 132
Trd, 4319200.793, 131
Trd, 4319201.293, 130
Trd, 4319201.543, 124
Trd, 4319201.743, 116
Trd, 4319202.293, 105
Trd, 4319204.743, 121
Trd, 4319204.893, 84
Trd, 4319204.993, 63
Trd, 4319205.343, 131
Trd, 4319208.293, 60
Trd, 4319209.243, 62
Trd, 4319209.593, 68
Trd, 4319209.743, 79
Trd, 4319212.493, 66
Trd, 4319212.593, 65
Trd, 4319212.943, 69
Trd, 4319213.243, 83
Trd, 4319214.093, 94
Trd, 4319214.443, 91
Trd, 4319216.443, 87
Trd, 4319216.593, 86
Trd, 4319216.893, 83
Trd, 4319217.243, 86
Trd, 4319218.943, 94
Trd, 4319219.143, 77
Trd, 4319219.343, 73
Trd, 4319219.643, 60
Trd, 4319221.443, 60
Trd, 4319221.993, 62
Trd, 4319222.893, 65
Trd, 4319223.343, 69
Trd, 4319226.893, 62
Trd, 4319227.093, 68
Trd, 4319227.543, 67
Trd, 4319227.843, 66
Trd, 4319228.043, 65
Trd, 4319228.293, 116
Trd, 4319229.093, 81
Trd, 4319231.993, 111
Trd, 4319232.143, 110
Trd, 4319232.893, 109
Trd, 4319233.143, 99
Trd, 4319233.843, 99
Trd, 4319234.743, 120
Trd, 4319235.143, 96
Trd, 4319235.843, 88
Trd, 4319236.243, 83
Trd, 4319236.643, 76
Trd, 4319237.293, 77
Trd, 4319237.343, 73
Trd, 4319237.943, 67
Trd, 4319238.843, 85
Trd, 4319239.193, 72
Trd, 4319240.243, 140
Trd, 4319240.693, 129
Trd, 4319240.843, 77
Trd, 4319241.493, 74
Trd, 4319241.693, 73
Trd, 4319241.943, 102
Trd, 4319244.593, 60
Trd, 4319245.393, 71
Trd, 4319245.593, 63
Trd, 4319246.143, 62
Trd, 4319247.043, 116
Trd, 4319247.193, 101
Trd, 4319247.293, 99
Trd, 4319247.493, 64
Trd, 4319248.693, 66
Trd, 4319249.543, 123
Trd, 4319249.643, 119
Trd, 4319250.493, 65
Trd, 4319252.093, 61
Trd, 4319252.843, 74
Trd, 4319253.243, 73
Trd, 4319253.693, 67
Trd, 4319254.743, 131
Trd, 4319255.293, 106
Trd, 4319256.093, 139
Trd, 4319256.443, 124
Trd, 4319256.793, 138
Trd, 4319256.893, 118
Trd, 4319257.643, 117
Trd, 4319257.843, 116
Trd, 4319259.593, 96
Trd, 4319259.793, 102
Trd, 4319261.943, 118
Trd, 4319262.393, 140
Trd, 4319262.543, 140
Trd, 4319263.643, 127
Trd, 4319264.343, 116
Trd, 4319264.393, 62
Trd, 4319265.243, 112
Trd, 4319266.443, 86
Trd, 4319267.993, 63
Trd, 4319268.893, 70
Trd, 4319270.393, 76
Trd, 4319270.793, 76
Trd, 4319270.943, 75
Trd, 4319271.043, 72
Trd, 4319271.393, 71
Trd, 4319272.193, 139
Trd, 4319272.293, 130
Trd, 4319274.193, 60
Trd, 4319276.193, 60
Trd, 4319276.343, 65
Trd, 4319276.843, 61
Trd, 4319277.293, 60
Trd, 4319277.943, 70
Trd, 4319278.743, 137
Trd, 4319279.243, 71
Trd, 4319279.793, 65
Trd, 4319280.393, 71
Trd, 4319281.693, 105
Trd, 4319282.293, 106
Trd, 4319282.843, 121
Trd, 4319283.243, 103
Trd, 4319283.543, 101
Trd, 4319283.693, 140
Trd, 4319285.243, 107
Trd, 4319285.393, 106
Trd, 4319287.843, 107
Trd, 4319287.993, 106
Trd, 4319288.743, 106
Trd, 4319288.943, 140
Trd, 4319289.643, 107
Trd, 4319289.993, 101
Trd, 4319290.543, 113
Trd, 4319291.743, 105
Trd, 4319291.993, 99
Trd, 4319292.443, 97
Trd, 4319292.693, 81
Trd, 4319293.693, 63
Trd, 4319294.643, 139
Trd, 4319296.193, 74
Trd, 4319297.343, 78
Trd, 4319298.693, 87
Trd, 4319299.093, 87
Trd, 4319299.143, 86
Trd, 4319299.593, 84
Trd, 4319300.893, 139
Trd, 4319302.093, 133
Trd, 4319302.243, 133
Trd, 4319302.893, 119
Trd, 4319302.993, 118
Trd, 4319303.543, 116
Trd, 4319303.643, 139
Trd, 4319304.493, 109
Trd, 4319305.993, 98
Trd, 4319306.143, 95
Trd, 4319306.493, 124
Trd, 4319306.793, 107
Trd, 4319307.843, 112
Trd, 4319308.743, 60
Trd, 4319310.243, 138
Trd, 4319310.993, 60
Trd, 4319311.443, 61
Trd, 4319312.743, 65
Trd, 4319313.793, 63
Trd, 4319314.393, 63
Trd, 4319315.693, 67
Trd, 4319316.443, 117
Trd, 4319316.693, 116
Trd, 4319316.793, 91
Trd, 4319317.093, 72
Trd, 4319317.543, 139
Trd, 4319319.743, 140
Trd, 4319320.193, 124
Trd, 4319320.243, 122
Trd, 4319320.543, 121
Trd, 4319320.943, 113
Trd, 4319322.243, 68
Trd, 4319322.493, 67
Trd, 4319323.343, 79
Trd, 4319323.743, 86
Trd, 4319325.293, 63
Trd, 4319326.193, 68
Trd, 4319326.493, 65
Trd, 4319326.693, 122
Trd, 4319326.943, 65
Trd, 4319328.293, 66
Trd, 4319328.943, 76
Trd, 4319329.293, 65
Trd, 4319331.193, 62
Trd, 4319331.293, 64
Trd, 4319331.843, 69
Trd, 4319332.043, 70
Trd, 4319333.393, 71
Trd, 4319333.543, 70
Trd, 4319336.343, 61
Trd, 4319336.543, 60
Trd, 4319337.343, 60
Trd, 4319338.143, 60
Trd, 4319339.043, 63
Trd, 4319339.243, 63
Trd, 4319339.293, 64
Trd, 4319340.793, 69
Trd, 4319341.293, 68
Trd, 4319341.343, 135
Trd, 4319342.593, 108
Trd, 4319343.243, 129
Trd, 4319343.393, 109
Trd, 4319344.793, 140
Trd, 4319345.043, 139
Trd, 4319345.543, 115
Trd, 4319347.143, 71
Trd, 4319347.743, 97
Trd, 4319347.843, 93
Trd, 4319348.293, 136
Trd, 4319348.593, 60
Trd, 4319349.543, 73
Trd, 4319350.793, 61
Trd, 4319351.993, 60
Trd, 4319353.493, 60
Trd, 4319354.093, 61
Trd, 4319354.693, 63
Trd, 4319356.043, 69
Trd, 4319356.343, 68
Trd, 4319357.093, 73
Trd, 4319358.593, 85
Trd, 4319358.843, 84
Trd, 4319358.943, 73
Trd, 4319359.043, 72
Trd, 4319360.543, 66
Trd, 4319360.893, 62
Trd, 4319361.943, 65
Trd, 4319362.243, 63
Trd, 4319362.743, 116
Trd, 4319363.943, 105
Trd, 4319364.093, 103
Trd, 4319364.693, 77
Trd, 4319365.343, 60
Trd, 4319367.793, 61
Trd, 4319368.593, 60
Trd, 4319368.743, 64
Trd, 4319369.793, 62
Trd, 4319370.243, 79
Trd, 4319370.743, 139
Trd, 4319371.193, 122
Trd, 4319372.093, 87
Trd, 4319372.943, 71
Trd, 4319373.843, 74
Trd, 4319375.343, 140
Trd, 4319375.443, 124
Trd, 4319375.843, 124
Trd, 4319376.493, 106
Trd, 4319376.593, 105
Trd, 4319377.493, 92
Trd, 4319378.493, 68
Trd, 4319380.193, 115
Trd, 4319380.593, 140
Trd, 4319381.243, 124
Trd, 4319381.493, 123
Trd, 4319381.943, 68
Trd, 4319382.893, 116
Trd, 4319383.843, 71
Trd, 4319384.043, 79
Trd, 4319384.343, 65
Trd, 4319386.143, 64
Trd, 4319387.343, 126
Trd, 4319387.443, 135
Trd, 4319387.543, 82
Trd, 4319388.493, 105
Trd, 4319388.743, 99
Trd, 4319389.493, 98
Trd, 4319390.343, 127
Trd, 4319390.543, 121
Trd, 4319392.943, 140
Trd, 4319393.493, 140
Trd, 4319393.743, 140
Trd, 4319394.243, 140
Trd, 4319394.743, 115
Trd, 4319394.993, 96
Trd, 4319396.243, 71
Trd, 4319396.743, 62
Trd, 4319397.793, 62
Trd, 4319398.343, 65
Trd, 4319398.593, 66
Trd, 4319398.693, 72
Trd, 4319400.093, 110
Trd, 4319400.143, 75
Trd, 4319401.093, 70
Trd, 4319401.543, 70
Trd, 4319401.743, 100
Trd, 4319402.543, 77
Trd, 4319402.793, 74
Trd, 4319403.443, 82
Trd, 4319403.993, 84
Trd, 4319405.393, 84
Trd, 4319405.743, 74
Trd, 4319406.893, 140
Trd, 4319407.143, 140
Trd, 4319407.843, 140
Trd, 4319409.743, 132
Trd, 4319409.993, 126
Trd, 4319410.143, 117
Trd, 4319410.593, 75
Trd, 4319411.293, 140
Trd, 4319411.393, 140
Trd, 4319412.893, 100
Trd, 4319413.543, 131
Trd, 4319413.793, 99
Trd, 4319414.793, 80
Trd, 4319415.593, 78
Trd, 4319416.593, 78
Trd, 4319417.643, 140
Trd, 4319418.243, 133
Trd, 4319419.443, 124
Trd, 4319419.543, 122
Trd, 4319419.793, 121
Trd, 4319419.843, 111
Trd, 4319420.093, 95
Trd, 4319420.343, 95
Trd, 4319421.693, 131
Trd, 4319423.093, 61
Trd, 4319423.993, 66
Trd, 4319425.393, 99
Trd, 4319425.443, 97
Trd, 4319427.393, 100
Trd, 4319427.793, 99
Trd, 4319427.993, 98
Trd, 4319428.393, 102
Trd, 4319430.643, 65
Trd, 4319431.343, 72
Trd, 4319431.593, 64
Trd, 4319432.693, 72
Trd, 4319434.643, 139
Trd, 4319434.993, 124
Trd, 4319435.543, 139
Trd, 4319435.593, 113
Trd, 4319435.643, 112
Trd, 4319435.993, 106
Trd, 4319436.793, 105
Trd, 4319438.493, 96
Trd, 4319439.243, 90
Trd, 4319439.493, 89
Trd, 4319439.893, 101
Trd, 4319440.243, 87
Trd, 4319440.543, 134
Trd, 4319441.293, 89
Trd, 4319441.943, 85
Trd, 4319441.993, 84
Trd, 4319442.393, 113
Trd, 4319444.893, 71
Trd, 4319445.093, 72
Trd, 4319447.443, 61
Trd, 4319447.693, 96
Trd, 4319447.743, 112
Trd, 4319448.293, 62
Trd, 4319448.393, 61
Trd, 4319448.593, 67
Trd, 4319450.843, 68
Trd, 4319451.093, 70
Trd, 4319452.493, 140
Trd, 4319453.093, 140
Trd, 4319453.993, 140
Trd, 4319454.243, 139
Trd, 4319454.643, 131
Trd, 4319455.193, 124
Trd, 4319455.993, 62
Trd, 4319457.593, 60
Trd, 4319458.643, 63
Trd, 4319460.093, 62
Trd, 4319460.143, 69
Trd, 4319460.293, 62
Trd, 4319460.443, 61
Trd, 4319460.743, 62
Trd, 4319461.943, 62
Trd, 4319462.843, 134
Trd, 4319462.993, 127
Trd, 4319463.243, 106
Trd, 4319464.843, 68
Trd, 4319465.393, 69
Trd, 4319465.893, 69
Trd, 4319466.143, 69
Trd, 4319466.793, 98
Trd, 4319466.993, 130
Trd, 4319469.143, 66
Trd, 4319470.043, 116
Trd, 4319470.643, 83
Trd, 4319471.293, 73
Trd, 4319471.943, 109
Trd, 4319472.743, 67
Trd, 4319473.193, 66
Trd, 4319474.243, 109
Trd, 4319475.443, 94
Trd, 4319475.593, 95
Trd, 4319475.993, 93
Trd, 4319476.593, 99
Trd, 4319477.543, 92
Trd, 4319478.393, 140
Trd, 4319479.093, 140
Trd, 4319480.393, 140
Trd, 4319480.443, 126
Trd, 4319480.493, 111
Trd, 4319481.393, 80
Trd, 4319481.743, 79
Trd, 4319482.593, 92
Trd, 4319482.893, 86
Trd, 4319483.943, 69
Trd, 4319484.693, 70
Trd, 4319485.993, 140
Trd, 4319486.593, 128
Trd, 4319486.743, 113
Trd, 4319487.393, 70
Trd, 4319487.943, 71
Trd, 4319488.343, 95
Trd, 4319488.843, 140
Trd, 4319489.143, 140
Trd, 4319490.443, 103
Trd, 4319492.043, 106
Trd, 4319492.343, 105
Trd, 4319492.593, 115
Trd, 4319492.743, 104
Trd, 4319494.393, 100
Trd, 4319495.443, 124
Trd, 4319495.493, 122
Trd, 4319495.543, 95
Trd, 4319497.343, 81
Trd, 4319497.393, 84
Trd, 4319499.093, 81
Trd, 4319499.943, 82
Trd, 4319499.993, 80
Trd, 4319500.493, 78
Trd, 4319501.743, 80
Trd, 4319502.343, 92
Trd, 4319503.193, 132
Trd, 4319503.593, 131
Trd, 4319503.943, 81
Trd, 4319504.043, 79
Trd, 4319505.143, 140
Trd, 4319506.143, 65
Trd, 4319508.293, 68
Trd, 4319508.593, 69
Trd, 4319508.793, 85
Trd, 4319509.243, 68
Trd, 4319511.493, 105
Trd, 4319511.543, 104
Trd, 4319511.593, 102
Trd, 4319511.743, 97
Trd, 4319512.743, 129
Trd, 4319513.343, 120
Trd, 4319513.643, 119
Trd, 4319514.293, 112
Trd, 4319514.693, 107
Trd, 4319515.143, 107
Trd, 4319516.543, 107
Trd, 4319517.343, 99
Trd, 4319517.793, 123
Trd, 4319518.143, 60
Trd, 4319520.293, 87
Trd, 4319523.393, 63
Trd, 4319523.443, 62
Trd, 4319523.993, 89
Trd, 4319525.593, 133
Trd, 4319525.793, 85
Trd, 4319527.043, 139
Trd, 4319527.343, 125
Trd, 4319528.143, 125
Trd, 4319529.393, 140
Trd, 4319529.493, 131
Trd, 4319529.543, 130
Trd, 4319530.443, 133
Trd, 4319530.893, 134
Trd, 4319532.743, 112
Trd, 4319532.793, 111
Trd, 4319532.993, 103
Trd, 4319533.743, 125
Trd, 4319533.943, 85
Trd, 4319534.643, 87
Trd, 4319535.593, 74
Trd, 4319537.093, 71
Trd, 4319537.493, 75
Trd, 4319537.543, 72
Trd, 4319537.993, 70
Trd, 4319538.193, 68
Trd, 4319539.643, 64
Trd, 4319540.543, 137
Trd, 4319540.843, 65
Trd, 4319542.193, 113
Trd, 4319542.543, 135
Trd, 4319543.493, 113
Trd, 4319543.693, 111
Trd, 4319543.843, 104
Trd, 4319544.893, 102
Trd, 4319545.093, 101
Trd, 4319546.193, 109
Trd, 4319548.143, 106
Trd, 4319548.393, 102
Trd, 4319550.193, 104
Trd, 4319550.343, 103
Trd, 4319550.443, 97
Trd, 4319550.893, 127
Trd, 4319552.193, 131
Trd, 4319552.343, 120
Trd, 4319552.443, 109
Trd, 4319552.993, 110
Trd, 4319553.393, 121
Trd, 4319553.843, 107
Trd, 4319554.093, 88
Trd, 4319555.943, 138
Trd, 4319556.343, 134
Trd, 4319556.443, 133
Trd, 4319556.593, 118
Trd, 4319557.543, 117
Trd, 4319559.043, 140
Trd, 4319559.193, 140
Trd, 4319559.243, 139
Trd, 4319559.793, 61
Trd, 4319560.243, 127
Trd, 4319560.943, 106
Trd, 4319561.893, 97
Trd, 4319561.943, 85
Trd, 4319563.493, 81
Trd, 4319563.993, 71
Trd, 4319564.943, 91
Trd, 4319565.293, 83
Trd, 4319566.743, 114
Trd, 4319566.943, 115
Trd, 4319567.293, 139
Trd, 4319567.893, 122
Trd, 4319568.543, 129
Trd, 4319568.593, 116
Trd, 4319568.693, 115
Trd, 4319568.893, 109
Trd, 4319570.543, 79
Trd, 4319570.643, 72
Trd, 4319572.293, 66
Trd, 4319573.143, 140
Trd, 4319573.693, 140
Trd, 4319573.843, 140
Trd, 4319574.743, 94
Trd, 4319575.643, 93
Trd, 4319575.693, 93
Trd, 4319576.193, 102
Trd, 4319576.793, 117
Trd, 4319577.443, 140
Trd, 4319578.343, 140
Trd, 4319578.543, 100
Trd, 4319579.393, 96
Trd, 4319580.743, 98
Trd, 4319582.093, 61
Trd, 4319582.643, 139
Trd, 4319582.893, 89
Trd, 4319583.943, 90
Trd, 4319585.093, 127
Trd, 4319586.293, 130
Trd, 4319586.543, 127
Trd, 4319587.043, 120
Trd, 4319587.543, 114
Trd, 4319589.193, 118
Trd, 4319589.443, 70
Trd, 4319590.643, 137
Trd, 4319591.593, 131
Trd, 4319591.993, 130
Trd, 4319592.343, 122
Trd, 4319592.443, 122
Trd, 4319593.843, 75
Trd, 4319594.893, 100
Trd, 4319594.993, 99
Trd, 4319595.593, 99
Trd, 4319595.793, 98
Trd, 4319597.543, 72
Trd, 4319598.093, 92
Trd, 4319598.143, 91
Trd, 4319598.993, 140
Trd, 4319599.843, 106
Trd, 4319600.743, 98
Trd, 4319601.043, 100
Trd, 4319601.593, 112
Trd, 4319601.843, 107
Trd, 4319602.243, 106
Trd, 4319603.543, 78
Trd, 4319604.243, 88
Trd, 4319605.593, 140
Trd, 4319606.293, 140
Trd, 4319606.343, 140
Trd, 4319606.693, 140
Trd, 4319608.193, 92
Trd, 4319608.693, 88
Trd, 4319610.343, 65
Trd, 4319610.493, 68
Trd, 4319610.793, 79
Trd, 4319611.543, 103
Trd, 4319611.943, 85
Trd, 4319613.193, 68
Trd, 4319613.593, 63
Trd, 4319614.693, 61
Trd, 4319615.043, 61
Trd, 4319615.743, 77
Trd, 4319616.243, 65
Trd, 4319616.693, 94
Trd, 4319617.443, 104
Trd, 4319617.943, 98
Trd, 4319618.243, 97
Trd, 4319618.493, 140
Trd, 4319620.193, 120
Trd, 4319620.843, 131
Trd, 4319621.193, 122
Trd, 4319623.543, 111
Trd, 4319624.143, 112
Trd, 4319625.043, 113
Trd, 4319625.493, 113
Trd, 4319625.593, 112
Trd, 4319625.893, 81
Trd, 4319626.443, 100
Trd, 4319627.393, 60
Trd, 4319629.443, 61
Trd, 4319630.693, 62
Trd, 4319630.793, 82
Trd, 4319631.593, 63
Trd, 4319632.493, 70
Trd, 4319632.643, 68
Trd, 4319633.843, 121
Trd, 4319633.893, 66
Trd, 4319634.493, 73
Trd, 4319635.793, 76
Trd, 4319637.143, 89
Trd, 4319637.243, 88
Trd, 4319637.593, 88
Trd, 4319638.393, 90
Trd, 4319638.543, 89
Trd, 4319639.693, 76
Trd, 4319640.043, 78
Trd, 4319640.243, 137
Trd, 4319640.293, 75
Trd, 4319640.743, 68
Trd, 4319642.893, 65
Trd, 4319644.093, 82
Trd, 4319645.293, 80
Trd, 4319645.793, 78
Trd, 4319646.343, 61
Trd, 4319647.443, 139
Trd, 4319648.393, 62
Trd, 4319649.443, 67
Trd, 4319649.543, 68
Trd, 4319649.893, 73
Trd, 4319651.343, 100
Trd, 4319651.743, 99
Trd, 4319652.343, 94
Trd, 4319652.643, 82
Trd, 4319653.293, 61
Trd, 4319653.493, 63
Trd, 4319654.793, 66
Trd, 4319655.493, 64
Trd, 4319656.143, 67
Trd, 4319656.943, 65
Trd, 4319657.393, 67
Trd, 4319658.693, 82
Trd, 4319659.443, 81
Trd, 4319659.693, 78
Trd, 4319659.893, 99
Trd, 4319660.193, 108
Trd, 4319660.743, 138
Trd, 4319661.043, 123
Trd, 4319661.393, 122
Trd, 4319662.693, 104
Trd, 4319663.343, 71
Trd, 4319663.493, 116
Trd, 4319666.243, 63
Trd, 4319666.593, 110
Trd, 4319666.793, 60
Trd, 4319668.893, 62
Trd, 4319669.593, 61
Trd, 4319669.693, 62
Trd, 4319669.993, 60
Trd, 4319670.143, 69
Trd, 4319671.093, 140
Trd, 4319671.143, 140
Trd, 4319672.393, 69
Trd, 4319672.743, 70
Trd, 4319673.043, 79
Trd, 4319673.293, 67
Trd, 4319674.043, 73
Trd, 4319676.293, 61
Trd, 4319677.193, 61
Trd, 4319677.793, 72
Trd, 4319678.693, 72
Trd, 4319679.093, 81
Trd, 4319679.193, 80
Trd, 4319681.093, 90
Trd, 4319682.143, 94
Trd, 4319682.543, 94
Trd, 4319683.793, 122
Trd, 4319683.843, 134
Trd, 4319683.993, 121
Trd, 4319684.493, 110
Trd, 4319685.193, 102
Trd, 4319685.593, 93
Trd, 4319686.493, 81
Trd, 4319686.643, 79
Trd, 4319687.543, 95
Trd, 4319688.143, 122
Trd, 4319688.743, 92
Trd, 4319689.193, 139
Trd, 4319690.143, 79
Trd, 4319690.293, 114
Trd, 4319690.593, 77
Trd, 4319691.993, 125
Trd, 4319692.143, 124
Trd, 4319692.493, 121
Trd, 4319693.543, 111
Trd, 4319693.643, 98
Trd, 4319694.743, 69
Trd, 4319696.293, 60
Trd, 4319696.443, 60
Trd, 4319697.243, 110
Trd, 4319697.543, 104
Trd, 4319698.293, 115
Trd, 4319699.293, 119
Trd, 4319699.893, 108
Trd, 4319700.593, 109
Trd, 4319700.993, 102
Trd, 4319701.343, 110
Trd, 4319704.043, 140
Trd, 4319704.643, 140
Trd, 4319705.843, 140
Trd, 4319706.393, 140
Trd, 4319706.743, 140
Trd, 4319706.793, 140
Trd, 4319708.893, 139
Trd, 4319709.093, 139
Trd, 4319711.993, 137
Trd, 4319712.243, 136
Trd, 4319712.343, 128
Trd, 4319713.543, 108
Trd, 4319714.943, 102
Trd, 4319715.343, 129
Trd, 4319715.943, 102
Trd, 4319716.943, 77
Trd, 4319717.443, 78
Trd, 4319718.293, 74
Trd, 4319719.243, 64
Trd, 4319720.143, 61
Trd, 4319721.643, 72
Trd, 4319722.093, 94
Trd, 4319722.493, 89
Trd, 4319722.793, 88
Trd, 4319723.143, 87
Trd, 4319723.393, 82
Trd, 4319724.993, 122
Trd, 4319725.043, 128
Trd, 4319725.243, 114
Trd, 4319726.343, 115
Trd, 4319726.993, 107
Trd, 4319727.643, 136
Trd, 4319728.493, 97
Trd, 4319728.993, 94
Trd, 4319729.593, 96
Trd, 4319729.643, 95
Trd, 4319731.393, 87
Trd, 4319732.593, 68
Trd, 4319733.143, 137
Trd, 4319734.393, 67
Trd, 4319735.443, 60
Trd, 4319736.143, 63
Trd, 4319736.593, 64
Trd, 4319736.793, 74
Trd, 4319737.743, 65
Trd, 4319737.793, 64
Trd, 4319738.743, 98
Trd, 4319739.043, 92
Trd, 4319739.243, 96
Trd, 4319739.793, 88
Trd, 4319740.843, 63
Trd, 4319742.993, 60
Trd, 4319744.393, 60
Trd, 4319744.543, 61
Trd, 4319745.793, 65
Trd, 4319747.393, 61
Trd, 4319747.593, 63
Trd, 4319748.293, 66
Trd, 4319749.293, 68
Trd, 4319749.593, 67
Trd, 4319750.443, 71
Trd, 4319750.943, 80
Trd, 4319751.443, 90
Trd, 4319751.493, 84
Trd, 4319751.743, 79
Trd, 4319752.293, 72
Trd, 4319754.243, 138
Trd, 4319754.393, 129
Trd, 4319754.693, 129
Trd, 4319755.593, 120
Trd, 4319755.843, 111
Trd, 4319756.793, 93
Trd, 4319757.093, 92
Trd, 4319757.643, 80
Trd, 4319758.193, 79
Trd, 4319760.093, 73
Trd, 4319760.743, 82
Trd, 4319761.143, 83
Trd, 4319761.643, 140
Trd, 4319762.293, 140
Trd, 4319763.793, 140
Trd, 4319764.643, 111
Trd, 4319764.743, 104
Trd, 4319764.793, 102
Trd, 4319765.043, 102
Trd, 4319765.493, 76
Trd, 4319765.943, 66
Trd, 4319767.793, 140
Trd, 4319768.293, 140
Trd, 4319768.593, 123
Trd, 4319769.743, 110
Trd, 4319770.343, 131
Trd, 4319771.593, 140
Trd, 4319771.693, 140
Trd, 4319772.593, 124
Trd, 4319773.543, 120
Trd, 4319774.743, 118
Trd, 4319774.943, 115
Trd, 4319775.393, 129
Trd, 4319775.693, 113
Trd, 4319776.993, 83
Trd, 4319777.143, 83
Trd, 4319777.493, 111
Trd, 4319778.293, 103
Trd, 4319779.343, 96
Trd, 4319780.043, 65
Trd, 4319780.993, 62
Trd, 4319781.193, 65
Trd, 4319781.693, 64
Trd, 4319782.543, 116
Trd, 4319783.243, 108
Trd, 4319783.993, 72
Trd, 4319784.493, 63
Trd, 4319785.643, 69
Trd, 4319785.993, 68
Trd, 4319786.593, 68
Trd, 4319787.343, 75
Trd, 4319787.743, 95
Trd, 4319788.743, 63
Trd, 4319789.143, 83
Trd, 4319789.993, 73
Trd, 4319791.693, 100
Trd, 4319791.793, 99
Trd, 4319792.293, 99
Trd, 4319792.843, 102
Trd, 4319792.993, 98
Trd, 4319793.943, 93
Trd, 4319793.993, 92
Trd, 4319794.643, 106
Trd, 4319796.743, 138
Trd, 4319797.293, 122
Trd, 4319797.343, 121
Trd, 4319797.693, 140
Trd, 4319798.343, 111
Trd, 4319798.693, 102
Trd, 4319799.893, 100
Trd, 4319800.293, 96
Trd, 4319800.993, 97
Trd, 4319801.443, 96
Trd, 4319802.793, 92
Trd, 4319803.793, 88
Trd, 4319804.393, 90
Trd, 4319804.893, 87
Trd, 4319805.593, 83
Trd, 4319805.693, 76
Trd, 4319807.443, 140
Trd, 4319807.743, 140
Trd, 4319807.943, 114
Trd, 4319809.043, 60
Trd, 4319810.743, 60
Trd, 4319810.943, 62
Trd, 4319811.793, 127
Trd, 4319812.743, 64
Trd, 4319813.343, 96
Trd, 4319814.193, 94
Trd, 4319814.643, 93
Trd, 4319815.243, 93
Trd, 4319815.293, 92
Trd, 4319816.143, 60
Trd, 4319816.643, 79
Trd, 4319817.843, 61
Trd, 4319818.093, 62
Trd, 4319819.743, 115
Trd, 4319819.993, 103
Trd, 4319820.993, 101
Trd, 4319821.493, 98
Trd, 4319821.693, 140
Trd, 4319823.093, 110
Trd, 4319824.093, 60
Trd, 4319826.443, 60
Trd, 4319826.693, 64
Trd, 4319827.143, 84
Trd, 4319827.943, 61
Trd, 4319829.393, 61
Trd, 4319829.643, 97
Trd, 4319829.893, 96
Trd, 4319831.093, 100
Trd, 4319831.193, 119
Trd, 4319831.393, 99
Trd, 4319832.543, 102
Trd, 4319833.143, 101
Trd, 4319833.593, 100
Trd, 4319833.693, 96
Trd, 4319835.243, 140
Trd, 4319835.993, 140
Trd, 4319836.243, 140
Trd, 4319836.393, 132
Trd, 4319836.693, 125
Trd, 4319837.843, 107
Trd, 4319837.893, 81
Trd, 4319839.143, 140
Trd, 4319841.393, 65
Trd, 4319841.993, 61
Trd, 4319842.593, 68
Trd, 4319843.743, 77
Trd, 4319843.843, 77
Trd, 4319844.043, 114
Trd, 4319844.293, 77
Trd, 4319844.743, 62
Trd, 4319845.493, 90
Trd, 4319846.893, 66
Trd, 4319848.043, 91
Trd, 4319848.543, 91
Trd, 4319848.593, 92
Trd, 4319849.943, 97
Trd, 4319851.243, 123
Trd, 4319851.893, 114
Trd, 4319852.793, 140
Trd, 4319853.693, 140
Trd, 4319853.743, 140
Trd, 4319854.143, 130
Trd, 4319854.293, 107
Trd, 4319855.343, 90
Trd, 4319856.343, 125
Trd, 4319856.843, 87
Trd, 4319858.293, 60
Trd, 4319859.293, 60
Trd, 4319861.043, 60
Trd, 4319861.943, 60
Trd, 4319862.593, 60
Trd, 4319863.043, 68
Trd, 4319864.043, 65
Trd, 4319864.293, 71
Trd, 4319865.043, 62
Trd, 4319865.193, 61
Trd, 4319865.793, 62
Trd, 4319866.843, 76
Trd, 4319867.193, 62
Trd, 4319867.593, 77
Trd, 4319868.693, 122
Trd, 4319870.393, 61
Trd, 4319871.643, 73
Trd, 4319871.943, 72
Trd, 4319872.143, 70
Trd, 4319872.743, 77
Trd, 4319873.043, 72
Trd, 4319874.443, 63
Trd, 4319875.393, 140
Trd, 4319875.793, 140
Trd, 4319875.893, 140
Trd, 4319877.143, 61
Trd, 4319878.143, 60
Trd, 4319878.793, 67
Trd, 4319879.943, 86
Trd, 4319880.093, 69
Trd, 4319881.143, 72
Trd, 4319882.343, 78
Trd, 4319882.743, 76
Trd, 4319882.843, 75
Trd, 4319884.343, 112
Trd, 4319884.543, 95
Trd, 4319885.493, 99
Trd, 4319886.243, 87
Trd, 4319886.393, 86
Trd, 4319887.893, 138
Trd, 4319888.143, 84
Trd, 4319889.193, 66
Trd, 4319889.493, 78
Trd, 4319890.343, 71
Trd, 4319890.393, 72
Trd, 4319891.243, 71
Trd, 4319892.293, 118
Trd, 4319893.543, 125
Trd, 4319895.043, 60
Trd, 4319895.643, 61
Trd, 4319896.893, 63
Trd, 4319897.093, 62
Trd, 4319897.343, 103
Trd, 4319898.993, 71
Trd, 4319899.493, 139
Trd, 4319899.643, 130
Trd, 4319900.093, 73
Trd, 4319900.293, 88
Trd, 4319900.343, 80
Trd, 4319901.043, 105
Trd, 4319903.593, 60
Trd, 4319904.993, 118
Trd, 4319905.443, 119
Trd, 4319905.843, 119
Trd, 4319906.193, 110
Trd, 4319907.143, 105
Trd, 4319908.593, 140
Trd, 4319908.793, 140
Trd, 4319908.893, 140
Trd, 4319909.393, 134
Trd, 4319909.943, 113
Trd, 4319910.043, 106
Trd, 4319911.693, 71
Trd, 4319911.743, 60
Trd, 4319913.693, 61
Trd, 4319913.793, 68
Trd, 4319915.843, 69
Trd, 4319916.593, 73
Trd, 4319917.543, 83
Trd, 4319917.643, 78
Trd, 4319918.543, 85
Trd, 4319919.143, 106
Trd, 4319919.793, 140
Trd, 4319920.093, 113
Trd, 4319920.193, 79
Trd, 4319921.493, 62
Trd, 4319924.343, 63
Trd, 4319924.943, 64
Trd, 4319925.043, 65
Trd, 4319926.893, 60
Trd, 4319927.343, 60
Trd, 4319927.393, 60
Trd, 4319928.793, 61
Trd, 4319929.193, 62
Trd, 4319930.343, 108
Trd, 4319930.493, 107
Trd, 4319931.693, 115
Trd, 4319932.393, 82
Trd, 4319932.793, 80
Trd, 4319933.193, 96
Trd, 4319933.643, 75
Trd, 4319933.993, 70
Trd, 4319936.043, 60
Trd, 4319936.543, 61
Trd, 4319937.193, 61
Trd, 4319937.443, 80
Trd, 4319937.943, 62
Trd, 4319939.393, 66
Trd, 4319941.043, 82
Trd, 4319941.443, 113
Trd, 4319941.593, 73
Trd, 4319941.643, 72
Trd, 4319942.243, 70
Trd, 4319944.243, 140
Trd, 4319946.193, 140
Trd, 4319946.393, 140
Trd, 4319946.443, 140
Trd, 4319946.693, 140
Trd, 4319946.843, 130
Trd, 4319948.243, 129
Trd, 4319948.693, 129
Trd, 4319948.793, 128
Trd, 4319949.043, 139
Trd, 4319950.693, 108
Trd, 4319952.293, 108
Trd, 4319952.593, 107
Trd, 4319952.893, 119
Trd, 4319952.943, 111
Trd, 4319954.043, 140
Trd, 4319954.793, 140
Trd, 4319955.143, 140
Trd, 4319955.193, 131
Trd, 4319956.993, 140
Trd, 4319957.293, 140
Trd, 4319957.893, 140
Trd, 4319958.543, 140
Trd, 4319958.693, 123
Trd, 4319960.543, 107
Trd, 4319960.893, 101
Trd, 4319961.793, 87
Trd, 4319962.743, 60
Trd, 4319962.993, 65
Trd, 4319963.893, 60
Trd, 4319964.193, 62
Trd, 4319966.843, 72
Trd, 4319967.193, 84
Trd, 4319968.443, 100
Trd, 4319968.993, 86
Trd, 4319969.793, 82
Trd, 4319970.393, 127
Trd, 4319970.843, 82
Trd, 4319972.293, 83
Trd, 4319972.493, 92
Trd, 4319973.343, 138
Trd, 4319973.643, 90
Trd, 4319974.643, 97
Trd, 4319975.043, 96
Trd, 4319976.243, 139
Trd, 4319977.043, 98
Trd, 4319977.393, 93
Trd, 4319978.543, 78
Trd, 4319979.543, 61
Trd, 4319980.293, 64
Trd, 4319984.143, 61
Trd, 4319984.193, 65
Trd, 4319984.693, 60
Trd, 4319985.043, 60
Trd, 4319985.743, 64
Trd, 4319986.593, 81
Trd, 4319987.093, 81
Trd, 4319987.243, 80
Trd, 4319987.693, 92
Trd, 4319987.793, 78
Trd, 4319988.643, 76
Trd, 4319988.843, 104
Trd, 4319990.293, 87
Trd, 4319990.493, 86
Trd, 4319991.993, 94
Trd, 4319992.343, 86
Trd, 4319992.693, 60
Trd, 4319993.193, 63
Trd, 4319994.443, 112
Trd, 4319994.693, 112
Trd, 4319995.393, 113
Trd, 4319995.793, 111
Trd, 4319997.043, 107
Trd, 4319997.543, 93
Trd, 4319997.793, 68
Trd, 4319999.043, 71
Trd, 4319999.593, 139
