Trd, 4318134.343, 140
Trd, 4318134.493, 140
Trd, 4318135.293, 140
Trd, 4318135.393, 140
Trd, 4318136.393, 140
Trd, 4318136.443, 139
Trd, 4318136.793, 113
Trd, 4318137.243, 140
Trd, 4318139.343, 140
Trd, 4318139.593, 140
Trd, 4318141.593, 140
Trd, 4318142.843, 140
Trd, 4318142.893, 140
Trd, 4318143.393, 138
Trd, 4318143.693, 136
Trd, 4318144.393, 140
Trd, 4318144.943, 140
Trd, 4318145.393, 140
Trd, 4318145.843, 139
Trd, 4318146.793, 133
Trd, 4318147.393, 140
Trd, 4318147.943, 140
Trd, 4318149.093, 139
Trd, 4318149.143, 138
Trd, 4318149.843, 138
Trd, 4318150.643, 140
Trd, 4318150.843, 74
Trd, 4318152.043, 62
Trd, 4318152.693, 62
Trd, 4318153.993, 140
Trd, 4318156.293, 140
Trd, 4318156.443, 140
Trd, 4318156.943, 140
Trd, 4318157.143, 140
Trd, 4318158.343, 140
Trd, 4318158.893, 140
Trd, 4318159.593, 140
Trd, 4318160.643, 140
Trd, 4318160.893, 138
Trd, 4318163.093, 139
Trd, 4318163.143, 137
Trd, 4318164.493, 109
Trd, 4318166.193, 140
Trd, 4318166.493, 140
Trd, 4318167.143, 138
Trd, 4318167.393, 137
Trd, 4318167.693, 129
Trd, 4318168.093, 136
Trd, 4318170.343, 140
Trd, 4318170.393, 140
Trd, 4318171.543, 139
Trd, 4318171.593, 139
Trd, 4318172.893, 133
Trd, 4318172.943, 127
Trd, 4318173.343, 138
Trd, 4318173.993, 140
Trd, 4318174.243, 140
Trd, 4318175.193, 60
Trd, 4318175.893, 140
Trd, 4318176.293, 139
Trd, 4318176.643, 138
Trd, 4318177.743, 140
Trd, 4318178.293, 140
Trd, 4318179.293, 140
Trd, 4318179.893, 140
Trd, 4318180.043, 138
Trd, 4318181.343, 140
Trd, 4318182.343, 140
Trd, 4318182.893, 140
Trd, 4318183.143, 140
Trd, 4318183.793, 138
Trd, 4318185.193, 140
Trd, 4318185.743, 137
Trd, 4318186.143, 138
Trd, 4318187.093, 140
Trd, 4318187.943, 140
Trd, 4318188.093, 140
Trd, 4318189.693, 140
Trd, 4318190.443, 140
Trd, 4318192.693, 140
Trd, 4318192.743, 140
Trd, 4318193.193, 139
Trd, 4318193.443, 139
Trd, 4318193.643, 129
Trd, 4318194.293, 138
Trd, 4318195.443, 75
Trd, 4318195.743, 140
Trd, 4318196.043, 114
Trd, 4318197.493, 71
Trd, 4318197.693, 63
Trd, 4318198.193, 140
Trd, 4318198.543, 110
Trd, 4318200.193, 138
Trd, 4318200.443, 138
Trd, 4318201.043, 130
Trd, 4318201.843, 60
Trd, 4318202.043, 60
Trd, 4318202.643, 60
Trd, 4318203.543, 62
Trd, 4318204.543, 61
Trd, 4318205.593, 60
Trd, 4318205.743, 60
Trd, 4318206.043, 62
Trd, 4318206.443, 62
Trd, 4318207.143, 62
Trd, 4318207.243, 63
Trd, 4318208.793, 61
Trd, 4318210.193, 60
Trd, 4318210.643, 62
Trd, 4318210.693, 63
Trd, 4318210.943, 60
Trd, 4318211.793, 63
Trd, 4318212.993, 136
Trd, 4318213.793, 61
Trd, 4318214.293, 62
Trd, 4318214.843, 62
Trd, 4318215.443, 60
Trd, 4318215.743, 63
Trd, 4318216.293, 103
Trd, 4318216.593, 103
Trd, 4318217.093, 129
Trd, 4318217.793, 139
Trd, 4318217.993, 62
Trd, 4318219.193, 139
Trd, 4318219.493, 72
Trd, 4318220.243, 64
Trd, 4318220.693, 60
Trd, 4318221.243, 64
Trd, 4318223.093, 60
Trd, 4318223.593, 60
Trd, 4318223.793, 60
Trd, 4318224.543, 60
Trd, 4318225.393, 60
Trd, 4318225.893, 61
Trd, 4318226.093, 63
Trd, 4318226.693, 61
Trd, 4318227.043, 62
Trd, 4318227.643, 63
Trd, 4318228.543, 68
Trd, 4318229.293, 91
Trd, 4318230.393, 139
Trd, 4318230.543, 137
Trd, 4318231.093, 140
Trd, 4318231.343, 136
Trd, 4318232.093, 60
Trd, 4318233.293, 60
Trd, 4318233.693, 61
Trd, 4318233.843, 61
Trd, 4318235.193, 60
Trd, 4318236.493, 60
Trd, 4318237.393, 60
Trd, 4318237.643, 60
Trd, 4318237.843, 64
Trd, 4318238.993, 60
Trd, 4318239.243, 60
Trd, 4318240.293, 60
Trd, 4318241.593, 60
Trd, 4318241.893, 60
Trd, 4318243.643, 60
Trd, 4318243.693, 60
Trd, 4318243.943, 61
Trd, 4318244.043, 61
Trd, 4318245.793, 60
Trd, 4318246.343, 60
Trd, 4318246.443, 62
Trd, 4318247.893, 62
Trd, 4318248.393, 62
Trd, 4318248.893, 61
Trd, 4318249.043, 62
Trd, 4318250.393, 62
Trd, 4318250.793, 62
Trd, 4318250.893, 64
Trd, 4318251.243, 69
Trd, 4318251.293, 71
Trd, 4318252.243, 60
Trd, 4318252.893, 60
Trd, 4318254.093, 60
Trd, 4318254.493, 61
Trd, 4318254.543, 62
Trd, 4318254.843, 63
Trd, 4318257.193, 62
Trd, 4318257.743, 62
Trd, 4318258.093, 61
Trd, 4318258.693, 62
Trd, 4318259.393, 65
Trd, 4318259.843, 67
Trd, 4318260.443, 137
Trd, 4318261.343, 140
Trd, 4318261.593, 140
Trd, 4318263.343, 140
Trd, 4318263.543, 140
Trd, 4318263.593, 139
Trd, 4318265.143, 137
Trd, 4318265.193, 136
Trd, 4318266.443, 140
Trd, 4318266.843, 131
Trd, 4318268.643, 139
Trd, 4318269.043, 138
Trd, 4318269.593, 139
Trd, 4318269.843, 139
Trd, 4318270.593, 140
Trd, 4318270.893, 135
Trd, 4318271.093, 118
Trd, 4318272.243, 121
Trd, 4318272.743, 121
Trd, 4318272.893, 138
Trd, 4318274.443, 64
Trd, 4318274.693, 130
Trd, 4318275.543, 140
Trd, 4318276.243, 69
Trd, 4318276.893, 60
Trd, 4318276.993, 70
Trd, 4318277.343, 60
Trd, 4318278.243, 61
Trd, 4318279.143, 60
Trd, 4318279.393, 60
Trd, 4318279.543, 67
Trd, 4318279.793, 126
Trd, 4318280.543, 140
Trd, 4318281.043, 140
Trd, 4318281.693, 127
Trd, 4318282.843, 124
Trd, 4318283.743, 140
Trd, 4318284.793, 60
Trd, 4318284.943, 60
Trd, 4318286.493, 140
Trd, 4318286.893, 140
Trd, 4318286.943, 85
Trd, 4318287.843, 60
Trd, 4318288.793, 60
Trd, 4318289.143, 60
Trd, 4318289.293, 60
Trd, 4318289.843, 60
Trd, 4318290.493, 60
Trd, 4318290.743, 120
Trd, 4318291.743, 60
Trd, 4318292.593, 60
Trd, 4318293.893, 61
Trd, 4318294.043, 63
Trd, 4318294.793, 60
Trd, 4318295.743, 60
Trd, 4318296.093, 62
Trd, 4318296.893, 60
Trd, 4318297.493, 62
Trd, 4318298.443, 60
Trd, 4318298.543, 60
Trd, 4318299.393, 60
Trd, 4318299.793, 62
Trd, 4318301.643, 140
Trd, 4318301.793, 140
Trd, 4318302.193, 140
Trd, 4318302.243, 140
Trd, 4318302.743, 140
Trd, 4318302.843, 63
Trd, 4318303.493, 135
Trd, 4318304.443, 140
Trd, 4318306.093, 140
Trd, 4318306.243, 140
Trd, 4318307.293, 138
Trd, 4318308.043, 61
Trd, 4318308.243, 109
Trd, 4318309.743, 140
Trd, 4318310.193, 140
Trd, 4318310.843, 140
Trd, 4318311.193, 140
Trd, 4318313.593, 139
Trd, 4318313.843, 139
Trd, 4318314.043, 140
Trd, 4318314.143, 139
Trd, 4318314.843, 134
Trd, 4318316.243, 138
Trd, 4318316.843, 138
Trd, 4318316.943, 140
Trd, 4318317.443, 140
Trd, 4318319.243, 140
Trd, 4318319.393, 139
Trd, 4318320.993, 140
Trd, 4318321.893, 140
Trd, 4318322.593, 63
Trd, 4318322.993, 60
Trd, 4318323.093, 61
Trd, 4318323.493, 64
Trd, 4318325.193, 140
Trd, 4318325.243, 140
Trd, 4318325.443, 140
Trd, 4318326.293, 140
Trd, 4318326.943, 140
Trd, 4318327.043, 139
Trd, 4318327.843, 140
Trd, 4318329.143, 140
Trd, 4318330.393, 140
Trd, 4318330.693, 140
Trd, 4318331.543, 140
Trd, 4318332.043, 140
Trd, 4318332.743, 140
Trd, 4318333.443, 119
Trd, 4318334.093, 139
Trd, 4318334.193, 137
Trd, 4318334.343, 136
Trd, 4318334.793, 88
Trd, 4318335.893, 140
Trd, 4318335.943, 140
Trd, 4318336.293, 140
Trd, 4318336.343, 139
Trd, 4318337.943, 134
Trd, 4318338.143, 124
Trd, 4318339.743, 140
Trd, 4318340.193, 140
Trd, 4318343.043, 140
Trd, 4318343.193, 139
Trd, 4318343.693, 140
Trd, 4318344.493, 140
Trd, 4318345.343, 140
Trd, 4318345.493, 139
Trd, 4318347.293, 140
Trd, 4318347.343, 140
Trd, 4318347.743, 140
Trd, 4318349.043, 140
Trd, 4318350.693, 140
Trd, 4318351.593, 140
Trd, 4318351.743, 140
Trd, 4318352.193, 140
Trd, 4318352.893, 140
Trd, 4318353.693, 139
Trd, 4318353.843, 138
Trd, 4318354.343, 140
Trd, 4318355.793, 140
Trd, 4318356.393, 140
Trd, 4318357.543, 140
Trd, 4318358.243, 140
Trd, 4318359.393, 140
Trd, 4318359.743, 139
Trd, 4318360.093, 140
Trd, 4318360.693, 140
Trd, 4318361.543, 139
Trd, 4318362.543, 140
Trd, 4318363.243, 138
Trd, 4318363.993, 140
Trd, 4318364.243, 93
Trd, 4318366.193, 140
Trd, 4318367.493, 140
Trd, 4318368.093, 140
Trd, 4318368.193, 139
Trd, 4318368.643, 140
Trd, 4318368.943, 140
Trd, 4318370.043, 140
Trd, 4318370.143, 140
Trd, 4318370.293, 140
Trd, 4318370.543, 113
Trd, 4318370.943, 109
Trd, 4318372.743, 140
Trd, 4318373.043, 140
Trd, 4318374.093, 140
Trd, 4318374.793, 140
Trd, 4318376.543, 140
Trd, 4318377.093, 140
Trd, 4318377.643, 140
Trd, 4318378.143, 140
Trd, 4318379.793, 140
Trd, 4318381.443, 140
Trd, 4318381.843, 140
Trd, 4318382.843, 140
Trd, 4318382.893, 140
Trd, 4318383.793, 140
Trd, 4318385.393, 140
Trd, 4318386.193, 140
Trd, 4318387.293, 140
Trd, 4318387.443, 140
Trd, 4318388.143, 140
Trd, 4318389.143, 140
Trd, 4318389.693, 140
Trd, 4318390.143, 138
Trd, 4318390.543, 138
Trd, 4318390.643, 127
Trd, 4318392.243, 140
Trd, 4318392.543, 140
Trd, 4318392.743, 139
Trd, 4318393.843, 140
Trd, 4318395.493, 140
Trd, 4318396.993, 140
Trd, 4318397.293, 140
Trd, 4318397.693, 140
Trd, 4318397.793, 126
Trd, 4318397.993, 114
Trd, 4318399.793, 138
Trd, 4318401.093, 140
Trd, 4318401.243, 139
Trd, 4318402.943, 140
Trd, 4318403.543, 140
Trd, 4318403.793, 140
Trd, 4318403.843, 139
Trd, 4318405.293, 140
Trd, 4318406.493, 140
Trd, 4318407.243, 140
Trd, 4318407.393, 140
Trd, 4318408.793, 139
Trd, 4318409.643, 139
Trd, 4318409.993, 140
Trd, 4318410.343, 140
Trd, 4318412.393, 140
Trd, 4318412.593, 140
Trd, 4318412.643, 139
Trd, 4318412.793, 138
Trd, 4318414.293, 126
Trd, 4318414.943, 139
Trd, 4318416.593, 139
Trd, 4318418.143, 140
Trd, 4318419.793, 140
Trd, 4318420.393, 140
Trd, 4318421.443, 140
Trd, 4318422.593, 138
Trd, 4318422.843, 140
Trd, 4318423.193, 140
Trd, 4318423.593, 137
Trd, 4318423.693, 138
Trd, 4318423.743, 129
Trd, 4318423.793, 108
Trd, 4318424.693, 138
Trd, 4318424.943, 74
Trd, 4318426.043, 139
Trd, 4318426.543, 139
Trd, 4318426.693, 99
Trd, 4318427.693, 140
Trd, 4318428.393, 140
Trd, 4318429.143, 99
Trd, 4318429.843, 139
Trd, 4318430.393, 68
Trd, 4318430.793, 62
Trd, 4318431.393, 60
Trd, 4318432.243, 139
Trd, 4318433.293, 140
Trd, 4318434.193, 139
Trd, 4318435.293, 140
Trd, 4318435.593, 140
Trd, 4318435.693, 140
Trd, 4318436.893, 140
Trd, 4318437.193, 140
Trd, 4318438.393, 140
Trd, 4318438.943, 140
Trd, 4318440.093, 140
Trd, 4318440.843, 140
Trd, 4318441.143, 140
Trd, 4318441.643, 140
Trd, 4318443.443, 140
Trd, 4318443.993, 140
Trd, 4318444.293, 139
Trd, 4318444.443, 138
Trd, 4318444.743, 139
Trd, 4318445.243, 140
Trd, 4318445.693, 139
Trd, 4318446.143, 139
Trd, 4318446.893, 139
Trd, 4318446.993, 138
Trd, 4318447.343, 140
Trd, 4318448.543, 140
Trd, 4318449.793, 140
Trd, 4318451.243, 140
Trd, 4318451.343, 140
Trd, 4318452.143, 140
Trd, 4318452.993, 140
Trd, 4318453.243, 140
Trd, 4318453.993, 135
Trd, 4318454.343, 132
Trd, 4318454.693, 130
Trd, 4318455.343, 140
Trd, 4318455.993, 135
Trd, 4318457.243, 135
Trd, 4318458.693, 140
Trd, 4318458.743, 140
Trd, 4318459.093, 135
Trd, 4318459.543, 140
Trd, 4318460.143, 139
Trd, 4318460.893, 140
Trd, 4318461.043, 140
Trd, 4318462.393, 93
Trd, 4318462.993, 140
Trd, 4318464.543, 140
Trd, 4318465.143, 140
Trd, 4318465.293, 138
Trd, 4318465.593, 140
Trd, 4318465.643, 136
Trd, 4318466.293, 139
Trd, 4318468.093, 140
Trd, 4318468.593, 140
Trd, 4318468.643, 124
Trd, 4318469.293, 139
Trd, 4318471.243, 140
Trd, 4318472.193, 140
Trd, 4318473.043, 140
Trd, 4318473.493, 140
Trd, 4318474.643, 140
Trd, 4318475.243, 140
Trd, 4318475.493, 139
Trd, 4318476.893, 140
Trd, 4318477.193, 140
Trd, 4318477.693, 139
Trd, 4318478.493, 138
Trd, 4318479.243, 138
Trd, 4318479.343, 137
Trd, 4318479.743, 61
Trd, 4318480.893, 140
Trd, 4318481.193, 140
Trd, 4318481.893, 140
Trd, 4318482.843, 140
Trd, 4318483.043, 139
Trd, 4318483.643, 140
Trd, 4318485.193, 137
Trd, 4318485.693, 137
Trd, 4318485.743, 136
Trd, 4318485.893, 135
Trd, 4318486.543, 80
Trd, 4318486.643, 117
Trd, 4318488.993, 139
Trd, 4318489.543, 139
Trd, 4318489.643, 138
Trd, 4318490.893, 140
Trd, 4318490.943, 140
Trd, 4318491.243, 137
Trd, 4318491.643, 137
Trd, 4318491.693, 136
Trd, 4318492.493, 135
Trd, 4318492.643, 132
Trd, 4318493.743, 131
Trd, 4318495.243, 140
Trd, 4318495.493, 140
Trd, 4318497.843, 140
Trd, 4318497.943, 140
Trd, 4318498.193, 140
Trd, 4318499.893, 140
Trd, 4318500.793, 140
Trd, 4318500.943, 140
Trd, 4318501.193, 137
Trd, 4318501.593, 137
Trd, 4318503.843, 140
Trd, 4318504.743, 139
Trd, 4318504.893, 129
Trd, 4318505.243, 140
Trd, 4318505.393, 90
Trd, 4318506.043, 140
Trd, 4318508.193, 140
Trd, 4318509.193, 140
Trd, 4318510.343, 140
Trd, 4318510.593, 139
Trd, 4318510.843, 139
Trd, 4318512.243, 140
Trd, 4318512.493, 139
Trd, 4318513.693, 140
Trd, 4318513.843, 139
Trd, 4318513.943, 138
Trd, 4318514.643, 135
Trd, 4318516.093, 140
Trd, 4318516.193, 140
Trd, 4318516.393, 139
Trd, 4318517.543, 140
Trd, 4318519.293, 140
Trd, 4318519.693, 140
Trd, 4318520.943, 140
Trd, 4318520.993, 140
Trd, 4318521.743, 140
Trd, 4318522.043, 140
Trd, 4318523.243, 139
Trd, 4318523.293, 138
Trd, 4318523.693, 140
Trd, 4318524.243, 62
Trd, 4318525.193, 139
Trd, 4318526.293, 140
Trd, 4318527.243, 140
Trd, 4318527.843, 140
Trd, 4318528.293, 140
Trd, 4318531.343, 140
Trd, 4318531.643, 140
Trd, 4318532.493, 140
Trd, 4318532.793, 140
Trd, 4318533.393, 128
Trd, 4318533.693, 139
Trd, 4318535.243, 140
Trd, 4318535.543, 140
Trd, 4318535.643, 131
Trd, 4318537.293, 140
Trd, 4318538.093, 139
Trd, 4318538.443, 139
Trd, 4318538.693, 136
Trd, 4318538.943, 130
Trd, 4318540.293, 137
Trd, 4318540.343, 101
Trd, 4318542.043, 140
Trd, 4318543.543, 140
Trd, 4318543.993, 140
Trd, 4318544.443, 139
Trd, 4318544.543, 140
Trd, 4318544.893, 139
Trd, 4318545.993, 139
Trd, 4318546.343, 62
Trd, 4318547.393, 60
Trd, 4318547.443, 60
Trd, 4318547.493, 61
Trd, 4318548.343, 120
Trd, 4318548.793, 119
Trd, 4318550.643, 140
Trd, 4318550.993, 140
Trd, 4318551.343, 124
Trd, 4318551.743, 67
Trd, 4318552.793, 140
Trd, 4318553.143, 140
Trd, 4318553.743, 139
Trd, 4318555.793, 140
Trd, 4318556.643, 140
Trd, 4318557.243, 140
Trd, 4318558.043, 139
Trd, 4318558.143, 139
Trd, 4318558.393, 139
Trd, 4318558.893, 136
Trd, 4318558.943, 140
Trd, 4318559.793, 134
Trd, 4318559.993, 132
Trd, 4318560.643, 135
Trd, 4318561.693, 69
Trd, 4318562.043, 66
Trd, 4318562.743, 95
Trd, 4318563.693, 60
Trd, 4318563.843, 60
Trd, 4318564.243, 63
Trd, 4318564.443, 74
Trd, 4318565.243, 61
Trd, 4318566.143, 140
Trd, 4318566.443, 140
Trd, 4318567.243, 138
Trd, 4318568.893, 140
Trd, 4318569.843, 140
Trd, 4318570.343, 140
Trd, 4318571.743, 140
Trd, 4318572.443, 140
Trd, 4318573.643, 140
Trd, 4318573.743, 140
Trd, 4318573.843, 140
Trd, 4318574.893, 140
Trd, 4318576.393, 140
Trd, 4318576.443, 140
Trd, 4318576.793, 140
Trd, 4318577.593, 140
Trd, 4318577.693, 139
Trd, 4318577.843, 125
Trd, 4318578.543, 125
Trd, 4318579.093, 67
Trd, 4318580.193, 140
Trd, 4318580.993, 139
Trd, 4318581.343, 93
Trd, 4318582.843, 140
Trd, 4318583.943, 140
Trd, 4318585.693, 140
Trd, 4318585.893, 140
Trd, 4318586.093, 139
Trd, 4318587.193, 140
Trd, 4318588.543, 140
Trd, 4318588.643, 140
Trd, 4318589.643, 139
Trd, 4318589.743, 137
Trd, 4318590.443, 139
Trd, 4318591.243, 117
Trd, 4318592.643, 140
Trd, 4318592.943, 139
Trd, 4318594.143, 140
Trd, 4318594.593, 68
Trd, 4318595.043, 68
Trd, 4318595.493, 68
Trd, 4318596.343, 140
Trd, 4318596.493, 140
Trd, 4318597.243, 60
Trd, 4318597.343, 93
Trd, 4318598.043, 140
Trd, 4318598.643, 140
Trd, 4318599.293, 140
Trd, 4318600.993, 138
Trd, 4318602.193, 140
Trd, 4318602.343, 139
Trd, 4318603.243, 140
Trd, 4318604.293, 140
Trd, 4318605.243, 140
Trd, 4318605.643, 140
Trd, 4318606.293, 140
Trd, 4318606.893, 140
Trd, 4318607.993, 140
Trd, 4318609.743, 140
Trd, 4318610.293, 140
Trd, 4318611.243, 140
Trd, 4318611.993, 140
Trd, 4318612.093, 140
Trd, 4318613.143, 140
Trd, 4318613.443, 140
Trd, 4318614.393, 140
Trd, 4318614.843, 140
Trd, 4318615.043, 140
Trd, 4318615.143, 139
Trd, 4318615.543, 135
Trd, 4318615.893, 136
Trd, 4318615.993, 134
Trd, 4318616.743, 103
Trd, 4318618.143, 140
Trd, 4318618.593, 61
Trd, 4318619.243, 140
Trd, 4318619.543, 137
Trd, 4318620.343, 140
Trd, 4318620.893, 140
Trd, 4318621.793, 140
Trd, 4318621.993, 140
Trd, 4318622.943, 138
Trd, 4318623.943, 130
Trd, 4318624.493, 132
Trd, 4318624.693, 130
Trd, 4318625.493, 140
Trd, 4318626.143, 111
Trd, 4318626.343, 137
Trd, 4318626.543, 85
Trd, 4318627.043, 61
Trd, 4318627.693, 60
Trd, 4318628.593, 62
Trd, 4318629.393, 61
Trd, 4318629.843, 60
Trd, 4318630.043, 103
Trd, 4318630.443, 62
Trd, 4318631.643, 140
Trd, 4318632.243, 140
Trd, 4318633.243, 139
Trd, 4318633.393, 138
Trd, 4318634.343, 138
Trd, 4318635.593, 140
Trd, 4318635.693, 136
Trd, 4318637.393, 140
Trd, 4318637.693, 140
Trd, 4318637.893, 140
Trd, 4318638.643, 140
Trd, 4318638.693, 139
Trd, 4318639.093, 140
Trd, 4318640.993, 140
Trd, 4318641.193, 140
Trd, 4318642.543, 140
Trd, 4318642.893, 140
Trd, 4318643.043, 140
Trd, 4318643.243, 126
Trd, 4318644.343, 140
Trd, 4318644.943, 135
Trd, 4318645.443, 125
Trd, 4318645.993, 125
Trd, 4318648.043, 139
Trd, 4318648.443, 138
Trd, 4318649.243, 140
Trd, 4318649.543, 139
Trd, 4318650.243, 140
Trd, 4318650.743, 140
Trd, 4318650.893, 139
Trd, 4318651.843, 60
Trd, 4318652.243, 60
Trd, 4318652.943, 60
Trd, 4318654.193, 61
Trd, 4318655.543, 140
Trd, 4318657.143, 140
Trd, 4318658.043, 140
Trd, 4318659.293, 140
Trd, 4318659.343, 140
Trd, 4318659.393, 140
Trd, 4318660.093, 137
Trd, 4318660.143, 131
Trd, 4318660.243, 116
Trd, 4318661.193, 135
Trd, 4318661.593, 140
Trd, 4318661.643, 139
Trd, 4318662.893, 62
Trd, 4318662.943, 68
Trd, 4318663.593, 88
Trd, 4318664.393, 140
Trd, 4318664.843, 139
Trd, 4318665.293, 67
Trd, 4318665.543, 73
Trd, 4318666.693, 140
Trd, 4318667.393, 140
Trd, 4318668.143, 140
Trd, 4318668.693, 139
Trd, 4318669.243, 140
Trd, 4318669.793, 140
Trd, 4318670.243, 140
Trd, 4318670.993, 137
Trd, 4318671.943, 135
Trd, 4318671.993, 131
Trd, 4318672.343, 94
Trd, 4318673.343, 136
Trd, 4318674.243, 88
Trd, 4318674.543, 132
Trd, 4318674.743, 133
Trd, 4318675.043, 131
Trd, 4318675.743, 89
Trd, 4318675.943, 69
Trd, 4318676.793, 139
Trd, 4318677.093, 81
Trd, 4318678.043, 140
Trd, 4318678.343, 140
Trd, 4318678.543, 140
Trd, 4318678.993, 140
Trd, 4318680.193, 140
Trd, 4318681.093, 139
Trd, 4318681.993, 140
Trd, 4318682.743, 140
Trd, 4318684.093, 140
Trd, 4318684.243, 140
Trd, 4318684.893, 140
Trd, 4318685.793, 139
Trd, 4318686.943, 140
Trd, 4318688.043, 140
Trd, 4318689.043, 140
Trd, 4318689.143, 140
Trd, 4318689.493, 139
Trd, 4318689.943, 140
Trd, 4318690.743, 140
Trd, 4318693.493, 140
Trd, 4318693.893, 140
Trd, 4318694.243, 140
Trd, 4318694.743, 140
Trd, 4318696.243, 140
Trd, 4318696.843, 140
Trd, 4318697.343, 140
Trd, 4318697.893, 140
Trd, 4318697.993, 139
Trd, 4318698.543, 140
Trd, 4318699.043, 140
Trd, 4318700.043, 140
Trd, 4318700.093, 140
Trd, 4318701.343, 137
Trd, 4318702.093, 137
Trd, 4318703.243, 140
Trd, 4318703.743, 136
Trd, 4318704.493, 139
Trd, 4318704.843, 140
Trd, 4318705.043, 131
Trd, 4318705.443, 140
Trd, 4318705.643, 140
Trd, 4318706.043, 62
Trd, 4318706.343, 140
Trd, 4318707.593, 140
Trd, 4318708.993, 140
Trd, 4318710.293, 140
Trd, 4318711.343, 140
Trd, 4318712.143, 140
Trd, 4318713.793, 140
Trd, 4318714.743, 140
Trd, 4318714.793, 140
Trd, 4318715.443, 140
Trd, 4318715.943, 140
Trd, 4318716.343, 139
Trd, 4318716.793, 139
Trd, 4318718.293, 140
Trd, 4318718.843, 140
Trd, 4318719.093, 137
Trd, 4318719.443, 129
Trd, 4318720.643, 140
Trd, 4318721.493, 140
Trd, 4318721.843, 140
Trd, 4318722.043, 139
Trd, 4318723.193, 140
Trd, 4318725.143, 140
Trd, 4318726.193, 140
Trd, 4318726.443, 139
Trd, 4318726.543, 139
Trd, 4318726.993, 140
Trd, 4318727.343, 140
Trd, 4318728.543, 61
Trd, 4318729.193, 61
Trd, 4318729.643, 60
Trd, 4318729.843, 62
Trd, 4318730.843, 63
Trd, 4318731.643, 62
Trd, 4318731.843, 66
Trd, 4318732.293, 140
Trd, 4318732.943, 140
Trd, 4318733.393, 140
Trd, 4318734.143, 140
Trd, 4318734.693, 116
Trd, 4318736.343, 140
Trd, 4318736.743, 140
Trd, 4318738.393, 140
Trd, 4318738.493, 140
Trd, 4318739.043, 140
Trd, 4318740.343, 140
Trd, 4318741.393, 140
Trd, 4318741.443, 140
Trd, 4318742.493, 140
Trd, 4318743.743, 140
Trd, 4318744.843, 140
Trd, 4318744.943, 140
Trd, 4318745.243, 139
Trd, 4318745.743, 140
Trd, 4318746.743, 137
Trd, 4318747.943, 140
Trd, 4318748.443, 140
Trd, 4318749.843, 140
Trd, 4318750.093, 140
Trd, 4318750.993, 140
Trd, 4318751.193, 139
Trd, 4318752.543, 140
Trd, 4318752.843, 139
Trd, 4318752.893, 122
Trd, 4318753.293, 112
Trd, 4318754.143, 140
Trd, 4318754.543, 140
Trd, 4318755.643, 140
Trd, 4318755.943, 140
Trd, 4318756.343, 140
Trd, 4318757.243, 140
Trd, 4318758.793, 140
Trd, 4318759.343, 140
Trd, 4318759.443, 140
Trd, 4318760.743, 140
Trd, 4318761.743, 140
Trd, 4318761.843, 140
Trd, 4318762.543, 140
Trd, 4318762.643, 140
Trd, 4318763.543, 60
Trd, 4318764.193, 60
Trd, 4318764.593, 60
Trd, 4318764.643, 60
Trd, 4318764.693, 68
Trd, 4318765.043, 66
Trd, 4318766.543, 118
Trd, 4318768.393, 140
Trd, 4318769.093, 140
Trd, 4318769.243, 140
Trd, 4318769.593, 140
Trd, 4318769.943, 102
Trd, 4318771.843, 140
Trd, 4318771.943, 140
Trd, 4318772.293, 140
Trd, 4318773.693, 140
Trd, 4318774.193, 137
Trd, 4318774.643, 140
Trd, 4318775.493, 68
Trd, 4318776.993, 140
Trd, 4318777.493, 138
Trd, 4318778.293, 115
Trd, 4318779.793, 140
Trd, 4318780.543, 140
Trd, 4318781.693, 140
Trd, 4318782.093, 140
Trd, 4318783.043, 140
Trd, 4318783.543, 140
Trd, 4318784.643, 140
Trd, 4318785.793, 140
Trd, 4318785.893, 140
Trd, 4318786.143, 140
Trd, 4318786.993, 140
Trd, 4318788.193, 140
Trd, 4318788.343, 140
Trd, 4318789.193, 139
Trd, 4318790.493, 140
Trd, 4318791.643, 140
Trd, 4318792.843, 140
Trd, 4318793.393, 140
Trd, 4318793.693, 140
Trd, 4318794.493, 140
Trd, 4318794.543, 140
Trd, 4318794.693, 139
Trd, 4318795.493, 140
Trd, 4318795.693, 110
Trd, 4318796.743, 135
Trd, 4318797.043, 128
Trd, 4318797.193, 131
Trd, 4318797.343, 132
Trd, 4318797.643, 130
Trd, 4318798.193, 134
Trd, 4318798.943, 140
Trd, 4318799.243, 139
Trd, 4318800.193, 69
Trd, 4318803.293, 140
Trd, 4318803.993, 140
Trd, 4318805.243, 140
Trd, 4318806.993, 140
Trd, 4318807.343, 140
Trd, 4318808.093, 140
Trd, 4318808.743, 140
Trd, 4318809.943, 140
Trd, 4318810.343, 140
Trd, 4318810.593, 140
Trd, 4318810.743, 140
Trd, 4318811.193, 140
Trd, 4318811.493, 140
Trd, 4318812.793, 138
Trd, 4318813.543, 133
Trd, 4318813.693, 116
Trd, 4318814.443, 89
Trd, 4318814.493, 108
Trd, 4318815.093, 103
Trd, 4318816.893, 136
Trd, 4318817.493, 140
Trd, 4318818.193, 140
Trd, 4318818.493, 139
Trd, 4318818.593, 140
Trd, 4318819.743, 105
Trd, 4318819.793, 107
Trd, 4318820.093, 137
Trd, 4318821.843, 140
Trd, 4318822.143, 140
Trd, 4318822.943, 60
Trd, 4318823.143, 67
Trd, 4318823.843, 66
Trd, 4318825.193, 60
Trd, 4318825.793, 60
Trd, 4318825.843, 60
Trd, 4318826.693, 60
Trd, 4318827.243, 140
Trd, 4318828.943, 62
Trd, 4318830.243, 60
Trd, 4318830.443, 60
Trd, 4318831.293, 60
Trd, 4318831.493, 64
Trd, 4318831.993, 63
Trd, 4318832.243, 64
Trd, 4318832.743, 63
Trd, 4318832.843, 62
Trd, 4318833.943, 60
Trd, 4318834.443, 60
Trd, 4318834.743, 60
Trd, 4318835.343, 60
Trd, 4318836.043, 61
Trd, 4318837.343, 60
Trd, 4318837.593, 61
Trd, 4318837.693, 62
Trd, 4318838.343, 60
Trd, 4318840.093, 60
Trd, 4318840.343, 60
Trd, 4318841.343, 60
Trd, 4318841.443, 60
Trd, 4318842.193, 61
Trd, 4318843.243, 60
Trd, 4318844.993, 60
Trd, 4318845.143, 61
Trd, 4318846.243, 63
Trd, 4318846.343, 64
Trd, 4318846.493, 62
Trd, 4318847.293, 62
Trd, 4318847.343, 64
Trd, 4318847.593, 65
Trd, 4318848.343, 94
Trd, 4318848.893, 140
Trd, 4318849.443, 113
Trd, 4318853.493, 140
Trd, 4318854.243, 140
Trd, 4318854.493, 130
Trd, 4318856.193, 140
Trd, 4318856.293, 140
Trd, 4318857.543, 139
Trd, 4318857.893, 140
Trd, 4318860.543, 140
Trd, 4318860.793, 140
Trd, 4318860.843, 140
Trd, 4318861.393, 140
Trd, 4318862.443, 140
Trd, 4318863.093, 139
Trd, 4318863.443, 140
Trd, 4318864.193, 140
Trd, 4318864.343, 140
Trd, 4318865.193, 140
Trd, 4318866.793, 140
Trd, 4318867.743, 140
Trd, 4318867.993, 140
Trd, 4318868.343, 140
Trd, 4318868.593, 139
Trd, 4318868.943, 140
Trd, 4318870.743, 140
Trd, 4318872.043, 140
Trd, 4318872.893, 140
Trd, 4318873.543, 140
Trd, 4318873.643, 140
Trd, 4318874.743, 140
Trd, 4318874.793, 140
Trd, 4318875.143, 140
Trd, 4318875.343, 139
Trd, 4318876.043, 136
Trd, 4318876.543, 140
Trd, 4318876.643, 134
Trd, 4318878.293, 140
Trd, 4318878.693, 140
Trd, 4318879.993, 140
Trd, 4318880.343, 139
Trd, 4318880.793, 140
Trd, 4318881.543, 140
Trd, 4318881.843, 138
Trd, 4318882.143, 138
Trd, 4318882.243, 132
Trd, 4318883.793, 136
Trd, 4318886.093, 140
Trd, 4318886.193, 140
Trd, 4318886.443, 140
Trd, 4318886.543, 140
Trd, 4318888.093, 140
Trd, 4318888.993, 140
Trd, 4318889.243, 139
Trd, 4318890.293, 140
Trd, 4318891.293, 140
Trd, 4318892.143, 136
Trd, 4318892.893, 139
Trd, 4318892.943, 134
Trd, 4318894.443, 140
Trd, 4318894.543, 138
Trd, 4318896.293, 140
Trd, 4318896.543, 138
Trd, 4318897.843, 124
Trd, 4318899.093, 140
Trd, 4318900.443, 140
Trd, 4318900.993, 140
Trd, 4318901.293, 140
Trd, 4318901.693, 140
Trd, 4318902.293, 140
Trd, 4318903.043, 139
Trd, 4318903.743, 139
Trd, 4318904.893, 140
Trd, 4318905.843, 140
Trd, 4318906.543, 140
Trd, 4318907.193, 140
Trd, 4318908.093, 116
Trd, 4318908.643, 117
Trd, 4318909.193, 140
Trd, 4318910.343, 140
Trd, 4318911.243, 140
Trd, 4318912.143, 140
Trd, 4318913.143, 140
Trd, 4318913.893, 140
Trd, 4318914.293, 140
Trd, 4318915.743, 140
Trd, 4318916.043, 140
Trd, 4318918.393, 140
Trd, 4318919.393, 140
Trd, 4318919.493, 139
Trd, 4318919.893, 140
Trd, 4318920.493, 140
Trd, 4318920.693, 140
Trd, 4318921.043, 118
Trd, 4318921.593, 106
Trd, 4318922.043, 105
Trd, 4318923.143, 140
Trd, 4318923.993, 140
Trd, 4318924.343, 138
Trd, 4318924.893, 130
Trd, 4318924.943, 116
Trd, 4318926.593, 140
Trd, 4318928.143, 140
Trd, 4318929.443, 140
Trd, 4318929.493, 140
Trd, 4318930.043, 140
Trd, 4318930.093, 140
Trd, 4318930.843, 139
Trd, 4318931.543, 140
Trd, 4318932.393, 140
Trd, 4318932.443, 140
Trd, 4318933.893, 140
Trd, 4318935.143, 140
Trd, 4318935.393, 140
Trd, 4318937.143, 140
Trd, 4318937.393, 140
Trd, 4318938.643, 140
Trd, 4318939.093, 140
Trd, 4318939.643, 140
Trd, 4318941.293, 140
Trd, 4318942.093, 140
Trd, 4318943.193, 140
Trd, 4318943.443, 139
Trd, 4318943.793, 140
Trd, 4318944.043, 140
Trd, 4318944.793, 90
Trd, 4318945.943, 140
Trd, 4318946.643, 140
Trd, 4318946.893, 140
Trd, 4318947.043, 140
Trd, 4318948.243, 140
Trd, 4318948.443, 140
Trd, 4318948.793, 138
Trd, 4318948.993, 139
Trd, 4318949.893, 139
Trd, 4318950.243, 60
Trd, 4318950.793, 63
Trd, 4318951.393, 133
Trd, 4318953.093, 140
Trd, 4318953.343, 140
Trd, 4318953.543, 139
Trd, 4318955.143, 139
Trd, 4318955.343, 139
Trd, 4318956.343, 139
Trd, 4318957.893, 140
Trd, 4318957.993, 140
Trd, 4318958.443, 137
Trd, 4318959.893, 139
Trd, 4318960.193, 138
Trd, 4318960.243, 137
Trd, 4318960.893, 85
Trd, 4318961.293, 140
Trd, 4318962.243, 140
Trd, 4318962.943, 140
Trd, 4318965.243, 140
Trd, 4318965.343, 140
Trd, 4318966.193, 140
Trd, 4318966.243, 140
Trd, 4318967.093, 140
Trd, 4318967.743, 140
Trd, 4318969.593, 140
Trd, 4318969.843, 140
Trd, 4318970.493, 126
Trd, 4318970.793, 137
Trd, 4318973.343, 140
Trd, 4318973.843, 140
Trd, 4318974.243, 140
Trd, 4318974.393, 140
Trd, 4318974.443, 137
Trd, 4318975.243, 138
Trd, 4318975.693, 132
Trd, 4318975.943, 140
Trd, 4318976.643, 140
Trd, 4318978.843, 140
Trd, 4318979.393, 140
Trd, 4318979.543, 140
Trd, 4318980.243, 140
Trd, 4318980.443, 140
Trd, 4318980.693, 138
Trd, 4318982.793, 140
Trd, 4318982.993, 140
Trd, 4318983.193, 130
Trd, 4318983.993, 140
Trd, 4318986.393, 140
Trd, 4318987.743, 140
Trd, 4318988.443, 140
Trd, 4318989.343, 140
Trd, 4318989.643, 140
Trd, 4318989.843, 140
Trd, 4318990.493, 140
Trd, 4318990.993, 140
Trd, 4318992.443, 140
Trd, 4318992.893, 140
Trd, 4318993.093, 140
Trd, 4318993.843, 140
Trd, 4318994.543, 140
Trd, 4318995.243, 138
Trd, 4318996.693, 140
Trd, 4318997.343, 140
Trd, 4318997.993, 140
Trd, 4318999.443, 140
Trd, 4318999.943, 138
Trd, 4319000.693, 140
Trd, 4319000.893, 137
Trd, 4319002.443, 140
Trd, 4319002.593, 140
Trd, 4319003.093, 140
Trd, 4319003.493, 139
Trd, 4319005.643, 140
Trd, 4319006.193, 140
Trd, 4319007.293, 140
Trd, 4319007.843, 140
Trd, 4319009.343, 140
Trd, 4319009.693, 140
Trd, 4319010.143, 140
Trd, 4319010.493, 139
Trd, 4319011.343, 139
Trd, 4319011.893, 131
Trd, 4319012.793, 140
Trd, 4319013.243, 139
Trd, 4319014.293, 140
Trd, 4319014.593, 140
Trd, 4319014.743, 132
Trd, 4319015.993, 140
Trd, 4319016.343, 140
Trd, 4319016.743, 139
Trd, 4319018.193, 140
Trd, 4319020.693, 140
Trd, 4319021.043, 140
Trd, 4319021.543, 140
Trd, 4319022.093, 140
Trd, 4319022.693, 140
Trd, 4319023.393, 140
Trd, 4319023.793, 136
Trd, 4319024.993, 139
Trd, 4319025.793, 117
Trd, 4319025.843, 114
Trd, 4319026.393, 64
Trd, 4319027.343, 138
Trd, 4319028.743, 140
Trd, 4319029.343, 140
Trd, 4319030.193, 140
Trd, 4319030.843, 140
Trd, 4319031.993, 140
Trd, 4319033.743, 140
Trd, 4319033.843, 140
Trd, 4319033.943, 140
Trd, 4319034.443, 136
Trd, 4319034.643, 132
Trd, 4319034.793, 138
Trd, 4319035.043, 137
Trd, 4319035.193, 132
Trd, 4319036.743, 60
Trd, 4319038.343, 140
Trd, 4319039.293, 140
Trd, 4319040.693, 140
Trd, 4319041.393, 140
Trd, 4319041.693, 140
Trd, 4319042.143, 140
Trd, 4319042.593, 140
Trd, 4319042.793, 79
Trd, 4319044.393, 140
Trd, 4319045.593, 140
Trd, 4319045.743, 140
Trd, 4319046.393, 140
Trd, 4319047.293, 140
Trd, 4319047.693, 120
Trd, 4319047.943, 79
Trd, 4319048.743, 140
Trd, 4319050.893, 139
Trd, 4319051.143, 138
Trd, 4319051.993, 140
Trd, 4319052.343, 140
Trd, 4319052.493, 140
Trd, 4319053.243, 140
Trd, 4319053.443, 140
Trd, 4319054.143, 140
Trd, 4319054.393, 140
Trd, 4319055.143, 140
Trd, 4319055.293, 140
Trd, 4319055.743, 138
Trd, 4319057.043, 140
Trd, 4319057.293, 139
Trd, 4319057.893, 138
Trd, 4319059.893, 140
Trd, 4319060.143, 140
Trd, 4319060.493, 136
Trd, 4319062.143, 140
Trd, 4319062.743, 140
Trd, 4319063.093, 140
Trd, 4319063.543, 140
Trd, 4319064.943, 140
Trd, 4319065.193, 140
Trd, 4319066.493, 140
Trd, 4319066.793, 140
Trd, 4319067.243, 140
Trd, 4319068.293, 140
Trd, 4319069.043, 140
Trd, 4319070.693, 140
Trd, 4319071.493, 140
Trd, 4319072.143, 140
Trd, 4319072.443, 140
Trd, 4319073.193, 125
Trd, 4319074.343, 138
Trd, 4319074.793, 140
Trd, 4319075.143, 140
Trd, 4319075.543, 123
Trd, 4319075.943, 135
Trd, 4319077.043, 138
Trd, 4319077.343, 136
Trd, 4319078.443, 123
Trd, 4319079.143, 122
Trd, 4319079.743, 95
Trd, 4319079.843, 122
Trd, 4319079.993, 93
Trd, 4319081.243, 117
Trd, 4319081.543, 121
Trd, 4319081.593, 124
Trd, 4319083.043, 140
Trd, 4319083.093, 140
Trd, 4319083.143, 140
Trd, 4319083.443, 65
Trd, 4319084.793, 140
Trd, 4319084.893, 140
Trd, 4319086.743, 140
Trd, 4319087.443, 139
Trd, 4319087.843, 138
Trd, 4319088.693, 139
Trd, 4319089.243, 61
Trd, 4319089.893, 61
Trd, 4319091.143, 110
Trd, 4319091.193, 108
Trd, 4319092.143, 140
Trd, 4319092.793, 140
Trd, 4319092.993, 136
Trd, 4319093.293, 126
Trd, 4319093.993, 138
Trd, 4319095.143, 140
Trd, 4319095.443, 110
Trd, 4319096.993, 139
Trd, 4319099.443, 140
Trd, 4319100.193, 140
Trd, 4319100.443, 140
Trd, 4319101.343, 139
Trd, 4319101.493, 139
Trd, 4319101.743, 132
Trd, 4319102.193, 104
Trd, 4319103.043, 139
Trd, 4319103.143, 103
Trd, 4319104.743, 140
Trd, 4319106.293, 139
Trd, 4319106.993, 140
Trd, 4319107.393, 140
Trd, 4319107.893, 140
Trd, 4319107.943, 139
Trd, 4319108.443, 140
Trd, 4319108.793, 138
Trd, 4319109.543, 138
Trd, 4319110.893, 138
Trd, 4319111.193, 137
Trd, 4319112.193, 138
Trd, 4319113.143, 117
Trd, 4319113.493, 139
Trd, 4319114.093, 136
Trd, 4319114.193, 95
Trd, 4319114.543, 97
Trd, 4319115.043, 62
Trd, 4319116.043, 130
Trd, 4319117.193, 89
Trd, 4319117.493, 63
Trd, 4319118.193, 62
Trd, 4319118.343, 63
Trd, 4319118.743, 63
Trd, 4319120.393, 60
Trd, 4319120.543, 61
Trd, 4319120.593, 62
Trd, 4319121.443, 61
Trd, 4319122.143, 61
Trd, 4319123.293, 62
Trd, 4319123.393, 62
Trd, 4319124.443, 60
Trd, 4319124.743, 62
Trd, 4319126.193, 60
Trd, 4319126.643, 60
Trd, 4319126.693, 60
Trd, 4319127.093, 62
Trd, 4319127.843, 61
Trd, 4319128.143, 63
Trd, 4319128.393, 63
Trd, 4319128.843, 65
Trd, 4319129.693, 101
Trd, 4319130.343, 102
Trd, 4319130.843, 68
Trd, 4319132.043, 60
Trd, 4319133.293, 60
Trd, 4319133.493, 61
Trd, 4319134.343, 61
Trd, 4319134.893, 62
Trd, 4319136.393, 60
Trd, 4319137.593, 60
Trd, 4319137.743, 60
Trd, 4319137.843, 64
Trd, 4319138.143, 66
Trd, 4319138.593, 62
Trd, 4319139.443, 140
Trd, 4319139.543, 140
Trd, 4319139.693, 139
Trd, 4319140.393, 102
Trd, 4319140.743, 61
Trd, 4319141.743, 60
Trd, 4319142.493, 60
Trd, 4319143.793, 60
Trd, 4319144.243, 60
Trd, 4319145.193, 61
Trd, 4319145.743, 61
Trd, 4319147.143, 140
Trd, 4319147.243, 140
Trd, 4319147.893, 139
Trd, 4319148.093, 110
Trd, 4319148.543, 140
Trd, 4319149.543, 139
Trd, 4319150.293, 140
Trd, 4319150.843, 140
Trd, 4319151.393, 102
Trd, 4319151.593, 101
Trd, 4319153.843, 140
Trd, 4319154.193, 140
Trd, 4319154.493, 139
Trd, 4319154.693, 138
Trd, 4319156.893, 140
Trd, 4319156.943, 140
Trd, 4319157.093, 140
Trd, 4319157.293, 137
Trd, 4319159.043, 140
Trd, 4319160.693, 140
Trd, 4319160.943, 138
Trd, 4319161.293, 136
Trd, 4319161.993, 133
Trd, 4319162.443, 139
Trd, 4319163.693, 138
Trd, 4319163.793, 137
Trd, 4319164.193, 137
Trd, 4319166.543, 140
Trd, 4319167.393, 60
Trd, 4319168.393, 139
Trd, 4319168.493, 138
Trd, 4319168.743, 110
Trd, 4319168.793, 137
Trd, 4319169.293, 140
Trd, 4319170.193, 60
Trd, 4319170.493, 77
Trd, 4319171.043, 104
Trd, 4319172.093, 60
Trd, 4319172.793, 60
Trd, 4319172.993, 60
Trd, 4319173.293, 73
Trd, 4319174.493, 60
Trd, 4319174.993, 60
Trd, 4319175.143, 61
Trd, 4319176.443, 140
Trd, 4319176.793, 139
Trd, 4319178.393, 140
Trd, 4319178.793, 140
Trd, 4319179.193, 138
Trd, 4319180.493, 139
Trd, 4319181.393, 140
Trd, 4319181.993, 139
Trd, 4319182.543, 137
Trd, 4319183.143, 134
Trd, 4319183.643, 124
Trd, 4319184.143, 140
Trd, 4319185.343, 104
Trd, 4319185.593, 97
Trd, 4319187.493, 140
Trd, 4319187.543, 140
Trd, 4319189.793, 140
Trd, 4319190.543, 140
Trd, 4319191.143, 139
Trd, 4319192.743, 140
Trd, 4319192.893, 139
Trd, 4319193.543, 140
Trd, 4319193.593, 139
Trd, 4319194.893, 140
Trd, 4319195.143, 130
Trd, 4319196.343, 140
Trd, 4319197.143, 140
Trd, 4319198.043, 140
Trd, 4319198.543, 139
Trd, 4319198.743, 139
Trd, 4319198.893, 139
Trd, 4319199.943, 137
Trd, 4319201.193, 140
Trd, 4319201.593, 64
Trd, 4319202.293, 61
Trd, 4319203.193, 61
Trd, 4319203.943, 62
Trd, 4319204.293, 64
Trd, 4319205.293, 60
Trd, 4319205.443, 60
Trd, 4319205.893, 64
Trd, 4319206.643, 60
Trd, 4319207.093, 61
Trd, 4319207.843, 60
Trd, 4319207.943, 60
Trd, 4319208.543, 62
Trd, 4319209.543, 64
Trd, 4319211.443, 61
Trd, 4319212.193, 60
Trd, 4319212.293, 60
Trd, 4319212.343, 60
Trd, 4319214.343, 60
Trd, 4319214.743, 60
Trd, 4319215.093, 63
Trd, 4319215.393, 61
Trd, 4319216.593, 60
Trd, 4319218.093, 60
Trd, 4319218.493, 60
Trd, 4319219.093, 61
Trd, 4319219.243, 63
Trd, 4319219.343, 69
Trd, 4319219.993, 60
Trd, 4319220.593, 60
Trd, 4319221.193, 60
Trd, 4319222.143, 60
Trd, 4319222.243, 60
Trd, 4319222.843, 64
Trd, 4319224.643, 63
Trd, 4319224.793, 64
Trd, 4319225.143, 65
Trd, 4319225.443, 68
Trd, 4319226.493, 69
Trd, 4319228.843, 60
Trd, 4319228.893, 60
Trd, 4319229.443, 60
Trd, 4319230.043, 60
Trd, 4319230.843, 60
Trd, 4319230.893, 61
Trd, 4319231.193, 60
Trd, 4319231.293, 62
Trd, 4319232.043, 64
Trd, 4319232.943, 60
Trd, 4319233.093, 61
Trd, 4319235.143, 60
Trd, 4319236.793, 60
Trd, 4319237.843, 60
Trd, 4319238.943, 61
Trd, 4319239.443, 60
Trd, 4319239.693, 60
Trd, 4319240.443, 60
Trd, 4319241.293, 60
Trd, 4319241.793, 60
Trd, 4319242.243, 63
Trd, 4319243.643, 60
Trd, 4319243.743, 60
Trd, 4319244.393, 60
Trd, 4319244.843, 61
Trd, 4319245.643, 62
Trd, 4319245.693, 63
Trd, 4319245.893, 63
Trd, 4319246.193, 72
Trd, 4319246.293, 73
Trd, 4319247.543, 64
Trd, 4319247.693, 69
Trd, 4319248.493, 67
Trd, 4319248.743, 68
Trd, 4319249.443, 67
Trd, 4319251.343, 60
Trd, 4319251.743, 65
Trd, 4319251.893, 68
Trd, 4319252.693, 137
Trd, 4319253.293, 65
Trd, 4319254.793, 60
Trd, 4319255.193, 65
Trd, 4319255.243, 69
Trd, 4319257.693, 60
Trd, 4319257.943, 62
Trd, 4319258.593, 60
Trd, 4319259.293, 61
Trd, 4319259.593, 60
Trd, 4319260.493, 60
Trd, 4319261.543, 61
Trd, 4319261.593, 61
Trd, 4319262.443, 63
Trd, 4319263.193, 61
Trd, 4319263.743, 61
Trd, 4319263.943, 67
Trd, 4319264.143, 61
Trd, 4319265.393, 77
Trd, 4319267.743, 60
Trd, 4319267.943, 60
Trd, 4319268.143, 61
Trd, 4319269.243, 60
Trd, 4319269.543, 60
Trd, 4319270.943, 60
Trd, 4319271.443, 63
Trd, 4319271.543, 64
Trd, 4319272.343, 61
Trd, 4319272.793, 60
Trd, 4319274.043, 60
Trd, 4319274.193, 60
Trd, 4319275.143, 61
Trd, 4319275.793, 62
Trd, 4319276.243, 61
Trd, 4319276.843, 61
Trd, 4319278.993, 60
Trd, 4319279.243, 60
Trd, 4319279.793, 60
Trd, 4319279.943, 60
Trd, 4319280.043, 60
Trd, 4319280.743, 132
Trd, 4319281.543, 72
Trd, 4319283.293, 140
Trd, 4319283.693, 140
Trd, 4319283.843, 140
Trd, 4319284.093, 87
Trd, 4319284.343, 68
Trd, 4319284.793, 77
Trd, 4319285.943, 131
Trd, 4319286.443, 136
Trd, 4319286.543, 133
Trd, 4319286.593, 137
Trd, 4319286.643, 132
Trd, 4319288.493, 60
Trd, 4319289.093, 60
Trd, 4319290.493, 60
Trd, 4319290.843, 60
Trd, 4319291.043, 60
Trd, 4319291.693, 60
Trd, 4319292.443, 60
Trd, 4319292.643, 60
Trd, 4319294.143, 125
Trd, 4319294.943, 140
Trd, 4319295.043, 134
Trd, 4319295.093, 94
Trd, 4319296.593, 140
Trd, 4319296.843, 138
Trd, 4319297.593, 140
Trd, 4319298.343, 140
Trd, 4319300.143, 138
Trd, 4319300.343, 138
Trd, 4319300.943, 140
Trd, 4319301.243, 140
Trd, 4319301.993, 140
Trd, 4319302.143, 138
Trd, 4319302.343, 127
Trd, 4319303.093, 128
Trd, 4319304.243, 64
Trd, 4319304.543, 136
Trd, 4319306.943, 140
Trd, 4319307.193, 140
Trd, 4319307.443, 140
Trd, 4319307.543, 138
Trd, 4319308.943, 140
Trd, 4319309.043, 140
Trd, 4319311.643, 140
Trd, 4319311.693, 140
Trd, 4319312.493, 139
Trd, 4319313.393, 140
Trd, 4319313.593, 137
Trd, 4319314.593, 140
Trd, 4319314.743, 140
Trd, 4319315.743, 140
Trd, 4319316.643, 140
Trd, 4319317.493, 140
Trd, 4319319.143, 140
Trd, 4319319.643, 140
Trd, 4319320.143, 140
Trd, 4319321.493, 140
Trd, 4319321.593, 138
Trd, 4319322.143, 139
Trd, 4319322.543, 140
Trd, 4319323.743, 140
Trd, 4319323.993, 126
Trd, 4319324.943, 60
Trd, 4319324.993, 60
Trd, 4319325.343, 61
Trd, 4319325.843, 61
Trd, 4319326.193, 62
Trd, 4319327.243, 96
Trd, 4319327.993, 113
Trd, 4319328.693, 140
Trd, 4319329.143, 140
Trd, 4319329.343, 113
Trd, 4319330.343, 129
Trd, 4319331.643, 140
Trd, 4319332.343, 140
Trd, 4319332.593, 140
Trd, 4319333.343, 140
Trd, 4319334.093, 140
Trd, 4319335.143, 140
Trd, 4319335.243, 140
Trd, 4319335.893, 139
Trd, 4319336.543, 140
Trd, 4319337.193, 139
Trd, 4319338.193, 140
Trd, 4319340.393, 137
Trd, 4319340.693, 140
Trd, 4319342.293, 140
Trd, 4319342.493, 139
Trd, 4319343.943, 140
Trd, 4319343.993, 139
Trd, 4319344.643, 138
Trd, 4319345.443, 140
Trd, 4319346.293, 140
Trd, 4319347.393, 140
Trd, 4319348.243, 140
Trd, 4319348.943, 138
Trd, 4319349.743, 138
Trd, 4319349.843, 102
Trd, 4319351.893, 140
Trd, 4319352.393, 140
Trd, 4319354.393, 140
Trd, 4319354.843, 140
Trd, 4319355.643, 140
Trd, 4319356.293, 140
Trd, 4319356.743, 140
Trd, 4319357.443, 140
Trd, 4319358.093, 140
Trd, 4319358.143, 140
Trd, 4319358.643, 140
Trd, 4319359.693, 140
Trd, 4319361.693, 140
Trd, 4319362.493, 140
Trd, 4319362.893, 140
Trd, 4319363.343, 140
Trd, 4319363.493, 140
Trd, 4319364.493, 140
Trd, 4319364.593, 140
Trd, 4319365.143, 140
Trd, 4319365.293, 139
Trd, 4319365.843, 135
Trd, 4319366.593, 139
Trd, 4319367.843, 140
Trd, 4319368.193, 139
Trd, 4319369.043, 138
Trd, 4319369.493, 130
Trd, 4319369.943, 140
Trd, 4319371.193, 139
Trd, 4319371.393, 125
Trd, 4319371.993, 138
Trd, 4319372.393, 139
Trd, 4319375.143, 140
Trd, 4319376.493, 140
Trd, 4319376.793, 140
Trd, 4319377.343, 140
Trd, 4319377.693, 140
Trd, 4319378.543, 138
Trd, 4319379.543, 140
Trd, 4319380.493, 140
Trd, 4319380.543, 139
Trd, 4319380.893, 140
Trd, 4319381.143, 131
Trd, 4319383.143, 140
Trd, 4319383.643, 140
Trd, 4319384.243, 140
Trd, 4319384.393, 139
Trd, 4319387.093, 140
Trd, 4319387.793, 140
Trd, 4319387.993, 139
Trd, 4319390.143, 140
Trd, 4319390.193, 140
Trd, 4319390.993, 139
Trd, 4319391.193, 138
Trd, 4319392.643, 140
Trd, 4319393.093, 139
Trd, 4319393.543, 140
Trd, 4319394.343, 140
Trd, 4319394.943, 129
Trd, 4319396.443, 140
Trd, 4319396.543, 139
Trd, 4319397.393, 140
Trd, 4319398.543, 140
Trd, 4319398.593, 139
Trd, 4319398.893, 138
Trd, 4319399.743, 140
Trd, 4319400.893, 140
Trd, 4319403.343, 140
Trd, 4319403.593, 140
Trd, 4319404.043, 140
Trd, 4319404.143, 138
Trd, 4319404.493, 137
Trd, 4319405.243, 136
Trd, 4319405.693, 124
Trd, 4319407.043, 92
Trd, 4319407.193, 105
Trd, 4319407.343, 91
Trd, 4319408.343, 118
Trd, 4319408.743, 117
Trd, 4319409.443, 119
Trd, 4319410.143, 119
Trd, 4319410.193, 120
Trd, 4319410.493, 108
Trd, 4319410.943, 134
Trd, 4319412.593, 140
Trd, 4319413.643, 140
Trd, 4319414.043, 139
Trd, 4319414.593, 140
Trd, 4319415.093, 140
Trd, 4319415.693, 138
Trd, 4319416.343, 140
Trd, 4319416.393, 98
Trd, 4319417.143, 139
Trd, 4319417.843, 60
Trd, 4319417.943, 60
Trd, 4319420.093, 140
Trd, 4319420.693, 140
Trd, 4319421.093, 139
Trd, 4319421.993, 140
Trd, 4319422.943, 140
Trd, 4319423.043, 140
Trd, 4319423.443, 134
Trd, 4319424.293, 137
Trd, 4319424.393, 138
Trd, 4319424.493, 132
Trd, 4319425.043, 114
Trd, 4319426.743, 61
Trd, 4319426.793, 62
Trd, 4319427.693, 61
Trd, 4319428.193, 65
Trd, 4319428.693, 74
Trd, 4319430.493, 63
Trd, 4319431.643, 60
Trd, 4319432.593, 60
Trd, 4319432.793, 60
Trd, 4319433.843, 60
Trd, 4319434.493, 60
Trd, 4319434.743, 61
Trd, 4319434.893, 63
Trd, 4319435.593, 140
Trd, 4319435.693, 140
Trd, 4319435.893, 140
Trd, 4319438.243, 63
Trd, 4319439.193, 140
Trd, 4319439.293, 128
Trd, 4319440.393, 140
Trd, 4319440.793, 140
Trd, 4319441.893, 139
Trd, 4319441.993, 138
Trd, 4319442.293, 136
Trd, 4319444.693, 140
Trd, 4319444.793, 140
Trd, 4319445.143, 140
Trd, 4319445.293, 140
Trd, 4319445.393, 139
Trd, 4319445.443, 137
Trd, 4319446.893, 135
Trd, 4319446.993, 117
Trd, 4319448.093, 140
Trd, 4319448.693, 140
Trd, 4319449.243, 138
Trd, 4319449.543, 136
Trd, 4319450.543, 134
Trd, 4319452.293, 140
Trd, 4319452.693, 140
Trd, 4319452.793, 139
Trd, 4319454.093, 140
Trd, 4319454.793, 140
Trd, 4319455.593, 138
Trd, 4319456.243, 69
Trd, 4319457.043, 140
Trd, 4319457.493, 139
Trd, 4319457.743, 140
Trd, 4319458.043, 138
Trd, 4319458.793, 61
Trd, 4319459.143, 140
Trd, 4319459.893, 60
Trd, 4319460.993, 60
Trd, 4319461.193, 60
Trd, 4319461.343, 61
Trd, 4319462.593, 63
Trd, 4319462.893, 63
Trd, 4319463.043, 71
Trd, 4319463.343, 63
Trd, 4319463.643, 62
Trd, 4319463.793, 109
Trd, 4319465.293, 139
Trd, 4319466.143, 140
Trd, 4319467.243, 140
Trd, 4319467.293, 139
Trd, 4319467.943, 138
Trd, 4319468.643, 70
Trd, 4319468.693, 71
Trd, 4319468.993, 62
Trd, 4319469.493, 72
Trd, 4319470.343, 140
Trd, 4319470.793, 63
Trd, 4319471.643, 61
Trd, 4319473.593, 140
Trd, 4319473.693, 140
Trd, 4319474.743, 140
Trd, 4319475.093, 140
Trd, 4319475.243, 138
Trd, 4319476.843, 138
Trd, 4319477.643, 140
Trd, 4319477.743, 110
Trd, 4319478.693, 139
Trd, 4319479.143, 121
Trd, 4319479.943, 134
Trd, 4319480.493, 128
Trd, 4319480.793, 137
Trd, 4319481.043, 118
Trd, 4319483.443, 140
Trd, 4319483.543, 139
Trd, 4319484.443, 140
Trd, 4319484.793, 140
Trd, 4319485.643, 140
Trd, 4319486.793, 140
Trd, 4319487.093, 139
Trd, 4319487.493, 140
Trd, 4319489.143, 139
Trd, 4319490.343, 139
Trd, 4319490.743, 131
Trd, 4319491.943, 140
Trd, 4319492.493, 139
Trd, 4319492.643, 131
Trd, 4319492.843, 62
Trd, 4319493.793, 131
Trd, 4319494.643, 116
Trd, 4319494.743, 115
Trd, 4319495.543, 116
Trd, 4319496.543, 140
Trd, 4319496.843, 140
Trd, 4319497.443, 140
Trd, 4319497.743, 140
Trd, 4319498.293, 140
Trd, 4319498.993, 137
Trd, 4319499.893, 140
Trd, 4319500.443, 140
Trd, 4319501.043, 140
Trd, 4319501.143, 139
Trd, 4319501.943, 138
Trd, 4319502.793, 139
Trd, 4319503.743, 140
Trd, 4319504.893, 140
Trd, 4319506.843, 140
Trd, 4319507.143, 138
Trd, 4319508.443, 140
Trd, 4319508.743, 140
Trd, 4319508.843, 139
Trd, 4319510.193, 139
Trd, 4319510.743, 133
Trd, 4319511.043, 138
Trd, 4319512.543, 139
Trd, 4319513.293, 140
Trd, 4319514.593, 140
Trd, 4319514.893, 140
Trd, 4319515.843, 140
Trd, 4319516.343, 139
Trd, 4319516.393, 139
Trd, 4319517.343, 140
Trd, 4319517.793, 132
Trd, 4319518.243, 139
Trd, 4319518.593, 138
Trd, 4319518.943, 136
Trd, 4319519.393, 100
Trd, 4319520.193, 78
Trd, 4319521.193, 138
Trd, 4319521.593, 136
Trd, 4319522.493, 140
Trd, 4319523.243, 140
Trd, 4319523.343, 139
Trd, 4319523.443, 138
Trd, 4319524.343, 140
Trd, 4319525.193, 132
Trd, 4319526.343, 140
Trd, 4319526.393, 139
Trd, 4319526.943, 115
Trd, 4319527.543, 136
Trd, 4319527.993, 106
Trd, 4319529.343, 140
Trd, 4319530.143, 140
Trd, 4319530.393, 140
Trd, 4319530.893, 124
Trd, 4319533.243, 140
Trd, 4319534.943, 140
Trd, 4319535.043, 140
Trd, 4319535.543, 140
Trd, 4319535.993, 139
Trd, 4319536.593, 139
Trd, 4319536.993, 140
Trd, 4319537.243, 138
Trd, 4319537.943, 140
Trd, 4319538.693, 140
Trd, 4319539.593, 140
Trd, 4319539.743, 140
Trd, 4319540.193, 140
Trd, 4319541.093, 135
Trd, 4319542.443, 108
Trd, 4319542.593, 92
Trd, 4319543.193, 125
Trd, 4319543.443, 122
Trd, 4319543.643, 129
Trd, 4319543.843, 135
Trd, 4319544.793, 140
Trd, 4319544.893, 139
Trd, 4319545.693, 135
Trd, 4319546.343, 60
Trd, 4319546.543, 66
Trd, 4319548.993, 140
Trd, 4319549.143, 140
Trd, 4319549.693, 140
Trd, 4319549.993, 136
Trd, 4319551.593, 140
Trd, 4319551.943, 138
Trd, 4319552.543, 73
Trd, 4319552.993, 114
Trd, 4319553.243, 140
Trd, 4319554.193, 140
Trd, 4319555.193, 139
Trd, 4319555.743, 138
Trd, 4319557.543, 139
Trd, 4319558.793, 139
Trd, 4319558.943, 138
Trd, 4319559.593, 140
Trd, 4319560.843, 140
Trd, 4319560.943, 140
Trd, 4319561.843, 140
Trd, 4319562.443, 138
Trd, 4319563.343, 140
Trd, 4319565.593, 140
Trd, 4319565.643, 140
Trd, 4319565.743, 140
Trd, 4319565.893, 135
Trd, 4319567.693, 140
Trd, 4319568.343, 140
Trd, 4319569.293, 140
Trd, 4319569.893, 140
Trd, 4319570.443, 140
Trd, 4319571.543, 140
Trd, 4319572.943, 140
Trd, 4319574.193, 140
Trd, 4319574.243, 140
Trd, 4319574.543, 138
Trd, 4319575.643, 139
Trd, 4319575.843, 139
Trd, 4319577.243, 139
Trd, 4319577.493, 138
Trd, 4319577.693, 140
Trd, 4319577.793, 136
Trd, 4319578.493, 91
Trd, 4319578.943, 61
Trd, 4319579.493, 139
Trd, 4319580.793, 139
Trd, 4319580.993, 82
Trd, 4319581.093, 139
Trd, 4319582.293, 139
Trd, 4319582.693, 136
Trd, 4319583.843, 140
Trd, 4319586.343, 140
Trd, 4319586.393, 140
Trd, 4319587.093, 140
Trd, 4319587.193, 140
Trd, 4319587.693, 140
Trd, 4319587.843, 140
Trd, 4319588.043, 137
Trd, 4319589.993, 139
Trd, 4319590.193, 139
Trd, 4319590.743, 138
Trd, 4319590.843, 128
Trd, 4319591.043, 121
Trd, 4319592.343, 137
Trd, 4319592.593, 138
Trd, 4319593.243, 65
Trd, 4319593.343, 66
Trd, 4319594.843, 60
Trd, 4319595.193, 61
Trd, 4319595.843, 61
Trd, 4319596.293, 66
Trd, 4319596.493, 69
Trd, 4319596.793, 140
Trd, 4319596.893, 140
Trd, 4319597.943, 132
Trd, 4319599.243, 60
Trd, 4319600.743, 62
Trd, 4319600.993, 62
Trd, 4319601.593, 65
Trd, 4319602.543, 61
Trd, 4319602.793, 63
Trd, 4319604.843, 60
Trd, 4319604.943, 60
Trd, 4319605.593, 62
Trd, 4319605.793, 62
Trd, 4319606.693, 61
Trd, 4319607.593, 61
Trd, 4319608.293, 60
Trd, 4319608.993, 60
Trd, 4319609.643, 62
Trd, 4319611.093, 60
Trd, 4319611.393, 61
Trd, 4319612.593, 63
Trd, 4319612.993, 66
Trd, 4319613.743, 60
Trd, 4319613.893, 65
Trd, 4319614.343, 64
Trd, 4319614.943, 103
Trd, 4319616.043, 138
Trd, 4319616.193, 137
Trd, 4319617.293, 139
Trd, 4319617.943, 140
Trd, 4319618.043, 140
Trd, 4319619.093, 133
Trd, 4319619.793, 140
Trd, 4319620.443, 140
Trd, 4319620.743, 140
Trd, 4319620.843, 111
Trd, 4319621.993, 139
Trd, 4319622.543, 138
Trd, 4319622.743, 112
Trd, 4319623.643, 105
Trd, 4319623.943, 63
Trd, 4319624.743, 60
Trd, 4319624.893, 60
Trd, 4319625.093, 62
Trd, 4319626.343, 63
Trd, 4319627.193, 60
Trd, 4319627.493, 61
Trd, 4319628.243, 61
Trd, 4319628.443, 62
Trd, 4319629.793, 65
Trd, 4319630.443, 62
Trd, 4319630.693, 64
Trd, 4319631.793, 140
Trd, 4319633.243, 137
Trd, 4319633.443, 139
Trd, 4319633.493, 135
Trd, 4319634.393, 140
Trd, 4319634.543, 133
Trd, 4319635.543, 139
Trd, 4319636.193, 129
Trd, 4319637.943, 140
Trd, 4319638.343, 140
Trd, 4319638.593, 140
Trd, 4319639.643, 140
Trd, 4319640.143, 140
Trd, 4319640.743, 140
Trd, 4319640.993, 140
Trd, 4319641.493, 140
Trd, 4319643.643, 140
Trd, 4319643.693, 140
Trd, 4319643.793, 140
Trd, 4319643.943, 139
Trd, 4319645.293, 140
Trd, 4319646.093, 140
Trd, 4319646.143, 140
Trd, 4319647.093, 140
Trd, 4319649.143, 140
Trd, 4319649.693, 140
Trd, 4319649.943, 140
Trd, 4319650.593, 140
Trd, 4319650.643, 139
Trd, 4319651.543, 139
Trd, 4319651.793, 139
Trd, 4319653.593, 140
Trd, 4319653.993, 139
Trd, 4319654.643, 139
Trd, 4319655.343, 139
Trd, 4319655.643, 136
Trd, 4319656.993, 140
Trd, 4319657.543, 140
Trd, 4319657.643, 131
Trd, 4319658.393, 139
Trd, 4319659.843, 140
Trd, 4319662.243, 140
Trd, 4319662.343, 140
Trd, 4319662.693, 140
Trd, 4319663.343, 140
Trd, 4319663.843, 140
Trd, 4319663.893, 138
Trd, 4319664.443, 139
Trd, 4319666.393, 138
Trd, 4319667.843, 140
Trd, 4319668.193, 60
Trd, 4319668.293, 61
Trd, 4319669.143, 65
Trd, 4319669.993, 63
Trd, 4319670.293, 66
Trd, 4319670.343, 63
Trd, 4319671.443, 140
Trd, 4319671.793, 140
Trd, 4319672.943, 140
Trd, 4319673.693, 123
Trd, 4319674.743, 122
Trd, 4319675.193, 136
Trd, 4319676.643, 140
Trd, 4319677.193, 140
Trd, 4319677.293, 140
Trd, 4319678.193, 139
Trd, 4319679.693, 139
Trd, 4319679.793, 139
Trd, 4319680.143, 139
Trd, 4319680.893, 140
Trd, 4319682.043, 140
Trd, 4319682.693, 140
Trd, 4319683.443, 140
Trd, 4319684.043, 140
Trd, 4319684.293, 139
Trd, 4319685.143, 139
Trd, 4319686.643, 140
Trd, 4319686.743, 139
Trd, 4319687.793, 140
Trd, 4319688.093, 123
Trd, 4319689.443, 140
Trd, 4319689.743, 140
Trd, 4319690.643, 139
Trd, 4319691.543, 140
Trd, 4319692.043, 140
Trd, 4319693.743, 140
Trd, 4319693.843, 139
Trd, 4319693.993, 99
Trd, 4319695.543, 137
Trd, 4319696.243, 140
Trd, 4319697.243, 140
Trd, 4319697.943, 140
Trd, 4319699.593, 140
Trd, 4319700.043, 140
Trd, 4319700.293, 138
Trd, 4319701.243, 140
Trd, 4319702.543, 140
Trd, 4319702.993, 140
Trd, 4319703.043, 139
Trd, 4319703.143, 138
Trd, 4319704.193, 106
Trd, 4319705.743, 140
Trd, 4319705.843, 140
Trd, 4319706.843, 140
Trd, 4319707.893, 139
Trd, 4319708.243, 140
Trd, 4319708.493, 140
Trd, 4319710.343, 140
Trd, 4319710.393, 140
Trd, 4319710.493, 140
Trd, 4319711.093, 140
Trd, 4319713.943, 140
Trd, 4319714.343, 140
Trd, 4319714.493, 140
Trd, 4319715.493, 140
Trd, 4319715.793, 138
Trd, 4319715.893, 140
Trd, 4319716.293, 135
Trd, 4319717.493, 60
Trd, 4319718.093, 63
Trd, 4319718.543, 61
Trd, 4319718.593, 61
Trd, 4319719.843, 64
Trd, 4319720.743, 61
Trd, 4319720.843, 66
Trd, 4319721.943, 60
Trd, 4319721.993, 60
Trd, 4319722.193, 85
Trd, 4319722.593, 60
Trd, 4319725.043, 60
Trd, 4319725.593, 60
Trd, 4319725.843, 61
Trd, 4319725.943, 62
Trd, 4319726.293, 62
Trd, 4319727.093, 137
Trd, 4319727.743, 136
Trd, 4319728.143, 135
Trd, 4319728.243, 65
Trd, 4319728.743, 139
Trd, 4319730.543, 140
Trd, 4319730.943, 139
Trd, 4319731.543, 139
Trd, 4319733.643, 139
Trd, 4319733.843, 140
Trd, 4319734.843, 140
Trd, 4319735.143, 140
Trd, 4319735.293, 140
Trd, 4319735.493, 136
Trd, 4319736.193, 136
Trd, 4319736.593, 139
Trd, 4319737.743, 140
Trd, 4319739.293, 140
Trd, 4319739.493, 140
Trd, 4319739.843, 140
Trd, 4319741.243, 140
Trd, 4319741.793, 140
Trd, 4319742.093, 140
Trd, 4319743.143, 139
Trd, 4319743.793, 140
Trd, 4319744.393, 140
Trd, 4319745.843, 140
Trd, 4319746.443, 122
Trd, 4319747.093, 140
Trd, 4319747.743, 139
Trd, 4319748.393, 139
Trd, 4319748.943, 140
Trd, 4319749.193, 136
Trd, 4319750.093, 140
Trd, 4319751.743, 95
Trd, 4319752.793, 63
Trd, 4319753.893, 60
Trd, 4319754.093, 60
Trd, 4319755.043, 62
Trd, 4319755.293, 64
Trd, 4319755.493, 137
Trd, 4319755.893, 65
Trd, 4319757.443, 140
Trd, 4319757.943, 140
Trd, 4319758.893, 140
Trd, 4319759.143, 138
Trd, 4319759.343, 136
Trd, 4319759.693, 138
Trd, 4319759.793, 139
Trd, 4319760.643, 64
Trd, 4319760.993, 68
Trd, 4319761.393, 69
Trd, 4319762.193, 62
Trd, 4319763.093, 140
Trd, 4319763.543, 140
Trd, 4319763.843, 131
Trd, 4319764.843, 140
Trd, 4319766.043, 139
Trd, 4319766.093, 138
Trd, 4319767.443, 140
Trd, 4319767.643, 123
Trd, 4319769.343, 140
Trd, 4319769.643, 140
Trd, 4319770.943, 140
Trd, 4319771.293, 140
Trd, 4319771.393, 140
Trd, 4319771.593, 139
Trd, 4319772.543, 139
Trd, 4319772.993, 137
Trd, 4319773.593, 139
Trd, 4319773.643, 105
Trd, 4319774.393, 68
Trd, 4319775.243, 140
Trd, 4319775.943, 140
Trd, 4319777.593, 140
Trd, 4319778.193, 137
Trd, 4319778.243, 134
Trd, 4319779.343, 140
Trd, 4319779.893, 105
Trd, 4319780.693, 140
Trd, 4319782.093, 140
Trd, 4319782.543, 139
Trd, 4319783.293, 139
Trd, 4319785.093, 140
Trd, 4319785.593, 139
Trd, 4319785.793, 139
Trd, 4319786.243, 140
Trd, 4319786.743, 138
Trd, 4319788.493, 140
Trd, 4319789.693, 140
Trd, 4319790.043, 136
Trd, 4319790.243, 131
Trd, 4319792.043, 140
Trd, 4319792.493, 140
Trd, 4319794.043, 140
Trd, 4319794.393, 139
Trd, 4319795.293, 134
Trd, 4319796.143, 140
Trd, 4319796.993, 140
Trd, 4319798.093, 140
Trd, 4319798.493, 140
Trd, 4319799.143, 139
Trd, 4319799.243, 137
Trd, 4319800.143, 140
Trd, 4319800.593, 140
Trd, 4319801.343, 140
Trd, 4319801.643, 140
Trd, 4319802.443, 139
Trd, 4319803.943, 140
Trd, 4319804.943, 139
Trd, 4319806.143, 140
Trd, 4319806.893, 140
Trd, 4319807.093, 140
Trd, 4319808.993, 140
Trd, 4319809.143, 140
Trd, 4319809.393, 80
Trd, 4319810.043, 60
Trd, 4319811.543, 60
Trd, 4319811.593, 60
Trd, 4319811.693, 60
Trd, 4319812.043, 62
Trd, 4319812.293, 61
Trd, 4319812.843, 69
Trd, 4319813.693, 60
Trd, 4319814.543, 61
Trd, 4319815.143, 77
Trd, 4319815.493, 60
Trd, 4319816.893, 72
Trd, 4319817.443, 64
Trd, 4319818.643, 60
Trd, 4319819.293, 79
Trd, 4319820.193, 112
Trd, 4319820.443, 137
Trd, 4319821.493, 121
Trd, 4319821.743, 140
Trd, 4319822.093, 120
Trd, 4319822.343, 98
Trd, 4319823.393, 138
Trd, 4319824.493, 60
Trd, 4319824.743, 61
Trd, 4319825.243, 63
Trd, 4319825.543, 61
Trd, 4319826.493, 78
Trd, 4319826.943, 140
Trd, 4319828.143, 140
Trd, 4319828.693, 140
Trd, 4319829.843, 140
Trd, 4319830.193, 140
Trd, 4319830.543, 140
Trd, 4319832.293, 139
Trd, 4319833.593, 140
Trd, 4319834.093, 140
Trd, 4319835.293, 140
Trd, 4319836.143, 140
Trd, 4319836.243, 139
Trd, 4319837.093, 139
Trd, 4319838.293, 135
Trd, 4319838.693, 140
Trd, 4319839.243, 140
Trd, 4319839.293, 139
Trd, 4319840.293, 139
Trd, 4319840.893, 140
Trd, 4319841.593, 140
Trd, 4319841.643, 126
Trd, 4319842.343, 137
Trd, 4319843.793, 139
Trd, 4319843.993, 60
Trd, 4319844.393, 64
Trd, 4319844.993, 61
Trd, 4319845.693, 140
Trd, 4319846.243, 139
Trd, 4319847.893, 140
Trd, 4319848.143, 140
Trd, 4319850.043, 140
Trd, 4319850.443, 140
Trd, 4319850.743, 140
Trd, 4319850.843, 139
Trd, 4319852.543, 130
Trd, 4319852.793, 129
Trd, 4319854.393, 140
Trd, 4319854.843, 140
Trd, 4319855.693, 140
Trd, 4319856.243, 138
Trd, 4319856.393, 84
Trd, 4319856.993, 63
Trd, 4319857.093, 64
Trd, 4319858.093, 140
Trd, 4319858.743, 139
Trd, 4319859.343, 137
Trd, 4319859.893, 127
Trd, 4319860.243, 126
Trd, 4319860.543, 135
Trd, 4319861.593, 61
Trd, 4319862.093, 61
Trd, 4319863.043, 62
Trd, 4319864.243, 60
Trd, 4319865.143, 60
Trd, 4319865.193, 62
Trd, 4319866.343, 60
Trd, 4319866.843, 60
Trd, 4319867.593, 60
Trd, 4319867.693, 61
Trd, 4319868.193, 64
Trd, 4319869.043, 65
Trd, 4319869.293, 67
Trd, 4319871.093, 63
Trd, 4319871.543, 65
Trd, 4319872.843, 60
Trd, 4319872.943, 60
Trd, 4319872.993, 60
Trd, 4319873.093, 62
Trd, 4319874.993, 60
Trd, 4319875.193, 62
Trd, 4319875.743, 60
Trd, 4319875.943, 60
Trd, 4319876.293, 61
Trd, 4319876.943, 62
Trd, 4319877.543, 60
Trd, 4319878.393, 60
Trd, 4319879.093, 60
Trd, 4319880.393, 134
Trd, 4319881.043, 60
Trd, 4319881.993, 62
Trd, 4319882.993, 63
Trd, 4319884.293, 60
Trd, 4319884.643, 60
Trd, 4319884.893, 60
Trd, 4319885.193, 60
Trd, 4319885.343, 75
Trd, 4319885.993, 140
Trd, 4319886.893, 140
Trd, 4319889.243, 140
Trd, 4319890.143, 140
Trd, 4319890.543, 140
Trd, 4319890.593, 125
Trd, 4319891.243, 63
Trd, 4319891.443, 63
Trd, 4319891.743, 77
Trd, 4319893.343, 140
Trd, 4319894.743, 140
Trd, 4319895.343, 140
Trd, 4319896.393, 140
Trd, 4319896.893, 140
Trd, 4319896.993, 136
Trd, 4319897.993, 134
Trd, 4319898.493, 134
Trd, 4319901.593, 140
Trd, 4319901.693, 140
Trd, 4319901.743, 140
Trd, 4319903.143, 139
Trd, 4319903.293, 139
Trd, 4319903.693, 140
Trd, 4319905.293, 140
Trd, 4319905.443, 139
Trd, 4319906.193, 139
Trd, 4319906.643, 140
Trd, 4319908.243, 140
Trd, 4319908.393, 140
Trd, 4319909.043, 139
Trd, 4319909.093, 135
Trd, 4319909.693, 130
Trd, 4319910.493, 126
Trd, 4319912.343, 133
Trd, 4319912.593, 102
Trd, 4319912.693, 132
Trd, 4319912.843, 130
Trd, 4319913.043, 85
Trd, 4319914.793, 64
Trd, 4319915.693, 62
Trd, 4319915.743, 95
Trd, 4319915.943, 131
Trd, 4319917.543, 67
Trd, 4319917.993, 140
Trd, 4319918.393, 64
Trd, 4319918.943, 60
Trd, 4319919.593, 63
Trd, 4319919.693, 66
Trd, 4319921.143, 61
Trd, 4319923.543, 60
Trd, 4319923.593, 62
Trd, 4319923.693, 62
Trd, 4319924.093, 62
Trd, 4319924.793, 62
Trd, 4319924.943, 63
Trd, 4319925.243, 68
Trd, 4319925.543, 137
Trd, 4319926.193, 62
Trd, 4319926.343, 63
Trd, 4319927.443, 65
Trd, 4319928.093, 72
Trd, 4319929.393, 140
Trd, 4319929.543, 140
Trd, 4319930.943, 140
Trd, 4319931.643, 140
Trd, 4319931.993, 140
Trd, 4319932.093, 139
Trd, 4319932.843, 139
Trd, 4319934.293, 139
Trd, 4319934.343, 138
Trd, 4319936.393, 140
Trd, 4319938.043, 140
Trd, 4319938.943, 140
Trd, 4319938.993, 139
Trd, 4319939.043, 139
Trd, 4319939.893, 140
Trd, 4319940.193, 140
Trd, 4319941.743, 139
Trd, 4319942.793, 140
Trd, 4319943.143, 140
Trd, 4319943.993, 140
Trd, 4319944.493, 140
Trd, 4319944.893, 140
Trd, 4319945.643, 139
Trd, 4319946.093, 138
Trd, 4319948.293, 140
Trd, 4319948.843, 140
Trd, 4319948.893, 140
Trd, 4319949.743, 140
Trd, 4319950.043, 139
Trd, 4319950.443, 136
Trd, 4319951.393, 140
Trd, 4319952.393, 140
Trd, 4319953.443, 140
Trd, 4319953.793, 140
Trd, 4319953.893, 140
Trd, 4319954.843, 140
Trd, 4319954.993, 140
Trd, 4319955.693, 140
Trd, 4319956.243, 140
Trd, 4319957.393, 138
Trd, 4319957.993, 135
Trd, 4319958.643, 138
Trd, 4319959.343, 139
Trd, 4319959.643, 132
Trd, 4319960.693, 140
Trd, 4319961.543, 140
Trd, 4319962.793, 140
Trd, 4319962.943, 140
Trd, 4319963.143, 140
Trd, 4319965.343, 140
Trd, 4319967.093, 140
Trd, 4319968.043, 140
Trd, 4319969.493, 140
Trd, 4319969.993, 140
Trd, 4319970.843, 140
Trd, 4319971.243, 139
Trd, 4319971.343, 139
Trd, 4319971.843, 140
Trd, 4319972.043, 140
Trd, 4319972.343, 140
Trd, 4319972.493, 138
Trd, 4319972.693, 139
Trd, 4319972.943, 140
Trd, 4319974.493, 63
Trd, 4319974.893, 76
Trd, 4319974.993, 77
Trd, 4319975.093, 79
Trd, 4319975.693, 65
Trd, 4319976.693, 62
Trd, 4319977.243, 60
Trd, 4319977.643, 60
Trd, 4319978.043, 66
Trd, 4319979.993, 140
Trd, 4319980.243, 140
Trd, 4319980.543, 140
Trd, 4319981.143, 140
Trd, 4319981.393, 140
Trd, 4319983.793, 140
Trd, 4319984.293, 140
Trd, 4319985.043, 140
Trd, 4319985.293, 140
Trd, 4319986.543, 140
Trd, 4319986.643, 140
Trd, 4319988.193, 140
Trd, 4319988.743, 140
Trd, 4319990.693, 140
Trd, 4319990.843, 140
Trd, 4319991.893, 140
Trd, 4319992.743, 140
Trd, 4319992.993, 140
Trd, 4319994.893, 140
Trd, 4319996.443, 140
Trd, 4319996.743, 140
Trd, 4319997.793, 140
Trd, 4319997.893, 140
Trd, 4319997.943, 138
Trd, 4319998.493, 135
Trd, 4319999.393, 140
