Trd, 4318058.443, 140
Trd, 4318058.593, 140
Trd, 4318060.343, 122
Trd, 4318060.943, 122
Trd, 4318063.393, 140
Trd, 4318064.843, 140
Trd, 4318065.443, 140
Trd, 4318066.543, 140
Trd, 4318066.743, 140
Trd, 4318068.243, 140
Trd, 4318068.943, 140
Trd, 4318069.943, 140
Trd, 4318070.243, 140
Trd, 4318070.543, 140
Trd, 4318070.693, 140
Trd, 4318071.443, 140
Trd, 4318072.593, 100
Trd, 4318072.843, 99
Trd, 4318073.343, 101
Trd, 4318073.393, 96
Trd, 4318074.643, 60
Trd, 4318075.343, 60
Trd, 4318076.793, 60
Trd, 4318077.093, 60
Trd, 4318078.093, 60
Trd, 4318078.393, 60
Trd, 4318078.443, 60
Trd, 4318078.893, 115
Trd, 4318079.593, 115
Trd, 4318080.143, 77
Trd, 4318080.293, 100
Trd, 4318082.393, 114
Trd, 4318082.443, 91
Trd, 4318083.893, 93
Trd, 4318085.543, 107
Trd, 4318085.943, 94
Trd, 4318085.993, 107
Trd, 4318086.593, 109
Trd, 4318086.943, 95
Trd, 4318088.493, 140
Trd, 4318089.043, 140
Trd, 4318090.493, 140
Trd, 4318090.643, 140
Trd, 4318091.393, 140
Trd, 4318091.893, 140
Trd, 4318094.593, 139
Trd, 4318095.493, 134
Trd, 4318096.893, 138
Trd, 4318098.193, 138
Trd, 4318099.293, 140
Trd, 4318099.443, 140
Trd, 4318100.243, 139
Trd, 4318100.493, 138
Trd, 4318100.793, 137
Trd, 4318101.043, 107
Trd, 4318102.693, 129
Trd, 4318103.943, 118
Trd, 4318104.043, 104
Trd, 4318104.343, 120
Trd, 4318106.743, 139
Trd, 4318107.243, 116
Trd, 4318108.243, 119
Trd, 4318108.443, 100
Trd, 4318109.193, 102
Trd, 4318109.893, 103
Trd, 4318109.943, 135
Trd, 4318110.643, 134
Trd, 4318111.693, 108
Trd, 4318112.893, 123
Trd, 4318113.093, 123
Trd, 4318113.793, 112
Trd, 4318114.593, 111
Trd, 4318114.643, 87
Trd, 4318114.743, 118
Trd, 4318116.393, 114
Trd, 4318117.493, 110
Trd, 4318117.693, 101
Trd, 4318119.043, 102
Trd, 4318119.143, 103
Trd, 4318119.543, 104
Trd, 4318119.943, 101
Trd, 4318119.993, 100
Trd, 4318121.093, 69
Trd, 4318122.043, 70
Trd, 4318122.093, 71
Trd, 4318122.543, 62
Trd, 4318123.543, 63
Trd, 4318126.193, 60
Trd, 4318126.343, 60
Trd, 4318126.893, 60
Trd, 4318127.843, 60
Trd, 4318128.093, 60
Trd, 4318128.393, 60
Trd, 4318129.243, 60
Trd, 4318129.843, 60
Trd, 4318130.043, 60
Trd, 4318130.643, 69
Trd, 4318130.693, 71
Trd, 4318131.693, 140
Trd, 4318133.693, 140
Trd, 4318134.193, 140
Trd, 4318134.443, 140
Trd, 4318135.493, 140
Trd, 4318136.693, 139
Trd, 4318136.993, 88
Trd, 4318139.493, 96
Trd, 4318139.593, 95
Trd, 4318140.743, 93
Trd, 4318141.093, 93
Trd, 4318141.693, 90
Trd, 4318142.093, 121
Trd, 4318142.393, 120
Trd, 4318142.943, 133
Trd, 4318143.743, 140
Trd, 4318145.543, 75
Trd, 4318146.893, 92
Trd, 4318147.093, 92
Trd, 4318147.593, 91
Trd, 4318148.843, 94
Trd, 4318149.043, 91
Trd, 4318149.293, 96
Trd, 4318149.493, 97
Trd, 4318149.993, 90
Trd, 4318152.993, 140
Trd, 4318153.243, 140
Trd, 4318154.093, 140
Trd, 4318155.043, 140
Trd, 4318155.593, 140
Trd, 4318155.993, 140
Trd, 4318157.543, 140
Trd, 4318157.943, 140
Trd, 4318158.043, 140
Trd, 4318158.393, 140
Trd, 4318158.643, 132
Trd, 4318159.693, 135
Trd, 4318159.793, 98
Trd, 4318160.743, 140
Trd, 4318162.543, 119
Trd, 4318162.793, 120
Trd, 4318163.093, 135
Trd, 4318164.543, 128
Trd, 4318164.893, 129
Trd, 4318165.593, 129
Trd, 4318165.693, 130
Trd, 4318168.043, 140
Trd, 4318169.543, 140
Trd, 4318170.093, 140
Trd, 4318170.643, 140
Trd, 4318171.293, 140
Trd, 4318172.193, 140
Trd, 4318173.893, 140
Trd, 4318174.243, 140
Trd, 4318174.793, 140
Trd, 4318175.043, 140
Trd, 4318176.543, 140
Trd, 4318177.643, 140
Trd, 4318177.943, 140
Trd, 4318178.043, 140
Trd, 4318178.493, 76
Trd, 4318179.143, 135
Trd, 4318180.743, 88
Trd, 4318180.843, 130
Trd, 4318182.093, 127
Trd, 4318182.843, 133
Trd, 4318183.743, 140
Trd, 4318184.593, 138
Trd, 4318187.293, 140
Trd, 4318188.343, 140
Trd, 4318188.943, 140
Trd, 4318189.643, 140
Trd, 4318190.093, 140
Trd, 4318190.793, 140
Trd, 4318191.343, 140
Trd, 4318192.743, 140
Trd, 4318194.643, 140
Trd, 4318194.793, 140
Trd, 4318195.293, 140
Trd, 4318195.993, 140
Trd, 4318196.193, 140
Trd, 4318198.493, 123
Trd, 4318198.843, 125
Trd, 4318198.893, 114
Trd, 4318199.793, 113
Trd, 4318200.893, 115
Trd, 4318201.243, 115
Trd, 4318201.893, 114
Trd, 4318202.543, 104
Trd, 4318203.343, 105
Trd, 4318204.293, 112
Trd, 4318205.143, 113
Trd, 4318205.243, 113
Trd, 4318205.293, 112
Trd, 4318206.043, 114
Trd, 4318207.593, 140
Trd, 4318208.393, 140
Trd, 4318209.993, 140
Trd, 4318210.243, 140
Trd, 4318210.893, 139
Trd, 4318211.893, 107
Trd, 4318212.643, 116
Trd, 4318213.293, 140
Trd, 4318216.443, 101
Trd, 4318216.593, 136
Trd, 4318216.843, 81
Trd, 4318217.543, 105
Trd, 4318217.893, 103
Trd, 4318219.193, 64
Trd, 4318219.393, 64
Trd, 4318219.943, 62
Trd, 4318220.743, 61
Trd, 4318222.093, 83
Trd, 4318222.193, 68
Trd, 4318225.693, 140
Trd, 4318225.843, 140
Trd, 4318225.993, 140
Trd, 4318226.143, 140
Trd, 4318226.543, 140
Trd, 4318226.743, 140
Trd, 4318227.743, 63
Trd, 4318228.143, 78
Trd, 4318228.193, 79
Trd, 4318229.543, 129
Trd, 4318229.893, 106
Trd, 4318231.093, 140
Trd, 4318232.243, 140
Trd, 4318232.393, 140
Trd, 4318232.643, 140
Trd, 4318234.493, 139
Trd, 4318234.943, 64
Trd, 4318235.143, 60
Trd, 4318235.793, 139
Trd, 4318235.993, 138
Trd, 4318236.493, 138
Trd, 4318236.643, 137
Trd, 4318237.893, 138
Trd, 4318239.793, 140
Trd, 4318240.043, 140
Trd, 4318240.793, 140
Trd, 4318240.893, 140
Trd, 4318242.593, 140
Trd, 4318245.443, 140
Trd, 4318246.493, 140
Trd, 4318247.343, 140
Trd, 4318248.243, 140
Trd, 4318249.893, 140
Trd, 4318250.043, 140
Trd, 4318250.693, 140
Trd, 4318253.393, 140
Trd, 4318253.893, 140
Trd, 4318254.543, 140
Trd, 4318255.343, 140
Trd, 4318255.593, 140
Trd, 4318255.693, 140
Trd, 4318256.193, 139
Trd, 4318256.643, 133
Trd, 4318256.893, 137
Trd, 4318257.843, 134
Trd, 4318258.393, 135
Trd, 4318258.543, 133
Trd, 4318259.243, 60
Trd, 4318259.943, 60
Trd, 4318260.193, 60
Trd, 4318262.393, 61
Trd, 4318262.893, 64
Trd, 4318265.893, 70
Trd, 4318266.143, 71
Trd, 4318266.843, 60
Trd, 4318266.893, 60
Trd, 4318267.143, 61
Trd, 4318268.593, 61
Trd, 4318269.093, 63
Trd, 4318269.193, 64
Trd, 4318270.743, 140
Trd, 4318271.393, 140
Trd, 4318272.593, 140
Trd, 4318274.543, 140
Trd, 4318275.693, 140
Trd, 4318275.743, 140
Trd, 4318276.793, 140
Trd, 4318279.293, 140
Trd, 4318279.493, 140
Trd, 4318279.543, 136
Trd, 4318280.443, 137
Trd, 4318282.093, 118
Trd, 4318283.143, 122
Trd, 4318283.443, 121
Trd, 4318283.993, 118
Trd, 4318285.243, 97
Trd, 4318285.493, 117
Trd, 4318286.043, 82
Trd, 4318287.093, 116
Trd, 4318287.543, 112
Trd, 4318289.043, 139
Trd, 4318289.393, 138
Trd, 4318290.843, 138
Trd, 4318293.143, 140
Trd, 4318293.643, 140
Trd, 4318294.093, 140
Trd, 4318296.743, 140
Trd, 4318297.293, 140
Trd, 4318297.843, 140
Trd, 4318298.593, 140
Trd, 4318299.143, 140
Trd, 4318299.443, 140
Trd, 4318300.193, 140
Trd, 4318300.493, 139
Trd, 4318300.793, 140
Trd, 4318301.793, 140
Trd, 4318302.443, 140
Trd, 4318302.543, 140
Trd, 4318305.043, 128
Trd, 4318305.193, 132
Trd, 4318306.093, 130
Trd, 4318306.443, 131
Trd, 4318306.543, 130
Trd, 4318306.843, 130
Trd, 4318307.043, 132
Trd, 4318307.543, 73
Trd, 4318308.493, 60
Trd, 4318309.993, 60
Trd, 4318312.443, 60
Trd, 4318312.693, 60
Trd, 4318313.993, 60
Trd, 4318315.693, 60
Trd, 4318315.943, 60
Trd, 4318316.293, 60
Trd, 4318316.443, 60
Trd, 4318316.593, 60
Trd, 4318316.793, 60
Trd, 4318318.293, 60
Trd, 4318318.693, 60
Trd, 4318319.543, 60
Trd, 4318319.993, 60
Trd, 4318320.843, 60
Trd, 4318321.793, 60
Trd, 4318322.243, 60
Trd, 4318326.043, 60
Trd, 4318326.393, 60
Trd, 4318326.893, 60
Trd, 4318327.343, 60
Trd, 4318327.543, 62
Trd, 4318327.943, 60
Trd, 4318328.343, 62
Trd, 4318329.093, 63
Trd, 4318329.793, 62
Trd, 4318330.743, 63
Trd, 4318331.243, 106
Trd, 4318333.593, 140
Trd, 4318333.993, 140
Trd, 4318334.143, 140
Trd, 4318334.393, 140
Trd, 4318335.193, 139
Trd, 4318336.243, 60
Trd, 4318336.843, 136
Trd, 4318337.393, 137
Trd, 4318337.543, 114
Trd, 4318338.343, 104
Trd, 4318339.993, 109
Trd, 4318342.393, 140
Trd, 4318342.443, 138
Trd, 4318342.943, 135
Trd, 4318345.193, 117
Trd, 4318345.693, 117
Trd, 4318346.893, 97
Trd, 4318347.493, 97
Trd, 4318348.093, 120
Trd, 4318348.243, 121
Trd, 4318348.693, 102
Trd, 4318348.793, 101
Trd, 4318349.093, 101
Trd, 4318350.493, 115
Trd, 4318352.043, 108
Trd, 4318352.343, 108
Trd, 4318352.593, 108
Trd, 4318353.293, 101
Trd, 4318353.893, 106
Trd, 4318354.093, 107
Trd, 4318354.593, 104
Trd, 4318355.943, 108
Trd, 4318358.193, 138
Trd, 4318358.643, 108
Trd, 4318361.043, 139
Trd, 4318361.293, 139
Trd, 4318362.093, 139
Trd, 4318362.943, 140
Trd, 4318363.043, 139
Trd, 4318363.143, 139
Trd, 4318363.243, 111
Trd, 4318364.593, 128
Trd, 4318365.293, 132
Trd, 4318365.593, 126
Trd, 4318366.343, 138
Trd, 4318368.243, 130
Trd, 4318371.343, 140
Trd, 4318371.443, 140
Trd, 4318371.493, 140
Trd, 4318371.743, 140
Trd, 4318372.343, 69
Trd, 4318375.893, 140
Trd, 4318376.243, 140
Trd, 4318377.043, 140
Trd, 4318377.693, 140
Trd, 4318378.343, 140
Trd, 4318379.243, 140
Trd, 4318381.293, 140
Trd, 4318381.493, 140
Trd, 4318381.643, 91
Trd, 4318383.993, 134
Trd, 4318385.143, 125
Trd, 4318386.243, 119
Trd, 4318386.793, 120
Trd, 4318387.143, 121
Trd, 4318388.343, 121
Trd, 4318392.743, 131
Trd, 4318393.843, 140
Trd, 4318394.893, 140
Trd, 4318396.593, 140
Trd, 4318397.143, 140
Trd, 4318397.943, 140
Trd, 4318398.643, 140
Trd, 4318399.443, 140
Trd, 4318399.543, 140
Trd, 4318400.693, 133
Trd, 4318401.243, 123
Trd, 4318402.343, 125
Trd, 4318403.743, 127
Trd, 4318404.343, 97
Trd, 4318404.593, 125
Trd, 4318406.443, 121
Trd, 4318407.243, 113
Trd, 4318408.143, 117
Trd, 4318409.793, 140
Trd, 4318409.943, 140
Trd, 4318410.243, 139
Trd, 4318410.693, 118
Trd, 4318410.743, 84
Trd, 4318410.943, 84
Trd, 4318411.943, 88
Trd, 4318413.143, 70
Trd, 4318413.943, 82
Trd, 4318414.393, 82
Trd, 4318415.343, 80
Trd, 4318416.793, 60
Trd, 4318416.993, 60
Trd, 4318417.243, 60
Trd, 4318417.343, 61
Trd, 4318417.593, 81
Trd, 4318418.893, 84
Trd, 4318419.693, 61
Trd, 4318421.693, 60
Trd, 4318423.343, 60
Trd, 4318423.793, 60
Trd, 4318424.393, 60
Trd, 4318424.793, 60
Trd, 4318427.243, 60
Trd, 4318428.393, 60
Trd, 4318429.043, 60
Trd, 4318429.443, 60
Trd, 4318429.793, 61
Trd, 4318430.743, 60
Trd, 4318432.593, 60
Trd, 4318432.643, 60
Trd, 4318433.043, 60
Trd, 4318433.193, 60
Trd, 4318433.743, 64
Trd, 4318433.993, 63
Trd, 4318434.593, 62
Trd, 4318435.243, 125
Trd, 4318436.343, 124
Trd, 4318437.393, 140
Trd, 4318437.693, 139
Trd, 4318439.293, 140
Trd, 4318439.393, 139
Trd, 4318441.793, 119
Trd, 4318442.043, 118
Trd, 4318443.243, 140
Trd, 4318445.743, 140
Trd, 4318446.143, 140
Trd, 4318447.743, 137
Trd, 4318447.843, 137
Trd, 4318448.093, 137
Trd, 4318448.143, 136
Trd, 4318448.493, 127
Trd, 4318451.643, 106
Trd, 4318453.643, 112
Trd, 4318453.743, 111
Trd, 4318453.893, 109
Trd, 4318454.093, 109
Trd, 4318454.143, 111
Trd, 4318454.493, 91
Trd, 4318454.643, 83
Trd, 4318456.293, 60
Trd, 4318456.593, 60
Trd, 4318457.393, 60
Trd, 4318458.493, 60
Trd, 4318458.793, 67
Trd, 4318460.143, 65
Trd, 4318460.293, 94
Trd, 4318461.993, 125
Trd, 4318463.643, 140
Trd, 4318463.943, 140
Trd, 4318465.843, 140
Trd, 4318466.843, 140
Trd, 4318466.993, 140
Trd, 4318467.043, 140
Trd, 4318467.643, 140
Trd, 4318467.893, 128
Trd, 4318469.293, 124
Trd, 4318470.843, 132
Trd, 4318471.443, 127
Trd, 4318471.643, 127
Trd, 4318471.893, 127
Trd, 4318472.643, 127
Trd, 4318473.043, 119
Trd, 4318475.543, 110
Trd, 4318477.393, 103
Trd, 4318477.493, 104
Trd, 4318477.693, 83
Trd, 4318478.743, 80
Trd, 4318479.643, 94
Trd, 4318480.543, 96
Trd, 4318480.993, 85
Trd, 4318481.193, 103
Trd, 4318482.543, 90
Trd, 4318483.343, 115
Trd, 4318483.793, 115
Trd, 4318484.093, 115
Trd, 4318484.293, 115
Trd, 4318484.943, 115
Trd, 4318485.393, 114
Trd, 4318487.093, 140
Trd, 4318489.243, 140
Trd, 4318489.293, 140
Trd, 4318491.393, 140
Trd, 4318491.993, 88
Trd, 4318492.393, 140
Trd, 4318493.443, 103
Trd, 4318495.093, 136
Trd, 4318495.793, 127
Trd, 4318497.543, 140
Trd, 4318499.343, 140
Trd, 4318499.543, 140
Trd, 4318499.643, 140
Trd, 4318499.993, 140
Trd, 4318501.043, 140
Trd, 4318501.593, 139
Trd, 4318502.093, 136
Trd, 4318502.143, 92
Trd, 4318502.243, 71
Trd, 4318504.093, 140
Trd, 4318504.243, 140
Trd, 4318504.393, 140
Trd, 4318505.943, 133
Trd, 4318506.843, 115
Trd, 4318506.943, 135
Trd, 4318507.243, 117
Trd, 4318507.943, 119
Trd, 4318509.443, 122
Trd, 4318509.743, 121
Trd, 4318511.293, 121
Trd, 4318511.643, 90
Trd, 4318512.543, 76
Trd, 4318513.193, 117
Trd, 4318513.393, 78
Trd, 4318513.443, 77
Trd, 4318515.493, 77
Trd, 4318515.543, 76
Trd, 4318520.843, 140
Trd, 4318521.093, 140
Trd, 4318522.093, 140
Trd, 4318522.293, 140
Trd, 4318522.343, 140
Trd, 4318523.193, 140
Trd, 4318524.943, 140
Trd, 4318525.993, 140
Trd, 4318526.743, 140
Trd, 4318527.443, 140
Trd, 4318527.493, 140
Trd, 4318527.743, 140
Trd, 4318527.893, 139
Trd, 4318528.643, 140
Trd, 4318529.293, 100
Trd, 4318531.443, 140
Trd, 4318532.193, 140
Trd, 4318532.443, 140
Trd, 4318532.843, 140
Trd, 4318533.243, 140
Trd, 4318533.593, 140
Trd, 4318534.243, 114
Trd, 4318535.893, 138
Trd, 4318537.993, 140
Trd, 4318538.243, 140
Trd, 4318540.143, 140
Trd, 4318542.493, 140
Trd, 4318542.693, 140
Trd, 4318542.843, 140
Trd, 4318543.493, 140
Trd, 4318543.743, 140
Trd, 4318543.943, 139
Trd, 4318546.643, 140
Trd, 4318547.293, 140
Trd, 4318547.893, 140
Trd, 4318548.593, 140
Trd, 4318550.393, 140
Trd, 4318551.193, 140
Trd, 4318551.793, 140
Trd, 4318552.143, 140
Trd, 4318552.643, 140
Trd, 4318552.793, 140
Trd, 4318553.093, 140
Trd, 4318553.343, 140
Trd, 4318554.243, 100
Trd, 4318554.993, 139
Trd, 4318558.743, 140
Trd, 4318558.893, 140
Trd, 4318559.193, 140
Trd, 4318559.543, 140
Trd, 4318559.743, 139
Trd, 4318561.893, 124
Trd, 4318562.393, 123
Trd, 4318562.643, 132
Trd, 4318562.843, 133
Trd, 4318562.943, 84
Trd, 4318564.393, 137
Trd, 4318565.293, 115
Trd, 4318565.443, 114
Trd, 4318567.893, 128
Trd, 4318569.143, 128
Trd, 4318569.393, 124
Trd, 4318569.543, 127
Trd, 4318570.943, 127
Trd, 4318571.793, 131
Trd, 4318572.343, 140
Trd, 4318572.543, 140
Trd, 4318572.843, 140
Trd, 4318573.043, 140
Trd, 4318573.993, 108
Trd, 4318574.143, 138
Trd, 4318574.593, 139
Trd, 4318574.743, 88
Trd, 4318576.243, 99
Trd, 4318578.143, 126
Trd, 4318578.693, 106
Trd, 4318578.943, 127
Trd, 4318580.793, 124
Trd, 4318580.993, 123
Trd, 4318581.393, 123
Trd, 4318581.793, 122
Trd, 4318582.043, 125
Trd, 4318582.493, 121
Trd, 4318583.093, 91
Trd, 4318585.843, 140
Trd, 4318586.293, 140
Trd, 4318586.543, 140
Trd, 4318586.793, 139
Trd, 4318587.393, 126
Trd, 4318587.793, 140
Trd, 4318592.143, 140
Trd, 4318593.343, 140
Trd, 4318593.543, 140
Trd, 4318593.793, 140
Trd, 4318594.043, 140
Trd, 4318594.543, 139
Trd, 4318595.743, 140
Trd, 4318595.893, 140
Trd, 4318596.243, 140
Trd, 4318598.943, 140
Trd, 4318601.643, 140
Trd, 4318602.093, 140
Trd, 4318602.693, 140
Trd, 4318602.793, 140
Trd, 4318602.843, 140
Trd, 4318603.443, 140
Trd, 4318603.493, 140
Trd, 4318603.943, 139
Trd, 4318605.793, 110
Trd, 4318605.843, 129
Trd, 4318606.993, 106
Trd, 4318608.143, 120
Trd, 4318608.293, 118
Trd, 4318608.493, 121
Trd, 4318609.793, 115
Trd, 4318610.193, 114
Trd, 4318610.543, 114
Trd, 4318610.643, 115
Trd, 4318611.493, 113
Trd, 4318613.443, 60
Trd, 4318613.993, 60
Trd, 4318614.243, 61
Trd, 4318615.693, 140
Trd, 4318616.943, 140
Trd, 4318617.343, 140
Trd, 4318617.393, 140
Trd, 4318620.293, 140
Trd, 4318620.343, 140
Trd, 4318621.393, 140
Trd, 4318621.443, 140
Trd, 4318623.193, 140
Trd, 4318623.593, 140
Trd, 4318623.893, 140
Trd, 4318624.543, 138
Trd, 4318624.893, 140
Trd, 4318625.243, 100
Trd, 4318626.293, 139
Trd, 4318626.893, 140
Trd, 4318628.693, 108
Trd, 4318628.743, 106
Trd, 4318631.093, 105
Trd, 4318631.443, 104
Trd, 4318631.543, 105
Trd, 4318631.893, 105
Trd, 4318632.143, 104
Trd, 4318632.393, 103
Trd, 4318632.693, 104
Trd, 4318633.193, 86
Trd, 4318633.493, 121
Trd, 4318635.393, 80
Trd, 4318636.693, 80
Trd, 4318637.043, 80
Trd, 4318637.893, 81
Trd, 4318638.443, 86
Trd, 4318638.843, 84
Trd, 4318639.093, 136
Trd, 4318640.043, 136
Trd, 4318640.593, 85
Trd, 4318641.343, 130
Trd, 4318641.493, 85
Trd, 4318643.143, 123
Trd, 4318643.943, 114
Trd, 4318644.193, 90
Trd, 4318644.243, 89
Trd, 4318645.943, 83
Trd, 4318646.043, 82
Trd, 4318646.443, 113
Trd, 4318647.243, 115
Trd, 4318647.993, 94
Trd, 4318649.543, 109
Trd, 4318649.893, 109
Trd, 4318650.043, 111
Trd, 4318650.393, 108
Trd, 4318652.443, 60
Trd, 4318652.493, 62
Trd, 4318653.193, 60
Trd, 4318654.093, 60
Trd, 4318654.243, 60
Trd, 4318654.343, 60
Trd, 4318655.693, 63
Trd, 4318656.293, 140
Trd, 4318657.943, 140
Trd, 4318659.643, 140
Trd, 4318659.793, 140
Trd, 4318661.943, 140
Trd, 4318663.293, 140
Trd, 4318663.593, 140
Trd, 4318664.543, 140
Trd, 4318665.793, 140
Trd, 4318666.893, 140
Trd, 4318669.193, 140
Trd, 4318669.643, 140
Trd, 4318670.543, 140
Trd, 4318671.393, 140
Trd, 4318671.443, 140
Trd, 4318672.343, 140
Trd, 4318672.643, 137
Trd, 4318674.443, 131
Trd, 4318676.193, 140
Trd, 4318676.743, 140
Trd, 4318676.943, 140
Trd, 4318676.993, 132
Trd, 4318677.643, 120
Trd, 4318678.043, 140
Trd, 4318678.343, 82
Trd, 4318678.993, 126
Trd, 4318680.993, 79
Trd, 4318681.643, 95
Trd, 4318682.793, 72
Trd, 4318683.993, 129
Trd, 4318684.143, 129
Trd, 4318684.843, 61
Trd, 4318685.343, 62
Trd, 4318686.893, 64
Trd, 4318687.393, 65
Trd, 4318687.843, 66
Trd, 4318688.093, 67
Trd, 4318688.493, 65
Trd, 4318690.543, 140
Trd, 4318691.293, 140
Trd, 4318691.443, 78
Trd, 4318694.193, 140
Trd, 4318696.043, 140
Trd, 4318696.293, 140
Trd, 4318696.693, 140
Trd, 4318696.843, 140
Trd, 4318697.143, 140
Trd, 4318698.293, 138
Trd, 4318699.793, 139
Trd, 4318700.493, 107
Trd, 4318701.143, 107
Trd, 4318701.543, 106
Trd, 4318701.593, 105
Trd, 4318701.693, 135
Trd, 4318702.343, 110
Trd, 4318705.843, 140
Trd, 4318706.193, 140
Trd, 4318707.993, 140
Trd, 4318708.543, 140
Trd, 4318708.593, 140
Trd, 4318708.743, 140
Trd, 4318708.943, 136
Trd, 4318709.643, 112
Trd, 4318710.543, 140
Trd, 4318710.943, 140
Trd, 4318711.993, 140
Trd, 4318712.243, 136
Trd, 4318713.793, 135
Trd, 4318715.643, 140
Trd, 4318717.743, 140
Trd, 4318717.793, 140
Trd, 4318719.793, 140
Trd, 4318719.943, 140
Trd, 4318719.993, 140
Trd, 4318720.343, 140
Trd, 4318720.893, 139
Trd, 4318721.193, 140
Trd, 4318723.493, 87
Trd, 4318725.293, 140
Trd, 4318726.493, 140
Trd, 4318726.793, 140
Trd, 4318727.493, 140
Trd, 4318729.343, 140
Trd, 4318730.643, 140
Trd, 4318733.143, 140
Trd, 4318733.843, 140
Trd, 4318733.893, 140
Trd, 4318734.193, 140
Trd, 4318734.393, 140
Trd, 4318734.443, 138
Trd, 4318734.743, 97
Trd, 4318737.593, 140
Trd, 4318737.743, 140
Trd, 4318737.793, 140
Trd, 4318740.093, 140
Trd, 4318740.643, 140
Trd, 4318742.443, 140
Trd, 4318742.543, 140
Trd, 4318742.693, 140
Trd, 4318742.793, 140
Trd, 4318743.343, 122
Trd, 4318743.943, 92
Trd, 4318743.993, 138
Trd, 4318745.593, 118
Trd, 4318747.093, 136
Trd, 4318748.743, 120
Trd, 4318750.143, 125
Trd, 4318750.593, 126
Trd, 4318750.993, 126
Trd, 4318751.093, 125
Trd, 4318751.493, 94
Trd, 4318752.243, 108
Trd, 4318753.293, 122
Trd, 4318755.243, 66
Trd, 4318755.443, 68
Trd, 4318756.493, 64
Trd, 4318758.543, 60
Trd, 4318758.843, 60
Trd, 4318759.493, 60
Trd, 4318759.593, 60
Trd, 4318760.643, 61
Trd, 4318760.793, 63
Trd, 4318761.943, 60
Trd, 4318762.693, 65
Trd, 4318763.493, 70
Trd, 4318764.043, 76
Trd, 4318764.593, 69
Trd, 4318764.693, 77
Trd, 4318766.593, 132
Trd, 4318766.743, 74
Trd, 4318766.993, 131
Trd, 4318768.393, 84
Trd, 4318769.043, 121
Trd, 4318770.093, 122
Trd, 4318771.443, 90
Trd, 4318771.593, 126
Trd, 4318771.943, 91
Trd, 4318772.493, 92
Trd, 4318773.943, 114
Trd, 4318775.443, 140
Trd, 4318775.493, 140
Trd, 4318777.543, 140
Trd, 4318778.543, 140
Trd, 4318779.093, 140
Trd, 4318779.943, 140
Trd, 4318780.743, 140
Trd, 4318782.193, 140
Trd, 4318782.243, 140
Trd, 4318782.743, 140
Trd, 4318784.943, 140
Trd, 4318786.293, 140
Trd, 4318787.993, 140
Trd, 4318789.543, 140
Trd, 4318789.693, 140
Trd, 4318790.343, 140
Trd, 4318790.393, 140
Trd, 4318791.243, 140
Trd, 4318791.493, 140
Trd, 4318791.893, 140
Trd, 4318792.793, 139
Trd, 4318793.343, 96
Trd, 4318794.043, 131
Trd, 4318796.043, 114
Trd, 4318796.143, 117
Trd, 4318796.793, 115
Trd, 4318797.143, 114
Trd, 4318797.393, 117
Trd, 4318797.943, 119
Trd, 4318800.243, 140
Trd, 4318800.643, 140
Trd, 4318802.393, 140
Trd, 4318804.093, 140
Trd, 4318805.643, 140
Trd, 4318806.143, 140
Trd, 4318806.543, 140
Trd, 4318806.643, 140
Trd, 4318806.893, 140
Trd, 4318807.193, 139
Trd, 4318807.893, 67
Trd, 4318808.893, 140
Trd, 4318810.143, 140
Trd, 4318811.293, 140
Trd, 4318811.843, 140
Trd, 4318812.243, 140
Trd, 4318812.493, 139
Trd, 4318813.443, 81
Trd, 4318813.643, 140
Trd, 4318816.343, 140
Trd, 4318817.543, 140
Trd, 4318817.693, 140
Trd, 4318817.743, 140
Trd, 4318817.943, 140
Trd, 4318819.093, 140
Trd, 4318819.343, 139
Trd, 4318820.843, 129
Trd, 4318821.193, 128
Trd, 4318821.343, 130
Trd, 4318821.943, 105
Trd, 4318822.543, 102
Trd, 4318823.543, 140
Trd, 4318823.793, 101
Trd, 4318825.193, 140
Trd, 4318825.543, 140
Trd, 4318827.343, 140
Trd, 4318828.443, 140
Trd, 4318830.693, 140
Trd, 4318831.643, 140
Trd, 4318832.593, 140
Trd, 4318833.043, 140
Trd, 4318833.593, 140
Trd, 4318834.193, 140
Trd, 4318837.693, 140
Trd, 4318838.493, 140
Trd, 4318839.843, 140
Trd, 4318839.943, 140
Trd, 4318840.043, 140
Trd, 4318840.693, 139
Trd, 4318841.493, 138
Trd, 4318842.193, 135
Trd, 4318842.443, 126
Trd, 4318842.993, 134
Trd, 4318844.093, 126
Trd, 4318844.243, 125
Trd, 4318845.493, 124
Trd, 4318845.893, 94
Trd, 4318847.793, 132
Trd, 4318848.193, 135
Trd, 4318848.443, 122
Trd, 4318851.143, 134
Trd, 4318851.543, 135
Trd, 4318851.993, 134
Trd, 4318852.093, 132
Trd, 4318852.243, 135
Trd, 4318852.943, 122
Trd, 4318853.443, 134
Trd, 4318855.393, 128
Trd, 4318856.243, 128
Trd, 4318857.343, 129
Trd, 4318857.393, 128
Trd, 4318857.493, 131
Trd, 4318857.593, 91
Trd, 4318859.243, 91
Trd, 4318859.493, 126
Trd, 4318859.543, 90
Trd, 4318859.993, 128
Trd, 4318861.293, 118
Trd, 4318861.743, 87
Trd, 4318862.293, 127
Trd, 4318862.493, 109
Trd, 4318863.493, 126
Trd, 4318864.793, 60
Trd, 4318864.843, 66
Trd, 4318866.943, 74
Trd, 4318869.693, 100
Trd, 4318870.043, 79
Trd, 4318870.893, 95
Trd, 4318870.993, 82
Trd, 4318871.293, 95
Trd, 4318872.993, 91
Trd, 4318873.043, 88
Trd, 4318873.393, 91
Trd, 4318873.643, 91
Trd, 4318874.693, 92
Trd, 4318875.493, 93
Trd, 4318876.743, 108
Trd, 4318877.143, 109
Trd, 4318877.343, 112
Trd, 4318877.393, 109
Trd, 4318877.643, 107
Trd, 4318878.443, 106
Trd, 4318881.843, 140
Trd, 4318882.043, 140
Trd, 4318882.243, 140
Trd, 4318883.193, 140
Trd, 4318885.493, 140
Trd, 4318886.793, 140
Trd, 4318889.293, 140
Trd, 4318890.643, 140
Trd, 4318890.793, 140
Trd, 4318890.843, 140
Trd, 4318890.893, 140
Trd, 4318891.043, 139
Trd, 4318891.793, 140
Trd, 4318892.243, 140
Trd, 4318892.643, 110
Trd, 4318893.843, 135
Trd, 4318894.343, 82
Trd, 4318895.943, 140
Trd, 4318896.443, 140
Trd, 4318897.243, 140
Trd, 4318898.493, 140
Trd, 4318899.693, 140
Trd, 4318899.893, 140
Trd, 4318900.093, 139
Trd, 4318900.443, 138
Trd, 4318902.143, 106
Trd, 4318903.043, 132
Trd, 4318904.043, 130
Trd, 4318904.243, 131
Trd, 4318904.843, 130
Trd, 4318905.343, 130
Trd, 4318906.893, 113
Trd, 4318908.043, 139
Trd, 4318908.543, 140
Trd, 4318911.343, 140
Trd, 4318911.443, 140
Trd, 4318913.793, 140
Trd, 4318913.943, 140
Trd, 4318915.043, 140
Trd, 4318915.093, 140
Trd, 4318917.193, 140
Trd, 4318917.843, 140
Trd, 4318918.893, 140
Trd, 4318920.293, 140
Trd, 4318920.593, 140
Trd, 4318920.793, 140
Trd, 4318921.143, 139
Trd, 4318922.343, 105
Trd, 4318923.043, 133
Trd, 4318923.593, 103
Trd, 4318924.343, 127
Trd, 4318925.343, 122
Trd, 4318925.493, 113
Trd, 4318926.043, 112
Trd, 4318926.393, 119
Trd, 4318927.343, 115
Trd, 4318927.993, 113
Trd, 4318928.643, 113
Trd, 4318928.793, 81
Trd, 4318929.843, 61
Trd, 4318930.843, 110
Trd, 4318931.093, 112
Trd, 4318933.193, 128
Trd, 4318933.293, 109
Trd, 4318933.543, 108
Trd, 4318934.643, 108
Trd, 4318935.843, 140
Trd, 4318935.943, 140
Trd, 4318939.493, 140
Trd, 4318939.743, 140
Trd, 4318940.343, 140
Trd, 4318942.393, 140
Trd, 4318942.443, 140
Trd, 4318943.643, 140
Trd, 4318943.743, 140
Trd, 4318943.793, 138
Trd, 4318944.643, 140
Trd, 4318945.893, 139
Trd, 4318946.293, 103
Trd, 4318947.743, 96
Trd, 4318949.443, 122
Trd, 4318950.993, 116
Trd, 4318951.393, 114
Trd, 4318951.793, 115
Trd, 4318952.393, 115
Trd, 4318952.443, 114
Trd, 4318952.643, 111
Trd, 4318953.293, 113
Trd, 4318953.693, 123
Trd, 4318954.993, 140
Trd, 4318958.043, 140
Trd, 4318958.943, 140
Trd, 4318959.293, 140
Trd, 4318960.143, 140
Trd, 4318961.043, 140
Trd, 4318961.993, 140
Trd, 4318964.243, 140
Trd, 4318966.193, 140
Trd, 4318967.943, 140
Trd, 4318969.343, 140
Trd, 4318969.943, 140
Trd, 4318970.543, 140
Trd, 4318972.143, 140
Trd, 4318973.543, 140
Trd, 4318973.593, 140
Trd, 4318974.193, 140
Trd, 4318974.293, 140
Trd, 4318974.393, 140
Trd, 4318974.743, 139
Trd, 4318978.843, 140
Trd, 4318979.243, 140
Trd, 4318980.943, 140
Trd, 4318981.393, 140
Trd, 4318981.893, 140
Trd, 4318984.543, 140
Trd, 4318985.293, 140
Trd, 4318985.543, 140
Trd, 4318986.243, 139
Trd, 4318986.393, 140
Trd, 4318986.793, 140
Trd, 4318987.493, 136
Trd, 4318987.643, 100
Trd, 4318987.793, 89
Trd, 4318989.143, 139
Trd, 4318989.943, 131
Trd, 4318989.993, 130
Trd, 4318990.793, 140
Trd, 4318991.543, 120
Trd, 4318992.393, 120
Trd, 4318994.143, 82
Trd, 4318994.943, 140
Trd, 4318995.343, 140
Trd, 4318995.443, 140
Trd, 4318995.893, 139
Trd, 4318996.693, 137
Trd, 4318998.293, 118
Trd, 4318998.693, 102
Trd, 4318999.543, 112
Trd, 4318999.893, 111
Trd, 4319000.543, 91
Trd, 4319000.593, 110
Trd, 4319000.643, 65
Trd, 4319001.893, 109
Trd, 4319005.593, 60
Trd, 4319005.793, 60
Trd, 4319006.043, 60
Trd, 4319007.693, 60
Trd, 4319007.893, 60
Trd, 4319008.293, 61
Trd, 4319009.243, 69
Trd, 4319009.593, 70
Trd, 4319010.343, 61
Trd, 4319012.943, 60
Trd, 4319013.293, 60
Trd, 4319013.393, 71
Trd, 4319014.893, 93
Trd, 4319014.993, 90
Trd, 4319015.843, 98
Trd, 4319015.893, 101
Trd, 4319016.943, 61
Trd, 4319018.943, 88
Trd, 4319019.243, 62
Trd, 4319019.643, 63
Trd, 4319019.943, 91
Trd, 4319021.143, 94
Trd, 4319021.943, 92
Trd, 4319022.393, 68
Trd, 4319022.493, 92
Trd, 4319024.343, 69
Trd, 4319025.493, 88
Trd, 4319026.093, 89
Trd, 4319028.543, 60
Trd, 4319028.893, 60
Trd, 4319029.543, 60
Trd, 4319029.643, 60
Trd, 4319030.143, 62
Trd, 4319030.643, 60
Trd, 4319031.493, 60
Trd, 4319031.743, 61
Trd, 4319032.143, 61
Trd, 4319033.343, 60
Trd, 4319033.893, 63
Trd, 4319034.643, 140
Trd, 4319035.143, 74
Trd, 4319039.243, 140
Trd, 4319040.643, 140
Trd, 4319040.793, 140
Trd, 4319041.493, 140
Trd, 4319041.593, 140
Trd, 4319043.593, 139
Trd, 4319045.093, 112
Trd, 4319045.643, 111
Trd, 4319046.093, 112
Trd, 4319046.543, 139
Trd, 4319047.143, 114
Trd, 4319047.293, 110
Trd, 4319048.243, 90
Trd, 4319048.293, 126
Trd, 4319049.393, 61
Trd, 4319050.893, 60
Trd, 4319051.143, 61
Trd, 4319051.693, 62
Trd, 4319053.143, 61
Trd, 4319054.493, 60
Trd, 4319054.843, 60
Trd, 4319056.243, 60
Trd, 4319056.343, 60
Trd, 4319057.343, 60
Trd, 4319059.043, 60
Trd, 4319059.143, 60
Trd, 4319059.793, 60
Trd, 4319060.343, 60
Trd, 4319060.443, 63
Trd, 4319061.993, 62
Trd, 4319062.643, 63
Trd, 4319062.693, 64
Trd, 4319063.843, 70
Trd, 4319065.943, 140
Trd, 4319068.243, 140
Trd, 4319068.543, 140
Trd, 4319069.493, 140
Trd, 4319069.593, 140
Trd, 4319069.693, 140
Trd, 4319070.493, 140
Trd, 4319070.543, 140
Trd, 4319071.243, 140
Trd, 4319072.143, 140
Trd, 4319072.443, 140
Trd, 4319074.093, 140
Trd, 4319075.693, 140
Trd, 4319075.843, 140
Trd, 4319076.493, 140
Trd, 4319077.943, 140
Trd, 4319078.793, 140
Trd, 4319078.893, 140
Trd, 4319079.693, 134
Trd, 4319080.343, 140
Trd, 4319080.943, 140
Trd, 4319083.393, 118
Trd, 4319086.193, 140
Trd, 4319088.143, 140
Trd, 4319088.393, 140
Trd, 4319089.543, 140
Trd, 4319090.693, 140
Trd, 4319090.893, 140
Trd, 4319091.093, 140
Trd, 4319091.443, 140
Trd, 4319093.093, 101
Trd, 4319093.493, 130
Trd, 4319094.943, 106
Trd, 4319095.693, 106
Trd, 4319096.343, 113
Trd, 4319097.043, 109
Trd, 4319097.893, 106
Trd, 4319098.993, 108
Trd, 4319099.543, 108
Trd, 4319099.943, 87
Trd, 4319100.293, 109
Trd, 4319102.743, 97
Trd, 4319103.243, 100
Trd, 4319103.293, 130
Trd, 4319105.193, 107
Trd, 4319105.543, 97
Trd, 4319106.793, 102
Trd, 4319107.093, 103
Trd, 4319107.393, 105
Trd, 4319107.693, 105
Trd, 4319107.893, 105
Trd, 4319108.143, 104
Trd, 4319108.243, 106
Trd, 4319110.243, 94
Trd, 4319110.893, 109
Trd, 4319111.543, 95
Trd, 4319111.593, 110
Trd, 4319111.943, 93
Trd, 4319113.493, 103
Trd, 4319113.993, 131
Trd, 4319114.193, 103
Trd, 4319114.643, 127
Trd, 4319115.443, 62
Trd, 4319120.143, 60
Trd, 4319120.343, 60
Trd, 4319120.443, 60
Trd, 4319120.643, 60
Trd, 4319120.943, 60
Trd, 4319121.193, 60
Trd, 4319121.343, 60
Trd, 4319121.593, 60
Trd, 4319122.693, 60
Trd, 4319122.993, 61
Trd, 4319123.293, 64
Trd, 4319124.243, 95
Trd, 4319125.393, 60
Trd, 4319126.493, 60
Trd, 4319127.493, 60
Trd, 4319128.893, 60
Trd, 4319129.043, 60
Trd, 4319129.893, 65
Trd, 4319131.243, 60
Trd, 4319131.593, 65
Trd, 4319132.393, 69
Trd, 4319133.143, 74
Trd, 4319133.193, 73
Trd, 4319134.093, 60
Trd, 4319134.393, 61
Trd, 4319137.143, 137
Trd, 4319137.293, 135
Trd, 4319137.393, 134
Trd, 4319137.793, 133
Trd, 4319137.843, 132
Trd, 4319138.443, 133
Trd, 4319139.843, 135
Trd, 4319141.243, 140
Trd, 4319141.493, 139
Trd, 4319143.343, 140
Trd, 4319144.643, 140
Trd, 4319144.793, 140
Trd, 4319144.993, 140
Trd, 4319145.143, 140
Trd, 4319146.943, 140
Trd, 4319147.043, 139
Trd, 4319148.293, 140
Trd, 4319148.843, 140
Trd, 4319149.093, 140
Trd, 4319150.843, 130
Trd, 4319151.093, 133
Trd, 4319151.993, 128
Trd, 4319152.143, 126
Trd, 4319152.543, 123
Trd, 4319153.143, 112
Trd, 4319153.993, 79
Trd, 4319155.293, 134
Trd, 4319155.893, 84
Trd, 4319158.043, 140
Trd, 4319159.893, 140
Trd, 4319161.893, 140
Trd, 4319162.593, 140
Trd, 4319162.843, 140
Trd, 4319162.943, 140
Trd, 4319164.343, 140
Trd, 4319164.443, 140
Trd, 4319164.593, 138
Trd, 4319165.293, 112
Trd, 4319165.393, 139
Trd, 4319168.843, 112
Trd, 4319169.243, 99
Trd, 4319169.493, 111
Trd, 4319169.993, 101
Trd, 4319171.043, 106
Trd, 4319171.193, 111
Trd, 4319172.843, 106
Trd, 4319172.893, 104
Trd, 4319173.093, 106
Trd, 4319173.593, 85
Trd, 4319174.693, 103
Trd, 4319174.893, 87
Trd, 4319175.443, 87
Trd, 4319177.693, 60
Trd, 4319177.743, 60
Trd, 4319178.443, 60
Trd, 4319178.843, 62
Trd, 4319180.193, 60
Trd, 4319180.443, 61
Trd, 4319180.593, 61
Trd, 4319181.143, 61
Trd, 4319181.293, 61
Trd, 4319181.543, 139
Trd, 4319182.293, 114
Trd, 4319184.493, 140
Trd, 4319185.093, 63
Trd, 4319185.543, 61
Trd, 4319185.993, 61
Trd, 4319186.093, 64
Trd, 4319187.343, 75
Trd, 4319187.393, 69
Trd, 4319188.743, 73
Trd, 4319189.193, 76
Trd, 4319189.493, 74
Trd, 4319189.843, 80
Trd, 4319191.993, 140
Trd, 4319192.193, 137
Trd, 4319192.943, 140
Trd, 4319196.693, 140
Trd, 4319196.893, 140
Trd, 4319197.793, 140
Trd, 4319198.193, 140
Trd, 4319198.543, 140
Trd, 4319198.593, 140
Trd, 4319198.893, 140
Trd, 4319199.543, 140
Trd, 4319200.093, 140
Trd, 4319200.343, 71
Trd, 4319200.493, 71
Trd, 4319203.143, 85
Trd, 4319203.943, 86
Trd, 4319204.493, 112
Trd, 4319204.593, 114
Trd, 4319204.643, 81
Trd, 4319205.193, 112
Trd, 4319206.343, 105
Trd, 4319207.493, 105
Trd, 4319207.943, 108
Trd, 4319208.893, 105
Trd, 4319208.943, 106
Trd, 4319209.143, 103
Trd, 4319209.793, 99
Trd, 4319210.393, 106
Trd, 4319210.943, 139
Trd, 4319211.893, 103
Trd, 4319214.743, 140
Trd, 4319216.093, 140
Trd, 4319216.643, 140
Trd, 4319216.793, 140
Trd, 4319218.443, 140
Trd, 4319219.693, 140
Trd, 4319219.843, 140
Trd, 4319220.493, 140
Trd, 4319221.643, 140
Trd, 4319222.293, 140
Trd, 4319222.493, 95
Trd, 4319222.993, 137
Trd, 4319224.743, 121
Trd, 4319226.343, 131
Trd, 4319226.693, 130
Trd, 4319227.093, 129
Trd, 4319227.543, 129
Trd, 4319227.943, 131
Trd, 4319228.043, 111
Trd, 4319230.343, 67
Trd, 4319230.793, 69
Trd, 4319230.993, 70
Trd, 4319231.093, 71
Trd, 4319231.993, 136
Trd, 4319232.793, 71
Trd, 4319233.143, 79
Trd, 4319234.843, 98
Trd, 4319236.643, 140
Trd, 4319237.593, 140
Trd, 4319239.943, 140
Trd, 4319240.793, 140
Trd, 4319241.093, 140
Trd, 4319241.243, 140
Trd, 4319241.293, 140
Trd, 4319241.393, 140
Trd, 4319242.143, 140
Trd, 4319244.393, 130
Trd, 4319245.193, 113
Trd, 4319245.693, 113
Trd, 4319245.793, 129
Trd, 4319245.943, 111
Trd, 4319246.093, 129
Trd, 4319246.193, 130
Trd, 4319248.143, 115
Trd, 4319249.043, 115
Trd, 4319249.743, 124
Trd, 4319250.393, 87
Trd, 4319251.643, 140
Trd, 4319253.243, 140
Trd, 4319254.143, 140
Trd, 4319254.243, 140
Trd, 4319254.343, 140
Trd, 4319254.443, 137
Trd, 4319255.043, 94
Trd, 4319256.193, 66
Trd, 4319256.793, 140
Trd, 4319258.393, 140
Trd, 4319258.993, 136
Trd, 4319259.393, 133
Trd, 4319261.543, 125
Trd, 4319261.843, 124
Trd, 4319261.993, 92
Trd, 4319262.693, 91
Trd, 4319263.343, 82
Trd, 4319264.743, 112
Trd, 4319265.093, 113
Trd, 4319266.243, 109
Trd, 4319267.093, 137
Trd, 4319269.293, 128
Trd, 4319269.743, 122
Trd, 4319270.243, 95
Trd, 4319270.693, 126
Trd, 4319271.193, 125
Trd, 4319271.793, 90
Trd, 4319273.243, 102
Trd, 4319273.943, 130
Trd, 4319274.243, 131
Trd, 4319275.093, 130
Trd, 4319277.143, 140
Trd, 4319277.743, 140
Trd, 4319278.743, 140
Trd, 4319278.943, 140
Trd, 4319279.143, 140
Trd, 4319280.193, 140
Trd, 4319281.493, 140
Trd, 4319281.843, 140
Trd, 4319282.843, 139
Trd, 4319283.243, 101
Trd, 4319284.243, 99
Trd, 4319284.493, 124
Trd, 4319285.193, 100
Trd, 4319285.743, 99
Trd, 4319290.143, 140
Trd, 4319291.393, 140
Trd, 4319291.493, 140
Trd, 4319292.943, 140
Trd, 4319294.243, 140
Trd, 4319294.593, 140
Trd, 4319297.893, 140
Trd, 4319299.343, 140
Trd, 4319300.293, 140
Trd, 4319300.393, 140
Trd, 4319300.593, 140
Trd, 4319300.693, 140
Trd, 4319300.943, 140
Trd, 4319301.093, 140
Trd, 4319302.843, 140
Trd, 4319304.143, 140
Trd, 4319305.593, 140
Trd, 4319305.893, 140
Trd, 4319306.443, 140
Trd, 4319307.143, 140
Trd, 4319307.493, 140
Trd, 4319310.993, 140
Trd, 4319311.493, 140
Trd, 4319311.743, 140
Trd, 4319313.993, 140
Trd, 4319314.093, 140
Trd, 4319315.193, 140
Trd, 4319315.943, 140
Trd, 4319316.293, 140
Trd, 4319316.343, 140
Trd, 4319316.643, 140
Trd, 4319316.793, 97
Trd, 4319317.493, 140
Trd, 4319319.093, 139
Trd, 4319319.293, 134
Trd, 4319320.093, 133
Trd, 4319320.393, 132
Trd, 4319321.043, 131
Trd, 4319321.693, 126
Trd, 4319321.993, 125
Trd, 4319322.843, 124
Trd, 4319324.043, 124
Trd, 4319325.193, 137
Trd, 4319325.493, 115
Trd, 4319327.893, 140
Trd, 4319329.493, 140
Trd, 4319329.593, 140
Trd, 4319330.143, 140
Trd, 4319332.693, 140
Trd, 4319332.743, 140
Trd, 4319333.143, 140
Trd, 4319333.343, 140
Trd, 4319334.743, 140
Trd, 4319334.893, 94
Trd, 4319335.993, 140
Trd, 4319336.743, 112
Trd, 4319337.043, 114
Trd, 4319337.393, 115
Trd, 4319338.043, 115
Trd, 4319338.143, 115
Trd, 4319338.393, 117
Trd, 4319338.593, 117
Trd, 4319338.993, 115
Trd, 4319339.893, 101
Trd, 4319341.343, 102
Trd, 4319341.443, 111
Trd, 4319344.193, 103
Trd, 4319344.943, 107
Trd, 4319346.293, 140
Trd, 4319346.743, 140
Trd, 4319346.993, 140
Trd, 4319347.743, 140
Trd, 4319350.343, 140
Trd, 4319350.693, 138
Trd, 4319350.743, 137
Trd, 4319350.843, 127
Trd, 4319352.993, 82
Trd, 4319353.093, 120
Trd, 4319353.843, 96
Trd, 4319354.293, 116
Trd, 4319354.643, 111
Trd, 4319355.293, 117
Trd, 4319355.743, 106
Trd, 4319356.193, 105
Trd, 4319356.493, 120
Trd, 4319358.843, 140
Trd, 4319360.343, 140
Trd, 4319361.143, 140
Trd, 4319361.943, 140
Trd, 4319363.393, 140
Trd, 4319364.643, 140
Trd, 4319364.993, 140
Trd, 4319365.143, 139
Trd, 4319365.243, 137
Trd, 4319365.743, 140
Trd, 4319365.993, 140
Trd, 4319366.743, 140
Trd, 4319366.993, 140
Trd, 4319370.893, 131
Trd, 4319372.793, 140
Trd, 4319374.543, 140
Trd, 4319374.693, 140
Trd, 4319374.943, 140
Trd, 4319377.393, 140
Trd, 4319377.443, 140
Trd, 4319378.543, 140
Trd, 4319378.893, 140
Trd, 4319380.493, 140
Trd, 4319380.693, 135
Trd, 4319381.693, 129
Trd, 4319382.343, 128
Trd, 4319382.843, 116
Trd, 4319382.993, 115
Trd, 4319383.543, 115
Trd, 4319383.593, 112
Trd, 4319385.843, 125
Trd, 4319386.193, 95
Trd, 4319386.543, 119
Trd, 4319386.943, 96
Trd, 4319387.443, 95
Trd, 4319387.843, 116
Trd, 4319389.093, 114
Trd, 4319389.743, 95
Trd, 4319389.793, 114
Trd, 4319390.393, 75
Trd, 4319390.543, 70
Trd, 4319394.743, 140
Trd, 4319394.843, 140
Trd, 4319394.993, 140
Trd, 4319395.443, 140
Trd, 4319396.143, 140
Trd, 4319396.293, 139
Trd, 4319396.393, 138
Trd, 4319398.843, 128
Trd, 4319398.893, 125
Trd, 4319399.243, 138
Trd, 4319400.343, 126
Trd, 4319401.493, 140
Trd, 4319401.543, 138
Trd, 4319403.443, 132
Trd, 4319404.593, 130
Trd, 4319404.993, 129
Trd, 4319405.693, 128
Trd, 4319406.543, 95
Trd, 4319406.993, 93
Trd, 4319407.943, 117
Trd, 4319408.093, 121
Trd, 4319408.393, 122
Trd, 4319410.093, 115
Trd, 4319410.593, 114
Trd, 4319410.843, 116
Trd, 4319411.393, 114
Trd, 4319411.993, 113
Trd, 4319412.993, 110
Trd, 4319413.243, 112
Trd, 4319414.243, 99
Trd, 4319415.343, 109
Trd, 4319415.643, 107
Trd, 4319415.943, 107
Trd, 4319418.693, 140
Trd, 4319421.543, 140
Trd, 4319423.193, 140
Trd, 4319423.293, 140
Trd, 4319423.343, 140
Trd, 4319423.443, 140
Trd, 4319423.793, 140
Trd, 4319424.443, 140
Trd, 4319425.243, 115
Trd, 4319425.343, 80
Trd, 4319425.843, 134
Trd, 4319427.343, 136
Trd, 4319429.593, 140
Trd, 4319430.093, 140
Trd, 4319430.493, 140
Trd, 4319432.393, 140
Trd, 4319432.593, 140
Trd, 4319433.093, 140
Trd, 4319435.043, 140
Trd, 4319436.243, 140
Trd, 4319436.443, 140
Trd, 4319437.593, 135
Trd, 4319437.793, 73
Trd, 4319439.093, 114
Trd, 4319439.743, 115
Trd, 4319439.993, 115
Trd, 4319440.493, 116
Trd, 4319441.493, 140
Trd, 4319441.893, 140
Trd, 4319443.143, 140
Trd, 4319443.643, 139
Trd, 4319444.043, 137
Trd, 4319444.443, 137
Trd, 4319446.593, 113
Trd, 4319446.643, 112
Trd, 4319447.043, 108
Trd, 4319448.993, 128
Trd, 4319449.643, 129
Trd, 4319450.093, 130
Trd, 4319450.643, 131
Trd, 4319452.093, 134
Trd, 4319452.443, 133
Trd, 4319454.143, 140
Trd, 4319455.193, 140
Trd, 4319456.943, 140
Trd, 4319458.743, 140
Trd, 4319459.693, 140
Trd, 4319460.593, 140
Trd, 4319462.443, 140
Trd, 4319463.893, 140
Trd, 4319464.193, 140
Trd, 4319464.693, 140
Trd, 4319464.743, 140
Trd, 4319464.793, 139
Trd, 4319465.593, 140
Trd, 4319466.693, 139
Trd, 4319466.843, 108
Trd, 4319467.543, 108
Trd, 4319467.843, 105
Trd, 4319469.343, 140
Trd, 4319469.443, 140
Trd, 4319472.443, 140
Trd, 4319473.093, 86
Trd, 4319474.593, 125
Trd, 4319475.793, 95
Trd, 4319475.943, 94
Trd, 4319476.043, 83
Trd, 4319477.193, 102
Trd, 4319477.493, 66
Trd, 4319477.693, 103
Trd, 4319479.243, 99
Trd, 4319480.293, 92
Trd, 4319480.543, 98
Trd, 4319480.693, 92
Trd, 4319481.493, 92
Trd, 4319481.643, 93
Trd, 4319481.893, 94
Trd, 4319482.893, 95
Trd, 4319483.043, 94
Trd, 4319484.693, 102
Trd, 4319485.143, 102
Trd, 4319486.093, 115
Trd, 4319488.493, 140
Trd, 4319489.943, 140
Trd, 4319490.643, 140
Trd, 4319490.893, 140
Trd, 4319491.043, 140
Trd, 4319491.143, 140
Trd, 4319491.743, 140
Trd, 4319492.293, 140
Trd, 4319493.143, 139
Trd, 4319493.443, 140
Trd, 4319494.293, 137
Trd, 4319494.593, 96
Trd, 4319497.293, 122
Trd, 4319498.343, 117
Trd, 4319499.293, 107
Trd, 4319499.543, 115
Trd, 4319500.343, 108
Trd, 4319500.843, 106
Trd, 4319500.943, 105
Trd, 4319503.293, 101
Trd, 4319504.543, 97
Trd, 4319504.793, 98
Trd, 4319504.893, 99
Trd, 4319505.243, 98
Trd, 4319505.393, 100
Trd, 4319505.843, 101
Trd, 4319508.293, 140
Trd, 4319509.193, 140
Trd, 4319510.243, 140
Trd, 4319511.243, 140
Trd, 4319512.043, 140
Trd, 4319512.193, 140
Trd, 4319512.343, 140
Trd, 4319512.593, 140
Trd, 4319514.043, 60
Trd, 4319514.193, 60
Trd, 4319514.343, 60
Trd, 4319514.843, 79
Trd, 4319516.343, 63
Trd, 4319518.343, 65
Trd, 4319518.693, 73
Trd, 4319518.743, 75
Trd, 4319520.143, 74
Trd, 4319521.343, 95
Trd, 4319521.693, 137
Trd, 4319522.193, 96
Trd, 4319524.843, 140
Trd, 4319525.593, 140
Trd, 4319525.693, 140
Trd, 4319525.843, 140
Trd, 4319526.393, 140
Trd, 4319526.443, 140
Trd, 4319528.393, 90
Trd, 4319529.343, 88
Trd, 4319529.593, 131
Trd, 4319529.743, 104
Trd, 4319530.093, 134
Trd, 4319531.443, 102
Trd, 4319534.193, 140
Trd, 4319534.793, 140
Trd, 4319534.993, 140
Trd, 4319536.193, 140
Trd, 4319536.743, 140
Trd, 4319536.793, 140
Trd, 4319536.893, 140
Trd, 4319537.843, 139
Trd, 4319538.393, 70
Trd, 4319538.443, 140
Trd, 4319539.593, 60
Trd, 4319539.643, 62
Trd, 4319540.193, 90
Trd, 4319541.743, 136
Trd, 4319545.043, 140
Trd, 4319545.093, 140
Trd, 4319545.743, 140
Trd, 4319546.993, 140
Trd, 4319547.443, 140
Trd, 4319547.793, 140
Trd, 4319548.843, 140
Trd, 4319549.293, 140
Trd, 4319549.543, 140
Trd, 4319549.843, 139
Trd, 4319552.693, 140
Trd, 4319553.043, 140
Trd, 4319555.293, 140
Trd, 4319555.943, 140
Trd, 4319558.443, 140
Trd, 4319558.793, 140
Trd, 4319559.393, 140
Trd, 4319560.693, 140
Trd, 4319561.293, 140
Trd, 4319561.943, 140
Trd, 4319562.393, 140
Trd, 4319562.443, 140
Trd, 4319563.343, 140
Trd, 4319564.443, 140
Trd, 4319566.343, 140
Trd, 4319566.893, 140
Trd, 4319567.693, 140
Trd, 4319568.693, 140
Trd, 4319570.443, 140
Trd, 4319570.493, 140
Trd, 4319570.543, 140
Trd, 4319570.693, 138
Trd, 4319571.743, 139
Trd, 4319571.793, 138
Trd, 4319572.043, 116
Trd, 4319573.493, 140
Trd, 4319574.643, 132
Trd, 4319575.143, 133
Trd, 4319575.193, 132
Trd, 4319576.293, 130
Trd, 4319577.193, 122
Trd, 4319578.293, 130
Trd, 4319579.393, 140
Trd, 4319580.993, 138
Trd, 4319581.293, 139
Trd, 4319582.193, 140
Trd, 4319582.993, 140
Trd, 4319584.143, 140
Trd, 4319585.543, 140
Trd, 4319586.043, 140
Trd, 4319586.093, 140
Trd, 4319586.193, 140
Trd, 4319589.493, 140
Trd, 4319590.793, 140
Trd, 4319591.143, 140
Trd, 4319592.093, 140
Trd, 4319594.943, 140
Trd, 4319594.993, 140
Trd, 4319595.893, 94
Trd, 4319596.243, 81
Trd, 4319596.643, 93
Trd, 4319597.293, 93
Trd, 4319598.893, 89
Trd, 4319599.093, 82
Trd, 4319599.443, 89
Trd, 4319599.843, 83
Trd, 4319600.543, 91
Trd, 4319601.493, 88
Trd, 4319601.893, 102
Trd, 4319602.243, 91
Trd, 4319602.493, 89
Trd, 4319602.543, 92
Trd, 4319603.293, 62
Trd, 4319605.543, 140
Trd, 4319606.343, 140
Trd, 4319606.493, 140
Trd, 4319606.593, 140
Trd, 4319606.643, 140
Trd, 4319607.143, 89
Trd, 4319607.843, 89
Trd, 4319609.193, 108
Trd, 4319609.643, 106
Trd, 4319609.843, 109
Trd, 4319611.043, 121
Trd, 4319611.343, 103
Trd, 4319614.593, 102
Trd, 4319614.793, 101
Trd, 4319614.943, 97
Trd, 4319614.993, 102
Trd, 4319615.493, 86
Trd, 4319616.093, 106
Trd, 4319617.693, 111
Trd, 4319618.143, 114
Trd, 4319618.193, 116
Trd, 4319618.643, 107
Trd, 4319620.693, 74
Trd, 4319621.543, 66
Trd, 4319622.393, 140
Trd, 4319623.693, 140
Trd, 4319623.743, 140
Trd, 4319624.043, 139
Trd, 4319624.193, 140
Trd, 4319625.793, 116
Trd, 4319626.443, 87
Trd, 4319626.493, 128
Trd, 4319626.893, 87
Trd, 4319627.393, 123
Trd, 4319630.043, 84
Trd, 4319630.443, 82
Trd, 4319630.493, 105
Trd, 4319631.043, 101
Trd, 4319631.293, 82
Trd, 4319631.543, 104
Trd, 4319632.343, 101
Trd, 4319633.593, 140
Trd, 4319634.293, 140
Trd, 4319634.843, 140
Trd, 4319635.093, 124
Trd, 4319638.793, 140
Trd, 4319639.043, 140
Trd, 4319642.343, 140
Trd, 4319642.693, 140
Trd, 4319642.993, 140
Trd, 4319643.793, 140
Trd, 4319644.943, 140
Trd, 4319645.143, 140
Trd, 4319645.393, 140
Trd, 4319645.543, 140
Trd, 4319646.743, 140
Trd, 4319647.793, 111
Trd, 4319648.243, 137
Trd, 4319648.643, 134
Trd, 4319649.743, 137
Trd, 4319649.893, 134
Trd, 4319650.843, 135
Trd, 4319651.093, 134
Trd, 4319651.343, 134
Trd, 4319652.943, 124
Trd, 4319653.793, 61
Trd, 4319654.193, 119
Trd, 4319654.643, 110
Trd, 4319654.793, 120
Trd, 4319654.993, 121
Trd, 4319655.343, 110
Trd, 4319656.343, 109
Trd, 4319660.793, 140
Trd, 4319661.443, 140
Trd, 4319662.693, 140
Trd, 4319662.843, 140
Trd, 4319664.143, 140
Trd, 4319664.443, 140
Trd, 4319664.493, 140
Trd, 4319664.543, 140
Trd, 4319665.543, 140
Trd, 4319668.443, 140
Trd, 4319669.093, 140
Trd, 4319669.543, 140
Trd, 4319671.093, 140
Trd, 4319671.243, 140
Trd, 4319672.793, 140
Trd, 4319674.893, 140
Trd, 4319676.243, 140
Trd, 4319676.693, 140
Trd, 4319676.993, 140
Trd, 4319677.143, 140
Trd, 4319677.243, 140
Trd, 4319677.393, 140
Trd, 4319677.743, 140
Trd, 4319679.693, 140
Trd, 4319681.793, 140
Trd, 4319681.893, 140
Trd, 4319681.943, 140
Trd, 4319682.343, 98
Trd, 4319684.793, 60
Trd, 4319684.843, 60
Trd, 4319685.343, 60
Trd, 4319686.243, 60
Trd, 4319687.593, 72
Trd, 4319688.443, 64
Trd, 4319688.743, 69
Trd, 4319689.343, 64
Trd, 4319689.893, 66
Trd, 4319690.243, 68
Trd, 4319690.643, 115
Trd, 4319690.943, 116
Trd, 4319691.643, 138
Trd, 4319692.593, 139
Trd, 4319694.693, 140
Trd, 4319695.443, 140
Trd, 4319695.643, 140
Trd, 4319698.643, 140
Trd, 4319699.143, 140
Trd, 4319700.243, 140
Trd, 4319700.543, 140
Trd, 4319701.743, 140
Trd, 4319703.193, 140
Trd, 4319703.443, 140
Trd, 4319703.843, 139
Trd, 4319704.143, 140
Trd, 4319706.793, 140
Trd, 4319707.393, 140
Trd, 4319708.393, 140
Trd, 4319708.743, 140
Trd, 4319710.493, 140
Trd, 4319711.443, 140
Trd, 4319711.693, 140
Trd, 4319712.843, 138
Trd, 4319712.993, 132
Trd, 4319714.893, 121
Trd, 4319715.943, 126
Trd, 4319716.243, 132
Trd, 4319717.743, 131
Trd, 4319719.893, 140
Trd, 4319721.093, 140
Trd, 4319721.643, 140
Trd, 4319721.693, 140
Trd, 4319722.643, 140
Trd, 4319722.893, 140
Trd, 4319724.543, 110
Trd, 4319726.093, 140
Trd, 4319726.843, 140
Trd, 4319728.693, 140
Trd, 4319730.193, 140
Trd, 4319730.643, 140
Trd, 4319731.943, 140
Trd, 4319734.993, 140
Trd, 4319735.093, 140
Trd, 4319735.593, 140
Trd, 4319737.793, 140
Trd, 4319738.093, 140
Trd, 4319739.793, 140
Trd, 4319741.343, 140
Trd, 4319741.693, 140
Trd, 4319743.093, 140
Trd, 4319743.743, 140
Trd, 4319743.893, 140
Trd, 4319744.293, 139
Trd, 4319744.593, 139
Trd, 4319744.793, 119
Trd, 4319745.393, 119
Trd, 4319746.243, 135
Trd, 4319746.593, 108
Trd, 4319747.993, 108
Trd, 4319748.243, 134
Trd, 4319748.393, 103
Trd, 4319751.443, 118
Trd, 4319752.043, 133
Trd, 4319752.743, 97
Trd, 4319753.593, 132
Trd, 4319755.143, 109
Trd, 4319755.293, 108
Trd, 4319757.343, 61
Trd, 4319759.193, 140
Trd, 4319759.243, 140
Trd, 4319760.643, 140
Trd, 4319761.093, 140
Trd, 4319761.743, 140
Trd, 4319761.943, 127
Trd, 4319762.143, 140
Trd, 4319763.093, 93
Trd, 4319763.343, 92
Trd, 4319764.993, 128
Trd, 4319765.593, 129
Trd, 4319766.393, 114
Trd, 4319767.643, 117
Trd, 4319768.193, 119
Trd, 4319768.743, 121
Trd, 4319768.993, 122
Trd, 4319769.143, 120
Trd, 4319770.743, 81
Trd, 4319770.893, 82
Trd, 4319772.843, 138
Trd, 4319773.443, 140
Trd, 4319774.643, 139
Trd, 4319774.743, 99
Trd, 4319775.343, 66
Trd, 4319776.293, 138
Trd, 4319776.443, 140
Trd, 4319777.493, 140
Trd, 4319779.343, 140
Trd, 4319779.593, 140
Trd, 4319780.393, 140
Trd, 4319781.643, 140
Trd, 4319784.143, 140
Trd, 4319785.493, 140
Trd, 4319787.643, 140
Trd, 4319787.693, 140
Trd, 4319788.143, 140
Trd, 4319788.193, 140
Trd, 4319788.343, 139
Trd, 4319788.993, 121
Trd, 4319790.043, 85
Trd, 4319790.593, 83
Trd, 4319793.943, 140
Trd, 4319794.143, 140
Trd, 4319797.043, 140
Trd, 4319797.193, 140
Trd, 4319797.493, 140
Trd, 4319797.693, 140
Trd, 4319798.393, 140
Trd, 4319798.793, 140
Trd, 4319798.893, 140
Trd, 4319799.743, 140
Trd, 4319800.693, 140
Trd, 4319800.843, 139
Trd, 4319804.243, 140
Trd, 4319805.393, 140
Trd, 4319805.993, 140
Trd, 4319806.143, 140
Trd, 4319806.593, 140
Trd, 4319807.043, 140
Trd, 4319807.343, 140
Trd, 4319807.693, 140
Trd, 4319808.343, 140
Trd, 4319808.893, 140
Trd, 4319809.243, 139
Trd, 4319809.393, 122
Trd, 4319812.543, 137
Trd, 4319813.093, 127
Trd, 4319813.243, 127
Trd, 4319813.643, 127
Trd, 4319813.793, 126
Trd, 4319815.443, 113
Trd, 4319816.643, 115
Trd, 4319816.943, 116
Trd, 4319817.493, 114
Trd, 4319817.593, 114
Trd, 4319818.343, 63
Trd, 4319818.893, 60
Trd, 4319820.243, 60
Trd, 4319822.243, 67
Trd, 4319822.693, 66
Trd, 4319822.793, 66
Trd, 4319823.093, 67
Trd, 4319823.343, 69
Trd, 4319824.393, 76
Trd, 4319824.793, 74
Trd, 4319827.143, 140
Trd, 4319827.243, 140
Trd, 4319829.043, 140
Trd, 4319829.543, 140
Trd, 4319831.193, 140
Trd, 4319831.543, 140
Trd, 4319831.843, 140
Trd, 4319833.743, 140
Trd, 4319834.593, 140
Trd, 4319834.843, 140
Trd, 4319835.193, 140
Trd, 4319835.543, 140
Trd, 4319835.693, 140
Trd, 4319835.843, 140
Trd, 4319835.943, 140
Trd, 4319837.893, 139
Trd, 4319838.443, 138
Trd, 4319839.693, 60
Trd, 4319841.043, 61
Trd, 4319841.143, 61
Trd, 4319841.943, 100
Trd, 4319842.343, 108
Trd, 4319844.843, 140
Trd, 4319845.193, 140
Trd, 4319846.143, 140
Trd, 4319849.143, 140
Trd, 4319849.343, 140
Trd, 4319849.443, 140
Trd, 4319849.593, 140
Trd, 4319849.793, 139
Trd, 4319850.893, 137
Trd, 4319850.993, 136
Trd, 4319851.893, 80
Trd, 4319852.893, 140
Trd, 4319852.993, 88
Trd, 4319854.093, 108
Trd, 4319854.343, 84
Trd, 4319856.093, 97
Trd, 4319856.493, 99
Trd, 4319856.543, 100
Trd, 4319856.793, 93
Trd, 4319857.243, 104
Trd, 4319858.193, 92
Trd, 4319858.443, 91
Trd, 4319860.243, 140
Trd, 4319861.043, 140
Trd, 4319861.293, 140
Trd, 4319861.943, 139
Trd, 4319862.043, 138
Trd, 4319862.843, 82
Trd, 4319865.043, 86
Trd, 4319867.643, 140
Trd, 4319868.693, 140
Trd, 4319869.143, 140
Trd, 4319869.893, 140
Trd, 4319870.343, 140
Trd, 4319870.893, 140
Trd, 4319871.043, 140
Trd, 4319871.343, 140
Trd, 4319872.493, 114
Trd, 4319873.743, 139
Trd, 4319873.793, 140
Trd, 4319874.243, 72
Trd, 4319875.193, 61
Trd, 4319875.493, 120
Trd, 4319875.743, 119
Trd, 4319877.943, 140
Trd, 4319880.093, 140
Trd, 4319880.943, 140
Trd, 4319880.993, 140
Trd, 4319881.143, 140
Trd, 4319881.193, 140
Trd, 4319882.343, 133
Trd, 4319883.243, 121
Trd, 4319883.443, 130
Trd, 4319883.993, 130
Trd, 4319887.443, 140
Trd, 4319888.293, 140
Trd, 4319889.393, 140
Trd, 4319889.593, 140
Trd, 4319889.843, 140
Trd, 4319891.043, 114
Trd, 4319891.393, 114
Trd, 4319893.593, 140
Trd, 4319894.243, 140
Trd, 4319894.443, 140
Trd, 4319896.143, 135
Trd, 4319896.543, 132
Trd, 4319897.043, 130
Trd, 4319897.293, 80
Trd, 4319897.393, 78
Trd, 4319897.843, 64
Trd, 4319899.493, 113
Trd, 4319900.093, 112
Trd, 4319900.643, 111
Trd, 4319901.893, 114
Trd, 4319902.343, 140
Trd, 4319903.593, 118
Trd, 4319904.043, 116
Trd, 4319904.093, 111
Trd, 4319904.943, 75
Trd, 4319905.193, 76
Trd, 4319905.543, 113
Trd, 4319905.743, 115
Trd, 4319906.143, 76
Trd, 4319909.843, 107
Trd, 4319909.943, 109
Trd, 4319911.293, 102
Trd, 4319913.143, 140
Trd, 4319913.293, 140
Trd, 4319913.793, 140
Trd, 4319914.743, 140
Trd, 4319915.043, 138
Trd, 4319915.593, 137
Trd, 4319915.993, 126
Trd, 4319919.443, 140
Trd, 4319920.743, 140
Trd, 4319920.843, 140
Trd, 4319921.093, 140
Trd, 4319924.493, 140
Trd, 4319925.243, 140
Trd, 4319926.943, 140
Trd, 4319927.493, 140
Trd, 4319927.693, 140
Trd, 4319928.043, 139
Trd, 4319929.193, 137
Trd, 4319929.393, 136
Trd, 4319929.793, 111
Trd, 4319930.443, 110
Trd, 4319930.593, 133
Trd, 4319931.393, 135
Trd, 4319932.693, 103
Trd, 4319933.543, 125
Trd, 4319934.093, 104
Trd, 4319936.793, 91
Trd, 4319936.843, 120
Trd, 4319937.193, 85
Trd, 4319939.393, 140
Trd, 4319939.943, 140
Trd, 4319941.043, 140
Trd, 4319943.243, 140
Trd, 4319943.843, 140
Trd, 4319944.543, 140
Trd, 4319945.893, 140
Trd, 4319946.143, 140
Trd, 4319947.643, 140
Trd, 4319948.293, 140
Trd, 4319948.443, 140
Trd, 4319948.593, 81
Trd, 4319949.043, 61
Trd, 4319950.243, 83
Trd, 4319950.693, 136
Trd, 4319952.543, 134
Trd, 4319954.743, 140
Trd, 4319955.193, 140
Trd, 4319955.943, 140
Trd, 4319957.293, 140
Trd, 4319959.393, 140
Trd, 4319959.943, 140
Trd, 4319959.993, 140
Trd, 4319960.243, 140
Trd, 4319960.493, 140
Trd, 4319961.343, 140
Trd, 4319963.393, 140
Trd, 4319963.643, 140
Trd, 4319965.743, 140
Trd, 4319966.343, 140
Trd, 4319966.493, 140
Trd, 4319966.543, 140
Trd, 4319966.593, 140
Trd, 4319966.893, 140
Trd, 4319966.943, 138
Trd, 4319968.593, 134
Trd, 4319968.743, 134
Trd, 4319971.093, 140
Trd, 4319972.243, 140
Trd, 4319974.293, 140
Trd, 4319975.193, 140
Trd, 4319977.193, 140
Trd, 4319977.343, 140
Trd, 4319977.543, 140
Trd, 4319978.043, 140
Trd, 4319978.243, 140
Trd, 4319978.293, 130
Trd, 4319978.443, 139
Trd, 4319981.093, 129
Trd, 4319981.293, 128
Trd, 4319981.343, 127
Trd, 4319981.643, 129
Trd, 4319981.793, 110
Trd, 4319982.643, 88
Trd, 4319984.293, 117
Trd, 4319984.343, 118
Trd, 4319984.393, 94
Trd, 4319986.393, 99
Trd, 4319986.893, 98
Trd, 4319987.743, 106
Trd, 4319988.493, 85
Trd, 4319989.293, 88
Trd, 4319990.143, 84
Trd, 4319990.793, 68
Trd, 4319991.243, 83
Trd, 4319991.493, 83
Trd, 4319992.643, 81
Trd, 4319993.293, 80
Trd, 4319994.143, 79
Trd, 4319996.443, 89
Trd, 4319996.693, 98
Trd, 4319997.143, 86
Trd, 4319997.593, 97
Trd, 4319998.443, 77
Trd, 4319998.793, 106
