Trd, 4318112.043, 129
Trd, 4318112.993, 126
Trd, 4318113.443, 137
Trd, 4318113.543, 111
Trd, 4318113.693, 87
Trd, 4318114.193, 67
Trd, 4318115.943, 126
Trd, 4318116.293, 126
Trd, 4318116.793, 126
Trd, 4318117.043, 94
Trd, 4318117.593, 99
Trd, 4318118.243, 107
Trd, 4318119.193, 78
Trd, 4318120.693, 63
Trd, 4318121.343, 107
Trd, 4318122.043, 91
Trd, 4318122.143, 84
Trd, 4318122.243, 84
Trd, 4318123.843, 72
Trd, 4318124.093, 71
Trd, 4318124.543, 71
Trd, 4318125.143, 126
Trd, 4318126.493, 140
Trd, 4318127.543, 72
Trd, 4318128.543, 123
Trd, 4318128.643, 122
Trd, 4318129.443, 79
Trd, 4318130.743, 140
Trd, 4318131.043, 140
Trd, 4318131.493, 140
Trd, 4318131.643, 140
Trd, 4318133.193, 125
Trd, 4318134.293, 113
Trd, 4318134.893, 99
Trd, 4318134.993, 98
Trd, 4318135.493, 66
Trd, 4318136.643, 131
Trd, 4318138.143, 140
Trd, 4318138.443, 139
Trd, 4318138.993, 122
Trd, 4318139.343, 106
Trd, 4318141.043, 140
Trd, 4318141.793, 91
Trd, 4318143.043, 95
Trd, 4318143.243, 94
Trd, 4318144.043, 119
Trd, 4318144.243, 79
Trd, 4318145.043, 89
Trd, 4318145.243, 87
Trd, 4318145.493, 132
Trd, 4318145.593, 97
Trd, 4318146.493, 85
Trd, 4318146.743, 86
Trd, 4318148.343, 88
Trd, 4318148.643, 87
Trd, 4318148.893, 85
Trd, 4318149.343, 82
Trd, 4318150.443, 133
Trd, 4318150.943, 68
Trd, 4318152.843, 127
Trd, 4318154.193, 97
Trd, 4318155.343, 115
Trd, 4318156.393, 140
Trd, 4318156.593, 103
Trd, 4318157.943, 109
Trd, 4318158.043, 109
Trd, 4318159.443, 135
Trd, 4318159.843, 134
Trd, 4318160.093, 121
Trd, 4318160.643, 122
Trd, 4318161.093, 140
Trd, 4318161.443, 109
Trd, 4318162.843, 107
Trd, 4318163.593, 113
Trd, 4318163.793, 113
Trd, 4318164.793, 112
Trd, 4318166.043, 121
Trd, 4318166.243, 120
Trd, 4318166.443, 136
Trd, 4318166.593, 135
Trd, 4318167.443, 140
Trd, 4318168.143, 140
Trd, 4318169.093, 140
Trd, 4318169.243, 140
Trd, 4318169.393, 124
Trd, 4318170.343, 114
Trd, 4318170.843, 78
Trd, 4318171.043, 75
Trd, 4318171.693, 140
Trd, 4318174.993, 65
Trd, 4318176.043, 60
Trd, 4318176.743, 91
Trd, 4318176.993, 72
Trd, 4318177.393, 68
Trd, 4318177.893, 69
Trd, 4318178.543, 86
Trd, 4318179.543, 87
Trd, 4318180.293, 140
Trd, 4318182.443, 140
Trd, 4318183.543, 140
Trd, 4318183.793, 140
Trd, 4318184.093, 140
Trd, 4318184.793, 140
Trd, 4318184.993, 140
Trd, 4318185.643, 140
Trd, 4318186.843, 139
Trd, 4318188.493, 131
Trd, 4318188.793, 132
Trd, 4318189.043, 131
Trd, 4318189.543, 131
Trd, 4318189.743, 127
Trd, 4318190.743, 132
Trd, 4318190.993, 131
Trd, 4318192.143, 134
Trd, 4318192.493, 115
Trd, 4318192.743, 114
Trd, 4318193.093, 60
Trd, 4318193.293, 70
Trd, 4318194.393, 68
Trd, 4318196.143, 60
Trd, 4318196.793, 71
Trd, 4318197.893, 74
Trd, 4318199.243, 72
Trd, 4318199.493, 71
Trd, 4318200.143, 80
Trd, 4318200.893, 77
Trd, 4318201.343, 75
Trd, 4318201.493, 72
Trd, 4318201.993, 76
Trd, 4318203.293, 80
Trd, 4318204.443, 108
Trd, 4318205.393, 106
Trd, 4318206.093, 134
Trd, 4318207.043, 121
Trd, 4318207.143, 120
Trd, 4318207.993, 98
Trd, 4318209.093, 126
Trd, 4318209.543, 107
Trd, 4318210.043, 109
Trd, 4318210.093, 108
Trd, 4318211.293, 140
Trd, 4318211.493, 140
Trd, 4318211.643, 140
Trd, 4318211.743, 121
Trd, 4318213.043, 137
Trd, 4318214.343, 137
Trd, 4318215.943, 140
Trd, 4318216.593, 138
Trd, 4318216.893, 137
Trd, 4318217.893, 125
Trd, 4318217.943, 124
Trd, 4318220.293, 98
Trd, 4318220.543, 116
Trd, 4318221.793, 90
Trd, 4318222.043, 80
Trd, 4318222.493, 79
Trd, 4318223.043, 138
Trd, 4318224.093, 60
Trd, 4318224.643, 96
Trd, 4318224.993, 102
Trd, 4318226.243, 61
Trd, 4318227.643, 69
Trd, 4318228.043, 75
Trd, 4318229.293, 88
Trd, 4318230.093, 101
Trd, 4318230.493, 79
Trd, 4318230.793, 75
Trd, 4318232.343, 139
Trd, 4318232.593, 139
Trd, 4318232.993, 138
Trd, 4318233.843, 63
Trd, 4318235.743, 69
Trd, 4318236.743, 76
Trd, 4318237.143, 75
Trd, 4318237.843, 77
Trd, 4318238.693, 80
Trd, 4318239.693, 87
Trd, 4318240.243, 97
Trd, 4318240.843, 90
Trd, 4318241.093, 109
Trd, 4318241.643, 139
Trd, 4318242.293, 94
Trd, 4318242.843, 94
Trd, 4318243.143, 93
Trd, 4318243.843, 63
Trd, 4318244.043, 71
Trd, 4318246.043, 68
Trd, 4318246.093, 69
Trd, 4318246.893, 74
Trd, 4318248.393, 87
Trd, 4318248.643, 85
Trd, 4318250.343, 99
Trd, 4318250.543, 97
Trd, 4318250.893, 137
Trd, 4318251.493, 137
Trd, 4318251.543, 96
Trd, 4318251.743, 93
Trd, 4318251.893, 92
Trd, 4318253.243, 121
Trd, 4318254.443, 121
Trd, 4318254.543, 117
Trd, 4318254.593, 108
Trd, 4318254.993, 76
Trd, 4318256.143, 70
Trd, 4318257.593, 72
Trd, 4318258.943, 66
Trd, 4318258.993, 102
Trd, 4318259.343, 110
Trd, 4318259.943, 140
Trd, 4318260.643, 140
Trd, 4318260.693, 140
Trd, 4318260.893, 121
Trd, 4318261.193, 139
Trd, 4318261.493, 75
Trd, 4318261.893, 74
Trd, 4318262.143, 77
Trd, 4318265.143, 62
Trd, 4318267.943, 60
Trd, 4318268.343, 67
Trd, 4318268.743, 61
Trd, 4318268.993, 87
Trd, 4318269.743, 84
Trd, 4318269.943, 69
Trd, 4318270.543, 73
Trd, 4318270.743, 71
Trd, 4318270.843, 68
Trd, 4318271.943, 67
Trd, 4318272.893, 89
Trd, 4318275.143, 76
Trd, 4318275.493, 81
Trd, 4318276.743, 77
Trd, 4318277.443, 72
Trd, 4318277.793, 72
Trd, 4318278.143, 71
Trd, 4318278.693, 61
Trd, 4318280.943, 124
Trd, 4318281.943, 126
Trd, 4318281.993, 125
Trd, 4318282.843, 136
Trd, 4318283.343, 130
Trd, 4318284.093, 109
Trd, 4318285.593, 92
Trd, 4318286.743, 94
Trd, 4318287.193, 140
Trd, 4318287.293, 140
Trd, 4318287.693, 139
Trd, 4318288.493, 111
Trd, 4318289.743, 115
Trd, 4318290.243, 111
Trd, 4318290.893, 100
Trd, 4318291.393, 90
Trd, 4318291.743, 72
Trd, 4318293.743, 119
Trd, 4318294.593, 111
Trd, 4318295.293, 124
Trd, 4318296.293, 91
Trd, 4318297.193, 94
Trd, 4318297.293, 92
Trd, 4318297.643, 88
Trd, 4318297.743, 103
Trd, 4318298.593, 78
Trd, 4318299.143, 65
Trd, 4318300.893, 69
Trd, 4318301.693, 67
Trd, 4318302.793, 102
Trd, 4318303.593, 132
Trd, 4318304.043, 140
Trd, 4318304.393, 129
Trd, 4318304.693, 127
Trd, 4318304.993, 126
Trd, 4318308.143, 79
Trd, 4318308.443, 74
Trd, 4318308.843, 74
Trd, 4318309.193, 78
Trd, 4318310.043, 78
Trd, 4318310.643, 78
Trd, 4318311.143, 94
Trd, 4318311.393, 87
Trd, 4318313.593, 125
Trd, 4318313.843, 96
Trd, 4318314.343, 133
Trd, 4318315.493, 103
Trd, 4318316.243, 109
Trd, 4318316.443, 109
Trd, 4318317.743, 127
Trd, 4318318.843, 115
Trd, 4318318.893, 112
Trd, 4318320.093, 114
Trd, 4318320.643, 131
Trd, 4318321.393, 139
Trd, 4318321.443, 113
Trd, 4318322.043, 137
Trd, 4318322.443, 96
Trd, 4318322.943, 100
Trd, 4318324.693, 116
Trd, 4318325.443, 118
Trd, 4318326.143, 140
Trd, 4318326.493, 130
Trd, 4318327.043, 113
Trd, 4318327.643, 90
Trd, 4318328.143, 89
Trd, 4318328.443, 62
Trd, 4318329.443, 118
Trd, 4318329.993, 108
Trd, 4318330.743, 111
Trd, 4318331.793, 112
Trd, 4318333.693, 95
Trd, 4318334.143, 109
Trd, 4318334.293, 108
Trd, 4318334.593, 90
Trd, 4318335.343, 111
Trd, 4318335.993, 98
Trd, 4318336.093, 97
Trd, 4318336.243, 96
Trd, 4318336.943, 76
Trd, 4318338.143, 63
Trd, 4318339.043, 91
Trd, 4318340.493, 67
Trd, 4318341.443, 94
Trd, 4318341.793, 83
Trd, 4318342.593, 106
Trd, 4318342.943, 80
Trd, 4318343.693, 98
Trd, 4318344.043, 93
Trd, 4318344.093, 84
Trd, 4318344.343, 78
Trd, 4318345.443, 78
Trd, 4318347.243, 62
Trd, 4318349.293, 87
Trd, 4318350.143, 97
Trd, 4318350.393, 96
Trd, 4318350.493, 94
Trd, 4318350.743, 93
Trd, 4318351.493, 61
Trd, 4318351.793, 65
Trd, 4318352.393, 66
Trd, 4318352.643, 68
Trd, 4318354.393, 91
Trd, 4318354.493, 65
Trd, 4318356.043, 65
Trd, 4318356.743, 65
Trd, 4318356.893, 65
Trd, 4318357.393, 66
Trd, 4318359.793, 140
Trd, 4318360.843, 140
Trd, 4318361.093, 140
Trd, 4318361.443, 140
Trd, 4318363.243, 140
Trd, 4318363.493, 140
Trd, 4318364.593, 140
Trd, 4318365.393, 140
Trd, 4318365.593, 140
Trd, 4318365.943, 125
Trd, 4318367.293, 105
Trd, 4318367.443, 124
Trd, 4318369.593, 106
Trd, 4318370.243, 108
Trd, 4318370.593, 106
Trd, 4318371.543, 119
Trd, 4318371.943, 103
Trd, 4318372.793, 106
Trd, 4318373.493, 86
Trd, 4318373.793, 96
Trd, 4318375.093, 61
Trd, 4318376.293, 88
Trd, 4318376.843, 84
Trd, 4318377.943, 61
Trd, 4318378.443, 64
Trd, 4318378.593, 64
Trd, 4318379.343, 139
Trd, 4318380.843, 110
Trd, 4318381.143, 109
Trd, 4318381.693, 140
Trd, 4318383.893, 112
Trd, 4318384.443, 140
Trd, 4318384.593, 140
Trd, 4318384.843, 124
Trd, 4318385.343, 107
Trd, 4318386.743, 75
Trd, 4318386.843, 74
Trd, 4318387.943, 139
Trd, 4318388.143, 137
Trd, 4318388.443, 132
Trd, 4318389.793, 140
Trd, 4318390.693, 140
Trd, 4318391.043, 140
Trd, 4318391.143, 140
Trd, 4318391.243, 103
Trd, 4318391.993, 90
Trd, 4318392.993, 140
Trd, 4318393.343, 140
Trd, 4318395.043, 140
Trd, 4318395.543, 140
Trd, 4318396.743, 114
Trd, 4318397.493, 113
Trd, 4318398.443, 102
Trd, 4318398.493, 99
Trd, 4318398.743, 81
Trd, 4318400.243, 97
Trd, 4318400.593, 76
Trd, 4318400.743, 78
Trd, 4318401.443, 122
Trd, 4318401.543, 103
Trd, 4318403.693, 140
Trd, 4318404.143, 140
Trd, 4318404.593, 140
Trd, 4318404.643, 139
Trd, 4318405.843, 123
Trd, 4318406.643, 122
Trd, 4318407.643, 140
Trd, 4318408.843, 140
Trd, 4318409.243, 140
Trd, 4318409.643, 140
Trd, 4318410.893, 123
Trd, 4318412.843, 130
Trd, 4318412.943, 123
Trd, 4318413.443, 108
Trd, 4318414.593, 140
Trd, 4318414.643, 139
Trd, 4318415.193, 110
Trd, 4318417.343, 98
Trd, 4318417.493, 97
Trd, 4318418.043, 102
Trd, 4318418.493, 95
Trd, 4318418.893, 92
Trd, 4318419.793, 101
Trd, 4318420.243, 89
Trd, 4318420.343, 117
Trd, 4318420.443, 129
Trd, 4318421.593, 109
Trd, 4318423.343, 108
Trd, 4318423.443, 82
Trd, 4318424.043, 108
Trd, 4318424.193, 112
Trd, 4318424.743, 84
Trd, 4318425.543, 86
Trd, 4318426.043, 86
Trd, 4318426.843, 77
Trd, 4318428.243, 137
Trd, 4318428.743, 83
Trd, 4318428.993, 82
Trd, 4318429.543, 81
Trd, 4318431.143, 99
Trd, 4318431.343, 96
Trd, 4318432.093, 102
Trd, 4318432.943, 80
Trd, 4318433.993, 113
Trd, 4318434.743, 96
Trd, 4318434.893, 91
Trd, 4318436.393, 140
Trd, 4318437.043, 140
Trd, 4318437.843, 140
Trd, 4318438.693, 140
Trd, 4318438.843, 140
Trd, 4318439.843, 140
Trd, 4318439.993, 140
Trd, 4318440.093, 139
Trd, 4318441.493, 129
Trd, 4318443.043, 140
Trd, 4318443.393, 140
Trd, 4318443.643, 115
Trd, 4318445.993, 126
Trd, 4318446.493, 117
Trd, 4318447.143, 120
Trd, 4318447.893, 121
Trd, 4318448.043, 120
Trd, 4318448.293, 79
Trd, 4318449.643, 100
Trd, 4318450.043, 100
Trd, 4318450.193, 99
Trd, 4318450.693, 89
Trd, 4318451.093, 87
Trd, 4318452.293, 83
Trd, 4318452.543, 79
Trd, 4318453.993, 81
Trd, 4318455.343, 104
Trd, 4318456.843, 96
Trd, 4318457.493, 138
Trd, 4318457.793, 130
Trd, 4318458.393, 117
Trd, 4318459.093, 118
Trd, 4318459.293, 110
Trd, 4318460.393, 94
Trd, 4318462.093, 94
Trd, 4318462.143, 110
Trd, 4318464.393, 140
Trd, 4318465.243, 140
Trd, 4318465.693, 140
Trd, 4318465.793, 140
Trd, 4318465.843, 140
Trd, 4318466.693, 128
Trd, 4318466.993, 126
Trd, 4318467.793, 111
Trd, 4318468.893, 140
Trd, 4318469.093, 121
Trd, 4318469.793, 130
Trd, 4318469.943, 87
Trd, 4318471.193, 61
Trd, 4318473.543, 88
Trd, 4318473.593, 87
Trd, 4318474.243, 87
Trd, 4318474.943, 113
Trd, 4318475.843, 140
Trd, 4318476.243, 140
Trd, 4318476.693, 113
Trd, 4318477.993, 60
Trd, 4318478.043, 73
Trd, 4318479.493, 92
Trd, 4318480.543, 80
Trd, 4318481.243, 88
Trd, 4318481.743, 106
Trd, 4318483.243, 95
Trd, 4318483.543, 95
Trd, 4318483.993, 139
Trd, 4318485.193, 113
Trd, 4318485.343, 112
Trd, 4318486.393, 112
Trd, 4318486.843, 112
Trd, 4318486.943, 111
Trd, 4318487.743, 63
Trd, 4318488.943, 63
Trd, 4318489.243, 137
Trd, 4318490.893, 118
Trd, 4318491.043, 117
Trd, 4318493.293, 124
Trd, 4318494.643, 130
Trd, 4318495.193, 131
Trd, 4318495.943, 130
Trd, 4318496.243, 129
Trd, 4318496.493, 101
Trd, 4318496.893, 92
Trd, 4318497.993, 65
Trd, 4318499.193, 140
Trd, 4318499.243, 139
Trd, 4318499.893, 127
Trd, 4318501.343, 77
Trd, 4318502.893, 136
Trd, 4318502.993, 113
Trd, 4318503.143, 78
Trd, 4318503.943, 82
Trd, 4318503.993, 77
Trd, 4318505.043, 77
Trd, 4318505.793, 129
Trd, 4318506.693, 128
Trd, 4318506.793, 125
Trd, 4318507.393, 125
Trd, 4318507.743, 125
Trd, 4318508.093, 105
Trd, 4318510.193, 87
Trd, 4318510.393, 113
Trd, 4318511.393, 111
Trd, 4318511.843, 92
Trd, 4318511.893, 91
Trd, 4318512.593, 89
Trd, 4318512.643, 87
Trd, 4318512.843, 85
Trd, 4318513.093, 84
Trd, 4318513.543, 75
Trd, 4318514.943, 140
Trd, 4318516.093, 127
Trd, 4318516.143, 126
Trd, 4318516.243, 125
Trd, 4318516.293, 68
Trd, 4318518.743, 61
Trd, 4318519.193, 61
Trd, 4318522.443, 65
Trd, 4318523.193, 61
Trd, 4318523.293, 63
Trd, 4318524.093, 63
Trd, 4318525.293, 65
Trd, 4318525.593, 140
Trd, 4318525.843, 64
Trd, 4318526.343, 73
Trd, 4318526.593, 129
Trd, 4318528.493, 125
Trd, 4318529.243, 125
Trd, 4318529.493, 124
Trd, 4318529.643, 122
Trd, 4318530.043, 74
Trd, 4318531.643, 140
Trd, 4318533.743, 91
Trd, 4318535.343, 60
Trd, 4318535.843, 69
Trd, 4318535.943, 82
Trd, 4318536.193, 60
Trd, 4318537.393, 74
Trd, 4318537.543, 83
Trd, 4318537.893, 74
Trd, 4318538.143, 74
Trd, 4318539.493, 81
Trd, 4318539.993, 101
Trd, 4318540.143, 100
Trd, 4318541.793, 122
Trd, 4318542.243, 103
Trd, 4318543.243, 112
Trd, 4318543.293, 102
Trd, 4318544.043, 104
Trd, 4318544.943, 105
Trd, 4318545.543, 103
Trd, 4318546.043, 131
Trd, 4318547.493, 140
Trd, 4318547.543, 140
Trd, 4318548.743, 113
Trd, 4318548.793, 112
Trd, 4318549.793, 108
Trd, 4318550.443, 92
Trd, 4318550.693, 97
Trd, 4318551.243, 81
Trd, 4318552.293, 122
Trd, 4318552.993, 121
Trd, 4318553.043, 114
Trd, 4318554.043, 114
Trd, 4318554.593, 138
Trd, 4318555.593, 140
Trd, 4318555.743, 139
Trd, 4318555.843, 121
Trd, 4318556.393, 118
Trd, 4318557.643, 140
Trd, 4318557.993, 140
Trd, 4318558.593, 134
Trd, 4318558.793, 133
Trd, 4318559.543, 80
Trd, 4318560.743, 137
Trd, 4318561.593, 91
Trd, 4318562.393, 92
Trd, 4318562.993, 99
Trd, 4318563.143, 96
Trd, 4318564.043, 104
Trd, 4318564.193, 106
Trd, 4318564.693, 96
Trd, 4318566.243, 97
Trd, 4318566.793, 96
Trd, 4318567.193, 95
Trd, 4318568.143, 113
Trd, 4318568.543, 84
Trd, 4318568.793, 85
Trd, 4318570.293, 140
Trd, 4318571.543, 140
Trd, 4318571.593, 80
Trd, 4318572.243, 134
Trd, 4318572.593, 107
Trd, 4318573.443, 62
Trd, 4318575.293, 73
Trd, 4318575.493, 64
Trd, 4318575.643, 98
Trd, 4318578.043, 75
Trd, 4318578.693, 82
Trd, 4318579.193, 80
Trd, 4318579.943, 81
Trd, 4318580.093, 90
Trd, 4318580.293, 87
Trd, 4318581.343, 86
Trd, 4318581.743, 86
Trd, 4318581.793, 83
Trd, 4318582.943, 77
Trd, 4318583.343, 62
Trd, 4318584.293, 73
Trd, 4318584.543, 127
Trd, 4318584.993, 88
Trd, 4318586.343, 70
Trd, 4318588.043, 60
Trd, 4318588.393, 62
Trd, 4318590.543, 76
Trd, 4318591.993, 110
Trd, 4318592.793, 84
Trd, 4318593.243, 138
Trd, 4318593.993, 123
Trd, 4318594.543, 125
Trd, 4318595.093, 128
Trd, 4318596.193, 134
Trd, 4318596.693, 131
Trd, 4318597.493, 134
Trd, 4318597.743, 130
Trd, 4318598.493, 94
Trd, 4318598.743, 137
Trd, 4318600.493, 102
Trd, 4318600.743, 84
Trd, 4318600.843, 83
Trd, 4318600.943, 78
Trd, 4318603.993, 61
Trd, 4318604.193, 61
Trd, 4318604.993, 99
Trd, 4318605.393, 72
Trd, 4318605.693, 72
Trd, 4318605.793, 104
Trd, 4318607.393, 74
Trd, 4318608.043, 61
Trd, 4318608.943, 98
Trd, 4318609.143, 110
Trd, 4318610.643, 64
Trd, 4318610.843, 83
Trd, 4318611.893, 73
Trd, 4318612.193, 66
Trd, 4318613.993, 75
Trd, 4318615.093, 63
Trd, 4318616.043, 72
Trd, 4318617.443, 80
Trd, 4318617.543, 101
Trd, 4318617.793, 79
Trd, 4318618.693, 73
Trd, 4318618.943, 73
Trd, 4318619.093, 72
Trd, 4318619.393, 71
Trd, 4318619.893, 60
Trd, 4318622.293, 104
Trd, 4318623.493, 93
Trd, 4318624.243, 93
Trd, 4318625.543, 95
Trd, 4318626.193, 96
Trd, 4318626.793, 96
Trd, 4318627.193, 96
Trd, 4318628.493, 114
Trd, 4318628.643, 94
Trd, 4318629.243, 124
Trd, 4318629.443, 84
Trd, 4318630.293, 125
Trd, 4318630.493, 124
Trd, 4318631.443, 67
Trd, 4318633.743, 82
Trd, 4318634.293, 81
Trd, 4318634.493, 83
Trd, 4318634.993, 103
Trd, 4318635.193, 100
Trd, 4318637.993, 62
Trd, 4318638.843, 64
Trd, 4318639.793, 61
Trd, 4318640.643, 64
Trd, 4318642.243, 60
Trd, 4318642.693, 64
Trd, 4318643.093, 86
Trd, 4318643.893, 100
Trd, 4318644.993, 139
Trd, 4318645.643, 117
Trd, 4318646.493, 121
Trd, 4318646.793, 119
Trd, 4318647.943, 121
Trd, 4318648.693, 136
Trd, 4318648.743, 135
Trd, 4318649.643, 124
Trd, 4318650.693, 120
Trd, 4318651.593, 139
Trd, 4318652.043, 114
Trd, 4318652.343, 113
Trd, 4318652.893, 124
Trd, 4318654.143, 109
Trd, 4318654.893, 108
Trd, 4318655.493, 91
Trd, 4318656.143, 140
Trd, 4318657.243, 140
Trd, 4318659.043, 108
Trd, 4318659.793, 99
Trd, 4318659.893, 98
Trd, 4318659.943, 97
Trd, 4318660.293, 91
Trd, 4318664.143, 64
Trd, 4318664.643, 66
Trd, 4318664.793, 77
Trd, 4318665.093, 60
Trd, 4318665.793, 70
Trd, 4318666.093, 63
Trd, 4318666.493, 84
Trd, 4318666.993, 60
Trd, 4318668.693, 85
Trd, 4318670.293, 65
Trd, 4318671.093, 67
Trd, 4318672.443, 140
Trd, 4318672.593, 140
Trd, 4318672.693, 140
Trd, 4318674.193, 140
Trd, 4318674.843, 140
Trd, 4318674.893, 140
Trd, 4318675.543, 140
Trd, 4318675.593, 140
Trd, 4318676.093, 122
Trd, 4318678.343, 138
Trd, 4318679.043, 107
Trd, 4318679.893, 104
Trd, 4318680.193, 107
Trd, 4318680.743, 133
Trd, 4318681.193, 134
Trd, 4318681.643, 140
Trd, 4318683.043, 140
Trd, 4318683.343, 140
Trd, 4318683.393, 140
Trd, 4318684.043, 129
Trd, 4318684.443, 123
Trd, 4318685.143, 121
Trd, 4318685.843, 120
Trd, 4318686.043, 105
Trd, 4318686.193, 81
Trd, 4318687.993, 132
Trd, 4318688.093, 131
Trd, 4318688.343, 124
Trd, 4318688.793, 140
Trd, 4318689.143, 60
Trd, 4318690.793, 75
Trd, 4318692.143, 69
Trd, 4318692.793, 83
Trd, 4318693.993, 85
Trd, 4318694.043, 84
Trd, 4318694.343, 84
Trd, 4318694.393, 109
Trd, 4318694.943, 83
Trd, 4318696.593, 126
Trd, 4318697.143, 121
Trd, 4318697.293, 119
Trd, 4318698.793, 126
Trd, 4318698.893, 125
Trd, 4318698.993, 104
Trd, 4318699.443, 121
Trd, 4318699.893, 92
Trd, 4318701.843, 67
Trd, 4318702.743, 115
Trd, 4318703.993, 88
Trd, 4318704.793, 90
Trd, 4318705.243, 91
Trd, 4318705.493, 90
Trd, 4318706.293, 77
Trd, 4318706.593, 76
Trd, 4318706.643, 78
Trd, 4318709.793, 61
Trd, 4318709.893, 61
Trd, 4318711.193, 63
Trd, 4318711.443, 74
Trd, 4318713.593, 102
Trd, 4318713.843, 73
Trd, 4318714.293, 102
Trd, 4318714.443, 76
Trd, 4318714.543, 74
Trd, 4318714.943, 73
Trd, 4318715.843, 75
Trd, 4318716.393, 112
Trd, 4318717.093, 135
Trd, 4318717.793, 108
Trd, 4318717.993, 135
Trd, 4318719.443, 112
Trd, 4318719.693, 111
Trd, 4318720.043, 110
Trd, 4318720.593, 108
Trd, 4318721.693, 104
Trd, 4318722.043, 108
Trd, 4318722.893, 135
Trd, 4318724.093, 103
Trd, 4318724.643, 99
Trd, 4318725.043, 98
Trd, 4318725.843, 73
Trd, 4318726.593, 85
Trd, 4318727.543, 69
Trd, 4318727.743, 70
Trd, 4318728.443, 128
Trd, 4318728.693, 120
Trd, 4318729.143, 139
Trd, 4318729.743, 118
Trd, 4318730.543, 117
Trd, 4318731.893, 116
Trd, 4318733.093, 103
Trd, 4318733.743, 139
Trd, 4318734.143, 96
Trd, 4318734.393, 95
Trd, 4318734.593, 93
Trd, 4318735.993, 60
Trd, 4318737.543, 61
Trd, 4318737.693, 83
Trd, 4318738.293, 69
Trd, 4318739.443, 63
Trd, 4318739.493, 62
Trd, 4318740.943, 100
Trd, 4318741.093, 87
Trd, 4318742.143, 89
Trd, 4318742.543, 88
Trd, 4318744.843, 103
Trd, 4318745.093, 128
Trd, 4318745.343, 83
Trd, 4318746.293, 104
Trd, 4318746.493, 104
Trd, 4318747.493, 130
Trd, 4318747.643, 118
Trd, 4318748.143, 118
Trd, 4318749.343, 120
Trd, 4318749.393, 119
Trd, 4318750.093, 102
Trd, 4318751.493, 101
Trd, 4318751.693, 122
Trd, 4318752.043, 92
Trd, 4318752.493, 137
Trd, 4318754.143, 69
Trd, 4318755.693, 136
Trd, 4318756.693, 91
Trd, 4318756.893, 90
Trd, 4318756.993, 92
Trd, 4318757.593, 89
Trd, 4318758.393, 84
Trd, 4318758.443, 83
Trd, 4318759.493, 84
Trd, 4318760.243, 92
Trd, 4318760.993, 134
Trd, 4318761.343, 122
Trd, 4318761.943, 89
Trd, 4318762.643, 86
Trd, 4318763.393, 76
Trd, 4318763.693, 60
Trd, 4318767.143, 75
Trd, 4318767.293, 62
Trd, 4318767.893, 76
Trd, 4318767.993, 63
Trd, 4318768.093, 81
Trd, 4318768.293, 86
Trd, 4318771.443, 89
Trd, 4318771.943, 66
Trd, 4318772.943, 86
Trd, 4318773.693, 89
Trd, 4318773.943, 88
Trd, 4318774.443, 86
Trd, 4318775.243, 118
Trd, 4318775.293, 70
Trd, 4318775.393, 123
Trd, 4318776.843, 60
Trd, 4318777.843, 61
Trd, 4318778.193, 61
Trd, 4318780.743, 71
Trd, 4318781.243, 74
Trd, 4318781.543, 71
Trd, 4318781.793, 73
Trd, 4318782.243, 71
Trd, 4318782.643, 100
Trd, 4318783.993, 107
Trd, 4318784.493, 98
Trd, 4318784.543, 97
Trd, 4318784.793, 97
Trd, 4318786.293, 126
Trd, 4318786.343, 122
Trd, 4318786.593, 101
Trd, 4318786.843, 115
Trd, 4318787.043, 81
Trd, 4318788.543, 126
Trd, 4318789.143, 111
Trd, 4318789.993, 140
Trd, 4318790.743, 113
Trd, 4318790.793, 112
Trd, 4318791.743, 112
Trd, 4318792.143, 111
Trd, 4318794.143, 114
Trd, 4318794.243, 112
Trd, 4318794.893, 133
Trd, 4318795.743, 110
Trd, 4318795.793, 100
Trd, 4318796.093, 84
Trd, 4318796.443, 76
Trd, 4318797.843, 83
Trd, 4318799.543, 131
Trd, 4318799.643, 131
Trd, 4318800.093, 131
Trd, 4318800.743, 130
Trd, 4318802.193, 140
Trd, 4318802.543, 130
Trd, 4318803.193, 110
Trd, 4318803.293, 109
Trd, 4318803.343, 107
Trd, 4318805.143, 140
Trd, 4318805.243, 138
Trd, 4318805.993, 88
Trd, 4318807.493, 132
Trd, 4318808.293, 132
Trd, 4318808.643, 132
Trd, 4318809.893, 139
Trd, 4318810.993, 134
Trd, 4318811.493, 132
Trd, 4318811.593, 127
Trd, 4318812.793, 85
Trd, 4318812.943, 115
Trd, 4318813.493, 96
Trd, 4318814.193, 112
Trd, 4318814.243, 111
Trd, 4318815.293, 88
Trd, 4318816.843, 92
Trd, 4318817.943, 108
Trd, 4318819.043, 99
Trd, 4318819.593, 108
Trd, 4318819.743, 97
Trd, 4318820.243, 92
Trd, 4318820.893, 64
Trd, 4318823.193, 94
Trd, 4318823.393, 93
Trd, 4318823.993, 140
Trd, 4318824.343, 140
Trd, 4318825.593, 127
Trd, 4318825.643, 125
Trd, 4318826.943, 113
Trd, 4318828.893, 112
Trd, 4318829.793, 109
Trd, 4318830.243, 109
Trd, 4318831.593, 139
Trd, 4318831.993, 138
Trd, 4318832.243, 116
Trd, 4318832.693, 109
Trd, 4318833.693, 105
Trd, 4318834.443, 140
Trd, 4318834.643, 140
Trd, 4318834.743, 140
Trd, 4318834.793, 121
Trd, 4318835.393, 72
Trd, 4318835.893, 108
Trd, 4318838.693, 91
Trd, 4318839.493, 71
Trd, 4318840.043, 68
Trd, 4318840.593, 65
Trd, 4318840.743, 86
Trd, 4318842.093, 103
Trd, 4318843.593, 139
Trd, 4318844.593, 140
Trd, 4318845.043, 140
Trd, 4318845.143, 140
Trd, 4318845.843, 140
Trd, 4318846.843, 140
Trd, 4318847.593, 140
Trd, 4318850.343, 139
Trd, 4318850.893, 140
Trd, 4318851.143, 140
Trd, 4318851.343, 140
Trd, 4318851.543, 140
Trd, 4318851.993, 139
Trd, 4318852.543, 119
Trd, 4318853.543, 86
Trd, 4318854.443, 85
Trd, 4318855.843, 74
Trd, 4318856.843, 108
Trd, 4318857.243, 82
Trd, 4318857.343, 81
Trd, 4318858.493, 111
Trd, 4318859.343, 113
Trd, 4318860.743, 122
Trd, 4318861.443, 101
Trd, 4318861.693, 123
Trd, 4318861.743, 97
Trd, 4318863.943, 101
Trd, 4318863.993, 100
Trd, 4318864.293, 102
Trd, 4318864.443, 120
Trd, 4318865.243, 137
Trd, 4318865.593, 137
Trd, 4318866.193, 136
Trd, 4318866.643, 90
Trd, 4318867.393, 124
Trd, 4318868.343, 85
Trd, 4318869.343, 82
Trd, 4318870.093, 74
Trd, 4318870.193, 70
Trd, 4318870.293, 96
Trd, 4318870.693, 96
Trd, 4318872.093, 101
Trd, 4318873.443, 111
Trd, 4318873.593, 138
Trd, 4318873.843, 102
Trd, 4318875.243, 99
Trd, 4318875.843, 99
Trd, 4318876.143, 99
Trd, 4318876.443, 97
Trd, 4318878.743, 100
Trd, 4318878.793, 98
Trd, 4318878.893, 79
Trd, 4318881.093, 62
Trd, 4318881.843, 68
Trd, 4318881.943, 72
Trd, 4318882.143, 85
Trd, 4318883.093, 122
Trd, 4318885.093, 62
Trd, 4318886.293, 95
Trd, 4318886.343, 66
Trd, 4318887.293, 108
Trd, 4318887.593, 66
Trd, 4318888.643, 72
Trd, 4318888.843, 68
Trd, 4318889.993, 86
Trd, 4318890.893, 74
Trd, 4318891.043, 93
Trd, 4318891.143, 68
Trd, 4318891.493, 106
Trd, 4318893.393, 140
Trd, 4318894.743, 140
Trd, 4318895.193, 140
Trd, 4318895.293, 140
Trd, 4318895.543, 140
Trd, 4318896.393, 140
Trd, 4318897.093, 138
Trd, 4318897.543, 120
Trd, 4318899.043, 108
Trd, 4318899.493, 116
Trd, 4318900.043, 106
Trd, 4318900.543, 66
Trd, 4318902.893, 67
Trd, 4318903.743, 70
Trd, 4318903.843, 72
Trd, 4318905.143, 71
Trd, 4318905.293, 68
Trd, 4318905.393, 96
Trd, 4318907.743, 95
Trd, 4318907.793, 65
Trd, 4318908.643, 69
Trd, 4318909.343, 119
Trd, 4318909.943, 72
Trd, 4318910.693, 73
Trd, 4318910.993, 63
Trd, 4318912.643, 91
Trd, 4318913.543, 95
Trd, 4318913.943, 95
Trd, 4318914.493, 95
Trd, 4318915.793, 104
Trd, 4318916.043, 93
Trd, 4318916.843, 88
Trd, 4318917.643, 136
Trd, 4318917.993, 87
Trd, 4318919.043, 87
Trd, 4318919.093, 109
Trd, 4318919.293, 80
Trd, 4318920.793, 65
Trd, 4318921.093, 62
Trd, 4318923.943, 60
Trd, 4318925.093, 80
Trd, 4318925.493, 72
Trd, 4318925.793, 86
Trd, 4318926.393, 103
Trd, 4318926.443, 75
Trd, 4318926.843, 77
Trd, 4318928.693, 138
Trd, 4318928.893, 137
Trd, 4318929.193, 135
Trd, 4318929.843, 76
Trd, 4318930.943, 91
Trd, 4318931.293, 129
Trd, 4318931.843, 136
Trd, 4318932.893, 63
Trd, 4318933.193, 66
Trd, 4318934.793, 78
Trd, 4318935.443, 140
Trd, 4318935.943, 140
Trd, 4318937.493, 138
Trd, 4318938.143, 78
Trd, 4318938.793, 83
Trd, 4318939.393, 81
Trd, 4318940.343, 81
Trd, 4318941.093, 114
Trd, 4318941.243, 113
Trd, 4318941.643, 113
Trd, 4318942.643, 122
Trd, 4318942.693, 108
Trd, 4318943.343, 138
Trd, 4318943.993, 71
Trd, 4318944.793, 127
Trd, 4318947.143, 63
Trd, 4318948.743, 66
Trd, 4318948.893, 66
Trd, 4318949.293, 68
Trd, 4318950.693, 112
Trd, 4318951.093, 110
Trd, 4318952.143, 61
Trd, 4318953.243, 61
Trd, 4318953.593, 62
Trd, 4318954.393, 62
Trd, 4318955.643, 78
Trd, 4318956.143, 89
Trd, 4318956.193, 112
Trd, 4318956.293, 89
Trd, 4318957.593, 93
Trd, 4318958.243, 140
Trd, 4318959.743, 108
Trd, 4318959.993, 96
Trd, 4318960.493, 97
Trd, 4318961.443, 119
Trd, 4318961.593, 118
Trd, 4318961.743, 88
Trd, 4318961.943, 73
Trd, 4318962.193, 74
Trd, 4318962.693, 66
Trd, 4318963.843, 140
Trd, 4318964.343, 132
Trd, 4318965.593, 89
Trd, 4318965.643, 88
Trd, 4318966.893, 72
Trd, 4318968.393, 71
Trd, 4318970.243, 140
Trd, 4318970.293, 94
Trd, 4318970.643, 96
Trd, 4318972.043, 128
Trd, 4318972.443, 109
Trd, 4318973.493, 104
Trd, 4318973.943, 105
Trd, 4318974.643, 140
Trd, 4318974.993, 107
Trd, 4318975.543, 106
Trd, 4318977.093, 90
Trd, 4318977.243, 97
Trd, 4318977.993, 102
Trd, 4318978.693, 77
Trd, 4318979.043, 139
Trd, 4318979.843, 84
Trd, 4318980.993, 96
Trd, 4318981.943, 129
Trd, 4318982.193, 96
Trd, 4318982.843, 116
Trd, 4318982.943, 97
Trd, 4318983.293, 91
Trd, 4318985.493, 80
Trd, 4318985.943, 75
Trd, 4318987.043, 114
Trd, 4318987.193, 74
Trd, 4318987.243, 65
Trd, 4318987.643, 108
Trd, 4318987.893, 82
Trd, 4318988.993, 114
Trd, 4318989.943, 90
Trd, 4318990.793, 60
Trd, 4318991.193, 134
Trd, 4318994.343, 65
Trd, 4318994.743, 66
Trd, 4318995.593, 62
Trd, 4318996.043, 94
Trd, 4318997.393, 69
Trd, 4318997.743, 71
Trd, 4318998.843, 127
Trd, 4318999.493, 74
Trd, 4319000.193, 73
Trd, 4319000.343, 101
Trd, 4319001.243, 73
Trd, 4319003.143, 74
Trd, 4319003.743, 89
Trd, 4319004.143, 78
Trd, 4319004.293, 78
Trd, 4319005.093, 137
Trd, 4319005.693, 90
Trd, 4319006.293, 76
Trd, 4319008.493, 91
Trd, 4319009.593, 79
Trd, 4319009.743, 78
Trd, 4319009.843, 76
Trd, 4319010.343, 74
Trd, 4319011.893, 61
Trd, 4319012.043, 73
Trd, 4319012.493, 92
Trd, 4319012.743, 78
Trd, 4319013.343, 80
Trd, 4319016.043, 68
Trd, 4319016.293, 67
Trd, 4319016.593, 72
Trd, 4319018.193, 84
Trd, 4319018.993, 85
Trd, 4319019.043, 86
Trd, 4319020.093, 106
Trd, 4319020.493, 86
Trd, 4319020.843, 85
Trd, 4319022.593, 91
Trd, 4319022.793, 90
Trd, 4319022.993, 90
Trd, 4319023.493, 122
Trd, 4319023.843, 93
Trd, 4319025.043, 126
Trd, 4319025.293, 85
Trd, 4319026.143, 108
Trd, 4319026.643, 109
Trd, 4319028.693, 106
Trd, 4319028.993, 100
Trd, 4319029.393, 85
Trd, 4319030.043, 97
Trd, 4319030.193, 96
Trd, 4319030.493, 127
Trd, 4319032.543, 140
Trd, 4319032.993, 140
Trd, 4319034.293, 139
Trd, 4319035.093, 140
Trd, 4319036.343, 140
Trd, 4319036.393, 139
Trd, 4319036.943, 116
Trd, 4319037.593, 107
Trd, 4319037.743, 106
Trd, 4319037.843, 134
Trd, 4319039.493, 140
Trd, 4319039.993, 140
Trd, 4319040.043, 139
Trd, 4319041.493, 128
Trd, 4319042.143, 135
Trd, 4319043.293, 132
Trd, 4319043.793, 131
Trd, 4319043.943, 128
Trd, 4319044.493, 113
Trd, 4319044.593, 65
Trd, 4319045.893, 80
Trd, 4319046.893, 78
Trd, 4319047.043, 75
Trd, 4319048.343, 140
Trd, 4319048.693, 140
Trd, 4319048.743, 140
Trd, 4319049.793, 126
Trd, 4319051.243, 128
Trd, 4319052.943, 131
Trd, 4319053.043, 130
Trd, 4319053.093, 129
Trd, 4319053.143, 117
Trd, 4319054.193, 89
Trd, 4319054.843, 138
Trd, 4319056.943, 95
Trd, 4319057.293, 103
Trd, 4319057.643, 101
Trd, 4319057.943, 91
Trd, 4319060.093, 64
Trd, 4319060.593, 140
Trd, 4319061.593, 99
Trd, 4319061.943, 64
Trd, 4319062.793, 118
Trd, 4319063.643, 82
Trd, 4319065.693, 84
Trd, 4319065.793, 82
Trd, 4319066.393, 92
Trd, 4319067.393, 81
Trd, 4319067.493, 79
Trd, 4319068.043, 104
Trd, 4319068.993, 140
Trd, 4319069.893, 140
Trd, 4319070.343, 139
Trd, 4319071.593, 134
Trd, 4319072.593, 135
Trd, 4319073.193, 140
Trd, 4319073.643, 134
Trd, 4319073.743, 132
Trd, 4319074.293, 118
Trd, 4319074.943, 118
Trd, 4319075.043, 103
Trd, 4319075.393, 90
Trd, 4319075.643, 81
Trd, 4319078.143, 140
Trd, 4319079.193, 140
Trd, 4319079.793, 140
Trd, 4319079.993, 139
Trd, 4319080.243, 135
Trd, 4319080.393, 134
Trd, 4319081.293, 127
Trd, 4319081.693, 123
Trd, 4319083.493, 94
Trd, 4319083.593, 116
Trd, 4319083.643, 74
Trd, 4319085.193, 140
Trd, 4319085.393, 139
Trd, 4319085.743, 60
Trd, 4319087.843, 60
Trd, 4319088.943, 81
Trd, 4319089.593, 82
Trd, 4319090.843, 97
Trd, 4319091.293, 85
Trd, 4319091.843, 133
Trd, 4319092.093, 133
Trd, 4319092.143, 132
Trd, 4319092.293, 129
Trd, 4319092.493, 96
Trd, 4319092.893, 139
Trd, 4319093.193, 85
Trd, 4319096.343, 140
Trd, 4319096.593, 140
Trd, 4319097.093, 140
Trd, 4319097.143, 140
Trd, 4319097.493, 140
Trd, 4319098.993, 140
Trd, 4319099.043, 140
Trd, 4319099.093, 123
Trd, 4319100.393, 137
Trd, 4319101.193, 140
Trd, 4319101.343, 138
Trd, 4319103.093, 127
Trd, 4319103.143, 124
Trd, 4319104.093, 69
Trd, 4319105.143, 60
Trd, 4319105.543, 61
Trd, 4319107.643, 68
Trd, 4319109.393, 90
Trd, 4319109.943, 111
Trd, 4319110.143, 106
Trd, 4319110.193, 105
Trd, 4319110.393, 75
Trd, 4319112.143, 85
Trd, 4319112.343, 84
Trd, 4319112.593, 84
Trd, 4319113.643, 85
Trd, 4319114.193, 95
Trd, 4319114.493, 139
Trd, 4319114.843, 105
Trd, 4319115.543, 96
Trd, 4319116.293, 91
Trd, 4319117.593, 96
Trd, 4319117.943, 67
Trd, 4319119.493, 92
Trd, 4319120.243, 71
Trd, 4319123.493, 86
Trd, 4319124.393, 87
Trd, 4319124.493, 86
Trd, 4319124.593, 86
Trd, 4319124.693, 85
Trd, 4319125.293, 95
Trd, 4319126.243, 92
Trd, 4319127.943, 60
Trd, 4319129.043, 62
Trd, 4319129.643, 68
Trd, 4319130.543, 71
Trd, 4319131.243, 70
Trd, 4319131.593, 78
Trd, 4319131.843, 80
Trd, 4319132.343, 96
Trd, 4319132.543, 96
Trd, 4319132.743, 95
Trd, 4319133.543, 73
Trd, 4319133.693, 72
Trd, 4319133.743, 120
Trd, 4319135.093, 97
Trd, 4319136.243, 136
Trd, 4319136.743, 103
Trd, 4319137.543, 126
Trd, 4319137.693, 124
Trd, 4319138.743, 104
Trd, 4319139.243, 124
Trd, 4319140.343, 134
Trd, 4319140.743, 133
Trd, 4319142.193, 140
Trd, 4319142.443, 140
Trd, 4319143.293, 98
Trd, 4319144.243, 92
Trd, 4319145.593, 129
Trd, 4319146.643, 64
Trd, 4319147.193, 60
Trd, 4319147.343, 89
Trd, 4319148.243, 105
Trd, 4319148.743, 89
Trd, 4319150.593, 60
Trd, 4319152.093, 71
Trd, 4319152.793, 140
Trd, 4319153.343, 140
Trd, 4319153.643, 140
Trd, 4319154.093, 140
Trd, 4319154.143, 140
Trd, 4319155.193, 124
Trd, 4319157.093, 114
Trd, 4319157.293, 113
Trd, 4319157.343, 113
Trd, 4319157.593, 106
Trd, 4319158.393, 105
Trd, 4319158.793, 102
Trd, 4319161.093, 140
Trd, 4319161.193, 140
Trd, 4319161.443, 130
Trd, 4319161.993, 133
Trd, 4319162.593, 101
Trd, 4319163.593, 67
Trd, 4319164.193, 93
Trd, 4319165.143, 61
Trd, 4319165.693, 71
Trd, 4319168.093, 109
Trd, 4319168.443, 108
Trd, 4319169.543, 140
Trd, 4319169.843, 140
Trd, 4319171.593, 140
Trd, 4319171.893, 140
Trd, 4319172.143, 107
Trd, 4319173.843, 60
Trd, 4319173.993, 61
Trd, 4319174.543, 64
Trd, 4319175.643, 78
Trd, 4319177.393, 69
Trd, 4319177.493, 66
Trd, 4319178.093, 74
Trd, 4319178.293, 139
Trd, 4319178.593, 97
Trd, 4319180.543, 78
Trd, 4319181.043, 77
Trd, 4319181.243, 72
Trd, 4319181.693, 102
Trd, 4319184.143, 63
Trd, 4319184.243, 68
Trd, 4319184.693, 64
Trd, 4319184.893, 140
Trd, 4319185.943, 69
Trd, 4319185.993, 68
Trd, 4319186.693, 66
Trd, 4319187.343, 68
Trd, 4319189.543, 106
Trd, 4319190.143, 91
Trd, 4319190.593, 74
Trd, 4319190.993, 86
Trd, 4319191.843, 83
Trd, 4319192.593, 88
Trd, 4319193.243, 87
Trd, 4319193.693, 126
Trd, 4319194.293, 114
Trd, 4319195.943, 119
Trd, 4319197.293, 121
Trd, 4319197.743, 121
Trd, 4319198.143, 122
Trd, 4319198.643, 121
Trd, 4319199.643, 140
Trd, 4319200.493, 126
Trd, 4319200.643, 110
Trd, 4319201.243, 99
Trd, 4319202.593, 109
Trd, 4319203.243, 106
Trd, 4319203.993, 122
Trd, 4319205.043, 140
Trd, 4319205.443, 125
Trd, 4319205.593, 124
Trd, 4319206.893, 103
Trd, 4319206.993, 96
Trd, 4319207.193, 72
Trd, 4319207.943, 101
Trd, 4319208.393, 80
Trd, 4319209.793, 68
Trd, 4319209.993, 66
Trd, 4319210.643, 72
Trd, 4319211.893, 135
Trd, 4319212.393, 122
Trd, 4319213.143, 123
Trd, 4319213.543, 129
Trd, 4319214.293, 139
Trd, 4319215.493, 131
Trd, 4319216.193, 113
Trd, 4319216.743, 112
Trd, 4319217.243, 108
Trd, 4319218.043, 113
Trd, 4319218.443, 132
Trd, 4319218.593, 108
Trd, 4319219.393, 109
Trd, 4319219.443, 108
Trd, 4319220.693, 93
Trd, 4319223.343, 61
Trd, 4319223.493, 61
Trd, 4319225.143, 64
Trd, 4319226.643, 69
Trd, 4319227.543, 123
Trd, 4319227.843, 124
Trd, 4319227.943, 95
Trd, 4319228.543, 123
Trd, 4319228.743, 122
Trd, 4319230.393, 140
Trd, 4319230.643, 139
Trd, 4319231.593, 134
Trd, 4319232.443, 134
Trd, 4319233.693, 133
Trd, 4319233.943, 123
Trd, 4319234.043, 109
Trd, 4319234.643, 113
Trd, 4319235.743, 60
Trd, 4319236.593, 140
Trd, 4319237.593, 80
Trd, 4319238.293, 60
Trd, 4319238.893, 61
Trd, 4319239.093, 63
Trd, 4319241.093, 88
Trd, 4319241.893, 90
Trd, 4319242.193, 103
Trd, 4319242.893, 90
Trd, 4319243.193, 90
Trd, 4319243.243, 93
Trd, 4319243.693, 90
Trd, 4319243.793, 84
Trd, 4319245.393, 123
Trd, 4319245.793, 98
Trd, 4319246.093, 97
Trd, 4319247.293, 97
Trd, 4319248.193, 99
Trd, 4319248.293, 96
Trd, 4319248.443, 109
Trd, 4319250.093, 82
Trd, 4319251.643, 140
Trd, 4319252.093, 140
Trd, 4319252.593, 140
Trd, 4319252.743, 123
Trd, 4319252.893, 86
Trd, 4319253.143, 81
Trd, 4319254.543, 62
Trd, 4319255.293, 139
Trd, 4319255.693, 139
Trd, 4319257.193, 140
Trd, 4319257.843, 140
Trd, 4319258.393, 140
Trd, 4319259.843, 140
Trd, 4319260.693, 140
Trd, 4319261.043, 139
Trd, 4319261.443, 127
Trd, 4319263.443, 130
Trd, 4319264.143, 130
Trd, 4319264.443, 130
Trd, 4319264.743, 117
Trd, 4319264.943, 81
Trd, 4319265.843, 138
Trd, 4319265.993, 137
Trd, 4319266.743, 122
Trd, 4319267.293, 121
Trd, 4319268.043, 139
Trd, 4319269.543, 127
Trd, 4319270.693, 129
Trd, 4319270.793, 128
Trd, 4319271.043, 131
Trd, 4319272.143, 134
Trd, 4319272.493, 133
Trd, 4319274.143, 140
Trd, 4319274.293, 139
Trd, 4319274.543, 127
Trd, 4319274.743, 92
Trd, 4319276.393, 65
Trd, 4319278.943, 64
Trd, 4319279.543, 65
Trd, 4319279.993, 92
Trd, 4319280.343, 68
Trd, 4319280.443, 120
Trd, 4319283.193, 93
Trd, 4319284.193, 96
Trd, 4319284.393, 96
Trd, 4319284.643, 95
Trd, 4319285.543, 95
Trd, 4319285.643, 94
Trd, 4319286.543, 95
Trd, 4319287.443, 84
Trd, 4319287.493, 81
Trd, 4319287.743, 115
Trd, 4319288.393, 114
Trd, 4319288.543, 92
Trd, 4319289.093, 99
Trd, 4319290.193, 63
Trd, 4319290.893, 66
Trd, 4319291.843, 140
Trd, 4319294.393, 140
Trd, 4319294.593, 140
Trd, 4319295.493, 140
Trd, 4319295.643, 140
Trd, 4319296.443, 140
Trd, 4319296.843, 97
Trd, 4319296.943, 87
Trd, 4319297.793, 102
Trd, 4319298.793, 93
Trd, 4319299.993, 78
Trd, 4319300.293, 137
Trd, 4319301.493, 80
Trd, 4319301.743, 80
Trd, 4319302.843, 82
Trd, 4319303.493, 123
Trd, 4319303.543, 109
Trd, 4319304.543, 82
Trd, 4319304.793, 82
Trd, 4319305.193, 82
Trd, 4319306.043, 140
Trd, 4319306.993, 140
Trd, 4319307.193, 140
Trd, 4319308.393, 88
Trd, 4319308.793, 93
Trd, 4319308.893, 75
Trd, 4319309.493, 133
Trd, 4319310.593, 113
Trd, 4319310.693, 134
Trd, 4319311.743, 113
Trd, 4319311.893, 112
Trd, 4319312.143, 112
Trd, 4319312.793, 140
Trd, 4319313.043, 139
Trd, 4319313.843, 139
Trd, 4319314.293, 111
Trd, 4319315.393, 110
Trd, 4319316.093, 73
Trd, 4319317.043, 100
Trd, 4319317.193, 107
Trd, 4319317.893, 107
Trd, 4319318.043, 100
Trd, 4319318.693, 86
Trd, 4319319.393, 140
Trd, 4319319.693, 138
Trd, 4319319.943, 86
Trd, 4319320.893, 102
Trd, 4319322.343, 119
Trd, 4319322.943, 119
Trd, 4319323.543, 140
Trd, 4319323.643, 125
Trd, 4319323.693, 118
Trd, 4319325.693, 124
Trd, 4319325.843, 124
Trd, 4319326.593, 123
Trd, 4319328.043, 124
Trd, 4319328.743, 123
Trd, 4319329.293, 112
Trd, 4319329.943, 61
Trd, 4319330.793, 62
Trd, 4319330.993, 66
Trd, 4319331.193, 67
Trd, 4319332.943, 140
Trd, 4319334.543, 140
Trd, 4319336.143, 140
Trd, 4319336.493, 140
Trd, 4319337.293, 140
Trd, 4319337.343, 140
Trd, 4319337.393, 140
Trd, 4319338.343, 119
Trd, 4319339.893, 140
Trd, 4319340.043, 139
Trd, 4319340.943, 120
Trd, 4319341.343, 119
Trd, 4319343.043, 132
Trd, 4319343.343, 132
Trd, 4319343.493, 130
Trd, 4319344.193, 119
Trd, 4319344.943, 139
Trd, 4319345.893, 125
Trd, 4319347.243, 129
Trd, 4319347.393, 128
Trd, 4319348.393, 119
Trd, 4319349.093, 119
Trd, 4319349.793, 110
Trd, 4319350.993, 112
Trd, 4319351.143, 121
Trd, 4319351.493, 118
Trd, 4319351.693, 110
Trd, 4319353.243, 80
Trd, 4319353.493, 79
Trd, 4319353.693, 76
Trd, 4319354.243, 137
Trd, 4319355.143, 124
Trd, 4319355.243, 139
Trd, 4319356.543, 67
Trd, 4319358.643, 68
Trd, 4319359.643, 71
Trd, 4319359.693, 127
Trd, 4319361.343, 140
Trd, 4319361.493, 139
Trd, 4319361.793, 80
Trd, 4319362.793, 82
Trd, 4319362.993, 82
Trd, 4319364.343, 87
Trd, 4319365.343, 77
Trd, 4319367.043, 82
Trd, 4319367.593, 134
Trd, 4319368.293, 62
Trd, 4319369.043, 68
Trd, 4319369.743, 84
Trd, 4319370.493, 91
Trd, 4319371.093, 138
Trd, 4319373.093, 81
Trd, 4319373.593, 87
Trd, 4319374.493, 89
Trd, 4319374.993, 88
Trd, 4319375.893, 137
Trd, 4319377.093, 95
Trd, 4319377.843, 123
Trd, 4319378.193, 122
Trd, 4319379.093, 117
Trd, 4319380.093, 113
Trd, 4319380.893, 111
Trd, 4319381.943, 98
Trd, 4319381.993, 90
Trd, 4319383.593, 75
Trd, 4319383.893, 122
Trd, 4319384.343, 109
Trd, 4319385.243, 121
Trd, 4319385.693, 120
Trd, 4319386.043, 107
Trd, 4319387.293, 97
Trd, 4319387.643, 97
Trd, 4319387.943, 96
Trd, 4319387.993, 94
Trd, 4319388.993, 97
Trd, 4319390.043, 92
Trd, 4319391.043, 67
Trd, 4319391.343, 83
Trd, 4319393.343, 61
Trd, 4319393.393, 62
Trd, 4319393.943, 84
Trd, 4319394.143, 84
Trd, 4319394.993, 96
Trd, 4319395.993, 97
Trd, 4319396.093, 116
Trd, 4319397.843, 99
Trd, 4319398.243, 99
Trd, 4319398.443, 98
Trd, 4319400.093, 104
Trd, 4319400.193, 110
Trd, 4319401.393, 76
Trd, 4319401.593, 89
Trd, 4319402.993, 62
Trd, 4319403.393, 66
Trd, 4319403.943, 73
Trd, 4319404.293, 64
Trd, 4319405.143, 69
Trd, 4319405.993, 67
Trd, 4319406.393, 69
Trd, 4319407.393, 80
Trd, 4319408.843, 93
Trd, 4319409.343, 95
Trd, 4319409.443, 140
Trd, 4319410.093, 100
Trd, 4319410.643, 79
Trd, 4319411.043, 60
Trd, 4319412.143, 100
Trd, 4319413.793, 88
Trd, 4319413.943, 81
Trd, 4319414.043, 79
Trd, 4319414.743, 77
Trd, 4319415.393, 73
Trd, 4319416.693, 84
Trd, 4319416.743, 79
Trd, 4319417.093, 79
Trd, 4319418.093, 128
Trd, 4319419.493, 140
Trd, 4319419.793, 140
Trd, 4319419.943, 140
Trd, 4319419.993, 140
Trd, 4319421.693, 140
Trd, 4319422.993, 135
Trd, 4319423.893, 138
Trd, 4319425.393, 139
Trd, 4319425.743, 139
Trd, 4319426.193, 127
Trd, 4319426.993, 123
Trd, 4319428.143, 140
Trd, 4319428.393, 140
Trd, 4319428.543, 68
Trd, 4319429.843, 60
Trd, 4319430.343, 62
Trd, 4319430.743, 60
Trd, 4319431.293, 98
Trd, 4319435.293, 60
Trd, 4319435.643, 66
Trd, 4319436.393, 80
Trd, 4319436.943, 70
Trd, 4319437.593, 71
Trd, 4319438.443, 65
Trd, 4319439.593, 66
Trd, 4319440.193, 107
Trd, 4319440.643, 106
Trd, 4319441.293, 140
Trd, 4319442.193, 140
Trd, 4319442.793, 140
Trd, 4319443.793, 140
Trd, 4319443.843, 140
Trd, 4319444.793, 140
Trd, 4319444.943, 137
Trd, 4319445.843, 114
Trd, 4319446.443, 140
Trd, 4319446.843, 135
Trd, 4319448.293, 134
Trd, 4319448.593, 86
Trd, 4319449.943, 133
Trd, 4319450.043, 132
Trd, 4319450.143, 131
Trd, 4319450.393, 84
Trd, 4319451.143, 65
Trd, 4319453.493, 73
Trd, 4319455.093, 82
Trd, 4319455.443, 111
Trd, 4319455.793, 82
Trd, 4319457.793, 105
Trd, 4319459.693, 109
Trd, 4319459.843, 108
Trd, 4319459.993, 107
Trd, 4319460.293, 62
Trd, 4319461.243, 86
Trd, 4319461.493, 72
Trd, 4319463.493, 140
Trd, 4319464.493, 125
Trd, 4319464.743, 127
Trd, 4319464.993, 125
Trd, 4319465.093, 124
Trd, 4319465.193, 123
Trd, 4319465.943, 139
Trd, 4319466.043, 103
Trd, 4319466.743, 139
Trd, 4319466.893, 138
Trd, 4319467.243, 126
Trd, 4319467.443, 69
Trd, 4319470.693, 62
Trd, 4319472.693, 108
Trd, 4319472.743, 89
Trd, 4319472.943, 63
Trd, 4319473.743, 80
Trd, 4319474.543, 110
Trd, 4319474.743, 68
Trd, 4319475.293, 109
Trd, 4319475.693, 69
Trd, 4319475.893, 96
Trd, 4319476.343, 68
Trd, 4319476.843, 68
Trd, 4319477.043, 68
Trd, 4319479.643, 64
Trd, 4319479.993, 132
Trd, 4319480.043, 70
Trd, 4319480.343, 64
Trd, 4319481.193, 103
Trd, 4319481.243, 102
Trd, 4319482.343, 66
Trd, 4319482.443, 102
Trd, 4319483.693, 119
Trd, 4319483.993, 118
Trd, 4319485.143, 106
Trd, 4319487.143, 122
Trd, 4319487.193, 121
Trd, 4319487.293, 140
Trd, 4319487.893, 114
Trd, 4319488.493, 118
Trd, 4319489.593, 88
Trd, 4319491.443, 72
Trd, 4319491.693, 99
Trd, 4319492.393, 79
Trd, 4319494.493, 84
Trd, 4319495.143, 83
Trd, 4319495.593, 102
Trd, 4319495.843, 132
Trd, 4319495.943, 121
Trd, 4319496.493, 91
Trd, 4319497.193, 110
Trd, 4319497.343, 109
Trd, 4319499.593, 139
Trd, 4319499.743, 136
Trd, 4319501.243, 140
Trd, 4319501.393, 139
Trd, 4319502.593, 140
Trd, 4319503.693, 140
Trd, 4319504.143, 140
Trd, 4319504.993, 139
Trd, 4319505.143, 138
Trd, 4319505.243, 123
Trd, 4319506.193, 93
Trd, 4319507.793, 78
Trd, 4319508.193, 62
Trd, 4319508.543, 68
Trd, 4319508.643, 139
Trd, 4319509.793, 71
Trd, 4319509.893, 103
Trd, 4319511.643, 115
Trd, 4319512.693, 105
Trd, 4319512.893, 104
Trd, 4319513.043, 104
Trd, 4319513.093, 101
Trd, 4319513.993, 140
Trd, 4319515.393, 131
Trd, 4319516.543, 120
Trd, 4319516.743, 105
Trd, 4319516.843, 105
Trd, 4319517.043, 127
Trd, 4319517.593, 106
Trd, 4319517.643, 104
Trd, 4319519.043, 140
Trd, 4319520.343, 140
Trd, 4319521.843, 140
Trd, 4319522.743, 140
Trd, 4319523.143, 140
Trd, 4319523.643, 135
Trd, 4319524.743, 73
Trd, 4319525.093, 102
Trd, 4319525.293, 101
Trd, 4319525.993, 89
Trd, 4319526.343, 89
Trd, 4319527.143, 63
Trd, 4319529.143, 140
Trd, 4319529.293, 140
Trd, 4319529.493, 140
Trd, 4319529.843, 140
Trd, 4319530.493, 140
Trd, 4319532.343, 140
Trd, 4319532.793, 140
Trd, 4319533.043, 140
Trd, 4319533.143, 139
Trd, 4319534.343, 123
Trd, 4319535.493, 122
Trd, 4319535.893, 117
Trd, 4319535.943, 134
Trd, 4319537.993, 140
Trd, 4319538.243, 117
Trd, 4319538.643, 132
Trd, 4319541.493, 109
Trd, 4319541.943, 105
Trd, 4319542.443, 109
Trd, 4319543.093, 105
Trd, 4319543.143, 104
Trd, 4319546.093, 127
Trd, 4319546.693, 127
Trd, 4319547.543, 140
Trd, 4319547.893, 140
Trd, 4319549.643, 140
Trd, 4319549.943, 140
Trd, 4319550.093, 140
Trd, 4319550.593, 120
Trd, 4319550.643, 108
Trd, 4319551.843, 69
Trd, 4319552.193, 72
Trd, 4319552.293, 72
Trd, 4319554.293, 136
Trd, 4319554.643, 136
Trd, 4319554.743, 135
Trd, 4319556.743, 134
Trd, 4319557.193, 137
Trd, 4319557.693, 137
Trd, 4319558.443, 136
Trd, 4319558.693, 135
Trd, 4319559.043, 89
Trd, 4319559.593, 89
Trd, 4319560.143, 125
Trd, 4319560.243, 104
Trd, 4319562.143, 61
Trd, 4319562.893, 86
Trd, 4319563.643, 110
Trd, 4319563.693, 109
Trd, 4319564.093, 108
Trd, 4319565.093, 138
Trd, 4319566.143, 140
Trd, 4319566.493, 138
Trd, 4319567.693, 140
Trd, 4319567.793, 121
Trd, 4319570.343, 124
Trd, 4319570.493, 123
Trd, 4319570.543, 122
Trd, 4319571.343, 119
Trd, 4319573.143, 127
Trd, 4319573.543, 126
Trd, 4319574.243, 128
Trd, 4319574.493, 140
Trd, 4319575.593, 137
Trd, 4319576.543, 132
Trd, 4319576.793, 131
Trd, 4319577.093, 120
Trd, 4319577.343, 99
Trd, 4319577.843, 130
Trd, 4319578.693, 99
Trd, 4319579.193, 96
Trd, 4319580.643, 63
Trd, 4319581.193, 60
Trd, 4319582.593, 121
Trd, 4319582.843, 139
Trd, 4319583.093, 121
Trd, 4319583.243, 120
Trd, 4319584.493, 63
Trd, 4319584.793, 65
Trd, 4319587.593, 63
Trd, 4319588.443, 64
Trd, 4319588.843, 70
Trd, 4319588.893, 63
Trd, 4319589.743, 94
Trd, 4319590.893, 92
Trd, 4319592.543, 127
Trd, 4319592.593, 102
Trd, 4319592.643, 101
Trd, 4319593.143, 101
Trd, 4319593.493, 132
Trd, 4319593.793, 85
Trd, 4319594.243, 68
Trd, 4319595.943, 113
Trd, 4319596.193, 100
Trd, 4319599.043, 100
Trd, 4319599.293, 96
Trd, 4319599.493, 117
Trd, 4319600.893, 118
Trd, 4319601.043, 117
Trd, 4319601.393, 115
Trd, 4319602.743, 129
Trd, 4319602.893, 140
Trd, 4319603.093, 128
Trd, 4319603.843, 126
Trd, 4319604.243, 114
Trd, 4319604.893, 117
Trd, 4319605.743, 110
Trd, 4319606.493, 108
Trd, 4319607.843, 127
Trd, 4319608.993, 128
Trd, 4319609.293, 127
Trd, 4319611.693, 118
Trd, 4319611.793, 116
Trd, 4319612.293, 117
Trd, 4319612.443, 116
Trd, 4319613.293, 104
Trd, 4319613.843, 140
Trd, 4319614.043, 99
Trd, 4319614.693, 130
Trd, 4319615.093, 131
Trd, 4319615.293, 64
Trd, 4319615.843, 62
Trd, 4319617.243, 93
Trd, 4319617.793, 107
Trd, 4319617.843, 76
Trd, 4319618.943, 76
Trd, 4319619.543, 89
Trd, 4319620.743, 82
Trd, 4319621.593, 81
Trd, 4319622.243, 104
Trd, 4319623.343, 84
Trd, 4319624.243, 107
Trd, 4319624.693, 111
Trd, 4319625.043, 109
Trd, 4319625.393, 108
Trd, 4319626.643, 60
Trd, 4319627.443, 66
Trd, 4319630.543, 70
Trd, 4319631.043, 123
Trd, 4319631.143, 74
Trd, 4319632.043, 140
Trd, 4319632.393, 73
Trd, 4319632.993, 76
Trd, 4319633.293, 140
Trd, 4319633.893, 72
Trd, 4319634.593, 63
Trd, 4319636.443, 65
Trd, 4319636.993, 134
Trd, 4319637.843, 79
Trd, 4319638.243, 140
Trd, 4319638.593, 139
Trd, 4319638.893, 119
Trd, 4319640.393, 74
Trd, 4319641.243, 73
Trd, 4319642.443, 115
Trd, 4319642.943, 125
Trd, 4319643.793, 125
Trd, 4319643.843, 124
Trd, 4319644.393, 74
Trd, 4319645.693, 76
Trd, 4319646.243, 140
Trd, 4319646.993, 140
Trd, 4319647.393, 140
Trd, 4319647.443, 122
Trd, 4319647.793, 131
Trd, 4319649.443, 69
Trd, 4319649.493, 67
Trd, 4319650.443, 71
Trd, 4319651.993, 111
Trd, 4319652.043, 110
Trd, 4319652.543, 99
Trd, 4319653.893, 139
Trd, 4319655.943, 136
Trd, 4319656.493, 138
Trd, 4319657.893, 140
Trd, 4319657.993, 140
Trd, 4319658.243, 140
Trd, 4319658.493, 139
Trd, 4319659.043, 140
Trd, 4319659.293, 140
Trd, 4319659.343, 121
Trd, 4319661.393, 69
Trd, 4319661.893, 72
Trd, 4319662.443, 67
Trd, 4319663.093, 89
Trd, 4319663.993, 95
Trd, 4319664.743, 95
Trd, 4319664.993, 81
Trd, 4319665.393, 82
Trd, 4319665.543, 82
Trd, 4319666.243, 92
Trd, 4319666.493, 84
Trd, 4319667.093, 83
Trd, 4319668.143, 82
Trd, 4319669.043, 76
Trd, 4319670.093, 103
Trd, 4319671.093, 88
Trd, 4319671.243, 85
Trd, 4319671.643, 84
Trd, 4319672.343, 136
Trd, 4319672.893, 140
Trd, 4319673.193, 95
Trd, 4319674.393, 131
Trd, 4319674.693, 119
Trd, 4319674.943, 118
Trd, 4319675.443, 118
Trd, 4319675.793, 89
Trd, 4319676.343, 103
Trd, 4319677.393, 136
Trd, 4319677.843, 101
Trd, 4319678.893, 125
Trd, 4319679.093, 124
Trd, 4319679.493, 124
Trd, 4319680.543, 125
Trd, 4319681.643, 112
Trd, 4319681.893, 109
Trd, 4319682.693, 140
Trd, 4319683.293, 139
Trd, 4319683.893, 127
Trd, 4319684.143, 103
Trd, 4319685.393, 137
Trd, 4319685.893, 69
Trd, 4319686.343, 71
Trd, 4319687.643, 139
Trd, 4319688.293, 140
Trd, 4319688.993, 138
Trd, 4319689.343, 88
Trd, 4319691.143, 62
Trd, 4319692.043, 69
Trd, 4319692.243, 75
Trd, 4319692.493, 68
Trd, 4319694.043, 130
Trd, 4319694.243, 129
Trd, 4319694.293, 87
Trd, 4319695.493, 137
Trd, 4319695.893, 88
Trd, 4319696.543, 101
Trd, 4319696.593, 89
Trd, 4319698.193, 139
Trd, 4319699.193, 140
Trd, 4319699.443, 140
Trd, 4319700.393, 139
Trd, 4319701.343, 140
Trd, 4319701.443, 139
Trd, 4319702.293, 138
Trd, 4319702.443, 120
Trd, 4319702.843, 132
Trd, 4319703.093, 140
Trd, 4319703.593, 135
Trd, 4319705.043, 109
Trd, 4319705.493, 105
Trd, 4319706.393, 90
Trd, 4319706.893, 64
Trd, 4319707.093, 66
Trd, 4319707.193, 96
Trd, 4319710.193, 99
Trd, 4319712.993, 63
Trd, 4319713.493, 69
Trd, 4319713.543, 66
Trd, 4319714.543, 108
Trd, 4319714.993, 109
Trd, 4319715.693, 119
Trd, 4319715.993, 97
Trd, 4319716.993, 96
Trd, 4319717.093, 92
Trd, 4319718.093, 107
Trd, 4319720.043, 68
Trd, 4319720.343, 78
Trd, 4319722.143, 119
Trd, 4319722.243, 71
Trd, 4319722.643, 74
Trd, 4319723.243, 76
Trd, 4319724.393, 76
Trd, 4319725.993, 101
Trd, 4319726.143, 128
Trd, 4319727.243, 140
Trd, 4319727.393, 140
Trd, 4319727.993, 140
Trd, 4319728.093, 140
Trd, 4319729.143, 129
Trd, 4319730.043, 125
Trd, 4319730.143, 123
Trd, 4319732.043, 100
Trd, 4319732.693, 128
Trd, 4319733.193, 137
Trd, 4319733.493, 114
Trd, 4319734.593, 140
Trd, 4319734.993, 131
Trd, 4319735.343, 130
Trd, 4319736.943, 126
Trd, 4319737.143, 127
Trd, 4319737.893, 104
Trd, 4319738.143, 103
Trd, 4319738.593, 74
Trd, 4319739.943, 66
Trd, 4319741.443, 120
Trd, 4319742.043, 101
Trd, 4319742.193, 107
Trd, 4319745.293, 111
Trd, 4319745.443, 111
Trd, 4319745.893, 109
Trd, 4319748.293, 121
Trd, 4319748.593, 121
Trd, 4319748.743, 120
Trd, 4319749.193, 140
Trd, 4319749.693, 120
Trd, 4319749.893, 119
Trd, 4319750.443, 109
Trd, 4319751.093, 109
Trd, 4319752.293, 96
Trd, 4319753.143, 126
Trd, 4319754.843, 86
Trd, 4319755.493, 86
Trd, 4319756.193, 98
Trd, 4319756.743, 127
Trd, 4319756.843, 108
Trd, 4319757.643, 103
Trd, 4319759.043, 69
Trd, 4319759.843, 72
Trd, 4319761.043, 65
Trd, 4319761.643, 73
Trd, 4319761.743, 60
Trd, 4319763.343, 62
Trd, 4319764.543, 64
Trd, 4319765.543, 95
Trd, 4319765.643, 64
Trd, 4319765.943, 84
Trd, 4319765.993, 124
Trd, 4319767.193, 70
Trd, 4319768.843, 60
Trd, 4319768.993, 85
Trd, 4319770.793, 61
Trd, 4319771.443, 61
Trd, 4319771.793, 63
Trd, 4319772.193, 61
Trd, 4319772.393, 92
Trd, 4319772.493, 120
Trd, 4319774.343, 126
Trd, 4319774.693, 128
Trd, 4319774.843, 127
Trd, 4319775.643, 120
Trd, 4319775.793, 119
Trd, 4319777.093, 103
Trd, 4319777.393, 103
Trd, 4319777.443, 101
Trd, 4319777.593, 140
Trd, 4319779.693, 97
Trd, 4319779.893, 94
Trd, 4319780.243, 93
Trd, 4319781.193, 79
Trd, 4319781.393, 104
Trd, 4319781.443, 77
Trd, 4319782.693, 132
Trd, 4319783.243, 127
Trd, 4319784.193, 139
Trd, 4319784.893, 122
Trd, 4319786.043, 108
Trd, 4319786.293, 105
Trd, 4319786.593, 104
Trd, 4319786.743, 100
Trd, 4319788.293, 140
Trd, 4319788.993, 140
Trd, 4319789.793, 140
Trd, 4319790.943, 140
Trd, 4319791.943, 140
Trd, 4319792.043, 140
Trd, 4319794.693, 140
Trd, 4319794.743, 140
Trd, 4319795.343, 140
Trd, 4319796.393, 140
Trd, 4319796.743, 138
Trd, 4319796.843, 137
Trd, 4319796.993, 124
Trd, 4319797.493, 125
Trd, 4319798.643, 103
Trd, 4319798.693, 97
Trd, 4319800.193, 84
Trd, 4319800.393, 95
Trd, 4319800.743, 87
Trd, 4319801.093, 123
Trd, 4319801.193, 85
Trd, 4319802.193, 136
Trd, 4319803.793, 114
Trd, 4319804.493, 61
Trd, 4319805.543, 64
Trd, 4319806.643, 66
Trd, 4319807.593, 72
Trd, 4319808.143, 140
Trd, 4319808.643, 91
Trd, 4319808.743, 67
Trd, 4319810.193, 80
Trd, 4319811.593, 128
Trd, 4319811.793, 127
Trd, 4319812.043, 127
Trd, 4319812.993, 140
Trd, 4319813.543, 116
Trd, 4319813.943, 115
Trd, 4319815.293, 125
Trd, 4319815.393, 124
Trd, 4319816.243, 74
Trd, 4319816.293, 105
Trd, 4319817.743, 60
Trd, 4319818.593, 105
Trd, 4319819.093, 98
Trd, 4319819.793, 97
Trd, 4319821.043, 140
Trd, 4319821.443, 140
Trd, 4319821.643, 140
Trd, 4319822.793, 140
Trd, 4319822.843, 140
Trd, 4319823.443, 111
Trd, 4319823.693, 96
Trd, 4319824.243, 130
Trd, 4319824.993, 140
Trd, 4319826.643, 69
Trd, 4319828.743, 88
Trd, 4319829.543, 98
Trd, 4319830.493, 138
Trd, 4319830.793, 133
Trd, 4319832.093, 120
Trd, 4319832.743, 123
Trd, 4319832.943, 123
Trd, 4319833.043, 122
Trd, 4319833.193, 115
Trd, 4319833.493, 108
Trd, 4319834.293, 86
Trd, 4319834.393, 81
Trd, 4319835.043, 87
Trd, 4319835.793, 76
Trd, 4319836.293, 75
Trd, 4319837.693, 140
Trd, 4319837.843, 140
Trd, 4319838.543, 134
Trd, 4319841.093, 99
Trd, 4319841.743, 91
Trd, 4319842.143, 96
Trd, 4319843.793, 90
Trd, 4319844.543, 94
Trd, 4319845.143, 93
Trd, 4319845.193, 91
Trd, 4319845.893, 140
Trd, 4319846.493, 112
Trd, 4319847.143, 112
Trd, 4319847.193, 111
Trd, 4319848.443, 80
Trd, 4319849.343, 81
Trd, 4319850.193, 140
Trd, 4319851.993, 138
Trd, 4319852.193, 84
Trd, 4319852.993, 103
Trd, 4319853.093, 86
Trd, 4319854.093, 88
Trd, 4319854.443, 105
Trd, 4319855.143, 90
Trd, 4319856.643, 82
Trd, 4319856.843, 81
Trd, 4319857.543, 117
Trd, 4319857.693, 119
Trd, 4319858.293, 118
Trd, 4319858.393, 116
Trd, 4319859.393, 89
Trd, 4319860.743, 74
Trd, 4319860.993, 74
Trd, 4319861.193, 75
Trd, 4319861.443, 85
Trd, 4319862.493, 63
Trd, 4319863.993, 65
Trd, 4319864.343, 67
Trd, 4319866.093, 63
Trd, 4319866.343, 63
Trd, 4319868.093, 109
Trd, 4319868.143, 108
Trd, 4319868.193, 107
Trd, 4319868.593, 105
Trd, 4319869.043, 66
Trd, 4319869.193, 89
Trd, 4319871.543, 67
Trd, 4319873.343, 60
Trd, 4319875.293, 111
Trd, 4319876.693, 140
Trd, 4319876.743, 140
Trd, 4319877.093, 140
Trd, 4319877.543, 139
Trd, 4319877.693, 138
Trd, 4319878.643, 140
Trd, 4319878.943, 137
Trd, 4319878.993, 120
Trd, 4319879.393, 113
Trd, 4319879.493, 95
Trd, 4319880.943, 88
Trd, 4319881.593, 75
Trd, 4319881.943, 86
Trd, 4319883.393, 98
Trd, 4319884.943, 91
Trd, 4319885.493, 113
Trd, 4319885.543, 87
Trd, 4319886.243, 88
Trd, 4319886.743, 88
Trd, 4319888.593, 140
Trd, 4319888.693, 140
Trd, 4319888.943, 117
Trd, 4319891.043, 121
Trd, 4319891.093, 120
Trd, 4319891.593, 140
Trd, 4319893.893, 140
Trd, 4319894.043, 134
Trd, 4319894.593, 137
Trd, 4319895.143, 136
Trd, 4319895.343, 121
Trd, 4319896.343, 100
Trd, 4319897.393, 88
Trd, 4319897.493, 87
Trd, 4319899.693, 129
Trd, 4319899.793, 128
Trd, 4319900.643, 98
Trd, 4319901.593, 110
Trd, 4319902.093, 71
Trd, 4319903.243, 140
Trd, 4319903.543, 140
Trd, 4319903.593, 140
Trd, 4319905.143, 139
Trd, 4319905.643, 124
Trd, 4319906.843, 87
Trd, 4319906.943, 84
Trd, 4319907.493, 119
Trd, 4319908.243, 119
Trd, 4319908.393, 118
Trd, 4319909.043, 119
Trd, 4319909.493, 118
Trd, 4319909.893, 115
Trd, 4319910.643, 110
Trd, 4319911.693, 96
Trd, 4319912.643, 124
Trd, 4319913.743, 100
Trd, 4319913.943, 118
Trd, 4319915.343, 116
Trd, 4319915.643, 101
Trd, 4319915.993, 139
Trd, 4319916.343, 101
Trd, 4319917.093, 87
Trd, 4319919.093, 62
Trd, 4319920.343, 77
Trd, 4319921.093, 78
Trd, 4319921.943, 131
Trd, 4319922.093, 121
Trd, 4319922.843, 86
Trd, 4319923.843, 90
Trd, 4319924.743, 87
Trd, 4319925.243, 139
Trd, 4319925.593, 80
Trd, 4319928.193, 80
Trd, 4319929.843, 94
Trd, 4319930.093, 90
Trd, 4319930.293, 90
Trd, 4319931.293, 129
Trd, 4319931.593, 127
Trd, 4319931.993, 139
Trd, 4319932.343, 138
Trd, 4319932.443, 83
Trd, 4319934.043, 72
Trd, 4319934.593, 72
Trd, 4319936.293, 139
Trd, 4319937.443, 95
Trd, 4319937.643, 94
Trd, 4319938.543, 116
Trd, 4319938.843, 115
Trd, 4319939.193, 114
Trd, 4319940.643, 91
Trd, 4319941.743, 121
Trd, 4319942.043, 140
Trd, 4319943.093, 126
Trd, 4319944.093, 125
Trd, 4319944.493, 124
Trd, 4319945.743, 110
Trd, 4319945.793, 96
Trd, 4319946.143, 93
Trd, 4319948.093, 126
Trd, 4319948.693, 109
Trd, 4319949.843, 126
Trd, 4319949.943, 123
Trd, 4319952.643, 140
Trd, 4319952.743, 69
Trd, 4319953.293, 98
Trd, 4319953.393, 126
Trd, 4319953.843, 84
Trd, 4319954.093, 69
Trd, 4319955.343, 68
Trd, 4319956.893, 62
Trd, 4319957.293, 82
Trd, 4319957.443, 81
Trd, 4319959.293, 65
Trd, 4319959.393, 78
Trd, 4319959.993, 78
Trd, 4319960.193, 91
Trd, 4319961.943, 108
Trd, 4319962.493, 87
Trd, 4319962.943, 83
Trd, 4319964.243, 67
Trd, 4319964.693, 74
Trd, 4319965.393, 75
Trd, 4319966.443, 93
Trd, 4319966.743, 92
Trd, 4319968.343, 92
Trd, 4319968.543, 91
Trd, 4319970.443, 140
Trd, 4319970.643, 114
Trd, 4319970.893, 113
Trd, 4319971.493, 76
Trd, 4319972.543, 70
Trd, 4319973.743, 130
Trd, 4319974.543, 123
Trd, 4319975.343, 126
Trd, 4319975.893, 126
Trd, 4319976.343, 109
Trd, 4319976.543, 88
Trd, 4319977.093, 89
Trd, 4319977.993, 89
Trd, 4319978.443, 88
Trd, 4319979.943, 87
Trd, 4319981.593, 63
Trd, 4319981.643, 100
Trd, 4319982.993, 99
Trd, 4319983.343, 111
Trd, 4319983.543, 110
Trd, 4319985.293, 62
Trd, 4319986.593, 62
Trd, 4319987.493, 82
Trd, 4319987.743, 84
Trd, 4319989.343, 90
Trd, 4319989.493, 89
Trd, 4319990.143, 95
Trd, 4319990.293, 89
Trd, 4319990.993, 93
Trd, 4319991.593, 92
Trd, 4319993.193, 97
Trd, 4319993.393, 96
Trd, 4319993.693, 95
Trd, 4319993.893, 113
Trd, 4319994.493, 93
Trd, 4319994.843, 92
Trd, 4319995.793, 103
Trd, 4319996.543, 87
Trd, 4319996.793, 86
Trd, 4319998.543, 139
Trd, 4319998.893, 77
