Trd, 4318089.943, 76
Trd, 4318090.893, 72
Trd, 4318091.293, 108
Trd, 4318091.693, 108
Trd, 4318092.443, 118
Trd, 4318092.693, 107
Trd, 4318093.343, 123
Trd, 4318093.593, 92
Trd, 4318095.643, 138
Trd, 4318097.243, 124
Trd, 4318097.593, 101
Trd, 4318098.343, 117
Trd, 4318098.593, 114
Trd, 4318099.493, 127
Trd, 4318100.443, 128
Trd, 4318100.743, 102
Trd, 4318100.893, 82
Trd, 4318101.343, 120
Trd, 4318102.593, 104
Trd, 4318102.993, 115
Trd, 4318104.243, 112
Trd, 4318104.293, 109
Trd, 4318104.843, 96
Trd, 4318105.743, 79
Trd, 4318105.843, 74
Trd, 4318107.593, 90
Trd, 4318108.243, 115
Trd, 4318109.543, 98
Trd, 4318110.593, 121
Trd, 4318111.143, 93
Trd, 4318111.743, 117
Trd, 4318112.093, 107
Trd, 4318112.543, 92
Trd, 4318113.293, 140
Trd, 4318114.393, 124
Trd, 4318115.243, 134
Trd, 4318115.293, 134
Trd, 4318116.543, 136
Trd, 4318116.593, 113
Trd, 4318116.943, 95
Trd, 4318118.743, 117
Trd, 4318119.393, 78
Trd, 4318120.393, 127
Trd, 4318120.643, 83
Trd, 4318121.843, 118
Trd, 4318122.243, 97
Trd, 4318122.743, 140
Trd, 4318123.093, 134
Trd, 4318123.793, 100
Trd, 4318125.843, 106
Trd, 4318126.543, 99
Trd, 4318126.843, 77
Trd, 4318127.143, 83
Trd, 4318128.193, 99
Trd, 4318129.793, 87
Trd, 4318131.143, 90
Trd, 4318131.893, 121
Trd, 4318133.943, 109
Trd, 4318134.393, 131
Trd, 4318135.143, 110
Trd, 4318135.643, 105
Trd, 4318136.543, 105
Trd, 4318137.293, 131
Trd, 4318138.393, 101
Trd, 4318138.793, 116
Trd, 4318140.493, 134
Trd, 4318140.593, 103
Trd, 4318140.943, 102
Trd, 4318141.993, 124
Trd, 4318144.943, 108
Trd, 4318145.043, 119
Trd, 4318145.543, 113
Trd, 4318145.743, 112
Trd, 4318146.693, 114
Trd, 4318146.793, 108
Trd, 4318147.393, 104
Trd, 4318148.743, 120
Trd, 4318149.293, 119
Trd, 4318149.643, 132
Trd, 4318150.293, 117
Trd, 4318150.643, 132
Trd, 4318150.843, 115
Trd, 4318152.493, 106
Trd, 4318152.743, 89
Trd, 4318153.493, 128
Trd, 4318154.493, 138
Trd, 4318155.243, 117
Trd, 4318156.193, 125
Trd, 4318156.493, 127
Trd, 4318157.393, 120
Trd, 4318158.243, 139
Trd, 4318158.493, 112
Trd, 4318160.193, 112
Trd, 4318161.093, 116
Trd, 4318161.343, 106
Trd, 4318162.593, 95
Trd, 4318162.643, 106
Trd, 4318163.493, 111
Trd, 4318164.193, 116
Trd, 4318166.043, 132
Trd, 4318166.593, 101
Trd, 4318167.143, 102
Trd, 4318167.593, 130
Trd, 4318169.243, 104
Trd, 4318169.593, 100
Trd, 4318170.493, 88
Trd, 4318171.793, 98
Trd, 4318172.043, 93
Trd, 4318172.393, 84
Trd, 4318172.593, 102
Trd, 4318173.793, 70
Trd, 4318174.243, 104
Trd, 4318175.593, 134
Trd, 4318176.243, 125
Trd, 4318177.843, 111
Trd, 4318178.143, 110
Trd, 4318178.343, 112
Trd, 4318178.443, 109
Trd, 4318179.093, 92
Trd, 4318179.843, 118
Trd, 4318180.143, 85
Trd, 4318180.743, 75
Trd, 4318181.893, 103
Trd, 4318183.343, 128
Trd, 4318184.193, 119
Trd, 4318184.393, 122
Trd, 4318184.543, 96
Trd, 4318185.943, 119
Trd, 4318186.793, 89
Trd, 4318187.693, 84
Trd, 4318188.243, 78
Trd, 4318188.343, 130
Trd, 4318190.243, 131
Trd, 4318190.643, 137
Trd, 4318190.693, 111
Trd, 4318190.893, 115
Trd, 4318191.843, 119
Trd, 4318193.593, 112
Trd, 4318194.393, 101
Trd, 4318194.443, 118
Trd, 4318195.693, 126
Trd, 4318195.893, 119
Trd, 4318196.943, 116
Trd, 4318197.393, 118
Trd, 4318199.043, 124
Trd, 4318200.243, 139
Trd, 4318200.393, 127
Trd, 4318201.393, 124
Trd, 4318201.693, 139
Trd, 4318202.743, 139
Trd, 4318203.093, 138
Trd, 4318204.043, 121
Trd, 4318204.293, 100
Trd, 4318204.693, 94
Trd, 4318205.593, 100
Trd, 4318206.043, 109
Trd, 4318206.893, 85
Trd, 4318206.993, 71
Trd, 4318208.093, 103
Trd, 4318208.743, 138
Trd, 4318208.943, 122
Trd, 4318208.993, 103
Trd, 4318211.193, 140
Trd, 4318212.043, 79
Trd, 4318212.143, 83
Trd, 4318213.593, 65
Trd, 4318213.693, 93
Trd, 4318214.593, 120
Trd, 4318214.793, 127
Trd, 4318214.843, 95
Trd, 4318217.043, 136
Trd, 4318217.943, 118
Trd, 4318218.143, 119
Trd, 4318218.643, 105
Trd, 4318219.043, 96
Trd, 4318220.293, 97
Trd, 4318222.143, 98
Trd, 4318222.243, 91
Trd, 4318223.043, 99
Trd, 4318223.393, 90
Trd, 4318223.743, 115
Trd, 4318223.843, 86
Trd, 4318224.643, 122
Trd, 4318224.893, 80
Trd, 4318225.643, 78
Trd, 4318226.193, 104
Trd, 4318226.893, 127
Trd, 4318227.893, 108
Trd, 4318229.143, 120
Trd, 4318229.893, 123
Trd, 4318230.393, 127
Trd, 4318231.943, 119
Trd, 4318232.043, 113
Trd, 4318233.243, 134
Trd, 4318233.293, 103
Trd, 4318234.193, 101
Trd, 4318235.493, 114
Trd, 4318235.843, 127
Trd, 4318236.193, 89
Trd, 4318237.143, 124
Trd, 4318238.543, 120
Trd, 4318239.243, 130
Trd, 4318239.443, 116
Trd, 4318240.693, 139
Trd, 4318243.393, 112
Trd, 4318243.693, 138
Trd, 4318244.143, 134
Trd, 4318245.593, 120
Trd, 4318245.993, 111
Trd, 4318246.843, 98
Trd, 4318248.193, 125
Trd, 4318248.343, 104
Trd, 4318250.193, 133
Trd, 4318250.243, 106
Trd, 4318250.293, 99
Trd, 4318250.893, 113
Trd, 4318251.343, 111
Trd, 4318251.793, 139
Trd, 4318252.293, 120
Trd, 4318252.743, 137
Trd, 4318252.843, 102
Trd, 4318255.343, 111
Trd, 4318255.793, 123
Trd, 4318256.193, 108
Trd, 4318256.493, 101
Trd, 4318256.643, 137
Trd, 4318256.693, 94
Trd, 4318258.243, 71
Trd, 4318258.443, 112
Trd, 4318259.143, 101
Trd, 4318260.843, 127
Trd, 4318261.943, 140
Trd, 4318262.043, 138
Trd, 4318262.543, 117
Trd, 4318262.793, 109
Trd, 4318263.543, 118
Trd, 4318265.193, 118
Trd, 4318265.443, 129
Trd, 4318265.993, 140
Trd, 4318266.793, 112
Trd, 4318267.793, 126
Trd, 4318267.893, 125
Trd, 4318268.943, 108
Trd, 4318269.043, 106
Trd, 4318269.493, 92
Trd, 4318270.093, 116
Trd, 4318272.593, 130
Trd, 4318272.693, 111
Trd, 4318272.893, 131
Trd, 4318273.343, 104
Trd, 4318274.243, 136
Trd, 4318274.543, 105
Trd, 4318275.643, 107
Trd, 4318276.493, 93
Trd, 4318276.843, 95
Trd, 4318276.993, 128
Trd, 4318277.843, 100
Trd, 4318279.143, 130
Trd, 4318279.893, 99
Trd, 4318280.243, 99
Trd, 4318281.293, 135
Trd, 4318281.393, 129
Trd, 4318281.943, 130
Trd, 4318282.293, 133
Trd, 4318283.393, 121
Trd, 4318284.543, 88
Trd, 4318284.893, 84
Trd, 4318285.543, 124
Trd, 4318287.193, 117
Trd, 4318288.193, 93
Trd, 4318288.543, 119
Trd, 4318288.943, 117
Trd, 4318289.343, 125
Trd, 4318290.043, 108
Trd, 4318290.093, 110
Trd, 4318291.343, 93
Trd, 4318292.143, 96
Trd, 4318292.743, 90
Trd, 4318293.493, 131
Trd, 4318295.593, 116
Trd, 4318295.993, 117
Trd, 4318296.293, 104
Trd, 4318296.443, 93
Trd, 4318296.593, 111
Trd, 4318297.043, 94
Trd, 4318298.093, 128
Trd, 4318299.093, 138
Trd, 4318299.443, 107
Trd, 4318300.143, 101
Trd, 4318302.893, 137
Trd, 4318302.993, 104
Trd, 4318303.143, 138
Trd, 4318304.043, 109
Trd, 4318304.543, 91
Trd, 4318305.343, 124
Trd, 4318305.693, 137
Trd, 4318307.793, 94
Trd, 4318308.443, 134
Trd, 4318308.893, 116
Trd, 4318309.593, 102
Trd, 4318309.743, 97
Trd, 4318311.293, 125
Trd, 4318311.743, 110
Trd, 4318312.093, 139
Trd, 4318313.243, 81
Trd, 4318313.493, 104
Trd, 4318314.193, 97
Trd, 4318314.243, 84
Trd, 4318314.543, 75
Trd, 4318317.193, 134
Trd, 4318317.493, 133
Trd, 4318319.243, 81
Trd, 4318320.243, 114
Trd, 4318320.393, 98
Trd, 4318320.693, 81
Trd, 4318321.393, 115
Trd, 4318322.043, 138
Trd, 4318322.593, 124
Trd, 4318322.843, 110
Trd, 4318324.693, 122
Trd, 4318325.593, 94
Trd, 4318326.243, 104
Trd, 4318327.243, 111
Trd, 4318328.843, 97
Trd, 4318329.143, 99
Trd, 4318331.493, 136
Trd, 4318332.593, 133
Trd, 4318332.693, 111
Trd, 4318332.743, 110
Trd, 4318332.943, 94
Trd, 4318334.593, 63
Trd, 4318335.443, 67
Trd, 4318335.943, 108
Trd, 4318336.793, 115
Trd, 4318337.093, 115
Trd, 4318339.543, 137
Trd, 4318339.693, 114
Trd, 4318340.493, 122
Trd, 4318340.593, 105
Trd, 4318341.093, 130
Trd, 4318341.393, 89
Trd, 4318341.543, 96
Trd, 4318344.493, 112
Trd, 4318345.143, 120
Trd, 4318346.093, 121
Trd, 4318346.793, 88
Trd, 4318346.843, 75
Trd, 4318347.893, 91
Trd, 4318348.043, 105
Trd, 4318349.493, 93
Trd, 4318350.493, 136
Trd, 4318351.343, 140
Trd, 4318351.943, 123
Trd, 4318352.093, 110
Trd, 4318353.143, 96
Trd, 4318354.743, 130
Trd, 4318355.393, 127
Trd, 4318356.093, 106
Trd, 4318356.693, 137
Trd, 4318357.593, 112
Trd, 4318358.343, 130
Trd, 4318358.943, 120
Trd, 4318358.993, 119
Trd, 4318361.793, 134
Trd, 4318361.843, 118
Trd, 4318362.343, 113
Trd, 4318363.943, 125
Trd, 4318364.393, 80
Trd, 4318364.793, 117
Trd, 4318365.943, 117
Trd, 4318366.043, 100
Trd, 4318368.293, 135
Trd, 4318369.443, 115
Trd, 4318370.443, 128
Trd, 4318371.493, 104
Trd, 4318371.643, 132
Trd, 4318371.693, 95
Trd, 4318371.943, 91
Trd, 4318372.743, 108
Trd, 4318373.093, 105
Trd, 4318373.243, 125
Trd, 4318374.593, 86
Trd, 4318376.343, 98
Trd, 4318376.693, 97
Trd, 4318376.743, 111
Trd, 4318377.243, 129
Trd, 4318377.493, 111
Trd, 4318380.893, 113
Trd, 4318381.893, 140
Trd, 4318381.993, 137
Trd, 4318382.893, 128
Trd, 4318383.293, 130
Trd, 4318383.793, 139
Trd, 4318384.293, 115
Trd, 4318385.993, 117
Trd, 4318386.593, 127
Trd, 4318388.943, 114
Trd, 4318389.043, 119
Trd, 4318390.843, 132
Trd, 4318391.243, 119
Trd, 4318391.343, 110
Trd, 4318392.193, 113
Trd, 4318392.893, 106
Trd, 4318393.043, 106
Trd, 4318393.393, 98
Trd, 4318394.543, 108
Trd, 4318394.643, 85
Trd, 4318396.043, 135
Trd, 4318397.243, 123
Trd, 4318397.543, 75
Trd, 4318397.893, 101
Trd, 4318398.543, 109
Trd, 4318399.243, 106
Trd, 4318399.793, 135
Trd, 4318401.193, 121
Trd, 4318401.893, 116
Trd, 4318402.093, 120
Trd, 4318402.593, 119
Trd, 4318402.793, 88
Trd, 4318403.893, 76
Trd, 4318404.293, 93
Trd, 4318404.993, 105
Trd, 4318405.693, 123
Trd, 4318406.193, 134
Trd, 4318406.443, 102
Trd, 4318407.393, 98
Trd, 4318407.493, 96
Trd, 4318408.043, 135
Trd, 4318408.893, 71
Trd, 4318410.243, 108
Trd, 4318410.593, 75
Trd, 4318411.193, 96
Trd, 4318411.243, 115
Trd, 4318411.893, 128
Trd, 4318413.143, 67
Trd, 4318413.243, 113
Trd, 4318413.793, 75
Trd, 4318415.293, 93
Trd, 4318416.443, 113
Trd, 4318416.793, 96
Trd, 4318418.993, 101
Trd, 4318419.243, 137
Trd, 4318420.693, 131
Trd, 4318420.843, 118
Trd, 4318421.243, 110
Trd, 4318423.143, 123
Trd, 4318423.243, 99
Trd, 4318424.443, 124
Trd, 4318426.943, 125
Trd, 4318427.993, 115
Trd, 4318428.593, 138
Trd, 4318428.943, 107
Trd, 4318429.793, 124
Trd, 4318430.343, 119
Trd, 4318430.643, 105
Trd, 4318430.893, 99
Trd, 4318431.993, 90
Trd, 4318432.643, 104
Trd, 4318434.593, 97
Trd, 4318435.543, 92
Trd, 4318436.143, 125
Trd, 4318436.693, 137
Trd, 4318436.793, 112
Trd, 4318437.643, 94
Trd, 4318437.693, 97
Trd, 4318439.893, 86
Trd, 4318440.893, 91
Trd, 4318441.493, 93
Trd, 4318442.143, 108
Trd, 4318442.493, 118
Trd, 4318443.893, 140
Trd, 4318444.143, 123
Trd, 4318444.643, 117
Trd, 4318444.743, 112
Trd, 4318448.093, 138
Trd, 4318448.543, 132
Trd, 4318448.593, 117
Trd, 4318449.843, 138
Trd, 4318450.343, 138
Trd, 4318450.493, 133
Trd, 4318451.293, 110
Trd, 4318452.143, 103
Trd, 4318452.943, 114
Trd, 4318454.593, 140
Trd, 4318455.043, 139
Trd, 4318455.393, 113
Trd, 4318456.193, 103
Trd, 4318457.293, 103
Trd, 4318458.093, 105
Trd, 4318458.893, 134
Trd, 4318458.943, 110
Trd, 4318459.243, 136
Trd, 4318459.993, 138
Trd, 4318460.643, 124
Trd, 4318461.643, 123
Trd, 4318462.143, 136
Trd, 4318462.443, 109
Trd, 4318465.493, 134
Trd, 4318465.593, 119
Trd, 4318466.493, 103
Trd, 4318468.493, 78
Trd, 4318469.943, 122
Trd, 4318470.243, 102
Trd, 4318471.193, 105
Trd, 4318471.243, 107
Trd, 4318471.543, 93
Trd, 4318473.143, 112
Trd, 4318473.793, 109
Trd, 4318473.843, 131
Trd, 4318474.293, 137
Trd, 4318475.193, 132
Trd, 4318475.743, 126
Trd, 4318478.143, 127
Trd, 4318478.393, 110
Trd, 4318478.743, 100
Trd, 4318480.093, 102
Trd, 4318480.343, 116
Trd, 4318480.743, 116
Trd, 4318482.343, 83
Trd, 4318482.893, 87
Trd, 4318484.143, 127
Trd, 4318486.043, 133
Trd, 4318486.893, 138
Trd, 4318487.343, 114
Trd, 4318488.693, 104
Trd, 4318489.493, 125
Trd, 4318490.043, 136
Trd, 4318491.743, 138
Trd, 4318492.243, 131
Trd, 4318492.493, 102
Trd, 4318492.543, 101
Trd, 4318492.643, 100
Trd, 4318492.993, 90
Trd, 4318494.143, 138
Trd, 4318494.193, 120
Trd, 4318495.643, 105
Trd, 4318496.593, 88
Trd, 4318497.593, 67
Trd, 4318499.443, 113
Trd, 4318501.543, 135
Trd, 4318501.593, 129
Trd, 4318501.643, 122
Trd, 4318501.743, 119
Trd, 4318503.793, 130
Trd, 4318503.893, 129
Trd, 4318504.643, 121
Trd, 4318504.943, 123
Trd, 4318505.543, 98
Trd, 4318506.693, 111
Trd, 4318507.143, 106
Trd, 4318507.893, 89
Trd, 4318508.693, 79
Trd, 4318508.893, 140
Trd, 4318509.193, 137
Trd, 4318509.893, 140
Trd, 4318510.743, 136
Trd, 4318511.343, 111
Trd, 4318512.643, 102
Trd, 4318512.693, 95
Trd, 4318513.393, 105
Trd, 4318514.043, 102
Trd, 4318514.743, 125
Trd, 4318515.043, 132
Trd, 4318515.343, 114
Trd, 4318516.043, 85
Trd, 4318517.543, 117
Trd, 4318520.143, 133
Trd, 4318520.243, 109
Trd, 4318521.143, 109
Trd, 4318522.693, 112
Trd, 4318523.193, 123
Trd, 4318523.343, 117
Trd, 4318524.143, 124
Trd, 4318524.693, 102
Trd, 4318525.443, 97
Trd, 4318526.143, 112
Trd, 4318526.793, 114
Trd, 4318529.243, 129
Trd, 4318530.843, 123
Trd, 4318531.193, 112
Trd, 4318531.343, 97
Trd, 4318531.643, 89
Trd, 4318531.693, 109
Trd, 4318532.743, 98
Trd, 4318532.893, 118
Trd, 4318534.643, 65
Trd, 4318535.493, 114
Trd, 4318536.493, 89
Trd, 4318536.793, 86
Trd, 4318537.393, 131
Trd, 4318538.593, 125
Trd, 4318538.793, 118
Trd, 4318539.843, 108
Trd, 4318541.343, 98
Trd, 4318541.593, 76
Trd, 4318542.343, 138
Trd, 4318543.843, 75
Trd, 4318544.093, 86
Trd, 4318544.693, 72
Trd, 4318544.743, 88
Trd, 4318545.143, 67
Trd, 4318547.443, 127
Trd, 4318548.993, 111
Trd, 4318549.393, 95
Trd, 4318549.543, 94
Trd, 4318550.343, 95
Trd, 4318550.893, 90
Trd, 4318551.793, 70
Trd, 4318552.043, 65
Trd, 4318552.143, 105
Trd, 4318553.443, 106
Trd, 4318553.543, 118
Trd, 4318553.943, 92
Trd, 4318554.343, 103
Trd, 4318555.893, 82
Trd, 4318556.493, 106
Trd, 4318558.093, 123
Trd, 4318559.293, 138
Trd, 4318560.443, 126
Trd, 4318561.193, 122
Trd, 4318561.743, 132
Trd, 4318561.793, 99
Trd, 4318561.843, 93
Trd, 4318562.393, 128
Trd, 4318562.943, 125
Trd, 4318564.543, 120
Trd, 4318565.643, 115
Trd, 4318565.693, 105
Trd, 4318568.243, 138
Trd, 4318568.293, 127
Trd, 4318568.393, 128
Trd, 4318568.943, 126
Trd, 4318569.043, 112
Trd, 4318570.643, 127
Trd, 4318571.243, 133
Trd, 4318571.543, 118
Trd, 4318571.593, 113
Trd, 4318573.593, 98
Trd, 4318574.093, 128
Trd, 4318574.593, 117
Trd, 4318575.493, 133
Trd, 4318575.793, 133
Trd, 4318576.193, 134
Trd, 4318576.393, 121
Trd, 4318577.193, 102
Trd, 4318578.443, 96
Trd, 4318579.243, 70
Trd, 4318579.743, 69
Trd, 4318580.393, 100
Trd, 4318580.893, 130
Trd, 4318582.243, 98
Trd, 4318582.343, 93
Trd, 4318582.893, 112
Trd, 4318583.043, 105
Trd, 4318585.043, 125
Trd, 4318586.093, 129
Trd, 4318586.843, 107
Trd, 4318587.043, 122
Trd, 4318587.243, 132
Trd, 4318588.043, 106
Trd, 4318588.843, 140
Trd, 4318589.093, 126
Trd, 4318589.143, 114
Trd, 4318589.493, 112
Trd, 4318590.093, 66
Trd, 4318591.043, 108
Trd, 4318591.543, 75
Trd, 4318591.593, 74
Trd, 4318591.993, 73
Trd, 4318594.143, 135
Trd, 4318595.543, 115
Trd, 4318595.843, 91
Trd, 4318596.443, 98
Trd, 4318596.943, 107
Trd, 4318597.943, 107
Trd, 4318598.393, 127
Trd, 4318598.843, 96
Trd, 4318599.343, 74
Trd, 4318599.443, 107
Trd, 4318599.643, 113
Trd, 4318599.943, 121
Trd, 4318603.043, 116
Trd, 4318603.443, 95
Trd, 4318603.793, 98
Trd, 4318604.243, 92
Trd, 4318604.693, 102
Trd, 4318606.093, 126
Trd, 4318606.243, 87
Trd, 4318607.593, 129
Trd, 4318608.043, 111
Trd, 4318609.293, 136
Trd, 4318609.693, 104
Trd, 4318609.793, 132
Trd, 4318612.343, 114
Trd, 4318612.443, 121
Trd, 4318612.593, 88
Trd, 4318613.543, 104
Trd, 4318614.643, 127
Trd, 4318615.093, 122
Trd, 4318615.293, 114
Trd, 4318615.493, 110
Trd, 4318618.193, 97
Trd, 4318618.493, 90
Trd, 4318619.093, 97
Trd, 4318619.443, 74
Trd, 4318619.693, 95
Trd, 4318621.293, 106
Trd, 4318622.093, 89
Trd, 4318622.243, 134
Trd, 4318623.193, 79
Trd, 4318623.293, 93
Trd, 4318624.243, 102
Trd, 4318624.743, 78
Trd, 4318626.143, 99
Trd, 4318627.443, 110
Trd, 4318627.793, 112
Trd, 4318628.493, 136
Trd, 4318628.943, 122
Trd, 4318630.543, 132
Trd, 4318630.593, 123
Trd, 4318630.793, 113
Trd, 4318632.593, 75
Trd, 4318634.243, 64
Trd, 4318634.943, 84
Trd, 4318634.993, 89
Trd, 4318635.393, 92
Trd, 4318636.743, 112
Trd, 4318637.343, 127
Trd, 4318637.393, 132
Trd, 4318637.743, 119
Trd, 4318639.543, 112
Trd, 4318639.843, 127
Trd, 4318640.443, 121
Trd, 4318640.593, 108
Trd, 4318642.293, 93
Trd, 4318642.443, 80
Trd, 4318643.193, 126
Trd, 4318643.893, 105
Trd, 4318645.793, 116
Trd, 4318645.893, 137
Trd, 4318646.293, 136
Trd, 4318648.193, 136
Trd, 4318648.793, 138
Trd, 4318649.093, 131
Trd, 4318649.143, 119
Trd, 4318650.143, 101
Trd, 4318651.443, 82
Trd, 4318652.043, 100
Trd, 4318653.643, 130
Trd, 4318654.093, 132
Trd, 4318654.293, 118
Trd, 4318655.143, 104
Trd, 4318656.943, 110
Trd, 4318657.443, 133
Trd, 4318657.843, 97
Trd, 4318659.693, 76
Trd, 4318660.243, 131
Trd, 4318660.343, 114
Trd, 4318661.093, 101
Trd, 4318661.643, 101
Trd, 4318661.843, 63
Trd, 4318662.843, 130
Trd, 4318664.293, 138
Trd, 4318664.543, 137
Trd, 4318665.043, 119
Trd, 4318665.593, 127
Trd, 4318666.293, 93
Trd, 4318666.843, 120
Trd, 4318669.943, 107
Trd, 4318670.143, 115
Trd, 4318671.543, 138
Trd, 4318671.643, 102
Trd, 4318671.693, 83
Trd, 4318672.193, 79
Trd, 4318672.643, 118
Trd, 4318674.843, 60
Trd, 4318675.293, 67
Trd, 4318675.443, 75
Trd, 4318675.743, 111
Trd, 4318676.393, 78
Trd, 4318676.793, 90
Trd, 4318677.343, 125
Trd, 4318678.343, 107
Trd, 4318679.343, 139
Trd, 4318680.343, 121
Trd, 4318680.493, 140
Trd, 4318680.593, 116
Trd, 4318683.243, 127
Trd, 4318683.493, 97
Trd, 4318685.143, 108
Trd, 4318685.843, 123
Trd, 4318686.143, 99
Trd, 4318686.743, 91
Trd, 4318687.093, 89
Trd, 4318688.443, 109
Trd, 4318689.143, 126
Trd, 4318689.943, 131
Trd, 4318690.443, 105
Trd, 4318690.843, 113
Trd, 4318691.393, 108
Trd, 4318692.393, 139
Trd, 4318693.093, 129
Trd, 4318694.493, 134
Trd, 4318694.943, 109
Trd, 4318696.243, 119
Trd, 4318696.343, 126
Trd, 4318696.993, 100
Trd, 4318698.193, 88
Trd, 4318698.543, 94
Trd, 4318698.693, 126
Trd, 4318699.543, 99
Trd, 4318699.643, 87
Trd, 4318700.193, 138
Trd, 4318700.993, 122
Trd, 4318702.343, 83
Trd, 4318704.343, 134
Trd, 4318706.293, 122
Trd, 4318706.493, 131
Trd, 4318707.143, 118
Trd, 4318707.543, 113
Trd, 4318708.393, 137
Trd, 4318710.043, 83
Trd, 4318710.193, 79
Trd, 4318710.393, 85
Trd, 4318711.393, 131
Trd, 4318712.443, 119
Trd, 4318712.943, 65
Trd, 4318712.993, 73
Trd, 4318714.793, 136
Trd, 4318715.193, 113
Trd, 4318715.793, 83
Trd, 4318716.243, 87
Trd, 4318718.843, 138
Trd, 4318718.943, 121
Trd, 4318719.443, 98
Trd, 4318720.343, 97
Trd, 4318720.693, 112
Trd, 4318721.143, 132
Trd, 4318722.743, 127
Trd, 4318722.893, 79
Trd, 4318723.743, 134
Trd, 4318725.793, 106
Trd, 4318726.693, 103
Trd, 4318726.843, 115
Trd, 4318728.043, 120
Trd, 4318728.693, 128
Trd, 4318729.643, 134
Trd, 4318730.643, 93
Trd, 4318730.943, 84
Trd, 4318731.443, 106
Trd, 4318732.943, 123
Trd, 4318734.593, 125
Trd, 4318734.943, 128
Trd, 4318735.693, 115
Trd, 4318735.843, 129
Trd, 4318736.043, 95
Trd, 4318737.343, 97
Trd, 4318737.843, 89
Trd, 4318738.993, 118
Trd, 4318739.043, 110
Trd, 4318739.193, 101
Trd, 4318740.543, 86
Trd, 4318742.243, 139
Trd, 4318743.293, 136
Trd, 4318744.243, 137
Trd, 4318744.443, 111
Trd, 4318746.243, 137
Trd, 4318746.743, 111
Trd, 4318747.843, 124
Trd, 4318748.043, 120
Trd, 4318748.693, 111
Trd, 4318749.693, 114
Trd, 4318750.243, 124
Trd, 4318750.793, 91
Trd, 4318752.243, 92
Trd, 4318754.543, 122
Trd, 4318755.443, 95
Trd, 4318755.543, 127
Trd, 4318755.793, 130
Trd, 4318756.593, 93
Trd, 4318757.693, 125
Trd, 4318758.393, 114
Trd, 4318758.593, 136
Trd, 4318758.843, 88
Trd, 4318761.393, 122
Trd, 4318762.043, 124
Trd, 4318763.243, 125
Trd, 4318763.493, 95
Trd, 4318764.993, 119
Trd, 4318766.243, 137
Trd, 4318766.393, 126
Trd, 4318766.493, 112
Trd, 4318769.043, 130
Trd, 4318769.593, 118
Trd, 4318770.243, 128
Trd, 4318770.693, 116
Trd, 4318770.743, 106
Trd, 4318771.843, 119
Trd, 4318772.793, 113
Trd, 4318773.343, 74
Trd, 4318773.993, 108
Trd, 4318774.193, 116
Trd, 4318774.643, 123
Trd, 4318775.243, 96
Trd, 4318776.143, 131
Trd, 4318776.193, 103
Trd, 4318776.943, 98
Trd, 4318777.643, 117
Trd, 4318778.443, 119
Trd, 4318778.593, 93
Trd, 4318781.043, 83
Trd, 4318781.143, 87
Trd, 4318781.693, 135
Trd, 4318782.743, 136
Trd, 4318784.093, 101
Trd, 4318785.043, 137
Trd, 4318785.093, 105
Trd, 4318785.943, 106
Trd, 4318787.143, 88
Trd, 4318787.593, 117
Trd, 4318787.943, 93
Trd, 4318789.093, 113
Trd, 4318789.893, 137
Trd, 4318790.093, 128
Trd, 4318791.543, 118
Trd, 4318791.743, 109
Trd, 4318793.143, 105
Trd, 4318793.243, 88
Trd, 4318793.693, 101
Trd, 4318794.493, 75
Trd, 4318794.793, 102
Trd, 4318795.343, 67
Trd, 4318795.943, 122
Trd, 4318796.193, 81
Trd, 4318798.093, 124
Trd, 4318799.693, 89
Trd, 4318800.393, 93
Trd, 4318801.043, 93
Trd, 4318801.593, 87
Trd, 4318801.943, 110
Trd, 4318803.043, 136
Trd, 4318803.493, 101
Trd, 4318803.943, 133
Trd, 4318804.343, 95
Trd, 4318804.593, 108
Trd, 4318806.443, 113
Trd, 4318806.543, 106
Trd, 4318806.893, 128
Trd, 4318807.393, 137
Trd, 4318807.493, 102
Trd, 4318807.943, 85
Trd, 4318809.643, 71
Trd, 4318810.043, 107
Trd, 4318810.893, 107
Trd, 4318812.143, 92
Trd, 4318814.143, 131
Trd, 4318814.743, 107
Trd, 4318815.893, 126
Trd, 4318815.943, 115
Trd, 4318816.893, 134
Trd, 4318817.443, 137
Trd, 4318819.193, 131
Trd, 4318820.243, 130
Trd, 4318820.293, 122
Trd, 4318820.943, 132
Trd, 4318822.793, 125
Trd, 4318823.143, 110
Trd, 4318823.193, 101
Trd, 4318825.243, 136
Trd, 4318825.793, 121
Trd, 4318825.943, 109
Trd, 4318826.743, 83
Trd, 4318826.843, 79
Trd, 4318827.543, 132
Trd, 4318828.093, 122
Trd, 4318828.493, 115
Trd, 4318829.343, 100
Trd, 4318829.643, 101
Trd, 4318830.293, 125
Trd, 4318831.093, 115
Trd, 4318831.493, 97
Trd, 4318832.743, 118
Trd, 4318833.243, 125
Trd, 4318834.593, 110
Trd, 4318836.093, 108
Trd, 4318836.543, 137
Trd, 4318837.193, 73
Trd, 4318837.643, 70
Trd, 4318837.943, 111
Trd, 4318838.193, 74
Trd, 4318838.993, 92
Trd, 4318839.843, 122
Trd, 4318839.993, 129
Trd, 4318840.193, 125
Trd, 4318840.243, 108
Trd, 4318840.943, 101
Trd, 4318844.693, 106
Trd, 4318845.243, 132
Trd, 4318845.793, 106
Trd, 4318845.843, 95
Trd, 4318846.043, 114
Trd, 4318847.543, 73
Trd, 4318849.293, 139
Trd, 4318851.143, 100
Trd, 4318851.893, 83
Trd, 4318853.143, 110
Trd, 4318854.343, 124
Trd, 4318854.393, 103
Trd, 4318855.093, 118
Trd, 4318855.293, 117
Trd, 4318856.143, 108
Trd, 4318856.343, 126
Trd, 4318856.643, 98
Trd, 4318857.443, 87
Trd, 4318861.593, 127
Trd, 4318862.243, 135
Trd, 4318862.443, 113
Trd, 4318862.643, 111
Trd, 4318863.143, 104
Trd, 4318863.193, 96
Trd, 4318863.393, 101
Trd, 4318864.093, 96
Trd, 4318864.993, 129
Trd, 4318866.093, 85
Trd, 4318866.543, 106
Trd, 4318866.743, 79
Trd, 4318866.943, 71
Trd, 4318868.393, 100
Trd, 4318869.643, 122
Trd, 4318869.743, 106
Trd, 4318869.943, 94
Trd, 4318871.043, 84
Trd, 4318872.493, 119
Trd, 4318873.143, 122
Trd, 4318873.393, 134
Trd, 4318873.943, 115
Trd, 4318874.643, 105
Trd, 4318875.193, 139
Trd, 4318876.093, 115
Trd, 4318876.393, 107
Trd, 4318877.293, 93
Trd, 4318877.343, 85
Trd, 4318878.493, 125
Trd, 4318879.293, 89
Trd, 4318881.093, 103
Trd, 4318881.243, 122
Trd, 4318881.793, 136
Trd, 4318882.393, 99
Trd, 4318883.793, 113
Trd, 4318884.743, 126
Trd, 4318885.743, 121
Trd, 4318886.843, 125
Trd, 4318887.543, 111
Trd, 4318887.793, 102
Trd, 4318889.393, 114
Trd, 4318890.093, 103
Trd, 4318890.893, 105
Trd, 4318891.093, 90
Trd, 4318892.493, 98
Trd, 4318892.693, 132
Trd, 4318893.593, 71
Trd, 4318894.193, 84
Trd, 4318894.843, 79
Trd, 4318896.443, 124
Trd, 4318896.693, 112
Trd, 4318896.743, 109
Trd, 4318897.343, 116
Trd, 4318898.093, 83
Trd, 4318898.693, 90
Trd, 4318898.993, 111
Trd, 4318900.193, 138
Trd, 4318900.993, 119
Trd, 4318901.743, 116
Trd, 4318902.993, 139
Trd, 4318904.093, 117
Trd, 4318905.243, 106
Trd, 4318905.593, 106
Trd, 4318905.893, 104
Trd, 4318906.843, 138
Trd, 4318908.143, 139
Trd, 4318908.293, 116
Trd, 4318909.993, 92
Trd, 4318911.593, 106
Trd, 4318911.643, 96
Trd, 4318911.943, 90
Trd, 4318913.193, 105
Trd, 4318913.343, 89
Trd, 4318913.993, 131
Trd, 4318916.043, 137
Trd, 4318916.193, 130
Trd, 4318916.443, 123
Trd, 4318916.693, 118
Trd, 4318916.943, 101
Trd, 4318917.693, 104
Trd, 4318918.193, 91
Trd, 4318918.543, 90
Trd, 4318919.093, 85
Trd, 4318921.343, 119
Trd, 4318922.343, 115
Trd, 4318922.693, 122
Trd, 4318923.693, 103
Trd, 4318924.143, 139
Trd, 4318927.243, 113
Trd, 4318927.643, 137
Trd, 4318928.193, 70
Trd, 4318928.693, 80
Trd, 4318928.943, 68
Trd, 4318930.543, 107
Trd, 4318930.793, 107
Trd, 4318931.043, 93
Trd, 4318931.993, 94
Trd, 4318933.293, 123
Trd, 4318933.643, 110
Trd, 4318934.193, 136
Trd, 4318934.943, 120
Trd, 4318935.893, 72
Trd, 4318935.993, 86
Trd, 4318938.243, 102
Trd, 4318938.543, 102
Trd, 4318939.043, 107
Trd, 4318939.243, 131
Trd, 4318940.443, 80
Trd, 4318940.743, 87
Trd, 4318941.393, 77
Trd, 4318942.093, 122
Trd, 4318942.693, 113
Trd, 4318944.543, 112
Trd, 4318944.743, 102
Trd, 4318944.843, 137
Trd, 4318945.643, 110
Trd, 4318946.493, 91
Trd, 4318946.643, 106
Trd, 4318947.993, 95
Trd, 4318948.993, 112
Trd, 4318950.143, 139
Trd, 4318950.193, 109
Trd, 4318951.593, 127
Trd, 4318952.243, 120
Trd, 4318953.043, 119
Trd, 4318953.693, 119
Trd, 4318954.393, 127
Trd, 4318955.193, 101
Trd, 4318957.493, 139
Trd, 4318957.593, 101
Trd, 4318958.293, 101
Trd, 4318958.693, 135
Trd, 4318960.943, 106
Trd, 4318961.193, 138
Trd, 4318962.043, 110
Trd, 4318962.443, 101
Trd, 4318963.143, 128
Trd, 4318964.343, 128
Trd, 4318964.393, 113
Trd, 4318965.443, 139
Trd, 4318965.793, 131
Trd, 4318967.043, 130
Trd, 4318968.493, 124
Trd, 4318969.493, 132
Trd, 4318970.343, 105
Trd, 4318970.493, 120
Trd, 4318970.593, 102
Trd, 4318970.743, 136
Trd, 4318971.443, 129
Trd, 4318971.993, 136
Trd, 4318972.743, 133
Trd, 4318973.143, 112
Trd, 4318974.093, 129
Trd, 4318975.493, 111
Trd, 4318976.293, 135
Trd, 4318977.293, 123
Trd, 4318977.643, 132
Trd, 4318978.343, 110
Trd, 4318978.993, 105
Trd, 4318979.393, 87
Trd, 4318979.693, 111
Trd, 4318980.943, 119
Trd, 4318981.043, 100
Trd, 4318982.793, 85
Trd, 4318983.693, 101
Trd, 4318984.243, 119
Trd, 4318984.893, 79
Trd, 4318986.193, 109
Trd, 4318986.443, 93
Trd, 4318986.543, 104
Trd, 4318988.393, 111
Trd, 4318989.093, 140
Trd, 4318989.593, 135
Trd, 4318990.493, 103
Trd, 4318991.693, 137
Trd, 4318991.843, 119
Trd, 4318992.943, 118
Trd, 4318993.893, 140
Trd, 4318994.143, 107
Trd, 4318995.943, 130
Trd, 4318996.043, 111
Trd, 4318996.143, 99
Trd, 4318996.643, 88
Trd, 4318997.443, 138
Trd, 4318998.293, 123
Trd, 4318999.243, 116
Trd, 4319000.143, 81
Trd, 4319000.843, 123
Trd, 4319001.993, 89
Trd, 4319002.593, 97
Trd, 4319004.143, 118
Trd, 4319004.543, 85
Trd, 4319004.593, 82
Trd, 4319006.493, 71
Trd, 4319007.143, 93
Trd, 4319007.343, 80
Trd, 4319009.093, 96
Trd, 4319009.593, 119
Trd, 4319010.893, 99
Trd, 4319012.243, 121
Trd, 4319012.543, 76
Trd, 4319013.093, 128
Trd, 4319013.543, 67
Trd, 4319015.493, 124
Trd, 4319017.993, 121
Trd, 4319018.193, 98
Trd, 4319018.993, 81
Trd, 4319019.693, 97
Trd, 4319021.743, 137
Trd, 4319022.593, 136
Trd, 4319022.993, 119
Trd, 4319023.393, 112
Trd, 4319024.293, 136
Trd, 4319024.993, 114
Trd, 4319025.093, 113
Trd, 4319025.693, 97
Trd, 4319028.393, 108
Trd, 4319028.443, 118
Trd, 4319028.943, 134
Trd, 4319029.493, 105
Trd, 4319030.143, 125
Trd, 4319031.543, 135
Trd, 4319031.693, 134
Trd, 4319032.543, 119
Trd, 4319032.593, 98
Trd, 4319033.793, 137
Trd, 4319034.393, 110
Trd, 4319034.693, 125
Trd, 4319035.243, 104
Trd, 4319036.593, 135
Trd, 4319038.293, 135
Trd, 4319040.143, 138
Trd, 4319040.343, 128
Trd, 4319040.593, 137
Trd, 4319041.143, 119
Trd, 4319042.043, 104
Trd, 4319045.093, 108
Trd, 4319046.743, 116
Trd, 4319047.193, 131
Trd, 4319047.743, 129
Trd, 4319047.793, 107
Trd, 4319048.843, 120
Trd, 4319050.543, 87
Trd, 4319050.693, 99
Trd, 4319050.943, 82
Trd, 4319051.843, 125
Trd, 4319051.993, 86
Trd, 4319052.493, 104
Trd, 4319052.693, 82
Trd, 4319053.443, 123
Trd, 4319054.543, 102
Trd, 4319055.293, 116
Trd, 4319057.343, 97
Trd, 4319057.593, 67
Trd, 4319057.943, 84
Trd, 4319058.443, 93
Trd, 4319059.093, 135
Trd, 4319060.243, 122
Trd, 4319061.443, 99
Trd, 4319062.043, 82
Trd, 4319063.393, 138
Trd, 4319064.343, 94
Trd, 4319065.043, 132
Trd, 4319065.843, 111
Trd, 4319067.293, 103
Trd, 4319068.493, 81
Trd, 4319069.043, 79
Trd, 4319069.893, 118
Trd, 4319070.343, 129
Trd, 4319070.893, 105
Trd, 4319071.143, 86
Trd, 4319072.243, 120
Trd, 4319072.293, 117
Trd, 4319073.543, 134
Trd, 4319073.593, 114
Trd, 4319073.843, 103
Trd, 4319074.793, 127
Trd, 4319075.043, 107
Trd, 4319075.793, 111
Trd, 4319076.243, 128
Trd, 4319077.443, 89
Trd, 4319077.543, 101
Trd, 4319077.593, 132
Trd, 4319079.793, 139
Trd, 4319080.593, 104
Trd, 4319080.943, 112
Trd, 4319081.343, 89
Trd, 4319082.543, 60
Trd, 4319083.393, 94
Trd, 4319084.893, 131
Trd, 4319086.293, 80
Trd, 4319086.793, 110
Trd, 4319087.643, 139
Trd, 4319087.743, 116
Trd, 4319087.893, 112
Trd, 4319087.943, 95
Trd, 4319089.143, 136
Trd, 4319091.193, 102
Trd, 4319091.943, 88
Trd, 4319093.243, 123
Trd, 4319093.843, 112
Trd, 4319094.043, 108
Trd, 4319094.393, 85
Trd, 4319095.093, 140
Trd, 4319096.143, 102
Trd, 4319096.243, 65
Trd, 4319096.693, 75
Trd, 4319097.793, 117
Trd, 4319098.543, 126
Trd, 4319098.593, 133
Trd, 4319099.043, 121
Trd, 4319099.643, 108
Trd, 4319100.943, 63
Trd, 4319102.043, 132
Trd, 4319102.143, 82
Trd, 4319102.543, 92
Trd, 4319102.943, 135
Trd, 4319104.443, 125
Trd, 4319104.793, 117
Trd, 4319106.243, 133
Trd, 4319107.543, 97
Trd, 4319108.793, 138
Trd, 4319109.943, 126
Trd, 4319109.993, 108
Trd, 4319111.043, 69
Trd, 4319112.793, 73
Trd, 4319113.943, 134
Trd, 4319114.043, 118
Trd, 4319114.493, 112
Trd, 4319114.693, 130
Trd, 4319115.793, 137
Trd, 4319116.643, 113
Trd, 4319116.743, 109
Trd, 4319117.543, 99
Trd, 4319118.293, 134
Trd, 4319118.493, 106
Trd, 4319118.993, 132
Trd, 4319119.193, 126
Trd, 4319120.943, 133
Trd, 4319121.643, 99
Trd, 4319122.843, 133
Trd, 4319123.743, 129
Trd, 4319124.593, 122
Trd, 4319126.093, 79
Trd, 4319126.393, 91
Trd, 4319126.643, 81
Trd, 4319127.243, 126
Trd, 4319127.943, 124
Trd, 4319129.643, 139
Trd, 4319130.043, 137
Trd, 4319131.943, 131
Trd, 4319132.193, 112
Trd, 4319132.293, 103
Trd, 4319132.693, 84
Trd, 4319133.043, 63
Trd, 4319135.093, 127
Trd, 4319136.143, 126
Trd, 4319136.493, 122
Trd, 4319137.443, 136
Trd, 4319138.293, 96
Trd, 4319138.593, 117
Trd, 4319138.893, 96
Trd, 4319140.043, 107
Trd, 4319140.243, 113
Trd, 4319141.993, 126
Trd, 4319142.193, 120
Trd, 4319145.293, 122
Trd, 4319145.893, 134
Trd, 4319145.943, 106
Trd, 4319146.243, 110
Trd, 4319146.443, 101
Trd, 4319146.993, 131
Trd, 4319147.593, 109
Trd, 4319148.343, 101
Trd, 4319148.743, 106
Trd, 4319150.143, 127
Trd, 4319150.443, 128
Trd, 4319150.993, 116
Trd, 4319153.443, 102
Trd, 4319153.943, 110
Trd, 4319154.543, 94
Trd, 4319154.843, 84
Trd, 4319154.993, 89
Trd, 4319156.043, 103
Trd, 4319156.693, 80
Trd, 4319157.393, 95
Trd, 4319157.843, 108
Trd, 4319159.793, 136
Trd, 4319160.993, 131
Trd, 4319161.443, 123
Trd, 4319161.493, 116
Trd, 4319161.743, 124
Trd, 4319162.943, 140
Trd, 4319163.093, 127
Trd, 4319164.393, 94
Trd, 4319164.593, 103
Trd, 4319165.243, 78
Trd, 4319166.243, 140
Trd, 4319166.343, 130
Trd, 4319167.243, 112
Trd, 4319167.743, 82
Trd, 4319168.143, 103
Trd, 4319169.193, 83
Trd, 4319169.243, 76
Trd, 4319169.393, 88
Trd, 4319170.493, 92
Trd, 4319171.693, 103
Trd, 4319173.643, 121
Trd, 4319174.443, 113
Trd, 4319174.793, 117
Trd, 4319174.943, 115
Trd, 4319175.043, 103
Trd, 4319176.093, 124
Trd, 4319176.243, 101
Trd, 4319177.693, 116
Trd, 4319177.893, 113
Trd, 4319179.343, 108
Trd, 4319180.593, 96
Trd, 4319180.893, 101
Trd, 4319181.143, 118
Trd, 4319181.893, 110
Trd, 4319182.143, 88
Trd, 4319182.943, 122
Trd, 4319183.393, 114
Trd, 4319184.643, 121
Trd, 4319184.993, 79
Trd, 4319187.793, 138
Trd, 4319188.143, 134
Trd, 4319188.393, 131
Trd, 4319189.243, 76
Trd, 4319190.093, 124
Trd, 4319191.093, 98
Trd, 4319191.693, 108
Trd, 4319191.993, 114
Trd, 4319192.493, 139
Trd, 4319192.793, 90
Trd, 4319195.143, 127
Trd, 4319196.193, 108
Trd, 4319196.743, 101
Trd, 4319198.193, 116
Trd, 4319198.743, 104
Trd, 4319199.143, 80
Trd, 4319199.543, 107
Trd, 4319200.593, 117
Trd, 4319201.893, 107
Trd, 4319202.093, 104
Trd, 4319202.493, 110
Trd, 4319202.943, 78
Trd, 4319204.643, 108
Trd, 4319205.743, 105
Trd, 4319206.493, 138
Trd, 4319207.543, 110
Trd, 4319207.893, 91
Trd, 4319208.693, 93
Trd, 4319209.143, 127
Trd, 4319209.943, 86
Trd, 4319210.543, 78
Trd, 4319210.693, 78
Trd, 4319210.943, 78
Trd, 4319212.243, 61
Trd, 4319212.843, 129
Trd, 4319214.143, 92
Trd, 4319214.493, 88
Trd, 4319214.943, 89
Trd, 4319216.043, 83
Trd, 4319217.443, 136
Trd, 4319219.893, 138
Trd, 4319220.093, 138
Trd, 4319220.243, 136
Trd, 4319220.293, 134
Trd, 4319222.193, 139
Trd, 4319223.093, 134
Trd, 4319224.343, 132
Trd, 4319224.543, 137
Trd, 4319226.443, 126
Trd, 4319226.793, 94
Trd, 4319227.443, 131
Trd, 4319227.943, 115
Trd, 4319228.543, 103
Trd, 4319228.693, 95
Trd, 4319228.893, 137
Trd, 4319229.393, 94
Trd, 4319229.693, 83
Trd, 4319230.643, 79
Trd, 4319231.843, 104
Trd, 4319231.993, 119
Trd, 4319232.893, 134
Trd, 4319233.093, 94
Trd, 4319235.293, 114
Trd, 4319235.793, 103
Trd, 4319236.393, 101
Trd, 4319237.893, 130
Trd, 4319237.993, 126
Trd, 4319239.043, 118
Trd, 4319239.243, 140
Trd, 4319240.743, 92
Trd, 4319241.593, 126
Trd, 4319243.243, 139
Trd, 4319243.443, 112
Trd, 4319243.693, 109
Trd, 4319244.043, 119
Trd, 4319245.443, 129
Trd, 4319246.143, 137
Trd, 4319246.193, 110
Trd, 4319246.393, 70
Trd, 4319246.743, 124
Trd, 4319248.543, 130
Trd, 4319248.943, 129
Trd, 4319251.443, 103
Trd, 4319253.193, 135
Trd, 4319253.393, 131
Trd, 4319253.593, 132
Trd, 4319254.093, 140
Trd, 4319254.443, 129
Trd, 4319256.243, 115
Trd, 4319256.393, 112
Trd, 4319257.643, 135
Trd, 4319258.943, 104
Trd, 4319259.743, 67
Trd, 4319260.343, 85
Trd, 4319260.443, 82
Trd, 4319261.493, 75
Trd, 4319261.643, 91
Trd, 4319262.143, 134
Trd, 4319262.993, 114
Trd, 4319264.443, 134
Trd, 4319264.843, 122
Trd, 4319264.993, 112
Trd, 4319265.843, 129
Trd, 4319265.943, 102
Trd, 4319266.793, 103
Trd, 4319267.293, 118
Trd, 4319267.493, 117
Trd, 4319268.993, 121
Trd, 4319270.243, 92
Trd, 4319270.593, 69
Trd, 4319271.443, 85
Trd, 4319271.843, 94
Trd, 4319273.443, 108
Trd, 4319273.843, 138
Trd, 4319274.143, 122
Trd, 4319274.193, 111
Trd, 4319275.493, 121
Trd, 4319275.943, 101
Trd, 4319276.743, 127
Trd, 4319277.243, 120
Trd, 4319277.893, 112
Trd, 4319278.093, 115
Trd, 4319279.143, 103
Trd, 4319279.193, 123
Trd, 4319279.543, 133
Trd, 4319281.393, 108
Trd, 4319282.693, 137
Trd, 4319283.343, 134
Trd, 4319283.793, 118
Trd, 4319283.893, 117
Trd, 4319284.293, 101
Trd, 4319286.743, 125
Trd, 4319288.793, 130
Trd, 4319289.643, 114
Trd, 4319290.243, 91
Trd, 4319291.043, 123
Trd, 4319291.443, 107
Trd, 4319291.893, 112
Trd, 4319293.793, 120
Trd, 4319294.143, 132
Trd, 4319294.343, 107
Trd, 4319294.743, 110
Trd, 4319295.993, 135
Trd, 4319296.493, 65
Trd, 4319296.543, 108
Trd, 4319298.893, 135
Trd, 4319299.143, 109
Trd, 4319300.493, 121
Trd, 4319301.443, 115
Trd, 4319301.993, 115
Trd, 4319303.093, 118
Trd, 4319303.293, 96
Trd, 4319303.643, 119
Trd, 4319304.093, 134
Trd, 4319304.593, 113
Trd, 4319304.893, 94
Trd, 4319307.093, 112
Trd, 4319307.993, 112
Trd, 4319308.593, 137
Trd, 4319309.193, 110
Trd, 4319310.593, 94
Trd, 4319311.593, 76
Trd, 4319312.293, 138
Trd, 4319313.643, 127
Trd, 4319315.143, 98
Trd, 4319315.843, 92
Trd, 4319316.843, 104
Trd, 4319320.293, 134
Trd, 4319320.393, 115
Trd, 4319320.593, 136
Trd, 4319320.693, 109
Trd, 4319321.043, 128
Trd, 4319321.493, 133
Trd, 4319322.243, 135
Trd, 4319322.993, 100
Trd, 4319323.593, 128
Trd, 4319325.043, 117
Trd, 4319326.143, 136
Trd, 4319326.293, 101
Trd, 4319327.243, 133
Trd, 4319327.593, 103
Trd, 4319329.593, 106
Trd, 4319330.043, 120
Trd, 4319330.993, 129
Trd, 4319331.393, 129
Trd, 4319332.643, 93
Trd, 4319334.343, 130
Trd, 4319334.643, 139
Trd, 4319335.843, 100
Trd, 4319336.393, 93
Trd, 4319336.743, 92
Trd, 4319337.643, 115
Trd, 4319337.793, 105
Trd, 4319338.243, 134
Trd, 4319338.843, 105
Trd, 4319339.143, 105
Trd, 4319340.943, 133
Trd, 4319341.393, 131
Trd, 4319341.793, 131
Trd, 4319343.643, 121
Trd, 4319343.793, 119
Trd, 4319344.243, 104
Trd, 4319344.893, 94
Trd, 4319345.593, 99
Trd, 4319346.393, 75
Trd, 4319346.793, 79
Trd, 4319347.093, 140
Trd, 4319349.293, 65
Trd, 4319349.943, 84
Trd, 4319349.993, 91
Trd, 4319351.193, 115
Trd, 4319351.393, 106
Trd, 4319351.493, 123
Trd, 4319352.493, 134
Trd, 4319355.043, 131
Trd, 4319355.093, 126
Trd, 4319357.343, 136
Trd, 4319357.693, 96
Trd, 4319358.193, 118
Trd, 4319358.343, 115
Trd, 4319358.743, 137
Trd, 4319359.993, 86
Trd, 4319360.243, 96
Trd, 4319360.543, 74
Trd, 4319361.293, 94
Trd, 4319362.243, 68
Trd, 4319362.393, 111
Trd, 4319363.893, 121
Trd, 4319364.093, 86
Trd, 4319364.743, 89
Trd, 4319365.893, 119
Trd, 4319365.943, 103
Trd, 4319366.393, 132
Trd, 4319368.193, 94
Trd, 4319368.293, 97
Trd, 4319368.493, 97
Trd, 4319368.693, 76
Trd, 4319369.493, 88
Trd, 4319370.343, 112
Trd, 4319371.593, 140
Trd, 4319371.693, 101
Trd, 4319372.443, 84
Trd, 4319372.593, 78
Trd, 4319373.793, 66
Trd, 4319374.243, 83
Trd, 4319375.043, 140
Trd, 4319375.843, 134
Trd, 4319377.343, 122
Trd, 4319377.643, 131
Trd, 4319378.343, 132
Trd, 4319378.843, 111
Trd, 4319380.243, 127
Trd, 4319380.393, 116
Trd, 4319381.693, 132
Trd, 4319381.843, 108
Trd, 4319382.143, 100
Trd, 4319382.243, 91
Trd, 4319383.493, 128
Trd, 4319383.893, 75
Trd, 4319385.243, 90
Trd, 4319386.843, 126
Trd, 4319386.893, 121
Trd, 4319387.093, 120
Trd, 4319387.943, 121
Trd, 4319389.093, 126
Trd, 4319389.193, 134
Trd, 4319389.243, 103
Trd, 4319390.693, 124
Trd, 4319390.943, 136
Trd, 4319393.293, 122
Trd, 4319393.593, 113
Trd, 4319393.793, 112
Trd, 4319393.993, 103
Trd, 4319395.393, 124
Trd, 4319395.793, 101
Trd, 4319395.993, 76
Trd, 4319396.493, 96
Trd, 4319398.393, 135
Trd, 4319399.743, 130
Trd, 4319399.893, 118
Trd, 4319401.343, 121
Trd, 4319402.993, 121
Trd, 4319404.293, 118
Trd, 4319404.543, 123
Trd, 4319405.643, 124
Trd, 4319406.543, 131
Trd, 4319407.643, 115
Trd, 4319407.893, 113
Trd, 4319408.093, 112
Trd, 4319408.843, 111
Trd, 4319410.343, 140
Trd, 4319411.493, 137
Trd, 4319413.393, 127
Trd, 4319413.643, 140
Trd, 4319413.743, 113
Trd, 4319416.143, 115
Trd, 4319416.193, 113
Trd, 4319417.093, 119
Trd, 4319418.143, 133
Trd, 4319420.393, 140
Trd, 4319420.893, 112
Trd, 4319421.243, 133
Trd, 4319421.343, 119
Trd, 4319422.443, 114
Trd, 4319422.493, 103
Trd, 4319422.743, 105
Trd, 4319423.843, 127
Trd, 4319424.143, 65
Trd, 4319424.843, 101
Trd, 4319427.043, 122
Trd, 4319428.293, 124
Trd, 4319428.793, 125
Trd, 4319429.043, 101
Trd, 4319429.593, 87
Trd, 4319430.143, 95
Trd, 4319430.543, 99
Trd, 4319430.943, 112
Trd, 4319432.093, 138
Trd, 4319432.743, 140
Trd, 4319433.493, 127
Trd, 4319434.493, 136
Trd, 4319435.093, 102
Trd, 4319435.643, 113
Trd, 4319438.143, 93
Trd, 4319439.293, 136
Trd, 4319440.443, 111
Trd, 4319440.593, 116
Trd, 4319441.493, 82
Trd, 4319442.443, 113
Trd, 4319442.493, 105
Trd, 4319442.743, 135
Trd, 4319442.893, 97
Trd, 4319444.293, 112
Trd, 4319445.193, 138
Trd, 4319445.693, 117
Trd, 4319447.693, 131
Trd, 4319448.943, 136
Trd, 4319449.343, 140
Trd, 4319449.643, 138
Trd, 4319451.143, 110
Trd, 4319451.443, 90
Trd, 4319451.943, 119
Trd, 4319453.243, 79
Trd, 4319454.043, 97
Trd, 4319455.493, 125
Trd, 4319455.543, 107
Trd, 4319455.743, 81
Trd, 4319457.443, 106
Trd, 4319457.943, 86
Trd, 4319458.343, 92
Trd, 4319458.793, 120
Trd, 4319460.143, 120
Trd, 4319460.293, 134
Trd, 4319461.643, 72
Trd, 4319462.893, 104
Trd, 4319463.943, 134
Trd, 4319463.993, 115
Trd, 4319464.893, 120
Trd, 4319465.793, 107
Trd, 4319466.043, 101
Trd, 4319467.543, 89
Trd, 4319468.043, 112
Trd, 4319468.993, 126
Trd, 4319469.793, 116
Trd, 4319470.343, 122
Trd, 4319471.643, 116
Trd, 4319472.293, 124
Trd, 4319473.093, 138
Trd, 4319473.793, 132
Trd, 4319473.893, 123
Trd, 4319474.493, 125
Trd, 4319474.693, 116
Trd, 4319476.643, 96
Trd, 4319477.143, 95
Trd, 4319477.393, 95
Trd, 4319478.293, 95
Trd, 4319478.993, 71
Trd, 4319479.193, 99
Trd, 4319479.843, 88
Trd, 4319480.893, 70
Trd, 4319482.493, 131
Trd, 4319483.093, 114
Trd, 4319483.443, 102
Trd, 4319484.543, 117
Trd, 4319485.043, 103
Trd, 4319485.343, 134
Trd, 4319485.443, 96
Trd, 4319486.243, 81
Trd, 4319487.093, 106
Trd, 4319487.443, 74
Trd, 4319488.143, 116
Trd, 4319488.443, 94
Trd, 4319489.643, 76
Trd, 4319490.593, 103
Trd, 4319491.093, 70
Trd, 4319491.493, 108
Trd, 4319492.293, 66
Trd, 4319493.593, 101
Trd, 4319494.043, 87
Trd, 4319495.243, 136
Trd, 4319497.993, 109
Trd, 4319498.443, 117
Trd, 4319499.493, 102
Trd, 4319499.893, 106
Trd, 4319500.143, 137
Trd, 4319500.943, 128
Trd, 4319501.343, 89
Trd, 4319502.343, 127
Trd, 4319502.493, 121
Trd, 4319503.743, 93
Trd, 4319504.243, 85
Trd, 4319505.193, 97
Trd, 4319506.293, 132
Trd, 4319506.493, 112
Trd, 4319506.893, 65
Trd, 4319507.693, 99
Trd, 4319509.143, 76
Trd, 4319509.943, 75
Trd, 4319510.543, 104
Trd, 4319511.093, 95
Trd, 4319511.443, 105
Trd, 4319512.643, 81
Trd, 4319512.743, 83
Trd, 4319513.293, 73
Trd, 4319513.543, 82
Trd, 4319513.993, 116
Trd, 4319515.393, 92
Trd, 4319515.693, 116
Trd, 4319517.243, 136
Trd, 4319518.193, 117
Trd, 4319519.143, 108
Trd, 4319520.243, 122
Trd, 4319520.793, 126
Trd, 4319521.443, 105
Trd, 4319522.593, 122
Trd, 4319522.893, 71
Trd, 4319522.993, 104
Trd, 4319523.243, 127
Trd, 4319525.143, 93
Trd, 4319525.293, 103
Trd, 4319526.493, 88
Trd, 4319527.743, 82
Trd, 4319529.293, 75
Trd, 4319530.593, 126
Trd, 4319531.193, 85
Trd, 4319531.493, 83
Trd, 4319531.693, 82
Trd, 4319533.893, 128
Trd, 4319534.943, 100
Trd, 4319535.593, 113
Trd, 4319535.943, 96
Trd, 4319536.293, 112
Trd, 4319536.543, 89
Trd, 4319538.143, 140
Trd, 4319538.943, 123
Trd, 4319540.043, 132
Trd, 4319540.643, 102
Trd, 4319540.893, 135
Trd, 4319542.143, 111
Trd, 4319542.343, 138
Trd, 4319546.593, 121
Trd, 4319546.743, 132
Trd, 4319547.293, 80
Trd, 4319547.543, 113
Trd, 4319547.693, 107
Trd, 4319548.743, 90
Trd, 4319549.743, 88
Trd, 4319551.143, 92
Trd, 4319551.293, 96
Trd, 4319552.493, 138
Trd, 4319552.543, 134
Trd, 4319552.843, 112
Trd, 4319553.393, 113
Trd, 4319553.643, 125
Trd, 4319554.643, 137
Trd, 4319555.643, 140
Trd, 4319556.143, 118
Trd, 4319556.293, 113
Trd, 4319556.493, 134
Trd, 4319557.393, 89
Trd, 4319558.593, 128
Trd, 4319559.243, 94
Trd, 4319559.793, 111
Trd, 4319560.643, 139
Trd, 4319561.043, 114
Trd, 4319562.693, 115
Trd, 4319563.643, 139
Trd, 4319563.943, 137
Trd, 4319564.143, 94
Trd, 4319564.343, 105
Trd, 4319564.693, 100
Trd, 4319566.393, 138
Trd, 4319566.443, 125
Trd, 4319566.843, 88
Trd, 4319568.143, 84
Trd, 4319569.343, 122
Trd, 4319570.093, 119
Trd, 4319570.593, 125
Trd, 4319571.593, 115
Trd, 4319571.643, 106
Trd, 4319573.043, 112
Trd, 4319573.643, 115
Trd, 4319574.143, 123
Trd, 4319575.393, 130
Trd, 4319575.893, 108
Trd, 4319576.843, 121
Trd, 4319576.893, 107
Trd, 4319578.643, 133
Trd, 4319579.293, 119
Trd, 4319579.793, 101
Trd, 4319579.893, 81
Trd, 4319580.993, 119
Trd, 4319581.993, 108
Trd, 4319582.343, 97
Trd, 4319582.543, 91
Trd, 4319584.243, 102
Trd, 4319584.493, 84
Trd, 4319585.243, 140
Trd, 4319586.143, 134
Trd, 4319586.643, 93
Trd, 4319587.943, 124
Trd, 4319589.043, 116
Trd, 4319590.343, 102
Trd, 4319591.643, 109
Trd, 4319592.593, 119
Trd, 4319592.993, 96
Trd, 4319593.393, 106
Trd, 4319595.443, 115
Trd, 4319595.543, 135
Trd, 4319595.843, 75
Trd, 4319595.993, 97
Trd, 4319596.993, 73
Trd, 4319598.143, 119
Trd, 4319599.793, 101
Trd, 4319600.043, 90
Trd, 4319600.143, 105
Trd, 4319601.543, 132
Trd, 4319602.193, 136
Trd, 4319603.293, 117
Trd, 4319604.493, 125
Trd, 4319604.993, 112
Trd, 4319605.293, 97
Trd, 4319605.743, 79
Trd, 4319606.693, 132
Trd, 4319607.843, 132
Trd, 4319608.093, 118
Trd, 4319608.143, 108
Trd, 4319608.393, 91
Trd, 4319609.943, 74
Trd, 4319610.393, 106
Trd, 4319610.443, 107
Trd, 4319612.493, 118
Trd, 4319612.943, 100
Trd, 4319613.243, 93
Trd, 4319613.343, 81
Trd, 4319614.143, 116
Trd, 4319614.593, 135
Trd, 4319615.143, 103
Trd, 4319615.593, 127
Trd, 4319615.643, 132
Trd, 4319618.493, 114
Trd, 4319618.943, 92
Trd, 4319619.793, 83
Trd, 4319619.843, 67
Trd, 4319620.293, 97
Trd, 4319620.343, 67
Trd, 4319622.643, 112
Trd, 4319623.043, 121
Trd, 4319623.143, 92
Trd, 4319623.993, 99
Trd, 4319625.193, 112
Trd, 4319627.643, 131
Trd, 4319628.043, 105
Trd, 4319628.293, 106
Trd, 4319629.443, 140
Trd, 4319629.543, 104
Trd, 4319631.343, 118
Trd, 4319631.793, 98
Trd, 4319632.693, 136
Trd, 4319632.793, 125
Trd, 4319633.143, 89
Trd, 4319633.293, 127
Trd, 4319633.993, 135
Trd, 4319636.143, 95
Trd, 4319636.293, 97
Trd, 4319636.493, 103
Trd, 4319637.143, 90
Trd, 4319637.243, 79
Trd, 4319637.993, 106
Trd, 4319639.793, 92
Trd, 4319640.243, 88
Trd, 4319641.393, 102
Trd, 4319641.593, 106
Trd, 4319642.393, 94
Trd, 4319642.643, 114
Trd, 4319643.243, 87
Trd, 4319643.843, 116
Trd, 4319644.293, 90
Trd, 4319644.543, 94
Trd, 4319645.193, 112
Trd, 4319645.643, 75
Trd, 4319645.793, 92
Trd, 4319646.293, 128
Trd, 4319647.043, 87
Trd, 4319648.443, 105
Trd, 4319649.743, 72
Trd, 4319650.193, 84
Trd, 4319650.293, 103
Trd, 4319650.693, 80
Trd, 4319650.893, 73
Trd, 4319650.943, 89
Trd, 4319652.793, 82
Trd, 4319653.293, 100
Trd, 4319655.743, 61
Trd, 4319656.093, 61
Trd, 4319656.293, 68
Trd, 4319657.093, 130
Trd, 4319657.643, 103
Trd, 4319659.693, 131
Trd, 4319661.493, 107
Trd, 4319662.143, 128
Trd, 4319662.643, 113
Trd, 4319663.843, 97
Trd, 4319664.943, 139
Trd, 4319665.793, 123
Trd, 4319665.943, 99
Trd, 4319666.543, 99
Trd, 4319666.793, 86
Trd, 4319667.843, 138
Trd, 4319668.493, 102
Trd, 4319668.993, 122
Trd, 4319670.893, 137
Trd, 4319671.043, 119
Trd, 4319672.143, 137
Trd, 4319672.293, 97
Trd, 4319674.093, 119
Trd, 4319675.593, 112
Trd, 4319676.493, 108
Trd, 4319676.743, 101
Trd, 4319677.193, 116
Trd, 4319678.343, 130
Trd, 4319680.643, 136
Trd, 4319680.793, 132
Trd, 4319682.793, 110
Trd, 4319683.893, 130
Trd, 4319685.443, 139
Trd, 4319685.543, 131
Trd, 4319685.693, 129
Trd, 4319686.393, 129
Trd, 4319686.843, 117
Trd, 4319687.243, 124
Trd, 4319687.993, 89
Trd, 4319688.843, 89
Trd, 4319689.493, 94
Trd, 4319690.893, 122
Trd, 4319691.443, 82
Trd, 4319691.643, 115
Trd, 4319692.643, 102
Trd, 4319693.643, 132
Trd, 4319694.343, 118
Trd, 4319695.343, 133
Trd, 4319695.843, 104
Trd, 4319696.993, 131
Trd, 4319697.043, 77
Trd, 4319698.893, 137
Trd, 4319699.193, 122
Trd, 4319700.393, 121
Trd, 4319701.543, 73
Trd, 4319701.743, 81
Trd, 4319702.243, 91
Trd, 4319703.593, 67
Trd, 4319703.693, 69
Trd, 4319703.743, 136
Trd, 4319704.193, 91
Trd, 4319704.843, 95
Trd, 4319705.043, 132
Trd, 4319705.643, 111
Trd, 4319706.143, 140
Trd, 4319706.343, 103
Trd, 4319707.793, 107
Trd, 4319709.543, 119
Trd, 4319710.093, 110
Trd, 4319710.543, 89
Trd, 4319710.643, 109
Trd, 4319711.243, 94
Trd, 4319711.993, 93
Trd, 4319714.143, 121
Trd, 4319714.493, 120
Trd, 4319714.643, 94
Trd, 4319715.293, 89
Trd, 4319716.093, 125
Trd, 4319716.443, 122
Trd, 4319719.543, 138
Trd, 4319720.343, 111
Trd, 4319720.493, 136
Trd, 4319720.643, 108
Trd, 4319720.843, 92
Trd, 4319720.993, 106
Trd, 4319723.493, 126
Trd, 4319723.793, 84
Trd, 4319724.543, 105
Trd, 4319724.743, 120
Trd, 4319725.893, 109
Trd, 4319726.043, 109
Trd, 4319727.993, 95
Trd, 4319728.243, 95
Trd, 4319729.593, 133
Trd, 4319730.143, 117
Trd, 4319730.443, 102
Trd, 4319730.743, 106
Trd, 4319730.843, 100
Trd, 4319731.593, 99
Trd, 4319731.793, 121
Trd, 4319733.593, 138
Trd, 4319734.093, 131
Trd, 4319735.993, 79
Trd, 4319736.693, 82
Trd, 4319739.293, 117
Trd, 4319739.643, 116
Trd, 4319740.043, 112
Trd, 4319741.893, 138
Trd, 4319742.093, 138
Trd, 4319742.493, 133
Trd, 4319742.843, 133
Trd, 4319743.693, 130
Trd, 4319744.943, 121
Trd, 4319744.993, 120
Trd, 4319746.543, 82
Trd, 4319747.543, 131
Trd, 4319750.293, 140
Trd, 4319750.543, 115
Trd, 4319751.043, 136
Trd, 4319751.193, 107
Trd, 4319751.743, 119
Trd, 4319752.343, 131
Trd, 4319753.093, 130
Trd, 4319755.793, 102
Trd, 4319756.893, 125
Trd, 4319757.843, 100
Trd, 4319758.193, 84
Trd, 4319758.843, 113
Trd, 4319759.693, 120
Trd, 4319759.993, 116
Trd, 4319760.793, 117
Trd, 4319761.493, 110
Trd, 4319761.993, 85
Trd, 4319762.343, 115
Trd, 4319763.043, 137
Trd, 4319763.843, 120
Trd, 4319764.343, 117
Trd, 4319766.493, 102
Trd, 4319767.093, 121
Trd, 4319767.443, 112
Trd, 4319768.593, 122
Trd, 4319769.893, 125
Trd, 4319770.193, 112
Trd, 4319770.643, 102
Trd, 4319770.843, 136
Trd, 4319771.143, 99
Trd, 4319772.843, 85
Trd, 4319773.243, 79
Trd, 4319774.443, 124
Trd, 4319775.043, 130
Trd, 4319775.443, 123
Trd, 4319775.543, 118
Trd, 4319776.343, 98
Trd, 4319777.143, 126
Trd, 4319778.393, 99
Trd, 4319780.393, 140
Trd, 4319780.643, 129
Trd, 4319781.243, 135
Trd, 4319781.893, 115
Trd, 4319782.343, 105
Trd, 4319783.643, 110
Trd, 4319785.993, 124
Trd, 4319786.193, 115
Trd, 4319786.393, 136
Trd, 4319788.393, 122
Trd, 4319789.593, 104
Trd, 4319790.343, 84
Trd, 4319790.443, 125
Trd, 4319791.243, 132
Trd, 4319791.843, 112
Trd, 4319792.093, 126
Trd, 4319793.943, 123
Trd, 4319794.193, 84
Trd, 4319795.293, 121
Trd, 4319795.693, 101
Trd, 4319795.893, 99
Trd, 4319795.943, 80
Trd, 4319798.593, 140
Trd, 4319798.843, 120
Trd, 4319799.043, 111
Trd, 4319799.493, 119
Trd, 4319799.943, 117
Trd, 4319800.443, 101
Trd, 4319801.193, 120
Trd, 4319802.143, 109
Trd, 4319802.993, 121
Trd, 4319804.043, 104
Trd, 4319804.393, 99
Trd, 4319805.793, 107
Trd, 4319806.293, 140
Trd, 4319806.343, 104
Trd, 4319807.493, 75
Trd, 4319807.693, 94
Trd, 4319807.743, 99
Trd, 4319808.493, 116
Trd, 4319809.043, 125
Trd, 4319811.743, 134
Trd, 4319811.843, 123
Trd, 4319812.693, 118
Trd, 4319813.843, 117
Trd, 4319814.543, 78
Trd, 4319814.593, 107
Trd, 4319815.193, 76
Trd, 4319815.643, 80
Trd, 4319815.943, 76
Trd, 4319817.043, 137
Trd, 4319817.193, 86
Trd, 4319819.293, 118
Trd, 4319819.393, 138
Trd, 4319819.943, 112
Trd, 4319820.643, 115
Trd, 4319820.993, 107
Trd, 4319822.393, 138
Trd, 4319823.143, 110
Trd, 4319824.743, 109
Trd, 4319826.293, 135
Trd, 4319826.493, 132
Trd, 4319826.843, 138
Trd, 4319827.593, 130
Trd, 4319827.893, 98
Trd, 4319829.143, 97
Trd, 4319830.193, 97
Trd, 4319830.693, 137
Trd, 4319832.093, 93
Trd, 4319832.543, 138
Trd, 4319834.043, 107
Trd, 4319834.593, 94
Trd, 4319834.943, 113
Trd, 4319835.043, 85
Trd, 4319836.043, 104
Trd, 4319836.143, 114
Trd, 4319837.243, 132
Trd, 4319839.243, 108
Trd, 4319839.443, 105
Trd, 4319840.393, 101
Trd, 4319840.793, 116
Trd, 4319840.843, 97
Trd, 4319842.093, 138
Trd, 4319842.643, 118
Trd, 4319843.593, 95
Trd, 4319844.393, 106
Trd, 4319844.793, 83
Trd, 4319845.393, 90
Trd, 4319846.643, 94
Trd, 4319848.243, 82
Trd, 4319848.993, 94
Trd, 4319851.143, 114
Trd, 4319851.643, 92
Trd, 4319852.443, 140
Trd, 4319852.493, 94
Trd, 4319853.543, 135
Trd, 4319853.693, 98
Trd, 4319853.793, 89
Trd, 4319855.193, 136
Trd, 4319855.593, 125
Trd, 4319856.493, 138
Trd, 4319856.893, 133
Trd, 4319857.193, 115
Trd, 4319857.243, 98
Trd, 4319857.543, 90
Trd, 4319859.193, 122
Trd, 4319859.243, 110
Trd, 4319862.043, 114
Trd, 4319862.193, 98
Trd, 4319863.443, 107
Trd, 4319863.943, 120
Trd, 4319864.143, 92
Trd, 4319864.193, 83
Trd, 4319864.793, 111
Trd, 4319865.393, 92
Trd, 4319866.593, 136
Trd, 4319867.193, 107
Trd, 4319868.393, 110
Trd, 4319869.943, 102
Trd, 4319870.393, 94
Trd, 4319870.493, 91
Trd, 4319870.793, 109
Trd, 4319871.693, 137
Trd, 4319871.793, 117
Trd, 4319872.543, 87
Trd, 4319873.193, 80
Trd, 4319873.243, 89
Trd, 4319874.043, 132
Trd, 4319874.443, 122
Trd, 4319875.143, 89
Trd, 4319875.943, 100
Trd, 4319876.993, 108
Trd, 4319877.043, 105
Trd, 4319877.293, 78
Trd, 4319881.143, 128
Trd, 4319881.693, 99
Trd, 4319882.493, 112
Trd, 4319883.743, 136
Trd, 4319884.343, 125
Trd, 4319884.693, 106
Trd, 4319885.143, 90
Trd, 4319885.293, 74
Trd, 4319885.643, 139
Trd, 4319886.543, 133
Trd, 4319887.443, 82
Trd, 4319887.793, 79
Trd, 4319888.393, 107
Trd, 4319888.743, 106
Trd, 4319890.543, 124
Trd, 4319891.493, 102
Trd, 4319891.943, 124
Trd, 4319893.293, 94
Trd, 4319893.843, 112
Trd, 4319893.993, 105
Trd, 4319894.243, 107
Trd, 4319895.893, 100
Trd, 4319897.043, 88
Trd, 4319897.693, 80
Trd, 4319897.893, 115
Trd, 4319897.993, 103
Trd, 4319898.143, 97
Trd, 4319899.043, 97
Trd, 4319900.343, 111
Trd, 4319901.443, 90
Trd, 4319901.593, 85
Trd, 4319902.793, 115
Trd, 4319903.743, 87
Trd, 4319904.393, 117
Trd, 4319904.493, 107
Trd, 4319906.593, 139
Trd, 4319907.143, 137
Trd, 4319907.893, 105
Trd, 4319908.943, 127
Trd, 4319910.093, 119
Trd, 4319910.443, 102
Trd, 4319910.743, 115
Trd, 4319912.893, 116
Trd, 4319913.443, 132
Trd, 4319915.193, 130
Trd, 4319915.893, 135
Trd, 4319916.143, 102
Trd, 4319916.593, 106
Trd, 4319917.393, 122
Trd, 4319917.493, 120
Trd, 4319918.543, 129
Trd, 4319919.093, 110
Trd, 4319919.693, 84
Trd, 4319920.493, 108
Trd, 4319922.293, 77
Trd, 4319922.443, 107
Trd, 4319922.893, 93
Trd, 4319923.743, 139
Trd, 4319924.093, 135
Trd, 4319924.593, 132
Trd, 4319925.243, 114
Trd, 4319926.793, 129
Trd, 4319927.593, 125
Trd, 4319928.293, 108
Trd, 4319928.693, 102
Trd, 4319928.943, 90
Trd, 4319929.293, 97
Trd, 4319930.893, 112
Trd, 4319931.493, 104
Trd, 4319931.993, 101
Trd, 4319932.193, 120
Trd, 4319932.843, 84
Trd, 4319933.943, 139
Trd, 4319934.193, 115
Trd, 4319934.943, 102
Trd, 4319935.843, 140
Trd, 4319936.393, 136
Trd, 4319936.843, 134
Trd, 4319937.893, 114
Trd, 4319938.193, 112
Trd, 4319938.893, 103
Trd, 4319938.943, 100
Trd, 4319939.543, 81
Trd, 4319940.093, 135
Trd, 4319942.743, 132
Trd, 4319943.143, 117
Trd, 4319943.343, 124
Trd, 4319943.493, 105
Trd, 4319943.843, 137
Trd, 4319943.993, 119
Trd, 4319944.743, 120
Trd, 4319945.143, 104
Trd, 4319946.393, 135
Trd, 4319946.993, 113
Trd, 4319947.343, 101
Trd, 4319947.693, 107
Trd, 4319948.293, 118
Trd, 4319949.843, 139
Trd, 4319950.043, 90
Trd, 4319950.943, 130
Trd, 4319952.243, 101
Trd, 4319952.443, 131
Trd, 4319953.143, 102
Trd, 4319953.243, 99
Trd, 4319954.543, 138
Trd, 4319954.943, 133
Trd, 4319955.443, 134
Trd, 4319956.593, 129
Trd, 4319958.393, 118
Trd, 4319959.293, 136
Trd, 4319959.393, 115
Trd, 4319960.193, 136
Trd, 4319961.193, 130
Trd, 4319961.993, 138
Trd, 4319963.143, 128
Trd, 4319964.243, 139
Trd, 4319964.793, 130
Trd, 4319965.393, 116
Trd, 4319966.893, 104
Trd, 4319967.543, 126
Trd, 4319967.693, 102
Trd, 4319967.943, 84
Trd, 4319968.743, 131
Trd, 4319969.243, 132
Trd, 4319969.593, 129
Trd, 4319971.893, 127
Trd, 4319972.093, 104
Trd, 4319972.743, 136
Trd, 4319973.193, 138
Trd, 4319973.693, 103
Trd, 4319975.043, 108
Trd, 4319975.643, 77
Trd, 4319975.993, 98
Trd, 4319977.743, 124
Trd, 4319978.493, 90
Trd, 4319978.693, 80
Trd, 4319979.693, 87
Trd, 4319981.143, 131
Trd, 4319981.243, 121
Trd, 4319981.343, 117
Trd, 4319981.643, 140
Trd, 4319981.693, 114
Trd, 4319982.443, 85
Trd, 4319983.493, 136
Trd, 4319984.243, 103
Trd, 4319984.443, 117
Trd, 4319985.293, 80
Trd, 4319985.593, 69
Trd, 4319986.293, 132
Trd, 4319987.043, 130
Trd, 4319987.193, 134
Trd, 4319987.443, 111
Trd, 4319988.943, 114
Trd, 4319990.543, 120
Trd, 4319991.593, 123
Trd, 4319992.793, 102
Trd, 4319993.043, 80
Trd, 4319993.743, 113
Trd, 4319994.593, 130
Trd, 4319995.343, 119
Trd, 4319996.793, 94
Trd, 4319997.143, 115
Trd, 4319998.293, 64
Trd, 4319999.743, 139
