Trd, 4318099.493, 116
Trd, 4318100.143, 76
Trd, 4318100.443, 135
Trd, 4318100.893, 140
Trd, 4318101.093, 107
Trd, 4318102.393, 139
Trd, 4318102.643, 138
Trd, 4318102.943, 79
Trd, 4318104.093, 137
Trd, 4318105.043, 102
Trd, 4318105.693, 140
Trd, 4318106.293, 133
Trd, 4318107.843, 114
Trd, 4318108.293, 138
Trd, 4318108.493, 133
Trd, 4318109.043, 76
Trd, 4318109.493, 139
Trd, 4318109.893, 125
Trd, 4318110.243, 83
Trd, 4318111.193, 60
Trd, 4318112.543, 60
Trd, 4318114.143, 63
Trd, 4318114.643, 64
Trd, 4318115.143, 65
Trd, 4318115.493, 69
Trd, 4318116.193, 60
Trd, 4318116.993, 63
Trd, 4318118.243, 60
Trd, 4318118.493, 61
Trd, 4318119.293, 85
Trd, 4318119.493, 85
Trd, 4318120.793, 120
Trd, 4318121.143, 115
Trd, 4318122.793, 139
Trd, 4318123.293, 139
Trd, 4318124.693, 140
Trd, 4318124.943, 139
Trd, 4318125.193, 128
Trd, 4318126.393, 124
Trd, 4318126.693, 122
Trd, 4318126.893, 86
Trd, 4318127.893, 140
Trd, 4318129.793, 128
Trd, 4318130.393, 115
Trd, 4318131.693, 139
Trd, 4318131.743, 138
Trd, 4318132.743, 132
Trd, 4318133.443, 140
Trd, 4318133.543, 133
Trd, 4318133.943, 125
Trd, 4318134.143, 97
Trd, 4318134.893, 134
Trd, 4318135.093, 108
Trd, 4318136.143, 106
Trd, 4318136.443, 66
Trd, 4318137.293, 140
Trd, 4318139.293, 91
Trd, 4318139.543, 116
Trd, 4318139.643, 117
Trd, 4318140.493, 62
Trd, 4318141.143, 65
Trd, 4318142.543, 60
Trd, 4318143.493, 67
Trd, 4318145.543, 60
Trd, 4318145.743, 62
Trd, 4318145.843, 67
Trd, 4318146.793, 140
Trd, 4318146.993, 140
Trd, 4318147.243, 112
Trd, 4318148.043, 129
Trd, 4318148.943, 135
Trd, 4318150.893, 118
Trd, 4318151.543, 131
Trd, 4318151.843, 130
Trd, 4318152.843, 128
Trd, 4318152.893, 92
Trd, 4318153.193, 93
Trd, 4318154.343, 116
Trd, 4318155.143, 140
Trd, 4318155.793, 140
Trd, 4318155.943, 114
Trd, 4318156.543, 66
Trd, 4318158.293, 82
Trd, 4318159.593, 138
Trd, 4318160.493, 137
Trd, 4318160.843, 137
Trd, 4318161.143, 137
Trd, 4318161.293, 94
Trd, 4318164.293, 133
Trd, 4318165.643, 95
Trd, 4318165.793, 132
Trd, 4318166.043, 124
Trd, 4318167.593, 140
Trd, 4318167.743, 140
Trd, 4318167.993, 110
Trd, 4318168.193, 95
Trd, 4318168.793, 140
Trd, 4318170.293, 135
Trd, 4318171.243, 131
Trd, 4318171.293, 94
Trd, 4318171.393, 75
Trd, 4318172.343, 101
Trd, 4318173.693, 63
Trd, 4318175.343, 140
Trd, 4318176.343, 135
Trd, 4318177.893, 137
Trd, 4318178.193, 124
Trd, 4318178.343, 109
Trd, 4318178.693, 140
Trd, 4318180.543, 140
Trd, 4318181.393, 140
Trd, 4318181.643, 138
Trd, 4318181.943, 127
Trd, 4318182.743, 132
Trd, 4318184.043, 98
Trd, 4318184.843, 140
Trd, 4318186.443, 116
Trd, 4318188.343, 131
Trd, 4318188.843, 124
Trd, 4318188.943, 107
Trd, 4318189.643, 95
Trd, 4318190.693, 138
Trd, 4318190.993, 112
Trd, 4318191.143, 114
Trd, 4318191.843, 106
Trd, 4318192.043, 105
Trd, 4318192.293, 139
Trd, 4318192.943, 91
Trd, 4318195.593, 140
Trd, 4318195.893, 139
Trd, 4318197.143, 129
Trd, 4318197.393, 117
Trd, 4318199.143, 123
Trd, 4318200.043, 140
Trd, 4318201.343, 140
Trd, 4318201.993, 135
Trd, 4318202.043, 128
Trd, 4318202.393, 138
Trd, 4318203.593, 128
Trd, 4318204.793, 140
Trd, 4318206.243, 89
Trd, 4318206.843, 140
Trd, 4318207.093, 106
Trd, 4318207.443, 103
Trd, 4318208.593, 125
Trd, 4318209.793, 126
Trd, 4318210.543, 140
Trd, 4318211.043, 140
Trd, 4318211.093, 138
Trd, 4318211.693, 122
Trd, 4318212.593, 139
Trd, 4318212.693, 132
Trd, 4318213.743, 134
Trd, 4318214.943, 133
Trd, 4318215.093, 106
Trd, 4318215.743, 120
Trd, 4318216.043, 92
Trd, 4318216.943, 119
Trd, 4318217.343, 130
Trd, 4318218.293, 72
Trd, 4318220.943, 140
Trd, 4318221.943, 140
Trd, 4318222.093, 139
Trd, 4318222.693, 121
Trd, 4318224.093, 135
Trd, 4318224.693, 108
Trd, 4318224.893, 104
Trd, 4318225.643, 139
Trd, 4318226.393, 132
Trd, 4318226.493, 71
Trd, 4318226.993, 63
Trd, 4318228.393, 76
Trd, 4318228.943, 64
Trd, 4318229.593, 65
Trd, 4318230.043, 66
Trd, 4318230.743, 140
Trd, 4318231.543, 140
Trd, 4318231.943, 122
Trd, 4318232.443, 100
Trd, 4318232.593, 95
Trd, 4318234.543, 140
Trd, 4318234.793, 139
Trd, 4318235.543, 122
Trd, 4318236.243, 134
Trd, 4318239.143, 119
Trd, 4318240.043, 140
Trd, 4318240.343, 140
Trd, 4318240.793, 122
Trd, 4318240.943, 121
Trd, 4318242.393, 136
Trd, 4318243.093, 121
Trd, 4318244.793, 98
Trd, 4318245.243, 94
Trd, 4318245.943, 93
Trd, 4318246.543, 133
Trd, 4318246.743, 126
Trd, 4318247.843, 138
Trd, 4318248.143, 124
Trd, 4318248.443, 105
Trd, 4318250.043, 96
Trd, 4318250.493, 137
Trd, 4318250.693, 135
Trd, 4318250.743, 94
Trd, 4318251.593, 92
Trd, 4318252.093, 92
Trd, 4318253.143, 138
Trd, 4318253.893, 115
Trd, 4318253.943, 108
Trd, 4318255.643, 88
Trd, 4318258.293, 137
Trd, 4318258.493, 109
Trd, 4318259.393, 140
Trd, 4318259.593, 116
Trd, 4318260.793, 125
Trd, 4318261.643, 130
Trd, 4318261.993, 128
Trd, 4318262.893, 129
Trd, 4318263.443, 120
Trd, 4318264.543, 132
Trd, 4318265.843, 140
Trd, 4318266.443, 140
Trd, 4318267.243, 140
Trd, 4318267.593, 101
Trd, 4318268.943, 135
Trd, 4318269.793, 128
Trd, 4318271.043, 140
Trd, 4318271.843, 87
Trd, 4318272.343, 113
Trd, 4318272.443, 114
Trd, 4318273.593, 116
Trd, 4318273.793, 105
Trd, 4318275.543, 138
Trd, 4318276.043, 110
Trd, 4318276.593, 94
Trd, 4318277.043, 60
Trd, 4318277.443, 60
Trd, 4318277.593, 70
Trd, 4318278.943, 139
Trd, 4318279.643, 138
Trd, 4318280.093, 128
Trd, 4318280.493, 111
Trd, 4318281.193, 140
Trd, 4318282.093, 108
Trd, 4318282.543, 140
Trd, 4318284.293, 140
Trd, 4318284.443, 140
Trd, 4318284.543, 123
Trd, 4318285.893, 130
Trd, 4318286.093, 128
Trd, 4318287.393, 94
Trd, 4318287.843, 128
Trd, 4318288.643, 135
Trd, 4318288.693, 84
Trd, 4318289.293, 64
Trd, 4318289.893, 67
Trd, 4318292.143, 140
Trd, 4318292.593, 132
Trd, 4318293.943, 129
Trd, 4318294.043, 126
Trd, 4318294.543, 126
Trd, 4318294.993, 127
Trd, 4318295.343, 126
Trd, 4318296.543, 70
Trd, 4318296.743, 67
Trd, 4318297.243, 118
Trd, 4318297.943, 115
Trd, 4318299.843, 124
Trd, 4318300.593, 79
Trd, 4318301.443, 138
Trd, 4318301.943, 138
Trd, 4318302.193, 117
Trd, 4318302.543, 115
Trd, 4318303.393, 88
Trd, 4318304.493, 74
Trd, 4318305.043, 118
Trd, 4318307.993, 140
Trd, 4318308.343, 140
Trd, 4318309.043, 140
Trd, 4318309.543, 130
Trd, 4318311.093, 137
Trd, 4318311.243, 131
Trd, 4318311.593, 84
Trd, 4318312.443, 123
Trd, 4318313.793, 140
Trd, 4318314.043, 140
Trd, 4318314.843, 139
Trd, 4318315.793, 98
Trd, 4318316.743, 127
Trd, 4318317.343, 132
Trd, 4318318.143, 88
Trd, 4318318.343, 83
Trd, 4318318.843, 127
Trd, 4318319.043, 99
Trd, 4318321.293, 94
Trd, 4318321.593, 133
Trd, 4318321.793, 91
Trd, 4318322.393, 128
Trd, 4318322.743, 136
Trd, 4318323.693, 116
Trd, 4318323.893, 114
Trd, 4318324.293, 117
Trd, 4318324.693, 137
Trd, 4318326.243, 136
Trd, 4318326.793, 133
Trd, 4318326.893, 103
Trd, 4318326.993, 99
Trd, 4318327.043, 122
Trd, 4318327.993, 139
Trd, 4318329.093, 127
Trd, 4318329.243, 135
Trd, 4318329.593, 119
Trd, 4318330.693, 68
Trd, 4318331.593, 62
Trd, 4318331.993, 67
Trd, 4318333.093, 67
Trd, 4318333.143, 68
Trd, 4318333.393, 62
Trd, 4318333.993, 117
Trd, 4318335.993, 128
Trd, 4318336.243, 126
Trd, 4318336.543, 110
Trd, 4318336.693, 92
Trd, 4318337.693, 140
Trd, 4318340.643, 140
Trd, 4318340.943, 140
Trd, 4318341.593, 136
Trd, 4318341.843, 139
Trd, 4318341.993, 135
Trd, 4318342.443, 108
Trd, 4318343.393, 137
Trd, 4318343.993, 134
Trd, 4318344.543, 100
Trd, 4318346.343, 129
Trd, 4318347.343, 129
Trd, 4318347.593, 125
Trd, 4318349.293, 139
Trd, 4318349.693, 106
Trd, 4318350.993, 130
Trd, 4318352.143, 131
Trd, 4318353.593, 139
Trd, 4318354.143, 140
Trd, 4318355.343, 138
Trd, 4318356.243, 140
Trd, 4318356.843, 134
Trd, 4318357.043, 132
Trd, 4318357.243, 127
Trd, 4318358.343, 127
Trd, 4318359.793, 140
Trd, 4318360.593, 127
Trd, 4318361.093, 135
Trd, 4318361.643, 109
Trd, 4318362.243, 121
Trd, 4318363.743, 74
Trd, 4318365.993, 95
Trd, 4318366.893, 89
Trd, 4318368.043, 93
Trd, 4318368.093, 91
Trd, 4318368.693, 89
Trd, 4318369.043, 87
Trd, 4318370.093, 137
Trd, 4318370.743, 135
Trd, 4318371.593, 137
Trd, 4318372.343, 107
Trd, 4318372.393, 130
Trd, 4318374.993, 127
Trd, 4318375.743, 126
Trd, 4318375.943, 121
Trd, 4318376.093, 98
Trd, 4318377.693, 138
Trd, 4318377.743, 103
Trd, 4318378.643, 126
Trd, 4318381.043, 121
Trd, 4318382.393, 122
Trd, 4318383.393, 129
Trd, 4318383.593, 140
Trd, 4318383.643, 128
Trd, 4318383.893, 127
Trd, 4318384.693, 138
Trd, 4318385.493, 137
Trd, 4318385.993, 111
Trd, 4318387.093, 136
Trd, 4318387.743, 135
Trd, 4318388.793, 120
Trd, 4318388.993, 106
Trd, 4318389.043, 99
Trd, 4318390.393, 140
Trd, 4318391.293, 130
Trd, 4318391.893, 127
Trd, 4318392.643, 140
Trd, 4318393.593, 116
Trd, 4318394.343, 73
Trd, 4318394.443, 71
Trd, 4318396.393, 112
Trd, 4318397.093, 105
Trd, 4318397.793, 120
Trd, 4318398.093, 110
Trd, 4318398.643, 131
Trd, 4318398.893, 98
Trd, 4318400.493, 139
Trd, 4318402.493, 130
Trd, 4318402.543, 112
Trd, 4318402.893, 99
Trd, 4318403.043, 99
Trd, 4318403.793, 140
Trd, 4318404.593, 138
Trd, 4318404.893, 100
Trd, 4318406.643, 140
Trd, 4318407.093, 139
Trd, 4318407.593, 134
Trd, 4318409.043, 140
Trd, 4318409.643, 100
Trd, 4318410.543, 100
Trd, 4318410.593, 99
Trd, 4318411.443, 136
Trd, 4318413.243, 140
Trd, 4318413.343, 137
Trd, 4318413.793, 133
Trd, 4318414.843, 126
Trd, 4318415.893, 112
Trd, 4318416.243, 99
Trd, 4318417.643, 123
Trd, 4318417.993, 127
Trd, 4318418.243, 121
Trd, 4318418.543, 92
Trd, 4318418.593, 79
Trd, 4318419.593, 140
Trd, 4318419.843, 70
Trd, 4318420.993, 96
Trd, 4318422.243, 64
Trd, 4318423.743, 60
Trd, 4318423.893, 61
Trd, 4318424.143, 62
Trd, 4318424.193, 63
Trd, 4318424.593, 69
Trd, 4318425.993, 140
Trd, 4318426.493, 134
Trd, 4318427.393, 128
Trd, 4318428.143, 129
Trd, 4318428.443, 96
Trd, 4318428.643, 133
Trd, 4318430.543, 140
Trd, 4318430.643, 115
Trd, 4318430.693, 93
Trd, 4318430.993, 101
Trd, 4318433.243, 119
Trd, 4318434.393, 139
Trd, 4318434.443, 123
Trd, 4318435.343, 120
Trd, 4318436.393, 131
Trd, 4318436.943, 104
Trd, 4318437.243, 118
Trd, 4318439.543, 140
Trd, 4318440.143, 140
Trd, 4318440.893, 134
Trd, 4318441.743, 138
Trd, 4318441.893, 118
Trd, 4318442.243, 77
Trd, 4318442.843, 91
Trd, 4318442.943, 79
Trd, 4318444.193, 134
Trd, 4318447.193, 140
Trd, 4318447.493, 129
Trd, 4318448.293, 136
Trd, 4318448.593, 91
Trd, 4318449.043, 91
Trd, 4318449.643, 93
Trd, 4318450.093, 84
Trd, 4318450.243, 128
Trd, 4318452.443, 137
Trd, 4318453.143, 132
Trd, 4318453.193, 101
Trd, 4318453.293, 66
Trd, 4318453.693, 110
Trd, 4318454.993, 62
Trd, 4318455.493, 113
Trd, 4318456.393, 75
Trd, 4318458.343, 97
Trd, 4318458.543, 99
Trd, 4318459.143, 69
Trd, 4318460.293, 138
Trd, 4318461.293, 137
Trd, 4318462.343, 128
Trd, 4318462.593, 123
Trd, 4318462.693, 109
Trd, 4318465.293, 140
Trd, 4318465.443, 140
Trd, 4318465.843, 115
Trd, 4318466.293, 121
Trd, 4318466.943, 118
Trd, 4318467.543, 107
Trd, 4318468.343, 71
Trd, 4318469.293, 140
Trd, 4318469.693, 60
Trd, 4318470.293, 132
Trd, 4318471.043, 111
Trd, 4318471.543, 134
Trd, 4318471.793, 133
Trd, 4318473.693, 60
Trd, 4318474.493, 61
Trd, 4318474.743, 60
Trd, 4318474.943, 60
Trd, 4318475.543, 69
Trd, 4318477.243, 130
Trd, 4318477.543, 114
Trd, 4318478.993, 138
Trd, 4318479.593, 98
Trd, 4318480.843, 128
Trd, 4318481.093, 106
Trd, 4318481.993, 130
Trd, 4318482.143, 81
Trd, 4318484.443, 140
Trd, 4318484.593, 140
Trd, 4318485.193, 88
Trd, 4318485.643, 124
Trd, 4318485.793, 112
Trd, 4318486.793, 96
Trd, 4318487.943, 60
Trd, 4318488.493, 68
Trd, 4318490.043, 139
Trd, 4318490.193, 123
Trd, 4318492.093, 122
Trd, 4318494.793, 140
Trd, 4318494.893, 140
Trd, 4318494.943, 114
Trd, 4318495.343, 92
Trd, 4318495.943, 137
Trd, 4318495.993, 129
Trd, 4318496.393, 129
Trd, 4318496.493, 128
Trd, 4318496.843, 114
Trd, 4318498.293, 140
Trd, 4318498.443, 114
Trd, 4318499.043, 126
Trd, 4318499.543, 97
Trd, 4318500.843, 78
Trd, 4318501.393, 106
Trd, 4318503.243, 134
Trd, 4318503.293, 123
Trd, 4318503.443, 121
Trd, 4318503.593, 97
Trd, 4318504.243, 70
Trd, 4318505.493, 65
Trd, 4318505.943, 107
Trd, 4318507.043, 128
Trd, 4318507.893, 140
Trd, 4318508.243, 140
Trd, 4318508.793, 85
Trd, 4318509.493, 62
Trd, 4318510.593, 62
Trd, 4318510.793, 66
Trd, 4318511.043, 69
Trd, 4318512.193, 61
Trd, 4318513.343, 76
Trd, 4318513.793, 128
Trd, 4318514.193, 65
Trd, 4318515.093, 109
Trd, 4318515.593, 140
Trd, 4318516.643, 60
Trd, 4318518.143, 60
Trd, 4318518.493, 60
Trd, 4318519.293, 61
Trd, 4318519.743, 61
Trd, 4318519.793, 64
Trd, 4318521.243, 63
Trd, 4318522.193, 140
Trd, 4318523.193, 140
Trd, 4318523.443, 140
Trd, 4318523.893, 111
Trd, 4318525.743, 127
Trd, 4318526.493, 113
Trd, 4318527.043, 107
Trd, 4318527.343, 112
Trd, 4318527.693, 140
Trd, 4318528.543, 106
Trd, 4318528.693, 104
Trd, 4318529.493, 92
Trd, 4318530.193, 125
Trd, 4318532.343, 98
Trd, 4318533.793, 85
Trd, 4318533.893, 99
Trd, 4318533.993, 85
Trd, 4318534.243, 101
Trd, 4318534.743, 134
Trd, 4318536.243, 140
Trd, 4318536.443, 105
Trd, 4318537.143, 100
Trd, 4318537.743, 136
Trd, 4318540.093, 138
Trd, 4318540.243, 136
Trd, 4318540.293, 122
Trd, 4318540.543, 89
Trd, 4318542.093, 61
Trd, 4318542.193, 65
Trd, 4318543.793, 129
Trd, 4318545.143, 140
Trd, 4318545.443, 136
Trd, 4318545.493, 135
Trd, 4318546.343, 135
Trd, 4318546.893, 96
Trd, 4318548.743, 90
Trd, 4318549.193, 89
Trd, 4318549.593, 90
Trd, 4318550.743, 134
Trd, 4318551.093, 131
Trd, 4318551.143, 96
Trd, 4318551.493, 86
Trd, 4318553.293, 112
Trd, 4318555.443, 140
Trd, 4318555.543, 140
Trd, 4318556.593, 139
Trd, 4318558.043, 138
Trd, 4318559.443, 100
Trd, 4318559.743, 102
Trd, 4318560.443, 95
Trd, 4318560.843, 136
Trd, 4318561.443, 134
Trd, 4318562.443, 134
Trd, 4318563.193, 130
Trd, 4318563.343, 112
Trd, 4318565.693, 139
Trd, 4318565.843, 115
Trd, 4318566.193, 110
Trd, 4318567.493, 131
Trd, 4318568.893, 121
Trd, 4318569.343, 140
Trd, 4318569.443, 118
Trd, 4318570.643, 137
Trd, 4318570.843, 139
Trd, 4318571.743, 121
Trd, 4318571.793, 116
Trd, 4318571.893, 93
Trd, 4318573.043, 140
Trd, 4318573.843, 140
Trd, 4318574.143, 92
Trd, 4318575.443, 69
Trd, 4318575.893, 63
Trd, 4318577.293, 133
Trd, 4318577.943, 122
Trd, 4318577.993, 128
Trd, 4318580.243, 140
Trd, 4318580.893, 139
Trd, 4318581.043, 138
Trd, 4318581.793, 97
Trd, 4318581.843, 121
Trd, 4318582.193, 112
Trd, 4318583.143, 70
Trd, 4318584.443, 108
Trd, 4318586.043, 140
Trd, 4318586.393, 139
Trd, 4318587.443, 120
Trd, 4318587.643, 117
Trd, 4318587.993, 107
Trd, 4318588.093, 81
Trd, 4318588.343, 73
Trd, 4318589.993, 128
Trd, 4318591.093, 113
Trd, 4318591.143, 105
Trd, 4318592.393, 124
Trd, 4318592.693, 96
Trd, 4318592.943, 140
Trd, 4318593.893, 122
Trd, 4318594.843, 101
Trd, 4318596.543, 134
Trd, 4318597.093, 134
Trd, 4318597.993, 129
Trd, 4318598.543, 98
Trd, 4318599.193, 91
Trd, 4318599.293, 72
Trd, 4318599.843, 130
Trd, 4318599.993, 135
Trd, 4318601.893, 109
Trd, 4318602.643, 133
Trd, 4318603.443, 131
Trd, 4318605.293, 132
Trd, 4318605.493, 132
Trd, 4318606.043, 133
Trd, 4318606.543, 108
Trd, 4318606.593, 93
Trd, 4318607.543, 135
Trd, 4318608.243, 98
Trd, 4318609.193, 89
Trd, 4318609.893, 62
Trd, 4318611.193, 127
Trd, 4318612.093, 114
Trd, 4318612.743, 102
Trd, 4318613.593, 140
Trd, 4318613.993, 120
Trd, 4318615.293, 135
Trd, 4318615.943, 95
Trd, 4318616.893, 99
Trd, 4318617.193, 97
Trd, 4318617.893, 125
Trd, 4318619.843, 140
Trd, 4318619.993, 140
Trd, 4318620.593, 115
Trd, 4318620.743, 119
Trd, 4318622.193, 139
Trd, 4318622.743, 101
Trd, 4318623.343, 87
Trd, 4318624.443, 127
Trd, 4318625.193, 140
Trd, 4318625.793, 138
Trd, 4318625.943, 126
Trd, 4318626.393, 93
Trd, 4318627.493, 114
Trd, 4318629.743, 137
Trd, 4318629.843, 119
Trd, 4318630.093, 140
Trd, 4318632.243, 140
Trd, 4318633.243, 119
Trd, 4318633.293, 118
Trd, 4318633.593, 124
Trd, 4318634.093, 117
Trd, 4318634.443, 105
Trd, 4318635.393, 89
Trd, 4318636.193, 76
Trd, 4318636.593, 77
Trd, 4318638.143, 125
Trd, 4318638.243, 125
Trd, 4318638.993, 95
Trd, 4318639.193, 111
Trd, 4318640.493, 137
Trd, 4318641.993, 129
Trd, 4318642.193, 127
Trd, 4318643.043, 87
Trd, 4318643.593, 85
Trd, 4318644.243, 138
Trd, 4318645.343, 140
Trd, 4318646.043, 130
Trd, 4318646.643, 121
Trd, 4318646.943, 109
Trd, 4318648.543, 125
Trd, 4318649.543, 111
Trd, 4318649.643, 87
Trd, 4318650.243, 81
Trd, 4318650.393, 71
Trd, 4318650.643, 116
Trd, 4318652.893, 139
Trd, 4318653.793, 121
Trd, 4318654.693, 139
Trd, 4318654.743, 137
Trd, 4318656.143, 135
Trd, 4318656.393, 134
Trd, 4318656.693, 109
Trd, 4318659.193, 130
Trd, 4318659.843, 115
Trd, 4318659.943, 86
Trd, 4318660.393, 74
Trd, 4318661.193, 61
Trd, 4318662.093, 138
Trd, 4318662.493, 134
Trd, 4318663.393, 106
Trd, 4318664.443, 126
Trd, 4318664.843, 122
Trd, 4318666.043, 132
Trd, 4318666.193, 139
Trd, 4318666.643, 131
Trd, 4318667.693, 134
Trd, 4318668.593, 132
Trd, 4318669.443, 110
Trd, 4318669.993, 108
Trd, 4318670.193, 86
Trd, 4318670.543, 82
Trd, 4318671.793, 88
Trd, 4318672.143, 98
Trd, 4318672.793, 122
Trd, 4318673.743, 124
Trd, 4318674.443, 70
Trd, 4318675.143, 133
Trd, 4318675.293, 132
Trd, 4318675.893, 137
Trd, 4318676.243, 104
Trd, 4318677.243, 117
Trd, 4318679.293, 103
Trd, 4318679.693, 113
Trd, 4318681.193, 138
Trd, 4318681.543, 140
Trd, 4318683.143, 135
Trd, 4318683.893, 113
Trd, 4318684.493, 105
Trd, 4318685.093, 89
Trd, 4318685.543, 82
Trd, 4318687.143, 67
Trd, 4318687.543, 140
Trd, 4318687.743, 116
Trd, 4318690.243, 116
Trd, 4318690.443, 132
Trd, 4318690.643, 96
Trd, 4318691.743, 139
Trd, 4318692.293, 139
Trd, 4318692.593, 120
Trd, 4318693.293, 92
Trd, 4318693.943, 140
Trd, 4318694.543, 90
Trd, 4318695.143, 114
Trd, 4318695.293, 79
Trd, 4318696.043, 76
Trd, 4318696.143, 86
Trd, 4318696.443, 139
Trd, 4318697.843, 118
Trd, 4318698.443, 117
Trd, 4318698.743, 112
Trd, 4318699.743, 139
Trd, 4318700.093, 133
Trd, 4318703.293, 140
Trd, 4318703.693, 140
Trd, 4318704.043, 140
Trd, 4318704.793, 127
Trd, 4318706.343, 117
Trd, 4318707.093, 123
Trd, 4318707.543, 139
Trd, 4318709.293, 103
Trd, 4318710.193, 126
Trd, 4318710.593, 93
Trd, 4318710.943, 79
Trd, 4318711.043, 102
Trd, 4318711.843, 61
Trd, 4318712.643, 63
Trd, 4318713.293, 61
Trd, 4318714.493, 62
Trd, 4318715.393, 63
Trd, 4318716.093, 64
Trd, 4318718.293, 60
Trd, 4318719.443, 62
Trd, 4318719.743, 64
Trd, 4318719.893, 67
Trd, 4318721.543, 60
Trd, 4318722.193, 60
Trd, 4318722.693, 61
Trd, 4318723.843, 60
Trd, 4318724.243, 60
Trd, 4318724.743, 60
Trd, 4318724.993, 61
Trd, 4318725.543, 63
Trd, 4318726.043, 140
Trd, 4318726.343, 62
Trd, 4318728.643, 67
Trd, 4318729.093, 96
Trd, 4318730.593, 98
Trd, 4318731.393, 115
Trd, 4318731.543, 100
Trd, 4318732.593, 102
Trd, 4318733.193, 136
Trd, 4318733.793, 109
Trd, 4318733.843, 88
Trd, 4318733.943, 88
Trd, 4318735.093, 133
Trd, 4318735.643, 121
Trd, 4318739.293, 139
Trd, 4318739.343, 139
Trd, 4318739.443, 129
Trd, 4318739.593, 105
Trd, 4318740.493, 102
Trd, 4318741.643, 140
Trd, 4318741.843, 140
Trd, 4318742.193, 125
Trd, 4318743.693, 116
Trd, 4318746.943, 133
Trd, 4318747.843, 136
Trd, 4318747.893, 119
Trd, 4318748.193, 106
Trd, 4318748.743, 100
Trd, 4318749.893, 136
Trd, 4318750.193, 117
Trd, 4318750.493, 96
Trd, 4318752.043, 137
Trd, 4318752.093, 126
Trd, 4318752.243, 130
Trd, 4318753.043, 128
Trd, 4318753.993, 102
Trd, 4318754.043, 101
Trd, 4318754.093, 81
Trd, 4318755.843, 140
Trd, 4318756.093, 137
Trd, 4318756.493, 123
Trd, 4318758.893, 102
Trd, 4318759.393, 140
Trd, 4318760.093, 139
Trd, 4318760.193, 93
Trd, 4318760.743, 132
Trd, 4318761.493, 109
Trd, 4318761.593, 108
Trd, 4318763.443, 137
Trd, 4318763.793, 83
Trd, 4318764.543, 120
Trd, 4318764.843, 93
Trd, 4318765.243, 83
Trd, 4318766.793, 62
Trd, 4318766.943, 63
Trd, 4318767.043, 61
Trd, 4318767.593, 60
Trd, 4318768.343, 94
Trd, 4318769.593, 61
Trd, 4318770.493, 60
Trd, 4318771.493, 63
Trd, 4318772.243, 71
Trd, 4318772.993, 65
Trd, 4318773.993, 96
Trd, 4318774.143, 72
Trd, 4318775.993, 68
Trd, 4318777.093, 60
Trd, 4318777.493, 129
Trd, 4318778.043, 93
Trd, 4318778.393, 94
Trd, 4318778.643, 92
Trd, 4318780.143, 140
Trd, 4318780.443, 109
Trd, 4318781.893, 97
Trd, 4318783.343, 123
Trd, 4318783.543, 140
Trd, 4318784.143, 123
Trd, 4318785.343, 125
Trd, 4318786.643, 127
Trd, 4318787.243, 140
Trd, 4318787.443, 125
Trd, 4318787.593, 121
Trd, 4318789.593, 133
Trd, 4318789.643, 122
Trd, 4318791.093, 96
Trd, 4318791.743, 92
Trd, 4318792.543, 135
Trd, 4318792.893, 95
Trd, 4318793.343, 140
Trd, 4318794.093, 140
Trd, 4318794.993, 139
Trd, 4318795.243, 132
Trd, 4318795.543, 123
Trd, 4318796.393, 120
Trd, 4318797.093, 113
Trd, 4318799.743, 138
Trd, 4318800.193, 137
Trd, 4318800.793, 140
Trd, 4318800.893, 133
Trd, 4318800.943, 130
Trd, 4318801.193, 88
Trd, 4318801.793, 109
Trd, 4318802.643, 66
Trd, 4318803.743, 140
Trd, 4318804.643, 139
Trd, 4318805.093, 138
Trd, 4318805.643, 122
Trd, 4318806.843, 131
Trd, 4318807.243, 131
Trd, 4318807.793, 130
Trd, 4318809.043, 107
Trd, 4318809.943, 122
Trd, 4318810.993, 140
Trd, 4318811.993, 132
Trd, 4318812.643, 127
Trd, 4318812.843, 140
Trd, 4318814.243, 137
Trd, 4318814.993, 135
Trd, 4318816.393, 140
Trd, 4318817.443, 135
Trd, 4318817.543, 134
Trd, 4318818.293, 121
Trd, 4318818.393, 110
Trd, 4318818.743, 114
Trd, 4318819.093, 93
Trd, 4318820.793, 130
Trd, 4318821.643, 139
Trd, 4318821.893, 131
Trd, 4318823.543, 111
Trd, 4318823.593, 109
Trd, 4318823.793, 139
Trd, 4318825.843, 135
Trd, 4318826.093, 132
Trd, 4318826.993, 104
Trd, 4318827.443, 104
Trd, 4318828.143, 91
Trd, 4318828.193, 80
Trd, 4318828.893, 62
Trd, 4318829.743, 103
Trd, 4318830.193, 106
Trd, 4318830.643, 71
Trd, 4318830.943, 129
Trd, 4318831.093, 79
Trd, 4318831.543, 78
Trd, 4318833.343, 62
Trd, 4318833.743, 64
Trd, 4318834.543, 68
Trd, 4318835.393, 60
Trd, 4318836.093, 62
Trd, 4318837.243, 65
Trd, 4318837.443, 65
Trd, 4318837.893, 64
Trd, 4318839.093, 140
Trd, 4318839.693, 135
Trd, 4318840.543, 140
Trd, 4318841.393, 124
Trd, 4318843.343, 120
Trd, 4318844.693, 121
Trd, 4318845.693, 112
Trd, 4318847.743, 140
Trd, 4318847.993, 137
Trd, 4318848.743, 107
Trd, 4318849.143, 123
Trd, 4318849.993, 98
Trd, 4318851.743, 132
Trd, 4318851.843, 127
Trd, 4318852.343, 138
Trd, 4318852.543, 105
Trd, 4318855.043, 117
Trd, 4318855.093, 116
Trd, 4318855.343, 121
Trd, 4318856.593, 118
Trd, 4318857.893, 140
Trd, 4318858.843, 138
Trd, 4318858.893, 130
Trd, 4318859.093, 99
Trd, 4318859.693, 120
Trd, 4318860.143, 97
Trd, 4318861.993, 123
Trd, 4318862.393, 139
Trd, 4318862.643, 108
Trd, 4318865.393, 140
Trd, 4318865.843, 140
Trd, 4318866.243, 127
Trd, 4318866.293, 124
Trd, 4318866.993, 139
Trd, 4318867.493, 126
Trd, 4318868.543, 113
Trd, 4318868.743, 121
Trd, 4318869.793, 123
Trd, 4318870.043, 118
Trd, 4318870.493, 78
Trd, 4318870.793, 70
Trd, 4318871.643, 128
Trd, 4318873.593, 125
Trd, 4318874.293, 112
Trd, 4318874.693, 135
Trd, 4318874.893, 140
Trd, 4318875.643, 138
Trd, 4318876.393, 125
Trd, 4318876.443, 121
Trd, 4318878.693, 138
Trd, 4318878.943, 139
Trd, 4318879.193, 137
Trd, 4318880.393, 138
Trd, 4318881.443, 102
Trd, 4318881.593, 68
Trd, 4318882.843, 124
Trd, 4318884.393, 140
Trd, 4318884.743, 139
Trd, 4318884.793, 139
Trd, 4318885.843, 126
Trd, 4318886.543, 103
Trd, 4318886.593, 101
Trd, 4318887.093, 93
Trd, 4318887.893, 140
Trd, 4318888.593, 138
Trd, 4318889.043, 138
Trd, 4318890.293, 136
Trd, 4318891.043, 124
Trd, 4318891.643, 140
Trd, 4318893.793, 140
Trd, 4318894.393, 136
Trd, 4318895.093, 139
Trd, 4318896.143, 140
Trd, 4318896.843, 115
Trd, 4318897.043, 82
Trd, 4318897.443, 140
Trd, 4318900.543, 135
Trd, 4318900.743, 134
Trd, 4318901.143, 96
Trd, 4318901.393, 103
Trd, 4318901.543, 89
Trd, 4318901.643, 72
Trd, 4318904.193, 140
Trd, 4318905.143, 140
Trd, 4318905.593, 133
Trd, 4318906.193, 115
Trd, 4318906.643, 92
Trd, 4318908.243, 124
Trd, 4318908.843, 140
Trd, 4318909.093, 116
Trd, 4318909.743, 110
Trd, 4318910.393, 140
Trd, 4318910.443, 87
Trd, 4318912.243, 114
Trd, 4318912.843, 86
Trd, 4318913.393, 119
Trd, 4318913.493, 85
Trd, 4318914.493, 137
Trd, 4318915.543, 140
Trd, 4318916.793, 135
Trd, 4318917.643, 134
Trd, 4318918.493, 127
Trd, 4318918.643, 95
Trd, 4318919.243, 87
Trd, 4318919.393, 82
Trd, 4318922.243, 126
Trd, 4318923.643, 139
Trd, 4318924.993, 140
Trd, 4318925.343, 140
Trd, 4318925.493, 140
Trd, 4318925.843, 79
Trd, 4318926.093, 77
Trd, 4318927.693, 140
Trd, 4318928.743, 139
Trd, 4318930.393, 132
Trd, 4318930.693, 124
Trd, 4318930.893, 101
Trd, 4318934.043, 140
Trd, 4318934.593, 140
Trd, 4318934.793, 139
Trd, 4318935.443, 126
Trd, 4318936.043, 109
Trd, 4318936.193, 89
Trd, 4318937.493, 62
Trd, 4318937.543, 63
Trd, 4318938.193, 66
Trd, 4318938.593, 119
Trd, 4318938.943, 72
Trd, 4318939.393, 134
Trd, 4318940.793, 121
Trd, 4318942.493, 71
Trd, 4318942.643, 113
Trd, 4318944.293, 140
Trd, 4318944.543, 139
Trd, 4318944.693, 113
Trd, 4318944.843, 93
Trd, 4318945.143, 129
Trd, 4318946.343, 136
Trd, 4318947.193, 99
Trd, 4318947.293, 94
Trd, 4318947.843, 140
Trd, 4318948.543, 134
Trd, 4318948.843, 133
Trd, 4318949.443, 139
Trd, 4318952.493, 140
Trd, 4318952.593, 138
Trd, 4318952.643, 112
Trd, 4318953.843, 122
Trd, 4318955.943, 112
Trd, 4318957.293, 114
Trd, 4318957.893, 111
Trd, 4318958.193, 98
Trd, 4318958.593, 140
Trd, 4318959.493, 140
Trd, 4318959.743, 140
Trd, 4318960.443, 103
Trd, 4318961.043, 123
Trd, 4318961.493, 112
Trd, 4318962.393, 75
Trd, 4318963.043, 123
Trd, 4318964.793, 137
Trd, 4318965.793, 126
Trd, 4318966.543, 125
Trd, 4318966.943, 79
Trd, 4318967.893, 140
Trd, 4318968.843, 140
Trd, 4318970.993, 140
Trd, 4318971.893, 140
Trd, 4318972.193, 138
Trd, 4318972.843, 139
Trd, 4318974.093, 140
Trd, 4318974.743, 135
Trd, 4318976.193, 116
Trd, 4318977.943, 133
Trd, 4318978.593, 132
Trd, 4318980.143, 140
Trd, 4318980.293, 140
Trd, 4318980.443, 129
Trd, 4318981.793, 140
Trd, 4318982.043, 133
Trd, 4318982.893, 135
Trd, 4318984.493, 136
Trd, 4318984.743, 127
Trd, 4318985.143, 96
Trd, 4318986.043, 139
Trd, 4318987.343, 120
Trd, 4318988.993, 135
Trd, 4318989.293, 134
Trd, 4318989.593, 112
Trd, 4318990.693, 102
Trd, 4318990.793, 130
Trd, 4318991.093, 103
Trd, 4318991.743, 111
Trd, 4318991.843, 63
Trd, 4318994.743, 140
Trd, 4318995.393, 140
Trd, 4318995.443, 140
Trd, 4318997.093, 105
Trd, 4318997.593, 136
Trd, 4318999.393, 128
Trd, 4318999.643, 140
Trd, 4318999.743, 115
Trd, 4319000.043, 106
Trd, 4319000.643, 74
Trd, 4319001.493, 140
Trd, 4319003.343, 115
Trd, 4319004.793, 140
Trd, 4319005.243, 99
Trd, 4319006.193, 138
Trd, 4319006.343, 137
Trd, 4319006.443, 136
Trd, 4319006.993, 83
Trd, 4319007.843, 121
Trd, 4319008.543, 83
Trd, 4319009.343, 112
Trd, 4319010.393, 132
Trd, 4319011.043, 140
Trd, 4319011.943, 120
Trd, 4319012.143, 107
Trd, 4319012.693, 95
Trd, 4319013.743, 72
Trd, 4319014.243, 108
Trd, 4319015.443, 98
Trd, 4319015.793, 117
Trd, 4319015.843, 116
Trd, 4319016.893, 102
Trd, 4319017.743, 115
Trd, 4319018.343, 122
Trd, 4319020.143, 140
Trd, 4319020.443, 138
Trd, 4319020.593, 119
Trd, 4319021.243, 99
Trd, 4319021.693, 97
Trd, 4319022.243, 96
Trd, 4319022.793, 130
Trd, 4319024.093, 60
Trd, 4319024.693, 66
Trd, 4319025.243, 62
Trd, 4319026.843, 60
Trd, 4319026.993, 60
Trd, 4319027.643, 117
Trd, 4319029.293, 134
Trd, 4319029.693, 110
Trd, 4319030.293, 130
Trd, 4319031.193, 109
Trd, 4319031.843, 108
Trd, 4319032.443, 70
Trd, 4319034.143, 140
Trd, 4319034.743, 140
Trd, 4319035.043, 133
Trd, 4319036.193, 108
Trd, 4319037.293, 105
Trd, 4319037.893, 112
Trd, 4319037.993, 111
Trd, 4319039.393, 116
Trd, 4319040.443, 139
Trd, 4319040.493, 118
Trd, 4319042.743, 96
Trd, 4319042.793, 120
Trd, 4319042.843, 95
Trd, 4319043.143, 90
Trd, 4319043.293, 74
Trd, 4319043.893, 63
Trd, 4319045.193, 60
Trd, 4319045.893, 61
Trd, 4319046.943, 60
Trd, 4319047.193, 61
Trd, 4319047.543, 88
Trd, 4319048.543, 65
Trd, 4319049.243, 61
Trd, 4319050.193, 140
Trd, 4319052.443, 140
Trd, 4319052.593, 140
Trd, 4319053.093, 134
Trd, 4319053.193, 101
Trd, 4319054.693, 140
Trd, 4319055.343, 136
Trd, 4319056.743, 135
Trd, 4319057.643, 140
Trd, 4319058.093, 132
Trd, 4319058.243, 108
Trd, 4319058.943, 129
Trd, 4319059.343, 100
Trd, 4319059.493, 89
Trd, 4319060.793, 65
Trd, 4319061.043, 69
Trd, 4319062.093, 95
Trd, 4319062.443, 77
Trd, 4319064.343, 139
Trd, 4319065.443, 121
Trd, 4319066.243, 136
Trd, 4319066.293, 135
Trd, 4319066.693, 120
Trd, 4319067.143, 107
Trd, 4319067.893, 92
Trd, 4319068.493, 125
Trd, 4319068.843, 135
Trd, 4319069.693, 92
Trd, 4319070.193, 100
Trd, 4319071.243, 140
Trd, 4319071.443, 99
Trd, 4319072.493, 89
Trd, 4319074.193, 117
Trd, 4319074.293, 105
Trd, 4319074.693, 77
Trd, 4319075.243, 85
Trd, 4319076.743, 140
Trd, 4319076.993, 140
Trd, 4319077.293, 139
Trd, 4319077.943, 113
Trd, 4319078.293, 109
Trd, 4319081.443, 140
Trd, 4319081.943, 140
Trd, 4319082.793, 140
Trd, 4319082.993, 140
Trd, 4319083.193, 134
Trd, 4319084.443, 105
Trd, 4319085.343, 139
Trd, 4319086.743, 140
Trd, 4319087.593, 140
Trd, 4319087.643, 106
Trd, 4319089.693, 131
Trd, 4319089.743, 117
Trd, 4319090.293, 139
Trd, 4319090.793, 133
Trd, 4319091.593, 136
Trd, 4319091.893, 131
Trd, 4319092.243, 94
Trd, 4319093.443, 135
Trd, 4319093.493, 129
Trd, 4319093.893, 118
Trd, 4319095.143, 140
Trd, 4319095.993, 140
Trd, 4319096.993, 60
Trd, 4319099.793, 63
Trd, 4319100.243, 63
Trd, 4319100.893, 106
Trd, 4319101.193, 123
Trd, 4319101.943, 64
Trd, 4319101.993, 65
Trd, 4319105.043, 60
Trd, 4319105.993, 62
Trd, 4319106.093, 65
Trd, 4319106.893, 63
Trd, 4319107.093, 69
Trd, 4319107.343, 67
Trd, 4319108.243, 139
Trd, 4319108.843, 136
Trd, 4319109.293, 98
Trd, 4319110.293, 75
Trd, 4319112.093, 128
Trd, 4319113.093, 128
Trd, 4319113.143, 127
Trd, 4319114.743, 123
Trd, 4319115.393, 109
Trd, 4319116.093, 140
Trd, 4319116.943, 109
Trd, 4319117.793, 133
Trd, 4319117.893, 96
Trd, 4319120.743, 135
Trd, 4319120.993, 133
Trd, 4319121.143, 112
Trd, 4319122.243, 140
Trd, 4319122.543, 108
Trd, 4319123.643, 127
Trd, 4319123.943, 121
Trd, 4319124.293, 125
Trd, 4319125.993, 121
Trd, 4319126.593, 105
Trd, 4319127.693, 129
Trd, 4319129.043, 120
Trd, 4319129.243, 97
Trd, 4319129.493, 136
Trd, 4319130.393, 140
Trd, 4319130.943, 139
Trd, 4319131.243, 119
Trd, 4319131.743, 130
Trd, 4319131.793, 98
Trd, 4319132.693, 140
Trd, 4319133.843, 126
Trd, 4319134.343, 120
Trd, 4319135.193, 129
Trd, 4319135.643, 138
Trd, 4319135.743, 125
Trd, 4319137.193, 130
Trd, 4319137.393, 130
Trd, 4319137.893, 140
Trd, 4319138.693, 140
Trd, 4319139.843, 131
Trd, 4319140.593, 90
Trd, 4319140.993, 89
Trd, 4319141.593, 91
Trd, 4319142.343, 82
Trd, 4319142.793, 120
Trd, 4319143.993, 126
Trd, 4319144.593, 60
Trd, 4319145.643, 63
Trd, 4319148.093, 61
Trd, 4319148.193, 63
Trd, 4319148.393, 66
Trd, 4319148.593, 69
Trd, 4319148.743, 118
Trd, 4319149.943, 61
Trd, 4319150.893, 65
Trd, 4319151.743, 60
Trd, 4319152.493, 60
Trd, 4319152.743, 63
Trd, 4319153.393, 64
Trd, 4319154.393, 72
Trd, 4319155.193, 78
Trd, 4319155.543, 110
Trd, 4319155.843, 125
Trd, 4319156.393, 77
Trd, 4319156.793, 71
Trd, 4319157.493, 105
Trd, 4319158.493, 67
Trd, 4319158.643, 60
Trd, 4319158.893, 108
Trd, 4319159.043, 60
Trd, 4319159.293, 133
Trd, 4319160.343, 64
Trd, 4319161.543, 94
Trd, 4319163.093, 98
Trd, 4319164.193, 97
Trd, 4319164.293, 89
Trd, 4319164.993, 140
Trd, 4319165.243, 138
Trd, 4319165.693, 136
Trd, 4319165.843, 114
Trd, 4319167.493, 65
Trd, 4319168.943, 137
Trd, 4319169.093, 140
Trd, 4319169.643, 103
Trd, 4319169.793, 102
Trd, 4319170.593, 93
Trd, 4319170.643, 63
Trd, 4319171.793, 70
Trd, 4319172.543, 64
Trd, 4319173.143, 96
Trd, 4319173.743, 138
Trd, 4319175.093, 81
Trd, 4319175.943, 132
Trd, 4319176.943, 140
Trd, 4319177.893, 116
Trd, 4319178.443, 114
Trd, 4319178.993, 83
Trd, 4319179.543, 83
Trd, 4319180.343, 137
Trd, 4319181.143, 131
Trd, 4319181.393, 139
Trd, 4319182.593, 132
Trd, 4319183.443, 118
Trd, 4319183.693, 118
Trd, 4319184.443, 139
Trd, 4319185.193, 98
Trd, 4319185.243, 84
Trd, 4319186.593, 136
Trd, 4319187.243, 135
Trd, 4319188.693, 136
Trd, 4319188.793, 100
Trd, 4319189.493, 98
Trd, 4319190.993, 140
Trd, 4319191.093, 132
Trd, 4319191.293, 99
Trd, 4319192.293, 122
Trd, 4319192.993, 132
Trd, 4319193.693, 139
Trd, 4319193.993, 93
Trd, 4319194.093, 80
Trd, 4319195.193, 128
Trd, 4319197.543, 139
Trd, 4319197.643, 138
Trd, 4319197.943, 119
Trd, 4319198.193, 139
Trd, 4319198.993, 91
Trd, 4319200.693, 108
Trd, 4319200.943, 85
Trd, 4319201.093, 138
Trd, 4319201.293, 116
Trd, 4319202.793, 83
Trd, 4319203.193, 119
Trd, 4319203.943, 113
Trd, 4319205.093, 107
Trd, 4319205.193, 82
Trd, 4319206.343, 75
Trd, 4319206.743, 83
Trd, 4319207.193, 109
Trd, 4319207.493, 121
Trd, 4319208.793, 97
Trd, 4319209.243, 77
Trd, 4319209.693, 111
Trd, 4319210.793, 140
Trd, 4319212.843, 92
Trd, 4319213.543, 92
Trd, 4319214.643, 140
Trd, 4319214.793, 140
Trd, 4319215.043, 121
Trd, 4319215.193, 100
Trd, 4319215.343, 97
Trd, 4319217.193, 137
Trd, 4319218.443, 120
Trd, 4319218.693, 107
Trd, 4319219.143, 99
Trd, 4319220.143, 132
Trd, 4319220.293, 131
Trd, 4319223.543, 140
Trd, 4319223.993, 140
Trd, 4319224.593, 140
Trd, 4319224.943, 139
Trd, 4319225.193, 129
Trd, 4319225.443, 103
Trd, 4319225.543, 86
Trd, 4319225.993, 134
Trd, 4319227.343, 140
Trd, 4319227.593, 140
Trd, 4319227.993, 132
Trd, 4319228.943, 131
Trd, 4319230.393, 137
Trd, 4319230.893, 102
Trd, 4319231.343, 109
Trd, 4319232.493, 105
Trd, 4319232.993, 103
Trd, 4319233.643, 132
Trd, 4319234.043, 140
Trd, 4319235.243, 108
Trd, 4319236.293, 140
Trd, 4319236.543, 113
Trd, 4319237.593, 103
Trd, 4319237.893, 126
Trd, 4319239.393, 138
Trd, 4319240.693, 135
Trd, 4319241.343, 102
Trd, 4319241.743, 109
Trd, 4319243.543, 126
Trd, 4319243.593, 108
Trd, 4319244.943, 138
Trd, 4319245.293, 140
Trd, 4319245.643, 137
Trd, 4319246.443, 131
Trd, 4319246.693, 140
Trd, 4319247.093, 100
Trd, 4319248.843, 115
Trd, 4319248.993, 134
Trd, 4319249.093, 108
Trd, 4319250.443, 135
Trd, 4319250.843, 120
Trd, 4319251.293, 109
Trd, 4319253.043, 103
Trd, 4319253.443, 102
Trd, 4319254.143, 140
Trd, 4319255.143, 109
Trd, 4319255.443, 99
Trd, 4319256.143, 138
Trd, 4319256.843, 106
Trd, 4319256.943, 96
Trd, 4319257.393, 82
Trd, 4319258.893, 68
Trd, 4319259.793, 70
Trd, 4319260.243, 65
Trd, 4319260.293, 70
Trd, 4319261.243, 114
Trd, 4319261.893, 117
Trd, 4319262.943, 140
Trd, 4319262.993, 140
Trd, 4319263.793, 140
Trd, 4319264.193, 115
Trd, 4319265.643, 140
Trd, 4319267.643, 118
Trd, 4319267.993, 114
Trd, 4319268.293, 113
Trd, 4319269.543, 116
Trd, 4319270.393, 130
Trd, 4319270.493, 110
Trd, 4319273.593, 140
Trd, 4319273.893, 140
Trd, 4319273.993, 126
Trd, 4319274.193, 97
Trd, 4319275.243, 99
Trd, 4319275.543, 139
Trd, 4319278.593, 100
Trd, 4319278.993, 89
Trd, 4319279.093, 70
Trd, 4319279.793, 67
Trd, 4319280.993, 86
Trd, 4319281.643, 85
Trd, 4319281.793, 84
Trd, 4319282.443, 122
Trd, 4319282.593, 138
Trd, 4319283.043, 125
Trd, 4319283.293, 124
Trd, 4319283.993, 138
Trd, 4319285.643, 114
Trd, 4319286.393, 113
Trd, 4319286.643, 61
Trd, 4319287.793, 137
Trd, 4319288.243, 136
Trd, 4319290.793, 140
Trd, 4319291.243, 140
Trd, 4319291.743, 107
Trd, 4319292.243, 84
Trd, 4319293.543, 113
Trd, 4319294.143, 127
Trd, 4319294.743, 127
Trd, 4319294.793, 126
Trd, 4319295.943, 139
Trd, 4319297.843, 138
Trd, 4319297.943, 115
Trd, 4319298.443, 135
Trd, 4319299.643, 123
Trd, 4319299.743, 93
Trd, 4319300.593, 60
Trd, 4319300.743, 61
Trd, 4319301.193, 119
Trd, 4319301.693, 138
Trd, 4319302.343, 134
Trd, 4319303.043, 111
Trd, 4319303.343, 94
Trd, 4319304.943, 95
Trd, 4319305.543, 140
Trd, 4319306.793, 132
Trd, 4319307.393, 124
Trd, 4319307.543, 92
Trd, 4319309.143, 60
Trd, 4319309.543, 60
Trd, 4319310.493, 64
Trd, 4319311.193, 60
Trd, 4319311.443, 81
Trd, 4319312.743, 94
Trd, 4319312.943, 93
Trd, 4319313.243, 91
Trd, 4319313.443, 139
Trd, 4319314.343, 140
Trd, 4319314.393, 93
Trd, 4319315.493, 117
Trd, 4319317.343, 107
Trd, 4319318.493, 114
Trd, 4319319.493, 140
Trd, 4319319.893, 140
Trd, 4319320.643, 115
Trd, 4319321.343, 96
Trd, 4319322.343, 135
Trd, 4319324.143, 117
Trd, 4319324.843, 140
Trd, 4319325.243, 119
Trd, 4319325.593, 98
Trd, 4319326.543, 92
Trd, 4319327.043, 116
Trd, 4319327.543, 64
Trd, 4319327.843, 136
Trd, 4319329.493, 134
Trd, 4319330.293, 139
Trd, 4319330.643, 119
Trd, 4319332.343, 138
Trd, 4319332.643, 129
Trd, 4319332.793, 109
Trd, 4319334.793, 138
Trd, 4319334.893, 136
Trd, 4319335.043, 138
Trd, 4319335.743, 127
Trd, 4319336.493, 140
Trd, 4319337.843, 140
Trd, 4319338.093, 104
Trd, 4319339.643, 136
Trd, 4319341.443, 128
Trd, 4319342.693, 107
Trd, 4319343.293, 105
Trd, 4319343.893, 97
Trd, 4319344.793, 107
Trd, 4319345.293, 65
Trd, 4319345.493, 60
Trd, 4319347.193, 140
Trd, 4319347.593, 140
Trd, 4319348.793, 135
Trd, 4319349.993, 140
Trd, 4319351.043, 134
Trd, 4319351.443, 133
Trd, 4319352.643, 99
Trd, 4319352.793, 98
Trd, 4319353.343, 79
Trd, 4319355.643, 140
Trd, 4319356.193, 139
Trd, 4319356.393, 137
Trd, 4319356.543, 131
Trd, 4319356.793, 117
Trd, 4319357.643, 140
Trd, 4319358.043, 138
Trd, 4319358.493, 129
Trd, 4319359.043, 106
Trd, 4319359.443, 140
Trd, 4319360.793, 134
Trd, 4319361.643, 91
Trd, 4319362.193, 97
Trd, 4319362.393, 92
Trd, 4319363.593, 139
Trd, 4319364.193, 87
Trd, 4319364.443, 85
Trd, 4319365.193, 95
Trd, 4319365.243, 93
Trd, 4319366.743, 82
Trd, 4319368.543, 140
Trd, 4319368.643, 127
Trd, 4319369.243, 120
Trd, 4319369.743, 117
Trd, 4319370.393, 106
Trd, 4319372.743, 140
Trd, 4319372.993, 133
Trd, 4319373.093, 107
Trd, 4319374.393, 135
Trd, 4319374.743, 92
Trd, 4319375.543, 139
Trd, 4319376.193, 98
Trd, 4319377.493, 132
Trd, 4319377.543, 128
Trd, 4319378.493, 112
Trd, 4319378.993, 119
Trd, 4319379.293, 83
Trd, 4319379.943, 139
Trd, 4319380.293, 119
Trd, 4319382.293, 131
Trd, 4319383.193, 131
Trd, 4319383.243, 130
Trd, 4319383.643, 127
Trd, 4319385.843, 109
Trd, 4319386.843, 140
Trd, 4319387.393, 140
Trd, 4319387.743, 140
Trd, 4319388.043, 113
Trd, 4319388.193, 98
Trd, 4319390.643, 138
Trd, 4319390.893, 134
Trd, 4319390.993, 114
Trd, 4319391.093, 92
Trd, 4319393.393, 140
Trd, 4319395.493, 140
Trd, 4319395.743, 131
Trd, 4319396.643, 130
Trd, 4319398.193, 140
Trd, 4319398.243, 139
Trd, 4319399.093, 140
Trd, 4319399.393, 139
Trd, 4319399.693, 139
Trd, 4319400.693, 106
Trd, 4319401.143, 129
Trd, 4319401.743, 87
Trd, 4319403.393, 138
Trd, 4319404.243, 139
Trd, 4319405.793, 132
Trd, 4319406.743, 134
Trd, 4319408.043, 133
Trd, 4319408.443, 132
Trd, 4319408.843, 109
Trd, 4319409.043, 92
Trd, 4319409.793, 134
Trd, 4319409.843, 88
Trd, 4319411.193, 133
Trd, 4319411.793, 140
Trd, 4319412.443, 103
Trd, 4319413.843, 140
Trd, 4319414.293, 140
Trd, 4319414.643, 131
Trd, 4319415.593, 128
Trd, 4319417.293, 125
Trd, 4319418.343, 123
Trd, 4319418.593, 139
Trd, 4319419.243, 122
Trd, 4319419.343, 94
Trd, 4319420.193, 101
Trd, 4319420.343, 90
Trd, 4319420.843, 140
Trd, 4319421.193, 136
Trd, 4319422.093, 122
Trd, 4319422.243, 120
Trd, 4319422.893, 80
Trd, 4319423.643, 135
Trd, 4319423.893, 112
Trd, 4319424.743, 107
Trd, 4319425.193, 106
Trd, 4319425.693, 90
Trd, 4319426.093, 89
Trd, 4319427.543, 127
Trd, 4319428.093, 123
Trd, 4319429.843, 140
Trd, 4319430.693, 127
Trd, 4319430.943, 80
Trd, 4319431.443, 90
Trd, 4319431.743, 128
Trd, 4319432.693, 68
Trd, 4319433.193, 133
Trd, 4319434.243, 63
Trd, 4319434.593, 85
Trd, 4319435.393, 139
Trd, 4319436.293, 84
Trd, 4319438.293, 105
Trd, 4319438.343, 104
Trd, 4319439.343, 113
Trd, 4319439.693, 114
Trd, 4319439.793, 97
Trd, 4319440.043, 92
Trd, 4319441.293, 102
Trd, 4319441.993, 126
Trd, 4319443.493, 137
Trd, 4319443.893, 106
Trd, 4319444.193, 84
Trd, 4319444.743, 123
Trd, 4319445.093, 126
Trd, 4319445.493, 137
Trd, 4319445.543, 100
Trd, 4319447.893, 79
Trd, 4319448.043, 78
Trd, 4319448.643, 105
Trd, 4319449.643, 133
Trd, 4319449.843, 132
Trd, 4319450.193, 104
Trd, 4319450.593, 103
Trd, 4319451.543, 140
Trd, 4319451.643, 124
Trd, 4319452.043, 107
Trd, 4319452.493, 61
Trd, 4319454.593, 111
Trd, 4319454.793, 110
Trd, 4319455.043, 92
Trd, 4319455.543, 111
Trd, 4319456.393, 135
Trd, 4319458.543, 140
Trd, 4319458.643, 140
Trd, 4319459.893, 139
Trd, 4319461.743, 123
Trd, 4319461.793, 90
Trd, 4319461.943, 89
Trd, 4319462.043, 88
Trd, 4319463.293, 61
Trd, 4319464.443, 67
Trd, 4319465.743, 61
Trd, 4319466.343, 62
Trd, 4319467.743, 66
Trd, 4319468.143, 65
Trd, 4319468.743, 64
Trd, 4319469.593, 83
Trd, 4319470.343, 132
Trd, 4319470.543, 118
Trd, 4319470.893, 117
Trd, 4319471.043, 87
Trd, 4319472.343, 92
Trd, 4319473.193, 140
Trd, 4319474.243, 105
Trd, 4319475.993, 113
Trd, 4319476.993, 106
Trd, 4319477.743, 85
Trd, 4319478.543, 81
Trd, 4319478.993, 80
Trd, 4319479.343, 139
Trd, 4319479.493, 90
Trd, 4319480.293, 125
Trd, 4319480.343, 120
Trd, 4319480.993, 128
Trd, 4319482.593, 139
Trd, 4319484.193, 114
Trd, 4319484.593, 139
Trd, 4319485.643, 116
Trd, 4319486.393, 140
Trd, 4319486.743, 124
Trd, 4319487.843, 140
Trd, 4319488.343, 132
Trd, 4319489.193, 134
Trd, 4319490.943, 139
Trd, 4319491.143, 138
Trd, 4319491.493, 93
Trd, 4319491.693, 92
Trd, 4319493.543, 134
Trd, 4319493.793, 100
Trd, 4319493.943, 122
Trd, 4319494.493, 115
Trd, 4319495.743, 140
Trd, 4319495.993, 140
Trd, 4319496.143, 106
Trd, 4319496.593, 98
Trd, 4319496.843, 76
Trd, 4319497.343, 124
Trd, 4319499.643, 140
Trd, 4319502.093, 140
Trd, 4319502.193, 139
Trd, 4319502.893, 140
Trd, 4319503.443, 139
Trd, 4319505.393, 123
Trd, 4319505.993, 111
Trd, 4319506.543, 99
Trd, 4319506.593, 98
Trd, 4319506.843, 91
Trd, 4319507.093, 109
Trd, 4319507.443, 107
Trd, 4319509.043, 134
Trd, 4319509.093, 113
Trd, 4319510.143, 140
Trd, 4319510.493, 110
Trd, 4319511.493, 126
Trd, 4319512.193, 124
Trd, 4319512.393, 105
Trd, 4319512.843, 68
Trd, 4319513.543, 138
Trd, 4319513.893, 106
Trd, 4319514.593, 118
Trd, 4319515.643, 113
Trd, 4319516.593, 140
Trd, 4319517.093, 120
Trd, 4319517.393, 126
Trd, 4319517.943, 105
Trd, 4319518.843, 121
Trd, 4319519.243, 138
Trd, 4319519.993, 72
Trd, 4319520.943, 83
Trd, 4319522.143, 99
Trd, 4319522.793, 89
Trd, 4319522.893, 134
Trd, 4319523.843, 79
Trd, 4319524.593, 120
Trd, 4319525.993, 116
Trd, 4319526.593, 138
Trd, 4319527.593, 132
Trd, 4319528.343, 113
Trd, 4319529.193, 120
Trd, 4319530.143, 140
Trd, 4319531.293, 140
Trd, 4319531.643, 137
Trd, 4319531.893, 125
Trd, 4319532.343, 129
Trd, 4319533.093, 81
Trd, 4319533.593, 116
Trd, 4319535.093, 63
Trd, 4319536.093, 121
Trd, 4319536.393, 120
Trd, 4319537.293, 135
Trd, 4319538.693, 140
Trd, 4319539.793, 119
Trd, 4319540.193, 130
Trd, 4319540.293, 104
Trd, 4319541.093, 130
Trd, 4319541.543, 90
Trd, 4319542.093, 140
Trd, 4319542.143, 140
Trd, 4319542.993, 94
Trd, 4319543.243, 64
Trd, 4319544.693, 95
Trd, 4319545.743, 104
Trd, 4319546.293, 138
Trd, 4319546.943, 120
Trd, 4319547.093, 102
Trd, 4319548.693, 140
Trd, 4319549.793, 140
Trd, 4319550.643, 127
Trd, 4319550.993, 113
Trd, 4319551.843, 95
Trd, 4319552.093, 90
Trd, 4319553.393, 132
Trd, 4319553.493, 130
Trd, 4319553.843, 123
Trd, 4319554.543, 70
Trd, 4319555.793, 72
Trd, 4319556.593, 139
Trd, 4319556.743, 122
Trd, 4319557.893, 123
Trd, 4319558.643, 134
Trd, 4319559.393, 123
Trd, 4319560.243, 125
Trd, 4319560.593, 89
Trd, 4319561.143, 89
Trd, 4319561.443, 82
Trd, 4319562.143, 89
Trd, 4319563.093, 60
Trd, 4319563.393, 70
Trd, 4319565.543, 125
Trd, 4319565.593, 124
Trd, 4319565.893, 128
Trd, 4319567.293, 138
Trd, 4319567.643, 115
Trd, 4319568.843, 93
Trd, 4319569.093, 85
Trd, 4319569.693, 77
Trd, 4319570.393, 73
Trd, 4319571.793, 69
Trd, 4319572.593, 82
Trd, 4319574.993, 140
Trd, 4319576.943, 140
Trd, 4319577.393, 136
Trd, 4319578.243, 109
Trd, 4319578.393, 108
Trd, 4319580.043, 140
Trd, 4319580.193, 123
Trd, 4319580.293, 108
Trd, 4319580.543, 137
Trd, 4319581.293, 68
Trd, 4319581.893, 107
Trd, 4319582.093, 95
Trd, 4319582.443, 94
Trd, 4319585.093, 140
Trd, 4319585.593, 139
Trd, 4319586.043, 104
Trd, 4319586.693, 119
Trd, 4319586.943, 116
Trd, 4319589.143, 126
Trd, 4319589.943, 96
Trd, 4319591.393, 134
Trd, 4319592.043, 131
Trd, 4319592.743, 140
Trd, 4319593.193, 105
Trd, 4319593.893, 90
Trd, 4319594.243, 122
Trd, 4319594.343, 81
Trd, 4319595.443, 123
Trd, 4319596.243, 111
Trd, 4319596.443, 139
Trd, 4319597.393, 131
Trd, 4319597.943, 103
Trd, 4319599.193, 102
Trd, 4319599.643, 124
Trd, 4319600.193, 115
Trd, 4319600.343, 94
Trd, 4319601.143, 94
Trd, 4319601.693, 139
Trd, 4319603.193, 140
Trd, 4319603.543, 116
Trd, 4319603.593, 115
Trd, 4319605.043, 60
Trd, 4319606.093, 92
Trd, 4319606.743, 135
Trd, 4319608.093, 129
Trd, 4319608.243, 104
Trd, 4319608.693, 110
Trd, 4319608.993, 92
Trd, 4319609.743, 111
Trd, 4319610.243, 83
Trd, 4319611.493, 137
Trd, 4319612.793, 107
Trd, 4319612.843, 102
Trd, 4319612.893, 100
Trd, 4319613.643, 108
Trd, 4319614.443, 140
Trd, 4319615.493, 92
Trd, 4319616.593, 138
Trd, 4319617.443, 97
Trd, 4319617.693, 82
Trd, 4319618.493, 125
Trd, 4319619.293, 140
Trd, 4319619.793, 118
Trd, 4319620.393, 137
Trd, 4319621.543, 125
Trd, 4319621.893, 139
Trd, 4319622.693, 138
Trd, 4319624.143, 135
Trd, 4319625.043, 138
Trd, 4319625.843, 103
Trd, 4319626.593, 109
Trd, 4319626.693, 72
Trd, 4319626.743, 71
Trd, 4319628.093, 79
Trd, 4319629.093, 60
Trd, 4319629.993, 94
Trd, 4319630.893, 93
Trd, 4319631.543, 135
Trd, 4319631.593, 98
Trd, 4319631.843, 85
Trd, 4319632.893, 96
Trd, 4319633.843, 90
Trd, 4319634.593, 93
Trd, 4319635.293, 101
Trd, 4319635.593, 122
Trd, 4319637.343, 139
Trd, 4319637.843, 126
Trd, 4319637.943, 125
Trd, 4319639.193, 107
Trd, 4319640.493, 137
Trd, 4319641.043, 106
Trd, 4319641.943, 116
Trd, 4319642.743, 125
Trd, 4319642.843, 124
Trd, 4319643.493, 138
Trd, 4319645.043, 139
Trd, 4319645.593, 138
Trd, 4319646.893, 106
Trd, 4319647.043, 102
Trd, 4319647.743, 84
Trd, 4319648.093, 84
Trd, 4319648.293, 124
Trd, 4319648.793, 108
Trd, 4319650.293, 116
Trd, 4319650.543, 70
Trd, 4319651.843, 103
Trd, 4319652.843, 95
Trd, 4319653.793, 112
Trd, 4319654.543, 140
Trd, 4319655.293, 140
Trd, 4319655.743, 104
Trd, 4319655.943, 126
Trd, 4319656.593, 134
Trd, 4319657.443, 66
Trd, 4319657.993, 78
Trd, 4319660.193, 129
Trd, 4319661.043, 139
Trd, 4319661.243, 138
Trd, 4319661.593, 135
Trd, 4319662.693, 104
Trd, 4319664.093, 114
Trd, 4319664.643, 101
Trd, 4319665.343, 108
Trd, 4319665.893, 99
Trd, 4319666.793, 122
Trd, 4319666.943, 120
Trd, 4319668.543, 139
Trd, 4319668.993, 139
Trd, 4319669.693, 88
Trd, 4319670.443, 113
Trd, 4319671.793, 135
Trd, 4319673.443, 140
Trd, 4319673.793, 140
Trd, 4319673.893, 133
Trd, 4319674.143, 114
Trd, 4319674.743, 103
Trd, 4319675.143, 62
Trd, 4319675.493, 65
Trd, 4319675.843, 63
Trd, 4319676.943, 60
Trd, 4319677.693, 60
Trd, 4319677.893, 62
Trd, 4319679.543, 135
Trd, 4319680.793, 125
Trd, 4319680.943, 117
Trd, 4319682.793, 140
Trd, 4319683.093, 140
Trd, 4319685.043, 140
Trd, 4319685.193, 138
Trd, 4319685.293, 137
Trd, 4319686.043, 132
Trd, 4319686.393, 111
Trd, 4319686.543, 87
Trd, 4319686.993, 134
Trd, 4319687.543, 140
Trd, 4319689.243, 80
Trd, 4319689.943, 110
Trd, 4319691.693, 109
Trd, 4319692.143, 100
Trd, 4319692.393, 98
Trd, 4319692.643, 71
Trd, 4319694.543, 128
Trd, 4319695.043, 131
Trd, 4319695.793, 140
Trd, 4319696.443, 129
Trd, 4319696.743, 121
Trd, 4319696.793, 120
Trd, 4319698.093, 133
Trd, 4319699.443, 138
Trd, 4319699.543, 136
Trd, 4319699.593, 103
Trd, 4319701.243, 128
Trd, 4319702.043, 134
Trd, 4319702.143, 130
Trd, 4319702.893, 140
Trd, 4319703.243, 140
Trd, 4319703.643, 92
Trd, 4319704.893, 129
Trd, 4319705.293, 71
Trd, 4319705.643, 68
Trd, 4319706.643, 139
Trd, 4319707.993, 138
Trd, 4319708.593, 139
Trd, 4319709.293, 138
Trd, 4319709.943, 128
Trd, 4319710.293, 125
Trd, 4319710.843, 119
Trd, 4319710.943, 112
Trd, 4319711.493, 137
Trd, 4319712.493, 126
Trd, 4319713.793, 123
Trd, 4319714.793, 114
Trd, 4319716.343, 140
Trd, 4319716.693, 139
Trd, 4319717.643, 122
Trd, 4319718.143, 116
Trd, 4319718.443, 82
Trd, 4319719.093, 112
Trd, 4319720.293, 87
Trd, 4319720.893, 61
Trd, 4319722.393, 60
Trd, 4319723.443, 60
Trd, 4319723.643, 65
Trd, 4319724.293, 66
Trd, 4319724.893, 136
Trd, 4319725.793, 139
Trd, 4319726.143, 139
Trd, 4319726.643, 132
Trd, 4319727.343, 118
Trd, 4319728.143, 140
Trd, 4319728.893, 113
Trd, 4319730.393, 112
Trd, 4319730.443, 82
Trd, 4319730.543, 72
Trd, 4319731.193, 131
Trd, 4319731.993, 139
Trd, 4319732.193, 128
Trd, 4319732.943, 72
Trd, 4319733.943, 69
Trd, 4319734.493, 64
Trd, 4319735.093, 61
Trd, 4319736.893, 65
Trd, 4319736.943, 67
Trd, 4319738.643, 112
Trd, 4319739.893, 110
Trd, 4319740.443, 140
Trd, 4319740.543, 96
Trd, 4319742.243, 140
Trd, 4319742.493, 92
Trd, 4319743.093, 65
Trd, 4319743.893, 60
Trd, 4319744.643, 63
Trd, 4319745.243, 64
Trd, 4319746.493, 60
Trd, 4319746.593, 73
Trd, 4319747.043, 101
Trd, 4319747.943, 66
Trd, 4319748.343, 62
Trd, 4319749.493, 60
Trd, 4319749.893, 92
Trd, 4319750.693, 95
Trd, 4319750.993, 104
Trd, 4319751.793, 79
Trd, 4319751.993, 70
Trd, 4319752.843, 140
Trd, 4319753.693, 63
Trd, 4319754.893, 60
Trd, 4319755.743, 61
Trd, 4319756.343, 68
Trd, 4319757.193, 91
Trd, 4319757.943, 74
Trd, 4319758.043, 65
Trd, 4319759.243, 139
Trd, 4319759.693, 139
Trd, 4319759.893, 138
Trd, 4319762.143, 131
Trd, 4319762.293, 129
Trd, 4319763.343, 107
Trd, 4319764.643, 72
Trd, 4319764.743, 71
Trd, 4319765.293, 61
Trd, 4319766.143, 128
Trd, 4319767.743, 139
Trd, 4319768.043, 131
Trd, 4319768.143, 121
Trd, 4319768.543, 104
Trd, 4319769.593, 123
Trd, 4319770.193, 93
Trd, 4319770.593, 92
Trd, 4319771.693, 119
Trd, 4319771.893, 132
Trd, 4319773.093, 128
Trd, 4319773.693, 92
Trd, 4319774.793, 140
Trd, 4319774.943, 137
Trd, 4319775.243, 127
Trd, 4319777.043, 115
Trd, 4319777.343, 122
Trd, 4319778.093, 134
Trd, 4319779.343, 118
Trd, 4319779.443, 112
Trd, 4319780.093, 112
Trd, 4319780.843, 139
Trd, 4319780.993, 132
Trd, 4319781.143, 123
Trd, 4319781.343, 92
Trd, 4319782.193, 125
Trd, 4319783.743, 135
Trd, 4319784.093, 104
Trd, 4319784.243, 61
Trd, 4319784.693, 62
Trd, 4319784.893, 71
Trd, 4319786.543, 66
Trd, 4319787.493, 65
Trd, 4319787.993, 62
Trd, 4319788.043, 66
Trd, 4319789.343, 117
Trd, 4319789.843, 99
Trd, 4319790.543, 85
Trd, 4319791.043, 120
Trd, 4319791.093, 133
Trd, 4319792.143, 89
Trd, 4319792.443, 90
Trd, 4319793.743, 128
Trd, 4319793.893, 102
Trd, 4319794.343, 140
Trd, 4319794.643, 105
Trd, 4319795.843, 133
Trd, 4319796.243, 129
Trd, 4319797.093, 129
Trd, 4319797.343, 138
Trd, 4319797.693, 128
Trd, 4319798.893, 72
Trd, 4319799.143, 107
Trd, 4319801.143, 137
Trd, 4319801.243, 103
Trd, 4319801.543, 81
Trd, 4319803.143, 122
Trd, 4319803.893, 93
Trd, 4319803.993, 80
Trd, 4319804.143, 79
Trd, 4319805.043, 124
Trd, 4319806.293, 98
Trd, 4319806.693, 67
Trd, 4319807.443, 67
Trd, 4319807.593, 66
Trd, 4319809.743, 140
Trd, 4319809.793, 137
Trd, 4319809.843, 108
Trd, 4319809.993, 127
Trd, 4319811.993, 127
Trd, 4319812.893, 139
Trd, 4319814.243, 135
Trd, 4319814.343, 130
Trd, 4319814.893, 129
Trd, 4319816.543, 130
Trd, 4319817.243, 110
Trd, 4319819.093, 138
Trd, 4319819.893, 140
Trd, 4319820.193, 138
Trd, 4319820.543, 129
Trd, 4319820.643, 139
Trd, 4319821.093, 101
Trd, 4319822.293, 108
Trd, 4319824.593, 140
Trd, 4319824.943, 140
Trd, 4319825.243, 125
Trd, 4319825.893, 128
Trd, 4319827.243, 130
Trd, 4319827.443, 127
Trd, 4319827.993, 107
Trd, 4319829.343, 138
Trd, 4319830.393, 140
Trd, 4319830.693, 93
Trd, 4319831.743, 128
Trd, 4319832.093, 126
Trd, 4319832.493, 107
Trd, 4319833.043, 129
Trd, 4319833.943, 130
Trd, 4319834.693, 128
Trd, 4319834.743, 89
Trd, 4319835.843, 106
Trd, 4319838.943, 140
Trd, 4319839.143, 140
Trd, 4319839.443, 140
Trd, 4319840.993, 134
Trd, 4319841.093, 98
Trd, 4319842.093, 138
Trd, 4319843.293, 137
Trd, 4319845.693, 140
Trd, 4319845.993, 140
Trd, 4319846.343, 133
Trd, 4319846.393, 112
Trd, 4319846.743, 87
Trd, 4319848.093, 140
Trd, 4319848.343, 140
Trd, 4319850.293, 133
Trd, 4319850.393, 132
Trd, 4319850.543, 133
Trd, 4319850.593, 127
Trd, 4319850.893, 120
Trd, 4319854.043, 107
Trd, 4319854.193, 98
Trd, 4319854.893, 113
Trd, 4319855.293, 114
Trd, 4319855.493, 134
Trd, 4319856.843, 138
Trd, 4319857.143, 137
Trd, 4319858.243, 140
Trd, 4319859.293, 137
Trd, 4319859.343, 127
Trd, 4319859.743, 140
Trd, 4319859.943, 123
Trd, 4319862.143, 119
Trd, 4319863.943, 114
Trd, 4319864.243, 110
Trd, 4319865.293, 127
Trd, 4319865.643, 94
Trd, 4319865.693, 92
Trd, 4319867.043, 73
Trd, 4319868.893, 137
Trd, 4319868.993, 136
Trd, 4319869.993, 140
Trd, 4319870.243, 128
Trd, 4319871.343, 116
Trd, 4319872.443, 140
Trd, 4319874.693, 140
Trd, 4319874.943, 139
Trd, 4319874.993, 136
Trd, 4319875.493, 89
Trd, 4319876.543, 106
Trd, 4319876.743, 123
Trd, 4319877.393, 85
Trd, 4319877.493, 70
Trd, 4319879.043, 138
Trd, 4319879.143, 76
Trd, 4319879.343, 61
Trd, 4319880.243, 108
Trd, 4319880.843, 107
Trd, 4319881.543, 111
Trd, 4319881.643, 89
Trd, 4319883.043, 140
Trd, 4319884.443, 140
Trd, 4319884.893, 138
Trd, 4319885.993, 128
Trd, 4319886.543, 122
Trd, 4319886.893, 102
Trd, 4319888.543, 101
Trd, 4319889.243, 140
Trd, 4319889.343, 138
Trd, 4319889.443, 117
Trd, 4319891.043, 137
Trd, 4319891.093, 120
Trd, 4319893.643, 140
Trd, 4319893.793, 139
Trd, 4319894.593, 99
Trd, 4319895.143, 121
Trd, 4319895.443, 89
Trd, 4319895.493, 127
Trd, 4319897.593, 104
Trd, 4319897.843, 133
Trd, 4319898.243, 135
Trd, 4319898.293, 105
Trd, 4319898.643, 103
Trd, 4319898.693, 80
Trd, 4319900.043, 125
Trd, 4319901.543, 138
Trd, 4319901.943, 140
Trd, 4319902.343, 121
Trd, 4319903.193, 110
Trd, 4319903.643, 85
Trd, 4319903.843, 91
Trd, 4319904.843, 128
Trd, 4319905.343, 72
Trd, 4319905.743, 103
Trd, 4319906.143, 87
Trd, 4319908.193, 140
Trd, 4319908.993, 140
Trd, 4319910.293, 140
Trd, 4319910.843, 124
Trd, 4319911.543, 139
Trd, 4319912.643, 138
Trd, 4319913.443, 121
Trd, 4319913.993, 120
Trd, 4319914.043, 106
Trd, 4319914.243, 103
Trd, 4319914.793, 128
Trd, 4319914.943, 61
Trd, 4319917.143, 126
Trd, 4319917.243, 123
Trd, 4319917.793, 140
Trd, 4319918.243, 139
Trd, 4319919.793, 136
Trd, 4319920.193, 134
Trd, 4319920.843, 138
Trd, 4319922.343, 94
Trd, 4319922.593, 106
Trd, 4319923.843, 124
Trd, 4319924.443, 139
Trd, 4319925.993, 140
Trd, 4319926.593, 140
Trd, 4319927.243, 93
Trd, 4319927.943, 116
Trd, 4319928.043, 95
Trd, 4319928.643, 93
Trd, 4319930.993, 110
Trd, 4319931.793, 103
Trd, 4319932.593, 139
Trd, 4319933.143, 138
Trd, 4319933.343, 91
Trd, 4319934.393, 105
Trd, 4319935.393, 96
Trd, 4319935.843, 127
Trd, 4319936.893, 67
Trd, 4319937.193, 61
Trd, 4319937.343, 70
Trd, 4319938.743, 140
Trd, 4319939.343, 140
Trd, 4319939.843, 140
Trd, 4319940.043, 125
Trd, 4319940.593, 126
Trd, 4319940.943, 125
Trd, 4319941.343, 140
Trd, 4319942.393, 131
Trd, 4319944.293, 136
Trd, 4319944.343, 132
Trd, 4319945.443, 90
Trd, 4319945.743, 88
Trd, 4319947.443, 140
Trd, 4319948.293, 130
Trd, 4319948.843, 129
Trd, 4319950.143, 115
Trd, 4319950.193, 113
Trd, 4319950.543, 133
Trd, 4319951.043, 134
Trd, 4319951.793, 132
Trd, 4319952.643, 135
Trd, 4319953.743, 140
Trd, 4319954.843, 123
Trd, 4319955.643, 138
Trd, 4319956.343, 75
Trd, 4319956.843, 90
Trd, 4319957.493, 135
Trd, 4319958.193, 93
Trd, 4319958.593, 104
Trd, 4319959.743, 135
Trd, 4319960.943, 140
Trd, 4319961.243, 140
Trd, 4319961.593, 124
Trd, 4319962.643, 132
Trd, 4319963.643, 105
Trd, 4319963.893, 104
Trd, 4319965.293, 133
Trd, 4319965.743, 114
Trd, 4319967.093, 131
Trd, 4319967.443, 104
Trd, 4319968.593, 101
Trd, 4319968.843, 77
Trd, 4319969.543, 124
Trd, 4319969.643, 124
Trd, 4319970.643, 133
Trd, 4319970.993, 109
Trd, 4319972.193, 115
Trd, 4319972.343, 93
Trd, 4319973.143, 104
Trd, 4319973.493, 99
Trd, 4319973.943, 129
Trd, 4319976.393, 137
Trd, 4319976.743, 96
Trd, 4319976.843, 88
Trd, 4319977.093, 99
Trd, 4319978.143, 139
Trd, 4319979.093, 140
Trd, 4319980.193, 140
Trd, 4319980.493, 140
Trd, 4319981.693, 140
Trd, 4319983.293, 137
Trd, 4319983.543, 123
Trd, 4319984.393, 125
Trd, 4319985.143, 137
Trd, 4319986.393, 130
Trd, 4319987.043, 127
Trd, 4319988.293, 111
Trd, 4319988.593, 104
Trd, 4319989.243, 138
Trd, 4319990.443, 111
Trd, 4319991.593, 139
Trd, 4319991.693, 138
Trd, 4319991.743, 102
Trd, 4319991.993, 73
Trd, 4319993.643, 68
Trd, 4319994.443, 69
Trd, 4319994.693, 65
Trd, 4319996.193, 136
Trd, 4319996.593, 79
Trd, 4319997.193, 77
Trd, 4319998.943, 83
Trd, 4319999.193, 82
Trd, 4319999.543, 112
