Trd, 4318178.493, 64
Trd, 4318179.993, 84
Trd, 4318180.843, 125
Trd, 4318181.243, 73
Trd, 4318181.993, 114
Trd, 4318183.743, 73
Trd, 4318183.993, 80
Trd, 4318184.593, 95
Trd, 4318184.843, 92
Trd, 4318184.893, 85
Trd, 4318185.143, 79
Trd, 4318185.493, 65
Trd, 4318185.693, 64
Trd, 4318188.493, 76
Trd, 4318189.043, 91
Trd, 4318189.093, 89
Trd, 4318189.893, 77
Trd, 4318190.193, 114
Trd, 4318190.443, 66
Trd, 4318191.393, 122
Trd, 4318191.443, 78
Trd, 4318192.093, 66
Trd, 4318192.543, 60
Trd, 4318193.593, 73
Trd, 4318194.693, 63
Trd, 4318196.393, 60
Trd, 4318196.443, 61
Trd, 4318197.293, 61
Trd, 4318197.943, 67
Trd, 4318198.343, 63
Trd, 4318199.643, 60
Trd, 4318200.743, 69
Trd, 4318200.993, 63
Trd, 4318201.193, 73
Trd, 4318202.243, 120
Trd, 4318203.893, 97
Trd, 4318204.243, 92
Trd, 4318204.443, 89
Trd, 4318204.593, 89
Trd, 4318205.593, 131
Trd, 4318205.643, 130
Trd, 4318206.243, 68
Trd, 4318206.693, 74
Trd, 4318207.893, 82
Trd, 4318208.193, 62
Trd, 4318208.543, 93
Trd, 4318210.393, 128
Trd, 4318210.443, 113
Trd, 4318210.593, 118
Trd, 4318210.643, 112
Trd, 4318211.143, 106
Trd, 4318211.343, 88
Trd, 4318212.093, 87
Trd, 4318212.543, 100
Trd, 4318213.593, 77
Trd, 4318214.143, 115
Trd, 4318214.393, 98
Trd, 4318215.293, 126
Trd, 4318215.493, 113
Trd, 4318216.143, 103
Trd, 4318216.793, 72
Trd, 4318218.793, 132
Trd, 4318219.143, 110
Trd, 4318219.793, 108
Trd, 4318220.393, 98
Trd, 4318220.593, 93
Trd, 4318221.393, 128
Trd, 4318221.543, 127
Trd, 4318222.143, 94
Trd, 4318222.543, 117
Trd, 4318223.143, 122
Trd, 4318223.743, 61
Trd, 4318224.293, 73
Trd, 4318224.543, 73
Trd, 4318225.493, 60
Trd, 4318226.043, 88
Trd, 4318226.543, 73
Trd, 4318226.993, 75
Trd, 4318227.993, 64
Trd, 4318228.793, 93
Trd, 4318228.943, 80
Trd, 4318229.443, 95
Trd, 4318229.493, 100
Trd, 4318231.493, 110
Trd, 4318231.593, 99
Trd, 4318232.243, 125
Trd, 4318232.443, 130
Trd, 4318232.843, 137
Trd, 4318234.093, 62
Trd, 4318234.193, 63
Trd, 4318234.393, 67
Trd, 4318235.293, 117
Trd, 4318236.043, 111
Trd, 4318236.293, 106
Trd, 4318236.993, 108
Trd, 4318237.293, 93
Trd, 4318237.443, 82
Trd, 4318238.893, 111
Trd, 4318239.043, 77
Trd, 4318239.643, 85
Trd, 4318240.643, 65
Trd, 4318241.293, 61
Trd, 4318241.343, 119
Trd, 4318242.043, 104
Trd, 4318243.543, 80
Trd, 4318243.943, 134
Trd, 4318244.243, 116
Trd, 4318244.943, 66
Trd, 4318245.943, 64
Trd, 4318246.593, 112
Trd, 4318246.693, 111
Trd, 4318247.343, 140
Trd, 4318249.093, 108
Trd, 4318249.593, 107
Trd, 4318249.643, 102
Trd, 4318250.143, 132
Trd, 4318250.293, 132
Trd, 4318251.243, 63
Trd, 4318252.193, 106
Trd, 4318252.743, 87
Trd, 4318252.843, 86
Trd, 4318253.493, 69
Trd, 4318253.693, 77
Trd, 4318254.493, 75
Trd, 4318255.293, 61
Trd, 4318255.443, 67
Trd, 4318256.943, 106
Trd, 4318256.993, 88
Trd, 4318257.243, 77
Trd, 4318257.743, 96
Trd, 4318258.343, 76
Trd, 4318258.443, 109
Trd, 4318259.193, 78
Trd, 4318259.693, 123
Trd, 4318260.343, 100
Trd, 4318262.193, 67
Trd, 4318262.293, 84
Trd, 4318262.643, 61
Trd, 4318263.993, 79
Trd, 4318264.193, 89
Trd, 4318264.743, 118
Trd, 4318264.893, 102
Trd, 4318265.043, 98
Trd, 4318266.693, 66
Trd, 4318267.393, 124
Trd, 4318267.693, 103
Trd, 4318268.743, 114
Trd, 4318269.143, 90
Trd, 4318269.593, 115
Trd, 4318270.193, 139
Trd, 4318270.343, 109
Trd, 4318270.693, 96
Trd, 4318271.093, 92
Trd, 4318271.893, 104
Trd, 4318272.693, 65
Trd, 4318273.993, 61
Trd, 4318274.443, 101
Trd, 4318274.643, 84
Trd, 4318275.043, 85
Trd, 4318275.693, 66
Trd, 4318277.093, 61
Trd, 4318277.593, 66
Trd, 4318278.043, 70
Trd, 4318278.843, 80
Trd, 4318279.843, 105
Trd, 4318279.893, 100
Trd, 4318280.493, 79
Trd, 4318281.043, 101
Trd, 4318281.643, 78
Trd, 4318282.493, 71
Trd, 4318283.043, 78
Trd, 4318283.893, 72
Trd, 4318284.593, 67
Trd, 4318284.693, 74
Trd, 4318284.943, 94
Trd, 4318285.693, 80
Trd, 4318287.243, 69
Trd, 4318287.593, 69
Trd, 4318288.843, 102
Trd, 4318290.543, 91
Trd, 4318290.943, 92
Trd, 4318291.243, 110
Trd, 4318291.643, 81
Trd, 4318291.793, 74
Trd, 4318292.293, 61
Trd, 4318293.493, 76
Trd, 4318294.193, 72
Trd, 4318294.543, 70
Trd, 4318294.943, 75
Trd, 4318295.843, 102
Trd, 4318295.893, 85
Trd, 4318297.193, 99
Trd, 4318297.293, 91
Trd, 4318297.643, 62
Trd, 4318297.993, 103
Trd, 4318299.543, 129
Trd, 4318299.593, 122
Trd, 4318300.393, 82
Trd, 4318301.293, 66
Trd, 4318301.443, 89
Trd, 4318301.793, 64
Trd, 4318302.543, 61
Trd, 4318302.793, 62
Trd, 4318303.693, 76
Trd, 4318304.543, 66
Trd, 4318305.393, 61
Trd, 4318305.643, 72
Trd, 4318306.143, 90
Trd, 4318306.993, 60
Trd, 4318307.093, 73
Trd, 4318307.243, 98
Trd, 4318307.943, 68
Trd, 4318309.043, 76
Trd, 4318309.143, 67
Trd, 4318309.943, 75
Trd, 4318311.293, 90
Trd, 4318311.493, 110
Trd, 4318311.793, 131
Trd, 4318311.993, 85
Trd, 4318313.043, 64
Trd, 4318313.693, 62
Trd, 4318314.843, 64
Trd, 4318315.193, 64
Trd, 4318316.143, 68
Trd, 4318316.843, 75
Trd, 4318316.993, 77
Trd, 4318317.643, 60
Trd, 4318318.843, 73
Trd, 4318318.993, 73
Trd, 4318320.493, 60
Trd, 4318320.543, 64
Trd, 4318321.943, 100
Trd, 4318321.993, 88
Trd, 4318322.243, 84
Trd, 4318322.393, 77
Trd, 4318323.193, 91
Trd, 4318324.343, 108
Trd, 4318324.393, 102
Trd, 4318324.793, 90
Trd, 4318325.343, 60
Trd, 4318325.443, 74
Trd, 4318326.493, 69
Trd, 4318326.643, 95
Trd, 4318328.943, 78
Trd, 4318329.143, 61
Trd, 4318329.393, 62
Trd, 4318331.243, 61
Trd, 4318331.393, 63
Trd, 4318331.893, 66
Trd, 4318331.943, 79
Trd, 4318333.543, 72
Trd, 4318333.993, 61
Trd, 4318334.193, 89
Trd, 4318334.543, 60
Trd, 4318334.793, 101
Trd, 4318336.293, 93
Trd, 4318337.293, 140
Trd, 4318338.643, 128
Trd, 4318338.693, 121
Trd, 4318339.243, 114
Trd, 4318339.593, 117
Trd, 4318340.193, 91
Trd, 4318340.793, 86
Trd, 4318341.543, 127
Trd, 4318342.043, 76
Trd, 4318342.443, 118
Trd, 4318342.693, 103
Trd, 4318342.843, 88
Trd, 4318344.493, 93
Trd, 4318345.043, 69
Trd, 4318345.793, 134
Trd, 4318345.993, 81
Trd, 4318346.943, 69
Trd, 4318347.593, 111
Trd, 4318347.693, 106
Trd, 4318348.493, 100
Trd, 4318348.693, 78
Trd, 4318349.243, 61
Trd, 4318349.493, 97
Trd, 4318351.243, 131
Trd, 4318351.843, 111
Trd, 4318352.443, 80
Trd, 4318352.793, 80
Trd, 4318353.043, 80
Trd, 4318353.243, 77
Trd, 4318354.143, 102
Trd, 4318354.493, 100
Trd, 4318354.843, 87
Trd, 4318356.043, 128
Trd, 4318356.293, 67
Trd, 4318357.143, 81
Trd, 4318357.493, 103
Trd, 4318358.493, 102
Trd, 4318358.543, 92
Trd, 4318358.943, 82
Trd, 4318359.493, 114
Trd, 4318360.243, 77
Trd, 4318361.593, 61
Trd, 4318361.993, 79
Trd, 4318362.993, 127
Trd, 4318363.343, 124
Trd, 4318363.543, 115
Trd, 4318363.593, 65
Trd, 4318364.543, 109
Trd, 4318365.843, 73
Trd, 4318366.543, 64
Trd, 4318366.893, 68
Trd, 4318367.693, 126
Trd, 4318368.243, 125
Trd, 4318368.443, 96
Trd, 4318368.943, 127
Trd, 4318369.943, 108
Trd, 4318372.043, 110
Trd, 4318372.243, 105
Trd, 4318373.143, 125
Trd, 4318373.843, 95
Trd, 4318373.893, 86
Trd, 4318374.543, 62
Trd, 4318374.593, 63
Trd, 4318374.993, 78
Trd, 4318376.743, 127
Trd, 4318376.793, 121
Trd, 4318377.143, 87
Trd, 4318378.243, 93
Trd, 4318378.843, 84
Trd, 4318379.193, 138
Trd, 4318380.743, 115
Trd, 4318381.043, 80
Trd, 4318381.193, 92
Trd, 4318381.743, 118
Trd, 4318383.393, 92
Trd, 4318383.993, 76
Trd, 4318384.293, 91
Trd, 4318385.093, 84
Trd, 4318385.243, 80
Trd, 4318385.593, 83
Trd, 4318385.893, 92
Trd, 4318386.593, 63
Trd, 4318387.043, 106
Trd, 4318388.293, 116
Trd, 4318388.693, 90
Trd, 4318389.893, 71
Trd, 4318392.543, 65
Trd, 4318393.093, 67
Trd, 4318393.993, 62
Trd, 4318394.143, 70
Trd, 4318394.693, 64
Trd, 4318394.843, 66
Trd, 4318395.193, 66
Trd, 4318395.593, 72
Trd, 4318396.493, 67
Trd, 4318396.693, 106
Trd, 4318397.443, 77
Trd, 4318397.793, 94
Trd, 4318398.893, 80
Trd, 4318400.043, 72
Trd, 4318400.093, 67
Trd, 4318400.943, 73
Trd, 4318401.993, 106
Trd, 4318402.193, 81
Trd, 4318403.743, 65
Trd, 4318404.293, 82
Trd, 4318404.743, 112
Trd, 4318404.793, 110
Trd, 4318405.693, 65
Trd, 4318407.343, 140
Trd, 4318408.443, 128
Trd, 4318408.693, 96
Trd, 4318408.843, 80
Trd, 4318409.693, 102
Trd, 4318410.643, 96
Trd, 4318411.393, 105
Trd, 4318411.893, 123
Trd, 4318412.843, 87
Trd, 4318414.143, 139
Trd, 4318414.443, 82
Trd, 4318414.893, 82
Trd, 4318415.443, 77
Trd, 4318416.093, 80
Trd, 4318416.143, 89
Trd, 4318416.943, 109
Trd, 4318417.293, 105
Trd, 4318418.293, 121
Trd, 4318418.543, 83
Trd, 4318418.643, 80
Trd, 4318419.993, 124
Trd, 4318420.293, 86
Trd, 4318420.693, 62
Trd, 4318420.793, 92
Trd, 4318421.843, 118
Trd, 4318422.143, 118
Trd, 4318422.843, 122
Trd, 4318423.343, 113
Trd, 4318424.993, 86
Trd, 4318425.143, 73
Trd, 4318425.493, 69
Trd, 4318426.043, 60
Trd, 4318426.793, 68
Trd, 4318428.643, 107
Trd, 4318428.993, 128
Trd, 4318429.193, 104
Trd, 4318429.643, 126
Trd, 4318430.343, 120
Trd, 4318430.743, 115
Trd, 4318430.943, 113
Trd, 4318431.993, 109
Trd, 4318432.243, 107
Trd, 4318432.443, 102
Trd, 4318433.693, 112
Trd, 4318434.743, 89
Trd, 4318435.743, 137
Trd, 4318436.193, 120
Trd, 4318436.693, 99
Trd, 4318437.443, 90
Trd, 4318437.693, 86
Trd, 4318438.393, 97
Trd, 4318438.543, 94
Trd, 4318438.943, 108
Trd, 4318439.393, 79
Trd, 4318440.043, 69
Trd, 4318441.943, 63
Trd, 4318442.293, 73
Trd, 4318443.293, 72
Trd, 4318443.543, 76
Trd, 4318444.343, 70
Trd, 4318444.443, 81
Trd, 4318444.843, 77
Trd, 4318445.143, 88
Trd, 4318446.293, 65
Trd, 4318447.343, 71
Trd, 4318448.193, 61
Trd, 4318448.343, 63
Trd, 4318448.643, 63
Trd, 4318449.543, 120
Trd, 4318450.393, 82
Trd, 4318451.293, 94
Trd, 4318451.793, 107
Trd, 4318451.843, 80
Trd, 4318452.543, 86
Trd, 4318453.493, 90
Trd, 4318453.643, 84
Trd, 4318454.993, 112
Trd, 4318455.193, 85
Trd, 4318455.693, 66
Trd, 4318457.493, 66
Trd, 4318458.143, 61
Trd, 4318458.193, 73
Trd, 4318458.793, 80
Trd, 4318460.893, 78
Trd, 4318461.593, 74
Trd, 4318462.143, 67
Trd, 4318462.293, 97
Trd, 4318462.743, 99
Trd, 4318464.243, 61
Trd, 4318464.843, 60
Trd, 4318464.993, 66
Trd, 4318465.293, 111
Trd, 4318465.593, 95
Trd, 4318466.443, 102
Trd, 4318467.193, 79
Trd, 4318467.843, 75
Trd, 4318468.293, 81
Trd, 4318469.143, 82
Trd, 4318470.043, 129
Trd, 4318470.293, 121
Trd, 4318472.093, 60
Trd, 4318472.743, 70
Trd, 4318473.793, 65
Trd, 4318474.193, 91
Trd, 4318474.793, 75
Trd, 4318475.143, 61
Trd, 4318475.293, 75
Trd, 4318475.893, 94
Trd, 4318475.943, 80
Trd, 4318476.093, 76
Trd, 4318477.093, 113
Trd, 4318477.243, 116
Trd, 4318478.393, 75
Trd, 4318478.593, 104
Trd, 4318480.093, 102
Trd, 4318480.643, 108
Trd, 4318480.693, 99
Trd, 4318481.093, 98
Trd, 4318481.893, 75
Trd, 4318482.093, 65
Trd, 4318482.593, 75
Trd, 4318483.043, 77
Trd, 4318483.643, 73
Trd, 4318483.793, 105
Trd, 4318485.743, 60
Trd, 4318486.643, 78
Trd, 4318487.043, 89
Trd, 4318487.393, 85
Trd, 4318487.493, 120
Trd, 4318488.093, 140
Trd, 4318488.793, 75
Trd, 4318488.893, 90
Trd, 4318489.343, 71
Trd, 4318490.893, 132
Trd, 4318491.043, 111
Trd, 4318491.943, 93
Trd, 4318492.643, 63
Trd, 4318493.493, 63
Trd, 4318493.693, 108
Trd, 4318494.293, 74
Trd, 4318495.143, 92
Trd, 4318495.893, 79
Trd, 4318495.993, 63
Trd, 4318496.243, 110
Trd, 4318496.793, 133
Trd, 4318498.693, 124
Trd, 4318498.843, 123
Trd, 4318499.343, 81
Trd, 4318499.793, 64
Trd, 4318501.343, 109
Trd, 4318501.393, 127
Trd, 4318501.993, 89
Trd, 4318502.493, 63
Trd, 4318502.893, 70
Trd, 4318503.493, 73
Trd, 4318503.743, 111
Trd, 4318503.993, 136
Trd, 4318504.593, 86
Trd, 4318504.843, 80
Trd, 4318505.593, 69
Trd, 4318505.993, 121
Trd, 4318506.893, 67
Trd, 4318507.043, 95
Trd, 4318508.293, 102
Trd, 4318509.243, 65
Trd, 4318510.043, 113
Trd, 4318510.293, 98
Trd, 4318511.093, 131
Trd, 4318512.543, 64
Trd, 4318513.343, 60
Trd, 4318513.493, 65
Trd, 4318515.443, 60
Trd, 4318515.793, 61
Trd, 4318516.043, 70
Trd, 4318516.643, 85
Trd, 4318517.043, 87
Trd, 4318517.793, 103
Trd, 4318517.843, 98
Trd, 4318519.393, 96
Trd, 4318519.743, 66
Trd, 4318520.643, 60
Trd, 4318520.993, 62
Trd, 4318522.143, 84
Trd, 4318522.343, 95
Trd, 4318523.743, 68
Trd, 4318524.843, 60
Trd, 4318525.343, 67
Trd, 4318525.543, 73
Trd, 4318525.943, 74
Trd, 4318526.893, 90
Trd, 4318527.043, 98
Trd, 4318527.693, 65
Trd, 4318528.043, 106
Trd, 4318528.943, 65
Trd, 4318529.893, 78
Trd, 4318530.243, 76
Trd, 4318530.643, 70
Trd, 4318531.943, 61
Trd, 4318532.593, 73
Trd, 4318532.743, 74
Trd, 4318532.993, 76
Trd, 4318533.993, 100
Trd, 4318534.043, 83
Trd, 4318535.443, 62
Trd, 4318535.793, 61
Trd, 4318536.043, 71
Trd, 4318536.743, 89
Trd, 4318537.243, 76
Trd, 4318537.943, 119
Trd, 4318538.493, 138
Trd, 4318539.293, 109
Trd, 4318540.143, 73
Trd, 4318540.693, 105
Trd, 4318540.893, 72
Trd, 4318541.443, 79
Trd, 4318542.493, 65
Trd, 4318542.993, 81
Trd, 4318544.443, 75
Trd, 4318544.643, 75
Trd, 4318545.893, 66
Trd, 4318546.293, 73
Trd, 4318546.643, 83
Trd, 4318546.993, 83
Trd, 4318547.043, 91
Trd, 4318547.793, 61
Trd, 4318548.543, 68
Trd, 4318549.193, 61
Trd, 4318549.793, 90
Trd, 4318550.393, 91
Trd, 4318551.743, 60
Trd, 4318552.443, 68
Trd, 4318552.893, 90
Trd, 4318553.443, 82
Trd, 4318554.543, 64
Trd, 4318555.043, 122
Trd, 4318556.043, 60
Trd, 4318556.743, 120
Trd, 4318556.943, 118
Trd, 4318557.093, 114
Trd, 4318557.543, 75
Trd, 4318558.693, 94
Trd, 4318559.793, 96
Trd, 4318559.843, 82
Trd, 4318560.693, 95
Trd, 4318560.743, 105
Trd, 4318562.243, 105
Trd, 4318562.743, 112
Trd, 4318564.293, 111
Trd, 4318564.643, 95
Trd, 4318564.943, 104
Trd, 4318565.043, 136
Trd, 4318565.743, 128
Trd, 4318566.393, 116
Trd, 4318567.093, 134
Trd, 4318567.843, 107
Trd, 4318568.593, 123
Trd, 4318568.843, 100
Trd, 4318569.543, 95
Trd, 4318570.693, 116
Trd, 4318571.143, 114
Trd, 4318572.043, 73
Trd, 4318572.293, 74
Trd, 4318573.143, 134
Trd, 4318573.843, 123
Trd, 4318574.343, 100
Trd, 4318575.243, 93
Trd, 4318575.643, 61
Trd, 4318576.493, 129
Trd, 4318577.593, 109
Trd, 4318578.493, 104
Trd, 4318579.243, 93
Trd, 4318579.443, 89
Trd, 4318579.543, 86
Trd, 4318579.993, 85
Trd, 4318580.243, 82
Trd, 4318581.243, 101
Trd, 4318582.093, 119
Trd, 4318582.343, 109
Trd, 4318582.643, 78
Trd, 4318583.543, 140
Trd, 4318583.843, 132
Trd, 4318584.443, 128
Trd, 4318584.643, 69
Trd, 4318585.343, 139
Trd, 4318585.843, 109
Trd, 4318585.943, 107
Trd, 4318586.543, 66
Trd, 4318588.293, 87
Trd, 4318588.443, 112
Trd, 4318588.843, 62
Trd, 4318589.443, 69
Trd, 4318590.343, 71
Trd, 4318590.443, 65
Trd, 4318590.743, 115
Trd, 4318591.643, 89
Trd, 4318591.943, 61
Trd, 4318593.093, 75
Trd, 4318594.293, 70
Trd, 4318594.343, 71
Trd, 4318594.943, 115
Trd, 4318595.243, 116
Trd, 4318595.893, 100
Trd, 4318596.893, 133
Trd, 4318596.943, 88
Trd, 4318597.243, 60
Trd, 4318598.143, 66
Trd, 4318599.243, 84
Trd, 4318600.493, 83
Trd, 4318601.093, 124
Trd, 4318602.343, 61
Trd, 4318602.593, 66
Trd, 4318603.193, 85
Trd, 4318603.243, 79
Trd, 4318603.443, 99
Trd, 4318604.993, 61
Trd, 4318605.793, 129
Trd, 4318606.643, 117
Trd, 4318607.093, 100
Trd, 4318607.693, 86
Trd, 4318607.893, 104
Trd, 4318608.293, 69
Trd, 4318608.343, 94
Trd, 4318609.393, 87
Trd, 4318609.843, 139
Trd, 4318610.293, 130
Trd, 4318610.543, 89
Trd, 4318611.143, 134
Trd, 4318611.993, 61
Trd, 4318612.043, 79
Trd, 4318612.593, 61
Trd, 4318612.793, 69
Trd, 4318613.243, 91
Trd, 4318615.293, 60
Trd, 4318615.843, 63
Trd, 4318616.293, 64
Trd, 4318616.393, 137
Trd, 4318616.693, 61
Trd, 4318617.093, 100
Trd, 4318618.693, 94
Trd, 4318619.793, 74
Trd, 4318619.893, 76
Trd, 4318620.093, 73
Trd, 4318621.043, 61
Trd, 4318622.043, 70
Trd, 4318623.443, 64
Trd, 4318624.243, 65
Trd, 4318624.593, 106
Trd, 4318625.443, 84
Trd, 4318625.843, 63
Trd, 4318627.293, 61
Trd, 4318627.543, 64
Trd, 4318628.293, 67
Trd, 4318629.093, 65
Trd, 4318630.143, 69
Trd, 4318631.293, 77
Trd, 4318631.393, 86
Trd, 4318632.293, 60
Trd, 4318632.543, 61
Trd, 4318633.993, 121
Trd, 4318634.143, 140
Trd, 4318635.093, 109
Trd, 4318635.143, 103
Trd, 4318635.343, 122
Trd, 4318635.893, 134
Trd, 4318636.393, 93
Trd, 4318636.793, 105
Trd, 4318637.293, 94
Trd, 4318639.093, 95
Trd, 4318639.543, 84
Trd, 4318639.943, 108
Trd, 4318640.093, 81
Trd, 4318640.243, 76
Trd, 4318641.343, 73
Trd, 4318641.993, 69
Trd, 4318642.643, 112
Trd, 4318642.843, 97
Trd, 4318643.393, 98
Trd, 4318644.893, 77
Trd, 4318645.443, 124
Trd, 4318645.793, 68
Trd, 4318646.643, 115
Trd, 4318646.993, 69
Trd, 4318647.443, 64
Trd, 4318647.893, 85
Trd, 4318647.993, 84
Trd, 4318648.743, 126
Trd, 4318648.993, 84
Trd, 4318649.993, 118
Trd, 4318650.043, 103
Trd, 4318650.493, 108
Trd, 4318652.793, 61
Trd, 4318653.643, 63
Trd, 4318654.243, 75
Trd, 4318654.443, 75
Trd, 4318655.843, 86
Trd, 4318657.343, 63
Trd, 4318657.493, 61
Trd, 4318657.593, 69
Trd, 4318657.893, 76
Trd, 4318658.243, 91
Trd, 4318659.043, 67
Trd, 4318659.193, 88
Trd, 4318660.393, 104
Trd, 4318661.493, 70
Trd, 4318661.943, 97
Trd, 4318662.843, 62
Trd, 4318662.993, 64
Trd, 4318663.643, 63
Trd, 4318664.543, 62
Trd, 4318665.593, 113
Trd, 4318666.143, 109
Trd, 4318666.593, 116
Trd, 4318667.043, 73
Trd, 4318667.093, 69
Trd, 4318667.743, 92
Trd, 4318668.593, 132
Trd, 4318668.843, 76
Trd, 4318669.393, 87
Trd, 4318670.343, 112
Trd, 4318670.793, 97
Trd, 4318671.893, 126
Trd, 4318672.143, 96
Trd, 4318673.143, 131
Trd, 4318673.293, 136
Trd, 4318674.043, 117
Trd, 4318676.143, 63
Trd, 4318676.593, 61
Trd, 4318676.693, 79
Trd, 4318676.743, 82
Trd, 4318676.993, 61
Trd, 4318677.843, 70
Trd, 4318678.343, 87
Trd, 4318679.143, 113
Trd, 4318679.193, 95
Trd, 4318679.893, 104
Trd, 4318680.493, 106
Trd, 4318681.393, 106
Trd, 4318682.043, 87
Trd, 4318682.393, 127
Trd, 4318682.843, 103
Trd, 4318683.343, 85
Trd, 4318684.443, 62
Trd, 4318684.793, 87
Trd, 4318685.993, 80
Trd, 4318686.393, 82
Trd, 4318686.743, 72
Trd, 4318687.243, 64
Trd, 4318688.093, 92
Trd, 4318688.993, 84
Trd, 4318689.493, 64
Trd, 4318689.743, 99
Trd, 4318690.143, 85
Trd, 4318691.143, 101
Trd, 4318691.643, 75
Trd, 4318692.293, 104
Trd, 4318692.643, 102
Trd, 4318692.693, 98
Trd, 4318694.143, 62
Trd, 4318694.693, 61
Trd, 4318695.243, 81
Trd, 4318695.793, 60
Trd, 4318696.393, 95
Trd, 4318697.043, 60
Trd, 4318697.943, 85
Trd, 4318699.393, 64
Trd, 4318699.943, 111
Trd, 4318700.043, 86
Trd, 4318700.943, 83
Trd, 4318701.593, 96
Trd, 4318702.643, 87
Trd, 4318702.893, 108
Trd, 4318703.293, 97
Trd, 4318703.593, 67
Trd, 4318704.793, 70
Trd, 4318705.143, 73
Trd, 4318705.543, 64
Trd, 4318705.943, 71
Trd, 4318706.493, 66
Trd, 4318706.743, 66
Trd, 4318708.693, 90
Trd, 4318709.343, 61
Trd, 4318709.543, 92
Trd, 4318710.393, 125
Trd, 4318710.793, 123
Trd, 4318710.843, 98
Trd, 4318711.393, 72
Trd, 4318711.843, 65
Trd, 4318712.493, 91
Trd, 4318712.993, 60
Trd, 4318713.493, 60
Trd, 4318714.293, 62
Trd, 4318714.443, 130
Trd, 4318716.393, 139
Trd, 4318716.893, 132
Trd, 4318718.143, 107
Trd, 4318718.393, 106
Trd, 4318719.293, 117
Trd, 4318719.393, 101
Trd, 4318720.693, 64
Trd, 4318721.043, 62
Trd, 4318721.193, 74
Trd, 4318721.743, 112
Trd, 4318722.593, 107
Trd, 4318723.493, 124
Trd, 4318723.793, 100
Trd, 4318724.143, 81
Trd, 4318724.443, 73
Trd, 4318724.493, 85
Trd, 4318724.593, 71
Trd, 4318725.393, 111
Trd, 4318725.693, 80
Trd, 4318727.393, 62
Trd, 4318727.743, 63
Trd, 4318728.143, 62
Trd, 4318728.793, 61
Trd, 4318729.693, 64
Trd, 4318730.043, 60
Trd, 4318730.843, 71
Trd, 4318731.443, 103
Trd, 4318731.943, 61
Trd, 4318733.443, 66
Trd, 4318733.593, 62
Trd, 4318734.093, 70
Trd, 4318734.493, 90
Trd, 4318735.893, 68
Trd, 4318736.693, 68
Trd, 4318737.043, 77
Trd, 4318738.143, 66
Trd, 4318738.543, 79
Trd, 4318738.643, 82
Trd, 4318738.743, 101
Trd, 4318740.343, 60
Trd, 4318740.793, 61
Trd, 4318740.993, 83
Trd, 4318741.393, 114
Trd, 4318743.343, 108
Trd, 4318743.593, 91
Trd, 4318744.043, 96
Trd, 4318744.893, 61
Trd, 4318745.243, 72
Trd, 4318745.343, 122
Trd, 4318747.443, 105
Trd, 4318747.643, 99
Trd, 4318747.843, 92
Trd, 4318748.443, 73
Trd, 4318749.043, 60
Trd, 4318750.943, 84
Trd, 4318751.093, 91
Trd, 4318751.993, 69
Trd, 4318752.093, 76
Trd, 4318753.293, 91
Trd, 4318754.093, 82
Trd, 4318755.093, 99
Trd, 4318756.243, 103
Trd, 4318756.393, 138
Trd, 4318756.943, 131
Trd, 4318757.043, 123
Trd, 4318757.493, 99
Trd, 4318758.643, 69
Trd, 4318759.193, 66
Trd, 4318759.843, 65
Trd, 4318760.143, 72
Trd, 4318761.243, 131
Trd, 4318762.493, 135
Trd, 4318762.693, 92
Trd, 4318764.743, 63
Trd, 4318764.993, 77
Trd, 4318765.293, 76
Trd, 4318766.393, 70
Trd, 4318766.793, 74
Trd, 4318767.043, 92
Trd, 4318768.143, 61
Trd, 4318769.243, 60
Trd, 4318769.693, 61
Trd, 4318770.543, 62
Trd, 4318771.243, 84
Trd, 4318772.243, 72
Trd, 4318773.393, 79
Trd, 4318773.943, 82
Trd, 4318774.443, 74
Trd, 4318775.543, 62
Trd, 4318776.393, 61
Trd, 4318776.993, 60
Trd, 4318777.693, 61
Trd, 4318777.893, 77
Trd, 4318779.543, 62
Trd, 4318780.543, 76
Trd, 4318780.593, 66
Trd, 4318780.843, 73
Trd, 4318781.443, 116
Trd, 4318783.943, 63
Trd, 4318784.343, 66
Trd, 4318784.443, 70
Trd, 4318784.793, 79
Trd, 4318785.643, 74
Trd, 4318786.993, 61
Trd, 4318787.043, 61
Trd, 4318787.293, 70
Trd, 4318787.343, 91
Trd, 4318788.693, 65
Trd, 4318789.443, 63
Trd, 4318790.093, 70
Trd, 4318790.493, 67
Trd, 4318790.793, 86
Trd, 4318791.593, 85
Trd, 4318792.243, 68
Trd, 4318792.743, 72
Trd, 4318794.143, 72
Trd, 4318795.093, 61
Trd, 4318796.643, 65
Trd, 4318796.993, 96
Trd, 4318797.543, 88
Trd, 4318797.893, 107
Trd, 4318797.943, 128
Trd, 4318798.793, 129
Trd, 4318799.143, 93
Trd, 4318799.193, 89
Trd, 4318799.943, 121
Trd, 4318800.593, 134
Trd, 4318801.193, 63
Trd, 4318801.793, 80
Trd, 4318801.943, 91
Trd, 4318803.093, 74
Trd, 4318804.043, 128
Trd, 4318805.543, 133
Trd, 4318805.593, 119
Trd, 4318805.643, 114
Trd, 4318805.793, 65
Trd, 4318807.043, 84
Trd, 4318807.993, 124
Trd, 4318808.993, 130
Trd, 4318809.643, 118
Trd, 4318809.893, 103
Trd, 4318810.443, 70
Trd, 4318811.243, 63
Trd, 4318811.693, 91
Trd, 4318811.943, 122
Trd, 4318814.693, 108
Trd, 4318814.993, 101
Trd, 4318815.343, 98
Trd, 4318815.393, 93
Trd, 4318815.543, 83
Trd, 4318815.943, 80
Trd, 4318816.193, 127
Trd, 4318816.593, 119
Trd, 4318817.693, 115
Trd, 4318818.643, 128
Trd, 4318819.593, 119
Trd, 4318819.643, 90
Trd, 4318819.843, 76
Trd, 4318820.293, 63
Trd, 4318821.043, 91
Trd, 4318821.743, 62
Trd, 4318821.893, 71
Trd, 4318824.043, 60
Trd, 4318824.443, 62
Trd, 4318825.643, 74
Trd, 4318826.293, 73
Trd, 4318827.293, 62
Trd, 4318827.493, 64
Trd, 4318827.793, 68
Trd, 4318829.643, 116
Trd, 4318830.143, 61
Trd, 4318831.843, 124
Trd, 4318831.943, 90
Trd, 4318831.993, 87
Trd, 4318832.193, 64
Trd, 4318833.243, 135
Trd, 4318833.443, 62
Trd, 4318833.943, 63
Trd, 4318835.043, 103
Trd, 4318835.393, 85
Trd, 4318835.543, 84
Trd, 4318836.443, 90
Trd, 4318836.943, 93
Trd, 4318837.243, 66
Trd, 4318838.543, 122
Trd, 4318838.743, 91
Trd, 4318839.493, 88
Trd, 4318841.243, 67
Trd, 4318841.593, 61
Trd, 4318841.993, 61
Trd, 4318842.243, 80
Trd, 4318842.943, 87
Trd, 4318843.043, 60
Trd, 4318843.293, 64
Trd, 4318845.043, 120
Trd, 4318846.143, 128
Trd, 4318846.693, 88
Trd, 4318846.843, 77
Trd, 4318848.293, 69
Trd, 4318848.593, 130
Trd, 4318849.243, 62
Trd, 4318849.693, 99
Trd, 4318850.543, 68
Trd, 4318851.243, 86
Trd, 4318851.693, 111
Trd, 4318852.493, 98
Trd, 4318853.243, 95
Trd, 4318853.693, 116
Trd, 4318855.193, 137
Trd, 4318855.943, 119
Trd, 4318856.043, 113
Trd, 4318857.293, 62
Trd, 4318857.443, 80
Trd, 4318857.743, 73
Trd, 4318859.243, 107
Trd, 4318859.443, 106
Trd, 4318861.443, 107
Trd, 4318861.893, 87
Trd, 4318862.893, 62
Trd, 4318863.143, 62
Trd, 4318863.193, 69
Trd, 4318863.893, 81
Trd, 4318864.043, 97
Trd, 4318864.393, 134
Trd, 4318864.743, 117
Trd, 4318865.793, 94
Trd, 4318866.593, 128
Trd, 4318866.943, 99
Trd, 4318867.393, 83
Trd, 4318867.493, 81
Trd, 4318867.593, 71
Trd, 4318870.043, 61
Trd, 4318870.793, 61
Trd, 4318870.993, 111
Trd, 4318871.243, 85
Trd, 4318872.643, 103
Trd, 4318872.893, 106
Trd, 4318873.443, 90
Trd, 4318873.893, 86
Trd, 4318874.293, 87
Trd, 4318874.893, 126
Trd, 4318875.243, 101
Trd, 4318876.393, 121
Trd, 4318877.343, 119
Trd, 4318877.593, 88
Trd, 4318877.843, 89
Trd, 4318878.593, 136
Trd, 4318878.993, 96
Trd, 4318879.993, 62
Trd, 4318880.593, 68
Trd, 4318880.993, 63
Trd, 4318881.293, 61
Trd, 4318881.693, 60
Trd, 4318882.293, 77
Trd, 4318883.993, 79
Trd, 4318884.043, 91
Trd, 4318885.143, 90
Trd, 4318886.343, 84
Trd, 4318886.543, 85
Trd, 4318887.143, 113
Trd, 4318887.743, 116
Trd, 4318888.593, 62
Trd, 4318888.843, 78
Trd, 4318889.243, 121
Trd, 4318889.343, 119
Trd, 4318890.343, 89
Trd, 4318890.643, 105
Trd, 4318892.593, 60
Trd, 4318892.993, 64
Trd, 4318893.693, 110
Trd, 4318893.943, 96
Trd, 4318894.543, 132
Trd, 4318894.943, 73
Trd, 4318895.643, 64
Trd, 4318896.643, 103
Trd, 4318897.243, 121
Trd, 4318897.993, 79
Trd, 4318898.293, 118
Trd, 4318898.743, 96
Trd, 4318899.093, 72
Trd, 4318899.493, 127
Trd, 4318900.293, 73
Trd, 4318900.643, 61
Trd, 4318902.243, 65
Trd, 4318903.243, 68
Trd, 4318903.393, 64
Trd, 4318903.493, 99
Trd, 4318904.243, 61
Trd, 4318904.293, 129
Trd, 4318906.143, 75
Trd, 4318906.643, 60
Trd, 4318907.193, 107
Trd, 4318907.343, 87
Trd, 4318907.693, 68
Trd, 4318908.393, 72
Trd, 4318908.843, 71
Trd, 4318909.043, 85
Trd, 4318909.643, 75
Trd, 4318910.843, 61
Trd, 4318911.243, 65
Trd, 4318911.443, 107
Trd, 4318912.143, 68
Trd, 4318912.493, 64
Trd, 4318912.943, 73
Trd, 4318913.343, 75
Trd, 4318914.993, 111
Trd, 4318916.043, 120
Trd, 4318916.493, 106
Trd, 4318916.893, 76
Trd, 4318917.493, 98
Trd, 4318919.093, 60
Trd, 4318920.143, 69
Trd, 4318920.393, 131
Trd, 4318920.793, 127
Trd, 4318921.993, 81
Trd, 4318922.143, 117
Trd, 4318922.493, 127
Trd, 4318922.743, 92
Trd, 4318923.143, 138
Trd, 4318924.843, 118
Trd, 4318925.643, 116
Trd, 4318926.693, 94
Trd, 4318927.343, 123
Trd, 4318927.493, 113
Trd, 4318928.393, 62
Trd, 4318929.593, 66
Trd, 4318929.693, 69
Trd, 4318929.993, 60
Trd, 4318930.643, 63
Trd, 4318931.093, 115
Trd, 4318931.993, 92
Trd, 4318932.493, 113
Trd, 4318932.743, 104
Trd, 4318933.293, 112
Trd, 4318933.543, 99
Trd, 4318933.893, 111
Trd, 4318935.443, 98
Trd, 4318935.893, 100
Trd, 4318936.393, 79
Trd, 4318936.643, 78
Trd, 4318937.493, 137
Trd, 4318938.043, 129
Trd, 4318938.193, 115
Trd, 4318938.693, 74
Trd, 4318938.793, 84
Trd, 4318939.993, 89
Trd, 4318940.443, 132
Trd, 4318941.243, 66
Trd, 4318941.793, 61
Trd, 4318942.693, 122
Trd, 4318942.843, 84
Trd, 4318944.243, 91
Trd, 4318944.343, 96
Trd, 4318944.893, 81
Trd, 4318945.243, 134
Trd, 4318946.293, 65
Trd, 4318946.343, 84
Trd, 4318947.193, 84
Trd, 4318948.043, 64
Trd, 4318948.893, 85
Trd, 4318950.343, 62
Trd, 4318950.443, 64
Trd, 4318951.243, 62
Trd, 4318951.443, 64
Trd, 4318952.743, 65
Trd, 4318952.943, 66
Trd, 4318953.593, 85
Trd, 4318953.843, 82
Trd, 4318954.643, 69
Trd, 4318955.393, 108
Trd, 4318955.643, 112
Trd, 4318955.693, 95
Trd, 4318956.743, 127
Trd, 4318956.943, 111
Trd, 4318957.993, 88
Trd, 4318958.493, 61
Trd, 4318958.893, 103
Trd, 4318960.243, 60
Trd, 4318960.993, 64
Trd, 4318961.143, 71
Trd, 4318962.143, 79
Trd, 4318962.393, 130
Trd, 4318962.693, 112
Trd, 4318962.943, 79
Trd, 4318963.393, 61
Trd, 4318964.543, 60
Trd, 4318965.943, 66
Trd, 4318966.093, 67
Trd, 4318966.893, 65
Trd, 4318967.543, 89
Trd, 4318968.643, 75
Trd, 4318969.543, 69
Trd, 4318969.693, 85
Trd, 4318970.293, 71
Trd, 4318971.793, 78
Trd, 4318971.843, 87
Trd, 4318972.043, 75
Trd, 4318973.193, 70
Trd, 4318973.493, 62
Trd, 4318974.393, 119
Trd, 4318975.143, 122
Trd, 4318975.293, 85
Trd, 4318975.693, 83
Trd, 4318976.193, 61
Trd, 4318976.993, 119
Trd, 4318978.193, 120
Trd, 4318978.593, 109
Trd, 4318980.743, 116
Trd, 4318981.343, 111
Trd, 4318981.593, 105
Trd, 4318981.643, 69
Trd, 4318982.493, 117
Trd, 4318983.443, 132
Trd, 4318983.743, 127
Trd, 4318983.893, 109
Trd, 4318984.693, 66
Trd, 4318984.993, 105
Trd, 4318986.543, 137
Trd, 4318987.293, 60
Trd, 4318987.943, 80
Trd, 4318988.693, 62
Trd, 4318988.893, 61
Trd, 4318989.043, 90
Trd, 4318990.043, 83
Trd, 4318991.443, 105
Trd, 4318991.743, 96
Trd, 4318993.443, 79
Trd, 4318993.543, 84
Trd, 4318993.793, 67
Trd, 4318994.643, 111
Trd, 4318995.093, 102
Trd, 4318996.043, 91
Trd, 4318996.193, 93
Trd, 4318996.993, 76
Trd, 4318997.843, 77
Trd, 4318998.993, 98
Trd, 4318999.743, 105
Trd, 4319000.443, 69
Trd, 4319001.343, 64
Trd, 4319002.093, 86
Trd, 4319002.643, 114
Trd, 4319003.293, 60
Trd, 4319004.543, 60
Trd, 4319005.043, 61
Trd, 4319005.393, 110
Trd, 4319006.443, 107
Trd, 4319006.543, 93
Trd, 4319007.393, 96
Trd, 4319008.043, 80
Trd, 4319008.393, 67
Trd, 4319009.293, 63
Trd, 4319010.093, 63
Trd, 4319010.543, 125
Trd, 4319010.643, 126
Trd, 4319010.743, 93
Trd, 4319011.643, 99
Trd, 4319011.793, 92
Trd, 4319012.143, 120
Trd, 4319012.843, 111
Trd, 4319013.543, 103
Trd, 4319014.593, 101
Trd, 4319015.243, 80
Trd, 4319015.843, 94
Trd, 4319015.893, 88
Trd, 4319017.343, 113
Trd, 4319017.743, 132
Trd, 4319018.043, 126
Trd, 4319019.343, 114
Trd, 4319019.693, 111
Trd, 4319019.893, 98
Trd, 4319020.143, 96
Trd, 4319021.593, 103
Trd, 4319021.993, 72
Trd, 4319022.593, 62
Trd, 4319023.443, 130
Trd, 4319024.143, 129
Trd, 4319024.543, 124
Trd, 4319024.943, 140
Trd, 4319025.393, 135
Trd, 4319025.493, 128
Trd, 4319025.543, 124
Trd, 4319026.993, 60
Trd, 4319027.793, 63
Trd, 4319027.843, 72
Trd, 4319028.293, 112
Trd, 4319030.193, 93
Trd, 4319030.593, 63
Trd, 4319031.143, 61
Trd, 4319031.793, 68
Trd, 4319032.543, 76
Trd, 4319032.943, 68
Trd, 4319033.593, 113
Trd, 4319034.343, 77
Trd, 4319034.493, 121
Trd, 4319035.543, 70
Trd, 4319035.843, 76
Trd, 4319036.443, 124
Trd, 4319037.243, 69
Trd, 4319037.593, 122
Trd, 4319038.293, 88
Trd, 4319039.593, 104
Trd, 4319040.293, 69
Trd, 4319040.743, 62
Trd, 4319041.693, 92
Trd, 4319041.993, 119
Trd, 4319042.893, 118
Trd, 4319043.193, 106
Trd, 4319043.493, 63
Trd, 4319044.243, 66
Trd, 4319044.943, 91
Trd, 4319045.393, 125
Trd, 4319046.443, 60
Trd, 4319046.943, 62
Trd, 4319047.643, 64
Trd, 4319048.543, 68
Trd, 4319048.943, 129
Trd, 4319049.893, 107
Trd, 4319050.093, 102
Trd, 4319050.943, 129
Trd, 4319052.293, 103
Trd, 4319052.343, 100
Trd, 4319054.193, 132
Trd, 4319054.793, 122
Trd, 4319055.743, 125
Trd, 4319056.193, 117
Trd, 4319056.443, 85
Trd, 4319057.793, 112
Trd, 4319057.893, 98
Trd, 4319057.943, 86
Trd, 4319058.143, 66
Trd, 4319059.243, 93
Trd, 4319060.943, 61
Trd, 4319060.993, 69
Trd, 4319061.443, 65
Trd, 4319062.093, 75
Trd, 4319062.543, 96
Trd, 4319063.043, 67
Trd, 4319063.443, 138
Trd, 4319064.193, 111
Trd, 4319064.293, 109
Trd, 4319065.193, 74
Trd, 4319066.343, 119
Trd, 4319067.193, 84
Trd, 4319067.643, 60
Trd, 4319067.843, 62
Trd, 4319068.293, 102
Trd, 4319069.293, 118
Trd, 4319069.743, 112
Trd, 4319071.243, 93
Trd, 4319071.443, 70
Trd, 4319071.793, 96
Trd, 4319072.693, 64
Trd, 4319073.143, 117
Trd, 4319073.893, 102
Trd, 4319074.343, 99
Trd, 4319075.293, 90
Trd, 4319075.443, 86
Trd, 4319075.993, 106
Trd, 4319076.343, 81
Trd, 4319077.443, 70
Trd, 4319078.693, 60
Trd, 4319078.793, 98
Trd, 4319080.843, 65
Trd, 4319081.243, 69
Trd, 4319082.243, 91
Trd, 4319082.443, 115
Trd, 4319083.943, 122
Trd, 4319085.093, 116
Trd, 4319085.893, 120
Trd, 4319086.743, 60
Trd, 4319087.043, 65
Trd, 4319087.693, 80
Trd, 4319088.743, 64
Trd, 4319089.393, 78
Trd, 4319090.243, 115
Trd, 4319090.493, 125
Trd, 4319090.643, 71
Trd, 4319091.643, 69
Trd, 4319092.093, 126
Trd, 4319092.343, 116
Trd, 4319093.093, 66
Trd, 4319093.793, 61
Trd, 4319093.943, 81
Trd, 4319094.143, 91
Trd, 4319095.543, 104
Trd, 4319095.793, 117
Trd, 4319096.643, 116
Trd, 4319098.193, 112
Trd, 4319098.843, 116
Trd, 4319099.443, 98
Trd, 4319099.493, 62
Trd, 4319101.643, 139
Trd, 4319101.793, 109
Trd, 4319101.993, 114
Trd, 4319103.243, 85
Trd, 4319103.893, 128
Trd, 4319104.343, 63
Trd, 4319105.593, 61
Trd, 4319105.693, 62
Trd, 4319106.443, 79
Trd, 4319106.793, 76
Trd, 4319106.993, 91
Trd, 4319107.243, 95
Trd, 4319108.493, 132
Trd, 4319109.643, 114
Trd, 4319110.643, 87
Trd, 4319111.293, 61
Trd, 4319111.893, 111
Trd, 4319112.093, 78
Trd, 4319112.143, 130
Trd, 4319112.593, 132
Trd, 4319112.693, 91
Trd, 4319114.893, 75
Trd, 4319116.993, 76
Trd, 4319117.593, 61
Trd, 4319118.443, 61
Trd, 4319118.643, 63
Trd, 4319118.793, 65
Trd, 4319118.943, 89
Trd, 4319119.443, 102
Trd, 4319120.493, 140
Trd, 4319120.743, 137
Trd, 4319121.343, 112
Trd, 4319122.043, 118
Trd, 4319122.793, 103
Trd, 4319123.343, 76
Trd, 4319124.093, 97
Trd, 4319124.693, 61
Trd, 4319125.393, 78
Trd, 4319125.993, 60
Trd, 4319126.243, 125
Trd, 4319126.843, 118
Trd, 4319127.143, 118
Trd, 4319127.793, 62
Trd, 4319128.043, 66
Trd, 4319128.843, 62
Trd, 4319129.893, 74
Trd, 4319130.443, 66
Trd, 4319130.493, 88
Trd, 4319131.643, 63
Trd, 4319132.693, 68
Trd, 4319132.843, 70
Trd, 4319133.893, 104
Trd, 4319134.793, 118
Trd, 4319136.243, 61
Trd, 4319137.443, 69
Trd, 4319137.543, 105
Trd, 4319137.693, 86
Trd, 4319138.443, 95
Trd, 4319138.593, 92
Trd, 4319138.993, 62
Trd, 4319139.893, 75
Trd, 4319141.793, 60
Trd, 4319141.893, 66
Trd, 4319142.093, 72
Trd, 4319142.993, 73
Trd, 4319144.893, 109
Trd, 4319145.493, 79
Trd, 4319145.943, 63
Trd, 4319146.143, 130
Trd, 4319146.593, 64
Trd, 4319147.543, 99
Trd, 4319148.893, 125
Trd, 4319149.093, 113
Trd, 4319149.143, 84
Trd, 4319149.843, 62
Trd, 4319150.843, 69
Trd, 4319151.193, 90
Trd, 4319152.093, 62
Trd, 4319153.443, 108
Trd, 4319153.993, 106
Trd, 4319154.593, 89
Trd, 4319154.843, 77
Trd, 4319155.393, 93
Trd, 4319156.093, 96
Trd, 4319157.193, 81
Trd, 4319157.743, 75
Trd, 4319158.243, 81
Trd, 4319159.393, 72
Trd, 4319160.143, 76
Trd, 4319160.843, 96
Trd, 4319161.393, 122
Trd, 4319162.243, 62
Trd, 4319162.493, 62
Trd, 4319162.743, 92
Trd, 4319163.943, 76
Trd, 4319164.643, 117
Trd, 4319165.443, 74
Trd, 4319166.293, 86
Trd, 4319166.943, 76
Trd, 4319167.243, 109
Trd, 4319167.743, 89
Trd, 4319168.093, 97
Trd, 4319168.393, 116
Trd, 4319169.643, 69
Trd, 4319170.143, 63
Trd, 4319170.693, 89
Trd, 4319170.843, 85
Trd, 4319171.543, 77
Trd, 4319173.143, 60
Trd, 4319173.293, 68
Trd, 4319173.993, 88
Trd, 4319174.393, 75
Trd, 4319175.743, 93
Trd, 4319176.343, 110
Trd, 4319178.493, 123
Trd, 4319178.693, 135
Trd, 4319178.843, 121
Trd, 4319179.243, 110
Trd, 4319180.093, 96
Trd, 4319181.043, 132
Trd, 4319181.743, 61
Trd, 4319182.593, 62
Trd, 4319182.743, 96
Trd, 4319183.343, 80
Trd, 4319184.443, 68
Trd, 4319184.493, 83
Trd, 4319185.043, 74
Trd, 4319185.393, 108
Trd, 4319185.993, 106
Trd, 4319186.093, 88
Trd, 4319186.843, 114
Trd, 4319187.793, 68
Trd, 4319188.393, 69
Trd, 4319189.943, 82
Trd, 4319190.293, 78
Trd, 4319190.543, 73
Trd, 4319190.993, 132
Trd, 4319191.143, 127
Trd, 4319192.593, 60
Trd, 4319193.043, 99
Trd, 4319193.643, 65
Trd, 4319193.993, 65
Trd, 4319195.243, 100
Trd, 4319196.493, 68
Trd, 4319196.993, 60
Trd, 4319197.243, 129
Trd, 4319199.743, 81
Trd, 4319200.193, 66
Trd, 4319200.243, 73
Trd, 4319201.143, 115
Trd, 4319201.443, 120
Trd, 4319201.493, 112
Trd, 4319202.443, 138
Trd, 4319202.543, 106
Trd, 4319204.543, 112
Trd, 4319204.843, 103
Trd, 4319205.243, 68
Trd, 4319206.593, 72
Trd, 4319206.893, 68
Trd, 4319207.043, 131
Trd, 4319208.193, 66
Trd, 4319208.493, 81
Trd, 4319209.093, 65
Trd, 4319209.943, 106
Trd, 4319211.043, 133
Trd, 4319211.643, 100
Trd, 4319212.143, 86
Trd, 4319212.743, 60
Trd, 4319213.943, 84
Trd, 4319214.243, 76
Trd, 4319214.643, 85
Trd, 4319214.893, 79
Trd, 4319214.943, 91
Trd, 4319215.843, 65
Trd, 4319216.593, 130
Trd, 4319216.843, 67
Trd, 4319217.143, 96
Trd, 4319218.593, 78
Trd, 4319219.243, 78
Trd, 4319220.093, 61
Trd, 4319220.293, 67
Trd, 4319220.993, 76
Trd, 4319221.143, 87
Trd, 4319221.543, 73
Trd, 4319221.893, 108
Trd, 4319222.343, 117
Trd, 4319223.693, 63
Trd, 4319224.843, 64
Trd, 4319224.943, 68
Trd, 4319224.993, 102
Trd, 4319226.193, 100
Trd, 4319226.593, 62
Trd, 4319227.993, 93
Trd, 4319228.443, 122
Trd, 4319228.593, 62
Trd, 4319229.543, 89
Trd, 4319230.043, 60
Trd, 4319230.343, 63
Trd, 4319230.893, 90
Trd, 4319231.893, 123
Trd, 4319232.893, 122
Trd, 4319234.193, 95
Trd, 4319234.243, 122
Trd, 4319234.793, 125
Trd, 4319235.293, 74
Trd, 4319235.743, 111
Trd, 4319235.843, 98
Trd, 4319235.993, 121
Trd, 4319236.543, 97
Trd, 4319236.893, 90
Trd, 4319237.743, 111
Trd, 4319239.093, 60
Trd, 4319239.343, 78
Trd, 4319241.093, 106
Trd, 4319241.393, 134
Trd, 4319241.693, 65
Trd, 4319241.943, 87
Trd, 4319242.243, 102
Trd, 4319243.193, 82
Trd, 4319243.393, 72
Trd, 4319243.593, 66
Trd, 4319244.893, 75
Trd, 4319245.393, 88
Trd, 4319245.793, 128
Trd, 4319246.593, 108
Trd, 4319247.343, 99
Trd, 4319247.393, 87
Trd, 4319247.993, 71
Trd, 4319248.293, 77
Trd, 4319249.893, 63
Trd, 4319250.293, 61
Trd, 4319250.493, 72
Trd, 4319251.493, 63
Trd, 4319252.143, 65
Trd, 4319252.293, 66
Trd, 4319252.543, 106
Trd, 4319253.193, 115
Trd, 4319254.093, 116
Trd, 4319255.643, 78
Trd, 4319256.243, 77
Trd, 4319256.493, 85
Trd, 4319256.743, 84
Trd, 4319257.093, 61
Trd, 4319257.143, 83
Trd, 4319258.043, 60
Trd, 4319258.343, 63
Trd, 4319259.293, 116
Trd, 4319260.293, 117
Trd, 4319260.743, 91
Trd, 4319261.843, 91
Trd, 4319262.193, 130
Trd, 4319263.093, 60
Trd, 4319263.993, 61
Trd, 4319264.343, 66
Trd, 4319264.643, 67
Trd, 4319265.493, 62
Trd, 4319266.493, 63
Trd, 4319266.693, 76
Trd, 4319267.093, 71
Trd, 4319268.593, 75
Trd, 4319268.743, 87
Trd, 4319269.593, 101
Trd, 4319269.793, 101
Trd, 4319270.543, 84
Trd, 4319272.893, 74
Trd, 4319273.143, 66
Trd, 4319273.793, 83
Trd, 4319273.943, 91
Trd, 4319275.393, 140
Trd, 4319275.643, 81
Trd, 4319276.443, 113
Trd, 4319276.843, 84
Trd, 4319277.293, 97
Trd, 4319277.743, 78
Trd, 4319277.793, 94
Trd, 4319278.643, 87
Trd, 4319278.743, 85
Trd, 4319280.143, 66
Trd, 4319280.643, 61
Trd, 4319281.893, 129
Trd, 4319282.493, 80
Trd, 4319283.143, 66
Trd, 4319283.693, 71
Trd, 4319283.843, 65
Trd, 4319285.143, 90
Trd, 4319286.043, 98
Trd, 4319286.443, 98
Trd, 4319286.543, 93
Trd, 4319287.443, 71
Trd, 4319288.543, 94
Trd, 4319288.593, 92
Trd, 4319289.543, 101
Trd, 4319290.143, 70
Trd, 4319290.993, 73
Trd, 4319291.543, 106
Trd, 4319292.843, 119
Trd, 4319293.093, 118
Trd, 4319293.443, 66
Trd, 4319293.743, 66
Trd, 4319295.493, 60
Trd, 4319295.843, 63
Trd, 4319296.143, 71
Trd, 4319296.743, 110
Trd, 4319296.893, 94
Trd, 4319296.993, 75
Trd, 4319298.843, 125
Trd, 4319299.543, 120
Trd, 4319299.693, 62
Trd, 4319299.993, 90
Trd, 4319300.643, 72
Trd, 4319301.093, 79
Trd, 4319301.893, 101
Trd, 4319302.193, 114
Trd, 4319302.543, 94
Trd, 4319302.843, 106
Trd, 4319303.593, 86
Trd, 4319304.143, 85
Trd, 4319305.393, 61
Trd, 4319305.693, 62
Trd, 4319306.343, 111
Trd, 4319306.993, 60
Trd, 4319307.093, 61
Trd, 4319307.843, 60
Trd, 4319308.193, 63
Trd, 4319308.343, 66
Trd, 4319308.693, 63
Trd, 4319310.393, 68
Trd, 4319312.543, 61
Trd, 4319313.343, 73
Trd, 4319313.793, 69
Trd, 4319313.893, 75
Trd, 4319314.793, 83
Trd, 4319314.943, 76
Trd, 4319315.893, 75
Trd, 4319317.493, 67
Trd, 4319317.643, 60
Trd, 4319318.393, 72
Trd, 4319319.593, 67
Trd, 4319319.843, 89
Trd, 4319320.193, 123
Trd, 4319321.143, 79
Trd, 4319322.193, 89
Trd, 4319322.943, 89
Trd, 4319323.843, 109
Trd, 4319323.993, 108
Trd, 4319324.043, 102
Trd, 4319324.343, 89
Trd, 4319326.543, 89
Trd, 4319326.693, 73
Trd, 4319327.043, 100
Trd, 4319328.793, 62
Trd, 4319328.843, 62
Trd, 4319329.193, 117
Trd, 4319329.443, 107
Trd, 4319330.593, 94
Trd, 4319330.943, 63
Trd, 4319332.443, 110
Trd, 4319332.743, 63
Trd, 4319333.193, 129
Trd, 4319334.243, 121
Trd, 4319334.393, 85
Trd, 4319334.943, 117
Trd, 4319335.743, 105
Trd, 4319336.843, 101
Trd, 4319337.343, 129
Trd, 4319338.043, 122
Trd, 4319338.493, 103
Trd, 4319338.843, 95
Trd, 4319340.543, 65
Trd, 4319340.893, 96
Trd, 4319341.193, 69
Trd, 4319341.643, 107
Trd, 4319341.843, 68
Trd, 4319342.043, 122
Trd, 4319343.643, 85
Trd, 4319345.093, 71
Trd, 4319345.893, 61
Trd, 4319346.143, 86
Trd, 4319346.393, 88
Trd, 4319347.493, 89
Trd, 4319347.943, 85
Trd, 4319349.443, 131
Trd, 4319349.693, 111
Trd, 4319350.443, 100
Trd, 4319350.743, 136
Trd, 4319351.093, 123
Trd, 4319351.793, 95
Trd, 4319352.143, 94
Trd, 4319353.793, 84
Trd, 4319353.943, 77
Trd, 4319354.993, 64
Trd, 4319355.693, 69
Trd, 4319356.193, 107
Trd, 4319356.343, 68
Trd, 4319356.793, 78
Trd, 4319357.143, 83
Trd, 4319358.043, 101
Trd, 4319359.243, 86
Trd, 4319359.743, 76
Trd, 4319360.293, 67
Trd, 4319360.743, 125
Trd, 4319361.243, 128
Trd, 4319361.493, 61
Trd, 4319362.293, 108
Trd, 4319362.943, 136
Trd, 4319362.993, 89
Trd, 4319364.193, 104
Trd, 4319364.343, 102
Trd, 4319365.143, 105
Trd, 4319366.243, 132
Trd, 4319366.893, 87
Trd, 4319367.643, 113
Trd, 4319368.143, 137
Trd, 4319369.443, 83
Trd, 4319369.493, 71
Trd, 4319370.143, 78
Trd, 4319370.843, 70
Trd, 4319372.343, 64
Trd, 4319372.943, 108
Trd, 4319373.243, 87
Trd, 4319373.493, 103
Trd, 4319373.843, 69
Trd, 4319374.793, 61
Trd, 4319375.143, 62
Trd, 4319376.593, 70
Trd, 4319376.743, 96
Trd, 4319377.943, 74
Trd, 4319377.993, 94
Trd, 4319378.343, 60
Trd, 4319378.743, 68
Trd, 4319379.093, 87
Trd, 4319380.243, 125
Trd, 4319380.393, 112
Trd, 4319380.543, 80
Trd, 4319381.993, 140
Trd, 4319382.593, 119
Trd, 4319382.643, 118
Trd, 4319383.393, 118
Trd, 4319383.793, 65
Trd, 4319383.993, 79
Trd, 4319384.393, 79
Trd, 4319385.243, 131
Trd, 4319385.943, 90
Trd, 4319385.993, 91
Trd, 4319387.243, 60
Trd, 4319388.893, 60
Trd, 4319389.193, 84
Trd, 4319391.593, 61
Trd, 4319392.093, 60
Trd, 4319392.243, 82
Trd, 4319392.643, 68
Trd, 4319393.493, 82
Trd, 4319393.643, 81
Trd, 4319393.693, 79
Trd, 4319393.893, 85
Trd, 4319396.343, 64
Trd, 4319396.493, 68
Trd, 4319398.493, 79
Trd, 4319398.593, 73
Trd, 4319398.943, 69
Trd, 4319399.343, 60
Trd, 4319400.243, 63
Trd, 4319400.343, 76
Trd, 4319400.893, 70
Trd, 4319401.343, 61
Trd, 4319401.393, 62
Trd, 4319402.593, 86
Trd, 4319402.743, 83
Trd, 4319403.543, 126
Trd, 4319404.193, 96
Trd, 4319404.693, 136
Trd, 4319405.193, 70
Trd, 4319406.643, 63
Trd, 4319407.593, 87
Trd, 4319408.293, 103
Trd, 4319408.443, 94
Trd, 4319408.693, 119
Trd, 4319409.243, 86
Trd, 4319409.643, 76
Trd, 4319409.893, 69
Trd, 4319411.743, 127
Trd, 4319412.093, 66
Trd, 4319412.343, 76
Trd, 4319412.843, 71
Trd, 4319414.243, 137
Trd, 4319414.593, 120
Trd, 4319414.893, 115
Trd, 4319414.943, 101
Trd, 4319415.293, 82
Trd, 4319415.793, 89
Trd, 4319416.343, 116
Trd, 4319416.943, 111
Trd, 4319418.493, 63
Trd, 4319418.593, 62
Trd, 4319419.043, 71
Trd, 4319419.143, 71
Trd, 4319420.043, 116
Trd, 4319420.393, 65
Trd, 4319421.893, 60
Trd, 4319422.343, 62
Trd, 4319422.843, 64
Trd, 4319422.893, 82
Trd, 4319423.143, 99
Trd, 4319423.943, 136
Trd, 4319424.443, 122
Trd, 4319424.943, 70
Trd, 4319425.593, 125
Trd, 4319425.993, 110
Trd, 4319426.293, 66
Trd, 4319426.693, 61
Trd, 4319427.843, 61
Trd, 4319428.643, 60
Trd, 4319429.593, 88
Trd, 4319430.143, 60
Trd, 4319430.643, 78
Trd, 4319431.743, 75
Trd, 4319431.993, 83
Trd, 4319432.543, 100
Trd, 4319433.193, 132
Trd, 4319433.443, 121
Trd, 4319433.593, 115
Trd, 4319434.993, 86
Trd, 4319435.193, 73
Trd, 4319436.643, 63
Trd, 4319437.493, 69
Trd, 4319438.093, 64
Trd, 4319438.293, 64
Trd, 4319438.393, 81
Trd, 4319438.493, 118
Trd, 4319439.643, 70
Trd, 4319440.393, 133
Trd, 4319440.943, 60
Trd, 4319441.343, 69
Trd, 4319441.893, 130
Trd, 4319442.043, 85
Trd, 4319442.193, 110
Trd, 4319443.543, 83
Trd, 4319443.743, 86
Trd, 4319445.393, 82
Trd, 4319445.743, 71
Trd, 4319446.893, 102
Trd, 4319447.193, 86
Trd, 4319448.043, 137
Trd, 4319448.193, 108
Trd, 4319448.693, 107
Trd, 4319449.143, 73
Trd, 4319451.093, 67
Trd, 4319451.693, 73
Trd, 4319452.843, 64
Trd, 4319452.893, 70
Trd, 4319452.943, 88
Trd, 4319453.093, 107
Trd, 4319454.643, 79
Trd, 4319454.793, 83
Trd, 4319455.743, 97
Trd, 4319457.043, 90
Trd, 4319457.143, 93
Trd, 4319457.943, 60
Trd, 4319458.193, 65
Trd, 4319459.093, 68
Trd, 4319459.743, 61
Trd, 4319461.193, 111
Trd, 4319461.693, 70
Trd, 4319462.093, 72
Trd, 4319463.143, 63
Trd, 4319463.443, 60
Trd, 4319465.343, 60
Trd, 4319465.643, 65
Trd, 4319465.793, 118
Trd, 4319466.243, 108
Trd, 4319467.143, 103
Trd, 4319467.793, 111
Trd, 4319468.243, 75
Trd, 4319469.843, 61
Trd, 4319470.293, 71
Trd, 4319470.343, 69
Trd, 4319470.643, 61
Trd, 4319471.643, 64
Trd, 4319471.993, 99
Trd, 4319472.693, 95
Trd, 4319472.993, 97
Trd, 4319474.743, 105
Trd, 4319474.943, 87
Trd, 4319475.143, 83
Trd, 4319475.943, 69
Trd, 4319476.843, 81
Trd, 4319477.043, 88
Trd, 4319477.993, 85
Trd, 4319478.343, 83
Trd, 4319478.643, 106
Trd, 4319478.743, 108
Trd, 4319479.493, 66
Trd, 4319480.093, 109
Trd, 4319480.593, 129
Trd, 4319480.743, 86
Trd, 4319482.643, 63
Trd, 4319482.843, 71
Trd, 4319484.293, 62
Trd, 4319484.993, 62
Trd, 4319485.143, 74
Trd, 4319486.693, 90
Trd, 4319487.543, 62
Trd, 4319487.693, 60
Trd, 4319488.793, 61
Trd, 4319488.843, 92
Trd, 4319488.993, 108
Trd, 4319489.693, 66
Trd, 4319490.143, 139
Trd, 4319491.293, 85
Trd, 4319493.243, 106
Trd, 4319493.443, 102
Trd, 4319493.643, 129
Trd, 4319493.793, 82
Trd, 4319495.093, 124
Trd, 4319496.593, 96
Trd, 4319497.243, 106
Trd, 4319497.293, 91
Trd, 4319498.143, 61
Trd, 4319498.693, 62
Trd, 4319499.143, 64
Trd, 4319499.343, 65
Trd, 4319500.943, 63
Trd, 4319501.493, 79
Trd, 4319501.943, 75
Trd, 4319502.543, 73
Trd, 4319503.393, 63
Trd, 4319503.843, 64
Trd, 4319504.993, 91
Trd, 4319505.193, 67
Trd, 4319505.693, 63
Trd, 4319505.793, 71
Trd, 4319505.993, 73
Trd, 4319506.843, 89
Trd, 4319507.493, 101
Trd, 4319507.543, 78
Trd, 4319508.143, 88
Trd, 4319509.543, 63
Trd, 4319510.143, 69
Trd, 4319511.043, 80
Trd, 4319511.493, 77
Trd, 4319512.243, 90
Trd, 4319512.493, 64
Trd, 4319513.393, 67
Trd, 4319513.443, 79
Trd, 4319513.993, 130
Trd, 4319514.593, 108
Trd, 4319515.193, 124
Trd, 4319515.993, 115
Trd, 4319516.443, 75
Trd, 4319516.643, 103
Trd, 4319517.193, 103
Trd, 4319519.343, 60
Trd, 4319519.393, 60
Trd, 4319520.493, 62
Trd, 4319520.543, 88
Trd, 4319521.443, 63
Trd, 4319522.343, 70
Trd, 4319523.393, 80
Trd, 4319524.843, 114
Trd, 4319525.893, 110
Trd, 4319526.043, 95
Trd, 4319526.193, 87
Trd, 4319526.293, 81
Trd, 4319526.643, 68
Trd, 4319527.943, 78
Trd, 4319528.893, 69
Trd, 4319529.643, 119
Trd, 4319529.843, 131
Trd, 4319530.743, 131
Trd, 4319531.443, 120
Trd, 4319532.493, 84
Trd, 4319532.543, 95
Trd, 4319533.343, 109
Trd, 4319534.493, 131
Trd, 4319534.543, 120
Trd, 4319534.743, 106
Trd, 4319535.293, 105
Trd, 4319535.843, 61
Trd, 4319537.943, 67
Trd, 4319538.093, 68
Trd, 4319538.643, 66
Trd, 4319538.993, 111
Trd, 4319539.493, 60
Trd, 4319540.193, 114
Trd, 4319541.893, 70
Trd, 4319541.993, 66
Trd, 4319542.343, 74
Trd, 4319542.393, 65
Trd, 4319543.243, 84
Trd, 4319543.793, 110
Trd, 4319544.393, 64
Trd, 4319545.493, 77
Trd, 4319546.093, 102
Trd, 4319547.093, 94
Trd, 4319548.493, 62
Trd, 4319549.293, 63
Trd, 4319549.393, 72
Trd, 4319549.443, 77
Trd, 4319549.893, 67
Trd, 4319551.143, 70
Trd, 4319551.193, 66
Trd, 4319551.643, 62
Trd, 4319552.043, 60
Trd, 4319553.843, 116
Trd, 4319554.193, 112
Trd, 4319554.843, 77
Trd, 4319556.293, 63
Trd, 4319556.443, 79
Trd, 4319556.743, 65
Trd, 4319557.193, 91
Trd, 4319557.443, 63
Trd, 4319557.793, 78
Trd, 4319558.143, 115
Trd, 4319558.893, 68
Trd, 4319558.943, 74
Trd, 4319559.493, 65
Trd, 4319560.493, 62
Trd, 4319560.893, 115
Trd, 4319562.443, 107
Trd, 4319563.093, 74
Trd, 4319563.193, 71
Trd, 4319563.743, 61
Trd, 4319565.293, 100
Trd, 4319565.343, 99
Trd, 4319565.543, 85
Trd, 4319566.093, 113
Trd, 4319567.093, 96
Trd, 4319567.593, 116
Trd, 4319568.593, 60
Trd, 4319569.043, 60
Trd, 4319570.543, 93
Trd, 4319570.693, 65
Trd, 4319570.943, 68
Trd, 4319571.093, 63
Trd, 4319571.443, 63
Trd, 4319571.843, 64
Trd, 4319572.543, 62
Trd, 4319572.593, 72
Trd, 4319573.493, 76
Trd, 4319573.843, 74
Trd, 4319573.893, 73
Trd, 4319576.043, 112
Trd, 4319577.143, 123
Trd, 4319577.343, 106
Trd, 4319578.443, 99
Trd, 4319579.093, 78
Trd, 4319579.493, 86
Trd, 4319580.243, 92
Trd, 4319580.443, 107
Trd, 4319581.693, 97
Trd, 4319582.243, 126
Trd, 4319583.093, 116
Trd, 4319583.443, 71
Trd, 4319583.643, 87
Trd, 4319584.243, 127
Trd, 4319584.743, 91
Trd, 4319585.193, 80
Trd, 4319585.743, 100
Trd, 4319586.893, 104
Trd, 4319587.493, 85
Trd, 4319588.843, 60
Trd, 4319589.293, 61
Trd, 4319589.493, 78
Trd, 4319590.743, 62
Trd, 4319591.143, 92
Trd, 4319592.693, 68
Trd, 4319593.193, 71
Trd, 4319593.643, 73
Trd, 4319593.993, 60
Trd, 4319594.993, 97
Trd, 4319595.693, 129
Trd, 4319596.243, 119
Trd, 4319597.093, 114
Trd, 4319597.743, 108
Trd, 4319597.943, 81
Trd, 4319600.293, 109
Trd, 4319601.643, 73
Trd, 4319601.943, 87
Trd, 4319602.393, 81
Trd, 4319602.743, 89
Trd, 4319603.143, 135
Trd, 4319603.693, 139
Trd, 4319604.993, 60
Trd, 4319605.193, 63
Trd, 4319605.343, 67
Trd, 4319607.193, 80
Trd, 4319607.543, 138
Trd, 4319607.593, 115
Trd, 4319608.343, 64
Trd, 4319609.143, 132
Trd, 4319609.893, 125
Trd, 4319610.493, 63
Trd, 4319610.893, 62
Trd, 4319611.393, 65
Trd, 4319611.943, 73
Trd, 4319612.293, 93
Trd, 4319614.743, 60
Trd, 4319614.843, 63
Trd, 4319615.393, 60
Trd, 4319616.493, 134
Trd, 4319616.893, 63
Trd, 4319617.543, 61
Trd, 4319618.193, 62
Trd, 4319618.543, 84
Trd, 4319618.943, 73
Trd, 4319619.143, 76
Trd, 4319619.643, 132
Trd, 4319620.393, 60
Trd, 4319621.043, 117
Trd, 4319621.693, 66
Trd, 4319621.743, 82
Trd, 4319622.193, 101
Trd, 4319622.393, 96
Trd, 4319622.843, 88
Trd, 4319623.643, 115
Trd, 4319625.143, 61
Trd, 4319626.093, 62
Trd, 4319626.543, 64
Trd, 4319626.743, 69
Trd, 4319627.293, 77
Trd, 4319627.443, 78
Trd, 4319628.293, 123
Trd, 4319628.693, 89
Trd, 4319629.243, 112
Trd, 4319629.743, 74
Trd, 4319631.143, 126
Trd, 4319632.143, 98
Trd, 4319632.793, 100
Trd, 4319633.193, 63
Trd, 4319634.393, 62
Trd, 4319635.743, 62
Trd, 4319636.343, 134
Trd, 4319636.543, 77
Trd, 4319636.643, 62
Trd, 4319637.343, 65
Trd, 4319638.393, 95
Trd, 4319639.243, 126
Trd, 4319639.343, 93
Trd, 4319640.243, 89
Trd, 4319640.743, 83
Trd, 4319641.193, 75
Trd, 4319641.643, 85
Trd, 4319642.443, 67
Trd, 4319642.793, 127
Trd, 4319643.793, 123
Trd, 4319644.343, 78
Trd, 4319645.293, 75
Trd, 4319645.993, 74
Trd, 4319646.093, 78
Trd, 4319647.693, 64
Trd, 4319647.993, 134
Trd, 4319648.593, 130
Trd, 4319649.943, 114
Trd, 4319650.443, 77
Trd, 4319652.093, 67
Trd, 4319652.843, 63
Trd, 4319652.943, 64
Trd, 4319653.043, 64
Trd, 4319653.843, 133
Trd, 4319654.143, 127
Trd, 4319654.293, 137
Trd, 4319654.643, 118
Trd, 4319656.343, 63
Trd, 4319656.493, 87
Trd, 4319656.543, 94
Trd, 4319656.693, 93
Trd, 4319657.093, 103
Trd, 4319658.093, 99
Trd, 4319658.493, 99
Trd, 4319659.843, 87
Trd, 4319660.093, 61
Trd, 4319660.493, 92
Trd, 4319662.143, 66
Trd, 4319662.893, 60
Trd, 4319663.443, 101
Trd, 4319663.593, 92
Trd, 4319663.693, 105
Trd, 4319664.043, 62
Trd, 4319665.043, 62
Trd, 4319665.843, 60
Trd, 4319667.993, 65
Trd, 4319668.393, 65
Trd, 4319668.893, 61
Trd, 4319669.043, 77
Trd, 4319669.693, 62
Trd, 4319669.893, 82
Trd, 4319670.343, 61
Trd, 4319671.493, 66
Trd, 4319672.493, 83
Trd, 4319672.943, 121
Trd, 4319673.893, 104
Trd, 4319674.243, 118
Trd, 4319674.393, 87
Trd, 4319674.943, 82
Trd, 4319675.093, 78
Trd, 4319675.443, 118
Trd, 4319676.293, 61
Trd, 4319677.493, 68
Trd, 4319677.543, 77
Trd, 4319678.493, 107
Trd, 4319680.993, 79
Trd, 4319682.193, 65
Trd, 4319683.243, 60
Trd, 4319683.693, 61
Trd, 4319683.743, 79
Trd, 4319683.993, 79
Trd, 4319684.493, 88
Trd, 4319685.293, 72
Trd, 4319685.843, 66
Trd, 4319685.993, 98
Trd, 4319686.693, 64
Trd, 4319686.893, 98
Trd, 4319687.343, 104
Trd, 4319688.443, 65
Trd, 4319688.993, 66
Trd, 4319690.143, 60
Trd, 4319691.093, 79
Trd, 4319691.543, 132
Trd, 4319691.893, 131
Trd, 4319692.093, 99
Trd, 4319693.893, 95
Trd, 4319693.943, 92
Trd, 4319695.243, 126
Trd, 4319696.043, 117
Trd, 4319696.643, 134
Trd, 4319697.293, 96
Trd, 4319697.343, 91
Trd, 4319698.443, 79
Trd, 4319699.693, 114
Trd, 4319700.193, 131
Trd, 4319700.743, 125
Trd, 4319700.893, 112
Trd, 4319701.093, 83
Trd, 4319702.093, 96
Trd, 4319702.393, 82
Trd, 4319703.243, 78
Trd, 4319704.293, 114
Trd, 4319704.743, 83
Trd, 4319704.943, 61
Trd, 4319705.393, 69
Trd, 4319707.643, 87
Trd, 4319708.543, 66
Trd, 4319708.643, 89
Trd, 4319708.743, 101
Trd, 4319709.143, 60
Trd, 4319709.793, 104
Trd, 4319710.893, 80
Trd, 4319710.943, 77
Trd, 4319711.343, 107
Trd, 4319712.293, 67
Trd, 4319712.643, 61
Trd, 4319712.843, 66
Trd, 4319713.643, 78
Trd, 4319714.593, 101
Trd, 4319714.993, 112
Trd, 4319715.493, 71
Trd, 4319715.543, 74
Trd, 4319716.243, 60
Trd, 4319716.343, 114
Trd, 4319717.043, 101
Trd, 4319717.743, 98
Trd, 4319717.893, 97
Trd, 4319719.493, 82
Trd, 4319719.543, 83
Trd, 4319719.893, 80
Trd, 4319721.943, 107
Trd, 4319722.243, 76
Trd, 4319722.693, 101
Trd, 4319722.843, 62
Trd, 4319724.993, 66
Trd, 4319725.343, 92
Trd, 4319725.843, 60
Trd, 4319726.443, 92
Trd, 4319727.043, 91
Trd, 4319727.293, 60
Trd, 4319727.693, 70
Trd, 4319728.443, 102
Trd, 4319728.793, 99
Trd, 4319729.243, 85
Trd, 4319731.093, 60
Trd, 4319731.293, 82
Trd, 4319732.293, 99
Trd, 4319732.343, 62
Trd, 4319732.593, 60
Trd, 4319733.543, 67
Trd, 4319733.943, 135
Trd, 4319734.143, 65
Trd, 4319735.193, 83
Trd, 4319737.043, 128
Trd, 4319737.243, 108
Trd, 4319738.143, 115
Trd, 4319739.493, 98
Trd, 4319739.843, 66
Trd, 4319740.293, 109
Trd, 4319740.593, 62
Trd, 4319741.093, 129
Trd, 4319741.543, 82
Trd, 4319742.293, 69
Trd, 4319742.643, 122
Trd, 4319744.393, 102
Trd, 4319744.493, 67
Trd, 4319745.143, 68
Trd, 4319745.343, 95
Trd, 4319746.543, 65
Trd, 4319747.343, 61
Trd, 4319747.543, 73
Trd, 4319747.743, 69
Trd, 4319747.893, 81
Trd, 4319748.643, 96
Trd, 4319748.843, 60
Trd, 4319749.243, 100
Trd, 4319751.843, 60
Trd, 4319752.643, 75
Trd, 4319752.893, 68
Trd, 4319754.293, 60
Trd, 4319754.643, 91
Trd, 4319755.243, 90
Trd, 4319755.843, 120
Trd, 4319755.993, 93
Trd, 4319757.993, 89
Trd, 4319758.993, 138
Trd, 4319759.043, 132
Trd, 4319759.643, 110
Trd, 4319759.843, 75
Trd, 4319760.493, 128
Trd, 4319761.193, 121
Trd, 4319762.693, 63
Trd, 4319762.793, 62
Trd, 4319763.193, 114
Trd, 4319763.993, 68
Trd, 4319764.493, 99
Trd, 4319764.593, 67
Trd, 4319766.293, 113
Trd, 4319767.043, 119
Trd, 4319767.643, 128
Trd, 4319767.943, 90
Trd, 4319768.693, 115
Trd, 4319768.793, 86
Trd, 4319769.393, 78
Trd, 4319770.943, 119
Trd, 4319771.293, 83
Trd, 4319771.943, 90
Trd, 4319773.143, 107
Trd, 4319773.543, 134
Trd, 4319774.343, 116
Trd, 4319774.393, 114
Trd, 4319775.343, 62
Trd, 4319775.943, 117
Trd, 4319776.843, 62
Trd, 4319777.043, 130
Trd, 4319779.493, 60
Trd, 4319779.593, 61
Trd, 4319779.943, 61
Trd, 4319780.143, 77
Trd, 4319781.193, 62
Trd, 4319781.543, 97
Trd, 4319781.893, 99
Trd, 4319782.143, 73
Trd, 4319782.243, 85
Trd, 4319783.193, 124
Trd, 4319783.343, 138
Trd, 4319784.743, 113
Trd, 4319784.943, 62
Trd, 4319785.493, 60
Trd, 4319786.243, 68
Trd, 4319787.643, 65
Trd, 4319787.843, 64
Trd, 4319787.993, 68
Trd, 4319789.243, 72
Trd, 4319789.493, 75
Trd, 4319790.043, 68
Trd, 4319790.493, 65
Trd, 4319791.593, 107
Trd, 4319792.093, 93
Trd, 4319792.393, 103
Trd, 4319793.993, 65
Trd, 4319794.443, 68
Trd, 4319795.343, 72
Trd, 4319796.793, 86
Trd, 4319797.043, 88
Trd, 4319797.093, 82
Trd, 4319797.393, 61
Trd, 4319798.693, 79
Trd, 4319798.793, 74
Trd, 4319799.243, 61
Trd, 4319799.693, 131
Trd, 4319800.893, 83
Trd, 4319800.993, 82
Trd, 4319803.243, 63
Trd, 4319804.443, 60
Trd, 4319804.543, 65
Trd, 4319805.293, 68
Trd, 4319805.543, 68
Trd, 4319806.443, 63
Trd, 4319806.993, 63
Trd, 4319807.743, 87
Trd, 4319808.293, 131
Trd, 4319808.793, 70
Trd, 4319809.243, 75
Trd, 4319810.043, 91
Trd, 4319810.093, 66
Trd, 4319810.893, 99
Trd, 4319811.493, 60
Trd, 4319812.243, 130
Trd, 4319812.743, 100
Trd, 4319813.193, 99
Trd, 4319814.093, 77
Trd, 4319814.943, 70
Trd, 4319815.843, 93
Trd, 4319817.293, 66
Trd, 4319817.493, 63
Trd, 4319817.893, 123
Trd, 4319818.093, 116
Trd, 4319818.343, 93
Trd, 4319818.943, 64
Trd, 4319819.843, 130
Trd, 4319820.243, 134
Trd, 4319820.343, 118
Trd, 4319821.593, 105
Trd, 4319821.743, 92
Trd, 4319822.243, 132
Trd, 4319822.393, 65
Trd, 4319824.343, 87
Trd, 4319825.043, 72
Trd, 4319825.393, 65
Trd, 4319825.943, 80
Trd, 4319826.443, 117
Trd, 4319827.043, 64
Trd, 4319827.493, 64
Trd, 4319827.893, 87
Trd, 4319828.243, 98
Trd, 4319829.093, 91
Trd, 4319829.743, 66
Trd, 4319830.093, 105
Trd, 4319830.843, 66
Trd, 4319831.143, 72
Trd, 4319832.643, 125
Trd, 4319832.693, 121
Trd, 4319833.243, 105
Trd, 4319834.343, 137
Trd, 4319834.693, 69
Trd, 4319835.343, 67
Trd, 4319836.643, 72
Trd, 4319836.693, 77
Trd, 4319837.893, 101
Trd, 4319838.693, 64
Trd, 4319839.343, 70
Trd, 4319840.693, 61
Trd, 4319840.743, 83
Trd, 4319841.493, 68
Trd, 4319842.493, 115
Trd, 4319842.643, 111
Trd, 4319842.693, 109
Trd, 4319842.893, 131
Trd, 4319843.343, 60
Trd, 4319844.893, 86
Trd, 4319845.743, 97
Trd, 4319845.943, 115
Trd, 4319846.193, 79
Trd, 4319846.693, 75
Trd, 4319847.193, 86
Trd, 4319847.693, 60
Trd, 4319847.793, 82
Trd, 4319847.843, 96
Trd, 4319848.943, 91
Trd, 4319849.393, 67
Trd, 4319850.043, 107
Trd, 4319851.243, 64
Trd, 4319851.443, 61
Trd, 4319852.343, 60
Trd, 4319852.593, 74
Trd, 4319853.043, 120
Trd, 4319853.643, 65
Trd, 4319854.493, 113
Trd, 4319855.593, 119
Trd, 4319855.843, 116
Trd, 4319855.993, 105
Trd, 4319856.343, 117
Trd, 4319857.543, 139
Trd, 4319858.443, 119
Trd, 4319858.543, 87
Trd, 4319858.743, 83
Trd, 4319858.843, 80
Trd, 4319859.743, 76
Trd, 4319861.843, 139
Trd, 4319861.893, 77
Trd, 4319862.043, 80
Trd, 4319862.443, 62
Trd, 4319863.443, 107
Trd, 4319864.093, 124
Trd, 4319864.143, 63
Trd, 4319864.393, 74
Trd, 4319864.593, 63
Trd, 4319865.693, 62
Trd, 4319866.943, 117
Trd, 4319867.043, 94
Trd, 4319867.593, 119
Trd, 4319868.243, 107
Trd, 4319868.893, 124
Trd, 4319870.443, 117
Trd, 4319871.243, 116
Trd, 4319871.443, 72
Trd, 4319872.493, 68
Trd, 4319872.843, 66
Trd, 4319873.043, 89
Trd, 4319873.493, 115
Trd, 4319874.293, 102
Trd, 4319874.693, 95
Trd, 4319875.443, 61
Trd, 4319875.543, 71
Trd, 4319876.543, 120
Trd, 4319878.043, 60
Trd, 4319878.193, 63
Trd, 4319878.643, 66
Trd, 4319879.793, 133
Trd, 4319879.893, 110
Trd, 4319880.143, 85
Trd, 4319880.443, 71
Trd, 4319880.793, 61
Trd, 4319882.293, 124
Trd, 4319882.643, 118
Trd, 4319883.193, 133
Trd, 4319883.943, 94
Trd, 4319884.193, 103
Trd, 4319884.693, 74
Trd, 4319885.143, 71
Trd, 4319886.743, 130
Trd, 4319887.093, 66
Trd, 4319887.643, 62
Trd, 4319887.843, 68
Trd, 4319888.093, 71
Trd, 4319889.243, 71
Trd, 4319890.193, 60
Trd, 4319890.743, 97
Trd, 4319890.993, 92
Trd, 4319891.193, 131
Trd, 4319891.393, 108
Trd, 4319893.643, 63
Trd, 4319893.793, 89
Trd, 4319893.943, 62
Trd, 4319894.543, 93
Trd, 4319894.643, 89
Trd, 4319895.493, 87
Trd, 4319895.693, 62
Trd, 4319896.693, 62
Trd, 4319897.243, 98
Trd, 4319897.443, 73
Trd, 4319898.393, 70
Trd, 4319898.693, 79
Trd, 4319899.493, 81
Trd, 4319899.993, 68
Trd, 4319901.893, 68
Trd, 4319903.143, 62
Trd, 4319903.193, 63
Trd, 4319903.643, 109
Trd, 4319904.243, 118
Trd, 4319904.443, 123
Trd, 4319905.043, 96
Trd, 4319906.243, 69
Trd, 4319908.293, 69
Trd, 4319908.993, 64
Trd, 4319909.343, 62
Trd, 4319909.893, 79
Trd, 4319910.243, 95
Trd, 4319910.943, 73
Trd, 4319911.393, 94
Trd, 4319911.743, 77
Trd, 4319913.093, 73
Trd, 4319913.243, 95
Trd, 4319914.093, 90
Trd, 4319914.293, 102
Trd, 4319914.843, 60
Trd, 4319915.193, 87
Trd, 4319915.443, 117
Trd, 4319916.293, 80
Trd, 4319916.343, 72
Trd, 4319918.643, 138
Trd, 4319918.693, 89
Trd, 4319919.543, 71
Trd, 4319919.593, 88
Trd, 4319919.893, 63
Trd, 4319920.593, 112
Trd, 4319921.193, 111
Trd, 4319921.493, 91
Trd, 4319922.143, 69
Trd, 4319923.193, 96
Trd, 4319923.543, 97
Trd, 4319923.743, 95
Trd, 4319924.793, 127
Trd, 4319925.393, 61
Trd, 4319925.543, 63
Trd, 4319925.993, 121
Trd, 4319927.343, 131
Trd, 4319929.343, 124
Trd, 4319929.493, 112
Trd, 4319929.843, 132
Trd, 4319930.043, 75
Trd, 4319930.743, 65
Trd, 4319931.143, 68
Trd, 4319932.243, 82
Trd, 4319933.943, 95
Trd, 4319934.193, 75
Trd, 4319934.793, 82
Trd, 4319934.943, 90
Trd, 4319936.143, 128
Trd, 4319936.393, 127
Trd, 4319936.893, 99
Trd, 4319937.543, 100
Trd, 4319937.743, 77
Trd, 4319938.243, 126
Trd, 4319939.543, 69
Trd, 4319940.343, 68
Trd, 4319940.393, 67
Trd, 4319941.743, 139
Trd, 4319941.793, 72
Trd, 4319941.993, 71
Trd, 4319944.443, 129
Trd, 4319944.893, 103
Trd, 4319945.343, 88
Trd, 4319945.443, 96
Trd, 4319945.843, 99
Trd, 4319946.293, 99
Trd, 4319947.243, 90
Trd, 4319947.643, 90
Trd, 4319948.143, 126
Trd, 4319948.393, 120
Trd, 4319948.743, 94
Trd, 4319949.393, 96
Trd, 4319950.193, 106
Trd, 4319950.943, 74
Trd, 4319951.693, 71
Trd, 4319951.943, 67
Trd, 4319952.793, 127
Trd, 4319953.393, 78
Trd, 4319953.443, 81
Trd, 4319953.693, 67
Trd, 4319955.493, 61
Trd, 4319955.893, 61
Trd, 4319956.193, 66
Trd, 4319956.793, 61
Trd, 4319959.293, 64
Trd, 4319959.943, 65
Trd, 4319960.093, 72
Trd, 4319960.193, 71
Trd, 4319960.893, 75
Trd, 4319961.043, 93
Trd, 4319961.493, 121
Trd, 4319961.843, 64
Trd, 4319962.043, 93
Trd, 4319962.793, 64
Trd, 4319962.943, 110
Trd, 4319964.743, 61
Trd, 4319965.593, 65
Trd, 4319966.393, 68
Trd, 4319966.893, 66
Trd, 4319967.043, 79
Trd, 4319967.793, 109
Trd, 4319968.393, 62
Trd, 4319969.193, 73
Trd, 4319969.593, 126
Trd, 4319970.443, 74
Trd, 4319972.343, 62
Trd, 4319973.043, 61
Trd, 4319973.343, 67
Trd, 4319973.993, 65
Trd, 4319974.143, 65
Trd, 4319974.493, 82
Trd, 4319976.293, 86
Trd, 4319976.443, 90
Trd, 4319976.943, 75
Trd, 4319977.293, 72
Trd, 4319979.143, 136
Trd, 4319979.443, 119
Trd, 4319979.793, 95
Trd, 4319979.843, 77
Trd, 4319980.593, 101
Trd, 4319980.693, 99
Trd, 4319981.793, 126
Trd, 4319982.593, 124
Trd, 4319983.743, 65
Trd, 4319984.143, 60
Trd, 4319984.243, 84
Trd, 4319984.543, 96
Trd, 4319985.343, 110
Trd, 4319986.193, 76
Trd, 4319987.293, 61
Trd, 4319987.843, 67
Trd, 4319989.543, 61
Trd, 4319989.793, 67
Trd, 4319990.243, 69
Trd, 4319990.293, 79
Trd, 4319990.543, 67
Trd, 4319990.893, 80
Trd, 4319992.243, 61
Trd, 4319992.843, 105
Trd, 4319993.593, 121
Trd, 4319993.843, 120
Trd, 4319994.043, 116
Trd, 4319995.693, 61
Trd, 4319996.443, 83
Trd, 4319996.843, 90
Trd, 4319996.893, 83
Trd, 4319997.093, 109
Trd, 4319997.293, 131
Trd, 4319998.793, 60
Trd, 4319999.643, 64
Trd, 4319999.993, 63
