Trd, 4318111.993, 136
Trd, 4318112.643, 140
Trd, 4318113.493, 140
Trd, 4318114.293, 136
Trd, 4318114.793, 140
Trd, 4318115.543, 138
Trd, 4318115.843, 140
Trd, 4318117.043, 129
Trd, 4318117.643, 134
Trd, 4318118.743, 117
Trd, 4318119.043, 129
Trd, 4318121.093, 138
Trd, 4318121.643, 138
Trd, 4318121.843, 137
Trd, 4318121.993, 136
Trd, 4318122.643, 112
Trd, 4318122.893, 139
Trd, 4318123.993, 130
Trd, 4318124.343, 140
Trd, 4318124.793, 118
Trd, 4318125.843, 79
Trd, 4318126.993, 61
Trd, 4318127.343, 63
Trd, 4318128.393, 118
Trd, 4318128.543, 116
Trd, 4318128.893, 90
Trd, 4318129.793, 130
Trd, 4318130.593, 63
Trd, 4318131.143, 139
Trd, 4318131.793, 132
Trd, 4318132.043, 113
Trd, 4318133.893, 140
Trd, 4318134.543, 140
Trd, 4318135.543, 140
Trd, 4318137.093, 140
Trd, 4318138.343, 140
Trd, 4318138.893, 140
Trd, 4318138.993, 97
Trd, 4318140.543, 140
Trd, 4318140.843, 116
Trd, 4318141.043, 111
Trd, 4318143.043, 140
Trd, 4318143.443, 140
Trd, 4318143.543, 140
Trd, 4318143.843, 139
Trd, 4318144.893, 106
Trd, 4318145.043, 91
Trd, 4318145.293, 140
Trd, 4318149.243, 137
Trd, 4318150.993, 128
Trd, 4318151.843, 140
Trd, 4318152.043, 140
Trd, 4318152.093, 84
Trd, 4318152.893, 62
Trd, 4318153.343, 138
Trd, 4318153.693, 131
Trd, 4318154.693, 139
Trd, 4318155.193, 108
Trd, 4318155.593, 69
Trd, 4318156.443, 140
Trd, 4318156.943, 61
Trd, 4318158.993, 140
Trd, 4318159.043, 139
Trd, 4318160.443, 138
Trd, 4318161.643, 101
Trd, 4318162.443, 94
Trd, 4318162.843, 138
Trd, 4318162.893, 129
Trd, 4318163.193, 92
Trd, 4318164.543, 68
Trd, 4318165.043, 93
Trd, 4318165.693, 128
Trd, 4318166.643, 100
Trd, 4318167.193, 127
Trd, 4318167.243, 110
Trd, 4318168.843, 104
Trd, 4318170.243, 139
Trd, 4318170.443, 140
Trd, 4318170.593, 139
Trd, 4318170.843, 131
Trd, 4318171.643, 60
Trd, 4318171.943, 118
Trd, 4318172.643, 102
Trd, 4318174.143, 121
Trd, 4318174.393, 97
Trd, 4318174.693, 95
Trd, 4318175.093, 82
Trd, 4318176.443, 75
Trd, 4318176.493, 106
Trd, 4318177.993, 140
Trd, 4318178.193, 140
Trd, 4318178.993, 136
Trd, 4318180.393, 139
Trd, 4318181.693, 140
Trd, 4318183.193, 140
Trd, 4318183.243, 132
Trd, 4318184.093, 140
Trd, 4318184.443, 128
Trd, 4318185.043, 131
Trd, 4318186.393, 128
Trd, 4318187.493, 133
Trd, 4318187.793, 118
Trd, 4318188.443, 138
Trd, 4318189.243, 115
Trd, 4318190.443, 120
Trd, 4318190.943, 136
Trd, 4318191.643, 90
Trd, 4318192.393, 86
Trd, 4318193.143, 139
Trd, 4318193.743, 120
Trd, 4318194.593, 129
Trd, 4318194.793, 140
Trd, 4318195.343, 138
Trd, 4318196.443, 137
Trd, 4318197.743, 138
Trd, 4318197.943, 107
Trd, 4318199.143, 137
Trd, 4318199.993, 139
Trd, 4318200.043, 104
Trd, 4318200.193, 135
Trd, 4318200.943, 127
Trd, 4318201.293, 139
Trd, 4318201.493, 124
Trd, 4318202.443, 139
Trd, 4318203.643, 123
Trd, 4318204.343, 137
Trd, 4318205.343, 115
Trd, 4318205.893, 95
Trd, 4318206.943, 139
Trd, 4318207.943, 110
Trd, 4318208.793, 117
Trd, 4318209.093, 140
Trd, 4318209.593, 115
Trd, 4318211.743, 140
Trd, 4318213.043, 140
Trd, 4318213.093, 140
Trd, 4318213.143, 139
Trd, 4318213.743, 134
Trd, 4318214.793, 133
Trd, 4318216.493, 139
Trd, 4318216.643, 127
Trd, 4318216.993, 132
Trd, 4318217.293, 132
Trd, 4318218.193, 139
Trd, 4318218.293, 102
Trd, 4318219.343, 135
Trd, 4318221.943, 96
Trd, 4318222.443, 93
Trd, 4318223.043, 104
Trd, 4318223.343, 126
Trd, 4318224.343, 139
Trd, 4318224.643, 93
Trd, 4318226.143, 115
Trd, 4318226.693, 139
Trd, 4318226.943, 137
Trd, 4318227.593, 139
Trd, 4318228.743, 140
Trd, 4318229.043, 138
Trd, 4318230.043, 91
Trd, 4318231.093, 137
Trd, 4318232.143, 140
Trd, 4318232.993, 139
Trd, 4318233.243, 138
Trd, 4318233.593, 130
Trd, 4318233.843, 140
Trd, 4318234.043, 128
Trd, 4318234.993, 122
Trd, 4318235.993, 131
Trd, 4318237.093, 129
Trd, 4318238.093, 90
Trd, 4318238.393, 68
Trd, 4318239.843, 140
Trd, 4318240.143, 140
Trd, 4318240.293, 140
Trd, 4318241.443, 139
Trd, 4318242.043, 129
Trd, 4318242.343, 127
Trd, 4318244.543, 139
Trd, 4318245.193, 137
Trd, 4318245.443, 105
Trd, 4318245.743, 113
Trd, 4318247.593, 135
Trd, 4318248.793, 138
Trd, 4318249.293, 130
Trd, 4318249.393, 128
Trd, 4318249.643, 75
Trd, 4318251.293, 140
Trd, 4318251.643, 140
Trd, 4318252.343, 113
Trd, 4318252.543, 120
Trd, 4318253.243, 140
Trd, 4318253.943, 140
Trd, 4318254.443, 138
Trd, 4318255.093, 116
Trd, 4318255.543, 76
Trd, 4318257.543, 139
Trd, 4318257.593, 103
Trd, 4318257.843, 87
Trd, 4318258.843, 140
Trd, 4318259.043, 140
Trd, 4318259.693, 140
Trd, 4318261.793, 134
Trd, 4318262.393, 129
Trd, 4318262.443, 87
Trd, 4318262.693, 112
Trd, 4318263.543, 106
Trd, 4318264.293, 71
Trd, 4318264.593, 97
Trd, 4318265.343, 140
Trd, 4318265.493, 140
Trd, 4318266.143, 136
Trd, 4318266.443, 96
Trd, 4318267.993, 99
Trd, 4318270.943, 129
Trd, 4318270.993, 121
Trd, 4318271.493, 140
Trd, 4318271.543, 137
Trd, 4318273.693, 114
Trd, 4318273.793, 114
Trd, 4318274.893, 140
Trd, 4318275.443, 137
Trd, 4318275.593, 136
Trd, 4318276.843, 136
Trd, 4318276.993, 135
Trd, 4318277.243, 99
Trd, 4318277.843, 139
Trd, 4318278.493, 120
Trd, 4318279.293, 73
Trd, 4318280.693, 86
Trd, 4318281.143, 108
Trd, 4318282.593, 94
Trd, 4318282.943, 115
Trd, 4318283.493, 96
Trd, 4318284.443, 121
Trd, 4318284.993, 136
Trd, 4318285.543, 115
Trd, 4318286.593, 131
Trd, 4318287.393, 122
Trd, 4318287.643, 97
Trd, 4318288.743, 115
Trd, 4318289.843, 140
Trd, 4318290.193, 140
Trd, 4318290.393, 124
Trd, 4318290.893, 139
Trd, 4318291.443, 137
Trd, 4318292.193, 66
Trd, 4318292.943, 85
Trd, 4318294.243, 92
Trd, 4318295.293, 135
Trd, 4318295.743, 106
Trd, 4318296.443, 139
Trd, 4318297.893, 113
Trd, 4318298.943, 139
Trd, 4318299.443, 111
Trd, 4318300.243, 133
Trd, 4318300.393, 122
Trd, 4318300.743, 91
Trd, 4318301.643, 138
Trd, 4318302.043, 139
Trd, 4318304.143, 136
Trd, 4318306.093, 140
Trd, 4318306.143, 140
Trd, 4318306.593, 137
Trd, 4318307.143, 125
Trd, 4318307.193, 124
Trd, 4318307.893, 111
Trd, 4318308.193, 139
Trd, 4318308.993, 139
Trd, 4318309.593, 140
Trd, 4318309.693, 139
Trd, 4318311.943, 140
Trd, 4318312.143, 133
Trd, 4318313.343, 135
Trd, 4318314.193, 140
Trd, 4318314.243, 106
Trd, 4318314.893, 139
Trd, 4318315.593, 138
Trd, 4318316.393, 125
Trd, 4318316.743, 93
Trd, 4318317.943, 108
Trd, 4318317.993, 125
Trd, 4318318.443, 113
Trd, 4318318.843, 105
Trd, 4318319.843, 93
Trd, 4318320.743, 96
Trd, 4318321.243, 126
Trd, 4318321.593, 94
Trd, 4318323.593, 113
Trd, 4318323.843, 108
Trd, 4318325.643, 117
Trd, 4318326.893, 101
Trd, 4318328.193, 136
Trd, 4318328.993, 138
Trd, 4318329.093, 138
Trd, 4318329.293, 100
Trd, 4318330.993, 140
Trd, 4318331.993, 140
Trd, 4318332.993, 140
Trd, 4318334.893, 140
Trd, 4318335.043, 140
Trd, 4318335.393, 126
Trd, 4318335.543, 103
Trd, 4318336.643, 74
Trd, 4318336.943, 102
Trd, 4318337.893, 139
Trd, 4318338.593, 118
Trd, 4318339.093, 140
Trd, 4318340.543, 140
Trd, 4318340.993, 140
Trd, 4318341.093, 136
Trd, 4318342.243, 93
Trd, 4318343.193, 111
Trd, 4318343.843, 140
Trd, 4318343.993, 115
Trd, 4318344.293, 92
Trd, 4318344.543, 60
Trd, 4318345.493, 121
Trd, 4318346.193, 109
Trd, 4318346.393, 136
Trd, 4318348.143, 111
Trd, 4318350.343, 139
Trd, 4318351.443, 138
Trd, 4318351.693, 137
Trd, 4318351.993, 89
Trd, 4318352.293, 71
Trd, 4318353.193, 87
Trd, 4318354.543, 102
Trd, 4318355.293, 99
Trd, 4318356.643, 112
Trd, 4318356.793, 120
Trd, 4318358.293, 101
Trd, 4318358.643, 140
Trd, 4318359.293, 140
Trd, 4318359.493, 100
Trd, 4318360.493, 104
Trd, 4318361.043, 131
Trd, 4318361.543, 136
Trd, 4318362.143, 139
Trd, 4318362.293, 104
Trd, 4318362.493, 103
Trd, 4318365.243, 140
Trd, 4318365.793, 105
Trd, 4318366.343, 137
Trd, 4318368.893, 129
Trd, 4318369.893, 120
Trd, 4318369.943, 119
Trd, 4318370.493, 126
Trd, 4318370.793, 132
Trd, 4318371.093, 96
Trd, 4318372.243, 139
Trd, 4318372.993, 134
Trd, 4318373.443, 111
Trd, 4318373.693, 106
Trd, 4318375.143, 61
Trd, 4318375.993, 111
Trd, 4318376.493, 96
Trd, 4318377.993, 113
Trd, 4318378.193, 102
Trd, 4318378.593, 140
Trd, 4318379.593, 139
Trd, 4318379.843, 139
Trd, 4318381.143, 138
Trd, 4318382.893, 131
Trd, 4318383.143, 138
Trd, 4318383.343, 130
Trd, 4318384.943, 129
Trd, 4318386.193, 140
Trd, 4318386.343, 138
Trd, 4318386.743, 136
Trd, 4318388.843, 121
Trd, 4318389.443, 122
Trd, 4318389.993, 139
Trd, 4318390.993, 109
Trd, 4318391.093, 132
Trd, 4318391.493, 90
Trd, 4318391.793, 130
Trd, 4318392.743, 119
Trd, 4318393.693, 85
Trd, 4318394.143, 80
Trd, 4318394.343, 79
Trd, 4318395.843, 133
Trd, 4318397.243, 140
Trd, 4318397.643, 140
Trd, 4318397.743, 120
Trd, 4318399.343, 140
Trd, 4318399.943, 139
Trd, 4318400.593, 137
Trd, 4318401.043, 102
Trd, 4318401.193, 101
Trd, 4318402.043, 136
Trd, 4318402.693, 110
Trd, 4318402.743, 135
Trd, 4318403.043, 60
Trd, 4318403.193, 125
Trd, 4318405.643, 140
Trd, 4318406.243, 139
Trd, 4318408.293, 108
Trd, 4318408.343, 95
Trd, 4318410.243, 140
Trd, 4318410.943, 128
Trd, 4318412.393, 140
Trd, 4318413.193, 139
Trd, 4318414.743, 140
Trd, 4318415.843, 140
Trd, 4318416.393, 136
Trd, 4318417.043, 93
Trd, 4318417.193, 88
Trd, 4318417.793, 62
Trd, 4318418.143, 115
Trd, 4318418.593, 122
Trd, 4318418.893, 115
Trd, 4318419.593, 65
Trd, 4318420.893, 80
Trd, 4318421.943, 111
Trd, 4318422.543, 112
Trd, 4318423.143, 74
Trd, 4318423.693, 95
Trd, 4318424.343, 76
Trd, 4318424.543, 68
Trd, 4318426.693, 95
Trd, 4318427.593, 105
Trd, 4318427.993, 109
Trd, 4318428.493, 126
Trd, 4318428.643, 109
Trd, 4318429.143, 78
Trd, 4318429.443, 92
Trd, 4318430.293, 94
Trd, 4318431.243, 90
Trd, 4318431.343, 127
Trd, 4318432.043, 127
Trd, 4318433.743, 67
Trd, 4318434.793, 91
Trd, 4318435.043, 60
Trd, 4318435.893, 140
Trd, 4318436.093, 139
Trd, 4318438.543, 118
Trd, 4318438.793, 117
Trd, 4318439.493, 140
Trd, 4318439.843, 140
Trd, 4318440.043, 140
Trd, 4318441.543, 140
Trd, 4318442.443, 133
Trd, 4318443.043, 136
Trd, 4318443.943, 137
Trd, 4318445.043, 138
Trd, 4318445.143, 124
Trd, 4318445.993, 116
Trd, 4318446.093, 98
Trd, 4318448.643, 140
Trd, 4318448.893, 138
Trd, 4318449.493, 106
Trd, 4318449.693, 90
Trd, 4318450.643, 110
Trd, 4318453.143, 140
Trd, 4318453.743, 139
Trd, 4318454.093, 139
Trd, 4318455.193, 139
Trd, 4318455.543, 120
Trd, 4318456.043, 134
Trd, 4318456.243, 85
Trd, 4318456.293, 133
Trd, 4318456.793, 86
Trd, 4318457.093, 84
Trd, 4318457.343, 140
Trd, 4318459.493, 93
Trd, 4318459.643, 88
Trd, 4318460.293, 131
Trd, 4318461.043, 138
Trd, 4318461.493, 93
Trd, 4318462.193, 111
Trd, 4318463.843, 140
Trd, 4318464.143, 140
Trd, 4318464.593, 115
Trd, 4318466.443, 94
Trd, 4318466.793, 109
Trd, 4318467.093, 117
Trd, 4318468.343, 135
Trd, 4318468.393, 128
Trd, 4318468.543, 129
Trd, 4318470.443, 127
Trd, 4318471.793, 111
Trd, 4318472.143, 98
Trd, 4318472.843, 60
Trd, 4318473.143, 139
Trd, 4318474.093, 126
Trd, 4318475.043, 91
Trd, 4318476.193, 126
Trd, 4318476.743, 137
Trd, 4318477.943, 129
Trd, 4318479.443, 126
Trd, 4318480.043, 74
Trd, 4318480.743, 105
Trd, 4318480.843, 137
Trd, 4318481.243, 129
Trd, 4318481.843, 139
Trd, 4318482.593, 110
Trd, 4318484.243, 91
Trd, 4318484.643, 96
Trd, 4318485.093, 90
Trd, 4318485.693, 140
Trd, 4318485.893, 120
Trd, 4318487.993, 140
Trd, 4318488.243, 139
Trd, 4318488.343, 136
Trd, 4318488.893, 137
Trd, 4318489.093, 135
Trd, 4318489.193, 134
Trd, 4318490.943, 127
Trd, 4318491.843, 103
Trd, 4318492.293, 135
Trd, 4318494.193, 140
Trd, 4318494.693, 102
Trd, 4318495.593, 100
Trd, 4318497.693, 140
Trd, 4318497.793, 105
Trd, 4318497.843, 95
Trd, 4318498.193, 113
Trd, 4318500.143, 124
Trd, 4318500.493, 140
Trd, 4318500.543, 116
Trd, 4318501.043, 140
Trd, 4318502.093, 140
Trd, 4318502.393, 140
Trd, 4318503.543, 140
Trd, 4318503.643, 139
Trd, 4318505.143, 139
Trd, 4318505.193, 138
Trd, 4318505.393, 84
Trd, 4318506.793, 79
Trd, 4318507.743, 140
Trd, 4318508.993, 107
Trd, 4318510.343, 99
Trd, 4318510.893, 107
Trd, 4318511.093, 139
Trd, 4318511.593, 93
Trd, 4318512.343, 139
Trd, 4318512.893, 132
Trd, 4318513.093, 137
Trd, 4318514.543, 140
Trd, 4318514.793, 122
Trd, 4318515.493, 138
Trd, 4318515.893, 117
Trd, 4318516.793, 140
Trd, 4318516.943, 140
Trd, 4318517.243, 139
Trd, 4318518.893, 137
Trd, 4318519.093, 102
Trd, 4318519.643, 133
Trd, 4318519.743, 102
Trd, 4318520.393, 89
Trd, 4318520.993, 139
Trd, 4318521.743, 108
Trd, 4318522.793, 60
Trd, 4318522.943, 75
Trd, 4318525.093, 64
Trd, 4318525.793, 104
Trd, 4318525.943, 95
Trd, 4318526.993, 139
Trd, 4318529.243, 140
Trd, 4318529.393, 140
Trd, 4318529.843, 140
Trd, 4318530.343, 111
Trd, 4318530.743, 118
Trd, 4318533.193, 140
Trd, 4318534.743, 140
Trd, 4318534.843, 136
Trd, 4318534.943, 107
Trd, 4318535.143, 105
Trd, 4318536.393, 90
Trd, 4318537.343, 136
Trd, 4318537.593, 140
Trd, 4318538.493, 123
Trd, 4318538.743, 140
Trd, 4318540.443, 135
Trd, 4318540.893, 120
Trd, 4318540.943, 125
Trd, 4318541.043, 120
Trd, 4318541.193, 119
Trd, 4318542.393, 136
Trd, 4318543.093, 117
Trd, 4318544.043, 140
Trd, 4318547.093, 140
Trd, 4318547.393, 140
Trd, 4318549.093, 121
Trd, 4318549.293, 92
Trd, 4318550.243, 137
Trd, 4318550.793, 139
Trd, 4318551.093, 121
Trd, 4318552.343, 138
Trd, 4318553.143, 122
Trd, 4318553.493, 124
Trd, 4318554.643, 114
Trd, 4318555.093, 95
Trd, 4318555.243, 65
Trd, 4318557.393, 96
Trd, 4318557.593, 123
Trd, 4318557.943, 84
Trd, 4318558.293, 92
Trd, 4318559.793, 85
Trd, 4318559.893, 80
Trd, 4318559.993, 98
Trd, 4318560.043, 103
Trd, 4318561.243, 62
Trd, 4318561.793, 60
Trd, 4318563.593, 140
Trd, 4318563.743, 136
Trd, 4318564.393, 140
Trd, 4318564.893, 134
Trd, 4318566.243, 69
Trd, 4318566.493, 94
Trd, 4318567.043, 92
Trd, 4318567.193, 113
Trd, 4318567.793, 139
Trd, 4318568.593, 138
Trd, 4318570.043, 140
Trd, 4318570.893, 140
Trd, 4318571.393, 140
Trd, 4318571.843, 140
Trd, 4318572.943, 131
Trd, 4318573.193, 138
Trd, 4318573.243, 109
Trd, 4318574.893, 137
Trd, 4318575.193, 131
Trd, 4318575.343, 88
Trd, 4318575.743, 109
Trd, 4318575.943, 77
Trd, 4318577.793, 62
Trd, 4318578.443, 109
Trd, 4318579.193, 93
Trd, 4318579.593, 140
Trd, 4318581.143, 131
Trd, 4318582.393, 139
Trd, 4318583.993, 140
Trd, 4318584.743, 140
Trd, 4318584.843, 140
Trd, 4318585.793, 138
Trd, 4318587.293, 140
Trd, 4318587.493, 137
Trd, 4318588.643, 122
Trd, 4318589.693, 139
Trd, 4318590.443, 140
Trd, 4318591.593, 140
Trd, 4318591.843, 140
Trd, 4318592.443, 111
Trd, 4318593.543, 139
Trd, 4318593.743, 138
Trd, 4318593.943, 106
Trd, 4318593.993, 84
Trd, 4318594.793, 123
Trd, 4318595.343, 67
Trd, 4318595.493, 133
Trd, 4318596.493, 124
Trd, 4318598.193, 128
Trd, 4318598.993, 127
Trd, 4318599.393, 107
Trd, 4318600.043, 140
Trd, 4318600.093, 135
Trd, 4318600.693, 127
Trd, 4318600.993, 106
Trd, 4318601.943, 120
Trd, 4318603.743, 140
Trd, 4318604.543, 139
Trd, 4318605.343, 140
Trd, 4318605.743, 140
Trd, 4318605.793, 128
Trd, 4318606.593, 140
Trd, 4318608.293, 136
Trd, 4318608.593, 120
Trd, 4318608.743, 94
Trd, 4318609.593, 104
Trd, 4318609.693, 94
Trd, 4318610.043, 80
Trd, 4318610.393, 72
Trd, 4318611.043, 130
Trd, 4318614.043, 97
Trd, 4318614.743, 118
Trd, 4318615.093, 108
Trd, 4318615.143, 92
Trd, 4318615.243, 139
Trd, 4318615.543, 96
Trd, 4318618.243, 140
Trd, 4318618.643, 140
Trd, 4318619.593, 139
Trd, 4318620.443, 134
Trd, 4318620.743, 72
Trd, 4318621.843, 140
Trd, 4318622.343, 140
Trd, 4318622.693, 67
Trd, 4318622.993, 106
Trd, 4318623.893, 106
Trd, 4318625.293, 61
Trd, 4318625.993, 74
Trd, 4318626.043, 64
Trd, 4318626.393, 110
Trd, 4318626.643, 95
Trd, 4318627.843, 140
Trd, 4318627.993, 139
Trd, 4318629.743, 138
Trd, 4318631.043, 139
Trd, 4318631.093, 139
Trd, 4318631.643, 140
Trd, 4318632.593, 128
Trd, 4318633.093, 111
Trd, 4318633.643, 140
Trd, 4318635.343, 140
Trd, 4318635.993, 139
Trd, 4318636.393, 140
Trd, 4318636.843, 138
Trd, 4318637.193, 136
Trd, 4318637.393, 109
Trd, 4318637.843, 81
Trd, 4318639.493, 140
Trd, 4318640.143, 140
Trd, 4318640.493, 135
Trd, 4318641.393, 137
Trd, 4318642.143, 140
Trd, 4318643.493, 140
Trd, 4318643.793, 137
Trd, 4318643.893, 119
Trd, 4318644.843, 136
Trd, 4318644.893, 128
Trd, 4318646.143, 134
Trd, 4318646.493, 109
Trd, 4318647.343, 89
Trd, 4318648.343, 138
Trd, 4318649.193, 138
Trd, 4318649.493, 140
Trd, 4318649.893, 131
Trd, 4318650.143, 131
Trd, 4318651.693, 140
Trd, 4318652.293, 140
Trd, 4318652.343, 140
Trd, 4318652.543, 140
Trd, 4318652.743, 139
Trd, 4318652.843, 128
Trd, 4318653.843, 133
Trd, 4318654.243, 130
Trd, 4318654.593, 140
Trd, 4318655.443, 140
Trd, 4318655.743, 138
Trd, 4318656.593, 86
Trd, 4318657.143, 60
Trd, 4318658.093, 138
Trd, 4318659.943, 83
Trd, 4318660.193, 104
Trd, 4318660.743, 109
Trd, 4318662.793, 111
Trd, 4318663.693, 139
Trd, 4318664.243, 105
Trd, 4318664.943, 140
Trd, 4318665.443, 114
Trd, 4318665.543, 96
Trd, 4318665.743, 95
Trd, 4318667.243, 82
Trd, 4318667.293, 67
Trd, 4318668.493, 127
Trd, 4318669.443, 136
Trd, 4318669.543, 133
Trd, 4318670.343, 140
Trd, 4318670.393, 114
Trd, 4318670.543, 103
Trd, 4318672.343, 83
Trd, 4318672.643, 133
Trd, 4318673.643, 137
Trd, 4318673.893, 136
Trd, 4318673.993, 81
Trd, 4318674.893, 137
Trd, 4318676.043, 135
Trd, 4318677.693, 120
Trd, 4318678.143, 120
Trd, 4318678.943, 135
Trd, 4318679.243, 119
Trd, 4318679.493, 92
Trd, 4318680.193, 140
Trd, 4318680.593, 126
Trd, 4318680.943, 138
Trd, 4318681.693, 135
Trd, 4318682.393, 110
Trd, 4318683.043, 139
Trd, 4318684.693, 140
Trd, 4318684.793, 128
Trd, 4318685.743, 140
Trd, 4318685.843, 117
Trd, 4318685.993, 111
Trd, 4318688.293, 133
Trd, 4318689.143, 122
Trd, 4318689.543, 122
Trd, 4318690.643, 121
Trd, 4318690.743, 138
Trd, 4318693.493, 116
Trd, 4318693.793, 140
Trd, 4318694.293, 113
Trd, 4318695.793, 140
Trd, 4318696.443, 138
Trd, 4318696.593, 136
Trd, 4318697.493, 140
Trd, 4318697.743, 139
Trd, 4318698.893, 140
Trd, 4318699.193, 113
Trd, 4318700.293, 140
Trd, 4318700.543, 139
Trd, 4318702.493, 137
Trd, 4318702.793, 140
Trd, 4318703.743, 139
Trd, 4318704.043, 127
Trd, 4318704.693, 135
Trd, 4318706.293, 140
Trd, 4318706.593, 138
Trd, 4318708.293, 140
Trd, 4318709.343, 133
Trd, 4318709.643, 117
Trd, 4318709.743, 115
Trd, 4318711.843, 112
Trd, 4318712.193, 85
Trd, 4318713.243, 140
Trd, 4318713.793, 140
Trd, 4318714.593, 138
Trd, 4318715.043, 118
Trd, 4318715.293, 108
Trd, 4318716.293, 134
Trd, 4318716.493, 110
Trd, 4318717.143, 109
Trd, 4318717.543, 140
Trd, 4318719.093, 140
Trd, 4318719.393, 139
Trd, 4318720.493, 139
Trd, 4318721.193, 115
Trd, 4318722.143, 130
Trd, 4318722.743, 137
Trd, 4318722.993, 122
Trd, 4318723.143, 98
Trd, 4318723.843, 140
Trd, 4318724.593, 125
Trd, 4318725.993, 129
Trd, 4318726.493, 112
Trd, 4318726.593, 66
Trd, 4318726.943, 118
Trd, 4318728.393, 63
Trd, 4318730.843, 136
Trd, 4318730.993, 140
Trd, 4318731.493, 129
Trd, 4318731.943, 139
Trd, 4318732.943, 138
Trd, 4318733.893, 137
Trd, 4318734.243, 100
Trd, 4318734.693, 124
Trd, 4318735.043, 99
Trd, 4318735.343, 67
Trd, 4318735.693, 123
Trd, 4318737.193, 123
Trd, 4318737.643, 116
Trd, 4318737.843, 129
Trd, 4318738.243, 119
Trd, 4318738.293, 125
Trd, 4318739.343, 107
Trd, 4318740.793, 65
Trd, 4318741.243, 69
Trd, 4318741.343, 73
Trd, 4318741.593, 84
Trd, 4318742.293, 87
Trd, 4318743.693, 60
Trd, 4318743.743, 63
Trd, 4318744.543, 115
Trd, 4318746.993, 136
Trd, 4318747.693, 139
Trd, 4318748.193, 136
Trd, 4318749.743, 140
Trd, 4318749.893, 135
Trd, 4318750.743, 114
Trd, 4318751.293, 116
Trd, 4318752.043, 111
Trd, 4318752.893, 124
Trd, 4318753.243, 111
Trd, 4318753.743, 140
Trd, 4318754.043, 98
Trd, 4318754.093, 91
Trd, 4318754.643, 75
Trd, 4318754.893, 73
Trd, 4318755.143, 119
Trd, 4318756.443, 132
Trd, 4318757.043, 132
Trd, 4318757.543, 120
Trd, 4318758.693, 113
Trd, 4318760.343, 119
Trd, 4318761.043, 113
Trd, 4318761.293, 100
Trd, 4318762.493, 101
Trd, 4318762.543, 84
Trd, 4318763.593, 61
Trd, 4318763.693, 109
Trd, 4318764.393, 129
Trd, 4318764.943, 105
Trd, 4318765.193, 132
Trd, 4318766.143, 138
Trd, 4318766.293, 82
Trd, 4318767.843, 136
Trd, 4318768.493, 140
Trd, 4318769.393, 140
Trd, 4318769.943, 139
Trd, 4318770.093, 126
Trd, 4318770.743, 119
Trd, 4318771.393, 138
Trd, 4318773.443, 140
Trd, 4318773.543, 139
Trd, 4318773.693, 137
Trd, 4318774.743, 140
Trd, 4318774.793, 140
Trd, 4318776.693, 140
Trd, 4318776.993, 83
Trd, 4318777.293, 70
Trd, 4318778.243, 88
Trd, 4318778.993, 103
Trd, 4318779.443, 138
Trd, 4318780.543, 139
Trd, 4318781.493, 139
Trd, 4318781.693, 137
Trd, 4318781.793, 136
Trd, 4318782.043, 129
Trd, 4318782.843, 112
Trd, 4318783.143, 106
Trd, 4318783.643, 94
Trd, 4318785.343, 117
Trd, 4318785.443, 94
Trd, 4318786.893, 62
Trd, 4318786.943, 70
Trd, 4318787.793, 91
Trd, 4318788.993, 107
Trd, 4318790.143, 138
Trd, 4318791.793, 137
Trd, 4318791.943, 101
Trd, 4318792.643, 88
Trd, 4318793.243, 108
Trd, 4318794.793, 140
Trd, 4318794.893, 140
Trd, 4318795.093, 140
Trd, 4318795.793, 128
Trd, 4318796.543, 140
Trd, 4318796.643, 140
Trd, 4318798.243, 135
Trd, 4318798.443, 136
Trd, 4318798.693, 134
Trd, 4318799.093, 140
Trd, 4318800.343, 139
Trd, 4318800.493, 100
Trd, 4318803.143, 140
Trd, 4318803.343, 138
Trd, 4318803.943, 139
Trd, 4318804.743, 129
Trd, 4318806.493, 140
Trd, 4318807.193, 136
Trd, 4318807.743, 92
Trd, 4318809.593, 140
Trd, 4318809.993, 140
Trd, 4318810.443, 139
Trd, 4318811.293, 140
Trd, 4318811.943, 135
Trd, 4318813.143, 134
Trd, 4318813.693, 140
Trd, 4318814.293, 134
Trd, 4318814.943, 114
Trd, 4318815.543, 101
Trd, 4318815.893, 87
Trd, 4318818.293, 62
Trd, 4318818.743, 140
Trd, 4318819.843, 140
Trd, 4318821.293, 140
Trd, 4318821.893, 140
Trd, 4318822.143, 134
Trd, 4318822.493, 140
Trd, 4318824.493, 139
Trd, 4318825.943, 137
Trd, 4318826.193, 136
Trd, 4318826.643, 118
Trd, 4318827.593, 140
Trd, 4318827.993, 120
Trd, 4318828.093, 116
Trd, 4318829.043, 140
Trd, 4318829.543, 134
Trd, 4318831.343, 140
Trd, 4318831.693, 140
Trd, 4318832.043, 124
Trd, 4318832.543, 126
Trd, 4318834.043, 140
Trd, 4318834.193, 123
Trd, 4318835.543, 111
Trd, 4318835.893, 90
Trd, 4318837.543, 134
Trd, 4318837.793, 123
Trd, 4318838.343, 122
Trd, 4318839.193, 80
Trd, 4318839.293, 136
Trd, 4318839.893, 123
Trd, 4318839.943, 110
Trd, 4318841.493, 60
Trd, 4318841.743, 126
Trd, 4318842.543, 77
Trd, 4318843.343, 119
Trd, 4318843.743, 137
Trd, 4318843.843, 136
Trd, 4318845.093, 130
Trd, 4318845.843, 129
Trd, 4318846.443, 139
Trd, 4318847.843, 138
Trd, 4318847.893, 126
Trd, 4318849.243, 140
Trd, 4318849.393, 132
Trd, 4318850.243, 132
Trd, 4318851.193, 127
Trd, 4318851.743, 75
Trd, 4318853.343, 132
Trd, 4318853.393, 120
Trd, 4318854.193, 140
Trd, 4318854.493, 140
Trd, 4318854.543, 119
Trd, 4318854.643, 119
Trd, 4318855.043, 118
Trd, 4318856.593, 81
Trd, 4318856.793, 135
Trd, 4318857.043, 139
Trd, 4318858.093, 76
Trd, 4318858.393, 125
Trd, 4318859.393, 75
Trd, 4318859.593, 83
Trd, 4318861.193, 136
Trd, 4318862.493, 130
Trd, 4318863.193, 138
Trd, 4318863.543, 139
Trd, 4318864.143, 138
Trd, 4318864.243, 134
Trd, 4318865.343, 82
Trd, 4318866.193, 117
Trd, 4318866.993, 83
Trd, 4318867.743, 77
Trd, 4318868.543, 76
Trd, 4318868.793, 122
Trd, 4318869.143, 135
Trd, 4318870.093, 134
Trd, 4318870.843, 125
Trd, 4318871.343, 140
Trd, 4318873.443, 120
Trd, 4318873.543, 117
Trd, 4318873.593, 116
Trd, 4318873.993, 126
Trd, 4318874.393, 92
Trd, 4318874.893, 63
Trd, 4318875.293, 126
Trd, 4318876.293, 140
Trd, 4318877.843, 140
Trd, 4318878.143, 140
Trd, 4318878.343, 140
Trd, 4318878.443, 139
Trd, 4318880.043, 140
Trd, 4318880.643, 140
Trd, 4318883.493, 140
Trd, 4318884.093, 137
Trd, 4318884.643, 139
Trd, 4318884.843, 109
Trd, 4318884.893, 108
Trd, 4318885.243, 92
Trd, 4318886.543, 107
Trd, 4318886.893, 134
Trd, 4318887.093, 96
Trd, 4318887.443, 137
Trd, 4318887.743, 120
Trd, 4318889.993, 124
Trd, 4318890.193, 118
Trd, 4318891.293, 133
Trd, 4318891.493, 136
Trd, 4318892.743, 139
Trd, 4318893.193, 128
Trd, 4318893.393, 91
Trd, 4318893.793, 136
Trd, 4318895.293, 140
Trd, 4318895.643, 140
Trd, 4318896.143, 111
Trd, 4318897.643, 136
Trd, 4318897.693, 106
Trd, 4318899.443, 108
Trd, 4318899.943, 116
Trd, 4318900.243, 97
Trd, 4318900.893, 125
Trd, 4318901.843, 139
Trd, 4318902.943, 118
Trd, 4318903.393, 138
Trd, 4318904.693, 138
Trd, 4318904.893, 138
Trd, 4318905.693, 123
Trd, 4318905.743, 119
Trd, 4318906.143, 98
Trd, 4318907.543, 140
Trd, 4318907.593, 139
Trd, 4318908.393, 118
Trd, 4318908.493, 97
Trd, 4318910.443, 139
Trd, 4318911.143, 140
Trd, 4318911.243, 137
Trd, 4318912.543, 140
Trd, 4318912.893, 118
Trd, 4318912.943, 102
Trd, 4318914.743, 68
Trd, 4318915.193, 60
Trd, 4318915.593, 113
Trd, 4318917.343, 140
Trd, 4318917.543, 140
Trd, 4318917.843, 63
Trd, 4318918.443, 76
Trd, 4318918.993, 100
Trd, 4318920.043, 137
Trd, 4318920.293, 122
Trd, 4318920.493, 86
Trd, 4318921.393, 62
Trd, 4318922.243, 80
Trd, 4318922.293, 88
Trd, 4318923.943, 66
Trd, 4318924.543, 93
Trd, 4318925.943, 60
Trd, 4318926.593, 73
Trd, 4318926.993, 60
Trd, 4318927.243, 61
Trd, 4318927.643, 97
Trd, 4318927.993, 72
Trd, 4318929.343, 140
Trd, 4318931.993, 140
Trd, 4318932.243, 140
Trd, 4318932.293, 140
Trd, 4318932.893, 140
Trd, 4318933.043, 139
Trd, 4318933.443, 119
Trd, 4318934.643, 135
Trd, 4318935.093, 131
Trd, 4318935.293, 112
Trd, 4318937.043, 140
Trd, 4318937.393, 140
Trd, 4318937.593, 140
Trd, 4318937.643, 104
Trd, 4318937.843, 101
Trd, 4318938.443, 140
Trd, 4318939.093, 139
Trd, 4318939.893, 124
Trd, 4318940.243, 90
Trd, 4318942.593, 76
Trd, 4318943.143, 74
Trd, 4318943.193, 73
Trd, 4318943.843, 73
Trd, 4318944.343, 76
Trd, 4318944.493, 134
Trd, 4318945.343, 116
Trd, 4318945.543, 75
Trd, 4318947.493, 140
Trd, 4318947.793, 138
Trd, 4318948.193, 119
Trd, 4318949.043, 125
Trd, 4318949.093, 124
Trd, 4318950.043, 140
Trd, 4318951.243, 81
Trd, 4318951.643, 82
Trd, 4318952.093, 63
Trd, 4318953.543, 62
Trd, 4318954.343, 80
Trd, 4318954.743, 75
Trd, 4318955.593, 98
Trd, 4318957.993, 140
Trd, 4318958.443, 140
Trd, 4318958.543, 138
Trd, 4318958.643, 102
Trd, 4318960.843, 129
Trd, 4318961.093, 119
Trd, 4318961.593, 90
Trd, 4318963.893, 140
Trd, 4318963.943, 140
Trd, 4318964.093, 139
Trd, 4318965.393, 117
Trd, 4318965.493, 126
Trd, 4318966.043, 127
Trd, 4318967.043, 99
Trd, 4318967.993, 65
Trd, 4318968.243, 64
Trd, 4318968.493, 73
Trd, 4318969.643, 125
Trd, 4318970.993, 140
Trd, 4318971.593, 122
Trd, 4318971.993, 99
Trd, 4318972.293, 137
Trd, 4318973.343, 102
Trd, 4318974.293, 77
Trd, 4318974.893, 138
Trd, 4318975.293, 88
Trd, 4318975.593, 69
Trd, 4318976.793, 61
Trd, 4318979.443, 140
Trd, 4318979.743, 140
Trd, 4318980.243, 139
Trd, 4318980.743, 140
Trd, 4318980.943, 139
Trd, 4318981.343, 140
Trd, 4318982.793, 139
Trd, 4318983.043, 137
Trd, 4318984.593, 136
Trd, 4318985.093, 134
Trd, 4318985.293, 126
Trd, 4318986.743, 140
Trd, 4318986.893, 134
Trd, 4318989.593, 137
Trd, 4318989.643, 119
Trd, 4318989.793, 140
Trd, 4318991.743, 140
Trd, 4318991.793, 140
Trd, 4318992.643, 140
Trd, 4318993.543, 140
Trd, 4318994.693, 128
Trd, 4318995.093, 126
Trd, 4318995.243, 100
Trd, 4318996.093, 101
Trd, 4318997.093, 140
Trd, 4318997.593, 139
Trd, 4318998.093, 108
Trd, 4318998.393, 138
Trd, 4318999.543, 120
Trd, 4318999.943, 109
Trd, 4319000.443, 140
Trd, 4319001.493, 140
Trd, 4319001.743, 140
Trd, 4319004.293, 132
Trd, 4319004.443, 128
Trd, 4319004.543, 101
Trd, 4319004.993, 61
Trd, 4319006.343, 110
Trd, 4319006.893, 133
Trd, 4319007.093, 140
Trd, 4319007.793, 113
Trd, 4319008.443, 139
Trd, 4319009.143, 82
Trd, 4319010.043, 64
Trd, 4319011.243, 71
Trd, 4319012.193, 137
Trd, 4319012.343, 114
Trd, 4319013.093, 107
Trd, 4319014.193, 104
Trd, 4319014.793, 121
Trd, 4319014.893, 106
Trd, 4319015.493, 108
Trd, 4319016.443, 67
Trd, 4319016.593, 117
Trd, 4319017.793, 130
Trd, 4319018.193, 129
Trd, 4319018.443, 111
Trd, 4319018.893, 140
Trd, 4319019.493, 140
Trd, 4319021.693, 138
Trd, 4319021.843, 136
Trd, 4319022.093, 132
Trd, 4319022.643, 123
Trd, 4319022.993, 67
Trd, 4319024.243, 140
Trd, 4319024.593, 115
Trd, 4319025.993, 138
Trd, 4319028.493, 140
Trd, 4319028.743, 140
Trd, 4319029.443, 138
Trd, 4319029.793, 107
Trd, 4319030.693, 77
Trd, 4319031.743, 137
Trd, 4319032.093, 137
Trd, 4319033.343, 138
Trd, 4319033.543, 136
Trd, 4319033.693, 127
Trd, 4319033.793, 109
Trd, 4319034.793, 127
Trd, 4319035.493, 102
Trd, 4319036.293, 78
Trd, 4319037.343, 64
Trd, 4319037.793, 133
Trd, 4319037.943, 62
Trd, 4319038.293, 140
Trd, 4319039.143, 90
Trd, 4319039.843, 60
Trd, 4319041.043, 131
Trd, 4319041.943, 110
Trd, 4319042.643, 133
Trd, 4319043.643, 139
Trd, 4319043.693, 129
Trd, 4319044.893, 140
Trd, 4319044.943, 139
Trd, 4319045.693, 140
Trd, 4319046.093, 100
Trd, 4319047.093, 105
Trd, 4319048.143, 140
Trd, 4319048.893, 140
Trd, 4319050.993, 140
Trd, 4319051.043, 138
Trd, 4319051.393, 124
Trd, 4319052.243, 138
Trd, 4319052.693, 131
Trd, 4319054.143, 131
Trd, 4319055.793, 140
Trd, 4319055.943, 140
Trd, 4319056.693, 140
Trd, 4319056.993, 140
Trd, 4319057.793, 140
Trd, 4319058.893, 140
Trd, 4319059.143, 130
Trd, 4319060.193, 140
Trd, 4319060.293, 116
Trd, 4319061.443, 89
Trd, 4319062.793, 134
Trd, 4319063.393, 134
Trd, 4319064.393, 66
Trd, 4319065.293, 140
Trd, 4319065.593, 140
Trd, 4319065.893, 140
Trd, 4319065.993, 138
Trd, 4319067.643, 140
Trd, 4319069.293, 140
Trd, 4319069.493, 140
Trd, 4319069.743, 140
Trd, 4319069.793, 118
Trd, 4319070.443, 120
Trd, 4319071.393, 138
Trd, 4319072.043, 66
Trd, 4319072.493, 123
Trd, 4319072.743, 133
Trd, 4319074.393, 119
Trd, 4319074.743, 96
Trd, 4319075.693, 140
Trd, 4319075.893, 140
Trd, 4319075.993, 139
Trd, 4319076.293, 101
Trd, 4319077.243, 65
Trd, 4319078.343, 116
Trd, 4319078.443, 104
Trd, 4319079.693, 139
Trd, 4319080.693, 139
Trd, 4319080.893, 140
Trd, 4319082.393, 136
Trd, 4319082.643, 135
Trd, 4319083.693, 139
Trd, 4319084.043, 91
Trd, 4319084.143, 129
Trd, 4319085.243, 105
Trd, 4319086.043, 109
Trd, 4319086.993, 138
Trd, 4319087.093, 137
Trd, 4319087.793, 88
Trd, 4319089.043, 117
Trd, 4319089.193, 99
Trd, 4319089.893, 114
Trd, 4319090.643, 139
Trd, 4319090.793, 87
Trd, 4319092.043, 78
Trd, 4319092.343, 123
Trd, 4319094.093, 117
Trd, 4319095.443, 140
Trd, 4319095.743, 134
Trd, 4319096.143, 113
Trd, 4319097.043, 113
Trd, 4319097.743, 140
Trd, 4319097.793, 139
Trd, 4319099.093, 124
Trd, 4319100.893, 122
Trd, 4319100.993, 124
Trd, 4319101.693, 115
Trd, 4319102.043, 80
Trd, 4319103.143, 61
Trd, 4319103.743, 88
Trd, 4319105.093, 138
Trd, 4319105.293, 122
Trd, 4319105.643, 99
Trd, 4319106.543, 60
Trd, 4319107.043, 130
Trd, 4319108.343, 134
Trd, 4319109.093, 139
Trd, 4319109.243, 132
Trd, 4319109.593, 138
Trd, 4319111.493, 138
Trd, 4319111.643, 137
Trd, 4319112.543, 136
Trd, 4319113.343, 134
Trd, 4319114.593, 129
Trd, 4319114.893, 125
Trd, 4319116.443, 140
Trd, 4319117.293, 140
Trd, 4319117.543, 140
Trd, 4319117.993, 140
Trd, 4319118.143, 129
Trd, 4319118.393, 118
Trd, 4319119.593, 130
Trd, 4319119.643, 118
Trd, 4319121.643, 140
Trd, 4319121.793, 140
Trd, 4319122.693, 123
Trd, 4319123.393, 140
Trd, 4319123.593, 120
Trd, 4319123.743, 96
Trd, 4319124.593, 93
Trd, 4319124.943, 88
Trd, 4319125.693, 102
Trd, 4319125.993, 140
Trd, 4319127.243, 107
Trd, 4319128.343, 140
Trd, 4319128.643, 138
Trd, 4319128.893, 70
Trd, 4319129.693, 81
Trd, 4319131.793, 96
Trd, 4319132.243, 106
Trd, 4319132.943, 139
Trd, 4319133.393, 128
Trd, 4319134.393, 133
Trd, 4319134.443, 128
Trd, 4319136.343, 109
Trd, 4319137.393, 140
Trd, 4319137.443, 105
Trd, 4319137.693, 97
Trd, 4319138.743, 126
Trd, 4319140.093, 138
Trd, 4319140.343, 133
Trd, 4319141.293, 133
Trd, 4319141.393, 132
Trd, 4319143.443, 139
Trd, 4319143.743, 138
Trd, 4319144.343, 87
Trd, 4319144.793, 101
Trd, 4319144.993, 92
Trd, 4319146.243, 140
Trd, 4319146.593, 140
Trd, 4319146.943, 140
Trd, 4319147.093, 135
Trd, 4319147.493, 134
Trd, 4319148.793, 137
Trd, 4319150.043, 137
Trd, 4319151.043, 140
Trd, 4319151.243, 108
Trd, 4319152.893, 70
Trd, 4319153.243, 99
Trd, 4319153.843, 131
Trd, 4319154.893, 140
Trd, 4319155.143, 137
Trd, 4319156.543, 139
Trd, 4319156.693, 134
Trd, 4319157.093, 126
Trd, 4319158.343, 126
Trd, 4319158.443, 135
Trd, 4319158.943, 138
Trd, 4319159.643, 139
Trd, 4319159.993, 87
Trd, 4319160.893, 136
Trd, 4319162.543, 140
Trd, 4319163.343, 117
Trd, 4319164.193, 114
Trd, 4319166.293, 129
Trd, 4319166.593, 105
Trd, 4319166.693, 130
Trd, 4319167.143, 104
Trd, 4319167.643, 102
Trd, 4319168.943, 106
Trd, 4319169.143, 101
Trd, 4319169.593, 74
Trd, 4319170.293, 138
Trd, 4319170.793, 140
Trd, 4319171.993, 139
Trd, 4319172.543, 108
Trd, 4319172.693, 137
Trd, 4319174.243, 101
Trd, 4319174.393, 140
Trd, 4319175.543, 138
Trd, 4319176.793, 135
Trd, 4319176.993, 126
Trd, 4319177.893, 90
Trd, 4319178.043, 140
Trd, 4319178.843, 86
Trd, 4319179.043, 80
Trd, 4319181.043, 140
Trd, 4319181.343, 114
Trd, 4319181.643, 87
Trd, 4319182.693, 135
Trd, 4319183.093, 79
Trd, 4319183.543, 109
Trd, 4319184.393, 140
Trd, 4319185.843, 121
Trd, 4319186.993, 138
Trd, 4319189.243, 140
Trd, 4319189.593, 140
Trd, 4319189.643, 137
Trd, 4319190.243, 126
Trd, 4319190.743, 125
Trd, 4319190.793, 109
Trd, 4319191.143, 93
Trd, 4319191.493, 139
Trd, 4319193.143, 111
Trd, 4319193.343, 108
Trd, 4319194.443, 129
Trd, 4319195.193, 140
Trd, 4319197.593, 140
Trd, 4319197.793, 140
Trd, 4319198.843, 140
Trd, 4319198.993, 140
Trd, 4319199.693, 139
Trd, 4319199.893, 125
Trd, 4319200.293, 111
Trd, 4319200.643, 72
Trd, 4319201.343, 64
Trd, 4319202.393, 69
Trd, 4319202.643, 139
Trd, 4319203.143, 94
Trd, 4319204.843, 140
Trd, 4319205.943, 140
Trd, 4319206.293, 139
Trd, 4319206.593, 137
Trd, 4319207.393, 126
Trd, 4319207.743, 125
Trd, 4319208.393, 93
Trd, 4319208.693, 95
Trd, 4319209.843, 98
Trd, 4319210.343, 140
Trd, 4319210.443, 139
Trd, 4319211.343, 140
Trd, 4319214.493, 139
Trd, 4319215.193, 140
Trd, 4319215.493, 140
Trd, 4319215.643, 137
Trd, 4319215.893, 134
Trd, 4319216.693, 110
Trd, 4319217.843, 99
Trd, 4319218.443, 113
Trd, 4319218.593, 116
Trd, 4319219.743, 139
Trd, 4319219.993, 139
Trd, 4319220.093, 108
Trd, 4319220.343, 107
Trd, 4319220.393, 115
Trd, 4319220.893, 92
Trd, 4319222.093, 135
Trd, 4319224.443, 61
Trd, 4319224.743, 66
Trd, 4319225.643, 78
Trd, 4319225.693, 89
Trd, 4319226.643, 63
Trd, 4319226.693, 69
Trd, 4319227.193, 86
Trd, 4319227.543, 92
Trd, 4319228.193, 84
Trd, 4319228.743, 139
Trd, 4319229.593, 130
Trd, 4319230.143, 104
Trd, 4319230.293, 103
Trd, 4319231.193, 71
Trd, 4319231.793, 70
Trd, 4319232.293, 60
Trd, 4319232.993, 63
Trd, 4319235.393, 140
Trd, 4319235.593, 140
Trd, 4319235.693, 139
Trd, 4319235.793, 136
Trd, 4319237.193, 120
Trd, 4319237.493, 123
Trd, 4319238.743, 60
Trd, 4319239.243, 79
Trd, 4319240.043, 63
Trd, 4319241.193, 81
Trd, 4319241.243, 72
Trd, 4319241.693, 140
Trd, 4319242.093, 78
Trd, 4319242.793, 64
Trd, 4319244.093, 139
Trd, 4319245.743, 140
Trd, 4319245.843, 138
Trd, 4319246.443, 138
Trd, 4319246.793, 135
Trd, 4319247.243, 103
Trd, 4319247.443, 90
Trd, 4319247.693, 70
Trd, 4319250.693, 140
Trd, 4319250.993, 139
Trd, 4319251.243, 131
Trd, 4319252.993, 110
Trd, 4319253.843, 109
Trd, 4319254.143, 94
Trd, 4319255.543, 139
Trd, 4319255.793, 118
Trd, 4319256.393, 98
Trd, 4319257.543, 68
Trd, 4319258.393, 137
Trd, 4319258.893, 123
Trd, 4319259.643, 124
Trd, 4319259.943, 139
Trd, 4319260.743, 139
Trd, 4319260.993, 114
Trd, 4319262.643, 113
Trd, 4319262.743, 105
Trd, 4319264.143, 140
Trd, 4319264.193, 120
Trd, 4319264.493, 81
Trd, 4319265.693, 139
Trd, 4319265.943, 127
Trd, 4319267.193, 130
Trd, 4319267.293, 67
Trd, 4319267.543, 72
Trd, 4319268.593, 138
Trd, 4319269.843, 130
Trd, 4319270.393, 112
Trd, 4319270.693, 112
Trd, 4319271.443, 140
Trd, 4319273.293, 139
Trd, 4319274.843, 138
Trd, 4319275.443, 139
Trd, 4319276.343, 131
Trd, 4319276.993, 140
Trd, 4319277.193, 130
Trd, 4319277.693, 140
Trd, 4319278.943, 118
Trd, 4319279.793, 140
Trd, 4319280.143, 101
Trd, 4319280.843, 82
Trd, 4319280.893, 97
Trd, 4319280.993, 128
Trd, 4319282.193, 140
Trd, 4319282.293, 140
Trd, 4319282.343, 81
Trd, 4319283.893, 136
Trd, 4319284.343, 136
Trd, 4319286.093, 140
Trd, 4319286.543, 140
Trd, 4319287.193, 140
Trd, 4319287.643, 140
Trd, 4319288.943, 140
Trd, 4319289.543, 140
Trd, 4319290.343, 140
Trd, 4319290.393, 122
Trd, 4319290.943, 140
Trd, 4319292.343, 138
Trd, 4319292.593, 129
Trd, 4319293.193, 119
Trd, 4319293.793, 113
Trd, 4319295.443, 98
Trd, 4319296.393, 140
Trd, 4319299.293, 125
Trd, 4319300.093, 140
Trd, 4319300.243, 140
Trd, 4319300.743, 140
Trd, 4319301.393, 137
Trd, 4319301.543, 135
Trd, 4319301.843, 130
Trd, 4319302.193, 125
Trd, 4319302.293, 136
Trd, 4319303.343, 113
Trd, 4319303.693, 138
Trd, 4319305.193, 120
Trd, 4319305.343, 105
Trd, 4319305.593, 81
Trd, 4319307.293, 113
Trd, 4319308.143, 66
Trd, 4319308.243, 68
Trd, 4319310.493, 85
Trd, 4319310.743, 99
Trd, 4319311.293, 97
Trd, 4319311.443, 73
Trd, 4319312.093, 98
Trd, 4319312.493, 140
Trd, 4319312.643, 140
Trd, 4319313.693, 112
Trd, 4319314.293, 140
Trd, 4319315.143, 134
Trd, 4319315.493, 131
Trd, 4319315.843, 130
Trd, 4319317.193, 139
Trd, 4319317.293, 134
Trd, 4319318.243, 133
Trd, 4319319.493, 100
Trd, 4319320.243, 135
Trd, 4319320.843, 118
Trd, 4319321.793, 139
Trd, 4319322.093, 138
Trd, 4319323.393, 140
Trd, 4319324.843, 140
Trd, 4319325.943, 136
Trd, 4319325.993, 135
Trd, 4319326.043, 100
Trd, 4319327.043, 104
Trd, 4319327.243, 80
Trd, 4319327.293, 74
Trd, 4319328.293, 76
Trd, 4319329.793, 140
Trd, 4319330.493, 137
Trd, 4319330.593, 134
Trd, 4319331.543, 120
Trd, 4319332.093, 140
Trd, 4319333.243, 121
Trd, 4319333.443, 86
Trd, 4319334.293, 140
Trd, 4319334.393, 140
Trd, 4319335.043, 138
Trd, 4319337.343, 130
Trd, 4319338.993, 140
Trd, 4319339.593, 139
Trd, 4319340.293, 128
Trd, 4319340.393, 127
Trd, 4319341.043, 93
Trd, 4319341.443, 138
Trd, 4319341.843, 99
Trd, 4319342.493, 93
Trd, 4319343.693, 133
Trd, 4319343.843, 130
Trd, 4319344.143, 96
Trd, 4319344.843, 91
Trd, 4319345.343, 83
Trd, 4319345.493, 111
Trd, 4319345.793, 64
Trd, 4319346.393, 67
Trd, 4319348.993, 107
Trd, 4319349.193, 129
Trd, 4319350.243, 125
Trd, 4319350.993, 140
Trd, 4319351.493, 129
Trd, 4319351.893, 125
Trd, 4319351.993, 106
Trd, 4319352.343, 88
Trd, 4319353.243, 128
Trd, 4319354.043, 101
Trd, 4319355.393, 64
Trd, 4319355.793, 100
Trd, 4319357.093, 62
Trd, 4319357.793, 76
Trd, 4319359.443, 138
Trd, 4319359.893, 137
Trd, 4319360.193, 136
Trd, 4319360.893, 68
Trd, 4319362.693, 139
Trd, 4319362.993, 100
Trd, 4319364.143, 140
Trd, 4319365.743, 140
Trd, 4319365.943, 140
Trd, 4319366.343, 88
Trd, 4319366.843, 98
Trd, 4319367.443, 139
Trd, 4319367.843, 116
Trd, 4319368.293, 90
Trd, 4319369.843, 140
Trd, 4319370.143, 139
Trd, 4319370.193, 132
Trd, 4319370.593, 62
Trd, 4319370.693, 61
Trd, 4319371.793, 103
Trd, 4319373.543, 140
Trd, 4319374.493, 140
Trd, 4319375.743, 140
Trd, 4319376.893, 140
Trd, 4319377.193, 140
Trd, 4319377.593, 139
Trd, 4319377.993, 136
Trd, 4319378.343, 137
Trd, 4319378.393, 134
Trd, 4319378.743, 118
Trd, 4319378.893, 106
Trd, 4319379.643, 102
Trd, 4319379.693, 134
Trd, 4319381.393, 63
Trd, 4319381.643, 63
Trd, 4319383.343, 140
Trd, 4319383.843, 138
Trd, 4319385.193, 110
Trd, 4319385.943, 140
Trd, 4319386.943, 139
Trd, 4319388.943, 127
Trd, 4319389.243, 125
Trd, 4319390.193, 126
Trd, 4319390.293, 134
Trd, 4319391.393, 118
Trd, 4319391.543, 117
Trd, 4319392.093, 140
Trd, 4319392.443, 136
Trd, 4319392.843, 102
Trd, 4319393.143, 60
Trd, 4319394.543, 140
Trd, 4319395.243, 138
Trd, 4319395.343, 128
Trd, 4319396.943, 140
Trd, 4319397.093, 139
Trd, 4319397.493, 111
Trd, 4319398.243, 90
Trd, 4319399.493, 89
Trd, 4319402.643, 140
Trd, 4319402.743, 140
Trd, 4319402.843, 140
Trd, 4319402.943, 129
Trd, 4319403.043, 124
Trd, 4319403.093, 104
Trd, 4319403.493, 76
Trd, 4319404.643, 133
Trd, 4319406.043, 140
Trd, 4319406.893, 139
Trd, 4319407.093, 126
Trd, 4319407.943, 139
Trd, 4319407.993, 92
Trd, 4319408.393, 139
Trd, 4319409.543, 125
Trd, 4319409.743, 116
Trd, 4319410.643, 140
Trd, 4319412.193, 140
Trd, 4319413.793, 133
Trd, 4319415.143, 139
Trd, 4319415.493, 137
Trd, 4319415.993, 124
Trd, 4319416.343, 113
Trd, 4319416.493, 117
Trd, 4319416.693, 112
Trd, 4319417.593, 140
Trd, 4319418.343, 117
Trd, 4319419.443, 99
Trd, 4319420.293, 73
Trd, 4319422.193, 138
Trd, 4319422.393, 136
Trd, 4319424.143, 140
Trd, 4319424.343, 138
Trd, 4319424.443, 131
Trd, 4319424.893, 139
Trd, 4319425.093, 119
Trd, 4319426.593, 99
Trd, 4319426.793, 101
Trd, 4319426.843, 98
Trd, 4319427.243, 67
Trd, 4319429.043, 139
Trd, 4319429.143, 138
Trd, 4319429.243, 127
Trd, 4319429.993, 140
Trd, 4319430.243, 139
Trd, 4319431.143, 140
Trd, 4319432.643, 140
Trd, 4319433.643, 126
Trd, 4319434.143, 139
Trd, 4319434.293, 112
Trd, 4319435.743, 102
Trd, 4319435.793, 99
Trd, 4319436.143, 113
Trd, 4319436.493, 108
Trd, 4319436.893, 136
Trd, 4319438.743, 84
Trd, 4319439.393, 89
Trd, 4319439.593, 140
Trd, 4319439.943, 96
Trd, 4319440.543, 120
Trd, 4319441.493, 138
Trd, 4319442.393, 120
Trd, 4319442.693, 118
Trd, 4319442.893, 76
Trd, 4319444.043, 82
Trd, 4319445.043, 140
Trd, 4319445.093, 140
Trd, 4319447.243, 140
Trd, 4319447.993, 140
Trd, 4319449.343, 140
Trd, 4319449.893, 136
Trd, 4319450.143, 100
Trd, 4319450.393, 102
Trd, 4319451.893, 140
Trd, 4319452.643, 140
Trd, 4319452.843, 140
Trd, 4319453.593, 133
Trd, 4319453.693, 138
Trd, 4319453.893, 136
Trd, 4319454.893, 82
Trd, 4319455.693, 86
Trd, 4319456.743, 132
Trd, 4319457.143, 131
Trd, 4319458.043, 84
Trd, 4319459.393, 90
Trd, 4319459.693, 82
Trd, 4319460.843, 126
Trd, 4319462.743, 140
Trd, 4319463.743, 140
Trd, 4319463.793, 140
Trd, 4319463.943, 140
Trd, 4319465.193, 138
Trd, 4319465.743, 112
Trd, 4319466.693, 97
Trd, 4319466.893, 96
Trd, 4319468.243, 140
Trd, 4319468.593, 135
Trd, 4319469.393, 140
Trd, 4319469.543, 123
Trd, 4319470.043, 84
Trd, 4319470.543, 135
Trd, 4319471.793, 138
Trd, 4319472.243, 118
Trd, 4319472.793, 94
Trd, 4319473.243, 139
Trd, 4319475.993, 139
Trd, 4319476.293, 136
Trd, 4319477.343, 134
Trd, 4319477.443, 119
Trd, 4319479.793, 140
Trd, 4319480.393, 140
Trd, 4319480.693, 137
Trd, 4319481.593, 137
Trd, 4319482.043, 133
Trd, 4319483.243, 132
Trd, 4319484.293, 140
Trd, 4319485.393, 137
Trd, 4319487.443, 140
Trd, 4319487.593, 118
Trd, 4319488.443, 109
Trd, 4319489.843, 140
Trd, 4319490.043, 140
Trd, 4319491.443, 120
Trd, 4319491.843, 120
Trd, 4319493.693, 120
Trd, 4319493.743, 119
Trd, 4319494.943, 101
Trd, 4319494.993, 75
Trd, 4319495.293, 74
Trd, 4319495.393, 112
Trd, 4319496.643, 140
Trd, 4319496.793, 140
Trd, 4319498.143, 136
Trd, 4319498.543, 108
Trd, 4319499.043, 102
Trd, 4319499.143, 74
Trd, 4319500.693, 79
Trd, 4319500.993, 130
Trd, 4319502.393, 140
Trd, 4319502.943, 140
Trd, 4319502.993, 140
Trd, 4319505.943, 140
Trd, 4319507.243, 140
Trd, 4319507.893, 139
Trd, 4319509.843, 140
Trd, 4319510.643, 140
Trd, 4319511.143, 123
Trd, 4319511.193, 122
Trd, 4319512.093, 140
Trd, 4319512.193, 137
Trd, 4319512.593, 138
Trd, 4319512.993, 116
Trd, 4319513.693, 137
Trd, 4319515.643, 121
Trd, 4319516.043, 103
Trd, 4319516.143, 97
Trd, 4319517.193, 135
Trd, 4319518.443, 134
Trd, 4319519.643, 128
Trd, 4319519.693, 106
Trd, 4319520.893, 138
Trd, 4319521.943, 140
Trd, 4319522.643, 139
Trd, 4319522.743, 100
Trd, 4319523.743, 140
Trd, 4319524.543, 139
Trd, 4319526.143, 140
Trd, 4319526.243, 140
Trd, 4319526.493, 140
Trd, 4319527.693, 117
Trd, 4319527.793, 107
Trd, 4319528.293, 89
Trd, 4319528.693, 79
Trd, 4319530.593, 140
Trd, 4319530.643, 136
Trd, 4319530.843, 135
Trd, 4319532.543, 140
Trd, 4319532.743, 135
Trd, 4319533.293, 95
Trd, 4319533.543, 105
Trd, 4319534.293, 140
Trd, 4319534.693, 140
Trd, 4319535.293, 77
Trd, 4319535.493, 90
Trd, 4319535.793, 116
Trd, 4319535.893, 74
Trd, 4319536.393, 140
Trd, 4319538.843, 69
Trd, 4319539.243, 137
Trd, 4319539.593, 117
Trd, 4319540.243, 138
Trd, 4319541.493, 67
Trd, 4319541.793, 94
Trd, 4319543.043, 83
Trd, 4319543.743, 131
Trd, 4319544.493, 82
Trd, 4319544.743, 79
Trd, 4319545.243, 129
Trd, 4319547.493, 139
Trd, 4319547.943, 134
Trd, 4319547.993, 132
Trd, 4319548.043, 107
Trd, 4319549.293, 134
Trd, 4319550.443, 117
Trd, 4319552.193, 101
Trd, 4319552.993, 135
Trd, 4319553.643, 140
Trd, 4319554.343, 112
Trd, 4319555.343, 105
Trd, 4319555.593, 116
Trd, 4319555.643, 101
Trd, 4319555.993, 92
Trd, 4319556.893, 116
Trd, 4319557.543, 140
Trd, 4319557.943, 114
Trd, 4319558.743, 139
Trd, 4319559.893, 140
Trd, 4319560.393, 140
Trd, 4319560.643, 140
Trd, 4319561.743, 135
Trd, 4319562.643, 83
Trd, 4319563.393, 138
Trd, 4319563.593, 130
Trd, 4319566.593, 140
Trd, 4319566.893, 137
Trd, 4319567.093, 138
Trd, 4319568.243, 140
Trd, 4319568.693, 140
Trd, 4319569.493, 139
Trd, 4319571.293, 137
Trd, 4319571.443, 135
Trd, 4319571.843, 139
Trd, 4319572.143, 138
Trd, 4319572.643, 121
Trd, 4319573.243, 120
Trd, 4319573.443, 119
Trd, 4319574.893, 78
Trd, 4319575.043, 83
Trd, 4319575.243, 61
Trd, 4319576.443, 60
Trd, 4319577.243, 108
Trd, 4319577.993, 131
Trd, 4319579.543, 138
Trd, 4319579.793, 107
Trd, 4319579.893, 109
Trd, 4319581.493, 131
Trd, 4319582.393, 139
Trd, 4319583.443, 138
Trd, 4319583.643, 137
Trd, 4319583.893, 134
Trd, 4319584.143, 130
Trd, 4319584.393, 129
Trd, 4319584.893, 136
Trd, 4319585.493, 124
Trd, 4319586.543, 140
Trd, 4319587.193, 140
Trd, 4319587.293, 131
Trd, 4319589.593, 139
Trd, 4319589.643, 138
Trd, 4319590.793, 106
Trd, 4319590.843, 102
Trd, 4319591.043, 129
Trd, 4319591.443, 66
Trd, 4319594.493, 139
Trd, 4319595.143, 139
Trd, 4319596.343, 140
Trd, 4319596.393, 140
Trd, 4319596.993, 122
Trd, 4319597.643, 138
Trd, 4319597.693, 120
Trd, 4319598.093, 101
Trd, 4319598.443, 98
Trd, 4319599.293, 113
Trd, 4319599.743, 140
Trd, 4319600.693, 77
Trd, 4319601.943, 126
Trd, 4319603.643, 140
Trd, 4319603.693, 140
Trd, 4319603.943, 140
Trd, 4319604.843, 138
Trd, 4319605.143, 140
Trd, 4319605.443, 139
Trd, 4319606.643, 137
Trd, 4319607.143, 121
Trd, 4319607.943, 137
Trd, 4319610.143, 139
Trd, 4319610.593, 138
Trd, 4319610.743, 138
Trd, 4319610.843, 118
Trd, 4319611.893, 116
Trd, 4319612.293, 126
Trd, 4319612.993, 71
Trd, 4319613.993, 123
Trd, 4319615.493, 140
Trd, 4319616.293, 140
Trd, 4319617.043, 140
Trd, 4319618.243, 137
Trd, 4319618.993, 131
Trd, 4319619.293, 131
Trd, 4319619.493, 136
Trd, 4319620.893, 140
Trd, 4319621.243, 137
Trd, 4319621.843, 97
Trd, 4319623.443, 129
Trd, 4319623.893, 140
Trd, 4319625.993, 140
Trd, 4319626.143, 140
Trd, 4319627.993, 140
Trd, 4319628.243, 139
Trd, 4319628.393, 136
Trd, 4319628.443, 135
Trd, 4319628.543, 103
Trd, 4319628.993, 123
Trd, 4319630.643, 123
Trd, 4319631.193, 72
Trd, 4319631.793, 140
Trd, 4319631.843, 135
Trd, 4319632.793, 122
Trd, 4319633.143, 124
Trd, 4319633.393, 136
Trd, 4319634.143, 63
Trd, 4319634.593, 67
Trd, 4319635.293, 68
Trd, 4319636.493, 106
Trd, 4319638.143, 140
Trd, 4319638.193, 140
Trd, 4319638.593, 90
Trd, 4319639.143, 140
Trd, 4319639.993, 115
Trd, 4319640.543, 137
Trd, 4319641.343, 94
Trd, 4319641.643, 91
Trd, 4319643.343, 91
Trd, 4319644.193, 87
Trd, 4319644.843, 73
Trd, 4319645.043, 83
Trd, 4319645.593, 139
Trd, 4319646.443, 140
Trd, 4319646.693, 137
Trd, 4319647.243, 132
Trd, 4319650.943, 70
Trd, 4319650.993, 81
Trd, 4319651.393, 104
Trd, 4319651.543, 113
Trd, 4319651.843, 60
Trd, 4319651.893, 130
Trd, 4319652.943, 64
Trd, 4319654.593, 120
Trd, 4319655.693, 61
Trd, 4319656.393, 139
Trd, 4319656.743, 133
Trd, 4319656.843, 132
Trd, 4319656.893, 128
Trd, 4319658.143, 121
Trd, 4319659.393, 140
Trd, 4319659.443, 140
Trd, 4319660.543, 140
Trd, 4319660.643, 139
Trd, 4319660.943, 125
Trd, 4319661.493, 132
Trd, 4319662.893, 91
Trd, 4319664.193, 140
Trd, 4319664.543, 123
Trd, 4319664.893, 110
Trd, 4319666.093, 109
Trd, 4319666.343, 102
Trd, 4319666.893, 136
Trd, 4319667.843, 133
Trd, 4319668.293, 140
Trd, 4319668.393, 139
Trd, 4319669.693, 94
Trd, 4319669.793, 83
Trd, 4319670.393, 69
Trd, 4319671.093, 87
Trd, 4319671.293, 96
Trd, 4319671.893, 100
Trd, 4319672.593, 137
Trd, 4319672.793, 139
Trd, 4319673.943, 117
Trd, 4319674.793, 140
Trd, 4319675.093, 100
Trd, 4319675.393, 114
Trd, 4319676.893, 70
Trd, 4319677.493, 70
Trd, 4319678.093, 60
Trd, 4319678.343, 89
Trd, 4319678.893, 122
Trd, 4319679.843, 107
Trd, 4319680.043, 104
Trd, 4319682.043, 60
Trd, 4319682.493, 128
Trd, 4319684.343, 100
Trd, 4319684.793, 137
Trd, 4319685.693, 138
Trd, 4319686.193, 129
Trd, 4319686.593, 140
Trd, 4319687.893, 140
Trd, 4319688.843, 140
Trd, 4319689.443, 139
Trd, 4319689.543, 136
Trd, 4319691.843, 97
Trd, 4319692.093, 134
Trd, 4319693.093, 107
Trd, 4319693.493, 139
Trd, 4319694.643, 126
Trd, 4319695.543, 139
Trd, 4319695.643, 124
Trd, 4319695.893, 104
Trd, 4319697.593, 134
Trd, 4319698.543, 138
Trd, 4319698.743, 134
Trd, 4319698.993, 140
Trd, 4319699.443, 134
Trd, 4319701.043, 140
Trd, 4319701.493, 140
Trd, 4319702.843, 140
Trd, 4319703.143, 103
Trd, 4319703.993, 68
Trd, 4319704.943, 95
Trd, 4319704.993, 94
Trd, 4319706.243, 140
Trd, 4319706.893, 140
Trd, 4319707.193, 140
Trd, 4319707.343, 127
Trd, 4319708.043, 114
Trd, 4319708.493, 110
Trd, 4319709.393, 108
Trd, 4319710.693, 60
Trd, 4319711.593, 90
Trd, 4319712.443, 69
Trd, 4319712.893, 129
Trd, 4319713.843, 61
Trd, 4319714.643, 115
Trd, 4319715.193, 140
Trd, 4319716.293, 140
Trd, 4319716.893, 140
Trd, 4319717.543, 132
Trd, 4319719.643, 140
Trd, 4319719.893, 140
Trd, 4319719.943, 126
Trd, 4319721.393, 140
Trd, 4319722.093, 140
Trd, 4319722.993, 139
Trd, 4319723.443, 127
Trd, 4319724.943, 123
Trd, 4319726.393, 139
Trd, 4319726.493, 139
Trd, 4319727.043, 133
Trd, 4319727.793, 130
Trd, 4319728.243, 131
Trd, 4319728.593, 123
Trd, 4319729.343, 118
Trd, 4319729.493, 117
Trd, 4319729.793, 105
Trd, 4319730.643, 124
Trd, 4319731.843, 125
Trd, 4319732.293, 134
Trd, 4319732.843, 140
Trd, 4319733.843, 115
Trd, 4319734.143, 126
Trd, 4319734.643, 139
Trd, 4319735.943, 140
Trd, 4319737.293, 138
Trd, 4319737.793, 136
Trd, 4319738.943, 140
Trd, 4319739.743, 140
Trd, 4319739.993, 140
Trd, 4319740.343, 129
Trd, 4319740.493, 117
Trd, 4319741.043, 110
Trd, 4319741.543, 138
Trd, 4319742.793, 133
Trd, 4319744.243, 140
Trd, 4319745.343, 140
Trd, 4319745.893, 140
Trd, 4319746.243, 140
Trd, 4319746.893, 134
Trd, 4319747.293, 127
Trd, 4319747.943, 136
Trd, 4319748.143, 133
Trd, 4319748.743, 85
Trd, 4319749.143, 86
Trd, 4319749.393, 140
Trd, 4319750.793, 61
Trd, 4319751.193, 61
Trd, 4319752.093, 86
Trd, 4319752.993, 82
Trd, 4319753.193, 99
Trd, 4319755.993, 140
Trd, 4319756.693, 140
Trd, 4319756.993, 139
Trd, 4319757.143, 138
Trd, 4319758.493, 132
Trd, 4319758.743, 137
Trd, 4319759.743, 86
Trd, 4319760.093, 81
Trd, 4319760.193, 79
Trd, 4319760.293, 97
Trd, 4319761.093, 60
Trd, 4319761.543, 61
Trd, 4319764.143, 139
Trd, 4319764.643, 137
Trd, 4319765.493, 139
Trd, 4319765.643, 133
Trd, 4319765.793, 120
Trd, 4319766.243, 111
Trd, 4319766.293, 110
Trd, 4319768.393, 140
Trd, 4319768.993, 106
Trd, 4319769.193, 139
Trd, 4319769.643, 126
Trd, 4319771.293, 98
Trd, 4319771.643, 140
Trd, 4319772.793, 140
Trd, 4319773.843, 140
Trd, 4319774.293, 140
Trd, 4319774.743, 137
Trd, 4319775.293, 93
Trd, 4319775.643, 65
Trd, 4319777.293, 138
Trd, 4319778.643, 84
Trd, 4319778.893, 72
Trd, 4319779.393, 132
Trd, 4319780.493, 133
Trd, 4319782.743, 138
Trd, 4319782.843, 99
Trd, 4319783.243, 99
Trd, 4319783.793, 105
Trd, 4319784.443, 134
Trd, 4319787.243, 140
Trd, 4319787.643, 140
Trd, 4319788.043, 106
Trd, 4319788.143, 90
Trd, 4319789.693, 116
Trd, 4319789.993, 138
Trd, 4319790.743, 137
Trd, 4319790.843, 78
Trd, 4319791.343, 139
Trd, 4319791.993, 138
Trd, 4319793.193, 113
Trd, 4319793.793, 113
Trd, 4319794.093, 127
Trd, 4319794.943, 140
Trd, 4319796.693, 72
Trd, 4319796.793, 99
Trd, 4319797.643, 128
Trd, 4319798.043, 89
Trd, 4319799.343, 140
Trd, 4319800.093, 139
Trd, 4319800.943, 140
Trd, 4319801.193, 139
Trd, 4319802.293, 133
Trd, 4319803.893, 128
Trd, 4319804.793, 94
Trd, 4319804.893, 104
Trd, 4319805.543, 114
Trd, 4319806.193, 83
Trd, 4319806.893, 132
Trd, 4319806.993, 125
Trd, 4319807.493, 107
Trd, 4319808.243, 138
Trd, 4319810.143, 140
Trd, 4319810.443, 122
Trd, 4319812.393, 140
Trd, 4319813.143, 140
Trd, 4319813.493, 140
Trd, 4319813.843, 138
Trd, 4319814.243, 140
Trd, 4319814.493, 85
Trd, 4319814.943, 123
Trd, 4319815.243, 96
Trd, 4319815.643, 60
Trd, 4319816.943, 140
Trd, 4319817.793, 122
Trd, 4319819.243, 140
Trd, 4319819.843, 139
Trd, 4319820.343, 131
Trd, 4319820.643, 140
Trd, 4319821.593, 137
Trd, 4319821.743, 118
Trd, 4319821.943, 137
Trd, 4319822.643, 135
Trd, 4319824.343, 133
Trd, 4319825.093, 140
Trd, 4319825.793, 140
Trd, 4319826.143, 140
Trd, 4319827.943, 140
Trd, 4319827.993, 139
Trd, 4319828.293, 137
Trd, 4319829.343, 111
Trd, 4319829.393, 104
Trd, 4319830.243, 138
Trd, 4319831.243, 140
Trd, 4319833.193, 138
Trd, 4319833.593, 118
Trd, 4319834.493, 140
Trd, 4319834.943, 126
Trd, 4319834.993, 120
Trd, 4319835.393, 115
Trd, 4319835.643, 139
Trd, 4319836.343, 112
Trd, 4319836.643, 98
Trd, 4319838.643, 140
Trd, 4319838.743, 131
Trd, 4319839.443, 112
Trd, 4319841.643, 95
Trd, 4319842.043, 107
Trd, 4319842.643, 140
Trd, 4319842.843, 83
Trd, 4319843.693, 118
Trd, 4319845.293, 139
Trd, 4319845.893, 124
Trd, 4319847.943, 140
Trd, 4319848.043, 140
Trd, 4319848.293, 118
Trd, 4319848.843, 125
Trd, 4319849.843, 94
Trd, 4319850.643, 116
Trd, 4319851.143, 82
Trd, 4319851.593, 93
Trd, 4319851.843, 79
Trd, 4319853.193, 140
Trd, 4319853.643, 140
Trd, 4319853.993, 140
Trd, 4319854.243, 136
Trd, 4319855.843, 140
Trd, 4319856.043, 128
Trd, 4319856.743, 116
Trd, 4319857.043, 138
Trd, 4319857.743, 114
Trd, 4319858.193, 133
Trd, 4319858.493, 119
Trd, 4319858.943, 140
Trd, 4319859.443, 106
Trd, 4319860.543, 130
Trd, 4319861.443, 115
Trd, 4319861.743, 119
Trd, 4319862.243, 63
Trd, 4319862.943, 68
Trd, 4319863.693, 125
Trd, 4319865.143, 140
Trd, 4319865.393, 116
Trd, 4319866.643, 116
Trd, 4319866.943, 120
Trd, 4319867.143, 102
Trd, 4319868.043, 140
Trd, 4319868.593, 140
Trd, 4319868.993, 140
Trd, 4319869.193, 140
Trd, 4319869.643, 140
Trd, 4319870.643, 137
Trd, 4319871.293, 67
Trd, 4319872.793, 117
Trd, 4319873.093, 139
Trd, 4319873.193, 103
Trd, 4319873.343, 86
Trd, 4319874.193, 107
Trd, 4319876.493, 140
Trd, 4319877.343, 125
Trd, 4319877.493, 102
Trd, 4319878.093, 91
Trd, 4319879.943, 140
Trd, 4319880.793, 140
Trd, 4319880.943, 131
Trd, 4319881.993, 125
Trd, 4319882.493, 119
Trd, 4319882.643, 118
Trd, 4319883.193, 138
Trd, 4319884.843, 140
Trd, 4319885.393, 140
Trd, 4319885.993, 127
Trd, 4319886.493, 111
Trd, 4319886.693, 106
Trd, 4319887.543, 140
Trd, 4319888.643, 123
Trd, 4319889.543, 140
Trd, 4319889.593, 140
Trd, 4319890.093, 106
Trd, 4319891.243, 91
Trd, 4319893.143, 134
Trd, 4319893.543, 140
Trd, 4319894.343, 138
Trd, 4319895.543, 131
Trd, 4319896.243, 132
Trd, 4319897.293, 138
Trd, 4319898.193, 137
Trd, 4319898.343, 140
Trd, 4319899.293, 138
Trd, 4319899.393, 116
Trd, 4319900.393, 119
Trd, 4319900.643, 139
Trd, 4319902.093, 137
Trd, 4319902.293, 136
Trd, 4319903.743, 124
Trd, 4319904.043, 116
Trd, 4319905.093, 140
Trd, 4319906.343, 140
Trd, 4319906.443, 138
Trd, 4319908.543, 140
Trd, 4319909.793, 140
Trd, 4319909.993, 138
Trd, 4319910.643, 140
Trd, 4319911.093, 137
Trd, 4319911.443, 140
Trd, 4319912.243, 130
Trd, 4319912.993, 113
Trd, 4319915.493, 140
Trd, 4319916.243, 140
Trd, 4319917.243, 139
Trd, 4319917.643, 137
Trd, 4319918.293, 140
Trd, 4319918.343, 128
Trd, 4319920.493, 77
Trd, 4319920.693, 85
Trd, 4319920.993, 62
Trd, 4319921.743, 60
Trd, 4319922.443, 139
Trd, 4319922.593, 125
Trd, 4319924.393, 140
Trd, 4319925.893, 134
Trd, 4319926.493, 81
Trd, 4319927.543, 140
Trd, 4319927.943, 140
Trd, 4319929.743, 140
Trd, 4319930.243, 140
Trd, 4319931.443, 129
Trd, 4319931.993, 101
Trd, 4319932.393, 133
Trd, 4319932.543, 75
Trd, 4319933.743, 139
Trd, 4319934.643, 139
Trd, 4319934.843, 60
Trd, 4319936.843, 62
Trd, 4319938.143, 65
Trd, 4319938.643, 125
Trd, 4319939.293, 138
Trd, 4319939.343, 126
Trd, 4319939.393, 118
Trd, 4319941.443, 140
Trd, 4319942.293, 140
Trd, 4319943.143, 140
Trd, 4319944.143, 140
Trd, 4319944.493, 140
Trd, 4319946.093, 140
Trd, 4319946.793, 140
Trd, 4319948.443, 140
Trd, 4319949.543, 139
Trd, 4319949.643, 132
Trd, 4319950.093, 135
Trd, 4319950.543, 135
Trd, 4319951.293, 134
Trd, 4319952.093, 128
Trd, 4319952.393, 95
Trd, 4319954.193, 140
Trd, 4319954.343, 140
Trd, 4319954.893, 116
Trd, 4319955.593, 85
Trd, 4319956.643, 140
Trd, 4319957.443, 121
Trd, 4319957.943, 120
Trd, 4319959.043, 138
Trd, 4319959.743, 140
Trd, 4319960.343, 140
Trd, 4319961.143, 109
Trd, 4319961.793, 107
Trd, 4319961.893, 110
Trd, 4319962.093, 105
Trd, 4319963.443, 107
Trd, 4319963.543, 109
Trd, 4319964.393, 109
Trd, 4319964.643, 135
Trd, 4319966.243, 139
Trd, 4319966.293, 107
Trd, 4319967.443, 140
Trd, 4319968.243, 140
Trd, 4319968.443, 136
Trd, 4319969.443, 120
Trd, 4319970.293, 139
Trd, 4319970.993, 134
Trd, 4319971.043, 104
Trd, 4319971.993, 140
Trd, 4319972.393, 140
Trd, 4319973.743, 75
Trd, 4319974.493, 125
Trd, 4319974.593, 73
Trd, 4319975.093, 129
Trd, 4319975.693, 140
Trd, 4319976.543, 61
Trd, 4319977.243, 65
Trd, 4319978.643, 139
Trd, 4319978.843, 123
Trd, 4319979.843, 126
Trd, 4319980.093, 123
Trd, 4319980.943, 140
Trd, 4319981.593, 122
Trd, 4319981.943, 89
Trd, 4319984.143, 132
Trd, 4319984.843, 139
Trd, 4319985.193, 132
Trd, 4319985.543, 140
Trd, 4319985.593, 109
Trd, 4319986.593, 140
Trd, 4319987.043, 73
Trd, 4319988.093, 115
Trd, 4319988.443, 114
Trd, 4319988.893, 118
Trd, 4319990.443, 137
Trd, 4319991.293, 139
Trd, 4319992.543, 125
Trd, 4319992.993, 116
Trd, 4319995.343, 140
Trd, 4319995.893, 140
Trd, 4319995.943, 140
Trd, 4319996.993, 139
Trd, 4319997.043, 131
Trd, 4319999.293, 140
