Trd, 4318105.543, 140
Trd, 4318106.193, 140
Trd, 4318108.443, 140
Trd, 4318108.543, 140
Trd, 4318109.393, 140
Trd, 4318109.993, 140
Trd, 4318110.143, 140
Trd, 4318110.393, 140
Trd, 4318111.493, 140
Trd, 4318111.743, 140
Trd, 4318112.743, 140
Trd, 4318112.793, 140
Trd, 4318112.993, 140
Trd, 4318113.143, 140
Trd, 4318114.343, 139
Trd, 4318114.493, 139
Trd, 4318116.143, 140
Trd, 4318116.643, 140
Trd, 4318118.293, 140
Trd, 4318118.543, 140
Trd, 4318119.143, 140
Trd, 4318119.643, 140
Trd, 4318119.843, 140
Trd, 4318120.743, 140
Trd, 4318122.543, 140
Trd, 4318123.343, 140
Trd, 4318123.743, 140
Trd, 4318124.543, 140
Trd, 4318124.593, 140
Trd, 4318125.543, 140
Trd, 4318126.793, 140
Trd, 4318127.743, 140
Trd, 4318127.893, 140
Trd, 4318128.143, 140
Trd, 4318129.093, 140
Trd, 4318131.243, 139
Trd, 4318131.293, 136
Trd, 4318131.393, 122
Trd, 4318132.093, 68
Trd, 4318133.393, 60
Trd, 4318134.043, 60
Trd, 4318134.493, 60
Trd, 4318134.843, 62
Trd, 4318136.493, 65
Trd, 4318137.693, 140
Trd, 4318137.993, 140
Trd, 4318138.343, 140
Trd, 4318138.643, 140
Trd, 4318140.043, 140
Trd, 4318140.293, 140
Trd, 4318141.393, 140
Trd, 4318143.743, 140
Trd, 4318144.293, 140
Trd, 4318144.393, 140
Trd, 4318144.893, 140
Trd, 4318145.693, 140
Trd, 4318146.343, 139
Trd, 4318147.043, 140
Trd, 4318148.693, 140
Trd, 4318149.793, 140
Trd, 4318151.493, 140
Trd, 4318152.543, 140
Trd, 4318152.693, 140
Trd, 4318153.593, 140
Trd, 4318154.143, 140
Trd, 4318155.443, 140
Trd, 4318155.493, 140
Trd, 4318155.893, 140
Trd, 4318156.343, 140
Trd, 4318156.693, 140
Trd, 4318157.293, 140
Trd, 4318159.443, 140
Trd, 4318160.043, 140
Trd, 4318160.443, 140
Trd, 4318160.543, 138
Trd, 4318160.743, 140
Trd, 4318161.993, 140
Trd, 4318162.043, 140
Trd, 4318162.193, 140
Trd, 4318163.543, 131
Trd, 4318165.143, 140
Trd, 4318165.393, 140
Trd, 4318167.343, 140
Trd, 4318167.443, 140
Trd, 4318167.593, 140
Trd, 4318167.743, 140
Trd, 4318167.993, 140
Trd, 4318169.043, 140
Trd, 4318169.193, 140
Trd, 4318169.943, 139
Trd, 4318170.443, 140
Trd, 4318170.993, 140
Trd, 4318171.743, 140
Trd, 4318172.643, 140
Trd, 4318174.343, 140
Trd, 4318174.843, 140
Trd, 4318175.393, 140
Trd, 4318175.693, 140
Trd, 4318177.043, 140
Trd, 4318177.793, 140
Trd, 4318179.043, 140
Trd, 4318179.493, 140
Trd, 4318180.143, 140
Trd, 4318180.493, 140
Trd, 4318180.693, 140
Trd, 4318181.043, 140
Trd, 4318183.043, 140
Trd, 4318183.093, 140
Trd, 4318184.243, 140
Trd, 4318184.743, 140
Trd, 4318186.593, 140
Trd, 4318187.543, 140
Trd, 4318187.593, 140
Trd, 4318188.443, 140
Trd, 4318188.643, 140
Trd, 4318190.293, 140
Trd, 4318190.493, 140
Trd, 4318191.193, 140
Trd, 4318191.893, 140
Trd, 4318192.893, 140
Trd, 4318194.443, 140
Trd, 4318194.843, 140
Trd, 4318194.943, 140
Trd, 4318195.393, 140
Trd, 4318196.493, 140
Trd, 4318197.643, 140
Trd, 4318198.193, 140
Trd, 4318198.893, 140
Trd, 4318199.593, 140
Trd, 4318199.793, 140
Trd, 4318200.993, 140
Trd, 4318201.393, 140
Trd, 4318202.193, 140
Trd, 4318202.593, 140
Trd, 4318203.743, 139
Trd, 4318204.743, 140
Trd, 4318205.843, 140
Trd, 4318206.243, 140
Trd, 4318206.793, 140
Trd, 4318206.893, 123
Trd, 4318207.843, 140
Trd, 4318209.043, 140
Trd, 4318209.393, 140
Trd, 4318209.493, 140
Trd, 4318209.543, 140
Trd, 4318211.393, 140
Trd, 4318212.343, 140
Trd, 4318212.743, 140
Trd, 4318213.493, 140
Trd, 4318213.893, 140
Trd, 4318214.893, 140
Trd, 4318215.393, 140
Trd, 4318217.943, 140
Trd, 4318218.493, 140
Trd, 4318219.043, 140
Trd, 4318219.093, 140
Trd, 4318220.593, 140
Trd, 4318220.943, 140
Trd, 4318221.843, 140
Trd, 4318222.693, 140
Trd, 4318222.893, 140
Trd, 4318223.293, 140
Trd, 4318224.393, 140
Trd, 4318224.543, 140
Trd, 4318225.093, 140
Trd, 4318226.243, 140
Trd, 4318227.393, 140
Trd, 4318227.893, 140
Trd, 4318228.743, 140
Trd, 4318228.893, 140
Trd, 4318230.193, 140
Trd, 4318230.793, 140
Trd, 4318231.193, 140
Trd, 4318231.993, 140
Trd, 4318233.443, 140
Trd, 4318233.943, 140
Trd, 4318234.143, 139
Trd, 4318234.993, 140
Trd, 4318235.143, 138
Trd, 4318235.993, 139
Trd, 4318236.493, 68
Trd, 4318237.093, 140
Trd, 4318237.593, 140
Trd, 4318239.893, 60
Trd, 4318240.543, 60
Trd, 4318242.543, 60
Trd, 4318245.093, 60
Trd, 4318245.443, 60
Trd, 4318245.693, 61
Trd, 4318246.043, 64
Trd, 4318246.093, 83
Trd, 4318246.743, 61
Trd, 4318247.243, 99
Trd, 4318247.443, 65
Trd, 4318247.843, 100
Trd, 4318248.693, 65
Trd, 4318248.743, 64
Trd, 4318250.193, 67
Trd, 4318250.593, 67
Trd, 4318250.843, 68
Trd, 4318250.943, 70
Trd, 4318251.293, 69
Trd, 4318252.043, 68
Trd, 4318252.293, 78
Trd, 4318253.843, 140
Trd, 4318253.943, 140
Trd, 4318254.193, 140
Trd, 4318255.993, 140
Trd, 4318256.243, 140
Trd, 4318256.893, 140
Trd, 4318257.643, 139
Trd, 4318258.443, 138
Trd, 4318258.543, 138
Trd, 4318259.693, 140
Trd, 4318260.593, 124
Trd, 4318260.743, 112
Trd, 4318263.043, 134
Trd, 4318263.793, 62
Trd, 4318264.043, 88
Trd, 4318265.393, 63
Trd, 4318267.393, 60
Trd, 4318267.543, 60
Trd, 4318267.943, 69
Trd, 4318268.543, 140
Trd, 4318269.943, 140
Trd, 4318270.493, 140
Trd, 4318270.643, 140
Trd, 4318271.043, 140
Trd, 4318271.793, 140
Trd, 4318272.043, 140
Trd, 4318272.493, 140
Trd, 4318273.393, 140
Trd, 4318273.443, 140
Trd, 4318273.793, 139
Trd, 4318274.543, 140
Trd, 4318274.593, 139
Trd, 4318275.393, 139
Trd, 4318275.693, 139
Trd, 4318275.743, 123
Trd, 4318277.643, 60
Trd, 4318279.193, 122
Trd, 4318279.793, 109
Trd, 4318281.843, 60
Trd, 4318282.343, 60
Trd, 4318282.543, 60
Trd, 4318282.643, 60
Trd, 4318283.343, 62
Trd, 4318283.793, 69
Trd, 4318283.993, 62
Trd, 4318284.343, 68
Trd, 4318285.693, 65
Trd, 4318286.943, 140
Trd, 4318287.043, 65
Trd, 4318287.993, 73
Trd, 4318288.193, 72
Trd, 4318288.343, 137
Trd, 4318288.993, 140
Trd, 4318290.643, 140
Trd, 4318290.793, 140
Trd, 4318290.993, 140
Trd, 4318292.243, 140
Trd, 4318293.943, 140
Trd, 4318294.093, 140
Trd, 4318295.143, 140
Trd, 4318295.693, 140
Trd, 4318295.893, 140
Trd, 4318296.193, 140
Trd, 4318298.593, 140
Trd, 4318298.643, 140
Trd, 4318298.693, 140
Trd, 4318298.793, 140
Trd, 4318298.943, 140
Trd, 4318300.693, 129
Trd, 4318301.493, 138
Trd, 4318301.943, 137
Trd, 4318302.293, 132
Trd, 4318304.893, 140
Trd, 4318305.693, 140
Trd, 4318305.843, 140
Trd, 4318306.793, 140
Trd, 4318307.393, 140
Trd, 4318307.793, 140
Trd, 4318307.843, 140
Trd, 4318308.793, 140
Trd, 4318308.843, 140
Trd, 4318309.393, 140
Trd, 4318311.293, 140
Trd, 4318311.593, 140
Trd, 4318312.843, 140
Trd, 4318313.243, 140
Trd, 4318313.443, 128
Trd, 4318313.843, 122
Trd, 4318314.843, 60
Trd, 4318315.743, 60
Trd, 4318315.943, 60
Trd, 4318318.093, 63
Trd, 4318320.743, 60
Trd, 4318321.193, 60
Trd, 4318321.593, 60
Trd, 4318321.643, 60
Trd, 4318322.493, 60
Trd, 4318324.543, 65
Trd, 4318324.743, 66
Trd, 4318325.293, 66
Trd, 4318325.393, 65
Trd, 4318325.793, 60
Trd, 4318325.943, 65
Trd, 4318327.793, 140
Trd, 4318327.843, 140
Trd, 4318328.043, 140
Trd, 4318328.643, 140
Trd, 4318328.843, 140
Trd, 4318331.293, 60
Trd, 4318332.093, 60
Trd, 4318332.343, 60
Trd, 4318332.993, 60
Trd, 4318333.443, 64
Trd, 4318334.343, 60
Trd, 4318335.843, 64
Trd, 4318335.993, 63
Trd, 4318337.743, 60
Trd, 4318339.093, 60
Trd, 4318340.143, 60
Trd, 4318340.193, 60
Trd, 4318340.643, 61
Trd, 4318341.143, 66
Trd, 4318341.543, 63
Trd, 4318343.993, 140
Trd, 4318344.693, 140
Trd, 4318345.093, 140
Trd, 4318345.393, 140
Trd, 4318345.643, 140
Trd, 4318345.893, 140
Trd, 4318346.493, 140
Trd, 4318347.343, 111
Trd, 4318350.643, 140
Trd, 4318352.243, 140
Trd, 4318352.593, 140
Trd, 4318352.743, 140
Trd, 4318353.593, 140
Trd, 4318354.143, 140
Trd, 4318354.893, 140
Trd, 4318355.443, 140
Trd, 4318355.593, 138
Trd, 4318356.043, 122
Trd, 4318357.393, 138
Trd, 4318358.243, 140
Trd, 4318358.393, 140
Trd, 4318360.293, 140
Trd, 4318361.693, 140
Trd, 4318361.743, 140
Trd, 4318361.843, 140
Trd, 4318361.943, 140
Trd, 4318364.043, 140
Trd, 4318364.543, 140
Trd, 4318364.693, 140
Trd, 4318364.943, 140
Trd, 4318365.643, 140
Trd, 4318366.543, 140
Trd, 4318366.843, 139
Trd, 4318367.193, 138
Trd, 4318367.743, 140
Trd, 4318368.143, 122
Trd, 4318368.543, 64
Trd, 4318370.493, 61
Trd, 4318373.343, 60
Trd, 4318374.043, 62
Trd, 4318374.193, 60
Trd, 4318374.393, 61
Trd, 4318374.443, 63
Trd, 4318374.493, 119
Trd, 4318376.593, 61
Trd, 4318377.243, 63
Trd, 4318377.393, 61
Trd, 4318378.093, 62
Trd, 4318378.593, 61
Trd, 4318378.693, 84
Trd, 4318379.093, 61
Trd, 4318380.043, 60
Trd, 4318382.093, 60
Trd, 4318382.243, 60
Trd, 4318382.693, 68
Trd, 4318383.993, 140
Trd, 4318384.893, 140
Trd, 4318385.993, 140
Trd, 4318386.343, 140
Trd, 4318386.693, 140
Trd, 4318386.943, 138
Trd, 4318388.043, 140
Trd, 4318388.743, 139
Trd, 4318388.993, 138
Trd, 4318390.243, 140
Trd, 4318390.543, 140
Trd, 4318392.093, 140
Trd, 4318392.593, 140
Trd, 4318393.743, 140
Trd, 4318394.993, 140
Trd, 4318395.543, 140
Trd, 4318396.293, 140
Trd, 4318397.893, 140
Trd, 4318398.293, 140
Trd, 4318399.943, 140
Trd, 4318400.993, 140
Trd, 4318401.493, 140
Trd, 4318402.293, 140
Trd, 4318402.343, 140
Trd, 4318402.943, 140
Trd, 4318403.043, 140
Trd, 4318403.293, 139
Trd, 4318404.743, 133
Trd, 4318405.393, 115
Trd, 4318405.893, 66
Trd, 4318407.093, 61
Trd, 4318407.193, 62
Trd, 4318407.293, 66
Trd, 4318407.593, 67
Trd, 4318408.293, 65
Trd, 4318410.593, 140
Trd, 4318410.743, 140
Trd, 4318411.593, 138
Trd, 4318412.943, 140
Trd, 4318413.143, 140
Trd, 4318413.743, 140
Trd, 4318414.843, 140
Trd, 4318416.243, 140
Trd, 4318416.343, 140
Trd, 4318416.593, 140
Trd, 4318418.293, 140
Trd, 4318418.693, 140
Trd, 4318419.943, 140
Trd, 4318420.293, 140
Trd, 4318420.593, 140
Trd, 4318421.643, 140
Trd, 4318423.143, 140
Trd, 4318424.143, 140
Trd, 4318424.743, 140
Trd, 4318425.643, 140
Trd, 4318426.093, 140
Trd, 4318426.143, 140
Trd, 4318428.643, 140
Trd, 4318429.043, 140
Trd, 4318430.343, 140
Trd, 4318430.743, 140
Trd, 4318431.343, 140
Trd, 4318431.543, 140
Trd, 4318432.993, 140
Trd, 4318433.143, 140
Trd, 4318433.343, 140
Trd, 4318434.443, 140
Trd, 4318436.843, 140
Trd, 4318437.043, 140
Trd, 4318437.143, 140
Trd, 4318438.193, 140
Trd, 4318440.143, 140
Trd, 4318440.793, 140
Trd, 4318441.943, 140
Trd, 4318442.443, 140
Trd, 4318443.793, 140
Trd, 4318444.493, 140
Trd, 4318444.693, 140
Trd, 4318445.293, 140
Trd, 4318445.843, 140
Trd, 4318447.693, 140
Trd, 4318448.143, 140
Trd, 4318449.343, 140
Trd, 4318450.043, 140
Trd, 4318450.493, 140
Trd, 4318452.043, 140
Trd, 4318452.543, 140
Trd, 4318452.593, 140
Trd, 4318452.793, 140
Trd, 4318453.993, 140
Trd, 4318454.743, 140
Trd, 4318455.593, 140
Trd, 4318455.743, 140
Trd, 4318457.693, 140
Trd, 4318458.943, 140
Trd, 4318459.243, 140
Trd, 4318459.843, 140
Trd, 4318460.043, 140
Trd, 4318460.393, 140
Trd, 4318461.693, 140
Trd, 4318462.243, 140
Trd, 4318462.443, 140
Trd, 4318462.843, 140
Trd, 4318463.793, 140
Trd, 4318465.893, 140
Trd, 4318466.743, 140
Trd, 4318467.693, 140
Trd, 4318468.443, 140
Trd, 4318470.593, 140
Trd, 4318471.093, 140
Trd, 4318471.593, 140
Trd, 4318472.293, 140
Trd, 4318474.093, 140
Trd, 4318474.243, 140
Trd, 4318474.343, 140
Trd, 4318474.843, 140
Trd, 4318475.843, 140
Trd, 4318476.043, 140
Trd, 4318476.943, 140
Trd, 4318477.193, 140
Trd, 4318477.443, 140
Trd, 4318479.343, 140
Trd, 4318479.393, 140
Trd, 4318480.093, 123
Trd, 4318480.843, 140
Trd, 4318481.843, 140
Trd, 4318482.393, 140
Trd, 4318483.343, 140
Trd, 4318484.093, 140
Trd, 4318484.743, 140
Trd, 4318485.043, 140
Trd, 4318485.593, 140
Trd, 4318486.143, 140
Trd, 4318487.793, 140
Trd, 4318488.193, 140
Trd, 4318489.343, 140
Trd, 4318489.793, 140
Trd, 4318489.943, 138
Trd, 4318491.443, 140
Trd, 4318491.593, 140
Trd, 4318492.393, 140
Trd, 4318493.043, 140
Trd, 4318493.293, 140
Trd, 4318494.043, 140
Trd, 4318494.093, 140
Trd, 4318494.393, 140
Trd, 4318495.193, 61
Trd, 4318496.493, 62
Trd, 4318498.843, 60
Trd, 4318499.143, 60
Trd, 4318499.343, 60
Trd, 4318500.343, 62
Trd, 4318500.693, 64
Trd, 4318500.843, 64
Trd, 4318501.043, 65
Trd, 4318501.293, 69
Trd, 4318502.743, 71
Trd, 4318504.043, 73
Trd, 4318504.093, 96
Trd, 4318504.443, 96
Trd, 4318505.293, 76
Trd, 4318505.343, 73
Trd, 4318505.543, 71
Trd, 4318508.293, 63
Trd, 4318508.643, 60
Trd, 4318511.543, 60
Trd, 4318512.043, 61
Trd, 4318513.993, 60
Trd, 4318515.093, 61
Trd, 4318515.143, 62
Trd, 4318516.093, 64
Trd, 4318516.193, 63
Trd, 4318516.443, 75
Trd, 4318517.843, 140
Trd, 4318519.443, 140
Trd, 4318519.493, 140
Trd, 4318519.543, 140
Trd, 4318520.493, 140
Trd, 4318520.843, 140
Trd, 4318520.893, 140
Trd, 4318521.643, 140
Trd, 4318522.743, 140
Trd, 4318522.793, 140
Trd, 4318522.893, 137
Trd, 4318523.593, 60
Trd, 4318524.543, 67
Trd, 4318526.893, 60
Trd, 4318526.943, 60
Trd, 4318526.993, 63
Trd, 4318527.943, 60
Trd, 4318531.143, 60
Trd, 4318531.193, 60
Trd, 4318531.593, 60
Trd, 4318531.893, 62
Trd, 4318532.643, 64
Trd, 4318532.893, 63
Trd, 4318533.543, 66
Trd, 4318534.893, 103
Trd, 4318535.443, 105
Trd, 4318535.493, 75
Trd, 4318535.893, 81
Trd, 4318536.893, 140
Trd, 4318538.843, 140
Trd, 4318539.043, 140
Trd, 4318541.393, 140
Trd, 4318542.393, 140
Trd, 4318542.493, 140
Trd, 4318543.493, 140
Trd, 4318544.093, 140
Trd, 4318544.943, 140
Trd, 4318546.643, 140
Trd, 4318546.843, 140
Trd, 4318547.443, 140
Trd, 4318547.793, 140
Trd, 4318548.093, 140
Trd, 4318548.393, 140
Trd, 4318549.193, 140
Trd, 4318549.243, 139
Trd, 4318550.393, 140
Trd, 4318550.593, 140
Trd, 4318550.743, 123
Trd, 4318553.643, 60
Trd, 4318553.943, 60
Trd, 4318554.093, 68
Trd, 4318556.343, 65
Trd, 4318557.443, 60
Trd, 4318558.593, 61
Trd, 4318560.093, 60
Trd, 4318560.293, 61
Trd, 4318560.593, 62
Trd, 4318560.943, 61
Trd, 4318561.193, 66
Trd, 4318561.943, 140
Trd, 4318562.393, 140
Trd, 4318562.743, 140
Trd, 4318562.943, 99
Trd, 4318564.693, 139
Trd, 4318565.243, 64
Trd, 4318566.793, 60
Trd, 4318567.093, 62
Trd, 4318567.393, 62
Trd, 4318567.443, 64
Trd, 4318567.893, 61
Trd, 4318568.293, 61
Trd, 4318569.243, 140
Trd, 4318571.143, 140
Trd, 4318571.193, 140
Trd, 4318571.693, 140
Trd, 4318572.093, 140
Trd, 4318572.593, 140
Trd, 4318574.193, 140
Trd, 4318574.243, 140
Trd, 4318574.293, 140
Trd, 4318575.543, 140
Trd, 4318576.193, 140
Trd, 4318576.993, 140
Trd, 4318577.893, 140
Trd, 4318579.443, 140
Trd, 4318579.943, 140
Trd, 4318580.293, 140
Trd, 4318580.893, 140
Trd, 4318582.343, 140
Trd, 4318582.743, 140
Trd, 4318584.143, 140
Trd, 4318584.493, 140
Trd, 4318585.043, 140
Trd, 4318586.643, 140
Trd, 4318587.193, 140
Trd, 4318588.993, 140
Trd, 4318590.043, 140
Trd, 4318590.093, 140
Trd, 4318591.443, 140
Trd, 4318591.493, 140
Trd, 4318591.693, 140
Trd, 4318591.843, 140
Trd, 4318592.993, 140
Trd, 4318593.643, 140
Trd, 4318594.543, 140
Trd, 4318594.593, 140
Trd, 4318596.393, 140
Trd, 4318598.193, 140
Trd, 4318598.743, 140
Trd, 4318598.843, 139
Trd, 4318600.843, 140
Trd, 4318601.693, 140
Trd, 4318602.043, 140
Trd, 4318602.293, 140
Trd, 4318603.693, 140
Trd, 4318605.893, 140
Trd, 4318605.993, 140
Trd, 4318607.243, 140
Trd, 4318607.343, 140
Trd, 4318608.093, 140
Trd, 4318608.843, 140
Trd, 4318610.343, 140
Trd, 4318611.643, 140
Trd, 4318611.743, 140
Trd, 4318612.843, 140
Trd, 4318613.043, 140
Trd, 4318613.993, 140
Trd, 4318614.193, 140
Trd, 4318615.093, 140
Trd, 4318615.893, 140
Trd, 4318616.443, 140
Trd, 4318616.493, 140
Trd, 4318616.743, 140
Trd, 4318617.593, 140
Trd, 4318618.643, 140
Trd, 4318620.693, 140
Trd, 4318621.193, 140
Trd, 4318621.393, 139
Trd, 4318622.243, 139
Trd, 4318622.693, 140
Trd, 4318624.043, 140
Trd, 4318624.543, 140
Trd, 4318624.993, 140
Trd, 4318625.443, 140
Trd, 4318625.593, 140
Trd, 4318625.643, 140
Trd, 4318627.943, 64
Trd, 4318629.443, 60
Trd, 4318629.643, 63
Trd, 4318630.943, 65
Trd, 4318631.193, 66
Trd, 4318631.293, 64
Trd, 4318631.443, 65
Trd, 4318632.093, 140
Trd, 4318632.543, 138
Trd, 4318633.243, 70
Trd, 4318633.443, 71
Trd, 4318633.693, 72
Trd, 4318635.293, 78
Trd, 4318635.543, 77
Trd, 4318635.743, 76
Trd, 4318637.093, 139
Trd, 4318637.893, 137
Trd, 4318638.193, 139
Trd, 4318639.343, 140
Trd, 4318641.043, 140
Trd, 4318642.193, 140
Trd, 4318642.393, 140
Trd, 4318642.943, 140
Trd, 4318643.343, 139
Trd, 4318643.743, 139
Trd, 4318644.243, 140
Trd, 4318646.743, 140
Trd, 4318647.493, 140
Trd, 4318647.593, 140
Trd, 4318648.443, 140
Trd, 4318649.193, 140
Trd, 4318649.643, 140
Trd, 4318650.943, 140
Trd, 4318651.643, 140
Trd, 4318652.693, 140
Trd, 4318652.793, 140
Trd, 4318654.093, 140
Trd, 4318654.893, 140
Trd, 4318656.293, 140
Trd, 4318656.843, 140
Trd, 4318658.293, 140
Trd, 4318658.393, 140
Trd, 4318659.793, 140
Trd, 4318660.793, 140
Trd, 4318661.093, 140
Trd, 4318661.443, 140
Trd, 4318661.643, 140
Trd, 4318663.593, 140
Trd, 4318664.543, 140
Trd, 4318664.843, 140
Trd, 4318665.143, 140
Trd, 4318665.243, 139
Trd, 4318665.643, 137
Trd, 4318666.143, 137
Trd, 4318666.893, 140
Trd, 4318667.843, 140
Trd, 4318669.043, 140
Trd, 4318669.193, 140
Trd, 4318670.243, 140
Trd, 4318671.943, 140
Trd, 4318672.443, 140
Trd, 4318673.493, 140
Trd, 4318673.793, 138
Trd, 4318674.443, 140
Trd, 4318674.843, 140
Trd, 4318674.993, 140
Trd, 4318676.143, 140
Trd, 4318676.343, 140
Trd, 4318676.493, 140
Trd, 4318676.893, 140
Trd, 4318677.993, 140
Trd, 4318678.543, 140
Trd, 4318679.943, 115
Trd, 4318681.893, 85
Trd, 4318683.943, 60
Trd, 4318684.743, 60
Trd, 4318684.993, 62
Trd, 4318686.643, 60
Trd, 4318686.693, 72
Trd, 4318687.843, 67
Trd, 4318687.893, 68
Trd, 4318687.943, 64
Trd, 4318688.043, 86
Trd, 4318689.793, 71
Trd, 4318689.943, 62
Trd, 4318690.543, 62
Trd, 4318691.193, 61
Trd, 4318692.443, 69
Trd, 4318692.543, 70
Trd, 4318693.543, 62
Trd, 4318693.693, 61
Trd, 4318693.793, 72
Trd, 4318695.093, 61
Trd, 4318695.743, 61
Trd, 4318696.443, 140
Trd, 4318696.843, 140
Trd, 4318697.593, 140
Trd, 4318698.843, 140
Trd, 4318699.093, 140
Trd, 4318699.543, 140
Trd, 4318699.643, 139
Trd, 4318700.243, 112
Trd, 4318701.393, 140
Trd, 4318704.943, 140
Trd, 4318705.193, 140
Trd, 4318705.243, 140
Trd, 4318705.443, 140
Trd, 4318705.493, 140
Trd, 4318705.743, 139
Trd, 4318706.543, 140
Trd, 4318706.743, 124
Trd, 4318708.393, 139
Trd, 4318710.143, 140
Trd, 4318710.693, 140
Trd, 4318710.893, 140
Trd, 4318712.493, 140
Trd, 4318713.393, 140
Trd, 4318713.493, 140
Trd, 4318713.893, 140
Trd, 4318714.293, 140
Trd, 4318714.393, 139
Trd, 4318714.993, 139
Trd, 4318716.643, 140
Trd, 4318716.743, 140
Trd, 4318718.093, 111
Trd, 4318718.143, 110
Trd, 4318719.543, 140
Trd, 4318719.643, 140
Trd, 4318720.443, 140
Trd, 4318720.493, 138
Trd, 4318721.293, 140
Trd, 4318722.393, 140
Trd, 4318722.743, 140
Trd, 4318723.343, 140
Trd, 4318724.493, 140
Trd, 4318724.793, 140
Trd, 4318725.143, 140
Trd, 4318727.393, 140
Trd, 4318728.293, 140
Trd, 4318728.593, 138
Trd, 4318729.593, 140
Trd, 4318729.643, 140
Trd, 4318729.943, 140
Trd, 4318729.993, 122
Trd, 4318730.493, 140
Trd, 4318731.443, 140
Trd, 4318732.943, 140
Trd, 4318734.393, 140
Trd, 4318735.043, 140
Trd, 4318735.093, 140
Trd, 4318735.293, 140
Trd, 4318735.693, 138
Trd, 4318737.243, 137
Trd, 4318737.443, 121
Trd, 4318738.043, 140
Trd, 4318738.393, 139
Trd, 4318739.143, 110
Trd, 4318742.043, 140
Trd, 4318743.293, 140
Trd, 4318743.493, 140
Trd, 4318743.843, 140
Trd, 4318744.243, 140
Trd, 4318744.693, 140
Trd, 4318746.193, 140
Trd, 4318746.593, 140
Trd, 4318747.393, 140
Trd, 4318748.693, 140
Trd, 4318749.993, 140
Trd, 4318750.843, 140
Trd, 4318751.093, 140
Trd, 4318751.993, 140
Trd, 4318752.643, 140
Trd, 4318754.193, 140
Trd, 4318754.343, 140
Trd, 4318754.493, 140
Trd, 4318754.693, 139
Trd, 4318756.743, 140
Trd, 4318756.893, 140
Trd, 4318758.743, 121
Trd, 4318759.243, 120
Trd, 4318759.343, 140
Trd, 4318759.493, 140
Trd, 4318763.093, 140
Trd, 4318763.593, 140
Trd, 4318764.493, 140
Trd, 4318764.593, 140
Trd, 4318765.293, 140
Trd, 4318766.043, 140
Trd, 4318766.143, 139
Trd, 4318767.993, 140
Trd, 4318769.093, 140
Trd, 4318769.243, 140
Trd, 4318770.643, 140
Trd, 4318770.843, 140
Trd, 4318771.443, 140
Trd, 4318773.193, 140
Trd, 4318773.343, 140
Trd, 4318773.643, 140
Trd, 4318774.193, 140
Trd, 4318775.293, 140
Trd, 4318775.843, 140
Trd, 4318776.293, 140
Trd, 4318777.493, 140
Trd, 4318777.643, 140
Trd, 4318779.293, 140
Trd, 4318779.943, 140
Trd, 4318781.043, 140
Trd, 4318782.893, 140
Trd, 4318783.143, 140
Trd, 4318783.443, 140
Trd, 4318783.943, 140
Trd, 4318784.393, 140
Trd, 4318784.643, 140
Trd, 4318784.843, 140
Trd, 4318785.543, 140
Trd, 4318785.993, 140
Trd, 4318786.593, 77
Trd, 4318787.243, 77
Trd, 4318789.443, 69
Trd, 4318789.843, 60
Trd, 4318790.093, 139
Trd, 4318792.393, 60
Trd, 4318792.443, 62
Trd, 4318792.543, 60
Trd, 4318792.693, 60
Trd, 4318793.943, 64
Trd, 4318794.243, 65
Trd, 4318795.893, 139
Trd, 4318796.243, 76
Trd, 4318796.843, 140
Trd, 4318796.893, 140
Trd, 4318798.593, 140
Trd, 4318800.293, 140
Trd, 4318801.243, 140
Trd, 4318801.793, 140
Trd, 4318801.893, 140
Trd, 4318802.743, 140
Trd, 4318802.893, 140
Trd, 4318803.493, 140
Trd, 4318803.693, 140
Trd, 4318805.743, 140
Trd, 4318806.043, 140
Trd, 4318806.543, 140
Trd, 4318806.743, 140
Trd, 4318807.693, 140
Trd, 4318808.893, 140
Trd, 4318810.643, 140
Trd, 4318812.243, 140
Trd, 4318812.843, 140
Trd, 4318813.143, 140
Trd, 4318813.193, 140
Trd, 4318814.543, 140
Trd, 4318814.893, 140
Trd, 4318815.093, 140
Trd, 4318816.043, 140
Trd, 4318816.843, 140
Trd, 4318818.293, 140
Trd, 4318818.543, 140
Trd, 4318820.543, 140
Trd, 4318821.343, 140
Trd, 4318822.243, 140
Trd, 4318822.343, 140
Trd, 4318823.893, 140
Trd, 4318824.243, 140
Trd, 4318824.443, 140
Trd, 4318824.693, 140
Trd, 4318825.593, 140
Trd, 4318826.493, 140
Trd, 4318827.343, 140
Trd, 4318827.493, 140
Trd, 4318827.643, 140
Trd, 4318828.943, 140
Trd, 4318829.443, 139
Trd, 4318830.343, 123
Trd, 4318831.643, 114
Trd, 4318831.743, 113
Trd, 4318832.493, 140
Trd, 4318834.293, 140
Trd, 4318834.943, 140
Trd, 4318835.093, 140
Trd, 4318836.143, 140
Trd, 4318837.643, 140
Trd, 4318837.743, 140
Trd, 4318838.593, 140
Trd, 4318838.993, 140
Trd, 4318840.543, 140
Trd, 4318840.893, 140
Trd, 4318841.893, 140
Trd, 4318843.143, 140
Trd, 4318843.643, 140
Trd, 4318843.843, 140
Trd, 4318845.693, 140
Trd, 4318845.793, 140
Trd, 4318845.843, 140
Trd, 4318847.043, 140
Trd, 4318848.193, 140
Trd, 4318849.143, 140
Trd, 4318849.793, 140
Trd, 4318851.043, 140
Trd, 4318851.143, 140
Trd, 4318851.293, 140
Trd, 4318852.243, 140
Trd, 4318853.843, 140
Trd, 4318853.993, 140
Trd, 4318855.493, 140
Trd, 4318855.793, 140
Trd, 4318856.043, 140
Trd, 4318856.543, 140
Trd, 4318857.343, 140
Trd, 4318857.393, 140
Trd, 4318858.143, 140
Trd, 4318858.293, 140
Trd, 4318859.193, 140
Trd, 4318859.943, 140
Trd, 4318862.143, 140
Trd, 4318863.593, 140
Trd, 4318863.693, 140
Trd, 4318863.893, 140
Trd, 4318864.043, 140
Trd, 4318864.993, 140
Trd, 4318865.543, 140
Trd, 4318866.243, 140
Trd, 4318866.643, 140
Trd, 4318868.993, 140
Trd, 4318869.043, 140
Trd, 4318869.143, 140
Trd, 4318869.543, 124
Trd, 4318869.893, 60
Trd, 4318870.393, 66
Trd, 4318871.743, 60
Trd, 4318872.393, 66
Trd, 4318872.793, 64
Trd, 4318872.993, 63
Trd, 4318873.743, 140
Trd, 4318874.343, 140
Trd, 4318874.843, 139
Trd, 4318875.293, 135
Trd, 4318875.493, 122
Trd, 4318877.993, 60
Trd, 4318879.193, 60
Trd, 4318880.443, 60
Trd, 4318880.643, 60
Trd, 4318882.193, 60
Trd, 4318882.543, 61
Trd, 4318883.143, 63
Trd, 4318883.793, 63
Trd, 4318883.943, 64
Trd, 4318884.093, 140
Trd, 4318884.643, 140
Trd, 4318884.893, 63
Trd, 4318885.293, 138
Trd, 4318886.593, 139
Trd, 4318888.493, 60
Trd, 4318888.793, 60
Trd, 4318889.843, 68
Trd, 4318890.493, 60
Trd, 4318891.543, 60
Trd, 4318891.993, 60
Trd, 4318892.643, 65
Trd, 4318893.493, 61
Trd, 4318894.643, 66
Trd, 4318895.193, 70
Trd, 4318896.743, 140
Trd, 4318897.093, 140
Trd, 4318897.743, 140
Trd, 4318899.243, 140
Trd, 4318899.443, 140
Trd, 4318899.843, 140
Trd, 4318902.193, 140
Trd, 4318903.343, 140
Trd, 4318903.793, 140
Trd, 4318903.993, 140
Trd, 4318905.243, 140
Trd, 4318907.393, 140
Trd, 4318907.643, 140
Trd, 4318909.043, 140
Trd, 4318909.143, 140
Trd, 4318909.243, 140
Trd, 4318910.443, 140
Trd, 4318912.293, 140
Trd, 4318913.443, 140
Trd, 4318913.593, 140
Trd, 4318914.543, 140
Trd, 4318914.743, 140
Trd, 4318915.193, 140
Trd, 4318916.593, 140
Trd, 4318916.643, 140
Trd, 4318917.393, 140
Trd, 4318918.193, 140
Trd, 4318918.393, 140
Trd, 4318919.593, 140
Trd, 4318921.093, 140
Trd, 4318921.193, 140
Trd, 4318922.043, 140
Trd, 4318923.593, 140
Trd, 4318925.243, 140
Trd, 4318925.793, 140
Trd, 4318925.943, 140
Trd, 4318925.993, 139
Trd, 4318928.393, 140
Trd, 4318929.593, 140
Trd, 4318930.043, 140
Trd, 4318930.093, 140
Trd, 4318930.293, 140
Trd, 4318930.543, 140
Trd, 4318931.943, 140
Trd, 4318932.943, 140
Trd, 4318933.193, 140
Trd, 4318933.443, 140
Trd, 4318934.043, 140
Trd, 4318935.193, 140
Trd, 4318936.493, 140
Trd, 4318937.643, 140
Trd, 4318937.743, 140
Trd, 4318938.743, 140
Trd, 4318939.043, 140
Trd, 4318939.093, 140
Trd, 4318939.193, 140
Trd, 4318939.543, 140
Trd, 4318940.193, 140
Trd, 4318940.593, 140
Trd, 4318941.243, 140
Trd, 4318941.943, 140
Trd, 4318942.993, 140
Trd, 4318944.793, 140
Trd, 4318945.143, 140
Trd, 4318945.893, 140
Trd, 4318946.243, 140
Trd, 4318946.843, 140
Trd, 4318947.493, 140
Trd, 4318948.843, 140
Trd, 4318949.893, 140
Trd, 4318950.143, 140
Trd, 4318950.443, 140
Trd, 4318951.093, 140
Trd, 4318952.443, 140
Trd, 4318953.093, 140
Trd, 4318953.293, 140
Trd, 4318953.993, 140
Trd, 4318955.143, 140
Trd, 4318955.843, 140
Trd, 4318956.993, 140
Trd, 4318957.843, 140
Trd, 4318958.693, 140
Trd, 4318959.443, 140
Trd, 4318959.743, 140
Trd, 4318959.843, 140
Trd, 4318960.193, 140
Trd, 4318960.893, 140
Trd, 4318963.593, 140
Trd, 4318963.643, 140
Trd, 4318964.493, 140
Trd, 4318964.893, 140
Trd, 4318964.993, 140
Trd, 4318966.393, 139
Trd, 4318966.843, 139
Trd, 4318968.893, 140
Trd, 4318969.943, 140
Trd, 4318970.243, 140
Trd, 4318970.643, 140
Trd, 4318971.493, 140
Trd, 4318972.543, 140
Trd, 4318973.493, 140
Trd, 4318973.843, 140
Trd, 4318974.943, 140
Trd, 4318975.093, 140
Trd, 4318976.493, 140
Trd, 4318977.043, 140
Trd, 4318978.243, 140
Trd, 4318978.593, 140
Trd, 4318979.293, 139
Trd, 4318980.293, 138
Trd, 4318980.693, 140
Trd, 4318980.943, 140
Trd, 4318982.143, 140
Trd, 4318982.593, 140
Trd, 4318983.343, 135
Trd, 4318984.743, 140
Trd, 4318984.793, 140
Trd, 4318985.193, 140
Trd, 4318986.043, 140
Trd, 4318986.843, 140
Trd, 4318987.443, 140
Trd, 4318988.793, 140
Trd, 4318988.843, 140
Trd, 4318989.843, 140
Trd, 4318989.943, 140
Trd, 4318990.693, 140
Trd, 4318991.143, 140
Trd, 4318991.343, 140
Trd, 4318992.843, 140
Trd, 4318993.293, 140
Trd, 4318993.693, 137
Trd, 4318994.393, 137
Trd, 4318994.843, 137
Trd, 4318996.143, 63
Trd, 4318997.443, 104
Trd, 4318998.843, 60
Trd, 4319000.193, 61
Trd, 4319001.493, 60
Trd, 4319001.993, 60
Trd, 4319002.143, 62
Trd, 4319002.543, 62
Trd, 4319003.043, 62
Trd, 4319003.693, 63
Trd, 4319004.193, 64
Trd, 4319004.493, 139
Trd, 4319005.543, 71
Trd, 4319006.193, 69
Trd, 4319006.593, 105
Trd, 4319007.343, 106
Trd, 4319007.643, 75
Trd, 4319008.393, 140
Trd, 4319009.493, 60
Trd, 4319011.243, 60
Trd, 4319011.593, 61
Trd, 4319013.243, 63
Trd, 4319015.793, 60
Trd, 4319016.093, 60
Trd, 4319016.243, 61
Trd, 4319016.293, 61
Trd, 4319016.843, 63
Trd, 4319017.393, 64
Trd, 4319017.793, 67
Trd, 4319018.393, 137
Trd, 4319019.793, 69
Trd, 4319021.143, 76
Trd, 4319021.293, 130
Trd, 4319021.843, 91
Trd, 4319023.793, 140
Trd, 4319023.943, 140
Trd, 4319024.593, 140
Trd, 4319025.543, 140
Trd, 4319026.193, 140
Trd, 4319026.393, 140
Trd, 4319026.593, 140
Trd, 4319027.543, 140
Trd, 4319027.943, 140
Trd, 4319028.493, 140
Trd, 4319029.343, 140
Trd, 4319030.493, 140
Trd, 4319031.093, 140
Trd, 4319031.493, 140
Trd, 4319031.893, 140
Trd, 4319032.143, 140
Trd, 4319032.993, 139
Trd, 4319034.293, 139
Trd, 4319034.643, 123
Trd, 4319035.243, 140
Trd, 4319036.193, 140
Trd, 4319036.393, 140
Trd, 4319037.293, 140
Trd, 4319038.843, 140
Trd, 4319039.193, 140
Trd, 4319039.443, 140
Trd, 4319039.593, 140
Trd, 4319040.843, 140
Trd, 4319041.643, 140
Trd, 4319042.243, 140
Trd, 4319043.143, 140
Trd, 4319046.643, 140
Trd, 4319046.693, 140
Trd, 4319046.743, 140
Trd, 4319046.893, 140
Trd, 4319047.643, 140
Trd, 4319048.243, 140
Trd, 4319049.243, 140
Trd, 4319049.593, 140
Trd, 4319050.543, 140
Trd, 4319051.993, 140
Trd, 4319052.143, 140
Trd, 4319053.443, 140
Trd, 4319054.143, 140
Trd, 4319054.293, 140
Trd, 4319055.193, 140
Trd, 4319055.543, 138
Trd, 4319056.493, 140
Trd, 4319058.143, 140
Trd, 4319058.443, 140
Trd, 4319058.693, 139
Trd, 4319061.793, 140
Trd, 4319062.043, 140
Trd, 4319062.543, 140
Trd, 4319063.043, 140
Trd, 4319064.293, 140
Trd, 4319065.293, 140
Trd, 4319066.393, 140
Trd, 4319067.043, 140
Trd, 4319067.093, 140
Trd, 4319067.143, 140
Trd, 4319068.443, 140
Trd, 4319068.993, 140
Trd, 4319069.043, 140
Trd, 4319070.343, 140
Trd, 4319070.593, 140
Trd, 4319071.443, 140
Trd, 4319072.043, 140
Trd, 4319072.243, 140
Trd, 4319073.693, 140
Trd, 4319074.293, 140
Trd, 4319074.693, 140
Trd, 4319074.843, 140
Trd, 4319074.993, 139
Trd, 4319077.443, 140
Trd, 4319077.893, 140
Trd, 4319078.893, 140
Trd, 4319079.193, 140
Trd, 4319079.893, 140
Trd, 4319079.993, 140
Trd, 4319080.543, 140
Trd, 4319080.743, 140
Trd, 4319081.293, 140
Trd, 4319081.493, 140
Trd, 4319082.443, 140
Trd, 4319082.943, 112
Trd, 4319084.143, 140
Trd, 4319085.593, 140
Trd, 4319085.643, 140
Trd, 4319086.493, 140
Trd, 4319087.693, 140
Trd, 4319088.493, 140
Trd, 4319088.543, 140
Trd, 4319088.593, 140
Trd, 4319090.693, 140
Trd, 4319090.743, 139
Trd, 4319091.443, 140
Trd, 4319092.743, 140
Trd, 4319094.143, 140
Trd, 4319095.443, 140
Trd, 4319095.593, 140
Trd, 4319095.643, 140
Trd, 4319098.093, 140
Trd, 4319098.593, 140
Trd, 4319099.343, 140
Trd, 4319099.743, 140
Trd, 4319099.793, 140
Trd, 4319099.943, 140
Trd, 4319101.693, 140
Trd, 4319101.743, 140
Trd, 4319101.793, 139
Trd, 4319102.593, 140
Trd, 4319103.243, 140
Trd, 4319104.243, 140
Trd, 4319104.643, 138
Trd, 4319105.043, 137
Trd, 4319105.093, 140
Trd, 4319105.543, 137
Trd, 4319106.793, 139
Trd, 4319107.543, 140
Trd, 4319107.743, 140
Trd, 4319108.693, 140
Trd, 4319108.793, 140
Trd, 4319110.643, 140
Trd, 4319110.943, 140
Trd, 4319111.843, 140
Trd, 4319114.093, 140
Trd, 4319114.793, 140
Trd, 4319115.443, 140
Trd, 4319116.143, 140
Trd, 4319116.443, 140
Trd, 4319117.043, 139
Trd, 4319118.043, 140
Trd, 4319118.993, 140
Trd, 4319120.093, 140
Trd, 4319120.843, 140
Trd, 4319121.243, 140
Trd, 4319121.593, 140
Trd, 4319123.243, 140
Trd, 4319123.593, 140
Trd, 4319124.243, 140
Trd, 4319124.343, 140
Trd, 4319124.843, 140
Trd, 4319126.493, 140
Trd, 4319126.643, 140
Trd, 4319126.893, 140
Trd, 4319129.043, 140
Trd, 4319129.343, 140
Trd, 4319131.093, 140
Trd, 4319131.343, 140
Trd, 4319132.993, 140
Trd, 4319133.293, 140
Trd, 4319133.643, 140
Trd, 4319133.743, 140
Trd, 4319134.243, 140
Trd, 4319136.843, 140
Trd, 4319137.343, 140
Trd, 4319138.993, 140
Trd, 4319139.743, 140
Trd, 4319140.293, 140
Trd, 4319140.443, 140
Trd, 4319142.093, 140
Trd, 4319142.943, 140
Trd, 4319143.093, 140
Trd, 4319143.393, 140
Trd, 4319143.643, 140
Trd, 4319144.093, 140
Trd, 4319144.793, 140
Trd, 4319146.043, 140
Trd, 4319147.343, 140
Trd, 4319147.593, 140
Trd, 4319147.943, 140
Trd, 4319148.393, 140
Trd, 4319149.343, 140
Trd, 4319150.643, 140
Trd, 4319151.493, 140
Trd, 4319151.643, 140
Trd, 4319152.493, 140
Trd, 4319153.093, 140
Trd, 4319155.143, 140
Trd, 4319155.993, 140
Trd, 4319156.143, 140
Trd, 4319156.343, 140
Trd, 4319156.943, 140
Trd, 4319159.493, 140
Trd, 4319160.093, 140
Trd, 4319160.843, 140
Trd, 4319160.993, 139
Trd, 4319162.043, 61
Trd, 4319163.293, 140
Trd, 4319163.443, 140
Trd, 4319163.793, 140
Trd, 4319164.493, 140
Trd, 4319165.493, 140
Trd, 4319165.543, 140
Trd, 4319165.593, 140
Trd, 4319166.643, 140
Trd, 4319168.143, 140
Trd, 4319168.393, 140
Trd, 4319169.243, 140
Trd, 4319169.793, 140
Trd, 4319170.193, 140
Trd, 4319171.143, 140
Trd, 4319171.493, 139
Trd, 4319171.843, 138
Trd, 4319172.193, 138
Trd, 4319172.393, 126
Trd, 4319173.193, 60
Trd, 4319173.443, 140
Trd, 4319177.043, 60
Trd, 4319177.643, 60
Trd, 4319178.293, 60
Trd, 4319178.793, 60
Trd, 4319179.493, 60
Trd, 4319179.543, 61
Trd, 4319180.393, 64
Trd, 4319180.593, 61
Trd, 4319181.193, 67
Trd, 4319182.743, 92
Trd, 4319183.193, 125
Trd, 4319183.293, 126
Trd, 4319183.793, 61
Trd, 4319184.343, 62
Trd, 4319184.993, 64
Trd, 4319185.893, 63
Trd, 4319186.093, 63
Trd, 4319186.843, 62
Trd, 4319188.643, 83
Trd, 4319188.993, 83
Trd, 4319189.743, 92
Trd, 4319189.943, 131
Trd, 4319190.793, 140
Trd, 4319191.343, 140
Trd, 4319192.043, 140
Trd, 4319192.643, 140
Trd, 4319192.843, 140
Trd, 4319193.193, 140
Trd, 4319194.243, 140
Trd, 4319194.293, 140
Trd, 4319195.193, 140
Trd, 4319195.893, 140
Trd, 4319196.493, 140
Trd, 4319197.843, 140
Trd, 4319199.793, 140
Trd, 4319200.293, 140
Trd, 4319200.793, 140
Trd, 4319202.893, 140
Trd, 4319203.343, 140
Trd, 4319205.193, 140
Trd, 4319205.693, 140
Trd, 4319206.193, 140
Trd, 4319206.693, 140
Trd, 4319207.043, 140
Trd, 4319208.093, 140
Trd, 4319208.293, 140
Trd, 4319208.693, 140
Trd, 4319209.193, 139
Trd, 4319210.043, 124
Trd, 4319211.593, 140
Trd, 4319212.743, 140
Trd, 4319214.843, 140
Trd, 4319214.993, 140
Trd, 4319215.343, 140
Trd, 4319215.543, 140
Trd, 4319215.643, 139
Trd, 4319216.893, 140
Trd, 4319217.293, 139
Trd, 4319218.543, 140
Trd, 4319220.193, 140
Trd, 4319220.243, 140
Trd, 4319221.543, 140
Trd, 4319221.993, 140
Trd, 4319222.043, 140
Trd, 4319222.743, 140
Trd, 4319224.293, 140
Trd, 4319224.543, 140
Trd, 4319225.743, 140
Trd, 4319226.243, 140
Trd, 4319227.793, 140
Trd, 4319227.993, 140
Trd, 4319228.693, 140
Trd, 4319229.743, 140
Trd, 4319229.843, 140
Trd, 4319230.743, 140
Trd, 4319232.243, 140
Trd, 4319232.443, 140
Trd, 4319233.293, 140
Trd, 4319234.393, 140
Trd, 4319234.693, 140
Trd, 4319235.943, 140
Trd, 4319236.293, 140
Trd, 4319237.243, 132
Trd, 4319237.443, 132
Trd, 4319238.843, 140
Trd, 4319238.893, 139
Trd, 4319239.343, 138
Trd, 4319239.743, 138
Trd, 4319240.843, 140
Trd, 4319241.143, 140
Trd, 4319242.093, 140
Trd, 4319243.093, 140
Trd, 4319243.743, 140
Trd, 4319244.793, 140
Trd, 4319246.093, 140
Trd, 4319247.843, 140
Trd, 4319247.943, 140
Trd, 4319249.393, 140
Trd, 4319249.743, 140
Trd, 4319250.643, 140
Trd, 4319251.343, 140
Trd, 4319251.693, 140
Trd, 4319252.993, 140
Trd, 4319253.493, 140
Trd, 4319253.743, 140
Trd, 4319254.793, 140
Trd, 4319256.043, 140
Trd, 4319256.543, 140
Trd, 4319256.643, 140
Trd, 4319256.693, 122
Trd, 4319257.343, 140
Trd, 4319258.293, 140
Trd, 4319258.443, 140
Trd, 4319258.793, 140
Trd, 4319259.293, 140
Trd, 4319261.193, 140
Trd, 4319262.393, 140
Trd, 4319262.443, 140
Trd, 4319262.943, 140
Trd, 4319263.343, 140
Trd, 4319263.893, 140
Trd, 4319265.243, 140
Trd, 4319266.143, 140
Trd, 4319266.793, 140
Trd, 4319266.893, 140
Trd, 4319267.793, 140
Trd, 4319268.843, 140
Trd, 4319270.143, 140
Trd, 4319270.493, 140
Trd, 4319271.743, 140
Trd, 4319271.793, 140
Trd, 4319272.243, 140
Trd, 4319273.443, 140
Trd, 4319274.993, 140
Trd, 4319275.143, 140
Trd, 4319276.493, 140
Trd, 4319277.393, 140
Trd, 4319277.543, 140
Trd, 4319278.193, 140
Trd, 4319278.493, 136
Trd, 4319279.243, 139
Trd, 4319280.693, 63
Trd, 4319282.493, 60
Trd, 4319283.143, 60
Trd, 4319284.143, 60
Trd, 4319284.443, 60
Trd, 4319284.943, 63
Trd, 4319285.543, 64
Trd, 4319285.743, 60
Trd, 4319286.443, 60
Trd, 4319287.393, 60
Trd, 4319288.193, 60
Trd, 4319288.543, 61
Trd, 4319289.793, 60
Trd, 4319290.993, 60
Trd, 4319291.343, 60
Trd, 4319294.243, 60
Trd, 4319294.993, 60
Trd, 4319296.043, 60
Trd, 4319296.543, 61
Trd, 4319297.743, 60
Trd, 4319298.093, 62
Trd, 4319298.793, 62
Trd, 4319298.993, 63
Trd, 4319299.043, 65
Trd, 4319299.243, 140
Trd, 4319300.343, 83
Trd, 4319301.293, 60
Trd, 4319302.493, 60
Trd, 4319302.893, 60
Trd, 4319304.093, 139
Trd, 4319305.943, 140
Trd, 4319306.193, 140
Trd, 4319306.443, 140
Trd, 4319306.643, 140
Trd, 4319307.393, 140
Trd, 4319307.843, 139
Trd, 4319309.543, 60
Trd, 4319310.543, 140
Trd, 4319310.643, 140
Trd, 4319310.693, 139
Trd, 4319310.993, 140
Trd, 4319311.943, 69
Trd, 4319312.993, 61
Trd, 4319314.193, 62
Trd, 4319314.243, 62
Trd, 4319317.093, 60
Trd, 4319317.693, 60
Trd, 4319317.893, 60
Trd, 4319317.993, 60
Trd, 4319318.293, 140
Trd, 4319318.543, 140
Trd, 4319318.693, 139
Trd, 4319319.743, 60
Trd, 4319320.293, 61
Trd, 4319320.993, 66
Trd, 4319321.643, 68
Trd, 4319322.043, 67
Trd, 4319322.243, 140
Trd, 4319323.193, 85
Trd, 4319324.143, 86
Trd, 4319324.793, 86
Trd, 4319325.343, 105
Trd, 4319325.443, 85
Trd, 4319325.693, 140
Trd, 4319327.843, 140
Trd, 4319327.893, 139
Trd, 4319329.493, 140
Trd, 4319330.193, 140
Trd, 4319331.293, 140
Trd, 4319332.693, 140
Trd, 4319332.893, 140
Trd, 4319333.293, 140
Trd, 4319333.493, 140
Trd, 4319334.393, 140
Trd, 4319334.893, 140
Trd, 4319335.493, 140
Trd, 4319335.893, 139
Trd, 4319336.893, 140
Trd, 4319337.543, 140
Trd, 4319339.243, 140
Trd, 4319339.793, 140
Trd, 4319339.993, 140
Trd, 4319340.193, 140
Trd, 4319340.743, 140
Trd, 4319341.893, 140
Trd, 4319342.893, 140
Trd, 4319343.193, 140
Trd, 4319344.043, 139
Trd, 4319344.093, 139
Trd, 4319345.143, 140
Trd, 4319345.193, 140
Trd, 4319346.193, 140
Trd, 4319346.643, 140
Trd, 4319349.143, 140
Trd, 4319349.343, 140
Trd, 4319349.443, 140
Trd, 4319349.543, 139
Trd, 4319350.293, 140
Trd, 4319350.593, 140
Trd, 4319351.543, 140
Trd, 4319353.143, 140
Trd, 4319353.693, 140
Trd, 4319353.893, 139
Trd, 4319355.243, 140
Trd, 4319355.593, 140
Trd, 4319356.343, 140
Trd, 4319356.393, 140
Trd, 4319356.443, 138
Trd, 4319356.793, 137
Trd, 4319360.393, 140
Trd, 4319360.443, 140
Trd, 4319361.943, 140
Trd, 4319362.043, 140
Trd, 4319362.193, 140
Trd, 4319362.443, 140
Trd, 4319363.293, 140
Trd, 4319363.943, 140
Trd, 4319363.993, 140
Trd, 4319364.243, 140
Trd, 4319364.593, 122
Trd, 4319366.593, 140
Trd, 4319367.793, 140
Trd, 4319368.343, 140
Trd, 4319368.943, 140
Trd, 4319369.343, 140
Trd, 4319369.943, 140
Trd, 4319370.193, 140
Trd, 4319371.493, 140
Trd, 4319373.043, 140
Trd, 4319373.243, 140
Trd, 4319373.343, 140
Trd, 4319373.443, 140
Trd, 4319374.543, 140
Trd, 4319374.643, 140
Trd, 4319375.043, 140
Trd, 4319375.993, 105
Trd, 4319376.243, 139
Trd, 4319377.293, 139
Trd, 4319377.693, 137
Trd, 4319378.093, 103
Trd, 4319379.293, 140
Trd, 4319379.493, 103
Trd, 4319380.893, 106
Trd, 4319380.993, 105
Trd, 4319382.143, 138
Trd, 4319382.443, 104
Trd, 4319382.643, 140
Trd, 4319384.093, 140
Trd, 4319384.643, 140
Trd, 4319386.593, 140
Trd, 4319387.043, 140
Trd, 4319388.143, 140
Trd, 4319388.493, 140
Trd, 4319389.543, 140
Trd, 4319391.143, 140
Trd, 4319391.443, 140
Trd, 4319392.093, 140
Trd, 4319392.193, 140
Trd, 4319392.993, 140
Trd, 4319393.743, 140
Trd, 4319393.893, 140
Trd, 4319394.343, 140
Trd, 4319394.893, 140
Trd, 4319395.843, 140
Trd, 4319397.993, 140
Trd, 4319398.493, 140
Trd, 4319399.043, 140
Trd, 4319399.093, 140
Trd, 4319399.193, 139
Trd, 4319400.543, 140
Trd, 4319400.743, 140
Trd, 4319401.043, 140
Trd, 4319401.643, 139
Trd, 4319403.593, 140
Trd, 4319404.093, 140
Trd, 4319404.443, 140
Trd, 4319405.293, 140
Trd, 4319405.593, 140
Trd, 4319406.843, 140
Trd, 4319407.593, 140
Trd, 4319407.643, 140
Trd, 4319407.843, 140
Trd, 4319409.493, 140
Trd, 4319410.993, 140
Trd, 4319412.843, 140
Trd, 4319413.043, 140
Trd, 4319413.093, 140
Trd, 4319414.343, 140
Trd, 4319414.443, 140
Trd, 4319415.143, 140
Trd, 4319415.543, 140
Trd, 4319416.043, 140
Trd, 4319416.343, 140
Trd, 4319417.243, 140
Trd, 4319419.243, 140
Trd, 4319420.543, 140
Trd, 4319421.143, 140
Trd, 4319421.293, 140
Trd, 4319421.843, 138
Trd, 4319422.243, 138
Trd, 4319423.643, 140
Trd, 4319426.193, 140
Trd, 4319426.693, 140
Trd, 4319427.193, 140
Trd, 4319428.043, 140
Trd, 4319429.093, 140
Trd, 4319429.293, 140
Trd, 4319429.793, 140
Trd, 4319430.493, 140
Trd, 4319431.393, 140
Trd, 4319432.893, 140
Trd, 4319433.543, 140
Trd, 4319433.943, 140
Trd, 4319434.243, 140
Trd, 4319435.193, 139
Trd, 4319435.393, 140
Trd, 4319435.693, 140
Trd, 4319436.643, 140
Trd, 4319437.543, 140
Trd, 4319437.993, 140
Trd, 4319438.593, 139
Trd, 4319439.643, 140
Trd, 4319439.743, 139
Trd, 4319441.243, 140
Trd, 4319441.843, 140
Trd, 4319441.943, 140
Trd, 4319443.093, 140
Trd, 4319443.543, 140
Trd, 4319443.693, 140
Trd, 4319445.893, 140
Trd, 4319446.893, 140
Trd, 4319447.093, 140
Trd, 4319447.343, 140
Trd, 4319447.843, 139
Trd, 4319448.293, 140
Trd, 4319448.393, 139
Trd, 4319449.393, 140
Trd, 4319449.743, 140
Trd, 4319450.343, 140
Trd, 4319451.793, 140
Trd, 4319452.543, 140
Trd, 4319452.693, 140
Trd, 4319454.043, 140
Trd, 4319454.643, 140
Trd, 4319455.643, 140
Trd, 4319456.443, 140
Trd, 4319457.743, 140
Trd, 4319458.043, 140
Trd, 4319458.443, 140
Trd, 4319458.493, 140
Trd, 4319458.893, 139
Trd, 4319460.593, 140
Trd, 4319461.043, 140
Trd, 4319461.443, 140
Trd, 4319461.943, 140
Trd, 4319462.643, 140
Trd, 4319463.943, 140
Trd, 4319464.193, 140
Trd, 4319464.843, 140
Trd, 4319466.693, 140
Trd, 4319467.093, 140
Trd, 4319467.143, 140
Trd, 4319467.443, 140
Trd, 4319467.543, 140
Trd, 4319469.043, 140
Trd, 4319469.393, 140
Trd, 4319469.643, 140
Trd, 4319470.343, 140
Trd, 4319471.493, 140
Trd, 4319472.343, 140
Trd, 4319472.743, 140
Trd, 4319472.943, 140
Trd, 4319475.043, 140
Trd, 4319475.543, 140
Trd, 4319475.843, 140
Trd, 4319476.343, 140
Trd, 4319477.893, 140
Trd, 4319478.243, 140
Trd, 4319478.293, 140
Trd, 4319478.843, 140
Trd, 4319479.643, 140
Trd, 4319481.143, 140
Trd, 4319481.843, 140
Trd, 4319481.993, 140
Trd, 4319482.993, 140
Trd, 4319483.293, 140
Trd, 4319483.493, 140
Trd, 4319484.243, 140
Trd, 4319484.893, 140
Trd, 4319486.443, 140
Trd, 4319487.793, 140
Trd, 4319487.893, 140
Trd, 4319488.093, 140
Trd, 4319489.793, 140
Trd, 4319491.393, 140
Trd, 4319491.493, 140
Trd, 4319491.543, 140
Trd, 4319492.043, 140
Trd, 4319492.293, 140
Trd, 4319492.443, 140
Trd, 4319493.293, 65
Trd, 4319493.943, 66
Trd, 4319494.243, 68
Trd, 4319494.843, 87
Trd, 4319496.843, 140
Trd, 4319497.143, 140
Trd, 4319497.243, 140
Trd, 4319497.943, 140
Trd, 4319498.493, 140
Trd, 4319498.593, 140
Trd, 4319499.993, 140
Trd, 4319501.193, 140
Trd, 4319501.943, 140
Trd, 4319504.143, 140
Trd, 4319504.893, 140
Trd, 4319504.943, 140
Trd, 4319505.093, 140
Trd, 4319505.393, 140
Trd, 4319506.943, 140
Trd, 4319507.093, 140
Trd, 4319508.993, 140
Trd, 4319509.393, 140
Trd, 4319509.993, 140
Trd, 4319510.043, 140
Trd, 4319510.493, 140
Trd, 4319510.743, 139
Trd, 4319511.043, 139
Trd, 4319511.593, 139
Trd, 4319512.443, 104
Trd, 4319513.693, 139
Trd, 4319514.243, 130
Trd, 4319515.343, 140
Trd, 4319516.043, 140
Trd, 4319516.293, 140
Trd, 4319516.893, 140
Trd, 4319517.243, 140
Trd, 4319518.743, 140
Trd, 4319519.243, 140
Trd, 4319519.793, 140
Trd, 4319520.243, 140
Trd, 4319520.443, 140
Trd, 4319521.343, 140
Trd, 4319522.193, 140
Trd, 4319523.893, 140
Trd, 4319524.893, 140
Trd, 4319525.443, 140
Trd, 4319527.443, 140
Trd, 4319527.543, 140
Trd, 4319528.693, 140
Trd, 4319528.743, 140
Trd, 4319529.843, 140
Trd, 4319529.943, 140
Trd, 4319530.743, 140
Trd, 4319531.143, 140
Trd, 4319531.293, 140
Trd, 4319532.343, 140
Trd, 4319534.243, 140
Trd, 4319534.343, 140
Trd, 4319534.593, 140
Trd, 4319535.793, 140
Trd, 4319536.243, 140
Trd, 4319537.593, 140
Trd, 4319537.643, 140
Trd, 4319537.843, 140
Trd, 4319538.443, 140
Trd, 4319539.493, 70
Trd, 4319540.343, 61
Trd, 4319540.493, 62
Trd, 4319542.743, 140
Trd, 4319542.843, 140
Trd, 4319543.043, 140
Trd, 4319543.193, 140
Trd, 4319545.843, 139
Trd, 4319546.293, 140
Trd, 4319546.493, 140
Trd, 4319547.443, 140
Trd, 4319547.493, 140
Trd, 4319550.093, 140
Trd, 4319550.893, 140
Trd, 4319550.943, 140
Trd, 4319552.793, 140
Trd, 4319553.343, 140
Trd, 4319553.493, 140
Trd, 4319553.543, 140
Trd, 4319554.743, 140
Trd, 4319554.843, 140
Trd, 4319556.193, 140
Trd, 4319556.393, 140
Trd, 4319558.593, 140
Trd, 4319559.043, 140
Trd, 4319559.893, 140
Trd, 4319560.843, 140
Trd, 4319561.693, 140
Trd, 4319562.593, 140
Trd, 4319563.493, 140
Trd, 4319563.893, 140
Trd, 4319563.993, 140
Trd, 4319564.543, 140
Trd, 4319566.343, 140
Trd, 4319566.893, 140
Trd, 4319567.093, 140
Trd, 4319568.043, 140
Trd, 4319568.193, 138
Trd, 4319568.393, 137
Trd, 4319569.143, 128
Trd, 4319569.193, 101
Trd, 4319569.743, 95
Trd, 4319570.143, 95
Trd, 4319570.693, 131
Trd, 4319570.793, 133
Trd, 4319574.093, 136
Trd, 4319575.193, 60
Trd, 4319575.443, 140
Trd, 4319575.743, 140
Trd, 4319577.343, 140
Trd, 4319577.543, 140
Trd, 4319578.493, 140
Trd, 4319578.543, 140
Trd, 4319579.643, 140
Trd, 4319579.793, 140
Trd, 4319580.443, 140
Trd, 4319580.693, 140
Trd, 4319581.393, 139
Trd, 4319582.743, 140
Trd, 4319583.493, 140
Trd, 4319584.693, 140
Trd, 4319584.893, 140
Trd, 4319585.743, 140
Trd, 4319587.493, 140
Trd, 4319587.543, 140
Trd, 4319587.943, 140
Trd, 4319589.693, 140
Trd, 4319589.943, 140
Trd, 4319592.143, 140
Trd, 4319592.743, 140
Trd, 4319593.343, 140
Trd, 4319593.993, 140
Trd, 4319594.243, 140
Trd, 4319594.893, 140
Trd, 4319595.043, 140
Trd, 4319595.293, 140
Trd, 4319595.593, 140
Trd, 4319595.693, 140
Trd, 4319596.493, 140
Trd, 4319598.343, 140
Trd, 4319598.793, 140
Trd, 4319599.243, 140
Trd, 4319599.793, 140
Trd, 4319601.143, 140
Trd, 4319601.793, 140
Trd, 4319601.843, 140
Trd, 4319602.443, 140
Trd, 4319602.493, 140
Trd, 4319603.643, 140
Trd, 4319606.043, 140
Trd, 4319606.143, 140
Trd, 4319606.393, 140
Trd, 4319608.993, 140
Trd, 4319609.293, 140
Trd, 4319611.243, 140
Trd, 4319611.693, 140
Trd, 4319612.993, 140
Trd, 4319613.393, 140
Trd, 4319613.693, 140
Trd, 4319613.843, 140
Trd, 4319613.993, 122
Trd, 4319614.893, 139
Trd, 4319615.693, 140
Trd, 4319615.743, 140
Trd, 4319616.293, 140
Trd, 4319618.143, 140
Trd, 4319618.343, 140
Trd, 4319618.443, 140
Trd, 4319619.993, 139
Trd, 4319620.693, 140
Trd, 4319620.993, 139
Trd, 4319623.393, 60
Trd, 4319623.743, 61
Trd, 4319625.543, 60
Trd, 4319625.743, 60
Trd, 4319625.893, 60
Trd, 4319626.993, 61
Trd, 4319628.243, 68
Trd, 4319628.543, 69
Trd, 4319628.593, 71
Trd, 4319628.793, 66
Trd, 4319629.243, 66
Trd, 4319631.593, 60
Trd, 4319631.793, 63
Trd, 4319632.993, 62
Trd, 4319634.043, 62
Trd, 4319635.393, 140
Trd, 4319636.443, 140
Trd, 4319636.493, 140
Trd, 4319636.843, 140
Trd, 4319638.493, 140
Trd, 4319639.043, 140
Trd, 4319639.243, 140
Trd, 4319639.543, 140
Trd, 4319640.793, 140
Trd, 4319640.843, 140
Trd, 4319642.643, 140
Trd, 4319643.543, 140
Trd, 4319644.093, 140
Trd, 4319646.243, 140
Trd, 4319646.493, 140
Trd, 4319646.943, 140
Trd, 4319648.393, 140
Trd, 4319648.593, 140
Trd, 4319650.243, 140
Trd, 4319650.493, 140
Trd, 4319650.893, 139
Trd, 4319652.143, 60
Trd, 4319652.493, 60
Trd, 4319653.343, 61
Trd, 4319653.393, 62
Trd, 4319653.793, 70
Trd, 4319654.793, 62
Trd, 4319654.943, 60
Trd, 4319655.243, 63
Trd, 4319655.793, 63
Trd, 4319657.893, 140
Trd, 4319658.043, 140
Trd, 4319658.093, 140
Trd, 4319658.143, 140
Trd, 4319659.843, 140
Trd, 4319661.393, 140
Trd, 4319661.743, 140
Trd, 4319662.793, 140
Trd, 4319663.993, 140
Trd, 4319665.093, 140
Trd, 4319665.293, 140
Trd, 4319666.293, 140
Trd, 4319666.893, 140
Trd, 4319668.743, 140
Trd, 4319668.843, 140
Trd, 4319668.893, 140
Trd, 4319669.093, 140
Trd, 4319669.143, 140
Trd, 4319669.493, 140
Trd, 4319670.843, 140
Trd, 4319671.843, 140
Trd, 4319672.043, 140
Trd, 4319672.843, 140
Trd, 4319672.993, 140
Trd, 4319673.143, 140
Trd, 4319674.743, 140
Trd, 4319675.193, 140
Trd, 4319675.693, 140
Trd, 4319676.943, 140
Trd, 4319677.293, 139
Trd, 4319677.943, 140
Trd, 4319678.393, 140
Trd, 4319678.443, 139
Trd, 4319680.393, 140
Trd, 4319681.843, 140
Trd, 4319681.893, 140
Trd, 4319682.543, 140
Trd, 4319684.043, 140
Trd, 4319684.343, 140
Trd, 4319684.793, 140
Trd, 4319685.193, 139
Trd, 4319685.843, 138
Trd, 4319686.443, 140
Trd, 4319687.643, 60
Trd, 4319688.993, 65
Trd, 4319689.693, 68
Trd, 4319692.043, 60
Trd, 4319692.343, 60
Trd, 4319692.993, 61
Trd, 4319693.293, 60
Trd, 4319693.843, 61
Trd, 4319694.093, 62
Trd, 4319694.443, 64
Trd, 4319694.493, 71
Trd, 4319695.493, 139
Trd, 4319695.643, 134
Trd, 4319695.943, 134
Trd, 4319696.393, 140
Trd, 4319697.143, 113
Trd, 4319698.193, 140
Trd, 4319698.843, 140
Trd, 4319699.243, 140
Trd, 4319700.443, 140
Trd, 4319700.893, 140
Trd, 4319701.443, 140
Trd, 4319701.843, 140
Trd, 4319702.143, 140
Trd, 4319703.893, 140
Trd, 4319704.543, 140
Trd, 4319704.643, 140
Trd, 4319705.793, 139
Trd, 4319706.093, 134
Trd, 4319706.293, 133
Trd, 4319707.743, 140
Trd, 4319708.943, 140
Trd, 4319711.193, 140
Trd, 4319711.293, 140
Trd, 4319711.543, 140
Trd, 4319711.643, 140
Trd, 4319712.393, 140
Trd, 4319712.743, 138
Trd, 4319713.043, 140
Trd, 4319714.693, 140
Trd, 4319714.743, 140
Trd, 4319715.643, 140
Trd, 4319715.993, 140
Trd, 4319717.793, 140
Trd, 4319718.393, 140
Trd, 4319719.093, 140
Trd, 4319719.393, 140
Trd, 4319720.443, 140
Trd, 4319721.093, 140
Trd, 4319721.943, 140
Trd, 4319722.093, 140
Trd, 4319723.193, 140
Trd, 4319723.343, 140
Trd, 4319723.493, 140
Trd, 4319723.593, 139
Trd, 4319724.543, 124
Trd, 4319725.993, 140
Trd, 4319726.143, 140
Trd, 4319726.593, 140
Trd, 4319727.043, 140
Trd, 4319727.143, 140
Trd, 4319727.743, 139
Trd, 4319730.443, 140
Trd, 4319730.643, 140
Trd, 4319731.093, 140
Trd, 4319733.093, 140
Trd, 4319733.393, 140
Trd, 4319733.943, 140
Trd, 4319734.043, 140
Trd, 4319735.243, 140
Trd, 4319735.443, 140
Trd, 4319736.943, 140
Trd, 4319737.443, 140
Trd, 4319737.493, 140
Trd, 4319737.543, 139
Trd, 4319739.443, 61
Trd, 4319742.593, 60
Trd, 4319743.543, 60
Trd, 4319744.943, 60
Trd, 4319745.293, 60
Trd, 4319745.493, 60
Trd, 4319745.993, 60
Trd, 4319746.243, 60
Trd, 4319746.343, 64
Trd, 4319747.243, 64
Trd, 4319747.743, 77
Trd, 4319748.043, 67
Trd, 4319748.593, 72
Trd, 4319748.843, 68
Trd, 4319750.793, 60
Trd, 4319751.893, 60
Trd, 4319752.293, 62
Trd, 4319754.243, 60
Trd, 4319754.843, 60
Trd, 4319755.343, 61
Trd, 4319755.493, 64
Trd, 4319756.093, 63
Trd, 4319756.293, 68
Trd, 4319758.493, 140
Trd, 4319758.893, 140
Trd, 4319759.343, 139
Trd, 4319760.643, 140
Trd, 4319760.843, 140
Trd, 4319760.993, 137
Trd, 4319761.243, 137
Trd, 4319761.693, 111
Trd, 4319762.443, 60
Trd, 4319763.143, 61
Trd, 4319764.443, 130
Trd, 4319765.593, 60
Trd, 4319766.393, 60
Trd, 4319767.243, 60
Trd, 4319769.143, 62
Trd, 4319769.493, 61
Trd, 4319770.093, 61
Trd, 4319770.443, 61
Trd, 4319770.543, 62
Trd, 4319770.943, 71
Trd, 4319771.643, 62
Trd, 4319772.093, 66
Trd, 4319773.743, 61
Trd, 4319775.043, 60
Trd, 4319775.493, 74
Trd, 4319776.643, 61
Trd, 4319776.843, 70
Trd, 4319779.193, 60
Trd, 4319779.443, 60
Trd, 4319780.493, 62
Trd, 4319780.693, 65
Trd, 4319781.093, 62
Trd, 4319782.293, 81
Trd, 4319782.693, 63
Trd, 4319783.643, 62
Trd, 4319784.043, 60
Trd, 4319785.793, 63
Trd, 4319785.843, 76
Trd, 4319786.943, 60
Trd, 4319787.643, 61
Trd, 4319788.143, 65
Trd, 4319788.293, 60
Trd, 4319788.443, 70
Trd, 4319789.593, 78
Trd, 4319790.343, 139
Trd, 4319790.593, 139
Trd, 4319790.943, 138
Trd, 4319790.993, 66
Trd, 4319792.693, 140
Trd, 4319792.793, 140
Trd, 4319793.143, 139
Trd, 4319794.543, 139
Trd, 4319794.643, 140
Trd, 4319794.693, 138
Trd, 4319796.693, 140
Trd, 4319796.793, 140
Trd, 4319798.043, 140
Trd, 4319798.693, 140
Trd, 4319799.093, 140
Trd, 4319799.493, 139
Trd, 4319799.593, 139
Trd, 4319800.943, 140
Trd, 4319801.593, 140
Trd, 4319803.193, 140
Trd, 4319803.293, 140
Trd, 4319803.393, 140
Trd, 4319804.943, 140
Trd, 4319805.093, 140
Trd, 4319805.943, 140
Trd, 4319806.593, 140
Trd, 4319807.543, 140
Trd, 4319809.643, 140
Trd, 4319809.893, 140
Trd, 4319809.993, 140
Trd, 4319811.193, 140
Trd, 4319812.393, 140
Trd, 4319812.543, 140
Trd, 4319813.043, 140
Trd, 4319813.993, 140
Trd, 4319815.893, 140
Trd, 4319816.393, 140
Trd, 4319816.843, 140
Trd, 4319817.643, 140
Trd, 4319819.893, 140
Trd, 4319820.393, 140
Trd, 4319820.643, 140
Trd, 4319821.193, 140
Trd, 4319821.243, 140
Trd, 4319821.343, 140
Trd, 4319821.543, 140
Trd, 4319822.793, 140
Trd, 4319822.893, 139
Trd, 4319824.493, 61
Trd, 4319825.943, 67
Trd, 4319826.593, 140
Trd, 4319827.343, 140
Trd, 4319828.543, 67
Trd, 4319828.893, 64
Trd, 4319829.493, 139
Trd, 4319829.793, 71
Trd, 4319830.193, 140
Trd, 4319831.743, 81
Trd, 4319832.043, 136
Trd, 4319833.143, 89
Trd, 4319833.793, 85
Trd, 4319834.293, 80
Trd, 4319835.143, 140
Trd, 4319835.543, 140
Trd, 4319835.843, 140
Trd, 4319836.043, 140
Trd, 4319837.043, 139
Trd, 4319838.343, 140
Trd, 4319839.393, 140
Trd, 4319839.593, 140
Trd, 4319840.043, 140
Trd, 4319840.543, 139
Trd, 4319840.943, 140
Trd, 4319841.493, 140
Trd, 4319842.493, 140
Trd, 4319843.043, 140
Trd, 4319846.143, 140
Trd, 4319847.293, 140
Trd, 4319847.443, 140
Trd, 4319847.543, 140
Trd, 4319847.593, 140
Trd, 4319848.393, 140
Trd, 4319850.543, 140
Trd, 4319851.593, 140
Trd, 4319851.693, 140
Trd, 4319851.943, 140
Trd, 4319853.343, 140
Trd, 4319853.443, 140
Trd, 4319853.643, 140
Trd, 4319854.343, 140
Trd, 4319855.743, 140
Trd, 4319856.593, 140
Trd, 4319856.993, 140
Trd, 4319857.493, 140
Trd, 4319858.843, 140
Trd, 4319858.993, 140
Trd, 4319859.443, 140
Trd, 4319860.993, 140
Trd, 4319861.693, 140
Trd, 4319862.893, 140
Trd, 4319862.943, 140
Trd, 4319863.243, 140
Trd, 4319863.293, 140
Trd, 4319864.943, 140
Trd, 4319866.043, 140
Trd, 4319866.243, 140
Trd, 4319866.493, 140
Trd, 4319866.593, 137
Trd, 4319868.293, 140
Trd, 4319868.693, 140
Trd, 4319869.643, 140
Trd, 4319871.043, 140
Trd, 4319871.393, 140
Trd, 4319871.943, 140
Trd, 4319873.293, 140
Trd, 4319873.493, 140
Trd, 4319874.443, 140
Trd, 4319874.693, 140
Trd, 4319875.243, 140
Trd, 4319876.493, 140
Trd, 4319876.643, 140
Trd, 4319877.943, 140
Trd, 4319879.993, 140
Trd, 4319880.043, 140
Trd, 4319880.793, 140
Trd, 4319881.293, 140
Trd, 4319881.843, 140
Trd, 4319882.693, 140
Trd, 4319884.143, 140
Trd, 4319884.243, 140
Trd, 4319884.643, 140
Trd, 4319885.643, 140
Trd, 4319887.993, 140
Trd, 4319888.693, 140
Trd, 4319889.943, 140
Trd, 4319890.043, 139
Trd, 4319890.243, 138
Trd, 4319892.143, 140
Trd, 4319892.343, 140
Trd, 4319892.543, 140
Trd, 4319893.443, 140
Trd, 4319893.743, 140
Trd, 4319893.943, 140
Trd, 4319895.693, 140
Trd, 4319895.743, 140
Trd, 4319896.793, 140
Trd, 4319897.693, 140
Trd, 4319898.043, 140
Trd, 4319898.343, 140
Trd, 4319899.293, 140
Trd, 4319899.443, 140
Trd, 4319899.793, 140
Trd, 4319901.743, 140
Trd, 4319901.893, 140
Trd, 4319902.193, 140
Trd, 4319902.593, 140
Trd, 4319903.893, 140
Trd, 4319905.443, 140
Trd, 4319905.793, 140
Trd, 4319907.043, 140
Trd, 4319907.893, 140
Trd, 4319907.943, 140
Trd, 4319909.943, 140
Trd, 4319910.243, 140
Trd, 4319910.393, 140
Trd, 4319911.143, 140
Trd, 4319911.193, 140
Trd, 4319911.943, 140
Trd, 4319912.343, 140
Trd, 4319912.443, 140
Trd, 4319912.743, 140
Trd, 4319913.493, 140
Trd, 4319914.793, 140
Trd, 4319917.393, 140
Trd, 4319917.993, 140
Trd, 4319918.093, 140
Trd, 4319918.893, 140
Trd, 4319919.543, 140
Trd, 4319919.843, 140
Trd, 4319919.943, 139
Trd, 4319921.093, 140
Trd, 4319921.843, 139
Trd, 4319922.743, 138
Trd, 4319923.643, 140
Trd, 4319924.093, 140
Trd, 4319924.443, 140
Trd, 4319925.193, 110
Trd, 4319926.893, 140
Trd, 4319927.393, 140
Trd, 4319927.743, 140
Trd, 4319928.843, 140
Trd, 4319929.293, 140
Trd, 4319929.343, 140
Trd, 4319929.943, 140
Trd, 4319930.393, 140
Trd, 4319931.343, 140
Trd, 4319932.493, 140
Trd, 4319932.943, 140
Trd, 4319934.293, 140
Trd, 4319934.843, 140
Trd, 4319936.743, 140
Trd, 4319937.293, 140
Trd, 4319937.543, 140
Trd, 4319938.593, 140
Trd, 4319939.393, 140
Trd, 4319939.543, 140
Trd, 4319940.243, 140
Trd, 4319941.043, 140
Trd, 4319943.343, 140
Trd, 4319943.793, 140
Trd, 4319943.943, 139
Trd, 4319944.493, 137
Trd, 4319945.493, 140
Trd, 4319945.543, 139
Trd, 4319945.643, 136
Trd, 4319945.743, 135
Trd, 4319945.793, 121
Trd, 4319948.543, 140
Trd, 4319948.593, 140
Trd, 4319948.643, 140
Trd, 4319948.993, 140
Trd, 4319949.843, 140
Trd, 4319950.193, 140
Trd, 4319950.593, 140
Trd, 4319951.493, 140
Trd, 4319951.893, 140
Trd, 4319952.293, 140
Trd, 4319952.893, 140
Trd, 4319954.243, 140
Trd, 4319956.043, 140
Trd, 4319957.143, 140
Trd, 4319958.093, 140
Trd, 4319958.243, 140
Trd, 4319959.043, 140
Trd, 4319959.193, 140
Trd, 4319959.593, 140
Trd, 4319961.193, 140
Trd, 4319961.343, 138
Trd, 4319961.543, 139
Trd, 4319963.193, 139
Trd, 4319964.293, 140
Trd, 4319966.493, 140
Trd, 4319966.643, 140
Trd, 4319967.543, 140
Trd, 4319967.643, 140
Trd, 4319969.043, 140
Trd, 4319970.743, 140
Trd, 4319970.943, 140
Trd, 4319971.143, 140
Trd, 4319972.243, 140
Trd, 4319972.443, 140
Trd, 4319972.793, 140
Trd, 4319974.193, 140
Trd, 4319974.343, 140
Trd, 4319974.743, 140
Trd, 4319976.243, 140
Trd, 4319978.143, 140
Trd, 4319979.393, 140
Trd, 4319979.443, 140
Trd, 4319980.193, 140
Trd, 4319980.293, 140
Trd, 4319981.343, 140
Trd, 4319982.243, 140
Trd, 4319982.643, 140
Trd, 4319983.243, 140
Trd, 4319983.393, 140
Trd, 4319984.843, 140
Trd, 4319986.143, 140
Trd, 4319986.643, 140
Trd, 4319988.843, 140
Trd, 4319991.443, 140
Trd, 4319991.693, 140
Trd, 4319992.143, 140
Trd, 4319992.643, 140
Trd, 4319992.693, 140
Trd, 4319993.143, 140
Trd, 4319993.943, 140
Trd, 4319994.143, 140
Trd, 4319995.243, 138
Trd, 4319997.393, 140
Trd, 4319997.793, 140
Trd, 4319998.143, 137
Trd, 4319998.443, 123
Trd, 4319998.493, 122
