Trd, 4318115.993, 110
Trd, 4318116.693, 109
Trd, 4318117.243, 117
Trd, 4318118.043, 108
Trd, 4318118.543, 124
Trd, 4318119.543, 92
Trd, 4318119.793, 107
Trd, 4318120.293, 93
Trd, 4318120.943, 117
Trd, 4318121.693, 109
Trd, 4318121.993, 72
Trd, 4318122.893, 138
Trd, 4318122.943, 137
Trd, 4318123.393, 131
Trd, 4318125.493, 122
Trd, 4318125.743, 92
Trd, 4318126.093, 83
Trd, 4318126.943, 98
Trd, 4318127.043, 85
Trd, 4318127.143, 70
Trd, 4318127.693, 140
Trd, 4318129.093, 65
Trd, 4318129.593, 122
Trd, 4318130.093, 130
Trd, 4318131.043, 129
Trd, 4318132.243, 130
Trd, 4318132.393, 124
Trd, 4318133.793, 116
Trd, 4318134.793, 103
Trd, 4318134.893, 81
Trd, 4318136.743, 130
Trd, 4318136.893, 116
Trd, 4318136.943, 114
Trd, 4318138.793, 83
Trd, 4318141.093, 80
Trd, 4318141.693, 75
Trd, 4318142.493, 115
Trd, 4318142.593, 76
Trd, 4318143.293, 95
Trd, 4318143.543, 80
Trd, 4318144.743, 120
Trd, 4318145.793, 138
Trd, 4318147.843, 123
Trd, 4318148.843, 135
Trd, 4318149.193, 115
Trd, 4318149.293, 115
Trd, 4318149.493, 107
Trd, 4318150.043, 108
Trd, 4318150.843, 112
Trd, 4318151.043, 84
Trd, 4318152.193, 107
Trd, 4318153.393, 64
Trd, 4318154.243, 136
Trd, 4318154.293, 118
Trd, 4318156.743, 129
Trd, 4318156.993, 117
Trd, 4318157.143, 93
Trd, 4318157.443, 78
Trd, 4318158.143, 81
Trd, 4318159.843, 106
Trd, 4318160.393, 109
Trd, 4318160.943, 105
Trd, 4318161.343, 90
Trd, 4318161.843, 108
Trd, 4318162.643, 99
Trd, 4318162.743, 77
Trd, 4318164.143, 103
Trd, 4318164.793, 92
Trd, 4318164.843, 93
Trd, 4318165.193, 129
Trd, 4318165.293, 109
Trd, 4318166.293, 78
Trd, 4318167.743, 117
Trd, 4318168.593, 115
Trd, 4318169.243, 111
Trd, 4318169.493, 125
Trd, 4318170.893, 104
Trd, 4318170.993, 80
Trd, 4318171.543, 101
Trd, 4318172.443, 116
Trd, 4318172.943, 63
Trd, 4318173.393, 115
Trd, 4318174.143, 109
Trd, 4318174.943, 64
Trd, 4318175.893, 116
Trd, 4318176.043, 129
Trd, 4318178.193, 127
Trd, 4318178.393, 111
Trd, 4318178.643, 78
Trd, 4318179.043, 93
Trd, 4318179.093, 76
Trd, 4318179.443, 88
Trd, 4318180.193, 125
Trd, 4318181.043, 65
Trd, 4318181.893, 80
Trd, 4318185.193, 112
Trd, 4318185.393, 107
Trd, 4318185.493, 134
Trd, 4318185.743, 111
Trd, 4318188.093, 134
Trd, 4318188.543, 128
Trd, 4318188.643, 121
Trd, 4318189.293, 106
Trd, 4318190.143, 112
Trd, 4318190.293, 103
Trd, 4318190.493, 124
Trd, 4318190.743, 91
Trd, 4318192.443, 136
Trd, 4318192.843, 119
Trd, 4318194.143, 127
Trd, 4318194.943, 121
Trd, 4318195.193, 80
Trd, 4318195.593, 137
Trd, 4318195.643, 130
Trd, 4318196.493, 111
Trd, 4318196.893, 108
Trd, 4318198.893, 120
Trd, 4318199.343, 105
Trd, 4318199.493, 105
Trd, 4318199.843, 92
Trd, 4318199.893, 87
Trd, 4318200.943, 82
Trd, 4318201.193, 91
Trd, 4318201.293, 118
Trd, 4318203.043, 94
Trd, 4318203.693, 116
Trd, 4318204.643, 137
Trd, 4318205.043, 119
Trd, 4318205.243, 114
Trd, 4318205.293, 125
Trd, 4318205.893, 90
Trd, 4318206.643, 100
Trd, 4318206.993, 77
Trd, 4318207.293, 124
Trd, 4318207.893, 132
Trd, 4318208.843, 63
Trd, 4318209.443, 62
Trd, 4318210.393, 138
Trd, 4318210.943, 60
Trd, 4318211.993, 89
Trd, 4318212.143, 88
Trd, 4318213.243, 91
Trd, 4318214.143, 133
Trd, 4318215.443, 132
Trd, 4318216.893, 76
Trd, 4318217.193, 77
Trd, 4318217.693, 115
Trd, 4318217.793, 133
Trd, 4318218.193, 105
Trd, 4318219.543, 88
Trd, 4318220.243, 82
Trd, 4318220.743, 129
Trd, 4318221.093, 84
Trd, 4318221.593, 81
Trd, 4318222.493, 79
Trd, 4318223.443, 64
Trd, 4318223.993, 102
Trd, 4318224.943, 71
Trd, 4318225.193, 108
Trd, 4318225.993, 100
Trd, 4318226.743, 66
Trd, 4318226.843, 67
Trd, 4318227.993, 64
Trd, 4318228.143, 83
Trd, 4318229.543, 95
Trd, 4318229.643, 109
Trd, 4318230.393, 92
Trd, 4318231.443, 82
Trd, 4318232.993, 94
Trd, 4318233.443, 93
Trd, 4318233.743, 104
Trd, 4318234.343, 128
Trd, 4318235.793, 121
Trd, 4318236.693, 136
Trd, 4318237.943, 118
Trd, 4318239.193, 101
Trd, 4318240.143, 106
Trd, 4318240.193, 95
Trd, 4318240.443, 122
Trd, 4318241.343, 116
Trd, 4318241.893, 122
Trd, 4318243.143, 97
Trd, 4318244.243, 112
Trd, 4318244.293, 118
Trd, 4318244.993, 103
Trd, 4318245.543, 118
Trd, 4318246.443, 136
Trd, 4318246.993, 114
Trd, 4318247.943, 113
Trd, 4318248.243, 111
Trd, 4318248.393, 100
Trd, 4318249.343, 98
Trd, 4318249.693, 121
Trd, 4318250.243, 129
Trd, 4318251.843, 110
Trd, 4318252.193, 80
Trd, 4318252.743, 111
Trd, 4318252.943, 130
Trd, 4318254.843, 79
Trd, 4318255.043, 140
Trd, 4318256.443, 103
Trd, 4318257.743, 124
Trd, 4318258.793, 118
Trd, 4318260.143, 136
Trd, 4318261.443, 79
Trd, 4318262.193, 132
Trd, 4318262.643, 111
Trd, 4318262.743, 103
Trd, 4318263.793, 69
Trd, 4318264.193, 88
Trd, 4318264.743, 87
Trd, 4318265.693, 137
Trd, 4318268.793, 92
Trd, 4318270.093, 91
Trd, 4318271.093, 112
Trd, 4318271.593, 115
Trd, 4318272.093, 111
Trd, 4318272.193, 103
Trd, 4318272.693, 118
Trd, 4318274.343, 115
Trd, 4318274.993, 126
Trd, 4318275.593, 107
Trd, 4318276.193, 107
Trd, 4318276.793, 137
Trd, 4318277.143, 114
Trd, 4318277.643, 111
Trd, 4318278.243, 120
Trd, 4318279.393, 74
Trd, 4318280.243, 123
Trd, 4318280.343, 83
Trd, 4318281.143, 96
Trd, 4318281.593, 121
Trd, 4318281.993, 102
Trd, 4318282.793, 123
Trd, 4318283.043, 78
Trd, 4318283.993, 99
Trd, 4318284.043, 83
Trd, 4318285.643, 135
Trd, 4318285.993, 123
Trd, 4318286.443, 114
Trd, 4318287.143, 140
Trd, 4318287.543, 95
Trd, 4318287.793, 88
Trd, 4318287.943, 85
Trd, 4318290.043, 114
Trd, 4318291.343, 120
Trd, 4318291.943, 112
Trd, 4318292.043, 107
Trd, 4318294.143, 115
Trd, 4318294.543, 103
Trd, 4318296.143, 114
Trd, 4318296.543, 97
Trd, 4318297.043, 116
Trd, 4318297.293, 78
Trd, 4318297.343, 75
Trd, 4318297.743, 115
Trd, 4318298.393, 76
Trd, 4318300.143, 115
Trd, 4318300.443, 105
Trd, 4318300.793, 100
Trd, 4318301.943, 97
Trd, 4318303.393, 137
Trd, 4318303.793, 130
Trd, 4318304.943, 115
Trd, 4318305.893, 133
Trd, 4318306.043, 127
Trd, 4318306.143, 114
Trd, 4318307.443, 133
Trd, 4318307.743, 131
Trd, 4318308.043, 123
Trd, 4318308.093, 121
Trd, 4318308.893, 128
Trd, 4318309.293, 128
Trd, 4318311.193, 81
Trd, 4318311.393, 65
Trd, 4318311.843, 81
Trd, 4318312.093, 100
Trd, 4318312.843, 132
Trd, 4318313.693, 100
Trd, 4318314.543, 95
Trd, 4318315.193, 98
Trd, 4318316.143, 99
Trd, 4318316.993, 67
Trd, 4318317.693, 138
Trd, 4318318.343, 81
Trd, 4318319.043, 107
Trd, 4318319.643, 101
Trd, 4318320.293, 102
Trd, 4318321.193, 95
Trd, 4318322.293, 100
Trd, 4318322.843, 107
Trd, 4318323.593, 130
Trd, 4318324.393, 105
Trd, 4318325.043, 110
Trd, 4318325.643, 126
Trd, 4318326.793, 136
Trd, 4318327.493, 132
Trd, 4318328.243, 129
Trd, 4318329.143, 129
Trd, 4318329.593, 123
Trd, 4318330.143, 122
Trd, 4318332.793, 103
Trd, 4318333.743, 86
Trd, 4318333.843, 82
Trd, 4318334.143, 117
Trd, 4318334.743, 125
Trd, 4318335.343, 100
Trd, 4318335.993, 84
Trd, 4318336.293, 134
Trd, 4318336.843, 122
Trd, 4318337.543, 85
Trd, 4318338.043, 75
Trd, 4318338.843, 132
Trd, 4318340.243, 71
Trd, 4318341.093, 96
Trd, 4318341.893, 126
Trd, 4318342.443, 129
Trd, 4318342.543, 116
Trd, 4318343.993, 125
Trd, 4318344.043, 118
Trd, 4318344.643, 129
Trd, 4318346.243, 120
Trd, 4318348.143, 139
Trd, 4318348.493, 132
Trd, 4318349.643, 109
Trd, 4318350.843, 127
Trd, 4318351.193, 100
Trd, 4318351.343, 97
Trd, 4318351.943, 84
Trd, 4318352.643, 90
Trd, 4318354.293, 89
Trd, 4318355.743, 61
Trd, 4318355.843, 63
Trd, 4318356.743, 135
Trd, 4318357.393, 139
Trd, 4318357.893, 129
Trd, 4318358.443, 128
Trd, 4318360.043, 103
Trd, 4318360.493, 122
Trd, 4318361.193, 133
Trd, 4318361.693, 132
Trd, 4318361.943, 95
Trd, 4318363.493, 83
Trd, 4318364.443, 117
Trd, 4318365.243, 96
Trd, 4318365.443, 138
Trd, 4318366.043, 76
Trd, 4318366.743, 110
Trd, 4318368.793, 138
Trd, 4318369.043, 98
Trd, 4318369.243, 96
Trd, 4318369.643, 79
Trd, 4318370.243, 70
Trd, 4318371.543, 110
Trd, 4318372.593, 117
Trd, 4318373.043, 120
Trd, 4318373.743, 115
Trd, 4318374.043, 113
Trd, 4318374.893, 125
Trd, 4318376.793, 128
Trd, 4318378.193, 116
Trd, 4318379.043, 116
Trd, 4318379.193, 112
Trd, 4318379.393, 107
Trd, 4318379.543, 114
Trd, 4318380.993, 110
Trd, 4318382.043, 104
Trd, 4318382.743, 131
Trd, 4318383.843, 125
Trd, 4318384.843, 122
Trd, 4318384.943, 94
Trd, 4318385.043, 95
Trd, 4318385.493, 70
Trd, 4318386.543, 61
Trd, 4318387.693, 87
Trd, 4318388.093, 80
Trd, 4318388.143, 124
Trd, 4318388.693, 76
Trd, 4318388.943, 71
Trd, 4318389.693, 115
Trd, 4318390.743, 92
Trd, 4318391.243, 135
Trd, 4318392.443, 104
Trd, 4318392.543, 117
Trd, 4318394.993, 110
Trd, 4318395.593, 96
Trd, 4318397.143, 109
Trd, 4318397.743, 91
Trd, 4318398.443, 101
Trd, 4318398.743, 98
Trd, 4318399.393, 116
Trd, 4318401.143, 87
Trd, 4318401.293, 112
Trd, 4318401.843, 87
Trd, 4318402.293, 75
Trd, 4318402.343, 74
Trd, 4318402.693, 61
Trd, 4318404.343, 120
Trd, 4318406.043, 114
Trd, 4318406.243, 110
Trd, 4318406.743, 60
Trd, 4318408.393, 136
Trd, 4318408.843, 139
Trd, 4318409.143, 120
Trd, 4318409.793, 117
Trd, 4318410.343, 107
Trd, 4318410.843, 136
Trd, 4318412.043, 115
Trd, 4318412.843, 94
Trd, 4318413.493, 98
Trd, 4318414.543, 93
Trd, 4318414.743, 124
Trd, 4318416.193, 77
Trd, 4318416.593, 91
Trd, 4318416.943, 66
Trd, 4318417.443, 108
Trd, 4318419.493, 128
Trd, 4318420.643, 135
Trd, 4318420.843, 120
Trd, 4318421.143, 138
Trd, 4318422.093, 140
Trd, 4318422.843, 128
Trd, 4318422.893, 122
Trd, 4318423.243, 93
Trd, 4318423.643, 108
Trd, 4318424.643, 102
Trd, 4318424.693, 90
Trd, 4318424.943, 125
Trd, 4318425.643, 132
Trd, 4318425.743, 110
Trd, 4318426.193, 100
Trd, 4318428.943, 100
Trd, 4318429.393, 94
Trd, 4318429.793, 107
Trd, 4318430.443, 112
Trd, 4318431.243, 133
Trd, 4318431.943, 133
Trd, 4318431.993, 127
Trd, 4318432.243, 124
Trd, 4318434.493, 125
Trd, 4318434.793, 116
Trd, 4318435.043, 119
Trd, 4318435.843, 108
Trd, 4318436.693, 107
Trd, 4318437.543, 113
Trd, 4318437.893, 84
Trd, 4318438.293, 105
Trd, 4318438.993, 133
Trd, 4318439.293, 87
Trd, 4318440.243, 87
Trd, 4318440.993, 76
Trd, 4318441.543, 78
Trd, 4318442.393, 74
Trd, 4318442.543, 109
Trd, 4318443.193, 67
Trd, 4318444.843, 110
Trd, 4318444.943, 106
Trd, 4318445.393, 100
Trd, 4318445.543, 88
Trd, 4318447.493, 105
Trd, 4318447.693, 82
Trd, 4318448.693, 113
Trd, 4318450.193, 124
Trd, 4318450.593, 123
Trd, 4318450.693, 94
Trd, 4318450.743, 69
Trd, 4318451.843, 126
Trd, 4318452.993, 93
Trd, 4318453.693, 128
Trd, 4318454.693, 88
Trd, 4318455.043, 97
Trd, 4318456.643, 117
Trd, 4318457.293, 109
Trd, 4318457.343, 106
Trd, 4318459.493, 130
Trd, 4318460.143, 130
Trd, 4318460.243, 128
Trd, 4318460.393, 132
Trd, 4318460.743, 87
Trd, 4318461.443, 124
Trd, 4318462.693, 107
Trd, 4318463.493, 102
Trd, 4318464.043, 93
Trd, 4318464.493, 66
Trd, 4318465.843, 92
Trd, 4318465.893, 84
Trd, 4318466.793, 132
Trd, 4318467.243, 131
Trd, 4318468.693, 106
Trd, 4318469.243, 86
Trd, 4318469.593, 77
Trd, 4318470.443, 112
Trd, 4318470.593, 108
Trd, 4318471.193, 82
Trd, 4318472.143, 136
Trd, 4318472.293, 121
Trd, 4318473.243, 68
Trd, 4318475.343, 136
Trd, 4318476.643, 136
Trd, 4318476.693, 133
Trd, 4318477.243, 117
Trd, 4318478.043, 124
Trd, 4318478.193, 109
Trd, 4318478.893, 76
Trd, 4318478.993, 104
Trd, 4318480.543, 99
Trd, 4318480.943, 95
Trd, 4318481.593, 98
Trd, 4318482.743, 91
Trd, 4318482.893, 92
Trd, 4318482.943, 87
Trd, 4318483.743, 107
Trd, 4318484.343, 60
Trd, 4318484.843, 131
Trd, 4318486.193, 127
Trd, 4318486.243, 122
Trd, 4318486.443, 131
Trd, 4318486.893, 116
Trd, 4318488.093, 93
Trd, 4318488.543, 113
Trd, 4318489.143, 106
Trd, 4318490.093, 129
Trd, 4318490.193, 93
Trd, 4318491.643, 94
Trd, 4318491.943, 115
Trd, 4318492.093, 77
Trd, 4318492.243, 78
Trd, 4318492.993, 130
Trd, 4318493.043, 117
Trd, 4318494.643, 102
Trd, 4318495.643, 92
Trd, 4318495.793, 63
Trd, 4318496.343, 103
Trd, 4318496.643, 81
Trd, 4318497.343, 74
Trd, 4318498.893, 117
Trd, 4318500.243, 107
Trd, 4318500.393, 98
Trd, 4318501.443, 65
Trd, 4318501.593, 73
Trd, 4318502.093, 67
Trd, 4318502.593, 80
Trd, 4318503.043, 105
Trd, 4318503.843, 76
Trd, 4318504.143, 61
Trd, 4318504.943, 99
Trd, 4318506.393, 120
Trd, 4318508.343, 82
Trd, 4318508.793, 87
Trd, 4318509.443, 64
Trd, 4318510.043, 114
Trd, 4318511.343, 108
Trd, 4318512.293, 127
Trd, 4318513.093, 101
Trd, 4318513.643, 120
Trd, 4318514.843, 123
Trd, 4318515.643, 116
Trd, 4318516.193, 107
Trd, 4318516.643, 127
Trd, 4318517.493, 116
Trd, 4318517.943, 103
Trd, 4318518.693, 102
Trd, 4318519.943, 132
Trd, 4318520.143, 126
Trd, 4318520.943, 101
Trd, 4318521.743, 81
Trd, 4318521.793, 68
Trd, 4318522.893, 107
Trd, 4318524.043, 117
Trd, 4318526.093, 91
Trd, 4318526.493, 86
Trd, 4318527.343, 79
Trd, 4318527.843, 80
Trd, 4318527.993, 78
Trd, 4318528.593, 81
Trd, 4318529.793, 68
Trd, 4318530.543, 82
Trd, 4318532.343, 139
Trd, 4318532.443, 131
Trd, 4318533.043, 130
Trd, 4318533.893, 127
Trd, 4318534.093, 123
Trd, 4318534.243, 103
Trd, 4318534.793, 99
Trd, 4318535.693, 128
Trd, 4318537.393, 109
Trd, 4318537.793, 101
Trd, 4318538.293, 101
Trd, 4318538.843, 108
Trd, 4318539.243, 88
Trd, 4318539.443, 82
Trd, 4318540.893, 70
Trd, 4318540.993, 89
Trd, 4318541.843, 91
Trd, 4318542.043, 66
Trd, 4318543.193, 80
Trd, 4318545.043, 91
Trd, 4318545.593, 123
Trd, 4318546.593, 95
Trd, 4318547.493, 128
Trd, 4318547.793, 89
Trd, 4318549.293, 90
Trd, 4318550.243, 93
Trd, 4318550.443, 87
Trd, 4318551.143, 120
Trd, 4318551.743, 117
Trd, 4318552.393, 87
Trd, 4318554.143, 116
Trd, 4318554.743, 107
Trd, 4318555.243, 133
Trd, 4318555.293, 114
Trd, 4318556.743, 95
Trd, 4318557.493, 131
Trd, 4318557.543, 102
Trd, 4318558.343, 97
Trd, 4318559.693, 74
Trd, 4318559.993, 68
Trd, 4318560.193, 71
Trd, 4318560.343, 80
Trd, 4318560.593, 113
Trd, 4318560.993, 97
Trd, 4318561.943, 81
Trd, 4318562.193, 89
Trd, 4318563.143, 74
Trd, 4318565.043, 109
Trd, 4318565.343, 125
Trd, 4318565.743, 94
Trd, 4318566.593, 78
Trd, 4318567.593, 83
Trd, 4318568.393, 74
Trd, 4318568.493, 71
Trd, 4318569.043, 68
Trd, 4318570.043, 116
Trd, 4318570.093, 117
Trd, 4318571.143, 60
Trd, 4318571.543, 93
Trd, 4318572.443, 71
Trd, 4318573.293, 123
Trd, 4318574.543, 127
Trd, 4318575.743, 109
Trd, 4318576.843, 118
Trd, 4318577.293, 90
Trd, 4318578.043, 91
Trd, 4318578.443, 114
Trd, 4318580.143, 89
Trd, 4318581.043, 116
Trd, 4318581.993, 127
Trd, 4318582.193, 125
Trd, 4318582.643, 117
Trd, 4318584.343, 118
Trd, 4318584.443, 88
Trd, 4318584.643, 83
Trd, 4318586.643, 75
Trd, 4318586.843, 97
Trd, 4318586.893, 89
Trd, 4318588.243, 119
Trd, 4318588.393, 117
Trd, 4318588.743, 90
Trd, 4318590.943, 86
Trd, 4318591.593, 75
Trd, 4318592.243, 79
Trd, 4318592.293, 107
Trd, 4318595.793, 121
Trd, 4318596.093, 117
Trd, 4318596.493, 115
Trd, 4318597.243, 86
Trd, 4318597.893, 99
Trd, 4318598.743, 129
Trd, 4318599.293, 99
Trd, 4318600.293, 92
Trd, 4318600.343, 85
Trd, 4318600.793, 137
Trd, 4318601.143, 140
Trd, 4318604.743, 106
Trd, 4318605.743, 88
Trd, 4318605.993, 84
Trd, 4318606.143, 85
Trd, 4318606.443, 103
Trd, 4318606.893, 104
Trd, 4318608.743, 118
Trd, 4318609.243, 132
Trd, 4318610.743, 119
Trd, 4318610.793, 97
Trd, 4318611.443, 121
Trd, 4318613.143, 116
Trd, 4318613.393, 106
Trd, 4318613.693, 126
Trd, 4318614.743, 81
Trd, 4318615.993, 129
Trd, 4318616.043, 100
Trd, 4318616.793, 99
Trd, 4318617.843, 92
Trd, 4318620.143, 98
Trd, 4318620.193, 92
Trd, 4318620.543, 117
Trd, 4318621.043, 119
Trd, 4318622.093, 86
Trd, 4318622.893, 84
Trd, 4318623.543, 125
Trd, 4318623.893, 120
Trd, 4318625.493, 107
Trd, 4318625.643, 102
Trd, 4318625.943, 71
Trd, 4318626.493, 64
Trd, 4318626.893, 68
Trd, 4318628.493, 96
Trd, 4318628.943, 108
Trd, 4318629.693, 86
Trd, 4318630.193, 112
Trd, 4318631.393, 129
Trd, 4318631.543, 125
Trd, 4318632.093, 115
Trd, 4318632.593, 103
Trd, 4318633.443, 126
Trd, 4318634.993, 91
Trd, 4318635.143, 112
Trd, 4318636.943, 112
Trd, 4318637.243, 109
Trd, 4318637.793, 71
Trd, 4318639.043, 103
Trd, 4318639.593, 125
Trd, 4318640.443, 95
Trd, 4318640.543, 76
Trd, 4318641.043, 136
Trd, 4318641.843, 130
Trd, 4318642.843, 123
Trd, 4318643.393, 112
Trd, 4318644.343, 93
Trd, 4318644.743, 85
Trd, 4318645.393, 125
Trd, 4318647.443, 133
Trd, 4318648.643, 138
Trd, 4318649.243, 136
Trd, 4318649.643, 136
Trd, 4318650.943, 118
Trd, 4318651.193, 100
Trd, 4318652.143, 122
Trd, 4318652.243, 114
Trd, 4318653.393, 80
Trd, 4318653.693, 103
Trd, 4318654.193, 103
Trd, 4318655.143, 121
Trd, 4318655.743, 102
Trd, 4318656.993, 136
Trd, 4318657.893, 125
Trd, 4318658.793, 135
Trd, 4318659.143, 115
Trd, 4318659.243, 114
Trd, 4318660.093, 124
Trd, 4318660.243, 110
Trd, 4318660.993, 137
Trd, 4318661.493, 107
Trd, 4318661.843, 138
Trd, 4318662.543, 139
Trd, 4318663.043, 100
Trd, 4318663.293, 94
Trd, 4318664.243, 132
Trd, 4318664.443, 85
Trd, 4318665.043, 114
Trd, 4318665.693, 101
Trd, 4318665.993, 81
Trd, 4318666.843, 76
Trd, 4318667.393, 99
Trd, 4318668.193, 112
Trd, 4318668.293, 100
Trd, 4318669.243, 96
Trd, 4318669.693, 70
Trd, 4318670.343, 104
Trd, 4318670.793, 134
Trd, 4318672.443, 73
Trd, 4318673.443, 124
Trd, 4318673.743, 68
Trd, 4318674.043, 75
Trd, 4318674.593, 83
Trd, 4318675.893, 112
Trd, 4318676.243, 91
Trd, 4318678.793, 128
Trd, 4318678.943, 95
Trd, 4318680.093, 125
Trd, 4318680.193, 119
Trd, 4318680.543, 102
Trd, 4318682.193, 120
Trd, 4318682.443, 116
Trd, 4318682.493, 110
Trd, 4318682.943, 85
Trd, 4318683.993, 111
Trd, 4318684.793, 94
Trd, 4318685.093, 134
Trd, 4318685.643, 128
Trd, 4318685.693, 128
Trd, 4318686.593, 113
Trd, 4318688.043, 85
Trd, 4318689.093, 112
Trd, 4318689.843, 138
Trd, 4318689.993, 119
Trd, 4318690.843, 131
Trd, 4318691.243, 124
Trd, 4318691.443, 112
Trd, 4318691.493, 98
Trd, 4318692.943, 80
Trd, 4318695.593, 131
Trd, 4318695.793, 119
Trd, 4318696.393, 111
Trd, 4318697.143, 68
Trd, 4318697.243, 129
Trd, 4318698.393, 83
Trd, 4318699.943, 136
Trd, 4318700.443, 126
Trd, 4318702.693, 122
Trd, 4318702.893, 112
Trd, 4318703.743, 135
Trd, 4318704.943, 124
Trd, 4318705.293, 108
Trd, 4318706.193, 95
Trd, 4318706.293, 92
Trd, 4318707.593, 114
Trd, 4318708.343, 87
Trd, 4318708.493, 132
Trd, 4318709.143, 73
Trd, 4318709.793, 98
Trd, 4318709.993, 104
Trd, 4318710.343, 117
Trd, 4318711.793, 117
Trd, 4318713.093, 112
Trd, 4318713.643, 134
Trd, 4318713.943, 84
Trd, 4318714.593, 74
Trd, 4318716.193, 132
Trd, 4318716.843, 137
Trd, 4318717.793, 107
Trd, 4318718.493, 113
Trd, 4318719.443, 116
Trd, 4318719.543, 114
Trd, 4318720.593, 68
Trd, 4318721.093, 60
Trd, 4318722.943, 104
Trd, 4318723.243, 91
Trd, 4318724.193, 101
Trd, 4318724.593, 106
Trd, 4318725.343, 125
Trd, 4318726.643, 121
Trd, 4318726.743, 121
Trd, 4318727.293, 120
Trd, 4318728.743, 137
Trd, 4318729.043, 124
Trd, 4318729.793, 105
Trd, 4318730.343, 89
Trd, 4318731.643, 86
Trd, 4318731.843, 81
Trd, 4318732.693, 127
Trd, 4318733.343, 122
Trd, 4318733.843, 93
Trd, 4318735.343, 115
Trd, 4318735.743, 95
Trd, 4318737.093, 133
Trd, 4318737.143, 129
Trd, 4318737.493, 114
Trd, 4318738.743, 119
Trd, 4318739.893, 122
Trd, 4318740.293, 119
Trd, 4318741.693, 97
Trd, 4318742.093, 119
Trd, 4318744.793, 136
Trd, 4318745.893, 134
Trd, 4318746.493, 124
Trd, 4318748.593, 96
Trd, 4318748.743, 94
Trd, 4318750.193, 124
Trd, 4318750.293, 104
Trd, 4318751.143, 104
Trd, 4318751.443, 79
Trd, 4318751.843, 112
Trd, 4318752.543, 109
Trd, 4318753.993, 112
Trd, 4318754.593, 131
Trd, 4318754.743, 110
Trd, 4318754.893, 109
Trd, 4318755.643, 73
Trd, 4318756.443, 79
Trd, 4318756.843, 110
Trd, 4318757.443, 131
Trd, 4318759.393, 130
Trd, 4318760.093, 111
Trd, 4318761.143, 98
Trd, 4318761.293, 119
Trd, 4318761.343, 94
Trd, 4318762.093, 127
Trd, 4318762.493, 123
Trd, 4318763.043, 121
Trd, 4318763.593, 120
Trd, 4318763.993, 122
Trd, 4318766.493, 129
Trd, 4318766.643, 103
Trd, 4318767.793, 98
Trd, 4318768.093, 102
Trd, 4318768.243, 86
Trd, 4318769.543, 102
Trd, 4318770.143, 134
Trd, 4318770.843, 102
Trd, 4318770.943, 90
Trd, 4318772.493, 124
Trd, 4318772.543, 108
Trd, 4318772.943, 99
Trd, 4318773.493, 88
Trd, 4318774.343, 127
Trd, 4318775.543, 132
Trd, 4318775.843, 134
Trd, 4318776.443, 129
Trd, 4318776.993, 99
Trd, 4318777.643, 140
Trd, 4318778.593, 80
Trd, 4318780.043, 100
Trd, 4318780.293, 99
Trd, 4318781.343, 98
Trd, 4318781.693, 89
Trd, 4318785.293, 138
Trd, 4318785.343, 118
Trd, 4318785.393, 115
Trd, 4318786.143, 121
Trd, 4318786.343, 91
Trd, 4318787.043, 63
Trd, 4318787.543, 105
Trd, 4318788.793, 135
Trd, 4318789.893, 96
Trd, 4318790.343, 90
Trd, 4318791.693, 86
Trd, 4318791.893, 85
Trd, 4318792.193, 77
Trd, 4318792.993, 120
Trd, 4318793.243, 105
Trd, 4318794.393, 102
Trd, 4318795.493, 65
Trd, 4318795.743, 77
Trd, 4318796.193, 80
Trd, 4318796.693, 62
Trd, 4318797.043, 113
Trd, 4318797.643, 105
Trd, 4318798.643, 96
Trd, 4318799.243, 118
Trd, 4318799.943, 92
Trd, 4318799.993, 92
Trd, 4318800.693, 102
Trd, 4318801.993, 107
Trd, 4318802.643, 79
Trd, 4318803.993, 130
Trd, 4318804.543, 112
Trd, 4318804.893, 87
Trd, 4318805.793, 116
Trd, 4318806.443, 133
Trd, 4318806.993, 99
Trd, 4318807.793, 78
Trd, 4318808.193, 74
Trd, 4318808.393, 81
Trd, 4318810.543, 103
Trd, 4318810.843, 99
Trd, 4318810.993, 104
Trd, 4318811.093, 95
Trd, 4318812.243, 106
Trd, 4318813.393, 109
Trd, 4318813.893, 91
Trd, 4318814.393, 88
Trd, 4318814.993, 106
Trd, 4318815.193, 84
Trd, 4318815.493, 71
Trd, 4318817.043, 101
Trd, 4318817.343, 88
Trd, 4318817.443, 85
Trd, 4318818.293, 97
Trd, 4318819.393, 131
Trd, 4318819.593, 125
Trd, 4318821.893, 118
Trd, 4318822.443, 131
Trd, 4318823.043, 138
Trd, 4318823.343, 124
Trd, 4318823.743, 67
Trd, 4318824.593, 86
Trd, 4318824.643, 78
Trd, 4318825.143, 106
Trd, 4318825.793, 122
Trd, 4318827.043, 99
Trd, 4318827.093, 95
Trd, 4318828.493, 130
Trd, 4318829.493, 132
Trd, 4318829.693, 114
Trd, 4318829.743, 90
Trd, 4318830.093, 116
Trd, 4318830.243, 74
Trd, 4318830.993, 125
Trd, 4318832.193, 125
Trd, 4318832.443, 114
Trd, 4318832.493, 98
Trd, 4318833.793, 106
Trd, 4318833.893, 107
Trd, 4318835.393, 139
Trd, 4318835.893, 139
Trd, 4318837.093, 139
Trd, 4318837.793, 134
Trd, 4318838.043, 127
Trd, 4318839.043, 110
Trd, 4318839.193, 101
Trd, 4318840.743, 110
Trd, 4318841.543, 108
Trd, 4318841.743, 128
Trd, 4318841.893, 125
Trd, 4318842.143, 97
Trd, 4318842.743, 77
Trd, 4318843.143, 61
Trd, 4318845.093, 98
Trd, 4318845.243, 66
Trd, 4318846.193, 73
Trd, 4318847.743, 125
Trd, 4318849.293, 108
Trd, 4318849.593, 109
Trd, 4318850.493, 124
Trd, 4318851.493, 98
Trd, 4318851.993, 115
Trd, 4318852.843, 111
Trd, 4318853.243, 106
Trd, 4318853.543, 84
Trd, 4318854.843, 100
Trd, 4318855.293, 93
Trd, 4318855.843, 113
Trd, 4318857.893, 136
Trd, 4318857.993, 119
Trd, 4318859.893, 124
Trd, 4318860.243, 134
Trd, 4318860.993, 95
Trd, 4318861.193, 82
Trd, 4318862.193, 123
Trd, 4318862.293, 88
Trd, 4318862.693, 120
Trd, 4318863.243, 140
Trd, 4318863.893, 112
Trd, 4318864.593, 120
Trd, 4318865.443, 135
Trd, 4318866.743, 98
Trd, 4318867.393, 92
Trd, 4318868.193, 105
Trd, 4318869.793, 126
Trd, 4318870.193, 105
Trd, 4318870.943, 133
Trd, 4318871.043, 127
Trd, 4318871.093, 121
Trd, 4318871.543, 115
Trd, 4318872.493, 126
Trd, 4318872.993, 120
Trd, 4318876.343, 67
Trd, 4318877.293, 82
Trd, 4318877.343, 119
Trd, 4318877.593, 94
Trd, 4318878.693, 130
Trd, 4318879.093, 125
Trd, 4318879.193, 104
Trd, 4318879.893, 83
Trd, 4318882.143, 101
Trd, 4318882.443, 116
Trd, 4318882.943, 61
Trd, 4318883.843, 114
Trd, 4318884.093, 83
Trd, 4318884.193, 93
Trd, 4318885.443, 71
Trd, 4318887.193, 92
Trd, 4318887.243, 90
Trd, 4318887.493, 69
Trd, 4318889.093, 108
Trd, 4318889.543, 96
Trd, 4318890.243, 107
Trd, 4318891.043, 131
Trd, 4318891.643, 112
Trd, 4318891.843, 93
Trd, 4318893.143, 91
Trd, 4318893.943, 81
Trd, 4318894.093, 79
Trd, 4318894.193, 79
Trd, 4318895.293, 140
Trd, 4318895.743, 99
Trd, 4318896.243, 139
Trd, 4318897.193, 87
Trd, 4318898.143, 94
Trd, 4318898.793, 122
Trd, 4318899.043, 79
Trd, 4318899.493, 140
Trd, 4318899.843, 71
Trd, 4318900.243, 65
Trd, 4318902.993, 109
Trd, 4318903.043, 107
Trd, 4318903.293, 73
Trd, 4318903.793, 101
Trd, 4318904.493, 96
Trd, 4318904.893, 72
Trd, 4318905.143, 76
Trd, 4318905.393, 105
Trd, 4318906.743, 78
Trd, 4318907.043, 131
Trd, 4318907.793, 114
Trd, 4318907.943, 97
Trd, 4318909.843, 116
Trd, 4318910.943, 108
Trd, 4318911.643, 104
Trd, 4318911.743, 97
Trd, 4318912.543, 138
Trd, 4318912.893, 133
Trd, 4318913.143, 134
Trd, 4318913.193, 89
Trd, 4318913.993, 109
Trd, 4318914.643, 60
Trd, 4318915.293, 88
Trd, 4318916.893, 115
Trd, 4318917.193, 122
Trd, 4318917.843, 72
Trd, 4318918.543, 124
Trd, 4318919.343, 118
Trd, 4318919.443, 119
Trd, 4318920.243, 76
Trd, 4318920.393, 60
Trd, 4318921.293, 89
Trd, 4318921.393, 102
Trd, 4318923.643, 67
Trd, 4318925.093, 115
Trd, 4318925.943, 103
Trd, 4318926.243, 91
Trd, 4318926.893, 130
Trd, 4318926.943, 123
Trd, 4318927.293, 117
Trd, 4318928.843, 89
Trd, 4318929.293, 96
Trd, 4318929.343, 103
Trd, 4318930.093, 87
Trd, 4318930.693, 79
Trd, 4318931.193, 134
Trd, 4318931.993, 126
Trd, 4318932.043, 113
Trd, 4318934.843, 85
Trd, 4318934.993, 101
Trd, 4318935.593, 117
Trd, 4318935.743, 82
Trd, 4318936.143, 76
Trd, 4318937.393, 65
Trd, 4318938.193, 74
Trd, 4318938.793, 71
Trd, 4318939.093, 85
Trd, 4318940.043, 121
Trd, 4318941.243, 106
Trd, 4318941.993, 123
Trd, 4318942.593, 131
Trd, 4318943.193, 101
Trd, 4318943.593, 92
Trd, 4318946.043, 126
Trd, 4318946.743, 121
Trd, 4318946.843, 122
Trd, 4318947.593, 100
Trd, 4318948.193, 88
Trd, 4318949.543, 94
Trd, 4318950.543, 109
Trd, 4318951.193, 106
Trd, 4318951.943, 123
Trd, 4318952.243, 132
Trd, 4318955.943, 71
Trd, 4318955.993, 86
Trd, 4318956.743, 86
Trd, 4318957.543, 88
Trd, 4318957.793, 73
Trd, 4318957.893, 70
Trd, 4318957.993, 93
Trd, 4318958.843, 122
Trd, 4318960.043, 87
Trd, 4318961.143, 134
Trd, 4318961.543, 112
Trd, 4318961.843, 103
Trd, 4318961.943, 101
Trd, 4318962.293, 140
Trd, 4318962.693, 138
Trd, 4318964.193, 99
Trd, 4318964.693, 116
Trd, 4318965.393, 89
Trd, 4318966.043, 106
Trd, 4318966.343, 104
Trd, 4318967.143, 72
Trd, 4318968.343, 128
Trd, 4318970.143, 100
Trd, 4318970.543, 136
Trd, 4318970.843, 129
Trd, 4318971.893, 69
Trd, 4318973.793, 124
Trd, 4318973.843, 118
Trd, 4318974.293, 111
Trd, 4318974.493, 66
Trd, 4318975.093, 104
Trd, 4318975.343, 115
Trd, 4318976.343, 123
Trd, 4318976.993, 63
Trd, 4318978.343, 77
Trd, 4318981.443, 88
Trd, 4318981.893, 68
Trd, 4318982.393, 74
Trd, 4318983.493, 114
Trd, 4318984.393, 118
Trd, 4318984.693, 115
Trd, 4318985.143, 103
Trd, 4318985.893, 117
Trd, 4318987.443, 101
Trd, 4318988.093, 127
Trd, 4318988.243, 97
Trd, 4318988.393, 103
Trd, 4318989.293, 132
Trd, 4318990.043, 133
Trd, 4318990.343, 129
Trd, 4318990.543, 121
Trd, 4318991.093, 115
Trd, 4318992.793, 74
Trd, 4318994.193, 124
Trd, 4318994.443, 106
Trd, 4318995.743, 109
Trd, 4318995.893, 100
Trd, 4318995.993, 97
Trd, 4318996.543, 127
Trd, 4318998.043, 117
Trd, 4318999.143, 98
Trd, 4318999.193, 94
Trd, 4318999.393, 87
Trd, 4318999.693, 69
Trd, 4319000.993, 110
Trd, 4319001.893, 93
Trd, 4319004.343, 135
Trd, 4319005.393, 121
Trd, 4319005.593, 115
Trd, 4319005.793, 113
Trd, 4319006.193, 79
Trd, 4319006.543, 136
Trd, 4319007.943, 69
Trd, 4319008.693, 93
Trd, 4319008.943, 68
Trd, 4319011.043, 110
Trd, 4319012.093, 112
Trd, 4319012.593, 109
Trd, 4319012.643, 123
Trd, 4319012.793, 125
Trd, 4319013.693, 131
Trd, 4319014.193, 100
Trd, 4319014.943, 100
Trd, 4319016.143, 101
Trd, 4319016.593, 106
Trd, 4319017.143, 86
Trd, 4319018.093, 95
Trd, 4319018.493, 122
Trd, 4319019.943, 97
Trd, 4319020.393, 109
Trd, 4319021.293, 101
Trd, 4319022.143, 126
Trd, 4319022.343, 119
Trd, 4319023.393, 135
Trd, 4319024.943, 115
Trd, 4319025.043, 113
Trd, 4319026.093, 112
Trd, 4319026.493, 101
Trd, 4319027.043, 111
Trd, 4319027.593, 110
Trd, 4319028.393, 120
Trd, 4319029.643, 122
Trd, 4319030.043, 120
Trd, 4319031.643, 115
Trd, 4319031.893, 125
Trd, 4319032.143, 109
Trd, 4319032.593, 98
Trd, 4319033.393, 64
Trd, 4319033.893, 111
Trd, 4319035.393, 137
Trd, 4319035.443, 130
Trd, 4319035.793, 83
Trd, 4319036.293, 70
Trd, 4319038.243, 118
Trd, 4319038.743, 96
Trd, 4319038.843, 87
Trd, 4319039.943, 108
Trd, 4319041.193, 108
Trd, 4319041.743, 97
Trd, 4319041.893, 107
Trd, 4319042.443, 98
Trd, 4319043.343, 102
Trd, 4319044.393, 109
Trd, 4319044.593, 89
Trd, 4319045.443, 127
Trd, 4319046.343, 117
Trd, 4319046.543, 98
Trd, 4319047.843, 92
Trd, 4319049.243, 128
Trd, 4319049.493, 120
Trd, 4319050.193, 135
Trd, 4319050.643, 116
Trd, 4319051.093, 77
Trd, 4319052.493, 117
Trd, 4319053.593, 113
Trd, 4319054.143, 95
Trd, 4319055.293, 114
Trd, 4319055.343, 110
Trd, 4319056.593, 116
Trd, 4319057.343, 99
Trd, 4319057.793, 95
Trd, 4319058.143, 81
Trd, 4319058.443, 88
Trd, 4319059.143, 87
Trd, 4319060.543, 109
Trd, 4319061.693, 104
Trd, 4319063.393, 110
Trd, 4319063.743, 132
Trd, 4319064.493, 104
Trd, 4319065.243, 126
Trd, 4319065.743, 120
Trd, 4319066.043, 107
Trd, 4319066.743, 134
Trd, 4319066.943, 130
Trd, 4319067.093, 112
Trd, 4319069.743, 121
Trd, 4319070.343, 102
Trd, 4319071.643, 132
Trd, 4319071.993, 126
Trd, 4319072.243, 135
Trd, 4319072.443, 103
Trd, 4319074.243, 108
Trd, 4319074.493, 123
Trd, 4319077.043, 110
Trd, 4319077.543, 90
Trd, 4319077.743, 84
Trd, 4319078.593, 106
Trd, 4319079.193, 71
Trd, 4319081.543, 93
Trd, 4319081.993, 118
Trd, 4319082.043, 119
Trd, 4319083.743, 137
Trd, 4319084.743, 75
Trd, 4319085.043, 112
Trd, 4319085.493, 114
Trd, 4319086.043, 67
Trd, 4319086.643, 71
Trd, 4319087.543, 84
Trd, 4319088.543, 97
Trd, 4319088.843, 98
Trd, 4319089.493, 95
Trd, 4319090.293, 70
Trd, 4319090.443, 100
Trd, 4319091.393, 108
Trd, 4319092.293, 132
Trd, 4319093.143, 122
Trd, 4319093.943, 120
Trd, 4319094.143, 112
Trd, 4319096.143, 136
Trd, 4319096.393, 113
Trd, 4319096.793, 107
Trd, 4319097.693, 71
Trd, 4319098.043, 106
Trd, 4319098.543, 107
Trd, 4319099.843, 76
Trd, 4319101.443, 87
Trd, 4319101.643, 89
Trd, 4319101.893, 131
Trd, 4319102.043, 110
Trd, 4319104.443, 61
Trd, 4319105.193, 102
Trd, 4319105.593, 135
Trd, 4319106.093, 71
Trd, 4319106.643, 105
Trd, 4319107.293, 128
Trd, 4319107.543, 80
Trd, 4319108.243, 105
Trd, 4319109.393, 80
Trd, 4319110.143, 75
Trd, 4319110.543, 129
Trd, 4319110.793, 100
Trd, 4319111.693, 132
Trd, 4319111.993, 77
Trd, 4319112.543, 71
Trd, 4319113.643, 107
Trd, 4319115.243, 125
Trd, 4319116.093, 118
Trd, 4319116.193, 108
Trd, 4319116.893, 107
Trd, 4319117.493, 119
Trd, 4319117.743, 109
Trd, 4319118.193, 100
Trd, 4319119.143, 104
Trd, 4319119.443, 103
Trd, 4319119.893, 104
Trd, 4319120.593, 104
Trd, 4319121.493, 99
Trd, 4319121.593, 77
Trd, 4319122.843, 87
Trd, 4319123.543, 102
Trd, 4319125.293, 110
Trd, 4319125.593, 78
Trd, 4319126.043, 78
Trd, 4319126.243, 74
Trd, 4319126.943, 132
Trd, 4319127.043, 112
Trd, 4319127.843, 135
Trd, 4319128.043, 129
Trd, 4319128.093, 123
Trd, 4319130.993, 137
Trd, 4319131.143, 131
Trd, 4319131.943, 124
Trd, 4319132.293, 106
Trd, 4319132.593, 121
Trd, 4319132.743, 96
Trd, 4319133.893, 112
Trd, 4319134.393, 116
Trd, 4319135.243, 139
Trd, 4319136.343, 119
Trd, 4319137.843, 90
Trd, 4319138.243, 133
Trd, 4319138.493, 121
Trd, 4319138.893, 120
Trd, 4319139.493, 127
Trd, 4319140.093, 118
Trd, 4319140.793, 89
Trd, 4319141.393, 63
Trd, 4319142.493, 110
Trd, 4319143.793, 117
Trd, 4319145.043, 88
Trd, 4319145.243, 96
Trd, 4319145.793, 87
Trd, 4319147.393, 101
Trd, 4319147.443, 88
Trd, 4319147.493, 69
Trd, 4319148.143, 70
Trd, 4319149.093, 110
Trd, 4319149.143, 104
Trd, 4319150.143, 75
Trd, 4319151.893, 110
Trd, 4319152.893, 128
Trd, 4319154.343, 96
Trd, 4319154.743, 110
Trd, 4319154.943, 106
Trd, 4319156.243, 117
Trd, 4319156.493, 112
Trd, 4319156.743, 110
Trd, 4319157.593, 123
Trd, 4319158.743, 119
Trd, 4319159.893, 127
Trd, 4319160.143, 112
Trd, 4319160.893, 72
Trd, 4319161.543, 95
Trd, 4319161.643, 93
Trd, 4319162.993, 110
Trd, 4319163.243, 101
Trd, 4319163.293, 109
Trd, 4319165.693, 115
Trd, 4319165.793, 87
Trd, 4319167.343, 110
Trd, 4319167.393, 107
Trd, 4319168.943, 117
Trd, 4319169.693, 134
Trd, 4319170.293, 112
Trd, 4319172.743, 102
Trd, 4319173.443, 98
Trd, 4319173.543, 98
Trd, 4319174.243, 97
Trd, 4319174.693, 100
Trd, 4319174.843, 109
Trd, 4319175.993, 89
Trd, 4319177.443, 103
Trd, 4319178.193, 91
Trd, 4319179.143, 116
Trd, 4319179.543, 76
Trd, 4319180.093, 103
Trd, 4319181.043, 99
Trd, 4319181.093, 81
Trd, 4319182.243, 123
Trd, 4319183.043, 108
Trd, 4319184.093, 124
Trd, 4319185.043, 117
Trd, 4319185.193, 99
Trd, 4319186.043, 96
Trd, 4319186.343, 120
Trd, 4319186.943, 111
Trd, 4319188.293, 123
Trd, 4319189.243, 93
Trd, 4319189.343, 91
Trd, 4319189.943, 64
Trd, 4319190.293, 112
Trd, 4319190.893, 65
Trd, 4319192.043, 83
Trd, 4319193.193, 106
Trd, 4319194.393, 107
Trd, 4319194.643, 93
Trd, 4319195.793, 91
Trd, 4319196.143, 94
Trd, 4319196.293, 82
Trd, 4319196.743, 136
Trd, 4319197.093, 134
Trd, 4319197.943, 95
Trd, 4319199.443, 109
Trd, 4319200.043, 116
Trd, 4319200.643, 109
Trd, 4319201.693, 110
Trd, 4319202.543, 99
Trd, 4319203.043, 99
Trd, 4319204.043, 83
Trd, 4319204.643, 127
Trd, 4319205.193, 126
Trd, 4319206.743, 134
Trd, 4319206.993, 112
Trd, 4319207.643, 72
Trd, 4319208.993, 79
Trd, 4319209.543, 97
Trd, 4319209.843, 125
Trd, 4319211.893, 130
Trd, 4319212.743, 129
Trd, 4319213.493, 113
Trd, 4319213.993, 77
Trd, 4319214.043, 104
Trd, 4319214.943, 106
Trd, 4319215.243, 128
Trd, 4319215.543, 115
Trd, 4319216.893, 79
Trd, 4319217.893, 86
Trd, 4319218.043, 85
Trd, 4319218.743, 97
Trd, 4319219.593, 79
Trd, 4319220.193, 67
Trd, 4319220.293, 96
Trd, 4319221.093, 60
Trd, 4319221.293, 64
Trd, 4319222.393, 113
Trd, 4319222.543, 130
Trd, 4319223.043, 92
Trd, 4319224.243, 96
Trd, 4319225.743, 100
Trd, 4319226.643, 96
Trd, 4319226.893, 106
Trd, 4319227.043, 100
Trd, 4319227.943, 140
Trd, 4319228.843, 114
Trd, 4319229.543, 90
Trd, 4319229.993, 117
Trd, 4319231.193, 108
Trd, 4319231.343, 99
Trd, 4319231.793, 73
Trd, 4319232.293, 91
Trd, 4319232.743, 107
Trd, 4319233.243, 114
Trd, 4319234.043, 80
Trd, 4319234.843, 119
Trd, 4319234.893, 103
Trd, 4319235.843, 106
Trd, 4319238.093, 95
Trd, 4319238.443, 91
Trd, 4319238.943, 83
Trd, 4319240.593, 122
Trd, 4319241.093, 116
Trd, 4319242.243, 130
Trd, 4319242.293, 121
Trd, 4319242.343, 112
Trd, 4319242.793, 97
Trd, 4319245.493, 114
Trd, 4319245.793, 93
Trd, 4319246.393, 122
Trd, 4319246.993, 70
Trd, 4319248.093, 114
Trd, 4319248.743, 107
Trd, 4319248.843, 94
Trd, 4319249.493, 83
Trd, 4319249.593, 124
Trd, 4319250.493, 93
Trd, 4319251.493, 60
Trd, 4319251.593, 64
Trd, 4319252.893, 66
Trd, 4319253.693, 109
Trd, 4319253.993, 78
Trd, 4319255.343, 132
Trd, 4319255.693, 133
Trd, 4319255.743, 128
Trd, 4319256.693, 120
Trd, 4319257.143, 122
Trd, 4319259.343, 130
Trd, 4319259.843, 88
Trd, 4319260.643, 89
Trd, 4319261.093, 75
Trd, 4319261.693, 84
Trd, 4319261.943, 108
Trd, 4319262.443, 110
Trd, 4319262.543, 103
Trd, 4319262.793, 72
Trd, 4319263.743, 69
Trd, 4319264.943, 115
Trd, 4319265.493, 113
Trd, 4319266.093, 136
Trd, 4319266.443, 118
Trd, 4319267.843, 131
Trd, 4319269.293, 131
Trd, 4319269.343, 109
Trd, 4319269.543, 103
Trd, 4319270.093, 87
Trd, 4319270.793, 63
Trd, 4319271.193, 109
Trd, 4319271.993, 105
Trd, 4319273.543, 108
Trd, 4319274.193, 135
Trd, 4319274.943, 135
Trd, 4319275.493, 123
Trd, 4319275.843, 117
Trd, 4319276.643, 79
Trd, 4319278.243, 67
Trd, 4319279.093, 139
Trd, 4319279.443, 100
Trd, 4319279.743, 134
Trd, 4319280.143, 87
Trd, 4319280.443, 78
Trd, 4319281.443, 117
Trd, 4319282.093, 127
Trd, 4319282.643, 125
Trd, 4319283.693, 108
Trd, 4319283.793, 97
Trd, 4319283.993, 96
Trd, 4319285.193, 130
Trd, 4319285.243, 126
Trd, 4319285.943, 104
Trd, 4319288.193, 124
Trd, 4319288.443, 106
Trd, 4319289.343, 108
Trd, 4319290.193, 105
Trd, 4319290.543, 132
Trd, 4319290.893, 113
Trd, 4319291.093, 121
Trd, 4319292.093, 123
Trd, 4319292.293, 114
Trd, 4319292.343, 87
Trd, 4319294.393, 97
Trd, 4319295.243, 101
Trd, 4319295.493, 119
Trd, 4319296.293, 118
Trd, 4319296.393, 113
Trd, 4319296.643, 70
Trd, 4319297.443, 113
Trd, 4319297.893, 83
Trd, 4319299.343, 115
Trd, 4319299.993, 105
Trd, 4319300.143, 98
Trd, 4319300.893, 69
Trd, 4319302.043, 108
Trd, 4319302.343, 117
Trd, 4319304.593, 128
Trd, 4319304.743, 131
Trd, 4319306.093, 122
Trd, 4319306.843, 118
Trd, 4319306.893, 116
Trd, 4319307.493, 113
Trd, 4319308.493, 101
Trd, 4319308.543, 119
Trd, 4319309.293, 112
Trd, 4319309.693, 81
Trd, 4319309.943, 124
Trd, 4319310.993, 85
Trd, 4319311.693, 109
Trd, 4319313.093, 109
Trd, 4319314.643, 114
Trd, 4319314.793, 112
Trd, 4319314.893, 109
Trd, 4319315.893, 128
Trd, 4319316.893, 134
Trd, 4319317.393, 99
Trd, 4319317.743, 92
Trd, 4319318.743, 66
Trd, 4319319.593, 93
Trd, 4319319.643, 85
Trd, 4319320.293, 112
Trd, 4319320.843, 130
Trd, 4319322.443, 126
Trd, 4319322.593, 115
Trd, 4319322.743, 95
Trd, 4319322.793, 92
Trd, 4319324.143, 139
Trd, 4319326.343, 138
Trd, 4319326.893, 111
Trd, 4319327.643, 117
Trd, 4319328.343, 113
Trd, 4319328.693, 104
Trd, 4319330.643, 98
Trd, 4319331.393, 103
Trd, 4319331.793, 135
Trd, 4319332.493, 140
Trd, 4319332.743, 128
Trd, 4319333.043, 106
Trd, 4319334.793, 106
Trd, 4319335.543, 103
Trd, 4319335.793, 109
Trd, 4319336.143, 120
Trd, 4319337.393, 120
Trd, 4319337.743, 104
Trd, 4319340.193, 138
Trd, 4319340.593, 102
Trd, 4319340.993, 117
Trd, 4319341.093, 112
Trd, 4319341.593, 111
Trd, 4319342.293, 114
Trd, 4319343.243, 75
Trd, 4319343.993, 101
Trd, 4319345.743, 118
Trd, 4319346.743, 139
Trd, 4319346.843, 132
Trd, 4319347.293, 116
Trd, 4319347.693, 117
Trd, 4319347.893, 102
Trd, 4319348.493, 113
Trd, 4319348.793, 73
Trd, 4319349.843, 79
Trd, 4319351.243, 127
Trd, 4319351.693, 112
Trd, 4319352.593, 108
Trd, 4319352.743, 66
Trd, 4319352.893, 75
Trd, 4319353.243, 69
Trd, 4319353.693, 87
Trd, 4319354.843, 109
Trd, 4319355.443, 89
Trd, 4319355.593, 118
Trd, 4319356.593, 76
Trd, 4319357.243, 118
Trd, 4319358.793, 100
Trd, 4319359.893, 95
Trd, 4319359.993, 89
Trd, 4319360.343, 110
Trd, 4319361.043, 130
Trd, 4319361.193, 93
Trd, 4319361.893, 114
Trd, 4319362.243, 109
Trd, 4319363.393, 130
Trd, 4319363.443, 114
Trd, 4319363.743, 102
Trd, 4319363.843, 63
Trd, 4319366.293, 75
Trd, 4319366.593, 77
Trd, 4319367.993, 72
Trd, 4319368.693, 65
Trd, 4319369.993, 124
Trd, 4319370.693, 139
Trd, 4319370.743, 97
Trd, 4319370.893, 80
Trd, 4319371.593, 124
Trd, 4319372.793, 111
Trd, 4319373.443, 123
Trd, 4319373.493, 79
Trd, 4319374.043, 72
Trd, 4319374.693, 108
Trd, 4319375.743, 124
Trd, 4319377.243, 139
Trd, 4319377.293, 132
Trd, 4319378.543, 126
Trd, 4319379.993, 126
Trd, 4319380.193, 115
Trd, 4319380.993, 128
Trd, 4319381.893, 119
Trd, 4319382.093, 106
Trd, 4319383.393, 115
Trd, 4319385.043, 115
Trd, 4319385.293, 136
Trd, 4319385.493, 120
Trd, 4319385.843, 112
Trd, 4319387.293, 108
Trd, 4319387.693, 138
Trd, 4319387.993, 107
Trd, 4319388.743, 110
Trd, 4319389.143, 103
Trd, 4319389.193, 102
Trd, 4319389.643, 100
Trd, 4319390.943, 104
Trd, 4319391.493, 98
Trd, 4319392.693, 120
Trd, 4319392.893, 94
Trd, 4319394.443, 76
Trd, 4319394.793, 89
Trd, 4319395.043, 102
Trd, 4319395.193, 82
Trd, 4319395.843, 60
Trd, 4319396.893, 120
Trd, 4319397.493, 111
Trd, 4319398.843, 123
Trd, 4319400.193, 129
Trd, 4319400.843, 95
Trd, 4319402.143, 135
Trd, 4319402.593, 130
Trd, 4319403.043, 124
Trd, 4319403.093, 104
Trd, 4319403.843, 87
Trd, 4319405.493, 129
Trd, 4319405.993, 125
Trd, 4319406.293, 116
Trd, 4319406.743, 136
Trd, 4319408.343, 123
Trd, 4319408.943, 130
Trd, 4319409.693, 116
Trd, 4319409.843, 109
Trd, 4319410.093, 99
Trd, 4319410.543, 128
Trd, 4319411.143, 139
Trd, 4319412.143, 93
Trd, 4319412.543, 127
Trd, 4319413.093, 97
Trd, 4319414.493, 101
Trd, 4319416.093, 129
Trd, 4319416.593, 111
Trd, 4319417.293, 140
Trd, 4319417.343, 111
Trd, 4319417.893, 88
Trd, 4319420.093, 128
Trd, 4319420.493, 117
Trd, 4319420.793, 111
Trd, 4319422.193, 123
Trd, 4319422.243, 80
Trd, 4319422.393, 76
Trd, 4319423.493, 124
Trd, 4319424.293, 117
Trd, 4319424.893, 91
Trd, 4319425.343, 85
Trd, 4319426.043, 84
Trd, 4319426.993, 131
Trd, 4319427.393, 93
Trd, 4319428.843, 106
Trd, 4319428.943, 86
Trd, 4319429.043, 83
Trd, 4319429.343, 91
Trd, 4319430.693, 119
Trd, 4319431.143, 132
Trd, 4319431.643, 87
Trd, 4319433.193, 68
Trd, 4319433.843, 61
Trd, 4319435.043, 88
Trd, 4319435.293, 88
Trd, 4319435.343, 94
Trd, 4319435.693, 61
Trd, 4319436.693, 88
Trd, 4319437.443, 95
Trd, 4319437.693, 96
Trd, 4319438.443, 130
Trd, 4319439.193, 92
Trd, 4319440.343, 124
Trd, 4319440.943, 79
Trd, 4319441.693, 86
Trd, 4319442.743, 129
Trd, 4319443.543, 138
Trd, 4319444.193, 107
Trd, 4319444.893, 73
Trd, 4319445.443, 77
Trd, 4319445.843, 69
Trd, 4319446.193, 92
Trd, 4319446.643, 84
Trd, 4319449.193, 140
Trd, 4319449.393, 132
Trd, 4319449.993, 93
Trd, 4319451.443, 110
Trd, 4319452.643, 94
Trd, 4319453.093, 111
Trd, 4319454.743, 95
Trd, 4319455.193, 111
Trd, 4319455.793, 89
Trd, 4319456.643, 128
Trd, 4319457.243, 138
Trd, 4319457.343, 99
Trd, 4319457.493, 95
Trd, 4319458.143, 69
Trd, 4319458.893, 98
Trd, 4319459.643, 105
Trd, 4319460.993, 116
Trd, 4319461.293, 127
Trd, 4319461.593, 135
Trd, 4319462.193, 109
Trd, 4319462.493, 99
Trd, 4319463.343, 95
Trd, 4319463.393, 86
Trd, 4319464.043, 120
Trd, 4319464.243, 102
Trd, 4319464.443, 66
Trd, 4319467.093, 131
Trd, 4319467.293, 103
Trd, 4319467.393, 88
Trd, 4319468.393, 86
Trd, 4319468.693, 63
Trd, 4319469.843, 95
Trd, 4319470.743, 138
Trd, 4319470.993, 111
Trd, 4319471.093, 79
Trd, 4319473.543, 138
Trd, 4319473.643, 131
Trd, 4319473.893, 126
Trd, 4319474.493, 110
Trd, 4319475.193, 121
Trd, 4319475.493, 129
Trd, 4319475.693, 105
Trd, 4319476.243, 103
Trd, 4319476.893, 122
Trd, 4319476.943, 106
Trd, 4319479.043, 102
Trd, 4319479.193, 100
Trd, 4319480.043, 124
Trd, 4319480.343, 119
Trd, 4319480.893, 86
Trd, 4319481.893, 69
Trd, 4319482.543, 74
Trd, 4319482.643, 84
Trd, 4319483.893, 133
Trd, 4319484.343, 124
Trd, 4319484.693, 119
Trd, 4319485.193, 123
Trd, 4319485.793, 127
Trd, 4319486.193, 121
Trd, 4319486.743, 135
Trd, 4319487.643, 130
Trd, 4319488.293, 140
Trd, 4319488.993, 111
Trd, 4319489.893, 87
Trd, 4319491.143, 97
Trd, 4319491.793, 69
Trd, 4319492.093, 73
Trd, 4319492.343, 99
Trd, 4319493.943, 132
Trd, 4319494.843, 111
Trd, 4319496.493, 119
Trd, 4319496.543, 101
Trd, 4319497.693, 138
Trd, 4319497.843, 139
Trd, 4319498.543, 125
Trd, 4319498.593, 104
Trd, 4319498.693, 130
Trd, 4319501.293, 111
Trd, 4319502.443, 99
Trd, 4319502.993, 113
Trd, 4319503.243, 102
Trd, 4319504.493, 125
Trd, 4319505.143, 116
Trd, 4319505.193, 113
Trd, 4319506.693, 136
Trd, 4319506.943, 129
Trd, 4319507.643, 127
Trd, 4319507.943, 90
Trd, 4319510.793, 97
Trd, 4319510.893, 80
Trd, 4319510.943, 107
Trd, 4319511.343, 81
Trd, 4319514.593, 124
Trd, 4319514.793, 102
Trd, 4319514.993, 100
Trd, 4319515.643, 111
Trd, 4319516.043, 107
Trd, 4319516.843, 99
Trd, 4319516.943, 104
Trd, 4319517.193, 128
Trd, 4319518.643, 83
Trd, 4319519.143, 92
Trd, 4319520.093, 93
Trd, 4319520.843, 118
Trd, 4319521.143, 118
Trd, 4319524.543, 91
Trd, 4319525.243, 121
Trd, 4319525.693, 136
Trd, 4319526.193, 113
Trd, 4319527.093, 110
Trd, 4319527.293, 97
Trd, 4319527.843, 88
Trd, 4319528.243, 76
Trd, 4319529.193, 82
Trd, 4319529.343, 98
Trd, 4319529.993, 94
Trd, 4319530.993, 107
Trd, 4319531.343, 60
Trd, 4319531.693, 64
Trd, 4319531.993, 91
Trd, 4319532.893, 63
Trd, 4319534.143, 89
Trd, 4319534.593, 64
Trd, 4319535.593, 108
Trd, 4319535.643, 70
Trd, 4319535.893, 138
Trd, 4319536.443, 61
Trd, 4319539.093, 122
Trd, 4319539.243, 120
Trd, 4319539.443, 116
Trd, 4319539.693, 140
Trd, 4319539.993, 98
Trd, 4319540.543, 82
Trd, 4319541.193, 115
Trd, 4319542.693, 128
Trd, 4319542.743, 119
Trd, 4319545.243, 123
Trd, 4319545.343, 120
Trd, 4319545.743, 83
Trd, 4319546.393, 132
Trd, 4319546.793, 128
Trd, 4319547.893, 113
Trd, 4319548.543, 129
Trd, 4319549.893, 133
Trd, 4319550.493, 64
Trd, 4319550.543, 99
Trd, 4319551.693, 86
Trd, 4319552.293, 65
Trd, 4319552.793, 73
Trd, 4319553.293, 83
Trd, 4319553.743, 72
Trd, 4319555.243, 74
Trd, 4319555.993, 85
Trd, 4319556.793, 71
Trd, 4319557.143, 76
Trd, 4319558.143, 81
Trd, 4319559.343, 61
Trd, 4319560.043, 94
Trd, 4319560.893, 135
Trd, 4319560.993, 107
Trd, 4319561.943, 135
Trd, 4319561.993, 129
Trd, 4319562.143, 113
Trd, 4319562.493, 112
Trd, 4319564.393, 78
Trd, 4319564.593, 125
Trd, 4319565.243, 106
Trd, 4319565.993, 113
Trd, 4319566.893, 123
Trd, 4319566.943, 119
Trd, 4319567.293, 112
Trd, 4319569.043, 83
Trd, 4319569.543, 103
Trd, 4319569.793, 123
Trd, 4319569.843, 98
Trd, 4319570.693, 103
Trd, 4319572.543, 119
Trd, 4319572.843, 81
Trd, 4319573.843, 107
Trd, 4319574.743, 80
Trd, 4319574.993, 86
Trd, 4319575.343, 93
Trd, 4319576.643, 117
Trd, 4319578.193, 112
Trd, 4319578.243, 108
Trd, 4319580.593, 106
Trd, 4319580.743, 105
Trd, 4319581.943, 107
Trd, 4319582.843, 133
Trd, 4319583.243, 99
Trd, 4319583.493, 100
Trd, 4319584.093, 117
Trd, 4319584.143, 108
Trd, 4319585.143, 129
Trd, 4319585.343, 71
Trd, 4319586.843, 120
Trd, 4319588.343, 139
Trd, 4319588.443, 106
Trd, 4319589.443, 96
Trd, 4319591.293, 121
Trd, 4319591.943, 109
Trd, 4319592.493, 113
Trd, 4319593.093, 108
Trd, 4319593.993, 96
Trd, 4319594.243, 104
Trd, 4319594.793, 127
Trd, 4319596.243, 110
Trd, 4319596.293, 99
Trd, 4319597.443, 133
Trd, 4319598.943, 101
Trd, 4319599.743, 87
Trd, 4319600.493, 105
Trd, 4319600.993, 114
Trd, 4319601.293, 60
Trd, 4319601.843, 97
Trd, 4319601.893, 108
Trd, 4319602.243, 83
Trd, 4319603.443, 88
Trd, 4319604.193, 78
Trd, 4319605.393, 127
Trd, 4319605.543, 115
Trd, 4319605.843, 91
Trd, 4319606.443, 130
Trd, 4319607.743, 69
Trd, 4319608.393, 122
Trd, 4319609.093, 127
Trd, 4319609.293, 114
Trd, 4319609.493, 115
Trd, 4319609.693, 110
Trd, 4319610.243, 120
Trd, 4319610.993, 93
Trd, 4319611.343, 61
Trd, 4319612.243, 61
Trd, 4319613.393, 104
Trd, 4319614.543, 111
Trd, 4319615.843, 129
Trd, 4319616.043, 123
Trd, 4319616.543, 95
Trd, 4319617.093, 108
Trd, 4319617.693, 140
Trd, 4319618.443, 86
Trd, 4319618.593, 103
Trd, 4319618.893, 123
Trd, 4319619.893, 126
Trd, 4319620.743, 119
Trd, 4319620.993, 66
Trd, 4319621.693, 129
Trd, 4319622.593, 139
Trd, 4319623.393, 80
Trd, 4319623.693, 92
Trd, 4319625.193, 124
Trd, 4319625.543, 106
Trd, 4319625.843, 119
Trd, 4319626.343, 77
Trd, 4319628.543, 106
Trd, 4319628.893, 104
Trd, 4319629.293, 83
Trd, 4319629.593, 105
Trd, 4319630.193, 125
Trd, 4319631.543, 84
Trd, 4319631.893, 135
Trd, 4319632.643, 96
Trd, 4319634.043, 101
Trd, 4319635.293, 137
Trd, 4319635.793, 134
Trd, 4319635.893, 113
Trd, 4319636.393, 84
Trd, 4319636.743, 84
Trd, 4319637.693, 139
Trd, 4319639.893, 123
Trd, 4319639.993, 110
Trd, 4319640.493, 94
Trd, 4319640.543, 130
Trd, 4319640.943, 96
Trd, 4319642.593, 140
Trd, 4319642.993, 135
Trd, 4319643.043, 129
Trd, 4319643.993, 127
Trd, 4319646.693, 104
Trd, 4319647.143, 113
Trd, 4319647.243, 87
Trd, 4319648.843, 107
Trd, 4319649.043, 94
Trd, 4319650.543, 116
Trd, 4319651.243, 111
Trd, 4319652.993, 125
Trd, 4319653.143, 123
Trd, 4319653.493, 133
Trd, 4319653.893, 103
Trd, 4319655.243, 124
Trd, 4319655.593, 123
Trd, 4319655.693, 123
Trd, 4319657.343, 140
Trd, 4319658.093, 126
Trd, 4319658.343, 77
Trd, 4319659.093, 101
Trd, 4319659.493, 98
Trd, 4319660.593, 115
Trd, 4319660.693, 100
Trd, 4319661.193, 92
Trd, 4319661.843, 88
Trd, 4319663.243, 77
Trd, 4319663.693, 81
Trd, 4319664.543, 66
Trd, 4319665.493, 133
Trd, 4319665.693, 112
Trd, 4319668.643, 125
Trd, 4319668.893, 131
Trd, 4319669.543, 135
Trd, 4319670.493, 139
Trd, 4319670.843, 127
Trd, 4319670.943, 119
Trd, 4319671.343, 131
Trd, 4319671.643, 123
Trd, 4319672.393, 132
Trd, 4319673.993, 113
Trd, 4319675.993, 104
Trd, 4319676.193, 108
Trd, 4319676.243, 111
Trd, 4319676.693, 85
Trd, 4319677.293, 114
Trd, 4319678.493, 102
Trd, 4319679.493, 109
Trd, 4319679.693, 117
Trd, 4319680.043, 105
Trd, 4319680.543, 100
Trd, 4319681.543, 97
Trd, 4319681.943, 134
Trd, 4319682.093, 121
Trd, 4319682.593, 65
Trd, 4319684.693, 99
Trd, 4319685.943, 114
Trd, 4319687.843, 136
Trd, 4319689.593, 131
Trd, 4319689.793, 117
Trd, 4319689.843, 110
Trd, 4319690.343, 99
Trd, 4319690.443, 132
Trd, 4319691.593, 113
Trd, 4319692.443, 74
Trd, 4319693.093, 67
Trd, 4319693.593, 89
Trd, 4319693.643, 86
Trd, 4319694.693, 81
Trd, 4319695.443, 78
Trd, 4319695.743, 94
Trd, 4319696.143, 102
Trd, 4319698.743, 76
Trd, 4319698.793, 88
Trd, 4319698.843, 71
Trd, 4319699.843, 113
Trd, 4319699.943, 115
Trd, 4319701.143, 118
Trd, 4319701.943, 129
Trd, 4319703.293, 117
Trd, 4319704.043, 133
Trd, 4319704.493, 119
Trd, 4319704.643, 85
Trd, 4319704.943, 132
Trd, 4319704.993, 82
Trd, 4319705.993, 123
Trd, 4319708.943, 130
Trd, 4319709.643, 119
Trd, 4319709.693, 112
Trd, 4319710.093, 111
Trd, 4319712.193, 130
Trd, 4319712.493, 121
Trd, 4319713.993, 125
Trd, 4319714.043, 116
Trd, 4319714.143, 108
Trd, 4319714.443, 102
Trd, 4319714.993, 82
Trd, 4319715.243, 114
Trd, 4319716.593, 99
Trd, 4319718.043, 99
Trd, 4319718.843, 139
Trd, 4319719.493, 139
Trd, 4319719.693, 123
Trd, 4319720.493, 115
Trd, 4319720.843, 140
Trd, 4319721.393, 124
Trd, 4319721.443, 88
Trd, 4319722.993, 127
Trd, 4319724.143, 97
Trd, 4319725.543, 119
Trd, 4319725.643, 106
Trd, 4319726.943, 119
Trd, 4319727.093, 114
Trd, 4319727.593, 116
Trd, 4319728.193, 124
Trd, 4319728.393, 110
Trd, 4319729.543, 119
Trd, 4319729.593, 113
Trd, 4319730.693, 132
Trd, 4319731.443, 67
Trd, 4319731.843, 134
Trd, 4319732.193, 89
Trd, 4319733.693, 91
Trd, 4319734.293, 106
Trd, 4319734.643, 103
Trd, 4319735.693, 87
Trd, 4319736.043, 93
Trd, 4319736.343, 135
Trd, 4319738.093, 68
Trd, 4319738.143, 64
Trd, 4319738.443, 85
Trd, 4319739.243, 94
Trd, 4319740.293, 87
Trd, 4319740.743, 96
Trd, 4319741.293, 77
Trd, 4319742.343, 75
Trd, 4319743.793, 112
Trd, 4319743.843, 105
Trd, 4319744.393, 64
Trd, 4319745.593, 74
Trd, 4319745.843, 92
Trd, 4319746.093, 100
Trd, 4319747.093, 123
Trd, 4319747.343, 106
Trd, 4319747.993, 114
Trd, 4319748.393, 81
Trd, 4319748.943, 83
Trd, 4319750.293, 104
Trd, 4319751.543, 99
Trd, 4319752.843, 120
Trd, 4319753.593, 115
Trd, 4319753.643, 108
Trd, 4319754.143, 99
Trd, 4319754.243, 140
Trd, 4319755.843, 105
Trd, 4319756.943, 97
Trd, 4319758.093, 92
Trd, 4319758.793, 112
Trd, 4319758.843, 109
Trd, 4319759.143, 95
Trd, 4319759.193, 65
Trd, 4319759.743, 105
Trd, 4319760.193, 100
Trd, 4319761.043, 110
Trd, 4319761.543, 122
Trd, 4319762.293, 111
Trd, 4319763.943, 87
Trd, 4319764.193, 91
Trd, 4319766.093, 117
Trd, 4319766.693, 95
Trd, 4319767.743, 96
Trd, 4319769.743, 112
Trd, 4319771.143, 103
Trd, 4319771.293, 136
Trd, 4319771.343, 120
Trd, 4319772.343, 108
Trd, 4319773.193, 87
Trd, 4319774.743, 137
Trd, 4319775.343, 115
Trd, 4319775.393, 132
Trd, 4319775.643, 112
Trd, 4319776.393, 115
Trd, 4319776.943, 94
Trd, 4319777.793, 64
Trd, 4319778.343, 60
Trd, 4319779.843, 92
Trd, 4319781.293, 98
Trd, 4319781.943, 107
Trd, 4319782.393, 117
Trd, 4319783.693, 122
Trd, 4319785.193, 135
Trd, 4319785.843, 129
Trd, 4319786.793, 126
Trd, 4319787.493, 134
Trd, 4319787.943, 97
Trd, 4319788.993, 67
Trd, 4319789.193, 118
Trd, 4319789.893, 106
Trd, 4319790.293, 105
Trd, 4319791.093, 132
Trd, 4319791.443, 107
Trd, 4319792.243, 104
Trd, 4319792.643, 135
Trd, 4319793.293, 108
Trd, 4319794.193, 100
Trd, 4319795.193, 107
Trd, 4319796.893, 117
Trd, 4319796.993, 114
Trd, 4319797.093, 100
Trd, 4319797.443, 93
Trd, 4319798.943, 133
Trd, 4319799.143, 89
Trd, 4319799.293, 78
Trd, 4319800.543, 123
Trd, 4319801.443, 131
Trd, 4319801.843, 114
Trd, 4319802.043, 99
Trd, 4319803.043, 133
Trd, 4319803.743, 115
Trd, 4319805.643, 121
Trd, 4319806.293, 92
Trd, 4319806.443, 74
Trd, 4319807.743, 90
Trd, 4319808.643, 130
Trd, 4319809.543, 110
Trd, 4319809.893, 100
Trd, 4319810.493, 72
Trd, 4319811.343, 111
Trd, 4319811.643, 71
Trd, 4319812.493, 73
Trd, 4319813.193, 68
Trd, 4319813.493, 121
Trd, 4319815.993, 83
Trd, 4319817.343, 87
Trd, 4319817.993, 87
Trd, 4319818.293, 82
Trd, 4319818.593, 97
Trd, 4319819.893, 122
Trd, 4319820.793, 125
Trd, 4319821.693, 129
Trd, 4319822.693, 93
Trd, 4319822.893, 126
Trd, 4319823.093, 135
Trd, 4319824.943, 108
Trd, 4319825.743, 85
Trd, 4319827.593, 105
Trd, 4319827.793, 118
Trd, 4319827.893, 89
Trd, 4319830.493, 129
Trd, 4319831.493, 123
Trd, 4319831.993, 106
Trd, 4319833.293, 131
Trd, 4319833.393, 105
Trd, 4319833.843, 100
Trd, 4319834.193, 98
Trd, 4319835.243, 126
Trd, 4319835.393, 122
Trd, 4319836.243, 77
Trd, 4319837.243, 123
Trd, 4319838.843, 86
Trd, 4319839.193, 106
Trd, 4319840.193, 93
Trd, 4319840.943, 72
Trd, 4319842.143, 88
Trd, 4319842.793, 121
Trd, 4319844.093, 132
Trd, 4319844.543, 114
Trd, 4319844.693, 99
Trd, 4319846.243, 119
Trd, 4319846.643, 64
Trd, 4319847.743, 123
Trd, 4319847.993, 121
Trd, 4319848.143, 90
Trd, 4319848.843, 91
Trd, 4319849.343, 137
Trd, 4319850.443, 132
Trd, 4319851.043, 128
Trd, 4319851.543, 118
Trd, 4319851.893, 134
Trd, 4319852.643, 128
Trd, 4319852.943, 128
Trd, 4319853.393, 111
Trd, 4319854.043, 111
Trd, 4319856.143, 108
Trd, 4319856.393, 99
Trd, 4319857.193, 127
Trd, 4319857.693, 108
Trd, 4319858.593, 116
Trd, 4319858.943, 123
Trd, 4319859.593, 101
Trd, 4319860.393, 113
Trd, 4319860.693, 96
Trd, 4319860.843, 134
Trd, 4319861.893, 97
Trd, 4319862.843, 130
Trd, 4319863.543, 105
Trd, 4319864.293, 99
Trd, 4319865.643, 126
Trd, 4319865.843, 100
Trd, 4319867.243, 129
Trd, 4319868.343, 122
Trd, 4319868.493, 105
Trd, 4319868.743, 125
Trd, 4319869.093, 73
Trd, 4319869.893, 65
Trd, 4319871.293, 60
Trd, 4319872.393, 80
Trd, 4319872.543, 73
Trd, 4319873.143, 110
Trd, 4319873.593, 111
Trd, 4319874.443, 88
Trd, 4319874.893, 71
Trd, 4319875.643, 64
Trd, 4319876.493, 97
Trd, 4319877.243, 117
Trd, 4319878.243, 126
Trd, 4319878.393, 122
Trd, 4319878.793, 118
Trd, 4319879.943, 93
Trd, 4319880.143, 112
Trd, 4319881.293, 73
Trd, 4319882.143, 70
Trd, 4319882.193, 96
Trd, 4319882.643, 103
Trd, 4319882.693, 88
Trd, 4319883.093, 125
Trd, 4319884.143, 119
Trd, 4319885.193, 119
Trd, 4319886.993, 110
Trd, 4319887.693, 93
Trd, 4319887.743, 121
Trd, 4319888.843, 136
Trd, 4319889.593, 129
Trd, 4319890.793, 131
Trd, 4319891.643, 120
Trd, 4319891.893, 111
Trd, 4319892.293, 106
Trd, 4319892.593, 73
Trd, 4319894.043, 99
Trd, 4319894.093, 98
Trd, 4319894.843, 96
Trd, 4319895.293, 101
Trd, 4319895.843, 139
Trd, 4319896.493, 113
Trd, 4319897.743, 92
Trd, 4319898.293, 108
Trd, 4319898.643, 82
Trd, 4319898.893, 123
Trd, 4319900.793, 126
Trd, 4319901.193, 122
Trd, 4319901.293, 121
Trd, 4319902.193, 99
Trd, 4319903.243, 80
Trd, 4319903.543, 109
Trd, 4319904.093, 86
Trd, 4319904.593, 113
Trd, 4319905.043, 91
Trd, 4319906.943, 138
Trd, 4319908.293, 129
Trd, 4319908.743, 123
Trd, 4319908.793, 121
Trd, 4319909.543, 93
Trd, 4319909.793, 87
Trd, 4319910.693, 113
Trd, 4319910.743, 98
Trd, 4319911.143, 66
Trd, 4319912.593, 109
Trd, 4319913.243, 104
Trd, 4319914.093, 135
Trd, 4319914.643, 114
Trd, 4319915.493, 95
Trd, 4319916.643, 113
Trd, 4319917.093, 99
Trd, 4319918.093, 87
Trd, 4319919.043, 99
Trd, 4319919.543, 135
Trd, 4319919.793, 124
Trd, 4319919.993, 86
Trd, 4319920.643, 135
Trd, 4319921.893, 138
Trd, 4319922.543, 122
Trd, 4319922.693, 117
Trd, 4319923.443, 101
Trd, 4319923.893, 98
Trd, 4319924.493, 97
Trd, 4319925.593, 89
Trd, 4319925.693, 107
Trd, 4319926.043, 103
Trd, 4319928.143, 118
Trd, 4319928.893, 123
Trd, 4319929.543, 133
Trd, 4319929.893, 138
Trd, 4319930.343, 112
Trd, 4319931.443, 106
Trd, 4319932.593, 109
Trd, 4319933.243, 89
Trd, 4319933.343, 84
Trd, 4319934.943, 93
Trd, 4319934.993, 101
Trd, 4319935.443, 118
Trd, 4319936.793, 131
Trd, 4319936.843, 115
Trd, 4319937.543, 101
Trd, 4319938.193, 111
Trd, 4319938.443, 86
Trd, 4319938.993, 82
Trd, 4319940.843, 134
Trd, 4319941.543, 114
Trd, 4319942.143, 69
Trd, 4319942.743, 68
Trd, 4319943.743, 75
Trd, 4319944.093, 79
Trd, 4319944.243, 100
Trd, 4319944.693, 134
Trd, 4319945.543, 98
Trd, 4319945.993, 68
Trd, 4319947.443, 112
Trd, 4319948.443, 125
Trd, 4319948.693, 106
Trd, 4319949.943, 122
Trd, 4319950.543, 125
Trd, 4319951.193, 95
Trd, 4319952.393, 131
Trd, 4319953.043, 123
Trd, 4319953.193, 120
Trd, 4319954.343, 135
Trd, 4319954.793, 121
Trd, 4319955.393, 114
Trd, 4319957.143, 113
Trd, 4319957.493, 100
Trd, 4319957.943, 108
Trd, 4319959.093, 138
Trd, 4319959.243, 139
Trd, 4319959.693, 103
Trd, 4319960.393, 109
Trd, 4319960.593, 101
Trd, 4319960.843, 120
Trd, 4319961.943, 71
Trd, 4319962.343, 86
Trd, 4319963.293, 81
Trd, 4319963.743, 111
Trd, 4319963.993, 139
Trd, 4319964.743, 102
Trd, 4319966.743, 129
Trd, 4319966.943, 113
Trd, 4319968.193, 111
Trd, 4319968.993, 110
Trd, 4319970.343, 130
Trd, 4319970.443, 120
Trd, 4319970.743, 133
Trd, 4319971.343, 122
Trd, 4319972.493, 140
Trd, 4319972.993, 111
Trd, 4319973.393, 98
Trd, 4319973.493, 81
Trd, 4319975.893, 110
Trd, 4319976.993, 114
Trd, 4319977.043, 93
Trd, 4319978.693, 121
Trd, 4319979.593, 127
Trd, 4319979.643, 126
Trd, 4319979.943, 122
Trd, 4319981.793, 137
Trd, 4319982.243, 120
Trd, 4319982.493, 119
Trd, 4319982.893, 108
Trd, 4319982.993, 99
Trd, 4319983.293, 99
Trd, 4319984.193, 130
Trd, 4319984.893, 113
Trd, 4319985.143, 135
Trd, 4319985.843, 106
Trd, 4319986.393, 89
Trd, 4319987.943, 81
Trd, 4319988.293, 71
Trd, 4319990.093, 92
Trd, 4319990.193, 106
Trd, 4319991.543, 96
Trd, 4319992.093, 124
Trd, 4319993.493, 108
Trd, 4319993.993, 100
Trd, 4319994.043, 97
Trd, 4319995.543, 118
Trd, 4319995.743, 92
Trd, 4319995.893, 79
Trd, 4319996.193, 103
Trd, 4319996.793, 114
Trd, 4319997.343, 85
Trd, 4319998.193, 135
Trd, 4319998.343, 68
Trd, 4319998.943, 102
