Trd, 4318115.543, 61
Trd, 4318115.743, 62
Trd, 4318116.843, 63
Trd, 4318116.893, 140
Trd, 4318117.193, 61
Trd, 4318119.043, 63
Trd, 4318119.243, 60
Trd, 4318119.343, 69
Trd, 4318120.393, 120
Trd, 4318121.293, 123
Trd, 4318121.643, 113
Trd, 4318122.443, 140
Trd, 4318124.793, 130
Trd, 4318125.443, 128
Trd, 4318125.543, 101
Trd, 4318126.343, 131
Trd, 4318127.643, 133
Trd, 4318127.793, 120
Trd, 4318129.693, 140
Trd, 4318129.843, 130
Trd, 4318130.993, 138
Trd, 4318131.043, 124
Trd, 4318131.943, 131
Trd, 4318132.293, 94
Trd, 4318134.893, 140
Trd, 4318135.243, 139
Trd, 4318135.493, 108
Trd, 4318135.693, 86
Trd, 4318136.093, 139
Trd, 4318137.443, 107
Trd, 4318138.043, 139
Trd, 4318138.743, 123
Trd, 4318140.043, 131
Trd, 4318140.093, 122
Trd, 4318140.893, 122
Trd, 4318141.093, 85
Trd, 4318141.293, 133
Trd, 4318142.593, 90
Trd, 4318142.893, 99
Trd, 4318144.193, 60
Trd, 4318144.693, 60
Trd, 4318145.093, 139
Trd, 4318145.243, 138
Trd, 4318148.293, 140
Trd, 4318148.943, 140
Trd, 4318149.543, 140
Trd, 4318149.693, 120
Trd, 4318149.893, 84
Trd, 4318151.943, 140
Trd, 4318152.143, 78
Trd, 4318153.493, 138
Trd, 4318153.893, 79
Trd, 4318154.193, 114
Trd, 4318154.393, 97
Trd, 4318155.643, 117
Trd, 4318155.793, 131
Trd, 4318156.043, 77
Trd, 4318156.793, 70
Trd, 4318159.093, 140
Trd, 4318159.643, 140
Trd, 4318161.093, 140
Trd, 4318161.293, 140
Trd, 4318162.143, 138
Trd, 4318162.193, 117
Trd, 4318162.293, 96
Trd, 4318163.343, 140
Trd, 4318164.043, 138
Trd, 4318164.843, 111
Trd, 4318165.493, 115
Trd, 4318165.843, 111
Trd, 4318166.693, 140
Trd, 4318167.193, 139
Trd, 4318167.843, 127
Trd, 4318170.293, 130
Trd, 4318170.543, 115
Trd, 4318170.743, 85
Trd, 4318171.493, 140
Trd, 4318172.943, 140
Trd, 4318173.743, 140
Trd, 4318173.793, 136
Trd, 4318173.943, 85
Trd, 4318175.593, 140
Trd, 4318175.793, 125
Trd, 4318176.593, 119
Trd, 4318178.393, 140
Trd, 4318179.493, 140
Trd, 4318179.543, 138
Trd, 4318180.243, 121
Trd, 4318180.743, 114
Trd, 4318180.843, 86
Trd, 4318181.493, 65
Trd, 4318182.393, 81
Trd, 4318183.693, 140
Trd, 4318185.093, 140
Trd, 4318185.843, 140
Trd, 4318187.143, 120
Trd, 4318187.443, 119
Trd, 4318187.593, 140
Trd, 4318188.543, 140
Trd, 4318189.743, 134
Trd, 4318190.243, 119
Trd, 4318190.293, 118
Trd, 4318191.843, 140
Trd, 4318192.093, 139
Trd, 4318193.043, 117
Trd, 4318193.793, 67
Trd, 4318193.843, 83
Trd, 4318195.443, 120
Trd, 4318195.493, 99
Trd, 4318197.443, 97
Trd, 4318197.543, 111
Trd, 4318198.393, 139
Trd, 4318198.443, 134
Trd, 4318198.993, 134
Trd, 4318200.543, 85
Trd, 4318200.893, 76
Trd, 4318201.443, 79
Trd, 4318201.643, 80
Trd, 4318203.493, 60
Trd, 4318203.743, 61
Trd, 4318204.243, 98
Trd, 4318204.493, 98
Trd, 4318204.743, 97
Trd, 4318205.143, 74
Trd, 4318206.293, 133
Trd, 4318207.443, 94
Trd, 4318207.843, 62
Trd, 4318208.343, 63
Trd, 4318208.393, 64
Trd, 4318209.393, 106
Trd, 4318210.143, 114
Trd, 4318210.943, 140
Trd, 4318213.143, 140
Trd, 4318213.543, 139
Trd, 4318213.843, 128
Trd, 4318214.493, 140
Trd, 4318215.393, 139
Trd, 4318215.793, 110
Trd, 4318215.893, 108
Trd, 4318216.443, 101
Trd, 4318216.943, 83
Trd, 4318217.393, 84
Trd, 4318217.843, 83
Trd, 4318219.193, 82
Trd, 4318219.593, 108
Trd, 4318220.843, 87
Trd, 4318220.993, 133
Trd, 4318222.343, 140
Trd, 4318224.293, 118
Trd, 4318225.093, 124
Trd, 4318225.143, 123
Trd, 4318225.343, 117
Trd, 4318226.543, 117
Trd, 4318226.743, 77
Trd, 4318226.893, 64
Trd, 4318228.293, 140
Trd, 4318228.793, 66
Trd, 4318230.543, 113
Trd, 4318230.843, 109
Trd, 4318231.443, 133
Trd, 4318232.343, 76
Trd, 4318232.993, 137
Trd, 4318233.993, 140
Trd, 4318234.143, 139
Trd, 4318234.993, 110
Trd, 4318236.543, 131
Trd, 4318236.593, 111
Trd, 4318237.443, 113
Trd, 4318237.693, 72
Trd, 4318237.993, 138
Trd, 4318238.843, 126
Trd, 4318240.343, 60
Trd, 4318242.043, 60
Trd, 4318242.593, 63
Trd, 4318243.043, 122
Trd, 4318243.343, 131
Trd, 4318244.593, 130
Trd, 4318245.493, 116
Trd, 4318246.443, 122
Trd, 4318248.143, 140
Trd, 4318248.843, 107
Trd, 4318249.593, 140
Trd, 4318249.743, 139
Trd, 4318249.843, 132
Trd, 4318250.493, 112
Trd, 4318251.143, 117
Trd, 4318251.393, 106
Trd, 4318253.693, 140
Trd, 4318254.893, 140
Trd, 4318255.643, 140
Trd, 4318256.393, 140
Trd, 4318256.843, 105
Trd, 4318257.093, 85
Trd, 4318257.843, 61
Trd, 4318258.543, 66
Trd, 4318258.843, 68
Trd, 4318259.943, 79
Trd, 4318261.893, 140
Trd, 4318262.643, 140
Trd, 4318262.893, 140
Trd, 4318263.343, 97
Trd, 4318264.393, 68
Trd, 4318265.793, 107
Trd, 4318265.893, 120
Trd, 4318266.043, 99
Trd, 4318266.393, 120
Trd, 4318266.993, 61
Trd, 4318267.393, 61
Trd, 4318267.443, 135
Trd, 4318268.343, 89
Trd, 4318269.143, 63
Trd, 4318269.943, 64
Trd, 4318270.243, 63
Trd, 4318270.443, 88
Trd, 4318271.193, 60
Trd, 4318271.793, 66
Trd, 4318273.143, 63
Trd, 4318274.593, 140
Trd, 4318274.743, 139
Trd, 4318275.143, 136
Trd, 4318276.493, 100
Trd, 4318276.743, 89
Trd, 4318277.093, 139
Trd, 4318277.593, 61
Trd, 4318279.743, 132
Trd, 4318279.793, 66
Trd, 4318280.243, 100
Trd, 4318281.493, 140
Trd, 4318281.593, 140
Trd, 4318282.193, 140
Trd, 4318282.993, 103
Trd, 4318284.043, 140
Trd, 4318284.093, 128
Trd, 4318284.843, 96
Trd, 4318284.893, 96
Trd, 4318287.293, 140
Trd, 4318289.093, 140
Trd, 4318289.293, 140
Trd, 4318289.943, 140
Trd, 4318291.143, 60
Trd, 4318291.343, 60
Trd, 4318291.693, 78
Trd, 4318292.743, 87
Trd, 4318293.543, 122
Trd, 4318293.593, 121
Trd, 4318295.643, 118
Trd, 4318296.693, 140
Trd, 4318296.943, 139
Trd, 4318297.693, 140
Trd, 4318298.793, 128
Trd, 4318298.843, 75
Trd, 4318301.143, 60
Trd, 4318301.493, 61
Trd, 4318301.793, 68
Trd, 4318302.343, 61
Trd, 4318302.593, 140
Trd, 4318302.943, 62
Trd, 4318303.293, 86
Trd, 4318303.493, 61
Trd, 4318304.493, 68
Trd, 4318305.343, 82
Trd, 4318305.843, 89
Trd, 4318307.693, 140
Trd, 4318308.843, 140
Trd, 4318308.893, 138
Trd, 4318309.243, 111
Trd, 4318309.493, 105
Trd, 4318310.543, 140
Trd, 4318310.893, 140
Trd, 4318313.443, 140
Trd, 4318314.043, 139
Trd, 4318314.393, 124
Trd, 4318314.693, 117
Trd, 4318314.843, 89
Trd, 4318315.493, 90
Trd, 4318315.893, 94
Trd, 4318316.343, 84
Trd, 4318318.643, 140
Trd, 4318318.943, 140
Trd, 4318319.293, 139
Trd, 4318319.343, 133
Trd, 4318319.943, 139
Trd, 4318320.643, 134
Trd, 4318321.043, 116
Trd, 4318322.843, 88
Trd, 4318322.993, 67
Trd, 4318323.443, 84
Trd, 4318324.693, 130
Trd, 4318325.243, 123
Trd, 4318326.493, 104
Trd, 4318326.893, 103
Trd, 4318327.093, 93
Trd, 4318327.343, 93
Trd, 4318328.293, 140
Trd, 4318330.243, 119
Trd, 4318330.393, 117
Trd, 4318330.593, 140
Trd, 4318331.443, 104
Trd, 4318331.993, 108
Trd, 4318332.543, 102
Trd, 4318333.993, 110
Trd, 4318335.443, 68
Trd, 4318336.343, 139
Trd, 4318336.393, 108
Trd, 4318336.843, 133
Trd, 4318337.493, 83
Trd, 4318337.993, 66
Trd, 4318338.643, 116
Trd, 4318339.393, 140
Trd, 4318340.693, 94
Trd, 4318340.743, 100
Trd, 4318342.193, 61
Trd, 4318342.543, 140
Trd, 4318343.143, 106
Trd, 4318343.943, 140
Trd, 4318343.993, 140
Trd, 4318345.043, 140
Trd, 4318345.593, 131
Trd, 4318346.843, 140
Trd, 4318347.443, 140
Trd, 4318347.493, 140
Trd, 4318347.543, 140
Trd, 4318347.743, 105
Trd, 4318349.343, 140
Trd, 4318349.693, 125
Trd, 4318351.043, 89
Trd, 4318351.643, 140
Trd, 4318352.143, 140
Trd, 4318352.793, 139
Trd, 4318353.093, 130
Trd, 4318353.393, 100
Trd, 4318354.843, 110
Trd, 4318355.443, 99
Trd, 4318355.793, 77
Trd, 4318356.443, 136
Trd, 4318356.693, 109
Trd, 4318357.143, 98
Trd, 4318358.343, 81
Trd, 4318359.793, 101
Trd, 4318360.593, 132
Trd, 4318360.943, 80
Trd, 4318361.393, 123
Trd, 4318362.693, 104
Trd, 4318362.743, 89
Trd, 4318364.093, 134
Trd, 4318364.543, 106
Trd, 4318366.293, 60
Trd, 4318366.743, 61
Trd, 4318366.843, 63
Trd, 4318367.243, 60
Trd, 4318367.843, 119
Trd, 4318369.493, 140
Trd, 4318370.293, 140
Trd, 4318370.393, 140
Trd, 4318371.993, 140
Trd, 4318372.043, 110
Trd, 4318373.243, 71
Trd, 4318373.293, 61
Trd, 4318374.443, 90
Trd, 4318374.943, 98
Trd, 4318375.043, 72
Trd, 4318375.143, 108
Trd, 4318376.043, 85
Trd, 4318377.043, 89
Trd, 4318377.993, 71
Trd, 4318378.393, 105
Trd, 4318380.893, 140
Trd, 4318380.993, 140
Trd, 4318381.143, 120
Trd, 4318381.193, 107
Trd, 4318383.193, 140
Trd, 4318383.543, 130
Trd, 4318385.693, 139
Trd, 4318386.543, 123
Trd, 4318386.793, 85
Trd, 4318387.043, 135
Trd, 4318387.743, 89
Trd, 4318388.193, 140
Trd, 4318388.393, 76
Trd, 4318388.993, 138
Trd, 4318389.893, 60
Trd, 4318390.543, 60
Trd, 4318391.193, 72
Trd, 4318391.293, 98
Trd, 4318392.493, 140
Trd, 4318393.043, 140
Trd, 4318393.393, 139
Trd, 4318394.693, 136
Trd, 4318395.943, 138
Trd, 4318396.093, 98
Trd, 4318396.493, 129
Trd, 4318397.293, 90
Trd, 4318398.093, 93
Trd, 4318398.343, 65
Trd, 4318398.893, 136
Trd, 4318399.093, 62
Trd, 4318400.043, 131
Trd, 4318400.243, 129
Trd, 4318400.643, 102
Trd, 4318400.993, 138
Trd, 4318402.143, 139
Trd, 4318403.143, 127
Trd, 4318404.293, 137
Trd, 4318404.343, 136
Trd, 4318406.593, 97
Trd, 4318406.893, 73
Trd, 4318407.493, 61
Trd, 4318408.393, 100
Trd, 4318408.543, 139
Trd, 4318409.893, 140
Trd, 4318410.643, 134
Trd, 4318412.243, 140
Trd, 4318413.093, 140
Trd, 4318414.143, 136
Trd, 4318415.043, 111
Trd, 4318415.443, 110
Trd, 4318415.493, 92
Trd, 4318416.143, 81
Trd, 4318416.493, 94
Trd, 4318416.693, 66
Trd, 4318418.543, 63
Trd, 4318419.493, 64
Trd, 4318420.143, 140
Trd, 4318421.343, 138
Trd, 4318421.843, 101
Trd, 4318422.693, 140
Trd, 4318423.943, 118
Trd, 4318424.493, 85
Trd, 4318424.693, 86
Trd, 4318425.643, 91
Trd, 4318425.893, 66
Trd, 4318426.043, 62
Trd, 4318426.143, 68
Trd, 4318427.493, 124
Trd, 4318429.693, 140
Trd, 4318429.743, 135
Trd, 4318431.043, 139
Trd, 4318431.343, 134
Trd, 4318431.443, 110
Trd, 4318431.493, 104
Trd, 4318432.643, 140
Trd, 4318433.643, 132
Trd, 4318433.893, 72
Trd, 4318434.793, 120
Trd, 4318435.593, 79
Trd, 4318435.743, 115
Trd, 4318436.293, 88
Trd, 4318437.543, 136
Trd, 4318437.593, 82
Trd, 4318439.593, 126
Trd, 4318439.743, 125
Trd, 4318440.793, 140
Trd, 4318441.093, 126
Trd, 4318443.843, 139
Trd, 4318444.643, 140
Trd, 4318444.893, 140
Trd, 4318445.093, 140
Trd, 4318445.443, 128
Trd, 4318446.843, 114
Trd, 4318447.143, 118
Trd, 4318447.393, 119
Trd, 4318448.043, 140
Trd, 4318448.443, 113
Trd, 4318450.193, 99
Trd, 4318450.543, 90
Trd, 4318451.743, 93
Trd, 4318452.443, 87
Trd, 4318453.743, 102
Trd, 4318454.293, 120
Trd, 4318454.643, 138
Trd, 4318455.193, 98
Trd, 4318455.393, 90
Trd, 4318455.493, 67
Trd, 4318455.943, 84
Trd, 4318457.543, 120
Trd, 4318457.593, 95
Trd, 4318458.793, 61
Trd, 4318459.343, 62
Trd, 4318459.593, 139
Trd, 4318462.043, 140
Trd, 4318462.743, 140
Trd, 4318463.543, 127
Trd, 4318463.743, 98
Trd, 4318464.543, 139
Trd, 4318464.943, 138
Trd, 4318466.643, 125
Trd, 4318467.093, 125
Trd, 4318468.093, 140
Trd, 4318468.593, 108
Trd, 4318469.193, 140
Trd, 4318469.943, 130
Trd, 4318470.093, 125
Trd, 4318470.843, 140
Trd, 4318471.343, 119
Trd, 4318472.243, 62
Trd, 4318472.693, 139
Trd, 4318473.943, 60
Trd, 4318474.243, 91
Trd, 4318474.693, 82
Trd, 4318475.543, 78
Trd, 4318477.043, 140
Trd, 4318478.143, 76
Trd, 4318478.393, 75
Trd, 4318479.243, 81
Trd, 4318479.443, 67
Trd, 4318480.893, 82
Trd, 4318481.593, 135
Trd, 4318482.843, 112
Trd, 4318483.393, 137
Trd, 4318484.243, 136
Trd, 4318484.443, 135
Trd, 4318484.893, 125
Trd, 4318485.243, 106
Trd, 4318485.843, 69
Trd, 4318486.243, 63
Trd, 4318487.443, 100
Trd, 4318487.793, 100
Trd, 4318489.643, 97
Trd, 4318490.143, 135
Trd, 4318490.393, 136
Trd, 4318491.843, 73
Trd, 4318492.643, 140
Trd, 4318493.693, 68
Trd, 4318494.193, 112
Trd, 4318494.393, 136
Trd, 4318495.143, 86
Trd, 4318496.443, 139
Trd, 4318497.043, 134
Trd, 4318497.993, 96
Trd, 4318499.743, 140
Trd, 4318499.893, 140
Trd, 4318499.993, 99
Trd, 4318502.443, 139
Trd, 4318502.543, 136
Trd, 4318502.843, 65
Trd, 4318504.143, 76
Trd, 4318504.193, 72
Trd, 4318504.843, 139
Trd, 4318505.843, 138
Trd, 4318507.543, 87
Trd, 4318508.043, 100
Trd, 4318509.143, 114
Trd, 4318509.393, 99
Trd, 4318509.493, 74
Trd, 4318509.593, 140
Trd, 4318510.643, 69
Trd, 4318512.693, 76
Trd, 4318513.293, 80
Trd, 4318515.093, 76
Trd, 4318515.393, 81
Trd, 4318515.843, 139
Trd, 4318516.643, 65
Trd, 4318517.193, 63
Trd, 4318517.393, 60
Trd, 4318518.843, 87
Trd, 4318519.193, 108
Trd, 4318520.443, 140
Trd, 4318520.543, 139
Trd, 4318521.843, 109
Trd, 4318522.293, 113
Trd, 4318522.943, 102
Trd, 4318522.993, 90
Trd, 4318524.043, 61
Trd, 4318524.243, 64
Trd, 4318524.343, 71
Trd, 4318525.943, 96
Trd, 4318526.243, 140
Trd, 4318526.793, 119
Trd, 4318527.643, 63
Trd, 4318528.343, 64
Trd, 4318529.293, 120
Trd, 4318531.093, 140
Trd, 4318531.143, 140
Trd, 4318531.243, 125
Trd, 4318531.843, 118
Trd, 4318531.993, 88
Trd, 4318533.193, 115
Trd, 4318533.843, 107
Trd, 4318534.493, 139
Trd, 4318534.843, 127
Trd, 4318536.093, 140
Trd, 4318537.293, 138
Trd, 4318537.843, 104
Trd, 4318538.243, 140
Trd, 4318539.143, 122
Trd, 4318539.693, 118
Trd, 4318540.043, 101
Trd, 4318540.243, 127
Trd, 4318541.393, 140
Trd, 4318541.843, 139
Trd, 4318542.943, 81
Trd, 4318543.093, 92
Trd, 4318544.343, 75
Trd, 4318544.943, 101
Trd, 4318545.993, 140
Trd, 4318546.343, 137
Trd, 4318546.943, 75
Trd, 4318547.243, 93
Trd, 4318549.193, 140
Trd, 4318549.443, 140
Trd, 4318549.543, 140
Trd, 4318550.093, 139
Trd, 4318550.843, 131
Trd, 4318551.243, 91
Trd, 4318551.493, 85
Trd, 4318552.193, 86
Trd, 4318554.543, 140
Trd, 4318555.743, 140
Trd, 4318556.143, 140
Trd, 4318556.393, 140
Trd, 4318556.893, 107
Trd, 4318557.143, 94
Trd, 4318557.793, 104
Trd, 4318557.943, 96
Trd, 4318559.893, 62
Trd, 4318560.193, 123
Trd, 4318560.543, 133
Trd, 4318561.893, 113
Trd, 4318561.943, 74
Trd, 4318562.243, 73
Trd, 4318563.043, 82
Trd, 4318563.743, 61
Trd, 4318564.243, 61
Trd, 4318566.043, 92
Trd, 4318566.193, 136
Trd, 4318566.643, 111
Trd, 4318567.543, 61
Trd, 4318568.443, 115
Trd, 4318568.493, 117
Trd, 4318569.643, 62
Trd, 4318570.693, 60
Trd, 4318571.443, 62
Trd, 4318572.043, 70
Trd, 4318572.193, 79
Trd, 4318574.143, 134
Trd, 4318574.743, 134
Trd, 4318575.593, 122
Trd, 4318575.643, 115
Trd, 4318575.943, 102
Trd, 4318576.793, 138
Trd, 4318576.843, 111
Trd, 4318579.393, 99
Trd, 4318579.543, 98
Trd, 4318579.793, 61
Trd, 4318580.593, 66
Trd, 4318583.293, 140
Trd, 4318583.393, 139
Trd, 4318584.043, 140
Trd, 4318584.443, 90
Trd, 4318585.243, 122
Trd, 4318585.443, 89
Trd, 4318586.693, 140
Trd, 4318589.593, 140
Trd, 4318589.943, 122
Trd, 4318590.043, 140
Trd, 4318590.193, 123
Trd, 4318590.293, 75
Trd, 4318590.893, 86
Trd, 4318591.543, 67
Trd, 4318591.793, 121
Trd, 4318594.093, 80
Trd, 4318594.193, 85
Trd, 4318594.693, 70
Trd, 4318596.543, 139
Trd, 4318597.043, 126
Trd, 4318597.193, 114
Trd, 4318597.743, 86
Trd, 4318600.193, 140
Trd, 4318600.643, 140
Trd, 4318601.243, 72
Trd, 4318601.343, 140
Trd, 4318601.493, 64
Trd, 4318602.993, 140
Trd, 4318604.243, 64
Trd, 4318604.493, 106
Trd, 4318605.143, 64
Trd, 4318605.243, 108
Trd, 4318605.843, 140
Trd, 4318606.893, 107
Trd, 4318607.943, 103
Trd, 4318608.693, 113
Trd, 4318608.993, 121
Trd, 4318609.843, 140
Trd, 4318610.193, 140
Trd, 4318611.293, 121
Trd, 4318611.543, 100
Trd, 4318611.843, 96
Trd, 4318612.743, 66
Trd, 4318613.293, 65
Trd, 4318614.593, 122
Trd, 4318615.243, 140
Trd, 4318616.243, 140
Trd, 4318616.543, 126
Trd, 4318617.143, 114
Trd, 4318617.743, 136
Trd, 4318619.843, 136
Trd, 4318619.893, 128
Trd, 4318620.993, 114
Trd, 4318621.693, 125
Trd, 4318621.743, 99
Trd, 4318623.193, 140
Trd, 4318624.043, 140
Trd, 4318624.543, 112
Trd, 4318625.493, 140
Trd, 4318625.593, 83
Trd, 4318625.643, 100
Trd, 4318626.093, 83
Trd, 4318627.193, 140
Trd, 4318627.943, 131
Trd, 4318628.343, 127
Trd, 4318629.443, 113
Trd, 4318629.993, 104
Trd, 4318630.243, 113
Trd, 4318630.943, 140
Trd, 4318631.293, 139
Trd, 4318631.843, 61
Trd, 4318632.293, 86
Trd, 4318632.743, 127
Trd, 4318634.043, 85
Trd, 4318635.193, 103
Trd, 4318635.393, 102
Trd, 4318635.493, 64
Trd, 4318635.993, 133
Trd, 4318636.643, 139
Trd, 4318637.943, 140
Trd, 4318639.443, 137
Trd, 4318640.993, 140
Trd, 4318641.143, 139
Trd, 4318641.643, 140
Trd, 4318641.793, 136
Trd, 4318642.693, 127
Trd, 4318644.143, 131
Trd, 4318644.943, 132
Trd, 4318645.343, 139
Trd, 4318646.943, 138
Trd, 4318648.243, 135
Trd, 4318648.493, 109
Trd, 4318648.593, 93
Trd, 4318648.843, 65
Trd, 4318650.293, 61
Trd, 4318651.943, 60
Trd, 4318652.743, 61
Trd, 4318653.043, 63
Trd, 4318653.143, 67
Trd, 4318653.393, 62
Trd, 4318653.693, 69
Trd, 4318654.043, 93
Trd, 4318655.743, 105
Trd, 4318656.743, 128
Trd, 4318656.843, 90
Trd, 4318658.093, 119
Trd, 4318658.243, 140
Trd, 4318658.593, 134
Trd, 4318658.693, 65
Trd, 4318659.243, 64
Trd, 4318660.743, 103
Trd, 4318660.793, 101
Trd, 4318662.543, 140
Trd, 4318663.143, 93
Trd, 4318663.693, 80
Trd, 4318665.193, 140
Trd, 4318665.993, 139
Trd, 4318666.043, 93
Trd, 4318666.743, 136
Trd, 4318667.343, 114
Trd, 4318667.393, 75
Trd, 4318667.793, 121
Trd, 4318669.093, 140
Trd, 4318669.593, 121
Trd, 4318670.393, 120
Trd, 4318670.543, 86
Trd, 4318671.293, 140
Trd, 4318671.393, 81
Trd, 4318671.843, 63
Trd, 4318673.893, 125
Trd, 4318674.543, 94
Trd, 4318674.893, 93
Trd, 4318675.893, 140
Trd, 4318676.793, 130
Trd, 4318677.143, 98
Trd, 4318678.093, 107
Trd, 4318679.743, 140
Trd, 4318680.443, 139
Trd, 4318680.543, 133
Trd, 4318680.943, 112
Trd, 4318682.243, 140
Trd, 4318683.243, 140
Trd, 4318683.343, 140
Trd, 4318683.743, 140
Trd, 4318685.293, 140
Trd, 4318685.343, 131
Trd, 4318685.793, 139
Trd, 4318685.843, 128
Trd, 4318686.293, 107
Trd, 4318687.893, 104
Trd, 4318688.393, 135
Trd, 4318689.693, 138
Trd, 4318691.593, 74
Trd, 4318692.693, 140
Trd, 4318693.343, 125
Trd, 4318693.743, 89
Trd, 4318694.743, 140
Trd, 4318695.593, 132
Trd, 4318696.043, 105
Trd, 4318696.393, 127
Trd, 4318697.143, 124
Trd, 4318698.343, 139
Trd, 4318698.443, 91
Trd, 4318700.143, 74
Trd, 4318700.393, 73
Trd, 4318701.143, 85
Trd, 4318702.343, 84
Trd, 4318702.793, 71
Trd, 4318702.993, 69
Trd, 4318704.343, 93
Trd, 4318705.093, 115
Trd, 4318705.243, 124
Trd, 4318706.443, 121
Trd, 4318706.843, 97
Trd, 4318707.293, 73
Trd, 4318707.343, 83
Trd, 4318708.343, 139
Trd, 4318709.493, 70
Trd, 4318709.643, 115
Trd, 4318711.393, 109
Trd, 4318711.543, 107
Trd, 4318711.643, 105
Trd, 4318711.693, 79
Trd, 4318714.193, 140
Trd, 4318715.393, 140
Trd, 4318715.443, 139
Trd, 4318717.093, 139
Trd, 4318718.093, 135
Trd, 4318718.243, 119
Trd, 4318719.393, 139
Trd, 4318720.043, 117
Trd, 4318721.793, 138
Trd, 4318722.343, 126
Trd, 4318723.143, 99
Trd, 4318724.093, 140
Trd, 4318724.443, 140
Trd, 4318725.293, 113
Trd, 4318726.293, 135
Trd, 4318726.343, 108
Trd, 4318726.693, 97
Trd, 4318726.793, 95
Trd, 4318727.743, 88
Trd, 4318728.643, 137
Trd, 4318728.793, 132
Trd, 4318729.193, 82
Trd, 4318729.643, 71
Trd, 4318731.343, 62
Trd, 4318731.893, 74
Trd, 4318732.243, 75
Trd, 4318732.493, 68
Trd, 4318733.043, 66
Trd, 4318733.593, 61
Trd, 4318734.043, 135
Trd, 4318734.593, 138
Trd, 4318734.743, 86
Trd, 4318736.393, 140
Trd, 4318736.643, 140
Trd, 4318737.543, 103
Trd, 4318737.843, 99
Trd, 4318738.543, 139
Trd, 4318740.343, 140
Trd, 4318742.593, 115
Trd, 4318742.693, 86
Trd, 4318743.293, 73
Trd, 4318744.393, 135
Trd, 4318744.493, 66
Trd, 4318746.293, 97
Trd, 4318746.693, 95
Trd, 4318747.393, 94
Trd, 4318748.393, 120
Trd, 4318749.293, 140
Trd, 4318750.593, 140
Trd, 4318750.643, 140
Trd, 4318751.993, 140
Trd, 4318752.143, 121
Trd, 4318752.643, 107
Trd, 4318753.643, 104
Trd, 4318753.793, 140
Trd, 4318754.243, 140
Trd, 4318756.043, 136
Trd, 4318756.443, 135
Trd, 4318756.693, 78
Trd, 4318757.643, 108
Trd, 4318757.793, 117
Trd, 4318758.543, 60
Trd, 4318759.943, 60
Trd, 4318760.043, 74
Trd, 4318761.743, 129
Trd, 4318761.893, 128
Trd, 4318762.193, 132
Trd, 4318762.943, 87
Trd, 4318763.443, 60
Trd, 4318763.793, 61
Trd, 4318764.093, 61
Trd, 4318764.893, 61
Trd, 4318765.243, 69
Trd, 4318766.943, 130
Trd, 4318767.043, 129
Trd, 4318767.293, 90
Trd, 4318768.343, 140
Trd, 4318768.393, 140
Trd, 4318768.943, 138
Trd, 4318770.343, 65
Trd, 4318770.543, 69
Trd, 4318771.093, 109
Trd, 4318771.843, 77
Trd, 4318772.243, 113
Trd, 4318772.943, 138
Trd, 4318774.493, 114
Trd, 4318775.193, 87
Trd, 4318775.543, 117
Trd, 4318775.593, 116
Trd, 4318777.093, 135
Trd, 4318778.043, 139
Trd, 4318778.743, 140
Trd, 4318779.293, 140
Trd, 4318779.843, 140
Trd, 4318780.543, 136
Trd, 4318781.343, 126
Trd, 4318781.393, 122
Trd, 4318782.293, 123
Trd, 4318782.693, 106
Trd, 4318783.593, 139
Trd, 4318784.243, 140
Trd, 4318784.743, 140
Trd, 4318784.993, 115
Trd, 4318787.893, 124
Trd, 4318789.193, 138
Trd, 4318789.893, 129
Trd, 4318790.893, 140
Trd, 4318791.443, 125
Trd, 4318791.643, 93
Trd, 4318791.993, 138
Trd, 4318794.543, 140
Trd, 4318794.943, 140
Trd, 4318796.043, 140
Trd, 4318796.693, 140
Trd, 4318797.993, 102
Trd, 4318798.343, 69
Trd, 4318798.543, 60
Trd, 4318799.443, 132
Trd, 4318800.193, 92
Trd, 4318801.043, 129
Trd, 4318802.493, 91
Trd, 4318803.193, 70
Trd, 4318803.443, 78
Trd, 4318803.943, 77
Trd, 4318805.043, 87
Trd, 4318805.243, 88
Trd, 4318805.693, 96
Trd, 4318806.093, 92
Trd, 4318807.793, 67
Trd, 4318808.843, 140
Trd, 4318809.243, 140
Trd, 4318810.943, 138
Trd, 4318811.093, 137
Trd, 4318811.243, 136
Trd, 4318811.343, 127
Trd, 4318813.143, 140
Trd, 4318813.843, 137
Trd, 4318814.093, 103
Trd, 4318814.243, 87
Trd, 4318814.593, 134
Trd, 4318815.643, 110
Trd, 4318816.443, 102
Trd, 4318816.943, 69
Trd, 4318817.793, 138
Trd, 4318819.543, 140
Trd, 4318821.943, 140
Trd, 4318822.443, 140
Trd, 4318822.493, 140
Trd, 4318822.993, 94
Trd, 4318823.043, 102
Trd, 4318823.843, 135
Trd, 4318824.493, 130
Trd, 4318824.743, 127
Trd, 4318825.143, 95
Trd, 4318826.143, 101
Trd, 4318827.443, 103
Trd, 4318827.893, 136
Trd, 4318829.393, 140
Trd, 4318829.943, 139
Trd, 4318830.043, 120
Trd, 4318830.293, 100
Trd, 4318831.343, 140
Trd, 4318832.193, 102
Trd, 4318832.593, 140
Trd, 4318833.093, 140
Trd, 4318834.143, 118
Trd, 4318835.993, 122
Trd, 4318836.493, 117
Trd, 4318836.793, 84
Trd, 4318837.193, 63
Trd, 4318837.243, 66
Trd, 4318838.243, 100
Trd, 4318838.743, 140
Trd, 4318838.893, 84
Trd, 4318839.543, 127
Trd, 4318840.493, 96
Trd, 4318840.843, 96
Trd, 4318841.943, 138
Trd, 4318843.293, 129
Trd, 4318843.643, 89
Trd, 4318844.393, 140
Trd, 4318844.893, 135
Trd, 4318846.893, 132
Trd, 4318848.843, 139
Trd, 4318849.793, 137
Trd, 4318850.693, 120
Trd, 4318851.043, 117
Trd, 4318851.793, 116
Trd, 4318851.893, 115
Trd, 4318852.943, 135
Trd, 4318853.093, 123
Trd, 4318853.343, 86
Trd, 4318855.543, 139
Trd, 4318855.893, 112
Trd, 4318856.043, 108
Trd, 4318856.593, 96
Trd, 4318857.293, 140
Trd, 4318859.043, 121
Trd, 4318859.443, 89
Trd, 4318859.693, 86
Trd, 4318861.093, 135
Trd, 4318861.143, 134
Trd, 4318861.743, 116
Trd, 4318861.893, 67
Trd, 4318863.893, 140
Trd, 4318863.943, 140
Trd, 4318864.293, 139
Trd, 4318865.593, 118
Trd, 4318866.643, 108
Trd, 4318866.793, 95
Trd, 4318868.993, 140
Trd, 4318869.443, 140
Trd, 4318870.243, 140
Trd, 4318870.493, 116
Trd, 4318870.793, 104
Trd, 4318872.493, 123
Trd, 4318872.943, 124
Trd, 4318873.543, 110
Trd, 4318873.643, 140
Trd, 4318874.893, 140
Trd, 4318875.693, 134
Trd, 4318875.893, 106
Trd, 4318877.543, 108
Trd, 4318877.843, 128
Trd, 4318879.393, 139
Trd, 4318879.543, 123
Trd, 4318880.693, 127
Trd, 4318881.293, 113
Trd, 4318882.143, 138
Trd, 4318882.743, 140
Trd, 4318882.843, 123
Trd, 4318883.943, 114
Trd, 4318885.143, 127
Trd, 4318885.443, 128
Trd, 4318886.193, 86
Trd, 4318886.393, 102
Trd, 4318889.093, 140
Trd, 4318889.193, 140
Trd, 4318889.943, 140
Trd, 4318891.093, 140
Trd, 4318891.443, 98
Trd, 4318891.543, 96
Trd, 4318892.643, 135
Trd, 4318893.193, 101
Trd, 4318894.393, 117
Trd, 4318894.843, 95
Trd, 4318894.943, 80
Trd, 4318895.943, 127
Trd, 4318897.743, 80
Trd, 4318897.993, 79
Trd, 4318898.793, 118
Trd, 4318900.093, 132
Trd, 4318900.593, 118
Trd, 4318900.993, 104
Trd, 4318901.243, 123
Trd, 4318902.093, 138
Trd, 4318902.693, 80
Trd, 4318903.043, 140
Trd, 4318907.693, 140
Trd, 4318907.843, 140
Trd, 4318908.243, 140
Trd, 4318909.443, 140
Trd, 4318910.493, 140
Trd, 4318910.643, 140
Trd, 4318910.693, 137
Trd, 4318910.743, 107
Trd, 4318911.043, 88
Trd, 4318911.793, 120
Trd, 4318913.393, 117
Trd, 4318914.343, 140
Trd, 4318914.443, 101
Trd, 4318915.593, 134
Trd, 4318917.493, 105
Trd, 4318917.693, 101
Trd, 4318918.343, 113
Trd, 4318918.393, 89
Trd, 4318919.293, 140
Trd, 4318919.693, 140
Trd, 4318919.743, 140
Trd, 4318920.543, 128
Trd, 4318921.493, 111
Trd, 4318921.643, 140
Trd, 4318924.093, 136
Trd, 4318924.593, 136
Trd, 4318924.693, 114
Trd, 4318925.643, 105
Trd, 4318925.993, 62
Trd, 4318927.343, 60
Trd, 4318927.393, 61
Trd, 4318927.843, 123
Trd, 4318928.493, 140
Trd, 4318930.693, 140
Trd, 4318930.743, 139
Trd, 4318930.843, 139
Trd, 4318931.093, 111
Trd, 4318932.793, 137
Trd, 4318933.143, 101
Trd, 4318934.543, 117
Trd, 4318934.843, 86
Trd, 4318936.743, 127
Trd, 4318936.993, 102
Trd, 4318937.243, 98
Trd, 4318937.893, 103
Trd, 4318938.243, 94
Trd, 4318939.293, 120
Trd, 4318940.043, 64
Trd, 4318940.443, 60
Trd, 4318941.493, 61
Trd, 4318943.293, 140
Trd, 4318943.543, 140
Trd, 4318944.743, 133
Trd, 4318944.793, 110
Trd, 4318945.243, 73
Trd, 4318946.293, 72
Trd, 4318946.343, 94
Trd, 4318946.643, 94
Trd, 4318947.043, 112
Trd, 4318947.243, 65
Trd, 4318948.793, 61
Trd, 4318949.793, 64
Trd, 4318950.943, 60
Trd, 4318951.893, 60
Trd, 4318952.043, 66
Trd, 4318952.193, 134
Trd, 4318952.793, 63
Trd, 4318954.243, 140
Trd, 4318955.393, 126
Trd, 4318956.243, 140
Trd, 4318956.843, 140
Trd, 4318957.593, 97
Trd, 4318959.093, 97
Trd, 4318959.543, 60
Trd, 4318960.243, 108
Trd, 4318962.193, 134
Trd, 4318962.793, 136
Trd, 4318963.543, 134
Trd, 4318963.643, 133
Trd, 4318964.143, 113
Trd, 4318964.793, 112
Trd, 4318964.993, 125
Trd, 4318967.293, 98
Trd, 4318967.843, 140
Trd, 4318968.493, 130
Trd, 4318968.593, 124
Trd, 4318969.043, 61
Trd, 4318969.693, 89
Trd, 4318969.843, 94
Trd, 4318971.343, 137
Trd, 4318972.293, 101
Trd, 4318973.143, 112
Trd, 4318973.193, 99
Trd, 4318975.443, 101
Trd, 4318975.543, 71
Trd, 4318976.693, 140
Trd, 4318976.993, 137
Trd, 4318977.993, 140
Trd, 4318978.243, 106
Trd, 4318979.193, 106
Trd, 4318979.393, 126
Trd, 4318979.843, 71
Trd, 4318980.743, 105
Trd, 4318980.793, 117
Trd, 4318981.793, 136
Trd, 4318983.993, 140
Trd, 4318984.043, 137
Trd, 4318984.393, 140
Trd, 4318984.443, 138
Trd, 4318985.693, 134
Trd, 4318987.393, 105
Trd, 4318987.593, 101
Trd, 4318988.643, 124
Trd, 4318989.593, 125
Trd, 4318990.243, 122
Trd, 4318990.393, 131
Trd, 4318990.743, 98
Trd, 4318991.043, 89
Trd, 4318991.293, 78
Trd, 4318991.343, 113
Trd, 4318992.043, 121
Trd, 4318993.193, 139
Trd, 4318993.743, 134
Trd, 4318994.893, 95
Trd, 4318995.143, 112
Trd, 4318996.693, 79
Trd, 4318996.943, 62
Trd, 4318997.193, 116
Trd, 4318997.893, 123
Trd, 4319000.343, 139
Trd, 4319000.393, 105
Trd, 4319001.893, 140
Trd, 4319002.193, 140
Trd, 4319002.393, 126
Trd, 4319003.243, 129
Trd, 4319003.693, 91
Trd, 4319004.043, 138
Trd, 4319005.743, 115
Trd, 4319005.793, 88
Trd, 4319005.943, 66
Trd, 4319006.843, 140
Trd, 4319007.693, 140
Trd, 4319008.243, 140
Trd, 4319009.443, 67
Trd, 4319009.993, 72
Trd, 4319010.393, 72
Trd, 4319011.043, 140
Trd, 4319011.893, 120
Trd, 4319012.543, 80
Trd, 4319013.593, 118
Trd, 4319013.943, 80
Trd, 4319013.993, 74
Trd, 4319014.393, 81
Trd, 4319014.793, 74
Trd, 4319015.543, 71
Trd, 4319015.693, 71
Trd, 4319018.243, 140
Trd, 4319018.393, 139
Trd, 4319018.493, 114
Trd, 4319019.043, 132
Trd, 4319020.143, 104
Trd, 4319020.393, 105
Trd, 4319022.093, 102
Trd, 4319022.143, 96
Trd, 4319022.293, 81
Trd, 4319023.543, 77
Trd, 4319023.793, 74
Trd, 4319024.893, 140
Trd, 4319026.243, 129
Trd, 4319026.593, 138
Trd, 4319026.993, 109
Trd, 4319027.593, 116
Trd, 4319028.293, 115
Trd, 4319029.193, 98
Trd, 4319029.843, 96
Trd, 4319031.093, 140
Trd, 4319032.193, 139
Trd, 4319033.043, 140
Trd, 4319034.093, 125
Trd, 4319034.543, 123
Trd, 4319035.043, 122
Trd, 4319036.093, 126
Trd, 4319036.343, 125
Trd, 4319036.893, 119
Trd, 4319037.543, 139
Trd, 4319038.093, 140
Trd, 4319038.743, 98
Trd, 4319040.143, 103
Trd, 4319040.743, 139
Trd, 4319041.443, 125
Trd, 4319041.693, 123
Trd, 4319041.993, 122
Trd, 4319042.043, 82
Trd, 4319042.393, 68
Trd, 4319043.843, 131
Trd, 4319044.843, 128
Trd, 4319045.043, 117
Trd, 4319045.443, 139
Trd, 4319046.093, 80
Trd, 4319046.493, 62
Trd, 4319046.993, 64
Trd, 4319048.293, 122
Trd, 4319048.643, 123
Trd, 4319050.193, 140
Trd, 4319051.043, 137
Trd, 4319051.243, 136
Trd, 4319052.293, 115
Trd, 4319053.493, 127
Trd, 4319054.393, 140
Trd, 4319054.693, 139
Trd, 4319055.443, 140
Trd, 4319056.843, 135
Trd, 4319056.943, 120
Trd, 4319057.843, 140
Trd, 4319057.993, 140
Trd, 4319058.993, 132
Trd, 4319059.893, 104
Trd, 4319061.043, 140
Trd, 4319061.343, 132
Trd, 4319061.793, 128
Trd, 4319062.343, 127
Trd, 4319063.493, 68
Trd, 4319063.593, 81
Trd, 4319063.943, 140
Trd, 4319064.143, 116
Trd, 4319065.993, 139
Trd, 4319066.043, 137
Trd, 4319066.543, 137
Trd, 4319067.843, 71
Trd, 4319068.293, 60
Trd, 4319068.943, 60
Trd, 4319069.343, 61
Trd, 4319070.893, 61
Trd, 4319071.243, 64
Trd, 4319071.343, 60
Trd, 4319071.743, 65
Trd, 4319072.493, 71
Trd, 4319073.543, 138
Trd, 4319073.593, 137
Trd, 4319074.443, 140
Trd, 4319074.693, 139
Trd, 4319075.293, 136
Trd, 4319075.843, 91
Trd, 4319077.843, 111
Trd, 4319077.943, 104
Trd, 4319079.343, 128
Trd, 4319079.393, 63
Trd, 4319079.643, 72
Trd, 4319081.443, 140
Trd, 4319081.493, 125
Trd, 4319082.043, 118
Trd, 4319082.243, 71
Trd, 4319082.393, 109
Trd, 4319083.143, 63
Trd, 4319083.843, 61
Trd, 4319084.743, 75
Trd, 4319084.893, 137
Trd, 4319087.193, 113
Trd, 4319087.543, 94
Trd, 4319088.093, 133
Trd, 4319088.493, 100
Trd, 4319088.793, 114
Trd, 4319090.143, 136
Trd, 4319090.743, 137
Trd, 4319091.093, 135
Trd, 4319091.393, 101
Trd, 4319091.743, 131
Trd, 4319092.843, 140
Trd, 4319092.993, 140
Trd, 4319093.443, 93
Trd, 4319096.193, 140
Trd, 4319096.843, 139
Trd, 4319096.893, 138
Trd, 4319096.943, 131
Trd, 4319097.843, 112
Trd, 4319099.043, 89
Trd, 4319099.993, 89
Trd, 4319101.943, 139
Trd, 4319102.193, 121
Trd, 4319102.543, 138
Trd, 4319103.243, 110
Trd, 4319103.343, 87
Trd, 4319103.993, 110
Trd, 4319104.143, 105
Trd, 4319105.243, 72
Trd, 4319105.943, 67
Trd, 4319106.793, 140
Trd, 4319107.543, 140
Trd, 4319107.893, 140
Trd, 4319109.193, 98
Trd, 4319109.243, 94
Trd, 4319109.643, 100
Trd, 4319110.893, 109
Trd, 4319111.593, 138
Trd, 4319112.343, 105
Trd, 4319113.043, 102
Trd, 4319113.993, 140
Trd, 4319114.143, 140
Trd, 4319114.593, 86
Trd, 4319114.893, 110
Trd, 4319117.143, 140
Trd, 4319117.393, 136
Trd, 4319118.293, 138
Trd, 4319119.093, 116
Trd, 4319119.643, 67
Trd, 4319119.693, 137
Trd, 4319120.693, 126
Trd, 4319120.843, 118
Trd, 4319121.093, 105
Trd, 4319121.343, 78
Trd, 4319123.193, 72
Trd, 4319124.143, 131
Trd, 4319124.693, 134
Trd, 4319124.893, 129
Trd, 4319125.093, 139
Trd, 4319127.593, 140
Trd, 4319127.643, 140
Trd, 4319127.893, 120
Trd, 4319128.043, 93
Trd, 4319128.343, 78
Trd, 4319130.443, 103
Trd, 4319130.893, 103
Trd, 4319131.943, 140
Trd, 4319132.043, 122
Trd, 4319133.493, 140
Trd, 4319133.943, 92
Trd, 4319134.693, 82
Trd, 4319135.243, 130
Trd, 4319135.893, 140
Trd, 4319136.893, 137
Trd, 4319137.693, 97
Trd, 4319138.693, 101
Trd, 4319138.943, 99
Trd, 4319139.493, 135
Trd, 4319139.643, 125
Trd, 4319139.943, 140
Trd, 4319140.643, 60
Trd, 4319141.293, 63
Trd, 4319141.443, 65
Trd, 4319142.293, 65
Trd, 4319142.393, 110
Trd, 4319143.643, 60
Trd, 4319143.743, 62
Trd, 4319145.693, 137
Trd, 4319145.743, 135
Trd, 4319145.993, 124
Trd, 4319147.043, 140
Trd, 4319147.593, 139
Trd, 4319147.993, 90
Trd, 4319149.593, 103
Trd, 4319149.943, 99
Trd, 4319150.693, 107
Trd, 4319150.843, 79
Trd, 4319152.143, 133
Trd, 4319152.643, 96
Trd, 4319152.943, 115
Trd, 4319154.493, 126
Trd, 4319155.143, 104
Trd, 4319155.843, 139
Trd, 4319156.543, 85
Trd, 4319157.443, 118
Trd, 4319157.793, 112
Trd, 4319158.143, 119
Trd, 4319159.693, 118
Trd, 4319161.143, 82
Trd, 4319161.193, 99
Trd, 4319162.343, 97
Trd, 4319163.143, 95
Trd, 4319163.793, 95
Trd, 4319164.293, 140
Trd, 4319164.893, 90
Trd, 4319165.043, 140
Trd, 4319166.293, 124
Trd, 4319166.943, 136
Trd, 4319168.193, 140
Trd, 4319168.543, 128
Trd, 4319169.893, 113
Trd, 4319169.943, 112
Trd, 4319170.543, 122
Trd, 4319170.893, 70
Trd, 4319171.793, 140
Trd, 4319173.843, 140
Trd, 4319174.793, 140
Trd, 4319174.993, 139
Trd, 4319175.493, 118
Trd, 4319175.893, 93
Trd, 4319177.243, 126
Trd, 4319177.693, 130
Trd, 4319178.293, 116
Trd, 4319179.093, 140
Trd, 4319179.243, 140
Trd, 4319179.593, 126
Trd, 4319180.343, 117
Trd, 4319181.293, 94
Trd, 4319182.943, 103
Trd, 4319183.843, 140
Trd, 4319184.243, 99
Trd, 4319184.393, 95
Trd, 4319185.043, 104
Trd, 4319185.793, 140
Trd, 4319186.393, 129
Trd, 4319186.893, 112
Trd, 4319187.693, 140
Trd, 4319188.143, 60
Trd, 4319189.393, 72
Trd, 4319189.443, 130
Trd, 4319190.793, 126
Trd, 4319192.593, 140
Trd, 4319192.993, 140
Trd, 4319193.643, 118
Trd, 4319194.093, 123
Trd, 4319194.843, 140
Trd, 4319195.093, 92
Trd, 4319195.343, 81
Trd, 4319196.993, 122
Trd, 4319198.593, 140
Trd, 4319199.393, 140
Trd, 4319199.843, 140
Trd, 4319199.943, 139
Trd, 4319200.143, 103
Trd, 4319201.893, 115
Trd, 4319202.343, 87
Trd, 4319203.243, 99
Trd, 4319203.643, 89
Trd, 4319204.193, 122
Trd, 4319205.893, 140
Trd, 4319206.943, 121
Trd, 4319206.993, 119
Trd, 4319207.843, 138
Trd, 4319208.243, 137
Trd, 4319209.193, 125
Trd, 4319210.093, 103
Trd, 4319210.143, 102
Trd, 4319210.743, 125
Trd, 4319212.343, 139
Trd, 4319213.093, 122
Trd, 4319213.193, 105
Trd, 4319214.293, 91
Trd, 4319214.643, 87
Trd, 4319215.793, 124
Trd, 4319215.843, 110
Trd, 4319216.543, 90
Trd, 4319216.893, 102
Trd, 4319219.393, 128
Trd, 4319219.693, 132
Trd, 4319220.043, 116
Trd, 4319221.043, 84
Trd, 4319221.143, 86
Trd, 4319222.243, 96
Trd, 4319222.393, 81
Trd, 4319223.793, 81
Trd, 4319223.993, 140
Trd, 4319226.293, 95
Trd, 4319226.943, 119
Trd, 4319227.393, 139
Trd, 4319228.293, 117
Trd, 4319228.443, 75
Trd, 4319229.143, 129
Trd, 4319229.293, 108
Trd, 4319229.893, 140
Trd, 4319231.743, 140
Trd, 4319232.743, 140
Trd, 4319233.893, 140
Trd, 4319233.943, 128
Trd, 4319233.993, 76
Trd, 4319236.243, 134
Trd, 4319236.843, 140
Trd, 4319237.043, 117
Trd, 4319237.293, 139
Trd, 4319237.343, 140
Trd, 4319238.793, 90
Trd, 4319239.943, 96
Trd, 4319241.493, 140
Trd, 4319241.943, 140
Trd, 4319242.093, 111
Trd, 4319242.393, 95
Trd, 4319243.593, 68
Trd, 4319243.993, 83
Trd, 4319244.593, 127
Trd, 4319245.143, 108
Trd, 4319245.393, 93
Trd, 4319247.743, 140
Trd, 4319247.793, 122
Trd, 4319248.243, 115
Trd, 4319249.343, 139
Trd, 4319249.393, 114
Trd, 4319250.293, 107
Trd, 4319251.193, 62
Trd, 4319251.643, 60
Trd, 4319252.193, 126
Trd, 4319253.293, 115
Trd, 4319253.993, 116
Trd, 4319254.943, 140
Trd, 4319255.043, 140
Trd, 4319255.293, 101
Trd, 4319255.843, 84
Trd, 4319256.393, 140
Trd, 4319256.693, 139
Trd, 4319257.243, 80
Trd, 4319257.893, 81
Trd, 4319258.793, 71
Trd, 4319258.843, 89
Trd, 4319260.293, 110
Trd, 4319261.143, 140
Trd, 4319262.243, 111
Trd, 4319262.293, 122
Trd, 4319263.293, 121
Trd, 4319264.143, 128
Trd, 4319264.943, 127
Trd, 4319265.143, 126
Trd, 4319265.743, 140
Trd, 4319266.993, 138
Trd, 4319268.543, 99
Trd, 4319268.843, 94
Trd, 4319269.593, 109
Trd, 4319270.243, 108
Trd, 4319270.993, 94
Trd, 4319272.093, 140
Trd, 4319272.393, 138
Trd, 4319273.243, 79
Trd, 4319273.993, 87
Trd, 4319274.543, 60
Trd, 4319277.943, 116
Trd, 4319277.993, 102
Trd, 4319279.243, 138
Trd, 4319280.293, 140
Trd, 4319280.593, 140
Trd, 4319280.793, 139
Trd, 4319281.493, 111
Trd, 4319281.743, 140
Trd, 4319283.643, 140
Trd, 4319285.293, 140
Trd, 4319285.593, 140
Trd, 4319286.093, 140
Trd, 4319286.393, 125
Trd, 4319286.543, 105
Trd, 4319286.893, 100
Trd, 4319286.993, 88
Trd, 4319287.893, 76
Trd, 4319289.293, 139
Trd, 4319290.093, 140
Trd, 4319291.243, 140
Trd, 4319291.393, 113
Trd, 4319292.493, 106
Trd, 4319292.893, 84
Trd, 4319292.993, 83
Trd, 4319293.393, 90
Trd, 4319295.093, 137
Trd, 4319295.893, 139
Trd, 4319296.243, 119
Trd, 4319297.843, 94
Trd, 4319298.143, 88
Trd, 4319300.793, 138
Trd, 4319301.193, 140
Trd, 4319301.493, 140
Trd, 4319301.743, 138
Trd, 4319302.643, 140
Trd, 4319302.743, 102
Trd, 4319303.493, 102
Trd, 4319304.793, 60
Trd, 4319305.093, 60
Trd, 4319305.993, 113
Trd, 4319306.243, 120
Trd, 4319307.043, 81
Trd, 4319307.243, 62
Trd, 4319307.293, 97
Trd, 4319308.043, 80
Trd, 4319308.393, 87
Trd, 4319308.993, 138
Trd, 4319310.393, 63
Trd, 4319311.743, 86
Trd, 4319312.893, 135
Trd, 4319313.043, 138
Trd, 4319313.393, 75
Trd, 4319313.693, 73
Trd, 4319315.743, 60
Trd, 4319316.143, 62
Trd, 4319316.393, 76
Trd, 4319317.293, 60
Trd, 4319319.543, 64
Trd, 4319320.193, 62
Trd, 4319320.643, 68
Trd, 4319322.093, 138
Trd, 4319322.293, 76
Trd, 4319322.443, 75
Trd, 4319323.093, 138
Trd, 4319323.843, 118
Trd, 4319324.293, 117
Trd, 4319325.493, 126
Trd, 4319325.743, 133
Trd, 4319326.193, 117
Trd, 4319326.243, 94
Trd, 4319326.493, 132
Trd, 4319327.793, 92
Trd, 4319327.893, 102
Trd, 4319328.543, 90
Trd, 4319330.893, 140
Trd, 4319331.343, 140
Trd, 4319332.193, 140
Trd, 4319332.493, 129
Trd, 4319333.443, 139
Trd, 4319333.893, 114
Trd, 4319335.143, 103
Trd, 4319335.393, 101
Trd, 4319336.743, 126
Trd, 4319337.143, 135
Trd, 4319337.843, 135
Trd, 4319338.693, 124
Trd, 4319338.893, 136
Trd, 4319340.343, 114
Trd, 4319341.393, 108
Trd, 4319341.643, 97
Trd, 4319342.343, 72
Trd, 4319343.193, 123
Trd, 4319344.143, 139
Trd, 4319344.593, 118
Trd, 4319345.193, 110
Trd, 4319345.343, 69
Trd, 4319346.343, 64
Trd, 4319347.143, 71
Trd, 4319348.743, 70
Trd, 4319349.293, 64
Trd, 4319349.343, 96
Trd, 4319350.343, 61
Trd, 4319350.943, 61
Trd, 4319352.293, 62
Trd, 4319353.293, 88
Trd, 4319353.743, 96
Trd, 4319354.393, 67
Trd, 4319355.243, 140
Trd, 4319355.743, 105
Trd, 4319356.143, 103
Trd, 4319356.993, 136
Trd, 4319357.143, 116
Trd, 4319357.293, 61
Trd, 4319360.243, 104
Trd, 4319360.693, 104
Trd, 4319361.093, 87
Trd, 4319361.143, 71
Trd, 4319362.293, 63
Trd, 4319363.393, 66
Trd, 4319363.693, 117
Trd, 4319363.943, 69
Trd, 4319364.843, 80
Trd, 4319364.993, 61
Trd, 4319365.643, 139
Trd, 4319366.993, 140
Trd, 4319368.193, 140
Trd, 4319368.843, 140
Trd, 4319369.593, 127
Trd, 4319370.443, 140
Trd, 4319370.593, 139
Trd, 4319371.043, 100
Trd, 4319371.843, 101
Trd, 4319373.043, 140
Trd, 4319373.493, 119
Trd, 4319374.443, 129
Trd, 4319375.293, 129
Trd, 4319375.493, 112
Trd, 4319376.143, 111
Trd, 4319376.293, 114
Trd, 4319376.743, 90
Trd, 4319379.793, 140
Trd, 4319380.643, 140
Trd, 4319380.743, 140
Trd, 4319381.443, 140
Trd, 4319381.643, 140
Trd, 4319382.843, 117
Trd, 4319383.343, 87
Trd, 4319383.543, 92
Trd, 4319383.643, 119
Trd, 4319384.643, 140
Trd, 4319385.293, 94
Trd, 4319385.793, 134
Trd, 4319387.443, 140
Trd, 4319388.793, 111
Trd, 4319389.493, 117
Trd, 4319389.843, 108
Trd, 4319391.443, 81
Trd, 4319391.843, 80
Trd, 4319392.193, 62
Trd, 4319392.243, 98
Trd, 4319392.543, 60
Trd, 4319394.393, 80
Trd, 4319394.693, 78
Trd, 4319395.593, 101
Trd, 4319396.693, 82
Trd, 4319397.543, 138
Trd, 4319398.793, 139
Trd, 4319399.493, 140
Trd, 4319400.893, 140
Trd, 4319401.293, 140
Trd, 4319401.393, 139
Trd, 4319402.443, 109
Trd, 4319402.593, 108
Trd, 4319403.293, 101
Trd, 4319403.643, 64
Trd, 4319404.293, 63
Trd, 4319404.893, 61
Trd, 4319405.793, 60
Trd, 4319405.843, 61
Trd, 4319406.543, 100
Trd, 4319407.693, 129
Trd, 4319407.743, 100
Trd, 4319409.693, 140
Trd, 4319410.193, 140
Trd, 4319410.393, 140
Trd, 4319411.443, 139
Trd, 4319411.993, 128
Trd, 4319412.493, 128
Trd, 4319413.593, 114
Trd, 4319414.543, 134
Trd, 4319414.693, 128
Trd, 4319417.393, 140
Trd, 4319417.793, 140
Trd, 4319418.143, 136
Trd, 4319418.493, 115
Trd, 4319418.843, 112
Trd, 4319419.493, 77
Trd, 4319420.493, 80
Trd, 4319421.343, 140
Trd, 4319421.793, 129
Trd, 4319422.243, 137
Trd, 4319423.743, 81
Trd, 4319424.993, 66
Trd, 4319425.543, 104
Trd, 4319426.093, 60
Trd, 4319426.693, 65
Trd, 4319428.343, 140
Trd, 4319428.393, 140
Trd, 4319428.443, 140
Trd, 4319430.043, 139
Trd, 4319430.093, 138
Trd, 4319430.243, 122
Trd, 4319430.693, 93
Trd, 4319431.543, 62
Trd, 4319432.893, 136
Trd, 4319433.993, 138
Trd, 4319435.143, 129
Trd, 4319435.743, 117
Trd, 4319435.793, 131
Trd, 4319436.243, 139
Trd, 4319437.393, 101
Trd, 4319438.693, 107
Trd, 4319439.243, 126
Trd, 4319439.593, 125
Trd, 4319441.143, 119
Trd, 4319441.993, 61
Trd, 4319442.193, 65
Trd, 4319442.893, 68
Trd, 4319444.593, 110
Trd, 4319445.943, 111
Trd, 4319446.193, 105
Trd, 4319447.243, 140
Trd, 4319447.543, 139
Trd, 4319448.943, 123
Trd, 4319449.143, 122
Trd, 4319451.593, 136
Trd, 4319451.843, 123
Trd, 4319451.993, 121
Trd, 4319453.193, 62
Trd, 4319454.293, 110
Trd, 4319454.343, 109
Trd, 4319455.193, 132
Trd, 4319455.593, 139
Trd, 4319456.243, 123
Trd, 4319457.793, 139
Trd, 4319458.493, 140
Trd, 4319459.993, 116
Trd, 4319460.543, 140
Trd, 4319460.643, 104
Trd, 4319461.643, 111
Trd, 4319462.993, 120
Trd, 4319463.293, 122
Trd, 4319463.393, 117
Trd, 4319463.493, 101
Trd, 4319463.793, 79
Trd, 4319463.843, 78
Trd, 4319465.293, 140
Trd, 4319467.493, 140
Trd, 4319468.793, 140
Trd, 4319469.243, 120
Trd, 4319470.143, 72
Trd, 4319470.893, 100
Trd, 4319471.393, 101
Trd, 4319471.743, 77
Trd, 4319473.043, 116
Trd, 4319473.343, 137
Trd, 4319473.443, 115
Trd, 4319474.093, 118
Trd, 4319474.843, 138
Trd, 4319475.543, 136
Trd, 4319476.343, 137
Trd, 4319476.693, 117
Trd, 4319476.793, 86
Trd, 4319477.943, 63
Trd, 4319478.393, 64
Trd, 4319479.793, 68
Trd, 4319480.493, 140
Trd, 4319481.843, 97
Trd, 4319482.693, 96
Trd, 4319483.093, 125
Trd, 4319483.593, 104
Trd, 4319483.893, 140
Trd, 4319484.443, 130
Trd, 4319485.593, 112
Trd, 4319486.293, 140
Trd, 4319486.343, 138
Trd, 4319487.793, 139
Trd, 4319489.343, 139
Trd, 4319489.743, 140
Trd, 4319490.643, 140
Trd, 4319491.043, 139
Trd, 4319491.443, 104
Trd, 4319492.043, 101
Trd, 4319492.893, 99
Trd, 4319493.543, 62
Trd, 4319495.243, 140
Trd, 4319495.293, 140
Trd, 4319495.593, 131
Trd, 4319496.643, 140
Trd, 4319496.743, 140
Trd, 4319498.143, 134
Trd, 4319499.493, 126
Trd, 4319499.643, 117
Trd, 4319500.093, 114
Trd, 4319500.443, 92
Trd, 4319501.043, 128
Trd, 4319501.143, 121
Trd, 4319502.243, 111
Trd, 4319503.043, 100
Trd, 4319503.093, 124
Trd, 4319503.743, 140
Trd, 4319505.393, 129
Trd, 4319505.593, 102
Trd, 4319505.693, 101
Trd, 4319506.143, 118
Trd, 4319506.393, 138
Trd, 4319506.543, 136
Trd, 4319506.943, 73
Trd, 4319508.993, 110
Trd, 4319509.293, 109
Trd, 4319509.693, 139
Trd, 4319510.643, 98
Trd, 4319512.293, 125
Trd, 4319513.643, 140
Trd, 4319514.043, 140
Trd, 4319514.243, 140
Trd, 4319514.593, 112
Trd, 4319515.193, 63
Trd, 4319515.893, 128
Trd, 4319516.943, 104
Trd, 4319517.043, 127
Trd, 4319518.293, 94
Trd, 4319518.393, 101
Trd, 4319518.693, 107
Trd, 4319519.043, 140
Trd, 4319520.993, 110
Trd, 4319521.593, 111
Trd, 4319522.093, 111
Trd, 4319523.593, 121
Trd, 4319523.793, 117
Trd, 4319523.993, 106
Trd, 4319524.243, 101
Trd, 4319525.543, 118
Trd, 4319526.843, 137
Trd, 4319528.443, 75
Trd, 4319528.843, 70
Trd, 4319530.343, 131
Trd, 4319530.443, 120
Trd, 4319532.193, 119
Trd, 4319533.793, 104
Trd, 4319534.893, 127
Trd, 4319535.043, 139
Trd, 4319535.643, 68
Trd, 4319536.343, 69
Trd, 4319536.893, 69
Trd, 4319537.743, 139
Trd, 4319539.743, 140
Trd, 4319539.843, 140
Trd, 4319539.943, 139
Trd, 4319541.093, 140
Trd, 4319541.743, 140
Trd, 4319542.643, 139
Trd, 4319543.543, 73
Trd, 4319543.943, 61
Trd, 4319544.543, 139
Trd, 4319545.693, 88
Trd, 4319548.393, 119
Trd, 4319548.543, 118
Trd, 4319548.993, 119
Trd, 4319549.393, 121
Trd, 4319549.693, 80
Trd, 4319549.893, 72
Trd, 4319550.143, 132
Trd, 4319552.343, 67
Trd, 4319552.493, 97
Trd, 4319552.693, 138
Trd, 4319553.943, 140
Trd, 4319553.993, 138
Trd, 4319554.193, 88
Trd, 4319555.143, 77
Trd, 4319555.893, 140
Trd, 4319556.793, 68
Trd, 4319558.043, 116
Trd, 4319558.293, 100
Trd, 4319560.093, 84
Trd, 4319560.393, 120
Trd, 4319561.143, 61
Trd, 4319562.893, 139
Trd, 4319563.743, 129
Trd, 4319563.793, 128
Trd, 4319564.393, 135
Trd, 4319564.493, 83
Trd, 4319566.293, 140
Trd, 4319566.643, 136
Trd, 4319567.543, 131
Trd, 4319567.743, 112
Trd, 4319567.993, 89
Trd, 4319568.743, 88
Trd, 4319571.993, 140
Trd, 4319572.443, 140
Trd, 4319572.593, 140
Trd, 4319572.893, 122
Trd, 4319573.343, 101
Trd, 4319573.993, 125
Trd, 4319574.293, 139
Trd, 4319575.193, 85
Trd, 4319575.993, 60
Trd, 4319576.593, 97
Trd, 4319578.393, 137
Trd, 4319578.943, 135
Trd, 4319579.043, 134
Trd, 4319579.193, 116
Trd, 4319579.343, 113
Trd, 4319579.443, 85
Trd, 4319580.143, 60
Trd, 4319582.643, 116
Trd, 4319582.743, 129
Trd, 4319583.293, 140
Trd, 4319583.943, 139
Trd, 4319585.293, 91
Trd, 4319585.593, 101
Trd, 4319586.093, 106
Trd, 4319587.043, 85
Trd, 4319587.343, 119
Trd, 4319587.393, 70
Trd, 4319587.443, 68
Trd, 4319589.743, 62
Trd, 4319590.343, 100
Trd, 4319590.693, 118
Trd, 4319591.143, 108
Trd, 4319591.693, 121
Trd, 4319591.743, 90
Trd, 4319592.543, 122
Trd, 4319594.743, 61
Trd, 4319594.793, 61
Trd, 4319595.393, 140
Trd, 4319596.043, 139
Trd, 4319596.843, 106
Trd, 4319597.293, 104
Trd, 4319598.293, 68
Trd, 4319600.493, 81
Trd, 4319601.543, 119
Trd, 4319602.043, 140
Trd, 4319602.693, 139
Trd, 4319602.843, 115
Trd, 4319603.443, 108
Trd, 4319603.843, 120
Trd, 4319605.043, 134
Trd, 4319605.093, 81
Trd, 4319605.293, 77
Trd, 4319606.193, 106
Trd, 4319608.043, 74
Trd, 4319609.343, 100
Trd, 4319609.693, 74
Trd, 4319609.743, 102
Trd, 4319610.143, 125
Trd, 4319610.893, 100
Trd, 4319612.593, 140
Trd, 4319612.793, 135
Trd, 4319613.493, 119
Trd, 4319614.243, 129
Trd, 4319615.043, 91
Trd, 4319615.593, 140
Trd, 4319616.893, 140
Trd, 4319617.193, 120
Trd, 4319618.143, 104
Trd, 4319619.143, 109
Trd, 4319619.393, 103
Trd, 4319619.643, 82
Trd, 4319620.143, 69
Trd, 4319621.343, 140
Trd, 4319622.043, 136
Trd, 4319622.893, 112
Trd, 4319623.093, 88
Trd, 4319623.343, 87
Trd, 4319624.143, 60
Trd, 4319625.493, 100
Trd, 4319625.543, 97
Trd, 4319626.343, 139
Trd, 4319627.443, 138
Trd, 4319627.543, 140
Trd, 4319627.843, 117
Trd, 4319629.943, 92
Trd, 4319630.293, 140
Trd, 4319630.793, 140
Trd, 4319631.443, 140
Trd, 4319632.043, 140
Trd, 4319633.093, 96
Trd, 4319633.593, 126
Trd, 4319634.793, 130
Trd, 4319634.843, 128
Trd, 4319634.893, 108
Trd, 4319636.543, 95
Trd, 4319636.843, 108
Trd, 4319637.893, 105
Trd, 4319638.693, 140
Trd, 4319640.543, 140
Trd, 4319640.843, 140
Trd, 4319641.043, 137
Trd, 4319642.343, 131
Trd, 4319642.393, 130
Trd, 4319643.093, 137
Trd, 4319643.743, 116
Trd, 4319644.993, 106
Trd, 4319645.243, 116
Trd, 4319645.543, 88
Trd, 4319645.893, 60
Trd, 4319646.493, 86
Trd, 4319648.193, 109
Trd, 4319648.293, 102
Trd, 4319648.843, 62
Trd, 4319650.093, 60
Trd, 4319650.193, 61
Trd, 4319650.643, 60
Trd, 4319651.443, 63
Trd, 4319652.443, 140
Trd, 4319652.493, 140
Trd, 4319653.043, 139
Trd, 4319653.893, 135
Trd, 4319654.393, 121
Trd, 4319654.993, 91
Trd, 4319655.693, 123
Trd, 4319655.743, 122
Trd, 4319656.443, 63
Trd, 4319657.143, 67
Trd, 4319658.193, 122
Trd, 4319659.543, 81
Trd, 4319660.393, 83
Trd, 4319660.693, 107
Trd, 4319661.693, 84
Trd, 4319662.243, 129
Trd, 4319663.443, 140
Trd, 4319663.593, 128
Trd, 4319664.243, 139
Trd, 4319665.593, 139
Trd, 4319665.743, 125
Trd, 4319667.643, 138
Trd, 4319668.393, 130
Trd, 4319668.743, 140
Trd, 4319668.943, 121
Trd, 4319669.793, 124
Trd, 4319670.543, 109
Trd, 4319670.843, 103
Trd, 4319671.543, 93
Trd, 4319672.643, 60
Trd, 4319674.093, 60
Trd, 4319674.493, 61
Trd, 4319674.743, 62
Trd, 4319675.343, 63
Trd, 4319676.493, 66
Trd, 4319676.543, 105
Trd, 4319677.293, 125
Trd, 4319678.743, 140
Trd, 4319679.993, 79
Trd, 4319680.143, 77
Trd, 4319680.943, 104
Trd, 4319681.043, 62
Trd, 4319681.493, 70
Trd, 4319681.543, 96
Trd, 4319682.093, 138
Trd, 4319684.193, 139
Trd, 4319685.243, 123
Trd, 4319685.543, 105
Trd, 4319685.993, 104
Trd, 4319686.293, 87
Trd, 4319686.643, 72
Trd, 4319687.543, 98
Trd, 4319688.493, 140
Trd, 4319688.593, 138
Trd, 4319690.743, 129
Trd, 4319691.243, 140
Trd, 4319691.343, 140
Trd, 4319691.543, 107
Trd, 4319692.143, 139
Trd, 4319693.543, 104
Trd, 4319694.593, 96
Trd, 4319697.343, 140
Trd, 4319697.593, 140
Trd, 4319698.643, 140
Trd, 4319698.793, 131
Trd, 4319699.493, 104
Trd, 4319700.543, 103
Trd, 4319701.993, 99
Trd, 4319702.243, 98
Trd, 4319702.993, 139
Trd, 4319703.193, 113
Trd, 4319703.643, 138
Trd, 4319703.743, 140
Trd, 4319704.193, 90
Trd, 4319705.543, 121
Trd, 4319705.893, 87
Trd, 4319705.993, 80
Trd, 4319707.893, 70
Trd, 4319708.093, 98
Trd, 4319708.143, 94
Trd, 4319710.493, 128
Trd, 4319711.493, 125
Trd, 4319711.943, 110
Trd, 4319712.293, 94
Trd, 4319712.743, 140
Trd, 4319714.793, 140
Trd, 4319714.993, 138
Trd, 4319716.443, 114
Trd, 4319717.693, 115
Trd, 4319717.743, 117
Trd, 4319717.893, 135
Trd, 4319719.243, 97
Trd, 4319719.293, 83
Trd, 4319720.743, 140
Trd, 4319720.943, 140
Trd, 4319721.193, 132
Trd, 4319721.293, 112
Trd, 4319722.593, 139
Trd, 4319722.943, 133
Trd, 4319723.293, 140
Trd, 4319723.593, 64
Trd, 4319725.043, 102
Trd, 4319725.293, 93
Trd, 4319726.793, 140
Trd, 4319727.643, 94
Trd, 4319727.943, 135
Trd, 4319730.043, 140
Trd, 4319730.143, 140
Trd, 4319731.643, 140
Trd, 4319731.993, 140
Trd, 4319732.793, 96
Trd, 4319733.643, 140
Trd, 4319735.443, 127
Trd, 4319735.993, 113
Trd, 4319736.143, 112
Trd, 4319736.643, 134
Trd, 4319736.743, 125
Trd, 4319737.193, 139
Trd, 4319738.293, 140
Trd, 4319738.443, 140
Trd, 4319740.543, 85
Trd, 4319741.843, 99
Trd, 4319742.543, 104
Trd, 4319742.743, 98
Trd, 4319742.793, 97
Trd, 4319742.893, 80
Trd, 4319744.243, 81
Trd, 4319744.693, 133
Trd, 4319745.893, 138
Trd, 4319746.593, 137
Trd, 4319747.593, 91
Trd, 4319748.293, 90
Trd, 4319749.043, 102
Trd, 4319749.493, 115
Trd, 4319751.193, 140
Trd, 4319751.993, 140
Trd, 4319752.793, 140
Trd, 4319752.893, 139
Trd, 4319753.893, 140
Trd, 4319757.043, 140
Trd, 4319757.693, 140
Trd, 4319758.043, 138
Trd, 4319758.793, 129
Trd, 4319759.843, 115
Trd, 4319760.293, 109
Trd, 4319761.343, 138
Trd, 4319762.693, 124
Trd, 4319763.543, 140
Trd, 4319764.043, 140
Trd, 4319764.993, 68
Trd, 4319765.093, 124
Trd, 4319765.843, 60
Trd, 4319766.093, 61
Trd, 4319767.443, 60
Trd, 4319767.793, 62
Trd, 4319767.893, 97
Trd, 4319768.343, 85
Trd, 4319770.043, 61
Trd, 4319771.043, 102
Trd, 4319771.443, 62
Trd, 4319772.393, 70
Trd, 4319772.593, 72
Trd, 4319772.943, 98
Trd, 4319773.043, 87
Trd, 4319773.293, 110
Trd, 4319773.893, 135
Trd, 4319774.093, 134
Trd, 4319774.343, 133
Trd, 4319776.693, 140
Trd, 4319777.393, 139
Trd, 4319777.993, 84
Trd, 4319778.493, 88
Trd, 4319778.743, 98
Trd, 4319779.643, 73
Trd, 4319780.893, 139
Trd, 4319781.593, 78
Trd, 4319781.893, 133
Trd, 4319782.393, 97
Trd, 4319782.643, 122
Trd, 4319783.193, 85
Trd, 4319785.143, 118
Trd, 4319786.293, 123
Trd, 4319786.393, 122
Trd, 4319786.593, 110
Trd, 4319787.143, 140
Trd, 4319787.493, 100
Trd, 4319788.893, 140
Trd, 4319789.193, 102
Trd, 4319789.943, 97
Trd, 4319791.043, 112
Trd, 4319792.043, 116
Trd, 4319792.843, 109
Trd, 4319793.093, 106
Trd, 4319793.543, 98
Trd, 4319793.843, 63
Trd, 4319795.393, 64
Trd, 4319796.143, 60
Trd, 4319796.743, 64
Trd, 4319797.593, 64
Trd, 4319799.143, 61
Trd, 4319800.443, 99
Trd, 4319800.493, 92
Trd, 4319800.593, 73
Trd, 4319800.643, 126
Trd, 4319800.893, 87
Trd, 4319801.243, 71
Trd, 4319802.843, 124
Trd, 4319803.243, 68
Trd, 4319804.593, 60
Trd, 4319804.943, 66
Trd, 4319805.493, 70
Trd, 4319806.093, 93
Trd, 4319806.543, 94
Trd, 4319807.293, 62
Trd, 4319808.293, 140
Trd, 4319808.643, 140
Trd, 4319810.393, 60
Trd, 4319811.993, 60
Trd, 4319812.593, 64
Trd, 4319812.793, 68
Trd, 4319813.293, 139
Trd, 4319813.593, 138
Trd, 4319813.693, 92
Trd, 4319814.593, 75
Trd, 4319815.193, 65
Trd, 4319815.393, 75
Trd, 4319815.843, 136
Trd, 4319817.093, 126
Trd, 4319817.843, 127
Trd, 4319818.043, 120
Trd, 4319818.193, 136
Trd, 4319819.293, 76
Trd, 4319819.993, 138
Trd, 4319821.193, 140
Trd, 4319822.393, 140
Trd, 4319822.893, 140
Trd, 4319823.043, 140
Trd, 4319823.543, 88
Trd, 4319826.193, 117
Trd, 4319826.343, 112
Trd, 4319826.793, 140
Trd, 4319827.143, 140
Trd, 4319827.543, 140
Trd, 4319829.043, 120
Trd, 4319829.293, 106
Trd, 4319830.643, 137
Trd, 4319832.093, 140
Trd, 4319832.143, 124
Trd, 4319832.293, 91
Trd, 4319832.393, 112
Trd, 4319834.393, 140
Trd, 4319834.943, 139
Trd, 4319837.493, 140
Trd, 4319838.293, 107
Trd, 4319838.793, 116
Trd, 4319838.943, 136
Trd, 4319840.393, 140
Trd, 4319840.743, 99
Trd, 4319841.243, 140
Trd, 4319841.393, 100
Trd, 4319841.993, 100
Trd, 4319842.893, 118
Trd, 4319843.193, 116
Trd, 4319843.293, 119
Trd, 4319844.493, 140
Trd, 4319844.843, 127
Trd, 4319846.243, 101
Trd, 4319847.093, 100
Trd, 4319848.193, 124
Trd, 4319848.293, 102
Trd, 4319848.393, 103
Trd, 4319848.443, 97
Trd, 4319848.593, 89
Trd, 4319849.343, 63
Trd, 4319850.393, 62
Trd, 4319850.793, 139
Trd, 4319851.443, 127
Trd, 4319852.043, 91
Trd, 4319852.693, 139
Trd, 4319852.793, 85
Trd, 4319853.243, 70
Trd, 4319855.093, 139
Trd, 4319856.643, 84
Trd, 4319857.293, 139
Trd, 4319857.443, 71
Trd, 4319857.843, 110
Trd, 4319858.943, 138
Trd, 4319858.993, 95
Trd, 4319859.443, 139
Trd, 4319859.893, 140
Trd, 4319860.543, 135
Trd, 4319861.693, 72
Trd, 4319862.243, 113
Trd, 4319863.643, 113
Trd, 4319864.693, 118
Trd, 4319864.793, 121
Trd, 4319865.193, 61
Trd, 4319865.493, 81
Trd, 4319865.943, 82
Trd, 4319866.343, 70
Trd, 4319867.143, 105
Trd, 4319868.293, 67
Trd, 4319868.393, 65
Trd, 4319869.643, 140
Trd, 4319870.043, 138
Trd, 4319870.193, 127
Trd, 4319870.293, 108
Trd, 4319872.193, 95
Trd, 4319872.793, 92
Trd, 4319874.293, 127
Trd, 4319875.143, 140
Trd, 4319875.543, 140
Trd, 4319876.493, 140
Trd, 4319877.293, 117
Trd, 4319878.343, 120
Trd, 4319878.543, 140
Trd, 4319879.443, 110
Trd, 4319879.593, 103
Trd, 4319879.643, 101
Trd, 4319881.093, 140
Trd, 4319881.693, 110
Trd, 4319882.443, 127
Trd, 4319883.243, 106
Trd, 4319883.343, 99
Trd, 4319883.393, 97
Trd, 4319883.793, 129
Trd, 4319884.793, 109
Trd, 4319886.543, 140
Trd, 4319886.593, 138
Trd, 4319887.843, 77
Trd, 4319888.293, 136
Trd, 4319889.393, 140
Trd, 4319889.843, 88
Trd, 4319890.243, 86
Trd, 4319891.193, 78
Trd, 4319891.243, 96
Trd, 4319892.593, 124
Trd, 4319893.793, 121
Trd, 4319894.043, 103
Trd, 4319894.543, 119
Trd, 4319895.443, 118
Trd, 4319896.043, 140
Trd, 4319897.093, 140
Trd, 4319897.693, 136
Trd, 4319899.043, 140
Trd, 4319899.543, 140
Trd, 4319900.793, 122
Trd, 4319900.993, 92
Trd, 4319902.443, 124
Trd, 4319903.243, 116
Trd, 4319903.943, 95
Trd, 4319904.993, 140
Trd, 4319905.693, 126
Trd, 4319906.943, 140
Trd, 4319907.543, 128
Trd, 4319908.943, 134
Trd, 4319909.543, 140
Trd, 4319909.593, 128
Trd, 4319911.043, 140
Trd, 4319911.393, 112
Trd, 4319911.793, 110
Trd, 4319912.293, 95
Trd, 4319914.143, 140
Trd, 4319914.493, 140
Trd, 4319914.593, 140
Trd, 4319915.093, 129
Trd, 4319915.593, 139
Trd, 4319918.593, 137
Trd, 4319918.693, 136
Trd, 4319919.493, 139
Trd, 4319919.593, 139
Trd, 4319919.743, 134
Trd, 4319920.893, 86
Trd, 4319921.693, 86
Trd, 4319922.843, 134
Trd, 4319923.543, 119
Trd, 4319924.393, 63
Trd, 4319924.593, 64
Trd, 4319925.693, 66
Trd, 4319926.143, 65
Trd, 4319927.893, 136
Trd, 4319928.493, 95
Trd, 4319928.643, 103
Trd, 4319929.593, 99
Trd, 4319930.643, 86
Trd, 4319930.943, 108
Trd, 4319931.593, 140
Trd, 4319932.443, 99
Trd, 4319932.543, 85
Trd, 4319932.743, 84
Trd, 4319933.493, 87
Trd, 4319934.043, 92
Trd, 4319935.293, 64
Trd, 4319935.393, 65
Trd, 4319935.643, 134
Trd, 4319936.043, 91
Trd, 4319937.743, 140
Trd, 4319938.443, 140
Trd, 4319938.493, 140
Trd, 4319939.343, 111
Trd, 4319939.843, 108
Trd, 4319941.943, 140
Trd, 4319942.343, 140
Trd, 4319942.543, 118
Trd, 4319943.393, 138
Trd, 4319943.843, 139
Trd, 4319944.043, 66
Trd, 4319945.943, 126
Trd, 4319946.343, 116
Trd, 4319947.043, 137
Trd, 4319947.543, 121
Trd, 4319947.943, 71
Trd, 4319948.593, 121
Trd, 4319948.943, 122
Trd, 4319949.793, 131
Trd, 4319950.043, 116
Trd, 4319950.693, 134
Trd, 4319950.743, 124
Trd, 4319951.743, 133
Trd, 4319952.943, 73
Trd, 4319952.993, 63
Trd, 4319953.343, 136
Trd, 4319955.243, 91
Trd, 4319955.993, 114
Trd, 4319956.593, 116
Trd, 4319956.743, 124
Trd, 4319957.993, 140
Trd, 4319958.493, 117
Trd, 4319960.193, 117
Trd, 4319960.943, 140
Trd, 4319961.293, 115
Trd, 4319961.543, 114
Trd, 4319961.943, 128
Trd, 4319962.093, 114
Trd, 4319962.693, 140
Trd, 4319962.993, 138
Trd, 4319965.143, 119
Trd, 4319965.543, 107
Trd, 4319965.993, 98
Trd, 4319966.293, 97
Trd, 4319968.193, 140
Trd, 4319968.443, 60
Trd, 4319968.943, 61
Trd, 4319968.993, 63
Trd, 4319969.593, 140
Trd, 4319970.443, 140
Trd, 4319970.793, 100
Trd, 4319971.393, 61
Trd, 4319971.493, 62
Trd, 4319971.893, 65
Trd, 4319973.143, 81
Trd, 4319973.643, 137
Trd, 4319973.993, 120
Trd, 4319975.843, 140
Trd, 4319976.043, 133
Trd, 4319978.343, 139
Trd, 4319978.543, 126
Trd, 4319978.843, 100
Trd, 4319979.693, 103
Trd, 4319980.593, 106
Trd, 4319981.743, 96
Trd, 4319983.143, 107
Trd, 4319984.393, 138
Trd, 4319984.893, 126
Trd, 4319985.093, 124
Trd, 4319985.693, 106
Trd, 4319987.743, 140
Trd, 4319987.843, 89
Trd, 4319989.293, 140
Trd, 4319989.593, 140
Trd, 4319989.843, 140
Trd, 4319990.743, 140
Trd, 4319990.943, 124
Trd, 4319992.043, 140
Trd, 4319992.643, 115
Trd, 4319993.793, 60
Trd, 4319994.643, 61
Trd, 4319995.093, 62
Trd, 4319995.843, 61
Trd, 4319996.343, 62
Trd, 4319996.743, 140
Trd, 4319997.193, 103
Trd, 4319997.693, 140
Trd, 4319999.043, 65
Trd, 4319999.143, 100
