Trd, 4318110.693, 118
Trd, 4318110.843, 114
Trd, 4318110.993, 102
Trd, 4318111.293, 115
Trd, 4318112.793, 103
Trd, 4318113.393, 94
Trd, 4318113.743, 137
Trd, 4318114.393, 135
Trd, 4318115.793, 102
Trd, 4318116.193, 101
Trd, 4318117.593, 123
Trd, 4318118.443, 93
Trd, 4318118.743, 121
Trd, 4318119.243, 110
Trd, 4318119.543, 72
Trd, 4318119.943, 79
Trd, 4318120.893, 86
Trd, 4318121.343, 118
Trd, 4318121.443, 63
Trd, 4318123.143, 114
Trd, 4318123.843, 92
Trd, 4318124.193, 81
Trd, 4318124.243, 103
Trd, 4318125.193, 84
Trd, 4318125.243, 97
Trd, 4318126.343, 117
Trd, 4318126.443, 113
Trd, 4318127.443, 62
Trd, 4318129.893, 61
Trd, 4318130.093, 65
Trd, 4318130.643, 64
Trd, 4318131.243, 73
Trd, 4318131.943, 90
Trd, 4318132.343, 67
Trd, 4318132.593, 62
Trd, 4318134.993, 134
Trd, 4318135.743, 107
Trd, 4318136.143, 83
Trd, 4318136.443, 78
Trd, 4318136.993, 83
Trd, 4318137.293, 88
Trd, 4318137.543, 85
Trd, 4318138.593, 67
Trd, 4318139.243, 79
Trd, 4318140.293, 61
Trd, 4318141.143, 137
Trd, 4318141.493, 92
Trd, 4318142.443, 91
Trd, 4318142.993, 85
Trd, 4318143.343, 125
Trd, 4318144.993, 94
Trd, 4318145.293, 92
Trd, 4318146.093, 89
Trd, 4318147.043, 137
Trd, 4318149.393, 127
Trd, 4318149.543, 104
Trd, 4318149.893, 100
Trd, 4318150.843, 104
Trd, 4318151.243, 107
Trd, 4318151.743, 121
Trd, 4318152.043, 108
Trd, 4318152.693, 107
Trd, 4318153.543, 101
Trd, 4318154.643, 96
Trd, 4318156.193, 87
Trd, 4318156.693, 81
Trd, 4318156.943, 73
Trd, 4318158.143, 125
Trd, 4318159.393, 112
Trd, 4318159.893, 98
Trd, 4318160.393, 105
Trd, 4318162.543, 112
Trd, 4318163.093, 128
Trd, 4318163.843, 118
Trd, 4318164.243, 121
Trd, 4318164.343, 104
Trd, 4318165.743, 100
Trd, 4318165.993, 97
Trd, 4318166.043, 96
Trd, 4318167.593, 77
Trd, 4318168.993, 60
Trd, 4318169.593, 66
Trd, 4318170.293, 60
Trd, 4318170.343, 67
Trd, 4318170.693, 76
Trd, 4318171.193, 71
Trd, 4318171.743, 71
Trd, 4318171.993, 101
Trd, 4318172.843, 89
Trd, 4318172.943, 78
Trd, 4318174.193, 61
Trd, 4318176.193, 88
Trd, 4318176.393, 85
Trd, 4318176.593, 91
Trd, 4318177.343, 84
Trd, 4318178.143, 104
Trd, 4318178.443, 120
Trd, 4318178.543, 97
Trd, 4318179.693, 114
Trd, 4318179.943, 101
Trd, 4318182.043, 125
Trd, 4318182.393, 96
Trd, 4318184.343, 130
Trd, 4318184.893, 115
Trd, 4318185.193, 101
Trd, 4318185.593, 97
Trd, 4318186.493, 96
Trd, 4318186.543, 86
Trd, 4318186.993, 84
Trd, 4318188.743, 96
Trd, 4318189.293, 97
Trd, 4318190.943, 89
Trd, 4318191.793, 130
Trd, 4318192.843, 89
Trd, 4318193.543, 80
Trd, 4318193.893, 115
Trd, 4318196.043, 95
Trd, 4318196.543, 113
Trd, 4318198.443, 124
Trd, 4318199.393, 127
Trd, 4318200.243, 112
Trd, 4318201.193, 116
Trd, 4318201.343, 115
Trd, 4318202.343, 111
Trd, 4318202.443, 70
Trd, 4318203.193, 74
Trd, 4318204.693, 100
Trd, 4318204.743, 98
Trd, 4318205.293, 91
Trd, 4318206.193, 94
Trd, 4318206.443, 101
Trd, 4318207.743, 76
Trd, 4318208.243, 71
Trd, 4318208.793, 82
Trd, 4318209.343, 70
Trd, 4318210.943, 128
Trd, 4318211.093, 117
Trd, 4318211.643, 85
Trd, 4318211.893, 118
Trd, 4318213.143, 61
Trd, 4318214.143, 74
Trd, 4318214.393, 81
Trd, 4318216.193, 75
Trd, 4318217.843, 111
Trd, 4318217.943, 110
Trd, 4318218.743, 103
Trd, 4318220.643, 129
Trd, 4318221.093, 129
Trd, 4318221.793, 108
Trd, 4318221.893, 105
Trd, 4318223.343, 124
Trd, 4318223.393, 118
Trd, 4318223.693, 116
Trd, 4318224.343, 78
Trd, 4318224.443, 74
Trd, 4318224.793, 72
Trd, 4318225.243, 92
Trd, 4318226.043, 113
Trd, 4318226.293, 111
Trd, 4318227.043, 90
Trd, 4318227.393, 129
Trd, 4318227.743, 122
Trd, 4318228.493, 74
Trd, 4318231.043, 122
Trd, 4318231.293, 132
Trd, 4318232.593, 81
Trd, 4318233.343, 63
Trd, 4318234.293, 139
Trd, 4318235.693, 116
Trd, 4318235.793, 116
Trd, 4318236.843, 77
Trd, 4318237.193, 110
Trd, 4318237.743, 114
Trd, 4318237.993, 131
Trd, 4318238.493, 102
Trd, 4318238.893, 99
Trd, 4318239.843, 63
Trd, 4318241.343, 63
Trd, 4318242.393, 84
Trd, 4318243.643, 74
Trd, 4318245.493, 70
Trd, 4318245.843, 67
Trd, 4318246.343, 70
Trd, 4318246.893, 85
Trd, 4318246.993, 76
Trd, 4318247.093, 108
Trd, 4318248.593, 79
Trd, 4318248.843, 68
Trd, 4318250.793, 110
Trd, 4318252.843, 126
Trd, 4318253.243, 106
Trd, 4318253.593, 61
Trd, 4318253.743, 125
Trd, 4318254.893, 88
Trd, 4318255.593, 106
Trd, 4318255.743, 103
Trd, 4318256.493, 90
Trd, 4318257.393, 63
Trd, 4318257.793, 68
Trd, 4318258.943, 83
Trd, 4318259.693, 114
Trd, 4318260.193, 116
Trd, 4318261.543, 86
Trd, 4318261.893, 70
Trd, 4318263.743, 125
Trd, 4318264.693, 99
Trd, 4318264.943, 91
Trd, 4318265.843, 112
Trd, 4318266.243, 137
Trd, 4318266.293, 93
Trd, 4318266.393, 91
Trd, 4318267.943, 78
Trd, 4318268.843, 93
Trd, 4318268.943, 97
Trd, 4318269.293, 71
Trd, 4318270.093, 99
Trd, 4318270.243, 67
Trd, 4318271.343, 94
Trd, 4318272.793, 111
Trd, 4318274.293, 132
Trd, 4318274.643, 118
Trd, 4318276.043, 117
Trd, 4318276.143, 83
Trd, 4318277.193, 106
Trd, 4318277.343, 89
Trd, 4318277.493, 82
Trd, 4318278.243, 105
Trd, 4318278.693, 98
Trd, 4318278.843, 90
Trd, 4318279.643, 126
Trd, 4318282.693, 107
Trd, 4318282.793, 101
Trd, 4318283.343, 98
Trd, 4318283.443, 114
Trd, 4318284.493, 94
Trd, 4318284.693, 119
Trd, 4318285.793, 109
Trd, 4318285.993, 74
Trd, 4318287.243, 119
Trd, 4318288.793, 122
Trd, 4318288.993, 120
Trd, 4318289.193, 108
Trd, 4318289.993, 97
Trd, 4318290.793, 78
Trd, 4318291.893, 100
Trd, 4318293.393, 72
Trd, 4318293.893, 87
Trd, 4318294.243, 94
Trd, 4318296.493, 93
Trd, 4318298.343, 62
Trd, 4318298.443, 100
Trd, 4318299.243, 87
Trd, 4318299.493, 72
Trd, 4318299.843, 73
Trd, 4318300.543, 115
Trd, 4318300.793, 98
Trd, 4318301.743, 109
Trd, 4318302.043, 94
Trd, 4318302.793, 115
Trd, 4318302.943, 93
Trd, 4318305.093, 105
Trd, 4318305.243, 131
Trd, 4318305.993, 124
Trd, 4318307.143, 132
Trd, 4318307.593, 83
Trd, 4318307.843, 92
Trd, 4318308.493, 63
Trd, 4318308.893, 70
Trd, 4318311.443, 61
Trd, 4318312.193, 62
Trd, 4318312.893, 99
Trd, 4318313.193, 113
Trd, 4318313.343, 112
Trd, 4318313.993, 112
Trd, 4318314.293, 111
Trd, 4318315.243, 123
Trd, 4318315.743, 101
Trd, 4318316.543, 98
Trd, 4318317.443, 113
Trd, 4318318.143, 100
Trd, 4318318.743, 128
Trd, 4318319.393, 97
Trd, 4318319.893, 75
Trd, 4318321.193, 91
Trd, 4318321.443, 76
Trd, 4318322.443, 86
Trd, 4318323.043, 99
Trd, 4318326.143, 115
Trd, 4318326.643, 100
Trd, 4318327.193, 105
Trd, 4318327.593, 81
Trd, 4318328.143, 73
Trd, 4318328.443, 60
Trd, 4318330.943, 119
Trd, 4318331.193, 77
Trd, 4318331.443, 90
Trd, 4318332.143, 98
Trd, 4318332.793, 113
Trd, 4318333.893, 81
Trd, 4318335.243, 136
Trd, 4318336.793, 76
Trd, 4318337.493, 66
Trd, 4318337.893, 64
Trd, 4318338.443, 69
Trd, 4318338.943, 91
Trd, 4318340.343, 65
Trd, 4318341.743, 104
Trd, 4318342.393, 103
Trd, 4318342.743, 63
Trd, 4318343.593, 127
Trd, 4318344.793, 76
Trd, 4318345.343, 62
Trd, 4318345.643, 64
Trd, 4318346.393, 109
Trd, 4318346.543, 94
Trd, 4318346.943, 83
Trd, 4318348.693, 108
Trd, 4318349.143, 98
Trd, 4318349.543, 91
Trd, 4318350.193, 82
Trd, 4318351.193, 62
Trd, 4318352.193, 99
Trd, 4318353.393, 66
Trd, 4318353.843, 69
Trd, 4318355.043, 64
Trd, 4318357.293, 124
Trd, 4318357.593, 108
Trd, 4318358.843, 120
Trd, 4318359.643, 116
Trd, 4318359.893, 112
Trd, 4318359.943, 121
Trd, 4318360.193, 103
Trd, 4318361.493, 134
Trd, 4318361.843, 99
Trd, 4318362.843, 81
Trd, 4318363.093, 106
Trd, 4318364.443, 102
Trd, 4318365.643, 95
Trd, 4318366.393, 97
Trd, 4318366.443, 94
Trd, 4318366.493, 103
Trd, 4318366.893, 106
Trd, 4318367.293, 115
Trd, 4318368.793, 92
Trd, 4318368.943, 81
Trd, 4318368.993, 127
Trd, 4318369.843, 81
Trd, 4318370.193, 63
Trd, 4318371.343, 119
Trd, 4318372.743, 90
Trd, 4318372.993, 77
Trd, 4318373.593, 64
Trd, 4318374.843, 66
Trd, 4318375.743, 87
Trd, 4318375.943, 125
Trd, 4318378.343, 121
Trd, 4318378.793, 118
Trd, 4318378.943, 109
Trd, 4318380.293, 84
Trd, 4318380.743, 74
Trd, 4318382.543, 105
Trd, 4318382.993, 105
Trd, 4318383.393, 102
Trd, 4318383.993, 129
Trd, 4318385.193, 108
Trd, 4318385.443, 103
Trd, 4318385.743, 103
Trd, 4318386.143, 100
Trd, 4318387.443, 108
Trd, 4318387.493, 98
Trd, 4318389.643, 107
Trd, 4318389.693, 96
Trd, 4318390.093, 92
Trd, 4318390.743, 94
Trd, 4318392.343, 106
Trd, 4318393.493, 116
Trd, 4318393.593, 103
Trd, 4318393.793, 93
Trd, 4318394.043, 76
Trd, 4318394.493, 68
Trd, 4318394.893, 72
Trd, 4318395.943, 114
Trd, 4318396.143, 113
Trd, 4318396.243, 76
Trd, 4318398.443, 83
Trd, 4318399.393, 129
Trd, 4318399.443, 116
Trd, 4318399.693, 136
Trd, 4318400.293, 100
Trd, 4318401.093, 115
Trd, 4318402.293, 106
Trd, 4318402.943, 122
Trd, 4318403.493, 103
Trd, 4318404.543, 128
Trd, 4318404.643, 93
Trd, 4318406.543, 116
Trd, 4318406.993, 93
Trd, 4318407.593, 86
Trd, 4318408.693, 125
Trd, 4318409.143, 88
Trd, 4318410.043, 72
Trd, 4318410.293, 62
Trd, 4318411.193, 62
Trd, 4318412.393, 70
Trd, 4318412.743, 98
Trd, 4318414.043, 116
Trd, 4318414.843, 103
Trd, 4318416.093, 109
Trd, 4318416.893, 94
Trd, 4318417.343, 111
Trd, 4318417.843, 111
Trd, 4318418.043, 117
Trd, 4318418.293, 93
Trd, 4318419.043, 100
Trd, 4318419.193, 108
Trd, 4318419.993, 121
Trd, 4318421.593, 109
Trd, 4318421.993, 86
Trd, 4318423.493, 97
Trd, 4318424.493, 113
Trd, 4318424.793, 111
Trd, 4318425.743, 79
Trd, 4318425.843, 71
Trd, 4318428.843, 137
Trd, 4318430.843, 111
Trd, 4318431.243, 120
Trd, 4318431.293, 106
Trd, 4318432.643, 98
Trd, 4318433.493, 77
Trd, 4318434.643, 131
Trd, 4318434.993, 129
Trd, 4318435.193, 114
Trd, 4318435.343, 90
Trd, 4318435.643, 129
Trd, 4318437.293, 97
Trd, 4318438.193, 68
Trd, 4318438.243, 103
Trd, 4318439.343, 74
Trd, 4318439.993, 85
Trd, 4318440.543, 80
Trd, 4318441.343, 66
Trd, 4318441.943, 73
Trd, 4318442.593, 97
Trd, 4318443.093, 98
Trd, 4318443.743, 124
Trd, 4318444.093, 62
Trd, 4318444.593, 65
Trd, 4318446.043, 90
Trd, 4318446.193, 90
Trd, 4318446.643, 134
Trd, 4318446.693, 114
Trd, 4318447.293, 113
Trd, 4318448.043, 103
Trd, 4318449.843, 106
Trd, 4318450.793, 94
Trd, 4318453.293, 96
Trd, 4318453.393, 107
Trd, 4318453.543, 95
Trd, 4318454.043, 85
Trd, 4318454.943, 69
Trd, 4318456.043, 85
Trd, 4318456.443, 106
Trd, 4318457.193, 89
Trd, 4318457.593, 118
Trd, 4318457.743, 117
Trd, 4318458.793, 112
Trd, 4318458.893, 82
Trd, 4318459.593, 118
Trd, 4318459.843, 108
Trd, 4318462.193, 119
Trd, 4318463.193, 135
Trd, 4318463.343, 133
Trd, 4318464.443, 120
Trd, 4318464.693, 88
Trd, 4318464.793, 88
Trd, 4318464.843, 75
Trd, 4318466.193, 131
Trd, 4318466.343, 93
Trd, 4318467.493, 60
Trd, 4318468.243, 62
Trd, 4318468.393, 72
Trd, 4318469.743, 67
Trd, 4318470.093, 86
Trd, 4318473.493, 60
Trd, 4318473.693, 62
Trd, 4318474.293, 91
Trd, 4318474.893, 93
Trd, 4318475.193, 134
Trd, 4318475.743, 89
Trd, 4318475.893, 80
Trd, 4318476.493, 79
Trd, 4318477.043, 86
Trd, 4318477.893, 98
Trd, 4318479.593, 91
Trd, 4318480.243, 82
Trd, 4318480.993, 118
Trd, 4318481.343, 62
Trd, 4318482.643, 69
Trd, 4318482.993, 60
Trd, 4318483.293, 102
Trd, 4318483.443, 61
Trd, 4318483.843, 80
Trd, 4318485.093, 131
Trd, 4318485.893, 114
Trd, 4318485.943, 78
Trd, 4318486.643, 99
Trd, 4318487.993, 90
Trd, 4318489.043, 64
Trd, 4318489.193, 68
Trd, 4318489.943, 97
Trd, 4318492.043, 83
Trd, 4318492.443, 136
Trd, 4318492.593, 104
Trd, 4318493.143, 131
Trd, 4318494.043, 75
Trd, 4318494.693, 67
Trd, 4318495.393, 76
Trd, 4318496.693, 112
Trd, 4318496.793, 107
Trd, 4318497.443, 107
Trd, 4318498.193, 114
Trd, 4318498.493, 108
Trd, 4318499.443, 109
Trd, 4318500.693, 92
Trd, 4318502.043, 96
Trd, 4318502.443, 128
Trd, 4318502.943, 105
Trd, 4318504.043, 108
Trd, 4318504.643, 101
Trd, 4318504.843, 117
Trd, 4318505.343, 85
Trd, 4318506.843, 102
Trd, 4318507.793, 95
Trd, 4318509.093, 77
Trd, 4318509.393, 81
Trd, 4318510.543, 78
Trd, 4318511.643, 61
Trd, 4318511.743, 67
Trd, 4318512.043, 91
Trd, 4318512.493, 117
Trd, 4318513.043, 98
Trd, 4318513.243, 86
Trd, 4318513.543, 85
Trd, 4318514.543, 78
Trd, 4318514.943, 106
Trd, 4318518.143, 102
Trd, 4318518.843, 111
Trd, 4318519.343, 93
Trd, 4318519.443, 92
Trd, 4318519.543, 81
Trd, 4318520.043, 72
Trd, 4318520.143, 87
Trd, 4318521.493, 86
Trd, 4318524.143, 95
Trd, 4318525.093, 138
Trd, 4318525.143, 137
Trd, 4318525.543, 108
Trd, 4318525.593, 104
Trd, 4318525.993, 82
Trd, 4318526.693, 81
Trd, 4318526.743, 102
Trd, 4318527.543, 118
Trd, 4318527.593, 81
Trd, 4318528.893, 71
Trd, 4318530.243, 74
Trd, 4318530.943, 132
Trd, 4318532.593, 119
Trd, 4318532.893, 98
Trd, 4318532.943, 90
Trd, 4318533.993, 88
Trd, 4318535.193, 96
Trd, 4318536.343, 88
Trd, 4318537.293, 89
Trd, 4318537.743, 74
Trd, 4318538.143, 75
Trd, 4318538.243, 70
Trd, 4318538.643, 75
Trd, 4318539.143, 63
Trd, 4318539.493, 77
Trd, 4318540.543, 100
Trd, 4318540.643, 130
Trd, 4318542.143, 89
Trd, 4318542.293, 88
Trd, 4318542.343, 85
Trd, 4318542.543, 76
Trd, 4318545.293, 92
Trd, 4318546.193, 133
Trd, 4318546.493, 123
Trd, 4318547.093, 136
Trd, 4318547.343, 124
Trd, 4318547.693, 98
Trd, 4318548.843, 71
Trd, 4318548.993, 69
Trd, 4318549.493, 76
Trd, 4318549.643, 69
Trd, 4318550.043, 91
Trd, 4318551.643, 63
Trd, 4318551.843, 67
Trd, 4318552.543, 88
Trd, 4318553.443, 95
Trd, 4318554.243, 76
Trd, 4318554.643, 84
Trd, 4318555.793, 76
Trd, 4318555.843, 117
Trd, 4318556.543, 78
Trd, 4318558.593, 60
Trd, 4318558.693, 61
Trd, 4318559.993, 64
Trd, 4318561.543, 60
Trd, 4318562.843, 67
Trd, 4318563.093, 68
Trd, 4318564.143, 63
Trd, 4318564.243, 68
Trd, 4318564.493, 68
Trd, 4318564.743, 67
Trd, 4318565.093, 104
Trd, 4318565.843, 60
Trd, 4318566.243, 61
Trd, 4318567.093, 73
Trd, 4318567.793, 108
Trd, 4318569.443, 69
Trd, 4318569.593, 70
Trd, 4318571.693, 90
Trd, 4318572.443, 80
Trd, 4318572.643, 69
Trd, 4318573.243, 65
Trd, 4318573.743, 109
Trd, 4318574.243, 81
Trd, 4318574.993, 61
Trd, 4318575.643, 62
Trd, 4318576.393, 116
Trd, 4318577.343, 60
Trd, 4318578.393, 64
Trd, 4318578.843, 95
Trd, 4318579.643, 93
Trd, 4318581.243, 127
Trd, 4318581.743, 105
Trd, 4318581.993, 89
Trd, 4318583.393, 99
Trd, 4318583.493, 77
Trd, 4318583.843, 118
Trd, 4318584.393, 82
Trd, 4318585.293, 128
Trd, 4318586.843, 61
Trd, 4318587.743, 62
Trd, 4318587.843, 62
Trd, 4318588.093, 62
Trd, 4318589.243, 75
Trd, 4318589.993, 89
Trd, 4318590.643, 112
Trd, 4318591.043, 89
Trd, 4318591.843, 117
Trd, 4318592.993, 98
Trd, 4318593.393, 70
Trd, 4318593.793, 89
Trd, 4318594.743, 89
Trd, 4318595.243, 95
Trd, 4318595.493, 90
Trd, 4318596.143, 66
Trd, 4318596.693, 95
Trd, 4318597.693, 85
Trd, 4318598.543, 94
Trd, 4318599.543, 108
Trd, 4318600.743, 74
Trd, 4318601.943, 99
Trd, 4318602.643, 122
Trd, 4318603.543, 119
Trd, 4318604.443, 97
Trd, 4318605.943, 78
Trd, 4318606.693, 75
Trd, 4318606.893, 123
Trd, 4318607.893, 115
Trd, 4318607.993, 116
Trd, 4318608.893, 100
Trd, 4318608.993, 78
Trd, 4318609.443, 73
Trd, 4318609.993, 91
Trd, 4318610.643, 106
Trd, 4318611.643, 94
Trd, 4318613.143, 60
Trd, 4318613.243, 64
Trd, 4318613.293, 68
Trd, 4318614.093, 128
Trd, 4318614.443, 108
Trd, 4318614.593, 96
Trd, 4318615.643, 121
Trd, 4318616.743, 87
Trd, 4318617.893, 120
Trd, 4318618.193, 140
Trd, 4318618.293, 102
Trd, 4318618.593, 95
Trd, 4318620.193, 133
Trd, 4318620.343, 117
Trd, 4318620.843, 105
Trd, 4318620.943, 87
Trd, 4318621.493, 130
Trd, 4318622.193, 73
Trd, 4318622.893, 127
Trd, 4318624.243, 91
Trd, 4318624.343, 87
Trd, 4318624.843, 95
Trd, 4318625.943, 128
Trd, 4318627.593, 99
Trd, 4318628.493, 100
Trd, 4318628.593, 85
Trd, 4318629.543, 86
Trd, 4318629.743, 93
Trd, 4318631.093, 68
Trd, 4318632.293, 91
Trd, 4318633.043, 92
Trd, 4318633.993, 90
Trd, 4318634.143, 81
Trd, 4318635.343, 61
Trd, 4318635.393, 79
Trd, 4318636.743, 65
Trd, 4318637.093, 77
Trd, 4318637.993, 85
Trd, 4318638.293, 112
Trd, 4318638.843, 62
Trd, 4318638.993, 69
Trd, 4318640.443, 103
Trd, 4318640.943, 91
Trd, 4318641.643, 67
Trd, 4318642.643, 71
Trd, 4318643.593, 67
Trd, 4318644.193, 86
Trd, 4318644.793, 69
Trd, 4318645.093, 68
Trd, 4318645.543, 70
Trd, 4318646.193, 95
Trd, 4318647.143, 85
Trd, 4318647.593, 94
Trd, 4318648.943, 77
Trd, 4318649.793, 73
Trd, 4318651.693, 74
Trd, 4318652.543, 76
Trd, 4318652.743, 73
Trd, 4318653.843, 70
Trd, 4318655.293, 131
Trd, 4318655.443, 126
Trd, 4318655.743, 95
Trd, 4318656.393, 133
Trd, 4318656.643, 122
Trd, 4318658.743, 119
Trd, 4318659.193, 119
Trd, 4318659.893, 100
Trd, 4318660.643, 89
Trd, 4318661.093, 80
Trd, 4318661.293, 108
Trd, 4318662.443, 113
Trd, 4318662.593, 105
Trd, 4318662.643, 104
Trd, 4318666.043, 134
Trd, 4318666.193, 114
Trd, 4318666.993, 108
Trd, 4318667.143, 107
Trd, 4318667.243, 87
Trd, 4318667.493, 105
Trd, 4318667.593, 91
Trd, 4318668.643, 61
Trd, 4318669.143, 71
Trd, 4318670.693, 87
Trd, 4318671.743, 65
Trd, 4318672.293, 63
Trd, 4318672.843, 61
Trd, 4318673.193, 62
Trd, 4318674.193, 62
Trd, 4318675.743, 77
Trd, 4318677.143, 61
Trd, 4318678.243, 80
Trd, 4318678.593, 84
Trd, 4318679.293, 110
Trd, 4318680.993, 129
Trd, 4318681.043, 83
Trd, 4318681.243, 125
Trd, 4318681.693, 117
Trd, 4318681.843, 72
Trd, 4318682.393, 97
Trd, 4318683.293, 60
Trd, 4318684.293, 76
Trd, 4318684.943, 81
Trd, 4318684.993, 107
Trd, 4318687.493, 129
Trd, 4318687.543, 128
Trd, 4318687.993, 104
Trd, 4318688.093, 101
Trd, 4318688.443, 81
Trd, 4318689.793, 103
Trd, 4318690.043, 116
Trd, 4318691.193, 92
Trd, 4318691.893, 75
Trd, 4318692.393, 60
Trd, 4318692.493, 64
Trd, 4318693.243, 63
Trd, 4318695.893, 114
Trd, 4318697.493, 112
Trd, 4318698.343, 105
Trd, 4318698.593, 79
Trd, 4318698.643, 73
Trd, 4318698.743, 70
Trd, 4318699.593, 107
Trd, 4318700.243, 122
Trd, 4318700.793, 81
Trd, 4318702.943, 114
Trd, 4318703.143, 98
Trd, 4318703.443, 91
Trd, 4318703.593, 137
Trd, 4318704.543, 65
Trd, 4318705.093, 85
Trd, 4318705.243, 128
Trd, 4318705.593, 98
Trd, 4318706.993, 93
Trd, 4318707.843, 73
Trd, 4318708.443, 74
Trd, 4318708.893, 76
Trd, 4318710.193, 96
Trd, 4318710.243, 128
Trd, 4318710.343, 95
Trd, 4318710.493, 130
Trd, 4318712.093, 125
Trd, 4318712.593, 94
Trd, 4318714.393, 76
Trd, 4318714.493, 74
Trd, 4318714.743, 65
Trd, 4318716.393, 78
Trd, 4318716.893, 77
Trd, 4318717.193, 89
Trd, 4318718.593, 66
Trd, 4318719.643, 69
Trd, 4318720.393, 84
Trd, 4318722.143, 106
Trd, 4318723.093, 104
Trd, 4318725.143, 124
Trd, 4318725.793, 131
Trd, 4318725.993, 124
Trd, 4318726.493, 93
Trd, 4318726.743, 116
Trd, 4318727.793, 69
Trd, 4318728.643, 65
Trd, 4318729.193, 66
Trd, 4318729.743, 68
Trd, 4318730.143, 78
Trd, 4318731.043, 97
Trd, 4318731.343, 96
Trd, 4318732.543, 70
Trd, 4318733.193, 89
Trd, 4318734.243, 75
Trd, 4318734.743, 97
Trd, 4318734.793, 69
Trd, 4318735.243, 68
Trd, 4318737.043, 85
Trd, 4318737.393, 104
Trd, 4318739.143, 105
Trd, 4318739.343, 98
Trd, 4318739.393, 123
Trd, 4318740.643, 81
Trd, 4318741.043, 79
Trd, 4318741.393, 101
Trd, 4318742.843, 93
Trd, 4318742.993, 89
Trd, 4318743.543, 95
Trd, 4318743.943, 79
Trd, 4318744.793, 64
Trd, 4318745.993, 84
Trd, 4318747.893, 74
Trd, 4318748.143, 94
Trd, 4318748.643, 104
Trd, 4318748.693, 73
Trd, 4318750.093, 75
Trd, 4318750.443, 102
Trd, 4318751.443, 64
Trd, 4318752.093, 94
Trd, 4318752.393, 116
Trd, 4318753.993, 60
Trd, 4318754.043, 65
Trd, 4318754.943, 106
Trd, 4318756.343, 93
Trd, 4318756.543, 90
Trd, 4318756.793, 89
Trd, 4318757.793, 69
Trd, 4318758.243, 87
Trd, 4318759.493, 97
Trd, 4318759.593, 96
Trd, 4318760.043, 97
Trd, 4318762.093, 115
Trd, 4318762.343, 112
Trd, 4318764.193, 61
Trd, 4318764.893, 71
Trd, 4318765.443, 101
Trd, 4318765.693, 119
Trd, 4318765.743, 100
Trd, 4318766.343, 120
Trd, 4318767.143, 103
Trd, 4318767.443, 85
Trd, 4318768.343, 74
Trd, 4318770.143, 93
Trd, 4318770.843, 71
Trd, 4318770.993, 72
Trd, 4318771.443, 68
Trd, 4318772.293, 90
Trd, 4318773.843, 67
Trd, 4318774.843, 68
Trd, 4318775.093, 69
Trd, 4318775.743, 126
Trd, 4318776.143, 97
Trd, 4318776.493, 95
Trd, 4318776.543, 115
Trd, 4318778.243, 123
Trd, 4318778.943, 76
Trd, 4318780.093, 65
Trd, 4318780.943, 120
Trd, 4318781.093, 95
Trd, 4318782.043, 134
Trd, 4318782.643, 83
Trd, 4318783.343, 83
Trd, 4318784.293, 62
Trd, 4318784.893, 96
Trd, 4318786.893, 121
Trd, 4318787.043, 111
Trd, 4318787.443, 107
Trd, 4318788.943, 124
Trd, 4318789.193, 95
Trd, 4318789.243, 83
Trd, 4318790.593, 94
Trd, 4318790.693, 93
Trd, 4318790.793, 80
Trd, 4318791.793, 99
Trd, 4318791.943, 68
Trd, 4318792.493, 87
Trd, 4318793.793, 102
Trd, 4318794.143, 65
Trd, 4318794.493, 64
Trd, 4318795.193, 66
Trd, 4318795.543, 62
Trd, 4318795.943, 91
Trd, 4318797.143, 93
Trd, 4318797.593, 125
Trd, 4318798.043, 115
Trd, 4318798.593, 114
Trd, 4318799.143, 101
Trd, 4318800.043, 132
Trd, 4318800.693, 119
Trd, 4318801.093, 66
Trd, 4318801.943, 112
Trd, 4318803.643, 95
Trd, 4318803.743, 103
Trd, 4318805.043, 113
Trd, 4318805.443, 123
Trd, 4318806.493, 114
Trd, 4318806.743, 101
Trd, 4318807.293, 98
Trd, 4318809.143, 98
Trd, 4318810.493, 127
Trd, 4318810.543, 96
Trd, 4318811.143, 98
Trd, 4318811.293, 90
Trd, 4318811.693, 83
Trd, 4318813.343, 111
Trd, 4318813.543, 109
Trd, 4318815.093, 128
Trd, 4318815.993, 106
Trd, 4318816.043, 68
Trd, 4318817.193, 138
Trd, 4318817.293, 128
Trd, 4318817.993, 122
Trd, 4318818.143, 87
Trd, 4318818.943, 102
Trd, 4318819.743, 75
Trd, 4318820.143, 67
Trd, 4318820.343, 111
Trd, 4318821.243, 60
Trd, 4318822.543, 82
Trd, 4318824.193, 76
Trd, 4318825.443, 108
Trd, 4318826.193, 102
Trd, 4318826.343, 103
Trd, 4318826.693, 92
Trd, 4318827.043, 96
Trd, 4318828.393, 110
Trd, 4318828.793, 109
Trd, 4318830.043, 114
Trd, 4318830.343, 112
Trd, 4318831.143, 99
Trd, 4318831.643, 98
Trd, 4318832.293, 107
Trd, 4318832.443, 96
Trd, 4318833.043, 96
Trd, 4318834.693, 96
Trd, 4318835.143, 94
Trd, 4318835.193, 92
Trd, 4318835.343, 90
Trd, 4318836.293, 125
Trd, 4318836.943, 62
Trd, 4318838.193, 98
Trd, 4318838.543, 84
Trd, 4318839.693, 69
Trd, 4318840.043, 97
Trd, 4318840.343, 83
Trd, 4318841.543, 110
Trd, 4318842.193, 116
Trd, 4318843.343, 126
Trd, 4318843.643, 129
Trd, 4318844.043, 108
Trd, 4318844.143, 92
Trd, 4318845.493, 104
Trd, 4318846.343, 94
Trd, 4318847.143, 125
Trd, 4318847.293, 64
Trd, 4318849.493, 60
Trd, 4318849.743, 61
Trd, 4318849.943, 66
Trd, 4318850.743, 67
Trd, 4318850.943, 116
Trd, 4318854.043, 107
Trd, 4318854.193, 99
Trd, 4318854.393, 77
Trd, 4318855.343, 106
Trd, 4318855.693, 102
Trd, 4318855.993, 73
Trd, 4318857.593, 113
Trd, 4318858.243, 127
Trd, 4318858.543, 106
Trd, 4318859.593, 103
Trd, 4318860.793, 115
Trd, 4318860.893, 101
Trd, 4318860.993, 98
Trd, 4318861.393, 99
Trd, 4318862.993, 94
Trd, 4318863.593, 83
Trd, 4318863.693, 103
Trd, 4318864.493, 87
Trd, 4318864.643, 86
Trd, 4318866.043, 85
Trd, 4318866.143, 93
Trd, 4318866.243, 81
Trd, 4318867.643, 93
Trd, 4318868.343, 92
Trd, 4318868.543, 77
Trd, 4318868.793, 67
Trd, 4318869.793, 66
Trd, 4318871.293, 107
Trd, 4318871.943, 87
Trd, 4318872.393, 131
Trd, 4318872.643, 86
Trd, 4318873.993, 121
Trd, 4318875.243, 117
Trd, 4318875.393, 105
Trd, 4318875.843, 139
Trd, 4318876.343, 103
Trd, 4318876.743, 107
Trd, 4318877.693, 124
Trd, 4318877.993, 82
Trd, 4318879.593, 119
Trd, 4318879.843, 115
Trd, 4318879.943, 101
Trd, 4318880.643, 92
Trd, 4318882.793, 61
Trd, 4318883.843, 61
Trd, 4318884.493, 70
Trd, 4318885.043, 74
Trd, 4318886.243, 111
Trd, 4318886.343, 116
Trd, 4318887.043, 123
Trd, 4318887.193, 111
Trd, 4318887.593, 124
Trd, 4318888.143, 114
Trd, 4318889.543, 115
Trd, 4318890.743, 99
Trd, 4318890.843, 71
Trd, 4318891.793, 103
Trd, 4318893.243, 96
Trd, 4318893.893, 99
Trd, 4318894.143, 118
Trd, 4318894.443, 94
Trd, 4318894.743, 93
Trd, 4318894.943, 96
Trd, 4318896.993, 63
Trd, 4318897.493, 77
Trd, 4318897.543, 63
Trd, 4318898.893, 138
Trd, 4318899.293, 86
Trd, 4318900.393, 138
Trd, 4318900.593, 99
Trd, 4318901.993, 121
Trd, 4318902.043, 114
Trd, 4318903.543, 91
Trd, 4318905.843, 86
Trd, 4318908.093, 90
Trd, 4318908.643, 127
Trd, 4318908.893, 100
Trd, 4318909.193, 87
Trd, 4318909.393, 85
Trd, 4318912.093, 97
Trd, 4318912.343, 104
Trd, 4318912.493, 76
Trd, 4318913.293, 91
Trd, 4318913.943, 128
Trd, 4318915.293, 96
Trd, 4318915.343, 95
Trd, 4318915.443, 85
Trd, 4318917.793, 109
Trd, 4318918.243, 105
Trd, 4318918.893, 104
Trd, 4318920.243, 87
Trd, 4318920.843, 97
Trd, 4318921.193, 93
Trd, 4318921.293, 85
Trd, 4318921.893, 117
Trd, 4318922.243, 69
Trd, 4318922.993, 91
Trd, 4318924.643, 97
Trd, 4318926.243, 103
Trd, 4318928.343, 112
Trd, 4318929.193, 104
Trd, 4318929.443, 96
Trd, 4318929.743, 99
Trd, 4318930.843, 108
Trd, 4318931.293, 82
Trd, 4318931.543, 74
Trd, 4318931.593, 97
Trd, 4318932.093, 77
Trd, 4318932.743, 115
Trd, 4318933.743, 135
Trd, 4318934.443, 124
Trd, 4318935.643, 111
Trd, 4318936.093, 85
Trd, 4318936.243, 88
Trd, 4318936.993, 89
Trd, 4318937.243, 97
Trd, 4318937.993, 112
Trd, 4318939.193, 87
Trd, 4318939.643, 131
Trd, 4318940.743, 64
Trd, 4318941.143, 119
Trd, 4318941.993, 135
Trd, 4318942.993, 88
Trd, 4318944.293, 140
Trd, 4318945.643, 121
Trd, 4318945.943, 120
Trd, 4318946.193, 108
Trd, 4318947.343, 121
Trd, 4318947.543, 98
Trd, 4318947.893, 97
Trd, 4318947.993, 93
Trd, 4318949.143, 76
Trd, 4318950.093, 127
Trd, 4318951.793, 133
Trd, 4318951.893, 130
Trd, 4318952.193, 118
Trd, 4318952.893, 108
Trd, 4318953.193, 107
Trd, 4318953.693, 90
Trd, 4318954.293, 84
Trd, 4318955.293, 107
Trd, 4318955.443, 132
Trd, 4318956.043, 106
Trd, 4318957.243, 93
Trd, 4318957.493, 70
Trd, 4318958.243, 120
Trd, 4318960.043, 99
Trd, 4318960.593, 122
Trd, 4318960.893, 114
Trd, 4318961.343, 83
Trd, 4318962.743, 123
Trd, 4318962.893, 113
Trd, 4318963.993, 101
Trd, 4318964.693, 90
Trd, 4318965.643, 103
Trd, 4318965.693, 99
Trd, 4318966.143, 114
Trd, 4318966.643, 86
Trd, 4318967.493, 77
Trd, 4318968.093, 64
Trd, 4318970.093, 96
Trd, 4318970.343, 94
Trd, 4318971.043, 94
Trd, 4318971.893, 93
Trd, 4318972.243, 92
Trd, 4318972.793, 103
Trd, 4318973.593, 122
Trd, 4318974.043, 87
Trd, 4318974.593, 118
Trd, 4318975.793, 86
Trd, 4318975.943, 84
Trd, 4318976.093, 79
Trd, 4318976.543, 124
Trd, 4318978.493, 113
Trd, 4318978.693, 112
Trd, 4318979.693, 101
Trd, 4318981.343, 109
Trd, 4318981.593, 104
Trd, 4318982.443, 79
Trd, 4318982.693, 78
Trd, 4318982.943, 72
Trd, 4318983.493, 81
Trd, 4318985.893, 109
Trd, 4318986.693, 103
Trd, 4318987.443, 93
Trd, 4318987.743, 76
Trd, 4318988.593, 82
Trd, 4318989.193, 107
Trd, 4318989.393, 76
Trd, 4318989.843, 112
Trd, 4318991.393, 114
Trd, 4318991.643, 64
Trd, 4318992.593, 130
Trd, 4318992.743, 129
Trd, 4318993.493, 77
Trd, 4318994.343, 100
Trd, 4318994.893, 109
Trd, 4318995.243, 111
Trd, 4318995.743, 63
Trd, 4318997.293, 113
Trd, 4318997.743, 112
Trd, 4318998.443, 99
Trd, 4318999.043, 87
Trd, 4318999.643, 60
Trd, 4319000.543, 78
Trd, 4319001.543, 78
Trd, 4319001.643, 115
Trd, 4319002.443, 82
Trd, 4319003.293, 64
Trd, 4319003.743, 65
Trd, 4319004.393, 117
Trd, 4319004.993, 64
Trd, 4319005.743, 63
Trd, 4319005.793, 117
Trd, 4319007.543, 83
Trd, 4319007.693, 77
Trd, 4319008.493, 111
Trd, 4319009.943, 136
Trd, 4319010.043, 81
Trd, 4319010.243, 80
Trd, 4319011.443, 69
Trd, 4319012.293, 62
Trd, 4319012.343, 69
Trd, 4319012.693, 78
Trd, 4319013.543, 117
Trd, 4319013.593, 116
Trd, 4319014.743, 74
Trd, 4319014.793, 77
Trd, 4319015.793, 102
Trd, 4319016.143, 107
Trd, 4319017.443, 101
Trd, 4319020.043, 103
Trd, 4319020.143, 99
Trd, 4319020.343, 77
Trd, 4319021.143, 61
Trd, 4319021.543, 98
Trd, 4319022.593, 106
Trd, 4319023.293, 126
Trd, 4319023.693, 134
Trd, 4319024.193, 91
Trd, 4319024.793, 80
Trd, 4319024.993, 86
Trd, 4319026.343, 89
Trd, 4319027.793, 96
Trd, 4319028.093, 108
Trd, 4319028.343, 102
Trd, 4319028.943, 76
Trd, 4319029.843, 107
Trd, 4319030.343, 103
Trd, 4319031.393, 132
Trd, 4319031.593, 102
Trd, 4319033.943, 87
Trd, 4319034.043, 84
Trd, 4319034.193, 61
Trd, 4319034.393, 96
Trd, 4319036.893, 117
Trd, 4319036.993, 126
Trd, 4319037.493, 96
Trd, 4319037.893, 69
Trd, 4319038.343, 118
Trd, 4319039.843, 94
Trd, 4319040.043, 96
Trd, 4319040.193, 89
Trd, 4319041.293, 76
Trd, 4319042.443, 96
Trd, 4319043.243, 97
Trd, 4319044.793, 94
Trd, 4319045.143, 118
Trd, 4319045.943, 78
Trd, 4319046.193, 82
Trd, 4319046.493, 71
Trd, 4319046.993, 130
Trd, 4319047.693, 126
Trd, 4319047.793, 114
Trd, 4319048.193, 93
Trd, 4319048.943, 134
Trd, 4319050.443, 119
Trd, 4319051.693, 116
Trd, 4319052.893, 122
Trd, 4319053.193, 121
Trd, 4319053.743, 112
Trd, 4319053.993, 111
Trd, 4319054.043, 102
Trd, 4319055.943, 79
Trd, 4319056.943, 82
Trd, 4319057.393, 68
Trd, 4319058.943, 87
Trd, 4319059.043, 64
Trd, 4319059.293, 105
Trd, 4319060.593, 94
Trd, 4319061.443, 83
Trd, 4319062.043, 128
Trd, 4319062.493, 106
Trd, 4319062.943, 95
Trd, 4319063.743, 100
Trd, 4319063.993, 91
Trd, 4319064.193, 79
Trd, 4319064.393, 78
Trd, 4319065.093, 81
Trd, 4319065.593, 79
Trd, 4319066.543, 80
Trd, 4319069.043, 101
Trd, 4319069.343, 91
Trd, 4319071.243, 106
Trd, 4319071.843, 98
Trd, 4319072.043, 89
Trd, 4319072.843, 135
Trd, 4319073.543, 108
Trd, 4319074.743, 98
Trd, 4319075.993, 74
Trd, 4319076.343, 75
Trd, 4319076.543, 64
Trd, 4319076.793, 112
Trd, 4319077.943, 70
Trd, 4319079.143, 78
Trd, 4319079.343, 95
Trd, 4319079.493, 66
Trd, 4319080.643, 111
Trd, 4319081.143, 93
Trd, 4319081.593, 92
Trd, 4319081.793, 92
Trd, 4319083.643, 60
Trd, 4319084.043, 133
Trd, 4319084.243, 106
Trd, 4319084.443, 97
Trd, 4319085.143, 113
Trd, 4319085.493, 67
Trd, 4319086.093, 66
Trd, 4319087.793, 92
Trd, 4319088.493, 91
Trd, 4319088.893, 87
Trd, 4319089.943, 112
Trd, 4319091.043, 87
Trd, 4319092.093, 95
Trd, 4319092.343, 88
Trd, 4319092.443, 85
Trd, 4319092.843, 100
Trd, 4319093.243, 90
Trd, 4319093.493, 86
Trd, 4319094.593, 72
Trd, 4319095.393, 72
Trd, 4319096.343, 74
Trd, 4319096.643, 107
Trd, 4319096.943, 68
Trd, 4319097.493, 120
Trd, 4319098.043, 104
Trd, 4319098.293, 83
Trd, 4319098.443, 105
Trd, 4319099.743, 68
Trd, 4319100.543, 98
Trd, 4319101.493, 68
Trd, 4319102.843, 95
Trd, 4319102.943, 94
Trd, 4319103.043, 79
Trd, 4319103.143, 62
Trd, 4319103.543, 64
Trd, 4319105.143, 99
Trd, 4319105.543, 112
Trd, 4319107.093, 111
Trd, 4319107.393, 84
Trd, 4319108.343, 86
Trd, 4319108.543, 102
Trd, 4319109.643, 108
Trd, 4319109.743, 114
Trd, 4319110.193, 82
Trd, 4319111.793, 71
Trd, 4319112.343, 72
Trd, 4319113.043, 66
Trd, 4319113.143, 71
Trd, 4319114.293, 65
Trd, 4319115.243, 83
Trd, 4319115.443, 81
Trd, 4319117.043, 84
Trd, 4319117.793, 138
Trd, 4319117.843, 94
Trd, 4319118.793, 115
Trd, 4319119.693, 94
Trd, 4319121.193, 83
Trd, 4319121.343, 82
Trd, 4319122.193, 87
Trd, 4319123.393, 71
Trd, 4319123.593, 87
Trd, 4319124.543, 66
Trd, 4319125.093, 65
Trd, 4319125.493, 73
Trd, 4319126.043, 126
Trd, 4319126.193, 125
Trd, 4319126.543, 88
Trd, 4319128.043, 100
Trd, 4319128.193, 121
Trd, 4319128.643, 73
Trd, 4319130.543, 82
Trd, 4319130.843, 83
Trd, 4319131.243, 64
Trd, 4319133.243, 119
Trd, 4319133.743, 81
Trd, 4319134.443, 140
Trd, 4319135.343, 98
Trd, 4319135.993, 62
Trd, 4319136.393, 60
Trd, 4319137.193, 80
Trd, 4319137.393, 69
Trd, 4319137.793, 66
Trd, 4319139.293, 94
Trd, 4319140.843, 64
Trd, 4319141.093, 66
Trd, 4319143.843, 91
Trd, 4319144.143, 67
Trd, 4319144.243, 62
Trd, 4319144.393, 110
Trd, 4319144.543, 75
Trd, 4319145.343, 113
Trd, 4319145.443, 77
Trd, 4319146.793, 63
Trd, 4319147.143, 90
Trd, 4319148.743, 71
Trd, 4319149.843, 73
Trd, 4319149.993, 123
Trd, 4319150.193, 70
Trd, 4319151.943, 101
Trd, 4319152.143, 99
Trd, 4319152.543, 105
Trd, 4319152.943, 88
Trd, 4319153.293, 80
Trd, 4319153.793, 85
Trd, 4319153.893, 70
Trd, 4319155.943, 87
Trd, 4319156.443, 91
Trd, 4319156.893, 89
Trd, 4319157.193, 82
Trd, 4319157.543, 85
Trd, 4319158.743, 64
Trd, 4319160.093, 80
Trd, 4319161.393, 123
Trd, 4319161.893, 82
Trd, 4319162.093, 81
Trd, 4319163.943, 66
Trd, 4319164.643, 99
Trd, 4319165.193, 74
Trd, 4319166.293, 95
Trd, 4319168.493, 106
Trd, 4319168.593, 76
Trd, 4319169.743, 104
Trd, 4319169.893, 94
Trd, 4319170.093, 107
Trd, 4319170.543, 125
Trd, 4319171.393, 93
Trd, 4319172.343, 63
Trd, 4319172.643, 120
Trd, 4319173.043, 114
Trd, 4319175.293, 83
Trd, 4319176.093, 102
Trd, 4319177.193, 103
Trd, 4319177.443, 118
Trd, 4319177.893, 95
Trd, 4319178.243, 124
Trd, 4319178.743, 98
Trd, 4319180.243, 75
Trd, 4319181.343, 86
Trd, 4319182.143, 110
Trd, 4319182.393, 94
Trd, 4319183.243, 78
Trd, 4319183.843, 77
Trd, 4319184.343, 61
Trd, 4319185.443, 97
Trd, 4319185.543, 96
Trd, 4319186.543, 123
Trd, 4319188.043, 130
Trd, 4319188.893, 104
Trd, 4319189.293, 105
Trd, 4319189.693, 104
Trd, 4319191.143, 91
Trd, 4319191.393, 95
Trd, 4319192.693, 86
Trd, 4319193.643, 112
Trd, 4319193.843, 92
Trd, 4319193.943, 90
Trd, 4319194.393, 85
Trd, 4319195.543, 111
Trd, 4319196.243, 117
Trd, 4319196.393, 64
Trd, 4319197.543, 126
Trd, 4319197.943, 114
Trd, 4319198.943, 65
Trd, 4319200.043, 129
Trd, 4319200.393, 110
Trd, 4319201.093, 87
Trd, 4319202.943, 80
Trd, 4319203.993, 73
Trd, 4319204.493, 92
Trd, 4319204.643, 113
Trd, 4319205.143, 119
Trd, 4319205.693, 107
Trd, 4319205.793, 90
Trd, 4319206.993, 83
Trd, 4319207.493, 103
Trd, 4319208.343, 111
Trd, 4319209.443, 103
Trd, 4319210.393, 113
Trd, 4319210.943, 122
Trd, 4319211.193, 121
Trd, 4319211.343, 108
Trd, 4319211.593, 130
Trd, 4319212.993, 91
Trd, 4319213.993, 82
Trd, 4319214.743, 62
Trd, 4319215.593, 92
Trd, 4319216.943, 114
Trd, 4319217.643, 111
Trd, 4319218.593, 101
Trd, 4319220.143, 130
Trd, 4319220.943, 99
Trd, 4319220.993, 93
Trd, 4319221.093, 90
Trd, 4319221.193, 81
Trd, 4319221.893, 138
Trd, 4319222.943, 64
Trd, 4319223.943, 117
Trd, 4319224.043, 116
Trd, 4319224.943, 132
Trd, 4319225.193, 125
Trd, 4319226.393, 125
Trd, 4319226.943, 112
Trd, 4319228.643, 90
Trd, 4319228.943, 102
Trd, 4319229.243, 84
Trd, 4319229.793, 89
Trd, 4319230.193, 77
Trd, 4319231.843, 64
Trd, 4319232.943, 67
Trd, 4319233.443, 99
Trd, 4319235.193, 90
Trd, 4319235.693, 85
Trd, 4319237.193, 124
Trd, 4319237.343, 122
Trd, 4319238.743, 122
Trd, 4319239.293, 97
Trd, 4319239.443, 93
Trd, 4319239.543, 95
Trd, 4319240.793, 68
Trd, 4319241.093, 64
Trd, 4319241.643, 96
Trd, 4319242.243, 75
Trd, 4319243.293, 103
Trd, 4319244.293, 84
Trd, 4319246.093, 125
Trd, 4319246.243, 124
Trd, 4319246.343, 117
Trd, 4319247.343, 107
Trd, 4319247.393, 104
Trd, 4319248.093, 98
Trd, 4319248.893, 112
Trd, 4319249.693, 62
Trd, 4319250.043, 70
Trd, 4319250.643, 114
Trd, 4319251.943, 124
Trd, 4319252.093, 101
Trd, 4319253.493, 73
Trd, 4319253.693, 128
Trd, 4319254.193, 64
Trd, 4319254.493, 62
Trd, 4319254.843, 78
Trd, 4319255.643, 91
Trd, 4319255.793, 85
Trd, 4319255.843, 80
Trd, 4319257.593, 70
Trd, 4319258.493, 115
Trd, 4319258.793, 92
Trd, 4319259.593, 79
Trd, 4319260.343, 92
Trd, 4319260.493, 98
Trd, 4319261.493, 130
Trd, 4319261.843, 72
Trd, 4319263.143, 112
Trd, 4319263.943, 123
Trd, 4319264.743, 91
Trd, 4319266.593, 111
Trd, 4319268.243, 133
Trd, 4319269.793, 79
Trd, 4319269.893, 138
Trd, 4319271.793, 98
Trd, 4319272.893, 102
Trd, 4319273.043, 85
Trd, 4319273.493, 69
Trd, 4319274.743, 84
Trd, 4319274.793, 75
Trd, 4319275.593, 115
Trd, 4319275.793, 137
Trd, 4319277.093, 102
Trd, 4319278.843, 72
Trd, 4319279.993, 100
Trd, 4319280.193, 103
Trd, 4319280.943, 101
Trd, 4319281.193, 111
Trd, 4319281.993, 115
Trd, 4319282.343, 115
Trd, 4319282.493, 95
Trd, 4319283.493, 87
Trd, 4319284.293, 98
Trd, 4319286.443, 91
Trd, 4319286.493, 84
Trd, 4319287.643, 118
Trd, 4319287.943, 131
Trd, 4319288.543, 67
Trd, 4319289.143, 108
Trd, 4319289.643, 94
Trd, 4319290.493, 114
Trd, 4319294.043, 125
Trd, 4319294.093, 121
Trd, 4319294.393, 89
Trd, 4319294.993, 131
Trd, 4319296.193, 122
Trd, 4319297.043, 122
Trd, 4319297.643, 106
Trd, 4319297.743, 98
Trd, 4319299.093, 121
Trd, 4319299.843, 121
Trd, 4319300.843, 115
Trd, 4319301.143, 115
Trd, 4319301.393, 70
Trd, 4319303.443, 69
Trd, 4319305.293, 62
Trd, 4319306.293, 101
Trd, 4319306.343, 96
Trd, 4319307.393, 91
Trd, 4319307.893, 110
Trd, 4319307.993, 98
Trd, 4319308.443, 127
Trd, 4319308.843, 82
Trd, 4319310.093, 98
Trd, 4319310.443, 119
Trd, 4319312.793, 105
Trd, 4319312.893, 74
Trd, 4319313.243, 60
Trd, 4319314.043, 125
Trd, 4319314.193, 72
Trd, 4319314.543, 124
Trd, 4319315.193, 71
Trd, 4319315.493, 75
Trd, 4319315.993, 111
Trd, 4319316.343, 85
Trd, 4319316.943, 66
Trd, 4319317.643, 105
Trd, 4319318.643, 74
Trd, 4319319.943, 99
Trd, 4319321.743, 120
Trd, 4319322.043, 96
Trd, 4319322.243, 79
Trd, 4319322.743, 123
Trd, 4319323.093, 116
Trd, 4319323.643, 122
Trd, 4319323.743, 121
Trd, 4319324.193, 108
Trd, 4319325.143, 61
Trd, 4319326.093, 97
Trd, 4319326.943, 70
Trd, 4319328.793, 130
Trd, 4319329.093, 100
Trd, 4319329.143, 86
Trd, 4319330.393, 118
Trd, 4319331.143, 94
Trd, 4319332.143, 61
Trd, 4319332.293, 81
Trd, 4319333.893, 95
Trd, 4319334.643, 137
Trd, 4319336.243, 97
Trd, 4319337.243, 88
Trd, 4319337.443, 125
Trd, 4319337.943, 82
Trd, 4319339.193, 112
Trd, 4319339.543, 110
Trd, 4319340.243, 89
Trd, 4319340.843, 85
Trd, 4319342.043, 95
Trd, 4319342.543, 93
Trd, 4319342.643, 80
Trd, 4319343.543, 98
Trd, 4319344.493, 88
Trd, 4319344.743, 64
Trd, 4319345.293, 79
Trd, 4319345.543, 66
Trd, 4319346.193, 73
Trd, 4319347.143, 97
Trd, 4319347.843, 102
Trd, 4319348.543, 68
Trd, 4319349.643, 116
Trd, 4319349.843, 82
Trd, 4319349.993, 69
Trd, 4319350.343, 116
Trd, 4319351.443, 104
Trd, 4319352.793, 60
Trd, 4319354.943, 120
Trd, 4319355.943, 133
Trd, 4319356.843, 83
Trd, 4319357.943, 104
Trd, 4319358.093, 95
Trd, 4319359.943, 123
Trd, 4319360.543, 104
Trd, 4319361.043, 103
Trd, 4319361.243, 95
Trd, 4319361.343, 82
Trd, 4319361.793, 78
Trd, 4319364.243, 127
Trd, 4319364.443, 93
Trd, 4319365.243, 98
Trd, 4319365.943, 104
Trd, 4319366.443, 126
Trd, 4319367.843, 109
Trd, 4319369.043, 112
Trd, 4319369.143, 131
Trd, 4319369.393, 89
Trd, 4319370.293, 115
Trd, 4319370.443, 112
Trd, 4319372.393, 102
Trd, 4319372.893, 87
Trd, 4319373.593, 86
Trd, 4319374.343, 103
Trd, 4319374.593, 101
Trd, 4319375.143, 61
Trd, 4319375.593, 101
Trd, 4319377.093, 91
Trd, 4319377.593, 127
Trd, 4319378.393, 99
Trd, 4319378.693, 101
Trd, 4319380.643, 113
Trd, 4319381.193, 110
Trd, 4319381.543, 98
Trd, 4319381.793, 94
Trd, 4319382.143, 82
Trd, 4319382.343, 124
Trd, 4319383.593, 61
Trd, 4319384.393, 88
Trd, 4319384.593, 79
Trd, 4319385.293, 112
Trd, 4319386.543, 109
Trd, 4319386.993, 107
Trd, 4319387.593, 91
Trd, 4319388.743, 65
Trd, 4319390.543, 84
Trd, 4319391.893, 71
Trd, 4319393.543, 73
Trd, 4319393.693, 101
Trd, 4319393.893, 88
Trd, 4319394.643, 85
Trd, 4319395.493, 81
Trd, 4319395.743, 77
Trd, 4319396.543, 89
Trd, 4319396.643, 114
Trd, 4319398.543, 112
Trd, 4319398.643, 112
Trd, 4319398.693, 98
Trd, 4319399.543, 68
Trd, 4319399.643, 78
Trd, 4319399.943, 74
Trd, 4319400.543, 77
Trd, 4319401.543, 98
Trd, 4319403.543, 61
Trd, 4319403.593, 61
Trd, 4319404.293, 61
Trd, 4319404.793, 64
Trd, 4319405.793, 86
Trd, 4319406.493, 80
Trd, 4319407.443, 68
Trd, 4319407.943, 64
Trd, 4319408.493, 88
Trd, 4319410.493, 105
Trd, 4319411.243, 114
Trd, 4319412.343, 135
Trd, 4319412.693, 120
Trd, 4319413.043, 121
Trd, 4319413.093, 105
Trd, 4319413.393, 112
Trd, 4319414.993, 89
Trd, 4319416.343, 94
Trd, 4319417.243, 120
Trd, 4319417.443, 104
Trd, 4319417.843, 105
Trd, 4319418.993, 133
Trd, 4319419.193, 71
Trd, 4319419.443, 69
Trd, 4319420.793, 135
Trd, 4319421.343, 101
Trd, 4319422.443, 88
Trd, 4319423.193, 63
Trd, 4319423.293, 65
Trd, 4319423.843, 61
Trd, 4319424.893, 80
Trd, 4319425.043, 93
Trd, 4319425.943, 84
Trd, 4319426.793, 89
Trd, 4319427.843, 75
Trd, 4319428.593, 71
Trd, 4319429.193, 76
Trd, 4319429.293, 115
Trd, 4319430.243, 114
Trd, 4319430.543, 110
Trd, 4319431.143, 109
Trd, 4319432.593, 110
Trd, 4319433.143, 96
Trd, 4319433.393, 94
Trd, 4319434.393, 113
Trd, 4319434.593, 105
Trd, 4319435.043, 128
Trd, 4319435.143, 128
Trd, 4319435.343, 92
Trd, 4319436.843, 78
Trd, 4319439.093, 80
Trd, 4319439.793, 93
Trd, 4319440.293, 92
Trd, 4319441.093, 73
Trd, 4319441.343, 66
Trd, 4319441.443, 95
Trd, 4319442.293, 118
Trd, 4319442.393, 107
Trd, 4319442.693, 104
Trd, 4319444.893, 88
Trd, 4319445.043, 98
Trd, 4319446.093, 98
Trd, 4319446.443, 71
Trd, 4319446.693, 70
Trd, 4319447.743, 68
Trd, 4319448.343, 76
Trd, 4319449.643, 129
Trd, 4319450.543, 128
Trd, 4319450.693, 116
Trd, 4319450.993, 108
Trd, 4319451.543, 130
Trd, 4319452.093, 113
Trd, 4319454.543, 134
Trd, 4319454.943, 94
Trd, 4319455.793, 62
Trd, 4319456.143, 86
Trd, 4319456.893, 77
Trd, 4319457.593, 76
Trd, 4319458.293, 108
Trd, 4319458.593, 94
Trd, 4319458.743, 93
Trd, 4319459.343, 112
Trd, 4319459.393, 82
Trd, 4319461.243, 125
Trd, 4319461.343, 110
Trd, 4319463.043, 132
Trd, 4319463.093, 129
Trd, 4319463.893, 85
Trd, 4319464.143, 111
Trd, 4319464.593, 96
Trd, 4319465.093, 124
Trd, 4319465.843, 118
Trd, 4319466.493, 123
Trd, 4319466.743, 118
Trd, 4319467.293, 102
Trd, 4319467.693, 105
Trd, 4319469.693, 131
Trd, 4319469.843, 118
Trd, 4319469.893, 88
Trd, 4319472.293, 106
Trd, 4319473.593, 99
Trd, 4319473.793, 71
Trd, 4319474.093, 122
Trd, 4319474.443, 73
Trd, 4319474.543, 92
Trd, 4319474.793, 62
Trd, 4319476.993, 110
Trd, 4319477.093, 89
Trd, 4319478.593, 79
Trd, 4319478.743, 80
Trd, 4319478.993, 63
Trd, 4319479.843, 107
Trd, 4319480.143, 105
Trd, 4319480.543, 115
Trd, 4319480.743, 105
Trd, 4319480.793, 98
Trd, 4319481.143, 94
Trd, 4319482.993, 81
Trd, 4319483.943, 99
Trd, 4319484.193, 74
Trd, 4319485.243, 71
Trd, 4319485.393, 68
Trd, 4319485.843, 112
Trd, 4319486.143, 89
Trd, 4319486.493, 68
Trd, 4319487.243, 99
Trd, 4319488.793, 97
Trd, 4319489.693, 106
Trd, 4319490.693, 104
Trd, 4319491.093, 100
Trd, 4319492.293, 117
Trd, 4319492.743, 104
Trd, 4319493.743, 78
Trd, 4319494.793, 66
Trd, 4319494.843, 92
Trd, 4319495.993, 81
Trd, 4319497.493, 76
Trd, 4319497.543, 96
Trd, 4319497.943, 85
Trd, 4319498.193, 126
Trd, 4319498.693, 60
Trd, 4319499.843, 65
Trd, 4319500.343, 72
Trd, 4319501.693, 107
Trd, 4319503.743, 91
Trd, 4319505.443, 102
Trd, 4319505.493, 100
Trd, 4319505.843, 125
Trd, 4319506.043, 93
Trd, 4319506.943, 100
Trd, 4319507.143, 76
Trd, 4319507.443, 80
Trd, 4319509.143, 67
Trd, 4319509.743, 95
Trd, 4319510.043, 92
Trd, 4319510.943, 63
Trd, 4319511.743, 98
Trd, 4319511.943, 105
Trd, 4319512.293, 87
Trd, 4319514.843, 89
Trd, 4319515.093, 110
Trd, 4319515.393, 114
Trd, 4319515.993, 102
Trd, 4319516.293, 94
Trd, 4319517.443, 116
Trd, 4319518.093, 107
Trd, 4319518.343, 92
Trd, 4319518.493, 92
Trd, 4319519.143, 108
Trd, 4319520.143, 121
Trd, 4319520.793, 98
Trd, 4319521.093, 107
Trd, 4319521.893, 115
Trd, 4319522.393, 96
Trd, 4319522.643, 76
Trd, 4319523.993, 136
Trd, 4319524.443, 122
Trd, 4319524.743, 120
Trd, 4319524.843, 110
Trd, 4319525.543, 64
Trd, 4319526.393, 77
Trd, 4319526.743, 120
Trd, 4319527.743, 88
Trd, 4319529.443, 127
Trd, 4319530.593, 67
Trd, 4319531.293, 68
Trd, 4319532.343, 95
Trd, 4319532.543, 89
Trd, 4319533.243, 122
Trd, 4319533.293, 89
Trd, 4319533.593, 123
Trd, 4319533.743, 92
Trd, 4319535.043, 69
Trd, 4319535.493, 76
Trd, 4319535.793, 64
Trd, 4319536.443, 61
Trd, 4319537.093, 73
Trd, 4319539.393, 129
Trd, 4319539.693, 89
Trd, 4319540.643, 117
Trd, 4319541.243, 113
Trd, 4319541.293, 102
Trd, 4319541.443, 93
Trd, 4319543.243, 124
Trd, 4319544.543, 138
Trd, 4319545.443, 102
Trd, 4319546.893, 127
Trd, 4319546.943, 115
Trd, 4319547.193, 109
Trd, 4319547.893, 112
Trd, 4319550.243, 74
Trd, 4319551.843, 77
Trd, 4319552.043, 75
Trd, 4319552.493, 79
Trd, 4319552.893, 83
Trd, 4319553.843, 106
Trd, 4319554.243, 115
Trd, 4319555.343, 132
Trd, 4319555.743, 112
Trd, 4319556.043, 82
Trd, 4319557.343, 68
Trd, 4319558.993, 131
Trd, 4319559.743, 130
Trd, 4319560.643, 137
Trd, 4319560.893, 119
Trd, 4319561.843, 92
Trd, 4319562.943, 83
Trd, 4319563.743, 94
Trd, 4319564.343, 106
Trd, 4319564.393, 101
Trd, 4319564.843, 81
Trd, 4319565.193, 79
Trd, 4319566.593, 92
Trd, 4319568.043, 95
Trd, 4319568.293, 76
Trd, 4319568.893, 77
Trd, 4319569.243, 96
Trd, 4319571.193, 71
Trd, 4319571.843, 67
Trd, 4319571.893, 99
Trd, 4319572.193, 66
Trd, 4319574.493, 125
Trd, 4319574.543, 117
Trd, 4319575.493, 111
Trd, 4319576.143, 99
Trd, 4319576.793, 100
Trd, 4319577.493, 119
Trd, 4319578.243, 80
Trd, 4319578.443, 74
Trd, 4319579.293, 99
Trd, 4319580.843, 97
Trd, 4319581.893, 125
Trd, 4319582.493, 115
Trd, 4319582.943, 124
Trd, 4319584.043, 121
Trd, 4319584.693, 73
Trd, 4319584.843, 81
Trd, 4319585.193, 91
Trd, 4319586.243, 73
Trd, 4319586.593, 71
Trd, 4319586.943, 82
Trd, 4319587.743, 80
Trd, 4319589.143, 75
Trd, 4319589.393, 80
Trd, 4319589.693, 68
Trd, 4319590.193, 99
Trd, 4319591.993, 88
Trd, 4319592.393, 84
Trd, 4319593.743, 109
Trd, 4319594.093, 129
Trd, 4319595.543, 126
Trd, 4319596.093, 125
Trd, 4319596.443, 115
Trd, 4319596.743, 72
Trd, 4319597.943, 136
Trd, 4319598.393, 117
Trd, 4319599.893, 95
Trd, 4319600.343, 85
Trd, 4319600.793, 74
Trd, 4319600.893, 91
Trd, 4319601.643, 118
Trd, 4319601.793, 86
Trd, 4319602.493, 121
Trd, 4319602.543, 88
Trd, 4319602.893, 119
Trd, 4319604.843, 103
Trd, 4319606.043, 68
Trd, 4319606.143, 111
Trd, 4319607.543, 60
Trd, 4319608.943, 130
Trd, 4319609.193, 109
Trd, 4319609.793, 95
Trd, 4319611.793, 123
Trd, 4319612.393, 127
Trd, 4319612.843, 98
Trd, 4319612.893, 74
Trd, 4319614.543, 81
Trd, 4319615.843, 102
Trd, 4319616.243, 76
Trd, 4319616.293, 100
Trd, 4319616.493, 74
Trd, 4319618.043, 61
Trd, 4319618.343, 62
Trd, 4319619.243, 90
Trd, 4319620.093, 104
Trd, 4319620.543, 83
Trd, 4319620.993, 69
Trd, 4319621.843, 125
Trd, 4319622.243, 109
Trd, 4319623.093, 93
Trd, 4319623.843, 67
Trd, 4319623.893, 93
Trd, 4319625.893, 122
Trd, 4319626.843, 76
Trd, 4319627.443, 69
Trd, 4319628.643, 71
Trd, 4319629.993, 127
Trd, 4319630.143, 100
Trd, 4319630.593, 99
Trd, 4319631.043, 79
Trd, 4319631.193, 63
Trd, 4319631.593, 109
Trd, 4319632.593, 84
Trd, 4319633.343, 66
Trd, 4319635.093, 105
Trd, 4319636.243, 78
Trd, 4319636.443, 86
Trd, 4319636.893, 96
Trd, 4319638.993, 113
Trd, 4319639.293, 105
Trd, 4319639.493, 104
Trd, 4319640.043, 132
Trd, 4319641.143, 107
Trd, 4319641.993, 111
Trd, 4319642.693, 108
Trd, 4319643.543, 112
Trd, 4319643.693, 101
Trd, 4319643.743, 65
Trd, 4319644.243, 77
Trd, 4319645.393, 65
Trd, 4319645.543, 62
Trd, 4319646.093, 118
Trd, 4319646.143, 103
Trd, 4319648.243, 116
Trd, 4319650.393, 126
Trd, 4319651.243, 104
Trd, 4319652.393, 132
Trd, 4319652.693, 115
Trd, 4319653.793, 114
Trd, 4319654.293, 100
Trd, 4319654.493, 115
Trd, 4319654.943, 119
Trd, 4319655.343, 106
Trd, 4319656.493, 111
Trd, 4319657.193, 117
Trd, 4319657.393, 102
Trd, 4319657.443, 98
Trd, 4319657.593, 95
Trd, 4319658.493, 112
Trd, 4319659.693, 66
Trd, 4319659.743, 65
Trd, 4319660.343, 78
Trd, 4319662.243, 124
Trd, 4319663.593, 123
Trd, 4319663.943, 115
Trd, 4319664.093, 131
Trd, 4319664.243, 107
Trd, 4319664.893, 89
Trd, 4319664.993, 117
Trd, 4319665.743, 95
Trd, 4319666.643, 115
Trd, 4319667.393, 77
Trd, 4319667.593, 82
Trd, 4319668.793, 86
Trd, 4319669.043, 96
Trd, 4319669.393, 84
Trd, 4319670.243, 118
Trd, 4319670.743, 116
Trd, 4319672.443, 72
Trd, 4319673.043, 90
Trd, 4319673.893, 82
Trd, 4319676.143, 66
Trd, 4319676.943, 63
Trd, 4319677.143, 72
Trd, 4319677.643, 93
Trd, 4319677.793, 115
Trd, 4319678.093, 77
Trd, 4319678.443, 95
Trd, 4319679.243, 63
Trd, 4319679.393, 62
Trd, 4319679.943, 64
Trd, 4319681.093, 61
Trd, 4319681.493, 93
Trd, 4319682.093, 63
Trd, 4319682.643, 89
Trd, 4319684.043, 65
Trd, 4319684.343, 72
Trd, 4319684.743, 92
Trd, 4319685.593, 60
Trd, 4319686.843, 68
Trd, 4319687.193, 76
Trd, 4319687.793, 93
Trd, 4319688.043, 60
Trd, 4319688.843, 95
Trd, 4319689.743, 106
Trd, 4319690.743, 100
Trd, 4319691.193, 123
Trd, 4319691.593, 88
Trd, 4319692.343, 93
Trd, 4319692.393, 84
Trd, 4319694.043, 118
Trd, 4319694.393, 110
Trd, 4319694.493, 106
Trd, 4319695.193, 98
Trd, 4319695.643, 124
Trd, 4319697.343, 68
Trd, 4319698.343, 106
Trd, 4319699.043, 131
Trd, 4319699.893, 87
Trd, 4319700.793, 88
Trd, 4319701.743, 81
Trd, 4319702.243, 113
Trd, 4319702.343, 91
Trd, 4319702.793, 76
Trd, 4319703.793, 73
Trd, 4319706.193, 115
Trd, 4319708.043, 93
Trd, 4319709.193, 92
Trd, 4319710.043, 81
Trd, 4319710.193, 100
Trd, 4319710.743, 69
Trd, 4319710.943, 97
Trd, 4319711.293, 123
Trd, 4319711.893, 106
Trd, 4319712.343, 108
Trd, 4319712.543, 107
Trd, 4319713.543, 73
Trd, 4319714.893, 115
Trd, 4319715.093, 117
Trd, 4319715.743, 65
Trd, 4319717.243, 84
Trd, 4319717.643, 83
Trd, 4319718.643, 95
Trd, 4319718.943, 91
Trd, 4319719.493, 115
Trd, 4319719.543, 102
Trd, 4319720.143, 94
Trd, 4319720.243, 81
Trd, 4319720.493, 76
Trd, 4319722.243, 60
Trd, 4319722.893, 61
Trd, 4319723.943, 104
Trd, 4319724.143, 79
Trd, 4319725.693, 100
Trd, 4319725.743, 84
Trd, 4319727.143, 89
Trd, 4319728.243, 125
Trd, 4319729.443, 135
Trd, 4319731.143, 114
Trd, 4319731.793, 111
Trd, 4319732.293, 104
Trd, 4319732.343, 96
Trd, 4319732.543, 106
Trd, 4319733.293, 94
Trd, 4319733.643, 102
Trd, 4319734.443, 72
Trd, 4319736.443, 95
Trd, 4319736.493, 69
Trd, 4319739.893, 60
Trd, 4319739.943, 61
Trd, 4319740.443, 69
Trd, 4319740.893, 66
Trd, 4319741.143, 73
Trd, 4319742.893, 84
Trd, 4319743.793, 83
Trd, 4319744.093, 80
Trd, 4319745.593, 121
Trd, 4319745.643, 106
Trd, 4319745.793, 89
Trd, 4319746.293, 85
Trd, 4319746.793, 84
Trd, 4319747.493, 85
Trd, 4319748.893, 60
Trd, 4319749.393, 63
Trd, 4319749.643, 79
Trd, 4319750.843, 79
Trd, 4319751.593, 126
Trd, 4319753.393, 131
Trd, 4319753.693, 130
Trd, 4319754.593, 130
Trd, 4319755.193, 124
Trd, 4319755.643, 119
Trd, 4319756.243, 117
Trd, 4319756.443, 124
Trd, 4319757.193, 115
Trd, 4319757.243, 104
Trd, 4319758.043, 98
Trd, 4319759.743, 119
Trd, 4319759.793, 86
Trd, 4319760.643, 107
Trd, 4319761.093, 126
Trd, 4319761.393, 124
Trd, 4319761.443, 114
Trd, 4319763.843, 120
Trd, 4319764.043, 109
Trd, 4319765.043, 112
Trd, 4319765.843, 106
Trd, 4319766.393, 96
Trd, 4319766.543, 89
Trd, 4319766.993, 80
Trd, 4319768.693, 86
Trd, 4319769.093, 99
Trd, 4319770.243, 115
Trd, 4319770.493, 114
Trd, 4319771.043, 95
Trd, 4319771.493, 82
Trd, 4319772.143, 120
Trd, 4319773.543, 68
Trd, 4319774.293, 72
Trd, 4319774.793, 67
Trd, 4319775.193, 105
Trd, 4319775.393, 90
Trd, 4319776.643, 68
Trd, 4319776.993, 68
Trd, 4319777.843, 102
Trd, 4319778.543, 113
Trd, 4319779.093, 72
Trd, 4319780.493, 73
Trd, 4319781.493, 66
Trd, 4319782.243, 62
Trd, 4319782.993, 93
Trd, 4319785.343, 115
Trd, 4319785.543, 101
Trd, 4319785.643, 87
Trd, 4319785.793, 86
Trd, 4319786.243, 85
Trd, 4319786.293, 84
Trd, 4319786.843, 87
Trd, 4319787.343, 69
Trd, 4319788.993, 68
Trd, 4319789.593, 68
Trd, 4319790.943, 113
Trd, 4319791.643, 60
Trd, 4319792.043, 66
Trd, 4319793.593, 117
Trd, 4319793.893, 83
Trd, 4319794.443, 69
Trd, 4319795.793, 96
Trd, 4319795.993, 121
Trd, 4319796.293, 94
Trd, 4319796.893, 124
Trd, 4319797.493, 109
Trd, 4319798.593, 63
Trd, 4319800.193, 133
Trd, 4319800.943, 132
Trd, 4319801.443, 99
Trd, 4319801.843, 113
Trd, 4319802.543, 87
Trd, 4319802.743, 81
Trd, 4319803.043, 68
Trd, 4319804.393, 130
Trd, 4319804.493, 100
Trd, 4319805.493, 99
Trd, 4319805.993, 65
Trd, 4319806.593, 122
Trd, 4319807.193, 76
Trd, 4319808.093, 62
Trd, 4319809.793, 70
Trd, 4319811.293, 131
Trd, 4319811.343, 129
Trd, 4319811.743, 123
Trd, 4319811.993, 114
Trd, 4319812.443, 83
Trd, 4319812.943, 95
Trd, 4319813.643, 99
Trd, 4319814.943, 94
Trd, 4319815.643, 97
Trd, 4319816.393, 78
Trd, 4319816.493, 63
Trd, 4319816.893, 96
Trd, 4319817.243, 100
Trd, 4319818.093, 134
Trd, 4319818.643, 77
Trd, 4319819.893, 112
Trd, 4319820.743, 117
Trd, 4319820.943, 116
Trd, 4319821.143, 63
Trd, 4319822.543, 81
Trd, 4319823.093, 76
Trd, 4319823.243, 120
Trd, 4319823.743, 111
Trd, 4319824.243, 90
Trd, 4319825.293, 102
Trd, 4319825.543, 99
Trd, 4319825.793, 96
Trd, 4319827.193, 75
Trd, 4319828.493, 122
Trd, 4319828.793, 62
Trd, 4319830.193, 112
Trd, 4319830.643, 92
Trd, 4319831.843, 108
Trd, 4319832.693, 104
Trd, 4319833.793, 130
Trd, 4319835.593, 99
Trd, 4319835.993, 108
Trd, 4319836.093, 107
Trd, 4319837.943, 125
Trd, 4319838.043, 116
Trd, 4319838.093, 92
Trd, 4319838.393, 72
Trd, 4319839.243, 73
Trd, 4319839.693, 85
Trd, 4319840.393, 103
Trd, 4319841.993, 102
Trd, 4319842.793, 112
Trd, 4319843.593, 103
Trd, 4319843.843, 96
Trd, 4319845.293, 119
Trd, 4319846.793, 108
Trd, 4319847.043, 86
Trd, 4319848.093, 97
Trd, 4319849.743, 67
Trd, 4319850.343, 65
Trd, 4319850.843, 77
Trd, 4319852.143, 91
Trd, 4319852.243, 79
Trd, 4319853.443, 85
Trd, 4319853.743, 79
Trd, 4319853.793, 67
Trd, 4319854.243, 94
Trd, 4319854.893, 108
Trd, 4319855.543, 115
Trd, 4319856.343, 70
Trd, 4319857.493, 63
Trd, 4319859.043, 124
Trd, 4319859.943, 115
Trd, 4319860.743, 121
Trd, 4319860.793, 108
Trd, 4319862.893, 88
Trd, 4319863.193, 84
Trd, 4319863.443, 101
Trd, 4319864.043, 114
Trd, 4319864.193, 84
Trd, 4319865.043, 111
Trd, 4319867.193, 90
Trd, 4319867.793, 89
Trd, 4319868.593, 112
Trd, 4319868.893, 60
Trd, 4319870.643, 60
Trd, 4319872.393, 131
Trd, 4319872.493, 118
Trd, 4319872.543, 114
Trd, 4319873.043, 98
Trd, 4319873.343, 106
Trd, 4319874.543, 98
Trd, 4319876.643, 84
Trd, 4319876.993, 123
Trd, 4319877.143, 109
Trd, 4319879.143, 102
Trd, 4319880.193, 108
Trd, 4319880.793, 115
Trd, 4319881.693, 110
Trd, 4319882.143, 103
Trd, 4319882.393, 98
Trd, 4319883.143, 127
Trd, 4319883.293, 112
Trd, 4319885.793, 119
Trd, 4319886.893, 111
Trd, 4319887.093, 108
Trd, 4319887.193, 130
Trd, 4319888.243, 97
Trd, 4319888.443, 109
Trd, 4319888.743, 91
Trd, 4319888.943, 104
Trd, 4319889.943, 79
Trd, 4319889.993, 72
Trd, 4319892.543, 77
Trd, 4319892.843, 76
Trd, 4319893.893, 62
Trd, 4319894.343, 64
Trd, 4319895.043, 119
Trd, 4319895.743, 77
Trd, 4319896.893, 115
Trd, 4319897.193, 89
Trd, 4319897.643, 127
Trd, 4319898.393, 88
Trd, 4319898.543, 93
Trd, 4319898.593, 83
Trd, 4319898.693, 72
Trd, 4319899.343, 125
Trd, 4319902.243, 122
Trd, 4319902.993, 117
Trd, 4319903.343, 114
Trd, 4319903.393, 94
Trd, 4319903.993, 83
Trd, 4319904.543, 122
Trd, 4319905.243, 125
Trd, 4319906.143, 119
Trd, 4319907.543, 129
Trd, 4319908.293, 106
Trd, 4319908.843, 132
Trd, 4319909.093, 131
Trd, 4319909.443, 122
Trd, 4319909.693, 111
Trd, 4319909.943, 95
Trd, 4319910.693, 118
Trd, 4319911.493, 136
Trd, 4319912.443, 120
Trd, 4319914.193, 140
Trd, 4319916.543, 115
Trd, 4319916.993, 128
Trd, 4319917.343, 124
Trd, 4319918.293, 127
Trd, 4319918.893, 104
Trd, 4319919.393, 68
Trd, 4319920.293, 110
Trd, 4319920.493, 102
Trd, 4319921.643, 98
Trd, 4319922.293, 105
Trd, 4319924.143, 79
Trd, 4319924.543, 62
Trd, 4319925.593, 131
Trd, 4319925.793, 64
Trd, 4319927.093, 67
Trd, 4319927.643, 67
Trd, 4319928.493, 74
Trd, 4319928.993, 83
Trd, 4319929.743, 69
Trd, 4319931.143, 106
Trd, 4319931.443, 108
Trd, 4319932.643, 132
Trd, 4319934.143, 92
Trd, 4319934.343, 116
Trd, 4319935.193, 130
Trd, 4319935.643, 128
Trd, 4319935.693, 116
Trd, 4319936.343, 96
Trd, 4319937.893, 108
Trd, 4319938.543, 99
Trd, 4319939.943, 82
Trd, 4319940.843, 86
Trd, 4319941.143, 79
Trd, 4319941.543, 126
Trd, 4319942.543, 115
Trd, 4319943.493, 114
Trd, 4319944.443, 126
Trd, 4319945.343, 108
Trd, 4319945.443, 98
Trd, 4319947.093, 138
Trd, 4319947.243, 114
Trd, 4319947.993, 94
Trd, 4319948.443, 88
Trd, 4319950.293, 129
Trd, 4319951.143, 116
Trd, 4319951.193, 116
Trd, 4319951.743, 103
Trd, 4319951.993, 92
Trd, 4319952.393, 81
Trd, 4319953.243, 137
Trd, 4319953.743, 136
Trd, 4319954.443, 112
Trd, 4319954.593, 78
Trd, 4319955.743, 134
Trd, 4319956.843, 118
Trd, 4319957.193, 107
Trd, 4319957.343, 111
Trd, 4319957.943, 100
Trd, 4319958.743, 94
Trd, 4319959.993, 126
Trd, 4319960.993, 124
Trd, 4319963.043, 129
Trd, 4319964.243, 111
Trd, 4319964.743, 114
Trd, 4319965.093, 129
Trd, 4319965.693, 96
Trd, 4319966.793, 103
Trd, 4319967.893, 114
Trd, 4319967.993, 90
Trd, 4319968.193, 65
Trd, 4319969.243, 65
Trd, 4319969.993, 66
Trd, 4319970.543, 79
Trd, 4319971.743, 85
Trd, 4319972.493, 93
Trd, 4319972.643, 76
Trd, 4319972.943, 95
Trd, 4319973.043, 91
Trd, 4319973.293, 85
Trd, 4319975.093, 90
Trd, 4319975.993, 116
Trd, 4319976.643, 66
Trd, 4319976.793, 124
Trd, 4319976.993, 60
Trd, 4319978.293, 129
Trd, 4319979.043, 79
Trd, 4319980.343, 98
Trd, 4319980.943, 87
Trd, 4319981.843, 92
Trd, 4319981.893, 108
Trd, 4319983.743, 95
Trd, 4319984.493, 82
Trd, 4319984.743, 82
Trd, 4319985.543, 103
Trd, 4319986.493, 102
Trd, 4319986.843, 101
Trd, 4319988.293, 133
Trd, 4319988.343, 131
Trd, 4319988.443, 120
Trd, 4319988.743, 78
Trd, 4319989.043, 121
Trd, 4319989.543, 85
Trd, 4319990.443, 82
Trd, 4319990.543, 73
Trd, 4319992.793, 133
Trd, 4319993.293, 110
Trd, 4319994.293, 92
Trd, 4319995.343, 89
Trd, 4319997.343, 118
Trd, 4319997.693, 114
Trd, 4319999.143, 114
Trd, 4319999.543, 110
