Trd, 4318188.243, 139
Trd, 4318188.443, 139
Trd, 4318188.543, 130
Trd, 4318189.993, 140
Trd, 4318190.443, 139
Trd, 4318191.293, 125
Trd, 4318192.093, 60
Trd, 4318193.493, 62
Trd, 4318193.593, 63
Trd, 4318193.743, 63
Trd, 4318194.843, 63
Trd, 4318194.943, 81
Trd, 4318194.993, 90
Trd, 4318195.443, 63
Trd, 4318195.993, 84
Trd, 4318196.793, 67
Trd, 4318197.593, 130
Trd, 4318198.093, 113
Trd, 4318198.293, 112
Trd, 4318199.393, 61
Trd, 4318199.543, 62
Trd, 4318200.143, 60
Trd, 4318200.543, 140
Trd, 4318200.993, 138
Trd, 4318201.493, 103
Trd, 4318202.193, 64
Trd, 4318203.693, 140
Trd, 4318205.643, 140
Trd, 4318206.093, 140
Trd, 4318206.293, 122
Trd, 4318206.493, 115
Trd, 4318206.693, 110
Trd, 4318206.743, 109
Trd, 4318207.643, 60
Trd, 4318208.393, 72
Trd, 4318208.643, 67
Trd, 4318209.143, 105
Trd, 4318209.243, 64
Trd, 4318210.543, 91
Trd, 4318211.543, 63
Trd, 4318212.643, 61
Trd, 4318212.743, 101
Trd, 4318212.993, 60
Trd, 4318213.093, 105
Trd, 4318213.893, 60
Trd, 4318214.743, 60
Trd, 4318214.793, 60
Trd, 4318215.193, 61
Trd, 4318216.043, 60
Trd, 4318216.843, 60
Trd, 4318217.443, 72
Trd, 4318218.093, 83
Trd, 4318219.443, 61
Trd, 4318219.893, 60
Trd, 4318220.243, 60
Trd, 4318220.643, 61
Trd, 4318222.643, 60
Trd, 4318223.643, 60
Trd, 4318223.993, 60
Trd, 4318224.393, 67
Trd, 4318224.693, 91
Trd, 4318225.693, 65
Trd, 4318226.393, 65
Trd, 4318226.493, 78
Trd, 4318226.943, 138
Trd, 4318227.593, 135
Trd, 4318228.643, 127
Trd, 4318228.893, 73
Trd, 4318230.243, 60
Trd, 4318231.043, 60
Trd, 4318231.093, 63
Trd, 4318231.243, 68
Trd, 4318231.493, 61
Trd, 4318232.443, 116
Trd, 4318232.593, 101
Trd, 4318233.443, 140
Trd, 4318233.843, 131
Trd, 4318234.193, 88
Trd, 4318234.893, 60
Trd, 4318236.043, 125
Trd, 4318236.243, 60
Trd, 4318237.043, 61
Trd, 4318238.043, 70
Trd, 4318238.543, 109
Trd, 4318239.093, 62
Trd, 4318239.693, 138
Trd, 4318239.743, 137
Trd, 4318240.043, 65
Trd, 4318241.093, 127
Trd, 4318241.193, 95
Trd, 4318241.843, 61
Trd, 4318242.643, 73
Trd, 4318244.293, 61
Trd, 4318244.343, 62
Trd, 4318244.743, 73
Trd, 4318245.243, 60
Trd, 4318245.893, 65
Trd, 4318247.343, 109
Trd, 4318247.843, 129
Trd, 4318248.943, 62
Trd, 4318249.443, 65
Trd, 4318249.543, 65
Trd, 4318250.393, 77
Trd, 4318250.793, 63
Trd, 4318252.143, 76
Trd, 4318252.693, 140
Trd, 4318253.343, 119
Trd, 4318253.643, 133
Trd, 4318254.743, 61
Trd, 4318254.993, 65
Trd, 4318255.293, 66
Trd, 4318255.493, 78
Trd, 4318256.093, 60
Trd, 4318258.243, 60
Trd, 4318258.743, 61
Trd, 4318259.943, 140
Trd, 4318260.243, 140
Trd, 4318260.843, 136
Trd, 4318261.293, 60
Trd, 4318261.543, 133
Trd, 4318262.493, 63
Trd, 4318264.593, 61
Trd, 4318264.793, 65
Trd, 4318265.343, 62
Trd, 4318267.393, 60
Trd, 4318268.093, 63
Trd, 4318268.293, 64
Trd, 4318268.643, 64
Trd, 4318270.043, 61
Trd, 4318271.143, 61
Trd, 4318271.843, 61
Trd, 4318272.293, 69
Trd, 4318273.943, 61
Trd, 4318274.293, 61
Trd, 4318274.393, 63
Trd, 4318274.643, 63
Trd, 4318275.143, 65
Trd, 4318276.343, 62
Trd, 4318276.893, 63
Trd, 4318277.093, 66
Trd, 4318277.693, 100
Trd, 4318278.743, 60
Trd, 4318279.493, 60
Trd, 4318279.993, 62
Trd, 4318280.543, 62
Trd, 4318281.443, 72
Trd, 4318283.393, 60
Trd, 4318283.593, 66
Trd, 4318283.743, 63
Trd, 4318284.343, 60
Trd, 4318285.743, 60
Trd, 4318286.193, 62
Trd, 4318286.693, 74
Trd, 4318288.343, 63
Trd, 4318288.443, 63
Trd, 4318288.493, 68
Trd, 4318289.343, 61
Trd, 4318290.643, 61
Trd, 4318291.243, 65
Trd, 4318291.543, 71
Trd, 4318292.643, 63
Trd, 4318293.143, 60
Trd, 4318294.593, 60
Trd, 4318295.043, 60
Trd, 4318295.243, 61
Trd, 4318295.643, 63
Trd, 4318297.193, 64
Trd, 4318297.393, 60
Trd, 4318298.343, 67
Trd, 4318298.493, 130
Trd, 4318299.343, 68
Trd, 4318299.793, 140
Trd, 4318299.893, 135
Trd, 4318300.243, 114
Trd, 4318301.593, 140
Trd, 4318301.693, 138
Trd, 4318302.493, 140
Trd, 4318302.893, 140
Trd, 4318303.593, 118
Trd, 4318304.793, 140
Trd, 4318305.043, 140
Trd, 4318305.343, 135
Trd, 4318305.393, 119
Trd, 4318306.343, 70
Trd, 4318306.593, 140
Trd, 4318308.843, 140
Trd, 4318309.393, 120
Trd, 4318309.493, 109
Trd, 4318310.343, 132
Trd, 4318310.743, 114
Trd, 4318310.993, 137
Trd, 4318312.543, 140
Trd, 4318312.593, 140
Trd, 4318312.693, 129
Trd, 4318313.143, 80
Trd, 4318314.093, 60
Trd, 4318314.343, 71
Trd, 4318314.493, 95
Trd, 4318315.093, 70
Trd, 4318315.593, 84
Trd, 4318317.143, 60
Trd, 4318317.543, 68
Trd, 4318318.293, 68
Trd, 4318318.843, 65
Trd, 4318319.043, 65
Trd, 4318319.893, 67
Trd, 4318320.493, 102
Trd, 4318321.143, 68
Trd, 4318321.343, 65
Trd, 4318322.243, 139
Trd, 4318322.293, 138
Trd, 4318322.843, 121
Trd, 4318323.443, 139
Trd, 4318325.043, 140
Trd, 4318325.993, 140
Trd, 4318326.243, 140
Trd, 4318326.293, 139
Trd, 4318327.143, 137
Trd, 4318327.893, 133
Trd, 4318328.793, 140
Trd, 4318329.443, 113
Trd, 4318329.993, 127
Trd, 4318330.743, 140
Trd, 4318331.593, 139
Trd, 4318331.743, 135
Trd, 4318333.143, 116
Trd, 4318333.293, 66
Trd, 4318333.443, 66
Trd, 4318334.493, 120
Trd, 4318334.843, 138
Trd, 4318335.743, 60
Trd, 4318336.243, 61
Trd, 4318336.393, 73
Trd, 4318337.093, 60
Trd, 4318337.893, 81
Trd, 4318338.743, 61
Trd, 4318340.993, 63
Trd, 4318341.043, 67
Trd, 4318341.293, 103
Trd, 4318342.693, 60
Trd, 4318343.043, 61
Trd, 4318344.443, 65
Trd, 4318344.493, 66
Trd, 4318344.743, 139
Trd, 4318345.793, 75
Trd, 4318346.043, 68
Trd, 4318346.443, 71
Trd, 4318347.143, 111
Trd, 4318347.393, 72
Trd, 4318348.043, 140
Trd, 4318348.093, 140
Trd, 4318348.443, 138
Trd, 4318349.593, 125
Trd, 4318350.593, 124
Trd, 4318351.093, 117
Trd, 4318351.193, 113
Trd, 4318351.843, 140
Trd, 4318352.093, 140
Trd, 4318353.043, 140
Trd, 4318353.343, 140
Trd, 4318353.643, 140
Trd, 4318354.943, 66
Trd, 4318355.743, 62
Trd, 4318355.893, 125
Trd, 4318356.543, 138
Trd, 4318357.493, 66
Trd, 4318357.793, 81
Trd, 4318358.593, 140
Trd, 4318360.293, 140
Trd, 4318361.293, 140
Trd, 4318362.093, 140
Trd, 4318362.143, 140
Trd, 4318362.193, 137
Trd, 4318362.343, 137
Trd, 4318363.193, 126
Trd, 4318363.893, 84
Trd, 4318364.143, 139
Trd, 4318364.843, 140
Trd, 4318365.243, 139
Trd, 4318367.393, 109
Trd, 4318367.993, 118
Trd, 4318368.643, 139
Trd, 4318368.743, 120
Trd, 4318368.893, 109
Trd, 4318368.993, 77
Trd, 4318370.293, 64
Trd, 4318370.543, 101
Trd, 4318370.643, 131
Trd, 4318372.343, 66
Trd, 4318373.493, 60
Trd, 4318374.093, 61
Trd, 4318374.193, 62
Trd, 4318374.743, 108
Trd, 4318376.043, 60
Trd, 4318376.193, 62
Trd, 4318377.293, 88
Trd, 4318377.693, 62
Trd, 4318378.243, 60
Trd, 4318378.743, 62
Trd, 4318379.343, 61
Trd, 4318379.793, 67
Trd, 4318380.243, 79
Trd, 4318380.693, 115
Trd, 4318382.443, 62
Trd, 4318382.993, 60
Trd, 4318383.493, 62
Trd, 4318384.093, 65
Trd, 4318385.093, 61
Trd, 4318385.293, 73
Trd, 4318386.043, 60
Trd, 4318386.243, 60
Trd, 4318386.643, 62
Trd, 4318386.793, 60
Trd, 4318387.543, 140
Trd, 4318389.143, 65
Trd, 4318389.743, 83
Trd, 4318389.843, 82
Trd, 4318390.143, 115
Trd, 4318392.243, 63
Trd, 4318392.743, 61
Trd, 4318392.843, 68
Trd, 4318393.743, 61
Trd, 4318394.393, 62
Trd, 4318394.693, 63
Trd, 4318395.043, 61
Trd, 4318397.193, 60
Trd, 4318397.393, 60
Trd, 4318397.593, 62
Trd, 4318397.643, 85
Trd, 4318398.043, 72
Trd, 4318399.393, 66
Trd, 4318401.543, 62
Trd, 4318401.743, 61
Trd, 4318402.143, 61
Trd, 4318402.393, 60
Trd, 4318402.693, 66
Trd, 4318402.893, 101
Trd, 4318403.343, 69
Trd, 4318404.243, 73
Trd, 4318404.493, 80
Trd, 4318404.843, 101
Trd, 4318405.393, 66
Trd, 4318406.393, 64
Trd, 4318406.443, 117
Trd, 4318407.393, 127
Trd, 4318408.093, 138
Trd, 4318408.393, 137
Trd, 4318408.993, 138
Trd, 4318409.243, 136
Trd, 4318409.493, 124
Trd, 4318410.943, 63
Trd, 4318412.243, 63
Trd, 4318412.543, 64
Trd, 4318412.993, 62
Trd, 4318413.793, 67
Trd, 4318413.993, 68
Trd, 4318414.943, 60
Trd, 4318415.493, 62
Trd, 4318415.743, 60
Trd, 4318416.743, 116
Trd, 4318418.043, 140
Trd, 4318418.493, 140
Trd, 4318419.793, 140
Trd, 4318419.843, 140
Trd, 4318420.943, 140
Trd, 4318421.193, 140
Trd, 4318422.343, 140
Trd, 4318422.593, 140
Trd, 4318423.193, 140
Trd, 4318423.393, 92
Trd, 4318423.443, 76
Trd, 4318424.093, 116
Trd, 4318424.143, 86
Trd, 4318425.693, 140
Trd, 4318426.393, 60
Trd, 4318426.893, 61
Trd, 4318428.793, 61
Trd, 4318429.043, 60
Trd, 4318429.393, 60
Trd, 4318429.643, 61
Trd, 4318429.693, 63
Trd, 4318431.693, 60
Trd, 4318432.193, 64
Trd, 4318432.893, 61
Trd, 4318433.243, 60
Trd, 4318433.793, 62
Trd, 4318434.193, 140
Trd, 4318434.493, 140
Trd, 4318435.493, 139
Trd, 4318435.643, 138
Trd, 4318436.543, 62
Trd, 4318437.643, 64
Trd, 4318437.693, 64
Trd, 4318437.793, 70
Trd, 4318437.893, 71
Trd, 4318439.893, 140
Trd, 4318441.243, 140
Trd, 4318441.843, 140
Trd, 4318442.343, 139
Trd, 4318442.593, 123
Trd, 4318443.043, 124
Trd, 4318443.243, 123
Trd, 4318443.893, 77
Trd, 4318445.293, 139
Trd, 4318446.393, 137
Trd, 4318446.893, 139
Trd, 4318446.993, 124
Trd, 4318448.493, 140
Trd, 4318448.643, 83
Trd, 4318449.293, 115
Trd, 4318449.793, 105
Trd, 4318449.943, 65
Trd, 4318450.393, 140
Trd, 4318450.693, 140
Trd, 4318452.293, 140
Trd, 4318452.343, 140
Trd, 4318452.993, 139
Trd, 4318453.093, 136
Trd, 4318454.993, 137
Trd, 4318455.093, 136
Trd, 4318455.943, 118
Trd, 4318456.093, 79
Trd, 4318456.993, 133
Trd, 4318457.843, 140
Trd, 4318458.393, 139
Trd, 4318459.043, 132
Trd, 4318460.243, 125
Trd, 4318460.343, 105
Trd, 4318460.593, 104
Trd, 4318461.443, 139
Trd, 4318462.393, 121
Trd, 4318462.843, 140
Trd, 4318464.043, 140
Trd, 4318464.943, 140
Trd, 4318465.493, 140
Trd, 4318466.093, 140
Trd, 4318466.543, 140
Trd, 4318466.743, 118
Trd, 4318467.543, 140
Trd, 4318468.543, 139
Trd, 4318468.893, 138
Trd, 4318469.543, 97
Trd, 4318469.943, 92
Trd, 4318470.843, 127
Trd, 4318471.593, 129
Trd, 4318471.643, 104
Trd, 4318471.843, 127
Trd, 4318472.893, 70
Trd, 4318473.743, 140
Trd, 4318475.243, 140
Trd, 4318475.393, 140
Trd, 4318475.543, 133
Trd, 4318475.893, 76
Trd, 4318476.243, 81
Trd, 4318476.893, 64
Trd, 4318477.293, 61
Trd, 4318478.293, 61
Trd, 4318478.343, 131
Trd, 4318478.893, 140
Trd, 4318480.193, 140
Trd, 4318480.443, 140
Trd, 4318480.693, 139
Trd, 4318481.143, 130
Trd, 4318481.443, 116
Trd, 4318482.193, 140
Trd, 4318482.943, 110
Trd, 4318483.743, 140
Trd, 4318484.193, 140
Trd, 4318484.443, 124
Trd, 4318485.243, 140
Trd, 4318485.843, 139
Trd, 4318486.243, 139
Trd, 4318486.843, 66
Trd, 4318487.393, 66
Trd, 4318487.943, 81
Trd, 4318488.843, 102
Trd, 4318489.443, 76
Trd, 4318489.543, 135
Trd, 4318489.843, 67
Trd, 4318491.893, 61
Trd, 4318492.493, 61
Trd, 4318493.293, 60
Trd, 4318493.493, 61
Trd, 4318493.893, 61
Trd, 4318493.993, 71
Trd, 4318494.643, 62
Trd, 4318496.543, 61
Trd, 4318497.893, 61
Trd, 4318497.993, 65
Trd, 4318498.643, 72
Trd, 4318498.993, 81
Trd, 4318499.393, 68
Trd, 4318499.443, 110
Trd, 4318500.193, 108
Trd, 4318500.893, 140
Trd, 4318501.243, 109
Trd, 4318501.793, 82
Trd, 4318503.343, 61
Trd, 4318503.593, 63
Trd, 4318504.043, 89
Trd, 4318504.843, 92
Trd, 4318504.893, 113
Trd, 4318505.743, 60
Trd, 4318506.593, 63
Trd, 4318506.693, 97
Trd, 4318506.993, 60
Trd, 4318507.693, 60
Trd, 4318508.893, 140
Trd, 4318508.943, 125
Trd, 4318510.443, 60
Trd, 4318510.943, 60
Trd, 4318511.593, 140
Trd, 4318512.243, 140
Trd, 4318512.743, 139
Trd, 4318513.093, 137
Trd, 4318514.293, 135
Trd, 4318514.993, 134
Trd, 4318515.043, 93
Trd, 4318516.443, 64
Trd, 4318516.643, 60
Trd, 4318516.743, 70
Trd, 4318516.993, 62
Trd, 4318517.843, 139
Trd, 4318519.143, 133
Trd, 4318520.593, 135
Trd, 4318520.793, 98
Trd, 4318520.943, 96
Trd, 4318521.543, 140
Trd, 4318521.693, 120
Trd, 4318522.343, 140
Trd, 4318523.543, 140
Trd, 4318524.093, 127
Trd, 4318524.943, 140
Trd, 4318525.293, 132
Trd, 4318525.943, 131
Trd, 4318526.393, 106
Trd, 4318526.543, 98
Trd, 4318527.893, 140
Trd, 4318528.593, 139
Trd, 4318528.793, 140
Trd, 4318528.993, 110
Trd, 4318531.043, 140
Trd, 4318531.193, 140
Trd, 4318531.343, 140
Trd, 4318532.243, 140
Trd, 4318532.293, 74
Trd, 4318532.943, 139
Trd, 4318533.393, 131
Trd, 4318534.443, 139
Trd, 4318534.493, 107
Trd, 4318535.093, 61
Trd, 4318535.343, 101
Trd, 4318535.743, 140
Trd, 4318536.843, 60
Trd, 4318537.593, 134
Trd, 4318537.993, 85
Trd, 4318539.693, 140
Trd, 4318539.743, 139
Trd, 4318539.843, 138
Trd, 4318540.693, 131
Trd, 4318542.043, 140
Trd, 4318542.243, 139
Trd, 4318542.443, 121
Trd, 4318542.893, 140
Trd, 4318544.493, 127
Trd, 4318544.893, 123
Trd, 4318545.143, 122
Trd, 4318545.593, 140
Trd, 4318546.293, 138
Trd, 4318546.443, 136
Trd, 4318546.543, 135
Trd, 4318547.343, 134
Trd, 4318548.243, 140
Trd, 4318548.393, 139
Trd, 4318549.943, 140
Trd, 4318550.593, 139
Trd, 4318550.643, 103
Trd, 4318551.593, 138
Trd, 4318552.093, 128
Trd, 4318552.193, 102
Trd, 4318552.843, 140
Trd, 4318553.393, 137
Trd, 4318554.393, 125
Trd, 4318554.793, 124
Trd, 4318555.043, 139
Trd, 4318555.543, 123
Trd, 4318556.243, 140
Trd, 4318557.443, 140
Trd, 4318557.693, 81
Trd, 4318559.893, 139
Trd, 4318560.393, 140
Trd, 4318560.793, 140
Trd, 4318560.943, 139
Trd, 4318561.593, 138
Trd, 4318561.993, 104
Trd, 4318562.043, 76
Trd, 4318562.243, 135
Trd, 4318562.443, 138
Trd, 4318563.943, 138
Trd, 4318564.293, 126
Trd, 4318564.493, 117
Trd, 4318565.593, 109
Trd, 4318566.243, 73
Trd, 4318566.343, 68
Trd, 4318567.343, 136
Trd, 4318568.043, 140
Trd, 4318568.243, 140
Trd, 4318569.243, 140
Trd, 4318570.593, 140
Trd, 4318570.743, 140
Trd, 4318571.043, 140
Trd, 4318571.893, 133
Trd, 4318572.093, 132
Trd, 4318573.143, 138
Trd, 4318573.193, 138
Trd, 4318573.443, 81
Trd, 4318574.643, 87
Trd, 4318575.093, 136
Trd, 4318575.493, 84
Trd, 4318576.993, 137
Trd, 4318577.193, 91
Trd, 4318577.243, 77
Trd, 4318577.643, 139
Trd, 4318578.693, 67
Trd, 4318578.743, 87
Trd, 4318578.993, 66
Trd, 4318579.493, 60
Trd, 4318579.643, 125
Trd, 4318581.243, 60
Trd, 4318581.593, 60
Trd, 4318582.443, 62
Trd, 4318583.143, 70
Trd, 4318583.593, 70
Trd, 4318584.643, 63
Trd, 4318585.243, 95
Trd, 4318585.793, 65
Trd, 4318586.643, 60
Trd, 4318587.643, 62
Trd, 4318588.193, 72
Trd, 4318588.493, 66
Trd, 4318589.093, 60
Trd, 4318589.643, 112
Trd, 4318590.043, 62
Trd, 4318590.243, 65
Trd, 4318590.543, 115
Trd, 4318591.943, 136
Trd, 4318592.543, 135
Trd, 4318593.293, 107
Trd, 4318593.493, 105
Trd, 4318594.443, 85
Trd, 4318594.693, 65
Trd, 4318595.293, 61
Trd, 4318595.643, 64
Trd, 4318596.393, 130
Trd, 4318596.893, 67
Trd, 4318597.143, 66
Trd, 4318597.693, 64
Trd, 4318598.293, 64
Trd, 4318599.243, 138
Trd, 4318599.843, 140
Trd, 4318600.393, 138
Trd, 4318600.693, 114
Trd, 4318601.093, 102
Trd, 4318601.793, 124
Trd, 4318602.693, 140
Trd, 4318603.793, 140
Trd, 4318603.843, 139
Trd, 4318604.743, 140
Trd, 4318605.543, 136
Trd, 4318606.243, 137
Trd, 4318606.593, 128
Trd, 4318606.993, 138
Trd, 4318608.143, 119
Trd, 4318608.393, 116
Trd, 4318609.243, 140
Trd, 4318609.943, 80
Trd, 4318610.143, 137
Trd, 4318610.993, 60
Trd, 4318612.893, 62
Trd, 4318613.343, 63
Trd, 4318613.743, 62
Trd, 4318613.943, 64
Trd, 4318614.743, 62
Trd, 4318615.243, 66
Trd, 4318615.893, 62
Trd, 4318615.943, 104
Trd, 4318617.843, 62
Trd, 4318617.993, 66
Trd, 4318618.343, 121
Trd, 4318618.893, 71
Trd, 4318619.493, 139
Trd, 4318619.843, 76
Trd, 4318620.643, 74
Trd, 4318620.993, 64
Trd, 4318621.293, 64
Trd, 4318622.693, 140
Trd, 4318623.393, 140
Trd, 4318624.693, 60
Trd, 4318624.793, 66
Trd, 4318625.193, 79
Trd, 4318626.643, 60
Trd, 4318628.043, 60
Trd, 4318628.143, 62
Trd, 4318628.693, 64
Trd, 4318629.093, 66
Trd, 4318629.393, 60
Trd, 4318630.093, 61
Trd, 4318630.693, 67
Trd, 4318631.893, 69
Trd, 4318631.943, 85
Trd, 4318633.193, 60
Trd, 4318633.493, 62
Trd, 4318633.793, 64
Trd, 4318634.643, 60
Trd, 4318635.093, 62
Trd, 4318635.693, 75
Trd, 4318635.843, 111
Trd, 4318636.343, 70
Trd, 4318637.843, 60
Trd, 4318637.943, 67
Trd, 4318639.093, 63
Trd, 4318639.643, 61
Trd, 4318640.443, 60
Trd, 4318640.843, 91
Trd, 4318641.043, 99
Trd, 4318641.443, 68
Trd, 4318641.893, 69
Trd, 4318642.643, 139
Trd, 4318644.593, 136
Trd, 4318644.843, 102
Trd, 4318645.343, 78
Trd, 4318645.943, 60
Trd, 4318646.693, 60
Trd, 4318646.843, 63
Trd, 4318646.943, 82
Trd, 4318647.043, 104
Trd, 4318647.643, 103
Trd, 4318648.543, 122
Trd, 4318648.593, 120
Trd, 4318649.593, 140
Trd, 4318649.743, 140
Trd, 4318649.943, 139
Trd, 4318650.593, 77
Trd, 4318651.643, 140
Trd, 4318652.093, 140
Trd, 4318653.643, 140
Trd, 4318653.893, 140
Trd, 4318654.443, 133
Trd, 4318654.543, 100
Trd, 4318654.993, 116
Trd, 4318655.543, 97
Trd, 4318656.143, 96
Trd, 4318656.293, 140
Trd, 4318657.043, 140
Trd, 4318658.743, 140
Trd, 4318659.243, 140
Trd, 4318660.343, 140
Trd, 4318660.793, 140
Trd, 4318661.093, 137
Trd, 4318661.143, 136
Trd, 4318662.343, 140
Trd, 4318662.593, 99
Trd, 4318664.293, 117
Trd, 4318664.493, 107
Trd, 4318664.693, 118
Trd, 4318664.993, 139
Trd, 4318665.543, 137
Trd, 4318666.293, 140
Trd, 4318667.293, 140
Trd, 4318668.243, 115
Trd, 4318668.343, 113
Trd, 4318669.343, 107
Trd, 4318670.493, 140
Trd, 4318671.543, 71
Trd, 4318672.193, 110
Trd, 4318673.543, 75
Trd, 4318673.693, 74
Trd, 4318674.643, 140
Trd, 4318675.193, 140
Trd, 4318675.443, 139
Trd, 4318676.293, 112
Trd, 4318676.593, 108
Trd, 4318676.843, 78
Trd, 4318676.893, 65
Trd, 4318677.593, 140
Trd, 4318678.393, 140
Trd, 4318679.243, 140
Trd, 4318679.593, 140
Trd, 4318679.943, 136
Trd, 4318680.543, 140
Trd, 4318680.693, 83
Trd, 4318681.043, 127
Trd, 4318681.993, 139
Trd, 4318682.943, 140
Trd, 4318683.243, 128
Trd, 4318683.793, 78
Trd, 4318684.743, 140
Trd, 4318685.393, 140
Trd, 4318685.693, 139
Trd, 4318685.743, 91
Trd, 4318686.243, 140
Trd, 4318686.893, 136
Trd, 4318687.493, 139
Trd, 4318688.343, 138
Trd, 4318688.693, 132
Trd, 4318689.493, 139
Trd, 4318690.093, 140
Trd, 4318690.893, 140
Trd, 4318691.593, 139
Trd, 4318692.593, 138
Trd, 4318692.993, 139
Trd, 4318693.993, 60
Trd, 4318694.043, 63
Trd, 4318694.943, 91
Trd, 4318695.493, 91
Trd, 4318695.643, 73
Trd, 4318695.943, 137
Trd, 4318697.043, 140
Trd, 4318698.393, 140
Trd, 4318698.593, 99
Trd, 4318698.993, 103
Trd, 4318699.193, 138
Trd, 4318700.093, 140
Trd, 4318700.493, 140
Trd, 4318700.593, 138
Trd, 4318700.993, 122
Trd, 4318702.393, 110
Trd, 4318702.893, 113
Trd, 4318703.743, 140
Trd, 4318704.693, 140
Trd, 4318704.993, 140
Trd, 4318705.943, 139
Trd, 4318706.093, 138
Trd, 4318707.243, 140
Trd, 4318708.393, 130
Trd, 4318709.293, 140
Trd, 4318709.843, 140
Trd, 4318710.743, 140
Trd, 4318710.793, 140
Trd, 4318710.943, 122
Trd, 4318711.943, 111
Trd, 4318712.693, 140
Trd, 4318713.693, 140
Trd, 4318714.493, 139
Trd, 4318714.743, 135
Trd, 4318715.543, 114
Trd, 4318716.393, 102
Trd, 4318716.643, 122
Trd, 4318716.843, 90
Trd, 4318718.193, 138
Trd, 4318718.843, 140
Trd, 4318718.993, 139
Trd, 4318719.793, 139
Trd, 4318719.993, 122
Trd, 4318720.743, 128
Trd, 4318721.893, 139
Trd, 4318721.943, 139
Trd, 4318722.493, 99
Trd, 4318724.443, 140
Trd, 4318725.143, 140
Trd, 4318725.393, 140
Trd, 4318725.443, 140
Trd, 4318726.543, 80
Trd, 4318727.143, 61
Trd, 4318727.293, 61
Trd, 4318727.743, 97
Trd, 4318728.443, 61
Trd, 4318728.793, 63
Trd, 4318729.243, 89
Trd, 4318730.043, 62
Trd, 4318730.543, 99
Trd, 4318730.843, 60
Trd, 4318731.993, 62
Trd, 4318733.993, 63
Trd, 4318734.043, 64
Trd, 4318734.993, 60
Trd, 4318735.343, 60
Trd, 4318735.593, 62
Trd, 4318736.343, 68
Trd, 4318736.393, 100
Trd, 4318737.193, 74
Trd, 4318737.243, 124
Trd, 4318737.793, 67
Trd, 4318738.643, 82
Trd, 4318739.143, 133
Trd, 4318739.343, 118
Trd, 4318739.843, 139
Trd, 4318740.593, 89
Trd, 4318741.693, 60
Trd, 4318742.343, 60
Trd, 4318742.493, 76
Trd, 4318743.143, 140
Trd, 4318744.193, 60
Trd, 4318744.693, 118
Trd, 4318744.843, 119
Trd, 4318745.843, 114
Trd, 4318746.243, 140
Trd, 4318746.543, 139
Trd, 4318746.743, 127
Trd, 4318748.193, 140
Trd, 4318749.293, 140
Trd, 4318749.593, 140
Trd, 4318749.643, 139
Trd, 4318750.193, 106
Trd, 4318751.093, 61
Trd, 4318751.693, 64
Trd, 4318752.093, 61
Trd, 4318753.743, 75
Trd, 4318753.993, 92
Trd, 4318754.043, 125
Trd, 4318754.743, 61
Trd, 4318754.993, 123
Trd, 4318755.343, 63
Trd, 4318756.493, 140
Trd, 4318756.993, 66
Trd, 4318758.743, 140
Trd, 4318759.043, 140
Trd, 4318759.093, 139
Trd, 4318760.093, 127
Trd, 4318760.893, 106
Trd, 4318761.843, 140
Trd, 4318762.193, 140
Trd, 4318762.393, 140
Trd, 4318762.943, 140
Trd, 4318763.443, 60
Trd, 4318765.093, 140
Trd, 4318765.493, 70
Trd, 4318766.493, 86
Trd, 4318766.693, 60
Trd, 4318766.843, 75
Trd, 4318767.593, 134
Trd, 4318768.543, 138
Trd, 4318768.893, 140
Trd, 4318769.243, 65
Trd, 4318769.893, 60
Trd, 4318771.093, 62
Trd, 4318771.393, 60
Trd, 4318771.643, 68
Trd, 4318771.993, 71
Trd, 4318772.443, 62
Trd, 4318773.593, 61
Trd, 4318774.743, 60
Trd, 4318775.443, 60
Trd, 4318776.093, 61
Trd, 4318776.243, 64
Trd, 4318777.543, 112
Trd, 4318777.593, 131
Trd, 4318778.943, 60
Trd, 4318780.243, 61
Trd, 4318780.293, 61
Trd, 4318780.793, 62
Trd, 4318781.243, 140
Trd, 4318781.393, 140
Trd, 4318784.893, 67
Trd, 4318785.443, 60
Trd, 4318785.943, 60
Trd, 4318786.243, 60
Trd, 4318786.643, 72
Trd, 4318786.743, 73
Trd, 4318786.993, 96
Trd, 4318787.443, 91
Trd, 4318787.943, 138
Trd, 4318788.143, 140
Trd, 4318789.643, 140
Trd, 4318790.643, 140
Trd, 4318791.243, 140
Trd, 4318791.693, 140
Trd, 4318791.793, 129
Trd, 4318792.143, 120
Trd, 4318792.693, 140
Trd, 4318793.843, 140
Trd, 4318794.593, 140
Trd, 4318794.943, 140
Trd, 4318795.543, 139
Trd, 4318796.193, 137
Trd, 4318796.593, 139
Trd, 4318796.993, 125
Trd, 4318797.893, 60
Trd, 4318799.693, 61
Trd, 4318800.593, 60
Trd, 4318800.743, 67
Trd, 4318801.543, 60
Trd, 4318801.943, 66
Trd, 4318802.693, 66
Trd, 4318803.643, 95
Trd, 4318803.843, 88
Trd, 4318804.543, 80
Trd, 4318804.943, 63
Trd, 4318805.193, 138
Trd, 4318805.693, 140
Trd, 4318806.243, 108
Trd, 4318806.893, 60
Trd, 4318807.293, 101
Trd, 4318807.843, 140
Trd, 4318808.743, 140
Trd, 4318808.993, 139
Trd, 4318809.393, 63
Trd, 4318810.093, 62
Trd, 4318810.293, 140
Trd, 4318810.743, 139
Trd, 4318811.493, 67
Trd, 4318811.893, 62
Trd, 4318812.943, 140
Trd, 4318813.543, 140
Trd, 4318813.593, 140
Trd, 4318814.193, 140
Trd, 4318815.493, 113
Trd, 4318816.093, 140
Trd, 4318816.593, 140
Trd, 4318816.793, 140
Trd, 4318817.243, 139
Trd, 4318818.593, 140
Trd, 4318819.193, 126
Trd, 4318819.643, 140
Trd, 4318820.493, 139
Trd, 4318820.793, 109
Trd, 4318821.543, 139
Trd, 4318821.943, 79
Trd, 4318823.093, 140
Trd, 4318823.143, 139
Trd, 4318824.093, 140
Trd, 4318824.393, 140
Trd, 4318824.793, 108
Trd, 4318824.843, 92
Trd, 4318825.243, 139
Trd, 4318825.643, 137
Trd, 4318827.493, 140
Trd, 4318827.643, 140
Trd, 4318828.393, 140
Trd, 4318828.443, 86
Trd, 4318829.693, 62
Trd, 4318829.893, 66
Trd, 4318830.093, 136
Trd, 4318832.643, 140
Trd, 4318833.243, 140
Trd, 4318833.343, 140
Trd, 4318834.443, 140
Trd, 4318834.593, 139
Trd, 4318834.893, 103
Trd, 4318835.043, 124
Trd, 4318835.943, 140
Trd, 4318836.243, 82
Trd, 4318837.493, 140
Trd, 4318837.843, 137
Trd, 4318838.593, 140
Trd, 4318838.643, 117
Trd, 4318839.243, 122
Trd, 4318840.943, 140
Trd, 4318841.693, 140
Trd, 4318843.193, 138
Trd, 4318843.593, 139
Trd, 4318843.793, 139
Trd, 4318844.093, 115
Trd, 4318844.243, 139
Trd, 4318844.343, 60
Trd, 4318845.143, 72
Trd, 4318845.193, 81
Trd, 4318847.143, 61
Trd, 4318848.093, 68
Trd, 4318848.543, 112
Trd, 4318849.343, 60
Trd, 4318849.543, 60
Trd, 4318849.643, 61
Trd, 4318849.693, 66
Trd, 4318850.993, 60
Trd, 4318851.343, 73
Trd, 4318851.793, 63
Trd, 4318852.893, 140
Trd, 4318854.593, 64
Trd, 4318855.443, 60
Trd, 4318855.643, 63
Trd, 4318855.843, 64
Trd, 4318855.993, 65
Trd, 4318856.443, 70
Trd, 4318856.793, 61
Trd, 4318857.393, 112
Trd, 4318858.093, 140
Trd, 4318858.593, 140
Trd, 4318858.943, 140
Trd, 4318859.693, 137
Trd, 4318859.793, 107
Trd, 4318860.493, 104
Trd, 4318860.893, 101
Trd, 4318862.143, 128
Trd, 4318862.893, 108
Trd, 4318863.543, 140
Trd, 4318863.943, 140
Trd, 4318864.993, 140
Trd, 4318865.993, 140
Trd, 4318866.293, 140
Trd, 4318866.443, 138
Trd, 4318866.843, 139
Trd, 4318867.743, 100
Trd, 4318867.843, 105
Trd, 4318868.743, 88
Trd, 4318869.743, 140
Trd, 4318869.893, 140
Trd, 4318870.643, 140
Trd, 4318871.343, 140
Trd, 4318871.693, 140
Trd, 4318872.143, 138
Trd, 4318872.243, 72
Trd, 4318873.343, 102
Trd, 4318873.593, 139
Trd, 4318874.943, 113
Trd, 4318874.993, 70
Trd, 4318875.393, 115
Trd, 4318875.893, 68
Trd, 4318877.293, 105
Trd, 4318877.393, 114
Trd, 4318877.443, 104
Trd, 4318878.593, 81
Trd, 4318879.043, 138
Trd, 4318879.593, 140
Trd, 4318880.343, 107
Trd, 4318882.343, 136
Trd, 4318882.743, 140
Trd, 4318883.043, 139
Trd, 4318883.293, 137
Trd, 4318883.393, 125
Trd, 4318884.193, 106
Trd, 4318884.343, 106
Trd, 4318884.593, 101
Trd, 4318885.893, 140
Trd, 4318885.993, 139
Trd, 4318887.143, 117
Trd, 4318887.493, 138
Trd, 4318887.593, 139
Trd, 4318887.993, 67
Trd, 4318889.293, 135
Trd, 4318889.443, 86
Trd, 4318890.093, 137
Trd, 4318891.393, 140
Trd, 4318891.743, 140
Trd, 4318892.943, 134
Trd, 4318894.043, 140
Trd, 4318894.793, 140
Trd, 4318895.143, 140
Trd, 4318895.393, 121
Trd, 4318895.893, 140
Trd, 4318896.093, 140
Trd, 4318896.343, 140
Trd, 4318897.393, 78
Trd, 4318898.343, 60
Trd, 4318898.593, 60
Trd, 4318899.343, 104
Trd, 4318900.093, 140
Trd, 4318900.493, 139
Trd, 4318900.543, 131
Trd, 4318901.643, 126
Trd, 4318901.793, 140
Trd, 4318902.743, 140
Trd, 4318903.093, 104
Trd, 4318903.493, 85
Trd, 4318903.843, 140
Trd, 4318905.093, 140
Trd, 4318905.643, 108
Trd, 4318906.593, 107
Trd, 4318907.043, 140
Trd, 4318908.643, 140
Trd, 4318909.093, 140
Trd, 4318909.243, 140
Trd, 4318909.293, 136
Trd, 4318910.793, 140
Trd, 4318911.193, 138
Trd, 4318911.293, 104
Trd, 4318911.643, 140
Trd, 4318912.243, 133
Trd, 4318912.393, 127
Trd, 4318914.793, 140
Trd, 4318916.193, 135
Trd, 4318917.143, 138
Trd, 4318917.293, 131
Trd, 4318917.893, 75
Trd, 4318918.343, 140
Trd, 4318918.393, 69
Trd, 4318919.543, 60
Trd, 4318919.693, 64
Trd, 4318920.743, 140
Trd, 4318921.793, 99
Trd, 4318921.843, 98
Trd, 4318922.743, 111
Trd, 4318922.993, 109
Trd, 4318923.343, 117
Trd, 4318924.043, 84
Trd, 4318924.193, 70
Trd, 4318924.893, 139
Trd, 4318925.793, 139
Trd, 4318925.993, 138
Trd, 4318926.393, 139
Trd, 4318927.193, 122
Trd, 4318928.493, 128
Trd, 4318928.543, 116
Trd, 4318929.243, 70
Trd, 4318930.043, 140
Trd, 4318930.393, 140
Trd, 4318931.243, 140
Trd, 4318932.343, 112
Trd, 4318932.693, 79
Trd, 4318932.993, 61
Trd, 4318934.243, 140
Trd, 4318934.643, 138
Trd, 4318935.893, 103
Trd, 4318936.393, 139
Trd, 4318936.993, 69
Trd, 4318937.443, 106
Trd, 4318938.043, 69
Trd, 4318938.493, 76
Trd, 4318938.993, 140
Trd, 4318939.243, 140
Trd, 4318939.693, 140
Trd, 4318941.493, 140
Trd, 4318942.093, 140
Trd, 4318942.943, 140
Trd, 4318943.393, 138
Trd, 4318943.643, 138
Trd, 4318944.243, 129
Trd, 4318945.143, 138
Trd, 4318946.193, 140
Trd, 4318946.393, 140
Trd, 4318946.693, 140
Trd, 4318947.143, 140
Trd, 4318948.243, 140
Trd, 4318948.393, 140
Trd, 4318948.493, 67
Trd, 4318949.393, 67
Trd, 4318950.143, 64
Trd, 4318951.393, 73
Trd, 4318951.843, 140
Trd, 4318952.293, 137
Trd, 4318952.743, 60
Trd, 4318954.393, 74
Trd, 4318954.843, 112
Trd, 4318955.143, 138
Trd, 4318955.693, 64
Trd, 4318956.343, 63
Trd, 4318956.693, 140
Trd, 4318957.693, 60
Trd, 4318958.443, 60
Trd, 4318958.993, 139
Trd, 4318959.143, 138
Trd, 4318961.193, 108
Trd, 4318961.343, 108
Trd, 4318961.443, 107
Trd, 4318961.843, 78
Trd, 4318963.043, 139
Trd, 4318963.193, 132
Trd, 4318963.743, 139
Trd, 4318964.493, 139
Trd, 4318964.893, 127
Trd, 4318966.143, 139
Trd, 4318966.593, 102
Trd, 4318967.393, 140
Trd, 4318967.643, 140
Trd, 4318967.943, 132
Trd, 4318968.993, 139
Trd, 4318969.243, 138
Trd, 4318969.693, 120
Trd, 4318970.593, 140
Trd, 4318970.693, 122
Trd, 4318971.643, 140
Trd, 4318972.243, 140
Trd, 4318972.543, 140
Trd, 4318973.643, 139
Trd, 4318973.893, 140
Trd, 4318974.993, 140
Trd, 4318975.343, 140
Trd, 4318976.043, 140
Trd, 4318976.293, 139
Trd, 4318976.593, 139
Trd, 4318977.243, 106
Trd, 4318977.793, 140
Trd, 4318978.243, 139
Trd, 4318978.893, 118
Trd, 4318979.043, 112
Trd, 4318980.493, 140
Trd, 4318981.943, 139
Trd, 4318982.093, 130
Trd, 4318982.543, 131
Trd, 4318982.593, 130
Trd, 4318984.143, 140
Trd, 4318984.593, 137
Trd, 4318985.593, 140
Trd, 4318986.043, 140
Trd, 4318986.343, 132
Trd, 4318986.443, 97
Trd, 4318989.743, 140
Trd, 4318990.093, 140
Trd, 4318990.393, 140
Trd, 4318990.993, 140
Trd, 4318991.093, 140
Trd, 4318992.693, 140
Trd, 4318992.843, 139
Trd, 4318993.643, 140
Trd, 4318993.693, 129
Trd, 4318993.743, 124
Trd, 4318994.093, 125
Trd, 4318995.193, 140
Trd, 4318995.243, 140
Trd, 4318995.893, 138
Trd, 4318996.943, 140
Trd, 4318997.693, 138
Trd, 4318999.393, 140
Trd, 4318999.593, 139
Trd, 4319000.593, 140
Trd, 4319000.843, 140
Trd, 4319001.593, 138
Trd, 4319001.993, 139
Trd, 4319003.093, 139
Trd, 4319003.343, 133
Trd, 4319004.643, 140
Trd, 4319005.393, 139
Trd, 4319006.093, 139
Trd, 4319006.643, 139
Trd, 4319006.793, 138
Trd, 4319008.143, 140
Trd, 4319008.293, 88
Trd, 4319009.193, 140
Trd, 4319009.943, 140
Trd, 4319010.543, 100
Trd, 4319010.893, 100
Trd, 4319011.593, 111
Trd, 4319012.293, 60
Trd, 4319012.493, 63
Trd, 4319012.893, 90
Trd, 4319014.343, 60
Trd, 4319014.543, 133
Trd, 4319015.793, 62
Trd, 4319016.293, 62
Trd, 4319017.093, 60
Trd, 4319018.393, 60
Trd, 4319018.843, 60
Trd, 4319019.043, 61
Trd, 4319019.293, 131
Trd, 4319021.243, 63
Trd, 4319021.793, 61
Trd, 4319022.893, 61
Trd, 4319022.993, 65
Trd, 4319023.693, 65
Trd, 4319025.593, 60
Trd, 4319025.993, 63
Trd, 4319026.393, 63
Trd, 4319026.743, 65
Trd, 4319027.293, 63
Trd, 4319027.343, 102
Trd, 4319027.743, 62
Trd, 4319028.193, 62
Trd, 4319029.043, 65
Trd, 4319029.993, 62
Trd, 4319030.243, 61
Trd, 4319030.343, 62
Trd, 4319030.893, 137
Trd, 4319031.293, 139
Trd, 4319032.093, 140
Trd, 4319032.893, 140
Trd, 4319033.343, 140
Trd, 4319035.093, 140
Trd, 4319035.193, 140
Trd, 4319035.243, 139
Trd, 4319035.793, 139
Trd, 4319035.943, 63
Trd, 4319036.843, 139
Trd, 4319038.393, 139
Trd, 4319038.493, 120
Trd, 4319038.593, 119
Trd, 4319039.093, 98
Trd, 4319039.843, 140
Trd, 4319040.393, 137
Trd, 4319040.893, 137
Trd, 4319042.293, 125
Trd, 4319042.743, 67
Trd, 4319043.093, 123
Trd, 4319043.343, 86
Trd, 4319043.693, 60
Trd, 4319045.343, 74
Trd, 4319045.593, 117
Trd, 4319046.093, 138
Trd, 4319046.643, 64
Trd, 4319046.993, 60
Trd, 4319047.443, 60
Trd, 4319047.593, 63
Trd, 4319048.693, 67
Trd, 4319049.943, 60
Trd, 4319050.293, 60
Trd, 4319051.493, 140
Trd, 4319051.743, 140
Trd, 4319052.293, 140
Trd, 4319052.593, 139
Trd, 4319053.543, 140
Trd, 4319053.893, 137
Trd, 4319054.043, 129
Trd, 4319054.343, 60
Trd, 4319055.443, 140
Trd, 4319056.143, 140
Trd, 4319056.243, 127
Trd, 4319057.143, 140
Trd, 4319057.193, 83
Trd, 4319057.343, 82
Trd, 4319057.643, 134
Trd, 4319058.893, 140
Trd, 4319059.093, 140
Trd, 4319059.993, 140
Trd, 4319060.293, 138
Trd, 4319060.993, 140
Trd, 4319061.393, 135
Trd, 4319063.293, 111
Trd, 4319064.493, 140
Trd, 4319064.593, 139
Trd, 4319064.943, 84
Trd, 4319065.043, 110
Trd, 4319065.993, 71
Trd, 4319066.843, 138
Trd, 4319067.293, 77
Trd, 4319068.243, 137
Trd, 4319068.693, 126
Trd, 4319069.443, 130
Trd, 4319069.543, 70
Trd, 4319070.643, 140
Trd, 4319072.343, 60
Trd, 4319072.493, 61
Trd, 4319072.943, 68
Trd, 4319073.293, 126
Trd, 4319073.843, 61
Trd, 4319074.443, 67
Trd, 4319074.843, 113
Trd, 4319075.293, 63
Trd, 4319077.043, 62
Trd, 4319077.343, 63
Trd, 4319078.643, 62
Trd, 4319079.243, 72
Trd, 4319079.993, 68
Trd, 4319080.043, 133
Trd, 4319080.543, 137
Trd, 4319081.443, 60
Trd, 4319082.443, 60
Trd, 4319082.793, 65
Trd, 4319082.843, 103
Trd, 4319083.393, 140
Trd, 4319083.543, 140
Trd, 4319083.943, 104
Trd, 4319083.993, 67
Trd, 4319084.793, 61
Trd, 4319086.143, 60
Trd, 4319087.443, 61
Trd, 4319087.693, 61
Trd, 4319088.043, 62
Trd, 4319088.593, 66
Trd, 4319090.193, 140
Trd, 4319090.343, 140
Trd, 4319090.643, 99
Trd, 4319091.693, 140
Trd, 4319092.693, 140
Trd, 4319092.943, 140
Trd, 4319094.493, 139
Trd, 4319094.843, 139
Trd, 4319094.893, 138
Trd, 4319095.893, 128
Trd, 4319095.943, 104
Trd, 4319097.243, 140
Trd, 4319097.543, 140
Trd, 4319098.193, 140
Trd, 4319098.543, 131
Trd, 4319099.043, 139
Trd, 4319099.243, 74
Trd, 4319100.093, 140
Trd, 4319101.143, 140
Trd, 4319102.193, 137
Trd, 4319102.443, 131
Trd, 4319102.793, 112
Trd, 4319103.243, 89
Trd, 4319103.343, 87
Trd, 4319104.343, 92
Trd, 4319105.043, 139
Trd, 4319105.893, 140
Trd, 4319106.593, 139
Trd, 4319107.143, 139
Trd, 4319107.643, 138
Trd, 4319108.093, 118
Trd, 4319108.143, 117
Trd, 4319108.793, 133
Trd, 4319109.993, 119
Trd, 4319110.843, 139
Trd, 4319111.143, 137
Trd, 4319111.293, 136
Trd, 4319112.293, 138
Trd, 4319112.493, 130
Trd, 4319113.643, 138
Trd, 4319113.993, 124
Trd, 4319114.943, 130
Trd, 4319115.943, 61
Trd, 4319116.143, 96
Trd, 4319116.793, 75
Trd, 4319117.343, 77
Trd, 4319118.243, 63
Trd, 4319119.943, 69
Trd, 4319120.243, 68
Trd, 4319121.693, 62
Trd, 4319121.843, 67
Trd, 4319122.343, 102
Trd, 4319122.843, 62
Trd, 4319123.193, 62
Trd, 4319124.443, 60
Trd, 4319124.893, 60
Trd, 4319125.343, 65
Trd, 4319125.593, 61
Trd, 4319125.793, 70
Trd, 4319127.043, 76
Trd, 4319127.493, 76
Trd, 4319127.793, 121
Trd, 4319128.443, 74
Trd, 4319129.443, 70
Trd, 4319130.143, 94
Trd, 4319130.193, 108
Trd, 4319130.443, 140
Trd, 4319131.693, 60
Trd, 4319132.293, 69
Trd, 4319132.593, 69
Trd, 4319134.043, 65
Trd, 4319134.093, 66
Trd, 4319134.143, 111
Trd, 4319134.693, 64
Trd, 4319135.443, 140
Trd, 4319136.593, 139
Trd, 4319136.743, 140
Trd, 4319136.793, 140
Trd, 4319137.443, 124
Trd, 4319137.643, 104
Trd, 4319139.193, 61
Trd, 4319140.193, 60
Trd, 4319141.393, 60
Trd, 4319142.043, 63
Trd, 4319142.243, 65
Trd, 4319142.443, 74
Trd, 4319143.193, 91
Trd, 4319143.643, 61
Trd, 4319144.493, 61
Trd, 4319147.193, 60
Trd, 4319147.243, 66
Trd, 4319148.193, 61
Trd, 4319148.243, 62
Trd, 4319148.393, 67
Trd, 4319148.643, 97
Trd, 4319149.643, 69
Trd, 4319149.743, 70
Trd, 4319150.043, 69
Trd, 4319150.193, 97
Trd, 4319150.293, 108
Trd, 4319150.943, 71
Trd, 4319151.793, 140
Trd, 4319152.143, 140
Trd, 4319152.343, 100
Trd, 4319153.643, 140
Trd, 4319154.293, 133
Trd, 4319154.343, 112
Trd, 4319155.093, 139
Trd, 4319155.393, 133
Trd, 4319155.443, 132
Trd, 4319156.543, 140
Trd, 4319157.043, 60
Trd, 4319157.393, 137
Trd, 4319158.043, 61
Trd, 4319159.343, 138
Trd, 4319160.743, 139
Trd, 4319161.143, 140
Trd, 4319161.643, 140
Trd, 4319161.693, 101
Trd, 4319161.843, 139
Trd, 4319162.993, 140
Trd, 4319163.593, 140
Trd, 4319164.093, 139
Trd, 4319164.993, 140
Trd, 4319165.793, 140
Trd, 4319166.243, 133
Trd, 4319166.943, 139
Trd, 4319167.193, 83
Trd, 4319167.693, 68
Trd, 4319168.493, 64
Trd, 4319169.693, 140
Trd, 4319169.943, 138
Trd, 4319170.293, 94
Trd, 4319172.093, 140
Trd, 4319172.543, 140
Trd, 4319172.593, 140
Trd, 4319173.443, 139
Trd, 4319174.043, 140
Trd, 4319174.743, 140
Trd, 4319175.043, 140
Trd, 4319175.443, 131
Trd, 4319175.543, 117
Trd, 4319175.793, 112
Trd, 4319176.793, 121
Trd, 4319178.493, 134
Trd, 4319178.993, 132
Trd, 4319179.793, 140
Trd, 4319179.893, 140
Trd, 4319180.093, 136
Trd, 4319180.893, 136
Trd, 4319181.543, 111
Trd, 4319181.943, 60
Trd, 4319182.493, 60
Trd, 4319183.643, 140
Trd, 4319183.843, 108
Trd, 4319184.693, 77
Trd, 4319184.943, 140
Trd, 4319185.793, 140
Trd, 4319186.293, 121
Trd, 4319186.943, 140
Trd, 4319187.143, 73
Trd, 4319188.893, 62
Trd, 4319189.043, 62
Trd, 4319189.143, 73
Trd, 4319189.793, 100
Trd, 4319190.043, 61
Trd, 4319190.493, 64
Trd, 4319190.743, 62
Trd, 4319190.993, 102
Trd, 4319191.393, 65
Trd, 4319192.693, 137
Trd, 4319193.693, 140
Trd, 4319193.893, 140
Trd, 4319194.393, 140
Trd, 4319195.143, 60
Trd, 4319196.043, 139
Trd, 4319197.493, 140
Trd, 4319197.693, 79
Trd, 4319197.893, 94
Trd, 4319198.443, 139
Trd, 4319199.993, 140
Trd, 4319200.093, 140
Trd, 4319201.043, 140
Trd, 4319201.843, 140
Trd, 4319203.493, 140
Trd, 4319203.593, 127
Trd, 4319203.793, 101
Trd, 4319204.093, 139
Trd, 4319205.443, 140
Trd, 4319205.843, 139
Trd, 4319206.393, 140
Trd, 4319206.593, 140
Trd, 4319206.693, 124
Trd, 4319207.743, 137
Trd, 4319209.843, 60
Trd, 4319210.093, 60
Trd, 4319210.293, 64
Trd, 4319210.393, 64
Trd, 4319210.843, 104
Trd, 4319211.543, 139
Trd, 4319212.243, 121
Trd, 4319213.343, 140
Trd, 4319214.193, 139
Trd, 4319214.643, 137
Trd, 4319215.043, 64
Trd, 4319215.643, 62
Trd, 4319215.843, 76
Trd, 4319216.093, 96
Trd, 4319217.843, 138
Trd, 4319217.993, 136
Trd, 4319218.593, 140
Trd, 4319218.693, 107
Trd, 4319219.443, 109
Trd, 4319219.843, 140
Trd, 4319220.093, 139
Trd, 4319220.643, 88
Trd, 4319221.093, 91
Trd, 4319221.493, 81
Trd, 4319222.793, 120
Trd, 4319224.093, 63
Trd, 4319225.293, 60
Trd, 4319225.443, 64
Trd, 4319225.643, 61
Trd, 4319225.793, 61
Trd, 4319226.493, 68
Trd, 4319226.993, 63
Trd, 4319228.093, 121
Trd, 4319228.193, 73
Trd, 4319230.393, 61
Trd, 4319230.693, 62
Trd, 4319230.793, 65
Trd, 4319231.443, 61
Trd, 4319231.493, 102
Trd, 4319232.243, 64
Trd, 4319232.643, 71
Trd, 4319233.543, 121
Trd, 4319234.893, 60
Trd, 4319235.543, 60
Trd, 4319236.093, 64
Trd, 4319237.043, 60
Trd, 4319237.343, 61
Trd, 4319238.393, 70
Trd, 4319238.693, 104
Trd, 4319239.493, 114
Trd, 4319239.643, 129
Trd, 4319240.343, 65
Trd, 4319241.293, 63
Trd, 4319242.693, 60
Trd, 4319243.093, 62
Trd, 4319243.543, 66
Trd, 4319244.193, 65
Trd, 4319244.993, 72
Trd, 4319245.843, 64
Trd, 4319247.043, 63
Trd, 4319247.543, 60
Trd, 4319248.793, 60
Trd, 4319248.893, 63
Trd, 4319249.343, 61
Trd, 4319250.343, 60
Trd, 4319251.043, 63
Trd, 4319251.493, 64
Trd, 4319251.593, 66
Trd, 4319252.493, 61
Trd, 4319253.143, 62
Trd, 4319254.443, 60
Trd, 4319254.593, 61
Trd, 4319255.593, 60
Trd, 4319255.843, 63
Trd, 4319256.693, 60
Trd, 4319257.143, 64
Trd, 4319257.443, 95
Trd, 4319258.243, 65
Trd, 4319258.943, 136
Trd, 4319259.143, 138
Trd, 4319259.993, 86
Trd, 4319260.343, 109
Trd, 4319261.043, 140
Trd, 4319261.593, 137
Trd, 4319262.093, 115
Trd, 4319262.543, 140
Trd, 4319262.743, 130
Trd, 4319263.593, 130
Trd, 4319263.793, 126
Trd, 4319264.143, 115
Trd, 4319264.293, 108
Trd, 4319266.293, 140
Trd, 4319266.843, 140
Trd, 4319267.243, 138
Trd, 4319267.793, 138
Trd, 4319268.693, 140
Trd, 4319269.243, 137
Trd, 4319269.393, 134
Trd, 4319270.493, 139
Trd, 4319270.793, 112
Trd, 4319271.943, 62
Trd, 4319272.093, 101
Trd, 4319272.193, 107
Trd, 4319272.743, 140
Trd, 4319273.393, 138
Trd, 4319274.493, 60
Trd, 4319274.743, 62
Trd, 4319274.993, 62
Trd, 4319276.093, 65
Trd, 4319277.043, 73
Trd, 4319277.143, 110
Trd, 4319277.493, 66
Trd, 4319278.243, 61
Trd, 4319278.943, 61
Trd, 4319279.593, 61
Trd, 4319279.843, 70
Trd, 4319280.493, 60
Trd, 4319280.593, 61
Trd, 4319282.293, 60
Trd, 4319282.443, 94
Trd, 4319283.043, 61
Trd, 4319284.843, 112
Trd, 4319284.993, 62
Trd, 4319285.593, 67
Trd, 4319286.293, 140
Trd, 4319286.693, 140
Trd, 4319287.193, 139
Trd, 4319288.093, 117
Trd, 4319288.193, 73
Trd, 4319288.593, 60
Trd, 4319290.143, 140
Trd, 4319290.443, 138
Trd, 4319291.043, 63
Trd, 4319291.543, 63
Trd, 4319291.893, 67
Trd, 4319292.043, 101
Trd, 4319292.643, 121
Trd, 4319293.593, 138
Trd, 4319295.743, 140
Trd, 4319295.793, 139
Trd, 4319296.543, 128
Trd, 4319296.993, 98
Trd, 4319297.593, 139
Trd, 4319297.693, 68
Trd, 4319298.893, 61
Trd, 4319299.143, 61
Trd, 4319299.443, 102
Trd, 4319301.143, 140
Trd, 4319301.193, 139
Trd, 4319301.243, 124
Trd, 4319301.793, 105
Trd, 4319302.293, 104
Trd, 4319302.843, 86
Trd, 4319303.293, 60
Trd, 4319304.993, 62
Trd, 4319305.643, 60
Trd, 4319305.943, 64
Trd, 4319307.093, 65
Trd, 4319307.143, 72
Trd, 4319307.843, 60
Trd, 4319308.393, 75
Trd, 4319308.943, 66
Trd, 4319310.143, 71
Trd, 4319310.693, 61
Trd, 4319311.043, 61
Trd, 4319311.993, 75
Trd, 4319312.193, 64
Trd, 4319313.393, 139
Trd, 4319314.043, 137
Trd, 4319314.793, 137
Trd, 4319315.443, 135
Trd, 4319315.743, 134
Trd, 4319315.793, 108
Trd, 4319316.693, 64
Trd, 4319317.243, 137
Trd, 4319317.293, 138
Trd, 4319317.943, 137
Trd, 4319318.743, 61
Trd, 4319319.093, 67
Trd, 4319320.593, 60
Trd, 4319320.693, 61
Trd, 4319321.293, 60
Trd, 4319321.393, 77
Trd, 4319322.943, 60
Trd, 4319323.043, 62
Trd, 4319324.193, 60
Trd, 4319325.043, 60
Trd, 4319325.493, 60
Trd, 4319326.143, 63
Trd, 4319326.443, 62
Trd, 4319327.243, 62
Trd, 4319327.693, 60
Trd, 4319328.643, 62
Trd, 4319328.893, 61
Trd, 4319329.143, 62
Trd, 4319329.593, 65
Trd, 4319329.643, 109
Trd, 4319330.843, 60
Trd, 4319331.093, 61
Trd, 4319332.143, 139
Trd, 4319333.643, 60
Trd, 4319333.993, 60
Trd, 4319334.593, 69
Trd, 4319335.293, 64
Trd, 4319336.043, 63
Trd, 4319336.343, 65
Trd, 4319337.193, 61
Trd, 4319338.743, 61
Trd, 4319338.943, 72
Trd, 4319339.643, 140
Trd, 4319340.043, 139
Trd, 4319340.693, 139
Trd, 4319341.343, 138
Trd, 4319341.743, 134
Trd, 4319342.543, 99
Trd, 4319342.643, 98
Trd, 4319343.943, 66
Trd, 4319344.443, 61
Trd, 4319344.693, 94
Trd, 4319345.543, 63
Trd, 4319345.843, 100
Trd, 4319346.093, 62
Trd, 4319347.193, 63
Trd, 4319347.643, 63
Trd, 4319348.243, 110
Trd, 4319348.593, 109
Trd, 4319349.943, 120
Trd, 4319350.643, 120
Trd, 4319351.093, 140
Trd, 4319351.293, 140
Trd, 4319352.143, 138
Trd, 4319352.993, 139
Trd, 4319353.243, 128
Trd, 4319353.293, 127
Trd, 4319354.393, 92
Trd, 4319355.743, 89
Trd, 4319355.843, 88
Trd, 4319357.393, 61
Trd, 4319357.443, 65
Trd, 4319357.843, 68
Trd, 4319358.243, 102
Trd, 4319358.443, 63
Trd, 4319359.443, 68
Trd, 4319360.443, 61
Trd, 4319360.543, 61
Trd, 4319360.893, 123
Trd, 4319362.043, 60
Trd, 4319362.243, 63
Trd, 4319363.093, 140
Trd, 4319363.493, 140
Trd, 4319363.943, 140
Trd, 4319365.693, 60
Trd, 4319366.243, 62
Trd, 4319366.993, 66
Trd, 4319367.293, 98
Trd, 4319367.443, 60
Trd, 4319368.043, 132
Trd, 4319368.343, 61
Trd, 4319369.193, 140
Trd, 4319369.443, 61
Trd, 4319370.043, 60
Trd, 4319371.043, 61
Trd, 4319371.393, 61
Trd, 4319372.543, 65
Trd, 4319373.043, 66
Trd, 4319373.093, 79
Trd, 4319374.543, 61
Trd, 4319375.093, 61
Trd, 4319375.643, 68
Trd, 4319377.043, 140
Trd, 4319377.193, 135
Trd, 4319377.993, 139
Trd, 4319378.993, 139
Trd, 4319379.943, 108
Trd, 4319380.543, 129
Trd, 4319380.993, 139
Trd, 4319381.843, 129
Trd, 4319382.393, 140
Trd, 4319382.893, 101
Trd, 4319384.093, 137
Trd, 4319384.193, 135
Trd, 4319384.443, 60
Trd, 4319384.843, 69
Trd, 4319385.593, 70
Trd, 4319385.843, 102
Trd, 4319386.343, 60
Trd, 4319387.743, 64
Trd, 4319387.943, 60
Trd, 4319388.693, 65
Trd, 4319389.393, 63
Trd, 4319389.893, 66
Trd, 4319390.693, 134
Trd, 4319391.893, 117
Trd, 4319391.943, 100
Trd, 4319392.193, 60
Trd, 4319392.493, 63
Trd, 4319392.893, 128
Trd, 4319393.543, 140
Trd, 4319394.643, 140
Trd, 4319394.843, 139
Trd, 4319395.443, 140
Trd, 4319395.543, 140
Trd, 4319396.843, 60
Trd, 4319398.143, 140
Trd, 4319398.393, 140
Trd, 4319398.843, 70
Trd, 4319399.093, 98
Trd, 4319400.143, 128
Trd, 4319401.093, 60
Trd, 4319401.393, 61
Trd, 4319402.543, 129
Trd, 4319402.743, 114
Trd, 4319402.893, 113
Trd, 4319403.143, 140
Trd, 4319403.643, 99
Trd, 4319404.493, 92
Trd, 4319405.043, 76
Trd, 4319406.043, 139
Trd, 4319406.343, 135
Trd, 4319407.093, 61
Trd, 4319407.743, 68
Trd, 4319409.043, 64
Trd, 4319409.943, 139
Trd, 4319410.293, 140
Trd, 4319410.593, 140
Trd, 4319411.493, 140
Trd, 4319411.943, 140
Trd, 4319412.393, 138
Trd, 4319413.443, 129
Trd, 4319413.943, 129
Trd, 4319413.993, 128
Trd, 4319414.643, 140
Trd, 4319414.843, 122
Trd, 4319414.993, 100
Trd, 4319415.943, 126
Trd, 4319416.493, 137
Trd, 4319417.543, 139
Trd, 4319417.743, 106
Trd, 4319418.543, 140
Trd, 4319419.143, 137
Trd, 4319419.343, 136
Trd, 4319421.343, 140
Trd, 4319421.743, 140
Trd, 4319421.943, 140
Trd, 4319422.893, 140
Trd, 4319423.143, 101
Trd, 4319424.443, 136
Trd, 4319424.893, 136
Trd, 4319425.343, 140
Trd, 4319426.593, 140
Trd, 4319427.143, 110
Trd, 4319427.593, 60
Trd, 4319428.493, 60
Trd, 4319429.793, 61
Trd, 4319429.893, 64
Trd, 4319431.393, 64
Trd, 4319431.643, 65
Trd, 4319432.193, 61
Trd, 4319432.393, 67
Trd, 4319432.493, 105
Trd, 4319434.043, 62
Trd, 4319434.693, 63
Trd, 4319434.793, 62
Trd, 4319435.543, 64
Trd, 4319436.843, 60
Trd, 4319437.693, 60
Trd, 4319438.043, 70
Trd, 4319438.243, 100
Trd, 4319439.493, 60
Trd, 4319439.843, 64
Trd, 4319440.243, 105
Trd, 4319440.643, 140
Trd, 4319441.043, 140
Trd, 4319441.993, 60
Trd, 4319442.743, 101
Trd, 4319443.093, 101
Trd, 4319443.543, 140
Trd, 4319444.093, 101
Trd, 4319444.443, 105
Trd, 4319445.043, 140
Trd, 4319445.393, 139
Trd, 4319446.543, 139
Trd, 4319447.093, 140
Trd, 4319447.143, 103
Trd, 4319447.843, 140
Trd, 4319448.043, 63
Trd, 4319449.193, 73
Trd, 4319449.893, 67
Trd, 4319450.943, 66
Trd, 4319451.143, 80
Trd, 4319451.743, 66
Trd, 4319452.543, 87
Trd, 4319453.093, 62
Trd, 4319453.743, 61
Trd, 4319453.943, 121
Trd, 4319454.693, 139
Trd, 4319454.743, 138
Trd, 4319457.793, 60
Trd, 4319457.843, 62
Trd, 4319458.143, 62
Trd, 4319459.143, 62
Trd, 4319460.293, 60
Trd, 4319460.343, 61
Trd, 4319460.993, 63
Trd, 4319461.093, 64
Trd, 4319461.693, 110
Trd, 4319461.793, 109
Trd, 4319462.343, 138
Trd, 4319462.543, 108
Trd, 4319463.593, 140
Trd, 4319463.693, 140
Trd, 4319465.243, 140
Trd, 4319466.193, 140
Trd, 4319466.643, 140
Trd, 4319466.693, 139
Trd, 4319468.293, 140
Trd, 4319468.843, 140
Trd, 4319469.893, 140
Trd, 4319470.493, 140
Trd, 4319470.643, 140
Trd, 4319471.393, 73
Trd, 4319471.493, 69
Trd, 4319473.243, 139
Trd, 4319473.693, 140
Trd, 4319474.343, 132
Trd, 4319475.143, 140
Trd, 4319475.743, 138
Trd, 4319477.343, 140
Trd, 4319477.593, 139
Trd, 4319477.843, 138
Trd, 4319477.943, 132
Trd, 4319478.293, 130
Trd, 4319478.693, 140
Trd, 4319479.893, 137
Trd, 4319479.943, 137
Trd, 4319480.243, 84
Trd, 4319480.893, 65
Trd, 4319481.243, 60
Trd, 4319482.793, 140
Trd, 4319482.893, 140
Trd, 4319483.543, 100
Trd, 4319484.343, 140
Trd, 4319484.743, 140
Trd, 4319485.793, 140
Trd, 4319485.993, 116
Trd, 4319487.193, 140
Trd, 4319487.243, 138
Trd, 4319487.593, 102
Trd, 4319489.193, 139
Trd, 4319489.793, 140
Trd, 4319490.443, 121
Trd, 4319491.043, 138
Trd, 4319491.143, 98
Trd, 4319492.393, 62
Trd, 4319493.443, 60
Trd, 4319493.593, 63
Trd, 4319494.393, 61
Trd, 4319494.443, 99
Trd, 4319494.793, 140
Trd, 4319495.593, 140
Trd, 4319495.793, 137
Trd, 4319495.843, 123
Trd, 4319497.143, 118
Trd, 4319498.193, 139
Trd, 4319498.393, 118
Trd, 4319498.493, 102
Trd, 4319500.493, 127
Trd, 4319500.693, 140
Trd, 4319501.243, 138
Trd, 4319501.743, 140
Trd, 4319502.093, 64
Trd, 4319503.243, 137
Trd, 4319503.443, 90
Trd, 4319503.943, 62
Trd, 4319504.493, 62
Trd, 4319505.493, 137
Trd, 4319506.693, 111
Trd, 4319506.893, 110
Trd, 4319507.143, 139
Trd, 4319507.393, 139
Trd, 4319507.543, 60
Trd, 4319509.543, 140
Trd, 4319509.743, 140
Trd, 4319510.043, 139
Trd, 4319510.893, 139
Trd, 4319511.443, 140
Trd, 4319511.843, 139
Trd, 4319512.093, 130
Trd, 4319512.143, 129
Trd, 4319512.643, 120
Trd, 4319513.993, 98
Trd, 4319514.593, 104
Trd, 4319515.293, 137
Trd, 4319515.543, 109
Trd, 4319516.393, 138
Trd, 4319517.693, 140
Trd, 4319517.843, 140
Trd, 4319517.893, 140
Trd, 4319519.193, 117
Trd, 4319519.693, 64
Trd, 4319520.143, 65
Trd, 4319520.593, 105
Trd, 4319521.343, 140
Trd, 4319521.393, 102
Trd, 4319521.993, 139
Trd, 4319523.193, 71
Trd, 4319524.993, 140
Trd, 4319525.143, 137
Trd, 4319525.293, 139
Trd, 4319525.943, 75
Trd, 4319526.893, 74
Trd, 4319527.543, 83
Trd, 4319528.593, 68
Trd, 4319528.893, 62
Trd, 4319529.293, 140
Trd, 4319531.343, 140
Trd, 4319531.693, 140
Trd, 4319532.193, 140
Trd, 4319532.743, 140
Trd, 4319533.843, 140
Trd, 4319534.143, 140
Trd, 4319534.243, 140
Trd, 4319534.443, 136
Trd, 4319534.643, 138
Trd, 4319535.693, 133
Trd, 4319535.893, 89
Trd, 4319536.743, 62
Trd, 4319537.143, 66
Trd, 4319537.293, 105
Trd, 4319538.643, 60
Trd, 4319539.493, 63
Trd, 4319540.493, 62
Trd, 4319542.243, 60
Trd, 4319542.593, 64
Trd, 4319542.743, 66
Trd, 4319542.893, 69
Trd, 4319543.093, 61
Trd, 4319544.743, 136
Trd, 4319544.793, 135
Trd, 4319545.593, 134
Trd, 4319546.843, 140
Trd, 4319547.043, 140
Trd, 4319547.293, 140
Trd, 4319547.493, 72
Trd, 4319548.293, 75
Trd, 4319549.393, 140
Trd, 4319549.593, 139
Trd, 4319550.043, 104
Trd, 4319550.393, 140
Trd, 4319551.393, 140
Trd, 4319551.993, 140
Trd, 4319552.393, 139
Trd, 4319552.843, 84
Trd, 4319553.143, 139
Trd, 4319553.793, 63
Trd, 4319554.843, 60
Trd, 4319555.693, 68
Trd, 4319556.143, 60
Trd, 4319556.743, 83
Trd, 4319557.393, 87
Trd, 4319557.743, 69
Trd, 4319560.143, 60
Trd, 4319560.193, 61
Trd, 4319560.843, 61
Trd, 4319561.293, 64
Trd, 4319562.143, 61
Trd, 4319562.993, 68
Trd, 4319563.243, 86
Trd, 4319563.393, 85
Trd, 4319563.543, 64
Trd, 4319564.793, 74
Trd, 4319565.093, 128
Trd, 4319565.443, 67
Trd, 4319568.093, 140
Trd, 4319568.193, 140
Trd, 4319568.543, 140
Trd, 4319568.593, 109
Trd, 4319569.293, 140
Trd, 4319569.593, 139
Trd, 4319569.993, 65
Trd, 4319571.543, 139
Trd, 4319572.993, 140
Trd, 4319573.643, 102
Trd, 4319574.593, 138
Trd, 4319575.193, 130
Trd, 4319577.093, 138
Trd, 4319577.693, 139
Trd, 4319577.793, 135
Trd, 4319578.743, 139
Trd, 4319578.993, 139
Trd, 4319579.143, 136
Trd, 4319579.493, 122
Trd, 4319580.643, 140
Trd, 4319582.243, 140
Trd, 4319582.593, 139
Trd, 4319582.993, 123
Trd, 4319583.643, 139
Trd, 4319584.143, 134
Trd, 4319584.843, 139
Trd, 4319585.793, 140
Trd, 4319585.843, 140
Trd, 4319586.843, 110
Trd, 4319587.243, 140
Trd, 4319587.493, 140
Trd, 4319589.243, 139
Trd, 4319589.693, 124
Trd, 4319589.843, 123
Trd, 4319590.393, 122
Trd, 4319590.893, 140
Trd, 4319591.993, 131
Trd, 4319592.443, 125
Trd, 4319592.593, 123
Trd, 4319592.893, 137
Trd, 4319593.343, 116
Trd, 4319593.643, 92
Trd, 4319594.393, 60
Trd, 4319594.643, 139
Trd, 4319595.643, 61
Trd, 4319596.043, 140
Trd, 4319597.843, 139
Trd, 4319598.843, 86
Trd, 4319598.993, 85
Trd, 4319599.643, 62
Trd, 4319599.693, 73
Trd, 4319600.143, 61
Trd, 4319600.493, 64
Trd, 4319601.743, 139
Trd, 4319601.893, 119
Trd, 4319602.243, 111
Trd, 4319602.993, 140
Trd, 4319603.593, 109
Trd, 4319603.993, 60
Trd, 4319605.193, 117
Trd, 4319605.843, 65
Trd, 4319606.343, 83
Trd, 4319607.793, 140
Trd, 4319608.043, 115
Trd, 4319608.193, 130
Trd, 4319608.293, 114
Trd, 4319610.593, 139
Trd, 4319611.243, 139
Trd, 4319611.843, 140
Trd, 4319612.043, 140
Trd, 4319612.193, 139
Trd, 4319612.543, 123
Trd, 4319613.643, 140
Trd, 4319614.993, 140
Trd, 4319615.393, 139
Trd, 4319615.493, 120
Trd, 4319615.893, 86
Trd, 4319616.093, 61
Trd, 4319616.943, 83
Trd, 4319618.393, 140
Trd, 4319619.143, 140
Trd, 4319619.843, 136
Trd, 4319620.643, 123
Trd, 4319620.993, 140
Trd, 4319621.343, 138
Trd, 4319621.893, 136
Trd, 4319621.943, 135
Trd, 4319622.943, 138
Trd, 4319623.243, 78
Trd, 4319623.343, 120
Trd, 4319625.043, 64
Trd, 4319626.143, 65
Trd, 4319626.343, 104
Trd, 4319626.793, 65
Trd, 4319627.143, 140
Trd, 4319627.293, 129
Trd, 4319627.393, 125
Trd, 4319628.443, 138
Trd, 4319628.743, 137
Trd, 4319629.793, 140
Trd, 4319629.943, 140
Trd, 4319630.893, 140
Trd, 4319630.993, 68
Trd, 4319632.093, 116
Trd, 4319632.993, 140
Trd, 4319633.043, 137
Trd, 4319633.443, 117
Trd, 4319633.993, 85
Trd, 4319634.943, 140
Trd, 4319636.143, 140
Trd, 4319636.193, 139
Trd, 4319636.493, 139
Trd, 4319636.743, 140
Trd, 4319637.643, 138
Trd, 4319638.093, 98
Trd, 4319638.493, 87
Trd, 4319639.243, 140
Trd, 4319640.193, 139
Trd, 4319640.643, 139
Trd, 4319641.243, 66
Trd, 4319641.343, 69
Trd, 4319642.393, 140
Trd, 4319642.543, 87
Trd, 4319643.543, 68
Trd, 4319644.643, 139
Trd, 4319645.043, 126
Trd, 4319645.443, 85
Trd, 4319645.843, 96
Trd, 4319646.493, 140
Trd, 4319646.743, 140
Trd, 4319647.193, 140
Trd, 4319649.743, 138
Trd, 4319649.993, 136
Trd, 4319650.243, 139
Trd, 4319650.543, 114
Trd, 4319652.093, 140
Trd, 4319652.643, 140
Trd, 4319653.693, 140
Trd, 4319653.843, 112
Trd, 4319655.493, 140
Trd, 4319655.743, 136
Trd, 4319656.443, 123
Trd, 4319656.943, 138
Trd, 4319657.843, 139
Trd, 4319658.293, 109
Trd, 4319659.443, 61
Trd, 4319659.793, 68
Trd, 4319659.993, 74
Trd, 4319660.943, 61
Trd, 4319663.143, 60
Trd, 4319663.393, 60
Trd, 4319664.243, 60
Trd, 4319664.743, 61
Trd, 4319665.443, 68
Trd, 4319665.943, 60
Trd, 4319666.593, 60
Trd, 4319667.593, 62
Trd, 4319667.793, 64
Trd, 4319668.893, 61
Trd, 4319669.043, 67
Trd, 4319669.743, 100
Trd, 4319671.143, 64
Trd, 4319671.943, 108
Trd, 4319672.293, 140
Trd, 4319673.393, 140
Trd, 4319673.593, 140
Trd, 4319673.743, 140
Trd, 4319673.993, 140
Trd, 4319674.193, 140
Trd, 4319675.893, 140
Trd, 4319675.993, 140
Trd, 4319677.493, 108
Trd, 4319677.943, 84
Trd, 4319678.193, 83
Trd, 4319678.993, 112
Trd, 4319679.593, 134
Trd, 4319679.643, 98
Trd, 4319681.743, 140
Trd, 4319682.043, 140
Trd, 4319682.143, 90
Trd, 4319682.743, 64
Trd, 4319683.043, 95
Trd, 4319684.043, 65
Trd, 4319684.393, 62
Trd, 4319684.693, 63
Trd, 4319685.543, 140
Trd, 4319685.593, 139
Trd, 4319686.343, 62
Trd, 4319686.643, 139
Trd, 4319686.693, 86
Trd, 4319686.843, 112
Trd, 4319687.943, 140
Trd, 4319689.393, 140
Trd, 4319689.943, 140
Trd, 4319690.293, 140
Trd, 4319690.493, 133
Trd, 4319691.893, 140
Trd, 4319692.293, 140
Trd, 4319692.543, 139
Trd, 4319693.043, 136
Trd, 4319693.593, 140
Trd, 4319694.093, 138
Trd, 4319694.443, 90
Trd, 4319695.893, 139
Trd, 4319696.843, 90
Trd, 4319697.543, 140
Trd, 4319697.643, 125
Trd, 4319698.243, 140
Trd, 4319699.343, 83
Trd, 4319700.343, 137
Trd, 4319700.443, 130
Trd, 4319700.643, 140
Trd, 4319701.143, 115
Trd, 4319701.443, 93
Trd, 4319702.593, 62
Trd, 4319702.793, 72
Trd, 4319703.593, 63
Trd, 4319704.643, 60
Trd, 4319705.443, 63
Trd, 4319705.893, 64
Trd, 4319706.293, 69
Trd, 4319706.793, 98
Trd, 4319707.393, 63
Trd, 4319708.793, 62
Trd, 4319709.043, 66
Trd, 4319709.593, 64
Trd, 4319710.593, 61
Trd, 4319711.093, 60
Trd, 4319711.293, 100
Trd, 4319712.193, 93
Trd, 4319712.343, 102
Trd, 4319712.943, 81
Trd, 4319714.243, 60
Trd, 4319714.793, 60
Trd, 4319715.693, 62
Trd, 4319716.443, 62
Trd, 4319716.793, 140
Trd, 4319717.343, 140
Trd, 4319718.143, 140
Trd, 4319719.643, 135
Trd, 4319720.243, 140
Trd, 4319720.593, 139
Trd, 4319721.243, 138
Trd, 4319722.193, 132
Trd, 4319722.643, 92
Trd, 4319723.143, 140
Trd, 4319723.443, 97
Trd, 4319723.893, 73
Trd, 4319725.243, 60
Trd, 4319725.493, 61
Trd, 4319727.093, 60
Trd, 4319727.643, 69
Trd, 4319728.393, 79
Trd, 4319728.943, 137
Trd, 4319729.593, 78
Trd, 4319729.793, 103
Trd, 4319730.893, 85
Trd, 4319730.943, 137
Trd, 4319731.743, 62
Trd, 4319731.843, 79
Trd, 4319732.443, 60
Trd, 4319735.743, 60
Trd, 4319735.793, 61
Trd, 4319736.143, 62
Trd, 4319737.193, 60
Trd, 4319737.643, 65
Trd, 4319738.543, 70
Trd, 4319739.093, 60
Trd, 4319739.693, 64
Trd, 4319740.343, 70
Trd, 4319740.693, 60
Trd, 4319741.993, 65
Trd, 4319742.643, 60
Trd, 4319742.893, 65
Trd, 4319744.543, 61
Trd, 4319744.943, 61
Trd, 4319745.043, 60
Trd, 4319745.293, 63
Trd, 4319747.193, 62
Trd, 4319747.593, 73
Trd, 4319748.693, 62
Trd, 4319748.893, 69
Trd, 4319750.593, 60
Trd, 4319750.643, 60
Trd, 4319751.593, 60
Trd, 4319751.693, 72
Trd, 4319751.843, 65
Trd, 4319752.443, 101
Trd, 4319753.393, 63
Trd, 4319753.743, 62
Trd, 4319754.143, 71
Trd, 4319754.293, 131
Trd, 4319755.243, 69
Trd, 4319756.193, 61
Trd, 4319756.843, 62
Trd, 4319756.893, 100
Trd, 4319758.393, 62
Trd, 4319759.143, 61
Trd, 4319759.393, 65
Trd, 4319759.893, 67
Trd, 4319760.143, 67
Trd, 4319760.693, 64
Trd, 4319762.243, 69
Trd, 4319762.543, 61
Trd, 4319762.893, 62
Trd, 4319763.293, 63
Trd, 4319763.443, 76
Trd, 4319764.743, 138
Trd, 4319765.743, 63
Trd, 4319765.943, 63
Trd, 4319766.143, 101
Trd, 4319766.193, 62
Trd, 4319766.943, 60
Trd, 4319767.893, 60
Trd, 4319768.493, 86
Trd, 4319769.143, 63
Trd, 4319770.243, 140
Trd, 4319770.743, 137
Trd, 4319771.193, 93
Trd, 4319771.343, 83
Trd, 4319771.493, 62
Trd, 4319773.093, 138
Trd, 4319773.193, 96
Trd, 4319774.643, 66
Trd, 4319774.793, 114
Trd, 4319775.893, 140
Trd, 4319776.093, 140
Trd, 4319776.593, 140
Trd, 4319777.043, 115
Trd, 4319777.793, 61
Trd, 4319778.643, 65
Trd, 4319778.743, 78
Trd, 4319778.793, 106
Trd, 4319779.943, 63
Trd, 4319780.043, 63
Trd, 4319780.543, 66
Trd, 4319781.043, 134
Trd, 4319781.393, 61
Trd, 4319781.793, 64
Trd, 4319782.693, 137
Trd, 4319784.093, 139
Trd, 4319784.543, 64
Trd, 4319784.843, 95
Trd, 4319785.693, 60
Trd, 4319786.193, 64
Trd, 4319786.843, 137
Trd, 4319787.543, 65
Trd, 4319789.643, 63
Trd, 4319789.893, 64
Trd, 4319790.343, 72
Trd, 4319790.643, 110
Trd, 4319791.393, 60
Trd, 4319791.993, 63
Trd, 4319792.243, 67
Trd, 4319792.643, 106
Trd, 4319793.293, 61
Trd, 4319793.993, 61
Trd, 4319794.493, 67
Trd, 4319794.643, 82
Trd, 4319795.043, 65
Trd, 4319795.393, 62
Trd, 4319796.043, 101
Trd, 4319797.143, 133
Trd, 4319797.693, 102
Trd, 4319798.193, 113
Trd, 4319798.793, 60
Trd, 4319799.043, 67
Trd, 4319799.393, 139
Trd, 4319800.093, 140
Trd, 4319800.693, 136
Trd, 4319802.293, 140
Trd, 4319802.443, 140
Trd, 4319803.093, 139
Trd, 4319803.143, 138
Trd, 4319804.593, 140
Trd, 4319805.043, 140
Trd, 4319805.293, 140
Trd, 4319805.543, 108
Trd, 4319806.343, 65
Trd, 4319807.243, 64
Trd, 4319808.343, 131
Trd, 4319808.943, 86
Trd, 4319809.043, 85
Trd, 4319809.493, 139
Trd, 4319810.093, 68
Trd, 4319811.893, 140
Trd, 4319811.943, 140
Trd, 4319813.343, 140
Trd, 4319813.693, 139
Trd, 4319814.343, 129
Trd, 4319814.493, 127
Trd, 4319815.943, 137
Trd, 4319815.993, 123
Trd, 4319816.843, 119
Trd, 4319816.943, 106
Trd, 4319817.393, 140
Trd, 4319818.143, 140
Trd, 4319818.893, 140
Trd, 4319818.943, 134
Trd, 4319820.043, 140
Trd, 4319820.243, 139
Trd, 4319820.493, 127
Trd, 4319821.443, 92
Trd, 4319821.493, 125
Trd, 4319821.943, 88
Trd, 4319822.943, 140
Trd, 4319823.343, 139
Trd, 4319824.043, 65
Trd, 4319824.443, 140
Trd, 4319825.093, 63
Trd, 4319826.793, 140
Trd, 4319826.993, 140
Trd, 4319827.343, 140
Trd, 4319828.293, 112
Trd, 4319829.293, 115
Trd, 4319830.093, 140
Trd, 4319830.693, 139
Trd, 4319830.893, 136
Trd, 4319833.493, 140
Trd, 4319833.643, 140
Trd, 4319833.793, 140
Trd, 4319835.493, 116
Trd, 4319835.893, 140
Trd, 4319836.293, 140
Trd, 4319836.693, 137
Trd, 4319836.843, 139
Trd, 4319836.993, 95
Trd, 4319837.993, 139
Trd, 4319838.743, 140
Trd, 4319839.293, 85
Trd, 4319839.743, 121
Trd, 4319841.393, 140
Trd, 4319841.793, 140
Trd, 4319842.043, 140
Trd, 4319842.543, 140
Trd, 4319842.693, 140
Trd, 4319843.443, 140
Trd, 4319843.693, 134
Trd, 4319844.243, 132
Trd, 4319845.093, 138
Trd, 4319845.543, 129
Trd, 4319845.843, 140
Trd, 4319846.943, 80
Trd, 4319848.243, 75
Trd, 4319848.993, 60
Trd, 4319850.043, 60
Trd, 4319850.543, 72
Trd, 4319850.893, 99
Trd, 4319852.293, 61
Trd, 4319852.893, 139
Trd, 4319853.193, 138
Trd, 4319854.093, 140
Trd, 4319854.243, 139
Trd, 4319854.393, 97
Trd, 4319854.743, 139
Trd, 4319854.893, 106
Trd, 4319855.893, 89
Trd, 4319857.393, 139
Trd, 4319857.543, 139
Trd, 4319857.643, 119
Trd, 4319858.393, 139
Trd, 4319858.793, 78
Trd, 4319859.593, 63
Trd, 4319860.743, 64
Trd, 4319861.093, 65
Trd, 4319862.343, 60
Trd, 4319862.843, 68
Trd, 4319864.193, 139
Trd, 4319865.043, 140
Trd, 4319866.093, 140
Trd, 4319866.443, 140
Trd, 4319867.943, 130
Trd, 4319868.593, 139
Trd, 4319868.693, 128
Trd, 4319869.343, 111
Trd, 4319869.393, 109
Trd, 4319869.743, 76
Trd, 4319870.193, 126
Trd, 4319871.143, 136
Trd, 4319872.843, 60
Trd, 4319873.293, 138
Trd, 4319873.843, 76
Trd, 4319874.043, 61
Trd, 4319874.793, 82
Trd, 4319876.293, 138
Trd, 4319876.443, 136
Trd, 4319877.043, 140
Trd, 4319877.393, 140
Trd, 4319877.643, 132
Trd, 4319878.043, 100
Trd, 4319878.843, 140
Trd, 4319879.493, 65
Trd, 4319880.193, 109
Trd, 4319880.493, 139
Trd, 4319881.543, 119
Trd, 4319882.243, 140
Trd, 4319882.443, 83
Trd, 4319883.443, 140
Trd, 4319884.143, 140
Trd, 4319884.243, 136
Trd, 4319884.743, 140
Trd, 4319884.893, 139
Trd, 4319885.593, 136
Trd, 4319887.093, 140
Trd, 4319887.193, 136
Trd, 4319888.093, 140
Trd, 4319888.693, 140
Trd, 4319889.643, 138
Trd, 4319890.493, 139
Trd, 4319891.393, 138
Trd, 4319891.793, 139
Trd, 4319892.343, 94
Trd, 4319892.793, 125
Trd, 4319893.393, 139
Trd, 4319893.793, 139
Trd, 4319894.343, 120
Trd, 4319897.043, 140
Trd, 4319897.693, 140
Trd, 4319897.943, 140
Trd, 4319897.993, 140
Trd, 4319898.493, 140
Trd, 4319898.543, 139
Trd, 4319899.293, 136
Trd, 4319899.693, 140
Trd, 4319900.143, 128
Trd, 4319900.243, 74
Trd, 4319901.243, 60
Trd, 4319901.743, 62
Trd, 4319902.493, 140
Trd, 4319902.993, 140
Trd, 4319903.243, 139
Trd, 4319903.693, 72
Trd, 4319905.393, 66
Trd, 4319906.293, 138
Trd, 4319906.693, 137
Trd, 4319906.993, 140
Trd, 4319907.343, 140
Trd, 4319908.043, 107
Trd, 4319908.343, 121
Trd, 4319909.043, 62
Trd, 4319909.843, 61
Trd, 4319911.243, 139
Trd, 4319911.743, 140
Trd, 4319911.793, 140
Trd, 4319912.243, 140
Trd, 4319912.693, 129
Trd, 4319914.043, 140
Trd, 4319914.143, 140
Trd, 4319914.543, 139
Trd, 4319915.293, 140
Trd, 4319915.343, 122
Trd, 4319915.543, 114
Trd, 4319916.393, 123
Trd, 4319917.043, 64
Trd, 4319918.593, 140
Trd, 4319918.993, 140
Trd, 4319919.693, 140
Trd, 4319920.693, 140
Trd, 4319920.743, 140
Trd, 4319920.893, 140
Trd, 4319921.443, 139
Trd, 4319921.843, 71
Trd, 4319923.243, 63
Trd, 4319923.593, 71
Trd, 4319925.593, 131
Trd, 4319925.843, 99
Trd, 4319926.393, 124
Trd, 4319926.643, 62
Trd, 4319927.193, 82
Trd, 4319927.643, 126
Trd, 4319927.943, 66
Trd, 4319928.143, 125
Trd, 4319929.243, 140
Trd, 4319929.643, 121
Trd, 4319930.843, 139
Trd, 4319930.993, 124
Trd, 4319932.393, 65
Trd, 4319933.793, 62
Trd, 4319934.193, 62
Trd, 4319934.793, 63
Trd, 4319935.693, 76
Trd, 4319936.593, 139
Trd, 4319937.043, 138
Trd, 4319937.493, 140
Trd, 4319938.193, 65
Trd, 4319938.243, 84
Trd, 4319939.093, 61
Trd, 4319939.643, 60
Trd, 4319940.343, 76
Trd, 4319940.993, 140
Trd, 4319941.443, 109
Trd, 4319941.593, 62
Trd, 4319942.643, 136
Trd, 4319942.743, 85
Trd, 4319942.893, 67
Trd, 4319944.493, 62
Trd, 4319945.643, 61
Trd, 4319945.843, 78
Trd, 4319946.043, 110
Trd, 4319946.593, 61
Trd, 4319946.793, 75
Trd, 4319947.743, 140
Trd, 4319950.193, 60
Trd, 4319950.743, 60
Trd, 4319951.793, 67
Trd, 4319952.093, 67
Trd, 4319952.893, 62
Trd, 4319953.893, 139
Trd, 4319954.043, 137
Trd, 4319954.193, 127
Trd, 4319954.943, 139
Trd, 4319955.743, 65
Trd, 4319957.443, 139
Trd, 4319957.493, 132
Trd, 4319957.993, 103
Trd, 4319958.943, 140
Trd, 4319960.043, 139
Trd, 4319960.093, 99
Trd, 4319961.943, 140
Trd, 4319962.143, 103
Trd, 4319962.543, 72
Trd, 4319963.593, 140
Trd, 4319964.093, 140
Trd, 4319964.343, 140
Trd, 4319964.793, 99
Trd, 4319964.893, 139
Trd, 4319965.493, 70
Trd, 4319966.943, 140
Trd, 4319967.343, 140
Trd, 4319967.893, 139
Trd, 4319968.093, 139
Trd, 4319968.793, 60
Trd, 4319969.593, 78
Trd, 4319970.493, 139
Trd, 4319970.693, 90
Trd, 4319971.193, 139
Trd, 4319971.393, 71
Trd, 4319973.643, 96
Trd, 4319973.793, 121
Trd, 4319974.093, 140
Trd, 4319974.343, 139
Trd, 4319975.793, 140
Trd, 4319975.843, 140
Trd, 4319977.343, 139
Trd, 4319979.043, 140
Trd, 4319979.443, 140
Trd, 4319979.493, 139
Trd, 4319979.593, 127
Trd, 4319979.643, 126
Trd, 4319980.493, 111
Trd, 4319981.543, 137
Trd, 4319981.643, 120
Trd, 4319981.993, 107
Trd, 4319982.243, 119
Trd, 4319982.693, 70
Trd, 4319983.593, 105
Trd, 4319983.943, 134
Trd, 4319984.693, 139
Trd, 4319985.293, 61
Trd, 4319986.443, 63
Trd, 4319986.593, 92
Trd, 4319987.393, 140
Trd, 4319987.993, 109
Trd, 4319988.843, 140
Trd, 4319990.093, 140
Trd, 4319990.343, 140
Trd, 4319990.393, 140
Trd, 4319991.543, 121
Trd, 4319992.543, 140
Trd, 4319993.193, 140
Trd, 4319993.443, 140
Trd, 4319993.693, 137
Trd, 4319994.343, 134
Trd, 4319995.293, 139
Trd, 4319995.743, 121
Trd, 4319995.993, 120
Trd, 4319996.893, 66
Trd, 4319997.643, 139
Trd, 4319999.143, 140
Trd, 4319999.743, 140
