Trd, 4318066.343, 90
Trd, 4318066.943, 124
Trd, 4318067.443, 140
Trd, 4318067.643, 116
Trd, 4318068.393, 139
Trd, 4318068.843, 134
Trd, 4318068.993, 104
Trd, 4318069.493, 109
Trd, 4318070.143, 105
Trd, 4318071.243, 101
Trd, 4318072.993, 112
Trd, 4318074.943, 115
Trd, 4318075.843, 136
Trd, 4318078.093, 137
Trd, 4318079.543, 137
Trd, 4318081.043, 130
Trd, 4318081.493, 119
Trd, 4318081.643, 116
Trd, 4318082.543, 94
Trd, 4318083.843, 126
Trd, 4318084.793, 131
Trd, 4318084.843, 101
Trd, 4318084.993, 80
Trd, 4318086.693, 134
Trd, 4318086.893, 128
Trd, 4318087.493, 101
Trd, 4318087.893, 94
Trd, 4318087.993, 91
Trd, 4318088.293, 82
Trd, 4318091.493, 140
Trd, 4318091.543, 111
Trd, 4318091.993, 109
Trd, 4318092.343, 127
Trd, 4318092.643, 103
Trd, 4318094.493, 83
Trd, 4318096.093, 109
Trd, 4318096.993, 81
Trd, 4318097.093, 105
Trd, 4318097.293, 76
Trd, 4318098.493, 138
Trd, 4318098.643, 114
Trd, 4318099.993, 86
Trd, 4318101.743, 101
Trd, 4318102.543, 116
Trd, 4318103.693, 120
Trd, 4318103.843, 116
Trd, 4318104.143, 110
Trd, 4318104.343, 121
Trd, 4318105.043, 101
Trd, 4318105.993, 105
Trd, 4318106.243, 86
Trd, 4318107.443, 140
Trd, 4318107.593, 101
Trd, 4318108.093, 131
Trd, 4318109.593, 112
Trd, 4318110.093, 97
Trd, 4318111.243, 103
Trd, 4318111.443, 101
Trd, 4318111.943, 99
Trd, 4318112.693, 94
Trd, 4318115.043, 136
Trd, 4318115.243, 86
Trd, 4318115.493, 129
Trd, 4318116.693, 128
Trd, 4318119.493, 140
Trd, 4318120.143, 117
Trd, 4318120.693, 117
Trd, 4318120.943, 94
Trd, 4318121.893, 113
Trd, 4318122.043, 83
Trd, 4318122.493, 132
Trd, 4318124.443, 81
Trd, 4318124.793, 140
Trd, 4318124.843, 134
Trd, 4318125.493, 108
Trd, 4318125.993, 80
Trd, 4318126.543, 116
Trd, 4318126.893, 112
Trd, 4318127.243, 134
Trd, 4318127.343, 103
Trd, 4318128.993, 119
Trd, 4318129.243, 114
Trd, 4318130.793, 135
Trd, 4318132.643, 85
Trd, 4318134.343, 128
Trd, 4318134.393, 132
Trd, 4318134.593, 139
Trd, 4318134.993, 82
Trd, 4318136.143, 85
Trd, 4318136.243, 79
Trd, 4318138.043, 102
Trd, 4318138.793, 118
Trd, 4318139.293, 105
Trd, 4318140.793, 116
Trd, 4318141.193, 95
Trd, 4318142.093, 85
Trd, 4318143.643, 120
Trd, 4318144.143, 110
Trd, 4318144.443, 94
Trd, 4318144.543, 115
Trd, 4318145.693, 84
Trd, 4318146.043, 100
Trd, 4318146.643, 75
Trd, 4318148.493, 96
Trd, 4318149.643, 121
Trd, 4318149.843, 108
Trd, 4318150.043, 99
Trd, 4318150.293, 105
Trd, 4318150.793, 77
Trd, 4318151.343, 65
Trd, 4318151.593, 105
Trd, 4318153.643, 138
Trd, 4318154.793, 139
Trd, 4318155.093, 121
Trd, 4318155.593, 115
Trd, 4318155.693, 113
Trd, 4318155.843, 81
Trd, 4318156.743, 69
Trd, 4318157.343, 110
Trd, 4318159.193, 106
Trd, 4318159.493, 92
Trd, 4318160.143, 103
Trd, 4318160.843, 119
Trd, 4318160.993, 106
Trd, 4318161.793, 140
Trd, 4318162.893, 113
Trd, 4318164.943, 133
Trd, 4318165.043, 111
Trd, 4318168.093, 111
Trd, 4318169.193, 90
Trd, 4318169.693, 87
Trd, 4318171.293, 103
Trd, 4318171.593, 101
Trd, 4318171.793, 120
Trd, 4318172.443, 106
Trd, 4318172.793, 100
Trd, 4318174.393, 99
Trd, 4318174.843, 88
Trd, 4318175.493, 140
Trd, 4318177.193, 101
Trd, 4318177.843, 129
Trd, 4318178.343, 95
Trd, 4318179.143, 107
Trd, 4318179.493, 103
Trd, 4318180.193, 134
Trd, 4318182.843, 107
Trd, 4318183.043, 114
Trd, 4318183.193, 102
Trd, 4318183.393, 139
Trd, 4318184.893, 85
Trd, 4318185.643, 124
Trd, 4318186.443, 120
Trd, 4318187.793, 83
Trd, 4318187.943, 75
Trd, 4318189.493, 80
Trd, 4318190.593, 77
Trd, 4318191.543, 99
Trd, 4318191.693, 100
Trd, 4318193.143, 124
Trd, 4318193.343, 109
Trd, 4318193.393, 127
Trd, 4318195.093, 118
Trd, 4318195.893, 123
Trd, 4318196.593, 114
Trd, 4318196.893, 90
Trd, 4318197.293, 87
Trd, 4318198.043, 124
Trd, 4318199.543, 116
Trd, 4318201.093, 66
Trd, 4318201.293, 73
Trd, 4318201.493, 75
Trd, 4318203.243, 107
Trd, 4318203.793, 96
Trd, 4318204.143, 106
Trd, 4318204.193, 90
Trd, 4318204.543, 112
Trd, 4318206.993, 95
Trd, 4318207.793, 140
Trd, 4318209.193, 118
Trd, 4318209.293, 115
Trd, 4318210.043, 98
Trd, 4318211.243, 91
Trd, 4318212.393, 96
Trd, 4318212.843, 71
Trd, 4318213.393, 106
Trd, 4318215.093, 103
Trd, 4318216.593, 97
Trd, 4318217.693, 139
Trd, 4318218.143, 115
Trd, 4318218.543, 97
Trd, 4318218.643, 90
Trd, 4318219.693, 98
Trd, 4318220.143, 131
Trd, 4318220.493, 133
Trd, 4318222.043, 140
Trd, 4318222.143, 112
Trd, 4318223.443, 105
Trd, 4318224.143, 109
Trd, 4318226.043, 105
Trd, 4318226.643, 95
Trd, 4318229.643, 115
Trd, 4318229.843, 113
Trd, 4318231.143, 113
Trd, 4318231.443, 140
Trd, 4318231.943, 133
Trd, 4318233.243, 111
Trd, 4318233.393, 99
Trd, 4318234.493, 81
Trd, 4318235.493, 125
Trd, 4318235.943, 69
Trd, 4318236.743, 138
Trd, 4318238.593, 113
Trd, 4318238.843, 105
Trd, 4318239.243, 81
Trd, 4318240.943, 128
Trd, 4318242.143, 138
Trd, 4318243.543, 133
Trd, 4318244.393, 104
Trd, 4318244.843, 100
Trd, 4318245.143, 124
Trd, 4318246.193, 128
Trd, 4318246.793, 132
Trd, 4318247.543, 73
Trd, 4318248.843, 84
Trd, 4318249.443, 88
Trd, 4318249.943, 112
Trd, 4318250.043, 139
Trd, 4318250.243, 109
Trd, 4318252.093, 82
Trd, 4318252.443, 88
Trd, 4318255.593, 111
Trd, 4318256.443, 85
Trd, 4318256.693, 90
Trd, 4318257.143, 136
Trd, 4318257.193, 110
Trd, 4318257.693, 79
Trd, 4318259.743, 92
Trd, 4318260.293, 68
Trd, 4318261.993, 70
Trd, 4318262.643, 75
Trd, 4318263.443, 74
Trd, 4318265.943, 92
Trd, 4318266.193, 73
Trd, 4318267.593, 109
Trd, 4318267.743, 110
Trd, 4318267.843, 103
Trd, 4318267.943, 124
Trd, 4318268.493, 75
Trd, 4318269.943, 132
Trd, 4318270.593, 118
Trd, 4318271.243, 84
Trd, 4318271.443, 100
Trd, 4318271.743, 72
Trd, 4318272.443, 113
Trd, 4318273.943, 89
Trd, 4318274.043, 82
Trd, 4318275.443, 139
Trd, 4318276.443, 66
Trd, 4318278.143, 95
Trd, 4318278.343, 95
Trd, 4318278.993, 91
Trd, 4318279.243, 90
Trd, 4318280.243, 140
Trd, 4318281.993, 105
Trd, 4318282.943, 134
Trd, 4318283.143, 93
Trd, 4318284.643, 93
Trd, 4318285.443, 91
Trd, 4318286.593, 110
Trd, 4318287.143, 137
Trd, 4318287.443, 140
Trd, 4318288.993, 107
Trd, 4318289.393, 121
Trd, 4318289.893, 139
Trd, 4318290.893, 138
Trd, 4318291.143, 112
Trd, 4318293.143, 72
Trd, 4318293.843, 82
Trd, 4318293.993, 108
Trd, 4318294.543, 101
Trd, 4318295.443, 106
Trd, 4318297.143, 84
Trd, 4318298.293, 106
Trd, 4318300.043, 78
Trd, 4318300.643, 106
Trd, 4318302.243, 98
Trd, 4318302.593, 102
Trd, 4318303.343, 115
Trd, 4318303.393, 109
Trd, 4318303.593, 103
Trd, 4318303.843, 122
Trd, 4318304.743, 109
Trd, 4318306.243, 127
Trd, 4318308.893, 115
Trd, 4318309.843, 123
Trd, 4318309.943, 106
Trd, 4318311.893, 131
Trd, 4318312.693, 135
Trd, 4318313.043, 122
Trd, 4318313.393, 137
Trd, 4318313.443, 98
Trd, 4318314.143, 104
Trd, 4318314.993, 97
Trd, 4318316.293, 114
Trd, 4318318.093, 136
Trd, 4318318.193, 122
Trd, 4318318.393, 111
Trd, 4318319.893, 91
Trd, 4318319.993, 71
Trd, 4318320.543, 68
Trd, 4318321.443, 70
Trd, 4318321.743, 137
Trd, 4318322.543, 92
Trd, 4318323.443, 92
Trd, 4318323.593, 113
Trd, 4318324.943, 97
Trd, 4318325.043, 74
Trd, 4318325.893, 140
Trd, 4318326.443, 98
Trd, 4318327.643, 94
Trd, 4318328.143, 103
Trd, 4318329.743, 87
Trd, 4318331.243, 139
Trd, 4318331.843, 135
Trd, 4318332.543, 122
Trd, 4318332.943, 111
Trd, 4318334.993, 105
Trd, 4318335.443, 101
Trd, 4318336.393, 114
Trd, 4318336.443, 96
Trd, 4318337.343, 107
Trd, 4318338.493, 140
Trd, 4318340.243, 135
Trd, 4318340.693, 117
Trd, 4318341.493, 138
Trd, 4318342.093, 134
Trd, 4318343.193, 135
Trd, 4318343.593, 119
Trd, 4318343.643, 104
Trd, 4318344.493, 132
Trd, 4318345.543, 118
Trd, 4318346.393, 122
Trd, 4318348.093, 89
Trd, 4318348.293, 94
Trd, 4318349.043, 124
Trd, 4318350.543, 103
Trd, 4318350.843, 115
Trd, 4318351.443, 129
Trd, 4318352.143, 89
Trd, 4318352.443, 110
Trd, 4318353.193, 109
Trd, 4318353.543, 77
Trd, 4318353.743, 87
Trd, 4318354.793, 114
Trd, 4318355.493, 122
Trd, 4318355.993, 97
Trd, 4318356.343, 86
Trd, 4318358.593, 99
Trd, 4318360.643, 84
Trd, 4318361.393, 75
Trd, 4318361.993, 100
Trd, 4318362.743, 117
Trd, 4318363.243, 82
Trd, 4318364.043, 103
Trd, 4318364.343, 116
Trd, 4318365.293, 128
Trd, 4318366.293, 139
Trd, 4318367.043, 95
Trd, 4318367.093, 93
Trd, 4318367.993, 79
Trd, 4318369.143, 102
Trd, 4318370.393, 106
Trd, 4318371.543, 134
Trd, 4318372.143, 107
Trd, 4318374.193, 140
Trd, 4318374.843, 119
Trd, 4318375.643, 99
Trd, 4318376.443, 119
Trd, 4318376.643, 92
Trd, 4318377.293, 90
Trd, 4318378.343, 101
Trd, 4318379.893, 115
Trd, 4318379.943, 83
Trd, 4318380.343, 81
Trd, 4318380.493, 76
Trd, 4318381.793, 84
Trd, 4318381.893, 135
Trd, 4318382.193, 71
Trd, 4318384.143, 88
Trd, 4318384.793, 62
Trd, 4318385.093, 67
Trd, 4318386.393, 137
Trd, 4318387.243, 81
Trd, 4318387.643, 139
Trd, 4318388.343, 118
Trd, 4318389.543, 136
Trd, 4318390.393, 131
Trd, 4318392.093, 125
Trd, 4318392.643, 101
Trd, 4318392.893, 126
Trd, 4318393.443, 94
Trd, 4318394.493, 81
Trd, 4318394.543, 100
Trd, 4318394.893, 96
Trd, 4318395.293, 75
Trd, 4318395.543, 108
Trd, 4318397.093, 140
Trd, 4318397.193, 94
Trd, 4318399.143, 97
Trd, 4318400.293, 90
Trd, 4318400.343, 96
Trd, 4318400.693, 136
Trd, 4318401.143, 108
Trd, 4318403.493, 77
Trd, 4318404.643, 112
Trd, 4318405.093, 95
Trd, 4318405.693, 109
Trd, 4318405.843, 120
Trd, 4318406.043, 135
Trd, 4318406.293, 104
Trd, 4318408.543, 99
Trd, 4318409.693, 129
Trd, 4318410.743, 126
Trd, 4318410.893, 124
Trd, 4318411.093, 119
Trd, 4318411.543, 91
Trd, 4318411.943, 82
Trd, 4318412.693, 77
Trd, 4318413.143, 95
Trd, 4318413.743, 87
Trd, 4318414.493, 140
Trd, 4318415.143, 125
Trd, 4318415.693, 91
Trd, 4318415.843, 110
Trd, 4318417.993, 76
Trd, 4318419.093, 88
Trd, 4318419.493, 90
Trd, 4318421.643, 100
Trd, 4318422.243, 112
Trd, 4318422.643, 111
Trd, 4318423.043, 90
Trd, 4318424.543, 140
Trd, 4318425.193, 126
Trd, 4318425.443, 87
Trd, 4318425.743, 100
Trd, 4318427.293, 93
Trd, 4318428.293, 119
Trd, 4318428.793, 139
Trd, 4318430.293, 139
Trd, 4318430.343, 127
Trd, 4318430.793, 111
Trd, 4318432.393, 120
Trd, 4318433.243, 138
Trd, 4318434.193, 97
Trd, 4318435.543, 127
Trd, 4318435.793, 93
Trd, 4318436.193, 134
Trd, 4318436.643, 99
Trd, 4318436.893, 83
Trd, 4318438.243, 139
Trd, 4318440.793, 107
Trd, 4318440.893, 134
Trd, 4318440.993, 100
Trd, 4318441.593, 90
Trd, 4318441.943, 82
Trd, 4318442.643, 76
Trd, 4318442.993, 87
Trd, 4318443.993, 84
Trd, 4318444.593, 85
Trd, 4318445.543, 72
Trd, 4318446.843, 112
Trd, 4318447.493, 102
Trd, 4318448.143, 100
Trd, 4318449.143, 90
Trd, 4318449.243, 78
Trd, 4318450.593, 95
Trd, 4318450.793, 98
Trd, 4318451.843, 106
Trd, 4318452.443, 62
Trd, 4318452.543, 107
Trd, 4318453.543, 70
Trd, 4318454.493, 72
Trd, 4318455.993, 122
Trd, 4318456.243, 88
Trd, 4318457.343, 81
Trd, 4318458.443, 115
Trd, 4318459.293, 113
Trd, 4318459.343, 112
Trd, 4318461.193, 107
Trd, 4318462.493, 100
Trd, 4318462.943, 110
Trd, 4318463.343, 81
Trd, 4318464.993, 119
Trd, 4318465.243, 102
Trd, 4318466.393, 104
Trd, 4318467.993, 97
Trd, 4318469.993, 110
Trd, 4318470.743, 119
Trd, 4318471.193, 96
Trd, 4318472.243, 121
Trd, 4318472.943, 125
Trd, 4318473.943, 121
Trd, 4318474.093, 96
Trd, 4318474.443, 87
Trd, 4318474.893, 62
Trd, 4318476.443, 139
Trd, 4318476.843, 119
Trd, 4318477.643, 105
Trd, 4318477.743, 104
Trd, 4318478.593, 65
Trd, 4318479.193, 88
Trd, 4318479.443, 139
Trd, 4318479.993, 131
Trd, 4318480.193, 87
Trd, 4318481.043, 72
Trd, 4318481.443, 90
Trd, 4318482.443, 138
Trd, 4318483.993, 139
Trd, 4318484.193, 109
Trd, 4318484.593, 111
Trd, 4318484.893, 119
Trd, 4318485.493, 66
Trd, 4318485.843, 112
Trd, 4318486.693, 82
Trd, 4318487.243, 101
Trd, 4318487.793, 65
Trd, 4318489.543, 112
Trd, 4318490.193, 106
Trd, 4318491.693, 113
Trd, 4318492.193, 104
Trd, 4318492.343, 105
Trd, 4318493.043, 88
Trd, 4318494.693, 123
Trd, 4318496.343, 105
Trd, 4318497.293, 92
Trd, 4318497.393, 88
Trd, 4318498.493, 130
Trd, 4318498.843, 125
Trd, 4318499.193, 133
Trd, 4318500.993, 98
Trd, 4318501.143, 94
Trd, 4318501.793, 140
Trd, 4318502.693, 90
Trd, 4318502.793, 84
Trd, 4318504.793, 122
Trd, 4318506.243, 89
Trd, 4318507.093, 85
Trd, 4318507.543, 77
Trd, 4318508.393, 113
Trd, 4318508.993, 120
Trd, 4318509.643, 130
Trd, 4318509.943, 114
Trd, 4318511.643, 101
Trd, 4318512.093, 88
Trd, 4318513.143, 103
Trd, 4318513.693, 99
Trd, 4318514.643, 65
Trd, 4318515.593, 67
Trd, 4318515.743, 103
Trd, 4318516.093, 119
Trd, 4318517.893, 140
Trd, 4318519.143, 131
Trd, 4318519.343, 105
Trd, 4318519.593, 111
Trd, 4318520.943, 86
Trd, 4318521.593, 69
Trd, 4318522.793, 100
Trd, 4318522.993, 121
Trd, 4318523.793, 90
Trd, 4318525.143, 89
Trd, 4318525.993, 106
Trd, 4318526.943, 97
Trd, 4318528.743, 71
Trd, 4318529.043, 76
Trd, 4318529.243, 116
Trd, 4318529.693, 84
Trd, 4318530.893, 72
Trd, 4318530.993, 87
Trd, 4318531.443, 94
Trd, 4318532.593, 90
Trd, 4318534.393, 108
Trd, 4318535.343, 122
Trd, 4318535.643, 83
Trd, 4318535.743, 122
Trd, 4318536.343, 116
Trd, 4318536.793, 107
Trd, 4318538.143, 112
Trd, 4318538.343, 102
Trd, 4318538.743, 86
Trd, 4318539.993, 102
Trd, 4318540.893, 117
Trd, 4318541.643, 118
Trd, 4318541.993, 92
Trd, 4318543.043, 89
Trd, 4318543.993, 139
Trd, 4318545.893, 93
Trd, 4318546.243, 76
Trd, 4318546.893, 106
Trd, 4318548.193, 132
Trd, 4318548.293, 104
Trd, 4318548.893, 96
Trd, 4318550.293, 108
Trd, 4318552.093, 94
Trd, 4318552.543, 84
Trd, 4318554.443, 85
Trd, 4318554.593, 74
Trd, 4318554.693, 65
Trd, 4318554.893, 87
Trd, 4318556.393, 83
Trd, 4318556.843, 92
Trd, 4318558.593, 102
Trd, 4318560.943, 101
Trd, 4318561.193, 112
Trd, 4318561.743, 74
Trd, 4318561.993, 105
Trd, 4318562.343, 101
Trd, 4318562.593, 106
Trd, 4318563.393, 85
Trd, 4318564.293, 114
Trd, 4318565.193, 85
Trd, 4318567.093, 136
Trd, 4318568.243, 113
Trd, 4318568.393, 109
Trd, 4318568.993, 101
Trd, 4318569.043, 99
Trd, 4318569.293, 78
Trd, 4318570.293, 106
Trd, 4318570.543, 92
Trd, 4318571.493, 74
Trd, 4318571.543, 73
Trd, 4318572.443, 110
Trd, 4318572.943, 108
Trd, 4318574.893, 112
Trd, 4318575.393, 92
Trd, 4318575.493, 87
Trd, 4318577.943, 118
Trd, 4318578.543, 137
Trd, 4318578.693, 93
Trd, 4318579.293, 89
Trd, 4318579.443, 112
Trd, 4318580.743, 123
Trd, 4318581.093, 107
Trd, 4318581.443, 110
Trd, 4318581.943, 88
Trd, 4318586.043, 111
Trd, 4318587.293, 86
Trd, 4318587.493, 95
Trd, 4318587.593, 73
Trd, 4318588.293, 110
Trd, 4318588.393, 107
Trd, 4318589.393, 120
Trd, 4318591.243, 138
Trd, 4318592.393, 115
Trd, 4318593.743, 88
Trd, 4318594.093, 104
Trd, 4318594.393, 69
Trd, 4318594.693, 104
Trd, 4318595.543, 120
Trd, 4318596.943, 140
Trd, 4318596.993, 100
Trd, 4318597.193, 91
Trd, 4318598.793, 85
Trd, 4318598.943, 76
Trd, 4318600.393, 140
Trd, 4318600.643, 93
Trd, 4318602.843, 126
Trd, 4318604.293, 102
Trd, 4318604.793, 98
Trd, 4318606.993, 97
Trd, 4318607.543, 114
Trd, 4318608.393, 125
Trd, 4318610.043, 96
Trd, 4318610.293, 82
Trd, 4318610.593, 87
Trd, 4318612.193, 139
Trd, 4318613.393, 93
Trd, 4318613.593, 139
Trd, 4318615.243, 85
Trd, 4318615.443, 94
Trd, 4318615.793, 139
Trd, 4318617.293, 121
Trd, 4318617.893, 96
Trd, 4318618.993, 114
Trd, 4318620.343, 94
Trd, 4318620.443, 83
Trd, 4318621.693, 80
Trd, 4318623.093, 64
Trd, 4318623.143, 82
Trd, 4318623.443, 82
Trd, 4318623.743, 140
Trd, 4318625.843, 140
Trd, 4318625.893, 112
Trd, 4318628.693, 97
Trd, 4318629.093, 106
Trd, 4318629.443, 112
Trd, 4318630.793, 124
Trd, 4318632.393, 139
Trd, 4318632.593, 106
Trd, 4318633.843, 89
Trd, 4318634.493, 84
Trd, 4318634.593, 127
Trd, 4318636.493, 128
Trd, 4318637.293, 69
Trd, 4318638.443, 81
Trd, 4318639.143, 96
Trd, 4318639.543, 88
Trd, 4318639.743, 133
Trd, 4318640.743, 104
Trd, 4318641.343, 127
Trd, 4318641.593, 99
Trd, 4318642.143, 88
Trd, 4318642.893, 112
Trd, 4318643.393, 96
Trd, 4318644.393, 116
Trd, 4318645.793, 122
Trd, 4318646.343, 136
Trd, 4318647.293, 112
Trd, 4318647.343, 108
Trd, 4318647.443, 81
Trd, 4318648.393, 79
Trd, 4318650.193, 140
Trd, 4318652.243, 103
Trd, 4318652.893, 137
Trd, 4318655.093, 133
Trd, 4318655.393, 121
Trd, 4318655.743, 115
Trd, 4318657.593, 95
Trd, 4318657.693, 91
Trd, 4318658.193, 131
Trd, 4318658.693, 96
Trd, 4318660.043, 93
Trd, 4318660.193, 110
Trd, 4318661.193, 109
Trd, 4318661.393, 90
Trd, 4318661.793, 78
Trd, 4318662.143, 72
Trd, 4318662.843, 120
Trd, 4318663.643, 115
Trd, 4318664.693, 134
Trd, 4318664.793, 113
Trd, 4318665.543, 138
Trd, 4318666.543, 128
Trd, 4318668.443, 130
Trd, 4318669.193, 112
Trd, 4318670.043, 117
Trd, 4318670.343, 92
Trd, 4318671.343, 110
Trd, 4318671.443, 123
Trd, 4318672.893, 108
Trd, 4318673.093, 114
Trd, 4318673.493, 119
Trd, 4318673.593, 106
Trd, 4318675.043, 100
Trd, 4318675.943, 95
Trd, 4318676.493, 140
Trd, 4318676.693, 115
Trd, 4318677.843, 125
Trd, 4318678.443, 124
Trd, 4318679.493, 128
Trd, 4318680.693, 131
Trd, 4318680.743, 124
Trd, 4318681.043, 98
Trd, 4318683.293, 96
Trd, 4318684.193, 93
Trd, 4318684.593, 137
Trd, 4318686.093, 106
Trd, 4318686.143, 85
Trd, 4318688.193, 139
Trd, 4318688.343, 133
Trd, 4318689.143, 134
Trd, 4318691.493, 98
Trd, 4318691.643, 136
Trd, 4318692.343, 100
Trd, 4318693.793, 92
Trd, 4318695.243, 119
Trd, 4318695.843, 131
Trd, 4318696.143, 118
Trd, 4318697.743, 70
Trd, 4318698.393, 86
Trd, 4318698.493, 102
Trd, 4318698.993, 101
Trd, 4318699.693, 129
Trd, 4318700.693, 81
Trd, 4318701.293, 109
Trd, 4318702.043, 94
Trd, 4318703.443, 104
Trd, 4318705.043, 84
Trd, 4318705.643, 75
Trd, 4318706.443, 80
Trd, 4318707.143, 87
Trd, 4318707.193, 95
Trd, 4318708.643, 125
Trd, 4318708.743, 131
Trd, 4318708.843, 114
Trd, 4318709.843, 110
Trd, 4318711.193, 122
Trd, 4318711.743, 139
Trd, 4318712.143, 91
Trd, 4318712.543, 90
Trd, 4318713.443, 107
Trd, 4318714.193, 121
Trd, 4318715.193, 97
Trd, 4318717.393, 86
Trd, 4318717.543, 94
Trd, 4318718.293, 98
Trd, 4318720.093, 130
Trd, 4318720.343, 113
Trd, 4318720.393, 105
Trd, 4318721.143, 138
Trd, 4318721.193, 103
Trd, 4318722.443, 125
Trd, 4318723.143, 111
Trd, 4318724.493, 99
Trd, 4318724.993, 95
Trd, 4318726.043, 109
Trd, 4318727.043, 126
Trd, 4318727.643, 123
Trd, 4318728.693, 99
Trd, 4318729.043, 93
Trd, 4318729.593, 112
Trd, 4318729.943, 76
Trd, 4318731.743, 112
Trd, 4318731.793, 103
Trd, 4318731.843, 80
Trd, 4318733.793, 107
Trd, 4318734.893, 98
Trd, 4318735.193, 102
Trd, 4318735.243, 83
Trd, 4318735.443, 78
Trd, 4318736.343, 96
Trd, 4318737.493, 122
Trd, 4318737.543, 118
Trd, 4318739.243, 129
Trd, 4318741.243, 107
Trd, 4318741.543, 100
Trd, 4318741.943, 86
Trd, 4318742.293, 60
Trd, 4318742.843, 96
Trd, 4318743.243, 134
Trd, 4318743.293, 91
Trd, 4318744.493, 74
Trd, 4318745.843, 98
Trd, 4318746.843, 103
Trd, 4318746.893, 96
Trd, 4318748.043, 100
Trd, 4318748.693, 109
Trd, 4318748.993, 109
Trd, 4318749.443, 97
Trd, 4318749.793, 94
Trd, 4318750.543, 123
Trd, 4318751.843, 115
Trd, 4318752.893, 124
Trd, 4318752.943, 106
Trd, 4318753.493, 126
Trd, 4318753.593, 68
Trd, 4318753.643, 100
Trd, 4318754.943, 109
Trd, 4318756.193, 122
Trd, 4318757.043, 119
Trd, 4318757.493, 90
Trd, 4318758.143, 95
Trd, 4318758.593, 96
Trd, 4318759.193, 87
Trd, 4318760.343, 106
Trd, 4318760.943, 102
Trd, 4318763.343, 134
Trd, 4318763.693, 133
Trd, 4318764.143, 93
Trd, 4318764.743, 93
Trd, 4318766.943, 97
Trd, 4318767.343, 96
Trd, 4318767.543, 91
Trd, 4318769.343, 75
Trd, 4318771.093, 137
Trd, 4318771.643, 128
Trd, 4318771.793, 126
Trd, 4318772.893, 127
Trd, 4318774.943, 122
Trd, 4318775.143, 125
Trd, 4318776.193, 115
Trd, 4318776.943, 86
Trd, 4318777.343, 101
Trd, 4318777.543, 69
Trd, 4318777.643, 105
Trd, 4318779.593, 80
Trd, 4318779.793, 94
Trd, 4318780.543, 109
Trd, 4318780.993, 140
Trd, 4318781.143, 102
Trd, 4318781.793, 105
Trd, 4318782.243, 73
Trd, 4318782.543, 122
Trd, 4318784.143, 78
Trd, 4318786.193, 71
Trd, 4318786.243, 107
Trd, 4318786.643, 132
Trd, 4318787.293, 105
Trd, 4318787.743, 117
Trd, 4318790.443, 137
Trd, 4318790.743, 133
Trd, 4318791.043, 114
Trd, 4318793.043, 117
Trd, 4318793.543, 107
Trd, 4318793.893, 75
Trd, 4318795.743, 136
Trd, 4318795.793, 121
Trd, 4318796.643, 85
Trd, 4318798.643, 81
Trd, 4318798.843, 79
Trd, 4318799.543, 96
Trd, 4318800.593, 105
Trd, 4318801.643, 112
Trd, 4318801.893, 133
Trd, 4318802.493, 100
Trd, 4318802.943, 95
Trd, 4318804.393, 113
Trd, 4318804.993, 134
Trd, 4318805.343, 134
Trd, 4318805.643, 119
Trd, 4318806.143, 111
Trd, 4318807.143, 75
Trd, 4318809.793, 121
Trd, 4318809.843, 98
Trd, 4318810.093, 87
Trd, 4318810.543, 83
Trd, 4318812.093, 74
Trd, 4318812.693, 83
Trd, 4318813.243, 82
Trd, 4318813.293, 97
Trd, 4318813.343, 67
Trd, 4318814.543, 128
Trd, 4318817.543, 104
Trd, 4318817.793, 114
Trd, 4318818.293, 103
Trd, 4318818.493, 92
Trd, 4318818.893, 87
Trd, 4318819.643, 99
Trd, 4318820.293, 140
Trd, 4318820.893, 137
Trd, 4318821.193, 81
Trd, 4318824.143, 134
Trd, 4318825.443, 138
Trd, 4318826.543, 124
Trd, 4318827.693, 119
Trd, 4318828.593, 88
Trd, 4318828.993, 80
Trd, 4318830.143, 128
Trd, 4318830.843, 101
Trd, 4318831.043, 100
Trd, 4318831.143, 67
Trd, 4318832.043, 126
Trd, 4318832.443, 121
Trd, 4318833.693, 126
Trd, 4318835.093, 139
Trd, 4318835.593, 117
Trd, 4318835.943, 109
Trd, 4318837.643, 99
Trd, 4318837.893, 96
Trd, 4318838.943, 77
Trd, 4318839.493, 88
Trd, 4318841.043, 120
Trd, 4318841.843, 67
Trd, 4318842.343, 78
Trd, 4318842.743, 116
Trd, 4318843.793, 108
Trd, 4318844.843, 104
Trd, 4318847.893, 113
Trd, 4318848.543, 114
Trd, 4318849.093, 104
Trd, 4318849.793, 116
Trd, 4318850.343, 98
Trd, 4318852.493, 77
Trd, 4318853.843, 70
Trd, 4318854.443, 91
Trd, 4318854.543, 75
Trd, 4318854.743, 114
Trd, 4318854.993, 100
Trd, 4318855.743, 112
Trd, 4318856.593, 119
Trd, 4318857.893, 114
Trd, 4318858.293, 109
Trd, 4318858.843, 118
Trd, 4318860.343, 130
Trd, 4318860.943, 109
Trd, 4318861.293, 68
Trd, 4318862.143, 73
Trd, 4318862.743, 71
Trd, 4318863.193, 74
Trd, 4318863.693, 97
Trd, 4318864.193, 121
Trd, 4318864.493, 107
Trd, 4318865.643, 90
Trd, 4318866.843, 81
Trd, 4318867.443, 94
Trd, 4318869.043, 70
Trd, 4318870.293, 84
Trd, 4318871.643, 140
Trd, 4318872.343, 117
Trd, 4318872.493, 99
Trd, 4318872.643, 106
Trd, 4318873.693, 110
Trd, 4318875.193, 100
Trd, 4318875.643, 79
Trd, 4318876.293, 72
Trd, 4318877.693, 130
Trd, 4318878.793, 124
Trd, 4318878.843, 118
Trd, 4318878.893, 132
Trd, 4318879.493, 91
Trd, 4318879.643, 86
Trd, 4318880.643, 114
Trd, 4318882.743, 137
Trd, 4318882.843, 118
Trd, 4318882.893, 113
Trd, 4318883.193, 139
Trd, 4318884.043, 77
Trd, 4318884.993, 132
Trd, 4318885.143, 114
Trd, 4318886.843, 83
Trd, 4318887.643, 97
Trd, 4318888.443, 78
Trd, 4318889.143, 130
Trd, 4318889.393, 122
Trd, 4318890.793, 122
Trd, 4318891.143, 136
Trd, 4318891.893, 114
Trd, 4318892.543, 76
Trd, 4318893.093, 102
Trd, 4318893.293, 126
Trd, 4318896.593, 109
Trd, 4318897.543, 139
Trd, 4318897.943, 111
Trd, 4318898.093, 89
Trd, 4318899.543, 121
Trd, 4318899.843, 119
Trd, 4318900.793, 93
Trd, 4318902.093, 122
Trd, 4318902.843, 116
Trd, 4318904.193, 82
Trd, 4318905.193, 140
Trd, 4318905.243, 122
Trd, 4318905.843, 115
Trd, 4318905.893, 85
Trd, 4318906.343, 110
Trd, 4318906.893, 112
Trd, 4318908.493, 120
Trd, 4318909.243, 90
Trd, 4318909.843, 103
Trd, 4318910.493, 94
Trd, 4318911.293, 120
Trd, 4318911.743, 103
Trd, 4318911.993, 89
Trd, 4318912.693, 113
Trd, 4318913.343, 102
Trd, 4318913.443, 132
Trd, 4318915.893, 137
Trd, 4318916.343, 125
Trd, 4318917.743, 94
Trd, 4318918.093, 139
Trd, 4318919.293, 125
Trd, 4318919.643, 116
Trd, 4318920.243, 101
Trd, 4318921.493, 93
Trd, 4318921.643, 67
Trd, 4318922.843, 86
Trd, 4318923.693, 106
Trd, 4318924.593, 86
Trd, 4318925.393, 118
Trd, 4318926.543, 132
Trd, 4318927.643, 121
Trd, 4318927.743, 114
Trd, 4318929.743, 132
Trd, 4318929.843, 104
Trd, 4318930.443, 114
Trd, 4318931.093, 104
Trd, 4318932.593, 138
Trd, 4318933.443, 106
Trd, 4318934.393, 121
Trd, 4318935.143, 135
Trd, 4318935.293, 111
Trd, 4318935.643, 85
Trd, 4318937.843, 97
Trd, 4318938.143, 88
Trd, 4318939.093, 87
Trd, 4318940.693, 133
Trd, 4318940.743, 110
Trd, 4318940.893, 107
Trd, 4318941.693, 114
Trd, 4318943.343, 119
Trd, 4318943.643, 140
Trd, 4318943.993, 106
Trd, 4318945.243, 117
Trd, 4318945.493, 110
Trd, 4318945.893, 89
Trd, 4318948.193, 94
Trd, 4318949.443, 99
Trd, 4318949.693, 70
Trd, 4318950.143, 137
Trd, 4318950.393, 118
Trd, 4318950.543, 76
Trd, 4318951.443, 114
Trd, 4318952.943, 114
Trd, 4318953.643, 102
Trd, 4318954.243, 125
Trd, 4318954.993, 113
Trd, 4318955.393, 108
Trd, 4318955.993, 135
Trd, 4318956.893, 79
Trd, 4318957.243, 90
Trd, 4318957.643, 91
Trd, 4318958.893, 132
Trd, 4318958.943, 130
Trd, 4318960.043, 136
Trd, 4318960.943, 132
Trd, 4318961.043, 129
Trd, 4318962.043, 132
Trd, 4318963.193, 132
Trd, 4318963.593, 110
Trd, 4318964.943, 139
Trd, 4318965.893, 104
Trd, 4318967.743, 112
Trd, 4318968.993, 131
Trd, 4318969.643, 140
Trd, 4318970.743, 104
Trd, 4318971.243, 111
Trd, 4318971.743, 98
Trd, 4318972.093, 97
Trd, 4318972.343, 100
Trd, 4318974.393, 67
Trd, 4318974.943, 69
Trd, 4318976.543, 134
Trd, 4318976.943, 129
Trd, 4318977.543, 118
Trd, 4318979.543, 113
Trd, 4318980.143, 107
Trd, 4318981.943, 106
Trd, 4318982.743, 137
Trd, 4318983.593, 118
Trd, 4318984.143, 113
Trd, 4318984.393, 108
Trd, 4318985.243, 107
Trd, 4318985.793, 105
Trd, 4318986.143, 130
Trd, 4318986.793, 110
Trd, 4318988.193, 95
Trd, 4318988.543, 79
Trd, 4318988.593, 115
Trd, 4318989.493, 128
Trd, 4318990.243, 108
Trd, 4318990.643, 96
Trd, 4318991.393, 113
Trd, 4318991.643, 67
Trd, 4318991.943, 102
Trd, 4318993.093, 84
Trd, 4318994.743, 92
Trd, 4318997.293, 116
Trd, 4318997.593, 114
Trd, 4318997.893, 96
Trd, 4318998.393, 74
Trd, 4318998.793, 138
Trd, 4318999.293, 105
Trd, 4318999.793, 109
Trd, 4319000.843, 137
Trd, 4319002.593, 127
Trd, 4319005.193, 129
Trd, 4319005.343, 101
Trd, 4319006.393, 105
Trd, 4319006.943, 88
Trd, 4319007.943, 103
Trd, 4319008.193, 93
Trd, 4319009.193, 127
Trd, 4319009.493, 114
Trd, 4319009.993, 85
Trd, 4319010.243, 88
Trd, 4319010.693, 97
Trd, 4319011.243, 125
Trd, 4319011.893, 68
Trd, 4319011.993, 77
Trd, 4319014.193, 132
Trd, 4319014.293, 122
Trd, 4319014.393, 113
Trd, 4319015.893, 119
Trd, 4319016.393, 120
Trd, 4319017.443, 134
Trd, 4319017.493, 134
Trd, 4319019.893, 138
Trd, 4319020.593, 133
Trd, 4319020.893, 104
Trd, 4319021.443, 93
Trd, 4319021.793, 120
Trd, 4319022.043, 92
Trd, 4319022.143, 86
Trd, 4319023.293, 136
Trd, 4319024.293, 115
Trd, 4319024.593, 109
Trd, 4319024.793, 99
Trd, 4319024.843, 103
Trd, 4319026.093, 85
Trd, 4319026.893, 68
Trd, 4319028.093, 97
Trd, 4319029.443, 133
Trd, 4319030.893, 97
Trd, 4319031.143, 89
Trd, 4319031.443, 110
Trd, 4319031.693, 94
Trd, 4319033.993, 100
Trd, 4319036.193, 111
Trd, 4319036.793, 92
Trd, 4319036.993, 123
Trd, 4319037.993, 140
Trd, 4319038.093, 112
Trd, 4319038.693, 76
Trd, 4319039.093, 98
Trd, 4319040.193, 95
Trd, 4319041.193, 77
Trd, 4319041.593, 140
Trd, 4319042.193, 117
Trd, 4319044.593, 140
Trd, 4319044.843, 131
Trd, 4319044.893, 109
Trd, 4319046.643, 114
Trd, 4319046.893, 111
Trd, 4319047.243, 137
Trd, 4319047.393, 117
Trd, 4319048.043, 131
Trd, 4319048.943, 88
Trd, 4319049.893, 104
Trd, 4319050.493, 85
Trd, 4319052.143, 117
Trd, 4319052.593, 118
Trd, 4319053.243, 126
Trd, 4319053.743, 136
Trd, 4319054.943, 113
Trd, 4319055.293, 100
Trd, 4319056.293, 132
Trd, 4319056.843, 125
Trd, 4319058.193, 132
Trd, 4319059.593, 122
Trd, 4319060.793, 137
Trd, 4319061.693, 121
Trd, 4319061.893, 95
Trd, 4319062.093, 121
Trd, 4319062.243, 74
Trd, 4319063.643, 83
Trd, 4319064.043, 109
Trd, 4319064.693, 111
Trd, 4319065.793, 135
Trd, 4319066.193, 130
Trd, 4319066.543, 107
Trd, 4319067.493, 110
Trd, 4319067.643, 98
Trd, 4319068.193, 77
Trd, 4319069.243, 68
Trd, 4319069.793, 99
Trd, 4319070.893, 73
Trd, 4319071.993, 137
Trd, 4319073.593, 122
Trd, 4319074.893, 128
Trd, 4319075.293, 132
Trd, 4319076.293, 138
Trd, 4319077.293, 121
Trd, 4319078.143, 102
Trd, 4319079.143, 123
Trd, 4319080.893, 139
Trd, 4319081.443, 125
Trd, 4319081.543, 98
Trd, 4319082.343, 128
Trd, 4319083.143, 76
Trd, 4319083.193, 105
Trd, 4319083.943, 99
Trd, 4319084.243, 95
Trd, 4319084.443, 86
Trd, 4319084.543, 92
Trd, 4319086.343, 105
Trd, 4319087.193, 139
Trd, 4319088.793, 107
Trd, 4319089.693, 136
Trd, 4319091.043, 116
Trd, 4319091.293, 116
Trd, 4319091.643, 91
Trd, 4319092.693, 100
Trd, 4319093.393, 86
Trd, 4319093.643, 69
Trd, 4319095.043, 89
Trd, 4319095.093, 105
Trd, 4319096.393, 64
Trd, 4319096.793, 131
Trd, 4319097.693, 100
Trd, 4319098.143, 134
Trd, 4319098.243, 98
Trd, 4319101.393, 89
Trd, 4319102.093, 88
Trd, 4319102.393, 111
Trd, 4319102.693, 107
Trd, 4319103.343, 79
Trd, 4319104.343, 84
Trd, 4319104.693, 89
Trd, 4319106.243, 107
Trd, 4319106.343, 109
Trd, 4319107.943, 90
Trd, 4319109.093, 115
Trd, 4319109.843, 79
Trd, 4319110.393, 83
Trd, 4319110.993, 139
Trd, 4319112.043, 93
Trd, 4319113.243, 84
Trd, 4319113.443, 86
Trd, 4319114.543, 119
Trd, 4319114.943, 128
Trd, 4319115.743, 130
Trd, 4319115.893, 96
Trd, 4319117.343, 119
Trd, 4319117.843, 119
Trd, 4319118.293, 90
Trd, 4319119.643, 104
Trd, 4319119.843, 127
Trd, 4319120.093, 116
Trd, 4319120.293, 71
Trd, 4319121.093, 111
Trd, 4319123.243, 129
Trd, 4319123.343, 111
Trd, 4319124.693, 113
Trd, 4319125.993, 111
Trd, 4319126.193, 94
Trd, 4319126.743, 80
Trd, 4319127.843, 115
Trd, 4319128.193, 103
Trd, 4319128.893, 138
Trd, 4319129.093, 113
Trd, 4319129.643, 96
Trd, 4319130.993, 126
Trd, 4319131.943, 104
Trd, 4319133.693, 83
Trd, 4319134.343, 68
Trd, 4319135.993, 112
Trd, 4319136.943, 95
Trd, 4319137.943, 110
Trd, 4319138.693, 102
Trd, 4319138.893, 76
Trd, 4319138.943, 112
Trd, 4319139.943, 138
Trd, 4319140.393, 92
Trd, 4319141.943, 135
Trd, 4319142.043, 124
Trd, 4319142.343, 121
Trd, 4319144.743, 110
Trd, 4319145.093, 106
Trd, 4319145.243, 105
Trd, 4319145.343, 93
Trd, 4319147.193, 96
Trd, 4319147.343, 97
Trd, 4319148.043, 84
Trd, 4319149.343, 135
Trd, 4319150.043, 139
Trd, 4319150.893, 135
Trd, 4319151.193, 132
Trd, 4319151.693, 86
Trd, 4319153.893, 108
Trd, 4319155.893, 140
Trd, 4319155.993, 120
Trd, 4319157.093, 108
Trd, 4319157.343, 102
Trd, 4319158.243, 104
Trd, 4319159.093, 139
Trd, 4319159.543, 112
Trd, 4319160.443, 125
Trd, 4319162.543, 132
Trd, 4319162.743, 140
Trd, 4319164.443, 132
Trd, 4319164.543, 112
Trd, 4319165.793, 98
Trd, 4319165.893, 93
Trd, 4319167.393, 110
Trd, 4319168.693, 101
Trd, 4319169.243, 134
Trd, 4319170.143, 140
Trd, 4319170.193, 128
Trd, 4319171.093, 75
Trd, 4319171.393, 137
Trd, 4319171.443, 120
Trd, 4319172.993, 125
Trd, 4319174.243, 106
Trd, 4319176.043, 100
Trd, 4319176.393, 110
Trd, 4319177.893, 118
Trd, 4319177.993, 96
Trd, 4319178.593, 135
Trd, 4319179.193, 115
Trd, 4319180.043, 117
Trd, 4319180.393, 74
Trd, 4319181.093, 86
Trd, 4319181.943, 107
Trd, 4319183.893, 115
Trd, 4319184.043, 104
Trd, 4319184.993, 138
Trd, 4319185.693, 138
Trd, 4319186.243, 123
Trd, 4319187.443, 140
Trd, 4319187.593, 98
Trd, 4319189.443, 108
Trd, 4319191.143, 88
Trd, 4319192.143, 101
Trd, 4319192.543, 88
Trd, 4319193.043, 121
Trd, 4319193.943, 86
Trd, 4319194.893, 126
Trd, 4319195.043, 115
Trd, 4319196.643, 86
Trd, 4319196.893, 132
Trd, 4319198.343, 104
Trd, 4319199.143, 138
Trd, 4319201.793, 140
Trd, 4319201.893, 136
Trd, 4319202.193, 130
Trd, 4319202.793, 106
Trd, 4319203.443, 98
Trd, 4319203.893, 121
Trd, 4319205.543, 101
Trd, 4319207.293, 87
Trd, 4319207.643, 80
Trd, 4319209.093, 102
Trd, 4319209.193, 95
Trd, 4319209.693, 88
Trd, 4319210.093, 86
Trd, 4319211.643, 122
Trd, 4319211.693, 103
Trd, 4319211.743, 72
Trd, 4319212.493, 86
Trd, 4319213.393, 122
Trd, 4319214.193, 83
Trd, 4319214.343, 95
Trd, 4319215.343, 114
Trd, 4319217.093, 108
Trd, 4319218.093, 89
Trd, 4319219.743, 64
Trd, 4319220.643, 103
Trd, 4319221.393, 97
Trd, 4319221.743, 81
Trd, 4319222.743, 116
Trd, 4319222.793, 105
Trd, 4319223.893, 118
Trd, 4319224.943, 118
Trd, 4319225.193, 122
Trd, 4319225.743, 103
Trd, 4319227.193, 102
Trd, 4319228.593, 124
Trd, 4319228.893, 107
Trd, 4319229.793, 110
Trd, 4319230.793, 94
Trd, 4319230.893, 118
Trd, 4319232.593, 90
Trd, 4319232.743, 85
Trd, 4319233.543, 81
Trd, 4319233.743, 62
Trd, 4319234.843, 140
Trd, 4319235.293, 123
Trd, 4319236.843, 93
Trd, 4319238.193, 95
Trd, 4319240.093, 101
Trd, 4319240.343, 101
Trd, 4319241.643, 122
Trd, 4319242.043, 92
Trd, 4319243.043, 110
Trd, 4319243.443, 96
Trd, 4319245.143, 140
Trd, 4319246.143, 109
Trd, 4319246.693, 112
Trd, 4319246.743, 127
Trd, 4319246.843, 88
Trd, 4319247.943, 111
Trd, 4319248.243, 86
Trd, 4319250.443, 102
Trd, 4319251.243, 101
Trd, 4319251.543, 90
Trd, 4319251.943, 87
Trd, 4319253.243, 108
Trd, 4319253.943, 103
Trd, 4319254.843, 140
Trd, 4319255.393, 131
Trd, 4319256.143, 139
Trd, 4319256.193, 117
Trd, 4319257.343, 122
Trd, 4319257.793, 134
Trd, 4319258.543, 135
Trd, 4319259.893, 116
Trd, 4319260.443, 115
Trd, 4319260.693, 113
Trd, 4319261.543, 86
Trd, 4319261.993, 120
Trd, 4319262.743, 77
Trd, 4319263.043, 82
Trd, 4319263.693, 108
Trd, 4319264.393, 112
Trd, 4319265.743, 122
Trd, 4319266.743, 118
Trd, 4319267.393, 103
Trd, 4319267.593, 101
Trd, 4319268.393, 122
Trd, 4319269.143, 107
Trd, 4319269.193, 111
Trd, 4319270.093, 125
Trd, 4319270.193, 117
Trd, 4319270.693, 103
Trd, 4319271.493, 113
Trd, 4319271.893, 84
Trd, 4319271.993, 85
Trd, 4319273.693, 115
Trd, 4319276.093, 129
Trd, 4319276.193, 99
Trd, 4319276.543, 127
Trd, 4319276.793, 85
Trd, 4319277.093, 96
Trd, 4319277.593, 68
Trd, 4319278.093, 121
Trd, 4319279.643, 124
Trd, 4319279.743, 121
Trd, 4319279.893, 126
Trd, 4319281.393, 117
Trd, 4319281.993, 110
Trd, 4319282.993, 100
Trd, 4319283.293, 98
Trd, 4319284.343, 114
Trd, 4319285.593, 98
Trd, 4319285.943, 88
Trd, 4319286.793, 115
Trd, 4319287.193, 133
Trd, 4319288.293, 119
Trd, 4319288.343, 104
Trd, 4319288.693, 131
Trd, 4319290.193, 87
Trd, 4319290.943, 81
Trd, 4319292.543, 130
Trd, 4319293.143, 87
Trd, 4319293.843, 132
Trd, 4319293.893, 116
Trd, 4319294.893, 123
Trd, 4319295.693, 112
Trd, 4319295.993, 93
Trd, 4319296.293, 127
Trd, 4319296.943, 129
Trd, 4319299.093, 136
Trd, 4319299.293, 113
Trd, 4319299.643, 104
Trd, 4319300.043, 103
Trd, 4319300.893, 127
Trd, 4319301.693, 82
Trd, 4319302.393, 74
Trd, 4319303.543, 138
Trd, 4319305.893, 107
Trd, 4319306.193, 107
Trd, 4319307.143, 106
Trd, 4319307.293, 117
Trd, 4319307.393, 95
Trd, 4319308.943, 88
Trd, 4319309.143, 138
Trd, 4319309.243, 79
Trd, 4319310.643, 108
Trd, 4319310.943, 94
Trd, 4319312.243, 132
Trd, 4319312.393, 119
Trd, 4319312.443, 109
Trd, 4319315.393, 137
Trd, 4319315.793, 125
Trd, 4319316.243, 110
Trd, 4319316.343, 101
Trd, 4319317.743, 116
Trd, 4319319.393, 121
Trd, 4319319.543, 116
Trd, 4319319.843, 104
Trd, 4319321.393, 110
Trd, 4319322.593, 99
Trd, 4319322.643, 96
Trd, 4319323.043, 127
Trd, 4319323.193, 98
Trd, 4319323.243, 104
Trd, 4319323.543, 82
Trd, 4319324.643, 108
Trd, 4319326.093, 95
Trd, 4319326.193, 108
Trd, 4319327.393, 89
Trd, 4319327.993, 64
Trd, 4319329.443, 139
Trd, 4319329.643, 117
Trd, 4319330.393, 71
Trd, 4319330.743, 75
Trd, 4319331.643, 137
Trd, 4319333.293, 102
Trd, 4319333.843, 89
Trd, 4319335.543, 140
Trd, 4319335.593, 98
Trd, 4319335.893, 73
Trd, 4319336.893, 104
Trd, 4319338.443, 126
Trd, 4319338.493, 112
Trd, 4319338.993, 100
Trd, 4319341.793, 140
Trd, 4319341.843, 125
Trd, 4319342.943, 140
Trd, 4319343.793, 121
Trd, 4319344.593, 140
Trd, 4319345.793, 130
Trd, 4319347.193, 116
Trd, 4319347.293, 111
Trd, 4319348.393, 82
Trd, 4319348.593, 79
Trd, 4319348.893, 81
Trd, 4319349.543, 95
Trd, 4319350.543, 86
Trd, 4319351.643, 97
Trd, 4319352.693, 77
Trd, 4319353.093, 68
Trd, 4319353.343, 109
Trd, 4319354.343, 138
Trd, 4319355.043, 137
Trd, 4319355.743, 113
Trd, 4319356.993, 92
Trd, 4319359.343, 89
Trd, 4319359.993, 103
Trd, 4319360.093, 103
Trd, 4319360.993, 101
Trd, 4319362.043, 102
Trd, 4319362.193, 95
Trd, 4319362.393, 91
Trd, 4319362.893, 103
Trd, 4319362.993, 119
Trd, 4319364.043, 136
Trd, 4319365.243, 85
Trd, 4319365.293, 100
Trd, 4319367.743, 115
Trd, 4319367.993, 101
Trd, 4319368.343, 90
Trd, 4319368.543, 97
Trd, 4319370.893, 131
Trd, 4319370.993, 66
Trd, 4319371.493, 108
Trd, 4319371.793, 108
Trd, 4319372.343, 83
Trd, 4319374.543, 140
Trd, 4319375.343, 122
Trd, 4319375.843, 97
Trd, 4319375.993, 112
Trd, 4319376.293, 92
Trd, 4319378.643, 140
Trd, 4319378.793, 132
Trd, 4319379.493, 117
Trd, 4319379.843, 131
Trd, 4319380.243, 110
Trd, 4319382.243, 90
Trd, 4319382.993, 115
Trd, 4319383.893, 115
Trd, 4319384.143, 108
Trd, 4319384.343, 102
Trd, 4319385.143, 124
Trd, 4319386.043, 135
Trd, 4319387.043, 91
Trd, 4319387.743, 102
Trd, 4319388.893, 94
Trd, 4319388.943, 105
Trd, 4319389.643, 74
Trd, 4319390.143, 127
Trd, 4319390.543, 100
Trd, 4319390.943, 134
Trd, 4319391.243, 111
Trd, 4319392.443, 104
Trd, 4319394.393, 98
Trd, 4319395.193, 92
Trd, 4319395.343, 123
Trd, 4319395.393, 124
Trd, 4319396.793, 99
Trd, 4319397.343, 113
Trd, 4319398.893, 120
Trd, 4319399.293, 72
Trd, 4319400.193, 87
Trd, 4319401.343, 113
Trd, 4319401.843, 112
Trd, 4319403.243, 99
Trd, 4319403.593, 90
Trd, 4319403.843, 94
Trd, 4319406.493, 115
Trd, 4319406.793, 123
Trd, 4319407.993, 118
Trd, 4319408.193, 112
Trd, 4319409.243, 127
Trd, 4319409.893, 123
Trd, 4319410.593, 115
Trd, 4319410.643, 105
Trd, 4319410.943, 72
Trd, 4319412.343, 60
Trd, 4319413.293, 83
Trd, 4319413.943, 127
Trd, 4319414.493, 77
Trd, 4319414.893, 64
Trd, 4319415.343, 101
Trd, 4319415.993, 121
Trd, 4319417.543, 140
Trd, 4319417.943, 99
Trd, 4319418.643, 99
Trd, 4319419.543, 90
Trd, 4319420.343, 115
Trd, 4319420.443, 104
Trd, 4319421.643, 94
Trd, 4319421.993, 116
Trd, 4319422.093, 137
Trd, 4319423.193, 88
Trd, 4319424.193, 85
Trd, 4319425.293, 86
Trd, 4319425.793, 79
Trd, 4319426.443, 95
Trd, 4319427.043, 77
Trd, 4319427.893, 109
Trd, 4319427.943, 102
Trd, 4319428.543, 115
Trd, 4319428.643, 92
Trd, 4319429.043, 82
Trd, 4319431.993, 111
Trd, 4319432.293, 107
Trd, 4319432.443, 72
Trd, 4319433.143, 93
Trd, 4319434.393, 95
Trd, 4319434.793, 103
Trd, 4319435.143, 73
Trd, 4319437.093, 94
Trd, 4319437.143, 97
Trd, 4319438.443, 69
Trd, 4319439.543, 93
Trd, 4319439.893, 112
Trd, 4319440.943, 119
Trd, 4319442.293, 140
Trd, 4319442.343, 106
Trd, 4319442.993, 93
Trd, 4319444.043, 127
Trd, 4319444.293, 103
Trd, 4319444.893, 99
Trd, 4319445.493, 71
Trd, 4319446.093, 102
Trd, 4319447.443, 121
Trd, 4319448.393, 109
Trd, 4319448.493, 107
Trd, 4319448.693, 122
Trd, 4319449.593, 101
Trd, 4319450.543, 67
Trd, 4319450.793, 95
Trd, 4319452.293, 69
Trd, 4319452.693, 73
Trd, 4319453.643, 73
Trd, 4319453.893, 83
Trd, 4319454.443, 102
Trd, 4319455.693, 115
Trd, 4319455.943, 120
Trd, 4319456.743, 62
Trd, 4319458.193, 96
Trd, 4319458.643, 74
Trd, 4319458.743, 78
Trd, 4319460.393, 88
Trd, 4319460.943, 96
Trd, 4319463.093, 128
Trd, 4319463.243, 126
Trd, 4319463.493, 114
Trd, 4319463.843, 81
Trd, 4319464.093, 101
Trd, 4319466.443, 134
Trd, 4319468.343, 99
Trd, 4319469.293, 138
Trd, 4319469.343, 95
Trd, 4319470.943, 82
Trd, 4319471.543, 101
Trd, 4319471.743, 91
Trd, 4319472.093, 95
Trd, 4319472.193, 70
Trd, 4319473.593, 140
Trd, 4319473.993, 97
Trd, 4319476.093, 77
Trd, 4319476.293, 139
Trd, 4319478.693, 91
Trd, 4319479.393, 91
Trd, 4319480.393, 79
Trd, 4319481.743, 106
Trd, 4319482.693, 73
Trd, 4319482.793, 85
Trd, 4319483.043, 112
Trd, 4319484.193, 100
Trd, 4319484.993, 138
Trd, 4319485.093, 91
Trd, 4319487.193, 138
Trd, 4319488.193, 123
Trd, 4319488.293, 89
Trd, 4319490.943, 98
Trd, 4319490.993, 96
Trd, 4319491.543, 90
Trd, 4319491.593, 117
Trd, 4319491.793, 85
Trd, 4319492.493, 111
Trd, 4319495.043, 137
Trd, 4319495.343, 120
Trd, 4319495.793, 125
Trd, 4319496.243, 110
Trd, 4319497.393, 137
Trd, 4319498.093, 105
Trd, 4319498.143, 98
Trd, 4319499.343, 93
Trd, 4319500.893, 116
Trd, 4319501.293, 105
Trd, 4319501.493, 88
Trd, 4319501.743, 118
Trd, 4319502.993, 97
Trd, 4319504.243, 99
Trd, 4319505.143, 128
Trd, 4319506.143, 138
Trd, 4319506.593, 109
Trd, 4319508.693, 123
Trd, 4319508.793, 118
Trd, 4319509.393, 132
Trd, 4319509.993, 122
Trd, 4319510.193, 100
Trd, 4319511.493, 90
Trd, 4319514.043, 81
Trd, 4319514.243, 108
Trd, 4319514.293, 116
Trd, 4319514.643, 75
Trd, 4319514.793, 88
Trd, 4319515.093, 64
Trd, 4319517.093, 112
Trd, 4319518.193, 111
Trd, 4319519.143, 70
Trd, 4319519.943, 66
Trd, 4319520.243, 86
Trd, 4319520.293, 102
Trd, 4319520.743, 113
Trd, 4319521.543, 110
Trd, 4319521.893, 90
Trd, 4319523.543, 122
Trd, 4319525.143, 110
Trd, 4319525.743, 84
Trd, 4319527.543, 140
Trd, 4319529.643, 120
Trd, 4319530.293, 116
Trd, 4319530.793, 100
Trd, 4319531.243, 111
Trd, 4319531.643, 126
Trd, 4319532.143, 137
Trd, 4319532.593, 103
Trd, 4319533.593, 106
Trd, 4319533.743, 98
Trd, 4319534.043, 118
Trd, 4319535.543, 89
Trd, 4319535.843, 77
Trd, 4319535.893, 68
Trd, 4319536.393, 90
Trd, 4319538.043, 77
Trd, 4319539.043, 117
Trd, 4319541.293, 118
Trd, 4319541.593, 111
Trd, 4319542.843, 140
Trd, 4319543.193, 119
Trd, 4319544.643, 99
Trd, 4319545.793, 140
Trd, 4319545.993, 120
Trd, 4319549.643, 108
Trd, 4319549.843, 91
Trd, 4319550.043, 90
Trd, 4319550.543, 125
Trd, 4319553.393, 125
Trd, 4319553.543, 65
Trd, 4319554.043, 126
Trd, 4319555.893, 81
Trd, 4319559.493, 89
Trd, 4319559.593, 123
Trd, 4319560.243, 99
Trd, 4319560.743, 119
Trd, 4319561.043, 70
Trd, 4319561.143, 126
Trd, 4319561.593, 110
Trd, 4319562.093, 140
Trd, 4319563.243, 89
Trd, 4319563.493, 83
Trd, 4319565.343, 106
Trd, 4319565.743, 119
Trd, 4319568.843, 119
Trd, 4319569.093, 130
Trd, 4319570.843, 109
Trd, 4319570.893, 119
Trd, 4319572.143, 92
Trd, 4319572.593, 124
Trd, 4319573.443, 132
Trd, 4319573.643, 114
Trd, 4319573.943, 81
Trd, 4319575.293, 139
Trd, 4319575.443, 115
Trd, 4319576.743, 121
Trd, 4319577.493, 95
Trd, 4319577.693, 107
Trd, 4319578.193, 87
Trd, 4319578.643, 83
Trd, 4319579.193, 92
Trd, 4319580.943, 118
Trd, 4319581.343, 123
Trd, 4319582.393, 62
Trd, 4319582.793, 62
Trd, 4319583.093, 63
Trd, 4319583.343, 82
Trd, 4319585.343, 78
Trd, 4319586.393, 61
Trd, 4319586.643, 111
Trd, 4319587.243, 98
Trd, 4319587.393, 85
Trd, 4319588.043, 140
Trd, 4319588.393, 134
Trd, 4319589.293, 111
Trd, 4319589.443, 92
Trd, 4319590.343, 68
Trd, 4319591.793, 140
Trd, 4319592.743, 137
Trd, 4319594.243, 136
Trd, 4319594.793, 106
Trd, 4319596.093, 139
Trd, 4319596.543, 105
Trd, 4319597.393, 117
Trd, 4319598.193, 122
Trd, 4319598.743, 101
Trd, 4319599.043, 139
Trd, 4319600.243, 112
Trd, 4319601.143, 136
Trd, 4319602.343, 131
Trd, 4319602.493, 90
Trd, 4319603.743, 93
Trd, 4319604.993, 79
Trd, 4319605.593, 89
Trd, 4319606.593, 123
Trd, 4319607.093, 99
Trd, 4319607.393, 140
Trd, 4319607.743, 71
Trd, 4319608.843, 94
Trd, 4319608.893, 111
Trd, 4319609.893, 139
Trd, 4319610.193, 124
Trd, 4319611.543, 89
Trd, 4319612.243, 79
Trd, 4319612.293, 72
Trd, 4319613.393, 129
Trd, 4319613.493, 92
Trd, 4319613.693, 115
Trd, 4319615.943, 86
Trd, 4319616.193, 67
Trd, 4319616.493, 112
Trd, 4319618.193, 118
Trd, 4319620.393, 99
Trd, 4319621.143, 135
Trd, 4319621.243, 107
Trd, 4319621.943, 83
Trd, 4319622.193, 66
Trd, 4319623.643, 106
Trd, 4319624.843, 99
Trd, 4319625.743, 101
Trd, 4319627.243, 87
Trd, 4319627.343, 83
Trd, 4319627.943, 129
Trd, 4319629.093, 126
Trd, 4319629.793, 87
Trd, 4319629.843, 89
Trd, 4319630.893, 136
Trd, 4319633.193, 137
Trd, 4319633.243, 127
Trd, 4319633.993, 137
Trd, 4319635.443, 112
Trd, 4319635.543, 111
Trd, 4319635.693, 78
Trd, 4319638.343, 81
Trd, 4319638.493, 86
Trd, 4319639.443, 89
Trd, 4319639.793, 84
Trd, 4319639.943, 100
Trd, 4319640.893, 71
Trd, 4319642.093, 82
Trd, 4319642.893, 87
Trd, 4319643.043, 76
Trd, 4319645.043, 129
Trd, 4319645.793, 61
Trd, 4319646.393, 119
Trd, 4319647.293, 70
Trd, 4319647.343, 79
Trd, 4319648.543, 116
Trd, 4319649.143, 114
Trd, 4319650.343, 108
Trd, 4319650.443, 115
Trd, 4319650.843, 72
Trd, 4319651.443, 70
Trd, 4319652.093, 100
Trd, 4319652.893, 104
Trd, 4319652.943, 96
Trd, 4319654.493, 123
Trd, 4319655.793, 140
Trd, 4319656.043, 127
Trd, 4319658.093, 127
Trd, 4319658.843, 102
Trd, 4319659.493, 89
Trd, 4319661.143, 114
Trd, 4319662.043, 138
Trd, 4319662.693, 109
Trd, 4319663.643, 116
Trd, 4319664.243, 98
Trd, 4319665.543, 87
Trd, 4319666.993, 120
Trd, 4319667.293, 99
Trd, 4319667.443, 73
Trd, 4319668.393, 62
Trd, 4319668.843, 75
Trd, 4319669.693, 117
Trd, 4319670.393, 89
Trd, 4319670.643, 96
Trd, 4319671.793, 89
Trd, 4319672.043, 68
Trd, 4319674.993, 110
Trd, 4319675.393, 106
Trd, 4319676.743, 101
Trd, 4319677.293, 84
Trd, 4319678.843, 99
Trd, 4319679.343, 84
Trd, 4319680.293, 84
Trd, 4319680.443, 89
Trd, 4319682.293, 86
Trd, 4319683.143, 108
Trd, 4319683.243, 131
Trd, 4319684.293, 130
Trd, 4319684.543, 112
Trd, 4319684.893, 111
Trd, 4319686.343, 135
Trd, 4319687.643, 82
Trd, 4319688.593, 110
Trd, 4319688.843, 72
Trd, 4319690.493, 102
Trd, 4319690.543, 110
Trd, 4319690.893, 83
Trd, 4319691.243, 86
Trd, 4319692.143, 87
Trd, 4319692.693, 109
Trd, 4319693.493, 82
Trd, 4319695.143, 139
Trd, 4319695.793, 116
Trd, 4319695.843, 101
Trd, 4319696.743, 138
Trd, 4319698.743, 114
Trd, 4319698.793, 102
Trd, 4319699.693, 117
Trd, 4319699.943, 120
Trd, 4319701.793, 101
Trd, 4319703.443, 76
Trd, 4319703.743, 96
Trd, 4319704.343, 113
Trd, 4319704.543, 94
Trd, 4319705.043, 114
Trd, 4319705.593, 128
Trd, 4319706.593, 129
Trd, 4319706.893, 128
Trd, 4319708.443, 104
Trd, 4319708.743, 110
Trd, 4319709.993, 113
Trd, 4319711.643, 110
Trd, 4319712.393, 114
Trd, 4319712.843, 102
Trd, 4319712.993, 129
Trd, 4319713.093, 72
Trd, 4319714.393, 107
Trd, 4319714.643, 130
Trd, 4319714.943, 138
Trd, 4319715.093, 104
Trd, 4319716.343, 131
Trd, 4319717.693, 129
Trd, 4319717.993, 113
Trd, 4319718.493, 120
Trd, 4319719.543, 100
Trd, 4319720.743, 130
Trd, 4319721.193, 101
Trd, 4319721.343, 135
Trd, 4319721.943, 121
Trd, 4319722.043, 119
Trd, 4319723.893, 108
Trd, 4319724.293, 107
Trd, 4319724.643, 117
Trd, 4319725.043, 76
Trd, 4319725.743, 121
Trd, 4319726.043, 140
Trd, 4319726.993, 95
Trd, 4319727.393, 103
Trd, 4319729.243, 116
Trd, 4319729.693, 80
Trd, 4319730.743, 97
Trd, 4319731.343, 85
Trd, 4319732.193, 73
Trd, 4319732.743, 120
Trd, 4319732.793, 89
Trd, 4319733.693, 113
Trd, 4319734.293, 100
Trd, 4319735.493, 126
Trd, 4319735.843, 115
Trd, 4319735.993, 94
Trd, 4319737.293, 139
Trd, 4319738.743, 123
Trd, 4319739.593, 130
Trd, 4319740.343, 95
Trd, 4319740.743, 97
Trd, 4319741.893, 72
Trd, 4319742.693, 103
Trd, 4319743.543, 104
Trd, 4319744.593, 129
Trd, 4319744.693, 123
Trd, 4319746.993, 129
Trd, 4319747.143, 121
Trd, 4319748.543, 81
Trd, 4319748.993, 95
Trd, 4319749.543, 115
Trd, 4319750.443, 94
Trd, 4319751.493, 134
Trd, 4319751.843, 88
Trd, 4319752.893, 92
Trd, 4319753.843, 107
Trd, 4319754.743, 99
Trd, 4319755.243, 101
Trd, 4319756.393, 140
Trd, 4319757.543, 91
Trd, 4319758.843, 101
Trd, 4319760.093, 90
Trd, 4319760.943, 110
Trd, 4319761.143, 114
Trd, 4319761.743, 89
Trd, 4319763.493, 114
Trd, 4319763.743, 80
Trd, 4319764.993, 89
Trd, 4319765.293, 140
Trd, 4319766.143, 91
Trd, 4319768.693, 108
Trd, 4319769.393, 115
Trd, 4319770.443, 132
Trd, 4319770.493, 129
Trd, 4319770.543, 127
Trd, 4319770.943, 119
Trd, 4319771.043, 104
Trd, 4319772.193, 135
Trd, 4319772.243, 105
Trd, 4319773.193, 123
Trd, 4319775.293, 134
Trd, 4319776.143, 110
Trd, 4319776.543, 113
Trd, 4319776.893, 106
Trd, 4319779.293, 103
Trd, 4319780.243, 104
Trd, 4319780.943, 138
Trd, 4319782.593, 109
Trd, 4319783.043, 129
Trd, 4319783.593, 128
Trd, 4319783.893, 87
Trd, 4319785.393, 76
Trd, 4319785.793, 82
Trd, 4319787.793, 120
Trd, 4319788.193, 129
Trd, 4319788.393, 89
Trd, 4319789.643, 103
Trd, 4319790.943, 87
Trd, 4319791.043, 79
Trd, 4319791.943, 88
Trd, 4319793.393, 104
Trd, 4319796.043, 140
Trd, 4319796.343, 112
Trd, 4319796.743, 109
Trd, 4319798.143, 109
Trd, 4319798.293, 81
Trd, 4319798.743, 133
Trd, 4319799.893, 88
Trd, 4319800.293, 137
Trd, 4319800.493, 91
Trd, 4319801.193, 70
Trd, 4319801.593, 131
Trd, 4319802.043, 113
Trd, 4319802.793, 139
Trd, 4319803.743, 92
Trd, 4319803.793, 101
Trd, 4319803.993, 111
Trd, 4319804.843, 84
Trd, 4319806.093, 97
Trd, 4319808.193, 110
Trd, 4319809.693, 103
Trd, 4319809.943, 98
Trd, 4319811.093, 130
Trd, 4319814.143, 140
Trd, 4319814.393, 130
Trd, 4319814.793, 101
Trd, 4319815.243, 75
Trd, 4319815.743, 93
Trd, 4319817.043, 129
Trd, 4319817.643, 128
Trd, 4319818.643, 132
Trd, 4319818.943, 122
Trd, 4319819.293, 99
Trd, 4319820.843, 105
Trd, 4319822.243, 94
Trd, 4319822.493, 74
Trd, 4319824.293, 114
Trd, 4319824.843, 138
Trd, 4319825.343, 89
Trd, 4319825.943, 115
Trd, 4319826.593, 121
Trd, 4319827.843, 95
Trd, 4319827.943, 120
Trd, 4319828.843, 85
Trd, 4319829.493, 73
Trd, 4319830.793, 138
Trd, 4319830.843, 121
Trd, 4319831.243, 108
Trd, 4319831.493, 72
Trd, 4319832.043, 89
Trd, 4319832.793, 100
Trd, 4319833.093, 119
Trd, 4319836.043, 138
Trd, 4319837.193, 126
Trd, 4319837.343, 96
Trd, 4319838.243, 116
Trd, 4319838.393, 88
Trd, 4319838.543, 117
Trd, 4319840.043, 110
Trd, 4319842.243, 121
Trd, 4319842.293, 94
Trd, 4319843.643, 115
Trd, 4319844.093, 117
Trd, 4319844.393, 134
Trd, 4319844.993, 90
Trd, 4319846.593, 86
Trd, 4319846.893, 140
Trd, 4319847.443, 78
Trd, 4319848.743, 122
Trd, 4319850.893, 140
Trd, 4319851.593, 110
Trd, 4319851.743, 131
Trd, 4319851.793, 91
Trd, 4319853.243, 115
Trd, 4319854.393, 111
Trd, 4319855.893, 134
Trd, 4319855.943, 105
Trd, 4319857.193, 139
Trd, 4319857.293, 83
Trd, 4319858.593, 134
Trd, 4319858.843, 106
Trd, 4319859.193, 102
Trd, 4319859.843, 111
Trd, 4319860.743, 109
Trd, 4319861.343, 140
Trd, 4319863.493, 102
Trd, 4319863.993, 79
Trd, 4319864.043, 90
Trd, 4319864.793, 135
Trd, 4319866.043, 90
Trd, 4319866.493, 135
Trd, 4319866.793, 104
Trd, 4319867.643, 89
Trd, 4319868.093, 86
Trd, 4319869.643, 100
Trd, 4319870.943, 139
Trd, 4319871.043, 130
Trd, 4319873.243, 116
Trd, 4319873.493, 133
Trd, 4319874.043, 140
Trd, 4319874.943, 127
Trd, 4319875.843, 119
Trd, 4319875.993, 97
Trd, 4319876.493, 95
Trd, 4319877.093, 76
Trd, 4319877.443, 80
Trd, 4319877.743, 83
Trd, 4319878.093, 93
Trd, 4319880.593, 101
Trd, 4319880.993, 104
Trd, 4319881.293, 96
Trd, 4319882.793, 115
Trd, 4319883.193, 79
Trd, 4319883.793, 84
Trd, 4319884.843, 100
Trd, 4319885.393, 103
Trd, 4319885.693, 92
Trd, 4319886.693, 79
Trd, 4319888.393, 95
Trd, 4319888.493, 115
Trd, 4319889.943, 138
Trd, 4319891.243, 134
Trd, 4319892.443, 92
Trd, 4319892.843, 83
Trd, 4319892.893, 82
Trd, 4319893.643, 68
Trd, 4319894.293, 79
Trd, 4319894.793, 83
Trd, 4319895.143, 76
Trd, 4319895.293, 105
Trd, 4319896.093, 80
Trd, 4319896.943, 87
Trd, 4319897.493, 139
Trd, 4319899.443, 103
Trd, 4319900.543, 88
Trd, 4319901.493, 90
Trd, 4319901.843, 92
Trd, 4319901.943, 67
Trd, 4319903.593, 100
Trd, 4319905.143, 92
Trd, 4319906.343, 137
Trd, 4319908.293, 123
Trd, 4319908.493, 108
Trd, 4319909.593, 112
Trd, 4319909.943, 127
Trd, 4319911.143, 121
Trd, 4319911.993, 109
Trd, 4319912.693, 98
Trd, 4319913.493, 95
Trd, 4319914.043, 140
Trd, 4319914.243, 132
Trd, 4319915.843, 130
Trd, 4319916.943, 94
Trd, 4319917.743, 111
Trd, 4319918.143, 93
Trd, 4319918.443, 94
Trd, 4319919.093, 105
Trd, 4319919.543, 86
Trd, 4319920.943, 71
Trd, 4319921.743, 87
Trd, 4319921.843, 92
Trd, 4319922.493, 88
Trd, 4319923.243, 105
Trd, 4319923.643, 132
Trd, 4319926.593, 140
Trd, 4319926.643, 111
Trd, 4319927.243, 87
Trd, 4319927.593, 115
Trd, 4319929.693, 107
Trd, 4319930.543, 112
Trd, 4319930.693, 124
Trd, 4319930.893, 102
Trd, 4319931.843, 106
Trd, 4319932.543, 128
Trd, 4319933.193, 101
Trd, 4319933.893, 101
Trd, 4319934.843, 129
Trd, 4319935.643, 123
Trd, 4319935.943, 94
Trd, 4319936.843, 74
Trd, 4319936.893, 91
Trd, 4319937.943, 108
Trd, 4319938.793, 115
Trd, 4319939.293, 111
Trd, 4319940.743, 115
Trd, 4319941.843, 128
Trd, 4319942.793, 122
Trd, 4319943.043, 89
Trd, 4319943.793, 122
Trd, 4319944.043, 103
Trd, 4319945.193, 139
Trd, 4319946.993, 121
Trd, 4319947.343, 98
Trd, 4319947.643, 81
Trd, 4319948.243, 116
Trd, 4319949.743, 112
Trd, 4319950.193, 124
Trd, 4319951.943, 135
Trd, 4319952.793, 99
Trd, 4319953.143, 102
Trd, 4319955.693, 88
Trd, 4319956.393, 92
Trd, 4319957.643, 71
Trd, 4319958.093, 87
Trd, 4319959.043, 139
Trd, 4319959.743, 110
Trd, 4319960.443, 123
Trd, 4319961.093, 78
Trd, 4319961.693, 138
Trd, 4319963.593, 117
Trd, 4319963.993, 136
Trd, 4319964.293, 78
Trd, 4319966.043, 123
Trd, 4319967.293, 106
Trd, 4319968.393, 77
Trd, 4319968.643, 76
Trd, 4319969.143, 78
Trd, 4319969.693, 118
Trd, 4319970.293, 105
Trd, 4319971.643, 126
Trd, 4319972.343, 138
Trd, 4319972.593, 103
Trd, 4319974.643, 134
Trd, 4319975.443, 119
Trd, 4319975.643, 94
Trd, 4319975.993, 85
Trd, 4319977.343, 93
Trd, 4319977.743, 97
Trd, 4319978.293, 140
Trd, 4319979.593, 126
Trd, 4319980.043, 119
Trd, 4319980.343, 120
Trd, 4319981.493, 74
Trd, 4319983.343, 119
Trd, 4319983.393, 128
Trd, 4319983.743, 92
Trd, 4319984.343, 119
Trd, 4319985.543, 90
Trd, 4319985.993, 80
Trd, 4319986.893, 134
Trd, 4319987.043, 86
Trd, 4319988.193, 98
Trd, 4319989.143, 92
Trd, 4319989.393, 98
Trd, 4319991.543, 63
Trd, 4319991.793, 97
Trd, 4319993.243, 113
Trd, 4319993.443, 91
Trd, 4319993.493, 128
Trd, 4319994.543, 122
Trd, 4319994.693, 80
Trd, 4319996.693, 132
Trd, 4319996.943, 127
Trd, 4319998.493, 111
Trd, 4319999.593, 130
Trd, 4319999.793, 102
