Trd, 4318047.743, 140
Trd, 4318048.043, 140
Trd, 4318048.293, 140
Trd, 4318048.693, 127
Trd, 4318048.943, 100
Trd, 4318050.743, 140
Trd, 4318051.893, 140
Trd, 4318052.893, 140
Trd, 4318053.393, 140
Trd, 4318053.743, 140
Trd, 4318054.693, 140
Trd, 4318054.843, 140
Trd, 4318055.493, 119
Trd, 4318057.043, 140
Trd, 4318057.393, 129
Trd, 4318057.943, 124
Trd, 4318059.743, 129
Trd, 4318060.093, 131
Trd, 4318060.493, 126
Trd, 4318060.893, 131
Trd, 4318062.843, 140
Trd, 4318064.393, 140
Trd, 4318065.543, 140
Trd, 4318065.593, 140
Trd, 4318067.793, 139
Trd, 4318067.993, 136
Trd, 4318068.143, 134
Trd, 4318068.193, 133
Trd, 4318068.393, 113
Trd, 4318069.793, 123
Trd, 4318072.093, 140
Trd, 4318072.893, 140
Trd, 4318073.443, 140
Trd, 4318074.093, 140
Trd, 4318075.943, 140
Trd, 4318076.093, 140
Trd, 4318077.243, 140
Trd, 4318078.293, 140
Trd, 4318080.543, 140
Trd, 4318081.143, 140
Trd, 4318081.743, 140
Trd, 4318082.543, 140
Trd, 4318082.643, 140
Trd, 4318082.943, 140
Trd, 4318083.143, 140
Trd, 4318084.243, 140
Trd, 4318084.593, 140
Trd, 4318085.693, 140
Trd, 4318087.493, 140
Trd, 4318088.543, 140
Trd, 4318088.593, 140
Trd, 4318088.743, 140
Trd, 4318089.993, 137
Trd, 4318093.393, 140
Trd, 4318093.843, 140
Trd, 4318094.543, 140
Trd, 4318094.743, 140
Trd, 4318094.893, 140
Trd, 4318095.093, 140
Trd, 4318096.443, 140
Trd, 4318097.243, 140
Trd, 4318097.793, 140
Trd, 4318098.093, 140
Trd, 4318099.243, 139
Trd, 4318099.443, 111
Trd, 4318099.693, 113
Trd, 4318100.793, 119
Trd, 4318101.443, 101
Trd, 4318102.243, 91
Trd, 4318102.693, 85
Trd, 4318103.043, 64
Trd, 4318103.193, 66
Trd, 4318104.093, 140
Trd, 4318104.643, 140
Trd, 4318104.893, 140
Trd, 4318106.343, 140
Trd, 4318106.743, 140
Trd, 4318107.193, 140
Trd, 4318111.443, 140
Trd, 4318111.793, 140
Trd, 4318112.943, 140
Trd, 4318113.493, 140
Trd, 4318114.293, 140
Trd, 4318115.193, 140
Trd, 4318115.743, 140
Trd, 4318115.993, 140
Trd, 4318116.293, 140
Trd, 4318117.743, 140
Trd, 4318118.243, 140
Trd, 4318119.193, 140
Trd, 4318119.493, 140
Trd, 4318119.543, 138
Trd, 4318122.943, 140
Trd, 4318123.443, 140
Trd, 4318123.493, 140
Trd, 4318123.743, 140
Trd, 4318123.843, 140
Trd, 4318124.593, 140
Trd, 4318124.693, 113
Trd, 4318125.493, 131
Trd, 4318125.893, 93
Trd, 4318126.793, 109
Trd, 4318131.043, 88
Trd, 4318131.243, 106
Trd, 4318132.793, 79
Trd, 4318132.993, 79
Trd, 4318134.743, 140
Trd, 4318135.043, 139
Trd, 4318135.093, 138
Trd, 4318136.243, 138
Trd, 4318136.893, 139
Trd, 4318136.943, 132
Trd, 4318137.693, 134
Trd, 4318138.943, 131
Trd, 4318141.193, 134
Trd, 4318141.343, 133
Trd, 4318141.893, 140
Trd, 4318142.843, 140
Trd, 4318144.893, 140
Trd, 4318145.543, 140
Trd, 4318147.493, 140
Trd, 4318147.643, 140
Trd, 4318147.843, 140
Trd, 4318149.493, 140
Trd, 4318149.693, 140
Trd, 4318150.343, 140
Trd, 4318151.393, 140
Trd, 4318151.793, 140
Trd, 4318152.643, 137
Trd, 4318154.343, 140
Trd, 4318154.993, 140
Trd, 4318155.493, 140
Trd, 4318155.693, 140
Trd, 4318155.793, 137
Trd, 4318156.993, 127
Trd, 4318157.993, 137
Trd, 4318158.743, 127
Trd, 4318158.893, 126
Trd, 4318160.093, 71
Trd, 4318161.193, 84
Trd, 4318161.843, 140
Trd, 4318164.193, 140
Trd, 4318164.293, 140
Trd, 4318164.543, 140
Trd, 4318164.643, 139
Trd, 4318165.643, 140
Trd, 4318166.193, 140
Trd, 4318167.793, 140
Trd, 4318168.593, 140
Trd, 4318169.443, 140
Trd, 4318169.543, 140
Trd, 4318169.643, 127
Trd, 4318170.043, 124
Trd, 4318170.943, 140
Trd, 4318172.143, 77
Trd, 4318173.593, 140
Trd, 4318174.243, 140
Trd, 4318176.893, 140
Trd, 4318177.393, 140
Trd, 4318177.743, 140
Trd, 4318178.743, 140
Trd, 4318178.943, 140
Trd, 4318180.343, 140
Trd, 4318181.743, 140
Trd, 4318182.143, 140
Trd, 4318182.443, 140
Trd, 4318182.643, 140
Trd, 4318183.293, 140
Trd, 4318184.743, 65
Trd, 4318185.243, 107
Trd, 4318187.293, 97
Trd, 4318188.293, 85
Trd, 4318189.643, 122
Trd, 4318190.043, 81
Trd, 4318192.443, 119
Trd, 4318193.393, 117
Trd, 4318194.893, 132
Trd, 4318195.893, 140
Trd, 4318195.943, 140
Trd, 4318196.893, 140
Trd, 4318197.143, 139
Trd, 4318197.793, 140
Trd, 4318198.043, 140
Trd, 4318199.843, 140
Trd, 4318200.693, 140
Trd, 4318201.143, 140
Trd, 4318201.243, 140
Trd, 4318201.293, 135
Trd, 4318203.043, 122
Trd, 4318203.993, 122
Trd, 4318204.043, 108
Trd, 4318204.243, 78
Trd, 4318204.793, 79
Trd, 4318207.243, 103
Trd, 4318208.393, 110
Trd, 4318209.093, 115
Trd, 4318209.693, 99
Trd, 4318210.793, 96
Trd, 4318212.243, 140
Trd, 4318214.193, 140
Trd, 4318214.493, 140
Trd, 4318215.243, 140
Trd, 4318215.443, 140
Trd, 4318215.643, 137
Trd, 4318215.993, 139
Trd, 4318217.793, 113
Trd, 4318219.543, 140
Trd, 4318220.793, 140
Trd, 4318221.143, 140
Trd, 4318221.743, 140
Trd, 4318221.793, 140
Trd, 4318223.443, 140
Trd, 4318224.143, 140
Trd, 4318224.793, 140
Trd, 4318224.893, 140
Trd, 4318225.093, 140
Trd, 4318225.293, 128
Trd, 4318225.593, 136
Trd, 4318226.243, 139
Trd, 4318228.143, 139
Trd, 4318229.593, 140
Trd, 4318229.793, 120
Trd, 4318233.843, 140
Trd, 4318234.243, 140
Trd, 4318234.393, 140
Trd, 4318234.943, 140
Trd, 4318235.943, 140
Trd, 4318236.143, 140
Trd, 4318237.843, 140
Trd, 4318238.143, 140
Trd, 4318238.543, 140
Trd, 4318239.243, 140
Trd, 4318240.093, 116
Trd, 4318240.793, 101
Trd, 4318241.943, 121
Trd, 4318243.143, 138
Trd, 4318243.243, 138
Trd, 4318243.993, 125
Trd, 4318244.343, 124
Trd, 4318245.743, 129
Trd, 4318246.193, 130
Trd, 4318246.793, 134
Trd, 4318246.843, 133
Trd, 4318249.493, 140
Trd, 4318251.143, 140
Trd, 4318252.143, 140
Trd, 4318252.693, 140
Trd, 4318253.143, 140
Trd, 4318254.093, 140
Trd, 4318254.843, 140
Trd, 4318255.543, 140
Trd, 4318255.793, 140
Trd, 4318257.343, 140
Trd, 4318257.443, 139
Trd, 4318257.793, 134
Trd, 4318258.393, 138
Trd, 4318258.443, 120
Trd, 4318259.143, 114
Trd, 4318260.393, 116
Trd, 4318261.143, 140
Trd, 4318261.493, 117
Trd, 4318261.993, 116
Trd, 4318263.643, 124
Trd, 4318265.643, 140
Trd, 4318265.893, 140
Trd, 4318266.593, 140
Trd, 4318268.393, 137
Trd, 4318269.093, 140
Trd, 4318269.243, 139
Trd, 4318271.793, 140
Trd, 4318272.893, 140
Trd, 4318272.993, 140
Trd, 4318273.393, 138
Trd, 4318274.393, 123
Trd, 4318274.893, 111
Trd, 4318279.043, 114
Trd, 4318279.393, 118
Trd, 4318279.793, 119
Trd, 4318280.493, 124
Trd, 4318280.543, 123
Trd, 4318282.443, 140
Trd, 4318283.493, 140
Trd, 4318283.643, 138
Trd, 4318284.193, 140
Trd, 4318284.493, 140
Trd, 4318286.793, 127
Trd, 4318287.243, 139
Trd, 4318288.193, 140
Trd, 4318289.093, 140
Trd, 4318290.143, 140
Trd, 4318292.093, 140
Trd, 4318293.143, 140
Trd, 4318293.743, 140
Trd, 4318294.193, 140
Trd, 4318295.543, 140
Trd, 4318295.643, 140
Trd, 4318296.543, 140
Trd, 4318297.543, 140
Trd, 4318298.193, 140
Trd, 4318301.593, 140
Trd, 4318301.693, 140
Trd, 4318301.943, 140
Trd, 4318302.393, 140
Trd, 4318302.893, 140
Trd, 4318305.293, 140
Trd, 4318305.493, 140
Trd, 4318307.343, 140
Trd, 4318309.393, 140
Trd, 4318309.843, 140
Trd, 4318310.293, 140
Trd, 4318310.943, 140
Trd, 4318311.343, 138
Trd, 4318311.493, 119
Trd, 4318311.993, 120
Trd, 4318312.143, 119
Trd, 4318313.193, 118
Trd, 4318315.593, 89
Trd, 4318317.293, 84
Trd, 4318317.643, 124
Trd, 4318318.143, 87
Trd, 4318318.293, 85
Trd, 4318320.193, 108
Trd, 4318322.243, 140
Trd, 4318322.343, 140
Trd, 4318323.193, 140
Trd, 4318323.893, 140
Trd, 4318323.993, 140
Trd, 4318325.393, 140
Trd, 4318326.093, 140
Trd, 4318327.343, 140
Trd, 4318327.493, 140
Trd, 4318327.843, 140
Trd, 4318327.993, 140
Trd, 4318328.493, 139
Trd, 4318329.543, 140
Trd, 4318330.293, 140
Trd, 4318330.643, 136
Trd, 4318331.993, 73
Trd, 4318332.893, 107
Trd, 4318335.093, 77
Trd, 4318335.793, 78
Trd, 4318337.843, 140
Trd, 4318338.193, 140
Trd, 4318338.593, 140
Trd, 4318339.593, 140
Trd, 4318339.943, 140
Trd, 4318340.743, 140
Trd, 4318341.343, 140
Trd, 4318341.443, 140
Trd, 4318343.393, 140
Trd, 4318343.593, 140
Trd, 4318344.443, 127
Trd, 4318344.743, 124
Trd, 4318344.893, 123
Trd, 4318345.493, 125
Trd, 4318345.993, 140
Trd, 4318348.093, 138
Trd, 4318348.143, 137
Trd, 4318348.343, 137
Trd, 4318349.443, 134
Trd, 4318349.793, 134
Trd, 4318350.093, 127
Trd, 4318351.043, 117
Trd, 4318352.193, 118
Trd, 4318352.693, 118
Trd, 4318353.243, 140
Trd, 4318356.493, 140
Trd, 4318356.743, 140
Trd, 4318357.943, 140
Trd, 4318357.993, 140
Trd, 4318358.093, 139
Trd, 4318358.643, 114
Trd, 4318360.043, 140
Trd, 4318360.093, 134
Trd, 4318360.243, 133
Trd, 4318360.593, 133
Trd, 4318362.593, 137
Trd, 4318364.643, 140
Trd, 4318365.793, 140
Trd, 4318365.893, 140
Trd, 4318368.093, 140
Trd, 4318368.943, 140
Trd, 4318369.143, 140
Trd, 4318369.493, 140
Trd, 4318370.393, 139
Trd, 4318370.593, 139
Trd, 4318370.793, 140
Trd, 4318371.493, 138
Trd, 4318371.993, 127
Trd, 4318374.843, 140
Trd, 4318375.443, 140
Trd, 4318377.693, 140
Trd, 4318378.343, 140
Trd, 4318378.993, 140
Trd, 4318379.393, 140
Trd, 4318380.743, 140
Trd, 4318380.793, 140
Trd, 4318384.843, 140
Trd, 4318384.943, 140
Trd, 4318385.843, 140
Trd, 4318387.093, 140
Trd, 4318387.193, 140
Trd, 4318389.193, 140
Trd, 4318389.743, 140
Trd, 4318389.893, 140
Trd, 4318390.543, 140
Trd, 4318393.343, 138
Trd, 4318395.493, 140
Trd, 4318396.143, 140
Trd, 4318396.693, 140
Trd, 4318396.943, 140
Trd, 4318397.293, 140
Trd, 4318397.443, 140
Trd, 4318397.793, 138
Trd, 4318398.493, 117
Trd, 4318400.293, 126
Trd, 4318400.743, 126
Trd, 4318401.193, 105
Trd, 4318401.943, 124
Trd, 4318402.543, 124
Trd, 4318405.243, 140
Trd, 4318405.393, 140
Trd, 4318406.293, 125
Trd, 4318408.393, 140
Trd, 4318409.643, 138
Trd, 4318410.893, 140
Trd, 4318411.243, 140
Trd, 4318412.043, 140
Trd, 4318412.343, 140
Trd, 4318412.543, 140
Trd, 4318412.943, 140
Trd, 4318413.243, 140
Trd, 4318413.843, 140
Trd, 4318417.143, 129
Trd, 4318417.593, 131
Trd, 4318418.893, 137
Trd, 4318418.993, 136
Trd, 4318419.143, 135
Trd, 4318419.543, 136
Trd, 4318419.643, 136
Trd, 4318420.443, 140
Trd, 4318420.943, 140
Trd, 4318423.243, 122
Trd, 4318423.293, 121
Trd, 4318423.943, 122
Trd, 4318424.243, 117
Trd, 4318427.093, 140
Trd, 4318427.643, 140
Trd, 4318428.943, 140
Trd, 4318429.643, 140
Trd, 4318429.743, 140
Trd, 4318430.543, 140
Trd, 4318430.743, 140
Trd, 4318432.043, 140
Trd, 4318434.593, 140
Trd, 4318435.493, 140
Trd, 4318436.593, 140
Trd, 4318437.393, 140
Trd, 4318437.593, 140
Trd, 4318439.993, 140
Trd, 4318440.493, 140
Trd, 4318441.443, 140
Trd, 4318441.643, 140
Trd, 4318442.193, 140
Trd, 4318442.543, 140
Trd, 4318442.943, 140
Trd, 4318444.693, 140
Trd, 4318444.993, 140
Trd, 4318446.093, 140
Trd, 4318447.393, 132
Trd, 4318447.593, 132
Trd, 4318448.843, 134
Trd, 4318449.543, 140
Trd, 4318450.793, 140
Trd, 4318451.093, 140
Trd, 4318453.243, 140
Trd, 4318454.793, 140
Trd, 4318455.043, 140
Trd, 4318455.793, 140
Trd, 4318456.643, 140
Trd, 4318456.793, 140
Trd, 4318457.743, 140
Trd, 4318459.393, 140
Trd, 4318459.993, 140
Trd, 4318461.493, 140
Trd, 4318461.743, 140
Trd, 4318463.243, 140
Trd, 4318463.843, 140
Trd, 4318464.193, 140
Trd, 4318467.043, 140
Trd, 4318468.643, 140
Trd, 4318469.143, 140
Trd, 4318469.993, 140
Trd, 4318470.143, 140
Trd, 4318470.793, 140
Trd, 4318470.943, 140
Trd, 4318472.543, 140
Trd, 4318473.343, 140
Trd, 4318474.343, 140
Trd, 4318474.843, 140
Trd, 4318474.893, 140
Trd, 4318477.943, 140
Trd, 4318479.743, 140
Trd, 4318480.143, 140
Trd, 4318480.793, 140
Trd, 4318480.893, 140
Trd, 4318482.343, 140
Trd, 4318484.393, 140
Trd, 4318485.093, 140
Trd, 4318485.843, 140
Trd, 4318487.193, 140
Trd, 4318488.293, 140
Trd, 4318488.643, 140
Trd, 4318489.543, 140
Trd, 4318491.043, 140
Trd, 4318491.393, 140
Trd, 4318492.143, 140
Trd, 4318492.543, 140
Trd, 4318492.693, 140
Trd, 4318493.993, 140
Trd, 4318494.843, 140
Trd, 4318495.143, 140
Trd, 4318496.693, 140
Trd, 4318497.793, 140
Trd, 4318499.493, 140
Trd, 4318499.693, 140
Trd, 4318502.193, 140
Trd, 4318502.393, 140
Trd, 4318502.443, 140
Trd, 4318503.393, 140
Trd, 4318504.093, 140
Trd, 4318504.743, 140
Trd, 4318506.843, 140
Trd, 4318507.343, 140
Trd, 4318508.293, 140
Trd, 4318509.643, 140
Trd, 4318509.793, 140
Trd, 4318510.093, 140
Trd, 4318511.893, 140
Trd, 4318511.943, 138
Trd, 4318512.993, 140
Trd, 4318513.943, 140
Trd, 4318514.193, 140
Trd, 4318514.943, 140
Trd, 4318516.243, 140
Trd, 4318516.693, 140
Trd, 4318519.743, 140
Trd, 4318520.143, 140
Trd, 4318520.343, 140
Trd, 4318520.493, 140
Trd, 4318521.243, 136
Trd, 4318521.543, 133
Trd, 4318525.293, 132
Trd, 4318525.593, 131
Trd, 4318526.193, 133
Trd, 4318526.293, 133
Trd, 4318526.343, 132
Trd, 4318526.743, 130
Trd, 4318527.343, 130
Trd, 4318527.743, 130
Trd, 4318528.643, 109
Trd, 4318531.043, 115
Trd, 4318531.393, 116
Trd, 4318531.843, 126
Trd, 4318531.893, 115
Trd, 4318532.993, 139
Trd, 4318533.093, 122
Trd, 4318533.743, 105
Trd, 4318534.793, 139
Trd, 4318535.443, 108
Trd, 4318536.293, 140
Trd, 4318537.793, 140
Trd, 4318537.943, 140
Trd, 4318538.693, 140
Trd, 4318539.593, 140
Trd, 4318540.543, 140
Trd, 4318543.293, 140
Trd, 4318543.743, 140
Trd, 4318544.093, 140
Trd, 4318544.693, 140
Trd, 4318545.143, 140
Trd, 4318546.043, 140
Trd, 4318546.693, 140
Trd, 4318547.043, 140
Trd, 4318547.993, 140
Trd, 4318549.143, 140
Trd, 4318551.143, 140
Trd, 4318551.293, 140
Trd, 4318552.043, 140
Trd, 4318552.293, 140
Trd, 4318557.243, 140
Trd, 4318557.543, 140
Trd, 4318557.743, 140
Trd, 4318558.243, 140
Trd, 4318558.293, 135
Trd, 4318559.443, 140
Trd, 4318559.743, 140
Trd, 4318560.543, 140
Trd, 4318562.193, 140
Trd, 4318562.393, 140
Trd, 4318562.643, 140
Trd, 4318563.943, 140
Trd, 4318563.993, 140
Trd, 4318565.843, 140
Trd, 4318566.143, 140
Trd, 4318566.743, 140
Trd, 4318566.893, 140
Trd, 4318567.793, 112
Trd, 4318569.693, 140
Trd, 4318569.893, 140
Trd, 4318572.843, 135
Trd, 4318574.243, 140
Trd, 4318574.443, 137
Trd, 4318574.743, 136
Trd, 4318574.943, 137
Trd, 4318576.543, 116
Trd, 4318576.893, 114
Trd, 4318577.993, 103
Trd, 4318579.493, 118
Trd, 4318580.143, 117
Trd, 4318581.443, 60
Trd, 4318583.643, 135
Trd, 4318584.443, 109
Trd, 4318586.843, 85
Trd, 4318587.693, 110
Trd, 4318587.943, 79
Trd, 4318588.793, 97
Trd, 4318590.393, 107
Trd, 4318590.593, 108
Trd, 4318590.693, 121
Trd, 4318590.943, 106
Trd, 4318591.293, 108
Trd, 4318593.343, 132
Trd, 4318594.093, 132
Trd, 4318594.443, 131
Trd, 4318594.743, 133
Trd, 4318597.193, 140
Trd, 4318597.593, 140
Trd, 4318600.793, 140
Trd, 4318600.993, 140
Trd, 4318601.143, 140
Trd, 4318602.193, 140
Trd, 4318602.493, 140
Trd, 4318602.893, 140
Trd, 4318603.893, 140
Trd, 4318604.543, 140
Trd, 4318605.843, 140
Trd, 4318606.043, 140
Trd, 4318606.093, 140
Trd, 4318606.493, 140
Trd, 4318607.443, 127
Trd, 4318607.643, 121
Trd, 4318607.743, 120
Trd, 4318608.643, 133
Trd, 4318608.693, 107
Trd, 4318610.843, 140
Trd, 4318611.393, 140
Trd, 4318611.993, 140
Trd, 4318612.543, 140
Trd, 4318614.243, 140
Trd, 4318614.393, 140
Trd, 4318614.693, 140
Trd, 4318615.193, 138
Trd, 4318616.893, 139
Trd, 4318617.243, 139
Trd, 4318617.293, 138
Trd, 4318617.593, 135
Trd, 4318617.893, 133
Trd, 4318618.393, 127
Trd, 4318619.093, 114
Trd, 4318621.443, 140
Trd, 4318621.743, 140
Trd, 4318622.943, 140
Trd, 4318623.243, 140
Trd, 4318624.593, 140
Trd, 4318626.193, 140
Trd, 4318626.293, 140
Trd, 4318626.693, 140
Trd, 4318627.493, 140
Trd, 4318627.793, 140
Trd, 4318629.293, 140
Trd, 4318630.193, 140
Trd, 4318631.443, 140
Trd, 4318631.543, 140
Trd, 4318632.293, 140
Trd, 4318632.593, 139
Trd, 4318633.293, 136
Trd, 4318633.843, 139
Trd, 4318636.443, 140
Trd, 4318636.943, 140
Trd, 4318637.343, 140
Trd, 4318637.393, 138
Trd, 4318638.893, 129
Trd, 4318639.343, 138
Trd, 4318640.243, 127
Trd, 4318641.843, 134
Trd, 4318642.093, 133
Trd, 4318643.193, 134
Trd, 4318643.843, 134
Trd, 4318644.793, 134
Trd, 4318645.243, 125
Trd, 4318646.043, 133
Trd, 4318646.293, 140
Trd, 4318648.093, 117
Trd, 4318648.243, 118
Trd, 4318648.893, 138
Trd, 4318649.093, 137
Trd, 4318649.793, 119
Trd, 4318650.543, 119
Trd, 4318650.893, 131
Trd, 4318651.143, 119
Trd, 4318651.293, 140
Trd, 4318652.643, 140
Trd, 4318653.393, 140
Trd, 4318653.443, 140
Trd, 4318654.593, 140
Trd, 4318657.143, 140
Trd, 4318657.993, 140
Trd, 4318658.543, 140
Trd, 4318660.593, 140
Trd, 4318661.743, 140
Trd, 4318662.243, 140
Trd, 4318662.393, 140
Trd, 4318662.993, 140
Trd, 4318663.093, 140
Trd, 4318665.893, 137
Trd, 4318666.443, 128
Trd, 4318668.643, 140
Trd, 4318668.843, 140
Trd, 4318669.543, 140
Trd, 4318670.243, 140
Trd, 4318671.493, 140
Trd, 4318672.143, 140
Trd, 4318674.793, 140
Trd, 4318674.943, 140
Trd, 4318676.343, 140
Trd, 4318677.243, 140
Trd, 4318678.643, 140
Trd, 4318679.443, 140
Trd, 4318679.693, 139
Trd, 4318680.143, 138
Trd, 4318680.193, 137
Trd, 4318680.643, 131
Trd, 4318680.793, 130
Trd, 4318681.943, 132
Trd, 4318686.143, 140
Trd, 4318686.193, 140
Trd, 4318686.543, 140
Trd, 4318687.543, 140
Trd, 4318687.593, 140
Trd, 4318688.243, 140
Trd, 4318688.393, 140
Trd, 4318689.593, 140
Trd, 4318691.743, 140
Trd, 4318692.543, 140
Trd, 4318692.743, 140
Trd, 4318694.393, 140
Trd, 4318695.443, 140
Trd, 4318695.893, 140
Trd, 4318695.943, 140
Trd, 4318696.093, 136
Trd, 4318697.043, 136
Trd, 4318697.543, 131
Trd, 4318697.943, 94
Trd, 4318699.293, 128
Trd, 4318700.043, 134
Trd, 4318700.593, 140
Trd, 4318700.743, 140
Trd, 4318703.193, 140
Trd, 4318703.293, 140
Trd, 4318704.243, 140
Trd, 4318705.593, 140
Trd, 4318706.643, 137
Trd, 4318707.143, 115
Trd, 4318707.593, 135
Trd, 4318710.243, 137
Trd, 4318711.343, 139
Trd, 4318711.793, 140
Trd, 4318712.193, 140
Trd, 4318712.293, 138
Trd, 4318714.043, 140
Trd, 4318714.193, 140
Trd, 4318714.443, 140
Trd, 4318715.593, 140
Trd, 4318716.343, 131
Trd, 4318718.693, 140
Trd, 4318719.043, 140
Trd, 4318719.843, 140
Trd, 4318721.293, 140
Trd, 4318722.143, 140
Trd, 4318722.743, 140
Trd, 4318723.093, 140
Trd, 4318723.193, 139
Trd, 4318723.243, 114
Trd, 4318724.693, 129
Trd, 4318724.893, 128
Trd, 4318725.643, 135
Trd, 4318725.693, 134
Trd, 4318726.393, 98
Trd, 4318726.793, 103
Trd, 4318728.443, 60
Trd, 4318730.443, 60
Trd, 4318730.693, 61
Trd, 4318732.193, 90
Trd, 4318733.443, 130
Trd, 4318733.843, 133
Trd, 4318734.243, 140
Trd, 4318735.543, 140
Trd, 4318736.193, 140
Trd, 4318736.493, 140
Trd, 4318736.993, 140
Trd, 4318737.243, 140
Trd, 4318737.993, 140
Trd, 4318738.693, 139
Trd, 4318738.793, 135
Trd, 4318739.693, 115
Trd, 4318740.593, 140
Trd, 4318744.293, 140
Trd, 4318744.493, 140
Trd, 4318744.943, 140
Trd, 4318745.143, 140
Trd, 4318745.743, 140
Trd, 4318746.593, 140
Trd, 4318747.993, 101
Trd, 4318748.743, 67
Trd, 4318749.393, 131
Trd, 4318749.743, 125
Trd, 4318750.443, 140
Trd, 4318750.543, 140
Trd, 4318751.993, 140
Trd, 4318752.043, 140
Trd, 4318752.643, 133
Trd, 4318753.793, 93
Trd, 4318754.493, 140
Trd, 4318754.743, 140
Trd, 4318756.043, 140
Trd, 4318756.343, 140
Trd, 4318757.493, 68
Trd, 4318758.093, 76
Trd, 4318758.593, 74
Trd, 4318759.243, 102
Trd, 4318760.343, 139
Trd, 4318761.493, 140
Trd, 4318764.043, 140
Trd, 4318764.543, 140
Trd, 4318766.743, 140
Trd, 4318766.793, 140
Trd, 4318768.193, 140
Trd, 4318769.443, 140
Trd, 4318769.643, 140
Trd, 4318770.043, 140
Trd, 4318770.243, 140
Trd, 4318770.843, 140
Trd, 4318772.393, 140
Trd, 4318773.593, 140
Trd, 4318774.493, 140
Trd, 4318774.843, 138
Trd, 4318776.093, 140
Trd, 4318776.643, 140
Trd, 4318776.743, 140
Trd, 4318776.843, 140
Trd, 4318778.843, 137
Trd, 4318778.893, 135
Trd, 4318779.693, 131
Trd, 4318780.293, 140
Trd, 4318781.593, 140
Trd, 4318782.043, 140
Trd, 4318782.243, 140
Trd, 4318784.293, 140
Trd, 4318784.393, 140
Trd, 4318785.293, 140
Trd, 4318787.093, 140
Trd, 4318787.343, 140
Trd, 4318787.793, 137
Trd, 4318789.943, 140
Trd, 4318790.293, 140
Trd, 4318792.343, 140
Trd, 4318793.443, 140
Trd, 4318793.493, 140
Trd, 4318794.443, 140
Trd, 4318796.793, 140
Trd, 4318797.443, 140
Trd, 4318797.643, 140
Trd, 4318799.543, 140
Trd, 4318799.593, 140
Trd, 4318799.893, 140
Trd, 4318800.793, 139
Trd, 4318801.443, 139
Trd, 4318802.093, 140
Trd, 4318803.193, 78
Trd, 4318804.243, 77
Trd, 4318805.593, 138
Trd, 4318806.343, 67
Trd, 4318806.743, 109
Trd, 4318806.843, 69
Trd, 4318809.693, 80
Trd, 4318810.593, 106
Trd, 4318812.143, 126
Trd, 4318813.493, 119
Trd, 4318814.693, 124
Trd, 4318815.143, 127
Trd, 4318817.143, 140
Trd, 4318817.793, 140
Trd, 4318818.493, 140
Trd, 4318819.443, 140
Trd, 4318820.193, 140
Trd, 4318820.293, 140
Trd, 4318821.593, 140
Trd, 4318822.943, 140
Trd, 4318824.643, 140
Trd, 4318825.593, 140
Trd, 4318825.843, 140
Trd, 4318825.893, 140
Trd, 4318826.043, 109
Trd, 4318826.143, 108
Trd, 4318827.893, 128
Trd, 4318828.593, 130
Trd, 4318829.843, 136
Trd, 4318831.093, 140
Trd, 4318831.543, 140
Trd, 4318831.843, 140
Trd, 4318832.543, 140
Trd, 4318832.693, 129
Trd, 4318832.843, 128
Trd, 4318833.793, 97
Trd, 4318834.943, 123
Trd, 4318835.193, 123
Trd, 4318836.193, 123
Trd, 4318837.293, 127
Trd, 4318837.393, 126
Trd, 4318837.643, 126
Trd, 4318837.743, 125
Trd, 4318838.493, 108
Trd, 4318838.893, 106
Trd, 4318841.293, 140
Trd, 4318841.943, 140
Trd, 4318842.243, 140
Trd, 4318843.993, 140
Trd, 4318846.893, 140
Trd, 4318847.243, 140
Trd, 4318847.443, 140
Trd, 4318849.193, 140
Trd, 4318849.843, 140
Trd, 4318850.043, 140
Trd, 4318850.093, 140
Trd, 4318851.293, 140
Trd, 4318851.593, 140
Trd, 4318852.643, 140
Trd, 4318852.743, 140
Trd, 4318852.943, 140
Trd, 4318853.543, 115
Trd, 4318855.493, 140
Trd, 4318856.043, 140
Trd, 4318857.393, 140
Trd, 4318857.643, 140
Trd, 4318858.193, 140
Trd, 4318859.743, 140
Trd, 4318861.493, 140
Trd, 4318862.943, 140
Trd, 4318863.043, 140
Trd, 4318864.043, 140
Trd, 4318864.193, 140
Trd, 4318864.643, 140
Trd, 4318864.693, 139
Trd, 4318865.293, 131
Trd, 4318865.793, 131
Trd, 4318868.843, 140
Trd, 4318869.193, 140
Trd, 4318869.943, 140
Trd, 4318870.093, 140
Trd, 4318871.743, 140
Trd, 4318871.893, 140
Trd, 4318872.143, 119
Trd, 4318873.143, 140
Trd, 4318873.543, 122
Trd, 4318874.843, 114
Trd, 4318874.943, 111
Trd, 4318874.993, 126
Trd, 4318875.343, 130
Trd, 4318876.793, 104
Trd, 4318877.093, 139
Trd, 4318877.893, 88
Trd, 4318878.593, 95
Trd, 4318879.043, 108
Trd, 4318879.743, 94
Trd, 4318881.193, 91
Trd, 4318882.643, 129
Trd, 4318882.843, 129
Trd, 4318884.993, 140
Trd, 4318885.343, 140
Trd, 4318885.693, 139
Trd, 4318886.243, 108
Trd, 4318886.693, 104
Trd, 4318887.893, 140
Trd, 4318889.043, 140
Trd, 4318889.343, 140
Trd, 4318890.643, 116
Trd, 4318891.193, 123
Trd, 4318891.893, 140
Trd, 4318893.593, 140
Trd, 4318893.843, 140
Trd, 4318894.743, 140
Trd, 4318895.893, 140
Trd, 4318896.243, 140
Trd, 4318896.643, 137
Trd, 4318899.143, 140
Trd, 4318899.893, 140
Trd, 4318900.493, 140
Trd, 4318900.743, 140
Trd, 4318901.143, 140
Trd, 4318901.543, 140
Trd, 4318903.893, 140
Trd, 4318904.143, 140
Trd, 4318905.743, 140
Trd, 4318905.943, 140
Trd, 4318906.693, 140
Trd, 4318906.993, 140
Trd, 4318909.243, 140
Trd, 4318910.593, 140
Trd, 4318912.493, 140
Trd, 4318912.543, 140
Trd, 4318912.943, 140
Trd, 4318913.643, 140
Trd, 4318914.293, 140
Trd, 4318916.043, 140
Trd, 4318917.093, 140
Trd, 4318917.243, 140
Trd, 4318917.393, 140
Trd, 4318917.893, 140
Trd, 4318920.093, 140
Trd, 4318920.293, 140
Trd, 4318920.793, 140
Trd, 4318921.093, 140
Trd, 4318921.743, 140
Trd, 4318922.943, 140
Trd, 4318924.193, 140
Trd, 4318924.943, 139
Trd, 4318925.043, 102
Trd, 4318925.793, 121
Trd, 4318926.143, 94
Trd, 4318926.543, 95
Trd, 4318931.093, 140
Trd, 4318931.143, 140
Trd, 4318931.543, 140
Trd, 4318931.693, 140
Trd, 4318933.143, 140
Trd, 4318933.893, 140
Trd, 4318934.893, 140
Trd, 4318935.293, 140
Trd, 4318935.443, 140
Trd, 4318935.793, 140
Trd, 4318936.143, 140
Trd, 4318936.393, 128
Trd, 4318937.943, 138
Trd, 4318938.843, 131
Trd, 4318939.193, 117
Trd, 4318939.293, 115
Trd, 4318940.943, 112
Trd, 4318941.143, 134
Trd, 4318941.643, 114
Trd, 4318944.043, 96
Trd, 4318944.293, 108
Trd, 4318944.893, 130
Trd, 4318948.493, 120
Trd, 4318948.843, 119
Trd, 4318949.743, 118
Trd, 4318950.693, 140
Trd, 4318951.643, 140
Trd, 4318952.293, 140
Trd, 4318952.543, 139
Trd, 4318953.393, 137
Trd, 4318955.093, 140
Trd, 4318955.293, 140
Trd, 4318956.043, 140
Trd, 4318956.143, 140
Trd, 4318957.293, 140
Trd, 4318957.393, 140
Trd, 4318957.793, 140
Trd, 4318958.443, 116
Trd, 4318959.143, 107
Trd, 4318960.043, 96
Trd, 4318960.193, 95
Trd, 4318961.043, 99
Trd, 4318961.393, 97
Trd, 4318962.693, 140
Trd, 4318963.043, 140
Trd, 4318963.643, 140
Trd, 4318964.243, 127
Trd, 4318967.493, 70
Trd, 4318967.743, 70
Trd, 4318967.843, 72
Trd, 4318967.993, 104
Trd, 4318968.493, 77
Trd, 4318968.893, 93
Trd, 4318969.793, 85
Trd, 4318970.693, 102
Trd, 4318970.993, 91
Trd, 4318973.043, 97
Trd, 4318973.943, 138
Trd, 4318975.643, 137
Trd, 4318976.343, 128
Trd, 4318976.843, 138
Trd, 4318978.693, 132
Trd, 4318979.793, 135
Trd, 4318980.343, 135
Trd, 4318980.843, 135
Trd, 4318981.443, 137
Trd, 4318981.893, 136
Trd, 4318982.993, 118
Trd, 4318984.943, 121
Trd, 4318985.193, 124
Trd, 4318985.343, 120
Trd, 4318987.293, 134
Trd, 4318987.643, 135
Trd, 4318988.493, 138
Trd, 4318988.743, 140
Trd, 4318988.793, 137
Trd, 4318989.743, 132
Trd, 4318990.893, 137
Trd, 4318991.643, 140
Trd, 4318992.893, 140
Trd, 4318993.843, 140
Trd, 4318995.243, 140
Trd, 4318995.893, 140
Trd, 4318996.093, 140
Trd, 4318996.493, 140
Trd, 4318996.643, 140
Trd, 4318997.343, 140
Trd, 4318998.043, 140
Trd, 4318999.043, 140
Trd, 4318999.493, 140
Trd, 4319000.143, 140
Trd, 4319000.243, 140
Trd, 4319001.743, 140
Trd, 4319001.943, 140
Trd, 4319002.743, 140
Trd, 4319004.943, 140
Trd, 4319005.443, 140
Trd, 4319006.693, 140
Trd, 4319007.493, 140
Trd, 4319007.893, 140
Trd, 4319008.143, 140
Trd, 4319009.193, 140
Trd, 4319010.143, 140
Trd, 4319010.993, 140
Trd, 4319012.143, 116
Trd, 4319012.993, 116
Trd, 4319014.343, 114
Trd, 4319014.743, 115
Trd, 4319014.943, 109
Trd, 4319015.493, 116
Trd, 4319016.193, 137
Trd, 4319017.493, 140
Trd, 4319017.643, 140
Trd, 4319018.843, 140
Trd, 4319019.293, 136
Trd, 4319020.543, 140
Trd, 4319021.343, 140
Trd, 4319021.993, 140
Trd, 4319023.643, 140
Trd, 4319024.243, 140
Trd, 4319024.843, 140
Trd, 4319025.743, 140
Trd, 4319026.743, 140
Trd, 4319026.993, 140
Trd, 4319028.393, 140
Trd, 4319029.243, 140
Trd, 4319030.293, 140
Trd, 4319031.193, 140
Trd, 4319032.743, 140
Trd, 4319032.943, 140
Trd, 4319033.493, 140
Trd, 4319035.143, 140
Trd, 4319035.743, 140
Trd, 4319037.043, 140
Trd, 4319037.393, 140
Trd, 4319037.593, 140
Trd, 4319038.243, 123
Trd, 4319038.893, 125
Trd, 4319041.043, 136
Trd, 4319041.443, 137
Trd, 4319042.243, 140
Trd, 4319043.693, 140
Trd, 4319043.893, 140
Trd, 4319043.943, 132
Trd, 4319045.243, 140
Trd, 4319045.343, 133
Trd, 4319045.843, 132
Trd, 4319046.193, 133
Trd, 4319047.043, 134
Trd, 4319048.243, 140
Trd, 4319048.793, 136
Trd, 4319049.643, 139
Trd, 4319050.293, 129
Trd, 4319050.593, 130
Trd, 4319050.943, 130
Trd, 4319052.143, 129
Trd, 4319052.193, 128
Trd, 4319054.093, 91
Trd, 4319054.143, 90
Trd, 4319054.343, 140
Trd, 4319054.893, 84
Trd, 4319058.293, 118
Trd, 4319058.693, 113
Trd, 4319058.793, 113
Trd, 4319059.143, 124
Trd, 4319059.443, 140
Trd, 4319060.893, 118
Trd, 4319061.393, 118
Trd, 4319063.043, 128
Trd, 4319063.243, 126
Trd, 4319063.293, 108
Trd, 4319063.943, 131
Trd, 4319066.143, 140
Trd, 4319066.393, 140
Trd, 4319067.393, 140
Trd, 4319068.043, 140
Trd, 4319068.793, 140
Trd, 4319069.993, 140
Trd, 4319071.743, 140
Trd, 4319071.793, 140
Trd, 4319072.043, 140
Trd, 4319072.693, 140
Trd, 4319073.143, 140
Trd, 4319075.393, 140
Trd, 4319075.743, 140
Trd, 4319078.543, 140
Trd, 4319080.443, 140
Trd, 4319081.343, 140
Trd, 4319081.993, 140
Trd, 4319082.943, 140
Trd, 4319083.043, 140
Trd, 4319083.093, 140
Trd, 4319083.543, 140
Trd, 4319084.093, 138
Trd, 4319084.193, 139
Trd, 4319085.143, 126
Trd, 4319085.743, 127
Trd, 4319086.343, 126
Trd, 4319086.543, 125
Trd, 4319087.293, 108
Trd, 4319087.943, 62
Trd, 4319090.543, 75
Trd, 4319091.593, 76
Trd, 4319091.793, 77
Trd, 4319093.393, 139
Trd, 4319093.443, 138
Trd, 4319095.693, 140
Trd, 4319095.943, 140
Trd, 4319096.693, 124
Trd, 4319098.243, 132
Trd, 4319099.743, 138
Trd, 4319099.943, 137
Trd, 4319100.343, 137
Trd, 4319100.793, 140
Trd, 4319101.743, 140
Trd, 4319101.943, 140
Trd, 4319104.193, 140
Trd, 4319104.493, 140
Trd, 4319106.893, 140
Trd, 4319107.043, 140
Trd, 4319107.243, 140
Trd, 4319107.543, 140
Trd, 4319107.593, 140
Trd, 4319107.693, 133
Trd, 4319109.243, 140
Trd, 4319109.343, 140
Trd, 4319110.093, 133
Trd, 4319110.143, 126
Trd, 4319111.793, 61
Trd, 4319114.143, 93
Trd, 4319114.893, 116
Trd, 4319116.493, 89
Trd, 4319117.343, 98
Trd, 4319117.993, 98
Trd, 4319118.293, 105
Trd, 4319118.493, 99
Trd, 4319118.743, 132
Trd, 4319119.493, 101
Trd, 4319119.993, 102
Trd, 4319121.893, 110
Trd, 4319123.393, 117
Trd, 4319124.293, 123
Trd, 4319124.343, 122
Trd, 4319126.443, 131
Trd, 4319126.793, 132
Trd, 4319127.193, 131
Trd, 4319127.443, 112
Trd, 4319128.943, 133
Trd, 4319129.143, 134
Trd, 4319130.343, 135
Trd, 4319130.493, 134
Trd, 4319131.143, 117
Trd, 4319131.193, 99
Trd, 4319132.093, 110
Trd, 4319133.743, 110
Trd, 4319137.193, 140
Trd, 4319137.243, 140
Trd, 4319138.293, 140
Trd, 4319138.693, 140
Trd, 4319138.743, 140
Trd, 4319139.793, 140
Trd, 4319141.393, 123
Trd, 4319142.393, 140
Trd, 4319142.543, 134
Trd, 4319143.443, 135
Trd, 4319144.093, 134
Trd, 4319145.043, 136
Trd, 4319145.143, 135
Trd, 4319146.143, 137
Trd, 4319146.443, 136
Trd, 4319147.143, 140
Trd, 4319147.193, 140
Trd, 4319147.943, 133
Trd, 4319148.093, 133
Trd, 4319148.343, 108
Trd, 4319149.093, 115
Trd, 4319151.293, 69
Trd, 4319152.243, 73
Trd, 4319152.543, 74
Trd, 4319152.743, 76
Trd, 4319154.493, 140
Trd, 4319154.993, 140
Trd, 4319155.993, 140
Trd, 4319156.443, 140
Trd, 4319157.293, 140
Trd, 4319157.893, 140
Trd, 4319158.343, 134
Trd, 4319163.543, 140
Trd, 4319164.293, 140
Trd, 4319164.593, 140
Trd, 4319164.993, 140
Trd, 4319165.293, 140
Trd, 4319165.493, 140
Trd, 4319167.043, 140
Trd, 4319167.093, 140
Trd, 4319167.343, 140
Trd, 4319167.643, 128
Trd, 4319169.493, 135
Trd, 4319169.693, 113
Trd, 4319170.843, 139
Trd, 4319171.743, 140
Trd, 4319171.993, 140
Trd, 4319173.593, 140
Trd, 4319173.693, 140
Trd, 4319173.743, 126
Trd, 4319175.043, 137
Trd, 4319176.993, 131
Trd, 4319177.593, 135
Trd, 4319178.393, 132
Trd, 4319178.843, 131
Trd, 4319179.143, 135
Trd, 4319179.593, 133
Trd, 4319179.643, 132
Trd, 4319180.193, 132
Trd, 4319180.643, 131
Trd, 4319182.793, 130
Trd, 4319183.343, 133
Trd, 4319183.393, 132
Trd, 4319183.543, 113
Trd, 4319184.193, 139
Trd, 4319184.443, 96
Trd, 4319187.193, 68
Trd, 4319188.393, 70
Trd, 4319188.943, 75
Trd, 4319189.193, 92
Trd, 4319189.693, 71
Trd, 4319190.043, 70
Trd, 4319190.093, 69
Trd, 4319191.643, 111
Trd, 4319193.093, 129
Trd, 4319194.293, 140
Trd, 4319194.393, 140
Trd, 4319195.243, 140
Trd, 4319197.193, 140
Trd, 4319197.393, 140
Trd, 4319198.193, 140
Trd, 4319200.093, 140
Trd, 4319200.443, 140
Trd, 4319201.543, 140
Trd, 4319201.693, 133
Trd, 4319202.993, 117
Trd, 4319203.493, 136
Trd, 4319204.093, 140
Trd, 4319204.643, 129
Trd, 4319205.193, 129
Trd, 4319207.693, 129
Trd, 4319208.943, 139
Trd, 4319208.993, 136
Trd, 4319209.843, 135
Trd, 4319210.143, 134
Trd, 4319211.143, 140
Trd, 4319212.193, 140
Trd, 4319212.743, 140
Trd, 4319214.193, 124
Trd, 4319214.693, 137
Trd, 4319216.043, 139
Trd, 4319217.043, 137
Trd, 4319217.543, 133
Trd, 4319217.693, 131
Trd, 4319217.893, 134
Trd, 4319219.443, 140
Trd, 4319219.743, 140
Trd, 4319221.893, 140
Trd, 4319223.143, 140
Trd, 4319223.493, 140
Trd, 4319223.643, 140
Trd, 4319223.843, 140
Trd, 4319224.843, 93
Trd, 4319225.143, 92
Trd, 4319225.543, 110
Trd, 4319226.993, 137
Trd, 4319227.543, 118
Trd, 4319229.293, 118
Trd, 4319229.693, 118
Trd, 4319230.093, 140
Trd, 4319231.393, 135
Trd, 4319232.443, 135
Trd, 4319232.893, 135
Trd, 4319233.343, 135
Trd, 4319233.693, 140
Trd, 4319235.143, 140
Trd, 4319235.493, 139
Trd, 4319237.693, 138
Trd, 4319238.493, 139
Trd, 4319238.593, 138
Trd, 4319239.143, 124
Trd, 4319240.043, 140
Trd, 4319240.193, 140
Trd, 4319242.143, 140
Trd, 4319242.343, 140
Trd, 4319242.943, 140
Trd, 4319243.993, 132
Trd, 4319245.243, 140
Trd, 4319246.043, 140
Trd, 4319247.393, 140
Trd, 4319248.293, 140
Trd, 4319248.693, 140
Trd, 4319250.043, 140
Trd, 4319250.943, 140
Trd, 4319251.443, 140
Trd, 4319252.943, 140
Trd, 4319253.443, 140
Trd, 4319257.443, 140
Trd, 4319257.843, 140
Trd, 4319258.293, 140
Trd, 4319259.743, 140
Trd, 4319259.993, 140
Trd, 4319260.093, 140
Trd, 4319261.393, 140
Trd, 4319261.843, 140
Trd, 4319262.693, 140
Trd, 4319263.193, 140
Trd, 4319264.743, 103
Trd, 4319264.893, 126
Trd, 4319265.043, 110
Trd, 4319265.493, 102
Trd, 4319266.493, 103
Trd, 4319268.943, 140
Trd, 4319269.043, 140
Trd, 4319270.993, 140
Trd, 4319271.543, 140
Trd, 4319272.293, 138
Trd, 4319272.843, 108
Trd, 4319272.993, 107
Trd, 4319273.693, 98
Trd, 4319273.793, 109
Trd, 4319274.993, 103
Trd, 4319275.693, 111
Trd, 4319277.093, 140
Trd, 4319277.343, 140
Trd, 4319277.493, 140
Trd, 4319277.643, 138
Trd, 4319278.693, 140
Trd, 4319279.893, 140
Trd, 4319280.493, 140
Trd, 4319280.843, 140
Trd, 4319281.543, 140
Trd, 4319281.843, 140
Trd, 4319282.393, 140
Trd, 4319283.193, 117
Trd, 4319283.393, 115
Trd, 4319284.243, 105
Trd, 4319284.993, 83
Trd, 4319285.893, 140
Trd, 4319287.393, 140
Trd, 4319288.143, 140
Trd, 4319289.293, 140
Trd, 4319289.543, 135
Trd, 4319290.793, 112
Trd, 4319291.143, 113
Trd, 4319291.193, 112
Trd, 4319291.543, 95
Trd, 4319294.293, 136
Trd, 4319294.593, 136
Trd, 4319294.943, 133
Trd, 4319295.543, 116
Trd, 4319296.043, 131
Trd, 4319297.193, 121
Trd, 4319297.243, 120
Trd, 4319298.193, 130
Trd, 4319299.543, 125
Trd, 4319299.993, 125
Trd, 4319300.043, 119
Trd, 4319300.993, 134
Trd, 4319302.743, 129
Trd, 4319304.343, 140
Trd, 4319305.193, 140
Trd, 4319307.743, 140
Trd, 4319308.643, 140
Trd, 4319309.393, 140
Trd, 4319310.543, 140
Trd, 4319310.643, 140
Trd, 4319310.893, 140
Trd, 4319311.093, 140
Trd, 4319311.393, 140
Trd, 4319312.643, 117
Trd, 4319313.093, 126
Trd, 4319313.943, 140
Trd, 4319316.543, 140
Trd, 4319317.293, 140
Trd, 4319317.693, 140
Trd, 4319317.793, 140
Trd, 4319319.743, 140
Trd, 4319321.643, 140
Trd, 4319321.693, 140
Trd, 4319322.993, 140
Trd, 4319323.143, 140
Trd, 4319324.993, 140
Trd, 4319325.493, 140
Trd, 4319325.793, 140
Trd, 4319326.393, 140
Trd, 4319327.443, 140
Trd, 4319327.943, 140
Trd, 4319328.843, 140
Trd, 4319329.743, 140
Trd, 4319330.943, 140
Trd, 4319330.993, 140
Trd, 4319332.143, 140
Trd, 4319332.693, 139
Trd, 4319333.693, 140
Trd, 4319333.743, 119
Trd, 4319334.843, 140
Trd, 4319335.493, 140
Trd, 4319336.843, 140
Trd, 4319339.593, 140
Trd, 4319340.093, 140
Trd, 4319340.743, 140
Trd, 4319341.793, 140
Trd, 4319341.943, 140
Trd, 4319342.293, 140
Trd, 4319342.843, 140
Trd, 4319344.693, 140
Trd, 4319345.143, 140
Trd, 4319345.193, 140
Trd, 4319346.743, 140
Trd, 4319348.793, 140
Trd, 4319350.143, 140
Trd, 4319351.243, 140
Trd, 4319351.843, 140
Trd, 4319352.043, 140
Trd, 4319353.393, 140
Trd, 4319354.893, 139
Trd, 4319355.693, 140
Trd, 4319356.093, 140
Trd, 4319356.143, 140
Trd, 4319356.893, 140
Trd, 4319357.093, 129
Trd, 4319358.893, 127
Trd, 4319360.343, 132
Trd, 4319361.243, 133
Trd, 4319361.543, 131
Trd, 4319361.643, 130
Trd, 4319362.143, 128
Trd, 4319362.493, 127
Trd, 4319364.093, 132
Trd, 4319364.293, 127
Trd, 4319366.043, 140
Trd, 4319366.243, 140
Trd, 4319367.293, 140
Trd, 4319367.643, 140
Trd, 4319369.543, 140
Trd, 4319370.343, 140
Trd, 4319370.643, 140
Trd, 4319371.793, 140
Trd, 4319372.793, 140
Trd, 4319373.443, 140
Trd, 4319373.843, 140
Trd, 4319374.443, 140
Trd, 4319375.293, 140
Trd, 4319376.143, 140
Trd, 4319377.743, 140
Trd, 4319378.143, 140
Trd, 4319378.193, 140
Trd, 4319379.293, 140
Trd, 4319381.593, 140
Trd, 4319382.143, 140
Trd, 4319383.143, 140
Trd, 4319383.993, 140
Trd, 4319384.243, 140
Trd, 4319384.293, 139
Trd, 4319385.943, 127
Trd, 4319386.193, 128
Trd, 4319386.543, 133
Trd, 4319386.593, 128
Trd, 4319388.393, 140
Trd, 4319388.593, 139
Trd, 4319389.143, 137
Trd, 4319390.093, 119
Trd, 4319390.143, 118
Trd, 4319392.043, 132
Trd, 4319392.093, 136
Trd, 4319393.993, 122
Trd, 4319394.143, 120
Trd, 4319394.793, 140
Trd, 4319395.893, 121
Trd, 4319396.893, 123
Trd, 4319397.743, 124
Trd, 4319400.643, 140
Trd, 4319402.493, 140
Trd, 4319403.643, 140
Trd, 4319403.943, 140
Trd, 4319404.243, 140
Trd, 4319405.393, 140
Trd, 4319405.793, 140
Trd, 4319406.293, 140
Trd, 4319407.793, 139
Trd, 4319408.243, 87
Trd, 4319409.493, 131
Trd, 4319409.543, 130
Trd, 4319409.643, 134
Trd, 4319409.693, 129
Trd, 4319410.393, 128
Trd, 4319411.243, 121
Trd, 4319412.743, 122
Trd, 4319413.543, 122
Trd, 4319413.743, 122
Trd, 4319414.293, 121
Trd, 4319417.093, 133
Trd, 4319417.593, 136
Trd, 4319418.843, 140
Trd, 4319419.343, 140
Trd, 4319419.643, 140
Trd, 4319421.143, 140
Trd, 4319421.493, 137
Trd, 4319424.243, 140
Trd, 4319425.393, 140
Trd, 4319426.243, 133
Trd, 4319427.243, 134
Trd, 4319427.943, 136
Trd, 4319428.493, 140
Trd, 4319429.243, 140
Trd, 4319429.343, 139
Trd, 4319429.393, 123
Trd, 4319430.143, 100
Trd, 4319432.943, 134
Trd, 4319434.143, 140
Trd, 4319435.093, 140
Trd, 4319435.493, 140
Trd, 4319436.893, 140
Trd, 4319437.343, 140
Trd, 4319438.693, 140
Trd, 4319439.243, 140
Trd, 4319439.643, 140
Trd, 4319440.093, 140
Trd, 4319441.843, 140
Trd, 4319442.393, 140
Trd, 4319442.443, 140
Trd, 4319444.643, 140
Trd, 4319444.893, 140
Trd, 4319445.043, 140
Trd, 4319445.393, 130
Trd, 4319445.693, 129
Trd, 4319446.893, 68
Trd, 4319447.293, 65
Trd, 4319448.293, 120
Trd, 4319449.943, 111
Trd, 4319451.843, 60
Trd, 4319451.893, 60
Trd, 4319452.093, 76
Trd, 4319456.543, 61
Trd, 4319457.093, 101
Trd, 4319457.593, 68
Trd, 4319457.643, 69
Trd, 4319458.493, 110
Trd, 4319458.893, 66
Trd, 4319459.693, 107
Trd, 4319461.843, 92
Trd, 4319463.143, 134
Trd, 4319463.193, 126
Trd, 4319463.343, 126
Trd, 4319464.143, 126
Trd, 4319464.693, 138
Trd, 4319465.043, 137
Trd, 4319465.793, 114
Trd, 4319465.993, 113
Trd, 4319468.643, 62
Trd, 4319468.693, 123
Trd, 4319469.493, 64
Trd, 4319470.143, 120
Trd, 4319470.243, 119
Trd, 4319472.443, 140
Trd, 4319472.543, 140
Trd, 4319472.743, 131
Trd, 4319473.693, 136
Trd, 4319474.193, 136
Trd, 4319474.893, 138
Trd, 4319475.843, 113
Trd, 4319477.043, 133
Trd, 4319477.493, 136
Trd, 4319477.693, 136
Trd, 4319478.343, 133
Trd, 4319479.793, 140
Trd, 4319480.593, 99
Trd, 4319481.793, 140
Trd, 4319482.693, 117
Trd, 4319483.943, 132
Trd, 4319484.093, 131
Trd, 4319484.643, 139
Trd, 4319485.243, 140
Trd, 4319485.293, 139
Trd, 4319486.043, 140
Trd, 4319486.443, 140
Trd, 4319487.393, 140
Trd, 4319487.493, 140
Trd, 4319488.743, 140
Trd, 4319489.243, 139
Trd, 4319489.643, 120
Trd, 4319490.193, 119
Trd, 4319490.243, 119
Trd, 4319491.293, 140
Trd, 4319491.993, 140
Trd, 4319493.393, 140
Trd, 4319494.093, 140
Trd, 4319495.293, 140
Trd, 4319495.743, 140
Trd, 4319496.743, 140
Trd, 4319497.993, 140
Trd, 4319498.393, 140
Trd, 4319498.793, 140
Trd, 4319499.493, 140
Trd, 4319499.893, 140
Trd, 4319500.593, 140
Trd, 4319500.793, 140
Trd, 4319501.193, 139
Trd, 4319502.593, 132
Trd, 4319502.843, 130
Trd, 4319504.293, 124
Trd, 4319505.593, 140
Trd, 4319505.843, 140
Trd, 4319506.043, 140
Trd, 4319507.343, 137
Trd, 4319507.893, 122
Trd, 4319509.193, 124
Trd, 4319510.993, 140
Trd, 4319511.193, 140
Trd, 4319511.343, 140
Trd, 4319511.743, 140
Trd, 4319512.743, 133
Trd, 4319513.043, 140
Trd, 4319514.293, 128
Trd, 4319515.493, 90
Trd, 4319516.543, 128
Trd, 4319517.993, 136
Trd, 4319519.093, 140
Trd, 4319519.993, 140
Trd, 4319521.243, 140
Trd, 4319521.393, 140
Trd, 4319522.693, 140
Trd, 4319524.643, 140
Trd, 4319524.793, 140
Trd, 4319525.143, 140
Trd, 4319525.293, 140
Trd, 4319525.393, 140
Trd, 4319529.243, 140
Trd, 4319529.443, 140
Trd, 4319529.993, 140
Trd, 4319530.193, 140
Trd, 4319530.343, 140
Trd, 4319530.893, 140
Trd, 4319531.043, 132
Trd, 4319532.193, 139
Trd, 4319532.493, 118
Trd, 4319532.843, 128
Trd, 4319533.093, 128
Trd, 4319533.843, 134
Trd, 4319536.543, 140
Trd, 4319536.593, 140
Trd, 4319537.143, 140
Trd, 4319537.693, 139
Trd, 4319538.843, 140
Trd, 4319539.193, 139
Trd, 4319539.343, 130
Trd, 4319539.893, 121
Trd, 4319539.943, 101
Trd, 4319541.793, 109
Trd, 4319544.743, 136
Trd, 4319545.093, 133
Trd, 4319546.093, 89
Trd, 4319547.093, 92
Trd, 4319547.393, 135
Trd, 4319549.593, 123
Trd, 4319550.043, 124
Trd, 4319550.543, 124
Trd, 4319551.543, 124
Trd, 4319552.093, 136
Trd, 4319553.393, 129
Trd, 4319553.743, 129
Trd, 4319554.243, 140
Trd, 4319554.293, 139
Trd, 4319554.893, 139
Trd, 4319556.043, 135
Trd, 4319557.793, 123
Trd, 4319559.293, 125
Trd, 4319559.343, 124
Trd, 4319559.893, 130
Trd, 4319561.543, 140
Trd, 4319562.043, 140
Trd, 4319562.943, 140
Trd, 4319564.343, 129
Trd, 4319565.643, 140
Trd, 4319567.343, 140
Trd, 4319567.593, 140
Trd, 4319569.493, 140
Trd, 4319569.543, 140
Trd, 4319570.093, 140
Trd, 4319571.093, 140
Trd, 4319572.193, 140
Trd, 4319574.343, 140
Trd, 4319574.893, 140
Trd, 4319575.193, 140
Trd, 4319575.693, 140
Trd, 4319576.093, 140
Trd, 4319577.443, 140
Trd, 4319578.193, 140
Trd, 4319578.793, 140
Trd, 4319580.293, 140
Trd, 4319582.643, 140
Trd, 4319583.443, 140
Trd, 4319583.943, 140
Trd, 4319584.243, 140
Trd, 4319584.693, 140
Trd, 4319588.193, 140
Trd, 4319588.993, 140
Trd, 4319590.143, 140
Trd, 4319590.743, 140
Trd, 4319592.143, 140
Trd, 4319592.393, 140
Trd, 4319593.493, 140
Trd, 4319594.493, 140
Trd, 4319594.743, 140
Trd, 4319595.093, 138
Trd, 4319595.393, 137
Trd, 4319596.743, 139
Trd, 4319597.343, 123
Trd, 4319598.543, 121
Trd, 4319600.043, 140
Trd, 4319600.243, 140
Trd, 4319601.393, 140
Trd, 4319603.093, 140
Trd, 4319603.243, 140
Trd, 4319605.043, 140
Trd, 4319605.793, 140
Trd, 4319605.893, 140
Trd, 4319606.243, 140
Trd, 4319606.993, 140
Trd, 4319607.143, 140
Trd, 4319608.393, 138
Trd, 4319609.593, 140
Trd, 4319609.643, 139
Trd, 4319610.693, 138
Trd, 4319611.193, 138
Trd, 4319612.893, 140
Trd, 4319614.143, 140
Trd, 4319615.593, 140
Trd, 4319615.743, 140
Trd, 4319617.193, 140
Trd, 4319617.443, 140
Trd, 4319618.193, 140
Trd, 4319619.443, 115
Trd, 4319621.043, 96
Trd, 4319623.693, 140
Trd, 4319623.793, 140
Trd, 4319623.843, 140
Trd, 4319625.493, 140
Trd, 4319626.293, 140
Trd, 4319626.593, 140
Trd, 4319626.993, 137
Trd, 4319628.143, 140
Trd, 4319628.293, 140
Trd, 4319628.443, 140
Trd, 4319628.893, 140
Trd, 4319629.593, 140
Trd, 4319630.143, 140
Trd, 4319630.343, 140
Trd, 4319631.843, 140
Trd, 4319632.043, 140
Trd, 4319633.743, 140
Trd, 4319633.793, 140
Trd, 4319633.843, 132
Trd, 4319635.393, 122
Trd, 4319637.393, 134
Trd, 4319637.493, 133
Trd, 4319637.893, 129
Trd, 4319638.043, 124
Trd, 4319638.943, 138
Trd, 4319640.543, 96
Trd, 4319640.993, 114
Trd, 4319641.993, 134
Trd, 4319643.393, 120
Trd, 4319644.643, 140
Trd, 4319644.893, 140
Trd, 4319645.393, 140
Trd, 4319646.993, 139
Trd, 4319647.643, 139
Trd, 4319647.893, 140
Trd, 4319648.443, 140
Trd, 4319649.943, 140
Trd, 4319651.643, 140
Trd, 4319651.743, 140
Trd, 4319652.493, 140
Trd, 4319652.843, 140
Trd, 4319653.043, 140
Trd, 4319653.193, 140
Trd, 4319653.393, 134
Trd, 4319653.493, 109
Trd, 4319655.993, 122
Trd, 4319657.743, 140
Trd, 4319658.943, 140
Trd, 4319658.993, 140
Trd, 4319660.393, 140
Trd, 4319660.493, 140
Trd, 4319660.893, 140
Trd, 4319661.993, 129
Trd, 4319663.743, 136
Trd, 4319664.293, 140
Trd, 4319664.543, 139
Trd, 4319665.593, 140
Trd, 4319665.793, 140
Trd, 4319666.843, 140
Trd, 4319669.043, 140
Trd, 4319670.843, 140
Trd, 4319671.093, 140
Trd, 4319671.243, 140
Trd, 4319671.343, 140
Trd, 4319674.993, 140
Trd, 4319675.543, 140
Trd, 4319675.943, 140
Trd, 4319676.293, 140
Trd, 4319676.543, 131
Trd, 4319676.593, 126
Trd, 4319676.993, 140
Trd, 4319678.843, 116
Trd, 4319678.993, 117
Trd, 4319679.543, 129
Trd, 4319680.893, 128
Trd, 4319681.543, 89
Trd, 4319682.593, 140
Trd, 4319683.643, 140
Trd, 4319684.293, 140
Trd, 4319684.793, 140
Trd, 4319685.093, 140
Trd, 4319685.693, 140
Trd, 4319685.743, 112
Trd, 4319687.993, 89
Trd, 4319688.493, 90
Trd, 4319689.293, 92
Trd, 4319689.943, 139
Trd, 4319690.293, 138
Trd, 4319692.293, 137
Trd, 4319692.443, 136
Trd, 4319693.243, 140
Trd, 4319693.793, 140
Trd, 4319696.193, 140
Trd, 4319698.643, 140
Trd, 4319700.043, 140
Trd, 4319700.943, 140
Trd, 4319701.343, 140
Trd, 4319701.393, 140
Trd, 4319702.843, 122
Trd, 4319703.743, 133
Trd, 4319704.793, 135
Trd, 4319705.793, 140
Trd, 4319706.543, 140
Trd, 4319706.893, 140
Trd, 4319708.493, 140
Trd, 4319709.293, 140
Trd, 4319709.393, 140
Trd, 4319709.693, 140
Trd, 4319710.993, 140
Trd, 4319711.443, 140
Trd, 4319712.743, 140
Trd, 4319713.293, 140
Trd, 4319715.043, 140
Trd, 4319715.243, 140
Trd, 4319715.293, 140
Trd, 4319716.793, 140
Trd, 4319716.893, 140
Trd, 4319717.293, 123
Trd, 4319718.093, 137
Trd, 4319720.243, 140
Trd, 4319722.593, 140
Trd, 4319723.393, 140
Trd, 4319723.593, 140
Trd, 4319724.793, 140
Trd, 4319725.193, 140
Trd, 4319726.043, 140
Trd, 4319726.243, 139
Trd, 4319727.893, 137
Trd, 4319728.393, 132
Trd, 4319729.343, 124
Trd, 4319730.893, 133
Trd, 4319731.343, 134
Trd, 4319733.943, 140
Trd, 4319735.443, 140
Trd, 4319735.693, 140
Trd, 4319736.343, 140
Trd, 4319738.093, 140
Trd, 4319740.143, 140
Trd, 4319740.843, 140
Trd, 4319741.943, 140
Trd, 4319742.893, 140
Trd, 4319743.393, 140
Trd, 4319743.543, 140
Trd, 4319743.943, 140
Trd, 4319745.393, 140
Trd, 4319745.443, 140
Trd, 4319745.943, 140
Trd, 4319746.643, 140
Trd, 4319747.343, 139
Trd, 4319749.193, 140
Trd, 4319750.493, 140
Trd, 4319750.743, 140
Trd, 4319751.093, 140
Trd, 4319751.143, 140
Trd, 4319752.743, 140
Trd, 4319752.793, 140
Trd, 4319753.893, 136
Trd, 4319754.243, 139
Trd, 4319755.693, 128
Trd, 4319757.293, 140
Trd, 4319757.443, 140
Trd, 4319758.693, 140
Trd, 4319759.893, 140
Trd, 4319760.743, 140
Trd, 4319761.643, 140
Trd, 4319762.193, 140
Trd, 4319762.243, 140
Trd, 4319762.443, 139
Trd, 4319763.693, 87
Trd, 4319764.993, 138
Trd, 4319765.743, 140
Trd, 4319766.843, 140
Trd, 4319766.893, 140
Trd, 4319767.243, 140
Trd, 4319768.543, 140
Trd, 4319770.543, 140
Trd, 4319771.193, 140
Trd, 4319771.693, 140
Trd, 4319771.843, 140
Trd, 4319772.393, 140
Trd, 4319773.343, 140
Trd, 4319774.893, 140
Trd, 4319776.243, 140
Trd, 4319778.543, 140
Trd, 4319779.393, 140
Trd, 4319779.693, 140
Trd, 4319780.493, 140
Trd, 4319782.643, 140
Trd, 4319782.743, 140
Trd, 4319783.393, 140
Trd, 4319783.543, 140
Trd, 4319784.193, 134
Trd, 4319784.643, 133
Trd, 4319785.943, 140
Trd, 4319786.443, 140
Trd, 4319787.243, 140
Trd, 4319787.943, 140
Trd, 4319789.043, 140
Trd, 4319789.793, 136
Trd, 4319790.493, 110
Trd, 4319791.143, 127
Trd, 4319791.393, 96
Trd, 4319792.143, 107
Trd, 4319793.643, 134
Trd, 4319794.493, 130
Trd, 4319795.143, 131
Trd, 4319795.793, 103
Trd, 4319796.093, 101
Trd, 4319796.143, 97
Trd, 4319797.693, 117
Trd, 4319798.593, 134
Trd, 4319798.843, 116
Trd, 4319799.043, 100
Trd, 4319800.793, 138
Trd, 4319801.893, 138
Trd, 4319802.493, 137
Trd, 4319802.843, 137
Trd, 4319803.743, 140
Trd, 4319804.293, 140
Trd, 4319804.893, 140
Trd, 4319804.943, 138
Trd, 4319806.643, 140
Trd, 4319807.293, 140
Trd, 4319807.543, 140
Trd, 4319807.893, 139
Trd, 4319809.093, 140
Trd, 4319810.243, 140
Trd, 4319810.393, 140
Trd, 4319810.843, 140
Trd, 4319811.243, 140
Trd, 4319813.043, 140
Trd, 4319813.943, 140
Trd, 4319815.593, 140
Trd, 4319815.643, 140
Trd, 4319816.343, 140
Trd, 4319817.043, 140
Trd, 4319818.443, 140
Trd, 4319820.343, 140
Trd, 4319820.893, 140
Trd, 4319821.593, 140
Trd, 4319822.243, 140
Trd, 4319822.893, 140
Trd, 4319824.893, 140
Trd, 4319826.643, 140
Trd, 4319826.743, 140
Trd, 4319827.293, 140
Trd, 4319829.893, 140
Trd, 4319830.543, 140
Trd, 4319831.293, 140
Trd, 4319832.443, 140
Trd, 4319832.793, 140
Trd, 4319832.943, 140
Trd, 4319833.043, 140
Trd, 4319833.193, 140
Trd, 4319833.993, 140
Trd, 4319834.393, 140
Trd, 4319835.043, 124
Trd, 4319836.143, 126
Trd, 4319836.743, 127
Trd, 4319836.843, 116
Trd, 4319837.493, 115
Trd, 4319837.843, 98
Trd, 4319839.243, 140
Trd, 4319840.393, 120
Trd, 4319841.243, 129
Trd, 4319841.793, 126
Trd, 4319842.743, 129
Trd, 4319843.293, 132
Trd, 4319843.943, 132
Trd, 4319844.743, 133
Trd, 4319845.443, 140
Trd, 4319847.443, 140
Trd, 4319847.493, 140
Trd, 4319848.693, 140
Trd, 4319849.493, 140
Trd, 4319850.843, 140
Trd, 4319851.593, 140
Trd, 4319853.393, 140
Trd, 4319854.143, 140
Trd, 4319854.543, 140
Trd, 4319855.643, 124
Trd, 4319856.193, 137
Trd, 4319856.793, 137
Trd, 4319857.393, 140
Trd, 4319857.893, 140
Trd, 4319858.693, 140
Trd, 4319861.493, 140
Trd, 4319861.893, 140
Trd, 4319862.993, 140
Trd, 4319863.093, 140
Trd, 4319863.943, 140
Trd, 4319865.793, 140
Trd, 4319865.893, 140
Trd, 4319866.443, 140
Trd, 4319866.593, 140
Trd, 4319868.943, 140
Trd, 4319869.593, 140
Trd, 4319870.493, 140
Trd, 4319870.843, 140
Trd, 4319871.043, 140
Trd, 4319872.043, 140
Trd, 4319873.393, 140
Trd, 4319873.443, 140
Trd, 4319874.293, 140
Trd, 4319874.543, 140
Trd, 4319874.993, 110
Trd, 4319877.143, 112
Trd, 4319877.343, 112
Trd, 4319878.043, 140
Trd, 4319879.443, 140
Trd, 4319879.693, 140
Trd, 4319880.443, 140
Trd, 4319880.543, 140
Trd, 4319881.043, 140
Trd, 4319881.993, 140
Trd, 4319882.143, 140
Trd, 4319882.893, 122
Trd, 4319883.493, 130
Trd, 4319883.743, 122
Trd, 4319885.493, 86
Trd, 4319885.943, 85
Trd, 4319886.893, 117
Trd, 4319886.993, 83
Trd, 4319887.593, 86
Trd, 4319888.493, 99
Trd, 4319889.193, 125
Trd, 4319889.393, 125
Trd, 4319889.793, 140
Trd, 4319892.043, 140
Trd, 4319892.943, 140
Trd, 4319893.493, 140
Trd, 4319894.393, 140
Trd, 4319894.643, 140
Trd, 4319896.093, 140
Trd, 4319896.493, 140
Trd, 4319896.893, 140
Trd, 4319897.093, 140
Trd, 4319898.243, 140
Trd, 4319899.343, 140
Trd, 4319899.593, 140
Trd, 4319900.693, 134
Trd, 4319900.793, 131
Trd, 4319901.493, 91
Trd, 4319903.143, 140
Trd, 4319903.693, 139
Trd, 4319904.043, 140
Trd, 4319904.193, 95
Trd, 4319906.443, 125
Trd, 4319906.493, 124
Trd, 4319906.793, 139
Trd, 4319907.543, 138
Trd, 4319908.093, 137
Trd, 4319910.643, 139
Trd, 4319911.143, 140
Trd, 4319911.943, 140
Trd, 4319912.393, 140
Trd, 4319913.143, 140
Trd, 4319913.343, 140
Trd, 4319914.243, 132
Trd, 4319916.143, 140
Trd, 4319917.343, 140
Trd, 4319917.593, 140
Trd, 4319918.193, 140
Trd, 4319920.043, 140
Trd, 4319920.793, 140
Trd, 4319920.893, 140
Trd, 4319921.093, 140
Trd, 4319921.593, 140
Trd, 4319921.893, 140
Trd, 4319922.243, 140
Trd, 4319923.543, 140
Trd, 4319925.393, 140
Trd, 4319926.943, 117
Trd, 4319927.643, 140
Trd, 4319927.793, 140
Trd, 4319927.943, 114
Trd, 4319929.393, 107
Trd, 4319929.443, 106
Trd, 4319931.643, 140
Trd, 4319932.143, 140
Trd, 4319932.493, 140
Trd, 4319933.443, 140
Trd, 4319933.993, 139
Trd, 4319934.593, 140
Trd, 4319934.943, 110
Trd, 4319936.243, 117
Trd, 4319938.293, 140
Trd, 4319939.543, 140
Trd, 4319939.843, 140
Trd, 4319941.043, 140
Trd, 4319941.343, 140
Trd, 4319941.493, 140
Trd, 4319941.893, 140
Trd, 4319942.643, 120
Trd, 4319943.543, 95
Trd, 4319944.093, 120
Trd, 4319944.643, 136
Trd, 4319944.993, 140
Trd, 4319946.443, 140
Trd, 4319946.943, 140
Trd, 4319947.043, 138
Trd, 4319947.943, 127
Trd, 4319948.393, 113
Trd, 4319949.893, 133
Trd, 4319950.693, 135
Trd, 4319952.843, 140
Trd, 4319953.943, 140
Trd, 4319954.143, 140
Trd, 4319956.593, 140
Trd, 4319957.643, 140
Trd, 4319959.343, 140
Trd, 4319960.343, 140
Trd, 4319961.143, 140
Trd, 4319961.343, 140
Trd, 4319963.843, 140
Trd, 4319963.893, 140
Trd, 4319964.443, 140
Trd, 4319965.593, 140
Trd, 4319966.593, 140
Trd, 4319966.943, 140
Trd, 4319967.443, 140
Trd, 4319968.193, 140
Trd, 4319969.243, 140
Trd, 4319969.843, 140
Trd, 4319970.593, 140
Trd, 4319971.043, 140
Trd, 4319972.243, 140
Trd, 4319972.643, 140
Trd, 4319973.193, 140
Trd, 4319973.493, 140
Trd, 4319974.893, 140
Trd, 4319977.543, 140
Trd, 4319978.693, 140
Trd, 4319979.343, 140
Trd, 4319979.843, 140
Trd, 4319980.243, 140
Trd, 4319980.343, 140
Trd, 4319981.643, 140
Trd, 4319982.843, 140
Trd, 4319983.393, 140
Trd, 4319985.743, 140
Trd, 4319986.193, 140
Trd, 4319986.593, 140
Trd, 4319987.543, 140
Trd, 4319988.543, 140
Trd, 4319988.643, 140
Trd, 4319989.243, 140
Trd, 4319989.493, 140
Trd, 4319991.493, 140
Trd, 4319991.693, 140
Trd, 4319991.743, 140
Trd, 4319993.343, 139
Trd, 4319993.393, 135
Trd, 4319993.943, 136
Trd, 4319994.793, 136
Trd, 4319995.443, 138
Trd, 4319996.193, 140
Trd, 4319999.493, 140
Trd, 4319999.743, 140
