Trd, 4318121.593, 69
Trd, 4318122.193, 72
Trd, 4318122.343, 112
Trd, 4318122.793, 139
Trd, 4318124.243, 132
Trd, 4318124.543, 139
Trd, 4318124.693, 138
Trd, 4318126.443, 140
Trd, 4318127.243, 139
Trd, 4318127.543, 127
Trd, 4318128.243, 129
Trd, 4318129.043, 123
Trd, 4318129.543, 86
Trd, 4318129.793, 84
Trd, 4318130.243, 124
Trd, 4318130.893, 130
Trd, 4318131.143, 127
Trd, 4318132.243, 78
Trd, 4318133.093, 98
Trd, 4318133.593, 105
Trd, 4318133.943, 127
Trd, 4318134.043, 93
Trd, 4318134.393, 61
Trd, 4318135.443, 67
Trd, 4318135.893, 103
Trd, 4318136.793, 104
Trd, 4318137.493, 118
Trd, 4318137.593, 110
Trd, 4318139.993, 104
Trd, 4318140.243, 108
Trd, 4318141.143, 124
Trd, 4318142.093, 134
Trd, 4318142.393, 109
Trd, 4318143.043, 122
Trd, 4318144.193, 137
Trd, 4318144.993, 139
Trd, 4318145.143, 124
Trd, 4318145.443, 115
Trd, 4318146.993, 140
Trd, 4318149.543, 132
Trd, 4318149.743, 133
Trd, 4318150.443, 136
Trd, 4318151.243, 140
Trd, 4318152.893, 140
Trd, 4318153.193, 139
Trd, 4318155.543, 139
Trd, 4318155.793, 133
Trd, 4318156.043, 136
Trd, 4318156.393, 137
Trd, 4318156.443, 134
Trd, 4318158.143, 130
Trd, 4318158.293, 128
Trd, 4318158.593, 122
Trd, 4318160.093, 140
Trd, 4318161.143, 133
Trd, 4318161.243, 94
Trd, 4318161.943, 131
Trd, 4318162.343, 131
Trd, 4318163.493, 127
Trd, 4318163.543, 104
Trd, 4318163.743, 102
Trd, 4318164.693, 140
Trd, 4318165.393, 139
Trd, 4318165.943, 120
Trd, 4318166.543, 107
Trd, 4318166.943, 108
Trd, 4318167.143, 137
Trd, 4318167.493, 79
Trd, 4318168.493, 83
Trd, 4318170.143, 119
Trd, 4318171.743, 107
Trd, 4318172.943, 140
Trd, 4318173.093, 129
Trd, 4318173.143, 123
Trd, 4318173.843, 122
Trd, 4318174.193, 140
Trd, 4318175.893, 130
Trd, 4318176.493, 119
Trd, 4318176.593, 111
Trd, 4318178.343, 64
Trd, 4318178.843, 71
Trd, 4318179.093, 72
Trd, 4318179.343, 63
Trd, 4318179.593, 67
Trd, 4318180.343, 81
Trd, 4318181.693, 100
Trd, 4318182.293, 137
Trd, 4318183.443, 119
Trd, 4318185.193, 118
Trd, 4318185.393, 113
Trd, 4318185.893, 112
Trd, 4318186.443, 127
Trd, 4318186.843, 122
Trd, 4318187.443, 93
Trd, 4318188.443, 140
Trd, 4318189.793, 112
Trd, 4318190.443, 123
Trd, 4318190.793, 122
Trd, 4318190.893, 115
Trd, 4318194.493, 131
Trd, 4318194.843, 119
Trd, 4318195.193, 116
Trd, 4318195.643, 90
Trd, 4318196.093, 135
Trd, 4318197.593, 128
Trd, 4318197.743, 126
Trd, 4318198.143, 123
Trd, 4318198.443, 93
Trd, 4318199.893, 133
Trd, 4318199.993, 132
Trd, 4318200.043, 130
Trd, 4318200.093, 87
Trd, 4318201.693, 126
Trd, 4318203.093, 140
Trd, 4318203.993, 134
Trd, 4318204.493, 140
Trd, 4318204.793, 133
Trd, 4318205.243, 139
Trd, 4318206.243, 140
Trd, 4318206.493, 126
Trd, 4318207.043, 122
Trd, 4318208.893, 118
Trd, 4318209.093, 112
Trd, 4318209.743, 80
Trd, 4318209.843, 123
Trd, 4318211.793, 66
Trd, 4318213.043, 65
Trd, 4318213.693, 126
Trd, 4318213.943, 134
Trd, 4318214.643, 132
Trd, 4318215.593, 126
Trd, 4318216.443, 107
Trd, 4318217.293, 108
Trd, 4318217.943, 91
Trd, 4318218.343, 125
Trd, 4318220.093, 83
Trd, 4318220.643, 92
Trd, 4318220.843, 72
Trd, 4318220.993, 72
Trd, 4318221.443, 102
Trd, 4318222.593, 79
Trd, 4318222.943, 135
Trd, 4318223.543, 117
Trd, 4318223.843, 116
Trd, 4318224.893, 135
Trd, 4318225.443, 103
Trd, 4318226.043, 100
Trd, 4318227.743, 138
Trd, 4318227.843, 117
Trd, 4318228.193, 107
Trd, 4318228.593, 100
Trd, 4318229.293, 118
Trd, 4318229.893, 134
Trd, 4318230.193, 116
Trd, 4318231.543, 132
Trd, 4318231.643, 112
Trd, 4318232.893, 95
Trd, 4318233.193, 81
Trd, 4318233.393, 79
Trd, 4318234.393, 103
Trd, 4318236.043, 130
Trd, 4318236.543, 139
Trd, 4318236.993, 127
Trd, 4318237.543, 125
Trd, 4318237.843, 124
Trd, 4318237.893, 89
Trd, 4318239.043, 99
Trd, 4318239.343, 128
Trd, 4318240.293, 119
Trd, 4318240.393, 115
Trd, 4318241.393, 127
Trd, 4318242.043, 129
Trd, 4318242.493, 128
Trd, 4318244.593, 115
Trd, 4318245.393, 98
Trd, 4318245.543, 128
Trd, 4318246.843, 134
Trd, 4318247.243, 138
Trd, 4318247.443, 129
Trd, 4318248.343, 105
Trd, 4318248.593, 106
Trd, 4318249.593, 102
Trd, 4318250.743, 133
Trd, 4318251.343, 132
Trd, 4318251.443, 119
Trd, 4318251.743, 108
Trd, 4318251.943, 129
Trd, 4318252.843, 111
Trd, 4318253.543, 97
Trd, 4318254.543, 86
Trd, 4318254.843, 90
Trd, 4318255.593, 72
Trd, 4318257.043, 140
Trd, 4318258.193, 113
Trd, 4318258.693, 132
Trd, 4318259.343, 92
Trd, 4318259.943, 120
Trd, 4318260.843, 79
Trd, 4318261.243, 127
Trd, 4318261.443, 109
Trd, 4318264.793, 99
Trd, 4318265.193, 131
Trd, 4318265.543, 123
Trd, 4318265.693, 95
Trd, 4318265.793, 85
Trd, 4318265.893, 110
Trd, 4318267.293, 139
Trd, 4318267.893, 117
Trd, 4318269.143, 131
Trd, 4318271.043, 115
Trd, 4318271.243, 119
Trd, 4318271.693, 110
Trd, 4318271.893, 95
Trd, 4318273.293, 64
Trd, 4318273.443, 77
Trd, 4318274.043, 114
Trd, 4318274.493, 106
Trd, 4318275.193, 97
Trd, 4318275.743, 126
Trd, 4318276.143, 134
Trd, 4318277.243, 123
Trd, 4318277.693, 118
Trd, 4318278.743, 66
Trd, 4318279.293, 124
Trd, 4318279.693, 108
Trd, 4318280.243, 106
Trd, 4318281.643, 99
Trd, 4318281.943, 93
Trd, 4318282.493, 102
Trd, 4318283.493, 138
Trd, 4318283.693, 137
Trd, 4318284.093, 136
Trd, 4318285.043, 130
Trd, 4318285.743, 124
Trd, 4318286.143, 140
Trd, 4318286.293, 115
Trd, 4318287.343, 113
Trd, 4318288.843, 100
Trd, 4318289.193, 73
Trd, 4318290.393, 115
Trd, 4318291.893, 136
Trd, 4318292.293, 135
Trd, 4318292.593, 134
Trd, 4318294.143, 130
Trd, 4318295.043, 140
Trd, 4318295.193, 137
Trd, 4318295.443, 129
Trd, 4318296.743, 119
Trd, 4318297.043, 121
Trd, 4318297.543, 132
Trd, 4318297.693, 139
Trd, 4318298.743, 133
Trd, 4318299.193, 129
Trd, 4318299.493, 127
Trd, 4318299.543, 111
Trd, 4318301.243, 130
Trd, 4318301.893, 104
Trd, 4318302.543, 140
Trd, 4318302.693, 126
Trd, 4318304.193, 130
Trd, 4318304.293, 123
Trd, 4318305.593, 140
Trd, 4318306.343, 140
Trd, 4318306.843, 139
Trd, 4318307.593, 136
Trd, 4318307.643, 133
Trd, 4318309.043, 110
Trd, 4318309.093, 106
Trd, 4318309.543, 82
Trd, 4318310.293, 91
Trd, 4318312.043, 139
Trd, 4318312.243, 134
Trd, 4318312.793, 104
Trd, 4318313.143, 115
Trd, 4318313.243, 96
Trd, 4318314.543, 76
Trd, 4318315.393, 98
Trd, 4318315.593, 122
Trd, 4318315.693, 77
Trd, 4318317.743, 103
Trd, 4318318.393, 139
Trd, 4318318.493, 133
Trd, 4318319.543, 121
Trd, 4318319.993, 137
Trd, 4318320.043, 104
Trd, 4318321.043, 68
Trd, 4318321.343, 109
Trd, 4318323.193, 73
Trd, 4318325.643, 95
Trd, 4318326.193, 117
Trd, 4318326.793, 118
Trd, 4318327.393, 126
Trd, 4318327.443, 107
Trd, 4318327.543, 96
Trd, 4318329.093, 139
Trd, 4318329.393, 137
Trd, 4318329.443, 132
Trd, 4318329.543, 116
Trd, 4318330.043, 62
Trd, 4318330.593, 107
Trd, 4318331.193, 137
Trd, 4318332.043, 86
Trd, 4318333.393, 112
Trd, 4318333.543, 116
Trd, 4318334.543, 133
Trd, 4318335.093, 128
Trd, 4318335.893, 137
Trd, 4318337.343, 138
Trd, 4318337.743, 133
Trd, 4318338.193, 127
Trd, 4318338.393, 125
Trd, 4318340.143, 136
Trd, 4318340.243, 130
Trd, 4318340.843, 132
Trd, 4318341.193, 94
Trd, 4318341.643, 83
Trd, 4318341.743, 78
Trd, 4318342.193, 127
Trd, 4318342.793, 139
Trd, 4318343.893, 139
Trd, 4318344.443, 138
Trd, 4318345.493, 122
Trd, 4318345.993, 126
Trd, 4318346.443, 118
Trd, 4318347.543, 136
Trd, 4318348.093, 126
Trd, 4318348.993, 69
Trd, 4318349.143, 71
Trd, 4318349.993, 118
Trd, 4318350.343, 102
Trd, 4318350.843, 105
Trd, 4318351.343, 92
Trd, 4318352.343, 75
Trd, 4318353.193, 87
Trd, 4318353.893, 140
Trd, 4318354.743, 122
Trd, 4318354.793, 117
Trd, 4318355.243, 101
Trd, 4318356.793, 134
Trd, 4318357.893, 125
Trd, 4318358.543, 94
Trd, 4318359.093, 85
Trd, 4318360.943, 62
Trd, 4318361.043, 73
Trd, 4318361.293, 105
Trd, 4318361.843, 89
Trd, 4318362.093, 134
Trd, 4318363.493, 69
Trd, 4318363.843, 86
Trd, 4318364.843, 105
Trd, 4318365.443, 100
Trd, 4318366.993, 100
Trd, 4318367.393, 84
Trd, 4318367.893, 95
Trd, 4318367.943, 82
Trd, 4318367.993, 103
Trd, 4318368.143, 132
Trd, 4318369.943, 127
Trd, 4318371.643, 125
Trd, 4318371.743, 131
Trd, 4318372.893, 138
Trd, 4318372.943, 132
Trd, 4318373.143, 121
Trd, 4318374.043, 83
Trd, 4318374.643, 125
Trd, 4318375.793, 138
Trd, 4318376.293, 102
Trd, 4318376.543, 136
Trd, 4318376.793, 85
Trd, 4318379.043, 135
Trd, 4318379.743, 137
Trd, 4318379.943, 125
Trd, 4318381.693, 137
Trd, 4318382.143, 129
Trd, 4318382.993, 133
Trd, 4318384.043, 130
Trd, 4318384.593, 121
Trd, 4318385.793, 127
Trd, 4318386.243, 140
Trd, 4318386.343, 126
Trd, 4318387.943, 138
Trd, 4318389.143, 133
Trd, 4318389.293, 127
Trd, 4318390.493, 139
Trd, 4318391.243, 129
Trd, 4318391.443, 127
Trd, 4318391.943, 118
Trd, 4318392.243, 120
Trd, 4318393.293, 121
Trd, 4318393.693, 110
Trd, 4318394.543, 129
Trd, 4318394.643, 111
Trd, 4318396.093, 135
Trd, 4318396.693, 114
Trd, 4318398.193, 124
Trd, 4318398.893, 72
Trd, 4318399.993, 60
Trd, 4318400.143, 66
Trd, 4318400.643, 85
Trd, 4318401.793, 122
Trd, 4318402.293, 72
Trd, 4318404.293, 71
Trd, 4318404.743, 125
Trd, 4318405.243, 120
Trd, 4318405.293, 118
Trd, 4318405.493, 137
Trd, 4318406.743, 137
Trd, 4318407.693, 136
Trd, 4318407.743, 130
Trd, 4318408.493, 111
Trd, 4318409.793, 129
Trd, 4318409.843, 123
Trd, 4318410.843, 121
Trd, 4318411.043, 96
Trd, 4318412.893, 134
Trd, 4318413.393, 138
Trd, 4318414.543, 125
Trd, 4318415.793, 117
Trd, 4318415.893, 110
Trd, 4318417.293, 122
Trd, 4318417.343, 130
Trd, 4318417.493, 134
Trd, 4318417.593, 117
Trd, 4318419.143, 90
Trd, 4318419.493, 103
Trd, 4318420.943, 140
Trd, 4318421.393, 139
Trd, 4318422.143, 138
Trd, 4318422.343, 128
Trd, 4318423.043, 97
Trd, 4318423.393, 124
Trd, 4318425.343, 121
Trd, 4318425.793, 95
Trd, 4318425.843, 119
Trd, 4318426.393, 67
Trd, 4318427.543, 79
Trd, 4318428.693, 87
Trd, 4318429.693, 71
Trd, 4318430.543, 81
Trd, 4318430.643, 80
Trd, 4318430.843, 90
Trd, 4318431.743, 122
Trd, 4318432.293, 107
Trd, 4318433.593, 136
Trd, 4318434.043, 82
Trd, 4318434.493, 62
Trd, 4318435.243, 70
Trd, 4318438.543, 89
Trd, 4318439.093, 90
Trd, 4318439.193, 100
Trd, 4318439.543, 84
Trd, 4318439.793, 92
Trd, 4318439.943, 110
Trd, 4318441.343, 97
Trd, 4318443.493, 68
Trd, 4318443.793, 100
Trd, 4318444.543, 129
Trd, 4318445.893, 140
Trd, 4318445.943, 140
Trd, 4318446.093, 125
Trd, 4318447.193, 100
Trd, 4318448.093, 63
Trd, 4318448.143, 89
Trd, 4318449.343, 130
Trd, 4318451.143, 122
Trd, 4318451.443, 120
Trd, 4318452.193, 134
Trd, 4318453.793, 116
Trd, 4318453.993, 138
Trd, 4318454.843, 135
Trd, 4318455.893, 140
Trd, 4318456.343, 133
Trd, 4318456.943, 134
Trd, 4318457.493, 112
Trd, 4318457.943, 109
Trd, 4318458.343, 104
Trd, 4318458.593, 78
Trd, 4318459.193, 137
Trd, 4318461.043, 139
Trd, 4318461.243, 133
Trd, 4318462.993, 123
Trd, 4318463.193, 119
Trd, 4318463.793, 138
Trd, 4318464.243, 86
Trd, 4318464.643, 87
Trd, 4318465.143, 137
Trd, 4318465.643, 82
Trd, 4318466.443, 139
Trd, 4318467.793, 113
Trd, 4318467.993, 92
Trd, 4318469.043, 112
Trd, 4318470.193, 97
Trd, 4318470.493, 96
Trd, 4318471.143, 122
Trd, 4318471.893, 139
Trd, 4318472.993, 109
Trd, 4318473.443, 117
Trd, 4318473.593, 103
Trd, 4318473.743, 102
Trd, 4318475.593, 96
Trd, 4318476.643, 70
Trd, 4318477.843, 106
Trd, 4318478.443, 136
Trd, 4318479.343, 108
Trd, 4318479.693, 106
Trd, 4318480.193, 138
Trd, 4318480.943, 101
Trd, 4318481.193, 97
Trd, 4318482.493, 118
Trd, 4318482.743, 127
Trd, 4318482.793, 80
Trd, 4318482.893, 74
Trd, 4318484.443, 61
Trd, 4318485.343, 123
Trd, 4318486.843, 133
Trd, 4318487.243, 135
Trd, 4318488.393, 128
Trd, 4318488.643, 140
Trd, 4318489.143, 133
Trd, 4318490.343, 100
Trd, 4318490.743, 133
Trd, 4318490.793, 136
Trd, 4318492.043, 98
Trd, 4318492.943, 114
Trd, 4318493.493, 95
Trd, 4318494.493, 111
Trd, 4318494.543, 84
Trd, 4318494.943, 101
Trd, 4318495.993, 126
Trd, 4318496.193, 121
Trd, 4318496.793, 106
Trd, 4318497.293, 116
Trd, 4318499.143, 98
Trd, 4318499.293, 96
Trd, 4318500.243, 120
Trd, 4318500.693, 93
Trd, 4318501.293, 122
Trd, 4318502.393, 63
Trd, 4318503.043, 103
Trd, 4318503.593, 113
Trd, 4318503.743, 128
Trd, 4318505.243, 127
Trd, 4318505.443, 103
Trd, 4318506.143, 133
Trd, 4318506.843, 97
Trd, 4318507.743, 137
Trd, 4318507.993, 103
Trd, 4318508.393, 107
Trd, 4318509.243, 122
Trd, 4318509.293, 86
Trd, 4318510.593, 130
Trd, 4318512.193, 140
Trd, 4318512.793, 136
Trd, 4318513.443, 126
Trd, 4318514.193, 130
Trd, 4318515.093, 140
Trd, 4318515.143, 130
Trd, 4318515.843, 139
Trd, 4318516.443, 128
Trd, 4318516.943, 118
Trd, 4318517.943, 94
Trd, 4318518.043, 102
Trd, 4318518.293, 107
Trd, 4318519.993, 107
Trd, 4318520.743, 102
Trd, 4318521.993, 93
Trd, 4318522.193, 96
Trd, 4318522.743, 103
Trd, 4318522.843, 125
Trd, 4318524.093, 138
Trd, 4318525.543, 101
Trd, 4318525.793, 139
Trd, 4318526.543, 119
Trd, 4318527.393, 114
Trd, 4318528.793, 140
Trd, 4318528.893, 133
Trd, 4318529.243, 119
Trd, 4318529.793, 138
Trd, 4318529.993, 115
Trd, 4318530.143, 108
Trd, 4318532.743, 128
Trd, 4318533.793, 140
Trd, 4318535.093, 123
Trd, 4318535.393, 125
Trd, 4318536.243, 112
Trd, 4318537.893, 126
Trd, 4318538.293, 111
Trd, 4318538.993, 135
Trd, 4318539.043, 116
Trd, 4318539.743, 138
Trd, 4318540.043, 102
Trd, 4318540.393, 135
Trd, 4318540.793, 135
Trd, 4318541.343, 83
Trd, 4318542.143, 115
Trd, 4318543.143, 131
Trd, 4318544.943, 125
Trd, 4318545.643, 121
Trd, 4318547.243, 130
Trd, 4318548.243, 135
Trd, 4318549.593, 106
Trd, 4318549.843, 99
Trd, 4318550.843, 110
Trd, 4318550.993, 110
Trd, 4318551.193, 99
Trd, 4318552.643, 136
Trd, 4318552.843, 115
Trd, 4318553.643, 137
Trd, 4318554.893, 140
Trd, 4318555.593, 140
Trd, 4318555.793, 96
Trd, 4318556.543, 114
Trd, 4318557.693, 93
Trd, 4318559.493, 129
Trd, 4318559.643, 130
Trd, 4318561.193, 123
Trd, 4318561.793, 98
Trd, 4318562.193, 100
Trd, 4318562.343, 94
Trd, 4318563.143, 129
Trd, 4318564.193, 140
Trd, 4318564.343, 138
Trd, 4318566.343, 140
Trd, 4318566.493, 127
Trd, 4318567.343, 92
Trd, 4318567.843, 105
Trd, 4318568.293, 133
Trd, 4318568.393, 127
Trd, 4318571.143, 117
Trd, 4318571.543, 140
Trd, 4318572.143, 91
Trd, 4318572.793, 133
Trd, 4318573.593, 118
Trd, 4318575.893, 110
Trd, 4318575.943, 99
Trd, 4318576.143, 110
Trd, 4318577.093, 131
Trd, 4318577.293, 108
Trd, 4318577.643, 127
Trd, 4318577.793, 122
Trd, 4318578.993, 140
Trd, 4318579.943, 105
Trd, 4318580.493, 128
Trd, 4318581.293, 136
Trd, 4318581.343, 125
Trd, 4318582.093, 100
Trd, 4318582.243, 95
Trd, 4318582.443, 72
Trd, 4318584.793, 122
Trd, 4318585.393, 89
Trd, 4318585.943, 114
Trd, 4318586.343, 111
Trd, 4318587.643, 103
Trd, 4318587.943, 122
Trd, 4318588.043, 87
Trd, 4318589.443, 100
Trd, 4318589.943, 130
Trd, 4318591.493, 110
Trd, 4318591.693, 89
Trd, 4318592.393, 87
Trd, 4318592.993, 94
Trd, 4318594.243, 123
Trd, 4318595.193, 124
Trd, 4318595.643, 131
Trd, 4318596.593, 111
Trd, 4318596.893, 97
Trd, 4318597.043, 92
Trd, 4318598.893, 108
Trd, 4318599.093, 108
Trd, 4318599.393, 104
Trd, 4318600.143, 116
Trd, 4318601.143, 103
Trd, 4318601.443, 108
Trd, 4318603.393, 137
Trd, 4318603.493, 127
Trd, 4318603.693, 118
Trd, 4318604.143, 81
Trd, 4318604.943, 126
Trd, 4318605.743, 133
Trd, 4318605.943, 110
Trd, 4318607.493, 137
Trd, 4318607.593, 137
Trd, 4318608.343, 136
Trd, 4318608.443, 135
Trd, 4318610.743, 135
Trd, 4318610.893, 111
Trd, 4318611.593, 94
Trd, 4318612.843, 100
Trd, 4318613.643, 124
Trd, 4318614.093, 103
Trd, 4318614.343, 140
Trd, 4318614.643, 137
Trd, 4318614.843, 133
Trd, 4318615.393, 104
Trd, 4318616.643, 139
Trd, 4318616.993, 136
Trd, 4318617.593, 112
Trd, 4318619.293, 132
Trd, 4318619.343, 107
Trd, 4318620.493, 86
Trd, 4318621.793, 135
Trd, 4318622.093, 125
Trd, 4318622.343, 124
Trd, 4318622.393, 129
Trd, 4318623.343, 116
Trd, 4318623.443, 91
Trd, 4318624.443, 135
Trd, 4318625.643, 118
Trd, 4318626.893, 86
Trd, 4318627.343, 93
Trd, 4318628.443, 98
Trd, 4318629.493, 138
Trd, 4318629.543, 137
Trd, 4318630.893, 124
Trd, 4318631.043, 91
Trd, 4318631.393, 131
Trd, 4318631.943, 120
Trd, 4318633.693, 122
Trd, 4318633.843, 121
Trd, 4318633.893, 66
Trd, 4318634.493, 86
Trd, 4318635.993, 73
Trd, 4318636.043, 69
Trd, 4318637.893, 94
Trd, 4318638.193, 79
Trd, 4318638.543, 76
Trd, 4318638.693, 100
Trd, 4318638.993, 64
Trd, 4318639.943, 105
Trd, 4318641.943, 68
Trd, 4318642.243, 116
Trd, 4318642.493, 138
Trd, 4318643.143, 115
Trd, 4318644.443, 140
Trd, 4318644.693, 102
Trd, 4318645.293, 96
Trd, 4318645.893, 95
Trd, 4318646.393, 97
Trd, 4318647.593, 85
Trd, 4318648.143, 80
Trd, 4318649.493, 78
Trd, 4318649.893, 77
Trd, 4318650.693, 108
Trd, 4318650.843, 112
Trd, 4318650.993, 77
Trd, 4318651.093, 116
Trd, 4318651.943, 138
Trd, 4318652.143, 135
Trd, 4318652.693, 132
Trd, 4318654.193, 140
Trd, 4318654.343, 140
Trd, 4318655.793, 138
Trd, 4318656.393, 129
Trd, 4318656.943, 98
Trd, 4318657.893, 78
Trd, 4318658.793, 131
Trd, 4318660.543, 113
Trd, 4318660.793, 137
Trd, 4318661.443, 79
Trd, 4318662.993, 136
Trd, 4318663.343, 134
Trd, 4318663.443, 130
Trd, 4318664.043, 140
Trd, 4318664.643, 140
Trd, 4318664.693, 138
Trd, 4318664.943, 133
Trd, 4318665.143, 104
Trd, 4318667.793, 65
Trd, 4318668.343, 87
Trd, 4318668.793, 131
Trd, 4318669.093, 125
Trd, 4318669.493, 112
Trd, 4318669.643, 135
Trd, 4318669.993, 123
Trd, 4318670.543, 129
Trd, 4318673.093, 134
Trd, 4318673.893, 131
Trd, 4318674.743, 109
Trd, 4318674.793, 105
Trd, 4318675.143, 91
Trd, 4318675.893, 138
Trd, 4318677.393, 122
Trd, 4318678.293, 140
Trd, 4318679.293, 139
Trd, 4318679.393, 134
Trd, 4318679.643, 98
Trd, 4318680.043, 111
Trd, 4318680.893, 91
Trd, 4318681.393, 84
Trd, 4318681.743, 113
Trd, 4318682.793, 95
Trd, 4318682.843, 83
Trd, 4318683.543, 95
Trd, 4318684.343, 105
Trd, 4318684.893, 112
Trd, 4318684.943, 127
Trd, 4318685.243, 110
Trd, 4318685.743, 138
Trd, 4318686.543, 137
Trd, 4318688.093, 70
Trd, 4318688.893, 124
Trd, 4318689.593, 100
Trd, 4318689.993, 109
Trd, 4318690.993, 66
Trd, 4318691.293, 68
Trd, 4318691.343, 123
Trd, 4318692.393, 133
Trd, 4318693.843, 108
Trd, 4318693.893, 78
Trd, 4318694.093, 95
Trd, 4318694.543, 136
Trd, 4318695.193, 107
Trd, 4318695.393, 105
Trd, 4318696.843, 125
Trd, 4318697.293, 118
Trd, 4318699.193, 112
Trd, 4318699.443, 120
Trd, 4318699.493, 102
Trd, 4318700.443, 114
Trd, 4318702.593, 116
Trd, 4318703.443, 138
Trd, 4318704.343, 112
Trd, 4318704.943, 136
Trd, 4318705.443, 103
Trd, 4318705.593, 96
Trd, 4318705.793, 69
Trd, 4318705.943, 83
Trd, 4318706.143, 138
Trd, 4318707.093, 91
Trd, 4318708.993, 106
Trd, 4318710.493, 126
Trd, 4318710.743, 120
Trd, 4318710.843, 116
Trd, 4318711.143, 113
Trd, 4318711.743, 139
Trd, 4318711.893, 129
Trd, 4318714.093, 137
Trd, 4318715.993, 137
Trd, 4318716.193, 105
Trd, 4318716.593, 123
Trd, 4318717.393, 128
Trd, 4318718.343, 129
Trd, 4318718.393, 128
Trd, 4318719.843, 106
Trd, 4318720.593, 129
Trd, 4318721.193, 134
Trd, 4318721.743, 131
Trd, 4318722.093, 137
Trd, 4318722.943, 139
Trd, 4318722.993, 133
Trd, 4318723.043, 97
Trd, 4318723.343, 69
Trd, 4318724.393, 132
Trd, 4318725.993, 118
Trd, 4318726.493, 123
Trd, 4318726.893, 130
Trd, 4318727.093, 97
Trd, 4318727.843, 111
Trd, 4318727.993, 79
Trd, 4318728.993, 137
Trd, 4318730.593, 95
Trd, 4318730.843, 122
Trd, 4318731.243, 77
Trd, 4318732.593, 140
Trd, 4318733.043, 140
Trd, 4318733.293, 122
Trd, 4318733.393, 112
Trd, 4318734.043, 110
Trd, 4318736.993, 110
Trd, 4318737.243, 110
Trd, 4318737.593, 102
Trd, 4318738.693, 137
Trd, 4318739.043, 140
Trd, 4318739.593, 103
Trd, 4318739.743, 96
Trd, 4318740.343, 93
Trd, 4318741.543, 135
Trd, 4318742.343, 121
Trd, 4318742.493, 120
Trd, 4318743.243, 137
Trd, 4318743.693, 139
Trd, 4318744.093, 125
Trd, 4318744.643, 115
Trd, 4318746.343, 106
Trd, 4318746.793, 109
Trd, 4318747.493, 124
Trd, 4318747.593, 118
Trd, 4318748.643, 138
Trd, 4318750.193, 139
Trd, 4318750.243, 137
Trd, 4318751.143, 82
Trd, 4318751.693, 128
Trd, 4318752.743, 90
Trd, 4318753.193, 119
Trd, 4318753.643, 85
Trd, 4318753.793, 95
Trd, 4318754.193, 79
Trd, 4318754.943, 128
Trd, 4318755.343, 136
Trd, 4318755.493, 130
Trd, 4318756.643, 109
Trd, 4318756.843, 105
Trd, 4318758.693, 132
Trd, 4318760.043, 107
Trd, 4318760.393, 100
Trd, 4318761.793, 140
Trd, 4318763.643, 139
Trd, 4318763.743, 135
Trd, 4318764.743, 127
Trd, 4318765.093, 122
Trd, 4318765.643, 122
Trd, 4318766.843, 94
Trd, 4318767.893, 122
Trd, 4318768.193, 121
Trd, 4318769.593, 139
Trd, 4318769.943, 140
Trd, 4318771.043, 128
Trd, 4318771.193, 120
Trd, 4318771.593, 139
Trd, 4318771.693, 94
Trd, 4318772.143, 139
Trd, 4318773.393, 123
Trd, 4318773.743, 136
Trd, 4318776.593, 110
Trd, 4318776.743, 104
Trd, 4318777.193, 93
Trd, 4318779.143, 117
Trd, 4318779.343, 83
Trd, 4318779.693, 128
Trd, 4318780.543, 140
Trd, 4318780.693, 130
Trd, 4318781.243, 136
Trd, 4318783.143, 140
Trd, 4318783.393, 134
Trd, 4318783.793, 134
Trd, 4318784.093, 128
Trd, 4318784.243, 125
Trd, 4318784.793, 104
Trd, 4318785.793, 134
Trd, 4318787.193, 101
Trd, 4318788.043, 116
Trd, 4318788.393, 111
Trd, 4318788.693, 124
Trd, 4318789.143, 110
Trd, 4318789.243, 78
Trd, 4318790.943, 140
Trd, 4318792.393, 135
Trd, 4318793.093, 135
Trd, 4318793.343, 121
Trd, 4318794.993, 128
Trd, 4318795.093, 124
Trd, 4318796.393, 140
Trd, 4318796.643, 138
Trd, 4318796.943, 137
Trd, 4318797.043, 133
Trd, 4318797.393, 126
Trd, 4318798.143, 108
Trd, 4318799.393, 127
Trd, 4318799.443, 125
Trd, 4318799.793, 85
Trd, 4318800.093, 118
Trd, 4318800.843, 88
Trd, 4318801.743, 140
Trd, 4318802.243, 136
Trd, 4318802.743, 68
Trd, 4318803.343, 78
Trd, 4318805.593, 108
Trd, 4318805.993, 110
Trd, 4318806.993, 92
Trd, 4318807.193, 94
Trd, 4318808.243, 139
Trd, 4318808.293, 133
Trd, 4318808.943, 112
Trd, 4318809.343, 125
Trd, 4318810.343, 121
Trd, 4318810.493, 80
Trd, 4318810.743, 123
Trd, 4318812.393, 121
Trd, 4318813.543, 73
Trd, 4318813.793, 108
Trd, 4318814.443, 60
Trd, 4318814.843, 79
Trd, 4318816.543, 76
Trd, 4318816.793, 122
Trd, 4318817.593, 124
Trd, 4318817.893, 123
Trd, 4318819.043, 139
Trd, 4318819.093, 86
Trd, 4318820.243, 72
Trd, 4318820.693, 114
Trd, 4318821.443, 85
Trd, 4318822.493, 88
Trd, 4318822.993, 112
Trd, 4318823.193, 114
Trd, 4318823.743, 121
Trd, 4318823.893, 81
Trd, 4318824.343, 110
Trd, 4318826.093, 138
Trd, 4318826.593, 100
Trd, 4318826.943, 77
Trd, 4318827.993, 103
Trd, 4318829.743, 136
Trd, 4318830.093, 140
Trd, 4318830.393, 136
Trd, 4318831.293, 133
Trd, 4318832.643, 137
Trd, 4318833.343, 139
Trd, 4318833.643, 139
Trd, 4318833.743, 131
Trd, 4318834.643, 122
Trd, 4318835.343, 138
Trd, 4318836.043, 126
Trd, 4318837.293, 126
Trd, 4318837.743, 121
Trd, 4318837.943, 121
Trd, 4318839.093, 125
Trd, 4318839.143, 121
Trd, 4318839.343, 104
Trd, 4318841.493, 129
Trd, 4318842.293, 106
Trd, 4318842.493, 140
Trd, 4318843.443, 79
Trd, 4318843.693, 76
Trd, 4318843.943, 134
Trd, 4318845.243, 107
Trd, 4318847.093, 140
Trd, 4318847.993, 140
Trd, 4318848.143, 139
Trd, 4318848.343, 136
Trd, 4318849.443, 97
Trd, 4318849.993, 70
Trd, 4318850.593, 90
Trd, 4318850.893, 71
Trd, 4318851.593, 135
Trd, 4318852.043, 134
Trd, 4318852.693, 136
Trd, 4318853.193, 126
Trd, 4318853.993, 117
Trd, 4318855.343, 140
Trd, 4318856.493, 119
Trd, 4318857.393, 126
Trd, 4318857.743, 128
Trd, 4318858.143, 117
Trd, 4318859.543, 125
Trd, 4318859.643, 113
Trd, 4318860.243, 99
Trd, 4318860.343, 127
Trd, 4318860.993, 137
Trd, 4318862.443, 138
Trd, 4318862.993, 134
Trd, 4318863.593, 134
Trd, 4318864.743, 140
Trd, 4318867.343, 138
Trd, 4318867.443, 115
Trd, 4318868.043, 75
Trd, 4318868.393, 112
Trd, 4318869.493, 131
Trd, 4318869.543, 128
Trd, 4318869.993, 93
Trd, 4318870.543, 84
Trd, 4318871.193, 92
Trd, 4318872.643, 139
Trd, 4318872.843, 140
Trd, 4318873.243, 123
Trd, 4318873.393, 108
Trd, 4318873.743, 110
Trd, 4318874.143, 109
Trd, 4318876.193, 116
Trd, 4318877.593, 137
Trd, 4318877.793, 136
Trd, 4318879.243, 138
Trd, 4318880.043, 138
Trd, 4318880.143, 136
Trd, 4318880.443, 131
Trd, 4318880.643, 131
Trd, 4318880.693, 124
Trd, 4318880.993, 122
Trd, 4318881.443, 90
Trd, 4318882.193, 118
Trd, 4318882.443, 140
Trd, 4318883.393, 109
Trd, 4318883.743, 134
Trd, 4318885.543, 140
Trd, 4318885.993, 127
Trd, 4318886.943, 133
Trd, 4318887.193, 132
Trd, 4318887.693, 91
Trd, 4318888.393, 105
Trd, 4318889.493, 108
Trd, 4318889.543, 106
Trd, 4318890.093, 104
Trd, 4318890.443, 95
Trd, 4318890.943, 87
Trd, 4318891.043, 134
Trd, 4318891.343, 88
Trd, 4318893.193, 91
Trd, 4318894.543, 112
Trd, 4318894.743, 95
Trd, 4318895.243, 88
Trd, 4318896.093, 109
Trd, 4318896.393, 87
Trd, 4318896.893, 139
Trd, 4318900.243, 81
Trd, 4318900.493, 120
Trd, 4318901.243, 93
Trd, 4318902.693, 137
Trd, 4318902.793, 133
Trd, 4318903.343, 131
Trd, 4318903.743, 122
Trd, 4318905.093, 140
Trd, 4318906.343, 137
Trd, 4318906.543, 134
Trd, 4318906.743, 125
Trd, 4318907.993, 140
Trd, 4318908.093, 126
Trd, 4318908.343, 116
Trd, 4318909.193, 118
Trd, 4318910.343, 105
Trd, 4318911.593, 71
Trd, 4318912.393, 81
Trd, 4318912.793, 101
Trd, 4318914.293, 71
Trd, 4318914.343, 84
Trd, 4318915.243, 69
Trd, 4318917.043, 132
Trd, 4318917.743, 116
Trd, 4318918.343, 127
Trd, 4318918.743, 103
Trd, 4318918.993, 86
Trd, 4318919.143, 89
Trd, 4318920.343, 126
Trd, 4318921.143, 126
Trd, 4318921.393, 140
Trd, 4318921.593, 116
Trd, 4318922.193, 109
Trd, 4318922.593, 140
Trd, 4318923.743, 133
Trd, 4318924.293, 109
Trd, 4318925.093, 112
Trd, 4318926.543, 131
Trd, 4318927.743, 117
Trd, 4318927.843, 140
Trd, 4318928.343, 119
Trd, 4318930.343, 115
Trd, 4318930.393, 113
Trd, 4318930.593, 93
Trd, 4318930.643, 81
Trd, 4318930.943, 137
Trd, 4318932.093, 111
Trd, 4318932.893, 89
Trd, 4318933.743, 122
Trd, 4318933.793, 87
Trd, 4318935.193, 78
Trd, 4318935.443, 90
Trd, 4318935.743, 115
Trd, 4318936.543, 109
Trd, 4318937.093, 130
Trd, 4318937.793, 102
Trd, 4318938.793, 124
Trd, 4318939.143, 90
Trd, 4318939.693, 139
Trd, 4318941.193, 85
Trd, 4318941.443, 124
Trd, 4318942.193, 98
Trd, 4318942.243, 137
Trd, 4318943.043, 128
Trd, 4318944.393, 126
Trd, 4318944.943, 137
Trd, 4318945.793, 87
Trd, 4318946.943, 132
Trd, 4318947.443, 84
Trd, 4318948.543, 88
Trd, 4318949.643, 140
Trd, 4318949.993, 140
Trd, 4318951.593, 135
Trd, 4318952.043, 129
Trd, 4318954.593, 139
Trd, 4318954.793, 137
Trd, 4318954.843, 135
Trd, 4318954.993, 129
Trd, 4318955.093, 104
Trd, 4318955.493, 66
Trd, 4318955.793, 75
Trd, 4318957.443, 81
Trd, 4318957.943, 66
Trd, 4318958.543, 68
Trd, 4318958.893, 90
Trd, 4318958.943, 117
Trd, 4318960.043, 125
Trd, 4318960.443, 110
Trd, 4318961.643, 101
Trd, 4318963.443, 117
Trd, 4318963.543, 110
Trd, 4318963.843, 105
Trd, 4318964.493, 102
Trd, 4318964.693, 74
Trd, 4318965.093, 83
Trd, 4318966.193, 123
Trd, 4318967.093, 134
Trd, 4318967.543, 127
Trd, 4318969.043, 133
Trd, 4318969.493, 126
Trd, 4318969.843, 101
Trd, 4318969.943, 69
Trd, 4318970.893, 93
Trd, 4318971.343, 140
Trd, 4318972.043, 62
Trd, 4318972.093, 93
Trd, 4318972.743, 112
Trd, 4318972.993, 134
Trd, 4318974.393, 81
Trd, 4318974.443, 129
Trd, 4318976.543, 140
Trd, 4318976.793, 137
Trd, 4318976.993, 125
Trd, 4318980.943, 119
Trd, 4318981.593, 96
Trd, 4318982.593, 135
Trd, 4318982.743, 134
Trd, 4318983.043, 126
Trd, 4318983.643, 111
Trd, 4318984.693, 122
Trd, 4318984.793, 117
Trd, 4318985.393, 104
Trd, 4318986.043, 99
Trd, 4318986.393, 117
Trd, 4318986.693, 105
Trd, 4318987.643, 95
Trd, 4318989.493, 138
Trd, 4318989.893, 110
Trd, 4318989.943, 109
Trd, 4318991.243, 100
Trd, 4318991.443, 106
Trd, 4318994.043, 140
Trd, 4318994.443, 136
Trd, 4318994.493, 136
Trd, 4318994.793, 129
Trd, 4318995.043, 124
Trd, 4318995.793, 137
Trd, 4318997.293, 137
Trd, 4318998.893, 133
Trd, 4318999.993, 132
Trd, 4319000.643, 117
Trd, 4319000.893, 106
Trd, 4319001.843, 88
Trd, 4319002.143, 73
Trd, 4319002.693, 140
Trd, 4319005.293, 121
Trd, 4319005.793, 135
Trd, 4319006.093, 120
Trd, 4319006.343, 116
Trd, 4319006.593, 115
Trd, 4319007.443, 97
Trd, 4319007.493, 93
Trd, 4319008.643, 99
Trd, 4319009.193, 80
Trd, 4319010.043, 83
Trd, 4319010.293, 134
Trd, 4319011.293, 73
Trd, 4319013.043, 140
Trd, 4319013.193, 140
Trd, 4319013.843, 121
Trd, 4319014.443, 138
Trd, 4319014.843, 135
Trd, 4319016.193, 88
Trd, 4319016.793, 95
Trd, 4319017.393, 88
Trd, 4319018.043, 82
Trd, 4319019.293, 136
Trd, 4319021.393, 106
Trd, 4319021.843, 104
Trd, 4319022.043, 126
Trd, 4319022.993, 135
Trd, 4319023.093, 125
Trd, 4319023.893, 103
Trd, 4319024.193, 112
Trd, 4319024.943, 132
Trd, 4319025.743, 114
Trd, 4319026.493, 105
Trd, 4319027.843, 133
Trd, 4319028.043, 128
Trd, 4319028.193, 123
Trd, 4319028.893, 133
Trd, 4319030.693, 140
Trd, 4319030.793, 132
Trd, 4319031.043, 139
Trd, 4319031.293, 110
Trd, 4319032.193, 84
Trd, 4319034.493, 116
Trd, 4319034.843, 116
Trd, 4319035.693, 117
Trd, 4319036.043, 116
Trd, 4319037.843, 122
Trd, 4319037.993, 126
Trd, 4319039.393, 132
Trd, 4319040.793, 134
Trd, 4319040.893, 128
Trd, 4319041.243, 121
Trd, 4319041.443, 127
Trd, 4319041.593, 108
Trd, 4319041.893, 107
Trd, 4319041.943, 106
Trd, 4319042.443, 116
Trd, 4319043.143, 128
Trd, 4319043.493, 117
Trd, 4319044.943, 140
Trd, 4319046.793, 137
Trd, 4319048.343, 122
Trd, 4319048.443, 117
Trd, 4319048.943, 109
Trd, 4319049.293, 133
Trd, 4319049.543, 127
Trd, 4319051.593, 138
Trd, 4319051.993, 133
Trd, 4319052.343, 134
Trd, 4319053.143, 125
Trd, 4319053.193, 121
Trd, 4319054.593, 136
Trd, 4319054.793, 130
Trd, 4319055.693, 130
Trd, 4319056.993, 139
Trd, 4319058.043, 126
Trd, 4319058.443, 114
Trd, 4319058.693, 138
Trd, 4319059.143, 136
Trd, 4319059.443, 134
Trd, 4319062.043, 94
Trd, 4319062.343, 90
Trd, 4319062.493, 87
Trd, 4319063.093, 99
Trd, 4319063.193, 93
Trd, 4319065.393, 118
Trd, 4319065.443, 117
Trd, 4319066.193, 111
Trd, 4319066.843, 124
Trd, 4319067.793, 86
Trd, 4319068.293, 85
Trd, 4319068.393, 110
Trd, 4319068.543, 82
Trd, 4319069.693, 66
Trd, 4319069.793, 79
Trd, 4319070.093, 85
Trd, 4319071.143, 132
Trd, 4319071.693, 130
Trd, 4319072.143, 102
Trd, 4319072.843, 104
Trd, 4319073.393, 107
Trd, 4319073.843, 73
Trd, 4319075.393, 61
Trd, 4319076.943, 117
Trd, 4319077.193, 102
Trd, 4319077.393, 101
Trd, 4319078.143, 139
Trd, 4319078.643, 75
Trd, 4319078.993, 113
Trd, 4319079.893, 87
Trd, 4319079.943, 82
Trd, 4319082.443, 91
Trd, 4319082.543, 111
Trd, 4319083.593, 78
Trd, 4319084.643, 127
Trd, 4319085.443, 88
Trd, 4319086.043, 74
Trd, 4319086.693, 60
Trd, 4319087.743, 103
Trd, 4319088.493, 90
Trd, 4319089.143, 112
Trd, 4319091.493, 99
Trd, 4319091.643, 108
Trd, 4319092.443, 105
Trd, 4319092.693, 105
Trd, 4319093.193, 104
Trd, 4319093.593, 108
Trd, 4319094.193, 105
Trd, 4319095.643, 129
Trd, 4319096.543, 124
Trd, 4319097.193, 136
Trd, 4319097.743, 114
Trd, 4319098.643, 109
Trd, 4319099.143, 105
Trd, 4319100.293, 129
Trd, 4319100.693, 124
Trd, 4319101.493, 95
Trd, 4319101.643, 72
Trd, 4319102.093, 118
Trd, 4319103.193, 138
Trd, 4319103.543, 81
Trd, 4319104.493, 113
Trd, 4319105.643, 107
Trd, 4319107.393, 140
Trd, 4319107.843, 100
Trd, 4319108.193, 128
Trd, 4319108.493, 132
Trd, 4319108.743, 122
Trd, 4319109.493, 138
Trd, 4319110.193, 137
Trd, 4319110.493, 135
Trd, 4319111.643, 121
Trd, 4319113.093, 120
Trd, 4319113.693, 124
Trd, 4319115.143, 122
Trd, 4319115.243, 107
Trd, 4319115.743, 107
Trd, 4319115.793, 85
Trd, 4319115.893, 69
Trd, 4319118.393, 137
Trd, 4319118.643, 135
Trd, 4319119.643, 98
Trd, 4319120.643, 133
Trd, 4319121.543, 126
Trd, 4319121.893, 130
Trd, 4319123.243, 118
Trd, 4319125.293, 94
Trd, 4319125.593, 89
Trd, 4319125.643, 88
Trd, 4319126.193, 106
Trd, 4319126.393, 121
Trd, 4319126.893, 98
Trd, 4319127.293, 64
Trd, 4319129.143, 88
Trd, 4319129.293, 87
Trd, 4319129.793, 119
Trd, 4319130.193, 111
Trd, 4319130.493, 110
Trd, 4319131.493, 124
Trd, 4319131.743, 83
Trd, 4319133.543, 119
Trd, 4319133.643, 118
Trd, 4319133.693, 117
Trd, 4319134.993, 108
Trd, 4319135.293, 94
Trd, 4319136.243, 64
Trd, 4319136.343, 124
Trd, 4319136.893, 95
Trd, 4319138.093, 112
Trd, 4319138.793, 106
Trd, 4319139.243, 92
Trd, 4319139.993, 139
Trd, 4319140.243, 95
Trd, 4319140.543, 123
Trd, 4319141.443, 91
Trd, 4319142.293, 88
Trd, 4319143.143, 90
Trd, 4319143.643, 79
Trd, 4319144.243, 63
Trd, 4319144.543, 73
Trd, 4319145.343, 78
Trd, 4319146.843, 120
Trd, 4319147.343, 139
Trd, 4319148.693, 118
Trd, 4319148.943, 126
Trd, 4319149.593, 112
Trd, 4319150.293, 110
Trd, 4319150.693, 114
Trd, 4319151.593, 101
Trd, 4319151.943, 93
Trd, 4319152.393, 101
Trd, 4319152.493, 104
Trd, 4319153.343, 110
Trd, 4319154.143, 62
Trd, 4319155.143, 74
Trd, 4319155.893, 104
Trd, 4319156.143, 69
Trd, 4319156.493, 70
Trd, 4319157.443, 119
Trd, 4319158.793, 119
Trd, 4319160.043, 116
Trd, 4319160.993, 116
Trd, 4319161.293, 136
Trd, 4319161.793, 140
Trd, 4319163.443, 89
Trd, 4319163.993, 127
Trd, 4319164.043, 82
Trd, 4319164.193, 96
Trd, 4319164.893, 85
Trd, 4319166.893, 90
Trd, 4319168.143, 123
Trd, 4319168.193, 77
Trd, 4319168.543, 139
Trd, 4319169.343, 130
Trd, 4319170.293, 133
Trd, 4319170.343, 129
Trd, 4319170.593, 126
Trd, 4319172.543, 94
Trd, 4319173.493, 139
Trd, 4319173.543, 133
Trd, 4319173.843, 132
Trd, 4319174.093, 118
Trd, 4319174.843, 77
Trd, 4319174.993, 97
Trd, 4319175.493, 134
Trd, 4319177.943, 94
Trd, 4319178.943, 88
Trd, 4319179.343, 130
Trd, 4319179.893, 139
Trd, 4319180.543, 127
Trd, 4319180.893, 118
Trd, 4319182.493, 115
Trd, 4319182.793, 76
Trd, 4319183.443, 102
Trd, 4319184.243, 119
Trd, 4319184.793, 136
Trd, 4319186.243, 123
Trd, 4319186.593, 119
Trd, 4319187.093, 119
Trd, 4319187.193, 118
Trd, 4319187.293, 99
Trd, 4319188.643, 131
Trd, 4319188.843, 135
Trd, 4319189.093, 139
Trd, 4319189.893, 125
Trd, 4319190.743, 140
Trd, 4319191.293, 140
Trd, 4319191.743, 133
Trd, 4319192.843, 128
Trd, 4319193.543, 114
Trd, 4319195.043, 128
Trd, 4319195.193, 124
Trd, 4319195.593, 103
Trd, 4319195.793, 94
Trd, 4319195.993, 76
Trd, 4319197.543, 139
Trd, 4319198.143, 137
Trd, 4319198.893, 138
Trd, 4319199.393, 133
Trd, 4319199.993, 140
Trd, 4319201.693, 134
Trd, 4319201.793, 126
Trd, 4319203.293, 110
Trd, 4319203.443, 123
Trd, 4319204.243, 103
Trd, 4319204.393, 97
Trd, 4319204.793, 106
Trd, 4319205.443, 77
Trd, 4319205.943, 137
Trd, 4319208.243, 131
Trd, 4319208.993, 136
Trd, 4319210.443, 136
Trd, 4319210.993, 135
Trd, 4319211.543, 135
Trd, 4319211.843, 140
Trd, 4319213.443, 129
Trd, 4319213.593, 128
Trd, 4319214.943, 138
Trd, 4319215.643, 130
Trd, 4319215.843, 133
Trd, 4319216.743, 140
Trd, 4319218.043, 139
Trd, 4319218.343, 105
Trd, 4319218.843, 127
Trd, 4319219.643, 139
Trd, 4319220.193, 125
Trd, 4319220.693, 118
Trd, 4319220.743, 85
Trd, 4319221.343, 133
Trd, 4319222.243, 103
Trd, 4319222.393, 101
Trd, 4319223.693, 74
Trd, 4319224.543, 73
Trd, 4319225.143, 76
Trd, 4319225.593, 131
Trd, 4319225.893, 134
Trd, 4319226.543, 76
Trd, 4319227.143, 115
Trd, 4319228.143, 131
Trd, 4319229.143, 118
Trd, 4319229.393, 116
Trd, 4319229.843, 129
Trd, 4319229.943, 125
Trd, 4319230.443, 84
Trd, 4319231.243, 129
Trd, 4319231.743, 111
Trd, 4319234.343, 136
Trd, 4319235.093, 106
Trd, 4319235.693, 116
Trd, 4319235.993, 100
Trd, 4319237.193, 90
Trd, 4319237.643, 130
Trd, 4319237.793, 90
Trd, 4319237.843, 137
Trd, 4319237.993, 89
Trd, 4319238.393, 86
Trd, 4319238.493, 65
Trd, 4319240.293, 137
Trd, 4319240.893, 131
Trd, 4319241.493, 131
Trd, 4319242.193, 123
Trd, 4319242.343, 111
Trd, 4319243.993, 69
Trd, 4319244.093, 75
Trd, 4319244.443, 127
Trd, 4319244.593, 105
Trd, 4319247.043, 92
Trd, 4319247.093, 129
Trd, 4319247.793, 116
Trd, 4319248.793, 91
Trd, 4319249.693, 87
Trd, 4319250.093, 139
Trd, 4319250.693, 67
Trd, 4319251.243, 62
Trd, 4319252.793, 138
Trd, 4319252.943, 138
Trd, 4319253.193, 119
Trd, 4319254.493, 118
Trd, 4319255.743, 69
Trd, 4319256.993, 89
Trd, 4319257.743, 128
Trd, 4319258.393, 85
Trd, 4319258.593, 125
Trd, 4319260.493, 82
Trd, 4319261.093, 121
Trd, 4319261.393, 138
Trd, 4319261.693, 91
Trd, 4319262.393, 86
Trd, 4319262.793, 87
Trd, 4319265.343, 134
Trd, 4319265.793, 132
Trd, 4319266.193, 112
Trd, 4319266.593, 110
Trd, 4319266.693, 104
Trd, 4319267.993, 118
Trd, 4319268.493, 127
Trd, 4319269.093, 116
Trd, 4319269.393, 99
Trd, 4319269.843, 108
Trd, 4319270.493, 114
Trd, 4319271.193, 85
Trd, 4319271.693, 132
Trd, 4319273.743, 123
Trd, 4319273.893, 131
Trd, 4319275.043, 117
Trd, 4319275.293, 133
Trd, 4319275.893, 112
Trd, 4319276.443, 135
Trd, 4319276.993, 137
Trd, 4319277.193, 129
Trd, 4319277.343, 117
Trd, 4319277.793, 108
Trd, 4319280.093, 135
Trd, 4319281.743, 120
Trd, 4319281.893, 121
Trd, 4319282.443, 129
Trd, 4319283.643, 121
Trd, 4319284.343, 128
Trd, 4319284.693, 102
Trd, 4319285.743, 137
Trd, 4319285.893, 137
Trd, 4319285.993, 131
Trd, 4319286.793, 136
Trd, 4319287.043, 77
Trd, 4319289.093, 140
Trd, 4319289.493, 134
Trd, 4319291.943, 132
Trd, 4319293.143, 134
Trd, 4319293.193, 137
Trd, 4319293.243, 132
Trd, 4319293.743, 115
Trd, 4319294.093, 99
Trd, 4319294.493, 125
Trd, 4319295.793, 140
Trd, 4319296.343, 126
Trd, 4319297.943, 119
Trd, 4319298.143, 117
Trd, 4319300.043, 136
Trd, 4319300.543, 133
Trd, 4319301.343, 110
Trd, 4319301.893, 115
Trd, 4319302.743, 107
Trd, 4319303.043, 110
Trd, 4319303.343, 126
Trd, 4319304.243, 132
Trd, 4319305.843, 140
Trd, 4319306.243, 134
Trd, 4319306.793, 130
Trd, 4319307.143, 122
Trd, 4319308.243, 135
Trd, 4319308.893, 134
Trd, 4319309.493, 120
Trd, 4319309.543, 115
Trd, 4319310.293, 140
Trd, 4319310.643, 115
Trd, 4319311.693, 98
Trd, 4319312.693, 83
Trd, 4319313.793, 78
Trd, 4319314.693, 68
Trd, 4319315.793, 139
Trd, 4319316.993, 127
Trd, 4319317.093, 126
Trd, 4319317.493, 140
Trd, 4319318.093, 118
Trd, 4319319.043, 137
Trd, 4319320.543, 130
Trd, 4319321.393, 124
Trd, 4319322.043, 104
Trd, 4319324.043, 135
Trd, 4319324.243, 135
Trd, 4319324.393, 130
Trd, 4319324.643, 125
Trd, 4319325.243, 130
Trd, 4319325.893, 109
Trd, 4319326.093, 139
Trd, 4319326.793, 116
Trd, 4319327.893, 122
Trd, 4319328.093, 116
Trd, 4319329.343, 122
Trd, 4319331.343, 102
Trd, 4319333.043, 135
Trd, 4319333.443, 129
Trd, 4319334.243, 117
Trd, 4319334.843, 127
Trd, 4319335.243, 112
Trd, 4319335.943, 112
Trd, 4319336.993, 139
Trd, 4319337.393, 139
Trd, 4319337.593, 138
Trd, 4319339.093, 117
Trd, 4319340.193, 113
Trd, 4319340.693, 116
Trd, 4319341.293, 118
Trd, 4319342.393, 89
Trd, 4319342.493, 95
Trd, 4319342.593, 78
Trd, 4319343.843, 125
Trd, 4319344.843, 107
Trd, 4319345.493, 137
Trd, 4319345.793, 136
Trd, 4319346.243, 95
Trd, 4319346.743, 86
Trd, 4319347.743, 126
Trd, 4319348.093, 140
Trd, 4319348.993, 130
Trd, 4319349.243, 115
Trd, 4319349.493, 114
Trd, 4319350.993, 108
Trd, 4319351.043, 96
Trd, 4319351.293, 85
Trd, 4319352.293, 114
Trd, 4319353.943, 107
Trd, 4319354.543, 119
Trd, 4319356.693, 140
Trd, 4319357.093, 136
Trd, 4319358.743, 139
Trd, 4319358.843, 136
Trd, 4319358.893, 132
Trd, 4319358.993, 129
Trd, 4319359.843, 136
Trd, 4319360.193, 122
Trd, 4319360.743, 122
Trd, 4319361.093, 130
Trd, 4319361.643, 111
Trd, 4319362.793, 124
Trd, 4319364.493, 127
Trd, 4319365.393, 91
Trd, 4319365.693, 89
Trd, 4319365.893, 122
Trd, 4319366.193, 100
Trd, 4319366.743, 63
Trd, 4319367.493, 92
Trd, 4319368.243, 133
Trd, 4319368.893, 115
Trd, 4319369.893, 125
Trd, 4319370.493, 131
Trd, 4319370.893, 77
Trd, 4319372.293, 138
Trd, 4319373.143, 135
Trd, 4319373.293, 102
Trd, 4319374.243, 97
Trd, 4319374.693, 124
Trd, 4319376.043, 120
Trd, 4319376.843, 86
Trd, 4319377.643, 118
Trd, 4319378.093, 86
Trd, 4319378.493, 113
Trd, 4319379.843, 104
Trd, 4319380.393, 74
Trd, 4319380.843, 86
Trd, 4319381.643, 71
Trd, 4319382.893, 82
Trd, 4319382.993, 88
Trd, 4319383.543, 98
Trd, 4319383.943, 128
Trd, 4319384.243, 102
Trd, 4319384.643, 116
Trd, 4319386.093, 104
Trd, 4319386.693, 100
Trd, 4319387.393, 106
Trd, 4319388.143, 101
Trd, 4319388.843, 104
Trd, 4319389.093, 113
Trd, 4319390.343, 136
Trd, 4319390.993, 136
Trd, 4319392.043, 140
Trd, 4319392.893, 140
Trd, 4319393.343, 136
Trd, 4319393.443, 127
Trd, 4319393.893, 123
Trd, 4319394.143, 104
Trd, 4319394.193, 84
Trd, 4319394.693, 95
Trd, 4319395.243, 67
Trd, 4319395.843, 122
Trd, 4319396.393, 111
Trd, 4319397.343, 133
Trd, 4319397.743, 122
Trd, 4319398.143, 117
Trd, 4319398.343, 119
Trd, 4319399.993, 61
Trd, 4319400.443, 104
Trd, 4319401.093, 108
Trd, 4319401.343, 99
Trd, 4319402.293, 113
Trd, 4319403.043, 88
Trd, 4319403.193, 137
Trd, 4319404.193, 104
Trd, 4319404.593, 103
Trd, 4319406.793, 101
Trd, 4319407.543, 95
Trd, 4319409.343, 106
Trd, 4319410.093, 118
Trd, 4319410.493, 104
Trd, 4319410.643, 135
Trd, 4319411.593, 119
Trd, 4319412.843, 120
Trd, 4319413.593, 105
Trd, 4319413.993, 128
Trd, 4319414.043, 110
Trd, 4319416.193, 140
Trd, 4319416.243, 139
Trd, 4319416.693, 134
Trd, 4319416.893, 133
Trd, 4319417.593, 65
Trd, 4319417.943, 81
Trd, 4319420.843, 133
Trd, 4319421.043, 109
Trd, 4319421.543, 90
Trd, 4319421.943, 88
Trd, 4319422.143, 92
Trd, 4319423.493, 139
Trd, 4319423.993, 137
Trd, 4319424.893, 72
Trd, 4319425.693, 114
Trd, 4319426.543, 139
Trd, 4319426.993, 138
Trd, 4319428.243, 140
Trd, 4319428.743, 138
Trd, 4319429.443, 114
Trd, 4319429.743, 78
Trd, 4319430.043, 105
Trd, 4319430.343, 136
Trd, 4319433.543, 138
Trd, 4319433.743, 137
Trd, 4319434.543, 135
Trd, 4319435.493, 107
Trd, 4319435.843, 86
Trd, 4319436.343, 130
Trd, 4319437.343, 125
Trd, 4319438.143, 85
Trd, 4319439.493, 83
Trd, 4319440.493, 107
Trd, 4319440.943, 95
Trd, 4319441.093, 84
Trd, 4319441.243, 89
Trd, 4319442.093, 83
Trd, 4319442.843, 134
Trd, 4319443.193, 115
Trd, 4319443.893, 136
Trd, 4319445.093, 135
Trd, 4319446.093, 126
Trd, 4319446.793, 124
Trd, 4319448.093, 129
Trd, 4319448.343, 61
Trd, 4319450.043, 123
Trd, 4319450.393, 131
Trd, 4319451.593, 138
Trd, 4319453.043, 130
Trd, 4319453.743, 136
Trd, 4319453.943, 99
Trd, 4319454.843, 96
Trd, 4319455.243, 125
Trd, 4319456.143, 102
Trd, 4319456.743, 103
Trd, 4319456.793, 99
Trd, 4319457.343, 119
Trd, 4319458.793, 137
Trd, 4319459.043, 113
Trd, 4319459.093, 102
Trd, 4319460.093, 140
Trd, 4319460.143, 139
Trd, 4319461.793, 102
Trd, 4319461.893, 77
Trd, 4319463.493, 114
Trd, 4319464.293, 76
Trd, 4319464.743, 130
Trd, 4319464.893, 124
Trd, 4319465.693, 139
Trd, 4319466.643, 140
Trd, 4319468.643, 135
Trd, 4319469.493, 138
Trd, 4319470.393, 134
Trd, 4319471.743, 129
Trd, 4319472.043, 127
Trd, 4319472.443, 130
Trd, 4319472.893, 107
Trd, 4319473.543, 123
Trd, 4319474.443, 117
Trd, 4319475.043, 83
Trd, 4319476.093, 128
Trd, 4319476.743, 132
Trd, 4319478.243, 140
Trd, 4319478.743, 121
Trd, 4319478.793, 116
Trd, 4319478.993, 108
Trd, 4319481.093, 136
Trd, 4319481.643, 131
Trd, 4319482.293, 105
Trd, 4319483.593, 114
Trd, 4319484.143, 110
Trd, 4319484.693, 130
Trd, 4319485.493, 137
Trd, 4319485.593, 129
Trd, 4319486.393, 112
Trd, 4319487.443, 106
Trd, 4319487.943, 139
Trd, 4319488.443, 136
Trd, 4319488.743, 123
Trd, 4319489.243, 86
Trd, 4319491.043, 131
Trd, 4319491.643, 134
Trd, 4319493.043, 135
Trd, 4319493.793, 125
Trd, 4319493.893, 121
Trd, 4319494.793, 139
Trd, 4319494.893, 117
Trd, 4319496.393, 97
Trd, 4319496.643, 99
Trd, 4319497.093, 111
Trd, 4319499.043, 106
Trd, 4319499.493, 108
Trd, 4319499.943, 72
Trd, 4319500.093, 110
Trd, 4319500.843, 132
Trd, 4319501.293, 139
Trd, 4319502.193, 140
Trd, 4319502.293, 139
Trd, 4319502.693, 120
Trd, 4319502.943, 127
Trd, 4319503.543, 86
Trd, 4319504.493, 136
Trd, 4319505.693, 97
Trd, 4319505.743, 96
Trd, 4319506.393, 94
Trd, 4319506.643, 87
Trd, 4319507.643, 137
Trd, 4319508.393, 102
Trd, 4319508.643, 129
Trd, 4319510.093, 123
Trd, 4319510.893, 127
Trd, 4319512.193, 140
Trd, 4319512.243, 133
Trd, 4319512.743, 91
Trd, 4319513.293, 60
Trd, 4319513.793, 133
Trd, 4319514.793, 98
Trd, 4319516.643, 132
Trd, 4319517.193, 125
Trd, 4319517.443, 124
Trd, 4319518.443, 90
Trd, 4319519.043, 75
Trd, 4319519.643, 106
Trd, 4319520.943, 140
Trd, 4319522.043, 130
Trd, 4319522.643, 124
Trd, 4319523.043, 123
Trd, 4319523.743, 131
Trd, 4319524.443, 125
Trd, 4319524.893, 125
Trd, 4319525.143, 119
Trd, 4319525.893, 138
Trd, 4319526.593, 79
Trd, 4319527.593, 69
Trd, 4319529.893, 133
Trd, 4319530.443, 134
Trd, 4319531.093, 132
Trd, 4319531.243, 127
Trd, 4319532.743, 108
Trd, 4319533.393, 110
Trd, 4319534.493, 140
Trd, 4319534.943, 121
Trd, 4319535.193, 107
Trd, 4319536.493, 140
Trd, 4319536.693, 139
Trd, 4319538.093, 138
Trd, 4319538.293, 134
Trd, 4319538.493, 133
Trd, 4319539.443, 123
Trd, 4319540.093, 86
Trd, 4319540.293, 75
Trd, 4319541.143, 93
Trd, 4319541.643, 91
Trd, 4319542.293, 132
Trd, 4319543.443, 126
Trd, 4319543.993, 132
Trd, 4319544.443, 100
Trd, 4319545.293, 129
Trd, 4319546.893, 108
Trd, 4319548.193, 82
Trd, 4319549.243, 128
Trd, 4319549.543, 78
Trd, 4319550.543, 130
Trd, 4319551.793, 99
Trd, 4319552.143, 135
Trd, 4319552.193, 85
Trd, 4319552.443, 84
Trd, 4319553.443, 139
Trd, 4319553.793, 133
Trd, 4319555.743, 124
Trd, 4319555.943, 123
Trd, 4319556.093, 112
Trd, 4319556.343, 96
Trd, 4319556.693, 128
Trd, 4319557.143, 67
Trd, 4319558.993, 140
Trd, 4319559.043, 135
Trd, 4319560.393, 139
Trd, 4319560.843, 132
Trd, 4319560.893, 106
Trd, 4319562.693, 111
Trd, 4319562.843, 110
Trd, 4319563.393, 139
Trd, 4319564.693, 108
Trd, 4319564.793, 88
Trd, 4319564.843, 73
Trd, 4319566.293, 108
Trd, 4319567.193, 130
Trd, 4319568.293, 127
Trd, 4319568.443, 140
Trd, 4319568.943, 97
Trd, 4319569.543, 135
Trd, 4319570.393, 133
Trd, 4319573.343, 112
Trd, 4319573.393, 98
Trd, 4319573.643, 96
Trd, 4319573.693, 95
Trd, 4319573.743, 132
Trd, 4319575.243, 118
Trd, 4319575.543, 137
Trd, 4319576.293, 92
Trd, 4319576.693, 93
Trd, 4319577.793, 82
Trd, 4319578.693, 117
Trd, 4319579.343, 107
Trd, 4319579.593, 104
Trd, 4319579.943, 110
Trd, 4319581.193, 70
Trd, 4319581.293, 79
Trd, 4319582.893, 139
Trd, 4319582.943, 97
Trd, 4319584.093, 118
Trd, 4319584.893, 135
Trd, 4319585.343, 136
Trd, 4319585.393, 102
Trd, 4319585.543, 77
Trd, 4319588.193, 116
Trd, 4319588.393, 91
Trd, 4319588.893, 139
Trd, 4319589.793, 134
Trd, 4319590.393, 129
Trd, 4319590.793, 128
Trd, 4319591.043, 119
Trd, 4319591.893, 122
Trd, 4319592.193, 132
Trd, 4319592.643, 97
Trd, 4319593.243, 60
Trd, 4319593.943, 90
Trd, 4319594.693, 130
Trd, 4319595.793, 63
Trd, 4319596.543, 70
Trd, 4319597.443, 98
Trd, 4319598.543, 117
Trd, 4319598.593, 115
Trd, 4319600.043, 137
Trd, 4319600.943, 138
Trd, 4319601.793, 121
Trd, 4319602.743, 132
Trd, 4319603.843, 135
Trd, 4319603.993, 127
Trd, 4319604.243, 126
Trd, 4319605.093, 140
Trd, 4319606.293, 121
Trd, 4319606.393, 112
Trd, 4319606.643, 139
Trd, 4319607.543, 131
Trd, 4319607.743, 100
Trd, 4319608.993, 108
Trd, 4319610.193, 135
Trd, 4319610.793, 117
Trd, 4319611.043, 109
Trd, 4319611.693, 100
Trd, 4319612.643, 95
Trd, 4319613.793, 113
Trd, 4319614.443, 108
Trd, 4319615.243, 108
Trd, 4319615.293, 110
Trd, 4319615.743, 108
Trd, 4319616.243, 106
Trd, 4319617.493, 136
Trd, 4319618.093, 130
Trd, 4319618.343, 130
Trd, 4319619.093, 129
Trd, 4319619.993, 91
Trd, 4319620.543, 90
Trd, 4319621.293, 104
Trd, 4319621.493, 90
Trd, 4319621.943, 119
Trd, 4319622.893, 139
Trd, 4319622.943, 109
Trd, 4319622.993, 102
Trd, 4319623.393, 129
Trd, 4319624.093, 117
Trd, 4319624.343, 69
Trd, 4319624.793, 77
Trd, 4319625.843, 137
Trd, 4319627.243, 129
Trd, 4319627.743, 126
Trd, 4319627.893, 127
Trd, 4319628.843, 108
Trd, 4319629.543, 114
Trd, 4319629.743, 106
Trd, 4319630.443, 70
Trd, 4319630.493, 120
Trd, 4319630.843, 131
Trd, 4319631.343, 121
Trd, 4319632.693, 109
Trd, 4319633.543, 108
Trd, 4319633.793, 129
Trd, 4319634.793, 99
Trd, 4319635.593, 139
Trd, 4319636.493, 138
Trd, 4319636.593, 135
Trd, 4319637.193, 132
Trd, 4319637.693, 132
Trd, 4319638.893, 123
Trd, 4319639.343, 127
Trd, 4319640.393, 77
Trd, 4319641.093, 123
Trd, 4319642.993, 132
Trd, 4319643.493, 133
Trd, 4319643.543, 125
Trd, 4319643.993, 107
Trd, 4319644.543, 115
Trd, 4319644.743, 114
Trd, 4319644.943, 140
Trd, 4319647.043, 111
Trd, 4319647.393, 106
Trd, 4319649.293, 100
Trd, 4319649.743, 97
Trd, 4319650.493, 125
Trd, 4319651.943, 119
Trd, 4319652.943, 121
Trd, 4319653.243, 95
Trd, 4319653.293, 91
Trd, 4319653.643, 82
Trd, 4319655.243, 140
Trd, 4319655.593, 139
Trd, 4319658.793, 140
Trd, 4319658.943, 138
Trd, 4319659.143, 133
Trd, 4319659.193, 114
Trd, 4319659.293, 84
Trd, 4319659.943, 101
Trd, 4319660.593, 140
Trd, 4319662.443, 124
Trd, 4319663.193, 110
Trd, 4319663.943, 138
Trd, 4319664.493, 106
Trd, 4319665.193, 104
Trd, 4319665.493, 103
Trd, 4319666.093, 100
Trd, 4319666.343, 73
Trd, 4319667.293, 71
Trd, 4319668.093, 137
Trd, 4319668.243, 103
Trd, 4319668.493, 88
Trd, 4319668.593, 86
Trd, 4319671.393, 137
Trd, 4319671.443, 132
Trd, 4319673.493, 131
Trd, 4319673.743, 128
Trd, 4319673.793, 104
Trd, 4319674.543, 122
Trd, 4319674.943, 126
Trd, 4319674.993, 119
Trd, 4319675.643, 101
Trd, 4319676.743, 125
Trd, 4319677.943, 76
Trd, 4319679.193, 70
Trd, 4319680.143, 92
Trd, 4319680.743, 104
Trd, 4319681.093, 67
Trd, 4319681.293, 134
Trd, 4319681.993, 120
Trd, 4319683.843, 140
Trd, 4319684.893, 134
Trd, 4319685.243, 136
Trd, 4319685.993, 130
Trd, 4319687.093, 133
Trd, 4319688.143, 127
Trd, 4319688.693, 131
Trd, 4319688.793, 107
Trd, 4319689.343, 129
Trd, 4319689.543, 113
Trd, 4319689.793, 83
Trd, 4319690.293, 124
Trd, 4319691.093, 121
Trd, 4319692.843, 121
Trd, 4319693.893, 114
Trd, 4319694.893, 111
Trd, 4319694.943, 78
Trd, 4319695.943, 140
Trd, 4319698.593, 137
Trd, 4319698.793, 138
Trd, 4319699.493, 138
Trd, 4319700.643, 126
Trd, 4319700.843, 115
Trd, 4319702.143, 118
Trd, 4319703.043, 95
Trd, 4319703.093, 93
Trd, 4319703.393, 92
Trd, 4319703.743, 89
Trd, 4319705.143, 140
Trd, 4319706.193, 87
Trd, 4319706.493, 118
Trd, 4319707.393, 136
Trd, 4319709.493, 133
Trd, 4319709.643, 126
Trd, 4319710.043, 140
Trd, 4319710.293, 112
Trd, 4319710.693, 98
Trd, 4319711.293, 135
Trd, 4319711.743, 95
Trd, 4319712.893, 124
Trd, 4319713.343, 125
Trd, 4319714.043, 137
Trd, 4319715.493, 122
Trd, 4319716.043, 115
Trd, 4319716.193, 113
Trd, 4319716.443, 109
Trd, 4319717.893, 116
Trd, 4319720.143, 105
Trd, 4319720.393, 122
Trd, 4319721.193, 118
Trd, 4319721.293, 101
Trd, 4319721.393, 86
Trd, 4319722.043, 109
Trd, 4319722.093, 137
Trd, 4319722.593, 127
Trd, 4319723.043, 60
Trd, 4319724.943, 118
Trd, 4319725.843, 112
Trd, 4319727.543, 139
Trd, 4319728.043, 133
Trd, 4319728.943, 131
Trd, 4319729.893, 136
Trd, 4319731.093, 136
Trd, 4319731.443, 127
Trd, 4319733.743, 140
Trd, 4319735.693, 116
Trd, 4319735.893, 123
Trd, 4319736.043, 110
Trd, 4319736.193, 109
Trd, 4319739.243, 93
Trd, 4319739.443, 98
Trd, 4319739.543, 89
Trd, 4319739.743, 93
Trd, 4319741.543, 124
Trd, 4319742.593, 61
Trd, 4319742.893, 140
Trd, 4319744.493, 121
Trd, 4319744.593, 120
Trd, 4319745.393, 137
Trd, 4319745.793, 134
Trd, 4319745.893, 113
Trd, 4319748.093, 113
Trd, 4319748.543, 112
Trd, 4319748.643, 108
Trd, 4319749.643, 139
Trd, 4319750.643, 135
Trd, 4319751.243, 139
Trd, 4319751.743, 129
Trd, 4319752.093, 109
Trd, 4319752.743, 109
Trd, 4319754.293, 90
Trd, 4319754.543, 101
Trd, 4319755.443, 131
Trd, 4319755.643, 107
Trd, 4319755.793, 77
Trd, 4319758.043, 138
Trd, 4319758.443, 137
Trd, 4319759.843, 135
Trd, 4319761.443, 135
Trd, 4319762.943, 122
Trd, 4319763.043, 117
Trd, 4319763.343, 100
Trd, 4319764.343, 115
Trd, 4319764.443, 97
Trd, 4319764.893, 88
Trd, 4319765.643, 76
Trd, 4319768.043, 89
Trd, 4319768.193, 84
Trd, 4319768.693, 100
Trd, 4319769.593, 139
Trd, 4319770.743, 140
Trd, 4319771.293, 139
Trd, 4319772.943, 104
Trd, 4319772.993, 100
Trd, 4319774.393, 140
Trd, 4319774.443, 140
Trd, 4319774.943, 139
Trd, 4319776.143, 133
Trd, 4319777.943, 122
Trd, 4319777.993, 110
Trd, 4319778.893, 131
Trd, 4319779.043, 101
Trd, 4319779.593, 110
Trd, 4319780.443, 114
Trd, 4319782.743, 134
Trd, 4319783.243, 122
Trd, 4319784.943, 120
Trd, 4319785.243, 126
Trd, 4319785.843, 129
Trd, 4319786.193, 118
Trd, 4319786.593, 127
Trd, 4319787.693, 100
Trd, 4319787.793, 78
Trd, 4319788.343, 139
Trd, 4319790.943, 103
Trd, 4319791.793, 136
Trd, 4319791.943, 118
Trd, 4319792.193, 138
Trd, 4319792.943, 135
Trd, 4319793.843, 129
Trd, 4319794.093, 121
Trd, 4319794.493, 133
Trd, 4319795.443, 128
Trd, 4319795.593, 120
Trd, 4319796.043, 130
Trd, 4319797.493, 96
Trd, 4319797.893, 96
Trd, 4319798.093, 121
Trd, 4319799.043, 114
Trd, 4319799.793, 118
Trd, 4319800.843, 132
Trd, 4319801.143, 101
Trd, 4319802.093, 139
Trd, 4319802.193, 134
Trd, 4319805.743, 139
Trd, 4319805.893, 139
Trd, 4319806.643, 138
Trd, 4319806.743, 137
Trd, 4319807.143, 134
Trd, 4319807.893, 120
Trd, 4319808.993, 131
Trd, 4319810.143, 119
Trd, 4319810.493, 133
Trd, 4319811.143, 132
Trd, 4319811.993, 123
Trd, 4319812.243, 133
Trd, 4319812.943, 140
Trd, 4319813.093, 122
Trd, 4319813.293, 97
Trd, 4319814.243, 127
Trd, 4319814.793, 139
Trd, 4319815.843, 103
Trd, 4319816.793, 117
Trd, 4319817.793, 123
Trd, 4319818.143, 76
Trd, 4319819.293, 68
Trd, 4319820.343, 94
Trd, 4319820.793, 77
Trd, 4319821.343, 88
Trd, 4319822.043, 126
Trd, 4319822.293, 86
Trd, 4319823.093, 136
Trd, 4319825.293, 133
Trd, 4319825.393, 95
Trd, 4319825.593, 90
Trd, 4319826.543, 132
Trd, 4319827.143, 111
Trd, 4319827.693, 116
Trd, 4319828.143, 112
Trd, 4319828.393, 132
Trd, 4319829.143, 137
Trd, 4319831.993, 120
Trd, 4319832.643, 119
Trd, 4319833.543, 106
Trd, 4319833.793, 125
Trd, 4319834.793, 138
Trd, 4319835.343, 98
Trd, 4319836.293, 109
Trd, 4319836.543, 109
Trd, 4319837.243, 94
Trd, 4319837.493, 71
Trd, 4319837.893, 83
Trd, 4319838.593, 82
Trd, 4319840.043, 139
Trd, 4319840.793, 106
Trd, 4319841.093, 90
Trd, 4319841.993, 102
Trd, 4319842.493, 102
Trd, 4319843.543, 140
Trd, 4319844.443, 107
Trd, 4319844.593, 77
Trd, 4319845.593, 77
Trd, 4319846.243, 96
Trd, 4319846.443, 108
Trd, 4319846.493, 122
Trd, 4319847.543, 119
Trd, 4319847.693, 103
Trd, 4319848.693, 128
Trd, 4319849.243, 124
Trd, 4319850.043, 139
Trd, 4319850.993, 139
Trd, 4319852.043, 134
Trd, 4319852.243, 129
Trd, 4319854.043, 97
Trd, 4319854.593, 87
Trd, 4319855.143, 78
Trd, 4319856.943, 97
Trd, 4319856.993, 118
Trd, 4319857.143, 72
Trd, 4319857.743, 69
Trd, 4319858.193, 102
Trd, 4319858.743, 137
Trd, 4319858.993, 135
Trd, 4319859.693, 107
Trd, 4319860.293, 92
Trd, 4319860.993, 105
Trd, 4319861.993, 72
Trd, 4319862.393, 103
Trd, 4319864.093, 85
Trd, 4319865.543, 116
Trd, 4319865.843, 114
Trd, 4319866.693, 108
Trd, 4319867.243, 140
Trd, 4319867.393, 130
Trd, 4319867.543, 87
Trd, 4319868.993, 140
Trd, 4319870.543, 140
Trd, 4319870.593, 138
Trd, 4319870.943, 137
Trd, 4319872.043, 130
Trd, 4319872.293, 86
Trd, 4319873.593, 139
Trd, 4319873.693, 133
Trd, 4319874.143, 105
Trd, 4319875.693, 114
Trd, 4319876.343, 139
Trd, 4319877.193, 137
Trd, 4319877.393, 131
Trd, 4319878.043, 104
Trd, 4319878.093, 84
Trd, 4319879.643, 93
Trd, 4319879.893, 65
Trd, 4319880.843, 86
Trd, 4319881.293, 129
Trd, 4319882.393, 112
Trd, 4319882.543, 98
Trd, 4319883.393, 128
Trd, 4319884.193, 138
Trd, 4319884.593, 130
Trd, 4319885.693, 137
Trd, 4319886.243, 131
Trd, 4319886.843, 116
Trd, 4319888.193, 132
Trd, 4319888.243, 113
Trd, 4319888.943, 125
Trd, 4319890.593, 132
Trd, 4319891.043, 124
Trd, 4319891.993, 107
Trd, 4319892.693, 118
Trd, 4319894.143, 129
Trd, 4319894.443, 124
Trd, 4319895.993, 124
Trd, 4319896.693, 138
Trd, 4319896.743, 128
Trd, 4319898.193, 113
Trd, 4319898.993, 109
Trd, 4319900.343, 102
Trd, 4319900.693, 79
Trd, 4319901.493, 140
Trd, 4319902.493, 102
Trd, 4319903.293, 107
Trd, 4319903.493, 91
Trd, 4319903.943, 90
Trd, 4319904.143, 89
Trd, 4319904.343, 68
Trd, 4319904.793, 92
Trd, 4319905.593, 116
Trd, 4319907.193, 89
Trd, 4319908.293, 136
Trd, 4319908.343, 108
Trd, 4319909.343, 61
Trd, 4319909.543, 101
Trd, 4319910.293, 64
Trd, 4319911.793, 132
Trd, 4319912.343, 100
Trd, 4319912.693, 89
Trd, 4319913.793, 132
Trd, 4319914.343, 122
Trd, 4319915.093, 134
Trd, 4319915.543, 113
Trd, 4319916.943, 128
Trd, 4319918.193, 137
Trd, 4319918.593, 115
Trd, 4319919.143, 91
Trd, 4319919.193, 90
Trd, 4319920.643, 135
Trd, 4319921.443, 124
Trd, 4319921.493, 123
Trd, 4319922.343, 99
Trd, 4319922.643, 72
Trd, 4319922.993, 137
Trd, 4319924.843, 123
Trd, 4319925.193, 119
Trd, 4319927.143, 88
Trd, 4319927.243, 92
Trd, 4319928.343, 101
Trd, 4319929.443, 97
Trd, 4319930.143, 96
Trd, 4319930.343, 90
Trd, 4319930.643, 87
Trd, 4319931.793, 135
Trd, 4319932.743, 134
Trd, 4319933.343, 132
Trd, 4319934.893, 139
Trd, 4319935.193, 127
Trd, 4319935.343, 125
Trd, 4319935.543, 113
Trd, 4319935.643, 105
Trd, 4319936.143, 130
Trd, 4319937.143, 111
Trd, 4319937.443, 90
Trd, 4319938.343, 122
Trd, 4319939.743, 131
Trd, 4319940.243, 133
Trd, 4319941.543, 116
Trd, 4319942.543, 118
Trd, 4319943.093, 117
Trd, 4319943.343, 115
Trd, 4319944.093, 107
Trd, 4319945.593, 109
Trd, 4319946.293, 97
Trd, 4319946.493, 95
Trd, 4319946.893, 113
Trd, 4319947.193, 100
Trd, 4319948.293, 135
Trd, 4319948.593, 125
Trd, 4319950.293, 117
Trd, 4319950.993, 120
Trd, 4319951.443, 83
Trd, 4319951.493, 75
Trd, 4319951.993, 140
Trd, 4319953.543, 99
Trd, 4319953.643, 110
Trd, 4319954.243, 107
Trd, 4319954.293, 96
Trd, 4319956.193, 95
Trd, 4319956.893, 82
Trd, 4319957.543, 102
Trd, 4319957.793, 88
Trd, 4319958.343, 80
Trd, 4319959.543, 89
Trd, 4319959.643, 126
Trd, 4319961.493, 139
Trd, 4319961.643, 122
Trd, 4319962.343, 128
Trd, 4319962.793, 136
Trd, 4319964.093, 138
Trd, 4319964.443, 133
Trd, 4319964.893, 132
Trd, 4319965.343, 112
Trd, 4319966.943, 126
Trd, 4319967.043, 121
Trd, 4319967.143, 121
Trd, 4319968.593, 88
Trd, 4319969.143, 106
Trd, 4319969.193, 118
Trd, 4319970.743, 135
Trd, 4319971.243, 131
Trd, 4319971.593, 130
Trd, 4319971.893, 124
Trd, 4319973.343, 138
Trd, 4319973.843, 132
Trd, 4319973.993, 107
Trd, 4319974.343, 78
Trd, 4319975.893, 107
Trd, 4319976.493, 137
Trd, 4319976.743, 123
Trd, 4319977.343, 113
Trd, 4319977.843, 126
Trd, 4319978.943, 130
Trd, 4319979.193, 117
Trd, 4319980.543, 123
Trd, 4319980.943, 88
Trd, 4319982.093, 86
Trd, 4319982.193, 134
Trd, 4319982.793, 98
Trd, 4319983.843, 114
Trd, 4319984.693, 121
Trd, 4319984.893, 120
Trd, 4319984.943, 115
Trd, 4319985.293, 111
Trd, 4319985.793, 102
Trd, 4319985.843, 98
Trd, 4319987.193, 123
Trd, 4319989.943, 140
Trd, 4319989.993, 139
Trd, 4319990.993, 139
Trd, 4319991.793, 129
Trd, 4319991.993, 117
Trd, 4319992.443, 114
Trd, 4319992.593, 105
Trd, 4319992.843, 100
Trd, 4319992.993, 76
Trd, 4319995.443, 136
Trd, 4319995.543, 130
Trd, 4319997.143, 114
Trd, 4319997.693, 128
Trd, 4319997.793, 124
Trd, 4319997.993, 116
Trd, 4319998.043, 116
Trd, 4319998.793, 77
Trd, 4319999.093, 88
