Trd, 4318132.743, 63
Trd, 4318132.843, 81
Trd, 4318133.743, 71
Trd, 4318134.893, 140
Trd, 4318135.693, 140
Trd, 4318135.793, 140
Trd, 4318135.843, 140
Trd, 4318136.643, 105
Trd, 4318137.893, 140
Trd, 4318139.143, 139
Trd, 4318139.843, 134
Trd, 4318140.193, 133
Trd, 4318141.893, 139
Trd, 4318142.143, 138
Trd, 4318142.993, 134
Trd, 4318144.393, 140
Trd, 4318144.493, 136
Trd, 4318144.593, 135
Trd, 4318145.393, 119
Trd, 4318146.093, 117
Trd, 4318146.843, 62
Trd, 4318148.043, 61
Trd, 4318149.443, 60
Trd, 4318149.493, 60
Trd, 4318150.843, 60
Trd, 4318150.943, 60
Trd, 4318151.443, 60
Trd, 4318152.093, 60
Trd, 4318152.743, 60
Trd, 4318153.393, 60
Trd, 4318153.543, 60
Trd, 4318154.093, 60
Trd, 4318154.243, 60
Trd, 4318154.893, 60
Trd, 4318156.093, 62
Trd, 4318157.593, 62
Trd, 4318158.343, 67
Trd, 4318158.693, 72
Trd, 4318159.793, 64
Trd, 4318160.293, 65
Trd, 4318160.443, 64
Trd, 4318160.843, 68
Trd, 4318161.143, 70
Trd, 4318161.793, 65
Trd, 4318163.043, 140
Trd, 4318164.243, 140
Trd, 4318164.893, 140
Trd, 4318165.193, 140
Trd, 4318166.293, 140
Trd, 4318166.943, 140
Trd, 4318167.243, 140
Trd, 4318167.793, 60
Trd, 4318168.593, 139
Trd, 4318169.143, 81
Trd, 4318169.843, 140
Trd, 4318170.543, 140
Trd, 4318172.343, 140
Trd, 4318173.343, 140
Trd, 4318173.393, 140
Trd, 4318174.193, 140
Trd, 4318175.093, 140
Trd, 4318176.143, 140
Trd, 4318177.043, 140
Trd, 4318177.243, 140
Trd, 4318177.343, 140
Trd, 4318178.693, 140
Trd, 4318179.993, 140
Trd, 4318180.843, 125
Trd, 4318181.743, 140
Trd, 4318181.793, 139
Trd, 4318183.843, 140
Trd, 4318184.043, 138
Trd, 4318185.543, 140
Trd, 4318185.593, 140
Trd, 4318186.243, 140
Trd, 4318187.843, 102
Trd, 4318188.343, 83
Trd, 4318188.993, 98
Trd, 4318189.093, 93
Trd, 4318190.693, 60
Trd, 4318190.993, 60
Trd, 4318191.543, 62
Trd, 4318191.993, 61
Trd, 4318193.543, 60
Trd, 4318194.243, 60
Trd, 4318196.393, 60
Trd, 4318198.343, 60
Trd, 4318199.643, 60
Trd, 4318199.893, 60
Trd, 4318200.193, 60
Trd, 4318200.443, 60
Trd, 4318201.093, 61
Trd, 4318201.593, 63
Trd, 4318202.193, 62
Trd, 4318202.443, 63
Trd, 4318202.693, 62
Trd, 4318203.393, 69
Trd, 4318203.793, 90
Trd, 4318204.993, 140
Trd, 4318205.343, 140
Trd, 4318205.493, 140
Trd, 4318205.843, 137
Trd, 4318206.193, 63
Trd, 4318207.593, 60
Trd, 4318211.143, 60
Trd, 4318211.243, 61
Trd, 4318211.543, 61
Trd, 4318212.093, 60
Trd, 4318212.543, 62
Trd, 4318212.993, 61
Trd, 4318213.293, 61
Trd, 4318213.693, 70
Trd, 4318214.243, 61
Trd, 4318214.543, 84
Trd, 4318215.043, 69
Trd, 4318215.843, 140
Trd, 4318217.393, 140
Trd, 4318217.743, 133
Trd, 4318218.143, 64
Trd, 4318219.493, 130
Trd, 4318219.943, 131
Trd, 4318220.193, 129
Trd, 4318221.293, 140
Trd, 4318221.493, 140
Trd, 4318222.843, 140
Trd, 4318223.493, 111
Trd, 4318223.993, 140
Trd, 4318225.243, 140
Trd, 4318226.543, 140
Trd, 4318226.993, 140
Trd, 4318227.293, 140
Trd, 4318228.293, 140
Trd, 4318229.843, 140
Trd, 4318230.493, 140
Trd, 4318231.643, 140
Trd, 4318231.743, 140
Trd, 4318231.993, 140
Trd, 4318232.543, 140
Trd, 4318232.993, 140
Trd, 4318233.593, 119
Trd, 4318234.093, 64
Trd, 4318235.293, 139
Trd, 4318235.893, 65
Trd, 4318237.043, 65
Trd, 4318237.343, 66
Trd, 4318237.643, 64
Trd, 4318238.343, 70
Trd, 4318239.693, 62
Trd, 4318240.343, 61
Trd, 4318241.993, 60
Trd, 4318242.343, 60
Trd, 4318242.893, 60
Trd, 4318242.943, 60
Trd, 4318242.993, 60
Trd, 4318244.493, 64
Trd, 4318244.943, 67
Trd, 4318245.343, 67
Trd, 4318245.593, 66
Trd, 4318247.093, 68
Trd, 4318247.793, 63
Trd, 4318248.143, 65
Trd, 4318250.143, 60
Trd, 4318250.393, 60
Trd, 4318250.743, 61
Trd, 4318250.943, 65
Trd, 4318251.243, 60
Trd, 4318252.193, 60
Trd, 4318252.593, 63
Trd, 4318255.793, 60
Trd, 4318256.043, 60
Trd, 4318256.493, 60
Trd, 4318257.543, 60
Trd, 4318257.993, 60
Trd, 4318258.893, 61
Trd, 4318259.993, 61
Trd, 4318260.193, 67
Trd, 4318260.593, 66
Trd, 4318260.843, 60
Trd, 4318263.243, 60
Trd, 4318263.543, 60
Trd, 4318263.793, 62
Trd, 4318264.543, 67
Trd, 4318265.493, 66
Trd, 4318265.593, 63
Trd, 4318266.193, 67
Trd, 4318266.443, 68
Trd, 4318267.493, 67
Trd, 4318267.593, 68
Trd, 4318268.143, 139
Trd, 4318268.443, 132
Trd, 4318268.843, 139
Trd, 4318271.493, 60
Trd, 4318271.943, 60
Trd, 4318272.243, 61
Trd, 4318272.493, 60
Trd, 4318273.743, 61
Trd, 4318274.493, 64
Trd, 4318275.343, 65
Trd, 4318275.593, 65
Trd, 4318275.743, 63
Trd, 4318277.043, 60
Trd, 4318278.393, 61
Trd, 4318278.443, 64
Trd, 4318280.843, 60
Trd, 4318280.943, 60
Trd, 4318281.593, 63
Trd, 4318281.843, 62
Trd, 4318283.343, 64
Trd, 4318283.393, 91
Trd, 4318284.243, 60
Trd, 4318284.693, 63
Trd, 4318285.293, 67
Trd, 4318285.493, 68
Trd, 4318285.643, 68
Trd, 4318286.093, 66
Trd, 4318286.593, 62
Trd, 4318286.793, 61
Trd, 4318288.393, 60
Trd, 4318288.993, 66
Trd, 4318289.343, 60
Trd, 4318290.293, 60
Trd, 4318290.643, 60
Trd, 4318291.893, 60
Trd, 4318293.493, 60
Trd, 4318293.943, 61
Trd, 4318294.143, 61
Trd, 4318294.493, 62
Trd, 4318294.843, 62
Trd, 4318294.893, 74
Trd, 4318296.343, 83
Trd, 4318296.593, 80
Trd, 4318297.693, 140
Trd, 4318297.743, 137
Trd, 4318298.643, 60
Trd, 4318301.493, 60
Trd, 4318301.643, 61
Trd, 4318303.043, 60
Trd, 4318303.893, 60
Trd, 4318305.793, 62
Trd, 4318307.043, 60
Trd, 4318307.293, 63
Trd, 4318308.043, 64
Trd, 4318308.093, 61
Trd, 4318308.843, 62
Trd, 4318309.443, 61
Trd, 4318309.493, 62
Trd, 4318310.343, 61
Trd, 4318310.843, 61
Trd, 4318311.493, 62
Trd, 4318311.593, 63
Trd, 4318313.193, 60
Trd, 4318313.443, 61
Trd, 4318314.893, 60
Trd, 4318315.643, 60
Trd, 4318316.993, 60
Trd, 4318317.843, 60
Trd, 4318319.043, 60
Trd, 4318319.243, 60
Trd, 4318319.543, 61
Trd, 4318320.593, 60
Trd, 4318320.793, 64
Trd, 4318320.943, 67
Trd, 4318321.193, 62
Trd, 4318321.993, 61
Trd, 4318322.443, 61
Trd, 4318322.893, 62
Trd, 4318323.693, 73
Trd, 4318325.093, 137
Trd, 4318326.693, 60
Trd, 4318328.393, 60
Trd, 4318328.643, 60
Trd, 4318329.593, 60
Trd, 4318331.443, 60
Trd, 4318331.643, 60
Trd, 4318331.693, 60
Trd, 4318332.093, 60
Trd, 4318333.493, 60
Trd, 4318333.843, 62
Trd, 4318334.393, 62
Trd, 4318334.693, 63
Trd, 4318335.093, 62
Trd, 4318336.243, 62
Trd, 4318336.793, 61
Trd, 4318336.943, 62
Trd, 4318337.593, 64
Trd, 4318337.793, 65
Trd, 4318338.593, 140
Trd, 4318339.343, 65
Trd, 4318339.393, 66
Trd, 4318342.143, 60
Trd, 4318343.093, 60
Trd, 4318343.243, 60
Trd, 4318343.593, 61
Trd, 4318343.693, 63
Trd, 4318344.143, 60
Trd, 4318345.643, 112
Trd, 4318346.693, 140
Trd, 4318347.043, 140
Trd, 4318347.393, 140
Trd, 4318348.893, 140
Trd, 4318348.943, 140
Trd, 4318349.093, 132
Trd, 4318350.393, 60
Trd, 4318351.443, 60
Trd, 4318352.443, 60
Trd, 4318352.993, 60
Trd, 4318353.543, 61
Trd, 4318353.893, 63
Trd, 4318354.093, 63
Trd, 4318354.543, 64
Trd, 4318354.643, 60
Trd, 4318355.893, 63
Trd, 4318356.293, 63
Trd, 4318356.343, 68
Trd, 4318356.693, 126
Trd, 4318357.643, 67
Trd, 4318357.843, 65
Trd, 4318358.593, 139
Trd, 4318359.243, 134
Trd, 4318359.643, 127
Trd, 4318360.643, 137
Trd, 4318360.943, 109
Trd, 4318361.293, 103
Trd, 4318361.693, 78
Trd, 4318365.343, 60
Trd, 4318366.193, 60
Trd, 4318366.493, 61
Trd, 4318366.543, 62
Trd, 4318366.993, 62
Trd, 4318367.543, 74
Trd, 4318368.343, 62
Trd, 4318368.543, 63
Trd, 4318369.693, 114
Trd, 4318370.543, 67
Trd, 4318371.043, 65
Trd, 4318371.743, 76
Trd, 4318371.793, 135
Trd, 4318371.993, 65
Trd, 4318373.893, 60
Trd, 4318373.993, 60
Trd, 4318376.543, 60
Trd, 4318376.843, 60
Trd, 4318378.293, 63
Trd, 4318379.443, 61
Trd, 4318379.943, 62
Trd, 4318380.093, 62
Trd, 4318380.393, 60
Trd, 4318380.543, 66
Trd, 4318380.793, 67
Trd, 4318382.643, 61
Trd, 4318382.693, 62
Trd, 4318383.593, 62
Trd, 4318384.543, 62
Trd, 4318384.743, 63
Trd, 4318384.843, 62
Trd, 4318384.893, 66
Trd, 4318386.993, 60
Trd, 4318387.693, 60
Trd, 4318389.643, 60
Trd, 4318390.043, 60
Trd, 4318391.393, 60
Trd, 4318391.743, 60
Trd, 4318391.993, 61
Trd, 4318392.693, 68
Trd, 4318393.343, 64
Trd, 4318394.043, 60
Trd, 4318394.093, 69
Trd, 4318395.343, 139
Trd, 4318395.693, 139
Trd, 4318395.893, 135
Trd, 4318396.443, 137
Trd, 4318396.643, 124
Trd, 4318398.143, 139
Trd, 4318398.643, 140
Trd, 4318399.143, 136
Trd, 4318399.843, 127
Trd, 4318399.893, 126
Trd, 4318400.993, 140
Trd, 4318402.343, 140
Trd, 4318402.643, 140
Trd, 4318403.093, 140
Trd, 4318404.243, 139
Trd, 4318405.143, 139
Trd, 4318406.043, 139
Trd, 4318406.843, 140
Trd, 4318407.743, 139
Trd, 4318407.793, 139
Trd, 4318408.243, 140
Trd, 4318409.393, 139
Trd, 4318410.743, 126
Trd, 4318412.343, 140
Trd, 4318412.743, 140
Trd, 4318412.993, 134
Trd, 4318413.793, 126
Trd, 4318414.443, 126
Trd, 4318414.943, 127
Trd, 4318415.743, 75
Trd, 4318416.543, 76
Trd, 4318417.043, 64
Trd, 4318417.693, 74
Trd, 4318418.393, 60
Trd, 4318418.643, 61
Trd, 4318419.843, 60
Trd, 4318419.893, 61
Trd, 4318421.143, 62
Trd, 4318421.193, 61
Trd, 4318421.843, 60
Trd, 4318422.043, 60
Trd, 4318423.843, 70
Trd, 4318424.043, 71
Trd, 4318425.193, 60
Trd, 4318425.893, 60
Trd, 4318426.043, 60
Trd, 4318426.243, 60
Trd, 4318426.643, 60
Trd, 4318427.043, 64
Trd, 4318427.293, 61
Trd, 4318428.143, 84
Trd, 4318429.293, 60
Trd, 4318430.093, 60
Trd, 4318432.943, 60
Trd, 4318433.543, 60
Trd, 4318433.693, 60
Trd, 4318434.393, 60
Trd, 4318434.743, 62
Trd, 4318435.593, 60
Trd, 4318436.543, 60
Trd, 4318436.593, 60
Trd, 4318436.693, 61
Trd, 4318437.343, 61
Trd, 4318437.843, 137
Trd, 4318438.593, 65
Trd, 4318439.293, 140
Trd, 4318440.493, 126
Trd, 4318440.693, 95
Trd, 4318440.993, 93
Trd, 4318442.043, 139
Trd, 4318442.543, 102
Trd, 4318443.593, 123
Trd, 4318443.693, 120
Trd, 4318444.693, 60
Trd, 4318445.593, 60
Trd, 4318446.143, 60
Trd, 4318447.443, 60
Trd, 4318448.243, 60
Trd, 4318449.543, 60
Trd, 4318449.643, 60
Trd, 4318449.793, 60
Trd, 4318450.043, 61
Trd, 4318450.243, 62
Trd, 4318450.693, 63
Trd, 4318451.743, 63
Trd, 4318452.343, 65
Trd, 4318452.793, 66
Trd, 4318454.043, 64
Trd, 4318455.543, 60
Trd, 4318456.843, 60
Trd, 4318456.893, 60
Trd, 4318456.943, 60
Trd, 4318457.843, 60
Trd, 4318458.593, 60
Trd, 4318458.943, 62
Trd, 4318459.243, 62
Trd, 4318459.343, 66
Trd, 4318459.843, 102
Trd, 4318460.743, 140
Trd, 4318461.143, 140
Trd, 4318461.993, 66
Trd, 4318462.043, 70
Trd, 4318463.143, 140
Trd, 4318463.493, 76
Trd, 4318464.093, 63
Trd, 4318464.693, 67
Trd, 4318464.893, 63
Trd, 4318467.843, 60
Trd, 4318468.543, 61
Trd, 4318469.293, 60
Trd, 4318470.293, 60
Trd, 4318470.343, 61
Trd, 4318471.043, 60
Trd, 4318471.393, 60
Trd, 4318472.093, 60
Trd, 4318472.593, 64
Trd, 4318473.043, 60
Trd, 4318473.693, 60
Trd, 4318476.143, 60
Trd, 4318476.393, 61
Trd, 4318476.643, 61
Trd, 4318477.043, 61
Trd, 4318479.493, 60
Trd, 4318480.043, 60
Trd, 4318480.843, 60
Trd, 4318481.193, 60
Trd, 4318481.443, 63
Trd, 4318481.493, 63
Trd, 4318481.893, 68
Trd, 4318482.493, 140
Trd, 4318483.143, 71
Trd, 4318483.443, 60
Trd, 4318483.643, 72
Trd, 4318484.543, 61
Trd, 4318485.943, 60
Trd, 4318486.943, 62
Trd, 4318487.943, 62
Trd, 4318488.543, 64
Trd, 4318488.993, 64
Trd, 4318489.243, 64
Trd, 4318489.993, 61
Trd, 4318491.243, 61
Trd, 4318491.593, 60
Trd, 4318491.643, 60
Trd, 4318491.743, 63
Trd, 4318492.693, 61
Trd, 4318493.643, 95
Trd, 4318495.093, 61
Trd, 4318495.493, 62
Trd, 4318496.093, 60
Trd, 4318498.043, 61
Trd, 4318498.593, 60
Trd, 4318498.793, 63
Trd, 4318500.293, 64
Trd, 4318500.493, 64
Trd, 4318500.743, 63
Trd, 4318500.793, 61
Trd, 4318501.493, 64
Trd, 4318501.543, 72
Trd, 4318504.243, 60
Trd, 4318504.693, 60
Trd, 4318504.793, 60
Trd, 4318505.043, 61
Trd, 4318505.493, 60
Trd, 4318506.243, 61
Trd, 4318506.793, 62
Trd, 4318506.843, 62
Trd, 4318507.743, 66
Trd, 4318510.093, 60
Trd, 4318510.893, 60
Trd, 4318511.043, 62
Trd, 4318511.343, 61
Trd, 4318511.443, 64
Trd, 4318511.693, 62
Trd, 4318513.243, 62
Trd, 4318513.443, 62
Trd, 4318513.593, 65
Trd, 4318513.793, 63
Trd, 4318514.243, 64
Trd, 4318514.943, 60
Trd, 4318515.643, 60
Trd, 4318515.993, 60
Trd, 4318517.993, 60
Trd, 4318518.543, 60
Trd, 4318519.793, 60
Trd, 4318521.693, 60
Trd, 4318521.993, 61
Trd, 4318522.593, 61
Trd, 4318522.843, 60
Trd, 4318523.993, 60
Trd, 4318524.293, 60
Trd, 4318524.843, 60
Trd, 4318525.343, 60
Trd, 4318525.593, 61
Trd, 4318527.293, 61
Trd, 4318527.393, 63
Trd, 4318527.543, 62
Trd, 4318527.993, 62
Trd, 4318529.293, 60
Trd, 4318529.593, 61
Trd, 4318529.893, 61
Trd, 4318530.993, 61
Trd, 4318531.193, 62
Trd, 4318531.593, 60
Trd, 4318531.843, 61
Trd, 4318532.293, 61
Trd, 4318533.493, 62
Trd, 4318533.843, 62
Trd, 4318534.093, 63
Trd, 4318534.793, 70
Trd, 4318534.993, 63
Trd, 4318536.543, 62
Trd, 4318537.343, 63
Trd, 4318537.593, 67
Trd, 4318539.643, 60
Trd, 4318541.343, 60
Trd, 4318543.043, 60
Trd, 4318543.243, 60
Trd, 4318543.293, 60
Trd, 4318543.893, 62
Trd, 4318544.593, 64
Trd, 4318545.093, 61
Trd, 4318545.343, 62
Trd, 4318546.743, 60
Trd, 4318547.693, 60
Trd, 4318548.093, 60
Trd, 4318550.543, 60
Trd, 4318550.693, 63
Trd, 4318551.843, 62
Trd, 4318552.243, 64
Trd, 4318552.343, 60
Trd, 4318552.543, 60
Trd, 4318552.593, 66
Trd, 4318553.143, 62
Trd, 4318553.443, 66
Trd, 4318553.743, 64
Trd, 4318555.143, 62
Trd, 4318555.193, 75
Trd, 4318555.393, 63
Trd, 4318556.443, 60
Trd, 4318556.493, 122
Trd, 4318557.343, 65
Trd, 4318559.143, 82
Trd, 4318559.243, 81
Trd, 4318559.443, 73
Trd, 4318560.143, 140
Trd, 4318561.443, 140
Trd, 4318561.643, 140
Trd, 4318562.143, 140
Trd, 4318563.143, 140
Trd, 4318564.593, 140
Trd, 4318565.293, 140
Trd, 4318566.693, 140
Trd, 4318567.093, 140
Trd, 4318567.593, 140
Trd, 4318567.893, 137
Trd, 4318568.893, 121
Trd, 4318569.043, 103
Trd, 4318571.293, 140
Trd, 4318571.943, 140
Trd, 4318572.243, 140
Trd, 4318572.493, 139
Trd, 4318573.143, 138
Trd, 4318573.843, 139
Trd, 4318574.343, 138
Trd, 4318575.343, 137
Trd, 4318576.043, 129
Trd, 4318576.993, 140
Trd, 4318577.193, 139
Trd, 4318577.743, 124
Trd, 4318579.393, 140
Trd, 4318580.043, 140
Trd, 4318580.993, 140
Trd, 4318581.493, 140
Trd, 4318582.293, 139
Trd, 4318583.343, 133
Trd, 4318583.943, 134
Trd, 4318584.393, 81
Trd, 4318584.943, 137
Trd, 4318585.293, 63
Trd, 4318585.543, 61
Trd, 4318586.343, 137
Trd, 4318588.143, 60
Trd, 4318588.893, 60
Trd, 4318589.893, 65
Trd, 4318590.193, 64
Trd, 4318590.893, 64
Trd, 4318591.393, 64
Trd, 4318591.593, 67
Trd, 4318591.643, 63
Trd, 4318593.843, 63
Trd, 4318595.193, 60
Trd, 4318595.743, 60
Trd, 4318596.543, 62
Trd, 4318596.593, 62
Trd, 4318597.193, 62
Trd, 4318597.643, 64
Trd, 4318598.993, 64
Trd, 4318599.043, 69
Trd, 4318600.343, 70
Trd, 4318601.643, 60
Trd, 4318602.543, 60
Trd, 4318602.743, 61
Trd, 4318603.293, 61
Trd, 4318603.843, 62
Trd, 4318603.943, 64
Trd, 4318604.943, 65
Trd, 4318605.043, 63
Trd, 4318605.593, 121
Trd, 4318605.793, 120
Trd, 4318606.643, 67
Trd, 4318607.143, 139
Trd, 4318607.993, 60
Trd, 4318609.643, 60
Trd, 4318610.693, 60
Trd, 4318610.993, 62
Trd, 4318611.393, 65
Trd, 4318614.893, 62
Trd, 4318615.443, 61
Trd, 4318615.943, 61
Trd, 4318616.443, 61
Trd, 4318617.193, 61
Trd, 4318617.293, 62
Trd, 4318617.493, 60
Trd, 4318617.593, 63
Trd, 4318618.093, 139
Trd, 4318618.743, 111
Trd, 4318620.893, 60
Trd, 4318621.143, 60
Trd, 4318621.643, 60
Trd, 4318621.693, 61
Trd, 4318622.293, 65
Trd, 4318623.193, 71
Trd, 4318623.843, 62
Trd, 4318624.893, 60
Trd, 4318624.943, 60
Trd, 4318625.993, 62
Trd, 4318626.793, 99
Trd, 4318627.043, 99
Trd, 4318627.943, 60
Trd, 4318628.143, 61
Trd, 4318628.493, 69
Trd, 4318629.143, 64
Trd, 4318631.043, 117
Trd, 4318631.493, 99
Trd, 4318631.593, 98
Trd, 4318632.593, 97
Trd, 4318632.893, 115
Trd, 4318633.293, 96
Trd, 4318633.493, 93
Trd, 4318633.993, 85
Trd, 4318634.493, 111
Trd, 4318634.543, 85
Trd, 4318635.093, 84
Trd, 4318637.293, 140
Trd, 4318637.393, 140
Trd, 4318637.993, 140
Trd, 4318638.293, 139
Trd, 4318639.193, 133
Trd, 4318640.043, 128
Trd, 4318640.093, 126
Trd, 4318640.593, 74
Trd, 4318641.393, 69
Trd, 4318641.493, 83
Trd, 4318641.743, 97
Trd, 4318643.093, 61
Trd, 4318643.393, 68
Trd, 4318644.093, 140
Trd, 4318645.193, 138
Trd, 4318645.243, 137
Trd, 4318646.693, 140
Trd, 4318647.093, 140
Trd, 4318647.843, 140
Trd, 4318648.793, 140
Trd, 4318649.593, 140
Trd, 4318649.693, 140
Trd, 4318650.293, 125
Trd, 4318650.593, 140
Trd, 4318651.793, 76
Trd, 4318652.343, 64
Trd, 4318653.693, 67
Trd, 4318654.143, 70
Trd, 4318655.543, 72
Trd, 4318655.943, 71
Trd, 4318656.143, 70
Trd, 4318656.943, 117
Trd, 4318658.093, 62
Trd, 4318658.393, 63
Trd, 4318658.993, 63
Trd, 4318659.643, 140
Trd, 4318661.193, 60
Trd, 4318661.743, 67
Trd, 4318662.443, 64
Trd, 4318662.543, 63
Trd, 4318663.293, 65
Trd, 4318663.943, 67
Trd, 4318663.993, 65
Trd, 4318664.443, 71
Trd, 4318664.743, 135
Trd, 4318666.193, 110
Trd, 4318667.243, 140
Trd, 4318667.843, 140
Trd, 4318667.943, 140
Trd, 4318668.393, 140
Trd, 4318669.143, 140
Trd, 4318670.593, 140
Trd, 4318670.993, 140
Trd, 4318671.693, 140
Trd, 4318673.743, 140
Trd, 4318673.843, 140
Trd, 4318675.243, 140
Trd, 4318675.393, 140
Trd, 4318675.743, 140
Trd, 4318676.093, 140
Trd, 4318676.393, 140
Trd, 4318677.543, 140
Trd, 4318678.593, 139
Trd, 4318678.793, 138
Trd, 4318680.043, 69
Trd, 4318681.093, 114
Trd, 4318681.643, 140
Trd, 4318682.643, 140
Trd, 4318683.093, 133
Trd, 4318683.143, 132
Trd, 4318684.443, 133
Trd, 4318685.993, 125
Trd, 4318686.493, 140
Trd, 4318687.393, 61
Trd, 4318687.443, 62
Trd, 4318689.443, 60
Trd, 4318690.193, 60
Trd, 4318690.343, 60
Trd, 4318691.443, 63
Trd, 4318691.993, 64
Trd, 4318692.043, 63
Trd, 4318692.193, 65
Trd, 4318692.793, 62
Trd, 4318693.543, 65
Trd, 4318693.793, 64
Trd, 4318694.693, 60
Trd, 4318694.893, 60
Trd, 4318695.393, 71
Trd, 4318695.993, 74
Trd, 4318696.893, 140
Trd, 4318697.293, 140
Trd, 4318697.693, 139
Trd, 4318699.443, 138
Trd, 4318699.793, 140
Trd, 4318701.093, 60
Trd, 4318702.243, 60
Trd, 4318702.293, 60
Trd, 4318703.143, 65
Trd, 4318703.193, 65
Trd, 4318704.143, 60
Trd, 4318704.393, 60
Trd, 4318704.793, 60
Trd, 4318705.993, 60
Trd, 4318708.943, 60
Trd, 4318709.793, 60
Trd, 4318710.793, 60
Trd, 4318711.343, 60
Trd, 4318711.543, 61
Trd, 4318712.393, 61
Trd, 4318712.693, 60
Trd, 4318713.043, 62
Trd, 4318713.943, 62
Trd, 4318714.143, 62
Trd, 4318714.593, 60
Trd, 4318715.543, 62
Trd, 4318716.893, 60
Trd, 4318719.243, 60
Trd, 4318719.343, 60
Trd, 4318721.293, 60
Trd, 4318721.743, 61
Trd, 4318722.993, 67
Trd, 4318723.093, 64
Trd, 4318723.293, 64
Trd, 4318723.643, 73
Trd, 4318723.743, 137
Trd, 4318724.193, 64
Trd, 4318724.943, 63
Trd, 4318725.143, 66
Trd, 4318726.993, 77
Trd, 4318727.143, 72
Trd, 4318728.493, 62
Trd, 4318729.593, 64
Trd, 4318730.193, 64
Trd, 4318732.543, 60
Trd, 4318732.643, 60
Trd, 4318733.043, 60
Trd, 4318733.193, 61
Trd, 4318733.393, 78
Trd, 4318733.893, 68
Trd, 4318733.993, 63
Trd, 4318735.993, 63
Trd, 4318736.143, 63
Trd, 4318736.593, 62
Trd, 4318738.293, 63
Trd, 4318738.843, 70
Trd, 4318739.193, 62
Trd, 4318742.393, 60
Trd, 4318742.543, 60
Trd, 4318742.593, 60
Trd, 4318743.443, 60
Trd, 4318745.543, 60
Trd, 4318745.993, 60
Trd, 4318746.243, 61
Trd, 4318746.443, 61
Trd, 4318746.543, 62
Trd, 4318748.493, 66
Trd, 4318748.643, 66
Trd, 4318748.993, 64
Trd, 4318749.843, 63
Trd, 4318751.293, 140
Trd, 4318751.693, 140
Trd, 4318752.193, 139
Trd, 4318752.543, 132
Trd, 4318752.593, 72
Trd, 4318754.343, 140
Trd, 4318754.693, 140
Trd, 4318755.243, 139
Trd, 4318755.943, 109
Trd, 4318756.193, 70
Trd, 4318756.243, 138
Trd, 4318757.293, 76
Trd, 4318759.393, 63
Trd, 4318759.643, 62
Trd, 4318759.893, 63
Trd, 4318761.093, 64
Trd, 4318762.443, 60
Trd, 4318762.793, 60
Trd, 4318762.993, 61
Trd, 4318763.093, 61
Trd, 4318763.143, 74
Trd, 4318763.243, 60
Trd, 4318763.943, 138
Trd, 4318764.793, 137
Trd, 4318766.393, 60
Trd, 4318766.893, 60
Trd, 4318767.443, 60
Trd, 4318767.543, 60
Trd, 4318768.343, 60
Trd, 4318768.493, 61
Trd, 4318769.393, 61
Trd, 4318770.143, 65
Trd, 4318770.193, 65
Trd, 4318770.743, 65
Trd, 4318771.093, 63
Trd, 4318771.243, 75
Trd, 4318772.043, 138
Trd, 4318772.143, 62
Trd, 4318772.593, 60
Trd, 4318773.193, 69
Trd, 4318776.543, 60
Trd, 4318776.693, 61
Trd, 4318777.143, 65
Trd, 4318778.993, 62
Trd, 4318779.693, 62
Trd, 4318780.343, 62
Trd, 4318780.643, 61
Trd, 4318781.193, 61
Trd, 4318781.443, 61
Trd, 4318781.643, 60
Trd, 4318782.393, 60
Trd, 4318783.043, 60
Trd, 4318783.243, 68
Trd, 4318784.043, 77
Trd, 4318784.843, 102
Trd, 4318785.193, 99
Trd, 4318786.393, 84
Trd, 4318787.243, 140
Trd, 4318787.543, 140
Trd, 4318789.593, 140
Trd, 4318789.843, 140
Trd, 4318790.193, 132
Trd, 4318792.143, 140
Trd, 4318792.593, 140
Trd, 4318793.093, 140
Trd, 4318793.143, 138
Trd, 4318794.143, 60
Trd, 4318794.543, 140
Trd, 4318795.343, 60
Trd, 4318796.043, 80
Trd, 4318797.693, 97
Trd, 4318798.043, 138
Trd, 4318799.043, 115
Trd, 4318799.393, 110
Trd, 4318800.343, 111
Trd, 4318800.393, 110
Trd, 4318800.543, 133
Trd, 4318801.043, 131
Trd, 4318801.093, 109
Trd, 4318803.643, 140
Trd, 4318803.693, 140
Trd, 4318803.843, 138
Trd, 4318805.643, 140
Trd, 4318805.843, 140
Trd, 4318806.593, 140
Trd, 4318807.193, 140
Trd, 4318807.443, 140
Trd, 4318808.193, 140
Trd, 4318808.493, 132
Trd, 4318808.743, 121
Trd, 4318810.043, 140
Trd, 4318810.743, 140
Trd, 4318811.343, 140
Trd, 4318814.243, 140
Trd, 4318815.143, 140
Trd, 4318815.293, 140
Trd, 4318816.043, 140
Trd, 4318816.093, 140
Trd, 4318816.943, 140
Trd, 4318817.843, 140
Trd, 4318817.943, 140
Trd, 4318817.993, 140
Trd, 4318818.843, 140
Trd, 4318819.093, 140
Trd, 4318820.943, 140
Trd, 4318820.993, 132
Trd, 4318821.043, 128
Trd, 4318822.743, 139
Trd, 4318824.193, 115
Trd, 4318825.293, 135
Trd, 4318825.493, 134
Trd, 4318826.143, 140
Trd, 4318826.643, 140
Trd, 4318828.193, 135
Trd, 4318828.343, 134
Trd, 4318828.893, 129
Trd, 4318830.093, 140
Trd, 4318831.093, 140
Trd, 4318831.443, 140
Trd, 4318832.793, 140
Trd, 4318833.743, 140
Trd, 4318834.443, 140
Trd, 4318834.693, 140
Trd, 4318835.143, 140
Trd, 4318836.443, 132
Trd, 4318836.943, 140
Trd, 4318837.693, 118
Trd, 4318837.843, 119
Trd, 4318839.143, 60
Trd, 4318839.393, 60
Trd, 4318840.493, 60
Trd, 4318841.343, 60
Trd, 4318842.043, 60
Trd, 4318842.193, 60
Trd, 4318842.893, 60
Trd, 4318843.193, 62
Trd, 4318843.893, 64
Trd, 4318844.243, 96
Trd, 4318844.593, 66
Trd, 4318845.343, 60
Trd, 4318846.643, 60
Trd, 4318846.793, 60
Trd, 4318847.043, 61
Trd, 4318847.193, 61
Trd, 4318847.543, 61
Trd, 4318848.943, 62
Trd, 4318849.593, 63
Trd, 4318850.293, 63
Trd, 4318850.543, 63
Trd, 4318850.643, 62
Trd, 4318851.443, 115
Trd, 4318855.393, 60
Trd, 4318855.593, 60
Trd, 4318856.143, 60
Trd, 4318856.843, 60
Trd, 4318857.343, 60
Trd, 4318857.393, 60
Trd, 4318857.643, 60
Trd, 4318858.143, 60
Trd, 4318858.343, 63
Trd, 4318858.793, 60
Trd, 4318858.893, 61
Trd, 4318859.243, 61
Trd, 4318861.193, 62
Trd, 4318861.693, 63
Trd, 4318862.393, 115
Trd, 4318862.593, 113
Trd, 4318863.343, 113
Trd, 4318863.693, 140
Trd, 4318863.793, 107
Trd, 4318864.843, 67
Trd, 4318865.243, 140
Trd, 4318866.043, 60
Trd, 4318867.393, 104
Trd, 4318867.593, 102
Trd, 4318867.993, 140
Trd, 4318868.643, 101
Trd, 4318868.893, 139
Trd, 4318869.993, 140
Trd, 4318871.593, 140
Trd, 4318872.343, 140
Trd, 4318872.543, 133
Trd, 4318874.443, 140
Trd, 4318875.293, 127
Trd, 4318875.893, 126
Trd, 4318876.393, 117
Trd, 4318877.443, 75
Trd, 4318877.593, 135
Trd, 4318878.593, 84
Trd, 4318878.743, 67
Trd, 4318880.193, 97
Trd, 4318882.143, 60
Trd, 4318882.293, 60
Trd, 4318882.443, 60
Trd, 4318882.793, 60
Trd, 4318883.543, 60
Trd, 4318884.493, 65
Trd, 4318884.693, 70
Trd, 4318885.793, 65
Trd, 4318886.343, 64
Trd, 4318886.393, 63
Trd, 4318886.793, 62
Trd, 4318886.893, 108
Trd, 4318887.643, 140
Trd, 4318889.743, 140
Trd, 4318889.843, 139
Trd, 4318890.643, 140
Trd, 4318892.143, 140
Trd, 4318892.193, 138
Trd, 4318892.493, 132
Trd, 4318894.843, 140
Trd, 4318894.893, 140
Trd, 4318895.593, 140
Trd, 4318896.093, 140
Trd, 4318896.643, 139
Trd, 4318898.393, 140
Trd, 4318898.943, 140
Trd, 4318899.043, 139
Trd, 4318900.443, 134
Trd, 4318900.793, 133
Trd, 4318901.843, 140
Trd, 4318902.743, 140
Trd, 4318903.443, 140
Trd, 4318904.743, 140
Trd, 4318904.993, 140
Trd, 4318905.693, 140
Trd, 4318905.743, 132
Trd, 4318907.743, 140
Trd, 4318909.093, 140
Trd, 4318909.143, 134
Trd, 4318909.443, 132
Trd, 4318910.343, 137
Trd, 4318911.143, 139
Trd, 4318912.493, 140
Trd, 4318913.093, 140
Trd, 4318913.193, 140
Trd, 4318914.043, 140
Trd, 4318914.343, 139
Trd, 4318915.243, 125
Trd, 4318915.893, 110
Trd, 4318916.343, 140
Trd, 4318918.893, 140
Trd, 4318919.243, 140
Trd, 4318919.393, 140
Trd, 4318920.393, 140
Trd, 4318920.643, 140
Trd, 4318921.093, 126
Trd, 4318921.943, 121
Trd, 4318922.843, 120
Trd, 4318923.943, 140
Trd, 4318925.093, 140
Trd, 4318925.343, 140
Trd, 4318926.443, 140
Trd, 4318926.743, 139
Trd, 4318927.493, 140
Trd, 4318928.093, 139
Trd, 4318928.843, 140
Trd, 4318929.843, 140
Trd, 4318930.143, 137
Trd, 4318931.993, 84
Trd, 4318932.593, 87
Trd, 4318932.643, 105
Trd, 4318933.143, 84
Trd, 4318933.193, 106
Trd, 4318933.593, 107
Trd, 4318934.093, 80
Trd, 4318934.743, 62
Trd, 4318934.893, 66
Trd, 4318935.593, 140
Trd, 4318936.593, 140
Trd, 4318936.793, 139
Trd, 4318936.943, 131
Trd, 4318937.643, 130
Trd, 4318938.943, 62
Trd, 4318940.393, 60
Trd, 4318940.893, 61
Trd, 4318941.893, 61
Trd, 4318942.043, 61
Trd, 4318942.693, 63
Trd, 4318942.793, 64
Trd, 4318942.843, 64
Trd, 4318943.343, 87
Trd, 4318943.593, 66
Trd, 4318943.693, 64
Trd, 4318944.393, 65
Trd, 4318945.493, 61
Trd, 4318946.343, 63
Trd, 4318946.743, 62
Trd, 4318947.643, 64
Trd, 4318949.343, 62
Trd, 4318949.743, 60
Trd, 4318950.793, 61
Trd, 4318951.093, 61
Trd, 4318951.343, 62
Trd, 4318951.793, 61
Trd, 4318952.093, 62
Trd, 4318952.393, 82
Trd, 4318952.943, 60
Trd, 4318953.543, 61
Trd, 4318956.043, 60
Trd, 4318956.443, 60
Trd, 4318956.993, 61
Trd, 4318958.193, 60
Trd, 4318958.493, 60
Trd, 4318959.093, 60
Trd, 4318960.443, 60
Trd, 4318960.593, 62
Trd, 4318961.193, 64
Trd, 4318961.993, 140
Trd, 4318962.193, 140
Trd, 4318963.743, 138
Trd, 4318963.843, 135
Trd, 4318965.643, 138
Trd, 4318965.743, 136
Trd, 4318967.693, 140
Trd, 4318967.843, 140
Trd, 4318968.043, 125
Trd, 4318969.593, 140
Trd, 4318970.093, 140
Trd, 4318970.243, 140
Trd, 4318971.193, 76
Trd, 4318973.093, 60
Trd, 4318973.743, 62
Trd, 4318973.843, 63
Trd, 4318974.043, 61
Trd, 4318976.693, 60
Trd, 4318977.343, 60
Trd, 4318978.593, 60
Trd, 4318978.793, 60
Trd, 4318979.143, 60
Trd, 4318979.943, 60
Trd, 4318979.993, 60
Trd, 4318980.293, 61
Trd, 4318980.943, 61
Trd, 4318981.493, 60
Trd, 4318982.943, 61
Trd, 4318983.643, 60
Trd, 4318984.643, 60
Trd, 4318985.543, 64
Trd, 4318986.743, 60
Trd, 4318987.893, 62
Trd, 4318988.593, 60
Trd, 4318988.843, 63
Trd, 4318989.443, 60
Trd, 4318989.993, 60
Trd, 4318990.143, 65
Trd, 4318990.393, 61
Trd, 4318991.293, 60
Trd, 4318991.693, 60
Trd, 4318992.793, 60
Trd, 4318993.893, 60
Trd, 4318995.143, 60
Trd, 4318995.643, 61
Trd, 4318995.693, 62
Trd, 4318996.493, 64
Trd, 4318996.893, 62
Trd, 4318997.643, 62
Trd, 4318998.293, 61
Trd, 4318998.543, 63
Trd, 4319000.143, 61
Trd, 4319002.343, 60
Trd, 4319002.643, 60
Trd, 4319004.843, 60
Trd, 4319005.293, 60
Trd, 4319005.443, 60
Trd, 4319005.493, 60
Trd, 4319005.643, 61
Trd, 4319006.043, 62
Trd, 4319006.443, 63
Trd, 4319007.793, 67
Trd, 4319007.993, 108
Trd, 4319008.393, 70
Trd, 4319008.593, 66
Trd, 4319010.943, 60
Trd, 4319011.293, 62
Trd, 4319011.743, 73
Trd, 4319012.293, 60
Trd, 4319015.393, 60
Trd, 4319016.893, 60
Trd, 4319016.993, 60
Trd, 4319017.343, 60
Trd, 4319017.593, 60
Trd, 4319017.843, 60
Trd, 4319018.193, 61
Trd, 4319018.393, 60
Trd, 4319018.993, 61
Trd, 4319019.193, 111
Trd, 4319019.393, 103
Trd, 4319020.643, 140
Trd, 4319021.893, 140
Trd, 4319022.093, 140
Trd, 4319023.343, 140
Trd, 4319023.643, 140
Trd, 4319024.443, 60
Trd, 4319025.093, 60
Trd, 4319025.943, 60
Trd, 4319027.443, 60
Trd, 4319027.693, 60
Trd, 4319027.743, 61
Trd, 4319028.243, 63
Trd, 4319028.493, 63
Trd, 4319029.093, 62
Trd, 4319030.243, 62
Trd, 4319030.843, 63
Trd, 4319030.993, 64
Trd, 4319031.543, 126
Trd, 4319032.593, 140
Trd, 4319032.893, 140
Trd, 4319034.643, 140
Trd, 4319035.293, 140
Trd, 4319035.893, 140
Trd, 4319036.443, 140
Trd, 4319036.493, 140
Trd, 4319036.693, 133
Trd, 4319036.993, 127
Trd, 4319037.743, 117
Trd, 4319038.993, 82
Trd, 4319040.243, 60
Trd, 4319040.343, 61
Trd, 4319040.793, 61
Trd, 4319041.993, 62
Trd, 4319044.643, 60
Trd, 4319045.343, 60
Trd, 4319045.993, 66
Trd, 4319046.593, 63
Trd, 4319046.893, 63
Trd, 4319047.093, 66
Trd, 4319047.243, 61
Trd, 4319047.693, 60
Trd, 4319050.243, 140
Trd, 4319050.443, 140
Trd, 4319050.493, 140
Trd, 4319051.443, 140
Trd, 4319051.893, 140
Trd, 4319052.843, 140
Trd, 4319053.443, 140
Trd, 4319054.043, 140
Trd, 4319054.243, 123
Trd, 4319056.043, 140
Trd, 4319056.143, 97
Trd, 4319056.493, 96
Trd, 4319057.543, 95
Trd, 4319057.593, 94
Trd, 4319058.243, 139
Trd, 4319059.943, 61
Trd, 4319060.893, 60
Trd, 4319062.243, 61
Trd, 4319063.643, 134
Trd, 4319064.243, 133
Trd, 4319064.343, 134
Trd, 4319065.143, 74
Trd, 4319065.943, 73
Trd, 4319066.143, 73
Trd, 4319066.943, 68
Trd, 4319067.293, 91
Trd, 4319067.893, 89
Trd, 4319068.043, 139
Trd, 4319068.343, 68
Trd, 4319070.543, 75
Trd, 4319070.593, 73
Trd, 4319071.943, 106
Trd, 4319072.193, 79
Trd, 4319072.343, 77
Trd, 4319073.093, 140
Trd, 4319074.093, 140
Trd, 4319074.243, 140
Trd, 4319076.393, 62
Trd, 4319076.793, 60
Trd, 4319077.893, 60
Trd, 4319078.093, 60
Trd, 4319079.693, 60
Trd, 4319080.293, 60
Trd, 4319080.793, 60
Trd, 4319081.843, 61
Trd, 4319082.493, 60
Trd, 4319082.643, 63
Trd, 4319082.943, 61
Trd, 4319082.993, 64
Trd, 4319083.443, 64
Trd, 4319083.793, 65
Trd, 4319084.293, 60
Trd, 4319084.793, 65
Trd, 4319086.693, 60
Trd, 4319088.043, 60
Trd, 4319088.093, 62
Trd, 4319089.643, 60
Trd, 4319090.393, 61
Trd, 4319090.743, 63
Trd, 4319091.043, 61
Trd, 4319091.993, 60
Trd, 4319092.043, 61
Trd, 4319092.343, 62
Trd, 4319092.743, 60
Trd, 4319093.443, 62
Trd, 4319094.693, 62
Trd, 4319095.093, 61
Trd, 4319095.593, 60
Trd, 4319096.243, 60
Trd, 4319096.893, 60
Trd, 4319097.293, 61
Trd, 4319098.193, 69
Trd, 4319098.293, 67
Trd, 4319098.643, 139
Trd, 4319098.993, 63
Trd, 4319100.143, 64
Trd, 4319100.993, 61
Trd, 4319101.943, 60
Trd, 4319102.543, 63
Trd, 4319103.043, 65
Trd, 4319103.193, 60
Trd, 4319103.543, 64
Trd, 4319104.193, 60
Trd, 4319104.243, 60
Trd, 4319105.543, 61
Trd, 4319105.693, 62
Trd, 4319106.093, 60
Trd, 4319107.343, 61
Trd, 4319107.743, 63
Trd, 4319108.193, 65
Trd, 4319108.743, 60
Trd, 4319110.193, 60
Trd, 4319111.193, 60
Trd, 4319111.393, 60
Trd, 4319112.943, 60
Trd, 4319112.993, 60
Trd, 4319113.993, 60
Trd, 4319114.943, 60
Trd, 4319115.043, 60
Trd, 4319115.343, 61
Trd, 4319115.743, 61
Trd, 4319116.443, 62
Trd, 4319116.493, 72
Trd, 4319116.643, 60
Trd, 4319116.743, 61
Trd, 4319118.743, 64
Trd, 4319119.393, 66
Trd, 4319123.193, 60
Trd, 4319123.243, 60
Trd, 4319123.293, 60
Trd, 4319123.693, 62
Trd, 4319124.193, 62
Trd, 4319124.343, 63
Trd, 4319124.843, 61
Trd, 4319124.893, 62
Trd, 4319126.793, 61
Trd, 4319128.243, 60
Trd, 4319128.843, 61
Trd, 4319128.893, 61
Trd, 4319129.893, 60
Trd, 4319130.193, 60
Trd, 4319130.843, 60
Trd, 4319131.993, 60
Trd, 4319132.643, 60
Trd, 4319133.093, 60
Trd, 4319133.593, 60
Trd, 4319133.893, 60
Trd, 4319133.993, 62
Trd, 4319134.293, 63
Trd, 4319134.493, 64
Trd, 4319135.343, 67
Trd, 4319135.393, 65
Trd, 4319135.493, 64
Trd, 4319136.243, 104
Trd, 4319136.793, 70
Trd, 4319138.343, 140
Trd, 4319138.493, 140
Trd, 4319139.893, 140
Trd, 4319140.143, 140
Trd, 4319141.143, 140
Trd, 4319141.993, 140
Trd, 4319142.443, 140
Trd, 4319143.193, 138
Trd, 4319143.893, 139
Trd, 4319144.243, 140
Trd, 4319144.443, 139
Trd, 4319145.943, 140
Trd, 4319146.343, 140
Trd, 4319146.793, 139
Trd, 4319148.393, 140
Trd, 4319149.693, 140
Trd, 4319149.793, 140
Trd, 4319150.293, 140
Trd, 4319151.543, 130
Trd, 4319151.843, 130
Trd, 4319152.593, 140
Trd, 4319152.843, 140
Trd, 4319153.043, 140
Trd, 4319153.343, 140
Trd, 4319153.393, 133
Trd, 4319154.643, 92
Trd, 4319155.943, 140
Trd, 4319156.593, 140
Trd, 4319156.793, 133
Trd, 4319157.493, 140
Trd, 4319158.693, 140
Trd, 4319161.743, 140
Trd, 4319161.793, 140
Trd, 4319162.843, 140
Trd, 4319163.393, 140
Trd, 4319164.093, 140
Trd, 4319164.443, 132
Trd, 4319164.593, 131
Trd, 4319167.143, 60
Trd, 4319167.243, 60
Trd, 4319168.043, 63
Trd, 4319169.393, 60
Trd, 4319170.343, 60
Trd, 4319170.593, 61
Trd, 4319170.943, 62
Trd, 4319170.993, 60
Trd, 4319171.143, 60
Trd, 4319171.793, 60
Trd, 4319172.543, 62
Trd, 4319174.343, 60
Trd, 4319175.393, 60
Trd, 4319175.643, 62
Trd, 4319175.893, 62
Trd, 4319177.843, 64
Trd, 4319178.143, 60
Trd, 4319179.943, 60
Trd, 4319180.393, 60
Trd, 4319180.593, 60
Trd, 4319180.693, 60
Trd, 4319181.293, 61
Trd, 4319181.693, 61
Trd, 4319182.693, 61
Trd, 4319184.193, 138
Trd, 4319184.243, 137
Trd, 4319185.093, 139
Trd, 4319185.543, 139
Trd, 4319185.943, 138
Trd, 4319186.043, 130
Trd, 4319187.143, 60
Trd, 4319187.243, 61
Trd, 4319187.893, 140
Trd, 4319188.343, 140
Trd, 4319188.693, 89
Trd, 4319189.593, 87
Trd, 4319189.693, 86
Trd, 4319190.693, 140
Trd, 4319190.793, 85
Trd, 4319191.793, 140
Trd, 4319192.343, 140
Trd, 4319194.343, 140
Trd, 4319194.443, 140
Trd, 4319194.893, 111
Trd, 4319196.193, 133
Trd, 4319197.143, 133
Trd, 4319197.443, 126
Trd, 4319197.843, 137
Trd, 4319198.743, 65
Trd, 4319199.643, 63
Trd, 4319199.843, 62
Trd, 4319200.443, 60
Trd, 4319200.943, 60
Trd, 4319201.143, 61
Trd, 4319201.343, 60
Trd, 4319202.243, 60
Trd, 4319203.243, 60
Trd, 4319204.343, 63
Trd, 4319204.593, 63
Trd, 4319204.993, 62
Trd, 4319205.293, 65
Trd, 4319205.593, 65
Trd, 4319206.643, 61
Trd, 4319208.343, 62
Trd, 4319209.243, 61
Trd, 4319209.693, 63
Trd, 4319210.593, 65
Trd, 4319210.993, 64
Trd, 4319211.493, 69
Trd, 4319212.393, 60
Trd, 4319212.593, 60
Trd, 4319213.293, 67
Trd, 4319214.243, 63
Trd, 4319214.943, 61
Trd, 4319215.293, 61
Trd, 4319215.443, 63
Trd, 4319216.543, 130
Trd, 4319216.793, 128
Trd, 4319217.643, 140
Trd, 4319218.093, 140
Trd, 4319218.943, 140
Trd, 4319219.893, 140
Trd, 4319219.993, 140
Trd, 4319220.543, 132
Trd, 4319221.143, 131
Trd, 4319221.543, 62
Trd, 4319223.593, 140
Trd, 4319224.743, 139
Trd, 4319224.793, 139
Trd, 4319225.343, 127
Trd, 4319226.393, 60
Trd, 4319226.643, 60
Trd, 4319227.093, 60
Trd, 4319227.943, 60
Trd, 4319228.543, 60
Trd, 4319229.243, 60
Trd, 4319230.893, 64
Trd, 4319231.743, 60
Trd, 4319232.143, 62
Trd, 4319232.543, 63
Trd, 4319234.843, 60
Trd, 4319235.043, 61
Trd, 4319236.243, 60
Trd, 4319236.493, 61
Trd, 4319236.943, 60
Trd, 4319237.193, 60
Trd, 4319237.543, 61
Trd, 4319238.793, 61
Trd, 4319238.943, 61
Trd, 4319239.043, 60
Trd, 4319240.593, 60
Trd, 4319241.243, 60
Trd, 4319241.393, 60
Trd, 4319243.593, 60
Trd, 4319245.293, 60
Trd, 4319245.543, 60
Trd, 4319246.343, 60
Trd, 4319247.243, 60
Trd, 4319247.443, 60
Trd, 4319247.743, 60
Trd, 4319247.943, 62
Trd, 4319248.293, 60
Trd, 4319248.843, 66
Trd, 4319250.193, 61
Trd, 4319250.443, 61
Trd, 4319250.543, 62
Trd, 4319251.393, 60
Trd, 4319252.843, 60
Trd, 4319253.143, 64
Trd, 4319253.893, 66
Trd, 4319254.643, 60
Trd, 4319254.993, 62
Trd, 4319255.493, 62
Trd, 4319255.793, 62
Trd, 4319255.843, 63
Trd, 4319256.393, 61
Trd, 4319256.543, 60
Trd, 4319257.593, 78
Trd, 4319259.843, 61
Trd, 4319261.393, 61
Trd, 4319261.993, 63
Trd, 4319263.043, 60
Trd, 4319263.493, 61
Trd, 4319263.843, 62
Trd, 4319264.043, 61
Trd, 4319264.593, 66
Trd, 4319265.493, 68
Trd, 4319265.993, 71
Trd, 4319266.543, 73
Trd, 4319266.693, 137
Trd, 4319267.443, 140
Trd, 4319268.143, 140
Trd, 4319268.543, 140
Trd, 4319269.243, 140
Trd, 4319269.693, 119
Trd, 4319270.793, 60
Trd, 4319270.943, 60
Trd, 4319273.243, 61
Trd, 4319273.343, 61
Trd, 4319274.293, 63
Trd, 4319274.593, 62
Trd, 4319274.843, 63
Trd, 4319275.043, 62
Trd, 4319275.993, 64
Trd, 4319276.193, 61
Trd, 4319280.193, 60
Trd, 4319280.393, 60
Trd, 4319281.193, 60
Trd, 4319281.243, 60
Trd, 4319281.843, 60
Trd, 4319281.943, 61
Trd, 4319282.743, 67
Trd, 4319283.343, 65
Trd, 4319283.993, 66
Trd, 4319284.693, 60
Trd, 4319285.243, 60
Trd, 4319286.793, 60
Trd, 4319287.493, 60
Trd, 4319288.143, 60
Trd, 4319288.293, 62
Trd, 4319288.393, 63
Trd, 4319289.193, 62
Trd, 4319289.643, 66
Trd, 4319290.443, 62
Trd, 4319290.943, 61
Trd, 4319291.393, 61
Trd, 4319293.293, 140
Trd, 4319293.343, 140
Trd, 4319294.443, 140
Trd, 4319295.693, 140
Trd, 4319296.293, 140
Trd, 4319296.343, 140
Trd, 4319296.493, 138
Trd, 4319297.093, 139
Trd, 4319297.343, 124
Trd, 4319299.643, 137
Trd, 4319299.993, 136
Trd, 4319301.093, 136
Trd, 4319302.243, 139
Trd, 4319302.543, 138
Trd, 4319303.693, 140
Trd, 4319304.393, 140
Trd, 4319304.843, 140
Trd, 4319305.843, 139
Trd, 4319306.343, 140
Trd, 4319306.443, 139
Trd, 4319306.893, 140
Trd, 4319307.693, 130
Trd, 4319308.093, 140
Trd, 4319308.443, 128
Trd, 4319310.993, 135
Trd, 4319311.593, 135
Trd, 4319311.793, 93
Trd, 4319312.693, 140
Trd, 4319312.793, 139
Trd, 4319313.093, 124
Trd, 4319313.293, 121
Trd, 4319313.543, 120
Trd, 4319316.093, 64
Trd, 4319317.243, 60
Trd, 4319318.143, 60
Trd, 4319318.893, 61
Trd, 4319319.593, 60
Trd, 4319319.793, 61
Trd, 4319320.543, 63
Trd, 4319321.143, 61
Trd, 4319321.843, 61
Trd, 4319322.043, 61
Trd, 4319322.443, 62
Trd, 4319323.093, 61
Trd, 4319323.393, 60
Trd, 4319323.693, 62
Trd, 4319324.243, 60
Trd, 4319325.893, 60
Trd, 4319325.943, 61
Trd, 4319326.593, 61
Trd, 4319329.343, 61
Trd, 4319331.093, 60
Trd, 4319331.943, 60
Trd, 4319331.993, 60
Trd, 4319332.043, 60
Trd, 4319332.193, 61
Trd, 4319332.593, 63
Trd, 4319332.643, 62
Trd, 4319332.993, 66
Trd, 4319333.593, 63
Trd, 4319333.943, 88
Trd, 4319334.543, 138
Trd, 4319335.693, 140
Trd, 4319335.943, 91
Trd, 4319336.593, 140
Trd, 4319336.793, 140
Trd, 4319337.443, 140
Trd, 4319337.943, 139
Trd, 4319339.493, 139
Trd, 4319339.843, 136
Trd, 4319340.193, 122
Trd, 4319340.343, 99
Trd, 4319341.443, 140
Trd, 4319341.843, 139
Trd, 4319344.893, 140
Trd, 4319344.943, 140
Trd, 4319346.243, 140
Trd, 4319346.343, 140
Trd, 4319347.393, 140
Trd, 4319347.843, 140
Trd, 4319347.893, 140
Trd, 4319348.343, 140
Trd, 4319349.243, 140
Trd, 4319349.743, 132
Trd, 4319352.293, 140
Trd, 4319352.343, 140
Trd, 4319352.643, 136
Trd, 4319353.443, 133
Trd, 4319353.993, 140
Trd, 4319355.593, 140
Trd, 4319356.143, 140
Trd, 4319356.793, 140
Trd, 4319358.243, 138
Trd, 4319358.443, 137
Trd, 4319358.893, 138
Trd, 4319359.243, 132
Trd, 4319359.343, 103
Trd, 4319361.043, 139
Trd, 4319361.793, 136
Trd, 4319362.193, 126
Trd, 4319365.093, 140
Trd, 4319365.343, 140
Trd, 4319365.443, 140
Trd, 4319365.793, 140
Trd, 4319366.293, 140
Trd, 4319366.943, 140
Trd, 4319368.043, 140
Trd, 4319368.643, 140
Trd, 4319369.043, 140
Trd, 4319369.993, 139
Trd, 4319370.143, 132
Trd, 4319370.893, 140
Trd, 4319373.943, 140
Trd, 4319374.443, 140
Trd, 4319374.543, 140
Trd, 4319374.893, 140
Trd, 4319376.243, 140
Trd, 4319376.693, 140
Trd, 4319376.943, 138
Trd, 4319377.193, 124
Trd, 4319378.093, 138
Trd, 4319380.293, 88
Trd, 4319380.643, 117
Trd, 4319380.793, 87
Trd, 4319381.443, 80
Trd, 4319381.793, 140
Trd, 4319382.393, 140
Trd, 4319382.493, 139
Trd, 4319382.993, 140
Trd, 4319383.093, 76
Trd, 4319383.743, 60
Trd, 4319384.893, 60
Trd, 4319385.943, 60
Trd, 4319388.893, 60
Trd, 4319389.143, 60
Trd, 4319389.943, 60
Trd, 4319390.343, 60
Trd, 4319390.743, 61
Trd, 4319390.793, 62
Trd, 4319391.093, 63
Trd, 4319391.143, 60
Trd, 4319392.143, 63
Trd, 4319393.443, 60
Trd, 4319393.543, 60
Trd, 4319394.143, 61
Trd, 4319395.193, 63
Trd, 4319397.343, 60
Trd, 4319398.193, 60
Trd, 4319398.643, 60
Trd, 4319398.743, 61
Trd, 4319399.843, 60
Trd, 4319399.993, 60
Trd, 4319400.193, 60
Trd, 4319400.843, 63
Trd, 4319402.893, 60
Trd, 4319403.293, 60
Trd, 4319405.143, 63
Trd, 4319405.693, 61
Trd, 4319406.493, 60
Trd, 4319406.643, 60
Trd, 4319407.493, 61
Trd, 4319408.493, 61
Trd, 4319409.193, 63
Trd, 4319409.293, 63
Trd, 4319409.643, 62
Trd, 4319410.093, 60
Trd, 4319410.993, 62
Trd, 4319411.093, 64
Trd, 4319412.543, 60
Trd, 4319413.593, 60
Trd, 4319414.893, 60
Trd, 4319414.943, 60
Trd, 4319415.293, 60
Trd, 4319415.993, 60
Trd, 4319418.643, 60
Trd, 4319419.393, 60
Trd, 4319419.543, 61
Trd, 4319419.643, 66
Trd, 4319420.243, 63
Trd, 4319420.843, 61
Trd, 4319422.743, 60
Trd, 4319423.493, 60
Trd, 4319423.893, 60
Trd, 4319425.593, 60
Trd, 4319427.043, 62
Trd, 4319427.343, 61
Trd, 4319427.393, 60
Trd, 4319428.043, 60
Trd, 4319428.143, 61
Trd, 4319428.493, 71
Trd, 4319430.593, 60
Trd, 4319430.993, 62
Trd, 4319433.543, 60
Trd, 4319435.493, 60
Trd, 4319435.593, 60
Trd, 4319436.093, 60
Trd, 4319436.193, 63
Trd, 4319437.643, 60
Trd, 4319437.843, 62
Trd, 4319438.343, 60
Trd, 4319438.893, 60
Trd, 4319439.693, 60
Trd, 4319439.743, 60
Trd, 4319440.293, 63
Trd, 4319441.193, 60
Trd, 4319442.443, 62
Trd, 4319443.343, 62
Trd, 4319443.393, 61
Trd, 4319444.243, 62
Trd, 4319445.293, 61
Trd, 4319445.493, 60
Trd, 4319447.243, 60
Trd, 4319449.093, 60
Trd, 4319449.793, 60
Trd, 4319451.193, 60
Trd, 4319452.543, 60
Trd, 4319453.643, 60
Trd, 4319454.093, 60
Trd, 4319454.493, 61
Trd, 4319454.843, 62
Trd, 4319455.493, 61
Trd, 4319455.793, 62
Trd, 4319456.043, 63
Trd, 4319456.893, 60
Trd, 4319456.993, 64
Trd, 4319457.493, 65
Trd, 4319457.993, 61
Trd, 4319458.443, 61
Trd, 4319459.843, 60
Trd, 4319459.893, 62
Trd, 4319461.593, 65
Trd, 4319462.143, 72
Trd, 4319462.543, 74
Trd, 4319462.643, 68
Trd, 4319463.343, 67
Trd, 4319464.293, 112
Trd, 4319464.643, 89
Trd, 4319464.693, 87
Trd, 4319466.093, 139
Trd, 4319466.793, 140
Trd, 4319466.893, 140
Trd, 4319468.893, 140
Trd, 4319468.993, 140
Trd, 4319470.793, 140
Trd, 4319471.693, 140
Trd, 4319471.843, 140
Trd, 4319471.993, 125
Trd, 4319473.043, 140
Trd, 4319473.193, 140
Trd, 4319474.493, 140
Trd, 4319475.193, 140
Trd, 4319475.593, 140
Trd, 4319477.243, 140
Trd, 4319477.293, 140
Trd, 4319477.993, 109
Trd, 4319478.643, 139
Trd, 4319479.543, 140
Trd, 4319480.043, 139
Trd, 4319482.193, 140
Trd, 4319482.843, 140
Trd, 4319483.093, 140
Trd, 4319483.693, 137
Trd, 4319484.593, 117
Trd, 4319484.643, 116
Trd, 4319484.943, 139
Trd, 4319487.143, 67
Trd, 4319487.993, 139
Trd, 4319489.493, 140
Trd, 4319489.693, 140
Trd, 4319490.593, 140
Trd, 4319491.143, 139
Trd, 4319491.443, 139
Trd, 4319493.243, 140
Trd, 4319493.943, 139
Trd, 4319494.643, 135
Trd, 4319494.693, 134
Trd, 4319495.443, 140
Trd, 4319495.593, 139
Trd, 4319497.043, 140
Trd, 4319498.043, 140
Trd, 4319498.143, 132
Trd, 4319499.143, 140
Trd, 4319499.243, 140
Trd, 4319499.293, 140
Trd, 4319500.343, 88
Trd, 4319501.893, 140
Trd, 4319502.193, 75
Trd, 4319502.643, 140
Trd, 4319504.793, 140
Trd, 4319505.043, 140
Trd, 4319506.293, 140
Trd, 4319506.593, 139
Trd, 4319507.343, 139
Trd, 4319508.243, 133
Trd, 4319509.743, 140
Trd, 4319510.743, 140
Trd, 4319511.243, 140
Trd, 4319511.443, 140
Trd, 4319511.693, 140
Trd, 4319511.843, 139
Trd, 4319512.143, 138
Trd, 4319512.393, 140
Trd, 4319512.543, 118
Trd, 4319514.343, 61
Trd, 4319516.343, 60
Trd, 4319516.493, 60
Trd, 4319517.143, 60
Trd, 4319518.143, 60
Trd, 4319519.493, 60
Trd, 4319519.893, 60
Trd, 4319519.943, 60
Trd, 4319520.193, 61
Trd, 4319520.943, 63
Trd, 4319521.143, 63
Trd, 4319521.243, 60
Trd, 4319521.643, 63
Trd, 4319523.993, 60
Trd, 4319524.193, 60
Trd, 4319526.243, 60
Trd, 4319526.743, 61
Trd, 4319527.243, 62
Trd, 4319527.993, 61
Trd, 4319528.043, 62
Trd, 4319528.243, 60
Trd, 4319528.643, 62
Trd, 4319529.193, 73
Trd, 4319529.793, 60
Trd, 4319530.343, 60
Trd, 4319530.893, 60
Trd, 4319532.943, 64
Trd, 4319534.143, 60
Trd, 4319535.443, 60
Trd, 4319536.143, 61
Trd, 4319536.293, 61
Trd, 4319537.143, 62
Trd, 4319537.593, 64
Trd, 4319538.493, 60
Trd, 4319539.343, 60
Trd, 4319540.793, 60
Trd, 4319541.093, 61
Trd, 4319541.343, 62
Trd, 4319541.793, 62
Trd, 4319541.943, 65
Trd, 4319542.493, 62
Trd, 4319543.493, 61
Trd, 4319544.043, 66
Trd, 4319546.043, 60
Trd, 4319547.443, 60
Trd, 4319549.443, 60
Trd, 4319550.143, 60
Trd, 4319550.243, 60
Trd, 4319550.843, 60
Trd, 4319551.043, 60
Trd, 4319551.193, 63
Trd, 4319552.043, 61
Trd, 4319552.793, 60
Trd, 4319552.843, 61
Trd, 4319553.843, 61
Trd, 4319554.343, 64
Trd, 4319554.993, 62
Trd, 4319555.393, 62
Trd, 4319556.143, 63
Trd, 4319556.343, 65
Trd, 4319558.043, 60
Trd, 4319558.143, 62
Trd, 4319560.693, 60
Trd, 4319561.293, 60
Trd, 4319563.693, 60
Trd, 4319564.243, 60
Trd, 4319564.343, 62
Trd, 4319564.693, 60
Trd, 4319565.093, 61
Trd, 4319565.743, 62
Trd, 4319565.843, 63
Trd, 4319565.893, 65
Trd, 4319566.793, 84
Trd, 4319567.143, 73
Trd, 4319568.093, 75
Trd, 4319568.843, 75
Trd, 4319569.593, 74
Trd, 4319569.643, 73
Trd, 4319569.843, 70
Trd, 4319570.943, 77
Trd, 4319571.093, 61
Trd, 4319572.193, 62
Trd, 4319572.993, 62
Trd, 4319573.343, 62
Trd, 4319574.043, 62
Trd, 4319574.393, 67
Trd, 4319576.343, 60
Trd, 4319577.143, 60
Trd, 4319578.593, 60
Trd, 4319579.693, 60
Trd, 4319579.843, 61
Trd, 4319580.543, 61
Trd, 4319580.643, 62
Trd, 4319580.793, 62
Trd, 4319581.243, 62
Trd, 4319581.443, 61
Trd, 4319582.243, 60
Trd, 4319585.793, 60
Trd, 4319585.893, 60
Trd, 4319585.993, 60
Trd, 4319586.193, 62
Trd, 4319586.743, 65
Trd, 4319586.993, 68
Trd, 4319587.393, 64
Trd, 4319587.543, 76
Trd, 4319588.693, 87
Trd, 4319589.943, 86
Trd, 4319590.043, 87
Trd, 4319590.243, 85
Trd, 4319591.243, 82
Trd, 4319593.893, 60
Trd, 4319594.093, 61
Trd, 4319594.543, 62
Trd, 4319594.593, 64
Trd, 4319595.443, 63
Trd, 4319596.093, 64
Trd, 4319596.243, 61
Trd, 4319596.593, 139
Trd, 4319597.693, 61
Trd, 4319598.043, 61
Trd, 4319598.943, 61
Trd, 4319599.593, 62
Trd, 4319600.893, 60
Trd, 4319601.493, 63
Trd, 4319601.543, 64
Trd, 4319601.793, 108
Trd, 4319603.943, 66
Trd, 4319604.693, 61
Trd, 4319605.493, 60
Trd, 4319605.693, 65
Trd, 4319606.143, 63
Trd, 4319606.543, 71
Trd, 4319607.543, 63
Trd, 4319607.793, 61
Trd, 4319607.893, 114
Trd, 4319608.593, 64
Trd, 4319609.593, 71
Trd, 4319609.943, 60
Trd, 4319611.893, 62
Trd, 4319611.993, 60
Trd, 4319612.943, 60
Trd, 4319612.993, 62
Trd, 4319613.043, 64
Trd, 4319613.693, 62
Trd, 4319614.143, 62
Trd, 4319614.943, 63
Trd, 4319615.493, 64
Trd, 4319615.793, 64
Trd, 4319616.443, 66
Trd, 4319616.893, 68
Trd, 4319617.193, 73
Trd, 4319617.693, 63
Trd, 4319617.993, 86
Trd, 4319619.543, 127
Trd, 4319621.143, 61
Trd, 4319621.293, 63
Trd, 4319622.993, 60
Trd, 4319623.043, 60
Trd, 4319623.493, 61
Trd, 4319623.593, 62
Trd, 4319623.893, 60
Trd, 4319625.143, 60
Trd, 4319625.943, 61
Trd, 4319626.343, 61
Trd, 4319627.143, 62
Trd, 4319627.543, 64
Trd, 4319627.693, 62
Trd, 4319628.943, 63
Trd, 4319629.493, 64
Trd, 4319629.893, 61
Trd, 4319630.193, 61
Trd, 4319631.143, 64
Trd, 4319631.993, 65
Trd, 4319632.193, 66
Trd, 4319632.293, 123
Trd, 4319633.393, 60
Trd, 4319633.593, 61
Trd, 4319635.093, 60
Trd, 4319636.543, 60
Trd, 4319636.893, 60
Trd, 4319637.343, 60
Trd, 4319638.543, 62
Trd, 4319638.943, 62
Trd, 4319639.293, 64
Trd, 4319639.743, 67
Trd, 4319640.093, 63
Trd, 4319640.443, 62
Trd, 4319641.343, 79
Trd, 4319642.493, 63
Trd, 4319642.993, 80
Trd, 4319643.643, 61
Trd, 4319644.643, 60
Trd, 4319645.443, 60
Trd, 4319646.393, 60
Trd, 4319646.693, 60
Trd, 4319647.093, 60
Trd, 4319647.343, 61
Trd, 4319647.793, 64
Trd, 4319648.893, 61
Trd, 4319649.943, 62
Trd, 4319650.043, 66
Trd, 4319651.293, 60
Trd, 4319651.443, 64
Trd, 4319652.793, 61
Trd, 4319653.493, 61
Trd, 4319654.243, 64
Trd, 4319654.793, 64
Trd, 4319654.943, 63
Trd, 4319655.993, 61
Trd, 4319656.643, 62
Trd, 4319656.743, 68
Trd, 4319657.493, 65
Trd, 4319657.993, 63
Trd, 4319659.193, 63
Trd, 4319659.293, 64
Trd, 4319659.843, 117
Trd, 4319660.493, 73
Trd, 4319661.743, 61
Trd, 4319662.293, 61
Trd, 4319662.543, 61
Trd, 4319663.643, 61
Trd, 4319664.043, 60
Trd, 4319664.143, 61
Trd, 4319664.743, 61
Trd, 4319665.093, 61
Trd, 4319665.443, 62
Trd, 4319666.243, 140
Trd, 4319666.293, 139
Trd, 4319667.393, 121
Trd, 4319667.943, 109
Trd, 4319668.343, 126
Trd, 4319668.393, 94
Trd, 4319670.093, 65
Trd, 4319672.543, 60
Trd, 4319673.943, 60
Trd, 4319674.943, 60
Trd, 4319675.643, 60
Trd, 4319676.393, 60
Trd, 4319676.793, 62
Trd, 4319677.143, 63
Trd, 4319677.593, 64
Trd, 4319677.793, 65
Trd, 4319678.093, 65
Trd, 4319678.743, 71
Trd, 4319679.093, 64
Trd, 4319679.293, 67
Trd, 4319679.443, 66
Trd, 4319680.843, 71
Trd, 4319681.143, 66
Trd, 4319681.443, 118
Trd, 4319681.943, 137
Trd, 4319684.143, 140
Trd, 4319684.843, 140
Trd, 4319685.543, 140
Trd, 4319685.743, 140
Trd, 4319686.443, 140
Trd, 4319687.743, 140
Trd, 4319688.093, 140
Trd, 4319688.743, 140
Trd, 4319689.243, 138
Trd, 4319690.393, 140
Trd, 4319690.643, 138
Trd, 4319691.293, 140
Trd, 4319693.993, 140
Trd, 4319694.443, 139
Trd, 4319694.743, 139
Trd, 4319694.843, 138
Trd, 4319695.843, 138
Trd, 4319697.093, 140
Trd, 4319697.993, 138
Trd, 4319698.393, 138
Trd, 4319699.443, 135
Trd, 4319699.693, 139
Trd, 4319700.093, 69
Trd, 4319701.243, 140
Trd, 4319702.293, 140
Trd, 4319702.393, 132
Trd, 4319703.093, 84
Trd, 4319704.143, 60
Trd, 4319704.593, 60
Trd, 4319705.493, 60
Trd, 4319705.593, 60
Trd, 4319706.043, 61
Trd, 4319706.093, 63
Trd, 4319708.793, 60
Trd, 4319709.043, 60
Trd, 4319709.743, 60
Trd, 4319710.393, 60
Trd, 4319710.493, 62
Trd, 4319712.243, 60
Trd, 4319712.493, 60
Trd, 4319712.643, 60
Trd, 4319712.943, 64
Trd, 4319713.093, 61
Trd, 4319713.993, 77
Trd, 4319714.343, 122
Trd, 4319714.843, 66
Trd, 4319715.743, 60
Trd, 4319716.093, 63
Trd, 4319719.043, 60
Trd, 4319719.593, 60
Trd, 4319720.993, 60
Trd, 4319721.143, 61
Trd, 4319723.093, 60
Trd, 4319723.693, 60
Trd, 4319723.993, 60
Trd, 4319724.093, 60
Trd, 4319724.243, 60
Trd, 4319724.943, 63
Trd, 4319726.493, 60
Trd, 4319726.593, 60
Trd, 4319726.993, 60
Trd, 4319727.043, 62
Trd, 4319728.293, 74
Trd, 4319731.193, 60
Trd, 4319732.043, 60
Trd, 4319732.793, 60
Trd, 4319733.393, 60
Trd, 4319733.843, 60
Trd, 4319734.593, 60
Trd, 4319734.893, 60
Trd, 4319734.943, 63
Trd, 4319735.493, 60
Trd, 4319735.893, 61
Trd, 4319736.443, 62
Trd, 4319737.293, 63
Trd, 4319738.593, 64
Trd, 4319738.793, 63
Trd, 4319739.093, 65
Trd, 4319739.593, 62
Trd, 4319739.843, 61
Trd, 4319740.493, 60
Trd, 4319740.743, 67
Trd, 4319741.443, 62
Trd, 4319741.843, 125
Trd, 4319742.393, 125
Trd, 4319743.743, 77
Trd, 4319744.043, 73
Trd, 4319744.993, 60
Trd, 4319745.193, 61
Trd, 4319746.593, 60
Trd, 4319747.793, 60
Trd, 4319748.443, 61
Trd, 4319749.043, 60
Trd, 4319749.193, 62
Trd, 4319749.793, 62
Trd, 4319749.993, 63
Trd, 4319750.243, 61
Trd, 4319750.643, 72
Trd, 4319751.143, 61
Trd, 4319752.043, 61
Trd, 4319753.743, 61
Trd, 4319754.243, 61
Trd, 4319755.643, 60
Trd, 4319755.943, 62
Trd, 4319756.343, 63
Trd, 4319756.493, 64
Trd, 4319757.443, 61
Trd, 4319759.143, 61
Trd, 4319759.393, 60
Trd, 4319760.093, 61
Trd, 4319760.243, 62
Trd, 4319760.393, 66
Trd, 4319760.993, 65
Trd, 4319761.693, 62
Trd, 4319761.993, 62
Trd, 4319762.143, 61
Trd, 4319762.343, 63
Trd, 4319763.343, 63
Trd, 4319763.493, 87
Trd, 4319763.693, 89
Trd, 4319764.093, 62
Trd, 4319766.043, 64
Trd, 4319766.843, 60
Trd, 4319767.943, 60
Trd, 4319769.943, 60
Trd, 4319770.593, 60
Trd, 4319771.593, 60
Trd, 4319772.643, 60
Trd, 4319773.243, 63
Trd, 4319773.493, 61
Trd, 4319774.393, 64
Trd, 4319774.743, 62
Trd, 4319775.743, 60
Trd, 4319775.993, 61
Trd, 4319776.343, 61
Trd, 4319777.543, 60
Trd, 4319777.893, 62
Trd, 4319779.193, 60
Trd, 4319780.093, 62
Trd, 4319780.493, 63
Trd, 4319781.193, 63
Trd, 4319781.393, 67
Trd, 4319782.293, 61
Trd, 4319782.643, 60
Trd, 4319782.993, 61
Trd, 4319785.343, 60
Trd, 4319786.543, 60
Trd, 4319788.293, 60
Trd, 4319788.793, 60
Trd, 4319789.043, 60
Trd, 4319789.193, 60
Trd, 4319789.743, 61
Trd, 4319791.093, 60
Trd, 4319791.393, 60
Trd, 4319791.543, 60
Trd, 4319792.093, 62
Trd, 4319792.293, 62
Trd, 4319792.493, 69
Trd, 4319792.643, 71
Trd, 4319793.543, 63
Trd, 4319794.693, 66
Trd, 4319794.793, 63
Trd, 4319795.143, 67
Trd, 4319795.343, 61
Trd, 4319796.293, 140
Trd, 4319796.993, 140
Trd, 4319799.593, 140
Trd, 4319800.143, 140
Trd, 4319800.743, 138
Trd, 4319801.043, 140
Trd, 4319801.193, 132
Trd, 4319801.543, 65
Trd, 4319802.243, 140
Trd, 4319804.093, 140
Trd, 4319804.193, 140
Trd, 4319804.393, 140
Trd, 4319804.993, 140
Trd, 4319807.043, 140
Trd, 4319808.343, 140
Trd, 4319808.643, 140
Trd, 4319810.143, 140
Trd, 4319810.243, 140
Trd, 4319810.643, 140
Trd, 4319810.943, 140
Trd, 4319811.443, 140
Trd, 4319812.093, 132
Trd, 4319814.543, 140
Trd, 4319814.993, 140
Trd, 4319815.143, 140
Trd, 4319815.293, 138
Trd, 4319816.443, 140
Trd, 4319816.693, 140
Trd, 4319818.093, 140
Trd, 4319818.693, 140
Trd, 4319819.693, 140
Trd, 4319820.293, 140
Trd, 4319820.793, 140
Trd, 4319822.543, 140
Trd, 4319822.743, 140
Trd, 4319823.643, 140
Trd, 4319824.193, 135
Trd, 4319824.793, 129
Trd, 4319825.093, 123
Trd, 4319825.493, 128
Trd, 4319825.593, 116
Trd, 4319827.393, 140
Trd, 4319827.893, 140
Trd, 4319828.143, 140
Trd, 4319829.293, 140
Trd, 4319830.343, 140
Trd, 4319831.443, 140
Trd, 4319831.543, 140
Trd, 4319831.843, 140
Trd, 4319832.093, 140
Trd, 4319833.493, 140
Trd, 4319833.543, 140
Trd, 4319834.493, 140
Trd, 4319834.843, 140
Trd, 4319835.893, 139
Trd, 4319836.093, 132
Trd, 4319836.443, 89
Trd, 4319837.293, 81
Trd, 4319837.593, 133
Trd, 4319838.343, 82
Trd, 4319838.893, 64
Trd, 4319839.343, 62
Trd, 4319839.393, 62
Trd, 4319840.243, 63
Trd, 4319840.993, 60
Trd, 4319841.943, 61
Trd, 4319843.943, 60
Trd, 4319844.243, 61
Trd, 4319844.743, 61
Trd, 4319844.793, 67
Trd, 4319845.093, 61
Trd, 4319845.893, 61
Trd, 4319846.143, 61
Trd, 4319847.243, 60
Trd, 4319847.343, 61
Trd, 4319848.743, 65
Trd, 4319849.993, 98
Trd, 4319851.393, 140
Trd, 4319851.793, 138
Trd, 4319851.893, 131
Trd, 4319852.043, 125
Trd, 4319852.193, 140
Trd, 4319852.743, 101
Trd, 4319856.593, 60
Trd, 4319856.743, 60
Trd, 4319857.143, 60
Trd, 4319857.393, 61
Trd, 4319857.943, 60
Trd, 4319859.293, 60
Trd, 4319859.993, 61
Trd, 4319861.493, 60
Trd, 4319861.793, 62
Trd, 4319861.993, 62
Trd, 4319862.193, 63
Trd, 4319864.443, 60
Trd, 4319864.593, 63
Trd, 4319865.293, 62
Trd, 4319865.743, 66
Trd, 4319865.893, 60
Trd, 4319866.493, 60
Trd, 4319868.393, 60
Trd, 4319869.943, 60
Trd, 4319870.193, 60
Trd, 4319870.693, 61
Trd, 4319871.443, 64
Trd, 4319871.593, 66
Trd, 4319872.593, 66
Trd, 4319872.743, 65
Trd, 4319873.043, 63
Trd, 4319874.243, 63
Trd, 4319875.693, 60
Trd, 4319878.293, 60
Trd, 4319878.543, 60
Trd, 4319878.893, 60
Trd, 4319880.243, 60
Trd, 4319881.093, 60
Trd, 4319881.243, 60
Trd, 4319881.543, 61
Trd, 4319882.043, 60
Trd, 4319882.293, 64
Trd, 4319883.143, 61
Trd, 4319883.243, 62
Trd, 4319884.493, 61
Trd, 4319884.993, 64
Trd, 4319885.443, 60
Trd, 4319886.493, 60
Trd, 4319888.343, 60
Trd, 4319890.393, 60
Trd, 4319890.793, 60
Trd, 4319890.893, 60
Trd, 4319891.093, 61
Trd, 4319891.543, 61
Trd, 4319892.193, 61
Trd, 4319892.393, 64
Trd, 4319892.593, 64
Trd, 4319892.643, 65
Trd, 4319892.843, 66
Trd, 4319893.093, 62
Trd, 4319894.493, 139
Trd, 4319896.743, 61
Trd, 4319898.343, 60
Trd, 4319899.043, 60
Trd, 4319900.843, 60
Trd, 4319901.743, 60
Trd, 4319902.143, 64
Trd, 4319902.943, 60
Trd, 4319903.443, 61
Trd, 4319903.693, 61
Trd, 4319903.943, 63
Trd, 4319903.993, 62
Trd, 4319904.443, 61
Trd, 4319904.743, 60
Trd, 4319904.793, 65
Trd, 4319906.093, 61
Trd, 4319906.443, 66
Trd, 4319907.093, 66
Trd, 4319908.193, 64
Trd, 4319908.243, 67
Trd, 4319908.993, 64
Trd, 4319909.843, 63
Trd, 4319913.193, 61
Trd, 4319913.343, 62
Trd, 4319913.893, 60
Trd, 4319914.193, 60
Trd, 4319914.343, 60
Trd, 4319914.943, 60
Trd, 4319915.393, 60
Trd, 4319915.443, 62
Trd, 4319916.043, 60
Trd, 4319916.093, 69
Trd, 4319916.843, 60
Trd, 4319917.593, 62
Trd, 4319917.643, 70
Trd, 4319918.793, 60
Trd, 4319918.893, 62
Trd, 4319919.443, 66
Trd, 4319921.343, 60
Trd, 4319922.593, 60
Trd, 4319922.693, 60
Trd, 4319922.843, 60
Trd, 4319924.193, 60
Trd, 4319924.543, 60
Trd, 4319924.743, 61
Trd, 4319924.943, 63
Trd, 4319925.993, 61
Trd, 4319926.393, 61
Trd, 4319926.443, 60
Trd, 4319926.543, 62
Trd, 4319926.893, 86
Trd, 4319929.793, 60
Trd, 4319930.043, 60
Trd, 4319930.643, 60
Trd, 4319931.243, 61
Trd, 4319932.043, 62
Trd, 4319932.093, 63
Trd, 4319932.643, 63
Trd, 4319933.043, 61
Trd, 4319933.643, 60
Trd, 4319934.793, 61
Trd, 4319937.943, 60
Trd, 4319938.743, 60
Trd, 4319938.943, 60
Trd, 4319939.293, 60
Trd, 4319939.443, 63
Trd, 4319939.593, 60
Trd, 4319940.343, 61
Trd, 4319941.243, 68
Trd, 4319941.343, 72
Trd, 4319942.193, 103
Trd, 4319942.443, 74
Trd, 4319943.293, 72
Trd, 4319943.343, 71
Trd, 4319944.593, 66
Trd, 4319944.793, 68
Trd, 4319945.243, 68
Trd, 4319946.443, 132
Trd, 4319947.043, 63
Trd, 4319948.693, 61
Trd, 4319951.743, 60
Trd, 4319951.793, 60
Trd, 4319952.093, 60
Trd, 4319952.293, 60
Trd, 4319952.643, 62
Trd, 4319952.893, 61
Trd, 4319953.243, 73
Trd, 4319953.593, 72
Trd, 4319954.443, 62
Trd, 4319955.343, 64
Trd, 4319956.193, 63
Trd, 4319956.243, 123
Trd, 4319957.093, 124
Trd, 4319957.343, 63
Trd, 4319958.193, 118
Trd, 4319958.943, 60
Trd, 4319959.293, 74
Trd, 4319959.893, 138
Trd, 4319960.943, 77
Trd, 4319961.993, 140
Trd, 4319962.443, 77
Trd, 4319963.743, 84
Trd, 4319963.793, 80
Trd, 4319963.943, 109
Trd, 4319964.093, 77
Trd, 4319964.593, 77
Trd, 4319966.193, 139
Trd, 4319966.693, 138
Trd, 4319968.243, 140
Trd, 4319968.693, 136
Trd, 4319969.093, 140
Trd, 4319969.293, 132
Trd, 4319970.543, 60
Trd, 4319970.693, 60
Trd, 4319972.193, 60
Trd, 4319973.443, 60
Trd, 4319973.643, 60
Trd, 4319975.743, 60
Trd, 4319976.043, 60
Trd, 4319976.293, 61
Trd, 4319976.443, 62
Trd, 4319977.093, 64
Trd, 4319977.643, 63
Trd, 4319978.043, 66
Trd, 4319978.143, 64
Trd, 4319980.243, 60
Trd, 4319980.343, 63
Trd, 4319981.693, 60
Trd, 4319982.893, 60
Trd, 4319983.493, 61
Trd, 4319983.943, 61
Trd, 4319984.893, 60
Trd, 4319984.943, 60
Trd, 4319985.043, 60
Trd, 4319985.143, 61
Trd, 4319987.093, 60
Trd, 4319987.843, 60
Trd, 4319987.893, 60
Trd, 4319988.043, 67
Trd, 4319988.543, 63
Trd, 4319988.693, 62
Trd, 4319989.143, 61
Trd, 4319989.743, 68
Trd, 4319990.693, 60
Trd, 4319990.793, 61
Trd, 4319990.893, 65
Trd, 4319992.143, 60
Trd, 4319992.593, 140
Trd, 4319994.293, 66
Trd, 4319996.643, 60
Trd, 4319997.493, 60
Trd, 4319997.643, 60
Trd, 4319999.443, 62
