Trd, 4318076.643, 140
Trd, 4318077.593, 133
Trd, 4318079.093, 124
Trd, 4318079.443, 123
Trd, 4318079.693, 129
Trd, 4318079.743, 121
Trd, 4318080.193, 100
Trd, 4318081.143, 128
Trd, 4318083.343, 125
Trd, 4318083.593, 124
Trd, 4318084.343, 114
Trd, 4318085.443, 136
Trd, 4318086.193, 120
Trd, 4318086.443, 97
Trd, 4318087.193, 118
Trd, 4318087.993, 140
Trd, 4318088.943, 133
Trd, 4318091.043, 138
Trd, 4318091.093, 134
Trd, 4318091.343, 131
Trd, 4318092.043, 123
Trd, 4318092.793, 99
Trd, 4318093.343, 82
Trd, 4318093.493, 81
Trd, 4318094.343, 73
Trd, 4318095.193, 107
Trd, 4318096.443, 121
Trd, 4318096.743, 101
Trd, 4318097.393, 139
Trd, 4318098.593, 137
Trd, 4318099.843, 89
Trd, 4318100.243, 103
Trd, 4318101.743, 140
Trd, 4318102.093, 97
Trd, 4318102.643, 129
Trd, 4318105.443, 119
Trd, 4318106.043, 129
Trd, 4318106.393, 108
Trd, 4318107.293, 120
Trd, 4318107.443, 118
Trd, 4318108.343, 106
Trd, 4318109.093, 93
Trd, 4318109.193, 89
Trd, 4318111.843, 140
Trd, 4318111.893, 140
Trd, 4318112.393, 135
Trd, 4318112.543, 118
Trd, 4318113.043, 88
Trd, 4318116.243, 124
Trd, 4318116.993, 121
Trd, 4318117.643, 116
Trd, 4318118.643, 128
Trd, 4318119.843, 135
Trd, 4318120.643, 130
Trd, 4318120.843, 122
Trd, 4318122.293, 134
Trd, 4318123.243, 134
Trd, 4318124.143, 130
Trd, 4318124.693, 140
Trd, 4318124.743, 137
Trd, 4318126.043, 137
Trd, 4318126.893, 133
Trd, 4318127.393, 140
Trd, 4318128.043, 140
Trd, 4318128.543, 111
Trd, 4318128.943, 110
Trd, 4318130.593, 94
Trd, 4318133.093, 117
Trd, 4318133.493, 124
Trd, 4318133.543, 116
Trd, 4318133.893, 139
Trd, 4318134.343, 130
Trd, 4318135.443, 119
Trd, 4318135.543, 111
Trd, 4318136.293, 126
Trd, 4318137.343, 103
Trd, 4318138.343, 140
Trd, 4318139.843, 135
Trd, 4318140.593, 137
Trd, 4318140.893, 135
Trd, 4318142.643, 139
Trd, 4318142.743, 137
Trd, 4318145.993, 140
Trd, 4318146.043, 140
Trd, 4318146.543, 130
Trd, 4318146.693, 117
Trd, 4318146.893, 113
Trd, 4318147.093, 129
Trd, 4318147.893, 128
Trd, 4318148.593, 115
Trd, 4318148.793, 96
Trd, 4318149.943, 74
Trd, 4318150.793, 78
Trd, 4318153.093, 104
Trd, 4318153.243, 103
Trd, 4318153.443, 103
Trd, 4318154.393, 140
Trd, 4318154.893, 134
Trd, 4318155.443, 98
Trd, 4318156.393, 120
Trd, 4318156.593, 83
Trd, 4318157.243, 108
Trd, 4318159.293, 112
Trd, 4318160.293, 116
Trd, 4318160.343, 101
Trd, 4318162.643, 140
Trd, 4318163.143, 128
Trd, 4318164.143, 127
Trd, 4318164.343, 125
Trd, 4318165.343, 108
Trd, 4318165.543, 93
Trd, 4318166.243, 114
Trd, 4318166.393, 119
Trd, 4318166.643, 113
Trd, 4318168.193, 88
Trd, 4318168.793, 100
Trd, 4318169.443, 92
Trd, 4318169.793, 114
Trd, 4318170.893, 100
Trd, 4318171.393, 98
Trd, 4318171.793, 107
Trd, 4318171.993, 86
Trd, 4318172.943, 109
Trd, 4318173.393, 140
Trd, 4318173.443, 137
Trd, 4318175.343, 137
Trd, 4318175.793, 94
Trd, 4318176.343, 118
Trd, 4318176.693, 61
Trd, 4318179.543, 82
Trd, 4318180.193, 105
Trd, 4318180.693, 129
Trd, 4318180.843, 107
Trd, 4318181.743, 102
Trd, 4318181.943, 110
Trd, 4318184.643, 104
Trd, 4318184.693, 103
Trd, 4318185.093, 109
Trd, 4318185.793, 118
Trd, 4318186.243, 111
Trd, 4318186.643, 105
Trd, 4318188.293, 98
Trd, 4318188.693, 130
Trd, 4318188.743, 96
Trd, 4318189.293, 65
Trd, 4318189.943, 140
Trd, 4318190.543, 138
Trd, 4318190.993, 63
Trd, 4318192.343, 139
Trd, 4318192.493, 97
Trd, 4318192.593, 90
Trd, 4318193.743, 102
Trd, 4318196.293, 116
Trd, 4318197.643, 119
Trd, 4318198.543, 140
Trd, 4318199.243, 135
Trd, 4318200.943, 126
Trd, 4318201.293, 140
Trd, 4318201.343, 140
Trd, 4318201.393, 125
Trd, 4318201.593, 124
Trd, 4318201.943, 140
Trd, 4318203.643, 115
Trd, 4318204.243, 135
Trd, 4318204.493, 112
Trd, 4318205.243, 132
Trd, 4318206.343, 135
Trd, 4318207.243, 118
Trd, 4318208.543, 100
Trd, 4318209.093, 122
Trd, 4318209.493, 99
Trd, 4318209.543, 98
Trd, 4318209.693, 92
Trd, 4318211.793, 123
Trd, 4318212.293, 129
Trd, 4318212.493, 120
Trd, 4318213.193, 84
Trd, 4318214.193, 140
Trd, 4318214.293, 86
Trd, 4318214.743, 138
Trd, 4318215.343, 112
Trd, 4318216.293, 111
Trd, 4318217.893, 106
Trd, 4318219.093, 96
Trd, 4318219.343, 107
Trd, 4318220.093, 140
Trd, 4318220.543, 137
Trd, 4318221.193, 134
Trd, 4318221.993, 121
Trd, 4318222.243, 121
Trd, 4318222.793, 119
Trd, 4318223.643, 103
Trd, 4318223.943, 138
Trd, 4318224.943, 85
Trd, 4318225.193, 99
Trd, 4318226.593, 83
Trd, 4318227.043, 99
Trd, 4318227.943, 80
Trd, 4318228.293, 84
Trd, 4318228.993, 126
Trd, 4318229.143, 117
Trd, 4318229.893, 111
Trd, 4318231.443, 111
Trd, 4318232.093, 122
Trd, 4318232.893, 128
Trd, 4318233.543, 119
Trd, 4318234.593, 140
Trd, 4318235.543, 139
Trd, 4318235.993, 100
Trd, 4318237.043, 70
Trd, 4318237.543, 77
Trd, 4318237.643, 100
Trd, 4318239.093, 132
Trd, 4318239.343, 116
Trd, 4318239.593, 107
Trd, 4318241.593, 126
Trd, 4318242.643, 103
Trd, 4318243.993, 127
Trd, 4318244.693, 100
Trd, 4318245.593, 140
Trd, 4318246.943, 137
Trd, 4318247.293, 137
Trd, 4318247.493, 135
Trd, 4318248.543, 98
Trd, 4318249.393, 117
Trd, 4318249.543, 74
Trd, 4318249.993, 114
Trd, 4318250.893, 113
Trd, 4318252.493, 138
Trd, 4318253.043, 128
Trd, 4318253.543, 136
Trd, 4318253.693, 91
Trd, 4318254.843, 102
Trd, 4318254.943, 100
Trd, 4318255.443, 128
Trd, 4318257.743, 95
Trd, 4318258.643, 75
Trd, 4318259.443, 69
Trd, 4318259.643, 112
Trd, 4318260.793, 122
Trd, 4318261.543, 122
Trd, 4318261.793, 119
Trd, 4318262.493, 119
Trd, 4318262.743, 134
Trd, 4318264.243, 74
Trd, 4318267.443, 112
Trd, 4318267.593, 110
Trd, 4318267.793, 106
Trd, 4318268.393, 140
Trd, 4318268.993, 140
Trd, 4318269.443, 140
Trd, 4318270.643, 117
Trd, 4318271.293, 135
Trd, 4318272.343, 82
Trd, 4318276.093, 127
Trd, 4318276.143, 115
Trd, 4318277.943, 125
Trd, 4318278.343, 123
Trd, 4318278.493, 122
Trd, 4318279.143, 108
Trd, 4318279.993, 125
Trd, 4318280.193, 136
Trd, 4318280.543, 108
Trd, 4318280.693, 107
Trd, 4318281.693, 107
Trd, 4318282.643, 101
Trd, 4318283.093, 67
Trd, 4318284.393, 112
Trd, 4318284.643, 114
Trd, 4318285.643, 93
Trd, 4318287.293, 133
Trd, 4318287.443, 117
Trd, 4318288.243, 112
Trd, 4318288.993, 120
Trd, 4318290.143, 104
Trd, 4318290.243, 91
Trd, 4318291.243, 116
Trd, 4318291.843, 114
Trd, 4318292.693, 123
Trd, 4318293.243, 126
Trd, 4318295.593, 109
Trd, 4318295.743, 108
Trd, 4318296.243, 109
Trd, 4318296.543, 118
Trd, 4318296.993, 97
Trd, 4318297.543, 105
Trd, 4318298.393, 105
Trd, 4318298.643, 66
Trd, 4318299.643, 74
Trd, 4318301.143, 139
Trd, 4318301.243, 138
Trd, 4318301.693, 95
Trd, 4318302.943, 130
Trd, 4318304.093, 128
Trd, 4318304.643, 99
Trd, 4318306.043, 117
Trd, 4318306.243, 68
Trd, 4318307.243, 120
Trd, 4318307.443, 108
Trd, 4318308.293, 101
Trd, 4318309.293, 91
Trd, 4318310.093, 92
Trd, 4318310.943, 103
Trd, 4318311.593, 104
Trd, 4318312.693, 139
Trd, 4318312.793, 103
Trd, 4318313.893, 61
Trd, 4318314.943, 125
Trd, 4318315.243, 118
Trd, 4318316.543, 69
Trd, 4318316.593, 77
Trd, 4318317.143, 82
Trd, 4318317.593, 106
Trd, 4318317.943, 135
Trd, 4318319.793, 103
Trd, 4318320.643, 118
Trd, 4318321.843, 140
Trd, 4318322.493, 97
Trd, 4318322.543, 100
Trd, 4318322.893, 130
Trd, 4318323.443, 93
Trd, 4318324.843, 137
Trd, 4318324.943, 136
Trd, 4318325.043, 66
Trd, 4318325.943, 95
Trd, 4318326.043, 123
Trd, 4318330.243, 134
Trd, 4318330.593, 132
Trd, 4318331.343, 130
Trd, 4318331.593, 102
Trd, 4318331.943, 128
Trd, 4318332.843, 96
Trd, 4318333.143, 130
Trd, 4318334.343, 140
Trd, 4318335.193, 103
Trd, 4318335.743, 111
Trd, 4318336.243, 115
Trd, 4318337.293, 64
Trd, 4318337.593, 71
Trd, 4318340.043, 76
Trd, 4318340.993, 111
Trd, 4318341.443, 110
Trd, 4318342.343, 84
Trd, 4318342.643, 98
Trd, 4318342.893, 73
Trd, 4318343.593, 60
Trd, 4318345.843, 102
Trd, 4318346.743, 139
Trd, 4318346.843, 133
Trd, 4318347.943, 123
Trd, 4318348.543, 115
Trd, 4318348.793, 126
Trd, 4318349.043, 110
Trd, 4318350.793, 63
Trd, 4318351.643, 140
Trd, 4318352.443, 92
Trd, 4318352.543, 93
Trd, 4318352.693, 88
Trd, 4318355.143, 132
Trd, 4318355.193, 131
Trd, 4318355.793, 129
Trd, 4318356.093, 130
Trd, 4318356.143, 129
Trd, 4318357.993, 85
Trd, 4318358.093, 98
Trd, 4318359.143, 139
Trd, 4318359.643, 94
Trd, 4318360.343, 108
Trd, 4318361.293, 72
Trd, 4318362.393, 100
Trd, 4318364.743, 116
Trd, 4318365.643, 127
Trd, 4318366.393, 105
Trd, 4318366.843, 104
Trd, 4318367.743, 140
Trd, 4318368.143, 134
Trd, 4318369.093, 124
Trd, 4318369.893, 106
Trd, 4318370.243, 115
Trd, 4318371.793, 127
Trd, 4318372.243, 90
Trd, 4318373.993, 109
Trd, 4318375.293, 129
Trd, 4318375.593, 128
Trd, 4318375.943, 126
Trd, 4318379.043, 138
Trd, 4318379.393, 140
Trd, 4318380.793, 93
Trd, 4318381.343, 89
Trd, 4318382.343, 117
Trd, 4318383.243, 126
Trd, 4318383.493, 126
Trd, 4318383.793, 124
Trd, 4318385.943, 140
Trd, 4318386.893, 140
Trd, 4318387.093, 124
Trd, 4318387.693, 95
Trd, 4318387.893, 119
Trd, 4318388.693, 77
Trd, 4318389.293, 100
Trd, 4318390.093, 122
Trd, 4318392.343, 123
Trd, 4318392.743, 122
Trd, 4318393.843, 98
Trd, 4318394.343, 81
Trd, 4318394.643, 90
Trd, 4318395.643, 111
Trd, 4318396.393, 73
Trd, 4318396.493, 70
Trd, 4318398.293, 140
Trd, 4318398.843, 140
Trd, 4318398.943, 140
Trd, 4318399.243, 102
Trd, 4318401.993, 140
Trd, 4318402.243, 139
Trd, 4318402.693, 137
Trd, 4318403.243, 119
Trd, 4318403.543, 102
Trd, 4318404.143, 78
Trd, 4318404.593, 126
Trd, 4318404.943, 85
Trd, 4318406.293, 85
Trd, 4318406.943, 76
Trd, 4318407.993, 79
Trd, 4318408.643, 80
Trd, 4318410.043, 139
Trd, 4318410.193, 98
Trd, 4318411.143, 109
Trd, 4318412.143, 80
Trd, 4318413.543, 119
Trd, 4318413.793, 104
Trd, 4318414.443, 108
Trd, 4318415.743, 131
Trd, 4318417.093, 132
Trd, 4318417.643, 130
Trd, 4318418.443, 140
Trd, 4318418.493, 132
Trd, 4318419.343, 135
Trd, 4318419.893, 134
Trd, 4318420.943, 128
Trd, 4318421.643, 137
Trd, 4318422.193, 103
Trd, 4318422.643, 93
Trd, 4318424.343, 136
Trd, 4318424.543, 130
Trd, 4318424.593, 110
Trd, 4318424.693, 128
Trd, 4318425.393, 117
Trd, 4318425.993, 139
Trd, 4318427.843, 114
Trd, 4318428.243, 139
Trd, 4318428.543, 113
Trd, 4318428.843, 109
Trd, 4318429.593, 111
Trd, 4318430.793, 134
Trd, 4318431.293, 91
Trd, 4318432.243, 105
Trd, 4318433.943, 139
Trd, 4318434.093, 138
Trd, 4318434.593, 140
Trd, 4318437.293, 139
Trd, 4318437.793, 120
Trd, 4318438.143, 118
Trd, 4318438.243, 93
Trd, 4318439.943, 115
Trd, 4318440.343, 107
Trd, 4318440.693, 89
Trd, 4318441.493, 113
Trd, 4318442.243, 75
Trd, 4318443.243, 131
Trd, 4318445.143, 132
Trd, 4318445.693, 95
Trd, 4318446.543, 87
Trd, 4318446.593, 86
Trd, 4318446.793, 101
Trd, 4318447.393, 130
Trd, 4318448.143, 119
Trd, 4318449.143, 111
Trd, 4318449.593, 111
Trd, 4318449.743, 123
Trd, 4318449.793, 110
Trd, 4318450.243, 112
Trd, 4318450.543, 111
Trd, 4318450.693, 110
Trd, 4318452.543, 140
Trd, 4318453.093, 138
Trd, 4318454.493, 137
Trd, 4318455.143, 136
Trd, 4318456.343, 108
Trd, 4318457.443, 111
Trd, 4318458.043, 91
Trd, 4318458.293, 98
Trd, 4318458.843, 137
Trd, 4318459.693, 120
Trd, 4318460.593, 121
Trd, 4318460.793, 126
Trd, 4318460.843, 124
Trd, 4318461.443, 99
Trd, 4318462.843, 99
Trd, 4318463.193, 97
Trd, 4318463.993, 69
Trd, 4318464.543, 105
Trd, 4318465.043, 104
Trd, 4318468.243, 140
Trd, 4318468.593, 140
Trd, 4318468.943, 140
Trd, 4318469.643, 128
Trd, 4318471.893, 135
Trd, 4318472.443, 139
Trd, 4318472.743, 136
Trd, 4318472.993, 130
Trd, 4318474.093, 137
Trd, 4318474.393, 136
Trd, 4318476.293, 120
Trd, 4318476.443, 116
Trd, 4318476.643, 126
Trd, 4318478.093, 112
Trd, 4318478.393, 99
Trd, 4318480.093, 73
Trd, 4318480.493, 89
Trd, 4318480.543, 64
Trd, 4318481.343, 102
Trd, 4318482.843, 92
Trd, 4318483.243, 113
Trd, 4318483.943, 85
Trd, 4318484.843, 106
Trd, 4318485.743, 140
Trd, 4318485.793, 115
Trd, 4318485.943, 105
Trd, 4318487.143, 128
Trd, 4318487.393, 126
Trd, 4318489.393, 140
Trd, 4318490.393, 136
Trd, 4318490.893, 134
Trd, 4318491.093, 116
Trd, 4318491.943, 140
Trd, 4318492.543, 140
Trd, 4318495.093, 140
Trd, 4318495.543, 140
Trd, 4318495.943, 137
Trd, 4318496.343, 117
Trd, 4318496.893, 115
Trd, 4318497.393, 104
Trd, 4318497.543, 97
Trd, 4318497.593, 93
Trd, 4318498.443, 134
Trd, 4318499.543, 68
Trd, 4318500.243, 83
Trd, 4318501.593, 127
Trd, 4318502.093, 94
Trd, 4318502.993, 140
Trd, 4318503.193, 140
Trd, 4318504.343, 139
Trd, 4318504.643, 136
Trd, 4318506.393, 119
Trd, 4318507.043, 114
Trd, 4318507.993, 129
Trd, 4318508.293, 99
Trd, 4318508.343, 93
Trd, 4318509.543, 112
Trd, 4318510.693, 138
Trd, 4318511.393, 140
Trd, 4318513.043, 140
Trd, 4318513.593, 139
Trd, 4318513.643, 137
Trd, 4318515.093, 139
Trd, 4318515.343, 92
Trd, 4318515.693, 102
Trd, 4318516.793, 126
Trd, 4318517.693, 79
Trd, 4318517.993, 81
Trd, 4318518.843, 140
Trd, 4318520.493, 140
Trd, 4318521.443, 103
Trd, 4318521.993, 102
Trd, 4318522.543, 107
Trd, 4318522.843, 70
Trd, 4318524.293, 101
Trd, 4318525.143, 140
Trd, 4318525.393, 106
Trd, 4318526.193, 106
Trd, 4318526.393, 123
Trd, 4318527.493, 97
Trd, 4318528.243, 140
Trd, 4318528.543, 95
Trd, 4318528.793, 95
Trd, 4318529.593, 105
Trd, 4318531.143, 123
Trd, 4318531.793, 130
Trd, 4318531.993, 102
Trd, 4318533.043, 107
Trd, 4318534.193, 140
Trd, 4318534.893, 128
Trd, 4318535.293, 120
Trd, 4318536.793, 97
Trd, 4318536.993, 117
Trd, 4318538.193, 140
Trd, 4318539.493, 121
Trd, 4318540.243, 137
Trd, 4318540.443, 128
Trd, 4318540.843, 126
Trd, 4318541.793, 124
Trd, 4318542.193, 133
Trd, 4318543.043, 119
Trd, 4318544.143, 107
Trd, 4318545.543, 120
Trd, 4318546.493, 123
Trd, 4318547.043, 137
Trd, 4318547.893, 139
Trd, 4318548.443, 139
Trd, 4318549.993, 139
Trd, 4318550.393, 122
Trd, 4318551.093, 133
Trd, 4318551.443, 117
Trd, 4318552.043, 119
Trd, 4318554.393, 140
Trd, 4318555.993, 94
Trd, 4318556.893, 117
Trd, 4318556.993, 117
Trd, 4318557.043, 86
Trd, 4318557.893, 140
Trd, 4318558.293, 140
Trd, 4318560.143, 129
Trd, 4318560.843, 139
Trd, 4318561.643, 139
Trd, 4318562.243, 139
Trd, 4318562.743, 134
Trd, 4318562.893, 109
Trd, 4318563.643, 135
Trd, 4318563.793, 133
Trd, 4318564.393, 132
Trd, 4318564.793, 132
Trd, 4318565.343, 114
Trd, 4318565.443, 80
Trd, 4318566.243, 95
Trd, 4318568.043, 90
Trd, 4318568.843, 63
Trd, 4318569.143, 88
Trd, 4318569.993, 103
Trd, 4318571.693, 139
Trd, 4318572.643, 111
Trd, 4318573.143, 78
Trd, 4318573.243, 76
Trd, 4318573.493, 133
Trd, 4318573.843, 132
Trd, 4318574.893, 123
Trd, 4318575.293, 126
Trd, 4318576.793, 138
Trd, 4318577.143, 124
Trd, 4318578.743, 140
Trd, 4318578.843, 137
Trd, 4318579.743, 83
Trd, 4318579.843, 110
Trd, 4318580.193, 114
Trd, 4318581.593, 60
Trd, 4318583.343, 100
Trd, 4318583.593, 137
Trd, 4318584.743, 112
Trd, 4318585.293, 108
Trd, 4318585.393, 106
Trd, 4318586.593, 102
Trd, 4318586.843, 100
Trd, 4318587.143, 139
Trd, 4318588.693, 124
Trd, 4318590.493, 68
Trd, 4318590.893, 124
Trd, 4318591.393, 119
Trd, 4318591.743, 108
Trd, 4318592.343, 98
Trd, 4318592.993, 95
Trd, 4318593.043, 95
Trd, 4318595.143, 103
Trd, 4318595.293, 102
Trd, 4318596.693, 75
Trd, 4318596.843, 140
Trd, 4318598.643, 127
Trd, 4318599.243, 125
Trd, 4318599.443, 122
Trd, 4318600.193, 102
Trd, 4318600.443, 101
Trd, 4318600.743, 100
Trd, 4318601.393, 93
Trd, 4318601.843, 138
Trd, 4318604.043, 81
Trd, 4318604.293, 61
Trd, 4318604.793, 70
Trd, 4318605.343, 71
Trd, 4318605.743, 135
Trd, 4318606.943, 62
Trd, 4318607.893, 114
Trd, 4318610.243, 139
Trd, 4318610.543, 137
Trd, 4318611.543, 140
Trd, 4318612.243, 138
Trd, 4318612.793, 113
Trd, 4318613.493, 123
Trd, 4318614.193, 77
Trd, 4318616.093, 138
Trd, 4318616.593, 82
Trd, 4318616.693, 140
Trd, 4318618.043, 140
Trd, 4318618.543, 140
Trd, 4318619.243, 140
Trd, 4318620.243, 99
Trd, 4318620.543, 72
Trd, 4318621.693, 80
Trd, 4318623.843, 127
Trd, 4318623.893, 89
Trd, 4318624.343, 66
Trd, 4318624.493, 77
Trd, 4318624.893, 83
Trd, 4318627.093, 60
Trd, 4318627.843, 72
Trd, 4318627.993, 95
Trd, 4318628.793, 97
Trd, 4318628.993, 126
Trd, 4318629.743, 97
Trd, 4318631.943, 140
Trd, 4318633.043, 140
Trd, 4318633.293, 137
Trd, 4318633.493, 134
Trd, 4318633.543, 132
Trd, 4318633.943, 92
Trd, 4318634.493, 90
Trd, 4318634.793, 77
Trd, 4318635.643, 72
Trd, 4318637.443, 93
Trd, 4318638.143, 104
Trd, 4318638.493, 93
Trd, 4318639.493, 112
Trd, 4318640.693, 61
Trd, 4318640.843, 79
Trd, 4318641.193, 85
Trd, 4318642.793, 62
Trd, 4318644.343, 67
Trd, 4318645.343, 67
Trd, 4318645.393, 73
Trd, 4318645.893, 76
Trd, 4318646.843, 69
Trd, 4318647.293, 135
Trd, 4318647.543, 66
Trd, 4318647.843, 61
Trd, 4318649.043, 60
Trd, 4318649.693, 72
Trd, 4318651.843, 76
Trd, 4318652.943, 85
Trd, 4318653.643, 83
Trd, 4318653.693, 99
Trd, 4318654.793, 140
Trd, 4318656.093, 138
Trd, 4318657.643, 132
Trd, 4318657.843, 130
Trd, 4318658.243, 136
Trd, 4318658.643, 73
Trd, 4318659.743, 63
Trd, 4318660.543, 135
Trd, 4318661.043, 113
Trd, 4318661.493, 105
Trd, 4318661.893, 128
Trd, 4318662.043, 103
Trd, 4318662.543, 77
Trd, 4318663.843, 63
Trd, 4318665.593, 140
Trd, 4318665.693, 138
Trd, 4318666.543, 120
Trd, 4318667.043, 71
Trd, 4318667.243, 118
Trd, 4318667.293, 70
Trd, 4318667.993, 74
Trd, 4318669.943, 140
Trd, 4318670.193, 140
Trd, 4318670.543, 139
Trd, 4318673.543, 140
Trd, 4318674.443, 140
Trd, 4318674.743, 140
Trd, 4318675.243, 138
Trd, 4318675.593, 137
Trd, 4318677.393, 140
Trd, 4318677.693, 140
Trd, 4318678.593, 122
Trd, 4318678.743, 116
Trd, 4318678.793, 108
Trd, 4318680.343, 119
Trd, 4318681.593, 136
Trd, 4318681.693, 96
Trd, 4318683.193, 127
Trd, 4318683.643, 124
Trd, 4318683.893, 99
Trd, 4318686.943, 140
Trd, 4318687.243, 137
Trd, 4318689.093, 140
Trd, 4318689.643, 140
Trd, 4318689.943, 100
Trd, 4318690.843, 107
Trd, 4318691.043, 60
Trd, 4318691.793, 73
Trd, 4318693.643, 77
Trd, 4318693.743, 63
Trd, 4318694.343, 111
Trd, 4318694.593, 94
Trd, 4318696.243, 140
Trd, 4318696.343, 117
Trd, 4318698.343, 139
Trd, 4318698.893, 139
Trd, 4318700.443, 139
Trd, 4318700.643, 127
Trd, 4318700.693, 126
Trd, 4318702.543, 124
Trd, 4318703.243, 111
Trd, 4318704.593, 140
Trd, 4318704.893, 69
Trd, 4318706.493, 114
Trd, 4318707.193, 116
Trd, 4318707.743, 128
Trd, 4318707.843, 107
Trd, 4318707.943, 94
Trd, 4318708.493, 105
Trd, 4318708.843, 107
Trd, 4318709.393, 104
Trd, 4318710.143, 119
Trd, 4318710.743, 66
Trd, 4318712.843, 134
Trd, 4318713.343, 109
Trd, 4318714.593, 140
Trd, 4318714.743, 109
Trd, 4318714.893, 103
Trd, 4318715.893, 103
Trd, 4318716.343, 110
Trd, 4318718.143, 101
Trd, 4318719.043, 117
Trd, 4318720.193, 72
Trd, 4318720.243, 90
Trd, 4318720.393, 111
Trd, 4318721.143, 128
Trd, 4318721.743, 81
Trd, 4318722.843, 126
Trd, 4318724.443, 85
Trd, 4318724.943, 120
Trd, 4318725.093, 86
Trd, 4318725.593, 85
Trd, 4318725.843, 125
Trd, 4318727.293, 69
Trd, 4318728.793, 108
Trd, 4318729.443, 102
Trd, 4318730.793, 138
Trd, 4318731.493, 137
Trd, 4318731.543, 104
Trd, 4318732.043, 108
Trd, 4318732.343, 100
Trd, 4318732.843, 108
Trd, 4318733.443, 111
Trd, 4318734.293, 95
Trd, 4318734.343, 113
Trd, 4318735.743, 66
Trd, 4318736.843, 140
Trd, 4318738.293, 63
Trd, 4318740.043, 104
Trd, 4318740.093, 122
Trd, 4318740.943, 101
Trd, 4318741.643, 134
Trd, 4318742.143, 85
Trd, 4318742.943, 131
Trd, 4318743.043, 130
Trd, 4318744.243, 104
Trd, 4318744.293, 103
Trd, 4318745.443, 140
Trd, 4318746.743, 110
Trd, 4318747.343, 87
Trd, 4318748.543, 77
Trd, 4318748.843, 99
Trd, 4318750.493, 65
Trd, 4318751.493, 130
Trd, 4318751.893, 140
Trd, 4318752.093, 135
Trd, 4318753.043, 131
Trd, 4318754.693, 126
Trd, 4318755.293, 124
Trd, 4318756.643, 138
Trd, 4318756.743, 120
Trd, 4318758.143, 129
Trd, 4318758.543, 106
Trd, 4318759.793, 139
Trd, 4318760.193, 114
Trd, 4318760.493, 109
Trd, 4318760.593, 81
Trd, 4318760.893, 94
Trd, 4318761.493, 62
Trd, 4318762.843, 65
Trd, 4318764.443, 69
Trd, 4318765.093, 71
Trd, 4318766.993, 140
Trd, 4318767.193, 140
Trd, 4318767.693, 127
Trd, 4318768.593, 84
Trd, 4318769.943, 140
Trd, 4318770.743, 140
Trd, 4318770.843, 94
Trd, 4318771.343, 139
Trd, 4318772.743, 137
Trd, 4318773.793, 128
Trd, 4318774.793, 86
Trd, 4318775.343, 85
Trd, 4318775.843, 127
Trd, 4318777.593, 139
Trd, 4318778.193, 135
Trd, 4318778.543, 134
Trd, 4318779.093, 108
Trd, 4318780.293, 140
Trd, 4318780.643, 137
Trd, 4318781.393, 111
Trd, 4318781.493, 73
Trd, 4318782.243, 117
Trd, 4318783.393, 120
Trd, 4318783.593, 98
Trd, 4318785.793, 100
Trd, 4318785.843, 99
Trd, 4318786.943, 95
Trd, 4318788.443, 106
Trd, 4318788.793, 126
Trd, 4318789.693, 140
Trd, 4318790.643, 139
Trd, 4318791.843, 108
Trd, 4318792.743, 99
Trd, 4318792.993, 99
Trd, 4318793.393, 100
Trd, 4318793.693, 112
Trd, 4318794.443, 123
Trd, 4318794.793, 136
Trd, 4318795.043, 97
Trd, 4318795.693, 139
Trd, 4318796.743, 109
Trd, 4318797.893, 69
Trd, 4318799.093, 112
Trd, 4318799.343, 78
Trd, 4318799.993, 82
Trd, 4318800.393, 73
Trd, 4318800.643, 84
Trd, 4318801.093, 140
Trd, 4318803.143, 140
Trd, 4318803.993, 115
Trd, 4318805.593, 114
Trd, 4318806.343, 79
Trd, 4318806.643, 76
Trd, 4318807.393, 140
Trd, 4318807.543, 111
Trd, 4318810.193, 94
Trd, 4318810.693, 98
Trd, 4318810.943, 84
Trd, 4318811.643, 138
Trd, 4318811.793, 82
Trd, 4318811.993, 115
Trd, 4318813.693, 86
Trd, 4318815.043, 140
Trd, 4318815.593, 108
Trd, 4318815.893, 120
Trd, 4318817.743, 116
Trd, 4318817.843, 114
Trd, 4318817.893, 112
Trd, 4318818.193, 116
Trd, 4318820.043, 110
Trd, 4318820.243, 139
Trd, 4318822.343, 131
Trd, 4318822.543, 129
Trd, 4318823.243, 129
Trd, 4318823.293, 127
Trd, 4318824.493, 83
Trd, 4318824.543, 82
Trd, 4318825.343, 72
Trd, 4318826.243, 63
Trd, 4318827.243, 119
Trd, 4318828.143, 139
Trd, 4318828.343, 120
Trd, 4318829.193, 140
Trd, 4318830.093, 136
Trd, 4318830.793, 130
Trd, 4318832.793, 131
Trd, 4318833.193, 131
Trd, 4318833.593, 129
Trd, 4318834.393, 134
Trd, 4318835.793, 110
Trd, 4318835.943, 81
Trd, 4318836.293, 100
Trd, 4318837.393, 133
Trd, 4318837.793, 83
Trd, 4318838.093, 65
Trd, 4318839.193, 119
Trd, 4318840.143, 62
Trd, 4318840.843, 75
Trd, 4318841.543, 124
Trd, 4318841.793, 70
Trd, 4318843.193, 140
Trd, 4318843.243, 140
Trd, 4318843.343, 127
Trd, 4318844.393, 134
Trd, 4318845.993, 139
Trd, 4318846.043, 138
Trd, 4318846.893, 132
Trd, 4318847.543, 135
Trd, 4318848.543, 109
Trd, 4318848.943, 102
Trd, 4318850.893, 82
Trd, 4318851.043, 98
Trd, 4318852.643, 112
Trd, 4318853.043, 78
Trd, 4318855.393, 107
Trd, 4318855.543, 116
Trd, 4318855.993, 101
Trd, 4318856.893, 100
Trd, 4318857.443, 99
Trd, 4318858.043, 99
Trd, 4318858.893, 140
Trd, 4318859.793, 126
Trd, 4318860.493, 106
Trd, 4318861.093, 129
Trd, 4318861.293, 111
Trd, 4318862.843, 107
Trd, 4318863.443, 104
Trd, 4318863.893, 140
Trd, 4318864.093, 118
Trd, 4318865.393, 104
Trd, 4318865.493, 117
Trd, 4318866.643, 76
Trd, 4318867.643, 94
Trd, 4318868.693, 65
Trd, 4318870.193, 123
Trd, 4318870.693, 127
Trd, 4318871.843, 78
Trd, 4318873.993, 125
Trd, 4318874.743, 121
Trd, 4318874.893, 108
Trd, 4318875.243, 106
Trd, 4318878.093, 140
Trd, 4318878.293, 140
Trd, 4318879.043, 140
Trd, 4318879.093, 137
Trd, 4318880.193, 138
Trd, 4318881.043, 101
Trd, 4318881.443, 101
Trd, 4318882.993, 135
Trd, 4318884.143, 134
Trd, 4318885.543, 140
Trd, 4318887.493, 139
Trd, 4318887.543, 138
Trd, 4318888.343, 134
Trd, 4318888.543, 131
Trd, 4318888.743, 122
Trd, 4318888.843, 113
Trd, 4318889.043, 84
Trd, 4318890.693, 78
Trd, 4318892.343, 87
Trd, 4318893.393, 78
Trd, 4318893.893, 85
Trd, 4318894.343, 136
Trd, 4318894.393, 94
Trd, 4318894.743, 121
Trd, 4318896.593, 82
Trd, 4318897.243, 140
Trd, 4318897.543, 79
Trd, 4318898.093, 89
Trd, 4318900.093, 139
Trd, 4318900.893, 137
Trd, 4318901.043, 136
Trd, 4318901.143, 77
Trd, 4318903.743, 140
Trd, 4318903.793, 140
Trd, 4318905.193, 134
Trd, 4318905.443, 132
Trd, 4318907.193, 140
Trd, 4318907.543, 120
Trd, 4318907.943, 119
Trd, 4318908.943, 111
Trd, 4318909.143, 110
Trd, 4318910.343, 124
Trd, 4318910.893, 134
Trd, 4318911.143, 135
Trd, 4318912.843, 127
Trd, 4318913.293, 97
Trd, 4318914.993, 99
Trd, 4318915.793, 137
Trd, 4318917.293, 140
Trd, 4318917.393, 137
Trd, 4318917.493, 135
Trd, 4318917.743, 98
Trd, 4318917.993, 96
Trd, 4318920.543, 126
Trd, 4318921.693, 140
Trd, 4318921.743, 135
Trd, 4318921.993, 92
Trd, 4318923.343, 140
Trd, 4318924.193, 103
Trd, 4318924.343, 102
Trd, 4318924.893, 90
Trd, 4318925.993, 78
Trd, 4318927.493, 140
Trd, 4318927.993, 135
Trd, 4318928.443, 109
Trd, 4318928.543, 137
Trd, 4318928.693, 121
Trd, 4318929.693, 107
Trd, 4318931.143, 72
Trd, 4318931.293, 74
Trd, 4318934.393, 140
Trd, 4318934.893, 122
Trd, 4318935.243, 118
Trd, 4318935.893, 96
Trd, 4318936.993, 128
Trd, 4318937.343, 109
Trd, 4318937.443, 75
Trd, 4318938.893, 63
Trd, 4318938.993, 72
Trd, 4318940.543, 69
Trd, 4318940.743, 75
Trd, 4318943.793, 140
Trd, 4318944.843, 137
Trd, 4318945.393, 136
Trd, 4318945.543, 135
Trd, 4318945.593, 134
Trd, 4318946.843, 132
Trd, 4318947.643, 103
Trd, 4318947.743, 102
Trd, 4318949.893, 92
Trd, 4318950.043, 108
Trd, 4318950.793, 140
Trd, 4318950.993, 137
Trd, 4318951.743, 121
Trd, 4318951.843, 119
Trd, 4318952.543, 128
Trd, 4318952.643, 127
Trd, 4318955.243, 132
Trd, 4318955.793, 137
Trd, 4318958.043, 130
Trd, 4318958.843, 113
Trd, 4318959.143, 110
Trd, 4318959.943, 131
Trd, 4318960.193, 130
Trd, 4318961.793, 125
Trd, 4318963.343, 96
Trd, 4318963.943, 105
Trd, 4318964.193, 115
Trd, 4318965.043, 102
Trd, 4318965.243, 136
Trd, 4318965.493, 114
Trd, 4318965.593, 102
Trd, 4318966.193, 125
Trd, 4318966.493, 139
Trd, 4318967.993, 134
Trd, 4318968.643, 119
Trd, 4318968.893, 122
Trd, 4318971.143, 118
Trd, 4318971.193, 115
Trd, 4318974.393, 112
Trd, 4318974.443, 109
Trd, 4318975.293, 138
Trd, 4318975.393, 136
Trd, 4318975.593, 121
Trd, 4318975.743, 140
Trd, 4318975.993, 137
Trd, 4318976.143, 110
Trd, 4318977.443, 139
Trd, 4318978.193, 138
Trd, 4318978.593, 136
Trd, 4318979.143, 127
Trd, 4318980.393, 109
Trd, 4318980.593, 102
Trd, 4318981.543, 86
Trd, 4318981.593, 84
Trd, 4318983.293, 140
Trd, 4318983.343, 137
Trd, 4318984.293, 90
Trd, 4318984.593, 85
Trd, 4318984.893, 135
Trd, 4318987.443, 113
Trd, 4318988.143, 108
Trd, 4318989.343, 138
Trd, 4318990.593, 135
Trd, 4318990.693, 134
Trd, 4318991.593, 80
Trd, 4318992.393, 87
Trd, 4318993.543, 134
Trd, 4318993.643, 132
Trd, 4318993.793, 111
Trd, 4318995.893, 136
Trd, 4318996.143, 135
Trd, 4318996.593, 133
Trd, 4318996.993, 117
Trd, 4318997.993, 118
Trd, 4318999.643, 127
Trd, 4318999.793, 121
Trd, 4319000.893, 91
Trd, 4319001.643, 86
Trd, 4319002.993, 83
Trd, 4319004.193, 84
Trd, 4319004.743, 112
Trd, 4319006.493, 120
Trd, 4319006.743, 119
Trd, 4319007.393, 136
Trd, 4319007.643, 134
Trd, 4319009.393, 79
Trd, 4319010.243, 102
Trd, 4319010.943, 140
Trd, 4319013.093, 133
Trd, 4319013.393, 131
Trd, 4319013.443, 126
Trd, 4319014.643, 128
Trd, 4319015.893, 103
Trd, 4319016.293, 87
Trd, 4319017.693, 93
Trd, 4319017.943, 94
Trd, 4319018.143, 90
Trd, 4319020.393, 93
Trd, 4319022.393, 140
Trd, 4319022.443, 137
Trd, 4319022.493, 130
Trd, 4319022.743, 112
Trd, 4319023.893, 113
Trd, 4319025.943, 140
Trd, 4319026.293, 107
Trd, 4319026.493, 107
Trd, 4319026.543, 86
Trd, 4319027.743, 99
Trd, 4319028.143, 103
Trd, 4319029.493, 72
Trd, 4319031.593, 124
Trd, 4319032.293, 130
Trd, 4319033.043, 130
Trd, 4319034.243, 138
Trd, 4319034.743, 136
Trd, 4319034.993, 132
Trd, 4319035.793, 116
Trd, 4319036.893, 114
Trd, 4319036.943, 102
Trd, 4319037.943, 120
Trd, 4319038.293, 105
Trd, 4319038.693, 104
Trd, 4319041.443, 140
Trd, 4319041.693, 138
Trd, 4319042.343, 136
Trd, 4319043.593, 138
Trd, 4319044.043, 135
Trd, 4319045.493, 137
Trd, 4319045.743, 129
Trd, 4319045.993, 140
Trd, 4319047.543, 137
Trd, 4319047.743, 105
Trd, 4319049.693, 118
Trd, 4319049.743, 114
Trd, 4319050.393, 137
Trd, 4319050.793, 61
Trd, 4319051.043, 65
Trd, 4319051.443, 96
Trd, 4319052.793, 74
Trd, 4319054.193, 60
Trd, 4319055.343, 79
Trd, 4319055.993, 129
Trd, 4319056.693, 129
Trd, 4319058.043, 130
Trd, 4319058.093, 129
Trd, 4319058.943, 122
Trd, 4319059.393, 107
Trd, 4319059.793, 117
Trd, 4319060.243, 126
Trd, 4319061.293, 140
Trd, 4319063.243, 77
Trd, 4319063.843, 79
Trd, 4319064.293, 107
Trd, 4319064.643, 79
Trd, 4319065.593, 69
Trd, 4319066.243, 128
Trd, 4319066.693, 126
Trd, 4319067.243, 122
Trd, 4319068.243, 127
Trd, 4319069.343, 120
Trd, 4319069.393, 110
Trd, 4319070.443, 103
Trd, 4319072.393, 117
Trd, 4319074.043, 139
Trd, 4319074.593, 137
Trd, 4319074.643, 136
Trd, 4319074.943, 135
Trd, 4319075.043, 134
Trd, 4319075.443, 132
Trd, 4319075.943, 107
Trd, 4319076.943, 110
Trd, 4319080.043, 140
Trd, 4319080.293, 139
Trd, 4319080.643, 135
Trd, 4319082.043, 140
Trd, 4319082.743, 140
Trd, 4319082.843, 138
Trd, 4319083.143, 137
Trd, 4319083.943, 107
Trd, 4319085.393, 121
Trd, 4319087.893, 139
Trd, 4319087.943, 137
Trd, 4319087.993, 136
Trd, 4319089.793, 113
Trd, 4319091.043, 123
Trd, 4319092.193, 131
Trd, 4319092.393, 122
Trd, 4319092.743, 90
Trd, 4319093.143, 82
Trd, 4319093.943, 139
Trd, 4319095.343, 60
Trd, 4319095.793, 64
Trd, 4319095.893, 112
Trd, 4319096.343, 87
Trd, 4319098.043, 62
Trd, 4319098.893, 114
Trd, 4319099.743, 114
Trd, 4319099.843, 113
Trd, 4319100.393, 108
Trd, 4319100.543, 109
Trd, 4319100.593, 122
Trd, 4319101.293, 115
Trd, 4319101.893, 139
Trd, 4319104.443, 114
Trd, 4319104.793, 112
Trd, 4319104.893, 84
Trd, 4319105.643, 74
Trd, 4319106.693, 104
Trd, 4319108.043, 97
Trd, 4319109.143, 105
Trd, 4319109.743, 140
Trd, 4319109.943, 98
Trd, 4319112.093, 138
Trd, 4319112.193, 137
Trd, 4319113.543, 135
Trd, 4319114.493, 125
Trd, 4319114.943, 109
Trd, 4319115.943, 117
Trd, 4319116.243, 130
Trd, 4319116.543, 100
Trd, 4319117.643, 132
Trd, 4319118.743, 131
Trd, 4319120.243, 140
Trd, 4319121.393, 116
Trd, 4319122.243, 111
Trd, 4319123.143, 88
Trd, 4319124.193, 82
Trd, 4319124.893, 135
Trd, 4319124.993, 112
Trd, 4319125.343, 94
Trd, 4319125.743, 139
Trd, 4319125.843, 84
Trd, 4319126.843, 74
Trd, 4319127.693, 101
Trd, 4319128.743, 79
Trd, 4319129.243, 84
Trd, 4319130.543, 125
Trd, 4319132.243, 117
Trd, 4319132.343, 137
Trd, 4319133.593, 91
Trd, 4319133.843, 101
Trd, 4319134.743, 91
Trd, 4319134.793, 110
Trd, 4319136.493, 140
Trd, 4319136.743, 110
Trd, 4319137.593, 115
Trd, 4319138.043, 113
Trd, 4319138.543, 111
Trd, 4319138.693, 109
Trd, 4319140.543, 136
Trd, 4319140.943, 95
Trd, 4319141.693, 102
Trd, 4319141.843, 93
Trd, 4319142.843, 139
Trd, 4319143.493, 140
Trd, 4319144.593, 138
Trd, 4319145.043, 132
Trd, 4319145.093, 98
Trd, 4319145.643, 79
Trd, 4319146.493, 94
Trd, 4319147.343, 106
Trd, 4319149.543, 121
Trd, 4319149.843, 118
Trd, 4319150.893, 106
Trd, 4319151.143, 78
Trd, 4319151.343, 72
Trd, 4319151.943, 107
Trd, 4319153.693, 140
Trd, 4319154.093, 139
Trd, 4319155.693, 139
Trd, 4319157.343, 132
Trd, 4319158.143, 132
Trd, 4319159.593, 130
Trd, 4319159.643, 125
Trd, 4319160.143, 135
Trd, 4319160.643, 134
Trd, 4319161.393, 133
Trd, 4319164.893, 114
Trd, 4319165.643, 107
Trd, 4319166.093, 101
Trd, 4319167.493, 140
Trd, 4319167.593, 137
Trd, 4319168.543, 140
Trd, 4319170.593, 140
Trd, 4319171.893, 140
Trd, 4319172.793, 135
Trd, 4319173.293, 131
Trd, 4319173.943, 96
Trd, 4319174.243, 110
Trd, 4319174.393, 110
Trd, 4319174.643, 138
Trd, 4319175.193, 110
Trd, 4319177.393, 106
Trd, 4319177.943, 105
Trd, 4319178.243, 103
Trd, 4319178.643, 126
Trd, 4319179.743, 135
Trd, 4319180.543, 124
Trd, 4319181.143, 117
Trd, 4319181.943, 130
Trd, 4319182.543, 140
Trd, 4319184.293, 128
Trd, 4319184.993, 113
Trd, 4319185.443, 89
Trd, 4319186.193, 103
Trd, 4319187.393, 131
Trd, 4319187.843, 106
Trd, 4319187.943, 104
Trd, 4319190.443, 140
Trd, 4319191.393, 140
Trd, 4319191.943, 140
Trd, 4319192.543, 111
Trd, 4319194.443, 140
Trd, 4319194.643, 140
Trd, 4319194.893, 137
Trd, 4319195.693, 131
Trd, 4319196.493, 118
Trd, 4319197.693, 128
Trd, 4319198.993, 134
Trd, 4319199.093, 133
Trd, 4319199.343, 131
Trd, 4319200.243, 139
Trd, 4319201.593, 137
Trd, 4319202.693, 128
Trd, 4319202.743, 126
Trd, 4319203.243, 140
Trd, 4319203.893, 139
Trd, 4319204.343, 137
Trd, 4319204.893, 126
Trd, 4319207.093, 133
Trd, 4319207.293, 132
Trd, 4319207.693, 129
Trd, 4319210.343, 88
Trd, 4319210.643, 104
Trd, 4319211.143, 109
Trd, 4319211.793, 111
Trd, 4319211.893, 80
Trd, 4319213.093, 81
Trd, 4319214.693, 127
Trd, 4319215.643, 105
Trd, 4319215.943, 138
Trd, 4319216.993, 133
Trd, 4319217.143, 100
Trd, 4319217.943, 132
Trd, 4319218.693, 131
Trd, 4319218.993, 129
Trd, 4319220.543, 134
Trd, 4319221.793, 139
Trd, 4319222.943, 138
Trd, 4319223.943, 137
Trd, 4319224.143, 136
Trd, 4319224.493, 130
Trd, 4319224.743, 119
Trd, 4319225.943, 104
Trd, 4319226.293, 84
Trd, 4319228.393, 140
Trd, 4319230.393, 140
Trd, 4319230.843, 139
Trd, 4319232.593, 139
Trd, 4319233.443, 139
Trd, 4319234.043, 137
Trd, 4319234.493, 137
Trd, 4319234.693, 132
Trd, 4319236.643, 136
Trd, 4319237.493, 74
Trd, 4319237.943, 136
Trd, 4319238.543, 140
Trd, 4319239.143, 136
Trd, 4319239.743, 132
Trd, 4319239.793, 131
Trd, 4319240.343, 128
Trd, 4319242.293, 87
Trd, 4319242.893, 140
Trd, 4319243.143, 130
Trd, 4319244.943, 114
Trd, 4319244.993, 112
Trd, 4319245.343, 116
Trd, 4319245.443, 90
Trd, 4319245.993, 115
Trd, 4319246.743, 115
Trd, 4319246.793, 113
Trd, 4319247.693, 101
Trd, 4319248.193, 96
Trd, 4319248.843, 79
Trd, 4319248.993, 85
Trd, 4319250.293, 123
Trd, 4319251.143, 60
Trd, 4319251.443, 79
Trd, 4319252.243, 92
Trd, 4319253.993, 121
Trd, 4319254.193, 120
Trd, 4319255.043, 116
Trd, 4319257.993, 139
Trd, 4319258.293, 140
Trd, 4319258.643, 135
Trd, 4319258.893, 102
Trd, 4319260.143, 108
Trd, 4319260.343, 139
Trd, 4319261.293, 77
Trd, 4319262.143, 84
Trd, 4319262.943, 77
Trd, 4319264.243, 129
Trd, 4319264.493, 133
Trd, 4319264.693, 124
Trd, 4319266.943, 118
Trd, 4319267.293, 117
Trd, 4319267.693, 129
Trd, 4319267.743, 126
Trd, 4319269.243, 140
Trd, 4319269.443, 137
Trd, 4319270.043, 83
Trd, 4319270.543, 107
Trd, 4319272.043, 87
Trd, 4319272.643, 90
Trd, 4319274.143, 92
Trd, 4319274.943, 89
Trd, 4319275.593, 140
Trd, 4319276.093, 119
Trd, 4319276.743, 83
Trd, 4319276.793, 82
Trd, 4319278.793, 111
Trd, 4319278.843, 110
Trd, 4319279.343, 82
Trd, 4319279.943, 100
Trd, 4319280.393, 69
Trd, 4319281.393, 88
Trd, 4319282.343, 129
Trd, 4319282.443, 89
Trd, 4319282.893, 76
Trd, 4319282.993, 75
Trd, 4319283.593, 64
Trd, 4319285.793, 81
Trd, 4319286.593, 139
Trd, 4319287.193, 79
Trd, 4319287.293, 123
Trd, 4319288.143, 67
Trd, 4319289.693, 126
Trd, 4319289.893, 131
Trd, 4319290.043, 123
Trd, 4319291.293, 122
Trd, 4319291.543, 136
Trd, 4319291.693, 121
Trd, 4319293.293, 121
Trd, 4319294.343, 110
Trd, 4319296.693, 104
Trd, 4319297.143, 119
Trd, 4319298.393, 80
Trd, 4319298.593, 137
Trd, 4319298.993, 105
Trd, 4319299.943, 78
Trd, 4319300.343, 110
Trd, 4319300.993, 104
Trd, 4319301.143, 103
Trd, 4319301.893, 127
Trd, 4319302.293, 105
Trd, 4319303.993, 132
Trd, 4319304.293, 123
Trd, 4319304.593, 122
Trd, 4319305.093, 99
Trd, 4319305.843, 102
Trd, 4319307.193, 140
Trd, 4319307.293, 138
Trd, 4319307.693, 137
Trd, 4319308.893, 114
Trd, 4319310.793, 104
Trd, 4319310.993, 103
Trd, 4319312.293, 128
Trd, 4319313.443, 117
Trd, 4319314.343, 91
Trd, 4319314.493, 85
Trd, 4319315.043, 97
Trd, 4319315.443, 99
Trd, 4319317.243, 61
Trd, 4319317.693, 85
Trd, 4319318.843, 99
Trd, 4319319.543, 113
Trd, 4319319.893, 111
Trd, 4319320.093, 102
Trd, 4319320.793, 81
Trd, 4319322.493, 113
Trd, 4319323.143, 111
Trd, 4319323.543, 89
Trd, 4319324.593, 85
Trd, 4319325.293, 87
Trd, 4319325.793, 129
Trd, 4319326.343, 140
Trd, 4319327.343, 140
Trd, 4319328.093, 140
Trd, 4319329.143, 140
Trd, 4319329.443, 138
Trd, 4319330.143, 139
Trd, 4319331.093, 133
Trd, 4319331.643, 125
Trd, 4319333.643, 133
Trd, 4319333.993, 125
Trd, 4319334.293, 119
Trd, 4319335.193, 122
Trd, 4319335.443, 120
Trd, 4319335.943, 118
Trd, 4319336.143, 108
Trd, 4319337.293, 121
Trd, 4319337.943, 111
Trd, 4319338.043, 104
Trd, 4319339.093, 95
Trd, 4319340.643, 118
Trd, 4319341.593, 130
Trd, 4319341.893, 107
Trd, 4319343.293, 67
Trd, 4319343.343, 98
Trd, 4319344.093, 87
Trd, 4319344.643, 96
Trd, 4319345.043, 73
Trd, 4319345.243, 117
Trd, 4319345.693, 94
Trd, 4319348.993, 96
Trd, 4319350.293, 110
Trd, 4319351.343, 138
Trd, 4319351.643, 120
Trd, 4319352.493, 120
Trd, 4319353.343, 116
Trd, 4319353.543, 113
Trd, 4319353.693, 101
Trd, 4319355.043, 140
Trd, 4319355.993, 140
Trd, 4319357.343, 139
Trd, 4319357.793, 138
Trd, 4319359.243, 107
Trd, 4319360.243, 137
Trd, 4319361.393, 135
Trd, 4319362.543, 120
Trd, 4319362.893, 120
Trd, 4319362.943, 119
Trd, 4319363.493, 111
Trd, 4319364.843, 106
Trd, 4319365.893, 138
Trd, 4319366.443, 137
Trd, 4319366.643, 136
Trd, 4319368.643, 139
Trd, 4319368.943, 139
Trd, 4319369.043, 137
Trd, 4319369.643, 95
Trd, 4319369.943, 108
Trd, 4319370.543, 99
Trd, 4319373.043, 140
Trd, 4319373.993, 135
Trd, 4319374.343, 135
Trd, 4319376.143, 140
Trd, 4319376.593, 127
Trd, 4319376.743, 81
Trd, 4319376.943, 80
Trd, 4319378.443, 101
Trd, 4319378.593, 92
Trd, 4319380.043, 62
Trd, 4319381.293, 110
Trd, 4319381.543, 101
Trd, 4319382.843, 121
Trd, 4319383.493, 95
Trd, 4319383.943, 74
Trd, 4319384.643, 116
Trd, 4319385.943, 111
Trd, 4319386.493, 111
Trd, 4319387.193, 109
Trd, 4319388.593, 140
Trd, 4319388.743, 130
Trd, 4319388.793, 113
Trd, 4319390.093, 123
Trd, 4319391.143, 126
Trd, 4319392.093, 93
Trd, 4319392.293, 135
Trd, 4319392.693, 75
Trd, 4319393.893, 140
Trd, 4319394.343, 117
Trd, 4319395.743, 117
Trd, 4319396.393, 140
Trd, 4319397.143, 140
Trd, 4319397.643, 138
Trd, 4319398.343, 124
Trd, 4319399.393, 138
Trd, 4319399.493, 110
Trd, 4319400.443, 124
Trd, 4319402.093, 104
Trd, 4319405.093, 117
Trd, 4319405.843, 115
Trd, 4319406.393, 132
Trd, 4319408.143, 138
Trd, 4319408.493, 131
Trd, 4319408.793, 110
Trd, 4319408.993, 104
Trd, 4319410.593, 139
Trd, 4319411.093, 137
Trd, 4319412.943, 139
Trd, 4319413.093, 138
Trd, 4319413.943, 137
Trd, 4319414.193, 108
Trd, 4319414.593, 103
Trd, 4319415.093, 139
Trd, 4319415.243, 138
Trd, 4319415.343, 76
Trd, 4319416.643, 116
Trd, 4319418.043, 133
Trd, 4319418.943, 134
Trd, 4319420.343, 133
Trd, 4319420.443, 132
Trd, 4319421.193, 83
Trd, 4319422.093, 76
Trd, 4319422.693, 131
Trd, 4319423.443, 139
Trd, 4319424.443, 134
Trd, 4319424.793, 102
Trd, 4319425.993, 65
Trd, 4319426.793, 75
Trd, 4319427.743, 118
Trd, 4319427.993, 97
Trd, 4319428.293, 104
Trd, 4319429.643, 140
Trd, 4319430.643, 136
Trd, 4319431.943, 137
Trd, 4319431.993, 135
Trd, 4319433.443, 98
Trd, 4319433.493, 93
Trd, 4319434.893, 140
Trd, 4319436.293, 139
Trd, 4319438.343, 140
Trd, 4319438.643, 138
Trd, 4319439.393, 87
Trd, 4319440.143, 101
Trd, 4319441.343, 87
Trd, 4319442.643, 134
Trd, 4319442.943, 133
Trd, 4319443.693, 130
Trd, 4319444.193, 125
Trd, 4319444.243, 123
Trd, 4319444.943, 125
Trd, 4319445.343, 131
Trd, 4319446.143, 103
Trd, 4319446.943, 103
Trd, 4319447.243, 104
Trd, 4319447.293, 102
Trd, 4319448.543, 122
Trd, 4319448.993, 127
Trd, 4319449.393, 106
Trd, 4319450.393, 121
Trd, 4319451.043, 140
Trd, 4319451.143, 137
Trd, 4319453.543, 114
Trd, 4319454.043, 140
Trd, 4319455.143, 117
Trd, 4319455.493, 112
Trd, 4319456.243, 128
Trd, 4319457.443, 126
Trd, 4319457.843, 125
Trd, 4319458.393, 123
Trd, 4319459.943, 140
Trd, 4319460.193, 140
Trd, 4319460.493, 97
Trd, 4319460.943, 90
Trd, 4319461.993, 117
Trd, 4319463.193, 140
Trd, 4319464.043, 135
Trd, 4319464.743, 104
Trd, 4319465.343, 101
Trd, 4319466.543, 114
Trd, 4319467.493, 104
Trd, 4319468.893, 87
Trd, 4319470.643, 126
Trd, 4319472.143, 126
Trd, 4319473.093, 116
Trd, 4319473.193, 114
Trd, 4319473.443, 119
Trd, 4319473.993, 137
Trd, 4319474.993, 137
Trd, 4319476.843, 110
Trd, 4319477.393, 108
Trd, 4319479.093, 110
Trd, 4319479.343, 108
Trd, 4319480.043, 128
Trd, 4319480.793, 124
Trd, 4319480.843, 93
Trd, 4319481.893, 133
Trd, 4319482.493, 122
Trd, 4319484.893, 137
Trd, 4319485.343, 131
Trd, 4319485.493, 92
Trd, 4319485.843, 101
Trd, 4319488.593, 113
Trd, 4319488.793, 110
Trd, 4319489.843, 118
Trd, 4319490.043, 106
Trd, 4319490.643, 140
Trd, 4319492.093, 109
Trd, 4319492.743, 102
Trd, 4319493.943, 139
Trd, 4319494.843, 106
Trd, 4319496.193, 116
Trd, 4319496.743, 121
Trd, 4319496.993, 92
Trd, 4319497.593, 118
Trd, 4319497.643, 85
Trd, 4319498.443, 138
Trd, 4319499.243, 90
Trd, 4319499.943, 60
Trd, 4319500.243, 99
Trd, 4319501.593, 60
Trd, 4319502.043, 63
Trd, 4319503.593, 140
Trd, 4319503.693, 111
Trd, 4319503.843, 101
Trd, 4319506.643, 140
Trd, 4319506.793, 138
Trd, 4319508.443, 132
Trd, 4319508.943, 110
Trd, 4319509.793, 128
Trd, 4319510.693, 108
Trd, 4319510.993, 87
Trd, 4319511.893, 97
Trd, 4319514.593, 93
Trd, 4319514.643, 89
Trd, 4319515.293, 84
Trd, 4319515.943, 140
Trd, 4319516.993, 70
Trd, 4319517.843, 137
Trd, 4319517.993, 111
Trd, 4319518.293, 119
Trd, 4319518.393, 130
Trd, 4319518.443, 119
Trd, 4319519.393, 116
Trd, 4319520.543, 120
Trd, 4319521.643, 112
Trd, 4319522.393, 140
Trd, 4319522.843, 123
Trd, 4319523.393, 115
Trd, 4319524.543, 126
Trd, 4319524.643, 136
Trd, 4319525.643, 82
Trd, 4319526.593, 83
Trd, 4319526.993, 86
Trd, 4319528.293, 140
Trd, 4319528.393, 140
Trd, 4319528.943, 82
Trd, 4319531.493, 134
Trd, 4319531.593, 132
Trd, 4319532.393, 136
Trd, 4319532.943, 105
Trd, 4319533.093, 139
Trd, 4319534.093, 104
Trd, 4319534.943, 70
Trd, 4319536.443, 131
Trd, 4319536.943, 109
Trd, 4319539.943, 140
Trd, 4319539.993, 139
Trd, 4319540.143, 139
Trd, 4319540.343, 120
Trd, 4319540.743, 108
Trd, 4319541.893, 89
Trd, 4319541.943, 88
Trd, 4319542.943, 71
Trd, 4319544.043, 139
Trd, 4319545.043, 135
Trd, 4319545.143, 124
Trd, 4319546.043, 114
Trd, 4319547.043, 94
Trd, 4319548.043, 140
Trd, 4319548.093, 139
Trd, 4319548.143, 121
Trd, 4319550.543, 115
Trd, 4319553.643, 131
Trd, 4319554.143, 115
Trd, 4319554.393, 114
Trd, 4319554.493, 112
Trd, 4319554.893, 84
Trd, 4319555.143, 122
Trd, 4319556.193, 140
Trd, 4319557.293, 121
Trd, 4319558.693, 140
Trd, 4319558.943, 122
Trd, 4319560.543, 135
Trd, 4319560.643, 115
Trd, 4319561.393, 112
Trd, 4319561.943, 103
Trd, 4319562.493, 96
Trd, 4319563.093, 85
Trd, 4319563.643, 106
Trd, 4319565.043, 74
Trd, 4319565.543, 71
Trd, 4319565.593, 86
Trd, 4319567.493, 66
Trd, 4319567.943, 78
Trd, 4319568.993, 89
Trd, 4319569.943, 85
Trd, 4319570.793, 83
Trd, 4319570.943, 96
Trd, 4319571.393, 81
Trd, 4319572.593, 82
Trd, 4319572.693, 81
Trd, 4319573.593, 105
Trd, 4319574.093, 102
Trd, 4319574.843, 105
Trd, 4319575.393, 129
Trd, 4319577.093, 135
Trd, 4319577.743, 123
Trd, 4319578.043, 130
Trd, 4319578.343, 89
Trd, 4319578.893, 85
Trd, 4319579.343, 94
Trd, 4319582.343, 137
Trd, 4319582.943, 137
Trd, 4319582.993, 122
Trd, 4319583.043, 121
Trd, 4319583.143, 119
Trd, 4319584.493, 110
Trd, 4319584.543, 108
Trd, 4319584.643, 107
Trd, 4319585.043, 96
Trd, 4319585.993, 67
Trd, 4319587.943, 121
Trd, 4319589.293, 98
Trd, 4319589.343, 97
Trd, 4319590.393, 138
Trd, 4319590.543, 137
Trd, 4319590.743, 131
Trd, 4319590.993, 130
Trd, 4319591.393, 128
Trd, 4319593.593, 91
Trd, 4319594.493, 117
Trd, 4319594.693, 108
Trd, 4319594.793, 107
Trd, 4319595.543, 140
Trd, 4319596.443, 138
Trd, 4319596.693, 136
Trd, 4319596.793, 90
Trd, 4319597.793, 60
Trd, 4319598.493, 107
Trd, 4319599.693, 62
Trd, 4319600.193, 72
Trd, 4319600.793, 129
Trd, 4319602.793, 119
Trd, 4319603.493, 102
Trd, 4319605.793, 87
Trd, 4319606.093, 109
Trd, 4319606.243, 104
Trd, 4319606.543, 139
Trd, 4319606.743, 137
Trd, 4319610.093, 133
Trd, 4319610.543, 132
Trd, 4319610.893, 106
Trd, 4319612.093, 79
Trd, 4319612.243, 64
Trd, 4319612.793, 97
Trd, 4319612.993, 96
Trd, 4319613.893, 130
Trd, 4319615.643, 116
Trd, 4319615.943, 99
Trd, 4319616.393, 98
Trd, 4319616.543, 89
Trd, 4319618.293, 140
Trd, 4319618.443, 140
Trd, 4319618.843, 140
Trd, 4319618.893, 137
Trd, 4319620.093, 140
Trd, 4319621.993, 140
Trd, 4319622.193, 139
Trd, 4319622.693, 104
Trd, 4319624.643, 79
Trd, 4319624.843, 79
Trd, 4319625.693, 98
Trd, 4319625.943, 136
Trd, 4319627.143, 82
Trd, 4319627.793, 86
Trd, 4319628.243, 105
Trd, 4319628.793, 108
Trd, 4319629.643, 140
Trd, 4319629.993, 140
Trd, 4319630.793, 108
Trd, 4319631.193, 87
Trd, 4319633.193, 78
Trd, 4319633.693, 140
Trd, 4319635.293, 129
Trd, 4319635.343, 89
Trd, 4319635.843, 135
Trd, 4319636.093, 134
Trd, 4319636.643, 138
Trd, 4319637.693, 132
Trd, 4319638.343, 103
Trd, 4319639.693, 140
Trd, 4319642.993, 139
Trd, 4319643.693, 138
Trd, 4319645.393, 103
Trd, 4319646.093, 112
Trd, 4319646.393, 106
Trd, 4319646.593, 105
Trd, 4319646.743, 89
Trd, 4319648.843, 136
Trd, 4319648.993, 134
Trd, 4319649.993, 126
Trd, 4319651.743, 127
Trd, 4319652.543, 115
Trd, 4319653.143, 139
Trd, 4319653.593, 110
Trd, 4319655.493, 93
Trd, 4319655.693, 127
Trd, 4319656.493, 127
Trd, 4319656.543, 115
Trd, 4319657.643, 123
Trd, 4319658.593, 139
Trd, 4319659.043, 135
Trd, 4319659.293, 120
Trd, 4319660.143, 120
Trd, 4319660.393, 127
Trd, 4319661.043, 87
Trd, 4319661.643, 129
Trd, 4319662.193, 90
Trd, 4319663.093, 134
Trd, 4319664.643, 140
Trd, 4319666.693, 139
Trd, 4319667.593, 140
Trd, 4319668.893, 138
Trd, 4319669.243, 137
Trd, 4319670.243, 140
Trd, 4319670.843, 137
Trd, 4319671.343, 135
Trd, 4319672.293, 95
Trd, 4319673.243, 77
Trd, 4319675.293, 114
Trd, 4319676.543, 127
Trd, 4319677.343, 86
Trd, 4319677.843, 70
Trd, 4319678.293, 80
Trd, 4319679.093, 103
Trd, 4319679.393, 72
Trd, 4319680.493, 129
Trd, 4319680.943, 113
Trd, 4319681.793, 122
Trd, 4319682.493, 115
Trd, 4319683.743, 119
Trd, 4319684.543, 140
Trd, 4319684.743, 115
Trd, 4319684.793, 114
Trd, 4319687.843, 140
Trd, 4319687.893, 140
Trd, 4319688.493, 140
Trd, 4319688.943, 135
Trd, 4319689.093, 98
Trd, 4319690.093, 140
Trd, 4319690.193, 134
Trd, 4319691.593, 137
Trd, 4319691.893, 140
Trd, 4319692.693, 114
Trd, 4319693.843, 114
Trd, 4319694.843, 120
Trd, 4319695.193, 115
Trd, 4319695.943, 115
Trd, 4319697.443, 138
Trd, 4319698.743, 138
Trd, 4319700.193, 140
Trd, 4319700.693, 140
Trd, 4319700.743, 140
Trd, 4319701.493, 137
Trd, 4319703.093, 137
Trd, 4319703.793, 114
Trd, 4319703.943, 112
Trd, 4319704.943, 135
Trd, 4319705.543, 135
Trd, 4319707.893, 132
Trd, 4319707.993, 130
Trd, 4319708.593, 131
Trd, 4319708.743, 130
Trd, 4319709.493, 125
Trd, 4319710.643, 133
Trd, 4319711.143, 74
Trd, 4319711.393, 77
Trd, 4319711.693, 79
Trd, 4319712.743, 114
Trd, 4319713.593, 106
Trd, 4319714.093, 105
Trd, 4319714.293, 104
Trd, 4319716.193, 140
Trd, 4319716.693, 137
Trd, 4319717.093, 117
Trd, 4319718.043, 60
Trd, 4319719.193, 79
Trd, 4319719.393, 64
Trd, 4319720.193, 108
Trd, 4319721.343, 110
Trd, 4319722.293, 107
Trd, 4319723.293, 140
Trd, 4319723.493, 140
Trd, 4319724.593, 126
Trd, 4319724.943, 125
Trd, 4319724.993, 130
Trd, 4319726.493, 134
Trd, 4319726.543, 120
Trd, 4319727.643, 108
Trd, 4319727.943, 124
Trd, 4319728.043, 87
Trd, 4319729.643, 82
Trd, 4319730.493, 132
Trd, 4319731.793, 138
Trd, 4319732.043, 136
Trd, 4319732.993, 127
Trd, 4319733.043, 108
Trd, 4319734.543, 140
Trd, 4319735.443, 83
Trd, 4319736.443, 77
Trd, 4319737.293, 133
Trd, 4319737.643, 92
Trd, 4319738.993, 87
Trd, 4319740.593, 140
Trd, 4319740.743, 137
Trd, 4319740.843, 117
Trd, 4319741.093, 104
Trd, 4319742.043, 81
Trd, 4319743.643, 62
Trd, 4319743.893, 67
Trd, 4319744.593, 72
Trd, 4319745.893, 139
Trd, 4319747.693, 140
Trd, 4319748.293, 139
Trd, 4319748.443, 137
Trd, 4319749.643, 133
Trd, 4319750.793, 132
Trd, 4319753.993, 139
Trd, 4319754.093, 119
Trd, 4319754.343, 128
Trd, 4319754.493, 105
Trd, 4319755.043, 104
Trd, 4319755.293, 103
Trd, 4319756.193, 96
Trd, 4319756.293, 95
Trd, 4319758.243, 131
Trd, 4319759.393, 134
Trd, 4319759.443, 133
Trd, 4319760.543, 132
Trd, 4319761.093, 114
Trd, 4319761.693, 123
Trd, 4319762.043, 126
Trd, 4319762.593, 95
Trd, 4319762.743, 71
Trd, 4319762.793, 139
Trd, 4319763.893, 78
Trd, 4319766.193, 131
Trd, 4319768.893, 138
Trd, 4319769.243, 74
Trd, 4319770.043, 124
Trd, 4319770.443, 123
Trd, 4319772.193, 138
Trd, 4319772.443, 121
Trd, 4319772.893, 107
Trd, 4319773.343, 140
Trd, 4319773.743, 102
Trd, 4319773.943, 117
Trd, 4319774.143, 106
Trd, 4319774.393, 86
Trd, 4319774.843, 76
Trd, 4319778.193, 95
Trd, 4319779.093, 140
Trd, 4319779.393, 138
Trd, 4319781.243, 135
Trd, 4319781.593, 133
Trd, 4319782.793, 133
Trd, 4319782.943, 102
Trd, 4319783.143, 133
Trd, 4319783.693, 140
Trd, 4319784.293, 135
Trd, 4319785.693, 135
Trd, 4319785.893, 134
Trd, 4319787.293, 100
Trd, 4319787.593, 105
Trd, 4319789.393, 140
Trd, 4319789.743, 137
Trd, 4319790.743, 120
Trd, 4319792.043, 107
Trd, 4319792.793, 132
Trd, 4319793.793, 112
Trd, 4319794.043, 123
Trd, 4319794.443, 97
Trd, 4319795.093, 67
Trd, 4319795.443, 64
Trd, 4319795.893, 66
Trd, 4319796.643, 139
Trd, 4319797.243, 106
Trd, 4319798.093, 135
Trd, 4319798.993, 106
Trd, 4319799.243, 105
Trd, 4319799.943, 113
Trd, 4319800.543, 119
Trd, 4319801.693, 140
Trd, 4319802.893, 109
Trd, 4319803.293, 76
Trd, 4319807.693, 65
Trd, 4319807.893, 66
Trd, 4319808.643, 111
Trd, 4319808.893, 128
Trd, 4319809.543, 129
Trd, 4319809.643, 127
Trd, 4319809.693, 126
Trd, 4319811.293, 135
Trd, 4319811.593, 134
Trd, 4319812.243, 132
Trd, 4319813.543, 123
Trd, 4319813.943, 104
Trd, 4319815.043, 140
Trd, 4319815.093, 140
Trd, 4319816.893, 120
Trd, 4319817.543, 85
Trd, 4319819.043, 83
Trd, 4319820.493, 140
Trd, 4319820.743, 111
Trd, 4319821.543, 117
Trd, 4319822.043, 117
Trd, 4319822.593, 92
Trd, 4319822.743, 91
Trd, 4319823.043, 73
Trd, 4319825.193, 83
Trd, 4319825.693, 137
Trd, 4319826.743, 140
Trd, 4319826.793, 137
Trd, 4319828.093, 138
Trd, 4319828.493, 136
Trd, 4319829.443, 132
Trd, 4319829.743, 113
Trd, 4319831.443, 120
Trd, 4319832.993, 140
Trd, 4319835.593, 140
Trd, 4319836.293, 137
Trd, 4319836.793, 140
Trd, 4319837.243, 140
Trd, 4319838.543, 131
Trd, 4319838.943, 127
Trd, 4319839.093, 126
Trd, 4319839.943, 115
Trd, 4319840.993, 138
Trd, 4319841.193, 137
Trd, 4319841.643, 102
Trd, 4319841.843, 105
Trd, 4319843.493, 140
Trd, 4319844.543, 139
Trd, 4319844.693, 132
Trd, 4319845.093, 126
Trd, 4319845.493, 132
Trd, 4319846.343, 89
Trd, 4319848.293, 91
Trd, 4319848.593, 102
Trd, 4319850.093, 97
Trd, 4319850.693, 96
Trd, 4319851.743, 124
Trd, 4319852.593, 140
Trd, 4319852.693, 139
Trd, 4319853.343, 116
Trd, 4319854.243, 140
Trd, 4319855.593, 104
Trd, 4319855.843, 118
Trd, 4319856.693, 90
Trd, 4319857.893, 61
Trd, 4319859.093, 93
Trd, 4319859.793, 108
Trd, 4319860.393, 136
Trd, 4319860.743, 140
Trd, 4319860.893, 135
Trd, 4319861.743, 123
Trd, 4319861.893, 121
Trd, 4319863.543, 104
Trd, 4319864.043, 91
Trd, 4319864.793, 91
Trd, 4319864.843, 90
Trd, 4319864.893, 79
Trd, 4319864.943, 74
Trd, 4319865.743, 77
Trd, 4319866.493, 62
Trd, 4319866.693, 69
Trd, 4319867.843, 140
Trd, 4319869.093, 111
Trd, 4319869.493, 74
Trd, 4319870.543, 77
Trd, 4319871.643, 122
Trd, 4319872.393, 128
Trd, 4319872.443, 112
Trd, 4319873.543, 131
Trd, 4319873.693, 98
Trd, 4319874.593, 96
Trd, 4319875.093, 138
Trd, 4319875.193, 120
Trd, 4319876.793, 123
Trd, 4319877.293, 106
Trd, 4319878.543, 130
Trd, 4319879.493, 128
Trd, 4319880.543, 136
Trd, 4319880.693, 125
Trd, 4319882.293, 123
Trd, 4319882.543, 110
Trd, 4319882.693, 129
Trd, 4319883.493, 109
Trd, 4319884.343, 120
Trd, 4319885.343, 93
Trd, 4319885.793, 125
Trd, 4319886.993, 83
Trd, 4319888.493, 139
Trd, 4319889.143, 140
Trd, 4319889.243, 139
Trd, 4319889.393, 137
Trd, 4319889.593, 140
Trd, 4319890.393, 94
Trd, 4319890.693, 129
Trd, 4319890.943, 110
Trd, 4319892.793, 101
Trd, 4319893.843, 109
Trd, 4319895.093, 140
Trd, 4319895.543, 100
Trd, 4319896.093, 132
Trd, 4319896.993, 132
Trd, 4319897.493, 132
Trd, 4319898.743, 100
Trd, 4319899.043, 79
Trd, 4319900.643, 140
Trd, 4319900.793, 139
Trd, 4319901.443, 136
Trd, 4319902.093, 132
Trd, 4319903.493, 113
Trd, 4319904.043, 139
Trd, 4319905.243, 95
Trd, 4319906.043, 91
Trd, 4319906.493, 94
Trd, 4319906.843, 94
Trd, 4319907.243, 95
Trd, 4319908.143, 85
Trd, 4319909.243, 75
Trd, 4319911.143, 140
Trd, 4319911.643, 135
Trd, 4319912.793, 140
Trd, 4319913.043, 135
Trd, 4319913.693, 130
Trd, 4319914.143, 77
Trd, 4319915.243, 123
Trd, 4319915.893, 103
Trd, 4319916.343, 121
Trd, 4319916.943, 139
Trd, 4319918.743, 140
Trd, 4319918.843, 137
Trd, 4319919.543, 118
Trd, 4319919.693, 116
Trd, 4319920.893, 139
Trd, 4319921.143, 86
Trd, 4319922.293, 140
Trd, 4319922.393, 140
Trd, 4319923.543, 130
Trd, 4319924.443, 111
Trd, 4319925.293, 139
Trd, 4319926.093, 137
Trd, 4319926.593, 138
Trd, 4319927.443, 138
Trd, 4319927.493, 136
Trd, 4319927.593, 109
Trd, 4319928.043, 90
Trd, 4319928.993, 68
Trd, 4319930.693, 80
Trd, 4319931.893, 78
Trd, 4319932.943, 106
Trd, 4319933.543, 102
Trd, 4319933.993, 101
Trd, 4319934.093, 72
Trd, 4319935.343, 102
Trd, 4319935.643, 139
Trd, 4319936.643, 124
Trd, 4319938.943, 113
Trd, 4319939.543, 127
Trd, 4319939.793, 112
Trd, 4319940.943, 140
Trd, 4319941.543, 138
Trd, 4319941.593, 137
Trd, 4319942.143, 85
Trd, 4319944.493, 102
Trd, 4319945.593, 116
Trd, 4319945.693, 101
Trd, 4319945.743, 99
Trd, 4319945.893, 92
Trd, 4319946.093, 94
Trd, 4319947.793, 129
Trd, 4319947.993, 98
Trd, 4319948.043, 97
Trd, 4319949.293, 93
Trd, 4319950.643, 109
Trd, 4319951.093, 137
Trd, 4319951.743, 60
Trd, 4319952.743, 111
Trd, 4319953.093, 73
Trd, 4319953.993, 105
Trd, 4319954.743, 89
Trd, 4319956.093, 140
Trd, 4319956.643, 140
Trd, 4319957.493, 138
Trd, 4319957.793, 137
Trd, 4319958.593, 133
Trd, 4319959.343, 106
Trd, 4319960.393, 127
Trd, 4319961.143, 124
Trd, 4319962.693, 126
Trd, 4319962.893, 125
Trd, 4319963.093, 124
Trd, 4319963.343, 114
Trd, 4319964.243, 139
Trd, 4319964.943, 121
Trd, 4319966.093, 119
Trd, 4319967.043, 111
Trd, 4319967.293, 73
Trd, 4319967.743, 77
Trd, 4319968.343, 86
Trd, 4319969.243, 70
Trd, 4319971.243, 93
Trd, 4319971.843, 93
Trd, 4319973.443, 106
Trd, 4319973.493, 88
Trd, 4319973.793, 66
Trd, 4319974.543, 110
Trd, 4319975.393, 108
Trd, 4319975.893, 127
Trd, 4319976.493, 140
Trd, 4319977.543, 68
Trd, 4319977.943, 140
Trd, 4319979.593, 137
Trd, 4319979.743, 102
Trd, 4319979.993, 116
Trd, 4319980.243, 73
Trd, 4319980.893, 87
Trd, 4319981.193, 130
Trd, 4319981.843, 60
Trd, 4319984.093, 70
Trd, 4319985.543, 96
Trd, 4319986.143, 138
Trd, 4319986.293, 138
Trd, 4319986.893, 136
Trd, 4319987.243, 134
Trd, 4319988.993, 100
Trd, 4319989.143, 99
Trd, 4319989.643, 84
Trd, 4319989.993, 98
Trd, 4319991.493, 140
Trd, 4319993.193, 140
Trd, 4319993.443, 103
Trd, 4319994.293, 101
Trd, 4319994.793, 85
Trd, 4319995.343, 85
Trd, 4319997.093, 139
Trd, 4319997.743, 140
Trd, 4319997.893, 140
Trd, 4319998.643, 135
Trd, 4319999.593, 90
