Trd, 4318046.243, 140
Trd, 4318047.293, 140
Trd, 4318047.443, 140
Trd, 4318047.643, 140
Trd, 4318048.043, 140
Trd, 4318049.043, 140
Trd, 4318049.193, 140
Trd, 4318050.993, 140
Trd, 4318051.093, 140
Trd, 4318051.993, 140
Trd, 4318054.293, 140
Trd, 4318054.943, 140
Trd, 4318057.593, 140
Trd, 4318059.993, 140
Trd, 4318060.793, 140
Trd, 4318060.893, 140
Trd, 4318061.893, 140
Trd, 4318061.993, 140
Trd, 4318063.043, 140
Trd, 4318065.043, 140
Trd, 4318065.493, 140
Trd, 4318065.543, 139
Trd, 4318066.043, 139
Trd, 4318066.343, 139
Trd, 4318066.443, 140
Trd, 4318067.993, 140
Trd, 4318068.743, 140
Trd, 4318069.343, 139
Trd, 4318069.843, 139
Trd, 4318070.093, 138
Trd, 4318071.943, 140
Trd, 4318072.243, 140
Trd, 4318074.243, 140
Trd, 4318076.443, 140
Trd, 4318077.043, 140
Trd, 4318078.193, 140
Trd, 4318078.893, 140
Trd, 4318079.543, 140
Trd, 4318079.793, 140
Trd, 4318080.493, 140
Trd, 4318080.843, 140
Trd, 4318081.143, 140
Trd, 4318081.843, 140
Trd, 4318082.693, 140
Trd, 4318082.893, 139
Trd, 4318083.443, 140
Trd, 4318084.143, 139
Trd, 4318084.293, 140
Trd, 4318085.043, 140
Trd, 4318086.343, 139
Trd, 4318086.693, 140
Trd, 4318087.993, 140
Trd, 4318088.443, 139
Trd, 4318089.743, 140
Trd, 4318091.193, 140
Trd, 4318091.243, 140
Trd, 4318091.393, 140
Trd, 4318091.443, 140
Trd, 4318092.743, 140
Trd, 4318093.443, 140
Trd, 4318094.343, 140
Trd, 4318095.343, 140
Trd, 4318095.643, 140
Trd, 4318096.843, 140
Trd, 4318098.393, 140
Trd, 4318098.793, 140
Trd, 4318101.443, 140
Trd, 4318102.493, 140
Trd, 4318102.693, 140
Trd, 4318103.493, 140
Trd, 4318104.743, 140
Trd, 4318105.193, 140
Trd, 4318105.493, 140
Trd, 4318105.593, 140
Trd, 4318107.043, 140
Trd, 4318107.193, 140
Trd, 4318107.243, 140
Trd, 4318108.293, 140
Trd, 4318109.343, 140
Trd, 4318113.343, 140
Trd, 4318113.493, 140
Trd, 4318115.643, 140
Trd, 4318116.143, 140
Trd, 4318116.193, 140
Trd, 4318116.393, 140
Trd, 4318116.493, 140
Trd, 4318116.893, 140
Trd, 4318117.743, 138
Trd, 4318117.793, 137
Trd, 4318119.993, 140
Trd, 4318120.093, 140
Trd, 4318121.393, 140
Trd, 4318121.593, 140
Trd, 4318125.043, 140
Trd, 4318125.343, 140
Trd, 4318125.493, 140
Trd, 4318126.643, 140
Trd, 4318126.793, 140
Trd, 4318128.643, 140
Trd, 4318129.293, 140
Trd, 4318130.193, 140
Trd, 4318130.793, 140
Trd, 4318131.593, 140
Trd, 4318131.943, 140
Trd, 4318132.843, 140
Trd, 4318133.143, 140
Trd, 4318133.443, 140
Trd, 4318137.043, 140
Trd, 4318137.743, 140
Trd, 4318139.093, 140
Trd, 4318140.093, 140
Trd, 4318140.593, 139
Trd, 4318140.693, 138
Trd, 4318143.843, 140
Trd, 4318144.043, 140
Trd, 4318144.343, 140
Trd, 4318144.593, 140
Trd, 4318144.693, 140
Trd, 4318147.543, 140
Trd, 4318148.243, 140
Trd, 4318148.743, 140
Trd, 4318149.493, 140
Trd, 4318149.693, 140
Trd, 4318151.043, 140
Trd, 4318151.493, 140
Trd, 4318151.593, 140
Trd, 4318152.493, 140
Trd, 4318153.043, 140
Trd, 4318153.193, 140
Trd, 4318154.093, 140
Trd, 4318154.543, 140
Trd, 4318154.843, 140
Trd, 4318155.443, 140
Trd, 4318155.693, 138
Trd, 4318155.893, 136
Trd, 4318159.093, 140
Trd, 4318159.793, 140
Trd, 4318160.093, 140
Trd, 4318160.493, 140
Trd, 4318160.643, 140
Trd, 4318161.293, 140
Trd, 4318161.843, 140
Trd, 4318162.193, 140
Trd, 4318162.393, 140
Trd, 4318163.643, 140
Trd, 4318164.893, 140
Trd, 4318166.543, 140
Trd, 4318167.993, 140
Trd, 4318168.143, 140
Trd, 4318169.443, 140
Trd, 4318171.643, 140
Trd, 4318172.093, 140
Trd, 4318174.343, 140
Trd, 4318175.843, 140
Trd, 4318175.993, 140
Trd, 4318176.343, 140
Trd, 4318179.243, 140
Trd, 4318180.143, 140
Trd, 4318181.543, 140
Trd, 4318181.893, 140
Trd, 4318182.243, 140
Trd, 4318182.443, 140
Trd, 4318182.543, 140
Trd, 4318183.193, 140
Trd, 4318183.543, 140
Trd, 4318185.443, 140
Trd, 4318186.393, 140
Trd, 4318187.743, 140
Trd, 4318187.843, 140
Trd, 4318188.593, 140
Trd, 4318188.643, 140
Trd, 4318188.743, 140
Trd, 4318189.893, 140
Trd, 4318190.393, 140
Trd, 4318192.943, 140
Trd, 4318193.443, 140
Trd, 4318195.043, 140
Trd, 4318196.393, 140
Trd, 4318196.493, 140
Trd, 4318197.193, 140
Trd, 4318197.793, 140
Trd, 4318198.493, 140
Trd, 4318199.343, 140
Trd, 4318201.143, 140
Trd, 4318203.643, 140
Trd, 4318205.193, 140
Trd, 4318205.243, 140
Trd, 4318205.293, 140
Trd, 4318205.443, 140
Trd, 4318205.593, 140
Trd, 4318205.793, 140
Trd, 4318206.643, 139
Trd, 4318209.093, 140
Trd, 4318211.043, 140
Trd, 4318211.693, 140
Trd, 4318215.043, 140
Trd, 4318215.793, 140
Trd, 4318216.143, 140
Trd, 4318216.243, 140
Trd, 4318216.843, 140
Trd, 4318216.993, 140
Trd, 4318217.743, 140
Trd, 4318218.243, 140
Trd, 4318218.493, 140
Trd, 4318218.993, 140
Trd, 4318221.393, 140
Trd, 4318221.493, 140
Trd, 4318222.093, 140
Trd, 4318222.893, 140
Trd, 4318223.043, 140
Trd, 4318223.243, 139
Trd, 4318224.893, 140
Trd, 4318225.493, 140
Trd, 4318226.693, 140
Trd, 4318226.793, 140
Trd, 4318227.543, 140
Trd, 4318227.793, 140
Trd, 4318228.543, 140
Trd, 4318229.143, 140
Trd, 4318229.943, 140
Trd, 4318230.293, 140
Trd, 4318231.093, 140
Trd, 4318233.693, 140
Trd, 4318235.843, 140
Trd, 4318236.093, 140
Trd, 4318236.293, 140
Trd, 4318236.593, 140
Trd, 4318236.893, 140
Trd, 4318236.943, 140
Trd, 4318237.493, 140
Trd, 4318239.193, 140
Trd, 4318239.443, 140
Trd, 4318239.643, 140
Trd, 4318240.593, 140
Trd, 4318240.743, 140
Trd, 4318240.793, 140
Trd, 4318240.893, 140
Trd, 4318241.393, 137
Trd, 4318242.193, 140
Trd, 4318242.293, 91
Trd, 4318242.443, 140
Trd, 4318244.393, 140
Trd, 4318244.893, 139
Trd, 4318246.243, 140
Trd, 4318246.343, 140
Trd, 4318246.543, 138
Trd, 4318248.893, 140
Trd, 4318250.743, 140
Trd, 4318251.443, 140
Trd, 4318252.393, 140
Trd, 4318253.543, 140
Trd, 4318253.593, 140
Trd, 4318253.743, 140
Trd, 4318254.793, 140
Trd, 4318255.443, 140
Trd, 4318255.643, 140
Trd, 4318256.643, 140
Trd, 4318257.393, 140
Trd, 4318257.443, 139
Trd, 4318258.143, 140
Trd, 4318258.693, 140
Trd, 4318259.043, 140
Trd, 4318262.793, 140
Trd, 4318263.943, 140
Trd, 4318264.443, 140
Trd, 4318264.993, 140
Trd, 4318265.543, 140
Trd, 4318268.393, 140
Trd, 4318268.493, 140
Trd, 4318268.693, 140
Trd, 4318269.443, 140
Trd, 4318270.293, 140
Trd, 4318270.493, 140
Trd, 4318270.943, 140
Trd, 4318271.143, 139
Trd, 4318271.443, 139
Trd, 4318271.693, 140
Trd, 4318273.343, 140
Trd, 4318273.793, 140
Trd, 4318274.693, 140
Trd, 4318274.793, 139
Trd, 4318275.043, 140
Trd, 4318275.143, 140
Trd, 4318275.993, 140
Trd, 4318278.793, 140
Trd, 4318280.543, 140
Trd, 4318281.343, 140
Trd, 4318282.093, 140
Trd, 4318282.293, 140
Trd, 4318283.343, 140
Trd, 4318283.543, 140
Trd, 4318283.943, 140
Trd, 4318284.143, 140
Trd, 4318284.193, 140
Trd, 4318286.143, 140
Trd, 4318286.743, 140
Trd, 4318286.943, 140
Trd, 4318287.193, 140
Trd, 4318287.993, 140
Trd, 4318288.493, 139
Trd, 4318289.043, 139
Trd, 4318290.193, 140
Trd, 4318290.293, 138
Trd, 4318290.843, 138
Trd, 4318291.043, 136
Trd, 4318291.243, 137
Trd, 4318291.343, 140
Trd, 4318291.793, 97
Trd, 4318292.493, 68
Trd, 4318293.293, 69
Trd, 4318293.443, 70
Trd, 4318294.643, 65
Trd, 4318295.643, 140
Trd, 4318296.693, 140
Trd, 4318297.043, 140
Trd, 4318297.343, 140
Trd, 4318297.843, 138
Trd, 4318299.743, 140
Trd, 4318300.943, 140
Trd, 4318302.343, 140
Trd, 4318303.443, 140
Trd, 4318304.793, 140
Trd, 4318305.093, 140
Trd, 4318305.143, 140
Trd, 4318305.543, 140
Trd, 4318305.993, 140
Trd, 4318306.493, 140
Trd, 4318306.843, 140
Trd, 4318307.243, 140
Trd, 4318307.693, 139
Trd, 4318309.093, 140
Trd, 4318310.993, 140
Trd, 4318312.393, 140
Trd, 4318312.893, 140
Trd, 4318312.943, 140
Trd, 4318313.293, 140
Trd, 4318314.043, 140
Trd, 4318314.293, 140
Trd, 4318314.693, 140
Trd, 4318315.093, 138
Trd, 4318315.393, 139
Trd, 4318316.343, 63
Trd, 4318316.743, 67
Trd, 4318316.793, 68
Trd, 4318318.493, 83
Trd, 4318318.593, 66
Trd, 4318318.893, 106
Trd, 4318320.143, 140
Trd, 4318320.493, 140
Trd, 4318323.843, 140
Trd, 4318324.893, 140
Trd, 4318325.493, 140
Trd, 4318325.643, 140
Trd, 4318326.193, 140
Trd, 4318326.243, 140
Trd, 4318328.743, 140
Trd, 4318329.293, 140
Trd, 4318329.943, 140
Trd, 4318331.443, 140
Trd, 4318331.943, 140
Trd, 4318334.643, 140
Trd, 4318336.793, 140
Trd, 4318337.243, 140
Trd, 4318339.543, 140
Trd, 4318340.243, 140
Trd, 4318340.843, 140
Trd, 4318341.243, 140
Trd, 4318343.443, 140
Trd, 4318343.493, 140
Trd, 4318343.543, 140
Trd, 4318343.943, 140
Trd, 4318344.243, 140
Trd, 4318345.543, 140
Trd, 4318347.443, 140
Trd, 4318347.493, 140
Trd, 4318350.093, 140
Trd, 4318350.493, 140
Trd, 4318352.543, 140
Trd, 4318352.593, 140
Trd, 4318352.693, 140
Trd, 4318355.143, 140
Trd, 4318356.843, 140
Trd, 4318357.043, 140
Trd, 4318357.193, 140
Trd, 4318358.243, 140
Trd, 4318358.993, 140
Trd, 4318360.943, 140
Trd, 4318362.593, 140
Trd, 4318363.643, 140
Trd, 4318363.743, 140
Trd, 4318364.193, 140
Trd, 4318366.893, 140
Trd, 4318366.943, 140
Trd, 4318366.993, 140
Trd, 4318367.093, 140
Trd, 4318367.243, 139
Trd, 4318368.543, 140
Trd, 4318370.793, 140
Trd, 4318372.143, 140
Trd, 4318372.243, 140
Trd, 4318373.693, 140
Trd, 4318374.043, 140
Trd, 4318374.293, 140
Trd, 4318374.843, 140
Trd, 4318376.243, 140
Trd, 4318376.693, 140
Trd, 4318377.143, 140
Trd, 4318377.643, 140
Trd, 4318377.943, 140
Trd, 4318378.693, 140
Trd, 4318379.193, 139
Trd, 4318379.693, 139
Trd, 4318379.993, 137
Trd, 4318380.193, 138
Trd, 4318383.843, 140
Trd, 4318385.093, 140
Trd, 4318385.543, 140
Trd, 4318385.643, 140
Trd, 4318386.443, 140
Trd, 4318387.693, 140
Trd, 4318388.493, 140
Trd, 4318388.543, 140
Trd, 4318388.693, 140
Trd, 4318389.243, 140
Trd, 4318391.193, 140
Trd, 4318391.243, 140
Trd, 4318391.843, 138
Trd, 4318392.193, 140
Trd, 4318392.293, 60
Trd, 4318392.543, 140
Trd, 4318393.143, 140
Trd, 4318395.343, 140
Trd, 4318395.493, 140
Trd, 4318396.793, 140
Trd, 4318398.343, 140
Trd, 4318398.443, 140
Trd, 4318398.593, 140
Trd, 4318398.743, 139
Trd, 4318400.643, 140
Trd, 4318401.793, 140
Trd, 4318402.343, 140
Trd, 4318403.993, 140
Trd, 4318405.093, 140
Trd, 4318406.643, 140
Trd, 4318407.043, 140
Trd, 4318408.293, 140
Trd, 4318409.443, 140
Trd, 4318409.643, 140
Trd, 4318410.593, 140
Trd, 4318411.543, 140
Trd, 4318411.843, 140
Trd, 4318411.943, 140
Trd, 4318412.093, 140
Trd, 4318413.093, 140
Trd, 4318414.543, 140
Trd, 4318416.993, 140
Trd, 4318417.293, 140
Trd, 4318417.743, 140
Trd, 4318417.893, 140
Trd, 4318419.843, 140
Trd, 4318422.443, 140
Trd, 4318422.743, 140
Trd, 4318423.793, 140
Trd, 4318424.493, 140
Trd, 4318424.693, 140
Trd, 4318425.143, 140
Trd, 4318425.393, 140
Trd, 4318425.643, 140
Trd, 4318427.243, 140
Trd, 4318427.593, 140
Trd, 4318427.843, 140
Trd, 4318431.443, 140
Trd, 4318431.543, 140
Trd, 4318431.843, 140
Trd, 4318431.943, 140
Trd, 4318433.093, 140
Trd, 4318433.243, 140
Trd, 4318433.393, 139
Trd, 4318433.543, 140
Trd, 4318434.543, 140
Trd, 4318434.693, 140
Trd, 4318435.693, 138
Trd, 4318438.093, 140
Trd, 4318438.943, 140
Trd, 4318439.343, 140
Trd, 4318440.243, 140
Trd, 4318440.743, 140
Trd, 4318440.943, 140
Trd, 4318441.843, 140
Trd, 4318445.043, 140
Trd, 4318446.993, 140
Trd, 4318447.893, 140
Trd, 4318448.793, 140
Trd, 4318449.493, 140
Trd, 4318451.643, 140
Trd, 4318451.893, 140
Trd, 4318452.343, 140
Trd, 4318452.743, 140
Trd, 4318452.893, 140
Trd, 4318453.043, 139
Trd, 4318453.093, 139
Trd, 4318453.893, 140
Trd, 4318454.043, 139
Trd, 4318456.743, 140
Trd, 4318460.143, 140
Trd, 4318460.693, 140
Trd, 4318462.043, 140
Trd, 4318463.693, 140
Trd, 4318463.993, 140
Trd, 4318464.693, 140
Trd, 4318465.593, 140
Trd, 4318467.293, 140
Trd, 4318468.993, 140
Trd, 4318469.393, 140
Trd, 4318470.293, 140
Trd, 4318470.643, 140
Trd, 4318470.843, 140
Trd, 4318470.993, 140
Trd, 4318472.743, 140
Trd, 4318472.943, 140
Trd, 4318473.093, 139
Trd, 4318474.193, 140
Trd, 4318475.793, 140
Trd, 4318478.193, 140
Trd, 4318479.493, 140
Trd, 4318480.793, 140
Trd, 4318480.893, 140
Trd, 4318481.693, 140
Trd, 4318482.293, 140
Trd, 4318485.043, 140
Trd, 4318485.193, 140
Trd, 4318485.243, 140
Trd, 4318485.943, 140
Trd, 4318486.143, 140
Trd, 4318487.293, 140
Trd, 4318489.143, 140
Trd, 4318489.693, 140
Trd, 4318490.743, 140
Trd, 4318491.043, 140
Trd, 4318491.343, 140
Trd, 4318491.843, 140
Trd, 4318492.243, 140
Trd, 4318494.593, 140
Trd, 4318494.793, 140
Trd, 4318496.593, 140
Trd, 4318496.793, 140
Trd, 4318500.593, 140
Trd, 4318500.643, 140
Trd, 4318500.993, 140
Trd, 4318501.043, 140
Trd, 4318501.193, 140
Trd, 4318502.093, 140
Trd, 4318502.643, 140
Trd, 4318503.743, 140
Trd, 4318503.793, 140
Trd, 4318504.543, 140
Trd, 4318505.043, 140
Trd, 4318505.243, 139
Trd, 4318506.293, 140
Trd, 4318507.743, 140
Trd, 4318509.143, 140
Trd, 4318510.343, 140
Trd, 4318510.393, 140
Trd, 4318511.493, 140
Trd, 4318512.543, 140
Trd, 4318515.393, 140
Trd, 4318515.743, 140
Trd, 4318516.193, 140
Trd, 4318516.493, 140
Trd, 4318516.643, 140
Trd, 4318516.693, 140
Trd, 4318517.493, 139
Trd, 4318517.843, 138
Trd, 4318518.193, 140
Trd, 4318518.243, 138
Trd, 4318519.143, 139
Trd, 4318521.543, 140
Trd, 4318523.393, 140
Trd, 4318525.293, 140
Trd, 4318525.993, 140
Trd, 4318526.943, 140
Trd, 4318527.893, 140
Trd, 4318529.093, 140
Trd, 4318529.443, 140
Trd, 4318530.393, 140
Trd, 4318530.793, 140
Trd, 4318531.393, 140
Trd, 4318532.193, 140
Trd, 4318532.443, 140
Trd, 4318532.543, 140
Trd, 4318533.743, 140
Trd, 4318533.993, 140
Trd, 4318536.443, 140
Trd, 4318538.093, 140
Trd, 4318539.643, 140
Trd, 4318539.693, 140
Trd, 4318540.343, 140
Trd, 4318542.343, 140
Trd, 4318542.793, 140
Trd, 4318542.843, 140
Trd, 4318544.193, 140
Trd, 4318545.393, 140
Trd, 4318547.343, 140
Trd, 4318548.443, 140
Trd, 4318548.493, 140
Trd, 4318548.943, 140
Trd, 4318549.143, 140
Trd, 4318549.393, 140
Trd, 4318549.943, 139
Trd, 4318551.993, 140
Trd, 4318552.093, 140
Trd, 4318553.793, 140
Trd, 4318554.693, 140
Trd, 4318556.343, 140
Trd, 4318557.693, 140
Trd, 4318558.043, 140
Trd, 4318558.093, 140
Trd, 4318559.693, 140
Trd, 4318559.943, 140
Trd, 4318559.993, 140
Trd, 4318560.243, 139
Trd, 4318562.193, 140
Trd, 4318562.793, 140
Trd, 4318562.843, 139
Trd, 4318564.843, 140
Trd, 4318567.393, 140
Trd, 4318568.743, 140
Trd, 4318569.093, 140
Trd, 4318569.893, 140
Trd, 4318570.843, 140
Trd, 4318574.293, 140
Trd, 4318574.743, 140
Trd, 4318575.243, 140
Trd, 4318575.293, 140
Trd, 4318576.143, 140
Trd, 4318577.743, 140
Trd, 4318578.493, 140
Trd, 4318579.993, 140
Trd, 4318580.693, 140
Trd, 4318581.593, 140
Trd, 4318582.293, 140
Trd, 4318582.893, 140
Trd, 4318583.643, 140
Trd, 4318584.793, 140
Trd, 4318586.093, 140
Trd, 4318586.243, 140
Trd, 4318586.293, 140
Trd, 4318586.943, 140
Trd, 4318587.193, 140
Trd, 4318587.593, 140
Trd, 4318588.043, 140
Trd, 4318590.493, 140
Trd, 4318590.593, 140
Trd, 4318590.843, 140
Trd, 4318590.993, 140
Trd, 4318591.743, 140
Trd, 4318592.843, 140
Trd, 4318593.243, 140
Trd, 4318593.543, 140
Trd, 4318593.943, 140
Trd, 4318595.193, 140
Trd, 4318596.943, 140
Trd, 4318597.043, 140
Trd, 4318597.093, 140
Trd, 4318597.143, 138
Trd, 4318597.393, 140
Trd, 4318601.193, 140
Trd, 4318602.993, 140
Trd, 4318603.243, 140
Trd, 4318603.643, 140
Trd, 4318604.143, 140
Trd, 4318604.243, 140
Trd, 4318604.993, 140
Trd, 4318605.893, 140
Trd, 4318607.543, 140
Trd, 4318608.093, 140
Trd, 4318608.193, 140
Trd, 4318610.693, 140
Trd, 4318611.543, 140
Trd, 4318613.293, 140
Trd, 4318613.343, 140
Trd, 4318613.543, 140
Trd, 4318614.393, 140
Trd, 4318614.493, 140
Trd, 4318614.643, 140
Trd, 4318614.993, 139
Trd, 4318616.693, 140
Trd, 4318617.593, 140
Trd, 4318617.843, 140
Trd, 4318619.643, 140
Trd, 4318620.093, 140
Trd, 4318622.093, 140
Trd, 4318623.143, 140
Trd, 4318624.093, 140
Trd, 4318624.143, 140
Trd, 4318624.643, 140
Trd, 4318626.343, 140
Trd, 4318627.143, 140
Trd, 4318627.193, 140
Trd, 4318627.643, 139
Trd, 4318628.693, 139
Trd, 4318628.893, 138
Trd, 4318629.493, 140
Trd, 4318629.943, 140
Trd, 4318631.493, 139
Trd, 4318631.643, 140
Trd, 4318631.843, 140
Trd, 4318633.443, 140
Trd, 4318633.943, 140
Trd, 4318634.143, 140
Trd, 4318634.543, 140
Trd, 4318635.593, 140
Trd, 4318635.993, 140
Trd, 4318637.793, 140
Trd, 4318640.393, 140
Trd, 4318641.093, 140
Trd, 4318642.143, 140
Trd, 4318644.043, 140
Trd, 4318644.493, 140
Trd, 4318644.943, 140
Trd, 4318647.893, 140
Trd, 4318648.993, 140
Trd, 4318649.043, 140
Trd, 4318649.093, 140
Trd, 4318649.143, 139
Trd, 4318649.293, 139
Trd, 4318649.543, 140
Trd, 4318649.643, 138
Trd, 4318650.493, 139
Trd, 4318653.393, 140
Trd, 4318653.493, 140
Trd, 4318654.393, 140
Trd, 4318656.593, 140
Trd, 4318656.693, 140
Trd, 4318657.593, 140
Trd, 4318659.293, 140
Trd, 4318659.343, 140
Trd, 4318659.943, 140
Trd, 4318660.393, 140
Trd, 4318661.093, 140
Trd, 4318662.093, 140
Trd, 4318662.343, 140
Trd, 4318665.243, 140
Trd, 4318665.593, 140
Trd, 4318666.093, 140
Trd, 4318666.143, 140
Trd, 4318666.843, 140
Trd, 4318667.393, 140
Trd, 4318667.893, 140
Trd, 4318670.543, 140
Trd, 4318671.493, 140
Trd, 4318672.943, 140
Trd, 4318673.443, 140
Trd, 4318673.643, 139
Trd, 4318674.093, 140
Trd, 4318674.643, 140
Trd, 4318674.893, 140
Trd, 4318675.443, 140
Trd, 4318675.743, 140
Trd, 4318676.043, 140
Trd, 4318676.943, 139
Trd, 4318677.893, 140
Trd, 4318678.193, 137
Trd, 4318679.693, 140
Trd, 4318680.893, 140
Trd, 4318681.543, 140
Trd, 4318682.043, 140
Trd, 4318682.343, 140
Trd, 4318682.693, 140
Trd, 4318683.893, 140
Trd, 4318684.793, 140
Trd, 4318685.243, 140
Trd, 4318687.143, 140
Trd, 4318688.143, 140
Trd, 4318688.793, 140
Trd, 4318689.843, 140
Trd, 4318690.243, 140
Trd, 4318690.593, 140
Trd, 4318690.993, 140
Trd, 4318691.443, 140
Trd, 4318691.543, 140
Trd, 4318692.043, 140
Trd, 4318695.143, 140
Trd, 4318695.493, 140
Trd, 4318696.343, 140
Trd, 4318696.843, 140
Trd, 4318697.893, 140
Trd, 4318699.393, 140
Trd, 4318700.293, 140
Trd, 4318703.543, 140
Trd, 4318703.893, 140
Trd, 4318703.993, 140
Trd, 4318704.193, 140
Trd, 4318704.843, 140
Trd, 4318704.943, 140
Trd, 4318705.393, 140
Trd, 4318705.793, 139
Trd, 4318707.143, 140
Trd, 4318707.893, 140
Trd, 4318708.193, 139
Trd, 4318709.793, 140
Trd, 4318710.393, 140
Trd, 4318711.543, 140
Trd, 4318713.793, 140
Trd, 4318715.443, 140
Trd, 4318715.593, 140
Trd, 4318715.643, 140
Trd, 4318716.093, 140
Trd, 4318716.493, 140
Trd, 4318717.043, 139
Trd, 4318717.843, 139
Trd, 4318717.893, 140
Trd, 4318718.643, 140
Trd, 4318720.143, 140
Trd, 4318720.743, 140
Trd, 4318721.943, 140
Trd, 4318721.993, 140
Trd, 4318723.443, 140
Trd, 4318724.143, 140
Trd, 4318725.843, 140
Trd, 4318727.943, 140
Trd, 4318728.793, 140
Trd, 4318728.993, 140
Trd, 4318731.043, 140
Trd, 4318731.693, 140
Trd, 4318732.343, 140
Trd, 4318732.393, 140
Trd, 4318732.493, 140
Trd, 4318732.593, 140
Trd, 4318733.043, 140
Trd, 4318733.343, 69
Trd, 4318733.693, 140
Trd, 4318735.193, 140
Trd, 4318737.543, 140
Trd, 4318738.043, 140
Trd, 4318738.543, 140
Trd, 4318740.743, 140
Trd, 4318740.793, 140
Trd, 4318741.893, 140
Trd, 4318741.993, 140
Trd, 4318742.843, 140
Trd, 4318743.443, 140
Trd, 4318743.843, 140
Trd, 4318744.043, 139
Trd, 4318744.243, 140
Trd, 4318745.043, 140
Trd, 4318746.343, 140
Trd, 4318746.643, 140
Trd, 4318748.493, 140
Trd, 4318749.793, 140
Trd, 4318751.943, 140
Trd, 4318752.743, 140
Trd, 4318753.293, 140
Trd, 4318754.543, 140
Trd, 4318754.843, 140
Trd, 4318755.493, 140
Trd, 4318755.993, 139
Trd, 4318756.893, 140
Trd, 4318759.693, 140
Trd, 4318762.243, 140
Trd, 4318762.393, 140
Trd, 4318763.093, 140
Trd, 4318763.643, 140
Trd, 4318764.443, 140
Trd, 4318764.943, 140
Trd, 4318765.143, 140
Trd, 4318765.193, 140
Trd, 4318766.093, 140
Trd, 4318766.543, 140
Trd, 4318767.393, 140
Trd, 4318767.643, 140
Trd, 4318769.693, 140
Trd, 4318770.293, 140
Trd, 4318771.043, 140
Trd, 4318772.093, 140
Trd, 4318772.643, 140
Trd, 4318772.743, 140
Trd, 4318773.843, 140
Trd, 4318774.143, 140
Trd, 4318774.943, 140
Trd, 4318779.043, 140
Trd, 4318779.593, 140
Trd, 4318780.343, 140
Trd, 4318780.693, 140
Trd, 4318780.893, 140
Trd, 4318781.093, 140
Trd, 4318781.643, 140
Trd, 4318782.743, 139
Trd, 4318782.943, 139
Trd, 4318783.043, 140
Trd, 4318783.743, 140
Trd, 4318784.093, 139
Trd, 4318784.143, 138
Trd, 4318785.893, 140
Trd, 4318786.943, 140
Trd, 4318787.193, 140
Trd, 4318788.143, 140
Trd, 4318789.993, 140
Trd, 4318790.443, 140
Trd, 4318790.543, 140
Trd, 4318793.243, 140
Trd, 4318795.393, 140
Trd, 4318795.793, 140
Trd, 4318795.843, 140
Trd, 4318798.043, 140
Trd, 4318798.393, 140
Trd, 4318799.693, 140
Trd, 4318800.693, 140
Trd, 4318801.993, 140
Trd, 4318803.293, 140
Trd, 4318803.643, 140
Trd, 4318804.143, 140
Trd, 4318804.743, 140
Trd, 4318806.943, 140
Trd, 4318806.993, 140
Trd, 4318807.443, 140
Trd, 4318807.693, 140
Trd, 4318808.343, 140
Trd, 4318808.493, 140
Trd, 4318808.643, 140
Trd, 4318809.693, 140
Trd, 4318811.493, 140
Trd, 4318814.393, 140
Trd, 4318815.293, 140
Trd, 4318815.693, 140
Trd, 4318815.793, 140
Trd, 4318816.293, 139
Trd, 4318816.493, 139
Trd, 4318816.743, 140
Trd, 4318817.143, 140
Trd, 4318817.593, 140
Trd, 4318820.593, 140
Trd, 4318820.743, 140
Trd, 4318820.843, 140
Trd, 4318822.693, 140
Trd, 4318822.843, 140
Trd, 4318822.893, 140
Trd, 4318823.393, 140
Trd, 4318823.893, 140
Trd, 4318823.943, 140
Trd, 4318824.343, 140
Trd, 4318826.093, 139
Trd, 4318827.643, 140
Trd, 4318827.793, 139
Trd, 4318829.593, 140
Trd, 4318830.993, 140
Trd, 4318831.443, 140
Trd, 4318832.093, 140
Trd, 4318833.243, 140
Trd, 4318833.893, 140
Trd, 4318835.593, 140
Trd, 4318837.893, 140
Trd, 4318838.143, 140
Trd, 4318838.593, 140
Trd, 4318838.893, 140
Trd, 4318838.993, 140
Trd, 4318839.193, 140
Trd, 4318841.743, 140
Trd, 4318841.793, 140
Trd, 4318842.443, 140
Trd, 4318842.543, 140
Trd, 4318843.393, 140
Trd, 4318844.893, 140
Trd, 4318846.543, 140
Trd, 4318847.693, 140
Trd, 4318848.243, 140
Trd, 4318848.493, 140
Trd, 4318849.893, 140
Trd, 4318850.243, 140
Trd, 4318850.343, 140
Trd, 4318850.643, 140
Trd, 4318853.643, 140
Trd, 4318854.693, 140
Trd, 4318856.143, 139
Trd, 4318856.893, 140
Trd, 4318858.043, 140
Trd, 4318860.793, 140
Trd, 4318860.843, 140
Trd, 4318861.243, 140
Trd, 4318862.193, 140
Trd, 4318862.243, 140
Trd, 4318863.643, 140
Trd, 4318864.243, 140
Trd, 4318867.143, 140
Trd, 4318867.293, 140
Trd, 4318867.643, 140
Trd, 4318867.793, 140
Trd, 4318867.943, 139
Trd, 4318868.293, 140
Trd, 4318868.843, 139
Trd, 4318869.193, 140
Trd, 4318870.743, 140
Trd, 4318872.793, 140
Trd, 4318875.593, 140
Trd, 4318876.293, 140
Trd, 4318876.343, 140
Trd, 4318876.443, 140
Trd, 4318877.043, 140
Trd, 4318877.293, 139
Trd, 4318878.793, 140
Trd, 4318880.143, 140
Trd, 4318881.543, 140
Trd, 4318882.343, 140
Trd, 4318882.643, 140
Trd, 4318883.043, 140
Trd, 4318884.293, 140
Trd, 4318885.793, 140
Trd, 4318886.093, 140
Trd, 4318886.293, 140
Trd, 4318886.443, 140
Trd, 4318886.893, 140
Trd, 4318887.343, 140
Trd, 4318887.543, 140
Trd, 4318888.943, 140
Trd, 4318889.393, 140
Trd, 4318889.743, 139
Trd, 4318890.143, 140
Trd, 4318890.843, 60
Trd, 4318891.793, 63
Trd, 4318894.143, 140
Trd, 4318895.393, 140
Trd, 4318895.743, 140
Trd, 4318896.543, 140
Trd, 4318897.943, 140
Trd, 4318898.493, 140
Trd, 4318898.693, 140
Trd, 4318900.893, 140
Trd, 4318903.293, 140
Trd, 4318905.743, 140
Trd, 4318906.343, 140
Trd, 4318906.843, 140
Trd, 4318909.043, 140
Trd, 4318909.593, 140
Trd, 4318909.993, 140
Trd, 4318910.193, 140
Trd, 4318910.343, 140
Trd, 4318910.693, 140
Trd, 4318913.093, 140
Trd, 4318914.393, 140
Trd, 4318914.693, 140
Trd, 4318916.343, 140
Trd, 4318917.093, 140
Trd, 4318918.043, 140
Trd, 4318918.593, 140
Trd, 4318921.243, 140
Trd, 4318922.643, 140
Trd, 4318922.693, 140
Trd, 4318922.743, 140
Trd, 4318923.043, 139
Trd, 4318923.643, 140
Trd, 4318925.243, 140
Trd, 4318926.943, 140
Trd, 4318927.043, 139
Trd, 4318928.993, 140
Trd, 4318929.643, 140
Trd, 4318929.743, 140
Trd, 4318930.193, 140
Trd, 4318930.543, 140
Trd, 4318930.993, 140
Trd, 4318931.943, 140
Trd, 4318932.793, 140
Trd, 4318933.343, 140
Trd, 4318933.593, 140
Trd, 4318934.843, 140
Trd, 4318935.643, 140
Trd, 4318935.693, 140
Trd, 4318937.193, 140
Trd, 4318939.743, 140
Trd, 4318940.543, 140
Trd, 4318941.143, 140
Trd, 4318941.943, 139
Trd, 4318943.043, 140
Trd, 4318943.193, 140
Trd, 4318943.443, 140
Trd, 4318943.543, 138
Trd, 4318944.893, 140
Trd, 4318947.243, 140
Trd, 4318948.493, 140
Trd, 4318949.293, 140
Trd, 4318949.493, 140
Trd, 4318951.143, 140
Trd, 4318953.893, 140
Trd, 4318954.643, 140
Trd, 4318954.943, 140
Trd, 4318955.093, 140
Trd, 4318955.393, 140
Trd, 4318956.493, 140
Trd, 4318956.543, 140
Trd, 4318957.443, 135
Trd, 4318957.843, 134
Trd, 4318957.993, 63
Trd, 4318959.393, 140
Trd, 4318961.193, 140
Trd, 4318961.393, 140
Trd, 4318961.593, 140
Trd, 4318962.443, 140
Trd, 4318963.343, 140
Trd, 4318964.093, 140
Trd, 4318965.993, 140
Trd, 4318966.593, 140
Trd, 4318966.943, 140
Trd, 4318967.043, 140
Trd, 4318967.343, 140
Trd, 4318967.693, 140
Trd, 4318967.843, 140
Trd, 4318968.043, 140
Trd, 4318970.893, 140
Trd, 4318971.243, 140
Trd, 4318971.893, 140
Trd, 4318972.543, 140
Trd, 4318974.343, 140
Trd, 4318975.143, 140
Trd, 4318975.193, 140
Trd, 4318976.693, 140
Trd, 4318977.243, 140
Trd, 4318977.493, 140
Trd, 4318978.243, 140
Trd, 4318978.443, 140
Trd, 4318978.943, 140
Trd, 4318980.043, 140
Trd, 4318981.643, 140
Trd, 4318982.493, 140
Trd, 4318982.593, 140
Trd, 4318982.693, 140
Trd, 4318986.293, 140
Trd, 4318986.743, 140
Trd, 4318987.193, 140
Trd, 4318989.593, 140
Trd, 4318989.743, 140
Trd, 4318989.843, 140
Trd, 4318990.043, 140
Trd, 4318990.793, 140
Trd, 4318993.393, 140
Trd, 4318993.543, 140
Trd, 4318994.043, 140
Trd, 4318994.993, 140
Trd, 4318996.043, 140
Trd, 4318996.343, 140
Trd, 4318997.793, 140
Trd, 4318999.693, 140
Trd, 4319001.293, 140
Trd, 4319001.643, 140
Trd, 4319001.843, 140
Trd, 4319002.093, 140
Trd, 4319002.543, 139
Trd, 4319005.043, 140
Trd, 4319005.843, 140
Trd, 4319006.593, 140
Trd, 4319008.143, 140
Trd, 4319008.493, 140
Trd, 4319008.793, 140
Trd, 4319009.143, 140
Trd, 4319009.743, 140
Trd, 4319009.943, 140
Trd, 4319010.643, 140
Trd, 4319011.193, 140
Trd, 4319012.193, 140
Trd, 4319013.693, 140
Trd, 4319015.193, 140
Trd, 4319015.343, 139
Trd, 4319015.843, 140
Trd, 4319016.843, 140
Trd, 4319016.993, 140
Trd, 4319019.743, 140
Trd, 4319020.743, 140
Trd, 4319021.493, 140
Trd, 4319021.793, 140
Trd, 4319023.043, 140
Trd, 4319023.443, 140
Trd, 4319025.793, 140
Trd, 4319027.093, 140
Trd, 4319027.593, 140
Trd, 4319028.993, 140
Trd, 4319029.743, 140
Trd, 4319029.793, 140
Trd, 4319030.393, 140
Trd, 4319030.493, 140
Trd, 4319031.493, 140
Trd, 4319031.793, 140
Trd, 4319033.993, 140
Trd, 4319034.393, 140
Trd, 4319035.693, 140
Trd, 4319036.293, 140
Trd, 4319036.393, 140
Trd, 4319036.693, 140
Trd, 4319038.193, 140
Trd, 4319038.743, 140
Trd, 4319039.193, 140
Trd, 4319039.293, 139
Trd, 4319042.043, 140
Trd, 4319042.193, 140
Trd, 4319042.393, 140
Trd, 4319044.293, 140
Trd, 4319044.893, 140
Trd, 4319045.293, 140
Trd, 4319045.743, 140
Trd, 4319045.943, 140
Trd, 4319048.743, 140
Trd, 4319049.143, 140
Trd, 4319049.293, 140
Trd, 4319049.893, 140
Trd, 4319049.943, 140
Trd, 4319050.393, 140
Trd, 4319052.043, 140
Trd, 4319052.743, 140
Trd, 4319054.393, 140
Trd, 4319054.593, 140
Trd, 4319059.093, 140
Trd, 4319059.943, 140
Trd, 4319059.993, 140
Trd, 4319062.193, 140
Trd, 4319062.993, 140
Trd, 4319064.043, 140
Trd, 4319064.543, 140
Trd, 4319064.893, 140
Trd, 4319064.993, 140
Trd, 4319065.043, 140
Trd, 4319065.093, 139
Trd, 4319066.343, 140
Trd, 4319068.043, 140
Trd, 4319069.393, 140
Trd, 4319070.643, 140
Trd, 4319070.893, 140
Trd, 4319073.243, 140
Trd, 4319073.343, 140
Trd, 4319073.793, 140
Trd, 4319074.943, 140
Trd, 4319075.393, 140
Trd, 4319075.593, 140
Trd, 4319075.643, 139
Trd, 4319075.893, 137
Trd, 4319076.693, 140
Trd, 4319078.393, 140
Trd, 4319081.943, 140
Trd, 4319083.443, 140
Trd, 4319083.493, 140
Trd, 4319083.843, 140
Trd, 4319085.393, 140
Trd, 4319087.293, 140
Trd, 4319087.593, 140
Trd, 4319088.243, 140
Trd, 4319088.293, 140
Trd, 4319088.643, 140
Trd, 4319089.643, 140
Trd, 4319090.993, 140
Trd, 4319091.693, 140
Trd, 4319093.493, 140
Trd, 4319094.593, 140
Trd, 4319095.343, 140
Trd, 4319095.593, 140
Trd, 4319097.343, 140
Trd, 4319097.393, 140
Trd, 4319097.793, 140
Trd, 4319098.993, 140
Trd, 4319101.693, 140
Trd, 4319102.443, 140
Trd, 4319102.993, 140
Trd, 4319103.593, 140
Trd, 4319103.843, 140
Trd, 4319103.943, 140
Trd, 4319104.093, 139
Trd, 4319104.693, 140
Trd, 4319104.843, 136
Trd, 4319105.093, 81
Trd, 4319105.493, 140
Trd, 4319108.193, 140
Trd, 4319111.993, 140
Trd, 4319112.093, 140
Trd, 4319113.193, 140
Trd, 4319113.243, 140
Trd, 4319113.743, 140
Trd, 4319115.893, 140
Trd, 4319117.143, 140
Trd, 4319118.593, 140
Trd, 4319119.093, 140
Trd, 4319119.343, 140
Trd, 4319119.843, 140
Trd, 4319119.893, 140
Trd, 4319120.193, 139
Trd, 4319121.943, 140
Trd, 4319122.243, 140
Trd, 4319123.093, 140
Trd, 4319123.393, 140
Trd, 4319123.943, 140
Trd, 4319124.293, 140
Trd, 4319125.643, 140
Trd, 4319127.193, 140
Trd, 4319128.143, 140
Trd, 4319128.543, 140
Trd, 4319128.643, 140
Trd, 4319129.493, 139
Trd, 4319129.943, 139
Trd, 4319130.143, 140
Trd, 4319133.243, 140
Trd, 4319133.393, 140
Trd, 4319133.593, 140
Trd, 4319133.793, 140
Trd, 4319134.143, 140
Trd, 4319134.543, 140
Trd, 4319134.993, 140
Trd, 4319135.143, 140
Trd, 4319137.693, 140
Trd, 4319139.043, 140
Trd, 4319141.243, 140
Trd, 4319142.343, 140
Trd, 4319142.643, 140
Trd, 4319143.843, 140
Trd, 4319143.893, 140
Trd, 4319144.593, 140
Trd, 4319145.043, 140
Trd, 4319145.993, 140
Trd, 4319146.393, 140
Trd, 4319146.843, 140
Trd, 4319149.293, 140
Trd, 4319149.593, 140
Trd, 4319149.743, 140
Trd, 4319149.993, 140
Trd, 4319150.443, 140
Trd, 4319150.643, 140
Trd, 4319151.943, 140
Trd, 4319153.443, 140
Trd, 4319154.043, 140
Trd, 4319154.093, 140
Trd, 4319154.343, 138
Trd, 4319155.143, 139
Trd, 4319155.193, 138
Trd, 4319155.243, 140
Trd, 4319156.093, 139
Trd, 4319156.343, 140
Trd, 4319156.393, 139
Trd, 4319158.693, 140
Trd, 4319159.343, 140
Trd, 4319160.743, 140
Trd, 4319161.193, 140
Trd, 4319161.843, 140
Trd, 4319164.643, 140
Trd, 4319165.043, 140
Trd, 4319165.743, 140
Trd, 4319165.843, 140
Trd, 4319165.893, 139
Trd, 4319167.293, 140
Trd, 4319167.843, 140
Trd, 4319168.043, 140
Trd, 4319168.343, 140
Trd, 4319168.593, 139
Trd, 4319170.593, 140
Trd, 4319172.393, 140
Trd, 4319175.443, 140
Trd, 4319177.593, 140
Trd, 4319178.393, 140
Trd, 4319178.493, 140
Trd, 4319178.643, 140
Trd, 4319179.993, 140
Trd, 4319180.293, 140
Trd, 4319181.743, 140
Trd, 4319182.393, 140
Trd, 4319183.093, 140
Trd, 4319183.443, 140
Trd, 4319183.693, 140
Trd, 4319184.193, 140
Trd, 4319185.193, 140
Trd, 4319185.443, 140
Trd, 4319186.943, 140
Trd, 4319188.293, 140
Trd, 4319188.793, 140
Trd, 4319189.843, 140
Trd, 4319189.893, 140
Trd, 4319190.643, 140
Trd, 4319190.893, 140
Trd, 4319190.993, 139
Trd, 4319192.843, 140
Trd, 4319193.343, 140
Trd, 4319194.193, 140
Trd, 4319194.743, 140
Trd, 4319196.643, 140
Trd, 4319196.893, 140
Trd, 4319196.993, 140
Trd, 4319199.643, 140
Trd, 4319200.243, 140
Trd, 4319200.343, 140
Trd, 4319200.643, 140
Trd, 4319202.243, 140
Trd, 4319203.193, 140
Trd, 4319204.793, 140
Trd, 4319204.943, 140
Trd, 4319207.743, 140
Trd, 4319208.493, 140
Trd, 4319208.743, 140
Trd, 4319209.193, 140
Trd, 4319209.693, 140
Trd, 4319209.993, 140
Trd, 4319210.093, 140
Trd, 4319210.693, 140
Trd, 4319210.743, 140
Trd, 4319211.293, 140
Trd, 4319214.293, 140
Trd, 4319215.043, 140
Trd, 4319215.243, 140
Trd, 4319217.893, 140
Trd, 4319218.943, 140
Trd, 4319223.843, 140
Trd, 4319224.393, 140
Trd, 4319225.143, 140
Trd, 4319225.493, 140
Trd, 4319227.243, 140
Trd, 4319227.593, 140
Trd, 4319227.643, 140
Trd, 4319227.943, 140
Trd, 4319228.343, 140
Trd, 4319228.543, 140
Trd, 4319231.693, 140
Trd, 4319234.743, 140
Trd, 4319234.843, 140
Trd, 4319234.893, 140
Trd, 4319235.493, 140
Trd, 4319238.093, 140
Trd, 4319238.143, 140
Trd, 4319238.393, 140
Trd, 4319238.493, 140
Trd, 4319238.643, 140
Trd, 4319238.893, 140
Trd, 4319239.243, 140
Trd, 4319239.343, 139
Trd, 4319240.693, 138
Trd, 4319240.843, 140
Trd, 4319242.193, 140
Trd, 4319242.243, 140
Trd, 4319242.343, 139
Trd, 4319246.793, 140
Trd, 4319246.893, 140
Trd, 4319247.143, 140
Trd, 4319247.243, 140
Trd, 4319247.743, 140
Trd, 4319248.093, 140
Trd, 4319248.643, 140
Trd, 4319248.943, 140
Trd, 4319249.193, 140
Trd, 4319251.693, 140
Trd, 4319253.043, 140
Trd, 4319253.793, 140
Trd, 4319254.493, 140
Trd, 4319254.843, 140
Trd, 4319256.543, 140
Trd, 4319258.143, 140
Trd, 4319258.693, 140
Trd, 4319260.693, 140
Trd, 4319261.243, 140
Trd, 4319261.293, 140
Trd, 4319262.093, 140
Trd, 4319262.193, 140
Trd, 4319262.343, 140
Trd, 4319263.393, 140
Trd, 4319265.193, 140
Trd, 4319266.443, 140
Trd, 4319268.593, 140
Trd, 4319269.193, 140
Trd, 4319269.743, 140
Trd, 4319270.293, 140
Trd, 4319270.843, 140
Trd, 4319271.043, 140
Trd, 4319271.793, 140
Trd, 4319273.293, 140
Trd, 4319273.693, 140
Trd, 4319274.193, 140
Trd, 4319275.443, 140
Trd, 4319275.493, 140
Trd, 4319276.293, 140
Trd, 4319276.643, 140
Trd, 4319277.343, 140
Trd, 4319278.393, 140
Trd, 4319278.893, 140
Trd, 4319279.443, 140
Trd, 4319281.143, 140
Trd, 4319283.443, 140
Trd, 4319283.993, 140
Trd, 4319284.793, 140
Trd, 4319285.143, 140
Trd, 4319287.243, 140
Trd, 4319288.893, 140
Trd, 4319290.393, 140
Trd, 4319292.143, 140
Trd, 4319293.293, 140
Trd, 4319293.593, 140
Trd, 4319294.943, 140
Trd, 4319294.993, 140
Trd, 4319295.293, 140
Trd, 4319295.393, 140
Trd, 4319296.743, 140
Trd, 4319298.443, 140
Trd, 4319299.293, 140
Trd, 4319301.043, 140
Trd, 4319302.793, 140
Trd, 4319304.693, 140
Trd, 4319306.693, 140
Trd, 4319306.793, 140
Trd, 4319307.193, 140
Trd, 4319307.243, 140
Trd, 4319307.643, 140
Trd, 4319307.693, 140
Trd, 4319308.143, 139
Trd, 4319308.443, 138
Trd, 4319309.193, 140
Trd, 4319310.593, 140
Trd, 4319310.793, 139
Trd, 4319312.593, 140
Trd, 4319314.593, 140
Trd, 4319315.693, 140
Trd, 4319316.393, 140
Trd, 4319316.593, 140
Trd, 4319318.343, 140
Trd, 4319319.993, 140
Trd, 4319320.493, 140
Trd, 4319321.293, 140
Trd, 4319321.793, 140
Trd, 4319322.243, 140
Trd, 4319322.343, 140
Trd, 4319322.393, 140
Trd, 4319322.593, 140
Trd, 4319323.493, 140
Trd, 4319325.793, 140
Trd, 4319326.743, 140
Trd, 4319327.443, 140
Trd, 4319327.643, 140
Trd, 4319328.393, 140
Trd, 4319328.793, 138
Trd, 4319329.093, 140
Trd, 4319329.193, 139
Trd, 4319330.193, 139
Trd, 4319331.843, 140
Trd, 4319332.993, 140
Trd, 4319333.343, 140
Trd, 4319333.443, 140
Trd, 4319334.093, 140
Trd, 4319334.843, 139
Trd, 4319336.493, 140
Trd, 4319337.943, 140
Trd, 4319338.293, 140
Trd, 4319339.443, 140
Trd, 4319339.493, 140
Trd, 4319339.943, 140
Trd, 4319340.143, 140
Trd, 4319341.393, 140
Trd, 4319341.793, 140
Trd, 4319342.193, 140
Trd, 4319342.743, 140
Trd, 4319343.093, 61
Trd, 4319343.743, 140
Trd, 4319343.893, 139
Trd, 4319344.843, 140
Trd, 4319346.943, 140
Trd, 4319348.243, 140
Trd, 4319348.893, 140
Trd, 4319349.043, 140
Trd, 4319350.593, 140
Trd, 4319351.493, 140
Trd, 4319351.543, 140
Trd, 4319354.843, 140
Trd, 4319355.193, 140
Trd, 4319356.043, 140
Trd, 4319357.843, 140
Trd, 4319358.793, 140
Trd, 4319359.343, 140
Trd, 4319360.443, 140
Trd, 4319363.593, 140
Trd, 4319363.993, 140
Trd, 4319364.043, 140
Trd, 4319364.343, 140
Trd, 4319366.043, 140
Trd, 4319367.293, 140
Trd, 4319369.143, 140
Trd, 4319369.543, 140
Trd, 4319370.143, 140
Trd, 4319370.243, 140
Trd, 4319370.993, 140
Trd, 4319371.293, 140
Trd, 4319371.693, 140
Trd, 4319373.893, 140
Trd, 4319374.143, 140
Trd, 4319374.493, 140
Trd, 4319376.093, 140
Trd, 4319376.193, 140
Trd, 4319377.743, 140
Trd, 4319380.393, 140
Trd, 4319381.343, 140
Trd, 4319381.743, 140
Trd, 4319381.993, 140
Trd, 4319382.093, 139
Trd, 4319382.543, 140
Trd, 4319383.143, 139
Trd, 4319383.943, 140
Trd, 4319385.593, 140
Trd, 4319389.493, 140
Trd, 4319389.593, 140
Trd, 4319389.943, 140
Trd, 4319390.893, 140
Trd, 4319392.293, 140
Trd, 4319393.393, 140
Trd, 4319394.493, 140
Trd, 4319398.843, 140
Trd, 4319399.093, 140
Trd, 4319399.193, 140
Trd, 4319400.943, 140
Trd, 4319401.243, 140
Trd, 4319402.093, 140
Trd, 4319402.293, 140
Trd, 4319402.593, 140
Trd, 4319402.793, 140
Trd, 4319403.793, 139
Trd, 4319404.143, 140
Trd, 4319404.343, 140
Trd, 4319407.393, 140
Trd, 4319408.093, 140
Trd, 4319408.893, 140
Trd, 4319409.093, 140
Trd, 4319409.793, 140
Trd, 4319410.043, 140
Trd, 4319411.693, 140
Trd, 4319412.893, 140
Trd, 4319413.043, 140
Trd, 4319414.393, 140
Trd, 4319415.993, 140
Trd, 4319416.543, 140
Trd, 4319417.893, 140
Trd, 4319419.293, 140
Trd, 4319419.993, 140
Trd, 4319421.693, 140
Trd, 4319422.543, 140
Trd, 4319423.893, 140
Trd, 4319425.943, 140
Trd, 4319426.593, 140
Trd, 4319427.293, 140
Trd, 4319427.343, 140
Trd, 4319428.643, 140
Trd, 4319429.493, 140
Trd, 4319430.043, 140
Trd, 4319430.193, 140
Trd, 4319430.893, 140
Trd, 4319432.643, 140
Trd, 4319433.193, 140
Trd, 4319435.793, 140
Trd, 4319436.393, 140
Trd, 4319438.043, 140
Trd, 4319438.693, 140
Trd, 4319439.243, 140
Trd, 4319439.443, 140
Trd, 4319439.693, 140
Trd, 4319439.993, 140
Trd, 4319440.193, 140
Trd, 4319440.543, 140
Trd, 4319441.393, 140
Trd, 4319442.443, 140
Trd, 4319444.943, 140
Trd, 4319445.043, 140
Trd, 4319445.643, 140
Trd, 4319446.643, 140
Trd, 4319446.993, 140
Trd, 4319447.693, 140
Trd, 4319447.993, 139
Trd, 4319448.293, 140
Trd, 4319448.993, 140
Trd, 4319449.193, 140
Trd, 4319449.693, 140
Trd, 4319449.843, 140
Trd, 4319451.043, 140
Trd, 4319452.793, 140
Trd, 4319454.493, 140
Trd, 4319454.893, 140
Trd, 4319455.243, 140
Trd, 4319456.743, 140
Trd, 4319458.693, 140
Trd, 4319459.643, 140
Trd, 4319460.893, 140
Trd, 4319461.643, 140
Trd, 4319462.043, 140
Trd, 4319464.143, 140
Trd, 4319465.393, 140
Trd, 4319466.143, 140
Trd, 4319466.543, 140
Trd, 4319467.443, 140
Trd, 4319468.043, 140
Trd, 4319468.143, 140
Trd, 4319468.693, 140
Trd, 4319469.693, 140
Trd, 4319469.743, 140
Trd, 4319470.693, 140
Trd, 4319470.943, 140
Trd, 4319471.893, 140
Trd, 4319472.493, 140
Trd, 4319472.643, 137
Trd, 4319474.743, 140
Trd, 4319475.593, 140
Trd, 4319476.543, 140
Trd, 4319477.543, 140
Trd, 4319477.593, 140
Trd, 4319477.643, 140
Trd, 4319477.743, 140
Trd, 4319479.243, 140
Trd, 4319480.043, 140
Trd, 4319480.543, 140
Trd, 4319480.843, 140
Trd, 4319481.143, 139
Trd, 4319481.493, 139
Trd, 4319481.793, 139
Trd, 4319481.943, 140
Trd, 4319482.293, 140
Trd, 4319482.743, 139
Trd, 4319483.043, 140
Trd, 4319483.843, 140
Trd, 4319485.543, 140
Trd, 4319486.793, 140
Trd, 4319487.143, 138
Trd, 4319488.243, 140
Trd, 4319489.993, 140
Trd, 4319490.943, 140
Trd, 4319492.043, 140
Trd, 4319492.443, 140
Trd, 4319493.443, 140
Trd, 4319493.843, 140
Trd, 4319494.043, 140
Trd, 4319495.393, 140
Trd, 4319497.193, 140
Trd, 4319497.493, 140
Trd, 4319497.993, 140
Trd, 4319498.043, 140
Trd, 4319500.393, 140
Trd, 4319500.593, 140
Trd, 4319500.793, 140
Trd, 4319501.793, 140
Trd, 4319502.193, 140
Trd, 4319503.743, 140
Trd, 4319503.793, 140
Trd, 4319503.893, 140
Trd, 4319504.843, 140
Trd, 4319505.343, 140
Trd, 4319506.643, 140
Trd, 4319508.093, 140
Trd, 4319510.243, 140
Trd, 4319511.043, 140
Trd, 4319512.143, 140
Trd, 4319513.893, 140
Trd, 4319514.293, 140
Trd, 4319515.743, 140
Trd, 4319515.943, 140
Trd, 4319516.193, 140
Trd, 4319516.393, 140
Trd, 4319516.743, 140
Trd, 4319517.243, 140
Trd, 4319517.693, 140
Trd, 4319518.093, 140
Trd, 4319518.293, 140
Trd, 4319518.543, 140
Trd, 4319518.893, 140
Trd, 4319520.793, 140
Trd, 4319521.343, 140
Trd, 4319521.493, 140
Trd, 4319522.493, 140
Trd, 4319523.793, 140
Trd, 4319523.993, 140
Trd, 4319524.343, 140
Trd, 4319524.443, 140
Trd, 4319525.043, 139
Trd, 4319526.093, 140
Trd, 4319527.143, 140
Trd, 4319528.543, 140
Trd, 4319531.543, 140
Trd, 4319532.993, 140
Trd, 4319533.093, 140
Trd, 4319535.843, 140
Trd, 4319535.943, 140
Trd, 4319536.043, 140
Trd, 4319536.093, 140
Trd, 4319536.893, 140
Trd, 4319537.593, 140
Trd, 4319538.193, 140
Trd, 4319538.543, 139
Trd, 4319538.693, 139
Trd, 4319538.893, 140
Trd, 4319541.443, 140
Trd, 4319543.143, 140
Trd, 4319543.343, 140
Trd, 4319543.843, 140
Trd, 4319546.443, 140
Trd, 4319547.393, 140
Trd, 4319549.093, 140
Trd, 4319549.343, 140
Trd, 4319549.393, 140
Trd, 4319549.643, 140
Trd, 4319550.043, 140
Trd, 4319550.943, 140
Trd, 4319552.593, 140
Trd, 4319552.843, 140
Trd, 4319553.743, 140
Trd, 4319554.893, 140
Trd, 4319555.043, 140
Trd, 4319556.593, 140
Trd, 4319558.093, 140
Trd, 4319558.643, 140
Trd, 4319559.893, 140
Trd, 4319559.943, 140
Trd, 4319564.593, 140
Trd, 4319564.893, 140
Trd, 4319565.343, 140
Trd, 4319566.393, 140
Trd, 4319566.893, 140
Trd, 4319567.793, 140
Trd, 4319568.093, 140
Trd, 4319568.443, 140
Trd, 4319568.693, 140
Trd, 4319569.493, 140
Trd, 4319569.593, 140
Trd, 4319569.743, 140
Trd, 4319570.343, 138
Trd, 4319571.693, 140
Trd, 4319571.893, 140
Trd, 4319573.393, 140
Trd, 4319574.393, 140
Trd, 4319575.843, 140
Trd, 4319576.343, 140
Trd, 4319576.793, 140
Trd, 4319577.643, 140
Trd, 4319577.793, 140
Trd, 4319578.093, 140
Trd, 4319578.193, 137
Trd, 4319580.943, 140
Trd, 4319581.693, 140
Trd, 4319581.843, 139
Trd, 4319583.093, 140
Trd, 4319583.193, 140
Trd, 4319584.443, 139
Trd, 4319584.793, 140
Trd, 4319585.643, 140
Trd, 4319585.843, 140
Trd, 4319586.143, 139
Trd, 4319586.343, 139
Trd, 4319587.343, 140
Trd, 4319587.493, 140
Trd, 4319587.943, 60
Trd, 4319588.643, 140
Trd, 4319589.693, 140
Trd, 4319591.343, 140
Trd, 4319591.743, 140
Trd, 4319592.993, 140
Trd, 4319593.593, 140
Trd, 4319593.693, 139
Trd, 4319594.143, 140
Trd, 4319595.593, 140
Trd, 4319596.893, 140
Trd, 4319597.643, 140
Trd, 4319598.943, 140
Trd, 4319598.993, 140
Trd, 4319601.343, 140
Trd, 4319602.343, 140
Trd, 4319603.093, 140
Trd, 4319603.193, 140
Trd, 4319604.793, 140
Trd, 4319604.893, 140
Trd, 4319606.293, 140
Trd, 4319606.643, 140
Trd, 4319606.693, 140
Trd, 4319607.093, 140
Trd, 4319609.843, 140
Trd, 4319610.443, 140
Trd, 4319612.393, 140
Trd, 4319612.693, 140
Trd, 4319613.793, 140
Trd, 4319614.843, 140
Trd, 4319615.943, 140
Trd, 4319616.343, 140
Trd, 4319616.493, 140
Trd, 4319617.443, 140
Trd, 4319618.593, 140
Trd, 4319620.843, 140
Trd, 4319622.043, 140
Trd, 4319622.243, 140
Trd, 4319622.293, 140
Trd, 4319622.593, 140
Trd, 4319623.043, 140
Trd, 4319623.893, 140
Trd, 4319623.993, 140
Trd, 4319624.193, 140
Trd, 4319625.043, 140
Trd, 4319626.043, 140
Trd, 4319626.343, 140
Trd, 4319628.393, 140
Trd, 4319628.993, 140
Trd, 4319629.043, 140
Trd, 4319631.843, 140
Trd, 4319632.993, 140
Trd, 4319635.643, 140
Trd, 4319636.043, 140
Trd, 4319637.343, 140
Trd, 4319637.443, 140
Trd, 4319637.543, 140
Trd, 4319637.643, 140
Trd, 4319638.493, 140
Trd, 4319638.843, 140
Trd, 4319639.343, 140
Trd, 4319639.693, 140
Trd, 4319639.793, 140
Trd, 4319641.093, 140
Trd, 4319641.293, 140
Trd, 4319642.143, 140
Trd, 4319642.543, 140
Trd, 4319643.943, 140
Trd, 4319644.843, 140
Trd, 4319645.193, 140
Trd, 4319647.043, 140
Trd, 4319647.593, 140
Trd, 4319647.743, 140
Trd, 4319647.893, 140
Trd, 4319648.193, 140
Trd, 4319648.443, 140
Trd, 4319648.943, 140
Trd, 4319649.743, 140
Trd, 4319652.243, 140
Trd, 4319652.493, 140
Trd, 4319654.243, 140
Trd, 4319654.893, 140
Trd, 4319655.843, 140
Trd, 4319655.993, 140
Trd, 4319656.693, 140
Trd, 4319656.893, 140
Trd, 4319657.093, 139
Trd, 4319657.143, 138
Trd, 4319657.593, 140
Trd, 4319657.843, 140
Trd, 4319658.793, 140
Trd, 4319661.193, 140
Trd, 4319662.243, 140
Trd, 4319663.543, 140
Trd, 4319664.243, 140
Trd, 4319664.793, 140
Trd, 4319666.593, 140
Trd, 4319666.843, 140
Trd, 4319667.543, 140
Trd, 4319668.793, 140
Trd, 4319669.443, 140
Trd, 4319669.493, 140
Trd, 4319669.893, 140
Trd, 4319670.243, 140
Trd, 4319670.943, 140
Trd, 4319671.093, 139
Trd, 4319673.943, 140
Trd, 4319674.343, 140
Trd, 4319674.893, 140
Trd, 4319675.243, 140
Trd, 4319675.793, 140
Trd, 4319676.693, 140
Trd, 4319676.843, 140
Trd, 4319677.043, 139
Trd, 4319679.143, 140
Trd, 4319680.543, 140
Trd, 4319681.993, 140
Trd, 4319683.293, 140
Trd, 4319683.593, 140
Trd, 4319684.843, 140
Trd, 4319685.493, 140
Trd, 4319686.393, 140
Trd, 4319687.593, 140
Trd, 4319688.793, 140
Trd, 4319689.643, 140
Trd, 4319690.393, 140
Trd, 4319690.493, 140
Trd, 4319690.643, 139
Trd, 4319690.693, 139
Trd, 4319691.443, 140
Trd, 4319693.793, 140
Trd, 4319695.943, 140
Trd, 4319696.343, 140
Trd, 4319698.143, 140
Trd, 4319698.243, 140
Trd, 4319700.343, 140
Trd, 4319700.393, 140
Trd, 4319701.043, 140
Trd, 4319703.093, 140
Trd, 4319704.843, 140
Trd, 4319705.143, 140
Trd, 4319705.243, 140
Trd, 4319705.343, 138
Trd, 4319705.593, 137
Trd, 4319705.993, 138
Trd, 4319706.843, 140
Trd, 4319708.293, 140
Trd, 4319708.893, 140
Trd, 4319710.593, 140
Trd, 4319711.443, 140
Trd, 4319711.793, 140
Trd, 4319712.393, 140
Trd, 4319713.293, 140
Trd, 4319716.143, 140
Trd, 4319716.943, 140
Trd, 4319717.293, 140
Trd, 4319717.593, 140
Trd, 4319718.693, 140
Trd, 4319719.093, 140
Trd, 4319719.693, 140
Trd, 4319719.943, 140
Trd, 4319719.993, 140
Trd, 4319720.193, 140
Trd, 4319721.743, 140
Trd, 4319722.243, 140
Trd, 4319724.643, 140
Trd, 4319725.893, 140
Trd, 4319726.693, 140
Trd, 4319726.743, 139
Trd, 4319727.543, 140
Trd, 4319727.893, 140
Trd, 4319729.043, 140
Trd, 4319729.943, 140
Trd, 4319730.193, 140
Trd, 4319730.293, 137
Trd, 4319732.043, 140
Trd, 4319732.193, 140
Trd, 4319732.843, 140
Trd, 4319733.243, 140
Trd, 4319734.743, 140
Trd, 4319736.893, 140
Trd, 4319737.543, 140
Trd, 4319738.693, 140
Trd, 4319738.793, 140
Trd, 4319739.343, 140
Trd, 4319739.693, 140
Trd, 4319740.093, 140
Trd, 4319742.743, 140
Trd, 4319743.343, 140
Trd, 4319743.443, 140
Trd, 4319743.993, 140
Trd, 4319744.843, 140
Trd, 4319746.743, 140
Trd, 4319746.943, 140
Trd, 4319747.343, 140
Trd, 4319748.093, 140
Trd, 4319749.443, 140
Trd, 4319749.493, 140
Trd, 4319749.893, 140
Trd, 4319751.993, 140
Trd, 4319752.643, 140
Trd, 4319753.493, 140
Trd, 4319754.643, 140
Trd, 4319757.543, 140
Trd, 4319757.793, 140
Trd, 4319757.893, 140
Trd, 4319757.943, 140
Trd, 4319758.443, 139
Trd, 4319758.493, 140
Trd, 4319759.093, 139
Trd, 4319759.643, 139
Trd, 4319763.093, 140
Trd, 4319763.443, 140
Trd, 4319765.693, 140
Trd, 4319765.893, 140
Trd, 4319766.793, 140
Trd, 4319767.243, 140
Trd, 4319767.293, 140
Trd, 4319767.393, 140
Trd, 4319768.193, 140
Trd, 4319768.243, 140
Trd, 4319768.343, 139
Trd, 4319769.393, 140
Trd, 4319771.443, 140
Trd, 4319771.743, 140
Trd, 4319772.093, 140
Trd, 4319773.493, 140
Trd, 4319773.643, 140
Trd, 4319775.543, 140
Trd, 4319776.443, 140
Trd, 4319776.843, 140
Trd, 4319777.843, 140
Trd, 4319779.443, 140
Trd, 4319779.843, 140
Trd, 4319785.093, 140
Trd, 4319785.543, 140
Trd, 4319785.893, 140
Trd, 4319785.993, 140
Trd, 4319786.443, 140
Trd, 4319791.143, 140
Trd, 4319791.343, 140
Trd, 4319791.443, 140
Trd, 4319791.743, 140
Trd, 4319792.443, 139
Trd, 4319793.893, 140
Trd, 4319794.843, 140
Trd, 4319796.543, 140
Trd, 4319796.693, 140
Trd, 4319796.743, 140
Trd, 4319796.993, 140
Trd, 4319797.543, 140
Trd, 4319797.993, 140
Trd, 4319798.393, 140
Trd, 4319799.093, 140
Trd, 4319799.493, 140
Trd, 4319799.643, 140
Trd, 4319801.193, 140
Trd, 4319802.693, 140
Trd, 4319803.093, 140
Trd, 4319804.143, 140
Trd, 4319805.343, 140
Trd, 4319808.843, 140
Trd, 4319808.943, 140
Trd, 4319809.893, 140
Trd, 4319810.143, 140
Trd, 4319810.543, 140
Trd, 4319811.043, 139
Trd, 4319811.293, 140
Trd, 4319811.693, 140
Trd, 4319812.193, 138
Trd, 4319812.443, 137
Trd, 4319812.543, 139
Trd, 4319813.143, 137
Trd, 4319813.943, 139
Trd, 4319815.243, 140
Trd, 4319816.193, 140
Trd, 4319816.293, 140
Trd, 4319816.393, 140
Trd, 4319818.143, 140
Trd, 4319818.793, 140
Trd, 4319819.143, 140
Trd, 4319821.143, 140
Trd, 4319824.193, 140
Trd, 4319825.443, 140
Trd, 4319825.543, 140
Trd, 4319825.693, 140
Trd, 4319825.893, 140
Trd, 4319826.793, 140
Trd, 4319827.443, 140
Trd, 4319828.993, 140
Trd, 4319829.043, 140
Trd, 4319830.293, 140
Trd, 4319830.643, 140
Trd, 4319830.843, 140
Trd, 4319830.993, 140
Trd, 4319832.593, 140
Trd, 4319835.393, 140
Trd, 4319835.643, 140
Trd, 4319836.393, 140
Trd, 4319836.743, 140
Trd, 4319838.543, 140
Trd, 4319839.843, 140
Trd, 4319841.243, 140
Trd, 4319841.743, 140
Trd, 4319841.843, 140
Trd, 4319841.893, 140
Trd, 4319843.043, 140
Trd, 4319843.243, 140
Trd, 4319845.643, 140
Trd, 4319846.043, 140
Trd, 4319846.243, 140
Trd, 4319846.443, 140
Trd, 4319846.593, 140
Trd, 4319846.843, 140
Trd, 4319850.193, 140
Trd, 4319850.643, 140
Trd, 4319852.893, 140
Trd, 4319853.043, 140
Trd, 4319853.843, 140
Trd, 4319854.893, 140
Trd, 4319855.343, 140
Trd, 4319856.543, 140
Trd, 4319856.993, 140
Trd, 4319857.593, 140
Trd, 4319857.643, 140
Trd, 4319857.793, 140
Trd, 4319857.943, 140
Trd, 4319858.043, 139
Trd, 4319858.743, 140
Trd, 4319860.043, 140
Trd, 4319861.293, 140
Trd, 4319862.293, 140
Trd, 4319863.343, 140
Trd, 4319863.493, 140
Trd, 4319863.643, 140
Trd, 4319864.093, 140
Trd, 4319867.143, 140
Trd, 4319867.493, 140
Trd, 4319867.593, 140
Trd, 4319868.043, 140
Trd, 4319868.643, 140
Trd, 4319869.093, 140
Trd, 4319870.043, 140
Trd, 4319870.643, 140
Trd, 4319871.293, 140
Trd, 4319871.843, 140
Trd, 4319872.493, 140
Trd, 4319874.093, 139
Trd, 4319874.343, 139
Trd, 4319875.243, 140
Trd, 4319875.843, 140
Trd, 4319875.893, 140
Trd, 4319877.143, 140
Trd, 4319877.593, 140
Trd, 4319878.293, 140
Trd, 4319880.643, 140
Trd, 4319881.193, 140
Trd, 4319885.993, 140
Trd, 4319886.693, 140
Trd, 4319886.793, 140
Trd, 4319886.893, 140
Trd, 4319886.993, 140
Trd, 4319887.193, 140
Trd, 4319889.093, 140
Trd, 4319889.193, 140
Trd, 4319889.593, 140
Trd, 4319890.543, 140
Trd, 4319891.543, 140
Trd, 4319891.743, 140
Trd, 4319892.443, 140
Trd, 4319894.143, 140
Trd, 4319895.293, 140
Trd, 4319896.743, 140
Trd, 4319897.193, 140
Trd, 4319897.993, 140
Trd, 4319898.143, 140
Trd, 4319898.443, 140
Trd, 4319899.943, 140
Trd, 4319900.343, 140
Trd, 4319900.493, 140
Trd, 4319900.743, 139
Trd, 4319900.993, 139
Trd, 4319902.293, 140
Trd, 4319903.143, 140
Trd, 4319905.993, 140
Trd, 4319906.293, 140
Trd, 4319906.693, 140
Trd, 4319908.693, 140
Trd, 4319908.743, 140
Trd, 4319910.043, 140
Trd, 4319910.793, 139
Trd, 4319912.243, 140
Trd, 4319912.693, 140
Trd, 4319914.293, 140
Trd, 4319914.543, 140
Trd, 4319914.693, 140
Trd, 4319914.793, 140
Trd, 4319915.493, 140
Trd, 4319915.743, 140
Trd, 4319915.843, 139
Trd, 4319917.043, 140
Trd, 4319917.993, 140
Trd, 4319920.793, 140
Trd, 4319921.193, 140
Trd, 4319921.243, 140
Trd, 4319924.243, 140
Trd, 4319926.493, 140
Trd, 4319926.993, 140
Trd, 4319927.693, 140
Trd, 4319927.993, 138
Trd, 4319928.093, 140
Trd, 4319928.743, 139
Trd, 4319928.893, 138
Trd, 4319929.743, 140
Trd, 4319930.143, 140
Trd, 4319930.393, 140
Trd, 4319931.043, 140
Trd, 4319931.243, 140
Trd, 4319933.493, 140
Trd, 4319933.743, 140
Trd, 4319934.243, 140
Trd, 4319935.343, 140
Trd, 4319937.143, 140
Trd, 4319937.293, 140
Trd, 4319937.693, 139
Trd, 4319938.093, 139
Trd, 4319938.343, 138
Trd, 4319938.393, 139
Trd, 4319938.593, 140
Trd, 4319940.343, 63
Trd, 4319941.893, 140
Trd, 4319941.943, 140
Trd, 4319941.993, 140
Trd, 4319942.143, 139
Trd, 4319944.493, 140
Trd, 4319945.993, 140
Trd, 4319946.843, 140
Trd, 4319950.493, 140
Trd, 4319950.793, 140
Trd, 4319951.343, 140
Trd, 4319951.593, 140
Trd, 4319952.043, 140
Trd, 4319952.143, 140
Trd, 4319953.993, 140
Trd, 4319954.843, 140
Trd, 4319955.243, 140
Trd, 4319955.893, 140
Trd, 4319956.143, 139
Trd, 4319958.093, 140
Trd, 4319958.693, 140
Trd, 4319958.743, 140
Trd, 4319960.293, 140
Trd, 4319961.593, 140
Trd, 4319962.893, 140
Trd, 4319964.293, 140
Trd, 4319965.293, 140
Trd, 4319966.043, 140
Trd, 4319966.843, 140
Trd, 4319969.193, 140
Trd, 4319969.343, 140
Trd, 4319971.293, 140
Trd, 4319971.593, 140
Trd, 4319972.393, 140
Trd, 4319972.543, 140
Trd, 4319972.843, 139
Trd, 4319972.893, 139
Trd, 4319973.043, 139
Trd, 4319973.293, 140
Trd, 4319974.043, 140
Trd, 4319976.043, 140
Trd, 4319976.093, 140
Trd, 4319976.893, 140
Trd, 4319978.443, 140
Trd, 4319980.643, 140
Trd, 4319981.893, 140
Trd, 4319982.343, 140
Trd, 4319983.193, 140
Trd, 4319983.543, 139
Trd, 4319983.743, 140
Trd, 4319983.993, 139
Trd, 4319985.343, 140
Trd, 4319985.393, 140
Trd, 4319986.193, 140
Trd, 4319988.093, 140
Trd, 4319990.293, 140
Trd, 4319990.393, 140
Trd, 4319990.493, 140
Trd, 4319991.343, 140
Trd, 4319991.493, 140
Trd, 4319992.093, 140
Trd, 4319992.443, 140
Trd, 4319993.843, 140
Trd, 4319994.043, 140
Trd, 4319994.693, 140
Trd, 4319995.943, 140
Trd, 4319997.193, 140
Trd, 4319997.293, 140
Trd, 4319997.943, 140
Trd, 4319998.243, 140
Trd, 4319998.693, 140
Trd, 4319999.343, 140
Trd, 4319999.643, 140
