Trd, 4318144.343, 123
Trd, 4318144.643, 113
Trd, 4318145.293, 140
Trd, 4318146.093, 139
Trd, 4318146.593, 139
Trd, 4318147.443, 140
Trd, 4318148.343, 133
Trd, 4318149.093, 139
Trd, 4318150.543, 138
Trd, 4318150.593, 134
Trd, 4318150.643, 132
Trd, 4318150.893, 102
Trd, 4318151.543, 71
Trd, 4318151.993, 75
Trd, 4318152.393, 91
Trd, 4318152.893, 71
Trd, 4318153.143, 138
Trd, 4318154.843, 78
Trd, 4318155.143, 90
Trd, 4318155.393, 82
Trd, 4318156.443, 140
Trd, 4318156.543, 139
Trd, 4318157.443, 108
Trd, 4318157.693, 124
Trd, 4318157.793, 88
Trd, 4318159.593, 140
Trd, 4318159.693, 140
Trd, 4318160.743, 140
Trd, 4318160.893, 140
Trd, 4318161.093, 140
Trd, 4318162.143, 135
Trd, 4318163.193, 140
Trd, 4318163.343, 140
Trd, 4318164.543, 140
Trd, 4318164.943, 138
Trd, 4318166.343, 140
Trd, 4318166.593, 140
Trd, 4318167.593, 130
Trd, 4318168.943, 140
Trd, 4318169.693, 140
Trd, 4318169.743, 140
Trd, 4318171.143, 110
Trd, 4318172.043, 95
Trd, 4318172.393, 89
Trd, 4318173.343, 116
Trd, 4318173.393, 112
Trd, 4318173.943, 87
Trd, 4318174.293, 86
Trd, 4318175.443, 116
Trd, 4318176.093, 140
Trd, 4318176.543, 128
Trd, 4318177.043, 73
Trd, 4318177.993, 68
Trd, 4318179.343, 75
Trd, 4318180.393, 72
Trd, 4318180.593, 76
Trd, 4318181.443, 75
Trd, 4318181.643, 100
Trd, 4318182.143, 116
Trd, 4318183.293, 121
Trd, 4318184.543, 132
Trd, 4318184.643, 131
Trd, 4318184.843, 134
Trd, 4318184.893, 128
Trd, 4318185.093, 116
Trd, 4318185.743, 124
Trd, 4318186.193, 139
Trd, 4318186.693, 137
Trd, 4318186.843, 124
Trd, 4318187.743, 137
Trd, 4318189.843, 137
Trd, 4318190.143, 132
Trd, 4318190.393, 127
Trd, 4318190.443, 117
Trd, 4318191.043, 63
Trd, 4318191.143, 72
Trd, 4318192.643, 119
Trd, 4318194.243, 60
Trd, 4318195.043, 61
Trd, 4318195.943, 76
Trd, 4318196.293, 100
Trd, 4318197.043, 140
Trd, 4318197.993, 106
Trd, 4318198.143, 104
Trd, 4318198.943, 110
Trd, 4318200.343, 137
Trd, 4318200.493, 136
Trd, 4318201.143, 140
Trd, 4318201.993, 140
Trd, 4318202.593, 140
Trd, 4318203.043, 140
Trd, 4318204.093, 140
Trd, 4318204.843, 138
Trd, 4318205.493, 140
Trd, 4318206.143, 140
Trd, 4318206.593, 121
Trd, 4318206.793, 117
Trd, 4318207.393, 60
Trd, 4318207.843, 60
Trd, 4318208.993, 140
Trd, 4318209.093, 140
Trd, 4318211.593, 74
Trd, 4318211.943, 60
Trd, 4318212.193, 74
Trd, 4318212.393, 76
Trd, 4318212.993, 75
Trd, 4318215.193, 61
Trd, 4318215.393, 68
Trd, 4318218.093, 60
Trd, 4318218.643, 60
Trd, 4318219.043, 61
Trd, 4318220.493, 71
Trd, 4318220.593, 69
Trd, 4318221.193, 91
Trd, 4318221.693, 70
Trd, 4318222.043, 61
Trd, 4318222.943, 62
Trd, 4318223.043, 72
Trd, 4318223.243, 93
Trd, 4318224.293, 64
Trd, 4318224.493, 65
Trd, 4318224.743, 64
Trd, 4318225.293, 63
Trd, 4318226.443, 138
Trd, 4318228.243, 138
Trd, 4318229.243, 87
Trd, 4318230.143, 138
Trd, 4318230.743, 138
Trd, 4318231.043, 137
Trd, 4318231.893, 138
Trd, 4318232.393, 135
Trd, 4318232.893, 137
Trd, 4318233.243, 90
Trd, 4318234.493, 103
Trd, 4318234.543, 116
Trd, 4318235.493, 71
Trd, 4318236.593, 140
Trd, 4318237.043, 117
Trd, 4318237.093, 122
Trd, 4318237.793, 134
Trd, 4318238.793, 124
Trd, 4318238.993, 140
Trd, 4318239.143, 140
Trd, 4318239.643, 121
Trd, 4318240.693, 122
Trd, 4318241.893, 140
Trd, 4318242.593, 140
Trd, 4318243.243, 140
Trd, 4318244.043, 140
Trd, 4318245.443, 140
Trd, 4318246.543, 140
Trd, 4318246.943, 140
Trd, 4318247.493, 139
Trd, 4318247.843, 121
Trd, 4318247.893, 114
Trd, 4318249.643, 67
Trd, 4318250.093, 88
Trd, 4318250.743, 66
Trd, 4318252.543, 63
Trd, 4318252.643, 66
Trd, 4318253.243, 60
Trd, 4318254.893, 66
Trd, 4318256.643, 60
Trd, 4318259.243, 69
Trd, 4318259.493, 85
Trd, 4318260.243, 113
Trd, 4318260.643, 137
Trd, 4318261.093, 70
Trd, 4318261.743, 136
Trd, 4318262.443, 111
Trd, 4318262.643, 74
Trd, 4318263.093, 88
Trd, 4318263.393, 74
Trd, 4318263.493, 75
Trd, 4318263.793, 73
Trd, 4318264.043, 72
Trd, 4318265.043, 139
Trd, 4318266.043, 139
Trd, 4318266.093, 138
Trd, 4318267.443, 139
Trd, 4318267.943, 127
Trd, 4318268.693, 99
Trd, 4318269.243, 140
Trd, 4318270.493, 139
Trd, 4318270.693, 130
Trd, 4318272.193, 135
Trd, 4318272.393, 135
Trd, 4318272.743, 128
Trd, 4318272.793, 85
Trd, 4318274.293, 140
Trd, 4318274.843, 140
Trd, 4318277.143, 140
Trd, 4318278.043, 140
Trd, 4318278.293, 140
Trd, 4318279.093, 109
Trd, 4318279.343, 132
Trd, 4318279.643, 103
Trd, 4318280.643, 138
Trd, 4318281.093, 137
Trd, 4318281.643, 133
Trd, 4318281.793, 98
Trd, 4318282.893, 140
Trd, 4318283.643, 140
Trd, 4318284.343, 140
Trd, 4318284.593, 140
Trd, 4318284.693, 140
Trd, 4318286.993, 138
Trd, 4318288.593, 137
Trd, 4318288.793, 136
Trd, 4318289.693, 140
Trd, 4318289.743, 135
Trd, 4318289.843, 130
Trd, 4318291.143, 61
Trd, 4318292.293, 63
Trd, 4318293.043, 83
Trd, 4318293.393, 90
Trd, 4318293.543, 78
Trd, 4318293.943, 140
Trd, 4318294.093, 138
Trd, 4318294.693, 78
Trd, 4318295.093, 83
Trd, 4318297.493, 71
Trd, 4318297.593, 72
Trd, 4318298.093, 61
Trd, 4318299.643, 60
Trd, 4318301.443, 62
Trd, 4318301.493, 68
Trd, 4318302.493, 68
Trd, 4318302.643, 70
Trd, 4318303.743, 122
Trd, 4318303.893, 120
Trd, 4318304.393, 93
Trd, 4318305.393, 133
Trd, 4318306.143, 139
Trd, 4318306.593, 134
Trd, 4318307.393, 140
Trd, 4318307.593, 133
Trd, 4318308.843, 140
Trd, 4318309.043, 132
Trd, 4318310.093, 133
Trd, 4318310.343, 133
Trd, 4318310.593, 130
Trd, 4318313.193, 140
Trd, 4318313.243, 140
Trd, 4318313.543, 140
Trd, 4318313.593, 139
Trd, 4318314.193, 106
Trd, 4318314.993, 102
Trd, 4318315.993, 140
Trd, 4318316.343, 140
Trd, 4318316.743, 140
Trd, 4318317.493, 140
Trd, 4318317.893, 140
Trd, 4318318.843, 140
Trd, 4318319.943, 140
Trd, 4318320.793, 140
Trd, 4318322.143, 140
Trd, 4318322.643, 140
Trd, 4318323.593, 140
Trd, 4318324.093, 139
Trd, 4318324.293, 138
Trd, 4318324.493, 134
Trd, 4318324.693, 121
Trd, 4318325.143, 62
Trd, 4318325.793, 140
Trd, 4318326.943, 140
Trd, 4318328.293, 140
Trd, 4318328.693, 140
Trd, 4318329.643, 140
Trd, 4318330.543, 140
Trd, 4318331.043, 140
Trd, 4318331.793, 140
Trd, 4318332.843, 140
Trd, 4318333.343, 140
Trd, 4318333.443, 137
Trd, 4318334.543, 134
Trd, 4318335.943, 134
Trd, 4318336.393, 139
Trd, 4318336.543, 137
Trd, 4318336.593, 135
Trd, 4318337.543, 134
Trd, 4318337.843, 106
Trd, 4318339.143, 138
Trd, 4318339.193, 129
Trd, 4318339.943, 121
Trd, 4318341.243, 121
Trd, 4318341.643, 120
Trd, 4318343.543, 140
Trd, 4318343.643, 139
Trd, 4318344.293, 63
Trd, 4318344.993, 120
Trd, 4318345.543, 63
Trd, 4318345.843, 118
Trd, 4318346.993, 61
Trd, 4318347.343, 69
Trd, 4318347.643, 61
Trd, 4318348.443, 64
Trd, 4318348.693, 75
Trd, 4318350.693, 64
Trd, 4318351.343, 69
Trd, 4318352.293, 70
Trd, 4318352.593, 94
Trd, 4318353.593, 80
Trd, 4318353.993, 115
Trd, 4318354.593, 68
Trd, 4318354.843, 139
Trd, 4318354.943, 133
Trd, 4318356.393, 69
Trd, 4318357.093, 113
Trd, 4318357.993, 112
Trd, 4318358.293, 105
Trd, 4318358.443, 100
Trd, 4318358.793, 89
Trd, 4318360.443, 63
Trd, 4318361.893, 60
Trd, 4318362.843, 64
Trd, 4318363.393, 60
Trd, 4318363.843, 80
Trd, 4318364.843, 60
Trd, 4318367.093, 60
Trd, 4318367.143, 60
Trd, 4318367.193, 67
Trd, 4318367.643, 78
Trd, 4318367.743, 92
Trd, 4318368.793, 116
Trd, 4318370.143, 78
Trd, 4318370.543, 106
Trd, 4318370.943, 66
Trd, 4318371.893, 60
Trd, 4318371.943, 68
Trd, 4318373.393, 68
Trd, 4318373.793, 74
Trd, 4318374.793, 60
Trd, 4318375.293, 63
Trd, 4318375.643, 101
Trd, 4318377.293, 62
Trd, 4318379.543, 62
Trd, 4318380.643, 64
Trd, 4318380.843, 66
Trd, 4318381.893, 70
Trd, 4318382.493, 84
Trd, 4318383.343, 62
Trd, 4318383.843, 62
Trd, 4318384.343, 81
Trd, 4318384.943, 115
Trd, 4318385.193, 69
Trd, 4318385.393, 68
Trd, 4318386.943, 114
Trd, 4318387.843, 100
Trd, 4318387.993, 98
Trd, 4318388.443, 140
Trd, 4318389.393, 140
Trd, 4318389.793, 124
Trd, 4318391.393, 105
Trd, 4318391.443, 109
Trd, 4318391.893, 139
Trd, 4318392.443, 135
Trd, 4318393.093, 128
Trd, 4318393.643, 140
Trd, 4318394.543, 130
Trd, 4318394.793, 129
Trd, 4318395.843, 140
Trd, 4318396.543, 122
Trd, 4318396.643, 123
Trd, 4318397.293, 117
Trd, 4318397.743, 138
Trd, 4318397.793, 116
Trd, 4318398.993, 116
Trd, 4318400.093, 61
Trd, 4318400.593, 88
Trd, 4318402.193, 140
Trd, 4318402.543, 137
Trd, 4318402.943, 139
Trd, 4318403.693, 121
Trd, 4318404.643, 140
Trd, 4318405.443, 140
Trd, 4318406.193, 140
Trd, 4318406.243, 140
Trd, 4318406.593, 139
Trd, 4318406.893, 133
Trd, 4318407.793, 100
Trd, 4318408.993, 65
Trd, 4318409.043, 134
Trd, 4318409.893, 72
Trd, 4318410.193, 61
Trd, 4318411.193, 140
Trd, 4318411.343, 140
Trd, 4318412.043, 140
Trd, 4318412.393, 129
Trd, 4318413.593, 118
Trd, 4318413.693, 137
Trd, 4318414.193, 62
Trd, 4318414.293, 63
Trd, 4318414.793, 125
Trd, 4318415.093, 60
Trd, 4318416.243, 126
Trd, 4318418.093, 136
Trd, 4318418.343, 135
Trd, 4318418.593, 134
Trd, 4318418.643, 130
Trd, 4318421.243, 65
Trd, 4318422.693, 60
Trd, 4318423.093, 67
Trd, 4318423.393, 68
Trd, 4318424.843, 62
Trd, 4318425.443, 68
Trd, 4318425.843, 68
Trd, 4318425.943, 68
Trd, 4318426.193, 130
Trd, 4318426.393, 69
Trd, 4318428.193, 140
Trd, 4318428.743, 140
Trd, 4318429.493, 139
Trd, 4318429.593, 139
Trd, 4318430.043, 139
Trd, 4318431.193, 140
Trd, 4318433.293, 140
Trd, 4318433.793, 140
Trd, 4318433.943, 140
Trd, 4318434.793, 140
Trd, 4318435.093, 124
Trd, 4318435.443, 140
Trd, 4318436.293, 112
Trd, 4318436.543, 111
Trd, 4318437.943, 134
Trd, 4318438.693, 139
Trd, 4318438.743, 111
Trd, 4318439.643, 138
Trd, 4318439.843, 137
Trd, 4318440.343, 60
Trd, 4318441.143, 60
Trd, 4318441.443, 62
Trd, 4318441.893, 68
Trd, 4318443.293, 61
Trd, 4318443.993, 76
Trd, 4318444.293, 84
Trd, 4318444.743, 60
Trd, 4318447.043, 75
Trd, 4318448.193, 61
Trd, 4318448.543, 65
Trd, 4318448.693, 75
Trd, 4318449.243, 61
Trd, 4318450.393, 91
Trd, 4318451.093, 67
Trd, 4318451.793, 109
Trd, 4318452.743, 76
Trd, 4318453.293, 77
Trd, 4318453.593, 99
Trd, 4318454.843, 79
Trd, 4318455.543, 80
Trd, 4318455.743, 90
Trd, 4318456.043, 80
Trd, 4318456.293, 79
Trd, 4318456.993, 91
Trd, 4318458.343, 140
Trd, 4318458.393, 122
Trd, 4318459.093, 91
Trd, 4318459.143, 89
Trd, 4318459.743, 140
Trd, 4318460.793, 98
Trd, 4318461.793, 117
Trd, 4318462.543, 129
Trd, 4318462.693, 104
Trd, 4318462.943, 80
Trd, 4318463.993, 140
Trd, 4318464.593, 60
Trd, 4318465.593, 61
Trd, 4318466.443, 124
Trd, 4318466.693, 123
Trd, 4318466.943, 62
Trd, 4318469.293, 140
Trd, 4318469.643, 140
Trd, 4318470.193, 140
Trd, 4318470.843, 140
Trd, 4318471.493, 140
Trd, 4318471.693, 121
Trd, 4318471.743, 68
Trd, 4318472.843, 102
Trd, 4318473.343, 79
Trd, 4318473.493, 138
Trd, 4318473.993, 62
Trd, 4318474.243, 64
Trd, 4318474.843, 65
Trd, 4318475.843, 66
Trd, 4318476.593, 72
Trd, 4318476.943, 71
Trd, 4318478.293, 133
Trd, 4318478.793, 132
Trd, 4318479.943, 140
Trd, 4318480.143, 140
Trd, 4318480.293, 140
Trd, 4318480.493, 131
Trd, 4318480.793, 117
Trd, 4318481.743, 140
Trd, 4318482.143, 140
Trd, 4318482.893, 140
Trd, 4318483.843, 140
Trd, 4318483.943, 140
Trd, 4318483.993, 140
Trd, 4318484.893, 135
Trd, 4318486.343, 75
Trd, 4318486.543, 66
Trd, 4318487.243, 65
Trd, 4318487.643, 73
Trd, 4318488.693, 102
Trd, 4318489.143, 113
Trd, 4318489.943, 119
Trd, 4318490.093, 104
Trd, 4318490.443, 74
Trd, 4318493.293, 75
Trd, 4318493.643, 64
Trd, 4318493.943, 64
Trd, 4318494.843, 112
Trd, 4318495.493, 86
Trd, 4318496.043, 96
Trd, 4318496.393, 139
Trd, 4318496.743, 89
Trd, 4318497.143, 132
Trd, 4318497.743, 139
Trd, 4318498.743, 136
Trd, 4318499.193, 140
Trd, 4318499.643, 140
Trd, 4318500.293, 140
Trd, 4318500.593, 140
Trd, 4318501.643, 140
Trd, 4318501.793, 140
Trd, 4318502.693, 140
Trd, 4318502.893, 140
Trd, 4318502.993, 136
Trd, 4318504.743, 140
Trd, 4318505.143, 140
Trd, 4318505.493, 139
Trd, 4318505.693, 138
Trd, 4318506.593, 135
Trd, 4318508.893, 138
Trd, 4318508.993, 136
Trd, 4318509.493, 134
Trd, 4318510.143, 134
Trd, 4318510.593, 134
Trd, 4318510.793, 131
Trd, 4318511.443, 139
Trd, 4318512.593, 140
Trd, 4318513.493, 140
Trd, 4318513.893, 140
Trd, 4318514.493, 136
Trd, 4318515.393, 135
Trd, 4318515.493, 134
Trd, 4318516.293, 133
Trd, 4318517.193, 139
Trd, 4318518.493, 140
Trd, 4318518.843, 140
Trd, 4318520.693, 140
Trd, 4318521.193, 140
Trd, 4318521.743, 139
Trd, 4318521.993, 138
Trd, 4318522.043, 136
Trd, 4318522.193, 134
Trd, 4318522.893, 135
Trd, 4318523.143, 132
Trd, 4318524.543, 140
Trd, 4318524.793, 130
Trd, 4318525.793, 130
Trd, 4318526.393, 140
Trd, 4318526.793, 140
Trd, 4318526.993, 124
Trd, 4318528.343, 140
Trd, 4318529.643, 140
Trd, 4318529.793, 140
Trd, 4318529.993, 140
Trd, 4318530.093, 138
Trd, 4318531.993, 136
Trd, 4318532.293, 136
Trd, 4318532.393, 135
Trd, 4318533.243, 112
Trd, 4318534.093, 116
Trd, 4318534.293, 113
Trd, 4318535.993, 140
Trd, 4318537.993, 140
Trd, 4318538.043, 139
Trd, 4318538.693, 140
Trd, 4318539.293, 140
Trd, 4318540.393, 136
Trd, 4318541.293, 135
Trd, 4318541.943, 140
Trd, 4318541.993, 140
Trd, 4318542.693, 130
Trd, 4318543.543, 130
Trd, 4318544.593, 130
Trd, 4318544.893, 118
Trd, 4318545.493, 96
Trd, 4318545.843, 129
Trd, 4318546.143, 85
Trd, 4318547.193, 139
Trd, 4318547.343, 119
Trd, 4318548.843, 75
Trd, 4318548.993, 73
Trd, 4318550.293, 64
Trd, 4318550.993, 138
Trd, 4318551.643, 94
Trd, 4318552.693, 139
Trd, 4318553.543, 139
Trd, 4318555.943, 140
Trd, 4318556.393, 140
Trd, 4318556.543, 140
Trd, 4318557.143, 140
Trd, 4318557.493, 140
Trd, 4318558.043, 138
Trd, 4318558.193, 135
Trd, 4318558.493, 134
Trd, 4318558.543, 122
Trd, 4318558.943, 105
Trd, 4318560.243, 88
Trd, 4318560.893, 107
Trd, 4318562.093, 61
Trd, 4318562.493, 73
Trd, 4318563.893, 78
Trd, 4318564.843, 140
Trd, 4318564.893, 139
Trd, 4318565.593, 121
Trd, 4318566.093, 121
Trd, 4318567.143, 140
Trd, 4318567.243, 139
Trd, 4318568.343, 136
Trd, 4318568.993, 140
Trd, 4318569.343, 135
Trd, 4318569.893, 61
Trd, 4318570.693, 132
Trd, 4318571.443, 140
Trd, 4318571.743, 140
Trd, 4318571.943, 140
Trd, 4318572.593, 140
Trd, 4318572.643, 132
Trd, 4318574.893, 140
Trd, 4318574.943, 140
Trd, 4318575.743, 140
Trd, 4318575.793, 140
Trd, 4318576.193, 139
Trd, 4318577.693, 139
Trd, 4318578.243, 135
Trd, 4318578.493, 138
Trd, 4318578.843, 75
Trd, 4318579.693, 140
Trd, 4318580.643, 69
Trd, 4318581.043, 138
Trd, 4318581.143, 137
Trd, 4318582.243, 134
Trd, 4318583.393, 132
Trd, 4318584.043, 118
Trd, 4318584.743, 139
Trd, 4318585.093, 139
Trd, 4318585.943, 140
Trd, 4318586.243, 138
Trd, 4318586.543, 140
Trd, 4318586.993, 126
Trd, 4318588.043, 126
Trd, 4318589.993, 131
Trd, 4318590.093, 134
Trd, 4318590.443, 135
Trd, 4318590.943, 134
Trd, 4318592.043, 133
Trd, 4318592.293, 127
Trd, 4318592.343, 99
Trd, 4318592.543, 119
Trd, 4318592.693, 89
Trd, 4318594.293, 68
Trd, 4318595.693, 140
Trd, 4318595.893, 139
Trd, 4318595.943, 138
Trd, 4318595.993, 118
Trd, 4318596.143, 86
Trd, 4318597.693, 140
Trd, 4318597.943, 139
Trd, 4318597.993, 133
Trd, 4318598.143, 64
Trd, 4318600.093, 60
Trd, 4318600.893, 74
Trd, 4318601.393, 64
Trd, 4318602.643, 140
Trd, 4318602.693, 140
Trd, 4318602.993, 140
Trd, 4318603.293, 60
Trd, 4318604.843, 61
Trd, 4318605.093, 74
Trd, 4318606.693, 66
Trd, 4318607.093, 70
Trd, 4318608.393, 62
Trd, 4318608.843, 81
Trd, 4318609.093, 68
Trd, 4318611.093, 61
Trd, 4318611.593, 77
Trd, 4318611.743, 79
Trd, 4318611.943, 93
Trd, 4318612.143, 111
Trd, 4318612.743, 98
Trd, 4318614.143, 77
Trd, 4318615.343, 140
Trd, 4318615.743, 139
Trd, 4318616.143, 138
Trd, 4318617.343, 137
Trd, 4318617.693, 118
Trd, 4318619.093, 129
Trd, 4318619.643, 114
Trd, 4318620.093, 140
Trd, 4318620.143, 140
Trd, 4318620.543, 140
Trd, 4318620.643, 140
Trd, 4318621.543, 114
Trd, 4318622.143, 97
Trd, 4318622.593, 134
Trd, 4318624.043, 138
Trd, 4318624.743, 78
Trd, 4318626.393, 60
Trd, 4318628.193, 63
Trd, 4318628.593, 65
Trd, 4318629.043, 73
Trd, 4318629.293, 62
Trd, 4318629.843, 140
Trd, 4318630.693, 140
Trd, 4318631.293, 140
Trd, 4318631.393, 140
Trd, 4318632.543, 140
Trd, 4318632.943, 140
Trd, 4318633.543, 140
Trd, 4318633.843, 140
Trd, 4318634.993, 140
Trd, 4318635.843, 135
Trd, 4318637.193, 140
Trd, 4318637.343, 140
Trd, 4318638.243, 140
Trd, 4318639.393, 139
Trd, 4318639.593, 136
Trd, 4318639.943, 119
Trd, 4318640.393, 65
Trd, 4318640.943, 62
Trd, 4318641.143, 63
Trd, 4318641.843, 68
Trd, 4318643.593, 68
Trd, 4318644.943, 60
Trd, 4318645.093, 60
Trd, 4318646.693, 62
Trd, 4318647.143, 61
Trd, 4318648.443, 60
Trd, 4318648.943, 62
Trd, 4318649.043, 78
Trd, 4318651.643, 64
Trd, 4318651.843, 64
Trd, 4318652.093, 77
Trd, 4318652.893, 67
Trd, 4318652.993, 66
Trd, 4318654.093, 135
Trd, 4318654.193, 122
Trd, 4318655.043, 67
Trd, 4318655.593, 133
Trd, 4318655.893, 67
Trd, 4318657.193, 80
Trd, 4318657.243, 69
Trd, 4318657.443, 81
Trd, 4318658.043, 68
Trd, 4318658.793, 87
Trd, 4318660.843, 73
Trd, 4318662.343, 63
Trd, 4318662.543, 77
Trd, 4318663.193, 67
Trd, 4318663.543, 90
Trd, 4318664.143, 77
Trd, 4318664.243, 140
Trd, 4318664.743, 129
Trd, 4318665.643, 107
Trd, 4318666.393, 132
Trd, 4318667.643, 137
Trd, 4318668.093, 137
Trd, 4318668.293, 111
Trd, 4318668.743, 140
Trd, 4318669.943, 131
Trd, 4318671.093, 140
Trd, 4318672.343, 140
Trd, 4318673.143, 140
Trd, 4318673.193, 140
Trd, 4318674.143, 101
Trd, 4318674.793, 120
Trd, 4318674.993, 98
Trd, 4318675.643, 108
Trd, 4318675.993, 120
Trd, 4318676.093, 121
Trd, 4318676.643, 117
Trd, 4318677.143, 140
Trd, 4318678.893, 138
Trd, 4318679.943, 139
Trd, 4318680.243, 138
Trd, 4318680.843, 136
Trd, 4318682.043, 135
Trd, 4318682.493, 134
Trd, 4318683.593, 133
Trd, 4318684.843, 140
Trd, 4318685.693, 140
Trd, 4318685.793, 136
Trd, 4318686.193, 140
Trd, 4318687.293, 138
Trd, 4318687.443, 75
Trd, 4318688.143, 115
Trd, 4318688.443, 95
Trd, 4318689.593, 140
Trd, 4318690.343, 140
Trd, 4318690.643, 134
Trd, 4318691.443, 138
Trd, 4318691.543, 137
Trd, 4318692.243, 137
Trd, 4318693.743, 116
Trd, 4318694.243, 137
Trd, 4318695.443, 140
Trd, 4318695.693, 140
Trd, 4318696.543, 66
Trd, 4318697.393, 85
Trd, 4318699.843, 140
Trd, 4318700.443, 140
Trd, 4318700.643, 140
Trd, 4318701.743, 140
Trd, 4318702.243, 140
Trd, 4318702.443, 137
Trd, 4318704.343, 61
Trd, 4318704.593, 60
Trd, 4318706.343, 61
Trd, 4318706.393, 63
Trd, 4318707.393, 64
Trd, 4318707.743, 60
Trd, 4318708.893, 61
Trd, 4318709.693, 63
Trd, 4318709.793, 91
Trd, 4318711.293, 60
Trd, 4318712.393, 60
Trd, 4318713.193, 61
Trd, 4318713.443, 66
Trd, 4318714.843, 60
Trd, 4318715.043, 67
Trd, 4318716.093, 60
Trd, 4318716.293, 73
Trd, 4318718.293, 64
Trd, 4318719.543, 66
Trd, 4318719.593, 72
Trd, 4318719.793, 65
Trd, 4318720.593, 81
Trd, 4318720.843, 111
Trd, 4318721.043, 62
Trd, 4318721.993, 78
Trd, 4318723.293, 114
Trd, 4318724.293, 91
Trd, 4318724.843, 104
Trd, 4318724.993, 102
Trd, 4318725.293, 119
Trd, 4318726.793, 140
Trd, 4318727.543, 140
Trd, 4318727.843, 140
Trd, 4318727.893, 140
Trd, 4318728.193, 140
Trd, 4318728.543, 140
Trd, 4318729.593, 139
Trd, 4318730.993, 139
Trd, 4318731.093, 138
Trd, 4318731.993, 139
Trd, 4318732.443, 132
Trd, 4318732.743, 140
Trd, 4318734.543, 140
Trd, 4318734.843, 139
Trd, 4318735.993, 140
Trd, 4318736.293, 140
Trd, 4318737.593, 134
Trd, 4318738.643, 124
Trd, 4318738.893, 123
Trd, 4318739.593, 139
Trd, 4318740.343, 140
Trd, 4318741.143, 122
Trd, 4318742.143, 140
Trd, 4318742.393, 140
Trd, 4318742.943, 140
Trd, 4318743.343, 139
Trd, 4318744.593, 136
Trd, 4318745.543, 140
Trd, 4318746.343, 140
Trd, 4318747.193, 140
Trd, 4318747.893, 138
Trd, 4318747.943, 125
Trd, 4318748.343, 100
Trd, 4318748.693, 63
Trd, 4318748.993, 89
Trd, 4318750.493, 97
Trd, 4318750.693, 139
Trd, 4318751.143, 95
Trd, 4318752.743, 121
Trd, 4318753.193, 124
Trd, 4318753.243, 132
Trd, 4318753.343, 121
Trd, 4318755.543, 139
Trd, 4318755.843, 121
Trd, 4318757.193, 139
Trd, 4318757.393, 110
Trd, 4318759.393, 140
Trd, 4318759.543, 140
Trd, 4318759.843, 140
Trd, 4318759.893, 133
Trd, 4318760.243, 114
Trd, 4318760.893, 113
Trd, 4318761.793, 136
Trd, 4318761.943, 135
Trd, 4318762.243, 108
Trd, 4318764.493, 140
Trd, 4318764.543, 139
Trd, 4318765.643, 140
Trd, 4318766.043, 140
Trd, 4318766.193, 139
Trd, 4318766.343, 100
Trd, 4318766.943, 114
Trd, 4318767.693, 113
Trd, 4318768.443, 77
Trd, 4318768.743, 72
Trd, 4318770.193, 103
Trd, 4318771.293, 60
Trd, 4318772.093, 64
Trd, 4318772.393, 73
Trd, 4318773.493, 71
Trd, 4318774.893, 60
Trd, 4318775.443, 64
Trd, 4318775.793, 84
Trd, 4318776.643, 98
Trd, 4318776.893, 94
Trd, 4318777.093, 94
Trd, 4318778.593, 113
Trd, 4318779.143, 132
Trd, 4318779.493, 115
Trd, 4318779.943, 140
Trd, 4318781.293, 63
Trd, 4318781.493, 64
Trd, 4318781.943, 63
Trd, 4318783.093, 139
Trd, 4318783.793, 132
Trd, 4318784.293, 133
Trd, 4318784.943, 137
Trd, 4318785.593, 84
Trd, 4318785.693, 83
Trd, 4318785.993, 70
Trd, 4318786.793, 67
Trd, 4318787.493, 63
Trd, 4318788.793, 63
Trd, 4318789.293, 90
Trd, 4318789.793, 91
Trd, 4318789.993, 90
Trd, 4318790.093, 89
Trd, 4318792.043, 136
Trd, 4318793.143, 140
Trd, 4318793.443, 140
Trd, 4318794.043, 140
Trd, 4318794.693, 140
Trd, 4318794.843, 139
Trd, 4318795.193, 139
Trd, 4318795.993, 139
Trd, 4318796.243, 140
Trd, 4318797.093, 139
Trd, 4318798.693, 129
Trd, 4318798.893, 138
Trd, 4318799.443, 139
Trd, 4318800.143, 128
Trd, 4318801.243, 128
Trd, 4318801.293, 126
Trd, 4318801.993, 70
Trd, 4318802.493, 106
Trd, 4318802.843, 100
Trd, 4318803.943, 106
Trd, 4318804.643, 74
Trd, 4318805.243, 74
Trd, 4318806.193, 114
Trd, 4318807.093, 84
Trd, 4318808.143, 60
Trd, 4318809.593, 61
Trd, 4318809.993, 62
Trd, 4318811.093, 62
Trd, 4318811.893, 61
Trd, 4318812.443, 60
Trd, 4318812.893, 61
Trd, 4318814.093, 138
Trd, 4318814.143, 136
Trd, 4318814.743, 115
Trd, 4318814.843, 115
Trd, 4318816.193, 68
Trd, 4318816.693, 60
Trd, 4318816.793, 103
Trd, 4318818.793, 60
Trd, 4318819.143, 110
Trd, 4318819.243, 61
Trd, 4318820.193, 139
Trd, 4318820.343, 138
Trd, 4318822.593, 129
Trd, 4318822.643, 125
Trd, 4318822.843, 111
Trd, 4318824.393, 138
Trd, 4318825.593, 140
Trd, 4318826.293, 140
Trd, 4318826.343, 139
Trd, 4318826.493, 139
Trd, 4318827.093, 138
Trd, 4318828.193, 95
Trd, 4318828.693, 93
Trd, 4318828.993, 92
Trd, 4318829.993, 66
Trd, 4318831.043, 62
Trd, 4318831.443, 62
Trd, 4318831.493, 88
Trd, 4318831.943, 61
Trd, 4318833.343, 61
Trd, 4318833.543, 62
Trd, 4318833.793, 67
Trd, 4318835.243, 140
Trd, 4318835.343, 140
Trd, 4318835.793, 135
Trd, 4318836.493, 134
Trd, 4318838.443, 60
Trd, 4318839.943, 61
Trd, 4318840.093, 61
Trd, 4318840.343, 63
Trd, 4318840.643, 86
Trd, 4318841.343, 67
Trd, 4318841.843, 71
Trd, 4318842.843, 136
Trd, 4318843.043, 137
Trd, 4318843.393, 136
Trd, 4318843.443, 132
Trd, 4318844.393, 113
Trd, 4318845.093, 113
Trd, 4318845.243, 129
Trd, 4318845.543, 132
Trd, 4318845.943, 135
Trd, 4318847.293, 128
Trd, 4318847.543, 128
Trd, 4318847.643, 127
Trd, 4318848.193, 117
Trd, 4318850.043, 138
Trd, 4318850.443, 133
Trd, 4318850.843, 116
Trd, 4318851.693, 140
Trd, 4318851.843, 140
Trd, 4318851.993, 139
Trd, 4318853.543, 140
Trd, 4318853.993, 138
Trd, 4318854.943, 138
Trd, 4318855.743, 140
Trd, 4318856.243, 139
Trd, 4318857.043, 133
Trd, 4318857.993, 140
Trd, 4318859.043, 140
Trd, 4318860.343, 140
Trd, 4318860.543, 140
Trd, 4318860.743, 124
Trd, 4318863.543, 140
Trd, 4318863.593, 140
Trd, 4318863.843, 140
Trd, 4318863.893, 90
Trd, 4318863.943, 80
Trd, 4318864.393, 140
Trd, 4318866.043, 140
Trd, 4318866.293, 140
Trd, 4318866.843, 140
Trd, 4318867.993, 140
Trd, 4318868.293, 140
Trd, 4318869.543, 140
Trd, 4318869.743, 140
Trd, 4318869.793, 123
Trd, 4318870.743, 136
Trd, 4318871.443, 88
Trd, 4318871.693, 140
Trd, 4318871.993, 128
Trd, 4318872.893, 140
Trd, 4318873.593, 130
Trd, 4318875.243, 74
Trd, 4318875.393, 109
Trd, 4318877.643, 63
Trd, 4318878.093, 66
Trd, 4318879.243, 69
Trd, 4318880.043, 75
Trd, 4318881.543, 61
Trd, 4318881.693, 63
Trd, 4318881.793, 89
Trd, 4318882.043, 62
Trd, 4318882.893, 103
Trd, 4318882.993, 63
Trd, 4318884.593, 96
Trd, 4318884.843, 115
Trd, 4318885.893, 68
Trd, 4318887.293, 140
Trd, 4318887.893, 140
Trd, 4318887.943, 140
Trd, 4318888.193, 140
Trd, 4318889.293, 139
Trd, 4318890.143, 134
Trd, 4318890.693, 140
Trd, 4318890.893, 140
Trd, 4318891.693, 139
Trd, 4318891.793, 131
Trd, 4318892.343, 140
Trd, 4318893.693, 128
Trd, 4318893.893, 103
Trd, 4318894.693, 136
Trd, 4318894.793, 136
Trd, 4318895.943, 140
Trd, 4318896.143, 65
Trd, 4318896.393, 103
Trd, 4318897.293, 130
Trd, 4318898.143, 138
Trd, 4318898.893, 140
Trd, 4318900.543, 140
Trd, 4318901.043, 140
Trd, 4318901.493, 134
Trd, 4318902.193, 140
Trd, 4318903.043, 140
Trd, 4318903.443, 139
Trd, 4318903.843, 105
Trd, 4318903.943, 132
Trd, 4318904.293, 134
Trd, 4318905.043, 139
Trd, 4318905.643, 138
Trd, 4318905.743, 129
Trd, 4318907.043, 130
Trd, 4318907.343, 129
Trd, 4318908.043, 138
Trd, 4318908.143, 108
Trd, 4318909.643, 82
Trd, 4318910.643, 140
Trd, 4318911.493, 140
Trd, 4318912.543, 140
Trd, 4318913.143, 140
Trd, 4318913.343, 140
Trd, 4318913.443, 129
Trd, 4318914.343, 128
Trd, 4318915.943, 133
Trd, 4318915.993, 132
Trd, 4318916.593, 101
Trd, 4318917.443, 92
Trd, 4318917.543, 91
Trd, 4318917.743, 134
Trd, 4318918.243, 112
Trd, 4318920.293, 80
Trd, 4318920.793, 77
Trd, 4318922.143, 64
Trd, 4318922.443, 66
Trd, 4318923.643, 60
Trd, 4318925.693, 72
Trd, 4318925.943, 66
Trd, 4318926.493, 95
Trd, 4318927.243, 99
Trd, 4318927.793, 92
Trd, 4318928.643, 81
Trd, 4318929.143, 75
Trd, 4318930.693, 60
Trd, 4318931.243, 62
Trd, 4318932.343, 88
Trd, 4318932.743, 64
Trd, 4318932.793, 64
Trd, 4318934.443, 82
Trd, 4318934.593, 80
Trd, 4318936.243, 61
Trd, 4318937.043, 64
Trd, 4318937.493, 69
Trd, 4318938.843, 74
Trd, 4318939.143, 80
Trd, 4318939.893, 74
Trd, 4318941.293, 80
Trd, 4318941.693, 91
Trd, 4318942.143, 105
Trd, 4318942.543, 72
Trd, 4318942.843, 74
Trd, 4318943.593, 106
Trd, 4318943.993, 86
Trd, 4318944.893, 74
Trd, 4318944.993, 88
Trd, 4318945.393, 75
Trd, 4318947.593, 78
Trd, 4318947.643, 111
Trd, 4318948.043, 88
Trd, 4318948.293, 78
Trd, 4318948.493, 87
Trd, 4318948.843, 82
Trd, 4318949.443, 101
Trd, 4318949.993, 79
Trd, 4318950.843, 139
Trd, 4318951.693, 139
Trd, 4318951.843, 139
Trd, 4318953.993, 140
Trd, 4318954.543, 140
Trd, 4318955.143, 140
Trd, 4318955.693, 140
Trd, 4318955.793, 137
Trd, 4318957.793, 140
Trd, 4318958.243, 139
Trd, 4318958.843, 103
Trd, 4318959.393, 140
Trd, 4318960.343, 140
Trd, 4318960.443, 140
Trd, 4318961.393, 140
Trd, 4318961.443, 140
Trd, 4318961.593, 139
Trd, 4318962.343, 132
Trd, 4318963.043, 110
Trd, 4318963.143, 121
Trd, 4318963.993, 74
Trd, 4318965.043, 94
Trd, 4318966.043, 67
Trd, 4318966.193, 95
Trd, 4318967.543, 140
Trd, 4318968.893, 140
Trd, 4318968.943, 140
Trd, 4318969.293, 139
Trd, 4318969.693, 138
Trd, 4318969.943, 139
Trd, 4318970.793, 101
Trd, 4318972.243, 138
Trd, 4318973.293, 138
Trd, 4318973.893, 140
Trd, 4318974.093, 137
Trd, 4318976.493, 140
Trd, 4318977.143, 140
Trd, 4318977.193, 140
Trd, 4318977.893, 140
Trd, 4318978.143, 136
Trd, 4318978.293, 110
Trd, 4318979.793, 140
Trd, 4318980.943, 140
Trd, 4318981.843, 140
Trd, 4318982.243, 140
Trd, 4318982.393, 140
Trd, 4318982.693, 140
Trd, 4318982.843, 138
Trd, 4318983.243, 136
Trd, 4318985.743, 140
Trd, 4318987.343, 140
Trd, 4318987.643, 140
Trd, 4318987.693, 140
Trd, 4318988.743, 127
Trd, 4318989.293, 126
Trd, 4318989.543, 125
Trd, 4318989.893, 89
Trd, 4318990.443, 131
Trd, 4318991.193, 138
Trd, 4318991.943, 136
Trd, 4318992.593, 139
Trd, 4318993.293, 139
Trd, 4318993.543, 137
Trd, 4318995.343, 92
Trd, 4318995.593, 95
Trd, 4318996.693, 140
Trd, 4318998.893, 140
Trd, 4318998.943, 140
Trd, 4318999.593, 140
Trd, 4319000.143, 139
Trd, 4319000.893, 140
Trd, 4319001.143, 121
Trd, 4319002.393, 61
Trd, 4319002.793, 69
Trd, 4319003.093, 61
Trd, 4319003.793, 73
Trd, 4319004.443, 81
Trd, 4319005.093, 113
Trd, 4319005.293, 112
Trd, 4319006.693, 136
Trd, 4319007.193, 139
Trd, 4319007.443, 85
Trd, 4319007.943, 117
Trd, 4319008.543, 81
Trd, 4319009.193, 136
Trd, 4319010.193, 135
Trd, 4319011.293, 65
Trd, 4319012.143, 65
Trd, 4319014.693, 64
Trd, 4319014.943, 62
Trd, 4319015.393, 102
Trd, 4319015.743, 129
Trd, 4319016.193, 121
Trd, 4319016.493, 62
Trd, 4319017.043, 63
Trd, 4319017.793, 140
Trd, 4319019.243, 140
Trd, 4319019.393, 140
Trd, 4319020.743, 140
Trd, 4319021.393, 140
Trd, 4319021.893, 140
Trd, 4319022.093, 140
Trd, 4319023.093, 140
Trd, 4319023.943, 140
Trd, 4319024.293, 140
Trd, 4319024.443, 139
Trd, 4319025.043, 140
Trd, 4319025.693, 110
Trd, 4319026.793, 115
Trd, 4319027.843, 122
Trd, 4319028.943, 127
Trd, 4319029.193, 126
Trd, 4319029.293, 118
Trd, 4319029.443, 130
Trd, 4319030.793, 115
Trd, 4319030.943, 114
Trd, 4319031.593, 140
Trd, 4319032.043, 140
Trd, 4319033.293, 140
Trd, 4319033.693, 139
Trd, 4319033.893, 133
Trd, 4319034.193, 93
Trd, 4319035.193, 92
Trd, 4319036.843, 137
Trd, 4319038.043, 140
Trd, 4319039.043, 140
Trd, 4319039.543, 140
Trd, 4319040.293, 140
Trd, 4319040.843, 140
Trd, 4319040.943, 140
Trd, 4319041.493, 140
Trd, 4319041.643, 138
Trd, 4319041.843, 134
Trd, 4319042.693, 105
Trd, 4319043.093, 104
Trd, 4319044.493, 126
Trd, 4319046.543, 140
Trd, 4319046.993, 140
Trd, 4319047.343, 140
Trd, 4319047.843, 139
Trd, 4319048.093, 126
Trd, 4319048.243, 114
Trd, 4319048.543, 110
Trd, 4319049.793, 140
Trd, 4319049.843, 139
Trd, 4319051.193, 64
Trd, 4319052.493, 65
Trd, 4319053.693, 140
Trd, 4319054.243, 140
Trd, 4319054.443, 140
Trd, 4319056.343, 140
Trd, 4319056.643, 140
Trd, 4319057.343, 140
Trd, 4319057.693, 139
Trd, 4319057.843, 133
Trd, 4319058.193, 125
Trd, 4319059.193, 140
Trd, 4319060.343, 140
Trd, 4319060.643, 140
Trd, 4319062.343, 140
Trd, 4319062.643, 140
Trd, 4319063.693, 140
Trd, 4319063.893, 88
Trd, 4319064.943, 62
Trd, 4319065.293, 61
Trd, 4319066.043, 83
Trd, 4319066.243, 84
Trd, 4319066.643, 120
Trd, 4319068.043, 140
Trd, 4319068.393, 140
Trd, 4319068.943, 140
Trd, 4319069.493, 140
Trd, 4319070.943, 140
Trd, 4319071.793, 140
Trd, 4319072.443, 140
Trd, 4319073.593, 140
Trd, 4319073.743, 140
Trd, 4319073.993, 108
Trd, 4319074.793, 121
Trd, 4319075.143, 117
Trd, 4319075.243, 122
Trd, 4319075.343, 114
Trd, 4319076.943, 140
Trd, 4319078.043, 140
Trd, 4319078.643, 140
Trd, 4319079.193, 140
Trd, 4319079.743, 133
Trd, 4319081.493, 136
Trd, 4319081.843, 136
Trd, 4319082.493, 140
Trd, 4319082.793, 128
Trd, 4319082.943, 127
Trd, 4319084.943, 140
Trd, 4319085.093, 138
Trd, 4319085.143, 132
Trd, 4319085.743, 122
Trd, 4319086.143, 123
Trd, 4319086.193, 100
Trd, 4319087.643, 62
Trd, 4319088.293, 80
Trd, 4319090.543, 140
Trd, 4319091.143, 140
Trd, 4319091.593, 140
Trd, 4319091.793, 140
Trd, 4319091.993, 140
Trd, 4319092.143, 116
Trd, 4319092.993, 140
Trd, 4319093.593, 127
Trd, 4319094.993, 140
Trd, 4319095.393, 122
Trd, 4319095.793, 112
Trd, 4319096.393, 132
Trd, 4319096.993, 137
Trd, 4319097.193, 137
Trd, 4319098.293, 140
Trd, 4319098.793, 139
Trd, 4319100.293, 140
Trd, 4319100.493, 139
Trd, 4319101.543, 139
Trd, 4319101.743, 94
Trd, 4319101.993, 95
Trd, 4319102.893, 111
Trd, 4319103.593, 75
Trd, 4319104.143, 135
Trd, 4319104.693, 116
Trd, 4319106.893, 62
Trd, 4319107.843, 69
Trd, 4319108.193, 99
Trd, 4319108.993, 62
Trd, 4319111.493, 60
Trd, 4319112.143, 63
Trd, 4319112.293, 63
Trd, 4319112.393, 66
Trd, 4319113.093, 87
Trd, 4319114.793, 119
Trd, 4319115.093, 119
Trd, 4319115.243, 115
Trd, 4319115.593, 121
Trd, 4319115.843, 117
Trd, 4319116.793, 140
Trd, 4319116.843, 115
Trd, 4319117.343, 111
Trd, 4319118.243, 89
Trd, 4319118.543, 98
Trd, 4319118.743, 82
Trd, 4319119.293, 78
Trd, 4319120.443, 83
Trd, 4319120.793, 110
Trd, 4319120.843, 111
Trd, 4319121.893, 82
Trd, 4319122.943, 119
Trd, 4319123.943, 132
Trd, 4319124.143, 133
Trd, 4319124.193, 80
Trd, 4319124.893, 140
Trd, 4319124.943, 140
Trd, 4319125.443, 139
Trd, 4319126.093, 140
Trd, 4319127.093, 138
Trd, 4319128.043, 63
Trd, 4319129.493, 72
Trd, 4319129.593, 91
Trd, 4319129.843, 115
Trd, 4319132.243, 61
Trd, 4319133.293, 62
Trd, 4319133.443, 66
Trd, 4319135.643, 60
Trd, 4319135.893, 60
Trd, 4319136.043, 61
Trd, 4319138.193, 61
Trd, 4319138.493, 67
Trd, 4319139.493, 68
Trd, 4319139.943, 79
Trd, 4319140.143, 97
Trd, 4319140.893, 69
Trd, 4319140.993, 86
Trd, 4319141.093, 65
Trd, 4319142.893, 137
Trd, 4319143.343, 136
Trd, 4319144.693, 139
Trd, 4319145.443, 140
Trd, 4319146.093, 119
Trd, 4319146.343, 116
Trd, 4319146.943, 101
Trd, 4319147.593, 66
Trd, 4319147.843, 67
Trd, 4319149.093, 140
Trd, 4319149.143, 140
Trd, 4319149.243, 139
Trd, 4319149.693, 138
Trd, 4319151.343, 134
Trd, 4319151.493, 134
Trd, 4319151.693, 74
Trd, 4319152.593, 131
Trd, 4319153.293, 138
Trd, 4319153.343, 138
Trd, 4319154.743, 134
Trd, 4319155.093, 133
Trd, 4319155.943, 137
Trd, 4319156.643, 139
Trd, 4319156.793, 131
Trd, 4319156.843, 130
Trd, 4319157.243, 69
Trd, 4319158.093, 106
Trd, 4319158.993, 82
Trd, 4319159.593, 117
Trd, 4319162.093, 66
Trd, 4319162.293, 62
Trd, 4319162.693, 62
Trd, 4319162.993, 75
Trd, 4319163.593, 139
Trd, 4319163.993, 137
Trd, 4319164.343, 89
Trd, 4319164.693, 66
Trd, 4319166.643, 125
Trd, 4319166.743, 124
Trd, 4319166.943, 134
Trd, 4319168.543, 140
Trd, 4319169.143, 130
Trd, 4319169.293, 119
Trd, 4319169.493, 99
Trd, 4319170.893, 140
Trd, 4319172.243, 140
Trd, 4319172.393, 139
Trd, 4319173.193, 126
Trd, 4319173.443, 112
Trd, 4319173.693, 105
Trd, 4319174.543, 63
Trd, 4319175.293, 69
Trd, 4319176.093, 140
Trd, 4319176.193, 140
Trd, 4319177.043, 77
Trd, 4319177.393, 62
Trd, 4319179.243, 140
Trd, 4319179.793, 140
Trd, 4319180.243, 135
Trd, 4319180.743, 134
Trd, 4319182.193, 140
Trd, 4319182.493, 140
Trd, 4319182.693, 140
Trd, 4319183.093, 140
Trd, 4319183.243, 140
Trd, 4319184.543, 139
Trd, 4319186.143, 140
Trd, 4319186.243, 139
Trd, 4319187.143, 129
Trd, 4319187.643, 139
Trd, 4319189.393, 140
Trd, 4319189.493, 140
Trd, 4319189.693, 136
Trd, 4319189.843, 119
Trd, 4319190.143, 104
Trd, 4319190.893, 139
Trd, 4319192.043, 140
Trd, 4319192.343, 133
Trd, 4319193.243, 140
Trd, 4319193.343, 136
Trd, 4319193.943, 138
Trd, 4319194.143, 134
Trd, 4319194.693, 136
Trd, 4319195.193, 140
Trd, 4319195.593, 140
Trd, 4319195.993, 140
Trd, 4319196.843, 140
Trd, 4319197.543, 140
Trd, 4319198.793, 140
Trd, 4319198.843, 140
Trd, 4319198.943, 138
Trd, 4319201.543, 140
Trd, 4319202.043, 140
Trd, 4319203.693, 140
Trd, 4319203.993, 140
Trd, 4319204.193, 140
Trd, 4319204.443, 125
Trd, 4319205.143, 140
Trd, 4319205.893, 140
Trd, 4319206.293, 140
Trd, 4319206.693, 100
Trd, 4319208.093, 122
Trd, 4319210.793, 140
Trd, 4319210.943, 140
Trd, 4319211.043, 140
Trd, 4319211.443, 139
Trd, 4319211.593, 138
Trd, 4319212.793, 119
Trd, 4319213.543, 140
Trd, 4319214.043, 139
Trd, 4319214.143, 138
Trd, 4319214.793, 112
Trd, 4319215.093, 111
Trd, 4319215.143, 107
Trd, 4319215.843, 130
Trd, 4319216.393, 61
Trd, 4319217.343, 132
Trd, 4319218.193, 140
Trd, 4319219.743, 140
Trd, 4319220.343, 140
Trd, 4319220.743, 140
Trd, 4319222.343, 140
Trd, 4319223.343, 140
Trd, 4319223.593, 140
Trd, 4319224.193, 138
Trd, 4319224.543, 132
Trd, 4319225.243, 76
Trd, 4319225.943, 140
Trd, 4319226.543, 134
Trd, 4319227.293, 114
Trd, 4319229.543, 140
Trd, 4319229.793, 140
Trd, 4319230.843, 140
Trd, 4319231.293, 140
Trd, 4319231.443, 140
Trd, 4319231.693, 140
Trd, 4319232.493, 140
Trd, 4319232.643, 140
Trd, 4319234.243, 140
Trd, 4319234.293, 135
Trd, 4319235.143, 115
Trd, 4319235.743, 114
Trd, 4319235.993, 114
Trd, 4319236.043, 104
Trd, 4319236.593, 87
Trd, 4319236.793, 78
Trd, 4319237.743, 120
Trd, 4319238.443, 135
Trd, 4319239.793, 123
Trd, 4319239.893, 81
Trd, 4319240.443, 80
Trd, 4319240.893, 81
Trd, 4319242.743, 140
Trd, 4319244.043, 139
Trd, 4319244.343, 139
Trd, 4319244.493, 128
Trd, 4319245.343, 107
Trd, 4319246.393, 137
Trd, 4319246.993, 63
Trd, 4319248.093, 78
Trd, 4319248.193, 77
Trd, 4319249.493, 94
Trd, 4319249.843, 71
Trd, 4319251.193, 140
Trd, 4319251.343, 140
Trd, 4319254.093, 138
Trd, 4319254.243, 138
Trd, 4319254.643, 83
Trd, 4319254.743, 80
Trd, 4319255.443, 134
Trd, 4319255.993, 139
Trd, 4319256.043, 110
Trd, 4319256.243, 74
Trd, 4319257.543, 91
Trd, 4319258.093, 70
Trd, 4319259.893, 112
Trd, 4319260.043, 114
Trd, 4319261.143, 84
Trd, 4319262.293, 87
Trd, 4319262.343, 86
Trd, 4319263.343, 140
Trd, 4319263.393, 140
Trd, 4319263.943, 133
Trd, 4319264.743, 139
Trd, 4319264.943, 137
Trd, 4319265.293, 133
Trd, 4319266.093, 134
Trd, 4319266.343, 137
Trd, 4319266.993, 113
Trd, 4319268.093, 122
Trd, 4319268.343, 127
Trd, 4319268.693, 110
Trd, 4319269.893, 140
Trd, 4319270.493, 140
Trd, 4319270.893, 140
Trd, 4319272.443, 131
Trd, 4319272.543, 130
Trd, 4319272.843, 139
Trd, 4319273.493, 129
Trd, 4319273.943, 140
Trd, 4319274.943, 112
Trd, 4319275.093, 105
Trd, 4319276.243, 116
Trd, 4319277.443, 140
Trd, 4319278.893, 140
Trd, 4319279.343, 140
Trd, 4319280.093, 116
Trd, 4319280.143, 115
Trd, 4319281.043, 140
Trd, 4319281.443, 94
Trd, 4319281.693, 139
Trd, 4319282.843, 136
Trd, 4319283.443, 140
Trd, 4319284.693, 140
Trd, 4319284.743, 140
Trd, 4319285.043, 140
Trd, 4319286.643, 139
Trd, 4319287.143, 139
Trd, 4319287.643, 138
Trd, 4319288.443, 136
Trd, 4319289.243, 129
Trd, 4319289.593, 125
Trd, 4319290.393, 90
Trd, 4319290.643, 95
Trd, 4319292.093, 90
Trd, 4319292.243, 100
Trd, 4319293.093, 108
Trd, 4319293.843, 138
Trd, 4319294.043, 115
Trd, 4319294.293, 114
Trd, 4319296.243, 139
Trd, 4319296.343, 130
Trd, 4319297.093, 140
Trd, 4319297.293, 140
Trd, 4319299.243, 140
Trd, 4319299.593, 140
Trd, 4319299.943, 140
Trd, 4319300.143, 140
Trd, 4319300.843, 140
Trd, 4319301.993, 140
Trd, 4319302.043, 140
Trd, 4319302.343, 140
Trd, 4319302.593, 124
Trd, 4319304.143, 140
Trd, 4319306.293, 140
Trd, 4319306.793, 140
Trd, 4319306.843, 140
Trd, 4319306.943, 136
Trd, 4319307.043, 133
Trd, 4319308.693, 140
Trd, 4319308.743, 140
Trd, 4319309.593, 140
Trd, 4319309.693, 136
Trd, 4319311.293, 140
Trd, 4319312.043, 139
Trd, 4319312.643, 140
Trd, 4319313.343, 97
Trd, 4319313.793, 93
Trd, 4319313.943, 92
Trd, 4319315.343, 84
Trd, 4319316.743, 138
Trd, 4319317.993, 140
Trd, 4319318.393, 140
Trd, 4319319.343, 140
Trd, 4319319.443, 139
Trd, 4319320.043, 138
Trd, 4319320.343, 112
Trd, 4319322.443, 60
Trd, 4319322.593, 61
Trd, 4319322.893, 71
Trd, 4319323.943, 60
Trd, 4319326.193, 61
Trd, 4319326.343, 66
Trd, 4319327.193, 64
Trd, 4319327.293, 62
Trd, 4319328.443, 86
Trd, 4319329.543, 88
Trd, 4319329.893, 72
Trd, 4319330.093, 94
Trd, 4319331.493, 76
Trd, 4319331.843, 77
Trd, 4319331.993, 121
Trd, 4319332.543, 77
Trd, 4319334.343, 134
Trd, 4319334.793, 134
Trd, 4319335.793, 140
Trd, 4319336.293, 85
Trd, 4319336.343, 94
Trd, 4319337.243, 138
Trd, 4319337.343, 137
Trd, 4319337.393, 110
Trd, 4319338.593, 107
Trd, 4319338.943, 135
Trd, 4319340.543, 60
Trd, 4319340.643, 62
Trd, 4319341.193, 96
Trd, 4319341.343, 61
Trd, 4319342.993, 62
Trd, 4319343.943, 68
Trd, 4319343.993, 69
Trd, 4319345.393, 65
Trd, 4319346.293, 112
Trd, 4319346.393, 112
Trd, 4319346.443, 136
Trd, 4319347.193, 115
Trd, 4319348.093, 133
Trd, 4319348.443, 132
Trd, 4319348.993, 123
Trd, 4319349.693, 140
Trd, 4319350.243, 140
Trd, 4319350.643, 137
Trd, 4319352.793, 140
Trd, 4319352.993, 140
Trd, 4319353.043, 140
Trd, 4319353.943, 140
Trd, 4319354.393, 140
Trd, 4319355.343, 121
Trd, 4319356.343, 140
Trd, 4319356.993, 138
Trd, 4319357.143, 135
Trd, 4319357.243, 137
Trd, 4319358.943, 140
Trd, 4319360.593, 140
Trd, 4319361.143, 140
Trd, 4319361.193, 140
Trd, 4319361.393, 117
Trd, 4319361.843, 107
Trd, 4319362.193, 140
Trd, 4319362.993, 140
Trd, 4319363.493, 140
Trd, 4319363.643, 134
Trd, 4319363.693, 132
Trd, 4319364.093, 126
Trd, 4319365.093, 87
Trd, 4319366.043, 140
Trd, 4319366.293, 136
Trd, 4319366.993, 93
Trd, 4319369.043, 140
Trd, 4319369.243, 106
Trd, 4319371.293, 115
Trd, 4319371.393, 116
Trd, 4319371.493, 108
Trd, 4319372.643, 140
Trd, 4319373.143, 140
Trd, 4319373.543, 129
Trd, 4319374.243, 137
Trd, 4319375.043, 139
Trd, 4319375.093, 136
Trd, 4319375.593, 128
Trd, 4319375.643, 126
Trd, 4319377.343, 133
Trd, 4319378.293, 133
Trd, 4319378.443, 137
Trd, 4319378.543, 113
Trd, 4319380.243, 60
Trd, 4319380.493, 60
Trd, 4319380.543, 78
Trd, 4319383.143, 63
Trd, 4319383.543, 140
Trd, 4319384.943, 140
Trd, 4319385.243, 140
Trd, 4319385.493, 140
Trd, 4319385.543, 140
Trd, 4319386.243, 140
Trd, 4319387.043, 140
Trd, 4319388.093, 105
Trd, 4319388.193, 104
Trd, 4319388.643, 130
Trd, 4319389.493, 128
Trd, 4319390.743, 122
Trd, 4319391.243, 117
Trd, 4319391.493, 133
Trd, 4319392.693, 122
Trd, 4319392.843, 120
Trd, 4319393.093, 135
Trd, 4319393.893, 139
Trd, 4319394.793, 125
Trd, 4319396.343, 140
Trd, 4319397.043, 135
Trd, 4319397.843, 140
Trd, 4319398.043, 136
Trd, 4319398.393, 135
Trd, 4319399.393, 140
Trd, 4319400.243, 140
Trd, 4319401.443, 140
Trd, 4319402.093, 140
Trd, 4319402.243, 140
Trd, 4319402.493, 140
Trd, 4319402.993, 139
Trd, 4319404.093, 123
Trd, 4319404.693, 110
Trd, 4319405.293, 102
Trd, 4319405.443, 101
Trd, 4319406.093, 139
Trd, 4319407.093, 139
Trd, 4319407.343, 139
Trd, 4319407.593, 140
Trd, 4319408.443, 112
Trd, 4319408.843, 117
Trd, 4319410.193, 90
Trd, 4319410.293, 72
Trd, 4319410.893, 109
Trd, 4319411.093, 130
Trd, 4319411.793, 66
Trd, 4319412.043, 131
Trd, 4319412.493, 135
Trd, 4319413.443, 134
Trd, 4319414.493, 61
Trd, 4319416.093, 61
Trd, 4319416.343, 62
Trd, 4319418.043, 90
Trd, 4319418.593, 82
Trd, 4319419.243, 140
Trd, 4319419.493, 95
Trd, 4319419.693, 86
Trd, 4319420.343, 114
Trd, 4319420.693, 87
Trd, 4319420.843, 126
Trd, 4319421.993, 139
Trd, 4319422.693, 140
Trd, 4319424.393, 140
Trd, 4319424.693, 140
Trd, 4319425.143, 140
Trd, 4319426.443, 140
Trd, 4319426.743, 140
Trd, 4319426.993, 140
Trd, 4319428.243, 140
Trd, 4319429.043, 140
Trd, 4319429.393, 140
Trd, 4319429.643, 139
Trd, 4319429.893, 67
Trd, 4319431.493, 128
Trd, 4319432.193, 60
Trd, 4319432.343, 61
Trd, 4319432.643, 64
Trd, 4319433.343, 83
Trd, 4319434.593, 134
Trd, 4319436.143, 76
Trd, 4319436.943, 140
Trd, 4319438.193, 140
Trd, 4319438.593, 140
Trd, 4319438.693, 140
Trd, 4319438.943, 128
Trd, 4319439.693, 139
Trd, 4319440.643, 122
Trd, 4319441.243, 140
Trd, 4319441.293, 140
Trd, 4319441.493, 139
Trd, 4319442.793, 119
Trd, 4319445.443, 140
Trd, 4319445.793, 140
Trd, 4319446.143, 137
Trd, 4319446.293, 134
Trd, 4319446.843, 140
Trd, 4319447.593, 122
Trd, 4319448.193, 140
Trd, 4319448.243, 135
Trd, 4319449.593, 135
Trd, 4319449.743, 131
Trd, 4319451.243, 139
Trd, 4319453.093, 140
Trd, 4319453.393, 140
Trd, 4319454.243, 140
Trd, 4319455.243, 140
Trd, 4319455.293, 140
Trd, 4319455.543, 137
Trd, 4319456.343, 139
Trd, 4319457.243, 140
Trd, 4319457.393, 117
Trd, 4319458.793, 121
Trd, 4319459.443, 136
Trd, 4319459.793, 122
Trd, 4319459.993, 121
Trd, 4319461.293, 140
Trd, 4319461.793, 140
Trd, 4319461.993, 114
Trd, 4319463.043, 137
Trd, 4319463.693, 139
Trd, 4319464.093, 140
Trd, 4319464.543, 140
Trd, 4319465.793, 140
Trd, 4319466.393, 140
Trd, 4319466.843, 140
Trd, 4319467.393, 138
Trd, 4319467.843, 96
Trd, 4319469.743, 140
Trd, 4319470.293, 140
Trd, 4319470.443, 140
Trd, 4319470.693, 140
Trd, 4319471.243, 133
Trd, 4319472.143, 140
Trd, 4319472.743, 134
Trd, 4319473.293, 140
Trd, 4319473.443, 140
Trd, 4319473.643, 124
Trd, 4319476.093, 137
Trd, 4319476.893, 140
Trd, 4319477.643, 140
Trd, 4319477.743, 140
Trd, 4319478.693, 135
Trd, 4319479.693, 140
Trd, 4319479.743, 140
Trd, 4319480.393, 140
Trd, 4319480.543, 139
Trd, 4319482.743, 137
Trd, 4319483.343, 137
Trd, 4319483.543, 139
Trd, 4319484.143, 137
Trd, 4319485.343, 138
Trd, 4319485.443, 136
Trd, 4319485.993, 133
Trd, 4319486.893, 139
Trd, 4319487.143, 139
Trd, 4319488.343, 140
Trd, 4319488.493, 130
Trd, 4319489.443, 72
Trd, 4319489.543, 69
Trd, 4319490.243, 112
Trd, 4319491.943, 86
Trd, 4319492.043, 125
Trd, 4319492.793, 85
Trd, 4319493.543, 140
Trd, 4319494.043, 130
Trd, 4319494.093, 64
Trd, 4319494.893, 65
Trd, 4319496.093, 76
Trd, 4319498.093, 62
Trd, 4319498.943, 60
Trd, 4319499.343, 67
Trd, 4319499.593, 73
Trd, 4319500.393, 81
Trd, 4319500.743, 117
Trd, 4319501.643, 60
Trd, 4319501.693, 63
Trd, 4319502.693, 64
Trd, 4319503.193, 127
Trd, 4319503.393, 65
Trd, 4319503.643, 128
Trd, 4319505.593, 75
Trd, 4319505.943, 74
Trd, 4319506.243, 83
Trd, 4319506.543, 76
Trd, 4319506.843, 73
Trd, 4319507.893, 133
Trd, 4319509.043, 140
Trd, 4319509.093, 107
Trd, 4319511.043, 70
Trd, 4319511.193, 77
Trd, 4319511.443, 78
Trd, 4319512.243, 60
Trd, 4319513.993, 60
Trd, 4319514.893, 60
Trd, 4319516.393, 63
Trd, 4319517.043, 62
Trd, 4319517.443, 72
Trd, 4319518.443, 60
Trd, 4319518.943, 69
Trd, 4319520.093, 63
Trd, 4319520.743, 89
Trd, 4319521.343, 140
Trd, 4319521.943, 139
Trd, 4319522.743, 73
Trd, 4319524.193, 73
Trd, 4319525.843, 139
Trd, 4319526.493, 140
Trd, 4319526.943, 140
Trd, 4319526.993, 137
Trd, 4319527.343, 105
Trd, 4319528.193, 85
Trd, 4319529.243, 140
Trd, 4319529.793, 136
Trd, 4319530.543, 115
Trd, 4319530.793, 87
Trd, 4319531.693, 135
Trd, 4319533.843, 122
Trd, 4319533.993, 124
Trd, 4319534.593, 122
Trd, 4319535.493, 140
Trd, 4319536.043, 139
Trd, 4319536.243, 129
Trd, 4319537.843, 128
Trd, 4319538.143, 128
Trd, 4319538.193, 126
Trd, 4319539.593, 60
Trd, 4319539.743, 61
Trd, 4319541.043, 140
Trd, 4319541.343, 139
Trd, 4319542.243, 140
Trd, 4319542.893, 140
Trd, 4319543.143, 140
Trd, 4319543.243, 139
Trd, 4319544.493, 139
Trd, 4319544.943, 130
Trd, 4319546.393, 139
Trd, 4319546.893, 140
Trd, 4319547.043, 127
Trd, 4319547.993, 113
Trd, 4319549.143, 136
Trd, 4319549.493, 113
Trd, 4319550.243, 133
Trd, 4319551.193, 118
Trd, 4319551.643, 140
Trd, 4319552.493, 140
Trd, 4319552.593, 139
Trd, 4319553.993, 140
Trd, 4319554.343, 138
Trd, 4319554.693, 140
Trd, 4319555.093, 140
Trd, 4319555.893, 139
Trd, 4319556.793, 137
Trd, 4319557.043, 137
Trd, 4319557.543, 74
Trd, 4319559.493, 60
Trd, 4319559.693, 62
Trd, 4319559.893, 73
Trd, 4319560.143, 107
Trd, 4319560.393, 116
Trd, 4319562.543, 61
Trd, 4319563.843, 76
Trd, 4319564.043, 81
Trd, 4319564.443, 69
Trd, 4319565.393, 114
Trd, 4319565.443, 63
Trd, 4319565.993, 112
Trd, 4319566.793, 140
Trd, 4319566.993, 140
Trd, 4319567.493, 140
Trd, 4319567.693, 140
Trd, 4319567.993, 139
Trd, 4319569.443, 140
Trd, 4319569.843, 140
Trd, 4319569.993, 140
Trd, 4319570.593, 140
Trd, 4319571.193, 140
Trd, 4319571.243, 139
Trd, 4319573.143, 140
Trd, 4319574.143, 140
Trd, 4319575.043, 140
Trd, 4319575.293, 140
Trd, 4319576.393, 140
Trd, 4319576.643, 140
Trd, 4319576.743, 137
Trd, 4319578.393, 129
Trd, 4319579.193, 90
Trd, 4319579.243, 88
Trd, 4319579.893, 88
Trd, 4319580.843, 139
Trd, 4319582.443, 138
Trd, 4319582.843, 66
Trd, 4319583.693, 108
Trd, 4319584.043, 93
Trd, 4319585.143, 83
Trd, 4319586.243, 91
Trd, 4319586.793, 94
Trd, 4319587.043, 100
Trd, 4319588.043, 138
Trd, 4319588.093, 135
Trd, 4319590.693, 140
Trd, 4319591.093, 140
Trd, 4319591.443, 140
Trd, 4319591.743, 140
Trd, 4319592.443, 140
Trd, 4319592.943, 140
Trd, 4319593.043, 140
Trd, 4319593.793, 140
Trd, 4319594.943, 140
Trd, 4319596.093, 132
Trd, 4319596.443, 137
Trd, 4319597.443, 124
Trd, 4319597.543, 123
Trd, 4319597.893, 140
Trd, 4319599.093, 140
Trd, 4319599.643, 139
Trd, 4319600.293, 124
Trd, 4319600.443, 123
Trd, 4319600.643, 132
Trd, 4319601.643, 66
Trd, 4319602.393, 125
Trd, 4319603.693, 136
Trd, 4319603.943, 129
Trd, 4319604.693, 140
Trd, 4319605.143, 140
Trd, 4319607.843, 140
Trd, 4319607.893, 140
Trd, 4319607.993, 140
Trd, 4319608.043, 140
Trd, 4319609.293, 140
Trd, 4319609.743, 139
Trd, 4319610.043, 140
Trd, 4319611.493, 140
Trd, 4319612.143, 140
Trd, 4319612.393, 140
Trd, 4319612.493, 140
Trd, 4319612.643, 139
Trd, 4319614.193, 140
Trd, 4319614.943, 140
Trd, 4319615.243, 131
Trd, 4319616.543, 62
Trd, 4319617.343, 63
Trd, 4319617.443, 71
Trd, 4319617.743, 65
Trd, 4319618.093, 108
Trd, 4319619.443, 60
Trd, 4319620.743, 140
Trd, 4319620.893, 140
Trd, 4319621.593, 140
Trd, 4319621.643, 140
Trd, 4319621.843, 117
Trd, 4319622.643, 133
Trd, 4319625.543, 140
Trd, 4319625.993, 140
Trd, 4319626.643, 140
Trd, 4319626.743, 139
Trd, 4319627.143, 140
Trd, 4319628.393, 140
Trd, 4319628.593, 140
Trd, 4319628.993, 123
Trd, 4319629.243, 139
Trd, 4319630.193, 122
Trd, 4319630.243, 105
Trd, 4319631.043, 60
Trd, 4319631.793, 90
Trd, 4319634.143, 140
Trd, 4319634.643, 140
Trd, 4319635.093, 140
Trd, 4319635.443, 140
Trd, 4319635.593, 139
Trd, 4319636.493, 136
Trd, 4319637.143, 140
Trd, 4319637.543, 102
Trd, 4319639.593, 139
Trd, 4319641.093, 140
Trd, 4319642.143, 140
Trd, 4319642.493, 140
Trd, 4319642.993, 140
Trd, 4319643.293, 139
Trd, 4319643.443, 131
Trd, 4319643.493, 121
Trd, 4319643.543, 110
Trd, 4319644.593, 106
Trd, 4319644.743, 82
Trd, 4319648.043, 140
Trd, 4319648.343, 140
Trd, 4319648.693, 140
Trd, 4319648.743, 140
Trd, 4319649.193, 139
Trd, 4319650.093, 140
Trd, 4319651.443, 140
Trd, 4319652.443, 140
Trd, 4319652.793, 140
Trd, 4319653.393, 140
Trd, 4319653.893, 140
Trd, 4319655.343, 140
Trd, 4319657.043, 140
Trd, 4319657.293, 140
Trd, 4319657.493, 138
Trd, 4319658.143, 140
Trd, 4319658.443, 140
Trd, 4319659.793, 140
Trd, 4319661.343, 140
Trd, 4319661.393, 139
Trd, 4319661.893, 138
Trd, 4319663.193, 140
Trd, 4319663.743, 140
Trd, 4319664.343, 140
Trd, 4319665.293, 115
Trd, 4319665.893, 140
Trd, 4319666.693, 116
Trd, 4319667.043, 115
Trd, 4319667.693, 139
Trd, 4319667.793, 114
Trd, 4319668.843, 140
Trd, 4319669.393, 136
Trd, 4319669.693, 96
Trd, 4319671.543, 140
Trd, 4319671.843, 140
Trd, 4319671.893, 138
Trd, 4319673.093, 130
Trd, 4319673.343, 85
Trd, 4319673.443, 82
Trd, 4319675.393, 140
Trd, 4319676.793, 140
Trd, 4319677.493, 140
Trd, 4319677.543, 134
Trd, 4319677.793, 133
Trd, 4319679.193, 140
Trd, 4319679.593, 140
Trd, 4319680.793, 140
Trd, 4319681.893, 140
Trd, 4319682.293, 139
Trd, 4319683.693, 139
Trd, 4319684.193, 131
Trd, 4319684.843, 138
Trd, 4319685.093, 131
Trd, 4319685.643, 129
Trd, 4319686.243, 118
Trd, 4319687.143, 91
Trd, 4319687.393, 82
Trd, 4319687.443, 132
Trd, 4319688.093, 135
Trd, 4319688.293, 132
Trd, 4319689.193, 140
Trd, 4319690.193, 110
Trd, 4319690.443, 91
Trd, 4319691.093, 133
Trd, 4319691.643, 127
Trd, 4319692.643, 110
Trd, 4319692.993, 140
Trd, 4319693.093, 139
Trd, 4319693.843, 117
Trd, 4319694.093, 89
Trd, 4319695.293, 64
Trd, 4319695.943, 65
Trd, 4319697.543, 60
Trd, 4319699.243, 60
Trd, 4319699.493, 62
Trd, 4319699.893, 64
Trd, 4319700.243, 65
Trd, 4319700.793, 60
Trd, 4319701.393, 60
Trd, 4319702.443, 82
Trd, 4319704.143, 61
Trd, 4319704.693, 66
Trd, 4319705.893, 67
Trd, 4319706.093, 68
Trd, 4319706.493, 77
Trd, 4319707.543, 67
Trd, 4319707.643, 84
Trd, 4319708.193, 114
Trd, 4319709.043, 89
Trd, 4319709.143, 74
Trd, 4319709.343, 118
Trd, 4319710.943, 61
Trd, 4319711.893, 67
Trd, 4319712.643, 69
Trd, 4319712.693, 73
Trd, 4319714.393, 103
Trd, 4319714.693, 107
Trd, 4319715.093, 65
Trd, 4319716.193, 60
Trd, 4319717.193, 93
Trd, 4319717.443, 135
Trd, 4319718.443, 139
Trd, 4319719.043, 140
Trd, 4319719.143, 138
Trd, 4319719.993, 61
Trd, 4319720.693, 140
Trd, 4319720.943, 140
Trd, 4319722.093, 140
Trd, 4319722.443, 140
Trd, 4319722.943, 140
Trd, 4319723.043, 140
Trd, 4319724.543, 140
Trd, 4319724.993, 139
Trd, 4319725.443, 68
Trd, 4319726.743, 62
Trd, 4319727.543, 63
Trd, 4319728.143, 68
Trd, 4319728.543, 68
Trd, 4319728.943, 62
Trd, 4319729.793, 70
Trd, 4319730.193, 71
Trd, 4319730.893, 89
Trd, 4319730.993, 64
Trd, 4319731.093, 126
Trd, 4319732.643, 108
Trd, 4319733.443, 75
Trd, 4319734.093, 75
Trd, 4319734.643, 117
Trd, 4319735.143, 118
Trd, 4319735.193, 103
Trd, 4319735.443, 138
Trd, 4319736.443, 140
Trd, 4319737.243, 140
Trd, 4319737.493, 114
Trd, 4319737.993, 139
Trd, 4319738.293, 99
Trd, 4319738.693, 65
Trd, 4319739.643, 137
Trd, 4319740.093, 135
Trd, 4319741.143, 140
Trd, 4319741.343, 140
Trd, 4319742.143, 140
Trd, 4319743.493, 137
Trd, 4319743.593, 134
Trd, 4319744.543, 140
Trd, 4319745.243, 137
Trd, 4319745.993, 138
Trd, 4319746.243, 140
Trd, 4319747.693, 138
Trd, 4319747.893, 137
Trd, 4319747.993, 123
Trd, 4319748.093, 115
Trd, 4319749.793, 134
Trd, 4319749.943, 140
Trd, 4319752.043, 140
Trd, 4319752.393, 140
Trd, 4319752.843, 140
Trd, 4319753.393, 140
Trd, 4319754.143, 140
Trd, 4319754.493, 140
Trd, 4319754.843, 124
Trd, 4319755.593, 104
Trd, 4319756.293, 127
Trd, 4319757.293, 140
Trd, 4319757.843, 139
Trd, 4319758.193, 140
Trd, 4319759.693, 138
Trd, 4319760.743, 139
Trd, 4319761.143, 138
Trd, 4319762.443, 140
Trd, 4319763.343, 140
Trd, 4319763.543, 140
Trd, 4319764.793, 140
Trd, 4319765.943, 140
Trd, 4319766.293, 139
Trd, 4319766.493, 137
Trd, 4319767.593, 110
Trd, 4319769.143, 122
Trd, 4319769.743, 140
Trd, 4319769.843, 126
Trd, 4319770.043, 123
Trd, 4319770.093, 119
Trd, 4319770.993, 127
Trd, 4319771.743, 139
Trd, 4319772.193, 140
Trd, 4319773.093, 130
Trd, 4319774.493, 70
Trd, 4319774.993, 111
Trd, 4319775.043, 112
Trd, 4319775.243, 68
Trd, 4319775.943, 114
Trd, 4319776.043, 70
Trd, 4319776.743, 67
Trd, 4319778.543, 140
Trd, 4319779.093, 129
Trd, 4319779.593, 138
Trd, 4319779.893, 137
Trd, 4319780.493, 138
Trd, 4319780.643, 136
Trd, 4319780.743, 126
Trd, 4319782.493, 140
Trd, 4319782.643, 137
Trd, 4319783.743, 105
Trd, 4319784.193, 98
Trd, 4319785.143, 68
Trd, 4319785.493, 139
Trd, 4319786.543, 133
Trd, 4319786.843, 138
Trd, 4319787.093, 137
Trd, 4319787.693, 124
Trd, 4319788.643, 140
Trd, 4319789.043, 140
Trd, 4319789.443, 139
Trd, 4319789.593, 97
Trd, 4319791.193, 94
Trd, 4319791.243, 108
Trd, 4319792.343, 140
Trd, 4319792.393, 134
Trd, 4319793.443, 132
Trd, 4319793.493, 131
Trd, 4319794.093, 129
Trd, 4319794.393, 140
Trd, 4319796.893, 140
Trd, 4319797.293, 140
Trd, 4319799.643, 140
Trd, 4319799.793, 140
Trd, 4319800.993, 140
Trd, 4319801.643, 140
Trd, 4319802.193, 140
Trd, 4319802.543, 139
Trd, 4319802.643, 137
Trd, 4319804.143, 136
Trd, 4319804.643, 138
Trd, 4319805.143, 123
Trd, 4319805.243, 120
Trd, 4319805.943, 113
Trd, 4319806.093, 112
Trd, 4319807.243, 130
Trd, 4319807.643, 140
Trd, 4319807.793, 101
Trd, 4319808.543, 129
Trd, 4319808.793, 129
Trd, 4319809.343, 65
Trd, 4319811.043, 140
Trd, 4319811.843, 139
Trd, 4319812.543, 139
Trd, 4319812.793, 138
Trd, 4319813.243, 131
Trd, 4319813.343, 140
Trd, 4319813.893, 127
Trd, 4319814.193, 133
Trd, 4319814.593, 61
Trd, 4319816.193, 140
Trd, 4319818.193, 140
Trd, 4319818.343, 140
Trd, 4319819.793, 140
Trd, 4319820.043, 140
Trd, 4319820.143, 140
Trd, 4319820.243, 138
Trd, 4319820.643, 128
Trd, 4319821.343, 131
Trd, 4319821.843, 118
Trd, 4319823.493, 123
Trd, 4319823.643, 123
Trd, 4319823.693, 122
Trd, 4319825.093, 140
Trd, 4319825.443, 140
Trd, 4319825.993, 140
Trd, 4319826.593, 138
Trd, 4319827.093, 121
Trd, 4319827.343, 118
Trd, 4319827.793, 123
Trd, 4319827.993, 106
Trd, 4319828.943, 88
Trd, 4319830.743, 121
Trd, 4319831.293, 140
Trd, 4319831.843, 140
Trd, 4319833.093, 140
Trd, 4319833.393, 140
Trd, 4319834.643, 140
Trd, 4319834.693, 140
Trd, 4319834.743, 139
Trd, 4319835.693, 83
Trd, 4319836.043, 125
Trd, 4319836.943, 124
Trd, 4319837.993, 118
Trd, 4319838.593, 140
Trd, 4319840.193, 140
Trd, 4319840.293, 140
Trd, 4319841.793, 140
Trd, 4319841.943, 140
Trd, 4319841.993, 140
Trd, 4319842.543, 139
Trd, 4319842.793, 140
Trd, 4319843.093, 140
Trd, 4319844.093, 140
Trd, 4319844.893, 140
Trd, 4319845.543, 140
Trd, 4319846.243, 140
Trd, 4319847.143, 139
Trd, 4319847.243, 138
Trd, 4319849.793, 140
Trd, 4319850.043, 140
Trd, 4319850.743, 140
Trd, 4319851.243, 139
Trd, 4319851.543, 135
Trd, 4319851.643, 119
Trd, 4319852.893, 131
Trd, 4319853.793, 136
Trd, 4319854.693, 138
Trd, 4319855.543, 140
Trd, 4319856.843, 104
Trd, 4319857.443, 103
Trd, 4319859.093, 139
Trd, 4319859.243, 137
Trd, 4319860.643, 127
Trd, 4319860.693, 125
Trd, 4319861.093, 108
Trd, 4319861.643, 140
Trd, 4319864.293, 140
Trd, 4319864.543, 140
Trd, 4319864.843, 140
Trd, 4319864.993, 139
Trd, 4319866.743, 140
Trd, 4319868.393, 140
Trd, 4319868.743, 140
Trd, 4319869.143, 140
Trd, 4319869.193, 137
Trd, 4319869.443, 136
Trd, 4319869.643, 135
Trd, 4319869.893, 126
Trd, 4319870.943, 63
Trd, 4319871.543, 62
Trd, 4319872.543, 62
Trd, 4319872.643, 63
Trd, 4319873.493, 112
Trd, 4319874.443, 64
Trd, 4319875.043, 60
Trd, 4319876.293, 80
Trd, 4319878.043, 81
Trd, 4319878.693, 63
Trd, 4319879.043, 81
Trd, 4319879.843, 66
Trd, 4319880.543, 61
Trd, 4319881.293, 63
Trd, 4319881.993, 80
Trd, 4319882.043, 89
Trd, 4319883.843, 107
Trd, 4319884.043, 68
Trd, 4319884.493, 91
Trd, 4319885.193, 91
Trd, 4319885.343, 68
Trd, 4319885.493, 131
Trd, 4319886.943, 72
Trd, 4319887.143, 72
Trd, 4319888.393, 64
Trd, 4319889.693, 62
Trd, 4319889.793, 72
Trd, 4319891.793, 80
Trd, 4319891.893, 81
Trd, 4319892.093, 117
Trd, 4319893.043, 140
Trd, 4319893.193, 140
Trd, 4319894.093, 138
Trd, 4319894.243, 133
Trd, 4319896.193, 122
Trd, 4319897.193, 136
Trd, 4319897.493, 135
Trd, 4319898.143, 127
Trd, 4319899.493, 140
Trd, 4319899.543, 140
Trd, 4319900.443, 140
Trd, 4319901.193, 140
Trd, 4319901.843, 140
Trd, 4319902.443, 137
Trd, 4319903.393, 133
Trd, 4319903.743, 140
Trd, 4319904.493, 139
Trd, 4319905.093, 134
Trd, 4319905.243, 132
Trd, 4319905.643, 138
Trd, 4319906.443, 132
Trd, 4319908.643, 140
Trd, 4319908.743, 140
Trd, 4319909.143, 132
Trd, 4319909.443, 130
Trd, 4319909.893, 140
Trd, 4319910.993, 131
Trd, 4319911.293, 62
Trd, 4319911.643, 120
Trd, 4319912.043, 140
Trd, 4319913.343, 65
Trd, 4319913.793, 73
Trd, 4319914.393, 60
Trd, 4319917.793, 60
Trd, 4319918.343, 60
Trd, 4319918.643, 60
Trd, 4319918.843, 62
Trd, 4319919.993, 60
Trd, 4319920.193, 60
Trd, 4319921.693, 60
Trd, 4319922.243, 61
Trd, 4319922.393, 65
Trd, 4319922.643, 63
Trd, 4319923.343, 95
Trd, 4319924.293, 94
Trd, 4319924.743, 132
Trd, 4319925.593, 87
Trd, 4319925.893, 84
Trd, 4319926.743, 76
Trd, 4319928.193, 60
Trd, 4319928.993, 62
Trd, 4319929.143, 68
Trd, 4319930.643, 75
Trd, 4319933.293, 69
Trd, 4319933.693, 119
Trd, 4319933.743, 139
Trd, 4319934.293, 140
Trd, 4319934.343, 132
Trd, 4319934.693, 62
Trd, 4319935.193, 140
Trd, 4319936.493, 140
Trd, 4319937.093, 140
Trd, 4319937.593, 140
Trd, 4319937.693, 140
Trd, 4319938.743, 140
Trd, 4319939.243, 140
Trd, 4319939.843, 138
Trd, 4319940.693, 136
Trd, 4319940.843, 133
Trd, 4319941.693, 62
Trd, 4319942.943, 140
Trd, 4319943.193, 138
Trd, 4319943.793, 137
Trd, 4319944.243, 137
Trd, 4319945.093, 123
Trd, 4319946.293, 140
Trd, 4319946.443, 140
Trd, 4319947.093, 140
Trd, 4319948.143, 139
Trd, 4319948.643, 140
Trd, 4319948.793, 139
Trd, 4319950.393, 138
Trd, 4319950.593, 126
Trd, 4319951.043, 107
Trd, 4319951.543, 111
Trd, 4319951.843, 65
Trd, 4319952.043, 113
Trd, 4319954.293, 60
Trd, 4319954.693, 62
Trd, 4319954.893, 101
Trd, 4319957.143, 64
Trd, 4319958.693, 65
Trd, 4319959.043, 81
Trd, 4319959.093, 79
Trd, 4319959.543, 77
Trd, 4319959.643, 90
Trd, 4319959.793, 77
Trd, 4319960.293, 101
Trd, 4319961.743, 139
Trd, 4319962.943, 140
Trd, 4319963.293, 140
Trd, 4319963.643, 140
Trd, 4319963.743, 140
Trd, 4319964.393, 140
Trd, 4319966.343, 140
Trd, 4319967.593, 140
Trd, 4319967.693, 140
Trd, 4319967.893, 140
Trd, 4319969.393, 140
Trd, 4319970.143, 140
Trd, 4319970.393, 106
Trd, 4319970.843, 138
Trd, 4319971.593, 136
Trd, 4319972.493, 69
Trd, 4319973.093, 60
Trd, 4319973.693, 61
Trd, 4319974.893, 63
Trd, 4319975.993, 92
Trd, 4319976.143, 63
Trd, 4319977.293, 65
Trd, 4319978.443, 88
Trd, 4319979.193, 132
Trd, 4319979.343, 85
Trd, 4319979.493, 84
Trd, 4319981.093, 88
Trd, 4319981.693, 93
Trd, 4319982.093, 95
Trd, 4319982.293, 89
Trd, 4319983.543, 140
Trd, 4319983.843, 140
Trd, 4319984.993, 140
Trd, 4319985.093, 125
Trd, 4319985.243, 94
Trd, 4319986.143, 140
Trd, 4319986.193, 106
Trd, 4319987.943, 73
Trd, 4319988.593, 137
Trd, 4319988.893, 69
Trd, 4319988.943, 68
Trd, 4319989.493, 91
Trd, 4319989.843, 66
Trd, 4319990.593, 130
Trd, 4319992.393, 132
Trd, 4319992.493, 121
Trd, 4319993.343, 139
Trd, 4319994.143, 140
Trd, 4319995.393, 140
Trd, 4319996.193, 140
Trd, 4319996.393, 140
Trd, 4319997.193, 140
Trd, 4319997.293, 140
Trd, 4319997.943, 140
Trd, 4319997.993, 132
Trd, 4319998.093, 130
Trd, 4319998.743, 66
Trd, 4319998.793, 67
Trd, 4319999.943, 85
