Trd, 4318069.393, 116
Trd, 4318070.643, 108
Trd, 4318070.743, 111
Trd, 4318071.493, 74
Trd, 4318071.793, 132
Trd, 4318071.893, 132
Trd, 4318074.143, 93
Trd, 4318074.543, 112
Trd, 4318074.643, 120
Trd, 4318075.193, 124
Trd, 4318077.143, 140
Trd, 4318077.193, 98
Trd, 4318077.593, 137
Trd, 4318078.893, 64
Trd, 4318079.493, 87
Trd, 4318080.743, 129
Trd, 4318082.093, 94
Trd, 4318082.193, 82
Trd, 4318083.043, 73
Trd, 4318083.643, 88
Trd, 4318084.593, 135
Trd, 4318085.843, 135
Trd, 4318086.693, 110
Trd, 4318087.893, 135
Trd, 4318087.993, 100
Trd, 4318088.393, 103
Trd, 4318088.743, 86
Trd, 4318089.343, 126
Trd, 4318090.093, 101
Trd, 4318090.743, 61
Trd, 4318092.593, 84
Trd, 4318093.143, 81
Trd, 4318094.593, 124
Trd, 4318094.943, 115
Trd, 4318096.343, 102
Trd, 4318096.643, 116
Trd, 4318096.893, 111
Trd, 4318097.743, 102
Trd, 4318098.043, 103
Trd, 4318098.793, 96
Trd, 4318101.143, 119
Trd, 4318101.443, 135
Trd, 4318101.893, 105
Trd, 4318102.043, 103
Trd, 4318104.243, 114
Trd, 4318104.543, 94
Trd, 4318104.843, 104
Trd, 4318105.243, 91
Trd, 4318107.143, 110
Trd, 4318107.393, 104
Trd, 4318107.993, 117
Trd, 4318108.443, 105
Trd, 4318109.943, 85
Trd, 4318110.193, 87
Trd, 4318112.993, 119
Trd, 4318113.293, 121
Trd, 4318113.793, 125
Trd, 4318115.743, 94
Trd, 4318116.793, 104
Trd, 4318117.193, 127
Trd, 4318119.043, 137
Trd, 4318119.443, 93
Trd, 4318119.793, 118
Trd, 4318120.993, 74
Trd, 4318122.743, 124
Trd, 4318123.293, 136
Trd, 4318123.693, 128
Trd, 4318123.943, 112
Trd, 4318124.093, 95
Trd, 4318124.843, 83
Trd, 4318125.093, 92
Trd, 4318127.343, 117
Trd, 4318128.243, 115
Trd, 4318128.393, 126
Trd, 4318128.443, 112
Trd, 4318128.593, 107
Trd, 4318129.793, 109
Trd, 4318131.443, 106
Trd, 4318131.743, 107
Trd, 4318133.193, 123
Trd, 4318133.893, 109
Trd, 4318134.193, 114
Trd, 4318134.393, 127
Trd, 4318134.943, 119
Trd, 4318135.493, 115
Trd, 4318137.293, 96
Trd, 4318137.593, 109
Trd, 4318138.093, 84
Trd, 4318138.393, 82
Trd, 4318141.093, 110
Trd, 4318141.643, 99
Trd, 4318141.743, 127
Trd, 4318142.843, 128
Trd, 4318143.193, 103
Trd, 4318143.593, 127
Trd, 4318144.393, 88
Trd, 4318144.743, 115
Trd, 4318147.293, 120
Trd, 4318148.843, 102
Trd, 4318149.143, 90
Trd, 4318149.493, 119
Trd, 4318151.043, 127
Trd, 4318151.643, 105
Trd, 4318152.093, 103
Trd, 4318153.943, 106
Trd, 4318154.943, 129
Trd, 4318155.293, 108
Trd, 4318155.693, 89
Trd, 4318157.043, 102
Trd, 4318157.343, 106
Trd, 4318160.543, 135
Trd, 4318160.993, 119
Trd, 4318161.593, 121
Trd, 4318163.193, 137
Trd, 4318163.243, 124
Trd, 4318164.993, 89
Trd, 4318165.743, 90
Trd, 4318166.393, 115
Trd, 4318167.593, 122
Trd, 4318167.693, 81
Trd, 4318168.593, 96
Trd, 4318170.843, 126
Trd, 4318171.643, 110
Trd, 4318172.343, 120
Trd, 4318172.443, 120
Trd, 4318173.993, 111
Trd, 4318174.443, 76
Trd, 4318176.093, 130
Trd, 4318176.543, 124
Trd, 4318177.043, 114
Trd, 4318178.143, 93
Trd, 4318178.193, 103
Trd, 4318179.243, 118
Trd, 4318180.043, 102
Trd, 4318180.843, 113
Trd, 4318181.743, 119
Trd, 4318182.193, 117
Trd, 4318183.493, 94
Trd, 4318184.443, 94
Trd, 4318185.643, 112
Trd, 4318186.893, 107
Trd, 4318187.093, 119
Trd, 4318187.593, 98
Trd, 4318188.093, 129
Trd, 4318189.143, 135
Trd, 4318190.293, 114
Trd, 4318191.093, 140
Trd, 4318193.843, 93
Trd, 4318195.193, 79
Trd, 4318195.293, 134
Trd, 4318195.393, 100
Trd, 4318196.993, 127
Trd, 4318197.043, 124
Trd, 4318198.043, 118
Trd, 4318199.043, 103
Trd, 4318199.593, 102
Trd, 4318200.443, 104
Trd, 4318201.643, 124
Trd, 4318202.243, 124
Trd, 4318203.393, 91
Trd, 4318203.493, 102
Trd, 4318203.893, 110
Trd, 4318204.093, 90
Trd, 4318204.393, 81
Trd, 4318206.993, 126
Trd, 4318207.943, 84
Trd, 4318208.593, 88
Trd, 4318209.093, 79
Trd, 4318209.543, 80
Trd, 4318210.493, 84
Trd, 4318211.693, 91
Trd, 4318212.543, 82
Trd, 4318212.693, 102
Trd, 4318213.743, 109
Trd, 4318213.843, 94
Trd, 4318214.843, 131
Trd, 4318215.293, 116
Trd, 4318215.943, 118
Trd, 4318216.093, 115
Trd, 4318217.443, 86
Trd, 4318217.893, 69
Trd, 4318219.293, 98
Trd, 4318219.943, 78
Trd, 4318220.843, 62
Trd, 4318222.193, 112
Trd, 4318222.543, 98
Trd, 4318222.793, 111
Trd, 4318223.543, 110
Trd, 4318224.343, 119
Trd, 4318225.543, 112
Trd, 4318226.043, 130
Trd, 4318227.543, 103
Trd, 4318227.593, 99
Trd, 4318229.893, 102
Trd, 4318230.593, 131
Trd, 4318233.693, 106
Trd, 4318233.793, 103
Trd, 4318234.093, 104
Trd, 4318234.493, 133
Trd, 4318234.893, 96
Trd, 4318235.193, 113
Trd, 4318235.393, 110
Trd, 4318236.043, 87
Trd, 4318237.343, 86
Trd, 4318238.093, 73
Trd, 4318239.993, 130
Trd, 4318240.243, 128
Trd, 4318241.143, 95
Trd, 4318242.143, 104
Trd, 4318242.293, 128
Trd, 4318243.043, 121
Trd, 4318243.493, 123
Trd, 4318245.893, 118
Trd, 4318246.443, 112
Trd, 4318246.943, 115
Trd, 4318247.043, 138
Trd, 4318247.143, 92
Trd, 4318247.693, 91
Trd, 4318248.893, 116
Trd, 4318249.093, 112
Trd, 4318249.543, 124
Trd, 4318250.243, 74
Trd, 4318250.293, 87
Trd, 4318252.693, 131
Trd, 4318253.243, 120
Trd, 4318253.293, 93
Trd, 4318253.793, 91
Trd, 4318255.693, 90
Trd, 4318256.993, 118
Trd, 4318257.193, 98
Trd, 4318257.743, 109
Trd, 4318258.693, 136
Trd, 4318258.893, 131
Trd, 4318259.093, 80
Trd, 4318259.843, 116
Trd, 4318260.893, 94
Trd, 4318261.893, 99
Trd, 4318262.093, 77
Trd, 4318262.393, 72
Trd, 4318264.293, 116
Trd, 4318265.143, 74
Trd, 4318265.193, 77
Trd, 4318265.743, 81
Trd, 4318266.943, 86
Trd, 4318267.193, 83
Trd, 4318268.293, 120
Trd, 4318270.293, 114
Trd, 4318270.343, 105
Trd, 4318270.443, 126
Trd, 4318271.193, 123
Trd, 4318271.743, 120
Trd, 4318272.843, 133
Trd, 4318273.693, 120
Trd, 4318273.843, 102
Trd, 4318275.693, 134
Trd, 4318276.493, 135
Trd, 4318276.793, 112
Trd, 4318277.693, 134
Trd, 4318278.093, 128
Trd, 4318278.393, 127
Trd, 4318279.393, 132
Trd, 4318279.443, 80
Trd, 4318280.343, 106
Trd, 4318281.093, 100
Trd, 4318281.993, 80
Trd, 4318282.493, 67
Trd, 4318283.143, 98
Trd, 4318283.593, 77
Trd, 4318284.743, 135
Trd, 4318285.843, 110
Trd, 4318286.293, 119
Trd, 4318287.243, 135
Trd, 4318288.143, 108
Trd, 4318288.893, 126
Trd, 4318289.843, 111
Trd, 4318290.443, 117
Trd, 4318290.643, 110
Trd, 4318291.993, 106
Trd, 4318292.793, 96
Trd, 4318293.693, 94
Trd, 4318294.243, 116
Trd, 4318295.093, 112
Trd, 4318297.193, 92
Trd, 4318297.743, 97
Trd, 4318298.693, 128
Trd, 4318299.343, 110
Trd, 4318300.343, 136
Trd, 4318300.943, 91
Trd, 4318302.143, 104
Trd, 4318302.643, 93
Trd, 4318303.993, 132
Trd, 4318304.493, 86
Trd, 4318305.393, 87
Trd, 4318305.943, 97
Trd, 4318306.193, 96
Trd, 4318306.643, 88
Trd, 4318307.593, 135
Trd, 4318307.893, 98
Trd, 4318308.893, 127
Trd, 4318310.593, 96
Trd, 4318312.443, 125
Trd, 4318312.743, 122
Trd, 4318313.343, 108
Trd, 4318313.493, 108
Trd, 4318313.593, 91
Trd, 4318314.243, 113
Trd, 4318315.693, 105
Trd, 4318317.143, 129
Trd, 4318317.193, 118
Trd, 4318318.143, 94
Trd, 4318318.343, 138
Trd, 4318318.443, 87
Trd, 4318320.043, 103
Trd, 4318321.193, 132
Trd, 4318322.593, 104
Trd, 4318322.993, 117
Trd, 4318323.943, 121
Trd, 4318323.993, 107
Trd, 4318324.393, 90
Trd, 4318326.693, 102
Trd, 4318326.893, 103
Trd, 4318329.693, 113
Trd, 4318330.143, 138
Trd, 4318330.643, 128
Trd, 4318330.993, 101
Trd, 4318332.093, 139
Trd, 4318332.143, 120
Trd, 4318332.943, 96
Trd, 4318333.943, 135
Trd, 4318335.493, 129
Trd, 4318336.143, 93
Trd, 4318336.443, 126
Trd, 4318337.143, 132
Trd, 4318338.393, 79
Trd, 4318339.743, 136
Trd, 4318340.343, 125
Trd, 4318340.893, 90
Trd, 4318342.143, 134
Trd, 4318342.643, 118
Trd, 4318343.793, 92
Trd, 4318345.343, 122
Trd, 4318346.343, 107
Trd, 4318348.943, 121
Trd, 4318349.193, 116
Trd, 4318349.593, 123
Trd, 4318351.243, 120
Trd, 4318351.893, 87
Trd, 4318352.493, 77
Trd, 4318352.843, 84
Trd, 4318354.543, 71
Trd, 4318354.593, 80
Trd, 4318355.393, 119
Trd, 4318356.493, 135
Trd, 4318356.793, 78
Trd, 4318357.193, 67
Trd, 4318357.843, 67
Trd, 4318358.793, 84
Trd, 4318359.393, 117
Trd, 4318359.443, 92
Trd, 4318360.143, 117
Trd, 4318361.093, 87
Trd, 4318361.593, 108
Trd, 4318363.593, 97
Trd, 4318363.843, 127
Trd, 4318365.343, 124
Trd, 4318365.443, 102
Trd, 4318366.343, 105
Trd, 4318366.393, 96
Trd, 4318367.143, 120
Trd, 4318368.393, 61
Trd, 4318368.643, 68
Trd, 4318368.993, 94
Trd, 4318369.143, 127
Trd, 4318369.393, 66
Trd, 4318370.043, 85
Trd, 4318370.993, 67
Trd, 4318372.043, 68
Trd, 4318373.543, 121
Trd, 4318374.493, 105
Trd, 4318374.543, 105
Trd, 4318375.143, 125
Trd, 4318376.943, 102
Trd, 4318377.593, 108
Trd, 4318377.893, 85
Trd, 4318378.843, 113
Trd, 4318378.893, 88
Trd, 4318379.143, 132
Trd, 4318380.043, 82
Trd, 4318381.093, 102
Trd, 4318382.693, 122
Trd, 4318383.043, 140
Trd, 4318383.343, 139
Trd, 4318384.643, 102
Trd, 4318385.293, 134
Trd, 4318386.343, 115
Trd, 4318387.793, 125
Trd, 4318389.043, 128
Trd, 4318389.193, 138
Trd, 4318389.893, 129
Trd, 4318390.543, 127
Trd, 4318391.243, 117
Trd, 4318392.343, 114
Trd, 4318394.593, 82
Trd, 4318395.343, 122
Trd, 4318397.393, 123
Trd, 4318398.093, 125
Trd, 4318398.443, 129
Trd, 4318398.543, 115
Trd, 4318399.243, 108
Trd, 4318399.343, 102
Trd, 4318399.893, 112
Trd, 4318400.143, 66
Trd, 4318402.793, 122
Trd, 4318403.643, 118
Trd, 4318404.243, 122
Trd, 4318404.593, 128
Trd, 4318405.043, 138
Trd, 4318406.243, 124
Trd, 4318406.843, 126
Trd, 4318408.493, 109
Trd, 4318410.643, 92
Trd, 4318411.093, 100
Trd, 4318411.443, 101
Trd, 4318411.743, 120
Trd, 4318413.193, 131
Trd, 4318414.493, 114
Trd, 4318414.793, 99
Trd, 4318415.693, 103
Trd, 4318416.143, 108
Trd, 4318416.693, 113
Trd, 4318417.143, 104
Trd, 4318419.443, 110
Trd, 4318419.543, 102
Trd, 4318419.943, 93
Trd, 4318420.593, 124
Trd, 4318422.143, 92
Trd, 4318423.343, 103
Trd, 4318423.493, 85
Trd, 4318424.893, 109
Trd, 4318424.943, 84
Trd, 4318425.393, 118
Trd, 4318426.493, 76
Trd, 4318426.693, 69
Trd, 4318426.893, 77
Trd, 4318427.443, 107
Trd, 4318428.043, 88
Trd, 4318429.493, 81
Trd, 4318430.093, 129
Trd, 4318430.993, 122
Trd, 4318431.343, 94
Trd, 4318431.843, 63
Trd, 4318432.343, 109
Trd, 4318433.393, 95
Trd, 4318434.643, 138
Trd, 4318434.843, 120
Trd, 4318436.143, 133
Trd, 4318436.743, 106
Trd, 4318437.093, 137
Trd, 4318438.143, 110
Trd, 4318439.043, 132
Trd, 4318439.143, 99
Trd, 4318439.443, 97
Trd, 4318440.543, 126
Trd, 4318440.893, 119
Trd, 4318441.843, 127
Trd, 4318442.643, 123
Trd, 4318444.193, 134
Trd, 4318444.493, 102
Trd, 4318444.643, 113
Trd, 4318445.593, 111
Trd, 4318447.143, 97
Trd, 4318449.143, 127
Trd, 4318449.943, 128
Trd, 4318450.043, 97
Trd, 4318451.193, 133
Trd, 4318452.343, 102
Trd, 4318453.093, 104
Trd, 4318454.693, 117
Trd, 4318455.243, 138
Trd, 4318457.343, 93
Trd, 4318457.543, 97
Trd, 4318458.943, 92
Trd, 4318459.243, 113
Trd, 4318459.843, 120
Trd, 4318460.393, 128
Trd, 4318460.693, 85
Trd, 4318461.443, 133
Trd, 4318461.643, 121
Trd, 4318461.743, 85
Trd, 4318462.343, 132
Trd, 4318463.393, 139
Trd, 4318466.043, 131
Trd, 4318466.593, 89
Trd, 4318468.043, 113
Trd, 4318468.843, 81
Trd, 4318469.343, 130
Trd, 4318469.893, 112
Trd, 4318470.093, 130
Trd, 4318471.243, 128
Trd, 4318472.693, 112
Trd, 4318472.893, 131
Trd, 4318473.343, 101
Trd, 4318473.643, 121
Trd, 4318476.493, 117
Trd, 4318476.543, 122
Trd, 4318477.293, 124
Trd, 4318479.143, 94
Trd, 4318479.393, 91
Trd, 4318479.943, 91
Trd, 4318480.193, 121
Trd, 4318480.943, 89
Trd, 4318482.693, 133
Trd, 4318482.843, 127
Trd, 4318484.443, 129
Trd, 4318485.643, 111
Trd, 4318485.943, 107
Trd, 4318486.193, 113
Trd, 4318487.243, 117
Trd, 4318487.893, 115
Trd, 4318487.943, 110
Trd, 4318488.643, 93
Trd, 4318490.143, 112
Trd, 4318491.043, 99
Trd, 4318491.093, 113
Trd, 4318491.143, 78
Trd, 4318492.543, 119
Trd, 4318493.693, 100
Trd, 4318494.093, 81
Trd, 4318494.293, 90
Trd, 4318494.943, 111
Trd, 4318495.493, 119
Trd, 4318496.343, 133
Trd, 4318497.343, 117
Trd, 4318498.843, 99
Trd, 4318500.793, 91
Trd, 4318501.293, 119
Trd, 4318502.543, 98
Trd, 4318503.943, 85
Trd, 4318504.193, 70
Trd, 4318504.543, 111
Trd, 4318504.943, 119
Trd, 4318505.443, 137
Trd, 4318507.043, 104
Trd, 4318507.543, 104
Trd, 4318508.443, 123
Trd, 4318508.993, 115
Trd, 4318510.393, 95
Trd, 4318511.343, 95
Trd, 4318512.543, 117
Trd, 4318513.843, 90
Trd, 4318514.793, 85
Trd, 4318515.293, 127
Trd, 4318515.343, 128
Trd, 4318516.743, 113
Trd, 4318517.093, 124
Trd, 4318518.593, 102
Trd, 4318518.793, 82
Trd, 4318519.093, 74
Trd, 4318520.993, 139
Trd, 4318521.543, 114
Trd, 4318522.843, 101
Trd, 4318522.893, 98
Trd, 4318523.893, 136
Trd, 4318524.793, 92
Trd, 4318526.293, 122
Trd, 4318527.343, 114
Trd, 4318527.943, 114
Trd, 4318528.393, 103
Trd, 4318528.543, 110
Trd, 4318528.693, 118
Trd, 4318530.393, 111
Trd, 4318531.843, 105
Trd, 4318532.643, 122
Trd, 4318534.443, 119
Trd, 4318534.593, 113
Trd, 4318535.293, 98
Trd, 4318536.193, 106
Trd, 4318536.343, 128
Trd, 4318536.843, 122
Trd, 4318537.243, 108
Trd, 4318537.293, 89
Trd, 4318538.443, 75
Trd, 4318539.343, 97
Trd, 4318539.743, 88
Trd, 4318540.043, 70
Trd, 4318541.493, 114
Trd, 4318542.493, 114
Trd, 4318542.993, 104
Trd, 4318543.693, 113
Trd, 4318543.743, 102
Trd, 4318543.943, 80
Trd, 4318545.493, 123
Trd, 4318547.043, 134
Trd, 4318549.193, 96
Trd, 4318550.093, 136
Trd, 4318550.393, 135
Trd, 4318551.943, 126
Trd, 4318552.543, 106
Trd, 4318553.793, 81
Trd, 4318553.993, 87
Trd, 4318555.393, 139
Trd, 4318555.893, 120
Trd, 4318556.543, 110
Trd, 4318559.193, 108
Trd, 4318562.843, 126
Trd, 4318563.343, 124
Trd, 4318563.593, 117
Trd, 4318564.343, 117
Trd, 4318565.243, 136
Trd, 4318566.543, 125
Trd, 4318566.693, 122
Trd, 4318566.893, 113
Trd, 4318567.843, 123
Trd, 4318570.893, 88
Trd, 4318572.343, 140
Trd, 4318573.093, 140
Trd, 4318573.643, 120
Trd, 4318573.743, 111
Trd, 4318573.993, 74
Trd, 4318574.743, 88
Trd, 4318574.843, 83
Trd, 4318575.893, 121
Trd, 4318577.493, 113
Trd, 4318577.693, 107
Trd, 4318578.093, 98
Trd, 4318578.243, 118
Trd, 4318578.793, 104
Trd, 4318579.793, 60
Trd, 4318580.693, 131
Trd, 4318581.043, 129
Trd, 4318581.943, 87
Trd, 4318585.043, 131
Trd, 4318585.143, 126
Trd, 4318585.693, 89
Trd, 4318586.193, 82
Trd, 4318587.593, 85
Trd, 4318588.293, 123
Trd, 4318588.393, 105
Trd, 4318589.193, 86
Trd, 4318590.343, 133
Trd, 4318591.293, 114
Trd, 4318592.293, 107
Trd, 4318592.743, 92
Trd, 4318592.793, 84
Trd, 4318593.393, 80
Trd, 4318595.693, 126
Trd, 4318597.193, 128
Trd, 4318597.993, 99
Trd, 4318599.393, 105
Trd, 4318599.543, 79
Trd, 4318599.993, 96
Trd, 4318600.843, 140
Trd, 4318602.993, 134
Trd, 4318603.843, 86
Trd, 4318604.093, 105
Trd, 4318604.243, 71
Trd, 4318604.743, 67
Trd, 4318605.943, 73
Trd, 4318607.143, 76
Trd, 4318609.143, 104
Trd, 4318609.193, 93
Trd, 4318609.493, 122
Trd, 4318609.693, 98
Trd, 4318610.893, 108
Trd, 4318610.993, 73
Trd, 4318611.893, 94
Trd, 4318613.393, 102
Trd, 4318614.343, 86
Trd, 4318614.743, 111
Trd, 4318615.543, 106
Trd, 4318616.193, 111
Trd, 4318616.543, 99
Trd, 4318616.743, 90
Trd, 4318617.143, 119
Trd, 4318619.293, 126
Trd, 4318620.343, 62
Trd, 4318622.693, 117
Trd, 4318624.393, 134
Trd, 4318624.693, 105
Trd, 4318625.143, 88
Trd, 4318625.593, 80
Trd, 4318625.893, 129
Trd, 4318627.343, 115
Trd, 4318627.643, 98
Trd, 4318627.993, 109
Trd, 4318628.143, 77
Trd, 4318629.093, 111
Trd, 4318629.693, 135
Trd, 4318630.843, 93
Trd, 4318631.593, 76
Trd, 4318632.193, 81
Trd, 4318634.093, 135
Trd, 4318635.193, 97
Trd, 4318635.793, 114
Trd, 4318636.393, 84
Trd, 4318637.843, 86
Trd, 4318638.493, 103
Trd, 4318638.543, 122
Trd, 4318638.643, 102
Trd, 4318640.293, 139
Trd, 4318640.493, 100
Trd, 4318642.643, 127
Trd, 4318642.793, 123
Trd, 4318643.093, 135
Trd, 4318643.243, 105
Trd, 4318643.943, 115
Trd, 4318644.743, 101
Trd, 4318644.843, 122
Trd, 4318646.593, 80
Trd, 4318646.893, 74
Trd, 4318647.093, 97
Trd, 4318648.043, 62
Trd, 4318648.543, 64
Trd, 4318649.093, 72
Trd, 4318650.493, 117
Trd, 4318650.893, 133
Trd, 4318651.593, 110
Trd, 4318651.843, 68
Trd, 4318652.943, 65
Trd, 4318652.993, 115
Trd, 4318653.243, 61
Trd, 4318655.843, 81
Trd, 4318656.393, 121
Trd, 4318657.093, 83
Trd, 4318657.443, 70
Trd, 4318657.943, 125
Trd, 4318660.093, 138
Trd, 4318660.993, 98
Trd, 4318661.593, 81
Trd, 4318661.793, 119
Trd, 4318662.293, 101
Trd, 4318662.493, 64
Trd, 4318663.243, 112
Trd, 4318664.143, 101
Trd, 4318665.643, 121
Trd, 4318665.943, 134
Trd, 4318666.043, 106
Trd, 4318667.393, 108
Trd, 4318667.543, 109
Trd, 4318668.243, 79
Trd, 4318669.793, 121
Trd, 4318671.543, 120
Trd, 4318672.043, 86
Trd, 4318672.543, 75
Trd, 4318674.393, 131
Trd, 4318675.693, 136
Trd, 4318675.843, 111
Trd, 4318675.993, 107
Trd, 4318676.593, 118
Trd, 4318678.143, 136
Trd, 4318678.493, 129
Trd, 4318678.893, 127
Trd, 4318679.743, 134
Trd, 4318681.293, 120
Trd, 4318682.743, 102
Trd, 4318682.943, 83
Trd, 4318684.793, 97
Trd, 4318686.643, 116
Trd, 4318687.043, 108
Trd, 4318687.093, 87
Trd, 4318687.743, 101
Trd, 4318688.393, 139
Trd, 4318688.493, 85
Trd, 4318690.443, 125
Trd, 4318690.693, 114
Trd, 4318690.993, 110
Trd, 4318692.343, 137
Trd, 4318692.693, 116
Trd, 4318693.293, 97
Trd, 4318693.493, 84
Trd, 4318695.043, 117
Trd, 4318695.293, 107
Trd, 4318695.443, 78
Trd, 4318696.643, 100
Trd, 4318697.243, 123
Trd, 4318698.343, 101
Trd, 4318699.893, 133
Trd, 4318700.343, 124
Trd, 4318700.443, 103
Trd, 4318700.993, 119
Trd, 4318701.043, 115
Trd, 4318703.893, 97
Trd, 4318704.243, 97
Trd, 4318705.943, 124
Trd, 4318706.793, 122
Trd, 4318708.793, 125
Trd, 4318709.893, 109
Trd, 4318710.243, 105
Trd, 4318710.543, 124
Trd, 4318711.143, 126
Trd, 4318711.793, 123
Trd, 4318711.993, 115
Trd, 4318712.243, 109
Trd, 4318712.393, 81
Trd, 4318713.593, 81
Trd, 4318714.393, 101
Trd, 4318715.493, 119
Trd, 4318715.793, 86
Trd, 4318717.193, 115
Trd, 4318718.543, 124
Trd, 4318719.193, 130
Trd, 4318719.743, 102
Trd, 4318719.843, 98
Trd, 4318719.943, 80
Trd, 4318720.643, 95
Trd, 4318721.093, 91
Trd, 4318721.993, 106
Trd, 4318722.943, 104
Trd, 4318723.143, 96
Trd, 4318723.843, 107
Trd, 4318724.293, 91
Trd, 4318724.993, 113
Trd, 4318725.793, 108
Trd, 4318727.793, 129
Trd, 4318728.593, 139
Trd, 4318729.593, 102
Trd, 4318730.443, 111
Trd, 4318730.843, 126
Trd, 4318731.693, 115
Trd, 4318732.993, 73
Trd, 4318733.343, 63
Trd, 4318734.093, 79
Trd, 4318734.443, 64
Trd, 4318735.143, 130
Trd, 4318736.043, 107
Trd, 4318736.593, 86
Trd, 4318737.193, 109
Trd, 4318737.743, 118
Trd, 4318737.943, 108
Trd, 4318739.843, 140
Trd, 4318740.093, 104
Trd, 4318742.293, 91
Trd, 4318742.993, 111
Trd, 4318743.143, 94
Trd, 4318745.793, 105
Trd, 4318745.943, 92
Trd, 4318746.193, 87
Trd, 4318747.543, 119
Trd, 4318748.893, 126
Trd, 4318749.393, 128
Trd, 4318749.593, 107
Trd, 4318750.493, 94
Trd, 4318751.993, 129
Trd, 4318752.193, 113
Trd, 4318752.893, 96
Trd, 4318754.543, 135
Trd, 4318755.493, 127
Trd, 4318756.543, 140
Trd, 4318756.843, 121
Trd, 4318757.093, 121
Trd, 4318758.043, 124
Trd, 4318758.593, 117
Trd, 4318760.543, 140
Trd, 4318761.343, 91
Trd, 4318762.893, 110
Trd, 4318763.593, 106
Trd, 4318764.043, 104
Trd, 4318764.493, 129
Trd, 4318765.543, 90
Trd, 4318766.593, 64
Trd, 4318768.393, 133
Trd, 4318768.493, 137
Trd, 4318769.593, 106
Trd, 4318770.193, 123
Trd, 4318771.843, 134
Trd, 4318773.243, 109
Trd, 4318773.293, 108
Trd, 4318774.093, 124
Trd, 4318775.693, 87
Trd, 4318775.793, 97
Trd, 4318776.143, 84
Trd, 4318778.693, 121
Trd, 4318778.943, 97
Trd, 4318779.743, 68
Trd, 4318780.293, 86
Trd, 4318781.743, 117
Trd, 4318783.693, 73
Trd, 4318783.993, 78
Trd, 4318785.443, 123
Trd, 4318785.893, 112
Trd, 4318786.643, 139
Trd, 4318787.493, 136
Trd, 4318787.693, 124
Trd, 4318789.043, 129
Trd, 4318791.493, 100
Trd, 4318791.943, 133
Trd, 4318792.293, 117
Trd, 4318792.943, 117
Trd, 4318793.593, 133
Trd, 4318794.643, 111
Trd, 4318795.793, 103
Trd, 4318796.343, 131
Trd, 4318796.593, 130
Trd, 4318796.843, 84
Trd, 4318799.693, 129
Trd, 4318800.143, 110
Trd, 4318800.343, 108
Trd, 4318801.693, 130
Trd, 4318802.243, 117
Trd, 4318802.493, 108
Trd, 4318804.493, 129
Trd, 4318804.993, 101
Trd, 4318805.993, 75
Trd, 4318807.143, 95
Trd, 4318807.193, 74
Trd, 4318808.293, 102
Trd, 4318810.343, 117
Trd, 4318811.093, 95
Trd, 4318811.593, 94
Trd, 4318811.993, 133
Trd, 4318812.093, 78
Trd, 4318813.493, 100
Trd, 4318814.443, 72
Trd, 4318814.943, 96
Trd, 4318815.593, 93
Trd, 4318815.943, 112
Trd, 4318816.543, 126
Trd, 4318816.893, 113
Trd, 4318818.293, 126
Trd, 4318820.093, 104
Trd, 4318821.743, 110
Trd, 4318822.543, 99
Trd, 4318822.743, 69
Trd, 4318823.293, 64
Trd, 4318825.143, 103
Trd, 4318825.293, 102
Trd, 4318826.143, 91
Trd, 4318826.843, 91
Trd, 4318827.943, 78
Trd, 4318829.543, 116
Trd, 4318830.193, 107
Trd, 4318830.943, 119
Trd, 4318831.793, 90
Trd, 4318832.843, 132
Trd, 4318834.143, 118
Trd, 4318834.743, 123
Trd, 4318835.993, 103
Trd, 4318837.643, 129
Trd, 4318838.243, 116
Trd, 4318838.393, 112
Trd, 4318840.043, 103
Trd, 4318840.243, 112
Trd, 4318842.343, 106
Trd, 4318842.493, 129
Trd, 4318842.793, 93
Trd, 4318842.893, 93
Trd, 4318843.343, 94
Trd, 4318843.543, 118
Trd, 4318844.943, 113
Trd, 4318845.543, 85
Trd, 4318845.893, 60
Trd, 4318846.693, 102
Trd, 4318848.643, 110
Trd, 4318848.693, 109
Trd, 4318849.043, 133
Trd, 4318849.143, 135
Trd, 4318850.543, 81
Trd, 4318850.593, 98
Trd, 4318850.843, 105
Trd, 4318851.093, 99
Trd, 4318851.393, 130
Trd, 4318852.393, 106
Trd, 4318852.893, 72
Trd, 4318854.743, 115
Trd, 4318855.543, 120
Trd, 4318856.893, 109
Trd, 4318857.043, 84
Trd, 4318858.243, 99
Trd, 4318858.293, 119
Trd, 4318859.043, 127
Trd, 4318859.643, 70
Trd, 4318860.093, 95
Trd, 4318860.743, 97
Trd, 4318860.793, 93
Trd, 4318861.693, 119
Trd, 4318862.343, 107
Trd, 4318862.493, 98
Trd, 4318865.293, 103
Trd, 4318865.343, 100
Trd, 4318866.443, 125
Trd, 4318866.693, 126
Trd, 4318868.143, 90
Trd, 4318868.193, 122
Trd, 4318868.643, 125
Trd, 4318870.193, 128
Trd, 4318870.393, 84
Trd, 4318870.493, 81
Trd, 4318870.543, 81
Trd, 4318872.043, 113
Trd, 4318872.693, 131
Trd, 4318874.493, 107
Trd, 4318875.193, 103
Trd, 4318875.443, 128
Trd, 4318875.693, 95
Trd, 4318877.693, 130
Trd, 4318878.143, 113
Trd, 4318879.543, 67
Trd, 4318879.843, 78
Trd, 4318880.343, 64
Trd, 4318880.793, 113
Trd, 4318881.243, 124
Trd, 4318881.893, 78
Trd, 4318882.343, 65
Trd, 4318882.793, 110
Trd, 4318883.793, 87
Trd, 4318885.393, 88
Trd, 4318885.593, 104
Trd, 4318887.293, 107
Trd, 4318888.793, 133
Trd, 4318889.493, 137
Trd, 4318890.293, 126
Trd, 4318890.443, 112
Trd, 4318891.043, 98
Trd, 4318891.293, 100
Trd, 4318892.493, 90
Trd, 4318892.843, 99
Trd, 4318893.743, 63
Trd, 4318894.293, 140
Trd, 4318894.593, 135
Trd, 4318894.793, 69
Trd, 4318895.793, 127
Trd, 4318895.943, 137
Trd, 4318896.093, 94
Trd, 4318896.993, 85
Trd, 4318898.693, 105
Trd, 4318899.093, 104
Trd, 4318899.193, 79
Trd, 4318900.493, 89
Trd, 4318900.843, 109
Trd, 4318901.393, 124
Trd, 4318901.643, 105
Trd, 4318903.643, 77
Trd, 4318905.593, 129
Trd, 4318907.743, 130
Trd, 4318908.043, 104
Trd, 4318908.493, 106
Trd, 4318908.743, 140
Trd, 4318909.643, 140
Trd, 4318909.943, 116
Trd, 4318910.943, 134
Trd, 4318912.093, 114
Trd, 4318912.343, 105
Trd, 4318912.643, 103
Trd, 4318913.293, 75
Trd, 4318913.393, 83
Trd, 4318914.343, 114
Trd, 4318914.743, 62
Trd, 4318915.943, 80
Trd, 4318916.793, 130
Trd, 4318916.893, 90
Trd, 4318919.343, 120
Trd, 4318919.793, 114
Trd, 4318921.393, 105
Trd, 4318921.943, 124
Trd, 4318922.593, 119
Trd, 4318924.243, 117
Trd, 4318924.593, 104
Trd, 4318924.793, 110
Trd, 4318925.043, 119
Trd, 4318926.843, 91
Trd, 4318927.493, 89
Trd, 4318928.093, 139
Trd, 4318928.343, 76
Trd, 4318928.643, 113
Trd, 4318930.193, 125
Trd, 4318930.993, 133
Trd, 4318932.443, 135
Trd, 4318933.793, 137
Trd, 4318934.343, 106
Trd, 4318934.493, 102
Trd, 4318935.093, 80
Trd, 4318935.143, 79
Trd, 4318935.493, 80
Trd, 4318935.743, 82
Trd, 4318935.993, 127
Trd, 4318937.743, 97
Trd, 4318939.243, 72
Trd, 4318939.943, 109
Trd, 4318943.293, 136
Trd, 4318943.993, 112
Trd, 4318944.093, 108
Trd, 4318944.493, 86
Trd, 4318946.093, 107
Trd, 4318947.643, 117
Trd, 4318947.843, 95
Trd, 4318950.293, 112
Trd, 4318950.543, 95
Trd, 4318952.393, 134
Trd, 4318952.493, 92
Trd, 4318952.793, 72
Trd, 4318953.093, 65
Trd, 4318957.443, 115
Trd, 4318957.893, 122
Trd, 4318958.493, 116
Trd, 4318959.593, 119
Trd, 4318959.793, 109
Trd, 4318960.193, 103
Trd, 4318961.293, 106
Trd, 4318961.893, 121
Trd, 4318964.493, 126
Trd, 4318964.543, 127
Trd, 4318964.743, 89
Trd, 4318966.693, 119
Trd, 4318966.843, 82
Trd, 4318967.993, 113
Trd, 4318968.743, 80
Trd, 4318969.543, 93
Trd, 4318970.543, 98
Trd, 4318970.843, 94
Trd, 4318972.043, 112
Trd, 4318972.593, 110
Trd, 4318973.043, 128
Trd, 4318974.543, 63
Trd, 4318974.593, 67
Trd, 4318975.193, 90
Trd, 4318975.693, 86
Trd, 4318976.843, 120
Trd, 4318977.243, 106
Trd, 4318977.743, 87
Trd, 4318978.593, 136
Trd, 4318978.793, 94
Trd, 4318979.793, 81
Trd, 4318981.793, 79
Trd, 4318983.243, 77
Trd, 4318984.843, 130
Trd, 4318985.143, 113
Trd, 4318985.643, 87
Trd, 4318986.643, 60
Trd, 4318986.843, 86
Trd, 4318987.843, 111
Trd, 4318989.843, 115
Trd, 4318989.993, 113
Trd, 4318992.643, 123
Trd, 4318992.693, 120
Trd, 4318993.043, 118
Trd, 4318993.593, 123
Trd, 4318993.843, 114
Trd, 4318994.143, 90
Trd, 4318994.643, 115
Trd, 4318995.543, 101
Trd, 4318995.693, 115
Trd, 4318996.243, 114
Trd, 4318996.793, 119
Trd, 4318997.193, 63
Trd, 4318998.343, 108
Trd, 4318999.143, 99
Trd, 4318999.993, 124
Trd, 4319000.243, 96
Trd, 4319001.443, 134
Trd, 4319002.693, 120
Trd, 4319003.493, 135
Trd, 4319003.843, 113
Trd, 4319004.493, 105
Trd, 4319005.143, 125
Trd, 4319005.643, 112
Trd, 4319007.243, 133
Trd, 4319009.193, 107
Trd, 4319009.643, 115
Trd, 4319010.993, 139
Trd, 4319011.093, 127
Trd, 4319011.443, 124
Trd, 4319011.493, 98
Trd, 4319012.043, 107
Trd, 4319012.543, 104
Trd, 4319013.393, 91
Trd, 4319013.893, 96
Trd, 4319015.993, 129
Trd, 4319016.493, 101
Trd, 4319016.843, 138
Trd, 4319017.893, 93
Trd, 4319019.293, 121
Trd, 4319020.743, 85
Trd, 4319021.693, 99
Trd, 4319022.543, 133
Trd, 4319022.743, 139
Trd, 4319022.943, 87
Trd, 4319023.143, 73
Trd, 4319025.043, 98
Trd, 4319025.293, 109
Trd, 4319025.843, 126
Trd, 4319026.393, 89
Trd, 4319027.643, 115
Trd, 4319027.743, 121
Trd, 4319028.393, 88
Trd, 4319030.193, 124
Trd, 4319031.593, 94
Trd, 4319032.043, 97
Trd, 4319033.193, 90
Trd, 4319034.943, 106
Trd, 4319035.393, 93
Trd, 4319036.093, 86
Trd, 4319036.343, 96
Trd, 4319039.043, 97
Trd, 4319039.443, 117
Trd, 4319039.593, 93
Trd, 4319040.993, 112
Trd, 4319041.593, 130
Trd, 4319041.693, 81
Trd, 4319041.843, 132
Trd, 4319043.293, 130
Trd, 4319044.043, 136
Trd, 4319044.743, 132
Trd, 4319046.343, 109
Trd, 4319047.543, 114
Trd, 4319047.943, 97
Trd, 4319048.143, 92
Trd, 4319048.193, 84
Trd, 4319048.893, 85
Trd, 4319049.493, 109
Trd, 4319050.043, 110
Trd, 4319051.693, 128
Trd, 4319051.943, 115
Trd, 4319053.093, 113
Trd, 4319054.093, 100
Trd, 4319054.343, 79
Trd, 4319054.543, 101
Trd, 4319055.693, 128
Trd, 4319056.743, 90
Trd, 4319057.343, 111
Trd, 4319057.643, 110
Trd, 4319058.593, 106
Trd, 4319059.243, 93
Trd, 4319060.643, 108
Trd, 4319061.293, 115
Trd, 4319061.393, 97
Trd, 4319062.743, 116
Trd, 4319063.343, 78
Trd, 4319063.843, 128
Trd, 4319064.443, 105
Trd, 4319064.943, 61
Trd, 4319066.243, 114
Trd, 4319066.493, 87
Trd, 4319067.243, 126
Trd, 4319069.543, 116
Trd, 4319069.593, 109
Trd, 4319070.243, 94
Trd, 4319070.343, 125
Trd, 4319071.493, 135
Trd, 4319071.693, 102
Trd, 4319072.143, 116
Trd, 4319072.443, 118
Trd, 4319075.743, 121
Trd, 4319075.793, 116
Trd, 4319076.243, 111
Trd, 4319076.443, 101
Trd, 4319078.793, 132
Trd, 4319079.893, 99
Trd, 4319080.593, 117
Trd, 4319080.743, 82
Trd, 4319082.193, 86
Trd, 4319082.743, 83
Trd, 4319083.293, 130
Trd, 4319084.793, 131
Trd, 4319086.443, 121
Trd, 4319087.243, 109
Trd, 4319087.893, 105
Trd, 4319088.743, 122
Trd, 4319090.543, 129
Trd, 4319090.843, 133
Trd, 4319090.993, 120
Trd, 4319091.043, 113
Trd, 4319091.743, 111
Trd, 4319092.643, 135
Trd, 4319092.693, 112
Trd, 4319093.493, 128
Trd, 4319094.143, 124
Trd, 4319095.293, 107
Trd, 4319095.593, 97
Trd, 4319095.943, 113
Trd, 4319097.343, 101
Trd, 4319098.943, 127
Trd, 4319099.293, 126
Trd, 4319099.593, 122
Trd, 4319099.643, 85
Trd, 4319099.893, 111
Trd, 4319100.193, 94
Trd, 4319101.793, 106
Trd, 4319102.393, 133
Trd, 4319102.893, 140
Trd, 4319103.093, 77
Trd, 4319103.143, 79
Trd, 4319105.043, 88
Trd, 4319105.443, 79
Trd, 4319106.993, 98
Trd, 4319108.193, 122
Trd, 4319108.443, 121
Trd, 4319109.043, 119
Trd, 4319109.393, 126
Trd, 4319109.543, 121
Trd, 4319110.393, 114
Trd, 4319110.893, 87
Trd, 4319112.893, 138
Trd, 4319113.043, 136
Trd, 4319113.443, 82
Trd, 4319113.593, 123
Trd, 4319114.693, 106
Trd, 4319115.693, 98
Trd, 4319116.893, 75
Trd, 4319117.243, 116
Trd, 4319117.693, 61
Trd, 4319118.043, 85
Trd, 4319118.843, 73
Trd, 4319119.393, 112
Trd, 4319120.393, 130
Trd, 4319120.893, 136
Trd, 4319121.893, 107
Trd, 4319124.793, 117
Trd, 4319125.143, 120
Trd, 4319125.243, 99
Trd, 4319127.243, 103
Trd, 4319128.843, 130
Trd, 4319129.043, 123
Trd, 4319129.543, 111
Trd, 4319130.043, 109
Trd, 4319130.893, 106
Trd, 4319130.943, 86
Trd, 4319132.793, 108
Trd, 4319134.593, 77
Trd, 4319134.693, 71
Trd, 4319136.043, 78
Trd, 4319137.793, 109
Trd, 4319138.693, 125
Trd, 4319138.993, 95
Trd, 4319139.743, 115
Trd, 4319140.293, 112
Trd, 4319141.443, 110
Trd, 4319142.043, 115
Trd, 4319142.543, 108
Trd, 4319142.593, 90
Trd, 4319143.143, 84
Trd, 4319144.643, 120
Trd, 4319146.943, 130
Trd, 4319147.243, 115
Trd, 4319147.993, 136
Trd, 4319148.493, 125
Trd, 4319149.093, 137
Trd, 4319149.193, 77
Trd, 4319149.343, 97
Trd, 4319149.893, 108
Trd, 4319150.193, 70
Trd, 4319152.693, 138
Trd, 4319152.993, 112
Trd, 4319153.043, 95
Trd, 4319153.493, 99
Trd, 4319154.043, 84
Trd, 4319154.693, 88
Trd, 4319155.393, 92
Trd, 4319157.393, 133
Trd, 4319157.493, 112
Trd, 4319157.643, 82
Trd, 4319158.193, 103
Trd, 4319158.893, 98
Trd, 4319160.093, 68
Trd, 4319160.793, 79
Trd, 4319161.343, 115
Trd, 4319161.743, 134
Trd, 4319162.093, 128
Trd, 4319162.743, 88
Trd, 4319162.893, 68
Trd, 4319164.143, 80
Trd, 4319164.643, 92
Trd, 4319165.443, 109
Trd, 4319166.393, 121
Trd, 4319166.643, 73
Trd, 4319168.193, 126
Trd, 4319169.793, 120
Trd, 4319170.343, 112
Trd, 4319170.493, 111
Trd, 4319171.643, 134
Trd, 4319171.693, 129
Trd, 4319174.143, 127
Trd, 4319174.243, 110
Trd, 4319174.493, 108
Trd, 4319174.593, 117
Trd, 4319175.643, 124
Trd, 4319175.793, 94
Trd, 4319176.243, 120
Trd, 4319177.343, 135
Trd, 4319178.243, 127
Trd, 4319179.293, 125
Trd, 4319180.093, 117
Trd, 4319181.293, 140
Trd, 4319182.343, 135
Trd, 4319182.543, 102
Trd, 4319183.593, 87
Trd, 4319184.793, 127
Trd, 4319184.843, 127
Trd, 4319185.593, 100
Trd, 4319186.243, 83
Trd, 4319186.493, 94
Trd, 4319186.793, 121
Trd, 4319187.193, 89
Trd, 4319188.193, 121
Trd, 4319189.193, 131
Trd, 4319190.243, 94
Trd, 4319190.843, 136
Trd, 4319190.893, 133
Trd, 4319191.643, 117
Trd, 4319193.343, 129
Trd, 4319193.893, 122
Trd, 4319194.893, 120
Trd, 4319195.593, 130
Trd, 4319195.893, 122
Trd, 4319195.993, 120
Trd, 4319196.293, 74
Trd, 4319197.993, 88
Trd, 4319198.243, 114
Trd, 4319198.443, 96
Trd, 4319199.843, 106
Trd, 4319200.293, 103
Trd, 4319200.543, 73
Trd, 4319201.443, 129
Trd, 4319202.493, 134
Trd, 4319202.543, 123
Trd, 4319204.793, 107
Trd, 4319205.043, 97
Trd, 4319206.443, 107
Trd, 4319206.793, 92
Trd, 4319208.743, 125
Trd, 4319209.143, 122
Trd, 4319209.393, 129
Trd, 4319209.693, 93
Trd, 4319212.793, 120
Trd, 4319213.393, 104
Trd, 4319213.443, 102
Trd, 4319215.293, 68
Trd, 4319215.543, 77
Trd, 4319215.943, 96
Trd, 4319216.693, 121
Trd, 4319218.443, 94
Trd, 4319219.893, 103
Trd, 4319219.993, 94
Trd, 4319220.143, 74
Trd, 4319222.593, 113
Trd, 4319222.793, 139
Trd, 4319223.493, 127
Trd, 4319224.443, 108
Trd, 4319224.693, 90
Trd, 4319226.143, 102
Trd, 4319227.193, 90
Trd, 4319229.593, 136
Trd, 4319230.943, 101
Trd, 4319231.943, 113
Trd, 4319232.843, 115
Trd, 4319233.093, 91
Trd, 4319233.393, 133
Trd, 4319234.443, 135
Trd, 4319235.643, 82
Trd, 4319236.243, 79
Trd, 4319237.293, 71
Trd, 4319238.043, 101
Trd, 4319238.893, 102
Trd, 4319239.143, 84
Trd, 4319241.243, 85
Trd, 4319242.393, 113
Trd, 4319243.693, 108
Trd, 4319245.343, 127
Trd, 4319245.443, 108
Trd, 4319245.493, 85
Trd, 4319245.593, 79
Trd, 4319247.543, 126
Trd, 4319247.993, 124
Trd, 4319248.743, 88
Trd, 4319248.843, 93
Trd, 4319249.543, 110
Trd, 4319250.143, 117
Trd, 4319251.293, 132
Trd, 4319251.893, 123
Trd, 4319253.293, 107
Trd, 4319253.443, 82
Trd, 4319254.443, 78
Trd, 4319254.693, 88
Trd, 4319255.493, 121
Trd, 4319255.793, 111
Trd, 4319256.293, 118
Trd, 4319257.193, 102
Trd, 4319257.943, 81
Trd, 4319258.943, 124
Trd, 4319262.393, 92
Trd, 4319263.743, 115
Trd, 4319264.643, 121
Trd, 4319265.043, 107
Trd, 4319265.543, 100
Trd, 4319266.543, 77
Trd, 4319267.143, 137
Trd, 4319268.993, 113
Trd, 4319269.643, 128
Trd, 4319269.693, 100
Trd, 4319270.643, 132
Trd, 4319271.243, 118
Trd, 4319271.393, 122
Trd, 4319272.143, 113
Trd, 4319273.793, 112
Trd, 4319274.393, 126
Trd, 4319274.993, 105
Trd, 4319275.743, 130
Trd, 4319275.793, 112
Trd, 4319277.493, 128
Trd, 4319278.843, 130
Trd, 4319279.143, 121
Trd, 4319279.943, 109
Trd, 4319280.943, 94
Trd, 4319281.143, 131
Trd, 4319281.943, 107
Trd, 4319282.943, 119
Trd, 4319284.093, 73
Trd, 4319284.793, 83
Trd, 4319284.993, 105
Trd, 4319285.993, 134
Trd, 4319286.393, 125
Trd, 4319286.793, 127
Trd, 4319287.443, 123
Trd, 4319288.943, 99
Trd, 4319289.093, 94
Trd, 4319289.143, 91
Trd, 4319289.243, 73
Trd, 4319289.543, 108
Trd, 4319290.693, 135
Trd, 4319290.843, 103
Trd, 4319291.243, 90
Trd, 4319291.393, 76
Trd, 4319293.243, 104
Trd, 4319295.543, 132
Trd, 4319297.143, 92
Trd, 4319297.543, 89
Trd, 4319298.043, 118
Trd, 4319298.093, 84
Trd, 4319299.643, 90
Trd, 4319299.693, 91
Trd, 4319300.043, 69
Trd, 4319300.493, 93
Trd, 4319302.143, 136
Trd, 4319302.943, 93
Trd, 4319304.593, 128
Trd, 4319304.643, 115
Trd, 4319304.893, 109
Trd, 4319305.193, 133
Trd, 4319305.343, 111
Trd, 4319306.343, 119
Trd, 4319307.343, 140
Trd, 4319308.793, 134
Trd, 4319308.893, 115
Trd, 4319310.393, 76
Trd, 4319311.643, 136
Trd, 4319311.743, 101
Trd, 4319311.993, 88
Trd, 4319312.543, 117
Trd, 4319313.743, 115
Trd, 4319313.893, 112
Trd, 4319314.943, 127
Trd, 4319315.643, 115
Trd, 4319315.943, 112
Trd, 4319316.493, 94
Trd, 4319316.843, 90
Trd, 4319320.093, 125
Trd, 4319320.443, 102
Trd, 4319320.593, 85
Trd, 4319321.543, 113
Trd, 4319321.693, 109
Trd, 4319322.793, 88
Trd, 4319323.093, 129
Trd, 4319323.693, 109
Trd, 4319324.093, 110
Trd, 4319324.443, 134
Trd, 4319325.093, 133
Trd, 4319325.743, 137
Trd, 4319327.493, 127
Trd, 4319328.143, 116
Trd, 4319328.243, 115
Trd, 4319328.843, 117
Trd, 4319329.443, 131
Trd, 4319330.093, 132
Trd, 4319330.243, 114
Trd, 4319332.243, 102
Trd, 4319332.793, 126
Trd, 4319333.043, 120
Trd, 4319333.243, 93
Trd, 4319333.343, 72
Trd, 4319333.943, 97
Trd, 4319335.743, 118
Trd, 4319337.843, 101
Trd, 4319337.893, 93
Trd, 4319338.343, 83
Trd, 4319338.643, 117
Trd, 4319340.043, 136
Trd, 4319340.493, 101
Trd, 4319341.393, 96
Trd, 4319342.193, 76
Trd, 4319342.693, 91
Trd, 4319343.543, 117
Trd, 4319343.843, 87
Trd, 4319344.593, 102
Trd, 4319344.893, 63
Trd, 4319346.343, 126
Trd, 4319346.943, 110
Trd, 4319347.593, 135
Trd, 4319348.043, 91
Trd, 4319349.793, 136
Trd, 4319350.093, 122
Trd, 4319350.793, 88
Trd, 4319351.793, 120
Trd, 4319354.343, 109
Trd, 4319354.943, 135
Trd, 4319356.693, 91
Trd, 4319356.943, 60
Trd, 4319357.893, 120
Trd, 4319358.193, 109
Trd, 4319359.143, 102
Trd, 4319361.093, 104
Trd, 4319361.143, 109
Trd, 4319361.993, 112
Trd, 4319362.093, 107
Trd, 4319363.093, 101
Trd, 4319363.643, 76
Trd, 4319365.193, 123
Trd, 4319366.893, 112
Trd, 4319367.143, 119
Trd, 4319367.543, 63
Trd, 4319368.343, 106
Trd, 4319369.243, 60
Trd, 4319370.193, 126
Trd, 4319370.443, 123
Trd, 4319371.043, 87
Trd, 4319371.293, 93
Trd, 4319371.443, 115
Trd, 4319372.143, 94
Trd, 4319372.493, 97
Trd, 4319374.243, 140
Trd, 4319374.493, 123
Trd, 4319375.543, 130
Trd, 4319377.743, 128
Trd, 4319377.793, 124
Trd, 4319378.893, 129
Trd, 4319379.193, 99
Trd, 4319379.243, 94
Trd, 4319380.443, 83
Trd, 4319380.543, 106
Trd, 4319380.943, 77
Trd, 4319382.793, 70
Trd, 4319383.843, 140
Trd, 4319385.093, 120
Trd, 4319385.343, 95
Trd, 4319386.143, 96
Trd, 4319386.393, 75
Trd, 4319387.543, 121
Trd, 4319387.793, 116
Trd, 4319387.993, 113
Trd, 4319389.793, 72
Trd, 4319390.393, 100
Trd, 4319390.943, 123
Trd, 4319391.143, 112
Trd, 4319391.643, 67
Trd, 4319392.243, 124
Trd, 4319393.793, 84
Trd, 4319394.293, 111
Trd, 4319394.593, 88
Trd, 4319395.343, 126
Trd, 4319396.793, 75
Trd, 4319397.193, 92
Trd, 4319397.443, 69
Trd, 4319399.243, 104
Trd, 4319399.643, 97
Trd, 4319399.793, 115
Trd, 4319400.493, 85
Trd, 4319401.193, 100
Trd, 4319401.443, 106
Trd, 4319401.843, 116
Trd, 4319403.743, 105
Trd, 4319405.493, 138
Trd, 4319406.793, 117
Trd, 4319407.143, 103
Trd, 4319407.293, 101
Trd, 4319407.893, 92
Trd, 4319408.493, 96
Trd, 4319409.443, 122
Trd, 4319410.493, 114
Trd, 4319411.393, 114
Trd, 4319412.543, 111
Trd, 4319413.393, 103
Trd, 4319414.743, 103
Trd, 4319415.643, 106
Trd, 4319416.643, 114
Trd, 4319418.243, 135
Trd, 4319419.093, 130
Trd, 4319419.393, 111
Trd, 4319419.493, 117
Trd, 4319419.843, 120
Trd, 4319420.093, 126
Trd, 4319420.293, 109
Trd, 4319420.993, 73
Trd, 4319422.543, 95
Trd, 4319422.743, 97
Trd, 4319423.143, 104
Trd, 4319424.893, 133
Trd, 4319425.043, 92
Trd, 4319426.193, 109
Trd, 4319426.293, 96
Trd, 4319428.293, 125
Trd, 4319430.143, 129
Trd, 4319430.493, 113
Trd, 4319430.893, 109
Trd, 4319432.643, 117
Trd, 4319433.743, 124
Trd, 4319435.043, 140
Trd, 4319435.143, 106
Trd, 4319435.843, 111
Trd, 4319436.143, 129
Trd, 4319437.093, 132
Trd, 4319437.893, 124
Trd, 4319438.193, 109
Trd, 4319438.793, 129
Trd, 4319439.643, 109
Trd, 4319439.893, 131
Trd, 4319441.393, 116
Trd, 4319441.993, 136
Trd, 4319442.093, 136
Trd, 4319442.143, 96
Trd, 4319442.843, 66
Trd, 4319445.843, 98
Trd, 4319445.893, 96
Trd, 4319447.043, 82
Trd, 4319447.743, 74
Trd, 4319448.193, 124
Trd, 4319448.343, 93
Trd, 4319449.043, 110
Trd, 4319450.143, 122
Trd, 4319452.243, 138
Trd, 4319452.743, 99
Trd, 4319453.543, 122
Trd, 4319453.693, 109
Trd, 4319454.243, 107
Trd, 4319454.293, 129
Trd, 4319455.943, 132
Trd, 4319456.243, 119
Trd, 4319456.443, 82
Trd, 4319456.643, 81
Trd, 4319457.143, 87
Trd, 4319457.793, 85
Trd, 4319457.943, 71
Trd, 4319458.943, 125
Trd, 4319460.593, 63
Trd, 4319461.093, 115
Trd, 4319461.293, 123
Trd, 4319462.793, 118
Trd, 4319463.093, 111
Trd, 4319463.143, 119
Trd, 4319463.893, 128
Trd, 4319465.393, 114
Trd, 4319465.443, 103
Trd, 4319465.493, 126
Trd, 4319465.893, 133
Trd, 4319466.593, 87
Trd, 4319467.743, 92
Trd, 4319468.393, 88
Trd, 4319468.693, 93
Trd, 4319469.243, 124
Trd, 4319470.093, 84
Trd, 4319470.443, 128
Trd, 4319472.693, 119
Trd, 4319473.593, 93
Trd, 4319473.643, 87
Trd, 4319475.093, 111
Trd, 4319475.893, 104
Trd, 4319475.993, 103
Trd, 4319476.443, 130
Trd, 4319476.743, 68
Trd, 4319477.593, 103
Trd, 4319477.743, 63
Trd, 4319478.793, 133
Trd, 4319480.343, 137
Trd, 4319481.593, 130
Trd, 4319482.143, 118
Trd, 4319482.893, 110
Trd, 4319483.143, 105
Trd, 4319483.843, 125
Trd, 4319485.493, 127
Trd, 4319486.743, 110
Trd, 4319487.443, 120
Trd, 4319488.243, 102
Trd, 4319488.993, 112
Trd, 4319489.393, 112
Trd, 4319489.443, 120
Trd, 4319490.593, 105
Trd, 4319491.093, 125
Trd, 4319492.393, 122
Trd, 4319492.443, 94
Trd, 4319493.043, 129
Trd, 4319494.243, 89
Trd, 4319496.093, 89
Trd, 4319497.393, 81
Trd, 4319497.593, 98
Trd, 4319498.243, 126
Trd, 4319499.043, 65
Trd, 4319500.043, 68
Trd, 4319500.143, 72
Trd, 4319500.793, 90
Trd, 4319500.843, 97
Trd, 4319501.443, 102
Trd, 4319502.193, 67
Trd, 4319502.393, 75
Trd, 4319502.743, 68
Trd, 4319504.643, 61
Trd, 4319506.043, 109
Trd, 4319506.393, 80
Trd, 4319507.043, 124
Trd, 4319509.043, 121
Trd, 4319509.543, 112
Trd, 4319509.743, 134
Trd, 4319510.243, 122
Trd, 4319511.343, 101
Trd, 4319511.393, 82
Trd, 4319511.743, 101
Trd, 4319512.193, 103
Trd, 4319512.893, 101
Trd, 4319513.443, 83
Trd, 4319515.793, 85
Trd, 4319516.243, 81
Trd, 4319516.793, 69
Trd, 4319518.293, 128
Trd, 4319518.893, 111
Trd, 4319519.043, 94
Trd, 4319519.193, 91
Trd, 4319522.243, 110
Trd, 4319523.743, 105
Trd, 4319524.293, 121
Trd, 4319524.943, 115
Trd, 4319525.343, 122
Trd, 4319525.993, 118
Trd, 4319526.343, 109
Trd, 4319526.993, 89
Trd, 4319528.443, 108
Trd, 4319528.793, 91
Trd, 4319528.893, 107
Trd, 4319529.143, 106
Trd, 4319530.493, 80
Trd, 4319531.143, 81
Trd, 4319531.843, 139
Trd, 4319532.143, 102
Trd, 4319533.143, 103
Trd, 4319534.193, 116
Trd, 4319534.443, 117
Trd, 4319535.043, 110
Trd, 4319536.093, 124
Trd, 4319536.243, 121
Trd, 4319538.293, 116
Trd, 4319538.943, 112
Trd, 4319539.693, 117
Trd, 4319540.293, 85
Trd, 4319542.343, 96
Trd, 4319542.393, 88
Trd, 4319542.543, 98
Trd, 4319543.243, 121
Trd, 4319544.443, 83
Trd, 4319544.643, 125
Trd, 4319544.693, 130
Trd, 4319545.293, 94
Trd, 4319545.393, 106
Trd, 4319545.643, 95
Trd, 4319546.743, 110
Trd, 4319547.443, 60
Trd, 4319548.243, 128
Trd, 4319548.543, 66
Trd, 4319550.443, 109
Trd, 4319550.593, 98
Trd, 4319552.093, 60
Trd, 4319555.043, 140
Trd, 4319555.543, 126
Trd, 4319556.343, 79
Trd, 4319556.993, 79
Trd, 4319557.043, 96
Trd, 4319557.493, 136
Trd, 4319558.493, 91
Trd, 4319560.293, 75
Trd, 4319560.893, 67
Trd, 4319562.843, 116
Trd, 4319562.943, 111
Trd, 4319563.143, 106
Trd, 4319565.443, 129
Trd, 4319565.493, 125
Trd, 4319565.593, 91
Trd, 4319567.243, 135
Trd, 4319568.843, 89
Trd, 4319569.593, 114
Trd, 4319569.743, 139
Trd, 4319570.493, 99
Trd, 4319570.543, 105
Trd, 4319570.593, 93
Trd, 4319570.893, 106
Trd, 4319572.243, 88
Trd, 4319573.293, 95
Trd, 4319573.543, 86
Trd, 4319574.343, 73
Trd, 4319575.243, 90
Trd, 4319576.593, 113
Trd, 4319576.893, 123
Trd, 4319577.643, 120
Trd, 4319578.543, 87
Trd, 4319579.043, 69
Trd, 4319579.443, 108
Trd, 4319579.643, 106
Trd, 4319582.093, 117
Trd, 4319583.093, 92
Trd, 4319583.543, 96
Trd, 4319584.193, 90
Trd, 4319584.993, 116
Trd, 4319585.243, 114
Trd, 4319585.293, 85
Trd, 4319586.393, 99
Trd, 4319586.943, 101
Trd, 4319587.243, 91
Trd, 4319588.293, 133
Trd, 4319588.593, 108
Trd, 4319589.793, 123
Trd, 4319589.843, 97
Trd, 4319590.643, 69
Trd, 4319590.793, 61
Trd, 4319592.393, 114
Trd, 4319593.643, 105
Trd, 4319595.393, 127
Trd, 4319595.993, 114
Trd, 4319596.693, 65
Trd, 4319597.393, 67
Trd, 4319598.143, 85
Trd, 4319598.243, 64
Trd, 4319599.543, 105
Trd, 4319599.693, 124
Trd, 4319600.893, 130
Trd, 4319601.743, 114
Trd, 4319602.343, 105
Trd, 4319603.243, 123
Trd, 4319604.443, 101
Trd, 4319604.893, 139
Trd, 4319606.193, 112
Trd, 4319606.293, 107
Trd, 4319607.793, 117
Trd, 4319608.293, 119
Trd, 4319608.693, 115
Trd, 4319611.043, 128
Trd, 4319611.343, 101
Trd, 4319611.743, 97
Trd, 4319612.093, 96
Trd, 4319612.493, 99
Trd, 4319612.743, 95
Trd, 4319614.693, 135
Trd, 4319614.943, 129
Trd, 4319615.543, 117
Trd, 4319615.693, 81
Trd, 4319617.893, 81
Trd, 4319618.093, 86
Trd, 4319620.293, 119
Trd, 4319621.093, 83
Trd, 4319621.293, 82
Trd, 4319621.743, 138
Trd, 4319622.043, 110
Trd, 4319622.593, 82
Trd, 4319623.743, 72
Trd, 4319625.293, 105
Trd, 4319625.593, 116
Trd, 4319625.843, 86
Trd, 4319627.493, 62
Trd, 4319627.693, 91
Trd, 4319628.843, 64
Trd, 4319629.293, 67
Trd, 4319630.043, 71
Trd, 4319630.343, 104
Trd, 4319631.393, 102
Trd, 4319631.793, 106
Trd, 4319632.193, 133
Trd, 4319632.843, 98
Trd, 4319632.993, 113
Trd, 4319634.143, 118
Trd, 4319636.243, 128
Trd, 4319636.643, 121
Trd, 4319637.193, 115
Trd, 4319637.243, 114
Trd, 4319638.093, 114
Trd, 4319638.393, 114
Trd, 4319639.543, 92
Trd, 4319640.093, 78
Trd, 4319640.893, 111
Trd, 4319641.743, 92
Trd, 4319642.593, 93
Trd, 4319643.293, 108
Trd, 4319645.143, 128
Trd, 4319646.343, 133
Trd, 4319646.593, 127
Trd, 4319646.843, 116
Trd, 4319649.043, 131
Trd, 4319650.543, 125
Trd, 4319650.643, 115
Trd, 4319651.293, 99
Trd, 4319651.393, 98
Trd, 4319651.693, 112
Trd, 4319653.443, 138
Trd, 4319655.293, 67
Trd, 4319655.443, 108
Trd, 4319656.143, 105
Trd, 4319656.443, 84
Trd, 4319657.293, 117
Trd, 4319658.743, 96
Trd, 4319659.493, 81
Trd, 4319659.643, 121
Trd, 4319659.893, 83
Trd, 4319661.593, 110
Trd, 4319662.443, 102
Trd, 4319663.643, 100
Trd, 4319663.843, 106
Trd, 4319664.743, 65
Trd, 4319665.143, 90
Trd, 4319665.543, 109
Trd, 4319666.343, 140
Trd, 4319668.343, 140
Trd, 4319669.443, 113
Trd, 4319669.543, 107
Trd, 4319669.943, 85
Trd, 4319671.643, 124
Trd, 4319671.693, 99
Trd, 4319672.493, 68
Trd, 4319673.143, 85
Trd, 4319673.843, 95
Trd, 4319674.443, 79
Trd, 4319676.243, 68
Trd, 4319676.793, 90
Trd, 4319678.243, 66
Trd, 4319679.243, 108
Trd, 4319679.643, 106
Trd, 4319680.443, 108
Trd, 4319681.493, 76
Trd, 4319681.993, 76
Trd, 4319682.393, 87
Trd, 4319686.743, 131
Trd, 4319687.193, 89
Trd, 4319687.393, 75
Trd, 4319687.843, 119
Trd, 4319688.143, 124
Trd, 4319688.843, 133
Trd, 4319689.893, 123
Trd, 4319689.993, 120
Trd, 4319690.443, 93
Trd, 4319691.093, 112
Trd, 4319691.843, 123
Trd, 4319692.993, 124
Trd, 4319694.243, 135
Trd, 4319695.543, 107
Trd, 4319697.043, 112
Trd, 4319697.943, 89
Trd, 4319698.943, 108
Trd, 4319699.043, 95
Trd, 4319699.643, 112
Trd, 4319701.193, 90
Trd, 4319701.343, 89
Trd, 4319702.693, 111
Trd, 4319703.393, 116
Trd, 4319703.743, 104
Trd, 4319704.093, 96
Trd, 4319704.643, 72
Trd, 4319705.893, 108
Trd, 4319706.993, 127
Trd, 4319707.043, 104
Trd, 4319707.443, 93
Trd, 4319708.943, 96
Trd, 4319710.393, 134
Trd, 4319710.993, 127
Trd, 4319711.593, 120
Trd, 4319712.093, 107
Trd, 4319712.443, 133
Trd, 4319713.293, 123
Trd, 4319713.443, 122
Trd, 4319713.943, 107
Trd, 4319714.943, 140
Trd, 4319716.643, 125
Trd, 4319717.443, 133
Trd, 4319719.243, 117
Trd, 4319719.343, 115
Trd, 4319719.943, 106
Trd, 4319720.993, 127
Trd, 4319721.793, 98
Trd, 4319722.243, 115
Trd, 4319722.793, 85
Trd, 4319723.693, 119
Trd, 4319724.093, 88
Trd, 4319724.693, 129
Trd, 4319725.193, 118
Trd, 4319726.343, 113
Trd, 4319727.243, 96
Trd, 4319728.393, 105
Trd, 4319729.693, 128
Trd, 4319729.993, 122
Trd, 4319730.393, 122
Trd, 4319731.493, 80
Trd, 4319731.943, 72
Trd, 4319732.943, 86
Trd, 4319733.243, 111
Trd, 4319735.543, 123
Trd, 4319735.943, 111
Trd, 4319736.193, 90
Trd, 4319736.743, 94
Trd, 4319736.943, 129
Trd, 4319738.093, 89
Trd, 4319738.293, 85
Trd, 4319739.043, 94
Trd, 4319740.143, 94
Trd, 4319740.443, 80
Trd, 4319740.793, 115
Trd, 4319741.843, 95
Trd, 4319742.293, 74
Trd, 4319742.893, 125
Trd, 4319743.093, 100
Trd, 4319744.593, 132
Trd, 4319746.043, 134
Trd, 4319746.993, 99
Trd, 4319748.443, 98
Trd, 4319748.593, 86
Trd, 4319749.593, 75
Trd, 4319750.993, 127
Trd, 4319751.643, 122
Trd, 4319752.543, 115
Trd, 4319752.743, 118
Trd, 4319753.943, 89
Trd, 4319755.393, 136
Trd, 4319756.543, 114
Trd, 4319756.943, 140
Trd, 4319757.243, 107
Trd, 4319757.593, 122
Trd, 4319757.993, 94
Trd, 4319760.543, 110
Trd, 4319760.843, 130
Trd, 4319761.043, 99
Trd, 4319761.143, 92
Trd, 4319762.243, 133
Trd, 4319764.593, 97
Trd, 4319764.743, 83
Trd, 4319764.943, 101
Trd, 4319765.043, 122
Trd, 4319765.743, 109
Trd, 4319766.093, 96
Trd, 4319769.393, 102
Trd, 4319769.943, 106
Trd, 4319770.093, 89
Trd, 4319770.393, 86
Trd, 4319770.843, 131
Trd, 4319771.093, 110
Trd, 4319772.193, 109
Trd, 4319773.343, 115
Trd, 4319773.493, 99
Trd, 4319773.593, 91
Trd, 4319774.193, 97
Trd, 4319774.843, 135
Trd, 4319776.193, 116
Trd, 4319777.493, 110
Trd, 4319777.693, 129
Trd, 4319778.443, 103
Trd, 4319779.093, 66
Trd, 4319779.593, 88
Trd, 4319780.893, 65
Trd, 4319780.993, 82
Trd, 4319781.743, 92
Trd, 4319782.693, 89
Trd, 4319783.393, 98
Trd, 4319785.593, 140
Trd, 4319785.643, 97
Trd, 4319786.543, 66
Trd, 4319787.193, 69
Trd, 4319787.643, 120
Trd, 4319788.293, 104
Trd, 4319788.393, 105
Trd, 4319789.593, 73
Trd, 4319789.693, 85
Trd, 4319792.193, 96
Trd, 4319792.393, 86
Trd, 4319792.993, 111
Trd, 4319794.443, 82
Trd, 4319795.243, 80
Trd, 4319795.743, 135
Trd, 4319796.543, 132
Trd, 4319797.393, 113
Trd, 4319799.793, 116
Trd, 4319800.343, 117
Trd, 4319800.843, 105
Trd, 4319802.043, 106
Trd, 4319802.543, 97
Trd, 4319802.843, 122
Trd, 4319802.943, 90
Trd, 4319804.843, 132
Trd, 4319805.743, 120
Trd, 4319806.943, 126
Trd, 4319807.193, 96
Trd, 4319810.143, 130
Trd, 4319810.893, 112
Trd, 4319811.843, 123
Trd, 4319813.043, 106
Trd, 4319813.093, 104
Trd, 4319813.793, 89
Trd, 4319814.443, 118
Trd, 4319814.543, 105
Trd, 4319816.093, 107
Trd, 4319816.593, 100
Trd, 4319817.743, 117
Trd, 4319817.793, 102
Trd, 4319817.893, 94
Trd, 4319820.093, 108
Trd, 4319820.343, 119
Trd, 4319820.593, 117
Trd, 4319823.043, 112
Trd, 4319824.243, 135
Trd, 4319824.993, 115
Trd, 4319826.593, 100
Trd, 4319826.943, 94
Trd, 4319827.243, 120
Trd, 4319828.393, 85
Trd, 4319828.443, 90
Trd, 4319828.843, 81
Trd, 4319829.843, 109
Trd, 4319830.193, 106
Trd, 4319831.343, 132
Trd, 4319832.293, 110
Trd, 4319832.593, 99
Trd, 4319833.543, 88
Trd, 4319835.243, 92
Trd, 4319835.693, 92
Trd, 4319835.743, 99
Trd, 4319837.043, 60
Trd, 4319837.793, 127
Trd, 4319838.493, 112
Trd, 4319839.043, 60
Trd, 4319839.143, 116
Trd, 4319840.193, 75
Trd, 4319842.193, 66
Trd, 4319842.243, 80
Trd, 4319843.343, 103
Trd, 4319843.843, 80
Trd, 4319845.693, 129
Trd, 4319846.493, 136
Trd, 4319846.793, 120
Trd, 4319848.293, 128
Trd, 4319848.693, 107
Trd, 4319849.343, 134
Trd, 4319849.793, 123
Trd, 4319851.293, 118
Trd, 4319851.943, 123
Trd, 4319852.093, 74
Trd, 4319852.743, 128
Trd, 4319853.343, 101
Trd, 4319853.793, 115
Trd, 4319854.393, 108
Trd, 4319855.043, 113
Trd, 4319855.693, 74
Trd, 4319856.743, 124
Trd, 4319857.593, 127
Trd, 4319859.243, 138
Trd, 4319859.593, 123
Trd, 4319859.993, 97
Trd, 4319860.593, 88
Trd, 4319861.443, 130
Trd, 4319862.293, 133
Trd, 4319863.143, 112
Trd, 4319863.243, 89
Trd, 4319863.893, 110
Trd, 4319863.993, 105
Trd, 4319864.443, 103
Trd, 4319865.593, 91
Trd, 4319866.593, 137
Trd, 4319866.643, 109
Trd, 4319866.993, 117
Trd, 4319867.993, 126
Trd, 4319868.043, 96
Trd, 4319868.593, 106
Trd, 4319869.243, 107
Trd, 4319869.743, 113
Trd, 4319871.593, 66
Trd, 4319871.993, 105
Trd, 4319874.243, 112
Trd, 4319874.943, 113
Trd, 4319875.843, 103
Trd, 4319876.443, 86
Trd, 4319877.793, 62
Trd, 4319877.893, 79
Trd, 4319877.943, 91
Trd, 4319878.643, 80
Trd, 4319880.193, 93
Trd, 4319880.793, 118
Trd, 4319881.493, 82
Trd, 4319881.843, 120
Trd, 4319883.293, 110
Trd, 4319883.793, 124
Trd, 4319885.543, 128
Trd, 4319886.043, 120
Trd, 4319886.343, 112
Trd, 4319887.743, 134
Trd, 4319887.893, 104
Trd, 4319888.293, 119
Trd, 4319889.093, 111
Trd, 4319891.693, 131
Trd, 4319892.293, 125
Trd, 4319892.443, 103
Trd, 4319892.943, 72
Trd, 4319893.943, 103
Trd, 4319895.143, 109
Trd, 4319895.843, 104
Trd, 4319897.543, 116
Trd, 4319898.043, 137
Trd, 4319898.743, 122
Trd, 4319899.793, 134
Trd, 4319900.093, 121
Trd, 4319902.043, 87
Trd, 4319902.593, 113
Trd, 4319904.043, 113
Trd, 4319904.243, 103
Trd, 4319904.293, 117
Trd, 4319905.643, 100
Trd, 4319906.293, 127
Trd, 4319906.593, 108
Trd, 4319907.343, 133
Trd, 4319907.793, 128
Trd, 4319908.743, 96
Trd, 4319910.043, 105
Trd, 4319910.393, 83
Trd, 4319912.543, 76
Trd, 4319912.793, 92
Trd, 4319913.643, 89
Trd, 4319914.843, 105
Trd, 4319915.193, 119
Trd, 4319916.793, 112
Trd, 4319917.443, 106
Trd, 4319919.943, 91
Trd, 4319919.993, 89
Trd, 4319921.193, 62
Trd, 4319921.543, 79
Trd, 4319922.193, 84
Trd, 4319923.143, 98
Trd, 4319924.343, 73
Trd, 4319925.793, 128
Trd, 4319925.843, 125
Trd, 4319926.743, 81
Trd, 4319927.093, 140
Trd, 4319928.493, 127
Trd, 4319928.993, 97
Trd, 4319929.043, 103
Trd, 4319929.393, 85
Trd, 4319930.843, 83
Trd, 4319931.543, 79
Trd, 4319932.543, 82
Trd, 4319933.893, 112
Trd, 4319934.593, 124
Trd, 4319934.793, 98
Trd, 4319934.943, 94
Trd, 4319936.443, 135
Trd, 4319937.193, 89
Trd, 4319937.693, 108
Trd, 4319938.243, 83
Trd, 4319938.743, 79
Trd, 4319940.343, 90
Trd, 4319940.993, 89
Trd, 4319942.143, 126
Trd, 4319942.543, 79
Trd, 4319943.343, 83
Trd, 4319943.543, 85
Trd, 4319944.493, 86
Trd, 4319945.193, 117
Trd, 4319945.343, 76
Trd, 4319946.793, 103
Trd, 4319947.093, 91
Trd, 4319947.343, 82
Trd, 4319948.643, 133
Trd, 4319950.693, 122
Trd, 4319951.343, 129
Trd, 4319951.393, 80
Trd, 4319953.193, 95
Trd, 4319953.743, 111
Trd, 4319954.343, 101
Trd, 4319954.593, 107
Trd, 4319954.993, 135
Trd, 4319955.193, 101
Trd, 4319955.493, 117
Trd, 4319955.893, 130
Trd, 4319956.843, 129
Trd, 4319957.293, 120
Trd, 4319957.343, 116
Trd, 4319959.793, 85
Trd, 4319960.843, 105
Trd, 4319961.243, 127
Trd, 4319961.943, 100
Trd, 4319963.293, 125
Trd, 4319964.493, 67
Trd, 4319964.693, 94
Trd, 4319965.093, 122
Trd, 4319966.093, 139
Trd, 4319967.443, 137
Trd, 4319968.243, 118
Trd, 4319969.393, 97
Trd, 4319969.943, 108
Trd, 4319970.243, 109
Trd, 4319971.593, 60
Trd, 4319972.693, 109
Trd, 4319973.093, 106
Trd, 4319973.243, 111
Trd, 4319973.643, 116
Trd, 4319973.943, 73
Trd, 4319974.193, 112
Trd, 4319976.043, 120
Trd, 4319977.143, 106
Trd, 4319977.393, 124
Trd, 4319978.893, 117
Trd, 4319979.143, 112
Trd, 4319979.443, 103
Trd, 4319979.693, 83
Trd, 4319980.043, 105
Trd, 4319981.093, 126
Trd, 4319981.143, 115
Trd, 4319982.243, 89
Trd, 4319983.493, 70
Trd, 4319984.443, 113
Trd, 4319984.643, 113
Trd, 4319985.493, 107
Trd, 4319986.593, 107
Trd, 4319987.193, 98
Trd, 4319987.543, 96
Trd, 4319987.993, 116
Trd, 4319989.543, 108
Trd, 4319990.243, 120
Trd, 4319990.893, 116
Trd, 4319992.143, 118
Trd, 4319992.493, 105
Trd, 4319994.843, 114
Trd, 4319995.243, 130
Trd, 4319995.843, 97
Trd, 4319996.093, 95
Trd, 4319996.493, 93
Trd, 4319997.493, 122
Trd, 4319999.893, 139
