Trd, 4318139.743, 60
Trd, 4318141.443, 60
Trd, 4318141.493, 60
Trd, 4318141.643, 61
Trd, 4318142.843, 60
Trd, 4318143.743, 61
Trd, 4318143.993, 62
Trd, 4318144.993, 60
Trd, 4318145.593, 61
Trd, 4318146.443, 62
Trd, 4318146.543, 62
Trd, 4318146.943, 63
Trd, 4318148.693, 61
Trd, 4318149.043, 60
Trd, 4318149.293, 63
Trd, 4318149.693, 62
Trd, 4318149.843, 61
Trd, 4318150.593, 60
Trd, 4318151.543, 60
Trd, 4318151.993, 60
Trd, 4318152.243, 62
Trd, 4318154.393, 61
Trd, 4318154.493, 63
Trd, 4318156.543, 60
Trd, 4318157.793, 62
Trd, 4318158.143, 63
Trd, 4318158.243, 64
Trd, 4318158.393, 62
Trd, 4318158.893, 64
Trd, 4318159.043, 65
Trd, 4318159.993, 140
Trd, 4318160.493, 140
Trd, 4318160.743, 72
Trd, 4318161.393, 72
Trd, 4318161.743, 128
Trd, 4318162.593, 73
Trd, 4318163.493, 63
Trd, 4318164.043, 70
Trd, 4318164.743, 74
Trd, 4318165.243, 140
Trd, 4318165.343, 139
Trd, 4318166.193, 61
Trd, 4318167.193, 62
Trd, 4318168.393, 60
Trd, 4318169.743, 60
Trd, 4318170.343, 63
Trd, 4318170.593, 72
Trd, 4318171.393, 61
Trd, 4318171.493, 67
Trd, 4318173.743, 63
Trd, 4318174.193, 60
Trd, 4318174.293, 61
Trd, 4318176.943, 61
Trd, 4318177.743, 60
Trd, 4318177.993, 62
Trd, 4318179.093, 62
Trd, 4318179.393, 63
Trd, 4318179.593, 62
Trd, 4318179.643, 64
Trd, 4318179.793, 63
Trd, 4318180.543, 75
Trd, 4318181.993, 62
Trd, 4318182.343, 62
Trd, 4318182.593, 63
Trd, 4318183.493, 62
Trd, 4318184.193, 69
Trd, 4318184.893, 61
Trd, 4318185.143, 61
Trd, 4318185.543, 62
Trd, 4318186.343, 140
Trd, 4318187.143, 67
Trd, 4318187.243, 66
Trd, 4318188.593, 140
Trd, 4318188.843, 140
Trd, 4318189.143, 140
Trd, 4318189.793, 140
Trd, 4318190.293, 138
Trd, 4318191.043, 140
Trd, 4318191.593, 140
Trd, 4318192.493, 140
Trd, 4318192.543, 140
Trd, 4318193.493, 62
Trd, 4318194.293, 132
Trd, 4318194.643, 140
Trd, 4318194.743, 131
Trd, 4318196.243, 65
Trd, 4318196.843, 60
Trd, 4318197.243, 60
Trd, 4318197.993, 64
Trd, 4318199.943, 62
Trd, 4318200.693, 60
Trd, 4318202.143, 60
Trd, 4318202.343, 62
Trd, 4318203.393, 60
Trd, 4318204.093, 63
Trd, 4318204.893, 67
Trd, 4318205.793, 62
Trd, 4318206.293, 62
Trd, 4318208.443, 61
Trd, 4318208.543, 62
Trd, 4318208.943, 62
Trd, 4318210.693, 60
Trd, 4318210.843, 60
Trd, 4318210.993, 61
Trd, 4318211.843, 61
Trd, 4318212.043, 64
Trd, 4318212.443, 61
Trd, 4318213.193, 60
Trd, 4318213.243, 61
Trd, 4318215.243, 60
Trd, 4318216.243, 60
Trd, 4318217.493, 60
Trd, 4318218.593, 61
Trd, 4318218.743, 60
Trd, 4318219.243, 62
Trd, 4318220.493, 62
Trd, 4318220.593, 70
Trd, 4318222.443, 61
Trd, 4318222.743, 62
Trd, 4318223.443, 62
Trd, 4318224.243, 62
Trd, 4318224.343, 60
Trd, 4318225.193, 61
Trd, 4318225.243, 63
Trd, 4318226.843, 61
Trd, 4318228.393, 61
Trd, 4318228.493, 62
Trd, 4318229.043, 61
Trd, 4318229.393, 60
Trd, 4318229.643, 61
Trd, 4318230.093, 62
Trd, 4318230.793, 75
Trd, 4318231.243, 64
Trd, 4318231.343, 61
Trd, 4318232.793, 65
Trd, 4318233.193, 66
Trd, 4318233.443, 61
Trd, 4318233.893, 65
Trd, 4318234.393, 62
Trd, 4318235.393, 64
Trd, 4318237.043, 61
Trd, 4318237.193, 64
Trd, 4318237.643, 65
Trd, 4318237.993, 66
Trd, 4318239.593, 61
Trd, 4318240.143, 61
Trd, 4318241.443, 60
Trd, 4318242.093, 60
Trd, 4318242.193, 61
Trd, 4318243.143, 62
Trd, 4318244.593, 61
Trd, 4318245.643, 60
Trd, 4318246.243, 61
Trd, 4318246.693, 61
Trd, 4318246.893, 62
Trd, 4318247.543, 62
Trd, 4318248.243, 60
Trd, 4318248.593, 61
Trd, 4318249.143, 62
Trd, 4318250.093, 61
Trd, 4318251.393, 60
Trd, 4318252.593, 60
Trd, 4318252.943, 61
Trd, 4318254.643, 60
Trd, 4318255.593, 62
Trd, 4318256.943, 62
Trd, 4318257.043, 60
Trd, 4318258.343, 61
Trd, 4318259.093, 60
Trd, 4318259.343, 62
Trd, 4318260.243, 60
Trd, 4318260.293, 61
Trd, 4318260.793, 61
Trd, 4318260.843, 60
Trd, 4318261.043, 66
Trd, 4318262.593, 63
Trd, 4318262.693, 66
Trd, 4318263.543, 64
Trd, 4318263.743, 63
Trd, 4318264.043, 66
Trd, 4318264.643, 70
Trd, 4318266.443, 70
Trd, 4318267.043, 61
Trd, 4318267.143, 61
Trd, 4318268.293, 64
Trd, 4318270.093, 60
Trd, 4318271.293, 60
Trd, 4318271.943, 61
Trd, 4318272.843, 60
Trd, 4318274.043, 60
Trd, 4318274.743, 62
Trd, 4318275.043, 62
Trd, 4318275.143, 62
Trd, 4318275.893, 62
Trd, 4318276.643, 62
Trd, 4318276.793, 65
Trd, 4318277.293, 64
Trd, 4318277.843, 65
Trd, 4318278.293, 65
Trd, 4318278.643, 66
Trd, 4318279.543, 64
Trd, 4318280.543, 61
Trd, 4318280.693, 77
Trd, 4318281.443, 64
Trd, 4318282.943, 60
Trd, 4318285.043, 61
Trd, 4318285.543, 63
Trd, 4318286.293, 64
Trd, 4318286.493, 62
Trd, 4318288.193, 60
Trd, 4318288.293, 61
Trd, 4318288.793, 67
Trd, 4318288.993, 67
Trd, 4318289.893, 63
Trd, 4318290.143, 63
Trd, 4318291.093, 60
Trd, 4318291.343, 69
Trd, 4318291.643, 140
Trd, 4318292.043, 140
Trd, 4318293.693, 61
Trd, 4318294.093, 61
Trd, 4318294.493, 63
Trd, 4318295.193, 61
Trd, 4318295.343, 67
Trd, 4318296.793, 61
Trd, 4318298.093, 66
Trd, 4318298.493, 63
Trd, 4318299.943, 66
Trd, 4318300.243, 62
Trd, 4318300.693, 66
Trd, 4318303.043, 60
Trd, 4318303.943, 60
Trd, 4318304.593, 62
Trd, 4318304.993, 61
Trd, 4318305.493, 60
Trd, 4318305.893, 60
Trd, 4318306.343, 66
Trd, 4318307.293, 64
Trd, 4318307.393, 68
Trd, 4318307.943, 62
Trd, 4318308.893, 65
Trd, 4318309.143, 66
Trd, 4318309.943, 140
Trd, 4318309.993, 140
Trd, 4318311.193, 140
Trd, 4318311.243, 140
Trd, 4318311.643, 140
Trd, 4318311.793, 139
Trd, 4318311.943, 62
Trd, 4318314.143, 140
Trd, 4318314.793, 140
Trd, 4318315.043, 140
Trd, 4318315.593, 140
Trd, 4318316.193, 140
Trd, 4318316.643, 140
Trd, 4318317.243, 140
Trd, 4318317.843, 107
Trd, 4318318.143, 138
Trd, 4318318.493, 135
Trd, 4318319.293, 100
Trd, 4318319.643, 70
Trd, 4318320.643, 140
Trd, 4318320.743, 140
Trd, 4318322.143, 140
Trd, 4318322.543, 140
Trd, 4318322.793, 140
Trd, 4318323.043, 140
Trd, 4318323.643, 66
Trd, 4318324.643, 64
Trd, 4318325.493, 63
Trd, 4318327.943, 60
Trd, 4318328.143, 64
Trd, 4318328.243, 61
Trd, 4318329.693, 66
Trd, 4318329.743, 68
Trd, 4318329.893, 68
Trd, 4318330.243, 64
Trd, 4318330.293, 65
Trd, 4318330.943, 72
Trd, 4318332.893, 61
Trd, 4318332.993, 63
Trd, 4318333.193, 73
Trd, 4318335.143, 60
Trd, 4318337.343, 60
Trd, 4318338.643, 62
Trd, 4318338.693, 62
Trd, 4318339.593, 64
Trd, 4318339.893, 62
Trd, 4318339.993, 66
Trd, 4318340.693, 62
Trd, 4318341.293, 61
Trd, 4318342.193, 62
Trd, 4318343.443, 62
Trd, 4318343.493, 63
Trd, 4318343.593, 64
Trd, 4318345.193, 140
Trd, 4318345.893, 140
Trd, 4318345.993, 139
Trd, 4318347.043, 140
Trd, 4318347.543, 130
Trd, 4318348.443, 60
Trd, 4318348.643, 60
Trd, 4318349.293, 60
Trd, 4318349.393, 74
Trd, 4318350.893, 140
Trd, 4318351.643, 140
Trd, 4318352.843, 60
Trd, 4318352.893, 60
Trd, 4318353.093, 62
Trd, 4318354.443, 60
Trd, 4318357.093, 60
Trd, 4318357.293, 66
Trd, 4318357.893, 62
Trd, 4318357.943, 63
Trd, 4318358.593, 61
Trd, 4318359.743, 65
Trd, 4318359.943, 64
Trd, 4318360.393, 63
Trd, 4318360.743, 60
Trd, 4318361.593, 140
Trd, 4318361.793, 140
Trd, 4318362.543, 140
Trd, 4318362.693, 138
Trd, 4318362.893, 138
Trd, 4318363.943, 62
Trd, 4318365.143, 60
Trd, 4318365.293, 60
Trd, 4318365.993, 61
Trd, 4318366.743, 62
Trd, 4318367.443, 62
Trd, 4318367.843, 67
Trd, 4318369.293, 61
Trd, 4318371.043, 61
Trd, 4318372.243, 60
Trd, 4318372.743, 60
Trd, 4318374.743, 60
Trd, 4318375.243, 60
Trd, 4318375.643, 61
Trd, 4318375.743, 60
Trd, 4318375.893, 62
Trd, 4318376.843, 64
Trd, 4318377.193, 62
Trd, 4318377.943, 64
Trd, 4318378.343, 64
Trd, 4318378.493, 61
Trd, 4318378.843, 65
Trd, 4318379.043, 72
Trd, 4318379.093, 76
Trd, 4318380.343, 123
Trd, 4318380.693, 84
Trd, 4318381.093, 61
Trd, 4318381.893, 140
Trd, 4318383.243, 60
Trd, 4318383.493, 64
Trd, 4318385.393, 60
Trd, 4318386.343, 61
Trd, 4318386.443, 63
Trd, 4318388.293, 61
Trd, 4318388.893, 60
Trd, 4318389.593, 62
Trd, 4318390.093, 62
Trd, 4318390.493, 60
Trd, 4318390.743, 62
Trd, 4318391.393, 63
Trd, 4318391.493, 62
Trd, 4318392.343, 66
Trd, 4318393.843, 60
Trd, 4318393.893, 60
Trd, 4318394.643, 61
Trd, 4318395.443, 65
Trd, 4318397.743, 61
Trd, 4318397.943, 60
Trd, 4318398.193, 60
Trd, 4318398.443, 63
Trd, 4318398.693, 64
Trd, 4318400.743, 60
Trd, 4318401.943, 62
Trd, 4318402.243, 62
Trd, 4318402.743, 64
Trd, 4318402.843, 62
Trd, 4318403.393, 64
Trd, 4318404.193, 65
Trd, 4318405.243, 66
Trd, 4318405.493, 68
Trd, 4318405.793, 66
Trd, 4318405.993, 67
Trd, 4318407.543, 60
Trd, 4318407.943, 63
Trd, 4318408.793, 60
Trd, 4318408.843, 60
Trd, 4318409.543, 60
Trd, 4318410.393, 61
Trd, 4318412.093, 61
Trd, 4318413.443, 60
Trd, 4318413.493, 62
Trd, 4318413.593, 62
Trd, 4318414.693, 60
Trd, 4318415.293, 60
Trd, 4318415.443, 60
Trd, 4318415.793, 61
Trd, 4318415.993, 64
Trd, 4318417.943, 63
Trd, 4318418.143, 62
Trd, 4318418.343, 63
Trd, 4318418.493, 65
Trd, 4318419.443, 139
Trd, 4318419.493, 64
Trd, 4318420.793, 139
Trd, 4318420.893, 66
Trd, 4318424.393, 60
Trd, 4318424.493, 60
Trd, 4318425.743, 63
Trd, 4318426.093, 61
Trd, 4318428.093, 61
Trd, 4318428.143, 61
Trd, 4318428.443, 61
Trd, 4318428.943, 61
Trd, 4318429.043, 63
Trd, 4318429.693, 62
Trd, 4318429.793, 61
Trd, 4318430.193, 67
Trd, 4318431.143, 60
Trd, 4318431.743, 62
Trd, 4318431.793, 65
Trd, 4318434.193, 60
Trd, 4318435.943, 60
Trd, 4318436.243, 62
Trd, 4318436.593, 62
Trd, 4318437.293, 64
Trd, 4318439.893, 61
Trd, 4318440.243, 63
Trd, 4318441.843, 60
Trd, 4318442.393, 60
Trd, 4318443.043, 61
Trd, 4318444.043, 61
Trd, 4318444.343, 61
Trd, 4318445.443, 60
Trd, 4318445.843, 60
Trd, 4318446.043, 63
Trd, 4318446.643, 61
Trd, 4318446.943, 63
Trd, 4318447.143, 61
Trd, 4318447.193, 60
Trd, 4318448.743, 140
Trd, 4318448.993, 140
Trd, 4318450.093, 140
Trd, 4318450.743, 140
Trd, 4318450.893, 140
Trd, 4318450.943, 137
Trd, 4318451.593, 140
Trd, 4318451.693, 136
Trd, 4318451.793, 136
Trd, 4318454.093, 139
Trd, 4318454.143, 135
Trd, 4318454.393, 134
Trd, 4318454.893, 132
Trd, 4318455.343, 140
Trd, 4318456.143, 140
Trd, 4318456.843, 139
Trd, 4318458.693, 140
Trd, 4318459.143, 140
Trd, 4318459.593, 139
Trd, 4318459.743, 139
Trd, 4318460.243, 140
Trd, 4318460.743, 62
Trd, 4318461.493, 140
Trd, 4318461.693, 137
Trd, 4318462.193, 140
Trd, 4318463.643, 60
Trd, 4318464.143, 73
Trd, 4318464.843, 140
Trd, 4318464.943, 140
Trd, 4318465.343, 137
Trd, 4318466.443, 63
Trd, 4318467.493, 60
Trd, 4318467.543, 61
Trd, 4318468.843, 61
Trd, 4318470.343, 60
Trd, 4318471.293, 61
Trd, 4318472.393, 62
Trd, 4318472.593, 62
Trd, 4318472.893, 60
Trd, 4318474.143, 61
Trd, 4318474.943, 63
Trd, 4318474.993, 62
Trd, 4318475.693, 61
Trd, 4318476.993, 62
Trd, 4318479.243, 61
Trd, 4318479.543, 60
Trd, 4318479.693, 63
Trd, 4318480.243, 60
Trd, 4318480.493, 60
Trd, 4318481.143, 62
Trd, 4318481.243, 63
Trd, 4318482.043, 64
Trd, 4318482.243, 84
Trd, 4318482.543, 117
Trd, 4318483.043, 140
Trd, 4318484.193, 140
Trd, 4318485.543, 140
Trd, 4318485.793, 138
Trd, 4318486.843, 139
Trd, 4318487.093, 138
Trd, 4318487.293, 137
Trd, 4318487.493, 100
Trd, 4318488.093, 61
Trd, 4318488.293, 67
Trd, 4318489.543, 65
Trd, 4318490.843, 60
Trd, 4318490.993, 60
Trd, 4318492.243, 61
Trd, 4318492.443, 63
Trd, 4318492.793, 65
Trd, 4318494.493, 62
Trd, 4318495.443, 61
Trd, 4318495.943, 61
Trd, 4318498.643, 60
Trd, 4318498.793, 60
Trd, 4318498.843, 61
Trd, 4318498.893, 62
Trd, 4318499.393, 60
Trd, 4318499.993, 125
Trd, 4318500.093, 63
Trd, 4318500.943, 60
Trd, 4318501.643, 60
Trd, 4318501.843, 63
Trd, 4318503.343, 62
Trd, 4318504.093, 62
Trd, 4318504.993, 74
Trd, 4318506.343, 71
Trd, 4318507.543, 60
Trd, 4318507.793, 60
Trd, 4318509.843, 60
Trd, 4318510.143, 63
Trd, 4318510.393, 62
Trd, 4318510.993, 62
Trd, 4318511.043, 63
Trd, 4318511.293, 61
Trd, 4318511.443, 69
Trd, 4318512.093, 61
Trd, 4318513.093, 63
Trd, 4318513.143, 66
Trd, 4318515.393, 62
Trd, 4318515.993, 60
Trd, 4318516.293, 63
Trd, 4318519.643, 60
Trd, 4318520.193, 61
Trd, 4318521.743, 60
Trd, 4318522.093, 60
Trd, 4318522.193, 61
Trd, 4318522.443, 62
Trd, 4318522.543, 63
Trd, 4318522.693, 61
Trd, 4318522.993, 64
Trd, 4318524.143, 65
Trd, 4318524.843, 67
Trd, 4318525.043, 139
Trd, 4318525.443, 61
Trd, 4318526.493, 60
Trd, 4318527.393, 62
Trd, 4318527.493, 62
Trd, 4318528.393, 66
Trd, 4318530.093, 60
Trd, 4318530.293, 60
Trd, 4318531.293, 60
Trd, 4318531.643, 61
Trd, 4318532.243, 63
Trd, 4318533.843, 60
Trd, 4318536.093, 61
Trd, 4318536.193, 62
Trd, 4318536.243, 62
Trd, 4318536.793, 61
Trd, 4318537.693, 69
Trd, 4318538.393, 76
Trd, 4318538.593, 139
Trd, 4318539.143, 60
Trd, 4318539.993, 61
Trd, 4318540.893, 63
Trd, 4318541.293, 63
Trd, 4318541.593, 62
Trd, 4318542.043, 68
Trd, 4318543.943, 62
Trd, 4318544.543, 63
Trd, 4318544.793, 67
Trd, 4318546.543, 60
Trd, 4318547.093, 60
Trd, 4318547.943, 61
Trd, 4318548.393, 74
Trd, 4318548.893, 60
Trd, 4318550.143, 60
Trd, 4318550.793, 60
Trd, 4318550.943, 63
Trd, 4318551.393, 62
Trd, 4318551.643, 61
Trd, 4318552.243, 62
Trd, 4318552.493, 61
Trd, 4318553.993, 60
Trd, 4318554.843, 60
Trd, 4318555.243, 60
Trd, 4318555.593, 63
Trd, 4318555.843, 61
Trd, 4318556.043, 62
Trd, 4318557.293, 140
Trd, 4318557.693, 140
Trd, 4318557.893, 140
Trd, 4318559.943, 61
Trd, 4318560.193, 68
Trd, 4318561.293, 62
Trd, 4318562.793, 61
Trd, 4318562.943, 62
Trd, 4318563.793, 60
Trd, 4318564.193, 60
Trd, 4318566.243, 60
Trd, 4318566.293, 61
Trd, 4318566.943, 61
Trd, 4318568.343, 60
Trd, 4318568.693, 61
Trd, 4318569.043, 60
Trd, 4318570.993, 60
Trd, 4318571.293, 60
Trd, 4318571.393, 61
Trd, 4318572.693, 61
Trd, 4318572.943, 67
Trd, 4318573.393, 62
Trd, 4318573.743, 66
Trd, 4318574.893, 66
Trd, 4318575.043, 62
Trd, 4318575.093, 78
Trd, 4318576.043, 63
Trd, 4318576.193, 66
Trd, 4318576.343, 74
Trd, 4318578.493, 63
Trd, 4318579.343, 64
Trd, 4318580.043, 61
Trd, 4318581.143, 60
Trd, 4318581.943, 60
Trd, 4318582.343, 66
Trd, 4318584.443, 63
Trd, 4318584.993, 64
Trd, 4318585.543, 61
Trd, 4318586.493, 62
Trd, 4318586.593, 71
Trd, 4318587.243, 62
Trd, 4318587.343, 61
Trd, 4318587.543, 60
Trd, 4318588.143, 60
Trd, 4318589.643, 61
Trd, 4318590.593, 60
Trd, 4318590.693, 62
Trd, 4318591.093, 60
Trd, 4318592.193, 63
Trd, 4318592.643, 70
Trd, 4318593.593, 60
Trd, 4318595.543, 60
Trd, 4318595.993, 60
Trd, 4318597.593, 60
Trd, 4318598.493, 61
Trd, 4318598.843, 62
Trd, 4318599.193, 61
Trd, 4318599.393, 63
Trd, 4318600.093, 61
Trd, 4318600.843, 62
Trd, 4318601.143, 62
Trd, 4318602.093, 62
Trd, 4318602.893, 61
Trd, 4318603.543, 60
Trd, 4318604.343, 60
Trd, 4318604.643, 60
Trd, 4318605.893, 61
Trd, 4318606.043, 65
Trd, 4318608.143, 60
Trd, 4318608.393, 61
Trd, 4318609.393, 60
Trd, 4318609.943, 60
Trd, 4318610.743, 61
Trd, 4318612.343, 60
Trd, 4318612.743, 61
Trd, 4318613.743, 60
Trd, 4318614.693, 61
Trd, 4318616.293, 60
Trd, 4318616.543, 60
Trd, 4318617.093, 61
Trd, 4318618.443, 60
Trd, 4318618.593, 60
Trd, 4318618.643, 60
Trd, 4318619.743, 60
Trd, 4318619.893, 60
Trd, 4318620.393, 62
Trd, 4318620.643, 61
Trd, 4318620.893, 61
Trd, 4318621.593, 138
Trd, 4318622.143, 140
Trd, 4318622.643, 139
Trd, 4318623.493, 135
Trd, 4318624.143, 139
Trd, 4318624.443, 67
Trd, 4318625.293, 140
Trd, 4318625.643, 138
Trd, 4318626.793, 62
Trd, 4318627.543, 60
Trd, 4318628.093, 63
Trd, 4318629.043, 60
Trd, 4318629.293, 71
Trd, 4318630.793, 61
Trd, 4318631.043, 61
Trd, 4318631.293, 140
Trd, 4318631.843, 140
Trd, 4318632.543, 140
Trd, 4318633.093, 140
Trd, 4318633.643, 140
Trd, 4318634.143, 140
Trd, 4318634.893, 138
Trd, 4318635.143, 136
Trd, 4318636.243, 140
Trd, 4318636.693, 140
Trd, 4318637.743, 140
Trd, 4318637.893, 139
Trd, 4318638.243, 136
Trd, 4318638.443, 140
Trd, 4318639.093, 138
Trd, 4318640.843, 129
Trd, 4318640.943, 113
Trd, 4318641.093, 112
Trd, 4318642.243, 140
Trd, 4318642.393, 140
Trd, 4318642.793, 140
Trd, 4318643.193, 136
Trd, 4318645.043, 140
Trd, 4318645.943, 140
Trd, 4318646.593, 140
Trd, 4318646.943, 139
Trd, 4318646.993, 137
Trd, 4318647.343, 140
Trd, 4318647.793, 140
Trd, 4318649.393, 140
Trd, 4318650.293, 140
Trd, 4318650.893, 140
Trd, 4318651.743, 140
Trd, 4318652.043, 140
Trd, 4318653.293, 140
Trd, 4318653.993, 140
Trd, 4318654.443, 140
Trd, 4318654.593, 140
Trd, 4318654.943, 140
Trd, 4318655.343, 140
Trd, 4318656.593, 140
Trd, 4318656.793, 140
Trd, 4318657.493, 140
Trd, 4318657.593, 140
Trd, 4318657.893, 140
Trd, 4318658.793, 140
Trd, 4318660.143, 140
Trd, 4318660.193, 140
Trd, 4318660.643, 140
Trd, 4318661.443, 139
Trd, 4318662.143, 139
Trd, 4318662.893, 136
Trd, 4318663.043, 139
Trd, 4318663.093, 135
Trd, 4318664.043, 136
Trd, 4318664.293, 131
Trd, 4318665.293, 140
Trd, 4318665.943, 140
Trd, 4318666.943, 140
Trd, 4318667.093, 140
Trd, 4318667.593, 140
Trd, 4318667.743, 138
Trd, 4318668.043, 114
Trd, 4318668.443, 137
Trd, 4318669.293, 140
Trd, 4318669.993, 140
Trd, 4318671.293, 77
Trd, 4318671.743, 140
Trd, 4318672.293, 140
Trd, 4318672.743, 139
Trd, 4318673.343, 127
Trd, 4318674.243, 140
Trd, 4318674.943, 138
Trd, 4318675.893, 139
Trd, 4318676.193, 130
Trd, 4318676.543, 139
Trd, 4318677.243, 140
Trd, 4318677.293, 129
Trd, 4318678.443, 140
Trd, 4318678.893, 140
Trd, 4318681.243, 61
Trd, 4318683.743, 60
Trd, 4318683.893, 61
Trd, 4318684.093, 62
Trd, 4318684.443, 64
Trd, 4318685.793, 60
Trd, 4318686.943, 61
Trd, 4318686.993, 61
Trd, 4318687.543, 62
Trd, 4318687.693, 64
Trd, 4318688.793, 61
Trd, 4318689.393, 60
Trd, 4318689.493, 63
Trd, 4318690.093, 60
Trd, 4318691.093, 60
Trd, 4318691.643, 60
Trd, 4318693.543, 60
Trd, 4318693.693, 61
Trd, 4318694.693, 60
Trd, 4318694.743, 64
Trd, 4318695.643, 63
Trd, 4318697.043, 60
Trd, 4318697.593, 60
Trd, 4318698.843, 60
Trd, 4318699.643, 60
Trd, 4318699.993, 60
Trd, 4318700.843, 61
Trd, 4318700.993, 62
Trd, 4318701.093, 64
Trd, 4318701.443, 62
Trd, 4318701.693, 67
Trd, 4318701.993, 62
Trd, 4318702.043, 73
Trd, 4318702.843, 77
Trd, 4318704.793, 61
Trd, 4318706.293, 60
Trd, 4318706.443, 60
Trd, 4318707.393, 62
Trd, 4318707.543, 63
Trd, 4318708.493, 64
Trd, 4318709.593, 60
Trd, 4318711.943, 60
Trd, 4318713.793, 61
Trd, 4318714.143, 63
Trd, 4318714.293, 62
Trd, 4318714.593, 63
Trd, 4318715.193, 61
Trd, 4318715.343, 67
Trd, 4318716.393, 61
Trd, 4318718.843, 61
Trd, 4318719.393, 60
Trd, 4318719.543, 61
Trd, 4318719.793, 62
Trd, 4318720.293, 60
Trd, 4318721.493, 60
Trd, 4318721.743, 60
Trd, 4318721.943, 61
Trd, 4318722.993, 67
Trd, 4318723.343, 68
Trd, 4318723.593, 65
Trd, 4318723.793, 62
Trd, 4318724.343, 64
Trd, 4318724.743, 63
Trd, 4318726.293, 61
Trd, 4318727.493, 62
Trd, 4318727.843, 60
Trd, 4318728.443, 61
Trd, 4318729.843, 60
Trd, 4318731.893, 60
Trd, 4318732.393, 60
Trd, 4318733.443, 61
Trd, 4318733.893, 60
Trd, 4318735.593, 60
Trd, 4318736.493, 62
Trd, 4318737.193, 60
Trd, 4318737.393, 60
Trd, 4318737.493, 60
Trd, 4318738.093, 60
Trd, 4318738.443, 61
Trd, 4318738.943, 60
Trd, 4318739.993, 62
Trd, 4318740.093, 61
Trd, 4318740.393, 65
Trd, 4318740.693, 61
Trd, 4318741.443, 62
Trd, 4318741.893, 62
Trd, 4318742.243, 70
Trd, 4318742.393, 62
Trd, 4318743.343, 64
Trd, 4318743.543, 60
Trd, 4318744.443, 140
Trd, 4318745.193, 140
Trd, 4318746.243, 140
Trd, 4318746.543, 139
Trd, 4318746.993, 140
Trd, 4318747.043, 139
Trd, 4318748.493, 139
Trd, 4318749.193, 140
Trd, 4318749.243, 140
Trd, 4318749.993, 140
Trd, 4318750.043, 139
Trd, 4318750.543, 138
Trd, 4318751.193, 137
Trd, 4318752.643, 139
Trd, 4318753.293, 129
Trd, 4318754.843, 64
Trd, 4318755.193, 60
Trd, 4318755.793, 61
Trd, 4318756.293, 62
Trd, 4318756.493, 63
Trd, 4318758.543, 61
Trd, 4318760.493, 60
Trd, 4318760.943, 61
Trd, 4318761.343, 60
Trd, 4318761.593, 69
Trd, 4318761.693, 63
Trd, 4318763.343, 60
Trd, 4318763.693, 62
Trd, 4318763.793, 63
Trd, 4318764.043, 60
Trd, 4318764.393, 64
Trd, 4318764.543, 65
Trd, 4318764.793, 62
Trd, 4318767.543, 140
Trd, 4318767.793, 140
Trd, 4318767.893, 139
Trd, 4318768.393, 140
Trd, 4318768.943, 140
Trd, 4318769.543, 140
Trd, 4318770.093, 133
Trd, 4318770.543, 140
Trd, 4318772.243, 140
Trd, 4318772.593, 139
Trd, 4318772.743, 139
Trd, 4318773.343, 140
Trd, 4318775.893, 60
Trd, 4318775.993, 61
Trd, 4318776.093, 62
Trd, 4318777.493, 62
Trd, 4318779.543, 66
Trd, 4318779.643, 68
Trd, 4318780.193, 60
Trd, 4318780.343, 60
Trd, 4318781.543, 60
Trd, 4318782.293, 63
Trd, 4318783.393, 62
Trd, 4318785.243, 64
Trd, 4318785.793, 62
Trd, 4318786.093, 63
Trd, 4318786.443, 66
Trd, 4318786.893, 66
Trd, 4318787.093, 65
Trd, 4318787.593, 61
Trd, 4318787.743, 61
Trd, 4318788.293, 62
Trd, 4318790.743, 63
Trd, 4318791.243, 60
Trd, 4318791.743, 60
Trd, 4318791.993, 64
Trd, 4318793.243, 60
Trd, 4318793.543, 60
Trd, 4318794.393, 64
Trd, 4318796.243, 61
Trd, 4318796.643, 60
Trd, 4318797.243, 60
Trd, 4318798.543, 60
Trd, 4318799.193, 60
Trd, 4318799.493, 61
Trd, 4318799.793, 60
Trd, 4318800.143, 62
Trd, 4318801.293, 64
Trd, 4318801.343, 62
Trd, 4318802.443, 140
Trd, 4318802.843, 138
Trd, 4318803.293, 64
Trd, 4318803.543, 64
Trd, 4318804.343, 71
Trd, 4318806.643, 65
Trd, 4318808.393, 60
Trd, 4318808.643, 61
Trd, 4318808.793, 61
Trd, 4318809.693, 60
Trd, 4318811.193, 60
Trd, 4318811.893, 60
Trd, 4318812.443, 60
Trd, 4318812.593, 65
Trd, 4318812.743, 66
Trd, 4318814.343, 68
Trd, 4318814.443, 66
Trd, 4318814.543, 64
Trd, 4318815.043, 140
Trd, 4318815.493, 61
Trd, 4318816.593, 63
Trd, 4318816.693, 62
Trd, 4318816.843, 65
Trd, 4318817.443, 63
Trd, 4318817.943, 67
Trd, 4318818.743, 62
Trd, 4318819.393, 61
Trd, 4318820.143, 62
Trd, 4318820.393, 62
Trd, 4318821.043, 138
Trd, 4318821.243, 139
Trd, 4318822.943, 60
Trd, 4318824.393, 62
Trd, 4318825.243, 61
Trd, 4318825.543, 64
Trd, 4318826.843, 62
Trd, 4318827.043, 65
Trd, 4318827.143, 63
Trd, 4318827.343, 62
Trd, 4318828.443, 61
Trd, 4318828.543, 61
Trd, 4318828.643, 62
Trd, 4318828.743, 64
Trd, 4318829.543, 140
Trd, 4318830.743, 60
Trd, 4318831.243, 60
Trd, 4318831.643, 62
Trd, 4318834.243, 66
Trd, 4318835.943, 60
Trd, 4318836.893, 60
Trd, 4318837.393, 60
Trd, 4318837.693, 64
Trd, 4318839.093, 61
Trd, 4318839.143, 65
Trd, 4318840.043, 60
Trd, 4318840.493, 61
Trd, 4318840.743, 61
Trd, 4318841.393, 62
Trd, 4318842.043, 67
Trd, 4318842.493, 62
Trd, 4318843.093, 68
Trd, 4318843.343, 65
Trd, 4318843.893, 61
Trd, 4318844.343, 60
Trd, 4318845.043, 60
Trd, 4318845.793, 64
Trd, 4318846.193, 107
Trd, 4318847.893, 60
Trd, 4318848.043, 61
Trd, 4318849.493, 70
Trd, 4318850.093, 60
Trd, 4318850.593, 64
Trd, 4318851.493, 67
Trd, 4318851.743, 65
Trd, 4318852.043, 61
Trd, 4318852.493, 126
Trd, 4318853.643, 61
Trd, 4318853.693, 66
Trd, 4318855.143, 60
Trd, 4318855.243, 69
Trd, 4318856.443, 60
Trd, 4318856.543, 60
Trd, 4318857.993, 60
Trd, 4318858.643, 62
Trd, 4318859.793, 60
Trd, 4318859.993, 60
Trd, 4318860.843, 60
Trd, 4318862.143, 62
Trd, 4318863.143, 62
Trd, 4318863.593, 62
Trd, 4318864.543, 64
Trd, 4318865.043, 65
Trd, 4318865.443, 63
Trd, 4318865.693, 66
Trd, 4318866.793, 60
Trd, 4318866.843, 60
Trd, 4318867.543, 62
Trd, 4318868.493, 61
Trd, 4318868.693, 81
Trd, 4318869.643, 61
Trd, 4318871.293, 60
Trd, 4318871.493, 62
Trd, 4318872.993, 60
Trd, 4318873.343, 61
Trd, 4318873.393, 61
Trd, 4318874.043, 61
Trd, 4318875.043, 60
Trd, 4318875.443, 60
Trd, 4318877.493, 60
Trd, 4318877.643, 63
Trd, 4318878.193, 64
Trd, 4318879.743, 60
Trd, 4318880.243, 62
Trd, 4318880.743, 66
Trd, 4318880.793, 65
Trd, 4318880.893, 67
Trd, 4318881.043, 139
Trd, 4318881.893, 86
Trd, 4318882.043, 62
Trd, 4318883.493, 60
Trd, 4318883.693, 62
Trd, 4318884.793, 140
Trd, 4318885.843, 107
Trd, 4318886.643, 139
Trd, 4318887.143, 112
Trd, 4318887.393, 139
Trd, 4318887.493, 111
Trd, 4318887.943, 106
Trd, 4318888.643, 105
Trd, 4318888.693, 104
Trd, 4318889.343, 126
Trd, 4318889.543, 86
Trd, 4318889.893, 140
Trd, 4318891.193, 61
Trd, 4318891.793, 131
Trd, 4318892.343, 134
Trd, 4318893.093, 60
Trd, 4318893.693, 140
Trd, 4318894.043, 139
Trd, 4318894.943, 140
Trd, 4318895.743, 140
Trd, 4318895.793, 140
Trd, 4318896.743, 140
Trd, 4318896.843, 140
Trd, 4318897.193, 123
Trd, 4318898.443, 139
Trd, 4318898.793, 138
Trd, 4318899.543, 137
Trd, 4318900.593, 62
Trd, 4318901.243, 63
Trd, 4318901.593, 65
Trd, 4318902.293, 140
Trd, 4318902.943, 140
Trd, 4318903.543, 140
Trd, 4318904.043, 140
Trd, 4318904.343, 140
Trd, 4318904.393, 140
Trd, 4318904.993, 140
Trd, 4318905.043, 140
Trd, 4318905.643, 140
Trd, 4318905.743, 102
Trd, 4318907.443, 140
Trd, 4318907.543, 140
Trd, 4318907.843, 130
Trd, 4318908.193, 140
Trd, 4318908.993, 62
Trd, 4318910.343, 61
Trd, 4318911.043, 63
Trd, 4318911.193, 76
Trd, 4318912.043, 140
Trd, 4318912.993, 62
Trd, 4318913.643, 60
Trd, 4318914.693, 62
Trd, 4318915.343, 64
Trd, 4318916.043, 64
Trd, 4318916.693, 63
Trd, 4318917.493, 61
Trd, 4318919.143, 63
Trd, 4318919.793, 63
Trd, 4318921.093, 60
Trd, 4318921.543, 61
Trd, 4318921.643, 61
Trd, 4318922.193, 60
Trd, 4318922.743, 60
Trd, 4318923.443, 60
Trd, 4318923.993, 60
Trd, 4318924.993, 60
Trd, 4318925.343, 61
Trd, 4318926.843, 61
Trd, 4318926.993, 63
Trd, 4318927.293, 60
Trd, 4318928.493, 60
Trd, 4318928.693, 61
Trd, 4318932.493, 60
Trd, 4318933.443, 60
Trd, 4318934.093, 61
Trd, 4318934.393, 60
Trd, 4318934.843, 61
Trd, 4318934.893, 62
Trd, 4318935.093, 60
Trd, 4318935.543, 61
Trd, 4318936.393, 61
Trd, 4318936.743, 60
Trd, 4318937.843, 60
Trd, 4318939.743, 140
Trd, 4318939.993, 140
Trd, 4318940.043, 140
Trd, 4318940.143, 140
Trd, 4318940.293, 140
Trd, 4318940.393, 99
Trd, 4318942.243, 61
Trd, 4318942.543, 61
Trd, 4318943.243, 62
Trd, 4318944.693, 60
Trd, 4318945.243, 60
Trd, 4318945.593, 61
Trd, 4318946.393, 60
Trd, 4318946.793, 63
Trd, 4318947.393, 61
Trd, 4318949.093, 60
Trd, 4318949.843, 64
Trd, 4318950.893, 60
Trd, 4318951.593, 60
Trd, 4318951.743, 63
Trd, 4318952.193, 62
Trd, 4318952.343, 64
Trd, 4318953.093, 61
Trd, 4318953.343, 63
Trd, 4318953.493, 61
Trd, 4318954.543, 139
Trd, 4318954.993, 61
Trd, 4318955.043, 65
Trd, 4318955.393, 138
Trd, 4318956.693, 61
Trd, 4318957.293, 67
Trd, 4318958.543, 65
Trd, 4318959.493, 60
Trd, 4318959.643, 61
Trd, 4318960.293, 61
Trd, 4318962.743, 60
Trd, 4318963.093, 60
Trd, 4318963.743, 60
Trd, 4318965.193, 61
Trd, 4318965.293, 63
Trd, 4318965.543, 67
Trd, 4318965.693, 69
Trd, 4318965.843, 63
Trd, 4318965.943, 82
Trd, 4318966.693, 138
Trd, 4318968.593, 65
Trd, 4318969.293, 140
Trd, 4318969.693, 73
Trd, 4318969.843, 73
Trd, 4318970.293, 62
Trd, 4318970.643, 130
Trd, 4318971.043, 65
Trd, 4318971.993, 60
Trd, 4318972.943, 60
Trd, 4318974.543, 61
Trd, 4318975.643, 60
Trd, 4318975.893, 61
Trd, 4318977.093, 61
Trd, 4318977.693, 60
Trd, 4318977.943, 62
Trd, 4318978.643, 60
Trd, 4318979.443, 60
Trd, 4318981.693, 61
Trd, 4318982.893, 60
Trd, 4318984.143, 60
Trd, 4318984.293, 62
Trd, 4318985.343, 60
Trd, 4318985.643, 62
Trd, 4318986.193, 62
Trd, 4318986.743, 63
Trd, 4318986.843, 61
Trd, 4318987.443, 67
Trd, 4318988.443, 140
Trd, 4318988.493, 140
Trd, 4318989.143, 139
Trd, 4318989.243, 139
Trd, 4318990.493, 140
Trd, 4318991.593, 77
Trd, 4318991.843, 76
Trd, 4318992.043, 137
Trd, 4318992.993, 137
Trd, 4318993.643, 137
Trd, 4318994.543, 135
Trd, 4318995.443, 140
Trd, 4318996.393, 140
Trd, 4318996.693, 140
Trd, 4318996.743, 140
Trd, 4318996.993, 140
Trd, 4318997.043, 129
Trd, 4318997.543, 63
Trd, 4318999.943, 61
Trd, 4319000.243, 61
Trd, 4319000.593, 67
Trd, 4319000.643, 71
Trd, 4319001.343, 65
Trd, 4319002.293, 61
Trd, 4319002.593, 81
Trd, 4319004.243, 61
Trd, 4319004.643, 140
Trd, 4319004.693, 134
Trd, 4319005.493, 60
Trd, 4319006.493, 61
Trd, 4319008.243, 60
Trd, 4319009.093, 60
Trd, 4319009.743, 61
Trd, 4319010.043, 61
Trd, 4319010.343, 61
Trd, 4319010.443, 61
Trd, 4319010.843, 62
Trd, 4319011.543, 67
Trd, 4319011.593, 64
Trd, 4319012.493, 134
Trd, 4319013.343, 140
Trd, 4319014.043, 67
Trd, 4319014.543, 62
Trd, 4319015.643, 63
Trd, 4319016.143, 66
Trd, 4319017.143, 60
Trd, 4319017.193, 61
Trd, 4319020.193, 60
Trd, 4319021.143, 60
Trd, 4319021.393, 62
Trd, 4319021.943, 63
Trd, 4319022.543, 63
Trd, 4319022.593, 62
Trd, 4319022.993, 63
Trd, 4319024.093, 70
Trd, 4319024.993, 60
Trd, 4319025.893, 60
Trd, 4319026.393, 61
Trd, 4319026.493, 64
Trd, 4319027.043, 64
Trd, 4319028.893, 60
Trd, 4319029.093, 60
Trd, 4319030.193, 62
Trd, 4319031.493, 60
Trd, 4319032.643, 60
Trd, 4319034.643, 60
Trd, 4319035.143, 60
Trd, 4319035.793, 61
Trd, 4319036.293, 61
Trd, 4319036.343, 62
Trd, 4319038.193, 60
Trd, 4319038.393, 61
Trd, 4319039.243, 60
Trd, 4319040.443, 60
Trd, 4319040.593, 60
Trd, 4319040.793, 60
Trd, 4319040.843, 61
Trd, 4319041.593, 63
Trd, 4319041.693, 61
Trd, 4319042.993, 61
Trd, 4319043.243, 140
Trd, 4319043.443, 140
Trd, 4319043.643, 139
Trd, 4319044.493, 61
Trd, 4319046.293, 61
Trd, 4319046.843, 63
Trd, 4319046.943, 67
Trd, 4319048.193, 140
Trd, 4319048.493, 140
Trd, 4319048.893, 140
Trd, 4319049.193, 140
Trd, 4319050.143, 139
Trd, 4319050.593, 138
Trd, 4319050.643, 131
Trd, 4319051.043, 93
Trd, 4319051.593, 140
Trd, 4319052.293, 140
Trd, 4319052.943, 60
Trd, 4319054.543, 60
Trd, 4319055.793, 61
Trd, 4319056.943, 61
Trd, 4319057.443, 61
Trd, 4319058.493, 60
Trd, 4319058.943, 62
Trd, 4319059.043, 65
Trd, 4319059.543, 72
Trd, 4319059.993, 140
Trd, 4319061.943, 60
Trd, 4319062.943, 60
Trd, 4319063.643, 62
Trd, 4319064.343, 62
Trd, 4319064.493, 67
Trd, 4319065.043, 64
Trd, 4319065.493, 72
Trd, 4319065.643, 63
Trd, 4319066.343, 68
Trd, 4319066.393, 61
Trd, 4319068.043, 61
Trd, 4319068.843, 65
Trd, 4319069.943, 61
Trd, 4319071.793, 60
Trd, 4319072.293, 61
Trd, 4319072.943, 61
Trd, 4319073.493, 62
Trd, 4319074.643, 60
Trd, 4319075.593, 60
Trd, 4319075.743, 63
Trd, 4319076.493, 64
Trd, 4319076.693, 63
Trd, 4319077.143, 62
Trd, 4319077.593, 64
Trd, 4319077.643, 62
Trd, 4319078.243, 72
Trd, 4319078.493, 70
Trd, 4319080.093, 60
Trd, 4319080.293, 66
Trd, 4319080.993, 60
Trd, 4319081.893, 62
Trd, 4319082.093, 66
Trd, 4319082.193, 70
Trd, 4319083.893, 140
Trd, 4319084.293, 140
Trd, 4319084.793, 140
Trd, 4319084.943, 137
Trd, 4319085.443, 69
Trd, 4319086.043, 122
Trd, 4319086.693, 139
Trd, 4319087.593, 140
Trd, 4319087.743, 140
Trd, 4319087.893, 81
Trd, 4319088.993, 61
Trd, 4319089.293, 68
Trd, 4319089.943, 136
Trd, 4319091.193, 60
Trd, 4319093.443, 61
Trd, 4319093.843, 62
Trd, 4319094.343, 63
Trd, 4319094.993, 66
Trd, 4319095.143, 70
Trd, 4319095.493, 66
Trd, 4319095.543, 65
Trd, 4319096.043, 68
Trd, 4319097.793, 64
Trd, 4319097.893, 60
Trd, 4319098.743, 60
Trd, 4319100.743, 60
Trd, 4319102.293, 60
Trd, 4319102.443, 60
Trd, 4319102.793, 60
Trd, 4319103.043, 61
Trd, 4319104.593, 61
Trd, 4319104.993, 62
Trd, 4319105.293, 63
Trd, 4319106.193, 61
Trd, 4319106.393, 60
Trd, 4319108.193, 60
Trd, 4319108.843, 62
Trd, 4319110.243, 64
Trd, 4319110.293, 65
Trd, 4319111.193, 61
Trd, 4319111.893, 62
Trd, 4319113.243, 60
Trd, 4319113.293, 60
Trd, 4319113.643, 61
Trd, 4319113.893, 62
Trd, 4319115.843, 60
Trd, 4319118.243, 60
Trd, 4319118.443, 61
Trd, 4319118.893, 61
Trd, 4319119.493, 60
Trd, 4319119.793, 62
Trd, 4319120.243, 62
Trd, 4319120.293, 61
Trd, 4319120.893, 62
Trd, 4319121.143, 62
Trd, 4319122.193, 62
Trd, 4319123.143, 60
Trd, 4319124.693, 61
Trd, 4319125.493, 60
Trd, 4319126.143, 61
Trd, 4319127.493, 60
Trd, 4319127.943, 60
Trd, 4319127.993, 60
Trd, 4319128.343, 62
Trd, 4319129.293, 60
Trd, 4319130.243, 60
Trd, 4319130.593, 60
Trd, 4319130.693, 61
Trd, 4319131.343, 60
Trd, 4319131.443, 66
Trd, 4319131.843, 60
Trd, 4319132.493, 60
Trd, 4319133.243, 60
Trd, 4319133.743, 61
Trd, 4319133.893, 65
Trd, 4319134.543, 133
Trd, 4319135.643, 140
Trd, 4319135.993, 140
Trd, 4319136.393, 139
Trd, 4319137.093, 140
Trd, 4319137.343, 140
Trd, 4319137.993, 140
Trd, 4319139.093, 140
Trd, 4319140.193, 139
Trd, 4319140.293, 140
Trd, 4319140.993, 140
Trd, 4319141.393, 140
Trd, 4319142.893, 140
Trd, 4319142.993, 140
Trd, 4319144.043, 140
Trd, 4319144.693, 140
Trd, 4319145.193, 140
Trd, 4319145.343, 139
Trd, 4319145.493, 139
Trd, 4319145.993, 121
Trd, 4319146.393, 140
Trd, 4319147.693, 60
Trd, 4319147.743, 61
Trd, 4319148.843, 61
Trd, 4319149.893, 66
Trd, 4319150.843, 62
Trd, 4319152.293, 62
Trd, 4319153.143, 63
Trd, 4319154.443, 63
Trd, 4319155.243, 60
Trd, 4319155.393, 60
Trd, 4319155.793, 62
Trd, 4319156.593, 60
Trd, 4319156.943, 67
Trd, 4319157.543, 60
Trd, 4319157.993, 80
Trd, 4319158.693, 64
Trd, 4319158.793, 64
Trd, 4319160.193, 60
Trd, 4319161.943, 60
Trd, 4319162.043, 62
Trd, 4319163.843, 63
Trd, 4319164.243, 62
Trd, 4319164.343, 65
Trd, 4319164.893, 61
Trd, 4319165.193, 68
Trd, 4319166.493, 60
Trd, 4319169.193, 60
Trd, 4319169.493, 60
Trd, 4319169.943, 61
Trd, 4319171.393, 62
Trd, 4319171.543, 62
Trd, 4319171.593, 63
Trd, 4319171.643, 61
Trd, 4319172.543, 61
Trd, 4319172.843, 69
Trd, 4319173.493, 61
Trd, 4319174.793, 60
Trd, 4319175.293, 60
Trd, 4319175.743, 61
Trd, 4319176.093, 61
Trd, 4319176.843, 62
Trd, 4319177.043, 63
Trd, 4319178.693, 60
Trd, 4319178.943, 60
Trd, 4319179.593, 61
Trd, 4319179.893, 65
Trd, 4319180.243, 60
Trd, 4319182.743, 60
Trd, 4319183.043, 61
Trd, 4319183.343, 62
Trd, 4319183.893, 63
Trd, 4319185.843, 61
Trd, 4319186.543, 60
Trd, 4319186.893, 60
Trd, 4319187.493, 60
Trd, 4319187.843, 64
Trd, 4319188.293, 137
Trd, 4319188.343, 135
Trd, 4319188.693, 71
Trd, 4319190.243, 67
Trd, 4319190.593, 68
Trd, 4319190.993, 138
Trd, 4319191.393, 137
Trd, 4319191.543, 136
Trd, 4319192.043, 65
Trd, 4319192.693, 136
Trd, 4319193.243, 140
Trd, 4319194.293, 140
Trd, 4319195.493, 140
Trd, 4319195.743, 140
Trd, 4319196.443, 140
Trd, 4319196.493, 140
Trd, 4319197.093, 140
Trd, 4319197.793, 140
Trd, 4319197.993, 136
Trd, 4319199.293, 60
Trd, 4319199.843, 62
Trd, 4319199.993, 60
Trd, 4319200.843, 140
Trd, 4319201.993, 140
Trd, 4319202.293, 140
Trd, 4319202.643, 140
Trd, 4319202.743, 140
Trd, 4319203.343, 139
Trd, 4319203.493, 119
Trd, 4319203.993, 139
Trd, 4319204.793, 60
Trd, 4319206.743, 64
Trd, 4319207.643, 60
Trd, 4319207.743, 62
Trd, 4319207.893, 62
Trd, 4319208.043, 66
Trd, 4319209.743, 60
Trd, 4319211.793, 61
Trd, 4319212.893, 60
Trd, 4319213.543, 60
Trd, 4319213.993, 61
Trd, 4319214.693, 60
Trd, 4319216.143, 60
Trd, 4319216.693, 60
Trd, 4319216.843, 61
Trd, 4319216.993, 60
Trd, 4319217.493, 62
Trd, 4319218.693, 61
Trd, 4319219.343, 62
Trd, 4319219.643, 140
Trd, 4319219.793, 61
Trd, 4319220.643, 64
Trd, 4319221.593, 61
Trd, 4319222.443, 63
Trd, 4319223.793, 61
Trd, 4319224.143, 63
Trd, 4319224.793, 60
Trd, 4319226.243, 70
Trd, 4319226.493, 91
Trd, 4319228.243, 60
Trd, 4319229.093, 60
Trd, 4319229.393, 60
Trd, 4319230.693, 60
Trd, 4319230.893, 61
Trd, 4319231.193, 65
Trd, 4319231.443, 62
Trd, 4319231.643, 61
Trd, 4319232.743, 62
Trd, 4319233.443, 66
Trd, 4319234.343, 60
Trd, 4319234.843, 60
Trd, 4319235.243, 60
Trd, 4319235.693, 65
Trd, 4319236.143, 62
Trd, 4319236.993, 61
Trd, 4319237.993, 63
Trd, 4319238.093, 64
Trd, 4319239.893, 60
Trd, 4319239.993, 60
Trd, 4319242.043, 61
Trd, 4319242.193, 62
Trd, 4319243.093, 65
Trd, 4319243.243, 61
Trd, 4319244.393, 70
Trd, 4319244.543, 65
Trd, 4319245.043, 65
Trd, 4319245.893, 67
Trd, 4319245.993, 83
Trd, 4319248.343, 60
Trd, 4319248.693, 63
Trd, 4319248.843, 63
Trd, 4319251.393, 61
Trd, 4319251.493, 60
Trd, 4319253.193, 62
Trd, 4319253.243, 63
Trd, 4319253.343, 63
Trd, 4319254.393, 60
Trd, 4319254.893, 60
Trd, 4319255.443, 60
Trd, 4319255.843, 61
Trd, 4319257.393, 61
Trd, 4319257.943, 61
Trd, 4319258.393, 62
Trd, 4319258.743, 60
Trd, 4319259.343, 63
Trd, 4319259.393, 60
Trd, 4319260.143, 61
Trd, 4319260.593, 66
Trd, 4319261.293, 61
Trd, 4319261.493, 62
Trd, 4319262.043, 62
Trd, 4319262.343, 63
Trd, 4319262.893, 62
Trd, 4319264.543, 60
Trd, 4319264.643, 60
Trd, 4319266.243, 60
Trd, 4319266.293, 62
Trd, 4319267.943, 60
Trd, 4319270.793, 60
Trd, 4319270.993, 60
Trd, 4319271.743, 61
Trd, 4319272.043, 61
Trd, 4319272.243, 61
Trd, 4319272.493, 67
Trd, 4319272.943, 60
Trd, 4319273.693, 62
Trd, 4319274.293, 60
Trd, 4319274.593, 63
Trd, 4319274.843, 62
Trd, 4319275.643, 62
Trd, 4319276.493, 60
Trd, 4319277.143, 60
Trd, 4319279.243, 61
Trd, 4319279.393, 64
Trd, 4319279.943, 60
Trd, 4319281.493, 60
Trd, 4319282.543, 60
Trd, 4319284.743, 62
Trd, 4319285.693, 60
Trd, 4319287.093, 60
Trd, 4319287.193, 60
Trd, 4319287.343, 60
Trd, 4319287.543, 61
Trd, 4319288.043, 61
Trd, 4319288.093, 65
Trd, 4319288.393, 72
Trd, 4319288.593, 140
Trd, 4319289.143, 140
Trd, 4319291.593, 61
Trd, 4319291.943, 62
Trd, 4319293.393, 61
Trd, 4319294.243, 63
Trd, 4319295.193, 60
Trd, 4319295.443, 61
Trd, 4319297.043, 61
Trd, 4319297.593, 63
Trd, 4319297.693, 64
Trd, 4319298.193, 65
Trd, 4319298.843, 63
Trd, 4319298.943, 62
Trd, 4319299.743, 63
Trd, 4319300.743, 61
Trd, 4319301.993, 62
Trd, 4319303.393, 60
Trd, 4319303.693, 61
Trd, 4319303.943, 60
Trd, 4319304.643, 61
Trd, 4319305.143, 63
Trd, 4319307.143, 60
Trd, 4319307.693, 62
Trd, 4319308.143, 60
Trd, 4319308.993, 61
Trd, 4319312.393, 60
Trd, 4319312.543, 60
Trd, 4319312.993, 62
Trd, 4319313.093, 63
Trd, 4319313.293, 60
Trd, 4319313.343, 64
Trd, 4319315.093, 60
Trd, 4319315.293, 64
Trd, 4319315.943, 60
Trd, 4319316.593, 60
Trd, 4319317.443, 60
Trd, 4319317.593, 60
Trd, 4319318.593, 61
Trd, 4319318.993, 61
Trd, 4319319.143, 64
Trd, 4319320.043, 60
Trd, 4319320.193, 61
Trd, 4319320.243, 62
Trd, 4319320.643, 62
Trd, 4319320.743, 62
Trd, 4319320.943, 61
Trd, 4319321.743, 60
Trd, 4319323.443, 64
Trd, 4319323.993, 63
Trd, 4319324.593, 66
Trd, 4319325.593, 60
Trd, 4319325.893, 62
Trd, 4319326.193, 63
Trd, 4319329.043, 60
Trd, 4319329.943, 60
Trd, 4319330.643, 62
Trd, 4319331.393, 60
Trd, 4319331.443, 61
Trd, 4319331.693, 65
Trd, 4319332.643, 62
Trd, 4319333.093, 63
Trd, 4319333.243, 73
Trd, 4319333.843, 122
Trd, 4319334.643, 69
Trd, 4319336.743, 60
Trd, 4319337.143, 60
Trd, 4319337.393, 62
Trd, 4319337.993, 60
Trd, 4319338.443, 60
Trd, 4319339.043, 61
Trd, 4319339.243, 62
Trd, 4319340.093, 70
Trd, 4319340.443, 72
Trd, 4319343.243, 63
Trd, 4319344.043, 60
Trd, 4319344.543, 61
Trd, 4319344.793, 61
Trd, 4319345.743, 61
Trd, 4319346.343, 60
Trd, 4319346.543, 63
Trd, 4319347.393, 61
Trd, 4319347.943, 68
Trd, 4319349.943, 61
Trd, 4319351.893, 60
Trd, 4319352.243, 60
Trd, 4319353.193, 60
Trd, 4319353.243, 61
Trd, 4319354.543, 62
Trd, 4319354.743, 66
Trd, 4319355.393, 68
Trd, 4319356.593, 65
Trd, 4319357.593, 60
Trd, 4319357.893, 61
Trd, 4319358.243, 63
Trd, 4319358.393, 64
Trd, 4319358.643, 63
Trd, 4319358.743, 60
Trd, 4319358.943, 62
Trd, 4319359.893, 62
Trd, 4319361.343, 62
Trd, 4319361.643, 129
Trd, 4319362.243, 130
Trd, 4319362.443, 140
Trd, 4319362.543, 129
Trd, 4319363.043, 130
Trd, 4319363.393, 128
Trd, 4319363.993, 140
Trd, 4319364.443, 139
Trd, 4319364.893, 138
Trd, 4319366.043, 71
Trd, 4319367.093, 69
Trd, 4319367.943, 69
Trd, 4319368.593, 63
Trd, 4319369.143, 67
Trd, 4319369.593, 71
Trd, 4319369.893, 75
Trd, 4319370.393, 138
Trd, 4319370.443, 70
Trd, 4319371.243, 74
Trd, 4319371.543, 138
Trd, 4319372.493, 140
Trd, 4319372.593, 139
Trd, 4319372.843, 95
Trd, 4319374.193, 140
Trd, 4319374.593, 140
Trd, 4319374.643, 140
Trd, 4319376.043, 140
Trd, 4319376.343, 138
Trd, 4319377.043, 62
Trd, 4319377.793, 61
Trd, 4319378.493, 62
Trd, 4319380.193, 60
Trd, 4319382.043, 61
Trd, 4319382.293, 62
Trd, 4319382.893, 64
Trd, 4319382.993, 64
Trd, 4319384.593, 61
Trd, 4319387.543, 60
Trd, 4319387.593, 60
Trd, 4319387.893, 60
Trd, 4319388.093, 60
Trd, 4319388.443, 65
Trd, 4319388.543, 66
Trd, 4319388.893, 63
Trd, 4319389.843, 66
Trd, 4319389.993, 68
Trd, 4319390.343, 67
Trd, 4319391.393, 65
Trd, 4319391.743, 66
Trd, 4319394.093, 60
Trd, 4319394.343, 60
Trd, 4319394.443, 61
Trd, 4319394.943, 61
Trd, 4319395.593, 62
Trd, 4319396.293, 61
Trd, 4319396.443, 63
Trd, 4319397.743, 61
Trd, 4319399.293, 60
Trd, 4319400.643, 60
Trd, 4319401.093, 61
Trd, 4319401.193, 62
Trd, 4319402.043, 60
Trd, 4319402.193, 61
Trd, 4319403.543, 60
Trd, 4319403.743, 60
Trd, 4319404.193, 61
Trd, 4319404.293, 60
Trd, 4319404.893, 61
Trd, 4319405.493, 63
Trd, 4319406.543, 64
Trd, 4319407.343, 63
Trd, 4319408.293, 60
Trd, 4319408.493, 64
Trd, 4319409.593, 60
Trd, 4319412.393, 60
Trd, 4319413.143, 60
Trd, 4319413.443, 62
Trd, 4319413.543, 63
Trd, 4319414.793, 60
Trd, 4319415.143, 60
Trd, 4319415.393, 60
Trd, 4319416.243, 61
Trd, 4319417.093, 62
Trd, 4319417.193, 62
Trd, 4319417.693, 62
Trd, 4319418.243, 60
Trd, 4319419.143, 62
Trd, 4319419.743, 66
Trd, 4319419.843, 64
Trd, 4319421.093, 62
Trd, 4319422.793, 60
Trd, 4319424.243, 61
Trd, 4319424.893, 60
Trd, 4319426.043, 63
Trd, 4319427.143, 61
Trd, 4319428.093, 60
Trd, 4319428.293, 60
Trd, 4319429.143, 60
Trd, 4319429.193, 61
Trd, 4319429.593, 60
Trd, 4319430.193, 63
Trd, 4319430.293, 70
Trd, 4319431.193, 60
Trd, 4319431.893, 62
Trd, 4319432.343, 60
Trd, 4319432.843, 65
Trd, 4319433.043, 64
Trd, 4319433.393, 60
Trd, 4319433.693, 61
Trd, 4319435.193, 62
Trd, 4319435.643, 140
Trd, 4319436.043, 140
Trd, 4319436.093, 140
Trd, 4319436.293, 140
Trd, 4319437.293, 108
Trd, 4319437.393, 107
Trd, 4319438.143, 140
Trd, 4319439.043, 116
Trd, 4319439.443, 110
Trd, 4319440.943, 140
Trd, 4319442.143, 140
Trd, 4319442.593, 136
Trd, 4319442.993, 136
Trd, 4319443.543, 140
Trd, 4319444.343, 140
Trd, 4319445.493, 140
Trd, 4319445.643, 140
Trd, 4319447.143, 135
Trd, 4319447.293, 134
Trd, 4319447.593, 129
Trd, 4319447.743, 60
Trd, 4319447.893, 140
Trd, 4319449.693, 140
Trd, 4319449.943, 140
Trd, 4319450.393, 140
Trd, 4319450.543, 137
Trd, 4319450.693, 120
Trd, 4319451.893, 140
Trd, 4319453.093, 140
Trd, 4319453.243, 140
Trd, 4319453.843, 140
Trd, 4319454.143, 140
Trd, 4319455.843, 140
Trd, 4319456.243, 140
Trd, 4319456.893, 140
Trd, 4319456.943, 135
Trd, 4319457.393, 125
Trd, 4319457.843, 139
Trd, 4319458.393, 140
Trd, 4319458.893, 140
Trd, 4319458.993, 140
Trd, 4319459.993, 140
Trd, 4319460.393, 140
Trd, 4319460.743, 140
Trd, 4319461.043, 131
Trd, 4319462.593, 140
Trd, 4319463.593, 140
Trd, 4319464.243, 140
Trd, 4319464.293, 140
Trd, 4319465.593, 140
Trd, 4319467.393, 140
Trd, 4319467.593, 140
Trd, 4319467.893, 140
Trd, 4319468.843, 140
Trd, 4319468.993, 140
Trd, 4319469.193, 136
Trd, 4319470.643, 140
Trd, 4319470.693, 140
Trd, 4319470.993, 139
Trd, 4319471.243, 140
Trd, 4319471.893, 140
Trd, 4319472.443, 117
Trd, 4319473.043, 140
Trd, 4319473.743, 81
Trd, 4319474.743, 138
Trd, 4319475.793, 140
Trd, 4319476.193, 140
Trd, 4319476.293, 80
Trd, 4319477.343, 63
Trd, 4319478.843, 60
Trd, 4319479.343, 61
Trd, 4319479.993, 62
Trd, 4319480.493, 70
Trd, 4319481.193, 61
Trd, 4319482.493, 62
Trd, 4319483.993, 60
Trd, 4319484.793, 60
Trd, 4319484.943, 60
Trd, 4319485.043, 61
Trd, 4319485.343, 63
Trd, 4319486.343, 60
Trd, 4319487.093, 139
Trd, 4319488.293, 60
Trd, 4319489.293, 61
Trd, 4319489.643, 61
Trd, 4319490.343, 61
Trd, 4319490.543, 62
Trd, 4319491.143, 63
Trd, 4319493.243, 60
Trd, 4319493.293, 62
Trd, 4319493.793, 61
Trd, 4319494.243, 62
Trd, 4319496.443, 60
Trd, 4319497.943, 60
Trd, 4319499.393, 60
Trd, 4319499.543, 61
Trd, 4319499.643, 61
Trd, 4319500.443, 60
Trd, 4319500.643, 60
Trd, 4319501.343, 60
Trd, 4319501.793, 60
Trd, 4319504.643, 60
Trd, 4319504.743, 61
Trd, 4319504.993, 63
Trd, 4319505.193, 64
Trd, 4319506.193, 61
Trd, 4319506.643, 63
Trd, 4319506.843, 66
Trd, 4319508.093, 60
Trd, 4319508.443, 60
Trd, 4319510.743, 61
Trd, 4319510.843, 62
Trd, 4319510.993, 61
Trd, 4319511.293, 64
Trd, 4319511.393, 60
Trd, 4319512.593, 60
Trd, 4319512.993, 61
Trd, 4319514.043, 60
Trd, 4319515.043, 61
Trd, 4319516.143, 63
Trd, 4319516.543, 60
Trd, 4319518.193, 60
Trd, 4319518.343, 60
Trd, 4319519.293, 62
Trd, 4319520.493, 60
Trd, 4319521.193, 60
Trd, 4319521.793, 62
Trd, 4319522.293, 60
Trd, 4319523.393, 60
Trd, 4319524.443, 65
Trd, 4319525.443, 60
Trd, 4319525.843, 62
Trd, 4319527.093, 60
Trd, 4319528.743, 60
Trd, 4319529.593, 60
Trd, 4319529.743, 61
Trd, 4319529.843, 62
Trd, 4319530.243, 63
Trd, 4319531.193, 61
Trd, 4319531.293, 61
Trd, 4319531.993, 60
Trd, 4319532.093, 66
Trd, 4319532.943, 71
Trd, 4319535.843, 60
Trd, 4319536.143, 61
Trd, 4319536.893, 60
Trd, 4319537.393, 60
Trd, 4319537.793, 61
Trd, 4319538.243, 61
Trd, 4319540.293, 61
Trd, 4319540.643, 61
Trd, 4319541.043, 61
Trd, 4319541.693, 61
Trd, 4319541.993, 62
Trd, 4319542.943, 61
Trd, 4319543.043, 60
Trd, 4319545.943, 60
Trd, 4319546.043, 61
Trd, 4319546.843, 62
Trd, 4319547.743, 60
Trd, 4319548.543, 62
Trd, 4319548.893, 62
Trd, 4319550.093, 63
Trd, 4319550.993, 61
Trd, 4319552.393, 62
Trd, 4319552.743, 63
Trd, 4319553.043, 64
Trd, 4319553.243, 68
Trd, 4319553.443, 140
Trd, 4319554.093, 69
Trd, 4319554.643, 65
Trd, 4319554.843, 67
Trd, 4319555.493, 140
Trd, 4319556.993, 139
Trd, 4319557.643, 140
Trd, 4319557.843, 140
Trd, 4319557.943, 139
Trd, 4319558.343, 116
Trd, 4319560.893, 60
Trd, 4319561.293, 63
Trd, 4319561.743, 62
Trd, 4319562.643, 63
Trd, 4319562.793, 64
Trd, 4319564.143, 60
Trd, 4319564.393, 63
Trd, 4319564.543, 66
Trd, 4319565.043, 62
Trd, 4319566.193, 62
Trd, 4319566.593, 62
Trd, 4319566.843, 63
Trd, 4319568.193, 61
Trd, 4319568.893, 62
Trd, 4319569.243, 60
Trd, 4319570.943, 62
Trd, 4319571.043, 62
Trd, 4319573.943, 62
Trd, 4319574.193, 62
Trd, 4319574.843, 61
Trd, 4319574.943, 61
Trd, 4319577.343, 61
Trd, 4319577.593, 60
Trd, 4319577.943, 60
Trd, 4319578.393, 60
Trd, 4319579.593, 62
Trd, 4319580.093, 64
Trd, 4319580.393, 63
Trd, 4319581.143, 65
Trd, 4319581.243, 73
Trd, 4319582.043, 60
Trd, 4319582.643, 140
Trd, 4319583.543, 64
Trd, 4319584.043, 71
Trd, 4319584.893, 61
Trd, 4319585.343, 140
Trd, 4319585.893, 60
Trd, 4319587.293, 62
Trd, 4319587.543, 61
Trd, 4319589.543, 60
Trd, 4319589.743, 61
Trd, 4319589.793, 60
Trd, 4319590.393, 61
Trd, 4319591.543, 61
Trd, 4319591.693, 60
Trd, 4319592.843, 60
Trd, 4319592.943, 63
Trd, 4319593.293, 61
Trd, 4319594.743, 62
Trd, 4319595.143, 64
Trd, 4319596.043, 60
Trd, 4319596.193, 62
Trd, 4319597.743, 60
Trd, 4319598.343, 60
Trd, 4319598.393, 63
Trd, 4319598.443, 65
Trd, 4319598.993, 60
Trd, 4319601.643, 60
Trd, 4319601.793, 63
Trd, 4319602.693, 63
Trd, 4319603.093, 60
Trd, 4319603.693, 63
Trd, 4319604.193, 60
Trd, 4319604.743, 62
Trd, 4319605.393, 61
Trd, 4319605.743, 60
Trd, 4319605.943, 63
Trd, 4319607.193, 61
Trd, 4319608.643, 60
Trd, 4319609.543, 60
Trd, 4319611.243, 60
Trd, 4319611.293, 60
Trd, 4319612.593, 62
Trd, 4319613.143, 61
Trd, 4319614.193, 60
Trd, 4319614.493, 60
Trd, 4319614.543, 60
Trd, 4319615.543, 63
Trd, 4319616.243, 63
Trd, 4319617.043, 61
Trd, 4319617.243, 60
Trd, 4319617.293, 69
Trd, 4319618.143, 61
Trd, 4319618.543, 71
Trd, 4319619.043, 140
Trd, 4319619.993, 138
Trd, 4319620.093, 137
Trd, 4319621.493, 61
Trd, 4319621.693, 63
Trd, 4319622.093, 62
Trd, 4319622.393, 63
Trd, 4319623.243, 63
Trd, 4319623.743, 61
Trd, 4319625.243, 74
Trd, 4319625.443, 140
Trd, 4319625.593, 140
Trd, 4319626.743, 65
Trd, 4319626.893, 62
Trd, 4319628.143, 65
Trd, 4319629.743, 60
Trd, 4319630.793, 61
Trd, 4319632.393, 60
Trd, 4319632.693, 62
Trd, 4319633.643, 60
Trd, 4319633.893, 60
Trd, 4319634.093, 62
Trd, 4319634.293, 62
Trd, 4319634.943, 63
Trd, 4319635.593, 67
Trd, 4319635.643, 71
Trd, 4319636.343, 139
Trd, 4319636.693, 139
Trd, 4319637.893, 140
Trd, 4319637.993, 139
Trd, 4319638.493, 139
Trd, 4319638.543, 134
Trd, 4319640.143, 140
Trd, 4319640.343, 139
Trd, 4319640.393, 138
Trd, 4319640.993, 140
Trd, 4319641.693, 140
Trd, 4319642.643, 138
Trd, 4319642.893, 140
Trd, 4319643.443, 96
Trd, 4319644.043, 132
Trd, 4319645.893, 60
Trd, 4319647.943, 60
Trd, 4319648.443, 61
Trd, 4319648.543, 63
Trd, 4319649.243, 61
Trd, 4319649.793, 60
Trd, 4319650.343, 61
Trd, 4319650.693, 71
Trd, 4319651.693, 68
Trd, 4319652.093, 60
Trd, 4319652.943, 60
Trd, 4319653.943, 60
Trd, 4319655.393, 60
Trd, 4319656.093, 60
Trd, 4319658.243, 60
Trd, 4319658.393, 61
Trd, 4319659.193, 60
Trd, 4319659.793, 60
Trd, 4319660.243, 61
Trd, 4319660.293, 61
Trd, 4319660.743, 60
Trd, 4319660.993, 60
Trd, 4319661.393, 62
Trd, 4319661.493, 60
Trd, 4319662.193, 139
Trd, 4319662.793, 61
Trd, 4319663.743, 76
Trd, 4319663.893, 140
Trd, 4319664.393, 140
Trd, 4319665.143, 140
Trd, 4319666.043, 140
Trd, 4319666.143, 140
Trd, 4319666.193, 122
Trd, 4319666.393, 100
Trd, 4319667.793, 140
Trd, 4319668.893, 140
Trd, 4319669.343, 140
Trd, 4319670.193, 140
Trd, 4319670.543, 140
Trd, 4319670.743, 140
Trd, 4319671.193, 139
Trd, 4319671.893, 120
Trd, 4319672.293, 140
Trd, 4319672.493, 136
Trd, 4319674.793, 140
Trd, 4319674.843, 140
Trd, 4319675.143, 140
Trd, 4319675.193, 128
Trd, 4319676.293, 60
Trd, 4319677.293, 61
Trd, 4319679.593, 60
Trd, 4319680.043, 60
Trd, 4319681.143, 60
Trd, 4319681.593, 61
Trd, 4319682.443, 60
Trd, 4319683.943, 60
Trd, 4319684.443, 61
Trd, 4319684.893, 63
Trd, 4319685.493, 66
Trd, 4319685.993, 66
Trd, 4319686.093, 65
Trd, 4319686.393, 64
Trd, 4319686.993, 64
Trd, 4319687.093, 60
Trd, 4319687.643, 60
Trd, 4319687.993, 73
Trd, 4319689.043, 62
Trd, 4319690.893, 62
Trd, 4319692.043, 67
Trd, 4319692.893, 61
Trd, 4319693.293, 61
Trd, 4319693.593, 62
Trd, 4319694.293, 60
Trd, 4319695.543, 62
Trd, 4319695.893, 61
Trd, 4319696.693, 61
Trd, 4319697.843, 62
Trd, 4319697.993, 62
Trd, 4319698.593, 63
Trd, 4319698.743, 61
Trd, 4319699.493, 61
Trd, 4319700.393, 89
Trd, 4319700.793, 89
Trd, 4319701.143, 140
Trd, 4319701.593, 139
Trd, 4319703.043, 140
Trd, 4319703.643, 140
Trd, 4319703.743, 140
Trd, 4319704.443, 140
Trd, 4319705.043, 140
Trd, 4319705.093, 140
Trd, 4319706.693, 140
Trd, 4319707.843, 140
Trd, 4319707.943, 139
Trd, 4319708.343, 138
Trd, 4319708.593, 140
Trd, 4319708.743, 68
Trd, 4319709.593, 140
Trd, 4319710.293, 140
Trd, 4319710.543, 132
Trd, 4319712.143, 140
Trd, 4319712.393, 140
Trd, 4319713.743, 140
Trd, 4319713.893, 139
Trd, 4319714.193, 139
Trd, 4319715.043, 136
Trd, 4319715.843, 140
Trd, 4319716.893, 140
Trd, 4319717.543, 140
Trd, 4319717.793, 140
Trd, 4319718.093, 140
Trd, 4319719.393, 140
Trd, 4319719.493, 140
Trd, 4319720.093, 140
Trd, 4319720.743, 128
Trd, 4319721.793, 60
Trd, 4319722.093, 64
Trd, 4319722.893, 64
Trd, 4319723.443, 62
Trd, 4319724.443, 60
Trd, 4319724.493, 60
Trd, 4319724.643, 62
Trd, 4319726.543, 62
Trd, 4319727.893, 63
Trd, 4319727.993, 64
Trd, 4319728.393, 62
Trd, 4319729.793, 60
Trd, 4319730.893, 60
Trd, 4319731.543, 60
Trd, 4319733.243, 60
Trd, 4319733.593, 60
Trd, 4319733.643, 61
Trd, 4319733.993, 72
Trd, 4319734.093, 68
Trd, 4319734.243, 74
Trd, 4319734.943, 65
Trd, 4319736.893, 60
Trd, 4319737.543, 60
Trd, 4319738.343, 62
Trd, 4319739.743, 61
Trd, 4319739.843, 62
Trd, 4319740.693, 64
Trd, 4319741.143, 62
Trd, 4319741.743, 60
Trd, 4319742.493, 60
Trd, 4319743.493, 60
Trd, 4319743.543, 61
Trd, 4319744.743, 60
Trd, 4319745.943, 60
Trd, 4319746.293, 60
Trd, 4319746.793, 60
Trd, 4319746.993, 75
Trd, 4319747.243, 71
Trd, 4319749.943, 60
Trd, 4319750.143, 61
Trd, 4319750.943, 61
Trd, 4319751.043, 62
Trd, 4319751.643, 61
Trd, 4319754.093, 60
Trd, 4319754.393, 60
Trd, 4319755.193, 61
Trd, 4319756.393, 61
Trd, 4319756.993, 61
Trd, 4319757.043, 61
Trd, 4319758.093, 63
Trd, 4319758.193, 64
Trd, 4319759.343, 60
Trd, 4319759.593, 61
Trd, 4319759.943, 62
Trd, 4319761.143, 60
Trd, 4319761.543, 60
Trd, 4319761.743, 62
Trd, 4319762.043, 65
Trd, 4319762.393, 65
Trd, 4319762.943, 62
Trd, 4319763.193, 126
Trd, 4319763.843, 63
Trd, 4319764.143, 65
Trd, 4319765.193, 66
Trd, 4319766.093, 60
Trd, 4319766.393, 61
Trd, 4319766.643, 64
Trd, 4319768.493, 60
Trd, 4319770.043, 60
Trd, 4319770.493, 60
Trd, 4319771.593, 62
Trd, 4319772.843, 60
Trd, 4319775.193, 61
Trd, 4319775.293, 62
Trd, 4319775.443, 62
Trd, 4319775.593, 64
Trd, 4319775.893, 66
Trd, 4319777.143, 60
Trd, 4319777.193, 61
Trd, 4319777.393, 65
Trd, 4319778.593, 60
Trd, 4319779.443, 60
Trd, 4319779.843, 63
Trd, 4319780.443, 63
Trd, 4319780.693, 76
Trd, 4319781.293, 76
Trd, 4319781.943, 67
Trd, 4319782.243, 140
Trd, 4319782.493, 66
Trd, 4319783.543, 67
Trd, 4319783.993, 64
Trd, 4319786.093, 65
Trd, 4319786.493, 60
Trd, 4319786.893, 60
Trd, 4319787.243, 61
Trd, 4319787.293, 65
Trd, 4319788.343, 64
Trd, 4319788.393, 62
Trd, 4319788.543, 60
Trd, 4319788.993, 60
Trd, 4319789.493, 62
Trd, 4319790.043, 62
Trd, 4319790.593, 61
Trd, 4319791.943, 140
Trd, 4319792.293, 136
Trd, 4319792.743, 140
Trd, 4319793.293, 138
Trd, 4319794.743, 140
Trd, 4319795.143, 140
Trd, 4319795.443, 140
Trd, 4319796.343, 140
Trd, 4319796.593, 140
Trd, 4319796.943, 140
Trd, 4319797.393, 131
Trd, 4319798.043, 61
Trd, 4319799.343, 62
Trd, 4319799.443, 76
Trd, 4319800.093, 61
Trd, 4319801.293, 62
Trd, 4319802.193, 60
Trd, 4319802.843, 60
Trd, 4319803.843, 60
Trd, 4319803.893, 60
Trd, 4319805.543, 60
Trd, 4319805.893, 60
Trd, 4319806.743, 60
Trd, 4319807.643, 60
Trd, 4319808.143, 60
Trd, 4319808.643, 60
Trd, 4319809.993, 62
Trd, 4319812.343, 60
Trd, 4319812.443, 61
Trd, 4319812.793, 65
Trd, 4319813.243, 67
Trd, 4319813.893, 62
Trd, 4319814.393, 62
Trd, 4319814.543, 62
Trd, 4319814.693, 66
Trd, 4319815.493, 67
Trd, 4319816.893, 137
Trd, 4319817.093, 135
Trd, 4319817.243, 68
Trd, 4319818.093, 60
Trd, 4319820.693, 64
Trd, 4319821.893, 60
Trd, 4319822.743, 64
Trd, 4319823.143, 60
Trd, 4319823.893, 66
Trd, 4319825.093, 66
Trd, 4319825.443, 60
Trd, 4319826.143, 60
Trd, 4319826.643, 67
Trd, 4319827.543, 63
Trd, 4319827.743, 63
Trd, 4319828.093, 65
Trd, 4319828.293, 67
Trd, 4319828.893, 65
Trd, 4319829.493, 65
Trd, 4319830.043, 71
Trd, 4319832.793, 60
Trd, 4319832.893, 61
Trd, 4319833.193, 67
Trd, 4319833.643, 60
Trd, 4319834.943, 60
Trd, 4319835.543, 60
Trd, 4319836.293, 60
Trd, 4319836.893, 62
Trd, 4319838.593, 61
Trd, 4319839.093, 61
Trd, 4319839.943, 61
Trd, 4319840.643, 60
Trd, 4319841.543, 62
Trd, 4319842.593, 60
Trd, 4319842.843, 60
Trd, 4319843.293, 60
Trd, 4319843.693, 60
Trd, 4319844.143, 61
Trd, 4319844.593, 63
Trd, 4319845.443, 61
Trd, 4319845.543, 62
Trd, 4319847.243, 60
Trd, 4319848.443, 62
Trd, 4319849.143, 61
Trd, 4319849.893, 62
Trd, 4319850.193, 63
Trd, 4319851.343, 60
Trd, 4319851.643, 60
Trd, 4319853.543, 62
Trd, 4319854.193, 62
Trd, 4319854.643, 62
Trd, 4319854.993, 62
Trd, 4319855.743, 65
Trd, 4319856.093, 65
Trd, 4319856.493, 61
Trd, 4319857.093, 61
Trd, 4319857.543, 62
Trd, 4319859.193, 61
Trd, 4319860.593, 64
Trd, 4319860.743, 64
Trd, 4319862.243, 60
Trd, 4319862.543, 62
Trd, 4319862.743, 62
Trd, 4319863.443, 61
Trd, 4319864.893, 61
Trd, 4319866.443, 65
Trd, 4319866.993, 61
Trd, 4319867.443, 63
Trd, 4319868.093, 66
Trd, 4319869.043, 60
Trd, 4319869.343, 68
Trd, 4319869.793, 62
Trd, 4319870.093, 64
Trd, 4319870.893, 61
Trd, 4319871.393, 67
Trd, 4319871.993, 66
Trd, 4319872.393, 65
Trd, 4319872.993, 62
Trd, 4319873.393, 140
Trd, 4319873.543, 139
Trd, 4319876.243, 60
Trd, 4319876.793, 60
Trd, 4319877.293, 60
Trd, 4319877.493, 60
Trd, 4319877.843, 60
Trd, 4319878.043, 61
Trd, 4319878.493, 66
Trd, 4319879.793, 60
Trd, 4319880.493, 61
Trd, 4319881.443, 61
Trd, 4319882.593, 60
Trd, 4319883.143, 61
Trd, 4319883.443, 62
Trd, 4319883.793, 63
Trd, 4319885.643, 60
Trd, 4319886.693, 60
Trd, 4319887.093, 61
Trd, 4319887.543, 64
Trd, 4319887.693, 64
Trd, 4319887.843, 70
Trd, 4319888.043, 62
Trd, 4319888.143, 71
Trd, 4319888.693, 64
Trd, 4319889.943, 138
Trd, 4319890.193, 134
Trd, 4319891.093, 139
Trd, 4319891.643, 138
Trd, 4319892.393, 138
Trd, 4319892.993, 133
Trd, 4319893.143, 132
Trd, 4319893.943, 140
Trd, 4319894.643, 60
Trd, 4319894.943, 68
Trd, 4319895.743, 62
Trd, 4319896.843, 63
Trd, 4319897.193, 65
Trd, 4319897.343, 66
Trd, 4319897.593, 65
Trd, 4319898.893, 140
Trd, 4319898.993, 140
Trd, 4319899.793, 140
Trd, 4319899.993, 139
Trd, 4319900.293, 137
Trd, 4319901.143, 63
Trd, 4319901.843, 64
Trd, 4319901.943, 62
Trd, 4319902.193, 64
Trd, 4319903.893, 66
Trd, 4319906.293, 60
Trd, 4319907.943, 60
Trd, 4319908.393, 60
Trd, 4319909.293, 60
Trd, 4319909.343, 63
Trd, 4319909.743, 64
Trd, 4319910.093, 60
Trd, 4319910.943, 66
Trd, 4319911.193, 66
Trd, 4319911.543, 61
Trd, 4319912.393, 65
Trd, 4319912.693, 139
Trd, 4319912.893, 64
Trd, 4319913.593, 62
Trd, 4319913.943, 61
Trd, 4319916.493, 62
Trd, 4319916.843, 62
Trd, 4319917.293, 60
Trd, 4319918.743, 61
Trd, 4319919.193, 62
Trd, 4319919.243, 63
Trd, 4319921.043, 61
Trd, 4319922.443, 61
Trd, 4319922.893, 61
Trd, 4319922.993, 62
Trd, 4319923.643, 60
Trd, 4319925.743, 62
Trd, 4319925.793, 64
Trd, 4319926.443, 60
Trd, 4319927.393, 62
Trd, 4319927.643, 62
Trd, 4319927.693, 61
Trd, 4319927.893, 60
Trd, 4319927.943, 62
Trd, 4319929.493, 63
Trd, 4319929.643, 63
Trd, 4319931.243, 60
Trd, 4319931.743, 60
Trd, 4319932.693, 60
Trd, 4319933.693, 60
Trd, 4319935.143, 61
Trd, 4319935.843, 61
Trd, 4319936.693, 60
Trd, 4319936.793, 61
Trd, 4319937.493, 65
Trd, 4319938.543, 62
Trd, 4319939.543, 61
Trd, 4319939.843, 62
Trd, 4319939.993, 60
Trd, 4319941.093, 62
Trd, 4319941.493, 76
Trd, 4319943.343, 60
Trd, 4319943.943, 62
Trd, 4319944.443, 61
Trd, 4319944.543, 64
Trd, 4319945.043, 60
Trd, 4319945.493, 63
Trd, 4319946.193, 60
Trd, 4319946.943, 60
Trd, 4319947.343, 61
Trd, 4319949.593, 60
Trd, 4319951.193, 60
Trd, 4319951.293, 62
Trd, 4319952.293, 63
Trd, 4319952.743, 61
Trd, 4319952.943, 62
Trd, 4319953.693, 63
Trd, 4319953.793, 60
Trd, 4319954.593, 60
Trd, 4319955.393, 60
Trd, 4319955.743, 60
Trd, 4319956.293, 63
Trd, 4319956.443, 71
Trd, 4319956.943, 63
Trd, 4319957.393, 75
Trd, 4319957.693, 138
Trd, 4319959.093, 65
Trd, 4319959.943, 62
Trd, 4319961.143, 60
Trd, 4319961.793, 61
Trd, 4319962.093, 63
Trd, 4319962.743, 62
Trd, 4319965.043, 61
Trd, 4319965.943, 63
Trd, 4319966.393, 60
Trd, 4319967.343, 60
Trd, 4319968.193, 62
Trd, 4319968.293, 64
Trd, 4319968.693, 63
Trd, 4319968.943, 63
Trd, 4319969.193, 62
Trd, 4319969.393, 66
Trd, 4319969.443, 81
Trd, 4319970.343, 140
Trd, 4319970.543, 139
Trd, 4319971.293, 60
Trd, 4319972.443, 62
Trd, 4319975.043, 60
Trd, 4319975.093, 60
Trd, 4319975.193, 61
Trd, 4319975.543, 60
Trd, 4319975.643, 62
Trd, 4319977.293, 60
Trd, 4319978.193, 61
Trd, 4319978.243, 63
Trd, 4319979.993, 60
Trd, 4319980.393, 60
Trd, 4319983.093, 60
Trd, 4319983.193, 62
Trd, 4319984.343, 60
Trd, 4319984.643, 61
Trd, 4319985.293, 62
Trd, 4319985.493, 63
Trd, 4319986.593, 64
Trd, 4319987.343, 64
Trd, 4319987.493, 65
Trd, 4319987.693, 64
Trd, 4319987.843, 67
Trd, 4319989.043, 68
Trd, 4319989.593, 111
Trd, 4319990.243, 140
Trd, 4319990.393, 111
Trd, 4319991.043, 68
Trd, 4319991.843, 140
Trd, 4319992.693, 140
Trd, 4319993.193, 135
Trd, 4319993.893, 65
Trd, 4319994.843, 66
Trd, 4319995.793, 62
Trd, 4319996.293, 63
Trd, 4319997.443, 60
Trd, 4319998.143, 62
Trd, 4319998.593, 61
