Trd, 4318147.043, 74
Trd, 4318147.393, 61
Trd, 4318148.443, 87
Trd, 4318149.193, 60
Trd, 4318149.343, 69
Trd, 4318150.593, 119
Trd, 4318150.893, 120
Trd, 4318151.293, 140
Trd, 4318152.343, 111
Trd, 4318152.793, 131
Trd, 4318152.893, 105
Trd, 4318153.043, 99
Trd, 4318153.343, 64
Trd, 4318155.343, 115
Trd, 4318155.493, 113
Trd, 4318156.843, 73
Trd, 4318157.593, 102
Trd, 4318158.743, 140
Trd, 4318159.093, 131
Trd, 4318159.993, 130
Trd, 4318160.093, 121
Trd, 4318160.143, 114
Trd, 4318161.643, 140
Trd, 4318162.193, 109
Trd, 4318162.343, 94
Trd, 4318162.543, 77
Trd, 4318163.243, 63
Trd, 4318163.643, 61
Trd, 4318164.943, 73
Trd, 4318165.093, 115
Trd, 4318165.343, 73
Trd, 4318165.943, 70
Trd, 4318166.743, 62
Trd, 4318168.093, 70
Trd, 4318169.493, 108
Trd, 4318169.693, 96
Trd, 4318169.743, 79
Trd, 4318170.393, 133
Trd, 4318170.993, 140
Trd, 4318171.293, 140
Trd, 4318171.393, 135
Trd, 4318172.393, 110
Trd, 4318172.643, 87
Trd, 4318174.493, 140
Trd, 4318174.793, 140
Trd, 4318175.043, 93
Trd, 4318176.443, 122
Trd, 4318177.343, 138
Trd, 4318179.443, 121
Trd, 4318179.893, 122
Trd, 4318180.743, 116
Trd, 4318181.793, 110
Trd, 4318182.093, 88
Trd, 4318182.793, 95
Trd, 4318182.893, 94
Trd, 4318182.993, 84
Trd, 4318184.193, 60
Trd, 4318184.793, 140
Trd, 4318185.293, 130
Trd, 4318185.593, 106
Trd, 4318185.843, 105
Trd, 4318186.193, 140
Trd, 4318186.643, 66
Trd, 4318187.293, 134
Trd, 4318188.043, 128
Trd, 4318188.693, 131
Trd, 4318188.793, 128
Trd, 4318189.293, 89
Trd, 4318190.293, 82
Trd, 4318191.443, 140
Trd, 4318191.693, 124
Trd, 4318192.343, 124
Trd, 4318193.393, 116
Trd, 4318194.093, 114
Trd, 4318194.593, 64
Trd, 4318194.743, 63
Trd, 4318195.593, 128
Trd, 4318195.893, 127
Trd, 4318196.343, 139
Trd, 4318196.693, 92
Trd, 4318198.043, 83
Trd, 4318198.693, 136
Trd, 4318199.543, 135
Trd, 4318200.493, 133
Trd, 4318201.093, 139
Trd, 4318201.243, 128
Trd, 4318202.993, 139
Trd, 4318203.693, 138
Trd, 4318204.293, 138
Trd, 4318204.543, 137
Trd, 4318205.143, 106
Trd, 4318205.743, 97
Trd, 4318205.793, 89
Trd, 4318207.943, 140
Trd, 4318208.243, 140
Trd, 4318208.493, 137
Trd, 4318208.643, 123
Trd, 4318209.943, 107
Trd, 4318210.193, 101
Trd, 4318210.743, 110
Trd, 4318210.893, 71
Trd, 4318212.793, 66
Trd, 4318213.543, 83
Trd, 4318214.543, 61
Trd, 4318216.793, 66
Trd, 4318217.243, 72
Trd, 4318218.193, 61
Trd, 4318218.493, 87
Trd, 4318218.893, 100
Trd, 4318220.143, 94
Trd, 4318220.243, 93
Trd, 4318220.393, 75
Trd, 4318220.543, 83
Trd, 4318220.843, 113
Trd, 4318221.343, 134
Trd, 4318221.443, 80
Trd, 4318222.693, 140
Trd, 4318223.393, 78
Trd, 4318224.293, 83
Trd, 4318225.193, 104
Trd, 4318225.643, 60
Trd, 4318228.043, 60
Trd, 4318229.043, 61
Trd, 4318229.093, 61
Trd, 4318229.993, 111
Trd, 4318230.743, 84
Trd, 4318230.943, 74
Trd, 4318231.293, 75
Trd, 4318231.393, 85
Trd, 4318231.743, 64
Trd, 4318233.093, 72
Trd, 4318233.443, 137
Trd, 4318234.643, 60
Trd, 4318235.993, 63
Trd, 4318236.443, 61
Trd, 4318236.643, 68
Trd, 4318237.543, 125
Trd, 4318238.543, 65
Trd, 4318239.493, 125
Trd, 4318240.243, 105
Trd, 4318240.743, 74
Trd, 4318241.093, 140
Trd, 4318241.743, 86
Trd, 4318242.443, 138
Trd, 4318243.343, 102
Trd, 4318244.293, 60
Trd, 4318244.943, 72
Trd, 4318245.493, 120
Trd, 4318247.293, 82
Trd, 4318247.343, 71
Trd, 4318247.743, 62
Trd, 4318248.693, 64
Trd, 4318249.343, 67
Trd, 4318249.743, 68
Trd, 4318251.343, 112
Trd, 4318251.543, 125
Trd, 4318251.743, 107
Trd, 4318253.743, 140
Trd, 4318253.943, 140
Trd, 4318254.293, 140
Trd, 4318254.443, 130
Trd, 4318255.093, 116
Trd, 4318255.293, 115
Trd, 4318255.693, 98
Trd, 4318257.293, 85
Trd, 4318258.393, 74
Trd, 4318259.693, 60
Trd, 4318259.943, 80
Trd, 4318261.393, 61
Trd, 4318262.193, 66
Trd, 4318263.043, 64
Trd, 4318263.343, 64
Trd, 4318263.843, 67
Trd, 4318265.093, 72
Trd, 4318265.443, 69
Trd, 4318266.193, 63
Trd, 4318266.393, 66
Trd, 4318266.743, 85
Trd, 4318267.193, 79
Trd, 4318268.093, 81
Trd, 4318268.143, 68
Trd, 4318269.043, 121
Trd, 4318269.493, 140
Trd, 4318270.343, 138
Trd, 4318271.043, 92
Trd, 4318272.843, 88
Trd, 4318272.993, 85
Trd, 4318273.843, 129
Trd, 4318274.293, 118
Trd, 4318275.743, 116
Trd, 4318275.943, 93
Trd, 4318276.693, 90
Trd, 4318277.193, 91
Trd, 4318277.743, 89
Trd, 4318278.693, 82
Trd, 4318279.793, 128
Trd, 4318280.093, 131
Trd, 4318280.443, 62
Trd, 4318281.543, 70
Trd, 4318281.643, 85
Trd, 4318282.693, 65
Trd, 4318283.293, 74
Trd, 4318283.593, 60
Trd, 4318283.743, 97
Trd, 4318283.943, 117
Trd, 4318284.843, 65
Trd, 4318285.443, 69
Trd, 4318288.893, 60
Trd, 4318288.943, 63
Trd, 4318289.143, 107
Trd, 4318289.593, 79
Trd, 4318289.743, 63
Trd, 4318290.343, 77
Trd, 4318290.643, 102
Trd, 4318291.843, 140
Trd, 4318292.043, 123
Trd, 4318293.843, 120
Trd, 4318295.143, 140
Trd, 4318295.743, 140
Trd, 4318296.293, 138
Trd, 4318296.343, 134
Trd, 4318296.693, 125
Trd, 4318297.743, 123
Trd, 4318298.043, 113
Trd, 4318298.343, 118
Trd, 4318298.593, 82
Trd, 4318298.743, 81
Trd, 4318299.193, 113
Trd, 4318300.643, 77
Trd, 4318301.743, 61
Trd, 4318302.293, 75
Trd, 4318303.193, 99
Trd, 4318303.993, 103
Trd, 4318304.443, 104
Trd, 4318304.743, 95
Trd, 4318305.293, 105
Trd, 4318305.393, 87
Trd, 4318306.593, 67
Trd, 4318308.943, 79
Trd, 4318309.943, 87
Trd, 4318310.093, 78
Trd, 4318310.443, 90
Trd, 4318310.493, 92
Trd, 4318310.993, 81
Trd, 4318311.193, 79
Trd, 4318311.943, 96
Trd, 4318313.193, 72
Trd, 4318313.993, 72
Trd, 4318314.193, 102
Trd, 4318316.593, 66
Trd, 4318316.893, 70
Trd, 4318317.193, 71
Trd, 4318317.593, 69
Trd, 4318317.993, 108
Trd, 4318318.193, 107
Trd, 4318319.443, 63
Trd, 4318319.693, 116
Trd, 4318321.493, 82
Trd, 4318321.593, 82
Trd, 4318321.643, 81
Trd, 4318322.043, 109
Trd, 4318324.693, 114
Trd, 4318324.743, 110
Trd, 4318325.293, 108
Trd, 4318326.243, 91
Trd, 4318326.493, 76
Trd, 4318326.693, 86
Trd, 4318327.543, 77
Trd, 4318327.943, 98
Trd, 4318329.043, 132
Trd, 4318330.843, 140
Trd, 4318331.093, 140
Trd, 4318332.293, 138
Trd, 4318332.543, 139
Trd, 4318332.693, 132
Trd, 4318333.293, 130
Trd, 4318334.243, 110
Trd, 4318334.643, 137
Trd, 4318335.293, 128
Trd, 4318335.943, 107
Trd, 4318336.593, 134
Trd, 4318337.093, 133
Trd, 4318338.143, 104
Trd, 4318338.293, 103
Trd, 4318339.093, 95
Trd, 4318340.693, 90
Trd, 4318341.093, 140
Trd, 4318341.643, 130
Trd, 4318342.093, 140
Trd, 4318342.193, 140
Trd, 4318342.543, 135
Trd, 4318342.993, 85
Trd, 4318344.243, 140
Trd, 4318344.943, 140
Trd, 4318345.443, 101
Trd, 4318346.793, 96
Trd, 4318347.393, 96
Trd, 4318347.693, 95
Trd, 4318348.393, 130
Trd, 4318348.693, 95
Trd, 4318348.843, 89
Trd, 4318348.893, 78
Trd, 4318349.843, 81
Trd, 4318351.093, 66
Trd, 4318351.543, 138
Trd, 4318352.143, 64
Trd, 4318352.743, 60
Trd, 4318353.843, 67
Trd, 4318354.193, 60
Trd, 4318354.893, 66
Trd, 4318355.293, 74
Trd, 4318356.443, 95
Trd, 4318356.543, 94
Trd, 4318357.443, 138
Trd, 4318357.643, 108
Trd, 4318358.593, 72
Trd, 4318359.393, 66
Trd, 4318360.893, 60
Trd, 4318361.893, 63
Trd, 4318362.143, 64
Trd, 4318362.943, 61
Trd, 4318363.743, 61
Trd, 4318364.493, 130
Trd, 4318365.893, 95
Trd, 4318365.943, 84
Trd, 4318367.493, 68
Trd, 4318367.993, 70
Trd, 4318368.043, 84
Trd, 4318368.543, 140
Trd, 4318370.043, 137
Trd, 4318370.193, 136
Trd, 4318370.743, 122
Trd, 4318371.093, 107
Trd, 4318372.643, 139
Trd, 4318373.543, 94
Trd, 4318373.593, 87
Trd, 4318374.243, 84
Trd, 4318375.543, 113
Trd, 4318375.743, 106
Trd, 4318376.643, 90
Trd, 4318376.893, 101
Trd, 4318377.293, 88
Trd, 4318378.993, 134
Trd, 4318379.493, 130
Trd, 4318379.543, 119
Trd, 4318379.643, 109
Trd, 4318381.993, 112
Trd, 4318382.543, 106
Trd, 4318383.443, 137
Trd, 4318383.943, 138
Trd, 4318384.043, 136
Trd, 4318384.643, 109
Trd, 4318384.743, 100
Trd, 4318386.143, 97
Trd, 4318386.193, 95
Trd, 4318387.693, 125
Trd, 4318387.843, 124
Trd, 4318388.293, 116
Trd, 4318389.143, 139
Trd, 4318390.143, 140
Trd, 4318390.693, 135
Trd, 4318390.943, 121
Trd, 4318391.293, 85
Trd, 4318392.793, 136
Trd, 4318393.693, 126
Trd, 4318393.943, 86
Trd, 4318394.343, 84
Trd, 4318395.443, 138
Trd, 4318396.643, 61
Trd, 4318396.943, 79
Trd, 4318397.293, 101
Trd, 4318399.293, 140
Trd, 4318400.343, 127
Trd, 4318400.393, 111
Trd, 4318400.643, 124
Trd, 4318400.843, 82
Trd, 4318400.993, 77
Trd, 4318402.343, 95
Trd, 4318402.743, 93
Trd, 4318403.743, 96
Trd, 4318404.043, 89
Trd, 4318404.393, 113
Trd, 4318404.743, 113
Trd, 4318406.093, 140
Trd, 4318406.193, 139
Trd, 4318406.843, 104
Trd, 4318407.743, 100
Trd, 4318408.193, 113
Trd, 4318408.993, 96
Trd, 4318409.393, 85
Trd, 4318410.793, 114
Trd, 4318411.393, 109
Trd, 4318411.743, 96
Trd, 4318413.193, 137
Trd, 4318413.443, 123
Trd, 4318414.743, 117
Trd, 4318414.793, 113
Trd, 4318414.943, 97
Trd, 4318415.743, 103
Trd, 4318416.193, 70
Trd, 4318416.343, 139
Trd, 4318416.793, 129
Trd, 4318418.243, 104
Trd, 4318419.293, 61
Trd, 4318421.093, 61
Trd, 4318421.493, 64
Trd, 4318421.893, 63
Trd, 4318422.293, 135
Trd, 4318422.943, 82
Trd, 4318423.343, 74
Trd, 4318423.393, 99
Trd, 4318423.443, 73
Trd, 4318424.043, 71
Trd, 4318424.293, 107
Trd, 4318425.693, 123
Trd, 4318425.793, 131
Trd, 4318426.043, 116
Trd, 4318428.293, 132
Trd, 4318429.143, 123
Trd, 4318429.343, 116
Trd, 4318429.443, 64
Trd, 4318429.943, 81
Trd, 4318430.943, 73
Trd, 4318431.543, 140
Trd, 4318433.543, 135
Trd, 4318433.643, 134
Trd, 4318433.893, 115
Trd, 4318434.143, 104
Trd, 4318435.343, 127
Trd, 4318436.893, 133
Trd, 4318437.043, 118
Trd, 4318438.043, 140
Trd, 4318438.143, 140
Trd, 4318438.543, 106
Trd, 4318439.193, 69
Trd, 4318440.593, 107
Trd, 4318441.343, 92
Trd, 4318441.493, 63
Trd, 4318442.493, 91
Trd, 4318442.643, 127
Trd, 4318443.093, 101
Trd, 4318443.143, 82
Trd, 4318444.193, 106
Trd, 4318444.493, 100
Trd, 4318445.143, 92
Trd, 4318447.043, 140
Trd, 4318447.393, 139
Trd, 4318447.943, 137
Trd, 4318448.693, 84
Trd, 4318449.043, 109
Trd, 4318449.843, 102
Trd, 4318450.443, 92
Trd, 4318450.893, 67
Trd, 4318451.443, 72
Trd, 4318452.693, 71
Trd, 4318452.743, 63
Trd, 4318453.643, 63
Trd, 4318454.893, 60
Trd, 4318455.493, 75
Trd, 4318456.343, 88
Trd, 4318456.593, 117
Trd, 4318456.943, 116
Trd, 4318458.193, 71
Trd, 4318458.543, 72
Trd, 4318458.993, 105
Trd, 4318459.393, 110
Trd, 4318459.543, 138
Trd, 4318460.593, 107
Trd, 4318460.693, 95
Trd, 4318461.743, 107
Trd, 4318462.493, 139
Trd, 4318463.443, 70
Trd, 4318464.243, 75
Trd, 4318464.293, 60
Trd, 4318464.543, 74
Trd, 4318464.643, 73
Trd, 4318465.343, 123
Trd, 4318466.343, 102
Trd, 4318467.493, 133
Trd, 4318468.043, 124
Trd, 4318468.943, 120
Trd, 4318469.043, 119
Trd, 4318471.493, 137
Trd, 4318471.793, 112
Trd, 4318472.243, 140
Trd, 4318472.843, 113
Trd, 4318473.293, 109
Trd, 4318473.943, 92
Trd, 4318474.193, 124
Trd, 4318474.693, 93
Trd, 4318476.193, 136
Trd, 4318476.393, 111
Trd, 4318476.543, 110
Trd, 4318476.843, 140
Trd, 4318479.493, 69
Trd, 4318479.743, 81
Trd, 4318479.843, 85
Trd, 4318480.143, 96
Trd, 4318480.443, 97
Trd, 4318482.543, 139
Trd, 4318482.793, 139
Trd, 4318483.393, 122
Trd, 4318483.493, 110
Trd, 4318484.393, 113
Trd, 4318484.943, 112
Trd, 4318485.043, 93
Trd, 4318485.943, 127
Trd, 4318485.993, 68
Trd, 4318486.543, 120
Trd, 4318487.043, 64
Trd, 4318488.193, 97
Trd, 4318488.443, 82
Trd, 4318488.943, 66
Trd, 4318489.793, 139
Trd, 4318490.493, 90
Trd, 4318490.793, 81
Trd, 4318491.493, 72
Trd, 4318492.593, 67
Trd, 4318494.493, 74
Trd, 4318494.843, 82
Trd, 4318495.393, 65
Trd, 4318496.943, 67
Trd, 4318497.793, 72
Trd, 4318498.393, 63
Trd, 4318498.693, 62
Trd, 4318499.193, 100
Trd, 4318499.793, 63
Trd, 4318500.543, 65
Trd, 4318501.143, 112
Trd, 4318502.293, 101
Trd, 4318502.943, 132
Trd, 4318503.243, 62
Trd, 4318504.143, 85
Trd, 4318506.193, 102
Trd, 4318506.243, 90
Trd, 4318506.793, 115
Trd, 4318506.943, 73
Trd, 4318507.743, 71
Trd, 4318508.243, 123
Trd, 4318508.893, 100
Trd, 4318509.543, 99
Trd, 4318509.643, 89
Trd, 4318510.443, 140
Trd, 4318511.343, 138
Trd, 4318512.193, 123
Trd, 4318513.243, 111
Trd, 4318514.243, 101
Trd, 4318515.493, 140
Trd, 4318515.543, 139
Trd, 4318517.543, 122
Trd, 4318518.243, 111
Trd, 4318518.493, 103
Trd, 4318519.043, 125
Trd, 4318519.243, 89
Trd, 4318519.593, 133
Trd, 4318520.243, 89
Trd, 4318521.343, 129
Trd, 4318521.893, 108
Trd, 4318524.443, 140
Trd, 4318524.693, 140
Trd, 4318524.743, 136
Trd, 4318525.943, 111
Trd, 4318526.093, 104
Trd, 4318526.643, 95
Trd, 4318527.843, 134
Trd, 4318529.093, 122
Trd, 4318529.393, 113
Trd, 4318529.793, 104
Trd, 4318530.193, 130
Trd, 4318530.843, 60
Trd, 4318531.693, 82
Trd, 4318532.193, 76
Trd, 4318532.543, 75
Trd, 4318533.493, 120
Trd, 4318534.193, 71
Trd, 4318535.993, 60
Trd, 4318536.343, 69
Trd, 4318536.893, 69
Trd, 4318537.593, 126
Trd, 4318538.043, 108
Trd, 4318538.093, 92
Trd, 4318538.193, 91
Trd, 4318538.343, 83
Trd, 4318538.693, 84
Trd, 4318540.743, 140
Trd, 4318540.793, 140
Trd, 4318541.993, 88
Trd, 4318542.793, 120
Trd, 4318543.693, 139
Trd, 4318544.893, 132
Trd, 4318545.293, 130
Trd, 4318545.943, 114
Trd, 4318546.993, 121
Trd, 4318547.443, 116
Trd, 4318547.493, 102
Trd, 4318547.543, 100
Trd, 4318547.693, 140
Trd, 4318547.743, 100
Trd, 4318548.693, 94
Trd, 4318550.093, 63
Trd, 4318551.193, 114
Trd, 4318551.593, 73
Trd, 4318552.493, 115
Trd, 4318552.943, 73
Trd, 4318553.143, 110
Trd, 4318554.393, 109
Trd, 4318555.693, 89
Trd, 4318556.143, 107
Trd, 4318556.293, 106
Trd, 4318557.243, 90
Trd, 4318557.293, 103
Trd, 4318557.693, 91
Trd, 4318558.493, 67
Trd, 4318558.643, 65
Trd, 4318559.293, 139
Trd, 4318559.593, 127
Trd, 4318559.643, 122
Trd, 4318560.893, 68
Trd, 4318561.893, 75
Trd, 4318563.443, 60
Trd, 4318564.043, 62
Trd, 4318564.593, 69
Trd, 4318564.643, 97
Trd, 4318565.243, 64
Trd, 4318566.993, 64
Trd, 4318567.093, 64
Trd, 4318568.543, 62
Trd, 4318569.643, 110
Trd, 4318569.943, 111
Trd, 4318570.693, 61
Trd, 4318571.943, 65
Trd, 4318572.493, 68
Trd, 4318572.643, 67
Trd, 4318572.893, 75
Trd, 4318573.843, 63
Trd, 4318574.393, 66
Trd, 4318577.093, 64
Trd, 4318577.393, 68
Trd, 4318578.193, 80
Trd, 4318578.893, 69
Trd, 4318578.993, 91
Trd, 4318579.593, 130
Trd, 4318579.793, 130
Trd, 4318581.143, 132
Trd, 4318581.643, 140
Trd, 4318581.993, 112
Trd, 4318582.493, 106
Trd, 4318583.243, 100
Trd, 4318584.443, 114
Trd, 4318584.743, 113
Trd, 4318585.043, 103
Trd, 4318585.843, 131
Trd, 4318586.393, 67
Trd, 4318587.093, 140
Trd, 4318587.293, 125
Trd, 4318587.443, 84
Trd, 4318588.043, 74
Trd, 4318590.343, 65
Trd, 4318590.943, 77
Trd, 4318591.043, 72
Trd, 4318591.993, 135
Trd, 4318592.093, 90
Trd, 4318592.793, 62
Trd, 4318592.843, 69
Trd, 4318593.643, 62
Trd, 4318594.693, 115
Trd, 4318596.293, 119
Trd, 4318596.743, 140
Trd, 4318596.893, 139
Trd, 4318597.243, 130
Trd, 4318598.543, 80
Trd, 4318598.993, 78
Trd, 4318599.193, 85
Trd, 4318599.443, 92
Trd, 4318601.593, 140
Trd, 4318601.743, 135
Trd, 4318602.643, 122
Trd, 4318602.743, 103
Trd, 4318603.093, 88
Trd, 4318603.193, 87
Trd, 4318604.093, 92
Trd, 4318604.293, 138
Trd, 4318604.693, 106
Trd, 4318605.893, 60
Trd, 4318607.343, 124
Trd, 4318607.993, 138
Trd, 4318608.293, 135
Trd, 4318608.843, 124
Trd, 4318609.193, 102
Trd, 4318609.593, 87
Trd, 4318610.243, 77
Trd, 4318611.393, 140
Trd, 4318611.943, 119
Trd, 4318612.243, 118
Trd, 4318613.243, 120
Trd, 4318614.393, 110
Trd, 4318614.943, 126
Trd, 4318616.393, 126
Trd, 4318616.893, 104
Trd, 4318617.743, 86
Trd, 4318617.843, 107
Trd, 4318618.193, 111
Trd, 4318618.893, 138
Trd, 4318620.143, 86
Trd, 4318620.443, 78
Trd, 4318620.493, 77
Trd, 4318620.793, 127
Trd, 4318622.043, 131
Trd, 4318622.343, 124
Trd, 4318622.843, 109
Trd, 4318623.143, 111
Trd, 4318623.843, 60
Trd, 4318624.643, 62
Trd, 4318625.443, 112
Trd, 4318627.693, 61
Trd, 4318627.793, 61
Trd, 4318628.093, 61
Trd, 4318628.293, 64
Trd, 4318628.843, 61
Trd, 4318629.143, 120
Trd, 4318630.693, 140
Trd, 4318630.743, 129
Trd, 4318631.893, 140
Trd, 4318632.143, 129
Trd, 4318633.643, 139
Trd, 4318634.193, 129
Trd, 4318634.443, 116
Trd, 4318635.043, 106
Trd, 4318636.193, 106
Trd, 4318636.993, 128
Trd, 4318637.043, 107
Trd, 4318637.093, 105
Trd, 4318638.343, 63
Trd, 4318638.993, 94
Trd, 4318640.043, 63
Trd, 4318640.093, 62
Trd, 4318640.493, 67
Trd, 4318640.893, 65
Trd, 4318641.743, 119
Trd, 4318642.893, 133
Trd, 4318643.593, 137
Trd, 4318643.693, 97
Trd, 4318644.093, 135
Trd, 4318644.893, 110
Trd, 4318646.493, 139
Trd, 4318646.793, 140
Trd, 4318647.143, 117
Trd, 4318647.293, 132
Trd, 4318648.193, 118
Trd, 4318648.393, 98
Trd, 4318648.743, 109
Trd, 4318650.093, 76
Trd, 4318650.343, 71
Trd, 4318651.643, 74
Trd, 4318653.393, 104
Trd, 4318653.643, 103
Trd, 4318654.343, 62
Trd, 4318654.593, 91
Trd, 4318655.093, 127
Trd, 4318655.593, 72
Trd, 4318656.543, 125
Trd, 4318657.293, 67
Trd, 4318657.793, 136
Trd, 4318658.993, 109
Trd, 4318659.443, 140
Trd, 4318660.093, 120
Trd, 4318660.193, 121
Trd, 4318661.443, 131
Trd, 4318661.993, 140
Trd, 4318662.443, 134
Trd, 4318663.343, 133
Trd, 4318663.643, 121
Trd, 4318665.893, 131
Trd, 4318666.193, 119
Trd, 4318666.293, 126
Trd, 4318667.093, 90
Trd, 4318667.293, 83
Trd, 4318668.243, 120
Trd, 4318669.043, 95
Trd, 4318670.793, 139
Trd, 4318671.343, 60
Trd, 4318671.543, 127
Trd, 4318671.843, 77
Trd, 4318673.093, 102
Trd, 4318673.693, 120
Trd, 4318673.943, 119
Trd, 4318674.843, 107
Trd, 4318675.393, 104
Trd, 4318678.093, 139
Trd, 4318678.593, 113
Trd, 4318678.843, 128
Trd, 4318678.943, 115
Trd, 4318679.293, 123
Trd, 4318680.493, 103
Trd, 4318681.793, 137
Trd, 4318681.993, 124
Trd, 4318683.043, 135
Trd, 4318683.743, 101
Trd, 4318683.893, 68
Trd, 4318684.293, 138
Trd, 4318684.743, 107
Trd, 4318686.093, 118
Trd, 4318686.343, 116
Trd, 4318687.393, 96
Trd, 4318687.443, 95
Trd, 4318688.793, 112
Trd, 4318689.043, 86
Trd, 4318690.043, 62
Trd, 4318690.393, 63
Trd, 4318690.843, 73
Trd, 4318692.243, 63
Trd, 4318692.893, 84
Trd, 4318693.093, 69
Trd, 4318694.693, 140
Trd, 4318695.093, 139
Trd, 4318695.143, 124
Trd, 4318696.693, 92
Trd, 4318696.743, 116
Trd, 4318697.593, 75
Trd, 4318699.293, 128
Trd, 4318699.593, 139
Trd, 4318699.693, 138
Trd, 4318700.243, 118
Trd, 4318700.893, 101
Trd, 4318702.543, 140
Trd, 4318703.543, 125
Trd, 4318703.693, 109
Trd, 4318704.993, 88
Trd, 4318705.193, 112
Trd, 4318706.143, 69
Trd, 4318707.393, 76
Trd, 4318707.743, 96
Trd, 4318707.943, 138
Trd, 4318709.493, 96
Trd, 4318709.943, 76
Trd, 4318710.093, 64
Trd, 4318711.093, 136
Trd, 4318713.793, 64
Trd, 4318713.993, 68
Trd, 4318714.893, 90
Trd, 4318715.093, 65
Trd, 4318715.243, 93
Trd, 4318715.493, 99
Trd, 4318715.543, 65
Trd, 4318715.693, 133
Trd, 4318716.943, 135
Trd, 4318719.543, 65
Trd, 4318720.043, 134
Trd, 4318720.893, 61
Trd, 4318721.943, 65
Trd, 4318721.993, 66
Trd, 4318722.443, 72
Trd, 4318722.743, 68
Trd, 4318724.593, 130
Trd, 4318725.043, 126
Trd, 4318725.293, 125
Trd, 4318726.393, 105
Trd, 4318726.693, 93
Trd, 4318727.043, 91
Trd, 4318727.143, 75
Trd, 4318728.043, 104
Trd, 4318728.693, 79
Trd, 4318729.343, 139
Trd, 4318729.993, 61
Trd, 4318731.343, 60
Trd, 4318731.493, 61
Trd, 4318732.493, 89
Trd, 4318734.443, 61
Trd, 4318734.543, 61
Trd, 4318735.293, 60
Trd, 4318735.543, 61
Trd, 4318736.143, 76
Trd, 4318736.543, 73
Trd, 4318736.793, 66
Trd, 4318738.643, 76
Trd, 4318738.893, 80
Trd, 4318740.093, 67
Trd, 4318740.193, 72
Trd, 4318741.143, 65
Trd, 4318742.043, 67
Trd, 4318742.743, 70
Trd, 4318742.993, 65
Trd, 4318743.143, 99
Trd, 4318743.443, 62
Trd, 4318744.293, 88
Trd, 4318744.743, 89
Trd, 4318745.093, 140
Trd, 4318746.943, 60
Trd, 4318748.243, 60
Trd, 4318750.043, 65
Trd, 4318751.393, 61
Trd, 4318752.543, 62
Trd, 4318753.543, 61
Trd, 4318753.593, 73
Trd, 4318754.143, 103
Trd, 4318754.293, 85
Trd, 4318755.143, 112
Trd, 4318755.693, 69
Trd, 4318755.743, 67
Trd, 4318756.143, 66
Trd, 4318756.593, 70
Trd, 4318757.143, 60
Trd, 4318758.193, 60
Trd, 4318759.393, 91
Trd, 4318759.993, 119
Trd, 4318760.393, 119
Trd, 4318761.293, 115
Trd, 4318762.943, 132
Trd, 4318763.093, 110
Trd, 4318764.243, 121
Trd, 4318764.493, 98
Trd, 4318765.693, 138
Trd, 4318765.993, 126
Trd, 4318766.243, 82
Trd, 4318768.243, 109
Trd, 4318768.293, 91
Trd, 4318768.843, 93
Trd, 4318769.043, 85
Trd, 4318770.043, 91
Trd, 4318770.793, 75
Trd, 4318771.343, 113
Trd, 4318771.993, 140
Trd, 4318772.293, 67
Trd, 4318773.093, 77
Trd, 4318774.193, 78
Trd, 4318775.393, 80
Trd, 4318775.643, 79
Trd, 4318776.043, 129
Trd, 4318777.293, 132
Trd, 4318777.343, 117
Trd, 4318777.443, 95
Trd, 4318778.693, 115
Trd, 4318779.093, 116
Trd, 4318779.943, 88
Trd, 4318780.293, 97
Trd, 4318780.893, 135
Trd, 4318781.593, 137
Trd, 4318782.593, 140
Trd, 4318782.993, 140
Trd, 4318783.743, 118
Trd, 4318785.643, 133
Trd, 4318785.693, 132
Trd, 4318785.993, 115
Trd, 4318786.243, 106
Trd, 4318786.743, 108
Trd, 4318787.893, 140
Trd, 4318788.443, 91
Trd, 4318789.043, 67
Trd, 4318790.893, 135
Trd, 4318790.943, 116
Trd, 4318791.443, 109
Trd, 4318791.643, 73
Trd, 4318791.843, 68
Trd, 4318792.693, 140
Trd, 4318792.943, 132
Trd, 4318794.343, 109
Trd, 4318794.943, 99
Trd, 4318795.043, 98
Trd, 4318795.343, 129
Trd, 4318796.943, 83
Trd, 4318797.343, 76
Trd, 4318797.443, 96
Trd, 4318798.843, 62
Trd, 4318799.393, 60
Trd, 4318799.943, 71
Trd, 4318801.143, 81
Trd, 4318801.243, 69
Trd, 4318801.793, 140
Trd, 4318802.893, 137
Trd, 4318803.293, 140
Trd, 4318803.993, 107
Trd, 4318804.493, 68
Trd, 4318804.993, 95
Trd, 4318805.893, 127
Trd, 4318806.893, 110
Trd, 4318808.193, 92
Trd, 4318808.493, 85
Trd, 4318809.293, 137
Trd, 4318810.343, 118
Trd, 4318810.743, 138
Trd, 4318811.043, 114
Trd, 4318812.343, 104
Trd, 4318813.143, 83
Trd, 4318813.293, 113
Trd, 4318813.793, 127
Trd, 4318813.893, 107
Trd, 4318814.243, 120
Trd, 4318814.993, 111
Trd, 4318815.693, 77
Trd, 4318817.043, 62
Trd, 4318817.243, 66
Trd, 4318818.393, 106
Trd, 4318819.143, 105
Trd, 4318819.743, 126
Trd, 4318819.993, 102
Trd, 4318821.093, 105
Trd, 4318821.743, 101
Trd, 4318822.543, 140
Trd, 4318823.143, 136
Trd, 4318823.393, 137
Trd, 4318823.543, 135
Trd, 4318824.843, 66
Trd, 4318824.943, 60
Trd, 4318825.443, 73
Trd, 4318825.693, 75
Trd, 4318826.493, 65
Trd, 4318827.243, 65
Trd, 4318827.543, 63
Trd, 4318828.843, 65
Trd, 4318828.943, 78
Trd, 4318829.393, 104
Trd, 4318829.993, 92
Trd, 4318831.793, 77
Trd, 4318831.893, 78
Trd, 4318834.243, 95
Trd, 4318834.443, 90
Trd, 4318835.593, 100
Trd, 4318835.843, 99
Trd, 4318836.643, 101
Trd, 4318836.893, 93
Trd, 4318837.843, 69
Trd, 4318838.043, 73
Trd, 4318839.293, 74
Trd, 4318839.943, 68
Trd, 4318840.043, 93
Trd, 4318840.093, 94
Trd, 4318841.143, 67
Trd, 4318841.243, 78
Trd, 4318842.793, 80
Trd, 4318843.543, 79
Trd, 4318843.993, 73
Trd, 4318844.293, 77
Trd, 4318844.593, 83
Trd, 4318845.393, 138
Trd, 4318846.843, 140
Trd, 4318847.143, 139
Trd, 4318847.393, 137
Trd, 4318848.443, 100
Trd, 4318850.493, 134
Trd, 4318850.943, 129
Trd, 4318851.043, 122
Trd, 4318852.043, 122
Trd, 4318852.293, 113
Trd, 4318852.393, 95
Trd, 4318853.043, 138
Trd, 4318853.743, 140
Trd, 4318854.493, 124
Trd, 4318855.143, 114
Trd, 4318855.893, 137
Trd, 4318856.543, 100
Trd, 4318856.843, 138
Trd, 4318857.743, 127
Trd, 4318857.793, 92
Trd, 4318859.043, 79
Trd, 4318859.393, 137
Trd, 4318860.293, 138
Trd, 4318860.693, 117
Trd, 4318861.893, 105
Trd, 4318862.043, 85
Trd, 4318862.693, 66
Trd, 4318864.143, 131
Trd, 4318864.793, 83
Trd, 4318865.243, 136
Trd, 4318865.293, 120
Trd, 4318865.843, 65
Trd, 4318869.343, 66
Trd, 4318869.893, 70
Trd, 4318869.943, 78
Trd, 4318870.343, 78
Trd, 4318871.293, 97
Trd, 4318871.543, 110
Trd, 4318871.593, 96
Trd, 4318872.493, 86
Trd, 4318872.993, 78
Trd, 4318875.193, 138
Trd, 4318876.443, 137
Trd, 4318876.493, 121
Trd, 4318876.693, 120
Trd, 4318877.293, 140
Trd, 4318877.693, 128
Trd, 4318878.443, 127
Trd, 4318879.143, 112
Trd, 4318879.243, 95
Trd, 4318880.093, 132
Trd, 4318880.843, 113
Trd, 4318881.293, 65
Trd, 4318882.543, 97
Trd, 4318882.843, 96
Trd, 4318883.443, 115
Trd, 4318883.643, 114
Trd, 4318884.093, 97
Trd, 4318884.943, 139
Trd, 4318885.143, 90
Trd, 4318886.243, 116
Trd, 4318886.893, 106
Trd, 4318887.843, 109
Trd, 4318888.743, 88
Trd, 4318890.343, 132
Trd, 4318890.393, 108
Trd, 4318890.643, 140
Trd, 4318891.493, 120
Trd, 4318893.093, 92
Trd, 4318893.143, 127
Trd, 4318893.243, 91
Trd, 4318893.693, 89
Trd, 4318894.343, 99
Trd, 4318896.093, 137
Trd, 4318896.343, 108
Trd, 4318896.843, 94
Trd, 4318897.743, 79
Trd, 4318897.893, 61
Trd, 4318900.393, 65
Trd, 4318901.793, 89
Trd, 4318901.843, 91
Trd, 4318902.243, 97
Trd, 4318902.293, 88
Trd, 4318902.643, 98
Trd, 4318902.693, 70
Trd, 4318903.843, 119
Trd, 4318904.593, 124
Trd, 4318905.293, 121
Trd, 4318905.943, 67
Trd, 4318906.643, 81
Trd, 4318906.743, 136
Trd, 4318907.493, 60
Trd, 4318908.793, 63
Trd, 4318909.743, 85
Trd, 4318910.843, 76
Trd, 4318911.043, 75
Trd, 4318911.293, 131
Trd, 4318912.243, 127
Trd, 4318912.543, 124
Trd, 4318913.043, 97
Trd, 4318913.293, 93
Trd, 4318914.343, 63
Trd, 4318914.493, 105
Trd, 4318914.943, 101
Trd, 4318915.743, 78
Trd, 4318917.193, 79
Trd, 4318917.243, 74
Trd, 4318917.343, 90
Trd, 4318917.793, 84
Trd, 4318917.893, 125
Trd, 4318919.393, 139
Trd, 4318919.943, 136
Trd, 4318921.243, 108
Trd, 4318921.993, 114
Trd, 4318922.393, 100
Trd, 4318923.043, 100
Trd, 4318923.393, 139
Trd, 4318923.793, 138
Trd, 4318924.093, 121
Trd, 4318924.693, 137
Trd, 4318926.193, 140
Trd, 4318927.493, 111
Trd, 4318927.543, 99
Trd, 4318928.543, 129
Trd, 4318928.843, 129
Trd, 4318928.943, 90
Trd, 4318929.593, 75
Trd, 4318930.093, 84
Trd, 4318931.293, 133
Trd, 4318933.743, 139
Trd, 4318933.793, 125
Trd, 4318934.143, 123
Trd, 4318935.243, 121
Trd, 4318935.293, 111
Trd, 4318936.343, 134
Trd, 4318936.493, 111
Trd, 4318936.943, 92
Trd, 4318937.293, 114
Trd, 4318937.793, 87
Trd, 4318938.543, 133
Trd, 4318940.043, 86
Trd, 4318941.693, 129
Trd, 4318942.243, 108
Trd, 4318942.443, 99
Trd, 4318943.193, 80
Trd, 4318944.293, 140
Trd, 4318945.643, 126
Trd, 4318945.943, 116
Trd, 4318946.193, 60
Trd, 4318946.593, 66
Trd, 4318948.093, 60
Trd, 4318948.593, 61
Trd, 4318948.743, 74
Trd, 4318949.043, 97
Trd, 4318949.943, 67
Trd, 4318950.393, 64
Trd, 4318950.743, 60
Trd, 4318951.893, 131
Trd, 4318952.143, 120
Trd, 4318953.443, 135
Trd, 4318954.743, 139
Trd, 4318954.893, 138
Trd, 4318954.943, 137
Trd, 4318955.093, 114
Trd, 4318955.443, 72
Trd, 4318956.293, 60
Trd, 4318956.893, 85
Trd, 4318957.743, 139
Trd, 4318958.243, 119
Trd, 4318959.993, 121
Trd, 4318960.143, 107
Trd, 4318961.093, 61
Trd, 4318962.243, 87
Trd, 4318962.393, 94
Trd, 4318963.843, 79
Trd, 4318964.043, 88
Trd, 4318965.143, 102
Trd, 4318966.593, 98
Trd, 4318966.893, 117
Trd, 4318967.043, 126
Trd, 4318967.243, 125
Trd, 4318967.543, 95
Trd, 4318967.693, 88
Trd, 4318970.343, 118
Trd, 4318970.393, 117
Trd, 4318971.143, 126
Trd, 4318971.893, 113
Trd, 4318972.143, 105
Trd, 4318972.893, 117
Trd, 4318974.343, 88
Trd, 4318975.043, 140
Trd, 4318975.343, 90
Trd, 4318976.043, 64
Trd, 4318977.093, 133
Trd, 4318977.293, 131
Trd, 4318977.693, 120
Trd, 4318978.293, 74
Trd, 4318978.543, 60
Trd, 4318979.843, 140
Trd, 4318980.243, 113
Trd, 4318980.343, 105
Trd, 4318981.043, 87
Trd, 4318982.093, 130
Trd, 4318982.643, 103
Trd, 4318984.043, 138
Trd, 4318984.693, 93
Trd, 4318985.993, 104
Trd, 4318986.443, 117
Trd, 4318986.893, 84
Trd, 4318986.993, 126
Trd, 4318987.393, 121
Trd, 4318988.043, 90
Trd, 4318989.093, 95
Trd, 4318989.793, 95
Trd, 4318990.793, 124
Trd, 4318991.893, 139
Trd, 4318992.943, 138
Trd, 4318993.093, 133
Trd, 4318993.893, 89
Trd, 4318994.293, 91
Trd, 4318994.843, 140
Trd, 4318995.393, 93
Trd, 4318995.993, 92
Trd, 4318996.893, 92
Trd, 4318998.043, 134
Trd, 4318998.493, 121
Trd, 4318998.993, 132
Trd, 4318999.293, 107
Trd, 4318999.393, 117
Trd, 4318999.443, 81
Trd, 4319002.793, 60
Trd, 4319003.143, 60
Trd, 4319004.093, 136
Trd, 4319006.293, 69
Trd, 4319006.393, 71
Trd, 4319006.543, 74
Trd, 4319007.193, 101
Trd, 4319008.193, 61
Trd, 4319009.543, 100
Trd, 4319009.743, 75
Trd, 4319010.043, 114
Trd, 4319010.293, 99
Trd, 4319011.443, 138
Trd, 4319012.893, 131
Trd, 4319014.343, 140
Trd, 4319014.543, 139
Trd, 4319014.843, 128
Trd, 4319015.193, 118
Trd, 4319015.493, 112
Trd, 4319016.693, 113
Trd, 4319017.343, 98
Trd, 4319018.243, 78
Trd, 4319018.393, 75
Trd, 4319019.343, 109
Trd, 4319019.693, 62
Trd, 4319020.443, 60
Trd, 4319021.543, 120
Trd, 4319021.943, 85
Trd, 4319022.893, 62
Trd, 4319023.293, 75
Trd, 4319023.793, 65
Trd, 4319025.043, 60
Trd, 4319026.993, 64
Trd, 4319028.043, 68
Trd, 4319028.443, 78
Trd, 4319028.743, 67
Trd, 4319028.893, 65
Trd, 4319029.143, 60
Trd, 4319029.793, 140
Trd, 4319032.043, 119
Trd, 4319032.643, 118
Trd, 4319033.393, 117
Trd, 4319034.293, 105
Trd, 4319034.443, 99
Trd, 4319034.893, 140
Trd, 4319035.043, 99
Trd, 4319035.943, 140
Trd, 4319036.543, 124
Trd, 4319036.793, 112
Trd, 4319038.793, 113
Trd, 4319039.543, 136
Trd, 4319039.893, 111
Trd, 4319039.993, 105
Trd, 4319040.043, 100
Trd, 4319041.243, 61
Trd, 4319041.643, 64
Trd, 4319042.793, 96
Trd, 4319043.343, 82
Trd, 4319043.493, 87
Trd, 4319043.643, 81
Trd, 4319044.093, 100
Trd, 4319045.043, 138
Trd, 4319045.193, 137
Trd, 4319045.593, 118
Trd, 4319045.893, 94
Trd, 4319046.843, 68
Trd, 4319047.543, 68
Trd, 4319048.743, 70
Trd, 4319049.943, 140
Trd, 4319051.193, 140
Trd, 4319051.593, 138
Trd, 4319051.643, 133
Trd, 4319053.093, 124
Trd, 4319053.543, 123
Trd, 4319053.843, 95
Trd, 4319054.843, 124
Trd, 4319055.193, 61
Trd, 4319056.543, 64
Trd, 4319057.193, 66
Trd, 4319057.243, 82
Trd, 4319057.743, 62
Trd, 4319058.343, 71
Trd, 4319059.643, 68
Trd, 4319060.343, 101
Trd, 4319060.443, 99
Trd, 4319060.893, 61
Trd, 4319061.993, 140
Trd, 4319063.393, 140
Trd, 4319063.493, 140
Trd, 4319064.643, 139
Trd, 4319065.543, 133
Trd, 4319066.393, 77
Trd, 4319066.793, 72
Trd, 4319066.843, 85
Trd, 4319067.143, 70
Trd, 4319068.443, 68
Trd, 4319069.593, 64
Trd, 4319069.843, 79
Trd, 4319070.143, 94
Trd, 4319070.793, 87
Trd, 4319071.793, 126
Trd, 4319072.043, 139
Trd, 4319073.493, 65
Trd, 4319073.993, 67
Trd, 4319074.693, 74
Trd, 4319074.843, 119
Trd, 4319074.993, 73
Trd, 4319075.243, 92
Trd, 4319076.443, 87
Trd, 4319077.393, 94
Trd, 4319077.743, 81
Trd, 4319077.893, 78
Trd, 4319079.093, 60
Trd, 4319080.843, 60
Trd, 4319080.993, 81
Trd, 4319082.743, 66
Trd, 4319083.293, 64
Trd, 4319083.793, 76
Trd, 4319084.443, 72
Trd, 4319084.543, 67
Trd, 4319084.743, 63
Trd, 4319085.143, 91
Trd, 4319085.593, 77
Trd, 4319086.593, 67
Trd, 4319086.843, 62
Trd, 4319088.693, 108
Trd, 4319089.093, 102
Trd, 4319089.343, 93
Trd, 4319090.393, 91
Trd, 4319090.993, 73
Trd, 4319091.993, 140
Trd, 4319093.193, 140
Trd, 4319094.043, 73
Trd, 4319095.743, 107
Trd, 4319096.143, 131
Trd, 4319096.843, 107
Trd, 4319097.093, 137
Trd, 4319097.443, 106
Trd, 4319098.043, 105
Trd, 4319098.143, 95
Trd, 4319098.793, 77
Trd, 4319099.493, 61
Trd, 4319099.543, 78
Trd, 4319101.543, 63
Trd, 4319102.543, 60
Trd, 4319102.693, 66
Trd, 4319103.043, 71
Trd, 4319103.593, 118
Trd, 4319104.543, 131
Trd, 4319105.393, 118
Trd, 4319105.843, 94
Trd, 4319106.893, 140
Trd, 4319107.293, 92
Trd, 4319107.843, 89
Trd, 4319108.193, 90
Trd, 4319110.043, 139
Trd, 4319110.293, 139
Trd, 4319110.693, 124
Trd, 4319110.893, 139
Trd, 4319111.043, 99
Trd, 4319111.093, 84
Trd, 4319113.993, 80
Trd, 4319114.193, 102
Trd, 4319114.543, 77
Trd, 4319114.743, 73
Trd, 4319115.693, 103
Trd, 4319116.643, 102
Trd, 4319116.993, 102
Trd, 4319117.293, 77
Trd, 4319118.843, 104
Trd, 4319119.493, 136
Trd, 4319119.593, 89
Trd, 4319119.843, 93
Trd, 4319120.193, 66
Trd, 4319121.493, 87
Trd, 4319122.193, 86
Trd, 4319122.693, 74
Trd, 4319122.993, 140
Trd, 4319123.993, 109
Trd, 4319125.643, 107
Trd, 4319125.843, 106
Trd, 4319126.493, 102
Trd, 4319127.143, 140
Trd, 4319127.593, 140
Trd, 4319127.793, 139
Trd, 4319129.443, 60
Trd, 4319130.293, 67
Trd, 4319130.343, 74
Trd, 4319131.143, 61
Trd, 4319131.993, 129
Trd, 4319132.893, 130
Trd, 4319133.043, 128
Trd, 4319133.143, 116
Trd, 4319133.493, 139
Trd, 4319133.793, 115
Trd, 4319134.043, 77
Trd, 4319134.993, 65
Trd, 4319135.493, 97
Trd, 4319137.093, 139
Trd, 4319137.293, 129
Trd, 4319137.543, 132
Trd, 4319137.793, 115
Trd, 4319139.543, 124
Trd, 4319139.843, 88
Trd, 4319141.243, 86
Trd, 4319142.043, 85
Trd, 4319142.493, 71
Trd, 4319143.643, 99
Trd, 4319144.043, 138
Trd, 4319144.393, 110
Trd, 4319145.943, 135
Trd, 4319146.843, 111
Trd, 4319147.093, 111
Trd, 4319147.893, 107
Trd, 4319148.093, 123
Trd, 4319149.493, 139
Trd, 4319150.893, 125
Trd, 4319151.393, 129
Trd, 4319151.743, 140
Trd, 4319151.993, 124
Trd, 4319152.443, 125
Trd, 4319152.793, 114
Trd, 4319153.293, 117
Trd, 4319153.693, 62
Trd, 4319153.943, 87
Trd, 4319155.043, 61
Trd, 4319156.293, 92
Trd, 4319156.393, 78
Trd, 4319157.143, 123
Trd, 4319157.943, 124
Trd, 4319158.093, 132
Trd, 4319158.293, 113
Trd, 4319158.543, 76
Trd, 4319159.493, 91
Trd, 4319160.493, 127
Trd, 4319160.743, 118
Trd, 4319161.193, 117
Trd, 4319161.643, 80
Trd, 4319161.993, 137
Trd, 4319162.243, 78
Trd, 4319165.493, 62
Trd, 4319165.543, 62
Trd, 4319165.843, 87
Trd, 4319166.143, 84
Trd, 4319168.143, 62
Trd, 4319170.493, 61
Trd, 4319170.943, 61
Trd, 4319171.143, 112
Trd, 4319171.793, 64
Trd, 4319171.993, 70
Trd, 4319173.293, 92
Trd, 4319173.343, 66
Trd, 4319173.543, 81
Trd, 4319173.743, 64
Trd, 4319174.493, 73
Trd, 4319175.993, 60
Trd, 4319176.243, 63
Trd, 4319176.693, 84
Trd, 4319177.143, 74
Trd, 4319178.393, 64
Trd, 4319178.643, 60
Trd, 4319179.043, 85
Trd, 4319179.143, 68
Trd, 4319180.143, 70
Trd, 4319180.793, 85
Trd, 4319181.443, 68
Trd, 4319182.843, 96
Trd, 4319183.493, 139
Trd, 4319183.643, 86
Trd, 4319183.943, 97
Trd, 4319185.593, 60
Trd, 4319185.793, 66
Trd, 4319186.843, 77
Trd, 4319186.943, 98
Trd, 4319187.543, 66
Trd, 4319187.643, 140
Trd, 4319188.943, 76
Trd, 4319189.193, 91
Trd, 4319189.393, 68
Trd, 4319190.143, 66
Trd, 4319191.393, 75
Trd, 4319191.743, 62
Trd, 4319193.193, 140
Trd, 4319193.543, 135
Trd, 4319193.943, 125
Trd, 4319195.193, 112
Trd, 4319195.243, 110
Trd, 4319197.143, 139
Trd, 4319197.693, 138
Trd, 4319198.743, 113
Trd, 4319199.043, 105
Trd, 4319199.293, 97
Trd, 4319199.793, 102
Trd, 4319199.843, 75
Trd, 4319200.193, 107
Trd, 4319201.593, 65
Trd, 4319202.493, 63
Trd, 4319203.093, 68
Trd, 4319204.443, 62
Trd, 4319205.393, 61
Trd, 4319205.443, 67
Trd, 4319207.593, 83
Trd, 4319207.693, 101
Trd, 4319207.993, 63
Trd, 4319209.093, 65
Trd, 4319209.393, 62
Trd, 4319209.693, 62
Trd, 4319210.593, 94
Trd, 4319212.193, 62
Trd, 4319213.193, 61
Trd, 4319213.493, 119
Trd, 4319214.193, 90
Trd, 4319214.293, 83
Trd, 4319214.493, 68
Trd, 4319215.093, 62
Trd, 4319215.293, 134
Trd, 4319216.943, 91
Trd, 4319217.493, 62
Trd, 4319218.343, 128
Trd, 4319218.593, 126
Trd, 4319219.493, 127
Trd, 4319219.993, 107
Trd, 4319220.443, 125
Trd, 4319221.043, 66
Trd, 4319222.793, 60
Trd, 4319222.943, 63
Trd, 4319224.243, 139
Trd, 4319224.493, 138
Trd, 4319224.793, 86
Trd, 4319224.893, 86
Trd, 4319225.593, 109
Trd, 4319226.893, 105
Trd, 4319227.643, 93
Trd, 4319228.493, 128
Trd, 4319228.843, 121
Trd, 4319229.993, 89
Trd, 4319230.793, 91
Trd, 4319231.943, 140
Trd, 4319231.993, 139
Trd, 4319232.193, 132
Trd, 4319232.743, 131
Trd, 4319233.193, 115
Trd, 4319234.743, 87
Trd, 4319235.293, 84
Trd, 4319235.843, 95
Trd, 4319236.493, 92
Trd, 4319236.893, 87
Trd, 4319237.043, 95
Trd, 4319238.193, 134
Trd, 4319239.143, 98
Trd, 4319239.193, 97
Trd, 4319240.443, 137
Trd, 4319241.093, 138
Trd, 4319241.993, 139
Trd, 4319242.393, 107
Trd, 4319242.843, 92
Trd, 4319243.493, 135
Trd, 4319243.943, 76
Trd, 4319245.493, 118
Trd, 4319246.093, 94
Trd, 4319247.743, 73
Trd, 4319248.493, 60
Trd, 4319249.343, 60
Trd, 4319250.143, 61
Trd, 4319250.193, 80
Trd, 4319250.893, 63
Trd, 4319250.993, 73
Trd, 4319251.393, 107
Trd, 4319252.443, 66
Trd, 4319252.893, 90
Trd, 4319253.293, 72
Trd, 4319254.293, 121
Trd, 4319254.843, 139
Trd, 4319255.243, 102
Trd, 4319256.843, 98
Trd, 4319257.843, 99
Trd, 4319260.693, 138
Trd, 4319260.743, 137
Trd, 4319261.293, 136
Trd, 4319261.493, 136
Trd, 4319261.643, 123
Trd, 4319262.293, 116
Trd, 4319263.543, 126
Trd, 4319264.143, 109
Trd, 4319265.143, 133
Trd, 4319265.893, 137
Trd, 4319266.143, 119
Trd, 4319266.343, 106
Trd, 4319267.743, 140
Trd, 4319268.043, 140
Trd, 4319268.493, 139
Trd, 4319268.993, 94
Trd, 4319269.793, 140
Trd, 4319269.943, 125
Trd, 4319270.043, 100
Trd, 4319270.643, 99
Trd, 4319272.893, 81
Trd, 4319273.393, 74
Trd, 4319273.593, 76
Trd, 4319274.143, 64
Trd, 4319274.793, 78
Trd, 4319274.943, 128
Trd, 4319276.443, 67
Trd, 4319276.843, 66
Trd, 4319277.493, 140
Trd, 4319278.093, 136
Trd, 4319278.843, 126
Trd, 4319279.393, 124
Trd, 4319280.193, 89
Trd, 4319281.393, 94
Trd, 4319282.043, 124
Trd, 4319282.093, 104
Trd, 4319282.243, 93
Trd, 4319282.793, 66
Trd, 4319283.493, 111
Trd, 4319283.893, 105
Trd, 4319284.493, 65
Trd, 4319285.043, 66
Trd, 4319285.693, 101
Trd, 4319286.943, 68
Trd, 4319287.093, 62
Trd, 4319288.093, 122
Trd, 4319289.943, 79
Trd, 4319290.243, 134
Trd, 4319290.793, 81
Trd, 4319291.643, 84
Trd, 4319292.793, 65
Trd, 4319293.343, 72
Trd, 4319293.943, 72
Trd, 4319294.443, 131
Trd, 4319297.193, 140
Trd, 4319297.743, 140
Trd, 4319298.543, 128
Trd, 4319298.843, 127
Trd, 4319299.743, 140
Trd, 4319299.843, 123
Trd, 4319300.193, 112
Trd, 4319301.243, 112
Trd, 4319303.293, 138
Trd, 4319303.393, 128
Trd, 4319303.943, 120
Trd, 4319305.543, 140
Trd, 4319305.893, 111
Trd, 4319306.093, 110
Trd, 4319306.243, 110
Trd, 4319307.143, 140
Trd, 4319308.893, 140
Trd, 4319309.093, 140
Trd, 4319309.993, 133
Trd, 4319310.093, 112
Trd, 4319310.543, 115
Trd, 4319310.793, 80
Trd, 4319312.393, 133
Trd, 4319312.493, 132
Trd, 4319313.643, 133
Trd, 4319313.793, 84
Trd, 4319314.043, 83
Trd, 4319315.543, 139
Trd, 4319316.393, 126
Trd, 4319316.593, 106
Trd, 4319318.143, 140
Trd, 4319318.743, 140
Trd, 4319319.193, 140
Trd, 4319320.143, 134
Trd, 4319321.143, 110
Trd, 4319321.593, 122
Trd, 4319321.843, 108
Trd, 4319322.043, 107
Trd, 4319322.793, 102
Trd, 4319325.093, 66
Trd, 4319325.993, 66
Trd, 4319326.893, 75
Trd, 4319327.643, 94
Trd, 4319327.743, 60
Trd, 4319328.043, 66
Trd, 4319328.293, 69
Trd, 4319328.543, 96
Trd, 4319329.193, 63
Trd, 4319329.943, 67
Trd, 4319332.093, 60
Trd, 4319332.343, 61
Trd, 4319332.543, 62
Trd, 4319333.543, 66
Trd, 4319334.193, 61
Trd, 4319334.993, 75
Trd, 4319335.493, 91
Trd, 4319335.643, 70
Trd, 4319336.293, 96
Trd, 4319337.293, 88
Trd, 4319337.793, 86
Trd, 4319338.293, 110
Trd, 4319338.593, 83
Trd, 4319339.243, 135
Trd, 4319340.593, 116
Trd, 4319340.793, 84
Trd, 4319341.843, 127
Trd, 4319342.043, 126
Trd, 4319342.493, 136
Trd, 4319343.893, 140
Trd, 4319344.643, 140
Trd, 4319344.743, 140
Trd, 4319346.493, 137
Trd, 4319346.943, 121
Trd, 4319347.943, 135
Trd, 4319348.143, 115
Trd, 4319348.943, 126
Trd, 4319349.343, 78
Trd, 4319350.243, 63
Trd, 4319350.593, 72
Trd, 4319351.893, 66
Trd, 4319352.393, 67
Trd, 4319353.343, 82
Trd, 4319353.543, 74
Trd, 4319353.943, 106
Trd, 4319354.093, 81
Trd, 4319354.843, 129
Trd, 4319355.293, 136
Trd, 4319356.943, 106
Trd, 4319357.043, 98
Trd, 4319357.793, 98
Trd, 4319358.093, 89
Trd, 4319358.243, 71
Trd, 4319359.393, 62
Trd, 4319359.743, 81
Trd, 4319360.693, 64
Trd, 4319361.643, 68
Trd, 4319361.993, 90
Trd, 4319362.643, 116
Trd, 4319362.893, 140
Trd, 4319363.593, 114
Trd, 4319364.343, 110
Trd, 4319365.643, 99
Trd, 4319365.843, 90
Trd, 4319366.393, 75
Trd, 4319367.493, 117
Trd, 4319367.893, 115
Trd, 4319368.543, 94
Trd, 4319369.543, 63
Trd, 4319370.793, 140
Trd, 4319370.893, 140
Trd, 4319370.993, 131
Trd, 4319371.593, 119
Trd, 4319372.193, 120
Trd, 4319372.543, 136
Trd, 4319373.193, 140
Trd, 4319373.843, 109
Trd, 4319374.043, 101
Trd, 4319374.593, 140
Trd, 4319374.843, 140
Trd, 4319376.093, 139
Trd, 4319376.543, 128
Trd, 4319376.893, 105
Trd, 4319378.143, 139
Trd, 4319378.293, 102
Trd, 4319378.743, 89
Trd, 4319379.293, 101
Trd, 4319379.593, 88
Trd, 4319380.243, 77
Trd, 4319381.143, 140
Trd, 4319381.193, 91
Trd, 4319382.643, 99
Trd, 4319384.393, 133
Trd, 4319384.543, 135
Trd, 4319385.443, 119
Trd, 4319385.543, 138
Trd, 4319386.493, 106
Trd, 4319387.443, 135
Trd, 4319387.893, 116
Trd, 4319388.593, 109
Trd, 4319390.293, 140
Trd, 4319390.443, 118
Trd, 4319390.593, 139
Trd, 4319390.993, 111
Trd, 4319392.093, 72
Trd, 4319392.593, 84
Trd, 4319393.443, 140
Trd, 4319394.043, 140
Trd, 4319394.843, 139
Trd, 4319395.343, 123
Trd, 4319395.643, 122
Trd, 4319396.043, 116
Trd, 4319396.393, 83
Trd, 4319397.493, 61
Trd, 4319397.593, 62
Trd, 4319397.843, 64
Trd, 4319398.793, 65
Trd, 4319399.643, 70
Trd, 4319400.193, 94
Trd, 4319402.243, 106
Trd, 4319402.293, 105
Trd, 4319402.493, 125
Trd, 4319402.893, 121
Trd, 4319404.143, 102
Trd, 4319404.193, 99
Trd, 4319406.043, 140
Trd, 4319406.093, 123
Trd, 4319406.443, 137
Trd, 4319407.393, 112
Trd, 4319408.443, 113
Trd, 4319408.943, 95
Trd, 4319409.843, 89
Trd, 4319410.043, 63
Trd, 4319410.993, 60
Trd, 4319411.943, 131
Trd, 4319412.493, 140
Trd, 4319413.993, 136
Trd, 4319414.193, 135
Trd, 4319414.443, 127
Trd, 4319415.093, 135
Trd, 4319415.893, 117
Trd, 4319415.943, 98
Trd, 4319416.343, 88
Trd, 4319417.293, 140
Trd, 4319417.543, 137
Trd, 4319418.843, 112
Trd, 4319418.943, 103
Trd, 4319419.793, 109
Trd, 4319421.143, 65
Trd, 4319421.193, 66
Trd, 4319421.443, 91
Trd, 4319422.943, 123
Trd, 4319423.193, 115
Trd, 4319424.093, 139
Trd, 4319424.143, 93
Trd, 4319424.543, 92
Trd, 4319424.643, 87
Trd, 4319426.743, 139
Trd, 4319426.843, 123
Trd, 4319427.993, 78
Trd, 4319428.143, 74
Trd, 4319430.143, 129
Trd, 4319430.293, 119
Trd, 4319430.393, 94
Trd, 4319431.893, 140
Trd, 4319432.393, 140
Trd, 4319433.343, 112
Trd, 4319433.743, 92
Trd, 4319434.993, 116
Trd, 4319435.693, 138
Trd, 4319437.243, 135
Trd, 4319437.493, 105
Trd, 4319437.843, 86
Trd, 4319438.793, 108
Trd, 4319439.193, 140
Trd, 4319439.243, 70
Trd, 4319439.943, 93
Trd, 4319439.993, 86
Trd, 4319440.293, 140
Trd, 4319441.743, 100
Trd, 4319444.093, 130
Trd, 4319444.143, 128
Trd, 4319444.993, 111
Trd, 4319445.093, 98
Trd, 4319445.293, 89
Trd, 4319445.643, 82
Trd, 4319446.093, 92
Trd, 4319446.393, 60
Trd, 4319448.243, 137
Trd, 4319449.293, 134
Trd, 4319450.193, 124
Trd, 4319450.743, 108
Trd, 4319451.193, 84
Trd, 4319452.043, 135
Trd, 4319452.093, 134
Trd, 4319453.493, 128
Trd, 4319454.443, 133
Trd, 4319455.743, 122
Trd, 4319456.043, 108
Trd, 4319457.593, 140
Trd, 4319457.793, 129
Trd, 4319458.293, 64
Trd, 4319458.943, 139
Trd, 4319459.293, 126
Trd, 4319459.343, 125
Trd, 4319459.593, 117
Trd, 4319459.793, 110
Trd, 4319460.643, 74
Trd, 4319461.793, 127
Trd, 4319462.643, 140
Trd, 4319463.393, 134
Trd, 4319463.743, 115
Trd, 4319463.943, 103
Trd, 4319464.893, 62
Trd, 4319465.793, 94
Trd, 4319466.093, 76
Trd, 4319466.693, 68
Trd, 4319468.093, 123
Trd, 4319468.443, 132
Trd, 4319469.493, 103
Trd, 4319469.743, 113
Trd, 4319470.093, 139
Trd, 4319470.593, 103
Trd, 4319470.793, 61
Trd, 4319471.593, 99
Trd, 4319472.643, 140
Trd, 4319473.243, 104
Trd, 4319473.343, 100
Trd, 4319474.893, 74
Trd, 4319475.293, 140
Trd, 4319475.943, 140
Trd, 4319476.993, 60
Trd, 4319477.993, 83
Trd, 4319478.093, 71
Trd, 4319479.293, 69
Trd, 4319480.143, 129
Trd, 4319480.793, 140
Trd, 4319481.343, 126
Trd, 4319481.643, 113
Trd, 4319482.493, 95
Trd, 4319483.193, 84
Trd, 4319483.393, 106
Trd, 4319484.293, 100
Trd, 4319484.993, 136
Trd, 4319485.543, 103
Trd, 4319486.393, 92
Trd, 4319486.493, 91
Trd, 4319487.943, 139
Trd, 4319488.793, 125
Trd, 4319489.543, 122
Trd, 4319489.843, 104
Trd, 4319490.093, 106
Trd, 4319491.043, 140
Trd, 4319491.093, 116
Trd, 4319492.043, 114
Trd, 4319492.943, 107
Trd, 4319493.193, 101
Trd, 4319494.343, 126
Trd, 4319495.593, 133
Trd, 4319495.793, 115
Trd, 4319495.943, 112
Trd, 4319496.843, 106
Trd, 4319497.443, 81
Trd, 4319497.843, 97
Trd, 4319498.693, 76
Trd, 4319499.243, 63
Trd, 4319500.293, 78
Trd, 4319501.243, 98
Trd, 4319501.743, 98
Trd, 4319502.843, 140
Trd, 4319502.993, 137
Trd, 4319503.093, 66
Trd, 4319504.793, 66
Trd, 4319504.993, 101
Trd, 4319505.443, 60
Trd, 4319505.593, 128
Trd, 4319505.743, 64
Trd, 4319506.643, 61
Trd, 4319507.693, 62
Trd, 4319509.643, 68
Trd, 4319509.893, 64
Trd, 4319509.943, 103
Trd, 4319510.793, 69
Trd, 4319511.143, 92
Trd, 4319511.493, 140
Trd, 4319511.693, 63
Trd, 4319512.943, 104
Trd, 4319513.643, 135
Trd, 4319514.843, 139
Trd, 4319516.193, 119
Trd, 4319517.393, 119
Trd, 4319519.093, 139
Trd, 4319519.143, 122
Trd, 4319519.343, 106
Trd, 4319520.193, 108
Trd, 4319521.543, 140
Trd, 4319521.843, 139
Trd, 4319522.043, 111
Trd, 4319522.543, 76
Trd, 4319523.093, 87
Trd, 4319524.543, 132
Trd, 4319525.043, 66
Trd, 4319525.693, 72
Trd, 4319526.243, 80
Trd, 4319526.743, 115
Trd, 4319526.893, 70
Trd, 4319527.143, 66
Trd, 4319527.693, 68
Trd, 4319528.493, 117
Trd, 4319528.793, 137
Trd, 4319530.243, 140
Trd, 4319531.143, 104
Trd, 4319531.293, 83
Trd, 4319532.343, 116
Trd, 4319532.493, 104
Trd, 4319532.893, 94
Trd, 4319533.443, 109
Trd, 4319534.143, 127
Trd, 4319534.293, 100
Trd, 4319534.943, 90
Trd, 4319535.443, 108
Trd, 4319536.193, 86
Trd, 4319536.443, 130
Trd, 4319536.893, 81
Trd, 4319537.293, 103
Trd, 4319537.893, 137
Trd, 4319537.993, 108
Trd, 4319539.243, 60
Trd, 4319541.993, 71
Trd, 4319542.143, 65
Trd, 4319543.043, 99
Trd, 4319543.243, 80
Trd, 4319543.743, 66
Trd, 4319544.243, 104
Trd, 4319546.293, 140
Trd, 4319546.343, 140
Trd, 4319546.443, 136
Trd, 4319547.193, 125
Trd, 4319547.243, 123
Trd, 4319548.793, 112
Trd, 4319548.943, 96
Trd, 4319549.543, 109
Trd, 4319549.943, 63
Trd, 4319550.693, 76
Trd, 4319551.793, 60
Trd, 4319552.143, 60
Trd, 4319553.193, 140
Trd, 4319554.293, 140
Trd, 4319554.393, 140
Trd, 4319556.193, 126
Trd, 4319556.843, 139
Trd, 4319557.143, 101
Trd, 4319557.293, 98
Trd, 4319557.393, 77
Trd, 4319558.643, 102
Trd, 4319559.943, 88
Trd, 4319560.243, 122
Trd, 4319560.293, 88
Trd, 4319561.343, 110
Trd, 4319561.843, 140
Trd, 4319562.393, 114
Trd, 4319562.843, 127
Trd, 4319564.743, 140
Trd, 4319565.643, 124
Trd, 4319566.143, 114
Trd, 4319566.243, 87
Trd, 4319567.443, 109
Trd, 4319567.493, 93
Trd, 4319568.443, 92
Trd, 4319569.493, 113
Trd, 4319570.093, 118
Trd, 4319570.193, 110
Trd, 4319570.393, 106
Trd, 4319570.743, 105
Trd, 4319571.843, 98
Trd, 4319572.643, 138
Trd, 4319572.993, 119
Trd, 4319573.643, 118
Trd, 4319575.443, 140
Trd, 4319575.843, 135
Trd, 4319577.393, 90
Trd, 4319577.493, 110
Trd, 4319577.993, 125
Trd, 4319578.243, 88
Trd, 4319578.893, 86
Trd, 4319579.093, 78
Trd, 4319579.793, 116
Trd, 4319580.193, 108
Trd, 4319581.193, 77
Trd, 4319581.543, 103
Trd, 4319581.643, 76
Trd, 4319582.693, 137
Trd, 4319584.043, 140
Trd, 4319584.393, 140
Trd, 4319584.843, 140
Trd, 4319585.843, 115
Trd, 4319586.293, 105
Trd, 4319586.793, 105
Trd, 4319587.393, 74
Trd, 4319587.593, 109
Trd, 4319588.893, 140
Trd, 4319588.943, 138
Trd, 4319589.793, 139
Trd, 4319590.743, 135
Trd, 4319591.343, 130
Trd, 4319591.893, 116
Trd, 4319592.943, 114
Trd, 4319593.493, 119
Trd, 4319593.643, 108
Trd, 4319593.843, 122
Trd, 4319594.093, 92
Trd, 4319594.993, 89
Trd, 4319595.293, 105
Trd, 4319596.243, 65
Trd, 4319597.293, 117
Trd, 4319598.093, 108
Trd, 4319598.293, 128
Trd, 4319599.543, 139
Trd, 4319600.843, 86
Trd, 4319602.543, 61
Trd, 4319602.643, 83
Trd, 4319602.993, 61
Trd, 4319603.243, 85
Trd, 4319603.543, 66
Trd, 4319603.943, 64
Trd, 4319605.193, 63
Trd, 4319605.993, 80
Trd, 4319606.293, 79
Trd, 4319607.393, 65
Trd, 4319608.793, 74
Trd, 4319608.893, 81
Trd, 4319608.943, 63
Trd, 4319610.443, 106
Trd, 4319610.943, 114
Trd, 4319611.043, 102
Trd, 4319611.943, 106
Trd, 4319612.493, 103
Trd, 4319612.793, 122
Trd, 4319612.843, 102
Trd, 4319613.293, 140
Trd, 4319614.743, 140
Trd, 4319614.793, 140
Trd, 4319615.893, 110
Trd, 4319615.993, 109
Trd, 4319617.393, 78
Trd, 4319617.893, 105
Trd, 4319618.193, 106
Trd, 4319618.943, 126
Trd, 4319619.743, 86
Trd, 4319620.093, 107
Trd, 4319620.193, 88
Trd, 4319621.093, 136
Trd, 4319622.743, 95
Trd, 4319622.793, 86
Trd, 4319622.843, 99
Trd, 4319623.293, 115
Trd, 4319624.893, 140
Trd, 4319625.543, 140
Trd, 4319626.643, 135
Trd, 4319626.793, 134
Trd, 4319627.043, 133
Trd, 4319627.543, 113
Trd, 4319628.443, 101
Trd, 4319629.143, 76
Trd, 4319630.793, 115
Trd, 4319631.093, 94
Trd, 4319631.743, 130
Trd, 4319632.043, 127
Trd, 4319632.443, 108
Trd, 4319632.993, 131
Trd, 4319634.293, 96
Trd, 4319635.043, 70
Trd, 4319635.243, 128
Trd, 4319635.543, 127
Trd, 4319636.093, 67
Trd, 4319637.943, 139
Trd, 4319638.043, 124
Trd, 4319638.243, 115
Trd, 4319639.093, 113
Trd, 4319639.893, 76
Trd, 4319640.193, 110
Trd, 4319640.643, 71
Trd, 4319641.093, 63
Trd, 4319641.643, 93
Trd, 4319643.143, 70
Trd, 4319645.543, 65
Trd, 4319646.543, 62
Trd, 4319646.643, 67
Trd, 4319647.193, 70
Trd, 4319647.243, 99
Trd, 4319647.793, 61
Trd, 4319648.443, 70
Trd, 4319651.443, 61
Trd, 4319652.493, 60
Trd, 4319652.743, 64
Trd, 4319652.993, 87
Trd, 4319653.843, 140
Trd, 4319655.143, 64
Trd, 4319656.293, 78
Trd, 4319656.493, 81
Trd, 4319656.793, 74
Trd, 4319657.143, 103
Trd, 4319658.143, 82
Trd, 4319658.743, 74
Trd, 4319658.943, 73
Trd, 4319659.193, 80
Trd, 4319660.643, 76
Trd, 4319661.443, 75
Trd, 4319661.843, 87
Trd, 4319662.293, 93
Trd, 4319662.693, 71
Trd, 4319664.193, 83
Trd, 4319664.293, 69
Trd, 4319665.543, 63
Trd, 4319665.643, 67
Trd, 4319666.593, 138
Trd, 4319666.693, 119
Trd, 4319668.293, 60
Trd, 4319668.993, 64
Trd, 4319669.243, 60
Trd, 4319670.593, 66
Trd, 4319670.643, 80
Trd, 4319671.493, 91
Trd, 4319673.393, 140
Trd, 4319673.593, 140
Trd, 4319673.993, 140
Trd, 4319674.443, 140
Trd, 4319675.843, 120
Trd, 4319676.043, 117
Trd, 4319676.193, 116
Trd, 4319676.393, 140
Trd, 4319677.293, 137
Trd, 4319677.643, 113
Trd, 4319678.343, 106
Trd, 4319679.343, 101
Trd, 4319680.043, 140
Trd, 4319680.243, 117
Trd, 4319680.593, 108
Trd, 4319681.793, 84
Trd, 4319682.343, 96
Trd, 4319682.443, 93
Trd, 4319684.143, 108
Trd, 4319684.543, 78
Trd, 4319685.443, 125
Trd, 4319685.493, 124
Trd, 4319686.193, 140
Trd, 4319686.493, 140
Trd, 4319687.343, 86
Trd, 4319688.493, 128
Trd, 4319689.643, 111
Trd, 4319690.093, 106
Trd, 4319690.493, 105
Trd, 4319690.743, 102
Trd, 4319690.943, 131
Trd, 4319693.343, 112
Trd, 4319694.693, 136
Trd, 4319695.343, 140
Trd, 4319695.393, 126
Trd, 4319695.593, 125
Trd, 4319696.043, 96
Trd, 4319696.943, 68
Trd, 4319697.093, 64
Trd, 4319697.943, 92
Trd, 4319699.343, 60
Trd, 4319700.943, 129
Trd, 4319700.993, 114
Trd, 4319701.443, 72
Trd, 4319702.293, 80
Trd, 4319703.243, 85
Trd, 4319703.443, 126
Trd, 4319704.743, 87
Trd, 4319705.243, 79
Trd, 4319705.943, 97
Trd, 4319706.243, 106
Trd, 4319706.593, 79
Trd, 4319706.743, 73
Trd, 4319707.993, 66
Trd, 4319710.443, 60
Trd, 4319710.493, 61
Trd, 4319710.543, 78
Trd, 4319710.993, 87
Trd, 4319711.143, 86
Trd, 4319712.293, 81
Trd, 4319712.643, 61
Trd, 4319713.243, 65
Trd, 4319713.893, 64
Trd, 4319715.043, 138
Trd, 4319715.093, 137
Trd, 4319716.793, 123
Trd, 4319717.193, 122
Trd, 4319718.593, 129
Trd, 4319719.593, 140
Trd, 4319720.143, 134
Trd, 4319720.193, 130
Trd, 4319720.443, 119
Trd, 4319721.543, 139
Trd, 4319722.543, 128
Trd, 4319723.693, 136
Trd, 4319723.993, 126
Trd, 4319724.293, 109
Trd, 4319724.543, 82
Trd, 4319724.793, 76
Trd, 4319725.693, 76
Trd, 4319726.493, 93
Trd, 4319727.493, 87
Trd, 4319727.843, 77
Trd, 4319728.393, 68
Trd, 4319729.143, 132
Trd, 4319729.493, 113
Trd, 4319730.943, 121
Trd, 4319731.943, 108
Trd, 4319733.143, 134
Trd, 4319733.343, 133
Trd, 4319734.043, 139
Trd, 4319734.493, 106
Trd, 4319734.643, 99
Trd, 4319734.843, 94
Trd, 4319735.043, 90
Trd, 4319737.943, 138
Trd, 4319738.093, 134
Trd, 4319738.993, 100
Trd, 4319739.743, 112
Trd, 4319740.993, 138
Trd, 4319741.093, 126
Trd, 4319741.143, 96
Trd, 4319741.243, 88
Trd, 4319741.493, 77
Trd, 4319742.093, 134
Trd, 4319742.843, 124
Trd, 4319743.593, 139
Trd, 4319744.343, 97
Trd, 4319746.143, 104
Trd, 4319746.743, 95
Trd, 4319747.743, 96
Trd, 4319747.893, 95
Trd, 4319747.993, 94
Trd, 4319748.693, 128
Trd, 4319749.193, 121
Trd, 4319750.043, 110
Trd, 4319750.493, 88
Trd, 4319750.793, 101
Trd, 4319750.943, 90
Trd, 4319751.893, 64
Trd, 4319752.393, 107
Trd, 4319752.693, 62
Trd, 4319753.743, 120
Trd, 4319754.993, 119
Trd, 4319755.393, 128
Trd, 4319755.543, 96
Trd, 4319756.943, 87
Trd, 4319757.443, 62
Trd, 4319759.793, 62
Trd, 4319759.993, 70
Trd, 4319760.193, 71
Trd, 4319761.043, 116
Trd, 4319761.093, 92
Trd, 4319761.143, 62
Trd, 4319761.543, 60
Trd, 4319762.893, 73
Trd, 4319764.293, 67
Trd, 4319764.993, 140
Trd, 4319765.293, 130
Trd, 4319765.593, 131
Trd, 4319766.743, 119
Trd, 4319767.193, 94
Trd, 4319767.443, 94
Trd, 4319767.643, 87
Trd, 4319767.743, 77
Trd, 4319768.693, 116
Trd, 4319769.743, 60
Trd, 4319769.893, 81
Trd, 4319771.343, 140
Trd, 4319772.043, 140
Trd, 4319772.343, 140
Trd, 4319772.593, 123
Trd, 4319772.893, 128
Trd, 4319773.593, 79
Trd, 4319774.193, 62
Trd, 4319774.793, 63
Trd, 4319776.093, 115
Trd, 4319776.593, 67
Trd, 4319777.293, 110
Trd, 4319777.693, 77
Trd, 4319778.743, 81
Trd, 4319779.943, 131
Trd, 4319781.193, 114
Trd, 4319781.593, 114
Trd, 4319782.393, 113
Trd, 4319782.543, 111
Trd, 4319783.243, 120
Trd, 4319783.893, 110
Trd, 4319784.443, 140
Trd, 4319785.743, 121
Trd, 4319786.293, 115
Trd, 4319786.493, 114
Trd, 4319786.993, 100
Trd, 4319788.793, 137
Trd, 4319789.393, 136
Trd, 4319789.543, 124
Trd, 4319789.693, 109
Trd, 4319790.243, 112
Trd, 4319791.143, 99
Trd, 4319791.443, 139
Trd, 4319793.343, 140
Trd, 4319793.993, 139
Trd, 4319794.443, 136
Trd, 4319794.943, 118
Trd, 4319795.643, 121
Trd, 4319795.743, 110
Trd, 4319796.243, 139
Trd, 4319797.343, 107
Trd, 4319797.743, 139
Trd, 4319798.393, 101
Trd, 4319799.993, 105
Trd, 4319800.343, 136
Trd, 4319800.443, 135
Trd, 4319801.043, 127
Trd, 4319802.293, 133
Trd, 4319803.893, 137
Trd, 4319804.043, 133
Trd, 4319804.093, 74
Trd, 4319804.593, 77
Trd, 4319804.893, 140
Trd, 4319805.993, 60
Trd, 4319807.093, 134
Trd, 4319808.243, 138
Trd, 4319808.843, 125
Trd, 4319809.193, 110
Trd, 4319810.393, 140
Trd, 4319811.143, 133
Trd, 4319811.493, 112
Trd, 4319812.693, 125
Trd, 4319812.993, 132
Trd, 4319813.643, 124
Trd, 4319814.893, 96
Trd, 4319815.843, 128
Trd, 4319816.093, 130
Trd, 4319816.893, 114
Trd, 4319817.043, 118
Trd, 4319818.443, 140
Trd, 4319818.643, 140
Trd, 4319818.793, 73
Trd, 4319820.193, 131
Trd, 4319820.293, 129
Trd, 4319820.643, 97
Trd, 4319821.693, 140
Trd, 4319821.843, 140
Trd, 4319822.643, 126
Trd, 4319824.243, 109
Trd, 4319824.293, 100
Trd, 4319824.743, 135
Trd, 4319825.943, 77
Trd, 4319826.293, 102
Trd, 4319827.643, 118
Trd, 4319827.893, 100
Trd, 4319828.743, 122
Trd, 4319829.043, 121
Trd, 4319829.243, 104
Trd, 4319830.343, 103
Trd, 4319831.293, 65
Trd, 4319832.493, 100
Trd, 4319832.843, 140
Trd, 4319832.893, 91
Trd, 4319834.743, 71
Trd, 4319835.043, 71
Trd, 4319835.593, 78
Trd, 4319835.693, 90
Trd, 4319836.343, 65
Trd, 4319838.243, 67
Trd, 4319838.443, 70
Trd, 4319838.493, 65
Trd, 4319839.243, 120
Trd, 4319839.743, 69
Trd, 4319840.243, 71
Trd, 4319841.643, 64
Trd, 4319842.743, 65
Trd, 4319844.093, 117
Trd, 4319845.043, 140
Trd, 4319845.243, 140
Trd, 4319846.293, 126
Trd, 4319846.393, 125
Trd, 4319848.343, 139
Trd, 4319848.543, 138
Trd, 4319849.543, 126
Trd, 4319849.843, 114
Trd, 4319850.443, 99
Trd, 4319851.893, 92
Trd, 4319852.493, 85
Trd, 4319852.993, 75
Trd, 4319853.743, 63
Trd, 4319855.043, 65
Trd, 4319855.343, 66
Trd, 4319855.693, 74
Trd, 4319856.793, 74
Trd, 4319856.843, 80
Trd, 4319856.993, 88
Trd, 4319858.143, 125
Trd, 4319858.343, 75
Trd, 4319860.443, 78
Trd, 4319860.793, 78
Trd, 4319861.193, 79
Trd, 4319861.743, 84
Trd, 4319862.043, 79
Trd, 4319863.593, 140
Trd, 4319863.693, 140
Trd, 4319864.743, 135
Trd, 4319865.143, 110
Trd, 4319865.793, 94
Trd, 4319866.243, 79
Trd, 4319866.593, 76
Trd, 4319866.743, 128
Trd, 4319867.993, 135
Trd, 4319868.143, 71
Trd, 4319868.393, 71
Trd, 4319869.243, 117
Trd, 4319870.143, 67
Trd, 4319870.843, 87
Trd, 4319871.193, 65
Trd, 4319873.543, 81
Trd, 4319874.143, 71
Trd, 4319874.343, 69
Trd, 4319874.793, 113
Trd, 4319875.393, 65
Trd, 4319876.143, 140
Trd, 4319877.643, 106
Trd, 4319877.843, 103
Trd, 4319878.493, 118
Trd, 4319878.793, 94
Trd, 4319879.993, 135
Trd, 4319880.493, 110
Trd, 4319881.293, 133
Trd, 4319881.493, 66
Trd, 4319882.043, 93
Trd, 4319882.493, 69
Trd, 4319882.943, 65
Trd, 4319883.093, 73
Trd, 4319883.393, 79
Trd, 4319883.493, 70
Trd, 4319884.093, 68
Trd, 4319884.443, 70
Trd, 4319885.593, 135
Trd, 4319886.443, 134
Trd, 4319886.643, 104
Trd, 4319888.043, 140
Trd, 4319889.343, 75
Trd, 4319889.693, 119
Trd, 4319890.293, 98
Trd, 4319890.993, 85
Trd, 4319891.993, 120
Trd, 4319892.493, 61
Trd, 4319893.543, 80
Trd, 4319894.593, 61
Trd, 4319894.793, 66
Trd, 4319894.943, 107
Trd, 4319895.593, 96
Trd, 4319896.043, 62
Trd, 4319897.043, 61
Trd, 4319897.643, 110
Trd, 4319898.593, 75
Trd, 4319899.293, 125
Trd, 4319900.643, 94
Trd, 4319900.743, 91
Trd, 4319901.343, 137
Trd, 4319902.043, 66
Trd, 4319903.043, 74
Trd, 4319903.143, 79
Trd, 4319903.393, 92
Trd, 4319904.493, 99
Trd, 4319905.093, 70
Trd, 4319905.743, 103
Trd, 4319905.993, 102
Trd, 4319906.243, 82
Trd, 4319907.043, 63
Trd, 4319908.193, 69
Trd, 4319909.093, 139
Trd, 4319909.543, 86
Trd, 4319910.543, 61
Trd, 4319910.743, 65
Trd, 4319911.593, 60
Trd, 4319912.693, 67
Trd, 4319912.993, 83
Trd, 4319913.843, 65
Trd, 4319914.343, 137
Trd, 4319914.943, 62
Trd, 4319915.443, 89
Trd, 4319915.593, 81
Trd, 4319915.893, 61
Trd, 4319916.143, 76
Trd, 4319916.493, 99
Trd, 4319917.793, 70
Trd, 4319919.093, 140
Trd, 4319919.443, 140
Trd, 4319920.093, 103
Trd, 4319921.293, 140
Trd, 4319922.643, 128
Trd, 4319922.943, 137
Trd, 4319923.393, 119
Trd, 4319923.743, 123
Trd, 4319924.693, 139
Trd, 4319925.543, 97
Trd, 4319927.493, 64
Trd, 4319928.193, 66
Trd, 4319929.343, 64
Trd, 4319929.693, 66
Trd, 4319930.293, 75
Trd, 4319930.743, 106
Trd, 4319931.193, 131
Trd, 4319931.693, 120
Trd, 4319931.943, 119
Trd, 4319932.193, 103
Trd, 4319933.693, 93
Trd, 4319934.293, 78
Trd, 4319934.693, 139
Trd, 4319935.443, 122
Trd, 4319935.593, 121
Trd, 4319935.993, 105
Trd, 4319936.943, 140
Trd, 4319937.093, 139
Trd, 4319939.693, 98
Trd, 4319939.793, 116
Trd, 4319940.243, 97
Trd, 4319940.493, 89
Trd, 4319941.693, 65
Trd, 4319941.993, 70
Trd, 4319942.043, 84
Trd, 4319942.543, 61
Trd, 4319943.043, 64
Trd, 4319943.443, 113
Trd, 4319944.393, 80
Trd, 4319944.893, 121
Trd, 4319946.293, 63
Trd, 4319947.893, 62
Trd, 4319949.493, 74
Trd, 4319949.543, 82
Trd, 4319949.693, 115
Trd, 4319949.743, 64
Trd, 4319950.093, 114
Trd, 4319951.543, 70
Trd, 4319952.193, 70
Trd, 4319953.243, 69
Trd, 4319954.193, 94
Trd, 4319954.393, 68
Trd, 4319954.593, 61
Trd, 4319956.293, 64
Trd, 4319957.793, 65
Trd, 4319958.143, 64
Trd, 4319958.593, 65
Trd, 4319958.943, 69
Trd, 4319959.493, 86
Trd, 4319960.793, 65
Trd, 4319961.443, 84
Trd, 4319961.543, 84
Trd, 4319961.943, 83
Trd, 4319962.543, 68
Trd, 4319962.743, 110
Trd, 4319963.393, 61
Trd, 4319964.093, 62
Trd, 4319965.093, 69
Trd, 4319965.243, 67
Trd, 4319966.293, 60
Trd, 4319968.643, 60
Trd, 4319968.843, 63
Trd, 4319970.043, 67
Trd, 4319970.693, 62
Trd, 4319971.293, 111
Trd, 4319972.343, 65
Trd, 4319972.893, 65
Trd, 4319973.643, 131
Trd, 4319973.843, 130
Trd, 4319973.943, 116
Trd, 4319974.843, 64
Trd, 4319975.343, 96
Trd, 4319976.793, 94
Trd, 4319977.393, 93
Trd, 4319978.043, 140
Trd, 4319978.443, 132
Trd, 4319978.943, 68
Trd, 4319979.093, 110
Trd, 4319981.243, 120
Trd, 4319981.493, 80
Trd, 4319982.993, 101
Trd, 4319983.843, 65
Trd, 4319984.443, 64
Trd, 4319985.993, 62
Trd, 4319986.493, 61
Trd, 4319987.843, 71
Trd, 4319987.893, 79
Trd, 4319988.693, 61
Trd, 4319988.893, 61
Trd, 4319989.643, 66
Trd, 4319991.393, 61
Trd, 4319991.843, 60
Trd, 4319993.243, 64
Trd, 4319993.443, 65
Trd, 4319994.093, 88
Trd, 4319994.593, 66
Trd, 4319995.343, 86
Trd, 4319996.643, 71
Trd, 4319997.843, 75
Trd, 4319999.243, 80
