Trd, 4318112.143, 140
Trd, 4318112.343, 140
Trd, 4318112.393, 139
Trd, 4318113.593, 140
Trd, 4318113.943, 140
Trd, 4318114.393, 140
Trd, 4318114.793, 140
Trd, 4318115.893, 137
Trd, 4318115.943, 129
Trd, 4318116.293, 75
Trd, 4318118.443, 140
Trd, 4318118.493, 140
Trd, 4318118.693, 140
Trd, 4318119.143, 140
Trd, 4318119.493, 140
Trd, 4318119.943, 139
Trd, 4318120.943, 140
Trd, 4318121.493, 65
Trd, 4318122.293, 140
Trd, 4318123.943, 140
Trd, 4318124.143, 138
Trd, 4318125.443, 140
Trd, 4318127.743, 140
Trd, 4318128.793, 140
Trd, 4318128.843, 140
Trd, 4318128.943, 140
Trd, 4318130.593, 140
Trd, 4318131.643, 140
Trd, 4318131.843, 140
Trd, 4318133.043, 140
Trd, 4318134.493, 140
Trd, 4318134.943, 140
Trd, 4318135.343, 140
Trd, 4318136.993, 140
Trd, 4318137.543, 140
Trd, 4318137.843, 140
Trd, 4318137.943, 140
Trd, 4318139.493, 140
Trd, 4318141.993, 140
Trd, 4318142.143, 140
Trd, 4318142.493, 140
Trd, 4318142.593, 140
Trd, 4318143.843, 140
Trd, 4318144.993, 140
Trd, 4318145.143, 140
Trd, 4318145.893, 140
Trd, 4318147.493, 140
Trd, 4318148.043, 140
Trd, 4318148.593, 140
Trd, 4318149.293, 140
Trd, 4318150.093, 137
Trd, 4318150.643, 133
Trd, 4318151.293, 129
Trd, 4318152.743, 140
Trd, 4318153.693, 140
Trd, 4318154.293, 140
Trd, 4318154.493, 140
Trd, 4318154.743, 140
Trd, 4318154.793, 140
Trd, 4318156.293, 140
Trd, 4318156.493, 140
Trd, 4318156.993, 140
Trd, 4318158.243, 140
Trd, 4318158.943, 140
Trd, 4318159.193, 140
Trd, 4318160.243, 137
Trd, 4318161.143, 140
Trd, 4318162.543, 140
Trd, 4318162.693, 140
Trd, 4318163.693, 140
Trd, 4318164.243, 135
Trd, 4318164.493, 127
Trd, 4318164.793, 140
Trd, 4318165.793, 139
Trd, 4318165.943, 137
Trd, 4318166.743, 136
Trd, 4318167.043, 131
Trd, 4318168.643, 140
Trd, 4318168.693, 115
Trd, 4318169.443, 138
Trd, 4318170.843, 140
Trd, 4318171.443, 140
Trd, 4318171.793, 140
Trd, 4318173.243, 140
Trd, 4318174.043, 136
Trd, 4318174.593, 137
Trd, 4318174.643, 136
Trd, 4318175.843, 140
Trd, 4318176.243, 140
Trd, 4318176.693, 139
Trd, 4318177.993, 140
Trd, 4318178.493, 140
Trd, 4318178.943, 137
Trd, 4318180.193, 139
Trd, 4318180.843, 140
Trd, 4318181.593, 140
Trd, 4318182.343, 140
Trd, 4318182.743, 140
Trd, 4318183.543, 140
Trd, 4318185.093, 140
Trd, 4318185.143, 140
Trd, 4318186.993, 140
Trd, 4318187.393, 140
Trd, 4318189.443, 140
Trd, 4318189.643, 140
Trd, 4318189.943, 140
Trd, 4318190.243, 140
Trd, 4318192.543, 140
Trd, 4318193.343, 137
Trd, 4318193.543, 137
Trd, 4318194.043, 140
Trd, 4318194.493, 140
Trd, 4318194.543, 138
Trd, 4318194.743, 135
Trd, 4318195.693, 60
Trd, 4318195.793, 61
Trd, 4318196.693, 112
Trd, 4318198.143, 77
Trd, 4318199.493, 60
Trd, 4318200.493, 90
Trd, 4318200.843, 104
Trd, 4318202.493, 60
Trd, 4318202.643, 62
Trd, 4318203.093, 63
Trd, 4318203.593, 91
Trd, 4318204.643, 140
Trd, 4318205.293, 140
Trd, 4318205.443, 140
Trd, 4318207.443, 140
Trd, 4318207.743, 139
Trd, 4318208.593, 136
Trd, 4318208.643, 136
Trd, 4318209.443, 140
Trd, 4318210.693, 140
Trd, 4318210.993, 140
Trd, 4318211.493, 140
Trd, 4318211.793, 104
Trd, 4318213.493, 140
Trd, 4318213.793, 140
Trd, 4318214.043, 140
Trd, 4318215.243, 140
Trd, 4318215.693, 140
Trd, 4318216.843, 140
Trd, 4318217.193, 140
Trd, 4318217.843, 140
Trd, 4318218.643, 140
Trd, 4318219.643, 140
Trd, 4318220.143, 140
Trd, 4318220.443, 140
Trd, 4318221.393, 140
Trd, 4318221.593, 140
Trd, 4318221.893, 140
Trd, 4318222.943, 140
Trd, 4318223.293, 140
Trd, 4318223.493, 140
Trd, 4318224.893, 140
Trd, 4318225.093, 140
Trd, 4318225.443, 139
Trd, 4318226.793, 139
Trd, 4318227.593, 140
Trd, 4318228.093, 140
Trd, 4318229.043, 140
Trd, 4318230.243, 140
Trd, 4318230.793, 140
Trd, 4318231.043, 139
Trd, 4318231.443, 140
Trd, 4318232.043, 140
Trd, 4318232.143, 140
Trd, 4318232.843, 140
Trd, 4318232.893, 135
Trd, 4318233.493, 124
Trd, 4318233.943, 139
Trd, 4318236.143, 125
Trd, 4318236.893, 140
Trd, 4318237.493, 140
Trd, 4318237.943, 140
Trd, 4318238.793, 140
Trd, 4318240.593, 140
Trd, 4318240.743, 140
Trd, 4318241.543, 140
Trd, 4318242.143, 139
Trd, 4318242.643, 140
Trd, 4318243.343, 140
Trd, 4318244.543, 140
Trd, 4318244.743, 137
Trd, 4318247.143, 140
Trd, 4318247.393, 140
Trd, 4318247.593, 140
Trd, 4318248.543, 136
Trd, 4318250.093, 140
Trd, 4318250.293, 140
Trd, 4318251.293, 140
Trd, 4318252.043, 139
Trd, 4318252.343, 139
Trd, 4318253.343, 140
Trd, 4318254.043, 140
Trd, 4318254.393, 139
Trd, 4318254.893, 140
Trd, 4318254.943, 137
Trd, 4318255.143, 132
Trd, 4318255.443, 139
Trd, 4318257.093, 139
Trd, 4318260.293, 140
Trd, 4318260.543, 140
Trd, 4318261.243, 140
Trd, 4318262.093, 140
Trd, 4318262.243, 140
Trd, 4318263.493, 140
Trd, 4318263.693, 140
Trd, 4318264.743, 140
Trd, 4318265.093, 140
Trd, 4318265.893, 138
Trd, 4318266.143, 139
Trd, 4318266.693, 132
Trd, 4318266.743, 124
Trd, 4318267.343, 122
Trd, 4318268.843, 140
Trd, 4318269.043, 140
Trd, 4318269.893, 139
Trd, 4318271.493, 140
Trd, 4318272.093, 140
Trd, 4318272.943, 140
Trd, 4318273.393, 140
Trd, 4318273.793, 139
Trd, 4318275.293, 140
Trd, 4318275.393, 138
Trd, 4318275.593, 139
Trd, 4318275.993, 138
Trd, 4318276.843, 138
Trd, 4318277.093, 137
Trd, 4318277.393, 137
Trd, 4318278.093, 119
Trd, 4318278.243, 118
Trd, 4318279.143, 139
Trd, 4318280.843, 139
Trd, 4318280.943, 135
Trd, 4318281.543, 140
Trd, 4318281.743, 139
Trd, 4318283.143, 140
Trd, 4318283.843, 140
Trd, 4318284.593, 139
Trd, 4318285.343, 140
Trd, 4318286.143, 140
Trd, 4318286.193, 140
Trd, 4318287.493, 140
Trd, 4318287.643, 140
Trd, 4318287.893, 139
Trd, 4318288.843, 137
Trd, 4318289.143, 140
Trd, 4318290.143, 138
Trd, 4318291.093, 139
Trd, 4318291.293, 139
Trd, 4318291.793, 140
Trd, 4318292.393, 140
Trd, 4318292.693, 137
Trd, 4318292.793, 87
Trd, 4318294.643, 140
Trd, 4318295.293, 140
Trd, 4318296.093, 140
Trd, 4318296.993, 140
Trd, 4318297.243, 139
Trd, 4318297.943, 140
Trd, 4318298.043, 139
Trd, 4318299.243, 140
Trd, 4318299.893, 139
Trd, 4318300.193, 98
Trd, 4318301.493, 139
Trd, 4318302.443, 140
Trd, 4318303.093, 138
Trd, 4318305.143, 140
Trd, 4318305.493, 140
Trd, 4318305.693, 140
Trd, 4318305.993, 140
Trd, 4318306.243, 140
Trd, 4318307.893, 140
Trd, 4318308.243, 140
Trd, 4318308.793, 129
Trd, 4318309.093, 140
Trd, 4318310.993, 140
Trd, 4318311.743, 140
Trd, 4318313.443, 140
Trd, 4318314.643, 140
Trd, 4318314.693, 140
Trd, 4318315.243, 140
Trd, 4318315.343, 140
Trd, 4318315.443, 132
Trd, 4318316.093, 140
Trd, 4318317.043, 139
Trd, 4318317.593, 139
Trd, 4318318.093, 140
Trd, 4318318.343, 139
Trd, 4318319.843, 139
Trd, 4318320.793, 140
Trd, 4318320.993, 140
Trd, 4318322.993, 140
Trd, 4318324.493, 140
Trd, 4318325.793, 140
Trd, 4318325.843, 140
Trd, 4318327.243, 140
Trd, 4318327.793, 140
Trd, 4318327.893, 140
Trd, 4318328.193, 140
Trd, 4318329.493, 132
Trd, 4318329.993, 139
Trd, 4318330.693, 137
Trd, 4318331.193, 140
Trd, 4318331.343, 136
Trd, 4318333.193, 140
Trd, 4318333.943, 140
Trd, 4318334.043, 140
Trd, 4318336.243, 140
Trd, 4318336.293, 140
Trd, 4318338.193, 140
Trd, 4318338.343, 140
Trd, 4318339.143, 140
Trd, 4318340.943, 140
Trd, 4318341.443, 140
Trd, 4318341.743, 140
Trd, 4318342.743, 140
Trd, 4318343.093, 140
Trd, 4318343.293, 134
Trd, 4318343.543, 137
Trd, 4318343.793, 140
Trd, 4318345.243, 139
Trd, 4318346.643, 112
Trd, 4318347.243, 140
Trd, 4318348.643, 140
Trd, 4318348.993, 140
Trd, 4318349.393, 140
Trd, 4318350.143, 139
Trd, 4318350.893, 137
Trd, 4318351.643, 134
Trd, 4318353.093, 140
Trd, 4318353.293, 140
Trd, 4318353.793, 140
Trd, 4318354.293, 139
Trd, 4318355.793, 140
Trd, 4318355.843, 140
Trd, 4318355.893, 140
Trd, 4318356.643, 140
Trd, 4318357.393, 140
Trd, 4318357.443, 140
Trd, 4318358.293, 140
Trd, 4318358.393, 137
Trd, 4318359.543, 139
Trd, 4318361.293, 140
Trd, 4318361.493, 137
Trd, 4318362.793, 140
Trd, 4318363.243, 140
Trd, 4318364.243, 140
Trd, 4318365.043, 140
Trd, 4318365.143, 140
Trd, 4318366.243, 140
Trd, 4318367.543, 140
Trd, 4318367.593, 140
Trd, 4318368.143, 140
Trd, 4318368.543, 140
Trd, 4318368.793, 140
Trd, 4318369.343, 136
Trd, 4318369.743, 133
Trd, 4318371.093, 137
Trd, 4318371.343, 137
Trd, 4318372.543, 114
Trd, 4318372.843, 119
Trd, 4318373.893, 140
Trd, 4318374.093, 138
Trd, 4318376.943, 60
Trd, 4318377.043, 62
Trd, 4318377.193, 63
Trd, 4318378.493, 140
Trd, 4318378.593, 139
Trd, 4318378.993, 140
Trd, 4318379.893, 140
Trd, 4318380.343, 140
Trd, 4318380.893, 139
Trd, 4318381.243, 139
Trd, 4318382.793, 140
Trd, 4318383.493, 140
Trd, 4318384.043, 140
Trd, 4318384.143, 140
Trd, 4318384.293, 131
Trd, 4318384.343, 104
Trd, 4318385.693, 140
Trd, 4318386.993, 140
Trd, 4318388.443, 140
Trd, 4318389.093, 133
Trd, 4318389.443, 135
Trd, 4318390.193, 140
Trd, 4318390.343, 134
Trd, 4318392.393, 140
Trd, 4318392.543, 131
Trd, 4318393.193, 140
Trd, 4318393.493, 140
Trd, 4318394.693, 140
Trd, 4318394.843, 140
Trd, 4318394.893, 139
Trd, 4318396.593, 138
Trd, 4318396.643, 133
Trd, 4318396.793, 131
Trd, 4318398.143, 140
Trd, 4318398.593, 86
Trd, 4318399.543, 140
Trd, 4318400.343, 139
Trd, 4318400.443, 138
Trd, 4318401.543, 136
Trd, 4318401.743, 69
Trd, 4318402.993, 60
Trd, 4318403.343, 63
Trd, 4318404.993, 123
Trd, 4318405.393, 98
Trd, 4318405.793, 78
Trd, 4318406.493, 77
Trd, 4318406.843, 138
Trd, 4318407.593, 139
Trd, 4318409.643, 61
Trd, 4318409.893, 112
Trd, 4318410.443, 84
Trd, 4318411.043, 63
Trd, 4318412.343, 60
Trd, 4318413.643, 60
Trd, 4318414.093, 62
Trd, 4318414.443, 63
Trd, 4318414.993, 83
Trd, 4318416.243, 77
Trd, 4318416.343, 65
Trd, 4318417.043, 140
Trd, 4318417.843, 140
Trd, 4318418.843, 140
Trd, 4318419.493, 140
Trd, 4318420.493, 140
Trd, 4318421.543, 138
Trd, 4318421.893, 127
Trd, 4318423.143, 140
Trd, 4318423.693, 140
Trd, 4318423.893, 140
Trd, 4318424.593, 140
Trd, 4318424.693, 140
Trd, 4318424.793, 140
Trd, 4318425.043, 140
Trd, 4318426.843, 140
Trd, 4318427.343, 140
Trd, 4318428.643, 140
Trd, 4318429.093, 140
Trd, 4318429.643, 140
Trd, 4318430.343, 140
Trd, 4318431.793, 140
Trd, 4318432.043, 140
Trd, 4318432.943, 140
Trd, 4318434.093, 140
Trd, 4318434.493, 140
Trd, 4318435.493, 140
Trd, 4318436.043, 140
Trd, 4318436.693, 140
Trd, 4318438.143, 140
Trd, 4318438.593, 140
Trd, 4318439.193, 138
Trd, 4318439.343, 138
Trd, 4318439.443, 136
Trd, 4318439.893, 126
Trd, 4318441.343, 60
Trd, 4318442.293, 61
Trd, 4318442.793, 61
Trd, 4318443.843, 63
Trd, 4318444.343, 69
Trd, 4318445.293, 98
Trd, 4318445.543, 69
Trd, 4318445.593, 99
Trd, 4318446.843, 76
Trd, 4318448.343, 104
Trd, 4318448.543, 132
Trd, 4318448.643, 103
Trd, 4318450.243, 111
Trd, 4318451.093, 106
Trd, 4318451.943, 140
Trd, 4318452.943, 109
Trd, 4318453.543, 112
Trd, 4318454.593, 140
Trd, 4318454.893, 140
Trd, 4318455.443, 140
Trd, 4318456.143, 140
Trd, 4318456.243, 140
Trd, 4318457.193, 140
Trd, 4318457.343, 140
Trd, 4318458.443, 140
Trd, 4318458.643, 140
Trd, 4318459.093, 138
Trd, 4318459.993, 140
Trd, 4318461.243, 140
Trd, 4318461.793, 140
Trd, 4318463.243, 140
Trd, 4318463.493, 139
Trd, 4318465.843, 140
Trd, 4318466.293, 140
Trd, 4318467.993, 140
Trd, 4318468.993, 140
Trd, 4318469.143, 140
Trd, 4318469.743, 140
Trd, 4318470.143, 140
Trd, 4318471.743, 140
Trd, 4318472.643, 140
Trd, 4318473.743, 140
Trd, 4318473.943, 140
Trd, 4318474.193, 140
Trd, 4318475.743, 140
Trd, 4318477.743, 140
Trd, 4318477.843, 140
Trd, 4318478.293, 140
Trd, 4318479.293, 140
Trd, 4318479.393, 140
Trd, 4318480.893, 140
Trd, 4318480.943, 140
Trd, 4318481.043, 140
Trd, 4318481.443, 140
Trd, 4318482.043, 140
Trd, 4318483.193, 140
Trd, 4318483.443, 140
Trd, 4318484.493, 140
Trd, 4318485.293, 140
Trd, 4318488.743, 140
Trd, 4318489.393, 140
Trd, 4318489.443, 140
Trd, 4318489.793, 140
Trd, 4318490.093, 140
Trd, 4318490.193, 140
Trd, 4318490.793, 140
Trd, 4318491.093, 140
Trd, 4318491.143, 140
Trd, 4318491.443, 109
Trd, 4318493.543, 140
Trd, 4318495.493, 140
Trd, 4318496.143, 140
Trd, 4318496.893, 140
Trd, 4318497.043, 139
Trd, 4318497.343, 138
Trd, 4318498.443, 140
Trd, 4318498.493, 140
Trd, 4318498.593, 139
Trd, 4318498.693, 131
Trd, 4318498.943, 128
Trd, 4318499.993, 137
Trd, 4318501.893, 140
Trd, 4318502.993, 140
Trd, 4318503.393, 140
Trd, 4318503.993, 140
Trd, 4318504.143, 139
Trd, 4318505.193, 140
Trd, 4318507.343, 140
Trd, 4318508.143, 140
Trd, 4318509.093, 140
Trd, 4318510.843, 140
Trd, 4318510.893, 140
Trd, 4318512.243, 140
Trd, 4318512.343, 140
Trd, 4318512.743, 140
Trd, 4318512.843, 139
Trd, 4318512.893, 138
Trd, 4318515.493, 140
Trd, 4318515.593, 139
Trd, 4318516.243, 139
Trd, 4318516.593, 132
Trd, 4318517.993, 140
Trd, 4318519.543, 137
Trd, 4318520.793, 140
Trd, 4318521.743, 140
Trd, 4318522.093, 140
Trd, 4318522.343, 136
Trd, 4318522.443, 134
Trd, 4318522.893, 140
Trd, 4318523.943, 140
Trd, 4318524.143, 140
Trd, 4318525.693, 139
Trd, 4318525.743, 138
Trd, 4318526.143, 139
Trd, 4318527.293, 140
Trd, 4318528.293, 140
Trd, 4318528.993, 140
Trd, 4318529.143, 140
Trd, 4318529.893, 139
Trd, 4318531.543, 140
Trd, 4318532.343, 140
Trd, 4318533.293, 140
Trd, 4318533.793, 140
Trd, 4318534.693, 140
Trd, 4318535.393, 140
Trd, 4318535.543, 140
Trd, 4318536.293, 140
Trd, 4318537.943, 140
Trd, 4318538.593, 140
Trd, 4318539.443, 138
Trd, 4318540.393, 140
Trd, 4318540.543, 139
Trd, 4318540.893, 138
Trd, 4318541.543, 138
Trd, 4318543.393, 140
Trd, 4318544.043, 138
Trd, 4318544.143, 98
Trd, 4318545.093, 140
Trd, 4318545.543, 139
Trd, 4318545.793, 139
Trd, 4318546.143, 138
Trd, 4318546.543, 81
Trd, 4318547.593, 140
Trd, 4318549.693, 140
Trd, 4318550.243, 140
Trd, 4318550.343, 138
Trd, 4318550.793, 140
Trd, 4318551.093, 69
Trd, 4318553.643, 140
Trd, 4318553.893, 140
Trd, 4318554.093, 139
Trd, 4318554.293, 140
Trd, 4318555.893, 140
Trd, 4318556.893, 139
Trd, 4318557.993, 140
Trd, 4318559.143, 140
Trd, 4318559.893, 140
Trd, 4318560.093, 140
Trd, 4318560.493, 140
Trd, 4318560.593, 139
Trd, 4318562.743, 140
Trd, 4318563.093, 138
Trd, 4318563.693, 139
Trd, 4318564.743, 140
Trd, 4318565.743, 140
Trd, 4318566.493, 140
Trd, 4318566.743, 140
Trd, 4318568.043, 140
Trd, 4318568.193, 140
Trd, 4318570.493, 140
Trd, 4318571.343, 140
Trd, 4318572.443, 140
Trd, 4318572.693, 140
Trd, 4318573.493, 140
Trd, 4318575.243, 140
Trd, 4318575.693, 140
Trd, 4318576.293, 140
Trd, 4318576.543, 140
Trd, 4318577.693, 140
Trd, 4318577.843, 139
Trd, 4318579.293, 140
Trd, 4318580.193, 140
Trd, 4318581.493, 140
Trd, 4318582.343, 140
Trd, 4318582.593, 139
Trd, 4318583.193, 140
Trd, 4318585.143, 140
Trd, 4318585.243, 138
Trd, 4318585.743, 136
Trd, 4318585.793, 135
Trd, 4318586.293, 67
Trd, 4318586.493, 66
Trd, 4318587.943, 140
Trd, 4318588.343, 140
Trd, 4318588.493, 140
Trd, 4318589.843, 140
Trd, 4318590.493, 140
Trd, 4318591.143, 139
Trd, 4318591.243, 139
Trd, 4318592.443, 136
Trd, 4318592.493, 99
Trd, 4318593.893, 132
Trd, 4318594.743, 123
Trd, 4318595.493, 124
Trd, 4318595.693, 123
Trd, 4318596.893, 140
Trd, 4318598.693, 140
Trd, 4318599.143, 140
Trd, 4318599.993, 140
Trd, 4318601.593, 140
Trd, 4318601.943, 140
Trd, 4318602.193, 140
Trd, 4318604.543, 140
Trd, 4318604.643, 140
Trd, 4318604.843, 140
Trd, 4318605.293, 140
Trd, 4318608.143, 140
Trd, 4318609.643, 140
Trd, 4318609.793, 140
Trd, 4318609.993, 140
Trd, 4318610.593, 140
Trd, 4318611.793, 140
Trd, 4318612.093, 140
Trd, 4318613.543, 140
Trd, 4318614.143, 140
Trd, 4318614.843, 140
Trd, 4318615.643, 140
Trd, 4318615.743, 140
Trd, 4318616.743, 140
Trd, 4318618.793, 140
Trd, 4318619.293, 140
Trd, 4318619.743, 140
Trd, 4318620.093, 140
Trd, 4318621.843, 140
Trd, 4318623.043, 140
Trd, 4318623.393, 140
Trd, 4318624.043, 140
Trd, 4318624.293, 139
Trd, 4318624.543, 140
Trd, 4318624.993, 139
Trd, 4318625.843, 139
Trd, 4318626.443, 138
Trd, 4318626.593, 140
Trd, 4318626.643, 136
Trd, 4318626.993, 101
Trd, 4318628.193, 114
Trd, 4318629.993, 140
Trd, 4318630.043, 140
Trd, 4318630.593, 140
Trd, 4318630.893, 140
Trd, 4318631.893, 140
Trd, 4318633.293, 140
Trd, 4318633.643, 140
Trd, 4318634.793, 140
Trd, 4318636.093, 140
Trd, 4318636.143, 140
Trd, 4318636.993, 140
Trd, 4318637.093, 140
Trd, 4318637.993, 140
Trd, 4318638.943, 140
Trd, 4318640.243, 140
Trd, 4318640.343, 140
Trd, 4318640.443, 140
Trd, 4318640.993, 140
Trd, 4318641.443, 140
Trd, 4318641.493, 134
Trd, 4318642.093, 130
Trd, 4318642.243, 64
Trd, 4318642.943, 140
Trd, 4318644.943, 139
Trd, 4318645.543, 140
Trd, 4318645.693, 140
Trd, 4318646.593, 140
Trd, 4318646.793, 140
Trd, 4318647.493, 140
Trd, 4318649.093, 140
Trd, 4318649.593, 140
Trd, 4318649.743, 140
Trd, 4318650.993, 140
Trd, 4318652.243, 140
Trd, 4318652.443, 140
Trd, 4318654.343, 140
Trd, 4318654.743, 139
Trd, 4318656.343, 140
Trd, 4318656.893, 140
Trd, 4318656.993, 140
Trd, 4318657.243, 140
Trd, 4318657.343, 134
Trd, 4318657.693, 139
Trd, 4318657.893, 126
Trd, 4318659.693, 140
Trd, 4318659.943, 139
Trd, 4318660.543, 136
Trd, 4318661.593, 140
Trd, 4318664.343, 140
Trd, 4318664.393, 140
Trd, 4318665.793, 140
Trd, 4318666.293, 140
Trd, 4318667.943, 140
Trd, 4318668.693, 140
Trd, 4318668.893, 138
Trd, 4318669.043, 134
Trd, 4318669.093, 125
Trd, 4318669.893, 140
Trd, 4318669.943, 74
Trd, 4318672.143, 140
Trd, 4318672.843, 140
Trd, 4318673.993, 140
Trd, 4318674.393, 140
Trd, 4318675.443, 140
Trd, 4318675.543, 140
Trd, 4318675.743, 140
Trd, 4318675.893, 139
Trd, 4318676.543, 136
Trd, 4318679.143, 140
Trd, 4318679.393, 140
Trd, 4318680.143, 140
Trd, 4318680.393, 140
Trd, 4318680.493, 139
Trd, 4318682.043, 140
Trd, 4318683.293, 140
Trd, 4318683.843, 140
Trd, 4318684.343, 140
Trd, 4318685.293, 140
Trd, 4318685.593, 140
Trd, 4318686.893, 140
Trd, 4318687.093, 140
Trd, 4318687.293, 140
Trd, 4318687.443, 137
Trd, 4318687.493, 89
Trd, 4318687.843, 75
Trd, 4318690.093, 140
Trd, 4318690.743, 140
Trd, 4318690.993, 140
Trd, 4318692.893, 140
Trd, 4318693.593, 140
Trd, 4318693.993, 140
Trd, 4318694.643, 140
Trd, 4318695.243, 140
Trd, 4318696.043, 140
Trd, 4318699.443, 140
Trd, 4318699.493, 140
Trd, 4318699.843, 140
Trd, 4318700.193, 140
Trd, 4318701.093, 140
Trd, 4318701.443, 140
Trd, 4318701.943, 140
Trd, 4318702.893, 140
Trd, 4318703.293, 140
Trd, 4318703.393, 139
Trd, 4318704.093, 140
Trd, 4318704.393, 140
Trd, 4318705.393, 140
Trd, 4318705.693, 140
Trd, 4318706.543, 95
Trd, 4318708.493, 60
Trd, 4318708.793, 61
Trd, 4318709.243, 71
Trd, 4318710.093, 97
Trd, 4318710.893, 74
Trd, 4318711.843, 140
Trd, 4318712.893, 140
Trd, 4318713.143, 140
Trd, 4318713.743, 140
Trd, 4318713.793, 128
Trd, 4318715.593, 140
Trd, 4318715.743, 140
Trd, 4318716.243, 140
Trd, 4318716.443, 140
Trd, 4318716.543, 140
Trd, 4318717.193, 137
Trd, 4318718.343, 139
Trd, 4318719.943, 140
Trd, 4318720.993, 140
Trd, 4318721.393, 140
Trd, 4318721.543, 140
Trd, 4318722.593, 136
Trd, 4318722.993, 140
Trd, 4318723.193, 134
Trd, 4318724.293, 133
Trd, 4318724.443, 133
Trd, 4318724.693, 133
Trd, 4318725.893, 140
Trd, 4318726.143, 136
Trd, 4318727.143, 140
Trd, 4318727.343, 140
Trd, 4318728.293, 140
Trd, 4318728.793, 140
Trd, 4318730.293, 140
Trd, 4318730.393, 140
Trd, 4318730.743, 139
Trd, 4318733.043, 140
Trd, 4318733.793, 140
Trd, 4318735.093, 140
Trd, 4318735.143, 140
Trd, 4318736.043, 140
Trd, 4318736.193, 140
Trd, 4318736.293, 140
Trd, 4318737.693, 124
Trd, 4318738.143, 139
Trd, 4318738.493, 138
Trd, 4318739.593, 140
Trd, 4318740.043, 140
Trd, 4318740.493, 137
Trd, 4318740.643, 139
Trd, 4318741.493, 140
Trd, 4318742.493, 140
Trd, 4318743.343, 139
Trd, 4318743.693, 139
Trd, 4318743.793, 135
Trd, 4318744.893, 116
Trd, 4318746.793, 140
Trd, 4318746.843, 140
Trd, 4318747.393, 140
Trd, 4318748.193, 136
Trd, 4318748.543, 70
Trd, 4318750.443, 140
Trd, 4318750.943, 140
Trd, 4318751.343, 138
Trd, 4318751.943, 140
Trd, 4318752.943, 140
Trd, 4318753.143, 138
Trd, 4318755.993, 140
Trd, 4318756.843, 140
Trd, 4318757.243, 140
Trd, 4318757.693, 140
Trd, 4318759.893, 140
Trd, 4318761.193, 140
Trd, 4318761.943, 140
Trd, 4318762.043, 140
Trd, 4318762.443, 140
Trd, 4318763.293, 140
Trd, 4318763.343, 140
Trd, 4318763.443, 140
Trd, 4318763.793, 140
Trd, 4318765.543, 139
Trd, 4318765.893, 139
Trd, 4318766.393, 140
Trd, 4318768.093, 139
Trd, 4318768.543, 138
Trd, 4318769.343, 138
Trd, 4318771.493, 139
Trd, 4318771.543, 138
Trd, 4318771.843, 139
Trd, 4318771.893, 137
Trd, 4318772.093, 136
Trd, 4318773.743, 138
Trd, 4318773.843, 139
Trd, 4318774.193, 139
Trd, 4318774.593, 140
Trd, 4318775.443, 136
Trd, 4318775.543, 87
Trd, 4318776.543, 140
Trd, 4318778.943, 140
Trd, 4318779.043, 140
Trd, 4318779.793, 140
Trd, 4318781.793, 140
Trd, 4318781.993, 140
Trd, 4318782.343, 140
Trd, 4318782.443, 140
Trd, 4318783.393, 140
Trd, 4318783.643, 140
Trd, 4318784.893, 140
Trd, 4318785.493, 139
Trd, 4318785.593, 138
Trd, 4318786.993, 140
Trd, 4318787.793, 140
Trd, 4318788.993, 140
Trd, 4318789.393, 140
Trd, 4318789.443, 140
Trd, 4318789.643, 140
Trd, 4318791.093, 140
Trd, 4318792.393, 140
Trd, 4318793.793, 140
Trd, 4318794.643, 140
Trd, 4318794.693, 140
Trd, 4318795.043, 140
Trd, 4318795.093, 138
Trd, 4318795.893, 135
Trd, 4318796.943, 140
Trd, 4318798.193, 140
Trd, 4318798.293, 140
Trd, 4318798.443, 135
Trd, 4318799.643, 62
Trd, 4318799.843, 60
Trd, 4318800.043, 70
Trd, 4318800.443, 135
Trd, 4318801.143, 135
Trd, 4318801.643, 134
Trd, 4318802.893, 138
Trd, 4318803.643, 72
Trd, 4318805.143, 72
Trd, 4318805.393, 70
Trd, 4318806.043, 60
Trd, 4318807.593, 60
Trd, 4318808.043, 60
Trd, 4318808.293, 74
Trd, 4318809.293, 77
Trd, 4318812.343, 140
Trd, 4318812.443, 140
Trd, 4318812.593, 140
Trd, 4318813.593, 140
Trd, 4318814.743, 140
Trd, 4318815.443, 140
Trd, 4318815.843, 140
Trd, 4318816.943, 140
Trd, 4318817.693, 140
Trd, 4318818.093, 140
Trd, 4318818.243, 140
Trd, 4318818.693, 140
Trd, 4318819.593, 138
Trd, 4318819.893, 128
Trd, 4318820.643, 140
Trd, 4318822.643, 140
Trd, 4318822.743, 140
Trd, 4318822.893, 140
Trd, 4318823.643, 138
Trd, 4318823.693, 125
Trd, 4318825.893, 140
Trd, 4318826.393, 140
Trd, 4318826.943, 140
Trd, 4318827.143, 140
Trd, 4318828.443, 140
Trd, 4318829.843, 140
Trd, 4318830.093, 140
Trd, 4318830.593, 140
Trd, 4318831.393, 138
Trd, 4318831.943, 140
Trd, 4318832.093, 140
Trd, 4318832.843, 140
Trd, 4318832.893, 140
Trd, 4318833.843, 140
Trd, 4318834.043, 140
Trd, 4318835.193, 140
Trd, 4318835.443, 139
Trd, 4318836.243, 140
Trd, 4318836.893, 140
Trd, 4318837.293, 130
Trd, 4318837.843, 140
Trd, 4318839.593, 139
Trd, 4318840.643, 140
Trd, 4318840.843, 139
Trd, 4318841.543, 140
Trd, 4318841.593, 138
Trd, 4318842.743, 140
Trd, 4318843.493, 140
Trd, 4318843.893, 140
Trd, 4318844.293, 140
Trd, 4318845.593, 140
Trd, 4318845.993, 138
Trd, 4318846.493, 137
Trd, 4318847.393, 138
Trd, 4318847.793, 137
Trd, 4318848.193, 140
Trd, 4318848.843, 140
Trd, 4318851.093, 139
Trd, 4318851.643, 135
Trd, 4318851.943, 134
Trd, 4318852.543, 135
Trd, 4318852.793, 134
Trd, 4318853.093, 127
Trd, 4318853.693, 73
Trd, 4318855.543, 140
Trd, 4318856.443, 140
Trd, 4318856.493, 140
Trd, 4318856.543, 140
Trd, 4318857.393, 140
Trd, 4318858.743, 140
Trd, 4318859.693, 140
Trd, 4318859.793, 140
Trd, 4318859.943, 140
Trd, 4318861.543, 140
Trd, 4318861.693, 133
Trd, 4318861.893, 132
Trd, 4318864.243, 140
Trd, 4318864.493, 140
Trd, 4318865.643, 140
Trd, 4318866.793, 140
Trd, 4318867.793, 140
Trd, 4318868.393, 140
Trd, 4318868.643, 140
Trd, 4318869.093, 138
Trd, 4318870.943, 140
Trd, 4318871.843, 140
Trd, 4318872.443, 140
Trd, 4318873.593, 140
Trd, 4318873.793, 140
Trd, 4318874.043, 140
Trd, 4318875.643, 140
Trd, 4318875.743, 140
Trd, 4318876.193, 140
Trd, 4318876.443, 140
Trd, 4318877.543, 140
Trd, 4318878.043, 140
Trd, 4318878.593, 140
Trd, 4318879.743, 140
Trd, 4318880.693, 140
Trd, 4318881.193, 140
Trd, 4318881.893, 140
Trd, 4318882.293, 140
Trd, 4318882.643, 140
Trd, 4318883.143, 139
Trd, 4318883.193, 128
Trd, 4318884.943, 140
Trd, 4318885.093, 139
Trd, 4318886.743, 140
Trd, 4318887.893, 140
Trd, 4318888.743, 140
Trd, 4318889.093, 140
Trd, 4318889.893, 137
Trd, 4318890.893, 122
Trd, 4318891.593, 125
Trd, 4318892.393, 122
Trd, 4318892.843, 132
Trd, 4318893.393, 140
Trd, 4318894.693, 140
Trd, 4318895.243, 140
Trd, 4318895.293, 137
Trd, 4318897.893, 140
Trd, 4318898.193, 140
Trd, 4318898.443, 140
Trd, 4318898.993, 139
Trd, 4318899.193, 140
Trd, 4318900.543, 140
Trd, 4318902.193, 140
Trd, 4318903.193, 140
Trd, 4318903.693, 140
Trd, 4318904.243, 140
Trd, 4318904.743, 140
Trd, 4318906.893, 140
Trd, 4318907.693, 140
Trd, 4318907.743, 140
Trd, 4318907.893, 140
Trd, 4318908.443, 140
Trd, 4318909.843, 140
Trd, 4318910.293, 140
Trd, 4318912.343, 140
Trd, 4318912.543, 140
Trd, 4318913.243, 140
Trd, 4318913.743, 140
Trd, 4318915.043, 140
Trd, 4318915.093, 140
Trd, 4318915.543, 133
Trd, 4318915.843, 133
Trd, 4318917.793, 140
Trd, 4318918.693, 140
Trd, 4318919.293, 140
Trd, 4318919.843, 139
Trd, 4318920.493, 139
Trd, 4318920.543, 137
Trd, 4318920.793, 110
Trd, 4318921.893, 139
Trd, 4318923.343, 103
Trd, 4318923.793, 140
Trd, 4318924.493, 138
Trd, 4318925.893, 140
Trd, 4318925.993, 140
Trd, 4318926.893, 140
Trd, 4318927.043, 138
Trd, 4318927.493, 139
Trd, 4318929.043, 140
Trd, 4318929.693, 140
Trd, 4318930.393, 140
Trd, 4318931.243, 140
Trd, 4318931.543, 140
Trd, 4318932.643, 140
Trd, 4318933.343, 140
Trd, 4318933.943, 140
Trd, 4318934.643, 140
Trd, 4318934.743, 140
Trd, 4318935.193, 140
Trd, 4318935.493, 139
Trd, 4318935.643, 135
Trd, 4318938.743, 140
Trd, 4318938.893, 140
Trd, 4318939.943, 140
Trd, 4318940.493, 140
Trd, 4318940.943, 140
Trd, 4318941.293, 140
Trd, 4318942.443, 139
Trd, 4318942.593, 134
Trd, 4318943.143, 139
Trd, 4318944.493, 140
Trd, 4318944.893, 140
Trd, 4318945.793, 140
Trd, 4318946.193, 140
Trd, 4318946.643, 139
Trd, 4318946.993, 132
Trd, 4318947.643, 140
Trd, 4318949.393, 140
Trd, 4318950.193, 140
Trd, 4318950.993, 140
Trd, 4318951.543, 140
Trd, 4318951.643, 131
Trd, 4318953.793, 131
Trd, 4318954.793, 140
Trd, 4318954.943, 139
Trd, 4318954.993, 132
Trd, 4318955.143, 130
Trd, 4318956.143, 111
Trd, 4318956.643, 138
Trd, 4318957.193, 140
Trd, 4318958.193, 140
Trd, 4318959.243, 140
Trd, 4318959.743, 140
Trd, 4318960.593, 140
Trd, 4318960.943, 140
Trd, 4318961.043, 140
Trd, 4318961.143, 139
Trd, 4318961.943, 140
Trd, 4318963.293, 140
Trd, 4318964.843, 140
Trd, 4318965.543, 140
Trd, 4318965.693, 140
Trd, 4318968.543, 140
Trd, 4318969.143, 140
Trd, 4318969.443, 140
Trd, 4318969.693, 140
Trd, 4318969.793, 140
Trd, 4318970.943, 140
Trd, 4318971.993, 140
Trd, 4318972.243, 138
Trd, 4318972.393, 140
Trd, 4318973.443, 140
Trd, 4318974.343, 140
Trd, 4318974.943, 140
Trd, 4318975.943, 140
Trd, 4318975.993, 140
Trd, 4318976.043, 136
Trd, 4318976.843, 123
Trd, 4318977.093, 121
Trd, 4318977.593, 60
Trd, 4318977.743, 60
Trd, 4318978.693, 140
Trd, 4318979.193, 140
Trd, 4318982.243, 140
Trd, 4318983.693, 140
Trd, 4318983.793, 140
Trd, 4318984.543, 140
Trd, 4318985.143, 140
Trd, 4318985.693, 140
Trd, 4318986.243, 140
Trd, 4318988.093, 140
Trd, 4318989.293, 140
Trd, 4318989.743, 140
Trd, 4318990.743, 140
Trd, 4318991.443, 140
Trd, 4318991.493, 138
Trd, 4318991.593, 129
Trd, 4318991.743, 128
Trd, 4318994.343, 140
Trd, 4318994.743, 140
Trd, 4318995.143, 140
Trd, 4318995.943, 140
Trd, 4318996.043, 140
Trd, 4318996.443, 133
Trd, 4318996.693, 132
Trd, 4318998.293, 140
Trd, 4318998.643, 140
Trd, 4318998.893, 140
Trd, 4318998.943, 130
Trd, 4318999.493, 76
Trd, 4319000.093, 135
Trd, 4319001.243, 140
Trd, 4319001.343, 139
Trd, 4319002.593, 140
Trd, 4319002.943, 139
Trd, 4319003.343, 133
Trd, 4319005.093, 140
Trd, 4319006.393, 138
Trd, 4319007.693, 140
Trd, 4319008.093, 140
Trd, 4319009.043, 140
Trd, 4319010.043, 140
Trd, 4319010.543, 140
Trd, 4319011.293, 140
Trd, 4319011.543, 140
Trd, 4319011.793, 139
Trd, 4319012.193, 130
Trd, 4319013.043, 132
Trd, 4319013.293, 138
Trd, 4319014.243, 136
Trd, 4319014.293, 135
Trd, 4319015.393, 139
Trd, 4319015.793, 139
Trd, 4319016.093, 114
Trd, 4319016.143, 85
Trd, 4319016.843, 140
Trd, 4319017.293, 140
Trd, 4319017.593, 140
Trd, 4319018.493, 97
Trd, 4319020.593, 63
Trd, 4319022.493, 60
Trd, 4319022.893, 61
Trd, 4319023.093, 74
Trd, 4319023.743, 86
Trd, 4319024.893, 85
Trd, 4319025.743, 140
Trd, 4319026.343, 138
Trd, 4319026.693, 94
Trd, 4319027.643, 97
Trd, 4319028.193, 109
Trd, 4319028.893, 99
Trd, 4319029.243, 138
Trd, 4319030.243, 140
Trd, 4319030.543, 140
Trd, 4319031.543, 140
Trd, 4319033.193, 140
Trd, 4319033.443, 140
Trd, 4319034.643, 140
Trd, 4319035.193, 140
Trd, 4319035.493, 140
Trd, 4319035.843, 139
Trd, 4319037.393, 139
Trd, 4319039.393, 140
Trd, 4319039.893, 140
Trd, 4319040.243, 140
Trd, 4319040.393, 139
Trd, 4319040.443, 134
Trd, 4319041.393, 105
Trd, 4319041.943, 106
Trd, 4319042.793, 114
Trd, 4319043.743, 113
Trd, 4319044.443, 140
Trd, 4319044.643, 140
Trd, 4319046.693, 140
Trd, 4319048.193, 140
Trd, 4319048.693, 140
Trd, 4319049.343, 139
Trd, 4319050.543, 140
Trd, 4319050.893, 140
Trd, 4319051.043, 140
Trd, 4319052.393, 140
Trd, 4319052.443, 135
Trd, 4319052.493, 130
Trd, 4319052.893, 98
Trd, 4319054.543, 140
Trd, 4319055.193, 140
Trd, 4319055.293, 140
Trd, 4319055.343, 140
Trd, 4319055.993, 140
Trd, 4319056.193, 135
Trd, 4319057.193, 107
Trd, 4319058.443, 65
Trd, 4319058.793, 101
Trd, 4319060.443, 138
Trd, 4319061.193, 139
Trd, 4319061.243, 109
Trd, 4319061.843, 89
Trd, 4319062.843, 140
Trd, 4319063.043, 137
Trd, 4319064.143, 123
Trd, 4319064.943, 138
Trd, 4319064.993, 136
Trd, 4319065.793, 138
Trd, 4319067.093, 139
Trd, 4319068.143, 140
Trd, 4319068.243, 138
Trd, 4319069.043, 138
Trd, 4319070.843, 140
Trd, 4319070.993, 140
Trd, 4319071.393, 140
Trd, 4319072.443, 140
Trd, 4319073.393, 140
Trd, 4319073.593, 140
Trd, 4319074.593, 139
Trd, 4319075.493, 140
Trd, 4319075.743, 140
Trd, 4319076.093, 140
Trd, 4319076.593, 139
Trd, 4319076.993, 140
Trd, 4319078.093, 140
Trd, 4319078.343, 139
Trd, 4319079.793, 101
Trd, 4319080.993, 137
Trd, 4319081.543, 104
Trd, 4319082.093, 138
Trd, 4319082.443, 62
Trd, 4319083.543, 61
Trd, 4319084.443, 61
Trd, 4319084.693, 77
Trd, 4319086.143, 72
Trd, 4319087.293, 68
Trd, 4319087.893, 68
Trd, 4319088.093, 105
Trd, 4319090.493, 60
Trd, 4319091.193, 64
Trd, 4319091.493, 70
Trd, 4319091.643, 72
Trd, 4319092.443, 106
Trd, 4319093.393, 75
Trd, 4319094.443, 77
Trd, 4319094.893, 68
Trd, 4319095.243, 72
Trd, 4319095.393, 72
Trd, 4319096.643, 137
Trd, 4319096.843, 76
Trd, 4319097.593, 78
Trd, 4319098.393, 127
Trd, 4319099.293, 81
Trd, 4319099.893, 140
Trd, 4319100.343, 140
Trd, 4319100.493, 140
Trd, 4319100.893, 138
Trd, 4319101.143, 137
Trd, 4319102.543, 140
Trd, 4319102.693, 140
Trd, 4319103.693, 140
Trd, 4319103.843, 140
Trd, 4319105.643, 140
Trd, 4319105.943, 140
Trd, 4319106.393, 140
Trd, 4319107.493, 140
Trd, 4319108.493, 140
Trd, 4319109.643, 140
Trd, 4319110.093, 138
Trd, 4319110.993, 140
Trd, 4319111.243, 138
Trd, 4319112.593, 138
Trd, 4319112.993, 138
Trd, 4319113.143, 134
Trd, 4319114.293, 140
Trd, 4319114.893, 140
Trd, 4319116.843, 140
Trd, 4319116.943, 140
Trd, 4319117.443, 140
Trd, 4319118.893, 140
Trd, 4319118.943, 140
Trd, 4319119.793, 140
Trd, 4319120.193, 140
Trd, 4319120.743, 140
Trd, 4319121.193, 138
Trd, 4319122.043, 136
Trd, 4319122.843, 137
Trd, 4319123.243, 120
Trd, 4319124.143, 140
Trd, 4319124.193, 139
Trd, 4319124.993, 138
Trd, 4319126.443, 140
Trd, 4319127.393, 139
Trd, 4319127.543, 137
Trd, 4319128.343, 139
Trd, 4319129.143, 139
Trd, 4319129.693, 140
Trd, 4319129.743, 140
Trd, 4319130.293, 132
Trd, 4319130.943, 138
Trd, 4319131.593, 132
Trd, 4319132.793, 140
Trd, 4319132.993, 140
Trd, 4319133.943, 136
Trd, 4319134.793, 139
Trd, 4319136.043, 140
Trd, 4319136.643, 140
Trd, 4319137.943, 140
Trd, 4319138.143, 139
Trd, 4319138.243, 140
Trd, 4319138.593, 139
Trd, 4319140.243, 140
Trd, 4319140.743, 138
Trd, 4319141.293, 127
Trd, 4319141.443, 122
Trd, 4319141.943, 65
Trd, 4319142.693, 62
Trd, 4319144.343, 138
Trd, 4319145.743, 140
Trd, 4319145.893, 140
Trd, 4319148.093, 140
Trd, 4319148.393, 140
Trd, 4319148.643, 140
Trd, 4319148.793, 140
Trd, 4319149.193, 139
Trd, 4319149.393, 138
Trd, 4319150.093, 140
Trd, 4319152.793, 140
Trd, 4319152.993, 140
Trd, 4319153.743, 140
Trd, 4319154.593, 140
Trd, 4319154.743, 140
Trd, 4319154.843, 139
Trd, 4319155.093, 140
Trd, 4319155.943, 124
Trd, 4319157.943, 139
Trd, 4319158.093, 137
Trd, 4319158.993, 132
Trd, 4319160.243, 140
Trd, 4319161.893, 140
Trd, 4319162.743, 140
Trd, 4319163.393, 140
Trd, 4319163.493, 140
Trd, 4319164.893, 140
Trd, 4319165.393, 140
Trd, 4319165.893, 140
Trd, 4319165.943, 139
Trd, 4319166.443, 140
Trd, 4319167.493, 140
Trd, 4319168.643, 140
Trd, 4319169.143, 140
Trd, 4319169.993, 140
Trd, 4319170.143, 139
Trd, 4319170.493, 137
Trd, 4319171.143, 138
Trd, 4319171.843, 140
Trd, 4319174.493, 140
Trd, 4319175.643, 140
Trd, 4319175.693, 140
Trd, 4319176.543, 140
Trd, 4319177.193, 140
Trd, 4319178.393, 140
Trd, 4319179.893, 140
Trd, 4319180.443, 140
Trd, 4319180.843, 140
Trd, 4319181.743, 140
Trd, 4319182.043, 138
Trd, 4319182.343, 140
Trd, 4319184.043, 140
Trd, 4319184.143, 140
Trd, 4319184.643, 140
Trd, 4319184.743, 139
Trd, 4319185.493, 140
Trd, 4319185.893, 139
Trd, 4319186.093, 137
Trd, 4319187.993, 140
Trd, 4319189.193, 140
Trd, 4319191.143, 140
Trd, 4319191.193, 140
Trd, 4319191.943, 140
Trd, 4319193.843, 140
Trd, 4319194.243, 139
Trd, 4319194.743, 140
Trd, 4319195.243, 140
Trd, 4319195.643, 138
Trd, 4319196.293, 138
Trd, 4319198.593, 67
Trd, 4319199.293, 65
Trd, 4319199.743, 66
Trd, 4319200.593, 65
Trd, 4319201.543, 61
Trd, 4319201.693, 70
Trd, 4319203.293, 64
Trd, 4319203.743, 66
Trd, 4319203.993, 71
Trd, 4319204.643, 103
Trd, 4319205.993, 113
Trd, 4319206.443, 64
Trd, 4319207.443, 96
Trd, 4319207.743, 63
Trd, 4319208.393, 140
Trd, 4319209.043, 139
Trd, 4319209.293, 131
Trd, 4319209.343, 117
Trd, 4319210.443, 140
Trd, 4319212.443, 140
Trd, 4319212.593, 140
Trd, 4319212.793, 139
Trd, 4319213.893, 63
Trd, 4319214.643, 60
Trd, 4319215.643, 60
Trd, 4319217.043, 60
Trd, 4319217.993, 60
Trd, 4319218.843, 61
Trd, 4319219.293, 65
Trd, 4319219.743, 60
Trd, 4319219.993, 72
Trd, 4319220.643, 94
Trd, 4319221.493, 76
Trd, 4319222.743, 62
Trd, 4319223.293, 64
Trd, 4319224.993, 64
Trd, 4319225.143, 104
Trd, 4319225.893, 64
Trd, 4319226.643, 97
Trd, 4319226.743, 101
Trd, 4319227.843, 72
Trd, 4319228.643, 138
Trd, 4319229.293, 90
Trd, 4319230.193, 137
Trd, 4319232.043, 140
Trd, 4319232.543, 140
Trd, 4319232.843, 140
Trd, 4319233.343, 140
Trd, 4319233.443, 139
Trd, 4319234.293, 140
Trd, 4319234.593, 139
Trd, 4319235.593, 137
Trd, 4319237.043, 139
Trd, 4319237.343, 137
Trd, 4319240.093, 140
Trd, 4319240.293, 140
Trd, 4319240.393, 140
Trd, 4319241.193, 140
Trd, 4319241.243, 140
Trd, 4319243.343, 140
Trd, 4319243.893, 140
Trd, 4319244.193, 140
Trd, 4319244.493, 140
Trd, 4319244.893, 140
Trd, 4319245.743, 140
Trd, 4319246.143, 140
Trd, 4319246.993, 61
Trd, 4319247.493, 62
Trd, 4319248.743, 72
Trd, 4319249.793, 91
Trd, 4319249.843, 89
Trd, 4319250.493, 140
Trd, 4319250.843, 125
Trd, 4319252.343, 131
Trd, 4319252.943, 140
Trd, 4319253.893, 140
Trd, 4319254.343, 140
Trd, 4319255.343, 140
Trd, 4319257.443, 140
Trd, 4319257.643, 140
Trd, 4319257.793, 140
Trd, 4319257.993, 140
Trd, 4319258.643, 140
Trd, 4319258.693, 140
Trd, 4319259.893, 139
Trd, 4319260.293, 140
Trd, 4319260.443, 140
Trd, 4319262.193, 140
Trd, 4319262.343, 140
Trd, 4319262.993, 140
Trd, 4319264.043, 140
Trd, 4319264.243, 140
Trd, 4319265.193, 140
Trd, 4319265.393, 139
Trd, 4319266.393, 140
Trd, 4319267.293, 140
Trd, 4319268.643, 140
Trd, 4319269.093, 140
Trd, 4319269.843, 140
Trd, 4319270.543, 140
Trd, 4319271.593, 140
Trd, 4319272.843, 140
Trd, 4319273.393, 140
Trd, 4319273.493, 140
Trd, 4319273.793, 140
Trd, 4319274.243, 140
Trd, 4319274.993, 140
Trd, 4319275.643, 140
Trd, 4319278.093, 140
Trd, 4319278.693, 140
Trd, 4319279.543, 140
Trd, 4319280.893, 140
Trd, 4319281.043, 140
Trd, 4319281.743, 140
Trd, 4319281.993, 140
Trd, 4319283.843, 140
Trd, 4319285.143, 140
Trd, 4319285.243, 140
Trd, 4319286.143, 140
Trd, 4319286.243, 140
Trd, 4319287.293, 140
Trd, 4319287.643, 140
Trd, 4319287.693, 140
Trd, 4319287.793, 133
Trd, 4319288.843, 62
Trd, 4319289.193, 72
Trd, 4319289.843, 64
Trd, 4319290.693, 60
Trd, 4319291.343, 124
Trd, 4319292.593, 62
Trd, 4319294.143, 140
Trd, 4319295.143, 140
Trd, 4319295.393, 140
Trd, 4319296.093, 140
Trd, 4319296.743, 140
Trd, 4319298.143, 140
Trd, 4319298.343, 140
Trd, 4319298.993, 140
Trd, 4319299.043, 140
Trd, 4319299.443, 140
Trd, 4319300.043, 140
Trd, 4319300.543, 135
Trd, 4319301.043, 103
Trd, 4319302.293, 94
Trd, 4319302.893, 104
Trd, 4319303.643, 127
Trd, 4319304.793, 130
Trd, 4319306.093, 134
Trd, 4319306.943, 60
Trd, 4319308.493, 60
Trd, 4319308.643, 63
Trd, 4319309.943, 62
Trd, 4319310.143, 65
Trd, 4319311.893, 60
Trd, 4319312.293, 63
Trd, 4319312.893, 86
Trd, 4319312.993, 100
Trd, 4319314.193, 61
Trd, 4319315.743, 62
Trd, 4319316.143, 65
Trd, 4319316.543, 62
Trd, 4319316.793, 71
Trd, 4319318.093, 71
Trd, 4319318.693, 139
Trd, 4319318.993, 139
Trd, 4319320.043, 97
Trd, 4319320.293, 71
Trd, 4319320.643, 71
Trd, 4319320.943, 105
Trd, 4319321.643, 88
Trd, 4319322.893, 77
Trd, 4319324.143, 140
Trd, 4319324.893, 140
Trd, 4319325.143, 140
Trd, 4319326.643, 140
Trd, 4319327.093, 140
Trd, 4319327.693, 138
Trd, 4319328.093, 137
Trd, 4319328.993, 140
Trd, 4319329.093, 138
Trd, 4319329.793, 139
Trd, 4319330.893, 121
Trd, 4319332.793, 140
Trd, 4319332.893, 124
Trd, 4319333.443, 140
Trd, 4319334.993, 140
Trd, 4319335.243, 140
Trd, 4319335.293, 139
Trd, 4319336.393, 140
Trd, 4319336.643, 140
Trd, 4319337.743, 140
Trd, 4319338.193, 140
Trd, 4319340.093, 140
Trd, 4319341.343, 140
Trd, 4319342.393, 140
Trd, 4319342.893, 140
Trd, 4319343.593, 139
Trd, 4319344.393, 140
Trd, 4319344.493, 140
Trd, 4319345.393, 140
Trd, 4319346.493, 139
Trd, 4319346.643, 140
Trd, 4319347.043, 139
Trd, 4319348.143, 140
Trd, 4319349.093, 140
Trd, 4319349.193, 139
Trd, 4319350.693, 140
Trd, 4319350.893, 140
Trd, 4319351.993, 140
Trd, 4319352.793, 140
Trd, 4319353.443, 140
Trd, 4319355.593, 140
Trd, 4319355.893, 140
Trd, 4319356.093, 140
Trd, 4319357.143, 136
Trd, 4319359.043, 140
Trd, 4319359.393, 137
Trd, 4319359.743, 140
Trd, 4319360.893, 140
Trd, 4319361.693, 140
Trd, 4319361.943, 140
Trd, 4319363.743, 140
Trd, 4319364.193, 140
Trd, 4319364.693, 136
Trd, 4319364.843, 116
Trd, 4319365.443, 104
Trd, 4319366.843, 140
Trd, 4319367.543, 140
Trd, 4319368.143, 140
Trd, 4319368.693, 132
Trd, 4319368.893, 140
Trd, 4319369.143, 131
Trd, 4319369.593, 84
Trd, 4319370.093, 138
Trd, 4319370.693, 63
Trd, 4319372.293, 70
Trd, 4319373.043, 140
Trd, 4319374.543, 140
Trd, 4319374.993, 140
Trd, 4319375.793, 140
Trd, 4319376.693, 140
Trd, 4319376.843, 140
Trd, 4319377.493, 139
Trd, 4319377.743, 138
Trd, 4319378.893, 140
Trd, 4319378.943, 139
Trd, 4319380.943, 140
Trd, 4319381.193, 140
Trd, 4319381.493, 140
Trd, 4319384.243, 140
Trd, 4319385.093, 140
Trd, 4319385.393, 140
Trd, 4319386.893, 140
Trd, 4319387.143, 140
Trd, 4319389.793, 140
Trd, 4319390.093, 140
Trd, 4319390.193, 140
Trd, 4319390.393, 140
Trd, 4319390.743, 140
Trd, 4319391.843, 140
Trd, 4319392.793, 140
Trd, 4319393.243, 140
Trd, 4319393.843, 140
Trd, 4319394.393, 140
Trd, 4319395.743, 140
Trd, 4319396.093, 140
Trd, 4319396.693, 139
Trd, 4319396.793, 134
Trd, 4319398.793, 140
Trd, 4319399.043, 140
Trd, 4319400.043, 140
Trd, 4319400.193, 139
Trd, 4319401.043, 140
Trd, 4319401.593, 139
Trd, 4319403.893, 140
Trd, 4319404.093, 140
Trd, 4319404.843, 140
Trd, 4319405.743, 140
Trd, 4319406.543, 140
Trd, 4319407.293, 140
Trd, 4319407.993, 140
Trd, 4319408.843, 140
Trd, 4319408.943, 140
Trd, 4319411.143, 140
Trd, 4319411.393, 140
Trd, 4319411.443, 140
Trd, 4319413.593, 140
Trd, 4319413.643, 140
Trd, 4319413.843, 140
Trd, 4319414.093, 140
Trd, 4319414.593, 140
Trd, 4319415.493, 140
Trd, 4319416.743, 140
Trd, 4319417.593, 140
Trd, 4319417.793, 140
Trd, 4319418.543, 140
Trd, 4319418.693, 140
Trd, 4319419.993, 140
Trd, 4319420.243, 140
Trd, 4319421.443, 140
Trd, 4319421.893, 140
Trd, 4319423.443, 140
Trd, 4319424.843, 140
Trd, 4319425.493, 140
Trd, 4319425.943, 140
Trd, 4319426.293, 140
Trd, 4319426.543, 140
Trd, 4319426.793, 138
Trd, 4319428.093, 140
Trd, 4319428.843, 140
Trd, 4319429.293, 140
Trd, 4319430.143, 140
Trd, 4319430.343, 139
Trd, 4319431.843, 138
Trd, 4319432.143, 139
Trd, 4319432.193, 138
Trd, 4319432.993, 140
Trd, 4319433.093, 138
Trd, 4319433.543, 137
Trd, 4319434.693, 138
Trd, 4319435.943, 96
Trd, 4319438.343, 140
Trd, 4319438.543, 140
Trd, 4319439.343, 140
Trd, 4319440.093, 140
Trd, 4319440.743, 140
Trd, 4319442.693, 140
Trd, 4319444.593, 140
Trd, 4319444.743, 140
Trd, 4319444.943, 140
Trd, 4319446.543, 140
Trd, 4319446.793, 140
Trd, 4319447.243, 140
Trd, 4319448.143, 140
Trd, 4319448.793, 140
Trd, 4319449.843, 140
Trd, 4319450.193, 140
Trd, 4319450.393, 140
Trd, 4319450.593, 140
Trd, 4319451.593, 64
Trd, 4319452.643, 140
Trd, 4319453.193, 139
Trd, 4319453.843, 140
Trd, 4319454.343, 139
Trd, 4319454.943, 140
Trd, 4319456.193, 140
Trd, 4319456.793, 140
Trd, 4319457.043, 140
Trd, 4319458.593, 140
Trd, 4319459.593, 140
Trd, 4319460.643, 140
Trd, 4319460.743, 140
Trd, 4319461.243, 139
Trd, 4319462.393, 140
Trd, 4319462.543, 140
Trd, 4319463.393, 138
Trd, 4319466.843, 140
Trd, 4319467.043, 140
Trd, 4319467.143, 139
Trd, 4319467.343, 138
Trd, 4319468.993, 140
Trd, 4319469.543, 140
Trd, 4319469.943, 140
Trd, 4319470.343, 140
Trd, 4319470.593, 140
Trd, 4319470.893, 140
Trd, 4319472.093, 122
Trd, 4319472.443, 118
Trd, 4319472.693, 119
Trd, 4319474.593, 140
Trd, 4319475.093, 140
Trd, 4319476.543, 140
Trd, 4319479.093, 140
Trd, 4319479.793, 140
Trd, 4319479.893, 140
Trd, 4319480.143, 140
Trd, 4319480.443, 140
Trd, 4319481.243, 140
Trd, 4319481.493, 140
Trd, 4319482.193, 139
Trd, 4319483.443, 140
Trd, 4319483.493, 136
Trd, 4319484.993, 140
Trd, 4319485.543, 140
Trd, 4319486.043, 140
Trd, 4319487.543, 139
Trd, 4319488.193, 140
Trd, 4319488.243, 140
Trd, 4319488.343, 139
Trd, 4319489.393, 122
Trd, 4319489.443, 133
Trd, 4319489.993, 138
Trd, 4319490.593, 134
Trd, 4319490.943, 100
Trd, 4319492.043, 140
Trd, 4319492.543, 140
Trd, 4319493.243, 60
Trd, 4319493.743, 60
Trd, 4319493.843, 72
Trd, 4319495.593, 140
Trd, 4319496.143, 140
Trd, 4319496.643, 135
Trd, 4319496.943, 126
Trd, 4319497.093, 125
Trd, 4319497.893, 140
Trd, 4319498.093, 140
Trd, 4319499.793, 117
Trd, 4319499.843, 119
Trd, 4319500.293, 140
Trd, 4319501.093, 134
Trd, 4319501.243, 132
Trd, 4319502.193, 140
Trd, 4319503.493, 140
Trd, 4319503.943, 140
Trd, 4319505.243, 140
Trd, 4319505.393, 140
Trd, 4319506.393, 139
Trd, 4319507.643, 140
Trd, 4319507.993, 140
Trd, 4319508.043, 140
Trd, 4319508.493, 140
Trd, 4319509.193, 140
Trd, 4319509.443, 116
Trd, 4319509.693, 140
Trd, 4319510.743, 67
Trd, 4319511.243, 67
Trd, 4319511.893, 101
Trd, 4319512.993, 63
Trd, 4319513.243, 64
Trd, 4319514.993, 140
Trd, 4319515.443, 140
Trd, 4319515.693, 139
Trd, 4319515.743, 138
Trd, 4319516.093, 110
Trd, 4319516.893, 139
Trd, 4319517.543, 89
Trd, 4319520.343, 140
Trd, 4319520.543, 140
Trd, 4319520.643, 140
Trd, 4319521.243, 114
Trd, 4319521.293, 113
Trd, 4319522.193, 140
Trd, 4319522.393, 134
Trd, 4319523.593, 61
Trd, 4319524.843, 60
Trd, 4319525.243, 70
Trd, 4319525.443, 140
Trd, 4319526.043, 78
Trd, 4319527.493, 140
Trd, 4319527.743, 140
Trd, 4319529.693, 140
Trd, 4319529.743, 140
Trd, 4319530.093, 140
Trd, 4319530.243, 140
Trd, 4319531.793, 140
Trd, 4319532.043, 140
Trd, 4319532.393, 139
Trd, 4319532.943, 138
Trd, 4319533.893, 140
Trd, 4319534.493, 140
Trd, 4319535.193, 140
Trd, 4319535.593, 140
Trd, 4319536.343, 140
Trd, 4319537.693, 140
Trd, 4319539.243, 140
Trd, 4319539.393, 140
Trd, 4319540.743, 140
Trd, 4319540.943, 140
Trd, 4319541.243, 140
Trd, 4319541.543, 140
Trd, 4319541.643, 140
Trd, 4319542.043, 140
Trd, 4319543.593, 140
Trd, 4319543.743, 137
Trd, 4319544.993, 116
Trd, 4319545.893, 87
Trd, 4319548.393, 60
Trd, 4319548.893, 63
Trd, 4319549.043, 74
Trd, 4319549.093, 75
Trd, 4319549.893, 63
Trd, 4319550.693, 60
Trd, 4319552.993, 63
Trd, 4319554.343, 67
Trd, 4319554.493, 60
Trd, 4319554.543, 90
Trd, 4319555.743, 86
Trd, 4319556.593, 71
Trd, 4319557.693, 60
Trd, 4319558.193, 85
Trd, 4319558.843, 63
Trd, 4319560.593, 60
Trd, 4319560.693, 63
Trd, 4319561.193, 112
Trd, 4319562.593, 62
Trd, 4319563.343, 67
Trd, 4319563.593, 104
Trd, 4319563.693, 63
Trd, 4319564.343, 140
Trd, 4319565.543, 97
Trd, 4319566.143, 101
Trd, 4319566.343, 80
Trd, 4319567.143, 140
Trd, 4319567.593, 140
Trd, 4319568.943, 140
Trd, 4319570.043, 140
Trd, 4319570.793, 140
Trd, 4319571.193, 140
Trd, 4319571.343, 137
Trd, 4319573.393, 140
Trd, 4319574.193, 140
Trd, 4319574.993, 140
Trd, 4319575.893, 140
Trd, 4319576.143, 140
Trd, 4319576.593, 140
Trd, 4319577.443, 140
Trd, 4319577.643, 140
Trd, 4319577.993, 139
Trd, 4319578.893, 140
Trd, 4319579.043, 139
Trd, 4319579.143, 114
Trd, 4319581.193, 140
Trd, 4319581.443, 140
Trd, 4319582.093, 140
Trd, 4319582.643, 140
Trd, 4319583.543, 140
Trd, 4319584.243, 140
Trd, 4319587.093, 140
Trd, 4319587.693, 140
Trd, 4319588.293, 140
Trd, 4319588.343, 140
Trd, 4319588.443, 139
Trd, 4319588.543, 138
Trd, 4319589.193, 139
Trd, 4319589.993, 140
Trd, 4319590.343, 139
Trd, 4319592.643, 140
Trd, 4319593.043, 140
Trd, 4319593.893, 140
Trd, 4319594.443, 140
Trd, 4319595.693, 140
Trd, 4319595.993, 140
Trd, 4319596.593, 140
Trd, 4319596.843, 140
Trd, 4319597.443, 140
Trd, 4319597.593, 132
Trd, 4319597.843, 140
Trd, 4319598.793, 109
Trd, 4319599.143, 60
Trd, 4319599.793, 113
Trd, 4319601.793, 140
Trd, 4319601.843, 140
Trd, 4319602.543, 140
Trd, 4319602.693, 140
Trd, 4319603.543, 140
Trd, 4319604.043, 140
Trd, 4319604.793, 140
Trd, 4319606.093, 140
Trd, 4319607.643, 140
Trd, 4319608.243, 140
Trd, 4319608.893, 140
Trd, 4319609.393, 140
Trd, 4319609.643, 140
Trd, 4319609.893, 139
Trd, 4319611.693, 133
Trd, 4319613.143, 140
Trd, 4319614.043, 140
Trd, 4319615.543, 140
Trd, 4319615.693, 140
Trd, 4319616.093, 140
Trd, 4319616.143, 140
Trd, 4319616.643, 139
Trd, 4319617.693, 131
Trd, 4319618.293, 64
Trd, 4319619.143, 140
Trd, 4319619.493, 140
Trd, 4319620.043, 140
Trd, 4319620.843, 140
Trd, 4319621.493, 140
Trd, 4319621.943, 127
Trd, 4319623.593, 140
Trd, 4319624.043, 140
Trd, 4319624.393, 140
Trd, 4319625.343, 140
Trd, 4319626.993, 140
Trd, 4319627.543, 140
Trd, 4319628.343, 140
Trd, 4319628.693, 140
Trd, 4319629.243, 140
Trd, 4319629.793, 140
Trd, 4319630.143, 140
Trd, 4319630.193, 139
Trd, 4319632.043, 140
Trd, 4319632.343, 140
Trd, 4319632.493, 140
Trd, 4319632.743, 140
Trd, 4319633.443, 140
Trd, 4319634.843, 140
Trd, 4319636.693, 140
Trd, 4319636.893, 140
Trd, 4319637.093, 140
Trd, 4319637.393, 140
Trd, 4319637.843, 139
Trd, 4319637.943, 138
Trd, 4319639.193, 140
Trd, 4319640.393, 140
Trd, 4319641.243, 140
Trd, 4319642.193, 140
Trd, 4319642.443, 140
Trd, 4319643.543, 140
Trd, 4319644.093, 140
Trd, 4319644.593, 140
Trd, 4319644.843, 140
Trd, 4319646.643, 140
Trd, 4319647.793, 140
Trd, 4319648.293, 140
Trd, 4319648.693, 140
Trd, 4319648.793, 140
Trd, 4319648.893, 133
Trd, 4319649.793, 138
Trd, 4319652.343, 140
Trd, 4319652.443, 140
Trd, 4319652.743, 140
Trd, 4319653.693, 140
Trd, 4319655.693, 140
Trd, 4319656.343, 139
Trd, 4319657.393, 140
Trd, 4319657.443, 135
Trd, 4319658.193, 139
Trd, 4319659.043, 140
Trd, 4319659.893, 139
Trd, 4319661.743, 140
Trd, 4319661.993, 137
Trd, 4319663.093, 140
Trd, 4319663.393, 140
Trd, 4319664.193, 140
Trd, 4319664.593, 140
Trd, 4319664.893, 139
Trd, 4319664.993, 139
Trd, 4319667.993, 140
Trd, 4319668.693, 140
Trd, 4319669.043, 140
Trd, 4319670.043, 140
Trd, 4319670.143, 140
Trd, 4319671.993, 140
Trd, 4319672.243, 140
Trd, 4319672.343, 140
Trd, 4319672.693, 140
Trd, 4319673.493, 140
Trd, 4319673.993, 140
Trd, 4319676.293, 140
Trd, 4319676.693, 140
Trd, 4319677.593, 140
Trd, 4319677.893, 140
Trd, 4319678.943, 140
Trd, 4319680.193, 140
Trd, 4319683.093, 140
Trd, 4319683.293, 140
Trd, 4319683.593, 140
Trd, 4319683.693, 140
Trd, 4319684.343, 140
Trd, 4319684.443, 140
Trd, 4319685.743, 140
Trd, 4319686.343, 140
Trd, 4319686.593, 140
Trd, 4319686.793, 124
Trd, 4319687.943, 60
Trd, 4319688.393, 61
Trd, 4319688.543, 61
Trd, 4319689.543, 140
Trd, 4319690.093, 140
Trd, 4319690.693, 140
Trd, 4319691.093, 138
Trd, 4319692.193, 129
Trd, 4319692.643, 140
Trd, 4319693.293, 61
Trd, 4319694.093, 63
Trd, 4319695.143, 62
Trd, 4319695.293, 65
Trd, 4319697.093, 137
Trd, 4319697.593, 137
Trd, 4319697.793, 136
Trd, 4319698.043, 136
Trd, 4319698.793, 137
Trd, 4319699.293, 137
Trd, 4319700.243, 140
Trd, 4319700.493, 137
Trd, 4319701.693, 140
Trd, 4319701.943, 140
Trd, 4319702.093, 140
Trd, 4319702.193, 139
Trd, 4319704.343, 140
Trd, 4319704.893, 140
Trd, 4319705.293, 139
Trd, 4319706.593, 138
Trd, 4319706.843, 130
Trd, 4319707.993, 140
Trd, 4319708.493, 120
Trd, 4319708.643, 140
Trd, 4319708.793, 139
Trd, 4319709.243, 118
Trd, 4319710.093, 140
Trd, 4319711.443, 140
Trd, 4319712.043, 140
Trd, 4319712.993, 140
Trd, 4319713.743, 140
Trd, 4319715.443, 140
Trd, 4319715.543, 140
Trd, 4319717.293, 140
Trd, 4319717.743, 140
Trd, 4319718.293, 140
Trd, 4319718.493, 140
Trd, 4319719.043, 140
Trd, 4319719.143, 138
Trd, 4319719.493, 137
Trd, 4319719.943, 124
Trd, 4319720.293, 92
Trd, 4319722.193, 140
Trd, 4319722.493, 140
Trd, 4319722.693, 111
Trd, 4319722.993, 139
Trd, 4319723.893, 70
Trd, 4319725.093, 140
Trd, 4319725.143, 140
Trd, 4319726.543, 140
Trd, 4319727.343, 140
Trd, 4319727.493, 140
Trd, 4319728.793, 140
Trd, 4319729.693, 140
Trd, 4319730.193, 140
Trd, 4319730.643, 137
Trd, 4319731.293, 137
Trd, 4319732.093, 121
Trd, 4319732.993, 140
Trd, 4319733.393, 140
Trd, 4319734.543, 138
Trd, 4319735.143, 139
Trd, 4319735.393, 140
Trd, 4319735.543, 140
Trd, 4319735.993, 138
Trd, 4319736.843, 140
Trd, 4319737.893, 134
Trd, 4319738.243, 128
Trd, 4319738.993, 135
Trd, 4319739.893, 137
Trd, 4319740.743, 137
Trd, 4319740.943, 95
Trd, 4319741.193, 110
Trd, 4319742.843, 140
Trd, 4319743.193, 140
Trd, 4319743.493, 140
Trd, 4319744.543, 140
Trd, 4319745.093, 140
Trd, 4319746.243, 140
Trd, 4319746.843, 140
Trd, 4319747.893, 140
Trd, 4319748.443, 140
Trd, 4319749.943, 140
Trd, 4319750.443, 140
Trd, 4319750.543, 138
Trd, 4319751.193, 136
Trd, 4319751.343, 126
Trd, 4319752.793, 139
Trd, 4319752.893, 138
Trd, 4319753.993, 140
Trd, 4319755.293, 140
Trd, 4319755.643, 140
Trd, 4319755.893, 140
Trd, 4319756.043, 139
Trd, 4319756.893, 140
Trd, 4319758.193, 140
Trd, 4319758.443, 100
Trd, 4319758.743, 100
Trd, 4319759.243, 135
Trd, 4319759.843, 130
Trd, 4319760.593, 135
Trd, 4319761.443, 140
Trd, 4319761.943, 140
Trd, 4319762.493, 140
Trd, 4319763.993, 139
Trd, 4319765.043, 136
Trd, 4319765.593, 140
Trd, 4319766.193, 140
Trd, 4319766.393, 139
Trd, 4319766.693, 136
Trd, 4319767.693, 126
Trd, 4319768.793, 140
Trd, 4319769.043, 140
Trd, 4319769.593, 140
Trd, 4319769.993, 140
Trd, 4319771.393, 140
Trd, 4319773.543, 140
Trd, 4319774.793, 140
Trd, 4319774.943, 140
Trd, 4319775.093, 140
Trd, 4319775.243, 140
Trd, 4319776.393, 140
Trd, 4319777.243, 140
Trd, 4319777.743, 140
Trd, 4319777.793, 139
Trd, 4319779.293, 140
Trd, 4319780.293, 140
Trd, 4319780.643, 140
Trd, 4319781.443, 140
Trd, 4319782.043, 140
Trd, 4319782.193, 140
Trd, 4319782.293, 140
Trd, 4319784.593, 140
Trd, 4319784.993, 140
Trd, 4319785.443, 140
Trd, 4319785.693, 136
Trd, 4319785.993, 137
Trd, 4319786.543, 137
Trd, 4319787.693, 139
Trd, 4319787.993, 138
Trd, 4319789.443, 140
Trd, 4319790.443, 140
Trd, 4319790.493, 140
Trd, 4319791.493, 140
Trd, 4319792.043, 140
Trd, 4319792.443, 139
Trd, 4319793.393, 140
Trd, 4319794.943, 140
Trd, 4319795.243, 140
Trd, 4319796.293, 140
Trd, 4319796.593, 140
Trd, 4319797.293, 140
Trd, 4319797.843, 140
Trd, 4319798.393, 140
Trd, 4319799.743, 140
Trd, 4319799.993, 137
Trd, 4319801.843, 140
Trd, 4319802.243, 140
Trd, 4319802.393, 140
Trd, 4319802.843, 140
Trd, 4319803.943, 139
Trd, 4319804.043, 139
Trd, 4319805.443, 140
Trd, 4319805.993, 140
Trd, 4319806.443, 140
Trd, 4319807.093, 140
Trd, 4319807.193, 133
Trd, 4319808.093, 138
Trd, 4319808.343, 135
Trd, 4319809.093, 122
Trd, 4319810.393, 140
Trd, 4319810.593, 116
Trd, 4319811.143, 61
Trd, 4319811.943, 63
Trd, 4319812.343, 70
Trd, 4319813.093, 68
Trd, 4319814.143, 138
Trd, 4319814.193, 137
Trd, 4319815.093, 64
Trd, 4319816.093, 127
Trd, 4319816.243, 138
Trd, 4319816.593, 125
Trd, 4319819.293, 61
Trd, 4319820.093, 61
Trd, 4319820.193, 90
Trd, 4319820.993, 118
Trd, 4319821.693, 122
Trd, 4319823.193, 139
Trd, 4319823.243, 131
Trd, 4319823.293, 130
Trd, 4319823.443, 139
Trd, 4319823.643, 129
Trd, 4319824.643, 140
Trd, 4319825.243, 60
Trd, 4319827.193, 68
Trd, 4319828.193, 83
Trd, 4319828.993, 77
Trd, 4319830.993, 139
Trd, 4319831.043, 135
Trd, 4319831.093, 103
Trd, 4319831.743, 103
Trd, 4319832.193, 78
Trd, 4319832.893, 77
Trd, 4319834.543, 140
Trd, 4319835.243, 140
Trd, 4319835.493, 140
Trd, 4319836.043, 134
Trd, 4319836.993, 99
Trd, 4319837.643, 139
Trd, 4319838.243, 140
Trd, 4319838.893, 140
Trd, 4319839.093, 140
Trd, 4319839.193, 140
Trd, 4319839.643, 140
Trd, 4319841.743, 140
Trd, 4319842.343, 140
Trd, 4319842.593, 140
Trd, 4319844.043, 140
Trd, 4319844.293, 140
Trd, 4319844.393, 140
Trd, 4319845.993, 140
Trd, 4319846.793, 140
Trd, 4319847.493, 140
Trd, 4319848.243, 140
Trd, 4319848.743, 140
Trd, 4319849.293, 140
Trd, 4319849.943, 139
Trd, 4319850.093, 137
Trd, 4319852.143, 140
Trd, 4319852.293, 140
Trd, 4319852.993, 139
Trd, 4319853.043, 128
Trd, 4319853.293, 93
Trd, 4319854.793, 131
Trd, 4319855.093, 131
Trd, 4319855.643, 140
Trd, 4319857.743, 140
Trd, 4319858.343, 140
Trd, 4319859.343, 140
Trd, 4319859.743, 140
Trd, 4319860.443, 140
Trd, 4319861.643, 140
Trd, 4319861.993, 140
Trd, 4319862.293, 140
Trd, 4319863.093, 140
Trd, 4319863.843, 140
Trd, 4319864.643, 140
Trd, 4319865.843, 137
Trd, 4319866.443, 134
Trd, 4319867.243, 140
Trd, 4319867.293, 140
Trd, 4319868.143, 138
Trd, 4319868.543, 103
Trd, 4319868.993, 138
Trd, 4319869.743, 124
Trd, 4319871.243, 140
Trd, 4319871.343, 140
Trd, 4319872.443, 140
Trd, 4319872.893, 140
Trd, 4319874.243, 140
Trd, 4319874.743, 140
Trd, 4319875.493, 140
Trd, 4319875.593, 140
Trd, 4319876.093, 140
Trd, 4319876.643, 132
Trd, 4319878.343, 139
Trd, 4319879.343, 140
Trd, 4319879.993, 140
Trd, 4319880.043, 140
Trd, 4319880.443, 132
Trd, 4319881.343, 137
Trd, 4319882.243, 138
Trd, 4319882.593, 120
Trd, 4319883.093, 139
Trd, 4319883.893, 140
Trd, 4319884.793, 140
Trd, 4319886.843, 140
Trd, 4319886.943, 140
Trd, 4319887.043, 139
Trd, 4319888.743, 140
Trd, 4319888.843, 140
Trd, 4319889.093, 140
Trd, 4319889.443, 140
Trd, 4319890.843, 140
Trd, 4319893.043, 140
Trd, 4319893.293, 140
Trd, 4319893.343, 140
Trd, 4319894.443, 140
Trd, 4319896.693, 140
Trd, 4319897.243, 140
Trd, 4319897.343, 140
Trd, 4319898.443, 140
Trd, 4319898.493, 140
Trd, 4319900.293, 140
Trd, 4319901.343, 140
Trd, 4319902.293, 140
Trd, 4319902.343, 140
Trd, 4319903.043, 140
Trd, 4319903.693, 140
Trd, 4319903.843, 139
Trd, 4319904.293, 136
Trd, 4319904.493, 125
Trd, 4319906.343, 139
Trd, 4319906.393, 138
Trd, 4319908.143, 140
Trd, 4319908.343, 140
Trd, 4319908.993, 140
Trd, 4319909.493, 138
Trd, 4319911.293, 60
Trd, 4319911.393, 60
Trd, 4319911.843, 76
Trd, 4319912.793, 80
Trd, 4319913.093, 81
Trd, 4319913.693, 62
Trd, 4319914.743, 139
Trd, 4319914.893, 139
Trd, 4319916.943, 140
Trd, 4319917.993, 140
Trd, 4319918.393, 140
Trd, 4319918.893, 140
Trd, 4319919.543, 140
Trd, 4319920.893, 140
Trd, 4319921.193, 140
Trd, 4319922.443, 140
Trd, 4319923.993, 140
Trd, 4319924.343, 140
Trd, 4319924.993, 140
Trd, 4319925.293, 140
Trd, 4319925.343, 140
Trd, 4319925.443, 140
Trd, 4319926.043, 139
Trd, 4319926.493, 131
Trd, 4319927.643, 140
Trd, 4319927.893, 140
Trd, 4319930.093, 80
Trd, 4319930.193, 108
Trd, 4319930.593, 138
Trd, 4319933.243, 140
Trd, 4319933.293, 140
Trd, 4319933.593, 139
Trd, 4319934.093, 99
Trd, 4319934.693, 134
Trd, 4319934.943, 117
Trd, 4319935.593, 125
Trd, 4319936.743, 103
Trd, 4319936.893, 128
Trd, 4319937.443, 127
Trd, 4319938.293, 140
Trd, 4319939.843, 140
Trd, 4319940.643, 140
Trd, 4319941.743, 140
Trd, 4319942.793, 140
Trd, 4319944.193, 140
Trd, 4319944.593, 140
Trd, 4319945.043, 140
Trd, 4319945.693, 140
Trd, 4319945.843, 140
Trd, 4319946.693, 140
Trd, 4319947.843, 140
Trd, 4319950.043, 140
Trd, 4319950.293, 140
Trd, 4319950.793, 140
Trd, 4319950.943, 140
Trd, 4319951.643, 140
Trd, 4319953.893, 140
Trd, 4319954.243, 140
Trd, 4319954.493, 140
Trd, 4319954.893, 140
Trd, 4319957.093, 140
Trd, 4319957.343, 140
Trd, 4319957.943, 140
Trd, 4319960.093, 140
Trd, 4319960.893, 140
Trd, 4319961.093, 140
Trd, 4319961.443, 140
Trd, 4319963.843, 140
Trd, 4319963.893, 140
Trd, 4319964.093, 138
Trd, 4319964.343, 131
Trd, 4319964.843, 140
Trd, 4319966.143, 140
Trd, 4319966.643, 140
Trd, 4319967.293, 140
Trd, 4319967.493, 140
Trd, 4319968.043, 140
Trd, 4319968.093, 140
Trd, 4319968.193, 140
Trd, 4319968.293, 138
Trd, 4319969.143, 140
Trd, 4319969.643, 140
Trd, 4319970.093, 139
Trd, 4319971.193, 119
Trd, 4319971.243, 130
Trd, 4319972.193, 140
Trd, 4319974.143, 140
Trd, 4319974.543, 140
Trd, 4319974.943, 140
Trd, 4319975.593, 140
Trd, 4319975.693, 140
Trd, 4319976.943, 140
Trd, 4319977.243, 111
Trd, 4319977.443, 98
Trd, 4319980.043, 140
Trd, 4319980.443, 140
Trd, 4319981.243, 139
Trd, 4319981.443, 140
Trd, 4319981.793, 138
Trd, 4319982.893, 139
Trd, 4319984.243, 140
Trd, 4319984.343, 139
Trd, 4319984.443, 138
Trd, 4319986.743, 140
Trd, 4319986.793, 140
Trd, 4319987.193, 131
Trd, 4319988.743, 140
Trd, 4319989.793, 140
Trd, 4319989.993, 140
Trd, 4319990.343, 140
Trd, 4319990.493, 140
Trd, 4319991.793, 140
Trd, 4319992.343, 140
Trd, 4319993.443, 140
Trd, 4319994.493, 140
Trd, 4319997.193, 140
Trd, 4319997.343, 140
Trd, 4319998.543, 140
Trd, 4319999.043, 140
