Trd, 4318135.343, 100
Trd, 4318135.743, 138
Trd, 4318136.393, 98
Trd, 4318137.543, 101
Trd, 4318137.893, 111
Trd, 4318138.493, 89
Trd, 4318139.393, 114
Trd, 4318139.493, 78
Trd, 4318140.143, 82
Trd, 4318141.243, 138
Trd, 4318141.693, 122
Trd, 4318142.493, 119
Trd, 4318143.593, 138
Trd, 4318144.043, 107
Trd, 4318147.093, 112
Trd, 4318148.443, 112
Trd, 4318149.093, 123
Trd, 4318149.243, 114
Trd, 4318150.193, 125
Trd, 4318150.343, 112
Trd, 4318150.743, 106
Trd, 4318151.393, 96
Trd, 4318153.043, 112
Trd, 4318153.393, 95
Trd, 4318153.643, 138
Trd, 4318154.243, 113
Trd, 4318155.043, 109
Trd, 4318155.943, 100
Trd, 4318156.443, 92
Trd, 4318157.293, 99
Trd, 4318157.343, 86
Trd, 4318157.943, 132
Trd, 4318159.243, 112
Trd, 4318160.093, 124
Trd, 4318160.293, 107
Trd, 4318160.343, 99
Trd, 4318161.393, 112
Trd, 4318162.243, 98
Trd, 4318162.393, 90
Trd, 4318163.943, 111
Trd, 4318164.343, 140
Trd, 4318164.643, 109
Trd, 4318165.093, 122
Trd, 4318166.393, 134
Trd, 4318166.443, 111
Trd, 4318167.193, 102
Trd, 4318167.393, 92
Trd, 4318168.693, 121
Trd, 4318169.543, 125
Trd, 4318169.993, 139
Trd, 4318170.143, 117
Trd, 4318171.943, 93
Trd, 4318172.393, 94
Trd, 4318172.893, 112
Trd, 4318173.343, 122
Trd, 4318173.443, 101
Trd, 4318174.693, 117
Trd, 4318174.893, 83
Trd, 4318175.643, 127
Trd, 4318176.243, 89
Trd, 4318177.443, 136
Trd, 4318178.343, 136
Trd, 4318180.043, 117
Trd, 4318180.343, 108
Trd, 4318180.493, 120
Trd, 4318181.493, 111
Trd, 4318182.043, 128
Trd, 4318182.143, 103
Trd, 4318182.343, 62
Trd, 4318182.543, 92
Trd, 4318183.393, 78
Trd, 4318183.743, 112
Trd, 4318184.593, 65
Trd, 4318185.543, 72
Trd, 4318186.993, 91
Trd, 4318189.293, 97
Trd, 4318189.943, 96
Trd, 4318190.093, 111
Trd, 4318190.493, 89
Trd, 4318190.543, 87
Trd, 4318191.043, 82
Trd, 4318191.143, 91
Trd, 4318191.493, 113
Trd, 4318191.943, 89
Trd, 4318192.393, 116
Trd, 4318193.043, 85
Trd, 4318194.093, 109
Trd, 4318195.493, 119
Trd, 4318196.643, 86
Trd, 4318196.893, 140
Trd, 4318197.243, 127
Trd, 4318198.943, 131
Trd, 4318199.743, 101
Trd, 4318200.743, 95
Trd, 4318200.793, 93
Trd, 4318201.643, 86
Trd, 4318202.093, 83
Trd, 4318202.293, 91
Trd, 4318203.443, 79
Trd, 4318203.843, 130
Trd, 4318205.193, 103
Trd, 4318205.393, 78
Trd, 4318206.193, 63
Trd, 4318206.343, 63
Trd, 4318207.793, 118
Trd, 4318208.443, 126
Trd, 4318208.743, 102
Trd, 4318209.793, 105
Trd, 4318210.093, 121
Trd, 4318210.643, 80
Trd, 4318211.143, 117
Trd, 4318212.493, 128
Trd, 4318213.143, 98
Trd, 4318213.793, 88
Trd, 4318214.143, 88
Trd, 4318215.543, 95
Trd, 4318216.143, 100
Trd, 4318216.793, 112
Trd, 4318217.343, 92
Trd, 4318218.393, 85
Trd, 4318219.793, 137
Trd, 4318220.343, 127
Trd, 4318220.443, 114
Trd, 4318221.793, 115
Trd, 4318222.643, 89
Trd, 4318222.793, 94
Trd, 4318222.993, 86
Trd, 4318223.393, 72
Trd, 4318224.293, 137
Trd, 4318224.443, 119
Trd, 4318225.443, 113
Trd, 4318227.093, 135
Trd, 4318227.393, 119
Trd, 4318228.793, 119
Trd, 4318229.443, 116
Trd, 4318230.193, 128
Trd, 4318230.293, 108
Trd, 4318230.343, 102
Trd, 4318230.993, 125
Trd, 4318231.193, 97
Trd, 4318232.543, 135
Trd, 4318233.093, 120
Trd, 4318234.693, 126
Trd, 4318237.043, 115
Trd, 4318237.193, 114
Trd, 4318237.743, 102
Trd, 4318238.293, 97
Trd, 4318238.893, 122
Trd, 4318239.093, 129
Trd, 4318239.443, 118
Trd, 4318239.643, 108
Trd, 4318240.993, 97
Trd, 4318243.093, 120
Trd, 4318243.493, 109
Trd, 4318244.493, 121
Trd, 4318244.743, 114
Trd, 4318245.543, 116
Trd, 4318245.843, 97
Trd, 4318246.743, 129
Trd, 4318247.793, 111
Trd, 4318247.843, 108
Trd, 4318248.693, 84
Trd, 4318249.343, 104
Trd, 4318249.693, 135
Trd, 4318250.243, 112
Trd, 4318250.343, 82
Trd, 4318251.493, 135
Trd, 4318252.043, 129
Trd, 4318252.793, 116
Trd, 4318252.943, 96
Trd, 4318254.393, 122
Trd, 4318254.693, 111
Trd, 4318255.343, 105
Trd, 4318256.593, 126
Trd, 4318257.243, 100
Trd, 4318257.843, 104
Trd, 4318258.093, 110
Trd, 4318259.893, 62
Trd, 4318260.143, 64
Trd, 4318260.443, 80
Trd, 4318261.043, 65
Trd, 4318261.243, 70
Trd, 4318261.843, 89
Trd, 4318262.043, 97
Trd, 4318262.443, 68
Trd, 4318264.543, 126
Trd, 4318264.693, 107
Trd, 4318266.043, 139
Trd, 4318266.743, 129
Trd, 4318267.643, 113
Trd, 4318267.843, 106
Trd, 4318267.943, 99
Trd, 4318268.293, 104
Trd, 4318269.093, 122
Trd, 4318270.093, 107
Trd, 4318271.443, 125
Trd, 4318272.943, 114
Trd, 4318273.743, 98
Trd, 4318273.943, 88
Trd, 4318274.293, 86
Trd, 4318274.693, 78
Trd, 4318275.143, 63
Trd, 4318276.643, 132
Trd, 4318277.143, 108
Trd, 4318277.543, 127
Trd, 4318277.743, 121
Trd, 4318279.393, 93
Trd, 4318279.943, 65
Trd, 4318280.743, 91
Trd, 4318281.843, 81
Trd, 4318281.993, 72
Trd, 4318282.493, 66
Trd, 4318283.243, 103
Trd, 4318285.193, 139
Trd, 4318285.443, 128
Trd, 4318285.493, 116
Trd, 4318285.643, 107
Trd, 4318286.843, 90
Trd, 4318287.643, 75
Trd, 4318287.993, 102
Trd, 4318290.243, 126
Trd, 4318290.293, 110
Trd, 4318290.943, 82
Trd, 4318291.193, 105
Trd, 4318291.843, 104
Trd, 4318292.043, 114
Trd, 4318292.543, 118
Trd, 4318292.793, 102
Trd, 4318293.443, 95
Trd, 4318295.343, 136
Trd, 4318295.543, 128
Trd, 4318295.643, 101
Trd, 4318296.193, 133
Trd, 4318296.643, 107
Trd, 4318297.143, 96
Trd, 4318298.493, 92
Trd, 4318299.743, 101
Trd, 4318300.593, 92
Trd, 4318301.893, 112
Trd, 4318301.993, 104
Trd, 4318303.643, 104
Trd, 4318304.093, 103
Trd, 4318304.843, 118
Trd, 4318305.393, 113
Trd, 4318306.093, 105
Trd, 4318307.893, 81
Trd, 4318307.943, 99
Trd, 4318308.743, 119
Trd, 4318308.793, 112
Trd, 4318308.943, 101
Trd, 4318309.093, 100
Trd, 4318309.843, 116
Trd, 4318310.093, 101
Trd, 4318310.843, 109
Trd, 4318311.093, 94
Trd, 4318311.243, 127
Trd, 4318314.043, 69
Trd, 4318316.143, 101
Trd, 4318316.393, 99
Trd, 4318316.693, 121
Trd, 4318317.243, 97
Trd, 4318318.193, 110
Trd, 4318318.893, 103
Trd, 4318320.093, 131
Trd, 4318320.343, 136
Trd, 4318320.893, 108
Trd, 4318321.843, 122
Trd, 4318321.943, 115
Trd, 4318322.243, 106
Trd, 4318323.143, 108
Trd, 4318323.443, 98
Trd, 4318323.543, 96
Trd, 4318323.793, 96
Trd, 4318325.693, 119
Trd, 4318326.443, 103
Trd, 4318327.093, 96
Trd, 4318327.393, 68
Trd, 4318328.843, 119
Trd, 4318329.193, 111
Trd, 4318329.343, 96
Trd, 4318329.793, 121
Trd, 4318330.043, 88
Trd, 4318331.493, 136
Trd, 4318331.893, 72
Trd, 4318333.593, 83
Trd, 4318335.093, 82
Trd, 4318335.993, 138
Trd, 4318336.293, 103
Trd, 4318337.193, 82
Trd, 4318337.243, 105
Trd, 4318337.343, 66
Trd, 4318338.143, 80
Trd, 4318339.143, 82
Trd, 4318339.393, 85
Trd, 4318339.643, 131
Trd, 4318340.643, 124
Trd, 4318340.743, 63
Trd, 4318341.493, 128
Trd, 4318342.043, 106
Trd, 4318342.393, 111
Trd, 4318342.793, 119
Trd, 4318343.443, 61
Trd, 4318344.893, 70
Trd, 4318345.343, 97
Trd, 4318346.293, 89
Trd, 4318346.643, 80
Trd, 4318347.543, 120
Trd, 4318348.193, 106
Trd, 4318348.843, 133
Trd, 4318349.543, 126
Trd, 4318350.543, 137
Trd, 4318351.443, 119
Trd, 4318351.993, 127
Trd, 4318352.043, 114
Trd, 4318353.343, 110
Trd, 4318353.793, 101
Trd, 4318354.243, 90
Trd, 4318354.543, 112
Trd, 4318355.293, 69
Trd, 4318356.993, 82
Trd, 4318357.493, 87
Trd, 4318357.943, 131
Trd, 4318358.593, 122
Trd, 4318360.343, 99
Trd, 4318361.543, 100
Trd, 4318361.593, 97
Trd, 4318361.693, 90
Trd, 4318362.293, 113
Trd, 4318363.043, 96
Trd, 4318363.843, 88
Trd, 4318364.143, 130
Trd, 4318364.693, 91
Trd, 4318365.743, 126
Trd, 4318366.393, 88
Trd, 4318367.393, 98
Trd, 4318367.593, 96
Trd, 4318367.943, 111
Trd, 4318368.643, 104
Trd, 4318369.043, 110
Trd, 4318369.443, 114
Trd, 4318369.643, 68
Trd, 4318370.343, 140
Trd, 4318371.343, 139
Trd, 4318372.343, 136
Trd, 4318372.493, 127
Trd, 4318372.543, 102
Trd, 4318375.493, 137
Trd, 4318375.793, 118
Trd, 4318376.093, 95
Trd, 4318376.843, 112
Trd, 4318378.293, 104
Trd, 4318378.393, 89
Trd, 4318379.193, 96
Trd, 4318379.443, 123
Trd, 4318380.293, 120
Trd, 4318380.593, 95
Trd, 4318380.643, 86
Trd, 4318381.043, 70
Trd, 4318381.393, 139
Trd, 4318382.143, 136
Trd, 4318383.093, 80
Trd, 4318385.043, 117
Trd, 4318385.193, 71
Trd, 4318387.043, 121
Trd, 4318387.193, 103
Trd, 4318387.443, 101
Trd, 4318389.493, 107
Trd, 4318390.043, 111
Trd, 4318390.393, 133
Trd, 4318390.793, 120
Trd, 4318391.693, 108
Trd, 4318393.043, 124
Trd, 4318393.443, 94
Trd, 4318394.043, 87
Trd, 4318395.043, 123
Trd, 4318395.493, 122
Trd, 4318396.043, 108
Trd, 4318396.393, 90
Trd, 4318396.443, 126
Trd, 4318396.993, 95
Trd, 4318397.643, 102
Trd, 4318398.293, 83
Trd, 4318398.443, 79
Trd, 4318398.843, 81
Trd, 4318399.143, 70
Trd, 4318400.793, 84
Trd, 4318401.343, 66
Trd, 4318401.993, 91
Trd, 4318402.743, 125
Trd, 4318403.493, 102
Trd, 4318403.943, 114
Trd, 4318404.293, 97
Trd, 4318404.743, 99
Trd, 4318405.643, 111
Trd, 4318405.943, 114
Trd, 4318406.593, 76
Trd, 4318408.743, 73
Trd, 4318408.843, 82
Trd, 4318409.493, 89
Trd, 4318409.693, 71
Trd, 4318409.943, 76
Trd, 4318410.143, 80
Trd, 4318410.843, 64
Trd, 4318411.093, 68
Trd, 4318412.493, 105
Trd, 4318414.493, 105
Trd, 4318414.793, 130
Trd, 4318415.493, 116
Trd, 4318416.393, 74
Trd, 4318417.543, 115
Trd, 4318417.743, 136
Trd, 4318418.093, 117
Trd, 4318418.493, 121
Trd, 4318418.893, 92
Trd, 4318419.493, 104
Trd, 4318419.693, 129
Trd, 4318420.793, 118
Trd, 4318422.293, 131
Trd, 4318422.393, 104
Trd, 4318422.543, 111
Trd, 4318422.893, 128
Trd, 4318423.093, 112
Trd, 4318424.593, 117
Trd, 4318426.493, 93
Trd, 4318426.643, 89
Trd, 4318426.893, 83
Trd, 4318427.143, 80
Trd, 4318427.543, 66
Trd, 4318427.943, 107
Trd, 4318428.443, 137
Trd, 4318428.943, 88
Trd, 4318429.743, 78
Trd, 4318431.793, 127
Trd, 4318432.593, 138
Trd, 4318433.793, 118
Trd, 4318434.893, 122
Trd, 4318434.943, 116
Trd, 4318435.693, 106
Trd, 4318435.893, 93
Trd, 4318436.193, 93
Trd, 4318437.693, 98
Trd, 4318437.743, 106
Trd, 4318438.343, 82
Trd, 4318438.443, 80
Trd, 4318438.943, 77
Trd, 4318439.393, 77
Trd, 4318440.393, 86
Trd, 4318441.643, 83
Trd, 4318441.993, 73
Trd, 4318442.143, 107
Trd, 4318442.693, 61
Trd, 4318442.793, 106
Trd, 4318443.593, 60
Trd, 4318443.843, 63
Trd, 4318445.643, 101
Trd, 4318447.043, 134
Trd, 4318448.443, 127
Trd, 4318448.643, 103
Trd, 4318449.343, 139
Trd, 4318450.043, 92
Trd, 4318450.443, 100
Trd, 4318450.493, 108
Trd, 4318451.093, 89
Trd, 4318451.993, 78
Trd, 4318452.293, 87
Trd, 4318452.393, 71
Trd, 4318453.143, 71
Trd, 4318454.093, 109
Trd, 4318455.543, 138
Trd, 4318457.343, 140
Trd, 4318458.543, 137
Trd, 4318458.793, 121
Trd, 4318459.393, 103
Trd, 4318460.093, 95
Trd, 4318460.193, 104
Trd, 4318460.493, 127
Trd, 4318460.793, 98
Trd, 4318461.543, 109
Trd, 4318463.743, 118
Trd, 4318463.943, 114
Trd, 4318465.643, 120
Trd, 4318466.293, 103
Trd, 4318466.493, 102
Trd, 4318466.593, 93
Trd, 4318467.393, 104
Trd, 4318470.293, 115
Trd, 4318470.593, 135
Trd, 4318470.843, 131
Trd, 4318471.093, 140
Trd, 4318471.143, 103
Trd, 4318471.843, 83
Trd, 4318472.643, 124
Trd, 4318474.493, 114
Trd, 4318474.943, 133
Trd, 4318475.143, 123
Trd, 4318475.593, 133
Trd, 4318476.293, 123
Trd, 4318477.243, 93
Trd, 4318477.743, 120
Trd, 4318478.443, 104
Trd, 4318479.543, 105
Trd, 4318479.893, 133
Trd, 4318480.293, 128
Trd, 4318480.793, 109
Trd, 4318481.093, 98
Trd, 4318482.043, 90
Trd, 4318483.443, 105
Trd, 4318484.443, 104
Trd, 4318484.793, 107
Trd, 4318485.293, 123
Trd, 4318485.393, 117
Trd, 4318485.493, 107
Trd, 4318487.493, 117
Trd, 4318488.293, 113
Trd, 4318488.793, 101
Trd, 4318489.593, 105
Trd, 4318490.793, 107
Trd, 4318490.843, 107
Trd, 4318491.043, 94
Trd, 4318491.193, 123
Trd, 4318492.443, 127
Trd, 4318493.143, 128
Trd, 4318494.793, 119
Trd, 4318494.943, 112
Trd, 4318495.543, 108
Trd, 4318496.143, 105
Trd, 4318496.493, 106
Trd, 4318498.043, 103
Trd, 4318499.343, 130
Trd, 4318499.643, 96
Trd, 4318500.193, 107
Trd, 4318500.643, 96
Trd, 4318501.593, 119
Trd, 4318501.643, 104
Trd, 4318502.043, 95
Trd, 4318503.843, 82
Trd, 4318504.293, 88
Trd, 4318504.543, 116
Trd, 4318504.993, 111
Trd, 4318505.143, 104
Trd, 4318505.743, 72
Trd, 4318508.893, 125
Trd, 4318509.443, 138
Trd, 4318509.743, 136
Trd, 4318510.943, 93
Trd, 4318511.343, 111
Trd, 4318513.343, 104
Trd, 4318513.393, 96
Trd, 4318513.593, 109
Trd, 4318514.793, 95
Trd, 4318515.193, 127
Trd, 4318515.593, 97
Trd, 4318516.593, 89
Trd, 4318517.493, 115
Trd, 4318517.793, 104
Trd, 4318518.093, 137
Trd, 4318518.643, 96
Trd, 4318520.993, 112
Trd, 4318521.493, 134
Trd, 4318521.593, 123
Trd, 4318522.043, 128
Trd, 4318522.293, 93
Trd, 4318523.093, 128
Trd, 4318523.843, 71
Trd, 4318525.343, 65
Trd, 4318525.393, 82
Trd, 4318525.993, 77
Trd, 4318526.093, 97
Trd, 4318527.693, 74
Trd, 4318528.393, 86
Trd, 4318528.443, 80
Trd, 4318530.843, 65
Trd, 4318531.643, 90
Trd, 4318532.443, 92
Trd, 4318534.143, 122
Trd, 4318534.293, 100
Trd, 4318534.443, 92
Trd, 4318534.543, 84
Trd, 4318534.843, 62
Trd, 4318535.493, 137
Trd, 4318536.043, 73
Trd, 4318537.893, 76
Trd, 4318538.043, 74
Trd, 4318539.443, 95
Trd, 4318539.793, 72
Trd, 4318540.843, 75
Trd, 4318541.193, 94
Trd, 4318541.643, 94
Trd, 4318542.193, 66
Trd, 4318542.743, 123
Trd, 4318543.243, 104
Trd, 4318544.693, 119
Trd, 4318545.193, 117
Trd, 4318545.993, 109
Trd, 4318546.793, 124
Trd, 4318547.343, 124
Trd, 4318547.443, 111
Trd, 4318548.743, 122
Trd, 4318549.043, 101
Trd, 4318549.293, 105
Trd, 4318549.693, 84
Trd, 4318549.743, 83
Trd, 4318550.943, 65
Trd, 4318551.093, 68
Trd, 4318551.443, 73
Trd, 4318551.743, 130
Trd, 4318553.993, 60
Trd, 4318554.143, 60
Trd, 4318554.393, 83
Trd, 4318555.343, 75
Trd, 4318556.493, 123
Trd, 4318557.293, 85
Trd, 4318557.443, 97
Trd, 4318557.693, 79
Trd, 4318558.793, 64
Trd, 4318559.443, 78
Trd, 4318559.643, 101
Trd, 4318560.993, 61
Trd, 4318562.493, 70
Trd, 4318562.943, 99
Trd, 4318563.293, 63
Trd, 4318563.793, 115
Trd, 4318566.643, 118
Trd, 4318567.043, 117
Trd, 4318567.443, 139
Trd, 4318567.593, 124
Trd, 4318569.643, 126
Trd, 4318570.643, 107
Trd, 4318571.493, 131
Trd, 4318571.993, 117
Trd, 4318572.193, 117
Trd, 4318572.243, 116
Trd, 4318572.593, 129
Trd, 4318574.093, 97
Trd, 4318574.293, 96
Trd, 4318575.293, 139
Trd, 4318575.343, 129
Trd, 4318576.343, 118
Trd, 4318576.693, 132
Trd, 4318576.743, 108
Trd, 4318577.543, 140
Trd, 4318577.843, 96
Trd, 4318578.943, 108
Trd, 4318580.743, 139
Trd, 4318580.843, 125
Trd, 4318581.793, 123
Trd, 4318582.393, 122
Trd, 4318583.093, 99
Trd, 4318583.193, 98
Trd, 4318584.543, 135
Trd, 4318584.843, 121
Trd, 4318585.093, 101
Trd, 4318585.393, 94
Trd, 4318586.293, 114
Trd, 4318586.393, 92
Trd, 4318587.443, 95
Trd, 4318587.693, 132
Trd, 4318589.243, 102
Trd, 4318590.193, 137
Trd, 4318590.943, 127
Trd, 4318591.593, 124
Trd, 4318591.793, 133
Trd, 4318591.993, 122
Trd, 4318592.593, 110
Trd, 4318593.693, 118
Trd, 4318593.893, 85
Trd, 4318594.543, 135
Trd, 4318595.543, 134
Trd, 4318596.093, 121
Trd, 4318597.243, 106
Trd, 4318597.943, 124
Trd, 4318598.143, 119
Trd, 4318598.993, 123
Trd, 4318599.243, 134
Trd, 4318599.493, 110
Trd, 4318601.193, 138
Trd, 4318601.693, 135
Trd, 4318601.743, 106
Trd, 4318602.793, 88
Trd, 4318604.343, 125
Trd, 4318604.843, 124
Trd, 4318605.793, 113
Trd, 4318606.393, 83
Trd, 4318607.443, 119
Trd, 4318608.693, 131
Trd, 4318609.293, 119
Trd, 4318609.643, 118
Trd, 4318610.343, 119
Trd, 4318610.643, 100
Trd, 4318611.593, 136
Trd, 4318611.993, 89
Trd, 4318612.443, 131
Trd, 4318613.093, 137
Trd, 4318613.343, 91
Trd, 4318613.493, 82
Trd, 4318614.993, 105
Trd, 4318616.693, 130
Trd, 4318616.993, 126
Trd, 4318618.493, 114
Trd, 4318618.543, 124
Trd, 4318619.043, 106
Trd, 4318619.343, 102
Trd, 4318619.493, 98
Trd, 4318620.043, 90
Trd, 4318620.843, 140
Trd, 4318621.393, 115
Trd, 4318621.943, 75
Trd, 4318623.593, 71
Trd, 4318625.343, 110
Trd, 4318625.443, 106
Trd, 4318625.693, 105
Trd, 4318627.043, 122
Trd, 4318628.293, 108
Trd, 4318628.943, 138
Trd, 4318629.093, 128
Trd, 4318629.393, 114
Trd, 4318629.693, 102
Trd, 4318630.343, 95
Trd, 4318631.443, 121
Trd, 4318631.543, 93
Trd, 4318632.143, 89
Trd, 4318634.143, 104
Trd, 4318634.193, 108
Trd, 4318634.393, 87
Trd, 4318634.843, 97
Trd, 4318636.043, 117
Trd, 4318636.793, 112
Trd, 4318637.043, 120
Trd, 4318637.143, 100
Trd, 4318637.593, 84
Trd, 4318638.893, 130
Trd, 4318639.193, 122
Trd, 4318639.743, 130
Trd, 4318640.593, 130
Trd, 4318640.943, 94
Trd, 4318641.093, 90
Trd, 4318642.643, 81
Trd, 4318642.993, 63
Trd, 4318643.993, 65
Trd, 4318645.043, 84
Trd, 4318645.193, 92
Trd, 4318647.243, 118
Trd, 4318647.543, 110
Trd, 4318648.193, 90
Trd, 4318648.893, 90
Trd, 4318649.743, 66
Trd, 4318650.393, 86
Trd, 4318650.643, 75
Trd, 4318651.143, 85
Trd, 4318651.643, 68
Trd, 4318655.193, 86
Trd, 4318655.243, 73
Trd, 4318655.393, 70
Trd, 4318655.443, 104
Trd, 4318656.393, 136
Trd, 4318657.143, 126
Trd, 4318657.793, 75
Trd, 4318658.293, 115
Trd, 4318658.343, 79
Trd, 4318658.993, 101
Trd, 4318659.143, 120
Trd, 4318660.143, 85
Trd, 4318661.193, 120
Trd, 4318661.793, 118
Trd, 4318663.443, 123
Trd, 4318663.993, 124
Trd, 4318664.993, 140
Trd, 4318665.093, 110
Trd, 4318665.443, 99
Trd, 4318667.143, 104
Trd, 4318667.643, 109
Trd, 4318668.943, 133
Trd, 4318669.043, 113
Trd, 4318669.093, 106
Trd, 4318671.443, 94
Trd, 4318671.643, 111
Trd, 4318672.093, 94
Trd, 4318672.393, 88
Trd, 4318672.943, 104
Trd, 4318673.443, 86
Trd, 4318674.093, 90
Trd, 4318677.393, 129
Trd, 4318678.043, 113
Trd, 4318678.893, 101
Trd, 4318679.093, 91
Trd, 4318679.393, 88
Trd, 4318680.593, 112
Trd, 4318680.743, 97
Trd, 4318682.443, 89
Trd, 4318682.843, 100
Trd, 4318683.043, 82
Trd, 4318683.443, 117
Trd, 4318684.343, 119
Trd, 4318685.193, 127
Trd, 4318685.593, 101
Trd, 4318687.143, 86
Trd, 4318687.493, 122
Trd, 4318688.193, 134
Trd, 4318688.393, 123
Trd, 4318688.443, 112
Trd, 4318689.693, 94
Trd, 4318690.993, 139
Trd, 4318692.893, 130
Trd, 4318693.043, 129
Trd, 4318693.093, 117
Trd, 4318693.493, 111
Trd, 4318694.843, 97
Trd, 4318696.043, 131
Trd, 4318696.093, 123
Trd, 4318696.143, 110
Trd, 4318696.543, 136
Trd, 4318696.843, 97
Trd, 4318698.143, 65
Trd, 4318698.243, 67
Trd, 4318699.243, 62
Trd, 4318700.493, 87
Trd, 4318700.543, 104
Trd, 4318701.993, 99
Trd, 4318704.193, 132
Trd, 4318704.693, 128
Trd, 4318705.043, 114
Trd, 4318705.543, 96
Trd, 4318705.843, 122
Trd, 4318706.193, 103
Trd, 4318707.543, 134
Trd, 4318708.093, 71
Trd, 4318708.243, 68
Trd, 4318708.743, 136
Trd, 4318708.793, 126
Trd, 4318708.943, 122
Trd, 4318709.593, 136
Trd, 4318709.743, 105
Trd, 4318709.843, 90
Trd, 4318711.043, 66
Trd, 4318711.943, 82
Trd, 4318712.943, 81
Trd, 4318713.343, 108
Trd, 4318714.293, 125
Trd, 4318714.793, 127
Trd, 4318714.843, 109
Trd, 4318716.243, 128
Trd, 4318716.343, 93
Trd, 4318717.443, 124
Trd, 4318718.893, 127
Trd, 4318719.393, 111
Trd, 4318720.143, 98
Trd, 4318720.443, 88
Trd, 4318721.043, 123
Trd, 4318721.593, 125
Trd, 4318722.343, 94
Trd, 4318722.893, 96
Trd, 4318723.193, 71
Trd, 4318724.693, 120
Trd, 4318724.743, 116
Trd, 4318725.193, 108
Trd, 4318726.893, 111
Trd, 4318726.993, 103
Trd, 4318727.043, 100
Trd, 4318727.643, 127
Trd, 4318728.593, 118
Trd, 4318728.643, 107
Trd, 4318729.293, 115
Trd, 4318729.993, 132
Trd, 4318731.143, 104
Trd, 4318731.493, 107
Trd, 4318731.843, 98
Trd, 4318733.743, 118
Trd, 4318733.843, 104
Trd, 4318733.993, 104
Trd, 4318735.043, 84
Trd, 4318735.693, 89
Trd, 4318737.893, 74
Trd, 4318738.093, 76
Trd, 4318739.043, 113
Trd, 4318739.743, 65
Trd, 4318739.793, 68
Trd, 4318739.943, 105
Trd, 4318740.643, 83
Trd, 4318741.393, 96
Trd, 4318742.743, 112
Trd, 4318743.393, 105
Trd, 4318744.543, 78
Trd, 4318745.493, 62
Trd, 4318745.943, 85
Trd, 4318746.343, 120
Trd, 4318747.543, 89
Trd, 4318747.643, 86
Trd, 4318747.943, 88
Trd, 4318749.243, 65
Trd, 4318749.493, 104
Trd, 4318750.543, 108
Trd, 4318751.443, 82
Trd, 4318751.693, 127
Trd, 4318751.943, 78
Trd, 4318753.443, 73
Trd, 4318753.743, 90
Trd, 4318754.543, 78
Trd, 4318754.843, 68
Trd, 4318755.143, 138
Trd, 4318755.293, 78
Trd, 4318756.043, 86
Trd, 4318756.393, 76
Trd, 4318756.893, 93
Trd, 4318758.943, 110
Trd, 4318759.193, 112
Trd, 4318759.593, 139
Trd, 4318760.043, 132
Trd, 4318761.493, 119
Trd, 4318761.793, 107
Trd, 4318762.593, 100
Trd, 4318763.143, 112
Trd, 4318763.843, 127
Trd, 4318764.293, 121
Trd, 4318765.043, 79
Trd, 4318765.293, 122
Trd, 4318765.743, 70
Trd, 4318766.343, 91
Trd, 4318766.693, 120
Trd, 4318767.743, 88
Trd, 4318768.993, 129
Trd, 4318770.093, 103
Trd, 4318771.393, 103
Trd, 4318771.593, 99
Trd, 4318771.793, 94
Trd, 4318771.843, 93
Trd, 4318772.493, 74
Trd, 4318772.793, 64
Trd, 4318773.993, 66
Trd, 4318776.043, 83
Trd, 4318776.093, 77
Trd, 4318776.693, 114
Trd, 4318776.943, 116
Trd, 4318777.493, 75
Trd, 4318778.443, 136
Trd, 4318778.893, 117
Trd, 4318778.993, 121
Trd, 4318780.143, 105
Trd, 4318780.243, 92
Trd, 4318780.393, 123
Trd, 4318780.793, 134
Trd, 4318782.443, 131
Trd, 4318783.443, 112
Trd, 4318783.943, 133
Trd, 4318784.693, 118
Trd, 4318785.693, 136
Trd, 4318785.743, 110
Trd, 4318786.293, 119
Trd, 4318789.043, 103
Trd, 4318789.143, 101
Trd, 4318790.643, 133
Trd, 4318790.693, 119
Trd, 4318790.743, 134
Trd, 4318791.943, 119
Trd, 4318792.593, 95
Trd, 4318792.743, 71
Trd, 4318793.643, 65
Trd, 4318795.343, 120
Trd, 4318796.593, 95
Trd, 4318797.293, 113
Trd, 4318797.893, 122
Trd, 4318797.943, 98
Trd, 4318798.143, 83
Trd, 4318798.743, 95
Trd, 4318799.493, 122
Trd, 4318799.743, 86
Trd, 4318800.343, 93
Trd, 4318801.043, 79
Trd, 4318802.043, 125
Trd, 4318802.293, 95
Trd, 4318803.943, 114
Trd, 4318804.843, 110
Trd, 4318805.593, 115
Trd, 4318806.093, 100
Trd, 4318806.343, 86
Trd, 4318807.093, 135
Trd, 4318808.343, 104
Trd, 4318809.443, 96
Trd, 4318811.293, 75
Trd, 4318811.393, 72
Trd, 4318812.143, 76
Trd, 4318812.593, 95
Trd, 4318813.193, 94
Trd, 4318813.443, 94
Trd, 4318814.193, 89
Trd, 4318814.593, 72
Trd, 4318815.093, 70
Trd, 4318815.293, 73
Trd, 4318818.143, 108
Trd, 4318818.543, 107
Trd, 4318819.093, 110
Trd, 4318819.643, 132
Trd, 4318819.843, 117
Trd, 4318821.043, 131
Trd, 4318821.543, 119
Trd, 4318821.593, 111
Trd, 4318824.193, 132
Trd, 4318825.693, 111
Trd, 4318825.843, 99
Trd, 4318826.543, 115
Trd, 4318827.343, 126
Trd, 4318829.293, 132
Trd, 4318829.543, 121
Trd, 4318829.593, 115
Trd, 4318829.843, 112
Trd, 4318831.043, 103
Trd, 4318831.093, 114
Trd, 4318832.443, 132
Trd, 4318832.643, 101
Trd, 4318832.743, 91
Trd, 4318833.093, 84
Trd, 4318834.593, 61
Trd, 4318836.043, 81
Trd, 4318836.693, 99
Trd, 4318836.743, 95
Trd, 4318837.593, 93
Trd, 4318838.143, 100
Trd, 4318839.543, 75
Trd, 4318839.843, 73
Trd, 4318840.343, 73
Trd, 4318841.143, 94
Trd, 4318841.843, 73
Trd, 4318842.093, 99
Trd, 4318842.593, 101
Trd, 4318842.693, 71
Trd, 4318843.643, 104
Trd, 4318845.343, 94
Trd, 4318846.193, 102
Trd, 4318846.743, 100
Trd, 4318846.993, 90
Trd, 4318847.393, 129
Trd, 4318848.593, 92
Trd, 4318848.943, 126
Trd, 4318849.393, 94
Trd, 4318849.443, 94
Trd, 4318850.443, 138
Trd, 4318851.193, 89
Trd, 4318852.043, 85
Trd, 4318852.893, 77
Trd, 4318852.993, 72
Trd, 4318854.293, 82
Trd, 4318855.893, 68
Trd, 4318856.893, 95
Trd, 4318857.043, 121
Trd, 4318857.143, 140
Trd, 4318858.693, 111
Trd, 4318859.193, 105
Trd, 4318859.693, 113
Trd, 4318859.893, 101
Trd, 4318860.893, 78
Trd, 4318861.793, 96
Trd, 4318862.743, 85
Trd, 4318862.893, 111
Trd, 4318863.393, 85
Trd, 4318863.793, 84
Trd, 4318864.943, 93
Trd, 4318865.193, 111
Trd, 4318866.593, 102
Trd, 4318866.643, 92
Trd, 4318867.193, 104
Trd, 4318867.243, 102
Trd, 4318867.293, 93
Trd, 4318868.443, 80
Trd, 4318868.743, 77
Trd, 4318869.693, 103
Trd, 4318870.293, 73
Trd, 4318871.993, 108
Trd, 4318872.843, 77
Trd, 4318873.843, 91
Trd, 4318873.943, 126
Trd, 4318876.393, 138
Trd, 4318876.543, 135
Trd, 4318877.193, 140
Trd, 4318877.843, 118
Trd, 4318877.993, 106
Trd, 4318878.993, 124
Trd, 4318879.243, 115
Trd, 4318879.443, 101
Trd, 4318880.093, 68
Trd, 4318880.393, 72
Trd, 4318881.393, 96
Trd, 4318882.343, 121
Trd, 4318883.143, 101
Trd, 4318883.843, 82
Trd, 4318885.093, 103
Trd, 4318885.743, 139
Trd, 4318885.943, 120
Trd, 4318887.643, 136
Trd, 4318888.443, 127
Trd, 4318888.493, 120
Trd, 4318889.193, 135
Trd, 4318891.793, 104
Trd, 4318892.193, 124
Trd, 4318892.293, 108
Trd, 4318892.493, 103
Trd, 4318892.593, 103
Trd, 4318893.793, 133
Trd, 4318894.793, 116
Trd, 4318894.943, 116
Trd, 4318896.543, 130
Trd, 4318896.693, 111
Trd, 4318897.343, 96
Trd, 4318898.093, 132
Trd, 4318898.743, 127
Trd, 4318900.043, 95
Trd, 4318900.093, 88
Trd, 4318900.493, 88
Trd, 4318900.543, 125
Trd, 4318901.343, 122
Trd, 4318901.793, 115
Trd, 4318902.593, 119
Trd, 4318903.493, 130
Trd, 4318904.243, 108
Trd, 4318905.543, 134
Trd, 4318906.243, 114
Trd, 4318907.343, 134
Trd, 4318907.993, 134
Trd, 4318908.443, 123
Trd, 4318909.443, 113
Trd, 4318909.943, 106
Trd, 4318910.393, 114
Trd, 4318910.443, 98
Trd, 4318910.693, 88
Trd, 4318911.293, 62
Trd, 4318912.443, 67
Trd, 4318912.593, 70
Trd, 4318913.843, 137
Trd, 4318914.393, 128
Trd, 4318914.793, 117
Trd, 4318915.493, 104
Trd, 4318915.693, 101
Trd, 4318916.343, 67
Trd, 4318916.693, 64
Trd, 4318918.193, 72
Trd, 4318918.493, 81
Trd, 4318919.243, 134
Trd, 4318919.593, 88
Trd, 4318921.793, 87
Trd, 4318921.893, 90
Trd, 4318923.793, 81
Trd, 4318924.393, 89
Trd, 4318924.543, 116
Trd, 4318924.643, 79
Trd, 4318925.393, 64
Trd, 4318926.743, 89
Trd, 4318927.443, 72
Trd, 4318928.193, 69
Trd, 4318928.893, 93
Trd, 4318928.993, 87
Trd, 4318929.893, 122
Trd, 4318929.993, 100
Trd, 4318931.243, 91
Trd, 4318931.493, 78
Trd, 4318931.593, 92
Trd, 4318931.743, 112
Trd, 4318932.993, 113
Trd, 4318934.243, 105
Trd, 4318934.293, 100
Trd, 4318934.693, 87
Trd, 4318935.593, 124
Trd, 4318937.343, 103
Trd, 4318937.643, 95
Trd, 4318937.893, 95
Trd, 4318938.243, 110
Trd, 4318938.343, 111
Trd, 4318939.843, 106
Trd, 4318940.093, 136
Trd, 4318940.643, 97
Trd, 4318940.843, 84
Trd, 4318943.293, 132
Trd, 4318943.793, 129
Trd, 4318945.243, 123
Trd, 4318945.343, 115
Trd, 4318945.993, 126
Trd, 4318946.193, 119
Trd, 4318946.393, 91
Trd, 4318946.893, 119
Trd, 4318947.943, 98
Trd, 4318948.693, 89
Trd, 4318950.043, 122
Trd, 4318950.143, 102
Trd, 4318951.443, 67
Trd, 4318951.793, 81
Trd, 4318952.043, 87
Trd, 4318953.643, 63
Trd, 4318953.743, 64
Trd, 4318954.793, 103
Trd, 4318955.393, 103
Trd, 4318957.143, 93
Trd, 4318957.593, 107
Trd, 4318957.843, 87
Trd, 4318958.343, 100
Trd, 4318958.793, 81
Trd, 4318959.493, 97
Trd, 4318960.793, 74
Trd, 4318960.893, 72
Trd, 4318961.443, 128
Trd, 4318961.793, 112
Trd, 4318962.243, 98
Trd, 4318963.043, 99
Trd, 4318963.443, 98
Trd, 4318964.293, 116
Trd, 4318965.093, 110
Trd, 4318965.643, 97
Trd, 4318967.493, 67
Trd, 4318968.543, 93
Trd, 4318969.593, 67
Trd, 4318969.643, 108
Trd, 4318970.493, 73
Trd, 4318970.943, 62
Trd, 4318971.593, 79
Trd, 4318971.893, 89
Trd, 4318972.193, 109
Trd, 4318973.543, 98
Trd, 4318974.593, 138
Trd, 4318975.393, 133
Trd, 4318975.693, 117
Trd, 4318975.893, 103
Trd, 4318976.193, 86
Trd, 4318976.593, 61
Trd, 4318976.893, 136
Trd, 4318978.893, 134
Trd, 4318979.643, 106
Trd, 4318980.243, 104
Trd, 4318980.693, 113
Trd, 4318981.093, 93
Trd, 4318981.643, 96
Trd, 4318982.143, 94
Trd, 4318982.693, 124
Trd, 4318983.743, 88
Trd, 4318984.543, 92
Trd, 4318985.193, 91
Trd, 4318986.243, 118
Trd, 4318986.293, 105
Trd, 4318987.043, 89
Trd, 4318987.843, 82
Trd, 4318987.943, 97
Trd, 4318988.643, 133
Trd, 4318989.093, 128
Trd, 4318990.293, 140
Trd, 4318991.193, 133
Trd, 4318991.293, 124
Trd, 4318992.693, 64
Trd, 4318993.893, 114
Trd, 4318994.143, 111
Trd, 4318994.893, 65
Trd, 4318995.643, 65
Trd, 4318996.493, 138
Trd, 4318996.593, 116
Trd, 4318997.193, 111
Trd, 4318997.293, 117
Trd, 4318998.043, 127
Trd, 4318998.493, 136
Trd, 4318998.943, 122
Trd, 4318999.243, 105
Trd, 4319002.293, 109
Trd, 4319002.693, 105
Trd, 4319002.843, 90
Trd, 4319002.943, 89
Trd, 4319003.443, 101
Trd, 4319003.843, 118
Trd, 4319005.193, 72
Trd, 4319005.943, 112
Trd, 4319006.343, 97
Trd, 4319006.643, 80
Trd, 4319008.043, 76
Trd, 4319008.193, 71
Trd, 4319008.693, 102
Trd, 4319008.993, 89
Trd, 4319009.593, 106
Trd, 4319010.243, 108
Trd, 4319011.093, 101
Trd, 4319012.643, 84
Trd, 4319013.293, 96
Trd, 4319013.543, 103
Trd, 4319013.843, 119
Trd, 4319014.143, 72
Trd, 4319014.243, 68
Trd, 4319015.743, 110
Trd, 4319016.093, 72
Trd, 4319016.993, 75
Trd, 4319018.443, 100
Trd, 4319019.193, 68
Trd, 4319020.193, 122
Trd, 4319020.243, 101
Trd, 4319020.643, 91
Trd, 4319021.593, 94
Trd, 4319021.943, 82
Trd, 4319022.043, 129
Trd, 4319022.993, 122
Trd, 4319023.743, 112
Trd, 4319024.193, 75
Trd, 4319024.293, 74
Trd, 4319025.343, 125
Trd, 4319025.893, 132
Trd, 4319026.693, 98
Trd, 4319027.093, 116
Trd, 4319027.193, 104
Trd, 4319027.393, 117
Trd, 4319028.043, 91
Trd, 4319030.143, 111
Trd, 4319030.243, 110
Trd, 4319031.693, 126
Trd, 4319031.993, 123
Trd, 4319032.443, 138
Trd, 4319032.793, 110
Trd, 4319033.443, 105
Trd, 4319033.943, 112
Trd, 4319035.093, 132
Trd, 4319035.643, 119
Trd, 4319035.743, 101
Trd, 4319036.443, 128
Trd, 4319036.993, 121
Trd, 4319037.243, 80
Trd, 4319038.493, 132
Trd, 4319039.243, 89
Trd, 4319039.543, 88
Trd, 4319039.793, 117
Trd, 4319040.093, 87
Trd, 4319043.893, 121
Trd, 4319044.093, 105
Trd, 4319044.293, 103
Trd, 4319045.893, 104
Trd, 4319047.443, 121
Trd, 4319047.843, 106
Trd, 4319049.143, 112
Trd, 4319049.593, 112
Trd, 4319050.143, 103
Trd, 4319050.993, 116
Trd, 4319051.443, 96
Trd, 4319051.593, 99
Trd, 4319052.043, 88
Trd, 4319053.193, 131
Trd, 4319053.293, 99
Trd, 4319053.843, 88
Trd, 4319054.943, 138
Trd, 4319055.043, 126
Trd, 4319055.693, 113
Trd, 4319056.943, 101
Trd, 4319057.993, 119
Trd, 4319058.143, 116
Trd, 4319059.393, 83
Trd, 4319060.543, 140
Trd, 4319061.693, 93
Trd, 4319062.993, 140
Trd, 4319064.543, 105
Trd, 4319064.743, 103
Trd, 4319064.843, 97
Trd, 4319064.943, 97
Trd, 4319065.293, 88
Trd, 4319065.843, 118
Trd, 4319067.743, 118
Trd, 4319067.893, 102
Trd, 4319069.043, 83
Trd, 4319070.093, 107
Trd, 4319071.093, 102
Trd, 4319072.543, 120
Trd, 4319073.293, 138
Trd, 4319073.443, 133
Trd, 4319075.693, 120
Trd, 4319076.443, 116
Trd, 4319076.593, 113
Trd, 4319076.893, 126
Trd, 4319076.943, 111
Trd, 4319077.793, 109
Trd, 4319077.893, 102
Trd, 4319078.243, 132
Trd, 4319078.543, 85
Trd, 4319079.843, 73
Trd, 4319080.093, 102
Trd, 4319080.943, 65
Trd, 4319082.143, 77
Trd, 4319082.693, 101
Trd, 4319082.943, 117
Trd, 4319083.293, 118
Trd, 4319084.343, 140
Trd, 4319084.643, 122
Trd, 4319085.793, 140
Trd, 4319086.043, 134
Trd, 4319086.493, 129
Trd, 4319086.643, 110
Trd, 4319086.993, 121
Trd, 4319087.543, 122
Trd, 4319087.793, 133
Trd, 4319087.843, 121
Trd, 4319088.143, 110
Trd, 4319088.843, 133
Trd, 4319089.143, 105
Trd, 4319091.043, 125
Trd, 4319091.343, 96
Trd, 4319091.393, 82
Trd, 4319091.743, 70
Trd, 4319092.593, 67
Trd, 4319094.093, 98
Trd, 4319094.443, 107
Trd, 4319094.943, 124
Trd, 4319095.043, 64
Trd, 4319095.393, 126
Trd, 4319099.943, 126
Trd, 4319100.943, 134
Trd, 4319101.193, 123
Trd, 4319101.293, 119
Trd, 4319102.043, 118
Trd, 4319103.143, 99
Trd, 4319103.593, 96
Trd, 4319104.493, 94
Trd, 4319104.843, 91
Trd, 4319105.393, 70
Trd, 4319105.993, 90
Trd, 4319107.093, 115
Trd, 4319107.593, 85
Trd, 4319108.043, 63
Trd, 4319108.193, 64
Trd, 4319108.543, 101
Trd, 4319111.493, 89
Trd, 4319111.543, 84
Trd, 4319112.543, 118
Trd, 4319112.643, 117
Trd, 4319113.043, 90
Trd, 4319113.093, 89
Trd, 4319113.193, 126
Trd, 4319113.393, 82
Trd, 4319114.543, 65
Trd, 4319114.843, 79
Trd, 4319116.193, 85
Trd, 4319118.093, 92
Trd, 4319118.393, 76
Trd, 4319118.543, 107
Trd, 4319119.943, 137
Trd, 4319120.443, 114
Trd, 4319121.293, 106
Trd, 4319121.693, 108
Trd, 4319121.943, 91
Trd, 4319122.493, 88
Trd, 4319122.993, 84
Trd, 4319123.043, 94
Trd, 4319123.393, 105
Trd, 4319124.093, 95
Trd, 4319125.193, 89
Trd, 4319126.243, 93
Trd, 4319127.693, 94
Trd, 4319127.993, 99
Trd, 4319129.093, 137
Trd, 4319130.243, 109
Trd, 4319130.443, 106
Trd, 4319131.093, 81
Trd, 4319131.443, 92
Trd, 4319131.843, 65
Trd, 4319132.593, 64
Trd, 4319133.593, 76
Trd, 4319133.643, 84
Trd, 4319135.643, 82
Trd, 4319135.693, 95
Trd, 4319136.293, 109
Trd, 4319137.343, 107
Trd, 4319138.743, 99
Trd, 4319139.043, 98
Trd, 4319139.193, 91
Trd, 4319140.543, 97
Trd, 4319141.343, 76
Trd, 4319141.493, 98
Trd, 4319141.793, 70
Trd, 4319143.093, 64
Trd, 4319143.243, 87
Trd, 4319143.893, 92
Trd, 4319144.893, 81
Trd, 4319144.943, 84
Trd, 4319147.343, 78
Trd, 4319147.543, 83
Trd, 4319147.993, 131
Trd, 4319148.293, 109
Trd, 4319148.743, 120
Trd, 4319148.893, 91
Trd, 4319149.393, 69
Trd, 4319150.043, 114
Trd, 4319150.693, 85
Trd, 4319150.793, 72
Trd, 4319151.343, 115
Trd, 4319151.893, 93
Trd, 4319153.143, 109
Trd, 4319153.593, 125
Trd, 4319153.843, 102
Trd, 4319154.493, 99
Trd, 4319156.693, 76
Trd, 4319156.893, 92
Trd, 4319157.343, 77
Trd, 4319157.493, 104
Trd, 4319157.843, 77
Trd, 4319157.993, 73
Trd, 4319160.293, 118
Trd, 4319160.643, 112
Trd, 4319162.093, 104
Trd, 4319162.943, 139
Trd, 4319163.643, 89
Trd, 4319164.543, 108
Trd, 4319164.593, 114
Trd, 4319165.493, 118
Trd, 4319167.543, 99
Trd, 4319167.993, 102
Trd, 4319168.043, 99
Trd, 4319168.243, 87
Trd, 4319169.343, 90
Trd, 4319170.293, 82
Trd, 4319170.993, 108
Trd, 4319172.343, 117
Trd, 4319173.793, 129
Trd, 4319173.893, 122
Trd, 4319175.443, 97
Trd, 4319175.943, 107
Trd, 4319176.193, 92
Trd, 4319177.943, 126
Trd, 4319178.293, 128
Trd, 4319180.093, 135
Trd, 4319180.493, 133
Trd, 4319180.593, 124
Trd, 4319181.593, 113
Trd, 4319181.893, 100
Trd, 4319182.893, 135
Trd, 4319184.493, 112
Trd, 4319184.993, 109
Trd, 4319185.293, 112
Trd, 4319185.893, 92
Trd, 4319186.243, 89
Trd, 4319186.343, 79
Trd, 4319186.893, 128
Trd, 4319187.493, 140
Trd, 4319188.093, 119
Trd, 4319188.643, 123
Trd, 4319188.893, 104
Trd, 4319189.043, 94
Trd, 4319189.143, 91
Trd, 4319190.143, 98
Trd, 4319190.693, 138
Trd, 4319191.793, 119
Trd, 4319193.243, 112
Trd, 4319193.693, 136
Trd, 4319193.793, 105
Trd, 4319194.043, 138
Trd, 4319195.243, 95
Trd, 4319196.793, 83
Trd, 4319197.643, 64
Trd, 4319198.143, 98
Trd, 4319198.693, 65
Trd, 4319199.643, 79
Trd, 4319199.693, 75
Trd, 4319200.543, 107
Trd, 4319200.793, 113
Trd, 4319200.893, 76
Trd, 4319201.643, 60
Trd, 4319202.393, 120
Trd, 4319203.793, 70
Trd, 4319205.343, 76
Trd, 4319205.593, 90
Trd, 4319205.643, 115
Trd, 4319206.343, 113
Trd, 4319206.743, 116
Trd, 4319208.443, 132
Trd, 4319208.793, 116
Trd, 4319208.893, 109
Trd, 4319209.443, 89
Trd, 4319209.493, 76
Trd, 4319209.593, 132
Trd, 4319210.093, 134
Trd, 4319211.043, 123
Trd, 4319211.693, 65
Trd, 4319212.443, 88
Trd, 4319213.643, 100
Trd, 4319214.243, 125
Trd, 4319215.693, 92
Trd, 4319216.543, 131
Trd, 4319217.043, 85
Trd, 4319219.143, 120
Trd, 4319219.443, 113
Trd, 4319220.093, 106
Trd, 4319220.243, 112
Trd, 4319221.693, 131
Trd, 4319221.943, 128
Trd, 4319222.043, 111
Trd, 4319222.443, 101
Trd, 4319224.743, 78
Trd, 4319225.293, 92
Trd, 4319225.943, 112
Trd, 4319226.393, 89
Trd, 4319227.093, 96
Trd, 4319227.993, 69
Trd, 4319228.493, 88
Trd, 4319229.393, 92
Trd, 4319229.593, 73
Trd, 4319230.793, 118
Trd, 4319231.443, 70
Trd, 4319233.143, 99
Trd, 4319233.643, 96
Trd, 4319234.193, 107
Trd, 4319235.593, 118
Trd, 4319235.693, 105
Trd, 4319236.593, 70
Trd, 4319236.693, 79
Trd, 4319238.443, 133
Trd, 4319238.543, 136
Trd, 4319239.243, 131
Trd, 4319239.643, 116
Trd, 4319239.943, 137
Trd, 4319240.143, 111
Trd, 4319240.743, 72
Trd, 4319241.993, 110
Trd, 4319242.993, 76
Trd, 4319243.193, 110
Trd, 4319243.793, 88
Trd, 4319244.793, 96
Trd, 4319244.843, 85
Trd, 4319245.643, 94
Trd, 4319246.143, 77
Trd, 4319246.793, 118
Trd, 4319248.093, 119
Trd, 4319248.843, 109
Trd, 4319249.843, 127
Trd, 4319251.293, 128
Trd, 4319252.093, 119
Trd, 4319252.293, 105
Trd, 4319252.943, 111
Trd, 4319253.193, 119
Trd, 4319253.843, 118
Trd, 4319254.293, 67
Trd, 4319254.893, 92
Trd, 4319255.843, 131
Trd, 4319257.193, 115
Trd, 4319258.143, 135
Trd, 4319258.793, 131
Trd, 4319260.493, 113
Trd, 4319260.543, 127
Trd, 4319260.593, 113
Trd, 4319261.093, 123
Trd, 4319261.243, 106
Trd, 4319261.393, 102
Trd, 4319261.793, 109
Trd, 4319262.093, 112
Trd, 4319263.193, 87
Trd, 4319263.293, 87
Trd, 4319264.543, 133
Trd, 4319265.393, 129
Trd, 4319266.443, 109
Trd, 4319266.543, 108
Trd, 4319267.643, 110
Trd, 4319267.693, 104
Trd, 4319268.393, 94
Trd, 4319269.543, 83
Trd, 4319270.293, 117
Trd, 4319270.593, 129
Trd, 4319271.543, 115
Trd, 4319271.893, 133
Trd, 4319273.093, 82
Trd, 4319273.543, 104
Trd, 4319274.143, 90
Trd, 4319274.843, 111
Trd, 4319276.493, 116
Trd, 4319276.593, 108
Trd, 4319276.843, 107
Trd, 4319277.493, 90
Trd, 4319278.793, 112
Trd, 4319279.493, 105
Trd, 4319279.643, 84
Trd, 4319280.443, 103
Trd, 4319281.843, 72
Trd, 4319282.443, 71
Trd, 4319283.093, 80
Trd, 4319283.943, 95
Trd, 4319284.593, 72
Trd, 4319285.443, 80
Trd, 4319285.743, 138
Trd, 4319285.893, 124
Trd, 4319286.493, 133
Trd, 4319287.443, 117
Trd, 4319287.843, 72
Trd, 4319288.093, 124
Trd, 4319289.243, 117
Trd, 4319289.943, 128
Trd, 4319290.043, 103
Trd, 4319291.593, 76
Trd, 4319291.693, 94
Trd, 4319292.193, 120
Trd, 4319292.743, 105
Trd, 4319293.593, 100
Trd, 4319294.643, 92
Trd, 4319294.843, 113
Trd, 4319296.793, 131
Trd, 4319296.843, 109
Trd, 4319296.943, 109
Trd, 4319298.393, 83
Trd, 4319300.193, 106
Trd, 4319300.593, 118
Trd, 4319300.743, 95
Trd, 4319301.943, 140
Trd, 4319301.993, 124
Trd, 4319302.343, 106
Trd, 4319304.193, 88
Trd, 4319304.243, 83
Trd, 4319305.443, 109
Trd, 4319306.193, 110
Trd, 4319306.393, 95
Trd, 4319306.593, 93
Trd, 4319307.493, 97
Trd, 4319308.493, 114
Trd, 4319309.993, 121
Trd, 4319310.393, 140
Trd, 4319311.093, 119
Trd, 4319312.343, 100
Trd, 4319312.743, 77
Trd, 4319315.293, 124
Trd, 4319316.393, 119
Trd, 4319316.793, 123
Trd, 4319317.393, 118
Trd, 4319317.493, 111
Trd, 4319317.893, 125
Trd, 4319318.093, 118
Trd, 4319319.993, 94
Trd, 4319320.993, 92
Trd, 4319321.443, 90
Trd, 4319323.243, 138
Trd, 4319323.843, 111
Trd, 4319324.193, 105
Trd, 4319325.543, 91
Trd, 4319325.843, 78
Trd, 4319326.443, 115
Trd, 4319328.443, 130
Trd, 4319329.693, 127
Trd, 4319329.943, 105
Trd, 4319330.343, 110
Trd, 4319330.393, 85
Trd, 4319330.843, 101
Trd, 4319331.393, 108
Trd, 4319332.093, 87
Trd, 4319332.193, 68
Trd, 4319333.143, 69
Trd, 4319334.093, 139
Trd, 4319334.493, 91
Trd, 4319334.793, 84
Trd, 4319335.543, 83
Trd, 4319336.693, 116
Trd, 4319336.743, 108
Trd, 4319337.693, 98
Trd, 4319337.893, 97
Trd, 4319338.193, 107
Trd, 4319339.093, 96
Trd, 4319340.043, 124
Trd, 4319340.543, 138
Trd, 4319340.893, 116
Trd, 4319343.243, 101
Trd, 4319343.393, 123
Trd, 4319344.393, 111
Trd, 4319345.793, 97
Trd, 4319345.843, 96
Trd, 4319346.143, 96
Trd, 4319346.743, 134
Trd, 4319347.043, 118
Trd, 4319347.243, 130
Trd, 4319348.193, 132
Trd, 4319350.493, 112
Trd, 4319350.693, 94
Trd, 4319351.243, 99
Trd, 4319351.343, 89
Trd, 4319352.143, 88
Trd, 4319352.643, 138
Trd, 4319352.943, 135
Trd, 4319353.793, 134
Trd, 4319354.393, 102
Trd, 4319355.343, 120
Trd, 4319356.093, 112
Trd, 4319356.343, 68
Trd, 4319357.693, 88
Trd, 4319358.443, 109
Trd, 4319358.493, 94
Trd, 4319360.493, 100
Trd, 4319361.343, 87
Trd, 4319362.993, 136
Trd, 4319363.043, 129
Trd, 4319363.143, 117
Trd, 4319364.143, 121
Trd, 4319364.443, 128
Trd, 4319364.743, 121
Trd, 4319365.393, 103
Trd, 4319365.543, 86
Trd, 4319366.893, 111
Trd, 4319367.543, 92
Trd, 4319369.493, 98
Trd, 4319369.793, 89
Trd, 4319370.193, 85
Trd, 4319370.893, 118
Trd, 4319371.093, 88
Trd, 4319372.443, 102
Trd, 4319374.443, 87
Trd, 4319377.243, 132
Trd, 4319377.493, 129
Trd, 4319378.243, 103
Trd, 4319378.593, 131
Trd, 4319378.943, 103
Trd, 4319379.693, 93
Trd, 4319380.093, 112
Trd, 4319380.543, 121
Trd, 4319381.093, 105
Trd, 4319381.943, 89
Trd, 4319382.443, 126
Trd, 4319382.743, 72
Trd, 4319383.543, 122
Trd, 4319383.743, 106
Trd, 4319383.793, 106
Trd, 4319384.893, 105
Trd, 4319385.043, 122
Trd, 4319385.993, 86
Trd, 4319386.593, 131
Trd, 4319387.643, 67
Trd, 4319388.043, 75
Trd, 4319390.293, 75
Trd, 4319390.893, 138
Trd, 4319391.193, 124
Trd, 4319392.893, 92
Trd, 4319393.143, 109
Trd, 4319393.643, 99
Trd, 4319393.843, 92
Trd, 4319394.293, 126
Trd, 4319395.943, 126
Trd, 4319396.743, 108
Trd, 4319396.943, 90
Trd, 4319397.643, 70
Trd, 4319398.743, 80
Trd, 4319398.943, 80
Trd, 4319399.993, 119
Trd, 4319400.543, 112
Trd, 4319401.543, 124
Trd, 4319401.993, 113
Trd, 4319402.543, 91
Trd, 4319402.843, 80
Trd, 4319403.943, 95
Trd, 4319404.293, 113
Trd, 4319404.893, 102
Trd, 4319405.343, 80
Trd, 4319405.993, 74
Trd, 4319406.243, 101
Trd, 4319407.093, 118
Trd, 4319407.743, 63
Trd, 4319409.393, 98
Trd, 4319410.143, 118
Trd, 4319410.543, 111
Trd, 4319411.343, 132
Trd, 4319411.593, 118
Trd, 4319412.193, 101
Trd, 4319412.393, 97
Trd, 4319413.043, 94
Trd, 4319413.193, 94
Trd, 4319414.293, 63
Trd, 4319414.543, 74
Trd, 4319414.843, 120
Trd, 4319416.693, 139
Trd, 4319417.393, 128
Trd, 4319418.393, 136
Trd, 4319418.693, 117
Trd, 4319419.093, 107
Trd, 4319419.343, 127
Trd, 4319420.643, 122
Trd, 4319420.893, 134
Trd, 4319420.993, 110
Trd, 4319421.943, 125
Trd, 4319423.143, 140
Trd, 4319424.043, 110
Trd, 4319424.793, 114
Trd, 4319424.943, 90
Trd, 4319426.343, 130
Trd, 4319427.793, 121
Trd, 4319427.843, 114
Trd, 4319428.493, 116
Trd, 4319429.693, 130
Trd, 4319429.843, 111
Trd, 4319430.143, 139
Trd, 4319430.593, 125
Trd, 4319430.843, 107
Trd, 4319431.693, 105
Trd, 4319434.243, 115
Trd, 4319434.543, 118
Trd, 4319435.443, 111
Trd, 4319437.093, 94
Trd, 4319437.843, 95
Trd, 4319438.943, 88
Trd, 4319439.393, 112
Trd, 4319439.793, 123
Trd, 4319440.343, 140
Trd, 4319440.643, 97
Trd, 4319441.493, 117
Trd, 4319442.893, 113
Trd, 4319443.643, 116
Trd, 4319444.293, 107
Trd, 4319444.843, 129
Trd, 4319445.393, 119
Trd, 4319445.693, 124
Trd, 4319446.143, 121
Trd, 4319446.743, 99
Trd, 4319447.693, 113
Trd, 4319447.843, 97
Trd, 4319448.393, 83
Trd, 4319448.743, 65
Trd, 4319449.243, 77
Trd, 4319449.993, 114
Trd, 4319450.743, 113
Trd, 4319451.593, 64
Trd, 4319452.743, 119
Trd, 4319453.693, 74
Trd, 4319454.343, 134
Trd, 4319454.493, 115
Trd, 4319455.493, 89
Trd, 4319455.793, 86
Trd, 4319456.343, 92
Trd, 4319456.943, 113
Trd, 4319458.193, 72
Trd, 4319458.543, 90
Trd, 4319459.093, 74
Trd, 4319459.493, 82
Trd, 4319459.793, 108
Trd, 4319460.993, 129
Trd, 4319461.693, 62
Trd, 4319464.043, 83
Trd, 4319464.293, 89
Trd, 4319465.243, 87
Trd, 4319467.093, 67
Trd, 4319467.743, 68
Trd, 4319468.393, 90
Trd, 4319469.543, 73
Trd, 4319469.593, 76
Trd, 4319470.293, 88
Trd, 4319470.343, 68
Trd, 4319471.443, 93
Trd, 4319471.843, 83
Trd, 4319472.143, 83
Trd, 4319473.193, 67
Trd, 4319473.243, 69
Trd, 4319473.943, 72
Trd, 4319474.893, 69
Trd, 4319475.143, 67
Trd, 4319477.943, 72
Trd, 4319478.393, 79
Trd, 4319478.593, 94
Trd, 4319478.693, 77
Trd, 4319479.243, 103
Trd, 4319479.443, 97
Trd, 4319480.043, 84
Trd, 4319480.093, 121
Trd, 4319480.993, 66
Trd, 4319483.193, 102
Trd, 4319483.443, 91
Trd, 4319484.593, 80
Trd, 4319484.893, 96
Trd, 4319485.993, 64
Trd, 4319486.243, 81
Trd, 4319486.893, 77
Trd, 4319487.643, 130
Trd, 4319489.193, 122
Trd, 4319489.243, 110
Trd, 4319490.493, 75
Trd, 4319491.093, 84
Trd, 4319492.093, 70
Trd, 4319493.093, 86
Trd, 4319493.193, 113
Trd, 4319493.843, 90
Trd, 4319494.143, 99
Trd, 4319495.343, 100
Trd, 4319496.393, 112
Trd, 4319496.493, 65
Trd, 4319497.243, 76
Trd, 4319497.843, 119
Trd, 4319498.893, 97
Trd, 4319498.993, 94
Trd, 4319499.843, 96
Trd, 4319499.993, 124
Trd, 4319501.043, 70
Trd, 4319501.343, 78
Trd, 4319502.843, 81
Trd, 4319504.393, 104
Trd, 4319505.843, 110
Trd, 4319507.043, 109
Trd, 4319507.943, 120
Trd, 4319508.393, 132
Trd, 4319508.843, 112
Trd, 4319509.343, 96
Trd, 4319509.443, 94
Trd, 4319509.493, 89
Trd, 4319512.193, 106
Trd, 4319512.793, 77
Trd, 4319513.593, 109
Trd, 4319514.793, 77
Trd, 4319516.043, 140
Trd, 4319516.243, 123
Trd, 4319516.693, 108
Trd, 4319516.843, 107
Trd, 4319516.943, 105
Trd, 4319517.243, 122
Trd, 4319518.893, 120
Trd, 4319519.593, 97
Trd, 4319520.743, 118
Trd, 4319521.143, 113
Trd, 4319521.993, 99
Trd, 4319522.043, 130
Trd, 4319523.393, 97
Trd, 4319523.443, 104
Trd, 4319523.893, 122
Trd, 4319524.943, 127
Trd, 4319525.343, 92
Trd, 4319526.093, 85
Trd, 4319526.843, 122
Trd, 4319527.493, 64
Trd, 4319527.943, 117
Trd, 4319528.943, 89
Trd, 4319529.293, 65
Trd, 4319531.693, 92
Trd, 4319531.943, 88
Trd, 4319532.643, 104
Trd, 4319534.093, 140
Trd, 4319534.543, 134
Trd, 4319534.693, 138
Trd, 4319534.843, 123
Trd, 4319536.343, 91
Trd, 4319536.843, 91
Trd, 4319537.093, 90
Trd, 4319537.343, 132
Trd, 4319538.443, 121
Trd, 4319539.843, 117
Trd, 4319540.593, 107
Trd, 4319540.743, 101
Trd, 4319541.143, 131
Trd, 4319542.643, 94
Trd, 4319542.993, 138
Trd, 4319544.493, 114
Trd, 4319544.893, 108
Trd, 4319545.143, 104
Trd, 4319546.143, 140
Trd, 4319547.143, 130
Trd, 4319547.993, 117
Trd, 4319548.893, 136
Trd, 4319549.193, 107
Trd, 4319550.143, 119
Trd, 4319550.243, 109
Trd, 4319550.443, 105
Trd, 4319551.893, 121
Trd, 4319552.593, 135
Trd, 4319553.543, 128
Trd, 4319553.893, 96
Trd, 4319554.493, 139
Trd, 4319556.593, 81
Trd, 4319556.793, 73
Trd, 4319557.493, 84
Trd, 4319557.643, 85
Trd, 4319559.143, 80
Trd, 4319559.393, 81
Trd, 4319559.543, 83
Trd, 4319560.193, 70
Trd, 4319560.393, 78
Trd, 4319560.793, 84
Trd, 4319563.593, 69
Trd, 4319564.393, 62
Trd, 4319564.893, 72
Trd, 4319565.593, 73
Trd, 4319565.693, 86
Trd, 4319566.143, 106
Trd, 4319566.843, 89
Trd, 4319568.343, 113
Trd, 4319569.093, 89
Trd, 4319569.293, 95
Trd, 4319569.943, 62
Trd, 4319571.193, 68
Trd, 4319571.793, 68
Trd, 4319572.043, 113
Trd, 4319572.893, 97
Trd, 4319573.493, 106
Trd, 4319573.943, 71
Trd, 4319574.743, 120
Trd, 4319575.543, 108
Trd, 4319576.293, 129
Trd, 4319576.543, 125
Trd, 4319576.993, 121
Trd, 4319577.393, 107
Trd, 4319578.293, 61
Trd, 4319578.943, 137
Trd, 4319579.793, 62
Trd, 4319580.543, 94
Trd, 4319580.993, 121
Trd, 4319582.243, 106
Trd, 4319582.443, 100
Trd, 4319583.443, 87
Trd, 4319583.993, 140
Trd, 4319584.843, 121
Trd, 4319585.243, 107
Trd, 4319585.843, 113
Trd, 4319587.343, 106
Trd, 4319587.593, 86
Trd, 4319588.143, 120
Trd, 4319588.843, 85
Trd, 4319589.243, 93
Trd, 4319589.843, 71
Trd, 4319590.943, 73
Trd, 4319591.393, 94
Trd, 4319591.943, 112
Trd, 4319592.193, 130
Trd, 4319594.093, 101
Trd, 4319594.243, 114
Trd, 4319595.093, 110
Trd, 4319595.443, 95
Trd, 4319595.993, 91
Trd, 4319596.093, 76
Trd, 4319597.643, 91
Trd, 4319598.393, 127
Trd, 4319599.943, 114
Trd, 4319600.343, 104
Trd, 4319600.543, 107
Trd, 4319600.843, 131
Trd, 4319600.993, 100
Trd, 4319602.143, 82
Trd, 4319603.143, 112
Trd, 4319604.093, 119
Trd, 4319604.943, 127
Trd, 4319605.843, 75
Trd, 4319607.243, 116
Trd, 4319607.343, 110
Trd, 4319607.443, 110
Trd, 4319607.493, 106
Trd, 4319608.543, 97
Trd, 4319609.043, 114
Trd, 4319609.093, 101
Trd, 4319609.193, 90
Trd, 4319609.993, 84
Trd, 4319610.393, 117
Trd, 4319611.843, 108
Trd, 4319612.593, 127
Trd, 4319613.093, 126
Trd, 4319613.393, 118
Trd, 4319614.043, 111
Trd, 4319614.243, 108
Trd, 4319614.793, 102
Trd, 4319614.843, 93
Trd, 4319615.093, 107
Trd, 4319616.193, 107
Trd, 4319617.743, 128
Trd, 4319618.393, 112
Trd, 4319618.643, 111
Trd, 4319619.243, 108
Trd, 4319619.743, 92
Trd, 4319620.793, 124
Trd, 4319620.993, 89
Trd, 4319621.443, 137
Trd, 4319621.893, 93
Trd, 4319622.493, 95
Trd, 4319623.293, 126
Trd, 4319625.793, 100
Trd, 4319626.343, 100
Trd, 4319626.743, 115
Trd, 4319627.593, 113
Trd, 4319628.143, 138
Trd, 4319628.243, 101
Trd, 4319629.093, 100
Trd, 4319629.693, 81
Trd, 4319630.143, 115
Trd, 4319631.993, 91
Trd, 4319632.043, 72
Trd, 4319632.343, 114
Trd, 4319634.043, 114
Trd, 4319634.793, 103
Trd, 4319635.243, 128
Trd, 4319635.293, 96
Trd, 4319636.093, 69
Trd, 4319636.543, 65
Trd, 4319637.443, 82
Trd, 4319637.793, 71
Trd, 4319637.943, 80
Trd, 4319638.843, 73
Trd, 4319639.493, 106
Trd, 4319640.093, 116
Trd, 4319641.943, 89
Trd, 4319642.343, 75
Trd, 4319643.493, 67
Trd, 4319643.593, 81
Trd, 4319644.143, 101
Trd, 4319644.543, 111
Trd, 4319645.043, 134
Trd, 4319645.493, 95
Trd, 4319646.143, 107
Trd, 4319647.193, 100
Trd, 4319648.343, 97
Trd, 4319648.493, 105
Trd, 4319649.793, 113
Trd, 4319651.043, 81
Trd, 4319651.143, 117
Trd, 4319651.843, 90
Trd, 4319653.193, 126
Trd, 4319655.293, 102
Trd, 4319655.493, 91
Trd, 4319655.793, 115
Trd, 4319657.093, 130
Trd, 4319657.793, 128
Trd, 4319657.893, 134
Trd, 4319657.943, 122
Trd, 4319658.743, 125
Trd, 4319659.543, 103
Trd, 4319660.593, 112
Trd, 4319661.743, 100
Trd, 4319661.893, 95
Trd, 4319662.393, 90
Trd, 4319663.443, 82
Trd, 4319663.543, 101
Trd, 4319665.043, 133
Trd, 4319666.043, 124
Trd, 4319666.643, 109
Trd, 4319666.893, 122
Trd, 4319667.043, 102
Trd, 4319667.293, 96
Trd, 4319667.793, 78
Trd, 4319668.193, 134
Trd, 4319669.043, 129
Trd, 4319669.493, 129
Trd, 4319669.543, 123
Trd, 4319669.593, 115
Trd, 4319671.043, 84
Trd, 4319671.793, 67
Trd, 4319672.093, 97
Trd, 4319672.593, 60
Trd, 4319675.893, 136
Trd, 4319675.943, 117
Trd, 4319676.093, 116
Trd, 4319677.193, 134
Trd, 4319677.593, 123
Trd, 4319677.943, 94
Trd, 4319678.743, 88
Trd, 4319679.043, 80
Trd, 4319679.693, 105
Trd, 4319680.743, 95
Trd, 4319681.093, 93
Trd, 4319681.593, 109
Trd, 4319681.943, 82
Trd, 4319682.193, 129
Trd, 4319683.093, 137
Trd, 4319683.293, 80
Trd, 4319685.043, 133
Trd, 4319685.693, 94
Trd, 4319686.393, 90
Trd, 4319686.943, 74
Trd, 4319687.343, 106
Trd, 4319688.643, 121
Trd, 4319689.343, 137
Trd, 4319690.743, 108
Trd, 4319691.543, 97
Trd, 4319691.943, 89
Trd, 4319692.143, 90
Trd, 4319692.343, 112
Trd, 4319695.293, 76
Trd, 4319695.393, 96
Trd, 4319695.443, 70
Trd, 4319696.693, 129
Trd, 4319697.343, 102
Trd, 4319697.593, 80
Trd, 4319698.143, 125
Trd, 4319700.193, 106
Trd, 4319701.093, 122
Trd, 4319701.793, 89
Trd, 4319702.193, 83
Trd, 4319702.843, 126
Trd, 4319702.893, 94
Trd, 4319703.343, 94
Trd, 4319704.143, 133
Trd, 4319704.743, 139
Trd, 4319704.893, 119
Trd, 4319705.443, 119
Trd, 4319705.643, 120
Trd, 4319708.193, 121
Trd, 4319708.443, 109
Trd, 4319709.543, 78
Trd, 4319709.693, 91
Trd, 4319711.443, 62
Trd, 4319711.843, 85
Trd, 4319712.093, 78
Trd, 4319712.543, 111
Trd, 4319713.143, 100
Trd, 4319713.593, 95
Trd, 4319714.093, 77
Trd, 4319714.343, 77
Trd, 4319715.093, 102
Trd, 4319715.243, 85
Trd, 4319716.143, 117
Trd, 4319716.943, 65
Trd, 4319717.293, 122
Trd, 4319717.943, 125
Trd, 4319719.193, 66
Trd, 4319719.743, 119
Trd, 4319720.093, 112
Trd, 4319721.493, 100
Trd, 4319721.993, 68
Trd, 4319723.193, 66
Trd, 4319723.493, 78
Trd, 4319723.593, 86
Trd, 4319725.543, 64
Trd, 4319726.493, 66
Trd, 4319727.293, 73
Trd, 4319728.093, 99
Trd, 4319728.843, 132
Trd, 4319729.443, 112
Trd, 4319730.243, 107
Trd, 4319730.343, 79
Trd, 4319730.693, 85
Trd, 4319731.843, 86
Trd, 4319731.893, 106
Trd, 4319732.593, 108
Trd, 4319733.043, 89
Trd, 4319733.943, 127
Trd, 4319735.043, 116
Trd, 4319735.193, 100
Trd, 4319736.093, 102
Trd, 4319737.293, 87
Trd, 4319737.543, 83
Trd, 4319738.093, 101
Trd, 4319738.693, 121
Trd, 4319739.593, 118
Trd, 4319739.843, 107
Trd, 4319740.793, 96
Trd, 4319741.743, 101
Trd, 4319742.693, 114
Trd, 4319744.043, 69
Trd, 4319744.693, 65
Trd, 4319745.343, 99
Trd, 4319746.893, 88
Trd, 4319747.193, 110
Trd, 4319747.393, 76
Trd, 4319747.443, 74
Trd, 4319747.543, 68
Trd, 4319749.093, 97
Trd, 4319749.993, 121
Trd, 4319750.293, 69
Trd, 4319751.193, 119
Trd, 4319751.893, 87
Trd, 4319752.593, 93
Trd, 4319752.893, 90
Trd, 4319753.493, 90
Trd, 4319755.243, 66
Trd, 4319755.393, 85
Trd, 4319755.643, 101
Trd, 4319757.593, 86
Trd, 4319758.393, 89
Trd, 4319758.943, 72
Trd, 4319759.193, 74
Trd, 4319760.643, 79
Trd, 4319761.543, 76
Trd, 4319761.993, 77
Trd, 4319762.793, 123
Trd, 4319763.193, 96
Trd, 4319763.943, 99
Trd, 4319764.543, 107
Trd, 4319764.843, 103
Trd, 4319765.293, 122
Trd, 4319765.893, 91
Trd, 4319766.393, 133
Trd, 4319767.093, 98
Trd, 4319768.093, 126
Trd, 4319768.943, 88
Trd, 4319769.093, 121
Trd, 4319770.493, 120
Trd, 4319770.693, 104
Trd, 4319770.893, 103
Trd, 4319771.693, 93
Trd, 4319771.993, 127
Trd, 4319772.343, 121
Trd, 4319774.593, 101
Trd, 4319775.343, 112
Trd, 4319775.793, 115
Trd, 4319775.893, 105
Trd, 4319776.043, 93
Trd, 4319776.193, 90
Trd, 4319777.143, 122
Trd, 4319777.693, 112
Trd, 4319778.543, 119
Trd, 4319779.693, 124
Trd, 4319780.593, 120
Trd, 4319781.743, 104
Trd, 4319781.843, 97
Trd, 4319782.443, 118
Trd, 4319782.993, 98
Trd, 4319783.893, 87
Trd, 4319784.943, 110
Trd, 4319785.443, 123
Trd, 4319786.493, 134
Trd, 4319786.543, 113
Trd, 4319788.093, 94
Trd, 4319789.193, 95
Trd, 4319789.943, 116
Trd, 4319790.993, 119
Trd, 4319791.593, 123
Trd, 4319791.643, 109
Trd, 4319791.793, 106
Trd, 4319792.393, 90
Trd, 4319793.243, 67
Trd, 4319793.593, 88
Trd, 4319795.043, 77
Trd, 4319795.943, 76
Trd, 4319796.343, 82
Trd, 4319797.143, 98
Trd, 4319797.793, 92
Trd, 4319798.443, 118
Trd, 4319798.593, 95
Trd, 4319799.293, 91
Trd, 4319799.693, 96
Trd, 4319800.393, 122
Trd, 4319802.293, 114
Trd, 4319803.693, 111
Trd, 4319804.193, 119
Trd, 4319805.343, 92
Trd, 4319806.093, 100
Trd, 4319807.643, 140
Trd, 4319807.743, 139
Trd, 4319807.893, 122
Trd, 4319809.393, 84
Trd, 4319810.293, 94
Trd, 4319810.843, 74
Trd, 4319811.093, 72
Trd, 4319811.143, 125
Trd, 4319812.243, 135
Trd, 4319814.193, 134
Trd, 4319814.343, 124
Trd, 4319815.643, 128
Trd, 4319815.893, 98
Trd, 4319817.393, 98
Trd, 4319817.793, 109
Trd, 4319817.943, 108
Trd, 4319818.593, 118
Trd, 4319818.693, 121
Trd, 4319819.693, 93
Trd, 4319820.093, 92
Trd, 4319821.593, 132
Trd, 4319822.243, 135
Trd, 4319822.543, 134
Trd, 4319822.643, 112
Trd, 4319823.243, 89
Trd, 4319824.543, 83
Trd, 4319825.043, 73
Trd, 4319826.643, 140
Trd, 4319827.143, 139
Trd, 4319827.393, 130
Trd, 4319827.443, 118
Trd, 4319828.043, 105
Trd, 4319829.043, 84
Trd, 4319829.443, 120
Trd, 4319830.193, 135
Trd, 4319832.293, 123
Trd, 4319832.493, 132
Trd, 4319833.493, 125
Trd, 4319833.943, 112
Trd, 4319834.643, 84
Trd, 4319835.793, 138
Trd, 4319836.093, 86
Trd, 4319837.193, 107
Trd, 4319837.793, 107
Trd, 4319837.843, 103
Trd, 4319837.893, 132
Trd, 4319839.443, 103
Trd, 4319840.493, 134
Trd, 4319841.593, 130
Trd, 4319842.193, 133
Trd, 4319842.743, 118
Trd, 4319842.993, 106
Trd, 4319843.643, 129
Trd, 4319843.743, 115
Trd, 4319844.193, 138
Trd, 4319844.943, 119
Trd, 4319846.043, 128
Trd, 4319847.693, 113
Trd, 4319847.843, 107
Trd, 4319849.343, 95
Trd, 4319850.093, 133
Trd, 4319850.693, 93
Trd, 4319851.443, 120
Trd, 4319851.643, 113
Trd, 4319851.793, 87
Trd, 4319854.443, 131
Trd, 4319854.793, 125
Trd, 4319854.843, 98
Trd, 4319855.593, 88
Trd, 4319855.643, 67
Trd, 4319856.093, 126
Trd, 4319856.243, 99
Trd, 4319856.743, 130
Trd, 4319857.893, 122
Trd, 4319858.043, 116
Trd, 4319858.293, 113
Trd, 4319858.693, 108
Trd, 4319861.343, 134
Trd, 4319861.693, 119
Trd, 4319862.093, 128
Trd, 4319862.943, 113
Trd, 4319863.193, 110
Trd, 4319863.243, 122
Trd, 4319863.843, 107
Trd, 4319863.943, 98
Trd, 4319864.593, 75
Trd, 4319865.493, 63
Trd, 4319867.493, 130
Trd, 4319867.993, 108
Trd, 4319868.043, 95
Trd, 4319869.443, 86
Trd, 4319870.393, 106
Trd, 4319871.793, 92
Trd, 4319872.243, 85
Trd, 4319872.443, 89
Trd, 4319872.643, 100
Trd, 4319873.043, 125
Trd, 4319873.343, 83
Trd, 4319875.543, 120
Trd, 4319875.643, 120
Trd, 4319875.893, 135
Trd, 4319876.043, 105
Trd, 4319877.493, 102
Trd, 4319878.443, 83
Trd, 4319879.393, 118
Trd, 4319880.793, 118
Trd, 4319881.243, 115
Trd, 4319881.543, 131
Trd, 4319882.543, 86
Trd, 4319882.693, 104
Trd, 4319883.143, 133
Trd, 4319884.093, 118
Trd, 4319884.543, 114
Trd, 4319884.843, 119
Trd, 4319884.993, 108
Trd, 4319885.193, 98
Trd, 4319886.943, 70
Trd, 4319887.043, 70
Trd, 4319887.593, 91
Trd, 4319889.093, 103
Trd, 4319891.393, 119
Trd, 4319891.493, 127
Trd, 4319891.593, 102
Trd, 4319892.743, 114
Trd, 4319892.943, 96
Trd, 4319893.143, 103
Trd, 4319893.793, 112
Trd, 4319894.143, 98
Trd, 4319895.593, 138
Trd, 4319896.943, 125
Trd, 4319897.393, 86
Trd, 4319897.943, 93
Trd, 4319898.443, 72
Trd, 4319898.793, 100
Trd, 4319899.543, 68
Trd, 4319899.593, 122
Trd, 4319900.393, 99
Trd, 4319902.243, 133
Trd, 4319902.993, 103
Trd, 4319903.843, 108
Trd, 4319904.243, 115
Trd, 4319904.793, 138
Trd, 4319904.893, 117
Trd, 4319905.193, 95
Trd, 4319905.493, 108
Trd, 4319906.143, 81
Trd, 4319907.593, 139
Trd, 4319908.143, 128
Trd, 4319908.893, 131
Trd, 4319908.943, 118
Trd, 4319908.993, 105
Trd, 4319910.293, 137
Trd, 4319910.793, 121
Trd, 4319911.643, 114
Trd, 4319912.843, 77
Trd, 4319914.793, 118
Trd, 4319915.443, 130
Trd, 4319915.593, 134
Trd, 4319915.643, 118
Trd, 4319917.243, 89
Trd, 4319917.893, 73
Trd, 4319918.243, 70
Trd, 4319919.193, 64
Trd, 4319920.343, 76
Trd, 4319920.893, 68
Trd, 4319921.343, 92
Trd, 4319921.793, 76
Trd, 4319922.443, 65
Trd, 4319923.193, 89
Trd, 4319924.593, 131
Trd, 4319926.143, 72
Trd, 4319926.293, 88
Trd, 4319926.793, 102
Trd, 4319928.093, 86
Trd, 4319928.293, 114
Trd, 4319928.593, 117
Trd, 4319929.093, 104
Trd, 4319929.543, 114
Trd, 4319930.493, 125
Trd, 4319931.043, 94
Trd, 4319932.393, 112
Trd, 4319933.293, 96
Trd, 4319933.343, 95
Trd, 4319934.443, 104
Trd, 4319934.943, 137
Trd, 4319935.793, 130
Trd, 4319936.993, 106
Trd, 4319938.843, 134
Trd, 4319938.943, 103
Trd, 4319939.043, 91
Trd, 4319940.543, 108
Trd, 4319940.893, 123
Trd, 4319940.993, 109
Trd, 4319942.393, 100
Trd, 4319942.943, 112
Trd, 4319943.143, 114
Trd, 4319944.843, 120
Trd, 4319944.943, 111
Trd, 4319945.093, 107
Trd, 4319945.543, 92
Trd, 4319945.593, 89
Trd, 4319946.543, 91
Trd, 4319947.143, 135
Trd, 4319948.493, 88
Trd, 4319948.593, 95
Trd, 4319949.343, 106
Trd, 4319949.543, 74
Trd, 4319950.443, 64
Trd, 4319951.343, 84
Trd, 4319951.793, 73
Trd, 4319953.043, 114
Trd, 4319953.493, 95
Trd, 4319954.193, 96
Trd, 4319955.093, 112
Trd, 4319955.343, 95
Trd, 4319955.993, 99
Trd, 4319956.243, 110
Trd, 4319956.993, 116
Trd, 4319957.843, 121
Trd, 4319958.343, 90
Trd, 4319959.443, 108
Trd, 4319959.593, 95
Trd, 4319959.843, 90
Trd, 4319961.493, 95
Trd, 4319962.893, 112
Trd, 4319962.943, 120
Trd, 4319963.993, 137
Trd, 4319964.943, 94
Trd, 4319965.243, 90
Trd, 4319965.443, 84
Trd, 4319966.343, 128
Trd, 4319966.443, 110
Trd, 4319966.893, 79
Trd, 4319968.943, 129
Trd, 4319969.793, 106
Trd, 4319970.093, 113
Trd, 4319970.293, 128
Trd, 4319971.343, 86
Trd, 4319971.693, 85
Trd, 4319972.193, 118
Trd, 4319972.643, 75
Trd, 4319973.493, 126
Trd, 4319974.293, 113
Trd, 4319975.143, 102
Trd, 4319975.193, 93
Trd, 4319976.093, 102
Trd, 4319976.143, 88
Trd, 4319976.543, 116
Trd, 4319977.043, 112
Trd, 4319978.093, 99
Trd, 4319978.793, 124
Trd, 4319980.393, 95
Trd, 4319980.993, 97
Trd, 4319981.743, 85
Trd, 4319982.193, 121
Trd, 4319982.743, 133
Trd, 4319983.043, 120
Trd, 4319983.593, 139
Trd, 4319983.893, 110
Trd, 4319984.143, 134
Trd, 4319986.043, 120
Trd, 4319986.093, 94
Trd, 4319986.843, 126
Trd, 4319988.193, 82
Trd, 4319988.393, 78
Trd, 4319988.793, 91
Trd, 4319988.943, 127
Trd, 4319989.893, 107
Trd, 4319990.393, 126
Trd, 4319990.643, 120
Trd, 4319991.843, 70
Trd, 4319992.843, 90
Trd, 4319994.793, 133
Trd, 4319994.943, 118
Trd, 4319995.193, 117
Trd, 4319995.443, 83
Trd, 4319996.393, 90
Trd, 4319996.643, 71
Trd, 4319996.693, 67
Trd, 4319997.993, 75
Trd, 4319998.543, 89
Trd, 4319999.243, 67
