Trd, 4318156.243, 62
Trd, 4318156.743, 60
Trd, 4318157.043, 61
Trd, 4318157.543, 61
Trd, 4318158.593, 60
Trd, 4318159.893, 60
Trd, 4318160.643, 62
Trd, 4318161.543, 62
Trd, 4318162.193, 73
Trd, 4318162.493, 66
Trd, 4318164.393, 60
Trd, 4318164.743, 61
Trd, 4318165.143, 63
Trd, 4318165.193, 69
Trd, 4318165.343, 62
Trd, 4318166.393, 62
Trd, 4318166.943, 60
Trd, 4318169.143, 61
Trd, 4318170.093, 60
Trd, 4318170.393, 61
Trd, 4318170.643, 61
Trd, 4318171.393, 61
Trd, 4318172.243, 68
Trd, 4318172.743, 94
Trd, 4318172.893, 95
Trd, 4318173.343, 84
Trd, 4318174.743, 65
Trd, 4318174.793, 68
Trd, 4318177.993, 60
Trd, 4318178.093, 60
Trd, 4318178.593, 60
Trd, 4318178.993, 67
Trd, 4318179.893, 60
Trd, 4318179.943, 64
Trd, 4318180.443, 62
Trd, 4318181.593, 63
Trd, 4318181.993, 66
Trd, 4318182.793, 73
Trd, 4318182.893, 88
Trd, 4318183.793, 76
Trd, 4318184.493, 63
Trd, 4318185.493, 64
Trd, 4318186.093, 140
Trd, 4318186.793, 114
Trd, 4318187.943, 140
Trd, 4318187.993, 140
Trd, 4318188.443, 140
Trd, 4318188.893, 110
Trd, 4318189.343, 68
Trd, 4318190.693, 137
Trd, 4318191.643, 140
Trd, 4318192.093, 140
Trd, 4318192.343, 140
Trd, 4318192.543, 140
Trd, 4318193.243, 140
Trd, 4318193.993, 140
Trd, 4318194.093, 140
Trd, 4318194.193, 139
Trd, 4318194.693, 140
Trd, 4318196.093, 140
Trd, 4318196.993, 140
Trd, 4318197.643, 140
Trd, 4318199.143, 140
Trd, 4318199.793, 140
Trd, 4318199.893, 140
Trd, 4318200.493, 140
Trd, 4318201.143, 140
Trd, 4318202.593, 140
Trd, 4318202.793, 140
Trd, 4318202.843, 139
Trd, 4318204.893, 140
Trd, 4318205.293, 140
Trd, 4318205.643, 140
Trd, 4318206.193, 140
Trd, 4318206.843, 96
Trd, 4318208.193, 72
Trd, 4318208.243, 71
Trd, 4318208.343, 91
Trd, 4318209.443, 140
Trd, 4318209.993, 140
Trd, 4318210.293, 139
Trd, 4318211.743, 139
Trd, 4318212.393, 127
Trd, 4318213.493, 116
Trd, 4318214.143, 140
Trd, 4318214.493, 140
Trd, 4318214.893, 140
Trd, 4318215.243, 138
Trd, 4318215.493, 139
Trd, 4318215.543, 87
Trd, 4318216.293, 136
Trd, 4318217.043, 140
Trd, 4318217.393, 112
Trd, 4318219.043, 140
Trd, 4318219.243, 140
Trd, 4318220.243, 140
Trd, 4318220.443, 138
Trd, 4318220.993, 140
Trd, 4318221.043, 139
Trd, 4318222.293, 139
Trd, 4318223.743, 136
Trd, 4318223.793, 87
Trd, 4318224.393, 139
Trd, 4318225.443, 140
Trd, 4318226.443, 140
Trd, 4318227.693, 140
Trd, 4318228.143, 140
Trd, 4318228.393, 140
Trd, 4318229.643, 140
Trd, 4318229.693, 139
Trd, 4318231.393, 140
Trd, 4318231.843, 140
Trd, 4318231.943, 139
Trd, 4318232.543, 140
Trd, 4318232.993, 135
Trd, 4318234.993, 140
Trd, 4318235.993, 140
Trd, 4318236.093, 140
Trd, 4318236.193, 140
Trd, 4318236.343, 139
Trd, 4318237.293, 137
Trd, 4318239.743, 140
Trd, 4318239.893, 140
Trd, 4318239.943, 140
Trd, 4318241.343, 140
Trd, 4318241.793, 140
Trd, 4318243.093, 140
Trd, 4318243.143, 140
Trd, 4318243.193, 133
Trd, 4318243.293, 120
Trd, 4318243.893, 64
Trd, 4318245.143, 140
Trd, 4318245.243, 138
Trd, 4318246.043, 139
Trd, 4318247.243, 140
Trd, 4318247.493, 139
Trd, 4318248.493, 140
Trd, 4318249.793, 140
Trd, 4318250.293, 140
Trd, 4318250.343, 140
Trd, 4318251.343, 139
Trd, 4318251.893, 138
Trd, 4318253.343, 140
Trd, 4318253.893, 140
Trd, 4318254.893, 140
Trd, 4318255.543, 140
Trd, 4318256.843, 140
Trd, 4318256.993, 140
Trd, 4318258.293, 140
Trd, 4318258.543, 139
Trd, 4318259.093, 140
Trd, 4318259.343, 119
Trd, 4318259.893, 138
Trd, 4318260.143, 80
Trd, 4318260.843, 140
Trd, 4318262.893, 140
Trd, 4318262.993, 140
Trd, 4318264.043, 140
Trd, 4318264.793, 140
Trd, 4318265.193, 130
Trd, 4318265.793, 90
Trd, 4318265.993, 80
Trd, 4318267.493, 60
Trd, 4318267.993, 60
Trd, 4318268.793, 70
Trd, 4318269.343, 140
Trd, 4318269.443, 140
Trd, 4318270.243, 140
Trd, 4318270.393, 138
Trd, 4318270.443, 119
Trd, 4318271.493, 76
Trd, 4318271.593, 129
Trd, 4318272.693, 60
Trd, 4318273.543, 61
Trd, 4318274.643, 63
Trd, 4318274.843, 63
Trd, 4318276.293, 62
Trd, 4318277.393, 60
Trd, 4318278.143, 62
Trd, 4318278.243, 65
Trd, 4318278.293, 67
Trd, 4318278.893, 68
Trd, 4318279.293, 70
Trd, 4318280.093, 88
Trd, 4318281.443, 67
Trd, 4318281.493, 89
Trd, 4318281.743, 61
Trd, 4318281.993, 60
Trd, 4318282.993, 140
Trd, 4318283.993, 140
Trd, 4318285.193, 140
Trd, 4318286.693, 140
Trd, 4318286.793, 140
Trd, 4318287.293, 138
Trd, 4318287.943, 110
Trd, 4318288.643, 91
Trd, 4318288.793, 85
Trd, 4318289.393, 139
Trd, 4318289.693, 139
Trd, 4318291.443, 140
Trd, 4318291.893, 140
Trd, 4318292.743, 140
Trd, 4318293.143, 139
Trd, 4318293.293, 97
Trd, 4318296.043, 140
Trd, 4318296.493, 140
Trd, 4318296.843, 140
Trd, 4318297.093, 140
Trd, 4318297.793, 140
Trd, 4318298.393, 138
Trd, 4318299.093, 137
Trd, 4318299.993, 138
Trd, 4318300.343, 65
Trd, 4318300.493, 70
Trd, 4318300.693, 71
Trd, 4318301.543, 139
Trd, 4318302.193, 138
Trd, 4318303.443, 140
Trd, 4318304.343, 79
Trd, 4318305.543, 74
Trd, 4318305.593, 72
Trd, 4318305.643, 78
Trd, 4318305.693, 80
Trd, 4318306.693, 121
Trd, 4318307.393, 103
Trd, 4318307.643, 71
Trd, 4318308.143, 136
Trd, 4318308.843, 140
Trd, 4318309.843, 72
Trd, 4318310.543, 138
Trd, 4318311.843, 140
Trd, 4318313.093, 140
Trd, 4318313.293, 140
Trd, 4318313.393, 140
Trd, 4318313.993, 131
Trd, 4318314.543, 95
Trd, 4318314.593, 107
Trd, 4318316.143, 105
Trd, 4318316.293, 66
Trd, 4318317.343, 140
Trd, 4318318.443, 140
Trd, 4318318.793, 140
Trd, 4318318.843, 140
Trd, 4318319.193, 139
Trd, 4318319.493, 103
Trd, 4318319.543, 104
Trd, 4318320.043, 65
Trd, 4318321.493, 140
Trd, 4318321.843, 62
Trd, 4318321.893, 63
Trd, 4318323.243, 70
Trd, 4318324.543, 60
Trd, 4318324.643, 76
Trd, 4318325.493, 60
Trd, 4318325.793, 61
Trd, 4318326.343, 140
Trd, 4318327.793, 140
Trd, 4318328.093, 140
Trd, 4318328.543, 138
Trd, 4318329.893, 74
Trd, 4318330.893, 139
Trd, 4318331.293, 138
Trd, 4318332.243, 107
Trd, 4318332.293, 105
Trd, 4318333.093, 139
Trd, 4318334.343, 140
Trd, 4318336.143, 140
Trd, 4318336.543, 140
Trd, 4318336.743, 139
Trd, 4318336.793, 98
Trd, 4318337.043, 61
Trd, 4318337.443, 61
Trd, 4318338.193, 62
Trd, 4318338.493, 66
Trd, 4318339.693, 67
Trd, 4318340.043, 68
Trd, 4318341.993, 60
Trd, 4318342.393, 62
Trd, 4318342.793, 64
Trd, 4318343.393, 73
Trd, 4318344.543, 63
Trd, 4318345.443, 61
Trd, 4318346.093, 62
Trd, 4318346.293, 64
Trd, 4318347.143, 80
Trd, 4318347.743, 98
Trd, 4318347.943, 96
Trd, 4318348.393, 140
Trd, 4318348.793, 82
Trd, 4318349.843, 140
Trd, 4318352.543, 140
Trd, 4318352.843, 140
Trd, 4318353.293, 140
Trd, 4318353.443, 139
Trd, 4318353.643, 139
Trd, 4318354.993, 140
Trd, 4318355.243, 138
Trd, 4318355.643, 137
Trd, 4318357.943, 140
Trd, 4318358.393, 140
Trd, 4318358.793, 140
Trd, 4318359.643, 140
Trd, 4318359.793, 130
Trd, 4318362.043, 140
Trd, 4318362.143, 140
Trd, 4318362.643, 140
Trd, 4318362.843, 139
Trd, 4318362.993, 140
Trd, 4318363.043, 136
Trd, 4318364.543, 67
Trd, 4318364.993, 135
Trd, 4318366.043, 121
Trd, 4318366.843, 139
Trd, 4318367.893, 140
Trd, 4318367.993, 140
Trd, 4318368.193, 140
Trd, 4318369.093, 140
Trd, 4318369.143, 127
Trd, 4318370.593, 139
Trd, 4318372.293, 140
Trd, 4318373.043, 140
Trd, 4318373.093, 140
Trd, 4318373.343, 140
Trd, 4318374.443, 139
Trd, 4318375.143, 134
Trd, 4318376.643, 140
Trd, 4318377.193, 140
Trd, 4318377.343, 139
Trd, 4318377.393, 139
Trd, 4318378.193, 140
Trd, 4318378.643, 140
Trd, 4318379.343, 100
Trd, 4318380.293, 139
Trd, 4318380.943, 140
Trd, 4318381.993, 140
Trd, 4318384.093, 140
Trd, 4318384.143, 140
Trd, 4318384.393, 136
Trd, 4318385.493, 140
Trd, 4318385.843, 140
Trd, 4318386.493, 140
Trd, 4318387.443, 140
Trd, 4318387.543, 140
Trd, 4318388.193, 73
Trd, 4318390.143, 140
Trd, 4318390.393, 140
Trd, 4318390.443, 139
Trd, 4318390.893, 135
Trd, 4318391.643, 140
Trd, 4318392.043, 140
Trd, 4318392.393, 139
Trd, 4318392.893, 138
Trd, 4318394.893, 140
Trd, 4318394.993, 140
Trd, 4318395.193, 140
Trd, 4318395.693, 137
Trd, 4318397.293, 123
Trd, 4318397.843, 140
Trd, 4318398.693, 140
Trd, 4318398.893, 140
Trd, 4318399.093, 134
Trd, 4318399.243, 118
Trd, 4318399.643, 107
Trd, 4318400.293, 140
Trd, 4318401.843, 125
Trd, 4318402.493, 139
Trd, 4318403.343, 138
Trd, 4318403.843, 139
Trd, 4318404.143, 140
Trd, 4318404.693, 140
Trd, 4318405.693, 140
Trd, 4318407.393, 140
Trd, 4318407.943, 140
Trd, 4318407.993, 140
Trd, 4318409.743, 140
Trd, 4318410.193, 140
Trd, 4318410.443, 139
Trd, 4318410.793, 140
Trd, 4318412.343, 140
Trd, 4318413.243, 140
Trd, 4318413.543, 140
Trd, 4318413.593, 97
Trd, 4318413.843, 95
Trd, 4318414.693, 60
Trd, 4318415.143, 60
Trd, 4318416.393, 67
Trd, 4318416.793, 108
Trd, 4318417.993, 115
Trd, 4318418.993, 140
Trd, 4318419.693, 64
Trd, 4318420.393, 140
Trd, 4318420.643, 73
Trd, 4318421.093, 132
Trd, 4318422.143, 69
Trd, 4318423.843, 140
Trd, 4318424.293, 140
Trd, 4318425.143, 140
Trd, 4318425.343, 139
Trd, 4318426.643, 140
Trd, 4318427.093, 80
Trd, 4318427.293, 82
Trd, 4318428.143, 138
Trd, 4318429.743, 140
Trd, 4318429.793, 139
Trd, 4318430.593, 139
Trd, 4318431.243, 139
Trd, 4318432.743, 137
Trd, 4318433.543, 110
Trd, 4318433.843, 81
Trd, 4318434.443, 140
Trd, 4318434.843, 139
Trd, 4318435.743, 140
Trd, 4318436.143, 139
Trd, 4318436.593, 113
Trd, 4318437.593, 62
Trd, 4318438.843, 136
Trd, 4318439.943, 140
Trd, 4318440.243, 140
Trd, 4318440.493, 139
Trd, 4318441.193, 139
Trd, 4318442.193, 139
Trd, 4318443.793, 139
Trd, 4318443.993, 110
Trd, 4318444.193, 138
Trd, 4318444.543, 140
Trd, 4318444.643, 140
Trd, 4318444.943, 140
Trd, 4318445.543, 64
Trd, 4318445.743, 81
Trd, 4318446.993, 140
Trd, 4318448.043, 140
Trd, 4318448.343, 118
Trd, 4318448.393, 103
Trd, 4318449.743, 62
Trd, 4318449.793, 70
Trd, 4318450.593, 65
Trd, 4318451.393, 63
Trd, 4318451.593, 71
Trd, 4318452.393, 140
Trd, 4318452.693, 102
Trd, 4318454.343, 140
Trd, 4318454.893, 119
Trd, 4318455.743, 140
Trd, 4318456.343, 140
Trd, 4318456.543, 139
Trd, 4318457.793, 140
Trd, 4318458.193, 140
Trd, 4318460.243, 140
Trd, 4318461.793, 140
Trd, 4318461.993, 140
Trd, 4318462.243, 139
Trd, 4318462.893, 140
Trd, 4318463.693, 139
Trd, 4318463.743, 137
Trd, 4318464.493, 98
Trd, 4318465.743, 140
Trd, 4318465.793, 138
Trd, 4318465.893, 135
Trd, 4318468.093, 140
Trd, 4318469.343, 140
Trd, 4318469.543, 140
Trd, 4318470.593, 140
Trd, 4318471.043, 140
Trd, 4318471.443, 140
Trd, 4318473.143, 140
Trd, 4318473.493, 140
Trd, 4318474.443, 140
Trd, 4318474.743, 140
Trd, 4318475.243, 139
Trd, 4318475.943, 140
Trd, 4318476.193, 138
Trd, 4318476.293, 108
Trd, 4318476.943, 86
Trd, 4318478.343, 140
Trd, 4318478.643, 140
Trd, 4318478.793, 140
Trd, 4318479.643, 140
Trd, 4318480.093, 140
Trd, 4318481.343, 137
Trd, 4318481.393, 128
Trd, 4318482.843, 140
Trd, 4318484.893, 140
Trd, 4318485.393, 140
Trd, 4318485.493, 140
Trd, 4318486.293, 140
Trd, 4318486.643, 140
Trd, 4318487.993, 140
Trd, 4318488.043, 140
Trd, 4318488.793, 140
Trd, 4318489.043, 98
Trd, 4318491.243, 100
Trd, 4318491.643, 87
Trd, 4318491.743, 139
Trd, 4318491.943, 132
Trd, 4318492.793, 140
Trd, 4318493.443, 92
Trd, 4318494.143, 67
Trd, 4318494.743, 64
Trd, 4318495.143, 65
Trd, 4318495.293, 61
Trd, 4318497.893, 61
Trd, 4318498.293, 60
Trd, 4318498.393, 61
Trd, 4318499.993, 60
Trd, 4318500.193, 61
Trd, 4318500.493, 61
Trd, 4318500.893, 62
Trd, 4318501.193, 126
Trd, 4318501.743, 60
Trd, 4318502.443, 61
Trd, 4318503.393, 63
Trd, 4318504.893, 62
Trd, 4318505.193, 66
Trd, 4318505.543, 64
Trd, 4318505.593, 65
Trd, 4318505.843, 67
Trd, 4318506.593, 67
Trd, 4318507.493, 66
Trd, 4318507.643, 69
Trd, 4318508.493, 140
Trd, 4318509.393, 140
Trd, 4318510.493, 140
Trd, 4318510.893, 140
Trd, 4318511.593, 140
Trd, 4318512.643, 140
Trd, 4318512.843, 140
Trd, 4318513.293, 138
Trd, 4318513.843, 98
Trd, 4318514.493, 140
Trd, 4318515.393, 140
Trd, 4318516.393, 64
Trd, 4318517.293, 60
Trd, 4318517.693, 60
Trd, 4318519.493, 60
Trd, 4318519.543, 62
Trd, 4318519.743, 66
Trd, 4318520.793, 60
Trd, 4318520.993, 60
Trd, 4318521.743, 62
Trd, 4318522.393, 61
Trd, 4318522.693, 61
Trd, 4318522.843, 62
Trd, 4318522.993, 136
Trd, 4318523.443, 138
Trd, 4318523.993, 140
Trd, 4318524.293, 60
Trd, 4318524.893, 138
Trd, 4318526.843, 126
Trd, 4318527.743, 140
Trd, 4318528.093, 63
Trd, 4318528.543, 139
Trd, 4318530.193, 140
Trd, 4318530.793, 140
Trd, 4318532.843, 140
Trd, 4318532.943, 140
Trd, 4318533.343, 140
Trd, 4318533.543, 140
Trd, 4318534.193, 140
Trd, 4318534.543, 140
Trd, 4318535.443, 140
Trd, 4318535.693, 135
Trd, 4318535.793, 130
Trd, 4318537.143, 139
Trd, 4318537.543, 139
Trd, 4318537.743, 77
Trd, 4318539.093, 140
Trd, 4318540.443, 140
Trd, 4318540.993, 140
Trd, 4318541.143, 140
Trd, 4318541.293, 140
Trd, 4318541.843, 139
Trd, 4318541.943, 120
Trd, 4318542.793, 138
Trd, 4318543.293, 136
Trd, 4318545.443, 140
Trd, 4318546.293, 140
Trd, 4318546.943, 139
Trd, 4318547.193, 139
Trd, 4318548.243, 140
Trd, 4318548.493, 97
Trd, 4318549.393, 139
Trd, 4318550.743, 140
Trd, 4318550.943, 140
Trd, 4318551.093, 140
Trd, 4318553.043, 140
Trd, 4318553.093, 137
Trd, 4318553.193, 101
Trd, 4318554.693, 140
Trd, 4318555.843, 140
Trd, 4318556.143, 140
Trd, 4318556.543, 132
Trd, 4318557.143, 140
Trd, 4318558.443, 140
Trd, 4318558.843, 140
Trd, 4318558.943, 140
Trd, 4318559.843, 140
Trd, 4318560.043, 140
Trd, 4318562.093, 140
Trd, 4318562.193, 140
Trd, 4318562.693, 139
Trd, 4318562.943, 140
Trd, 4318563.793, 127
Trd, 4318564.993, 140
Trd, 4318565.093, 139
Trd, 4318566.193, 60
Trd, 4318566.843, 60
Trd, 4318567.343, 60
Trd, 4318567.943, 62
Trd, 4318569.343, 61
Trd, 4318570.093, 66
Trd, 4318570.143, 68
Trd, 4318571.143, 62
Trd, 4318571.943, 60
Trd, 4318572.943, 60
Trd, 4318574.193, 60
Trd, 4318574.543, 61
Trd, 4318575.093, 62
Trd, 4318575.343, 92
Trd, 4318577.793, 140
Trd, 4318577.943, 139
Trd, 4318578.143, 140
Trd, 4318578.243, 102
Trd, 4318578.593, 140
Trd, 4318578.843, 139
Trd, 4318579.293, 93
Trd, 4318580.043, 99
Trd, 4318580.293, 61
Trd, 4318581.793, 65
Trd, 4318582.443, 140
Trd, 4318582.793, 140
Trd, 4318583.293, 140
Trd, 4318583.643, 140
Trd, 4318584.493, 138
Trd, 4318585.043, 135
Trd, 4318586.643, 140
Trd, 4318586.693, 138
Trd, 4318587.193, 126
Trd, 4318588.193, 140
Trd, 4318588.593, 140
Trd, 4318589.793, 138
Trd, 4318590.593, 117
Trd, 4318591.693, 139
Trd, 4318591.993, 140
Trd, 4318592.093, 137
Trd, 4318592.193, 67
Trd, 4318594.193, 139
Trd, 4318594.793, 139
Trd, 4318595.543, 140
Trd, 4318596.193, 140
Trd, 4318596.993, 140
Trd, 4318597.093, 140
Trd, 4318598.043, 140
Trd, 4318599.993, 140
Trd, 4318600.243, 140
Trd, 4318600.293, 139
Trd, 4318600.393, 140
Trd, 4318600.493, 104
Trd, 4318600.843, 139
Trd, 4318603.593, 140
Trd, 4318605.293, 140
Trd, 4318605.893, 140
Trd, 4318606.493, 140
Trd, 4318606.843, 139
Trd, 4318607.093, 138
Trd, 4318607.543, 140
Trd, 4318608.043, 140
Trd, 4318608.193, 123
Trd, 4318608.893, 94
Trd, 4318610.443, 60
Trd, 4318610.543, 61
Trd, 4318611.193, 63
Trd, 4318611.293, 62
Trd, 4318612.193, 74
Trd, 4318612.493, 123
Trd, 4318612.793, 61
Trd, 4318613.343, 64
Trd, 4318613.743, 61
Trd, 4318614.343, 140
Trd, 4318615.243, 114
Trd, 4318615.693, 113
Trd, 4318616.343, 88
Trd, 4318616.893, 140
Trd, 4318617.193, 139
Trd, 4318618.693, 140
Trd, 4318619.593, 140
Trd, 4318619.893, 140
Trd, 4318619.993, 139
Trd, 4318620.693, 140
Trd, 4318622.393, 140
Trd, 4318623.493, 140
Trd, 4318623.793, 140
Trd, 4318624.093, 137
Trd, 4318624.243, 139
Trd, 4318624.393, 114
Trd, 4318625.943, 139
Trd, 4318626.693, 122
Trd, 4318627.093, 104
Trd, 4318627.893, 140
Trd, 4318628.743, 140
Trd, 4318628.843, 140
Trd, 4318629.493, 76
Trd, 4318630.443, 140
Trd, 4318631.093, 140
Trd, 4318631.593, 140
Trd, 4318633.393, 60
Trd, 4318633.543, 61
Trd, 4318633.743, 66
Trd, 4318634.143, 60
Trd, 4318634.393, 61
Trd, 4318634.943, 79
Trd, 4318636.393, 81
Trd, 4318637.043, 100
Trd, 4318637.193, 112
Trd, 4318637.543, 113
Trd, 4318637.893, 104
Trd, 4318638.093, 103
Trd, 4318638.443, 139
Trd, 4318638.893, 78
Trd, 4318640.193, 140
Trd, 4318640.293, 139
Trd, 4318640.993, 67
Trd, 4318642.393, 140
Trd, 4318642.993, 140
Trd, 4318643.993, 140
Trd, 4318644.343, 140
Trd, 4318645.893, 140
Trd, 4318646.093, 140
Trd, 4318646.443, 140
Trd, 4318646.593, 140
Trd, 4318647.493, 140
Trd, 4318647.993, 140
Trd, 4318648.193, 106
Trd, 4318649.293, 140
Trd, 4318650.893, 140
Trd, 4318650.993, 140
Trd, 4318651.243, 139
Trd, 4318651.643, 138
Trd, 4318652.293, 140
Trd, 4318653.193, 140
Trd, 4318654.043, 140
Trd, 4318654.243, 140
Trd, 4318656.293, 140
Trd, 4318656.393, 139
Trd, 4318656.693, 139
Trd, 4318656.943, 139
Trd, 4318657.343, 84
Trd, 4318658.793, 137
Trd, 4318659.643, 140
Trd, 4318659.993, 140
Trd, 4318662.143, 134
Trd, 4318662.493, 140
Trd, 4318663.143, 140
Trd, 4318663.893, 140
Trd, 4318664.043, 138
Trd, 4318665.943, 140
Trd, 4318666.593, 140
Trd, 4318667.293, 140
Trd, 4318667.443, 140
Trd, 4318667.893, 135
Trd, 4318668.943, 140
Trd, 4318669.693, 140
Trd, 4318669.993, 99
Trd, 4318670.343, 75
Trd, 4318670.493, 102
Trd, 4318671.343, 60
Trd, 4318672.043, 60
Trd, 4318672.093, 65
Trd, 4318672.243, 68
Trd, 4318673.343, 70
Trd, 4318673.643, 77
Trd, 4318674.693, 61
Trd, 4318675.443, 60
Trd, 4318676.393, 140
Trd, 4318677.243, 140
Trd, 4318677.343, 140
Trd, 4318677.543, 140
Trd, 4318678.343, 139
Trd, 4318679.493, 140
Trd, 4318680.543, 140
Trd, 4318680.743, 140
Trd, 4318680.843, 140
Trd, 4318681.593, 138
Trd, 4318683.093, 140
Trd, 4318683.343, 140
Trd, 4318684.343, 140
Trd, 4318685.593, 140
Trd, 4318686.043, 140
Trd, 4318686.743, 140
Trd, 4318687.743, 140
Trd, 4318688.243, 137
Trd, 4318691.243, 140
Trd, 4318691.893, 140
Trd, 4318692.893, 140
Trd, 4318693.093, 140
Trd, 4318694.043, 140
Trd, 4318694.093, 140
Trd, 4318695.493, 140
Trd, 4318696.143, 140
Trd, 4318696.443, 140
Trd, 4318696.593, 140
Trd, 4318696.643, 138
Trd, 4318697.743, 68
Trd, 4318699.093, 60
Trd, 4318699.293, 60
Trd, 4318699.643, 61
Trd, 4318699.893, 70
Trd, 4318700.493, 63
Trd, 4318701.543, 61
Trd, 4318701.743, 73
Trd, 4318702.093, 71
Trd, 4318703.143, 140
Trd, 4318703.193, 140
Trd, 4318704.443, 139
Trd, 4318704.593, 137
Trd, 4318704.643, 102
Trd, 4318704.993, 125
Trd, 4318706.143, 140
Trd, 4318706.893, 140
Trd, 4318706.993, 139
Trd, 4318708.043, 140
Trd, 4318710.393, 140
Trd, 4318710.443, 139
Trd, 4318710.593, 139
Trd, 4318711.993, 140
Trd, 4318712.043, 138
Trd, 4318713.343, 140
Trd, 4318713.743, 140
Trd, 4318714.043, 136
Trd, 4318715.393, 140
Trd, 4318715.593, 140
Trd, 4318718.393, 140
Trd, 4318719.093, 140
Trd, 4318719.393, 140
Trd, 4318720.593, 140
Trd, 4318721.443, 139
Trd, 4318721.893, 140
Trd, 4318722.293, 139
Trd, 4318723.393, 139
Trd, 4318723.443, 134
Trd, 4318724.743, 137
Trd, 4318725.593, 140
Trd, 4318725.693, 72
Trd, 4318726.393, 131
Trd, 4318726.743, 125
Trd, 4318727.243, 63
Trd, 4318727.643, 131
Trd, 4318728.043, 70
Trd, 4318728.093, 133
Trd, 4318729.493, 136
Trd, 4318731.193, 60
Trd, 4318731.693, 60
Trd, 4318732.093, 60
Trd, 4318732.793, 60
Trd, 4318733.143, 60
Trd, 4318734.393, 60
Trd, 4318734.693, 62
Trd, 4318735.643, 64
Trd, 4318737.243, 60
Trd, 4318738.293, 60
Trd, 4318739.593, 60
Trd, 4318739.643, 63
Trd, 4318739.743, 68
Trd, 4318739.943, 73
Trd, 4318740.343, 63
Trd, 4318741.343, 64
Trd, 4318742.693, 140
Trd, 4318742.743, 135
Trd, 4318742.893, 134
Trd, 4318743.643, 140
Trd, 4318744.193, 90
Trd, 4318745.493, 132
Trd, 4318746.443, 140
Trd, 4318747.093, 131
Trd, 4318747.493, 130
Trd, 4318748.043, 81
Trd, 4318748.643, 139
Trd, 4318748.843, 140
Trd, 4318751.643, 140
Trd, 4318751.793, 137
Trd, 4318751.843, 137
Trd, 4318752.093, 137
Trd, 4318752.693, 140
Trd, 4318753.443, 71
Trd, 4318753.943, 107
Trd, 4318754.743, 106
Trd, 4318755.043, 62
Trd, 4318755.693, 67
Trd, 4318756.493, 60
Trd, 4318756.893, 60
Trd, 4318757.393, 61
Trd, 4318757.793, 61
Trd, 4318760.043, 60
Trd, 4318760.293, 60
Trd, 4318760.493, 62
Trd, 4318761.193, 65
Trd, 4318761.843, 61
Trd, 4318762.643, 62
Trd, 4318762.693, 83
Trd, 4318763.593, 135
Trd, 4318764.193, 65
Trd, 4318765.293, 60
Trd, 4318766.443, 60
Trd, 4318766.593, 60
Trd, 4318768.043, 60
Trd, 4318768.893, 60
Trd, 4318769.093, 69
Trd, 4318770.193, 66
Trd, 4318770.593, 66
Trd, 4318771.493, 72
Trd, 4318771.843, 140
Trd, 4318772.543, 137
Trd, 4318773.393, 137
Trd, 4318773.493, 133
Trd, 4318774.193, 140
Trd, 4318775.243, 60
Trd, 4318775.493, 60
Trd, 4318776.693, 140
Trd, 4318777.143, 138
Trd, 4318778.143, 140
Trd, 4318778.393, 140
Trd, 4318778.793, 140
Trd, 4318780.543, 140
Trd, 4318780.643, 140
Trd, 4318780.943, 60
Trd, 4318780.993, 61
Trd, 4318781.943, 140
Trd, 4318782.243, 139
Trd, 4318782.893, 139
Trd, 4318783.043, 116
Trd, 4318784.943, 140
Trd, 4318785.193, 139
Trd, 4318785.293, 139
Trd, 4318786.893, 140
Trd, 4318787.543, 140
Trd, 4318787.693, 140
Trd, 4318788.043, 140
Trd, 4318788.393, 136
Trd, 4318789.193, 140
Trd, 4318789.693, 140
Trd, 4318791.343, 138
Trd, 4318792.193, 140
Trd, 4318792.793, 140
Trd, 4318792.843, 138
Trd, 4318793.943, 140
Trd, 4318794.793, 140
Trd, 4318795.993, 140
Trd, 4318796.743, 140
Trd, 4318796.943, 140
Trd, 4318797.343, 140
Trd, 4318797.443, 138
Trd, 4318798.693, 138
Trd, 4318799.693, 138
Trd, 4318799.793, 135
Trd, 4318800.593, 140
Trd, 4318801.343, 140
Trd, 4318802.043, 140
Trd, 4318802.593, 139
Trd, 4318803.093, 139
Trd, 4318803.493, 139
Trd, 4318804.993, 140
Trd, 4318805.743, 140
Trd, 4318806.093, 140
Trd, 4318807.543, 140
Trd, 4318807.943, 140
Trd, 4318808.243, 140
Trd, 4318809.193, 138
Trd, 4318809.843, 140
Trd, 4318810.693, 139
Trd, 4318812.143, 140
Trd, 4318812.543, 139
Trd, 4318812.943, 139
Trd, 4318813.243, 139
Trd, 4318813.543, 134
Trd, 4318814.643, 140
Trd, 4318815.893, 140
Trd, 4318816.143, 140
Trd, 4318817.343, 139
Trd, 4318817.393, 139
Trd, 4318818.793, 140
Trd, 4318819.043, 139
Trd, 4318819.743, 140
Trd, 4318820.843, 140
Trd, 4318821.743, 140
Trd, 4318822.893, 139
Trd, 4318823.193, 140
Trd, 4318824.293, 140
Trd, 4318824.843, 140
Trd, 4318824.893, 116
Trd, 4318826.143, 140
Trd, 4318826.593, 140
Trd, 4318826.743, 140
Trd, 4318827.793, 140
Trd, 4318828.543, 139
Trd, 4318829.193, 138
Trd, 4318829.843, 140
Trd, 4318830.993, 139
Trd, 4318831.193, 138
Trd, 4318831.393, 123
Trd, 4318831.993, 122
Trd, 4318832.843, 140
Trd, 4318832.993, 73
Trd, 4318834.193, 80
Trd, 4318834.693, 140
Trd, 4318835.393, 138
Trd, 4318836.143, 109
Trd, 4318837.393, 139
Trd, 4318837.643, 110
Trd, 4318838.093, 140
Trd, 4318839.143, 140
Trd, 4318839.543, 139
Trd, 4318839.893, 138
Trd, 4318841.693, 75
Trd, 4318842.593, 60
Trd, 4318842.693, 60
Trd, 4318844.993, 62
Trd, 4318845.193, 62
Trd, 4318845.643, 65
Trd, 4318845.693, 68
Trd, 4318846.143, 64
Trd, 4318846.293, 66
Trd, 4318847.643, 68
Trd, 4318847.893, 94
Trd, 4318848.143, 61
Trd, 4318848.343, 62
Trd, 4318849.743, 60
Trd, 4318850.143, 60
Trd, 4318850.693, 61
Trd, 4318851.043, 138
Trd, 4318851.743, 139
Trd, 4318852.543, 61
Trd, 4318853.693, 61
Trd, 4318853.943, 60
Trd, 4318855.193, 61
Trd, 4318855.443, 61
Trd, 4318855.993, 68
Trd, 4318856.043, 69
Trd, 4318856.243, 69
Trd, 4318856.493, 138
Trd, 4318857.043, 69
Trd, 4318858.093, 140
Trd, 4318858.393, 140
Trd, 4318859.543, 91
Trd, 4318860.243, 112
Trd, 4318860.443, 83
Trd, 4318860.643, 82
Trd, 4318862.043, 61
Trd, 4318862.093, 62
Trd, 4318862.693, 140
Trd, 4318864.093, 140
Trd, 4318864.343, 140
Trd, 4318864.793, 140
Trd, 4318866.293, 140
Trd, 4318867.443, 139
Trd, 4318867.893, 140
Trd, 4318868.593, 138
Trd, 4318870.093, 139
Trd, 4318870.743, 139
Trd, 4318870.793, 135
Trd, 4318871.043, 106
Trd, 4318871.843, 83
Trd, 4318872.243, 140
Trd, 4318872.593, 139
Trd, 4318873.643, 140
Trd, 4318874.593, 140
Trd, 4318875.393, 139
Trd, 4318876.143, 140
Trd, 4318877.143, 140
Trd, 4318877.343, 140
Trd, 4318878.443, 140
Trd, 4318878.493, 121
Trd, 4318880.893, 140
Trd, 4318881.193, 140
Trd, 4318881.943, 140
Trd, 4318881.993, 140
Trd, 4318882.293, 140
Trd, 4318882.593, 140
Trd, 4318882.943, 139
Trd, 4318883.493, 134
Trd, 4318884.143, 138
Trd, 4318885.343, 75
Trd, 4318886.443, 139
Trd, 4318886.693, 82
Trd, 4318887.243, 140
Trd, 4318887.543, 81
Trd, 4318888.593, 140
Trd, 4318889.643, 140
Trd, 4318889.693, 140
Trd, 4318890.343, 108
Trd, 4318890.443, 107
Trd, 4318891.093, 135
Trd, 4318891.893, 60
Trd, 4318892.593, 137
Trd, 4318893.293, 138
Trd, 4318893.843, 78
Trd, 4318894.793, 140
Trd, 4318895.243, 140
Trd, 4318896.293, 139
Trd, 4318896.643, 108
Trd, 4318897.043, 140
Trd, 4318897.943, 140
Trd, 4318899.893, 140
Trd, 4318900.043, 140
Trd, 4318900.193, 139
Trd, 4318901.493, 140
Trd, 4318902.393, 140
Trd, 4318902.943, 140
Trd, 4318903.793, 140
Trd, 4318904.743, 140
Trd, 4318905.443, 140
Trd, 4318905.543, 140
Trd, 4318906.593, 140
Trd, 4318906.843, 140
Trd, 4318907.493, 138
Trd, 4318908.643, 140
Trd, 4318909.243, 139
Trd, 4318910.793, 130
Trd, 4318910.843, 134
Trd, 4318912.143, 140
Trd, 4318912.193, 140
Trd, 4318912.243, 139
Trd, 4318912.593, 137
Trd, 4318913.693, 79
Trd, 4318913.843, 80
Trd, 4318914.093, 70
Trd, 4318915.743, 140
Trd, 4318916.743, 139
Trd, 4318917.293, 89
Trd, 4318918.893, 135
Trd, 4318918.993, 134
Trd, 4318919.043, 129
Trd, 4318919.093, 106
Trd, 4318919.393, 61
Trd, 4318919.693, 140
Trd, 4318921.893, 140
Trd, 4318921.993, 140
Trd, 4318922.793, 140
Trd, 4318922.993, 140
Trd, 4318923.293, 139
Trd, 4318923.543, 139
Trd, 4318925.593, 140
Trd, 4318925.743, 140
Trd, 4318926.193, 140
Trd, 4318926.543, 138
Trd, 4318928.243, 140
Trd, 4318929.093, 139
Trd, 4318929.243, 138
Trd, 4318929.543, 139
Trd, 4318931.393, 138
Trd, 4318931.493, 136
Trd, 4318933.293, 140
Trd, 4318933.993, 140
Trd, 4318934.793, 140
Trd, 4318935.493, 140
Trd, 4318935.993, 139
Trd, 4318936.393, 140
Trd, 4318936.743, 140
Trd, 4318936.893, 121
Trd, 4318937.193, 139
Trd, 4318938.443, 60
Trd, 4318938.693, 60
Trd, 4318938.743, 60
Trd, 4318940.843, 73
Trd, 4318941.043, 80
Trd, 4318941.193, 60
Trd, 4318941.493, 81
Trd, 4318942.243, 140
Trd, 4318942.693, 138
Trd, 4318943.343, 67
Trd, 4318943.743, 76
Trd, 4318944.293, 140
Trd, 4318944.793, 140
Trd, 4318947.193, 140
Trd, 4318947.343, 140
Trd, 4318947.493, 140
Trd, 4318948.143, 140
Trd, 4318948.493, 137
Trd, 4318950.393, 140
Trd, 4318951.243, 140
Trd, 4318951.343, 139
Trd, 4318951.643, 114
Trd, 4318952.143, 85
Trd, 4318952.943, 140
Trd, 4318953.043, 140
Trd, 4318955.143, 140
Trd, 4318955.193, 139
Trd, 4318955.393, 140
Trd, 4318955.793, 140
Trd, 4318955.943, 138
Trd, 4318957.193, 140
Trd, 4318959.093, 139
Trd, 4318960.093, 140
Trd, 4318960.543, 140
Trd, 4318961.143, 140
Trd, 4318961.743, 140
Trd, 4318961.793, 138
Trd, 4318962.743, 131
Trd, 4318963.593, 137
Trd, 4318964.043, 140
Trd, 4318964.593, 140
Trd, 4318965.543, 140
Trd, 4318965.643, 140
Trd, 4318965.943, 124
Trd, 4318966.343, 101
Trd, 4318967.543, 66
Trd, 4318967.943, 64
Trd, 4318968.193, 122
Trd, 4318969.443, 139
Trd, 4318970.443, 140
Trd, 4318970.693, 140
Trd, 4318970.793, 138
Trd, 4318971.843, 60
Trd, 4318972.393, 60
Trd, 4318972.493, 62
Trd, 4318973.943, 60
Trd, 4318973.993, 61
Trd, 4318975.393, 61
Trd, 4318975.543, 61
Trd, 4318975.943, 81
Trd, 4318976.743, 86
Trd, 4318977.443, 106
Trd, 4318978.193, 140
Trd, 4318978.743, 140
Trd, 4318980.293, 140
Trd, 4318980.443, 140
Trd, 4318980.493, 140
Trd, 4318981.143, 140
Trd, 4318982.593, 140
Trd, 4318983.443, 140
Trd, 4318983.793, 140
Trd, 4318984.043, 140
Trd, 4318984.543, 140
Trd, 4318985.893, 140
Trd, 4318986.493, 140
Trd, 4318987.193, 140
Trd, 4318987.343, 139
Trd, 4318988.193, 136
Trd, 4318988.593, 82
Trd, 4318989.093, 135
Trd, 4318989.943, 129
Trd, 4318989.993, 130
Trd, 4318990.393, 126
Trd, 4318990.843, 135
Trd, 4318991.343, 140
Trd, 4318992.893, 140
Trd, 4318993.143, 140
Trd, 4318993.443, 139
Trd, 4318994.743, 140
Trd, 4318994.893, 82
Trd, 4318996.093, 140
Trd, 4318996.793, 140
Trd, 4318996.993, 140
Trd, 4318997.043, 128
Trd, 4318998.893, 140
Trd, 4318999.593, 140
Trd, 4319000.143, 140
Trd, 4319001.343, 140
Trd, 4319001.393, 139
Trd, 4319001.893, 134
Trd, 4319003.343, 140
Trd, 4319003.493, 140
Trd, 4319003.993, 140
Trd, 4319005.093, 140
Trd, 4319005.643, 139
Trd, 4319006.493, 140
Trd, 4319007.043, 140
Trd, 4319007.843, 136
Trd, 4319008.543, 140
Trd, 4319009.593, 140
Trd, 4319010.243, 140
Trd, 4319010.343, 140
Trd, 4319010.643, 138
Trd, 4319011.643, 139
Trd, 4319012.293, 140
Trd, 4319014.393, 140
Trd, 4319014.993, 139
Trd, 4319015.093, 124
Trd, 4319015.243, 114
Trd, 4319016.543, 140
Trd, 4319018.393, 60
Trd, 4319019.093, 60
Trd, 4319019.243, 60
Trd, 4319019.343, 61
Trd, 4319020.943, 60
Trd, 4319021.293, 63
Trd, 4319021.643, 61
Trd, 4319021.693, 66
Trd, 4319023.593, 60
Trd, 4319024.093, 60
Trd, 4319024.143, 73
Trd, 4319024.943, 61
Trd, 4319026.293, 60
Trd, 4319026.543, 63
Trd, 4319026.793, 62
Trd, 4319027.093, 63
Trd, 4319028.593, 62
Trd, 4319030.043, 61
Trd, 4319030.793, 62
Trd, 4319031.193, 60
Trd, 4319031.493, 63
Trd, 4319032.643, 61
Trd, 4319032.743, 62
Trd, 4319033.843, 65
Trd, 4319037.293, 60
Trd, 4319037.893, 60
Trd, 4319037.943, 60
Trd, 4319038.343, 61
Trd, 4319038.543, 62
Trd, 4319038.943, 62
Trd, 4319039.593, 60
Trd, 4319040.393, 60
Trd, 4319040.593, 60
Trd, 4319042.693, 62
Trd, 4319042.943, 62
Trd, 4319043.393, 64
Trd, 4319043.793, 66
Trd, 4319044.843, 67
Trd, 4319045.443, 66
Trd, 4319046.943, 61
Trd, 4319047.193, 62
Trd, 4319048.093, 62
Trd, 4319048.343, 62
Trd, 4319049.093, 61
Trd, 4319049.243, 69
Trd, 4319049.593, 92
Trd, 4319050.243, 140
Trd, 4319051.243, 60
Trd, 4319051.693, 60
Trd, 4319051.993, 136
Trd, 4319052.343, 63
Trd, 4319054.193, 69
Trd, 4319054.643, 70
Trd, 4319056.293, 61
Trd, 4319056.993, 61
Trd, 4319057.143, 63
Trd, 4319057.543, 65
Trd, 4319058.543, 60
Trd, 4319060.893, 61
Trd, 4319061.543, 61
Trd, 4319062.393, 62
Trd, 4319062.593, 60
Trd, 4319063.093, 64
Trd, 4319063.643, 60
Trd, 4319064.593, 62
Trd, 4319066.543, 63
Trd, 4319066.693, 66
Trd, 4319066.893, 61
Trd, 4319067.293, 71
Trd, 4319067.343, 60
Trd, 4319067.693, 93
Trd, 4319069.393, 140
Trd, 4319070.293, 140
Trd, 4319071.143, 140
Trd, 4319071.343, 139
Trd, 4319072.043, 135
Trd, 4319072.793, 140
Trd, 4319073.693, 140
Trd, 4319074.243, 140
Trd, 4319076.493, 140
Trd, 4319076.543, 140
Trd, 4319077.393, 140
Trd, 4319078.693, 140
Trd, 4319079.493, 140
Trd, 4319079.843, 140
Trd, 4319080.043, 139
Trd, 4319080.743, 105
Trd, 4319081.743, 61
Trd, 4319081.843, 62
Trd, 4319082.393, 93
Trd, 4319083.043, 80
Trd, 4319084.243, 60
Trd, 4319084.343, 60
Trd, 4319084.843, 72
Trd, 4319085.043, 70
Trd, 4319085.493, 123
Trd, 4319086.243, 60
Trd, 4319086.993, 98
Trd, 4319087.443, 72
Trd, 4319088.593, 139
Trd, 4319089.443, 140
Trd, 4319089.543, 140
Trd, 4319089.593, 100
Trd, 4319090.293, 140
Trd, 4319090.593, 140
Trd, 4319091.793, 137
Trd, 4319092.093, 140
Trd, 4319092.293, 136
Trd, 4319093.093, 140
Trd, 4319093.843, 139
Trd, 4319094.293, 138
Trd, 4319094.493, 63
Trd, 4319094.693, 64
Trd, 4319095.543, 71
Trd, 4319096.893, 140
Trd, 4319098.143, 137
Trd, 4319098.193, 136
Trd, 4319098.793, 118
Trd, 4319098.993, 133
Trd, 4319100.393, 119
Trd, 4319101.843, 140
Trd, 4319102.393, 140
Trd, 4319102.843, 140
Trd, 4319102.993, 139
Trd, 4319103.593, 140
Trd, 4319104.443, 140
Trd, 4319104.793, 140
Trd, 4319105.493, 138
Trd, 4319105.543, 97
Trd, 4319106.743, 138
Trd, 4319107.993, 138
Trd, 4319109.043, 140
Trd, 4319110.643, 140
Trd, 4319111.193, 136
Trd, 4319111.693, 139
Trd, 4319111.743, 116
Trd, 4319112.493, 140
Trd, 4319112.993, 139
Trd, 4319113.543, 140
Trd, 4319114.843, 139
Trd, 4319115.293, 140
Trd, 4319116.393, 139
Trd, 4319116.993, 138
Trd, 4319117.243, 136
Trd, 4319118.343, 140
Trd, 4319119.343, 140
Trd, 4319119.393, 140
Trd, 4319119.743, 138
Trd, 4319120.193, 139
Trd, 4319121.843, 140
Trd, 4319122.543, 140
Trd, 4319122.693, 140
Trd, 4319124.993, 140
Trd, 4319125.093, 140
Trd, 4319125.293, 140
Trd, 4319125.643, 139
Trd, 4319125.693, 139
Trd, 4319126.043, 140
Trd, 4319127.243, 130
Trd, 4319127.643, 127
Trd, 4319128.393, 97
Trd, 4319128.543, 140
Trd, 4319128.743, 139
Trd, 4319130.093, 122
Trd, 4319131.543, 140
Trd, 4319131.993, 140
Trd, 4319132.243, 139
Trd, 4319132.593, 76
Trd, 4319133.093, 107
Trd, 4319133.343, 139
Trd, 4319134.043, 140
Trd, 4319134.443, 90
Trd, 4319135.343, 139
Trd, 4319135.743, 96
Trd, 4319136.693, 133
Trd, 4319137.693, 140
Trd, 4319139.143, 140
Trd, 4319139.243, 140
Trd, 4319140.293, 140
Trd, 4319140.393, 140
Trd, 4319140.893, 140
Trd, 4319141.043, 138
Trd, 4319142.443, 139
Trd, 4319142.543, 135
Trd, 4319142.993, 113
Trd, 4319143.593, 60
Trd, 4319143.793, 60
Trd, 4319144.093, 60
Trd, 4319144.493, 118
Trd, 4319145.543, 60
Trd, 4319146.793, 60
Trd, 4319148.043, 62
Trd, 4319148.093, 72
Trd, 4319148.443, 62
Trd, 4319148.743, 64
Trd, 4319149.293, 60
Trd, 4319150.243, 60
Trd, 4319150.893, 140
Trd, 4319151.293, 140
Trd, 4319151.743, 140
Trd, 4319152.443, 140
Trd, 4319154.343, 140
Trd, 4319154.643, 140
Trd, 4319154.793, 140
Trd, 4319156.693, 140
Trd, 4319156.943, 140
Trd, 4319157.143, 140
Trd, 4319157.843, 140
Trd, 4319158.843, 140
Trd, 4319159.693, 140
Trd, 4319159.843, 140
Trd, 4319160.093, 140
Trd, 4319160.493, 140
Trd, 4319160.693, 115
Trd, 4319160.843, 140
Trd, 4319162.043, 140
Trd, 4319163.293, 140
Trd, 4319163.443, 138
Trd, 4319164.193, 140
Trd, 4319164.393, 140
Trd, 4319165.393, 140
Trd, 4319165.993, 138
Trd, 4319166.393, 60
Trd, 4319167.393, 61
Trd, 4319167.743, 65
Trd, 4319167.793, 66
Trd, 4319168.493, 134
Trd, 4319168.843, 133
Trd, 4319169.593, 136
Trd, 4319169.843, 132
Trd, 4319170.693, 139
Trd, 4319170.993, 85
Trd, 4319171.493, 84
Trd, 4319171.793, 113
Trd, 4319172.043, 114
Trd, 4319173.243, 139
Trd, 4319174.193, 118
Trd, 4319174.543, 63
Trd, 4319175.043, 60
Trd, 4319175.943, 71
Trd, 4319176.243, 63
Trd, 4319176.343, 72
Trd, 4319176.943, 73
Trd, 4319177.093, 75
Trd, 4319177.543, 73
Trd, 4319177.593, 130
Trd, 4319180.193, 61
Trd, 4319180.343, 62
Trd, 4319182.243, 60
Trd, 4319182.693, 60
Trd, 4319183.093, 60
Trd, 4319183.143, 63
Trd, 4319183.993, 61
Trd, 4319184.543, 69
Trd, 4319185.743, 62
Trd, 4319186.693, 60
Trd, 4319186.893, 62
Trd, 4319188.043, 60
Trd, 4319188.493, 67
Trd, 4319189.443, 60
Trd, 4319189.743, 60
Trd, 4319190.143, 61
Trd, 4319190.443, 61
Trd, 4319190.843, 60
Trd, 4319191.643, 68
Trd, 4319191.993, 140
Trd, 4319193.193, 140
Trd, 4319193.443, 140
Trd, 4319193.993, 140
Trd, 4319196.443, 139
Trd, 4319196.643, 139
Trd, 4319197.493, 140
Trd, 4319197.593, 113
Trd, 4319198.593, 140
Trd, 4319199.143, 139
Trd, 4319200.643, 140
Trd, 4319201.393, 140
Trd, 4319201.593, 139
Trd, 4319202.243, 140
Trd, 4319202.293, 138
Trd, 4319202.993, 100
Trd, 4319203.243, 86
Trd, 4319204.493, 139
Trd, 4319207.393, 140
Trd, 4319207.843, 140
Trd, 4319208.043, 140
Trd, 4319208.893, 140
Trd, 4319209.443, 140
Trd, 4319209.493, 136
Trd, 4319210.943, 140
Trd, 4319211.343, 140
Trd, 4319211.443, 140
Trd, 4319211.643, 113
Trd, 4319212.643, 140
Trd, 4319214.443, 125
Trd, 4319214.693, 124
Trd, 4319215.843, 140
Trd, 4319216.843, 139
Trd, 4319217.443, 133
Trd, 4319218.143, 114
Trd, 4319218.693, 137
Trd, 4319218.993, 140
Trd, 4319219.393, 139
Trd, 4319220.143, 116
Trd, 4319220.843, 64
Trd, 4319221.793, 65
Trd, 4319223.593, 65
Trd, 4319223.893, 68
Trd, 4319223.993, 70
Trd, 4319224.343, 75
Trd, 4319224.793, 61
Trd, 4319225.193, 65
Trd, 4319226.043, 73
Trd, 4319226.443, 95
Trd, 4319227.543, 60
Trd, 4319227.643, 60
Trd, 4319228.443, 60
Trd, 4319228.543, 60
Trd, 4319228.593, 71
Trd, 4319229.843, 60
Trd, 4319230.793, 100
Trd, 4319231.143, 99
Trd, 4319231.343, 135
Trd, 4319232.093, 63
Trd, 4319233.993, 60
Trd, 4319234.143, 61
Trd, 4319234.443, 61
Trd, 4319235.393, 70
Trd, 4319235.443, 87
Trd, 4319235.943, 140
Trd, 4319236.643, 91
Trd, 4319237.043, 96
Trd, 4319237.193, 89
Trd, 4319237.993, 140
Trd, 4319238.043, 139
Trd, 4319238.193, 138
Trd, 4319239.093, 99
Trd, 4319240.493, 63
Trd, 4319240.993, 139
Trd, 4319241.643, 138
Trd, 4319241.793, 137
Trd, 4319242.643, 61
Trd, 4319243.193, 68
Trd, 4319244.543, 60
Trd, 4319244.843, 60
Trd, 4319244.993, 61
Trd, 4319246.143, 62
Trd, 4319246.693, 61
Trd, 4319246.893, 72
Trd, 4319248.793, 62
Trd, 4319248.843, 70
Trd, 4319250.043, 61
Trd, 4319250.693, 60
Trd, 4319251.143, 61
Trd, 4319251.643, 60
Trd, 4319251.943, 60
Trd, 4319251.993, 60
Trd, 4319252.043, 62
Trd, 4319252.893, 139
Trd, 4319253.193, 139
Trd, 4319253.293, 139
Trd, 4319253.893, 123
Trd, 4319254.593, 61
Trd, 4319256.143, 101
Trd, 4319256.843, 79
Trd, 4319257.743, 67
Trd, 4319257.843, 113
Trd, 4319258.143, 61
Trd, 4319258.543, 73
Trd, 4319259.843, 61
Trd, 4319260.193, 62
Trd, 4319260.443, 63
Trd, 4319260.743, 60
Trd, 4319261.043, 139
Trd, 4319261.693, 140
Trd, 4319262.693, 140
Trd, 4319262.993, 140
Trd, 4319263.893, 140
Trd, 4319266.143, 140
Trd, 4319266.443, 140
Trd, 4319266.843, 140
Trd, 4319267.793, 139
Trd, 4319268.093, 138
Trd, 4319268.643, 138
Trd, 4319270.093, 140
Trd, 4319270.343, 140
Trd, 4319272.743, 140
Trd, 4319273.143, 140
Trd, 4319273.343, 140
Trd, 4319273.443, 140
Trd, 4319273.843, 140
Trd, 4319274.043, 140
Trd, 4319274.893, 117
Trd, 4319275.093, 80
Trd, 4319276.343, 139
Trd, 4319276.693, 139
Trd, 4319277.093, 130
Trd, 4319278.193, 60
Trd, 4319278.343, 60
Trd, 4319279.243, 64
Trd, 4319281.343, 60
Trd, 4319281.893, 60
Trd, 4319281.993, 60
Trd, 4319282.643, 60
Trd, 4319282.843, 62
Trd, 4319282.943, 95
Trd, 4319285.493, 61
Trd, 4319285.593, 62
Trd, 4319285.843, 63
Trd, 4319286.043, 66
Trd, 4319286.543, 60
Trd, 4319286.843, 72
Trd, 4319287.343, 62
Trd, 4319289.093, 140
Trd, 4319290.143, 140
Trd, 4319291.393, 140
Trd, 4319291.593, 137
Trd, 4319292.143, 140
Trd, 4319292.343, 140
Trd, 4319292.443, 134
Trd, 4319292.893, 106
Trd, 4319293.143, 118
Trd, 4319293.693, 75
Trd, 4319294.593, 63
Trd, 4319295.743, 60
Trd, 4319295.843, 61
Trd, 4319296.793, 60
Trd, 4319296.943, 61
Trd, 4319297.393, 60
Trd, 4319298.693, 140
Trd, 4319299.343, 140
Trd, 4319299.543, 140
Trd, 4319299.593, 139
Trd, 4319299.943, 138
Trd, 4319301.043, 101
Trd, 4319301.343, 118
Trd, 4319302.993, 105
Trd, 4319304.093, 79
Trd, 4319304.343, 68
Trd, 4319304.643, 80
Trd, 4319305.543, 140
Trd, 4319305.993, 140
Trd, 4319307.143, 140
Trd, 4319307.543, 139
Trd, 4319307.843, 138
Trd, 4319308.743, 140
Trd, 4319308.993, 140
Trd, 4319310.043, 140
Trd, 4319310.593, 140
Trd, 4319313.393, 140
Trd, 4319313.743, 140
Trd, 4319313.993, 140
Trd, 4319314.043, 139
Trd, 4319315.643, 140
Trd, 4319316.093, 140
Trd, 4319316.593, 139
Trd, 4319316.943, 138
Trd, 4319317.193, 134
Trd, 4319317.893, 140
Trd, 4319318.193, 139
Trd, 4319318.693, 139
Trd, 4319320.593, 140
Trd, 4319322.143, 140
Trd, 4319322.293, 140
Trd, 4319323.443, 138
Trd, 4319323.593, 79
Trd, 4319324.443, 69
Trd, 4319325.393, 67
Trd, 4319325.493, 67
Trd, 4319326.993, 60
Trd, 4319327.543, 63
Trd, 4319327.943, 65
Trd, 4319328.343, 64
Trd, 4319329.193, 99
Trd, 4319330.043, 95
Trd, 4319330.543, 138
Trd, 4319331.393, 101
Trd, 4319332.193, 139
Trd, 4319334.043, 140
Trd, 4319334.143, 140
Trd, 4319335.043, 122
Trd, 4319335.843, 140
Trd, 4319336.093, 140
Trd, 4319336.443, 119
Trd, 4319336.643, 88
Trd, 4319337.743, 127
Trd, 4319337.893, 128
Trd, 4319339.243, 63
Trd, 4319339.743, 64
Trd, 4319340.043, 119
Trd, 4319340.843, 67
Trd, 4319341.293, 60
Trd, 4319341.793, 60
Trd, 4319341.893, 65
Trd, 4319342.243, 61
Trd, 4319343.943, 140
Trd, 4319344.293, 140
Trd, 4319344.843, 140
Trd, 4319344.993, 140
Trd, 4319345.943, 139
Trd, 4319346.943, 140
Trd, 4319347.643, 140
Trd, 4319348.893, 140
Trd, 4319350.343, 140
Trd, 4319351.193, 140
Trd, 4319351.643, 140
Trd, 4319351.993, 140
Trd, 4319352.293, 138
Trd, 4319353.293, 137
Trd, 4319353.343, 136
Trd, 4319353.493, 136
Trd, 4319354.443, 140
Trd, 4319354.643, 139
Trd, 4319356.643, 140
Trd, 4319357.043, 140
Trd, 4319357.693, 139
Trd, 4319357.943, 138
Trd, 4319359.843, 140
Trd, 4319359.943, 140
Trd, 4319360.793, 139
Trd, 4319362.143, 140
Trd, 4319362.493, 139
Trd, 4319362.543, 100
Trd, 4319363.893, 67
Trd, 4319364.093, 63
Trd, 4319364.243, 62
Trd, 4319364.943, 61
Trd, 4319365.643, 60
Trd, 4319366.043, 60
Trd, 4319366.293, 80
Trd, 4319368.443, 67
Trd, 4319368.543, 80
Trd, 4319370.243, 60
Trd, 4319371.143, 60
Trd, 4319371.643, 61
Trd, 4319372.393, 60
Trd, 4319374.343, 60
Trd, 4319374.843, 61
Trd, 4319375.043, 60
Trd, 4319375.193, 62
Trd, 4319376.543, 60
Trd, 4319378.643, 60
Trd, 4319378.793, 61
Trd, 4319378.843, 61
Trd, 4319379.143, 62
Trd, 4319380.593, 60
Trd, 4319380.843, 62
Trd, 4319381.593, 62
Trd, 4319382.193, 63
Trd, 4319383.143, 64
Trd, 4319383.743, 60
Trd, 4319384.243, 60
Trd, 4319385.493, 66
Trd, 4319385.693, 62
Trd, 4319386.193, 126
Trd, 4319387.143, 61
Trd, 4319387.693, 61
Trd, 4319388.593, 70
Trd, 4319390.343, 60
Trd, 4319390.993, 61
Trd, 4319391.043, 67
Trd, 4319391.943, 62
Trd, 4319393.343, 60
Trd, 4319393.593, 61
Trd, 4319393.993, 61
Trd, 4319394.293, 64
Trd, 4319395.093, 67
Trd, 4319395.443, 100
Trd, 4319395.843, 101
Trd, 4319396.193, 86
Trd, 4319397.593, 140
Trd, 4319397.943, 140
Trd, 4319398.343, 140
Trd, 4319398.743, 138
Trd, 4319398.993, 121
Trd, 4319400.343, 134
Trd, 4319400.643, 133
Trd, 4319401.443, 60
Trd, 4319402.043, 66
Trd, 4319402.743, 88
Trd, 4319403.293, 79
Trd, 4319403.493, 104
Trd, 4319404.043, 119
Trd, 4319404.893, 140
Trd, 4319405.493, 140
Trd, 4319405.843, 140
Trd, 4319407.143, 140
Trd, 4319407.843, 140
Trd, 4319408.243, 140
Trd, 4319408.893, 140
Trd, 4319409.293, 140
Trd, 4319410.393, 140
Trd, 4319411.743, 140
Trd, 4319411.793, 140
Trd, 4319412.943, 140
Trd, 4319413.093, 140
Trd, 4319413.993, 140
Trd, 4319414.193, 137
Trd, 4319414.343, 97
Trd, 4319415.643, 139
Trd, 4319416.393, 138
Trd, 4319416.793, 139
Trd, 4319417.893, 139
Trd, 4319419.193, 140
Trd, 4319419.443, 140
Trd, 4319421.293, 140
Trd, 4319421.443, 140
Trd, 4319421.693, 139
Trd, 4319421.843, 94
Trd, 4319423.343, 139
Trd, 4319423.643, 139
Trd, 4319423.743, 137
Trd, 4319423.943, 140
Trd, 4319425.393, 62
Trd, 4319425.943, 64
Trd, 4319426.043, 93
Trd, 4319426.493, 62
Trd, 4319427.943, 60
Trd, 4319430.193, 60
Trd, 4319430.743, 60
Trd, 4319430.793, 60
Trd, 4319430.843, 97
Trd, 4319431.493, 62
Trd, 4319432.143, 64
Trd, 4319432.743, 62
Trd, 4319433.293, 62
Trd, 4319433.393, 66
Trd, 4319433.893, 92
Trd, 4319434.543, 60
Trd, 4319436.293, 68
Trd, 4319436.743, 71
Trd, 4319437.043, 75
Trd, 4319437.793, 61
Trd, 4319439.043, 60
Trd, 4319439.693, 61
Trd, 4319439.743, 63
Trd, 4319440.443, 62
Trd, 4319440.593, 64
Trd, 4319440.893, 112
Trd, 4319442.193, 140
Trd, 4319443.493, 140
Trd, 4319443.643, 139
Trd, 4319444.193, 140
Trd, 4319444.543, 140
Trd, 4319445.343, 65
Trd, 4319446.343, 61
Trd, 4319446.543, 63
Trd, 4319446.893, 66
Trd, 4319447.593, 69
Trd, 4319448.293, 79
Trd, 4319448.343, 80
Trd, 4319448.593, 110
Trd, 4319450.193, 60
Trd, 4319450.443, 60
Trd, 4319450.893, 63
Trd, 4319451.043, 61
Trd, 4319451.493, 122
Trd, 4319453.043, 60
Trd, 4319454.043, 60
Trd, 4319454.843, 60
Trd, 4319455.243, 60
Trd, 4319455.543, 61
Trd, 4319456.393, 64
Trd, 4319457.893, 60
Trd, 4319458.593, 60
Trd, 4319459.043, 64
Trd, 4319459.843, 60
Trd, 4319460.343, 61
Trd, 4319460.493, 64
Trd, 4319460.893, 69
Trd, 4319460.943, 70
Trd, 4319461.593, 79
Trd, 4319462.243, 140
Trd, 4319463.093, 133
Trd, 4319465.793, 60
Trd, 4319466.093, 60
Trd, 4319466.143, 62
Trd, 4319466.843, 67
Trd, 4319468.093, 61
Trd, 4319468.393, 137
Trd, 4319468.593, 136
Trd, 4319468.893, 106
Trd, 4319470.093, 139
Trd, 4319470.243, 137
Trd, 4319471.343, 140
Trd, 4319471.893, 140
Trd, 4319473.293, 140
Trd, 4319473.593, 139
Trd, 4319473.643, 124
Trd, 4319474.143, 137
Trd, 4319474.793, 140
Trd, 4319474.943, 79
Trd, 4319475.543, 137
Trd, 4319475.893, 138
Trd, 4319476.293, 80
Trd, 4319477.043, 67
Trd, 4319478.043, 65
Trd, 4319479.443, 136
Trd, 4319479.693, 106
Trd, 4319480.093, 62
Trd, 4319481.493, 140
Trd, 4319482.643, 140
Trd, 4319483.043, 140
Trd, 4319483.893, 139
Trd, 4319484.443, 138
Trd, 4319485.343, 139
Trd, 4319485.493, 140
Trd, 4319485.743, 138
Trd, 4319486.543, 100
Trd, 4319486.843, 95
Trd, 4319487.893, 140
Trd, 4319488.343, 137
Trd, 4319489.243, 62
Trd, 4319489.793, 138
Trd, 4319489.993, 138
Trd, 4319491.243, 137
Trd, 4319492.993, 61
Trd, 4319493.443, 60
Trd, 4319493.893, 68
Trd, 4319494.493, 61
Trd, 4319495.243, 69
Trd, 4319495.393, 66
Trd, 4319495.993, 88
Trd, 4319496.193, 60
Trd, 4319497.093, 104
Trd, 4319498.943, 140
Trd, 4319499.793, 139
Trd, 4319500.043, 138
Trd, 4319500.143, 140
Trd, 4319500.843, 140
Trd, 4319501.043, 138
Trd, 4319502.293, 140
Trd, 4319502.793, 140
Trd, 4319503.193, 85
Trd, 4319504.543, 139
Trd, 4319505.143, 140
Trd, 4319505.393, 139
Trd, 4319506.843, 139
Trd, 4319506.893, 137
Trd, 4319507.443, 139
Trd, 4319508.593, 140
Trd, 4319508.693, 140
Trd, 4319509.343, 140
Trd, 4319510.193, 140
Trd, 4319510.793, 140
Trd, 4319511.293, 138
Trd, 4319511.943, 140
Trd, 4319513.393, 133
Trd, 4319513.593, 116
Trd, 4319514.593, 139
Trd, 4319514.693, 139
Trd, 4319515.293, 140
Trd, 4319516.143, 140
Trd, 4319516.893, 103
Trd, 4319517.043, 139
Trd, 4319517.143, 83
Trd, 4319518.143, 136
Trd, 4319518.243, 138
Trd, 4319519.893, 140
Trd, 4319520.443, 140
Trd, 4319521.093, 140
Trd, 4319521.393, 140
Trd, 4319522.893, 140
Trd, 4319523.793, 140
Trd, 4319523.893, 140
Trd, 4319524.493, 140
Trd, 4319525.543, 140
Trd, 4319526.393, 140
Trd, 4319527.593, 140
Trd, 4319527.793, 139
Trd, 4319528.193, 134
Trd, 4319529.643, 102
Trd, 4319530.293, 139
Trd, 4319531.743, 139
Trd, 4319531.893, 139
Trd, 4319531.943, 123
Trd, 4319533.193, 137
Trd, 4319533.743, 140
Trd, 4319533.793, 140
Trd, 4319534.193, 135
Trd, 4319534.943, 138
Trd, 4319535.793, 137
Trd, 4319537.593, 136
Trd, 4319538.993, 140
Trd, 4319539.493, 140
Trd, 4319540.393, 140
Trd, 4319540.543, 140
Trd, 4319540.743, 140
Trd, 4319541.643, 140
Trd, 4319542.193, 136
Trd, 4319542.593, 140
Trd, 4319543.193, 137
Trd, 4319543.893, 136
Trd, 4319544.393, 101
Trd, 4319544.543, 139
Trd, 4319544.643, 139
Trd, 4319544.793, 83
Trd, 4319548.143, 140
Trd, 4319548.193, 140
Trd, 4319548.343, 134
Trd, 4319550.093, 140
Trd, 4319550.643, 140
Trd, 4319550.693, 140
Trd, 4319552.893, 140
Trd, 4319552.993, 104
Trd, 4319553.943, 138
Trd, 4319554.343, 89
Trd, 4319555.343, 139
Trd, 4319555.693, 139
Trd, 4319556.543, 139
Trd, 4319556.743, 137
Trd, 4319557.393, 140
Trd, 4319558.093, 140
Trd, 4319559.643, 138
Trd, 4319560.243, 138
Trd, 4319561.643, 140
Trd, 4319562.343, 140
Trd, 4319562.543, 140
Trd, 4319562.843, 140
Trd, 4319563.243, 126
Trd, 4319563.543, 105
Trd, 4319563.893, 104
Trd, 4319564.143, 87
Trd, 4319566.443, 140
Trd, 4319566.543, 140
Trd, 4319566.893, 139
Trd, 4319567.593, 139
Trd, 4319568.193, 140
Trd, 4319569.443, 140
Trd, 4319569.893, 139
Trd, 4319571.343, 139
Trd, 4319571.643, 135
Trd, 4319573.193, 140
Trd, 4319573.243, 140
Trd, 4319573.893, 140
Trd, 4319574.393, 140
Trd, 4319574.643, 140
Trd, 4319574.993, 140
Trd, 4319575.793, 135
Trd, 4319575.943, 105
Trd, 4319577.743, 140
Trd, 4319579.293, 140
Trd, 4319579.443, 140
Trd, 4319579.693, 140
Trd, 4319580.143, 140
Trd, 4319580.593, 139
Trd, 4319581.193, 140
Trd, 4319581.243, 139
Trd, 4319582.443, 73
Trd, 4319583.043, 140
Trd, 4319585.293, 140
Trd, 4319585.343, 139
Trd, 4319585.643, 138
Trd, 4319586.343, 102
Trd, 4319586.693, 100
Trd, 4319586.893, 67
Trd, 4319587.893, 60
Trd, 4319588.943, 60
Trd, 4319589.093, 60
Trd, 4319589.143, 60
Trd, 4319589.193, 80
Trd, 4319590.643, 60
Trd, 4319590.993, 61
Trd, 4319591.343, 65
Trd, 4319591.843, 65
Trd, 4319591.893, 67
Trd, 4319593.593, 69
Trd, 4319595.043, 60
Trd, 4319595.843, 133
Trd, 4319596.143, 112
Trd, 4319596.343, 138
Trd, 4319596.893, 137
Trd, 4319597.793, 93
Trd, 4319598.493, 69
Trd, 4319599.393, 61
Trd, 4319599.493, 68
Trd, 4319599.543, 118
Trd, 4319600.493, 63
Trd, 4319600.943, 140
Trd, 4319601.143, 107
Trd, 4319601.743, 61
Trd, 4319602.093, 62
Trd, 4319603.043, 119
Trd, 4319603.693, 60
Trd, 4319604.643, 114
Trd, 4319605.193, 140
Trd, 4319605.993, 61
Trd, 4319607.543, 62
Trd, 4319607.943, 140
Trd, 4319608.193, 133
Trd, 4319608.943, 88
Trd, 4319610.793, 140
Trd, 4319610.993, 140
Trd, 4319611.743, 62
Trd, 4319612.993, 140
Trd, 4319614.343, 140
Trd, 4319614.443, 140
Trd, 4319614.593, 140
Trd, 4319614.843, 139
Trd, 4319615.793, 140
Trd, 4319616.143, 140
Trd, 4319616.293, 136
Trd, 4319617.093, 140
Trd, 4319617.843, 140
Trd, 4319618.993, 140
Trd, 4319620.593, 139
Trd, 4319620.643, 130
Trd, 4319620.693, 124
Trd, 4319621.793, 140
Trd, 4319622.343, 140
Trd, 4319622.593, 140
Trd, 4319622.643, 140
Trd, 4319623.443, 140
Trd, 4319623.693, 139
Trd, 4319626.493, 140
Trd, 4319626.593, 140
Trd, 4319626.793, 140
Trd, 4319627.143, 60
Trd, 4319628.743, 140
Trd, 4319629.493, 140
Trd, 4319629.543, 140
Trd, 4319629.943, 140
Trd, 4319630.793, 133
Trd, 4319631.793, 140
Trd, 4319632.343, 140
Trd, 4319632.743, 139
Trd, 4319634.543, 140
Trd, 4319634.993, 140
Trd, 4319635.793, 140
Trd, 4319636.343, 140
Trd, 4319636.893, 133
Trd, 4319637.043, 129
Trd, 4319637.693, 140
Trd, 4319639.243, 133
Trd, 4319639.543, 138
Trd, 4319640.593, 140
Trd, 4319640.743, 139
Trd, 4319641.193, 107
Trd, 4319641.993, 83
Trd, 4319642.393, 111
Trd, 4319642.943, 139
Trd, 4319642.993, 138
Trd, 4319644.043, 140
Trd, 4319645.243, 61
Trd, 4319645.293, 63
Trd, 4319647.193, 68
Trd, 4319647.293, 62
Trd, 4319647.693, 69
Trd, 4319648.093, 67
Trd, 4319648.143, 68
Trd, 4319649.743, 140
Trd, 4319649.893, 138
Trd, 4319650.293, 140
Trd, 4319650.593, 139
Trd, 4319650.743, 140
Trd, 4319650.943, 137
Trd, 4319651.043, 140
Trd, 4319653.343, 140
Trd, 4319653.393, 140
Trd, 4319653.593, 137
Trd, 4319654.043, 97
Trd, 4319655.443, 139
Trd, 4319656.543, 140
Trd, 4319656.943, 140
Trd, 4319657.093, 140
Trd, 4319658.043, 140
Trd, 4319658.393, 139
Trd, 4319659.143, 140
Trd, 4319659.743, 82
Trd, 4319659.943, 80
Trd, 4319661.393, 63
Trd, 4319661.443, 68
Trd, 4319661.643, 69
Trd, 4319662.243, 118
Trd, 4319663.143, 140
Trd, 4319664.843, 140
Trd, 4319665.093, 140
Trd, 4319665.343, 135
Trd, 4319665.993, 79
Trd, 4319667.043, 84
Trd, 4319667.093, 85
Trd, 4319667.593, 140
Trd, 4319668.643, 138
Trd, 4319668.943, 94
Trd, 4319669.893, 139
Trd, 4319670.293, 135
Trd, 4319670.643, 127
Trd, 4319671.693, 140
Trd, 4319672.093, 88
Trd, 4319673.843, 60
Trd, 4319674.343, 65
Trd, 4319674.443, 67
Trd, 4319675.493, 60
Trd, 4319675.743, 61
Trd, 4319675.893, 62
Trd, 4319676.593, 137
Trd, 4319676.843, 136
Trd, 4319679.193, 140
Trd, 4319679.343, 139
Trd, 4319679.493, 139
Trd, 4319680.043, 139
Trd, 4319680.343, 138
Trd, 4319680.393, 110
Trd, 4319681.293, 69
Trd, 4319682.993, 140
Trd, 4319683.043, 139
Trd, 4319683.593, 71
Trd, 4319684.943, 140
Trd, 4319685.843, 132
Trd, 4319686.443, 140
Trd, 4319687.293, 140
Trd, 4319687.543, 140
Trd, 4319687.993, 139
Trd, 4319688.243, 138
Trd, 4319689.493, 138
Trd, 4319691.043, 140
Trd, 4319691.093, 140
Trd, 4319691.343, 139
Trd, 4319693.143, 139
Trd, 4319694.443, 139
Trd, 4319694.843, 140
Trd, 4319694.893, 138
Trd, 4319696.093, 140
Trd, 4319696.943, 139
Trd, 4319696.993, 138
Trd, 4319697.693, 139
Trd, 4319699.043, 140
Trd, 4319699.293, 137
Trd, 4319700.043, 140
Trd, 4319700.643, 138
Trd, 4319701.193, 133
Trd, 4319701.743, 94
Trd, 4319703.343, 140
Trd, 4319703.593, 140
Trd, 4319704.243, 139
Trd, 4319704.693, 138
Trd, 4319705.093, 127
Trd, 4319706.093, 140
Trd, 4319706.193, 140
Trd, 4319706.243, 140
Trd, 4319706.893, 63
Trd, 4319707.693, 65
Trd, 4319708.643, 139
Trd, 4319709.543, 140
Trd, 4319709.593, 139
Trd, 4319710.143, 140
Trd, 4319710.443, 138
Trd, 4319710.743, 140
Trd, 4319713.193, 139
Trd, 4319713.243, 138
Trd, 4319713.793, 137
Trd, 4319715.093, 140
Trd, 4319715.293, 140
Trd, 4319715.393, 139
Trd, 4319715.643, 85
Trd, 4319715.893, 84
Trd, 4319717.093, 139
Trd, 4319718.243, 139
Trd, 4319719.293, 140
Trd, 4319719.493, 140
Trd, 4319719.993, 140
Trd, 4319720.143, 139
Trd, 4319721.843, 140
Trd, 4319723.093, 140
Trd, 4319723.843, 140
Trd, 4319725.493, 140
Trd, 4319726.693, 140
Trd, 4319726.793, 140
Trd, 4319727.043, 140
Trd, 4319728.143, 140
Trd, 4319728.643, 140
Trd, 4319729.093, 138
Trd, 4319729.543, 137
Trd, 4319729.693, 101
Trd, 4319731.243, 140
Trd, 4319732.143, 139
Trd, 4319732.843, 140
Trd, 4319732.943, 140
Trd, 4319734.093, 128
Trd, 4319734.393, 139
Trd, 4319735.693, 140
Trd, 4319735.793, 140
Trd, 4319736.093, 134
Trd, 4319736.643, 121
Trd, 4319736.993, 139
Trd, 4319737.493, 140
Trd, 4319737.993, 138
Trd, 4319738.943, 140
Trd, 4319739.743, 140
Trd, 4319740.193, 139
Trd, 4319740.843, 139
Trd, 4319741.443, 140
Trd, 4319743.393, 139
Trd, 4319743.993, 140
Trd, 4319744.093, 137
Trd, 4319745.493, 140
Trd, 4319745.543, 134
Trd, 4319745.843, 114
Trd, 4319747.843, 140
Trd, 4319748.643, 140
Trd, 4319749.243, 140
Trd, 4319749.593, 140
Trd, 4319750.543, 137
Trd, 4319750.593, 101
Trd, 4319750.693, 70
Trd, 4319751.093, 60
Trd, 4319751.543, 60
Trd, 4319752.493, 62
Trd, 4319753.693, 61
Trd, 4319753.993, 62
Trd, 4319754.193, 63
Trd, 4319755.943, 63
Trd, 4319755.993, 67
Trd, 4319756.793, 60
Trd, 4319757.193, 68
Trd, 4319758.293, 110
Trd, 4319759.093, 70
Trd, 4319759.543, 140
Trd, 4319760.943, 140
Trd, 4319761.693, 140
Trd, 4319762.293, 140
Trd, 4319763.743, 140
Trd, 4319764.293, 140
Trd, 4319764.643, 140
Trd, 4319765.443, 140
Trd, 4319765.993, 138
Trd, 4319766.643, 139
Trd, 4319766.693, 139
Trd, 4319766.993, 139
Trd, 4319768.093, 140
Trd, 4319768.593, 140
Trd, 4319769.443, 140
Trd, 4319771.693, 140
Trd, 4319773.043, 140
Trd, 4319773.193, 138
Trd, 4319773.543, 138
Trd, 4319773.893, 138
Trd, 4319774.093, 114
Trd, 4319774.993, 136
Trd, 4319775.243, 125
Trd, 4319776.743, 139
Trd, 4319776.843, 101
Trd, 4319777.993, 60
Trd, 4319778.343, 60
Trd, 4319778.893, 70
Trd, 4319779.143, 60
Trd, 4319779.243, 75
Trd, 4319780.143, 117
Trd, 4319781.193, 92
Trd, 4319781.843, 84
Trd, 4319783.643, 140
Trd, 4319783.743, 140
Trd, 4319783.893, 129
Trd, 4319784.793, 139
Trd, 4319785.093, 87
Trd, 4319785.243, 138
Trd, 4319785.893, 138
Trd, 4319786.343, 61
Trd, 4319787.543, 99
Trd, 4319788.343, 108
Trd, 4319788.843, 62
Trd, 4319789.993, 62
Trd, 4319790.293, 64
Trd, 4319790.493, 69
Trd, 4319791.093, 70
Trd, 4319792.143, 60
Trd, 4319793.993, 61
Trd, 4319795.093, 60
Trd, 4319795.343, 60
Trd, 4319795.393, 60
Trd, 4319796.543, 63
Trd, 4319796.843, 64
Trd, 4319797.493, 61
Trd, 4319797.743, 62
Trd, 4319798.943, 66
Trd, 4319799.493, 63
Trd, 4319799.793, 116
Trd, 4319800.793, 60
Trd, 4319801.393, 60
Trd, 4319802.043, 61
Trd, 4319803.643, 61
Trd, 4319804.343, 62
Trd, 4319804.843, 60
Trd, 4319804.893, 71
Trd, 4319808.043, 140
Trd, 4319808.093, 140
Trd, 4319808.143, 140
Trd, 4319808.193, 129
Trd, 4319808.343, 128
Trd, 4319808.693, 61
Trd, 4319810.143, 60
Trd, 4319810.443, 61
Trd, 4319812.193, 139
Trd, 4319812.493, 138
Trd, 4319812.943, 137
Trd, 4319813.693, 123
Trd, 4319813.893, 131
Trd, 4319814.393, 133
Trd, 4319814.443, 98
Trd, 4319814.643, 97
Trd, 4319814.993, 70
Trd, 4319815.893, 74
Trd, 4319816.293, 140
Trd, 4319817.593, 139
Trd, 4319817.743, 136
Trd, 4319818.143, 134
Trd, 4319819.393, 140
Trd, 4319820.043, 139
Trd, 4319820.593, 140
Trd, 4319820.643, 123
Trd, 4319821.343, 91
Trd, 4319821.843, 136
Trd, 4319822.443, 95
Trd, 4319822.993, 140
Trd, 4319823.293, 140
Trd, 4319825.443, 140
Trd, 4319825.693, 140
Trd, 4319825.943, 140
Trd, 4319826.193, 137
Trd, 4319827.643, 140
Trd, 4319827.843, 139
Trd, 4319827.943, 140
Trd, 4319828.043, 123
Trd, 4319830.393, 139
Trd, 4319831.093, 140
Trd, 4319831.593, 114
Trd, 4319832.743, 140
Trd, 4319833.643, 140
Trd, 4319834.343, 140
Trd, 4319834.993, 139
Trd, 4319835.293, 137
Trd, 4319835.343, 120
Trd, 4319836.043, 139
Trd, 4319837.293, 139
Trd, 4319838.343, 140
Trd, 4319838.543, 140
Trd, 4319839.293, 139
Trd, 4319839.743, 138
Trd, 4319840.293, 135
Trd, 4319840.743, 140
Trd, 4319841.243, 60
Trd, 4319841.793, 133
Trd, 4319842.693, 140
Trd, 4319843.643, 140
Trd, 4319844.693, 140
Trd, 4319845.793, 140
Trd, 4319846.543, 140
Trd, 4319847.443, 140
Trd, 4319847.643, 139
Trd, 4319847.943, 139
Trd, 4319848.693, 140
Trd, 4319849.543, 140
Trd, 4319850.493, 140
Trd, 4319851.743, 140
Trd, 4319851.843, 139
Trd, 4319852.493, 140
Trd, 4319852.893, 138
Trd, 4319853.293, 140
Trd, 4319853.343, 116
Trd, 4319853.893, 137
Trd, 4319854.843, 85
Trd, 4319855.143, 72
Trd, 4319855.693, 111
Trd, 4319856.843, 115
Trd, 4319857.593, 140
Trd, 4319859.093, 140
Trd, 4319859.343, 140
Trd, 4319859.693, 138
Trd, 4319860.043, 140
Trd, 4319860.343, 95
Trd, 4319860.593, 66
Trd, 4319861.293, 140
Trd, 4319861.543, 139
Trd, 4319861.693, 138
Trd, 4319861.843, 114
Trd, 4319863.543, 71
Trd, 4319865.293, 62
Trd, 4319865.793, 93
Trd, 4319865.893, 94
Trd, 4319867.343, 61
Trd, 4319867.793, 60
Trd, 4319868.243, 63
Trd, 4319868.393, 68
Trd, 4319869.693, 139
Trd, 4319869.793, 60
Trd, 4319871.643, 140
Trd, 4319872.043, 140
Trd, 4319872.593, 140
Trd, 4319872.693, 140
Trd, 4319873.193, 140
Trd, 4319873.243, 140
Trd, 4319873.493, 139
Trd, 4319874.343, 139
Trd, 4319877.443, 140
Trd, 4319877.993, 140
Trd, 4319878.043, 140
Trd, 4319878.143, 140
Trd, 4319878.543, 140
Trd, 4319878.993, 138
Trd, 4319879.393, 117
Trd, 4319879.643, 108
Trd, 4319880.493, 60
Trd, 4319881.793, 62
Trd, 4319882.993, 63
Trd, 4319883.443, 63
Trd, 4319883.793, 64
Trd, 4319884.043, 65
Trd, 4319884.093, 82
Trd, 4319884.743, 140
Trd, 4319885.793, 67
Trd, 4319887.443, 140
Trd, 4319887.643, 140
Trd, 4319887.943, 140
Trd, 4319888.093, 140
Trd, 4319888.443, 140
Trd, 4319888.493, 140
Trd, 4319888.693, 118
Trd, 4319889.893, 139
Trd, 4319890.443, 80
Trd, 4319890.943, 61
Trd, 4319891.143, 137
Trd, 4319891.943, 139
Trd, 4319892.093, 74
Trd, 4319892.293, 78
Trd, 4319892.843, 138
Trd, 4319893.543, 101
Trd, 4319893.693, 83
Trd, 4319894.743, 140
Trd, 4319895.293, 120
Trd, 4319897.443, 101
Trd, 4319897.593, 71
Trd, 4319897.893, 87
Trd, 4319898.093, 93
Trd, 4319898.793, 65
Trd, 4319898.993, 66
Trd, 4319899.043, 67
Trd, 4319900.443, 61
Trd, 4319901.593, 62
Trd, 4319902.993, 60
Trd, 4319903.043, 62
Trd, 4319903.143, 62
Trd, 4319903.443, 66
Trd, 4319904.693, 61
Trd, 4319906.093, 60
Trd, 4319906.743, 63
Trd, 4319907.143, 64
Trd, 4319907.443, 83
Trd, 4319907.593, 64
Trd, 4319908.393, 71
Trd, 4319908.793, 70
Trd, 4319909.993, 140
Trd, 4319910.643, 137
Trd, 4319911.843, 140
Trd, 4319912.143, 138
Trd, 4319912.693, 140
Trd, 4319914.743, 140
Trd, 4319915.193, 139
Trd, 4319915.343, 139
Trd, 4319916.293, 140
Trd, 4319916.393, 139
Trd, 4319916.643, 140
Trd, 4319917.993, 138
Trd, 4319918.543, 135
Trd, 4319919.093, 82
Trd, 4319920.443, 60
Trd, 4319920.843, 67
Trd, 4319921.093, 139
Trd, 4319921.593, 138
Trd, 4319921.893, 139
Trd, 4319922.943, 60
Trd, 4319923.043, 62
Trd, 4319923.943, 62
Trd, 4319924.643, 82
Trd, 4319924.743, 106
Trd, 4319926.843, 60
Trd, 4319926.993, 60
Trd, 4319928.243, 66
Trd, 4319928.343, 130
Trd, 4319928.693, 140
Trd, 4319929.493, 140
Trd, 4319930.643, 140
Trd, 4319930.693, 140
Trd, 4319931.943, 140
Trd, 4319933.343, 140
Trd, 4319933.643, 139
Trd, 4319933.893, 137
Trd, 4319934.943, 140
Trd, 4319935.543, 140
Trd, 4319935.693, 139
Trd, 4319937.493, 140
Trd, 4319937.543, 140
Trd, 4319937.643, 132
Trd, 4319937.993, 90
Trd, 4319938.293, 71
Trd, 4319938.393, 72
Trd, 4319939.493, 140
Trd, 4319940.543, 60
Trd, 4319940.743, 61
Trd, 4319940.893, 86
Trd, 4319941.093, 88
Trd, 4319941.493, 100
Trd, 4319943.393, 140
Trd, 4319943.493, 140
Trd, 4319944.193, 140
Trd, 4319944.293, 135
Trd, 4319945.543, 140
Trd, 4319945.893, 140
Trd, 4319946.443, 140
Trd, 4319946.593, 136
Trd, 4319947.993, 62
Trd, 4319948.043, 63
Trd, 4319948.843, 67
Trd, 4319949.443, 140
Trd, 4319950.093, 140
Trd, 4319950.443, 60
Trd, 4319951.893, 60
Trd, 4319952.343, 60
Trd, 4319952.393, 61
Trd, 4319952.893, 138
Trd, 4319953.293, 69
Trd, 4319954.143, 114
Trd, 4319955.693, 139
Trd, 4319956.143, 137
Trd, 4319956.693, 138
Trd, 4319956.893, 94
Trd, 4319958.393, 63
Trd, 4319959.293, 60
Trd, 4319959.943, 62
Trd, 4319960.343, 62
Trd, 4319961.543, 60
Trd, 4319961.893, 60
Trd, 4319961.943, 61
Trd, 4319962.143, 64
Trd, 4319963.043, 63
Trd, 4319963.793, 63
Trd, 4319964.143, 62
Trd, 4319964.843, 125
Trd, 4319964.893, 106
Trd, 4319966.593, 64
Trd, 4319966.743, 93
Trd, 4319967.893, 61
Trd, 4319968.143, 63
Trd, 4319969.043, 67
Trd, 4319969.393, 66
Trd, 4319970.493, 60
Trd, 4319971.293, 61
Trd, 4319971.843, 79
Trd, 4319972.093, 88
Trd, 4319972.793, 60
Trd, 4319972.943, 64
Trd, 4319973.643, 61
Trd, 4319975.243, 60
Trd, 4319976.043, 66
Trd, 4319976.693, 93
Trd, 4319977.443, 138
Trd, 4319978.293, 140
Trd, 4319978.793, 136
Trd, 4319979.193, 139
Trd, 4319979.493, 121
Trd, 4319979.743, 140
Trd, 4319980.943, 104
Trd, 4319981.543, 140
Trd, 4319982.543, 138
Trd, 4319983.893, 137
Trd, 4319984.643, 139
Trd, 4319984.743, 139
Trd, 4319984.893, 95
Trd, 4319985.843, 140
Trd, 4319986.893, 139
Trd, 4319986.943, 138
Trd, 4319987.693, 140
Trd, 4319987.993, 140
Trd, 4319988.143, 139
Trd, 4319990.593, 140
Trd, 4319990.993, 140
Trd, 4319991.043, 139
Trd, 4319991.443, 133
Trd, 4319991.943, 70
Trd, 4319992.993, 71
Trd, 4319993.343, 103
Trd, 4319993.743, 137
Trd, 4319994.443, 137
Trd, 4319995.793, 140
Trd, 4319996.093, 139
Trd, 4319996.843, 140
Trd, 4319997.093, 140
Trd, 4319997.393, 140
Trd, 4319997.593, 137
Trd, 4319997.993, 140
Trd, 4319998.243, 136
