Trd, 4318162.743, 60
Trd, 4318163.543, 60
Trd, 4318163.843, 61
Trd, 4318164.043, 67
Trd, 4318164.843, 140
Trd, 4318165.343, 102
Trd, 4318165.543, 89
Trd, 4318166.043, 140
Trd, 4318166.343, 139
Trd, 4318166.743, 140
Trd, 4318168.393, 60
Trd, 4318168.893, 60
Trd, 4318169.343, 60
Trd, 4318170.293, 60
Trd, 4318170.343, 61
Trd, 4318170.743, 60
Trd, 4318170.843, 60
Trd, 4318170.993, 124
Trd, 4318172.243, 60
Trd, 4318172.893, 66
Trd, 4318173.093, 68
Trd, 4318175.943, 139
Trd, 4318176.293, 139
Trd, 4318176.493, 137
Trd, 4318176.543, 122
Trd, 4318177.043, 140
Trd, 4318177.493, 120
Trd, 4318177.943, 66
Trd, 4318178.343, 64
Trd, 4318178.643, 66
Trd, 4318178.793, 62
Trd, 4318180.143, 71
Trd, 4318181.493, 66
Trd, 4318182.193, 87
Trd, 4318182.993, 60
Trd, 4318183.093, 88
Trd, 4318183.393, 61
Trd, 4318184.443, 62
Trd, 4318184.593, 63
Trd, 4318187.593, 64
Trd, 4318187.893, 61
Trd, 4318187.993, 64
Trd, 4318189.693, 60
Trd, 4318189.793, 63
Trd, 4318190.093, 63
Trd, 4318190.643, 62
Trd, 4318191.493, 60
Trd, 4318191.993, 60
Trd, 4318193.043, 60
Trd, 4318193.493, 71
Trd, 4318193.893, 72
Trd, 4318194.643, 62
Trd, 4318195.093, 65
Trd, 4318195.943, 62
Trd, 4318196.943, 60
Trd, 4318197.143, 70
Trd, 4318198.293, 93
Trd, 4318198.443, 90
Trd, 4318200.043, 61
Trd, 4318201.543, 60
Trd, 4318201.593, 60
Trd, 4318202.543, 60
Trd, 4318202.693, 60
Trd, 4318202.943, 60
Trd, 4318203.493, 60
Trd, 4318204.443, 63
Trd, 4318204.693, 63
Trd, 4318206.043, 64
Trd, 4318206.293, 63
Trd, 4318207.243, 140
Trd, 4318207.343, 66
Trd, 4318207.843, 67
Trd, 4318207.993, 69
Trd, 4318208.793, 65
Trd, 4318210.693, 60
Trd, 4318211.993, 60
Trd, 4318212.443, 61
Trd, 4318213.043, 60
Trd, 4318215.243, 60
Trd, 4318215.443, 60
Trd, 4318217.443, 60
Trd, 4318217.793, 60
Trd, 4318218.693, 61
Trd, 4318219.243, 60
Trd, 4318219.593, 61
Trd, 4318219.793, 62
Trd, 4318220.893, 60
Trd, 4318221.143, 60
Trd, 4318221.893, 60
Trd, 4318222.143, 60
Trd, 4318222.693, 60
Trd, 4318222.843, 70
Trd, 4318223.193, 60
Trd, 4318224.993, 60
Trd, 4318225.593, 65
Trd, 4318225.793, 67
Trd, 4318225.843, 67
Trd, 4318227.193, 86
Trd, 4318227.393, 60
Trd, 4318228.843, 60
Trd, 4318229.443, 60
Trd, 4318229.843, 60
Trd, 4318230.243, 61
Trd, 4318230.493, 65
Trd, 4318230.843, 63
Trd, 4318230.893, 62
Trd, 4318231.043, 70
Trd, 4318232.543, 60
Trd, 4318232.743, 63
Trd, 4318233.843, 62
Trd, 4318234.143, 61
Trd, 4318235.493, 60
Trd, 4318235.993, 60
Trd, 4318237.393, 60
Trd, 4318237.743, 60
Trd, 4318237.893, 70
Trd, 4318237.993, 74
Trd, 4318239.893, 66
Trd, 4318240.543, 62
Trd, 4318241.443, 60
Trd, 4318243.393, 62
Trd, 4318244.193, 64
Trd, 4318244.493, 66
Trd, 4318244.643, 70
Trd, 4318244.843, 65
Trd, 4318245.093, 63
Trd, 4318245.843, 62
Trd, 4318246.843, 62
Trd, 4318248.643, 60
Trd, 4318249.793, 60
Trd, 4318250.193, 60
Trd, 4318251.093, 60
Trd, 4318251.543, 60
Trd, 4318252.093, 66
Trd, 4318253.493, 61
Trd, 4318253.543, 62
Trd, 4318253.993, 66
Trd, 4318255.043, 62
Trd, 4318255.093, 63
Trd, 4318257.093, 60
Trd, 4318257.643, 61
Trd, 4318257.743, 62
Trd, 4318258.943, 60
Trd, 4318259.593, 60
Trd, 4318260.843, 60
Trd, 4318261.293, 60
Trd, 4318261.343, 60
Trd, 4318262.343, 61
Trd, 4318262.393, 62
Trd, 4318263.193, 66
Trd, 4318264.143, 62
Trd, 4318264.543, 61
Trd, 4318264.893, 60
Trd, 4318265.843, 60
Trd, 4318266.043, 63
Trd, 4318267.293, 60
Trd, 4318267.593, 60
Trd, 4318267.943, 61
Trd, 4318268.443, 62
Trd, 4318270.143, 60
Trd, 4318271.693, 60
Trd, 4318272.093, 60
Trd, 4318272.993, 60
Trd, 4318273.343, 60
Trd, 4318273.393, 60
Trd, 4318273.893, 62
Trd, 4318274.143, 63
Trd, 4318275.093, 63
Trd, 4318275.843, 64
Trd, 4318276.143, 68
Trd, 4318276.443, 63
Trd, 4318276.843, 66
Trd, 4318276.943, 78
Trd, 4318277.443, 64
Trd, 4318278.143, 60
Trd, 4318279.043, 69
Trd, 4318280.393, 60
Trd, 4318281.343, 60
Trd, 4318281.393, 60
Trd, 4318282.343, 60
Trd, 4318283.243, 60
Trd, 4318283.593, 60
Trd, 4318284.093, 60
Trd, 4318284.343, 61
Trd, 4318285.393, 64
Trd, 4318286.593, 61
Trd, 4318287.243, 62
Trd, 4318288.093, 60
Trd, 4318288.193, 61
Trd, 4318288.843, 61
Trd, 4318290.043, 62
Trd, 4318290.793, 61
Trd, 4318292.393, 61
Trd, 4318293.343, 60
Trd, 4318294.943, 60
Trd, 4318295.293, 60
Trd, 4318297.443, 60
Trd, 4318297.793, 63
Trd, 4318298.843, 61
Trd, 4318299.343, 60
Trd, 4318300.593, 60
Trd, 4318300.843, 62
Trd, 4318300.993, 63
Trd, 4318301.843, 60
Trd, 4318302.743, 62
Trd, 4318302.993, 62
Trd, 4318303.343, 61
Trd, 4318303.543, 62
Trd, 4318303.993, 63
Trd, 4318304.993, 99
Trd, 4318305.443, 71
Trd, 4318306.993, 109
Trd, 4318307.293, 138
Trd, 4318307.493, 133
Trd, 4318309.043, 116
Trd, 4318310.093, 123
Trd, 4318310.193, 118
Trd, 4318310.593, 117
Trd, 4318310.643, 116
Trd, 4318311.993, 140
Trd, 4318312.043, 140
Trd, 4318312.443, 140
Trd, 4318312.793, 140
Trd, 4318313.443, 86
Trd, 4318314.093, 60
Trd, 4318315.343, 60
Trd, 4318317.193, 60
Trd, 4318317.743, 60
Trd, 4318317.993, 61
Trd, 4318318.593, 60
Trd, 4318319.093, 61
Trd, 4318320.143, 63
Trd, 4318320.543, 64
Trd, 4318320.593, 65
Trd, 4318320.693, 63
Trd, 4318321.243, 63
Trd, 4318322.093, 68
Trd, 4318323.493, 60
Trd, 4318325.593, 60
Trd, 4318325.643, 60
Trd, 4318326.093, 60
Trd, 4318326.343, 60
Trd, 4318326.593, 61
Trd, 4318327.043, 61
Trd, 4318327.643, 60
Trd, 4318328.743, 67
Trd, 4318328.943, 60
Trd, 4318330.543, 60
Trd, 4318330.893, 60
Trd, 4318331.643, 62
Trd, 4318333.193, 60
Trd, 4318333.643, 61
Trd, 4318333.893, 65
Trd, 4318334.293, 63
Trd, 4318334.393, 62
Trd, 4318334.593, 68
Trd, 4318335.443, 67
Trd, 4318335.543, 68
Trd, 4318336.043, 140
Trd, 4318337.343, 138
Trd, 4318339.243, 60
Trd, 4318339.493, 60
Trd, 4318339.543, 60
Trd, 4318340.043, 60
Trd, 4318341.193, 61
Trd, 4318342.993, 60
Trd, 4318343.243, 61
Trd, 4318343.793, 60
Trd, 4318345.093, 63
Trd, 4318345.243, 63
Trd, 4318345.493, 60
Trd, 4318345.843, 60
Trd, 4318346.993, 66
Trd, 4318347.243, 66
Trd, 4318347.893, 66
Trd, 4318347.943, 64
Trd, 4318348.243, 64
Trd, 4318348.593, 67
Trd, 4318348.993, 61
Trd, 4318349.293, 71
Trd, 4318349.493, 61
Trd, 4318350.143, 60
Trd, 4318352.393, 60
Trd, 4318352.743, 60
Trd, 4318353.743, 60
Trd, 4318355.093, 60
Trd, 4318356.343, 62
Trd, 4318356.993, 60
Trd, 4318357.543, 60
Trd, 4318358.093, 60
Trd, 4318359.093, 60
Trd, 4318359.243, 60
Trd, 4318360.143, 60
Trd, 4318360.593, 60
Trd, 4318360.743, 60
Trd, 4318361.443, 60
Trd, 4318361.843, 61
Trd, 4318361.943, 63
Trd, 4318362.343, 61
Trd, 4318363.493, 60
Trd, 4318365.043, 60
Trd, 4318365.443, 60
Trd, 4318366.043, 60
Trd, 4318367.243, 60
Trd, 4318367.343, 60
Trd, 4318367.843, 62
Trd, 4318368.093, 63
Trd, 4318368.443, 60
Trd, 4318369.643, 64
Trd, 4318369.893, 61
Trd, 4318371.193, 63
Trd, 4318371.293, 62
Trd, 4318371.843, 62
Trd, 4318373.693, 60
Trd, 4318373.843, 61
Trd, 4318374.393, 60
Trd, 4318375.343, 61
Trd, 4318375.593, 62
Trd, 4318375.643, 64
Trd, 4318377.593, 63
Trd, 4318377.643, 64
Trd, 4318377.793, 81
Trd, 4318378.243, 65
Trd, 4318378.943, 69
Trd, 4318379.043, 68
Trd, 4318380.393, 60
Trd, 4318380.493, 60
Trd, 4318380.693, 64
Trd, 4318381.393, 60
Trd, 4318382.043, 61
Trd, 4318382.143, 62
Trd, 4318383.643, 64
Trd, 4318384.793, 62
Trd, 4318385.543, 60
Trd, 4318386.243, 67
Trd, 4318386.543, 71
Trd, 4318386.893, 135
Trd, 4318387.993, 109
Trd, 4318388.393, 103
Trd, 4318388.843, 140
Trd, 4318389.943, 104
Trd, 4318390.193, 69
Trd, 4318390.693, 139
Trd, 4318391.093, 118
Trd, 4318391.943, 140
Trd, 4318392.743, 138
Trd, 4318393.793, 139
Trd, 4318395.943, 140
Trd, 4318396.043, 140
Trd, 4318396.993, 140
Trd, 4318397.743, 140
Trd, 4318398.043, 140
Trd, 4318399.343, 92
Trd, 4318399.893, 140
Trd, 4318400.743, 140
Trd, 4318401.043, 140
Trd, 4318401.943, 140
Trd, 4318402.293, 83
Trd, 4318402.993, 135
Trd, 4318403.243, 72
Trd, 4318403.743, 67
Trd, 4318404.443, 74
Trd, 4318404.693, 65
Trd, 4318404.843, 75
Trd, 4318406.493, 62
Trd, 4318407.143, 73
Trd, 4318407.193, 61
Trd, 4318407.693, 95
Trd, 4318408.393, 65
Trd, 4318408.743, 116
Trd, 4318409.943, 140
Trd, 4318410.743, 140
Trd, 4318411.093, 140
Trd, 4318411.843, 140
Trd, 4318412.493, 131
Trd, 4318413.543, 139
Trd, 4318414.493, 139
Trd, 4318415.343, 140
Trd, 4318415.693, 140
Trd, 4318417.293, 140
Trd, 4318417.443, 140
Trd, 4318418.443, 140
Trd, 4318419.093, 140
Trd, 4318419.493, 140
Trd, 4318419.843, 140
Trd, 4318420.193, 139
Trd, 4318420.693, 118
Trd, 4318421.143, 140
Trd, 4318422.193, 140
Trd, 4318423.143, 138
Trd, 4318423.493, 139
Trd, 4318423.793, 137
Trd, 4318424.093, 90
Trd, 4318425.043, 62
Trd, 4318425.943, 68
Trd, 4318426.143, 72
Trd, 4318426.243, 64
Trd, 4318426.643, 140
Trd, 4318428.293, 61
Trd, 4318428.693, 62
Trd, 4318428.893, 61
Trd, 4318429.293, 62
Trd, 4318430.193, 63
Trd, 4318430.943, 64
Trd, 4318431.093, 64
Trd, 4318431.343, 65
Trd, 4318431.543, 77
Trd, 4318431.793, 63
Trd, 4318432.443, 72
Trd, 4318434.293, 60
Trd, 4318434.443, 63
Trd, 4318436.343, 64
Trd, 4318437.743, 60
Trd, 4318438.193, 64
Trd, 4318438.393, 67
Trd, 4318439.993, 60
Trd, 4318440.943, 60
Trd, 4318441.343, 61
Trd, 4318441.843, 61
Trd, 4318442.893, 60
Trd, 4318443.793, 61
Trd, 4318443.993, 62
Trd, 4318444.793, 65
Trd, 4318445.143, 62
Trd, 4318445.393, 61
Trd, 4318445.693, 61
Trd, 4318446.943, 72
Trd, 4318447.943, 95
Trd, 4318449.143, 60
Trd, 4318450.093, 60
Trd, 4318451.493, 60
Trd, 4318452.093, 60
Trd, 4318453.143, 61
Trd, 4318454.543, 60
Trd, 4318454.793, 60
Trd, 4318455.493, 63
Trd, 4318455.843, 60
Trd, 4318456.293, 62
Trd, 4318457.493, 61
Trd, 4318459.043, 61
Trd, 4318459.293, 62
Trd, 4318459.743, 65
Trd, 4318459.943, 61
Trd, 4318461.243, 63
Trd, 4318461.493, 64
Trd, 4318461.743, 63
Trd, 4318461.893, 102
Trd, 4318462.143, 72
Trd, 4318463.143, 61
Trd, 4318463.293, 66
Trd, 4318463.593, 66
Trd, 4318465.343, 60
Trd, 4318465.543, 60
Trd, 4318465.793, 60
Trd, 4318466.593, 61
Trd, 4318466.993, 63
Trd, 4318467.843, 62
Trd, 4318468.343, 62
Trd, 4318469.593, 60
Trd, 4318469.893, 60
Trd, 4318470.243, 60
Trd, 4318470.343, 61
Trd, 4318471.793, 61
Trd, 4318472.943, 60
Trd, 4318473.543, 61
Trd, 4318473.893, 60
Trd, 4318474.643, 61
Trd, 4318474.693, 64
Trd, 4318475.843, 62
Trd, 4318475.993, 61
Trd, 4318476.043, 67
Trd, 4318478.693, 60
Trd, 4318478.893, 62
Trd, 4318479.643, 61
Trd, 4318481.493, 60
Trd, 4318482.043, 63
Trd, 4318482.593, 61
Trd, 4318482.693, 62
Trd, 4318482.893, 63
Trd, 4318483.293, 61
Trd, 4318484.293, 61
Trd, 4318486.093, 60
Trd, 4318486.243, 63
Trd, 4318486.793, 60
Trd, 4318487.593, 60
Trd, 4318487.843, 61
Trd, 4318489.543, 60
Trd, 4318489.893, 61
Trd, 4318490.393, 61
Trd, 4318490.593, 63
Trd, 4318491.893, 63
Trd, 4318492.093, 67
Trd, 4318493.993, 60
Trd, 4318494.393, 62
Trd, 4318494.593, 63
Trd, 4318495.443, 60
Trd, 4318496.543, 60
Trd, 4318496.693, 60
Trd, 4318497.243, 70
Trd, 4318497.393, 70
Trd, 4318499.193, 61
Trd, 4318500.493, 60
Trd, 4318500.643, 61
Trd, 4318501.093, 62
Trd, 4318501.543, 65
Trd, 4318501.643, 61
Trd, 4318502.343, 66
Trd, 4318502.793, 61
Trd, 4318502.893, 60
Trd, 4318504.393, 106
Trd, 4318504.643, 62
Trd, 4318504.743, 62
Trd, 4318505.143, 106
Trd, 4318507.343, 63
Trd, 4318507.943, 61
Trd, 4318508.193, 61
Trd, 4318508.843, 61
Trd, 4318509.293, 60
Trd, 4318509.843, 60
Trd, 4318510.293, 61
Trd, 4318510.543, 74
Trd, 4318511.593, 60
Trd, 4318511.843, 60
Trd, 4318512.843, 60
Trd, 4318513.893, 65
Trd, 4318514.443, 62
Trd, 4318514.493, 68
Trd, 4318516.143, 60
Trd, 4318516.493, 60
Trd, 4318516.943, 60
Trd, 4318517.493, 60
Trd, 4318518.693, 60
Trd, 4318519.593, 60
Trd, 4318519.993, 60
Trd, 4318521.443, 60
Trd, 4318522.843, 60
Trd, 4318522.943, 60
Trd, 4318523.043, 61
Trd, 4318523.243, 63
Trd, 4318523.693, 61
Trd, 4318524.893, 65
Trd, 4318525.043, 64
Trd, 4318525.743, 63
Trd, 4318525.843, 85
Trd, 4318526.093, 62
Trd, 4318526.643, 62
Trd, 4318527.393, 61
Trd, 4318528.643, 64
Trd, 4318529.743, 60
Trd, 4318529.893, 66
Trd, 4318530.893, 60
Trd, 4318531.243, 62
Trd, 4318531.543, 62
Trd, 4318531.943, 60
Trd, 4318531.993, 66
Trd, 4318532.343, 71
Trd, 4318532.493, 67
Trd, 4318532.843, 88
Trd, 4318533.943, 60
Trd, 4318534.793, 60
Trd, 4318537.643, 60
Trd, 4318537.843, 60
Trd, 4318538.643, 64
Trd, 4318538.743, 66
Trd, 4318538.793, 66
Trd, 4318539.293, 61
Trd, 4318539.493, 72
Trd, 4318541.493, 70
Trd, 4318541.893, 67
Trd, 4318542.093, 117
Trd, 4318542.893, 140
Trd, 4318543.043, 139
Trd, 4318544.743, 140
Trd, 4318545.543, 140
Trd, 4318545.993, 140
Trd, 4318546.843, 140
Trd, 4318547.243, 140
Trd, 4318547.893, 140
Trd, 4318548.543, 139
Trd, 4318549.543, 120
Trd, 4318549.593, 118
Trd, 4318549.893, 99
Trd, 4318549.993, 85
Trd, 4318552.293, 140
Trd, 4318554.043, 140
Trd, 4318554.393, 140
Trd, 4318555.243, 140
Trd, 4318555.543, 140
Trd, 4318555.693, 140
Trd, 4318556.143, 140
Trd, 4318556.793, 122
Trd, 4318558.093, 140
Trd, 4318559.443, 140
Trd, 4318560.143, 140
Trd, 4318560.343, 140
Trd, 4318560.893, 139
Trd, 4318561.093, 117
Trd, 4318562.393, 61
Trd, 4318562.543, 70
Trd, 4318562.793, 65
Trd, 4318563.243, 92
Trd, 4318563.843, 139
Trd, 4318563.993, 87
Trd, 4318564.293, 132
Trd, 4318566.193, 140
Trd, 4318566.993, 140
Trd, 4318567.443, 140
Trd, 4318568.293, 139
Trd, 4318568.343, 139
Trd, 4318569.343, 139
Trd, 4318569.843, 139
Trd, 4318570.893, 140
Trd, 4318571.193, 139
Trd, 4318572.343, 138
Trd, 4318573.393, 139
Trd, 4318573.693, 99
Trd, 4318574.343, 99
Trd, 4318574.943, 139
Trd, 4318575.343, 103
Trd, 4318576.043, 91
Trd, 4318576.843, 101
Trd, 4318577.093, 95
Trd, 4318577.793, 139
Trd, 4318578.093, 138
Trd, 4318579.543, 106
Trd, 4318579.943, 139
Trd, 4318580.693, 140
Trd, 4318581.293, 140
Trd, 4318581.543, 140
Trd, 4318581.793, 140
Trd, 4318583.593, 140
Trd, 4318583.793, 140
Trd, 4318585.143, 140
Trd, 4318585.493, 140
Trd, 4318585.543, 139
Trd, 4318586.343, 111
Trd, 4318586.643, 95
Trd, 4318587.893, 140
Trd, 4318587.943, 140
Trd, 4318588.843, 140
Trd, 4318589.593, 138
Trd, 4318590.593, 111
Trd, 4318590.843, 137
Trd, 4318590.993, 93
Trd, 4318591.943, 64
Trd, 4318593.543, 140
Trd, 4318593.893, 140
Trd, 4318594.243, 140
Trd, 4318594.643, 140
Trd, 4318594.793, 140
Trd, 4318595.843, 139
Trd, 4318596.793, 140
Trd, 4318597.943, 61
Trd, 4318597.993, 72
Trd, 4318599.493, 140
Trd, 4318599.693, 140
Trd, 4318599.993, 104
Trd, 4318600.593, 139
Trd, 4318600.643, 103
Trd, 4318601.393, 140
Trd, 4318602.393, 137
Trd, 4318602.443, 115
Trd, 4318603.443, 109
Trd, 4318604.793, 140
Trd, 4318606.093, 94
Trd, 4318606.543, 140
Trd, 4318607.393, 140
Trd, 4318608.343, 140
Trd, 4318608.493, 140
Trd, 4318608.543, 138
Trd, 4318609.743, 129
Trd, 4318610.243, 128
Trd, 4318611.043, 139
Trd, 4318611.693, 112
Trd, 4318611.743, 89
Trd, 4318612.043, 65
Trd, 4318612.793, 140
Trd, 4318613.893, 139
Trd, 4318615.443, 94
Trd, 4318615.943, 80
Trd, 4318616.943, 60
Trd, 4318617.493, 60
Trd, 4318617.543, 60
Trd, 4318618.143, 60
Trd, 4318619.793, 60
Trd, 4318619.943, 60
Trd, 4318620.243, 61
Trd, 4318620.493, 62
Trd, 4318621.293, 64
Trd, 4318622.443, 62
Trd, 4318623.043, 62
Trd, 4318623.743, 63
Trd, 4318624.893, 62
Trd, 4318625.343, 63
Trd, 4318625.843, 62
Trd, 4318625.993, 63
Trd, 4318626.893, 60
Trd, 4318627.543, 60
Trd, 4318628.043, 61
Trd, 4318628.343, 62
Trd, 4318628.543, 62
Trd, 4318628.743, 111
Trd, 4318629.043, 67
Trd, 4318630.543, 60
Trd, 4318633.293, 60
Trd, 4318633.543, 60
Trd, 4318634.093, 60
Trd, 4318634.493, 60
Trd, 4318635.043, 60
Trd, 4318635.093, 62
Trd, 4318636.143, 62
Trd, 4318636.693, 63
Trd, 4318637.443, 63
Trd, 4318637.543, 62
Trd, 4318637.693, 71
Trd, 4318637.943, 66
Trd, 4318639.143, 65
Trd, 4318639.643, 63
Trd, 4318639.893, 88
Trd, 4318641.393, 70
Trd, 4318641.843, 65
Trd, 4318642.293, 64
Trd, 4318643.193, 60
Trd, 4318644.693, 61
Trd, 4318644.893, 62
Trd, 4318645.243, 116
Trd, 4318646.743, 60
Trd, 4318647.943, 60
Trd, 4318647.993, 60
Trd, 4318648.993, 63
Trd, 4318649.293, 61
Trd, 4318649.543, 65
Trd, 4318649.793, 66
Trd, 4318650.393, 66
Trd, 4318650.793, 67
Trd, 4318651.593, 71
Trd, 4318651.643, 65
Trd, 4318652.293, 60
Trd, 4318652.943, 140
Trd, 4318653.893, 139
Trd, 4318654.193, 134
Trd, 4318655.193, 137
Trd, 4318657.593, 139
Trd, 4318657.643, 139
Trd, 4318658.243, 140
Trd, 4318658.493, 140
Trd, 4318658.643, 140
Trd, 4318659.143, 121
Trd, 4318661.193, 113
Trd, 4318661.693, 115
Trd, 4318662.043, 112
Trd, 4318662.693, 122
Trd, 4318662.893, 107
Trd, 4318663.693, 137
Trd, 4318663.743, 94
Trd, 4318664.793, 139
Trd, 4318665.293, 139
Trd, 4318665.943, 140
Trd, 4318666.093, 87
Trd, 4318666.593, 85
Trd, 4318668.143, 140
Trd, 4318668.593, 140
Trd, 4318669.143, 137
Trd, 4318671.393, 140
Trd, 4318671.443, 118
Trd, 4318673.543, 139
Trd, 4318673.793, 140
Trd, 4318674.443, 140
Trd, 4318674.493, 120
Trd, 4318674.543, 118
Trd, 4318675.943, 115
Trd, 4318676.093, 112
Trd, 4318676.543, 100
Trd, 4318676.943, 83
Trd, 4318678.143, 60
Trd, 4318678.293, 61
Trd, 4318678.543, 61
Trd, 4318678.943, 139
Trd, 4318679.543, 72
Trd, 4318681.843, 60
Trd, 4318682.143, 60
Trd, 4318682.293, 60
Trd, 4318683.143, 61
Trd, 4318684.393, 63
Trd, 4318684.693, 61
Trd, 4318684.943, 67
Trd, 4318685.743, 75
Trd, 4318685.893, 65
Trd, 4318687.193, 101
Trd, 4318687.343, 62
Trd, 4318688.693, 61
Trd, 4318689.043, 60
Trd, 4318689.143, 63
Trd, 4318689.643, 138
Trd, 4318689.943, 62
Trd, 4318690.993, 60
Trd, 4318693.193, 60
Trd, 4318693.343, 60
Trd, 4318695.043, 60
Trd, 4318695.243, 60
Trd, 4318695.293, 60
Trd, 4318696.043, 60
Trd, 4318696.493, 63
Trd, 4318697.143, 60
Trd, 4318697.293, 60
Trd, 4318697.693, 69
Trd, 4318698.643, 135
Trd, 4318699.243, 139
Trd, 4318699.943, 87
Trd, 4318700.293, 86
Trd, 4318700.393, 71
Trd, 4318700.743, 70
Trd, 4318701.143, 65
Trd, 4318702.293, 61
Trd, 4318702.943, 62
Trd, 4318702.993, 63
Trd, 4318704.643, 62
Trd, 4318705.193, 60
Trd, 4318706.943, 60
Trd, 4318707.093, 60
Trd, 4318707.493, 60
Trd, 4318707.693, 60
Trd, 4318708.493, 60
Trd, 4318708.593, 63
Trd, 4318709.443, 60
Trd, 4318709.693, 65
Trd, 4318712.693, 60
Trd, 4318713.143, 60
Trd, 4318713.493, 61
Trd, 4318713.693, 69
Trd, 4318713.893, 60
Trd, 4318715.043, 63
Trd, 4318715.643, 76
Trd, 4318716.193, 73
Trd, 4318716.643, 72
Trd, 4318716.943, 70
Trd, 4318717.143, 68
Trd, 4318717.793, 60
Trd, 4318719.393, 61
Trd, 4318719.993, 62
Trd, 4318720.443, 60
Trd, 4318720.493, 64
Trd, 4318721.593, 60
Trd, 4318722.593, 63
Trd, 4318722.993, 63
Trd, 4318724.343, 63
Trd, 4318724.543, 65
Trd, 4318724.743, 63
Trd, 4318725.193, 63
Trd, 4318725.543, 64
Trd, 4318725.643, 62
Trd, 4318726.243, 65
Trd, 4318727.043, 62
Trd, 4318727.743, 64
Trd, 4318729.493, 61
Trd, 4318729.543, 62
Trd, 4318730.093, 60
Trd, 4318730.193, 61
Trd, 4318730.443, 62
Trd, 4318731.843, 61
Trd, 4318734.043, 61
Trd, 4318734.843, 60
Trd, 4318735.143, 60
Trd, 4318735.643, 60
Trd, 4318735.693, 60
Trd, 4318735.943, 62
Trd, 4318736.793, 61
Trd, 4318736.893, 62
Trd, 4318738.593, 60
Trd, 4318739.343, 60
Trd, 4318739.493, 62
Trd, 4318739.793, 82
Trd, 4318740.043, 103
Trd, 4318740.243, 69
Trd, 4318740.793, 67
Trd, 4318741.143, 63
Trd, 4318742.093, 67
Trd, 4318742.343, 66
Trd, 4318742.843, 76
Trd, 4318742.993, 66
Trd, 4318743.543, 140
Trd, 4318745.143, 60
Trd, 4318746.743, 60
Trd, 4318746.843, 61
Trd, 4318747.643, 64
Trd, 4318747.793, 66
Trd, 4318748.243, 66
Trd, 4318748.743, 60
Trd, 4318750.593, 60
Trd, 4318751.093, 60
Trd, 4318751.393, 61
Trd, 4318753.443, 62
Trd, 4318753.493, 62
Trd, 4318754.893, 61
Trd, 4318754.943, 62
Trd, 4318755.043, 63
Trd, 4318755.493, 62
Trd, 4318757.843, 61
Trd, 4318758.643, 62
Trd, 4318759.443, 60
Trd, 4318759.493, 61
Trd, 4318760.243, 60
Trd, 4318760.793, 60
Trd, 4318760.993, 63
Trd, 4318761.143, 64
Trd, 4318761.593, 140
Trd, 4318762.643, 63
Trd, 4318763.793, 72
Trd, 4318764.293, 67
Trd, 4318764.643, 81
Trd, 4318765.893, 68
Trd, 4318766.093, 69
Trd, 4318766.443, 65
Trd, 4318766.493, 63
Trd, 4318768.093, 70
Trd, 4318768.943, 65
Trd, 4318769.743, 123
Trd, 4318770.743, 122
Trd, 4318771.093, 122
Trd, 4318771.243, 122
Trd, 4318771.593, 108
Trd, 4318772.243, 137
Trd, 4318772.443, 96
Trd, 4318773.493, 139
Trd, 4318774.143, 139
Trd, 4318774.243, 140
Trd, 4318775.093, 126
Trd, 4318775.593, 90
Trd, 4318775.743, 88
Trd, 4318775.993, 85
Trd, 4318776.693, 140
Trd, 4318777.243, 140
Trd, 4318779.043, 140
Trd, 4318779.093, 140
Trd, 4318779.893, 93
Trd, 4318780.093, 138
Trd, 4318780.343, 80
Trd, 4318780.743, 68
Trd, 4318781.293, 69
Trd, 4318781.793, 64
Trd, 4318782.143, 139
Trd, 4318782.493, 60
Trd, 4318783.143, 64
Trd, 4318784.243, 65
Trd, 4318784.793, 62
Trd, 4318785.893, 60
Trd, 4318786.893, 60
Trd, 4318787.493, 61
Trd, 4318787.643, 60
Trd, 4318787.793, 63
Trd, 4318788.093, 62
Trd, 4318788.293, 62
Trd, 4318789.243, 66
Trd, 4318789.543, 64
Trd, 4318790.043, 60
Trd, 4318790.593, 60
Trd, 4318792.793, 63
Trd, 4318793.043, 67
Trd, 4318794.543, 61
Trd, 4318795.993, 60
Trd, 4318796.443, 61
Trd, 4318797.843, 60
Trd, 4318798.143, 61
Trd, 4318798.543, 63
Trd, 4318799.143, 61
Trd, 4318799.593, 60
Trd, 4318800.193, 63
Trd, 4318801.743, 60
Trd, 4318802.093, 60
Trd, 4318802.443, 60
Trd, 4318802.643, 61
Trd, 4318804.143, 60
Trd, 4318804.693, 61
Trd, 4318804.793, 61
Trd, 4318804.843, 62
Trd, 4318805.893, 61
Trd, 4318806.693, 61
Trd, 4318807.643, 61
Trd, 4318808.293, 60
Trd, 4318808.893, 60
Trd, 4318811.593, 60
Trd, 4318812.143, 60
Trd, 4318812.943, 60
Trd, 4318813.643, 60
Trd, 4318813.993, 63
Trd, 4318814.593, 64
Trd, 4318814.743, 63
Trd, 4318815.793, 68
Trd, 4318815.843, 76
Trd, 4318816.043, 69
Trd, 4318816.293, 139
Trd, 4318817.393, 66
Trd, 4318818.293, 60
Trd, 4318818.593, 76
Trd, 4318820.543, 60
Trd, 4318821.043, 60
Trd, 4318821.593, 60
Trd, 4318822.493, 61
Trd, 4318822.543, 63
Trd, 4318822.943, 71
Trd, 4318824.243, 63
Trd, 4318824.443, 68
Trd, 4318825.293, 60
Trd, 4318826.243, 66
Trd, 4318827.493, 60
Trd, 4318828.143, 60
Trd, 4318828.443, 60
Trd, 4318828.993, 61
Trd, 4318829.093, 61
Trd, 4318829.193, 64
Trd, 4318830.593, 60
Trd, 4318831.043, 60
Trd, 4318831.993, 60
Trd, 4318832.843, 61
Trd, 4318834.043, 60
Trd, 4318834.093, 60
Trd, 4318834.943, 61
Trd, 4318837.093, 60
Trd, 4318838.543, 60
Trd, 4318839.243, 60
Trd, 4318841.643, 60
Trd, 4318841.693, 60
Trd, 4318842.343, 61
Trd, 4318842.743, 61
Trd, 4318842.793, 63
Trd, 4318843.043, 60
Trd, 4318843.343, 64
Trd, 4318843.993, 65
Trd, 4318844.893, 68
Trd, 4318845.393, 61
Trd, 4318845.793, 60
Trd, 4318846.543, 63
Trd, 4318847.493, 60
Trd, 4318848.793, 60
Trd, 4318850.493, 60
Trd, 4318851.343, 60
Trd, 4318851.743, 61
Trd, 4318851.793, 62
Trd, 4318853.043, 62
Trd, 4318853.593, 61
Trd, 4318853.793, 62
Trd, 4318854.093, 60
Trd, 4318854.643, 62
Trd, 4318855.493, 68
Trd, 4318855.743, 73
Trd, 4318856.243, 68
Trd, 4318856.393, 83
Trd, 4318857.893, 62
Trd, 4318859.193, 60
Trd, 4318859.443, 60
Trd, 4318860.293, 60
Trd, 4318861.193, 60
Trd, 4318862.143, 61
Trd, 4318862.243, 61
Trd, 4318862.293, 64
Trd, 4318862.943, 61
Trd, 4318863.543, 60
Trd, 4318864.093, 60
Trd, 4318864.443, 61
Trd, 4318865.343, 62
Trd, 4318865.643, 61
Trd, 4318866.343, 60
Trd, 4318866.993, 60
Trd, 4318868.293, 60
Trd, 4318868.643, 60
Trd, 4318868.743, 60
Trd, 4318869.643, 60
Trd, 4318869.743, 64
Trd, 4318870.493, 60
Trd, 4318871.793, 60
Trd, 4318872.843, 60
Trd, 4318873.593, 60
Trd, 4318873.643, 60
Trd, 4318874.343, 60
Trd, 4318874.393, 61
Trd, 4318875.193, 61
Trd, 4318875.493, 62
Trd, 4318876.993, 62
Trd, 4318877.743, 62
Trd, 4318878.493, 62
Trd, 4318878.843, 63
Trd, 4318878.943, 65
Trd, 4318879.343, 63
Trd, 4318881.243, 60
Trd, 4318881.743, 62
Trd, 4318882.043, 60
Trd, 4318882.843, 60
Trd, 4318883.693, 61
Trd, 4318883.843, 62
Trd, 4318886.143, 61
Trd, 4318886.193, 62
Trd, 4318886.243, 93
Trd, 4318887.193, 60
Trd, 4318887.343, 61
Trd, 4318888.443, 61
Trd, 4318889.243, 60
Trd, 4318890.243, 62
Trd, 4318890.343, 61
Trd, 4318891.093, 70
Trd, 4318891.793, 62
Trd, 4318892.793, 60
Trd, 4318892.993, 61
Trd, 4318893.093, 61
Trd, 4318893.443, 62
Trd, 4318894.143, 62
Trd, 4318894.193, 68
Trd, 4318894.993, 60
Trd, 4318896.943, 60
Trd, 4318897.043, 60
Trd, 4318897.693, 67
Trd, 4318898.093, 68
Trd, 4318898.143, 69
Trd, 4318899.193, 60
Trd, 4318900.443, 60
Trd, 4318900.693, 61
Trd, 4318901.043, 61
Trd, 4318901.893, 89
Trd, 4318902.293, 82
Trd, 4318902.693, 82
Trd, 4318903.143, 81
Trd, 4318903.843, 64
Trd, 4318904.693, 60
Trd, 4318905.193, 60
Trd, 4318905.793, 60
Trd, 4318906.043, 61
Trd, 4318907.893, 64
Trd, 4318908.643, 65
Trd, 4318908.743, 68
Trd, 4318908.893, 66
Trd, 4318910.443, 65
Trd, 4318910.593, 61
Trd, 4318911.343, 75
Trd, 4318913.593, 60
Trd, 4318913.743, 60
Trd, 4318913.993, 60
Trd, 4318915.993, 60
Trd, 4318916.193, 60
Trd, 4318916.793, 60
Trd, 4318917.393, 61
Trd, 4318918.193, 60
Trd, 4318918.593, 63
Trd, 4318918.843, 60
Trd, 4318919.193, 62
Trd, 4318920.193, 61
Trd, 4318920.393, 61
Trd, 4318920.593, 62
Trd, 4318921.493, 64
Trd, 4318922.293, 60
Trd, 4318922.643, 62
Trd, 4318922.993, 65
Trd, 4318924.343, 61
Trd, 4318925.443, 60
Trd, 4318925.743, 60
Trd, 4318928.893, 60
Trd, 4318929.643, 60
Trd, 4318930.193, 60
Trd, 4318930.743, 62
Trd, 4318930.943, 64
Trd, 4318931.343, 64
Trd, 4318932.243, 62
Trd, 4318932.743, 60
Trd, 4318933.743, 60
Trd, 4318933.793, 63
Trd, 4318934.443, 64
Trd, 4318934.543, 62
Trd, 4318935.743, 64
Trd, 4318936.043, 63
Trd, 4318936.743, 60
Trd, 4318938.143, 60
Trd, 4318938.493, 60
Trd, 4318938.843, 63
Trd, 4318938.993, 60
Trd, 4318939.843, 60
Trd, 4318940.843, 82
Trd, 4318941.043, 76
Trd, 4318942.443, 64
Trd, 4318943.993, 60
Trd, 4318944.143, 61
Trd, 4318944.843, 62
Trd, 4318944.893, 64
Trd, 4318945.643, 60
Trd, 4318946.693, 60
Trd, 4318946.843, 60
Trd, 4318947.743, 61
Trd, 4318947.843, 63
Trd, 4318948.693, 63
Trd, 4318949.543, 60
Trd, 4318950.043, 62
Trd, 4318950.443, 65
Trd, 4318951.043, 66
Trd, 4318951.443, 61
Trd, 4318951.943, 68
Trd, 4318952.743, 60
Trd, 4318954.343, 63
Trd, 4318955.193, 60
Trd, 4318955.743, 60
Trd, 4318956.643, 64
Trd, 4318956.943, 64
Trd, 4318957.143, 65
Trd, 4318957.493, 71
Trd, 4318957.893, 96
Trd, 4318958.043, 63
Trd, 4318958.143, 63
Trd, 4318958.893, 140
Trd, 4318960.793, 83
Trd, 4318961.293, 140
Trd, 4318961.693, 140
Trd, 4318962.743, 140
Trd, 4318962.893, 140
Trd, 4318962.993, 139
Trd, 4318963.893, 109
Trd, 4318964.893, 140
Trd, 4318964.943, 139
Trd, 4318965.393, 140
Trd, 4318966.693, 122
Trd, 4318967.493, 140
Trd, 4318968.493, 139
Trd, 4318968.743, 140
Trd, 4318968.793, 120
Trd, 4318969.643, 129
Trd, 4318970.343, 112
Trd, 4318971.193, 140
Trd, 4318971.693, 140
Trd, 4318971.893, 140
Trd, 4318972.893, 92
Trd, 4318974.143, 105
Trd, 4318974.893, 136
Trd, 4318975.293, 133
Trd, 4318975.693, 85
Trd, 4318975.943, 84
Trd, 4318976.993, 138
Trd, 4318977.193, 116
Trd, 4318978.293, 140
Trd, 4318978.593, 61
Trd, 4318979.093, 138
Trd, 4318981.693, 62
Trd, 4318981.893, 62
Trd, 4318982.243, 63
Trd, 4318982.843, 64
Trd, 4318983.143, 71
Trd, 4318983.243, 74
Trd, 4318983.943, 124
Trd, 4318984.843, 68
Trd, 4318985.143, 105
Trd, 4318985.993, 138
Trd, 4318986.143, 66
Trd, 4318986.843, 138
Trd, 4318988.943, 63
Trd, 4318989.243, 68
Trd, 4318989.843, 63
Trd, 4318990.543, 60
Trd, 4318990.943, 60
Trd, 4318993.043, 61
Trd, 4318993.143, 62
Trd, 4318993.243, 62
Trd, 4318993.443, 60
Trd, 4318994.493, 60
Trd, 4318995.193, 60
Trd, 4318995.343, 62
Trd, 4318995.843, 65
Trd, 4318998.343, 60
Trd, 4318998.843, 60
Trd, 4318999.243, 60
Trd, 4318999.693, 60
Trd, 4318999.993, 62
Trd, 4319000.143, 60
Trd, 4319000.543, 60
Trd, 4319000.943, 61
Trd, 4319001.093, 62
Trd, 4319001.443, 62
Trd, 4319001.493, 60
Trd, 4319003.743, 61
Trd, 4319004.193, 61
Trd, 4319005.093, 60
Trd, 4319005.243, 70
Trd, 4319005.493, 72
Trd, 4319006.393, 64
Trd, 4319007.293, 67
Trd, 4319007.493, 62
Trd, 4319010.193, 60
Trd, 4319011.643, 61
Trd, 4319012.343, 60
Trd, 4319012.693, 60
Trd, 4319012.893, 60
Trd, 4319013.043, 61
Trd, 4319013.243, 62
Trd, 4319014.993, 60
Trd, 4319015.293, 61
Trd, 4319016.043, 60
Trd, 4319016.593, 61
Trd, 4319017.243, 60
Trd, 4319017.343, 60
Trd, 4319018.493, 60
Trd, 4319019.343, 62
Trd, 4319020.143, 63
Trd, 4319020.743, 61
Trd, 4319020.893, 64
Trd, 4319021.393, 66
Trd, 4319021.843, 103
Trd, 4319022.093, 65
Trd, 4319022.393, 64
Trd, 4319023.343, 140
Trd, 4319024.043, 140
Trd, 4319024.343, 140
Trd, 4319025.043, 139
Trd, 4319025.843, 119
Trd, 4319026.543, 134
Trd, 4319026.693, 134
Trd, 4319027.043, 137
Trd, 4319028.243, 139
Trd, 4319029.193, 138
Trd, 4319029.393, 94
Trd, 4319029.693, 140
Trd, 4319029.843, 96
Trd, 4319030.293, 68
Trd, 4319031.143, 60
Trd, 4319032.593, 63
Trd, 4319033.243, 62
Trd, 4319033.293, 81
Trd, 4319034.993, 60
Trd, 4319035.243, 60
Trd, 4319035.393, 61
Trd, 4319035.543, 60
Trd, 4319035.893, 62
Trd, 4319036.193, 69
Trd, 4319037.093, 62
Trd, 4319037.293, 61
Trd, 4319038.693, 138
Trd, 4319038.943, 122
Trd, 4319040.193, 60
Trd, 4319040.693, 75
Trd, 4319041.543, 140
Trd, 4319041.693, 140
Trd, 4319042.943, 140
Trd, 4319043.693, 140
Trd, 4319044.893, 139
Trd, 4319045.693, 139
Trd, 4319046.393, 139
Trd, 4319046.843, 124
Trd, 4319046.893, 73
Trd, 4319046.993, 71
Trd, 4319047.743, 86
Trd, 4319049.243, 140
Trd, 4319049.693, 140
Trd, 4319049.793, 140
Trd, 4319051.493, 140
Trd, 4319052.043, 140
Trd, 4319052.543, 140
Trd, 4319053.043, 140
Trd, 4319053.243, 130
Trd, 4319055.693, 140
Trd, 4319056.293, 140
Trd, 4319056.593, 140
Trd, 4319056.943, 140
Trd, 4319056.993, 140
Trd, 4319057.493, 120
Trd, 4319057.693, 112
Trd, 4319058.193, 136
Trd, 4319060.093, 140
Trd, 4319060.393, 140
Trd, 4319060.493, 140
Trd, 4319061.393, 140
Trd, 4319061.593, 139
Trd, 4319062.143, 106
Trd, 4319062.593, 140
Trd, 4319063.943, 140
Trd, 4319064.393, 140
Trd, 4319064.743, 94
Trd, 4319066.093, 140
Trd, 4319067.043, 139
Trd, 4319067.093, 139
Trd, 4319067.243, 136
Trd, 4319068.343, 140
Trd, 4319068.843, 121
Trd, 4319069.093, 119
Trd, 4319070.843, 140
Trd, 4319071.293, 125
Trd, 4319072.393, 112
Trd, 4319073.543, 140
Trd, 4319073.843, 93
Trd, 4319074.443, 140
Trd, 4319074.943, 62
Trd, 4319076.243, 60
Trd, 4319077.093, 60
Trd, 4319077.343, 63
Trd, 4319077.543, 60
Trd, 4319079.393, 118
Trd, 4319080.243, 140
Trd, 4319080.443, 138
Trd, 4319081.443, 139
Trd, 4319081.593, 119
Trd, 4319081.693, 117
Trd, 4319082.143, 74
Trd, 4319083.643, 140
Trd, 4319083.993, 140
Trd, 4319084.193, 140
Trd, 4319085.193, 139
Trd, 4319086.643, 138
Trd, 4319086.693, 123
Trd, 4319087.093, 123
Trd, 4319088.243, 139
Trd, 4319088.793, 140
Trd, 4319089.893, 139
Trd, 4319090.743, 63
Trd, 4319090.893, 64
Trd, 4319091.143, 67
Trd, 4319091.243, 68
Trd, 4319091.993, 65
Trd, 4319092.343, 64
Trd, 4319093.393, 60
Trd, 4319093.993, 60
Trd, 4319096.393, 60
Trd, 4319097.193, 60
Trd, 4319097.393, 60
Trd, 4319097.993, 60
Trd, 4319099.093, 60
Trd, 4319099.193, 60
Trd, 4319100.793, 61
Trd, 4319101.343, 61
Trd, 4319101.693, 62
Trd, 4319101.743, 68
Trd, 4319102.093, 74
Trd, 4319103.793, 61
Trd, 4319104.193, 60
Trd, 4319105.243, 60
Trd, 4319105.343, 62
Trd, 4319105.393, 66
Trd, 4319106.293, 60
Trd, 4319107.893, 60
Trd, 4319108.043, 60
Trd, 4319108.493, 61
Trd, 4319108.793, 61
Trd, 4319109.743, 140
Trd, 4319109.843, 86
Trd, 4319111.143, 64
Trd, 4319111.293, 62
Trd, 4319111.543, 62
Trd, 4319112.093, 61
Trd, 4319112.543, 60
Trd, 4319113.143, 61
Trd, 4319113.193, 62
Trd, 4319116.293, 60
Trd, 4319116.493, 60
Trd, 4319116.693, 60
Trd, 4319117.993, 67
Trd, 4319119.893, 60
Trd, 4319120.143, 60
Trd, 4319120.393, 61
Trd, 4319122.143, 60
Trd, 4319122.993, 60
Trd, 4319124.143, 60
Trd, 4319125.293, 60
Trd, 4319126.093, 60
Trd, 4319126.693, 62
Trd, 4319127.043, 61
Trd, 4319127.243, 61
Trd, 4319127.343, 64
Trd, 4319128.143, 63
Trd, 4319129.393, 90
Trd, 4319130.043, 127
Trd, 4319131.143, 140
Trd, 4319131.293, 140
Trd, 4319131.493, 109
Trd, 4319132.493, 140
Trd, 4319133.493, 140
Trd, 4319133.993, 140
Trd, 4319134.593, 140
Trd, 4319134.643, 139
Trd, 4319135.443, 63
Trd, 4319136.393, 62
Trd, 4319136.493, 63
Trd, 4319137.593, 61
Trd, 4319137.743, 66
Trd, 4319138.693, 66
Trd, 4319139.543, 69
Trd, 4319139.693, 63
Trd, 4319140.393, 63
Trd, 4319140.693, 106
Trd, 4319141.293, 140
Trd, 4319141.543, 139
Trd, 4319142.743, 139
Trd, 4319142.793, 139
Trd, 4319144.843, 137
Trd, 4319145.493, 128
Trd, 4319145.993, 140
Trd, 4319146.143, 107
Trd, 4319146.793, 140
Trd, 4319147.643, 139
Trd, 4319148.343, 75
Trd, 4319149.043, 140
Trd, 4319149.393, 99
Trd, 4319149.643, 69
Trd, 4319151.693, 64
Trd, 4319151.793, 67
Trd, 4319152.293, 140
Trd, 4319153.793, 140
Trd, 4319153.893, 140
Trd, 4319154.443, 139
Trd, 4319154.943, 126
Trd, 4319155.643, 139
Trd, 4319155.743, 120
Trd, 4319155.843, 89
Trd, 4319156.593, 73
Trd, 4319158.543, 60
Trd, 4319159.943, 60
Trd, 4319160.043, 60
Trd, 4319160.293, 60
Trd, 4319160.593, 60
Trd, 4319161.843, 62
Trd, 4319161.993, 60
Trd, 4319162.093, 60
Trd, 4319163.343, 64
Trd, 4319164.093, 65
Trd, 4319164.793, 64
Trd, 4319165.143, 62
Trd, 4319165.693, 62
Trd, 4319166.293, 60
Trd, 4319167.393, 97
Trd, 4319167.493, 95
Trd, 4319167.893, 94
Trd, 4319168.143, 93
Trd, 4319169.593, 60
Trd, 4319170.293, 60
Trd, 4319171.293, 61
Trd, 4319172.243, 60
Trd, 4319172.443, 60
Trd, 4319173.043, 66
Trd, 4319173.993, 61
Trd, 4319174.443, 73
Trd, 4319174.543, 72
Trd, 4319175.143, 60
Trd, 4319175.793, 60
Trd, 4319177.293, 60
Trd, 4319178.593, 60
Trd, 4319179.093, 61
Trd, 4319179.843, 60
Trd, 4319180.443, 60
Trd, 4319180.743, 62
Trd, 4319181.093, 61
Trd, 4319181.543, 61
Trd, 4319182.343, 62
Trd, 4319182.443, 60
Trd, 4319183.343, 61
Trd, 4319183.993, 68
Trd, 4319185.243, 63
Trd, 4319186.243, 64
Trd, 4319186.443, 65
Trd, 4319187.093, 80
Trd, 4319188.293, 60
Trd, 4319188.943, 60
Trd, 4319189.143, 60
Trd, 4319189.493, 61
Trd, 4319190.443, 62
Trd, 4319190.843, 62
Trd, 4319191.193, 70
Trd, 4319192.293, 63
Trd, 4319193.193, 61
Trd, 4319193.793, 61
Trd, 4319193.893, 65
Trd, 4319194.243, 62
Trd, 4319194.893, 62
Trd, 4319196.543, 140
Trd, 4319196.693, 140
Trd, 4319196.993, 140
Trd, 4319197.143, 66
Trd, 4319198.543, 60
Trd, 4319198.793, 66
Trd, 4319199.443, 65
Trd, 4319200.243, 60
Trd, 4319200.393, 65
Trd, 4319201.543, 66
Trd, 4319203.393, 60
Trd, 4319203.693, 61
Trd, 4319203.893, 69
Trd, 4319204.393, 69
Trd, 4319204.793, 63
Trd, 4319205.993, 60
Trd, 4319206.143, 62
Trd, 4319207.493, 62
Trd, 4319207.543, 61
Trd, 4319207.743, 62
Trd, 4319207.793, 97
Trd, 4319208.893, 60
Trd, 4319209.543, 69
Trd, 4319209.893, 70
Trd, 4319210.493, 76
Trd, 4319210.643, 75
Trd, 4319211.243, 127
Trd, 4319211.793, 138
Trd, 4319212.393, 62
Trd, 4319215.043, 60
Trd, 4319215.893, 60
Trd, 4319216.193, 61
Trd, 4319216.443, 61
Trd, 4319216.843, 60
Trd, 4319218.093, 60
Trd, 4319218.643, 60
Trd, 4319219.143, 60
Trd, 4319219.293, 60
Trd, 4319220.193, 62
Trd, 4319220.493, 64
Trd, 4319220.893, 64
Trd, 4319220.993, 62
Trd, 4319222.143, 69
Trd, 4319223.743, 65
Trd, 4319223.893, 65
Trd, 4319225.093, 60
Trd, 4319225.143, 61
Trd, 4319225.693, 66
Trd, 4319227.193, 62
Trd, 4319227.543, 61
Trd, 4319227.743, 62
Trd, 4319228.243, 61
Trd, 4319229.343, 60
Trd, 4319229.843, 72
Trd, 4319231.543, 68
Trd, 4319231.743, 60
Trd, 4319232.043, 73
Trd, 4319232.993, 107
Trd, 4319233.693, 67
Trd, 4319234.843, 60
Trd, 4319235.143, 60
Trd, 4319236.693, 60
Trd, 4319236.943, 60
Trd, 4319238.843, 60
Trd, 4319239.193, 60
Trd, 4319239.743, 60
Trd, 4319240.893, 61
Trd, 4319241.943, 63
Trd, 4319241.993, 64
Trd, 4319242.043, 74
Trd, 4319243.293, 61
Trd, 4319243.593, 62
Trd, 4319244.043, 68
Trd, 4319245.743, 61
Trd, 4319245.993, 64
Trd, 4319246.643, 60
Trd, 4319248.143, 60
Trd, 4319248.693, 60
Trd, 4319248.793, 60
Trd, 4319249.493, 61
Trd, 4319249.693, 64
Trd, 4319250.443, 63
Trd, 4319250.543, 69
Trd, 4319251.093, 62
Trd, 4319252.843, 63
Trd, 4319253.193, 68
Trd, 4319253.693, 139
Trd, 4319256.293, 60
Trd, 4319258.143, 60
Trd, 4319258.293, 60
Trd, 4319259.093, 62
Trd, 4319259.793, 60
Trd, 4319260.693, 60
Trd, 4319260.993, 66
Trd, 4319261.343, 66
Trd, 4319261.493, 67
Trd, 4319261.543, 68
Trd, 4319261.743, 61
Trd, 4319262.293, 63
Trd, 4319262.943, 66
Trd, 4319263.593, 60
Trd, 4319264.343, 68
Trd, 4319265.943, 60
Trd, 4319267.093, 61
Trd, 4319267.593, 61
Trd, 4319268.143, 61
Trd, 4319269.293, 60
Trd, 4319270.043, 62
Trd, 4319270.543, 60
Trd, 4319270.693, 64
Trd, 4319271.243, 63
Trd, 4319272.443, 61
Trd, 4319272.543, 60
Trd, 4319272.593, 64
Trd, 4319273.593, 61
Trd, 4319273.693, 65
Trd, 4319274.693, 63
Trd, 4319275.693, 64
Trd, 4319277.093, 63
Trd, 4319277.443, 62
Trd, 4319279.143, 66
Trd, 4319279.193, 65
Trd, 4319279.643, 66
Trd, 4319280.543, 139
Trd, 4319280.743, 64
Trd, 4319281.043, 60
Trd, 4319281.843, 60
Trd, 4319282.343, 60
Trd, 4319283.093, 60
Trd, 4319284.593, 60
Trd, 4319284.643, 60
Trd, 4319284.693, 60
Trd, 4319286.143, 60
Trd, 4319286.443, 62
Trd, 4319286.743, 66
Trd, 4319288.243, 60
Trd, 4319288.993, 60
Trd, 4319289.143, 60
Trd, 4319289.443, 85
Trd, 4319289.543, 110
Trd, 4319289.943, 61
Trd, 4319291.343, 63
Trd, 4319291.893, 65
Trd, 4319291.943, 66
Trd, 4319292.243, 67
Trd, 4319292.593, 95
Trd, 4319292.743, 66
Trd, 4319293.893, 140
Trd, 4319294.143, 135
Trd, 4319295.093, 140
Trd, 4319295.943, 140
Trd, 4319297.343, 140
Trd, 4319299.193, 140
Trd, 4319300.093, 140
Trd, 4319300.143, 139
Trd, 4319300.393, 140
Trd, 4319300.843, 140
Trd, 4319302.093, 140
Trd, 4319303.043, 140
Trd, 4319303.393, 140
Trd, 4319303.893, 114
Trd, 4319304.493, 60
Trd, 4319305.593, 60
Trd, 4319305.893, 60
Trd, 4319307.193, 63
Trd, 4319308.093, 63
Trd, 4319309.943, 61
Trd, 4319309.993, 65
Trd, 4319310.243, 65
Trd, 4319310.443, 61
Trd, 4319311.093, 63
Trd, 4319311.193, 68
Trd, 4319311.893, 140
Trd, 4319312.993, 62
Trd, 4319313.543, 134
Trd, 4319314.293, 66
Trd, 4319314.943, 68
Trd, 4319316.793, 60
Trd, 4319316.843, 60
Trd, 4319317.793, 63
Trd, 4319318.443, 63
Trd, 4319319.343, 63
Trd, 4319320.843, 60
Trd, 4319322.193, 63
Trd, 4319322.293, 62
Trd, 4319322.593, 64
Trd, 4319323.093, 66
Trd, 4319323.143, 62
Trd, 4319323.343, 134
Trd, 4319323.843, 65
Trd, 4319324.893, 121
Trd, 4319325.243, 121
Trd, 4319325.343, 120
Trd, 4319325.943, 61
Trd, 4319327.193, 60
Trd, 4319327.743, 60
Trd, 4319328.393, 60
Trd, 4319329.593, 63
Trd, 4319330.593, 61
Trd, 4319330.693, 64
Trd, 4319333.443, 60
Trd, 4319333.543, 60
Trd, 4319334.643, 62
Trd, 4319335.843, 60
Trd, 4319336.693, 60
Trd, 4319336.843, 61
Trd, 4319337.393, 60
Trd, 4319337.893, 60
Trd, 4319338.293, 60
Trd, 4319338.393, 64
Trd, 4319339.343, 64
Trd, 4319340.043, 60
Trd, 4319340.093, 71
Trd, 4319340.543, 87
Trd, 4319340.993, 87
Trd, 4319341.293, 95
Trd, 4319342.593, 140
Trd, 4319342.643, 140
Trd, 4319343.293, 137
Trd, 4319344.943, 140
Trd, 4319345.093, 139
Trd, 4319345.593, 138
Trd, 4319346.043, 137
Trd, 4319347.243, 140
Trd, 4319348.343, 124
Trd, 4319348.593, 139
Trd, 4319348.743, 124
Trd, 4319349.793, 136
Trd, 4319349.843, 124
Trd, 4319350.343, 123
Trd, 4319350.643, 74
Trd, 4319351.643, 140
Trd, 4319351.993, 140
Trd, 4319352.243, 62
Trd, 4319353.393, 139
Trd, 4319354.593, 121
Trd, 4319355.493, 139
Trd, 4319355.843, 140
Trd, 4319357.243, 137
Trd, 4319357.693, 140
Trd, 4319357.893, 140
Trd, 4319358.143, 140
Trd, 4319359.243, 139
Trd, 4319359.443, 139
Trd, 4319359.593, 124
Trd, 4319359.693, 122
Trd, 4319360.343, 128
Trd, 4319361.143, 139
Trd, 4319361.743, 140
Trd, 4319363.143, 119
Trd, 4319363.343, 119
Trd, 4319365.443, 139
Trd, 4319365.493, 139
Trd, 4319365.693, 140
Trd, 4319366.143, 140
Trd, 4319366.693, 140
Trd, 4319366.843, 139
Trd, 4319368.293, 140
Trd, 4319368.343, 140
Trd, 4319369.043, 140
Trd, 4319370.543, 140
Trd, 4319370.593, 113
Trd, 4319371.393, 139
Trd, 4319372.043, 75
Trd, 4319372.343, 127
Trd, 4319372.993, 139
Trd, 4319373.143, 139
Trd, 4319373.843, 72
Trd, 4319374.243, 72
Trd, 4319375.143, 77
Trd, 4319375.293, 77
Trd, 4319375.543, 79
Trd, 4319376.143, 140
Trd, 4319376.543, 138
Trd, 4319376.943, 118
Trd, 4319378.443, 140
Trd, 4319378.893, 140
Trd, 4319379.293, 140
Trd, 4319379.393, 117
Trd, 4319379.993, 129
Trd, 4319381.743, 140
Trd, 4319381.893, 139
Trd, 4319382.193, 140
Trd, 4319382.893, 137
Trd, 4319384.593, 140
Trd, 4319384.993, 104
Trd, 4319386.093, 140
Trd, 4319386.943, 140
Trd, 4319387.343, 140
Trd, 4319387.943, 140
Trd, 4319388.993, 140
Trd, 4319390.243, 140
Trd, 4319390.343, 140
Trd, 4319390.893, 126
Trd, 4319391.793, 112
Trd, 4319391.843, 96
Trd, 4319392.943, 140
Trd, 4319393.193, 139
Trd, 4319393.343, 138
Trd, 4319394.043, 87
Trd, 4319395.043, 140
Trd, 4319395.493, 140
Trd, 4319395.843, 140
Trd, 4319396.793, 140
Trd, 4319397.143, 140
Trd, 4319398.193, 140
Trd, 4319398.343, 140
Trd, 4319399.193, 63
Trd, 4319399.543, 60
Trd, 4319400.543, 60
Trd, 4319401.093, 62
Trd, 4319401.143, 65
Trd, 4319402.743, 61
Trd, 4319402.893, 61
Trd, 4319403.043, 64
Trd, 4319405.643, 60
Trd, 4319405.793, 60
Trd, 4319406.243, 60
Trd, 4319406.493, 61
Trd, 4319406.743, 61
Trd, 4319406.793, 68
Trd, 4319408.043, 61
Trd, 4319408.543, 61
Trd, 4319408.743, 140
Trd, 4319409.493, 97
Trd, 4319410.243, 62
Trd, 4319410.643, 61
Trd, 4319411.593, 60
Trd, 4319412.243, 60
Trd, 4319413.193, 60
Trd, 4319413.393, 60
Trd, 4319415.043, 61
Trd, 4319415.543, 61
Trd, 4319415.693, 62
Trd, 4319417.743, 60
Trd, 4319418.393, 60
Trd, 4319419.093, 60
Trd, 4319419.343, 60
Trd, 4319419.393, 60
Trd, 4319420.643, 60
Trd, 4319421.593, 60
Trd, 4319422.643, 63
Trd, 4319423.043, 65
Trd, 4319423.893, 60
Trd, 4319423.993, 60
Trd, 4319424.193, 60
Trd, 4319424.643, 61
Trd, 4319424.993, 63
Trd, 4319425.643, 60
Trd, 4319426.893, 63
Trd, 4319427.593, 61
Trd, 4319427.643, 62
Trd, 4319427.843, 60
Trd, 4319428.643, 60
Trd, 4319429.193, 60
Trd, 4319429.543, 72
Trd, 4319430.243, 140
Trd, 4319430.893, 61
Trd, 4319431.393, 60
Trd, 4319432.493, 60
Trd, 4319434.293, 60
Trd, 4319434.343, 61
Trd, 4319434.493, 64
Trd, 4319435.043, 63
Trd, 4319436.243, 60
Trd, 4319438.643, 60
Trd, 4319438.743, 60
Trd, 4319439.693, 60
Trd, 4319440.643, 60
Trd, 4319441.643, 60
Trd, 4319442.493, 60
Trd, 4319442.843, 60
Trd, 4319443.443, 61
Trd, 4319443.893, 60
Trd, 4319445.093, 61
Trd, 4319445.293, 61
Trd, 4319445.593, 62
Trd, 4319446.493, 62
Trd, 4319446.893, 61
Trd, 4319447.243, 63
Trd, 4319447.493, 63
Trd, 4319449.093, 60
Trd, 4319449.343, 63
Trd, 4319449.643, 62
Trd, 4319450.943, 61
Trd, 4319452.243, 60
Trd, 4319453.293, 60
Trd, 4319453.443, 60
Trd, 4319453.743, 62
Trd, 4319453.793, 63
Trd, 4319454.143, 60
Trd, 4319455.743, 60
Trd, 4319456.643, 60
Trd, 4319457.393, 60
Trd, 4319457.593, 60
Trd, 4319457.693, 60
Trd, 4319457.843, 61
Trd, 4319458.343, 68
Trd, 4319459.643, 60
Trd, 4319460.093, 60
Trd, 4319460.943, 62
Trd, 4319461.493, 60
Trd, 4319462.293, 60
Trd, 4319463.343, 61
Trd, 4319463.493, 61
Trd, 4319463.593, 62
Trd, 4319463.993, 61
Trd, 4319465.293, 60
Trd, 4319467.143, 60
Trd, 4319469.243, 60
Trd, 4319469.293, 60
Trd, 4319469.593, 61
Trd, 4319469.843, 61
Trd, 4319470.343, 62
Trd, 4319470.643, 61
Trd, 4319470.743, 60
Trd, 4319471.043, 61
Trd, 4319472.393, 60
Trd, 4319472.843, 61
Trd, 4319474.793, 60
Trd, 4319475.643, 61
Trd, 4319475.743, 61
Trd, 4319476.143, 61
Trd, 4319476.443, 61
Trd, 4319476.543, 61
Trd, 4319476.793, 63
Trd, 4319477.443, 70
Trd, 4319477.693, 139
Trd, 4319479.643, 60
Trd, 4319480.043, 60
Trd, 4319480.693, 62
Trd, 4319480.943, 66
Trd, 4319481.143, 139
Trd, 4319481.293, 138
Trd, 4319482.093, 138
Trd, 4319483.993, 61
Trd, 4319484.743, 60
Trd, 4319485.193, 60
Trd, 4319486.293, 60
Trd, 4319486.393, 67
Trd, 4319486.593, 69
Trd, 4319488.393, 60
Trd, 4319488.793, 63
Trd, 4319488.943, 64
Trd, 4319489.693, 61
Trd, 4319490.293, 63
Trd, 4319490.343, 64
Trd, 4319490.443, 66
Trd, 4319490.893, 62
Trd, 4319491.393, 64
Trd, 4319491.793, 121
Trd, 4319493.093, 63
Trd, 4319493.993, 68
Trd, 4319494.893, 60
Trd, 4319495.243, 60
Trd, 4319496.143, 60
Trd, 4319496.843, 60
Trd, 4319497.093, 63
Trd, 4319497.343, 61
Trd, 4319497.593, 64
Trd, 4319498.143, 140
Trd, 4319499.293, 70
Trd, 4319500.443, 140
Trd, 4319500.943, 125
Trd, 4319501.193, 140
Trd, 4319502.793, 140
Trd, 4319502.943, 140
Trd, 4319503.193, 140
Trd, 4319504.543, 140
Trd, 4319504.643, 140
Trd, 4319505.293, 134
Trd, 4319505.843, 118
Trd, 4319506.393, 139
Trd, 4319508.143, 137
Trd, 4319508.193, 135
Trd, 4319509.243, 140
Trd, 4319509.843, 140
Trd, 4319510.043, 134
Trd, 4319511.893, 140
Trd, 4319512.393, 140
Trd, 4319512.643, 139
Trd, 4319512.693, 139
Trd, 4319512.943, 87
Trd, 4319513.893, 140
Trd, 4319514.543, 117
Trd, 4319515.793, 138
Trd, 4319516.393, 137
Trd, 4319516.893, 74
Trd, 4319517.143, 72
Trd, 4319517.443, 135
Trd, 4319518.093, 138
Trd, 4319519.843, 140
Trd, 4319520.543, 140
Trd, 4319521.093, 140
Trd, 4319521.343, 139
Trd, 4319521.393, 119
Trd, 4319522.343, 99
Trd, 4319522.843, 100
Trd, 4319523.293, 140
Trd, 4319525.143, 140
Trd, 4319525.493, 140
Trd, 4319526.143, 137
Trd, 4319526.543, 139
Trd, 4319526.993, 140
Trd, 4319527.743, 139
Trd, 4319527.793, 117
Trd, 4319528.243, 85
Trd, 4319529.293, 66
Trd, 4319530.243, 140
Trd, 4319530.743, 140
Trd, 4319531.443, 112
Trd, 4319531.693, 111
Trd, 4319531.793, 138
Trd, 4319533.843, 140
Trd, 4319534.743, 137
Trd, 4319534.893, 118
Trd, 4319535.443, 116
Trd, 4319535.543, 115
Trd, 4319536.593, 79
Trd, 4319537.543, 140
Trd, 4319539.093, 140
Trd, 4319539.593, 140
Trd, 4319539.993, 140
Trd, 4319540.443, 140
Trd, 4319540.693, 139
Trd, 4319541.643, 139
Trd, 4319541.743, 130
Trd, 4319542.293, 138
Trd, 4319542.793, 107
Trd, 4319544.943, 60
Trd, 4319545.043, 61
Trd, 4319545.893, 62
Trd, 4319546.593, 64
Trd, 4319547.343, 60
Trd, 4319547.743, 60
Trd, 4319547.943, 60
Trd, 4319547.993, 62
Trd, 4319548.693, 60
Trd, 4319548.993, 62
Trd, 4319549.093, 60
Trd, 4319549.493, 140
Trd, 4319550.793, 140
Trd, 4319551.293, 140
Trd, 4319551.343, 118
Trd, 4319551.543, 140
Trd, 4319551.793, 140
Trd, 4319552.893, 61
Trd, 4319555.343, 60
Trd, 4319555.943, 60
Trd, 4319556.893, 60
Trd, 4319557.643, 60
Trd, 4319557.793, 61
Trd, 4319557.943, 63
Trd, 4319559.443, 61
Trd, 4319560.693, 60
Trd, 4319560.793, 60
Trd, 4319560.993, 61
Trd, 4319561.693, 61
Trd, 4319562.343, 63
Trd, 4319562.393, 65
Trd, 4319564.893, 60
Trd, 4319566.043, 60
Trd, 4319566.593, 60
Trd, 4319567.093, 60
Trd, 4319567.393, 65
Trd, 4319567.843, 61
Trd, 4319568.393, 61
Trd, 4319568.543, 63
Trd, 4319569.043, 61
Trd, 4319569.293, 79
Trd, 4319569.643, 96
Trd, 4319570.143, 60
Trd, 4319571.593, 60
Trd, 4319571.943, 60
Trd, 4319572.043, 63
Trd, 4319572.993, 70
Trd, 4319573.393, 72
Trd, 4319574.293, 75
Trd, 4319574.493, 140
Trd, 4319574.793, 62
Trd, 4319575.193, 66
Trd, 4319575.293, 62
Trd, 4319576.093, 140
Trd, 4319576.143, 140
Trd, 4319577.543, 65
Trd, 4319578.493, 140
Trd, 4319579.543, 140
Trd, 4319580.593, 140
Trd, 4319580.943, 140
Trd, 4319581.093, 140
Trd, 4319581.793, 140
Trd, 4319582.443, 140
Trd, 4319583.943, 140
Trd, 4319584.343, 140
Trd, 4319584.893, 140
Trd, 4319585.643, 140
Trd, 4319585.693, 139
Trd, 4319585.743, 129
Trd, 4319586.943, 140
Trd, 4319588.643, 60
Trd, 4319589.243, 60
Trd, 4319589.293, 60
Trd, 4319589.493, 62
Trd, 4319589.843, 63
Trd, 4319590.193, 64
Trd, 4319590.293, 62
Trd, 4319591.943, 140
Trd, 4319592.643, 140
Trd, 4319593.093, 139
Trd, 4319595.343, 139
Trd, 4319595.443, 135
Trd, 4319595.843, 136
Trd, 4319595.993, 134
Trd, 4319596.093, 133
Trd, 4319596.343, 137
Trd, 4319596.793, 92
Trd, 4319598.093, 134
Trd, 4319598.443, 102
Trd, 4319598.793, 86
Trd, 4319600.493, 140
Trd, 4319601.543, 140
Trd, 4319602.343, 140
Trd, 4319602.893, 140
Trd, 4319603.293, 140
Trd, 4319603.793, 140
Trd, 4319604.343, 140
Trd, 4319604.743, 140
Trd, 4319605.093, 140
Trd, 4319605.343, 140
Trd, 4319605.893, 139
Trd, 4319606.343, 139
Trd, 4319607.693, 140
Trd, 4319607.843, 137
Trd, 4319607.993, 131
Trd, 4319609.743, 139
Trd, 4319609.993, 138
Trd, 4319610.893, 89
Trd, 4319610.993, 87
Trd, 4319611.593, 140
Trd, 4319612.293, 140
Trd, 4319613.193, 140
Trd, 4319613.893, 73
Trd, 4319614.693, 138
Trd, 4319616.193, 140
Trd, 4319616.343, 139
Trd, 4319617.493, 140
Trd, 4319617.993, 140
Trd, 4319618.893, 140
Trd, 4319618.993, 138
Trd, 4319619.093, 136
Trd, 4319620.743, 94
Trd, 4319621.043, 140
Trd, 4319622.693, 140
Trd, 4319622.743, 139
Trd, 4319623.143, 139
Trd, 4319623.343, 126
Trd, 4319623.643, 120
Trd, 4319623.843, 96
Trd, 4319625.793, 65
Trd, 4319625.893, 76
Trd, 4319626.293, 68
Trd, 4319626.793, 69
Trd, 4319627.543, 64
Trd, 4319627.693, 78
Trd, 4319629.243, 60
Trd, 4319629.493, 61
Trd, 4319630.293, 60
Trd, 4319631.843, 61
Trd, 4319632.743, 60
Trd, 4319633.793, 60
Trd, 4319634.943, 60
Trd, 4319635.393, 60
Trd, 4319635.543, 60
Trd, 4319636.443, 62
Trd, 4319637.943, 60
Trd, 4319638.443, 60
Trd, 4319638.493, 62
Trd, 4319639.443, 60
Trd, 4319639.543, 61
Trd, 4319639.693, 60
Trd, 4319639.893, 61
Trd, 4319640.493, 61
Trd, 4319640.843, 60
Trd, 4319641.343, 61
Trd, 4319642.593, 61
Trd, 4319642.743, 62
Trd, 4319644.643, 60
Trd, 4319644.843, 61
Trd, 4319645.093, 63
Trd, 4319645.693, 63
Trd, 4319645.793, 67
Trd, 4319646.593, 68
Trd, 4319647.343, 62
Trd, 4319647.993, 64
Trd, 4319648.393, 66
Trd, 4319648.993, 61
Trd, 4319649.293, 62
Trd, 4319650.643, 139
Trd, 4319650.743, 138
Trd, 4319650.843, 134
Trd, 4319650.893, 101
Trd, 4319650.993, 85
Trd, 4319654.243, 60
Trd, 4319654.743, 61
Trd, 4319655.193, 60
Trd, 4319655.593, 60
Trd, 4319655.743, 61
Trd, 4319656.243, 60
Trd, 4319656.393, 61
Trd, 4319657.043, 69
Trd, 4319660.043, 63
Trd, 4319660.193, 62
Trd, 4319660.593, 62
Trd, 4319660.893, 62
Trd, 4319661.343, 64
Trd, 4319662.393, 60
Trd, 4319662.643, 62
Trd, 4319663.143, 65
Trd, 4319664.293, 61
Trd, 4319664.993, 60
Trd, 4319665.493, 62
Trd, 4319665.843, 64
Trd, 4319667.493, 60
Trd, 4319667.643, 60
Trd, 4319667.743, 61
Trd, 4319669.443, 60
Trd, 4319669.993, 60
Trd, 4319670.243, 66
Trd, 4319670.793, 61
Trd, 4319671.793, 62
Trd, 4319671.893, 61
Trd, 4319672.543, 61
Trd, 4319672.593, 133
Trd, 4319673.993, 140
Trd, 4319674.143, 140
Trd, 4319674.793, 140
Trd, 4319676.043, 140
Trd, 4319676.093, 138
Trd, 4319676.693, 118
Trd, 4319677.193, 83
Trd, 4319677.743, 80
Trd, 4319679.293, 140
Trd, 4319680.593, 140
Trd, 4319680.693, 140
Trd, 4319681.243, 140
Trd, 4319682.243, 140
Trd, 4319682.543, 140
Trd, 4319682.893, 140
Trd, 4319683.193, 140
Trd, 4319684.393, 140
Trd, 4319686.793, 140
Trd, 4319687.093, 140
Trd, 4319687.343, 140
Trd, 4319687.743, 140
Trd, 4319687.893, 139
Trd, 4319688.493, 140
Trd, 4319688.843, 138
Trd, 4319690.393, 139
Trd, 4319691.393, 138
Trd, 4319691.593, 139
Trd, 4319692.593, 128
Trd, 4319693.193, 127
Trd, 4319694.393, 140
Trd, 4319694.643, 113
Trd, 4319694.743, 127
Trd, 4319696.093, 140
Trd, 4319696.343, 140
Trd, 4319696.493, 117
Trd, 4319697.543, 140
Trd, 4319697.743, 140
Trd, 4319698.343, 97
Trd, 4319698.393, 87
Trd, 4319699.893, 140
Trd, 4319700.093, 140
Trd, 4319701.093, 140
Trd, 4319701.143, 140
Trd, 4319702.343, 140
Trd, 4319702.543, 139
Trd, 4319703.543, 140
Trd, 4319703.893, 140
Trd, 4319704.093, 134
Trd, 4319705.043, 138
Trd, 4319705.643, 71
Trd, 4319706.043, 87
Trd, 4319707.493, 60
Trd, 4319707.543, 63
Trd, 4319708.293, 140
Trd, 4319708.693, 140
Trd, 4319709.743, 140
Trd, 4319710.043, 140
Trd, 4319710.593, 140
Trd, 4319711.993, 140
Trd, 4319713.143, 140
Trd, 4319714.643, 140
Trd, 4319715.093, 140
Trd, 4319715.243, 140
Trd, 4319715.443, 140
Trd, 4319716.243, 140
Trd, 4319718.293, 140
Trd, 4319718.393, 140
Trd, 4319718.443, 140
Trd, 4319719.493, 137
Trd, 4319719.743, 136
Trd, 4319720.043, 119
Trd, 4319720.593, 140
Trd, 4319720.793, 137
Trd, 4319721.643, 139
Trd, 4319722.793, 117
Trd, 4319722.893, 78
Trd, 4319723.543, 63
Trd, 4319723.593, 65
Trd, 4319724.443, 139
Trd, 4319724.893, 140
Trd, 4319725.043, 140
Trd, 4319726.493, 60
Trd, 4319726.843, 133
Trd, 4319727.043, 70
Trd, 4319728.943, 60
Trd, 4319728.993, 62
Trd, 4319729.793, 77
Trd, 4319731.393, 64
Trd, 4319731.993, 61
Trd, 4319732.343, 61
Trd, 4319732.843, 61
Trd, 4319734.743, 60
Trd, 4319734.843, 60
Trd, 4319735.093, 60
Trd, 4319736.293, 60
Trd, 4319737.993, 61
Trd, 4319738.043, 64
Trd, 4319738.343, 63
Trd, 4319740.343, 60
Trd, 4319740.793, 60
Trd, 4319740.943, 62
Trd, 4319741.043, 60
Trd, 4319741.193, 68
Trd, 4319741.693, 88
Trd, 4319742.293, 60
Trd, 4319742.793, 65
Trd, 4319743.643, 60
Trd, 4319744.443, 62
Trd, 4319744.743, 60
Trd, 4319745.893, 60
Trd, 4319746.143, 60
Trd, 4319746.993, 62
Trd, 4319747.193, 60
Trd, 4319748.543, 61
Trd, 4319748.793, 67
Trd, 4319749.693, 60
Trd, 4319750.093, 63
Trd, 4319750.643, 67
Trd, 4319751.993, 60
Trd, 4319752.943, 60
Trd, 4319753.443, 60
Trd, 4319753.493, 62
Trd, 4319754.643, 60
Trd, 4319755.093, 60
Trd, 4319755.293, 60
Trd, 4319755.493, 61
Trd, 4319756.193, 62
Trd, 4319756.543, 60
Trd, 4319757.493, 66
Trd, 4319758.443, 63
Trd, 4319759.243, 65
Trd, 4319759.993, 67
Trd, 4319760.143, 60
Trd, 4319761.193, 60
Trd, 4319762.493, 60
Trd, 4319763.793, 61
Trd, 4319764.143, 63
Trd, 4319765.393, 60
Trd, 4319766.493, 60
Trd, 4319766.743, 61
Trd, 4319767.293, 60
Trd, 4319767.543, 60
Trd, 4319767.643, 63
Trd, 4319768.193, 61
Trd, 4319769.843, 60
Trd, 4319770.793, 60
Trd, 4319771.243, 60
Trd, 4319771.443, 64
Trd, 4319771.993, 60
Trd, 4319772.243, 60
Trd, 4319773.593, 62
Trd, 4319773.643, 70
Trd, 4319774.543, 63
Trd, 4319774.643, 65
Trd, 4319775.093, 60
Trd, 4319775.643, 65
Trd, 4319775.893, 65
Trd, 4319777.643, 67
Trd, 4319778.593, 71
Trd, 4319779.643, 61
Trd, 4319779.943, 62
Trd, 4319779.993, 63
Trd, 4319780.443, 68
Trd, 4319781.143, 82
Trd, 4319781.843, 63
Trd, 4319782.593, 64
Trd, 4319783.093, 60
Trd, 4319784.093, 60
Trd, 4319784.543, 61
Trd, 4319785.343, 60
Trd, 4319785.743, 61
Trd, 4319785.893, 62
Trd, 4319786.893, 60
Trd, 4319787.243, 61
Trd, 4319787.443, 62
Trd, 4319788.393, 61
Trd, 4319789.143, 62
Trd, 4319790.243, 60
Trd, 4319790.643, 63
Trd, 4319790.893, 65
Trd, 4319791.393, 61
Trd, 4319792.693, 60
Trd, 4319792.993, 60
Trd, 4319794.093, 60
Trd, 4319795.093, 61
Trd, 4319795.393, 61
Trd, 4319796.093, 60
Trd, 4319796.843, 63
Trd, 4319796.993, 61
Trd, 4319797.393, 60
Trd, 4319798.143, 64
Trd, 4319798.743, 103
Trd, 4319799.443, 137
Trd, 4319800.943, 62
Trd, 4319801.143, 62
Trd, 4319801.743, 65
Trd, 4319802.843, 60
Trd, 4319803.343, 60
Trd, 4319803.443, 64
Trd, 4319805.793, 60
Trd, 4319806.243, 60
Trd, 4319808.643, 66
Trd, 4319808.843, 61
Trd, 4319809.393, 65
Trd, 4319809.693, 66
Trd, 4319810.393, 64
Trd, 4319810.443, 61
Trd, 4319810.793, 60
Trd, 4319811.443, 61
Trd, 4319811.543, 64
Trd, 4319812.593, 65
Trd, 4319812.693, 60
Trd, 4319813.693, 65
Trd, 4319814.143, 67
Trd, 4319814.243, 64
Trd, 4319814.293, 99
Trd, 4319816.743, 140
Trd, 4319816.793, 137
Trd, 4319816.943, 118
Trd, 4319818.293, 62
Trd, 4319818.943, 60
Trd, 4319818.993, 62
Trd, 4319819.243, 65
Trd, 4319820.393, 60
Trd, 4319821.243, 60
Trd, 4319823.143, 60
Trd, 4319824.993, 60
Trd, 4319825.143, 60
Trd, 4319825.443, 60
Trd, 4319826.243, 60
Trd, 4319826.443, 61
Trd, 4319826.493, 61
Trd, 4319826.843, 64
Trd, 4319827.893, 61
Trd, 4319828.143, 62
Trd, 4319829.193, 61
Trd, 4319829.793, 65
Trd, 4319829.893, 122
Trd, 4319831.393, 98
Trd, 4319831.693, 98
Trd, 4319831.843, 97
Trd, 4319833.093, 70
Trd, 4319833.743, 63
Trd, 4319834.693, 60
Trd, 4319835.493, 60
Trd, 4319836.093, 62
Trd, 4319836.293, 61
Trd, 4319837.293, 60
Trd, 4319837.493, 62
Trd, 4319837.943, 64
Trd, 4319837.993, 62
Trd, 4319838.743, 61
Trd, 4319838.993, 129
Trd, 4319839.543, 63
Trd, 4319839.593, 62
Trd, 4319840.743, 104
Trd, 4319841.843, 63
Trd, 4319842.393, 64
Trd, 4319842.643, 63
Trd, 4319843.593, 63
Trd, 4319844.643, 61
Trd, 4319844.993, 61
Trd, 4319845.543, 63
Trd, 4319846.843, 61
Trd, 4319847.143, 71
Trd, 4319847.443, 60
Trd, 4319848.743, 60
Trd, 4319848.943, 65
Trd, 4319849.693, 63
Trd, 4319850.293, 133
Trd, 4319850.393, 133
Trd, 4319851.143, 132
Trd, 4319851.543, 103
Trd, 4319851.793, 140
Trd, 4319852.493, 90
Trd, 4319853.243, 93
Trd, 4319853.493, 91
Trd, 4319855.343, 64
Trd, 4319856.393, 60
Trd, 4319857.093, 60
Trd, 4319858.293, 60
Trd, 4319858.543, 60
Trd, 4319858.793, 60
Trd, 4319859.193, 60
Trd, 4319860.143, 62
Trd, 4319860.793, 140
Trd, 4319860.943, 133
Trd, 4319861.593, 111
Trd, 4319861.793, 93
Trd, 4319864.093, 60
Trd, 4319864.693, 60
Trd, 4319864.893, 63
Trd, 4319865.243, 65
Trd, 4319865.343, 62
Trd, 4319866.893, 140
Trd, 4319867.743, 89
Trd, 4319867.993, 72
Trd, 4319868.593, 139
Trd, 4319869.043, 79
Trd, 4319869.193, 68
Trd, 4319870.993, 65
Trd, 4319871.943, 61
Trd, 4319872.393, 61
Trd, 4319872.443, 61
Trd, 4319872.743, 72
Trd, 4319875.143, 60
Trd, 4319875.643, 61
Trd, 4319876.143, 60
Trd, 4319877.043, 61
Trd, 4319877.893, 61
Trd, 4319878.743, 60
Trd, 4319878.943, 64
Trd, 4319879.543, 64
Trd, 4319879.793, 60
Trd, 4319880.243, 61
Trd, 4319880.393, 62
Trd, 4319881.143, 60
Trd, 4319881.193, 61
Trd, 4319881.893, 61
Trd, 4319882.493, 64
Trd, 4319883.443, 63
Trd, 4319883.543, 62
Trd, 4319883.943, 62
Trd, 4319884.243, 60
Trd, 4319884.393, 61
Trd, 4319885.493, 63
Trd, 4319885.843, 71
Trd, 4319886.443, 70
Trd, 4319886.743, 65
Trd, 4319886.943, 63
Trd, 4319887.443, 87
Trd, 4319888.343, 60
Trd, 4319889.243, 65
Trd, 4319890.393, 60
Trd, 4319891.493, 62
Trd, 4319891.543, 62
Trd, 4319892.793, 60
Trd, 4319892.843, 62
Trd, 4319892.893, 64
Trd, 4319893.643, 71
Trd, 4319894.493, 61
Trd, 4319894.593, 62
Trd, 4319894.893, 61
Trd, 4319896.943, 60
Trd, 4319897.593, 60
Trd, 4319898.843, 60
Trd, 4319898.943, 60
Trd, 4319899.543, 60
Trd, 4319901.743, 60
Trd, 4319901.943, 60
Trd, 4319902.293, 61
Trd, 4319903.093, 60
Trd, 4319904.743, 61
Trd, 4319905.193, 61
Trd, 4319906.393, 60
Trd, 4319906.743, 60
Trd, 4319907.643, 60
Trd, 4319908.093, 60
Trd, 4319908.543, 62
Trd, 4319909.293, 60
Trd, 4319910.393, 60
Trd, 4319910.493, 61
Trd, 4319911.193, 60
Trd, 4319911.743, 68
Trd, 4319912.493, 61
Trd, 4319912.543, 69
Trd, 4319915.093, 60
Trd, 4319915.243, 61
Trd, 4319916.093, 62
Trd, 4319916.293, 61
Trd, 4319917.643, 60
Trd, 4319917.843, 60
Trd, 4319918.193, 64
Trd, 4319921.443, 60
Trd, 4319922.343, 60
Trd, 4319922.443, 67
Trd, 4319922.643, 66
Trd, 4319922.943, 64
Trd, 4319923.193, 64
Trd, 4319923.493, 64
Trd, 4319923.743, 62
Trd, 4319924.443, 140
Trd, 4319924.593, 139
Trd, 4319925.393, 63
Trd, 4319926.893, 60
Trd, 4319927.393, 60
Trd, 4319927.943, 60
Trd, 4319928.443, 60
Trd, 4319928.693, 60
Trd, 4319929.143, 62
Trd, 4319930.393, 62
Trd, 4319931.093, 62
Trd, 4319931.243, 65
Trd, 4319931.493, 68
Trd, 4319931.993, 66
Trd, 4319932.793, 66
Trd, 4319933.293, 68
Trd, 4319934.343, 70
Trd, 4319934.643, 62
Trd, 4319935.093, 66
Trd, 4319936.643, 60
Trd, 4319937.943, 60
Trd, 4319938.243, 60
Trd, 4319939.293, 61
Trd, 4319939.793, 62
Trd, 4319939.993, 63
Trd, 4319940.093, 63
Trd, 4319940.193, 79
Trd, 4319940.543, 62
Trd, 4319940.843, 127
Trd, 4319941.193, 130
Trd, 4319942.743, 67
Trd, 4319944.493, 60
Trd, 4319944.543, 72
Trd, 4319945.093, 64
Trd, 4319945.343, 66
Trd, 4319946.193, 66
Trd, 4319946.293, 63
Trd, 4319947.293, 64
Trd, 4319947.843, 64
Trd, 4319948.143, 81
Trd, 4319948.743, 65
Trd, 4319949.443, 63
Trd, 4319949.493, 67
Trd, 4319949.843, 100
Trd, 4319950.193, 68
Trd, 4319950.943, 97
Trd, 4319951.643, 101
Trd, 4319952.043, 136
Trd, 4319952.693, 140
Trd, 4319953.493, 98
Trd, 4319955.543, 88
Trd, 4319956.543, 60
Trd, 4319956.693, 60
Trd, 4319957.043, 63
Trd, 4319957.143, 64
Trd, 4319958.243, 60
Trd, 4319958.843, 60
Trd, 4319959.593, 60
Trd, 4319960.393, 60
Trd, 4319960.493, 67
Trd, 4319963.243, 60
Trd, 4319963.343, 61
Trd, 4319963.643, 60
Trd, 4319963.793, 61
Trd, 4319964.043, 67
Trd, 4319964.343, 137
Trd, 4319965.293, 85
Trd, 4319965.943, 85
Trd, 4319966.293, 88
Trd, 4319966.443, 83
Trd, 4319967.093, 63
Trd, 4319967.643, 67
Trd, 4319969.643, 62
Trd, 4319970.193, 60
Trd, 4319970.243, 61
Trd, 4319971.093, 62
Trd, 4319971.193, 71
Trd, 4319972.243, 63
Trd, 4319973.443, 61
Trd, 4319973.493, 61
Trd, 4319973.793, 106
Trd, 4319975.393, 60
Trd, 4319976.043, 60
Trd, 4319976.143, 65
Trd, 4319976.693, 64
Trd, 4319977.343, 62
Trd, 4319978.343, 60
Trd, 4319979.093, 60
Trd, 4319979.943, 60
Trd, 4319980.293, 61
Trd, 4319980.993, 61
Trd, 4319981.593, 63
Trd, 4319982.593, 67
Trd, 4319982.843, 68
Trd, 4319983.093, 63
Trd, 4319983.693, 69
Trd, 4319984.593, 140
Trd, 4319984.643, 125
Trd, 4319985.193, 95
Trd, 4319985.793, 95
Trd, 4319985.843, 94
Trd, 4319987.743, 140
Trd, 4319988.243, 140
Trd, 4319988.943, 140
Trd, 4319989.693, 140
Trd, 4319990.193, 140
Trd, 4319990.893, 140
Trd, 4319991.543, 119
Trd, 4319992.543, 140
Trd, 4319992.843, 140
Trd, 4319993.343, 121
Trd, 4319994.193, 140
Trd, 4319994.243, 127
Trd, 4319994.393, 138
Trd, 4319995.993, 60
Trd, 4319996.743, 60
Trd, 4319996.943, 61
Trd, 4319997.493, 60
Trd, 4319997.993, 63
Trd, 4319998.943, 62
Trd, 4319999.643, 61
