Trd, 4318152.643, 134
Trd, 4318152.693, 133
Trd, 4318153.093, 130
Trd, 4318153.543, 124
Trd, 4318153.743, 121
Trd, 4318154.393, 126
Trd, 4318154.843, 116
Trd, 4318155.843, 100
Trd, 4318156.643, 64
Trd, 4318156.943, 128
Trd, 4318157.693, 121
Trd, 4318158.943, 120
Trd, 4318159.043, 119
Trd, 4318159.693, 85
Trd, 4318160.193, 78
Trd, 4318161.243, 103
Trd, 4318161.293, 100
Trd, 4318162.443, 66
Trd, 4318162.893, 94
Trd, 4318163.243, 93
Trd, 4318163.743, 89
Trd, 4318164.243, 88
Trd, 4318164.743, 129
Trd, 4318165.393, 88
Trd, 4318165.543, 69
Trd, 4318166.593, 128
Trd, 4318167.843, 134
Trd, 4318168.443, 64
Trd, 4318168.643, 63
Trd, 4318169.893, 83
Trd, 4318170.443, 81
Trd, 4318170.743, 107
Trd, 4318171.643, 76
Trd, 4318172.093, 74
Trd, 4318172.343, 64
Trd, 4318172.443, 84
Trd, 4318173.093, 82
Trd, 4318174.493, 91
Trd, 4318174.993, 112
Trd, 4318175.393, 70
Trd, 4318176.043, 100
Trd, 4318176.143, 74
Trd, 4318176.743, 111
Trd, 4318177.193, 77
Trd, 4318178.943, 76
Trd, 4318179.443, 70
Trd, 4318180.043, 84
Trd, 4318180.243, 91
Trd, 4318181.293, 81
Trd, 4318182.093, 119
Trd, 4318182.243, 105
Trd, 4318182.643, 121
Trd, 4318183.043, 71
Trd, 4318183.443, 72
Trd, 4318184.443, 74
Trd, 4318184.743, 104
Trd, 4318185.493, 65
Trd, 4318185.693, 67
Trd, 4318187.143, 107
Trd, 4318187.293, 104
Trd, 4318187.543, 88
Trd, 4318187.893, 129
Trd, 4318188.543, 89
Trd, 4318190.043, 94
Trd, 4318190.543, 77
Trd, 4318192.393, 63
Trd, 4318192.793, 69
Trd, 4318194.243, 77
Trd, 4318194.293, 71
Trd, 4318195.893, 86
Trd, 4318196.293, 138
Trd, 4318196.443, 99
Trd, 4318196.993, 84
Trd, 4318197.543, 64
Trd, 4318197.993, 73
Trd, 4318198.393, 91
Trd, 4318200.343, 61
Trd, 4318201.393, 64
Trd, 4318201.893, 72
Trd, 4318201.943, 71
Trd, 4318202.443, 104
Trd, 4318202.843, 88
Trd, 4318203.743, 84
Trd, 4318204.193, 81
Trd, 4318204.293, 67
Trd, 4318205.343, 82
Trd, 4318206.543, 60
Trd, 4318207.243, 65
Trd, 4318207.743, 92
Trd, 4318209.593, 66
Trd, 4318209.643, 75
Trd, 4318211.043, 62
Trd, 4318211.793, 66
Trd, 4318212.393, 70
Trd, 4318213.193, 68
Trd, 4318213.343, 100
Trd, 4318214.793, 79
Trd, 4318215.093, 78
Trd, 4318215.143, 70
Trd, 4318215.843, 120
Trd, 4318216.343, 119
Trd, 4318217.043, 111
Trd, 4318217.943, 99
Trd, 4318217.993, 96
Trd, 4318219.043, 121
Trd, 4318219.693, 124
Trd, 4318219.843, 133
Trd, 4318220.793, 95
Trd, 4318221.193, 94
Trd, 4318222.393, 72
Trd, 4318222.593, 95
Trd, 4318224.943, 64
Trd, 4318225.143, 85
Trd, 4318225.743, 66
Trd, 4318227.693, 60
Trd, 4318228.093, 64
Trd, 4318228.343, 74
Trd, 4318229.093, 61
Trd, 4318229.493, 61
Trd, 4318230.043, 97
Trd, 4318231.993, 77
Trd, 4318232.893, 117
Trd, 4318232.993, 116
Trd, 4318234.893, 75
Trd, 4318235.343, 85
Trd, 4318235.693, 108
Trd, 4318236.543, 74
Trd, 4318236.643, 68
Trd, 4318236.893, 66
Trd, 4318237.493, 74
Trd, 4318238.643, 62
Trd, 4318238.693, 94
Trd, 4318239.193, 77
Trd, 4318241.493, 127
Trd, 4318242.143, 125
Trd, 4318242.293, 120
Trd, 4318244.043, 118
Trd, 4318245.343, 108
Trd, 4318245.893, 101
Trd, 4318246.493, 103
Trd, 4318246.843, 116
Trd, 4318247.193, 99
Trd, 4318247.593, 112
Trd, 4318248.193, 90
Trd, 4318248.443, 93
Trd, 4318249.793, 118
Trd, 4318250.243, 113
Trd, 4318250.343, 99
Trd, 4318251.093, 77
Trd, 4318252.293, 63
Trd, 4318252.743, 101
Trd, 4318253.093, 89
Trd, 4318253.393, 119
Trd, 4318254.443, 104
Trd, 4318255.343, 87
Trd, 4318255.393, 112
Trd, 4318256.293, 86
Trd, 4318256.943, 81
Trd, 4318257.193, 83
Trd, 4318257.543, 80
Trd, 4318257.993, 79
Trd, 4318258.943, 129
Trd, 4318258.993, 125
Trd, 4318261.593, 67
Trd, 4318261.843, 60
Trd, 4318262.443, 70
Trd, 4318263.543, 70
Trd, 4318264.993, 85
Trd, 4318265.893, 71
Trd, 4318266.143, 93
Trd, 4318267.443, 87
Trd, 4318269.643, 105
Trd, 4318269.943, 61
Trd, 4318270.443, 60
Trd, 4318270.593, 102
Trd, 4318271.793, 76
Trd, 4318272.543, 64
Trd, 4318273.993, 128
Trd, 4318274.543, 125
Trd, 4318274.593, 128
Trd, 4318275.093, 126
Trd, 4318275.143, 123
Trd, 4318275.293, 112
Trd, 4318275.943, 92
Trd, 4318278.043, 87
Trd, 4318278.143, 100
Trd, 4318278.693, 68
Trd, 4318280.243, 65
Trd, 4318281.193, 103
Trd, 4318281.543, 112
Trd, 4318281.743, 133
Trd, 4318281.943, 106
Trd, 4318281.993, 90
Trd, 4318282.443, 83
Trd, 4318283.043, 97
Trd, 4318285.543, 76
Trd, 4318285.843, 116
Trd, 4318286.493, 94
Trd, 4318286.793, 102
Trd, 4318287.693, 92
Trd, 4318287.943, 92
Trd, 4318288.393, 119
Trd, 4318288.893, 74
Trd, 4318289.593, 64
Trd, 4318289.693, 64
Trd, 4318290.393, 60
Trd, 4318291.693, 135
Trd, 4318293.093, 61
Trd, 4318293.343, 69
Trd, 4318294.243, 60
Trd, 4318294.493, 84
Trd, 4318294.843, 64
Trd, 4318296.743, 60
Trd, 4318296.993, 60
Trd, 4318297.193, 60
Trd, 4318297.943, 63
Trd, 4318298.243, 65
Trd, 4318298.993, 70
Trd, 4318300.793, 66
Trd, 4318300.993, 100
Trd, 4318303.143, 113
Trd, 4318303.343, 112
Trd, 4318303.393, 115
Trd, 4318303.443, 105
Trd, 4318304.193, 131
Trd, 4318305.543, 112
Trd, 4318306.193, 107
Trd, 4318306.643, 127
Trd, 4318307.543, 128
Trd, 4318308.543, 137
Trd, 4318308.693, 109
Trd, 4318308.743, 73
Trd, 4318309.343, 75
Trd, 4318309.943, 120
Trd, 4318311.043, 100
Trd, 4318312.443, 98
Trd, 4318312.493, 97
Trd, 4318312.793, 93
Trd, 4318312.843, 91
Trd, 4318313.443, 105
Trd, 4318314.093, 113
Trd, 4318314.893, 138
Trd, 4318316.343, 139
Trd, 4318316.843, 108
Trd, 4318317.093, 134
Trd, 4318317.393, 90
Trd, 4318318.343, 133
Trd, 4318319.743, 113
Trd, 4318319.843, 90
Trd, 4318320.443, 86
Trd, 4318320.993, 106
Trd, 4318321.743, 76
Trd, 4318321.843, 70
Trd, 4318322.093, 78
Trd, 4318323.293, 60
Trd, 4318324.343, 61
Trd, 4318325.493, 62
Trd, 4318325.993, 65
Trd, 4318327.293, 69
Trd, 4318327.943, 96
Trd, 4318327.993, 81
Trd, 4318328.543, 60
Trd, 4318329.993, 64
Trd, 4318330.293, 64
Trd, 4318331.743, 117
Trd, 4318332.193, 106
Trd, 4318332.793, 85
Trd, 4318333.293, 77
Trd, 4318334.343, 84
Trd, 4318334.443, 84
Trd, 4318334.693, 80
Trd, 4318336.793, 76
Trd, 4318337.643, 82
Trd, 4318337.843, 68
Trd, 4318337.943, 116
Trd, 4318339.043, 118
Trd, 4318339.543, 102
Trd, 4318341.243, 77
Trd, 4318342.343, 74
Trd, 4318343.293, 74
Trd, 4318343.793, 71
Trd, 4318344.193, 77
Trd, 4318344.843, 90
Trd, 4318344.893, 101
Trd, 4318345.193, 90
Trd, 4318346.993, 83
Trd, 4318347.093, 74
Trd, 4318347.593, 127
Trd, 4318349.893, 67
Trd, 4318350.093, 97
Trd, 4318351.793, 61
Trd, 4318351.943, 61
Trd, 4318353.243, 60
Trd, 4318353.843, 78
Trd, 4318354.743, 108
Trd, 4318355.243, 107
Trd, 4318355.743, 104
Trd, 4318357.643, 125
Trd, 4318357.693, 112
Trd, 4318358.443, 106
Trd, 4318358.693, 114
Trd, 4318359.793, 112
Trd, 4318360.593, 114
Trd, 4318361.593, 121
Trd, 4318362.743, 102
Trd, 4318363.043, 94
Trd, 4318363.393, 85
Trd, 4318363.843, 101
Trd, 4318364.443, 135
Trd, 4318364.493, 85
Trd, 4318366.193, 83
Trd, 4318367.693, 134
Trd, 4318367.743, 130
Trd, 4318368.743, 129
Trd, 4318369.093, 128
Trd, 4318369.443, 106
Trd, 4318369.843, 100
Trd, 4318370.743, 61
Trd, 4318371.693, 74
Trd, 4318372.193, 66
Trd, 4318372.793, 69
Trd, 4318373.043, 85
Trd, 4318373.643, 75
Trd, 4318374.893, 65
Trd, 4318374.943, 88
Trd, 4318375.993, 72
Trd, 4318376.993, 83
Trd, 4318377.743, 75
Trd, 4318377.993, 68
Trd, 4318378.343, 106
Trd, 4318379.393, 133
Trd, 4318380.093, 106
Trd, 4318380.993, 109
Trd, 4318382.043, 66
Trd, 4318382.693, 61
Trd, 4318383.043, 80
Trd, 4318383.643, 74
Trd, 4318384.493, 64
Trd, 4318384.893, 60
Trd, 4318385.643, 93
Trd, 4318386.393, 138
Trd, 4318386.493, 121
Trd, 4318387.293, 93
Trd, 4318388.943, 66
Trd, 4318388.993, 63
Trd, 4318389.593, 73
Trd, 4318390.943, 77
Trd, 4318391.543, 60
Trd, 4318392.043, 66
Trd, 4318393.393, 64
Trd, 4318393.943, 66
Trd, 4318394.993, 61
Trd, 4318395.293, 97
Trd, 4318396.143, 121
Trd, 4318396.293, 100
Trd, 4318396.343, 99
Trd, 4318396.643, 87
Trd, 4318398.493, 106
Trd, 4318398.543, 83
Trd, 4318399.493, 98
Trd, 4318399.593, 95
Trd, 4318400.643, 93
Trd, 4318402.193, 122
Trd, 4318402.343, 111
Trd, 4318402.693, 90
Trd, 4318403.143, 101
Trd, 4318403.843, 107
Trd, 4318405.993, 119
Trd, 4318406.343, 106
Trd, 4318406.843, 104
Trd, 4318406.943, 96
Trd, 4318407.843, 93
Trd, 4318408.643, 131
Trd, 4318408.793, 114
Trd, 4318410.093, 98
Trd, 4318410.643, 101
Trd, 4318410.843, 100
Trd, 4318410.893, 109
Trd, 4318412.443, 120
Trd, 4318412.793, 139
Trd, 4318413.943, 137
Trd, 4318414.293, 101
Trd, 4318415.043, 117
Trd, 4318415.343, 101
Trd, 4318415.393, 100
Trd, 4318415.693, 116
Trd, 4318416.593, 90
Trd, 4318416.843, 86
Trd, 4318417.643, 126
Trd, 4318418.393, 99
Trd, 4318419.593, 131
Trd, 4318420.543, 118
Trd, 4318421.143, 104
Trd, 4318422.443, 129
Trd, 4318423.243, 117
Trd, 4318424.093, 132
Trd, 4318424.593, 100
Trd, 4318424.693, 97
Trd, 4318425.343, 126
Trd, 4318425.543, 96
Trd, 4318426.193, 71
Trd, 4318426.843, 75
Trd, 4318426.893, 121
Trd, 4318427.593, 83
Trd, 4318428.443, 64
Trd, 4318428.693, 64
Trd, 4318429.193, 67
Trd, 4318431.393, 111
Trd, 4318432.293, 102
Trd, 4318432.793, 137
Trd, 4318432.943, 113
Trd, 4318433.193, 101
Trd, 4318434.043, 78
Trd, 4318434.393, 135
Trd, 4318436.493, 62
Trd, 4318437.843, 70
Trd, 4318438.143, 109
Trd, 4318439.293, 64
Trd, 4318439.943, 70
Trd, 4318440.393, 76
Trd, 4318441.093, 72
Trd, 4318441.193, 70
Trd, 4318441.493, 65
Trd, 4318441.593, 101
Trd, 4318442.243, 85
Trd, 4318442.993, 78
Trd, 4318444.243, 78
Trd, 4318444.493, 76
Trd, 4318446.093, 74
Trd, 4318447.043, 69
Trd, 4318447.243, 76
Trd, 4318447.343, 79
Trd, 4318449.193, 86
Trd, 4318449.643, 84
Trd, 4318450.343, 95
Trd, 4318450.993, 103
Trd, 4318451.393, 123
Trd, 4318451.893, 101
Trd, 4318452.693, 109
Trd, 4318453.243, 81
Trd, 4318454.543, 136
Trd, 4318454.943, 87
Trd, 4318456.293, 115
Trd, 4318456.443, 76
Trd, 4318457.293, 124
Trd, 4318457.493, 110
Trd, 4318458.643, 138
Trd, 4318459.543, 134
Trd, 4318459.643, 69
Trd, 4318460.443, 94
Trd, 4318461.293, 75
Trd, 4318462.093, 102
Trd, 4318462.743, 65
Trd, 4318464.143, 96
Trd, 4318464.293, 94
Trd, 4318464.743, 116
Trd, 4318465.443, 70
Trd, 4318465.493, 81
Trd, 4318466.093, 61
Trd, 4318466.643, 79
Trd, 4318467.193, 87
Trd, 4318468.793, 99
Trd, 4318469.343, 98
Trd, 4318469.393, 83
Trd, 4318469.693, 78
Trd, 4318470.243, 87
Trd, 4318470.643, 77
Trd, 4318471.943, 63
Trd, 4318472.043, 87
Trd, 4318474.743, 61
Trd, 4318475.343, 70
Trd, 4318475.493, 77
Trd, 4318475.893, 65
Trd, 4318476.393, 113
Trd, 4318476.493, 101
Trd, 4318477.893, 82
Trd, 4318478.443, 82
Trd, 4318478.593, 83
Trd, 4318479.493, 69
Trd, 4318480.493, 107
Trd, 4318481.293, 64
Trd, 4318481.643, 61
Trd, 4318481.993, 62
Trd, 4318482.193, 63
Trd, 4318483.243, 65
Trd, 4318483.293, 110
Trd, 4318484.493, 67
Trd, 4318485.293, 74
Trd, 4318485.343, 81
Trd, 4318485.693, 103
Trd, 4318486.293, 77
Trd, 4318486.943, 76
Trd, 4318488.093, 109
Trd, 4318488.343, 79
Trd, 4318489.143, 109
Trd, 4318489.843, 103
Trd, 4318490.393, 102
Trd, 4318491.193, 100
Trd, 4318491.743, 96
Trd, 4318493.093, 114
Trd, 4318493.193, 108
Trd, 4318493.243, 105
Trd, 4318493.293, 91
Trd, 4318493.793, 120
Trd, 4318495.293, 104
Trd, 4318495.993, 104
Trd, 4318497.443, 123
Trd, 4318498.793, 113
Trd, 4318498.893, 89
Trd, 4318498.993, 67
Trd, 4318500.093, 82
Trd, 4318500.143, 82
Trd, 4318500.743, 63
Trd, 4318501.393, 124
Trd, 4318501.843, 64
Trd, 4318503.493, 91
Trd, 4318503.643, 65
Trd, 4318503.793, 65
Trd, 4318505.993, 89
Trd, 4318506.693, 118
Trd, 4318506.893, 84
Trd, 4318507.043, 102
Trd, 4318508.043, 125
Trd, 4318511.093, 100
Trd, 4318511.293, 100
Trd, 4318511.643, 115
Trd, 4318511.793, 73
Trd, 4318511.843, 70
Trd, 4318513.093, 62
Trd, 4318513.293, 106
Trd, 4318514.543, 107
Trd, 4318514.643, 106
Trd, 4318514.893, 107
Trd, 4318515.043, 91
Trd, 4318516.043, 85
Trd, 4318516.543, 71
Trd, 4318516.793, 112
Trd, 4318517.943, 112
Trd, 4318518.543, 112
Trd, 4318518.793, 65
Trd, 4318520.393, 82
Trd, 4318522.193, 114
Trd, 4318522.393, 76
Trd, 4318523.443, 137
Trd, 4318524.343, 129
Trd, 4318525.443, 133
Trd, 4318525.743, 128
Trd, 4318525.843, 126
Trd, 4318526.343, 119
Trd, 4318526.393, 87
Trd, 4318528.043, 120
Trd, 4318528.293, 121
Trd, 4318528.343, 88
Trd, 4318530.693, 94
Trd, 4318530.893, 115
Trd, 4318530.993, 93
Trd, 4318531.043, 84
Trd, 4318531.593, 109
Trd, 4318531.693, 103
Trd, 4318532.143, 80
Trd, 4318532.693, 129
Trd, 4318533.993, 115
Trd, 4318534.993, 136
Trd, 4318535.143, 102
Trd, 4318535.743, 113
Trd, 4318536.343, 112
Trd, 4318536.743, 107
Trd, 4318537.793, 110
Trd, 4318538.043, 102
Trd, 4318538.743, 116
Trd, 4318539.443, 73
Trd, 4318539.543, 106
Trd, 4318540.443, 118
Trd, 4318540.643, 134
Trd, 4318540.743, 67
Trd, 4318541.593, 92
Trd, 4318543.343, 60
Trd, 4318544.293, 63
Trd, 4318545.143, 65
Trd, 4318546.293, 77
Trd, 4318546.343, 77
Trd, 4318546.393, 92
Trd, 4318546.893, 120
Trd, 4318548.893, 95
Trd, 4318549.993, 70
Trd, 4318550.643, 84
Trd, 4318551.193, 73
Trd, 4318551.693, 76
Trd, 4318552.743, 87
Trd, 4318553.143, 74
Trd, 4318553.893, 105
Trd, 4318554.193, 90
Trd, 4318555.343, 81
Trd, 4318555.893, 125
Trd, 4318555.943, 93
Trd, 4318556.043, 75
Trd, 4318558.893, 76
Trd, 4318559.493, 72
Trd, 4318560.243, 135
Trd, 4318560.293, 131
Trd, 4318560.493, 117
Trd, 4318562.093, 115
Trd, 4318563.193, 109
Trd, 4318563.793, 124
Trd, 4318564.443, 102
Trd, 4318564.993, 103
Trd, 4318565.493, 109
Trd, 4318565.893, 105
Trd, 4318567.093, 102
Trd, 4318568.843, 132
Trd, 4318569.043, 106
Trd, 4318569.543, 89
Trd, 4318569.593, 90
Trd, 4318569.993, 88
Trd, 4318570.643, 98
Trd, 4318571.143, 96
Trd, 4318572.093, 120
Trd, 4318572.243, 103
Trd, 4318572.943, 90
Trd, 4318573.143, 87
Trd, 4318575.143, 93
Trd, 4318575.443, 60
Trd, 4318575.943, 61
Trd, 4318576.143, 60
Trd, 4318576.493, 78
Trd, 4318578.543, 137
Trd, 4318578.593, 136
Trd, 4318579.043, 125
Trd, 4318579.393, 123
Trd, 4318579.743, 93
Trd, 4318580.293, 91
Trd, 4318580.743, 130
Trd, 4318581.893, 72
Trd, 4318581.943, 74
Trd, 4318582.043, 77
Trd, 4318583.543, 96
Trd, 4318584.393, 133
Trd, 4318584.993, 133
Trd, 4318585.793, 104
Trd, 4318586.643, 111
Trd, 4318588.243, 118
Trd, 4318588.993, 118
Trd, 4318589.293, 102
Trd, 4318589.743, 127
Trd, 4318591.443, 100
Trd, 4318591.793, 121
Trd, 4318592.343, 100
Trd, 4318592.993, 98
Trd, 4318593.943, 105
Trd, 4318594.093, 103
Trd, 4318594.193, 96
Trd, 4318596.793, 110
Trd, 4318596.943, 94
Trd, 4318598.093, 125
Trd, 4318598.393, 97
Trd, 4318598.843, 69
Trd, 4318600.043, 75
Trd, 4318601.393, 67
Trd, 4318601.643, 84
Trd, 4318601.843, 70
Trd, 4318602.443, 60
Trd, 4318603.193, 60
Trd, 4318604.343, 67
Trd, 4318604.543, 80
Trd, 4318604.643, 89
Trd, 4318605.043, 69
Trd, 4318605.343, 62
Trd, 4318605.893, 95
Trd, 4318606.343, 106
Trd, 4318608.043, 95
Trd, 4318608.393, 66
Trd, 4318609.643, 70
Trd, 4318610.293, 63
Trd, 4318610.343, 70
Trd, 4318611.343, 79
Trd, 4318612.593, 117
Trd, 4318612.843, 91
Trd, 4318613.343, 77
Trd, 4318614.393, 61
Trd, 4318615.043, 69
Trd, 4318615.193, 85
Trd, 4318616.643, 72
Trd, 4318617.443, 71
Trd, 4318618.943, 132
Trd, 4318619.493, 127
Trd, 4318619.793, 126
Trd, 4318620.143, 114
Trd, 4318620.743, 110
Trd, 4318621.093, 90
Trd, 4318622.493, 87
Trd, 4318623.243, 69
Trd, 4318623.643, 93
Trd, 4318623.743, 68
Trd, 4318623.993, 63
Trd, 4318624.343, 71
Trd, 4318625.593, 72
Trd, 4318627.843, 63
Trd, 4318628.593, 62
Trd, 4318628.643, 66
Trd, 4318628.893, 76
Trd, 4318630.943, 131
Trd, 4318630.993, 128
Trd, 4318631.843, 84
Trd, 4318632.393, 72
Trd, 4318632.493, 71
Trd, 4318633.143, 73
Trd, 4318633.193, 65
Trd, 4318633.293, 78
Trd, 4318634.343, 84
Trd, 4318635.593, 103
Trd, 4318636.893, 114
Trd, 4318637.393, 133
Trd, 4318637.543, 76
Trd, 4318638.043, 71
Trd, 4318638.843, 138
Trd, 4318639.443, 118
Trd, 4318640.643, 139
Trd, 4318641.443, 113
Trd, 4318641.893, 139
Trd, 4318642.043, 107
Trd, 4318642.093, 104
Trd, 4318643.493, 127
Trd, 4318643.743, 79
Trd, 4318643.943, 108
Trd, 4318644.293, 69
Trd, 4318644.993, 66
Trd, 4318645.893, 100
Trd, 4318647.043, 89
Trd, 4318647.243, 97
Trd, 4318647.693, 109
Trd, 4318648.193, 78
Trd, 4318648.693, 86
Trd, 4318649.043, 123
Trd, 4318649.993, 101
Trd, 4318650.043, 91
Trd, 4318651.343, 97
Trd, 4318652.143, 66
Trd, 4318652.593, 137
Trd, 4318653.293, 60
Trd, 4318653.743, 81
Trd, 4318654.193, 90
Trd, 4318655.293, 66
Trd, 4318655.443, 67
Trd, 4318656.593, 121
Trd, 4318656.643, 120
Trd, 4318657.843, 69
Trd, 4318657.893, 82
Trd, 4318659.143, 79
Trd, 4318659.943, 107
Trd, 4318661.793, 106
Trd, 4318662.143, 103
Trd, 4318662.943, 114
Trd, 4318663.743, 112
Trd, 4318664.693, 111
Trd, 4318665.493, 109
Trd, 4318666.943, 68
Trd, 4318667.143, 85
Trd, 4318668.043, 101
Trd, 4318668.093, 101
Trd, 4318668.143, 132
Trd, 4318668.443, 74
Trd, 4318669.193, 115
Trd, 4318669.743, 106
Trd, 4318670.093, 94
Trd, 4318670.793, 93
Trd, 4318671.293, 83
Trd, 4318671.793, 77
Trd, 4318671.893, 121
Trd, 4318673.443, 121
Trd, 4318673.493, 111
Trd, 4318673.743, 98
Trd, 4318674.993, 108
Trd, 4318675.693, 92
Trd, 4318676.343, 73
Trd, 4318677.993, 69
Trd, 4318678.743, 91
Trd, 4318679.543, 133
Trd, 4318679.743, 87
Trd, 4318680.343, 109
Trd, 4318680.993, 103
Trd, 4318681.543, 120
Trd, 4318681.993, 119
Trd, 4318682.243, 107
Trd, 4318682.893, 84
Trd, 4318683.793, 82
Trd, 4318684.793, 62
Trd, 4318684.893, 67
Trd, 4318685.843, 82
Trd, 4318686.043, 69
Trd, 4318687.193, 69
Trd, 4318687.393, 62
Trd, 4318688.493, 126
Trd, 4318689.193, 125
Trd, 4318689.443, 122
Trd, 4318690.343, 132
Trd, 4318690.793, 121
Trd, 4318691.443, 98
Trd, 4318691.493, 97
Trd, 4318691.743, 135
Trd, 4318692.493, 80
Trd, 4318693.693, 77
Trd, 4318694.693, 119
Trd, 4318694.943, 102
Trd, 4318695.493, 132
Trd, 4318695.943, 119
Trd, 4318697.543, 135
Trd, 4318698.293, 117
Trd, 4318698.693, 115
Trd, 4318698.893, 74
Trd, 4318699.493, 106
Trd, 4318699.793, 129
Trd, 4318700.543, 82
Trd, 4318700.943, 106
Trd, 4318701.493, 114
Trd, 4318701.793, 71
Trd, 4318701.943, 66
Trd, 4318702.643, 73
Trd, 4318702.893, 74
Trd, 4318703.743, 95
Trd, 4318705.243, 119
Trd, 4318705.593, 116
Trd, 4318705.993, 62
Trd, 4318707.243, 123
Trd, 4318707.343, 112
Trd, 4318708.393, 109
Trd, 4318708.793, 78
Trd, 4318709.243, 62
Trd, 4318709.993, 64
Trd, 4318710.443, 69
Trd, 4318711.593, 106
Trd, 4318713.293, 140
Trd, 4318713.443, 138
Trd, 4318714.093, 62
Trd, 4318714.843, 76
Trd, 4318715.343, 124
Trd, 4318716.343, 81
Trd, 4318717.343, 69
Trd, 4318718.043, 64
Trd, 4318718.643, 113
Trd, 4318718.743, 73
Trd, 4318718.793, 72
Trd, 4318719.043, 69
Trd, 4318719.343, 61
Trd, 4318720.343, 107
Trd, 4318722.643, 60
Trd, 4318722.743, 87
Trd, 4318723.743, 121
Trd, 4318723.793, 118
Trd, 4318724.893, 78
Trd, 4318725.443, 96
Trd, 4318725.843, 115
Trd, 4318726.343, 99
Trd, 4318727.843, 132
Trd, 4318728.043, 139
Trd, 4318728.793, 109
Trd, 4318729.693, 79
Trd, 4318730.043, 90
Trd, 4318730.843, 104
Trd, 4318731.543, 140
Trd, 4318732.593, 135
Trd, 4318733.493, 114
Trd, 4318733.993, 113
Trd, 4318734.893, 120
Trd, 4318735.293, 98
Trd, 4318736.593, 134
Trd, 4318736.943, 117
Trd, 4318737.193, 93
Trd, 4318737.243, 77
Trd, 4318737.893, 116
Trd, 4318739.593, 63
Trd, 4318740.943, 62
Trd, 4318741.293, 65
Trd, 4318741.593, 67
Trd, 4318741.743, 77
Trd, 4318742.943, 87
Trd, 4318744.593, 67
Trd, 4318744.743, 62
Trd, 4318745.343, 116
Trd, 4318746.243, 66
Trd, 4318747.493, 65
Trd, 4318747.743, 63
Trd, 4318748.393, 67
Trd, 4318749.043, 125
Trd, 4318750.593, 82
Trd, 4318750.893, 82
Trd, 4318751.643, 77
Trd, 4318752.543, 76
Trd, 4318753.093, 101
Trd, 4318753.343, 84
Trd, 4318753.943, 70
Trd, 4318754.343, 106
Trd, 4318755.343, 101
Trd, 4318755.693, 100
Trd, 4318757.193, 80
Trd, 4318757.343, 78
Trd, 4318757.443, 87
Trd, 4318757.943, 131
Trd, 4318758.093, 83
Trd, 4318758.843, 62
Trd, 4318760.293, 61
Trd, 4318760.643, 118
Trd, 4318761.243, 60
Trd, 4318762.993, 61
Trd, 4318764.143, 75
Trd, 4318765.443, 60
Trd, 4318765.593, 61
Trd, 4318766.293, 136
Trd, 4318766.793, 67
Trd, 4318767.243, 60
Trd, 4318767.543, 87
Trd, 4318768.993, 124
Trd, 4318769.943, 128
Trd, 4318770.343, 125
Trd, 4318770.393, 81
Trd, 4318771.193, 92
Trd, 4318771.893, 68
Trd, 4318772.543, 136
Trd, 4318773.393, 75
Trd, 4318773.693, 63
Trd, 4318774.393, 82
Trd, 4318774.993, 96
Trd, 4318775.793, 64
Trd, 4318776.193, 126
Trd, 4318777.393, 114
Trd, 4318777.943, 107
Trd, 4318778.193, 107
Trd, 4318778.643, 123
Trd, 4318779.343, 80
Trd, 4318779.943, 63
Trd, 4318780.743, 116
Trd, 4318781.993, 82
Trd, 4318782.843, 61
Trd, 4318783.293, 66
Trd, 4318783.493, 91
Trd, 4318784.343, 71
Trd, 4318784.993, 104
Trd, 4318785.143, 102
Trd, 4318785.293, 109
Trd, 4318787.043, 61
Trd, 4318788.493, 62
Trd, 4318788.543, 87
Trd, 4318789.193, 91
Trd, 4318789.743, 84
Trd, 4318790.743, 70
Trd, 4318791.843, 67
Trd, 4318792.443, 74
Trd, 4318792.843, 89
Trd, 4318794.193, 92
Trd, 4318794.643, 91
Trd, 4318795.143, 90
Trd, 4318795.443, 87
Trd, 4318796.343, 117
Trd, 4318796.993, 71
Trd, 4318797.393, 70
Trd, 4318798.193, 81
Trd, 4318798.793, 104
Trd, 4318799.593, 114
Trd, 4318801.943, 123
Trd, 4318802.143, 122
Trd, 4318802.743, 120
Trd, 4318803.543, 106
Trd, 4318803.893, 108
Trd, 4318804.193, 105
Trd, 4318805.143, 110
Trd, 4318805.193, 103
Trd, 4318805.593, 97
Trd, 4318806.093, 65
Trd, 4318806.793, 112
Trd, 4318806.993, 83
Trd, 4318809.043, 69
Trd, 4318810.193, 97
Trd, 4318811.293, 76
Trd, 4318812.393, 62
Trd, 4318812.493, 93
Trd, 4318812.793, 135
Trd, 4318813.093, 123
Trd, 4318813.893, 63
Trd, 4318815.393, 62
Trd, 4318815.793, 71
Trd, 4318816.043, 69
Trd, 4318816.593, 93
Trd, 4318817.443, 66
Trd, 4318817.543, 62
Trd, 4318818.943, 71
Trd, 4318819.043, 80
Trd, 4318821.393, 122
Trd, 4318821.693, 121
Trd, 4318821.843, 119
Trd, 4318822.243, 100
Trd, 4318822.293, 126
Trd, 4318822.643, 125
Trd, 4318823.193, 124
Trd, 4318823.893, 105
Trd, 4318825.093, 104
Trd, 4318826.043, 113
Trd, 4318826.643, 63
Trd, 4318826.893, 60
Trd, 4318827.893, 65
Trd, 4318828.043, 80
Trd, 4318829.543, 139
Trd, 4318829.943, 135
Trd, 4318830.443, 87
Trd, 4318830.543, 77
Trd, 4318830.943, 93
Trd, 4318831.343, 77
Trd, 4318831.843, 61
Trd, 4318833.343, 96
Trd, 4318833.393, 95
Trd, 4318835.293, 79
Trd, 4318835.893, 77
Trd, 4318836.093, 85
Trd, 4318836.593, 120
Trd, 4318837.493, 132
Trd, 4318838.143, 95
Trd, 4318839.743, 109
Trd, 4318840.293, 93
Trd, 4318841.093, 97
Trd, 4318841.243, 82
Trd, 4318841.793, 89
Trd, 4318841.943, 81
Trd, 4318842.593, 96
Trd, 4318843.343, 127
Trd, 4318845.693, 120
Trd, 4318846.343, 128
Trd, 4318847.143, 139
Trd, 4318847.593, 130
Trd, 4318847.843, 127
Trd, 4318847.893, 109
Trd, 4318848.143, 106
Trd, 4318848.743, 99
Trd, 4318848.993, 68
Trd, 4318849.843, 121
Trd, 4318850.443, 116
Trd, 4318850.743, 115
Trd, 4318851.793, 77
Trd, 4318852.543, 92
Trd, 4318852.993, 113
Trd, 4318853.043, 90
Trd, 4318853.143, 80
Trd, 4318854.943, 136
Trd, 4318856.243, 115
Trd, 4318857.243, 108
Trd, 4318857.793, 133
Trd, 4318857.893, 130
Trd, 4318857.943, 105
Trd, 4318858.293, 104
Trd, 4318858.393, 94
Trd, 4318859.243, 61
Trd, 4318860.293, 119
Trd, 4318860.393, 107
Trd, 4318861.643, 96
Trd, 4318862.143, 66
Trd, 4318862.943, 98
Trd, 4318863.193, 79
Trd, 4318863.993, 63
Trd, 4318864.893, 84
Trd, 4318865.443, 83
Trd, 4318865.993, 113
Trd, 4318866.643, 127
Trd, 4318866.693, 127
Trd, 4318867.393, 60
Trd, 4318869.443, 66
Trd, 4318870.043, 103
Trd, 4318870.143, 94
Trd, 4318870.343, 87
Trd, 4318871.443, 95
Trd, 4318871.743, 85
Trd, 4318872.693, 112
Trd, 4318872.793, 111
Trd, 4318872.943, 101
Trd, 4318873.443, 102
Trd, 4318875.043, 111
Trd, 4318875.643, 64
Trd, 4318877.093, 79
Trd, 4318878.293, 75
Trd, 4318878.493, 75
Trd, 4318879.393, 79
Trd, 4318880.043, 127
Trd, 4318880.593, 126
Trd, 4318880.643, 101
Trd, 4318881.693, 72
Trd, 4318882.793, 74
Trd, 4318883.343, 89
Trd, 4318883.793, 116
Trd, 4318885.043, 89
Trd, 4318885.493, 93
Trd, 4318885.843, 86
Trd, 4318886.543, 114
Trd, 4318886.893, 73
Trd, 4318887.243, 94
Trd, 4318887.893, 61
Trd, 4318888.793, 66
Trd, 4318889.093, 117
Trd, 4318889.993, 101
Trd, 4318890.743, 128
Trd, 4318891.793, 125
Trd, 4318892.443, 67
Trd, 4318893.593, 64
Trd, 4318894.493, 125
Trd, 4318894.893, 119
Trd, 4318894.993, 65
Trd, 4318896.193, 83
Trd, 4318896.493, 92
Trd, 4318896.693, 85
Trd, 4318897.543, 64
Trd, 4318897.843, 65
Trd, 4318898.893, 68
Trd, 4318899.993, 131
Trd, 4318900.293, 128
Trd, 4318901.293, 64
Trd, 4318902.043, 104
Trd, 4318902.943, 76
Trd, 4318902.993, 91
Trd, 4318903.093, 65
Trd, 4318903.893, 97
Trd, 4318904.593, 83
Trd, 4318905.493, 81
Trd, 4318906.343, 77
Trd, 4318907.943, 88
Trd, 4318908.293, 75
Trd, 4318909.843, 81
Trd, 4318909.893, 87
Trd, 4318910.293, 121
Trd, 4318910.643, 119
Trd, 4318912.493, 122
Trd, 4318914.093, 118
Trd, 4318914.193, 104
Trd, 4318914.943, 112
Trd, 4318916.343, 108
Trd, 4318916.393, 104
Trd, 4318917.043, 70
Trd, 4318917.293, 116
Trd, 4318917.643, 124
Trd, 4318918.493, 68
Trd, 4318918.843, 123
Trd, 4318919.443, 125
Trd, 4318919.493, 90
Trd, 4318920.643, 87
Trd, 4318921.343, 92
Trd, 4318921.893, 69
Trd, 4318923.193, 136
Trd, 4318923.693, 70
Trd, 4318924.193, 80
Trd, 4318924.943, 104
Trd, 4318925.243, 100
Trd, 4318925.693, 117
Trd, 4318926.693, 74
Trd, 4318927.643, 63
Trd, 4318928.643, 79
Trd, 4318928.793, 83
Trd, 4318929.493, 94
Trd, 4318929.593, 89
Trd, 4318930.243, 106
Trd, 4318930.593, 85
Trd, 4318930.893, 91
Trd, 4318933.293, 133
Trd, 4318933.393, 126
Trd, 4318934.093, 108
Trd, 4318934.593, 105
Trd, 4318934.893, 126
Trd, 4318935.693, 93
Trd, 4318936.443, 70
Trd, 4318937.893, 124
Trd, 4318938.143, 122
Trd, 4318938.693, 120
Trd, 4318938.743, 102
Trd, 4318939.343, 128
Trd, 4318940.093, 115
Trd, 4318940.193, 112
Trd, 4318940.393, 90
Trd, 4318941.493, 111
Trd, 4318942.793, 95
Trd, 4318943.543, 102
Trd, 4318944.293, 132
Trd, 4318944.493, 127
Trd, 4318944.693, 113
Trd, 4318946.643, 74
Trd, 4318946.793, 112
Trd, 4318947.443, 88
Trd, 4318947.793, 109
Trd, 4318948.143, 115
Trd, 4318948.393, 119
Trd, 4318949.593, 87
Trd, 4318949.793, 86
Trd, 4318949.943, 90
Trd, 4318950.393, 106
Trd, 4318951.093, 68
Trd, 4318952.243, 62
Trd, 4318952.693, 97
Trd, 4318953.643, 116
Trd, 4318955.193, 124
Trd, 4318955.793, 125
Trd, 4318956.243, 122
Trd, 4318957.243, 129
Trd, 4318957.493, 123
Trd, 4318957.593, 122
Trd, 4318958.793, 134
Trd, 4318958.993, 117
Trd, 4318959.443, 95
Trd, 4318960.043, 99
Trd, 4318960.293, 94
Trd, 4318960.593, 116
Trd, 4318962.093, 71
Trd, 4318962.543, 76
Trd, 4318962.743, 116
Trd, 4318963.193, 120
Trd, 4318963.643, 93
Trd, 4318963.893, 98
Trd, 4318964.643, 62
Trd, 4318965.443, 74
Trd, 4318966.643, 61
Trd, 4318967.293, 64
Trd, 4318968.843, 66
Trd, 4318969.593, 60
Trd, 4318969.643, 88
Trd, 4318970.693, 64
Trd, 4318971.493, 61
Trd, 4318974.143, 74
Trd, 4318974.343, 75
Trd, 4318974.543, 77
Trd, 4318974.693, 81
Trd, 4318974.793, 73
Trd, 4318975.443, 88
Trd, 4318975.593, 75
Trd, 4318976.393, 95
Trd, 4318977.143, 108
Trd, 4318977.693, 65
Trd, 4318979.343, 60
Trd, 4318980.043, 60
Trd, 4318980.743, 72
Trd, 4318981.093, 94
Trd, 4318982.093, 101
Trd, 4318982.843, 116
Trd, 4318983.343, 61
Trd, 4318984.643, 66
Trd, 4318984.793, 70
Trd, 4318985.343, 60
Trd, 4318985.793, 61
Trd, 4318986.693, 63
Trd, 4318988.043, 135
Trd, 4318988.443, 104
Trd, 4318988.843, 81
Trd, 4318989.293, 93
Trd, 4318990.243, 104
Trd, 4318990.793, 63
Trd, 4318991.443, 79
Trd, 4318991.693, 90
Trd, 4318993.693, 138
Trd, 4318994.493, 129
Trd, 4318995.143, 123
Trd, 4318995.393, 138
Trd, 4318995.593, 135
Trd, 4318997.093, 77
Trd, 4318997.593, 74
Trd, 4318997.743, 115
Trd, 4318998.043, 109
Trd, 4318998.643, 106
Trd, 4318998.893, 105
Trd, 4318999.643, 80
Trd, 4319000.343, 80
Trd, 4319002.193, 61
Trd, 4319003.343, 70
Trd, 4319003.743, 72
Trd, 4319004.393, 71
Trd, 4319004.893, 75
Trd, 4319005.943, 60
Trd, 4319006.043, 67
Trd, 4319006.193, 100
Trd, 4319006.843, 105
Trd, 4319007.193, 104
Trd, 4319007.743, 92
Trd, 4319009.193, 91
Trd, 4319009.343, 82
Trd, 4319009.993, 79
Trd, 4319010.543, 97
Trd, 4319010.743, 82
Trd, 4319011.343, 67
Trd, 4319012.293, 63
Trd, 4319014.143, 61
Trd, 4319014.243, 76
Trd, 4319014.693, 60
Trd, 4319015.493, 93
Trd, 4319015.943, 127
Trd, 4319016.043, 115
Trd, 4319016.243, 91
Trd, 4319017.043, 90
Trd, 4319017.693, 86
Trd, 4319018.093, 137
Trd, 4319018.493, 133
Trd, 4319019.043, 95
Trd, 4319020.543, 91
Trd, 4319021.193, 101
Trd, 4319021.643, 90
Trd, 4319022.143, 135
Trd, 4319023.143, 91
Trd, 4319023.443, 90
Trd, 4319023.743, 84
Trd, 4319025.093, 103
Trd, 4319026.793, 93
Trd, 4319027.043, 87
Trd, 4319027.393, 89
Trd, 4319027.493, 93
Trd, 4319027.743, 86
Trd, 4319027.843, 86
Trd, 4319028.593, 87
Trd, 4319028.843, 76
Trd, 4319029.193, 78
Trd, 4319029.843, 117
Trd, 4319030.443, 111
Trd, 4319030.643, 102
Trd, 4319031.793, 92
Trd, 4319032.193, 89
Trd, 4319034.893, 88
Trd, 4319035.193, 140
Trd, 4319035.593, 100
Trd, 4319035.893, 99
Trd, 4319036.593, 101
Trd, 4319037.293, 79
Trd, 4319037.593, 68
Trd, 4319037.943, 67
Trd, 4319038.043, 70
Trd, 4319038.993, 103
Trd, 4319039.993, 112
Trd, 4319040.193, 109
Trd, 4319040.343, 80
Trd, 4319041.543, 94
Trd, 4319041.593, 81
Trd, 4319042.293, 98
Trd, 4319044.143, 87
Trd, 4319045.293, 75
Trd, 4319045.593, 81
Trd, 4319045.743, 75
Trd, 4319046.343, 71
Trd, 4319046.743, 65
Trd, 4319046.993, 63
Trd, 4319047.593, 121
Trd, 4319048.793, 101
Trd, 4319050.693, 138
Trd, 4319051.493, 137
Trd, 4319051.793, 129
Trd, 4319052.043, 127
Trd, 4319052.593, 135
Trd, 4319053.643, 107
Trd, 4319054.793, 135
Trd, 4319054.943, 118
Trd, 4319055.243, 106
Trd, 4319055.443, 101
Trd, 4319056.443, 113
Trd, 4319056.643, 114
Trd, 4319058.093, 82
Trd, 4319058.193, 77
Trd, 4319058.493, 69
Trd, 4319059.593, 66
Trd, 4319060.393, 74
Trd, 4319060.893, 64
Trd, 4319061.343, 137
Trd, 4319061.743, 75
Trd, 4319063.293, 85
Trd, 4319063.843, 134
Trd, 4319063.993, 116
Trd, 4319064.843, 115
Trd, 4319066.443, 94
Trd, 4319067.393, 116
Trd, 4319067.543, 109
Trd, 4319068.593, 118
Trd, 4319068.743, 115
Trd, 4319070.543, 120
Trd, 4319070.943, 104
Trd, 4319071.443, 102
Trd, 4319071.543, 128
Trd, 4319072.243, 98
Trd, 4319072.443, 87
Trd, 4319074.943, 115
Trd, 4319075.593, 139
Trd, 4319075.843, 80
Trd, 4319075.893, 78
Trd, 4319075.943, 77
Trd, 4319077.093, 103
Trd, 4319077.143, 103
Trd, 4319078.043, 132
Trd, 4319078.693, 97
Trd, 4319078.793, 96
Trd, 4319080.793, 90
Trd, 4319082.443, 63
Trd, 4319082.943, 65
Trd, 4319083.343, 71
Trd, 4319083.743, 99
Trd, 4319084.543, 90
Trd, 4319085.143, 83
Trd, 4319085.243, 83
Trd, 4319085.693, 87
Trd, 4319086.193, 97
Trd, 4319087.943, 140
Trd, 4319088.343, 109
Trd, 4319089.843, 106
Trd, 4319090.093, 105
Trd, 4319090.593, 96
Trd, 4319091.243, 95
Trd, 4319092.493, 95
Trd, 4319093.193, 137
Trd, 4319093.593, 132
Trd, 4319094.543, 110
Trd, 4319094.993, 109
Trd, 4319095.793, 117
Trd, 4319096.593, 115
Trd, 4319096.743, 106
Trd, 4319097.043, 96
Trd, 4319098.243, 128
Trd, 4319098.393, 106
Trd, 4319099.243, 91
Trd, 4319100.043, 126
Trd, 4319100.143, 125
Trd, 4319100.793, 83
Trd, 4319100.993, 83
Trd, 4319101.443, 98
Trd, 4319103.043, 118
Trd, 4319103.293, 117
Trd, 4319103.793, 116
Trd, 4319103.893, 93
Trd, 4319105.693, 113
Trd, 4319105.843, 106
Trd, 4319105.993, 86
Trd, 4319106.393, 93
Trd, 4319107.243, 63
Trd, 4319107.743, 93
Trd, 4319108.443, 136
Trd, 4319108.743, 109
Trd, 4319109.293, 100
Trd, 4319110.693, 64
Trd, 4319111.643, 68
Trd, 4319111.743, 87
Trd, 4319112.493, 113
Trd, 4319112.993, 86
Trd, 4319114.043, 84
Trd, 4319115.643, 61
Trd, 4319116.593, 107
Trd, 4319116.993, 63
Trd, 4319117.593, 88
Trd, 4319118.193, 60
Trd, 4319118.443, 86
Trd, 4319119.393, 87
Trd, 4319119.593, 87
Trd, 4319120.293, 119
Trd, 4319121.393, 85
Trd, 4319121.743, 90
Trd, 4319122.543, 123
Trd, 4319123.293, 72
Trd, 4319123.393, 72
Trd, 4319124.693, 61
Trd, 4319124.743, 70
Trd, 4319125.143, 75
Trd, 4319125.293, 95
Trd, 4319126.743, 66
Trd, 4319128.843, 82
Trd, 4319128.893, 83
Trd, 4319128.943, 66
Trd, 4319129.543, 95
Trd, 4319129.743, 71
Trd, 4319130.193, 113
Trd, 4319130.543, 107
Trd, 4319131.893, 62
Trd, 4319133.893, 61
Trd, 4319135.543, 63
Trd, 4319135.943, 70
Trd, 4319136.293, 62
Trd, 4319137.593, 60
Trd, 4319138.393, 70
Trd, 4319138.693, 74
Trd, 4319139.293, 82
Trd, 4319140.143, 73
Trd, 4319140.643, 73
Trd, 4319141.043, 70
Trd, 4319141.793, 128
Trd, 4319141.893, 127
Trd, 4319142.293, 125
Trd, 4319142.693, 79
Trd, 4319143.693, 97
Trd, 4319144.693, 127
Trd, 4319144.843, 62
Trd, 4319145.893, 85
Trd, 4319148.293, 98
Trd, 4319148.943, 103
Trd, 4319150.493, 111
Trd, 4319150.643, 108
Trd, 4319150.893, 74
Trd, 4319152.643, 109
Trd, 4319152.843, 117
Trd, 4319153.193, 108
Trd, 4319153.393, 110
Trd, 4319154.443, 119
Trd, 4319155.193, 108
Trd, 4319155.643, 95
Trd, 4319156.443, 111
Trd, 4319156.843, 110
Trd, 4319157.243, 92
Trd, 4319157.643, 66
Trd, 4319159.393, 105
Trd, 4319159.593, 101
Trd, 4319160.243, 98
Trd, 4319161.243, 95
Trd, 4319162.293, 67
Trd, 4319163.093, 128
Trd, 4319163.493, 90
Trd, 4319163.793, 90
Trd, 4319164.843, 127
Trd, 4319164.943, 117
Trd, 4319166.343, 125
Trd, 4319166.443, 89
Trd, 4319166.993, 140
Trd, 4319167.393, 123
Trd, 4319167.493, 121
Trd, 4319168.643, 105
Trd, 4319170.143, 94
Trd, 4319170.443, 121
Trd, 4319170.843, 84
Trd, 4319170.993, 84
Trd, 4319172.143, 101
Trd, 4319172.543, 98
Trd, 4319172.843, 96
Trd, 4319173.593, 105
Trd, 4319174.243, 110
Trd, 4319175.093, 114
Trd, 4319175.643, 114
Trd, 4319176.593, 120
Trd, 4319176.893, 63
Trd, 4319177.193, 109
Trd, 4319178.243, 101
Trd, 4319180.293, 121
Trd, 4319180.443, 100
Trd, 4319181.043, 98
Trd, 4319181.093, 123
Trd, 4319181.793, 92
Trd, 4319181.843, 89
Trd, 4319182.243, 136
Trd, 4319183.193, 102
Trd, 4319183.893, 102
Trd, 4319184.993, 118
Trd, 4319185.943, 112
Trd, 4319186.143, 103
Trd, 4319186.243, 101
Trd, 4319188.143, 100
Trd, 4319188.193, 99
Trd, 4319188.793, 72
Trd, 4319188.943, 102
Trd, 4319188.993, 122
Trd, 4319190.293, 123
Trd, 4319190.643, 117
Trd, 4319191.293, 101
Trd, 4319192.743, 80
Trd, 4319193.043, 78
Trd, 4319194.443, 114
Trd, 4319194.943, 125
Trd, 4319195.143, 113
Trd, 4319195.643, 114
Trd, 4319196.993, 92
Trd, 4319197.243, 91
Trd, 4319197.293, 104
Trd, 4319198.043, 131
Trd, 4319198.843, 78
Trd, 4319198.943, 92
Trd, 4319199.593, 61
Trd, 4319201.043, 65
Trd, 4319201.243, 122
Trd, 4319201.693, 91
Trd, 4319202.443, 90
Trd, 4319203.293, 118
Trd, 4319203.543, 108
Trd, 4319204.193, 95
Trd, 4319204.843, 98
Trd, 4319204.893, 88
Trd, 4319205.393, 139
Trd, 4319206.493, 65
Trd, 4319206.943, 128
Trd, 4319208.193, 88
Trd, 4319208.443, 79
Trd, 4319208.743, 111
Trd, 4319209.543, 80
Trd, 4319210.093, 69
Trd, 4319211.193, 70
Trd, 4319211.593, 98
Trd, 4319212.393, 61
Trd, 4319212.893, 125
Trd, 4319213.693, 132
Trd, 4319214.243, 130
Trd, 4319214.343, 125
Trd, 4319215.043, 117
Trd, 4319216.093, 115
Trd, 4319216.943, 61
Trd, 4319217.343, 64
Trd, 4319217.843, 69
Trd, 4319219.643, 68
Trd, 4319220.693, 102
Trd, 4319220.893, 99
Trd, 4319220.993, 98
Trd, 4319221.393, 76
Trd, 4319221.543, 83
Trd, 4319221.893, 68
Trd, 4319222.143, 69
Trd, 4319222.993, 70
Trd, 4319223.493, 63
Trd, 4319224.943, 82
Trd, 4319225.293, 109
Trd, 4319225.643, 108
Trd, 4319225.743, 86
Trd, 4319227.393, 125
Trd, 4319227.443, 119
Trd, 4319228.243, 133
Trd, 4319230.293, 83
Trd, 4319230.493, 60
Trd, 4319230.943, 64
Trd, 4319232.993, 80
Trd, 4319233.293, 95
Trd, 4319234.893, 85
Trd, 4319235.393, 79
Trd, 4319235.593, 81
Trd, 4319235.893, 72
Trd, 4319236.343, 66
Trd, 4319237.143, 87
Trd, 4319238.093, 63
Trd, 4319238.543, 61
Trd, 4319238.993, 64
Trd, 4319239.543, 73
Trd, 4319239.843, 65
Trd, 4319240.343, 89
Trd, 4319241.443, 64
Trd, 4319241.593, 65
Trd, 4319242.793, 65
Trd, 4319245.443, 128
Trd, 4319245.593, 110
Trd, 4319245.743, 122
Trd, 4319246.243, 90
Trd, 4319246.743, 117
Trd, 4319247.293, 133
Trd, 4319247.343, 103
Trd, 4319247.993, 65
Trd, 4319248.443, 74
Trd, 4319248.743, 123
Trd, 4319249.643, 63
Trd, 4319250.143, 82
Trd, 4319251.393, 130
Trd, 4319251.543, 93
Trd, 4319252.043, 90
Trd, 4319252.793, 95
Trd, 4319253.793, 106
Trd, 4319254.793, 102
Trd, 4319255.143, 108
Trd, 4319255.393, 101
Trd, 4319255.643, 113
Trd, 4319255.993, 125
Trd, 4319256.193, 117
Trd, 4319257.093, 107
Trd, 4319258.443, 104
Trd, 4319258.593, 129
Trd, 4319259.543, 94
Trd, 4319260.093, 84
Trd, 4319262.343, 137
Trd, 4319263.043, 109
Trd, 4319263.293, 108
Trd, 4319263.493, 106
Trd, 4319264.643, 122
Trd, 4319265.693, 125
Trd, 4319265.843, 115
Trd, 4319266.493, 98
Trd, 4319266.793, 109
Trd, 4319267.943, 81
Trd, 4319269.093, 78
Trd, 4319269.343, 100
Trd, 4319270.843, 123
Trd, 4319270.893, 121
Trd, 4319270.943, 103
Trd, 4319272.243, 129
Trd, 4319273.743, 85
Trd, 4319274.793, 113
Trd, 4319274.943, 95
Trd, 4319274.993, 82
Trd, 4319275.693, 69
Trd, 4319276.143, 70
Trd, 4319276.543, 101
Trd, 4319277.743, 86
Trd, 4319278.243, 74
Trd, 4319278.643, 70
Trd, 4319278.693, 68
Trd, 4319279.693, 63
Trd, 4319281.893, 61
Trd, 4319282.193, 62
Trd, 4319282.943, 61
Trd, 4319283.043, 75
Trd, 4319283.193, 78
Trd, 4319283.493, 86
Trd, 4319284.043, 101
Trd, 4319284.393, 68
Trd, 4319284.843, 116
Trd, 4319287.243, 76
Trd, 4319288.843, 79
Trd, 4319289.143, 119
Trd, 4319289.643, 91
Trd, 4319290.243, 132
Trd, 4319291.293, 134
Trd, 4319291.843, 129
Trd, 4319291.993, 128
Trd, 4319292.143, 127
Trd, 4319292.893, 103
Trd, 4319293.843, 116
Trd, 4319294.393, 76
Trd, 4319295.093, 114
Trd, 4319295.393, 74
Trd, 4319295.693, 105
Trd, 4319296.193, 81
Trd, 4319296.943, 98
Trd, 4319298.593, 69
Trd, 4319300.743, 64
Trd, 4319301.093, 65
Trd, 4319301.293, 74
Trd, 4319301.743, 64
Trd, 4319301.793, 64
Trd, 4319302.893, 61
Trd, 4319303.443, 65
Trd, 4319304.143, 63
Trd, 4319304.593, 82
Trd, 4319305.543, 119
Trd, 4319305.893, 118
Trd, 4319307.093, 113
Trd, 4319307.893, 113
Trd, 4319307.993, 104
Trd, 4319308.443, 84
Trd, 4319309.093, 124
Trd, 4319312.143, 112
Trd, 4319312.243, 90
Trd, 4319312.493, 104
Trd, 4319312.693, 60
Trd, 4319313.143, 88
Trd, 4319314.693, 80
Trd, 4319315.143, 88
Trd, 4319315.843, 62
Trd, 4319316.843, 69
Trd, 4319318.193, 71
Trd, 4319318.243, 69
Trd, 4319318.693, 77
Trd, 4319319.293, 60
Trd, 4319319.343, 61
Trd, 4319320.693, 82
Trd, 4319322.493, 123
Trd, 4319323.143, 121
Trd, 4319323.643, 102
Trd, 4319324.593, 126
Trd, 4319325.243, 118
Trd, 4319326.193, 117
Trd, 4319326.643, 116
Trd, 4319326.893, 113
Trd, 4319326.943, 101
Trd, 4319327.793, 84
Trd, 4319328.043, 72
Trd, 4319328.693, 119
Trd, 4319328.843, 67
Trd, 4319331.243, 69
Trd, 4319331.393, 74
Trd, 4319331.543, 79
Trd, 4319332.293, 104
Trd, 4319333.443, 113
Trd, 4319333.493, 101
Trd, 4319333.543, 99
Trd, 4319334.293, 82
Trd, 4319335.243, 77
Trd, 4319335.743, 82
Trd, 4319337.043, 125
Trd, 4319337.493, 86
Trd, 4319338.293, 113
Trd, 4319338.943, 139
Trd, 4319339.293, 96
Trd, 4319339.593, 95
Trd, 4319340.943, 113
Trd, 4319341.243, 111
Trd, 4319341.643, 74
Trd, 4319342.193, 102
Trd, 4319342.743, 92
Trd, 4319343.143, 86
Trd, 4319344.493, 61
Trd, 4319344.893, 66
Trd, 4319345.593, 140
Trd, 4319346.693, 73
Trd, 4319347.743, 103
Trd, 4319348.543, 97
Trd, 4319348.943, 119
Trd, 4319348.993, 95
Trd, 4319349.593, 106
Trd, 4319350.693, 95
Trd, 4319351.493, 101
Trd, 4319352.793, 60
Trd, 4319353.193, 88
Trd, 4319353.693, 115
Trd, 4319354.293, 128
Trd, 4319356.043, 110
Trd, 4319356.593, 96
Trd, 4319356.743, 94
Trd, 4319356.943, 94
Trd, 4319357.543, 105
Trd, 4319359.693, 135
Trd, 4319360.193, 131
Trd, 4319360.443, 128
Trd, 4319361.243, 125
Trd, 4319361.343, 91
Trd, 4319362.293, 125
Trd, 4319362.743, 79
Trd, 4319363.343, 65
Trd, 4319363.393, 64
Trd, 4319364.193, 97
Trd, 4319364.443, 103
Trd, 4319364.943, 81
Trd, 4319365.593, 69
Trd, 4319365.943, 86
Trd, 4319366.943, 77
Trd, 4319367.593, 66
Trd, 4319368.293, 69
Trd, 4319368.393, 102
Trd, 4319370.293, 64
Trd, 4319370.493, 66
Trd, 4319370.993, 63
Trd, 4319371.493, 91
Trd, 4319372.443, 121
Trd, 4319372.593, 100
Trd, 4319373.743, 81
Trd, 4319374.443, 98
Trd, 4319374.993, 78
Trd, 4319375.243, 116
Trd, 4319377.293, 83
Trd, 4319377.343, 128
Trd, 4319377.993, 98
Trd, 4319378.343, 87
Trd, 4319378.593, 139
Trd, 4319378.743, 103
Trd, 4319379.743, 128
Trd, 4319379.893, 119
Trd, 4319380.393, 101
Trd, 4319380.993, 99
Trd, 4319381.593, 114
Trd, 4319381.793, 87
Trd, 4319383.043, 106
Trd, 4319383.743, 88
Trd, 4319384.243, 102
Trd, 4319384.893, 101
Trd, 4319385.243, 101
Trd, 4319385.293, 96
Trd, 4319385.893, 134
Trd, 4319386.043, 92
Trd, 4319387.193, 124
Trd, 4319388.193, 68
Trd, 4319388.243, 72
Trd, 4319388.343, 87
Trd, 4319388.643, 71
Trd, 4319389.093, 71
Trd, 4319390.293, 91
Trd, 4319392.193, 118
Trd, 4319392.393, 114
Trd, 4319392.443, 105
Trd, 4319393.243, 91
Trd, 4319393.343, 89
Trd, 4319393.643, 113
Trd, 4319394.043, 73
Trd, 4319395.893, 72
Trd, 4319396.393, 64
Trd, 4319397.393, 74
Trd, 4319398.043, 104
Trd, 4319398.693, 61
Trd, 4319398.793, 91
Trd, 4319399.343, 93
Trd, 4319399.693, 128
Trd, 4319401.043, 102
Trd, 4319402.243, 132
Trd, 4319402.343, 132
Trd, 4319403.393, 133
Trd, 4319403.993, 113
Trd, 4319404.093, 101
Trd, 4319404.293, 100
Trd, 4319404.793, 140
Trd, 4319405.493, 110
Trd, 4319406.993, 95
Trd, 4319408.593, 107
Trd, 4319408.643, 105
Trd, 4319409.343, 102
Trd, 4319409.693, 93
Trd, 4319410.093, 125
Trd, 4319410.443, 60
Trd, 4319411.393, 61
Trd, 4319412.243, 71
Trd, 4319412.793, 83
Trd, 4319413.393, 62
Trd, 4319413.843, 97
Trd, 4319414.993, 75
Trd, 4319415.493, 61
Trd, 4319416.043, 60
Trd, 4319416.243, 74
Trd, 4319419.043, 83
Trd, 4319419.143, 78
Trd, 4319419.193, 77
Trd, 4319419.893, 100
Trd, 4319420.543, 109
Trd, 4319420.643, 88
Trd, 4319421.143, 69
Trd, 4319422.393, 69
Trd, 4319422.743, 133
Trd, 4319423.943, 90
Trd, 4319424.193, 84
Trd, 4319424.293, 75
Trd, 4319426.543, 60
Trd, 4319426.893, 80
Trd, 4319427.993, 67
Trd, 4319428.743, 71
Trd, 4319429.293, 70
Trd, 4319429.543, 115
Trd, 4319430.743, 74
Trd, 4319431.043, 66
Trd, 4319431.143, 65
Trd, 4319432.293, 70
Trd, 4319432.393, 72
Trd, 4319432.893, 109
Trd, 4319434.193, 90
Trd, 4319435.043, 104
Trd, 4319435.393, 103
Trd, 4319435.693, 65
Trd, 4319436.093, 100
Trd, 4319436.343, 108
Trd, 4319438.043, 118
Trd, 4319438.543, 129
Trd, 4319440.143, 116
Trd, 4319440.643, 115
Trd, 4319440.843, 118
Trd, 4319441.193, 89
Trd, 4319442.743, 88
Trd, 4319442.793, 92
Trd, 4319442.893, 100
Trd, 4319444.943, 84
Trd, 4319445.043, 81
Trd, 4319445.993, 115
Trd, 4319446.543, 109
Trd, 4319446.743, 109
Trd, 4319447.793, 99
Trd, 4319447.843, 120
Trd, 4319448.893, 91
Trd, 4319449.993, 84
Trd, 4319450.193, 87
Trd, 4319450.693, 110
Trd, 4319451.093, 119
Trd, 4319451.343, 109
Trd, 4319451.593, 122
Trd, 4319452.793, 101
Trd, 4319453.293, 79
Trd, 4319453.443, 76
Trd, 4319453.943, 83
Trd, 4319456.443, 138
Trd, 4319456.943, 118
Trd, 4319456.993, 102
Trd, 4319457.193, 75
Trd, 4319458.493, 85
Trd, 4319459.193, 134
Trd, 4319459.443, 119
Trd, 4319460.193, 118
Trd, 4319460.293, 95
Trd, 4319461.343, 88
Trd, 4319462.243, 92
Trd, 4319464.043, 135
Trd, 4319464.443, 106
Trd, 4319465.043, 128
Trd, 4319465.743, 100
Trd, 4319466.543, 87
Trd, 4319466.793, 87
Trd, 4319467.193, 123
Trd, 4319468.693, 91
Trd, 4319469.043, 88
Trd, 4319469.843, 106
Trd, 4319470.293, 83
Trd, 4319471.343, 76
Trd, 4319471.543, 70
Trd, 4319473.293, 127
Trd, 4319473.793, 125
Trd, 4319474.743, 132
Trd, 4319475.493, 105
Trd, 4319478.893, 125
Trd, 4319478.993, 123
Trd, 4319479.593, 134
Trd, 4319479.943, 127
Trd, 4319480.143, 124
Trd, 4319480.393, 98
Trd, 4319481.443, 139
Trd, 4319481.493, 138
Trd, 4319481.543, 130
Trd, 4319482.943, 69
Trd, 4319483.193, 139
Trd, 4319484.193, 91
Trd, 4319484.743, 66
Trd, 4319485.843, 80
Trd, 4319486.693, 67
Trd, 4319486.993, 61
Trd, 4319487.443, 116
Trd, 4319487.893, 124
Trd, 4319488.043, 66
Trd, 4319489.843, 103
Trd, 4319490.393, 129
Trd, 4319491.043, 106
Trd, 4319491.993, 102
Trd, 4319492.943, 138
Trd, 4319493.743, 98
Trd, 4319493.943, 133
Trd, 4319494.193, 97
Trd, 4319494.493, 104
Trd, 4319496.093, 96
Trd, 4319496.743, 88
Trd, 4319497.043, 91
Trd, 4319497.393, 94
Trd, 4319498.293, 76
Trd, 4319498.343, 116
Trd, 4319498.993, 76
Trd, 4319499.543, 81
Trd, 4319501.093, 128
Trd, 4319502.343, 97
Trd, 4319503.643, 125
Trd, 4319504.243, 88
Trd, 4319504.443, 87
Trd, 4319505.193, 108
Trd, 4319505.243, 73
Trd, 4319505.843, 127
Trd, 4319506.443, 115
Trd, 4319507.143, 66
Trd, 4319507.893, 91
Trd, 4319508.043, 90
Trd, 4319508.593, 115
Trd, 4319509.793, 62
Trd, 4319510.743, 71
Trd, 4319511.093, 71
Trd, 4319511.743, 110
Trd, 4319512.143, 95
Trd, 4319513.393, 94
Trd, 4319513.743, 89
Trd, 4319514.393, 62
Trd, 4319515.343, 93
Trd, 4319515.543, 105
Trd, 4319516.543, 79
Trd, 4319518.593, 61
Trd, 4319518.893, 68
Trd, 4319519.043, 78
Trd, 4319521.043, 62
Trd, 4319521.343, 67
Trd, 4319522.393, 61
Trd, 4319523.543, 100
Trd, 4319523.993, 115
Trd, 4319524.743, 95
Trd, 4319525.193, 77
Trd, 4319525.243, 77
Trd, 4319526.393, 63
Trd, 4319526.443, 92
Trd, 4319527.443, 69
Trd, 4319528.293, 60
Trd, 4319528.543, 62
Trd, 4319528.743, 84
Trd, 4319529.593, 96
Trd, 4319530.193, 85
Trd, 4319530.493, 86
Trd, 4319531.643, 121
Trd, 4319531.743, 98
Trd, 4319532.043, 85
Trd, 4319532.393, 82
Trd, 4319533.043, 86
Trd, 4319534.593, 107
Trd, 4319535.043, 106
Trd, 4319536.593, 107
Trd, 4319536.743, 107
Trd, 4319537.493, 116
Trd, 4319537.643, 101
Trd, 4319538.593, 92
Trd, 4319539.543, 78
Trd, 4319540.743, 98
Trd, 4319541.543, 78
Trd, 4319541.593, 76
Trd, 4319542.043, 61
Trd, 4319542.993, 65
Trd, 4319543.343, 140
Trd, 4319544.143, 70
Trd, 4319544.393, 82
Trd, 4319544.593, 96
Trd, 4319545.693, 63
Trd, 4319545.743, 122
Trd, 4319546.943, 64
Trd, 4319548.043, 66
Trd, 4319548.443, 64
Trd, 4319548.693, 93
Trd, 4319550.193, 122
Trd, 4319550.343, 121
Trd, 4319551.393, 104
Trd, 4319553.343, 100
Trd, 4319553.593, 97
Trd, 4319554.043, 112
Trd, 4319554.143, 103
Trd, 4319554.893, 88
Trd, 4319555.393, 87
Trd, 4319556.293, 132
Trd, 4319557.143, 123
Trd, 4319557.243, 105
Trd, 4319558.143, 128
Trd, 4319558.693, 92
Trd, 4319559.493, 121
Trd, 4319559.593, 102
Trd, 4319561.193, 96
Trd, 4319562.093, 121
Trd, 4319562.193, 110
Trd, 4319562.393, 85
Trd, 4319562.693, 80
Trd, 4319564.043, 135
Trd, 4319564.593, 97
Trd, 4319564.793, 96
Trd, 4319565.293, 137
Trd, 4319565.493, 76
Trd, 4319566.643, 82
Trd, 4319567.393, 111
Trd, 4319567.643, 106
Trd, 4319567.893, 130
Trd, 4319568.993, 133
Trd, 4319569.593, 82
Trd, 4319570.443, 84
Trd, 4319570.993, 120
Trd, 4319571.943, 94
Trd, 4319572.643, 110
Trd, 4319573.293, 77
Trd, 4319573.343, 86
Trd, 4319574.693, 61
Trd, 4319575.193, 62
Trd, 4319577.043, 69
Trd, 4319577.343, 72
Trd, 4319578.043, 71
Trd, 4319578.293, 64
Trd, 4319578.393, 64
Trd, 4319578.793, 67
Trd, 4319578.943, 72
Trd, 4319580.493, 81
Trd, 4319580.793, 115
Trd, 4319582.043, 60
Trd, 4319582.543, 78
Trd, 4319583.493, 60
Trd, 4319584.693, 62
Trd, 4319584.743, 71
Trd, 4319584.843, 78
Trd, 4319586.693, 102
Trd, 4319586.943, 86
Trd, 4319587.493, 126
Trd, 4319587.743, 133
Trd, 4319588.043, 122
Trd, 4319589.043, 121
Trd, 4319590.893, 82
Trd, 4319591.243, 80
Trd, 4319591.743, 80
Trd, 4319591.993, 94
Trd, 4319592.693, 110
Trd, 4319593.043, 71
Trd, 4319593.443, 103
Trd, 4319594.143, 100
Trd, 4319594.593, 89
Trd, 4319595.843, 139
Trd, 4319596.243, 130
Trd, 4319596.993, 127
Trd, 4319597.643, 116
Trd, 4319598.393, 86
Trd, 4319599.393, 86
Trd, 4319600.643, 111
Trd, 4319600.993, 107
Trd, 4319603.093, 126
Trd, 4319603.293, 123
Trd, 4319603.743, 123
Trd, 4319603.793, 104
Trd, 4319605.043, 124
Trd, 4319605.193, 133
Trd, 4319605.293, 125
Trd, 4319605.593, 104
Trd, 4319607.143, 137
Trd, 4319608.493, 122
Trd, 4319609.143, 119
Trd, 4319609.643, 95
Trd, 4319610.893, 115
Trd, 4319611.143, 106
Trd, 4319611.693, 130
Trd, 4319612.843, 98
Trd, 4319613.343, 82
Trd, 4319613.443, 81
Trd, 4319613.693, 92
Trd, 4319614.893, 108
Trd, 4319615.193, 113
Trd, 4319615.693, 103
Trd, 4319616.343, 115
Trd, 4319616.493, 113
Trd, 4319616.893, 126
Trd, 4319618.343, 127
Trd, 4319618.943, 140
Trd, 4319620.743, 61
Trd, 4319621.143, 61
Trd, 4319621.693, 70
Trd, 4319623.193, 72
Trd, 4319623.743, 95
Trd, 4319624.043, 86
Trd, 4319626.093, 134
Trd, 4319626.293, 136
Trd, 4319627.343, 138
Trd, 4319627.493, 122
Trd, 4319629.193, 113
Trd, 4319629.243, 113
Trd, 4319629.543, 99
Trd, 4319630.393, 81
Trd, 4319630.543, 81
Trd, 4319631.293, 61
Trd, 4319632.543, 78
Trd, 4319633.793, 101
Trd, 4319634.393, 94
Trd, 4319634.743, 94
Trd, 4319635.043, 96
Trd, 4319635.743, 92
Trd, 4319635.943, 81
Trd, 4319635.993, 97
Trd, 4319636.893, 80
Trd, 4319637.193, 63
Trd, 4319637.993, 95
Trd, 4319638.643, 89
Trd, 4319639.543, 93
Trd, 4319640.093, 92
Trd, 4319640.743, 138
Trd, 4319640.943, 92
Trd, 4319641.643, 128
Trd, 4319642.293, 116
Trd, 4319643.293, 67
Trd, 4319643.693, 89
Trd, 4319644.593, 121
Trd, 4319646.143, 118
Trd, 4319647.193, 122
Trd, 4319647.593, 107
Trd, 4319648.143, 101
Trd, 4319648.743, 98
Trd, 4319649.243, 93
Trd, 4319650.143, 62
Trd, 4319650.193, 66
Trd, 4319650.543, 65
Trd, 4319650.793, 65
Trd, 4319651.393, 114
Trd, 4319651.943, 85
Trd, 4319652.393, 61
Trd, 4319653.293, 116
Trd, 4319654.043, 119
Trd, 4319655.743, 60
Trd, 4319656.193, 72
Trd, 4319658.243, 137
Trd, 4319658.643, 94
Trd, 4319659.343, 132
Trd, 4319660.293, 124
Trd, 4319660.943, 123
Trd, 4319661.343, 130
Trd, 4319661.793, 110
Trd, 4319661.993, 119
Trd, 4319663.343, 132
Trd, 4319664.293, 118
Trd, 4319664.343, 117
Trd, 4319664.743, 122
Trd, 4319665.443, 93
Trd, 4319666.993, 114
Trd, 4319667.093, 96
Trd, 4319668.493, 105
Trd, 4319669.193, 104
Trd, 4319669.293, 77
Trd, 4319669.643, 73
Trd, 4319669.893, 73
Trd, 4319671.643, 124
Trd, 4319672.243, 129
Trd, 4319672.443, 104
Trd, 4319673.043, 100
Trd, 4319673.143, 103
Trd, 4319673.693, 90
Trd, 4319673.843, 120
Trd, 4319674.093, 130
Trd, 4319675.743, 92
Trd, 4319675.843, 91
Trd, 4319676.243, 107
Trd, 4319676.543, 85
Trd, 4319677.643, 130
Trd, 4319677.743, 129
Trd, 4319678.493, 135
Trd, 4319679.043, 111
Trd, 4319679.143, 95
Trd, 4319679.393, 62
Trd, 4319680.043, 84
Trd, 4319680.343, 65
Trd, 4319681.693, 62
Trd, 4319682.243, 63
Trd, 4319683.693, 115
Trd, 4319684.393, 122
Trd, 4319684.693, 139
Trd, 4319684.793, 106
Trd, 4319685.493, 126
Trd, 4319685.693, 125
Trd, 4319686.093, 129
Trd, 4319687.493, 101
Trd, 4319687.993, 80
Trd, 4319688.493, 72
Trd, 4319689.743, 133
Trd, 4319690.843, 112
Trd, 4319690.943, 111
Trd, 4319691.693, 130
Trd, 4319692.343, 134
Trd, 4319692.793, 83
Trd, 4319694.143, 120
Trd, 4319694.743, 125
Trd, 4319694.893, 113
Trd, 4319695.793, 132
Trd, 4319695.993, 139
Trd, 4319697.493, 126
Trd, 4319697.743, 123
Trd, 4319697.843, 120
Trd, 4319699.043, 108
Trd, 4319699.243, 106
Trd, 4319700.643, 123
Trd, 4319701.143, 114
Trd, 4319701.693, 97
Trd, 4319701.943, 115
Trd, 4319701.993, 60
Trd, 4319702.593, 61
Trd, 4319703.693, 121
Trd, 4319704.293, 119
Trd, 4319704.643, 118
Trd, 4319704.893, 104
Trd, 4319705.343, 73
Trd, 4319707.143, 131
Trd, 4319707.793, 81
Trd, 4319708.093, 70
Trd, 4319708.393, 105
Trd, 4319708.943, 64
Trd, 4319709.593, 129
Trd, 4319710.493, 129
Trd, 4319711.043, 68
Trd, 4319711.343, 68
Trd, 4319711.893, 98
Trd, 4319712.243, 64
Trd, 4319713.443, 62
Trd, 4319715.043, 123
Trd, 4319715.843, 114
Trd, 4319715.993, 110
Trd, 4319716.393, 116
Trd, 4319716.543, 109
Trd, 4319718.243, 125
Trd, 4319718.593, 121
Trd, 4319718.693, 80
Trd, 4319719.093, 78
Trd, 4319719.443, 75
Trd, 4319720.893, 126
Trd, 4319722.143, 71
Trd, 4319723.043, 75
Trd, 4319723.393, 84
Trd, 4319723.493, 64
Trd, 4319723.843, 93
Trd, 4319725.293, 126
Trd, 4319725.793, 62
Trd, 4319726.593, 61
Trd, 4319726.843, 65
Trd, 4319726.893, 78
Trd, 4319728.443, 125
Trd, 4319728.693, 122
Trd, 4319728.743, 109
Trd, 4319729.243, 106
Trd, 4319730.193, 104
Trd, 4319730.393, 103
Trd, 4319731.293, 130
Trd, 4319731.743, 106
Trd, 4319732.193, 90
Trd, 4319732.993, 122
Trd, 4319733.543, 118
Trd, 4319733.993, 84
Trd, 4319734.143, 69
Trd, 4319734.993, 71
Trd, 4319735.643, 83
Trd, 4319735.793, 95
Trd, 4319735.943, 69
Trd, 4319737.243, 80
Trd, 4319737.793, 66
Trd, 4319738.843, 62
Trd, 4319739.393, 138
Trd, 4319739.993, 112
Trd, 4319741.693, 116
Trd, 4319741.943, 113
Trd, 4319742.643, 105
Trd, 4319743.593, 116
Trd, 4319743.793, 73
Trd, 4319745.743, 73
Trd, 4319746.143, 65
Trd, 4319746.393, 95
Trd, 4319746.593, 132
Trd, 4319746.743, 87
Trd, 4319747.093, 97
Trd, 4319748.593, 125
Trd, 4319749.043, 99
Trd, 4319749.393, 82
Trd, 4319751.093, 106
Trd, 4319751.743, 104
Trd, 4319752.243, 110
Trd, 4319753.243, 93
Trd, 4319753.943, 137
Trd, 4319754.293, 113
Trd, 4319754.393, 129
Trd, 4319754.543, 112
Trd, 4319755.343, 103
Trd, 4319756.093, 91
Trd, 4319757.593, 112
Trd, 4319758.293, 117
Trd, 4319758.593, 108
Trd, 4319758.693, 107
Trd, 4319760.493, 132
Trd, 4319760.543, 109
Trd, 4319760.893, 106
Trd, 4319761.543, 106
Trd, 4319761.843, 104
Trd, 4319762.643, 107
Trd, 4319763.593, 60
Trd, 4319763.743, 61
Trd, 4319763.993, 76
Trd, 4319764.343, 109
Trd, 4319765.443, 87
Trd, 4319766.043, 110
Trd, 4319766.543, 123
Trd, 4319766.643, 124
Trd, 4319767.443, 117
Trd, 4319767.993, 66
Trd, 4319768.493, 108
Trd, 4319769.893, 105
Trd, 4319770.143, 104
Trd, 4319770.493, 106
Trd, 4319770.593, 93
Trd, 4319772.193, 98
Trd, 4319773.943, 108
Trd, 4319774.293, 130
Trd, 4319774.793, 89
Trd, 4319774.893, 87
Trd, 4319775.193, 87
Trd, 4319777.093, 67
Trd, 4319777.243, 67
Trd, 4319777.893, 118
Trd, 4319778.293, 104
Trd, 4319778.343, 103
Trd, 4319780.293, 65
Trd, 4319780.593, 62
Trd, 4319780.993, 116
Trd, 4319781.293, 73
Trd, 4319781.843, 76
Trd, 4319783.643, 129
Trd, 4319784.093, 112
Trd, 4319785.593, 105
Trd, 4319785.643, 103
Trd, 4319785.743, 91
Trd, 4319786.143, 114
Trd, 4319787.143, 136
Trd, 4319787.393, 71
Trd, 4319788.343, 72
Trd, 4319789.193, 111
Trd, 4319789.393, 66
Trd, 4319789.843, 67
Trd, 4319790.993, 66
Trd, 4319793.293, 60
Trd, 4319794.543, 67
Trd, 4319795.293, 93
Trd, 4319795.743, 88
Trd, 4319796.243, 87
Trd, 4319796.493, 99
Trd, 4319796.843, 103
Trd, 4319797.293, 96
Trd, 4319797.543, 88
Trd, 4319797.793, 85
Trd, 4319798.993, 100
Trd, 4319799.093, 89
Trd, 4319799.593, 70
Trd, 4319801.393, 76
Trd, 4319802.693, 96
Trd, 4319803.193, 127
Trd, 4319804.593, 95
Trd, 4319805.443, 115
Trd, 4319805.793, 97
Trd, 4319806.843, 123
Trd, 4319806.993, 136
Trd, 4319807.193, 92
Trd, 4319807.243, 82
Trd, 4319808.243, 121
Trd, 4319809.393, 124
Trd, 4319809.593, 122
Trd, 4319810.493, 92
Trd, 4319812.393, 122
Trd, 4319813.243, 100
Trd, 4319813.843, 109
Trd, 4319814.293, 97
Trd, 4319814.843, 130
Trd, 4319815.193, 102
Trd, 4319816.493, 75
Trd, 4319816.593, 62
Trd, 4319816.993, 84
Trd, 4319818.393, 120
Trd, 4319819.343, 121
Trd, 4319819.743, 119
Trd, 4319820.293, 106
Trd, 4319821.093, 135
Trd, 4319821.993, 108
Trd, 4319822.093, 106
Trd, 4319822.843, 106
Trd, 4319823.143, 119
Trd, 4319824.343, 94
Trd, 4319824.643, 109
Trd, 4319825.043, 91
Trd, 4319825.543, 81
Trd, 4319826.143, 94
Trd, 4319827.393, 87
Trd, 4319827.743, 80
Trd, 4319828.793, 139
Trd, 4319829.093, 118
Trd, 4319830.593, 129
Trd, 4319831.443, 127
Trd, 4319831.593, 111
Trd, 4319832.193, 107
Trd, 4319832.543, 112
Trd, 4319832.643, 101
Trd, 4319833.593, 74
Trd, 4319835.843, 113
Trd, 4319836.943, 124
Trd, 4319837.143, 111
Trd, 4319838.293, 108
Trd, 4319838.693, 99
Trd, 4319839.793, 117
Trd, 4319840.143, 73
Trd, 4319841.143, 63
Trd, 4319841.693, 61
Trd, 4319843.093, 63
Trd, 4319844.343, 84
Trd, 4319844.743, 83
Trd, 4319844.943, 79
Trd, 4319845.393, 85
Trd, 4319845.693, 123
Trd, 4319846.543, 131
Trd, 4319847.393, 82
Trd, 4319848.143, 93
Trd, 4319848.593, 105
Trd, 4319849.843, 118
Trd, 4319850.393, 116
Trd, 4319850.643, 111
Trd, 4319850.743, 102
Trd, 4319851.893, 94
Trd, 4319852.693, 94
Trd, 4319852.893, 92
Trd, 4319853.443, 138
Trd, 4319853.543, 132
Trd, 4319854.643, 103
Trd, 4319855.743, 72
Trd, 4319855.893, 115
Trd, 4319856.293, 134
Trd, 4319857.143, 62
Trd, 4319858.993, 63
Trd, 4319862.893, 105
Trd, 4319863.443, 94
Trd, 4319863.593, 83
Trd, 4319863.943, 69
Trd, 4319864.793, 103
Trd, 4319865.193, 129
Trd, 4319865.343, 118
Trd, 4319865.443, 81
Trd, 4319866.093, 74
Trd, 4319866.493, 74
Trd, 4319868.443, 124
Trd, 4319868.843, 109
Trd, 4319869.843, 101
Trd, 4319869.993, 77
Trd, 4319870.993, 120
Trd, 4319871.293, 89
Trd, 4319871.443, 108
Trd, 4319871.993, 62
Trd, 4319873.243, 116
Trd, 4319874.843, 121
Trd, 4319875.543, 118
Trd, 4319875.643, 118
Trd, 4319876.593, 119
Trd, 4319876.643, 115
Trd, 4319877.143, 92
Trd, 4319877.793, 88
Trd, 4319877.993, 134
Trd, 4319878.393, 127
Trd, 4319878.993, 117
Trd, 4319881.993, 111
Trd, 4319882.443, 114
Trd, 4319883.293, 129
Trd, 4319883.593, 127
Trd, 4319883.643, 124
Trd, 4319883.693, 109
Trd, 4319884.293, 123
Trd, 4319885.193, 116
Trd, 4319885.443, 95
Trd, 4319885.843, 80
Trd, 4319887.743, 61
Trd, 4319888.293, 68
Trd, 4319888.643, 64
Trd, 4319889.443, 64
Trd, 4319890.543, 90
Trd, 4319890.843, 60
Trd, 4319891.643, 61
Trd, 4319892.493, 107
Trd, 4319894.543, 118
Trd, 4319894.693, 103
Trd, 4319895.393, 119
Trd, 4319896.793, 115
Trd, 4319897.493, 97
Trd, 4319897.643, 97
Trd, 4319898.993, 86
Trd, 4319899.143, 85
Trd, 4319899.593, 100
Trd, 4319899.943, 120
Trd, 4319901.043, 111
Trd, 4319901.393, 107
Trd, 4319903.393, 128
Trd, 4319903.543, 125
Trd, 4319904.593, 97
Trd, 4319905.443, 132
Trd, 4319906.043, 92
Trd, 4319906.693, 86
Trd, 4319908.493, 129
Trd, 4319909.393, 123
Trd, 4319909.743, 138
Trd, 4319909.893, 134
Trd, 4319910.893, 113
Trd, 4319911.093, 96
Trd, 4319912.093, 98
Trd, 4319912.493, 102
Trd, 4319912.893, 99
Trd, 4319913.193, 113
Trd, 4319913.393, 99
Trd, 4319914.593, 68
Trd, 4319915.593, 100
Trd, 4319917.193, 116
Trd, 4319917.443, 71
Trd, 4319917.693, 66
Trd, 4319918.693, 91
Trd, 4319919.443, 67
Trd, 4319920.193, 66
Trd, 4319921.093, 83
Trd, 4319922.643, 63
Trd, 4319922.993, 75
Trd, 4319923.343, 64
Trd, 4319924.693, 121
Trd, 4319925.293, 71
Trd, 4319925.443, 62
Trd, 4319926.543, 70
Trd, 4319927.093, 61
Trd, 4319927.143, 62
Trd, 4319927.293, 62
Trd, 4319927.693, 105
Trd, 4319928.793, 127
Trd, 4319929.143, 95
Trd, 4319930.343, 89
Trd, 4319930.793, 80
Trd, 4319931.293, 93
Trd, 4319931.643, 80
Trd, 4319932.493, 86
Trd, 4319933.193, 84
Trd, 4319933.493, 87
Trd, 4319934.943, 91
Trd, 4319936.593, 70
Trd, 4319938.393, 61
Trd, 4319938.693, 62
Trd, 4319939.343, 106
Trd, 4319939.843, 109
Trd, 4319940.243, 134
Trd, 4319940.643, 106
Trd, 4319942.043, 131
Trd, 4319942.593, 102
Trd, 4319944.193, 77
Trd, 4319944.243, 69
Trd, 4319945.093, 108
Trd, 4319945.993, 105
Trd, 4319946.793, 125
Trd, 4319946.843, 99
Trd, 4319947.293, 91
Trd, 4319947.643, 114
Trd, 4319948.193, 93
Trd, 4319948.343, 89
Trd, 4319948.493, 86
Trd, 4319950.093, 60
Trd, 4319950.343, 62
Trd, 4319950.643, 76
Trd, 4319951.643, 83
Trd, 4319953.443, 75
Trd, 4319954.293, 120
Trd, 4319954.643, 115
Trd, 4319954.693, 71
Trd, 4319955.243, 75
Trd, 4319955.643, 78
Trd, 4319955.943, 71
Trd, 4319956.193, 70
Trd, 4319957.593, 65
Trd, 4319957.993, 113
Trd, 4319958.693, 136
Trd, 4319959.093, 112
Trd, 4319959.793, 99
Trd, 4319961.593, 98
Trd, 4319962.543, 79
Trd, 4319962.743, 74
Trd, 4319964.243, 111
Trd, 4319965.543, 124
Trd, 4319965.843, 87
Trd, 4319966.093, 69
Trd, 4319966.343, 101
Trd, 4319966.843, 138
Trd, 4319966.993, 120
Trd, 4319967.393, 124
Trd, 4319968.293, 114
Trd, 4319968.593, 113
Trd, 4319969.243, 112
Trd, 4319969.693, 112
Trd, 4319970.793, 136
Trd, 4319971.243, 112
Trd, 4319971.893, 109
Trd, 4319972.843, 86
Trd, 4319973.043, 100
Trd, 4319973.643, 87
Trd, 4319973.943, 62
Trd, 4319974.543, 93
Trd, 4319974.593, 87
Trd, 4319976.393, 137
Trd, 4319976.443, 98
Trd, 4319976.593, 98
Trd, 4319978.193, 132
Trd, 4319978.393, 129
Trd, 4319978.493, 128
Trd, 4319979.443, 93
Trd, 4319980.593, 91
Trd, 4319981.943, 78
Trd, 4319982.693, 115
Trd, 4319983.493, 93
Trd, 4319984.693, 126
Trd, 4319984.993, 125
Trd, 4319985.193, 106
Trd, 4319985.993, 110
Trd, 4319986.443, 82
Trd, 4319986.493, 73
Trd, 4319987.743, 108
Trd, 4319989.643, 105
Trd, 4319989.743, 104
Trd, 4319991.443, 62
Trd, 4319991.493, 81
Trd, 4319991.643, 86
Trd, 4319992.043, 82
Trd, 4319992.143, 90
Trd, 4319992.943, 67
Trd, 4319994.393, 61
Trd, 4319995.643, 66
Trd, 4319996.143, 61
Trd, 4319997.593, 60
Trd, 4319997.693, 60
Trd, 4319999.593, 89
