Trd, 4318106.043, 71
Trd, 4318106.893, 77
Trd, 4318107.293, 117
Trd, 4318107.443, 103
Trd, 4318108.043, 63
Trd, 4318109.543, 135
Trd, 4318110.843, 124
Trd, 4318111.043, 123
Trd, 4318111.693, 124
Trd, 4318111.993, 113
Trd, 4318112.943, 85
Trd, 4318113.493, 66
Trd, 4318113.943, 73
Trd, 4318115.293, 136
Trd, 4318116.993, 74
Trd, 4318117.343, 64
Trd, 4318117.493, 121
Trd, 4318119.443, 75
Trd, 4318119.843, 108
Trd, 4318121.043, 106
Trd, 4318121.943, 77
Trd, 4318122.793, 111
Trd, 4318123.093, 131
Trd, 4318124.293, 120
Trd, 4318124.743, 128
Trd, 4318125.443, 87
Trd, 4318125.593, 84
Trd, 4318127.143, 134
Trd, 4318128.993, 134
Trd, 4318129.843, 139
Trd, 4318129.993, 133
Trd, 4318130.443, 98
Trd, 4318130.893, 91
Trd, 4318131.093, 138
Trd, 4318132.243, 131
Trd, 4318132.543, 115
Trd, 4318135.043, 115
Trd, 4318137.093, 120
Trd, 4318137.243, 118
Trd, 4318137.993, 119
Trd, 4318138.293, 112
Trd, 4318139.093, 139
Trd, 4318139.243, 129
Trd, 4318139.393, 129
Trd, 4318141.093, 117
Trd, 4318141.943, 93
Trd, 4318142.893, 110
Trd, 4318143.293, 117
Trd, 4318143.993, 137
Trd, 4318144.043, 109
Trd, 4318145.043, 115
Trd, 4318145.493, 130
Trd, 4318146.193, 102
Trd, 4318147.343, 100
Trd, 4318148.243, 135
Trd, 4318148.793, 135
Trd, 4318148.993, 116
Trd, 4318149.043, 96
Trd, 4318150.793, 110
Trd, 4318151.443, 102
Trd, 4318151.843, 127
Trd, 4318151.993, 111
Trd, 4318153.693, 105
Trd, 4318153.993, 97
Trd, 4318154.093, 97
Trd, 4318155.893, 140
Trd, 4318156.243, 132
Trd, 4318156.593, 123
Trd, 4318156.893, 120
Trd, 4318157.243, 118
Trd, 4318157.543, 112
Trd, 4318158.493, 105
Trd, 4318158.743, 124
Trd, 4318162.243, 128
Trd, 4318163.693, 108
Trd, 4318164.043, 97
Trd, 4318164.493, 119
Trd, 4318164.743, 95
Trd, 4318165.593, 126
Trd, 4318167.043, 95
Trd, 4318167.243, 94
Trd, 4318167.343, 112
Trd, 4318167.793, 134
Trd, 4318168.093, 123
Trd, 4318169.093, 101
Trd, 4318169.393, 112
Trd, 4318169.893, 98
Trd, 4318170.543, 115
Trd, 4318171.143, 74
Trd, 4318172.293, 138
Trd, 4318174.093, 128
Trd, 4318174.843, 126
Trd, 4318175.193, 126
Trd, 4318175.793, 110
Trd, 4318177.043, 104
Trd, 4318177.943, 131
Trd, 4318178.393, 90
Trd, 4318178.793, 96
Trd, 4318179.393, 85
Trd, 4318180.993, 131
Trd, 4318181.093, 113
Trd, 4318181.293, 101
Trd, 4318181.993, 102
Trd, 4318183.443, 134
Trd, 4318184.193, 84
Trd, 4318184.593, 82
Trd, 4318185.293, 65
Trd, 4318185.743, 68
Trd, 4318186.193, 93
Trd, 4318186.493, 82
Trd, 4318187.093, 75
Trd, 4318188.693, 86
Trd, 4318189.793, 105
Trd, 4318190.193, 132
Trd, 4318191.743, 118
Trd, 4318191.793, 118
Trd, 4318193.343, 92
Trd, 4318194.543, 111
Trd, 4318195.043, 125
Trd, 4318195.593, 132
Trd, 4318195.993, 120
Trd, 4318196.243, 83
Trd, 4318197.843, 109
Trd, 4318198.143, 135
Trd, 4318199.793, 110
Trd, 4318200.143, 136
Trd, 4318200.593, 117
Trd, 4318200.843, 108
Trd, 4318201.293, 116
Trd, 4318201.993, 100
Trd, 4318202.793, 78
Trd, 4318203.843, 118
Trd, 4318204.393, 121
Trd, 4318205.443, 140
Trd, 4318205.693, 131
Trd, 4318205.843, 123
Trd, 4318207.693, 125
Trd, 4318208.343, 118
Trd, 4318209.093, 137
Trd, 4318209.343, 117
Trd, 4318209.843, 105
Trd, 4318210.243, 95
Trd, 4318211.243, 135
Trd, 4318212.093, 113
Trd, 4318214.593, 76
Trd, 4318214.643, 97
Trd, 4318215.443, 116
Trd, 4318215.643, 132
Trd, 4318218.593, 134
Trd, 4318219.743, 115
Trd, 4318219.793, 106
Trd, 4318220.193, 133
Trd, 4318220.843, 115
Trd, 4318221.493, 120
Trd, 4318223.243, 127
Trd, 4318223.493, 122
Trd, 4318224.843, 130
Trd, 4318224.943, 112
Trd, 4318225.143, 106
Trd, 4318225.293, 95
Trd, 4318225.643, 128
Trd, 4318226.143, 133
Trd, 4318226.743, 130
Trd, 4318228.193, 118
Trd, 4318229.093, 125
Trd, 4318229.143, 116
Trd, 4318229.643, 133
Trd, 4318230.943, 118
Trd, 4318230.993, 110
Trd, 4318232.993, 136
Trd, 4318233.643, 119
Trd, 4318233.743, 109
Trd, 4318234.843, 118
Trd, 4318234.943, 105
Trd, 4318235.243, 97
Trd, 4318235.643, 95
Trd, 4318238.393, 64
Trd, 4318238.793, 86
Trd, 4318239.293, 95
Trd, 4318239.593, 80
Trd, 4318240.543, 116
Trd, 4318240.593, 93
Trd, 4318241.293, 139
Trd, 4318242.143, 97
Trd, 4318245.193, 130
Trd, 4318246.243, 126
Trd, 4318246.893, 138
Trd, 4318247.343, 136
Trd, 4318247.643, 124
Trd, 4318247.693, 115
Trd, 4318249.693, 129
Trd, 4318250.893, 127
Trd, 4318251.993, 119
Trd, 4318254.093, 133
Trd, 4318254.293, 113
Trd, 4318255.493, 99
Trd, 4318255.893, 117
Trd, 4318256.243, 107
Trd, 4318256.643, 138
Trd, 4318257.293, 116
Trd, 4318257.493, 110
Trd, 4318258.393, 113
Trd, 4318259.443, 93
Trd, 4318260.293, 109
Trd, 4318261.343, 131
Trd, 4318261.643, 109
Trd, 4318262.543, 89
Trd, 4318263.543, 125
Trd, 4318263.743, 118
Trd, 4318265.043, 118
Trd, 4318265.193, 106
Trd, 4318265.843, 122
Trd, 4318266.393, 136
Trd, 4318267.093, 132
Trd, 4318269.343, 114
Trd, 4318271.393, 128
Trd, 4318271.943, 123
Trd, 4318272.493, 126
Trd, 4318272.743, 125
Trd, 4318274.593, 139
Trd, 4318274.693, 134
Trd, 4318274.943, 120
Trd, 4318276.093, 112
Trd, 4318276.193, 106
Trd, 4318277.393, 140
Trd, 4318277.493, 140
Trd, 4318277.943, 127
Trd, 4318278.393, 107
Trd, 4318279.243, 129
Trd, 4318279.893, 87
Trd, 4318280.243, 113
Trd, 4318280.543, 130
Trd, 4318281.093, 120
Trd, 4318282.043, 92
Trd, 4318282.543, 98
Trd, 4318283.643, 111
Trd, 4318284.143, 111
Trd, 4318284.993, 116
Trd, 4318286.593, 132
Trd, 4318287.193, 113
Trd, 4318288.543, 104
Trd, 4318288.743, 91
Trd, 4318289.193, 105
Trd, 4318290.193, 133
Trd, 4318290.743, 131
Trd, 4318290.793, 112
Trd, 4318291.143, 112
Trd, 4318291.343, 107
Trd, 4318294.093, 111
Trd, 4318294.443, 94
Trd, 4318294.893, 102
Trd, 4318295.143, 138
Trd, 4318296.293, 96
Trd, 4318296.343, 91
Trd, 4318296.493, 75
Trd, 4318296.593, 65
Trd, 4318298.693, 69
Trd, 4318299.793, 130
Trd, 4318300.393, 139
Trd, 4318300.693, 111
Trd, 4318302.143, 125
Trd, 4318302.693, 121
Trd, 4318302.793, 107
Trd, 4318303.043, 130
Trd, 4318304.843, 130
Trd, 4318306.243, 110
Trd, 4318306.843, 111
Trd, 4318307.243, 99
Trd, 4318307.943, 115
Trd, 4318308.343, 108
Trd, 4318309.693, 101
Trd, 4318309.743, 118
Trd, 4318310.093, 121
Trd, 4318311.243, 103
Trd, 4318312.393, 130
Trd, 4318313.093, 93
Trd, 4318313.793, 120
Trd, 4318314.093, 82
Trd, 4318314.593, 86
Trd, 4318315.693, 110
Trd, 4318316.443, 90
Trd, 4318316.743, 93
Trd, 4318317.543, 130
Trd, 4318318.293, 140
Trd, 4318318.643, 79
Trd, 4318319.943, 73
Trd, 4318320.243, 95
Trd, 4318321.593, 102
Trd, 4318322.543, 139
Trd, 4318322.693, 115
Trd, 4318323.643, 140
Trd, 4318324.843, 135
Trd, 4318325.493, 102
Trd, 4318326.093, 118
Trd, 4318326.393, 117
Trd, 4318327.043, 114
Trd, 4318327.893, 112
Trd, 4318328.893, 111
Trd, 4318329.793, 103
Trd, 4318330.593, 98
Trd, 4318331.443, 139
Trd, 4318332.243, 139
Trd, 4318333.443, 119
Trd, 4318333.543, 110
Trd, 4318333.743, 100
Trd, 4318333.793, 113
Trd, 4318335.593, 121
Trd, 4318335.893, 139
Trd, 4318336.843, 117
Trd, 4318336.943, 107
Trd, 4318338.943, 98
Trd, 4318339.043, 107
Trd, 4318339.193, 93
Trd, 4318339.443, 96
Trd, 4318341.893, 103
Trd, 4318342.043, 115
Trd, 4318342.343, 89
Trd, 4318343.743, 115
Trd, 4318345.243, 130
Trd, 4318345.493, 115
Trd, 4318345.893, 101
Trd, 4318348.243, 139
Trd, 4318348.693, 138
Trd, 4318349.093, 123
Trd, 4318349.243, 120
Trd, 4318350.243, 124
Trd, 4318351.043, 94
Trd, 4318351.093, 74
Trd, 4318352.093, 114
Trd, 4318353.293, 121
Trd, 4318353.393, 102
Trd, 4318354.793, 136
Trd, 4318354.893, 134
Trd, 4318355.443, 134
Trd, 4318356.043, 124
Trd, 4318356.243, 126
Trd, 4318356.593, 115
Trd, 4318357.493, 98
Trd, 4318358.393, 124
Trd, 4318360.393, 110
Trd, 4318360.443, 97
Trd, 4318361.293, 105
Trd, 4318361.493, 84
Trd, 4318362.093, 68
Trd, 4318362.643, 95
Trd, 4318362.693, 102
Trd, 4318363.293, 104
Trd, 4318365.293, 115
Trd, 4318365.643, 140
Trd, 4318365.843, 118
Trd, 4318366.893, 139
Trd, 4318367.743, 100
Trd, 4318369.043, 131
Trd, 4318371.793, 132
Trd, 4318371.843, 128
Trd, 4318373.493, 140
Trd, 4318373.793, 135
Trd, 4318374.043, 114
Trd, 4318374.593, 113
Trd, 4318375.293, 134
Trd, 4318375.893, 129
Trd, 4318377.543, 116
Trd, 4318378.443, 133
Trd, 4318380.143, 114
Trd, 4318380.343, 88
Trd, 4318380.893, 120
Trd, 4318381.143, 111
Trd, 4318381.243, 107
Trd, 4318381.543, 102
Trd, 4318383.443, 133
Trd, 4318383.593, 119
Trd, 4318383.943, 88
Trd, 4318384.793, 92
Trd, 4318385.193, 83
Trd, 4318386.143, 93
Trd, 4318386.493, 99
Trd, 4318386.693, 114
Trd, 4318387.193, 128
Trd, 4318388.143, 75
Trd, 4318389.743, 125
Trd, 4318390.693, 140
Trd, 4318391.093, 137
Trd, 4318391.293, 135
Trd, 4318391.343, 119
Trd, 4318391.993, 135
Trd, 4318393.793, 131
Trd, 4318394.993, 135
Trd, 4318395.443, 119
Trd, 4318395.543, 110
Trd, 4318395.793, 138
Trd, 4318396.643, 112
Trd, 4318397.593, 91
Trd, 4318398.343, 120
Trd, 4318399.343, 108
Trd, 4318400.043, 108
Trd, 4318400.993, 126
Trd, 4318401.643, 117
Trd, 4318402.743, 132
Trd, 4318404.543, 129
Trd, 4318404.693, 106
Trd, 4318405.043, 97
Trd, 4318405.193, 74
Trd, 4318405.893, 103
Trd, 4318407.093, 121
Trd, 4318407.643, 122
Trd, 4318409.243, 108
Trd, 4318409.843, 113
Trd, 4318410.343, 136
Trd, 4318411.093, 116
Trd, 4318411.643, 102
Trd, 4318411.943, 117
Trd, 4318413.743, 86
Trd, 4318414.343, 104
Trd, 4318414.493, 78
Trd, 4318415.293, 131
Trd, 4318416.193, 102
Trd, 4318416.443, 82
Trd, 4318416.543, 121
Trd, 4318418.993, 101
Trd, 4318419.093, 97
Trd, 4318419.243, 90
Trd, 4318419.693, 139
Trd, 4318420.843, 117
Trd, 4318421.343, 98
Trd, 4318421.443, 85
Trd, 4318423.093, 69
Trd, 4318423.893, 121
Trd, 4318423.943, 134
Trd, 4318424.193, 95
Trd, 4318424.693, 122
Trd, 4318425.343, 138
Trd, 4318426.243, 139
Trd, 4318426.493, 135
Trd, 4318427.243, 115
Trd, 4318427.643, 126
Trd, 4318428.043, 119
Trd, 4318428.693, 111
Trd, 4318429.893, 106
Trd, 4318430.993, 137
Trd, 4318431.143, 127
Trd, 4318431.593, 123
Trd, 4318433.243, 131
Trd, 4318433.643, 113
Trd, 4318433.943, 112
Trd, 4318434.193, 107
Trd, 4318434.343, 98
Trd, 4318434.893, 94
Trd, 4318435.093, 114
Trd, 4318435.543, 84
Trd, 4318436.543, 138
Trd, 4318437.093, 113
Trd, 4318437.143, 101
Trd, 4318437.443, 113
Trd, 4318438.243, 109
Trd, 4318439.943, 103
Trd, 4318441.243, 136
Trd, 4318442.293, 79
Trd, 4318442.543, 106
Trd, 4318442.843, 133
Trd, 4318443.093, 135
Trd, 4318444.243, 90
Trd, 4318444.493, 86
Trd, 4318444.693, 81
Trd, 4318445.143, 89
Trd, 4318445.443, 82
Trd, 4318446.093, 68
Trd, 4318446.893, 114
Trd, 4318447.443, 130
Trd, 4318447.843, 133
Trd, 4318448.743, 133
Trd, 4318450.193, 86
Trd, 4318450.543, 131
Trd, 4318450.693, 83
Trd, 4318450.793, 88
Trd, 4318452.693, 119
Trd, 4318454.143, 110
Trd, 4318454.343, 93
Trd, 4318454.943, 92
Trd, 4318455.343, 93
Trd, 4318455.443, 82
Trd, 4318456.843, 97
Trd, 4318457.543, 106
Trd, 4318458.393, 73
Trd, 4318458.843, 101
Trd, 4318459.543, 85
Trd, 4318459.693, 87
Trd, 4318460.143, 117
Trd, 4318460.793, 132
Trd, 4318462.493, 125
Trd, 4318464.093, 126
Trd, 4318464.443, 126
Trd, 4318464.493, 108
Trd, 4318464.743, 138
Trd, 4318465.593, 99
Trd, 4318465.993, 71
Trd, 4318466.143, 77
Trd, 4318466.393, 119
Trd, 4318466.643, 110
Trd, 4318468.693, 138
Trd, 4318469.143, 128
Trd, 4318469.393, 125
Trd, 4318469.893, 116
Trd, 4318470.443, 101
Trd, 4318470.593, 93
Trd, 4318471.043, 93
Trd, 4318471.993, 73
Trd, 4318472.793, 96
Trd, 4318473.993, 124
Trd, 4318474.043, 114
Trd, 4318475.493, 133
Trd, 4318475.793, 128
Trd, 4318477.393, 138
Trd, 4318477.793, 112
Trd, 4318478.093, 115
Trd, 4318480.993, 126
Trd, 4318481.043, 109
Trd, 4318482.293, 133
Trd, 4318483.093, 131
Trd, 4318483.643, 115
Trd, 4318484.443, 123
Trd, 4318484.493, 115
Trd, 4318484.743, 103
Trd, 4318485.843, 92
Trd, 4318485.893, 101
Trd, 4318486.493, 84
Trd, 4318486.543, 101
Trd, 4318486.693, 76
Trd, 4318486.993, 130
Trd, 4318489.093, 111
Trd, 4318489.943, 135
Trd, 4318490.593, 123
Trd, 4318491.043, 119
Trd, 4318491.443, 140
Trd, 4318491.993, 113
Trd, 4318492.243, 104
Trd, 4318493.943, 116
Trd, 4318494.043, 111
Trd, 4318495.093, 116
Trd, 4318495.143, 96
Trd, 4318495.993, 98
Trd, 4318497.743, 128
Trd, 4318497.843, 89
Trd, 4318498.493, 79
Trd, 4318499.343, 135
Trd, 4318499.443, 117
Trd, 4318499.743, 95
Trd, 4318500.743, 84
Trd, 4318501.293, 123
Trd, 4318502.393, 121
Trd, 4318503.293, 60
Trd, 4318504.843, 79
Trd, 4318506.893, 88
Trd, 4318508.393, 122
Trd, 4318509.143, 105
Trd, 4318509.393, 98
Trd, 4318510.043, 121
Trd, 4318510.393, 91
Trd, 4318510.843, 105
Trd, 4318512.043, 130
Trd, 4318513.043, 93
Trd, 4318514.193, 98
Trd, 4318516.143, 138
Trd, 4318516.243, 121
Trd, 4318517.243, 125
Trd, 4318517.893, 124
Trd, 4318518.143, 123
Trd, 4318518.493, 105
Trd, 4318518.693, 105
Trd, 4318519.093, 116
Trd, 4318519.343, 86
Trd, 4318520.543, 134
Trd, 4318521.843, 130
Trd, 4318522.893, 122
Trd, 4318523.093, 125
Trd, 4318525.143, 132
Trd, 4318525.443, 104
Trd, 4318526.643, 109
Trd, 4318526.843, 125
Trd, 4318527.593, 66
Trd, 4318528.093, 79
Trd, 4318528.143, 102
Trd, 4318529.193, 115
Trd, 4318531.543, 137
Trd, 4318532.893, 140
Trd, 4318533.193, 125
Trd, 4318533.343, 112
Trd, 4318534.343, 125
Trd, 4318534.993, 139
Trd, 4318536.343, 121
Trd, 4318536.643, 118
Trd, 4318537.393, 99
Trd, 4318537.843, 87
Trd, 4318538.943, 87
Trd, 4318539.643, 76
Trd, 4318539.893, 105
Trd, 4318540.443, 68
Trd, 4318540.493, 88
Trd, 4318541.793, 118
Trd, 4318542.793, 109
Trd, 4318543.043, 108
Trd, 4318543.143, 94
Trd, 4318543.543, 96
Trd, 4318544.243, 140
Trd, 4318544.943, 123
Trd, 4318545.543, 113
Trd, 4318545.593, 68
Trd, 4318547.743, 66
Trd, 4318547.943, 74
Trd, 4318552.243, 140
Trd, 4318552.393, 139
Trd, 4318552.543, 73
Trd, 4318554.443, 125
Trd, 4318554.893, 129
Trd, 4318555.193, 115
Trd, 4318555.443, 90
Trd, 4318555.593, 63
Trd, 4318556.843, 99
Trd, 4318557.443, 100
Trd, 4318558.143, 92
Trd, 4318558.443, 85
Trd, 4318559.593, 101
Trd, 4318560.643, 105
Trd, 4318561.693, 112
Trd, 4318563.193, 139
Trd, 4318563.793, 125
Trd, 4318565.543, 137
Trd, 4318565.743, 116
Trd, 4318566.293, 117
Trd, 4318567.643, 130
Trd, 4318568.193, 128
Trd, 4318569.143, 112
Trd, 4318569.193, 109
Trd, 4318569.743, 134
Trd, 4318569.893, 135
Trd, 4318571.593, 136
Trd, 4318571.793, 129
Trd, 4318572.193, 111
Trd, 4318572.943, 118
Trd, 4318572.993, 101
Trd, 4318573.743, 123
Trd, 4318574.943, 124
Trd, 4318576.443, 127
Trd, 4318578.243, 139
Trd, 4318578.343, 139
Trd, 4318578.693, 140
Trd, 4318578.743, 126
Trd, 4318579.093, 101
Trd, 4318579.293, 88
Trd, 4318579.993, 92
Trd, 4318580.793, 67
Trd, 4318581.493, 95
Trd, 4318582.193, 61
Trd, 4318583.493, 102
Trd, 4318583.543, 93
Trd, 4318584.593, 136
Trd, 4318584.793, 118
Trd, 4318584.893, 99
Trd, 4318586.443, 102
Trd, 4318587.543, 134
Trd, 4318587.643, 114
Trd, 4318587.793, 102
Trd, 4318588.193, 135
Trd, 4318588.593, 129
Trd, 4318589.093, 116
Trd, 4318590.093, 135
Trd, 4318591.093, 115
Trd, 4318591.443, 61
Trd, 4318592.393, 87
Trd, 4318592.943, 108
Trd, 4318594.093, 136
Trd, 4318594.543, 101
Trd, 4318595.893, 139
Trd, 4318595.993, 100
Trd, 4318596.793, 73
Trd, 4318597.093, 83
Trd, 4318598.193, 105
Trd, 4318598.343, 88
Trd, 4318599.893, 111
Trd, 4318600.093, 107
Trd, 4318600.293, 121
Trd, 4318601.193, 116
Trd, 4318602.343, 101
Trd, 4318602.593, 93
Trd, 4318602.843, 87
Trd, 4318603.193, 97
Trd, 4318604.193, 122
Trd, 4318605.993, 114
Trd, 4318606.443, 100
Trd, 4318607.143, 133
Trd, 4318608.043, 118
Trd, 4318609.343, 118
Trd, 4318610.093, 135
Trd, 4318611.943, 127
Trd, 4318612.693, 140
Trd, 4318612.793, 137
Trd, 4318613.093, 131
Trd, 4318613.943, 130
Trd, 4318614.493, 131
Trd, 4318614.993, 108
Trd, 4318615.793, 103
Trd, 4318616.693, 127
Trd, 4318616.793, 110
Trd, 4318617.393, 81
Trd, 4318620.393, 121
Trd, 4318621.443, 116
Trd, 4318622.143, 101
Trd, 4318622.693, 94
Trd, 4318622.893, 87
Trd, 4318624.193, 137
Trd, 4318626.143, 139
Trd, 4318626.293, 139
Trd, 4318626.543, 122
Trd, 4318626.993, 121
Trd, 4318627.343, 119
Trd, 4318628.093, 132
Trd, 4318628.543, 106
Trd, 4318628.943, 129
Trd, 4318631.093, 140
Trd, 4318631.843, 138
Trd, 4318633.043, 135
Trd, 4318633.943, 103
Trd, 4318634.043, 107
Trd, 4318634.293, 101
Trd, 4318634.643, 95
Trd, 4318636.693, 80
Trd, 4318636.743, 72
Trd, 4318637.693, 131
Trd, 4318639.243, 139
Trd, 4318640.193, 137
Trd, 4318641.393, 124
Trd, 4318642.093, 123
Trd, 4318642.593, 104
Trd, 4318642.793, 99
Trd, 4318643.043, 82
Trd, 4318644.843, 129
Trd, 4318645.743, 103
Trd, 4318647.343, 89
Trd, 4318647.843, 137
Trd, 4318648.593, 133
Trd, 4318648.743, 81
Trd, 4318650.343, 134
Trd, 4318650.393, 132
Trd, 4318651.893, 114
Trd, 4318652.743, 112
Trd, 4318653.743, 96
Trd, 4318653.793, 93
Trd, 4318654.343, 132
Trd, 4318655.143, 137
Trd, 4318656.043, 134
Trd, 4318658.043, 132
Trd, 4318658.093, 120
Trd, 4318658.593, 133
Trd, 4318659.443, 97
Trd, 4318660.343, 128
Trd, 4318660.493, 123
Trd, 4318661.843, 130
Trd, 4318663.093, 135
Trd, 4318665.443, 139
Trd, 4318665.593, 126
Trd, 4318666.643, 138
Trd, 4318666.893, 131
Trd, 4318667.143, 123
Trd, 4318667.493, 140
Trd, 4318667.993, 112
Trd, 4318668.893, 130
Trd, 4318670.293, 139
Trd, 4318670.343, 106
Trd, 4318672.543, 138
Trd, 4318673.143, 137
Trd, 4318674.443, 131
Trd, 4318674.693, 125
Trd, 4318675.143, 114
Trd, 4318675.643, 126
Trd, 4318679.093, 123
Trd, 4318679.143, 116
Trd, 4318679.343, 107
Trd, 4318679.493, 106
Trd, 4318679.993, 128
Trd, 4318682.193, 134
Trd, 4318683.143, 134
Trd, 4318683.193, 130
Trd, 4318683.693, 111
Trd, 4318683.993, 115
Trd, 4318684.043, 96
Trd, 4318684.743, 112
Trd, 4318685.593, 109
Trd, 4318685.793, 103
Trd, 4318686.793, 116
Trd, 4318686.993, 110
Trd, 4318687.793, 102
Trd, 4318688.593, 138
Trd, 4318689.843, 113
Trd, 4318691.193, 122
Trd, 4318693.043, 132
Trd, 4318693.593, 138
Trd, 4318693.843, 120
Trd, 4318694.093, 109
Trd, 4318694.193, 99
Trd, 4318695.843, 85
Trd, 4318696.743, 80
Trd, 4318696.943, 86
Trd, 4318697.393, 86
Trd, 4318697.793, 122
Trd, 4318698.743, 86
Trd, 4318699.043, 134
Trd, 4318699.993, 88
Trd, 4318701.143, 139
Trd, 4318701.293, 88
Trd, 4318702.293, 139
Trd, 4318702.893, 115
Trd, 4318703.993, 98
Trd, 4318704.743, 112
Trd, 4318704.943, 79
Trd, 4318705.093, 69
Trd, 4318706.743, 78
Trd, 4318706.943, 88
Trd, 4318707.043, 110
Trd, 4318708.143, 104
Trd, 4318709.643, 106
Trd, 4318709.943, 96
Trd, 4318711.193, 92
Trd, 4318713.193, 124
Trd, 4318714.193, 112
Trd, 4318715.843, 134
Trd, 4318715.943, 125
Trd, 4318716.293, 112
Trd, 4318717.093, 138
Trd, 4318718.043, 133
Trd, 4318718.343, 112
Trd, 4318719.393, 100
Trd, 4318720.043, 95
Trd, 4318721.543, 115
Trd, 4318722.293, 111
Trd, 4318722.643, 84
Trd, 4318723.243, 94
Trd, 4318723.343, 105
Trd, 4318723.693, 80
Trd, 4318725.793, 101
Trd, 4318726.793, 121
Trd, 4318727.493, 118
Trd, 4318728.643, 113
Trd, 4318729.593, 108
Trd, 4318729.693, 107
Trd, 4318730.093, 106
Trd, 4318730.293, 106
Trd, 4318731.443, 130
Trd, 4318731.493, 112
Trd, 4318731.893, 100
Trd, 4318733.193, 88
Trd, 4318734.443, 123
Trd, 4318734.593, 137
Trd, 4318736.443, 140
Trd, 4318736.593, 115
Trd, 4318736.643, 98
Trd, 4318737.343, 116
Trd, 4318737.393, 84
Trd, 4318737.843, 127
Trd, 4318737.893, 64
Trd, 4318739.643, 111
Trd, 4318740.043, 113
Trd, 4318741.643, 98
Trd, 4318742.543, 125
Trd, 4318743.343, 98
Trd, 4318743.643, 114
Trd, 4318744.443, 135
Trd, 4318745.443, 132
Trd, 4318746.593, 104
Trd, 4318748.043, 95
Trd, 4318748.093, 98
Trd, 4318748.243, 90
Trd, 4318749.443, 113
Trd, 4318749.593, 127
Trd, 4318750.543, 100
Trd, 4318750.943, 100
Trd, 4318753.793, 104
Trd, 4318754.143, 138
Trd, 4318755.293, 120
Trd, 4318755.493, 125
Trd, 4318755.593, 99
Trd, 4318755.993, 96
Trd, 4318757.493, 137
Trd, 4318757.693, 132
Trd, 4318757.743, 123
Trd, 4318759.643, 128
Trd, 4318760.943, 132
Trd, 4318763.393, 121
Trd, 4318763.643, 124
Trd, 4318763.943, 114
Trd, 4318764.343, 106
Trd, 4318764.393, 95
Trd, 4318764.893, 95
Trd, 4318765.043, 71
Trd, 4318766.693, 127
Trd, 4318767.393, 135
Trd, 4318767.643, 119
Trd, 4318767.693, 98
Trd, 4318769.493, 88
Trd, 4318770.293, 126
Trd, 4318771.143, 134
Trd, 4318772.293, 138
Trd, 4318773.343, 117
Trd, 4318774.593, 98
Trd, 4318774.993, 95
Trd, 4318775.643, 93
Trd, 4318776.243, 102
Trd, 4318777.293, 138
Trd, 4318777.593, 128
Trd, 4318777.893, 114
Trd, 4318780.343, 130
Trd, 4318781.443, 124
Trd, 4318781.493, 119
Trd, 4318782.043, 102
Trd, 4318782.243, 102
Trd, 4318782.293, 75
Trd, 4318783.693, 138
Trd, 4318783.893, 130
Trd, 4318785.043, 123
Trd, 4318786.143, 131
Trd, 4318786.293, 112
Trd, 4318786.943, 110
Trd, 4318787.593, 108
Trd, 4318789.093, 120
Trd, 4318790.143, 133
Trd, 4318790.743, 139
Trd, 4318790.843, 121
Trd, 4318791.293, 93
Trd, 4318792.093, 99
Trd, 4318792.743, 110
Trd, 4318794.043, 123
Trd, 4318794.793, 128
Trd, 4318795.693, 121
Trd, 4318796.393, 105
Trd, 4318797.393, 94
Trd, 4318798.643, 100
Trd, 4318799.543, 128
Trd, 4318799.693, 115
Trd, 4318799.993, 138
Trd, 4318800.093, 128
Trd, 4318802.243, 138
Trd, 4318802.843, 106
Trd, 4318802.943, 133
Trd, 4318803.693, 119
Trd, 4318804.443, 138
Trd, 4318805.593, 137
Trd, 4318807.193, 127
Trd, 4318807.393, 113
Trd, 4318808.343, 104
Trd, 4318809.243, 131
Trd, 4318809.593, 122
Trd, 4318809.743, 118
Trd, 4318810.693, 137
Trd, 4318810.793, 123
Trd, 4318812.193, 114
Trd, 4318812.743, 121
Trd, 4318813.143, 118
Trd, 4318813.543, 138
Trd, 4318815.143, 97
Trd, 4318816.143, 102
Trd, 4318816.343, 94
Trd, 4318818.143, 136
Trd, 4318818.193, 126
Trd, 4318818.943, 121
Trd, 4318819.993, 70
Trd, 4318820.093, 100
Trd, 4318820.293, 96
Trd, 4318822.843, 133
Trd, 4318823.243, 140
Trd, 4318823.293, 121
Trd, 4318823.693, 115
Trd, 4318824.443, 96
Trd, 4318825.043, 116
Trd, 4318825.293, 99
Trd, 4318825.893, 102
Trd, 4318826.293, 104
Trd, 4318826.693, 70
Trd, 4318827.593, 114
Trd, 4318829.093, 118
Trd, 4318829.243, 114
Trd, 4318830.043, 119
Trd, 4318830.443, 135
Trd, 4318830.693, 106
Trd, 4318832.143, 100
Trd, 4318833.243, 131
Trd, 4318833.293, 115
Trd, 4318833.793, 105
Trd, 4318834.193, 130
Trd, 4318835.493, 140
Trd, 4318836.393, 137
Trd, 4318836.743, 119
Trd, 4318837.243, 121
Trd, 4318838.593, 126
Trd, 4318839.243, 123
Trd, 4318840.093, 112
Trd, 4318840.543, 121
Trd, 4318840.943, 134
Trd, 4318842.943, 130
Trd, 4318843.143, 126
Trd, 4318843.993, 117
Trd, 4318844.293, 97
Trd, 4318844.493, 95
Trd, 4318845.143, 119
Trd, 4318846.043, 122
Trd, 4318847.543, 137
Trd, 4318848.043, 136
Trd, 4318849.693, 138
Trd, 4318850.043, 138
Trd, 4318850.093, 127
Trd, 4318851.843, 125
Trd, 4318852.143, 117
Trd, 4318852.193, 101
Trd, 4318852.243, 96
Trd, 4318853.443, 130
Trd, 4318854.393, 94
Trd, 4318855.893, 136
Trd, 4318856.093, 129
Trd, 4318856.743, 130
Trd, 4318856.893, 112
Trd, 4318859.293, 133
Trd, 4318859.793, 133
Trd, 4318860.293, 120
Trd, 4318860.793, 105
Trd, 4318861.693, 114
Trd, 4318863.243, 106
Trd, 4318863.443, 88
Trd, 4318863.893, 138
Trd, 4318864.093, 110
Trd, 4318864.593, 120
Trd, 4318865.293, 115
Trd, 4318865.993, 132
Trd, 4318866.743, 124
Trd, 4318867.593, 108
Trd, 4318867.993, 97
Trd, 4318868.493, 120
Trd, 4318869.143, 125
Trd, 4318869.943, 80
Trd, 4318870.693, 84
Trd, 4318871.243, 121
Trd, 4318872.143, 71
Trd, 4318872.893, 93
Trd, 4318874.043, 133
Trd, 4318874.293, 137
Trd, 4318874.843, 82
Trd, 4318874.893, 110
Trd, 4318875.743, 130
Trd, 4318876.043, 136
Trd, 4318877.143, 97
Trd, 4318877.843, 98
Trd, 4318878.493, 130
Trd, 4318880.243, 113
Trd, 4318880.543, 109
Trd, 4318881.243, 129
Trd, 4318881.593, 124
Trd, 4318882.393, 96
Trd, 4318883.293, 99
Trd, 4318883.843, 96
Trd, 4318885.693, 137
Trd, 4318887.193, 136
Trd, 4318887.443, 137
Trd, 4318888.943, 134
Trd, 4318888.993, 120
Trd, 4318889.193, 118
Trd, 4318889.343, 101
Trd, 4318890.143, 111
Trd, 4318890.443, 86
Trd, 4318891.043, 103
Trd, 4318891.593, 132
Trd, 4318892.093, 120
Trd, 4318892.493, 129
Trd, 4318893.893, 112
Trd, 4318894.993, 120
Trd, 4318895.343, 111
Trd, 4318895.393, 82
Trd, 4318896.643, 70
Trd, 4318897.743, 93
Trd, 4318898.493, 134
Trd, 4318898.593, 128
Trd, 4318899.043, 119
Trd, 4318899.693, 116
Trd, 4318900.493, 90
Trd, 4318902.693, 103
Trd, 4318903.143, 102
Trd, 4318903.193, 92
Trd, 4318903.243, 86
Trd, 4318903.693, 107
Trd, 4318903.843, 83
Trd, 4318904.293, 114
Trd, 4318906.693, 138
Trd, 4318906.743, 133
Trd, 4318907.443, 121
Trd, 4318907.493, 120
Trd, 4318907.743, 131
Trd, 4318908.343, 139
Trd, 4318910.343, 98
Trd, 4318910.543, 93
Trd, 4318913.743, 135
Trd, 4318914.243, 121
Trd, 4318914.743, 140
Trd, 4318915.393, 138
Trd, 4318916.043, 101
Trd, 4318916.943, 127
Trd, 4318919.143, 127
Trd, 4318919.443, 122
Trd, 4318919.893, 104
Trd, 4318919.943, 97
Trd, 4318920.143, 86
Trd, 4318920.593, 102
Trd, 4318921.293, 93
Trd, 4318921.793, 126
Trd, 4318923.293, 132
Trd, 4318924.443, 138
Trd, 4318925.493, 111
Trd, 4318925.943, 132
Trd, 4318926.543, 140
Trd, 4318926.643, 132
Trd, 4318926.693, 113
Trd, 4318928.143, 113
Trd, 4318929.343, 114
Trd, 4318932.243, 133
Trd, 4318932.293, 125
Trd, 4318932.743, 101
Trd, 4318933.143, 122
Trd, 4318933.393, 113
Trd, 4318933.593, 87
Trd, 4318934.393, 97
Trd, 4318934.893, 82
Trd, 4318934.993, 120
Trd, 4318936.443, 73
Trd, 4318938.393, 69
Trd, 4318938.943, 74
Trd, 4318939.093, 97
Trd, 4318939.643, 104
Trd, 4318940.493, 99
Trd, 4318940.793, 105
Trd, 4318941.093, 104
Trd, 4318941.543, 72
Trd, 4318942.193, 73
Trd, 4318944.943, 90
Trd, 4318944.993, 112
Trd, 4318945.443, 87
Trd, 4318947.093, 77
Trd, 4318947.393, 140
Trd, 4318948.643, 128
Trd, 4318948.793, 110
Trd, 4318949.743, 92
Trd, 4318950.593, 97
Trd, 4318951.393, 100
Trd, 4318951.793, 125
Trd, 4318952.193, 122
Trd, 4318952.443, 104
Trd, 4318953.193, 133
Trd, 4318955.643, 136
Trd, 4318955.743, 120
Trd, 4318956.493, 118
Trd, 4318957.593, 115
Trd, 4318957.693, 106
Trd, 4318958.893, 133
Trd, 4318959.293, 122
Trd, 4318960.293, 133
Trd, 4318960.543, 99
Trd, 4318960.643, 110
Trd, 4318961.143, 92
Trd, 4318961.843, 110
Trd, 4318962.793, 99
Trd, 4318963.393, 116
Trd, 4318964.643, 130
Trd, 4318965.543, 136
Trd, 4318965.843, 96
Trd, 4318967.043, 94
Trd, 4318967.593, 84
Trd, 4318968.693, 85
Trd, 4318968.743, 86
Trd, 4318969.043, 97
Trd, 4318969.193, 94
Trd, 4318969.693, 100
Trd, 4318970.093, 99
Trd, 4318970.443, 101
Trd, 4318970.693, 89
Trd, 4318973.393, 140
Trd, 4318974.043, 88
Trd, 4318974.393, 132
Trd, 4318974.993, 93
Trd, 4318975.093, 138
Trd, 4318975.493, 129
Trd, 4318976.043, 73
Trd, 4318977.143, 102
Trd, 4318979.843, 137
Trd, 4318980.193, 129
Trd, 4318980.943, 135
Trd, 4318981.143, 112
Trd, 4318981.443, 110
Trd, 4318981.743, 136
Trd, 4318982.493, 136
Trd, 4318982.593, 119
Trd, 4318983.093, 118
Trd, 4318985.193, 130
Trd, 4318985.693, 122
Trd, 4318986.593, 123
Trd, 4318986.743, 116
Trd, 4318987.293, 104
Trd, 4318989.743, 139
Trd, 4318989.993, 132
Trd, 4318990.393, 131
Trd, 4318992.243, 127
Trd, 4318992.393, 98
Trd, 4318992.743, 88
Trd, 4318994.443, 93
Trd, 4318995.893, 113
Trd, 4318996.643, 134
Trd, 4318996.943, 114
Trd, 4318997.243, 92
Trd, 4318997.893, 96
Trd, 4318998.843, 83
Trd, 4319000.443, 124
Trd, 4319000.543, 111
Trd, 4319001.443, 124
Trd, 4319002.393, 140
Trd, 4319002.843, 97
Trd, 4319003.143, 104
Trd, 4319003.743, 129
Trd, 4319003.843, 97
Trd, 4319003.943, 111
Trd, 4319005.693, 139
Trd, 4319006.493, 86
Trd, 4319007.743, 127
Trd, 4319007.993, 139
Trd, 4319008.043, 107
Trd, 4319008.593, 128
Trd, 4319008.843, 138
Trd, 4319009.643, 130
Trd, 4319011.143, 98
Trd, 4319013.093, 129
Trd, 4319014.243, 132
Trd, 4319014.293, 111
Trd, 4319015.443, 138
Trd, 4319015.943, 138
Trd, 4319016.193, 128
Trd, 4319017.093, 129
Trd, 4319017.593, 122
Trd, 4319019.143, 128
Trd, 4319019.243, 113
Trd, 4319021.393, 138
Trd, 4319022.293, 135
Trd, 4319022.643, 120
Trd, 4319022.793, 109
Trd, 4319022.893, 107
Trd, 4319024.893, 140
Trd, 4319024.993, 140
Trd, 4319026.643, 135
Trd, 4319026.943, 132
Trd, 4319026.993, 121
Trd, 4319028.193, 102
Trd, 4319028.243, 101
Trd, 4319029.343, 135
Trd, 4319029.793, 130
Trd, 4319029.993, 122
Trd, 4319030.143, 112
Trd, 4319030.843, 109
Trd, 4319030.943, 106
Trd, 4319031.743, 120
Trd, 4319032.093, 135
Trd, 4319033.593, 112
Trd, 4319034.343, 64
Trd, 4319035.143, 109
Trd, 4319037.093, 78
Trd, 4319037.343, 106
Trd, 4319037.743, 127
Trd, 4319038.293, 125
Trd, 4319038.343, 120
Trd, 4319039.643, 140
Trd, 4319041.043, 139
Trd, 4319041.593, 122
Trd, 4319041.893, 119
Trd, 4319042.243, 116
Trd, 4319042.593, 112
Trd, 4319043.093, 117
Trd, 4319043.843, 99
Trd, 4319044.193, 103
Trd, 4319044.743, 90
Trd, 4319046.343, 80
Trd, 4319046.993, 108
Trd, 4319048.693, 133
Trd, 4319049.293, 122
Trd, 4319049.693, 108
Trd, 4319049.793, 106
Trd, 4319049.843, 102
Trd, 4319051.843, 123
Trd, 4319052.093, 106
Trd, 4319052.893, 91
Trd, 4319053.293, 90
Trd, 4319053.693, 77
Trd, 4319054.143, 117
Trd, 4319055.193, 132
Trd, 4319057.093, 82
Trd, 4319058.243, 127
Trd, 4319058.293, 89
Trd, 4319059.443, 114
Trd, 4319059.643, 138
Trd, 4319059.843, 137
Trd, 4319060.193, 112
Trd, 4319060.543, 100
Trd, 4319061.193, 63
Trd, 4319061.643, 60
Trd, 4319063.743, 118
Trd, 4319065.043, 122
Trd, 4319065.293, 106
Trd, 4319066.793, 129
Trd, 4319066.893, 105
Trd, 4319067.043, 105
Trd, 4319067.993, 136
Trd, 4319069.043, 111
Trd, 4319069.943, 103
Trd, 4319070.043, 106
Trd, 4319070.093, 98
Trd, 4319071.493, 117
Trd, 4319071.793, 126
Trd, 4319072.393, 108
Trd, 4319072.893, 101
Trd, 4319072.943, 109
Trd, 4319072.993, 96
Trd, 4319073.193, 80
Trd, 4319073.943, 116
Trd, 4319074.943, 139
Trd, 4319075.493, 128
Trd, 4319077.093, 105
Trd, 4319077.393, 103
Trd, 4319078.093, 136
Trd, 4319078.443, 105
Trd, 4319078.793, 102
Trd, 4319080.443, 108
Trd, 4319081.043, 128
Trd, 4319081.343, 127
Trd, 4319082.043, 101
Trd, 4319082.343, 100
Trd, 4319083.093, 96
Trd, 4319083.543, 87
Trd, 4319084.293, 80
Trd, 4319084.843, 95
Trd, 4319086.493, 86
Trd, 4319086.643, 78
Trd, 4319087.043, 76
Trd, 4319087.943, 136
Trd, 4319088.193, 132
Trd, 4319089.643, 114
Trd, 4319091.893, 130
Trd, 4319092.693, 139
Trd, 4319092.793, 122
Trd, 4319093.693, 110
Trd, 4319094.143, 140
Trd, 4319094.393, 98
Trd, 4319095.093, 90
Trd, 4319096.343, 110
Trd, 4319097.643, 115
Trd, 4319097.843, 98
Trd, 4319098.893, 76
Trd, 4319098.943, 80
Trd, 4319099.243, 115
Trd, 4319099.943, 137
Trd, 4319101.093, 115
Trd, 4319101.643, 140
Trd, 4319102.593, 116
Trd, 4319103.143, 131
Trd, 4319104.893, 137
Trd, 4319106.843, 137
Trd, 4319108.193, 129
Trd, 4319109.243, 117
Trd, 4319109.443, 112
Trd, 4319109.493, 98
Trd, 4319109.793, 97
Trd, 4319110.043, 96
Trd, 4319111.343, 131
Trd, 4319113.193, 138
Trd, 4319113.293, 135
Trd, 4319113.893, 113
Trd, 4319114.643, 103
Trd, 4319115.493, 108
Trd, 4319116.193, 124
Trd, 4319117.193, 76
Trd, 4319118.493, 127
Trd, 4319118.993, 126
Trd, 4319119.193, 131
Trd, 4319119.893, 134
Trd, 4319119.993, 91
Trd, 4319120.543, 97
Trd, 4319121.493, 73
Trd, 4319121.693, 76
Trd, 4319121.743, 77
Trd, 4319121.993, 65
Trd, 4319122.243, 130
Trd, 4319124.343, 123
Trd, 4319125.093, 129
Trd, 4319125.743, 127
Trd, 4319125.893, 112
Trd, 4319126.093, 97
Trd, 4319127.243, 117
Trd, 4319128.443, 121
Trd, 4319129.193, 116
Trd, 4319130.843, 125
Trd, 4319131.543, 110
Trd, 4319131.793, 105
Trd, 4319132.393, 101
Trd, 4319132.843, 92
Trd, 4319133.693, 67
Trd, 4319134.243, 76
Trd, 4319134.693, 91
Trd, 4319135.493, 121
Trd, 4319137.643, 100
Trd, 4319137.893, 102
Trd, 4319137.993, 106
Trd, 4319138.193, 107
Trd, 4319138.743, 127
Trd, 4319139.493, 86
Trd, 4319139.993, 102
Trd, 4319140.293, 130
Trd, 4319141.743, 103
Trd, 4319142.043, 96
Trd, 4319142.093, 94
Trd, 4319142.293, 98
Trd, 4319142.693, 134
Trd, 4319143.293, 101
Trd, 4319144.343, 110
Trd, 4319144.743, 120
Trd, 4319145.593, 86
Trd, 4319146.493, 77
Trd, 4319146.843, 115
Trd, 4319146.943, 105
Trd, 4319147.293, 74
Trd, 4319149.593, 136
Trd, 4319149.843, 112
Trd, 4319150.343, 108
Trd, 4319150.393, 118
Trd, 4319150.893, 99
Trd, 4319152.543, 122
Trd, 4319153.343, 116
Trd, 4319153.643, 103
Trd, 4319154.393, 121
Trd, 4319154.543, 99
Trd, 4319155.493, 110
Trd, 4319157.043, 102
Trd, 4319159.193, 134
Trd, 4319159.593, 135
Trd, 4319159.693, 133
Trd, 4319160.043, 127
Trd, 4319160.293, 117
Trd, 4319162.643, 120
Trd, 4319163.343, 119
Trd, 4319163.443, 114
Trd, 4319164.343, 135
Trd, 4319164.593, 91
Trd, 4319165.343, 91
Trd, 4319166.293, 126
Trd, 4319167.243, 108
Trd, 4319168.093, 107
Trd, 4319169.993, 137
Trd, 4319170.343, 124
Trd, 4319170.893, 106
Trd, 4319170.993, 104
Trd, 4319172.643, 116
Trd, 4319173.193, 130
Trd, 4319173.643, 107
Trd, 4319174.393, 140
Trd, 4319175.593, 109
Trd, 4319179.093, 105
Trd, 4319179.193, 115
Trd, 4319179.793, 104
Trd, 4319180.743, 108
Trd, 4319180.793, 99
Trd, 4319181.293, 83
Trd, 4319182.043, 131
Trd, 4319182.193, 89
Trd, 4319183.493, 113
Trd, 4319184.293, 116
Trd, 4319185.293, 107
Trd, 4319185.893, 112
Trd, 4319185.993, 78
Trd, 4319187.193, 78
Trd, 4319188.343, 135
Trd, 4319188.843, 116
Trd, 4319189.193, 109
Trd, 4319189.543, 111
Trd, 4319191.093, 91
Trd, 4319191.393, 122
Trd, 4319192.493, 122
Trd, 4319192.893, 106
Trd, 4319193.893, 109
Trd, 4319193.943, 91
Trd, 4319194.293, 90
Trd, 4319194.443, 78
Trd, 4319194.793, 81
Trd, 4319196.343, 114
Trd, 4319196.743, 134
Trd, 4319197.443, 100
Trd, 4319198.343, 115
Trd, 4319199.293, 84
Trd, 4319199.593, 134
Trd, 4319200.793, 98
Trd, 4319200.893, 129
Trd, 4319201.043, 92
Trd, 4319201.643, 74
Trd, 4319202.893, 107
Trd, 4319203.593, 121
Trd, 4319203.843, 78
Trd, 4319204.343, 75
Trd, 4319205.793, 116
Trd, 4319207.493, 139
Trd, 4319207.893, 111
Trd, 4319208.793, 82
Trd, 4319208.993, 120
Trd, 4319209.443, 129
Trd, 4319210.143, 107
Trd, 4319210.743, 94
Trd, 4319211.193, 117
Trd, 4319213.193, 123
Trd, 4319213.343, 138
Trd, 4319213.693, 140
Trd, 4319213.943, 121
Trd, 4319214.043, 115
Trd, 4319215.593, 126
Trd, 4319217.193, 137
Trd, 4319217.243, 127
Trd, 4319217.493, 117
Trd, 4319218.743, 116
Trd, 4319219.243, 137
Trd, 4319220.143, 126
Trd, 4319220.443, 99
Trd, 4319221.843, 136
Trd, 4319222.043, 116
Trd, 4319222.543, 93
Trd, 4319223.293, 139
Trd, 4319224.143, 119
Trd, 4319225.443, 127
Trd, 4319225.593, 139
Trd, 4319226.643, 114
Trd, 4319227.593, 92
Trd, 4319228.443, 125
Trd, 4319229.343, 113
Trd, 4319229.743, 109
Trd, 4319230.443, 125
Trd, 4319232.043, 139
Trd, 4319232.793, 124
Trd, 4319233.793, 112
Trd, 4319235.543, 117
Trd, 4319235.593, 116
Trd, 4319235.693, 130
Trd, 4319236.743, 92
Trd, 4319237.543, 137
Trd, 4319238.093, 120
Trd, 4319238.693, 106
Trd, 4319239.493, 91
Trd, 4319240.443, 110
Trd, 4319240.893, 123
Trd, 4319242.393, 105
Trd, 4319242.493, 100
Trd, 4319243.293, 82
Trd, 4319243.643, 74
Trd, 4319244.443, 120
Trd, 4319244.843, 117
Trd, 4319245.043, 102
Trd, 4319246.143, 121
Trd, 4319247.743, 116
Trd, 4319248.943, 136
Trd, 4319249.443, 134
Trd, 4319250.443, 119
Trd, 4319251.093, 116
Trd, 4319251.143, 104
Trd, 4319252.493, 115
Trd, 4319252.843, 105
Trd, 4319253.993, 89
Trd, 4319255.243, 113
Trd, 4319255.693, 103
Trd, 4319255.843, 124
Trd, 4319256.593, 99
Trd, 4319257.093, 95
Trd, 4319257.743, 93
Trd, 4319259.943, 140
Trd, 4319261.293, 135
Trd, 4319261.643, 127
Trd, 4319262.043, 120
Trd, 4319265.093, 127
Trd, 4319265.493, 140
Trd, 4319266.243, 140
Trd, 4319267.343, 109
Trd, 4319267.393, 104
Trd, 4319267.443, 96
Trd, 4319267.643, 98
Trd, 4319268.093, 95
Trd, 4319268.643, 133
Trd, 4319269.643, 125
Trd, 4319270.593, 79
Trd, 4319271.593, 82
Trd, 4319271.843, 98
Trd, 4319272.193, 130
Trd, 4319272.643, 131
Trd, 4319273.293, 80
Trd, 4319273.743, 78
Trd, 4319275.843, 83
Trd, 4319275.943, 77
Trd, 4319276.793, 119
Trd, 4319277.193, 111
Trd, 4319277.793, 139
Trd, 4319280.193, 118
Trd, 4319280.493, 115
Trd, 4319282.193, 101
Trd, 4319282.443, 121
Trd, 4319282.993, 115
Trd, 4319283.093, 101
Trd, 4319284.943, 139
Trd, 4319285.343, 129
Trd, 4319285.793, 130
Trd, 4319285.943, 105
Trd, 4319287.193, 114
Trd, 4319288.293, 90
Trd, 4319288.643, 108
Trd, 4319288.693, 121
Trd, 4319288.993, 121
Trd, 4319289.393, 136
Trd, 4319289.493, 85
Trd, 4319291.093, 134
Trd, 4319291.593, 107
Trd, 4319291.743, 86
Trd, 4319292.293, 92
Trd, 4319293.793, 125
Trd, 4319294.443, 100
Trd, 4319294.743, 87
Trd, 4319296.093, 127
Trd, 4319297.493, 126
Trd, 4319298.993, 86
Trd, 4319299.093, 102
Trd, 4319299.343, 100
Trd, 4319300.143, 120
Trd, 4319300.393, 100
Trd, 4319301.343, 115
Trd, 4319301.993, 137
Trd, 4319302.043, 114
Trd, 4319302.943, 117
Trd, 4319303.993, 129
Trd, 4319304.343, 128
Trd, 4319306.093, 126
Trd, 4319306.243, 116
Trd, 4319306.343, 111
Trd, 4319306.393, 111
Trd, 4319306.893, 81
Trd, 4319307.343, 140
Trd, 4319308.393, 105
Trd, 4319309.043, 134
Trd, 4319309.943, 134
Trd, 4319310.543, 122
Trd, 4319310.943, 102
Trd, 4319312.943, 114
Trd, 4319313.243, 93
Trd, 4319314.393, 91
Trd, 4319315.093, 120
Trd, 4319315.493, 111
Trd, 4319315.693, 122
Trd, 4319316.293, 101
Trd, 4319317.793, 116
Trd, 4319318.243, 137
Trd, 4319318.943, 113
Trd, 4319319.343, 84
Trd, 4319321.243, 86
Trd, 4319321.343, 84
Trd, 4319322.943, 134
Trd, 4319324.293, 128
Trd, 4319324.393, 126
Trd, 4319326.443, 136
Trd, 4319326.543, 118
Trd, 4319326.693, 110
Trd, 4319328.243, 126
Trd, 4319328.643, 120
Trd, 4319329.943, 137
Trd, 4319330.893, 110
Trd, 4319331.943, 100
Trd, 4319333.393, 112
Trd, 4319334.243, 130
Trd, 4319334.893, 130
Trd, 4319335.893, 126
Trd, 4319336.493, 136
Trd, 4319337.343, 122
Trd, 4319337.493, 102
Trd, 4319337.993, 131
Trd, 4319338.343, 123
Trd, 4319338.493, 118
Trd, 4319338.993, 103
Trd, 4319339.943, 134
Trd, 4319340.543, 130
Trd, 4319341.243, 108
Trd, 4319342.593, 77
Trd, 4319344.643, 113
Trd, 4319346.093, 138
Trd, 4319346.393, 136
Trd, 4319346.743, 138
Trd, 4319348.143, 123
Trd, 4319349.043, 124
Trd, 4319349.243, 110
Trd, 4319349.843, 108
Trd, 4319350.243, 123
Trd, 4319351.243, 132
Trd, 4319351.993, 138
Trd, 4319352.193, 116
Trd, 4319354.043, 101
Trd, 4319354.243, 95
Trd, 4319354.293, 110
Trd, 4319355.243, 136
Trd, 4319355.843, 111
Trd, 4319357.493, 125
Trd, 4319358.743, 87
Trd, 4319359.043, 89
Trd, 4319360.093, 129
Trd, 4319360.443, 138
Trd, 4319361.543, 133
Trd, 4319361.893, 125
Trd, 4319362.343, 117
Trd, 4319362.743, 95
Trd, 4319364.793, 89
Trd, 4319365.443, 64
Trd, 4319366.043, 134
Trd, 4319367.093, 93
Trd, 4319367.343, 77
Trd, 4319367.593, 95
Trd, 4319368.293, 98
Trd, 4319368.393, 73
Trd, 4319369.843, 101
Trd, 4319370.093, 124
Trd, 4319371.093, 69
Trd, 4319371.443, 75
Trd, 4319371.943, 69
Trd, 4319372.693, 132
Trd, 4319373.843, 74
Trd, 4319374.193, 93
Trd, 4319374.693, 79
Trd, 4319375.143, 116
Trd, 4319375.443, 109
Trd, 4319375.493, 95
Trd, 4319375.743, 136
Trd, 4319376.993, 126
Trd, 4319377.443, 116
Trd, 4319378.493, 122
Trd, 4319378.793, 106
Trd, 4319379.443, 132
Trd, 4319380.343, 132
Trd, 4319381.193, 95
Trd, 4319381.243, 128
Trd, 4319381.443, 91
Trd, 4319382.043, 129
Trd, 4319382.793, 132
Trd, 4319382.993, 108
Trd, 4319384.243, 84
Trd, 4319385.743, 90
Trd, 4319386.043, 134
Trd, 4319386.493, 135
Trd, 4319386.543, 113
Trd, 4319386.993, 110
Trd, 4319387.743, 95
Trd, 4319389.143, 137
Trd, 4319391.093, 134
Trd, 4319392.293, 140
Trd, 4319393.893, 105
Trd, 4319395.643, 138
Trd, 4319395.793, 113
Trd, 4319395.843, 102
Trd, 4319396.893, 82
Trd, 4319397.493, 92
Trd, 4319397.793, 73
Trd, 4319398.443, 115
Trd, 4319399.643, 129
Trd, 4319400.193, 134
Trd, 4319400.543, 138
Trd, 4319402.293, 101
Trd, 4319403.843, 83
Trd, 4319403.893, 135
Trd, 4319404.193, 80
Trd, 4319404.693, 115
Trd, 4319405.993, 97
Trd, 4319406.793, 80
Trd, 4319407.893, 130
Trd, 4319408.493, 131
Trd, 4319409.793, 100
Trd, 4319410.593, 126
Trd, 4319410.743, 81
Trd, 4319410.793, 78
Trd, 4319411.643, 68
Trd, 4319413.093, 91
Trd, 4319413.643, 93
Trd, 4319414.643, 125
Trd, 4319415.993, 137
Trd, 4319416.043, 121
Trd, 4319416.143, 106
Trd, 4319417.043, 121
Trd, 4319417.543, 108
Trd, 4319418.393, 124
Trd, 4319420.143, 110
Trd, 4319420.993, 123
Trd, 4319421.293, 128
Trd, 4319421.643, 118
Trd, 4319422.393, 131
Trd, 4319424.043, 75
Trd, 4319425.893, 74
Trd, 4319426.793, 88
Trd, 4319427.643, 83
Trd, 4319428.293, 116
Trd, 4319428.493, 77
Trd, 4319429.493, 104
Trd, 4319430.343, 107
Trd, 4319430.993, 105
Trd, 4319432.493, 133
Trd, 4319432.743, 128
Trd, 4319433.693, 94
Trd, 4319433.793, 113
Trd, 4319435.043, 115
Trd, 4319435.393, 82
Trd, 4319435.993, 83
Trd, 4319437.043, 136
Trd, 4319437.443, 119
Trd, 4319438.693, 139
Trd, 4319440.593, 137
Trd, 4319440.693, 131
Trd, 4319441.543, 120
Trd, 4319441.693, 119
Trd, 4319442.043, 103
Trd, 4319444.093, 104
Trd, 4319445.743, 134
Trd, 4319445.843, 140
Trd, 4319446.343, 123
Trd, 4319447.643, 139
Trd, 4319448.343, 114
Trd, 4319448.393, 99
Trd, 4319448.693, 74
Trd, 4319448.943, 120
Trd, 4319449.243, 114
Trd, 4319449.993, 71
Trd, 4319450.943, 82
Trd, 4319451.243, 76
Trd, 4319452.343, 136
Trd, 4319452.943, 136
Trd, 4319454.943, 112
Trd, 4319455.193, 128
Trd, 4319455.393, 86
Trd, 4319456.293, 117
Trd, 4319457.143, 99
Trd, 4319457.393, 108
Trd, 4319459.043, 100
Trd, 4319460.943, 103
Trd, 4319461.193, 110
Trd, 4319462.043, 116
Trd, 4319462.693, 103
Trd, 4319462.893, 136
Trd, 4319463.143, 93
Trd, 4319464.443, 96
Trd, 4319464.593, 78
Trd, 4319465.143, 74
Trd, 4319465.493, 108
Trd, 4319466.693, 101
Trd, 4319466.743, 96
Trd, 4319467.693, 95
Trd, 4319467.893, 81
Trd, 4319468.593, 70
Trd, 4319469.643, 139
Trd, 4319470.693, 130
Trd, 4319472.793, 109
Trd, 4319474.143, 117
Trd, 4319474.243, 138
Trd, 4319474.593, 102
Trd, 4319474.943, 107
Trd, 4319475.343, 102
Trd, 4319476.193, 111
Trd, 4319478.343, 139
Trd, 4319478.443, 129
Trd, 4319478.943, 123
Trd, 4319479.193, 118
Trd, 4319480.493, 126
Trd, 4319480.643, 120
Trd, 4319481.193, 124
Trd, 4319481.393, 112
Trd, 4319483.493, 105
Trd, 4319483.743, 95
Trd, 4319483.993, 109
Trd, 4319484.893, 116
Trd, 4319485.093, 85
Trd, 4319485.193, 91
Trd, 4319485.593, 100
Trd, 4319485.793, 120
Trd, 4319486.993, 126
Trd, 4319487.993, 110
Trd, 4319488.943, 138
Trd, 4319489.243, 137
Trd, 4319490.143, 136
Trd, 4319490.493, 114
Trd, 4319490.643, 105
Trd, 4319490.843, 68
Trd, 4319491.393, 96
Trd, 4319492.093, 132
Trd, 4319493.243, 85
Trd, 4319493.493, 77
Trd, 4319494.493, 64
Trd, 4319494.693, 68
Trd, 4319494.843, 115
Trd, 4319495.693, 136
Trd, 4319495.793, 109
Trd, 4319497.643, 84
Trd, 4319497.843, 77
Trd, 4319498.343, 60
Trd, 4319499.493, 111
Trd, 4319499.843, 95
Trd, 4319500.193, 125
Trd, 4319500.343, 137
Trd, 4319501.093, 127
Trd, 4319501.843, 111
Trd, 4319502.393, 115
Trd, 4319503.343, 139
Trd, 4319504.043, 124
Trd, 4319504.593, 117
Trd, 4319505.393, 111
Trd, 4319505.843, 125
Trd, 4319506.543, 140
Trd, 4319506.743, 96
Trd, 4319508.993, 138
Trd, 4319509.843, 135
Trd, 4319510.743, 123
Trd, 4319511.043, 124
Trd, 4319511.243, 99
Trd, 4319513.093, 134
Trd, 4319514.293, 137
Trd, 4319514.643, 126
Trd, 4319515.393, 117
Trd, 4319515.993, 122
Trd, 4319516.843, 131
Trd, 4319517.243, 105
Trd, 4319517.593, 103
Trd, 4319517.793, 139
Trd, 4319519.343, 126
Trd, 4319519.693, 91
Trd, 4319520.193, 134
Trd, 4319521.643, 118
Trd, 4319522.793, 110
Trd, 4319524.093, 118
Trd, 4319524.843, 70
Trd, 4319525.243, 115
Trd, 4319525.693, 126
Trd, 4319525.793, 75
Trd, 4319526.343, 78
Trd, 4319527.643, 95
Trd, 4319530.343, 133
Trd, 4319530.693, 101
Trd, 4319531.143, 101
Trd, 4319532.443, 89
Trd, 4319532.993, 124
Trd, 4319533.743, 137
Trd, 4319534.543, 103
Trd, 4319534.943, 127
Trd, 4319535.393, 109
Trd, 4319535.843, 99
Trd, 4319536.593, 129
Trd, 4319538.043, 137
Trd, 4319538.343, 133
Trd, 4319539.043, 135
Trd, 4319541.493, 98
Trd, 4319541.743, 76
Trd, 4319543.543, 127
Trd, 4319543.643, 94
Trd, 4319544.493, 105
Trd, 4319545.343, 116
Trd, 4319545.543, 113
Trd, 4319546.493, 120
Trd, 4319547.843, 139
Trd, 4319548.993, 116
Trd, 4319549.843, 108
Trd, 4319550.093, 128
Trd, 4319550.393, 95
Trd, 4319550.543, 92
Trd, 4319551.643, 114
Trd, 4319552.093, 92
Trd, 4319552.493, 121
Trd, 4319553.043, 139
Trd, 4319556.043, 121
Trd, 4319556.193, 116
Trd, 4319556.393, 131
Trd, 4319557.493, 140
Trd, 4319557.543, 127
Trd, 4319558.543, 99
Trd, 4319559.443, 92
Trd, 4319560.043, 92
Trd, 4319561.893, 124
Trd, 4319562.693, 119
Trd, 4319562.843, 119
Trd, 4319563.293, 107
Trd, 4319563.443, 116
Trd, 4319563.543, 90
Trd, 4319564.043, 62
Trd, 4319565.593, 87
Trd, 4319567.043, 73
Trd, 4319567.093, 75
Trd, 4319567.443, 130
Trd, 4319568.293, 70
Trd, 4319568.793, 88
Trd, 4319570.343, 111
Trd, 4319570.993, 101
Trd, 4319572.393, 126
Trd, 4319572.943, 124
Trd, 4319573.243, 119
Trd, 4319573.543, 125
Trd, 4319574.243, 112
Trd, 4319576.143, 134
Trd, 4319576.943, 128
Trd, 4319577.543, 109
Trd, 4319577.993, 107
Trd, 4319578.093, 130
Trd, 4319579.293, 97
Trd, 4319579.493, 95
Trd, 4319580.643, 133
Trd, 4319581.293, 100
Trd, 4319582.043, 107
Trd, 4319583.793, 123
Trd, 4319584.493, 111
Trd, 4319584.793, 116
Trd, 4319584.843, 96
Trd, 4319584.993, 66
Trd, 4319585.443, 84
Trd, 4319586.293, 132
Trd, 4319586.943, 102
Trd, 4319586.993, 91
Trd, 4319588.593, 80
Trd, 4319589.493, 81
Trd, 4319590.643, 99
Trd, 4319591.543, 121
Trd, 4319591.743, 120
Trd, 4319592.993, 133
Trd, 4319593.043, 110
Trd, 4319593.093, 107
Trd, 4319593.143, 99
Trd, 4319594.393, 118
Trd, 4319594.793, 105
Trd, 4319594.893, 103
Trd, 4319596.393, 108
Trd, 4319597.343, 104
Trd, 4319597.443, 92
Trd, 4319597.593, 140
Trd, 4319599.243, 119
Trd, 4319599.643, 112
Trd, 4319600.143, 98
Trd, 4319601.993, 132
Trd, 4319602.393, 129
Trd, 4319603.143, 126
Trd, 4319603.193, 122
Trd, 4319603.693, 120
Trd, 4319604.443, 113
Trd, 4319605.193, 134
Trd, 4319605.593, 139
Trd, 4319605.943, 135
Trd, 4319607.093, 107
Trd, 4319608.993, 138
Trd, 4319609.693, 137
Trd, 4319610.793, 131
Trd, 4319611.493, 112
Trd, 4319612.743, 134
Trd, 4319612.893, 113
Trd, 4319613.643, 121
Trd, 4319613.693, 130
Trd, 4319613.943, 135
Trd, 4319616.743, 138
Trd, 4319617.343, 128
Trd, 4319617.393, 123
Trd, 4319618.043, 138
Trd, 4319618.293, 126
Trd, 4319618.393, 107
Trd, 4319620.693, 81
Trd, 4319620.843, 68
Trd, 4319621.293, 122
Trd, 4319621.393, 98
Trd, 4319621.593, 126
Trd, 4319622.693, 126
Trd, 4319623.493, 124
Trd, 4319624.043, 85
Trd, 4319624.643, 138
Trd, 4319625.443, 132
Trd, 4319626.693, 121
Trd, 4319627.743, 120
Trd, 4319628.043, 119
Trd, 4319629.093, 121
Trd, 4319629.893, 129
Trd, 4319630.393, 118
Trd, 4319630.443, 105
Trd, 4319630.993, 93
Trd, 4319632.043, 98
Trd, 4319633.943, 126
Trd, 4319634.343, 115
Trd, 4319635.193, 132
Trd, 4319635.743, 140
Trd, 4319635.843, 111
Trd, 4319635.893, 102
Trd, 4319637.843, 131
Trd, 4319638.443, 122
Trd, 4319639.293, 137
Trd, 4319639.843, 129
Trd, 4319639.993, 120
Trd, 4319640.243, 107
Trd, 4319642.393, 131
Trd, 4319642.693, 114
Trd, 4319643.043, 68
Trd, 4319644.993, 129
Trd, 4319647.293, 92
Trd, 4319647.693, 125
Trd, 4319647.743, 89
Trd, 4319647.893, 76
Trd, 4319648.443, 139
Trd, 4319648.493, 113
Trd, 4319648.643, 77
Trd, 4319648.793, 63
Trd, 4319648.993, 83
Trd, 4319651.293, 70
Trd, 4319652.043, 70
Trd, 4319653.243, 89
Trd, 4319653.993, 126
Trd, 4319654.193, 110
Trd, 4319654.443, 107
Trd, 4319655.343, 93
Trd, 4319655.493, 134
Trd, 4319656.543, 88
Trd, 4319657.043, 105
Trd, 4319658.843, 97
Trd, 4319658.893, 95
Trd, 4319660.893, 106
Trd, 4319662.143, 139
Trd, 4319662.393, 139
Trd, 4319662.443, 94
Trd, 4319662.793, 83
Trd, 4319663.393, 104
Trd, 4319664.093, 79
Trd, 4319665.293, 109
Trd, 4319665.493, 118
Trd, 4319666.343, 134
Trd, 4319666.543, 133
Trd, 4319667.943, 139
Trd, 4319669.193, 132
Trd, 4319670.043, 62
Trd, 4319671.543, 122
Trd, 4319671.643, 81
Trd, 4319671.993, 80
Trd, 4319672.893, 77
Trd, 4319673.043, 134
Trd, 4319673.443, 138
Trd, 4319673.593, 120
Trd, 4319674.193, 128
Trd, 4319676.093, 135
Trd, 4319676.643, 133
Trd, 4319677.493, 102
Trd, 4319677.743, 108
Trd, 4319679.143, 135
Trd, 4319679.193, 114
Trd, 4319679.743, 121
Trd, 4319680.143, 94
Trd, 4319681.243, 126
Trd, 4319681.543, 112
Trd, 4319681.893, 124
Trd, 4319683.843, 136
Trd, 4319683.893, 125
Trd, 4319684.443, 123
Trd, 4319684.493, 120
Trd, 4319684.543, 106
Trd, 4319685.293, 102
Trd, 4319686.543, 120
Trd, 4319686.643, 110
Trd, 4319688.393, 137
Trd, 4319688.693, 130
Trd, 4319689.093, 129
Trd, 4319689.243, 114
Trd, 4319690.093, 88
Trd, 4319690.493, 127
Trd, 4319691.593, 140
Trd, 4319691.843, 96
Trd, 4319692.193, 122
Trd, 4319694.643, 138
Trd, 4319694.943, 139
Trd, 4319695.543, 123
Trd, 4319695.993, 126
Trd, 4319696.743, 138
Trd, 4319697.743, 97
Trd, 4319697.793, 96
Trd, 4319698.193, 113
Trd, 4319700.593, 94
Trd, 4319701.393, 118
Trd, 4319703.043, 109
Trd, 4319703.993, 117
Trd, 4319704.093, 106
Trd, 4319705.343, 113
Trd, 4319705.593, 101
Trd, 4319706.493, 83
Trd, 4319708.043, 129
Trd, 4319709.293, 136
Trd, 4319709.743, 130
Trd, 4319709.993, 137
Trd, 4319711.243, 109
Trd, 4319711.293, 133
Trd, 4319711.393, 98
Trd, 4319711.843, 99
Trd, 4319713.393, 136
Trd, 4319713.543, 91
Trd, 4319713.993, 74
Trd, 4319714.343, 70
Trd, 4319716.093, 138
Trd, 4319716.393, 102
Trd, 4319717.193, 136
Trd, 4319719.293, 139
Trd, 4319720.293, 115
Trd, 4319720.643, 135
Trd, 4319721.593, 111
Trd, 4319721.693, 95
Trd, 4319723.593, 140
Trd, 4319724.043, 129
Trd, 4319726.593, 122
Trd, 4319728.143, 136
Trd, 4319728.193, 135
Trd, 4319728.893, 120
Trd, 4319730.443, 105
Trd, 4319731.243, 116
Trd, 4319731.293, 101
Trd, 4319731.493, 100
Trd, 4319731.593, 130
Trd, 4319732.593, 101
Trd, 4319733.293, 126
Trd, 4319734.393, 98
Trd, 4319734.593, 88
Trd, 4319735.493, 71
Trd, 4319736.643, 105
Trd, 4319737.643, 81
Trd, 4319737.693, 67
Trd, 4319738.693, 112
Trd, 4319739.143, 96
Trd, 4319740.643, 122
Trd, 4319741.393, 137
Trd, 4319742.593, 109
Trd, 4319742.643, 115
Trd, 4319743.043, 107
Trd, 4319743.493, 106
Trd, 4319743.743, 102
Trd, 4319743.843, 96
Trd, 4319744.193, 109
Trd, 4319744.793, 82
Trd, 4319745.943, 119
Trd, 4319746.393, 81
Trd, 4319746.943, 72
Trd, 4319748.843, 133
Trd, 4319750.093, 71
Trd, 4319750.743, 137
Trd, 4319750.893, 126
Trd, 4319751.543, 120
Trd, 4319752.393, 113
Trd, 4319752.993, 114
Trd, 4319753.643, 96
Trd, 4319753.743, 120
Trd, 4319755.343, 90
Trd, 4319757.243, 95
Trd, 4319757.593, 103
Trd, 4319757.643, 71
Trd, 4319758.693, 140
Trd, 4319759.193, 108
Trd, 4319759.543, 103
Trd, 4319760.343, 119
Trd, 4319761.143, 140
Trd, 4319761.593, 105
Trd, 4319761.743, 90
Trd, 4319762.043, 94
Trd, 4319762.593, 137
Trd, 4319764.243, 126
Trd, 4319765.143, 112
Trd, 4319766.293, 132
Trd, 4319767.293, 111
Trd, 4319767.543, 129
Trd, 4319768.493, 121
Trd, 4319768.593, 131
Trd, 4319769.343, 110
Trd, 4319770.593, 139
Trd, 4319771.193, 123
Trd, 4319771.693, 99
Trd, 4319772.093, 121
Trd, 4319773.643, 132
Trd, 4319774.343, 113
Trd, 4319775.193, 110
Trd, 4319776.393, 138
Trd, 4319777.843, 139
Trd, 4319778.043, 134
Trd, 4319778.393, 135
Trd, 4319780.693, 135
Trd, 4319781.243, 109
Trd, 4319781.343, 96
Trd, 4319781.493, 61
Trd, 4319781.643, 105
Trd, 4319782.293, 110
Trd, 4319783.293, 123
Trd, 4319783.343, 114
Trd, 4319784.143, 125
Trd, 4319786.393, 120
Trd, 4319786.493, 116
Trd, 4319786.543, 106
Trd, 4319786.643, 113
Trd, 4319787.043, 101
Trd, 4319791.043, 138
Trd, 4319791.993, 140
Trd, 4319792.443, 136
Trd, 4319792.743, 131
Trd, 4319793.643, 110
Trd, 4319793.743, 100
Trd, 4319794.093, 91
Trd, 4319794.393, 90
Trd, 4319794.943, 127
Trd, 4319796.143, 107
Trd, 4319796.643, 106
Trd, 4319798.393, 122
Trd, 4319799.393, 118
Trd, 4319799.543, 130
Trd, 4319799.993, 110
Trd, 4319800.493, 140
Trd, 4319800.793, 109
Trd, 4319802.493, 127
Trd, 4319802.793, 123
Trd, 4319804.093, 126
Trd, 4319805.493, 117
Trd, 4319806.543, 136
Trd, 4319807.593, 130
Trd, 4319808.643, 136
Trd, 4319809.593, 124
Trd, 4319811.543, 134
Trd, 4319812.493, 135
Trd, 4319812.843, 125
Trd, 4319812.993, 134
Trd, 4319813.493, 140
Trd, 4319814.043, 122
Trd, 4319814.943, 135
Trd, 4319816.393, 118
Trd, 4319817.293, 137
Trd, 4319817.593, 121
Trd, 4319818.743, 130
Trd, 4319818.793, 116
Trd, 4319818.843, 110
Trd, 4319819.643, 84
Trd, 4319819.993, 108
Trd, 4319821.093, 121
Trd, 4319821.893, 118
Trd, 4319822.843, 136
Trd, 4319823.793, 105
Trd, 4319824.093, 103
Trd, 4319824.893, 88
Trd, 4319824.993, 114
Trd, 4319825.843, 110
Trd, 4319826.543, 112
Trd, 4319827.443, 118
Trd, 4319828.043, 123
Trd, 4319828.543, 116
Trd, 4319828.893, 101
Trd, 4319829.693, 87
Trd, 4319830.743, 122
Trd, 4319832.443, 126
Trd, 4319832.593, 118
Trd, 4319833.993, 127
Trd, 4319834.343, 109
Trd, 4319834.843, 100
Trd, 4319835.493, 121
Trd, 4319836.043, 89
Trd, 4319837.743, 83
Trd, 4319839.093, 96
Trd, 4319839.393, 91
Trd, 4319839.543, 75
Trd, 4319840.293, 62
Trd, 4319840.643, 96
Trd, 4319841.143, 73
Trd, 4319841.493, 126
Trd, 4319842.193, 116
Trd, 4319843.593, 75
Trd, 4319844.293, 94
Trd, 4319844.843, 123
Trd, 4319845.393, 121
Trd, 4319847.643, 79
Trd, 4319848.643, 95
Trd, 4319849.093, 90
Trd, 4319850.193, 94
Trd, 4319850.793, 100
Trd, 4319850.993, 114
Trd, 4319852.643, 127
Trd, 4319852.843, 106
Trd, 4319853.593, 88
Trd, 4319853.943, 106
Trd, 4319854.093, 89
Trd, 4319855.193, 104
Trd, 4319855.493, 63
Trd, 4319856.243, 106
Trd, 4319857.093, 118
Trd, 4319857.293, 129
Trd, 4319859.143, 138
Trd, 4319860.443, 113
Trd, 4319861.943, 112
Trd, 4319862.093, 97
Trd, 4319862.493, 118
Trd, 4319862.643, 96
Trd, 4319863.093, 134
Trd, 4319863.243, 121
Trd, 4319863.793, 116
Trd, 4319864.693, 134
Trd, 4319865.393, 131
Trd, 4319866.743, 134
Trd, 4319867.093, 127
Trd, 4319867.943, 98
Trd, 4319868.043, 92
Trd, 4319868.893, 136
Trd, 4319869.093, 111
Trd, 4319869.843, 109
Trd, 4319870.293, 116
Trd, 4319870.493, 102
Trd, 4319872.343, 113
Trd, 4319873.543, 139
Trd, 4319873.943, 137
Trd, 4319874.443, 114
Trd, 4319875.143, 108
Trd, 4319875.443, 126
Trd, 4319875.743, 124
Trd, 4319876.693, 127
Trd, 4319878.343, 110
Trd, 4319878.593, 108
Trd, 4319879.243, 133
Trd, 4319880.293, 118
Trd, 4319881.193, 131
Trd, 4319881.843, 104
Trd, 4319882.693, 102
Trd, 4319883.043, 99
Trd, 4319884.043, 121
Trd, 4319885.743, 97
Trd, 4319886.993, 96
Trd, 4319887.043, 101
Trd, 4319887.693, 105
Trd, 4319889.293, 105
Trd, 4319890.143, 137
Trd, 4319891.393, 123
Trd, 4319891.593, 116
Trd, 4319891.643, 99
Trd, 4319892.493, 96
Trd, 4319892.693, 83
Trd, 4319893.093, 82
Trd, 4319894.593, 138
Trd, 4319894.643, 118
Trd, 4319895.643, 93
Trd, 4319896.593, 119
Trd, 4319897.193, 128
Trd, 4319899.143, 90
Trd, 4319899.293, 85
Trd, 4319900.393, 83
Trd, 4319900.893, 72
Trd, 4319902.293, 71
Trd, 4319902.543, 77
Trd, 4319903.243, 98
Trd, 4319905.393, 129
Trd, 4319905.443, 128
Trd, 4319905.843, 122
Trd, 4319907.143, 103
Trd, 4319909.043, 136
Trd, 4319909.593, 126
Trd, 4319910.643, 118
Trd, 4319910.943, 99
Trd, 4319911.693, 136
Trd, 4319912.843, 91
Trd, 4319912.993, 100
Trd, 4319913.493, 112
Trd, 4319914.943, 131
Trd, 4319915.143, 101
Trd, 4319915.743, 93
Trd, 4319917.043, 83
Trd, 4319917.193, 84
Trd, 4319917.493, 110
Trd, 4319918.593, 105
Trd, 4319919.193, 129
Trd, 4319919.843, 133
Trd, 4319920.493, 133
Trd, 4319920.593, 97
Trd, 4319921.693, 81
Trd, 4319922.893, 84
Trd, 4319923.443, 140
Trd, 4319924.043, 139
Trd, 4319924.893, 123
Trd, 4319925.593, 100
Trd, 4319925.843, 90
Trd, 4319927.793, 105
Trd, 4319928.493, 106
Trd, 4319928.593, 117
Trd, 4319929.143, 133
Trd, 4319929.193, 99
Trd, 4319930.743, 121
Trd, 4319931.393, 140
Trd, 4319931.793, 131
Trd, 4319932.293, 105
Trd, 4319932.393, 103
Trd, 4319934.093, 91
Trd, 4319935.493, 136
Trd, 4319935.693, 119
Trd, 4319936.493, 130
Trd, 4319937.143, 93
Trd, 4319937.443, 122
Trd, 4319939.293, 135
Trd, 4319939.443, 130
Trd, 4319939.893, 92
Trd, 4319940.343, 76
Trd, 4319940.893, 118
Trd, 4319941.343, 137
Trd, 4319941.643, 126
Trd, 4319942.793, 124
Trd, 4319942.993, 111
Trd, 4319943.343, 124
Trd, 4319943.493, 123
Trd, 4319945.743, 127
Trd, 4319946.893, 130
Trd, 4319947.343, 133
Trd, 4319947.643, 112
Trd, 4319948.393, 100
Trd, 4319948.693, 113
Trd, 4319949.693, 81
Trd, 4319951.093, 98
Trd, 4319952.043, 131
Trd, 4319952.293, 133
Trd, 4319952.943, 107
Trd, 4319953.043, 111
Trd, 4319954.543, 140
Trd, 4319955.543, 114
Trd, 4319958.593, 122
Trd, 4319959.193, 118
Trd, 4319959.893, 114
Trd, 4319960.243, 126
Trd, 4319960.593, 103
Trd, 4319962.143, 136
Trd, 4319962.193, 120
Trd, 4319962.493, 108
Trd, 4319963.343, 97
Trd, 4319963.893, 112
Trd, 4319964.543, 87
Trd, 4319964.693, 84
Trd, 4319965.243, 128
Trd, 4319966.543, 137
Trd, 4319967.893, 113
Trd, 4319968.293, 96
Trd, 4319969.243, 125
Trd, 4319969.593, 134
Trd, 4319970.043, 139
Trd, 4319970.993, 119
Trd, 4319971.443, 116
Trd, 4319972.893, 139
Trd, 4319974.743, 119
Trd, 4319974.893, 127
Trd, 4319974.943, 115
Trd, 4319976.193, 133
Trd, 4319976.593, 129
Trd, 4319976.743, 128
Trd, 4319977.343, 140
Trd, 4319980.393, 133
Trd, 4319980.693, 138
Trd, 4319981.743, 114
Trd, 4319982.593, 122
Trd, 4319983.043, 131
Trd, 4319983.643, 116
Trd, 4319983.893, 111
Trd, 4319984.643, 130
Trd, 4319985.343, 115
Trd, 4319987.393, 126
Trd, 4319988.093, 130
Trd, 4319988.193, 106
Trd, 4319989.343, 139
Trd, 4319990.043, 120
Trd, 4319990.193, 113
Trd, 4319990.493, 131
Trd, 4319991.193, 99
Trd, 4319992.993, 134
Trd, 4319994.093, 138
Trd, 4319994.643, 112
Trd, 4319996.143, 138
Trd, 4319996.693, 77
Trd, 4319997.043, 65
Trd, 4319998.293, 86
Trd, 4319999.043, 130
Trd, 4319999.743, 112
