Trd, 4318152.743, 140
Trd, 4318152.843, 117
Trd, 4318153.043, 114
Trd, 4318153.593, 105
Trd, 4318154.643, 89
Trd, 4318154.793, 92
Trd, 4318155.243, 86
Trd, 4318157.043, 83
Trd, 4318157.593, 81
Trd, 4318158.593, 66
Trd, 4318158.743, 101
Trd, 4318159.193, 66
Trd, 4318159.443, 104
Trd, 4318159.843, 122
Trd, 4318160.443, 121
Trd, 4318160.593, 120
Trd, 4318161.793, 119
Trd, 4318163.693, 66
Trd, 4318164.493, 60
Trd, 4318164.743, 64
Trd, 4318165.493, 63
Trd, 4318166.293, 98
Trd, 4318166.493, 115
Trd, 4318167.043, 80
Trd, 4318167.493, 63
Trd, 4318168.043, 70
Trd, 4318168.243, 81
Trd, 4318168.843, 137
Trd, 4318170.043, 124
Trd, 4318170.193, 114
Trd, 4318170.993, 115
Trd, 4318171.743, 112
Trd, 4318172.193, 111
Trd, 4318172.893, 135
Trd, 4318173.243, 122
Trd, 4318173.893, 103
Trd, 4318174.543, 117
Trd, 4318175.793, 116
Trd, 4318176.393, 116
Trd, 4318176.593, 114
Trd, 4318176.843, 130
Trd, 4318177.443, 120
Trd, 4318178.093, 86
Trd, 4318178.943, 92
Trd, 4318179.293, 69
Trd, 4318179.693, 82
Trd, 4318181.543, 61
Trd, 4318181.793, 63
Trd, 4318182.793, 138
Trd, 4318183.243, 74
Trd, 4318184.393, 91
Trd, 4318184.543, 67
Trd, 4318185.193, 76
Trd, 4318185.943, 94
Trd, 4318185.993, 93
Trd, 4318186.093, 90
Trd, 4318186.643, 139
Trd, 4318186.793, 78
Trd, 4318187.993, 135
Trd, 4318188.093, 135
Trd, 4318189.393, 139
Trd, 4318190.593, 140
Trd, 4318190.693, 139
Trd, 4318191.493, 129
Trd, 4318192.543, 121
Trd, 4318193.393, 109
Trd, 4318193.593, 129
Trd, 4318194.443, 109
Trd, 4318195.893, 63
Trd, 4318196.093, 67
Trd, 4318197.293, 73
Trd, 4318197.343, 69
Trd, 4318198.493, 78
Trd, 4318198.943, 78
Trd, 4318199.243, 80
Trd, 4318199.393, 77
Trd, 4318199.893, 82
Trd, 4318200.443, 95
Trd, 4318200.693, 72
Trd, 4318201.643, 60
Trd, 4318202.293, 130
Trd, 4318203.643, 112
Trd, 4318203.843, 112
Trd, 4318204.393, 91
Trd, 4318204.643, 90
Trd, 4318205.943, 88
Trd, 4318207.243, 61
Trd, 4318207.493, 101
Trd, 4318207.843, 81
Trd, 4318208.543, 104
Trd, 4318209.443, 115
Trd, 4318210.093, 126
Trd, 4318210.493, 123
Trd, 4318210.743, 68
Trd, 4318210.843, 68
Trd, 4318211.943, 132
Trd, 4318212.193, 131
Trd, 4318212.243, 108
Trd, 4318214.793, 125
Trd, 4318215.293, 94
Trd, 4318215.493, 93
Trd, 4318215.993, 95
Trd, 4318216.893, 95
Trd, 4318217.843, 133
Trd, 4318218.143, 136
Trd, 4318218.493, 138
Trd, 4318219.393, 123
Trd, 4318219.743, 139
Trd, 4318220.093, 70
Trd, 4318220.293, 88
Trd, 4318222.643, 61
Trd, 4318222.993, 64
Trd, 4318224.143, 65
Trd, 4318225.143, 64
Trd, 4318225.793, 70
Trd, 4318226.593, 68
Trd, 4318226.693, 105
Trd, 4318228.743, 124
Trd, 4318229.043, 90
Trd, 4318229.143, 89
Trd, 4318229.643, 133
Trd, 4318229.743, 132
Trd, 4318230.893, 62
Trd, 4318231.343, 66
Trd, 4318232.343, 75
Trd, 4318233.043, 63
Trd, 4318233.643, 98
Trd, 4318234.293, 137
Trd, 4318234.993, 100
Trd, 4318235.893, 99
Trd, 4318235.993, 87
Trd, 4318236.793, 130
Trd, 4318238.343, 68
Trd, 4318238.443, 76
Trd, 4318238.743, 120
Trd, 4318239.493, 111
Trd, 4318240.493, 140
Trd, 4318240.693, 118
Trd, 4318241.593, 130
Trd, 4318242.443, 131
Trd, 4318244.193, 131
Trd, 4318244.243, 130
Trd, 4318244.343, 129
Trd, 4318244.943, 108
Trd, 4318245.943, 138
Trd, 4318246.293, 135
Trd, 4318247.793, 138
Trd, 4318247.893, 130
Trd, 4318248.343, 93
Trd, 4318250.843, 117
Trd, 4318251.393, 127
Trd, 4318251.443, 115
Trd, 4318251.693, 70
Trd, 4318252.193, 62
Trd, 4318252.593, 61
Trd, 4318253.393, 60
Trd, 4318254.343, 79
Trd, 4318256.343, 65
Trd, 4318256.943, 72
Trd, 4318257.693, 87
Trd, 4318257.843, 86
Trd, 4318257.893, 92
Trd, 4318258.243, 74
Trd, 4318258.643, 75
Trd, 4318258.743, 73
Trd, 4318258.843, 134
Trd, 4318260.143, 127
Trd, 4318260.943, 70
Trd, 4318262.543, 75
Trd, 4318262.993, 120
Trd, 4318263.093, 69
Trd, 4318264.643, 121
Trd, 4318264.843, 121
Trd, 4318266.493, 66
Trd, 4318266.743, 68
Trd, 4318267.193, 127
Trd, 4318267.693, 98
Trd, 4318267.743, 97
Trd, 4318268.293, 97
Trd, 4318268.943, 80
Trd, 4318269.543, 74
Trd, 4318271.743, 70
Trd, 4318272.193, 67
Trd, 4318272.293, 74
Trd, 4318272.643, 76
Trd, 4318273.143, 62
Trd, 4318273.643, 88
Trd, 4318274.243, 69
Trd, 4318275.493, 129
Trd, 4318275.543, 127
Trd, 4318277.243, 81
Trd, 4318277.893, 65
Trd, 4318278.193, 63
Trd, 4318279.293, 124
Trd, 4318279.993, 103
Trd, 4318280.843, 130
Trd, 4318281.093, 137
Trd, 4318282.293, 76
Trd, 4318282.543, 109
Trd, 4318283.043, 132
Trd, 4318283.293, 136
Trd, 4318284.143, 110
Trd, 4318284.193, 109
Trd, 4318284.493, 62
Trd, 4318285.793, 61
Trd, 4318286.543, 61
Trd, 4318286.593, 63
Trd, 4318288.443, 118
Trd, 4318288.843, 97
Trd, 4318289.243, 86
Trd, 4318289.393, 80
Trd, 4318290.943, 63
Trd, 4318292.743, 60
Trd, 4318294.493, 61
Trd, 4318294.893, 65
Trd, 4318295.093, 109
Trd, 4318295.943, 111
Trd, 4318296.543, 96
Trd, 4318296.743, 94
Trd, 4318297.093, 66
Trd, 4318298.043, 79
Trd, 4318298.293, 99
Trd, 4318298.643, 73
Trd, 4318299.943, 63
Trd, 4318300.343, 80
Trd, 4318300.843, 112
Trd, 4318301.093, 63
Trd, 4318301.893, 116
Trd, 4318303.243, 80
Trd, 4318303.843, 74
Trd, 4318304.543, 133
Trd, 4318305.843, 132
Trd, 4318305.943, 76
Trd, 4318306.593, 125
Trd, 4318306.643, 79
Trd, 4318307.393, 74
Trd, 4318308.193, 60
Trd, 4318308.443, 61
Trd, 4318308.493, 75
Trd, 4318311.143, 76
Trd, 4318311.543, 64
Trd, 4318312.293, 71
Trd, 4318313.043, 97
Trd, 4318314.493, 85
Trd, 4318314.543, 97
Trd, 4318314.793, 82
Trd, 4318315.543, 70
Trd, 4318316.943, 98
Trd, 4318317.393, 128
Trd, 4318317.543, 127
Trd, 4318318.143, 129
Trd, 4318320.443, 131
Trd, 4318321.093, 133
Trd, 4318321.143, 131
Trd, 4318321.193, 106
Trd, 4318321.243, 103
Trd, 4318322.293, 133
Trd, 4318323.643, 127
Trd, 4318323.743, 117
Trd, 4318324.443, 104
Trd, 4318325.143, 122
Trd, 4318325.793, 122
Trd, 4318326.093, 122
Trd, 4318326.893, 107
Trd, 4318327.043, 90
Trd, 4318328.043, 122
Trd, 4318329.393, 104
Trd, 4318330.043, 85
Trd, 4318330.093, 84
Trd, 4318331.043, 82
Trd, 4318331.243, 111
Trd, 4318331.943, 76
Trd, 4318332.943, 80
Trd, 4318333.043, 104
Trd, 4318333.343, 115
Trd, 4318333.843, 139
Trd, 4318334.193, 79
Trd, 4318334.243, 70
Trd, 4318335.293, 137
Trd, 4318336.093, 130
Trd, 4318336.943, 108
Trd, 4318339.043, 131
Trd, 4318339.293, 128
Trd, 4318339.493, 125
Trd, 4318340.593, 117
Trd, 4318341.593, 113
Trd, 4318341.893, 71
Trd, 4318342.143, 67
Trd, 4318342.393, 101
Trd, 4318343.193, 69
Trd, 4318344.293, 64
Trd, 4318344.643, 70
Trd, 4318344.793, 69
Trd, 4318345.143, 112
Trd, 4318345.793, 131
Trd, 4318347.393, 126
Trd, 4318347.693, 124
Trd, 4318348.893, 86
Trd, 4318349.493, 75
Trd, 4318350.543, 61
Trd, 4318350.743, 62
Trd, 4318351.243, 81
Trd, 4318351.793, 101
Trd, 4318353.043, 67
Trd, 4318353.343, 63
Trd, 4318353.643, 121
Trd, 4318355.993, 108
Trd, 4318356.693, 95
Trd, 4318356.943, 94
Trd, 4318357.243, 94
Trd, 4318357.993, 110
Trd, 4318358.143, 73
Trd, 4318358.443, 123
Trd, 4318358.593, 69
Trd, 4318360.743, 67
Trd, 4318361.193, 82
Trd, 4318362.743, 99
Trd, 4318362.793, 98
Trd, 4318363.343, 97
Trd, 4318363.593, 110
Trd, 4318364.093, 100
Trd, 4318365.293, 98
Trd, 4318366.593, 119
Trd, 4318367.743, 138
Trd, 4318367.793, 116
Trd, 4318368.243, 117
Trd, 4318368.793, 108
Trd, 4318368.893, 77
Trd, 4318369.293, 81
Trd, 4318369.393, 74
Trd, 4318370.743, 111
Trd, 4318370.993, 124
Trd, 4318371.693, 107
Trd, 4318371.993, 68
Trd, 4318373.043, 104
Trd, 4318373.393, 65
Trd, 4318375.243, 89
Trd, 4318375.693, 60
Trd, 4318377.593, 61
Trd, 4318378.243, 71
Trd, 4318378.643, 60
Trd, 4318378.993, 79
Trd, 4318379.293, 68
Trd, 4318380.843, 138
Trd, 4318381.343, 119
Trd, 4318381.493, 99
Trd, 4318382.593, 62
Trd, 4318382.893, 137
Trd, 4318383.443, 75
Trd, 4318385.593, 61
Trd, 4318385.693, 63
Trd, 4318386.243, 63
Trd, 4318386.343, 63
Trd, 4318387.193, 64
Trd, 4318388.193, 65
Trd, 4318389.293, 109
Trd, 4318389.593, 66
Trd, 4318390.643, 72
Trd, 4318390.943, 103
Trd, 4318391.493, 70
Trd, 4318392.143, 86
Trd, 4318392.343, 90
Trd, 4318392.793, 91
Trd, 4318393.493, 61
Trd, 4318394.943, 61
Trd, 4318396.393, 125
Trd, 4318396.793, 132
Trd, 4318397.143, 132
Trd, 4318397.193, 127
Trd, 4318398.043, 140
Trd, 4318398.093, 130
Trd, 4318399.093, 140
Trd, 4318400.693, 138
Trd, 4318400.893, 117
Trd, 4318401.293, 128
Trd, 4318401.543, 127
Trd, 4318401.993, 114
Trd, 4318403.793, 127
Trd, 4318404.343, 94
Trd, 4318404.443, 94
Trd, 4318405.493, 121
Trd, 4318406.493, 140
Trd, 4318407.243, 124
Trd, 4318408.443, 139
Trd, 4318408.943, 138
Trd, 4318408.993, 115
Trd, 4318409.443, 117
Trd, 4318410.493, 133
Trd, 4318410.593, 111
Trd, 4318411.293, 108
Trd, 4318412.443, 117
Trd, 4318412.943, 93
Trd, 4318413.243, 132
Trd, 4318414.193, 88
Trd, 4318414.593, 110
Trd, 4318414.643, 91
Trd, 4318415.643, 81
Trd, 4318417.793, 62
Trd, 4318418.043, 64
Trd, 4318418.443, 65
Trd, 4318418.593, 122
Trd, 4318419.393, 138
Trd, 4318419.493, 136
Trd, 4318419.543, 116
Trd, 4318420.343, 110
Trd, 4318420.843, 67
Trd, 4318422.793, 73
Trd, 4318422.943, 85
Trd, 4318423.443, 137
Trd, 4318423.793, 102
Trd, 4318424.743, 139
Trd, 4318424.993, 63
Trd, 4318425.393, 68
Trd, 4318425.843, 110
Trd, 4318426.393, 110
Trd, 4318426.793, 119
Trd, 4318427.243, 130
Trd, 4318427.543, 108
Trd, 4318427.743, 135
Trd, 4318428.293, 105
Trd, 4318430.293, 102
Trd, 4318430.543, 87
Trd, 4318430.793, 86
Trd, 4318431.743, 88
Trd, 4318432.143, 71
Trd, 4318433.043, 113
Trd, 4318433.793, 134
Trd, 4318435.443, 62
Trd, 4318436.193, 62
Trd, 4318436.493, 61
Trd, 4318438.493, 60
Trd, 4318439.643, 67
Trd, 4318439.743, 80
Trd, 4318439.843, 93
Trd, 4318439.893, 67
Trd, 4318440.393, 139
Trd, 4318441.893, 108
Trd, 4318442.143, 128
Trd, 4318442.343, 136
Trd, 4318442.893, 112
Trd, 4318443.043, 98
Trd, 4318444.143, 113
Trd, 4318445.043, 116
Trd, 4318445.243, 115
Trd, 4318445.493, 105
Trd, 4318446.143, 88
Trd, 4318446.793, 99
Trd, 4318447.093, 95
Trd, 4318447.393, 82
Trd, 4318447.593, 64
Trd, 4318448.893, 139
Trd, 4318450.643, 140
Trd, 4318450.843, 140
Trd, 4318450.993, 140
Trd, 4318453.143, 140
Trd, 4318453.793, 121
Trd, 4318454.043, 114
Trd, 4318454.343, 113
Trd, 4318455.093, 121
Trd, 4318455.693, 104
Trd, 4318455.843, 115
Trd, 4318456.493, 122
Trd, 4318456.693, 97
Trd, 4318456.993, 110
Trd, 4318457.243, 105
Trd, 4318459.093, 132
Trd, 4318459.193, 109
Trd, 4318460.093, 92
Trd, 4318460.843, 106
Trd, 4318461.393, 134
Trd, 4318461.493, 111
Trd, 4318462.593, 74
Trd, 4318462.993, 78
Trd, 4318463.093, 78
Trd, 4318463.343, 84
Trd, 4318463.843, 79
Trd, 4318464.643, 106
Trd, 4318465.943, 60
Trd, 4318466.543, 109
Trd, 4318466.893, 122
Trd, 4318468.343, 92
Trd, 4318468.843, 122
Trd, 4318469.093, 90
Trd, 4318469.493, 100
Trd, 4318470.343, 62
Trd, 4318472.843, 64
Trd, 4318473.243, 66
Trd, 4318473.743, 61
Trd, 4318474.193, 80
Trd, 4318474.643, 60
Trd, 4318475.543, 102
Trd, 4318475.893, 109
Trd, 4318476.193, 109
Trd, 4318476.243, 108
Trd, 4318476.843, 115
Trd, 4318477.743, 124
Trd, 4318479.243, 121
Trd, 4318479.443, 115
Trd, 4318480.693, 106
Trd, 4318480.893, 87
Trd, 4318481.743, 96
Trd, 4318482.643, 60
Trd, 4318483.143, 71
Trd, 4318483.443, 60
Trd, 4318485.493, 62
Trd, 4318486.143, 107
Trd, 4318486.293, 63
Trd, 4318486.743, 63
Trd, 4318487.043, 64
Trd, 4318487.643, 61
Trd, 4318488.143, 61
Trd, 4318488.593, 67
Trd, 4318490.043, 70
Trd, 4318490.943, 69
Trd, 4318490.993, 67
Trd, 4318492.493, 76
Trd, 4318492.843, 67
Trd, 4318493.293, 100
Trd, 4318493.993, 69
Trd, 4318494.643, 63
Trd, 4318496.193, 77
Trd, 4318496.543, 76
Trd, 4318497.793, 69
Trd, 4318498.143, 67
Trd, 4318499.193, 61
Trd, 4318500.893, 60
Trd, 4318501.093, 62
Trd, 4318502.193, 80
Trd, 4318502.743, 99
Trd, 4318503.343, 112
Trd, 4318503.393, 111
Trd, 4318503.793, 111
Trd, 4318504.343, 110
Trd, 4318504.393, 97
Trd, 4318505.243, 140
Trd, 4318505.543, 140
Trd, 4318505.593, 73
Trd, 4318507.493, 97
Trd, 4318507.943, 120
Trd, 4318508.093, 97
Trd, 4318508.843, 102
Trd, 4318509.643, 69
Trd, 4318510.143, 71
Trd, 4318510.943, 60
Trd, 4318511.593, 60
Trd, 4318511.893, 134
Trd, 4318512.943, 61
Trd, 4318513.643, 62
Trd, 4318514.943, 112
Trd, 4318516.443, 63
Trd, 4318516.693, 107
Trd, 4318517.043, 62
Trd, 4318517.243, 61
Trd, 4318518.593, 65
Trd, 4318518.793, 72
Trd, 4318519.343, 84
Trd, 4318520.693, 64
Trd, 4318521.093, 62
Trd, 4318521.743, 77
Trd, 4318522.243, 66
Trd, 4318522.343, 63
Trd, 4318523.043, 89
Trd, 4318523.793, 74
Trd, 4318524.443, 72
Trd, 4318525.043, 84
Trd, 4318525.143, 86
Trd, 4318527.293, 63
Trd, 4318528.593, 60
Trd, 4318528.643, 62
Trd, 4318529.143, 60
Trd, 4318529.243, 64
Trd, 4318529.743, 64
Trd, 4318530.293, 60
Trd, 4318530.843, 61
Trd, 4318531.793, 85
Trd, 4318533.393, 113
Trd, 4318535.093, 60
Trd, 4318535.193, 65
Trd, 4318535.743, 94
Trd, 4318535.843, 130
Trd, 4318536.043, 71
Trd, 4318536.643, 70
Trd, 4318537.293, 69
Trd, 4318537.643, 62
Trd, 4318538.843, 65
Trd, 4318539.643, 69
Trd, 4318540.393, 121
Trd, 4318540.893, 94
Trd, 4318541.943, 72
Trd, 4318542.393, 61
Trd, 4318543.893, 104
Trd, 4318544.443, 103
Trd, 4318545.243, 102
Trd, 4318545.293, 92
Trd, 4318545.643, 106
Trd, 4318546.093, 60
Trd, 4318546.243, 61
Trd, 4318546.793, 61
Trd, 4318547.643, 106
Trd, 4318548.393, 68
Trd, 4318549.793, 62
Trd, 4318550.993, 60
Trd, 4318551.143, 60
Trd, 4318551.643, 131
Trd, 4318552.493, 62
Trd, 4318554.693, 60
Trd, 4318555.343, 61
Trd, 4318555.393, 62
Trd, 4318556.243, 62
Trd, 4318556.343, 75
Trd, 4318557.293, 61
Trd, 4318557.643, 61
Trd, 4318559.143, 70
Trd, 4318559.993, 83
Trd, 4318560.093, 82
Trd, 4318560.693, 107
Trd, 4318561.543, 86
Trd, 4318561.743, 85
Trd, 4318561.893, 100
Trd, 4318562.243, 65
Trd, 4318563.193, 128
Trd, 4318564.243, 62
Trd, 4318566.143, 65
Trd, 4318566.443, 68
Trd, 4318566.543, 74
Trd, 4318566.693, 61
Trd, 4318566.793, 83
Trd, 4318567.893, 71
Trd, 4318568.443, 76
Trd, 4318568.643, 75
Trd, 4318569.393, 87
Trd, 4318569.643, 71
Trd, 4318571.793, 65
Trd, 4318571.943, 62
Trd, 4318572.693, 83
Trd, 4318573.643, 60
Trd, 4318575.343, 128
Trd, 4318576.343, 137
Trd, 4318576.843, 128
Trd, 4318576.893, 109
Trd, 4318577.043, 99
Trd, 4318578.743, 60
Trd, 4318579.093, 64
Trd, 4318579.893, 64
Trd, 4318580.693, 102
Trd, 4318581.143, 84
Trd, 4318581.593, 80
Trd, 4318582.643, 134
Trd, 4318582.993, 122
Trd, 4318583.393, 99
Trd, 4318584.593, 95
Trd, 4318584.643, 71
Trd, 4318585.893, 64
Trd, 4318586.293, 100
Trd, 4318586.943, 60
Trd, 4318587.893, 112
Trd, 4318589.293, 103
Trd, 4318589.493, 109
Trd, 4318589.743, 110
Trd, 4318590.593, 134
Trd, 4318591.243, 125
Trd, 4318591.393, 110
Trd, 4318591.843, 105
Trd, 4318591.993, 81
Trd, 4318592.693, 62
Trd, 4318593.393, 104
Trd, 4318594.393, 100
Trd, 4318594.993, 107
Trd, 4318596.543, 91
Trd, 4318597.043, 96
Trd, 4318597.343, 79
Trd, 4318598.393, 65
Trd, 4318599.043, 61
Trd, 4318599.743, 63
Trd, 4318600.443, 60
Trd, 4318601.143, 60
Trd, 4318601.643, 72
Trd, 4318602.193, 99
Trd, 4318603.243, 79
Trd, 4318604.193, 73
Trd, 4318604.293, 71
Trd, 4318605.043, 72
Trd, 4318606.493, 120
Trd, 4318606.793, 120
Trd, 4318606.943, 119
Trd, 4318606.993, 118
Trd, 4318607.393, 129
Trd, 4318608.493, 114
Trd, 4318608.793, 114
Trd, 4318610.993, 112
Trd, 4318611.093, 111
Trd, 4318611.243, 106
Trd, 4318612.043, 96
Trd, 4318612.493, 105
Trd, 4318612.593, 100
Trd, 4318613.143, 99
Trd, 4318614.743, 116
Trd, 4318614.793, 119
Trd, 4318615.143, 87
Trd, 4318616.693, 127
Trd, 4318617.593, 124
Trd, 4318617.643, 122
Trd, 4318617.743, 120
Trd, 4318618.693, 119
Trd, 4318619.193, 101
Trd, 4318620.093, 129
Trd, 4318620.243, 128
Trd, 4318620.443, 132
Trd, 4318621.793, 97
Trd, 4318622.893, 121
Trd, 4318622.993, 106
Trd, 4318624.843, 69
Trd, 4318624.943, 96
Trd, 4318626.093, 116
Trd, 4318626.393, 115
Trd, 4318626.443, 114
Trd, 4318626.943, 75
Trd, 4318627.743, 94
Trd, 4318627.943, 79
Trd, 4318628.393, 77
Trd, 4318629.043, 117
Trd, 4318630.443, 128
Trd, 4318631.743, 98
Trd, 4318631.843, 97
Trd, 4318633.593, 128
Trd, 4318633.843, 127
Trd, 4318634.043, 116
Trd, 4318634.593, 102
Trd, 4318634.843, 140
Trd, 4318634.893, 83
Trd, 4318636.193, 130
Trd, 4318636.993, 117
Trd, 4318637.293, 133
Trd, 4318637.343, 116
Trd, 4318638.143, 65
Trd, 4318639.893, 77
Trd, 4318639.943, 76
Trd, 4318640.043, 80
Trd, 4318640.743, 65
Trd, 4318640.893, 62
Trd, 4318641.543, 120
Trd, 4318642.193, 112
Trd, 4318643.493, 129
Trd, 4318643.593, 112
Trd, 4318645.643, 70
Trd, 4318646.193, 108
Trd, 4318646.593, 70
Trd, 4318648.043, 93
Trd, 4318648.393, 104
Trd, 4318649.293, 107
Trd, 4318650.143, 107
Trd, 4318650.343, 128
Trd, 4318650.643, 112
Trd, 4318651.643, 90
Trd, 4318652.343, 87
Trd, 4318653.043, 62
Trd, 4318653.143, 66
Trd, 4318653.343, 68
Trd, 4318654.093, 61
Trd, 4318656.943, 63
Trd, 4318657.093, 65
Trd, 4318658.243, 65
Trd, 4318658.443, 67
Trd, 4318658.493, 85
Trd, 4318660.293, 62
Trd, 4318661.093, 61
Trd, 4318661.593, 112
Trd, 4318662.043, 62
Trd, 4318662.693, 65
Trd, 4318663.493, 60
Trd, 4318664.243, 60
Trd, 4318664.343, 70
Trd, 4318664.693, 61
Trd, 4318664.843, 114
Trd, 4318666.743, 66
Trd, 4318667.293, 119
Trd, 4318667.943, 60
Trd, 4318668.043, 61
Trd, 4318669.043, 71
Trd, 4318669.993, 63
Trd, 4318671.743, 60
Trd, 4318671.943, 71
Trd, 4318672.693, 81
Trd, 4318673.243, 105
Trd, 4318673.943, 64
Trd, 4318674.043, 71
Trd, 4318675.793, 133
Trd, 4318676.543, 102
Trd, 4318676.843, 78
Trd, 4318677.643, 128
Trd, 4318677.943, 116
Trd, 4318678.043, 84
Trd, 4318679.343, 69
Trd, 4318679.593, 67
Trd, 4318680.693, 81
Trd, 4318681.843, 122
Trd, 4318682.743, 121
Trd, 4318684.343, 60
Trd, 4318684.743, 67
Trd, 4318686.143, 125
Trd, 4318686.293, 124
Trd, 4318686.893, 103
Trd, 4318686.943, 101
Trd, 4318687.193, 82
Trd, 4318687.593, 85
Trd, 4318688.343, 122
Trd, 4318689.293, 111
Trd, 4318689.943, 105
Trd, 4318690.393, 107
Trd, 4318691.643, 128
Trd, 4318692.093, 111
Trd, 4318692.343, 117
Trd, 4318692.943, 65
Trd, 4318694.143, 79
Trd, 4318695.143, 76
Trd, 4318695.843, 138
Trd, 4318695.893, 136
Trd, 4318695.943, 123
Trd, 4318696.893, 95
Trd, 4318697.143, 84
Trd, 4318698.693, 86
Trd, 4318700.843, 99
Trd, 4318701.143, 97
Trd, 4318701.243, 96
Trd, 4318701.743, 107
Trd, 4318702.443, 71
Trd, 4318702.543, 110
Trd, 4318703.243, 63
Trd, 4318703.443, 64
Trd, 4318706.043, 64
Trd, 4318706.293, 63
Trd, 4318706.443, 74
Trd, 4318706.943, 86
Trd, 4318707.243, 129
Trd, 4318707.543, 97
Trd, 4318707.743, 96
Trd, 4318708.793, 65
Trd, 4318709.243, 72
Trd, 4318710.743, 60
Trd, 4318711.643, 64
Trd, 4318713.643, 61
Trd, 4318714.643, 71
Trd, 4318715.593, 68
Trd, 4318716.093, 62
Trd, 4318716.543, 62
Trd, 4318716.643, 63
Trd, 4318717.543, 101
Trd, 4318718.793, 64
Trd, 4318720.193, 60
Trd, 4318720.243, 65
Trd, 4318720.843, 88
Trd, 4318721.643, 66
Trd, 4318722.393, 86
Trd, 4318723.943, 119
Trd, 4318724.493, 110
Trd, 4318724.793, 82
Trd, 4318725.143, 74
Trd, 4318725.193, 73
Trd, 4318725.343, 68
Trd, 4318726.693, 103
Trd, 4318727.643, 66
Trd, 4318728.043, 64
Trd, 4318728.093, 76
Trd, 4318728.393, 77
Trd, 4318728.943, 92
Trd, 4318731.293, 134
Trd, 4318731.593, 133
Trd, 4318731.843, 118
Trd, 4318731.893, 114
Trd, 4318733.393, 97
Trd, 4318733.743, 90
Trd, 4318735.543, 63
Trd, 4318735.943, 112
Trd, 4318736.293, 63
Trd, 4318737.143, 67
Trd, 4318737.693, 60
Trd, 4318738.143, 61
Trd, 4318739.093, 60
Trd, 4318739.143, 61
Trd, 4318740.393, 62
Trd, 4318741.393, 104
Trd, 4318742.243, 134
Trd, 4318742.843, 134
Trd, 4318743.343, 133
Trd, 4318744.793, 80
Trd, 4318744.943, 78
Trd, 4318745.343, 75
Trd, 4318746.893, 60
Trd, 4318747.293, 63
Trd, 4318747.543, 63
Trd, 4318748.193, 60
Trd, 4318748.593, 60
Trd, 4318749.493, 67
Trd, 4318751.243, 96
Trd, 4318752.793, 81
Trd, 4318753.093, 114
Trd, 4318754.793, 74
Trd, 4318754.993, 77
Trd, 4318755.143, 70
Trd, 4318755.893, 114
Trd, 4318756.393, 61
Trd, 4318757.643, 64
Trd, 4318757.843, 107
Trd, 4318757.893, 118
Trd, 4318758.843, 110
Trd, 4318759.743, 131
Trd, 4318759.993, 110
Trd, 4318760.743, 62
Trd, 4318761.043, 60
Trd, 4318762.243, 61
Trd, 4318763.193, 60
Trd, 4318764.443, 62
Trd, 4318765.293, 66
Trd, 4318765.343, 68
Trd, 4318767.593, 105
Trd, 4318767.943, 107
Trd, 4318769.743, 103
Trd, 4318771.543, 127
Trd, 4318771.643, 101
Trd, 4318771.843, 100
Trd, 4318771.943, 99
Trd, 4318772.093, 93
Trd, 4318773.643, 91
Trd, 4318774.043, 66
Trd, 4318774.843, 60
Trd, 4318775.593, 60
Trd, 4318776.593, 119
Trd, 4318776.643, 95
Trd, 4318777.093, 137
Trd, 4318777.543, 123
Trd, 4318778.343, 139
Trd, 4318778.543, 107
Trd, 4318779.143, 112
Trd, 4318780.293, 116
Trd, 4318780.393, 114
Trd, 4318780.993, 102
Trd, 4318781.093, 98
Trd, 4318782.343, 75
Trd, 4318783.793, 107
Trd, 4318785.793, 118
Trd, 4318786.043, 117
Trd, 4318786.293, 127
Trd, 4318786.393, 106
Trd, 4318786.643, 107
Trd, 4318787.143, 137
Trd, 4318787.693, 83
Trd, 4318788.093, 60
Trd, 4318788.193, 62
Trd, 4318789.593, 63
Trd, 4318790.043, 60
Trd, 4318790.443, 65
Trd, 4318790.843, 109
Trd, 4318791.543, 72
Trd, 4318792.093, 66
Trd, 4318793.943, 65
Trd, 4318794.143, 66
Trd, 4318795.393, 62
Trd, 4318797.243, 67
Trd, 4318797.393, 67
Trd, 4318797.743, 69
Trd, 4318798.243, 62
Trd, 4318798.643, 63
Trd, 4318798.693, 74
Trd, 4318798.943, 73
Trd, 4318800.443, 118
Trd, 4318800.843, 115
Trd, 4318801.743, 131
Trd, 4318803.443, 118
Trd, 4318803.543, 103
Trd, 4318804.643, 87
Trd, 4318804.693, 82
Trd, 4318805.243, 129
Trd, 4318805.593, 131
Trd, 4318805.993, 128
Trd, 4318806.193, 75
Trd, 4318808.743, 62
Trd, 4318809.193, 63
Trd, 4318809.693, 66
Trd, 4318810.293, 65
Trd, 4318812.043, 64
Trd, 4318812.293, 69
Trd, 4318812.593, 62
Trd, 4318812.893, 62
Trd, 4318813.493, 64
Trd, 4318813.793, 68
Trd, 4318814.343, 64
Trd, 4318814.693, 62
Trd, 4318815.093, 117
Trd, 4318815.743, 81
Trd, 4318816.043, 72
Trd, 4318816.093, 71
Trd, 4318818.893, 62
Trd, 4318819.143, 65
Trd, 4318820.293, 103
Trd, 4318820.893, 104
Trd, 4318822.143, 121
Trd, 4318822.193, 120
Trd, 4318823.043, 122
Trd, 4318823.593, 109
Trd, 4318823.843, 108
Trd, 4318824.943, 131
Trd, 4318825.043, 119
Trd, 4318825.243, 101
Trd, 4318826.243, 100
Trd, 4318826.493, 65
Trd, 4318826.893, 61
Trd, 4318827.393, 65
Trd, 4318828.843, 108
Trd, 4318829.543, 62
Trd, 4318829.843, 70
Trd, 4318830.693, 76
Trd, 4318832.143, 61
Trd, 4318832.343, 65
Trd, 4318833.043, 130
Trd, 4318833.193, 129
Trd, 4318833.493, 104
Trd, 4318834.543, 107
Trd, 4318835.093, 106
Trd, 4318835.193, 132
Trd, 4318835.643, 105
Trd, 4318836.343, 107
Trd, 4318837.393, 125
Trd, 4318837.493, 124
Trd, 4318839.243, 140
Trd, 4318839.293, 140
Trd, 4318839.543, 129
Trd, 4318839.943, 125
Trd, 4318842.343, 126
Trd, 4318842.643, 60
Trd, 4318843.143, 138
Trd, 4318843.243, 137
Trd, 4318844.093, 73
Trd, 4318844.843, 72
Trd, 4318846.043, 126
Trd, 4318846.243, 125
Trd, 4318846.993, 85
Trd, 4318847.443, 83
Trd, 4318847.543, 71
Trd, 4318848.193, 74
Trd, 4318849.593, 117
Trd, 4318850.143, 75
Trd, 4318850.743, 89
Trd, 4318851.443, 89
Trd, 4318852.093, 137
Trd, 4318853.243, 127
Trd, 4318853.593, 127
Trd, 4318853.943, 126
Trd, 4318854.543, 116
Trd, 4318855.193, 116
Trd, 4318856.193, 115
Trd, 4318856.543, 140
Trd, 4318857.343, 122
Trd, 4318858.693, 123
Trd, 4318859.543, 137
Trd, 4318860.343, 95
Trd, 4318860.393, 90
Trd, 4318860.443, 80
Trd, 4318860.843, 124
Trd, 4318861.643, 80
Trd, 4318861.993, 126
Trd, 4318862.493, 80
Trd, 4318863.093, 61
Trd, 4318863.593, 63
Trd, 4318863.793, 63
Trd, 4318864.643, 101
Trd, 4318865.893, 61
Trd, 4318867.443, 62
Trd, 4318868.443, 79
Trd, 4318868.743, 70
Trd, 4318869.043, 74
Trd, 4318869.343, 70
Trd, 4318869.543, 99
Trd, 4318871.343, 72
Trd, 4318871.543, 119
Trd, 4318872.693, 72
Trd, 4318872.743, 72
Trd, 4318873.293, 66
Trd, 4318873.443, 63
Trd, 4318874.843, 140
Trd, 4318874.893, 140
Trd, 4318875.543, 63
Trd, 4318876.593, 62
Trd, 4318876.743, 66
Trd, 4318876.993, 62
Trd, 4318877.743, 76
Trd, 4318878.143, 113
Trd, 4318878.893, 61
Trd, 4318880.143, 127
Trd, 4318880.443, 134
Trd, 4318881.043, 114
Trd, 4318882.443, 60
Trd, 4318883.193, 61
Trd, 4318883.893, 60
Trd, 4318886.843, 61
Trd, 4318887.343, 60
Trd, 4318887.693, 69
Trd, 4318887.743, 75
Trd, 4318888.193, 86
Trd, 4318888.893, 68
Trd, 4318888.993, 105
Trd, 4318889.743, 91
Trd, 4318890.193, 67
Trd, 4318890.443, 68
Trd, 4318890.843, 75
Trd, 4318891.393, 97
Trd, 4318891.643, 69
Trd, 4318892.293, 105
Trd, 4318893.593, 134
Trd, 4318893.843, 134
Trd, 4318894.843, 135
Trd, 4318895.393, 64
Trd, 4318895.443, 77
Trd, 4318896.193, 61
Trd, 4318896.493, 101
Trd, 4318897.043, 65
Trd, 4318898.543, 118
Trd, 4318899.143, 119
Trd, 4318899.293, 113
Trd, 4318900.243, 91
Trd, 4318901.843, 118
Trd, 4318902.493, 117
Trd, 4318902.693, 95
Trd, 4318903.893, 137
Trd, 4318904.293, 79
Trd, 4318904.743, 95
Trd, 4318905.793, 129
Trd, 4318906.093, 128
Trd, 4318906.593, 93
Trd, 4318907.043, 133
Trd, 4318907.543, 100
Trd, 4318909.093, 130
Trd, 4318909.143, 100
Trd, 4318909.493, 100
Trd, 4318910.143, 89
Trd, 4318910.843, 68
Trd, 4318910.993, 63
Trd, 4318912.593, 100
Trd, 4318912.693, 92
Trd, 4318912.893, 139
Trd, 4318913.343, 80
Trd, 4318914.693, 63
Trd, 4318915.493, 94
Trd, 4318916.093, 95
Trd, 4318916.993, 140
Trd, 4318917.493, 140
Trd, 4318918.193, 135
Trd, 4318918.443, 112
Trd, 4318919.393, 139
Trd, 4318919.593, 138
Trd, 4318919.993, 123
Trd, 4318920.343, 116
Trd, 4318920.943, 63
Trd, 4318922.443, 63
Trd, 4318923.193, 133
Trd, 4318923.393, 132
Trd, 4318924.243, 93
Trd, 4318924.993, 81
Trd, 4318925.243, 89
Trd, 4318926.343, 73
Trd, 4318926.393, 107
Trd, 4318926.943, 89
Trd, 4318927.743, 78
Trd, 4318929.043, 66
Trd, 4318929.193, 71
Trd, 4318930.493, 122
Trd, 4318931.693, 120
Trd, 4318932.243, 129
Trd, 4318932.743, 123
Trd, 4318933.843, 137
Trd, 4318934.793, 126
Trd, 4318935.043, 102
Trd, 4318935.143, 95
Trd, 4318935.193, 92
Trd, 4318936.793, 106
Trd, 4318936.943, 89
Trd, 4318937.993, 109
Trd, 4318938.343, 131
Trd, 4318939.143, 131
Trd, 4318939.393, 89
Trd, 4318939.493, 88
Trd, 4318940.143, 69
Trd, 4318941.593, 130
Trd, 4318941.643, 84
Trd, 4318942.593, 125
Trd, 4318942.643, 107
Trd, 4318943.143, 134
Trd, 4318944.293, 60
Trd, 4318945.293, 62
Trd, 4318946.843, 133
Trd, 4318947.293, 133
Trd, 4318947.693, 136
Trd, 4318947.893, 114
Trd, 4318948.693, 105
Trd, 4318948.893, 104
Trd, 4318949.543, 135
Trd, 4318949.993, 129
Trd, 4318951.043, 67
Trd, 4318951.543, 65
Trd, 4318951.793, 117
Trd, 4318953.143, 137
Trd, 4318953.543, 136
Trd, 4318954.843, 118
Trd, 4318955.093, 114
Trd, 4318955.743, 114
Trd, 4318956.193, 86
Trd, 4318957.293, 66
Trd, 4318958.593, 60
Trd, 4318958.943, 72
Trd, 4318959.493, 60
Trd, 4318959.843, 86
Trd, 4318960.393, 80
Trd, 4318960.843, 82
Trd, 4318961.293, 72
Trd, 4318962.943, 68
Trd, 4318964.693, 60
Trd, 4318965.343, 67
Trd, 4318966.193, 132
Trd, 4318967.693, 140
Trd, 4318969.093, 133
Trd, 4318969.643, 126
Trd, 4318969.893, 133
Trd, 4318970.243, 118
Trd, 4318970.893, 139
Trd, 4318971.243, 116
Trd, 4318971.693, 98
Trd, 4318973.043, 123
Trd, 4318973.943, 128
Trd, 4318974.343, 127
Trd, 4318974.593, 94
Trd, 4318974.743, 60
Trd, 4318975.043, 121
Trd, 4318975.493, 121
Trd, 4318978.193, 82
Trd, 4318978.443, 80
Trd, 4318978.893, 127
Trd, 4318979.143, 100
Trd, 4318980.043, 60
Trd, 4318980.543, 68
Trd, 4318980.843, 65
Trd, 4318981.893, 64
Trd, 4318982.993, 85
Trd, 4318983.893, 104
Trd, 4318984.043, 102
Trd, 4318984.543, 83
Trd, 4318985.993, 60
Trd, 4318986.593, 60
Trd, 4318987.193, 65
Trd, 4318988.443, 85
Trd, 4318988.493, 98
Trd, 4318988.693, 84
Trd, 4318989.793, 137
Trd, 4318989.943, 136
Trd, 4318990.343, 126
Trd, 4318990.743, 60
Trd, 4318992.093, 63
Trd, 4318992.193, 64
Trd, 4318993.143, 125
Trd, 4318993.493, 124
Trd, 4318994.143, 104
Trd, 4318994.693, 136
Trd, 4318995.443, 111
Trd, 4318996.643, 92
Trd, 4318996.693, 90
Trd, 4318997.043, 125
Trd, 4318997.193, 119
Trd, 4318998.593, 60
Trd, 4318998.993, 65
Trd, 4319000.393, 60
Trd, 4319000.893, 95
Trd, 4319001.443, 70
Trd, 4319002.043, 125
Trd, 4319002.293, 69
Trd, 4319003.393, 113
Trd, 4319004.643, 111
Trd, 4319005.093, 110
Trd, 4319005.393, 107
Trd, 4319006.043, 111
Trd, 4319006.443, 92
Trd, 4319006.743, 91
Trd, 4319008.093, 128
Trd, 4319008.593, 113
Trd, 4319008.893, 83
Trd, 4319010.093, 89
Trd, 4319010.343, 112
Trd, 4319010.393, 89
Trd, 4319011.293, 89
Trd, 4319011.993, 95
Trd, 4319012.543, 80
Trd, 4319014.693, 112
Trd, 4319014.793, 117
Trd, 4319014.843, 99
Trd, 4319014.893, 90
Trd, 4319016.843, 118
Trd, 4319017.193, 70
Trd, 4319017.793, 120
Trd, 4319019.493, 116
Trd, 4319020.443, 96
Trd, 4319020.643, 100
Trd, 4319020.743, 87
Trd, 4319021.543, 66
Trd, 4319022.093, 63
Trd, 4319022.493, 95
Trd, 4319023.393, 76
Trd, 4319024.693, 64
Trd, 4319025.143, 119
Trd, 4319026.193, 129
Trd, 4319026.493, 75
Trd, 4319027.743, 71
Trd, 4319028.343, 62
Trd, 4319029.393, 62
Trd, 4319030.193, 134
Trd, 4319031.443, 61
Trd, 4319032.943, 118
Trd, 4319032.993, 117
Trd, 4319033.043, 104
Trd, 4319033.343, 97
Trd, 4319034.743, 111
Trd, 4319034.843, 100
Trd, 4319035.343, 92
Trd, 4319035.743, 75
Trd, 4319035.843, 115
Trd, 4319037.393, 96
Trd, 4319038.493, 100
Trd, 4319038.543, 96
Trd, 4319038.843, 88
Trd, 4319039.243, 99
Trd, 4319039.893, 65
Trd, 4319041.293, 103
Trd, 4319042.093, 140
Trd, 4319042.343, 135
Trd, 4319043.993, 134
Trd, 4319044.143, 136
Trd, 4319044.793, 127
Trd, 4319044.843, 113
Trd, 4319045.643, 113
Trd, 4319048.043, 99
Trd, 4319048.293, 104
Trd, 4319048.893, 117
Trd, 4319049.093, 86
Trd, 4319049.243, 120
Trd, 4319049.893, 60
Trd, 4319050.943, 85
Trd, 4319054.643, 63
Trd, 4319054.943, 63
Trd, 4319055.293, 69
Trd, 4319055.743, 69
Trd, 4319056.193, 99
Trd, 4319056.243, 98
Trd, 4319056.743, 106
Trd, 4319057.793, 60
Trd, 4319058.093, 76
Trd, 4319058.243, 75
Trd, 4319059.893, 105
Trd, 4319060.493, 105
Trd, 4319060.993, 67
Trd, 4319061.843, 62
Trd, 4319063.293, 133
Trd, 4319063.443, 129
Trd, 4319063.993, 108
Trd, 4319064.143, 91
Trd, 4319064.443, 140
Trd, 4319064.593, 69
Trd, 4319065.193, 65
Trd, 4319065.793, 60
Trd, 4319067.493, 66
Trd, 4319068.493, 81
Trd, 4319069.343, 88
Trd, 4319069.443, 85
Trd, 4319071.393, 110
Trd, 4319071.443, 112
Trd, 4319071.793, 115
Trd, 4319072.243, 139
Trd, 4319072.693, 114
Trd, 4319073.043, 84
Trd, 4319073.443, 101
Trd, 4319074.393, 62
Trd, 4319077.093, 60
Trd, 4319077.243, 75
Trd, 4319077.643, 75
Trd, 4319078.593, 62
Trd, 4319079.093, 66
Trd, 4319079.143, 63
Trd, 4319081.043, 61
Trd, 4319081.143, 62
Trd, 4319082.593, 87
Trd, 4319082.893, 86
Trd, 4319083.093, 98
Trd, 4319083.743, 118
Trd, 4319084.443, 117
Trd, 4319085.143, 70
Trd, 4319085.493, 62
Trd, 4319086.043, 74
Trd, 4319086.893, 68
Trd, 4319087.893, 99
Trd, 4319088.243, 86
Trd, 4319088.643, 129
Trd, 4319089.343, 139
Trd, 4319089.543, 122
Trd, 4319090.243, 121
Trd, 4319090.743, 97
Trd, 4319092.093, 100
Trd, 4319092.493, 80
Trd, 4319092.843, 131
Trd, 4319093.343, 77
Trd, 4319093.993, 61
Trd, 4319094.043, 70
Trd, 4319095.493, 75
Trd, 4319097.293, 63
Trd, 4319097.843, 61
Trd, 4319098.193, 60
Trd, 4319099.593, 81
Trd, 4319100.293, 99
Trd, 4319100.493, 84
Trd, 4319100.793, 116
Trd, 4319102.493, 69
Trd, 4319102.943, 69
Trd, 4319104.293, 102
Trd, 4319104.693, 70
Trd, 4319105.293, 137
Trd, 4319105.593, 105
Trd, 4319106.743, 109
Trd, 4319107.493, 88
Trd, 4319108.193, 89
Trd, 4319108.593, 123
Trd, 4319108.643, 122
Trd, 4319110.043, 85
Trd, 4319110.343, 81
Trd, 4319110.893, 122
Trd, 4319111.543, 139
Trd, 4319111.643, 116
Trd, 4319112.393, 126
Trd, 4319112.843, 104
Trd, 4319113.193, 103
Trd, 4319114.143, 119
Trd, 4319114.543, 119
Trd, 4319114.693, 116
Trd, 4319115.843, 71
Trd, 4319118.043, 86
Trd, 4319119.443, 66
Trd, 4319119.993, 91
Trd, 4319120.143, 90
Trd, 4319120.593, 110
Trd, 4319121.093, 83
Trd, 4319122.443, 75
Trd, 4319122.593, 68
Trd, 4319123.743, 60
Trd, 4319124.293, 99
Trd, 4319125.143, 112
Trd, 4319125.443, 127
Trd, 4319126.243, 105
Trd, 4319126.543, 105
Trd, 4319127.343, 125
Trd, 4319127.943, 106
Trd, 4319128.893, 105
Trd, 4319129.093, 94
Trd, 4319129.793, 61
Trd, 4319129.943, 62
Trd, 4319130.443, 62
Trd, 4319131.293, 65
Trd, 4319131.443, 63
Trd, 4319132.543, 74
Trd, 4319133.393, 70
Trd, 4319133.943, 112
Trd, 4319134.793, 73
Trd, 4319135.093, 72
Trd, 4319135.193, 66
Trd, 4319136.143, 103
Trd, 4319136.443, 76
Trd, 4319137.343, 61
Trd, 4319138.193, 68
Trd, 4319138.393, 115
Trd, 4319139.043, 69
Trd, 4319139.943, 112
Trd, 4319141.293, 140
Trd, 4319141.693, 123
Trd, 4319141.943, 114
Trd, 4319142.843, 127
Trd, 4319144.093, 94
Trd, 4319144.693, 110
Trd, 4319144.893, 74
Trd, 4319145.293, 67
Trd, 4319145.693, 61
Trd, 4319146.693, 78
Trd, 4319148.793, 62
Trd, 4319149.943, 60
Trd, 4319150.093, 64
Trd, 4319150.743, 66
Trd, 4319150.993, 63
Trd, 4319152.043, 62
Trd, 4319152.193, 98
Trd, 4319153.193, 63
Trd, 4319153.743, 67
Trd, 4319154.243, 66
Trd, 4319154.443, 63
Trd, 4319155.493, 74
Trd, 4319155.593, 67
Trd, 4319155.743, 69
Trd, 4319156.093, 61
Trd, 4319156.243, 62
Trd, 4319156.793, 134
Trd, 4319157.743, 128
Trd, 4319159.493, 90
Trd, 4319159.693, 89
Trd, 4319160.893, 62
Trd, 4319161.393, 61
Trd, 4319161.493, 61
Trd, 4319161.693, 65
Trd, 4319163.843, 76
Trd, 4319164.093, 72
Trd, 4319164.743, 76
Trd, 4319164.893, 70
Trd, 4319165.893, 74
Trd, 4319166.193, 60
Trd, 4319166.343, 66
Trd, 4319166.643, 74
Trd, 4319168.443, 124
Trd, 4319169.693, 128
Trd, 4319169.743, 115
Trd, 4319169.843, 119
Trd, 4319170.693, 106
Trd, 4319171.243, 105
Trd, 4319171.493, 122
Trd, 4319172.493, 96
Trd, 4319174.343, 139
Trd, 4319174.793, 125
Trd, 4319175.293, 110
Trd, 4319176.043, 137
Trd, 4319176.293, 108
Trd, 4319177.193, 139
Trd, 4319177.243, 124
Trd, 4319177.943, 61
Trd, 4319178.993, 60
Trd, 4319179.593, 61
Trd, 4319180.343, 70
Trd, 4319181.493, 129
Trd, 4319182.443, 129
Trd, 4319182.943, 131
Trd, 4319183.493, 131
Trd, 4319183.743, 131
Trd, 4319184.843, 128
Trd, 4319184.893, 115
Trd, 4319185.293, 60
Trd, 4319185.493, 91
Trd, 4319186.693, 128
Trd, 4319187.193, 83
Trd, 4319188.243, 75
Trd, 4319188.793, 75
Trd, 4319190.093, 132
Trd, 4319191.743, 139
Trd, 4319191.843, 108
Trd, 4319192.643, 130
Trd, 4319192.843, 127
Trd, 4319193.593, 134
Trd, 4319193.943, 133
Trd, 4319194.793, 89
Trd, 4319195.193, 140
Trd, 4319196.343, 106
Trd, 4319196.743, 112
Trd, 4319197.293, 108
Trd, 4319198.043, 115
Trd, 4319199.193, 132
Trd, 4319199.293, 130
Trd, 4319200.543, 140
Trd, 4319202.093, 140
Trd, 4319202.743, 140
Trd, 4319202.993, 132
Trd, 4319203.093, 118
Trd, 4319203.693, 135
Trd, 4319203.893, 120
Trd, 4319204.493, 104
Trd, 4319205.843, 84
Trd, 4319206.593, 93
Trd, 4319206.793, 133
Trd, 4319208.293, 74
Trd, 4319209.043, 83
Trd, 4319209.543, 114
Trd, 4319209.743, 139
Trd, 4319210.443, 118
Trd, 4319211.943, 123
Trd, 4319212.393, 120
Trd, 4319212.443, 117
Trd, 4319214.193, 62
Trd, 4319214.643, 65
Trd, 4319214.893, 60
Trd, 4319215.293, 86
Trd, 4319215.943, 60
Trd, 4319216.393, 60
Trd, 4319216.693, 63
Trd, 4319218.343, 136
Trd, 4319218.543, 116
Trd, 4319219.543, 103
Trd, 4319220.093, 100
Trd, 4319220.893, 102
Trd, 4319221.393, 92
Trd, 4319221.943, 61
Trd, 4319222.693, 61
Trd, 4319223.393, 86
Trd, 4319223.793, 105
Trd, 4319224.093, 122
Trd, 4319225.243, 76
Trd, 4319226.943, 72
Trd, 4319227.693, 138
Trd, 4319228.493, 100
Trd, 4319228.843, 98
Trd, 4319229.243, 125
Trd, 4319229.343, 119
Trd, 4319230.343, 68
Trd, 4319231.543, 124
Trd, 4319231.593, 115
Trd, 4319232.543, 126
Trd, 4319233.243, 126
Trd, 4319233.343, 124
Trd, 4319234.443, 114
Trd, 4319234.743, 115
Trd, 4319234.943, 115
Trd, 4319235.543, 112
Trd, 4319237.593, 125
Trd, 4319237.993, 130
Trd, 4319238.193, 94
Trd, 4319239.693, 122
Trd, 4319239.743, 121
Trd, 4319239.793, 108
Trd, 4319240.993, 108
Trd, 4319241.143, 95
Trd, 4319241.643, 83
Trd, 4319242.943, 128
Trd, 4319244.443, 60
Trd, 4319245.693, 60
Trd, 4319248.343, 63
Trd, 4319249.193, 63
Trd, 4319249.443, 73
Trd, 4319250.993, 64
Trd, 4319251.393, 67
Trd, 4319251.493, 73
Trd, 4319251.643, 63
Trd, 4319252.093, 62
Trd, 4319252.293, 66
Trd, 4319252.943, 60
Trd, 4319253.543, 69
Trd, 4319255.093, 93
Trd, 4319255.293, 92
Trd, 4319255.443, 95
Trd, 4319256.243, 83
Trd, 4319257.193, 82
Trd, 4319257.693, 112
Trd, 4319258.643, 99
Trd, 4319259.043, 98
Trd, 4319261.143, 105
Trd, 4319261.243, 102
Trd, 4319262.743, 123
Trd, 4319263.493, 113
Trd, 4319264.393, 104
Trd, 4319264.893, 87
Trd, 4319265.193, 86
Trd, 4319265.443, 127
Trd, 4319266.043, 79
Trd, 4319266.543, 109
Trd, 4319267.193, 89
Trd, 4319267.393, 117
Trd, 4319269.593, 64
Trd, 4319269.943, 64
Trd, 4319270.243, 63
Trd, 4319270.293, 66
Trd, 4319270.593, 104
Trd, 4319270.893, 63
Trd, 4319271.693, 66
Trd, 4319272.193, 64
Trd, 4319272.993, 60
Trd, 4319273.843, 95
Trd, 4319274.443, 91
Trd, 4319274.793, 94
Trd, 4319274.993, 86
Trd, 4319275.993, 121
Trd, 4319276.143, 114
Trd, 4319277.743, 100
Trd, 4319279.043, 60
Trd, 4319280.043, 115
Trd, 4319280.743, 65
Trd, 4319280.993, 65
Trd, 4319281.393, 64
Trd, 4319282.343, 62
Trd, 4319282.443, 78
Trd, 4319283.393, 62
Trd, 4319284.093, 62
Trd, 4319284.443, 76
Trd, 4319284.843, 97
Trd, 4319286.243, 85
Trd, 4319286.543, 83
Trd, 4319287.043, 96
Trd, 4319288.243, 73
Trd, 4319288.443, 71
Trd, 4319288.543, 70
Trd, 4319289.043, 73
Trd, 4319289.893, 63
Trd, 4319290.543, 89
Trd, 4319290.943, 138
Trd, 4319291.793, 127
Trd, 4319292.643, 98
Trd, 4319293.443, 131
Trd, 4319294.543, 107
Trd, 4319294.893, 101
Trd, 4319295.193, 127
Trd, 4319295.293, 115
Trd, 4319295.643, 104
Trd, 4319296.343, 132
Trd, 4319297.543, 119
Trd, 4319298.393, 135
Trd, 4319298.943, 119
Trd, 4319299.043, 114
Trd, 4319301.293, 134
Trd, 4319302.943, 126
Trd, 4319304.293, 121
Trd, 4319304.393, 120
Trd, 4319304.843, 104
Trd, 4319305.093, 90
Trd, 4319307.043, 60
Trd, 4319307.143, 68
Trd, 4319307.343, 64
Trd, 4319307.843, 64
Trd, 4319308.343, 92
Trd, 4319308.693, 83
Trd, 4319309.993, 130
Trd, 4319310.243, 121
Trd, 4319311.193, 71
Trd, 4319312.393, 120
Trd, 4319312.493, 119
Trd, 4319312.693, 116
Trd, 4319312.843, 130
Trd, 4319315.493, 138
Trd, 4319316.643, 128
Trd, 4319317.293, 122
Trd, 4319317.393, 121
Trd, 4319317.443, 90
Trd, 4319318.843, 99
Trd, 4319319.043, 95
Trd, 4319319.743, 98
Trd, 4319319.993, 94
Trd, 4319320.643, 80
Trd, 4319321.043, 93
Trd, 4319321.593, 64
Trd, 4319321.893, 120
Trd, 4319322.743, 62
Trd, 4319323.793, 75
Trd, 4319324.743, 65
Trd, 4319326.193, 61
Trd, 4319326.443, 62
Trd, 4319326.743, 67
Trd, 4319326.793, 64
Trd, 4319327.093, 64
Trd, 4319327.793, 92
Trd, 4319328.393, 118
Trd, 4319328.543, 137
Trd, 4319328.643, 82
Trd, 4319329.293, 76
Trd, 4319329.843, 61
Trd, 4319332.143, 60
Trd, 4319333.143, 64
Trd, 4319334.093, 126
Trd, 4319334.893, 127
Trd, 4319335.093, 126
Trd, 4319335.593, 110
Trd, 4319335.793, 90
Trd, 4319336.093, 126
Trd, 4319336.843, 90
Trd, 4319337.543, 115
Trd, 4319338.493, 123
Trd, 4319338.743, 130
Trd, 4319340.293, 65
Trd, 4319340.643, 60
Trd, 4319340.893, 61
Trd, 4319341.793, 60
Trd, 4319341.993, 66
Trd, 4319342.643, 71
Trd, 4319343.043, 111
Trd, 4319344.693, 70
Trd, 4319345.793, 118
Trd, 4319346.993, 61
Trd, 4319347.193, 63
Trd, 4319347.493, 81
Trd, 4319347.993, 62
Trd, 4319349.543, 61
Trd, 4319349.893, 131
Trd, 4319350.443, 122
Trd, 4319351.393, 101
Trd, 4319351.843, 62
Trd, 4319353.143, 91
Trd, 4319354.293, 65
Trd, 4319355.193, 71
Trd, 4319355.793, 72
Trd, 4319355.943, 71
Trd, 4319356.993, 87
Trd, 4319357.093, 78
Trd, 4319357.643, 76
Trd, 4319359.143, 116
Trd, 4319359.343, 107
Trd, 4319359.743, 104
Trd, 4319359.893, 68
Trd, 4319360.043, 66
Trd, 4319361.743, 140
Trd, 4319362.093, 140
Trd, 4319362.943, 132
Trd, 4319363.343, 118
Trd, 4319363.843, 119
Trd, 4319364.343, 118
Trd, 4319364.943, 90
Trd, 4319365.643, 83
Trd, 4319366.143, 94
Trd, 4319366.943, 66
Trd, 4319367.743, 72
Trd, 4319368.393, 77
Trd, 4319368.593, 75
Trd, 4319368.643, 85
Trd, 4319369.043, 71
Trd, 4319369.743, 82
Trd, 4319370.843, 70
Trd, 4319371.893, 64
Trd, 4319372.443, 69
Trd, 4319374.393, 110
Trd, 4319374.643, 99
Trd, 4319375.293, 139
Trd, 4319375.743, 130
Trd, 4319376.593, 115
Trd, 4319377.043, 86
Trd, 4319377.093, 85
Trd, 4319377.393, 83
Trd, 4319378.493, 98
Trd, 4319378.793, 87
Trd, 4319379.793, 104
Trd, 4319381.543, 104
Trd, 4319381.743, 112
Trd, 4319382.293, 68
Trd, 4319382.593, 62
Trd, 4319383.393, 64
Trd, 4319383.943, 90
Trd, 4319384.293, 75
Trd, 4319384.493, 114
Trd, 4319384.893, 124
Trd, 4319386.643, 125
Trd, 4319387.593, 123
Trd, 4319387.893, 121
Trd, 4319388.493, 121
Trd, 4319388.693, 120
Trd, 4319389.043, 137
Trd, 4319389.793, 110
Trd, 4319390.543, 120
Trd, 4319390.743, 103
Trd, 4319391.043, 129
Trd, 4319391.993, 102
Trd, 4319392.643, 73
Trd, 4319393.043, 62
Trd, 4319393.193, 82
Trd, 4319393.893, 135
Trd, 4319395.293, 127
Trd, 4319397.293, 120
Trd, 4319397.643, 104
Trd, 4319397.843, 87
Trd, 4319398.043, 86
Trd, 4319398.643, 88
Trd, 4319399.593, 69
Trd, 4319400.243, 60
Trd, 4319401.493, 60
Trd, 4319402.843, 62
Trd, 4319404.093, 62
Trd, 4319404.793, 61
Trd, 4319405.093, 61
Trd, 4319405.293, 69
Trd, 4319405.643, 110
Trd, 4319406.293, 136
Trd, 4319407.543, 104
Trd, 4319407.693, 102
Trd, 4319409.043, 105
Trd, 4319409.393, 72
Trd, 4319410.343, 68
Trd, 4319411.793, 68
Trd, 4319411.993, 88
Trd, 4319413.843, 73
Trd, 4319413.943, 72
Trd, 4319414.093, 67
Trd, 4319414.143, 79
Trd, 4319415.343, 61
Trd, 4319415.443, 62
Trd, 4319415.693, 63
Trd, 4319415.893, 79
Trd, 4319416.993, 69
Trd, 4319417.893, 64
Trd, 4319419.843, 119
Trd, 4319420.343, 120
Trd, 4319420.443, 119
Trd, 4319421.543, 129
Trd, 4319421.943, 122
Trd, 4319422.793, 113
Trd, 4319422.993, 127
Trd, 4319423.743, 108
Trd, 4319423.793, 112
Trd, 4319424.243, 80
Trd, 4319425.843, 61
Trd, 4319426.993, 61
Trd, 4319427.243, 61
Trd, 4319427.593, 61
Trd, 4319427.843, 72
Trd, 4319428.943, 71
Trd, 4319429.393, 64
Trd, 4319429.693, 77
Trd, 4319430.393, 114
Trd, 4319431.193, 122
Trd, 4319431.993, 117
Trd, 4319432.193, 117
Trd, 4319432.993, 118
Trd, 4319433.293, 117
Trd, 4319433.793, 121
Trd, 4319434.493, 112
Trd, 4319434.743, 97
Trd, 4319436.893, 107
Trd, 4319437.143, 62
Trd, 4319437.943, 107
Trd, 4319439.243, 86
Trd, 4319439.293, 84
Trd, 4319439.593, 75
Trd, 4319441.093, 89
Trd, 4319441.943, 101
Trd, 4319442.693, 127
Trd, 4319443.093, 82
Trd, 4319443.143, 105
Trd, 4319444.543, 60
Trd, 4319444.943, 63
Trd, 4319448.143, 131
Trd, 4319448.443, 133
Trd, 4319448.493, 130
Trd, 4319449.393, 62
Trd, 4319449.543, 63
Trd, 4319450.493, 60
Trd, 4319450.793, 109
Trd, 4319452.293, 115
Trd, 4319452.543, 113
Trd, 4319453.293, 108
Trd, 4319453.993, 100
Trd, 4319454.843, 113
Trd, 4319454.993, 111
Trd, 4319455.643, 140
Trd, 4319455.893, 140
Trd, 4319456.143, 120
Trd, 4319457.093, 133
Trd, 4319458.143, 121
Trd, 4319458.343, 120
Trd, 4319459.543, 112
Trd, 4319460.043, 120
Trd, 4319460.943, 111
Trd, 4319461.543, 111
Trd, 4319461.793, 110
Trd, 4319462.043, 121
Trd, 4319462.643, 102
Trd, 4319463.143, 106
Trd, 4319463.693, 130
Trd, 4319463.993, 119
Trd, 4319464.093, 61
Trd, 4319464.743, 82
Trd, 4319466.393, 75
Trd, 4319467.643, 89
Trd, 4319467.893, 103
Trd, 4319468.093, 89
Trd, 4319469.043, 88
Trd, 4319469.893, 91
Trd, 4319470.493, 114
Trd, 4319470.943, 140
Trd, 4319470.993, 92
Trd, 4319471.943, 124
Trd, 4319472.393, 109
Trd, 4319473.443, 62
Trd, 4319474.193, 62
Trd, 4319474.793, 64
Trd, 4319476.243, 104
Trd, 4319476.743, 94
Trd, 4319478.193, 73
Trd, 4319478.793, 111
Trd, 4319478.893, 96
Trd, 4319479.543, 108
Trd, 4319479.693, 90
Trd, 4319479.843, 74
Trd, 4319480.843, 78
Trd, 4319481.593, 69
Trd, 4319482.043, 72
Trd, 4319483.293, 109
Trd, 4319484.693, 110
Trd, 4319484.993, 128
Trd, 4319485.243, 107
Trd, 4319487.443, 131
Trd, 4319487.593, 131
Trd, 4319487.743, 130
Trd, 4319488.043, 132
Trd, 4319488.893, 123
Trd, 4319489.343, 122
Trd, 4319489.793, 61
Trd, 4319490.343, 89
Trd, 4319491.143, 137
Trd, 4319491.593, 63
Trd, 4319493.443, 62
Trd, 4319493.993, 80
Trd, 4319494.443, 76
Trd, 4319494.593, 95
Trd, 4319495.443, 137
Trd, 4319495.743, 114
Trd, 4319498.293, 71
Trd, 4319498.643, 84
Trd, 4319498.693, 69
Trd, 4319499.643, 71
Trd, 4319500.193, 63
Trd, 4319500.843, 69
Trd, 4319501.043, 124
Trd, 4319502.293, 128
Trd, 4319502.893, 63
Trd, 4319503.093, 82
Trd, 4319503.843, 60
Trd, 4319504.243, 100
Trd, 4319505.643, 60
Trd, 4319505.943, 69
Trd, 4319506.243, 61
Trd, 4319508.293, 123
Trd, 4319509.193, 127
Trd, 4319509.243, 124
Trd, 4319509.493, 122
Trd, 4319509.543, 122
Trd, 4319509.743, 107
Trd, 4319509.793, 106
Trd, 4319510.243, 98
Trd, 4319511.693, 140
Trd, 4319512.143, 129
Trd, 4319512.693, 98
Trd, 4319513.343, 98
Trd, 4319513.843, 131
Trd, 4319515.443, 74
Trd, 4319517.293, 106
Trd, 4319517.493, 107
Trd, 4319517.893, 92
Trd, 4319518.693, 61
Trd, 4319519.243, 116
Trd, 4319520.343, 65
Trd, 4319520.393, 67
Trd, 4319521.593, 62
Trd, 4319521.743, 112
Trd, 4319522.543, 129
Trd, 4319524.343, 72
Trd, 4319524.443, 86
Trd, 4319524.993, 84
Trd, 4319525.643, 72
Trd, 4319525.693, 71
Trd, 4319526.143, 70
Trd, 4319526.243, 61
Trd, 4319526.793, 69
Trd, 4319527.443, 62
Trd, 4319529.143, 60
Trd, 4319529.843, 65
Trd, 4319530.443, 99
Trd, 4319530.743, 99
Trd, 4319531.643, 128
Trd, 4319532.693, 102
Trd, 4319533.293, 122
Trd, 4319533.493, 124
Trd, 4319533.643, 111
Trd, 4319535.243, 120
Trd, 4319535.393, 123
Trd, 4319535.593, 119
Trd, 4319535.993, 93
Trd, 4319536.593, 73
Trd, 4319538.243, 131
Trd, 4319539.043, 130
Trd, 4319539.193, 116
Trd, 4319539.843, 108
Trd, 4319540.243, 118
Trd, 4319540.993, 107
Trd, 4319541.393, 102
Trd, 4319541.743, 82
Trd, 4319542.743, 126
Trd, 4319543.693, 123
Trd, 4319543.993, 107
Trd, 4319544.743, 140
Trd, 4319544.993, 81
Trd, 4319546.293, 94
Trd, 4319547.393, 91
Trd, 4319548.093, 134
Trd, 4319548.393, 116
Trd, 4319548.593, 92
Trd, 4319548.843, 79
Trd, 4319549.993, 77
Trd, 4319550.243, 72
Trd, 4319550.793, 104
Trd, 4319551.143, 126
Trd, 4319551.943, 70
Trd, 4319552.493, 118
Trd, 4319555.043, 67
Trd, 4319555.743, 61
Trd, 4319556.593, 60
Trd, 4319557.793, 63
Trd, 4319557.843, 60
Trd, 4319557.893, 64
Trd, 4319558.243, 137
Trd, 4319560.243, 61
Trd, 4319560.443, 69
Trd, 4319560.543, 87
Trd, 4319561.743, 68
Trd, 4319562.043, 65
Trd, 4319562.843, 128
Trd, 4319562.993, 100
Trd, 4319563.443, 95
Trd, 4319564.043, 63
Trd, 4319565.443, 65
Trd, 4319565.843, 115
Trd, 4319565.943, 112
Trd, 4319567.193, 73
Trd, 4319568.293, 136
Trd, 4319568.493, 132
Trd, 4319568.793, 131
Trd, 4319569.743, 140
Trd, 4319570.393, 123
Trd, 4319570.443, 103
Trd, 4319571.493, 80
Trd, 4319571.993, 113
Trd, 4319573.143, 103
Trd, 4319574.393, 85
Trd, 4319576.443, 130
Trd, 4319576.793, 72
Trd, 4319576.993, 124
Trd, 4319577.693, 107
Trd, 4319577.793, 132
Trd, 4319577.993, 131
Trd, 4319579.393, 130
Trd, 4319580.593, 132
Trd, 4319581.143, 114
Trd, 4319581.793, 63
Trd, 4319582.743, 72
Trd, 4319583.643, 137
Trd, 4319584.393, 126
Trd, 4319584.793, 104
Trd, 4319584.943, 103
Trd, 4319585.593, 72
Trd, 4319586.693, 84
Trd, 4319587.993, 139
Trd, 4319588.543, 108
Trd, 4319589.593, 117
Trd, 4319589.893, 129
Trd, 4319589.993, 93
Trd, 4319591.443, 125
Trd, 4319591.493, 104
Trd, 4319592.593, 139
Trd, 4319593.393, 125
Trd, 4319593.593, 122
Trd, 4319594.093, 67
Trd, 4319594.693, 70
Trd, 4319594.993, 79
Trd, 4319596.593, 62
Trd, 4319598.443, 61
Trd, 4319598.643, 63
Trd, 4319599.393, 66
Trd, 4319601.043, 67
Trd, 4319601.443, 68
Trd, 4319602.593, 70
Trd, 4319602.943, 92
Trd, 4319603.943, 140
Trd, 4319604.043, 119
Trd, 4319604.493, 90
Trd, 4319605.043, 82
Trd, 4319605.493, 80
Trd, 4319607.093, 62
Trd, 4319607.543, 65
Trd, 4319608.393, 69
Trd, 4319608.593, 75
Trd, 4319609.593, 61
Trd, 4319610.493, 67
Trd, 4319611.293, 60
Trd, 4319612.393, 60
Trd, 4319612.643, 61
Trd, 4319613.443, 60
Trd, 4319613.543, 61
Trd, 4319614.493, 76
Trd, 4319615.093, 64
Trd, 4319615.293, 66
Trd, 4319615.543, 67
Trd, 4319617.643, 106
Trd, 4319618.093, 100
Trd, 4319619.993, 60
Trd, 4319620.893, 75
Trd, 4319621.093, 96
Trd, 4319621.493, 79
Trd, 4319621.843, 83
Trd, 4319621.993, 73
Trd, 4319622.193, 99
Trd, 4319622.643, 75
Trd, 4319624.143, 112
Trd, 4319624.593, 64
Trd, 4319625.793, 60
Trd, 4319625.943, 87
Trd, 4319627.243, 135
Trd, 4319628.793, 61
Trd, 4319629.143, 62
Trd, 4319629.593, 65
Trd, 4319630.893, 63
Trd, 4319631.193, 65
Trd, 4319632.343, 76
Trd, 4319632.393, 76
Trd, 4319633.293, 67
Trd, 4319633.393, 73
Trd, 4319633.993, 107
Trd, 4319634.743, 63
Trd, 4319635.193, 97
Trd, 4319635.443, 133
Trd, 4319635.643, 133
Trd, 4319635.693, 132
Trd, 4319636.343, 119
Trd, 4319638.743, 64
Trd, 4319639.443, 68
Trd, 4319639.893, 120
Trd, 4319640.593, 60
Trd, 4319641.193, 70
Trd, 4319641.593, 112
Trd, 4319642.243, 61
Trd, 4319643.443, 68
Trd, 4319644.593, 120
Trd, 4319644.893, 119
Trd, 4319645.343, 78
Trd, 4319645.693, 75
Trd, 4319647.793, 138
Trd, 4319647.843, 131
Trd, 4319648.093, 117
Trd, 4319648.793, 132
Trd, 4319649.243, 126
Trd, 4319650.093, 61
Trd, 4319650.243, 63
Trd, 4319651.593, 75
Trd, 4319652.793, 72
Trd, 4319652.843, 103
Trd, 4319653.193, 61
Trd, 4319654.843, 62
Trd, 4319654.993, 61
Trd, 4319655.543, 63
Trd, 4319655.593, 67
Trd, 4319656.443, 62
Trd, 4319656.643, 140
Trd, 4319657.793, 126
Trd, 4319658.243, 110
Trd, 4319658.793, 93
Trd, 4319660.743, 113
Trd, 4319660.793, 112
Trd, 4319660.993, 108
Trd, 4319662.143, 68
Trd, 4319662.843, 68
Trd, 4319663.193, 68
Trd, 4319663.393, 70
Trd, 4319663.593, 79
Trd, 4319664.693, 99
Trd, 4319665.843, 133
Trd, 4319666.693, 89
Trd, 4319667.743, 103
Trd, 4319668.393, 86
Trd, 4319668.843, 88
Trd, 4319669.643, 126
Trd, 4319670.043, 124
Trd, 4319671.443, 122
Trd, 4319671.943, 112
Trd, 4319672.493, 85
Trd, 4319672.643, 61
Trd, 4319673.243, 137
Trd, 4319674.043, 133
Trd, 4319674.193, 132
Trd, 4319674.493, 101
Trd, 4319675.393, 60
Trd, 4319676.443, 61
Trd, 4319676.843, 91
Trd, 4319677.093, 127
Trd, 4319678.993, 73
Trd, 4319679.443, 108
Trd, 4319680.243, 74
Trd, 4319682.143, 63
Trd, 4319682.193, 64
Trd, 4319682.393, 62
Trd, 4319682.893, 69
Trd, 4319683.293, 65
Trd, 4319683.693, 113
Trd, 4319684.693, 136
Trd, 4319685.243, 135
Trd, 4319685.543, 104
Trd, 4319685.793, 61
Trd, 4319686.143, 90
Trd, 4319687.593, 77
Trd, 4319688.893, 98
Trd, 4319689.193, 95
Trd, 4319689.343, 91
Trd, 4319689.893, 130
Trd, 4319690.243, 137
Trd, 4319691.593, 116
Trd, 4319691.793, 114
Trd, 4319691.843, 111
Trd, 4319692.093, 81
Trd, 4319693.693, 70
Trd, 4319693.943, 105
Trd, 4319693.993, 100
Trd, 4319694.493, 102
Trd, 4319695.343, 69
Trd, 4319696.243, 108
Trd, 4319697.093, 107
Trd, 4319697.843, 82
Trd, 4319698.493, 134
Trd, 4319698.643, 67
Trd, 4319700.043, 134
Trd, 4319700.243, 134
Trd, 4319700.293, 104
Trd, 4319701.293, 128
Trd, 4319701.743, 128
Trd, 4319702.593, 129
Trd, 4319702.643, 127
Trd, 4319703.593, 113
Trd, 4319704.343, 131
Trd, 4319704.693, 127
Trd, 4319704.843, 127
Trd, 4319705.443, 107
Trd, 4319706.943, 60
Trd, 4319707.043, 69
Trd, 4319708.993, 65
Trd, 4319709.043, 66
Trd, 4319709.093, 81
Trd, 4319710.293, 67
Trd, 4319711.843, 73
Trd, 4319711.893, 71
Trd, 4319712.443, 67
Trd, 4319712.593, 105
Trd, 4319712.843, 65
Trd, 4319715.293, 62
Trd, 4319715.993, 64
Trd, 4319716.043, 115
Trd, 4319716.193, 62
Trd, 4319716.393, 118
Trd, 4319717.693, 138
Trd, 4319717.993, 138
Trd, 4319718.993, 138
Trd, 4319719.293, 117
Trd, 4319719.993, 93
Trd, 4319720.243, 102
Trd, 4319720.893, 97
Trd, 4319721.943, 121
Trd, 4319722.593, 97
Trd, 4319723.043, 127
Trd, 4319724.593, 135
Trd, 4319725.143, 134
Trd, 4319725.393, 122
Trd, 4319725.443, 99
Trd, 4319726.243, 106
Trd, 4319726.293, 94
Trd, 4319726.593, 80
Trd, 4319727.493, 131
Trd, 4319728.443, 120
Trd, 4319729.043, 120
Trd, 4319729.543, 121
Trd, 4319729.793, 119
Trd, 4319730.693, 135
Trd, 4319731.643, 123
Trd, 4319732.443, 114
Trd, 4319732.543, 112
Trd, 4319733.443, 113
Trd, 4319734.843, 134
Trd, 4319734.943, 133
Trd, 4319735.593, 126
Trd, 4319735.943, 118
Trd, 4319736.493, 99
Trd, 4319737.293, 139
Trd, 4319738.593, 140
Trd, 4319738.693, 137
Trd, 4319738.993, 105
Trd, 4319740.093, 118
Trd, 4319740.643, 102
Trd, 4319741.043, 131
Trd, 4319741.943, 106
Trd, 4319742.643, 88
Trd, 4319742.943, 124
Trd, 4319743.993, 124
Trd, 4319744.443, 125
Trd, 4319744.593, 123
Trd, 4319745.443, 125
Trd, 4319746.493, 127
Trd, 4319746.543, 126
Trd, 4319746.643, 123
Trd, 4319747.693, 115
Trd, 4319748.393, 110
Trd, 4319748.943, 109
Trd, 4319749.643, 108
Trd, 4319749.793, 104
Trd, 4319750.893, 67
Trd, 4319751.293, 110
Trd, 4319752.443, 72
Trd, 4319752.743, 128
Trd, 4319753.243, 94
Trd, 4319754.293, 128
Trd, 4319755.093, 140
Trd, 4319755.493, 124
Trd, 4319756.193, 134
Trd, 4319756.493, 133
Trd, 4319756.843, 130
Trd, 4319758.043, 104
Trd, 4319758.843, 103
Trd, 4319759.593, 62
Trd, 4319759.893, 88
Trd, 4319759.993, 60
Trd, 4319760.693, 114
Trd, 4319760.743, 102
Trd, 4319762.343, 118
Trd, 4319763.993, 133
Trd, 4319764.643, 126
Trd, 4319764.893, 111
Trd, 4319765.743, 132
Trd, 4319765.993, 85
Trd, 4319766.043, 83
Trd, 4319767.193, 118
Trd, 4319768.443, 138
Trd, 4319768.593, 137
Trd, 4319769.643, 133
Trd, 4319770.943, 140
Trd, 4319771.743, 140
Trd, 4319772.043, 140
Trd, 4319772.643, 140
Trd, 4319773.243, 96
Trd, 4319773.393, 85
Trd, 4319773.493, 74
Trd, 4319774.093, 131
Trd, 4319776.193, 110
Trd, 4319776.793, 120
Trd, 4319777.043, 132
Trd, 4319778.443, 118
Trd, 4319778.693, 117
Trd, 4319779.393, 115
Trd, 4319779.743, 114
Trd, 4319780.293, 110
Trd, 4319780.743, 60
Trd, 4319782.193, 81
Trd, 4319782.443, 78
Trd, 4319783.043, 124
Trd, 4319783.143, 109
Trd, 4319784.143, 64
Trd, 4319784.543, 63
Trd, 4319786.093, 64
Trd, 4319786.243, 66
Trd, 4319787.293, 62
Trd, 4319787.843, 92
Trd, 4319788.293, 63
Trd, 4319788.893, 121
Trd, 4319790.743, 125
Trd, 4319790.843, 107
Trd, 4319791.443, 86
Trd, 4319793.393, 61
Trd, 4319793.943, 60
Trd, 4319795.043, 63
Trd, 4319795.793, 60
Trd, 4319796.543, 63
Trd, 4319796.693, 100
Trd, 4319797.043, 88
Trd, 4319798.043, 61
Trd, 4319798.793, 64
Trd, 4319800.093, 138
Trd, 4319800.493, 98
Trd, 4319801.543, 70
Trd, 4319801.743, 70
Trd, 4319802.743, 96
Trd, 4319803.093, 114
Trd, 4319804.143, 125
Trd, 4319804.593, 99
Trd, 4319804.643, 98
Trd, 4319804.893, 75
Trd, 4319806.293, 128
Trd, 4319806.993, 96
Trd, 4319807.443, 97
Trd, 4319807.943, 128
Trd, 4319808.243, 115
Trd, 4319808.593, 98
Trd, 4319808.793, 95
Trd, 4319812.243, 140
Trd, 4319813.143, 123
Trd, 4319813.543, 130
Trd, 4319813.643, 122
Trd, 4319813.743, 101
Trd, 4319814.093, 61
Trd, 4319814.643, 135
Trd, 4319816.293, 93
Trd, 4319816.393, 132
Trd, 4319817.443, 91
Trd, 4319817.543, 89
Trd, 4319820.443, 60
Trd, 4319820.993, 61
Trd, 4319822.193, 61
Trd, 4319822.743, 62
Trd, 4319824.143, 61
Trd, 4319824.493, 65
Trd, 4319824.643, 73
Trd, 4319824.743, 62
Trd, 4319825.643, 68
Trd, 4319827.043, 107
Trd, 4319827.693, 132
Trd, 4319827.843, 112
Trd, 4319829.443, 112
Trd, 4319830.193, 119
Trd, 4319831.393, 133
Trd, 4319831.643, 114
Trd, 4319831.843, 132
Trd, 4319832.343, 89
Trd, 4319832.443, 77
Trd, 4319833.943, 61
Trd, 4319834.243, 62
Trd, 4319834.643, 61
Trd, 4319834.693, 64
Trd, 4319834.993, 65
Trd, 4319836.793, 82
Trd, 4319836.843, 86
Trd, 4319837.843, 84
Trd, 4319838.493, 84
Trd, 4319838.743, 132
Trd, 4319838.943, 95
Trd, 4319839.893, 137
Trd, 4319842.243, 73
Trd, 4319842.493, 63
Trd, 4319843.193, 86
Trd, 4319843.693, 83
Trd, 4319843.793, 77
Trd, 4319844.193, 134
Trd, 4319844.993, 87
Trd, 4319846.243, 68
Trd, 4319846.493, 107
Trd, 4319847.843, 117
Trd, 4319847.943, 107
Trd, 4319848.293, 106
Trd, 4319848.543, 79
Trd, 4319848.793, 61
Trd, 4319849.293, 68
Trd, 4319849.493, 105
Trd, 4319850.693, 94
Trd, 4319851.643, 80
Trd, 4319852.493, 128
Trd, 4319852.743, 64
Trd, 4319854.443, 101
Trd, 4319855.143, 91
Trd, 4319856.043, 105
Trd, 4319856.193, 91
Trd, 4319857.043, 79
Trd, 4319857.393, 77
Trd, 4319857.443, 82
Trd, 4319859.093, 92
Trd, 4319860.543, 63
Trd, 4319860.643, 65
Trd, 4319862.693, 61
Trd, 4319862.893, 62
Trd, 4319864.593, 60
Trd, 4319865.093, 62
Trd, 4319865.193, 69
Trd, 4319865.393, 61
Trd, 4319865.993, 69
Trd, 4319866.243, 83
Trd, 4319867.093, 97
Trd, 4319867.243, 95
Trd, 4319867.643, 78
Trd, 4319867.693, 86
Trd, 4319869.893, 112
Trd, 4319870.143, 111
Trd, 4319870.643, 133
Trd, 4319870.693, 109
Trd, 4319870.893, 76
Trd, 4319871.743, 71
Trd, 4319872.543, 110
Trd, 4319873.493, 109
Trd, 4319873.543, 108
Trd, 4319873.993, 87
Trd, 4319875.343, 60
Trd, 4319876.343, 65
Trd, 4319876.693, 66
Trd, 4319877.043, 69
Trd, 4319877.843, 71
Trd, 4319878.443, 66
Trd, 4319879.643, 73
Trd, 4319880.993, 80
Trd, 4319881.243, 72
Trd, 4319882.043, 112
Trd, 4319883.193, 114
Trd, 4319883.443, 113
Trd, 4319883.893, 116
Trd, 4319883.943, 112
Trd, 4319884.193, 99
Trd, 4319884.793, 62
Trd, 4319885.793, 61
Trd, 4319886.793, 64
Trd, 4319887.293, 138
Trd, 4319888.543, 64
Trd, 4319888.893, 132
Trd, 4319890.443, 67
Trd, 4319890.593, 66
Trd, 4319891.093, 60
Trd, 4319891.593, 125
Trd, 4319892.693, 107
Trd, 4319894.443, 60
Trd, 4319894.543, 64
Trd, 4319894.893, 80
Trd, 4319895.293, 123
Trd, 4319896.093, 64
Trd, 4319897.093, 82
Trd, 4319897.643, 109
Trd, 4319897.943, 118
Trd, 4319898.443, 107
Trd, 4319898.493, 99
Trd, 4319899.393, 102
Trd, 4319899.443, 98
Trd, 4319900.543, 89
Trd, 4319900.943, 86
Trd, 4319901.293, 84
Trd, 4319902.193, 63
Trd, 4319902.543, 123
Trd, 4319903.343, 122
Trd, 4319904.343, 80
Trd, 4319906.243, 136
Trd, 4319907.043, 139
Trd, 4319907.193, 119
Trd, 4319907.593, 115
Trd, 4319907.793, 124
Trd, 4319907.843, 128
Trd, 4319909.193, 61
Trd, 4319910.343, 71
Trd, 4319912.343, 129
Trd, 4319912.743, 73
Trd, 4319912.893, 71
Trd, 4319913.493, 86
Trd, 4319913.793, 70
Trd, 4319914.593, 117
Trd, 4319915.093, 69
Trd, 4319915.293, 67
Trd, 4319917.293, 136
Trd, 4319918.143, 135
Trd, 4319918.443, 118
Trd, 4319918.843, 101
Trd, 4319919.593, 137
Trd, 4319920.243, 112
Trd, 4319920.293, 111
Trd, 4319920.443, 98
Trd, 4319920.793, 85
Trd, 4319921.993, 116
Trd, 4319922.543, 103
Trd, 4319923.343, 131
Trd, 4319923.743, 133
Trd, 4319924.193, 133
Trd, 4319924.343, 87
Trd, 4319925.493, 137
Trd, 4319926.693, 119
Trd, 4319926.743, 127
Trd, 4319926.793, 115
Trd, 4319927.093, 67
Trd, 4319929.443, 113
Trd, 4319930.743, 129
Trd, 4319931.143, 128
Trd, 4319931.243, 111
Trd, 4319931.743, 75
Trd, 4319932.443, 60
Trd, 4319932.693, 112
Trd, 4319934.243, 69
Trd, 4319934.943, 64
Trd, 4319936.593, 68
Trd, 4319937.543, 134
Trd, 4319937.643, 91
Trd, 4319937.843, 88
Trd, 4319938.493, 80
Trd, 4319939.243, 69
Trd, 4319939.393, 124
Trd, 4319939.643, 138
Trd, 4319940.643, 62
Trd, 4319941.143, 115
Trd, 4319941.793, 64
Trd, 4319943.343, 76
Trd, 4319943.643, 75
Trd, 4319943.893, 79
Trd, 4319943.993, 67
Trd, 4319945.643, 127
Trd, 4319945.943, 104
Trd, 4319946.293, 89
Trd, 4319947.193, 130
Trd, 4319947.343, 105
Trd, 4319948.243, 111
Trd, 4319950.093, 129
Trd, 4319951.443, 126
Trd, 4319951.993, 126
Trd, 4319952.793, 125
Trd, 4319954.293, 123
Trd, 4319954.543, 136
Trd, 4319954.843, 102
Trd, 4319955.243, 101
Trd, 4319955.343, 76
Trd, 4319955.593, 62
Trd, 4319956.443, 66
Trd, 4319957.193, 130
Trd, 4319958.143, 131
Trd, 4319958.493, 99
Trd, 4319958.593, 92
Trd, 4319959.893, 106
Trd, 4319960.043, 133
Trd, 4319960.093, 104
Trd, 4319961.743, 83
Trd, 4319963.143, 126
Trd, 4319963.543, 125
Trd, 4319963.843, 97
Trd, 4319964.043, 121
Trd, 4319964.193, 80
Trd, 4319964.593, 89
Trd, 4319964.793, 69
Trd, 4319966.243, 61
Trd, 4319966.893, 62
Trd, 4319967.993, 61
Trd, 4319968.293, 63
Trd, 4319969.243, 130
Trd, 4319969.943, 114
Trd, 4319970.443, 62
Trd, 4319971.143, 63
Trd, 4319971.293, 62
Trd, 4319971.593, 65
Trd, 4319972.093, 102
Trd, 4319973.443, 96
Trd, 4319973.693, 94
Trd, 4319974.393, 64
Trd, 4319975.643, 70
Trd, 4319976.343, 85
Trd, 4319977.043, 60
Trd, 4319977.293, 60
Trd, 4319978.193, 67
Trd, 4319979.443, 70
Trd, 4319980.243, 60
Trd, 4319980.593, 94
Trd, 4319980.693, 70
Trd, 4319981.443, 124
Trd, 4319982.193, 124
Trd, 4319982.343, 99
Trd, 4319983.293, 93
Trd, 4319984.143, 62
Trd, 4319984.343, 63
Trd, 4319985.343, 67
Trd, 4319986.243, 69
Trd, 4319986.693, 71
Trd, 4319986.743, 69
Trd, 4319987.493, 80
Trd, 4319988.593, 114
Trd, 4319989.243, 128
Trd, 4319990.093, 133
Trd, 4319990.443, 110
Trd, 4319990.693, 105
Trd, 4319990.793, 104
Trd, 4319992.043, 122
Trd, 4319992.893, 65
Trd, 4319994.043, 62
Trd, 4319995.443, 69
Trd, 4319995.693, 91
Trd, 4319997.143, 61
Trd, 4319997.643, 61
Trd, 4319997.993, 64
Trd, 4319998.093, 117
Trd, 4319999.193, 116
