Trd, 4318100.343, 111
Trd, 4318100.943, 139
Trd, 4318101.043, 86
Trd, 4318101.293, 79
Trd, 4318102.943, 99
Trd, 4318103.343, 133
Trd, 4318103.543, 115
Trd, 4318105.393, 90
Trd, 4318105.693, 118
Trd, 4318105.793, 84
Trd, 4318106.843, 92
Trd, 4318108.543, 117
Trd, 4318108.893, 117
Trd, 4318108.993, 112
Trd, 4318110.043, 114
Trd, 4318110.593, 104
Trd, 4318110.793, 98
Trd, 4318112.593, 105
Trd, 4318112.843, 111
Trd, 4318113.293, 103
Trd, 4318114.143, 109
Trd, 4318114.543, 92
Trd, 4318115.193, 66
Trd, 4318115.293, 64
Trd, 4318116.493, 69
Trd, 4318116.793, 117
Trd, 4318117.843, 77
Trd, 4318118.443, 124
Trd, 4318119.743, 89
Trd, 4318120.993, 102
Trd, 4318121.243, 123
Trd, 4318123.243, 105
Trd, 4318125.143, 129
Trd, 4318125.293, 129
Trd, 4318125.443, 121
Trd, 4318126.143, 111
Trd, 4318126.693, 87
Trd, 4318128.293, 100
Trd, 4318129.143, 118
Trd, 4318129.343, 113
Trd, 4318130.693, 138
Trd, 4318130.843, 120
Trd, 4318131.443, 116
Trd, 4318131.693, 134
Trd, 4318134.743, 130
Trd, 4318134.843, 130
Trd, 4318135.293, 123
Trd, 4318135.993, 129
Trd, 4318136.343, 112
Trd, 4318137.143, 83
Trd, 4318137.293, 79
Trd, 4318138.443, 66
Trd, 4318138.643, 60
Trd, 4318139.943, 94
Trd, 4318141.793, 75
Trd, 4318143.793, 127
Trd, 4318143.843, 127
Trd, 4318144.193, 124
Trd, 4318145.143, 112
Trd, 4318145.293, 106
Trd, 4318146.643, 92
Trd, 4318147.143, 128
Trd, 4318148.493, 138
Trd, 4318148.593, 82
Trd, 4318149.693, 111
Trd, 4318149.993, 111
Trd, 4318150.343, 126
Trd, 4318150.993, 78
Trd, 4318152.543, 117
Trd, 4318152.843, 131
Trd, 4318153.993, 112
Trd, 4318154.643, 115
Trd, 4318155.793, 81
Trd, 4318157.693, 96
Trd, 4318158.593, 105
Trd, 4318158.943, 134
Trd, 4318159.143, 110
Trd, 4318161.293, 121
Trd, 4318161.593, 119
Trd, 4318162.043, 106
Trd, 4318162.493, 109
Trd, 4318164.443, 113
Trd, 4318164.843, 109
Trd, 4318165.593, 98
Trd, 4318165.693, 98
Trd, 4318166.693, 110
Trd, 4318166.893, 132
Trd, 4318167.693, 139
Trd, 4318168.743, 104
Trd, 4318169.443, 104
Trd, 4318170.593, 115
Trd, 4318171.793, 137
Trd, 4318172.543, 110
Trd, 4318173.243, 130
Trd, 4318174.643, 117
Trd, 4318174.793, 117
Trd, 4318175.243, 106
Trd, 4318177.093, 92
Trd, 4318177.343, 130
Trd, 4318177.893, 88
Trd, 4318178.543, 131
Trd, 4318179.793, 95
Trd, 4318180.143, 85
Trd, 4318180.543, 126
Trd, 4318181.143, 106
Trd, 4318182.493, 128
Trd, 4318182.993, 138
Trd, 4318183.143, 128
Trd, 4318184.343, 117
Trd, 4318185.893, 139
Trd, 4318187.643, 120
Trd, 4318187.743, 115
Trd, 4318189.843, 138
Trd, 4318191.093, 138
Trd, 4318191.943, 136
Trd, 4318192.443, 138
Trd, 4318193.743, 123
Trd, 4318194.093, 100
Trd, 4318194.443, 93
Trd, 4318196.493, 131
Trd, 4318198.393, 136
Trd, 4318199.293, 122
Trd, 4318200.243, 106
Trd, 4318200.393, 96
Trd, 4318200.443, 95
Trd, 4318201.193, 128
Trd, 4318201.343, 122
Trd, 4318201.843, 88
Trd, 4318203.393, 78
Trd, 4318204.443, 121
Trd, 4318204.993, 110
Trd, 4318205.943, 118
Trd, 4318206.543, 108
Trd, 4318207.243, 133
Trd, 4318208.393, 119
Trd, 4318209.243, 109
Trd, 4318209.643, 109
Trd, 4318210.093, 107
Trd, 4318212.193, 103
Trd, 4318212.243, 119
Trd, 4318212.493, 91
Trd, 4318213.643, 127
Trd, 4318214.293, 91
Trd, 4318214.593, 91
Trd, 4318215.843, 113
Trd, 4318217.543, 97
Trd, 4318218.493, 110
Trd, 4318218.643, 118
Trd, 4318220.993, 137
Trd, 4318221.193, 137
Trd, 4318221.493, 112
Trd, 4318222.443, 139
Trd, 4318222.643, 122
Trd, 4318223.493, 113
Trd, 4318224.493, 112
Trd, 4318225.043, 112
Trd, 4318225.193, 127
Trd, 4318225.893, 98
Trd, 4318226.743, 94
Trd, 4318228.893, 116
Trd, 4318229.543, 115
Trd, 4318229.843, 119
Trd, 4318229.893, 130
Trd, 4318230.693, 115
Trd, 4318230.793, 95
Trd, 4318230.993, 110
Trd, 4318231.843, 89
Trd, 4318233.093, 129
Trd, 4318233.893, 113
Trd, 4318234.443, 93
Trd, 4318234.943, 113
Trd, 4318235.343, 100
Trd, 4318236.393, 111
Trd, 4318237.293, 124
Trd, 4318238.343, 106
Trd, 4318238.943, 101
Trd, 4318239.193, 88
Trd, 4318240.193, 132
Trd, 4318240.593, 96
Trd, 4318241.893, 79
Trd, 4318243.193, 101
Trd, 4318243.343, 114
Trd, 4318243.943, 122
Trd, 4318244.493, 105
Trd, 4318246.093, 92
Trd, 4318246.393, 91
Trd, 4318246.593, 86
Trd, 4318246.943, 137
Trd, 4318248.443, 92
Trd, 4318249.893, 82
Trd, 4318250.043, 82
Trd, 4318251.143, 68
Trd, 4318251.843, 97
Trd, 4318254.243, 64
Trd, 4318254.593, 111
Trd, 4318255.143, 66
Trd, 4318256.643, 67
Trd, 4318256.993, 67
Trd, 4318257.043, 69
Trd, 4318257.593, 91
Trd, 4318258.743, 74
Trd, 4318259.893, 103
Trd, 4318260.193, 96
Trd, 4318260.293, 86
Trd, 4318260.793, 87
Trd, 4318260.843, 88
Trd, 4318262.493, 100
Trd, 4318262.743, 100
Trd, 4318264.043, 123
Trd, 4318265.693, 140
Trd, 4318266.993, 137
Trd, 4318267.093, 123
Trd, 4318267.393, 122
Trd, 4318267.443, 118
Trd, 4318268.293, 114
Trd, 4318269.643, 120
Trd, 4318269.743, 120
Trd, 4318270.893, 134
Trd, 4318271.243, 130
Trd, 4318273.043, 128
Trd, 4318273.693, 127
Trd, 4318274.193, 114
Trd, 4318274.243, 111
Trd, 4318274.793, 128
Trd, 4318276.493, 106
Trd, 4318276.993, 106
Trd, 4318277.943, 115
Trd, 4318278.943, 109
Trd, 4318279.243, 104
Trd, 4318279.393, 135
Trd, 4318279.743, 86
Trd, 4318281.193, 99
Trd, 4318281.343, 91
Trd, 4318281.593, 85
Trd, 4318282.493, 111
Trd, 4318284.093, 85
Trd, 4318284.293, 137
Trd, 4318284.493, 107
Trd, 4318284.543, 106
Trd, 4318284.593, 80
Trd, 4318286.693, 97
Trd, 4318286.943, 126
Trd, 4318287.843, 112
Trd, 4318288.293, 130
Trd, 4318288.643, 136
Trd, 4318290.693, 99
Trd, 4318291.293, 138
Trd, 4318292.743, 82
Trd, 4318293.243, 90
Trd, 4318293.493, 62
Trd, 4318294.593, 119
Trd, 4318295.293, 114
Trd, 4318295.343, 88
Trd, 4318295.543, 79
Trd, 4318296.193, 85
Trd, 4318296.743, 125
Trd, 4318297.793, 86
Trd, 4318298.143, 71
Trd, 4318298.393, 71
Trd, 4318299.543, 89
Trd, 4318299.893, 86
Trd, 4318300.043, 70
Trd, 4318302.393, 106
Trd, 4318303.193, 117
Trd, 4318303.393, 106
Trd, 4318304.443, 119
Trd, 4318304.743, 106
Trd, 4318305.743, 62
Trd, 4318306.443, 119
Trd, 4318307.743, 79
Trd, 4318307.993, 78
Trd, 4318308.793, 131
Trd, 4318309.493, 117
Trd, 4318310.743, 100
Trd, 4318311.043, 131
Trd, 4318311.343, 97
Trd, 4318312.643, 101
Trd, 4318313.593, 125
Trd, 4318314.593, 136
Trd, 4318314.843, 123
Trd, 4318315.543, 109
Trd, 4318316.243, 131
Trd, 4318316.593, 113
Trd, 4318317.543, 112
Trd, 4318318.643, 126
Trd, 4318318.843, 115
Trd, 4318320.593, 93
Trd, 4318320.693, 99
Trd, 4318321.093, 81
Trd, 4318321.693, 110
Trd, 4318322.193, 72
Trd, 4318323.043, 96
Trd, 4318324.493, 137
Trd, 4318325.693, 127
Trd, 4318326.043, 122
Trd, 4318327.393, 122
Trd, 4318327.693, 122
Trd, 4318328.593, 128
Trd, 4318328.693, 115
Trd, 4318329.043, 131
Trd, 4318329.293, 125
Trd, 4318329.593, 97
Trd, 4318329.993, 129
Trd, 4318333.293, 120
Trd, 4318333.693, 111
Trd, 4318334.693, 113
Trd, 4318335.943, 119
Trd, 4318336.893, 130
Trd, 4318337.243, 130
Trd, 4318337.743, 116
Trd, 4318338.393, 120
Trd, 4318340.043, 101
Trd, 4318340.393, 139
Trd, 4318341.643, 103
Trd, 4318342.343, 135
Trd, 4318342.643, 137
Trd, 4318343.643, 91
Trd, 4318343.693, 105
Trd, 4318344.043, 94
Trd, 4318345.043, 106
Trd, 4318345.393, 100
Trd, 4318346.743, 122
Trd, 4318347.693, 134
Trd, 4318348.293, 134
Trd, 4318348.393, 128
Trd, 4318348.693, 126
Trd, 4318349.293, 126
Trd, 4318349.343, 117
Trd, 4318350.893, 127
Trd, 4318351.443, 98
Trd, 4318353.093, 99
Trd, 4318354.543, 64
Trd, 4318354.693, 66
Trd, 4318355.193, 64
Trd, 4318355.793, 98
Trd, 4318356.093, 78
Trd, 4318356.493, 65
Trd, 4318358.043, 117
Trd, 4318359.843, 116
Trd, 4318361.993, 106
Trd, 4318363.643, 101
Trd, 4318363.743, 105
Trd, 4318363.893, 101
Trd, 4318364.193, 96
Trd, 4318364.743, 93
Trd, 4318367.193, 135
Trd, 4318367.593, 87
Trd, 4318369.093, 97
Trd, 4318369.943, 92
Trd, 4318370.893, 125
Trd, 4318370.943, 111
Trd, 4318371.443, 91
Trd, 4318372.943, 87
Trd, 4318374.143, 124
Trd, 4318375.393, 116
Trd, 4318376.343, 126
Trd, 4318376.393, 120
Trd, 4318376.743, 104
Trd, 4318376.843, 104
Trd, 4318377.743, 103
Trd, 4318377.943, 138
Trd, 4318379.893, 105
Trd, 4318381.043, 124
Trd, 4318381.643, 113
Trd, 4318381.793, 104
Trd, 4318382.543, 110
Trd, 4318383.743, 120
Trd, 4318383.993, 111
Trd, 4318384.543, 111
Trd, 4318384.743, 99
Trd, 4318386.793, 122
Trd, 4318387.443, 132
Trd, 4318387.893, 111
Trd, 4318388.943, 139
Trd, 4318389.243, 120
Trd, 4318390.043, 104
Trd, 4318390.143, 91
Trd, 4318391.143, 119
Trd, 4318392.843, 114
Trd, 4318392.943, 114
Trd, 4318393.343, 108
Trd, 4318394.643, 78
Trd, 4318394.793, 81
Trd, 4318394.943, 86
Trd, 4318396.593, 82
Trd, 4318397.393, 82
Trd, 4318398.593, 113
Trd, 4318399.193, 77
Trd, 4318399.393, 62
Trd, 4318399.943, 71
Trd, 4318400.393, 69
Trd, 4318400.593, 74
Trd, 4318401.243, 99
Trd, 4318402.243, 128
Trd, 4318403.543, 88
Trd, 4318403.943, 118
Trd, 4318403.993, 83
Trd, 4318405.093, 83
Trd, 4318405.793, 91
Trd, 4318407.393, 91
Trd, 4318408.893, 117
Trd, 4318409.093, 138
Trd, 4318409.693, 123
Trd, 4318410.743, 136
Trd, 4318411.343, 90
Trd, 4318412.043, 116
Trd, 4318412.693, 120
Trd, 4318412.993, 105
Trd, 4318413.093, 108
Trd, 4318414.093, 122
Trd, 4318415.093, 111
Trd, 4318417.093, 135
Trd, 4318418.593, 76
Trd, 4318419.793, 93
Trd, 4318419.843, 92
Trd, 4318420.393, 123
Trd, 4318421.193, 112
Trd, 4318422.093, 97
Trd, 4318422.343, 97
Trd, 4318422.743, 129
Trd, 4318423.043, 125
Trd, 4318424.093, 129
Trd, 4318424.243, 115
Trd, 4318425.543, 102
Trd, 4318426.243, 127
Trd, 4318428.143, 122
Trd, 4318428.343, 107
Trd, 4318428.843, 96
Trd, 4318429.093, 107
Trd, 4318429.893, 119
Trd, 4318430.743, 130
Trd, 4318433.243, 105
Trd, 4318434.193, 118
Trd, 4318434.643, 108
Trd, 4318436.743, 126
Trd, 4318436.943, 102
Trd, 4318438.193, 138
Trd, 4318438.593, 112
Trd, 4318438.793, 117
Trd, 4318438.893, 107
Trd, 4318439.393, 134
Trd, 4318440.443, 133
Trd, 4318441.393, 125
Trd, 4318442.893, 120
Trd, 4318443.493, 102
Trd, 4318443.743, 109
Trd, 4318444.243, 100
Trd, 4318444.743, 122
Trd, 4318445.443, 120
Trd, 4318445.543, 105
Trd, 4318446.193, 89
Trd, 4318446.743, 89
Trd, 4318446.893, 88
Trd, 4318446.943, 69
Trd, 4318448.143, 108
Trd, 4318448.493, 112
Trd, 4318449.343, 100
Trd, 4318451.143, 133
Trd, 4318452.043, 95
Trd, 4318452.593, 90
Trd, 4318453.443, 99
Trd, 4318454.543, 90
Trd, 4318454.743, 90
Trd, 4318455.843, 115
Trd, 4318456.043, 81
Trd, 4318456.293, 127
Trd, 4318458.343, 106
Trd, 4318458.443, 106
Trd, 4318458.543, 98
Trd, 4318459.543, 139
Trd, 4318460.293, 83
Trd, 4318460.693, 81
Trd, 4318461.493, 112
Trd, 4318461.693, 112
Trd, 4318462.643, 93
Trd, 4318463.893, 123
Trd, 4318465.743, 127
Trd, 4318466.293, 124
Trd, 4318466.493, 119
Trd, 4318467.493, 95
Trd, 4318468.293, 88
Trd, 4318469.993, 84
Trd, 4318470.093, 80
Trd, 4318470.393, 96
Trd, 4318471.643, 136
Trd, 4318471.893, 122
Trd, 4318472.693, 96
Trd, 4318474.693, 120
Trd, 4318474.793, 105
Trd, 4318474.943, 95
Trd, 4318475.743, 103
Trd, 4318476.493, 84
Trd, 4318476.743, 81
Trd, 4318477.893, 117
Trd, 4318478.343, 109
Trd, 4318479.943, 108
Trd, 4318480.793, 103
Trd, 4318481.593, 133
Trd, 4318481.693, 132
Trd, 4318481.793, 103
Trd, 4318483.293, 84
Trd, 4318483.943, 126
Trd, 4318484.943, 135
Trd, 4318485.093, 93
Trd, 4318485.643, 120
Trd, 4318485.743, 106
Trd, 4318487.043, 130
Trd, 4318488.093, 95
Trd, 4318488.643, 90
Trd, 4318488.843, 88
Trd, 4318489.193, 63
Trd, 4318490.593, 127
Trd, 4318491.243, 115
Trd, 4318492.043, 100
Trd, 4318493.343, 117
Trd, 4318493.843, 108
Trd, 4318494.443, 124
Trd, 4318494.793, 106
Trd, 4318494.843, 95
Trd, 4318495.093, 112
Trd, 4318495.343, 80
Trd, 4318497.093, 127
Trd, 4318498.643, 110
Trd, 4318499.043, 91
Trd, 4318500.693, 87
Trd, 4318501.193, 74
Trd, 4318502.243, 85
Trd, 4318503.043, 138
Trd, 4318504.643, 111
Trd, 4318504.893, 111
Trd, 4318505.043, 102
Trd, 4318505.193, 96
Trd, 4318506.543, 83
Trd, 4318506.593, 89
Trd, 4318507.293, 102
Trd, 4318508.643, 120
Trd, 4318509.043, 102
Trd, 4318509.443, 130
Trd, 4318509.843, 88
Trd, 4318510.043, 84
Trd, 4318510.843, 109
Trd, 4318511.243, 118
Trd, 4318511.443, 129
Trd, 4318511.543, 96
Trd, 4318512.943, 126
Trd, 4318513.793, 109
Trd, 4318514.793, 115
Trd, 4318515.543, 131
Trd, 4318515.593, 116
Trd, 4318515.993, 104
Trd, 4318516.143, 101
Trd, 4318517.793, 135
Trd, 4318519.093, 140
Trd, 4318520.293, 124
Trd, 4318520.693, 114
Trd, 4318520.743, 112
Trd, 4318521.193, 98
Trd, 4318521.893, 109
Trd, 4318522.443, 120
Trd, 4318524.893, 110
Trd, 4318525.243, 100
Trd, 4318526.193, 137
Trd, 4318527.293, 118
Trd, 4318528.193, 118
Trd, 4318528.343, 98
Trd, 4318528.443, 70
Trd, 4318528.543, 107
Trd, 4318529.993, 121
Trd, 4318530.443, 123
Trd, 4318532.643, 122
Trd, 4318533.193, 120
Trd, 4318533.693, 104
Trd, 4318534.293, 122
Trd, 4318534.443, 122
Trd, 4318535.543, 135
Trd, 4318535.793, 120
Trd, 4318536.443, 108
Trd, 4318536.543, 100
Trd, 4318537.043, 104
Trd, 4318537.993, 118
Trd, 4318538.393, 129
Trd, 4318539.893, 104
Trd, 4318540.093, 99
Trd, 4318540.493, 96
Trd, 4318542.043, 122
Trd, 4318544.143, 111
Trd, 4318546.093, 125
Trd, 4318546.593, 106
Trd, 4318548.093, 133
Trd, 4318548.793, 133
Trd, 4318549.743, 132
Trd, 4318550.943, 120
Trd, 4318551.743, 113
Trd, 4318552.243, 92
Trd, 4318553.443, 71
Trd, 4318553.593, 68
Trd, 4318554.243, 122
Trd, 4318555.093, 120
Trd, 4318555.743, 118
Trd, 4318555.993, 106
Trd, 4318556.593, 101
Trd, 4318557.243, 113
Trd, 4318557.443, 100
Trd, 4318559.793, 68
Trd, 4318561.293, 131
Trd, 4318562.093, 101
Trd, 4318562.743, 102
Trd, 4318563.193, 113
Trd, 4318563.293, 102
Trd, 4318563.543, 100
Trd, 4318563.843, 91
Trd, 4318565.243, 91
Trd, 4318566.043, 79
Trd, 4318567.093, 108
Trd, 4318567.643, 107
Trd, 4318567.843, 121
Trd, 4318568.093, 118
Trd, 4318568.493, 110
Trd, 4318569.843, 114
Trd, 4318570.843, 122
Trd, 4318571.143, 86
Trd, 4318572.243, 126
Trd, 4318572.943, 75
Trd, 4318574.643, 96
Trd, 4318575.943, 89
Trd, 4318575.993, 89
Trd, 4318577.393, 124
Trd, 4318577.993, 88
Trd, 4318578.293, 81
Trd, 4318578.593, 87
Trd, 4318578.693, 87
Trd, 4318579.143, 78
Trd, 4318579.493, 117
Trd, 4318579.993, 139
Trd, 4318581.793, 98
Trd, 4318582.193, 132
Trd, 4318584.543, 92
Trd, 4318585.043, 67
Trd, 4318586.943, 85
Trd, 4318586.993, 84
Trd, 4318587.143, 92
Trd, 4318588.043, 94
Trd, 4318589.143, 91
Trd, 4318590.243, 129
Trd, 4318591.093, 107
Trd, 4318593.593, 100
Trd, 4318593.843, 104
Trd, 4318594.893, 101
Trd, 4318595.143, 93
Trd, 4318596.593, 122
Trd, 4318597.293, 87
Trd, 4318597.693, 107
Trd, 4318599.893, 96
Trd, 4318600.043, 93
Trd, 4318600.543, 99
Trd, 4318600.693, 87
Trd, 4318600.843, 113
Trd, 4318601.943, 83
Trd, 4318602.843, 92
Trd, 4318603.743, 72
Trd, 4318604.493, 69
Trd, 4318605.343, 138
Trd, 4318606.293, 74
Trd, 4318606.793, 81
Trd, 4318607.043, 104
Trd, 4318607.793, 109
Trd, 4318608.193, 132
Trd, 4318609.843, 138
Trd, 4318609.893, 118
Trd, 4318610.293, 83
Trd, 4318611.293, 118
Trd, 4318611.893, 133
Trd, 4318614.343, 118
Trd, 4318615.193, 110
Trd, 4318615.393, 107
Trd, 4318615.843, 99
Trd, 4318616.693, 105
Trd, 4318616.743, 108
Trd, 4318617.643, 118
Trd, 4318618.293, 124
Trd, 4318618.443, 113
Trd, 4318619.793, 108
Trd, 4318621.593, 102
Trd, 4318621.693, 102
Trd, 4318622.093, 129
Trd, 4318622.693, 107
Trd, 4318624.093, 121
Trd, 4318624.943, 99
Trd, 4318624.993, 92
Trd, 4318626.993, 93
Trd, 4318628.543, 126
Trd, 4318628.693, 118
Trd, 4318628.993, 112
Trd, 4318629.493, 128
Trd, 4318630.343, 81
Trd, 4318631.893, 91
Trd, 4318632.443, 100
Trd, 4318633.493, 100
Trd, 4318633.993, 94
Trd, 4318635.243, 93
Trd, 4318635.343, 88
Trd, 4318635.393, 105
Trd, 4318635.943, 79
Trd, 4318636.143, 106
Trd, 4318636.743, 110
Trd, 4318636.793, 83
Trd, 4318638.643, 122
Trd, 4318639.493, 121
Trd, 4318640.743, 136
Trd, 4318642.643, 106
Trd, 4318643.843, 134
Trd, 4318644.443, 136
Trd, 4318644.693, 126
Trd, 4318644.843, 114
Trd, 4318645.943, 99
Trd, 4318646.343, 99
Trd, 4318647.593, 128
Trd, 4318648.143, 133
Trd, 4318648.193, 97
Trd, 4318648.393, 96
Trd, 4318648.993, 104
Trd, 4318650.493, 100
Trd, 4318651.293, 106
Trd, 4318652.443, 82
Trd, 4318652.543, 74
Trd, 4318653.043, 79
Trd, 4318653.693, 71
Trd, 4318654.393, 71
Trd, 4318654.793, 70
Trd, 4318655.093, 67
Trd, 4318655.293, 77
Trd, 4318656.343, 102
Trd, 4318658.343, 138
Trd, 4318659.043, 119
Trd, 4318659.793, 128
Trd, 4318659.843, 105
Trd, 4318660.343, 110
Trd, 4318660.393, 101
Trd, 4318663.093, 137
Trd, 4318663.293, 136
Trd, 4318663.693, 136
Trd, 4318663.743, 122
Trd, 4318664.643, 110
Trd, 4318665.043, 110
Trd, 4318665.443, 83
Trd, 4318666.293, 124
Trd, 4318666.393, 120
Trd, 4318667.593, 116
Trd, 4318667.993, 108
Trd, 4318668.193, 108
Trd, 4318669.343, 140
Trd, 4318669.743, 121
Trd, 4318671.293, 118
Trd, 4318671.793, 107
Trd, 4318672.343, 107
Trd, 4318673.543, 130
Trd, 4318674.043, 136
Trd, 4318674.343, 138
Trd, 4318675.593, 98
Trd, 4318676.693, 127
Trd, 4318676.743, 110
Trd, 4318678.093, 128
Trd, 4318678.493, 128
Trd, 4318679.593, 130
Trd, 4318679.693, 121
Trd, 4318679.743, 115
Trd, 4318680.193, 124
Trd, 4318682.043, 101
Trd, 4318682.643, 99
Trd, 4318683.943, 125
Trd, 4318684.893, 91
Trd, 4318684.943, 80
Trd, 4318687.043, 60
Trd, 4318687.943, 86
Trd, 4318688.143, 96
Trd, 4318688.993, 61
Trd, 4318689.843, 79
Trd, 4318690.143, 103
Trd, 4318691.743, 86
Trd, 4318692.443, 95
Trd, 4318693.193, 96
Trd, 4318693.793, 99
Trd, 4318694.093, 107
Trd, 4318695.593, 128
Trd, 4318696.443, 113
Trd, 4318698.643, 109
Trd, 4318698.893, 102
Trd, 4318700.393, 94
Trd, 4318701.143, 102
Trd, 4318701.893, 91
Trd, 4318702.443, 122
Trd, 4318703.093, 135
Trd, 4318703.693, 135
Trd, 4318703.743, 133
Trd, 4318704.893, 109
Trd, 4318705.293, 103
Trd, 4318705.493, 101
Trd, 4318705.693, 116
Trd, 4318706.993, 99
Trd, 4318708.043, 122
Trd, 4318708.243, 118
Trd, 4318708.393, 90
Trd, 4318709.493, 139
Trd, 4318709.643, 110
Trd, 4318710.543, 101
Trd, 4318710.943, 121
Trd, 4318711.943, 88
Trd, 4318712.593, 79
Trd, 4318713.743, 112
Trd, 4318713.793, 88
Trd, 4318715.543, 68
Trd, 4318716.093, 67
Trd, 4318716.443, 98
Trd, 4318716.843, 133
Trd, 4318718.643, 125
Trd, 4318718.893, 115
Trd, 4318720.943, 100
Trd, 4318721.393, 100
Trd, 4318721.793, 125
Trd, 4318723.893, 140
Trd, 4318725.893, 139
Trd, 4318726.293, 125
Trd, 4318726.443, 123
Trd, 4318726.543, 107
Trd, 4318726.693, 92
Trd, 4318726.843, 131
Trd, 4318727.093, 91
Trd, 4318730.043, 66
Trd, 4318731.643, 114
Trd, 4318731.993, 104
Trd, 4318732.843, 117
Trd, 4318733.143, 137
Trd, 4318733.193, 134
Trd, 4318735.693, 105
Trd, 4318736.393, 102
Trd, 4318736.693, 103
Trd, 4318736.743, 102
Trd, 4318737.443, 98
Trd, 4318738.343, 89
Trd, 4318740.543, 103
Trd, 4318740.743, 98
Trd, 4318741.143, 79
Trd, 4318741.343, 123
Trd, 4318742.743, 126
Trd, 4318743.093, 101
Trd, 4318743.843, 92
Trd, 4318744.493, 98
Trd, 4318745.193, 106
Trd, 4318746.493, 90
Trd, 4318747.293, 68
Trd, 4318747.543, 116
Trd, 4318748.793, 67
Trd, 4318750.543, 110
Trd, 4318750.943, 90
Trd, 4318751.343, 84
Trd, 4318752.793, 98
Trd, 4318753.043, 116
Trd, 4318753.193, 96
Trd, 4318753.243, 82
Trd, 4318753.643, 107
Trd, 4318754.443, 60
Trd, 4318756.743, 104
Trd, 4318757.193, 117
Trd, 4318757.393, 120
Trd, 4318758.493, 118
Trd, 4318758.743, 118
Trd, 4318759.193, 124
Trd, 4318760.643, 115
Trd, 4318761.993, 118
Trd, 4318762.343, 104
Trd, 4318763.043, 84
Trd, 4318763.243, 90
Trd, 4318764.243, 120
Trd, 4318764.893, 111
Trd, 4318765.143, 111
Trd, 4318765.393, 104
Trd, 4318765.943, 97
Trd, 4318765.993, 97
Trd, 4318766.543, 126
Trd, 4318766.643, 115
Trd, 4318769.743, 91
Trd, 4318770.243, 70
Trd, 4318770.593, 111
Trd, 4318770.993, 69
Trd, 4318771.143, 125
Trd, 4318771.843, 76
Trd, 4318772.993, 132
Trd, 4318774.793, 64
Trd, 4318775.443, 128
Trd, 4318776.643, 69
Trd, 4318776.693, 62
Trd, 4318777.993, 126
Trd, 4318778.293, 66
Trd, 4318778.843, 60
Trd, 4318780.343, 95
Trd, 4318781.943, 121
Trd, 4318782.293, 109
Trd, 4318783.793, 129
Trd, 4318784.243, 134
Trd, 4318784.593, 120
Trd, 4318785.693, 82
Trd, 4318786.143, 92
Trd, 4318787.393, 107
Trd, 4318787.843, 90
Trd, 4318790.043, 72
Trd, 4318790.593, 69
Trd, 4318790.643, 79
Trd, 4318791.443, 70
Trd, 4318791.843, 67
Trd, 4318792.193, 81
Trd, 4318794.743, 138
Trd, 4318795.193, 140
Trd, 4318797.993, 118
Trd, 4318798.143, 106
Trd, 4318798.293, 107
Trd, 4318798.443, 98
Trd, 4318798.643, 122
Trd, 4318799.193, 81
Trd, 4318800.993, 132
Trd, 4318803.443, 119
Trd, 4318803.693, 114
Trd, 4318804.293, 107
Trd, 4318804.643, 100
Trd, 4318804.843, 91
Trd, 4318805.243, 116
Trd, 4318805.343, 100
Trd, 4318805.693, 109
Trd, 4318806.093, 82
Trd, 4318807.993, 64
Trd, 4318808.943, 123
Trd, 4318809.443, 98
Trd, 4318809.843, 68
Trd, 4318812.143, 92
Trd, 4318812.793, 65
Trd, 4318813.393, 71
Trd, 4318813.493, 95
Trd, 4318814.243, 60
Trd, 4318816.393, 104
Trd, 4318817.293, 74
Trd, 4318817.343, 120
Trd, 4318818.293, 94
Trd, 4318818.743, 76
Trd, 4318819.143, 89
Trd, 4318819.543, 85
Trd, 4318819.993, 63
Trd, 4318820.443, 65
Trd, 4318821.843, 128
Trd, 4318823.093, 119
Trd, 4318823.143, 110
Trd, 4318824.043, 107
Trd, 4318824.743, 106
Trd, 4318825.643, 111
Trd, 4318826.543, 115
Trd, 4318826.993, 137
Trd, 4318827.793, 140
Trd, 4318827.843, 135
Trd, 4318828.193, 120
Trd, 4318829.793, 138
Trd, 4318829.843, 130
Trd, 4318830.043, 124
Trd, 4318830.793, 139
Trd, 4318830.843, 126
Trd, 4318831.493, 132
Trd, 4318832.943, 121
Trd, 4318834.843, 136
Trd, 4318835.993, 139
Trd, 4318836.043, 136
Trd, 4318836.293, 133
Trd, 4318838.493, 134
Trd, 4318839.693, 131
Trd, 4318839.943, 114
Trd, 4318840.843, 127
Trd, 4318841.093, 127
Trd, 4318841.393, 101
Trd, 4318842.893, 135
Trd, 4318843.093, 102
Trd, 4318843.743, 85
Trd, 4318844.743, 130
Trd, 4318844.843, 130
Trd, 4318845.293, 121
Trd, 4318845.993, 123
Trd, 4318846.593, 116
Trd, 4318848.643, 134
Trd, 4318849.193, 101
Trd, 4318849.943, 111
Trd, 4318850.593, 121
Trd, 4318853.243, 123
Trd, 4318853.993, 116
Trd, 4318855.143, 105
Trd, 4318856.143, 121
Trd, 4318856.293, 109
Trd, 4318856.393, 126
Trd, 4318856.943, 98
Trd, 4318859.243, 100
Trd, 4318860.343, 88
Trd, 4318861.243, 85
Trd, 4318862.293, 87
Trd, 4318862.893, 87
Trd, 4318863.643, 125
Trd, 4318864.643, 120
Trd, 4318865.293, 84
Trd, 4318865.643, 123
Trd, 4318866.143, 83
Trd, 4318867.093, 124
Trd, 4318867.543, 103
Trd, 4318868.693, 114
Trd, 4318868.943, 93
Trd, 4318869.443, 119
Trd, 4318870.443, 111
Trd, 4318870.643, 97
Trd, 4318871.143, 61
Trd, 4318871.743, 81
Trd, 4318872.143, 101
Trd, 4318872.893, 98
Trd, 4318874.943, 114
Trd, 4318875.243, 121
Trd, 4318875.743, 107
Trd, 4318876.343, 107
Trd, 4318876.793, 107
Trd, 4318877.343, 106
Trd, 4318877.993, 106
Trd, 4318878.543, 99
Trd, 4318879.393, 102
Trd, 4318880.193, 107
Trd, 4318881.343, 86
Trd, 4318881.393, 69
Trd, 4318882.243, 90
Trd, 4318883.443, 103
Trd, 4318883.693, 133
Trd, 4318884.893, 135
Trd, 4318885.443, 124
Trd, 4318887.243, 140
Trd, 4318887.443, 136
Trd, 4318887.543, 120
Trd, 4318887.793, 93
Trd, 4318887.843, 87
Trd, 4318888.793, 133
Trd, 4318889.043, 119
Trd, 4318890.043, 103
Trd, 4318891.343, 100
Trd, 4318891.643, 133
Trd, 4318892.193, 102
Trd, 4318892.693, 96
Trd, 4318892.843, 92
Trd, 4318894.793, 79
Trd, 4318895.143, 74
Trd, 4318895.393, 87
Trd, 4318896.943, 84
Trd, 4318897.443, 111
Trd, 4318897.693, 107
Trd, 4318898.993, 109
Trd, 4318900.143, 138
Trd, 4318900.543, 98
Trd, 4318900.893, 114
Trd, 4318901.343, 97
Trd, 4318901.943, 90
Trd, 4318904.393, 69
Trd, 4318904.743, 87
Trd, 4318906.393, 94
Trd, 4318907.143, 73
Trd, 4318908.543, 75
Trd, 4318908.693, 72
Trd, 4318910.693, 126
Trd, 4318911.093, 86
Trd, 4318911.393, 101
Trd, 4318911.743, 135
Trd, 4318912.893, 79
Trd, 4318913.793, 85
Trd, 4318913.843, 74
Trd, 4318914.143, 90
Trd, 4318914.393, 71
Trd, 4318915.643, 139
Trd, 4318916.543, 99
Trd, 4318917.143, 90
Trd, 4318918.593, 139
Trd, 4318919.193, 139
Trd, 4318919.393, 139
Trd, 4318920.443, 126
Trd, 4318922.793, 113
Trd, 4318922.893, 113
Trd, 4318922.993, 105
Trd, 4318923.443, 128
Trd, 4318924.043, 87
Trd, 4318924.093, 84
Trd, 4318924.943, 72
Trd, 4318925.443, 85
Trd, 4318926.893, 120
Trd, 4318927.343, 140
Trd, 4318930.043, 118
Trd, 4318930.443, 114
Trd, 4318931.443, 114
Trd, 4318932.043, 117
Trd, 4318932.293, 102
Trd, 4318934.743, 139
Trd, 4318935.293, 116
Trd, 4318935.693, 109
Trd, 4318936.643, 135
Trd, 4318937.743, 114
Trd, 4318937.793, 126
Trd, 4318937.893, 114
Trd, 4318939.193, 138
Trd, 4318940.243, 140
Trd, 4318941.643, 111
Trd, 4318942.193, 121
Trd, 4318943.043, 110
Trd, 4318943.793, 99
Trd, 4318944.293, 117
Trd, 4318945.493, 110
Trd, 4318946.743, 138
Trd, 4318947.043, 113
Trd, 4318947.093, 107
Trd, 4318949.943, 137
Trd, 4318950.293, 118
Trd, 4318950.543, 93
Trd, 4318951.093, 114
Trd, 4318951.443, 93
Trd, 4318951.843, 81
Trd, 4318952.793, 107
Trd, 4318954.143, 117
Trd, 4318954.543, 108
Trd, 4318955.093, 123
Trd, 4318955.143, 108
Trd, 4318955.393, 118
Trd, 4318955.593, 123
Trd, 4318956.193, 93
Trd, 4318956.393, 82
Trd, 4318957.593, 88
Trd, 4318958.243, 83
Trd, 4318958.993, 110
Trd, 4318959.743, 112
Trd, 4318960.193, 129
Trd, 4318960.343, 85
Trd, 4318960.793, 72
Trd, 4318961.493, 64
Trd, 4318962.043, 135
Trd, 4318962.643, 95
Trd, 4318963.993, 66
Trd, 4318965.493, 130
Trd, 4318966.693, 113
Trd, 4318966.843, 101
Trd, 4318967.843, 93
Trd, 4318969.493, 129
Trd, 4318969.593, 107
Trd, 4318970.443, 137
Trd, 4318970.593, 86
Trd, 4318972.543, 119
Trd, 4318973.743, 123
Trd, 4318974.743, 140
Trd, 4318975.593, 119
Trd, 4318975.643, 119
Trd, 4318975.943, 105
Trd, 4318976.743, 120
Trd, 4318977.143, 107
Trd, 4318977.393, 140
Trd, 4318977.593, 106
Trd, 4318978.293, 83
Trd, 4318978.493, 95
Trd, 4318981.093, 68
Trd, 4318981.743, 94
Trd, 4318982.243, 72
Trd, 4318983.693, 103
Trd, 4318984.193, 88
Trd, 4318984.493, 89
Trd, 4318984.693, 79
Trd, 4318984.943, 137
Trd, 4318985.743, 89
Trd, 4318985.843, 69
Trd, 4318988.293, 116
Trd, 4318988.343, 121
Trd, 4318988.893, 108
Trd, 4318989.543, 129
Trd, 4318990.593, 129
Trd, 4318990.743, 115
Trd, 4318992.093, 90
Trd, 4318992.493, 121
Trd, 4318993.093, 78
Trd, 4318993.343, 133
Trd, 4318995.393, 110
Trd, 4318995.793, 115
Trd, 4318996.193, 99
Trd, 4318996.993, 103
Trd, 4318998.543, 94
Trd, 4318998.643, 83
Trd, 4318998.993, 70
Trd, 4319000.543, 78
Trd, 4319000.693, 81
Trd, 4319001.293, 135
Trd, 4319001.943, 117
Trd, 4319002.293, 117
Trd, 4319002.543, 81
Trd, 4319002.843, 123
Trd, 4319002.893, 126
Trd, 4319003.393, 115
Trd, 4319004.593, 120
Trd, 4319005.343, 80
Trd, 4319006.893, 77
Trd, 4319008.343, 61
Trd, 4319009.543, 60
Trd, 4319010.943, 89
Trd, 4319013.443, 109
Trd, 4319013.493, 106
Trd, 4319014.093, 83
Trd, 4319014.143, 105
Trd, 4319014.743, 76
Trd, 4319015.443, 79
Trd, 4319016.743, 126
Trd, 4319017.293, 109
Trd, 4319017.993, 109
Trd, 4319019.593, 110
Trd, 4319021.493, 111
Trd, 4319022.343, 109
Trd, 4319022.393, 98
Trd, 4319023.393, 118
Trd, 4319024.543, 86
Trd, 4319024.893, 135
Trd, 4319025.243, 107
Trd, 4319027.393, 115
Trd, 4319027.893, 95
Trd, 4319029.343, 109
Trd, 4319029.843, 103
Trd, 4319030.043, 94
Trd, 4319031.893, 123
Trd, 4319032.143, 111
Trd, 4319032.293, 104
Trd, 4319034.393, 103
Trd, 4319035.043, 103
Trd, 4319035.093, 93
Trd, 4319035.493, 92
Trd, 4319036.893, 98
Trd, 4319037.743, 120
Trd, 4319039.393, 120
Trd, 4319039.943, 114
Trd, 4319040.393, 101
Trd, 4319040.843, 88
Trd, 4319042.043, 137
Trd, 4319042.743, 129
Trd, 4319043.093, 116
Trd, 4319043.343, 80
Trd, 4319045.693, 111
Trd, 4319046.443, 111
Trd, 4319047.343, 123
Trd, 4319047.593, 104
Trd, 4319048.093, 135
Trd, 4319048.243, 126
Trd, 4319048.293, 121
Trd, 4319049.343, 121
Trd, 4319049.693, 119
Trd, 4319050.093, 131
Trd, 4319050.643, 99
Trd, 4319051.343, 133
Trd, 4319052.793, 85
Trd, 4319052.843, 102
Trd, 4319053.743, 103
Trd, 4319054.493, 117
Trd, 4319054.593, 98
Trd, 4319055.943, 140
Trd, 4319055.993, 105
Trd, 4319056.143, 113
Trd, 4319057.443, 118
Trd, 4319058.643, 102
Trd, 4319059.343, 78
Trd, 4319059.443, 87
Trd, 4319060.293, 106
Trd, 4319060.943, 136
Trd, 4319061.743, 113
Trd, 4319061.843, 113
Trd, 4319062.293, 99
Trd, 4319062.793, 137
Trd, 4319064.493, 131
Trd, 4319064.843, 98
Trd, 4319065.393, 94
Trd, 4319066.093, 84
Trd, 4319066.593, 127
Trd, 4319067.843, 126
Trd, 4319067.943, 120
Trd, 4319068.643, 138
Trd, 4319069.893, 73
Trd, 4319071.743, 64
Trd, 4319071.943, 75
Trd, 4319072.293, 93
Trd, 4319072.393, 108
Trd, 4319073.043, 69
Trd, 4319074.443, 98
Trd, 4319074.643, 108
Trd, 4319075.143, 93
Trd, 4319076.643, 134
Trd, 4319076.743, 129
Trd, 4319077.143, 121
Trd, 4319077.443, 121
Trd, 4319078.443, 128
Trd, 4319078.743, 118
Trd, 4319079.343, 79
Trd, 4319081.643, 137
Trd, 4319082.493, 127
Trd, 4319082.943, 131
Trd, 4319083.393, 117
Trd, 4319083.493, 116
Trd, 4319084.593, 98
Trd, 4319084.943, 101
Trd, 4319085.343, 95
Trd, 4319086.343, 111
Trd, 4319086.443, 111
Trd, 4319086.693, 104
Trd, 4319088.643, 73
Trd, 4319088.843, 64
Trd, 4319091.793, 123
Trd, 4319093.243, 133
Trd, 4319093.293, 119
Trd, 4319093.943, 123
Trd, 4319094.143, 115
Trd, 4319095.943, 118
Trd, 4319096.293, 118
Trd, 4319098.143, 116
Trd, 4319098.743, 120
Trd, 4319099.193, 103
Trd, 4319100.793, 92
Trd, 4319101.093, 98
Trd, 4319101.543, 69
Trd, 4319102.393, 137
Trd, 4319103.093, 111
Trd, 4319103.293, 100
Trd, 4319103.743, 83
Trd, 4319104.843, 104
Trd, 4319104.943, 98
Trd, 4319105.443, 93
Trd, 4319106.293, 108
Trd, 4319106.693, 90
Trd, 4319106.743, 89
Trd, 4319107.193, 82
Trd, 4319107.293, 95
Trd, 4319108.843, 113
Trd, 4319109.243, 110
Trd, 4319109.293, 109
Trd, 4319110.343, 138
Trd, 4319110.743, 117
Trd, 4319111.443, 79
Trd, 4319113.193, 95
Trd, 4319113.293, 86
Trd, 4319113.943, 122
Trd, 4319115.093, 82
Trd, 4319116.093, 64
Trd, 4319116.593, 119
Trd, 4319116.943, 115
Trd, 4319117.143, 115
Trd, 4319120.743, 127
Trd, 4319121.443, 117
Trd, 4319121.743, 108
Trd, 4319121.793, 128
Trd, 4319121.943, 99
Trd, 4319122.093, 90
Trd, 4319124.093, 136
Trd, 4319124.493, 124
Trd, 4319125.193, 112
Trd, 4319125.593, 103
Trd, 4319125.743, 74
Trd, 4319126.043, 105
Trd, 4319126.543, 73
Trd, 4319128.743, 85
Trd, 4319129.143, 87
Trd, 4319130.343, 113
Trd, 4319131.193, 135
Trd, 4319133.143, 137
Trd, 4319133.193, 126
Trd, 4319134.493, 107
Trd, 4319134.843, 106
Trd, 4319135.043, 99
Trd, 4319136.943, 115
Trd, 4319137.243, 112
Trd, 4319137.743, 105
Trd, 4319137.943, 91
Trd, 4319138.643, 91
Trd, 4319138.743, 80
Trd, 4319140.393, 131
Trd, 4319140.943, 94
Trd, 4319141.043, 82
Trd, 4319141.693, 130
Trd, 4319142.093, 96
Trd, 4319142.643, 82
Trd, 4319143.593, 81
Trd, 4319144.493, 87
Trd, 4319145.043, 87
Trd, 4319146.643, 76
Trd, 4319147.993, 140
Trd, 4319148.493, 134
Trd, 4319149.243, 139
Trd, 4319150.293, 124
Trd, 4319150.693, 124
Trd, 4319151.143, 90
Trd, 4319151.793, 81
Trd, 4319151.943, 106
Trd, 4319152.193, 94
Trd, 4319153.193, 120
Trd, 4319153.643, 94
Trd, 4319154.793, 62
Trd, 4319155.093, 87
Trd, 4319156.043, 104
Trd, 4319156.543, 139
Trd, 4319158.393, 108
Trd, 4319159.043, 130
Trd, 4319159.293, 135
Trd, 4319159.693, 130
Trd, 4319160.593, 113
Trd, 4319160.943, 112
Trd, 4319161.543, 119
Trd, 4319162.293, 112
Trd, 4319164.093, 109
Trd, 4319165.593, 101
Trd, 4319165.993, 104
Trd, 4319166.343, 113
Trd, 4319166.943, 118
Trd, 4319167.143, 134
Trd, 4319167.693, 106
Trd, 4319167.793, 102
Trd, 4319168.743, 99
Trd, 4319168.943, 91
Trd, 4319170.443, 62
Trd, 4319170.993, 109
Trd, 4319171.143, 107
Trd, 4319172.693, 135
Trd, 4319173.793, 104
Trd, 4319174.143, 107
Trd, 4319174.743, 134
Trd, 4319175.343, 118
Trd, 4319175.693, 84
Trd, 4319177.143, 117
Trd, 4319178.393, 134
Trd, 4319180.343, 127
Trd, 4319180.793, 125
Trd, 4319181.043, 125
Trd, 4319181.543, 117
Trd, 4319182.593, 131
Trd, 4319183.693, 134
Trd, 4319183.893, 101
Trd, 4319185.193, 98
Trd, 4319185.593, 96
Trd, 4319185.693, 128
Trd, 4319185.943, 96
Trd, 4319186.393, 126
Trd, 4319187.693, 128
Trd, 4319188.593, 117
Trd, 4319188.693, 108
Trd, 4319190.743, 72
Trd, 4319193.293, 100
Trd, 4319193.493, 91
Trd, 4319193.943, 88
Trd, 4319195.793, 91
Trd, 4319196.643, 110
Trd, 4319197.493, 108
Trd, 4319198.293, 132
Trd, 4319198.643, 114
Trd, 4319198.843, 106
Trd, 4319199.143, 117
Trd, 4319200.293, 60
Trd, 4319200.693, 61
Trd, 4319201.293, 101
Trd, 4319201.943, 77
Trd, 4319202.593, 81
Trd, 4319203.093, 118
Trd, 4319203.393, 93
Trd, 4319206.443, 112
Trd, 4319206.793, 134
Trd, 4319206.993, 95
Trd, 4319207.993, 113
Trd, 4319208.393, 113
Trd, 4319209.043, 104
Trd, 4319209.993, 104
Trd, 4319211.093, 110
Trd, 4319211.293, 92
Trd, 4319213.743, 104
Trd, 4319214.343, 111
Trd, 4319214.393, 104
Trd, 4319214.493, 118
Trd, 4319215.793, 101
Trd, 4319217.843, 116
Trd, 4319218.293, 117
Trd, 4319218.393, 101
Trd, 4319220.643, 123
Trd, 4319221.893, 125
Trd, 4319222.393, 119
Trd, 4319222.643, 107
Trd, 4319223.493, 98
Trd, 4319224.243, 120
Trd, 4319225.993, 138
Trd, 4319226.993, 121
Trd, 4319227.143, 119
Trd, 4319227.593, 67
Trd, 4319228.643, 62
Trd, 4319228.893, 83
Trd, 4319230.393, 94
Trd, 4319230.893, 68
Trd, 4319231.293, 71
Trd, 4319231.343, 108
Trd, 4319233.793, 120
Trd, 4319234.743, 94
Trd, 4319234.943, 79
Trd, 4319235.143, 75
Trd, 4319236.143, 78
Trd, 4319236.793, 77
Trd, 4319238.043, 100
Trd, 4319238.793, 96
Trd, 4319239.743, 106
Trd, 4319239.943, 92
Trd, 4319240.343, 89
Trd, 4319240.993, 119
Trd, 4319242.843, 77
Trd, 4319243.643, 90
Trd, 4319243.743, 71
Trd, 4319244.693, 105
Trd, 4319245.243, 130
Trd, 4319245.843, 96
Trd, 4319246.543, 125
Trd, 4319247.743, 105
Trd, 4319248.443, 107
Trd, 4319248.743, 79
Trd, 4319248.793, 84
Trd, 4319249.143, 74
Trd, 4319249.743, 74
Trd, 4319249.943, 67
Trd, 4319251.993, 66
Trd, 4319252.043, 71
Trd, 4319252.193, 90
Trd, 4319253.743, 83
Trd, 4319254.893, 115
Trd, 4319255.093, 118
Trd, 4319255.793, 107
Trd, 4319255.943, 105
Trd, 4319256.393, 139
Trd, 4319257.343, 78
Trd, 4319257.543, 79
Trd, 4319258.193, 69
Trd, 4319258.543, 64
Trd, 4319258.893, 64
Trd, 4319261.243, 73
Trd, 4319261.343, 76
Trd, 4319262.643, 65
Trd, 4319262.693, 72
Trd, 4319263.943, 80
Trd, 4319264.443, 86
Trd, 4319265.993, 106
Trd, 4319266.243, 123
Trd, 4319266.443, 97
Trd, 4319266.693, 91
Trd, 4319267.393, 115
Trd, 4319268.743, 107
Trd, 4319269.293, 109
Trd, 4319269.993, 110
Trd, 4319272.043, 137
Trd, 4319272.193, 137
Trd, 4319272.293, 129
Trd, 4319274.243, 138
Trd, 4319275.943, 126
Trd, 4319276.193, 126
Trd, 4319276.493, 120
Trd, 4319277.043, 122
Trd, 4319277.993, 116
Trd, 4319278.793, 96
Trd, 4319280.343, 78
Trd, 4319280.393, 101
Trd, 4319280.493, 74
Trd, 4319281.643, 61
Trd, 4319281.993, 70
Trd, 4319282.343, 80
Trd, 4319283.443, 85
Trd, 4319283.993, 135
Trd, 4319284.893, 100
Trd, 4319285.693, 140
Trd, 4319285.843, 124
Trd, 4319286.593, 76
Trd, 4319289.343, 68
Trd, 4319289.993, 91
Trd, 4319290.343, 80
Trd, 4319290.543, 127
Trd, 4319290.943, 126
Trd, 4319292.243, 124
Trd, 4319292.693, 108
Trd, 4319292.793, 106
Trd, 4319292.893, 125
Trd, 4319293.843, 119
Trd, 4319295.593, 106
Trd, 4319295.693, 95
Trd, 4319296.943, 84
Trd, 4319297.343, 96
Trd, 4319297.643, 92
Trd, 4319299.943, 108
Trd, 4319300.893, 137
Trd, 4319301.293, 108
Trd, 4319301.643, 99
Trd, 4319301.993, 136
Trd, 4319302.443, 88
Trd, 4319303.393, 121
Trd, 4319305.593, 63
Trd, 4319306.243, 77
Trd, 4319306.443, 137
Trd, 4319307.193, 117
Trd, 4319307.943, 81
Trd, 4319309.443, 135
Trd, 4319309.743, 117
Trd, 4319309.993, 100
Trd, 4319312.093, 94
Trd, 4319312.443, 114
Trd, 4319313.393, 131
Trd, 4319313.993, 127
Trd, 4319314.043, 118
Trd, 4319314.093, 112
Trd, 4319314.893, 95
Trd, 4319315.343, 111
Trd, 4319315.893, 89
Trd, 4319316.193, 89
Trd, 4319317.393, 87
Trd, 4319318.993, 131
Trd, 4319319.893, 91
Trd, 4319320.043, 85
Trd, 4319320.443, 60
Trd, 4319321.243, 81
Trd, 4319322.043, 132
Trd, 4319322.593, 132
Trd, 4319325.543, 123
Trd, 4319325.693, 124
Trd, 4319326.393, 87
Trd, 4319326.443, 93
Trd, 4319327.943, 87
Trd, 4319328.043, 74
Trd, 4319328.943, 86
Trd, 4319331.793, 136
Trd, 4319331.843, 119
Trd, 4319333.443, 102
Trd, 4319333.493, 103
Trd, 4319333.943, 116
Trd, 4319334.343, 95
Trd, 4319334.593, 124
Trd, 4319334.793, 95
Trd, 4319335.743, 66
Trd, 4319336.193, 80
Trd, 4319337.643, 82
Trd, 4319337.893, 83
Trd, 4319338.743, 134
Trd, 4319338.893, 105
Trd, 4319339.343, 126
Trd, 4319340.393, 137
Trd, 4319340.743, 120
Trd, 4319342.193, 74
Trd, 4319342.843, 74
Trd, 4319342.893, 99
Trd, 4319344.843, 111
Trd, 4319346.343, 108
Trd, 4319346.793, 108
Trd, 4319347.243, 107
Trd, 4319347.443, 98
Trd, 4319347.693, 75
Trd, 4319347.793, 87
Trd, 4319348.193, 118
Trd, 4319348.893, 84
Trd, 4319349.393, 79
Trd, 4319350.943, 116
Trd, 4319352.893, 85
Trd, 4319353.143, 78
Trd, 4319353.693, 94
Trd, 4319354.593, 78
Trd, 4319354.843, 70
Trd, 4319355.093, 89
Trd, 4319355.893, 81
Trd, 4319356.343, 72
Trd, 4319357.293, 113
Trd, 4319357.543, 101
Trd, 4319358.193, 121
Trd, 4319359.343, 121
Trd, 4319359.693, 106
Trd, 4319360.443, 113
Trd, 4319361.743, 123
Trd, 4319361.843, 99
Trd, 4319362.343, 114
Trd, 4319363.393, 130
Trd, 4319365.493, 124
Trd, 4319365.643, 112
Trd, 4319366.193, 97
Trd, 4319366.493, 96
Trd, 4319366.993, 65
Trd, 4319367.793, 69
Trd, 4319370.143, 116
Trd, 4319370.993, 125
Trd, 4319371.693, 116
Trd, 4319371.793, 116
Trd, 4319372.243, 131
Trd, 4319372.743, 123
Trd, 4319372.843, 113
Trd, 4319373.443, 101
Trd, 4319373.693, 101
Trd, 4319374.493, 86
Trd, 4319375.093, 62
Trd, 4319375.243, 76
Trd, 4319377.043, 130
Trd, 4319378.193, 103
Trd, 4319378.293, 104
Trd, 4319379.793, 98
Trd, 4319380.593, 117
Trd, 4319381.843, 77
Trd, 4319382.293, 90
Trd, 4319382.493, 85
Trd, 4319383.443, 128
Trd, 4319383.793, 127
Trd, 4319384.743, 123
Trd, 4319385.293, 113
Trd, 4319385.393, 113
Trd, 4319385.693, 106
Trd, 4319385.743, 101
Trd, 4319387.143, 121
Trd, 4319388.193, 75
Trd, 4319388.843, 127
Trd, 4319389.793, 86
Trd, 4319390.193, 81
Trd, 4319390.793, 123
Trd, 4319391.793, 125
Trd, 4319392.393, 113
Trd, 4319392.793, 80
Trd, 4319392.993, 130
Trd, 4319394.093, 71
Trd, 4319394.793, 107
Trd, 4319395.993, 117
Trd, 4319396.743, 107
Trd, 4319397.443, 108
Trd, 4319398.043, 104
Trd, 4319398.193, 84
Trd, 4319398.793, 81
Trd, 4319400.793, 104
Trd, 4319400.993, 93
Trd, 4319401.643, 94
Trd, 4319402.193, 86
Trd, 4319403.143, 97
Trd, 4319403.593, 101
Trd, 4319404.293, 66
Trd, 4319404.443, 66
Trd, 4319404.893, 60
Trd, 4319405.643, 62
Trd, 4319405.793, 105
Trd, 4319407.143, 73
Trd, 4319407.593, 101
Trd, 4319408.293, 95
Trd, 4319408.493, 95
Trd, 4319409.393, 102
Trd, 4319410.093, 101
Trd, 4319410.893, 79
Trd, 4319411.143, 74
Trd, 4319412.143, 85
Trd, 4319412.293, 81
Trd, 4319412.693, 110
Trd, 4319413.743, 118
Trd, 4319414.093, 132
Trd, 4319414.543, 97
Trd, 4319416.743, 100
Trd, 4319416.993, 96
Trd, 4319417.993, 95
Trd, 4319418.243, 83
Trd, 4319418.493, 111
Trd, 4319419.443, 135
Trd, 4319419.543, 119
Trd, 4319420.643, 103
Trd, 4319421.043, 131
Trd, 4319422.343, 131
Trd, 4319423.143, 117
Trd, 4319423.493, 112
Trd, 4319423.743, 110
Trd, 4319424.593, 122
Trd, 4319425.293, 129
Trd, 4319427.193, 103
Trd, 4319427.793, 111
Trd, 4319427.943, 91
Trd, 4319428.193, 85
Trd, 4319428.343, 115
Trd, 4319429.043, 67
Trd, 4319430.393, 114
Trd, 4319432.443, 119
Trd, 4319433.543, 125
Trd, 4319434.143, 110
Trd, 4319434.343, 120
Trd, 4319434.993, 138
Trd, 4319435.393, 128
Trd, 4319436.143, 136
Trd, 4319436.593, 110
Trd, 4319437.243, 134
Trd, 4319437.443, 120
Trd, 4319437.593, 113
Trd, 4319438.443, 116
Trd, 4319438.793, 108
Trd, 4319439.743, 84
Trd, 4319440.093, 111
Trd, 4319441.043, 101
Trd, 4319441.593, 85
Trd, 4319443.343, 139
Trd, 4319443.893, 138
Trd, 4319445.193, 122
Trd, 4319445.243, 120
Trd, 4319445.593, 120
Trd, 4319448.643, 114
Trd, 4319449.093, 136
Trd, 4319449.193, 110
Trd, 4319449.543, 89
Trd, 4319449.943, 87
Trd, 4319451.093, 118
Trd, 4319451.693, 132
Trd, 4319452.043, 94
Trd, 4319453.393, 94
Trd, 4319454.143, 65
Trd, 4319454.543, 79
Trd, 4319456.043, 117
Trd, 4319456.893, 110
Trd, 4319458.043, 101
Trd, 4319458.893, 108
Trd, 4319459.843, 124
Trd, 4319461.193, 127
Trd, 4319461.293, 127
Trd, 4319462.343, 109
Trd, 4319462.543, 103
Trd, 4319462.693, 93
Trd, 4319463.543, 65
Trd, 4319463.893, 95
Trd, 4319465.393, 72
Trd, 4319466.493, 86
Trd, 4319466.693, 67
Trd, 4319466.843, 93
Trd, 4319468.943, 66
Trd, 4319470.793, 103
Trd, 4319471.593, 99
Trd, 4319473.043, 114
Trd, 4319473.193, 97
Trd, 4319473.643, 91
Trd, 4319474.543, 63
Trd, 4319475.343, 112
Trd, 4319475.993, 98
Trd, 4319476.193, 74
Trd, 4319476.243, 62
Trd, 4319477.693, 66
Trd, 4319478.993, 118
Trd, 4319479.343, 118
Trd, 4319479.643, 118
Trd, 4319479.693, 105
Trd, 4319480.693, 116
Trd, 4319481.243, 61
Trd, 4319482.693, 133
Trd, 4319482.993, 127
Trd, 4319483.843, 126
Trd, 4319485.593, 126
Trd, 4319486.143, 133
Trd, 4319487.343, 102
Trd, 4319487.793, 103
Trd, 4319488.993, 97
Trd, 4319489.443, 96
Trd, 4319489.693, 121
Trd, 4319489.743, 96
Trd, 4319490.343, 81
Trd, 4319490.993, 119
Trd, 4319491.393, 112
Trd, 4319491.593, 97
Trd, 4319494.693, 124
Trd, 4319494.793, 84
Trd, 4319495.493, 92
Trd, 4319496.543, 131
Trd, 4319497.093, 124
Trd, 4319497.143, 119
Trd, 4319497.893, 84
Trd, 4319498.293, 120
Trd, 4319500.393, 136
Trd, 4319500.843, 111
Trd, 4319501.643, 115
Trd, 4319502.493, 111
Trd, 4319502.993, 99
Trd, 4319503.993, 99
Trd, 4319505.043, 89
Trd, 4319505.343, 140
Trd, 4319505.593, 114
Trd, 4319506.493, 99
Trd, 4319507.843, 117
Trd, 4319509.543, 137
Trd, 4319509.593, 131
Trd, 4319510.043, 94
Trd, 4319510.243, 78
Trd, 4319510.493, 67
Trd, 4319511.243, 135
Trd, 4319511.993, 90
Trd, 4319512.893, 97
Trd, 4319512.943, 97
Trd, 4319513.243, 89
Trd, 4319513.693, 107
Trd, 4319516.793, 103
Trd, 4319516.943, 103
Trd, 4319518.443, 118
Trd, 4319518.943, 111
Trd, 4319519.743, 130
Trd, 4319520.243, 131
Trd, 4319520.893, 92
Trd, 4319521.993, 84
Trd, 4319522.543, 83
Trd, 4319523.193, 84
Trd, 4319523.843, 87
Trd, 4319523.893, 73
Trd, 4319524.243, 101
Trd, 4319525.393, 123
Trd, 4319525.543, 117
Trd, 4319526.443, 114
Trd, 4319526.693, 108
Trd, 4319527.993, 91
Trd, 4319528.043, 91
Trd, 4319529.243, 125
Trd, 4319529.693, 110
Trd, 4319530.193, 88
Trd, 4319530.343, 121
Trd, 4319531.193, 87
Trd, 4319532.543, 99
Trd, 4319534.093, 119
Trd, 4319534.693, 85
Trd, 4319535.893, 136
Trd, 4319538.193, 136
Trd, 4319538.993, 124
Trd, 4319539.543, 119
Trd, 4319539.593, 109
Trd, 4319540.543, 110
Trd, 4319541.143, 110
Trd, 4319541.443, 110
Trd, 4319541.793, 83
Trd, 4319541.993, 131
Trd, 4319543.793, 131
Trd, 4319544.493, 125
Trd, 4319545.493, 114
Trd, 4319545.993, 138
Trd, 4319546.593, 136
Trd, 4319547.293, 136
Trd, 4319548.643, 109
Trd, 4319549.893, 119
Trd, 4319550.293, 125
Trd, 4319550.493, 112
Trd, 4319550.743, 112
Trd, 4319551.293, 92
Trd, 4319552.543, 106
Trd, 4319553.843, 123
Trd, 4319554.093, 108
Trd, 4319554.243, 81
Trd, 4319555.743, 71
Trd, 4319556.293, 127
Trd, 4319558.043, 109
Trd, 4319559.343, 131
Trd, 4319559.993, 101
Trd, 4319560.093, 99
Trd, 4319560.643, 118
Trd, 4319562.443, 136
Trd, 4319563.193, 113
Trd, 4319563.543, 122
Trd, 4319563.743, 105
Trd, 4319564.293, 64
Trd, 4319565.443, 107
Trd, 4319565.643, 101
Trd, 4319566.243, 112
Trd, 4319566.593, 122
Trd, 4319567.693, 113
Trd, 4319568.043, 127
Trd, 4319568.393, 105
Trd, 4319571.043, 100
Trd, 4319571.243, 101
Trd, 4319571.493, 93
Trd, 4319572.693, 124
Trd, 4319573.493, 104
Trd, 4319573.543, 87
Trd, 4319574.943, 105
Trd, 4319574.993, 105
Trd, 4319575.393, 129
Trd, 4319576.243, 130
Trd, 4319576.843, 136
Trd, 4319577.743, 130
Trd, 4319577.943, 125
Trd, 4319578.043, 120
Trd, 4319578.593, 114
Trd, 4319580.293, 122
Trd, 4319580.593, 100
Trd, 4319581.243, 73
Trd, 4319581.943, 111
Trd, 4319582.343, 109
Trd, 4319582.493, 79
Trd, 4319583.093, 130
Trd, 4319584.093, 102
Trd, 4319584.393, 128
Trd, 4319584.693, 123
Trd, 4319586.193, 80
Trd, 4319587.593, 80
Trd, 4319587.843, 81
Trd, 4319589.293, 138
Trd, 4319589.743, 108
Trd, 4319589.993, 97
Trd, 4319592.093, 88
Trd, 4319592.393, 95
Trd, 4319593.193, 134
Trd, 4319593.693, 101
Trd, 4319595.443, 72
Trd, 4319595.893, 89
Trd, 4319596.243, 66
Trd, 4319597.043, 86
Trd, 4319597.093, 84
Trd, 4319598.643, 109
Trd, 4319598.943, 110
Trd, 4319600.093, 80
Trd, 4319600.393, 77
Trd, 4319601.293, 89
Trd, 4319601.393, 86
Trd, 4319602.443, 125
Trd, 4319603.843, 135
Trd, 4319603.993, 112
Trd, 4319604.493, 103
Trd, 4319605.143, 122
Trd, 4319606.343, 70
Trd, 4319608.193, 62
Trd, 4319610.993, 122
Trd, 4319611.593, 117
Trd, 4319611.693, 107
Trd, 4319612.293, 138
Trd, 4319612.443, 138
Trd, 4319613.193, 104
Trd, 4319613.593, 83
Trd, 4319613.693, 62
Trd, 4319614.543, 118
Trd, 4319615.543, 97
Trd, 4319615.993, 124
Trd, 4319616.443, 94
Trd, 4319617.043, 102
Trd, 4319618.343, 121
Trd, 4319618.393, 131
Trd, 4319619.043, 79
Trd, 4319621.043, 131
Trd, 4319621.293, 102
Trd, 4319622.043, 108
Trd, 4319622.443, 104
Trd, 4319622.643, 107
Trd, 4319623.193, 89
Trd, 4319624.793, 109
Trd, 4319625.543, 110
Trd, 4319625.943, 101
Trd, 4319626.593, 102
Trd, 4319627.393, 122
Trd, 4319627.993, 94
Trd, 4319628.393, 137
Trd, 4319628.443, 111
Trd, 4319628.743, 134
Trd, 4319629.443, 126
Trd, 4319630.493, 114
Trd, 4319630.643, 102
Trd, 4319631.193, 107
Trd, 4319631.893, 108
Trd, 4319633.043, 90
Trd, 4319633.093, 90
Trd, 4319634.443, 113
Trd, 4319634.793, 87
Trd, 4319635.543, 81
Trd, 4319636.443, 126
Trd, 4319637.493, 110
Trd, 4319637.543, 95
Trd, 4319638.893, 122
Trd, 4319639.193, 130
Trd, 4319639.943, 126
Trd, 4319640.043, 123
Trd, 4319640.343, 109
Trd, 4319641.743, 115
Trd, 4319641.993, 122
Trd, 4319642.043, 115
Trd, 4319645.093, 118
Trd, 4319645.493, 105
Trd, 4319645.693, 91
Trd, 4319646.093, 117
Trd, 4319647.593, 123
Trd, 4319647.993, 108
Trd, 4319648.193, 104
Trd, 4319648.343, 97
Trd, 4319649.243, 98
Trd, 4319649.693, 126
Trd, 4319650.843, 125
Trd, 4319651.343, 106
Trd, 4319651.693, 108
Trd, 4319652.243, 107
Trd, 4319652.793, 104
Trd, 4319653.143, 100
Trd, 4319653.893, 117
Trd, 4319654.593, 96
Trd, 4319654.743, 88
Trd, 4319655.243, 112
Trd, 4319655.493, 91
Trd, 4319657.393, 79
Trd, 4319657.493, 91
Trd, 4319658.393, 135
Trd, 4319660.193, 87
Trd, 4319660.493, 82
Trd, 4319660.743, 93
Trd, 4319662.043, 89
Trd, 4319662.143, 84
Trd, 4319663.043, 88
Trd, 4319664.393, 63
Trd, 4319664.893, 63
Trd, 4319668.493, 86
Trd, 4319669.393, 115
Trd, 4319669.843, 117
Trd, 4319669.943, 94
Trd, 4319671.593, 112
Trd, 4319672.143, 111
Trd, 4319672.493, 97
Trd, 4319673.743, 118
Trd, 4319674.643, 97
Trd, 4319675.043, 112
Trd, 4319676.393, 128
Trd, 4319677.393, 104
Trd, 4319677.693, 104
Trd, 4319677.893, 102
Trd, 4319677.993, 96
Trd, 4319678.843, 115
Trd, 4319679.743, 122
Trd, 4319680.443, 137
Trd, 4319682.693, 119
Trd, 4319683.243, 110
Trd, 4319684.043, 113
Trd, 4319684.193, 113
Trd, 4319684.443, 101
Trd, 4319685.093, 126
Trd, 4319685.693, 101
Trd, 4319686.693, 116
Trd, 4319687.143, 77
Trd, 4319687.493, 109
Trd, 4319688.093, 82
Trd, 4319689.393, 115
Trd, 4319689.943, 90
Trd, 4319692.043, 125
Trd, 4319692.193, 110
Trd, 4319692.593, 112
Trd, 4319692.843, 115
Trd, 4319693.393, 108
Trd, 4319694.493, 99
Trd, 4319695.293, 119
Trd, 4319695.943, 121
Trd, 4319697.943, 116
Trd, 4319698.343, 99
Trd, 4319698.543, 94
Trd, 4319699.243, 104
Trd, 4319701.093, 83
Trd, 4319701.593, 130
Trd, 4319701.843, 106
Trd, 4319702.143, 87
Trd, 4319702.893, 96
Trd, 4319704.393, 93
Trd, 4319705.443, 103
Trd, 4319706.643, 108
Trd, 4319707.343, 79
Trd, 4319707.643, 79
Trd, 4319707.943, 71
Trd, 4319709.743, 90
Trd, 4319710.693, 87
Trd, 4319712.093, 102
Trd, 4319713.093, 76
Trd, 4319713.293, 109
Trd, 4319713.693, 135
Trd, 4319713.943, 76
Trd, 4319715.293, 85
Trd, 4319715.893, 99
Trd, 4319718.143, 122
Trd, 4319718.993, 106
Trd, 4319719.093, 110
Trd, 4319719.593, 112
Trd, 4319719.743, 126
Trd, 4319720.343, 99
Trd, 4319721.043, 94
Trd, 4319721.093, 93
Trd, 4319721.293, 77
Trd, 4319722.493, 122
Trd, 4319723.293, 136
Trd, 4319724.193, 132
Trd, 4319724.493, 108
Trd, 4319725.443, 103
Trd, 4319725.543, 125
Trd, 4319726.693, 95
Trd, 4319727.593, 98
Trd, 4319727.743, 104
Trd, 4319728.043, 94
Trd, 4319729.543, 98
Trd, 4319730.093, 98
Trd, 4319731.343, 124
Trd, 4319731.643, 124
Trd, 4319731.693, 113
Trd, 4319732.343, 118
Trd, 4319732.743, 101
Trd, 4319734.193, 136
Trd, 4319734.393, 122
Trd, 4319735.293, 116
Trd, 4319737.643, 115
Trd, 4319737.993, 99
Trd, 4319738.643, 98
Trd, 4319738.693, 97
Trd, 4319739.893, 116
Trd, 4319739.943, 129
Trd, 4319740.043, 129
Trd, 4319741.243, 120
Trd, 4319741.743, 119
Trd, 4319742.843, 100
Trd, 4319743.193, 96
Trd, 4319745.043, 127
Trd, 4319745.343, 114
Trd, 4319745.793, 114
Trd, 4319746.193, 106
Trd, 4319747.043, 115
Trd, 4319747.143, 69
Trd, 4319749.293, 112
Trd, 4319749.843, 132
Trd, 4319749.943, 132
Trd, 4319750.843, 132
Trd, 4319751.343, 107
Trd, 4319751.643, 87
Trd, 4319752.243, 83
Trd, 4319753.993, 87
Trd, 4319754.593, 94
Trd, 4319755.243, 125
Trd, 4319755.343, 114
Trd, 4319756.193, 89
Trd, 4319758.293, 132
Trd, 4319759.193, 132
Trd, 4319759.343, 114
Trd, 4319760.543, 80
Trd, 4319760.943, 85
Trd, 4319762.243, 128
Trd, 4319762.743, 128
Trd, 4319764.693, 112
Trd, 4319765.293, 108
Trd, 4319765.443, 78
Trd, 4319766.193, 91
Trd, 4319766.743, 113
Trd, 4319767.343, 114
Trd, 4319767.943, 98
Trd, 4319768.093, 109
Trd, 4319768.893, 89
Trd, 4319769.393, 107
Trd, 4319771.943, 67
Trd, 4319772.243, 84
Trd, 4319772.693, 102
Trd, 4319773.943, 63
Trd, 4319774.943, 70
Trd, 4319775.543, 76
Trd, 4319775.593, 80
Trd, 4319775.743, 98
Trd, 4319776.793, 112
Trd, 4319777.443, 136
Trd, 4319777.793, 136
Trd, 4319778.593, 112
Trd, 4319778.693, 103
Trd, 4319778.743, 91
Trd, 4319780.393, 132
Trd, 4319780.843, 112
Trd, 4319781.243, 125
Trd, 4319781.993, 88
Trd, 4319782.243, 109
Trd, 4319783.293, 139
Trd, 4319784.093, 125
Trd, 4319784.193, 111
Trd, 4319786.343, 101
Trd, 4319786.393, 96
Trd, 4319786.843, 95
Trd, 4319787.393, 107
Trd, 4319787.743, 111
Trd, 4319788.843, 88
Trd, 4319790.093, 123
Trd, 4319790.593, 113
Trd, 4319790.743, 113
Trd, 4319791.993, 107
Trd, 4319792.093, 104
Trd, 4319793.043, 99
Trd, 4319793.093, 95
Trd, 4319793.943, 117
Trd, 4319796.293, 135
Trd, 4319796.543, 104
Trd, 4319796.593, 94
Trd, 4319797.693, 113
Trd, 4319798.393, 99
Trd, 4319799.543, 78
Trd, 4319799.943, 91
Trd, 4319800.243, 123
Trd, 4319800.693, 67
Trd, 4319801.243, 126
Trd, 4319801.893, 107
Trd, 4319802.393, 127
Trd, 4319802.993, 70
Trd, 4319804.293, 97
Trd, 4319805.343, 74
Trd, 4319805.793, 65
Trd, 4319806.793, 107
Trd, 4319807.443, 77
Trd, 4319807.643, 63
Trd, 4319809.193, 84
Trd, 4319810.243, 66
Trd, 4319810.843, 98
Trd, 4319811.843, 114
Trd, 4319812.093, 105
Trd, 4319812.243, 99
Trd, 4319812.793, 104
Trd, 4319814.843, 99
Trd, 4319814.943, 92
Trd, 4319815.743, 101
Trd, 4319815.843, 91
Trd, 4319816.693, 92
Trd, 4319817.993, 88
Trd, 4319818.643, 121
Trd, 4319820.193, 98
Trd, 4319820.493, 102
Trd, 4319821.993, 122
Trd, 4319822.193, 122
Trd, 4319822.243, 114
Trd, 4319822.743, 101
Trd, 4319822.943, 98
Trd, 4319823.143, 72
Trd, 4319823.843, 126
Trd, 4319823.943, 122
Trd, 4319824.143, 109
Trd, 4319825.143, 80
Trd, 4319825.393, 61
Trd, 4319825.643, 80
Trd, 4319828.543, 100
Trd, 4319829.343, 120
Trd, 4319831.443, 106
Trd, 4319831.643, 88
Trd, 4319832.243, 108
Trd, 4319832.543, 82
Trd, 4319833.843, 127
Trd, 4319833.893, 122
Trd, 4319834.793, 107
Trd, 4319834.993, 98
Trd, 4319835.593, 124
Trd, 4319835.993, 119
Trd, 4319836.993, 119
Trd, 4319837.693, 105
Trd, 4319838.243, 104
Trd, 4319839.743, 92
Trd, 4319841.243, 120
Trd, 4319842.593, 112
Trd, 4319843.343, 105
Trd, 4319844.293, 99
Trd, 4319844.543, 106
Trd, 4319845.693, 93
Trd, 4319845.743, 89
Trd, 4319847.243, 99
Trd, 4319847.993, 102
Trd, 4319848.343, 98
Trd, 4319849.843, 126
Trd, 4319850.093, 106
Trd, 4319850.443, 129
Trd, 4319852.293, 95
Trd, 4319852.793, 116
Trd, 4319853.343, 92
Trd, 4319854.693, 112
Trd, 4319854.793, 107
Trd, 4319854.893, 103
Trd, 4319855.093, 89
Trd, 4319855.543, 88
Trd, 4319856.193, 136
Trd, 4319857.343, 85
Trd, 4319859.443, 60
Trd, 4319861.243, 92
Trd, 4319861.593, 92
Trd, 4319861.643, 109
Trd, 4319862.043, 82
Trd, 4319862.793, 101
Trd, 4319863.243, 103
Trd, 4319863.343, 95
Trd, 4319864.843, 82
Trd, 4319865.493, 94
Trd, 4319865.843, 115
Trd, 4319866.993, 135
Trd, 4319867.993, 135
Trd, 4319868.443, 114
Trd, 4319868.793, 116
Trd, 4319868.943, 107
Trd, 4319869.293, 100
Trd, 4319870.593, 72
Trd, 4319871.543, 107
Trd, 4319871.893, 77
Trd, 4319873.593, 126
Trd, 4319873.743, 126
Trd, 4319875.143, 127
Trd, 4319875.793, 105
Trd, 4319875.993, 76
Trd, 4319876.493, 91
Trd, 4319877.793, 72
Trd, 4319878.943, 108
Trd, 4319879.043, 128
Trd, 4319880.993, 119
Trd, 4319881.043, 121
Trd, 4319881.593, 113
Trd, 4319881.943, 106
Trd, 4319882.743, 129
Trd, 4319882.993, 123
Trd, 4319883.143, 115
Trd, 4319887.093, 121
Trd, 4319887.643, 118
Trd, 4319888.093, 106
Trd, 4319888.543, 116
Trd, 4319888.593, 105
Trd, 4319889.443, 95
Trd, 4319889.793, 75
Trd, 4319889.993, 91
Trd, 4319891.243, 66
Trd, 4319892.793, 86
Trd, 4319893.843, 131
Trd, 4319894.593, 127
Trd, 4319894.643, 114
Trd, 4319894.843, 112
Trd, 4319896.193, 76
Trd, 4319897.493, 76
Trd, 4319898.393, 123
Trd, 4319898.743, 110
Trd, 4319899.193, 125
Trd, 4319900.393, 133
Trd, 4319900.793, 132
Trd, 4319902.043, 111
Trd, 4319902.093, 102
Trd, 4319903.093, 97
Trd, 4319903.693, 119
Trd, 4319903.793, 103
Trd, 4319904.043, 130
Trd, 4319905.543, 114
Trd, 4319905.943, 108
Trd, 4319905.993, 105
Trd, 4319907.493, 80
Trd, 4319908.693, 99
Trd, 4319908.943, 69
Trd, 4319910.493, 106
Trd, 4319910.643, 99
Trd, 4319911.193, 117
Trd, 4319911.493, 102
Trd, 4319912.293, 125
Trd, 4319912.943, 120
Trd, 4319913.343, 86
Trd, 4319913.543, 98
Trd, 4319913.993, 85
Trd, 4319915.043, 110
Trd, 4319915.193, 65
Trd, 4319915.743, 122
Trd, 4319916.843, 138
Trd, 4319917.293, 103
Trd, 4319918.693, 104
Trd, 4319919.543, 72
Trd, 4319919.893, 113
Trd, 4319922.093, 136
Trd, 4319922.243, 132
Trd, 4319923.543, 99
Trd, 4319924.043, 126
Trd, 4319924.143, 88
Trd, 4319924.493, 69
Trd, 4319926.293, 123
Trd, 4319926.993, 104
Trd, 4319927.793, 125
Trd, 4319929.093, 96
Trd, 4319929.143, 96
Trd, 4319929.843, 89
Trd, 4319930.643, 114
Trd, 4319931.093, 114
Trd, 4319931.743, 139
Trd, 4319933.343, 122
Trd, 4319933.743, 121
Trd, 4319933.793, 116
Trd, 4319934.393, 112
Trd, 4319936.193, 133
Trd, 4319936.543, 116
Trd, 4319936.643, 87
Trd, 4319938.343, 111
Trd, 4319938.693, 109
Trd, 4319939.143, 109
Trd, 4319939.543, 110
Trd, 4319940.093, 106
Trd, 4319940.993, 127
Trd, 4319941.443, 121
Trd, 4319941.843, 110
Trd, 4319942.243, 97
Trd, 4319943.843, 122
Trd, 4319944.593, 84
Trd, 4319944.793, 84
Trd, 4319945.143, 99
Trd, 4319945.393, 112
Trd, 4319945.643, 69
Trd, 4319947.443, 72
Trd, 4319949.493, 116
Trd, 4319949.993, 92
Trd, 4319950.393, 114
Trd, 4319950.993, 90
Trd, 4319952.343, 126
Trd, 4319952.843, 126
Trd, 4319953.893, 99
Trd, 4319954.243, 122
Trd, 4319955.993, 128
Trd, 4319956.143, 131
Trd, 4319956.293, 111
Trd, 4319958.593, 105
Trd, 4319958.793, 105
Trd, 4319959.543, 128
Trd, 4319960.243, 119
Trd, 4319960.643, 135
Trd, 4319961.093, 135
Trd, 4319962.843, 110
Trd, 4319962.993, 102
Trd, 4319963.943, 108
Trd, 4319964.493, 108
Trd, 4319964.943, 101
Trd, 4319965.343, 96
Trd, 4319965.943, 96
Trd, 4319968.243, 129
Trd, 4319968.843, 118
Trd, 4319969.143, 92
Trd, 4319969.243, 86
Trd, 4319970.343, 108
Trd, 4319970.543, 107
Trd, 4319973.143, 134
Trd, 4319973.393, 134
Trd, 4319974.193, 136
Trd, 4319974.743, 135
Trd, 4319975.593, 107
Trd, 4319975.693, 103
Trd, 4319977.493, 120
Trd, 4319978.243, 87
Trd, 4319979.343, 136
Trd, 4319979.593, 113
Trd, 4319980.093, 90
Trd, 4319980.343, 85
Trd, 4319980.443, 74
Trd, 4319981.293, 87
Trd, 4319982.593, 101
Trd, 4319983.343, 63
Trd, 4319983.643, 79
Trd, 4319984.993, 69
Trd, 4319985.593, 73
Trd, 4319986.093, 70
Trd, 4319986.293, 69
Trd, 4319988.793, 129
Trd, 4319988.893, 87
Trd, 4319991.443, 122
Trd, 4319991.943, 137
Trd, 4319992.793, 137
Trd, 4319993.543, 117
Trd, 4319993.793, 115
Trd, 4319993.993, 105
Trd, 4319994.693, 112
Trd, 4319995.193, 131
Trd, 4319995.243, 111
Trd, 4319996.843, 139
Trd, 4319996.943, 139
Trd, 4319997.093, 109
Trd, 4319997.293, 106
Trd, 4319998.443, 123
