Trd, 4318141.743, 68
Trd, 4318141.793, 127
Trd, 4318142.193, 93
Trd, 4318142.793, 139
Trd, 4318142.993, 105
Trd, 4318145.093, 121
Trd, 4318145.943, 119
Trd, 4318146.543, 106
Trd, 4318146.643, 95
Trd, 4318146.793, 85
Trd, 4318147.293, 85
Trd, 4318148.043, 116
Trd, 4318149.843, 107
Trd, 4318150.843, 108
Trd, 4318151.043, 106
Trd, 4318151.793, 61
Trd, 4318153.143, 94
Trd, 4318153.193, 77
Trd, 4318154.143, 85
Trd, 4318154.843, 70
Trd, 4318155.893, 68
Trd, 4318157.893, 60
Trd, 4318157.943, 66
Trd, 4318158.093, 78
Trd, 4318159.743, 65
Trd, 4318159.793, 99
Trd, 4318160.543, 77
Trd, 4318161.043, 71
Trd, 4318161.593, 92
Trd, 4318161.993, 72
Trd, 4318163.243, 86
Trd, 4318163.743, 85
Trd, 4318164.893, 121
Trd, 4318165.243, 61
Trd, 4318166.143, 80
Trd, 4318167.493, 77
Trd, 4318167.593, 73
Trd, 4318167.993, 101
Trd, 4318170.293, 62
Trd, 4318170.793, 103
Trd, 4318171.093, 76
Trd, 4318172.243, 73
Trd, 4318172.593, 116
Trd, 4318173.293, 72
Trd, 4318173.843, 77
Trd, 4318174.443, 69
Trd, 4318174.743, 101
Trd, 4318175.993, 109
Trd, 4318177.043, 61
Trd, 4318177.643, 62
Trd, 4318177.743, 63
Trd, 4318178.193, 68
Trd, 4318179.943, 104
Trd, 4318180.843, 113
Trd, 4318180.893, 95
Trd, 4318181.193, 85
Trd, 4318182.093, 60
Trd, 4318182.743, 131
Trd, 4318183.193, 69
Trd, 4318183.843, 65
Trd, 4318183.893, 72
Trd, 4318184.493, 61
Trd, 4318185.643, 67
Trd, 4318186.093, 89
Trd, 4318187.193, 74
Trd, 4318188.343, 63
Trd, 4318189.443, 77
Trd, 4318189.693, 76
Trd, 4318189.993, 81
Trd, 4318190.093, 113
Trd, 4318191.043, 68
Trd, 4318192.143, 64
Trd, 4318193.343, 114
Trd, 4318193.693, 109
Trd, 4318193.743, 108
Trd, 4318194.193, 90
Trd, 4318194.993, 92
Trd, 4318195.793, 82
Trd, 4318196.943, 60
Trd, 4318197.693, 69
Trd, 4318198.343, 71
Trd, 4318199.693, 135
Trd, 4318200.093, 130
Trd, 4318200.193, 124
Trd, 4318201.193, 106
Trd, 4318201.643, 111
Trd, 4318203.143, 118
Trd, 4318203.193, 134
Trd, 4318203.643, 122
Trd, 4318203.843, 121
Trd, 4318204.093, 87
Trd, 4318205.893, 103
Trd, 4318205.993, 100
Trd, 4318206.543, 121
Trd, 4318207.093, 104
Trd, 4318207.743, 121
Trd, 4318208.493, 120
Trd, 4318208.893, 137
Trd, 4318210.693, 65
Trd, 4318210.843, 79
Trd, 4318211.693, 72
Trd, 4318212.693, 61
Trd, 4318213.043, 69
Trd, 4318214.643, 62
Trd, 4318214.793, 114
Trd, 4318215.593, 70
Trd, 4318215.743, 99
Trd, 4318216.243, 66
Trd, 4318216.393, 65
Trd, 4318216.643, 89
Trd, 4318218.493, 124
Trd, 4318219.093, 91
Trd, 4318219.493, 75
Trd, 4318221.693, 61
Trd, 4318222.243, 60
Trd, 4318223.293, 72
Trd, 4318223.443, 62
Trd, 4318224.093, 113
Trd, 4318224.543, 120
Trd, 4318224.643, 88
Trd, 4318225.193, 92
Trd, 4318225.993, 61
Trd, 4318226.293, 64
Trd, 4318227.243, 62
Trd, 4318228.043, 84
Trd, 4318229.043, 104
Trd, 4318229.443, 76
Trd, 4318230.293, 70
Trd, 4318230.343, 118
Trd, 4318230.993, 115
Trd, 4318232.243, 86
Trd, 4318232.643, 85
Trd, 4318233.293, 96
Trd, 4318234.543, 90
Trd, 4318234.843, 99
Trd, 4318235.743, 89
Trd, 4318236.243, 101
Trd, 4318237.243, 119
Trd, 4318237.393, 106
Trd, 4318238.843, 128
Trd, 4318239.543, 140
Trd, 4318240.393, 123
Trd, 4318241.093, 111
Trd, 4318241.443, 81
Trd, 4318241.943, 107
Trd, 4318242.143, 98
Trd, 4318243.793, 91
Trd, 4318244.893, 136
Trd, 4318245.693, 139
Trd, 4318245.843, 135
Trd, 4318246.593, 140
Trd, 4318247.093, 136
Trd, 4318247.593, 128
Trd, 4318248.443, 118
Trd, 4318249.743, 133
Trd, 4318249.943, 139
Trd, 4318250.043, 126
Trd, 4318250.693, 103
Trd, 4318251.093, 83
Trd, 4318252.193, 130
Trd, 4318252.543, 129
Trd, 4318252.693, 120
Trd, 4318253.593, 105
Trd, 4318254.193, 109
Trd, 4318254.693, 119
Trd, 4318254.793, 117
Trd, 4318256.293, 126
Trd, 4318257.293, 124
Trd, 4318258.393, 126
Trd, 4318258.793, 123
Trd, 4318258.943, 113
Trd, 4318259.343, 88
Trd, 4318259.743, 74
Trd, 4318261.543, 123
Trd, 4318261.593, 121
Trd, 4318262.393, 129
Trd, 4318263.043, 122
Trd, 4318264.343, 102
Trd, 4318264.543, 102
Trd, 4318264.793, 100
Trd, 4318265.943, 92
Trd, 4318266.243, 89
Trd, 4318266.743, 84
Trd, 4318266.893, 108
Trd, 4318267.543, 81
Trd, 4318267.893, 73
Trd, 4318268.293, 69
Trd, 4318270.043, 129
Trd, 4318270.193, 100
Trd, 4318270.943, 134
Trd, 4318271.643, 100
Trd, 4318273.043, 126
Trd, 4318273.593, 125
Trd, 4318274.043, 111
Trd, 4318274.143, 109
Trd, 4318275.493, 134
Trd, 4318275.543, 110
Trd, 4318276.743, 79
Trd, 4318277.243, 63
Trd, 4318279.243, 62
Trd, 4318279.843, 105
Trd, 4318280.193, 102
Trd, 4318281.243, 77
Trd, 4318282.093, 131
Trd, 4318282.743, 106
Trd, 4318282.843, 99
Trd, 4318283.043, 99
Trd, 4318283.543, 91
Trd, 4318283.893, 85
Trd, 4318285.493, 116
Trd, 4318286.093, 79
Trd, 4318286.193, 78
Trd, 4318287.043, 92
Trd, 4318287.643, 108
Trd, 4318289.043, 63
Trd, 4318289.093, 64
Trd, 4318289.293, 74
Trd, 4318290.343, 109
Trd, 4318290.593, 107
Trd, 4318291.643, 120
Trd, 4318292.843, 80
Trd, 4318293.893, 78
Trd, 4318294.843, 133
Trd, 4318295.493, 132
Trd, 4318295.543, 113
Trd, 4318295.693, 111
Trd, 4318296.593, 109
Trd, 4318296.643, 79
Trd, 4318297.793, 61
Trd, 4318299.343, 100
Trd, 4318299.943, 84
Trd, 4318299.993, 65
Trd, 4318300.593, 82
Trd, 4318300.693, 60
Trd, 4318301.093, 106
Trd, 4318301.593, 118
Trd, 4318303.943, 127
Trd, 4318304.243, 125
Trd, 4318304.443, 112
Trd, 4318305.893, 108
Trd, 4318306.443, 106
Trd, 4318307.393, 115
Trd, 4318307.593, 81
Trd, 4318307.993, 73
Trd, 4318308.693, 116
Trd, 4318309.393, 102
Trd, 4318310.143, 107
Trd, 4318310.193, 106
Trd, 4318310.593, 94
Trd, 4318311.193, 69
Trd, 4318311.943, 65
Trd, 4318313.393, 103
Trd, 4318314.243, 76
Trd, 4318314.643, 72
Trd, 4318315.093, 82
Trd, 4318316.193, 79
Trd, 4318317.243, 79
Trd, 4318317.443, 91
Trd, 4318317.493, 78
Trd, 4318318.243, 83
Trd, 4318319.493, 84
Trd, 4318319.793, 74
Trd, 4318319.843, 68
Trd, 4318321.043, 115
Trd, 4318321.293, 107
Trd, 4318322.093, 92
Trd, 4318322.993, 87
Trd, 4318323.143, 105
Trd, 4318325.443, 113
Trd, 4318325.543, 92
Trd, 4318326.543, 85
Trd, 4318327.193, 67
Trd, 4318328.143, 116
Trd, 4318328.343, 95
Trd, 4318328.393, 90
Trd, 4318328.493, 74
Trd, 4318328.543, 70
Trd, 4318328.743, 74
Trd, 4318329.843, 120
Trd, 4318330.593, 81
Trd, 4318331.243, 97
Trd, 4318332.493, 127
Trd, 4318332.893, 123
Trd, 4318332.993, 121
Trd, 4318333.043, 87
Trd, 4318333.993, 92
Trd, 4318335.643, 124
Trd, 4318336.293, 128
Trd, 4318337.593, 109
Trd, 4318338.843, 108
Trd, 4318339.643, 119
Trd, 4318339.843, 109
Trd, 4318340.093, 105
Trd, 4318340.693, 93
Trd, 4318341.493, 71
Trd, 4318341.793, 62
Trd, 4318343.393, 60
Trd, 4318343.593, 77
Trd, 4318344.693, 70
Trd, 4318344.843, 69
Trd, 4318346.543, 118
Trd, 4318346.793, 120
Trd, 4318346.843, 116
Trd, 4318347.843, 131
Trd, 4318348.093, 130
Trd, 4318348.893, 83
Trd, 4318349.543, 136
Trd, 4318349.693, 74
Trd, 4318351.093, 96
Trd, 4318351.393, 84
Trd, 4318351.543, 82
Trd, 4318352.343, 60
Trd, 4318352.643, 95
Trd, 4318353.793, 116
Trd, 4318354.893, 136
Trd, 4318355.143, 113
Trd, 4318356.643, 102
Trd, 4318356.943, 105
Trd, 4318357.193, 94
Trd, 4318358.243, 123
Trd, 4318359.493, 97
Trd, 4318359.693, 91
Trd, 4318359.843, 72
Trd, 4318360.643, 96
Trd, 4318361.243, 72
Trd, 4318361.693, 94
Trd, 4318361.943, 67
Trd, 4318362.543, 68
Trd, 4318363.043, 67
Trd, 4318364.193, 119
Trd, 4318364.743, 107
Trd, 4318365.143, 106
Trd, 4318365.693, 75
Trd, 4318366.643, 112
Trd, 4318368.943, 128
Trd, 4318369.093, 119
Trd, 4318369.193, 117
Trd, 4318370.193, 121
Trd, 4318372.343, 140
Trd, 4318373.193, 110
Trd, 4318373.493, 94
Trd, 4318375.143, 116
Trd, 4318375.343, 116
Trd, 4318376.293, 105
Trd, 4318376.843, 104
Trd, 4318377.543, 87
Trd, 4318377.893, 136
Trd, 4318378.393, 81
Trd, 4318379.093, 82
Trd, 4318379.293, 95
Trd, 4318380.343, 127
Trd, 4318380.543, 88
Trd, 4318381.193, 85
Trd, 4318382.343, 105
Trd, 4318382.693, 122
Trd, 4318383.393, 122
Trd, 4318383.693, 97
Trd, 4318385.143, 120
Trd, 4318385.243, 118
Trd, 4318385.293, 79
Trd, 4318386.243, 132
Trd, 4318386.743, 113
Trd, 4318387.243, 109
Trd, 4318387.493, 70
Trd, 4318389.743, 86
Trd, 4318390.243, 85
Trd, 4318390.493, 82
Trd, 4318391.093, 74
Trd, 4318391.343, 80
Trd, 4318392.643, 115
Trd, 4318393.093, 125
Trd, 4318393.443, 122
Trd, 4318394.293, 121
Trd, 4318394.543, 93
Trd, 4318394.593, 70
Trd, 4318395.293, 67
Trd, 4318396.243, 140
Trd, 4318396.443, 125
Trd, 4318396.643, 124
Trd, 4318397.093, 64
Trd, 4318397.893, 89
Trd, 4318398.943, 124
Trd, 4318399.643, 103
Trd, 4318400.643, 60
Trd, 4318400.843, 60
Trd, 4318402.243, 60
Trd, 4318402.293, 60
Trd, 4318403.443, 100
Trd, 4318404.793, 66
Trd, 4318405.043, 103
Trd, 4318405.443, 63
Trd, 4318405.493, 83
Trd, 4318406.643, 94
Trd, 4318406.993, 140
Trd, 4318407.793, 91
Trd, 4318407.893, 89
Trd, 4318409.293, 83
Trd, 4318410.093, 74
Trd, 4318410.443, 71
Trd, 4318410.893, 98
Trd, 4318411.543, 136
Trd, 4318411.943, 118
Trd, 4318412.893, 117
Trd, 4318412.943, 115
Trd, 4318413.293, 111
Trd, 4318413.943, 122
Trd, 4318414.993, 90
Trd, 4318415.493, 89
Trd, 4318416.693, 123
Trd, 4318417.543, 109
Trd, 4318418.293, 65
Trd, 4318418.493, 106
Trd, 4318420.293, 128
Trd, 4318420.443, 71
Trd, 4318422.643, 116
Trd, 4318422.743, 125
Trd, 4318423.643, 116
Trd, 4318424.593, 124
Trd, 4318424.843, 137
Trd, 4318425.493, 100
Trd, 4318425.543, 100
Trd, 4318425.893, 127
Trd, 4318426.493, 88
Trd, 4318427.393, 62
Trd, 4318428.193, 97
Trd, 4318428.293, 86
Trd, 4318429.293, 98
Trd, 4318429.643, 108
Trd, 4318430.343, 122
Trd, 4318430.943, 93
Trd, 4318432.193, 131
Trd, 4318432.643, 113
Trd, 4318432.843, 100
Trd, 4318433.293, 79
Trd, 4318433.443, 61
Trd, 4318434.793, 94
Trd, 4318436.643, 67
Trd, 4318436.893, 61
Trd, 4318436.943, 87
Trd, 4318437.743, 127
Trd, 4318438.043, 115
Trd, 4318439.393, 116
Trd, 4318440.343, 124
Trd, 4318440.943, 126
Trd, 4318440.993, 100
Trd, 4318441.493, 130
Trd, 4318443.043, 116
Trd, 4318443.693, 121
Trd, 4318443.993, 115
Trd, 4318444.443, 98
Trd, 4318444.543, 90
Trd, 4318445.293, 60
Trd, 4318445.343, 103
Trd, 4318447.393, 61
Trd, 4318447.443, 64
Trd, 4318449.093, 134
Trd, 4318449.843, 119
Trd, 4318449.943, 118
Trd, 4318450.193, 92
Trd, 4318450.743, 98
Trd, 4318451.793, 108
Trd, 4318451.893, 107
Trd, 4318452.843, 98
Trd, 4318453.393, 123
Trd, 4318453.893, 110
Trd, 4318454.393, 134
Trd, 4318454.693, 97
Trd, 4318455.793, 62
Trd, 4318456.543, 73
Trd, 4318457.993, 93
Trd, 4318458.493, 135
Trd, 4318458.793, 103
Trd, 4318458.943, 92
Trd, 4318461.093, 140
Trd, 4318461.643, 116
Trd, 4318461.843, 61
Trd, 4318462.843, 68
Trd, 4318463.443, 133
Trd, 4318463.643, 132
Trd, 4318465.493, 61
Trd, 4318465.793, 101
Trd, 4318465.943, 100
Trd, 4318466.693, 113
Trd, 4318466.943, 96
Trd, 4318468.893, 80
Trd, 4318469.293, 120
Trd, 4318470.143, 61
Trd, 4318470.243, 64
Trd, 4318470.443, 85
Trd, 4318470.593, 97
Trd, 4318471.893, 77
Trd, 4318472.443, 82
Trd, 4318472.793, 78
Trd, 4318473.143, 114
Trd, 4318474.393, 131
Trd, 4318475.893, 108
Trd, 4318476.143, 108
Trd, 4318476.193, 87
Trd, 4318477.893, 125
Trd, 4318478.693, 107
Trd, 4318479.293, 84
Trd, 4318479.993, 71
Trd, 4318480.393, 69
Trd, 4318481.993, 96
Trd, 4318482.093, 65
Trd, 4318483.493, 113
Trd, 4318483.593, 113
Trd, 4318484.443, 121
Trd, 4318485.043, 118
Trd, 4318485.343, 74
Trd, 4318486.093, 95
Trd, 4318486.743, 93
Trd, 4318486.993, 89
Trd, 4318488.643, 65
Trd, 4318489.043, 74
Trd, 4318489.843, 121
Trd, 4318490.693, 121
Trd, 4318491.193, 119
Trd, 4318492.193, 116
Trd, 4318492.943, 115
Trd, 4318493.943, 121
Trd, 4318494.343, 119
Trd, 4318495.743, 107
Trd, 4318495.993, 100
Trd, 4318496.943, 121
Trd, 4318496.993, 109
Trd, 4318497.093, 99
Trd, 4318497.693, 134
Trd, 4318497.943, 96
Trd, 4318499.043, 99
Trd, 4318500.993, 98
Trd, 4318501.243, 91
Trd, 4318501.393, 108
Trd, 4318502.543, 96
Trd, 4318502.993, 112
Trd, 4318503.543, 84
Trd, 4318504.593, 65
Trd, 4318505.543, 73
Trd, 4318505.693, 121
Trd, 4318505.993, 75
Trd, 4318506.593, 64
Trd, 4318508.693, 69
Trd, 4318509.893, 66
Trd, 4318510.193, 71
Trd, 4318510.443, 78
Trd, 4318510.543, 70
Trd, 4318510.643, 108
Trd, 4318510.843, 88
Trd, 4318512.393, 60
Trd, 4318512.893, 63
Trd, 4318513.243, 102
Trd, 4318514.943, 65
Trd, 4318516.143, 117
Trd, 4318517.343, 109
Trd, 4318517.393, 79
Trd, 4318517.443, 76
Trd, 4318519.543, 86
Trd, 4318520.093, 86
Trd, 4318520.293, 122
Trd, 4318521.093, 85
Trd, 4318521.493, 82
Trd, 4318523.143, 116
Trd, 4318523.843, 109
Trd, 4318523.893, 108
Trd, 4318524.943, 127
Trd, 4318525.543, 128
Trd, 4318525.643, 110
Trd, 4318525.693, 97
Trd, 4318526.593, 112
Trd, 4318527.343, 116
Trd, 4318527.943, 69
Trd, 4318528.293, 70
Trd, 4318528.743, 88
Trd, 4318529.443, 61
Trd, 4318530.193, 71
Trd, 4318530.443, 66
Trd, 4318533.393, 136
Trd, 4318534.393, 131
Trd, 4318534.643, 129
Trd, 4318535.843, 128
Trd, 4318535.943, 108
Trd, 4318536.243, 104
Trd, 4318536.893, 136
Trd, 4318537.343, 124
Trd, 4318537.443, 96
Trd, 4318538.293, 112
Trd, 4318539.243, 132
Trd, 4318539.493, 95
Trd, 4318540.393, 90
Trd, 4318540.543, 80
Trd, 4318540.643, 75
Trd, 4318542.893, 79
Trd, 4318543.493, 101
Trd, 4318543.943, 64
Trd, 4318544.893, 121
Trd, 4318545.643, 124
Trd, 4318545.843, 75
Trd, 4318545.993, 64
Trd, 4318547.143, 106
Trd, 4318547.643, 78
Trd, 4318548.243, 64
Trd, 4318548.493, 67
Trd, 4318549.093, 73
Trd, 4318550.093, 61
Trd, 4318550.143, 74
Trd, 4318550.993, 72
Trd, 4318551.543, 81
Trd, 4318552.193, 140
Trd, 4318553.593, 65
Trd, 4318554.243, 60
Trd, 4318554.993, 98
Trd, 4318555.293, 71
Trd, 4318556.243, 61
Trd, 4318556.693, 63
Trd, 4318557.443, 69
Trd, 4318558.093, 73
Trd, 4318558.393, 71
Trd, 4318559.143, 75
Trd, 4318559.393, 90
Trd, 4318561.143, 61
Trd, 4318561.243, 69
Trd, 4318561.443, 114
Trd, 4318561.693, 74
Trd, 4318563.143, 98
Trd, 4318564.543, 85
Trd, 4318564.693, 99
Trd, 4318566.493, 61
Trd, 4318566.693, 83
Trd, 4318567.443, 62
Trd, 4318568.443, 63
Trd, 4318568.893, 64
Trd, 4318569.793, 93
Trd, 4318570.193, 69
Trd, 4318571.443, 104
Trd, 4318571.793, 104
Trd, 4318572.393, 85
Trd, 4318573.343, 89
Trd, 4318573.593, 117
Trd, 4318574.493, 117
Trd, 4318575.393, 118
Trd, 4318575.843, 116
Trd, 4318576.393, 116
Trd, 4318577.343, 116
Trd, 4318577.693, 86
Trd, 4318578.343, 105
Trd, 4318579.693, 133
Trd, 4318579.793, 132
Trd, 4318579.893, 114
Trd, 4318579.943, 112
Trd, 4318581.743, 115
Trd, 4318583.093, 137
Trd, 4318583.293, 97
Trd, 4318584.943, 134
Trd, 4318585.943, 137
Trd, 4318586.643, 135
Trd, 4318586.693, 121
Trd, 4318587.093, 84
Trd, 4318588.243, 125
Trd, 4318588.293, 77
Trd, 4318588.993, 99
Trd, 4318589.343, 85
Trd, 4318589.543, 103
Trd, 4318590.143, 81
Trd, 4318590.343, 93
Trd, 4318591.493, 117
Trd, 4318592.893, 128
Trd, 4318593.493, 119
Trd, 4318594.893, 100
Trd, 4318594.943, 98
Trd, 4318595.293, 97
Trd, 4318595.643, 105
Trd, 4318597.343, 133
Trd, 4318597.993, 120
Trd, 4318598.143, 115
Trd, 4318598.943, 88
Trd, 4318599.543, 79
Trd, 4318602.493, 127
Trd, 4318602.643, 124
Trd, 4318603.043, 120
Trd, 4318604.293, 119
Trd, 4318604.793, 116
Trd, 4318605.593, 96
Trd, 4318605.743, 82
Trd, 4318606.093, 119
Trd, 4318607.343, 137
Trd, 4318607.393, 100
Trd, 4318607.593, 77
Trd, 4318609.693, 101
Trd, 4318610.693, 116
Trd, 4318611.243, 78
Trd, 4318611.793, 132
Trd, 4318612.443, 131
Trd, 4318613.043, 127
Trd, 4318613.993, 85
Trd, 4318614.443, 66
Trd, 4318614.893, 95
Trd, 4318616.043, 66
Trd, 4318616.593, 61
Trd, 4318617.893, 74
Trd, 4318618.243, 92
Trd, 4318618.743, 67
Trd, 4318619.693, 74
Trd, 4318621.393, 60
Trd, 4318622.293, 60
Trd, 4318622.843, 61
Trd, 4318622.993, 88
Trd, 4318623.843, 73
Trd, 4318624.243, 80
Trd, 4318624.343, 77
Trd, 4318625.243, 87
Trd, 4318625.393, 131
Trd, 4318625.793, 127
Trd, 4318628.143, 75
Trd, 4318628.593, 104
Trd, 4318629.393, 69
Trd, 4318629.643, 66
Trd, 4318629.893, 105
Trd, 4318631.043, 80
Trd, 4318631.443, 88
Trd, 4318632.993, 67
Trd, 4318633.043, 85
Trd, 4318633.843, 66
Trd, 4318634.143, 67
Trd, 4318634.493, 101
Trd, 4318634.793, 99
Trd, 4318637.943, 132
Trd, 4318637.993, 108
Trd, 4318638.243, 128
Trd, 4318638.443, 127
Trd, 4318638.743, 106
Trd, 4318639.193, 106
Trd, 4318640.693, 120
Trd, 4318640.743, 119
Trd, 4318640.993, 130
Trd, 4318642.843, 108
Trd, 4318643.043, 109
Trd, 4318643.893, 111
Trd, 4318644.093, 129
Trd, 4318644.193, 106
Trd, 4318644.693, 130
Trd, 4318645.843, 102
Trd, 4318646.793, 129
Trd, 4318647.793, 127
Trd, 4318647.993, 126
Trd, 4318648.343, 124
Trd, 4318648.443, 74
Trd, 4318649.743, 139
Trd, 4318650.143, 98
Trd, 4318650.543, 68
Trd, 4318650.993, 68
Trd, 4318652.293, 61
Trd, 4318652.493, 92
Trd, 4318652.843, 68
Trd, 4318653.393, 99
Trd, 4318654.493, 124
Trd, 4318655.593, 129
Trd, 4318655.693, 127
Trd, 4318656.643, 72
Trd, 4318656.893, 60
Trd, 4318658.343, 112
Trd, 4318658.543, 96
Trd, 4318659.443, 62
Trd, 4318659.543, 110
Trd, 4318659.893, 60
Trd, 4318661.843, 130
Trd, 4318662.043, 128
Trd, 4318663.143, 104
Trd, 4318664.293, 127
Trd, 4318664.343, 107
Trd, 4318664.693, 75
Trd, 4318665.843, 116
Trd, 4318666.193, 115
Trd, 4318667.343, 105
Trd, 4318667.493, 101
Trd, 4318668.043, 110
Trd, 4318668.743, 125
Trd, 4318668.893, 108
Trd, 4318670.593, 129
Trd, 4318670.843, 103
Trd, 4318670.993, 103
Trd, 4318671.943, 72
Trd, 4318672.643, 74
Trd, 4318673.393, 97
Trd, 4318674.493, 70
Trd, 4318674.893, 73
Trd, 4318675.243, 106
Trd, 4318675.693, 84
Trd, 4318675.893, 71
Trd, 4318677.943, 60
Trd, 4318678.743, 62
Trd, 4318678.993, 62
Trd, 4318679.493, 62
Trd, 4318679.643, 96
Trd, 4318680.143, 62
Trd, 4318682.343, 61
Trd, 4318683.193, 94
Trd, 4318684.243, 64
Trd, 4318685.093, 78
Trd, 4318685.143, 78
Trd, 4318686.393, 60
Trd, 4318686.543, 64
Trd, 4318686.993, 66
Trd, 4318688.143, 110
Trd, 4318688.493, 93
Trd, 4318689.093, 116
Trd, 4318689.593, 109
Trd, 4318690.793, 95
Trd, 4318692.043, 73
Trd, 4318692.943, 114
Trd, 4318693.043, 126
Trd, 4318693.493, 96
Trd, 4318694.393, 132
Trd, 4318694.543, 115
Trd, 4318695.343, 109
Trd, 4318696.943, 108
Trd, 4318698.243, 130
Trd, 4318698.543, 129
Trd, 4318698.843, 128
Trd, 4318699.893, 106
Trd, 4318700.193, 78
Trd, 4318700.593, 73
Trd, 4318700.693, 122
Trd, 4318701.543, 72
Trd, 4318703.293, 135
Trd, 4318703.393, 132
Trd, 4318703.943, 124
Trd, 4318704.443, 118
Trd, 4318704.493, 112
Trd, 4318705.293, 114
Trd, 4318706.093, 131
Trd, 4318706.693, 105
Trd, 4318707.293, 104
Trd, 4318707.743, 76
Trd, 4318708.643, 110
Trd, 4318709.843, 89
Trd, 4318709.893, 88
Trd, 4318710.393, 135
Trd, 4318711.543, 121
Trd, 4318712.043, 87
Trd, 4318713.093, 83
Trd, 4318713.643, 77
Trd, 4318713.943, 129
Trd, 4318714.643, 126
Trd, 4318715.493, 115
Trd, 4318715.793, 105
Trd, 4318717.093, 119
Trd, 4318718.193, 114
Trd, 4318718.543, 113
Trd, 4318719.043, 79
Trd, 4318720.193, 62
Trd, 4318720.593, 65
Trd, 4318721.843, 126
Trd, 4318722.343, 124
Trd, 4318722.493, 122
Trd, 4318723.043, 122
Trd, 4318724.593, 80
Trd, 4318725.443, 132
Trd, 4318726.343, 111
Trd, 4318726.693, 129
Trd, 4318727.593, 107
Trd, 4318727.943, 118
Trd, 4318729.193, 122
Trd, 4318729.793, 114
Trd, 4318731.343, 109
Trd, 4318732.093, 95
Trd, 4318733.193, 125
Trd, 4318734.393, 103
Trd, 4318734.443, 101
Trd, 4318735.243, 119
Trd, 4318735.743, 90
Trd, 4318736.793, 98
Trd, 4318737.493, 123
Trd, 4318737.943, 107
Trd, 4318738.243, 91
Trd, 4318738.793, 84
Trd, 4318739.343, 105
Trd, 4318739.843, 107
Trd, 4318741.293, 137
Trd, 4318742.093, 129
Trd, 4318742.843, 127
Trd, 4318743.143, 101
Trd, 4318744.543, 92
Trd, 4318745.593, 80
Trd, 4318746.093, 104
Trd, 4318746.643, 64
Trd, 4318746.943, 112
Trd, 4318747.593, 111
Trd, 4318747.643, 109
Trd, 4318749.693, 137
Trd, 4318750.093, 136
Trd, 4318750.993, 122
Trd, 4318751.543, 92
Trd, 4318752.443, 91
Trd, 4318752.493, 97
Trd, 4318753.243, 105
Trd, 4318754.393, 93
Trd, 4318754.643, 119
Trd, 4318756.143, 102
Trd, 4318756.343, 98
Trd, 4318756.743, 90
Trd, 4318758.593, 114
Trd, 4318758.643, 112
Trd, 4318758.743, 88
Trd, 4318759.093, 119
Trd, 4318759.143, 113
Trd, 4318759.193, 78
Trd, 4318761.293, 121
Trd, 4318761.393, 103
Trd, 4318762.143, 124
Trd, 4318762.893, 101
Trd, 4318763.543, 94
Trd, 4318764.293, 99
Trd, 4318765.093, 115
Trd, 4318766.093, 124
Trd, 4318766.643, 111
Trd, 4318766.993, 83
Trd, 4318767.793, 110
Trd, 4318769.243, 60
Trd, 4318769.543, 63
Trd, 4318770.143, 69
Trd, 4318770.743, 121
Trd, 4318771.243, 120
Trd, 4318771.343, 92
Trd, 4318773.593, 69
Trd, 4318774.843, 120
Trd, 4318775.293, 103
Trd, 4318775.593, 73
Trd, 4318775.993, 132
Trd, 4318776.293, 100
Trd, 4318776.993, 126
Trd, 4318777.343, 60
Trd, 4318778.743, 71
Trd, 4318779.693, 98
Trd, 4318779.943, 84
Trd, 4318780.793, 105
Trd, 4318780.893, 104
Trd, 4318781.193, 96
Trd, 4318782.393, 90
Trd, 4318784.043, 133
Trd, 4318784.243, 132
Trd, 4318784.343, 108
Trd, 4318784.443, 103
Trd, 4318784.493, 89
Trd, 4318786.143, 71
Trd, 4318786.793, 99
Trd, 4318786.993, 70
Trd, 4318788.993, 108
Trd, 4318789.993, 139
Trd, 4318790.093, 136
Trd, 4318790.293, 133
Trd, 4318790.343, 125
Trd, 4318791.343, 116
Trd, 4318792.943, 109
Trd, 4318793.543, 102
Trd, 4318793.743, 96
Trd, 4318794.893, 98
Trd, 4318795.343, 84
Trd, 4318795.793, 104
Trd, 4318796.593, 127
Trd, 4318797.243, 69
Trd, 4318797.843, 102
Trd, 4318798.243, 66
Trd, 4318798.893, 101
Trd, 4318800.243, 117
Trd, 4318801.243, 113
Trd, 4318802.293, 112
Trd, 4318802.943, 119
Trd, 4318803.143, 117
Trd, 4318803.343, 111
Trd, 4318803.893, 88
Trd, 4318803.993, 127
Trd, 4318805.243, 94
Trd, 4318805.393, 76
Trd, 4318806.093, 61
Trd, 4318806.993, 96
Trd, 4318807.843, 97
Trd, 4318808.643, 118
Trd, 4318809.493, 116
Trd, 4318809.993, 110
Trd, 4318810.343, 104
Trd, 4318810.843, 118
Trd, 4318812.293, 122
Trd, 4318812.743, 100
Trd, 4318813.193, 120
Trd, 4318813.293, 76
Trd, 4318815.893, 124
Trd, 4318816.743, 126
Trd, 4318817.093, 123
Trd, 4318817.393, 103
Trd, 4318817.693, 98
Trd, 4318817.743, 89
Trd, 4318819.043, 60
Trd, 4318820.143, 66
Trd, 4318820.593, 85
Trd, 4318821.243, 69
Trd, 4318821.643, 90
Trd, 4318822.443, 94
Trd, 4318822.943, 99
Trd, 4318823.693, 89
Trd, 4318825.043, 65
Trd, 4318825.493, 132
Trd, 4318826.243, 104
Trd, 4318827.093, 102
Trd, 4318827.143, 99
Trd, 4318828.093, 119
Trd, 4318829.343, 60
Trd, 4318829.943, 135
Trd, 4318830.993, 120
Trd, 4318831.093, 116
Trd, 4318831.543, 64
Trd, 4318832.043, 124
Trd, 4318833.193, 104
Trd, 4318833.593, 126
Trd, 4318835.193, 81
Trd, 4318836.693, 99
Trd, 4318837.293, 115
Trd, 4318837.493, 127
Trd, 4318838.243, 99
Trd, 4318838.693, 140
Trd, 4318838.943, 95
Trd, 4318839.643, 92
Trd, 4318840.093, 107
Trd, 4318841.343, 137
Trd, 4318841.593, 111
Trd, 4318841.693, 92
Trd, 4318842.443, 73
Trd, 4318842.643, 117
Trd, 4318843.693, 107
Trd, 4318843.993, 89
Trd, 4318844.743, 89
Trd, 4318845.943, 76
Trd, 4318846.643, 127
Trd, 4318846.743, 123
Trd, 4318848.143, 121
Trd, 4318849.243, 106
Trd, 4318849.293, 92
Trd, 4318850.043, 91
Trd, 4318850.693, 95
Trd, 4318851.293, 82
Trd, 4318851.793, 82
Trd, 4318853.193, 81
Trd, 4318854.093, 86
Trd, 4318855.543, 100
Trd, 4318855.593, 72
Trd, 4318855.743, 84
Trd, 4318856.243, 71
Trd, 4318857.093, 120
Trd, 4318857.793, 109
Trd, 4318858.493, 134
Trd, 4318860.193, 139
Trd, 4318860.293, 138
Trd, 4318860.693, 135
Trd, 4318861.193, 101
Trd, 4318862.093, 86
Trd, 4318863.293, 107
Trd, 4318863.543, 124
Trd, 4318864.043, 117
Trd, 4318866.343, 112
Trd, 4318866.943, 109
Trd, 4318867.693, 110
Trd, 4318868.593, 107
Trd, 4318868.943, 98
Trd, 4318869.293, 99
Trd, 4318871.393, 63
Trd, 4318872.093, 68
Trd, 4318872.593, 79
Trd, 4318873.593, 121
Trd, 4318873.993, 117
Trd, 4318874.893, 66
Trd, 4318875.493, 72
Trd, 4318876.343, 96
Trd, 4318876.643, 136
Trd, 4318877.093, 102
Trd, 4318877.893, 88
Trd, 4318878.743, 109
Trd, 4318879.693, 117
Trd, 4318880.193, 116
Trd, 4318880.593, 85
Trd, 4318882.043, 121
Trd, 4318882.243, 119
Trd, 4318882.743, 132
Trd, 4318882.943, 110
Trd, 4318884.793, 120
Trd, 4318884.993, 119
Trd, 4318885.143, 86
Trd, 4318885.443, 81
Trd, 4318887.143, 89
Trd, 4318887.743, 99
Trd, 4318888.643, 99
Trd, 4318888.743, 95
Trd, 4318889.543, 117
Trd, 4318890.993, 97
Trd, 4318891.243, 90
Trd, 4318892.043, 126
Trd, 4318892.293, 107
Trd, 4318892.343, 106
Trd, 4318892.993, 97
Trd, 4318893.193, 96
Trd, 4318894.393, 93
Trd, 4318894.743, 107
Trd, 4318896.443, 138
Trd, 4318896.493, 118
Trd, 4318897.043, 94
Trd, 4318897.143, 90
Trd, 4318898.843, 132
Trd, 4318899.043, 132
Trd, 4318900.443, 135
Trd, 4318900.693, 140
Trd, 4318901.243, 116
Trd, 4318902.643, 132
Trd, 4318903.493, 80
Trd, 4318903.793, 86
Trd, 4318904.543, 75
Trd, 4318905.043, 69
Trd, 4318905.143, 76
Trd, 4318905.843, 68
Trd, 4318906.193, 62
Trd, 4318907.843, 83
Trd, 4318908.393, 77
Trd, 4318908.693, 72
Trd, 4318909.043, 62
Trd, 4318909.093, 92
Trd, 4318909.793, 71
Trd, 4318909.893, 61
Trd, 4318910.443, 73
Trd, 4318911.143, 60
Trd, 4318911.543, 67
Trd, 4318912.143, 62
Trd, 4318913.693, 89
Trd, 4318916.793, 133
Trd, 4318916.893, 132
Trd, 4318917.093, 117
Trd, 4318917.293, 92
Trd, 4318917.393, 92
Trd, 4318917.893, 90
Trd, 4318919.243, 136
Trd, 4318919.643, 120
Trd, 4318919.893, 103
Trd, 4318920.443, 97
Trd, 4318922.443, 92
Trd, 4318922.493, 122
Trd, 4318922.543, 71
Trd, 4318923.343, 139
Trd, 4318924.343, 105
Trd, 4318925.143, 95
Trd, 4318926.193, 91
Trd, 4318926.493, 107
Trd, 4318927.393, 113
Trd, 4318927.443, 110
Trd, 4318928.093, 89
Trd, 4318929.343, 86
Trd, 4318929.843, 85
Trd, 4318930.593, 127
Trd, 4318930.793, 104
Trd, 4318931.743, 80
Trd, 4318932.193, 94
Trd, 4318933.343, 78
Trd, 4318933.443, 75
Trd, 4318934.543, 73
Trd, 4318934.643, 72
Trd, 4318935.393, 116
Trd, 4318937.693, 105
Trd, 4318938.043, 96
Trd, 4318938.343, 79
Trd, 4318938.493, 85
Trd, 4318939.193, 93
Trd, 4318940.593, 105
Trd, 4318942.043, 83
Trd, 4318942.243, 80
Trd, 4318943.443, 132
Trd, 4318943.543, 79
Trd, 4318944.043, 131
Trd, 4318944.143, 117
Trd, 4318944.893, 109
Trd, 4318944.993, 87
Trd, 4318945.243, 127
Trd, 4318946.793, 62
Trd, 4318947.993, 64
Trd, 4318948.843, 60
Trd, 4318949.343, 63
Trd, 4318949.843, 68
Trd, 4318950.593, 88
Trd, 4318951.643, 87
Trd, 4318952.043, 89
Trd, 4318953.793, 138
Trd, 4318953.843, 135
Trd, 4318953.943, 113
Trd, 4318954.793, 62
Trd, 4318955.243, 100
Trd, 4318955.293, 99
Trd, 4318956.693, 128
Trd, 4318957.243, 107
Trd, 4318957.693, 61
Trd, 4318959.043, 80
Trd, 4318959.993, 65
Trd, 4318960.193, 66
Trd, 4318960.693, 64
Trd, 4318960.993, 98
Trd, 4318961.543, 74
Trd, 4318961.593, 86
Trd, 4318961.893, 92
Trd, 4318962.943, 86
Trd, 4318964.643, 117
Trd, 4318965.443, 114
Trd, 4318965.893, 129
Trd, 4318965.993, 128
Trd, 4318966.193, 130
Trd, 4318967.193, 109
Trd, 4318967.793, 82
Trd, 4318968.543, 107
Trd, 4318969.693, 64
Trd, 4318970.043, 78
Trd, 4318970.893, 69
Trd, 4318971.043, 61
Trd, 4318971.593, 115
Trd, 4318972.593, 70
Trd, 4318973.543, 113
Trd, 4318973.893, 106
Trd, 4318974.743, 119
Trd, 4318975.493, 120
Trd, 4318975.793, 99
Trd, 4318978.143, 131
Trd, 4318978.193, 129
Trd, 4318978.993, 125
Trd, 4318979.193, 110
Trd, 4318979.793, 98
Trd, 4318980.643, 132
Trd, 4318982.443, 110
Trd, 4318983.343, 107
Trd, 4318983.393, 88
Trd, 4318984.093, 97
Trd, 4318985.743, 65
Trd, 4318985.993, 75
Trd, 4318986.293, 64
Trd, 4318986.893, 66
Trd, 4318987.093, 119
Trd, 4318988.393, 108
Trd, 4318988.593, 79
Trd, 4318988.893, 64
Trd, 4318989.593, 63
Trd, 4318990.343, 97
Trd, 4318990.393, 96
Trd, 4318990.543, 95
Trd, 4318990.793, 88
Trd, 4318994.193, 62
Trd, 4318994.243, 62
Trd, 4318995.143, 60
Trd, 4318995.193, 63
Trd, 4318995.593, 81
Trd, 4318995.743, 137
Trd, 4318996.743, 80
Trd, 4318997.043, 76
Trd, 4318998.493, 120
Trd, 4318998.993, 116
Trd, 4318999.743, 95
Trd, 4318999.793, 105
Trd, 4319000.293, 70
Trd, 4319000.993, 93
Trd, 4319001.543, 130
Trd, 4319003.043, 116
Trd, 4319003.093, 111
Trd, 4319003.893, 107
Trd, 4319003.943, 107
Trd, 4319004.443, 110
Trd, 4319004.793, 104
Trd, 4319005.493, 70
Trd, 4319007.143, 136
Trd, 4319007.643, 140
Trd, 4319009.043, 129
Trd, 4319009.293, 128
Trd, 4319009.743, 96
Trd, 4319011.043, 107
Trd, 4319012.543, 113
Trd, 4319014.043, 110
Trd, 4319014.743, 127
Trd, 4319014.993, 136
Trd, 4319015.443, 123
Trd, 4319015.993, 81
Trd, 4319016.693, 91
Trd, 4319017.843, 62
Trd, 4319018.443, 73
Trd, 4319019.493, 61
Trd, 4319019.893, 60
Trd, 4319020.543, 113
Trd, 4319021.393, 61
Trd, 4319022.543, 60
Trd, 4319022.993, 64
Trd, 4319023.793, 81
Trd, 4319024.843, 61
Trd, 4319025.043, 74
Trd, 4319026.643, 68
Trd, 4319026.693, 72
Trd, 4319027.493, 108
Trd, 4319028.593, 89
Trd, 4319029.193, 127
Trd, 4319030.793, 136
Trd, 4319030.893, 128
Trd, 4319031.043, 124
Trd, 4319031.943, 90
Trd, 4319032.093, 90
Trd, 4319032.193, 82
Trd, 4319033.393, 78
Trd, 4319034.343, 118
Trd, 4319035.643, 112
Trd, 4319036.043, 87
Trd, 4319036.443, 134
Trd, 4319037.893, 112
Trd, 4319038.193, 62
Trd, 4319038.793, 64
Trd, 4319039.793, 62
Trd, 4319040.143, 93
Trd, 4319040.893, 65
Trd, 4319041.043, 62
Trd, 4319043.043, 97
Trd, 4319044.143, 83
Trd, 4319044.193, 82
Trd, 4319044.693, 63
Trd, 4319044.893, 61
Trd, 4319045.993, 97
Trd, 4319046.943, 71
Trd, 4319048.243, 81
Trd, 4319048.293, 80
Trd, 4319049.143, 79
Trd, 4319050.193, 111
Trd, 4319050.693, 102
Trd, 4319051.043, 135
Trd, 4319051.343, 81
Trd, 4319052.393, 136
Trd, 4319052.443, 104
Trd, 4319053.293, 65
Trd, 4319054.293, 60
Trd, 4319054.843, 66
Trd, 4319055.293, 70
Trd, 4319056.093, 61
Trd, 4319057.543, 66
Trd, 4319057.993, 92
Trd, 4319059.693, 110
Trd, 4319060.443, 92
Trd, 4319060.993, 90
Trd, 4319061.093, 95
Trd, 4319061.943, 115
Trd, 4319062.043, 120
Trd, 4319062.643, 95
Trd, 4319063.893, 95
Trd, 4319064.193, 87
Trd, 4319064.643, 109
Trd, 4319064.693, 89
Trd, 4319066.043, 102
Trd, 4319067.343, 139
Trd, 4319069.143, 123
Trd, 4319069.543, 110
Trd, 4319069.593, 83
Trd, 4319069.743, 107
Trd, 4319070.643, 87
Trd, 4319072.143, 127
Trd, 4319072.193, 125
Trd, 4319072.343, 124
Trd, 4319072.743, 98
Trd, 4319073.193, 70
Trd, 4319074.643, 86
Trd, 4319075.793, 60
Trd, 4319076.443, 69
Trd, 4319076.493, 72
Trd, 4319076.893, 135
Trd, 4319078.093, 74
Trd, 4319078.243, 60
Trd, 4319079.443, 110
Trd, 4319079.493, 84
Trd, 4319080.643, 98
Trd, 4319081.343, 106
Trd, 4319081.593, 96
Trd, 4319081.743, 74
Trd, 4319083.043, 113
Trd, 4319083.093, 98
Trd, 4319083.343, 99
Trd, 4319084.243, 78
Trd, 4319084.693, 84
Trd, 4319085.993, 125
Trd, 4319086.093, 110
Trd, 4319086.943, 130
Trd, 4319087.693, 94
Trd, 4319088.693, 83
Trd, 4319089.143, 84
Trd, 4319089.743, 104
Trd, 4319090.393, 100
Trd, 4319091.393, 112
Trd, 4319091.643, 68
Trd, 4319092.693, 119
Trd, 4319093.393, 111
Trd, 4319093.593, 115
Trd, 4319093.693, 114
Trd, 4319093.943, 127
Trd, 4319096.493, 140
Trd, 4319096.693, 136
Trd, 4319097.193, 119
Trd, 4319097.993, 112
Trd, 4319098.043, 101
Trd, 4319098.443, 85
Trd, 4319099.643, 139
Trd, 4319100.393, 74
Trd, 4319102.243, 134
Trd, 4319103.243, 138
Trd, 4319103.643, 137
Trd, 4319104.193, 123
Trd, 4319105.793, 129
Trd, 4319106.043, 130
Trd, 4319106.493, 130
Trd, 4319108.243, 116
Trd, 4319108.393, 133
Trd, 4319108.893, 115
Trd, 4319109.043, 113
Trd, 4319109.393, 101
Trd, 4319110.543, 120
Trd, 4319110.893, 101
Trd, 4319111.393, 138
Trd, 4319111.693, 83
Trd, 4319112.193, 80
Trd, 4319114.543, 60
Trd, 4319115.193, 61
Trd, 4319115.443, 64
Trd, 4319116.193, 94
Trd, 4319116.793, 112
Trd, 4319117.143, 60
Trd, 4319118.793, 65
Trd, 4319119.393, 75
Trd, 4319119.793, 107
Trd, 4319120.093, 86
Trd, 4319120.343, 66
Trd, 4319120.893, 102
Trd, 4319121.793, 61
Trd, 4319125.093, 75
Trd, 4319125.593, 68
Trd, 4319127.593, 85
Trd, 4319127.843, 106
Trd, 4319128.593, 97
Trd, 4319128.643, 126
Trd, 4319128.743, 79
Trd, 4319128.843, 78
Trd, 4319129.543, 108
Trd, 4319130.393, 118
Trd, 4319130.743, 77
Trd, 4319130.843, 122
Trd, 4319131.943, 113
Trd, 4319132.493, 127
Trd, 4319133.393, 98
Trd, 4319134.293, 94
Trd, 4319134.943, 137
Trd, 4319135.843, 99
Trd, 4319136.643, 86
Trd, 4319137.093, 88
Trd, 4319137.243, 85
Trd, 4319137.893, 60
Trd, 4319138.243, 62
Trd, 4319139.593, 97
Trd, 4319139.993, 82
Trd, 4319140.143, 71
Trd, 4319141.393, 61
Trd, 4319141.843, 82
Trd, 4319142.193, 61
Trd, 4319142.843, 81
Trd, 4319143.043, 96
Trd, 4319145.393, 128
Trd, 4319145.893, 127
Trd, 4319148.293, 105
Trd, 4319148.593, 108
Trd, 4319148.693, 115
Trd, 4319148.843, 102
Trd, 4319149.743, 128
Trd, 4319149.943, 90
Trd, 4319150.393, 87
Trd, 4319150.443, 83
Trd, 4319151.243, 97
Trd, 4319152.393, 64
Trd, 4319152.943, 62
Trd, 4319153.343, 60
Trd, 4319154.293, 78
Trd, 4319155.143, 60
Trd, 4319155.643, 61
Trd, 4319157.243, 132
Trd, 4319158.393, 75
Trd, 4319159.493, 118
Trd, 4319159.943, 61
Trd, 4319160.843, 101
Trd, 4319161.093, 92
Trd, 4319161.143, 98
Trd, 4319162.293, 72
Trd, 4319162.993, 66
Trd, 4319163.743, 66
Trd, 4319164.493, 101
Trd, 4319165.243, 61
Trd, 4319166.193, 62
Trd, 4319166.793, 67
Trd, 4319167.193, 79
Trd, 4319168.093, 100
Trd, 4319169.393, 105
Trd, 4319169.793, 103
Trd, 4319169.893, 100
Trd, 4319169.943, 99
Trd, 4319171.543, 134
Trd, 4319171.943, 138
Trd, 4319172.843, 84
Trd, 4319173.093, 70
Trd, 4319173.143, 91
Trd, 4319174.493, 76
Trd, 4319175.343, 83
Trd, 4319176.793, 116
Trd, 4319177.193, 98
Trd, 4319177.393, 89
Trd, 4319177.643, 88
Trd, 4319178.043, 64
Trd, 4319178.693, 64
Trd, 4319179.043, 66
Trd, 4319180.793, 83
Trd, 4319181.343, 65
Trd, 4319182.143, 61
Trd, 4319183.693, 104
Trd, 4319183.893, 103
Trd, 4319184.143, 100
Trd, 4319184.543, 131
Trd, 4319185.093, 131
Trd, 4319186.093, 72
Trd, 4319186.543, 65
Trd, 4319187.143, 71
Trd, 4319188.143, 67
Trd, 4319188.743, 62
Trd, 4319188.893, 64
Trd, 4319189.193, 90
Trd, 4319190.143, 72
Trd, 4319191.193, 102
Trd, 4319193.093, 61
Trd, 4319193.993, 75
Trd, 4319194.943, 84
Trd, 4319195.393, 73
Trd, 4319195.743, 99
Trd, 4319196.543, 124
Trd, 4319197.193, 93
Trd, 4319197.593, 108
Trd, 4319197.743, 91
Trd, 4319198.193, 88
Trd, 4319198.243, 121
Trd, 4319198.843, 70
Trd, 4319199.293, 63
Trd, 4319199.543, 67
Trd, 4319201.593, 63
Trd, 4319203.393, 64
Trd, 4319203.543, 84
Trd, 4319203.693, 66
Trd, 4319204.643, 62
Trd, 4319205.193, 61
Trd, 4319206.443, 80
Trd, 4319207.293, 83
Trd, 4319207.743, 102
Trd, 4319209.393, 114
Trd, 4319209.593, 114
Trd, 4319209.693, 92
Trd, 4319211.593, 69
Trd, 4319212.143, 60
Trd, 4319213.193, 63
Trd, 4319213.693, 73
Trd, 4319214.593, 68
Trd, 4319215.493, 65
Trd, 4319215.543, 69
Trd, 4319215.843, 71
Trd, 4319216.843, 102
Trd, 4319216.993, 125
Trd, 4319217.543, 113
Trd, 4319218.443, 123
Trd, 4319219.893, 126
Trd, 4319220.093, 105
Trd, 4319220.643, 103
Trd, 4319221.793, 105
Trd, 4319222.143, 103
Trd, 4319222.193, 101
Trd, 4319222.743, 114
Trd, 4319224.343, 88
Trd, 4319224.943, 105
Trd, 4319225.293, 105
Trd, 4319226.043, 104
Trd, 4319226.693, 128
Trd, 4319226.993, 122
Trd, 4319227.093, 111
Trd, 4319227.893, 100
Trd, 4319227.993, 78
Trd, 4319229.393, 136
Trd, 4319230.343, 131
Trd, 4319230.593, 111
Trd, 4319231.093, 109
Trd, 4319231.793, 109
Trd, 4319233.143, 101
Trd, 4319233.243, 107
Trd, 4319233.943, 100
Trd, 4319235.293, 111
Trd, 4319235.443, 105
Trd, 4319235.943, 99
Trd, 4319236.493, 136
Trd, 4319237.143, 133
Trd, 4319238.543, 140
Trd, 4319239.043, 136
Trd, 4319239.693, 85
Trd, 4319239.743, 129
Trd, 4319240.193, 74
Trd, 4319242.243, 106
Trd, 4319242.743, 90
Trd, 4319243.043, 95
Trd, 4319243.743, 127
Trd, 4319243.893, 117
Trd, 4319245.493, 63
Trd, 4319245.793, 63
Trd, 4319246.393, 61
Trd, 4319246.493, 97
Trd, 4319249.243, 67
Trd, 4319249.693, 69
Trd, 4319250.243, 132
Trd, 4319250.743, 131
Trd, 4319251.043, 130
Trd, 4319251.343, 86
Trd, 4319251.543, 67
Trd, 4319251.893, 83
Trd, 4319252.843, 82
Trd, 4319254.093, 137
Trd, 4319255.243, 129
Trd, 4319255.743, 123
Trd, 4319256.243, 109
Trd, 4319256.343, 107
Trd, 4319256.493, 76
Trd, 4319256.843, 108
Trd, 4319258.793, 114
Trd, 4319258.993, 112
Trd, 4319260.843, 134
Trd, 4319261.343, 131
Trd, 4319261.593, 131
Trd, 4319261.893, 72
Trd, 4319262.093, 122
Trd, 4319262.393, 74
Trd, 4319262.993, 74
Trd, 4319263.093, 62
Trd, 4319265.343, 62
Trd, 4319265.593, 77
Trd, 4319266.893, 85
Trd, 4319267.143, 70
Trd, 4319269.093, 116
Trd, 4319269.243, 114
Trd, 4319269.643, 99
Trd, 4319271.193, 97
Trd, 4319271.543, 113
Trd, 4319271.943, 97
Trd, 4319272.193, 116
Trd, 4319273.443, 123
Trd, 4319273.743, 121
Trd, 4319274.093, 107
Trd, 4319274.793, 118
Trd, 4319275.343, 86
Trd, 4319276.443, 104
Trd, 4319276.493, 110
Trd, 4319277.243, 107
Trd, 4319278.093, 102
Trd, 4319278.793, 115
Trd, 4319278.943, 96
Trd, 4319279.043, 86
Trd, 4319280.843, 87
Trd, 4319281.593, 101
Trd, 4319282.143, 74
Trd, 4319282.593, 68
Trd, 4319282.993, 71
Trd, 4319284.493, 78
Trd, 4319285.593, 62
Trd, 4319286.143, 111
Trd, 4319287.493, 64
Trd, 4319287.693, 66
Trd, 4319288.043, 61
Trd, 4319289.243, 93
Trd, 4319289.293, 92
Trd, 4319290.843, 107
Trd, 4319291.243, 113
Trd, 4319291.293, 106
Trd, 4319291.943, 101
Trd, 4319292.093, 89
Trd, 4319292.293, 82
Trd, 4319293.093, 118
Trd, 4319293.693, 139
Trd, 4319294.443, 78
Trd, 4319296.093, 100
Trd, 4319296.993, 127
Trd, 4319297.143, 94
Trd, 4319297.443, 114
Trd, 4319297.743, 88
Trd, 4319298.193, 97
Trd, 4319299.493, 64
Trd, 4319300.293, 79
Trd, 4319300.393, 62
Trd, 4319301.343, 81
Trd, 4319302.043, 97
Trd, 4319302.343, 98
Trd, 4319303.393, 136
Trd, 4319303.543, 112
Trd, 4319303.893, 113
Trd, 4319305.693, 104
Trd, 4319306.643, 118
Trd, 4319307.643, 100
Trd, 4319307.793, 131
Trd, 4319308.393, 87
Trd, 4319308.593, 99
Trd, 4319308.843, 83
Trd, 4319309.043, 126
Trd, 4319310.193, 138
Trd, 4319310.693, 105
Trd, 4319310.943, 135
Trd, 4319311.643, 85
Trd, 4319312.443, 117
Trd, 4319313.943, 69
Trd, 4319315.293, 62
Trd, 4319316.193, 65
Trd, 4319316.443, 65
Trd, 4319316.493, 97
Trd, 4319317.393, 74
Trd, 4319317.443, 73
Trd, 4319319.243, 60
Trd, 4319319.293, 62
Trd, 4319320.593, 92
Trd, 4319321.793, 118
Trd, 4319322.493, 115
Trd, 4319322.943, 104
Trd, 4319323.243, 85
Trd, 4319323.593, 80
Trd, 4319324.193, 88
Trd, 4319325.493, 93
Trd, 4319325.593, 123
Trd, 4319325.993, 95
Trd, 4319326.093, 129
Trd, 4319326.943, 102
Trd, 4319327.793, 123
Trd, 4319327.893, 129
Trd, 4319330.593, 107
Trd, 4319331.743, 103
Trd, 4319331.843, 102
Trd, 4319332.443, 98
Trd, 4319333.043, 79
Trd, 4319333.243, 77
Trd, 4319333.293, 75
Trd, 4319334.043, 62
Trd, 4319335.193, 63
Trd, 4319335.793, 99
Trd, 4319337.293, 140
Trd, 4319339.093, 107
Trd, 4319339.243, 95
Trd, 4319339.643, 91
Trd, 4319340.443, 84
Trd, 4319340.943, 98
Trd, 4319341.993, 115
Trd, 4319342.693, 77
Trd, 4319343.093, 78
Trd, 4319343.293, 68
Trd, 4319343.993, 106
Trd, 4319345.193, 91
Trd, 4319345.293, 80
Trd, 4319345.693, 103
Trd, 4319347.493, 62
Trd, 4319347.793, 116
Trd, 4319348.193, 120
Trd, 4319348.243, 110
Trd, 4319350.093, 69
Trd, 4319350.493, 65
Trd, 4319350.793, 68
Trd, 4319352.193, 60
Trd, 4319353.343, 71
Trd, 4319353.843, 79
Trd, 4319353.943, 72
Trd, 4319355.243, 60
Trd, 4319357.243, 120
Trd, 4319357.293, 119
Trd, 4319358.443, 107
Trd, 4319358.743, 81
Trd, 4319358.943, 119
Trd, 4319359.043, 78
Trd, 4319359.143, 69
Trd, 4319360.643, 96
Trd, 4319361.293, 120
Trd, 4319361.993, 120
Trd, 4319362.393, 115
Trd, 4319363.043, 69
Trd, 4319363.593, 80
Trd, 4319364.493, 106
Trd, 4319365.143, 135
Trd, 4319366.893, 81
Trd, 4319367.493, 60
Trd, 4319367.793, 65
Trd, 4319369.543, 65
Trd, 4319370.593, 62
Trd, 4319370.693, 133
Trd, 4319370.943, 95
Trd, 4319371.443, 137
Trd, 4319372.993, 62
Trd, 4319373.143, 114
Trd, 4319373.343, 122
Trd, 4319374.243, 61
Trd, 4319374.743, 62
Trd, 4319374.793, 65
Trd, 4319376.093, 98
Trd, 4319377.243, 85
Trd, 4319377.543, 78
Trd, 4319379.093, 103
Trd, 4319379.143, 101
Trd, 4319379.343, 85
Trd, 4319379.993, 89
Trd, 4319381.693, 134
Trd, 4319383.093, 139
Trd, 4319383.243, 133
Trd, 4319383.343, 140
Trd, 4319383.693, 126
Trd, 4319383.743, 124
Trd, 4319383.793, 102
Trd, 4319385.043, 122
Trd, 4319386.243, 119
Trd, 4319386.793, 134
Trd, 4319386.943, 110
Trd, 4319388.443, 122
Trd, 4319389.143, 122
Trd, 4319389.693, 81
Trd, 4319390.043, 62
Trd, 4319390.943, 95
Trd, 4319391.593, 100
Trd, 4319391.643, 99
Trd, 4319392.043, 76
Trd, 4319393.643, 130
Trd, 4319394.543, 124
Trd, 4319395.193, 130
Trd, 4319395.393, 122
Trd, 4319396.493, 113
Trd, 4319397.293, 108
Trd, 4319397.343, 128
Trd, 4319398.193, 67
Trd, 4319398.693, 87
Trd, 4319398.793, 66
Trd, 4319399.543, 120
Trd, 4319400.043, 96
Trd, 4319401.193, 87
Trd, 4319401.443, 81
Trd, 4319401.643, 88
Trd, 4319403.693, 61
Trd, 4319404.243, 74
Trd, 4319405.143, 69
Trd, 4319405.643, 71
Trd, 4319405.743, 69
Trd, 4319406.343, 126
Trd, 4319406.543, 112
Trd, 4319407.193, 66
Trd, 4319408.093, 70
Trd, 4319409.543, 126
Trd, 4319409.843, 101
Trd, 4319410.593, 97
Trd, 4319410.743, 93
Trd, 4319412.443, 96
Trd, 4319412.493, 68
Trd, 4319413.593, 114
Trd, 4319413.843, 104
Trd, 4319414.993, 66
Trd, 4319415.143, 100
Trd, 4319415.493, 60
Trd, 4319416.643, 135
Trd, 4319416.943, 105
Trd, 4319417.893, 113
Trd, 4319418.693, 114
Trd, 4319419.243, 137
Trd, 4319420.143, 108
Trd, 4319420.693, 104
Trd, 4319420.793, 91
Trd, 4319420.843, 125
Trd, 4319420.993, 76
Trd, 4319421.943, 107
Trd, 4319422.993, 128
Trd, 4319423.743, 127
Trd, 4319424.193, 123
Trd, 4319425.843, 119
Trd, 4319426.493, 134
Trd, 4319426.543, 118
Trd, 4319427.393, 114
Trd, 4319427.543, 90
Trd, 4319427.943, 117
Trd, 4319428.993, 135
Trd, 4319429.343, 112
Trd, 4319429.993, 135
Trd, 4319430.043, 102
Trd, 4319431.193, 138
Trd, 4319431.293, 137
Trd, 4319431.843, 113
Trd, 4319433.143, 104
Trd, 4319434.643, 124
Trd, 4319435.293, 121
Trd, 4319435.493, 61
Trd, 4319437.243, 132
Trd, 4319437.643, 126
Trd, 4319438.643, 129
Trd, 4319438.943, 121
Trd, 4319439.093, 119
Trd, 4319439.493, 89
Trd, 4319440.143, 130
Trd, 4319441.043, 91
Trd, 4319441.543, 91
Trd, 4319442.243, 107
Trd, 4319443.093, 104
Trd, 4319444.793, 106
Trd, 4319445.343, 104
Trd, 4319445.493, 71
Trd, 4319446.143, 108
Trd, 4319447.143, 105
Trd, 4319448.193, 116
Trd, 4319448.943, 104
Trd, 4319449.343, 102
Trd, 4319449.893, 99
Trd, 4319450.193, 97
Trd, 4319451.843, 140
Trd, 4319452.043, 112
Trd, 4319452.293, 101
Trd, 4319452.793, 73
Trd, 4319453.943, 138
Trd, 4319454.243, 135
Trd, 4319454.393, 126
Trd, 4319455.143, 107
Trd, 4319455.193, 95
Trd, 4319455.343, 82
Trd, 4319456.943, 71
Trd, 4319458.093, 80
Trd, 4319458.293, 74
Trd, 4319458.693, 63
Trd, 4319458.993, 64
Trd, 4319460.043, 83
Trd, 4319460.443, 66
Trd, 4319461.093, 70
Trd, 4319461.193, 64
Trd, 4319462.943, 89
Trd, 4319463.193, 97
Trd, 4319463.943, 118
Trd, 4319464.993, 99
Trd, 4319465.443, 122
Trd, 4319466.143, 64
Trd, 4319467.393, 103
Trd, 4319467.743, 82
Trd, 4319467.843, 76
Trd, 4319468.243, 63
Trd, 4319469.043, 97
Trd, 4319470.043, 118
Trd, 4319470.193, 100
Trd, 4319471.143, 132
Trd, 4319471.643, 116
Trd, 4319473.043, 127
Trd, 4319473.843, 121
Trd, 4319474.143, 114
Trd, 4319475.293, 113
Trd, 4319475.593, 85
Trd, 4319475.843, 72
Trd, 4319476.843, 127
Trd, 4319477.543, 121
Trd, 4319477.843, 93
Trd, 4319478.343, 65
Trd, 4319478.793, 94
Trd, 4319480.343, 99
Trd, 4319480.843, 94
Trd, 4319481.193, 94
Trd, 4319481.293, 82
Trd, 4319481.593, 77
Trd, 4319483.043, 135
Trd, 4319484.743, 134
Trd, 4319485.293, 126
Trd, 4319485.943, 139
Trd, 4319486.043, 111
Trd, 4319486.443, 109
Trd, 4319486.743, 107
Trd, 4319487.043, 101
Trd, 4319488.393, 98
Trd, 4319488.843, 98
Trd, 4319488.893, 97
Trd, 4319490.193, 80
Trd, 4319490.493, 129
Trd, 4319490.693, 62
Trd, 4319491.893, 68
Trd, 4319493.393, 81
Trd, 4319493.593, 140
Trd, 4319494.093, 139
Trd, 4319494.393, 133
Trd, 4319495.193, 93
Trd, 4319495.243, 90
Trd, 4319495.293, 71
Trd, 4319495.843, 108
Trd, 4319497.143, 135
Trd, 4319499.143, 104
Trd, 4319499.643, 126
Trd, 4319500.143, 124
Trd, 4319500.843, 124
Trd, 4319501.693, 140
Trd, 4319501.993, 100
Trd, 4319502.043, 90
Trd, 4319502.693, 74
Trd, 4319503.043, 61
Trd, 4319504.543, 97
Trd, 4319505.093, 96
Trd, 4319505.843, 88
Trd, 4319506.443, 63
Trd, 4319507.393, 119
Trd, 4319508.693, 69
Trd, 4319510.643, 81
Trd, 4319510.743, 75
Trd, 4319511.143, 61
Trd, 4319511.393, 62
Trd, 4319511.593, 61
Trd, 4319511.643, 62
Trd, 4319511.943, 129
Trd, 4319512.443, 103
Trd, 4319513.943, 61
Trd, 4319514.593, 82
Trd, 4319515.743, 105
Trd, 4319517.843, 123
Trd, 4319518.293, 122
Trd, 4319518.493, 120
Trd, 4319519.443, 114
Trd, 4319519.593, 109
Trd, 4319519.693, 102
Trd, 4319520.443, 100
Trd, 4319521.993, 87
Trd, 4319522.493, 84
Trd, 4319522.793, 95
Trd, 4319523.643, 97
Trd, 4319524.043, 90
Trd, 4319524.893, 136
Trd, 4319525.243, 131
Trd, 4319526.543, 129
Trd, 4319526.743, 127
Trd, 4319526.793, 123
Trd, 4319527.443, 108
Trd, 4319528.443, 126
Trd, 4319528.543, 124
Trd, 4319528.993, 111
Trd, 4319530.343, 91
Trd, 4319530.493, 73
Trd, 4319531.843, 64
Trd, 4319532.393, 114
Trd, 4319533.443, 121
Trd, 4319533.893, 113
Trd, 4319535.043, 129
Trd, 4319536.343, 139
Trd, 4319536.543, 101
Trd, 4319536.593, 100
Trd, 4319537.693, 128
Trd, 4319538.143, 119
Trd, 4319538.643, 119
Trd, 4319538.693, 69
Trd, 4319539.393, 140
Trd, 4319539.543, 103
Trd, 4319540.793, 71
Trd, 4319541.343, 87
Trd, 4319542.843, 97
Trd, 4319544.293, 126
Trd, 4319544.343, 124
Trd, 4319544.543, 109
Trd, 4319544.893, 103
Trd, 4319545.043, 103
Trd, 4319545.643, 98
Trd, 4319547.143, 134
Trd, 4319547.993, 114
Trd, 4319548.793, 131
Trd, 4319548.993, 120
Trd, 4319549.043, 106
Trd, 4319550.893, 67
Trd, 4319551.543, 63
Trd, 4319553.293, 86
Trd, 4319554.043, 123
Trd, 4319554.393, 122
Trd, 4319554.493, 99
Trd, 4319554.543, 94
Trd, 4319555.643, 71
Trd, 4319556.743, 73
Trd, 4319557.743, 115
Trd, 4319558.893, 107
Trd, 4319560.793, 102
Trd, 4319561.343, 100
Trd, 4319561.393, 108
Trd, 4319561.543, 99
Trd, 4319561.893, 93
Trd, 4319562.293, 110
Trd, 4319562.443, 92
Trd, 4319563.493, 91
Trd, 4319563.743, 102
Trd, 4319564.293, 77
Trd, 4319565.293, 122
Trd, 4319566.493, 110
Trd, 4319566.543, 100
Trd, 4319567.543, 137
Trd, 4319568.343, 68
Trd, 4319569.143, 61
Trd, 4319569.643, 77
Trd, 4319570.343, 116
Trd, 4319570.893, 80
Trd, 4319571.793, 108
Trd, 4319572.443, 66
Trd, 4319573.093, 115
Trd, 4319573.243, 61
Trd, 4319574.393, 64
Trd, 4319574.893, 82
Trd, 4319576.093, 65
Trd, 4319576.493, 116
Trd, 4319576.743, 107
Trd, 4319578.143, 128
Trd, 4319578.593, 126
Trd, 4319578.793, 122
Trd, 4319579.993, 126
Trd, 4319580.843, 124
Trd, 4319580.943, 122
Trd, 4319581.593, 128
Trd, 4319581.993, 109
Trd, 4319583.043, 90
Trd, 4319584.543, 119
Trd, 4319585.443, 96
Trd, 4319586.343, 100
Trd, 4319586.793, 97
Trd, 4319587.693, 138
Trd, 4319588.193, 132
Trd, 4319588.593, 128
Trd, 4319588.693, 97
Trd, 4319589.743, 68
Trd, 4319590.693, 70
Trd, 4319591.893, 137
Trd, 4319593.193, 127
Trd, 4319593.643, 100
Trd, 4319594.793, 123
Trd, 4319595.043, 112
Trd, 4319595.243, 102
Trd, 4319595.993, 77
Trd, 4319596.043, 98
Trd, 4319597.243, 122
Trd, 4319597.693, 131
Trd, 4319597.993, 129
Trd, 4319599.493, 118
Trd, 4319599.843, 138
Trd, 4319600.343, 105
Trd, 4319600.893, 112
Trd, 4319602.243, 107
Trd, 4319602.693, 127
Trd, 4319603.343, 70
Trd, 4319603.443, 68
Trd, 4319603.593, 98
Trd, 4319604.643, 64
Trd, 4319604.943, 91
Trd, 4319605.593, 114
Trd, 4319605.693, 80
Trd, 4319607.243, 102
Trd, 4319608.743, 98
Trd, 4319608.843, 119
Trd, 4319609.393, 122
Trd, 4319610.143, 122
Trd, 4319610.693, 120
Trd, 4319611.743, 132
Trd, 4319612.343, 125
Trd, 4319613.943, 136
Trd, 4319613.993, 99
Trd, 4319614.593, 98
Trd, 4319614.643, 104
Trd, 4319614.693, 88
Trd, 4319615.543, 113
Trd, 4319616.443, 87
Trd, 4319617.593, 121
Trd, 4319617.843, 90
Trd, 4319618.693, 89
Trd, 4319618.743, 87
Trd, 4319618.793, 87
Trd, 4319619.093, 86
Trd, 4319619.843, 64
Trd, 4319621.343, 139
Trd, 4319621.393, 138
Trd, 4319622.593, 126
Trd, 4319623.843, 115
Trd, 4319625.593, 114
Trd, 4319626.043, 110
Trd, 4319626.193, 127
Trd, 4319626.593, 92
Trd, 4319627.143, 140
Trd, 4319627.643, 97
Trd, 4319629.443, 112
Trd, 4319629.643, 106
Trd, 4319629.743, 74
Trd, 4319632.043, 86
Trd, 4319632.843, 73
Trd, 4319633.443, 85
Trd, 4319634.493, 110
Trd, 4319636.143, 105
Trd, 4319636.293, 104
Trd, 4319636.743, 102
Trd, 4319637.943, 104
Trd, 4319638.793, 128
Trd, 4319639.143, 110
Trd, 4319639.543, 135
Trd, 4319639.643, 115
Trd, 4319639.993, 108
Trd, 4319640.943, 108
Trd, 4319641.893, 60
Trd, 4319642.943, 65
Trd, 4319645.393, 63
Trd, 4319647.443, 77
Trd, 4319647.493, 78
Trd, 4319647.593, 87
Trd, 4319648.093, 66
Trd, 4319648.243, 89
Trd, 4319649.093, 61
Trd, 4319649.343, 60
Trd, 4319650.743, 60
Trd, 4319651.793, 69
Trd, 4319652.393, 111
Trd, 4319653.193, 116
Trd, 4319653.893, 93
Trd, 4319653.993, 73
Trd, 4319654.293, 66
Trd, 4319654.843, 65
Trd, 4319655.243, 63
Trd, 4319656.843, 118
Trd, 4319656.993, 112
Trd, 4319657.293, 86
Trd, 4319657.843, 127
Trd, 4319658.093, 124
Trd, 4319658.143, 100
Trd, 4319659.543, 109
Trd, 4319660.143, 61
Trd, 4319660.993, 126
Trd, 4319661.093, 74
Trd, 4319661.793, 77
Trd, 4319662.093, 62
Trd, 4319662.843, 69
Trd, 4319664.293, 70
Trd, 4319665.193, 111
Trd, 4319665.493, 132
Trd, 4319665.693, 66
Trd, 4319666.493, 112
Trd, 4319667.293, 132
Trd, 4319667.893, 107
Trd, 4319668.443, 74
Trd, 4319668.543, 120
Trd, 4319668.893, 119
Trd, 4319671.093, 63
Trd, 4319672.093, 64
Trd, 4319672.543, 76
Trd, 4319673.293, 75
Trd, 4319673.593, 66
Trd, 4319674.843, 68
Trd, 4319675.293, 105
Trd, 4319675.543, 104
Trd, 4319677.193, 103
Trd, 4319677.993, 105
Trd, 4319678.443, 120
Trd, 4319678.743, 90
Trd, 4319679.193, 90
Trd, 4319679.693, 69
Trd, 4319680.043, 134
Trd, 4319680.543, 118
Trd, 4319681.193, 117
Trd, 4319681.393, 112
Trd, 4319681.643, 89
Trd, 4319682.193, 125
Trd, 4319684.193, 115
Trd, 4319684.443, 115
Trd, 4319685.443, 113
Trd, 4319687.143, 96
Trd, 4319687.393, 87
Trd, 4319687.793, 95
Trd, 4319687.943, 107
Trd, 4319688.093, 110
Trd, 4319690.193, 98
Trd, 4319690.243, 97
Trd, 4319691.243, 121
Trd, 4319692.493, 136
Trd, 4319692.593, 135
Trd, 4319694.043, 98
Trd, 4319694.543, 85
Trd, 4319694.793, 134
Trd, 4319695.943, 88
Trd, 4319696.093, 76
Trd, 4319696.743, 62
Trd, 4319697.593, 107
Trd, 4319698.043, 109
Trd, 4319698.543, 92
Trd, 4319699.093, 82
Trd, 4319700.243, 128
Trd, 4319700.793, 108
Trd, 4319701.293, 106
Trd, 4319701.393, 89
Trd, 4319703.143, 72
Trd, 4319704.993, 99
Trd, 4319705.393, 122
Trd, 4319705.593, 89
Trd, 4319705.693, 103
Trd, 4319706.943, 111
Trd, 4319706.993, 87
Trd, 4319707.143, 105
Trd, 4319708.293, 105
Trd, 4319709.293, 119
Trd, 4319710.793, 123
Trd, 4319710.893, 114
Trd, 4319711.793, 93
Trd, 4319712.893, 128
Trd, 4319713.393, 119
Trd, 4319713.593, 102
Trd, 4319714.493, 96
Trd, 4319715.043, 135
Trd, 4319715.293, 111
Trd, 4319716.693, 136
Trd, 4319717.893, 115
Trd, 4319718.393, 102
Trd, 4319718.543, 89
Trd, 4319719.193, 77
Trd, 4319719.793, 129
Trd, 4319720.343, 104
Trd, 4319720.893, 99
Trd, 4319722.793, 123
Trd, 4319722.893, 120
Trd, 4319722.993, 98
Trd, 4319723.093, 97
Trd, 4319724.043, 102
Trd, 4319725.293, 120
Trd, 4319725.543, 111
Trd, 4319726.843, 118
Trd, 4319727.693, 102
Trd, 4319728.843, 88
Trd, 4319728.993, 85
Trd, 4319729.343, 87
Trd, 4319731.443, 68
Trd, 4319732.393, 94
Trd, 4319732.543, 66
Trd, 4319733.593, 68
Trd, 4319734.093, 82
Trd, 4319734.493, 85
Trd, 4319735.193, 69
Trd, 4319735.343, 88
Trd, 4319736.043, 120
Trd, 4319736.443, 82
Trd, 4319737.243, 114
Trd, 4319738.093, 96
Trd, 4319738.343, 95
Trd, 4319739.093, 94
Trd, 4319740.293, 116
Trd, 4319740.893, 128
Trd, 4319742.943, 61
Trd, 4319743.293, 62
Trd, 4319744.493, 60
Trd, 4319745.393, 61
Trd, 4319745.693, 60
Trd, 4319746.093, 60
Trd, 4319746.243, 76
Trd, 4319747.793, 79
Trd, 4319748.143, 116
Trd, 4319748.943, 128
Trd, 4319749.243, 115
Trd, 4319749.343, 110
Trd, 4319749.893, 108
Trd, 4319750.043, 94
Trd, 4319750.993, 104
Trd, 4319751.843, 125
Trd, 4319752.343, 91
Trd, 4319753.193, 64
Trd, 4319753.743, 127
Trd, 4319754.593, 106
Trd, 4319756.893, 127
Trd, 4319757.243, 110
Trd, 4319757.443, 103
Trd, 4319757.493, 71
Trd, 4319758.843, 98
Trd, 4319759.493, 84
Trd, 4319760.693, 118
Trd, 4319760.993, 117
Trd, 4319761.143, 113
Trd, 4319762.543, 127
Trd, 4319763.143, 113
Trd, 4319763.893, 74
Trd, 4319764.643, 122
Trd, 4319765.393, 84
Trd, 4319765.743, 86
Trd, 4319766.243, 111
Trd, 4319766.743, 80
Trd, 4319766.893, 65
Trd, 4319767.943, 103
Trd, 4319768.843, 102
Trd, 4319769.443, 124
Trd, 4319770.193, 122
Trd, 4319771.143, 121
Trd, 4319771.493, 118
Trd, 4319772.293, 124
Trd, 4319773.143, 132
Trd, 4319774.043, 101
Trd, 4319774.743, 65
Trd, 4319775.043, 65
Trd, 4319775.493, 61
Trd, 4319777.793, 127
Trd, 4319779.743, 105
Trd, 4319779.893, 96
Trd, 4319780.043, 110
Trd, 4319780.393, 94
Trd, 4319781.243, 131
Trd, 4319782.443, 117
Trd, 4319783.093, 87
Trd, 4319783.843, 119
Trd, 4319784.943, 128
Trd, 4319785.193, 105
Trd, 4319785.343, 101
Trd, 4319785.643, 81
Trd, 4319786.243, 111
Trd, 4319787.493, 122
Trd, 4319788.093, 126
Trd, 4319788.193, 124
Trd, 4319789.543, 121
Trd, 4319789.843, 121
Trd, 4319790.743, 114
Trd, 4319791.293, 92
Trd, 4319791.843, 81
Trd, 4319792.243, 68
Trd, 4319793.193, 61
Trd, 4319794.543, 105
Trd, 4319794.743, 85
Trd, 4319795.193, 94
Trd, 4319795.743, 64
Trd, 4319796.943, 79
Trd, 4319797.293, 78
Trd, 4319798.393, 133
Trd, 4319799.293, 117
Trd, 4319799.443, 84
Trd, 4319801.743, 120
Trd, 4319801.893, 113
Trd, 4319801.943, 131
Trd, 4319802.343, 94
Trd, 4319803.343, 126
Trd, 4319804.393, 105
Trd, 4319805.493, 106
Trd, 4319806.243, 121
Trd, 4319806.593, 105
Trd, 4319806.943, 102
Trd, 4319808.293, 110
Trd, 4319808.643, 135
Trd, 4319808.843, 107
Trd, 4319809.643, 127
Trd, 4319810.693, 120
Trd, 4319811.043, 101
Trd, 4319811.093, 98
Trd, 4319811.593, 117
Trd, 4319812.393, 62
Trd, 4319813.393, 88
Trd, 4319814.293, 126
Trd, 4319814.693, 117
Trd, 4319815.143, 127
Trd, 4319815.193, 115
Trd, 4319817.093, 121
Trd, 4319817.493, 89
Trd, 4319818.093, 64
Trd, 4319819.593, 64
Trd, 4319820.193, 80
Trd, 4319820.793, 61
Trd, 4319821.543, 94
Trd, 4319822.593, 71
Trd, 4319822.843, 67
Trd, 4319822.993, 96
Trd, 4319824.093, 137
Trd, 4319825.993, 80
Trd, 4319826.393, 105
Trd, 4319826.893, 72
Trd, 4319827.643, 107
Trd, 4319828.593, 85
Trd, 4319830.693, 136
Trd, 4319831.193, 134
Trd, 4319831.293, 133
Trd, 4319831.443, 133
Trd, 4319832.443, 119
Trd, 4319833.293, 111
Trd, 4319834.093, 106
Trd, 4319834.143, 84
Trd, 4319834.743, 131
Trd, 4319835.793, 102
Trd, 4319836.393, 129
Trd, 4319836.443, 97
Trd, 4319836.643, 96
Trd, 4319837.193, 140
Trd, 4319839.293, 92
Trd, 4319839.593, 92
Trd, 4319839.993, 93
Trd, 4319840.593, 82
Trd, 4319841.143, 121
Trd, 4319841.793, 97
Trd, 4319842.143, 67
Trd, 4319842.543, 63
Trd, 4319844.243, 133
Trd, 4319845.593, 111
Trd, 4319845.643, 109
Trd, 4319846.493, 109
Trd, 4319846.693, 107
Trd, 4319847.943, 133
Trd, 4319848.293, 90
Trd, 4319848.643, 80
Trd, 4319849.943, 95
Trd, 4319850.043, 103
Trd, 4319850.793, 96
Trd, 4319850.893, 97
Trd, 4319852.793, 116
Trd, 4319853.443, 115
Trd, 4319853.993, 126
Trd, 4319854.143, 82
Trd, 4319854.793, 114
Trd, 4319855.593, 114
Trd, 4319856.293, 102
Trd, 4319857.293, 110
Trd, 4319858.493, 119
Trd, 4319860.243, 102
Trd, 4319860.843, 122
Trd, 4319860.993, 93
Trd, 4319862.043, 96
Trd, 4319862.093, 101
Trd, 4319862.243, 94
Trd, 4319862.643, 118
Trd, 4319862.793, 116
Trd, 4319864.143, 64
Trd, 4319864.843, 61
Trd, 4319865.643, 104
Trd, 4319866.593, 65
Trd, 4319867.243, 119
Trd, 4319868.293, 85
Trd, 4319868.743, 97
Trd, 4319869.093, 95
Trd, 4319871.593, 99
Trd, 4319872.893, 121
Trd, 4319872.943, 119
Trd, 4319873.093, 91
Trd, 4319873.393, 126
Trd, 4319873.893, 124
Trd, 4319875.093, 124
Trd, 4319875.243, 123
Trd, 4319876.393, 119
Trd, 4319877.393, 74
Trd, 4319877.743, 79
Trd, 4319878.243, 106
Trd, 4319879.843, 138
Trd, 4319880.293, 131
Trd, 4319880.993, 126
Trd, 4319881.043, 83
Trd, 4319882.793, 67
Trd, 4319882.993, 60
Trd, 4319883.093, 62
Trd, 4319883.243, 79
Trd, 4319885.043, 96
Trd, 4319885.543, 94
Trd, 4319885.793, 94
Trd, 4319886.893, 80
Trd, 4319887.193, 79
Trd, 4319888.293, 112
Trd, 4319888.443, 107
Trd, 4319890.343, 105
Trd, 4319890.493, 104
Trd, 4319890.643, 96
Trd, 4319891.443, 75
Trd, 4319891.993, 66
Trd, 4319892.443, 103
Trd, 4319893.643, 62
Trd, 4319894.893, 140
Trd, 4319895.093, 137
Trd, 4319895.843, 114
Trd, 4319896.343, 122
Trd, 4319896.693, 99
Trd, 4319897.593, 94
Trd, 4319897.893, 89
Trd, 4319898.443, 85
Trd, 4319898.893, 67
Trd, 4319899.093, 64
Trd, 4319899.243, 95
Trd, 4319900.943, 83
Trd, 4319901.243, 81
Trd, 4319901.643, 64
Trd, 4319902.893, 70
Trd, 4319903.643, 103
Trd, 4319904.743, 126
Trd, 4319904.843, 84
Trd, 4319905.893, 125
Trd, 4319906.743, 124
Trd, 4319907.893, 122
Trd, 4319908.593, 113
Trd, 4319909.143, 97
Trd, 4319909.193, 96
Trd, 4319911.393, 133
Trd, 4319911.593, 129
Trd, 4319912.093, 129
Trd, 4319912.293, 108
Trd, 4319912.393, 91
Trd, 4319913.843, 83
Trd, 4319914.543, 100
Trd, 4319914.993, 80
Trd, 4319916.643, 63
Trd, 4319917.093, 82
Trd, 4319917.193, 93
Trd, 4319918.593, 62
Trd, 4319918.893, 84
Trd, 4319919.443, 83
Trd, 4319920.243, 90
Trd, 4319920.493, 89
Trd, 4319921.793, 128
Trd, 4319922.243, 101
Trd, 4319922.443, 99
Trd, 4319922.743, 98
Trd, 4319924.443, 103
Trd, 4319925.693, 93
Trd, 4319926.043, 97
Trd, 4319926.693, 111
Trd, 4319927.243, 119
Trd, 4319927.643, 88
Trd, 4319928.593, 129
Trd, 4319929.543, 115
Trd, 4319930.443, 130
Trd, 4319931.193, 136
Trd, 4319931.893, 133
Trd, 4319932.043, 116
Trd, 4319932.143, 95
Trd, 4319933.143, 62
Trd, 4319933.593, 68
Trd, 4319934.493, 72
Trd, 4319935.943, 61
Trd, 4319936.193, 95
Trd, 4319937.443, 112
Trd, 4319937.843, 99
Trd, 4319938.643, 90
Trd, 4319939.643, 92
Trd, 4319939.743, 80
Trd, 4319940.093, 75
Trd, 4319941.443, 66
Trd, 4319941.943, 112
Trd, 4319942.043, 95
Trd, 4319942.293, 100
Trd, 4319943.093, 77
Trd, 4319944.893, 103
Trd, 4319947.193, 99
Trd, 4319947.243, 110
Trd, 4319947.543, 115
Trd, 4319947.643, 97
Trd, 4319948.993, 138
Trd, 4319949.343, 140
Trd, 4319949.593, 132
Trd, 4319949.993, 102
Trd, 4319950.493, 117
Trd, 4319950.743, 101
Trd, 4319950.893, 90
Trd, 4319951.493, 67
Trd, 4319952.543, 100
Trd, 4319953.543, 73
Trd, 4319953.593, 101
Trd, 4319956.093, 127
Trd, 4319956.143, 121
Trd, 4319956.693, 125
Trd, 4319957.293, 110
Trd, 4319957.543, 88
Trd, 4319957.793, 113
Trd, 4319958.893, 132
Trd, 4319959.193, 128
Trd, 4319960.393, 74
Trd, 4319961.343, 116
Trd, 4319962.643, 123
Trd, 4319962.893, 109
Trd, 4319963.093, 108
Trd, 4319964.893, 128
Trd, 4319965.393, 115
Trd, 4319966.393, 113
Trd, 4319966.443, 112
Trd, 4319967.843, 109
Trd, 4319968.043, 135
Trd, 4319968.743, 134
Trd, 4319968.943, 109
Trd, 4319969.293, 132
Trd, 4319969.943, 115
Trd, 4319970.093, 113
Trd, 4319970.943, 67
Trd, 4319971.093, 114
Trd, 4319972.043, 81
Trd, 4319973.443, 134
Trd, 4319974.293, 130
Trd, 4319974.993, 97
Trd, 4319975.543, 95
Trd, 4319975.893, 111
Trd, 4319975.943, 110
Trd, 4319976.993, 98
Trd, 4319978.143, 97
Trd, 4319978.843, 99
Trd, 4319979.443, 109
Trd, 4319979.643, 94
Trd, 4319980.893, 74
Trd, 4319982.493, 87
Trd, 4319983.393, 74
Trd, 4319983.543, 126
Trd, 4319984.443, 139
Trd, 4319984.593, 136
Trd, 4319984.993, 87
Trd, 4319986.293, 129
Trd, 4319987.493, 131
Trd, 4319987.793, 92
Trd, 4319987.843, 73
Trd, 4319989.793, 133
Trd, 4319990.043, 132
Trd, 4319990.843, 116
Trd, 4319991.093, 111
Trd, 4319991.393, 122
Trd, 4319991.693, 91
Trd, 4319991.993, 106
Trd, 4319993.143, 109
Trd, 4319993.443, 104
Trd, 4319993.793, 91
Trd, 4319995.493, 129
Trd, 4319996.193, 66
Trd, 4319997.043, 109
Trd, 4319997.193, 95
Trd, 4319997.243, 72
Trd, 4319997.593, 88
Trd, 4319998.643, 132
Trd, 4319999.093, 106
Trd, 4319999.193, 104
