Trd, 4318145.143, 84
Trd, 4318145.743, 62
Trd, 4318146.143, 64
Trd, 4318147.093, 91
Trd, 4318147.543, 96
Trd, 4318147.893, 97
Trd, 4318147.993, 61
Trd, 4318148.393, 65
Trd, 4318148.793, 126
Trd, 4318149.343, 140
Trd, 4318150.093, 140
Trd, 4318150.843, 140
Trd, 4318151.093, 140
Trd, 4318152.243, 140
Trd, 4318152.743, 139
Trd, 4318154.243, 140
Trd, 4318155.993, 140
Trd, 4318156.043, 139
Trd, 4318156.243, 140
Trd, 4318156.843, 137
Trd, 4318157.943, 140
Trd, 4318158.643, 120
Trd, 4318159.643, 140
Trd, 4318160.243, 107
Trd, 4318161.443, 137
Trd, 4318161.843, 115
Trd, 4318161.993, 139
Trd, 4318162.593, 88
Trd, 4318162.693, 140
Trd, 4318164.093, 140
Trd, 4318164.793, 140
Trd, 4318164.893, 124
Trd, 4318166.343, 140
Trd, 4318167.443, 140
Trd, 4318167.493, 135
Trd, 4318168.093, 138
Trd, 4318168.393, 86
Trd, 4318168.893, 140
Trd, 4318170.343, 137
Trd, 4318170.493, 103
Trd, 4318170.743, 84
Trd, 4318171.143, 140
Trd, 4318171.743, 60
Trd, 4318173.643, 60
Trd, 4318173.743, 62
Trd, 4318174.693, 60
Trd, 4318175.243, 62
Trd, 4318175.893, 60
Trd, 4318175.943, 64
Trd, 4318176.793, 76
Trd, 4318176.893, 124
Trd, 4318177.393, 139
Trd, 4318177.693, 74
Trd, 4318178.143, 104
Trd, 4318178.393, 70
Trd, 4318178.543, 63
Trd, 4318179.893, 90
Trd, 4318181.993, 140
Trd, 4318182.243, 140
Trd, 4318184.043, 140
Trd, 4318184.093, 138
Trd, 4318184.393, 127
Trd, 4318185.043, 140
Trd, 4318185.343, 140
Trd, 4318185.593, 140
Trd, 4318186.043, 125
Trd, 4318186.193, 76
Trd, 4318187.593, 140
Trd, 4318187.693, 138
Trd, 4318187.943, 86
Trd, 4318188.593, 105
Trd, 4318190.543, 113
Trd, 4318191.943, 138
Trd, 4318192.593, 140
Trd, 4318194.193, 140
Trd, 4318194.843, 140
Trd, 4318195.043, 140
Trd, 4318195.093, 138
Trd, 4318195.243, 138
Trd, 4318197.693, 140
Trd, 4318198.543, 140
Trd, 4318198.743, 139
Trd, 4318198.843, 138
Trd, 4318198.943, 122
Trd, 4318200.193, 86
Trd, 4318201.193, 140
Trd, 4318203.093, 140
Trd, 4318204.693, 139
Trd, 4318204.943, 136
Trd, 4318205.543, 127
Trd, 4318205.843, 140
Trd, 4318206.143, 118
Trd, 4318206.243, 98
Trd, 4318207.993, 140
Trd, 4318208.293, 137
Trd, 4318208.893, 140
Trd, 4318209.793, 118
Trd, 4318210.143, 80
Trd, 4318211.143, 61
Trd, 4318212.793, 140
Trd, 4318212.943, 140
Trd, 4318213.143, 139
Trd, 4318214.643, 140
Trd, 4318215.093, 140
Trd, 4318215.543, 140
Trd, 4318215.693, 140
Trd, 4318216.143, 112
Trd, 4318217.543, 62
Trd, 4318218.243, 132
Trd, 4318218.393, 140
Trd, 4318220.293, 140
Trd, 4318220.443, 139
Trd, 4318220.543, 137
Trd, 4318220.743, 116
Trd, 4318220.943, 119
Trd, 4318221.843, 135
Trd, 4318223.893, 61
Trd, 4318224.193, 61
Trd, 4318224.243, 70
Trd, 4318224.443, 60
Trd, 4318224.643, 72
Trd, 4318225.093, 103
Trd, 4318226.543, 140
Trd, 4318227.443, 140
Trd, 4318228.343, 140
Trd, 4318229.193, 136
Trd, 4318229.343, 123
Trd, 4318230.143, 140
Trd, 4318230.893, 138
Trd, 4318231.793, 139
Trd, 4318232.243, 111
Trd, 4318233.643, 137
Trd, 4318234.393, 140
Trd, 4318235.043, 140
Trd, 4318235.443, 137
Trd, 4318236.243, 135
Trd, 4318236.343, 133
Trd, 4318236.443, 111
Trd, 4318237.143, 85
Trd, 4318238.993, 140
Trd, 4318239.243, 140
Trd, 4318241.143, 140
Trd, 4318241.443, 140
Trd, 4318241.543, 137
Trd, 4318241.743, 130
Trd, 4318242.943, 61
Trd, 4318244.043, 60
Trd, 4318244.693, 62
Trd, 4318245.393, 64
Trd, 4318245.993, 69
Trd, 4318246.093, 69
Trd, 4318246.343, 60
Trd, 4318247.693, 86
Trd, 4318247.993, 67
Trd, 4318248.393, 63
Trd, 4318248.843, 64
Trd, 4318249.643, 137
Trd, 4318250.343, 93
Trd, 4318251.343, 72
Trd, 4318251.493, 80
Trd, 4318251.593, 95
Trd, 4318251.693, 71
Trd, 4318253.743, 140
Trd, 4318254.443, 140
Trd, 4318254.593, 101
Trd, 4318255.293, 84
Trd, 4318256.693, 140
Trd, 4318257.693, 140
Trd, 4318257.793, 139
Trd, 4318258.243, 139
Trd, 4318259.193, 139
Trd, 4318259.543, 109
Trd, 4318260.443, 140
Trd, 4318261.093, 136
Trd, 4318262.743, 139
Trd, 4318263.143, 139
Trd, 4318263.443, 138
Trd, 4318263.993, 135
Trd, 4318264.893, 130
Trd, 4318265.393, 140
Trd, 4318266.293, 140
Trd, 4318266.893, 140
Trd, 4318266.943, 139
Trd, 4318268.493, 140
Trd, 4318268.793, 139
Trd, 4318269.443, 139
Trd, 4318270.893, 140
Trd, 4318270.943, 138
Trd, 4318271.893, 140
Trd, 4318272.743, 120
Trd, 4318273.293, 118
Trd, 4318273.893, 120
Trd, 4318275.743, 140
Trd, 4318275.843, 140
Trd, 4318276.343, 140
Trd, 4318276.443, 139
Trd, 4318277.043, 140
Trd, 4318277.243, 139
Trd, 4318278.093, 140
Trd, 4318278.243, 114
Trd, 4318279.243, 140
Trd, 4318279.543, 137
Trd, 4318280.293, 90
Trd, 4318281.643, 139
Trd, 4318282.943, 140
Trd, 4318282.993, 140
Trd, 4318283.493, 121
Trd, 4318283.943, 139
Trd, 4318284.393, 140
Trd, 4318285.243, 137
Trd, 4318286.143, 140
Trd, 4318287.743, 65
Trd, 4318288.793, 64
Trd, 4318288.893, 67
Trd, 4318289.343, 63
Trd, 4318289.493, 133
Trd, 4318289.943, 88
Trd, 4318290.493, 113
Trd, 4318292.043, 140
Trd, 4318292.643, 132
Trd, 4318292.893, 93
Trd, 4318293.493, 140
Trd, 4318293.743, 73
Trd, 4318295.343, 139
Trd, 4318295.593, 138
Trd, 4318295.643, 102
Trd, 4318296.343, 134
Trd, 4318297.243, 137
Trd, 4318297.343, 109
Trd, 4318298.293, 61
Trd, 4318298.343, 63
Trd, 4318300.343, 140
Trd, 4318300.493, 139
Trd, 4318300.993, 137
Trd, 4318301.693, 140
Trd, 4318302.743, 138
Trd, 4318303.193, 133
Trd, 4318303.443, 140
Trd, 4318304.343, 140
Trd, 4318305.143, 110
Trd, 4318305.393, 99
Trd, 4318306.243, 140
Trd, 4318306.893, 139
Trd, 4318306.993, 138
Trd, 4318307.193, 92
Trd, 4318308.593, 140
Trd, 4318309.593, 139
Trd, 4318310.043, 140
Trd, 4318310.443, 140
Trd, 4318310.993, 139
Trd, 4318312.343, 140
Trd, 4318312.443, 115
Trd, 4318312.493, 107
Trd, 4318313.193, 140
Trd, 4318313.543, 140
Trd, 4318313.793, 75
Trd, 4318314.543, 128
Trd, 4318316.143, 140
Trd, 4318317.293, 140
Trd, 4318317.893, 140
Trd, 4318318.293, 140
Trd, 4318318.343, 113
Trd, 4318319.693, 140
Trd, 4318319.943, 105
Trd, 4318320.193, 139
Trd, 4318320.693, 68
Trd, 4318321.943, 140
Trd, 4318324.543, 138
Trd, 4318324.943, 117
Trd, 4318325.543, 139
Trd, 4318325.993, 113
Trd, 4318326.393, 140
Trd, 4318326.943, 140
Trd, 4318326.993, 140
Trd, 4318327.443, 111
Trd, 4318328.093, 110
Trd, 4318328.593, 106
Trd, 4318329.943, 140
Trd, 4318331.193, 140
Trd, 4318331.243, 140
Trd, 4318331.793, 140
Trd, 4318332.093, 138
Trd, 4318333.193, 138
Trd, 4318333.243, 137
Trd, 4318333.343, 123
Trd, 4318333.693, 96
Trd, 4318335.143, 140
Trd, 4318335.593, 140
Trd, 4318336.193, 140
Trd, 4318336.993, 116
Trd, 4318338.443, 140
Trd, 4318338.493, 140
Trd, 4318339.743, 134
Trd, 4318339.893, 138
Trd, 4318340.393, 107
Trd, 4318341.093, 71
Trd, 4318341.693, 126
Trd, 4318342.743, 137
Trd, 4318342.993, 139
Trd, 4318345.293, 140
Trd, 4318345.493, 140
Trd, 4318345.643, 140
Trd, 4318345.943, 140
Trd, 4318346.343, 140
Trd, 4318346.693, 137
Trd, 4318348.293, 140
Trd, 4318348.443, 109
Trd, 4318348.543, 108
Trd, 4318350.393, 140
Trd, 4318350.793, 140
Trd, 4318350.893, 140
Trd, 4318351.043, 139
Trd, 4318351.443, 61
Trd, 4318352.493, 140
Trd, 4318353.293, 90
Trd, 4318353.993, 71
Trd, 4318354.593, 139
Trd, 4318354.843, 139
Trd, 4318355.243, 136
Trd, 4318356.443, 66
Trd, 4318357.043, 135
Trd, 4318358.393, 92
Trd, 4318358.443, 74
Trd, 4318359.643, 62
Trd, 4318360.293, 140
Trd, 4318360.593, 127
Trd, 4318361.243, 73
Trd, 4318362.093, 140
Trd, 4318364.493, 140
Trd, 4318364.993, 140
Trd, 4318365.643, 109
Trd, 4318366.793, 140
Trd, 4318367.193, 140
Trd, 4318367.793, 140
Trd, 4318368.843, 140
Trd, 4318370.443, 139
Trd, 4318370.943, 140
Trd, 4318371.193, 140
Trd, 4318371.643, 140
Trd, 4318373.043, 140
Trd, 4318375.593, 140
Trd, 4318376.043, 139
Trd, 4318376.143, 125
Trd, 4318377.243, 138
Trd, 4318377.943, 106
Trd, 4318378.543, 95
Trd, 4318378.793, 99
Trd, 4318379.143, 100
Trd, 4318379.943, 65
Trd, 4318380.143, 65
Trd, 4318380.493, 61
Trd, 4318380.843, 140
Trd, 4318382.543, 140
Trd, 4318382.693, 140
Trd, 4318383.043, 140
Trd, 4318384.543, 131
Trd, 4318384.593, 67
Trd, 4318385.243, 60
Trd, 4318385.293, 60
Trd, 4318386.743, 127
Trd, 4318387.243, 99
Trd, 4318387.543, 129
Trd, 4318387.993, 136
Trd, 4318388.843, 70
Trd, 4318389.543, 69
Trd, 4318389.793, 67
Trd, 4318390.293, 140
Trd, 4318391.793, 140
Trd, 4318392.893, 140
Trd, 4318393.093, 138
Trd, 4318394.093, 137
Trd, 4318394.893, 140
Trd, 4318395.293, 135
Trd, 4318395.643, 120
Trd, 4318395.893, 129
Trd, 4318395.943, 131
Trd, 4318396.993, 140
Trd, 4318397.243, 139
Trd, 4318398.793, 118
Trd, 4318400.043, 140
Trd, 4318400.543, 140
Trd, 4318401.593, 123
Trd, 4318402.493, 140
Trd, 4318402.693, 134
Trd, 4318402.743, 115
Trd, 4318403.043, 112
Trd, 4318403.943, 91
Trd, 4318404.843, 79
Trd, 4318406.193, 140
Trd, 4318406.593, 140
Trd, 4318406.993, 140
Trd, 4318408.293, 138
Trd, 4318408.593, 87
Trd, 4318409.793, 129
Trd, 4318410.393, 139
Trd, 4318412.493, 140
Trd, 4318412.593, 140
Trd, 4318412.793, 139
Trd, 4318412.943, 137
Trd, 4318413.043, 111
Trd, 4318413.843, 76
Trd, 4318415.043, 138
Trd, 4318415.893, 139
Trd, 4318416.643, 140
Trd, 4318417.093, 140
Trd, 4318417.593, 110
Trd, 4318418.093, 89
Trd, 4318419.593, 139
Trd, 4318420.593, 139
Trd, 4318420.993, 139
Trd, 4318421.543, 135
Trd, 4318421.743, 95
Trd, 4318422.643, 140
Trd, 4318423.443, 93
Trd, 4318424.043, 87
Trd, 4318425.393, 79
Trd, 4318426.593, 140
Trd, 4318426.843, 140
Trd, 4318426.993, 140
Trd, 4318427.493, 137
Trd, 4318428.743, 92
Trd, 4318428.893, 140
Trd, 4318429.943, 61
Trd, 4318430.093, 62
Trd, 4318432.193, 140
Trd, 4318432.293, 140
Trd, 4318433.493, 140
Trd, 4318433.793, 140
Trd, 4318434.343, 139
Trd, 4318435.243, 133
Trd, 4318435.443, 132
Trd, 4318436.243, 140
Trd, 4318436.343, 132
Trd, 4318437.243, 138
Trd, 4318438.343, 107
Trd, 4318438.943, 118
Trd, 4318439.993, 139
Trd, 4318440.793, 140
Trd, 4318440.993, 135
Trd, 4318442.143, 125
Trd, 4318442.543, 139
Trd, 4318443.943, 140
Trd, 4318443.993, 140
Trd, 4318444.943, 140
Trd, 4318445.693, 137
Trd, 4318446.443, 108
Trd, 4318447.643, 140
Trd, 4318447.793, 140
Trd, 4318448.843, 140
Trd, 4318450.643, 140
Trd, 4318450.743, 140
Trd, 4318450.893, 139
Trd, 4318450.943, 113
Trd, 4318451.993, 139
Trd, 4318452.043, 136
Trd, 4318452.343, 61
Trd, 4318453.393, 62
Trd, 4318453.593, 66
Trd, 4318454.393, 67
Trd, 4318455.543, 78
Trd, 4318455.893, 140
Trd, 4318456.293, 126
Trd, 4318456.493, 73
Trd, 4318458.593, 140
Trd, 4318458.893, 139
Trd, 4318459.293, 139
Trd, 4318460.543, 140
Trd, 4318460.593, 139
Trd, 4318460.743, 118
Trd, 4318461.243, 140
Trd, 4318461.993, 111
Trd, 4318462.393, 83
Trd, 4318463.043, 139
Trd, 4318463.493, 138
Trd, 4318463.593, 112
Trd, 4318464.043, 137
Trd, 4318464.593, 73
Trd, 4318465.743, 60
Trd, 4318466.643, 62
Trd, 4318468.843, 140
Trd, 4318468.943, 88
Trd, 4318469.043, 84
Trd, 4318469.643, 140
Trd, 4318469.893, 64
Trd, 4318470.493, 140
Trd, 4318471.143, 140
Trd, 4318471.793, 105
Trd, 4318472.393, 139
Trd, 4318473.993, 138
Trd, 4318475.043, 139
Trd, 4318475.643, 140
Trd, 4318475.743, 140
Trd, 4318475.943, 139
Trd, 4318476.843, 139
Trd, 4318477.543, 140
Trd, 4318479.143, 138
Trd, 4318479.493, 138
Trd, 4318479.793, 138
Trd, 4318480.893, 140
Trd, 4318481.293, 137
Trd, 4318481.993, 109
Trd, 4318483.443, 140
Trd, 4318483.843, 140
Trd, 4318484.593, 139
Trd, 4318485.193, 121
Trd, 4318485.243, 138
Trd, 4318485.743, 98
Trd, 4318486.543, 140
Trd, 4318487.743, 140
Trd, 4318489.443, 140
Trd, 4318489.693, 139
Trd, 4318490.393, 135
Trd, 4318490.593, 127
Trd, 4318492.093, 139
Trd, 4318492.343, 138
Trd, 4318492.843, 138
Trd, 4318493.293, 114
Trd, 4318494.243, 139
Trd, 4318495.043, 140
Trd, 4318495.243, 140
Trd, 4318496.143, 115
Trd, 4318496.343, 112
Trd, 4318498.893, 66
Trd, 4318499.243, 69
Trd, 4318499.593, 125
Trd, 4318499.893, 91
Trd, 4318500.443, 140
Trd, 4318500.493, 89
Trd, 4318501.443, 140
Trd, 4318502.043, 63
Trd, 4318502.393, 61
Trd, 4318502.693, 139
Trd, 4318504.193, 67
Trd, 4318505.193, 140
Trd, 4318505.893, 140
Trd, 4318505.993, 140
Trd, 4318506.843, 139
Trd, 4318508.293, 140
Trd, 4318508.443, 140
Trd, 4318508.843, 140
Trd, 4318509.893, 140
Trd, 4318510.043, 136
Trd, 4318510.893, 129
Trd, 4318511.693, 139
Trd, 4318511.943, 101
Trd, 4318512.643, 137
Trd, 4318513.893, 102
Trd, 4318515.143, 139
Trd, 4318515.393, 137
Trd, 4318516.343, 140
Trd, 4318516.793, 86
Trd, 4318516.943, 128
Trd, 4318517.143, 139
Trd, 4318517.993, 140
Trd, 4318519.193, 140
Trd, 4318519.893, 140
Trd, 4318520.293, 131
Trd, 4318521.293, 139
Trd, 4318521.493, 104
Trd, 4318521.843, 69
Trd, 4318522.893, 139
Trd, 4318523.693, 137
Trd, 4318524.693, 140
Trd, 4318525.193, 140
Trd, 4318525.243, 116
Trd, 4318525.393, 105
Trd, 4318526.343, 140
Trd, 4318526.643, 118
Trd, 4318527.243, 137
Trd, 4318528.043, 140
Trd, 4318528.343, 137
Trd, 4318529.343, 60
Trd, 4318530.043, 61
Trd, 4318530.593, 60
Trd, 4318531.743, 60
Trd, 4318532.143, 61
Trd, 4318533.143, 140
Trd, 4318534.243, 60
Trd, 4318534.993, 60
Trd, 4318535.443, 60
Trd, 4318537.193, 65
Trd, 4318537.443, 67
Trd, 4318537.793, 87
Trd, 4318537.893, 65
Trd, 4318538.643, 63
Trd, 4318538.893, 77
Trd, 4318540.643, 61
Trd, 4318540.993, 61
Trd, 4318541.643, 62
Trd, 4318542.093, 110
Trd, 4318542.393, 78
Trd, 4318542.943, 66
Trd, 4318544.793, 140
Trd, 4318545.093, 139
Trd, 4318545.343, 137
Trd, 4318545.393, 104
Trd, 4318546.743, 140
Trd, 4318547.443, 138
Trd, 4318548.293, 140
Trd, 4318549.393, 139
Trd, 4318549.793, 139
Trd, 4318549.843, 134
Trd, 4318551.043, 140
Trd, 4318551.393, 140
Trd, 4318553.143, 140
Trd, 4318553.193, 124
Trd, 4318553.443, 107
Trd, 4318554.093, 135
Trd, 4318555.693, 140
Trd, 4318555.993, 135
Trd, 4318556.943, 114
Trd, 4318557.693, 140
Trd, 4318557.943, 124
Trd, 4318558.293, 90
Trd, 4318558.843, 88
Trd, 4318561.443, 140
Trd, 4318561.493, 139
Trd, 4318562.743, 129
Trd, 4318562.993, 137
Trd, 4318563.793, 135
Trd, 4318563.893, 91
Trd, 4318564.293, 71
Trd, 4318565.393, 140
Trd, 4318566.193, 140
Trd, 4318566.393, 140
Trd, 4318566.593, 86
Trd, 4318567.443, 65
Trd, 4318569.443, 60
Trd, 4318569.543, 60
Trd, 4318569.693, 67
Trd, 4318571.393, 140
Trd, 4318571.493, 140
Trd, 4318571.593, 138
Trd, 4318572.043, 139
Trd, 4318572.393, 137
Trd, 4318573.543, 98
Trd, 4318574.243, 63
Trd, 4318574.893, 139
Trd, 4318575.693, 89
Trd, 4318576.043, 70
Trd, 4318576.943, 60
Trd, 4318577.893, 140
Trd, 4318578.793, 140
Trd, 4318579.043, 139
Trd, 4318580.893, 140
Trd, 4318581.143, 140
Trd, 4318581.693, 140
Trd, 4318582.643, 137
Trd, 4318584.093, 101
Trd, 4318584.843, 140
Trd, 4318585.293, 140
Trd, 4318585.343, 124
Trd, 4318586.843, 140
Trd, 4318587.543, 140
Trd, 4318588.393, 60
Trd, 4318588.493, 119
Trd, 4318589.443, 60
Trd, 4318589.593, 60
Trd, 4318591.393, 60
Trd, 4318591.493, 60
Trd, 4318591.843, 64
Trd, 4318592.943, 61
Trd, 4318593.493, 77
Trd, 4318593.893, 140
Trd, 4318594.693, 132
Trd, 4318595.743, 135
Trd, 4318596.093, 137
Trd, 4318597.343, 63
Trd, 4318597.393, 73
Trd, 4318599.093, 60
Trd, 4318599.243, 60
Trd, 4318599.643, 62
Trd, 4318600.543, 99
Trd, 4318600.793, 139
Trd, 4318601.593, 140
Trd, 4318603.593, 92
Trd, 4318604.243, 140
Trd, 4318604.493, 140
Trd, 4318604.543, 133
Trd, 4318605.043, 115
Trd, 4318605.743, 140
Trd, 4318606.893, 97
Trd, 4318607.643, 138
Trd, 4318608.593, 139
Trd, 4318610.093, 140
Trd, 4318610.443, 139
Trd, 4318610.843, 127
Trd, 4318611.343, 139
Trd, 4318612.643, 116
Trd, 4318613.493, 140
Trd, 4318614.043, 87
Trd, 4318614.393, 139
Trd, 4318615.393, 140
Trd, 4318615.543, 140
Trd, 4318615.643, 138
Trd, 4318615.893, 112
Trd, 4318616.993, 85
Trd, 4318617.843, 110
Trd, 4318617.993, 109
Trd, 4318618.843, 140
Trd, 4318618.893, 140
Trd, 4318620.943, 139
Trd, 4318621.993, 140
Trd, 4318622.293, 138
Trd, 4318622.693, 112
Trd, 4318622.743, 110
Trd, 4318622.993, 139
Trd, 4318623.643, 140
Trd, 4318624.393, 138
Trd, 4318624.693, 63
Trd, 4318625.793, 139
Trd, 4318626.143, 138
Trd, 4318626.793, 138
Trd, 4318627.543, 140
Trd, 4318627.843, 139
Trd, 4318628.193, 123
Trd, 4318629.043, 138
Trd, 4318629.543, 137
Trd, 4318629.693, 124
Trd, 4318632.343, 140
Trd, 4318633.243, 139
Trd, 4318633.993, 139
Trd, 4318634.943, 137
Trd, 4318635.093, 136
Trd, 4318635.843, 140
Trd, 4318636.043, 140
Trd, 4318637.993, 140
Trd, 4318638.643, 140
Trd, 4318638.793, 140
Trd, 4318638.993, 132
Trd, 4318640.693, 140
Trd, 4318641.193, 139
Trd, 4318642.743, 140
Trd, 4318642.793, 122
Trd, 4318643.393, 138
Trd, 4318643.893, 132
Trd, 4318645.193, 140
Trd, 4318645.843, 129
Trd, 4318646.093, 69
Trd, 4318646.393, 68
Trd, 4318647.893, 138
Trd, 4318648.943, 60
Trd, 4318649.243, 64
Trd, 4318650.593, 60
Trd, 4318650.793, 61
Trd, 4318651.893, 96
Trd, 4318651.993, 91
Trd, 4318653.043, 140
Trd, 4318653.143, 137
Trd, 4318654.393, 125
Trd, 4318654.593, 106
Trd, 4318654.943, 98
Trd, 4318655.593, 140
Trd, 4318655.693, 137
Trd, 4318656.093, 140
Trd, 4318656.993, 139
Trd, 4318657.443, 108
Trd, 4318657.593, 137
Trd, 4318657.943, 107
Trd, 4318659.543, 139
Trd, 4318660.843, 140
Trd, 4318661.643, 140
Trd, 4318662.393, 136
Trd, 4318662.543, 104
Trd, 4318662.693, 103
Trd, 4318663.743, 137
Trd, 4318664.043, 139
Trd, 4318664.243, 107
Trd, 4318664.543, 61
Trd, 4318665.293, 62
Trd, 4318666.193, 140
Trd, 4318666.793, 139
Trd, 4318666.993, 138
Trd, 4318669.343, 138
Trd, 4318669.593, 138
Trd, 4318669.643, 137
Trd, 4318669.993, 134
Trd, 4318670.293, 140
Trd, 4318671.693, 140
Trd, 4318672.243, 140
Trd, 4318673.193, 140
Trd, 4318673.743, 139
Trd, 4318674.043, 121
Trd, 4318674.743, 140
Trd, 4318675.843, 139
Trd, 4318677.143, 139
Trd, 4318677.543, 90
Trd, 4318678.043, 61
Trd, 4318679.193, 60
Trd, 4318679.293, 61
Trd, 4318680.243, 60
Trd, 4318680.743, 139
Trd, 4318680.793, 107
Trd, 4318680.943, 82
Trd, 4318682.493, 134
Trd, 4318683.293, 140
Trd, 4318683.943, 140
Trd, 4318684.843, 139
Trd, 4318685.293, 117
Trd, 4318686.043, 140
Trd, 4318686.693, 134
Trd, 4318686.793, 90
Trd, 4318687.643, 140
Trd, 4318688.743, 140
Trd, 4318689.093, 138
Trd, 4318689.793, 140
Trd, 4318689.843, 139
Trd, 4318690.243, 95
Trd, 4318691.643, 137
Trd, 4318691.893, 85
Trd, 4318693.243, 140
Trd, 4318693.943, 140
Trd, 4318695.293, 139
Trd, 4318695.843, 140
Trd, 4318696.443, 137
Trd, 4318697.143, 111
Trd, 4318697.993, 137
Trd, 4318698.343, 113
Trd, 4318698.793, 140
Trd, 4318699.143, 81
Trd, 4318699.293, 76
Trd, 4318700.493, 136
Trd, 4318701.943, 135
Trd, 4318702.093, 82
Trd, 4318702.993, 139
Trd, 4318703.793, 140
Trd, 4318703.893, 140
Trd, 4318704.293, 140
Trd, 4318706.543, 140
Trd, 4318707.543, 123
Trd, 4318708.093, 111
Trd, 4318708.493, 110
Trd, 4318709.043, 140
Trd, 4318710.243, 91
Trd, 4318710.843, 140
Trd, 4318710.893, 89
Trd, 4318712.793, 140
Trd, 4318713.043, 140
Trd, 4318714.243, 99
Trd, 4318715.493, 140
Trd, 4318715.693, 98
Trd, 4318715.793, 133
Trd, 4318717.243, 140
Trd, 4318717.543, 140
Trd, 4318718.593, 140
Trd, 4318718.743, 139
Trd, 4318719.343, 137
Trd, 4318719.493, 135
Trd, 4318721.493, 112
Trd, 4318722.443, 139
Trd, 4318723.443, 139
Trd, 4318725.193, 139
Trd, 4318725.493, 139
Trd, 4318725.793, 140
Trd, 4318726.193, 73
Trd, 4318726.343, 88
Trd, 4318727.643, 140
Trd, 4318728.143, 139
Trd, 4318728.193, 137
Trd, 4318728.893, 135
Trd, 4318730.143, 140
Trd, 4318730.843, 140
Trd, 4318730.993, 133
Trd, 4318731.293, 126
Trd, 4318732.593, 140
Trd, 4318733.293, 130
Trd, 4318734.093, 113
Trd, 4318734.893, 140
Trd, 4318734.943, 113
Trd, 4318735.593, 140
Trd, 4318735.793, 139
Trd, 4318736.993, 140
Trd, 4318737.743, 140
Trd, 4318737.793, 121
Trd, 4318738.693, 139
Trd, 4318739.693, 136
Trd, 4318740.943, 140
Trd, 4318741.143, 140
Trd, 4318741.443, 133
Trd, 4318741.793, 123
Trd, 4318741.943, 98
Trd, 4318743.443, 102
Trd, 4318744.393, 140
Trd, 4318744.493, 115
Trd, 4318745.793, 140
Trd, 4318746.043, 140
Trd, 4318746.343, 136
Trd, 4318748.643, 140
Trd, 4318749.543, 140
Trd, 4318750.043, 140
Trd, 4318750.143, 139
Trd, 4318750.393, 140
Trd, 4318750.493, 113
Trd, 4318751.743, 74
Trd, 4318753.343, 138
Trd, 4318753.593, 63
Trd, 4318754.643, 65
Trd, 4318755.293, 62
Trd, 4318755.393, 68
Trd, 4318756.943, 140
Trd, 4318757.393, 137
Trd, 4318757.843, 89
Trd, 4318757.943, 140
Trd, 4318759.643, 63
Trd, 4318760.193, 64
Trd, 4318760.293, 71
Trd, 4318760.593, 140
Trd, 4318762.193, 140
Trd, 4318762.243, 140
Trd, 4318762.793, 134
Trd, 4318763.343, 140
Trd, 4318763.443, 109
Trd, 4318764.193, 140
Trd, 4318764.793, 74
Trd, 4318765.193, 86
Trd, 4318767.043, 140
Trd, 4318767.993, 140
Trd, 4318768.243, 140
Trd, 4318768.493, 95
Trd, 4318769.643, 75
Trd, 4318770.943, 140
Trd, 4318771.393, 140
Trd, 4318771.443, 107
Trd, 4318772.743, 140
Trd, 4318773.843, 140
Trd, 4318774.343, 139
Trd, 4318774.643, 140
Trd, 4318775.343, 140
Trd, 4318776.393, 140
Trd, 4318777.893, 138
Trd, 4318778.143, 121
Trd, 4318778.693, 139
Trd, 4318779.493, 62
Trd, 4318780.343, 60
Trd, 4318780.593, 60
Trd, 4318781.743, 66
Trd, 4318783.343, 140
Trd, 4318784.293, 140
Trd, 4318784.793, 84
Trd, 4318785.093, 140
Trd, 4318786.793, 140
Trd, 4318788.393, 110
Trd, 4318788.593, 113
Trd, 4318788.693, 110
Trd, 4318788.743, 109
Trd, 4318789.593, 76
Trd, 4318791.743, 140
Trd, 4318792.643, 140
Trd, 4318793.093, 140
Trd, 4318793.843, 140
Trd, 4318793.943, 138
Trd, 4318794.393, 111
Trd, 4318794.993, 140
Trd, 4318796.643, 140
Trd, 4318798.543, 63
Trd, 4318799.193, 140
Trd, 4318801.193, 140
Trd, 4318801.343, 140
Trd, 4318801.693, 138
Trd, 4318801.843, 130
Trd, 4318803.843, 140
Trd, 4318804.343, 140
Trd, 4318804.493, 140
Trd, 4318804.543, 139
Trd, 4318806.093, 99
Trd, 4318808.343, 139
Trd, 4318808.993, 140
Trd, 4318810.143, 140
Trd, 4318811.693, 140
Trd, 4318811.793, 139
Trd, 4318811.843, 87
Trd, 4318812.093, 66
Trd, 4318812.493, 67
Trd, 4318812.993, 61
Trd, 4318813.393, 132
Trd, 4318813.743, 60
Trd, 4318814.093, 60
Trd, 4318814.393, 60
Trd, 4318814.893, 139
Trd, 4318815.993, 139
Trd, 4318817.343, 115
Trd, 4318817.943, 140
Trd, 4318819.143, 140
Trd, 4318820.343, 140
Trd, 4318821.093, 140
Trd, 4318821.293, 140
Trd, 4318821.493, 136
Trd, 4318822.693, 139
Trd, 4318823.443, 137
Trd, 4318824.493, 140
Trd, 4318824.993, 140
Trd, 4318825.093, 140
Trd, 4318826.843, 105
Trd, 4318826.943, 140
Trd, 4318827.543, 138
Trd, 4318828.343, 101
Trd, 4318829.193, 134
Trd, 4318829.543, 132
Trd, 4318829.693, 109
Trd, 4318830.143, 85
Trd, 4318830.543, 76
Trd, 4318831.543, 140
Trd, 4318833.943, 140
Trd, 4318834.043, 140
Trd, 4318834.193, 138
Trd, 4318834.993, 107
Trd, 4318835.943, 140
Trd, 4318836.943, 89
Trd, 4318837.193, 140
Trd, 4318837.493, 95
Trd, 4318838.543, 139
Trd, 4318838.643, 92
Trd, 4318838.793, 89
Trd, 4318839.743, 120
Trd, 4318840.943, 139
Trd, 4318843.143, 140
Trd, 4318843.793, 140
Trd, 4318844.093, 140
Trd, 4318844.343, 115
Trd, 4318844.593, 109
Trd, 4318845.943, 136
Trd, 4318847.843, 60
Trd, 4318848.093, 63
Trd, 4318848.893, 62
Trd, 4318849.093, 62
Trd, 4318849.343, 60
Trd, 4318850.093, 66
Trd, 4318850.543, 61
Trd, 4318851.293, 70
Trd, 4318851.493, 70
Trd, 4318852.393, 87
Trd, 4318853.243, 139
Trd, 4318853.893, 74
Trd, 4318854.243, 140
Trd, 4318854.443, 138
Trd, 4318854.943, 140
Trd, 4318855.993, 140
Trd, 4318856.293, 136
Trd, 4318858.093, 140
Trd, 4318858.293, 139
Trd, 4318859.843, 140
Trd, 4318860.343, 139
Trd, 4318860.443, 127
Trd, 4318861.043, 140
Trd, 4318862.493, 140
Trd, 4318863.193, 139
Trd, 4318864.043, 139
Trd, 4318864.243, 136
Trd, 4318864.693, 112
Trd, 4318867.093, 140
Trd, 4318867.293, 140
Trd, 4318868.343, 140
Trd, 4318868.493, 140
Trd, 4318870.843, 140
Trd, 4318871.743, 140
Trd, 4318871.893, 137
Trd, 4318871.943, 137
Trd, 4318872.343, 120
Trd, 4318872.843, 105
Trd, 4318873.693, 81
Trd, 4318874.293, 132
Trd, 4318875.543, 139
Trd, 4318875.893, 117
Trd, 4318878.643, 140
Trd, 4318878.693, 140
Trd, 4318878.993, 132
Trd, 4318879.093, 115
Trd, 4318879.943, 140
Trd, 4318880.143, 132
Trd, 4318880.343, 108
Trd, 4318881.493, 140
Trd, 4318881.743, 139
Trd, 4318882.393, 80
Trd, 4318883.143, 137
Trd, 4318883.493, 116
Trd, 4318884.293, 123
Trd, 4318884.643, 139
Trd, 4318885.393, 118
Trd, 4318886.693, 140
Trd, 4318886.793, 139
Trd, 4318886.893, 94
Trd, 4318887.793, 61
Trd, 4318888.043, 62
Trd, 4318888.393, 64
Trd, 4318888.793, 74
Trd, 4318889.743, 140
Trd, 4318890.443, 84
Trd, 4318891.393, 140
Trd, 4318891.443, 140
Trd, 4318893.543, 138
Trd, 4318893.893, 121
Trd, 4318894.193, 111
Trd, 4318894.343, 105
Trd, 4318895.443, 140
Trd, 4318898.093, 140
Trd, 4318898.243, 140
Trd, 4318898.293, 140
Trd, 4318898.393, 139
Trd, 4318899.443, 140
Trd, 4318900.343, 139
Trd, 4318900.943, 113
Trd, 4318900.993, 112
Trd, 4318901.893, 64
Trd, 4318902.593, 71
Trd, 4318902.843, 140
Trd, 4318903.993, 136
Trd, 4318905.193, 140
Trd, 4318905.293, 138
Trd, 4318905.443, 136
Trd, 4318906.693, 118
Trd, 4318907.143, 140
Trd, 4318907.993, 135
Trd, 4318908.093, 135
Trd, 4318908.843, 140
Trd, 4318909.343, 139
Trd, 4318909.693, 138
Trd, 4318910.343, 111
Trd, 4318911.343, 140
Trd, 4318911.393, 140
Trd, 4318912.443, 111
Trd, 4318912.893, 72
Trd, 4318914.643, 140
Trd, 4318914.943, 137
Trd, 4318915.843, 140
Trd, 4318916.193, 140
Trd, 4318916.543, 140
Trd, 4318918.193, 140
Trd, 4318918.593, 138
Trd, 4318918.943, 121
Trd, 4318920.393, 140
Trd, 4318920.743, 140
Trd, 4318922.293, 140
Trd, 4318922.993, 140
Trd, 4318923.043, 110
Trd, 4318923.443, 67
Trd, 4318923.843, 118
Trd, 4318924.343, 61
Trd, 4318924.543, 84
Trd, 4318926.193, 69
Trd, 4318926.743, 139
Trd, 4318927.943, 140
Trd, 4318927.993, 140
Trd, 4318928.443, 140
Trd, 4318928.543, 140
Trd, 4318928.993, 67
Trd, 4318929.843, 62
Trd, 4318931.143, 61
Trd, 4318931.643, 62
Trd, 4318932.393, 132
Trd, 4318932.493, 89
Trd, 4318932.543, 88
Trd, 4318934.293, 140
Trd, 4318934.893, 135
Trd, 4318936.093, 138
Trd, 4318936.643, 95
Trd, 4318938.043, 137
Trd, 4318938.143, 133
Trd, 4318939.093, 103
Trd, 4318939.593, 66
Trd, 4318940.143, 95
Trd, 4318940.693, 61
Trd, 4318941.243, 64
Trd, 4318941.293, 124
Trd, 4318941.643, 140
Trd, 4318942.243, 61
Trd, 4318943.743, 61
Trd, 4318943.893, 62
Trd, 4318944.643, 83
Trd, 4318944.793, 131
Trd, 4318946.243, 61
Trd, 4318946.393, 71
Trd, 4318946.443, 71
Trd, 4318947.693, 77
Trd, 4318948.693, 60
Trd, 4318948.943, 60
Trd, 4318948.993, 61
Trd, 4318949.693, 60
Trd, 4318949.893, 100
Trd, 4318951.143, 60
Trd, 4318951.643, 139
Trd, 4318952.143, 75
Trd, 4318953.543, 68
Trd, 4318953.993, 140
Trd, 4318954.043, 140
Trd, 4318955.443, 139
Trd, 4318955.993, 136
Trd, 4318956.393, 116
Trd, 4318958.643, 140
Trd, 4318958.743, 140
Trd, 4318959.693, 140
Trd, 4318960.443, 139
Trd, 4318960.493, 138
Trd, 4318961.193, 114
Trd, 4318961.593, 97
Trd, 4318961.693, 90
Trd, 4318962.543, 140
Trd, 4318962.943, 140
Trd, 4318963.743, 60
Trd, 4318965.793, 140
Trd, 4318966.243, 137
Trd, 4318966.493, 139
Trd, 4318967.293, 140
Trd, 4318968.543, 106
Trd, 4318968.843, 97
Trd, 4318969.093, 140
Trd, 4318969.843, 140
Trd, 4318970.443, 140
Trd, 4318972.443, 140
Trd, 4318972.743, 140
Trd, 4318973.543, 124
Trd, 4318973.793, 134
Trd, 4318973.843, 96
Trd, 4318974.493, 139
Trd, 4318974.943, 138
Trd, 4318976.343, 138
Trd, 4318976.893, 82
Trd, 4318977.143, 72
Trd, 4318977.643, 91
Trd, 4318978.443, 133
Trd, 4318978.643, 130
Trd, 4318979.893, 139
Trd, 4318979.943, 116
Trd, 4318980.593, 138
Trd, 4318982.443, 140
Trd, 4318982.993, 139
Trd, 4318983.793, 139
Trd, 4318983.843, 137
Trd, 4318984.993, 138
Trd, 4318986.693, 140
Trd, 4318986.843, 139
Trd, 4318986.943, 132
Trd, 4318987.893, 138
Trd, 4318989.243, 98
Trd, 4318989.293, 96
Trd, 4318989.743, 90
Trd, 4318990.543, 140
Trd, 4318991.093, 140
Trd, 4318991.343, 139
Trd, 4318991.693, 136
Trd, 4318992.793, 140
Trd, 4318993.793, 139
Trd, 4318994.093, 139
Trd, 4318994.843, 140
Trd, 4318995.293, 130
Trd, 4318997.543, 140
Trd, 4318998.143, 138
Trd, 4318999.143, 140
Trd, 4319000.193, 139
Trd, 4319000.693, 137
Trd, 4319001.293, 139
Trd, 4319001.543, 118
Trd, 4319001.643, 96
Trd, 4319002.743, 140
Trd, 4319002.843, 135
Trd, 4319003.493, 137
Trd, 4319004.693, 124
Trd, 4319004.843, 88
Trd, 4319005.243, 138
Trd, 4319007.143, 61
Trd, 4319007.193, 105
Trd, 4319007.593, 104
Trd, 4319007.743, 61
Trd, 4319008.693, 60
Trd, 4319009.393, 61
Trd, 4319010.143, 139
Trd, 4319010.193, 138
Trd, 4319010.643, 132
Trd, 4319011.093, 107
Trd, 4319011.943, 60
Trd, 4319012.743, 63
Trd, 4319012.993, 66
Trd, 4319013.993, 81
Trd, 4319014.693, 66
Trd, 4319015.443, 138
Trd, 4319016.193, 139
Trd, 4319017.093, 140
Trd, 4319017.343, 137
Trd, 4319018.393, 140
Trd, 4319018.543, 133
Trd, 4319019.093, 106
Trd, 4319019.543, 102
Trd, 4319020.243, 140
Trd, 4319022.193, 140
Trd, 4319022.443, 140
Trd, 4319022.593, 136
Trd, 4319023.093, 139
Trd, 4319023.243, 104
Trd, 4319023.293, 103
Trd, 4319023.993, 100
Trd, 4319024.893, 137
Trd, 4319026.793, 140
Trd, 4319027.393, 139
Trd, 4319027.993, 140
Trd, 4319028.243, 139
Trd, 4319028.393, 131
Trd, 4319028.893, 127
Trd, 4319028.943, 75
Trd, 4319029.793, 140
Trd, 4319030.743, 140
Trd, 4319030.793, 138
Trd, 4319031.893, 124
Trd, 4319032.843, 88
Trd, 4319033.393, 138
Trd, 4319033.593, 113
Trd, 4319034.193, 139
Trd, 4319037.043, 140
Trd, 4319037.293, 140
Trd, 4319038.443, 140
Trd, 4319039.793, 140
Trd, 4319039.943, 140
Trd, 4319040.343, 139
Trd, 4319040.443, 132
Trd, 4319040.493, 98
Trd, 4319040.943, 79
Trd, 4319043.193, 140
Trd, 4319044.443, 140
Trd, 4319045.293, 140
Trd, 4319045.543, 140
Trd, 4319045.693, 139
Trd, 4319046.893, 139
Trd, 4319047.093, 139
Trd, 4319048.493, 140
Trd, 4319049.043, 140
Trd, 4319049.543, 140
Trd, 4319049.993, 137
Trd, 4319050.243, 126
Trd, 4319052.093, 140
Trd, 4319052.243, 138
Trd, 4319052.643, 105
Trd, 4319053.643, 140
Trd, 4319053.693, 139
Trd, 4319054.343, 108
Trd, 4319054.743, 100
Trd, 4319055.143, 135
Trd, 4319056.693, 140
Trd, 4319058.793, 140
Trd, 4319059.543, 140
Trd, 4319060.993, 140
Trd, 4319061.043, 139
Trd, 4319061.093, 138
Trd, 4319062.393, 140
Trd, 4319063.293, 140
Trd, 4319064.343, 140
Trd, 4319064.593, 140
Trd, 4319064.793, 140
Trd, 4319065.093, 139
Trd, 4319065.243, 107
Trd, 4319066.593, 139
Trd, 4319066.693, 109
Trd, 4319067.393, 136
Trd, 4319068.593, 69
Trd, 4319068.843, 62
Trd, 4319068.993, 67
Trd, 4319070.043, 140
Trd, 4319071.993, 140
Trd, 4319072.243, 116
Trd, 4319073.143, 89
Trd, 4319073.293, 140
Trd, 4319073.793, 139
Trd, 4319074.893, 61
Trd, 4319075.093, 74
Trd, 4319075.193, 87
Trd, 4319076.143, 60
Trd, 4319076.543, 61
Trd, 4319078.243, 60
Trd, 4319079.343, 60
Trd, 4319079.443, 69
Trd, 4319080.793, 60
Trd, 4319081.943, 62
Trd, 4319081.993, 64
Trd, 4319082.143, 64
Trd, 4319082.443, 77
Trd, 4319082.543, 91
Trd, 4319083.743, 140
Trd, 4319084.543, 139
Trd, 4319086.193, 139
Trd, 4319086.493, 138
Trd, 4319087.543, 138
Trd, 4319087.593, 106
Trd, 4319088.093, 140
Trd, 4319089.443, 140
Trd, 4319090.393, 95
Trd, 4319091.243, 140
Trd, 4319091.543, 140
Trd, 4319092.943, 140
Trd, 4319093.293, 115
Trd, 4319093.393, 65
Trd, 4319094.543, 140
Trd, 4319096.043, 140
Trd, 4319096.393, 140
Trd, 4319096.543, 110
Trd, 4319097.293, 137
Trd, 4319097.943, 136
Trd, 4319098.393, 97
Trd, 4319098.943, 92
Trd, 4319099.943, 137
Trd, 4319100.693, 140
Trd, 4319100.893, 140
Trd, 4319100.943, 140
Trd, 4319102.543, 139
Trd, 4319102.693, 131
Trd, 4319102.993, 111
Trd, 4319103.893, 134
Trd, 4319103.993, 101
Trd, 4319104.543, 136
Trd, 4319104.993, 138
Trd, 4319105.493, 65
Trd, 4319106.293, 63
Trd, 4319106.643, 64
Trd, 4319108.093, 100
Trd, 4319109.193, 140
Trd, 4319109.293, 140
Trd, 4319109.593, 99
Trd, 4319110.343, 136
Trd, 4319110.593, 101
Trd, 4319111.443, 67
Trd, 4319113.143, 139
Trd, 4319113.443, 139
Trd, 4319113.693, 138
Trd, 4319114.643, 140
Trd, 4319116.443, 140
Trd, 4319116.693, 140
Trd, 4319117.093, 125
Trd, 4319118.143, 138
Trd, 4319118.293, 104
Trd, 4319118.343, 91
Trd, 4319119.493, 140
Trd, 4319121.243, 140
Trd, 4319121.593, 140
Trd, 4319121.943, 140
Trd, 4319121.993, 138
Trd, 4319122.193, 111
Trd, 4319123.243, 139
Trd, 4319123.493, 138
Trd, 4319124.793, 60
Trd, 4319124.843, 118
Trd, 4319126.493, 64
Trd, 4319126.843, 80
Trd, 4319127.543, 140
Trd, 4319128.143, 139
Trd, 4319128.693, 140
Trd, 4319129.043, 140
Trd, 4319129.293, 137
Trd, 4319129.593, 118
Trd, 4319130.593, 138
Trd, 4319131.493, 94
Trd, 4319133.043, 140
Trd, 4319133.893, 140
Trd, 4319134.043, 140
Trd, 4319135.043, 139
Trd, 4319135.643, 131
Trd, 4319136.343, 80
Trd, 4319137.843, 140
Trd, 4319138.443, 140
Trd, 4319138.843, 140
Trd, 4319139.343, 135
Trd, 4319139.393, 130
Trd, 4319139.743, 137
Trd, 4319140.043, 136
Trd, 4319140.293, 114
Trd, 4319141.493, 139
Trd, 4319141.793, 140
Trd, 4319142.893, 139
Trd, 4319143.793, 104
Trd, 4319143.843, 130
Trd, 4319145.143, 140
Trd, 4319146.043, 137
Trd, 4319146.243, 139
Trd, 4319147.343, 140
Trd, 4319147.843, 111
Trd, 4319148.693, 140
Trd, 4319148.843, 140
Trd, 4319149.443, 86
Trd, 4319149.643, 84
Trd, 4319150.643, 139
Trd, 4319151.393, 138
Trd, 4319152.543, 140
Trd, 4319152.743, 139
Trd, 4319153.593, 62
Trd, 4319155.193, 140
Trd, 4319155.943, 140
Trd, 4319156.693, 140
Trd, 4319157.493, 136
Trd, 4319158.693, 125
Trd, 4319159.143, 139
Trd, 4319159.193, 118
Trd, 4319159.393, 101
Trd, 4319159.893, 73
Trd, 4319160.893, 140
Trd, 4319161.743, 140
Trd, 4319161.893, 84
Trd, 4319162.793, 61
Trd, 4319162.893, 66
Trd, 4319164.593, 100
Trd, 4319164.743, 64
Trd, 4319166.043, 140
Trd, 4319167.893, 140
Trd, 4319167.943, 139
Trd, 4319168.043, 137
Trd, 4319168.293, 80
Trd, 4319170.643, 140
Trd, 4319170.693, 140
Trd, 4319171.793, 139
Trd, 4319171.943, 139
Trd, 4319172.743, 139
Trd, 4319173.493, 138
Trd, 4319173.643, 114
Trd, 4319174.443, 140
Trd, 4319175.593, 140
Trd, 4319175.843, 140
Trd, 4319177.443, 140
Trd, 4319178.693, 140
Trd, 4319178.943, 140
Trd, 4319179.243, 140
Trd, 4319179.943, 140
Trd, 4319180.443, 138
Trd, 4319180.643, 136
Trd, 4319181.043, 140
Trd, 4319181.493, 117
Trd, 4319182.193, 140
Trd, 4319183.743, 140
Trd, 4319184.443, 131
Trd, 4319184.543, 111
Trd, 4319185.643, 139
Trd, 4319185.793, 139
Trd, 4319187.693, 140
Trd, 4319188.593, 140
Trd, 4319189.743, 140
Trd, 4319190.093, 140
Trd, 4319190.393, 134
Trd, 4319191.243, 140
Trd, 4319191.893, 125
Trd, 4319192.393, 93
Trd, 4319192.493, 114
Trd, 4319194.193, 100
Trd, 4319194.493, 134
Trd, 4319194.743, 69
Trd, 4319195.343, 136
Trd, 4319196.193, 139
Trd, 4319196.393, 137
Trd, 4319196.543, 139
Trd, 4319197.293, 65
Trd, 4319197.843, 140
Trd, 4319199.743, 140
Trd, 4319200.543, 140
Trd, 4319200.893, 129
Trd, 4319201.093, 140
Trd, 4319201.693, 60
Trd, 4319203.193, 140
Trd, 4319203.243, 139
Trd, 4319203.493, 89
Trd, 4319204.393, 76
Trd, 4319205.943, 140
Trd, 4319206.443, 140
Trd, 4319206.943, 139
Trd, 4319207.193, 118
Trd, 4319207.993, 139
Trd, 4319208.393, 137
Trd, 4319208.643, 140
Trd, 4319209.243, 139
Trd, 4319209.493, 73
Trd, 4319211.143, 139
Trd, 4319211.243, 138
Trd, 4319211.543, 139
Trd, 4319212.043, 125
Trd, 4319213.843, 140
Trd, 4319213.943, 138
Trd, 4319214.343, 129
Trd, 4319215.243, 112
Trd, 4319215.943, 134
Trd, 4319216.593, 113
Trd, 4319217.393, 130
Trd, 4319218.543, 139
Trd, 4319218.993, 138
Trd, 4319219.193, 126
Trd, 4319219.743, 118
Trd, 4319220.043, 139
Trd, 4319221.993, 140
Trd, 4319222.093, 140
Trd, 4319223.193, 140
Trd, 4319223.693, 140
Trd, 4319224.243, 140
Trd, 4319225.893, 139
Trd, 4319226.093, 132
Trd, 4319226.243, 103
Trd, 4319227.693, 138
Trd, 4319227.943, 106
Trd, 4319228.043, 102
Trd, 4319228.243, 110
Trd, 4319228.993, 137
Trd, 4319229.193, 137
Trd, 4319230.243, 140
Trd, 4319231.293, 140
Trd, 4319231.893, 140
Trd, 4319233.393, 140
Trd, 4319233.493, 139
Trd, 4319233.693, 136
Trd, 4319233.743, 136
Trd, 4319234.943, 139
Trd, 4319235.143, 120
Trd, 4319237.393, 140
Trd, 4319237.743, 140
Trd, 4319237.843, 120
Trd, 4319237.893, 106
Trd, 4319240.443, 140
Trd, 4319240.593, 139
Trd, 4319240.993, 140
Trd, 4319241.193, 68
Trd, 4319241.543, 98
Trd, 4319243.643, 140
Trd, 4319243.693, 140
Trd, 4319244.293, 139
Trd, 4319244.593, 130
Trd, 4319245.193, 140
Trd, 4319245.393, 119
Trd, 4319246.893, 140
Trd, 4319247.243, 139
Trd, 4319247.693, 139
Trd, 4319249.343, 140
Trd, 4319249.493, 140
Trd, 4319251.793, 140
Trd, 4319252.843, 140
Trd, 4319253.243, 139
Trd, 4319254.993, 140
Trd, 4319255.193, 140
Trd, 4319255.893, 140
Trd, 4319256.043, 108
Trd, 4319256.193, 92
Trd, 4319257.193, 140
Trd, 4319258.493, 139
Trd, 4319259.343, 117
Trd, 4319260.593, 140
Trd, 4319261.093, 140
Trd, 4319261.193, 137
Trd, 4319261.493, 140
Trd, 4319261.943, 134
Trd, 4319263.743, 140
Trd, 4319263.993, 132
Trd, 4319264.543, 104
Trd, 4319265.493, 140
Trd, 4319266.093, 117
Trd, 4319267.993, 140
Trd, 4319268.043, 140
Trd, 4319268.143, 138
Trd, 4319269.043, 140
Trd, 4319269.543, 140
Trd, 4319269.993, 140
Trd, 4319271.843, 125
Trd, 4319271.943, 117
Trd, 4319272.243, 61
Trd, 4319272.693, 62
Trd, 4319273.343, 60
Trd, 4319273.443, 67
Trd, 4319274.293, 101
Trd, 4319274.593, 68
Trd, 4319276.493, 140
Trd, 4319276.743, 140
Trd, 4319276.843, 139
Trd, 4319277.143, 140
Trd, 4319278.143, 140
Trd, 4319279.593, 140
Trd, 4319280.493, 140
Trd, 4319280.693, 140
Trd, 4319280.793, 108
Trd, 4319281.093, 96
Trd, 4319282.243, 67
Trd, 4319282.343, 68
Trd, 4319282.993, 140
Trd, 4319284.393, 140
Trd, 4319284.693, 139
Trd, 4319286.193, 96
Trd, 4319286.643, 94
Trd, 4319286.743, 75
Trd, 4319287.243, 140
Trd, 4319287.293, 139
Trd, 4319288.793, 64
Trd, 4319288.893, 65
Trd, 4319289.593, 66
Trd, 4319290.943, 60
Trd, 4319291.243, 62
Trd, 4319291.693, 140
Trd, 4319292.843, 140
Trd, 4319293.793, 140
Trd, 4319296.293, 140
Trd, 4319296.343, 139
Trd, 4319297.243, 140
Trd, 4319297.593, 139
Trd, 4319297.643, 137
Trd, 4319298.493, 139
Trd, 4319299.993, 140
Trd, 4319300.543, 133
Trd, 4319302.643, 120
Trd, 4319302.943, 106
Trd, 4319303.793, 140
Trd, 4319304.443, 139
Trd, 4319305.593, 138
Trd, 4319306.093, 140
Trd, 4319306.743, 136
Trd, 4319306.943, 110
Trd, 4319307.343, 122
Trd, 4319309.643, 140
Trd, 4319309.843, 139
Trd, 4319309.993, 121
Trd, 4319311.143, 113
Trd, 4319311.793, 140
Trd, 4319311.843, 107
Trd, 4319312.743, 65
Trd, 4319313.093, 66
Trd, 4319313.193, 67
Trd, 4319314.593, 60
Trd, 4319314.793, 60
Trd, 4319315.243, 126
Trd, 4319316.893, 140
Trd, 4319317.093, 140
Trd, 4319317.893, 139
Trd, 4319319.443, 139
Trd, 4319319.793, 137
Trd, 4319320.743, 140
Trd, 4319321.643, 140
Trd, 4319321.743, 140
Trd, 4319322.443, 139
Trd, 4319322.843, 126
Trd, 4319324.343, 139
Trd, 4319324.793, 133
Trd, 4319325.993, 138
Trd, 4319326.043, 132
Trd, 4319326.493, 140
Trd, 4319327.193, 139
Trd, 4319328.043, 126
Trd, 4319328.493, 62
Trd, 4319328.843, 140
Trd, 4319330.193, 137
Trd, 4319330.993, 117
Trd, 4319331.243, 65
Trd, 4319332.193, 140
Trd, 4319333.593, 140
Trd, 4319333.793, 140
Trd, 4319334.693, 139
Trd, 4319336.193, 75
Trd, 4319337.043, 137
Trd, 4319337.143, 133
Trd, 4319337.893, 136
Trd, 4319337.943, 122
Trd, 4319338.643, 140
Trd, 4319339.743, 140
Trd, 4319339.943, 140
Trd, 4319340.693, 138
Trd, 4319341.643, 139
Trd, 4319342.443, 94
Trd, 4319342.693, 89
Trd, 4319343.043, 60
Trd, 4319344.343, 66
Trd, 4319344.543, 63
Trd, 4319346.193, 140
Trd, 4319346.493, 140
Trd, 4319347.143, 132
Trd, 4319347.743, 140
Trd, 4319348.143, 140
Trd, 4319349.243, 86
Trd, 4319349.593, 83
Trd, 4319349.793, 61
Trd, 4319350.743, 61
Trd, 4319350.793, 124
Trd, 4319351.293, 124
Trd, 4319352.793, 140
Trd, 4319353.543, 139
Trd, 4319353.643, 137
Trd, 4319353.943, 139
Trd, 4319355.093, 138
Trd, 4319355.443, 140
Trd, 4319356.293, 129
Trd, 4319356.843, 113
Trd, 4319357.493, 139
Trd, 4319358.343, 140
Trd, 4319358.743, 136
Trd, 4319359.943, 138
Trd, 4319360.043, 115
Trd, 4319361.193, 140
Trd, 4319361.943, 140
Trd, 4319362.343, 140
Trd, 4319362.743, 114
Trd, 4319364.893, 140
Trd, 4319365.093, 132
Trd, 4319365.193, 138
Trd, 4319366.743, 138
Trd, 4319366.793, 134
Trd, 4319367.193, 118
Trd, 4319367.543, 140
Trd, 4319368.793, 138
Trd, 4319368.943, 84
Trd, 4319369.843, 60
Trd, 4319370.393, 63
Trd, 4319371.093, 60
Trd, 4319371.543, 85
Trd, 4319373.093, 140
Trd, 4319373.393, 140
Trd, 4319373.443, 138
Trd, 4319373.843, 140
Trd, 4319373.993, 140
Trd, 4319374.093, 110
Trd, 4319375.243, 136
Trd, 4319376.843, 140
Trd, 4319377.143, 138
Trd, 4319377.943, 97
Trd, 4319377.993, 96
Trd, 4319378.543, 111
Trd, 4319378.943, 113
Trd, 4319379.543, 115
Trd, 4319379.743, 92
Trd, 4319381.093, 140
Trd, 4319381.943, 137
Trd, 4319382.343, 139
Trd, 4319382.843, 140
Trd, 4319383.743, 127
Trd, 4319383.993, 140
Trd, 4319384.293, 116
Trd, 4319385.743, 140
Trd, 4319386.043, 96
Trd, 4319387.493, 140
Trd, 4319387.543, 140
Trd, 4319388.443, 140
Trd, 4319388.493, 137
Trd, 4319388.793, 114
Trd, 4319389.393, 63
Trd, 4319391.343, 140
Trd, 4319391.893, 140
Trd, 4319392.243, 140
Trd, 4319392.343, 112
Trd, 4319392.993, 139
Trd, 4319393.043, 107
Trd, 4319393.743, 140
Trd, 4319395.393, 140
Trd, 4319396.043, 134
Trd, 4319397.643, 140
Trd, 4319398.793, 140
Trd, 4319400.593, 140
Trd, 4319401.743, 140
Trd, 4319401.793, 139
Trd, 4319401.893, 137
Trd, 4319402.243, 136
Trd, 4319402.943, 125
Trd, 4319403.143, 103
Trd, 4319403.843, 137
Trd, 4319404.943, 139
Trd, 4319405.643, 138
Trd, 4319407.193, 140
Trd, 4319407.443, 98
Trd, 4319409.043, 140
Trd, 4319409.843, 140
Trd, 4319410.493, 140
Trd, 4319411.443, 140
Trd, 4319411.543, 139
Trd, 4319411.893, 140
Trd, 4319412.443, 106
Trd, 4319413.243, 63
Trd, 4319414.543, 61
Trd, 4319414.843, 62
Trd, 4319415.043, 68
Trd, 4319415.643, 64
Trd, 4319415.943, 65
Trd, 4319416.243, 63
Trd, 4319417.843, 60
Trd, 4319418.043, 63
Trd, 4319418.593, 69
Trd, 4319420.343, 132
Trd, 4319420.743, 116
Trd, 4319421.243, 63
Trd, 4319422.093, 139
Trd, 4319422.393, 102
Trd, 4319422.793, 92
Trd, 4319423.443, 140
Trd, 4319424.343, 120
Trd, 4319424.843, 99
Trd, 4319425.143, 134
Trd, 4319425.243, 133
Trd, 4319425.393, 135
Trd, 4319427.543, 140
Trd, 4319428.443, 140
Trd, 4319428.643, 139
Trd, 4319428.893, 112
Trd, 4319429.593, 139
Trd, 4319430.143, 96
Trd, 4319430.793, 95
Trd, 4319431.143, 62
Trd, 4319431.693, 117
Trd, 4319433.893, 140
Trd, 4319434.593, 138
Trd, 4319435.293, 139
Trd, 4319435.443, 139
Trd, 4319435.493, 106
Trd, 4319436.143, 110
Trd, 4319438.093, 140
Trd, 4319438.443, 138
Trd, 4319438.643, 140
Trd, 4319439.093, 138
Trd, 4319439.343, 109
Trd, 4319440.443, 97
Trd, 4319440.693, 107
Trd, 4319442.793, 60
Trd, 4319442.843, 62
Trd, 4319443.443, 60
Trd, 4319443.793, 63
Trd, 4319446.093, 60
Trd, 4319446.193, 60
Trd, 4319447.693, 139
Trd, 4319448.293, 140
Trd, 4319448.393, 134
Trd, 4319448.843, 111
Trd, 4319449.893, 140
Trd, 4319449.993, 140
Trd, 4319451.393, 138
Trd, 4319451.493, 93
Trd, 4319451.693, 126
Trd, 4319452.743, 80
Trd, 4319452.993, 71
Trd, 4319453.543, 140
Trd, 4319455.393, 140
Trd, 4319455.643, 139
Trd, 4319456.343, 140
Trd, 4319456.843, 140
Trd, 4319457.993, 140
Trd, 4319458.143, 124
Trd, 4319460.193, 139
Trd, 4319460.443, 139
Trd, 4319461.743, 138
Trd, 4319461.943, 118
Trd, 4319462.393, 75
Trd, 4319462.793, 137
Trd, 4319463.543, 140
Trd, 4319463.893, 101
Trd, 4319465.043, 117
Trd, 4319465.243, 131
Trd, 4319465.643, 139
Trd, 4319465.943, 117
Trd, 4319466.593, 64
Trd, 4319466.893, 139
Trd, 4319467.143, 90
Trd, 4319468.243, 60
Trd, 4319468.893, 67
Trd, 4319469.743, 60
Trd, 4319470.093, 61
Trd, 4319470.343, 66
Trd, 4319470.943, 65
Trd, 4319473.343, 139
Trd, 4319473.743, 95
Trd, 4319473.893, 90
Trd, 4319473.993, 62
Trd, 4319474.743, 90
Trd, 4319475.543, 139
Trd, 4319476.293, 139
Trd, 4319476.543, 138
Trd, 4319476.893, 76
Trd, 4319478.843, 140
Trd, 4319478.893, 140
Trd, 4319479.193, 94
Trd, 4319479.443, 107
Trd, 4319480.293, 140
Trd, 4319480.643, 106
Trd, 4319481.443, 132
Trd, 4319483.043, 61
Trd, 4319483.193, 61
Trd, 4319483.493, 67
Trd, 4319484.343, 77
Trd, 4319484.393, 78
Trd, 4319485.143, 140
Trd, 4319485.843, 137
Trd, 4319486.343, 134
Trd, 4319487.393, 133
Trd, 4319488.293, 140
Trd, 4319488.893, 118
Trd, 4319490.043, 140
Trd, 4319490.293, 140
Trd, 4319490.843, 106
Trd, 4319491.543, 140
Trd, 4319493.143, 140
Trd, 4319493.793, 140
Trd, 4319494.293, 140
Trd, 4319494.393, 135
Trd, 4319494.843, 104
Trd, 4319495.443, 138
Trd, 4319495.843, 135
Trd, 4319496.493, 114
Trd, 4319496.843, 138
Trd, 4319497.543, 139
Trd, 4319499.193, 138
Trd, 4319499.693, 140
Trd, 4319499.743, 107
Trd, 4319499.843, 86
Trd, 4319500.243, 101
Trd, 4319501.593, 63
Trd, 4319501.943, 64
Trd, 4319502.593, 124
Trd, 4319503.093, 140
Trd, 4319504.443, 140
Trd, 4319504.493, 140
Trd, 4319506.343, 133
Trd, 4319507.343, 140
Trd, 4319508.043, 132
Trd, 4319508.293, 124
Trd, 4319509.043, 140
Trd, 4319509.893, 140
Trd, 4319510.043, 140
Trd, 4319510.493, 133
Trd, 4319511.193, 139
Trd, 4319511.243, 114
Trd, 4319511.893, 77
Trd, 4319512.643, 138
Trd, 4319513.843, 140
Trd, 4319514.293, 138
Trd, 4319514.893, 140
Trd, 4319515.643, 95
Trd, 4319516.943, 140
Trd, 4319517.243, 122
Trd, 4319517.443, 130
Trd, 4319519.643, 140
Trd, 4319520.443, 140
Trd, 4319521.243, 140
Trd, 4319521.593, 140
Trd, 4319523.493, 140
Trd, 4319524.543, 140
Trd, 4319524.593, 138
Trd, 4319524.893, 132
Trd, 4319527.293, 140
Trd, 4319527.393, 140
Trd, 4319527.543, 140
Trd, 4319527.643, 120
Trd, 4319528.743, 137
Trd, 4319529.243, 110
Trd, 4319529.993, 140
Trd, 4319530.193, 118
Trd, 4319531.643, 83
Trd, 4319531.893, 139
Trd, 4319533.443, 138
Trd, 4319534.093, 140
Trd, 4319534.493, 137
Trd, 4319534.693, 137
Trd, 4319534.893, 111
Trd, 4319535.643, 109
Trd, 4319535.943, 63
Trd, 4319537.793, 62
Trd, 4319538.293, 68
Trd, 4319538.843, 69
Trd, 4319539.543, 61
Trd, 4319540.943, 64
Trd, 4319541.693, 82
Trd, 4319542.293, 60
Trd, 4319542.693, 85
Trd, 4319543.193, 69
Trd, 4319543.593, 140
Trd, 4319544.093, 140
Trd, 4319544.243, 116
Trd, 4319546.243, 140
Trd, 4319546.493, 139
Trd, 4319547.593, 140
Trd, 4319548.443, 140
Trd, 4319548.893, 139
Trd, 4319549.093, 136
Trd, 4319549.743, 95
Trd, 4319550.043, 90
Trd, 4319550.543, 83
Trd, 4319551.593, 140
Trd, 4319551.693, 140
Trd, 4319552.243, 139
Trd, 4319552.743, 139
Trd, 4319552.893, 137
Trd, 4319553.793, 94
Trd, 4319554.543, 92
Trd, 4319555.993, 138
Trd, 4319556.843, 140
Trd, 4319557.293, 140
Trd, 4319558.293, 136
Trd, 4319559.943, 140
Trd, 4319560.193, 140
Trd, 4319560.393, 139
Trd, 4319561.843, 139
Trd, 4319562.043, 130
Trd, 4319562.493, 138
Trd, 4319563.443, 140
Trd, 4319563.893, 107
Trd, 4319565.543, 140
Trd, 4319565.993, 139
Trd, 4319566.593, 89
Trd, 4319567.493, 140
Trd, 4319567.543, 138
Trd, 4319568.493, 140
Trd, 4319569.843, 140
Trd, 4319569.893, 140
Trd, 4319570.443, 119
Trd, 4319571.293, 140
Trd, 4319571.493, 105
Trd, 4319571.943, 140
Trd, 4319572.593, 102
Trd, 4319573.543, 88
Trd, 4319573.943, 100
Trd, 4319574.093, 99
Trd, 4319575.243, 140
Trd, 4319576.393, 140
Trd, 4319576.793, 139
Trd, 4319577.793, 140
Trd, 4319578.943, 139
Trd, 4319578.993, 138
Trd, 4319581.993, 140
Trd, 4319583.193, 140
Trd, 4319583.443, 140
Trd, 4319583.593, 140
Trd, 4319584.293, 140
Trd, 4319585.293, 140
Trd, 4319585.743, 136
Trd, 4319586.293, 113
Trd, 4319586.993, 140
Trd, 4319588.243, 139
Trd, 4319589.093, 139
Trd, 4319589.493, 133
Trd, 4319589.693, 139
Trd, 4319590.643, 123
Trd, 4319590.793, 105
Trd, 4319591.243, 132
Trd, 4319591.943, 95
Trd, 4319592.893, 140
Trd, 4319593.943, 139
Trd, 4319594.093, 111
Trd, 4319595.493, 138
Trd, 4319596.343, 138
Trd, 4319596.743, 139
Trd, 4319596.943, 140
Trd, 4319597.793, 140
Trd, 4319599.143, 140
Trd, 4319599.593, 139
Trd, 4319600.243, 140
Trd, 4319600.443, 133
Trd, 4319601.193, 118
Trd, 4319601.543, 117
Trd, 4319601.793, 94
Trd, 4319602.643, 81
Trd, 4319603.243, 138
Trd, 4319603.993, 140
Trd, 4319604.193, 138
Trd, 4319606.943, 139
Trd, 4319607.093, 132
Trd, 4319607.143, 131
Trd, 4319607.593, 111
Trd, 4319607.643, 108
Trd, 4319607.693, 127
Trd, 4319608.343, 62
Trd, 4319609.043, 60
Trd, 4319609.643, 63
Trd, 4319611.393, 60
Trd, 4319611.543, 70
Trd, 4319611.593, 74
Trd, 4319612.893, 140
Trd, 4319613.143, 119
Trd, 4319613.343, 68
Trd, 4319614.143, 65
Trd, 4319615.343, 65
Trd, 4319616.593, 140
Trd, 4319617.493, 140
Trd, 4319617.843, 140
Trd, 4319618.443, 140
Trd, 4319618.893, 140
Trd, 4319619.093, 140
Trd, 4319620.343, 132
Trd, 4319620.943, 110
Trd, 4319622.093, 138
Trd, 4319622.393, 140
Trd, 4319623.243, 111
Trd, 4319624.143, 139
Trd, 4319624.193, 135
Trd, 4319625.593, 140
Trd, 4319626.793, 140
Trd, 4319628.593, 140
Trd, 4319629.643, 140
Trd, 4319629.743, 140
Trd, 4319630.143, 131
Trd, 4319630.493, 139
Trd, 4319630.993, 140
Trd, 4319632.243, 140
Trd, 4319632.493, 139
Trd, 4319634.093, 140
Trd, 4319634.293, 140
Trd, 4319634.643, 99
Trd, 4319636.143, 101
Trd, 4319636.493, 140
Trd, 4319636.793, 93
Trd, 4319637.943, 140
Trd, 4319638.293, 140
Trd, 4319638.843, 105
Trd, 4319639.193, 70
Trd, 4319639.443, 137
Trd, 4319639.693, 130
Trd, 4319640.643, 140
Trd, 4319641.943, 140
Trd, 4319642.193, 140
Trd, 4319643.393, 139
Trd, 4319644.693, 129
Trd, 4319644.743, 134
Trd, 4319644.843, 122
Trd, 4319645.043, 137
Trd, 4319645.643, 100
Trd, 4319646.593, 140
Trd, 4319647.293, 64
Trd, 4319648.093, 62
Trd, 4319648.393, 63
Trd, 4319648.843, 65
Trd, 4319649.893, 136
Trd, 4319649.943, 122
Trd, 4319650.643, 64
Trd, 4319651.843, 140
Trd, 4319652.043, 140
Trd, 4319652.393, 137
Trd, 4319652.693, 94
Trd, 4319654.943, 139
Trd, 4319655.343, 137
Trd, 4319655.943, 140
Trd, 4319657.243, 140
Trd, 4319658.043, 140
Trd, 4319658.843, 140
Trd, 4319659.993, 140
Trd, 4319660.043, 140
Trd, 4319661.193, 113
Trd, 4319661.593, 94
Trd, 4319662.643, 136
Trd, 4319662.943, 62
Trd, 4319663.543, 138
Trd, 4319664.143, 99
Trd, 4319664.643, 62
Trd, 4319665.893, 140
Trd, 4319665.993, 140
Trd, 4319666.193, 119
Trd, 4319666.893, 65
Trd, 4319667.293, 140
Trd, 4319668.043, 140
Trd, 4319668.093, 138
Trd, 4319669.143, 108
Trd, 4319669.693, 72
Trd, 4319670.493, 60
Trd, 4319671.243, 60
Trd, 4319671.443, 63
Trd, 4319672.793, 64
Trd, 4319672.943, 65
Trd, 4319673.193, 67
Trd, 4319673.693, 60
Trd, 4319674.343, 60
Trd, 4319674.943, 139
Trd, 4319675.843, 140
Trd, 4319678.193, 140
Trd, 4319678.293, 140
Trd, 4319678.343, 139
Trd, 4319678.393, 138
Trd, 4319679.693, 101
Trd, 4319679.743, 98
Trd, 4319679.793, 93
Trd, 4319680.243, 70
Trd, 4319681.893, 139
Trd, 4319683.043, 137
Trd, 4319683.293, 140
Trd, 4319684.043, 139
Trd, 4319684.393, 139
Trd, 4319684.843, 140
Trd, 4319685.893, 140
Trd, 4319686.493, 136
Trd, 4319687.243, 140
Trd, 4319687.993, 139
Trd, 4319688.043, 116
Trd, 4319689.093, 103
Trd, 4319689.993, 140
Trd, 4319690.943, 139
Trd, 4319691.193, 139
Trd, 4319691.293, 138
Trd, 4319691.693, 108
Trd, 4319692.943, 140
Trd, 4319694.243, 140
Trd, 4319694.543, 140
Trd, 4319694.643, 111
Trd, 4319694.893, 89
Trd, 4319696.093, 94
Trd, 4319697.393, 140
Trd, 4319697.843, 140
Trd, 4319699.043, 139
Trd, 4319699.293, 137
Trd, 4319700.593, 140
Trd, 4319700.893, 140
Trd, 4319701.043, 112
Trd, 4319702.893, 60
Trd, 4319703.343, 60
Trd, 4319703.943, 63
Trd, 4319704.293, 60
Trd, 4319705.593, 60
Trd, 4319705.993, 62
Trd, 4319706.693, 139
Trd, 4319707.443, 105
Trd, 4319708.293, 65
Trd, 4319708.893, 136
Trd, 4319709.743, 140
Trd, 4319710.243, 140
Trd, 4319711.043, 108
Trd, 4319712.443, 139
Trd, 4319712.993, 137
Trd, 4319713.143, 137
Trd, 4319713.493, 137
Trd, 4319713.943, 107
Trd, 4319715.493, 67
Trd, 4319715.793, 82
Trd, 4319716.243, 85
Trd, 4319716.943, 63
Trd, 4319717.493, 77
Trd, 4319718.843, 73
Trd, 4319719.193, 62
Trd, 4319719.493, 70
Trd, 4319720.593, 140
Trd, 4319721.243, 140
Trd, 4319721.793, 109
Trd, 4319723.043, 140
Trd, 4319723.393, 138
Trd, 4319724.393, 139
Trd, 4319724.593, 138
Trd, 4319725.693, 139
Trd, 4319725.793, 107
Trd, 4319726.693, 140
Trd, 4319727.343, 134
Trd, 4319728.193, 139
Trd, 4319728.393, 119
Trd, 4319729.293, 127
Trd, 4319729.793, 128
Trd, 4319730.593, 140
Trd, 4319730.643, 139
Trd, 4319731.843, 135
Trd, 4319731.993, 136
Trd, 4319732.393, 137
Trd, 4319732.543, 125
Trd, 4319733.093, 107
Trd, 4319733.393, 86
Trd, 4319734.893, 76
Trd, 4319735.793, 140
Trd, 4319736.743, 140
Trd, 4319737.043, 137
Trd, 4319737.343, 139
Trd, 4319738.193, 140
Trd, 4319738.343, 140
Trd, 4319739.093, 140
Trd, 4319740.343, 140
Trd, 4319740.443, 125
Trd, 4319742.493, 136
Trd, 4319742.643, 128
Trd, 4319743.043, 127
Trd, 4319743.293, 119
Trd, 4319743.643, 130
Trd, 4319744.043, 118
Trd, 4319744.593, 63
Trd, 4319745.593, 60
Trd, 4319745.643, 62
Trd, 4319745.993, 61
Trd, 4319746.193, 70
Trd, 4319748.193, 61
Trd, 4319748.643, 85
Trd, 4319749.693, 60
Trd, 4319749.893, 60
Trd, 4319749.943, 60
Trd, 4319751.143, 92
Trd, 4319752.793, 135
Trd, 4319753.443, 139
Trd, 4319754.743, 140
Trd, 4319754.993, 138
Trd, 4319755.543, 137
Trd, 4319755.643, 124
Trd, 4319756.093, 106
Trd, 4319756.293, 89
Trd, 4319756.593, 131
Trd, 4319757.693, 140
Trd, 4319758.143, 140
Trd, 4319759.993, 140
Trd, 4319760.143, 138
Trd, 4319760.193, 132
Trd, 4319760.943, 115
Trd, 4319761.843, 137
Trd, 4319762.343, 93
Trd, 4319762.443, 90
Trd, 4319762.843, 136
Trd, 4319763.243, 85
Trd, 4319765.143, 140
Trd, 4319765.343, 135
Trd, 4319765.993, 137
Trd, 4319766.693, 66
Trd, 4319766.793, 61
Trd, 4319769.143, 140
Trd, 4319769.943, 139
Trd, 4319770.793, 140
Trd, 4319771.093, 140
Trd, 4319771.243, 138
Trd, 4319771.443, 138
Trd, 4319771.743, 115
Trd, 4319772.993, 90
Trd, 4319774.193, 140
Trd, 4319774.743, 139
Trd, 4319775.893, 140
Trd, 4319776.143, 138
Trd, 4319776.593, 133
Trd, 4319776.993, 116
Trd, 4319777.893, 139
Trd, 4319780.043, 140
Trd, 4319780.193, 135
Trd, 4319780.893, 121
Trd, 4319780.993, 140
Trd, 4319782.543, 140
Trd, 4319782.743, 125
Trd, 4319782.893, 87
Trd, 4319783.693, 135
Trd, 4319784.143, 139
Trd, 4319784.843, 139
Trd, 4319785.443, 82
Trd, 4319785.743, 95
Trd, 4319786.593, 130
Trd, 4319787.343, 134
Trd, 4319787.593, 140
Trd, 4319787.843, 134
Trd, 4319787.943, 80
Trd, 4319788.893, 115
Trd, 4319789.143, 96
Trd, 4319789.843, 62
Trd, 4319790.493, 60
Trd, 4319791.843, 140
Trd, 4319793.593, 140
Trd, 4319793.793, 140
Trd, 4319793.843, 139
Trd, 4319794.693, 114
Trd, 4319795.093, 138
Trd, 4319796.243, 139
Trd, 4319796.393, 136
Trd, 4319796.993, 60
Trd, 4319797.743, 60
Trd, 4319799.243, 60
Trd, 4319799.543, 61
Trd, 4319799.693, 64
Trd, 4319799.993, 65
Trd, 4319800.493, 103
Trd, 4319801.643, 61
Trd, 4319801.993, 60
Trd, 4319802.393, 60
Trd, 4319802.743, 70
Trd, 4319803.243, 60
Trd, 4319803.443, 113
Trd, 4319805.943, 61
Trd, 4319807.393, 64
Trd, 4319808.143, 60
Trd, 4319808.293, 62
Trd, 4319808.643, 60
Trd, 4319809.343, 64
Trd, 4319809.993, 70
Trd, 4319810.393, 139
Trd, 4319810.893, 138
Trd, 4319812.243, 126
Trd, 4319813.393, 129
Trd, 4319815.393, 140
Trd, 4319815.593, 140
Trd, 4319815.743, 140
Trd, 4319816.293, 140
Trd, 4319816.893, 140
Trd, 4319817.843, 140
Trd, 4319818.143, 140
Trd, 4319819.193, 140
Trd, 4319819.543, 128
Trd, 4319820.693, 140
Trd, 4319821.293, 140
Trd, 4319822.043, 140
Trd, 4319822.293, 139
Trd, 4319823.143, 139
Trd, 4319823.243, 112
Trd, 4319823.893, 139
Trd, 4319824.593, 140
Trd, 4319825.143, 138
Trd, 4319825.443, 113
Trd, 4319825.743, 96
Trd, 4319825.893, 95
Trd, 4319827.993, 140
Trd, 4319828.543, 140
Trd, 4319829.693, 138
Trd, 4319830.443, 139
Trd, 4319831.693, 135
Trd, 4319831.793, 136
Trd, 4319832.793, 139
Trd, 4319832.943, 140
Trd, 4319832.993, 138
Trd, 4319833.193, 105
Trd, 4319834.243, 125
Trd, 4319835.943, 140
Trd, 4319836.793, 139
Trd, 4319837.043, 109
Trd, 4319838.943, 139
Trd, 4319839.693, 138
Trd, 4319840.143, 140
Trd, 4319841.593, 139
Trd, 4319841.743, 120
Trd, 4319841.893, 137
Trd, 4319842.343, 139
Trd, 4319842.693, 99
Trd, 4319843.443, 110
Trd, 4319843.743, 131
Trd, 4319844.443, 61
Trd, 4319844.893, 140
Trd, 4319845.893, 139
Trd, 4319846.393, 140
Trd, 4319846.643, 140
Trd, 4319848.293, 139
Trd, 4319848.893, 140
Trd, 4319849.593, 140
Trd, 4319849.793, 124
Trd, 4319850.843, 134
Trd, 4319851.443, 84
Trd, 4319852.093, 61
Trd, 4319852.443, 139
Trd, 4319853.493, 140
Trd, 4319854.143, 98
Trd, 4319854.993, 60
Trd, 4319855.393, 63
Trd, 4319856.943, 137
Trd, 4319857.193, 140
Trd, 4319857.843, 116
Trd, 4319858.093, 115
Trd, 4319858.143, 108
Trd, 4319859.843, 140
Trd, 4319860.243, 140
Trd, 4319861.343, 138
Trd, 4319861.643, 121
Trd, 4319862.093, 67
Trd, 4319862.743, 89
Trd, 4319862.893, 127
Trd, 4319863.893, 140
Trd, 4319864.193, 139
Trd, 4319864.643, 138
Trd, 4319864.893, 62
Trd, 4319866.093, 62
Trd, 4319866.193, 64
Trd, 4319866.643, 77
Trd, 4319867.543, 137
Trd, 4319867.743, 66
Trd, 4319868.443, 60
Trd, 4319868.893, 79
Trd, 4319869.343, 139
Trd, 4319870.493, 67
Trd, 4319871.493, 129
Trd, 4319871.693, 63
Trd, 4319872.493, 140
Trd, 4319872.643, 139
Trd, 4319874.343, 64
Trd, 4319874.843, 136
Trd, 4319874.943, 63
Trd, 4319876.243, 130
Trd, 4319876.743, 65
Trd, 4319877.743, 60
Trd, 4319878.143, 65
Trd, 4319878.693, 139
Trd, 4319879.593, 77
Trd, 4319880.243, 61
Trd, 4319881.143, 62
Trd, 4319881.393, 60
Trd, 4319881.743, 90
Trd, 4319881.993, 136
Trd, 4319882.543, 82
Trd, 4319883.993, 138
Trd, 4319884.593, 80
Trd, 4319885.193, 61
Trd, 4319886.093, 69
Trd, 4319886.293, 70
Trd, 4319886.643, 63
Trd, 4319886.843, 66
Trd, 4319886.943, 97
Trd, 4319888.593, 139
Trd, 4319889.293, 117
Trd, 4319889.443, 82
Trd, 4319889.643, 87
Trd, 4319890.443, 138
Trd, 4319891.043, 138
Trd, 4319892.143, 140
Trd, 4319892.243, 140
Trd, 4319892.743, 138
Trd, 4319893.593, 61
Trd, 4319894.143, 67
Trd, 4319895.493, 61
Trd, 4319895.893, 60
Trd, 4319896.243, 63
Trd, 4319896.843, 64
Trd, 4319897.743, 69
Trd, 4319897.843, 63
Trd, 4319898.193, 125
Trd, 4319899.143, 139
Trd, 4319900.943, 139
Trd, 4319901.893, 137
Trd, 4319902.993, 140
Trd, 4319903.293, 139
Trd, 4319903.593, 134
Trd, 4319904.243, 139
Trd, 4319904.543, 140
Trd, 4319904.643, 134
Trd, 4319905.593, 105
Trd, 4319906.943, 138
Trd, 4319907.093, 137
Trd, 4319908.143, 119
Trd, 4319908.343, 116
Trd, 4319908.793, 103
Trd, 4319909.893, 117
Trd, 4319910.643, 67
Trd, 4319912.143, 69
Trd, 4319912.843, 140
Trd, 4319912.993, 140
Trd, 4319913.543, 100
Trd, 4319914.943, 139
Trd, 4319915.793, 109
Trd, 4319915.943, 140
Trd, 4319917.343, 135
Trd, 4319917.793, 138
Trd, 4319918.293, 88
Trd, 4319919.043, 140
Trd, 4319919.493, 120
Trd, 4319920.043, 60
Trd, 4319920.243, 71
Trd, 4319920.993, 68
Trd, 4319921.293, 80
Trd, 4319921.793, 67
Trd, 4319922.143, 60
Trd, 4319922.193, 67
Trd, 4319923.743, 140
Trd, 4319923.843, 138
Trd, 4319924.993, 140
Trd, 4319925.093, 140
Trd, 4319927.093, 140
Trd, 4319928.643, 140
Trd, 4319929.043, 140
Trd, 4319929.393, 140
Trd, 4319929.493, 139
Trd, 4319930.543, 139
Trd, 4319930.993, 140
Trd, 4319931.743, 140
Trd, 4319931.943, 139
Trd, 4319932.743, 140
Trd, 4319933.293, 131
Trd, 4319934.593, 140
Trd, 4319935.543, 140
Trd, 4319936.043, 140
Trd, 4319936.493, 123
Trd, 4319936.893, 111
Trd, 4319937.143, 99
Trd, 4319937.243, 77
Trd, 4319937.943, 136
Trd, 4319938.193, 127
Trd, 4319940.143, 140
Trd, 4319941.193, 140
Trd, 4319942.043, 140
Trd, 4319942.293, 140
Trd, 4319942.443, 140
Trd, 4319942.693, 118
Trd, 4319943.143, 140
Trd, 4319944.343, 139
Trd, 4319944.793, 140
Trd, 4319945.143, 101
Trd, 4319946.693, 139
Trd, 4319946.793, 127
Trd, 4319946.893, 103
Trd, 4319948.443, 66
Trd, 4319948.693, 138
Trd, 4319948.893, 100
Trd, 4319949.143, 60
Trd, 4319950.043, 139
Trd, 4319951.193, 140
Trd, 4319951.743, 140
Trd, 4319952.193, 139
Trd, 4319952.343, 112
Trd, 4319953.743, 140
Trd, 4319956.493, 140
Trd, 4319957.293, 140
Trd, 4319957.543, 140
Trd, 4319958.093, 140
Trd, 4319959.393, 134
Trd, 4319959.843, 139
Trd, 4319959.893, 109
Trd, 4319960.593, 137
Trd, 4319961.343, 108
Trd, 4319961.793, 139
Trd, 4319962.993, 140
Trd, 4319964.893, 140
Trd, 4319965.743, 138
Trd, 4319966.443, 140
Trd, 4319966.793, 140
Trd, 4319966.843, 139
Trd, 4319967.743, 140
Trd, 4319969.843, 138
Trd, 4319971.743, 140
Trd, 4319971.843, 139
Trd, 4319972.693, 140
Trd, 4319973.493, 140
Trd, 4319973.793, 135
Trd, 4319973.843, 133
Trd, 4319975.843, 139
Trd, 4319976.493, 100
Trd, 4319976.843, 140
Trd, 4319976.943, 108
Trd, 4319978.793, 101
Trd, 4319979.643, 140
Trd, 4319979.693, 79
Trd, 4319981.043, 96
Trd, 4319981.293, 95
Trd, 4319981.843, 88
Trd, 4319982.093, 131
Trd, 4319982.293, 140
Trd, 4319982.843, 85
Trd, 4319984.193, 140
Trd, 4319984.843, 140
Trd, 4319985.193, 140
Trd, 4319985.893, 138
Trd, 4319987.393, 140
Trd, 4319988.043, 139
Trd, 4319988.393, 129
Trd, 4319988.443, 120
Trd, 4319988.543, 114
Trd, 4319989.693, 100
Trd, 4319989.893, 117
Trd, 4319991.393, 62
Trd, 4319992.243, 60
Trd, 4319992.693, 60
Trd, 4319993.193, 109
Trd, 4319993.993, 103
Trd, 4319994.143, 65
Trd, 4319995.243, 71
Trd, 4319995.643, 64
Trd, 4319996.043, 68
Trd, 4319996.593, 61
Trd, 4319997.693, 61
Trd, 4319999.293, 60
Trd, 4319999.843, 60
