Trd, 4318143.093, 140
Trd, 4318144.193, 140
Trd, 4318144.393, 140
Trd, 4318144.643, 140
Trd, 4318144.693, 140
Trd, 4318146.843, 140
Trd, 4318147.343, 140
Trd, 4318147.443, 139
Trd, 4318147.843, 137
Trd, 4318149.243, 60
Trd, 4318149.343, 61
Trd, 4318149.493, 65
Trd, 4318149.843, 77
Trd, 4318149.993, 61
Trd, 4318150.643, 139
Trd, 4318151.343, 114
Trd, 4318151.543, 139
Trd, 4318152.943, 140
Trd, 4318152.993, 140
Trd, 4318153.493, 140
Trd, 4318155.143, 140
Trd, 4318156.643, 140
Trd, 4318157.893, 140
Trd, 4318158.793, 140
Trd, 4318159.443, 140
Trd, 4318160.243, 140
Trd, 4318162.193, 140
Trd, 4318162.393, 140
Trd, 4318162.493, 139
Trd, 4318162.693, 139
Trd, 4318163.293, 139
Trd, 4318163.593, 139
Trd, 4318163.693, 138
Trd, 4318164.343, 140
Trd, 4318164.743, 140
Trd, 4318165.593, 139
Trd, 4318165.843, 139
Trd, 4318168.143, 140
Trd, 4318168.293, 140
Trd, 4318168.793, 140
Trd, 4318169.543, 140
Trd, 4318169.593, 139
Trd, 4318169.843, 123
Trd, 4318170.843, 140
Trd, 4318171.743, 140
Trd, 4318171.893, 140
Trd, 4318172.843, 140
Trd, 4318173.193, 140
Trd, 4318173.443, 140
Trd, 4318173.893, 140
Trd, 4318174.943, 140
Trd, 4318175.843, 140
Trd, 4318175.893, 138
Trd, 4318176.743, 140
Trd, 4318177.393, 140
Trd, 4318178.343, 140
Trd, 4318179.943, 140
Trd, 4318180.043, 140
Trd, 4318180.093, 137
Trd, 4318182.043, 140
Trd, 4318182.793, 140
Trd, 4318183.793, 140
Trd, 4318183.943, 140
Trd, 4318184.293, 140
Trd, 4318184.943, 139
Trd, 4318184.993, 139
Trd, 4318185.193, 138
Trd, 4318186.693, 140
Trd, 4318187.593, 140
Trd, 4318187.643, 139
Trd, 4318187.843, 139
Trd, 4318188.043, 140
Trd, 4318189.843, 140
Trd, 4318190.193, 139
Trd, 4318191.643, 140
Trd, 4318192.443, 139
Trd, 4318192.943, 138
Trd, 4318193.243, 140
Trd, 4318194.143, 140
Trd, 4318195.343, 140
Trd, 4318195.593, 140
Trd, 4318195.893, 140
Trd, 4318195.943, 140
Trd, 4318197.943, 140
Trd, 4318198.393, 140
Trd, 4318198.543, 139
Trd, 4318199.793, 140
Trd, 4318201.093, 140
Trd, 4318201.343, 140
Trd, 4318201.443, 140
Trd, 4318202.093, 140
Trd, 4318203.193, 140
Trd, 4318204.293, 140
Trd, 4318206.093, 140
Trd, 4318206.443, 139
Trd, 4318207.043, 139
Trd, 4318207.343, 140
Trd, 4318207.893, 140
Trd, 4318208.693, 140
Trd, 4318209.693, 140
Trd, 4318210.743, 140
Trd, 4318210.893, 139
Trd, 4318211.093, 137
Trd, 4318212.243, 140
Trd, 4318212.443, 139
Trd, 4318214.693, 140
Trd, 4318214.843, 140
Trd, 4318215.543, 140
Trd, 4318215.693, 140
Trd, 4318217.393, 140
Trd, 4318218.543, 140
Trd, 4318218.843, 139
Trd, 4318219.443, 140
Trd, 4318219.593, 140
Trd, 4318220.843, 140
Trd, 4318221.243, 140
Trd, 4318221.643, 140
Trd, 4318221.743, 140
Trd, 4318222.343, 139
Trd, 4318222.493, 137
Trd, 4318223.643, 140
Trd, 4318224.043, 140
Trd, 4318226.293, 140
Trd, 4318226.943, 140
Trd, 4318227.493, 140
Trd, 4318227.643, 140
Trd, 4318229.543, 140
Trd, 4318230.093, 140
Trd, 4318232.143, 140
Trd, 4318233.343, 140
Trd, 4318233.643, 140
Trd, 4318234.043, 138
Trd, 4318234.693, 140
Trd, 4318235.043, 140
Trd, 4318235.943, 140
Trd, 4318236.093, 139
Trd, 4318237.043, 140
Trd, 4318237.093, 140
Trd, 4318238.693, 140
Trd, 4318239.393, 140
Trd, 4318239.543, 140
Trd, 4318239.743, 139
Trd, 4318241.443, 140
Trd, 4318241.793, 140
Trd, 4318242.793, 140
Trd, 4318242.843, 140
Trd, 4318243.893, 140
Trd, 4318244.093, 138
Trd, 4318246.443, 140
Trd, 4318246.493, 140
Trd, 4318247.043, 139
Trd, 4318247.393, 136
Trd, 4318247.493, 66
Trd, 4318247.543, 138
Trd, 4318248.443, 140
Trd, 4318248.943, 139
Trd, 4318249.343, 84
Trd, 4318249.493, 139
Trd, 4318250.243, 61
Trd, 4318250.643, 139
Trd, 4318251.493, 66
Trd, 4318251.643, 66
Trd, 4318252.893, 140
Trd, 4318253.243, 139
Trd, 4318253.643, 62
Trd, 4318253.693, 63
Trd, 4318255.043, 68
Trd, 4318255.693, 61
Trd, 4318255.943, 61
Trd, 4318256.193, 62
Trd, 4318257.443, 140
Trd, 4318257.593, 140
Trd, 4318260.243, 140
Trd, 4318260.293, 140
Trd, 4318261.243, 140
Trd, 4318261.743, 140
Trd, 4318262.843, 140
Trd, 4318263.393, 140
Trd, 4318263.943, 140
Trd, 4318264.893, 139
Trd, 4318265.393, 140
Trd, 4318265.443, 140
Trd, 4318266.793, 140
Trd, 4318267.343, 140
Trd, 4318267.943, 140
Trd, 4318269.093, 139
Trd, 4318269.593, 82
Trd, 4318270.343, 140
Trd, 4318271.193, 140
Trd, 4318271.843, 140
Trd, 4318272.143, 140
Trd, 4318272.343, 140
Trd, 4318272.643, 140
Trd, 4318273.293, 140
Trd, 4318275.243, 140
Trd, 4318275.443, 140
Trd, 4318275.893, 139
Trd, 4318276.493, 140
Trd, 4318276.643, 139
Trd, 4318277.493, 140
Trd, 4318277.893, 140
Trd, 4318278.593, 140
Trd, 4318279.443, 140
Trd, 4318279.593, 140
Trd, 4318280.743, 140
Trd, 4318280.793, 140
Trd, 4318280.993, 140
Trd, 4318283.043, 140
Trd, 4318283.843, 140
Trd, 4318285.543, 140
Trd, 4318285.743, 139
Trd, 4318285.843, 139
Trd, 4318286.293, 140
Trd, 4318286.893, 140
Trd, 4318287.093, 140
Trd, 4318287.643, 140
Trd, 4318288.993, 138
Trd, 4318289.393, 140
Trd, 4318289.793, 140
Trd, 4318290.893, 138
Trd, 4318292.843, 140
Trd, 4318293.143, 140
Trd, 4318293.693, 140
Trd, 4318294.643, 140
Trd, 4318295.593, 140
Trd, 4318296.193, 140
Trd, 4318296.393, 140
Trd, 4318296.543, 139
Trd, 4318298.443, 140
Trd, 4318298.993, 140
Trd, 4318300.043, 140
Trd, 4318300.293, 140
Trd, 4318300.943, 140
Trd, 4318300.993, 140
Trd, 4318301.493, 140
Trd, 4318301.893, 140
Trd, 4318302.893, 138
Trd, 4318303.393, 127
Trd, 4318303.893, 140
Trd, 4318304.493, 140
Trd, 4318305.193, 139
Trd, 4318305.493, 138
Trd, 4318306.343, 140
Trd, 4318306.543, 139
Trd, 4318307.043, 138
Trd, 4318308.393, 140
Trd, 4318309.293, 139
Trd, 4318310.293, 140
Trd, 4318311.043, 140
Trd, 4318312.493, 140
Trd, 4318313.043, 140
Trd, 4318313.593, 140
Trd, 4318313.993, 140
Trd, 4318314.843, 140
Trd, 4318317.443, 140
Trd, 4318317.543, 140
Trd, 4318317.893, 140
Trd, 4318318.243, 140
Trd, 4318318.793, 140
Trd, 4318318.843, 139
Trd, 4318318.943, 139
Trd, 4318320.493, 140
Trd, 4318322.093, 140
Trd, 4318322.443, 140
Trd, 4318324.143, 140
Trd, 4318325.043, 140
Trd, 4318325.493, 140
Trd, 4318325.993, 140
Trd, 4318326.593, 139
Trd, 4318327.043, 139
Trd, 4318327.693, 140
Trd, 4318329.693, 140
Trd, 4318329.743, 140
Trd, 4318330.593, 140
Trd, 4318331.143, 140
Trd, 4318331.393, 140
Trd, 4318331.893, 140
Trd, 4318332.193, 140
Trd, 4318334.393, 140
Trd, 4318335.593, 140
Trd, 4318335.993, 140
Trd, 4318336.693, 140
Trd, 4318336.843, 140
Trd, 4318339.143, 140
Trd, 4318339.343, 140
Trd, 4318339.593, 139
Trd, 4318342.043, 140
Trd, 4318342.493, 140
Trd, 4318342.793, 140
Trd, 4318343.143, 139
Trd, 4318343.543, 140
Trd, 4318343.893, 140
Trd, 4318345.193, 140
Trd, 4318345.693, 140
Trd, 4318345.993, 140
Trd, 4318346.243, 139
Trd, 4318346.693, 139
Trd, 4318347.493, 140
Trd, 4318347.743, 138
Trd, 4318348.093, 136
Trd, 4318348.593, 138
Trd, 4318349.493, 66
Trd, 4318350.343, 140
Trd, 4318351.493, 140
Trd, 4318351.893, 140
Trd, 4318352.843, 139
Trd, 4318353.493, 139
Trd, 4318353.643, 139
Trd, 4318353.793, 139
Trd, 4318354.593, 140
Trd, 4318355.693, 64
Trd, 4318357.343, 140
Trd, 4318357.393, 137
Trd, 4318357.793, 140
Trd, 4318358.593, 140
Trd, 4318361.493, 140
Trd, 4318361.643, 140
Trd, 4318362.043, 140
Trd, 4318362.593, 140
Trd, 4318362.793, 140
Trd, 4318363.493, 140
Trd, 4318363.843, 140
Trd, 4318364.693, 140
Trd, 4318364.993, 139
Trd, 4318366.793, 140
Trd, 4318366.943, 140
Trd, 4318367.393, 140
Trd, 4318368.543, 140
Trd, 4318369.093, 140
Trd, 4318369.793, 140
Trd, 4318370.243, 140
Trd, 4318371.293, 140
Trd, 4318372.193, 139
Trd, 4318373.593, 140
Trd, 4318374.093, 140
Trd, 4318374.193, 140
Trd, 4318374.943, 140
Trd, 4318375.843, 139
Trd, 4318376.343, 140
Trd, 4318376.793, 139
Trd, 4318377.643, 140
Trd, 4318378.443, 140
Trd, 4318379.143, 139
Trd, 4318380.943, 140
Trd, 4318381.293, 140
Trd, 4318381.493, 139
Trd, 4318382.493, 139
Trd, 4318382.643, 138
Trd, 4318382.993, 139
Trd, 4318383.393, 138
Trd, 4318384.043, 140
Trd, 4318386.193, 140
Trd, 4318386.493, 139
Trd, 4318387.393, 140
Trd, 4318388.293, 140
Trd, 4318388.643, 140
Trd, 4318389.943, 140
Trd, 4318390.443, 139
Trd, 4318391.093, 140
Trd, 4318391.893, 140
Trd, 4318393.043, 140
Trd, 4318393.443, 140
Trd, 4318393.743, 140
Trd, 4318394.043, 140
Trd, 4318394.643, 140
Trd, 4318394.793, 140
Trd, 4318395.243, 140
Trd, 4318395.993, 140
Trd, 4318397.543, 139
Trd, 4318398.443, 139
Trd, 4318399.393, 140
Trd, 4318400.143, 140
Trd, 4318401.293, 140
Trd, 4318402.293, 140
Trd, 4318402.743, 140
Trd, 4318403.443, 140
Trd, 4318404.043, 140
Trd, 4318404.393, 139
Trd, 4318404.443, 139
Trd, 4318405.943, 140
Trd, 4318406.143, 140
Trd, 4318406.543, 140
Trd, 4318407.193, 140
Trd, 4318408.793, 140
Trd, 4318409.843, 139
Trd, 4318410.193, 139
Trd, 4318411.493, 140
Trd, 4318412.243, 139
Trd, 4318412.543, 139
Trd, 4318413.543, 139
Trd, 4318414.193, 140
Trd, 4318414.643, 140
Trd, 4318414.693, 139
Trd, 4318416.643, 140
Trd, 4318416.743, 139
Trd, 4318416.843, 138
Trd, 4318418.893, 140
Trd, 4318419.393, 140
Trd, 4318419.943, 140
Trd, 4318419.993, 140
Trd, 4318420.993, 140
Trd, 4318421.143, 139
Trd, 4318422.493, 140
Trd, 4318422.993, 140
Trd, 4318423.043, 140
Trd, 4318423.693, 139
Trd, 4318423.793, 139
Trd, 4318425.043, 140
Trd, 4318425.493, 140
Trd, 4318425.643, 132
Trd, 4318426.293, 140
Trd, 4318426.543, 140
Trd, 4318427.893, 140
Trd, 4318428.243, 140
Trd, 4318428.343, 65
Trd, 4318429.893, 140
Trd, 4318430.843, 139
Trd, 4318431.093, 138
Trd, 4318432.643, 140
Trd, 4318433.543, 140
Trd, 4318433.593, 138
Trd, 4318434.443, 140
Trd, 4318435.493, 139
Trd, 4318436.793, 140
Trd, 4318437.293, 139
Trd, 4318437.443, 139
Trd, 4318437.893, 140
Trd, 4318439.693, 140
Trd, 4318439.793, 140
Trd, 4318440.543, 139
Trd, 4318441.793, 140
Trd, 4318442.493, 140
Trd, 4318442.693, 139
Trd, 4318444.743, 140
Trd, 4318445.393, 140
Trd, 4318445.943, 140
Trd, 4318445.993, 139
Trd, 4318446.093, 139
Trd, 4318446.493, 135
Trd, 4318447.093, 140
Trd, 4318447.743, 138
Trd, 4318448.893, 139
Trd, 4318450.043, 140
Trd, 4318450.893, 139
Trd, 4318451.393, 139
Trd, 4318451.443, 138
Trd, 4318453.343, 140
Trd, 4318454.043, 140
Trd, 4318454.243, 140
Trd, 4318454.293, 140
Trd, 4318455.343, 140
Trd, 4318455.393, 140
Trd, 4318456.643, 139
Trd, 4318456.843, 139
Trd, 4318457.743, 140
Trd, 4318458.943, 140
Trd, 4318459.693, 140
Trd, 4318460.693, 140
Trd, 4318461.293, 140
Trd, 4318461.543, 140
Trd, 4318462.093, 140
Trd, 4318462.393, 139
Trd, 4318463.893, 140
Trd, 4318464.643, 140
Trd, 4318464.993, 139
Trd, 4318465.943, 138
Trd, 4318466.493, 137
Trd, 4318467.293, 140
Trd, 4318468.393, 140
Trd, 4318469.093, 140
Trd, 4318470.193, 140
Trd, 4318470.743, 140
Trd, 4318471.793, 140
Trd, 4318472.093, 140
Trd, 4318472.393, 139
Trd, 4318473.293, 140
Trd, 4318474.093, 140
Trd, 4318474.493, 140
Trd, 4318474.743, 140
Trd, 4318476.593, 140
Trd, 4318477.393, 140
Trd, 4318477.643, 140
Trd, 4318478.443, 137
Trd, 4318478.493, 95
Trd, 4318479.793, 140
Trd, 4318481.343, 140
Trd, 4318481.943, 140
Trd, 4318482.193, 139
Trd, 4318482.843, 138
Trd, 4318483.743, 140
Trd, 4318483.843, 139
Trd, 4318484.143, 140
Trd, 4318484.793, 140
Trd, 4318486.093, 140
Trd, 4318487.693, 140
Trd, 4318488.193, 139
Trd, 4318489.043, 140
Trd, 4318489.193, 140
Trd, 4318490.493, 139
Trd, 4318491.293, 140
Trd, 4318491.693, 139
Trd, 4318491.743, 139
Trd, 4318491.893, 138
Trd, 4318493.243, 140
Trd, 4318493.293, 140
Trd, 4318494.043, 140
Trd, 4318494.093, 139
Trd, 4318495.843, 140
Trd, 4318497.043, 140
Trd, 4318497.193, 139
Trd, 4318497.493, 140
Trd, 4318498.143, 140
Trd, 4318498.443, 140
Trd, 4318499.543, 73
Trd, 4318500.093, 66
Trd, 4318500.543, 64
Trd, 4318500.593, 66
Trd, 4318501.243, 140
Trd, 4318501.993, 140
Trd, 4318502.693, 140
Trd, 4318503.443, 140
Trd, 4318504.443, 140
Trd, 4318504.743, 139
Trd, 4318504.893, 138
Trd, 4318505.643, 140
Trd, 4318507.243, 140
Trd, 4318508.143, 139
Trd, 4318508.443, 139
Trd, 4318508.893, 139
Trd, 4318510.543, 140
Trd, 4318510.793, 140
Trd, 4318511.293, 140
Trd, 4318511.343, 139
Trd, 4318511.643, 138
Trd, 4318512.843, 139
Trd, 4318512.943, 136
Trd, 4318514.093, 140
Trd, 4318514.393, 140
Trd, 4318515.943, 140
Trd, 4318516.843, 60
Trd, 4318517.293, 60
Trd, 4318517.693, 62
Trd, 4318518.793, 140
Trd, 4318519.993, 140
Trd, 4318520.043, 140
Trd, 4318520.543, 140
Trd, 4318521.093, 140
Trd, 4318521.593, 139
Trd, 4318521.893, 139
Trd, 4318523.143, 140
Trd, 4318523.843, 140
Trd, 4318524.393, 140
Trd, 4318524.543, 139
Trd, 4318524.743, 136
Trd, 4318525.293, 137
Trd, 4318525.893, 63
Trd, 4318526.393, 138
Trd, 4318527.143, 103
Trd, 4318528.293, 140
Trd, 4318529.943, 139
Trd, 4318530.343, 139
Trd, 4318530.393, 139
Trd, 4318530.543, 138
Trd, 4318530.643, 62
Trd, 4318531.893, 140
Trd, 4318532.143, 140
Trd, 4318532.943, 140
Trd, 4318533.543, 140
Trd, 4318533.893, 140
Trd, 4318535.143, 140
Trd, 4318535.593, 140
Trd, 4318536.243, 140
Trd, 4318536.393, 140
Trd, 4318537.243, 140
Trd, 4318538.843, 140
Trd, 4318538.893, 139
Trd, 4318539.543, 140
Trd, 4318540.693, 140
Trd, 4318541.493, 140
Trd, 4318542.993, 140
Trd, 4318543.043, 139
Trd, 4318543.693, 140
Trd, 4318544.443, 140
Trd, 4318544.943, 140
Trd, 4318545.393, 140
Trd, 4318546.543, 140
Trd, 4318546.943, 140
Trd, 4318547.543, 140
Trd, 4318547.893, 140
Trd, 4318548.093, 140
Trd, 4318549.043, 140
Trd, 4318549.543, 138
Trd, 4318549.893, 139
Trd, 4318550.343, 138
Trd, 4318551.643, 140
Trd, 4318552.143, 140
Trd, 4318552.543, 140
Trd, 4318552.943, 140
Trd, 4318553.943, 140
Trd, 4318554.443, 140
Trd, 4318554.943, 140
Trd, 4318555.093, 140
Trd, 4318556.493, 140
Trd, 4318557.243, 140
Trd, 4318558.343, 140
Trd, 4318558.693, 140
Trd, 4318558.893, 140
Trd, 4318559.143, 140
Trd, 4318559.543, 139
Trd, 4318561.143, 140
Trd, 4318561.893, 140
Trd, 4318562.043, 140
Trd, 4318563.693, 140
Trd, 4318563.893, 140
Trd, 4318564.643, 140
Trd, 4318565.143, 140
Trd, 4318565.443, 140
Trd, 4318566.193, 140
Trd, 4318566.843, 140
Trd, 4318567.943, 140
Trd, 4318569.743, 139
Trd, 4318570.093, 138
Trd, 4318570.193, 135
Trd, 4318571.393, 140
Trd, 4318571.993, 140
Trd, 4318573.193, 140
Trd, 4318573.343, 140
Trd, 4318574.493, 140
Trd, 4318574.793, 140
Trd, 4318574.993, 139
Trd, 4318575.293, 140
Trd, 4318575.643, 109
Trd, 4318576.093, 140
Trd, 4318576.493, 135
Trd, 4318578.343, 140
Trd, 4318578.593, 140
Trd, 4318579.443, 140
Trd, 4318579.743, 140
Trd, 4318580.743, 140
Trd, 4318581.143, 134
Trd, 4318581.993, 140
Trd, 4318583.093, 140
Trd, 4318583.343, 139
Trd, 4318583.393, 139
Trd, 4318585.193, 140
Trd, 4318585.443, 139
Trd, 4318587.593, 140
Trd, 4318588.143, 140
Trd, 4318588.393, 140
Trd, 4318589.543, 140
Trd, 4318590.043, 140
Trd, 4318591.293, 140
Trd, 4318592.193, 140
Trd, 4318592.343, 140
Trd, 4318592.593, 140
Trd, 4318593.193, 140
Trd, 4318593.493, 140
Trd, 4318593.743, 139
Trd, 4318594.293, 140
Trd, 4318596.193, 140
Trd, 4318597.193, 140
Trd, 4318597.243, 140
Trd, 4318597.993, 140
Trd, 4318598.043, 140
Trd, 4318598.293, 140
Trd, 4318598.943, 139
Trd, 4318599.243, 140
Trd, 4318599.393, 99
Trd, 4318600.443, 140
Trd, 4318600.893, 140
Trd, 4318602.943, 140
Trd, 4318603.593, 140
Trd, 4318603.993, 140
Trd, 4318604.193, 140
Trd, 4318605.443, 140
Trd, 4318605.643, 140
Trd, 4318605.793, 140
Trd, 4318606.543, 139
Trd, 4318607.193, 140
Trd, 4318608.293, 140
Trd, 4318608.393, 140
Trd, 4318609.593, 140
Trd, 4318609.743, 138
Trd, 4318610.093, 138
Trd, 4318611.943, 140
Trd, 4318611.993, 139
Trd, 4318612.543, 138
Trd, 4318614.043, 140
Trd, 4318614.193, 140
Trd, 4318614.543, 139
Trd, 4318615.243, 140
Trd, 4318616.343, 140
Trd, 4318618.093, 140
Trd, 4318618.143, 140
Trd, 4318618.193, 140
Trd, 4318618.343, 140
Trd, 4318619.093, 140
Trd, 4318620.293, 140
Trd, 4318620.543, 140
Trd, 4318621.443, 140
Trd, 4318622.143, 140
Trd, 4318623.193, 140
Trd, 4318623.593, 140
Trd, 4318624.193, 140
Trd, 4318624.993, 140
Trd, 4318625.243, 140
Trd, 4318625.293, 140
Trd, 4318627.093, 140
Trd, 4318627.843, 140
Trd, 4318628.243, 140
Trd, 4318629.043, 140
Trd, 4318630.043, 140
Trd, 4318631.143, 140
Trd, 4318632.393, 140
Trd, 4318632.843, 140
Trd, 4318633.243, 140
Trd, 4318633.793, 140
Trd, 4318634.493, 140
Trd, 4318635.293, 139
Trd, 4318637.043, 140
Trd, 4318637.143, 137
Trd, 4318638.043, 140
Trd, 4318638.143, 140
Trd, 4318638.193, 139
Trd, 4318639.193, 140
Trd, 4318639.243, 140
Trd, 4318640.393, 139
Trd, 4318640.693, 139
Trd, 4318641.943, 140
Trd, 4318642.593, 140
Trd, 4318643.493, 140
Trd, 4318644.593, 140
Trd, 4318644.643, 140
Trd, 4318644.893, 140
Trd, 4318645.543, 140
Trd, 4318645.793, 139
Trd, 4318646.393, 140
Trd, 4318647.043, 138
Trd, 4318648.243, 140
Trd, 4318649.943, 140
Trd, 4318650.393, 140
Trd, 4318651.293, 140
Trd, 4318651.893, 138
Trd, 4318651.943, 138
Trd, 4318654.393, 140
Trd, 4318654.543, 140
Trd, 4318654.743, 138
Trd, 4318656.043, 140
Trd, 4318656.443, 60
Trd, 4318658.093, 140
Trd, 4318658.343, 140
Trd, 4318658.393, 140
Trd, 4318658.693, 140
Trd, 4318659.343, 138
Trd, 4318659.693, 140
Trd, 4318661.793, 140
Trd, 4318662.643, 140
Trd, 4318662.843, 140
Trd, 4318663.243, 140
Trd, 4318663.443, 140
Trd, 4318664.643, 140
Trd, 4318665.093, 139
Trd, 4318665.893, 140
Trd, 4318666.443, 140
Trd, 4318666.793, 140
Trd, 4318666.943, 140
Trd, 4318668.543, 140
Trd, 4318668.593, 139
Trd, 4318669.193, 114
Trd, 4318669.793, 140
Trd, 4318670.243, 140
Trd, 4318671.493, 63
Trd, 4318671.993, 140
Trd, 4318673.293, 140
Trd, 4318673.693, 140
Trd, 4318675.693, 140
Trd, 4318675.743, 139
Trd, 4318676.493, 140
Trd, 4318676.893, 140
Trd, 4318677.443, 140
Trd, 4318677.693, 140
Trd, 4318678.493, 140
Trd, 4318678.543, 140
Trd, 4318678.843, 138
Trd, 4318680.243, 140
Trd, 4318681.343, 140
Trd, 4318681.943, 140
Trd, 4318683.193, 139
Trd, 4318684.243, 140
Trd, 4318684.643, 140
Trd, 4318684.793, 138
Trd, 4318685.693, 140
Trd, 4318685.943, 137
Trd, 4318687.143, 140
Trd, 4318688.243, 140
Trd, 4318688.443, 137
Trd, 4318688.593, 140
Trd, 4318689.193, 139
Trd, 4318691.143, 140
Trd, 4318691.293, 140
Trd, 4318691.593, 140
Trd, 4318691.943, 140
Trd, 4318692.193, 139
Trd, 4318692.593, 139
Trd, 4318692.793, 138
Trd, 4318695.093, 140
Trd, 4318695.643, 140
Trd, 4318696.643, 140
Trd, 4318697.293, 140
Trd, 4318698.493, 140
Trd, 4318698.643, 140
Trd, 4318699.543, 140
Trd, 4318701.143, 140
Trd, 4318701.393, 140
Trd, 4318702.093, 140
Trd, 4318702.193, 140
Trd, 4318702.643, 139
Trd, 4318703.943, 140
Trd, 4318704.343, 139
Trd, 4318704.493, 139
Trd, 4318707.693, 140
Trd, 4318707.843, 140
Trd, 4318707.943, 140
Trd, 4318709.043, 140
Trd, 4318709.593, 140
Trd, 4318709.793, 139
Trd, 4318710.793, 140
Trd, 4318711.943, 140
Trd, 4318712.043, 139
Trd, 4318712.593, 140
Trd, 4318714.243, 140
Trd, 4318714.343, 140
Trd, 4318714.843, 140
Trd, 4318716.143, 140
Trd, 4318716.443, 140
Trd, 4318716.643, 140
Trd, 4318716.793, 138
Trd, 4318717.743, 140
Trd, 4318718.393, 138
Trd, 4318718.493, 123
Trd, 4318719.143, 140
Trd, 4318719.543, 139
Trd, 4318720.493, 140
Trd, 4318721.743, 140
Trd, 4318722.643, 140
Trd, 4318723.593, 140
Trd, 4318725.393, 140
Trd, 4318726.043, 140
Trd, 4318726.293, 140
Trd, 4318726.593, 140
Trd, 4318726.793, 140
Trd, 4318727.843, 140
Trd, 4318729.043, 138
Trd, 4318729.243, 140
Trd, 4318729.343, 140
Trd, 4318729.593, 138
Trd, 4318730.343, 60
Trd, 4318730.543, 61
Trd, 4318730.693, 63
Trd, 4318730.793, 140
Trd, 4318731.893, 139
Trd, 4318732.243, 140
Trd, 4318734.093, 140
Trd, 4318735.393, 140
Trd, 4318735.793, 139
Trd, 4318736.143, 140
Trd, 4318736.343, 139
Trd, 4318736.943, 140
Trd, 4318737.543, 140
Trd, 4318737.693, 138
Trd, 4318738.743, 140
Trd, 4318740.343, 140
Trd, 4318740.443, 140
Trd, 4318741.343, 140
Trd, 4318741.843, 139
Trd, 4318742.843, 140
Trd, 4318743.443, 140
Trd, 4318743.693, 140
Trd, 4318744.593, 138
Trd, 4318745.343, 140
Trd, 4318746.393, 139
Trd, 4318747.843, 140
Trd, 4318747.893, 140
Trd, 4318748.993, 140
Trd, 4318750.193, 140
Trd, 4318751.643, 140
Trd, 4318752.193, 140
Trd, 4318752.943, 140
Trd, 4318753.543, 140
Trd, 4318753.693, 138
Trd, 4318754.943, 140
Trd, 4318755.193, 140
Trd, 4318755.793, 140
Trd, 4318756.293, 140
Trd, 4318756.393, 138
Trd, 4318756.693, 140
Trd, 4318757.743, 137
Trd, 4318758.643, 140
Trd, 4318759.843, 140
Trd, 4318760.543, 140
Trd, 4318761.243, 140
Trd, 4318762.343, 140
Trd, 4318762.943, 140
Trd, 4318763.893, 140
Trd, 4318764.493, 140
Trd, 4318764.893, 140
Trd, 4318764.943, 140
Trd, 4318765.193, 140
Trd, 4318766.493, 140
Trd, 4318768.693, 140
Trd, 4318768.843, 138
Trd, 4318770.093, 140
Trd, 4318770.293, 140
Trd, 4318770.393, 140
Trd, 4318771.093, 139
Trd, 4318771.393, 137
Trd, 4318771.443, 82
Trd, 4318772.193, 75
Trd, 4318772.643, 105
Trd, 4318773.143, 99
Trd, 4318773.893, 63
Trd, 4318774.193, 139
Trd, 4318776.293, 140
Trd, 4318776.343, 140
Trd, 4318776.793, 140
Trd, 4318778.043, 140
Trd, 4318778.343, 140
Trd, 4318779.693, 140
Trd, 4318780.343, 140
Trd, 4318782.343, 140
Trd, 4318782.593, 140
Trd, 4318782.743, 140
Trd, 4318783.843, 140
Trd, 4318785.193, 140
Trd, 4318786.193, 140
Trd, 4318787.243, 140
Trd, 4318788.143, 140
Trd, 4318788.793, 140
Trd, 4318790.243, 140
Trd, 4318790.793, 140
Trd, 4318790.993, 140
Trd, 4318791.093, 140
Trd, 4318791.393, 140
Trd, 4318791.743, 140
Trd, 4318792.043, 140
Trd, 4318792.693, 140
Trd, 4318792.993, 140
Trd, 4318794.143, 140
Trd, 4318794.343, 140
Trd, 4318794.543, 139
Trd, 4318796.293, 140
Trd, 4318797.243, 139
Trd, 4318797.343, 139
Trd, 4318797.643, 139
Trd, 4318797.693, 138
Trd, 4318798.293, 140
Trd, 4318799.043, 139
Trd, 4318799.943, 140
Trd, 4318801.343, 140
Trd, 4318801.943, 140
Trd, 4318802.043, 139
Trd, 4318803.343, 140
Trd, 4318803.543, 140
Trd, 4318804.293, 140
Trd, 4318804.693, 140
Trd, 4318805.993, 140
Trd, 4318806.693, 140
Trd, 4318807.393, 140
Trd, 4318807.643, 139
Trd, 4318807.943, 140
Trd, 4318810.043, 140
Trd, 4318810.443, 140
Trd, 4318810.593, 139
Trd, 4318810.743, 137
Trd, 4318812.243, 140
Trd, 4318812.843, 139
Trd, 4318813.693, 140
Trd, 4318813.743, 140
Trd, 4318813.893, 140
Trd, 4318815.493, 140
Trd, 4318815.643, 140
Trd, 4318817.043, 140
Trd, 4318817.243, 140
Trd, 4318818.193, 140
Trd, 4318818.693, 139
Trd, 4318819.743, 140
Trd, 4318819.793, 140
Trd, 4318819.993, 139
Trd, 4318820.893, 140
Trd, 4318822.493, 140
Trd, 4318823.643, 140
Trd, 4318823.843, 140
Trd, 4318824.693, 139
Trd, 4318825.943, 140
Trd, 4318826.093, 140
Trd, 4318827.043, 140
Trd, 4318827.343, 140
Trd, 4318827.693, 140
Trd, 4318828.243, 140
Trd, 4318828.693, 140
Trd, 4318829.193, 140
Trd, 4318829.293, 140
Trd, 4318829.943, 140
Trd, 4318830.443, 140
Trd, 4318831.693, 140
Trd, 4318832.493, 140
Trd, 4318832.693, 140
Trd, 4318834.893, 139
Trd, 4318835.243, 140
Trd, 4318835.443, 138
Trd, 4318835.593, 131
Trd, 4318837.193, 139
Trd, 4318837.893, 140
Trd, 4318837.993, 140
Trd, 4318839.743, 140
Trd, 4318839.843, 140
Trd, 4318841.493, 140
Trd, 4318842.093, 140
Trd, 4318842.843, 140
Trd, 4318843.143, 140
Trd, 4318843.643, 140
Trd, 4318843.743, 140
Trd, 4318845.893, 140
Trd, 4318846.593, 140
Trd, 4318847.343, 138
Trd, 4318847.993, 140
Trd, 4318848.193, 140
Trd, 4318848.343, 139
Trd, 4318848.693, 139
Trd, 4318849.593, 72
Trd, 4318850.543, 140
Trd, 4318851.493, 140
Trd, 4318851.843, 138
Trd, 4318852.093, 136
Trd, 4318853.093, 63
Trd, 4318853.143, 64
Trd, 4318853.193, 65
Trd, 4318854.043, 137
Trd, 4318855.293, 138
Trd, 4318856.093, 140
Trd, 4318856.493, 61
Trd, 4318856.593, 63
Trd, 4318857.543, 62
Trd, 4318857.643, 93
Trd, 4318858.143, 137
Trd, 4318859.143, 138
Trd, 4318859.493, 140
Trd, 4318860.643, 140
Trd, 4318861.393, 140
Trd, 4318861.993, 140
Trd, 4318862.193, 138
Trd, 4318862.593, 139
Trd, 4318863.193, 140
Trd, 4318864.143, 139
Trd, 4318864.443, 140
Trd, 4318866.093, 140
Trd, 4318866.593, 140
Trd, 4318867.343, 140
Trd, 4318867.493, 140
Trd, 4318867.743, 85
Trd, 4318869.043, 140
Trd, 4318869.593, 140
Trd, 4318870.143, 140
Trd, 4318872.493, 140
Trd, 4318872.543, 140
Trd, 4318872.593, 140
Trd, 4318872.693, 139
Trd, 4318873.793, 140
Trd, 4318875.043, 140
Trd, 4318875.643, 140
Trd, 4318875.743, 140
Trd, 4318876.643, 140
Trd, 4318878.593, 140
Trd, 4318878.693, 140
Trd, 4318880.093, 140
Trd, 4318880.393, 140
Trd, 4318880.493, 140
Trd, 4318880.943, 140
Trd, 4318881.543, 136
Trd, 4318882.343, 140
Trd, 4318882.893, 140
Trd, 4318883.843, 139
Trd, 4318885.243, 140
Trd, 4318886.043, 140
Trd, 4318887.343, 140
Trd, 4318887.493, 140
Trd, 4318887.843, 140
Trd, 4318888.093, 140
Trd, 4318889.543, 140
Trd, 4318889.643, 140
Trd, 4318890.343, 140
Trd, 4318891.143, 138
Trd, 4318891.943, 140
Trd, 4318892.743, 137
Trd, 4318892.793, 137
Trd, 4318892.943, 139
Trd, 4318893.743, 140
Trd, 4318896.143, 140
Trd, 4318896.243, 140
Trd, 4318896.643, 140
Trd, 4318896.743, 140
Trd, 4318896.993, 140
Trd, 4318897.243, 140
Trd, 4318899.693, 140
Trd, 4318901.243, 140
Trd, 4318901.293, 140
Trd, 4318901.693, 140
Trd, 4318901.893, 138
Trd, 4318902.043, 138
Trd, 4318903.643, 140
Trd, 4318904.293, 140
Trd, 4318906.243, 140
Trd, 4318907.193, 140
Trd, 4318907.843, 140
Trd, 4318908.193, 140
Trd, 4318908.393, 140
Trd, 4318909.093, 140
Trd, 4318909.393, 140
Trd, 4318910.343, 140
Trd, 4318910.993, 140
Trd, 4318911.993, 140
Trd, 4318912.693, 140
Trd, 4318913.443, 140
Trd, 4318913.743, 140
Trd, 4318915.743, 140
Trd, 4318917.143, 140
Trd, 4318917.343, 140
Trd, 4318917.693, 139
Trd, 4318917.743, 138
Trd, 4318917.993, 139
Trd, 4318918.443, 140
Trd, 4318920.093, 140
Trd, 4318921.393, 140
Trd, 4318921.743, 140
Trd, 4318922.643, 140
Trd, 4318923.243, 140
Trd, 4318924.543, 140
Trd, 4318924.943, 140
Trd, 4318925.743, 140
Trd, 4318926.093, 140
Trd, 4318927.443, 140
Trd, 4318927.743, 140
Trd, 4318927.993, 140
Trd, 4318928.943, 140
Trd, 4318929.193, 140
Trd, 4318929.743, 140
Trd, 4318931.543, 140
Trd, 4318932.093, 140
Trd, 4318932.443, 139
Trd, 4318933.493, 140
Trd, 4318933.643, 139
Trd, 4318933.743, 139
Trd, 4318934.393, 139
Trd, 4318934.443, 139
Trd, 4318935.493, 139
Trd, 4318936.743, 139
Trd, 4318936.843, 137
Trd, 4318938.693, 140
Trd, 4318938.843, 140
Trd, 4318939.093, 140
Trd, 4318939.143, 140
Trd, 4318939.993, 140
Trd, 4318940.043, 136
Trd, 4318940.693, 139
Trd, 4318941.243, 139
Trd, 4318942.243, 64
Trd, 4318942.493, 60
Trd, 4318942.643, 65
Trd, 4318943.293, 60
Trd, 4318944.043, 140
Trd, 4318944.493, 140
Trd, 4318946.843, 140
Trd, 4318947.693, 140
Trd, 4318947.793, 139
Trd, 4318947.893, 138
Trd, 4318950.143, 140
Trd, 4318950.693, 139
Trd, 4318951.193, 139
Trd, 4318951.643, 137
Trd, 4318953.143, 139
Trd, 4318953.643, 140
Trd, 4318954.543, 140
Trd, 4318954.593, 140
Trd, 4318955.093, 140
Trd, 4318955.893, 140
Trd, 4318956.043, 140
Trd, 4318956.293, 140
Trd, 4318956.793, 140
Trd, 4318958.693, 140
Trd, 4318958.743, 140
Trd, 4318959.693, 140
Trd, 4318960.493, 139
Trd, 4318960.793, 87
Trd, 4318960.993, 139
Trd, 4318962.343, 140
Trd, 4318962.543, 139
Trd, 4318962.993, 140
Trd, 4318965.193, 140
Trd, 4318965.243, 139
Trd, 4318966.643, 140
Trd, 4318967.393, 140
Trd, 4318967.893, 140
Trd, 4318969.443, 140
Trd, 4318970.093, 140
Trd, 4318971.093, 139
Trd, 4318971.493, 139
Trd, 4318972.543, 140
Trd, 4318972.843, 139
Trd, 4318973.243, 140
Trd, 4318973.893, 140
Trd, 4318974.443, 138
Trd, 4318974.743, 137
Trd, 4318975.243, 140
Trd, 4318975.493, 140
Trd, 4318976.293, 140
Trd, 4318977.193, 139
Trd, 4318977.643, 140
Trd, 4318979.293, 140
Trd, 4318979.793, 140
Trd, 4318980.243, 140
Trd, 4318980.743, 140
Trd, 4318981.493, 139
Trd, 4318981.693, 140
Trd, 4318982.543, 140
Trd, 4318983.693, 140
Trd, 4318983.943, 140
Trd, 4318984.293, 139
Trd, 4318985.543, 138
Trd, 4318986.643, 140
Trd, 4318987.093, 140
Trd, 4318987.643, 140
Trd, 4318988.393, 140
Trd, 4318989.243, 140
Trd, 4318989.493, 139
Trd, 4318989.593, 139
Trd, 4318990.493, 140
Trd, 4318992.043, 140
Trd, 4318992.243, 140
Trd, 4318994.543, 140
Trd, 4318995.093, 139
Trd, 4318995.743, 140
Trd, 4318996.693, 140
Trd, 4318997.343, 140
Trd, 4318999.293, 140
Trd, 4318999.343, 140
Trd, 4318999.743, 140
Trd, 4318999.993, 139
Trd, 4319000.943, 140
Trd, 4319001.643, 140
Trd, 4319001.993, 140
Trd, 4319002.393, 139
Trd, 4319003.193, 140
Trd, 4319003.793, 140
Trd, 4319003.843, 138
Trd, 4319004.393, 135
Trd, 4319004.993, 139
Trd, 4319005.293, 140
Trd, 4319006.143, 140
Trd, 4319006.943, 139
Trd, 4319007.043, 137
Trd, 4319007.493, 139
Trd, 4319008.593, 106
Trd, 4319008.893, 140
Trd, 4319009.393, 63
Trd, 4319010.343, 140
Trd, 4319011.643, 140
Trd, 4319011.843, 139
Trd, 4319012.543, 139
Trd, 4319014.293, 140
Trd, 4319014.893, 140
Trd, 4319015.043, 139
Trd, 4319015.143, 138
Trd, 4319015.443, 138
Trd, 4319016.443, 140
Trd, 4319016.693, 139
Trd, 4319016.793, 132
Trd, 4319017.743, 139
Trd, 4319018.093, 140
Trd, 4319018.793, 73
Trd, 4319018.993, 74
Trd, 4319019.343, 136
Trd, 4319019.843, 140
Trd, 4319020.693, 61
Trd, 4319021.443, 61
Trd, 4319021.543, 65
Trd, 4319022.193, 140
Trd, 4319022.443, 140
Trd, 4319023.343, 67
Trd, 4319024.243, 68
Trd, 4319025.443, 140
Trd, 4319025.593, 140
Trd, 4319026.793, 140
Trd, 4319026.893, 139
Trd, 4319026.993, 66
Trd, 4319028.343, 138
Trd, 4319029.393, 140
Trd, 4319029.943, 60
Trd, 4319030.093, 60
Trd, 4319030.493, 61
Trd, 4319030.543, 115
Trd, 4319031.193, 67
Trd, 4319033.193, 140
Trd, 4319033.243, 139
Trd, 4319034.243, 140
Trd, 4319035.793, 62
Trd, 4319035.993, 62
Trd, 4319036.043, 112
Trd, 4319036.293, 140
Trd, 4319037.393, 62
Trd, 4319037.693, 60
Trd, 4319038.393, 61
Trd, 4319039.293, 140
Trd, 4319039.343, 139
Trd, 4319040.493, 139
Trd, 4319041.193, 137
Trd, 4319041.943, 140
Trd, 4319042.493, 140
Trd, 4319043.043, 140
Trd, 4319043.243, 140
Trd, 4319043.293, 138
Trd, 4319044.043, 140
Trd, 4319044.343, 139
Trd, 4319044.493, 87
Trd, 4319045.343, 138
Trd, 4319046.393, 140
Trd, 4319047.493, 139
Trd, 4319047.993, 138
Trd, 4319048.243, 140
Trd, 4319048.343, 138
Trd, 4319048.593, 89
Trd, 4319049.543, 140
Trd, 4319050.393, 139
Trd, 4319051.343, 140
Trd, 4319052.743, 140
Trd, 4319053.543, 140
Trd, 4319053.593, 140
Trd, 4319054.293, 137
Trd, 4319054.643, 130
Trd, 4319055.793, 140
Trd, 4319056.193, 139
Trd, 4319056.343, 135
Trd, 4319057.093, 140
Trd, 4319057.243, 140
Trd, 4319058.543, 140
Trd, 4319058.743, 140
Trd, 4319059.293, 140
Trd, 4319060.343, 140
Trd, 4319060.893, 140
Trd, 4319061.543, 140
Trd, 4319062.593, 140
Trd, 4319064.393, 140
Trd, 4319065.343, 140
Trd, 4319065.643, 140
Trd, 4319065.743, 139
Trd, 4319065.843, 137
Trd, 4319066.393, 124
Trd, 4319066.793, 140
Trd, 4319068.893, 140
Trd, 4319069.643, 140
Trd, 4319069.693, 138
Trd, 4319070.943, 140
Trd, 4319071.443, 140
Trd, 4319071.493, 140
Trd, 4319071.593, 137
Trd, 4319072.293, 140
Trd, 4319072.493, 139
Trd, 4319073.443, 137
Trd, 4319073.793, 139
Trd, 4319075.843, 140
Trd, 4319075.993, 140
Trd, 4319076.293, 140
Trd, 4319076.493, 138
Trd, 4319076.893, 139
Trd, 4319077.643, 140
Trd, 4319078.093, 140
Trd, 4319078.593, 140
Trd, 4319080.043, 139
Trd, 4319080.343, 137
Trd, 4319081.793, 140
Trd, 4319082.493, 140
Trd, 4319083.243, 140
Trd, 4319083.793, 140
Trd, 4319084.593, 140
Trd, 4319085.643, 140
Trd, 4319087.093, 140
Trd, 4319087.193, 140
Trd, 4319088.343, 140
Trd, 4319088.443, 138
Trd, 4319088.943, 140
Trd, 4319089.893, 140
Trd, 4319090.193, 140
Trd, 4319091.493, 140
Trd, 4319091.843, 140
Trd, 4319093.493, 140
Trd, 4319093.693, 140
Trd, 4319094.093, 140
Trd, 4319094.243, 138
Trd, 4319095.943, 140
Trd, 4319095.993, 139
Trd, 4319096.293, 140
Trd, 4319097.243, 139
Trd, 4319097.743, 138
Trd, 4319099.343, 140
Trd, 4319100.543, 140
Trd, 4319101.043, 140
Trd, 4319102.043, 140
Trd, 4319102.943, 140
Trd, 4319103.293, 140
Trd, 4319104.393, 140
Trd, 4319104.543, 140
Trd, 4319104.693, 139
Trd, 4319105.643, 139
Trd, 4319106.643, 140
Trd, 4319107.143, 140
Trd, 4319108.093, 140
Trd, 4319108.393, 140
Trd, 4319108.543, 139
Trd, 4319108.743, 139
Trd, 4319110.343, 140
Trd, 4319111.643, 140
Trd, 4319111.893, 139
Trd, 4319112.493, 140
Trd, 4319113.143, 140
Trd, 4319113.893, 140
Trd, 4319113.943, 137
Trd, 4319115.093, 140
Trd, 4319115.143, 136
Trd, 4319116.693, 139
Trd, 4319116.993, 135
Trd, 4319117.193, 108
Trd, 4319117.893, 140
Trd, 4319118.193, 139
Trd, 4319119.543, 140
Trd, 4319119.943, 139
Trd, 4319121.843, 140
Trd, 4319122.143, 140
Trd, 4319122.493, 140
Trd, 4319122.693, 140
Trd, 4319122.943, 140
Trd, 4319123.843, 140
Trd, 4319123.993, 139
Trd, 4319124.793, 140
Trd, 4319124.993, 140
Trd, 4319125.243, 139
Trd, 4319126.443, 140
Trd, 4319126.793, 140
Trd, 4319128.593, 140
Trd, 4319129.043, 140
Trd, 4319129.393, 140
Trd, 4319130.043, 140
Trd, 4319130.793, 140
Trd, 4319131.393, 140
Trd, 4319132.193, 140
Trd, 4319132.293, 139
Trd, 4319132.443, 138
Trd, 4319133.543, 139
Trd, 4319134.293, 140
Trd, 4319134.393, 140
Trd, 4319134.993, 140
Trd, 4319136.043, 140
Trd, 4319137.593, 140
Trd, 4319138.593, 140
Trd, 4319138.943, 108
Trd, 4319139.493, 140
Trd, 4319140.043, 140
Trd, 4319141.093, 139
Trd, 4319141.143, 139
Trd, 4319142.793, 138
Trd, 4319144.493, 140
Trd, 4319144.693, 139
Trd, 4319145.143, 140
Trd, 4319145.193, 140
Trd, 4319146.043, 139
Trd, 4319147.293, 140
Trd, 4319148.193, 140
Trd, 4319148.293, 138
Trd, 4319149.193, 140
Trd, 4319149.343, 140
Trd, 4319149.593, 139
Trd, 4319150.193, 139
Trd, 4319150.593, 138
Trd, 4319150.893, 140
Trd, 4319151.543, 140
Trd, 4319151.693, 132
Trd, 4319152.843, 140
Trd, 4319154.043, 140
Trd, 4319154.243, 140
Trd, 4319154.593, 140
Trd, 4319156.493, 139
Trd, 4319156.543, 138
Trd, 4319156.893, 139
Trd, 4319157.593, 140
Trd, 4319158.593, 140
Trd, 4319158.643, 139
Trd, 4319159.493, 140
Trd, 4319160.343, 140
Trd, 4319160.593, 140
Trd, 4319161.343, 140
Trd, 4319161.493, 140
Trd, 4319162.093, 140
Trd, 4319162.443, 81
Trd, 4319165.693, 140
Trd, 4319166.143, 140
Trd, 4319166.243, 140
Trd, 4319166.493, 139
Trd, 4319166.693, 139
Trd, 4319166.843, 138
Trd, 4319167.943, 140
Trd, 4319168.243, 140
Trd, 4319168.643, 139
Trd, 4319168.893, 139
Trd, 4319170.043, 140
Trd, 4319170.843, 140
Trd, 4319171.043, 140
Trd, 4319172.043, 140
Trd, 4319172.743, 140
Trd, 4319172.993, 140
Trd, 4319174.593, 140
Trd, 4319175.043, 140
Trd, 4319175.243, 139
Trd, 4319176.843, 140
Trd, 4319177.293, 140
Trd, 4319177.593, 140
Trd, 4319178.743, 140
Trd, 4319179.093, 140
Trd, 4319179.643, 140
Trd, 4319179.893, 140
Trd, 4319180.843, 140
Trd, 4319181.643, 140
Trd, 4319182.193, 140
Trd, 4319183.193, 140
Trd, 4319183.243, 140
Trd, 4319184.393, 140
Trd, 4319185.043, 140
Trd, 4319186.393, 140
Trd, 4319187.643, 139
Trd, 4319187.893, 140
Trd, 4319188.493, 140
Trd, 4319189.243, 140
Trd, 4319189.293, 140
Trd, 4319190.693, 140
Trd, 4319191.443, 140
Trd, 4319191.643, 139
Trd, 4319192.843, 140
Trd, 4319193.393, 140
Trd, 4319194.843, 140
Trd, 4319195.143, 139
Trd, 4319195.693, 140
Trd, 4319197.343, 140
Trd, 4319197.743, 140
Trd, 4319197.793, 140
Trd, 4319199.193, 140
Trd, 4319199.443, 140
Trd, 4319199.543, 139
Trd, 4319199.643, 138
Trd, 4319202.493, 140
Trd, 4319202.843, 140
Trd, 4319202.993, 140
Trd, 4319203.893, 140
Trd, 4319205.093, 140
Trd, 4319205.143, 140
Trd, 4319205.193, 140
Trd, 4319205.943, 138
Trd, 4319206.643, 140
Trd, 4319207.543, 140
Trd, 4319208.193, 140
Trd, 4319208.493, 139
Trd, 4319208.843, 138
Trd, 4319209.243, 140
Trd, 4319210.343, 140
Trd, 4319211.293, 140
Trd, 4319211.993, 140
Trd, 4319212.893, 140
Trd, 4319213.443, 140
Trd, 4319213.493, 139
Trd, 4319214.643, 62
Trd, 4319216.093, 140
Trd, 4319216.293, 140
Trd, 4319217.243, 140
Trd, 4319217.643, 140
Trd, 4319219.393, 140
Trd, 4319219.693, 140
Trd, 4319220.293, 140
Trd, 4319220.793, 139
Trd, 4319221.243, 140
Trd, 4319221.743, 139
Trd, 4319222.343, 140
Trd, 4319222.793, 108
Trd, 4319224.543, 140
Trd, 4319225.943, 140
Trd, 4319226.493, 140
Trd, 4319226.793, 140
Trd, 4319227.043, 140
Trd, 4319227.993, 140
Trd, 4319229.543, 140
Trd, 4319229.893, 140
Trd, 4319229.943, 139
Trd, 4319230.143, 140
Trd, 4319231.643, 140
Trd, 4319232.693, 140
Trd, 4319232.843, 140
Trd, 4319232.893, 139
Trd, 4319233.143, 140
Trd, 4319233.643, 139
Trd, 4319234.343, 136
Trd, 4319235.043, 140
Trd, 4319237.543, 140
Trd, 4319237.843, 140
Trd, 4319237.993, 138
Trd, 4319239.293, 140
Trd, 4319239.393, 140
Trd, 4319239.693, 139
Trd, 4319240.193, 139
Trd, 4319240.743, 139
Trd, 4319241.493, 140
Trd, 4319242.793, 140
Trd, 4319243.043, 140
Trd, 4319243.443, 137
Trd, 4319243.993, 60
Trd, 4319244.093, 62
Trd, 4319244.843, 140
Trd, 4319245.843, 140
Trd, 4319246.293, 140
Trd, 4319246.443, 140
Trd, 4319246.643, 140
Trd, 4319248.093, 140
Trd, 4319248.743, 140
Trd, 4319249.393, 140
Trd, 4319250.043, 140
Trd, 4319250.743, 140
Trd, 4319251.993, 140
Trd, 4319252.643, 140
Trd, 4319253.293, 140
Trd, 4319254.143, 140
Trd, 4319254.793, 140
Trd, 4319254.943, 139
Trd, 4319255.293, 139
Trd, 4319255.793, 138
Trd, 4319256.193, 140
Trd, 4319257.543, 140
Trd, 4319258.243, 139
Trd, 4319258.693, 140
Trd, 4319259.193, 140
Trd, 4319259.893, 140
Trd, 4319261.193, 139
Trd, 4319262.443, 140
Trd, 4319262.593, 140
Trd, 4319263.643, 140
Trd, 4319264.643, 140
Trd, 4319264.793, 139
Trd, 4319264.943, 131
Trd, 4319265.193, 138
Trd, 4319267.093, 140
Trd, 4319267.543, 140
Trd, 4319268.193, 140
Trd, 4319268.293, 140
Trd, 4319268.543, 138
Trd, 4319269.493, 140
Trd, 4319270.243, 140
Trd, 4319270.843, 140
Trd, 4319271.043, 139
Trd, 4319272.243, 140
Trd, 4319272.743, 140
Trd, 4319273.243, 140
Trd, 4319275.543, 140
Trd, 4319275.793, 140
Trd, 4319276.243, 140
Trd, 4319276.593, 140
Trd, 4319277.093, 140
Trd, 4319278.643, 140
Trd, 4319278.943, 140
Trd, 4319279.693, 140
Trd, 4319280.543, 140
Trd, 4319280.593, 140
Trd, 4319281.493, 140
Trd, 4319282.093, 140
Trd, 4319282.143, 139
Trd, 4319282.243, 139
Trd, 4319282.493, 140
Trd, 4319283.993, 138
Trd, 4319285.293, 140
Trd, 4319285.943, 138
Trd, 4319286.193, 140
Trd, 4319286.943, 140
Trd, 4319287.093, 138
Trd, 4319287.743, 132
Trd, 4319289.043, 136
Trd, 4319289.893, 139
Trd, 4319290.193, 139
Trd, 4319291.493, 140
Trd, 4319291.643, 140
Trd, 4319292.193, 140
Trd, 4319292.243, 140
Trd, 4319292.893, 140
Trd, 4319294.093, 140
Trd, 4319295.593, 140
Trd, 4319295.643, 137
Trd, 4319295.943, 136
Trd, 4319296.793, 139
Trd, 4319298.243, 140
Trd, 4319298.343, 139
Trd, 4319299.493, 140
Trd, 4319300.643, 140
Trd, 4319301.443, 140
Trd, 4319302.843, 140
Trd, 4319303.143, 140
Trd, 4319303.393, 140
Trd, 4319303.693, 82
Trd, 4319304.993, 139
Trd, 4319306.243, 140
Trd, 4319306.343, 140
Trd, 4319307.043, 139
Trd, 4319308.243, 140
Trd, 4319308.993, 140
Trd, 4319309.993, 140
Trd, 4319310.643, 140
Trd, 4319311.043, 140
Trd, 4319312.043, 140
Trd, 4319312.343, 139
Trd, 4319313.043, 140
Trd, 4319313.743, 140
Trd, 4319313.793, 140
Trd, 4319314.943, 140
Trd, 4319315.493, 140
Trd, 4319316.043, 140
Trd, 4319316.143, 140
Trd, 4319317.293, 140
Trd, 4319317.743, 139
Trd, 4319318.693, 140
Trd, 4319319.443, 139
Trd, 4319319.793, 139
Trd, 4319321.043, 140
Trd, 4319321.243, 140
Trd, 4319321.643, 140
Trd, 4319321.843, 140
Trd, 4319322.093, 140
Trd, 4319322.443, 140
Trd, 4319323.593, 140
Trd, 4319324.693, 140
Trd, 4319326.093, 140
Trd, 4319326.443, 140
Trd, 4319327.093, 140
Trd, 4319328.243, 140
Trd, 4319328.743, 140
Trd, 4319328.843, 140
Trd, 4319329.093, 139
Trd, 4319330.393, 140
Trd, 4319330.493, 140
Trd, 4319330.843, 138
Trd, 4319331.143, 137
Trd, 4319331.543, 129
Trd, 4319332.843, 140
Trd, 4319333.843, 139
Trd, 4319333.943, 138
Trd, 4319334.593, 62
Trd, 4319334.843, 63
Trd, 4319335.093, 64
Trd, 4319335.443, 139
Trd, 4319335.593, 65
Trd, 4319336.343, 139
Trd, 4319338.443, 139
Trd, 4319338.643, 139
Trd, 4319339.593, 139
Trd, 4319339.893, 60
Trd, 4319340.493, 138
Trd, 4319341.093, 140
Trd, 4319341.693, 140
Trd, 4319343.843, 140
Trd, 4319344.493, 140
Trd, 4319345.493, 140
Trd, 4319347.093, 137
Trd, 4319347.143, 136
Trd, 4319347.493, 88
Trd, 4319347.593, 89
Trd, 4319347.993, 66
Trd, 4319348.043, 118
Trd, 4319348.793, 139
Trd, 4319350.093, 139
Trd, 4319351.093, 140
Trd, 4319351.443, 140
Trd, 4319351.593, 139
Trd, 4319352.943, 140
Trd, 4319353.443, 140
Trd, 4319353.893, 140
Trd, 4319354.543, 139
Trd, 4319354.893, 140
Trd, 4319355.593, 140
Trd, 4319355.843, 140
Trd, 4319356.793, 137
Trd, 4319357.893, 138
Trd, 4319357.943, 137
Trd, 4319358.293, 139
Trd, 4319358.993, 140
Trd, 4319359.043, 136
Trd, 4319359.343, 140
Trd, 4319361.043, 139
Trd, 4319361.293, 140
Trd, 4319362.693, 140
Trd, 4319362.993, 140
Trd, 4319364.543, 140
Trd, 4319364.593, 137
Trd, 4319365.193, 140
Trd, 4319366.743, 140
Trd, 4319367.043, 140
Trd, 4319367.193, 140
Trd, 4319367.743, 140
Trd, 4319368.143, 140
Trd, 4319369.493, 140
Trd, 4319369.893, 140
Trd, 4319370.893, 140
Trd, 4319370.943, 140
Trd, 4319371.093, 140
Trd, 4319371.743, 139
Trd, 4319372.093, 140
Trd, 4319374.843, 140
Trd, 4319375.343, 140
Trd, 4319375.893, 140
Trd, 4319376.093, 140
Trd, 4319376.693, 140
Trd, 4319376.793, 140
Trd, 4319377.143, 140
Trd, 4319378.593, 140
Trd, 4319379.193, 140
Trd, 4319379.693, 140
Trd, 4319380.443, 138
Trd, 4319380.693, 137
Trd, 4319381.443, 140
Trd, 4319382.093, 139
Trd, 4319383.093, 140
Trd, 4319384.193, 140
Trd, 4319385.393, 140
Trd, 4319386.393, 140
Trd, 4319386.993, 140
Trd, 4319387.943, 140
Trd, 4319388.643, 140
Trd, 4319389.343, 140
Trd, 4319389.693, 140
Trd, 4319390.743, 140
Trd, 4319391.793, 140
Trd, 4319392.543, 140
Trd, 4319393.593, 140
Trd, 4319394.143, 140
Trd, 4319394.493, 140
Trd, 4319395.693, 140
Trd, 4319396.343, 140
Trd, 4319396.543, 139
Trd, 4319396.593, 139
Trd, 4319397.193, 140
Trd, 4319397.543, 111
Trd, 4319399.043, 140
Trd, 4319399.843, 140
Trd, 4319399.893, 139
Trd, 4319401.293, 140
Trd, 4319402.193, 140
Trd, 4319403.243, 140
Trd, 4319403.643, 140
Trd, 4319404.543, 140
Trd, 4319405.993, 139
Trd, 4319406.093, 138
Trd, 4319406.443, 140
Trd, 4319406.743, 139
Trd, 4319407.843, 139
Trd, 4319408.893, 140
Trd, 4319409.443, 140
Trd, 4319410.993, 140
Trd, 4319411.243, 140
Trd, 4319412.543, 140
Trd, 4319412.793, 140
Trd, 4319413.143, 140
Trd, 4319413.743, 139
Trd, 4319414.443, 139
Trd, 4319415.043, 140
Trd, 4319415.193, 139
Trd, 4319417.593, 140
Trd, 4319418.193, 140
Trd, 4319419.093, 140
Trd, 4319419.993, 140
Trd, 4319420.593, 140
Trd, 4319420.893, 140
Trd, 4319421.143, 140
Trd, 4319421.793, 140
Trd, 4319422.343, 139
Trd, 4319423.193, 139
Trd, 4319424.393, 140
Trd, 4319424.643, 140
Trd, 4319425.643, 140
Trd, 4319426.393, 140
Trd, 4319427.293, 139
Trd, 4319427.343, 138
Trd, 4319427.843, 137
Trd, 4319430.043, 140
Trd, 4319431.093, 140
Trd, 4319432.093, 140
Trd, 4319432.943, 140
Trd, 4319433.043, 140
Trd, 4319433.893, 140
Trd, 4319434.343, 140
Trd, 4319435.593, 140
Trd, 4319435.843, 140
Trd, 4319436.043, 140
Trd, 4319437.093, 140
Trd, 4319438.943, 140
Trd, 4319439.793, 140
Trd, 4319441.193, 140
Trd, 4319441.593, 140
Trd, 4319441.643, 140
Trd, 4319442.343, 140
Trd, 4319442.693, 140
Trd, 4319442.943, 140
Trd, 4319443.443, 140
Trd, 4319443.793, 140
Trd, 4319444.493, 140
Trd, 4319444.743, 139
Trd, 4319445.093, 140
Trd, 4319445.943, 140
Trd, 4319446.143, 140
Trd, 4319447.893, 140
Trd, 4319448.493, 140
Trd, 4319449.243, 140
Trd, 4319449.693, 139
Trd, 4319450.293, 139
Trd, 4319450.593, 139
Trd, 4319450.793, 136
Trd, 4319451.943, 140
Trd, 4319453.443, 140
Trd, 4319454.093, 140
Trd, 4319454.343, 140
Trd, 4319454.993, 140
Trd, 4319455.093, 139
Trd, 4319455.443, 140
Trd, 4319456.293, 140
Trd, 4319458.343, 140
Trd, 4319458.393, 140
Trd, 4319458.693, 139
Trd, 4319459.293, 140
Trd, 4319460.993, 139
Trd, 4319461.543, 140
Trd, 4319461.943, 140
Trd, 4319462.393, 61
Trd, 4319462.543, 132
Trd, 4319463.593, 138
Trd, 4319463.643, 136
Trd, 4319464.593, 140
Trd, 4319464.943, 139
Trd, 4319465.593, 140
Trd, 4319466.093, 139
Trd, 4319466.693, 139
Trd, 4319468.243, 140
Trd, 4319468.943, 139
Trd, 4319469.143, 138
Trd, 4319471.643, 140
Trd, 4319471.943, 140
Trd, 4319472.743, 140
Trd, 4319472.993, 140
Trd, 4319473.693, 140
Trd, 4319474.943, 140
Trd, 4319475.043, 140
Trd, 4319475.893, 140
Trd, 4319476.093, 139
Trd, 4319477.643, 140
Trd, 4319478.143, 139
Trd, 4319478.793, 140
Trd, 4319479.143, 140
Trd, 4319479.293, 140
Trd, 4319480.193, 140
Trd, 4319482.393, 140
Trd, 4319482.443, 140
Trd, 4319482.643, 140
Trd, 4319482.993, 140
Trd, 4319484.193, 140
Trd, 4319484.293, 140
Trd, 4319484.943, 140
Trd, 4319485.543, 140
Trd, 4319486.543, 140
Trd, 4319487.543, 140
Trd, 4319488.443, 139
Trd, 4319489.243, 140
Trd, 4319490.393, 140
Trd, 4319490.593, 137
Trd, 4319491.243, 140
Trd, 4319492.293, 140
Trd, 4319492.993, 140
Trd, 4319493.443, 139
Trd, 4319493.793, 139
Trd, 4319494.143, 140
Trd, 4319494.643, 140
Trd, 4319495.593, 139
Trd, 4319496.393, 140
Trd, 4319496.643, 136
Trd, 4319497.943, 139
Trd, 4319498.893, 140
Trd, 4319499.193, 139
Trd, 4319499.493, 139
Trd, 4319501.693, 140
Trd, 4319501.743, 140
Trd, 4319502.043, 140
Trd, 4319505.043, 140
Trd, 4319505.743, 140
Trd, 4319505.893, 140
Trd, 4319506.343, 140
Trd, 4319506.593, 139
Trd, 4319506.693, 140
Trd, 4319507.543, 139
Trd, 4319507.793, 138
Trd, 4319509.193, 139
Trd, 4319509.943, 139
Trd, 4319509.993, 100
Trd, 4319510.343, 61
Trd, 4319510.493, 78
Trd, 4319510.743, 136
Trd, 4319511.143, 61
Trd, 4319513.343, 138
Trd, 4319513.393, 138
Trd, 4319514.743, 140
Trd, 4319514.893, 139
Trd, 4319514.943, 139
Trd, 4319515.693, 140
Trd, 4319515.793, 117
Trd, 4319516.243, 60
Trd, 4319516.843, 139
Trd, 4319516.893, 134
Trd, 4319518.443, 140
Trd, 4319518.943, 139
Trd, 4319519.443, 139
Trd, 4319520.243, 140
Trd, 4319520.493, 140
Trd, 4319521.543, 140
Trd, 4319521.843, 140
Trd, 4319521.893, 139
Trd, 4319522.143, 63
Trd, 4319522.593, 140
Trd, 4319523.243, 140
Trd, 4319523.843, 140
Trd, 4319525.543, 140
Trd, 4319525.643, 139
Trd, 4319526.293, 138
Trd, 4319527.643, 139
Trd, 4319528.093, 61
Trd, 4319529.193, 60
Trd, 4319529.343, 62
Trd, 4319529.843, 78
Trd, 4319530.543, 140
Trd, 4319531.243, 65
Trd, 4319531.843, 140
Trd, 4319533.043, 140
Trd, 4319533.543, 139
Trd, 4319533.793, 138
Trd, 4319534.743, 139
Trd, 4319536.193, 140
Trd, 4319537.243, 140
Trd, 4319537.343, 140
Trd, 4319537.693, 140
Trd, 4319539.193, 140
Trd, 4319540.393, 140
Trd, 4319540.743, 140
Trd, 4319541.193, 140
Trd, 4319542.793, 140
Trd, 4319544.293, 140
Trd, 4319544.993, 140
Trd, 4319545.193, 140
Trd, 4319545.393, 140
Trd, 4319545.543, 139
Trd, 4319546.343, 140
Trd, 4319546.793, 140
Trd, 4319547.393, 140
Trd, 4319549.643, 140
Trd, 4319549.843, 140
Trd, 4319550.093, 140
Trd, 4319550.143, 139
Trd, 4319550.993, 139
Trd, 4319551.193, 75
Trd, 4319552.443, 140
Trd, 4319552.843, 140
Trd, 4319553.093, 140
Trd, 4319554.143, 140
Trd, 4319555.693, 140
Trd, 4319556.443, 140
Trd, 4319556.943, 140
Trd, 4319557.593, 140
Trd, 4319558.193, 140
Trd, 4319558.793, 140
Trd, 4319560.093, 140
Trd, 4319560.543, 140
Trd, 4319560.893, 140
Trd, 4319563.093, 140
Trd, 4319563.843, 140
Trd, 4319564.293, 140
Trd, 4319565.093, 140
Trd, 4319565.793, 140
Trd, 4319565.893, 140
Trd, 4319566.743, 140
Trd, 4319567.093, 140
Trd, 4319567.143, 138
Trd, 4319567.393, 139
Trd, 4319568.493, 140
Trd, 4319570.443, 140
Trd, 4319570.793, 139
Trd, 4319571.243, 139
Trd, 4319571.643, 138
Trd, 4319572.743, 140
Trd, 4319572.893, 140
Trd, 4319573.643, 139
Trd, 4319574.043, 139
Trd, 4319574.143, 138
Trd, 4319575.043, 66
Trd, 4319575.493, 88
Trd, 4319575.743, 139
Trd, 4319576.443, 138
Trd, 4319576.743, 60
Trd, 4319577.543, 140
Trd, 4319577.893, 140
Trd, 4319578.743, 140
Trd, 4319579.943, 140
Trd, 4319580.293, 138
Trd, 4319581.543, 140
Trd, 4319582.293, 140
Trd, 4319582.393, 140
Trd, 4319582.593, 140
Trd, 4319583.343, 138
Trd, 4319584.093, 140
Trd, 4319585.593, 140
Trd, 4319585.693, 139
Trd, 4319586.143, 140
Trd, 4319587.343, 140
Trd, 4319587.543, 140
Trd, 4319587.943, 140
Trd, 4319588.593, 140
Trd, 4319590.443, 140
Trd, 4319590.793, 140
Trd, 4319591.093, 140
Trd, 4319592.793, 140
Trd, 4319592.843, 140
Trd, 4319593.043, 140
Trd, 4319593.443, 139
Trd, 4319593.793, 102
Trd, 4319594.443, 64
Trd, 4319594.793, 137
Trd, 4319595.243, 137
Trd, 4319596.593, 140
Trd, 4319597.243, 140
Trd, 4319597.493, 140
Trd, 4319600.043, 140
Trd, 4319600.443, 140
Trd, 4319600.693, 140
Trd, 4319600.743, 140
Trd, 4319600.993, 140
Trd, 4319601.743, 139
Trd, 4319601.843, 139
Trd, 4319603.443, 140
Trd, 4319604.543, 140
Trd, 4319605.193, 140
Trd, 4319606.643, 139
Trd, 4319606.843, 139
Trd, 4319609.993, 140
Trd, 4319610.243, 140
Trd, 4319610.393, 140
Trd, 4319611.293, 140
Trd, 4319611.643, 137
Trd, 4319611.993, 136
Trd, 4319612.343, 140
Trd, 4319613.043, 139
Trd, 4319613.893, 140
Trd, 4319615.143, 140
Trd, 4319615.893, 140
Trd, 4319615.943, 139
Trd, 4319616.643, 140
Trd, 4319617.843, 140
Trd, 4319618.093, 140
Trd, 4319618.543, 140
Trd, 4319618.793, 105
Trd, 4319620.293, 140
Trd, 4319620.393, 139
Trd, 4319620.593, 140
Trd, 4319621.693, 140
Trd, 4319623.443, 140
Trd, 4319623.693, 140
Trd, 4319623.793, 137
Trd, 4319624.293, 137
Trd, 4319624.843, 62
Trd, 4319625.043, 68
Trd, 4319625.543, 117
Trd, 4319626.593, 139
Trd, 4319627.693, 61
Trd, 4319627.843, 64
Trd, 4319628.143, 106
Trd, 4319628.693, 60
Trd, 4319629.043, 65
Trd, 4319629.643, 76
Trd, 4319629.743, 77
Trd, 4319631.243, 140
Trd, 4319631.393, 140
Trd, 4319631.793, 139
Trd, 4319632.293, 129
Trd, 4319633.643, 140
Trd, 4319634.143, 140
Trd, 4319635.143, 140
Trd, 4319635.243, 139
Trd, 4319636.393, 61
Trd, 4319637.243, 140
Trd, 4319637.643, 140
Trd, 4319637.793, 119
Trd, 4319640.243, 140
Trd, 4319640.993, 140
Trd, 4319641.293, 140
Trd, 4319641.993, 140
Trd, 4319643.193, 140
Trd, 4319643.843, 139
Trd, 4319644.243, 139
Trd, 4319644.493, 140
Trd, 4319645.243, 140
Trd, 4319645.593, 140
Trd, 4319645.843, 140
Trd, 4319646.393, 135
Trd, 4319646.943, 66
Trd, 4319649.193, 140
Trd, 4319649.943, 140
Trd, 4319651.243, 140
Trd, 4319651.293, 139
Trd, 4319652.043, 140
Trd, 4319654.043, 140
Trd, 4319654.143, 140
Trd, 4319654.293, 140
Trd, 4319654.493, 140
Trd, 4319655.393, 140
Trd, 4319655.443, 140
Trd, 4319655.743, 140
Trd, 4319656.043, 140
Trd, 4319656.743, 140
Trd, 4319659.443, 140
Trd, 4319659.993, 140
Trd, 4319660.393, 140
Trd, 4319660.593, 136
Trd, 4319661.543, 102
Trd, 4319662.293, 140
Trd, 4319662.593, 140
Trd, 4319663.343, 140
Trd, 4319663.993, 140
Trd, 4319664.943, 138
Trd, 4319665.393, 75
Trd, 4319666.943, 140
Trd, 4319667.493, 140
Trd, 4319667.793, 140
Trd, 4319668.093, 140
Trd, 4319669.593, 140
Trd, 4319669.793, 140
Trd, 4319670.543, 140
Trd, 4319671.743, 140
Trd, 4319673.193, 139
Trd, 4319674.093, 140
Trd, 4319675.143, 140
Trd, 4319675.443, 140
Trd, 4319675.893, 140
Trd, 4319676.893, 140
Trd, 4319677.093, 136
Trd, 4319677.243, 134
Trd, 4319678.793, 140
Trd, 4319680.043, 140
Trd, 4319680.693, 140
Trd, 4319680.843, 140
Trd, 4319681.593, 140
Trd, 4319681.643, 140
Trd, 4319683.793, 140
Trd, 4319685.143, 140
Trd, 4319686.293, 140
Trd, 4319686.393, 140
Trd, 4319686.493, 140
Trd, 4319686.793, 140
Trd, 4319687.293, 138
Trd, 4319687.543, 137
Trd, 4319687.643, 130
Trd, 4319688.743, 140
Trd, 4319689.393, 140
Trd, 4319690.193, 140
Trd, 4319690.793, 140
Trd, 4319690.943, 140
Trd, 4319691.443, 140
Trd, 4319692.143, 139
Trd, 4319692.293, 137
Trd, 4319692.843, 140
Trd, 4319694.343, 140
Trd, 4319695.793, 140
Trd, 4319697.393, 140
Trd, 4319698.743, 140
Trd, 4319698.843, 140
Trd, 4319698.993, 140
Trd, 4319699.543, 140
Trd, 4319700.743, 140
Trd, 4319701.793, 140
Trd, 4319702.143, 140
Trd, 4319703.293, 140
Trd, 4319703.593, 140
Trd, 4319703.743, 140
Trd, 4319704.443, 140
Trd, 4319706.343, 140
Trd, 4319706.743, 140
Trd, 4319706.993, 140
Trd, 4319707.193, 140
Trd, 4319708.393, 140
Trd, 4319709.193, 140
Trd, 4319709.443, 140
Trd, 4319710.743, 140
Trd, 4319711.543, 140
Trd, 4319712.643, 140
Trd, 4319712.693, 139
Trd, 4319713.043, 140
Trd, 4319713.393, 138
Trd, 4319714.093, 140
Trd, 4319714.393, 140
Trd, 4319716.093, 140
Trd, 4319717.143, 140
Trd, 4319717.243, 140
Trd, 4319718.643, 140
Trd, 4319718.693, 140
Trd, 4319719.443, 140
Trd, 4319719.493, 140
Trd, 4319719.993, 140
Trd, 4319720.543, 140
Trd, 4319721.693, 140
Trd, 4319722.443, 140
Trd, 4319722.793, 139
Trd, 4319725.143, 140
Trd, 4319725.343, 140
Trd, 4319725.393, 140
Trd, 4319725.943, 140
Trd, 4319726.593, 140
Trd, 4319727.043, 140
Trd, 4319727.993, 140
Trd, 4319728.743, 140
Trd, 4319729.143, 139
Trd, 4319729.293, 139
Trd, 4319729.793, 115
Trd, 4319730.443, 139
Trd, 4319730.643, 137
Trd, 4319731.793, 139
Trd, 4319733.693, 140
Trd, 4319734.493, 139
Trd, 4319734.893, 140
Trd, 4319735.443, 139
Trd, 4319736.243, 140
Trd, 4319736.493, 138
Trd, 4319736.993, 140
Trd, 4319737.443, 130
Trd, 4319739.143, 140
Trd, 4319739.343, 140
Trd, 4319739.543, 139
Trd, 4319740.693, 140
Trd, 4319741.343, 140
Trd, 4319741.943, 138
Trd, 4319741.993, 138
Trd, 4319742.493, 140
Trd, 4319743.193, 140
Trd, 4319743.743, 89
Trd, 4319743.993, 138
Trd, 4319744.543, 140
Trd, 4319746.843, 140
Trd, 4319747.593, 140
Trd, 4319747.893, 139
Trd, 4319748.693, 140
Trd, 4319749.693, 140
Trd, 4319750.843, 140
Trd, 4319750.943, 140
Trd, 4319751.243, 140
Trd, 4319751.293, 140
Trd, 4319753.143, 140
Trd, 4319753.893, 140
Trd, 4319754.543, 140
Trd, 4319754.793, 140
Trd, 4319755.343, 140
Trd, 4319755.693, 140
Trd, 4319758.343, 140
Trd, 4319759.393, 140
Trd, 4319760.143, 140
Trd, 4319760.443, 140
Trd, 4319760.593, 140
Trd, 4319761.193, 140
Trd, 4319762.393, 140
Trd, 4319762.543, 140
Trd, 4319762.893, 140
Trd, 4319763.343, 140
Trd, 4319764.093, 140
Trd, 4319764.643, 140
Trd, 4319764.893, 140
Trd, 4319765.493, 140
Trd, 4319766.043, 140
Trd, 4319766.593, 139
Trd, 4319767.693, 60
Trd, 4319768.643, 140
Trd, 4319769.493, 140
Trd, 4319770.143, 140
Trd, 4319771.093, 140
Trd, 4319771.993, 140
Trd, 4319772.993, 140
Trd, 4319773.743, 140
Trd, 4319774.393, 140
Trd, 4319774.643, 140
Trd, 4319775.743, 140
Trd, 4319776.143, 139
Trd, 4319776.443, 140
Trd, 4319777.443, 140
Trd, 4319777.893, 140
Trd, 4319777.993, 136
Trd, 4319778.243, 139
Trd, 4319779.343, 139
Trd, 4319780.193, 140
Trd, 4319780.593, 140
Trd, 4319780.943, 140
Trd, 4319781.593, 140
Trd, 4319782.793, 140
Trd, 4319784.743, 140
Trd, 4319785.043, 140
Trd, 4319785.643, 140
Trd, 4319786.743, 140
Trd, 4319786.943, 140
Trd, 4319787.543, 140
Trd, 4319787.893, 140
Trd, 4319788.043, 139
Trd, 4319788.593, 139
Trd, 4319788.943, 140
Trd, 4319790.093, 140
Trd, 4319791.093, 139
Trd, 4319791.743, 140
Trd, 4319792.743, 140
Trd, 4319792.893, 139
Trd, 4319793.743, 138
Trd, 4319794.693, 140
Trd, 4319795.443, 140
Trd, 4319795.793, 140
Trd, 4319796.243, 140
Trd, 4319796.643, 140
Trd, 4319797.993, 140
Trd, 4319798.593, 140
Trd, 4319799.093, 140
Trd, 4319800.893, 140
Trd, 4319801.493, 140
Trd, 4319801.593, 140
Trd, 4319802.143, 139
Trd, 4319802.443, 137
Trd, 4319803.193, 140
Trd, 4319803.643, 140
Trd, 4319803.893, 60
Trd, 4319804.893, 140
Trd, 4319804.943, 140
Trd, 4319806.593, 140
Trd, 4319807.243, 140
Trd, 4319807.543, 140
Trd, 4319807.943, 138
Trd, 4319808.243, 140
Trd, 4319809.193, 140
Trd, 4319809.593, 140
Trd, 4319809.793, 138
Trd, 4319810.943, 140
Trd, 4319812.043, 61
Trd, 4319812.143, 109
Trd, 4319812.893, 139
Trd, 4319814.643, 140
Trd, 4319814.743, 140
Trd, 4319815.043, 139
Trd, 4319815.893, 140
Trd, 4319816.143, 140
Trd, 4319816.493, 140
Trd, 4319816.843, 140
Trd, 4319817.393, 140
Trd, 4319817.743, 110
Trd, 4319819.493, 140
Trd, 4319820.043, 140
Trd, 4319821.143, 139
Trd, 4319821.943, 139
Trd, 4319822.543, 138
Trd, 4319823.343, 140
Trd, 4319824.293, 139
Trd, 4319824.893, 140
Trd, 4319824.943, 140
Trd, 4319825.143, 137
Trd, 4319825.893, 139
Trd, 4319828.693, 140
Trd, 4319829.393, 140
Trd, 4319829.443, 140
Trd, 4319829.593, 139
Trd, 4319829.993, 137
Trd, 4319830.693, 140
Trd, 4319831.093, 140
Trd, 4319832.293, 140
Trd, 4319834.293, 140
Trd, 4319834.743, 140
Trd, 4319835.293, 140
Trd, 4319835.793, 139
Trd, 4319835.993, 139
Trd, 4319836.993, 139
Trd, 4319837.443, 140
Trd, 4319837.993, 140
Trd, 4319838.343, 139
Trd, 4319838.493, 138
Trd, 4319838.693, 126
Trd, 4319839.143, 140
Trd, 4319840.293, 140
Trd, 4319840.743, 140
Trd, 4319841.893, 140
Trd, 4319842.543, 140
Trd, 4319843.443, 140
Trd, 4319844.093, 140
Trd, 4319844.693, 140
Trd, 4319845.193, 137
Trd, 4319845.443, 139
Trd, 4319845.743, 68
Trd, 4319846.743, 108
Trd, 4319847.743, 140
Trd, 4319848.543, 140
Trd, 4319848.993, 139
Trd, 4319849.743, 139
Trd, 4319849.943, 139
Trd, 4319852.493, 140
Trd, 4319852.693, 140
Trd, 4319852.943, 140
Trd, 4319854.493, 60
Trd, 4319854.693, 60
Trd, 4319854.893, 62
Trd, 4319855.343, 60
Trd, 4319856.043, 61
Trd, 4319856.343, 61
Trd, 4319857.193, 140
Trd, 4319857.743, 140
Trd, 4319858.193, 61
Trd, 4319858.493, 140
Trd, 4319859.593, 140
Trd, 4319859.993, 140
Trd, 4319860.593, 139
Trd, 4319861.093, 140
Trd, 4319861.343, 137
Trd, 4319861.993, 63
Trd, 4319862.393, 64
Trd, 4319864.293, 140
Trd, 4319864.993, 140
Trd, 4319865.393, 140
Trd, 4319866.793, 140
Trd, 4319866.993, 139
Trd, 4319867.843, 140
Trd, 4319868.593, 139
Trd, 4319869.093, 137
Trd, 4319869.593, 137
Trd, 4319870.893, 140
Trd, 4319871.593, 139
Trd, 4319871.743, 110
Trd, 4319871.943, 140
Trd, 4319873.543, 140
Trd, 4319874.093, 140
Trd, 4319874.543, 139
Trd, 4319874.693, 140
Trd, 4319875.043, 139
Trd, 4319875.543, 140
Trd, 4319876.793, 140
Trd, 4319878.143, 140
Trd, 4319878.643, 140
Trd, 4319878.793, 140
Trd, 4319878.943, 140
Trd, 4319880.443, 140
Trd, 4319881.493, 140
Trd, 4319881.993, 140
Trd, 4319882.093, 140
Trd, 4319882.293, 139
Trd, 4319883.443, 140
Trd, 4319885.393, 140
Trd, 4319885.693, 140
Trd, 4319886.343, 140
Trd, 4319886.593, 140
Trd, 4319886.893, 140
Trd, 4319887.243, 139
Trd, 4319888.293, 140
Trd, 4319889.343, 140
Trd, 4319890.693, 140
Trd, 4319890.793, 140
Trd, 4319891.243, 140
Trd, 4319892.093, 140
Trd, 4319892.643, 140
Trd, 4319893.393, 139
Trd, 4319895.143, 140
Trd, 4319896.343, 140
Trd, 4319896.543, 140
Trd, 4319896.993, 140
Trd, 4319897.793, 140
Trd, 4319898.093, 139
Trd, 4319900.893, 140
Trd, 4319901.693, 140
Trd, 4319901.993, 139
Trd, 4319902.193, 140
Trd, 4319902.593, 140
Trd, 4319904.243, 140
Trd, 4319904.343, 139
Trd, 4319906.243, 140
Trd, 4319906.793, 140
Trd, 4319908.943, 140
Trd, 4319909.193, 140
Trd, 4319909.743, 140
Trd, 4319909.793, 139
Trd, 4319909.893, 140
Trd, 4319910.943, 140
Trd, 4319911.093, 140
Trd, 4319911.393, 140
Trd, 4319911.643, 139
Trd, 4319912.243, 140
Trd, 4319913.093, 140
Trd, 4319915.043, 140
Trd, 4319915.793, 140
Trd, 4319915.893, 138
Trd, 4319916.043, 138
Trd, 4319916.843, 140
Trd, 4319917.843, 140
Trd, 4319918.393, 140
Trd, 4319918.843, 140
Trd, 4319919.843, 140
Trd, 4319920.043, 140
Trd, 4319920.643, 140
Trd, 4319921.343, 140
Trd, 4319922.243, 140
Trd, 4319924.543, 140
Trd, 4319925.043, 140
Trd, 4319925.293, 139
Trd, 4319926.443, 140
Trd, 4319926.543, 140
Trd, 4319928.293, 140
Trd, 4319929.143, 139
Trd, 4319929.293, 139
Trd, 4319929.543, 140
Trd, 4319930.393, 140
Trd, 4319930.993, 140
Trd, 4319931.993, 139
Trd, 4319932.593, 140
Trd, 4319933.493, 140
Trd, 4319934.693, 140
Trd, 4319935.043, 140
Trd, 4319935.893, 140
Trd, 4319937.393, 140
Trd, 4319937.543, 140
Trd, 4319938.693, 140
Trd, 4319938.793, 140
Trd, 4319938.943, 139
Trd, 4319940.043, 140
Trd, 4319940.493, 140
Trd, 4319940.543, 139
Trd, 4319940.693, 139
Trd, 4319941.643, 140
Trd, 4319942.943, 140
Trd, 4319944.843, 140
Trd, 4319945.443, 140
Trd, 4319945.943, 140
Trd, 4319946.743, 140
Trd, 4319947.293, 140
Trd, 4319948.443, 140
Trd, 4319948.493, 140
Trd, 4319949.143, 140
Trd, 4319949.543, 139
Trd, 4319949.693, 138
Trd, 4319950.743, 139
Trd, 4319951.293, 139
Trd, 4319951.443, 140
Trd, 4319952.693, 140
Trd, 4319953.043, 140
Trd, 4319953.293, 140
Trd, 4319954.943, 140
Trd, 4319955.593, 140
Trd, 4319955.843, 140
Trd, 4319956.843, 140
Trd, 4319957.343, 140
Trd, 4319957.693, 140
Trd, 4319958.893, 139
Trd, 4319959.043, 139
Trd, 4319960.243, 139
Trd, 4319960.843, 140
Trd, 4319961.743, 140
Trd, 4319962.793, 140
Trd, 4319962.993, 140
Trd, 4319964.893, 140
Trd, 4319965.993, 140
Trd, 4319966.243, 140
Trd, 4319966.943, 140
Trd, 4319968.343, 140
Trd, 4319968.493, 139
Trd, 4319968.893, 139
Trd, 4319971.193, 140
Trd, 4319971.293, 140
Trd, 4319971.443, 140
Trd, 4319971.893, 139
Trd, 4319972.693, 140
Trd, 4319972.743, 140
Trd, 4319973.893, 140
Trd, 4319974.093, 140
Trd, 4319975.143, 139
Trd, 4319976.193, 138
Trd, 4319976.643, 140
Trd, 4319976.943, 137
Trd, 4319977.193, 139
Trd, 4319979.443, 140
Trd, 4319980.543, 140
Trd, 4319980.843, 140
Trd, 4319981.043, 138
Trd, 4319982.643, 140
Trd, 4319982.693, 139
Trd, 4319982.893, 140
Trd, 4319983.293, 140
Trd, 4319983.643, 140
Trd, 4319985.893, 140
Trd, 4319986.343, 140
Trd, 4319986.993, 140
Trd, 4319987.293, 140
Trd, 4319987.543, 139
Trd, 4319988.593, 140
Trd, 4319989.743, 140
Trd, 4319991.143, 140
Trd, 4319991.243, 139
Trd, 4319991.943, 140
Trd, 4319992.843, 140
Trd, 4319993.293, 140
Trd, 4319994.193, 140
Trd, 4319994.243, 139
Trd, 4319995.393, 140
Trd, 4319996.193, 140
Trd, 4319997.143, 140
Trd, 4319997.193, 139
Trd, 4319998.093, 140
