Trd, 4318122.193, 74
Trd, 4318122.393, 72
Trd, 4318123.093, 65
Trd, 4318123.493, 112
Trd, 4318124.893, 118
Trd, 4318125.193, 110
Trd, 4318125.243, 81
Trd, 4318126.543, 74
Trd, 4318127.443, 110
Trd, 4318127.693, 85
Trd, 4318129.593, 126
Trd, 4318130.543, 90
Trd, 4318131.493, 139
Trd, 4318131.893, 126
Trd, 4318132.093, 104
Trd, 4318132.643, 101
Trd, 4318133.443, 91
Trd, 4318133.643, 110
Trd, 4318134.243, 116
Trd, 4318135.543, 126
Trd, 4318136.743, 84
Trd, 4318136.943, 77
Trd, 4318137.643, 75
Trd, 4318138.193, 62
Trd, 4318138.443, 60
Trd, 4318139.193, 77
Trd, 4318140.043, 68
Trd, 4318140.193, 103
Trd, 4318141.143, 103
Trd, 4318141.393, 64
Trd, 4318143.143, 116
Trd, 4318143.593, 93
Trd, 4318144.093, 106
Trd, 4318144.293, 133
Trd, 4318144.343, 93
Trd, 4318145.893, 63
Trd, 4318146.343, 127
Trd, 4318146.843, 61
Trd, 4318147.093, 109
Trd, 4318147.793, 114
Trd, 4318148.943, 120
Trd, 4318149.643, 114
Trd, 4318150.393, 110
Trd, 4318151.143, 92
Trd, 4318151.843, 91
Trd, 4318152.443, 70
Trd, 4318152.743, 62
Trd, 4318152.943, 82
Trd, 4318154.393, 134
Trd, 4318154.443, 120
Trd, 4318155.043, 138
Trd, 4318155.143, 128
Trd, 4318156.343, 118
Trd, 4318157.043, 95
Trd, 4318158.193, 140
Trd, 4318158.793, 124
Trd, 4318159.393, 127
Trd, 4318160.343, 94
Trd, 4318160.443, 93
Trd, 4318161.043, 133
Trd, 4318162.493, 89
Trd, 4318163.393, 123
Trd, 4318164.693, 132
Trd, 4318164.943, 118
Trd, 4318165.293, 75
Trd, 4318167.943, 112
Trd, 4318167.993, 100
Trd, 4318168.643, 114
Trd, 4318169.143, 100
Trd, 4318170.043, 99
Trd, 4318171.543, 93
Trd, 4318172.093, 87
Trd, 4318173.843, 113
Trd, 4318173.993, 94
Trd, 4318174.093, 128
Trd, 4318175.043, 120
Trd, 4318175.643, 140
Trd, 4318177.293, 134
Trd, 4318177.393, 109
Trd, 4318177.693, 104
Trd, 4318178.243, 104
Trd, 4318178.843, 134
Trd, 4318180.093, 121
Trd, 4318180.143, 119
Trd, 4318180.743, 74
Trd, 4318180.843, 76
Trd, 4318182.043, 99
Trd, 4318182.993, 117
Trd, 4318183.443, 90
Trd, 4318184.043, 129
Trd, 4318187.043, 102
Trd, 4318187.343, 98
Trd, 4318188.143, 84
Trd, 4318188.243, 72
Trd, 4318190.343, 119
Trd, 4318191.043, 126
Trd, 4318193.543, 108
Trd, 4318193.843, 119
Trd, 4318194.293, 114
Trd, 4318194.443, 113
Trd, 4318195.043, 90
Trd, 4318195.393, 109
Trd, 4318196.393, 87
Trd, 4318196.943, 131
Trd, 4318197.043, 107
Trd, 4318198.893, 108
Trd, 4318201.043, 107
Trd, 4318201.243, 77
Trd, 4318201.493, 106
Trd, 4318202.343, 98
Trd, 4318202.393, 71
Trd, 4318203.093, 100
Trd, 4318205.093, 62
Trd, 4318205.543, 66
Trd, 4318207.093, 86
Trd, 4318207.693, 112
Trd, 4318208.093, 107
Trd, 4318208.393, 87
Trd, 4318208.693, 81
Trd, 4318208.893, 71
Trd, 4318209.193, 131
Trd, 4318209.293, 111
Trd, 4318211.193, 136
Trd, 4318212.643, 107
Trd, 4318214.593, 72
Trd, 4318215.593, 118
Trd, 4318215.943, 102
Trd, 4318217.093, 104
Trd, 4318217.543, 102
Trd, 4318218.543, 104
Trd, 4318218.793, 133
Trd, 4318219.693, 122
Trd, 4318220.893, 106
Trd, 4318221.743, 109
Trd, 4318221.993, 95
Trd, 4318222.143, 88
Trd, 4318222.243, 121
Trd, 4318223.443, 104
Trd, 4318224.143, 118
Trd, 4318225.743, 120
Trd, 4318226.143, 97
Trd, 4318226.293, 92
Trd, 4318226.743, 113
Trd, 4318227.493, 107
Trd, 4318228.193, 107
Trd, 4318228.743, 83
Trd, 4318230.893, 103
Trd, 4318231.693, 128
Trd, 4318231.743, 117
Trd, 4318231.943, 102
Trd, 4318232.043, 98
Trd, 4318233.493, 102
Trd, 4318234.193, 92
Trd, 4318234.343, 90
Trd, 4318234.393, 88
Trd, 4318235.543, 97
Trd, 4318236.243, 103
Trd, 4318236.343, 107
Trd, 4318237.193, 125
Trd, 4318237.543, 122
Trd, 4318237.743, 120
Trd, 4318237.893, 96
Trd, 4318238.993, 78
Trd, 4318241.243, 82
Trd, 4318241.743, 87
Trd, 4318242.893, 81
Trd, 4318243.343, 76
Trd, 4318243.843, 76
Trd, 4318244.893, 134
Trd, 4318245.543, 132
Trd, 4318246.393, 126
Trd, 4318247.043, 91
Trd, 4318248.143, 83
Trd, 4318248.743, 130
Trd, 4318249.193, 66
Trd, 4318249.693, 65
Trd, 4318250.393, 71
Trd, 4318251.693, 110
Trd, 4318251.793, 80
Trd, 4318252.843, 113
Trd, 4318252.993, 102
Trd, 4318253.143, 101
Trd, 4318254.843, 63
Trd, 4318255.743, 133
Trd, 4318256.643, 79
Trd, 4318256.943, 92
Trd, 4318257.493, 129
Trd, 4318258.543, 107
Trd, 4318258.693, 86
Trd, 4318259.193, 107
Trd, 4318260.043, 107
Trd, 4318261.893, 83
Trd, 4318262.293, 87
Trd, 4318262.943, 102
Trd, 4318263.893, 79
Trd, 4318264.293, 69
Trd, 4318264.693, 117
Trd, 4318264.893, 68
Trd, 4318266.343, 120
Trd, 4318266.593, 118
Trd, 4318266.743, 99
Trd, 4318268.293, 67
Trd, 4318268.493, 103
Trd, 4318269.393, 115
Trd, 4318269.593, 88
Trd, 4318270.093, 132
Trd, 4318271.093, 73
Trd, 4318271.393, 86
Trd, 4318271.743, 72
Trd, 4318272.093, 105
Trd, 4318272.543, 125
Trd, 4318274.543, 71
Trd, 4318275.193, 69
Trd, 4318275.543, 91
Trd, 4318275.743, 73
Trd, 4318276.543, 81
Trd, 4318276.793, 92
Trd, 4318277.743, 101
Trd, 4318278.293, 110
Trd, 4318278.843, 134
Trd, 4318280.943, 123
Trd, 4318281.443, 113
Trd, 4318281.893, 85
Trd, 4318283.293, 112
Trd, 4318283.443, 101
Trd, 4318283.543, 100
Trd, 4318285.393, 123
Trd, 4318285.443, 86
Trd, 4318285.843, 107
Trd, 4318287.543, 91
Trd, 4318287.943, 120
Trd, 4318288.093, 117
Trd, 4318288.943, 77
Trd, 4318289.243, 71
Trd, 4318290.743, 87
Trd, 4318293.393, 129
Trd, 4318293.543, 129
Trd, 4318293.793, 126
Trd, 4318293.893, 110
Trd, 4318296.093, 115
Trd, 4318296.393, 93
Trd, 4318297.193, 102
Trd, 4318298.143, 103
Trd, 4318298.493, 105
Trd, 4318298.943, 100
Trd, 4318299.093, 98
Trd, 4318300.293, 104
Trd, 4318301.643, 124
Trd, 4318302.543, 130
Trd, 4318302.943, 117
Trd, 4318303.243, 93
Trd, 4318303.543, 90
Trd, 4318304.343, 130
Trd, 4318306.643, 138
Trd, 4318306.893, 126
Trd, 4318306.943, 101
Trd, 4318307.593, 140
Trd, 4318309.243, 84
Trd, 4318309.293, 89
Trd, 4318309.743, 91
Trd, 4318311.293, 109
Trd, 4318311.743, 121
Trd, 4318311.893, 117
Trd, 4318312.943, 115
Trd, 4318313.243, 122
Trd, 4318315.643, 103
Trd, 4318316.093, 104
Trd, 4318316.993, 121
Trd, 4318317.243, 115
Trd, 4318317.343, 109
Trd, 4318317.893, 74
Trd, 4318318.393, 130
Trd, 4318318.543, 124
Trd, 4318319.143, 112
Trd, 4318319.743, 83
Trd, 4318321.443, 112
Trd, 4318322.143, 106
Trd, 4318322.443, 73
Trd, 4318324.443, 79
Trd, 4318325.743, 87
Trd, 4318325.843, 78
Trd, 4318326.743, 132
Trd, 4318327.143, 111
Trd, 4318328.093, 128
Trd, 4318328.343, 112
Trd, 4318328.793, 128
Trd, 4318329.193, 98
Trd, 4318329.443, 80
Trd, 4318329.643, 73
Trd, 4318331.143, 63
Trd, 4318332.193, 63
Trd, 4318332.793, 112
Trd, 4318333.743, 91
Trd, 4318333.943, 97
Trd, 4318334.043, 91
Trd, 4318335.493, 104
Trd, 4318335.743, 99
Trd, 4318337.893, 117
Trd, 4318338.193, 129
Trd, 4318338.993, 140
Trd, 4318339.343, 119
Trd, 4318339.593, 116
Trd, 4318340.043, 102
Trd, 4318341.093, 125
Trd, 4318341.343, 122
Trd, 4318342.043, 104
Trd, 4318342.693, 88
Trd, 4318343.943, 103
Trd, 4318344.143, 102
Trd, 4318344.193, 100
Trd, 4318345.293, 129
Trd, 4318345.593, 95
Trd, 4318347.093, 111
Trd, 4318349.643, 126
Trd, 4318350.193, 124
Trd, 4318350.393, 119
Trd, 4318351.943, 94
Trd, 4318352.493, 124
Trd, 4318353.243, 115
Trd, 4318353.593, 95
Trd, 4318353.843, 90
Trd, 4318354.943, 123
Trd, 4318356.343, 116
Trd, 4318356.543, 105
Trd, 4318358.593, 126
Trd, 4318359.643, 121
Trd, 4318360.293, 107
Trd, 4318360.343, 98
Trd, 4318360.443, 92
Trd, 4318360.793, 114
Trd, 4318361.543, 69
Trd, 4318363.093, 123
Trd, 4318363.543, 122
Trd, 4318365.243, 81
Trd, 4318365.443, 78
Trd, 4318366.643, 130
Trd, 4318367.343, 91
Trd, 4318368.093, 87
Trd, 4318368.643, 96
Trd, 4318369.793, 93
Trd, 4318370.343, 80
Trd, 4318370.793, 124
Trd, 4318371.593, 108
Trd, 4318371.993, 97
Trd, 4318372.293, 90
Trd, 4318373.743, 106
Trd, 4318374.193, 65
Trd, 4318375.243, 114
Trd, 4318376.643, 76
Trd, 4318377.993, 135
Trd, 4318378.693, 78
Trd, 4318378.843, 73
Trd, 4318379.093, 95
Trd, 4318379.693, 67
Trd, 4318381.643, 72
Trd, 4318382.043, 124
Trd, 4318382.843, 132
Trd, 4318382.943, 112
Trd, 4318383.893, 93
Trd, 4318384.243, 88
Trd, 4318385.393, 86
Trd, 4318385.643, 107
Trd, 4318385.993, 89
Trd, 4318386.243, 138
Trd, 4318386.893, 115
Trd, 4318387.193, 109
Trd, 4318388.293, 80
Trd, 4318389.293, 68
Trd, 4318389.543, 108
Trd, 4318389.943, 81
Trd, 4318390.893, 93
Trd, 4318392.393, 115
Trd, 4318392.943, 74
Trd, 4318393.393, 109
Trd, 4318393.793, 87
Trd, 4318394.693, 82
Trd, 4318395.093, 118
Trd, 4318395.193, 128
Trd, 4318395.693, 108
Trd, 4318396.693, 103
Trd, 4318397.443, 131
Trd, 4318398.693, 112
Trd, 4318398.943, 123
Trd, 4318400.443, 92
Trd, 4318401.043, 97
Trd, 4318401.093, 96
Trd, 4318402.643, 79
Trd, 4318403.693, 85
Trd, 4318404.093, 91
Trd, 4318404.293, 106
Trd, 4318406.043, 107
Trd, 4318406.093, 105
Trd, 4318406.843, 128
Trd, 4318407.393, 102
Trd, 4318407.643, 101
Trd, 4318408.043, 128
Trd, 4318408.193, 92
Trd, 4318409.293, 139
Trd, 4318409.443, 113
Trd, 4318409.493, 111
Trd, 4318410.643, 75
Trd, 4318410.943, 109
Trd, 4318412.593, 68
Trd, 4318412.943, 83
Trd, 4318413.993, 76
Trd, 4318414.293, 74
Trd, 4318416.243, 103
Trd, 4318416.443, 89
Trd, 4318417.993, 115
Trd, 4318418.093, 100
Trd, 4318418.443, 105
Trd, 4318419.293, 129
Trd, 4318419.793, 125
Trd, 4318420.243, 108
Trd, 4318420.593, 101
Trd, 4318420.843, 129
Trd, 4318420.993, 76
Trd, 4318421.643, 73
Trd, 4318422.593, 93
Trd, 4318423.493, 79
Trd, 4318424.893, 102
Trd, 4318425.393, 100
Trd, 4318425.543, 92
Trd, 4318426.093, 93
Trd, 4318427.543, 119
Trd, 4318427.893, 109
Trd, 4318431.093, 110
Trd, 4318431.743, 106
Trd, 4318431.893, 101
Trd, 4318431.943, 95
Trd, 4318432.543, 69
Trd, 4318432.793, 116
Trd, 4318432.943, 125
Trd, 4318434.043, 135
Trd, 4318435.543, 121
Trd, 4318435.593, 94
Trd, 4318435.993, 68
Trd, 4318437.143, 61
Trd, 4318438.143, 67
Trd, 4318438.843, 82
Trd, 4318439.343, 136
Trd, 4318439.693, 133
Trd, 4318440.493, 114
Trd, 4318441.243, 105
Trd, 4318442.193, 117
Trd, 4318443.243, 134
Trd, 4318443.793, 125
Trd, 4318444.043, 122
Trd, 4318444.943, 107
Trd, 4318445.393, 110
Trd, 4318446.143, 107
Trd, 4318446.343, 125
Trd, 4318446.593, 101
Trd, 4318447.743, 118
Trd, 4318447.793, 117
Trd, 4318448.593, 113
Trd, 4318448.943, 119
Trd, 4318449.393, 97
Trd, 4318450.493, 60
Trd, 4318450.643, 68
Trd, 4318451.143, 76
Trd, 4318451.643, 62
Trd, 4318451.943, 67
Trd, 4318452.443, 90
Trd, 4318454.293, 68
Trd, 4318455.343, 65
Trd, 4318456.893, 60
Trd, 4318456.993, 95
Trd, 4318458.443, 85
Trd, 4318459.043, 83
Trd, 4318459.393, 81
Trd, 4318459.843, 129
Trd, 4318460.393, 108
Trd, 4318461.793, 128
Trd, 4318462.943, 103
Trd, 4318463.243, 109
Trd, 4318463.343, 101
Trd, 4318463.743, 98
Trd, 4318465.043, 110
Trd, 4318465.243, 115
Trd, 4318466.243, 138
Trd, 4318467.043, 95
Trd, 4318468.393, 104
Trd, 4318468.643, 101
Trd, 4318469.193, 111
Trd, 4318470.343, 82
Trd, 4318471.093, 73
Trd, 4318471.343, 80
Trd, 4318471.643, 81
Trd, 4318472.793, 83
Trd, 4318474.393, 140
Trd, 4318475.043, 130
Trd, 4318475.143, 121
Trd, 4318475.643, 114
Trd, 4318476.343, 102
Trd, 4318477.543, 116
Trd, 4318477.993, 68
Trd, 4318478.693, 107
Trd, 4318479.743, 81
Trd, 4318480.143, 86
Trd, 4318480.793, 80
Trd, 4318481.593, 64
Trd, 4318482.643, 66
Trd, 4318483.493, 89
Trd, 4318483.743, 88
Trd, 4318484.193, 75
Trd, 4318484.293, 77
Trd, 4318485.443, 103
Trd, 4318486.493, 134
Trd, 4318486.593, 65
Trd, 4318487.843, 119
Trd, 4318488.143, 81
Trd, 4318489.143, 74
Trd, 4318491.143, 77
Trd, 4318492.643, 77
Trd, 4318492.693, 80
Trd, 4318492.743, 72
Trd, 4318493.693, 128
Trd, 4318494.693, 115
Trd, 4318494.893, 112
Trd, 4318496.443, 138
Trd, 4318496.493, 130
Trd, 4318496.593, 109
Trd, 4318496.943, 129
Trd, 4318497.693, 118
Trd, 4318498.543, 104
Trd, 4318500.493, 107
Trd, 4318501.093, 104
Trd, 4318501.543, 103
Trd, 4318502.193, 117
Trd, 4318503.093, 92
Trd, 4318503.593, 76
Trd, 4318503.843, 122
Trd, 4318504.743, 68
Trd, 4318505.043, 70
Trd, 4318506.293, 106
Trd, 4318506.543, 83
Trd, 4318507.343, 109
Trd, 4318507.643, 97
Trd, 4318509.043, 78
Trd, 4318509.493, 123
Trd, 4318511.293, 108
Trd, 4318512.643, 85
Trd, 4318512.943, 85
Trd, 4318513.993, 140
Trd, 4318514.493, 110
Trd, 4318515.643, 112
Trd, 4318516.443, 92
Trd, 4318516.893, 97
Trd, 4318517.243, 108
Trd, 4318518.143, 103
Trd, 4318519.543, 97
Trd, 4318519.893, 93
Trd, 4318520.393, 135
Trd, 4318520.543, 88
Trd, 4318522.193, 118
Trd, 4318522.993, 104
Trd, 4318523.443, 81
Trd, 4318524.893, 79
Trd, 4318525.093, 68
Trd, 4318526.043, 72
Trd, 4318526.343, 73
Trd, 4318527.093, 85
Trd, 4318527.393, 84
Trd, 4318527.693, 80
Trd, 4318528.393, 136
Trd, 4318529.293, 116
Trd, 4318529.593, 100
Trd, 4318530.743, 110
Trd, 4318530.943, 94
Trd, 4318531.393, 114
Trd, 4318533.043, 116
Trd, 4318533.243, 89
Trd, 4318533.543, 96
Trd, 4318534.643, 110
Trd, 4318535.043, 97
Trd, 4318535.593, 130
Trd, 4318535.843, 124
Trd, 4318536.643, 118
Trd, 4318537.343, 115
Trd, 4318538.493, 109
Trd, 4318539.393, 69
Trd, 4318540.093, 73
Trd, 4318541.143, 80
Trd, 4318541.443, 88
Trd, 4318542.443, 80
Trd, 4318542.843, 84
Trd, 4318543.343, 87
Trd, 4318544.193, 137
Trd, 4318544.243, 80
Trd, 4318544.543, 73
Trd, 4318545.043, 69
Trd, 4318545.193, 60
Trd, 4318546.393, 127
Trd, 4318547.293, 120
Trd, 4318547.593, 119
Trd, 4318548.493, 117
Trd, 4318549.193, 128
Trd, 4318549.293, 127
Trd, 4318549.793, 108
Trd, 4318550.493, 132
Trd, 4318550.893, 105
Trd, 4318553.343, 135
Trd, 4318554.943, 137
Trd, 4318555.293, 104
Trd, 4318555.543, 118
Trd, 4318556.593, 86
Trd, 4318556.843, 132
Trd, 4318557.243, 78
Trd, 4318558.543, 71
Trd, 4318558.893, 101
Trd, 4318559.643, 96
Trd, 4318559.993, 90
Trd, 4318561.393, 137
Trd, 4318561.943, 94
Trd, 4318562.343, 114
Trd, 4318562.843, 109
Trd, 4318563.543, 77
Trd, 4318564.393, 116
Trd, 4318565.343, 132
Trd, 4318565.793, 104
Trd, 4318565.893, 89
Trd, 4318567.043, 100
Trd, 4318567.893, 68
Trd, 4318568.543, 71
Trd, 4318568.793, 107
Trd, 4318568.893, 127
Trd, 4318570.643, 93
Trd, 4318571.243, 97
Trd, 4318571.393, 88
Trd, 4318572.443, 108
Trd, 4318572.593, 105
Trd, 4318573.143, 95
Trd, 4318574.543, 119
Trd, 4318574.993, 140
Trd, 4318575.993, 135
Trd, 4318576.893, 130
Trd, 4318577.193, 129
Trd, 4318579.193, 137
Trd, 4318579.493, 134
Trd, 4318580.143, 133
Trd, 4318580.943, 106
Trd, 4318581.093, 80
Trd, 4318581.593, 60
Trd, 4318582.243, 131
Trd, 4318584.093, 108
Trd, 4318584.893, 137
Trd, 4318584.993, 105
Trd, 4318585.893, 121
Trd, 4318586.243, 96
Trd, 4318588.693, 136
Trd, 4318590.093, 124
Trd, 4318590.243, 114
Trd, 4318590.643, 122
Trd, 4318590.893, 131
Trd, 4318591.443, 124
Trd, 4318591.993, 125
Trd, 4318592.893, 113
Trd, 4318593.043, 95
Trd, 4318593.893, 132
Trd, 4318594.243, 121
Trd, 4318594.593, 70
Trd, 4318595.143, 79
Trd, 4318596.593, 88
Trd, 4318596.743, 69
Trd, 4318597.543, 110
Trd, 4318598.343, 90
Trd, 4318599.443, 78
Trd, 4318599.493, 74
Trd, 4318599.893, 128
Trd, 4318600.193, 117
Trd, 4318602.943, 80
Trd, 4318603.643, 132
Trd, 4318604.443, 138
Trd, 4318604.643, 120
Trd, 4318605.593, 134
Trd, 4318605.943, 109
Trd, 4318606.343, 84
Trd, 4318607.493, 63
Trd, 4318609.243, 76
Trd, 4318610.593, 115
Trd, 4318610.793, 79
Trd, 4318611.393, 104
Trd, 4318611.493, 88
Trd, 4318611.693, 88
Trd, 4318612.043, 127
Trd, 4318613.093, 127
Trd, 4318614.293, 117
Trd, 4318616.593, 113
Trd, 4318616.993, 120
Trd, 4318617.043, 101
Trd, 4318617.443, 135
Trd, 4318617.543, 100
Trd, 4318618.693, 67
Trd, 4318619.343, 62
Trd, 4318620.243, 72
Trd, 4318621.043, 72
Trd, 4318621.693, 114
Trd, 4318623.493, 137
Trd, 4318623.543, 136
Trd, 4318623.693, 134
Trd, 4318625.393, 126
Trd, 4318626.043, 107
Trd, 4318626.293, 105
Trd, 4318626.593, 110
Trd, 4318627.693, 114
Trd, 4318627.893, 100
Trd, 4318628.043, 94
Trd, 4318628.693, 96
Trd, 4318628.943, 91
Trd, 4318629.543, 102
Trd, 4318629.843, 92
Trd, 4318631.293, 131
Trd, 4318633.693, 133
Trd, 4318633.943, 132
Trd, 4318634.693, 130
Trd, 4318635.043, 119
Trd, 4318635.793, 110
Trd, 4318636.293, 111
Trd, 4318636.593, 96
Trd, 4318636.793, 115
Trd, 4318637.593, 124
Trd, 4318638.293, 104
Trd, 4318638.693, 120
Trd, 4318639.893, 96
Trd, 4318640.243, 115
Trd, 4318641.093, 98
Trd, 4318642.143, 83
Trd, 4318642.693, 101
Trd, 4318643.393, 116
Trd, 4318643.993, 81
Trd, 4318644.393, 127
Trd, 4318644.593, 109
Trd, 4318645.693, 85
Trd, 4318646.093, 89
Trd, 4318647.343, 77
Trd, 4318647.993, 76
Trd, 4318648.343, 108
Trd, 4318648.743, 116
Trd, 4318649.993, 95
Trd, 4318651.143, 92
Trd, 4318651.493, 97
Trd, 4318651.743, 103
Trd, 4318652.543, 83
Trd, 4318653.593, 88
Trd, 4318653.893, 83
Trd, 4318655.343, 109
Trd, 4318655.693, 99
Trd, 4318656.293, 122
Trd, 4318656.493, 97
Trd, 4318656.593, 77
Trd, 4318656.693, 73
Trd, 4318657.093, 83
Trd, 4318657.143, 93
Trd, 4318660.043, 130
Trd, 4318660.193, 117
Trd, 4318660.843, 136
Trd, 4318661.693, 133
Trd, 4318661.993, 80
Trd, 4318662.393, 72
Trd, 4318662.793, 87
Trd, 4318663.543, 120
Trd, 4318663.693, 113
Trd, 4318664.093, 86
Trd, 4318665.093, 65
Trd, 4318666.943, 62
Trd, 4318667.693, 64
Trd, 4318668.943, 76
Trd, 4318669.593, 78
Trd, 4318670.143, 68
Trd, 4318670.493, 112
Trd, 4318672.343, 113
Trd, 4318672.493, 112
Trd, 4318673.943, 118
Trd, 4318674.043, 92
Trd, 4318676.393, 120
Trd, 4318676.543, 118
Trd, 4318677.693, 136
Trd, 4318678.293, 116
Trd, 4318678.643, 127
Trd, 4318679.093, 117
Trd, 4318679.343, 107
Trd, 4318680.043, 120
Trd, 4318680.243, 103
Trd, 4318680.743, 72
Trd, 4318682.693, 94
Trd, 4318683.143, 92
Trd, 4318683.393, 113
Trd, 4318684.993, 98
Trd, 4318685.493, 100
Trd, 4318685.993, 109
Trd, 4318686.343, 85
Trd, 4318687.793, 89
Trd, 4318688.593, 64
Trd, 4318689.643, 65
Trd, 4318689.893, 85
Trd, 4318690.293, 100
Trd, 4318690.543, 99
Trd, 4318690.843, 108
Trd, 4318691.193, 96
Trd, 4318692.393, 65
Trd, 4318693.593, 123
Trd, 4318693.843, 128
Trd, 4318694.293, 72
Trd, 4318695.743, 66
Trd, 4318696.193, 70
Trd, 4318696.393, 80
Trd, 4318697.093, 99
Trd, 4318697.143, 90
Trd, 4318697.193, 112
Trd, 4318697.793, 83
Trd, 4318699.843, 124
Trd, 4318700.093, 77
Trd, 4318701.793, 81
Trd, 4318702.443, 109
Trd, 4318703.543, 101
Trd, 4318703.643, 106
Trd, 4318703.993, 119
Trd, 4318704.143, 109
Trd, 4318704.943, 111
Trd, 4318705.043, 86
Trd, 4318706.943, 95
Trd, 4318707.193, 91
Trd, 4318707.293, 88
Trd, 4318708.193, 128
Trd, 4318709.843, 87
Trd, 4318710.043, 73
Trd, 4318711.643, 123
Trd, 4318712.193, 121
Trd, 4318712.343, 78
Trd, 4318712.993, 78
Trd, 4318713.843, 78
Trd, 4318714.093, 96
Trd, 4318715.193, 87
Trd, 4318715.693, 82
Trd, 4318716.743, 83
Trd, 4318717.443, 96
Trd, 4318718.593, 97
Trd, 4318719.543, 69
Trd, 4318719.893, 96
Trd, 4318722.343, 66
Trd, 4318723.343, 75
Trd, 4318724.193, 65
Trd, 4318724.293, 83
Trd, 4318724.843, 85
Trd, 4318726.143, 93
Trd, 4318726.943, 137
Trd, 4318727.443, 84
Trd, 4318727.593, 123
Trd, 4318728.093, 64
Trd, 4318729.143, 126
Trd, 4318730.493, 101
Trd, 4318731.293, 92
Trd, 4318731.393, 81
Trd, 4318732.043, 79
Trd, 4318732.443, 132
Trd, 4318732.843, 72
Trd, 4318733.943, 61
Trd, 4318734.193, 104
Trd, 4318735.593, 109
Trd, 4318736.693, 105
Trd, 4318737.543, 94
Trd, 4318738.293, 100
Trd, 4318738.993, 114
Trd, 4318739.943, 61
Trd, 4318740.693, 78
Trd, 4318740.793, 66
Trd, 4318741.743, 68
Trd, 4318741.993, 98
Trd, 4318742.793, 121
Trd, 4318745.493, 118
Trd, 4318745.843, 85
Trd, 4318746.193, 75
Trd, 4318746.693, 72
Trd, 4318747.393, 94
Trd, 4318747.743, 98
Trd, 4318747.793, 89
Trd, 4318748.943, 96
Trd, 4318749.443, 89
Trd, 4318749.593, 82
Trd, 4318750.393, 65
Trd, 4318751.193, 81
Trd, 4318752.993, 61
Trd, 4318753.943, 64
Trd, 4318754.543, 82
Trd, 4318755.843, 128
Trd, 4318755.893, 80
Trd, 4318756.943, 109
Trd, 4318757.193, 92
Trd, 4318758.093, 101
Trd, 4318758.693, 67
Trd, 4318759.293, 81
Trd, 4318759.593, 88
Trd, 4318760.093, 63
Trd, 4318760.993, 128
Trd, 4318762.343, 130
Trd, 4318763.043, 131
Trd, 4318763.193, 120
Trd, 4318763.743, 87
Trd, 4318763.893, 72
Trd, 4318764.093, 111
Trd, 4318766.293, 137
Trd, 4318766.343, 104
Trd, 4318767.593, 63
Trd, 4318768.693, 101
Trd, 4318768.843, 100
Trd, 4318770.093, 139
Trd, 4318770.693, 118
Trd, 4318771.593, 125
Trd, 4318774.243, 99
Trd, 4318774.293, 97
Trd, 4318774.343, 84
Trd, 4318774.743, 77
Trd, 4318775.243, 132
Trd, 4318775.643, 61
Trd, 4318776.643, 62
Trd, 4318778.343, 75
Trd, 4318779.443, 126
Trd, 4318780.443, 111
Trd, 4318780.943, 106
Trd, 4318781.843, 97
Trd, 4318782.293, 86
Trd, 4318783.593, 139
Trd, 4318784.943, 134
Trd, 4318785.293, 114
Trd, 4318785.393, 107
Trd, 4318786.693, 97
Trd, 4318787.843, 128
Trd, 4318788.543, 87
Trd, 4318789.293, 83
Trd, 4318790.493, 137
Trd, 4318790.593, 128
Trd, 4318791.143, 120
Trd, 4318791.343, 81
Trd, 4318792.893, 92
Trd, 4318793.593, 94
Trd, 4318794.293, 120
Trd, 4318794.343, 119
Trd, 4318794.843, 131
Trd, 4318795.193, 125
Trd, 4318795.243, 93
Trd, 4318796.093, 134
Trd, 4318797.643, 100
Trd, 4318798.493, 93
Trd, 4318800.093, 117
Trd, 4318801.243, 113
Trd, 4318801.293, 112
Trd, 4318801.993, 131
Trd, 4318803.243, 127
Trd, 4318803.693, 131
Trd, 4318804.143, 133
Trd, 4318805.543, 102
Trd, 4318805.993, 99
Trd, 4318806.843, 77
Trd, 4318807.593, 72
Trd, 4318807.843, 76
Trd, 4318809.093, 132
Trd, 4318809.993, 122
Trd, 4318810.193, 107
Trd, 4318810.293, 128
Trd, 4318812.093, 105
Trd, 4318812.743, 97
Trd, 4318812.893, 94
Trd, 4318813.243, 129
Trd, 4318813.693, 74
Trd, 4318815.043, 60
Trd, 4318816.743, 101
Trd, 4318816.793, 100
Trd, 4318817.443, 85
Trd, 4318817.843, 117
Trd, 4318818.393, 129
Trd, 4318818.443, 126
Trd, 4318818.693, 116
Trd, 4318819.343, 124
Trd, 4318819.693, 75
Trd, 4318820.693, 116
Trd, 4318821.843, 106
Trd, 4318823.043, 101
Trd, 4318823.393, 83
Trd, 4318823.493, 80
Trd, 4318824.243, 77
Trd, 4318825.593, 72
Trd, 4318825.893, 72
Trd, 4318826.693, 73
Trd, 4318826.993, 60
Trd, 4318827.593, 77
Trd, 4318828.243, 62
Trd, 4318828.393, 127
Trd, 4318830.193, 125
Trd, 4318830.593, 109
Trd, 4318831.293, 80
Trd, 4318832.443, 88
Trd, 4318832.643, 106
Trd, 4318832.893, 81
Trd, 4318833.393, 90
Trd, 4318834.793, 105
Trd, 4318834.993, 107
Trd, 4318835.793, 131
Trd, 4318836.643, 87
Trd, 4318836.843, 84
Trd, 4318837.743, 84
Trd, 4318838.443, 77
Trd, 4318838.893, 68
Trd, 4318839.943, 85
Trd, 4318840.643, 115
Trd, 4318841.843, 125
Trd, 4318842.143, 105
Trd, 4318843.293, 130
Trd, 4318843.343, 129
Trd, 4318844.443, 128
Trd, 4318844.693, 127
Trd, 4318846.393, 134
Trd, 4318846.543, 131
Trd, 4318846.693, 117
Trd, 4318847.193, 83
Trd, 4318848.493, 115
Trd, 4318849.393, 105
Trd, 4318849.543, 100
Trd, 4318849.843, 139
Trd, 4318850.593, 98
Trd, 4318851.793, 140
Trd, 4318853.243, 84
Trd, 4318854.593, 65
Trd, 4318855.293, 76
Trd, 4318855.793, 62
Trd, 4318856.893, 87
Trd, 4318857.393, 99
Trd, 4318858.243, 90
Trd, 4318858.393, 112
Trd, 4318859.643, 117
Trd, 4318859.843, 108
Trd, 4318861.193, 125
Trd, 4318861.543, 91
Trd, 4318862.743, 131
Trd, 4318862.843, 113
Trd, 4318863.143, 94
Trd, 4318863.693, 110
Trd, 4318864.743, 131
Trd, 4318864.993, 113
Trd, 4318865.193, 99
Trd, 4318866.393, 64
Trd, 4318866.643, 67
Trd, 4318867.943, 66
Trd, 4318869.243, 133
Trd, 4318869.643, 116
Trd, 4318870.243, 115
Trd, 4318870.693, 84
Trd, 4318872.193, 75
Trd, 4318872.443, 60
Trd, 4318872.843, 70
Trd, 4318873.543, 113
Trd, 4318875.543, 88
Trd, 4318876.043, 132
Trd, 4318876.443, 108
Trd, 4318877.243, 109
Trd, 4318877.293, 109
Trd, 4318878.443, 93
Trd, 4318879.343, 96
Trd, 4318879.393, 90
Trd, 4318879.743, 61
Trd, 4318880.193, 67
Trd, 4318880.293, 73
Trd, 4318880.893, 132
Trd, 4318881.643, 85
Trd, 4318881.993, 77
Trd, 4318882.543, 91
Trd, 4318883.343, 100
Trd, 4318884.143, 104
Trd, 4318885.143, 69
Trd, 4318885.793, 75
Trd, 4318886.293, 67
Trd, 4318886.993, 81
Trd, 4318887.993, 114
Trd, 4318888.143, 101
Trd, 4318888.693, 118
Trd, 4318889.943, 85
Trd, 4318890.193, 124
Trd, 4318890.893, 106
Trd, 4318892.643, 137
Trd, 4318893.343, 121
Trd, 4318893.943, 119
Trd, 4318893.993, 118
Trd, 4318896.143, 133
Trd, 4318896.493, 136
Trd, 4318896.893, 121
Trd, 4318896.993, 117
Trd, 4318898.293, 118
Trd, 4318898.343, 118
Trd, 4318898.393, 117
Trd, 4318898.693, 116
Trd, 4318898.843, 96
Trd, 4318899.393, 66
Trd, 4318900.393, 75
Trd, 4318901.193, 101
Trd, 4318903.193, 84
Trd, 4318903.393, 85
Trd, 4318903.743, 92
Trd, 4318903.893, 101
Trd, 4318904.093, 65
Trd, 4318905.193, 106
Trd, 4318905.693, 85
Trd, 4318907.243, 102
Trd, 4318907.293, 117
Trd, 4318908.043, 101
Trd, 4318908.093, 94
Trd, 4318908.443, 87
Trd, 4318908.993, 99
Trd, 4318910.193, 88
Trd, 4318910.243, 78
Trd, 4318910.493, 78
Trd, 4318911.643, 107
Trd, 4318912.393, 67
Trd, 4318913.093, 111
Trd, 4318913.793, 109
Trd, 4318914.043, 103
Trd, 4318915.243, 104
Trd, 4318915.493, 93
Trd, 4318916.843, 95
Trd, 4318917.093, 69
Trd, 4318919.093, 111
Trd, 4318920.393, 117
Trd, 4318920.943, 113
Trd, 4318921.443, 105
Trd, 4318922.743, 102
Trd, 4318922.943, 96
Trd, 4318924.343, 65
Trd, 4318924.443, 88
Trd, 4318924.493, 102
Trd, 4318925.843, 117
Trd, 4318926.343, 64
Trd, 4318926.643, 91
Trd, 4318926.743, 111
Trd, 4318930.243, 78
Trd, 4318931.043, 94
Trd, 4318931.193, 67
Trd, 4318932.993, 121
Trd, 4318934.543, 133
Trd, 4318935.093, 122
Trd, 4318935.793, 115
Trd, 4318936.193, 111
Trd, 4318936.543, 140
Trd, 4318936.593, 116
Trd, 4318937.343, 118
Trd, 4318937.693, 140
Trd, 4318938.193, 99
Trd, 4318938.493, 73
Trd, 4318938.943, 74
Trd, 4318942.093, 85
Trd, 4318942.593, 83
Trd, 4318945.043, 128
Trd, 4318945.243, 129
Trd, 4318945.843, 121
Trd, 4318945.893, 118
Trd, 4318946.493, 95
Trd, 4318947.193, 105
Trd, 4318947.243, 100
Trd, 4318947.443, 88
Trd, 4318947.893, 90
Trd, 4318948.243, 75
Trd, 4318949.043, 114
Trd, 4318951.693, 112
Trd, 4318952.093, 110
Trd, 4318953.443, 102
Trd, 4318954.093, 117
Trd, 4318954.443, 120
Trd, 4318955.443, 100
Trd, 4318956.343, 91
Trd, 4318958.393, 78
Trd, 4318958.443, 79
Trd, 4318959.443, 129
Trd, 4318959.693, 126
Trd, 4318960.293, 94
Trd, 4318961.043, 62
Trd, 4318961.293, 127
Trd, 4318962.243, 90
Trd, 4318963.543, 126
Trd, 4318963.593, 89
Trd, 4318964.043, 102
Trd, 4318965.543, 104
Trd, 4318966.793, 126
Trd, 4318967.643, 93
Trd, 4318968.893, 96
Trd, 4318969.143, 134
Trd, 4318969.793, 116
Trd, 4318969.943, 136
Trd, 4318969.993, 91
Trd, 4318970.493, 87
Trd, 4318972.293, 125
Trd, 4318972.843, 101
Trd, 4318973.643, 140
Trd, 4318974.143, 95
Trd, 4318974.393, 101
Trd, 4318975.093, 86
Trd, 4318976.043, 88
Trd, 4318976.693, 122
Trd, 4318977.543, 124
Trd, 4318977.743, 90
Trd, 4318978.243, 119
Trd, 4318978.443, 107
Trd, 4318979.343, 97
Trd, 4318980.643, 87
Trd, 4318981.443, 103
Trd, 4318981.843, 88
Trd, 4318982.293, 103
Trd, 4318983.943, 63
Trd, 4318984.793, 92
Trd, 4318984.943, 65
Trd, 4318985.793, 82
Trd, 4318986.743, 81
Trd, 4318987.443, 79
Trd, 4318987.743, 91
Trd, 4318988.443, 86
Trd, 4318988.643, 80
Trd, 4318989.093, 99
Trd, 4318990.293, 107
Trd, 4318991.843, 77
Trd, 4318992.093, 84
Trd, 4318992.743, 69
Trd, 4318993.443, 138
Trd, 4318993.493, 123
Trd, 4318993.893, 118
Trd, 4318994.543, 125
Trd, 4318994.943, 100
Trd, 4318996.043, 129
Trd, 4318997.393, 98
Trd, 4318997.493, 71
Trd, 4318998.193, 66
Trd, 4318999.493, 125
Trd, 4318999.693, 122
Trd, 4318999.893, 115
Trd, 4319000.143, 91
Trd, 4319000.193, 76
Trd, 4319001.593, 107
Trd, 4319003.343, 103
Trd, 4319003.493, 99
Trd, 4319004.493, 117
Trd, 4319004.593, 96
Trd, 4319006.543, 62
Trd, 4319007.193, 62
Trd, 4319007.343, 107
Trd, 4319008.643, 96
Trd, 4319008.793, 129
Trd, 4319009.443, 115
Trd, 4319009.743, 80
Trd, 4319009.843, 69
Trd, 4319011.293, 119
Trd, 4319011.943, 78
Trd, 4319012.693, 94
Trd, 4319013.143, 112
Trd, 4319014.393, 74
Trd, 4319014.793, 74
Trd, 4319015.243, 82
Trd, 4319016.493, 138
Trd, 4319016.693, 101
Trd, 4319018.193, 87
Trd, 4319019.193, 119
Trd, 4319019.543, 95
Trd, 4319019.693, 128
Trd, 4319020.243, 80
Trd, 4319021.693, 78
Trd, 4319022.393, 85
Trd, 4319023.893, 109
Trd, 4319024.043, 98
Trd, 4319024.693, 81
Trd, 4319024.793, 78
Trd, 4319025.993, 81
Trd, 4319026.843, 88
Trd, 4319027.093, 93
Trd, 4319027.243, 92
Trd, 4319027.693, 77
Trd, 4319028.293, 112
Trd, 4319029.093, 121
Trd, 4319029.143, 87
Trd, 4319030.643, 74
Trd, 4319031.693, 116
Trd, 4319031.893, 105
Trd, 4319031.943, 90
Trd, 4319032.693, 113
Trd, 4319032.843, 83
Trd, 4319034.243, 104
Trd, 4319034.593, 74
Trd, 4319035.693, 131
Trd, 4319036.993, 135
Trd, 4319037.343, 120
Trd, 4319037.593, 115
Trd, 4319038.443, 96
Trd, 4319038.793, 86
Trd, 4319039.543, 82
Trd, 4319039.843, 127
Trd, 4319041.393, 88
Trd, 4319042.143, 134
Trd, 4319043.643, 110
Trd, 4319043.793, 101
Trd, 4319044.493, 69
Trd, 4319045.143, 131
Trd, 4319045.243, 88
Trd, 4319047.493, 119
Trd, 4319047.993, 124
Trd, 4319049.043, 124
Trd, 4319049.193, 117
Trd, 4319050.293, 135
Trd, 4319050.343, 132
Trd, 4319051.393, 135
Trd, 4319051.843, 118
Trd, 4319052.043, 103
Trd, 4319052.793, 102
Trd, 4319053.193, 97
Trd, 4319054.093, 81
Trd, 4319054.793, 103
Trd, 4319055.743, 133
Trd, 4319056.443, 131
Trd, 4319057.143, 122
Trd, 4319057.343, 110
Trd, 4319057.593, 106
Trd, 4319057.743, 100
Trd, 4319058.693, 131
Trd, 4319060.393, 135
Trd, 4319061.493, 117
Trd, 4319062.143, 135
Trd, 4319062.243, 123
Trd, 4319064.443, 95
Trd, 4319066.393, 131
Trd, 4319066.743, 102
Trd, 4319067.043, 100
Trd, 4319067.143, 101
Trd, 4319068.143, 63
Trd, 4319069.593, 138
Trd, 4319069.793, 82
Trd, 4319070.293, 123
Trd, 4319070.493, 89
Trd, 4319070.943, 89
Trd, 4319071.043, 117
Trd, 4319071.993, 85
Trd, 4319073.443, 116
Trd, 4319074.443, 132
Trd, 4319074.743, 100
Trd, 4319075.493, 66
Trd, 4319075.943, 67
Trd, 4319076.643, 90
Trd, 4319077.343, 83
Trd, 4319077.593, 81
Trd, 4319079.493, 137
Trd, 4319079.843, 127
Trd, 4319080.243, 116
Trd, 4319080.693, 97
Trd, 4319081.393, 92
Trd, 4319082.393, 133
Trd, 4319082.743, 90
Trd, 4319083.393, 94
Trd, 4319084.493, 91
Trd, 4319085.093, 82
Trd, 4319086.743, 110
Trd, 4319087.243, 131
Trd, 4319087.793, 125
Trd, 4319088.393, 107
Trd, 4319088.443, 97
Trd, 4319088.993, 83
Trd, 4319090.493, 108
Trd, 4319090.593, 97
Trd, 4319090.793, 96
Trd, 4319091.743, 108
Trd, 4319091.793, 128
Trd, 4319093.943, 137
Trd, 4319095.093, 125
Trd, 4319095.293, 101
Trd, 4319095.343, 67
Trd, 4319096.193, 107
Trd, 4319097.543, 106
Trd, 4319098.343, 121
Trd, 4319099.093, 111
Trd, 4319099.243, 113
Trd, 4319100.193, 122
Trd, 4319101.293, 102
Trd, 4319101.343, 91
Trd, 4319102.543, 138
Trd, 4319102.843, 130
Trd, 4319102.893, 99
Trd, 4319103.393, 82
Trd, 4319103.993, 86
Trd, 4319106.443, 130
Trd, 4319106.793, 122
Trd, 4319107.143, 117
Trd, 4319108.343, 101
Trd, 4319110.143, 99
Trd, 4319111.093, 132
Trd, 4319111.143, 100
Trd, 4319111.443, 83
Trd, 4319111.843, 81
Trd, 4319112.243, 115
Trd, 4319113.393, 118
Trd, 4319114.693, 84
Trd, 4319114.943, 83
Trd, 4319115.193, 78
Trd, 4319117.643, 126
Trd, 4319117.793, 125
Trd, 4319118.143, 116
Trd, 4319118.593, 93
Trd, 4319118.843, 114
Trd, 4319120.043, 72
Trd, 4319121.243, 64
Trd, 4319121.393, 74
Trd, 4319121.893, 78
Trd, 4319122.443, 73
Trd, 4319123.443, 77
Trd, 4319123.593, 114
Trd, 4319123.693, 107
Trd, 4319124.443, 114
Trd, 4319126.443, 132
Trd, 4319126.693, 126
Trd, 4319126.993, 117
Trd, 4319127.393, 97
Trd, 4319127.693, 105
Trd, 4319128.143, 131
Trd, 4319129.643, 101
Trd, 4319129.793, 98
Trd, 4319131.693, 135
Trd, 4319132.143, 93
Trd, 4319132.493, 108
Trd, 4319133.343, 119
Trd, 4319133.993, 70
Trd, 4319134.993, 71
Trd, 4319135.293, 63
Trd, 4319135.493, 107
Trd, 4319136.193, 90
Trd, 4319136.793, 85
Trd, 4319138.393, 131
Trd, 4319138.543, 128
Trd, 4319139.243, 94
Trd, 4319139.743, 119
Trd, 4319139.893, 81
Trd, 4319140.943, 71
Trd, 4319142.893, 123
Trd, 4319143.443, 133
Trd, 4319144.143, 129
Trd, 4319144.543, 121
Trd, 4319144.793, 109
Trd, 4319145.093, 131
Trd, 4319145.393, 117
Trd, 4319147.743, 95
Trd, 4319147.893, 83
Trd, 4319148.193, 108
Trd, 4319149.443, 76
Trd, 4319150.343, 82
Trd, 4319150.743, 81
Trd, 4319151.793, 140
Trd, 4319152.393, 90
Trd, 4319152.943, 105
Trd, 4319153.143, 104
Trd, 4319153.193, 78
Trd, 4319153.693, 80
Trd, 4319155.143, 101
Trd, 4319155.343, 83
Trd, 4319156.143, 91
Trd, 4319156.193, 84
Trd, 4319157.693, 88
Trd, 4319159.043, 83
Trd, 4319159.593, 86
Trd, 4319160.093, 85
Trd, 4319162.243, 130
Trd, 4319162.393, 129
Trd, 4319163.543, 124
Trd, 4319163.693, 120
Trd, 4319164.093, 117
Trd, 4319164.293, 112
Trd, 4319164.693, 84
Trd, 4319165.743, 61
Trd, 4319166.093, 112
Trd, 4319166.343, 71
Trd, 4319168.493, 81
Trd, 4319169.493, 118
Trd, 4319169.643, 116
Trd, 4319170.493, 115
Trd, 4319171.093, 105
Trd, 4319171.993, 133
Trd, 4319172.793, 90
Trd, 4319173.193, 124
Trd, 4319173.993, 116
Trd, 4319175.143, 121
Trd, 4319175.743, 123
Trd, 4319176.193, 121
Trd, 4319176.943, 96
Trd, 4319177.243, 75
Trd, 4319179.043, 136
Trd, 4319180.593, 101
Trd, 4319181.243, 130
Trd, 4319181.493, 107
Trd, 4319181.643, 104
Trd, 4319182.043, 74
Trd, 4319182.343, 124
Trd, 4319182.943, 66
Trd, 4319184.643, 81
Trd, 4319184.743, 73
Trd, 4319186.243, 77
Trd, 4319187.743, 72
Trd, 4319187.893, 65
Trd, 4319188.243, 72
Trd, 4319188.493, 101
Trd, 4319188.943, 120
Trd, 4319190.093, 93
Trd, 4319190.393, 61
Trd, 4319190.593, 107
Trd, 4319191.493, 61
Trd, 4319192.093, 106
Trd, 4319192.343, 98
Trd, 4319194.793, 61
Trd, 4319194.993, 63
Trd, 4319195.293, 66
Trd, 4319196.493, 67
Trd, 4319197.293, 90
Trd, 4319198.093, 85
Trd, 4319198.393, 88
Trd, 4319198.843, 68
Trd, 4319199.143, 105
Trd, 4319200.093, 118
Trd, 4319200.943, 82
Trd, 4319201.743, 140
Trd, 4319202.243, 103
Trd, 4319202.943, 105
Trd, 4319203.193, 78
Trd, 4319203.393, 84
Trd, 4319205.343, 101
Trd, 4319206.693, 99
Trd, 4319206.843, 90
Trd, 4319207.443, 81
Trd, 4319207.993, 114
Trd, 4319208.593, 122
Trd, 4319208.693, 117
Trd, 4319209.743, 68
Trd, 4319209.893, 67
Trd, 4319211.643, 114
Trd, 4319211.793, 103
Trd, 4319212.243, 75
Trd, 4319212.543, 74
Trd, 4319213.243, 112
Trd, 4319214.393, 114
Trd, 4319214.443, 95
Trd, 4319215.043, 83
Trd, 4319215.593, 122
Trd, 4319215.793, 98
Trd, 4319215.843, 77
Trd, 4319215.993, 71
Trd, 4319217.043, 90
Trd, 4319218.543, 101
Trd, 4319218.943, 90
Trd, 4319219.693, 96
Trd, 4319221.193, 67
Trd, 4319221.743, 129
Trd, 4319222.043, 124
Trd, 4319222.493, 133
Trd, 4319223.693, 119
Trd, 4319225.343, 128
Trd, 4319225.793, 120
Trd, 4319227.443, 129
Trd, 4319227.643, 126
Trd, 4319227.843, 115
Trd, 4319228.243, 83
Trd, 4319228.543, 99
Trd, 4319229.193, 82
Trd, 4319229.643, 140
Trd, 4319230.843, 135
Trd, 4319231.893, 84
Trd, 4319232.743, 90
Trd, 4319233.493, 95
Trd, 4319234.293, 85
Trd, 4319234.393, 88
Trd, 4319235.193, 138
Trd, 4319235.993, 111
Trd, 4319236.543, 98
Trd, 4319237.243, 118
Trd, 4319237.943, 80
Trd, 4319239.993, 112
Trd, 4319240.943, 112
Trd, 4319241.943, 128
Trd, 4319242.193, 134
Trd, 4319243.043, 122
Trd, 4319243.593, 119
Trd, 4319243.643, 103
Trd, 4319245.193, 138
Trd, 4319245.943, 96
Trd, 4319246.143, 99
Trd, 4319246.343, 113
Trd, 4319247.743, 114
Trd, 4319248.793, 70
Trd, 4319249.843, 65
Trd, 4319250.693, 67
Trd, 4319250.743, 70
Trd, 4319250.943, 84
Trd, 4319251.743, 112
Trd, 4319251.993, 120
Trd, 4319252.243, 103
Trd, 4319253.293, 89
Trd, 4319253.343, 81
Trd, 4319254.493, 130
Trd, 4319254.743, 137
Trd, 4319256.243, 64
Trd, 4319257.393, 109
Trd, 4319257.743, 99
Trd, 4319258.493, 102
Trd, 4319259.343, 122
Trd, 4319259.693, 100
Trd, 4319260.443, 118
Trd, 4319261.143, 96
Trd, 4319261.893, 117
Trd, 4319262.793, 105
Trd, 4319262.943, 103
Trd, 4319263.393, 76
Trd, 4319264.993, 82
Trd, 4319265.493, 94
Trd, 4319266.043, 78
Trd, 4319266.193, 88
Trd, 4319266.443, 127
Trd, 4319267.543, 127
Trd, 4319268.043, 108
Trd, 4319268.393, 106
Trd, 4319270.093, 140
Trd, 4319270.493, 136
Trd, 4319270.593, 133
Trd, 4319272.693, 124
Trd, 4319273.343, 112
Trd, 4319273.993, 100
Trd, 4319275.193, 134
Trd, 4319276.343, 118
Trd, 4319276.993, 75
Trd, 4319277.493, 76
Trd, 4319277.993, 70
Trd, 4319278.143, 80
Trd, 4319280.143, 110
Trd, 4319280.793, 110
Trd, 4319280.993, 103
Trd, 4319282.443, 90
Trd, 4319285.693, 134
Trd, 4319286.143, 122
Trd, 4319286.343, 122
Trd, 4319286.593, 115
Trd, 4319286.893, 113
Trd, 4319287.843, 104
Trd, 4319288.343, 94
Trd, 4319289.093, 127
Trd, 4319289.843, 100
Trd, 4319290.043, 80
Trd, 4319290.643, 119
Trd, 4319292.093, 102
Trd, 4319292.343, 87
Trd, 4319292.793, 83
Trd, 4319293.793, 96
Trd, 4319295.143, 86
Trd, 4319297.343, 79
Trd, 4319297.793, 82
Trd, 4319298.343, 111
Trd, 4319298.543, 102
Trd, 4319298.943, 101
Trd, 4319299.093, 100
Trd, 4319300.493, 89
Trd, 4319300.843, 113
Trd, 4319300.893, 117
Trd, 4319301.293, 97
Trd, 4319302.093, 79
Trd, 4319302.443, 72
Trd, 4319303.693, 88
Trd, 4319304.343, 112
Trd, 4319306.293, 80
Trd, 4319306.343, 72
Trd, 4319306.593, 91
Trd, 4319307.043, 98
Trd, 4319307.293, 85
Trd, 4319309.043, 93
Trd, 4319309.393, 90
Trd, 4319311.143, 140
Trd, 4319311.593, 131
Trd, 4319311.743, 122
Trd, 4319312.593, 107
Trd, 4319313.093, 113
Trd, 4319313.293, 100
Trd, 4319313.493, 100
Trd, 4319314.293, 84
Trd, 4319314.643, 89
Trd, 4319315.493, 77
Trd, 4319315.893, 99
Trd, 4319317.893, 102
Trd, 4319318.343, 84
Trd, 4319319.293, 79
Trd, 4319319.593, 77
Trd, 4319320.143, 91
Trd, 4319320.243, 75
Trd, 4319320.643, 128
Trd, 4319321.543, 116
Trd, 4319324.493, 124
Trd, 4319324.743, 114
Trd, 4319324.943, 95
Trd, 4319325.093, 131
Trd, 4319326.093, 122
Trd, 4319326.543, 119
Trd, 4319327.893, 119
Trd, 4319328.243, 132
Trd, 4319329.343, 119
Trd, 4319329.593, 117
Trd, 4319329.893, 64
Trd, 4319330.793, 89
Trd, 4319331.093, 91
Trd, 4319331.543, 74
Trd, 4319332.943, 105
Trd, 4319333.493, 88
Trd, 4319333.893, 106
Trd, 4319334.143, 86
Trd, 4319335.843, 79
Trd, 4319336.543, 90
Trd, 4319337.693, 115
Trd, 4319338.343, 82
Trd, 4319340.143, 112
Trd, 4319341.193, 133
Trd, 4319341.693, 113
Trd, 4319342.143, 84
Trd, 4319343.843, 132
Trd, 4319344.443, 69
Trd, 4319345.193, 94
Trd, 4319345.443, 68
Trd, 4319345.693, 84
Trd, 4319346.893, 109
Trd, 4319346.993, 93
Trd, 4319347.693, 91
Trd, 4319348.093, 84
Trd, 4319349.443, 75
Trd, 4319349.993, 94
Trd, 4319350.293, 92
Trd, 4319351.243, 69
Trd, 4319352.393, 80
Trd, 4319353.093, 64
Trd, 4319353.543, 82
Trd, 4319353.843, 64
Trd, 4319353.993, 111
Trd, 4319356.193, 139
Trd, 4319357.643, 109
Trd, 4319357.743, 106
Trd, 4319358.243, 104
Trd, 4319358.693, 131
Trd, 4319358.843, 114
Trd, 4319359.443, 97
Trd, 4319359.843, 95
Trd, 4319360.293, 135
Trd, 4319361.443, 119
Trd, 4319362.543, 112
Trd, 4319362.593, 107
Trd, 4319363.493, 93
Trd, 4319363.743, 114
Trd, 4319365.343, 112
Trd, 4319366.693, 106
Trd, 4319368.093, 129
Trd, 4319368.193, 128
Trd, 4319368.793, 115
Trd, 4319370.193, 122
Trd, 4319370.243, 110
Trd, 4319371.243, 106
Trd, 4319371.343, 98
Trd, 4319372.043, 117
Trd, 4319372.143, 113
Trd, 4319372.493, 85
Trd, 4319373.393, 89
Trd, 4319373.643, 88
Trd, 4319373.893, 124
Trd, 4319375.443, 71
Trd, 4319376.743, 64
Trd, 4319377.343, 84
Trd, 4319378.243, 92
Trd, 4319379.343, 137
Trd, 4319379.693, 131
Trd, 4319380.443, 122
Trd, 4319380.493, 112
Trd, 4319380.593, 99
Trd, 4319381.293, 124
Trd, 4319382.243, 112
Trd, 4319382.393, 107
Trd, 4319383.643, 88
Trd, 4319383.943, 127
Trd, 4319384.093, 81
Trd, 4319384.943, 74
Trd, 4319385.693, 122
Trd, 4319386.043, 120
Trd, 4319386.893, 97
Trd, 4319387.643, 104
Trd, 4319387.843, 108
Trd, 4319388.543, 137
Trd, 4319389.643, 119
Trd, 4319390.543, 99
Trd, 4319390.593, 89
Trd, 4319391.543, 91
Trd, 4319392.443, 78
Trd, 4319392.893, 101
Trd, 4319393.693, 82
Trd, 4319394.193, 78
Trd, 4319395.393, 129
Trd, 4319395.843, 127
Trd, 4319396.043, 124
Trd, 4319396.093, 115
Trd, 4319396.193, 93
Trd, 4319397.043, 101
Trd, 4319399.493, 125
Trd, 4319400.743, 127
Trd, 4319402.593, 128
Trd, 4319403.493, 117
Trd, 4319404.093, 113
Trd, 4319404.643, 84
Trd, 4319405.143, 133
Trd, 4319405.393, 118
Trd, 4319406.493, 138
Trd, 4319407.243, 117
Trd, 4319407.943, 124
Trd, 4319408.043, 121
Trd, 4319408.143, 113
Trd, 4319409.793, 105
Trd, 4319411.193, 123
Trd, 4319411.493, 119
Trd, 4319412.143, 81
Trd, 4319412.943, 124
Trd, 4319413.193, 101
Trd, 4319414.243, 96
Trd, 4319415.393, 125
Trd, 4319416.143, 76
Trd, 4319416.843, 70
Trd, 4319417.093, 75
Trd, 4319417.743, 62
Trd, 4319419.243, 78
Trd, 4319419.393, 84
Trd, 4319420.443, 64
Trd, 4319421.443, 95
Trd, 4319422.643, 117
Trd, 4319423.643, 80
Trd, 4319424.893, 83
Trd, 4319425.143, 81
Trd, 4319425.543, 72
Trd, 4319426.693, 93
Trd, 4319426.893, 126
Trd, 4319428.043, 115
Trd, 4319428.893, 98
Trd, 4319429.143, 89
Trd, 4319430.043, 133
Trd, 4319430.243, 87
Trd, 4319430.293, 79
Trd, 4319430.993, 81
Trd, 4319431.493, 77
Trd, 4319432.343, 118
Trd, 4319432.493, 104
Trd, 4319433.943, 136
Trd, 4319434.043, 133
Trd, 4319435.393, 132
Trd, 4319436.093, 121
Trd, 4319436.393, 93
Trd, 4319436.743, 119
Trd, 4319437.043, 83
Trd, 4319439.093, 128
Trd, 4319439.143, 87
Trd, 4319441.393, 85
Trd, 4319441.593, 76
Trd, 4319442.543, 83
Trd, 4319443.193, 121
Trd, 4319443.743, 103
Trd, 4319444.993, 95
Trd, 4319446.393, 132
Trd, 4319447.193, 125
Trd, 4319447.443, 118
Trd, 4319447.643, 106
Trd, 4319447.843, 99
Trd, 4319448.093, 75
Trd, 4319449.593, 69
Trd, 4319449.943, 61
Trd, 4319450.543, 76
Trd, 4319450.793, 104
Trd, 4319452.593, 115
Trd, 4319453.243, 71
Trd, 4319454.693, 123
Trd, 4319454.843, 103
Trd, 4319455.443, 115
Trd, 4319455.593, 113
Trd, 4319455.843, 99
Trd, 4319456.293, 91
Trd, 4319456.343, 117
Trd, 4319457.043, 69
Trd, 4319458.493, 60
Trd, 4319458.943, 94
Trd, 4319459.543, 69
Trd, 4319460.393, 124
Trd, 4319461.793, 74
Trd, 4319462.693, 89
Trd, 4319463.943, 108
Trd, 4319464.693, 108
Trd, 4319467.043, 140
Trd, 4319467.143, 119
Trd, 4319467.943, 113
Trd, 4319468.293, 93
Trd, 4319469.993, 92
Trd, 4319470.043, 85
Trd, 4319470.193, 103
Trd, 4319471.843, 101
Trd, 4319472.893, 127
Trd, 4319473.443, 109
Trd, 4319473.693, 105
Trd, 4319473.793, 104
Trd, 4319475.293, 115
Trd, 4319475.343, 105
Trd, 4319475.793, 90
Trd, 4319477.793, 128
Trd, 4319478.643, 138
Trd, 4319478.893, 134
Trd, 4319480.293, 100
Trd, 4319480.343, 122
Trd, 4319480.893, 128
Trd, 4319480.943, 114
Trd, 4319481.493, 96
Trd, 4319482.343, 122
Trd, 4319482.543, 104
Trd, 4319484.843, 115
Trd, 4319485.093, 97
Trd, 4319485.943, 93
Trd, 4319486.543, 133
Trd, 4319486.793, 88
Trd, 4319487.693, 114
Trd, 4319488.443, 134
Trd, 4319488.793, 126
Trd, 4319489.393, 129
Trd, 4319489.943, 130
Trd, 4319490.843, 127
Trd, 4319490.993, 114
Trd, 4319491.893, 91
Trd, 4319492.443, 108
Trd, 4319494.143, 95
Trd, 4319494.293, 105
Trd, 4319495.743, 133
Trd, 4319495.943, 118
Trd, 4319496.143, 116
Trd, 4319497.143, 98
Trd, 4319497.393, 112
Trd, 4319497.943, 94
Trd, 4319499.043, 88
Trd, 4319500.293, 139
Trd, 4319500.343, 125
Trd, 4319501.443, 89
Trd, 4319501.643, 92
Trd, 4319502.493, 99
Trd, 4319503.093, 76
Trd, 4319503.443, 137
Trd, 4319504.443, 69
Trd, 4319505.843, 91
Trd, 4319506.093, 86
Trd, 4319506.293, 136
Trd, 4319508.393, 92
Trd, 4319508.793, 83
Trd, 4319508.993, 116
Trd, 4319510.093, 109
Trd, 4319511.593, 120
Trd, 4319511.693, 107
Trd, 4319513.443, 71
Trd, 4319513.493, 76
Trd, 4319513.843, 140
Trd, 4319514.393, 102
Trd, 4319515.243, 98
Trd, 4319516.043, 130
Trd, 4319516.243, 60
Trd, 4319517.343, 80
Trd, 4319518.543, 86
Trd, 4319518.793, 83
Trd, 4319519.193, 83
Trd, 4319519.593, 125
Trd, 4319519.693, 122
Trd, 4319521.043, 128
Trd, 4319521.493, 125
Trd, 4319522.593, 105
Trd, 4319522.693, 104
Trd, 4319523.093, 112
Trd, 4319523.193, 67
Trd, 4319525.143, 101
Trd, 4319525.743, 119
Trd, 4319526.443, 111
Trd, 4319526.493, 99
Trd, 4319527.193, 102
Trd, 4319528.043, 87
Trd, 4319528.493, 65
Trd, 4319529.443, 88
Trd, 4319529.543, 90
Trd, 4319529.993, 72
Trd, 4319531.693, 120
Trd, 4319532.743, 112
Trd, 4319533.843, 83
Trd, 4319534.193, 88
Trd, 4319534.443, 67
Trd, 4319535.343, 63
Trd, 4319535.893, 124
Trd, 4319536.643, 121
Trd, 4319537.143, 136
Trd, 4319538.343, 90
Trd, 4319538.543, 103
Trd, 4319539.243, 69
Trd, 4319540.443, 66
Trd, 4319540.743, 90
Trd, 4319540.843, 81
Trd, 4319542.143, 117
Trd, 4319543.093, 115
Trd, 4319543.543, 106
Trd, 4319544.243, 110
Trd, 4319544.593, 102
Trd, 4319545.043, 85
Trd, 4319545.293, 93
Trd, 4319545.443, 98
Trd, 4319546.443, 109
Trd, 4319548.193, 106
Trd, 4319548.293, 104
Trd, 4319548.643, 113
Trd, 4319548.693, 91
Trd, 4319550.243, 134
Trd, 4319550.793, 96
Trd, 4319552.643, 85
Trd, 4319553.593, 123
Trd, 4319554.243, 133
Trd, 4319555.143, 128
Trd, 4319555.743, 128
Trd, 4319556.093, 125
Trd, 4319556.293, 121
Trd, 4319557.093, 98
Trd, 4319557.593, 136
Trd, 4319558.893, 81
Trd, 4319559.443, 105
Trd, 4319560.343, 95
Trd, 4319561.643, 123
Trd, 4319562.043, 113
Trd, 4319563.293, 104
Trd, 4319563.643, 61
Trd, 4319564.193, 71
Trd, 4319564.793, 88
Trd, 4319565.393, 107
Trd, 4319566.643, 120
Trd, 4319566.993, 119
Trd, 4319567.193, 105
Trd, 4319568.693, 120
Trd, 4319568.793, 112
Trd, 4319569.893, 121
Trd, 4319570.043, 119
Trd, 4319570.293, 95
Trd, 4319571.493, 64
Trd, 4319572.193, 69
Trd, 4319572.743, 138
Trd, 4319573.493, 133
Trd, 4319573.593, 119
Trd, 4319573.793, 93
Trd, 4319576.443, 96
Trd, 4319576.893, 75
Trd, 4319577.243, 101
Trd, 4319577.393, 67
Trd, 4319578.543, 102
Trd, 4319578.793, 94
Trd, 4319579.543, 89
Trd, 4319580.093, 97
Trd, 4319580.943, 95
Trd, 4319581.193, 91
Trd, 4319582.243, 112
Trd, 4319582.793, 85
Trd, 4319584.043, 140
Trd, 4319584.543, 133
Trd, 4319585.893, 117
Trd, 4319586.243, 105
Trd, 4319586.293, 102
Trd, 4319587.693, 110
Trd, 4319588.993, 120
Trd, 4319589.143, 105
Trd, 4319589.243, 99
Trd, 4319589.343, 136
Trd, 4319590.393, 128
Trd, 4319590.493, 109
Trd, 4319591.143, 129
Trd, 4319591.593, 125
Trd, 4319593.143, 128
Trd, 4319593.793, 120
Trd, 4319594.043, 111
Trd, 4319594.193, 88
Trd, 4319595.393, 79
Trd, 4319596.143, 129
Trd, 4319596.893, 94
Trd, 4319597.693, 99
Trd, 4319599.443, 93
Trd, 4319599.593, 91
Trd, 4319599.693, 106
Trd, 4319600.393, 91
Trd, 4319601.243, 64
Trd, 4319601.993, 135
Trd, 4319603.243, 121
Trd, 4319603.843, 99
Trd, 4319604.543, 102
Trd, 4319605.793, 109
Trd, 4319607.743, 84
Trd, 4319609.043, 127
Trd, 4319609.343, 125
Trd, 4319610.543, 122
Trd, 4319611.593, 118
Trd, 4319612.143, 99
Trd, 4319613.043, 127
Trd, 4319613.343, 134
Trd, 4319614.743, 124
Trd, 4319614.943, 98
Trd, 4319614.993, 96
Trd, 4319616.343, 133
Trd, 4319617.093, 119
Trd, 4319617.493, 115
Trd, 4319617.593, 101
Trd, 4319618.443, 97
Trd, 4319619.193, 137
Trd, 4319619.793, 116
Trd, 4319620.793, 123
Trd, 4319621.693, 119
Trd, 4319622.393, 123
Trd, 4319622.493, 118
Trd, 4319623.143, 105
Trd, 4319623.393, 110
Trd, 4319624.993, 91
Trd, 4319625.493, 120
Trd, 4319627.293, 133
Trd, 4319627.543, 92
Trd, 4319628.293, 111
Trd, 4319629.793, 140
Trd, 4319629.893, 134
Trd, 4319630.493, 123
Trd, 4319631.393, 121
Trd, 4319631.543, 120
Trd, 4319632.493, 116
Trd, 4319632.843, 122
Trd, 4319635.043, 110
Trd, 4319635.793, 97
Trd, 4319636.193, 98
Trd, 4319636.293, 95
Trd, 4319636.693, 106
Trd, 4319637.193, 88
Trd, 4319638.443, 84
Trd, 4319639.393, 136
Trd, 4319639.693, 133
Trd, 4319640.243, 138
Trd, 4319640.743, 61
Trd, 4319642.143, 63
Trd, 4319642.343, 127
Trd, 4319642.893, 88
Trd, 4319643.743, 99
Trd, 4319644.743, 107
Trd, 4319645.693, 75
Trd, 4319646.193, 121
Trd, 4319647.293, 135
Trd, 4319647.393, 98
Trd, 4319648.043, 133
Trd, 4319648.943, 118
Trd, 4319650.243, 139
Trd, 4319650.543, 136
Trd, 4319651.543, 117
Trd, 4319652.393, 107
Trd, 4319652.593, 80
Trd, 4319652.893, 81
Trd, 4319654.293, 69
Trd, 4319655.243, 108
Trd, 4319655.443, 103
Trd, 4319655.793, 76
Trd, 4319658.243, 72
Trd, 4319658.993, 123
Trd, 4319659.293, 84
Trd, 4319659.343, 78
Trd, 4319659.493, 137
Trd, 4319660.443, 138
Trd, 4319660.893, 135
Trd, 4319661.043, 132
Trd, 4319661.443, 75
Trd, 4319663.693, 68
Trd, 4319663.843, 88
Trd, 4319664.593, 64
Trd, 4319666.393, 107
Trd, 4319668.143, 93
Trd, 4319668.193, 81
Trd, 4319668.543, 87
Trd, 4319669.243, 128
Trd, 4319669.743, 80
Trd, 4319670.143, 61
Trd, 4319670.193, 81
Trd, 4319670.743, 68
Trd, 4319671.693, 104
Trd, 4319673.443, 100
Trd, 4319674.293, 128
Trd, 4319675.643, 114
Trd, 4319676.193, 112
Trd, 4319676.643, 110
Trd, 4319678.893, 120
Trd, 4319678.943, 113
Trd, 4319679.243, 120
Trd, 4319679.593, 127
Trd, 4319680.643, 129
Trd, 4319681.743, 79
Trd, 4319682.343, 100
Trd, 4319683.143, 122
Trd, 4319683.343, 115
Trd, 4319684.243, 87
Trd, 4319684.493, 82
Trd, 4319686.643, 75
Trd, 4319687.193, 75
Trd, 4319688.243, 82
Trd, 4319688.293, 68
Trd, 4319689.143, 71
Trd, 4319689.193, 79
Trd, 4319689.793, 81
Trd, 4319689.943, 88
Trd, 4319690.693, 66
Trd, 4319690.743, 84
Trd, 4319692.393, 104
Trd, 4319693.993, 134
Trd, 4319694.493, 107
Trd, 4319695.243, 87
Trd, 4319696.443, 135
Trd, 4319696.493, 87
Trd, 4319697.843, 88
Trd, 4319697.993, 97
Trd, 4319698.843, 101
Trd, 4319701.193, 93
Trd, 4319701.243, 89
Trd, 4319701.293, 97
Trd, 4319701.893, 95
Trd, 4319701.993, 114
Trd, 4319702.093, 87
Trd, 4319703.343, 119
Trd, 4319704.693, 106
Trd, 4319706.343, 140
Trd, 4319706.743, 136
Trd, 4319707.643, 103
Trd, 4319708.643, 91
Trd, 4319708.693, 106
Trd, 4319709.343, 94
Trd, 4319710.643, 139
Trd, 4319711.643, 122
Trd, 4319712.893, 117
Trd, 4319713.343, 103
Trd, 4319713.393, 96
Trd, 4319714.443, 108
Trd, 4319714.543, 96
Trd, 4319715.143, 120
Trd, 4319715.793, 130
Trd, 4319716.693, 119
Trd, 4319718.193, 103
Trd, 4319718.543, 99
Trd, 4319718.893, 134
Trd, 4319719.643, 106
Trd, 4319719.943, 75
Trd, 4319720.493, 79
Trd, 4319720.643, 70
Trd, 4319721.043, 108
Trd, 4319722.493, 72
Trd, 4319722.593, 103
Trd, 4319723.393, 64
Trd, 4319723.693, 93
Trd, 4319724.743, 75
Trd, 4319725.293, 89
Trd, 4319725.443, 82
Trd, 4319725.843, 128
Trd, 4319726.493, 73
Trd, 4319727.943, 119
Trd, 4319728.293, 117
Trd, 4319729.043, 108
Trd, 4319729.393, 82
Trd, 4319730.493, 103
Trd, 4319731.393, 118
Trd, 4319731.993, 108
Trd, 4319732.493, 139
Trd, 4319734.043, 102
Trd, 4319734.193, 100
Trd, 4319734.343, 123
Trd, 4319734.943, 95
Trd, 4319736.193, 127
Trd, 4319736.543, 120
Trd, 4319736.843, 102
Trd, 4319738.243, 81
Trd, 4319739.243, 109
Trd, 4319740.493, 137
Trd, 4319740.643, 134
Trd, 4319741.493, 109
Trd, 4319742.293, 94
Trd, 4319743.093, 111
Trd, 4319743.893, 77
Trd, 4319744.443, 115
Trd, 4319744.693, 84
Trd, 4319744.843, 84
Trd, 4319745.843, 119
Trd, 4319746.393, 88
Trd, 4319746.793, 109
Trd, 4319747.043, 72
Trd, 4319748.443, 100
Trd, 4319748.593, 99
Trd, 4319749.343, 138
Trd, 4319750.043, 63
Trd, 4319751.343, 66
Trd, 4319751.743, 68
Trd, 4319753.043, 110
Trd, 4319753.193, 107
Trd, 4319754.443, 115
Trd, 4319754.993, 136
Trd, 4319755.243, 122
Trd, 4319756.193, 129
Trd, 4319756.393, 119
Trd, 4319756.443, 117
Trd, 4319756.493, 102
Trd, 4319757.643, 107
Trd, 4319758.593, 76
Trd, 4319758.793, 104
Trd, 4319759.193, 77
Trd, 4319760.543, 111
Trd, 4319761.293, 80
Trd, 4319762.043, 83
Trd, 4319762.543, 84
Trd, 4319762.593, 80
Trd, 4319763.993, 81
Trd, 4319764.393, 64
Trd, 4319764.943, 78
Trd, 4319767.293, 129
Trd, 4319767.693, 133
Trd, 4319767.743, 125
Trd, 4319768.193, 96
Trd, 4319768.343, 140
Trd, 4319768.993, 90
Trd, 4319769.543, 84
Trd, 4319771.143, 104
Trd, 4319772.343, 121
Trd, 4319772.493, 110
Trd, 4319773.193, 99
Trd, 4319773.793, 139
Trd, 4319774.093, 97
Trd, 4319774.243, 105
Trd, 4319775.193, 97
Trd, 4319775.493, 80
Trd, 4319776.593, 82
Trd, 4319778.143, 96
Trd, 4319778.443, 98
Trd, 4319778.793, 119
Trd, 4319779.743, 118
Trd, 4319779.793, 95
Trd, 4319780.643, 83
Trd, 4319781.343, 112
Trd, 4319781.743, 83
Trd, 4319783.093, 135
Trd, 4319783.743, 121
Trd, 4319784.343, 105
Trd, 4319784.393, 83
Trd, 4319785.843, 69
Trd, 4319786.793, 86
Trd, 4319787.143, 67
Trd, 4319787.593, 77
Trd, 4319787.993, 81
Trd, 4319789.243, 118
Trd, 4319790.543, 104
Trd, 4319791.243, 103
Trd, 4319791.593, 98
Trd, 4319791.843, 99
Trd, 4319792.293, 93
Trd, 4319792.993, 112
Trd, 4319793.093, 90
Trd, 4319794.643, 76
Trd, 4319796.393, 103
Trd, 4319796.593, 132
Trd, 4319797.593, 131
Trd, 4319798.143, 103
Trd, 4319799.343, 137
Trd, 4319799.443, 80
Trd, 4319799.743, 64
Trd, 4319799.943, 123
Trd, 4319801.093, 90
Trd, 4319801.593, 88
Trd, 4319801.793, 135
Trd, 4319802.293, 139
Trd, 4319802.893, 126
Trd, 4319803.093, 97
Trd, 4319804.043, 103
Trd, 4319804.543, 82
Trd, 4319804.943, 73
Trd, 4319806.193, 120
Trd, 4319806.893, 113
Trd, 4319807.293, 98
Trd, 4319807.843, 119
Trd, 4319808.493, 71
Trd, 4319809.393, 76
Trd, 4319810.693, 77
Trd, 4319811.693, 71
Trd, 4319812.943, 70
Trd, 4319814.093, 112
Trd, 4319816.643, 76
Trd, 4319816.693, 81
Trd, 4319816.843, 73
Trd, 4319817.393, 94
Trd, 4319817.493, 117
Trd, 4319817.943, 92
Trd, 4319818.043, 122
Trd, 4319818.993, 96
Trd, 4319820.193, 70
Trd, 4319820.343, 76
Trd, 4319822.393, 139
Trd, 4319823.393, 90
Trd, 4319823.493, 89
Trd, 4319824.543, 97
Trd, 4319825.543, 113
Trd, 4319825.593, 104
Trd, 4319826.593, 96
Trd, 4319827.543, 103
Trd, 4319828.643, 136
Trd, 4319830.243, 138
Trd, 4319830.543, 111
Trd, 4319831.543, 107
Trd, 4319831.893, 105
Trd, 4319832.743, 135
Trd, 4319833.393, 127
Trd, 4319833.643, 115
Trd, 4319834.843, 130
Trd, 4319835.643, 126
Trd, 4319836.843, 120
Trd, 4319836.893, 101
Trd, 4319837.243, 94
Trd, 4319837.443, 84
Trd, 4319838.843, 120
Trd, 4319839.443, 116
Trd, 4319839.793, 95
Trd, 4319839.893, 87
Trd, 4319841.193, 119
Trd, 4319841.743, 96
Trd, 4319842.593, 67
Trd, 4319842.893, 100
Trd, 4319843.493, 96
Trd, 4319843.543, 96
Trd, 4319845.793, 116
Trd, 4319846.193, 97
Trd, 4319846.293, 86
Trd, 4319846.843, 125
Trd, 4319847.693, 103
Trd, 4319848.043, 100
Trd, 4319848.093, 99
Trd, 4319849.593, 94
Trd, 4319849.993, 100
Trd, 4319850.193, 79
Trd, 4319851.393, 124
Trd, 4319853.143, 137
Trd, 4319853.243, 93
Trd, 4319854.843, 78
Trd, 4319855.043, 73
Trd, 4319856.893, 131
Trd, 4319857.243, 129
Trd, 4319857.293, 115
Trd, 4319857.793, 93
Trd, 4319858.293, 102
Trd, 4319858.943, 106
Trd, 4319860.493, 107
Trd, 4319860.843, 105
Trd, 4319861.043, 116
Trd, 4319861.443, 88
Trd, 4319862.043, 63
Trd, 4319862.993, 81
Trd, 4319864.043, 116
Trd, 4319864.893, 119
Trd, 4319865.193, 99
Trd, 4319865.993, 107
Trd, 4319866.543, 76
Trd, 4319867.493, 131
Trd, 4319868.893, 118
Trd, 4319869.643, 115
Trd, 4319869.993, 111
Trd, 4319870.543, 116
Trd, 4319870.943, 80
Trd, 4319871.543, 114
Trd, 4319871.893, 70
Trd, 4319873.943, 127
Trd, 4319874.643, 124
Trd, 4319875.293, 89
Trd, 4319875.843, 118
Trd, 4319876.193, 64
Trd, 4319876.993, 118
Trd, 4319877.693, 98
Trd, 4319879.543, 113
Trd, 4319880.193, 113
Trd, 4319880.493, 109
Trd, 4319880.893, 114
Trd, 4319880.943, 99
Trd, 4319881.443, 132
Trd, 4319881.843, 132
Trd, 4319882.393, 117
Trd, 4319882.843, 131
Trd, 4319883.943, 81
Trd, 4319885.793, 79
Trd, 4319886.443, 103
Trd, 4319886.543, 79
Trd, 4319886.943, 67
Trd, 4319887.393, 61
Trd, 4319888.043, 65
Trd, 4319889.493, 140
Trd, 4319889.743, 109
Trd, 4319890.093, 107
Trd, 4319890.693, 102
Trd, 4319891.593, 128
Trd, 4319891.943, 72
Trd, 4319892.943, 61
Trd, 4319892.993, 70
Trd, 4319893.243, 77
Trd, 4319895.243, 133
Trd, 4319895.893, 114
Trd, 4319896.293, 107
Trd, 4319896.643, 128
Trd, 4319898.343, 92
Trd, 4319900.443, 108
Trd, 4319900.543, 89
Trd, 4319901.293, 86
Trd, 4319902.393, 85
Trd, 4319902.443, 87
Trd, 4319903.343, 127
Trd, 4319903.743, 113
Trd, 4319904.443, 106
Trd, 4319904.693, 119
Trd, 4319905.193, 97
Trd, 4319905.993, 91
Trd, 4319906.843, 128
Trd, 4319907.743, 130
Trd, 4319909.093, 117
Trd, 4319910.443, 111
Trd, 4319910.993, 119
Trd, 4319911.343, 104
Trd, 4319912.293, 113
Trd, 4319913.643, 137
Trd, 4319914.293, 128
Trd, 4319915.443, 112
Trd, 4319915.493, 111
Trd, 4319915.843, 103
Trd, 4319916.293, 85
Trd, 4319917.043, 114
Trd, 4319917.893, 118
Trd, 4319918.393, 96
Trd, 4319918.993, 86
Trd, 4319919.793, 79
Trd, 4319920.093, 69
Trd, 4319920.693, 98
Trd, 4319921.443, 108
Trd, 4319922.493, 100
Trd, 4319923.793, 113
Trd, 4319924.193, 106
Trd, 4319924.293, 85
Trd, 4319925.693, 97
Trd, 4319926.493, 105
Trd, 4319927.993, 115
Trd, 4319928.243, 115
Trd, 4319928.843, 134
Trd, 4319928.943, 90
Trd, 4319929.393, 131
Trd, 4319929.543, 84
Trd, 4319930.693, 135
Trd, 4319931.243, 84
Trd, 4319932.443, 86
Trd, 4319932.493, 82
Trd, 4319933.893, 94
Trd, 4319935.193, 91
Trd, 4319936.143, 113
Trd, 4319936.893, 108
Trd, 4319937.443, 92
Trd, 4319938.193, 78
Trd, 4319938.243, 77
Trd, 4319938.843, 92
Trd, 4319940.093, 134
Trd, 4319940.693, 129
Trd, 4319941.543, 135
Trd, 4319941.893, 128
Trd, 4319941.993, 120
Trd, 4319942.893, 118
Trd, 4319943.393, 70
Trd, 4319944.393, 80
Trd, 4319946.943, 66
Trd, 4319947.043, 78
Trd, 4319947.393, 62
Trd, 4319948.293, 64
Trd, 4319949.143, 122
Trd, 4319949.843, 123
Trd, 4319950.043, 105
Trd, 4319951.293, 79
Trd, 4319952.943, 67
Trd, 4319953.143, 64
Trd, 4319955.493, 67
Trd, 4319955.643, 68
Trd, 4319955.843, 79
Trd, 4319955.993, 102
Trd, 4319957.193, 131
Trd, 4319957.943, 117
Trd, 4319958.293, 92
Trd, 4319958.793, 87
Trd, 4319960.693, 134
Trd, 4319960.893, 119
Trd, 4319961.493, 134
Trd, 4319961.593, 120
Trd, 4319962.493, 87
Trd, 4319963.593, 123
Trd, 4319963.843, 121
Trd, 4319964.393, 95
Trd, 4319965.493, 107
Trd, 4319966.043, 126
Trd, 4319967.193, 71
Trd, 4319967.893, 64
Trd, 4319968.143, 124
Trd, 4319969.743, 73
Trd, 4319970.843, 89
Trd, 4319971.343, 69
Trd, 4319971.693, 83
Trd, 4319972.543, 97
Trd, 4319973.593, 73
Trd, 4319973.793, 68
Trd, 4319974.793, 137
Trd, 4319975.443, 96
Trd, 4319976.743, 62
Trd, 4319977.643, 82
Trd, 4319977.793, 64
Trd, 4319978.293, 68
Trd, 4319980.593, 73
Trd, 4319980.693, 92
Trd, 4319980.943, 93
Trd, 4319981.143, 84
Trd, 4319981.343, 74
Trd, 4319983.193, 138
Trd, 4319983.543, 135
Trd, 4319984.093, 129
Trd, 4319984.143, 74
Trd, 4319984.693, 67
Trd, 4319985.343, 71
Trd, 4319988.093, 84
Trd, 4319988.243, 115
Trd, 4319990.243, 136
Trd, 4319990.343, 133
Trd, 4319990.743, 134
Trd, 4319991.293, 127
Trd, 4319991.343, 124
Trd, 4319992.143, 117
Trd, 4319992.993, 99
Trd, 4319993.243, 86
Trd, 4319994.493, 83
Trd, 4319994.793, 111
Trd, 4319995.243, 90
Trd, 4319995.893, 119
Trd, 4319996.143, 117
Trd, 4319996.193, 112
Trd, 4319998.493, 72
Trd, 4319998.543, 75
Trd, 4319999.843, 60
