Trd, 4318114.143, 82
Trd, 4318115.293, 140
Trd, 4318115.393, 137
Trd, 4318115.843, 61
Trd, 4318116.643, 140
Trd, 4318117.093, 139
Trd, 4318117.543, 61
Trd, 4318118.993, 140
Trd, 4318119.243, 140
Trd, 4318119.993, 140
Trd, 4318120.343, 140
Trd, 4318121.543, 140
Trd, 4318121.843, 140
Trd, 4318122.793, 140
Trd, 4318125.243, 140
Trd, 4318125.293, 140
Trd, 4318125.643, 80
Trd, 4318125.893, 60
Trd, 4318126.193, 109
Trd, 4318127.043, 86
Trd, 4318128.043, 60
Trd, 4318130.393, 62
Trd, 4318131.293, 63
Trd, 4318131.993, 61
Trd, 4318133.493, 60
Trd, 4318134.243, 60
Trd, 4318134.393, 60
Trd, 4318134.543, 60
Trd, 4318134.943, 67
Trd, 4318135.993, 61
Trd, 4318136.443, 64
Trd, 4318136.943, 140
Trd, 4318137.343, 140
Trd, 4318137.643, 139
Trd, 4318138.693, 140
Trd, 4318139.243, 140
Trd, 4318139.393, 140
Trd, 4318139.943, 132
Trd, 4318140.793, 140
Trd, 4318141.293, 140
Trd, 4318143.843, 139
Trd, 4318145.393, 140
Trd, 4318145.693, 140
Trd, 4318146.493, 140
Trd, 4318146.543, 139
Trd, 4318147.043, 135
Trd, 4318148.593, 140
Trd, 4318149.043, 140
Trd, 4318150.093, 140
Trd, 4318150.243, 140
Trd, 4318152.543, 138
Trd, 4318153.243, 140
Trd, 4318154.193, 140
Trd, 4318154.643, 140
Trd, 4318155.443, 140
Trd, 4318155.993, 140
Trd, 4318156.293, 138
Trd, 4318156.643, 138
Trd, 4318157.393, 139
Trd, 4318159.543, 140
Trd, 4318160.993, 140
Trd, 4318161.493, 140
Trd, 4318162.343, 140
Trd, 4318162.543, 139
Trd, 4318163.143, 134
Trd, 4318163.743, 133
Trd, 4318164.743, 135
Trd, 4318165.593, 140
Trd, 4318165.693, 140
Trd, 4318165.743, 140
Trd, 4318167.543, 140
Trd, 4318168.143, 140
Trd, 4318168.343, 140
Trd, 4318168.393, 89
Trd, 4318168.593, 136
Trd, 4318168.943, 87
Trd, 4318169.093, 104
Trd, 4318170.543, 140
Trd, 4318170.943, 140
Trd, 4318171.143, 140
Trd, 4318171.843, 140
Trd, 4318172.493, 139
Trd, 4318174.443, 140
Trd, 4318174.643, 140
Trd, 4318174.893, 139
Trd, 4318177.193, 140
Trd, 4318178.643, 140
Trd, 4318179.293, 140
Trd, 4318179.343, 139
Trd, 4318179.743, 140
Trd, 4318181.743, 140
Trd, 4318181.843, 140
Trd, 4318181.943, 140
Trd, 4318183.443, 140
Trd, 4318183.943, 140
Trd, 4318184.943, 140
Trd, 4318184.993, 140
Trd, 4318185.193, 140
Trd, 4318186.393, 63
Trd, 4318187.143, 60
Trd, 4318187.443, 60
Trd, 4318187.693, 61
Trd, 4318187.993, 60
Trd, 4318188.943, 139
Trd, 4318189.493, 107
Trd, 4318190.093, 140
Trd, 4318191.393, 140
Trd, 4318192.343, 140
Trd, 4318193.243, 140
Trd, 4318193.743, 138
Trd, 4318194.093, 140
Trd, 4318195.743, 140
Trd, 4318196.143, 140
Trd, 4318196.343, 140
Trd, 4318197.043, 140
Trd, 4318198.193, 140
Trd, 4318198.243, 140
Trd, 4318198.493, 140
Trd, 4318199.143, 139
Trd, 4318199.693, 132
Trd, 4318199.743, 81
Trd, 4318200.993, 140
Trd, 4318201.293, 140
Trd, 4318202.343, 140
Trd, 4318202.543, 140
Trd, 4318203.943, 140
Trd, 4318205.093, 140
Trd, 4318205.793, 140
Trd, 4318206.143, 140
Trd, 4318207.543, 140
Trd, 4318207.993, 140
Trd, 4318208.643, 140
Trd, 4318208.693, 139
Trd, 4318209.043, 133
Trd, 4318210.243, 140
Trd, 4318211.493, 140
Trd, 4318211.893, 140
Trd, 4318212.543, 140
Trd, 4318212.743, 140
Trd, 4318213.243, 140
Trd, 4318213.893, 140
Trd, 4318215.693, 139
Trd, 4318215.943, 139
Trd, 4318216.193, 139
Trd, 4318217.343, 140
Trd, 4318217.843, 140
Trd, 4318218.693, 140
Trd, 4318219.193, 140
Trd, 4318219.993, 140
Trd, 4318220.993, 140
Trd, 4318222.143, 140
Trd, 4318222.293, 139
Trd, 4318223.793, 139
Trd, 4318224.243, 139
Trd, 4318226.093, 140
Trd, 4318226.343, 140
Trd, 4318227.793, 140
Trd, 4318229.393, 140
Trd, 4318230.193, 140
Trd, 4318230.693, 140
Trd, 4318230.893, 140
Trd, 4318231.593, 140
Trd, 4318231.843, 140
Trd, 4318232.643, 140
Trd, 4318233.343, 140
Trd, 4318235.293, 140
Trd, 4318235.343, 140
Trd, 4318236.093, 140
Trd, 4318236.393, 140
Trd, 4318238.943, 139
Trd, 4318239.743, 140
Trd, 4318240.143, 140
Trd, 4318240.243, 140
Trd, 4318241.293, 140
Trd, 4318241.443, 136
Trd, 4318241.643, 139
Trd, 4318242.093, 138
Trd, 4318242.493, 137
Trd, 4318243.043, 130
Trd, 4318243.243, 73
Trd, 4318246.393, 140
Trd, 4318246.743, 140
Trd, 4318247.393, 140
Trd, 4318248.393, 140
Trd, 4318250.293, 140
Trd, 4318250.543, 140
Trd, 4318250.743, 140
Trd, 4318250.993, 140
Trd, 4318251.843, 129
Trd, 4318252.143, 140
Trd, 4318252.293, 120
Trd, 4318253.843, 137
Trd, 4318254.593, 133
Trd, 4318255.743, 140
Trd, 4318255.993, 140
Trd, 4318256.593, 139
Trd, 4318257.493, 137
Trd, 4318257.943, 102
Trd, 4318258.543, 140
Trd, 4318258.993, 140
Trd, 4318261.893, 140
Trd, 4318262.193, 140
Trd, 4318263.093, 140
Trd, 4318263.443, 140
Trd, 4318264.993, 140
Trd, 4318265.443, 140
Trd, 4318265.693, 139
Trd, 4318266.843, 139
Trd, 4318267.293, 140
Trd, 4318268.893, 140
Trd, 4318269.743, 140
Trd, 4318269.843, 135
Trd, 4318270.643, 127
Trd, 4318270.893, 138
Trd, 4318270.993, 118
Trd, 4318271.443, 79
Trd, 4318273.493, 135
Trd, 4318273.643, 128
Trd, 4318274.793, 138
Trd, 4318275.193, 61
Trd, 4318275.443, 64
Trd, 4318275.893, 60
Trd, 4318276.143, 60
Trd, 4318276.643, 60
Trd, 4318277.343, 65
Trd, 4318278.143, 135
Trd, 4318279.293, 140
Trd, 4318279.843, 140
Trd, 4318280.893, 140
Trd, 4318281.293, 139
Trd, 4318281.893, 140
Trd, 4318282.993, 140
Trd, 4318284.993, 140
Trd, 4318285.193, 140
Trd, 4318285.843, 140
Trd, 4318287.743, 140
Trd, 4318288.293, 140
Trd, 4318288.693, 140
Trd, 4318289.243, 140
Trd, 4318291.143, 140
Trd, 4318291.543, 140
Trd, 4318291.643, 140
Trd, 4318291.743, 140
Trd, 4318291.893, 140
Trd, 4318292.843, 140
Trd, 4318293.143, 99
Trd, 4318293.543, 60
Trd, 4318293.793, 61
Trd, 4318294.843, 61
Trd, 4318295.943, 60
Trd, 4318297.093, 60
Trd, 4318297.393, 62
Trd, 4318297.893, 66
Trd, 4318298.193, 67
Trd, 4318299.793, 69
Trd, 4318299.943, 72
Trd, 4318299.993, 74
Trd, 4318300.693, 65
Trd, 4318301.643, 65
Trd, 4318301.943, 138
Trd, 4318302.443, 140
Trd, 4318304.743, 138
Trd, 4318304.793, 75
Trd, 4318306.293, 137
Trd, 4318306.443, 136
Trd, 4318306.643, 135
Trd, 4318307.093, 139
Trd, 4318308.093, 139
Trd, 4318308.343, 140
Trd, 4318309.343, 114
Trd, 4318310.543, 140
Trd, 4318311.643, 140
Trd, 4318312.843, 140
Trd, 4318312.943, 140
Trd, 4318314.243, 140
Trd, 4318314.643, 140
Trd, 4318315.093, 140
Trd, 4318316.393, 140
Trd, 4318316.443, 140
Trd, 4318316.643, 140
Trd, 4318317.093, 140
Trd, 4318319.093, 140
Trd, 4318320.143, 140
Trd, 4318320.393, 140
Trd, 4318320.593, 140
Trd, 4318320.843, 140
Trd, 4318322.443, 140
Trd, 4318322.643, 140
Trd, 4318324.043, 138
Trd, 4318325.343, 140
Trd, 4318326.893, 140
Trd, 4318327.543, 140
Trd, 4318328.443, 140
Trd, 4318328.493, 139
Trd, 4318329.293, 140
Trd, 4318329.443, 139
Trd, 4318330.443, 134
Trd, 4318331.193, 125
Trd, 4318332.293, 140
Trd, 4318333.843, 140
Trd, 4318333.943, 139
Trd, 4318334.393, 140
Trd, 4318336.593, 140
Trd, 4318336.643, 140
Trd, 4318336.943, 140
Trd, 4318337.593, 139
Trd, 4318338.343, 94
Trd, 4318338.893, 131
Trd, 4318339.143, 109
Trd, 4318339.193, 93
Trd, 4318339.693, 140
Trd, 4318340.093, 140
Trd, 4318342.543, 140
Trd, 4318342.893, 140
Trd, 4318343.643, 140
Trd, 4318344.443, 139
Trd, 4318345.043, 140
Trd, 4318346.293, 140
Trd, 4318347.543, 140
Trd, 4318348.093, 140
Trd, 4318348.593, 140
Trd, 4318350.493, 140
Trd, 4318350.743, 140
Trd, 4318351.293, 134
Trd, 4318351.693, 124
Trd, 4318352.893, 140
Trd, 4318353.843, 139
Trd, 4318354.443, 140
Trd, 4318354.943, 140
Trd, 4318356.493, 140
Trd, 4318357.393, 140
Trd, 4318358.193, 140
Trd, 4318359.343, 140
Trd, 4318359.493, 140
Trd, 4318360.793, 140
Trd, 4318361.043, 140
Trd, 4318361.243, 140
Trd, 4318362.143, 140
Trd, 4318362.593, 140
Trd, 4318363.693, 139
Trd, 4318365.393, 140
Trd, 4318366.343, 140
Trd, 4318366.393, 140
Trd, 4318367.343, 139
Trd, 4318368.093, 140
Trd, 4318368.593, 138
Trd, 4318368.843, 128
Trd, 4318369.493, 140
Trd, 4318370.393, 140
Trd, 4318371.043, 140
Trd, 4318371.193, 140
Trd, 4318371.593, 140
Trd, 4318372.193, 140
Trd, 4318373.693, 140
Trd, 4318373.893, 137
Trd, 4318374.543, 137
Trd, 4318375.493, 140
Trd, 4318375.793, 140
Trd, 4318375.993, 126
Trd, 4318376.943, 137
Trd, 4318377.343, 137
Trd, 4318378.893, 86
Trd, 4318379.243, 86
Trd, 4318379.643, 140
Trd, 4318380.443, 140
Trd, 4318381.643, 140
Trd, 4318382.243, 140
Trd, 4318382.493, 140
Trd, 4318383.893, 139
Trd, 4318384.343, 136
Trd, 4318384.393, 135
Trd, 4318385.993, 135
Trd, 4318386.893, 135
Trd, 4318387.293, 138
Trd, 4318388.493, 139
Trd, 4318388.893, 78
Trd, 4318389.593, 63
Trd, 4318389.943, 139
Trd, 4318390.943, 123
Trd, 4318391.593, 140
Trd, 4318391.843, 126
Trd, 4318392.143, 120
Trd, 4318392.643, 106
Trd, 4318393.093, 119
Trd, 4318393.243, 122
Trd, 4318393.943, 82
Trd, 4318395.593, 140
Trd, 4318396.043, 140
Trd, 4318396.393, 140
Trd, 4318398.793, 138
Trd, 4318399.343, 137
Trd, 4318399.443, 140
Trd, 4318400.293, 140
Trd, 4318401.143, 140
Trd, 4318402.493, 140
Trd, 4318404.093, 140
Trd, 4318404.543, 139
Trd, 4318404.693, 125
Trd, 4318405.793, 140
Trd, 4318405.943, 140
Trd, 4318406.743, 140
Trd, 4318407.443, 140
Trd, 4318407.743, 135
Trd, 4318408.043, 134
Trd, 4318410.293, 140
Trd, 4318410.643, 140
Trd, 4318410.893, 140
Trd, 4318411.143, 95
Trd, 4318411.593, 140
Trd, 4318412.243, 138
Trd, 4318413.593, 94
Trd, 4318414.543, 140
Trd, 4318417.093, 140
Trd, 4318417.493, 140
Trd, 4318417.593, 117
Trd, 4318418.193, 60
Trd, 4318418.343, 62
Trd, 4318419.443, 64
Trd, 4318419.693, 69
Trd, 4318420.643, 60
Trd, 4318421.143, 61
Trd, 4318421.693, 62
Trd, 4318421.893, 62
Trd, 4318423.893, 61
Trd, 4318424.943, 60
Trd, 4318425.793, 60
Trd, 4318426.693, 60
Trd, 4318428.893, 60
Trd, 4318429.043, 65
Trd, 4318429.243, 61
Trd, 4318429.493, 60
Trd, 4318429.693, 61
Trd, 4318430.193, 78
Trd, 4318430.943, 62
Trd, 4318432.493, 70
Trd, 4318432.693, 139
Trd, 4318432.893, 61
Trd, 4318433.393, 60
Trd, 4318433.593, 60
Trd, 4318434.393, 65
Trd, 4318435.193, 65
Trd, 4318436.443, 60
Trd, 4318436.943, 61
Trd, 4318437.643, 61
Trd, 4318438.243, 60
Trd, 4318438.293, 64
Trd, 4318439.043, 67
Trd, 4318439.693, 68
Trd, 4318440.243, 139
Trd, 4318441.543, 140
Trd, 4318441.943, 140
Trd, 4318442.143, 139
Trd, 4318442.643, 139
Trd, 4318442.793, 140
Trd, 4318444.343, 139
Trd, 4318444.443, 138
Trd, 4318445.043, 137
Trd, 4318447.093, 139
Trd, 4318447.243, 138
Trd, 4318447.493, 130
Trd, 4318448.093, 137
Trd, 4318450.143, 140
Trd, 4318450.343, 139
Trd, 4318451.193, 140
Trd, 4318452.393, 137
Trd, 4318452.543, 124
Trd, 4318453.043, 123
Trd, 4318453.693, 66
Trd, 4318454.543, 102
Trd, 4318454.643, 105
Trd, 4318456.093, 139
Trd, 4318457.143, 140
Trd, 4318457.793, 140
Trd, 4318457.893, 81
Trd, 4318458.493, 140
Trd, 4318459.593, 85
Trd, 4318460.943, 136
Trd, 4318461.243, 132
Trd, 4318461.593, 139
Trd, 4318463.193, 140
Trd, 4318463.593, 140
Trd, 4318464.643, 140
Trd, 4318465.443, 140
Trd, 4318465.893, 140
Trd, 4318466.543, 135
Trd, 4318467.393, 135
Trd, 4318468.493, 140
Trd, 4318468.593, 140
Trd, 4318469.643, 140
Trd, 4318469.793, 138
Trd, 4318471.043, 140
Trd, 4318471.193, 83
Trd, 4318472.043, 140
Trd, 4318472.343, 135
Trd, 4318474.593, 61
Trd, 4318474.743, 63
Trd, 4318475.993, 66
Trd, 4318476.343, 60
Trd, 4318477.643, 60
Trd, 4318477.743, 60
Trd, 4318479.393, 60
Trd, 4318479.493, 60
Trd, 4318479.943, 63
Trd, 4318480.043, 64
Trd, 4318480.243, 62
Trd, 4318481.293, 140
Trd, 4318482.943, 140
Trd, 4318482.993, 140
Trd, 4318483.643, 140
Trd, 4318484.443, 140
Trd, 4318484.543, 140
Trd, 4318485.793, 140
Trd, 4318486.343, 139
Trd, 4318486.793, 140
Trd, 4318487.593, 140
Trd, 4318488.943, 139
Trd, 4318489.193, 138
Trd, 4318490.243, 140
Trd, 4318490.693, 139
Trd, 4318491.093, 140
Trd, 4318491.843, 91
Trd, 4318492.693, 126
Trd, 4318493.893, 60
Trd, 4318494.493, 61
Trd, 4318494.643, 63
Trd, 4318495.293, 60
Trd, 4318496.643, 140
Trd, 4318497.043, 140
Trd, 4318497.143, 140
Trd, 4318499.843, 140
Trd, 4318500.093, 140
Trd, 4318500.593, 140
Trd, 4318500.893, 139
Trd, 4318501.143, 134
Trd, 4318501.443, 86
Trd, 4318502.043, 140
Trd, 4318502.643, 140
Trd, 4318502.793, 140
Trd, 4318503.993, 138
Trd, 4318504.093, 125
Trd, 4318504.693, 134
Trd, 4318505.493, 139
Trd, 4318506.343, 140
Trd, 4318508.143, 140
Trd, 4318508.243, 140
Trd, 4318509.243, 140
Trd, 4318509.293, 140
Trd, 4318509.993, 140
Trd, 4318510.693, 139
Trd, 4318511.743, 140
Trd, 4318511.943, 136
Trd, 4318512.443, 124
Trd, 4318512.943, 125
Trd, 4318515.293, 140
Trd, 4318515.343, 139
Trd, 4318515.893, 138
Trd, 4318516.393, 140
Trd, 4318517.443, 65
Trd, 4318518.293, 60
Trd, 4318518.793, 60
Trd, 4318519.293, 69
Trd, 4318519.843, 135
Trd, 4318520.493, 136
Trd, 4318521.143, 128
Trd, 4318521.643, 140
Trd, 4318522.143, 139
Trd, 4318522.793, 127
Trd, 4318523.193, 140
Trd, 4318523.843, 140
Trd, 4318524.443, 140
Trd, 4318526.543, 140
Trd, 4318526.893, 140
Trd, 4318527.293, 140
Trd, 4318527.843, 140
Trd, 4318528.093, 139
Trd, 4318529.693, 140
Trd, 4318529.943, 140
Trd, 4318530.193, 139
Trd, 4318530.543, 132
Trd, 4318531.743, 118
Trd, 4318531.943, 140
Trd, 4318532.343, 140
Trd, 4318532.693, 129
Trd, 4318532.743, 117
Trd, 4318534.593, 140
Trd, 4318536.093, 140
Trd, 4318537.493, 140
Trd, 4318538.743, 140
Trd, 4318540.443, 140
Trd, 4318540.743, 140
Trd, 4318540.843, 140
Trd, 4318541.193, 140
Trd, 4318542.693, 140
Trd, 4318542.793, 139
Trd, 4318542.993, 120
Trd, 4318544.593, 138
Trd, 4318545.743, 140
Trd, 4318546.343, 140
Trd, 4318546.393, 140
Trd, 4318547.443, 140
Trd, 4318547.643, 140
Trd, 4318547.793, 140
Trd, 4318547.993, 134
Trd, 4318548.743, 138
Trd, 4318549.393, 100
Trd, 4318549.643, 138
Trd, 4318550.893, 60
Trd, 4318551.493, 62
Trd, 4318551.993, 69
Trd, 4318552.993, 128
Trd, 4318554.343, 132
Trd, 4318554.543, 129
Trd, 4318554.793, 136
Trd, 4318555.193, 120
Trd, 4318555.593, 120
Trd, 4318557.643, 140
Trd, 4318557.843, 140
Trd, 4318559.093, 140
Trd, 4318559.643, 140
Trd, 4318559.793, 140
Trd, 4318560.193, 138
Trd, 4318560.443, 66
Trd, 4318562.343, 138
Trd, 4318563.943, 138
Trd, 4318564.593, 133
Trd, 4318564.643, 140
Trd, 4318564.993, 66
Trd, 4318565.043, 64
Trd, 4318565.893, 140
Trd, 4318566.393, 132
Trd, 4318567.643, 71
Trd, 4318568.043, 72
Trd, 4318568.443, 60
Trd, 4318569.843, 60
Trd, 4318570.893, 60
Trd, 4318572.243, 61
Trd, 4318572.593, 63
Trd, 4318573.393, 60
Trd, 4318574.043, 64
Trd, 4318575.043, 63
Trd, 4318575.393, 66
Trd, 4318577.543, 60
Trd, 4318577.843, 60
Trd, 4318578.543, 61
Trd, 4318578.893, 60
Trd, 4318579.593, 65
Trd, 4318580.143, 139
Trd, 4318581.443, 65
Trd, 4318582.293, 74
Trd, 4318582.343, 79
Trd, 4318582.393, 81
Trd, 4318582.743, 131
Trd, 4318583.143, 131
Trd, 4318583.743, 140
Trd, 4318585.543, 61
Trd, 4318586.293, 60
Trd, 4318586.643, 62
Trd, 4318587.843, 60
Trd, 4318588.093, 61
Trd, 4318588.393, 61
Trd, 4318589.393, 83
Trd, 4318590.943, 61
Trd, 4318591.043, 64
Trd, 4318592.193, 64
Trd, 4318592.593, 65
Trd, 4318592.743, 71
Trd, 4318593.243, 63
Trd, 4318593.793, 62
Trd, 4318594.493, 61
Trd, 4318594.543, 63
Trd, 4318596.243, 61
Trd, 4318597.543, 60
Trd, 4318597.943, 64
Trd, 4318598.043, 65
Trd, 4318599.643, 60
Trd, 4318600.793, 60
Trd, 4318601.143, 67
Trd, 4318601.743, 63
Trd, 4318602.193, 64
Trd, 4318602.643, 66
Trd, 4318603.693, 64
Trd, 4318603.743, 72
Trd, 4318603.893, 83
Trd, 4318604.643, 140
Trd, 4318605.793, 140
Trd, 4318605.893, 140
Trd, 4318606.193, 140
Trd, 4318607.043, 140
Trd, 4318607.943, 140
Trd, 4318609.643, 140
Trd, 4318609.943, 140
Trd, 4318610.093, 134
Trd, 4318610.593, 139
Trd, 4318611.743, 138
Trd, 4318612.693, 140
Trd, 4318614.243, 140
Trd, 4318614.643, 138
Trd, 4318615.593, 139
Trd, 4318616.643, 140
Trd, 4318617.593, 140
Trd, 4318617.743, 140
Trd, 4318618.143, 139
Trd, 4318618.293, 139
Trd, 4318618.943, 137
Trd, 4318619.393, 140
Trd, 4318620.143, 140
Trd, 4318620.743, 139
Trd, 4318621.943, 140
Trd, 4318623.093, 140
Trd, 4318623.143, 140
Trd, 4318624.143, 140
Trd, 4318626.243, 140
Trd, 4318627.893, 140
Trd, 4318627.943, 140
Trd, 4318628.093, 138
Trd, 4318628.543, 139
Trd, 4318628.643, 137
Trd, 4318629.143, 139
Trd, 4318630.593, 140
Trd, 4318632.343, 140
Trd, 4318632.493, 140
Trd, 4318633.543, 140
Trd, 4318633.793, 140
Trd, 4318633.993, 140
Trd, 4318635.643, 140
Trd, 4318635.693, 134
Trd, 4318636.593, 140
Trd, 4318636.993, 133
Trd, 4318638.293, 140
Trd, 4318638.893, 140
Trd, 4318640.243, 140
Trd, 4318641.493, 138
Trd, 4318641.793, 140
Trd, 4318642.443, 140
Trd, 4318643.843, 140
Trd, 4318643.993, 140
Trd, 4318645.143, 140
Trd, 4318645.943, 140
Trd, 4318646.093, 134
Trd, 4318646.793, 126
Trd, 4318647.493, 140
Trd, 4318648.493, 140
Trd, 4318648.843, 140
Trd, 4318648.993, 140
Trd, 4318649.843, 140
Trd, 4318650.643, 87
Trd, 4318650.843, 86
Trd, 4318653.093, 140
Trd, 4318653.143, 140
Trd, 4318654.543, 140
Trd, 4318655.043, 140
Trd, 4318655.243, 140
Trd, 4318655.343, 139
Trd, 4318655.593, 137
Trd, 4318656.543, 140
Trd, 4318657.743, 140
Trd, 4318660.893, 140
Trd, 4318661.093, 140
Trd, 4318661.793, 140
Trd, 4318662.343, 140
Trd, 4318662.593, 140
Trd, 4318662.693, 139
Trd, 4318664.843, 140
Trd, 4318665.043, 140
Trd, 4318665.193, 140
Trd, 4318665.293, 94
Trd, 4318666.043, 94
Trd, 4318667.243, 140
Trd, 4318667.843, 140
Trd, 4318668.943, 140
Trd, 4318669.493, 140
Trd, 4318670.343, 140
Trd, 4318670.993, 140
Trd, 4318671.043, 140
Trd, 4318671.443, 140
Trd, 4318675.643, 140
Trd, 4318675.843, 140
Trd, 4318676.843, 140
Trd, 4318676.893, 140
Trd, 4318677.243, 140
Trd, 4318677.943, 139
Trd, 4318678.293, 139
Trd, 4318679.193, 140
Trd, 4318679.493, 125
Trd, 4318680.693, 60
Trd, 4318680.943, 60
Trd, 4318681.193, 66
Trd, 4318682.843, 140
Trd, 4318683.093, 140
Trd, 4318683.243, 140
Trd, 4318684.243, 139
Trd, 4318684.943, 138
Trd, 4318685.693, 139
Trd, 4318685.793, 140
Trd, 4318686.293, 107
Trd, 4318687.593, 140
Trd, 4318687.743, 140
Trd, 4318689.493, 140
Trd, 4318690.293, 140
Trd, 4318690.393, 140
Trd, 4318690.793, 140
Trd, 4318691.343, 139
Trd, 4318692.993, 140
Trd, 4318694.693, 140
Trd, 4318695.343, 140
Trd, 4318695.393, 140
Trd, 4318695.893, 140
Trd, 4318696.543, 136
Trd, 4318697.843, 140
Trd, 4318698.693, 140
Trd, 4318699.343, 140
Trd, 4318700.193, 139
Trd, 4318700.843, 140
Trd, 4318701.243, 140
Trd, 4318701.693, 139
Trd, 4318702.193, 138
Trd, 4318702.943, 139
Trd, 4318703.493, 85
Trd, 4318704.193, 140
Trd, 4318705.443, 124
Trd, 4318705.593, 136
Trd, 4318707.093, 124
Trd, 4318707.993, 139
Trd, 4318708.293, 136
Trd, 4318710.493, 140
Trd, 4318712.493, 140
Trd, 4318713.193, 140
Trd, 4318713.393, 140
Trd, 4318713.793, 140
Trd, 4318714.193, 138
Trd, 4318714.943, 138
Trd, 4318716.743, 140
Trd, 4318716.793, 140
Trd, 4318717.493, 140
Trd, 4318717.693, 140
Trd, 4318718.493, 140
Trd, 4318718.543, 140
Trd, 4318719.793, 88
Trd, 4318721.143, 113
Trd, 4318721.693, 140
Trd, 4318722.293, 139
Trd, 4318722.543, 140
Trd, 4318722.643, 109
Trd, 4318723.543, 124
Trd, 4318724.093, 114
Trd, 4318725.743, 140
Trd, 4318726.643, 140
Trd, 4318726.943, 140
Trd, 4318727.893, 138
Trd, 4318729.443, 140
Trd, 4318729.943, 140
Trd, 4318730.593, 140
Trd, 4318731.843, 140
Trd, 4318732.243, 140
Trd, 4318733.143, 140
Trd, 4318733.393, 140
Trd, 4318734.343, 67
Trd, 4318734.643, 63
Trd, 4318734.993, 63
Trd, 4318735.093, 76
Trd, 4318736.993, 115
Trd, 4318737.743, 127
Trd, 4318737.793, 126
Trd, 4318738.193, 111
Trd, 4318739.093, 61
Trd, 4318739.443, 63
Trd, 4318740.243, 60
Trd, 4318740.393, 60
Trd, 4318741.543, 140
Trd, 4318742.643, 140
Trd, 4318743.093, 140
Trd, 4318743.343, 123
Trd, 4318743.843, 139
Trd, 4318745.493, 140
Trd, 4318746.143, 140
Trd, 4318747.193, 140
Trd, 4318747.893, 138
Trd, 4318749.593, 140
Trd, 4318751.143, 140
Trd, 4318751.193, 140
Trd, 4318751.493, 140
Trd, 4318753.793, 140
Trd, 4318753.843, 140
Trd, 4318753.993, 140
Trd, 4318754.543, 140
Trd, 4318755.293, 140
Trd, 4318755.743, 140
Trd, 4318757.493, 140
Trd, 4318757.693, 140
Trd, 4318760.243, 140
Trd, 4318760.793, 140
Trd, 4318761.393, 140
Trd, 4318761.443, 140
Trd, 4318761.593, 140
Trd, 4318761.943, 140
Trd, 4318763.393, 140
Trd, 4318764.443, 140
Trd, 4318764.843, 140
Trd, 4318765.393, 139
Trd, 4318765.693, 139
Trd, 4318766.743, 138
Trd, 4318766.893, 137
Trd, 4318768.243, 140
Trd, 4318769.193, 140
Trd, 4318770.143, 140
Trd, 4318770.343, 140
Trd, 4318770.943, 140
Trd, 4318771.143, 140
Trd, 4318772.343, 140
Trd, 4318773.393, 140
Trd, 4318774.593, 140
Trd, 4318774.893, 140
Trd, 4318775.443, 140
Trd, 4318775.543, 140
Trd, 4318775.593, 139
Trd, 4318776.743, 137
Trd, 4318777.443, 136
Trd, 4318779.543, 140
Trd, 4318780.143, 140
Trd, 4318780.193, 140
Trd, 4318781.343, 139
Trd, 4318781.993, 140
Trd, 4318782.943, 140
Trd, 4318784.293, 140
Trd, 4318784.993, 140
Trd, 4318785.293, 139
Trd, 4318785.993, 140
Trd, 4318786.743, 140
Trd, 4318787.093, 140
Trd, 4318787.193, 139
Trd, 4318787.593, 139
Trd, 4318788.393, 140
Trd, 4318789.393, 140
Trd, 4318791.043, 140
Trd, 4318791.893, 140
Trd, 4318792.893, 140
Trd, 4318793.093, 140
Trd, 4318793.293, 140
Trd, 4318795.493, 140
Trd, 4318796.543, 140
Trd, 4318796.643, 140
Trd, 4318797.143, 140
Trd, 4318798.393, 140
Trd, 4318799.193, 140
Trd, 4318799.793, 140
Trd, 4318799.843, 140
Trd, 4318801.043, 140
Trd, 4318801.743, 140
Trd, 4318801.893, 140
Trd, 4318802.193, 140
Trd, 4318803.843, 134
Trd, 4318804.243, 139
Trd, 4318805.543, 140
Trd, 4318805.843, 140
Trd, 4318806.143, 138
Trd, 4318807.243, 137
Trd, 4318807.893, 140
Trd, 4318807.943, 140
Trd, 4318809.143, 135
Trd, 4318809.343, 140
Trd, 4318810.943, 138
Trd, 4318811.243, 139
Trd, 4318811.993, 140
Trd, 4318812.093, 140
Trd, 4318812.943, 127
Trd, 4318813.193, 128
Trd, 4318814.393, 140
Trd, 4318814.643, 139
Trd, 4318814.893, 107
Trd, 4318817.243, 140
Trd, 4318817.293, 140
Trd, 4318818.493, 140
Trd, 4318818.543, 133
Trd, 4318820.143, 140
Trd, 4318820.343, 140
Trd, 4318821.493, 140
Trd, 4318822.243, 140
Trd, 4318823.443, 140
Trd, 4318824.993, 140
Trd, 4318825.443, 140
Trd, 4318825.943, 140
Trd, 4318826.393, 140
Trd, 4318827.543, 140
Trd, 4318827.743, 140
Trd, 4318828.793, 140
Trd, 4318829.443, 140
Trd, 4318829.643, 140
Trd, 4318830.493, 63
Trd, 4318830.693, 62
Trd, 4318830.843, 65
Trd, 4318831.593, 140
Trd, 4318832.543, 140
Trd, 4318833.543, 140
Trd, 4318834.093, 140
Trd, 4318834.843, 140
Trd, 4318835.593, 140
Trd, 4318835.743, 140
Trd, 4318836.493, 140
Trd, 4318838.043, 140
Trd, 4318838.193, 140
Trd, 4318839.393, 140
Trd, 4318840.043, 140
Trd, 4318840.293, 128
Trd, 4318840.693, 140
Trd, 4318841.343, 140
Trd, 4318842.243, 140
Trd, 4318842.593, 139
Trd, 4318843.643, 140
Trd, 4318844.443, 140
Trd, 4318844.543, 140
Trd, 4318844.893, 108
Trd, 4318845.943, 140
Trd, 4318846.193, 138
Trd, 4318847.643, 130
Trd, 4318848.843, 140
Trd, 4318848.943, 140
Trd, 4318850.493, 140
Trd, 4318852.693, 140
Trd, 4318853.243, 140
Trd, 4318853.543, 140
Trd, 4318853.893, 140
Trd, 4318854.643, 139
Trd, 4318855.293, 139
Trd, 4318855.793, 140
Trd, 4318856.793, 140
Trd, 4318856.843, 140
Trd, 4318857.993, 137
Trd, 4318858.443, 93
Trd, 4318859.093, 135
Trd, 4318859.443, 134
Trd, 4318859.693, 134
Trd, 4318860.493, 63
Trd, 4318860.693, 60
Trd, 4318861.393, 61
Trd, 4318861.893, 140
Trd, 4318863.493, 140
Trd, 4318864.893, 140
Trd, 4318865.243, 139
Trd, 4318866.143, 139
Trd, 4318866.593, 67
Trd, 4318867.393, 140
Trd, 4318867.793, 140
Trd, 4318867.993, 139
Trd, 4318868.293, 139
Trd, 4318869.643, 140
Trd, 4318870.893, 140
Trd, 4318872.343, 140
Trd, 4318873.243, 140
Trd, 4318873.893, 140
Trd, 4318874.193, 139
Trd, 4318874.743, 140
Trd, 4318875.193, 140
Trd, 4318876.093, 139
Trd, 4318876.193, 88
Trd, 4318877.943, 140
Trd, 4318878.043, 140
Trd, 4318878.143, 138
Trd, 4318878.793, 138
Trd, 4318879.193, 140
Trd, 4318880.693, 140
Trd, 4318880.793, 140
Trd, 4318881.643, 140
Trd, 4318881.743, 140
Trd, 4318883.243, 140
Trd, 4318884.043, 140
Trd, 4318885.143, 140
Trd, 4318885.843, 135
Trd, 4318886.293, 108
Trd, 4318887.093, 140
Trd, 4318887.393, 130
Trd, 4318887.943, 139
Trd, 4318889.093, 140
Trd, 4318889.393, 140
Trd, 4318889.643, 138
Trd, 4318890.293, 139
Trd, 4318891.393, 132
Trd, 4318891.743, 135
Trd, 4318893.743, 140
Trd, 4318893.943, 140
Trd, 4318894.393, 139
Trd, 4318894.543, 139
Trd, 4318895.343, 64
Trd, 4318895.793, 64
Trd, 4318896.993, 140
Trd, 4318899.493, 140
Trd, 4318900.793, 140
Trd, 4318900.843, 140
Trd, 4318901.943, 140
Trd, 4318901.993, 139
Trd, 4318902.043, 138
Trd, 4318902.243, 113
Trd, 4318903.143, 139
Trd, 4318903.493, 140
Trd, 4318903.593, 139
Trd, 4318903.643, 96
Trd, 4318904.543, 63
Trd, 4318905.643, 140
Trd, 4318906.793, 140
Trd, 4318907.243, 140
Trd, 4318907.643, 140
Trd, 4318908.243, 139
Trd, 4318909.093, 131
Trd, 4318910.693, 88
Trd, 4318910.843, 88
Trd, 4318911.193, 134
Trd, 4318911.993, 140
Trd, 4318913.793, 140
Trd, 4318914.843, 140
Trd, 4318915.443, 140
Trd, 4318915.943, 140
Trd, 4318916.693, 140
Trd, 4318916.893, 139
Trd, 4318917.943, 140
Trd, 4318918.093, 138
Trd, 4318918.593, 136
Trd, 4318918.793, 74
Trd, 4318920.443, 140
Trd, 4318921.293, 140
Trd, 4318921.493, 139
Trd, 4318922.943, 140
Trd, 4318923.293, 140
Trd, 4318924.193, 140
Trd, 4318925.293, 140
Trd, 4318926.593, 139
Trd, 4318926.793, 137
Trd, 4318927.243, 139
Trd, 4318927.593, 120
Trd, 4318928.943, 140
Trd, 4318929.643, 140
Trd, 4318929.743, 140
Trd, 4318929.943, 91
Trd, 4318931.343, 135
Trd, 4318931.793, 89
Trd, 4318931.993, 140
Trd, 4318932.443, 89
Trd, 4318933.143, 64
Trd, 4318933.543, 65
Trd, 4318934.193, 67
Trd, 4318935.393, 138
Trd, 4318936.393, 140
Trd, 4318936.443, 95
Trd, 4318938.143, 139
Trd, 4318940.093, 126
Trd, 4318940.293, 124
Trd, 4318941.193, 60
Trd, 4318941.743, 140
Trd, 4318942.643, 139
Trd, 4318943.443, 116
Trd, 4318944.443, 139
Trd, 4318945.193, 140
Trd, 4318945.493, 139
Trd, 4318946.943, 140
Trd, 4318947.993, 140
Trd, 4318948.143, 140
Trd, 4318949.493, 140
Trd, 4318949.743, 140
Trd, 4318949.943, 140
Trd, 4318952.193, 140
Trd, 4318952.643, 140
Trd, 4318953.943, 140
Trd, 4318954.793, 140
Trd, 4318955.743, 140
Trd, 4318955.843, 139
Trd, 4318955.943, 139
Trd, 4318957.193, 140
Trd, 4318957.743, 130
Trd, 4318958.093, 107
Trd, 4318958.893, 63
Trd, 4318959.243, 78
Trd, 4318960.143, 140
Trd, 4318961.143, 140
Trd, 4318961.443, 140
Trd, 4318961.693, 140
Trd, 4318965.093, 140
Trd, 4318965.143, 140
Trd, 4318965.343, 140
Trd, 4318965.843, 140
Trd, 4318966.543, 140
Trd, 4318966.643, 140
Trd, 4318966.693, 139
Trd, 4318968.243, 140
Trd, 4318969.843, 140
Trd, 4318970.543, 140
Trd, 4318970.593, 140
Trd, 4318971.843, 140
Trd, 4318972.243, 138
Trd, 4318973.493, 140
Trd, 4318974.043, 140
Trd, 4318974.143, 138
Trd, 4318974.293, 137
Trd, 4318974.993, 125
Trd, 4318976.793, 139
Trd, 4318976.943, 87
Trd, 4318978.043, 138
Trd, 4318979.743, 140
Trd, 4318980.043, 140
Trd, 4318980.593, 140
Trd, 4318981.093, 140
Trd, 4318981.343, 140
Trd, 4318982.543, 140
Trd, 4318984.093, 140
Trd, 4318984.193, 140
Trd, 4318985.393, 140
Trd, 4318985.993, 140
Trd, 4318986.493, 139
Trd, 4318986.893, 140
Trd, 4318987.343, 139
Trd, 4318988.493, 140
Trd, 4318988.543, 139
Trd, 4318991.543, 140
Trd, 4318991.943, 138
Trd, 4318992.143, 139
Trd, 4318993.043, 131
Trd, 4318993.293, 138
Trd, 4318994.393, 140
Trd, 4318995.793, 140
Trd, 4318995.993, 139
Trd, 4318996.643, 100
Trd, 4318997.143, 140
Trd, 4318997.343, 66
Trd, 4318999.643, 140
Trd, 4318999.843, 140
Trd, 4319000.243, 140
Trd, 4319000.493, 139
Trd, 4319001.043, 137
Trd, 4319003.493, 139
Trd, 4319003.643, 140
Trd, 4319003.693, 105
Trd, 4319004.743, 66
Trd, 4319005.193, 65
Trd, 4319005.693, 134
Trd, 4319006.243, 60
Trd, 4319006.293, 61
Trd, 4319007.343, 62
Trd, 4319007.443, 63
Trd, 4319008.043, 119
Trd, 4319009.343, 65
Trd, 4319010.043, 61
Trd, 4319010.893, 140
Trd, 4319010.943, 140
Trd, 4319011.843, 139
Trd, 4319012.443, 137
Trd, 4319012.693, 61
Trd, 4319013.493, 64
Trd, 4319013.793, 62
Trd, 4319014.893, 62
Trd, 4319016.343, 60
Trd, 4319016.793, 60
Trd, 4319017.643, 61
Trd, 4319017.743, 61
Trd, 4319019.543, 60
Trd, 4319019.893, 60
Trd, 4319020.843, 60
Trd, 4319020.893, 60
Trd, 4319021.293, 60
Trd, 4319023.543, 60
Trd, 4319023.743, 61
Trd, 4319025.543, 62
Trd, 4319025.593, 63
Trd, 4319026.243, 63
Trd, 4319026.343, 61
Trd, 4319026.643, 64
Trd, 4319027.193, 63
Trd, 4319027.543, 62
Trd, 4319028.293, 61
Trd, 4319029.943, 77
Trd, 4319030.843, 136
Trd, 4319031.193, 136
Trd, 4319031.293, 135
Trd, 4319031.893, 140
Trd, 4319032.493, 140
Trd, 4319033.643, 140
Trd, 4319034.343, 60
Trd, 4319034.743, 64
Trd, 4319035.293, 66
Trd, 4319035.993, 140
Trd, 4319037.143, 66
Trd, 4319038.043, 60
Trd, 4319038.993, 62
Trd, 4319039.893, 60
Trd, 4319040.593, 140
Trd, 4319041.243, 60
Trd, 4319042.343, 60
Trd, 4319042.893, 60
Trd, 4319044.543, 60
Trd, 4319044.593, 61
Trd, 4319046.193, 62
Trd, 4319047.293, 63
Trd, 4319047.443, 61
Trd, 4319047.593, 62
Trd, 4319047.943, 62
Trd, 4319048.943, 139
Trd, 4319049.293, 79
Trd, 4319050.643, 138
Trd, 4319051.293, 140
Trd, 4319052.293, 140
Trd, 4319052.493, 140
Trd, 4319053.393, 139
Trd, 4319053.743, 140
Trd, 4319056.293, 140
Trd, 4319057.093, 140
Trd, 4319057.243, 140
Trd, 4319057.293, 140
Trd, 4319058.393, 139
Trd, 4319060.193, 140
Trd, 4319062.443, 140
Trd, 4319062.543, 139
Trd, 4319062.893, 138
Trd, 4319063.993, 140
Trd, 4319064.843, 140
Trd, 4319065.193, 140
Trd, 4319065.293, 137
Trd, 4319067.943, 140
Trd, 4319068.693, 140
Trd, 4319068.793, 139
Trd, 4319069.043, 139
Trd, 4319069.443, 140
Trd, 4319071.243, 140
Trd, 4319071.843, 139
Trd, 4319072.243, 140
Trd, 4319073.143, 140
Trd, 4319073.793, 139
Trd, 4319073.893, 138
Trd, 4319074.493, 140
Trd, 4319074.593, 139
Trd, 4319075.043, 140
Trd, 4319076.543, 139
Trd, 4319077.043, 127
Trd, 4319077.793, 127
Trd, 4319078.043, 126
Trd, 4319079.243, 60
Trd, 4319079.393, 60
Trd, 4319079.593, 61
Trd, 4319080.893, 74
Trd, 4319081.393, 140
Trd, 4319082.043, 140
Trd, 4319083.143, 140
Trd, 4319083.543, 139
Trd, 4319084.443, 139
Trd, 4319086.093, 140
Trd, 4319086.693, 140
Trd, 4319086.893, 140
Trd, 4319087.243, 140
Trd, 4319088.493, 140
Trd, 4319089.143, 140
Trd, 4319089.343, 139
Trd, 4319090.293, 139
Trd, 4319091.143, 140
Trd, 4319091.843, 140
Trd, 4319093.193, 140
Trd, 4319094.943, 140
Trd, 4319095.243, 139
Trd, 4319096.093, 140
Trd, 4319097.293, 140
Trd, 4319097.643, 140
Trd, 4319097.743, 134
Trd, 4319098.343, 139
Trd, 4319099.043, 140
Trd, 4319099.243, 121
Trd, 4319100.793, 140
Trd, 4319101.543, 140
Trd, 4319101.993, 140
Trd, 4319102.193, 140
Trd, 4319102.843, 140
Trd, 4319104.093, 140
Trd, 4319104.493, 140
Trd, 4319104.843, 139
Trd, 4319106.243, 133
Trd, 4319108.343, 140
Trd, 4319108.493, 140
Trd, 4319111.093, 140
Trd, 4319111.743, 140
Trd, 4319111.793, 140
Trd, 4319113.493, 140
Trd, 4319113.843, 140
Trd, 4319115.243, 140
Trd, 4319115.293, 140
Trd, 4319115.343, 139
Trd, 4319116.193, 140
Trd, 4319116.643, 84
Trd, 4319117.443, 138
Trd, 4319118.193, 133
Trd, 4319118.593, 109
Trd, 4319119.193, 61
Trd, 4319120.243, 61
Trd, 4319121.193, 136
Trd, 4319121.643, 134
Trd, 4319122.893, 140
Trd, 4319122.943, 140
Trd, 4319123.743, 140
Trd, 4319124.493, 137
Trd, 4319125.043, 130
Trd, 4319126.343, 140
Trd, 4319126.593, 140
Trd, 4319127.093, 140
Trd, 4319128.793, 140
Trd, 4319128.993, 139
Trd, 4319130.493, 139
Trd, 4319132.443, 140
Trd, 4319133.193, 140
Trd, 4319133.343, 140
Trd, 4319133.443, 140
Trd, 4319134.043, 140
Trd, 4319134.343, 140
Trd, 4319134.593, 137
Trd, 4319136.043, 140
Trd, 4319136.343, 140
Trd, 4319137.193, 138
Trd, 4319137.643, 120
Trd, 4319137.993, 119
Trd, 4319138.943, 140
Trd, 4319140.393, 140
Trd, 4319140.643, 140
Trd, 4319141.043, 138
Trd, 4319141.893, 140
Trd, 4319142.093, 137
Trd, 4319142.793, 61
Trd, 4319143.793, 140
Trd, 4319144.043, 64
Trd, 4319144.843, 63
Trd, 4319146.143, 60
Trd, 4319146.843, 60
Trd, 4319148.293, 60
Trd, 4319149.743, 60
Trd, 4319150.293, 60
Trd, 4319150.543, 62
Trd, 4319151.243, 66
Trd, 4319152.493, 62
Trd, 4319152.593, 60
Trd, 4319152.693, 128
Trd, 4319153.443, 113
Trd, 4319153.993, 120
Trd, 4319154.993, 136
Trd, 4319155.643, 115
Trd, 4319156.043, 129
Trd, 4319156.443, 139
Trd, 4319156.993, 140
Trd, 4319159.443, 140
Trd, 4319159.843, 140
Trd, 4319160.143, 140
Trd, 4319161.543, 91
Trd, 4319162.193, 140
Trd, 4319163.043, 140
Trd, 4319165.143, 140
Trd, 4319165.193, 139
Trd, 4319165.343, 139
Trd, 4319167.643, 140
Trd, 4319168.043, 140
Trd, 4319168.943, 140
Trd, 4319169.043, 140
Trd, 4319169.143, 136
Trd, 4319169.943, 138
Trd, 4319170.643, 122
Trd, 4319170.893, 138
Trd, 4319170.993, 82
Trd, 4319171.443, 106
Trd, 4319172.443, 68
Trd, 4319172.693, 60
Trd, 4319175.793, 60
Trd, 4319175.843, 60
Trd, 4319175.943, 64
Trd, 4319176.543, 140
Trd, 4319177.143, 140
Trd, 4319177.243, 140
Trd, 4319178.443, 140
Trd, 4319179.043, 140
Trd, 4319179.443, 140
Trd, 4319180.243, 140
Trd, 4319180.393, 138
Trd, 4319181.193, 124
Trd, 4319181.343, 106
Trd, 4319181.993, 140
Trd, 4319183.143, 140
Trd, 4319185.493, 140
Trd, 4319186.043, 138
Trd, 4319186.143, 135
Trd, 4319186.743, 140
Trd, 4319187.543, 140
Trd, 4319187.593, 139
Trd, 4319187.993, 139
Trd, 4319188.743, 140
Trd, 4319189.693, 128
Trd, 4319191.543, 140
Trd, 4319191.593, 140
Trd, 4319192.093, 140
Trd, 4319192.643, 140
Trd, 4319193.393, 140
Trd, 4319193.593, 140
Trd, 4319194.543, 140
Trd, 4319194.843, 140
Trd, 4319196.443, 140
Trd, 4319196.493, 140
Trd, 4319198.493, 140
Trd, 4319199.643, 140
Trd, 4319200.143, 140
Trd, 4319200.893, 140
Trd, 4319201.143, 138
Trd, 4319201.393, 137
Trd, 4319201.493, 128
Trd, 4319201.993, 139
Trd, 4319203.093, 138
Trd, 4319204.293, 127
Trd, 4319204.593, 126
Trd, 4319205.193, 140
Trd, 4319206.793, 60
Trd, 4319207.643, 60
Trd, 4319208.343, 61
Trd, 4319208.443, 61
Trd, 4319208.493, 62
Trd, 4319208.643, 61
Trd, 4319209.993, 62
Trd, 4319210.243, 63
Trd, 4319210.893, 79
Trd, 4319212.343, 60
Trd, 4319212.493, 61
Trd, 4319213.143, 60
Trd, 4319213.293, 62
Trd, 4319214.843, 61
Trd, 4319215.443, 61
Trd, 4319215.543, 63
Trd, 4319216.193, 60
Trd, 4319217.643, 60
Trd, 4319218.293, 60
Trd, 4319221.093, 60
Trd, 4319221.193, 62
Trd, 4319221.493, 60
Trd, 4319221.543, 60
Trd, 4319222.093, 63
Trd, 4319222.543, 62
Trd, 4319223.143, 63
Trd, 4319223.493, 61
Trd, 4319225.193, 61
Trd, 4319225.293, 63
Trd, 4319225.443, 62
Trd, 4319226.443, 64
Trd, 4319227.543, 63
Trd, 4319227.793, 62
Trd, 4319227.893, 63
Trd, 4319228.693, 62
Trd, 4319228.893, 64
Trd, 4319229.393, 64
Trd, 4319229.993, 66
Trd, 4319230.643, 66
Trd, 4319231.143, 61
Trd, 4319233.293, 139
Trd, 4319233.843, 140
Trd, 4319235.243, 140
Trd, 4319235.843, 140
Trd, 4319235.993, 140
Trd, 4319236.193, 137
Trd, 4319237.193, 140
Trd, 4319237.743, 137
Trd, 4319237.793, 137
Trd, 4319238.343, 131
Trd, 4319239.643, 137
Trd, 4319240.293, 100
Trd, 4319240.393, 109
Trd, 4319243.043, 140
Trd, 4319243.393, 140
Trd, 4319244.293, 139
Trd, 4319244.893, 140
Trd, 4319245.043, 138
Trd, 4319246.093, 140
Trd, 4319246.343, 139
Trd, 4319247.143, 61
Trd, 4319247.793, 60
Trd, 4319249.443, 60
Trd, 4319249.593, 60
Trd, 4319249.843, 60
Trd, 4319251.793, 60
Trd, 4319253.543, 60
Trd, 4319253.843, 63
Trd, 4319253.893, 63
Trd, 4319254.943, 61
Trd, 4319255.193, 62
Trd, 4319256.593, 60
Trd, 4319256.743, 60
Trd, 4319256.843, 60
Trd, 4319257.443, 63
Trd, 4319257.693, 64
Trd, 4319258.043, 63
Trd, 4319259.943, 60
Trd, 4319260.693, 62
Trd, 4319260.943, 63
Trd, 4319261.093, 69
Trd, 4319261.893, 62
Trd, 4319263.493, 60
Trd, 4319263.693, 60
Trd, 4319264.743, 68
Trd, 4319265.443, 63
Trd, 4319265.693, 82
Trd, 4319266.843, 140
Trd, 4319267.643, 140
Trd, 4319267.693, 140
Trd, 4319267.793, 140
Trd, 4319268.743, 139
Trd, 4319269.443, 139
Trd, 4319270.093, 110
Trd, 4319270.243, 140
Trd, 4319273.093, 140
Trd, 4319273.443, 140
Trd, 4319273.493, 140
Trd, 4319275.243, 140
Trd, 4319275.993, 140
Trd, 4319276.443, 140
Trd, 4319276.943, 140
Trd, 4319279.093, 140
Trd, 4319279.493, 140
Trd, 4319280.293, 140
Trd, 4319280.543, 140
Trd, 4319281.243, 140
Trd, 4319281.743, 139
Trd, 4319282.543, 140
Trd, 4319282.643, 138
Trd, 4319282.993, 76
Trd, 4319283.993, 69
Trd, 4319286.443, 60
Trd, 4319286.693, 63
Trd, 4319287.093, 60
Trd, 4319287.293, 60
Trd, 4319288.243, 100
Trd, 4319288.493, 61
Trd, 4319288.943, 88
Trd, 4319288.993, 101
Trd, 4319290.443, 139
Trd, 4319290.993, 139
Trd, 4319292.643, 138
Trd, 4319292.943, 138
Trd, 4319293.143, 136
Trd, 4319293.693, 75
Trd, 4319294.643, 140
Trd, 4319294.893, 139
Trd, 4319296.543, 139
Trd, 4319296.643, 135
Trd, 4319296.993, 117
Trd, 4319297.393, 117
Trd, 4319297.943, 117
Trd, 4319298.843, 140
Trd, 4319299.243, 140
Trd, 4319299.743, 139
Trd, 4319302.443, 140
Trd, 4319303.093, 140
Trd, 4319303.443, 140
Trd, 4319304.293, 140
Trd, 4319304.593, 137
Trd, 4319305.393, 60
Trd, 4319305.993, 60
Trd, 4319307.143, 62
Trd, 4319307.193, 65
Trd, 4319308.343, 140
Trd, 4319308.493, 140
Trd, 4319309.693, 140
Trd, 4319310.043, 140
Trd, 4319310.343, 139
Trd, 4319310.543, 139
Trd, 4319311.243, 140
Trd, 4319312.993, 63
Trd, 4319313.593, 70
Trd, 4319313.743, 73
Trd, 4319314.143, 140
Trd, 4319314.843, 129
Trd, 4319315.243, 140
Trd, 4319315.543, 140
Trd, 4319317.243, 140
Trd, 4319317.593, 140
Trd, 4319318.593, 140
Trd, 4319319.193, 140
Trd, 4319319.443, 140
Trd, 4319320.293, 140
Trd, 4319320.493, 140
Trd, 4319322.243, 140
Trd, 4319322.593, 140
Trd, 4319323.443, 138
Trd, 4319324.793, 140
Trd, 4319325.093, 140
Trd, 4319325.443, 140
Trd, 4319326.143, 140
Trd, 4319327.593, 140
Trd, 4319328.793, 140
Trd, 4319329.243, 140
Trd, 4319329.943, 140
Trd, 4319331.993, 127
Trd, 4319332.243, 91
Trd, 4319332.493, 91
Trd, 4319332.943, 137
Trd, 4319333.043, 139
Trd, 4319333.693, 140
Trd, 4319334.193, 140
Trd, 4319334.343, 139
Trd, 4319335.493, 137
Trd, 4319336.843, 139
Trd, 4319337.493, 94
Trd, 4319337.843, 140
Trd, 4319338.593, 140
Trd, 4319339.443, 140
Trd, 4319340.043, 140
Trd, 4319341.643, 140
Trd, 4319341.843, 140
Trd, 4319342.893, 140
Trd, 4319342.993, 140
Trd, 4319344.543, 140
Trd, 4319344.643, 140
Trd, 4319345.093, 140
Trd, 4319345.893, 140
Trd, 4319346.493, 140
Trd, 4319347.093, 138
Trd, 4319348.893, 140
Trd, 4319351.243, 140
Trd, 4319352.093, 140
Trd, 4319352.343, 140
Trd, 4319353.193, 140
Trd, 4319354.043, 140
Trd, 4319354.093, 140
Trd, 4319354.593, 138
Trd, 4319354.843, 138
Trd, 4319355.643, 140
Trd, 4319355.893, 138
Trd, 4319357.293, 140
Trd, 4319357.443, 140
Trd, 4319358.443, 140
Trd, 4319358.543, 139
Trd, 4319359.143, 136
Trd, 4319359.193, 134
Trd, 4319360.143, 60
Trd, 4319362.793, 60
Trd, 4319362.893, 60
Trd, 4319363.043, 60
Trd, 4319363.093, 62
Trd, 4319364.693, 60
Trd, 4319365.043, 64
Trd, 4319365.743, 60
Trd, 4319366.243, 60
Trd, 4319366.643, 61
Trd, 4319367.443, 61
Trd, 4319368.643, 60
Trd, 4319368.743, 133
Trd, 4319370.443, 140
Trd, 4319371.493, 140
Trd, 4319371.943, 140
Trd, 4319371.993, 140
Trd, 4319372.193, 139
Trd, 4319372.443, 137
Trd, 4319372.943, 62
Trd, 4319373.343, 136
Trd, 4319374.443, 140
Trd, 4319374.643, 87
Trd, 4319375.343, 86
Trd, 4319376.943, 120
Trd, 4319378.593, 140
Trd, 4319378.643, 140
Trd, 4319379.593, 140
Trd, 4319379.693, 140
Trd, 4319381.393, 140
Trd, 4319382.893, 140
Trd, 4319382.943, 139
Trd, 4319384.843, 140
Trd, 4319385.543, 140
Trd, 4319385.793, 140
Trd, 4319386.543, 140
Trd, 4319387.043, 140
Trd, 4319387.243, 139
Trd, 4319387.443, 137
Trd, 4319388.993, 140
Trd, 4319389.043, 140
Trd, 4319390.243, 139
Trd, 4319390.993, 139
Trd, 4319392.293, 140
Trd, 4319392.543, 139
Trd, 4319393.443, 138
Trd, 4319393.843, 140
Trd, 4319395.243, 140
Trd, 4319395.593, 140
Trd, 4319395.743, 140
Trd, 4319396.143, 139
Trd, 4319396.993, 139
Trd, 4319398.393, 140
Trd, 4319401.343, 136
Trd, 4319401.493, 135
Trd, 4319401.543, 68
Trd, 4319401.993, 69
Trd, 4319402.243, 70
Trd, 4319402.743, 140
Trd, 4319403.643, 140
Trd, 4319403.743, 140
Trd, 4319405.243, 140
Trd, 4319406.193, 140
Trd, 4319406.443, 60
Trd, 4319407.793, 140
Trd, 4319407.943, 140
Trd, 4319408.243, 140
Trd, 4319409.093, 140
Trd, 4319409.693, 140
Trd, 4319411.243, 140
Trd, 4319412.393, 140
Trd, 4319412.743, 140
Trd, 4319412.793, 138
Trd, 4319413.643, 140
Trd, 4319414.393, 140
Trd, 4319414.893, 140
Trd, 4319416.243, 140
Trd, 4319416.543, 140
Trd, 4319416.743, 137
Trd, 4319417.693, 140
Trd, 4319417.843, 74
Trd, 4319419.593, 140
Trd, 4319419.943, 140
Trd, 4319421.443, 140
Trd, 4319421.743, 140
Trd, 4319422.593, 133
Trd, 4319422.993, 139
Trd, 4319423.743, 140
Trd, 4319424.093, 123
Trd, 4319425.443, 140
Trd, 4319425.643, 140
Trd, 4319426.943, 140
Trd, 4319428.543, 140
Trd, 4319429.093, 140
Trd, 4319429.943, 140
Trd, 4319430.793, 140
Trd, 4319432.293, 140
Trd, 4319432.643, 140
Trd, 4319433.793, 140
Trd, 4319433.993, 140
Trd, 4319434.743, 140
Trd, 4319434.793, 139
Trd, 4319435.593, 140
Trd, 4319436.293, 140
Trd, 4319437.093, 139
Trd, 4319437.343, 140
Trd, 4319437.743, 140
Trd, 4319437.943, 122
Trd, 4319438.393, 99
Trd, 4319439.293, 140
Trd, 4319440.043, 139
Trd, 4319441.943, 140
Trd, 4319442.043, 140
Trd, 4319443.393, 140
Trd, 4319444.343, 140
Trd, 4319446.343, 140
Trd, 4319446.643, 140
Trd, 4319447.143, 140
Trd, 4319447.393, 137
Trd, 4319447.493, 118
Trd, 4319448.093, 128
Trd, 4319448.543, 102
Trd, 4319449.943, 140
Trd, 4319449.993, 139
Trd, 4319451.793, 60
Trd, 4319452.243, 61
Trd, 4319452.543, 64
Trd, 4319453.843, 64
Trd, 4319453.893, 68
Trd, 4319453.993, 62
Trd, 4319455.693, 65
Trd, 4319456.443, 69
Trd, 4319456.693, 60
Trd, 4319458.943, 66
Trd, 4319459.093, 112
Trd, 4319459.643, 140
Trd, 4319460.943, 140
Trd, 4319461.393, 140
Trd, 4319461.793, 140
Trd, 4319462.793, 140
Trd, 4319464.143, 140
Trd, 4319464.493, 140
Trd, 4319466.693, 140
Trd, 4319466.943, 140
Trd, 4319467.393, 139
Trd, 4319468.043, 138
Trd, 4319469.693, 139
Trd, 4319469.993, 101
Trd, 4319470.243, 101
Trd, 4319471.143, 140
Trd, 4319471.193, 140
Trd, 4319472.543, 139
Trd, 4319473.993, 122
Trd, 4319474.543, 140
Trd, 4319474.593, 140
Trd, 4319474.793, 136
Trd, 4319475.443, 121
Trd, 4319476.343, 140
Trd, 4319476.693, 140
Trd, 4319476.743, 139
Trd, 4319477.993, 63
Trd, 4319478.993, 60
Trd, 4319479.343, 60
Trd, 4319479.693, 62
Trd, 4319480.493, 60
Trd, 4319480.893, 60
Trd, 4319481.593, 139
Trd, 4319482.193, 92
Trd, 4319482.393, 61
Trd, 4319484.093, 140
Trd, 4319485.093, 140
Trd, 4319486.043, 139
Trd, 4319486.193, 138
Trd, 4319486.243, 105
Trd, 4319488.543, 64
Trd, 4319488.993, 130
Trd, 4319489.643, 62
Trd, 4319490.543, 60
Trd, 4319490.743, 63
Trd, 4319492.743, 61
Trd, 4319492.943, 62
Trd, 4319493.793, 64
Trd, 4319493.993, 64
Trd, 4319494.993, 60
Trd, 4319495.443, 62
Trd, 4319495.793, 60
Trd, 4319496.793, 62
Trd, 4319497.143, 64
Trd, 4319499.743, 60
Trd, 4319500.043, 60
Trd, 4319500.193, 61
Trd, 4319500.743, 62
Trd, 4319501.443, 60
Trd, 4319501.593, 66
Trd, 4319503.643, 64
Trd, 4319504.543, 61
Trd, 4319504.893, 62
Trd, 4319505.393, 65
Trd, 4319505.693, 62
Trd, 4319505.993, 71
Trd, 4319506.143, 61
Trd, 4319506.843, 60
Trd, 4319507.743, 63
Trd, 4319508.443, 62
Trd, 4319508.843, 61
Trd, 4319509.593, 66
Trd, 4319509.643, 86
Trd, 4319510.843, 60
Trd, 4319511.393, 67
Trd, 4319512.793, 91
Trd, 4319513.643, 64
Trd, 4319514.793, 60
Trd, 4319516.143, 61
Trd, 4319516.193, 62
Trd, 4319516.793, 64
Trd, 4319517.043, 66
Trd, 4319517.643, 114
Trd, 4319517.693, 113
Trd, 4319518.843, 118
Trd, 4319519.493, 139
Trd, 4319519.643, 84
Trd, 4319519.693, 83
Trd, 4319520.593, 126
Trd, 4319521.443, 86
Trd, 4319522.193, 84
Trd, 4319522.493, 140
Trd, 4319523.043, 140
Trd, 4319523.343, 101
Trd, 4319525.093, 63
Trd, 4319525.193, 65
Trd, 4319525.943, 66
Trd, 4319526.093, 68
Trd, 4319527.443, 65
Trd, 4319527.843, 65
Trd, 4319530.293, 60
Trd, 4319531.093, 60
Trd, 4319531.293, 60
Trd, 4319531.993, 60
Trd, 4319532.893, 139
Trd, 4319532.943, 139
Trd, 4319533.793, 140
Trd, 4319533.843, 140
Trd, 4319535.643, 140
Trd, 4319537.893, 140
Trd, 4319538.693, 140
Trd, 4319539.693, 140
Trd, 4319539.843, 140
Trd, 4319541.343, 140
Trd, 4319541.443, 140
Trd, 4319541.593, 140
Trd, 4319542.493, 140
Trd, 4319544.543, 140
Trd, 4319545.143, 140
Trd, 4319545.443, 140
Trd, 4319545.693, 140
Trd, 4319546.493, 139
Trd, 4319546.943, 73
Trd, 4319546.993, 75
Trd, 4319548.193, 139
Trd, 4319548.543, 140
Trd, 4319549.443, 140
Trd, 4319549.543, 140
Trd, 4319550.093, 127
Trd, 4319551.393, 140
Trd, 4319551.643, 132
Trd, 4319553.293, 88
Trd, 4319554.043, 140
Trd, 4319554.493, 140
Trd, 4319554.593, 139
Trd, 4319555.243, 140
Trd, 4319555.743, 138
Trd, 4319557.743, 139
Trd, 4319558.093, 140
Trd, 4319559.043, 139
Trd, 4319559.293, 134
Trd, 4319559.943, 137
Trd, 4319560.643, 96
Trd, 4319562.093, 140
Trd, 4319562.243, 140
Trd, 4319562.443, 140
Trd, 4319562.993, 96
Trd, 4319563.493, 62
Trd, 4319564.793, 69
Trd, 4319565.293, 140
Trd, 4319565.943, 105
Trd, 4319566.593, 139
Trd, 4319567.243, 76
Trd, 4319567.843, 139
Trd, 4319569.943, 140
Trd, 4319570.293, 140
Trd, 4319570.843, 140
Trd, 4319571.443, 140
Trd, 4319572.843, 140
Trd, 4319574.593, 140
Trd, 4319574.843, 140
Trd, 4319576.343, 140
Trd, 4319576.393, 139
Trd, 4319576.643, 139
Trd, 4319576.993, 140
Trd, 4319577.643, 140
Trd, 4319580.543, 140
Trd, 4319581.043, 140
Trd, 4319581.943, 140
Trd, 4319583.043, 140
Trd, 4319583.393, 140
Trd, 4319583.843, 140
Trd, 4319584.393, 140
Trd, 4319586.093, 140
Trd, 4319586.343, 140
Trd, 4319586.493, 140
Trd, 4319586.743, 140
Trd, 4319587.793, 140
Trd, 4319589.693, 140
Trd, 4319590.993, 140
Trd, 4319591.093, 140
Trd, 4319591.243, 139
Trd, 4319591.893, 140
Trd, 4319592.793, 62
Trd, 4319593.993, 139
Trd, 4319595.193, 140
Trd, 4319595.493, 140
Trd, 4319595.543, 139
Trd, 4319596.593, 103
Trd, 4319596.943, 137
Trd, 4319597.443, 102
Trd, 4319597.643, 72
Trd, 4319598.693, 60
Trd, 4319599.043, 63
Trd, 4319599.993, 66
Trd, 4319601.093, 60
Trd, 4319601.143, 62
Trd, 4319602.243, 76
Trd, 4319602.743, 63
Trd, 4319603.243, 64
Trd, 4319605.093, 140
Trd, 4319605.293, 140
Trd, 4319606.493, 140
Trd, 4319606.943, 140
Trd, 4319607.393, 140
Trd, 4319607.593, 139
Trd, 4319608.093, 140
Trd, 4319609.193, 140
Trd, 4319609.393, 139
Trd, 4319610.443, 140
Trd, 4319610.493, 139
Trd, 4319612.543, 140
Trd, 4319613.493, 140
Trd, 4319613.943, 140
Trd, 4319614.443, 140
Trd, 4319614.643, 140
Trd, 4319615.193, 140
Trd, 4319617.043, 140
Trd, 4319617.693, 140
Trd, 4319618.143, 140
Trd, 4319618.993, 140
Trd, 4319620.693, 140
Trd, 4319621.093, 140
Trd, 4319621.643, 138
Trd, 4319622.393, 140
Trd, 4319623.493, 140
Trd, 4319624.143, 140
Trd, 4319624.593, 139
Trd, 4319626.443, 139
Trd, 4319627.443, 140
Trd, 4319627.693, 139
Trd, 4319627.993, 140
Trd, 4319628.443, 138
Trd, 4319629.143, 131
Trd, 4319630.643, 138
Trd, 4319631.293, 124
Trd, 4319633.693, 140
Trd, 4319634.043, 140
Trd, 4319634.443, 140
Trd, 4319634.593, 139
Trd, 4319634.743, 135
Trd, 4319635.793, 138
Trd, 4319636.293, 136
Trd, 4319636.343, 65
Trd, 4319637.143, 60
Trd, 4319637.343, 60
Trd, 4319637.543, 60
Trd, 4319637.793, 64
Trd, 4319639.593, 67
Trd, 4319641.293, 60
Trd, 4319641.343, 94
Trd, 4319641.643, 72
Trd, 4319642.493, 140
Trd, 4319642.993, 60
Trd, 4319643.843, 60
Trd, 4319644.943, 60
Trd, 4319644.993, 60
Trd, 4319645.093, 63
Trd, 4319645.543, 65
Trd, 4319646.293, 140
Trd, 4319646.343, 135
Trd, 4319647.943, 138
Trd, 4319648.793, 139
Trd, 4319648.993, 137
Trd, 4319649.643, 140
Trd, 4319651.943, 125
Trd, 4319652.293, 125
Trd, 4319652.593, 137
Trd, 4319653.243, 138
Trd, 4319653.793, 140
Trd, 4319654.443, 125
Trd, 4319654.843, 140
Trd, 4319656.943, 70
Trd, 4319657.093, 69
Trd, 4319657.493, 117
Trd, 4319658.093, 115
Trd, 4319658.193, 67
Trd, 4319658.693, 139
Trd, 4319659.443, 64
Trd, 4319660.543, 140
Trd, 4319661.293, 64
Trd, 4319661.593, 100
Trd, 4319662.643, 63
Trd, 4319663.743, 61
Trd, 4319664.093, 61
Trd, 4319664.343, 69
Trd, 4319664.943, 70
Trd, 4319665.543, 60
Trd, 4319667.343, 139
Trd, 4319668.043, 140
Trd, 4319668.393, 140
Trd, 4319669.293, 140
Trd, 4319669.343, 140
Trd, 4319670.443, 139
Trd, 4319671.193, 140
Trd, 4319671.343, 140
Trd, 4319672.043, 139
Trd, 4319673.843, 140
Trd, 4319674.993, 140
Trd, 4319675.793, 140
Trd, 4319676.893, 140
Trd, 4319677.093, 140
Trd, 4319677.293, 140
Trd, 4319678.493, 106
Trd, 4319679.193, 105
Trd, 4319679.643, 138
Trd, 4319681.393, 139
Trd, 4319682.493, 140
Trd, 4319683.393, 140
Trd, 4319683.593, 140
Trd, 4319684.093, 140
Trd, 4319685.143, 140
Trd, 4319685.443, 140
Trd, 4319686.243, 140
Trd, 4319687.143, 140
Trd, 4319687.293, 140
Trd, 4319687.793, 139
Trd, 4319688.043, 138
Trd, 4319688.993, 136
Trd, 4319689.943, 61
Trd, 4319690.493, 60
Trd, 4319691.443, 60
Trd, 4319691.993, 61
Trd, 4319692.493, 67
Trd, 4319693.143, 81
Trd, 4319694.043, 60
Trd, 4319695.943, 60
Trd, 4319698.043, 60
Trd, 4319698.293, 60
Trd, 4319698.543, 60
Trd, 4319698.893, 60
Trd, 4319699.693, 62
Trd, 4319700.993, 62
Trd, 4319701.143, 60
Trd, 4319701.343, 62
Trd, 4319701.593, 63
Trd, 4319703.343, 64
Trd, 4319703.643, 65
Trd, 4319703.893, 68
Trd, 4319703.993, 71
Trd, 4319705.043, 135
Trd, 4319705.693, 139
Trd, 4319705.943, 135
Trd, 4319706.243, 140
Trd, 4319707.093, 138
Trd, 4319707.943, 113
Trd, 4319708.593, 140
Trd, 4319710.043, 140
Trd, 4319710.643, 140
Trd, 4319711.393, 139
Trd, 4319711.543, 88
Trd, 4319712.143, 60
Trd, 4319713.693, 139
Trd, 4319714.493, 139
Trd, 4319715.843, 140
Trd, 4319717.193, 140
Trd, 4319717.843, 140
Trd, 4319717.943, 140
Trd, 4319718.843, 140
Trd, 4319719.243, 140
Trd, 4319719.443, 140
Trd, 4319720.643, 140
Trd, 4319722.293, 140
Trd, 4319722.643, 140
Trd, 4319722.843, 140
Trd, 4319722.943, 139
Trd, 4319723.693, 139
Trd, 4319724.243, 140
Trd, 4319724.943, 139
Trd, 4319725.943, 140
Trd, 4319726.043, 139
Trd, 4319726.693, 139
Trd, 4319726.893, 138
Trd, 4319728.993, 140
Trd, 4319729.443, 139
Trd, 4319729.743, 140
Trd, 4319730.543, 140
Trd, 4319731.793, 140
Trd, 4319732.143, 140
Trd, 4319732.543, 139
Trd, 4319733.943, 140
Trd, 4319735.293, 140
Trd, 4319737.143, 140
Trd, 4319737.243, 140
Trd, 4319737.793, 140
Trd, 4319739.043, 140
Trd, 4319740.493, 140
Trd, 4319740.643, 140
Trd, 4319740.893, 140
Trd, 4319740.993, 140
Trd, 4319743.243, 140
Trd, 4319743.443, 140
Trd, 4319743.493, 140
Trd, 4319744.193, 79
Trd, 4319745.543, 140
Trd, 4319746.543, 140
Trd, 4319748.993, 140
Trd, 4319749.243, 140
Trd, 4319749.293, 140
Trd, 4319749.793, 139
Trd, 4319750.893, 140
Trd, 4319751.093, 137
Trd, 4319751.743, 140
Trd, 4319752.393, 140
Trd, 4319752.643, 136
Trd, 4319753.393, 138
Trd, 4319754.993, 140
Trd, 4319756.243, 140
Trd, 4319756.343, 140
Trd, 4319757.643, 140
Trd, 4319758.493, 140
Trd, 4319759.293, 140
Trd, 4319759.593, 140
Trd, 4319759.693, 139
Trd, 4319760.443, 137
Trd, 4319761.393, 136
Trd, 4319761.843, 127
Trd, 4319762.393, 128
Trd, 4319762.693, 118
Trd, 4319762.743, 101
Trd, 4319764.193, 130
Trd, 4319764.393, 108
Trd, 4319765.293, 74
Trd, 4319765.943, 140
Trd, 4319765.993, 140
Trd, 4319767.093, 140
Trd, 4319768.593, 135
Trd, 4319768.793, 134
Trd, 4319769.543, 139
Trd, 4319770.243, 140
Trd, 4319771.093, 139
Trd, 4319771.243, 104
Trd, 4319771.643, 65
Trd, 4319772.193, 75
Trd, 4319774.093, 140
Trd, 4319774.493, 140
Trd, 4319774.993, 139
Trd, 4319775.293, 138
Trd, 4319776.443, 140
Trd, 4319776.843, 140
Trd, 4319778.093, 139
Trd, 4319778.393, 109
Trd, 4319779.093, 133
Trd, 4319779.293, 82
Trd, 4319779.443, 76
Trd, 4319780.993, 140
Trd, 4319781.543, 140
Trd, 4319781.643, 139
Trd, 4319784.193, 140
Trd, 4319785.543, 140
Trd, 4319785.693, 140
Trd, 4319786.343, 140
Trd, 4319786.693, 140
Trd, 4319787.743, 140
Trd, 4319787.943, 140
Trd, 4319788.343, 140
Trd, 4319788.543, 86
Trd, 4319789.943, 64
Trd, 4319789.993, 65
Trd, 4319790.443, 137
Trd, 4319790.943, 78
Trd, 4319792.043, 140
Trd, 4319793.243, 140
Trd, 4319793.843, 140
Trd, 4319794.593, 140
Trd, 4319795.243, 139
Trd, 4319795.943, 140
Trd, 4319797.143, 140
Trd, 4319797.443, 140
Trd, 4319798.143, 139
Trd, 4319798.393, 137
Trd, 4319800.643, 140
Trd, 4319800.843, 140
Trd, 4319801.593, 140
Trd, 4319801.743, 140
Trd, 4319801.793, 114
Trd, 4319802.543, 60
Trd, 4319802.643, 61
Trd, 4319802.743, 118
Trd, 4319803.093, 60
Trd, 4319803.393, 135
Trd, 4319804.643, 60
Trd, 4319805.943, 60
Trd, 4319806.193, 61
Trd, 4319806.293, 71
Trd, 4319807.543, 63
Trd, 4319808.343, 140
Trd, 4319810.093, 140
Trd, 4319810.193, 140
Trd, 4319810.793, 139
Trd, 4319812.743, 140
Trd, 4319812.843, 139
Trd, 4319813.593, 130
Trd, 4319813.943, 128
Trd, 4319814.193, 120
Trd, 4319814.343, 119
Trd, 4319816.293, 138
Trd, 4319816.343, 105
Trd, 4319817.593, 61
Trd, 4319818.793, 60
Trd, 4319819.343, 60
Trd, 4319819.493, 65
Trd, 4319820.443, 140
Trd, 4319822.043, 60
Trd, 4319822.343, 60
Trd, 4319823.543, 60
Trd, 4319823.643, 60
Trd, 4319824.693, 60
Trd, 4319825.143, 60
Trd, 4319825.593, 60
Trd, 4319825.893, 65
Trd, 4319826.593, 69
Trd, 4319827.543, 63
Trd, 4319828.693, 60
Trd, 4319828.943, 60
Trd, 4319829.743, 68
Trd, 4319829.793, 64
Trd, 4319829.993, 76
Trd, 4319830.493, 78
Trd, 4319832.343, 140
Trd, 4319832.893, 140
Trd, 4319833.293, 139
Trd, 4319833.993, 132
Trd, 4319835.243, 140
Trd, 4319836.343, 139
Trd, 4319836.793, 140
Trd, 4319837.093, 140
Trd, 4319837.243, 140
Trd, 4319838.043, 140
Trd, 4319838.643, 140
Trd, 4319839.443, 131
Trd, 4319840.193, 130
Trd, 4319840.793, 140
Trd, 4319841.543, 140
Trd, 4319842.393, 136
Trd, 4319844.093, 140
Trd, 4319844.143, 139
Trd, 4319844.693, 131
Trd, 4319846.193, 140
Trd, 4319846.843, 140
Trd, 4319847.293, 140
Trd, 4319847.543, 139
Trd, 4319848.793, 140
Trd, 4319849.143, 139
Trd, 4319850.643, 140
Trd, 4319851.093, 140
Trd, 4319853.493, 140
Trd, 4319853.793, 140
Trd, 4319854.443, 140
Trd, 4319854.543, 140
Trd, 4319855.143, 140
Trd, 4319856.143, 140
Trd, 4319856.743, 140
Trd, 4319857.143, 140
Trd, 4319857.943, 124
Trd, 4319858.143, 86
Trd, 4319859.943, 65
Trd, 4319860.043, 60
Trd, 4319860.593, 61
Trd, 4319860.693, 62
Trd, 4319862.943, 60
Trd, 4319863.193, 60
Trd, 4319863.493, 60
Trd, 4319863.643, 60
Trd, 4319864.393, 64
Trd, 4319865.143, 65
Trd, 4319865.693, 115
Trd, 4319865.793, 138
Trd, 4319866.143, 138
Trd, 4319866.443, 114
Trd, 4319866.893, 140
Trd, 4319867.093, 140
Trd, 4319869.493, 140
Trd, 4319869.943, 140
Trd, 4319870.643, 139
Trd, 4319870.793, 140
Trd, 4319871.743, 130
Trd, 4319871.893, 128
Trd, 4319872.343, 129
Trd, 4319873.343, 130
Trd, 4319873.643, 133
Trd, 4319874.193, 137
Trd, 4319874.243, 136
Trd, 4319876.093, 139
Trd, 4319876.143, 122
Trd, 4319876.243, 139
Trd, 4319877.443, 60
Trd, 4319877.593, 64
Trd, 4319878.493, 61
Trd, 4319878.543, 102
Trd, 4319879.593, 60
Trd, 4319879.843, 62
Trd, 4319881.443, 60
Trd, 4319881.993, 60
Trd, 4319882.593, 60
Trd, 4319883.343, 60
Trd, 4319886.193, 60
Trd, 4319886.743, 60
Trd, 4319887.293, 60
Trd, 4319887.543, 60
Trd, 4319887.943, 62
Trd, 4319888.393, 61
Trd, 4319888.543, 61
Trd, 4319888.643, 62
Trd, 4319889.793, 60
Trd, 4319889.843, 60
Trd, 4319890.993, 60
Trd, 4319891.243, 60
Trd, 4319892.243, 61
Trd, 4319893.093, 140
Trd, 4319893.143, 77
Trd, 4319893.693, 123
Trd, 4319894.243, 65
Trd, 4319896.143, 140
Trd, 4319896.343, 140
Trd, 4319896.693, 140
Trd, 4319896.843, 139
Trd, 4319897.393, 138
Trd, 4319898.943, 140
Trd, 4319899.093, 139
Trd, 4319899.343, 139
Trd, 4319899.943, 68
Trd, 4319900.543, 140
Trd, 4319901.293, 140
Trd, 4319902.193, 140
Trd, 4319904.093, 140
Trd, 4319904.143, 140
Trd, 4319904.943, 139
Trd, 4319905.443, 140
Trd, 4319906.093, 140
Trd, 4319906.193, 140
Trd, 4319907.143, 140
Trd, 4319907.393, 140
Trd, 4319907.893, 139
Trd, 4319909.243, 140
Trd, 4319909.793, 138
Trd, 4319910.293, 138
Trd, 4319910.893, 134
Trd, 4319913.043, 83
Trd, 4319913.593, 140
Trd, 4319914.143, 140
Trd, 4319915.543, 140
Trd, 4319915.943, 140
Trd, 4319915.993, 138
Trd, 4319917.693, 140
Trd, 4319917.843, 139
Trd, 4319919.793, 140
Trd, 4319919.993, 140
Trd, 4319921.193, 140
Trd, 4319922.093, 140
Trd, 4319922.343, 140
Trd, 4319923.243, 140
Trd, 4319923.693, 140
Trd, 4319924.843, 140
Trd, 4319925.343, 140
Trd, 4319925.593, 140
Trd, 4319925.993, 140
Trd, 4319926.993, 110
Trd, 4319927.243, 66
Trd, 4319927.693, 62
Trd, 4319930.343, 140
Trd, 4319930.993, 140
Trd, 4319931.043, 140
Trd, 4319932.743, 140
Trd, 4319934.243, 140
Trd, 4319934.543, 140
Trd, 4319935.193, 140
Trd, 4319936.193, 140
Trd, 4319936.843, 140
Trd, 4319938.093, 140
Trd, 4319938.493, 140
Trd, 4319938.743, 137
Trd, 4319941.443, 140
Trd, 4319941.743, 140
Trd, 4319942.443, 140
Trd, 4319942.643, 140
Trd, 4319942.693, 140
Trd, 4319943.343, 140
Trd, 4319944.943, 139
Trd, 4319946.093, 140
Trd, 4319947.593, 138
Trd, 4319948.043, 140
Trd, 4319948.843, 138
Trd, 4319948.943, 137
Trd, 4319951.443, 140
Trd, 4319951.593, 140
Trd, 4319951.693, 140
Trd, 4319953.893, 140
Trd, 4319954.143, 140
Trd, 4319954.793, 140
Trd, 4319954.843, 139
Trd, 4319956.293, 140
Trd, 4319956.993, 140
Trd, 4319957.793, 140
Trd, 4319958.193, 140
Trd, 4319959.193, 140
Trd, 4319959.693, 139
Trd, 4319960.293, 140
Trd, 4319961.393, 140
Trd, 4319961.843, 140
Trd, 4319962.143, 139
Trd, 4319962.543, 138
Trd, 4319963.293, 139
Trd, 4319964.093, 140
Trd, 4319965.543, 140
Trd, 4319965.693, 139
Trd, 4319967.593, 139
Trd, 4319967.943, 137
Trd, 4319968.593, 139
Trd, 4319969.693, 140
Trd, 4319970.143, 140
Trd, 4319970.293, 140
Trd, 4319970.943, 140
Trd, 4319973.143, 140
Trd, 4319974.443, 140
Trd, 4319975.343, 139
Trd, 4319975.493, 138
Trd, 4319975.643, 137
Trd, 4319976.593, 137
Trd, 4319976.693, 136
Trd, 4319977.743, 140
Trd, 4319978.093, 139
Trd, 4319978.443, 109
Trd, 4319978.943, 140
Trd, 4319980.293, 140
Trd, 4319980.993, 140
Trd, 4319982.393, 140
Trd, 4319982.693, 140
Trd, 4319982.993, 140
Trd, 4319983.893, 140
Trd, 4319984.043, 140
Trd, 4319985.843, 140
Trd, 4319986.343, 139
Trd, 4319987.793, 140
Trd, 4319987.943, 139
Trd, 4319988.593, 139
Trd, 4319989.543, 140
Trd, 4319992.493, 140
Trd, 4319993.043, 140
Trd, 4319993.993, 140
Trd, 4319994.843, 140
Trd, 4319995.143, 138
Trd, 4319995.743, 139
Trd, 4319996.243, 137
Trd, 4319996.943, 140
Trd, 4319997.793, 139
Trd, 4319999.343, 140
Trd, 4319999.393, 140
