Trd, 4318165.293, 117
Trd, 4318165.343, 115
Trd, 4318166.793, 60
Trd, 4318169.543, 60
Trd, 4318169.593, 61
Trd, 4318169.943, 61
Trd, 4318170.043, 95
Trd, 4318170.343, 66
Trd, 4318171.193, 85
Trd, 4318173.043, 61
Trd, 4318173.693, 60
Trd, 4318174.743, 60
Trd, 4318175.143, 62
Trd, 4318176.643, 61
Trd, 4318176.693, 62
Trd, 4318178.593, 61
Trd, 4318178.693, 62
Trd, 4318179.293, 60
Trd, 4318180.293, 60
Trd, 4318181.943, 60
Trd, 4318183.393, 62
Trd, 4318183.543, 61
Trd, 4318183.793, 63
Trd, 4318183.943, 110
Trd, 4318184.043, 122
Trd, 4318185.093, 66
Trd, 4318185.143, 87
Trd, 4318187.493, 64
Trd, 4318188.693, 64
Trd, 4318189.043, 64
Trd, 4318189.893, 62
Trd, 4318190.343, 64
Trd, 4318190.993, 61
Trd, 4318191.943, 60
Trd, 4318192.443, 61
Trd, 4318193.893, 64
Trd, 4318195.343, 64
Trd, 4318195.993, 67
Trd, 4318196.143, 68
Trd, 4318196.443, 69
Trd, 4318196.743, 65
Trd, 4318198.393, 60
Trd, 4318198.993, 64
Trd, 4318199.493, 65
Trd, 4318199.793, 63
Trd, 4318200.443, 63
Trd, 4318200.593, 69
Trd, 4318200.993, 65
Trd, 4318201.193, 64
Trd, 4318202.093, 60
Trd, 4318203.093, 61
Trd, 4318203.643, 60
Trd, 4318204.393, 127
Trd, 4318205.093, 60
Trd, 4318205.693, 72
Trd, 4318205.993, 101
Trd, 4318206.743, 73
Trd, 4318208.193, 139
Trd, 4318209.893, 73
Trd, 4318210.043, 72
Trd, 4318210.293, 60
Trd, 4318210.543, 65
Trd, 4318211.443, 74
Trd, 4318211.593, 80
Trd, 4318211.993, 71
Trd, 4318212.043, 70
Trd, 4318212.193, 67
Trd, 4318212.993, 112
Trd, 4318214.293, 140
Trd, 4318215.193, 61
Trd, 4318215.343, 83
Trd, 4318215.943, 60
Trd, 4318217.043, 61
Trd, 4318218.643, 60
Trd, 4318219.393, 60
Trd, 4318220.193, 61
Trd, 4318220.343, 61
Trd, 4318220.893, 63
Trd, 4318220.993, 61
Trd, 4318222.043, 61
Trd, 4318222.493, 136
Trd, 4318223.193, 139
Trd, 4318223.593, 105
Trd, 4318224.243, 135
Trd, 4318224.543, 90
Trd, 4318224.693, 71
Trd, 4318225.393, 61
Trd, 4318226.693, 66
Trd, 4318227.993, 83
Trd, 4318228.643, 83
Trd, 4318229.243, 138
Trd, 4318229.593, 85
Trd, 4318231.343, 140
Trd, 4318231.543, 140
Trd, 4318231.843, 140
Trd, 4318233.693, 118
Trd, 4318234.143, 119
Trd, 4318234.193, 118
Trd, 4318234.643, 139
Trd, 4318235.393, 140
Trd, 4318236.143, 140
Trd, 4318237.343, 124
Trd, 4318237.843, 125
Trd, 4318238.543, 121
Trd, 4318238.843, 114
Trd, 4318238.993, 100
Trd, 4318240.843, 138
Trd, 4318241.693, 139
Trd, 4318241.743, 132
Trd, 4318242.293, 84
Trd, 4318242.543, 91
Trd, 4318243.343, 140
Trd, 4318244.293, 68
Trd, 4318244.793, 68
Trd, 4318244.993, 69
Trd, 4318246.343, 62
Trd, 4318246.743, 61
Trd, 4318247.743, 61
Trd, 4318248.343, 60
Trd, 4318249.693, 60
Trd, 4318250.193, 62
Trd, 4318250.593, 64
Trd, 4318251.143, 65
Trd, 4318251.393, 62
Trd, 4318252.343, 63
Trd, 4318252.843, 62
Trd, 4318253.793, 63
Trd, 4318254.843, 64
Trd, 4318255.093, 65
Trd, 4318255.293, 80
Trd, 4318255.593, 60
Trd, 4318256.443, 60
Trd, 4318257.293, 64
Trd, 4318257.793, 62
Trd, 4318258.643, 64
Trd, 4318258.793, 66
Trd, 4318259.693, 61
Trd, 4318260.693, 61
Trd, 4318262.143, 60
Trd, 4318263.593, 60
Trd, 4318263.843, 62
Trd, 4318264.393, 108
Trd, 4318265.343, 63
Trd, 4318265.843, 60
Trd, 4318266.443, 60
Trd, 4318266.743, 83
Trd, 4318268.393, 62
Trd, 4318269.093, 66
Trd, 4318271.093, 60
Trd, 4318272.043, 62
Trd, 4318272.543, 61
Trd, 4318272.993, 62
Trd, 4318274.643, 60
Trd, 4318274.743, 61
Trd, 4318274.793, 68
Trd, 4318275.643, 64
Trd, 4318275.693, 63
Trd, 4318276.593, 74
Trd, 4318276.693, 76
Trd, 4318276.793, 63
Trd, 4318278.193, 60
Trd, 4318279.343, 60
Trd, 4318279.443, 61
Trd, 4318279.793, 66
Trd, 4318280.443, 68
Trd, 4318280.993, 109
Trd, 4318282.443, 66
Trd, 4318282.943, 139
Trd, 4318283.093, 138
Trd, 4318283.793, 79
Trd, 4318284.393, 78
Trd, 4318284.593, 100
Trd, 4318285.393, 60
Trd, 4318286.543, 61
Trd, 4318286.893, 60
Trd, 4318287.193, 138
Trd, 4318287.993, 140
Trd, 4318288.193, 119
Trd, 4318290.343, 126
Trd, 4318290.693, 84
Trd, 4318291.293, 80
Trd, 4318291.643, 118
Trd, 4318292.093, 125
Trd, 4318292.243, 99
Trd, 4318294.093, 140
Trd, 4318294.243, 140
Trd, 4318294.593, 138
Trd, 4318294.793, 137
Trd, 4318295.343, 134
Trd, 4318295.643, 114
Trd, 4318296.593, 115
Trd, 4318297.943, 127
Trd, 4318298.893, 140
Trd, 4318299.493, 140
Trd, 4318299.943, 139
Trd, 4318300.293, 62
Trd, 4318300.343, 63
Trd, 4318300.893, 62
Trd, 4318301.393, 70
Trd, 4318302.043, 64
Trd, 4318303.493, 61
Trd, 4318304.593, 60
Trd, 4318304.943, 71
Trd, 4318305.293, 71
Trd, 4318305.943, 65
Trd, 4318306.243, 65
Trd, 4318307.043, 60
Trd, 4318307.393, 60
Trd, 4318308.293, 61
Trd, 4318308.693, 62
Trd, 4318309.043, 66
Trd, 4318310.143, 67
Trd, 4318311.443, 60
Trd, 4318311.643, 60
Trd, 4318312.593, 62
Trd, 4318314.793, 63
Trd, 4318314.843, 81
Trd, 4318315.143, 138
Trd, 4318315.593, 60
Trd, 4318316.293, 71
Trd, 4318317.493, 60
Trd, 4318317.843, 61
Trd, 4318318.243, 61
Trd, 4318318.693, 66
Trd, 4318319.343, 101
Trd, 4318319.593, 100
Trd, 4318320.343, 60
Trd, 4318320.793, 67
Trd, 4318321.743, 66
Trd, 4318321.843, 62
Trd, 4318323.293, 62
Trd, 4318324.143, 60
Trd, 4318324.893, 61
Trd, 4318325.343, 63
Trd, 4318325.593, 61
Trd, 4318325.993, 126
Trd, 4318326.643, 62
Trd, 4318327.243, 60
Trd, 4318328.193, 61
Trd, 4318328.593, 65
Trd, 4318328.743, 77
Trd, 4318329.093, 61
Trd, 4318329.743, 103
Trd, 4318331.193, 96
Trd, 4318331.393, 97
Trd, 4318331.693, 106
Trd, 4318331.793, 108
Trd, 4318332.243, 62
Trd, 4318333.093, 83
Trd, 4318333.543, 121
Trd, 4318334.943, 65
Trd, 4318335.343, 120
Trd, 4318336.143, 60
Trd, 4318336.443, 61
Trd, 4318338.093, 62
Trd, 4318338.993, 129
Trd, 4318340.043, 140
Trd, 4318340.293, 138
Trd, 4318340.993, 130
Trd, 4318341.993, 130
Trd, 4318342.243, 130
Trd, 4318342.743, 120
Trd, 4318342.793, 115
Trd, 4318343.593, 119
Trd, 4318344.043, 100
Trd, 4318346.393, 60
Trd, 4318346.543, 60
Trd, 4318346.893, 60
Trd, 4318346.943, 60
Trd, 4318347.493, 62
Trd, 4318347.993, 65
Trd, 4318348.443, 137
Trd, 4318348.843, 114
Trd, 4318349.393, 65
Trd, 4318350.343, 63
Trd, 4318351.293, 140
Trd, 4318351.843, 92
Trd, 4318352.493, 62
Trd, 4318353.943, 116
Trd, 4318354.143, 117
Trd, 4318355.793, 140
Trd, 4318355.893, 140
Trd, 4318355.943, 111
Trd, 4318356.693, 108
Trd, 4318357.743, 93
Trd, 4318358.293, 82
Trd, 4318359.193, 109
Trd, 4318360.443, 140
Trd, 4318360.693, 139
Trd, 4318361.143, 104
Trd, 4318361.293, 102
Trd, 4318361.943, 84
Trd, 4318362.793, 137
Trd, 4318363.293, 139
Trd, 4318363.843, 136
Trd, 4318363.993, 120
Trd, 4318365.193, 140
Trd, 4318365.893, 137
Trd, 4318367.743, 140
Trd, 4318367.843, 140
Trd, 4318368.393, 126
Trd, 4318368.943, 140
Trd, 4318369.293, 124
Trd, 4318369.793, 140
Trd, 4318370.293, 134
Trd, 4318371.843, 61
Trd, 4318372.493, 60
Trd, 4318373.293, 65
Trd, 4318373.343, 67
Trd, 4318373.993, 75
Trd, 4318375.343, 67
Trd, 4318375.393, 84
Trd, 4318375.493, 85
Trd, 4318376.193, 61
Trd, 4318376.793, 130
Trd, 4318377.243, 123
Trd, 4318378.043, 102
Trd, 4318378.793, 140
Trd, 4318380.443, 61
Trd, 4318381.243, 60
Trd, 4318381.943, 66
Trd, 4318382.193, 68
Trd, 4318382.343, 109
Trd, 4318382.443, 69
Trd, 4318382.793, 118
Trd, 4318385.493, 62
Trd, 4318385.543, 65
Trd, 4318385.693, 103
Trd, 4318386.093, 118
Trd, 4318387.143, 60
Trd, 4318388.343, 64
Trd, 4318388.543, 62
Trd, 4318388.643, 73
Trd, 4318389.743, 66
Trd, 4318389.943, 63
Trd, 4318390.943, 64
Trd, 4318391.693, 65
Trd, 4318392.093, 64
Trd, 4318392.743, 83
Trd, 4318394.193, 101
Trd, 4318394.243, 85
Trd, 4318394.393, 84
Trd, 4318394.693, 99
Trd, 4318396.193, 60
Trd, 4318396.393, 68
Trd, 4318396.843, 89
Trd, 4318397.643, 63
Trd, 4318399.593, 60
Trd, 4318400.393, 62
Trd, 4318400.693, 75
Trd, 4318401.093, 61
Trd, 4318402.693, 61
Trd, 4318403.043, 61
Trd, 4318404.993, 60
Trd, 4318405.343, 60
Trd, 4318405.643, 64
Trd, 4318406.743, 85
Trd, 4318407.093, 140
Trd, 4318408.243, 63
Trd, 4318408.593, 60
Trd, 4318409.143, 69
Trd, 4318411.043, 60
Trd, 4318411.293, 74
Trd, 4318412.243, 75
Trd, 4318412.293, 74
Trd, 4318412.343, 68
Trd, 4318412.693, 76
Trd, 4318413.043, 69
Trd, 4318415.893, 62
Trd, 4318416.293, 140
Trd, 4318417.543, 60
Trd, 4318417.693, 61
Trd, 4318418.993, 60
Trd, 4318420.743, 60
Trd, 4318421.443, 66
Trd, 4318421.593, 68
Trd, 4318422.693, 60
Trd, 4318423.043, 60
Trd, 4318423.243, 60
Trd, 4318423.393, 61
Trd, 4318425.143, 80
Trd, 4318425.793, 80
Trd, 4318426.743, 130
Trd, 4318426.893, 102
Trd, 4318427.043, 134
Trd, 4318428.543, 89
Trd, 4318429.343, 137
Trd, 4318429.593, 60
Trd, 4318430.493, 60
Trd, 4318431.093, 60
Trd, 4318431.143, 73
Trd, 4318431.543, 78
Trd, 4318432.293, 68
Trd, 4318433.543, 60
Trd, 4318434.243, 62
Trd, 4318434.743, 65
Trd, 4318436.293, 62
Trd, 4318437.093, 62
Trd, 4318437.393, 66
Trd, 4318437.643, 70
Trd, 4318439.143, 65
Trd, 4318439.593, 82
Trd, 4318439.893, 62
Trd, 4318440.343, 62
Trd, 4318440.543, 63
Trd, 4318441.193, 60
Trd, 4318441.743, 60
Trd, 4318441.993, 64
Trd, 4318443.243, 117
Trd, 4318443.543, 140
Trd, 4318445.393, 138
Trd, 4318445.493, 118
Trd, 4318447.193, 61
Trd, 4318447.243, 74
Trd, 4318448.143, 81
Trd, 4318448.293, 87
Trd, 4318449.293, 139
Trd, 4318449.443, 82
Trd, 4318449.743, 62
Trd, 4318450.493, 89
Trd, 4318451.293, 128
Trd, 4318451.743, 140
Trd, 4318452.143, 139
Trd, 4318452.493, 137
Trd, 4318454.393, 61
Trd, 4318454.993, 60
Trd, 4318455.293, 63
Trd, 4318455.443, 67
Trd, 4318456.193, 61
Trd, 4318456.793, 73
Trd, 4318457.593, 62
Trd, 4318458.993, 60
Trd, 4318459.393, 61
Trd, 4318459.593, 63
Trd, 4318459.993, 65
Trd, 4318460.093, 78
Trd, 4318460.393, 89
Trd, 4318461.843, 140
Trd, 4318462.293, 125
Trd, 4318462.743, 87
Trd, 4318462.843, 85
Trd, 4318463.543, 69
Trd, 4318464.743, 62
Trd, 4318465.543, 60
Trd, 4318466.843, 61
Trd, 4318467.243, 61
Trd, 4318467.793, 67
Trd, 4318467.893, 68
Trd, 4318468.543, 60
Trd, 4318469.293, 60
Trd, 4318470.343, 74
Trd, 4318470.693, 73
Trd, 4318471.593, 85
Trd, 4318473.193, 60
Trd, 4318473.243, 68
Trd, 4318474.093, 140
Trd, 4318474.393, 138
Trd, 4318475.393, 125
Trd, 4318475.693, 68
Trd, 4318476.093, 89
Trd, 4318476.393, 63
Trd, 4318476.693, 63
Trd, 4318477.593, 65
Trd, 4318477.993, 63
Trd, 4318479.193, 140
Trd, 4318479.293, 140
Trd, 4318479.443, 139
Trd, 4318479.593, 75
Trd, 4318481.443, 62
Trd, 4318481.943, 106
Trd, 4318482.293, 62
Trd, 4318482.643, 69
Trd, 4318484.143, 139
Trd, 4318484.943, 138
Trd, 4318485.143, 136
Trd, 4318485.843, 80
Trd, 4318486.243, 72
Trd, 4318486.393, 68
Trd, 4318486.843, 140
Trd, 4318487.943, 140
Trd, 4318488.493, 140
Trd, 4318488.743, 140
Trd, 4318488.843, 139
Trd, 4318490.393, 85
Trd, 4318490.743, 99
Trd, 4318491.593, 123
Trd, 4318492.193, 91
Trd, 4318492.243, 90
Trd, 4318492.343, 106
Trd, 4318493.143, 111
Trd, 4318493.693, 60
Trd, 4318494.643, 62
Trd, 4318495.893, 137
Trd, 4318497.143, 128
Trd, 4318497.793, 140
Trd, 4318497.943, 140
Trd, 4318499.093, 140
Trd, 4318499.393, 140
Trd, 4318500.043, 138
Trd, 4318500.393, 133
Trd, 4318500.443, 112
Trd, 4318501.293, 80
Trd, 4318501.593, 77
Trd, 4318502.493, 140
Trd, 4318503.393, 61
Trd, 4318503.793, 118
Trd, 4318504.793, 63
Trd, 4318505.243, 64
Trd, 4318505.443, 61
Trd, 4318506.843, 60
Trd, 4318508.443, 61
Trd, 4318509.093, 77
Trd, 4318510.043, 119
Trd, 4318510.543, 121
Trd, 4318511.243, 140
Trd, 4318511.293, 122
Trd, 4318511.393, 121
Trd, 4318512.043, 65
Trd, 4318513.243, 108
Trd, 4318514.093, 140
Trd, 4318514.443, 139
Trd, 4318514.593, 138
Trd, 4318514.743, 104
Trd, 4318515.093, 92
Trd, 4318516.143, 63
Trd, 4318517.143, 63
Trd, 4318517.743, 65
Trd, 4318519.043, 61
Trd, 4318519.743, 65
Trd, 4318521.293, 61
Trd, 4318521.843, 61
Trd, 4318522.043, 63
Trd, 4318522.243, 80
Trd, 4318522.543, 88
Trd, 4318522.793, 137
Trd, 4318523.843, 111
Trd, 4318523.993, 92
Trd, 4318525.093, 70
Trd, 4318525.343, 69
Trd, 4318525.393, 73
Trd, 4318525.893, 61
Trd, 4318527.193, 61
Trd, 4318528.493, 60
Trd, 4318528.543, 60
Trd, 4318529.643, 103
Trd, 4318530.193, 62
Trd, 4318531.343, 67
Trd, 4318531.643, 75
Trd, 4318531.743, 127
Trd, 4318531.943, 66
Trd, 4318532.343, 140
Trd, 4318532.943, 95
Trd, 4318533.793, 71
Trd, 4318533.893, 69
Trd, 4318534.243, 72
Trd, 4318535.943, 127
Trd, 4318537.093, 72
Trd, 4318537.543, 60
Trd, 4318537.943, 126
Trd, 4318538.993, 63
Trd, 4318539.393, 61
Trd, 4318540.093, 60
Trd, 4318540.243, 62
Trd, 4318540.543, 126
Trd, 4318541.593, 64
Trd, 4318541.793, 93
Trd, 4318543.943, 81
Trd, 4318544.143, 73
Trd, 4318544.243, 72
Trd, 4318544.743, 110
Trd, 4318545.293, 67
Trd, 4318545.493, 89
Trd, 4318545.843, 128
Trd, 4318546.343, 139
Trd, 4318547.593, 102
Trd, 4318548.643, 61
Trd, 4318550.193, 115
Trd, 4318550.643, 72
Trd, 4318550.993, 60
Trd, 4318551.393, 73
Trd, 4318552.743, 62
Trd, 4318553.843, 61
Trd, 4318554.143, 60
Trd, 4318554.393, 98
Trd, 4318555.943, 140
Trd, 4318555.993, 139
Trd, 4318556.593, 140
Trd, 4318557.093, 60
Trd, 4318557.643, 130
Trd, 4318557.793, 130
Trd, 4318558.993, 118
Trd, 4318560.243, 130
Trd, 4318560.293, 127
Trd, 4318560.493, 98
Trd, 4318561.243, 106
Trd, 4318561.643, 105
Trd, 4318561.793, 138
Trd, 4318562.643, 139
Trd, 4318562.693, 119
Trd, 4318563.993, 61
Trd, 4318564.343, 61
Trd, 4318564.443, 71
Trd, 4318565.443, 140
Trd, 4318565.693, 140
Trd, 4318565.743, 88
Trd, 4318566.793, 109
Trd, 4318568.543, 139
Trd, 4318569.343, 140
Trd, 4318569.393, 140
Trd, 4318570.243, 83
Trd, 4318570.443, 69
Trd, 4318570.943, 61
Trd, 4318571.493, 125
Trd, 4318572.943, 108
Trd, 4318573.143, 111
Trd, 4318573.893, 106
Trd, 4318575.143, 77
Trd, 4318575.443, 129
Trd, 4318576.693, 140
Trd, 4318576.793, 140
Trd, 4318577.043, 125
Trd, 4318577.643, 76
Trd, 4318578.943, 66
Trd, 4318579.093, 80
Trd, 4318580.243, 85
Trd, 4318580.343, 92
Trd, 4318581.793, 61
Trd, 4318582.393, 63
Trd, 4318582.843, 65
Trd, 4318582.943, 67
Trd, 4318584.643, 64
Trd, 4318585.643, 73
Trd, 4318586.243, 140
Trd, 4318586.343, 140
Trd, 4318586.693, 111
Trd, 4318586.893, 97
Trd, 4318586.993, 69
Trd, 4318587.643, 139
Trd, 4318587.893, 101
Trd, 4318588.493, 107
Trd, 4318589.793, 60
Trd, 4318590.643, 61
Trd, 4318591.443, 64
Trd, 4318592.443, 60
Trd, 4318592.593, 65
Trd, 4318593.393, 61
Trd, 4318593.443, 62
Trd, 4318593.643, 61
Trd, 4318594.093, 67
Trd, 4318594.393, 63
Trd, 4318595.643, 78
Trd, 4318596.493, 65
Trd, 4318597.493, 60
Trd, 4318598.143, 63
Trd, 4318599.043, 135
Trd, 4318599.793, 61
Trd, 4318600.093, 60
Trd, 4318600.893, 72
Trd, 4318600.943, 72
Trd, 4318601.393, 65
Trd, 4318601.693, 66
Trd, 4318603.443, 123
Trd, 4318603.893, 122
Trd, 4318605.193, 140
Trd, 4318605.293, 140
Trd, 4318605.793, 140
Trd, 4318606.993, 128
Trd, 4318607.543, 129
Trd, 4318608.393, 128
Trd, 4318609.493, 118
Trd, 4318609.693, 97
Trd, 4318609.793, 92
Trd, 4318610.243, 115
Trd, 4318611.393, 138
Trd, 4318612.593, 126
Trd, 4318613.193, 117
Trd, 4318614.043, 61
Trd, 4318614.393, 62
Trd, 4318614.593, 75
Trd, 4318615.643, 72
Trd, 4318615.743, 86
Trd, 4318615.893, 70
Trd, 4318616.393, 140
Trd, 4318617.243, 63
Trd, 4318618.243, 60
Trd, 4318618.743, 134
Trd, 4318620.543, 73
Trd, 4318620.843, 71
Trd, 4318621.193, 116
Trd, 4318621.293, 63
Trd, 4318621.893, 71
Trd, 4318622.443, 123
Trd, 4318622.943, 122
Trd, 4318624.443, 140
Trd, 4318624.543, 139
Trd, 4318625.693, 140
Trd, 4318626.293, 60
Trd, 4318627.243, 61
Trd, 4318627.643, 63
Trd, 4318627.893, 62
Trd, 4318628.293, 61
Trd, 4318628.443, 66
Trd, 4318629.143, 102
Trd, 4318630.643, 137
Trd, 4318631.243, 60
Trd, 4318631.643, 60
Trd, 4318632.793, 60
Trd, 4318633.193, 61
Trd, 4318633.993, 68
Trd, 4318634.143, 63
Trd, 4318634.243, 100
Trd, 4318634.843, 82
Trd, 4318636.143, 108
Trd, 4318636.243, 106
Trd, 4318636.693, 104
Trd, 4318637.443, 127
Trd, 4318638.093, 99
Trd, 4318638.743, 140
Trd, 4318638.843, 140
Trd, 4318640.143, 140
Trd, 4318641.143, 140
Trd, 4318641.393, 140
Trd, 4318641.843, 124
Trd, 4318642.443, 120
Trd, 4318644.143, 140
Trd, 4318644.193, 140
Trd, 4318644.293, 75
Trd, 4318645.043, 130
Trd, 4318646.593, 120
Trd, 4318646.793, 132
Trd, 4318646.993, 120
Trd, 4318647.543, 100
Trd, 4318647.793, 140
Trd, 4318648.493, 96
Trd, 4318649.443, 139
Trd, 4318650.743, 108
Trd, 4318650.793, 74
Trd, 4318651.643, 137
Trd, 4318651.943, 109
Trd, 4318653.043, 62
Trd, 4318654.793, 60
Trd, 4318654.893, 60
Trd, 4318655.293, 62
Trd, 4318655.793, 61
Trd, 4318656.243, 93
Trd, 4318657.293, 62
Trd, 4318657.893, 60
Trd, 4318657.993, 61
Trd, 4318659.693, 60
Trd, 4318660.293, 63
Trd, 4318660.793, 61
Trd, 4318661.543, 62
Trd, 4318662.393, 64
Trd, 4318662.693, 68
Trd, 4318664.593, 60
Trd, 4318664.693, 61
Trd, 4318665.043, 60
Trd, 4318665.243, 63
Trd, 4318666.343, 61
Trd, 4318666.693, 67
Trd, 4318669.443, 62
Trd, 4318669.543, 66
Trd, 4318670.143, 62
Trd, 4318670.543, 65
Trd, 4318670.593, 70
Trd, 4318671.943, 63
Trd, 4318672.143, 61
Trd, 4318673.143, 64
Trd, 4318673.293, 61
Trd, 4318673.993, 61
Trd, 4318674.843, 63
Trd, 4318676.143, 69
Trd, 4318677.243, 62
Trd, 4318678.193, 62
Trd, 4318678.693, 60
Trd, 4318680.293, 60
Trd, 4318681.193, 63
Trd, 4318681.543, 60
Trd, 4318682.643, 61
Trd, 4318682.843, 64
Trd, 4318683.393, 62
Trd, 4318684.443, 74
Trd, 4318685.043, 66
Trd, 4318685.093, 62
Trd, 4318685.193, 63
Trd, 4318685.793, 80
Trd, 4318686.293, 70
Trd, 4318687.293, 60
Trd, 4318689.043, 60
Trd, 4318689.343, 60
Trd, 4318689.443, 61
Trd, 4318689.593, 62
Trd, 4318691.793, 98
Trd, 4318692.043, 70
Trd, 4318692.543, 102
Trd, 4318692.743, 101
Trd, 4318693.793, 62
Trd, 4318693.993, 73
Trd, 4318694.943, 138
Trd, 4318695.193, 115
Trd, 4318696.043, 77
Trd, 4318698.243, 140
Trd, 4318698.443, 140
Trd, 4318698.743, 139
Trd, 4318698.793, 102
Trd, 4318699.743, 121
Trd, 4318700.243, 81
Trd, 4318701.343, 88
Trd, 4318701.393, 90
Trd, 4318702.293, 92
Trd, 4318703.343, 139
Trd, 4318703.593, 121
Trd, 4318703.843, 76
Trd, 4318704.643, 131
Trd, 4318706.093, 62
Trd, 4318706.393, 66
Trd, 4318706.693, 62
Trd, 4318707.093, 64
Trd, 4318707.893, 62
Trd, 4318708.493, 60
Trd, 4318709.343, 60
Trd, 4318710.093, 60
Trd, 4318710.443, 94
Trd, 4318711.093, 118
Trd, 4318712.993, 109
Trd, 4318713.143, 94
Trd, 4318713.443, 118
Trd, 4318713.793, 140
Trd, 4318714.693, 65
Trd, 4318716.293, 63
Trd, 4318716.693, 82
Trd, 4318716.893, 80
Trd, 4318717.593, 64
Trd, 4318717.743, 63
Trd, 4318718.193, 101
Trd, 4318719.643, 140
Trd, 4318720.893, 140
Trd, 4318721.343, 140
Trd, 4318721.643, 129
Trd, 4318721.743, 96
Trd, 4318723.343, 67
Trd, 4318724.143, 63
Trd, 4318724.443, 62
Trd, 4318724.643, 63
Trd, 4318725.443, 133
Trd, 4318725.993, 113
Trd, 4318727.043, 65
Trd, 4318728.093, 140
Trd, 4318729.543, 140
Trd, 4318729.693, 140
Trd, 4318729.743, 140
Trd, 4318730.093, 138
Trd, 4318730.543, 137
Trd, 4318731.043, 116
Trd, 4318731.643, 63
Trd, 4318731.793, 67
Trd, 4318733.643, 140
Trd, 4318733.993, 110
Trd, 4318734.443, 140
Trd, 4318734.493, 118
Trd, 4318735.193, 107
Trd, 4318736.093, 132
Trd, 4318736.243, 131
Trd, 4318737.893, 62
Trd, 4318739.093, 60
Trd, 4318739.343, 62
Trd, 4318740.543, 60
Trd, 4318740.693, 63
Trd, 4318740.943, 65
Trd, 4318742.343, 64
Trd, 4318743.093, 64
Trd, 4318743.643, 71
Trd, 4318744.493, 133
Trd, 4318745.443, 62
Trd, 4318745.643, 133
Trd, 4318746.043, 139
Trd, 4318746.343, 61
Trd, 4318748.643, 133
Trd, 4318749.043, 133
Trd, 4318749.643, 113
Trd, 4318749.843, 140
Trd, 4318750.443, 138
Trd, 4318750.493, 137
Trd, 4318750.943, 110
Trd, 4318751.293, 140
Trd, 4318751.643, 140
Trd, 4318751.693, 134
Trd, 4318754.143, 140
Trd, 4318754.343, 140
Trd, 4318756.043, 140
Trd, 4318756.343, 138
Trd, 4318756.393, 91
Trd, 4318757.643, 140
Trd, 4318757.693, 140
Trd, 4318757.843, 139
Trd, 4318758.443, 100
Trd, 4318759.393, 138
Trd, 4318759.493, 81
Trd, 4318759.943, 140
Trd, 4318760.993, 60
Trd, 4318761.243, 61
Trd, 4318762.443, 60
Trd, 4318762.893, 60
Trd, 4318763.143, 63
Trd, 4318763.593, 60
Trd, 4318764.493, 61
Trd, 4318765.893, 61
Trd, 4318766.693, 60
Trd, 4318767.493, 61
Trd, 4318768.193, 62
Trd, 4318768.493, 61
Trd, 4318769.043, 71
Trd, 4318769.593, 83
Trd, 4318771.043, 64
Trd, 4318771.593, 140
Trd, 4318772.493, 116
Trd, 4318772.943, 60
Trd, 4318774.693, 61
Trd, 4318775.543, 62
Trd, 4318776.343, 66
Trd, 4318777.943, 61
Trd, 4318778.393, 63
Trd, 4318778.543, 62
Trd, 4318778.743, 80
Trd, 4318779.043, 130
Trd, 4318779.993, 139
Trd, 4318780.593, 65
Trd, 4318781.543, 120
Trd, 4318781.843, 120
Trd, 4318781.893, 119
Trd, 4318782.643, 118
Trd, 4318782.893, 103
Trd, 4318783.043, 96
Trd, 4318783.643, 62
Trd, 4318785.143, 140
Trd, 4318785.793, 140
Trd, 4318786.543, 140
Trd, 4318786.693, 140
Trd, 4318787.843, 137
Trd, 4318788.293, 99
Trd, 4318788.943, 140
Trd, 4318789.793, 140
Trd, 4318790.293, 139
Trd, 4318790.993, 109
Trd, 4318791.943, 101
Trd, 4318791.993, 68
Trd, 4318793.843, 102
Trd, 4318793.893, 79
Trd, 4318794.043, 75
Trd, 4318794.993, 60
Trd, 4318795.693, 63
Trd, 4318796.043, 60
Trd, 4318796.743, 72
Trd, 4318796.893, 71
Trd, 4318798.343, 60
Trd, 4318798.493, 66
Trd, 4318799.343, 140
Trd, 4318800.243, 89
Trd, 4318801.743, 116
Trd, 4318801.793, 115
Trd, 4318802.293, 60
Trd, 4318803.543, 62
Trd, 4318804.943, 60
Trd, 4318804.993, 63
Trd, 4318805.693, 62
Trd, 4318806.043, 62
Trd, 4318806.243, 63
Trd, 4318806.293, 100
Trd, 4318806.493, 119
Trd, 4318807.843, 70
Trd, 4318808.243, 61
Trd, 4318808.643, 60
Trd, 4318809.543, 139
Trd, 4318810.843, 60
Trd, 4318811.543, 60
Trd, 4318811.843, 60
Trd, 4318811.943, 62
Trd, 4318812.443, 100
Trd, 4318813.493, 100
Trd, 4318813.793, 135
Trd, 4318813.893, 91
Trd, 4318814.143, 75
Trd, 4318814.543, 60
Trd, 4318816.543, 60
Trd, 4318817.243, 60
Trd, 4318817.643, 72
Trd, 4318818.593, 63
Trd, 4318821.893, 60
Trd, 4318822.093, 60
Trd, 4318822.143, 62
Trd, 4318822.843, 61
Trd, 4318822.893, 62
Trd, 4318823.093, 61
Trd, 4318824.043, 62
Trd, 4318824.443, 63
Trd, 4318824.793, 63
Trd, 4318825.293, 65
Trd, 4318826.093, 65
Trd, 4318827.393, 61
Trd, 4318827.643, 63
Trd, 4318828.093, 61
Trd, 4318828.393, 64
Trd, 4318829.093, 139
Trd, 4318830.143, 128
Trd, 4318830.293, 140
Trd, 4318830.343, 140
Trd, 4318830.443, 126
Trd, 4318831.143, 68
Trd, 4318831.743, 67
Trd, 4318833.243, 66
Trd, 4318833.293, 67
Trd, 4318833.393, 68
Trd, 4318836.493, 60
Trd, 4318836.793, 63
Trd, 4318837.493, 65
Trd, 4318838.143, 61
Trd, 4318838.643, 62
Trd, 4318838.843, 67
Trd, 4318839.393, 60
Trd, 4318840.243, 61
Trd, 4318840.843, 61
Trd, 4318841.443, 63
Trd, 4318841.943, 65
Trd, 4318842.793, 60
Trd, 4318842.843, 61
Trd, 4318843.543, 62
Trd, 4318843.843, 64
Trd, 4318844.243, 65
Trd, 4318845.143, 66
Trd, 4318845.393, 64
Trd, 4318845.693, 67
Trd, 4318846.143, 63
Trd, 4318846.843, 102
Trd, 4318847.643, 107
Trd, 4318848.043, 70
Trd, 4318848.543, 70
Trd, 4318849.943, 60
Trd, 4318850.493, 66
Trd, 4318851.393, 68
Trd, 4318851.443, 62
Trd, 4318852.193, 65
Trd, 4318852.393, 69
Trd, 4318853.443, 66
Trd, 4318854.193, 67
Trd, 4318855.543, 140
Trd, 4318855.993, 62
Trd, 4318856.943, 137
Trd, 4318857.093, 60
Trd, 4318857.393, 91
Trd, 4318859.493, 62
Trd, 4318859.793, 64
Trd, 4318860.193, 61
Trd, 4318861.543, 60
Trd, 4318861.943, 74
Trd, 4318862.443, 74
Trd, 4318862.593, 71
Trd, 4318863.393, 60
Trd, 4318864.043, 61
Trd, 4318864.393, 63
Trd, 4318865.093, 61
Trd, 4318865.793, 64
Trd, 4318865.843, 90
Trd, 4318866.543, 64
Trd, 4318867.793, 61
Trd, 4318868.093, 63
Trd, 4318868.793, 64
Trd, 4318869.143, 113
Trd, 4318870.693, 60
Trd, 4318870.843, 65
Trd, 4318871.393, 64
Trd, 4318872.543, 60
Trd, 4318873.193, 61
Trd, 4318873.643, 61
Trd, 4318873.943, 63
Trd, 4318874.893, 62
Trd, 4318875.343, 60
Trd, 4318875.393, 63
Trd, 4318876.243, 67
Trd, 4318876.743, 64
Trd, 4318878.293, 140
Trd, 4318878.493, 116
Trd, 4318879.543, 110
Trd, 4318880.043, 128
Trd, 4318880.243, 109
Trd, 4318880.293, 108
Trd, 4318881.393, 60
Trd, 4318881.443, 60
Trd, 4318882.543, 62
Trd, 4318883.643, 140
Trd, 4318884.193, 140
Trd, 4318884.293, 139
Trd, 4318884.993, 120
Trd, 4318885.293, 119
Trd, 4318885.393, 61
Trd, 4318886.293, 62
Trd, 4318887.243, 122
Trd, 4318887.343, 95
Trd, 4318887.743, 121
Trd, 4318888.993, 140
Trd, 4318889.043, 140
Trd, 4318890.093, 140
Trd, 4318890.143, 140
Trd, 4318890.543, 120
Trd, 4318890.693, 92
Trd, 4318892.043, 140
Trd, 4318892.243, 139
Trd, 4318892.993, 137
Trd, 4318893.493, 93
Trd, 4318893.943, 76
Trd, 4318894.843, 107
Trd, 4318896.293, 77
Trd, 4318897.093, 138
Trd, 4318897.493, 88
Trd, 4318898.593, 140
Trd, 4318898.993, 140
Trd, 4318899.043, 140
Trd, 4318899.793, 139
Trd, 4318900.193, 119
Trd, 4318902.193, 118
Trd, 4318903.043, 139
Trd, 4318903.443, 140
Trd, 4318903.993, 136
Trd, 4318904.543, 133
Trd, 4318904.893, 108
Trd, 4318905.343, 140
Trd, 4318906.593, 139
Trd, 4318907.193, 137
Trd, 4318907.493, 100
Trd, 4318907.693, 83
Trd, 4318908.993, 125
Trd, 4318909.743, 102
Trd, 4318909.943, 101
Trd, 4318911.193, 78
Trd, 4318911.593, 121
Trd, 4318912.293, 66
Trd, 4318912.593, 67
Trd, 4318913.643, 64
Trd, 4318914.143, 61
Trd, 4318914.243, 71
Trd, 4318915.043, 63
Trd, 4318916.343, 66
Trd, 4318916.943, 72
Trd, 4318917.093, 73
Trd, 4318918.193, 75
Trd, 4318919.793, 74
Trd, 4318920.443, 62
Trd, 4318920.493, 115
Trd, 4318920.693, 80
Trd, 4318921.243, 62
Trd, 4318921.593, 69
Trd, 4318921.993, 67
Trd, 4318922.343, 140
Trd, 4318923.843, 61
Trd, 4318924.293, 72
Trd, 4318925.993, 61
Trd, 4318926.943, 65
Trd, 4318927.643, 60
Trd, 4318928.043, 60
Trd, 4318928.393, 60
Trd, 4318928.643, 61
Trd, 4318928.943, 61
Trd, 4318929.843, 107
Trd, 4318930.343, 64
Trd, 4318930.493, 66
Trd, 4318931.093, 94
Trd, 4318931.393, 63
Trd, 4318932.593, 89
Trd, 4318932.993, 89
Trd, 4318934.243, 140
Trd, 4318934.993, 140
Trd, 4318935.243, 136
Trd, 4318935.993, 140
Trd, 4318936.593, 136
Trd, 4318938.193, 139
Trd, 4318938.343, 83
Trd, 4318938.743, 89
Trd, 4318939.293, 112
Trd, 4318939.943, 105
Trd, 4318940.493, 108
Trd, 4318941.043, 109
Trd, 4318941.643, 111
Trd, 4318941.693, 115
Trd, 4318942.143, 102
Trd, 4318942.443, 83
Trd, 4318944.243, 61
Trd, 4318945.843, 60
Trd, 4318945.993, 63
Trd, 4318946.243, 65
Trd, 4318946.793, 84
Trd, 4318948.593, 65
Trd, 4318949.343, 69
Trd, 4318949.543, 61
Trd, 4318949.843, 85
Trd, 4318949.943, 86
Trd, 4318950.793, 65
Trd, 4318950.993, 61
Trd, 4318951.743, 61
Trd, 4318951.843, 62
Trd, 4318951.893, 68
Trd, 4318952.543, 140
Trd, 4318953.343, 84
Trd, 4318954.193, 68
Trd, 4318955.143, 110
Trd, 4318955.243, 109
Trd, 4318955.343, 101
Trd, 4318955.543, 138
Trd, 4318955.943, 140
Trd, 4318957.993, 72
Trd, 4318958.293, 98
Trd, 4318958.543, 140
Trd, 4318958.993, 140
Trd, 4318959.293, 64
Trd, 4318959.593, 65
Trd, 4318962.243, 60
Trd, 4318962.393, 60
Trd, 4318962.943, 61
Trd, 4318965.193, 60
Trd, 4318965.243, 61
Trd, 4318965.743, 63
Trd, 4318966.443, 66
Trd, 4318966.493, 60
Trd, 4318967.093, 62
Trd, 4318967.143, 67
Trd, 4318967.793, 60
Trd, 4318969.043, 63
Trd, 4318969.193, 65
Trd, 4318970.243, 60
Trd, 4318971.143, 60
Trd, 4318972.993, 62
Trd, 4318973.343, 68
Trd, 4318973.593, 76
Trd, 4318974.143, 67
Trd, 4318975.293, 60
Trd, 4318975.493, 62
Trd, 4318976.443, 66
Trd, 4318976.743, 83
Trd, 4318977.393, 65
Trd, 4318979.143, 67
Trd, 4318979.793, 63
Trd, 4318981.493, 140
Trd, 4318981.543, 140
Trd, 4318981.643, 132
Trd, 4318982.243, 82
Trd, 4318982.693, 83
Trd, 4318983.643, 140
Trd, 4318985.743, 118
Trd, 4318986.043, 111
Trd, 4318986.443, 107
Trd, 4318986.593, 107
Trd, 4318986.893, 122
Trd, 4318987.343, 79
Trd, 4318988.843, 81
Trd, 4318989.143, 75
Trd, 4318989.493, 139
Trd, 4318989.793, 120
Trd, 4318990.893, 139
Trd, 4318990.943, 126
Trd, 4318991.643, 115
Trd, 4318992.393, 79
Trd, 4318992.843, 80
Trd, 4318993.793, 137
Trd, 4318993.893, 80
Trd, 4318994.143, 71
Trd, 4318994.543, 61
Trd, 4318995.343, 62
Trd, 4318995.993, 84
Trd, 4318996.493, 121
Trd, 4318998.043, 140
Trd, 4318999.043, 98
Trd, 4318999.243, 97
Trd, 4318999.643, 76
Trd, 4319000.793, 140
Trd, 4319000.893, 140
Trd, 4319001.143, 139
Trd, 4319001.793, 102
Trd, 4319002.493, 114
Trd, 4319003.743, 136
Trd, 4319004.843, 65
Trd, 4319005.043, 69
Trd, 4319005.093, 70
Trd, 4319005.343, 62
Trd, 4319006.793, 60
Trd, 4319006.893, 60
Trd, 4319007.493, 61
Trd, 4319007.993, 137
Trd, 4319008.443, 137
Trd, 4319009.893, 136
Trd, 4319009.943, 133
Trd, 4319010.893, 140
Trd, 4319011.343, 99
Trd, 4319011.543, 61
Trd, 4319012.193, 61
Trd, 4319013.443, 89
Trd, 4319014.643, 62
Trd, 4319014.793, 61
Trd, 4319015.193, 88
Trd, 4319015.493, 135
Trd, 4319016.293, 91
Trd, 4319016.693, 77
Trd, 4319018.693, 60
Trd, 4319018.793, 65
Trd, 4319020.293, 140
Trd, 4319020.493, 140
Trd, 4319020.643, 140
Trd, 4319020.693, 101
Trd, 4319021.043, 79
Trd, 4319023.193, 60
Trd, 4319024.043, 60
Trd, 4319025.193, 61
Trd, 4319025.543, 66
Trd, 4319026.143, 61
Trd, 4319026.343, 66
Trd, 4319027.593, 64
Trd, 4319028.793, 92
Trd, 4319028.893, 91
Trd, 4319029.743, 88
Trd, 4319030.343, 87
Trd, 4319030.593, 100
Trd, 4319030.843, 101
Trd, 4319030.993, 86
Trd, 4319033.443, 64
Trd, 4319033.993, 63
Trd, 4319034.043, 61
Trd, 4319034.543, 135
Trd, 4319034.843, 134
Trd, 4319035.743, 139
Trd, 4319036.343, 130
Trd, 4319037.093, 85
Trd, 4319037.243, 69
Trd, 4319037.693, 93
Trd, 4319037.993, 95
Trd, 4319039.693, 60
Trd, 4319040.743, 64
Trd, 4319041.593, 60
Trd, 4319042.043, 60
Trd, 4319042.093, 65
Trd, 4319042.543, 60
Trd, 4319042.843, 62
Trd, 4319044.193, 63
Trd, 4319044.493, 65
Trd, 4319045.293, 65
Trd, 4319045.743, 62
Trd, 4319046.893, 65
Trd, 4319047.643, 60
Trd, 4319047.693, 62
Trd, 4319048.243, 60
Trd, 4319050.343, 62
Trd, 4319050.893, 62
Trd, 4319051.393, 63
Trd, 4319051.593, 67
Trd, 4319051.643, 89
Trd, 4319052.143, 61
Trd, 4319053.343, 64
Trd, 4319054.193, 62
Trd, 4319054.493, 66
Trd, 4319055.043, 61
Trd, 4319055.493, 107
Trd, 4319056.893, 61
Trd, 4319057.593, 60
Trd, 4319059.293, 60
Trd, 4319060.593, 62
Trd, 4319060.943, 60
Trd, 4319061.593, 62
Trd, 4319062.193, 63
Trd, 4319062.493, 65
Trd, 4319062.543, 60
Trd, 4319063.643, 60
Trd, 4319063.693, 66
Trd, 4319065.493, 66
Trd, 4319066.393, 61
Trd, 4319066.643, 65
Trd, 4319067.093, 62
Trd, 4319067.643, 71
Trd, 4319068.893, 68
Trd, 4319068.993, 69
Trd, 4319069.343, 69
Trd, 4319070.193, 112
Trd, 4319070.893, 63
Trd, 4319071.543, 111
Trd, 4319072.043, 69
Trd, 4319072.193, 98
Trd, 4319072.443, 82
Trd, 4319073.243, 135
Trd, 4319073.543, 76
Trd, 4319074.843, 66
Trd, 4319075.093, 65
Trd, 4319075.443, 71
Trd, 4319076.493, 140
Trd, 4319077.193, 138
Trd, 4319077.993, 140
Trd, 4319079.293, 136
Trd, 4319079.543, 63
Trd, 4319080.493, 140
Trd, 4319080.993, 130
Trd, 4319081.543, 113
Trd, 4319082.893, 140
Trd, 4319083.143, 140
Trd, 4319083.643, 140
Trd, 4319083.893, 127
Trd, 4319084.543, 140
Trd, 4319084.993, 140
Trd, 4319085.493, 140
Trd, 4319085.743, 67
Trd, 4319086.843, 61
Trd, 4319087.193, 61
Trd, 4319088.493, 63
Trd, 4319088.843, 66
Trd, 4319089.043, 61
Trd, 4319089.393, 71
Trd, 4319090.943, 60
Trd, 4319092.143, 61
Trd, 4319092.293, 62
Trd, 4319092.493, 62
Trd, 4319092.843, 61
Trd, 4319092.993, 62
Trd, 4319093.143, 63
Trd, 4319093.493, 64
Trd, 4319094.943, 64
Trd, 4319095.443, 64
Trd, 4319096.293, 62
Trd, 4319097.093, 63
Trd, 4319097.693, 61
Trd, 4319098.693, 68
Trd, 4319100.593, 60
Trd, 4319101.243, 62
Trd, 4319101.543, 68
Trd, 4319101.693, 69
Trd, 4319102.693, 62
Trd, 4319103.443, 138
Trd, 4319103.993, 115
Trd, 4319104.593, 140
Trd, 4319104.643, 63
Trd, 4319105.493, 87
Trd, 4319106.293, 137
Trd, 4319106.693, 132
Trd, 4319106.943, 110
Trd, 4319107.193, 97
Trd, 4319108.843, 111
Trd, 4319109.093, 134
Trd, 4319110.793, 60
Trd, 4319111.693, 63
Trd, 4319111.743, 63
Trd, 4319112.493, 63
Trd, 4319113.243, 60
Trd, 4319114.543, 61
Trd, 4319114.893, 61
Trd, 4319115.493, 60
Trd, 4319117.293, 140
Trd, 4319117.393, 140
Trd, 4319117.743, 140
Trd, 4319117.993, 134
Trd, 4319119.243, 106
Trd, 4319119.443, 101
Trd, 4319120.543, 62
Trd, 4319120.893, 67
Trd, 4319122.043, 85
Trd, 4319122.393, 79
Trd, 4319123.243, 110
Trd, 4319123.993, 60
Trd, 4319124.093, 93
Trd, 4319125.443, 62
Trd, 4319125.643, 62
Trd, 4319126.593, 97
Trd, 4319127.993, 62
Trd, 4319128.143, 67
Trd, 4319129.193, 60
Trd, 4319129.593, 98
Trd, 4319130.043, 140
Trd, 4319130.193, 139
Trd, 4319130.793, 108
Trd, 4319131.093, 107
Trd, 4319131.393, 139
Trd, 4319132.493, 94
Trd, 4319133.843, 140
Trd, 4319134.393, 120
Trd, 4319134.793, 110
Trd, 4319135.243, 82
Trd, 4319135.593, 112
Trd, 4319136.643, 62
Trd, 4319136.793, 65
Trd, 4319137.843, 63
Trd, 4319138.643, 64
Trd, 4319139.493, 60
Trd, 4319140.143, 60
Trd, 4319141.143, 60
Trd, 4319142.093, 60
Trd, 4319143.493, 61
Trd, 4319143.893, 61
Trd, 4319144.993, 61
Trd, 4319145.943, 62
Trd, 4319146.343, 61
Trd, 4319147.143, 60
Trd, 4319147.543, 65
Trd, 4319148.293, 61
Trd, 4319150.443, 60
Trd, 4319150.943, 61
Trd, 4319151.693, 62
Trd, 4319151.793, 66
Trd, 4319153.143, 62
Trd, 4319153.443, 63
Trd, 4319153.693, 80
Trd, 4319154.443, 73
Trd, 4319154.543, 62
Trd, 4319154.793, 63
Trd, 4319156.043, 69
Trd, 4319156.093, 86
Trd, 4319157.093, 107
Trd, 4319157.143, 74
Trd, 4319158.093, 140
Trd, 4319159.443, 92
Trd, 4319159.493, 105
Trd, 4319159.793, 140
Trd, 4319160.193, 99
Trd, 4319161.593, 104
Trd, 4319161.793, 94
Trd, 4319162.193, 98
Trd, 4319162.893, 63
Trd, 4319163.493, 63
Trd, 4319163.743, 63
Trd, 4319163.793, 66
Trd, 4319164.343, 139
Trd, 4319165.043, 61
Trd, 4319165.493, 62
Trd, 4319166.643, 111
Trd, 4319167.643, 70
Trd, 4319167.843, 70
Trd, 4319168.593, 77
Trd, 4319168.993, 108
Trd, 4319169.443, 66
Trd, 4319171.443, 138
Trd, 4319171.493, 136
Trd, 4319172.193, 140
Trd, 4319172.243, 68
Trd, 4319172.593, 139
Trd, 4319173.343, 129
Trd, 4319173.643, 121
Trd, 4319175.543, 140
Trd, 4319175.693, 140
Trd, 4319175.893, 140
Trd, 4319176.343, 127
Trd, 4319177.093, 114
Trd, 4319177.143, 112
Trd, 4319178.893, 99
Trd, 4319179.643, 140
Trd, 4319180.443, 140
Trd, 4319180.843, 140
Trd, 4319181.893, 140
Trd, 4319182.393, 140
Trd, 4319182.843, 140
Trd, 4319183.693, 109
Trd, 4319183.843, 106
Trd, 4319184.593, 131
Trd, 4319185.393, 140
Trd, 4319185.943, 140
Trd, 4319187.293, 121
Trd, 4319187.693, 123
Trd, 4319188.443, 140
Trd, 4319189.343, 140
Trd, 4319189.493, 139
Trd, 4319189.743, 125
Trd, 4319190.293, 98
Trd, 4319190.543, 135
Trd, 4319190.893, 96
Trd, 4319191.793, 64
Trd, 4319192.593, 133
Trd, 4319193.143, 79
Trd, 4319194.543, 140
Trd, 4319194.943, 124
Trd, 4319195.443, 123
Trd, 4319195.743, 69
Trd, 4319196.943, 138
Trd, 4319197.993, 126
Trd, 4319198.043, 79
Trd, 4319198.343, 74
Trd, 4319198.643, 64
Trd, 4319199.293, 61
Trd, 4319202.643, 61
Trd, 4319202.693, 63
Trd, 4319202.943, 64
Trd, 4319203.493, 60
Trd, 4319204.543, 62
Trd, 4319204.943, 81
Trd, 4319205.443, 82
Trd, 4319205.943, 66
Trd, 4319206.443, 66
Trd, 4319207.693, 140
Trd, 4319207.893, 140
Trd, 4319208.143, 140
Trd, 4319208.643, 140
Trd, 4319208.943, 65
Trd, 4319209.543, 129
Trd, 4319209.793, 61
Trd, 4319210.843, 60
Trd, 4319211.993, 60
Trd, 4319212.143, 62
Trd, 4319212.393, 64
Trd, 4319212.843, 79
Trd, 4319213.343, 137
Trd, 4319213.443, 136
Trd, 4319214.143, 139
Trd, 4319215.343, 98
Trd, 4319217.043, 68
Trd, 4319217.093, 91
Trd, 4319217.243, 100
Trd, 4319218.143, 61
Trd, 4319218.543, 68
Trd, 4319218.893, 115
Trd, 4319219.443, 127
Trd, 4319220.043, 61
Trd, 4319221.893, 62
Trd, 4319222.743, 60
Trd, 4319223.443, 72
Trd, 4319223.643, 74
Trd, 4319224.693, 61
Trd, 4319225.093, 61
Trd, 4319225.943, 60
Trd, 4319225.993, 61
Trd, 4319226.193, 110
Trd, 4319226.593, 60
Trd, 4319228.343, 76
Trd, 4319228.793, 91
Trd, 4319229.293, 117
Trd, 4319230.343, 68
Trd, 4319231.093, 94
Trd, 4319231.393, 70
Trd, 4319231.593, 69
Trd, 4319231.693, 81
Trd, 4319232.043, 60
Trd, 4319232.693, 123
Trd, 4319233.393, 123
Trd, 4319233.693, 63
Trd, 4319233.943, 140
Trd, 4319234.943, 140
Trd, 4319235.543, 117
Trd, 4319236.443, 117
Trd, 4319237.343, 65
Trd, 4319238.193, 140
Trd, 4319238.643, 121
Trd, 4319239.843, 86
Trd, 4319240.043, 70
Trd, 4319241.543, 140
Trd, 4319241.593, 140
Trd, 4319242.643, 95
Trd, 4319243.043, 61
Trd, 4319243.143, 63
Trd, 4319245.343, 61
Trd, 4319245.693, 62
Trd, 4319246.993, 62
Trd, 4319247.893, 61
Trd, 4319248.193, 64
Trd, 4319248.293, 63
Trd, 4319248.443, 64
Trd, 4319248.593, 71
Trd, 4319249.643, 85
Trd, 4319249.943, 69
Trd, 4319250.993, 124
Trd, 4319251.343, 62
Trd, 4319252.693, 126
Trd, 4319252.943, 125
Trd, 4319253.043, 118
Trd, 4319253.493, 89
Trd, 4319254.843, 97
Trd, 4319255.743, 60
Trd, 4319256.593, 140
Trd, 4319257.143, 140
Trd, 4319257.593, 140
Trd, 4319258.043, 140
Trd, 4319258.543, 139
Trd, 4319259.393, 62
Trd, 4319260.293, 67
Trd, 4319260.643, 89
Trd, 4319260.993, 139
Trd, 4319261.193, 118
Trd, 4319262.043, 108
Trd, 4319262.993, 69
Trd, 4319263.143, 68
Trd, 4319264.593, 60
Trd, 4319264.843, 60
Trd, 4319265.593, 66
Trd, 4319266.543, 60
Trd, 4319267.293, 67
Trd, 4319267.893, 63
Trd, 4319269.343, 68
Trd, 4319270.143, 69
Trd, 4319270.193, 69
Trd, 4319270.693, 125
Trd, 4319271.393, 102
Trd, 4319271.593, 101
Trd, 4319272.293, 78
Trd, 4319272.543, 88
Trd, 4319273.443, 140
Trd, 4319273.493, 70
Trd, 4319274.793, 64
Trd, 4319276.143, 60
Trd, 4319276.543, 61
Trd, 4319277.293, 60
Trd, 4319277.343, 62
Trd, 4319277.893, 60
Trd, 4319278.893, 118
Trd, 4319279.043, 106
Trd, 4319280.693, 100
Trd, 4319281.443, 116
Trd, 4319281.893, 109
Trd, 4319281.993, 107
Trd, 4319282.143, 99
Trd, 4319282.443, 82
Trd, 4319283.193, 137
Trd, 4319284.793, 60
Trd, 4319284.993, 63
Trd, 4319285.643, 84
Trd, 4319286.093, 83
Trd, 4319286.443, 82
Trd, 4319286.543, 86
Trd, 4319287.043, 88
Trd, 4319287.543, 77
Trd, 4319287.943, 63
Trd, 4319289.843, 60
Trd, 4319290.493, 62
Trd, 4319290.943, 68
Trd, 4319291.693, 140
Trd, 4319291.993, 136
Trd, 4319292.093, 100
Trd, 4319292.343, 77
Trd, 4319293.393, 60
Trd, 4319294.493, 60
Trd, 4319294.693, 61
Trd, 4319294.993, 62
Trd, 4319295.393, 64
Trd, 4319297.843, 60
Trd, 4319299.143, 60
Trd, 4319300.343, 61
Trd, 4319300.443, 61
Trd, 4319300.693, 63
Trd, 4319301.893, 60
Trd, 4319302.893, 62
Trd, 4319303.093, 63
Trd, 4319304.343, 61
Trd, 4319304.793, 65
Trd, 4319305.293, 62
Trd, 4319306.093, 67
Trd, 4319306.743, 62
Trd, 4319306.843, 60
Trd, 4319307.393, 60
Trd, 4319307.693, 67
Trd, 4319307.943, 66
Trd, 4319308.393, 61
Trd, 4319310.693, 60
Trd, 4319311.093, 60
Trd, 4319311.393, 61
Trd, 4319311.843, 67
Trd, 4319313.243, 63
Trd, 4319313.943, 65
Trd, 4319315.043, 68
Trd, 4319316.193, 63
Trd, 4319316.843, 61
Trd, 4319316.993, 60
Trd, 4319317.243, 62
Trd, 4319317.943, 60
Trd, 4319318.093, 60
Trd, 4319318.643, 65
Trd, 4319320.093, 91
Trd, 4319320.343, 119
Trd, 4319320.443, 118
Trd, 4319321.093, 140
Trd, 4319321.393, 137
Trd, 4319322.343, 140
Trd, 4319322.593, 119
Trd, 4319322.993, 99
Trd, 4319323.793, 89
Trd, 4319325.543, 139
Trd, 4319325.693, 138
Trd, 4319325.743, 79
Trd, 4319326.593, 112
Trd, 4319327.393, 132
Trd, 4319328.093, 61
Trd, 4319328.493, 62
Trd, 4319329.543, 80
Trd, 4319330.243, 78
Trd, 4319331.493, 140
Trd, 4319332.293, 140
Trd, 4319332.643, 140
Trd, 4319333.193, 140
Trd, 4319334.093, 124
Trd, 4319334.143, 104
Trd, 4319334.493, 140
Trd, 4319335.493, 97
Trd, 4319335.943, 97
Trd, 4319337.443, 120
Trd, 4319338.093, 129
Trd, 4319338.193, 134
Trd, 4319338.593, 100
Trd, 4319338.943, 140
Trd, 4319338.993, 96
Trd, 4319339.893, 115
Trd, 4319340.643, 139
Trd, 4319340.793, 99
Trd, 4319343.043, 139
Trd, 4319343.193, 107
Trd, 4319343.443, 113
Trd, 4319343.893, 107
Trd, 4319344.543, 108
Trd, 4319345.093, 134
Trd, 4319346.843, 92
Trd, 4319347.143, 86
Trd, 4319348.193, 84
Trd, 4319348.293, 83
Trd, 4319348.743, 64
Trd, 4319349.243, 64
Trd, 4319349.943, 61
Trd, 4319351.043, 61
Trd, 4319352.093, 60
Trd, 4319352.893, 62
Trd, 4319353.543, 74
Trd, 4319353.643, 61
Trd, 4319355.243, 125
Trd, 4319355.293, 67
Trd, 4319355.993, 140
Trd, 4319356.643, 140
Trd, 4319357.943, 140
Trd, 4319358.943, 140
Trd, 4319358.993, 133
Trd, 4319359.593, 140
Trd, 4319360.643, 140
Trd, 4319360.793, 140
Trd, 4319361.293, 140
Trd, 4319361.593, 135
Trd, 4319362.293, 134
Trd, 4319362.393, 134
Trd, 4319364.893, 104
Trd, 4319364.943, 103
Trd, 4319365.393, 125
Trd, 4319366.093, 123
Trd, 4319366.943, 140
Trd, 4319367.243, 140
Trd, 4319367.293, 139
Trd, 4319368.343, 140
Trd, 4319368.943, 140
Trd, 4319369.193, 125
Trd, 4319369.443, 124
Trd, 4319370.193, 122
Trd, 4319370.343, 101
Trd, 4319370.843, 98
Trd, 4319371.043, 97
Trd, 4319371.593, 88
Trd, 4319372.443, 140
Trd, 4319373.843, 140
Trd, 4319374.143, 139
Trd, 4319374.743, 108
Trd, 4319375.643, 73
Trd, 4319376.493, 60
Trd, 4319376.693, 62
Trd, 4319377.193, 140
Trd, 4319377.993, 77
Trd, 4319378.743, 126
Trd, 4319378.793, 128
Trd, 4319379.093, 95
Trd, 4319380.393, 96
Trd, 4319381.493, 83
Trd, 4319381.893, 83
Trd, 4319382.143, 89
Trd, 4319382.193, 82
Trd, 4319382.793, 115
Trd, 4319382.843, 85
Trd, 4319383.893, 121
Trd, 4319384.343, 67
Trd, 4319385.043, 70
Trd, 4319385.993, 65
Trd, 4319386.093, 104
Trd, 4319387.043, 60
Trd, 4319387.993, 66
Trd, 4319388.943, 62
Trd, 4319389.693, 63
Trd, 4319389.943, 107
Trd, 4319390.343, 111
Trd, 4319391.543, 62
Trd, 4319392.243, 61
Trd, 4319392.543, 108
Trd, 4319392.893, 72
Trd, 4319394.343, 60
Trd, 4319394.543, 60
Trd, 4319394.943, 61
Trd, 4319394.993, 61
Trd, 4319396.993, 60
Trd, 4319397.943, 60
Trd, 4319400.043, 62
Trd, 4319400.243, 66
Trd, 4319400.843, 60
Trd, 4319401.143, 71
Trd, 4319401.493, 94
Trd, 4319402.043, 61
Trd, 4319402.393, 140
Trd, 4319402.793, 140
Trd, 4319403.143, 140
Trd, 4319403.393, 84
Trd, 4319404.743, 140
Trd, 4319405.293, 140
Trd, 4319405.843, 139
Trd, 4319406.393, 137
Trd, 4319407.793, 138
Trd, 4319407.893, 137
Trd, 4319408.093, 136
Trd, 4319408.243, 128
Trd, 4319408.493, 127
Trd, 4319411.093, 85
Trd, 4319411.493, 119
Trd, 4319411.943, 83
Trd, 4319412.643, 81
Trd, 4319412.793, 130
Trd, 4319412.893, 77
Trd, 4319413.443, 131
Trd, 4319414.293, 133
Trd, 4319415.543, 139
Trd, 4319415.943, 107
Trd, 4319416.493, 137
Trd, 4319416.693, 104
Trd, 4319417.543, 137
Trd, 4319417.743, 136
Trd, 4319418.243, 133
Trd, 4319418.943, 115
Trd, 4319419.093, 86
Trd, 4319420.693, 140
Trd, 4319420.993, 139
Trd, 4319421.543, 140
Trd, 4319422.093, 139
Trd, 4319422.193, 137
Trd, 4319422.493, 119
Trd, 4319423.143, 65
Trd, 4319423.643, 60
Trd, 4319424.893, 60
Trd, 4319424.993, 61
Trd, 4319425.443, 60
Trd, 4319426.043, 140
Trd, 4319426.693, 140
Trd, 4319427.943, 139
Trd, 4319428.293, 139
Trd, 4319428.893, 92
Trd, 4319429.093, 135
Trd, 4319429.493, 108
Trd, 4319430.543, 91
Trd, 4319430.593, 83
Trd, 4319431.743, 60
Trd, 4319432.393, 60
Trd, 4319433.293, 60
Trd, 4319434.743, 61
Trd, 4319434.943, 60
Trd, 4319435.593, 68
Trd, 4319435.643, 61
Trd, 4319437.143, 64
Trd, 4319437.343, 63
Trd, 4319438.293, 139
Trd, 4319438.393, 136
Trd, 4319438.993, 135
Trd, 4319439.043, 103
Trd, 4319439.943, 140
Trd, 4319441.543, 140
Trd, 4319441.793, 140
Trd, 4319442.293, 89
Trd, 4319443.043, 63
Trd, 4319443.093, 114
Trd, 4319444.293, 140
Trd, 4319445.043, 140
Trd, 4319445.093, 103
Trd, 4319447.393, 60
Trd, 4319447.893, 60
Trd, 4319448.693, 60
Trd, 4319448.793, 60
Trd, 4319448.843, 60
Trd, 4319449.843, 61
Trd, 4319450.543, 64
Trd, 4319450.593, 66
Trd, 4319450.993, 61
Trd, 4319451.443, 124
Trd, 4319451.843, 61
Trd, 4319452.793, 69
Trd, 4319454.143, 78
Trd, 4319454.643, 77
Trd, 4319455.193, 104
Trd, 4319455.243, 86
Trd, 4319455.843, 67
Trd, 4319456.343, 64
Trd, 4319456.543, 93
Trd, 4319458.043, 68
Trd, 4319459.293, 80
Trd, 4319459.343, 64
Trd, 4319460.343, 64
Trd, 4319461.093, 103
Trd, 4319462.443, 140
Trd, 4319462.993, 140
Trd, 4319463.193, 140
Trd, 4319463.443, 119
Trd, 4319464.743, 120
Trd, 4319464.943, 92
Trd, 4319465.793, 63
Trd, 4319466.793, 108
Trd, 4319467.493, 99
Trd, 4319467.993, 72
Trd, 4319468.043, 98
Trd, 4319468.443, 131
Trd, 4319469.143, 71
Trd, 4319469.443, 70
Trd, 4319470.093, 63
Trd, 4319470.193, 68
Trd, 4319470.993, 101
Trd, 4319471.243, 61
Trd, 4319473.143, 63
Trd, 4319475.093, 60
Trd, 4319475.343, 63
Trd, 4319475.593, 69
Trd, 4319476.343, 62
Trd, 4319477.343, 68
Trd, 4319477.643, 60
Trd, 4319478.743, 63
Trd, 4319479.293, 62
Trd, 4319479.643, 63
Trd, 4319480.993, 60
Trd, 4319482.493, 62
Trd, 4319483.093, 69
Trd, 4319483.193, 61
Trd, 4319483.943, 67
Trd, 4319484.293, 71
Trd, 4319485.193, 61
Trd, 4319485.593, 63
Trd, 4319486.093, 62
Trd, 4319486.343, 88
Trd, 4319487.143, 65
Trd, 4319487.793, 61
Trd, 4319488.843, 62
Trd, 4319489.193, 61
Trd, 4319489.693, 136
Trd, 4319489.743, 135
Trd, 4319492.243, 122
Trd, 4319492.293, 120
Trd, 4319493.743, 137
Trd, 4319494.243, 138
Trd, 4319494.593, 135
Trd, 4319494.993, 102
Trd, 4319495.043, 99
Trd, 4319495.993, 63
Trd, 4319496.593, 90
Trd, 4319497.593, 61
Trd, 4319498.943, 65
Trd, 4319499.293, 68
Trd, 4319499.493, 103
Trd, 4319500.093, 111
Trd, 4319500.643, 65
Trd, 4319501.993, 68
Trd, 4319505.243, 60
Trd, 4319505.493, 60
Trd, 4319505.643, 60
Trd, 4319505.693, 118
Trd, 4319506.093, 84
Trd, 4319507.743, 60
Trd, 4319508.243, 60
Trd, 4319508.743, 63
Trd, 4319509.193, 60
Trd, 4319509.593, 72
Trd, 4319509.843, 69
Trd, 4319510.243, 71
Trd, 4319510.843, 62
Trd, 4319511.143, 75
Trd, 4319512.193, 139
Trd, 4319512.593, 61
Trd, 4319514.193, 60
Trd, 4319516.393, 61
Trd, 4319516.443, 65
Trd, 4319516.693, 67
Trd, 4319517.143, 63
Trd, 4319517.243, 65
Trd, 4319517.343, 67
Trd, 4319517.543, 101
Trd, 4319518.143, 66
Trd, 4319518.593, 60
Trd, 4319520.743, 61
Trd, 4319521.093, 61
Trd, 4319521.793, 64
Trd, 4319521.843, 66
Trd, 4319522.093, 71
Trd, 4319522.493, 64
Trd, 4319523.943, 61
Trd, 4319524.393, 135
Trd, 4319524.643, 118
Trd, 4319524.893, 114
Trd, 4319526.543, 66
Trd, 4319527.043, 60
Trd, 4319528.043, 64
Trd, 4319528.093, 63
Trd, 4319528.743, 61
Trd, 4319529.493, 61
Trd, 4319529.843, 65
Trd, 4319530.243, 61
Trd, 4319530.393, 108
Trd, 4319531.393, 99
Trd, 4319531.693, 76
Trd, 4319532.843, 82
Trd, 4319534.793, 60
Trd, 4319534.843, 71
Trd, 4319534.993, 87
Trd, 4319536.043, 60
Trd, 4319537.143, 60
Trd, 4319537.193, 63
Trd, 4319537.843, 65
Trd, 4319538.443, 69
Trd, 4319540.143, 60
Trd, 4319540.793, 64
Trd, 4319541.993, 65
Trd, 4319542.343, 62
Trd, 4319543.443, 60
Trd, 4319543.793, 61
Trd, 4319543.943, 61
Trd, 4319544.993, 60
Trd, 4319545.643, 61
Trd, 4319546.093, 61
Trd, 4319546.343, 66
Trd, 4319547.443, 60
Trd, 4319548.293, 60
Trd, 4319549.543, 61
Trd, 4319549.693, 62
Trd, 4319550.093, 70
Trd, 4319550.843, 62
Trd, 4319551.093, 61
Trd, 4319552.043, 140
Trd, 4319552.093, 139
Trd, 4319552.243, 139
Trd, 4319554.093, 60
Trd, 4319554.793, 60
Trd, 4319554.993, 60
Trd, 4319555.043, 61
Trd, 4319556.093, 62
Trd, 4319556.493, 66
Trd, 4319557.043, 60
Trd, 4319557.543, 61
Trd, 4319558.943, 119
Trd, 4319559.043, 83
Trd, 4319559.593, 140
Trd, 4319560.693, 75
Trd, 4319561.393, 68
Trd, 4319562.193, 126
Trd, 4319562.893, 98
Trd, 4319563.243, 129
Trd, 4319563.343, 95
Trd, 4319564.793, 84
Trd, 4319565.943, 79
Trd, 4319566.193, 130
Trd, 4319567.243, 60
Trd, 4319567.393, 62
Trd, 4319568.743, 60
Trd, 4319568.793, 63
Trd, 4319569.943, 60
Trd, 4319570.243, 62
Trd, 4319571.293, 61
Trd, 4319572.343, 61
Trd, 4319572.543, 61
Trd, 4319572.693, 66
Trd, 4319574.093, 125
Trd, 4319574.343, 124
Trd, 4319574.543, 103
Trd, 4319575.543, 124
Trd, 4319576.043, 62
Trd, 4319577.893, 60
Trd, 4319577.943, 61
Trd, 4319578.393, 70
Trd, 4319578.743, 70
Trd, 4319578.793, 68
Trd, 4319579.393, 60
Trd, 4319581.143, 60
Trd, 4319581.743, 61
Trd, 4319583.443, 60
Trd, 4319583.693, 64
Trd, 4319584.193, 66
Trd, 4319585.343, 64
Trd, 4319585.893, 65
Trd, 4319585.943, 67
Trd, 4319586.793, 79
Trd, 4319587.843, 71
Trd, 4319588.343, 72
Trd, 4319588.443, 75
Trd, 4319588.543, 71
Trd, 4319589.093, 64
Trd, 4319589.343, 66
Trd, 4319590.243, 140
Trd, 4319590.593, 134
Trd, 4319592.043, 60
Trd, 4319592.593, 62
Trd, 4319593.093, 71
Trd, 4319593.743, 65
Trd, 4319594.743, 140
Trd, 4319594.893, 139
Trd, 4319594.993, 109
Trd, 4319595.643, 140
Trd, 4319596.843, 138
Trd, 4319598.093, 136
Trd, 4319598.393, 104
Trd, 4319599.143, 88
Trd, 4319599.193, 87
Trd, 4319600.193, 138
Trd, 4319601.143, 140
Trd, 4319601.193, 91
Trd, 4319601.943, 119
Trd, 4319602.743, 123
Trd, 4319602.993, 122
Trd, 4319603.093, 98
Trd, 4319604.343, 105
Trd, 4319606.293, 140
Trd, 4319606.443, 140
Trd, 4319606.893, 140
Trd, 4319607.643, 140
Trd, 4319608.993, 74
Trd, 4319609.593, 137
Trd, 4319610.143, 69
Trd, 4319610.793, 66
Trd, 4319611.043, 92
Trd, 4319611.093, 85
Trd, 4319611.443, 139
Trd, 4319611.993, 67
Trd, 4319612.293, 65
Trd, 4319612.793, 60
Trd, 4319613.843, 75
Trd, 4319614.293, 74
Trd, 4319614.743, 110
Trd, 4319615.393, 139
Trd, 4319615.893, 139
Trd, 4319616.493, 60
Trd, 4319616.793, 65
Trd, 4319617.743, 62
Trd, 4319618.543, 60
Trd, 4319620.593, 64
Trd, 4319621.693, 62
Trd, 4319621.893, 63
Trd, 4319622.243, 64
Trd, 4319623.293, 71
Trd, 4319624.443, 62
Trd, 4319624.493, 63
Trd, 4319625.493, 63
Trd, 4319625.643, 95
Trd, 4319626.693, 63
Trd, 4319627.093, 61
Trd, 4319627.543, 62
Trd, 4319628.293, 62
Trd, 4319628.443, 63
Trd, 4319629.243, 62
Trd, 4319630.293, 67
Trd, 4319630.893, 71
Trd, 4319633.143, 60
Trd, 4319633.343, 62
Trd, 4319633.743, 60
Trd, 4319636.393, 60
Trd, 4319637.243, 62
Trd, 4319637.993, 60
Trd, 4319638.293, 61
Trd, 4319638.443, 68
Trd, 4319638.593, 68
Trd, 4319641.293, 60
Trd, 4319641.743, 63
Trd, 4319642.493, 65
Trd, 4319643.293, 61
Trd, 4319643.893, 70
Trd, 4319644.643, 62
Trd, 4319644.743, 61
Trd, 4319645.443, 140
Trd, 4319646.543, 140
Trd, 4319646.893, 124
Trd, 4319647.693, 95
Trd, 4319648.293, 65
Trd, 4319649.343, 67
Trd, 4319649.443, 68
Trd, 4319650.443, 138
Trd, 4319651.143, 60
Trd, 4319651.643, 60
Trd, 4319652.593, 61
Trd, 4319652.643, 65
Trd, 4319653.743, 61
Trd, 4319654.293, 64
Trd, 4319654.393, 65
Trd, 4319655.193, 69
Trd, 4319655.793, 114
Trd, 4319656.493, 135
Trd, 4319656.793, 77
Trd, 4319657.143, 139
Trd, 4319658.243, 67
Trd, 4319659.243, 140
Trd, 4319659.343, 131
Trd, 4319659.393, 114
Trd, 4319662.043, 60
Trd, 4319662.093, 70
Trd, 4319662.493, 63
Trd, 4319663.093, 113
Trd, 4319663.243, 78
Trd, 4319663.543, 76
Trd, 4319664.393, 127
Trd, 4319664.743, 137
Trd, 4319665.093, 140
Trd, 4319665.493, 61
Trd, 4319666.643, 140
Trd, 4319667.043, 135
Trd, 4319667.443, 122
Trd, 4319667.943, 84
Trd, 4319668.943, 61
Trd, 4319669.143, 62
Trd, 4319669.843, 62
Trd, 4319670.593, 63
Trd, 4319671.743, 60
Trd, 4319672.993, 60
Trd, 4319673.243, 68
Trd, 4319673.543, 60
Trd, 4319674.343, 91
Trd, 4319674.493, 60
Trd, 4319674.993, 60
Trd, 4319676.293, 60
Trd, 4319676.893, 60
Trd, 4319677.243, 62
Trd, 4319677.693, 92
Trd, 4319678.093, 107
Trd, 4319679.593, 64
Trd, 4319679.643, 62
Trd, 4319679.893, 62
Trd, 4319680.443, 63
Trd, 4319681.843, 78
Trd, 4319682.093, 139
Trd, 4319683.193, 128
Trd, 4319683.693, 133
Trd, 4319683.743, 92
Trd, 4319683.993, 78
Trd, 4319684.293, 69
Trd, 4319684.643, 88
Trd, 4319685.543, 139
Trd, 4319686.243, 68
Trd, 4319686.393, 78
Trd, 4319688.093, 119
Trd, 4319688.943, 116
Trd, 4319688.993, 109
Trd, 4319689.343, 60
Trd, 4319690.443, 139
Trd, 4319691.143, 133
Trd, 4319691.543, 139
Trd, 4319691.993, 129
Trd, 4319692.143, 110
Trd, 4319692.193, 101
Trd, 4319695.543, 140
Trd, 4319696.193, 140
Trd, 4319696.243, 140
Trd, 4319696.893, 130
Trd, 4319697.993, 138
Trd, 4319698.493, 129
Trd, 4319698.693, 107
Trd, 4319699.243, 107
Trd, 4319699.743, 119
Trd, 4319699.893, 66
Trd, 4319701.293, 63
Trd, 4319702.193, 110
Trd, 4319702.693, 138
Trd, 4319703.893, 102
Trd, 4319704.643, 128
Trd, 4319704.893, 104
Trd, 4319705.093, 101
Trd, 4319705.893, 86
Trd, 4319706.093, 83
Trd, 4319707.343, 74
Trd, 4319707.643, 102
Trd, 4319708.493, 97
Trd, 4319708.543, 96
Trd, 4319709.043, 89
Trd, 4319709.893, 65
Trd, 4319712.743, 60
Trd, 4319713.793, 60
Trd, 4319714.443, 63
Trd, 4319714.793, 64
Trd, 4319715.493, 63
Trd, 4319716.093, 65
Trd, 4319716.543, 60
Trd, 4319717.093, 78
Trd, 4319718.493, 63
Trd, 4319719.193, 63
Trd, 4319719.693, 69
Trd, 4319720.743, 76
Trd, 4319720.843, 93
Trd, 4319720.943, 75
Trd, 4319721.193, 72
Trd, 4319721.393, 140
Trd, 4319722.993, 60
Trd, 4319723.593, 62
Trd, 4319724.543, 60
Trd, 4319725.243, 78
Trd, 4319725.843, 115
Trd, 4319726.743, 65
Trd, 4319727.093, 66
Trd, 4319727.293, 67
Trd, 4319728.743, 140
Trd, 4319728.943, 85
Trd, 4319729.093, 67
Trd, 4319730.243, 63
Trd, 4319731.293, 61
Trd, 4319731.343, 61
Trd, 4319732.193, 60
Trd, 4319732.693, 66
Trd, 4319732.743, 81
Trd, 4319733.793, 62
Trd, 4319734.143, 61
Trd, 4319734.243, 62
Trd, 4319734.743, 64
Trd, 4319737.493, 61
Trd, 4319738.043, 60
Trd, 4319739.193, 60
Trd, 4319739.893, 60
Trd, 4319740.143, 65
Trd, 4319740.243, 62
Trd, 4319740.443, 67
Trd, 4319740.693, 65
Trd, 4319742.043, 62
Trd, 4319742.093, 70
Trd, 4319742.293, 131
Trd, 4319744.743, 60
Trd, 4319744.843, 64
Trd, 4319745.543, 63
Trd, 4319745.693, 61
Trd, 4319745.743, 65
Trd, 4319746.043, 71
Trd, 4319746.843, 67
Trd, 4319746.943, 63
Trd, 4319748.593, 62
Trd, 4319748.943, 62
Trd, 4319749.093, 69
Trd, 4319749.793, 98
Trd, 4319751.193, 61
Trd, 4319751.343, 117
Trd, 4319752.593, 112
Trd, 4319752.743, 111
Trd, 4319754.243, 112
Trd, 4319754.393, 124
Trd, 4319754.993, 120
Trd, 4319755.243, 112
Trd, 4319755.343, 78
Trd, 4319755.993, 78
Trd, 4319756.193, 77
Trd, 4319756.993, 140
Trd, 4319757.393, 125
Trd, 4319758.293, 138
Trd, 4319758.543, 137
Trd, 4319759.193, 140
Trd, 4319759.543, 139
Trd, 4319759.593, 128
Trd, 4319760.993, 105
Trd, 4319761.543, 74
Trd, 4319761.943, 73
Trd, 4319762.793, 123
Trd, 4319763.043, 116
Trd, 4319763.843, 123
Trd, 4319763.893, 115
Trd, 4319765.443, 140
Trd, 4319766.243, 139
Trd, 4319766.443, 138
Trd, 4319766.493, 124
Trd, 4319766.543, 119
Trd, 4319767.393, 136
Trd, 4319769.193, 140
Trd, 4319769.293, 140
Trd, 4319770.093, 107
Trd, 4319770.693, 124
Trd, 4319770.793, 93
Trd, 4319771.743, 99
Trd, 4319772.243, 86
Trd, 4319773.293, 61
Trd, 4319774.393, 60
Trd, 4319774.593, 61
Trd, 4319775.043, 60
Trd, 4319775.343, 62
Trd, 4319775.943, 62
Trd, 4319776.293, 65
Trd, 4319776.893, 60
Trd, 4319777.543, 65
Trd, 4319777.943, 64
Trd, 4319778.493, 66
Trd, 4319778.693, 65
Trd, 4319779.043, 66
Trd, 4319781.043, 62
Trd, 4319781.443, 63
Trd, 4319781.993, 63
Trd, 4319782.093, 64
Trd, 4319782.443, 60
Trd, 4319783.243, 64
Trd, 4319783.943, 64
Trd, 4319784.643, 76
Trd, 4319784.793, 75
Trd, 4319785.293, 133
Trd, 4319786.043, 138
Trd, 4319786.243, 120
Trd, 4319786.593, 133
Trd, 4319787.543, 65
Trd, 4319788.443, 65
Trd, 4319788.543, 66
Trd, 4319788.993, 63
Trd, 4319789.493, 66
Trd, 4319790.093, 63
Trd, 4319791.093, 66
Trd, 4319791.243, 104
Trd, 4319791.743, 89
Trd, 4319792.843, 64
Trd, 4319793.143, 65
Trd, 4319793.593, 69
Trd, 4319795.193, 63
Trd, 4319797.293, 60
Trd, 4319798.493, 60
Trd, 4319799.093, 72
Trd, 4319799.993, 60
Trd, 4319800.943, 61
Trd, 4319801.143, 62
Trd, 4319801.493, 62
Trd, 4319802.443, 105
Trd, 4319802.743, 140
Trd, 4319802.793, 140
Trd, 4319803.443, 61
Trd, 4319804.243, 138
Trd, 4319804.793, 133
Trd, 4319804.943, 82
Trd, 4319806.293, 140
Trd, 4319806.693, 140
Trd, 4319806.843, 139
Trd, 4319808.043, 84
Trd, 4319808.543, 84
Trd, 4319809.493, 83
Trd, 4319809.693, 77
Trd, 4319809.893, 75
Trd, 4319810.693, 140
Trd, 4319810.743, 140
Trd, 4319811.393, 125
Trd, 4319812.143, 136
Trd, 4319812.343, 117
Trd, 4319813.043, 68
Trd, 4319814.543, 135
Trd, 4319815.243, 140
Trd, 4319815.843, 140
Trd, 4319815.943, 140
Trd, 4319817.043, 140
Trd, 4319817.243, 138
Trd, 4319817.743, 127
Trd, 4319818.143, 93
Trd, 4319818.943, 118
Trd, 4319819.543, 140
Trd, 4319820.393, 103
Trd, 4319820.543, 104
Trd, 4319822.143, 97
Trd, 4319822.493, 113
Trd, 4319822.793, 139
Trd, 4319823.693, 60
Trd, 4319823.943, 62
Trd, 4319824.843, 65
Trd, 4319825.893, 140
Trd, 4319826.093, 124
Trd, 4319826.493, 115
Trd, 4319826.943, 135
Trd, 4319828.143, 114
Trd, 4319829.493, 60
Trd, 4319829.743, 63
Trd, 4319830.043, 69
Trd, 4319830.893, 121
Trd, 4319831.443, 98
Trd, 4319832.193, 87
Trd, 4319832.893, 135
Trd, 4319832.993, 86
Trd, 4319833.593, 67
Trd, 4319833.993, 61
Trd, 4319834.693, 71
Trd, 4319835.093, 102
Trd, 4319836.243, 62
Trd, 4319837.393, 94
Trd, 4319838.043, 64
Trd, 4319838.193, 67
Trd, 4319838.643, 62
Trd, 4319838.743, 80
Trd, 4319839.193, 109
Trd, 4319840.493, 78
Trd, 4319842.593, 83
Trd, 4319842.693, 106
Trd, 4319843.343, 102
Trd, 4319843.543, 86
Trd, 4319844.243, 84
Trd, 4319844.543, 74
Trd, 4319845.093, 73
Trd, 4319845.443, 135
Trd, 4319845.893, 139
Trd, 4319847.043, 119
Trd, 4319847.093, 118
Trd, 4319848.393, 128
Trd, 4319848.493, 127
Trd, 4319848.793, 140
Trd, 4319849.343, 140
Trd, 4319849.643, 140
Trd, 4319851.543, 89
Trd, 4319852.193, 87
Trd, 4319853.643, 139
Trd, 4319854.043, 138
Trd, 4319854.893, 114
Trd, 4319855.443, 138
Trd, 4319855.643, 88
Trd, 4319856.743, 139
Trd, 4319858.193, 116
Trd, 4319858.493, 104
Trd, 4319860.043, 77
Trd, 4319860.093, 74
Trd, 4319861.043, 63
Trd, 4319861.693, 139
Trd, 4319862.843, 111
Trd, 4319863.343, 67
Trd, 4319864.143, 63
Trd, 4319864.193, 65
Trd, 4319864.743, 140
Trd, 4319865.043, 136
Trd, 4319865.943, 61
Trd, 4319866.193, 74
Trd, 4319866.593, 63
Trd, 4319866.843, 60
Trd, 4319868.293, 63
Trd, 4319868.943, 60
Trd, 4319870.543, 61
Trd, 4319871.043, 63
Trd, 4319871.343, 63
Trd, 4319871.593, 66
Trd, 4319872.293, 81
Trd, 4319872.493, 135
Trd, 4319873.293, 66
Trd, 4319873.743, 138
Trd, 4319874.443, 140
Trd, 4319874.493, 98
Trd, 4319875.443, 94
Trd, 4319876.393, 96
Trd, 4319876.493, 102
Trd, 4319877.293, 109
Trd, 4319878.343, 132
Trd, 4319878.493, 75
Trd, 4319878.893, 67
Trd, 4319879.593, 132
Trd, 4319879.693, 131
Trd, 4319881.143, 60
Trd, 4319881.843, 60
Trd, 4319882.993, 61
Trd, 4319883.993, 65
Trd, 4319884.043, 80
Trd, 4319884.393, 88
Trd, 4319884.843, 88
Trd, 4319884.943, 86
Trd, 4319885.243, 118
Trd, 4319886.143, 60
Trd, 4319888.593, 140
Trd, 4319888.843, 140
Trd, 4319888.893, 140
Trd, 4319889.393, 140
Trd, 4319889.593, 140
Trd, 4319890.293, 61
Trd, 4319891.243, 122
Trd, 4319892.293, 63
Trd, 4319893.043, 64
Trd, 4319893.693, 61
Trd, 4319894.043, 65
Trd, 4319895.293, 60
Trd, 4319895.343, 60
Trd, 4319896.143, 62
Trd, 4319896.293, 65
Trd, 4319896.543, 67
Trd, 4319898.443, 60
Trd, 4319899.093, 90
Trd, 4319899.343, 62
Trd, 4319899.843, 64
Trd, 4319899.993, 65
Trd, 4319900.843, 68
Trd, 4319901.843, 60
Trd, 4319902.693, 68
Trd, 4319903.843, 62
Trd, 4319904.243, 140
Trd, 4319905.443, 140
Trd, 4319906.593, 66
Trd, 4319907.343, 73
Trd, 4319907.643, 61
Trd, 4319907.793, 60
Trd, 4319908.243, 61
Trd, 4319909.143, 64
Trd, 4319910.093, 61
Trd, 4319910.493, 61
Trd, 4319910.593, 62
Trd, 4319912.393, 60
Trd, 4319913.593, 60
Trd, 4319914.043, 61
Trd, 4319914.493, 62
Trd, 4319914.843, 63
Trd, 4319916.343, 60
Trd, 4319916.943, 60
Trd, 4319919.193, 60
Trd, 4319919.893, 61
Trd, 4319919.943, 69
Trd, 4319920.143, 123
Trd, 4319920.693, 65
Trd, 4319921.693, 66
Trd, 4319921.943, 63
Trd, 4319922.543, 66
Trd, 4319923.143, 63
Trd, 4319923.243, 75
Trd, 4319923.343, 97
Trd, 4319924.943, 68
Trd, 4319925.243, 83
Trd, 4319926.643, 67
Trd, 4319926.893, 67
Trd, 4319927.943, 68
Trd, 4319928.393, 63
Trd, 4319928.443, 87
Trd, 4319929.293, 90
Trd, 4319931.043, 60
Trd, 4319931.193, 64
Trd, 4319932.193, 65
Trd, 4319933.493, 60
Trd, 4319933.543, 67
Trd, 4319934.693, 69
Trd, 4319935.193, 60
Trd, 4319935.493, 66
Trd, 4319936.493, 60
Trd, 4319937.093, 61
Trd, 4319937.293, 62
Trd, 4319937.843, 61
Trd, 4319938.443, 61
Trd, 4319939.243, 62
Trd, 4319940.643, 61
Trd, 4319940.743, 67
Trd, 4319940.993, 63
Trd, 4319941.843, 74
Trd, 4319942.043, 86
Trd, 4319942.293, 91
Trd, 4319943.093, 108
Trd, 4319944.643, 140
Trd, 4319944.693, 140
Trd, 4319945.143, 123
Trd, 4319946.143, 101
Trd, 4319946.543, 101
Trd, 4319947.193, 100
Trd, 4319947.443, 72
Trd, 4319949.393, 140
Trd, 4319949.743, 140
Trd, 4319949.843, 139
Trd, 4319950.193, 135
Trd, 4319950.743, 140
Trd, 4319951.093, 116
Trd, 4319951.793, 112
Trd, 4319951.993, 102
Trd, 4319952.443, 64
Trd, 4319953.043, 140
Trd, 4319954.893, 131
Trd, 4319955.243, 129
Trd, 4319955.543, 140
Trd, 4319956.793, 133
Trd, 4319956.893, 119
Trd, 4319957.793, 138
Trd, 4319958.893, 117
Trd, 4319959.343, 89
Trd, 4319959.743, 69
Trd, 4319959.843, 88
Trd, 4319960.593, 78
Trd, 4319961.093, 64
Trd, 4319961.693, 60
Trd, 4319962.493, 73
Trd, 4319962.793, 74
Trd, 4319965.043, 61
Trd, 4319965.193, 68
Trd, 4319966.293, 63
Trd, 4319966.593, 61
Trd, 4319967.293, 64
Trd, 4319968.443, 80
Trd, 4319968.643, 129
Trd, 4319969.543, 130
Trd, 4319970.393, 62
Trd, 4319970.743, 60
Trd, 4319971.793, 62
Trd, 4319972.493, 60
Trd, 4319973.593, 60
Trd, 4319974.343, 60
Trd, 4319975.943, 60
Trd, 4319976.193, 62
Trd, 4319976.593, 66
Trd, 4319976.793, 77
Trd, 4319977.293, 90
Trd, 4319978.993, 61
Trd, 4319979.593, 63
Trd, 4319980.093, 63
Trd, 4319980.293, 62
Trd, 4319980.893, 60
Trd, 4319981.093, 77
Trd, 4319981.343, 94
Trd, 4319982.993, 64
Trd, 4319983.893, 60
Trd, 4319984.093, 61
Trd, 4319985.243, 60
Trd, 4319985.643, 61
Trd, 4319985.843, 79
Trd, 4319987.243, 60
Trd, 4319988.343, 60
Trd, 4319988.993, 60
Trd, 4319990.193, 60
Trd, 4319990.343, 61
Trd, 4319990.443, 62
Trd, 4319991.643, 61
Trd, 4319991.993, 61
Trd, 4319992.543, 63
Trd, 4319993.093, 76
Trd, 4319993.843, 65
Trd, 4319994.193, 62
Trd, 4319995.193, 61
Trd, 4319996.193, 64
Trd, 4319996.593, 71
Trd, 4319996.943, 60
Trd, 4319997.493, 61
Trd, 4319997.843, 67
