Trd, 4318157.093, 138
Trd, 4318158.043, 137
Trd, 4318160.943, 140
Trd, 4318161.743, 140
Trd, 4318161.893, 140
Trd, 4318162.243, 139
Trd, 4318162.293, 139
Trd, 4318162.843, 138
Trd, 4318164.243, 138
Trd, 4318164.493, 138
Trd, 4318164.743, 140
Trd, 4318165.643, 140
Trd, 4318166.193, 135
Trd, 4318167.243, 140
Trd, 4318167.543, 140
Trd, 4318167.693, 140
Trd, 4318169.043, 140
Trd, 4318169.293, 139
Trd, 4318169.943, 139
Trd, 4318170.293, 140
Trd, 4318170.693, 140
Trd, 4318170.793, 138
Trd, 4318171.593, 129
Trd, 4318172.093, 135
Trd, 4318172.893, 118
Trd, 4318174.093, 69
Trd, 4318175.443, 140
Trd, 4318175.593, 140
Trd, 4318177.043, 140
Trd, 4318178.793, 140
Trd, 4318179.193, 140
Trd, 4318179.393, 139
Trd, 4318179.993, 138
Trd, 4318180.343, 140
Trd, 4318180.993, 140
Trd, 4318181.593, 140
Trd, 4318182.443, 140
Trd, 4318182.643, 140
Trd, 4318182.843, 140
Trd, 4318183.843, 138
Trd, 4318184.093, 111
Trd, 4318184.393, 110
Trd, 4318184.543, 139
Trd, 4318185.543, 138
Trd, 4318186.993, 140
Trd, 4318187.843, 140
Trd, 4318187.893, 138
Trd, 4318187.993, 140
Trd, 4318188.243, 137
Trd, 4318189.193, 64
Trd, 4318189.943, 70
Trd, 4318190.593, 139
Trd, 4318191.143, 140
Trd, 4318192.843, 140
Trd, 4318192.893, 140
Trd, 4318194.193, 140
Trd, 4318194.493, 140
Trd, 4318194.543, 140
Trd, 4318194.843, 140
Trd, 4318197.243, 140
Trd, 4318197.593, 140
Trd, 4318197.743, 139
Trd, 4318198.093, 140
Trd, 4318199.793, 140
Trd, 4318200.393, 136
Trd, 4318200.693, 140
Trd, 4318200.993, 140
Trd, 4318201.643, 140
Trd, 4318202.793, 140
Trd, 4318203.393, 140
Trd, 4318204.643, 140
Trd, 4318205.943, 140
Trd, 4318206.043, 140
Trd, 4318206.193, 140
Trd, 4318206.493, 140
Trd, 4318207.893, 140
Trd, 4318209.443, 140
Trd, 4318209.593, 140
Trd, 4318210.193, 140
Trd, 4318210.343, 140
Trd, 4318210.543, 140
Trd, 4318211.293, 140
Trd, 4318211.793, 140
Trd, 4318212.343, 139
Trd, 4318212.843, 138
Trd, 4318214.643, 140
Trd, 4318214.993, 140
Trd, 4318215.943, 140
Trd, 4318217.793, 140
Trd, 4318218.793, 140
Trd, 4318218.893, 140
Trd, 4318219.293, 140
Trd, 4318219.693, 140
Trd, 4318220.193, 140
Trd, 4318220.243, 140
Trd, 4318221.543, 140
Trd, 4318222.143, 140
Trd, 4318222.543, 139
Trd, 4318222.943, 122
Trd, 4318225.043, 60
Trd, 4318225.643, 60
Trd, 4318225.743, 60
Trd, 4318225.993, 61
Trd, 4318227.543, 60
Trd, 4318227.743, 61
Trd, 4318228.493, 60
Trd, 4318229.193, 60
Trd, 4318229.443, 61
Trd, 4318230.043, 60
Trd, 4318230.093, 73
Trd, 4318230.793, 140
Trd, 4318230.943, 139
Trd, 4318231.343, 60
Trd, 4318231.693, 60
Trd, 4318231.993, 67
Trd, 4318234.093, 64
Trd, 4318235.343, 61
Trd, 4318236.193, 61
Trd, 4318236.993, 60
Trd, 4318237.543, 61
Trd, 4318238.393, 60
Trd, 4318238.943, 60
Trd, 4318239.043, 61
Trd, 4318240.293, 60
Trd, 4318240.393, 61
Trd, 4318240.443, 61
Trd, 4318241.793, 63
Trd, 4318242.393, 60
Trd, 4318242.493, 60
Trd, 4318243.193, 62
Trd, 4318243.843, 64
Trd, 4318244.043, 65
Trd, 4318244.393, 63
Trd, 4318246.443, 63
Trd, 4318246.943, 66
Trd, 4318247.393, 62
Trd, 4318247.643, 60
Trd, 4318247.843, 75
Trd, 4318248.793, 60
Trd, 4318249.793, 60
Trd, 4318252.043, 60
Trd, 4318252.143, 72
Trd, 4318252.193, 72
Trd, 4318252.593, 139
Trd, 4318253.243, 60
Trd, 4318255.793, 60
Trd, 4318256.043, 60
Trd, 4318256.343, 60
Trd, 4318256.493, 62
Trd, 4318256.993, 61
Trd, 4318257.843, 61
Trd, 4318258.443, 60
Trd, 4318258.943, 65
Trd, 4318259.443, 60
Trd, 4318259.543, 66
Trd, 4318260.993, 62
Trd, 4318261.343, 62
Trd, 4318262.143, 60
Trd, 4318262.643, 63
Trd, 4318263.093, 65
Trd, 4318263.643, 61
Trd, 4318264.293, 61
Trd, 4318264.593, 61
Trd, 4318264.993, 67
Trd, 4318265.443, 60
Trd, 4318266.693, 63
Trd, 4318266.793, 66
Trd, 4318269.143, 60
Trd, 4318269.343, 61
Trd, 4318269.893, 60
Trd, 4318270.143, 78
Trd, 4318270.293, 79
Trd, 4318271.543, 60
Trd, 4318271.743, 66
Trd, 4318272.643, 61
Trd, 4318273.043, 140
Trd, 4318274.693, 61
Trd, 4318275.043, 66
Trd, 4318275.793, 136
Trd, 4318276.193, 63
Trd, 4318276.493, 62
Trd, 4318277.043, 61
Trd, 4318278.043, 60
Trd, 4318279.093, 64
Trd, 4318279.543, 60
Trd, 4318279.593, 60
Trd, 4318280.243, 62
Trd, 4318280.443, 62
Trd, 4318281.993, 60
Trd, 4318282.443, 60
Trd, 4318282.893, 62
Trd, 4318283.593, 140
Trd, 4318284.043, 112
Trd, 4318285.143, 140
Trd, 4318285.243, 140
Trd, 4318286.393, 140
Trd, 4318286.643, 140
Trd, 4318286.693, 139
Trd, 4318286.843, 122
Trd, 4318288.143, 140
Trd, 4318289.243, 140
Trd, 4318290.193, 140
Trd, 4318290.443, 140
Trd, 4318290.743, 140
Trd, 4318291.893, 140
Trd, 4318292.893, 140
Trd, 4318292.943, 140
Trd, 4318293.843, 139
Trd, 4318293.893, 139
Trd, 4318294.493, 138
Trd, 4318295.643, 63
Trd, 4318295.943, 63
Trd, 4318296.093, 64
Trd, 4318297.643, 140
Trd, 4318298.493, 140
Trd, 4318298.543, 140
Trd, 4318299.343, 140
Trd, 4318299.793, 140
Trd, 4318299.893, 140
Trd, 4318300.193, 138
Trd, 4318302.393, 140
Trd, 4318303.743, 140
Trd, 4318304.143, 140
Trd, 4318304.393, 140
Trd, 4318305.043, 140
Trd, 4318306.443, 140
Trd, 4318307.243, 140
Trd, 4318307.993, 140
Trd, 4318309.243, 140
Trd, 4318309.343, 140
Trd, 4318309.693, 140
Trd, 4318309.793, 140
Trd, 4318310.843, 140
Trd, 4318312.193, 140
Trd, 4318313.043, 140
Trd, 4318313.193, 130
Trd, 4318313.943, 133
Trd, 4318314.793, 62
Trd, 4318315.193, 61
Trd, 4318315.893, 63
Trd, 4318316.793, 64
Trd, 4318317.193, 64
Trd, 4318317.293, 66
Trd, 4318317.343, 102
Trd, 4318317.693, 60
Trd, 4318318.143, 64
Trd, 4318319.093, 61
Trd, 4318320.243, 60
Trd, 4318320.893, 69
Trd, 4318321.443, 139
Trd, 4318321.493, 127
Trd, 4318322.743, 140
Trd, 4318322.893, 140
Trd, 4318323.393, 60
Trd, 4318324.143, 67
Trd, 4318324.693, 60
Trd, 4318325.643, 61
Trd, 4318326.443, 60
Trd, 4318327.043, 60
Trd, 4318327.293, 60
Trd, 4318327.543, 60
Trd, 4318328.143, 63
Trd, 4318328.593, 62
Trd, 4318329.843, 62
Trd, 4318330.293, 60
Trd, 4318331.043, 67
Trd, 4318331.843, 63
Trd, 4318332.793, 64
Trd, 4318333.343, 60
Trd, 4318333.843, 60
Trd, 4318335.893, 60
Trd, 4318336.093, 60
Trd, 4318336.443, 63
Trd, 4318336.943, 62
Trd, 4318337.893, 60
Trd, 4318338.393, 60
Trd, 4318338.443, 61
Trd, 4318339.843, 60
Trd, 4318340.243, 60
Trd, 4318340.943, 60
Trd, 4318341.343, 65
Trd, 4318341.743, 67
Trd, 4318344.743, 60
Trd, 4318345.493, 60
Trd, 4318346.493, 60
Trd, 4318347.643, 61
Trd, 4318347.793, 61
Trd, 4318348.193, 68
Trd, 4318348.493, 62
Trd, 4318349.293, 61
Trd, 4318350.443, 60
Trd, 4318350.843, 60
Trd, 4318351.093, 62
Trd, 4318351.243, 67
Trd, 4318351.293, 60
Trd, 4318351.443, 67
Trd, 4318352.593, 71
Trd, 4318353.543, 60
Trd, 4318353.893, 61
Trd, 4318354.543, 62
Trd, 4318355.643, 60
Trd, 4318356.343, 61
Trd, 4318357.043, 140
Trd, 4318357.993, 135
Trd, 4318358.393, 133
Trd, 4318359.243, 61
Trd, 4318360.543, 60
Trd, 4318361.293, 60
Trd, 4318361.343, 60
Trd, 4318361.493, 72
Trd, 4318362.243, 61
Trd, 4318362.343, 63
Trd, 4318362.843, 60
Trd, 4318365.043, 60
Trd, 4318365.893, 62
Trd, 4318366.143, 62
Trd, 4318366.343, 61
Trd, 4318366.793, 64
Trd, 4318368.343, 61
Trd, 4318368.393, 62
Trd, 4318368.993, 68
Trd, 4318369.143, 69
Trd, 4318371.693, 60
Trd, 4318372.393, 60
Trd, 4318372.543, 60
Trd, 4318372.593, 62
Trd, 4318373.443, 63
Trd, 4318373.643, 63
Trd, 4318373.793, 63
Trd, 4318375.293, 61
Trd, 4318375.943, 62
Trd, 4318376.393, 75
Trd, 4318376.743, 62
Trd, 4318377.393, 139
Trd, 4318377.743, 139
Trd, 4318377.993, 139
Trd, 4318378.693, 140
Trd, 4318380.293, 138
Trd, 4318381.143, 140
Trd, 4318381.493, 140
Trd, 4318382.443, 140
Trd, 4318383.243, 140
Trd, 4318383.343, 140
Trd, 4318384.243, 139
Trd, 4318384.793, 139
Trd, 4318387.843, 140
Trd, 4318388.643, 140
Trd, 4318388.743, 140
Trd, 4318388.993, 140
Trd, 4318389.193, 140
Trd, 4318389.293, 140
Trd, 4318389.843, 140
Trd, 4318390.343, 138
Trd, 4318390.393, 138
Trd, 4318392.243, 140
Trd, 4318392.443, 139
Trd, 4318392.643, 140
Trd, 4318392.943, 137
Trd, 4318394.143, 116
Trd, 4318394.943, 140
Trd, 4318395.143, 139
Trd, 4318395.893, 140
Trd, 4318396.443, 138
Trd, 4318397.543, 138
Trd, 4318397.743, 140
Trd, 4318399.043, 140
Trd, 4318400.143, 140
Trd, 4318400.793, 140
Trd, 4318401.493, 140
Trd, 4318401.543, 140
Trd, 4318402.543, 140
Trd, 4318403.843, 140
Trd, 4318404.593, 140
Trd, 4318404.993, 140
Trd, 4318406.243, 140
Trd, 4318406.543, 140
Trd, 4318407.293, 139
Trd, 4318408.693, 139
Trd, 4318408.993, 140
Trd, 4318409.093, 139
Trd, 4318409.393, 139
Trd, 4318410.593, 138
Trd, 4318410.943, 140
Trd, 4318412.293, 140
Trd, 4318413.243, 140
Trd, 4318414.393, 140
Trd, 4318414.443, 140
Trd, 4318414.793, 140
Trd, 4318414.943, 139
Trd, 4318417.093, 140
Trd, 4318418.193, 140
Trd, 4318418.243, 140
Trd, 4318419.343, 140
Trd, 4318419.643, 140
Trd, 4318420.493, 139
Trd, 4318421.243, 140
Trd, 4318421.593, 140
Trd, 4318421.743, 140
Trd, 4318422.243, 140
Trd, 4318424.243, 140
Trd, 4318424.443, 140
Trd, 4318424.793, 140
Trd, 4318426.193, 140
Trd, 4318426.293, 140
Trd, 4318426.943, 140
Trd, 4318427.043, 140
Trd, 4318427.893, 140
Trd, 4318428.993, 139
Trd, 4318429.543, 140
Trd, 4318430.543, 140
Trd, 4318430.643, 140
Trd, 4318431.643, 140
Trd, 4318431.693, 139
Trd, 4318432.643, 140
Trd, 4318434.143, 140
Trd, 4318434.193, 139
Trd, 4318434.793, 140
Trd, 4318435.143, 140
Trd, 4318435.943, 140
Trd, 4318436.543, 139
Trd, 4318437.343, 139
Trd, 4318437.743, 138
Trd, 4318438.643, 140
Trd, 4318438.843, 140
Trd, 4318439.193, 140
Trd, 4318439.543, 130
Trd, 4318440.643, 61
Trd, 4318441.843, 140
Trd, 4318442.993, 140
Trd, 4318443.593, 140
Trd, 4318445.493, 140
Trd, 4318445.693, 140
Trd, 4318445.843, 140
Trd, 4318446.393, 140
Trd, 4318446.743, 140
Trd, 4318447.193, 125
Trd, 4318447.843, 139
Trd, 4318448.293, 140
Trd, 4318450.143, 140
Trd, 4318451.093, 140
Trd, 4318451.193, 140
Trd, 4318452.093, 140
Trd, 4318452.843, 140
Trd, 4318453.643, 140
Trd, 4318453.793, 140
Trd, 4318454.143, 140
Trd, 4318454.743, 140
Trd, 4318456.143, 140
Trd, 4318456.293, 140
Trd, 4318457.143, 140
Trd, 4318457.443, 140
Trd, 4318457.543, 140
Trd, 4318458.543, 139
Trd, 4318459.993, 140
Trd, 4318460.693, 140
Trd, 4318460.743, 140
Trd, 4318460.793, 140
Trd, 4318461.793, 140
Trd, 4318463.593, 139
Trd, 4318464.243, 140
Trd, 4318464.393, 139
Trd, 4318465.093, 138
Trd, 4318465.843, 138
Trd, 4318466.243, 140
Trd, 4318466.943, 140
Trd, 4318467.043, 140
Trd, 4318467.893, 137
Trd, 4318469.043, 140
Trd, 4318469.243, 140
Trd, 4318469.893, 140
Trd, 4318470.543, 140
Trd, 4318470.943, 138
Trd, 4318471.843, 140
Trd, 4318472.193, 140
Trd, 4318473.293, 140
Trd, 4318474.543, 140
Trd, 4318475.643, 140
Trd, 4318476.193, 140
Trd, 4318476.693, 140
Trd, 4318477.543, 140
Trd, 4318478.193, 140
Trd, 4318478.843, 140
Trd, 4318479.593, 140
Trd, 4318480.543, 140
Trd, 4318481.193, 140
Trd, 4318482.893, 140
Trd, 4318482.993, 140
Trd, 4318483.493, 140
Trd, 4318483.593, 139
Trd, 4318483.793, 140
Trd, 4318486.193, 140
Trd, 4318486.843, 140
Trd, 4318487.043, 140
Trd, 4318487.193, 138
Trd, 4318487.293, 96
Trd, 4318487.543, 127
Trd, 4318489.293, 140
Trd, 4318490.193, 139
Trd, 4318490.993, 138
Trd, 4318491.343, 139
Trd, 4318491.743, 140
Trd, 4318493.543, 140
Trd, 4318493.593, 139
Trd, 4318493.993, 138
Trd, 4318494.543, 138
Trd, 4318494.793, 117
Trd, 4318494.843, 117
Trd, 4318495.993, 138
Trd, 4318496.193, 138
Trd, 4318496.443, 140
Trd, 4318497.593, 140
Trd, 4318498.343, 140
Trd, 4318499.543, 140
Trd, 4318500.643, 140
Trd, 4318501.543, 140
Trd, 4318501.943, 137
Trd, 4318502.643, 140
Trd, 4318502.793, 139
Trd, 4318503.743, 140
Trd, 4318505.043, 140
Trd, 4318506.093, 140
Trd, 4318506.343, 140
Trd, 4318506.443, 140
Trd, 4318508.143, 140
Trd, 4318508.643, 140
Trd, 4318509.943, 140
Trd, 4318510.193, 140
Trd, 4318510.393, 140
Trd, 4318510.493, 139
Trd, 4318510.643, 140
Trd, 4318511.043, 138
Trd, 4318511.393, 139
Trd, 4318511.743, 137
Trd, 4318512.043, 97
Trd, 4318513.043, 105
Trd, 4318513.493, 60
Trd, 4318514.543, 60
Trd, 4318515.393, 60
Trd, 4318515.543, 60
Trd, 4318515.643, 61
Trd, 4318515.843, 76
Trd, 4318518.293, 60
Trd, 4318518.693, 60
Trd, 4318518.793, 61
Trd, 4318519.893, 62
Trd, 4318520.393, 64
Trd, 4318520.993, 65
Trd, 4318521.143, 63
Trd, 4318521.443, 60
Trd, 4318522.193, 60
Trd, 4318523.093, 61
Trd, 4318524.793, 60
Trd, 4318524.843, 63
Trd, 4318524.893, 64
Trd, 4318525.843, 60
Trd, 4318526.593, 60
Trd, 4318526.843, 65
Trd, 4318527.243, 65
Trd, 4318527.543, 61
Trd, 4318528.443, 64
Trd, 4318530.843, 60
Trd, 4318531.443, 61
Trd, 4318531.943, 61
Trd, 4318532.093, 64
Trd, 4318532.543, 64
Trd, 4318532.643, 73
Trd, 4318532.943, 136
Trd, 4318534.593, 60
Trd, 4318535.143, 61
Trd, 4318535.543, 60
Trd, 4318535.893, 60
Trd, 4318536.993, 60
Trd, 4318537.043, 62
Trd, 4318538.193, 61
Trd, 4318538.593, 71
Trd, 4318539.993, 60
Trd, 4318540.643, 60
Trd, 4318541.193, 61
Trd, 4318541.693, 63
Trd, 4318542.443, 63
Trd, 4318542.493, 64
Trd, 4318542.793, 60
Trd, 4318545.093, 140
Trd, 4318546.193, 140
Trd, 4318546.693, 140
Trd, 4318546.893, 140
Trd, 4318546.993, 140
Trd, 4318547.543, 140
Trd, 4318547.593, 140
Trd, 4318548.293, 140
Trd, 4318548.343, 140
Trd, 4318548.993, 140
Trd, 4318549.743, 140
Trd, 4318551.293, 140
Trd, 4318551.893, 138
Trd, 4318551.943, 138
Trd, 4318553.093, 140
Trd, 4318553.143, 139
Trd, 4318553.293, 138
Trd, 4318553.793, 140
Trd, 4318553.943, 135
Trd, 4318555.243, 140
Trd, 4318556.293, 140
Trd, 4318556.593, 114
Trd, 4318557.243, 140
Trd, 4318557.993, 113
Trd, 4318558.993, 140
Trd, 4318559.393, 139
Trd, 4318560.793, 140
Trd, 4318561.393, 140
Trd, 4318562.143, 139
Trd, 4318562.543, 140
Trd, 4318562.793, 140
Trd, 4318563.293, 139
Trd, 4318565.193, 140
Trd, 4318565.343, 140
Trd, 4318565.943, 139
Trd, 4318567.743, 140
Trd, 4318567.993, 140
Trd, 4318568.343, 140
Trd, 4318568.743, 140
Trd, 4318568.893, 139
Trd, 4318569.643, 139
Trd, 4318570.543, 140
Trd, 4318570.843, 139
Trd, 4318571.293, 138
Trd, 4318571.643, 129
Trd, 4318571.693, 122
Trd, 4318572.093, 60
Trd, 4318572.893, 61
Trd, 4318574.043, 66
Trd, 4318574.993, 66
Trd, 4318576.093, 64
Trd, 4318576.443, 62
Trd, 4318576.793, 73
Trd, 4318577.793, 60
Trd, 4318579.093, 61
Trd, 4318579.143, 61
Trd, 4318580.093, 67
Trd, 4318580.843, 61
Trd, 4318581.043, 62
Trd, 4318581.493, 63
Trd, 4318581.943, 71
Trd, 4318582.393, 60
Trd, 4318582.693, 61
Trd, 4318583.993, 61
Trd, 4318584.643, 64
Trd, 4318584.843, 68
Trd, 4318585.993, 68
Trd, 4318586.743, 60
Trd, 4318587.843, 60
Trd, 4318588.243, 60
Trd, 4318588.393, 60
Trd, 4318588.543, 61
Trd, 4318589.643, 60
Trd, 4318590.243, 66
Trd, 4318591.293, 60
Trd, 4318591.693, 61
Trd, 4318592.893, 66
Trd, 4318593.193, 62
Trd, 4318593.893, 60
Trd, 4318594.643, 69
Trd, 4318595.093, 65
Trd, 4318595.143, 64
Trd, 4318595.293, 81
Trd, 4318595.743, 140
Trd, 4318595.843, 138
Trd, 4318596.943, 67
Trd, 4318597.943, 140
Trd, 4318598.143, 67
Trd, 4318598.893, 68
Trd, 4318598.943, 65
Trd, 4318599.043, 70
Trd, 4318599.793, 61
Trd, 4318601.293, 60
Trd, 4318601.793, 60
Trd, 4318601.893, 60
Trd, 4318603.743, 60
Trd, 4318603.793, 60
Trd, 4318604.043, 62
Trd, 4318604.793, 62
Trd, 4318606.243, 60
Trd, 4318606.393, 61
Trd, 4318606.593, 60
Trd, 4318607.793, 60
Trd, 4318608.343, 60
Trd, 4318608.493, 61
Trd, 4318608.843, 64
Trd, 4318610.693, 60
Trd, 4318611.543, 60
Trd, 4318611.743, 60
Trd, 4318612.543, 60
Trd, 4318612.743, 60
Trd, 4318613.393, 63
Trd, 4318613.743, 60
Trd, 4318614.143, 127
Trd, 4318615.043, 60
Trd, 4318615.593, 60
Trd, 4318616.343, 61
Trd, 4318617.843, 60
Trd, 4318618.043, 60
Trd, 4318618.693, 60
Trd, 4318619.443, 65
Trd, 4318620.243, 62
Trd, 4318620.293, 66
Trd, 4318621.993, 60
Trd, 4318622.243, 62
Trd, 4318622.893, 60
Trd, 4318622.943, 63
Trd, 4318623.443, 64
Trd, 4318624.593, 63
Trd, 4318625.243, 60
Trd, 4318627.443, 60
Trd, 4318628.093, 60
Trd, 4318628.543, 60
Trd, 4318628.593, 62
Trd, 4318628.643, 64
Trd, 4318629.093, 60
Trd, 4318629.643, 60
Trd, 4318629.943, 60
Trd, 4318631.293, 60
Trd, 4318632.343, 60
Trd, 4318634.043, 60
Trd, 4318634.093, 60
Trd, 4318634.643, 62
Trd, 4318634.943, 60
Trd, 4318635.443, 65
Trd, 4318635.693, 62
Trd, 4318636.093, 66
Trd, 4318636.393, 65
Trd, 4318637.493, 61
Trd, 4318637.843, 68
Trd, 4318638.043, 69
Trd, 4318638.143, 69
Trd, 4318639.243, 140
Trd, 4318640.043, 140
Trd, 4318640.443, 139
Trd, 4318641.543, 140
Trd, 4318642.493, 140
Trd, 4318643.043, 140
Trd, 4318644.393, 140
Trd, 4318644.643, 140
Trd, 4318644.943, 140
Trd, 4318645.143, 76
Trd, 4318647.043, 140
Trd, 4318647.343, 140
Trd, 4318648.143, 140
Trd, 4318648.893, 140
Trd, 4318650.043, 140
Trd, 4318651.393, 140
Trd, 4318652.693, 140
Trd, 4318652.993, 140
Trd, 4318653.793, 140
Trd, 4318655.443, 140
Trd, 4318655.543, 140
Trd, 4318655.843, 140
Trd, 4318656.393, 140
Trd, 4318656.443, 139
Trd, 4318656.643, 138
Trd, 4318656.993, 140
Trd, 4318657.143, 129
Trd, 4318657.393, 128
Trd, 4318658.843, 138
Trd, 4318659.743, 140
Trd, 4318659.943, 140
Trd, 4318660.443, 106
Trd, 4318662.043, 140
Trd, 4318662.543, 140
Trd, 4318662.943, 136
Trd, 4318664.143, 140
Trd, 4318665.043, 140
Trd, 4318666.243, 140
Trd, 4318667.593, 140
Trd, 4318667.643, 140
Trd, 4318668.143, 140
Trd, 4318668.593, 140
Trd, 4318669.893, 140
Trd, 4318670.493, 140
Trd, 4318671.343, 140
Trd, 4318671.693, 140
Trd, 4318671.743, 139
Trd, 4318671.843, 128
Trd, 4318672.443, 61
Trd, 4318673.043, 63
Trd, 4318674.693, 60
Trd, 4318675.243, 60
Trd, 4318675.593, 60
Trd, 4318675.843, 60
Trd, 4318676.143, 60
Trd, 4318676.443, 65
Trd, 4318677.643, 132
Trd, 4318677.943, 132
Trd, 4318678.293, 61
Trd, 4318679.143, 63
Trd, 4318679.743, 139
Trd, 4318680.293, 62
Trd, 4318680.443, 140
Trd, 4318680.793, 78
Trd, 4318682.293, 62
Trd, 4318683.393, 63
Trd, 4318684.343, 140
Trd, 4318684.943, 140
Trd, 4318686.343, 140
Trd, 4318686.493, 140
Trd, 4318686.543, 140
Trd, 4318687.143, 140
Trd, 4318687.993, 139
Trd, 4318688.093, 137
Trd, 4318689.443, 140
Trd, 4318690.243, 140
Trd, 4318690.743, 140
Trd, 4318691.593, 140
Trd, 4318692.193, 140
Trd, 4318692.743, 140
Trd, 4318693.543, 140
Trd, 4318694.493, 140
Trd, 4318695.043, 140
Trd, 4318695.143, 140
Trd, 4318695.443, 140
Trd, 4318696.093, 140
Trd, 4318697.593, 140
Trd, 4318697.693, 140
Trd, 4318698.943, 140
Trd, 4318699.243, 139
Trd, 4318699.693, 139
Trd, 4318699.893, 139
Trd, 4318700.643, 136
Trd, 4318701.043, 132
Trd, 4318701.793, 140
Trd, 4318702.943, 140
Trd, 4318703.693, 140
Trd, 4318703.993, 140
Trd, 4318704.843, 140
Trd, 4318706.293, 140
Trd, 4318707.043, 140
Trd, 4318708.143, 140
Trd, 4318709.243, 140
Trd, 4318709.293, 140
Trd, 4318709.443, 140
Trd, 4318710.893, 140
Trd, 4318711.343, 140
Trd, 4318713.143, 140
Trd, 4318713.843, 140
Trd, 4318713.893, 140
Trd, 4318714.243, 140
Trd, 4318714.443, 140
Trd, 4318715.543, 140
Trd, 4318716.393, 140
Trd, 4318717.293, 140
Trd, 4318717.543, 140
Trd, 4318719.743, 140
Trd, 4318720.243, 140
Trd, 4318720.743, 140
Trd, 4318720.943, 140
Trd, 4318722.243, 140
Trd, 4318722.693, 140
Trd, 4318723.093, 140
Trd, 4318723.193, 140
Trd, 4318723.943, 140
Trd, 4318725.293, 140
Trd, 4318725.393, 140
Trd, 4318726.243, 139
Trd, 4318726.393, 138
Trd, 4318728.393, 140
Trd, 4318728.543, 140
Trd, 4318728.593, 139
Trd, 4318729.043, 132
Trd, 4318729.543, 121
Trd, 4318730.193, 139
Trd, 4318730.843, 138
Trd, 4318731.193, 140
Trd, 4318733.243, 140
Trd, 4318733.293, 136
Trd, 4318734.093, 137
Trd, 4318734.693, 140
Trd, 4318735.493, 138
Trd, 4318735.943, 140
Trd, 4318737.143, 140
Trd, 4318737.793, 140
Trd, 4318738.193, 140
Trd, 4318738.743, 139
Trd, 4318738.943, 138
Trd, 4318740.393, 140
Trd, 4318740.843, 140
Trd, 4318741.093, 139
Trd, 4318741.743, 140
Trd, 4318742.893, 139
Trd, 4318743.793, 140
Trd, 4318745.043, 140
Trd, 4318745.193, 139
Trd, 4318745.893, 138
Trd, 4318746.293, 139
Trd, 4318747.193, 140
Trd, 4318747.743, 140
Trd, 4318749.243, 140
Trd, 4318749.543, 140
Trd, 4318749.893, 140
Trd, 4318749.943, 138
Trd, 4318750.493, 126
Trd, 4318750.943, 97
Trd, 4318751.393, 139
Trd, 4318752.243, 140
Trd, 4318753.093, 140
Trd, 4318753.843, 140
Trd, 4318754.543, 140
Trd, 4318754.643, 139
Trd, 4318755.343, 137
Trd, 4318755.893, 133
Trd, 4318756.293, 137
Trd, 4318757.093, 140
Trd, 4318757.893, 140
Trd, 4318757.943, 140
Trd, 4318758.293, 130
Trd, 4318759.593, 139
Trd, 4318760.543, 134
Trd, 4318761.393, 140
Trd, 4318763.043, 140
Trd, 4318763.143, 140
Trd, 4318763.443, 140
Trd, 4318764.043, 139
Trd, 4318764.593, 137
Trd, 4318764.693, 135
Trd, 4318765.243, 139
Trd, 4318766.293, 139
Trd, 4318766.943, 140
Trd, 4318767.093, 139
Trd, 4318768.743, 139
Trd, 4318768.943, 139
Trd, 4318769.643, 138
Trd, 4318770.493, 140
Trd, 4318770.643, 135
Trd, 4318771.743, 140
Trd, 4318772.243, 140
Trd, 4318772.593, 139
Trd, 4318773.343, 139
Trd, 4318773.593, 133
Trd, 4318774.793, 138
Trd, 4318775.743, 138
Trd, 4318776.993, 140
Trd, 4318777.093, 140
Trd, 4318777.643, 140
Trd, 4318778.443, 140
Trd, 4318778.643, 140
Trd, 4318779.043, 123
Trd, 4318779.893, 140
Trd, 4318782.043, 140
Trd, 4318783.193, 140
Trd, 4318784.143, 140
Trd, 4318785.093, 140
Trd, 4318785.543, 140
Trd, 4318785.593, 140
Trd, 4318786.843, 140
Trd, 4318787.493, 140
Trd, 4318788.043, 140
Trd, 4318788.693, 140
Trd, 4318788.793, 140
Trd, 4318788.943, 140
Trd, 4318789.343, 140
Trd, 4318791.393, 140
Trd, 4318792.343, 140
Trd, 4318793.043, 140
Trd, 4318793.193, 140
Trd, 4318793.593, 140
Trd, 4318795.043, 140
Trd, 4318795.243, 140
Trd, 4318795.343, 139
Trd, 4318795.843, 138
Trd, 4318795.893, 134
Trd, 4318796.643, 138
Trd, 4318797.593, 116
Trd, 4318798.343, 139
Trd, 4318798.693, 134
Trd, 4318799.493, 140
Trd, 4318800.643, 140
Trd, 4318803.143, 140
Trd, 4318804.343, 140
Trd, 4318805.043, 140
Trd, 4318805.443, 139
Trd, 4318805.593, 139
Trd, 4318806.043, 140
Trd, 4318806.343, 139
Trd, 4318807.793, 140
Trd, 4318807.943, 140
Trd, 4318808.043, 139
Trd, 4318808.193, 139
Trd, 4318809.243, 130
Trd, 4318809.643, 132
Trd, 4318809.843, 132
Trd, 4318809.993, 128
Trd, 4318811.193, 140
Trd, 4318811.443, 138
Trd, 4318812.693, 124
Trd, 4318813.443, 140
Trd, 4318813.643, 140
Trd, 4318814.293, 138
Trd, 4318815.743, 140
Trd, 4318815.893, 140
Trd, 4318816.993, 140
Trd, 4318817.393, 140
Trd, 4318817.993, 140
Trd, 4318818.043, 140
Trd, 4318818.543, 140
Trd, 4318818.893, 132
Trd, 4318818.993, 93
Trd, 4318819.943, 140
Trd, 4318820.643, 140
Trd, 4318822.543, 140
Trd, 4318822.593, 138
Trd, 4318823.143, 61
Trd, 4318824.293, 60
Trd, 4318824.593, 63
Trd, 4318824.643, 78
Trd, 4318825.193, 60
Trd, 4318825.443, 61
Trd, 4318825.993, 65
Trd, 4318827.293, 140
Trd, 4318828.293, 140
Trd, 4318828.343, 140
Trd, 4318829.243, 140
Trd, 4318830.593, 140
Trd, 4318831.293, 140
Trd, 4318831.643, 140
Trd, 4318832.043, 140
Trd, 4318832.893, 138
Trd, 4318832.993, 137
Trd, 4318833.943, 140
Trd, 4318834.143, 121
Trd, 4318835.593, 140
Trd, 4318835.693, 140
Trd, 4318836.593, 140
Trd, 4318837.993, 140
Trd, 4318838.143, 140
Trd, 4318839.893, 140
Trd, 4318840.043, 139
Trd, 4318840.393, 140
Trd, 4318841.043, 139
Trd, 4318841.293, 138
Trd, 4318841.493, 128
Trd, 4318842.293, 140
Trd, 4318844.743, 140
Trd, 4318845.243, 140
Trd, 4318845.793, 139
Trd, 4318845.993, 139
Trd, 4318846.243, 138
Trd, 4318846.643, 131
Trd, 4318848.093, 140
Trd, 4318848.693, 140
Trd, 4318850.543, 140
Trd, 4318850.743, 140
Trd, 4318851.343, 119
Trd, 4318851.443, 98
Trd, 4318852.493, 140
Trd, 4318852.643, 140
Trd, 4318853.293, 140
Trd, 4318854.243, 140
Trd, 4318854.893, 139
Trd, 4318855.593, 140
Trd, 4318856.943, 140
Trd, 4318857.193, 140
Trd, 4318857.543, 140
Trd, 4318857.843, 140
Trd, 4318858.793, 140
Trd, 4318859.093, 140
Trd, 4318860.293, 140
Trd, 4318860.993, 140
Trd, 4318861.693, 140
Trd, 4318862.243, 64
Trd, 4318863.243, 64
Trd, 4318863.693, 60
Trd, 4318864.243, 60
Trd, 4318864.293, 65
Trd, 4318864.993, 139
Trd, 4318865.143, 137
Trd, 4318865.693, 140
Trd, 4318866.543, 140
Trd, 4318866.643, 140
Trd, 4318867.693, 139
Trd, 4318868.493, 140
Trd, 4318869.043, 140
Trd, 4318869.093, 138
Trd, 4318870.643, 137
Trd, 4318870.943, 135
Trd, 4318871.593, 140
Trd, 4318872.793, 140
Trd, 4318873.793, 140
Trd, 4318874.493, 140
Trd, 4318874.743, 140
Trd, 4318875.393, 140
Trd, 4318875.793, 140
Trd, 4318875.943, 140
Trd, 4318876.293, 139
Trd, 4318877.543, 140
Trd, 4318877.793, 140
Trd, 4318878.593, 140
Trd, 4318879.193, 140
Trd, 4318879.293, 138
Trd, 4318880.093, 139
Trd, 4318880.493, 140
Trd, 4318881.143, 140
Trd, 4318881.243, 132
Trd, 4318881.893, 68
Trd, 4318883.943, 140
Trd, 4318885.143, 140
Trd, 4318885.693, 140
Trd, 4318886.243, 140
Trd, 4318886.593, 140
Trd, 4318886.943, 140
Trd, 4318888.193, 140
Trd, 4318889.543, 140
Trd, 4318890.093, 140
Trd, 4318890.543, 140
Trd, 4318891.043, 140
Trd, 4318891.293, 140
Trd, 4318891.893, 139
Trd, 4318892.893, 140
Trd, 4318893.243, 140
Trd, 4318893.443, 140
Trd, 4318893.593, 140
Trd, 4318894.293, 137
Trd, 4318895.143, 137
Trd, 4318896.493, 140
Trd, 4318897.043, 125
Trd, 4318898.693, 140
Trd, 4318899.143, 140
Trd, 4318900.093, 140
Trd, 4318900.243, 138
Trd, 4318900.993, 96
Trd, 4318902.093, 66
Trd, 4318903.043, 64
Trd, 4318903.443, 62
Trd, 4318903.843, 61
Trd, 4318904.293, 138
Trd, 4318904.493, 62
Trd, 4318905.593, 140
Trd, 4318906.393, 140
Trd, 4318906.693, 140
Trd, 4318907.693, 140
Trd, 4318908.243, 140
Trd, 4318908.443, 140
Trd, 4318909.593, 140
Trd, 4318909.643, 139
Trd, 4318909.943, 127
Trd, 4318910.393, 138
Trd, 4318910.943, 139
Trd, 4318911.243, 140
Trd, 4318913.043, 140
Trd, 4318914.393, 140
Trd, 4318914.943, 140
Trd, 4318915.093, 140
Trd, 4318916.293, 140
Trd, 4318916.843, 140
Trd, 4318917.343, 140
Trd, 4318919.043, 140
Trd, 4318919.543, 140
Trd, 4318919.593, 140
Trd, 4318920.243, 140
Trd, 4318920.543, 140
Trd, 4318922.243, 140
Trd, 4318922.343, 139
Trd, 4318922.693, 112
Trd, 4318923.393, 140
Trd, 4318924.493, 140
Trd, 4318924.593, 140
Trd, 4318925.793, 140
Trd, 4318926.643, 140
Trd, 4318926.693, 140
Trd, 4318928.093, 140
Trd, 4318928.443, 140
Trd, 4318928.743, 140
Trd, 4318928.893, 140
Trd, 4318930.443, 140
Trd, 4318931.593, 140
Trd, 4318932.193, 140
Trd, 4318932.643, 140
Trd, 4318934.293, 140
Trd, 4318934.593, 140
Trd, 4318935.743, 140
Trd, 4318936.443, 140
Trd, 4318936.893, 140
Trd, 4318938.143, 140
Trd, 4318938.793, 140
Trd, 4318939.893, 140
Trd, 4318940.093, 140
Trd, 4318940.993, 140
Trd, 4318941.093, 140
Trd, 4318942.893, 140
Trd, 4318943.043, 140
Trd, 4318943.743, 139
Trd, 4318944.243, 140
Trd, 4318944.693, 140
Trd, 4318946.193, 140
Trd, 4318947.243, 140
Trd, 4318947.443, 140
Trd, 4318947.493, 139
Trd, 4318947.793, 139
Trd, 4318948.643, 140
Trd, 4318948.793, 140
Trd, 4318949.143, 137
Trd, 4318949.943, 90
Trd, 4318950.193, 89
Trd, 4318951.643, 133
Trd, 4318952.243, 140
Trd, 4318952.693, 140
Trd, 4318952.743, 140
Trd, 4318953.093, 131
Trd, 4318953.643, 135
Trd, 4318954.193, 139
Trd, 4318954.393, 123
Trd, 4318955.793, 61
Trd, 4318956.043, 64
Trd, 4318956.443, 67
Trd, 4318957.293, 94
Trd, 4318957.743, 140
Trd, 4318959.343, 140
Trd, 4318959.893, 140
Trd, 4318960.193, 139
Trd, 4318960.593, 140
Trd, 4318960.993, 140
Trd, 4318961.793, 140
Trd, 4318962.443, 139
Trd, 4318963.443, 140
Trd, 4318963.693, 140
Trd, 4318964.693, 140
Trd, 4318964.943, 138
Trd, 4318966.193, 139
Trd, 4318966.643, 138
Trd, 4318966.693, 134
Trd, 4318967.543, 140
Trd, 4318968.093, 132
Trd, 4318968.343, 140
Trd, 4318969.793, 138
Trd, 4318970.343, 140
Trd, 4318971.143, 140
Trd, 4318971.593, 140
Trd, 4318972.143, 140
Trd, 4318973.843, 140
Trd, 4318974.143, 140
Trd, 4318975.043, 140
Trd, 4318975.543, 140
Trd, 4318975.693, 139
Trd, 4318976.493, 138
Trd, 4318976.793, 136
Trd, 4318978.243, 140
Trd, 4318978.643, 140
Trd, 4318978.743, 139
Trd, 4318979.193, 140
Trd, 4318980.843, 140
Trd, 4318981.043, 138
Trd, 4318982.743, 140
Trd, 4318984.143, 140
Trd, 4318984.543, 140
Trd, 4318984.643, 140
Trd, 4318986.743, 140
Trd, 4318986.993, 140
Trd, 4318988.143, 140
Trd, 4318989.743, 140
Trd, 4318989.993, 140
Trd, 4318990.293, 140
Trd, 4318990.743, 140
Trd, 4318991.343, 140
Trd, 4318991.443, 140
Trd, 4318991.943, 140
Trd, 4318992.743, 140
Trd, 4318993.043, 140
Trd, 4318993.093, 140
Trd, 4318993.793, 140
Trd, 4318995.993, 140
Trd, 4318997.043, 140
Trd, 4318997.543, 137
Trd, 4318998.043, 140
Trd, 4318999.293, 140
Trd, 4319000.843, 140
Trd, 4319000.943, 140
Trd, 4319001.193, 140
Trd, 4319001.293, 139
Trd, 4319002.343, 132
Trd, 4319002.643, 112
Trd, 4319003.193, 140
Trd, 4319004.593, 140
Trd, 4319005.793, 140
Trd, 4319006.443, 140
Trd, 4319006.643, 140
Trd, 4319007.343, 140
Trd, 4319008.493, 140
Trd, 4319008.793, 140
Trd, 4319009.393, 140
Trd, 4319009.943, 140
Trd, 4319009.993, 137
Trd, 4319011.043, 140
Trd, 4319012.893, 140
Trd, 4319013.743, 140
Trd, 4319014.393, 140
Trd, 4319014.543, 140
Trd, 4319016.343, 140
Trd, 4319017.093, 140
Trd, 4319017.193, 140
Trd, 4319017.493, 140
Trd, 4319017.593, 140
Trd, 4319018.293, 139
Trd, 4319018.443, 139
Trd, 4319018.693, 128
Trd, 4319019.993, 140
Trd, 4319020.443, 140
Trd, 4319020.893, 137
Trd, 4319021.293, 138
Trd, 4319021.343, 139
Trd, 4319021.743, 120
Trd, 4319021.793, 119
Trd, 4319023.893, 140
Trd, 4319024.093, 140
Trd, 4319025.343, 140
Trd, 4319026.493, 140
Trd, 4319027.293, 140
Trd, 4319027.693, 140
Trd, 4319028.693, 140
Trd, 4319029.493, 139
Trd, 4319029.693, 140
Trd, 4319030.093, 140
Trd, 4319030.393, 139
Trd, 4319030.693, 137
Trd, 4319030.943, 124
Trd, 4319032.243, 140
Trd, 4319033.893, 140
Trd, 4319033.993, 140
Trd, 4319034.293, 138
Trd, 4319034.843, 140
Trd, 4319036.743, 140
Trd, 4319037.543, 140
Trd, 4319038.193, 140
Trd, 4319039.093, 140
Trd, 4319039.143, 139
Trd, 4319039.493, 139
Trd, 4319040.343, 140
Trd, 4319040.743, 140
Trd, 4319041.093, 140
Trd, 4319041.643, 140
Trd, 4319041.693, 139
Trd, 4319042.543, 140
Trd, 4319042.743, 140
Trd, 4319043.743, 140
Trd, 4319045.193, 140
Trd, 4319045.593, 140
Trd, 4319046.093, 140
Trd, 4319046.643, 140
Trd, 4319046.743, 139
Trd, 4319047.343, 140
Trd, 4319047.843, 140
Trd, 4319049.993, 140
Trd, 4319050.443, 140
Trd, 4319050.543, 140
Trd, 4319051.643, 140
Trd, 4319052.243, 140
Trd, 4319052.843, 140
Trd, 4319053.893, 140
Trd, 4319054.693, 140
Trd, 4319055.143, 140
Trd, 4319055.393, 140
Trd, 4319056.143, 140
Trd, 4319056.693, 140
Trd, 4319057.643, 140
Trd, 4319057.843, 140
Trd, 4319057.943, 140
Trd, 4319058.743, 140
Trd, 4319058.843, 139
Trd, 4319059.743, 140
Trd, 4319059.793, 139
Trd, 4319060.893, 140
Trd, 4319061.743, 139
Trd, 4319062.893, 140
Trd, 4319064.143, 140
Trd, 4319064.393, 140
Trd, 4319064.693, 140
Trd, 4319065.593, 138
Trd, 4319065.943, 140
Trd, 4319066.393, 140
Trd, 4319068.643, 140
Trd, 4319069.243, 140
Trd, 4319069.493, 139
Trd, 4319070.143, 139
Trd, 4319070.443, 139
Trd, 4319071.243, 135
Trd, 4319071.943, 140
Trd, 4319073.893, 140
Trd, 4319074.743, 139
Trd, 4319074.793, 139
Trd, 4319075.793, 140
Trd, 4319075.943, 121
Trd, 4319077.143, 140
Trd, 4319077.943, 140
Trd, 4319078.043, 140
Trd, 4319078.443, 140
Trd, 4319078.643, 139
Trd, 4319080.343, 140
Trd, 4319080.843, 139
Trd, 4319082.043, 136
Trd, 4319082.793, 140
Trd, 4319084.443, 140
Trd, 4319084.593, 140
Trd, 4319085.343, 140
Trd, 4319085.593, 140
Trd, 4319085.893, 140
Trd, 4319086.493, 140
Trd, 4319088.543, 140
Trd, 4319088.843, 140
Trd, 4319089.643, 140
Trd, 4319090.793, 140
Trd, 4319090.943, 140
Trd, 4319091.193, 140
Trd, 4319091.543, 140
Trd, 4319091.643, 137
Trd, 4319094.293, 140
Trd, 4319094.443, 140
Trd, 4319094.743, 140
Trd, 4319095.793, 140
Trd, 4319096.143, 139
Trd, 4319096.843, 140
Trd, 4319098.193, 140
Trd, 4319099.393, 140
Trd, 4319099.693, 140
Trd, 4319100.743, 140
Trd, 4319101.793, 140
Trd, 4319101.843, 140
Trd, 4319102.243, 140
Trd, 4319102.893, 140
Trd, 4319103.193, 140
Trd, 4319104.343, 139
Trd, 4319104.993, 139
Trd, 4319105.593, 140
Trd, 4319105.943, 66
Trd, 4319106.993, 66
Trd, 4319108.143, 140
Trd, 4319108.643, 137
Trd, 4319109.743, 140
Trd, 4319109.993, 140
Trd, 4319110.393, 137
Trd, 4319111.143, 119
Trd, 4319111.693, 140
Trd, 4319111.993, 139
Trd, 4319112.843, 140
Trd, 4319114.243, 140
Trd, 4319114.843, 123
Trd, 4319115.143, 138
Trd, 4319116.143, 140
Trd, 4319116.293, 127
Trd, 4319117.143, 140
Trd, 4319118.293, 140
Trd, 4319119.393, 140
Trd, 4319119.593, 140
Trd, 4319120.143, 139
Trd, 4319120.443, 140
Trd, 4319120.543, 140
Trd, 4319121.443, 140
Trd, 4319123.243, 140
Trd, 4319123.643, 140
Trd, 4319123.843, 138
Trd, 4319124.693, 140
Trd, 4319125.043, 139
Trd, 4319125.143, 138
Trd, 4319125.243, 137
Trd, 4319126.043, 119
Trd, 4319126.393, 60
Trd, 4319126.643, 60
Trd, 4319127.943, 140
Trd, 4319128.343, 140
Trd, 4319129.893, 140
Trd, 4319130.093, 137
Trd, 4319130.193, 139
Trd, 4319131.443, 138
Trd, 4319132.493, 135
Trd, 4319132.743, 140
Trd, 4319132.943, 134
Trd, 4319133.743, 140
Trd, 4319134.543, 140
Trd, 4319135.093, 97
Trd, 4319135.943, 86
Trd, 4319136.343, 138
Trd, 4319137.293, 140
Trd, 4319138.343, 140
Trd, 4319140.143, 140
Trd, 4319140.343, 140
Trd, 4319140.743, 140
Trd, 4319141.493, 139
Trd, 4319142.143, 139
Trd, 4319142.693, 122
Trd, 4319143.743, 61
Trd, 4319144.093, 61
Trd, 4319144.293, 61
Trd, 4319145.093, 62
Trd, 4319146.643, 140
Trd, 4319146.743, 139
Trd, 4319147.243, 140
Trd, 4319147.493, 108
Trd, 4319147.593, 137
Trd, 4319147.743, 138
Trd, 4319147.993, 67
Trd, 4319149.193, 67
Trd, 4319149.443, 79
Trd, 4319150.443, 140
Trd, 4319150.493, 140
Trd, 4319151.243, 140
Trd, 4319152.593, 140
Trd, 4319152.693, 139
Trd, 4319153.143, 139
Trd, 4319153.693, 140
Trd, 4319155.193, 140
Trd, 4319155.493, 139
Trd, 4319155.543, 129
Trd, 4319155.793, 139
Trd, 4319156.143, 61
Trd, 4319156.393, 62
Trd, 4319157.443, 61
Trd, 4319157.743, 65
Trd, 4319159.243, 60
Trd, 4319159.293, 61
Trd, 4319160.993, 60
Trd, 4319161.043, 63
Trd, 4319161.643, 60
Trd, 4319162.393, 60
Trd, 4319162.843, 62
Trd, 4319163.343, 140
Trd, 4319164.443, 139
Trd, 4319165.143, 61
Trd, 4319165.293, 60
Trd, 4319165.993, 66
Trd, 4319167.243, 68
Trd, 4319167.293, 69
Trd, 4319168.193, 70
Trd, 4319168.743, 69
Trd, 4319169.043, 60
Trd, 4319169.443, 61
Trd, 4319170.393, 60
Trd, 4319170.543, 62
Trd, 4319171.143, 140
Trd, 4319171.543, 140
Trd, 4319172.093, 139
Trd, 4319172.643, 139
Trd, 4319173.543, 140
Trd, 4319174.243, 140
Trd, 4319174.543, 140
Trd, 4319175.343, 138
Trd, 4319175.893, 137
Trd, 4319177.793, 140
Trd, 4319177.993, 140
Trd, 4319178.043, 139
Trd, 4319178.643, 137
Trd, 4319179.443, 140
Trd, 4319179.893, 140
Trd, 4319180.343, 140
Trd, 4319181.643, 140
Trd, 4319181.943, 139
Trd, 4319183.343, 140
Trd, 4319183.643, 140
Trd, 4319183.893, 140
Trd, 4319185.343, 140
Trd, 4319185.393, 140
Trd, 4319186.143, 140
Trd, 4319187.043, 139
Trd, 4319188.093, 139
Trd, 4319189.093, 140
Trd, 4319189.793, 140
Trd, 4319190.243, 140
Trd, 4319190.293, 138
Trd, 4319191.193, 140
Trd, 4319191.293, 140
Trd, 4319191.893, 140
Trd, 4319192.743, 140
Trd, 4319193.443, 138
Trd, 4319194.193, 140
Trd, 4319194.543, 139
Trd, 4319194.993, 137
Trd, 4319195.393, 138
Trd, 4319195.593, 139
Trd, 4319197.193, 139
Trd, 4319198.643, 139
Trd, 4319198.693, 127
Trd, 4319199.843, 60
Trd, 4319200.493, 60
Trd, 4319200.543, 60
Trd, 4319200.793, 72
Trd, 4319201.393, 62
Trd, 4319202.093, 60
Trd, 4319202.693, 62
Trd, 4319202.993, 67
Trd, 4319203.493, 60
Trd, 4319204.693, 140
Trd, 4319205.243, 140
Trd, 4319206.293, 140
Trd, 4319206.593, 120
Trd, 4319207.443, 138
Trd, 4319208.193, 140
Trd, 4319208.443, 140
Trd, 4319208.593, 140
Trd, 4319210.193, 140
Trd, 4319210.393, 140
Trd, 4319211.043, 139
Trd, 4319211.293, 140
Trd, 4319211.543, 118
Trd, 4319212.843, 140
Trd, 4319213.843, 140
Trd, 4319214.993, 140
Trd, 4319215.643, 140
Trd, 4319216.143, 140
Trd, 4319217.543, 140
Trd, 4319218.193, 140
Trd, 4319218.593, 140
Trd, 4319219.043, 140
Trd, 4319219.393, 140
Trd, 4319219.443, 140
Trd, 4319220.093, 140
Trd, 4319221.193, 140
Trd, 4319221.893, 140
Trd, 4319222.143, 140
Trd, 4319223.893, 140
Trd, 4319224.443, 140
Trd, 4319224.593, 140
Trd, 4319224.943, 140
Trd, 4319225.793, 140
Trd, 4319226.643, 140
Trd, 4319226.943, 140
Trd, 4319228.093, 140
Trd, 4319229.293, 140
Trd, 4319229.543, 140
Trd, 4319229.593, 140
Trd, 4319230.043, 140
Trd, 4319230.493, 140
Trd, 4319232.143, 140
Trd, 4319233.043, 140
Trd, 4319233.793, 140
Trd, 4319235.093, 140
Trd, 4319235.393, 140
Trd, 4319235.443, 140
Trd, 4319237.193, 140
Trd, 4319237.543, 140
Trd, 4319237.993, 140
Trd, 4319238.043, 139
Trd, 4319238.743, 90
Trd, 4319240.793, 140
Trd, 4319241.293, 140
Trd, 4319242.593, 140
Trd, 4319242.993, 140
Trd, 4319243.493, 140
Trd, 4319245.193, 140
Trd, 4319245.443, 140
Trd, 4319246.593, 140
Trd, 4319246.743, 140
Trd, 4319248.093, 140
Trd, 4319248.643, 140
Trd, 4319248.793, 139
Trd, 4319249.793, 140
Trd, 4319250.093, 138
Trd, 4319250.243, 137
Trd, 4319251.243, 140
Trd, 4319251.343, 68
Trd, 4319253.893, 140
Trd, 4319254.293, 140
Trd, 4319254.593, 140
Trd, 4319255.493, 140
Trd, 4319255.843, 140
Trd, 4319255.993, 140
Trd, 4319256.693, 140
Trd, 4319257.743, 137
Trd, 4319258.943, 133
Trd, 4319260.593, 140
Trd, 4319260.643, 140
Trd, 4319260.793, 140
Trd, 4319261.143, 137
Trd, 4319261.393, 131
Trd, 4319261.593, 139
Trd, 4319262.543, 140
Trd, 4319262.993, 140
Trd, 4319263.993, 140
Trd, 4319265.493, 140
Trd, 4319265.943, 140
Trd, 4319266.043, 138
Trd, 4319266.943, 140
Trd, 4319268.993, 140
Trd, 4319269.093, 140
Trd, 4319269.293, 140
Trd, 4319269.993, 140
Trd, 4319270.843, 140
Trd, 4319271.243, 140
Trd, 4319271.993, 140
Trd, 4319272.093, 140
Trd, 4319273.193, 140
Trd, 4319276.143, 140
Trd, 4319276.743, 140
Trd, 4319277.343, 140
Trd, 4319277.643, 140
Trd, 4319278.043, 140
Trd, 4319278.993, 140
Trd, 4319280.543, 140
Trd, 4319280.593, 140
Trd, 4319281.543, 140
Trd, 4319281.943, 140
Trd, 4319282.443, 140
Trd, 4319282.643, 140
Trd, 4319283.243, 140
Trd, 4319283.543, 140
Trd, 4319284.643, 139
Trd, 4319285.893, 140
Trd, 4319286.243, 140
Trd, 4319286.443, 138
Trd, 4319287.393, 139
Trd, 4319287.493, 138
Trd, 4319288.643, 140
Trd, 4319289.293, 140
Trd, 4319289.693, 112
Trd, 4319290.543, 140
Trd, 4319291.643, 140
Trd, 4319292.593, 140
Trd, 4319292.943, 140
Trd, 4319294.643, 140
Trd, 4319294.793, 140
Trd, 4319296.243, 140
Trd, 4319297.143, 140
Trd, 4319297.293, 140
Trd, 4319298.343, 140
Trd, 4319298.393, 139
Trd, 4319298.993, 140
Trd, 4319299.743, 140
Trd, 4319300.993, 140
Trd, 4319301.593, 140
Trd, 4319301.743, 140
Trd, 4319301.993, 136
Trd, 4319302.543, 140
Trd, 4319302.843, 140
Trd, 4319303.743, 140
Trd, 4319304.243, 122
Trd, 4319306.493, 140
Trd, 4319306.543, 139
Trd, 4319306.793, 139
Trd, 4319306.943, 139
Trd, 4319307.193, 139
Trd, 4319307.543, 139
Trd, 4319309.093, 140
Trd, 4319309.543, 140
Trd, 4319310.043, 140
Trd, 4319310.893, 140
Trd, 4319311.943, 140
Trd, 4319312.093, 139
Trd, 4319313.543, 139
Trd, 4319314.093, 139
Trd, 4319314.243, 138
Trd, 4319314.793, 138
Trd, 4319315.743, 139
Trd, 4319316.393, 140
Trd, 4319317.393, 139
Trd, 4319317.743, 138
Trd, 4319319.693, 140
Trd, 4319319.943, 139
Trd, 4319319.993, 138
Trd, 4319320.893, 140
Trd, 4319321.793, 140
Trd, 4319322.943, 140
Trd, 4319323.043, 140
Trd, 4319323.643, 140
Trd, 4319324.593, 140
Trd, 4319325.843, 140
Trd, 4319326.643, 140
Trd, 4319327.243, 140
Trd, 4319327.293, 140
Trd, 4319327.443, 139
Trd, 4319327.543, 129
Trd, 4319329.743, 140
Trd, 4319329.943, 138
Trd, 4319330.343, 140
Trd, 4319331.593, 139
Trd, 4319332.043, 139
Trd, 4319332.993, 140
Trd, 4319334.343, 140
Trd, 4319335.143, 140
Trd, 4319335.693, 140
Trd, 4319335.993, 140
Trd, 4319337.093, 140
Trd, 4319337.493, 139
Trd, 4319337.593, 139
Trd, 4319337.743, 136
Trd, 4319337.943, 133
Trd, 4319339.793, 140
Trd, 4319340.343, 140
Trd, 4319341.043, 140
Trd, 4319341.243, 140
Trd, 4319341.743, 140
Trd, 4319342.643, 140
Trd, 4319343.493, 140
Trd, 4319344.493, 140
Trd, 4319344.943, 140
Trd, 4319345.743, 140
Trd, 4319347.193, 140
Trd, 4319347.443, 140
Trd, 4319347.693, 140
Trd, 4319347.993, 140
Trd, 4319348.393, 140
Trd, 4319349.943, 140
Trd, 4319352.093, 140
Trd, 4319352.293, 140
Trd, 4319352.793, 140
Trd, 4319352.843, 139
Trd, 4319353.593, 139
Trd, 4319353.943, 140
Trd, 4319354.043, 140
Trd, 4319355.143, 60
Trd, 4319355.243, 60
Trd, 4319355.943, 61
Trd, 4319356.393, 139
Trd, 4319357.243, 140
Trd, 4319357.893, 140
Trd, 4319358.193, 140
Trd, 4319360.643, 140
Trd, 4319360.993, 140
Trd, 4319361.093, 140
Trd, 4319361.543, 140
Trd, 4319361.643, 140
Trd, 4319362.193, 140
Trd, 4319363.043, 140
Trd, 4319364.643, 140
Trd, 4319365.043, 140
Trd, 4319365.793, 140
Trd, 4319366.893, 140
Trd, 4319368.043, 140
Trd, 4319368.093, 140
Trd, 4319368.793, 140
Trd, 4319368.893, 139
Trd, 4319371.743, 140
Trd, 4319372.143, 140
Trd, 4319373.193, 140
Trd, 4319374.293, 140
Trd, 4319374.743, 140
Trd, 4319374.793, 138
Trd, 4319375.093, 138
Trd, 4319376.093, 140
Trd, 4319376.843, 140
Trd, 4319377.643, 140
Trd, 4319377.693, 140
Trd, 4319377.843, 139
Trd, 4319378.643, 140
Trd, 4319379.043, 140
Trd, 4319380.493, 140
Trd, 4319380.693, 140
Trd, 4319381.993, 140
Trd, 4319382.243, 140
Trd, 4319382.343, 140
Trd, 4319383.443, 140
Trd, 4319384.843, 140
Trd, 4319385.443, 140
Trd, 4319385.543, 140
Trd, 4319385.743, 140
Trd, 4319386.393, 60
Trd, 4319386.493, 61
Trd, 4319387.443, 139
Trd, 4319387.643, 136
Trd, 4319389.043, 68
Trd, 4319389.243, 62
Trd, 4319389.393, 69
Trd, 4319390.343, 113
Trd, 4319391.093, 140
Trd, 4319392.243, 63
Trd, 4319392.693, 60
Trd, 4319392.743, 63
Trd, 4319393.543, 71
Trd, 4319395.243, 60
Trd, 4319396.343, 60
Trd, 4319396.793, 60
Trd, 4319397.093, 60
Trd, 4319397.793, 60
Trd, 4319398.593, 60
Trd, 4319398.893, 61
Trd, 4319399.393, 64
Trd, 4319399.793, 139
Trd, 4319400.143, 108
Trd, 4319400.743, 60
Trd, 4319401.693, 60
Trd, 4319401.793, 61
Trd, 4319402.293, 65
Trd, 4319402.693, 62
Trd, 4319403.693, 63
Trd, 4319404.493, 61
Trd, 4319406.993, 60
Trd, 4319407.093, 67
Trd, 4319408.243, 60
Trd, 4319408.943, 62
Trd, 4319409.243, 60
Trd, 4319409.443, 64
Trd, 4319409.643, 61
Trd, 4319410.343, 63
Trd, 4319410.793, 61
Trd, 4319412.293, 60
Trd, 4319412.443, 62
Trd, 4319413.093, 60
Trd, 4319413.193, 61
Trd, 4319414.043, 68
Trd, 4319414.493, 65
Trd, 4319415.743, 60
Trd, 4319416.393, 66
Trd, 4319416.993, 68
Trd, 4319417.493, 60
Trd, 4319418.793, 60
Trd, 4319419.143, 139
Trd, 4319419.743, 61
Trd, 4319420.193, 60
Trd, 4319421.193, 64
Trd, 4319421.693, 64
Trd, 4319422.143, 62
Trd, 4319423.143, 63
Trd, 4319423.343, 106
Trd, 4319424.543, 138
Trd, 4319426.843, 60
Trd, 4319426.993, 61
Trd, 4319427.193, 62
Trd, 4319428.893, 62
Trd, 4319429.193, 63
Trd, 4319429.393, 61
Trd, 4319429.493, 63
Trd, 4319429.843, 60
Trd, 4319431.493, 62
Trd, 4319431.793, 61
Trd, 4319431.843, 62
Trd, 4319432.393, 60
Trd, 4319432.993, 139
Trd, 4319433.343, 140
Trd, 4319434.943, 140
Trd, 4319435.693, 140
Trd, 4319436.493, 140
Trd, 4319437.143, 137
Trd, 4319438.543, 140
Trd, 4319438.593, 140
Trd, 4319440.643, 140
Trd, 4319441.093, 138
Trd, 4319441.643, 140
Trd, 4319441.693, 140
Trd, 4319442.293, 140
Trd, 4319443.793, 140
Trd, 4319443.943, 138
Trd, 4319445.043, 138
Trd, 4319445.343, 140
Trd, 4319446.593, 140
Trd, 4319447.243, 140
Trd, 4319448.093, 140
Trd, 4319448.143, 140
Trd, 4319448.893, 140
Trd, 4319449.243, 140
Trd, 4319449.893, 139
Trd, 4319450.993, 138
Trd, 4319451.343, 140
Trd, 4319451.643, 139
Trd, 4319451.893, 140
Trd, 4319453.293, 139
Trd, 4319454.043, 140
Trd, 4319454.193, 140
Trd, 4319455.393, 140
Trd, 4319456.893, 140
Trd, 4319457.943, 140
Trd, 4319458.143, 140
Trd, 4319459.293, 140
Trd, 4319459.693, 139
Trd, 4319459.943, 139
Trd, 4319460.193, 140
Trd, 4319460.243, 138
Trd, 4319460.993, 140
Trd, 4319461.893, 135
Trd, 4319462.643, 124
Trd, 4319463.543, 140
Trd, 4319463.843, 140
Trd, 4319466.243, 140
Trd, 4319466.593, 140
Trd, 4319466.743, 140
Trd, 4319467.093, 138
Trd, 4319467.643, 140
Trd, 4319468.243, 140
Trd, 4319470.243, 140
Trd, 4319470.943, 140
Trd, 4319471.993, 140
Trd, 4319472.743, 140
Trd, 4319473.093, 140
Trd, 4319473.393, 140
Trd, 4319474.693, 140
Trd, 4319474.843, 140
Trd, 4319475.193, 140
Trd, 4319475.243, 140
Trd, 4319477.093, 139
Trd, 4319477.293, 140
Trd, 4319478.493, 140
Trd, 4319478.593, 140
Trd, 4319478.793, 136
Trd, 4319479.543, 132
Trd, 4319480.343, 139
Trd, 4319481.093, 140
Trd, 4319483.043, 140
Trd, 4319483.743, 140
Trd, 4319484.693, 140
Trd, 4319484.943, 139
Trd, 4319484.993, 139
Trd, 4319485.393, 140
Trd, 4319486.393, 140
Trd, 4319486.743, 140
Trd, 4319488.293, 134
Trd, 4319489.293, 140
Trd, 4319489.343, 140
Trd, 4319490.593, 140
Trd, 4319490.893, 140
Trd, 4319491.643, 140
Trd, 4319492.543, 140
Trd, 4319492.893, 127
Trd, 4319493.293, 140
Trd, 4319493.493, 140
Trd, 4319493.693, 139
Trd, 4319494.043, 140
Trd, 4319495.193, 137
Trd, 4319496.043, 140
Trd, 4319496.793, 140
Trd, 4319497.443, 140
Trd, 4319498.093, 140
Trd, 4319498.893, 140
Trd, 4319499.193, 140
Trd, 4319500.143, 139
Trd, 4319500.443, 140
Trd, 4319501.393, 140
Trd, 4319501.843, 140
Trd, 4319502.193, 132
Trd, 4319502.793, 61
Trd, 4319504.543, 140
Trd, 4319505.193, 140
Trd, 4319505.493, 140
Trd, 4319505.943, 140
Trd, 4319506.943, 137
Trd, 4319507.293, 140
Trd, 4319507.493, 139
Trd, 4319509.193, 140
Trd, 4319509.893, 140
Trd, 4319509.993, 138
Trd, 4319510.943, 140
Trd, 4319512.243, 140
Trd, 4319512.343, 140
Trd, 4319512.893, 140
Trd, 4319515.143, 140
Trd, 4319515.693, 140
Trd, 4319515.793, 140
Trd, 4319515.893, 140
Trd, 4319515.943, 139
Trd, 4319517.293, 139
Trd, 4319518.943, 140
Trd, 4319519.843, 140
Trd, 4319520.143, 139
Trd, 4319520.843, 140
Trd, 4319521.793, 140
Trd, 4319522.293, 140
Trd, 4319523.193, 140
Trd, 4319524.693, 140
Trd, 4319525.043, 140
Trd, 4319526.443, 140
Trd, 4319526.793, 140
Trd, 4319527.543, 140
Trd, 4319528.193, 140
Trd, 4319529.443, 140
Trd, 4319529.693, 140
Trd, 4319529.993, 140
Trd, 4319530.043, 138
Trd, 4319530.143, 131
Trd, 4319531.143, 138
Trd, 4319531.943, 60
Trd, 4319532.693, 63
Trd, 4319532.893, 64
Trd, 4319533.193, 67
Trd, 4319533.893, 140
Trd, 4319534.343, 140
Trd, 4319535.893, 140
Trd, 4319536.543, 140
Trd, 4319537.643, 140
Trd, 4319538.543, 140
Trd, 4319538.793, 138
Trd, 4319539.093, 139
Trd, 4319539.993, 139
Trd, 4319540.043, 139
Trd, 4319541.243, 139
Trd, 4319542.293, 140
Trd, 4319542.493, 140
Trd, 4319543.543, 140
Trd, 4319544.043, 140
Trd, 4319544.843, 139
Trd, 4319544.943, 138
Trd, 4319545.893, 136
Trd, 4319546.243, 136
Trd, 4319546.893, 135
Trd, 4319547.243, 139
Trd, 4319549.093, 140
Trd, 4319549.793, 140
Trd, 4319549.843, 140
Trd, 4319549.893, 138
Trd, 4319550.343, 137
Trd, 4319553.243, 140
Trd, 4319553.343, 140
Trd, 4319554.093, 140
Trd, 4319554.943, 140
Trd, 4319556.043, 140
Trd, 4319556.893, 140
Trd, 4319557.643, 139
Trd, 4319558.043, 140
Trd, 4319558.393, 139
Trd, 4319558.443, 138
Trd, 4319559.643, 140
Trd, 4319561.243, 140
Trd, 4319561.493, 140
Trd, 4319561.743, 140
Trd, 4319562.143, 140
Trd, 4319562.793, 137
Trd, 4319563.043, 140
Trd, 4319563.443, 139
Trd, 4319565.593, 140
Trd, 4319565.793, 140
Trd, 4319566.443, 140
Trd, 4319567.143, 140
Trd, 4319567.793, 140
Trd, 4319567.893, 121
Trd, 4319568.593, 138
Trd, 4319569.693, 140
Trd, 4319570.393, 140
Trd, 4319570.693, 140
Trd, 4319572.293, 140
Trd, 4319572.543, 140
Trd, 4319572.943, 140
Trd, 4319573.393, 140
Trd, 4319574.093, 139
Trd, 4319575.693, 140
Trd, 4319575.893, 139
Trd, 4319576.093, 137
Trd, 4319576.243, 115
Trd, 4319577.893, 140
Trd, 4319578.043, 138
Trd, 4319578.743, 137
Trd, 4319579.093, 140
Trd, 4319579.793, 140
Trd, 4319580.543, 140
Trd, 4319580.693, 139
Trd, 4319581.843, 140
Trd, 4319583.243, 140
Trd, 4319583.743, 140
Trd, 4319584.093, 139
Trd, 4319584.793, 139
Trd, 4319585.243, 140
Trd, 4319587.193, 140
Trd, 4319587.643, 140
Trd, 4319587.793, 139
Trd, 4319588.093, 139
Trd, 4319588.693, 136
Trd, 4319590.143, 140
Trd, 4319590.543, 140
Trd, 4319590.743, 140
Trd, 4319590.993, 140
Trd, 4319591.443, 139
Trd, 4319591.593, 138
Trd, 4319592.593, 140
Trd, 4319592.893, 138
Trd, 4319594.343, 138
Trd, 4319594.793, 129
Trd, 4319595.043, 140
Trd, 4319595.893, 136
Trd, 4319596.343, 140
Trd, 4319597.743, 61
Trd, 4319597.843, 61
Trd, 4319598.093, 60
Trd, 4319598.193, 65
Trd, 4319599.943, 61
Trd, 4319600.343, 62
Trd, 4319600.643, 69
Trd, 4319601.993, 62
Trd, 4319602.893, 60
Trd, 4319603.093, 60
Trd, 4319603.443, 60
Trd, 4319603.493, 66
Trd, 4319604.093, 140
Trd, 4319604.743, 131
Trd, 4319606.043, 140
Trd, 4319606.243, 140
Trd, 4319606.893, 140
Trd, 4319607.143, 139
Trd, 4319608.193, 140
Trd, 4319608.393, 140
Trd, 4319608.793, 139
Trd, 4319610.843, 140
Trd, 4319611.143, 138
Trd, 4319612.043, 140
Trd, 4319612.093, 138
Trd, 4319612.793, 139
Trd, 4319613.443, 140
Trd, 4319613.593, 140
Trd, 4319615.393, 140
Trd, 4319615.643, 140
Trd, 4319616.693, 140
Trd, 4319616.943, 140
Trd, 4319618.143, 140
Trd, 4319618.943, 140
Trd, 4319618.993, 140
Trd, 4319620.093, 140
Trd, 4319620.493, 140
Trd, 4319621.143, 140
Trd, 4319621.793, 140
Trd, 4319623.293, 139
Trd, 4319623.543, 137
Trd, 4319624.643, 140
Trd, 4319625.293, 140
Trd, 4319626.593, 140
Trd, 4319626.693, 140
Trd, 4319627.243, 140
Trd, 4319627.293, 140
Trd, 4319628.993, 140
Trd, 4319629.243, 140
Trd, 4319629.593, 140
Trd, 4319631.243, 139
Trd, 4319631.393, 139
Trd, 4319631.443, 138
Trd, 4319631.543, 126
Trd, 4319631.993, 117
Trd, 4319633.043, 138
Trd, 4319634.293, 140
Trd, 4319634.343, 140
Trd, 4319635.143, 140
Trd, 4319637.093, 140
Trd, 4319637.593, 140
Trd, 4319638.143, 140
Trd, 4319638.493, 140
Trd, 4319640.393, 140
Trd, 4319641.293, 140
Trd, 4319642.393, 140
Trd, 4319642.543, 140
Trd, 4319643.393, 140
Trd, 4319643.743, 140
Trd, 4319644.143, 140
Trd, 4319644.443, 140
Trd, 4319644.543, 140
Trd, 4319645.793, 140
Trd, 4319646.043, 140
Trd, 4319647.293, 140
Trd, 4319648.093, 140
Trd, 4319648.643, 140
Trd, 4319648.843, 140
Trd, 4319648.893, 140
Trd, 4319649.693, 140
Trd, 4319650.343, 140
Trd, 4319650.793, 138
Trd, 4319652.593, 140
Trd, 4319652.643, 140
Trd, 4319653.843, 140
Trd, 4319653.993, 139
Trd, 4319655.543, 140
Trd, 4319656.143, 140
Trd, 4319656.543, 139
Trd, 4319656.943, 138
Trd, 4319656.993, 138
Trd, 4319658.743, 140
Trd, 4319659.193, 140
Trd, 4319659.293, 140
Trd, 4319661.443, 140
Trd, 4319661.793, 140
Trd, 4319662.143, 140
Trd, 4319662.793, 140
Trd, 4319663.193, 139
Trd, 4319664.893, 140
Trd, 4319665.393, 140
Trd, 4319666.193, 140
Trd, 4319666.343, 139
Trd, 4319666.493, 140
Trd, 4319667.343, 140
Trd, 4319668.293, 140
Trd, 4319668.743, 140
Trd, 4319669.643, 140
Trd, 4319670.393, 140
Trd, 4319670.743, 140
Trd, 4319671.043, 111
Trd, 4319671.343, 110
Trd, 4319672.493, 140
Trd, 4319672.543, 139
Trd, 4319672.893, 133
Trd, 4319673.293, 61
Trd, 4319673.643, 63
Trd, 4319673.993, 61
Trd, 4319674.843, 140
Trd, 4319675.343, 137
Trd, 4319676.493, 115
Trd, 4319677.543, 137
Trd, 4319677.893, 61
Trd, 4319678.493, 64
Trd, 4319679.243, 140
Trd, 4319680.043, 140
Trd, 4319680.493, 140
Trd, 4319681.443, 139
Trd, 4319682.693, 138
Trd, 4319682.743, 138
Trd, 4319683.743, 140
Trd, 4319684.043, 140
Trd, 4319684.693, 140
Trd, 4319685.043, 140
Trd, 4319685.593, 140
Trd, 4319687.943, 140
Trd, 4319687.993, 140
Trd, 4319688.393, 140
Trd, 4319688.443, 139
Trd, 4319689.393, 140
Trd, 4319690.193, 140
Trd, 4319690.943, 140
Trd, 4319691.493, 140
Trd, 4319693.243, 140
Trd, 4319693.493, 139
Trd, 4319694.343, 139
Trd, 4319694.943, 140
Trd, 4319695.293, 139
Trd, 4319695.343, 128
Trd, 4319696.593, 140
Trd, 4319697.443, 60
Trd, 4319697.643, 62
Trd, 4319698.493, 61
Trd, 4319698.743, 140
Trd, 4319700.243, 139
Trd, 4319701.193, 140
Trd, 4319701.743, 140
Trd, 4319701.843, 139
Trd, 4319701.943, 139
Trd, 4319703.393, 140
Trd, 4319703.543, 140
Trd, 4319703.793, 140
Trd, 4319704.293, 140
Trd, 4319705.193, 139
Trd, 4319705.893, 140
Trd, 4319707.243, 140
Trd, 4319707.293, 140
Trd, 4319709.093, 140
Trd, 4319709.143, 139
Trd, 4319709.793, 136
Trd, 4319710.493, 139
Trd, 4319710.893, 137
Trd, 4319711.593, 140
Trd, 4319711.743, 139
Trd, 4319712.593, 138
Trd, 4319712.843, 130
Trd, 4319713.793, 140
Trd, 4319714.743, 140
Trd, 4319715.393, 140
Trd, 4319715.443, 140
Trd, 4319715.743, 139
Trd, 4319716.093, 138
Trd, 4319716.793, 137
Trd, 4319717.243, 140
Trd, 4319718.693, 139
Trd, 4319719.243, 60
Trd, 4319719.643, 69
Trd, 4319719.793, 70
Trd, 4319720.293, 140
Trd, 4319720.493, 139
Trd, 4319723.043, 140
Trd, 4319723.493, 138
Trd, 4319723.843, 140
Trd, 4319724.643, 140
Trd, 4319724.693, 140
Trd, 4319725.293, 140
Trd, 4319726.043, 139
Trd, 4319728.093, 139
Trd, 4319728.243, 140
Trd, 4319728.393, 139
Trd, 4319728.843, 139
Trd, 4319729.393, 140
Trd, 4319729.743, 140
Trd, 4319729.943, 139
Trd, 4319730.993, 140
Trd, 4319731.643, 139
Trd, 4319731.743, 139
Trd, 4319732.193, 139
Trd, 4319733.943, 140
Trd, 4319734.843, 139
Trd, 4319735.393, 140
Trd, 4319735.543, 138
Trd, 4319735.993, 140
Trd, 4319736.343, 138
Trd, 4319736.843, 127
Trd, 4319737.493, 134
Trd, 4319738.093, 127
Trd, 4319738.543, 60
Trd, 4319739.843, 60
Trd, 4319740.093, 60
Trd, 4319740.293, 61
Trd, 4319740.893, 85
Trd, 4319741.143, 62
Trd, 4319741.993, 140
Trd, 4319742.293, 61
Trd, 4319743.043, 62
Trd, 4319743.743, 123
Trd, 4319744.493, 138
Trd, 4319745.393, 61
Trd, 4319746.393, 138
Trd, 4319746.493, 138
Trd, 4319747.593, 60
Trd, 4319748.243, 60
Trd, 4319748.543, 62
Trd, 4319748.593, 62
Trd, 4319749.293, 140
Trd, 4319750.593, 139
Trd, 4319751.093, 61
Trd, 4319751.143, 62
Trd, 4319751.943, 64
Trd, 4319752.693, 62
Trd, 4319755.193, 60
Trd, 4319755.243, 62
Trd, 4319755.543, 62
Trd, 4319756.043, 60
Trd, 4319756.893, 62
Trd, 4319757.043, 64
Trd, 4319757.493, 78
Trd, 4319758.543, 130
Trd, 4319759.343, 140
Trd, 4319759.743, 138
Trd, 4319759.943, 107
Trd, 4319760.943, 139
Trd, 4319761.443, 140
Trd, 4319762.143, 140
Trd, 4319762.643, 140
Trd, 4319763.193, 140
Trd, 4319763.343, 113
Trd, 4319763.793, 139
Trd, 4319764.693, 140
Trd, 4319765.293, 140
Trd, 4319766.343, 140
Trd, 4319766.593, 139
Trd, 4319768.593, 140
Trd, 4319768.743, 140
Trd, 4319769.393, 138
Trd, 4319769.543, 136
Trd, 4319770.093, 140
Trd, 4319771.293, 140
Trd, 4319771.643, 140
Trd, 4319771.893, 140
Trd, 4319773.343, 140
Trd, 4319773.943, 140
Trd, 4319774.043, 140
Trd, 4319774.543, 140
Trd, 4319774.693, 140
Trd, 4319776.443, 140
Trd, 4319777.043, 140
Trd, 4319778.443, 140
Trd, 4319779.193, 140
Trd, 4319779.393, 139
Trd, 4319779.793, 140
Trd, 4319780.743, 140
Trd, 4319781.443, 140
Trd, 4319782.143, 140
Trd, 4319784.043, 140
Trd, 4319784.343, 140
Trd, 4319785.943, 140
Trd, 4319786.343, 137
Trd, 4319788.393, 140
Trd, 4319788.693, 140
Trd, 4319789.143, 140
Trd, 4319789.293, 140
Trd, 4319789.793, 140
Trd, 4319790.493, 140
Trd, 4319790.593, 139
Trd, 4319791.493, 140
Trd, 4319791.943, 118
Trd, 4319791.993, 135
Trd, 4319792.193, 60
Trd, 4319792.643, 137
Trd, 4319793.043, 139
Trd, 4319793.593, 138
Trd, 4319794.493, 134
Trd, 4319795.493, 61
Trd, 4319795.743, 61
Trd, 4319796.593, 62
Trd, 4319798.243, 60
Trd, 4319798.643, 61
Trd, 4319799.593, 63
Trd, 4319800.093, 60
Trd, 4319800.643, 63
Trd, 4319801.143, 61
Trd, 4319801.743, 64
Trd, 4319803.193, 62
Trd, 4319803.393, 70
Trd, 4319803.743, 72
Trd, 4319804.193, 138
Trd, 4319804.743, 137
Trd, 4319805.093, 134
Trd, 4319807.043, 61
Trd, 4319807.143, 68
Trd, 4319807.643, 140
Trd, 4319809.143, 140
Trd, 4319809.443, 140
Trd, 4319810.243, 140
Trd, 4319810.443, 140
Trd, 4319811.193, 140
Trd, 4319812.393, 140
Trd, 4319812.443, 140
Trd, 4319812.843, 140
Trd, 4319813.593, 136
Trd, 4319814.243, 140
Trd, 4319814.343, 85
Trd, 4319815.343, 61
Trd, 4319816.543, 60
Trd, 4319816.943, 60
Trd, 4319817.743, 61
Trd, 4319818.693, 62
Trd, 4319819.093, 67
Trd, 4319819.843, 60
Trd, 4319819.943, 60
Trd, 4319821.243, 60
Trd, 4319821.343, 60
Trd, 4319823.393, 60
Trd, 4319823.443, 60
Trd, 4319823.943, 135
Trd, 4319824.143, 61
Trd, 4319825.193, 130
Trd, 4319825.943, 140
Trd, 4319826.093, 140
Trd, 4319826.493, 140
Trd, 4319827.743, 140
Trd, 4319828.143, 140
Trd, 4319828.343, 140
Trd, 4319829.243, 140
Trd, 4319830.343, 140
Trd, 4319831.793, 140
Trd, 4319831.843, 140
Trd, 4319832.943, 140
Trd, 4319833.293, 137
Trd, 4319834.343, 140
Trd, 4319835.243, 140
Trd, 4319835.293, 136
Trd, 4319837.143, 140
Trd, 4319837.943, 140
Trd, 4319838.593, 140
Trd, 4319839.493, 140
Trd, 4319840.243, 140
Trd, 4319840.343, 140
Trd, 4319840.443, 137
Trd, 4319842.443, 140
Trd, 4319842.643, 140
Trd, 4319844.043, 140
Trd, 4319844.243, 138
Trd, 4319844.543, 138
Trd, 4319845.193, 137
Trd, 4319846.093, 140
Trd, 4319847.143, 140
Trd, 4319848.593, 140
Trd, 4319848.893, 140
Trd, 4319849.343, 140
Trd, 4319850.043, 140
Trd, 4319850.593, 135
Trd, 4319852.043, 139
Trd, 4319852.093, 139
Trd, 4319852.693, 140
Trd, 4319853.393, 135
Trd, 4319853.843, 140
Trd, 4319854.343, 139
Trd, 4319855.043, 140
Trd, 4319856.093, 140
Trd, 4319857.243, 140
Trd, 4319857.343, 138
Trd, 4319858.343, 140
Trd, 4319858.593, 140
Trd, 4319859.693, 140
Trd, 4319860.593, 140
Trd, 4319861.043, 140
Trd, 4319861.093, 140
Trd, 4319861.443, 140
Trd, 4319862.443, 140
Trd, 4319863.343, 138
Trd, 4319864.043, 140
Trd, 4319864.593, 138
Trd, 4319864.843, 136
Trd, 4319865.793, 139
Trd, 4319866.593, 138
Trd, 4319867.943, 140
Trd, 4319868.193, 140
Trd, 4319868.793, 140
Trd, 4319869.793, 140
Trd, 4319870.143, 140
Trd, 4319872.543, 140
Trd, 4319872.743, 140
Trd, 4319872.993, 138
Trd, 4319873.793, 140
Trd, 4319874.793, 140
Trd, 4319875.093, 138
Trd, 4319875.393, 139
Trd, 4319875.743, 138
Trd, 4319875.993, 136
Trd, 4319877.493, 140
Trd, 4319878.143, 140
Trd, 4319878.943, 139
Trd, 4319879.393, 133
Trd, 4319879.843, 140
Trd, 4319880.493, 138
Trd, 4319880.993, 107
Trd, 4319882.193, 64
Trd, 4319882.693, 140
Trd, 4319883.293, 140
Trd, 4319883.643, 139
Trd, 4319884.593, 120
Trd, 4319885.843, 139
Trd, 4319886.993, 140
Trd, 4319887.293, 140
Trd, 4319888.543, 140
Trd, 4319888.893, 140
Trd, 4319889.443, 140
Trd, 4319889.743, 140
Trd, 4319889.893, 140
Trd, 4319890.643, 139
Trd, 4319891.243, 140
Trd, 4319891.793, 139
Trd, 4319893.043, 140
Trd, 4319893.293, 140
Trd, 4319893.443, 126
Trd, 4319893.993, 140
Trd, 4319894.043, 140
Trd, 4319894.743, 69
Trd, 4319895.843, 70
Trd, 4319896.593, 62
Trd, 4319896.743, 62
Trd, 4319897.093, 62
Trd, 4319897.593, 80
Trd, 4319898.543, 62
Trd, 4319899.343, 60
Trd, 4319899.543, 62
Trd, 4319900.093, 68
Trd, 4319902.443, 62
Trd, 4319902.843, 62
Trd, 4319903.143, 62
Trd, 4319903.943, 60
Trd, 4319904.493, 60
Trd, 4319904.643, 63
Trd, 4319904.893, 69
Trd, 4319907.443, 60
Trd, 4319907.893, 67
Trd, 4319909.243, 60
Trd, 4319909.593, 61
Trd, 4319909.793, 65
Trd, 4319909.943, 60
Trd, 4319910.343, 68
Trd, 4319910.893, 140
Trd, 4319911.243, 135
Trd, 4319912.293, 70
Trd, 4319912.443, 66
Trd, 4319912.643, 65
Trd, 4319913.793, 138
Trd, 4319913.993, 136
Trd, 4319914.243, 129
Trd, 4319914.693, 61
Trd, 4319916.043, 60
Trd, 4319916.193, 66
Trd, 4319917.343, 60
Trd, 4319917.843, 61
Trd, 4319918.143, 60
Trd, 4319918.593, 61
Trd, 4319919.243, 66
Trd, 4319919.993, 137
Trd, 4319920.343, 137
Trd, 4319921.043, 61
Trd, 4319922.093, 60
Trd, 4319922.493, 60
Trd, 4319922.943, 60
Trd, 4319923.343, 60
Trd, 4319924.393, 60
Trd, 4319924.543, 62
Trd, 4319925.093, 67
Trd, 4319925.593, 139
Trd, 4319926.443, 60
Trd, 4319927.143, 60
Trd, 4319927.943, 62
Trd, 4319928.293, 64
Trd, 4319930.093, 60
Trd, 4319930.643, 60
Trd, 4319931.343, 61
Trd, 4319931.743, 63
Trd, 4319931.843, 67
Trd, 4319933.393, 140
Trd, 4319933.543, 140
Trd, 4319933.743, 62
Trd, 4319933.893, 140
Trd, 4319935.493, 60
Trd, 4319935.543, 62
Trd, 4319936.743, 63
Trd, 4319937.493, 140
Trd, 4319937.643, 139
Trd, 4319938.293, 140
Trd, 4319938.393, 138
Trd, 4319939.143, 137
Trd, 4319939.393, 133
Trd, 4319940.043, 76
Trd, 4319940.243, 61
Trd, 4319940.693, 67
Trd, 4319942.293, 60
Trd, 4319943.043, 140
Trd, 4319943.443, 139
Trd, 4319943.843, 140
Trd, 4319944.293, 140
Trd, 4319944.543, 140
Trd, 4319944.643, 135
Trd, 4319946.343, 116
Trd, 4319947.743, 140
Trd, 4319947.943, 140
Trd, 4319948.393, 140
Trd, 4319948.993, 139
Trd, 4319949.493, 139
Trd, 4319949.993, 140
Trd, 4319951.443, 140
Trd, 4319952.143, 140
Trd, 4319952.693, 133
Trd, 4319954.343, 140
Trd, 4319954.443, 140
Trd, 4319955.043, 140
Trd, 4319955.093, 140
Trd, 4319955.443, 139
Trd, 4319955.993, 140
Trd, 4319957.243, 139
Trd, 4319958.043, 138
Trd, 4319958.243, 65
Trd, 4319960.443, 140
Trd, 4319960.593, 140
Trd, 4319960.793, 140
Trd, 4319962.793, 140
Trd, 4319963.243, 140
Trd, 4319963.393, 140
Trd, 4319963.743, 140
Trd, 4319964.343, 140
Trd, 4319965.093, 140
Trd, 4319965.493, 140
Trd, 4319966.143, 139
Trd, 4319967.343, 139
Trd, 4319967.593, 139
Trd, 4319969.043, 140
Trd, 4319969.243, 140
Trd, 4319969.343, 139
Trd, 4319969.443, 140
Trd, 4319969.543, 138
Trd, 4319970.943, 140
Trd, 4319971.543, 140
Trd, 4319972.393, 140
Trd, 4319972.943, 140
Trd, 4319973.793, 140
Trd, 4319974.693, 140
Trd, 4319975.343, 139
Trd, 4319975.643, 140
Trd, 4319976.043, 140
Trd, 4319976.393, 139
Trd, 4319977.393, 137
Trd, 4319978.043, 140
Trd, 4319978.443, 140
Trd, 4319978.593, 138
Trd, 4319980.093, 77
Trd, 4319980.243, 138
Trd, 4319981.593, 140
Trd, 4319982.743, 140
Trd, 4319982.793, 139
Trd, 4319984.193, 140
Trd, 4319984.543, 140
Trd, 4319985.693, 140
Trd, 4319986.693, 140
Trd, 4319987.493, 140
Trd, 4319988.193, 140
Trd, 4319988.493, 140
Trd, 4319988.943, 140
Trd, 4319989.243, 140
Trd, 4319990.343, 140
Trd, 4319991.143, 140
Trd, 4319991.393, 140
Trd, 4319992.943, 140
Trd, 4319993.693, 140
Trd, 4319993.743, 135
Trd, 4319994.043, 140
Trd, 4319995.743, 132
Trd, 4319995.943, 130
Trd, 4319996.243, 82
Trd, 4319996.843, 139
Trd, 4319996.943, 99
Trd, 4319997.543, 140
Trd, 4319998.143, 140
Trd, 4319998.243, 138
Trd, 4319999.593, 139
