Trd, 4318112.093, 115
Trd, 4318112.393, 117
Trd, 4318112.893, 114
Trd, 4318113.993, 93
Trd, 4318114.793, 77
Trd, 4318115.143, 85
Trd, 4318116.343, 102
Trd, 4318116.593, 122
Trd, 4318116.693, 121
Trd, 4318117.243, 107
Trd, 4318118.743, 101
Trd, 4318118.843, 99
Trd, 4318119.593, 127
Trd, 4318120.743, 111
Trd, 4318121.043, 110
Trd, 4318122.243, 132
Trd, 4318122.443, 125
Trd, 4318123.643, 128
Trd, 4318126.093, 124
Trd, 4318127.043, 133
Trd, 4318127.593, 120
Trd, 4318127.943, 115
Trd, 4318128.043, 114
Trd, 4318128.893, 139
Trd, 4318129.643, 121
Trd, 4318129.993, 68
Trd, 4318131.243, 131
Trd, 4318131.293, 115
Trd, 4318131.493, 85
Trd, 4318132.293, 139
Trd, 4318132.393, 122
Trd, 4318133.793, 139
Trd, 4318135.043, 139
Trd, 4318135.943, 81
Trd, 4318136.493, 90
Trd, 4318137.993, 121
Trd, 4318138.543, 112
Trd, 4318139.243, 67
Trd, 4318139.993, 73
Trd, 4318140.293, 67
Trd, 4318142.543, 117
Trd, 4318143.643, 104
Trd, 4318144.393, 101
Trd, 4318144.543, 93
Trd, 4318145.493, 128
Trd, 4318146.593, 123
Trd, 4318146.843, 105
Trd, 4318148.243, 132
Trd, 4318148.643, 118
Trd, 4318149.493, 118
Trd, 4318149.743, 104
Trd, 4318150.243, 99
Trd, 4318151.143, 91
Trd, 4318151.293, 84
Trd, 4318152.793, 68
Trd, 4318153.243, 93
Trd, 4318153.993, 80
Trd, 4318154.493, 93
Trd, 4318155.493, 107
Trd, 4318156.143, 77
Trd, 4318156.443, 89
Trd, 4318157.493, 60
Trd, 4318157.993, 90
Trd, 4318158.993, 61
Trd, 4318160.043, 78
Trd, 4318160.293, 75
Trd, 4318161.793, 123
Trd, 4318161.843, 113
Trd, 4318163.143, 86
Trd, 4318163.743, 84
Trd, 4318164.843, 129
Trd, 4318164.943, 110
Trd, 4318165.493, 130
Trd, 4318166.393, 126
Trd, 4318167.843, 106
Trd, 4318168.093, 81
Trd, 4318168.993, 124
Trd, 4318169.293, 81
Trd, 4318169.993, 118
Trd, 4318170.643, 101
Trd, 4318171.243, 118
Trd, 4318172.793, 129
Trd, 4318173.943, 120
Trd, 4318174.543, 132
Trd, 4318174.593, 115
Trd, 4318174.843, 136
Trd, 4318175.343, 132
Trd, 4318175.493, 105
Trd, 4318176.293, 70
Trd, 4318177.343, 63
Trd, 4318177.793, 96
Trd, 4318178.943, 106
Trd, 4318179.893, 76
Trd, 4318180.793, 109
Trd, 4318180.843, 79
Trd, 4318182.593, 137
Trd, 4318183.693, 110
Trd, 4318185.193, 133
Trd, 4318185.443, 123
Trd, 4318186.243, 90
Trd, 4318186.743, 85
Trd, 4318187.543, 134
Trd, 4318187.643, 127
Trd, 4318188.343, 119
Trd, 4318188.893, 118
Trd, 4318190.193, 131
Trd, 4318190.993, 138
Trd, 4318191.793, 135
Trd, 4318192.343, 104
Trd, 4318193.243, 124
Trd, 4318193.593, 115
Trd, 4318193.693, 132
Trd, 4318194.093, 130
Trd, 4318194.243, 115
Trd, 4318194.943, 99
Trd, 4318195.243, 85
Trd, 4318196.493, 95
Trd, 4318196.793, 131
Trd, 4318197.793, 131
Trd, 4318198.493, 111
Trd, 4318199.593, 119
Trd, 4318200.443, 132
Trd, 4318201.193, 138
Trd, 4318201.393, 133
Trd, 4318201.893, 131
Trd, 4318202.343, 69
Trd, 4318202.693, 110
Trd, 4318203.943, 111
Trd, 4318205.243, 93
Trd, 4318206.243, 134
Trd, 4318208.043, 126
Trd, 4318208.943, 119
Trd, 4318209.293, 110
Trd, 4318210.343, 116
Trd, 4318211.293, 120
Trd, 4318211.393, 115
Trd, 4318212.043, 106
Trd, 4318213.293, 129
Trd, 4318213.943, 114
Trd, 4318214.493, 95
Trd, 4318214.643, 90
Trd, 4318215.193, 98
Trd, 4318215.493, 122
Trd, 4318216.393, 118
Trd, 4318216.743, 89
Trd, 4318218.243, 125
Trd, 4318219.743, 121
Trd, 4318220.243, 119
Trd, 4318220.293, 110
Trd, 4318220.693, 131
Trd, 4318221.893, 97
Trd, 4318223.243, 115
Trd, 4318224.293, 128
Trd, 4318224.693, 128
Trd, 4318225.693, 132
Trd, 4318225.743, 109
Trd, 4318226.393, 135
Trd, 4318227.093, 118
Trd, 4318228.093, 118
Trd, 4318228.393, 95
Trd, 4318228.743, 125
Trd, 4318229.543, 139
Trd, 4318229.593, 132
Trd, 4318229.693, 109
Trd, 4318230.893, 138
Trd, 4318232.043, 72
Trd, 4318232.943, 63
Trd, 4318234.343, 72
Trd, 4318236.443, 133
Trd, 4318236.693, 134
Trd, 4318236.843, 133
Trd, 4318237.143, 100
Trd, 4318238.043, 111
Trd, 4318239.693, 110
Trd, 4318240.243, 94
Trd, 4318241.843, 86
Trd, 4318242.493, 92
Trd, 4318243.493, 132
Trd, 4318243.693, 78
Trd, 4318244.093, 97
Trd, 4318244.993, 93
Trd, 4318246.043, 90
Trd, 4318246.243, 115
Trd, 4318246.393, 117
Trd, 4318246.793, 80
Trd, 4318247.243, 124
Trd, 4318248.243, 97
Trd, 4318248.793, 131
Trd, 4318249.193, 82
Trd, 4318252.143, 135
Trd, 4318253.343, 134
Trd, 4318253.743, 101
Trd, 4318253.893, 114
Trd, 4318255.143, 125
Trd, 4318255.543, 117
Trd, 4318255.743, 104
Trd, 4318255.793, 91
Trd, 4318258.443, 130
Trd, 4318258.693, 118
Trd, 4318259.193, 97
Trd, 4318260.443, 92
Trd, 4318260.543, 75
Trd, 4318262.143, 127
Trd, 4318262.243, 121
Trd, 4318262.793, 120
Trd, 4318262.843, 86
Trd, 4318263.343, 115
Trd, 4318263.643, 114
Trd, 4318264.643, 96
Trd, 4318265.393, 102
Trd, 4318266.443, 124
Trd, 4318267.143, 69
Trd, 4318267.743, 105
Trd, 4318269.543, 114
Trd, 4318269.593, 108
Trd, 4318270.743, 82
Trd, 4318270.893, 82
Trd, 4318271.193, 93
Trd, 4318272.393, 110
Trd, 4318274.543, 128
Trd, 4318274.593, 116
Trd, 4318275.093, 116
Trd, 4318275.443, 107
Trd, 4318276.393, 136
Trd, 4318277.093, 130
Trd, 4318277.143, 64
Trd, 4318277.993, 75
Trd, 4318279.243, 108
Trd, 4318280.393, 125
Trd, 4318280.493, 111
Trd, 4318281.093, 93
Trd, 4318281.443, 136
Trd, 4318281.493, 134
Trd, 4318282.043, 110
Trd, 4318282.543, 67
Trd, 4318283.643, 104
Trd, 4318284.043, 84
Trd, 4318284.943, 84
Trd, 4318285.643, 75
Trd, 4318285.743, 87
Trd, 4318286.993, 110
Trd, 4318287.893, 104
Trd, 4318287.943, 89
Trd, 4318288.343, 110
Trd, 4318289.043, 91
Trd, 4318290.793, 136
Trd, 4318291.143, 135
Trd, 4318291.593, 125
Trd, 4318291.643, 118
Trd, 4318293.843, 101
Trd, 4318293.943, 126
Trd, 4318294.943, 117
Trd, 4318295.193, 84
Trd, 4318296.143, 63
Trd, 4318296.743, 108
Trd, 4318297.293, 107
Trd, 4318298.243, 134
Trd, 4318298.493, 116
Trd, 4318298.543, 106
Trd, 4318299.043, 135
Trd, 4318300.443, 82
Trd, 4318301.593, 77
Trd, 4318301.843, 72
Trd, 4318302.443, 127
Trd, 4318303.143, 96
Trd, 4318303.643, 72
Trd, 4318304.443, 67
Trd, 4318305.093, 68
Trd, 4318305.243, 60
Trd, 4318305.393, 75
Trd, 4318305.593, 66
Trd, 4318306.293, 65
Trd, 4318307.943, 106
Trd, 4318309.443, 91
Trd, 4318309.893, 74
Trd, 4318310.193, 64
Trd, 4318310.643, 135
Trd, 4318311.743, 119
Trd, 4318312.543, 107
Trd, 4318313.593, 117
Trd, 4318313.893, 103
Trd, 4318314.643, 102
Trd, 4318314.793, 69
Trd, 4318314.843, 108
Trd, 4318315.543, 64
Trd, 4318317.143, 74
Trd, 4318318.993, 123
Trd, 4318319.393, 112
Trd, 4318319.443, 103
Trd, 4318319.793, 81
Trd, 4318319.993, 60
Trd, 4318320.993, 91
Trd, 4318322.393, 90
Trd, 4318323.293, 128
Trd, 4318324.643, 127
Trd, 4318325.443, 99
Trd, 4318325.493, 93
Trd, 4318326.193, 118
Trd, 4318327.043, 124
Trd, 4318327.243, 67
Trd, 4318328.443, 63
Trd, 4318329.143, 95
Trd, 4318329.393, 67
Trd, 4318330.593, 84
Trd, 4318330.693, 106
Trd, 4318331.043, 60
Trd, 4318331.843, 122
Trd, 4318333.493, 131
Trd, 4318333.593, 83
Trd, 4318334.293, 66
Trd, 4318334.843, 126
Trd, 4318334.943, 116
Trd, 4318335.193, 107
Trd, 4318336.043, 112
Trd, 4318337.743, 138
Trd, 4318338.143, 123
Trd, 4318338.943, 116
Trd, 4318339.143, 103
Trd, 4318340.243, 128
Trd, 4318340.393, 127
Trd, 4318341.493, 92
Trd, 4318342.143, 83
Trd, 4318342.193, 76
Trd, 4318342.543, 88
Trd, 4318344.843, 132
Trd, 4318345.443, 104
Trd, 4318345.743, 90
Trd, 4318346.143, 103
Trd, 4318346.843, 115
Trd, 4318348.343, 61
Trd, 4318350.193, 74
Trd, 4318350.693, 124
Trd, 4318350.943, 133
Trd, 4318351.193, 123
Trd, 4318352.343, 138
Trd, 4318353.193, 121
Trd, 4318353.243, 120
Trd, 4318353.943, 66
Trd, 4318354.943, 67
Trd, 4318356.143, 62
Trd, 4318357.543, 108
Trd, 4318357.743, 98
Trd, 4318358.593, 126
Trd, 4318359.593, 135
Trd, 4318360.743, 121
Trd, 4318360.793, 119
Trd, 4318362.493, 140
Trd, 4318362.643, 140
Trd, 4318364.793, 86
Trd, 4318366.943, 110
Trd, 4318367.493, 136
Trd, 4318368.993, 101
Trd, 4318370.343, 137
Trd, 4318370.393, 128
Trd, 4318370.993, 104
Trd, 4318371.243, 97
Trd, 4318371.543, 89
Trd, 4318372.393, 74
Trd, 4318372.643, 62
Trd, 4318373.143, 90
Trd, 4318373.293, 130
Trd, 4318374.943, 81
Trd, 4318375.743, 119
Trd, 4318377.343, 122
Trd, 4318377.943, 108
Trd, 4318378.143, 106
Trd, 4318378.243, 74
Trd, 4318379.343, 120
Trd, 4318379.993, 110
Trd, 4318380.543, 117
Trd, 4318381.293, 122
Trd, 4318382.093, 121
Trd, 4318382.743, 120
Trd, 4318383.343, 116
Trd, 4318383.593, 115
Trd, 4318384.093, 97
Trd, 4318386.043, 140
Trd, 4318386.943, 136
Trd, 4318387.693, 122
Trd, 4318387.843, 118
Trd, 4318388.843, 130
Trd, 4318389.043, 89
Trd, 4318389.193, 75
Trd, 4318389.293, 129
Trd, 4318390.343, 61
Trd, 4318390.693, 129
Trd, 4318393.093, 103
Trd, 4318394.393, 124
Trd, 4318394.793, 119
Trd, 4318395.143, 106
Trd, 4318395.443, 99
Trd, 4318396.993, 107
Trd, 4318397.343, 129
Trd, 4318398.743, 130
Trd, 4318398.993, 107
Trd, 4318399.293, 136
Trd, 4318399.993, 134
Trd, 4318400.343, 117
Trd, 4318403.243, 138
Trd, 4318403.343, 131
Trd, 4318403.893, 133
Trd, 4318404.593, 121
Trd, 4318404.643, 119
Trd, 4318405.193, 118
Trd, 4318407.343, 135
Trd, 4318407.493, 130
Trd, 4318407.643, 124
Trd, 4318408.293, 68
Trd, 4318409.343, 120
Trd, 4318410.093, 111
Trd, 4318410.893, 118
Trd, 4318411.343, 138
Trd, 4318411.743, 117
Trd, 4318413.143, 103
Trd, 4318414.043, 108
Trd, 4318414.093, 127
Trd, 4318414.693, 104
Trd, 4318414.743, 102
Trd, 4318417.593, 106
Trd, 4318417.993, 105
Trd, 4318418.743, 82
Trd, 4318419.143, 94
Trd, 4318419.493, 125
Trd, 4318419.543, 76
Trd, 4318419.743, 64
Trd, 4318420.243, 75
Trd, 4318420.393, 133
Trd, 4318421.243, 83
Trd, 4318421.693, 81
Trd, 4318422.693, 103
Trd, 4318422.843, 100
Trd, 4318423.743, 132
Trd, 4318425.393, 75
Trd, 4318426.693, 116
Trd, 4318428.093, 102
Trd, 4318428.243, 111
Trd, 4318428.543, 101
Trd, 4318428.743, 97
Trd, 4318428.943, 121
Trd, 4318430.843, 138
Trd, 4318431.043, 123
Trd, 4318431.443, 111
Trd, 4318432.193, 132
Trd, 4318432.293, 72
Trd, 4318434.643, 137
Trd, 4318434.843, 104
Trd, 4318434.993, 82
Trd, 4318437.193, 128
Trd, 4318437.893, 114
Trd, 4318438.243, 103
Trd, 4318438.693, 115
Trd, 4318438.993, 62
Trd, 4318440.993, 123
Trd, 4318441.593, 122
Trd, 4318442.193, 114
Trd, 4318445.543, 125
Trd, 4318445.593, 108
Trd, 4318446.343, 134
Trd, 4318448.093, 107
Trd, 4318448.443, 93
Trd, 4318448.543, 105
Trd, 4318449.693, 93
Trd, 4318449.843, 70
Trd, 4318450.593, 80
Trd, 4318450.993, 76
Trd, 4318451.843, 119
Trd, 4318452.093, 87
Trd, 4318452.543, 76
Trd, 4318453.643, 60
Trd, 4318453.843, 92
Trd, 4318453.893, 122
Trd, 4318454.943, 60
Trd, 4318455.443, 140
Trd, 4318457.293, 127
Trd, 4318457.543, 94
Trd, 4318457.643, 84
Trd, 4318457.843, 69
Trd, 4318459.143, 75
Trd, 4318459.343, 73
Trd, 4318459.443, 97
Trd, 4318459.843, 83
Trd, 4318460.393, 90
Trd, 4318461.243, 99
Trd, 4318462.693, 67
Trd, 4318464.393, 97
Trd, 4318464.693, 84
Trd, 4318465.243, 80
Trd, 4318465.343, 74
Trd, 4318465.943, 108
Trd, 4318466.443, 114
Trd, 4318467.193, 106
Trd, 4318468.443, 132
Trd, 4318468.643, 87
Trd, 4318469.893, 94
Trd, 4318471.193, 110
Trd, 4318472.393, 115
Trd, 4318472.993, 80
Trd, 4318473.743, 94
Trd, 4318474.743, 96
Trd, 4318474.893, 132
Trd, 4318475.243, 65
Trd, 4318476.143, 104
Trd, 4318476.543, 85
Trd, 4318478.693, 117
Trd, 4318479.243, 100
Trd, 4318480.693, 94
Trd, 4318482.393, 104
Trd, 4318482.443, 103
Trd, 4318482.743, 102
Trd, 4318482.893, 97
Trd, 4318485.093, 113
Trd, 4318486.193, 85
Trd, 4318487.193, 90
Trd, 4318487.743, 109
Trd, 4318487.943, 82
Trd, 4318488.043, 82
Trd, 4318488.493, 106
Trd, 4318489.243, 70
Trd, 4318490.093, 91
Trd, 4318491.543, 112
Trd, 4318492.293, 126
Trd, 4318492.393, 124
Trd, 4318493.643, 120
Trd, 4318493.893, 100
Trd, 4318494.493, 140
Trd, 4318494.843, 100
Trd, 4318496.343, 132
Trd, 4318496.393, 126
Trd, 4318497.743, 108
Trd, 4318497.793, 102
Trd, 4318498.793, 79
Trd, 4318499.243, 95
Trd, 4318500.043, 117
Trd, 4318500.693, 115
Trd, 4318500.843, 122
Trd, 4318502.293, 121
Trd, 4318502.743, 76
Trd, 4318503.043, 117
Trd, 4318503.293, 75
Trd, 4318503.593, 71
Trd, 4318504.293, 126
Trd, 4318504.843, 106
Trd, 4318505.543, 124
Trd, 4318508.143, 121
Trd, 4318508.493, 120
Trd, 4318508.593, 117
Trd, 4318510.493, 114
Trd, 4318510.843, 138
Trd, 4318511.993, 126
Trd, 4318512.543, 121
Trd, 4318512.743, 102
Trd, 4318513.493, 104
Trd, 4318513.993, 106
Trd, 4318514.943, 101
Trd, 4318515.243, 107
Trd, 4318515.293, 64
Trd, 4318516.593, 133
Trd, 4318518.043, 138
Trd, 4318519.443, 135
Trd, 4318521.093, 89
Trd, 4318521.643, 109
Trd, 4318523.593, 90
Trd, 4318523.893, 101
Trd, 4318524.843, 110
Trd, 4318525.043, 115
Trd, 4318525.793, 125
Trd, 4318526.693, 113
Trd, 4318526.843, 70
Trd, 4318527.843, 94
Trd, 4318528.043, 110
Trd, 4318530.643, 139
Trd, 4318531.343, 137
Trd, 4318531.393, 134
Trd, 4318531.593, 129
Trd, 4318532.193, 140
Trd, 4318532.693, 138
Trd, 4318533.093, 111
Trd, 4318534.043, 63
Trd, 4318534.243, 69
Trd, 4318534.343, 123
Trd, 4318535.643, 61
Trd, 4318535.743, 76
Trd, 4318537.593, 125
Trd, 4318538.893, 69
Trd, 4318539.843, 64
Trd, 4318540.343, 82
Trd, 4318540.593, 101
Trd, 4318540.693, 117
Trd, 4318541.193, 72
Trd, 4318542.943, 140
Trd, 4318543.393, 100
Trd, 4318543.893, 114
Trd, 4318544.443, 101
Trd, 4318544.793, 96
Trd, 4318545.793, 86
Trd, 4318547.993, 113
Trd, 4318548.293, 121
Trd, 4318548.343, 104
Trd, 4318548.643, 86
Trd, 4318548.893, 66
Trd, 4318549.393, 115
Trd, 4318550.993, 74
Trd, 4318551.193, 89
Trd, 4318551.593, 95
Trd, 4318551.743, 88
Trd, 4318553.143, 124
Trd, 4318553.193, 116
Trd, 4318555.393, 88
Trd, 4318555.893, 77
Trd, 4318556.843, 120
Trd, 4318557.593, 110
Trd, 4318558.543, 108
Trd, 4318558.843, 106
Trd, 4318559.843, 103
Trd, 4318560.293, 115
Trd, 4318561.393, 90
Trd, 4318561.893, 135
Trd, 4318562.293, 86
Trd, 4318562.343, 84
Trd, 4318563.093, 88
Trd, 4318563.793, 95
Trd, 4318564.093, 68
Trd, 4318565.343, 72
Trd, 4318565.743, 68
Trd, 4318566.293, 80
Trd, 4318568.243, 137
Trd, 4318568.493, 122
Trd, 4318568.693, 62
Trd, 4318570.193, 100
Trd, 4318570.593, 92
Trd, 4318571.443, 119
Trd, 4318571.993, 138
Trd, 4318572.743, 121
Trd, 4318574.043, 130
Trd, 4318574.343, 88
Trd, 4318575.443, 100
Trd, 4318576.193, 74
Trd, 4318576.543, 61
Trd, 4318577.343, 81
Trd, 4318578.243, 81
Trd, 4318578.393, 87
Trd, 4318579.293, 76
Trd, 4318580.193, 109
Trd, 4318581.143, 100
Trd, 4318581.543, 80
Trd, 4318582.043, 81
Trd, 4318582.443, 98
Trd, 4318582.993, 108
Trd, 4318584.993, 66
Trd, 4318586.793, 90
Trd, 4318587.393, 111
Trd, 4318587.493, 84
Trd, 4318587.593, 102
Trd, 4318588.543, 67
Trd, 4318589.343, 106
Trd, 4318590.293, 102
Trd, 4318591.393, 106
Trd, 4318591.843, 105
Trd, 4318592.493, 71
Trd, 4318593.443, 137
Trd, 4318594.193, 73
Trd, 4318595.093, 83
Trd, 4318595.593, 73
Trd, 4318595.643, 79
Trd, 4318596.693, 103
Trd, 4318598.543, 77
Trd, 4318599.043, 81
Trd, 4318600.243, 89
Trd, 4318600.943, 105
Trd, 4318600.993, 102
Trd, 4318601.593, 97
Trd, 4318603.093, 120
Trd, 4318603.843, 107
Trd, 4318606.043, 93
Trd, 4318606.993, 119
Trd, 4318607.343, 110
Trd, 4318607.943, 71
Trd, 4318608.643, 113
Trd, 4318608.993, 100
Trd, 4318610.143, 103
Trd, 4318610.743, 98
Trd, 4318610.843, 96
Trd, 4318611.693, 70
Trd, 4318612.093, 61
Trd, 4318613.493, 63
Trd, 4318615.143, 65
Trd, 4318616.043, 60
Trd, 4318616.693, 74
Trd, 4318617.193, 83
Trd, 4318617.393, 108
Trd, 4318618.193, 92
Trd, 4318618.443, 111
Trd, 4318619.143, 92
Trd, 4318620.043, 119
Trd, 4318620.443, 77
Trd, 4318621.643, 137
Trd, 4318622.543, 91
Trd, 4318622.793, 120
Trd, 4318623.843, 88
Trd, 4318623.943, 95
Trd, 4318624.743, 90
Trd, 4318625.443, 116
Trd, 4318626.243, 84
Trd, 4318626.443, 110
Trd, 4318626.643, 61
Trd, 4318627.543, 107
Trd, 4318627.643, 81
Trd, 4318629.793, 93
Trd, 4318630.193, 108
Trd, 4318630.643, 70
Trd, 4318631.243, 93
Trd, 4318631.943, 60
Trd, 4318632.993, 122
Trd, 4318634.843, 88
Trd, 4318635.643, 83
Trd, 4318636.493, 126
Trd, 4318637.793, 97
Trd, 4318637.993, 98
Trd, 4318638.893, 106
Trd, 4318640.343, 109
Trd, 4318640.893, 102
Trd, 4318641.743, 134
Trd, 4318641.843, 100
Trd, 4318643.143, 125
Trd, 4318643.443, 117
Trd, 4318644.093, 130
Trd, 4318644.293, 121
Trd, 4318646.243, 84
Trd, 4318646.393, 68
Trd, 4318646.943, 60
Trd, 4318647.293, 125
Trd, 4318647.993, 90
Trd, 4318649.343, 121
Trd, 4318650.743, 90
Trd, 4318651.843, 97
Trd, 4318652.043, 111
Trd, 4318652.643, 105
Trd, 4318653.843, 68
Trd, 4318654.943, 103
Trd, 4318655.243, 98
Trd, 4318655.693, 97
Trd, 4318656.943, 91
Trd, 4318657.143, 80
Trd, 4318657.293, 78
Trd, 4318658.993, 133
Trd, 4318659.493, 102
Trd, 4318659.843, 115
Trd, 4318660.593, 119
Trd, 4318662.343, 119
Trd, 4318662.393, 96
Trd, 4318665.093, 80
Trd, 4318665.143, 81
Trd, 4318665.543, 84
Trd, 4318666.043, 80
Trd, 4318666.593, 69
Trd, 4318667.493, 115
Trd, 4318669.193, 92
Trd, 4318669.693, 124
Trd, 4318670.093, 92
Trd, 4318671.143, 129
Trd, 4318671.293, 86
Trd, 4318671.443, 122
Trd, 4318672.293, 85
Trd, 4318673.343, 117
Trd, 4318674.743, 125
Trd, 4318674.793, 113
Trd, 4318675.143, 107
Trd, 4318676.943, 126
Trd, 4318677.193, 128
Trd, 4318677.243, 118
Trd, 4318678.443, 117
Trd, 4318678.893, 132
Trd, 4318682.293, 119
Trd, 4318682.793, 124
Trd, 4318683.743, 110
Trd, 4318684.093, 109
Trd, 4318685.093, 140
Trd, 4318685.193, 103
Trd, 4318685.693, 102
Trd, 4318686.743, 96
Trd, 4318687.093, 92
Trd, 4318687.143, 91
Trd, 4318687.243, 92
Trd, 4318688.943, 119
Trd, 4318689.593, 109
Trd, 4318690.343, 128
Trd, 4318691.343, 109
Trd, 4318691.643, 134
Trd, 4318691.993, 129
Trd, 4318692.443, 78
Trd, 4318692.793, 87
Trd, 4318694.543, 79
Trd, 4318695.693, 67
Trd, 4318697.093, 67
Trd, 4318697.343, 103
Trd, 4318698.393, 109
Trd, 4318699.293, 70
Trd, 4318700.143, 82
Trd, 4318700.843, 108
Trd, 4318701.093, 98
Trd, 4318701.643, 88
Trd, 4318701.943, 71
Trd, 4318703.343, 111
Trd, 4318704.093, 117
Trd, 4318705.043, 122
Trd, 4318705.543, 105
Trd, 4318706.843, 114
Trd, 4318707.693, 125
Trd, 4318708.193, 140
Trd, 4318708.893, 71
Trd, 4318709.193, 62
Trd, 4318710.093, 94
Trd, 4318710.743, 110
Trd, 4318711.193, 100
Trd, 4318713.143, 132
Trd, 4318713.643, 81
Trd, 4318714.843, 112
Trd, 4318715.243, 62
Trd, 4318716.043, 100
Trd, 4318716.543, 73
Trd, 4318716.793, 113
Trd, 4318717.693, 138
Trd, 4318719.093, 94
Trd, 4318720.043, 138
Trd, 4318720.493, 119
Trd, 4318721.193, 105
Trd, 4318721.543, 109
Trd, 4318721.643, 70
Trd, 4318721.893, 87
Trd, 4318722.393, 64
Trd, 4318724.243, 68
Trd, 4318724.793, 83
Trd, 4318726.443, 140
Trd, 4318726.543, 90
Trd, 4318727.193, 111
Trd, 4318727.843, 82
Trd, 4318728.793, 133
Trd, 4318729.493, 80
Trd, 4318730.293, 68
Trd, 4318730.543, 102
Trd, 4318730.993, 110
Trd, 4318731.943, 103
Trd, 4318733.843, 130
Trd, 4318735.043, 132
Trd, 4318735.193, 116
Trd, 4318735.293, 112
Trd, 4318735.443, 118
Trd, 4318735.943, 95
Trd, 4318736.543, 101
Trd, 4318737.243, 123
Trd, 4318737.843, 93
Trd, 4318738.943, 92
Trd, 4318739.543, 82
Trd, 4318739.943, 114
Trd, 4318741.393, 96
Trd, 4318741.843, 138
Trd, 4318742.693, 78
Trd, 4318742.943, 71
Trd, 4318743.193, 105
Trd, 4318743.743, 60
Trd, 4318744.693, 87
Trd, 4318744.893, 95
Trd, 4318745.643, 79
Trd, 4318746.593, 137
Trd, 4318747.443, 137
Trd, 4318747.543, 126
Trd, 4318749.343, 87
Trd, 4318750.343, 111
Trd, 4318750.893, 113
Trd, 4318751.443, 138
Trd, 4318752.243, 113
Trd, 4318752.643, 123
Trd, 4318753.343, 136
Trd, 4318753.643, 112
Trd, 4318753.743, 105
Trd, 4318754.293, 99
Trd, 4318754.743, 81
Trd, 4318755.643, 114
Trd, 4318756.043, 120
Trd, 4318756.593, 119
Trd, 4318757.543, 105
Trd, 4318757.593, 80
Trd, 4318758.693, 136
Trd, 4318758.843, 134
Trd, 4318759.743, 69
Trd, 4318759.943, 96
Trd, 4318760.693, 109
Trd, 4318762.493, 85
Trd, 4318764.043, 100
Trd, 4318764.793, 137
Trd, 4318765.193, 128
Trd, 4318765.643, 100
Trd, 4318766.343, 99
Trd, 4318768.593, 124
Trd, 4318768.743, 117
Trd, 4318768.943, 124
Trd, 4318769.643, 100
Trd, 4318771.143, 128
Trd, 4318771.293, 133
Trd, 4318771.743, 88
Trd, 4318772.743, 123
Trd, 4318774.043, 117
Trd, 4318774.693, 93
Trd, 4318774.743, 77
Trd, 4318775.043, 75
Trd, 4318775.443, 75
Trd, 4318775.493, 104
Trd, 4318776.043, 114
Trd, 4318776.693, 98
Trd, 4318778.143, 105
Trd, 4318778.593, 81
Trd, 4318778.693, 96
Trd, 4318779.143, 122
Trd, 4318780.443, 121
Trd, 4318780.943, 107
Trd, 4318781.593, 106
Trd, 4318781.993, 105
Trd, 4318782.543, 126
Trd, 4318783.043, 115
Trd, 4318783.193, 111
Trd, 4318783.293, 99
Trd, 4318783.593, 93
Trd, 4318785.893, 80
Trd, 4318787.893, 89
Trd, 4318788.243, 63
Trd, 4318788.943, 126
Trd, 4318789.593, 72
Trd, 4318789.893, 69
Trd, 4318790.893, 123
Trd, 4318791.093, 107
Trd, 4318791.693, 137
Trd, 4318792.043, 124
Trd, 4318792.193, 127
Trd, 4318792.993, 93
Trd, 4318794.343, 63
Trd, 4318794.393, 100
Trd, 4318796.393, 140
Trd, 4318796.493, 127
Trd, 4318796.993, 81
Trd, 4318797.193, 67
Trd, 4318797.943, 96
Trd, 4318799.493, 107
Trd, 4318799.693, 132
Trd, 4318800.393, 124
Trd, 4318801.343, 94
Trd, 4318802.543, 114
Trd, 4318802.843, 106
Trd, 4318803.543, 122
Trd, 4318804.443, 119
Trd, 4318804.643, 93
Trd, 4318806.843, 136
Trd, 4318807.143, 97
Trd, 4318808.443, 120
Trd, 4318808.543, 115
Trd, 4318809.043, 67
Trd, 4318809.293, 76
Trd, 4318810.793, 99
Trd, 4318811.793, 92
Trd, 4318811.843, 101
Trd, 4318813.693, 92
Trd, 4318814.043, 79
Trd, 4318814.393, 115
Trd, 4318814.843, 72
Trd, 4318815.243, 102
Trd, 4318815.693, 101
Trd, 4318815.943, 135
Trd, 4318816.643, 134
Trd, 4318816.943, 104
Trd, 4318818.643, 88
Trd, 4318819.043, 113
Trd, 4318819.693, 75
Trd, 4318819.943, 101
Trd, 4318820.493, 69
Trd, 4318821.343, 105
Trd, 4318821.543, 123
Trd, 4318821.843, 70
Trd, 4318823.243, 76
Trd, 4318823.443, 65
Trd, 4318825.793, 126
Trd, 4318826.643, 114
Trd, 4318827.043, 135
Trd, 4318827.393, 117
Trd, 4318828.043, 91
Trd, 4318828.993, 114
Trd, 4318830.343, 136
Trd, 4318830.493, 119
Trd, 4318831.743, 107
Trd, 4318832.043, 114
Trd, 4318832.643, 133
Trd, 4318832.793, 123
Trd, 4318833.143, 97
Trd, 4318833.193, 96
Trd, 4318833.343, 86
Trd, 4318834.543, 124
Trd, 4318835.193, 67
Trd, 4318836.143, 131
Trd, 4318836.193, 115
Trd, 4318837.293, 80
Trd, 4318837.543, 83
Trd, 4318838.043, 62
Trd, 4318839.843, 75
Trd, 4318839.993, 79
Trd, 4318840.243, 106
Trd, 4318841.743, 140
Trd, 4318841.943, 100
Trd, 4318842.743, 88
Trd, 4318844.093, 127
Trd, 4318844.443, 109
Trd, 4318845.893, 134
Trd, 4318845.993, 126
Trd, 4318846.693, 136
Trd, 4318847.143, 135
Trd, 4318847.743, 105
Trd, 4318848.543, 121
Trd, 4318848.593, 91
Trd, 4318850.343, 120
Trd, 4318851.243, 105
Trd, 4318852.243, 114
Trd, 4318852.893, 118
Trd, 4318853.043, 128
Trd, 4318853.143, 94
Trd, 4318853.793, 115
Trd, 4318853.843, 106
Trd, 4318854.993, 64
Trd, 4318856.193, 119
Trd, 4318857.643, 118
Trd, 4318858.793, 115
Trd, 4318859.143, 113
Trd, 4318859.293, 91
Trd, 4318859.643, 87
Trd, 4318861.093, 138
Trd, 4318861.893, 131
Trd, 4318862.843, 118
Trd, 4318863.893, 128
Trd, 4318865.343, 128
Trd, 4318865.393, 114
Trd, 4318865.893, 115
Trd, 4318866.443, 109
Trd, 4318866.843, 101
Trd, 4318867.543, 99
Trd, 4318868.243, 120
Trd, 4318868.843, 73
Trd, 4318870.543, 88
Trd, 4318870.893, 128
Trd, 4318872.143, 87
Trd, 4318872.993, 72
Trd, 4318873.443, 116
Trd, 4318873.643, 73
Trd, 4318874.093, 135
Trd, 4318874.393, 70
Trd, 4318875.793, 119
Trd, 4318876.943, 113
Trd, 4318876.993, 123
Trd, 4318877.743, 134
Trd, 4318877.843, 116
Trd, 4318878.293, 138
Trd, 4318878.593, 135
Trd, 4318880.043, 60
Trd, 4318881.293, 134
Trd, 4318882.143, 81
Trd, 4318882.993, 74
Trd, 4318883.293, 92
Trd, 4318883.493, 79
Trd, 4318884.243, 79
Trd, 4318884.693, 74
Trd, 4318885.843, 67
Trd, 4318886.993, 132
Trd, 4318887.343, 122
Trd, 4318887.493, 128
Trd, 4318888.243, 134
Trd, 4318888.743, 117
Trd, 4318889.593, 91
Trd, 4318890.943, 122
Trd, 4318891.243, 113
Trd, 4318891.293, 108
Trd, 4318891.993, 117
Trd, 4318893.293, 115
Trd, 4318893.793, 131
Trd, 4318894.093, 106
Trd, 4318894.593, 125
Trd, 4318896.093, 116
Trd, 4318896.443, 117
Trd, 4318897.643, 90
Trd, 4318897.993, 140
Trd, 4318898.993, 127
Trd, 4318901.743, 131
Trd, 4318901.843, 120
Trd, 4318902.193, 106
Trd, 4318902.893, 124
Trd, 4318903.693, 100
Trd, 4318903.743, 92
Trd, 4318904.243, 119
Trd, 4318905.393, 129
Trd, 4318906.093, 128
Trd, 4318906.193, 111
Trd, 4318907.293, 119
Trd, 4318908.193, 114
Trd, 4318908.693, 111
Trd, 4318908.943, 120
Trd, 4318910.043, 114
Trd, 4318910.243, 106
Trd, 4318911.343, 126
Trd, 4318911.943, 77
Trd, 4318912.393, 74
Trd, 4318912.643, 67
Trd, 4318914.543, 75
Trd, 4318916.693, 133
Trd, 4318917.093, 128
Trd, 4318917.543, 125
Trd, 4318917.793, 112
Trd, 4318918.843, 100
Trd, 4318918.993, 113
Trd, 4318921.293, 63
Trd, 4318922.193, 80
Trd, 4318923.193, 130
Trd, 4318923.793, 137
Trd, 4318924.543, 117
Trd, 4318924.693, 136
Trd, 4318924.743, 111
Trd, 4318925.443, 80
Trd, 4318926.193, 135
Trd, 4318926.343, 71
Trd, 4318928.093, 99
Trd, 4318929.043, 76
Trd, 4318929.343, 81
Trd, 4318929.393, 88
Trd, 4318930.143, 101
Trd, 4318930.543, 90
Trd, 4318930.643, 125
Trd, 4318931.293, 138
Trd, 4318932.393, 133
Trd, 4318932.793, 120
Trd, 4318933.293, 90
Trd, 4318935.543, 122
Trd, 4318936.443, 118
Trd, 4318936.843, 108
Trd, 4318937.143, 103
Trd, 4318937.243, 73
Trd, 4318938.293, 63
Trd, 4318938.343, 93
Trd, 4318939.743, 87
Trd, 4318940.193, 65
Trd, 4318941.243, 118
Trd, 4318941.493, 92
Trd, 4318941.993, 70
Trd, 4318942.243, 112
Trd, 4318942.693, 80
Trd, 4318944.643, 74
Trd, 4318945.243, 78
Trd, 4318945.993, 87
Trd, 4318946.293, 76
Trd, 4318947.043, 93
Trd, 4318947.443, 110
Trd, 4318948.093, 111
Trd, 4318948.193, 97
Trd, 4318948.493, 80
Trd, 4318949.393, 115
Trd, 4318950.343, 126
Trd, 4318950.743, 74
Trd, 4318952.693, 136
Trd, 4318952.793, 127
Trd, 4318953.043, 80
Trd, 4318954.643, 102
Trd, 4318955.093, 96
Trd, 4318955.993, 136
Trd, 4318956.243, 118
Trd, 4318957.143, 135
Trd, 4318957.293, 129
Trd, 4318957.543, 111
Trd, 4318959.243, 103
Trd, 4318959.593, 123
Trd, 4318960.943, 108
Trd, 4318962.293, 128
Trd, 4318963.043, 136
Trd, 4318963.493, 131
Trd, 4318964.543, 124
Trd, 4318964.743, 125
Trd, 4318966.743, 109
Trd, 4318967.193, 106
Trd, 4318967.543, 99
Trd, 4318968.693, 137
Trd, 4318970.193, 140
Trd, 4318971.743, 69
Trd, 4318972.193, 67
Trd, 4318972.693, 125
Trd, 4318973.643, 122
Trd, 4318973.793, 120
Trd, 4318973.893, 101
Trd, 4318976.243, 130
Trd, 4318976.993, 116
Trd, 4318977.893, 126
Trd, 4318978.443, 126
Trd, 4318978.793, 118
Trd, 4318979.543, 127
Trd, 4318979.643, 114
Trd, 4318980.393, 129
Trd, 4318981.493, 119
Trd, 4318981.643, 107
Trd, 4318982.093, 100
Trd, 4318983.193, 133
Trd, 4318983.843, 130
Trd, 4318984.243, 92
Trd, 4318984.643, 120
Trd, 4318985.693, 114
Trd, 4318986.293, 108
Trd, 4318986.893, 117
Trd, 4318987.743, 110
Trd, 4318988.693, 130
Trd, 4318990.093, 91
Trd, 4318990.593, 92
Trd, 4318992.643, 137
Trd, 4318994.143, 91
Trd, 4318994.343, 99
Trd, 4318994.593, 110
Trd, 4318995.093, 128
Trd, 4318996.843, 102
Trd, 4318997.943, 138
Trd, 4318998.143, 100
Trd, 4318998.243, 111
Trd, 4318998.743, 128
Trd, 4318999.093, 95
Trd, 4319000.093, 85
Trd, 4319000.393, 82
Trd, 4319002.443, 89
Trd, 4319002.543, 105
Trd, 4319003.293, 82
Trd, 4319003.793, 82
Trd, 4319005.593, 118
Trd, 4319005.643, 102
Trd, 4319006.093, 117
Trd, 4319006.493, 87
Trd, 4319007.493, 116
Trd, 4319008.593, 132
Trd, 4319009.043, 93
Trd, 4319009.393, 113
Trd, 4319009.843, 92
Trd, 4319010.243, 80
Trd, 4319010.793, 101
Trd, 4319011.343, 90
Trd, 4319012.343, 129
Trd, 4319012.443, 95
Trd, 4319013.143, 139
Trd, 4319013.893, 94
Trd, 4319016.143, 92
Trd, 4319016.493, 92
Trd, 4319016.543, 88
Trd, 4319017.343, 106
Trd, 4319018.143, 76
Trd, 4319019.443, 107
Trd, 4319019.743, 102
Trd, 4319020.043, 94
Trd, 4319020.093, 93
Trd, 4319021.243, 125
Trd, 4319022.143, 137
Trd, 4319023.193, 123
Trd, 4319024.293, 89
Trd, 4319025.093, 65
Trd, 4319025.143, 116
Trd, 4319028.393, 126
Trd, 4319029.093, 109
Trd, 4319030.143, 84
Trd, 4319030.593, 84
Trd, 4319030.743, 82
Trd, 4319030.893, 93
Trd, 4319033.743, 104
Trd, 4319034.243, 77
Trd, 4319034.293, 69
Trd, 4319034.693, 110
Trd, 4319036.443, 128
Trd, 4319037.593, 125
Trd, 4319038.193, 115
Trd, 4319039.293, 114
Trd, 4319040.643, 116
Trd, 4319040.793, 106
Trd, 4319041.393, 106
Trd, 4319042.693, 100
Trd, 4319043.093, 115
Trd, 4319043.143, 85
Trd, 4319044.093, 62
Trd, 4319044.643, 84
Trd, 4319046.243, 61
Trd, 4319046.293, 73
Trd, 4319046.693, 90
Trd, 4319046.993, 71
Trd, 4319047.143, 78
Trd, 4319048.143, 97
Trd, 4319048.693, 79
Trd, 4319050.193, 64
Trd, 4319050.693, 87
Trd, 4319051.493, 73
Trd, 4319051.793, 84
Trd, 4319052.043, 68
Trd, 4319054.043, 128
Trd, 4319055.443, 119
Trd, 4319055.793, 131
Trd, 4319056.543, 130
Trd, 4319056.993, 123
Trd, 4319057.193, 116
Trd, 4319057.493, 138
Trd, 4319057.543, 109
Trd, 4319057.893, 94
Trd, 4319058.893, 114
Trd, 4319059.743, 82
Trd, 4319060.043, 112
Trd, 4319062.193, 95
Trd, 4319062.443, 82
Trd, 4319063.093, 95
Trd, 4319063.543, 113
Trd, 4319063.643, 74
Trd, 4319064.443, 98
Trd, 4319064.843, 68
Trd, 4319065.793, 139
Trd, 4319066.793, 105
Trd, 4319067.043, 125
Trd, 4319068.043, 86
Trd, 4319069.443, 140
Trd, 4319069.593, 106
Trd, 4319070.243, 107
Trd, 4319070.893, 93
Trd, 4319071.493, 119
Trd, 4319071.843, 92
Trd, 4319072.993, 97
Trd, 4319073.393, 80
Trd, 4319074.093, 124
Trd, 4319075.893, 78
Trd, 4319076.093, 80
Trd, 4319077.293, 79
Trd, 4319077.843, 77
Trd, 4319078.643, 75
Trd, 4319079.843, 124
Trd, 4319080.193, 70
Trd, 4319080.643, 107
Trd, 4319080.843, 68
Trd, 4319081.743, 109
Trd, 4319081.993, 83
Trd, 4319082.343, 77
Trd, 4319082.643, 106
Trd, 4319083.693, 77
Trd, 4319084.093, 74
Trd, 4319085.093, 68
Trd, 4319085.793, 67
Trd, 4319086.293, 62
Trd, 4319086.843, 99
Trd, 4319087.543, 60
Trd, 4319088.893, 81
Trd, 4319089.493, 93
Trd, 4319090.393, 66
Trd, 4319091.693, 60
Trd, 4319091.743, 75
Trd, 4319092.743, 89
Trd, 4319093.693, 111
Trd, 4319095.043, 83
Trd, 4319096.243, 110
Trd, 4319096.693, 94
Trd, 4319096.743, 111
Trd, 4319097.193, 134
Trd, 4319098.493, 99
Trd, 4319099.093, 115
Trd, 4319100.593, 117
Trd, 4319101.193, 112
Trd, 4319101.393, 108
Trd, 4319101.593, 73
Trd, 4319103.143, 110
Trd, 4319103.793, 97
Trd, 4319104.343, 107
Trd, 4319106.343, 69
Trd, 4319106.443, 136
Trd, 4319106.993, 95
Trd, 4319107.293, 85
Trd, 4319108.143, 133
Trd, 4319108.193, 119
Trd, 4319109.293, 109
Trd, 4319110.743, 86
Trd, 4319111.093, 130
Trd, 4319112.443, 128
Trd, 4319112.493, 83
Trd, 4319112.843, 114
Trd, 4319113.143, 104
Trd, 4319113.243, 72
Trd, 4319114.693, 77
Trd, 4319116.343, 95
Trd, 4319116.493, 91
Trd, 4319116.943, 106
Trd, 4319117.493, 83
Trd, 4319118.093, 81
Trd, 4319119.293, 100
Trd, 4319119.393, 81
Trd, 4319121.443, 91
Trd, 4319121.743, 101
Trd, 4319122.743, 122
Trd, 4319123.793, 90
Trd, 4319124.493, 88
Trd, 4319125.043, 78
Trd, 4319126.043, 65
Trd, 4319126.393, 71
Trd, 4319127.093, 132
Trd, 4319127.593, 114
Trd, 4319129.143, 113
Trd, 4319129.593, 103
Trd, 4319129.643, 93
Trd, 4319130.743, 99
Trd, 4319130.993, 109
Trd, 4319131.393, 77
Trd, 4319132.243, 112
Trd, 4319133.343, 62
Trd, 4319133.443, 66
Trd, 4319133.543, 109
Trd, 4319133.743, 100
Trd, 4319134.893, 103
Trd, 4319136.843, 82
Trd, 4319137.143, 140
Trd, 4319137.943, 128
Trd, 4319138.443, 120
Trd, 4319139.393, 96
Trd, 4319141.493, 136
Trd, 4319141.543, 134
Trd, 4319142.693, 120
Trd, 4319144.193, 118
Trd, 4319144.693, 110
Trd, 4319145.543, 139
Trd, 4319145.743, 133
Trd, 4319146.743, 101
Trd, 4319147.643, 112
Trd, 4319148.343, 79
Trd, 4319149.393, 84
Trd, 4319151.043, 117
Trd, 4319153.593, 135
Trd, 4319153.993, 134
Trd, 4319154.043, 119
Trd, 4319154.143, 103
Trd, 4319154.393, 82
Trd, 4319154.593, 95
Trd, 4319155.793, 73
Trd, 4319156.393, 98
Trd, 4319157.593, 113
Trd, 4319158.193, 98
Trd, 4319158.843, 85
Trd, 4319158.993, 84
Trd, 4319161.243, 125
Trd, 4319161.993, 92
Trd, 4319162.393, 90
Trd, 4319162.843, 115
Trd, 4319163.993, 62
Trd, 4319164.493, 62
Trd, 4319164.593, 63
Trd, 4319164.743, 71
Trd, 4319164.843, 81
Trd, 4319167.343, 115
Trd, 4319167.993, 109
Trd, 4319168.593, 120
Trd, 4319168.843, 96
Trd, 4319169.343, 124
Trd, 4319169.743, 113
Trd, 4319170.593, 105
Trd, 4319171.043, 96
Trd, 4319171.093, 95
Trd, 4319172.093, 77
Trd, 4319172.193, 75
Trd, 4319172.843, 81
Trd, 4319174.393, 122
Trd, 4319174.843, 69
Trd, 4319175.593, 125
Trd, 4319175.643, 125
Trd, 4319177.743, 108
Trd, 4319178.093, 105
Trd, 4319178.393, 93
Trd, 4319179.443, 67
Trd, 4319179.593, 93
Trd, 4319181.143, 140
Trd, 4319182.093, 138
Trd, 4319182.243, 93
Trd, 4319183.443, 64
Trd, 4319183.493, 74
Trd, 4319185.943, 87
Trd, 4319185.993, 78
Trd, 4319186.443, 87
Trd, 4319186.943, 63
Trd, 4319187.393, 74
Trd, 4319190.243, 93
Trd, 4319190.643, 69
Trd, 4319191.093, 92
Trd, 4319191.443, 132
Trd, 4319192.943, 88
Trd, 4319194.043, 117
Trd, 4319194.293, 118
Trd, 4319194.743, 86
Trd, 4319194.993, 83
Trd, 4319195.443, 103
Trd, 4319196.543, 87
Trd, 4319197.943, 70
Trd, 4319198.593, 62
Trd, 4319199.893, 73
Trd, 4319200.593, 77
Trd, 4319200.793, 90
Trd, 4319201.493, 64
Trd, 4319201.743, 76
Trd, 4319203.743, 133
Trd, 4319206.493, 117
Trd, 4319206.743, 90
Trd, 4319206.943, 135
Trd, 4319207.243, 102
Trd, 4319207.493, 110
Trd, 4319209.743, 100
Trd, 4319210.193, 112
Trd, 4319210.743, 107
Trd, 4319211.693, 88
Trd, 4319213.143, 97
Trd, 4319213.893, 130
Trd, 4319214.393, 123
Trd, 4319214.693, 138
Trd, 4319215.243, 127
Trd, 4319216.243, 129
Trd, 4319216.743, 112
Trd, 4319216.893, 90
Trd, 4319217.343, 140
Trd, 4319218.693, 95
Trd, 4319219.193, 109
Trd, 4319220.793, 123
Trd, 4319220.993, 120
Trd, 4319221.043, 97
Trd, 4319222.793, 140
Trd, 4319222.893, 133
Trd, 4319222.993, 117
Trd, 4319224.143, 93
Trd, 4319224.243, 65
Trd, 4319225.943, 68
Trd, 4319226.143, 76
Trd, 4319227.293, 106
Trd, 4319228.943, 76
Trd, 4319229.143, 70
Trd, 4319229.243, 76
Trd, 4319230.243, 90
Trd, 4319231.793, 75
Trd, 4319233.293, 94
Trd, 4319233.743, 94
Trd, 4319234.043, 112
Trd, 4319234.593, 87
Trd, 4319234.743, 117
Trd, 4319237.043, 66
Trd, 4319237.493, 67
Trd, 4319237.543, 65
Trd, 4319238.743, 113
Trd, 4319239.043, 112
Trd, 4319239.143, 104
Trd, 4319240.643, 101
Trd, 4319241.343, 91
Trd, 4319241.693, 89
Trd, 4319241.993, 128
Trd, 4319243.293, 136
Trd, 4319244.293, 127
Trd, 4319245.593, 106
Trd, 4319245.743, 98
Trd, 4319245.993, 100
Trd, 4319246.493, 63
Trd, 4319247.143, 78
Trd, 4319248.643, 139
Trd, 4319248.793, 138
Trd, 4319249.243, 132
Trd, 4319249.543, 110
Trd, 4319250.993, 100
Trd, 4319253.893, 122
Trd, 4319254.743, 126
Trd, 4319255.193, 109
Trd, 4319255.393, 131
Trd, 4319255.593, 104
Trd, 4319256.243, 132
Trd, 4319256.993, 119
Trd, 4319257.493, 64
Trd, 4319258.943, 140
Trd, 4319259.393, 80
Trd, 4319260.993, 61
Trd, 4319261.043, 64
Trd, 4319261.443, 116
Trd, 4319262.143, 104
Trd, 4319262.643, 85
Trd, 4319263.043, 84
Trd, 4319263.193, 71
Trd, 4319263.843, 134
Trd, 4319266.443, 120
Trd, 4319266.843, 89
Trd, 4319266.993, 81
Trd, 4319267.493, 104
Trd, 4319268.043, 137
Trd, 4319268.693, 140
Trd, 4319270.043, 133
Trd, 4319270.743, 102
Trd, 4319271.143, 103
Trd, 4319271.493, 120
Trd, 4319272.143, 90
Trd, 4319273.493, 109
Trd, 4319275.093, 69
Trd, 4319275.743, 108
Trd, 4319276.443, 78
Trd, 4319276.493, 86
Trd, 4319276.993, 75
Trd, 4319277.843, 104
Trd, 4319279.343, 84
Trd, 4319280.143, 113
Trd, 4319280.493, 98
Trd, 4319281.343, 101
Trd, 4319282.093, 88
Trd, 4319282.293, 80
Trd, 4319283.143, 83
Trd, 4319283.293, 89
Trd, 4319284.593, 116
Trd, 4319286.693, 126
Trd, 4319286.893, 117
Trd, 4319287.993, 110
Trd, 4319288.193, 83
Trd, 4319289.593, 86
Trd, 4319289.993, 100
Trd, 4319290.243, 88
Trd, 4319290.543, 76
Trd, 4319291.393, 98
Trd, 4319292.243, 74
Trd, 4319293.143, 112
Trd, 4319293.193, 104
Trd, 4319294.193, 139
Trd, 4319296.693, 115
Trd, 4319296.893, 133
Trd, 4319297.693, 125
Trd, 4319298.143, 137
Trd, 4319299.193, 125
Trd, 4319300.193, 119
Trd, 4319300.243, 118
Trd, 4319300.443, 107
Trd, 4319300.693, 105
Trd, 4319301.543, 133
Trd, 4319302.543, 69
Trd, 4319302.643, 66
Trd, 4319303.393, 118
Trd, 4319303.643, 103
Trd, 4319303.943, 81
Trd, 4319306.943, 134
Trd, 4319307.693, 116
Trd, 4319308.743, 90
Trd, 4319308.893, 108
Trd, 4319309.443, 107
Trd, 4319310.143, 100
Trd, 4319310.943, 107
Trd, 4319311.293, 88
Trd, 4319311.393, 101
Trd, 4319312.843, 95
Trd, 4319315.193, 126
Trd, 4319315.643, 62
Trd, 4319316.993, 110
Trd, 4319317.943, 92
Trd, 4319320.793, 125
Trd, 4319320.843, 120
Trd, 4319321.293, 132
Trd, 4319321.443, 117
Trd, 4319321.643, 116
Trd, 4319321.743, 90
Trd, 4319322.193, 90
Trd, 4319324.093, 116
Trd, 4319324.843, 113
Trd, 4319325.193, 101
Trd, 4319326.593, 133
Trd, 4319327.293, 132
Trd, 4319328.143, 100
Trd, 4319328.593, 131
Trd, 4319329.643, 125
Trd, 4319329.693, 109
Trd, 4319329.793, 103
Trd, 4319332.643, 128
Trd, 4319332.843, 120
Trd, 4319333.043, 135
Trd, 4319333.543, 135
Trd, 4319334.943, 97
Trd, 4319335.393, 91
Trd, 4319335.943, 111
Trd, 4319336.393, 89
Trd, 4319337.743, 119
Trd, 4319338.543, 102
Trd, 4319339.643, 100
Trd, 4319339.793, 132
Trd, 4319340.993, 79
Trd, 4319341.593, 71
Trd, 4319343.093, 105
Trd, 4319343.143, 114
Trd, 4319343.793, 75
Trd, 4319344.543, 108
Trd, 4319344.943, 136
Trd, 4319345.693, 93
Trd, 4319346.493, 96
Trd, 4319346.693, 105
Trd, 4319347.993, 66
Trd, 4319348.193, 70
Trd, 4319348.393, 108
Trd, 4319349.143, 72
Trd, 4319349.393, 75
Trd, 4319350.743, 93
Trd, 4319351.693, 128
Trd, 4319352.993, 129
Trd, 4319353.093, 128
Trd, 4319353.443, 124
Trd, 4319353.793, 120
Trd, 4319354.343, 105
Trd, 4319355.193, 79
Trd, 4319356.093, 79
Trd, 4319358.193, 130
Trd, 4319358.693, 112
Trd, 4319358.843, 100
Trd, 4319359.093, 99
Trd, 4319359.293, 126
Trd, 4319360.543, 80
Trd, 4319360.693, 84
Trd, 4319361.693, 60
Trd, 4319362.193, 111
Trd, 4319363.143, 84
Trd, 4319365.943, 65
Trd, 4319365.993, 70
Trd, 4319367.193, 103
Trd, 4319367.393, 96
Trd, 4319367.493, 95
Trd, 4319367.593, 88
Trd, 4319368.093, 114
Trd, 4319369.793, 70
Trd, 4319370.443, 82
Trd, 4319371.843, 73
Trd, 4319372.543, 112
Trd, 4319373.543, 123
Trd, 4319373.693, 122
Trd, 4319374.493, 126
Trd, 4319374.693, 111
Trd, 4319375.993, 131
Trd, 4319376.493, 113
Trd, 4319376.893, 107
Trd, 4319377.243, 128
Trd, 4319377.693, 95
Trd, 4319378.043, 87
Trd, 4319379.443, 118
Trd, 4319380.343, 113
Trd, 4319380.893, 120
Trd, 4319382.143, 130
Trd, 4319382.893, 136
Trd, 4319383.243, 110
Trd, 4319383.493, 85
Trd, 4319384.043, 132
Trd, 4319385.993, 127
Trd, 4319386.493, 126
Trd, 4319387.093, 109
Trd, 4319387.293, 140
Trd, 4319388.293, 133
Trd, 4319388.393, 99
Trd, 4319388.743, 87
Trd, 4319389.943, 92
Trd, 4319390.993, 101
Trd, 4319391.693, 133
Trd, 4319391.793, 125
Trd, 4319392.543, 87
Trd, 4319393.243, 89
Trd, 4319393.593, 114
Trd, 4319397.043, 115
Trd, 4319397.393, 125
Trd, 4319397.543, 112
Trd, 4319398.093, 114
Trd, 4319399.843, 119
Trd, 4319399.993, 118
Trd, 4319400.243, 128
Trd, 4319400.993, 139
Trd, 4319402.343, 118
Trd, 4319402.743, 113
Trd, 4319403.393, 139
Trd, 4319403.493, 112
Trd, 4319403.793, 112
Trd, 4319404.693, 122
Trd, 4319405.043, 93
Trd, 4319405.393, 100
Trd, 4319406.143, 128
Trd, 4319407.043, 100
Trd, 4319407.393, 130
Trd, 4319408.893, 98
Trd, 4319409.193, 127
Trd, 4319409.293, 105
Trd, 4319410.393, 118
Trd, 4319410.793, 107
Trd, 4319412.843, 104
Trd, 4319413.143, 78
Trd, 4319413.743, 78
Trd, 4319414.393, 131
Trd, 4319414.443, 123
Trd, 4319415.343, 85
Trd, 4319416.443, 94
Trd, 4319418.243, 130
Trd, 4319418.493, 127
Trd, 4319418.743, 116
Trd, 4319418.843, 102
Trd, 4319419.143, 101
Trd, 4319419.493, 98
Trd, 4319420.943, 104
Trd, 4319421.243, 91
Trd, 4319421.743, 137
Trd, 4319421.793, 133
Trd, 4319423.193, 93
Trd, 4319423.643, 73
Trd, 4319424.543, 73
Trd, 4319425.193, 93
Trd, 4319426.143, 91
Trd, 4319426.743, 96
Trd, 4319427.043, 100
Trd, 4319428.493, 126
Trd, 4319429.443, 124
Trd, 4319429.493, 113
Trd, 4319431.343, 106
Trd, 4319432.193, 104
Trd, 4319432.693, 135
Trd, 4319433.043, 120
Trd, 4319434.793, 118
Trd, 4319434.893, 104
Trd, 4319435.193, 117
Trd, 4319435.443, 102
Trd, 4319436.493, 93
Trd, 4319437.043, 61
Trd, 4319438.793, 94
Trd, 4319439.143, 102
Trd, 4319439.393, 98
Trd, 4319439.693, 90
Trd, 4319440.243, 81
Trd, 4319441.343, 138
Trd, 4319442.143, 68
Trd, 4319442.393, 112
Trd, 4319442.993, 103
Trd, 4319443.793, 74
Trd, 4319444.293, 121
Trd, 4319445.843, 131
Trd, 4319447.243, 139
Trd, 4319447.543, 114
Trd, 4319448.443, 109
Trd, 4319448.893, 103
Trd, 4319449.493, 100
Trd, 4319450.793, 99
Trd, 4319451.893, 128
Trd, 4319452.293, 115
Trd, 4319452.643, 113
Trd, 4319453.643, 133
Trd, 4319453.893, 118
Trd, 4319455.393, 99
Trd, 4319456.493, 118
Trd, 4319456.793, 104
Trd, 4319456.943, 91
Trd, 4319457.193, 124
Trd, 4319458.643, 105
Trd, 4319459.343, 92
Trd, 4319460.043, 80
Trd, 4319460.993, 91
Trd, 4319461.793, 119
Trd, 4319462.043, 81
Trd, 4319462.293, 106
Trd, 4319465.043, 122
Trd, 4319465.243, 117
Trd, 4319466.293, 123
Trd, 4319466.743, 133
Trd, 4319467.643, 117
Trd, 4319468.143, 92
Trd, 4319469.293, 87
Trd, 4319470.093, 87
Trd, 4319472.443, 131
Trd, 4319472.643, 88
Trd, 4319474.593, 128
Trd, 4319474.893, 127
Trd, 4319474.993, 127
Trd, 4319475.093, 125
Trd, 4319475.693, 132
Trd, 4319476.743, 134
Trd, 4319476.893, 127
Trd, 4319478.493, 106
Trd, 4319478.743, 105
Trd, 4319478.943, 101
Trd, 4319480.043, 78
Trd, 4319481.293, 128
Trd, 4319481.593, 121
Trd, 4319482.193, 137
Trd, 4319482.593, 129
Trd, 4319482.993, 121
Trd, 4319483.143, 93
Trd, 4319483.993, 66
Trd, 4319485.443, 75
Trd, 4319485.643, 95
Trd, 4319487.143, 89
Trd, 4319488.143, 86
Trd, 4319488.293, 84
Trd, 4319489.243, 108
Trd, 4319490.093, 111
Trd, 4319491.093, 63
Trd, 4319491.443, 112
Trd, 4319493.743, 137
Trd, 4319493.843, 135
Trd, 4319493.993, 123
Trd, 4319494.043, 116
Trd, 4319496.893, 130
Trd, 4319498.393, 112
Trd, 4319499.043, 98
Trd, 4319499.443, 123
Trd, 4319499.493, 121
Trd, 4319500.193, 130
Trd, 4319500.293, 118
Trd, 4319500.343, 117
Trd, 4319501.743, 78
Trd, 4319502.293, 107
Trd, 4319504.243, 127
Trd, 4319504.493, 115
Trd, 4319504.693, 84
Trd, 4319505.293, 83
Trd, 4319506.293, 77
Trd, 4319506.743, 112
Trd, 4319507.293, 82
Trd, 4319507.443, 78
Trd, 4319508.893, 88
Trd, 4319509.793, 89
Trd, 4319510.893, 112
Trd, 4319511.993, 131
Trd, 4319512.193, 131
Trd, 4319512.443, 130
Trd, 4319513.093, 118
Trd, 4319513.543, 121
Trd, 4319513.993, 136
Trd, 4319514.543, 124
Trd, 4319515.943, 63
Trd, 4319516.543, 75
Trd, 4319517.093, 65
Trd, 4319517.993, 104
Trd, 4319518.293, 130
Trd, 4319518.643, 113
Trd, 4319518.693, 72
Trd, 4319519.293, 62
Trd, 4319520.243, 88
Trd, 4319521.343, 65
Trd, 4319521.393, 90
Trd, 4319522.493, 64
Trd, 4319523.693, 69
Trd, 4319523.743, 94
Trd, 4319524.193, 68
Trd, 4319525.093, 83
Trd, 4319526.543, 135
Trd, 4319526.593, 97
Trd, 4319526.693, 94
Trd, 4319529.343, 130
Trd, 4319530.643, 127
Trd, 4319531.193, 120
Trd, 4319531.543, 120
Trd, 4319532.443, 121
Trd, 4319533.593, 105
Trd, 4319534.093, 106
Trd, 4319534.593, 104
Trd, 4319535.443, 128
Trd, 4319535.943, 118
Trd, 4319536.143, 107
Trd, 4319536.493, 105
Trd, 4319536.693, 105
Trd, 4319537.943, 107
Trd, 4319538.993, 126
Trd, 4319540.993, 136
Trd, 4319541.443, 130
Trd, 4319542.343, 102
Trd, 4319542.843, 98
Trd, 4319543.593, 90
Trd, 4319543.893, 85
Trd, 4319544.393, 89
Trd, 4319546.143, 139
Trd, 4319546.293, 137
Trd, 4319547.193, 123
Trd, 4319547.443, 81
Trd, 4319547.943, 92
Trd, 4319548.143, 132
Trd, 4319549.393, 105
Trd, 4319551.743, 135
Trd, 4319551.893, 120
Trd, 4319552.193, 82
Trd, 4319552.393, 76
Trd, 4319554.393, 106
Trd, 4319556.493, 136
Trd, 4319557.043, 124
Trd, 4319557.993, 131
Trd, 4319558.393, 124
Trd, 4319559.343, 110
Trd, 4319560.443, 137
Trd, 4319561.493, 121
Trd, 4319561.643, 109
Trd, 4319562.093, 79
Trd, 4319562.193, 134
Trd, 4319563.643, 67
Trd, 4319564.343, 83
Trd, 4319567.043, 112
Trd, 4319567.243, 139
Trd, 4319567.443, 120
Trd, 4319567.943, 61
Trd, 4319568.743, 62
Trd, 4319569.793, 135
Trd, 4319570.093, 120
Trd, 4319571.393, 107
Trd, 4319571.893, 135
Trd, 4319573.143, 119
Trd, 4319573.643, 112
Trd, 4319574.493, 130
Trd, 4319575.243, 130
Trd, 4319575.343, 129
Trd, 4319576.393, 83
Trd, 4319576.593, 71
Trd, 4319577.843, 63
Trd, 4319578.893, 81
Trd, 4319579.393, 83
Trd, 4319579.743, 66
Trd, 4319580.443, 80
Trd, 4319580.493, 82
Trd, 4319582.043, 87
Trd, 4319582.493, 92
Trd, 4319583.143, 114
Trd, 4319583.193, 119
Trd, 4319585.543, 129
Trd, 4319585.793, 121
Trd, 4319586.893, 98
Trd, 4319587.943, 128
Trd, 4319588.443, 139
Trd, 4319588.693, 130
Trd, 4319589.593, 121
Trd, 4319590.743, 115
Trd, 4319591.243, 101
Trd, 4319591.843, 74
Trd, 4319592.743, 87
Trd, 4319593.043, 78
Trd, 4319593.293, 90
Trd, 4319594.843, 123
Trd, 4319594.943, 116
Trd, 4319595.143, 115
Trd, 4319595.543, 131
Trd, 4319596.343, 131
Trd, 4319596.943, 85
Trd, 4319597.893, 119
Trd, 4319598.843, 135
Trd, 4319600.493, 121
Trd, 4319600.843, 106
Trd, 4319601.393, 89
Trd, 4319602.143, 127
Trd, 4319602.743, 139
Trd, 4319603.643, 108
Trd, 4319604.093, 83
Trd, 4319604.543, 114
Trd, 4319605.093, 85
Trd, 4319606.543, 62
Trd, 4319607.493, 96
Trd, 4319607.843, 100
Trd, 4319608.043, 71
Trd, 4319609.043, 80
Trd, 4319609.793, 71
Trd, 4319610.643, 70
Trd, 4319611.243, 63
Trd, 4319613.693, 110
Trd, 4319613.743, 95
Trd, 4319613.793, 111
Trd, 4319614.493, 93
Trd, 4319615.143, 114
Trd, 4319616.693, 103
Trd, 4319617.643, 130
Trd, 4319618.293, 95
Trd, 4319618.393, 90
Trd, 4319618.843, 80
Trd, 4319619.343, 75
Trd, 4319620.543, 132
Trd, 4319620.943, 135
Trd, 4319621.343, 120
Trd, 4319622.243, 133
Trd, 4319623.043, 77
Trd, 4319624.343, 100
Trd, 4319624.593, 114
Trd, 4319624.943, 73
Trd, 4319625.393, 89
Trd, 4319626.043, 110
Trd, 4319627.043, 63
Trd, 4319627.293, 77
Trd, 4319628.393, 65
Trd, 4319629.093, 103
Trd, 4319629.193, 98
Trd, 4319630.143, 87
Trd, 4319630.693, 86
Trd, 4319630.843, 78
Trd, 4319631.493, 102
Trd, 4319632.993, 118
Trd, 4319633.343, 84
Trd, 4319633.893, 136
Trd, 4319634.693, 109
Trd, 4319635.393, 97
Trd, 4319635.743, 74
Trd, 4319637.743, 104
Trd, 4319637.843, 65
Trd, 4319638.093, 109
Trd, 4319639.443, 116
Trd, 4319639.843, 114
Trd, 4319640.393, 113
Trd, 4319640.743, 106
Trd, 4319641.743, 116
Trd, 4319644.593, 99
Trd, 4319644.943, 103
Trd, 4319645.743, 137
Trd, 4319646.243, 115
Trd, 4319646.643, 107
Trd, 4319646.743, 97
Trd, 4319649.093, 139
Trd, 4319649.793, 124
Trd, 4319650.593, 114
Trd, 4319651.043, 125
Trd, 4319652.593, 136
Trd, 4319653.293, 118
Trd, 4319653.443, 103
Trd, 4319656.093, 110
Trd, 4319656.793, 97
Trd, 4319659.293, 100
Trd, 4319659.443, 117
Trd, 4319659.593, 99
Trd, 4319659.793, 80
Trd, 4319660.843, 71
Trd, 4319662.493, 63
Trd, 4319663.243, 64
Trd, 4319663.293, 92
Trd, 4319663.493, 118
Trd, 4319664.443, 114
Trd, 4319665.393, 116
Trd, 4319665.743, 132
Trd, 4319666.093, 91
Trd, 4319667.693, 132
Trd, 4319668.393, 113
Trd, 4319668.943, 127
Trd, 4319670.393, 112
Trd, 4319671.693, 110
Trd, 4319671.743, 97
Trd, 4319672.943, 122
Trd, 4319673.443, 123
Trd, 4319673.743, 106
Trd, 4319674.043, 89
Trd, 4319674.593, 107
Trd, 4319675.793, 99
Trd, 4319677.893, 113
Trd, 4319678.143, 104
Trd, 4319678.293, 87
Trd, 4319679.443, 122
Trd, 4319679.693, 102
Trd, 4319679.893, 88
Trd, 4319682.243, 133
Trd, 4319682.993, 127
Trd, 4319683.393, 118
Trd, 4319684.093, 126
Trd, 4319684.643, 116
Trd, 4319684.993, 128
Trd, 4319685.293, 118
Trd, 4319685.993, 108
Trd, 4319687.243, 120
Trd, 4319687.643, 106
Trd, 4319687.843, 103
Trd, 4319688.093, 96
Trd, 4319688.193, 95
Trd, 4319688.793, 119
Trd, 4319689.993, 99
Trd, 4319690.343, 124
Trd, 4319690.943, 119
Trd, 4319691.243, 114
Trd, 4319693.043, 89
Trd, 4319694.043, 138
Trd, 4319694.393, 82
Trd, 4319695.393, 97
Trd, 4319695.493, 128
Trd, 4319695.593, 79
Trd, 4319695.893, 90
Trd, 4319696.143, 71
Trd, 4319696.843, 73
Trd, 4319697.193, 104
Trd, 4319697.443, 115
Trd, 4319699.293, 87
Trd, 4319699.543, 83
Trd, 4319700.093, 109
Trd, 4319700.993, 102
Trd, 4319702.343, 130
Trd, 4319702.593, 112
Trd, 4319704.143, 123
Trd, 4319704.893, 140
Trd, 4319705.393, 129
Trd, 4319705.443, 106
Trd, 4319705.593, 103
Trd, 4319706.243, 103
Trd, 4319708.793, 78
Trd, 4319709.043, 111
Trd, 4319710.093, 64
Trd, 4319710.393, 76
Trd, 4319711.393, 70
Trd, 4319712.143, 62
Trd, 4319712.243, 71
Trd, 4319712.993, 71
Trd, 4319713.343, 87
Trd, 4319714.693, 83
Trd, 4319715.493, 88
Trd, 4319716.093, 112
Trd, 4319717.143, 73
Trd, 4319717.443, 89
Trd, 4319718.893, 86
Trd, 4319721.193, 140
Trd, 4319721.243, 122
Trd, 4319721.893, 126
Trd, 4319723.543, 89
Trd, 4319724.943, 129
Trd, 4319725.693, 129
Trd, 4319726.193, 135
Trd, 4319727.493, 132
Trd, 4319728.093, 131
Trd, 4319728.993, 116
Trd, 4319729.543, 90
Trd, 4319729.693, 74
Trd, 4319731.293, 118
Trd, 4319731.693, 96
Trd, 4319731.993, 73
Trd, 4319732.143, 72
Trd, 4319733.043, 96
Trd, 4319734.843, 137
Trd, 4319734.993, 134
Trd, 4319735.093, 128
Trd, 4319736.043, 94
Trd, 4319736.543, 87
Trd, 4319736.743, 97
Trd, 4319736.943, 109
Trd, 4319738.993, 133
Trd, 4319739.393, 122
Trd, 4319739.643, 108
Trd, 4319740.943, 136
Trd, 4319741.243, 136
Trd, 4319741.543, 121
Trd, 4319741.693, 61
Trd, 4319742.943, 62
Trd, 4319743.793, 109
Trd, 4319744.093, 111
Trd, 4319744.343, 110
Trd, 4319745.543, 90
Trd, 4319745.793, 101
Trd, 4319746.393, 101
Trd, 4319747.393, 126
Trd, 4319747.893, 128
Trd, 4319749.143, 62
Trd, 4319749.393, 83
Trd, 4319749.843, 62
Trd, 4319749.893, 85
Trd, 4319750.643, 96
Trd, 4319751.743, 132
Trd, 4319752.593, 136
Trd, 4319752.793, 123
Trd, 4319753.593, 118
Trd, 4319754.043, 126
Trd, 4319754.943, 112
Trd, 4319755.393, 60
Trd, 4319757.143, 88
Trd, 4319757.493, 84
Trd, 4319758.143, 94
Trd, 4319758.943, 96
Trd, 4319759.843, 112
Trd, 4319759.993, 98
Trd, 4319760.343, 107
Trd, 4319760.943, 126
Trd, 4319761.193, 106
Trd, 4319761.393, 100
Trd, 4319763.393, 125
Trd, 4319763.743, 115
Trd, 4319763.943, 108
Trd, 4319765.993, 105
Trd, 4319766.643, 115
Trd, 4319767.093, 112
Trd, 4319768.193, 104
Trd, 4319769.043, 139
Trd, 4319770.243, 112
Trd, 4319770.593, 99
Trd, 4319771.093, 80
Trd, 4319771.243, 110
Trd, 4319771.643, 117
Trd, 4319772.043, 62
Trd, 4319773.243, 71
Trd, 4319774.343, 83
Trd, 4319775.343, 98
Trd, 4319775.443, 76
Trd, 4319776.743, 104
Trd, 4319777.443, 90
Trd, 4319778.293, 80
Trd, 4319779.343, 87
Trd, 4319781.193, 135
Trd, 4319781.293, 121
Trd, 4319781.393, 117
Trd, 4319781.793, 122
Trd, 4319782.443, 69
Trd, 4319783.593, 109
Trd, 4319784.893, 130
Trd, 4319785.643, 116
Trd, 4319786.093, 125
Trd, 4319786.243, 127
Trd, 4319786.443, 103
Trd, 4319786.593, 95
Trd, 4319786.843, 84
Trd, 4319789.143, 130
Trd, 4319789.493, 111
Trd, 4319789.943, 99
Trd, 4319789.993, 90
Trd, 4319790.543, 100
Trd, 4319792.243, 126
Trd, 4319792.493, 112
Trd, 4319793.343, 72
Trd, 4319795.293, 118
Trd, 4319795.393, 117
Trd, 4319795.693, 112
Trd, 4319796.143, 80
Trd, 4319797.643, 118
Trd, 4319798.243, 84
Trd, 4319799.043, 104
Trd, 4319799.093, 83
Trd, 4319799.693, 106
Trd, 4319800.243, 108
Trd, 4319800.343, 102
Trd, 4319801.393, 106
Trd, 4319802.343, 138
Trd, 4319802.793, 138
Trd, 4319803.393, 131
Trd, 4319804.393, 133
Trd, 4319805.143, 119
Trd, 4319806.493, 139
Trd, 4319806.643, 116
Trd, 4319806.843, 101
Trd, 4319807.743, 119
Trd, 4319808.943, 85
Trd, 4319809.093, 92
Trd, 4319809.593, 112
Trd, 4319810.543, 94
Trd, 4319811.943, 118
Trd, 4319812.343, 116
Trd, 4319812.443, 102
Trd, 4319813.043, 110
Trd, 4319814.043, 103
Trd, 4319814.143, 77
Trd, 4319815.643, 114
Trd, 4319815.843, 76
Trd, 4319816.043, 92
Trd, 4319818.143, 126
Trd, 4319819.143, 93
Trd, 4319820.743, 93
Trd, 4319821.093, 92
Trd, 4319821.343, 108
Trd, 4319821.593, 73
Trd, 4319822.243, 72
Trd, 4319822.643, 80
Trd, 4319822.793, 71
Trd, 4319823.293, 117
Trd, 4319823.393, 77
Trd, 4319824.793, 105
Trd, 4319825.543, 106
Trd, 4319825.893, 109
Trd, 4319827.193, 125
Trd, 4319828.043, 115
Trd, 4319828.593, 135
Trd, 4319828.643, 83
Trd, 4319829.393, 131
Trd, 4319829.593, 96
Trd, 4319829.993, 82
Trd, 4319830.293, 84
Trd, 4319831.143, 98
Trd, 4319832.393, 113
Trd, 4319833.943, 127
Trd, 4319834.643, 131
Trd, 4319835.543, 78
Trd, 4319836.743, 120
Trd, 4319837.893, 79
Trd, 4319838.893, 110
Trd, 4319839.943, 120
Trd, 4319840.893, 117
Trd, 4319841.393, 97
Trd, 4319841.993, 84
Trd, 4319842.193, 100
Trd, 4319842.943, 121
Trd, 4319843.243, 94
Trd, 4319845.093, 93
Trd, 4319845.143, 72
Trd, 4319845.843, 78
Trd, 4319846.393, 86
Trd, 4319847.893, 131
Trd, 4319848.343, 128
Trd, 4319849.443, 111
Trd, 4319849.943, 119
Trd, 4319850.043, 109
Trd, 4319851.793, 115
Trd, 4319851.943, 114
Trd, 4319852.593, 99
Trd, 4319853.143, 109
Trd, 4319853.393, 87
Trd, 4319854.243, 109
Trd, 4319856.393, 92
Trd, 4319856.793, 134
Trd, 4319857.243, 112
Trd, 4319858.143, 121
Trd, 4319858.743, 106
Trd, 4319858.893, 120
Trd, 4319860.293, 61
Trd, 4319860.443, 65
Trd, 4319860.893, 74
Trd, 4319861.693, 121
Trd, 4319862.793, 96
Trd, 4319863.293, 81
Trd, 4319863.393, 72
Trd, 4319863.643, 67
Trd, 4319865.643, 64
Trd, 4319866.293, 108
Trd, 4319866.593, 117
Trd, 4319866.943, 81
Trd, 4319867.093, 106
Trd, 4319867.993, 104
Trd, 4319868.093, 134
Trd, 4319869.043, 65
Trd, 4319869.343, 106
Trd, 4319869.693, 129
Trd, 4319870.493, 127
Trd, 4319872.293, 85
Trd, 4319872.993, 140
Trd, 4319873.393, 129
Trd, 4319873.693, 117
Trd, 4319874.743, 115
Trd, 4319876.143, 123
Trd, 4319876.443, 131
Trd, 4319877.793, 115
Trd, 4319878.593, 112
Trd, 4319879.293, 130
Trd, 4319879.943, 109
Trd, 4319880.343, 107
Trd, 4319880.493, 102
Trd, 4319881.343, 90
Trd, 4319881.493, 88
Trd, 4319882.893, 133
Trd, 4319883.343, 92
Trd, 4319884.043, 110
Trd, 4319885.193, 129
Trd, 4319885.543, 118
Trd, 4319886.093, 89
Trd, 4319887.093, 122
Trd, 4319887.543, 106
Trd, 4319887.893, 83
Trd, 4319888.443, 95
Trd, 4319889.393, 137
Trd, 4319889.843, 104
Trd, 4319890.743, 129
Trd, 4319890.943, 113
Trd, 4319891.693, 114
Trd, 4319892.643, 127
Trd, 4319893.643, 71
Trd, 4319894.693, 72
Trd, 4319894.793, 96
Trd, 4319895.293, 120
Trd, 4319895.993, 88
Trd, 4319897.093, 110
Trd, 4319897.643, 100
Trd, 4319897.743, 88
Trd, 4319898.093, 79
Trd, 4319898.893, 116
Trd, 4319899.493, 102
Trd, 4319900.393, 112
Trd, 4319901.843, 128
Trd, 4319902.193, 112
Trd, 4319902.543, 109
Trd, 4319903.493, 127
Trd, 4319904.293, 133
Trd, 4319904.743, 119
Trd, 4319904.843, 115
Trd, 4319905.843, 110
Trd, 4319906.443, 109
Trd, 4319906.593, 102
Trd, 4319907.493, 120
Trd, 4319907.943, 101
Trd, 4319908.793, 83
Trd, 4319909.443, 63
Trd, 4319910.443, 106
Trd, 4319911.143, 98
Trd, 4319911.593, 86
Trd, 4319913.243, 114
Trd, 4319913.993, 126
Trd, 4319914.643, 64
Trd, 4319915.293, 83
Trd, 4319916.893, 115
Trd, 4319917.943, 125
Trd, 4319918.143, 122
Trd, 4319918.243, 119
Trd, 4319919.393, 98
Trd, 4319919.893, 105
Trd, 4319921.593, 72
Trd, 4319922.093, 87
Trd, 4319923.093, 135
Trd, 4319923.493, 135
Trd, 4319923.993, 129
Trd, 4319924.443, 122
Trd, 4319924.493, 118
Trd, 4319925.643, 129
Trd, 4319927.193, 136
Trd, 4319927.443, 122
Trd, 4319927.643, 94
Trd, 4319928.143, 69
Trd, 4319928.243, 70
Trd, 4319930.093, 63
Trd, 4319930.493, 64
Trd, 4319932.993, 65
Trd, 4319933.093, 65
Trd, 4319934.243, 72
Trd, 4319934.293, 76
Trd, 4319934.443, 113
Trd, 4319935.393, 130
Trd, 4319935.843, 74
Trd, 4319937.443, 106
Trd, 4319938.493, 79
Trd, 4319939.393, 126
Trd, 4319939.643, 94
Trd, 4319940.043, 80
Trd, 4319940.343, 77
Trd, 4319940.793, 128
Trd, 4319941.143, 119
Trd, 4319941.493, 122
Trd, 4319941.843, 76
Trd, 4319941.993, 99
Trd, 4319943.443, 133
Trd, 4319944.593, 78
Trd, 4319945.043, 96
Trd, 4319945.243, 110
Trd, 4319946.143, 86
Trd, 4319946.343, 85
Trd, 4319946.643, 100
Trd, 4319947.943, 102
Trd, 4319948.243, 66
Trd, 4319949.893, 119
Trd, 4319950.643, 135
Trd, 4319951.143, 129
Trd, 4319952.143, 123
Trd, 4319953.543, 111
Trd, 4319953.743, 112
Trd, 4319954.193, 127
Trd, 4319954.643, 127
Trd, 4319954.693, 102
Trd, 4319955.043, 122
Trd, 4319955.293, 135
Trd, 4319957.443, 93
Trd, 4319958.843, 70
Trd, 4319960.143, 105
Trd, 4319960.393, 101
Trd, 4319962.243, 122
Trd, 4319962.493, 122
Trd, 4319962.993, 129
Trd, 4319964.893, 110
Trd, 4319964.993, 84
Trd, 4319965.443, 112
Trd, 4319965.943, 133
Trd, 4319966.993, 121
Trd, 4319968.143, 114
Trd, 4319968.793, 129
Trd, 4319969.893, 95
Trd, 4319970.043, 119
Trd, 4319970.843, 82
Trd, 4319971.543, 87
Trd, 4319971.593, 77
Trd, 4319972.893, 111
Trd, 4319973.743, 105
Trd, 4319974.243, 93
Trd, 4319974.793, 116
Trd, 4319974.893, 63
Trd, 4319977.643, 118
Trd, 4319978.243, 113
Trd, 4319978.543, 74
Trd, 4319978.893, 93
Trd, 4319979.293, 139
Trd, 4319980.243, 128
Trd, 4319981.643, 114
Trd, 4319982.143, 131
Trd, 4319982.793, 121
Trd, 4319982.943, 124
Trd, 4319983.843, 94
Trd, 4319984.993, 133
Trd, 4319985.493, 107
Trd, 4319986.593, 140
Trd, 4319986.793, 140
Trd, 4319987.193, 133
Trd, 4319988.193, 95
Trd, 4319988.393, 114
Trd, 4319989.093, 87
Trd, 4319989.143, 85
Trd, 4319989.943, 97
Trd, 4319990.143, 132
Trd, 4319992.393, 126
Trd, 4319993.143, 115
Trd, 4319993.243, 109
Trd, 4319993.343, 105
Trd, 4319995.093, 130
Trd, 4319995.943, 129
Trd, 4319995.993, 135
Trd, 4319996.393, 99
Trd, 4319996.943, 128
Trd, 4319997.943, 85
Trd, 4319998.643, 68
Trd, 4319999.093, 64
Trd, 4319999.193, 63
Trd, 4319999.393, 109
