Trd, 4318077.743, 117
Trd, 4318079.293, 67
Trd, 4318079.543, 106
Trd, 4318081.143, 139
Trd, 4318082.343, 140
Trd, 4318082.643, 140
Trd, 4318083.493, 140
Trd, 4318085.593, 140
Trd, 4318085.643, 140
Trd, 4318085.843, 140
Trd, 4318088.043, 140
Trd, 4318089.143, 140
Trd, 4318091.243, 140
Trd, 4318092.593, 140
Trd, 4318093.293, 140
Trd, 4318093.443, 140
Trd, 4318094.843, 140
Trd, 4318096.443, 140
Trd, 4318096.493, 140
Trd, 4318097.443, 140
Trd, 4318097.893, 140
Trd, 4318098.043, 140
Trd, 4318098.143, 140
Trd, 4318098.843, 140
Trd, 4318099.693, 140
Trd, 4318099.793, 140
Trd, 4318100.843, 140
Trd, 4318100.993, 140
Trd, 4318101.693, 140
Trd, 4318103.143, 140
Trd, 4318103.843, 140
Trd, 4318104.243, 139
Trd, 4318105.893, 140
Trd, 4318106.143, 140
Trd, 4318107.043, 140
Trd, 4318107.293, 140
Trd, 4318108.243, 140
Trd, 4318108.693, 140
Trd, 4318112.543, 140
Trd, 4318113.743, 140
Trd, 4318113.793, 140
Trd, 4318117.843, 140
Trd, 4318118.093, 140
Trd, 4318118.543, 140
Trd, 4318119.743, 140
Trd, 4318122.293, 140
Trd, 4318122.693, 140
Trd, 4318122.893, 140
Trd, 4318124.893, 140
Trd, 4318124.943, 140
Trd, 4318125.043, 140
Trd, 4318125.093, 138
Trd, 4318125.193, 139
Trd, 4318126.043, 118
Trd, 4318126.093, 135
Trd, 4318126.443, 136
Trd, 4318127.343, 119
Trd, 4318128.643, 118
Trd, 4318129.043, 124
Trd, 4318130.243, 123
Trd, 4318131.243, 121
Trd, 4318131.743, 63
Trd, 4318131.793, 127
Trd, 4318132.843, 140
Trd, 4318133.193, 140
Trd, 4318133.693, 140
Trd, 4318134.743, 140
Trd, 4318135.343, 140
Trd, 4318136.493, 139
Trd, 4318136.743, 140
Trd, 4318136.993, 140
Trd, 4318137.743, 137
Trd, 4318140.343, 60
Trd, 4318140.443, 60
Trd, 4318140.543, 61
Trd, 4318140.643, 62
Trd, 4318142.193, 140
Trd, 4318142.293, 140
Trd, 4318143.393, 140
Trd, 4318143.543, 140
Trd, 4318144.943, 140
Trd, 4318145.443, 140
Trd, 4318145.943, 140
Trd, 4318147.993, 140
Trd, 4318148.193, 140
Trd, 4318149.243, 140
Trd, 4318151.393, 140
Trd, 4318151.843, 140
Trd, 4318152.493, 140
Trd, 4318153.143, 140
Trd, 4318153.293, 140
Trd, 4318153.743, 139
Trd, 4318153.793, 140
Trd, 4318154.193, 140
Trd, 4318155.243, 140
Trd, 4318155.543, 136
Trd, 4318156.643, 140
Trd, 4318159.743, 140
Trd, 4318160.493, 140
Trd, 4318160.693, 139
Trd, 4318163.093, 140
Trd, 4318163.493, 140
Trd, 4318163.793, 140
Trd, 4318164.443, 140
Trd, 4318165.093, 140
Trd, 4318165.243, 140
Trd, 4318165.493, 140
Trd, 4318165.893, 64
Trd, 4318167.243, 139
Trd, 4318167.693, 140
Trd, 4318167.943, 61
Trd, 4318169.743, 60
Trd, 4318170.943, 64
Trd, 4318171.843, 62
Trd, 4318172.893, 61
Trd, 4318173.143, 63
Trd, 4318173.393, 65
Trd, 4318174.393, 64
Trd, 4318174.843, 69
Trd, 4318176.143, 121
Trd, 4318176.343, 122
Trd, 4318177.593, 104
Trd, 4318177.743, 65
Trd, 4318178.243, 107
Trd, 4318178.493, 66
Trd, 4318179.493, 140
Trd, 4318181.293, 140
Trd, 4318182.093, 140
Trd, 4318182.443, 140
Trd, 4318184.643, 140
Trd, 4318186.393, 140
Trd, 4318187.043, 140
Trd, 4318188.293, 140
Trd, 4318188.493, 140
Trd, 4318190.093, 140
Trd, 4318191.143, 140
Trd, 4318191.643, 140
Trd, 4318192.593, 140
Trd, 4318194.693, 140
Trd, 4318195.293, 140
Trd, 4318196.243, 140
Trd, 4318196.893, 140
Trd, 4318197.093, 140
Trd, 4318201.843, 140
Trd, 4318202.293, 140
Trd, 4318202.393, 140
Trd, 4318202.743, 140
Trd, 4318202.993, 140
Trd, 4318203.593, 140
Trd, 4318203.643, 140
Trd, 4318204.443, 68
Trd, 4318204.493, 66
Trd, 4318206.093, 72
Trd, 4318207.193, 90
Trd, 4318208.143, 87
Trd, 4318208.493, 73
Trd, 4318208.593, 89
Trd, 4318209.343, 105
Trd, 4318211.143, 140
Trd, 4318211.293, 129
Trd, 4318212.493, 140
Trd, 4318215.193, 140
Trd, 4318215.993, 140
Trd, 4318217.043, 140
Trd, 4318217.143, 140
Trd, 4318217.393, 140
Trd, 4318217.493, 138
Trd, 4318218.193, 136
Trd, 4318218.593, 136
Trd, 4318220.093, 62
Trd, 4318220.493, 61
Trd, 4318220.593, 62
Trd, 4318221.593, 63
Trd, 4318221.793, 73
Trd, 4318222.643, 135
Trd, 4318224.493, 63
Trd, 4318225.593, 60
Trd, 4318227.843, 60
Trd, 4318229.743, 60
Trd, 4318229.793, 65
Trd, 4318230.393, 61
Trd, 4318230.543, 61
Trd, 4318230.593, 62
Trd, 4318230.843, 70
Trd, 4318231.393, 66
Trd, 4318231.893, 79
Trd, 4318232.493, 91
Trd, 4318233.393, 124
Trd, 4318233.893, 125
Trd, 4318235.343, 120
Trd, 4318235.743, 81
Trd, 4318236.293, 120
Trd, 4318236.893, 118
Trd, 4318236.943, 86
Trd, 4318237.043, 120
Trd, 4318237.293, 82
Trd, 4318237.943, 83
Trd, 4318239.393, 84
Trd, 4318239.743, 83
Trd, 4318240.343, 119
Trd, 4318241.743, 60
Trd, 4318242.443, 60
Trd, 4318243.593, 60
Trd, 4318243.793, 60
Trd, 4318245.443, 60
Trd, 4318245.793, 60
Trd, 4318246.493, 60
Trd, 4318246.593, 60
Trd, 4318248.543, 60
Trd, 4318249.493, 60
Trd, 4318250.193, 60
Trd, 4318250.243, 60
Trd, 4318250.743, 60
Trd, 4318250.793, 61
Trd, 4318251.393, 60
Trd, 4318251.593, 60
Trd, 4318253.143, 62
Trd, 4318253.293, 63
Trd, 4318256.293, 60
Trd, 4318256.343, 60
Trd, 4318257.543, 60
Trd, 4318257.793, 60
Trd, 4318258.243, 60
Trd, 4318259.143, 62
Trd, 4318260.043, 61
Trd, 4318260.293, 61
Trd, 4318260.443, 65
Trd, 4318262.443, 73
Trd, 4318262.593, 73
Trd, 4318263.343, 80
Trd, 4318263.743, 81
Trd, 4318263.993, 77
Trd, 4318264.243, 76
Trd, 4318264.343, 81
Trd, 4318265.243, 129
Trd, 4318265.843, 128
Trd, 4318266.943, 140
Trd, 4318268.243, 140
Trd, 4318268.843, 140
Trd, 4318268.993, 140
Trd, 4318269.393, 139
Trd, 4318269.793, 139
Trd, 4318271.893, 140
Trd, 4318272.043, 140
Trd, 4318273.043, 140
Trd, 4318273.093, 140
Trd, 4318273.143, 140
Trd, 4318273.493, 62
Trd, 4318275.193, 137
Trd, 4318275.543, 136
Trd, 4318275.643, 116
Trd, 4318276.093, 140
Trd, 4318277.393, 140
Trd, 4318279.843, 140
Trd, 4318280.343, 140
Trd, 4318280.493, 140
Trd, 4318280.693, 140
Trd, 4318281.443, 140
Trd, 4318281.493, 140
Trd, 4318282.193, 140
Trd, 4318283.493, 140
Trd, 4318284.093, 140
Trd, 4318285.943, 140
Trd, 4318286.593, 140
Trd, 4318287.143, 140
Trd, 4318287.493, 140
Trd, 4318287.643, 140
Trd, 4318288.243, 140
Trd, 4318288.593, 140
Trd, 4318288.943, 139
Trd, 4318289.243, 138
Trd, 4318289.893, 95
Trd, 4318289.943, 139
Trd, 4318291.343, 140
Trd, 4318293.243, 140
Trd, 4318293.743, 140
Trd, 4318293.993, 140
Trd, 4318295.843, 140
Trd, 4318297.443, 140
Trd, 4318297.793, 140
Trd, 4318299.693, 140
Trd, 4318299.993, 140
Trd, 4318300.843, 140
Trd, 4318302.293, 140
Trd, 4318302.993, 140
Trd, 4318304.593, 140
Trd, 4318306.143, 140
Trd, 4318307.693, 140
Trd, 4318309.343, 140
Trd, 4318309.493, 140
Trd, 4318309.543, 140
Trd, 4318312.143, 140
Trd, 4318312.343, 140
Trd, 4318314.543, 140
Trd, 4318315.293, 140
Trd, 4318315.493, 140
Trd, 4318316.693, 140
Trd, 4318316.743, 140
Trd, 4318316.943, 140
Trd, 4318317.143, 140
Trd, 4318317.243, 140
Trd, 4318317.643, 140
Trd, 4318318.943, 140
Trd, 4318319.693, 140
Trd, 4318319.993, 140
Trd, 4318321.743, 140
Trd, 4318321.843, 140
Trd, 4318322.093, 140
Trd, 4318322.143, 140
Trd, 4318322.993, 140
Trd, 4318323.343, 140
Trd, 4318323.893, 140
Trd, 4318324.943, 70
Trd, 4318325.493, 71
Trd, 4318326.943, 68
Trd, 4318327.293, 71
Trd, 4318327.843, 70
Trd, 4318328.793, 75
Trd, 4318329.443, 81
Trd, 4318329.793, 140
Trd, 4318331.193, 140
Trd, 4318331.993, 140
Trd, 4318335.443, 140
Trd, 4318336.143, 140
Trd, 4318338.143, 140
Trd, 4318338.543, 140
Trd, 4318338.843, 140
Trd, 4318339.143, 140
Trd, 4318341.843, 140
Trd, 4318342.743, 140
Trd, 4318343.193, 140
Trd, 4318344.793, 140
Trd, 4318344.943, 140
Trd, 4318346.493, 140
Trd, 4318346.993, 140
Trd, 4318347.243, 140
Trd, 4318347.743, 140
Trd, 4318348.643, 140
Trd, 4318349.243, 139
Trd, 4318349.743, 140
Trd, 4318350.443, 139
Trd, 4318350.993, 139
Trd, 4318351.443, 138
Trd, 4318352.043, 140
Trd, 4318352.293, 139
Trd, 4318354.693, 140
Trd, 4318355.293, 140
Trd, 4318357.043, 140
Trd, 4318357.293, 140
Trd, 4318358.893, 140
Trd, 4318358.943, 140
Trd, 4318359.493, 140
Trd, 4318359.593, 140
Trd, 4318359.693, 140
Trd, 4318360.543, 139
Trd, 4318361.743, 140
Trd, 4318362.093, 140
Trd, 4318362.343, 140
Trd, 4318362.593, 140
Trd, 4318362.743, 138
Trd, 4318364.143, 88
Trd, 4318364.243, 84
Trd, 4318364.793, 140
Trd, 4318364.993, 136
Trd, 4318367.443, 60
Trd, 4318367.843, 60
Trd, 4318368.043, 68
Trd, 4318368.593, 133
Trd, 4318369.193, 140
Trd, 4318370.993, 139
Trd, 4318371.893, 140
Trd, 4318372.243, 140
Trd, 4318372.393, 140
Trd, 4318376.043, 140
Trd, 4318376.643, 140
Trd, 4318376.693, 140
Trd, 4318378.343, 140
Trd, 4318379.443, 140
Trd, 4318379.893, 140
Trd, 4318380.243, 140
Trd, 4318380.443, 140
Trd, 4318381.293, 140
Trd, 4318382.193, 139
Trd, 4318383.643, 140
Trd, 4318384.093, 140
Trd, 4318385.243, 140
Trd, 4318387.093, 140
Trd, 4318387.593, 140
Trd, 4318388.343, 140
Trd, 4318389.743, 140
Trd, 4318391.943, 140
Trd, 4318391.993, 140
Trd, 4318392.193, 140
Trd, 4318392.393, 140
Trd, 4318392.543, 140
Trd, 4318392.593, 139
Trd, 4318392.843, 139
Trd, 4318393.043, 77
Trd, 4318393.843, 136
Trd, 4318394.293, 139
Trd, 4318394.993, 140
Trd, 4318397.593, 140
Trd, 4318397.693, 140
Trd, 4318398.243, 140
Trd, 4318399.393, 140
Trd, 4318401.193, 140
Trd, 4318401.643, 140
Trd, 4318403.543, 140
Trd, 4318404.043, 140
Trd, 4318404.343, 140
Trd, 4318404.593, 140
Trd, 4318404.643, 140
Trd, 4318405.093, 140
Trd, 4318405.243, 139
Trd, 4318406.143, 140
Trd, 4318406.793, 140
Trd, 4318408.193, 140
Trd, 4318408.893, 140
Trd, 4318410.243, 140
Trd, 4318411.043, 140
Trd, 4318413.093, 140
Trd, 4318413.743, 140
Trd, 4318415.993, 140
Trd, 4318417.693, 140
Trd, 4318418.243, 140
Trd, 4318419.793, 140
Trd, 4318420.193, 140
Trd, 4318421.193, 140
Trd, 4318422.093, 140
Trd, 4318424.643, 140
Trd, 4318425.143, 140
Trd, 4318425.193, 140
Trd, 4318425.243, 140
Trd, 4318425.543, 140
Trd, 4318426.043, 140
Trd, 4318426.293, 140
Trd, 4318426.593, 140
Trd, 4318426.743, 139
Trd, 4318426.893, 140
Trd, 4318427.893, 139
Trd, 4318429.443, 140
Trd, 4318429.793, 140
Trd, 4318430.593, 140
Trd, 4318430.993, 140
Trd, 4318431.493, 139
Trd, 4318431.993, 139
Trd, 4318432.193, 138
Trd, 4318432.293, 138
Trd, 4318434.243, 66
Trd, 4318434.343, 83
Trd, 4318434.943, 66
Trd, 4318435.293, 139
Trd, 4318436.093, 64
Trd, 4318436.493, 68
Trd, 4318438.293, 64
Trd, 4318438.943, 87
Trd, 4318439.093, 88
Trd, 4318441.793, 65
Trd, 4318441.893, 72
Trd, 4318442.643, 102
Trd, 4318443.793, 74
Trd, 4318444.893, 71
Trd, 4318445.243, 60
Trd, 4318445.543, 60
Trd, 4318445.793, 61
Trd, 4318446.593, 86
Trd, 4318447.943, 84
Trd, 4318449.293, 60
Trd, 4318449.543, 60
Trd, 4318449.693, 60
Trd, 4318450.043, 61
Trd, 4318450.693, 66
Trd, 4318450.993, 64
Trd, 4318452.243, 64
Trd, 4318452.793, 60
Trd, 4318453.693, 68
Trd, 4318454.543, 65
Trd, 4318454.993, 63
Trd, 4318455.393, 63
Trd, 4318455.893, 68
Trd, 4318456.143, 71
Trd, 4318456.943, 68
Trd, 4318457.243, 68
Trd, 4318457.543, 68
Trd, 4318457.793, 68
Trd, 4318459.543, 140
Trd, 4318459.693, 140
Trd, 4318461.343, 140
Trd, 4318463.643, 140
Trd, 4318465.093, 140
Trd, 4318465.643, 140
Trd, 4318465.743, 140
Trd, 4318467.393, 140
Trd, 4318468.743, 140
Trd, 4318471.243, 140
Trd, 4318471.593, 140
Trd, 4318472.143, 140
Trd, 4318473.693, 140
Trd, 4318473.943, 140
Trd, 4318474.593, 140
Trd, 4318474.693, 140
Trd, 4318474.793, 139
Trd, 4318475.443, 140
Trd, 4318475.943, 140
Trd, 4318476.893, 140
Trd, 4318478.743, 140
Trd, 4318479.243, 140
Trd, 4318480.493, 140
Trd, 4318481.443, 140
Trd, 4318481.943, 140
Trd, 4318481.993, 140
Trd, 4318482.093, 140
Trd, 4318482.543, 140
Trd, 4318484.743, 140
Trd, 4318485.143, 140
Trd, 4318485.593, 140
Trd, 4318486.093, 140
Trd, 4318487.043, 140
Trd, 4318487.743, 140
Trd, 4318488.643, 140
Trd, 4318488.843, 139
Trd, 4318489.293, 139
Trd, 4318490.943, 140
Trd, 4318491.043, 140
Trd, 4318491.193, 140
Trd, 4318492.543, 140
Trd, 4318493.293, 140
Trd, 4318493.393, 140
Trd, 4318495.043, 140
Trd, 4318496.143, 140
Trd, 4318496.543, 140
Trd, 4318496.793, 140
Trd, 4318499.293, 140
Trd, 4318499.543, 140
Trd, 4318501.043, 140
Trd, 4318502.193, 140
Trd, 4318502.393, 140
Trd, 4318502.593, 140
Trd, 4318505.143, 140
Trd, 4318505.193, 140
Trd, 4318505.693, 140
Trd, 4318505.893, 140
Trd, 4318506.393, 140
Trd, 4318507.143, 140
Trd, 4318507.193, 140
Trd, 4318507.643, 140
Trd, 4318508.443, 139
Trd, 4318511.593, 140
Trd, 4318512.593, 140
Trd, 4318514.443, 140
Trd, 4318515.293, 140
Trd, 4318515.343, 140
Trd, 4318517.393, 140
Trd, 4318518.443, 140
Trd, 4318519.343, 140
Trd, 4318520.093, 140
Trd, 4318522.843, 140
Trd, 4318523.943, 140
Trd, 4318525.293, 140
Trd, 4318525.393, 140
Trd, 4318526.443, 140
Trd, 4318526.593, 140
Trd, 4318526.643, 139
Trd, 4318527.243, 140
Trd, 4318527.343, 140
Trd, 4318527.493, 140
Trd, 4318528.043, 140
Trd, 4318528.993, 140
Trd, 4318529.443, 138
Trd, 4318530.693, 140
Trd, 4318531.243, 140
Trd, 4318531.693, 139
Trd, 4318533.943, 140
Trd, 4318535.793, 140
Trd, 4318536.593, 140
Trd, 4318536.793, 140
Trd, 4318537.793, 140
Trd, 4318538.343, 140
Trd, 4318539.243, 140
Trd, 4318539.693, 140
Trd, 4318539.893, 140
Trd, 4318540.693, 140
Trd, 4318544.593, 140
Trd, 4318545.843, 140
Trd, 4318545.893, 140
Trd, 4318545.993, 140
Trd, 4318546.043, 140
Trd, 4318546.943, 140
Trd, 4318546.993, 139
Trd, 4318547.893, 140
Trd, 4318548.043, 139
Trd, 4318548.193, 70
Trd, 4318548.893, 140
Trd, 4318550.593, 140
Trd, 4318551.193, 140
Trd, 4318553.343, 140
Trd, 4318554.093, 140
Trd, 4318555.393, 140
Trd, 4318556.243, 140
Trd, 4318557.243, 140
Trd, 4318557.393, 140
Trd, 4318557.493, 140
Trd, 4318558.993, 140
Trd, 4318562.043, 140
Trd, 4318563.243, 140
Trd, 4318563.293, 140
Trd, 4318563.343, 140
Trd, 4318563.543, 140
Trd, 4318563.693, 139
Trd, 4318564.093, 139
Trd, 4318564.493, 139
Trd, 4318564.943, 139
Trd, 4318565.193, 138
Trd, 4318566.343, 136
Trd, 4318566.443, 136
Trd, 4318567.193, 135
Trd, 4318567.343, 138
Trd, 4318567.943, 75
Trd, 4318568.643, 140
Trd, 4318569.693, 140
Trd, 4318570.693, 137
Trd, 4318572.693, 140
Trd, 4318573.443, 140
Trd, 4318573.493, 140
Trd, 4318573.743, 140
Trd, 4318574.393, 140
Trd, 4318574.593, 140
Trd, 4318574.893, 140
Trd, 4318574.993, 139
Trd, 4318575.743, 118
Trd, 4318576.193, 118
Trd, 4318577.343, 60
Trd, 4318577.843, 140
Trd, 4318578.443, 140
Trd, 4318580.193, 140
Trd, 4318580.243, 139
Trd, 4318583.093, 140
Trd, 4318583.293, 140
Trd, 4318583.393, 140
Trd, 4318583.693, 140
Trd, 4318586.743, 140
Trd, 4318588.043, 140
Trd, 4318588.393, 140
Trd, 4318589.343, 140
Trd, 4318589.393, 140
Trd, 4318589.493, 140
Trd, 4318590.343, 140
Trd, 4318590.443, 140
Trd, 4318590.643, 140
Trd, 4318591.543, 139
Trd, 4318592.043, 138
Trd, 4318592.143, 139
Trd, 4318594.843, 140
Trd, 4318596.743, 140
Trd, 4318596.943, 140
Trd, 4318596.993, 140
Trd, 4318597.393, 140
Trd, 4318600.143, 140
Trd, 4318601.643, 140
Trd, 4318603.143, 140
Trd, 4318603.193, 140
Trd, 4318603.443, 139
Trd, 4318604.893, 140
Trd, 4318604.993, 140
Trd, 4318605.693, 140
Trd, 4318606.293, 135
Trd, 4318606.843, 140
Trd, 4318607.093, 139
Trd, 4318607.443, 139
Trd, 4318609.443, 140
Trd, 4318611.143, 140
Trd, 4318611.943, 140
Trd, 4318612.193, 140
Trd, 4318612.843, 140
Trd, 4318613.643, 140
Trd, 4318616.043, 140
Trd, 4318617.543, 140
Trd, 4318617.993, 140
Trd, 4318620.493, 140
Trd, 4318621.943, 140
Trd, 4318623.443, 140
Trd, 4318623.643, 140
Trd, 4318623.693, 140
Trd, 4318624.243, 140
Trd, 4318624.843, 140
Trd, 4318625.143, 140
Trd, 4318625.893, 138
Trd, 4318628.743, 140
Trd, 4318629.093, 140
Trd, 4318630.443, 140
Trd, 4318630.743, 140
Trd, 4318630.793, 139
Trd, 4318631.443, 138
Trd, 4318631.593, 140
Trd, 4318631.693, 139
Trd, 4318632.943, 140
Trd, 4318633.693, 140
Trd, 4318634.493, 140
Trd, 4318634.843, 138
Trd, 4318634.993, 136
Trd, 4318635.543, 136
Trd, 4318635.643, 138
Trd, 4318636.593, 62
Trd, 4318638.443, 60
Trd, 4318638.743, 60
Trd, 4318639.093, 60
Trd, 4318640.243, 60
Trd, 4318641.893, 60
Trd, 4318642.743, 60
Trd, 4318644.043, 60
Trd, 4318644.093, 60
Trd, 4318644.793, 60
Trd, 4318644.993, 60
Trd, 4318646.793, 60
Trd, 4318646.893, 61
Trd, 4318647.243, 62
Trd, 4318647.493, 71
Trd, 4318647.993, 62
Trd, 4318648.143, 72
Trd, 4318648.393, 61
Trd, 4318650.593, 60
Trd, 4318650.743, 60
Trd, 4318651.293, 60
Trd, 4318651.943, 61
Trd, 4318652.093, 60
Trd, 4318652.343, 60
Trd, 4318652.643, 61
Trd, 4318653.443, 113
Trd, 4318654.393, 60
Trd, 4318656.443, 60
Trd, 4318656.743, 60
Trd, 4318657.093, 60
Trd, 4318657.593, 60
Trd, 4318658.043, 61
Trd, 4318658.793, 139
Trd, 4318659.293, 75
Trd, 4318660.793, 140
Trd, 4318662.643, 140
Trd, 4318662.943, 140
Trd, 4318663.193, 140
Trd, 4318664.193, 140
Trd, 4318664.343, 140
Trd, 4318665.093, 140
Trd, 4318665.343, 140
Trd, 4318666.293, 140
Trd, 4318666.743, 140
Trd, 4318667.993, 140
Trd, 4318668.343, 140
Trd, 4318669.193, 140
Trd, 4318671.243, 140
Trd, 4318671.943, 140
Trd, 4318672.443, 140
Trd, 4318673.793, 140
Trd, 4318675.043, 140
Trd, 4318677.793, 140
Trd, 4318679.143, 140
Trd, 4318679.843, 140
Trd, 4318680.643, 140
Trd, 4318681.493, 140
Trd, 4318682.843, 140
Trd, 4318684.393, 140
Trd, 4318684.493, 140
Trd, 4318685.093, 140
Trd, 4318686.593, 140
Trd, 4318687.293, 140
Trd, 4318688.693, 140
Trd, 4318689.693, 140
Trd, 4318689.793, 140
Trd, 4318692.643, 140
Trd, 4318692.743, 140
Trd, 4318692.843, 140
Trd, 4318692.993, 140
Trd, 4318693.393, 140
Trd, 4318693.643, 140
Trd, 4318694.243, 139
Trd, 4318694.593, 140
Trd, 4318694.693, 138
Trd, 4318696.843, 140
Trd, 4318697.493, 140
Trd, 4318697.593, 139
Trd, 4318697.843, 139
Trd, 4318701.343, 140
Trd, 4318702.093, 140
Trd, 4318702.493, 140
Trd, 4318703.343, 140
Trd, 4318704.693, 140
Trd, 4318706.043, 140
Trd, 4318706.143, 140
Trd, 4318707.343, 140
Trd, 4318708.093, 140
Trd, 4318709.043, 140
Trd, 4318712.443, 140
Trd, 4318713.643, 140
Trd, 4318715.293, 140
Trd, 4318715.493, 140
Trd, 4318715.693, 140
Trd, 4318716.893, 140
Trd, 4318717.543, 140
Trd, 4318719.843, 140
Trd, 4318721.443, 140
Trd, 4318722.643, 140
Trd, 4318723.643, 140
Trd, 4318724.393, 140
Trd, 4318724.493, 140
Trd, 4318724.693, 140
Trd, 4318725.693, 140
Trd, 4318725.743, 140
Trd, 4318726.093, 140
Trd, 4318726.643, 140
Trd, 4318727.143, 140
Trd, 4318727.843, 139
Trd, 4318729.193, 62
Trd, 4318729.743, 133
Trd, 4318730.243, 132
Trd, 4318731.893, 60
Trd, 4318732.793, 60
Trd, 4318733.843, 66
Trd, 4318734.243, 66
Trd, 4318734.993, 60
Trd, 4318735.743, 77
Trd, 4318737.543, 61
Trd, 4318737.643, 61
Trd, 4318737.693, 62
Trd, 4318738.443, 62
Trd, 4318738.793, 62
Trd, 4318738.943, 83
Trd, 4318739.643, 60
Trd, 4318740.193, 70
Trd, 4318740.993, 140
Trd, 4318741.793, 140
Trd, 4318742.743, 140
Trd, 4318743.343, 140
Trd, 4318745.743, 140
Trd, 4318745.893, 140
Trd, 4318746.993, 140
Trd, 4318747.243, 140
Trd, 4318747.693, 140
Trd, 4318750.043, 140
Trd, 4318750.743, 140
Trd, 4318751.393, 140
Trd, 4318751.943, 140
Trd, 4318755.343, 140
Trd, 4318755.493, 140
Trd, 4318756.693, 140
Trd, 4318756.793, 140
Trd, 4318757.343, 140
Trd, 4318758.143, 140
Trd, 4318758.743, 140
Trd, 4318761.543, 140
Trd, 4318762.343, 140
Trd, 4318762.543, 140
Trd, 4318764.143, 140
Trd, 4318764.543, 140
Trd, 4318764.743, 140
Trd, 4318765.293, 140
Trd, 4318767.043, 140
Trd, 4318767.593, 140
Trd, 4318767.993, 140
Trd, 4318768.393, 140
Trd, 4318768.693, 140
Trd, 4318769.043, 140
Trd, 4318770.593, 140
Trd, 4318770.893, 139
Trd, 4318771.243, 138
Trd, 4318772.693, 140
Trd, 4318773.793, 140
Trd, 4318774.593, 140
Trd, 4318774.693, 140
Trd, 4318775.493, 140
Trd, 4318775.843, 140
Trd, 4318775.993, 140
Trd, 4318776.443, 140
Trd, 4318776.993, 140
Trd, 4318778.793, 140
Trd, 4318778.843, 140
Trd, 4318779.143, 140
Trd, 4318779.643, 139
Trd, 4318779.843, 140
Trd, 4318781.593, 140
Trd, 4318781.793, 140
Trd, 4318782.343, 140
Trd, 4318782.993, 140
Trd, 4318784.093, 140
Trd, 4318785.893, 140
Trd, 4318786.643, 140
Trd, 4318788.643, 140
Trd, 4318788.893, 140
Trd, 4318789.493, 140
Trd, 4318789.843, 140
Trd, 4318791.543, 140
Trd, 4318791.693, 140
Trd, 4318794.193, 140
Trd, 4318794.243, 140
Trd, 4318794.643, 140
Trd, 4318794.743, 140
Trd, 4318795.793, 140
Trd, 4318796.243, 140
Trd, 4318796.493, 140
Trd, 4318796.993, 139
Trd, 4318797.043, 138
Trd, 4318797.193, 140
Trd, 4318798.443, 140
Trd, 4318798.593, 139
Trd, 4318799.143, 139
Trd, 4318800.193, 126
Trd, 4318800.243, 94
Trd, 4318801.093, 139
Trd, 4318801.643, 139
Trd, 4318802.593, 139
Trd, 4318803.293, 138
Trd, 4318803.393, 137
Trd, 4318804.193, 140
Trd, 4318805.043, 140
Trd, 4318805.793, 140
Trd, 4318807.743, 140
Trd, 4318808.193, 140
Trd, 4318809.793, 140
Trd, 4318810.293, 136
Trd, 4318810.943, 140
Trd, 4318814.343, 140
Trd, 4318814.493, 140
Trd, 4318814.793, 140
Trd, 4318815.393, 140
Trd, 4318816.093, 140
Trd, 4318816.243, 140
Trd, 4318816.843, 140
Trd, 4318816.993, 140
Trd, 4318817.143, 140
Trd, 4318817.993, 138
Trd, 4318818.493, 128
Trd, 4318818.593, 137
Trd, 4318818.843, 138
Trd, 4318821.493, 140
Trd, 4318821.543, 140
Trd, 4318821.793, 140
Trd, 4318823.093, 140
Trd, 4318823.743, 140
Trd, 4318824.193, 140
Trd, 4318827.043, 140
Trd, 4318827.843, 140
Trd, 4318827.893, 140
Trd, 4318829.593, 140
Trd, 4318830.943, 140
Trd, 4318831.743, 140
Trd, 4318832.693, 140
Trd, 4318835.693, 140
Trd, 4318835.943, 140
Trd, 4318836.343, 140
Trd, 4318836.393, 140
Trd, 4318836.593, 140
Trd, 4318838.793, 140
Trd, 4318839.043, 140
Trd, 4318839.193, 140
Trd, 4318839.743, 140
Trd, 4318839.843, 140
Trd, 4318839.943, 140
Trd, 4318840.493, 140
Trd, 4318840.593, 140
Trd, 4318842.693, 140
Trd, 4318843.293, 139
Trd, 4318843.493, 139
Trd, 4318845.093, 140
Trd, 4318846.043, 140
Trd, 4318847.243, 140
Trd, 4318847.343, 140
Trd, 4318848.393, 140
Trd, 4318850.943, 140
Trd, 4318851.093, 140
Trd, 4318853.093, 140
Trd, 4318853.443, 140
Trd, 4318854.643, 140
Trd, 4318854.693, 140
Trd, 4318856.043, 140
Trd, 4318856.293, 140
Trd, 4318856.493, 140
Trd, 4318856.693, 140
Trd, 4318858.143, 140
Trd, 4318858.193, 140
Trd, 4318858.243, 139
Trd, 4318858.593, 137
Trd, 4318860.143, 140
Trd, 4318860.743, 140
Trd, 4318862.043, 140
Trd, 4318863.043, 140
Trd, 4318863.543, 140
Trd, 4318863.893, 140
Trd, 4318864.293, 140
Trd, 4318864.693, 140
Trd, 4318864.993, 140
Trd, 4318865.143, 139
Trd, 4318865.643, 140
Trd, 4318865.793, 139
Trd, 4318866.243, 138
Trd, 4318867.193, 65
Trd, 4318867.493, 66
Trd, 4318867.743, 68
Trd, 4318869.843, 60
Trd, 4318869.993, 61
Trd, 4318871.293, 72
Trd, 4318872.693, 64
Trd, 4318873.193, 60
Trd, 4318874.793, 60
Trd, 4318875.293, 60
Trd, 4318876.443, 60
Trd, 4318876.743, 60
Trd, 4318876.843, 60
Trd, 4318877.943, 60
Trd, 4318878.443, 60
Trd, 4318879.243, 60
Trd, 4318879.293, 64
Trd, 4318880.093, 94
Trd, 4318880.393, 63
Trd, 4318881.893, 64
Trd, 4318883.043, 63
Trd, 4318883.143, 92
Trd, 4318883.793, 140
Trd, 4318884.143, 140
Trd, 4318885.693, 140
Trd, 4318886.193, 140
Trd, 4318887.343, 140
Trd, 4318889.743, 140
Trd, 4318892.743, 140
Trd, 4318893.243, 140
Trd, 4318893.543, 140
Trd, 4318893.793, 140
Trd, 4318893.893, 140
Trd, 4318894.093, 139
Trd, 4318894.693, 137
Trd, 4318894.943, 138
Trd, 4318895.143, 116
Trd, 4318895.193, 137
Trd, 4318895.843, 60
Trd, 4318895.993, 60
Trd, 4318897.343, 62
Trd, 4318898.393, 139
Trd, 4318899.493, 140
Trd, 4318902.143, 140
Trd, 4318902.243, 140
Trd, 4318904.593, 140
Trd, 4318904.743, 140
Trd, 4318904.793, 140
Trd, 4318904.943, 140
Trd, 4318905.093, 140
Trd, 4318905.143, 139
Trd, 4318905.643, 140
Trd, 4318905.693, 140
Trd, 4318906.243, 139
Trd, 4318906.993, 100
Trd, 4318908.743, 60
Trd, 4318909.093, 61
Trd, 4318909.393, 140
Trd, 4318910.893, 139
Trd, 4318911.843, 140
Trd, 4318915.093, 140
Trd, 4318915.143, 140
Trd, 4318915.743, 140
Trd, 4318915.843, 140
Trd, 4318916.293, 140
Trd, 4318916.543, 140
Trd, 4318917.193, 140
Trd, 4318917.793, 139
Trd, 4318917.943, 138
Trd, 4318918.493, 140
Trd, 4318918.543, 139
Trd, 4318919.643, 139
Trd, 4318920.893, 140
Trd, 4318921.593, 140
Trd, 4318921.793, 140
Trd, 4318922.693, 140
Trd, 4318923.643, 140
Trd, 4318928.343, 140
Trd, 4318929.443, 140
Trd, 4318929.543, 139
Trd, 4318930.243, 140
Trd, 4318931.243, 140
Trd, 4318931.393, 139
Trd, 4318932.093, 140
Trd, 4318934.293, 140
Trd, 4318935.393, 140
Trd, 4318935.793, 140
Trd, 4318936.193, 140
Trd, 4318936.393, 140
Trd, 4318936.493, 140
Trd, 4318936.793, 139
Trd, 4318938.793, 140
Trd, 4318941.093, 140
Trd, 4318941.293, 140
Trd, 4318943.143, 140
Trd, 4318944.093, 140
Trd, 4318944.793, 140
Trd, 4318944.993, 140
Trd, 4318945.443, 140
Trd, 4318945.693, 140
Trd, 4318945.843, 140
Trd, 4318945.943, 140
Trd, 4318946.343, 140
Trd, 4318946.443, 140
Trd, 4318946.893, 140
Trd, 4318947.693, 139
Trd, 4318948.393, 137
Trd, 4318948.643, 140
Trd, 4318951.043, 140
Trd, 4318951.943, 140
Trd, 4318952.643, 140
Trd, 4318953.893, 140
Trd, 4318954.743, 140
Trd, 4318957.643, 140
Trd, 4318959.143, 140
Trd, 4318960.043, 140
Trd, 4318960.443, 140
Trd, 4318960.493, 140
Trd, 4318960.693, 140
Trd, 4318961.343, 138
Trd, 4318962.393, 140
Trd, 4318965.493, 140
Trd, 4318967.043, 140
Trd, 4318967.643, 140
Trd, 4318967.843, 140
Trd, 4318969.343, 140
Trd, 4318970.793, 140
Trd, 4318971.293, 140
Trd, 4318973.143, 140
Trd, 4318973.343, 140
Trd, 4318974.193, 140
Trd, 4318974.343, 140
Trd, 4318974.793, 140
Trd, 4318975.093, 140
Trd, 4318975.343, 140
Trd, 4318976.843, 72
Trd, 4318977.243, 69
Trd, 4318978.043, 137
Trd, 4318979.493, 140
Trd, 4318979.643, 140
Trd, 4318979.693, 140
Trd, 4318980.343, 140
Trd, 4318980.593, 139
Trd, 4318981.143, 133
Trd, 4318981.593, 133
Trd, 4318981.893, 61
Trd, 4318982.943, 70
Trd, 4318983.193, 71
Trd, 4318984.043, 127
Trd, 4318985.593, 61
Trd, 4318986.143, 60
Trd, 4318986.793, 60
Trd, 4318989.143, 133
Trd, 4318989.843, 63
Trd, 4318990.243, 72
Trd, 4318991.543, 60
Trd, 4318991.593, 61
Trd, 4318992.143, 63
Trd, 4318992.293, 72
Trd, 4318994.593, 65
Trd, 4318995.043, 64
Trd, 4318995.243, 66
Trd, 4318995.443, 67
Trd, 4318995.743, 64
Trd, 4318995.943, 63
Trd, 4318996.393, 67
Trd, 4318996.843, 140
Trd, 4318999.193, 140
Trd, 4318999.543, 140
Trd, 4319001.943, 140
Trd, 4319004.193, 140
Trd, 4319004.693, 140
Trd, 4319005.193, 140
Trd, 4319006.093, 140
Trd, 4319006.193, 140
Trd, 4319007.193, 140
Trd, 4319007.393, 140
Trd, 4319008.593, 139
Trd, 4319009.193, 138
Trd, 4319009.843, 140
Trd, 4319009.943, 140
Trd, 4319010.043, 140
Trd, 4319010.493, 140
Trd, 4319011.143, 140
Trd, 4319013.543, 140
Trd, 4319014.193, 140
Trd, 4319014.893, 140
Trd, 4319016.593, 140
Trd, 4319016.693, 140
Trd, 4319019.693, 140
Trd, 4319020.093, 140
Trd, 4319020.693, 140
Trd, 4319023.743, 140
Trd, 4319024.093, 140
Trd, 4319024.793, 140
Trd, 4319024.893, 140
Trd, 4319026.343, 140
Trd, 4319029.893, 140
Trd, 4319031.093, 140
Trd, 4319031.343, 140
Trd, 4319032.543, 140
Trd, 4319033.143, 140
Trd, 4319033.543, 140
Trd, 4319034.743, 140
Trd, 4319035.293, 140
Trd, 4319036.443, 140
Trd, 4319036.993, 140
Trd, 4319037.143, 140
Trd, 4319038.543, 140
Trd, 4319038.943, 140
Trd, 4319039.093, 140
Trd, 4319039.143, 140
Trd, 4319039.443, 136
Trd, 4319040.193, 139
Trd, 4319040.243, 139
Trd, 4319040.443, 140
Trd, 4319041.593, 140
Trd, 4319042.093, 139
Trd, 4319042.943, 140
Trd, 4319043.093, 139
Trd, 4319045.043, 140
Trd, 4319045.343, 140
Trd, 4319047.243, 140
Trd, 4319047.293, 140
Trd, 4319049.193, 140
Trd, 4319051.293, 140
Trd, 4319051.543, 140
Trd, 4319052.793, 140
Trd, 4319052.993, 140
Trd, 4319053.943, 140
Trd, 4319054.443, 140
Trd, 4319055.093, 140
Trd, 4319055.943, 140
Trd, 4319056.543, 140
Trd, 4319057.743, 140
Trd, 4319057.993, 140
Trd, 4319058.793, 140
Trd, 4319059.543, 140
Trd, 4319060.343, 140
Trd, 4319060.693, 140
Trd, 4319060.743, 140
Trd, 4319062.343, 140
Trd, 4319063.043, 140
Trd, 4319064.043, 140
Trd, 4319064.293, 140
Trd, 4319064.743, 140
Trd, 4319064.793, 140
Trd, 4319065.643, 138
Trd, 4319066.143, 111
Trd, 4319067.243, 110
Trd, 4319067.593, 140
Trd, 4319069.493, 140
Trd, 4319072.443, 140
Trd, 4319072.993, 140
Trd, 4319073.243, 140
Trd, 4319073.743, 140
Trd, 4319074.393, 140
Trd, 4319076.943, 140
Trd, 4319080.893, 140
Trd, 4319080.943, 140
Trd, 4319081.343, 140
Trd, 4319081.543, 140
Trd, 4319081.793, 140
Trd, 4319082.193, 140
Trd, 4319082.593, 140
Trd, 4319082.893, 140
Trd, 4319083.693, 140
Trd, 4319083.843, 140
Trd, 4319084.193, 140
Trd, 4319085.543, 140
Trd, 4319086.643, 140
Trd, 4319087.943, 140
Trd, 4319088.243, 140
Trd, 4319090.143, 140
Trd, 4319090.193, 140
Trd, 4319090.743, 140
Trd, 4319093.943, 140
Trd, 4319095.243, 140
Trd, 4319096.243, 140
Trd, 4319096.343, 140
Trd, 4319096.393, 140
Trd, 4319097.793, 140
Trd, 4319098.643, 140
Trd, 4319098.743, 140
Trd, 4319098.993, 140
Trd, 4319099.393, 140
Trd, 4319099.693, 140
Trd, 4319100.893, 140
Trd, 4319100.993, 140
Trd, 4319102.693, 140
Trd, 4319102.993, 140
Trd, 4319104.493, 140
Trd, 4319106.643, 140
Trd, 4319106.693, 140
Trd, 4319107.643, 140
Trd, 4319107.843, 140
Trd, 4319107.943, 139
Trd, 4319108.693, 140
Trd, 4319109.593, 140
Trd, 4319109.643, 139
Trd, 4319110.543, 139
Trd, 4319110.793, 134
Trd, 4319111.643, 139
Trd, 4319111.843, 62
Trd, 4319113.393, 137
Trd, 4319115.293, 140
Trd, 4319115.593, 140
Trd, 4319116.193, 140
Trd, 4319117.293, 140
Trd, 4319119.043, 140
Trd, 4319120.143, 140
Trd, 4319120.243, 140
Trd, 4319120.693, 140
Trd, 4319120.943, 140
Trd, 4319120.993, 140
Trd, 4319121.143, 140
Trd, 4319123.593, 140
Trd, 4319123.993, 140
Trd, 4319125.243, 140
Trd, 4319126.993, 140
Trd, 4319127.043, 140
Trd, 4319127.293, 140
Trd, 4319127.493, 140
Trd, 4319127.843, 140
Trd, 4319128.093, 124
Trd, 4319129.543, 140
Trd, 4319130.543, 61
Trd, 4319130.793, 77
Trd, 4319131.743, 140
Trd, 4319133.593, 140
Trd, 4319134.743, 140
Trd, 4319134.893, 140
Trd, 4319135.143, 140
Trd, 4319135.543, 140
Trd, 4319135.943, 140
Trd, 4319137.343, 140
Trd, 4319139.993, 140
Trd, 4319140.693, 140
Trd, 4319142.543, 140
Trd, 4319143.043, 140
Trd, 4319143.393, 140
Trd, 4319146.043, 140
Trd, 4319147.343, 140
Trd, 4319147.693, 140
Trd, 4319148.043, 140
Trd, 4319149.893, 140
Trd, 4319149.993, 140
Trd, 4319152.843, 140
Trd, 4319152.993, 140
Trd, 4319153.193, 139
Trd, 4319153.243, 140
Trd, 4319154.343, 140
Trd, 4319155.843, 140
Trd, 4319155.893, 140
Trd, 4319155.993, 140
Trd, 4319156.043, 139
Trd, 4319156.593, 140
Trd, 4319157.643, 140
Trd, 4319158.843, 140
Trd, 4319159.293, 140
Trd, 4319160.993, 140
Trd, 4319161.693, 140
Trd, 4319162.643, 140
Trd, 4319164.443, 140
Trd, 4319164.843, 140
Trd, 4319164.943, 140
Trd, 4319165.043, 140
Trd, 4319165.093, 139
Trd, 4319165.443, 140
Trd, 4319165.543, 140
Trd, 4319167.693, 140
Trd, 4319168.443, 140
Trd, 4319168.893, 140
Trd, 4319169.343, 140
Trd, 4319171.593, 140
Trd, 4319172.543, 140
Trd, 4319172.643, 140
Trd, 4319173.743, 140
Trd, 4319174.543, 140
Trd, 4319174.643, 140
Trd, 4319174.693, 140
Trd, 4319175.193, 139
Trd, 4319175.293, 140
Trd, 4319175.793, 140
Trd, 4319176.593, 124
Trd, 4319177.443, 137
Trd, 4319177.693, 139
Trd, 4319179.593, 140
Trd, 4319181.293, 91
Trd, 4319181.393, 92
Trd, 4319183.843, 140
Trd, 4319184.643, 140
Trd, 4319185.493, 140
Trd, 4319186.193, 140
Trd, 4319186.443, 140
Trd, 4319186.743, 140
Trd, 4319186.843, 140
Trd, 4319187.193, 140
Trd, 4319187.493, 138
Trd, 4319188.793, 140
Trd, 4319188.893, 140
Trd, 4319188.993, 139
Trd, 4319189.393, 139
Trd, 4319191.393, 140
Trd, 4319192.543, 140
Trd, 4319194.643, 140
Trd, 4319195.443, 140
Trd, 4319195.493, 140
Trd, 4319195.693, 140
Trd, 4319195.743, 140
Trd, 4319195.843, 140
Trd, 4319196.043, 139
Trd, 4319196.743, 140
Trd, 4319197.693, 140
Trd, 4319197.993, 140
Trd, 4319198.143, 139
Trd, 4319201.393, 140
Trd, 4319201.893, 140
Trd, 4319202.143, 140
Trd, 4319204.743, 140
Trd, 4319204.793, 140
Trd, 4319206.643, 140
Trd, 4319206.993, 140
Trd, 4319208.143, 140
Trd, 4319208.343, 140
Trd, 4319208.743, 140
Trd, 4319209.093, 140
Trd, 4319209.593, 139
Trd, 4319210.193, 140
Trd, 4319210.243, 140
Trd, 4319211.093, 140
Trd, 4319211.193, 140
Trd, 4319212.543, 138
Trd, 4319212.943, 137
Trd, 4319214.593, 140
Trd, 4319214.643, 139
Trd, 4319215.193, 139
Trd, 4319216.693, 140
Trd, 4319217.793, 138
Trd, 4319218.943, 140
Trd, 4319220.193, 140
Trd, 4319221.293, 140
Trd, 4319221.593, 140
Trd, 4319221.893, 140
Trd, 4319222.443, 137
Trd, 4319224.643, 140
Trd, 4319224.993, 140
Trd, 4319226.143, 140
Trd, 4319227.693, 140
Trd, 4319228.943, 140
Trd, 4319229.443, 140
Trd, 4319229.893, 140
Trd, 4319232.243, 140
Trd, 4319233.143, 140
Trd, 4319234.343, 140
Trd, 4319235.393, 140
Trd, 4319235.643, 140
Trd, 4319236.193, 139
Trd, 4319236.343, 139
Trd, 4319236.393, 137
Trd, 4319236.843, 136
Trd, 4319236.993, 108
Trd, 4319238.393, 134
Trd, 4319238.743, 110
Trd, 4319239.093, 108
Trd, 4319239.743, 126
Trd, 4319240.143, 126
Trd, 4319240.443, 119
Trd, 4319241.143, 62
Trd, 4319241.993, 62
Trd, 4319245.343, 60
Trd, 4319245.693, 60
Trd, 4319245.793, 60
Trd, 4319246.943, 60
Trd, 4319247.293, 60
Trd, 4319248.093, 60
Trd, 4319249.143, 60
Trd, 4319249.343, 61
Trd, 4319249.543, 60
Trd, 4319250.193, 62
Trd, 4319251.643, 66
Trd, 4319252.893, 60
Trd, 4319253.393, 60
Trd, 4319253.493, 60
Trd, 4319254.043, 60
Trd, 4319254.593, 60
Trd, 4319255.793, 60
Trd, 4319255.993, 65
Trd, 4319256.193, 82
Trd, 4319257.443, 60
Trd, 4319258.093, 63
Trd, 4319259.243, 60
Trd, 4319259.893, 135
Trd, 4319260.893, 140
Trd, 4319261.643, 140
Trd, 4319263.093, 139
Trd, 4319263.743, 140
Trd, 4319264.043, 140
Trd, 4319264.093, 140
Trd, 4319264.393, 140
Trd, 4319264.743, 140
Trd, 4319266.093, 140
Trd, 4319266.243, 140
Trd, 4319266.393, 140
Trd, 4319266.693, 139
Trd, 4319266.793, 139
Trd, 4319267.693, 113
Trd, 4319268.643, 66
Trd, 4319269.893, 60
Trd, 4319270.893, 60
Trd, 4319272.143, 60
Trd, 4319273.193, 60
Trd, 4319273.643, 60
Trd, 4319274.043, 61
Trd, 4319275.593, 60
Trd, 4319275.843, 60
Trd, 4319276.343, 61
Trd, 4319277.093, 61
Trd, 4319278.143, 67
Trd, 4319278.393, 65
Trd, 4319278.593, 67
Trd, 4319279.043, 63
Trd, 4319279.743, 67
Trd, 4319280.393, 67
Trd, 4319280.793, 60
Trd, 4319281.493, 60
Trd, 4319281.593, 60
Trd, 4319283.543, 60
Trd, 4319284.093, 87
Trd, 4319284.793, 88
Trd, 4319285.843, 60
Trd, 4319285.893, 60
Trd, 4319286.793, 60
Trd, 4319287.643, 61
Trd, 4319288.693, 60
Trd, 4319290.493, 60
Trd, 4319291.143, 60
Trd, 4319291.393, 60
Trd, 4319291.993, 61
Trd, 4319292.493, 64
Trd, 4319292.643, 62
Trd, 4319293.393, 62
Trd, 4319293.543, 61
Trd, 4319293.943, 60
Trd, 4319296.293, 60
Trd, 4319296.393, 60
Trd, 4319296.643, 64
Trd, 4319297.843, 62
Trd, 4319298.793, 61
Trd, 4319299.593, 60
Trd, 4319300.493, 63
Trd, 4319300.993, 60
Trd, 4319301.193, 70
Trd, 4319302.243, 82
Trd, 4319304.543, 61
Trd, 4319304.593, 62
Trd, 4319304.743, 60
Trd, 4319304.943, 64
Trd, 4319305.593, 63
Trd, 4319305.893, 64
Trd, 4319306.043, 109
Trd, 4319306.893, 60
Trd, 4319307.743, 60
Trd, 4319308.193, 60
Trd, 4319308.743, 60
Trd, 4319310.043, 77
Trd, 4319310.893, 64
Trd, 4319311.093, 68
Trd, 4319313.343, 60
Trd, 4319314.393, 60
Trd, 4319315.493, 60
Trd, 4319315.643, 60
Trd, 4319316.193, 60
Trd, 4319316.843, 62
Trd, 4319317.793, 62
Trd, 4319318.343, 61
Trd, 4319318.493, 62
Trd, 4319318.693, 63
Trd, 4319318.993, 62
Trd, 4319319.693, 64
Trd, 4319319.743, 66
Trd, 4319321.543, 140
Trd, 4319322.193, 140
Trd, 4319322.293, 140
Trd, 4319323.343, 140
Trd, 4319323.843, 140
Trd, 4319325.593, 140
Trd, 4319325.793, 140
Trd, 4319326.893, 140
Trd, 4319327.943, 140
Trd, 4319329.443, 140
Trd, 4319330.243, 140
Trd, 4319330.443, 140
Trd, 4319331.243, 140
Trd, 4319331.293, 140
Trd, 4319331.493, 140
Trd, 4319331.593, 140
Trd, 4319331.743, 140
Trd, 4319332.493, 140
Trd, 4319332.893, 140
Trd, 4319332.993, 140
Trd, 4319335.043, 140
Trd, 4319335.593, 140
Trd, 4319336.043, 140
Trd, 4319336.093, 140
Trd, 4319337.543, 140
Trd, 4319337.893, 140
Trd, 4319338.443, 140
Trd, 4319338.493, 140
Trd, 4319338.543, 140
Trd, 4319339.543, 137
Trd, 4319341.843, 140
Trd, 4319341.943, 140
Trd, 4319343.493, 140
Trd, 4319343.993, 140
Trd, 4319344.193, 140
Trd, 4319344.743, 140
Trd, 4319345.843, 140
Trd, 4319349.643, 140
Trd, 4319349.793, 140
Trd, 4319350.943, 140
Trd, 4319351.193, 140
Trd, 4319351.793, 140
Trd, 4319354.043, 140
Trd, 4319354.193, 140
Trd, 4319355.643, 140
Trd, 4319356.593, 140
Trd, 4319358.243, 140
Trd, 4319358.543, 140
Trd, 4319361.343, 140
Trd, 4319362.343, 140
Trd, 4319362.843, 140
Trd, 4319363.193, 140
Trd, 4319363.243, 140
Trd, 4319364.293, 140
Trd, 4319364.843, 140
Trd, 4319364.993, 140
Trd, 4319365.293, 140
Trd, 4319365.993, 140
Trd, 4319366.293, 139
Trd, 4319366.443, 139
Trd, 4319366.643, 138
Trd, 4319366.893, 140
Trd, 4319369.243, 140
Trd, 4319369.643, 140
Trd, 4319370.243, 140
Trd, 4319372.043, 140
Trd, 4319372.693, 140
Trd, 4319373.393, 140
Trd, 4319373.693, 140
Trd, 4319373.943, 138
Trd, 4319374.793, 139
Trd, 4319375.693, 139
Trd, 4319376.143, 140
Trd, 4319376.393, 140
Trd, 4319377.343, 140
Trd, 4319378.543, 140
Trd, 4319380.393, 140
Trd, 4319381.893, 140
Trd, 4319382.493, 140
Trd, 4319383.193, 140
Trd, 4319383.293, 140
Trd, 4319383.543, 139
Trd, 4319383.743, 139
Trd, 4319383.943, 139
Trd, 4319384.443, 139
Trd, 4319385.043, 140
Trd, 4319386.093, 137
Trd, 4319386.343, 134
Trd, 4319386.693, 138
Trd, 4319387.543, 128
Trd, 4319388.793, 140
Trd, 4319388.943, 140
Trd, 4319390.643, 140
Trd, 4319391.793, 140
Trd, 4319392.443, 140
Trd, 4319392.693, 140
Trd, 4319393.693, 140
Trd, 4319394.343, 140
Trd, 4319396.893, 140
Trd, 4319398.993, 140
Trd, 4319399.193, 140
Trd, 4319399.493, 140
Trd, 4319399.743, 140
Trd, 4319399.843, 140
Trd, 4319400.043, 140
Trd, 4319400.093, 139
Trd, 4319400.293, 140
Trd, 4319400.993, 140
Trd, 4319404.743, 140
Trd, 4319405.793, 140
Trd, 4319406.143, 140
Trd, 4319406.193, 140
Trd, 4319407.293, 140
Trd, 4319407.393, 140
Trd, 4319407.643, 139
Trd, 4319407.843, 140
Trd, 4319408.093, 138
Trd, 4319410.593, 140
Trd, 4319411.193, 140
Trd, 4319411.843, 140
Trd, 4319412.093, 140
Trd, 4319414.643, 140
Trd, 4319414.743, 140
Trd, 4319415.443, 140
Trd, 4319416.243, 140
Trd, 4319416.793, 139
Trd, 4319417.193, 140
Trd, 4319418.143, 140
Trd, 4319419.093, 140
Trd, 4319419.193, 139
Trd, 4319419.843, 139
Trd, 4319420.543, 140
Trd, 4319420.793, 140
Trd, 4319422.193, 140
Trd, 4319423.693, 140
Trd, 4319423.743, 139
Trd, 4319424.543, 140
Trd, 4319425.693, 140
Trd, 4319427.893, 140
Trd, 4319429.493, 140
Trd, 4319429.643, 140
Trd, 4319429.693, 140
Trd, 4319430.193, 140
Trd, 4319430.593, 140
Trd, 4319430.943, 140
Trd, 4319431.593, 140
Trd, 4319432.093, 140
Trd, 4319432.243, 140
Trd, 4319432.643, 140
Trd, 4319433.093, 140
Trd, 4319434.393, 140
Trd, 4319437.193, 140
Trd, 4319438.543, 140
Trd, 4319439.743, 140
Trd, 4319440.243, 140
Trd, 4319440.993, 140
Trd, 4319442.343, 140
Trd, 4319442.593, 140
Trd, 4319442.743, 140
Trd, 4319443.093, 140
Trd, 4319443.693, 140
Trd, 4319443.943, 139
Trd, 4319444.693, 140
Trd, 4319445.343, 140
Trd, 4319446.543, 140
Trd, 4319446.593, 139
Trd, 4319448.393, 140
Trd, 4319448.543, 140
Trd, 4319448.743, 140
Trd, 4319449.093, 138
Trd, 4319450.043, 140
Trd, 4319450.093, 138
Trd, 4319450.643, 60
Trd, 4319452.143, 60
Trd, 4319452.743, 60
Trd, 4319452.993, 60
Trd, 4319453.493, 60
Trd, 4319453.593, 60
Trd, 4319455.043, 61
Trd, 4319455.943, 60
Trd, 4319456.143, 60
Trd, 4319457.293, 61
Trd, 4319457.643, 60
Trd, 4319457.893, 61
Trd, 4319458.943, 66
Trd, 4319459.243, 93
Trd, 4319459.993, 60
Trd, 4319460.843, 135
Trd, 4319461.143, 61
Trd, 4319462.543, 61
Trd, 4319462.793, 60
Trd, 4319464.243, 60
Trd, 4319464.893, 60
Trd, 4319466.793, 60
Trd, 4319468.143, 60
Trd, 4319468.593, 60
Trd, 4319468.693, 60
Trd, 4319469.493, 60
Trd, 4319470.293, 61
Trd, 4319470.343, 66
Trd, 4319470.493, 139
Trd, 4319472.093, 60
Trd, 4319473.343, 60
Trd, 4319473.893, 60
Trd, 4319473.943, 60
Trd, 4319474.493, 60
Trd, 4319476.743, 60
Trd, 4319477.343, 60
Trd, 4319477.393, 60
Trd, 4319477.593, 60
Trd, 4319477.843, 60
Trd, 4319478.293, 60
Trd, 4319478.593, 60
Trd, 4319479.193, 63
Trd, 4319479.643, 62
Trd, 4319480.793, 80
Trd, 4319481.743, 140
Trd, 4319482.443, 140
Trd, 4319482.493, 140
Trd, 4319483.543, 140
Trd, 4319485.843, 140
Trd, 4319486.493, 140
Trd, 4319487.893, 140
Trd, 4319489.093, 140
Trd, 4319490.493, 140
Trd, 4319491.493, 140
Trd, 4319492.493, 140
Trd, 4319492.943, 140
Trd, 4319494.443, 140
Trd, 4319494.743, 140
Trd, 4319495.243, 140
Trd, 4319495.393, 140
Trd, 4319495.693, 140
Trd, 4319495.893, 140
Trd, 4319496.693, 139
Trd, 4319497.393, 140
Trd, 4319499.343, 140
Trd, 4319499.793, 140
Trd, 4319502.143, 140
Trd, 4319502.193, 140
Trd, 4319502.243, 140
Trd, 4319502.493, 140
Trd, 4319502.593, 140
Trd, 4319503.243, 140
Trd, 4319504.343, 140
Trd, 4319504.793, 140
Trd, 4319505.393, 140
Trd, 4319505.443, 140
Trd, 4319505.493, 140
Trd, 4319506.543, 139
Trd, 4319508.643, 140
Trd, 4319508.993, 140
Trd, 4319511.043, 140
Trd, 4319512.993, 140
Trd, 4319513.043, 140
Trd, 4319514.943, 140
Trd, 4319516.293, 140
Trd, 4319516.343, 140
Trd, 4319518.393, 140
Trd, 4319518.443, 140
Trd, 4319520.243, 140
Trd, 4319520.643, 140
Trd, 4319520.943, 140
Trd, 4319520.993, 140
Trd, 4319521.243, 140
Trd, 4319521.343, 140
Trd, 4319521.843, 140
Trd, 4319521.993, 140
Trd, 4319524.693, 140
Trd, 4319524.743, 140
Trd, 4319525.393, 140
Trd, 4319525.443, 140
Trd, 4319527.943, 140
Trd, 4319529.593, 140
Trd, 4319529.893, 140
Trd, 4319532.493, 140
Trd, 4319533.243, 140
Trd, 4319535.743, 140
Trd, 4319536.143, 140
Trd, 4319536.343, 140
Trd, 4319536.443, 140
Trd, 4319536.493, 140
Trd, 4319536.643, 138
Trd, 4319536.893, 138
Trd, 4319537.743, 139
Trd, 4319538.843, 117
Trd, 4319539.143, 120
Trd, 4319539.693, 133
Trd, 4319540.143, 110
Trd, 4319540.243, 110
Trd, 4319540.793, 134
Trd, 4319541.543, 112
Trd, 4319542.043, 108
Trd, 4319542.443, 129
Trd, 4319542.643, 130
Trd, 4319543.793, 66
Trd, 4319546.793, 140
Trd, 4319547.293, 140
Trd, 4319548.393, 140
Trd, 4319548.543, 140
Trd, 4319549.343, 140
Trd, 4319552.243, 140
Trd, 4319554.843, 140
Trd, 4319555.843, 140
Trd, 4319556.743, 140
Trd, 4319558.293, 140
Trd, 4319558.393, 140
Trd, 4319558.493, 140
Trd, 4319559.093, 140
Trd, 4319559.343, 139
Trd, 4319559.493, 140
Trd, 4319559.643, 139
Trd, 4319559.743, 137
Trd, 4319560.093, 122
Trd, 4319560.443, 139
Trd, 4319562.543, 140
Trd, 4319563.443, 140
Trd, 4319563.893, 140
Trd, 4319566.043, 140
Trd, 4319567.843, 140
Trd, 4319568.393, 140
Trd, 4319568.593, 140
Trd, 4319568.743, 140
Trd, 4319568.793, 140
Trd, 4319568.843, 140
Trd, 4319569.443, 140
Trd, 4319569.993, 140
Trd, 4319570.293, 140
Trd, 4319571.093, 140
Trd, 4319572.043, 140
Trd, 4319572.293, 140
Trd, 4319573.143, 140
Trd, 4319576.293, 140
Trd, 4319577.393, 140
Trd, 4319577.443, 140
Trd, 4319577.943, 140
Trd, 4319578.893, 140
Trd, 4319580.843, 140
Trd, 4319580.943, 140
Trd, 4319581.093, 140
Trd, 4319581.143, 140
Trd, 4319581.293, 140
Trd, 4319582.293, 140
Trd, 4319584.093, 140
Trd, 4319585.343, 140
Trd, 4319585.543, 140
Trd, 4319589.793, 140
Trd, 4319590.193, 140
Trd, 4319592.193, 140
Trd, 4319592.493, 140
Trd, 4319593.493, 140
Trd, 4319593.543, 140
Trd, 4319595.343, 140
Trd, 4319597.093, 140
Trd, 4319597.693, 140
Trd, 4319598.143, 140
Trd, 4319598.243, 140
Trd, 4319600.893, 140
Trd, 4319600.943, 139
Trd, 4319603.343, 140
Trd, 4319603.543, 140
Trd, 4319603.893, 140
Trd, 4319605.193, 140
Trd, 4319605.593, 140
Trd, 4319605.943, 140
Trd, 4319606.643, 140
Trd, 4319606.893, 140
Trd, 4319607.293, 140
Trd, 4319607.993, 140
Trd, 4319608.293, 140
Trd, 4319610.043, 131
Trd, 4319610.243, 132
Trd, 4319612.593, 60
Trd, 4319612.993, 60
Trd, 4319613.143, 60
Trd, 4319613.243, 60
Trd, 4319614.743, 60
Trd, 4319615.593, 60
Trd, 4319615.843, 60
Trd, 4319616.193, 60
Trd, 4319617.743, 60
Trd, 4319617.793, 60
Trd, 4319619.243, 61
Trd, 4319619.643, 62
Trd, 4319619.743, 63
Trd, 4319620.643, 69
Trd, 4319622.293, 60
Trd, 4319623.943, 60
Trd, 4319624.143, 60
Trd, 4319624.193, 60
Trd, 4319625.093, 60
Trd, 4319625.743, 60
Trd, 4319627.793, 60
Trd, 4319627.993, 60
Trd, 4319628.143, 60
Trd, 4319628.393, 60
Trd, 4319628.493, 60
Trd, 4319628.693, 64
Trd, 4319629.493, 66
Trd, 4319629.643, 81
Trd, 4319630.543, 64
Trd, 4319632.043, 101
Trd, 4319633.543, 140
Trd, 4319634.043, 140
Trd, 4319634.343, 140
Trd, 4319636.693, 140
Trd, 4319637.593, 140
Trd, 4319638.493, 140
Trd, 4319639.643, 140
Trd, 4319640.093, 140
Trd, 4319640.693, 140
Trd, 4319640.743, 140
Trd, 4319641.243, 140
Trd, 4319641.793, 140
Trd, 4319642.143, 140
Trd, 4319642.543, 140
Trd, 4319642.593, 139
Trd, 4319643.493, 140
Trd, 4319645.093, 140
Trd, 4319645.893, 140
Trd, 4319646.593, 140
Trd, 4319646.893, 140
Trd, 4319647.193, 140
Trd, 4319647.643, 139
Trd, 4319647.693, 103
Trd, 4319647.793, 102
Trd, 4319647.993, 138
Trd, 4319650.293, 132
Trd, 4319650.543, 131
Trd, 4319651.493, 106
Trd, 4319653.443, 71
Trd, 4319653.743, 71
Trd, 4319653.843, 128
Trd, 4319654.143, 135
Trd, 4319654.493, 135
Trd, 4319655.043, 72
Trd, 4319655.293, 136
Trd, 4319656.793, 75
Trd, 4319656.943, 82
Trd, 4319657.593, 61
Trd, 4319657.643, 83
Trd, 4319660.443, 60
Trd, 4319660.943, 60
Trd, 4319661.343, 61
Trd, 4319664.193, 140
Trd, 4319664.443, 140
Trd, 4319664.943, 140
Trd, 4319665.593, 140
Trd, 4319667.993, 140
Trd, 4319669.343, 140
Trd, 4319669.793, 140
Trd, 4319669.843, 140
Trd, 4319671.693, 140
Trd, 4319672.243, 140
Trd, 4319672.493, 140
Trd, 4319672.743, 140
Trd, 4319672.843, 140
Trd, 4319673.143, 140
Trd, 4319674.093, 140
Trd, 4319674.593, 140
Trd, 4319674.843, 140
Trd, 4319674.893, 140
Trd, 4319675.343, 140
Trd, 4319676.593, 140
Trd, 4319676.993, 138
Trd, 4319677.343, 137
Trd, 4319678.393, 139
Trd, 4319679.543, 135
Trd, 4319680.893, 60
Trd, 4319681.093, 60
Trd, 4319681.143, 60
Trd, 4319681.243, 60
Trd, 4319684.243, 60
Trd, 4319684.843, 60
Trd, 4319685.493, 60
Trd, 4319686.493, 60
Trd, 4319687.293, 60
Trd, 4319688.243, 61
Trd, 4319688.293, 60
Trd, 4319688.493, 61
Trd, 4319689.393, 61
Trd, 4319689.593, 61
Trd, 4319689.693, 62
Trd, 4319689.893, 65
Trd, 4319690.693, 62
Trd, 4319692.393, 60
Trd, 4319693.443, 60
Trd, 4319694.893, 60
Trd, 4319695.193, 60
Trd, 4319696.243, 60
Trd, 4319696.693, 60
Trd, 4319697.243, 63
Trd, 4319697.993, 60
Trd, 4319698.443, 60
Trd, 4319698.543, 60
Trd, 4319699.943, 60
Trd, 4319699.993, 60
Trd, 4319700.493, 60
Trd, 4319702.143, 60
Trd, 4319702.843, 60
Trd, 4319704.043, 60
Trd, 4319704.493, 60
Trd, 4319704.643, 60
Trd, 4319704.693, 60
Trd, 4319704.893, 60
Trd, 4319704.993, 60
Trd, 4319705.293, 68
Trd, 4319706.143, 61
Trd, 4319706.593, 60
Trd, 4319707.143, 60
Trd, 4319707.643, 66
Trd, 4319708.243, 60
Trd, 4319709.893, 66
Trd, 4319710.343, 67
Trd, 4319710.843, 140
Trd, 4319711.893, 73
Trd, 4319711.943, 74
Trd, 4319712.943, 66
Trd, 4319714.793, 92
Trd, 4319714.843, 71
Trd, 4319715.043, 93
Trd, 4319715.143, 94
Trd, 4319715.193, 70
Trd, 4319715.343, 95
Trd, 4319715.943, 71
Trd, 4319715.993, 70
Trd, 4319716.993, 140
Trd, 4319718.743, 140
Trd, 4319720.593, 140
Trd, 4319721.793, 140
Trd, 4319721.843, 140
Trd, 4319722.743, 140
Trd, 4319723.743, 140
Trd, 4319723.893, 140
Trd, 4319724.443, 140
Trd, 4319725.493, 140
Trd, 4319725.793, 140
Trd, 4319725.843, 139
Trd, 4319726.443, 140
Trd, 4319727.393, 138
Trd, 4319727.443, 140
Trd, 4319728.893, 95
Trd, 4319728.993, 134
Trd, 4319729.093, 95
Trd, 4319729.493, 60
Trd, 4319730.243, 135
Trd, 4319730.593, 139
Trd, 4319731.493, 130
Trd, 4319732.443, 132
Trd, 4319732.643, 131
Trd, 4319732.893, 131
Trd, 4319733.493, 130
Trd, 4319733.543, 131
Trd, 4319734.143, 60
Trd, 4319736.493, 60
Trd, 4319737.693, 60
Trd, 4319737.943, 99
Trd, 4319738.093, 137
Trd, 4319739.693, 140
Trd, 4319740.543, 140
Trd, 4319741.143, 140
Trd, 4319741.843, 140
Trd, 4319742.493, 140
Trd, 4319744.743, 140
Trd, 4319745.793, 140
Trd, 4319746.893, 140
Trd, 4319747.193, 140
Trd, 4319747.243, 140
Trd, 4319748.243, 140
Trd, 4319750.043, 140
Trd, 4319750.693, 140
Trd, 4319750.893, 140
Trd, 4319751.293, 140
Trd, 4319751.443, 140
Trd, 4319751.793, 140
Trd, 4319751.843, 140
Trd, 4319752.843, 134
Trd, 4319754.143, 60
Trd, 4319754.193, 60
Trd, 4319756.143, 60
Trd, 4319756.693, 60
Trd, 4319756.793, 65
Trd, 4319758.293, 62
Trd, 4319758.443, 64
Trd, 4319758.643, 66
Trd, 4319760.643, 62
Trd, 4319760.743, 64
Trd, 4319762.043, 60
Trd, 4319762.243, 60
Trd, 4319762.993, 61
Trd, 4319763.243, 60
Trd, 4319763.443, 61
Trd, 4319763.943, 60
Trd, 4319764.343, 61
Trd, 4319765.643, 60
Trd, 4319766.343, 60
Trd, 4319766.543, 60
Trd, 4319767.943, 60
Trd, 4319768.343, 60
Trd, 4319769.393, 60
Trd, 4319770.143, 60
Trd, 4319770.193, 65
Trd, 4319772.293, 60
Trd, 4319773.993, 60
Trd, 4319775.193, 60
Trd, 4319775.793, 60
Trd, 4319777.043, 60
Trd, 4319778.343, 60
Trd, 4319778.643, 60
Trd, 4319778.893, 60
Trd, 4319778.993, 60
Trd, 4319779.193, 60
Trd, 4319779.943, 84
Trd, 4319780.243, 103
Trd, 4319781.093, 138
Trd, 4319781.343, 63
Trd, 4319781.793, 63
Trd, 4319782.193, 73
Trd, 4319782.693, 67
Trd, 4319783.343, 138
Trd, 4319784.393, 140
Trd, 4319785.843, 140
Trd, 4319788.143, 140
Trd, 4319790.843, 140
Trd, 4319791.043, 140
Trd, 4319791.493, 140
Trd, 4319792.243, 140
Trd, 4319793.093, 140
Trd, 4319794.593, 140
Trd, 4319795.943, 140
Trd, 4319796.143, 140
Trd, 4319796.193, 140
Trd, 4319797.443, 140
Trd, 4319797.743, 140
Trd, 4319798.193, 140
Trd, 4319798.293, 139
Trd, 4319798.493, 139
Trd, 4319799.393, 139
Trd, 4319799.993, 139
Trd, 4319800.593, 138
Trd, 4319801.193, 139
Trd, 4319801.243, 102
Trd, 4319802.193, 139
Trd, 4319802.243, 137
Trd, 4319803.993, 140
Trd, 4319804.593, 140
Trd, 4319805.093, 140
Trd, 4319805.693, 140
Trd, 4319807.843, 140
Trd, 4319808.293, 140
Trd, 4319809.843, 140
Trd, 4319810.043, 140
Trd, 4319810.243, 140
Trd, 4319810.393, 140
Trd, 4319810.843, 140
Trd, 4319811.293, 140
Trd, 4319811.843, 140
Trd, 4319812.343, 140
Trd, 4319812.693, 139
Trd, 4319814.343, 104
Trd, 4319814.943, 130
Trd, 4319815.193, 133
Trd, 4319815.293, 107
Trd, 4319815.993, 133
Trd, 4319816.243, 107
Trd, 4319816.643, 132
Trd, 4319817.343, 107
Trd, 4319817.393, 133
Trd, 4319819.493, 139
Trd, 4319820.093, 140
Trd, 4319821.443, 140
Trd, 4319822.843, 140
Trd, 4319822.993, 140
Trd, 4319823.893, 140
Trd, 4319825.743, 140
Trd, 4319826.593, 140
Trd, 4319827.843, 140
Trd, 4319829.743, 140
Trd, 4319830.093, 140
Trd, 4319830.643, 140
Trd, 4319832.543, 140
Trd, 4319832.743, 140
Trd, 4319832.793, 140
Trd, 4319832.843, 140
Trd, 4319832.893, 140
Trd, 4319833.193, 139
Trd, 4319833.443, 140
Trd, 4319833.793, 139
Trd, 4319833.993, 138
Trd, 4319835.193, 136
Trd, 4319835.243, 92
Trd, 4319836.343, 140
Trd, 4319837.343, 140
Trd, 4319838.693, 140
Trd, 4319839.393, 140
Trd, 4319840.243, 140
Trd, 4319840.293, 139
Trd, 4319842.393, 140
Trd, 4319844.243, 140
Trd, 4319846.093, 140
Trd, 4319846.493, 140
Trd, 4319847.793, 140
Trd, 4319848.443, 140
Trd, 4319848.843, 140
Trd, 4319851.943, 140
Trd, 4319852.693, 140
Trd, 4319853.043, 140
Trd, 4319854.543, 140
Trd, 4319855.743, 140
Trd, 4319856.493, 140
Trd, 4319857.493, 140
Trd, 4319857.993, 140
Trd, 4319858.193, 140
Trd, 4319858.893, 140
Trd, 4319859.993, 140
Trd, 4319860.193, 140
Trd, 4319860.943, 140
Trd, 4319861.843, 140
Trd, 4319862.493, 140
Trd, 4319862.993, 140
Trd, 4319863.893, 140
Trd, 4319864.943, 140
Trd, 4319866.643, 140
Trd, 4319868.643, 140
Trd, 4319870.443, 140
Trd, 4319871.343, 140
Trd, 4319872.393, 140
Trd, 4319873.243, 140
Trd, 4319873.593, 140
Trd, 4319874.293, 140
Trd, 4319874.743, 140
Trd, 4319874.793, 140
Trd, 4319875.093, 140
Trd, 4319875.193, 140
Trd, 4319876.093, 140
Trd, 4319876.193, 74
Trd, 4319878.543, 140
Trd, 4319878.743, 140
Trd, 4319879.843, 140
Trd, 4319880.793, 140
Trd, 4319881.693, 140
Trd, 4319881.993, 140
Trd, 4319882.443, 140
Trd, 4319884.393, 140
Trd, 4319887.743, 140
Trd, 4319887.893, 140
Trd, 4319888.143, 140
Trd, 4319890.043, 140
Trd, 4319890.993, 140
Trd, 4319893.543, 140
Trd, 4319895.343, 140
Trd, 4319896.843, 140
Trd, 4319898.043, 140
Trd, 4319898.093, 140
Trd, 4319898.243, 140
Trd, 4319898.443, 140
Trd, 4319899.343, 140
Trd, 4319899.743, 140
Trd, 4319899.843, 140
Trd, 4319900.493, 138
Trd, 4319900.543, 103
Trd, 4319900.843, 63
Trd, 4319901.043, 62
Trd, 4319902.593, 64
Trd, 4319902.843, 100
Trd, 4319903.693, 140
Trd, 4319905.343, 140
Trd, 4319905.743, 140
Trd, 4319907.243, 140
Trd, 4319907.693, 140
Trd, 4319909.393, 140
Trd, 4319910.943, 140
Trd, 4319912.243, 140
Trd, 4319912.443, 140
Trd, 4319913.393, 140
Trd, 4319915.193, 140
Trd, 4319915.243, 140
Trd, 4319917.043, 140
Trd, 4319918.193, 140
Trd, 4319918.543, 140
Trd, 4319919.893, 140
Trd, 4319920.843, 140
Trd, 4319921.093, 140
Trd, 4319922.093, 140
Trd, 4319922.143, 140
Trd, 4319922.193, 140
Trd, 4319922.293, 140
Trd, 4319922.543, 140
Trd, 4319922.643, 140
Trd, 4319923.443, 140
Trd, 4319926.293, 140
Trd, 4319927.793, 140
Trd, 4319928.293, 140
Trd, 4319928.443, 140
Trd, 4319928.543, 140
Trd, 4319928.643, 139
Trd, 4319928.793, 139
Trd, 4319929.793, 140
Trd, 4319930.093, 140
Trd, 4319930.243, 140
Trd, 4319932.693, 140
Trd, 4319933.393, 140
Trd, 4319934.743, 140
Trd, 4319934.793, 140
Trd, 4319935.443, 140
Trd, 4319936.793, 140
Trd, 4319937.443, 140
Trd, 4319939.343, 140
Trd, 4319939.393, 140
Trd, 4319939.443, 140
Trd, 4319939.693, 140
Trd, 4319939.993, 140
Trd, 4319940.143, 140
Trd, 4319940.593, 139
Trd, 4319941.193, 140
Trd, 4319941.243, 140
Trd, 4319942.593, 139
Trd, 4319943.693, 140
Trd, 4319944.843, 140
Trd, 4319945.043, 140
Trd, 4319946.543, 140
Trd, 4319947.993, 140
Trd, 4319948.543, 140
Trd, 4319951.143, 140
Trd, 4319951.743, 140
Trd, 4319951.793, 140
Trd, 4319951.893, 140
Trd, 4319951.943, 140
Trd, 4319954.043, 140
Trd, 4319954.193, 140
Trd, 4319955.493, 140
Trd, 4319956.593, 140
Trd, 4319956.993, 140
Trd, 4319958.143, 140
Trd, 4319959.543, 140
Trd, 4319959.643, 140
Trd, 4319960.043, 140
Trd, 4319960.143, 140
Trd, 4319960.443, 140
Trd, 4319960.693, 140
Trd, 4319960.793, 138
Trd, 4319961.293, 137
Trd, 4319962.043, 139
Trd, 4319962.943, 70
Trd, 4319964.493, 140
Trd, 4319965.093, 108
Trd, 4319966.643, 140
Trd, 4319967.693, 140
Trd, 4319970.343, 140
Trd, 4319970.493, 140
Trd, 4319970.943, 140
Trd, 4319971.493, 140
Trd, 4319973.243, 140
Trd, 4319974.093, 140
Trd, 4319974.443, 140
Trd, 4319975.593, 140
Trd, 4319977.643, 140
Trd, 4319978.293, 140
Trd, 4319978.643, 140
Trd, 4319979.343, 140
Trd, 4319979.443, 139
Trd, 4319979.843, 140
Trd, 4319980.243, 139
Trd, 4319980.793, 140
Trd, 4319981.343, 139
Trd, 4319983.393, 140
Trd, 4319983.643, 140
Trd, 4319984.343, 140
Trd, 4319984.443, 140
Trd, 4319984.693, 140
Trd, 4319984.793, 140
Trd, 4319985.043, 138
Trd, 4319986.143, 140
Trd, 4319987.943, 140
Trd, 4319988.143, 139
Trd, 4319988.493, 138
Trd, 4319992.093, 140
Trd, 4319992.943, 140
Trd, 4319993.143, 140
Trd, 4319993.743, 140
Trd, 4319993.993, 140
Trd, 4319994.593, 140
Trd, 4319994.643, 139
Trd, 4319994.993, 138
Trd, 4319995.393, 140
Trd, 4319995.543, 125
Trd, 4319997.993, 101
Trd, 4319998.243, 129
Trd, 4319999.793, 140
