Trd, 4318161.693, 63
Trd, 4318161.843, 81
Trd, 4318163.093, 80
Trd, 4318163.743, 64
Trd, 4318164.443, 61
Trd, 4318164.793, 64
Trd, 4318165.443, 66
Trd, 4318165.793, 74
Trd, 4318166.243, 72
Trd, 4318168.843, 70
Trd, 4318169.243, 63
Trd, 4318169.693, 63
Trd, 4318169.743, 67
Trd, 4318169.793, 62
Trd, 4318170.093, 69
Trd, 4318170.993, 61
Trd, 4318172.293, 75
Trd, 4318173.193, 60
Trd, 4318173.543, 69
Trd, 4318174.293, 64
Trd, 4318174.543, 113
Trd, 4318175.843, 86
Trd, 4318177.093, 60
Trd, 4318177.193, 60
Trd, 4318177.793, 78
Trd, 4318178.043, 76
Trd, 4318178.293, 109
Trd, 4318179.643, 64
Trd, 4318179.843, 64
Trd, 4318180.793, 60
Trd, 4318181.643, 60
Trd, 4318182.893, 62
Trd, 4318182.993, 64
Trd, 4318183.843, 136
Trd, 4318184.643, 61
Trd, 4318185.493, 62
Trd, 4318185.743, 83
Trd, 4318185.993, 83
Trd, 4318186.243, 82
Trd, 4318187.093, 138
Trd, 4318188.143, 105
Trd, 4318188.443, 93
Trd, 4318188.893, 112
Trd, 4318189.143, 131
Trd, 4318190.093, 60
Trd, 4318192.343, 61
Trd, 4318192.593, 71
Trd, 4318193.093, 71
Trd, 4318193.543, 135
Trd, 4318194.393, 136
Trd, 4318195.043, 138
Trd, 4318195.293, 102
Trd, 4318196.843, 125
Trd, 4318197.093, 63
Trd, 4318198.993, 61
Trd, 4318199.093, 62
Trd, 4318200.343, 60
Trd, 4318200.393, 63
Trd, 4318201.293, 73
Trd, 4318201.993, 63
Trd, 4318202.043, 60
Trd, 4318202.843, 60
Trd, 4318204.143, 86
Trd, 4318204.643, 80
Trd, 4318205.343, 63
Trd, 4318206.293, 61
Trd, 4318207.043, 64
Trd, 4318207.443, 68
Trd, 4318208.593, 63
Trd, 4318208.693, 128
Trd, 4318209.543, 62
Trd, 4318209.643, 133
Trd, 4318210.343, 109
Trd, 4318210.793, 140
Trd, 4318211.293, 66
Trd, 4318212.743, 63
Trd, 4318213.393, 104
Trd, 4318213.593, 102
Trd, 4318213.793, 75
Trd, 4318213.893, 133
Trd, 4318216.543, 61
Trd, 4318217.293, 61
Trd, 4318218.093, 63
Trd, 4318218.943, 65
Trd, 4318219.093, 64
Trd, 4318219.593, 71
Trd, 4318219.793, 92
Trd, 4318221.493, 62
Trd, 4318223.093, 75
Trd, 4318224.443, 85
Trd, 4318225.093, 83
Trd, 4318225.293, 137
Trd, 4318225.693, 78
Trd, 4318225.743, 61
Trd, 4318226.243, 94
Trd, 4318227.043, 91
Trd, 4318227.193, 87
Trd, 4318227.993, 68
Trd, 4318228.293, 128
Trd, 4318229.543, 106
Trd, 4318229.793, 68
Trd, 4318230.793, 140
Trd, 4318231.343, 123
Trd, 4318231.993, 140
Trd, 4318232.793, 140
Trd, 4318233.293, 131
Trd, 4318234.143, 133
Trd, 4318234.193, 132
Trd, 4318234.893, 140
Trd, 4318235.243, 134
Trd, 4318235.843, 131
Trd, 4318236.793, 114
Trd, 4318237.593, 136
Trd, 4318237.743, 134
Trd, 4318237.893, 72
Trd, 4318238.293, 61
Trd, 4318240.093, 62
Trd, 4318240.443, 60
Trd, 4318240.993, 66
Trd, 4318241.743, 60
Trd, 4318242.643, 62
Trd, 4318243.443, 61
Trd, 4318244.243, 62
Trd, 4318244.593, 63
Trd, 4318244.993, 94
Trd, 4318245.093, 127
Trd, 4318246.093, 65
Trd, 4318246.643, 115
Trd, 4318246.893, 63
Trd, 4318248.393, 140
Trd, 4318248.593, 140
Trd, 4318248.843, 140
Trd, 4318249.793, 129
Trd, 4318250.793, 140
Trd, 4318250.943, 140
Trd, 4318252.093, 140
Trd, 4318252.593, 108
Trd, 4318252.893, 92
Trd, 4318253.343, 76
Trd, 4318253.993, 74
Trd, 4318254.543, 67
Trd, 4318255.093, 61
Trd, 4318255.243, 63
Trd, 4318256.893, 120
Trd, 4318257.243, 120
Trd, 4318257.693, 139
Trd, 4318258.343, 106
Trd, 4318258.743, 106
Trd, 4318259.443, 70
Trd, 4318259.893, 86
Trd, 4318260.443, 116
Trd, 4318261.143, 109
Trd, 4318263.543, 139
Trd, 4318263.593, 139
Trd, 4318263.893, 77
Trd, 4318264.093, 72
Trd, 4318265.243, 140
Trd, 4318265.443, 99
Trd, 4318266.243, 60
Trd, 4318266.743, 73
Trd, 4318267.343, 63
Trd, 4318268.543, 60
Trd, 4318269.543, 62
Trd, 4318269.593, 62
Trd, 4318270.043, 66
Trd, 4318270.193, 62
Trd, 4318271.943, 65
Trd, 4318272.793, 61
Trd, 4318273.193, 70
Trd, 4318274.443, 62
Trd, 4318276.143, 61
Trd, 4318276.693, 61
Trd, 4318277.493, 68
Trd, 4318278.343, 67
Trd, 4318279.293, 65
Trd, 4318279.893, 60
Trd, 4318279.993, 67
Trd, 4318280.593, 66
Trd, 4318280.993, 78
Trd, 4318281.293, 83
Trd, 4318281.543, 66
Trd, 4318281.743, 65
Trd, 4318283.293, 100
Trd, 4318283.393, 98
Trd, 4318283.843, 135
Trd, 4318284.043, 80
Trd, 4318285.693, 140
Trd, 4318286.493, 140
Trd, 4318286.693, 140
Trd, 4318287.243, 140
Trd, 4318288.143, 140
Trd, 4318288.343, 140
Trd, 4318289.493, 128
Trd, 4318289.593, 85
Trd, 4318289.993, 83
Trd, 4318290.543, 82
Trd, 4318290.843, 79
Trd, 4318291.293, 89
Trd, 4318292.293, 140
Trd, 4318292.793, 87
Trd, 4318293.543, 98
Trd, 4318293.993, 62
Trd, 4318295.143, 62
Trd, 4318295.693, 63
Trd, 4318295.843, 69
Trd, 4318295.893, 73
Trd, 4318296.893, 68
Trd, 4318299.343, 60
Trd, 4318299.993, 60
Trd, 4318300.443, 61
Trd, 4318301.943, 61
Trd, 4318302.443, 63
Trd, 4318302.693, 70
Trd, 4318303.443, 140
Trd, 4318304.293, 140
Trd, 4318304.993, 77
Trd, 4318305.093, 88
Trd, 4318305.243, 121
Trd, 4318305.943, 109
Trd, 4318306.243, 125
Trd, 4318306.543, 140
Trd, 4318306.593, 139
Trd, 4318309.243, 66
Trd, 4318309.643, 76
Trd, 4318310.543, 82
Trd, 4318310.743, 81
Trd, 4318310.843, 93
Trd, 4318312.243, 64
Trd, 4318312.993, 138
Trd, 4318313.843, 137
Trd, 4318314.493, 114
Trd, 4318314.593, 113
Trd, 4318315.093, 112
Trd, 4318315.893, 109
Trd, 4318316.643, 86
Trd, 4318316.743, 85
Trd, 4318317.393, 63
Trd, 4318317.893, 136
Trd, 4318318.243, 117
Trd, 4318318.893, 76
Trd, 4318319.093, 74
Trd, 4318320.293, 140
Trd, 4318321.543, 140
Trd, 4318321.843, 140
Trd, 4318322.493, 136
Trd, 4318323.293, 139
Trd, 4318323.643, 135
Trd, 4318323.943, 90
Trd, 4318324.793, 136
Trd, 4318325.543, 140
Trd, 4318326.643, 86
Trd, 4318326.843, 119
Trd, 4318327.493, 113
Trd, 4318328.093, 76
Trd, 4318329.193, 139
Trd, 4318329.293, 90
Trd, 4318330.743, 62
Trd, 4318331.193, 60
Trd, 4318332.043, 75
Trd, 4318332.843, 62
Trd, 4318333.643, 137
Trd, 4318334.643, 95
Trd, 4318335.193, 94
Trd, 4318335.293, 93
Trd, 4318335.943, 69
Trd, 4318336.743, 61
Trd, 4318337.193, 61
Trd, 4318337.743, 134
Trd, 4318338.843, 61
Trd, 4318339.393, 64
Trd, 4318339.843, 60
Trd, 4318340.243, 60
Trd, 4318340.793, 64
Trd, 4318341.493, 138
Trd, 4318341.893, 60
Trd, 4318342.793, 62
Trd, 4318344.093, 104
Trd, 4318345.293, 105
Trd, 4318345.593, 104
Trd, 4318346.543, 119
Trd, 4318346.843, 97
Trd, 4318347.793, 109
Trd, 4318348.443, 140
Trd, 4318349.643, 126
Trd, 4318349.843, 132
Trd, 4318350.093, 138
Trd, 4318350.743, 123
Trd, 4318351.493, 102
Trd, 4318351.593, 122
Trd, 4318352.143, 115
Trd, 4318352.393, 125
Trd, 4318352.993, 114
Trd, 4318353.543, 87
Trd, 4318354.543, 65
Trd, 4318354.843, 78
Trd, 4318355.743, 138
Trd, 4318356.343, 129
Trd, 4318356.493, 96
Trd, 4318357.143, 139
Trd, 4318358.043, 137
Trd, 4318358.393, 136
Trd, 4318359.243, 96
Trd, 4318359.793, 95
Trd, 4318361.193, 140
Trd, 4318363.493, 115
Trd, 4318363.743, 115
Trd, 4318363.843, 113
Trd, 4318364.493, 140
Trd, 4318364.943, 140
Trd, 4318365.443, 139
Trd, 4318365.893, 138
Trd, 4318366.043, 102
Trd, 4318367.193, 140
Trd, 4318367.543, 127
Trd, 4318367.843, 86
Trd, 4318368.243, 63
Trd, 4318369.293, 63
Trd, 4318371.193, 65
Trd, 4318371.393, 70
Trd, 4318371.743, 69
Trd, 4318371.843, 68
Trd, 4318372.893, 120
Trd, 4318373.043, 119
Trd, 4318373.843, 61
Trd, 4318374.943, 90
Trd, 4318375.093, 61
Trd, 4318376.143, 60
Trd, 4318376.443, 99
Trd, 4318376.693, 140
Trd, 4318377.543, 114
Trd, 4318377.643, 129
Trd, 4318378.793, 138
Trd, 4318379.593, 140
Trd, 4318380.193, 140
Trd, 4318380.293, 103
Trd, 4318381.143, 60
Trd, 4318382.043, 60
Trd, 4318382.393, 62
Trd, 4318382.793, 110
Trd, 4318383.293, 105
Trd, 4318384.093, 105
Trd, 4318384.543, 105
Trd, 4318385.593, 86
Trd, 4318385.843, 71
Trd, 4318386.543, 115
Trd, 4318387.693, 92
Trd, 4318389.043, 60
Trd, 4318389.343, 68
Trd, 4318389.543, 138
Trd, 4318390.143, 60
Trd, 4318390.843, 60
Trd, 4318390.943, 119
Trd, 4318391.993, 60
Trd, 4318392.243, 60
Trd, 4318393.743, 140
Trd, 4318394.143, 140
Trd, 4318394.193, 140
Trd, 4318395.193, 140
Trd, 4318396.393, 127
Trd, 4318396.643, 137
Trd, 4318396.993, 81
Trd, 4318397.593, 86
Trd, 4318397.993, 81
Trd, 4318399.093, 93
Trd, 4318399.143, 96
Trd, 4318399.693, 117
Trd, 4318400.593, 67
Trd, 4318402.493, 120
Trd, 4318403.493, 105
Trd, 4318403.793, 100
Trd, 4318404.393, 61
Trd, 4318404.743, 64
Trd, 4318405.593, 140
Trd, 4318405.893, 139
Trd, 4318406.393, 125
Trd, 4318406.743, 136
Trd, 4318407.593, 92
Trd, 4318407.993, 68
Trd, 4318408.843, 140
Trd, 4318408.993, 140
Trd, 4318409.443, 61
Trd, 4318410.043, 139
Trd, 4318410.893, 77
Trd, 4318411.743, 60
Trd, 4318413.293, 117
Trd, 4318413.943, 67
Trd, 4318413.993, 70
Trd, 4318414.193, 67
Trd, 4318414.393, 88
Trd, 4318414.543, 65
Trd, 4318416.193, 140
Trd, 4318416.743, 140
Trd, 4318416.893, 140
Trd, 4318417.093, 138
Trd, 4318417.893, 87
Trd, 4318418.293, 80
Trd, 4318419.343, 69
Trd, 4318420.043, 63
Trd, 4318420.493, 72
Trd, 4318421.393, 82
Trd, 4318421.493, 92
Trd, 4318422.043, 83
Trd, 4318424.093, 110
Trd, 4318424.143, 133
Trd, 4318424.393, 140
Trd, 4318424.543, 110
Trd, 4318425.193, 105
Trd, 4318426.393, 135
Trd, 4318426.693, 135
Trd, 4318427.543, 140
Trd, 4318429.593, 85
Trd, 4318430.043, 140
Trd, 4318430.143, 139
Trd, 4318430.743, 140
Trd, 4318431.493, 140
Trd, 4318431.693, 140
Trd, 4318432.193, 129
Trd, 4318432.393, 77
Trd, 4318433.243, 62
Trd, 4318433.943, 129
Trd, 4318436.293, 116
Trd, 4318436.343, 108
Trd, 4318436.843, 84
Trd, 4318438.093, 70
Trd, 4318438.443, 60
Trd, 4318439.243, 61
Trd, 4318440.443, 63
Trd, 4318441.693, 62
Trd, 4318441.943, 64
Trd, 4318442.343, 66
Trd, 4318442.493, 85
Trd, 4318443.243, 68
Trd, 4318443.593, 60
Trd, 4318443.943, 92
Trd, 4318446.143, 62
Trd, 4318447.093, 63
Trd, 4318447.843, 69
Trd, 4318448.993, 61
Trd, 4318449.643, 60
Trd, 4318449.943, 62
Trd, 4318450.193, 65
Trd, 4318450.343, 79
Trd, 4318450.593, 86
Trd, 4318452.993, 60
Trd, 4318454.043, 140
Trd, 4318454.493, 61
Trd, 4318455.793, 122
Trd, 4318456.093, 122
Trd, 4318456.243, 121
Trd, 4318456.843, 95
Trd, 4318457.193, 136
Trd, 4318458.043, 136
Trd, 4318458.493, 117
Trd, 4318459.043, 101
Trd, 4318459.093, 73
Trd, 4318459.793, 139
Trd, 4318460.443, 129
Trd, 4318461.743, 78
Trd, 4318462.343, 125
Trd, 4318463.093, 124
Trd, 4318463.193, 100
Trd, 4318463.343, 73
Trd, 4318463.693, 98
Trd, 4318464.443, 62
Trd, 4318465.443, 64
Trd, 4318467.293, 63
Trd, 4318467.843, 67
Trd, 4318468.293, 71
Trd, 4318468.793, 69
Trd, 4318469.443, 140
Trd, 4318469.993, 140
Trd, 4318470.543, 110
Trd, 4318470.793, 111
Trd, 4318471.743, 140
Trd, 4318471.793, 140
Trd, 4318473.443, 140
Trd, 4318473.943, 140
Trd, 4318475.043, 128
Trd, 4318475.743, 124
Trd, 4318476.143, 137
Trd, 4318476.293, 111
Trd, 4318476.343, 110
Trd, 4318478.543, 140
Trd, 4318478.693, 97
Trd, 4318479.793, 97
Trd, 4318480.093, 96
Trd, 4318480.543, 79
Trd, 4318481.093, 85
Trd, 4318481.343, 120
Trd, 4318481.893, 109
Trd, 4318482.193, 80
Trd, 4318482.693, 140
Trd, 4318483.193, 63
Trd, 4318483.643, 61
Trd, 4318483.993, 61
Trd, 4318484.693, 61
Trd, 4318487.893, 60
Trd, 4318487.993, 62
Trd, 4318489.643, 60
Trd, 4318489.893, 62
Trd, 4318489.993, 63
Trd, 4318490.343, 136
Trd, 4318491.093, 60
Trd, 4318492.093, 61
Trd, 4318493.193, 64
Trd, 4318493.793, 63
Trd, 4318494.293, 64
Trd, 4318496.043, 61
Trd, 4318496.093, 67
Trd, 4318496.393, 82
Trd, 4318496.443, 98
Trd, 4318497.793, 61
Trd, 4318498.043, 60
Trd, 4318498.393, 62
Trd, 4318498.943, 66
Trd, 4318500.093, 89
Trd, 4318501.193, 140
Trd, 4318501.693, 135
Trd, 4318502.193, 103
Trd, 4318502.643, 105
Trd, 4318502.793, 102
Trd, 4318502.993, 94
Trd, 4318504.643, 60
Trd, 4318504.743, 60
Trd, 4318505.393, 60
Trd, 4318506.693, 61
Trd, 4318507.543, 63
Trd, 4318508.393, 63
Trd, 4318508.693, 63
Trd, 4318509.043, 64
Trd, 4318509.843, 65
Trd, 4318511.293, 63
Trd, 4318511.893, 62
Trd, 4318512.643, 60
Trd, 4318512.993, 72
Trd, 4318513.093, 114
Trd, 4318513.943, 70
Trd, 4318514.693, 100
Trd, 4318515.493, 127
Trd, 4318515.693, 126
Trd, 4318516.143, 70
Trd, 4318516.893, 69
Trd, 4318517.393, 60
Trd, 4318518.543, 139
Trd, 4318518.943, 140
Trd, 4318519.393, 135
Trd, 4318519.593, 133
Trd, 4318519.743, 92
Trd, 4318520.543, 82
Trd, 4318521.093, 70
Trd, 4318522.443, 60
Trd, 4318522.893, 60
Trd, 4318524.743, 95
Trd, 4318524.793, 80
Trd, 4318525.293, 77
Trd, 4318526.143, 103
Trd, 4318526.393, 108
Trd, 4318526.643, 61
Trd, 4318528.693, 66
Trd, 4318530.143, 61
Trd, 4318530.243, 63
Trd, 4318530.793, 63
Trd, 4318531.293, 63
Trd, 4318531.993, 90
Trd, 4318532.793, 93
Trd, 4318533.293, 138
Trd, 4318533.593, 94
Trd, 4318534.343, 98
Trd, 4318534.643, 90
Trd, 4318535.493, 83
Trd, 4318536.743, 139
Trd, 4318539.043, 140
Trd, 4318539.143, 140
Trd, 4318539.293, 138
Trd, 4318539.793, 121
Trd, 4318540.193, 139
Trd, 4318541.093, 104
Trd, 4318543.093, 109
Trd, 4318543.843, 111
Trd, 4318544.193, 108
Trd, 4318544.243, 118
Trd, 4318544.343, 99
Trd, 4318545.143, 60
Trd, 4318545.443, 130
Trd, 4318545.793, 86
Trd, 4318547.343, 140
Trd, 4318547.393, 66
Trd, 4318550.043, 62
Trd, 4318550.793, 62
Trd, 4318550.893, 66
Trd, 4318551.393, 71
Trd, 4318551.443, 99
Trd, 4318552.493, 65
Trd, 4318552.993, 65
Trd, 4318554.643, 60
Trd, 4318554.943, 67
Trd, 4318556.693, 140
Trd, 4318557.143, 140
Trd, 4318557.243, 140
Trd, 4318557.443, 139
Trd, 4318557.593, 98
Trd, 4318558.243, 73
Trd, 4318558.443, 95
Trd, 4318559.293, 64
Trd, 4318560.393, 121
Trd, 4318560.543, 96
Trd, 4318561.593, 140
Trd, 4318561.993, 140
Trd, 4318562.143, 139
Trd, 4318562.793, 139
Trd, 4318563.293, 84
Trd, 4318564.243, 64
Trd, 4318564.543, 61
Trd, 4318566.343, 61
Trd, 4318566.693, 60
Trd, 4318567.443, 63
Trd, 4318568.243, 64
Trd, 4318569.443, 60
Trd, 4318569.543, 62
Trd, 4318569.993, 127
Trd, 4318570.493, 126
Trd, 4318572.793, 140
Trd, 4318573.143, 140
Trd, 4318573.743, 140
Trd, 4318575.393, 139
Trd, 4318575.443, 115
Trd, 4318575.493, 113
Trd, 4318575.643, 95
Trd, 4318576.643, 69
Trd, 4318577.243, 66
Trd, 4318577.993, 63
Trd, 4318578.243, 70
Trd, 4318578.643, 62
Trd, 4318579.743, 103
Trd, 4318579.843, 88
Trd, 4318580.193, 128
Trd, 4318580.993, 88
Trd, 4318581.193, 67
Trd, 4318582.493, 140
Trd, 4318582.593, 140
Trd, 4318582.843, 126
Trd, 4318583.293, 103
Trd, 4318583.743, 97
Trd, 4318584.343, 120
Trd, 4318584.743, 140
Trd, 4318584.843, 119
Trd, 4318585.543, 61
Trd, 4318585.793, 66
Trd, 4318587.843, 140
Trd, 4318588.443, 140
Trd, 4318588.543, 139
Trd, 4318588.643, 127
Trd, 4318589.443, 116
Trd, 4318589.943, 74
Trd, 4318590.643, 73
Trd, 4318591.343, 64
Trd, 4318592.493, 136
Trd, 4318593.543, 140
Trd, 4318593.943, 133
Trd, 4318594.943, 116
Trd, 4318595.743, 140
Trd, 4318595.943, 139
Trd, 4318596.693, 140
Trd, 4318597.793, 140
Trd, 4318598.043, 114
Trd, 4318598.443, 113
Trd, 4318598.593, 111
Trd, 4318599.393, 112
Trd, 4318599.893, 112
Trd, 4318600.643, 140
Trd, 4318601.243, 140
Trd, 4318602.043, 136
Trd, 4318602.543, 122
Trd, 4318603.493, 61
Trd, 4318604.993, 61
Trd, 4318606.293, 64
Trd, 4318606.543, 62
Trd, 4318606.643, 60
Trd, 4318607.343, 106
Trd, 4318607.843, 78
Trd, 4318607.943, 123
Trd, 4318608.193, 95
Trd, 4318608.793, 61
Trd, 4318609.893, 62
Trd, 4318610.243, 87
Trd, 4318610.793, 61
Trd, 4318613.143, 61
Trd, 4318614.343, 60
Trd, 4318614.643, 132
Trd, 4318615.343, 62
Trd, 4318616.543, 61
Trd, 4318617.243, 60
Trd, 4318617.743, 62
Trd, 4318617.943, 63
Trd, 4318618.193, 69
Trd, 4318618.893, 93
Trd, 4318619.543, 85
Trd, 4318621.093, 140
Trd, 4318621.693, 140
Trd, 4318621.743, 140
Trd, 4318621.843, 138
Trd, 4318622.343, 99
Trd, 4318623.043, 82
Trd, 4318623.643, 121
Trd, 4318624.493, 86
Trd, 4318625.043, 140
Trd, 4318625.343, 116
Trd, 4318626.093, 70
Trd, 4318627.293, 61
Trd, 4318627.743, 82
Trd, 4318628.343, 76
Trd, 4318629.743, 140
Trd, 4318629.843, 94
Trd, 4318630.393, 98
Trd, 4318632.193, 139
Trd, 4318633.693, 127
Trd, 4318633.793, 126
Trd, 4318633.943, 92
Trd, 4318634.443, 64
Trd, 4318634.943, 62
Trd, 4318635.043, 79
Trd, 4318635.593, 139
Trd, 4318636.243, 60
Trd, 4318637.043, 79
Trd, 4318637.443, 97
Trd, 4318637.543, 61
Trd, 4318638.743, 62
Trd, 4318639.093, 118
Trd, 4318639.743, 67
Trd, 4318641.293, 66
Trd, 4318642.093, 72
Trd, 4318642.493, 139
Trd, 4318643.193, 138
Trd, 4318643.693, 68
Trd, 4318644.393, 65
Trd, 4318644.493, 69
Trd, 4318645.743, 138
Trd, 4318646.243, 113
Trd, 4318646.293, 105
Trd, 4318646.743, 140
Trd, 4318647.693, 116
Trd, 4318648.993, 64
Trd, 4318649.443, 62
Trd, 4318650.443, 66
Trd, 4318650.693, 68
Trd, 4318651.043, 95
Trd, 4318652.843, 60
Trd, 4318654.543, 60
Trd, 4318654.643, 60
Trd, 4318655.443, 99
Trd, 4318655.593, 78
Trd, 4318657.393, 138
Trd, 4318657.993, 140
Trd, 4318658.293, 140
Trd, 4318658.643, 138
Trd, 4318659.593, 66
Trd, 4318659.993, 68
Trd, 4318660.043, 75
Trd, 4318660.293, 96
Trd, 4318661.743, 67
Trd, 4318663.043, 63
Trd, 4318663.193, 64
Trd, 4318663.443, 62
Trd, 4318664.443, 79
Trd, 4318664.893, 85
Trd, 4318665.743, 65
Trd, 4318666.243, 61
Trd, 4318666.643, 62
Trd, 4318666.943, 139
Trd, 4318667.793, 61
Trd, 4318668.893, 61
Trd, 4318670.293, 97
Trd, 4318670.343, 76
Trd, 4318671.293, 63
Trd, 4318671.843, 71
Trd, 4318672.043, 95
Trd, 4318672.643, 140
Trd, 4318672.993, 140
Trd, 4318673.693, 118
Trd, 4318675.143, 136
Trd, 4318676.393, 122
Trd, 4318676.743, 140
Trd, 4318676.993, 98
Trd, 4318677.293, 98
Trd, 4318678.143, 112
Trd, 4318678.343, 120
Trd, 4318678.693, 97
Trd, 4318679.393, 88
Trd, 4318679.793, 89
Trd, 4318680.793, 88
Trd, 4318680.993, 87
Trd, 4318681.143, 137
Trd, 4318682.443, 99
Trd, 4318683.043, 85
Trd, 4318683.343, 84
Trd, 4318684.393, 136
Trd, 4318684.643, 124
Trd, 4318685.043, 96
Trd, 4318685.393, 125
Trd, 4318687.043, 83
Trd, 4318687.093, 82
Trd, 4318687.343, 113
Trd, 4318687.493, 140
Trd, 4318687.743, 140
Trd, 4318688.743, 110
Trd, 4318689.143, 107
Trd, 4318689.343, 87
Trd, 4318690.293, 115
Trd, 4318692.143, 62
Trd, 4318692.343, 63
Trd, 4318693.093, 62
Trd, 4318693.543, 60
Trd, 4318694.593, 60
Trd, 4318695.693, 61
Trd, 4318696.393, 60
Trd, 4318696.993, 63
Trd, 4318698.843, 61
Trd, 4318699.293, 62
Trd, 4318699.893, 79
Trd, 4318700.193, 75
Trd, 4318700.443, 74
Trd, 4318700.943, 83
Trd, 4318701.093, 78
Trd, 4318701.993, 79
Trd, 4318702.043, 112
Trd, 4318703.093, 60
Trd, 4318703.143, 60
Trd, 4318703.243, 63
Trd, 4318707.393, 60
Trd, 4318707.643, 60
Trd, 4318707.793, 60
Trd, 4318708.393, 65
Trd, 4318708.843, 63
Trd, 4318709.193, 114
Trd, 4318709.943, 62
Trd, 4318711.643, 61
Trd, 4318711.843, 107
Trd, 4318712.043, 106
Trd, 4318713.043, 140
Trd, 4318714.193, 140
Trd, 4318714.493, 140
Trd, 4318715.543, 140
Trd, 4318716.043, 140
Trd, 4318716.543, 140
Trd, 4318717.093, 136
Trd, 4318717.543, 134
Trd, 4318717.593, 104
Trd, 4318717.643, 103
Trd, 4318718.243, 88
Trd, 4318718.993, 73
Trd, 4318720.493, 140
Trd, 4318720.843, 140
Trd, 4318721.593, 140
Trd, 4318721.893, 140
Trd, 4318721.993, 109
Trd, 4318722.043, 87
Trd, 4318722.693, 60
Trd, 4318723.443, 135
Trd, 4318723.793, 68
Trd, 4318725.493, 87
Trd, 4318725.793, 97
Trd, 4318726.293, 61
Trd, 4318728.543, 117
Trd, 4318728.593, 116
Trd, 4318729.093, 115
Trd, 4318729.243, 105
Trd, 4318730.543, 124
Trd, 4318730.593, 113
Trd, 4318731.093, 87
Trd, 4318731.243, 93
Trd, 4318732.193, 140
Trd, 4318733.243, 140
Trd, 4318733.593, 128
Trd, 4318735.343, 140
Trd, 4318735.493, 128
Trd, 4318735.693, 109
Trd, 4318735.993, 75
Trd, 4318736.943, 118
Trd, 4318737.343, 120
Trd, 4318737.693, 119
Trd, 4318738.693, 122
Trd, 4318739.543, 121
Trd, 4318740.143, 114
Trd, 4318740.543, 137
Trd, 4318740.743, 125
Trd, 4318740.793, 110
Trd, 4318740.893, 75
Trd, 4318742.543, 78
Trd, 4318743.693, 62
Trd, 4318744.643, 61
Trd, 4318745.493, 61
Trd, 4318746.693, 62
Trd, 4318747.043, 62
Trd, 4318748.143, 68
Trd, 4318748.193, 66
Trd, 4318748.643, 62
Trd, 4318749.593, 62
Trd, 4318749.743, 65
Trd, 4318751.293, 68
Trd, 4318751.593, 73
Trd, 4318752.143, 63
Trd, 4318752.593, 61
Trd, 4318754.793, 65
Trd, 4318754.843, 66
Trd, 4318755.693, 78
Trd, 4318755.843, 76
Trd, 4318756.743, 83
Trd, 4318757.943, 140
Trd, 4318757.993, 140
Trd, 4318758.543, 140
Trd, 4318758.643, 97
Trd, 4318759.943, 60
Trd, 4318760.843, 65
Trd, 4318760.943, 81
Trd, 4318761.393, 105
Trd, 4318761.593, 67
Trd, 4318762.043, 77
Trd, 4318762.493, 75
Trd, 4318763.493, 60
Trd, 4318764.343, 63
Trd, 4318764.543, 66
Trd, 4318765.393, 89
Trd, 4318766.093, 69
Trd, 4318768.993, 62
Trd, 4318769.143, 67
Trd, 4318770.193, 62
Trd, 4318770.943, 67
Trd, 4318771.243, 115
Trd, 4318771.543, 85
Trd, 4318772.093, 72
Trd, 4318772.143, 70
Trd, 4318772.593, 67
Trd, 4318772.693, 65
Trd, 4318775.093, 140
Trd, 4318775.143, 140
Trd, 4318775.993, 140
Trd, 4318776.343, 138
Trd, 4318776.993, 116
Trd, 4318777.243, 99
Trd, 4318777.943, 113
Trd, 4318778.093, 109
Trd, 4318779.943, 64
Trd, 4318780.093, 68
Trd, 4318780.643, 137
Trd, 4318780.993, 74
Trd, 4318781.043, 78
Trd, 4318782.443, 60
Trd, 4318782.693, 65
Trd, 4318783.793, 65
Trd, 4318783.843, 65
Trd, 4318785.193, 60
Trd, 4318785.893, 62
Trd, 4318786.593, 61
Trd, 4318787.343, 89
Trd, 4318788.193, 85
Trd, 4318788.543, 138
Trd, 4318789.193, 132
Trd, 4318790.193, 125
Trd, 4318790.893, 126
Trd, 4318790.943, 123
Trd, 4318791.293, 123
Trd, 4318792.393, 140
Trd, 4318793.193, 140
Trd, 4318793.243, 140
Trd, 4318793.843, 139
Trd, 4318794.843, 132
Trd, 4318794.993, 131
Trd, 4318795.393, 97
Trd, 4318795.793, 140
Trd, 4318797.043, 103
Trd, 4318797.143, 101
Trd, 4318797.843, 127
Trd, 4318797.993, 129
Trd, 4318800.043, 69
Trd, 4318800.943, 66
Trd, 4318801.143, 69
Trd, 4318801.493, 119
Trd, 4318802.693, 65
Trd, 4318803.593, 60
Trd, 4318804.893, 60
Trd, 4318805.493, 63
Trd, 4318806.493, 60
Trd, 4318806.693, 104
Trd, 4318808.193, 63
Trd, 4318808.493, 64
Trd, 4318809.093, 76
Trd, 4318809.543, 133
Trd, 4318810.193, 140
Trd, 4318810.393, 133
Trd, 4318811.393, 140
Trd, 4318811.443, 138
Trd, 4318811.643, 93
Trd, 4318812.693, 77
Trd, 4318814.293, 120
Trd, 4318814.843, 119
Trd, 4318816.043, 139
Trd, 4318816.593, 103
Trd, 4318817.043, 113
Trd, 4318817.393, 95
Trd, 4318817.693, 94
Trd, 4318818.243, 78
Trd, 4318818.643, 111
Trd, 4318819.343, 140
Trd, 4318819.843, 140
Trd, 4318820.093, 110
Trd, 4318820.343, 105
Trd, 4318820.593, 139
Trd, 4318821.993, 91
Trd, 4318822.393, 69
Trd, 4318823.943, 68
Trd, 4318824.293, 82
Trd, 4318824.643, 63
Trd, 4318824.843, 65
Trd, 4318826.143, 111
Trd, 4318827.143, 140
Trd, 4318827.193, 137
Trd, 4318827.243, 84
Trd, 4318828.243, 120
Trd, 4318829.843, 139
Trd, 4318829.943, 121
Trd, 4318830.793, 140
Trd, 4318831.443, 69
Trd, 4318831.543, 74
Trd, 4318832.143, 70
Trd, 4318833.143, 61
Trd, 4318833.293, 63
Trd, 4318833.993, 90
Trd, 4318834.943, 140
Trd, 4318834.993, 140
Trd, 4318835.593, 98
Trd, 4318835.993, 68
Trd, 4318836.693, 137
Trd, 4318836.893, 97
Trd, 4318837.093, 75
Trd, 4318838.143, 66
Trd, 4318838.443, 103
Trd, 4318840.293, 77
Trd, 4318840.743, 126
Trd, 4318841.243, 73
Trd, 4318841.743, 70
Trd, 4318842.143, 80
Trd, 4318843.293, 140
Trd, 4318843.693, 140
Trd, 4318843.993, 96
Trd, 4318845.193, 62
Trd, 4318845.343, 63
Trd, 4318845.743, 139
Trd, 4318846.143, 131
Trd, 4318846.793, 89
Trd, 4318847.943, 140
Trd, 4318848.693, 120
Trd, 4318850.043, 78
Trd, 4318850.593, 60
Trd, 4318851.493, 60
Trd, 4318851.943, 62
Trd, 4318852.393, 73
Trd, 4318852.593, 99
Trd, 4318853.993, 71
Trd, 4318854.393, 140
Trd, 4318855.193, 61
Trd, 4318855.493, 62
Trd, 4318856.693, 98
Trd, 4318857.293, 82
Trd, 4318857.643, 138
Trd, 4318858.143, 139
Trd, 4318858.693, 140
Trd, 4318859.793, 140
Trd, 4318860.543, 140
Trd, 4318860.743, 140
Trd, 4318860.993, 133
Trd, 4318861.493, 132
Trd, 4318862.443, 125
Trd, 4318863.243, 140
Trd, 4318863.743, 106
Trd, 4318863.993, 121
Trd, 4318864.493, 68
Trd, 4318864.743, 112
Trd, 4318866.093, 69
Trd, 4318866.293, 71
Trd, 4318867.643, 140
Trd, 4318867.693, 139
Trd, 4318867.743, 86
Trd, 4318868.143, 94
Trd, 4318868.793, 77
Trd, 4318870.393, 121
Trd, 4318871.393, 139
Trd, 4318871.543, 130
Trd, 4318871.943, 131
Trd, 4318872.343, 122
Trd, 4318872.893, 120
Trd, 4318873.343, 110
Trd, 4318873.943, 94
Trd, 4318874.293, 140
Trd, 4318875.893, 61
Trd, 4318876.143, 61
Trd, 4318877.343, 64
Trd, 4318878.293, 69
Trd, 4318878.793, 73
Trd, 4318879.143, 131
Trd, 4318879.493, 66
Trd, 4318880.543, 139
Trd, 4318880.793, 77
Trd, 4318882.443, 114
Trd, 4318882.493, 92
Trd, 4318882.993, 139
Trd, 4318883.193, 107
Trd, 4318884.343, 108
Trd, 4318885.093, 140
Trd, 4318887.843, 62
Trd, 4318888.593, 64
Trd, 4318888.743, 66
Trd, 4318889.543, 62
Trd, 4318889.593, 61
Trd, 4318890.093, 60
Trd, 4318890.543, 94
Trd, 4318891.043, 100
Trd, 4318892.043, 72
Trd, 4318892.643, 98
Trd, 4318893.493, 73
Trd, 4318894.093, 65
Trd, 4318894.543, 60
Trd, 4318895.093, 62
Trd, 4318896.643, 67
Trd, 4318896.743, 68
Trd, 4318897.843, 61
Trd, 4318897.943, 63
Trd, 4318899.493, 61
Trd, 4318900.693, 66
Trd, 4318902.143, 65
Trd, 4318902.743, 60
Trd, 4318902.993, 65
Trd, 4318903.943, 72
Trd, 4318904.743, 83
Trd, 4318905.243, 75
Trd, 4318905.293, 106
Trd, 4318905.993, 125
Trd, 4318906.043, 124
Trd, 4318906.893, 139
Trd, 4318906.993, 98
Trd, 4318907.393, 65
Trd, 4318908.043, 66
Trd, 4318908.793, 102
Trd, 4318910.043, 139
Trd, 4318910.693, 100
Trd, 4318911.493, 139
Trd, 4318912.243, 123
Trd, 4318912.393, 122
Trd, 4318913.293, 140
Trd, 4318913.343, 102
Trd, 4318913.943, 99
Trd, 4318915.693, 108
Trd, 4318916.693, 64
Trd, 4318916.743, 63
Trd, 4318917.393, 82
Trd, 4318918.643, 140
Trd, 4318918.993, 140
Trd, 4318919.243, 133
Trd, 4318920.043, 95
Trd, 4318920.893, 89
Trd, 4318921.793, 60
Trd, 4318922.143, 64
Trd, 4318922.243, 76
Trd, 4318922.793, 60
Trd, 4318923.043, 60
Trd, 4318924.493, 140
Trd, 4318924.743, 86
Trd, 4318925.793, 76
Trd, 4318926.193, 73
Trd, 4318926.743, 75
Trd, 4318928.143, 122
Trd, 4318928.343, 123
Trd, 4318928.593, 140
Trd, 4318928.993, 121
Trd, 4318929.943, 140
Trd, 4318930.143, 87
Trd, 4318931.443, 140
Trd, 4318932.043, 81
Trd, 4318933.093, 76
Trd, 4318933.643, 75
Trd, 4318934.693, 108
Trd, 4318935.293, 123
Trd, 4318935.643, 138
Trd, 4318936.193, 111
Trd, 4318936.793, 140
Trd, 4318936.993, 139
Trd, 4318937.043, 102
Trd, 4318938.193, 140
Trd, 4318938.293, 140
Trd, 4318939.743, 140
Trd, 4318940.893, 60
Trd, 4318941.093, 67
Trd, 4318941.343, 129
Trd, 4318942.493, 139
Trd, 4318942.743, 111
Trd, 4318943.343, 65
Trd, 4318943.643, 65
Trd, 4318944.693, 133
Trd, 4318945.293, 100
Trd, 4318945.493, 102
Trd, 4318945.743, 84
Trd, 4318946.693, 91
Trd, 4318947.043, 78
Trd, 4318947.943, 62
Trd, 4318948.543, 65
Trd, 4318950.443, 139
Trd, 4318950.543, 93
Trd, 4318950.843, 140
Trd, 4318951.193, 92
Trd, 4318953.143, 140
Trd, 4318953.443, 137
Trd, 4318954.243, 135
Trd, 4318955.293, 136
Trd, 4318956.593, 96
Trd, 4318956.993, 62
Trd, 4318958.343, 101
Trd, 4318958.993, 140
Trd, 4318959.143, 117
Trd, 4318959.293, 75
Trd, 4318959.393, 74
Trd, 4318960.793, 132
Trd, 4318961.243, 121
Trd, 4318962.143, 113
Trd, 4318962.593, 112
Trd, 4318962.993, 107
Trd, 4318963.843, 131
Trd, 4318964.893, 140
Trd, 4318965.393, 79
Trd, 4318965.743, 76
Trd, 4318965.943, 74
Trd, 4318966.343, 139
Trd, 4318967.143, 133
Trd, 4318969.693, 97
Trd, 4318969.893, 113
Trd, 4318971.043, 140
Trd, 4318971.143, 140
Trd, 4318971.443, 65
Trd, 4318971.493, 63
Trd, 4318971.693, 117
Trd, 4318973.593, 63
Trd, 4318974.843, 140
Trd, 4318975.343, 140
Trd, 4318975.943, 140
Trd, 4318975.993, 140
Trd, 4318976.443, 138
Trd, 4318976.843, 103
Trd, 4318978.093, 63
Trd, 4318979.043, 122
Trd, 4318979.543, 81
Trd, 4318979.743, 64
Trd, 4318980.593, 132
Trd, 4318981.293, 139
Trd, 4318981.443, 130
Trd, 4318981.843, 117
Trd, 4318982.793, 140
Trd, 4318982.943, 81
Trd, 4318984.343, 140
Trd, 4318984.493, 140
Trd, 4318984.893, 131
Trd, 4318984.993, 126
Trd, 4318986.793, 137
Trd, 4318986.893, 136
Trd, 4318987.593, 140
Trd, 4318987.743, 111
Trd, 4318988.493, 113
Trd, 4318988.943, 134
Trd, 4318989.793, 120
Trd, 4318989.993, 108
Trd, 4318991.043, 109
Trd, 4318991.543, 140
Trd, 4318992.393, 140
Trd, 4318993.193, 110
Trd, 4318993.743, 113
Trd, 4318994.443, 70
Trd, 4318995.693, 79
Trd, 4318995.743, 78
Trd, 4318996.493, 132
Trd, 4318997.643, 120
Trd, 4318998.693, 138
Trd, 4318998.943, 120
Trd, 4318999.993, 140
Trd, 4319000.043, 106
Trd, 4319000.143, 103
Trd, 4319000.343, 84
Trd, 4319002.393, 60
Trd, 4319002.443, 65
Trd, 4319003.493, 73
Trd, 4319003.893, 61
Trd, 4319004.543, 62
Trd, 4319004.643, 65
Trd, 4319006.093, 61
Trd, 4319006.693, 60
Trd, 4319008.043, 60
Trd, 4319008.293, 134
Trd, 4319008.543, 69
Trd, 4319009.643, 140
Trd, 4319011.043, 62
Trd, 4319011.693, 62
Trd, 4319012.243, 66
Trd, 4319012.793, 86
Trd, 4319013.393, 73
Trd, 4319013.993, 140
Trd, 4319014.743, 63
Trd, 4319015.243, 65
Trd, 4319015.443, 78
Trd, 4319017.443, 114
Trd, 4319018.343, 61
Trd, 4319018.743, 63
Trd, 4319020.793, 62
Trd, 4319021.093, 66
Trd, 4319021.943, 61
Trd, 4319022.143, 67
Trd, 4319023.393, 113
Trd, 4319023.943, 112
Trd, 4319024.943, 140
Trd, 4319025.693, 140
Trd, 4319025.943, 122
Trd, 4319026.543, 124
Trd, 4319026.993, 119
Trd, 4319027.393, 89
Trd, 4319027.643, 65
Trd, 4319027.793, 64
Trd, 4319028.443, 67
Trd, 4319028.943, 62
Trd, 4319030.793, 127
Trd, 4319031.043, 126
Trd, 4319032.193, 140
Trd, 4319032.493, 140
Trd, 4319033.043, 138
Trd, 4319033.093, 72
Trd, 4319033.393, 131
Trd, 4319034.243, 72
Trd, 4319035.393, 108
Trd, 4319035.593, 135
Trd, 4319036.793, 140
Trd, 4319037.543, 104
Trd, 4319037.643, 118
Trd, 4319039.343, 78
Trd, 4319039.893, 80
Trd, 4319040.193, 98
Trd, 4319041.093, 118
Trd, 4319041.243, 139
Trd, 4319041.443, 91
Trd, 4319042.543, 61
Trd, 4319042.793, 66
Trd, 4319042.893, 67
Trd, 4319043.643, 77
Trd, 4319044.643, 61
Trd, 4319045.043, 62
Trd, 4319046.093, 94
Trd, 4319046.793, 63
Trd, 4319048.143, 61
Trd, 4319048.643, 63
Trd, 4319048.693, 69
Trd, 4319050.393, 60
Trd, 4319050.793, 63
Trd, 4319051.593, 60
Trd, 4319053.643, 63
Trd, 4319054.193, 62
Trd, 4319054.243, 65
Trd, 4319054.543, 127
Trd, 4319055.243, 120
Trd, 4319056.143, 139
Trd, 4319056.293, 137
Trd, 4319059.043, 66
Trd, 4319059.743, 76
Trd, 4319059.993, 97
Trd, 4319060.343, 71
Trd, 4319060.393, 70
Trd, 4319060.793, 135
Trd, 4319061.843, 61
Trd, 4319062.043, 63
Trd, 4319062.293, 140
Trd, 4319062.993, 104
Trd, 4319064.893, 121
Trd, 4319064.943, 120
Trd, 4319065.243, 139
Trd, 4319065.393, 125
Trd, 4319066.343, 111
Trd, 4319067.393, 119
Trd, 4319067.643, 70
Trd, 4319068.143, 62
Trd, 4319069.043, 78
Trd, 4319069.943, 129
Trd, 4319071.043, 140
Trd, 4319071.493, 140
Trd, 4319071.693, 82
Trd, 4319072.293, 61
Trd, 4319073.293, 140
Trd, 4319073.793, 60
Trd, 4319075.393, 140
Trd, 4319075.693, 105
Trd, 4319077.243, 62
Trd, 4319077.543, 116
Trd, 4319078.543, 136
Trd, 4319078.793, 135
Trd, 4319079.243, 108
Trd, 4319079.343, 99
Trd, 4319080.743, 77
Trd, 4319081.893, 62
Trd, 4319082.293, 60
Trd, 4319083.593, 61
Trd, 4319083.943, 72
Trd, 4319084.243, 130
Trd, 4319084.943, 66
Trd, 4319085.693, 85
Trd, 4319086.093, 86
Trd, 4319086.593, 81
Trd, 4319087.243, 140
Trd, 4319087.843, 129
Trd, 4319087.893, 128
Trd, 4319089.843, 71
Trd, 4319090.793, 62
Trd, 4319091.043, 66
Trd, 4319091.343, 61
Trd, 4319092.543, 101
Trd, 4319094.043, 138
Trd, 4319094.293, 96
Trd, 4319094.843, 95
Trd, 4319095.043, 95
Trd, 4319095.993, 89
Trd, 4319096.593, 122
Trd, 4319096.793, 74
Trd, 4319098.293, 140
Trd, 4319098.893, 140
Trd, 4319099.243, 137
Trd, 4319100.443, 115
Trd, 4319100.493, 93
Trd, 4319100.593, 109
Trd, 4319100.993, 140
Trd, 4319101.393, 62
Trd, 4319102.143, 99
Trd, 4319103.193, 140
Trd, 4319103.443, 72
Trd, 4319103.693, 124
Trd, 4319105.793, 96
Trd, 4319107.043, 63
Trd, 4319107.343, 62
Trd, 4319107.643, 66
Trd, 4319108.043, 63
Trd, 4319108.243, 63
Trd, 4319108.293, 74
Trd, 4319108.893, 65
Trd, 4319109.593, 69
Trd, 4319110.043, 129
Trd, 4319110.643, 91
Trd, 4319111.193, 65
Trd, 4319111.493, 70
Trd, 4319112.943, 61
Trd, 4319113.393, 62
Trd, 4319114.843, 65
Trd, 4319114.893, 66
Trd, 4319116.093, 62
Trd, 4319116.293, 63
Trd, 4319117.593, 60
Trd, 4319117.943, 61
Trd, 4319119.393, 124
Trd, 4319120.243, 60
Trd, 4319120.343, 61
Trd, 4319121.093, 73
Trd, 4319121.243, 72
Trd, 4319121.893, 62
Trd, 4319122.743, 61
Trd, 4319126.243, 61
Trd, 4319126.343, 62
Trd, 4319127.243, 61
Trd, 4319127.543, 65
Trd, 4319128.843, 63
Trd, 4319129.243, 64
Trd, 4319129.493, 70
Trd, 4319130.693, 61
Trd, 4319130.943, 103
Trd, 4319131.693, 127
Trd, 4319131.943, 140
Trd, 4319132.593, 119
Trd, 4319132.943, 91
Trd, 4319133.593, 140
Trd, 4319133.693, 140
Trd, 4319133.843, 65
Trd, 4319134.793, 115
Trd, 4319135.143, 128
Trd, 4319135.693, 100
Trd, 4319138.293, 140
Trd, 4319138.543, 140
Trd, 4319138.793, 140
Trd, 4319138.893, 140
Trd, 4319139.043, 138
Trd, 4319140.343, 139
Trd, 4319141.843, 109
Trd, 4319141.993, 103
Trd, 4319142.243, 80
Trd, 4319142.743, 134
Trd, 4319142.943, 111
Trd, 4319143.543, 139
Trd, 4319143.843, 139
Trd, 4319145.543, 128
Trd, 4319145.843, 140
Trd, 4319146.193, 121
Trd, 4319147.493, 103
Trd, 4319148.043, 102
Trd, 4319148.343, 88
Trd, 4319149.943, 64
Trd, 4319150.843, 112
Trd, 4319151.093, 111
Trd, 4319151.443, 71
Trd, 4319151.893, 140
Trd, 4319152.593, 140
Trd, 4319153.593, 114
Trd, 4319153.793, 113
Trd, 4319153.893, 62
Trd, 4319155.493, 60
Trd, 4319156.943, 137
Trd, 4319157.343, 140
Trd, 4319158.343, 106
Trd, 4319158.443, 106
Trd, 4319158.943, 105
Trd, 4319159.743, 96
Trd, 4319159.893, 81
Trd, 4319160.243, 70
Trd, 4319160.993, 61
Trd, 4319161.593, 64
Trd, 4319162.843, 60
Trd, 4319163.493, 62
Trd, 4319163.893, 68
Trd, 4319164.043, 71
Trd, 4319165.493, 62
Trd, 4319167.693, 64
Trd, 4319168.193, 64
Trd, 4319168.243, 63
Trd, 4319169.143, 60
Trd, 4319170.493, 60
Trd, 4319171.793, 76
Trd, 4319172.093, 98
Trd, 4319173.443, 61
Trd, 4319173.643, 65
Trd, 4319174.243, 65
Trd, 4319174.343, 67
Trd, 4319175.193, 140
Trd, 4319175.493, 110
Trd, 4319175.893, 108
Trd, 4319177.343, 70
Trd, 4319177.593, 82
Trd, 4319178.343, 61
Trd, 4319179.293, 73
Trd, 4319179.893, 60
Trd, 4319180.243, 79
Trd, 4319180.943, 64
Trd, 4319181.743, 62
Trd, 4319182.543, 65
Trd, 4319182.843, 86
Trd, 4319183.043, 82
Trd, 4319183.793, 99
Trd, 4319183.893, 85
Trd, 4319184.793, 87
Trd, 4319185.143, 122
Trd, 4319185.793, 120
Trd, 4319186.443, 140
Trd, 4319187.343, 93
Trd, 4319187.643, 81
Trd, 4319188.393, 70
Trd, 4319188.543, 82
Trd, 4319189.193, 103
Trd, 4319190.243, 91
Trd, 4319190.793, 61
Trd, 4319191.243, 64
Trd, 4319193.093, 63
Trd, 4319194.993, 108
Trd, 4319195.193, 140
Trd, 4319195.243, 140
Trd, 4319195.393, 107
Trd, 4319195.943, 104
Trd, 4319197.143, 79
Trd, 4319197.843, 134
Trd, 4319198.293, 75
Trd, 4319199.243, 74
Trd, 4319199.793, 85
Trd, 4319201.193, 77
Trd, 4319201.243, 69
Trd, 4319201.493, 87
Trd, 4319201.793, 67
Trd, 4319202.443, 140
Trd, 4319202.643, 139
Trd, 4319202.893, 96
Trd, 4319204.093, 126
Trd, 4319204.843, 102
Trd, 4319205.043, 75
Trd, 4319205.243, 72
Trd, 4319205.593, 71
Trd, 4319205.893, 72
Trd, 4319207.993, 60
Trd, 4319208.793, 60
Trd, 4319209.143, 67
Trd, 4319209.443, 70
Trd, 4319210.243, 67
Trd, 4319212.393, 61
Trd, 4319212.543, 63
Trd, 4319214.243, 60
Trd, 4319215.143, 60
Trd, 4319216.543, 61
Trd, 4319216.993, 62
Trd, 4319217.093, 60
Trd, 4319217.993, 73
Trd, 4319218.043, 94
Trd, 4319218.993, 64
Trd, 4319219.093, 67
Trd, 4319220.943, 67
Trd, 4319220.993, 67
Trd, 4319221.793, 77
Trd, 4319222.243, 68
Trd, 4319222.993, 140
Trd, 4319224.493, 118
Trd, 4319225.293, 65
Trd, 4319225.393, 131
Trd, 4319226.243, 60
Trd, 4319226.343, 62
Trd, 4319227.393, 68
Trd, 4319228.243, 60
Trd, 4319228.693, 61
Trd, 4319229.493, 72
Trd, 4319229.743, 80
Trd, 4319230.793, 82
Trd, 4319231.393, 97
Trd, 4319232.993, 94
Trd, 4319233.743, 140
Trd, 4319233.843, 138
Trd, 4319235.193, 61
Trd, 4319235.543, 64
Trd, 4319235.743, 66
Trd, 4319236.243, 63
Trd, 4319236.643, 68
Trd, 4319238.043, 139
Trd, 4319238.893, 139
Trd, 4319238.993, 137
Trd, 4319239.343, 111
Trd, 4319239.743, 63
Trd, 4319240.793, 63
Trd, 4319241.843, 60
Trd, 4319242.643, 70
Trd, 4319243.793, 60
Trd, 4319244.043, 70
Trd, 4319245.093, 118
Trd, 4319245.743, 117
Trd, 4319245.893, 113
Trd, 4319246.243, 133
Trd, 4319246.393, 125
Trd, 4319246.643, 78
Trd, 4319247.243, 72
Trd, 4319248.393, 64
Trd, 4319249.243, 63
Trd, 4319250.943, 79
Trd, 4319251.043, 78
Trd, 4319251.393, 70
Trd, 4319251.793, 140
Trd, 4319251.893, 106
Trd, 4319253.493, 137
Trd, 4319253.543, 83
Trd, 4319253.593, 64
Trd, 4319255.393, 62
Trd, 4319256.593, 90
Trd, 4319257.193, 97
Trd, 4319257.343, 89
Trd, 4319258.793, 140
Trd, 4319258.843, 125
Trd, 4319259.193, 120
Trd, 4319259.293, 90
Trd, 4319259.743, 60
Trd, 4319261.343, 61
Trd, 4319261.743, 69
Trd, 4319262.843, 63
Trd, 4319264.343, 60
Trd, 4319264.643, 60
Trd, 4319265.043, 62
Trd, 4319265.643, 67
Trd, 4319266.193, 61
Trd, 4319268.043, 64
Trd, 4319268.143, 67
Trd, 4319268.843, 140
Trd, 4319270.393, 140
Trd, 4319270.593, 140
Trd, 4319271.443, 140
Trd, 4319271.743, 104
Trd, 4319272.343, 60
Trd, 4319272.643, 61
Trd, 4319273.243, 83
Trd, 4319274.093, 138
Trd, 4319274.743, 81
Trd, 4319275.593, 112
Trd, 4319275.693, 78
Trd, 4319276.243, 76
Trd, 4319276.993, 82
Trd, 4319277.843, 140
Trd, 4319278.543, 121
Trd, 4319278.793, 71
Trd, 4319279.443, 140
Trd, 4319279.793, 90
Trd, 4319279.993, 138
Trd, 4319282.043, 70
Trd, 4319282.193, 64
Trd, 4319282.493, 71
Trd, 4319283.893, 60
Trd, 4319284.843, 103
Trd, 4319285.143, 102
Trd, 4319285.193, 89
Trd, 4319285.243, 127
Trd, 4319286.093, 117
Trd, 4319286.543, 69
Trd, 4319287.193, 82
Trd, 4319287.493, 66
Trd, 4319290.193, 62
Trd, 4319291.193, 62
Trd, 4319291.743, 62
Trd, 4319292.693, 60
Trd, 4319292.943, 61
Trd, 4319293.593, 65
Trd, 4319293.843, 60
Trd, 4319293.993, 61
Trd, 4319294.843, 70
Trd, 4319295.693, 61
Trd, 4319297.793, 140
Trd, 4319298.343, 140
Trd, 4319298.443, 140
Trd, 4319298.593, 140
Trd, 4319299.193, 139
Trd, 4319299.293, 103
Trd, 4319300.493, 115
Trd, 4319300.843, 105
Trd, 4319302.493, 139
Trd, 4319302.843, 117
Trd, 4319303.743, 138
Trd, 4319303.893, 127
Trd, 4319304.893, 108
Trd, 4319305.843, 100
Trd, 4319307.193, 107
Trd, 4319307.293, 105
Trd, 4319307.593, 136
Trd, 4319308.393, 86
Trd, 4319309.393, 66
Trd, 4319309.543, 140
Trd, 4319310.693, 117
Trd, 4319311.243, 140
Trd, 4319312.293, 87
Trd, 4319312.443, 86
Trd, 4319312.893, 66
Trd, 4319313.343, 140
Trd, 4319313.843, 94
Trd, 4319314.443, 72
Trd, 4319314.793, 61
Trd, 4319316.893, 68
Trd, 4319317.043, 69
Trd, 4319317.943, 65
Trd, 4319318.543, 63
Trd, 4319319.593, 72
Trd, 4319319.643, 78
Trd, 4319319.843, 81
Trd, 4319320.343, 95
Trd, 4319320.593, 64
Trd, 4319320.893, 132
Trd, 4319321.243, 68
Trd, 4319322.593, 99
Trd, 4319323.093, 95
Trd, 4319323.543, 116
Trd, 4319324.643, 140
Trd, 4319324.843, 140
Trd, 4319324.943, 140
Trd, 4319325.593, 140
Trd, 4319326.693, 123
Trd, 4319327.793, 126
Trd, 4319328.043, 94
Trd, 4319328.393, 70
Trd, 4319328.493, 130
Trd, 4319329.293, 64
Trd, 4319329.393, 63
Trd, 4319330.593, 61
Trd, 4319331.193, 61
Trd, 4319332.593, 60
Trd, 4319332.643, 63
Trd, 4319332.793, 64
Trd, 4319333.543, 64
Trd, 4319333.993, 66
Trd, 4319334.643, 64
Trd, 4319335.743, 61
Trd, 4319336.893, 66
Trd, 4319338.243, 60
Trd, 4319339.093, 66
Trd, 4319340.543, 61
Trd, 4319341.193, 63
Trd, 4319342.793, 60
Trd, 4319343.293, 83
Trd, 4319343.943, 80
Trd, 4319344.143, 77
Trd, 4319345.693, 91
Trd, 4319345.743, 90
Trd, 4319346.193, 69
Trd, 4319347.393, 140
Trd, 4319347.893, 140
Trd, 4319348.243, 140
Trd, 4319348.543, 140
Trd, 4319349.793, 137
Trd, 4319351.243, 140
Trd, 4319351.443, 140
Trd, 4319351.893, 109
Trd, 4319352.593, 88
Trd, 4319353.143, 96
Trd, 4319353.643, 140
Trd, 4319353.993, 140
Trd, 4319354.043, 140
Trd, 4319354.593, 80
Trd, 4319355.043, 66
Trd, 4319355.793, 76
Trd, 4319356.643, 101
Trd, 4319357.143, 99
Trd, 4319358.293, 105
Trd, 4319359.143, 117
Trd, 4319359.243, 116
Trd, 4319361.343, 62
Trd, 4319361.843, 64
Trd, 4319362.093, 67
Trd, 4319362.893, 62
Trd, 4319364.043, 60
Trd, 4319364.993, 63
Trd, 4319365.143, 61
Trd, 4319366.643, 65
Trd, 4319366.993, 60
Trd, 4319367.243, 68
Trd, 4319367.793, 66
Trd, 4319368.193, 67
Trd, 4319368.243, 77
Trd, 4319368.293, 120
Trd, 4319368.443, 62
Trd, 4319370.593, 93
Trd, 4319371.393, 67
Trd, 4319372.193, 66
Trd, 4319372.543, 104
Trd, 4319373.093, 70
Trd, 4319373.743, 139
Trd, 4319374.093, 136
Trd, 4319374.143, 135
Trd, 4319374.793, 110
Trd, 4319375.643, 87
Trd, 4319376.143, 70
Trd, 4319377.043, 140
Trd, 4319377.343, 132
Trd, 4319377.643, 131
Trd, 4319377.793, 74
Trd, 4319378.243, 66
Trd, 4319378.743, 62
Trd, 4319379.043, 63
Trd, 4319379.193, 80
Trd, 4319380.193, 60
Trd, 4319380.643, 89
Trd, 4319380.943, 66
Trd, 4319381.893, 137
Trd, 4319382.143, 138
Trd, 4319384.193, 132
Trd, 4319384.693, 132
Trd, 4319386.293, 140
Trd, 4319387.243, 140
Trd, 4319387.393, 140
Trd, 4319387.443, 139
Trd, 4319387.493, 111
Trd, 4319388.293, 140
Trd, 4319388.893, 133
Trd, 4319389.443, 140
Trd, 4319389.843, 116
Trd, 4319390.593, 108
Trd, 4319390.993, 108
Trd, 4319391.693, 111
Trd, 4319392.193, 140
Trd, 4319394.543, 113
Trd, 4319395.043, 123
Trd, 4319395.343, 122
Trd, 4319396.443, 112
Trd, 4319397.093, 122
Trd, 4319397.493, 95
Trd, 4319397.593, 97
Trd, 4319397.893, 139
Trd, 4319398.943, 140
Trd, 4319399.243, 60
Trd, 4319401.293, 60
Trd, 4319401.543, 61
Trd, 4319401.993, 70
Trd, 4319402.393, 95
Trd, 4319402.743, 65
Trd, 4319403.193, 74
Trd, 4319404.343, 62
Trd, 4319404.493, 76
Trd, 4319405.243, 65
Trd, 4319407.793, 140
Trd, 4319407.943, 140
Trd, 4319408.193, 140
Trd, 4319409.543, 124
Trd, 4319410.743, 88
Trd, 4319411.093, 76
Trd, 4319411.593, 60
Trd, 4319411.643, 62
Trd, 4319412.393, 61
Trd, 4319412.843, 62
Trd, 4319413.193, 122
Trd, 4319414.293, 79
Trd, 4319415.093, 93
Trd, 4319415.393, 103
Trd, 4319415.643, 63
Trd, 4319416.243, 66
Trd, 4319417.643, 68
Trd, 4319418.043, 74
Trd, 4319418.593, 80
Trd, 4319419.593, 64
Trd, 4319421.093, 61
Trd, 4319423.243, 60
Trd, 4319423.843, 62
Trd, 4319424.143, 63
Trd, 4319424.293, 62
Trd, 4319424.543, 61
Trd, 4319424.643, 62
Trd, 4319425.943, 139
Trd, 4319426.243, 139
Trd, 4319426.443, 139
Trd, 4319426.943, 99
Trd, 4319427.893, 100
Trd, 4319428.993, 83
Trd, 4319429.193, 96
Trd, 4319430.393, 135
Trd, 4319430.643, 108
Trd, 4319431.343, 95
Trd, 4319432.443, 97
Trd, 4319432.943, 125
Trd, 4319433.243, 101
Trd, 4319434.093, 131
Trd, 4319434.493, 139
Trd, 4319434.593, 130
Trd, 4319434.693, 116
Trd, 4319435.043, 116
Trd, 4319436.043, 140
Trd, 4319436.693, 68
Trd, 4319438.443, 62
Trd, 4319438.643, 69
Trd, 4319439.593, 94
Trd, 4319439.943, 78
Trd, 4319440.243, 107
Trd, 4319441.043, 79
Trd, 4319441.293, 76
Trd, 4319441.943, 131
Trd, 4319442.893, 87
Trd, 4319443.293, 70
Trd, 4319443.993, 140
Trd, 4319444.093, 140
Trd, 4319445.493, 65
Trd, 4319445.843, 75
Trd, 4319446.793, 63
Trd, 4319447.293, 64
Trd, 4319447.443, 71
Trd, 4319449.543, 65
Trd, 4319450.993, 89
Trd, 4319451.093, 88
Trd, 4319452.093, 92
Trd, 4319452.243, 63
Trd, 4319452.993, 60
Trd, 4319454.593, 67
Trd, 4319454.693, 68
Trd, 4319455.343, 67
Trd, 4319455.493, 62
Trd, 4319456.493, 68
Trd, 4319456.843, 64
Trd, 4319457.193, 98
Trd, 4319457.743, 102
Trd, 4319459.243, 140
Trd, 4319459.293, 139
Trd, 4319459.443, 139
Trd, 4319460.793, 132
Trd, 4319461.493, 120
Trd, 4319462.143, 139
Trd, 4319463.543, 140
Trd, 4319463.743, 139
Trd, 4319464.493, 137
Trd, 4319464.793, 121
Trd, 4319465.743, 121
Trd, 4319466.593, 139
Trd, 4319467.143, 119
Trd, 4319467.593, 107
Trd, 4319468.493, 131
Trd, 4319468.643, 130
Trd, 4319469.743, 140
Trd, 4319470.043, 114
Trd, 4319470.393, 111
Trd, 4319471.193, 128
Trd, 4319471.393, 127
Trd, 4319472.143, 140
Trd, 4319473.743, 140
Trd, 4319473.843, 111
Trd, 4319474.193, 111
Trd, 4319475.293, 140
Trd, 4319475.393, 110
Trd, 4319475.593, 114
Trd, 4319476.093, 139
Trd, 4319476.193, 105
Trd, 4319477.143, 114
Trd, 4319478.243, 103
Trd, 4319479.193, 119
Trd, 4319479.943, 105
Trd, 4319480.443, 90
Trd, 4319481.443, 116
Trd, 4319481.493, 114
Trd, 4319481.793, 73
Trd, 4319482.493, 139
Trd, 4319483.593, 63
Trd, 4319484.493, 108
Trd, 4319484.943, 140
Trd, 4319484.993, 140
Trd, 4319486.843, 61
Trd, 4319487.043, 70
Trd, 4319487.593, 60
Trd, 4319487.843, 140
Trd, 4319488.893, 140
Trd, 4319489.393, 140
Trd, 4319489.893, 136
Trd, 4319490.393, 107
Trd, 4319490.843, 103
Trd, 4319491.543, 140
Trd, 4319491.743, 102
Trd, 4319492.043, 72
Trd, 4319493.243, 69
Trd, 4319493.993, 65
Trd, 4319495.593, 60
Trd, 4319496.143, 61
Trd, 4319496.993, 63
Trd, 4319497.493, 65
Trd, 4319498.593, 70
Trd, 4319498.643, 74
Trd, 4319499.493, 63
Trd, 4319500.693, 64
Trd, 4319500.843, 64
Trd, 4319501.743, 109
Trd, 4319502.093, 93
Trd, 4319503.243, 93
Trd, 4319503.993, 104
Trd, 4319504.293, 89
Trd, 4319505.893, 140
Trd, 4319506.093, 140
Trd, 4319506.143, 139
Trd, 4319506.443, 139
Trd, 4319507.343, 140
Trd, 4319507.393, 109
Trd, 4319508.493, 113
Trd, 4319509.693, 71
Trd, 4319510.043, 73
Trd, 4319510.243, 67
Trd, 4319511.293, 60
Trd, 4319512.793, 63
Trd, 4319514.043, 61
Trd, 4319514.393, 60
Trd, 4319514.993, 63
Trd, 4319516.293, 65
Trd, 4319516.593, 67
Trd, 4319516.643, 61
Trd, 4319517.343, 66
Trd, 4319517.893, 73
Trd, 4319518.893, 106
Trd, 4319519.743, 103
Trd, 4319519.793, 85
Trd, 4319520.343, 140
Trd, 4319521.493, 139
Trd, 4319521.793, 139
Trd, 4319522.843, 138
Trd, 4319523.093, 76
Trd, 4319523.793, 67
Trd, 4319524.593, 140
Trd, 4319525.743, 132
Trd, 4319526.643, 140
Trd, 4319527.343, 140
Trd, 4319527.993, 140
Trd, 4319528.093, 140
Trd, 4319529.193, 140
Trd, 4319530.143, 140
Trd, 4319530.643, 140
Trd, 4319530.743, 137
Trd, 4319531.893, 82
Trd, 4319532.093, 138
Trd, 4319532.843, 128
Trd, 4319533.793, 139
Trd, 4319534.943, 84
Trd, 4319534.993, 80
Trd, 4319535.493, 60
Trd, 4319537.093, 138
Trd, 4319537.243, 112
Trd, 4319537.343, 81
Trd, 4319537.943, 89
Trd, 4319539.343, 140
Trd, 4319539.393, 140
Trd, 4319539.493, 139
Trd, 4319540.193, 139
Trd, 4319540.593, 90
Trd, 4319541.093, 90
Trd, 4319541.443, 109
Trd, 4319542.193, 116
Trd, 4319543.793, 64
Trd, 4319544.743, 60
Trd, 4319545.293, 65
Trd, 4319545.693, 65
Trd, 4319546.693, 60
Trd, 4319546.943, 104
Trd, 4319547.643, 61
Trd, 4319549.143, 66
Trd, 4319549.493, 66
Trd, 4319549.543, 67
Trd, 4319549.693, 63
Trd, 4319549.993, 60
Trd, 4319551.393, 60
Trd, 4319551.493, 61
Trd, 4319552.693, 90
Trd, 4319552.893, 87
Trd, 4319553.693, 115
Trd, 4319553.793, 114
Trd, 4319554.143, 71
Trd, 4319555.593, 66
Trd, 4319556.393, 140
Trd, 4319556.593, 140
Trd, 4319557.543, 122
Trd, 4319558.893, 139
Trd, 4319559.493, 105
Trd, 4319560.043, 107
Trd, 4319560.293, 106
Trd, 4319560.643, 140
Trd, 4319560.793, 102
Trd, 4319560.893, 93
Trd, 4319561.793, 109
Trd, 4319561.943, 139
Trd, 4319562.143, 70
Trd, 4319563.043, 114
Trd, 4319563.543, 113
Trd, 4319563.693, 106
Trd, 4319564.493, 68
Trd, 4319564.593, 68
Trd, 4319565.893, 126
Trd, 4319566.743, 79
Trd, 4319567.393, 60
Trd, 4319567.993, 82
Trd, 4319568.293, 124
Trd, 4319568.793, 113
Trd, 4319570.743, 140
Trd, 4319571.493, 140
Trd, 4319571.593, 140
Trd, 4319571.943, 140
Trd, 4319572.093, 122
Trd, 4319573.693, 70
Trd, 4319574.293, 60
Trd, 4319575.793, 60
Trd, 4319575.843, 63
Trd, 4319577.643, 60
Trd, 4319577.843, 77
Trd, 4319579.243, 111
Trd, 4319579.593, 91
Trd, 4319580.093, 87
Trd, 4319580.293, 86
Trd, 4319580.593, 80
Trd, 4319581.943, 140
Trd, 4319582.493, 140
Trd, 4319582.943, 109
Trd, 4319583.493, 140
Trd, 4319583.543, 66
Trd, 4319584.893, 62
Trd, 4319585.343, 93
Trd, 4319585.893, 95
Trd, 4319586.293, 76
Trd, 4319587.543, 140
Trd, 4319587.793, 140
Trd, 4319587.843, 140
Trd, 4319588.493, 137
Trd, 4319589.343, 129
Trd, 4319589.743, 139
Trd, 4319591.043, 117
Trd, 4319591.493, 137
Trd, 4319592.593, 134
Trd, 4319592.743, 113
Trd, 4319592.893, 70
Trd, 4319593.393, 137
Trd, 4319594.043, 135
Trd, 4319595.343, 92
Trd, 4319595.893, 104
Trd, 4319596.093, 103
Trd, 4319596.943, 136
Trd, 4319597.343, 108
Trd, 4319599.143, 134
Trd, 4319599.743, 140
Trd, 4319599.843, 140
Trd, 4319600.693, 140
Trd, 4319600.793, 129
Trd, 4319601.343, 83
Trd, 4319602.343, 67
Trd, 4319603.843, 139
Trd, 4319604.343, 138
Trd, 4319604.843, 108
Trd, 4319605.493, 109
Trd, 4319605.793, 117
Trd, 4319606.193, 86
Trd, 4319606.643, 118
Trd, 4319607.593, 120
Trd, 4319607.793, 117
Trd, 4319608.293, 140
Trd, 4319608.393, 103
Trd, 4319609.593, 139
Trd, 4319610.093, 95
Trd, 4319610.443, 140
Trd, 4319610.643, 83
Trd, 4319611.193, 66
Trd, 4319612.543, 137
Trd, 4319612.843, 101
Trd, 4319613.593, 140
Trd, 4319613.693, 99
Trd, 4319614.293, 81
Trd, 4319614.843, 89
Trd, 4319615.193, 109
Trd, 4319615.943, 83
Trd, 4319616.593, 121
Trd, 4319617.643, 122
Trd, 4319617.943, 120
Trd, 4319618.243, 86
Trd, 4319618.993, 140
Trd, 4319619.093, 103
Trd, 4319619.793, 139
Trd, 4319621.343, 67
Trd, 4319622.143, 118
Trd, 4319622.293, 117
Trd, 4319623.043, 117
Trd, 4319624.143, 132
Trd, 4319624.443, 88
Trd, 4319626.493, 138
Trd, 4319626.843, 140
Trd, 4319627.143, 140
Trd, 4319628.543, 140
Trd, 4319628.893, 99
Trd, 4319628.993, 94
Trd, 4319629.143, 64
Trd, 4319629.643, 63
Trd, 4319629.993, 138
Trd, 4319630.143, 128
Trd, 4319631.143, 73
Trd, 4319632.743, 61
Trd, 4319633.743, 63
Trd, 4319633.893, 64
Trd, 4319635.493, 69
Trd, 4319636.843, 61
Trd, 4319638.093, 60
Trd, 4319638.193, 60
Trd, 4319638.943, 60
Trd, 4319639.093, 74
Trd, 4319639.943, 62
Trd, 4319640.493, 132
Trd, 4319640.793, 65
Trd, 4319641.743, 115
Trd, 4319642.093, 116
Trd, 4319642.193, 114
Trd, 4319643.243, 67
Trd, 4319643.843, 139
Trd, 4319644.393, 61
Trd, 4319645.243, 63
Trd, 4319646.843, 94
Trd, 4319647.143, 71
Trd, 4319647.443, 62
Trd, 4319647.643, 139
Trd, 4319648.343, 73
Trd, 4319649.043, 103
Trd, 4319649.593, 111
Trd, 4319649.743, 66
Trd, 4319651.643, 60
Trd, 4319651.893, 67
Trd, 4319653.043, 140
Trd, 4319653.193, 139
Trd, 4319653.343, 112
Trd, 4319654.793, 140
Trd, 4319655.293, 109
Trd, 4319656.943, 140
Trd, 4319657.043, 139
Trd, 4319657.593, 71
Trd, 4319658.193, 61
Trd, 4319658.293, 95
Trd, 4319659.993, 63
Trd, 4319660.293, 74
Trd, 4319660.493, 75
Trd, 4319661.043, 62
Trd, 4319662.093, 91
Trd, 4319662.743, 112
Trd, 4319663.993, 63
Trd, 4319664.093, 86
Trd, 4319666.193, 140
Trd, 4319666.793, 140
Trd, 4319667.493, 140
Trd, 4319667.943, 137
Trd, 4319668.043, 109
Trd, 4319668.343, 94
Trd, 4319668.643, 66
Trd, 4319669.393, 67
Trd, 4319670.143, 66
Trd, 4319670.993, 62
Trd, 4319672.493, 63
Trd, 4319672.593, 70
Trd, 4319674.093, 62
Trd, 4319674.593, 61
Trd, 4319674.943, 65
Trd, 4319675.643, 64
Trd, 4319676.743, 63
Trd, 4319676.993, 65
Trd, 4319677.543, 69
Trd, 4319679.143, 63
Trd, 4319680.593, 67
Trd, 4319681.293, 65
Trd, 4319681.543, 85
Trd, 4319682.243, 62
Trd, 4319682.993, 63
Trd, 4319683.293, 64
Trd, 4319683.543, 70
Trd, 4319684.443, 64
Trd, 4319685.993, 64
Trd, 4319687.343, 137
Trd, 4319687.793, 63
Trd, 4319688.093, 99
Trd, 4319688.843, 64
Trd, 4319689.493, 63
Trd, 4319689.543, 69
Trd, 4319690.143, 134
Trd, 4319690.193, 132
Trd, 4319691.643, 97
Trd, 4319693.043, 140
Trd, 4319693.143, 139
Trd, 4319693.193, 137
Trd, 4319693.493, 79
Trd, 4319693.943, 77
Trd, 4319695.243, 140
Trd, 4319695.893, 62
Trd, 4319698.593, 65
Trd, 4319698.693, 61
Trd, 4319698.793, 65
Trd, 4319699.093, 63
Trd, 4319700.393, 62
Trd, 4319701.343, 65
Trd, 4319702.143, 140
Trd, 4319702.593, 140
Trd, 4319702.693, 65
Trd, 4319703.243, 111
Trd, 4319704.093, 67
Trd, 4319704.343, 67
Trd, 4319705.643, 116
Trd, 4319706.293, 129
Trd, 4319706.543, 100
Trd, 4319707.543, 98
Trd, 4319708.443, 60
Trd, 4319708.793, 69
Trd, 4319710.093, 87
Trd, 4319710.393, 100
Trd, 4319710.443, 65
Trd, 4319711.093, 62
Trd, 4319711.843, 71
Trd, 4319713.243, 63
Trd, 4319713.443, 99
Trd, 4319714.493, 70
Trd, 4319715.143, 104
Trd, 4319715.743, 139
Trd, 4319715.843, 64
Trd, 4319716.193, 66
Trd, 4319716.743, 63
Trd, 4319717.043, 63
Trd, 4319717.493, 139
Trd, 4319718.093, 140
Trd, 4319718.593, 140
Trd, 4319719.243, 61
Trd, 4319719.693, 83
Trd, 4319719.743, 87
Trd, 4319720.293, 96
Trd, 4319721.143, 65
Trd, 4319722.293, 133
Trd, 4319723.043, 139
Trd, 4319723.993, 140
Trd, 4319724.393, 140
Trd, 4319724.843, 140
Trd, 4319725.743, 138
Trd, 4319726.243, 140
Trd, 4319726.643, 140
Trd, 4319726.993, 95
Trd, 4319727.793, 92
Trd, 4319729.143, 63
Trd, 4319729.643, 119
Trd, 4319730.143, 82
Trd, 4319730.293, 67
Trd, 4319731.193, 104
Trd, 4319731.293, 103
Trd, 4319732.443, 63
Trd, 4319732.743, 140
Trd, 4319732.843, 60
Trd, 4319733.343, 136
Trd, 4319734.543, 102
Trd, 4319735.043, 139
Trd, 4319735.443, 101
Trd, 4319736.743, 134
Trd, 4319737.093, 105
Trd, 4319737.593, 115
Trd, 4319737.643, 104
Trd, 4319738.543, 60
Trd, 4319739.143, 139
Trd, 4319740.343, 65
Trd, 4319740.943, 62
Trd, 4319741.693, 64
Trd, 4319742.793, 139
Trd, 4319743.143, 139
Trd, 4319744.093, 140
Trd, 4319744.193, 139
Trd, 4319744.793, 135
Trd, 4319744.993, 77
Trd, 4319745.593, 91
Trd, 4319745.943, 63
Trd, 4319746.893, 66
Trd, 4319746.993, 73
Trd, 4319747.493, 65
Trd, 4319748.393, 140
Trd, 4319748.993, 140
Trd, 4319749.093, 140
Trd, 4319749.943, 140
Trd, 4319750.793, 140
Trd, 4319752.593, 140
Trd, 4319753.093, 115
Trd, 4319753.293, 113
Trd, 4319754.193, 137
Trd, 4319754.343, 121
Trd, 4319754.793, 77
Trd, 4319755.393, 62
Trd, 4319756.193, 122
Trd, 4319756.343, 120
Trd, 4319756.693, 99
Trd, 4319757.893, 62
Trd, 4319758.493, 79
Trd, 4319759.643, 65
Trd, 4319760.043, 66
Trd, 4319760.743, 88
Trd, 4319761.343, 72
Trd, 4319761.793, 100
Trd, 4319761.893, 112
Trd, 4319761.943, 67
Trd, 4319763.043, 74
Trd, 4319763.943, 80
Trd, 4319764.143, 104
Trd, 4319764.943, 92
Trd, 4319765.043, 82
Trd, 4319765.993, 138
Trd, 4319767.093, 137
Trd, 4319767.393, 76
Trd, 4319767.993, 131
Trd, 4319768.943, 137
Trd, 4319770.493, 76
Trd, 4319770.793, 75
Trd, 4319770.893, 81
Trd, 4319771.143, 70
Trd, 4319771.543, 72
Trd, 4319772.343, 139
Trd, 4319773.493, 138
Trd, 4319773.593, 68
Trd, 4319774.293, 139
Trd, 4319776.143, 62
Trd, 4319776.693, 113
Trd, 4319777.093, 97
Trd, 4319777.793, 118
Trd, 4319778.343, 136
Trd, 4319779.093, 125
Trd, 4319779.543, 125
Trd, 4319779.893, 109
Trd, 4319780.643, 138
Trd, 4319780.793, 108
Trd, 4319781.993, 138
Trd, 4319782.793, 111
Trd, 4319783.193, 140
Trd, 4319783.643, 131
Trd, 4319785.193, 61
Trd, 4319785.793, 137
Trd, 4319786.093, 117
Trd, 4319786.493, 84
Trd, 4319786.793, 84
Trd, 4319787.143, 83
Trd, 4319788.193, 140
Trd, 4319788.393, 140
Trd, 4319790.593, 60
Trd, 4319790.643, 61
Trd, 4319791.943, 65
Trd, 4319792.193, 91
Trd, 4319792.293, 90
Trd, 4319792.493, 95
Trd, 4319793.643, 60
Trd, 4319794.143, 60
Trd, 4319794.493, 61
Trd, 4319795.293, 73
Trd, 4319795.793, 113
Trd, 4319796.893, 139
Trd, 4319797.093, 140
Trd, 4319797.243, 140
Trd, 4319798.143, 139
Trd, 4319798.743, 88
Trd, 4319799.943, 84
Trd, 4319800.243, 86
Trd, 4319800.593, 85
Trd, 4319801.543, 79
Trd, 4319801.893, 63
Trd, 4319802.043, 140
Trd, 4319802.593, 119
Trd, 4319804.393, 140
Trd, 4319805.243, 140
Trd, 4319806.193, 140
Trd, 4319806.243, 113
Trd, 4319806.393, 101
Trd, 4319806.693, 100
Trd, 4319806.843, 98
Trd, 4319807.843, 137
Trd, 4319809.143, 124
Trd, 4319810.243, 103
Trd, 4319810.543, 101
Trd, 4319810.643, 96
Trd, 4319810.743, 103
Trd, 4319811.693, 140
Trd, 4319812.643, 138
Trd, 4319813.043, 102
Trd, 4319814.993, 61
Trd, 4319815.543, 61
Trd, 4319816.543, 60
Trd, 4319816.843, 64
Trd, 4319818.593, 65
Trd, 4319819.593, 60
Trd, 4319819.793, 60
Trd, 4319820.093, 62
Trd, 4319820.393, 101
Trd, 4319820.893, 63
Trd, 4319820.993, 106
Trd, 4319821.543, 127
Trd, 4319822.793, 61
Trd, 4319824.843, 128
Trd, 4319825.043, 136
Trd, 4319825.443, 139
Trd, 4319825.893, 129
Trd, 4319826.143, 119
Trd, 4319826.443, 112
Trd, 4319826.493, 91
Trd, 4319828.093, 107
Trd, 4319828.643, 106
Trd, 4319828.793, 75
Trd, 4319829.443, 74
Trd, 4319829.543, 68
Trd, 4319831.343, 63
Trd, 4319831.943, 74
Trd, 4319833.543, 62
Trd, 4319834.643, 60
Trd, 4319835.143, 61
Trd, 4319835.193, 65
Trd, 4319836.643, 61
Trd, 4319836.993, 62
Trd, 4319837.893, 61
Trd, 4319838.843, 69
Trd, 4319839.943, 64
Trd, 4319840.493, 78
Trd, 4319840.893, 99
Trd, 4319840.993, 72
Trd, 4319841.143, 66
Trd, 4319841.893, 66
Trd, 4319843.143, 60
Trd, 4319843.893, 63
Trd, 4319844.193, 65
Trd, 4319845.243, 91
Trd, 4319845.743, 90
Trd, 4319846.643, 138
Trd, 4319846.943, 67
Trd, 4319848.693, 61
Trd, 4319848.793, 68
Trd, 4319851.043, 140
Trd, 4319851.343, 123
Trd, 4319851.593, 97
Trd, 4319852.043, 140
Trd, 4319852.343, 140
Trd, 4319852.743, 140
Trd, 4319852.843, 90
Trd, 4319853.693, 97
Trd, 4319853.893, 119
Trd, 4319854.093, 96
Trd, 4319855.143, 71
Trd, 4319856.943, 86
Trd, 4319857.143, 85
Trd, 4319857.393, 137
Trd, 4319858.943, 132
Trd, 4319859.493, 72
Trd, 4319859.943, 66
Trd, 4319860.693, 84
Trd, 4319861.293, 72
Trd, 4319862.193, 134
Trd, 4319862.743, 84
Trd, 4319863.443, 106
Trd, 4319863.493, 90
Trd, 4319864.143, 90
Trd, 4319864.643, 116
Trd, 4319865.393, 138
Trd, 4319866.543, 88
Trd, 4319866.693, 87
Trd, 4319866.943, 81
Trd, 4319867.743, 85
Trd, 4319868.943, 139
Trd, 4319869.443, 140
Trd, 4319869.993, 140
Trd, 4319870.443, 140
Trd, 4319870.643, 139
Trd, 4319870.893, 115
Trd, 4319871.243, 107
Trd, 4319871.893, 75
Trd, 4319872.743, 123
Trd, 4319873.093, 83
Trd, 4319873.493, 80
Trd, 4319874.943, 123
Trd, 4319876.093, 140
Trd, 4319876.243, 140
Trd, 4319876.843, 122
Trd, 4319877.643, 140
Trd, 4319878.543, 96
Trd, 4319879.393, 107
Trd, 4319879.593, 90
Trd, 4319879.993, 92
Trd, 4319880.643, 119
Trd, 4319880.793, 109
Trd, 4319880.993, 108
Trd, 4319882.493, 123
Trd, 4319883.493, 62
Trd, 4319884.243, 60
Trd, 4319884.593, 62
Trd, 4319885.243, 73
Trd, 4319885.793, 60
Trd, 4319885.843, 63
Trd, 4319886.543, 62
Trd, 4319887.243, 66
Trd, 4319888.093, 74
Trd, 4319889.293, 81
Trd, 4319889.343, 92
Trd, 4319889.843, 63
Trd, 4319891.743, 139
Trd, 4319891.893, 122
Trd, 4319892.893, 138
Trd, 4319893.343, 137
Trd, 4319893.543, 134
Trd, 4319894.093, 103
Trd, 4319894.293, 96
Trd, 4319894.893, 105
Trd, 4319895.343, 98
Trd, 4319895.593, 95
Trd, 4319896.443, 78
Trd, 4319897.243, 140
Trd, 4319898.093, 69
Trd, 4319898.843, 139
Trd, 4319899.393, 92
Trd, 4319899.593, 140
Trd, 4319901.243, 140
Trd, 4319901.443, 139
Trd, 4319901.893, 139
Trd, 4319902.293, 111
Trd, 4319903.593, 67
Trd, 4319904.443, 88
Trd, 4319904.843, 81
Trd, 4319904.993, 68
Trd, 4319905.343, 66
Trd, 4319906.343, 79
Trd, 4319907.143, 123
Trd, 4319907.743, 60
Trd, 4319908.243, 66
Trd, 4319908.393, 72
Trd, 4319910.243, 70
Trd, 4319910.793, 104
Trd, 4319911.443, 139
Trd, 4319911.493, 95
Trd, 4319912.493, 97
Trd, 4319913.593, 60
Trd, 4319913.843, 70
Trd, 4319914.143, 106
Trd, 4319914.793, 60
Trd, 4319915.693, 62
Trd, 4319915.993, 79
Trd, 4319916.943, 60
Trd, 4319917.143, 61
Trd, 4319918.043, 60
Trd, 4319919.543, 62
Trd, 4319919.743, 88
Trd, 4319921.343, 72
Trd, 4319921.743, 118
Trd, 4319922.893, 113
Trd, 4319923.143, 118
Trd, 4319923.293, 114
Trd, 4319923.693, 74
Trd, 4319924.143, 87
Trd, 4319924.893, 79
Trd, 4319925.743, 75
Trd, 4319926.143, 139
Trd, 4319926.643, 104
Trd, 4319927.993, 139
Trd, 4319928.443, 140
Trd, 4319928.493, 140
Trd, 4319928.643, 128
Trd, 4319928.693, 117
Trd, 4319929.993, 86
Trd, 4319931.743, 63
Trd, 4319932.143, 60
Trd, 4319932.643, 65
Trd, 4319933.193, 66
Trd, 4319934.043, 67
Trd, 4319934.243, 71
Trd, 4319934.693, 64
Trd, 4319936.643, 71
Trd, 4319937.443, 60
Trd, 4319937.943, 134
Trd, 4319940.043, 61
Trd, 4319940.843, 62
Trd, 4319941.893, 61
Trd, 4319942.343, 63
Trd, 4319942.593, 60
Trd, 4319943.093, 62
Trd, 4319945.843, 60
Trd, 4319946.243, 60
Trd, 4319946.643, 61
Trd, 4319947.743, 62
Trd, 4319948.593, 62
Trd, 4319948.843, 68
Trd, 4319949.993, 101
Trd, 4319950.943, 62
Trd, 4319951.243, 63
Trd, 4319951.543, 123
Trd, 4319951.843, 121
Trd, 4319952.393, 64
Trd, 4319952.693, 63
Trd, 4319953.743, 60
Trd, 4319954.393, 64
Trd, 4319955.643, 60
Trd, 4319956.593, 61
Trd, 4319957.743, 62
Trd, 4319958.093, 62
Trd, 4319958.643, 60
Trd, 4319958.793, 63
Trd, 4319960.193, 62
Trd, 4319961.093, 63
Trd, 4319961.793, 75
Trd, 4319962.443, 140
Trd, 4319962.843, 140
Trd, 4319963.993, 130
Trd, 4319964.343, 140
Trd, 4319964.943, 95
Trd, 4319965.643, 118
Trd, 4319965.693, 117
Trd, 4319966.743, 67
Trd, 4319967.593, 61
Trd, 4319968.143, 66
Trd, 4319968.493, 140
Trd, 4319970.043, 62
Trd, 4319970.493, 60
Trd, 4319971.293, 62
Trd, 4319972.943, 61
Trd, 4319973.693, 60
Trd, 4319974.343, 74
Trd, 4319974.543, 98
Trd, 4319975.093, 106
Trd, 4319976.443, 68
Trd, 4319976.893, 112
Trd, 4319977.643, 112
Trd, 4319977.943, 74
Trd, 4319978.343, 138
Trd, 4319978.893, 139
Trd, 4319979.343, 102
Trd, 4319979.393, 80
Trd, 4319980.443, 87
Trd, 4319980.993, 71
Trd, 4319981.743, 90
Trd, 4319982.093, 115
Trd, 4319982.693, 65
Trd, 4319982.943, 65
Trd, 4319983.293, 60
Trd, 4319983.943, 130
Trd, 4319984.693, 62
Trd, 4319986.593, 139
Trd, 4319986.693, 138
Trd, 4319987.643, 126
Trd, 4319988.543, 139
Trd, 4319988.693, 117
Trd, 4319990.443, 100
Trd, 4319991.143, 99
Trd, 4319991.793, 96
Trd, 4319992.343, 130
Trd, 4319992.393, 125
Trd, 4319993.093, 140
Trd, 4319993.843, 63
Trd, 4319994.443, 60
Trd, 4319996.343, 77
Trd, 4319996.443, 75
Trd, 4319996.543, 78
Trd, 4319997.843, 88
Trd, 4319997.893, 87
Trd, 4319998.643, 91
