Trd, 4318177.243, 134
Trd, 4318177.393, 103
Trd, 4318178.693, 68
Trd, 4318179.693, 75
Trd, 4318180.193, 76
Trd, 4318180.543, 72
Trd, 4318181.543, 120
Trd, 4318181.693, 118
Trd, 4318183.193, 114
Trd, 4318183.943, 135
Trd, 4318184.393, 79
Trd, 4318184.693, 113
Trd, 4318185.893, 62
Trd, 4318186.243, 76
Trd, 4318186.643, 71
Trd, 4318187.493, 64
Trd, 4318187.993, 70
Trd, 4318188.343, 85
Trd, 4318190.443, 137
Trd, 4318190.543, 122
Trd, 4318191.943, 106
Trd, 4318192.493, 67
Trd, 4318193.243, 85
Trd, 4318193.493, 62
Trd, 4318193.643, 71
Trd, 4318193.843, 77
Trd, 4318194.493, 86
Trd, 4318195.043, 136
Trd, 4318195.993, 132
Trd, 4318197.093, 69
Trd, 4318197.243, 67
Trd, 4318197.893, 99
Trd, 4318198.693, 101
Trd, 4318199.643, 129
Trd, 4318200.443, 121
Trd, 4318200.593, 113
Trd, 4318201.293, 138
Trd, 4318201.443, 137
Trd, 4318201.593, 111
Trd, 4318201.693, 107
Trd, 4318202.743, 111
Trd, 4318203.443, 93
Trd, 4318203.643, 90
Trd, 4318205.543, 97
Trd, 4318206.293, 107
Trd, 4318206.593, 101
Trd, 4318207.493, 116
Trd, 4318207.693, 87
Trd, 4318208.643, 89
Trd, 4318209.093, 64
Trd, 4318209.643, 114
Trd, 4318210.443, 72
Trd, 4318211.343, 67
Trd, 4318211.593, 61
Trd, 4318211.793, 75
Trd, 4318212.143, 76
Trd, 4318212.793, 96
Trd, 4318213.293, 117
Trd, 4318213.693, 133
Trd, 4318214.193, 109
Trd, 4318215.143, 112
Trd, 4318215.693, 109
Trd, 4318216.643, 122
Trd, 4318218.393, 71
Trd, 4318218.793, 72
Trd, 4318218.893, 63
Trd, 4318219.493, 80
Trd, 4318220.093, 115
Trd, 4318220.143, 78
Trd, 4318221.193, 114
Trd, 4318222.193, 139
Trd, 4318222.643, 69
Trd, 4318224.943, 135
Trd, 4318225.243, 108
Trd, 4318225.993, 129
Trd, 4318226.543, 84
Trd, 4318226.893, 85
Trd, 4318226.993, 69
Trd, 4318227.543, 66
Trd, 4318228.893, 139
Trd, 4318229.443, 98
Trd, 4318229.843, 102
Trd, 4318230.243, 126
Trd, 4318230.343, 84
Trd, 4318231.393, 104
Trd, 4318232.793, 100
Trd, 4318234.143, 126
Trd, 4318234.443, 115
Trd, 4318234.693, 117
Trd, 4318234.843, 98
Trd, 4318235.393, 60
Trd, 4318235.443, 65
Trd, 4318236.293, 90
Trd, 4318236.493, 101
Trd, 4318237.943, 113
Trd, 4318238.743, 101
Trd, 4318239.493, 75
Trd, 4318239.743, 86
Trd, 4318239.893, 87
Trd, 4318240.143, 61
Trd, 4318240.293, 132
Trd, 4318240.793, 114
Trd, 4318242.693, 83
Trd, 4318243.593, 90
Trd, 4318243.793, 81
Trd, 4318244.143, 97
Trd, 4318244.543, 131
Trd, 4318246.043, 118
Trd, 4318246.693, 100
Trd, 4318247.093, 97
Trd, 4318247.893, 119
Trd, 4318248.793, 112
Trd, 4318249.293, 106
Trd, 4318251.543, 96
Trd, 4318251.993, 101
Trd, 4318252.593, 133
Trd, 4318252.943, 120
Trd, 4318253.593, 104
Trd, 4318253.893, 112
Trd, 4318256.943, 133
Trd, 4318257.093, 129
Trd, 4318257.543, 111
Trd, 4318259.343, 79
Trd, 4318259.393, 74
Trd, 4318259.893, 67
Trd, 4318260.493, 71
Trd, 4318260.893, 109
Trd, 4318261.343, 88
Trd, 4318261.893, 115
Trd, 4318262.443, 86
Trd, 4318262.693, 82
Trd, 4318263.343, 126
Trd, 4318263.693, 80
Trd, 4318264.343, 123
Trd, 4318265.193, 78
Trd, 4318265.643, 82
Trd, 4318266.543, 70
Trd, 4318267.393, 93
Trd, 4318268.093, 97
Trd, 4318268.243, 106
Trd, 4318268.643, 79
Trd, 4318268.893, 72
Trd, 4318269.743, 133
Trd, 4318270.543, 61
Trd, 4318271.993, 129
Trd, 4318272.043, 96
Trd, 4318273.343, 128
Trd, 4318273.693, 131
Trd, 4318273.993, 126
Trd, 4318275.043, 115
Trd, 4318275.093, 108
Trd, 4318275.943, 139
Trd, 4318276.443, 100
Trd, 4318277.393, 109
Trd, 4318277.793, 98
Trd, 4318278.043, 99
Trd, 4318279.443, 93
Trd, 4318280.893, 81
Trd, 4318281.043, 83
Trd, 4318281.243, 70
Trd, 4318281.743, 67
Trd, 4318282.293, 67
Trd, 4318282.743, 72
Trd, 4318283.143, 93
Trd, 4318283.593, 73
Trd, 4318285.043, 133
Trd, 4318285.743, 96
Trd, 4318286.293, 130
Trd, 4318286.493, 127
Trd, 4318287.443, 126
Trd, 4318287.943, 88
Trd, 4318289.043, 99
Trd, 4318289.593, 83
Trd, 4318291.593, 127
Trd, 4318292.243, 136
Trd, 4318292.443, 132
Trd, 4318292.743, 112
Trd, 4318292.843, 96
Trd, 4318293.243, 130
Trd, 4318293.543, 66
Trd, 4318294.843, 98
Trd, 4318294.943, 94
Trd, 4318295.693, 73
Trd, 4318295.793, 136
Trd, 4318297.793, 122
Trd, 4318298.593, 76
Trd, 4318299.243, 101
Trd, 4318299.743, 129
Trd, 4318301.343, 138
Trd, 4318302.593, 134
Trd, 4318302.693, 131
Trd, 4318302.793, 110
Trd, 4318304.093, 117
Trd, 4318304.543, 107
Trd, 4318304.943, 85
Trd, 4318305.043, 73
Trd, 4318305.793, 83
Trd, 4318308.493, 116
Trd, 4318308.943, 120
Trd, 4318310.093, 98
Trd, 4318311.243, 133
Trd, 4318311.543, 133
Trd, 4318311.643, 81
Trd, 4318311.893, 72
Trd, 4318311.943, 90
Trd, 4318312.793, 77
Trd, 4318312.993, 74
Trd, 4318313.393, 60
Trd, 4318313.993, 111
Trd, 4318315.693, 140
Trd, 4318316.243, 139
Trd, 4318316.643, 137
Trd, 4318317.643, 123
Trd, 4318317.693, 101
Trd, 4318318.143, 101
Trd, 4318319.343, 115
Trd, 4318319.493, 93
Trd, 4318319.743, 95
Trd, 4318320.193, 129
Trd, 4318320.843, 82
Trd, 4318321.643, 130
Trd, 4318322.343, 133
Trd, 4318322.893, 123
Trd, 4318323.593, 140
Trd, 4318324.193, 122
Trd, 4318324.293, 123
Trd, 4318325.493, 115
Trd, 4318325.843, 109
Trd, 4318326.393, 75
Trd, 4318326.993, 128
Trd, 4318327.993, 99
Trd, 4318328.493, 90
Trd, 4318328.743, 94
Trd, 4318329.793, 70
Trd, 4318330.893, 88
Trd, 4318331.043, 102
Trd, 4318331.293, 75
Trd, 4318332.443, 134
Trd, 4318333.493, 117
Trd, 4318333.693, 127
Trd, 4318333.893, 136
Trd, 4318334.043, 126
Trd, 4318334.893, 76
Trd, 4318336.943, 128
Trd, 4318337.393, 106
Trd, 4318337.843, 75
Trd, 4318338.093, 73
Trd, 4318338.143, 87
Trd, 4318339.343, 131
Trd, 4318340.243, 123
Trd, 4318340.893, 105
Trd, 4318341.043, 90
Trd, 4318341.993, 107
Trd, 4318342.043, 97
Trd, 4318343.343, 125
Trd, 4318343.543, 124
Trd, 4318344.043, 98
Trd, 4318345.443, 84
Trd, 4318345.793, 137
Trd, 4318346.093, 74
Trd, 4318347.043, 103
Trd, 4318347.943, 124
Trd, 4318348.393, 122
Trd, 4318350.093, 120
Trd, 4318351.593, 110
Trd, 4318351.793, 109
Trd, 4318352.093, 133
Trd, 4318353.093, 129
Trd, 4318354.493, 135
Trd, 4318355.143, 134
Trd, 4318355.393, 138
Trd, 4318355.943, 130
Trd, 4318356.293, 98
Trd, 4318356.893, 135
Trd, 4318357.543, 134
Trd, 4318358.443, 122
Trd, 4318358.593, 96
Trd, 4318358.743, 65
Trd, 4318359.293, 109
Trd, 4318360.643, 124
Trd, 4318361.793, 125
Trd, 4318362.843, 107
Trd, 4318363.193, 115
Trd, 4318364.543, 125
Trd, 4318364.643, 97
Trd, 4318365.443, 105
Trd, 4318366.143, 119
Trd, 4318366.793, 114
Trd, 4318367.143, 130
Trd, 4318368.193, 102
Trd, 4318368.343, 103
Trd, 4318368.843, 129
Trd, 4318369.043, 123
Trd, 4318370.243, 100
Trd, 4318370.393, 101
Trd, 4318371.143, 138
Trd, 4318371.193, 96
Trd, 4318371.743, 106
Trd, 4318372.743, 90
Trd, 4318373.643, 89
Trd, 4318373.943, 78
Trd, 4318374.493, 82
Trd, 4318374.593, 95
Trd, 4318375.993, 83
Trd, 4318376.893, 69
Trd, 4318378.093, 87
Trd, 4318378.243, 80
Trd, 4318378.443, 110
Trd, 4318378.693, 69
Trd, 4318379.393, 70
Trd, 4318380.243, 84
Trd, 4318380.693, 85
Trd, 4318380.943, 131
Trd, 4318381.443, 93
Trd, 4318382.193, 74
Trd, 4318383.143, 78
Trd, 4318383.693, 83
Trd, 4318383.843, 71
Trd, 4318385.543, 124
Trd, 4318386.443, 80
Trd, 4318387.143, 136
Trd, 4318387.343, 101
Trd, 4318388.693, 134
Trd, 4318389.443, 96
Trd, 4318389.843, 121
Trd, 4318390.793, 108
Trd, 4318391.093, 87
Trd, 4318391.143, 118
Trd, 4318391.493, 95
Trd, 4318392.543, 62
Trd, 4318393.293, 87
Trd, 4318393.643, 76
Trd, 4318394.193, 92
Trd, 4318395.143, 68
Trd, 4318395.443, 87
Trd, 4318396.143, 93
Trd, 4318396.343, 95
Trd, 4318396.843, 80
Trd, 4318397.393, 96
Trd, 4318397.743, 83
Trd, 4318398.043, 113
Trd, 4318399.293, 109
Trd, 4318399.893, 81
Trd, 4318400.393, 83
Trd, 4318401.543, 129
Trd, 4318402.493, 129
Trd, 4318403.193, 138
Trd, 4318403.243, 126
Trd, 4318403.943, 100
Trd, 4318404.393, 137
Trd, 4318405.243, 104
Trd, 4318405.343, 98
Trd, 4318405.743, 82
Trd, 4318406.293, 127
Trd, 4318407.443, 119
Trd, 4318407.543, 117
Trd, 4318407.993, 127
Trd, 4318408.493, 62
Trd, 4318408.743, 105
Trd, 4318409.893, 97
Trd, 4318410.743, 122
Trd, 4318411.043, 82
Trd, 4318411.943, 104
Trd, 4318412.293, 91
Trd, 4318413.493, 131
Trd, 4318413.993, 102
Trd, 4318414.343, 115
Trd, 4318414.543, 91
Trd, 4318414.793, 85
Trd, 4318415.193, 118
Trd, 4318416.743, 134
Trd, 4318417.043, 138
Trd, 4318419.143, 86
Trd, 4318419.593, 136
Trd, 4318420.343, 127
Trd, 4318420.693, 120
Trd, 4318420.743, 109
Trd, 4318421.093, 127
Trd, 4318422.393, 99
Trd, 4318423.393, 99
Trd, 4318423.693, 79
Trd, 4318424.093, 139
Trd, 4318424.293, 106
Trd, 4318424.443, 78
Trd, 4318424.743, 114
Trd, 4318425.493, 119
Trd, 4318425.543, 74
Trd, 4318426.543, 124
Trd, 4318427.543, 127
Trd, 4318428.043, 60
Trd, 4318428.793, 139
Trd, 4318429.093, 115
Trd, 4318429.593, 96
Trd, 4318430.193, 76
Trd, 4318430.693, 69
Trd, 4318431.843, 87
Trd, 4318432.543, 135
Trd, 4318432.593, 90
Trd, 4318433.843, 117
Trd, 4318434.543, 121
Trd, 4318435.293, 136
Trd, 4318436.443, 115
Trd, 4318436.493, 87
Trd, 4318437.543, 125
Trd, 4318437.693, 115
Trd, 4318437.793, 94
Trd, 4318438.143, 124
Trd, 4318439.643, 66
Trd, 4318439.893, 83
Trd, 4318442.293, 93
Trd, 4318442.493, 81
Trd, 4318442.593, 65
Trd, 4318442.793, 102
Trd, 4318443.593, 126
Trd, 4318443.643, 109
Trd, 4318443.793, 108
Trd, 4318445.243, 70
Trd, 4318445.343, 76
Trd, 4318446.293, 89
Trd, 4318447.043, 125
Trd, 4318447.443, 87
Trd, 4318448.943, 140
Trd, 4318449.593, 133
Trd, 4318449.893, 136
Trd, 4318450.443, 113
Trd, 4318450.993, 105
Trd, 4318452.643, 104
Trd, 4318453.443, 106
Trd, 4318453.793, 93
Trd, 4318454.393, 99
Trd, 4318454.893, 60
Trd, 4318456.243, 115
Trd, 4318456.493, 106
Trd, 4318456.893, 103
Trd, 4318458.293, 140
Trd, 4318458.693, 96
Trd, 4318459.593, 96
Trd, 4318460.443, 99
Trd, 4318460.643, 122
Trd, 4318460.893, 93
Trd, 4318461.993, 125
Trd, 4318463.093, 67
Trd, 4318463.993, 98
Trd, 4318464.743, 90
Trd, 4318465.243, 76
Trd, 4318465.443, 84
Trd, 4318466.043, 88
Trd, 4318466.993, 62
Trd, 4318467.093, 89
Trd, 4318467.543, 63
Trd, 4318467.993, 69
Trd, 4318469.443, 66
Trd, 4318469.643, 77
Trd, 4318469.893, 102
Trd, 4318470.293, 140
Trd, 4318470.843, 119
Trd, 4318471.793, 100
Trd, 4318471.993, 94
Trd, 4318472.143, 89
Trd, 4318472.543, 73
Trd, 4318474.093, 77
Trd, 4318474.943, 99
Trd, 4318475.393, 115
Trd, 4318477.243, 112
Trd, 4318477.293, 78
Trd, 4318477.993, 128
Trd, 4318478.443, 116
Trd, 4318480.193, 130
Trd, 4318480.793, 134
Trd, 4318480.843, 124
Trd, 4318481.543, 131
Trd, 4318482.593, 127
Trd, 4318483.193, 101
Trd, 4318484.043, 99
Trd, 4318485.043, 87
Trd, 4318485.393, 140
Trd, 4318485.693, 81
Trd, 4318485.993, 74
Trd, 4318487.293, 109
Trd, 4318487.693, 77
Trd, 4318488.643, 107
Trd, 4318488.843, 85
Trd, 4318489.093, 119
Trd, 4318489.143, 79
Trd, 4318489.993, 99
Trd, 4318490.043, 67
Trd, 4318491.293, 133
Trd, 4318491.393, 133
Trd, 4318494.193, 138
Trd, 4318494.593, 138
Trd, 4318494.893, 129
Trd, 4318495.843, 118
Trd, 4318495.943, 112
Trd, 4318496.593, 116
Trd, 4318496.793, 92
Trd, 4318496.893, 75
Trd, 4318497.843, 104
Trd, 4318499.093, 62
Trd, 4318499.243, 99
Trd, 4318499.843, 91
Trd, 4318500.143, 112
Trd, 4318500.693, 122
Trd, 4318502.193, 82
Trd, 4318502.443, 115
Trd, 4318502.993, 133
Trd, 4318503.293, 138
Trd, 4318504.593, 127
Trd, 4318504.693, 111
Trd, 4318504.893, 99
Trd, 4318505.243, 85
Trd, 4318505.593, 114
Trd, 4318506.393, 110
Trd, 4318506.493, 109
Trd, 4318508.593, 102
Trd, 4318508.793, 104
Trd, 4318509.743, 94
Trd, 4318509.993, 125
Trd, 4318510.143, 75
Trd, 4318510.743, 119
Trd, 4318511.543, 60
Trd, 4318511.593, 65
Trd, 4318511.893, 115
Trd, 4318511.993, 96
Trd, 4318513.843, 125
Trd, 4318514.243, 104
Trd, 4318514.993, 106
Trd, 4318515.543, 109
Trd, 4318515.593, 80
Trd, 4318515.793, 77
Trd, 4318517.193, 127
Trd, 4318517.343, 106
Trd, 4318518.943, 89
Trd, 4318519.493, 130
Trd, 4318519.693, 94
Trd, 4318520.093, 117
Trd, 4318520.443, 133
Trd, 4318520.643, 115
Trd, 4318520.893, 109
Trd, 4318523.093, 73
Trd, 4318523.393, 83
Trd, 4318523.543, 82
Trd, 4318524.343, 92
Trd, 4318524.643, 101
Trd, 4318525.543, 71
Trd, 4318526.043, 62
Trd, 4318526.293, 83
Trd, 4318526.993, 118
Trd, 4318528.293, 117
Trd, 4318528.493, 108
Trd, 4318529.793, 114
Trd, 4318530.093, 100
Trd, 4318530.293, 95
Trd, 4318531.493, 83
Trd, 4318532.143, 90
Trd, 4318532.593, 139
Trd, 4318534.093, 129
Trd, 4318535.243, 127
Trd, 4318535.843, 105
Trd, 4318536.043, 100
Trd, 4318537.043, 127
Trd, 4318537.643, 118
Trd, 4318538.193, 101
Trd, 4318539.093, 95
Trd, 4318539.193, 137
Trd, 4318540.393, 140
Trd, 4318540.693, 100
Trd, 4318540.843, 91
Trd, 4318541.143, 83
Trd, 4318541.443, 68
Trd, 4318542.843, 135
Trd, 4318542.993, 78
Trd, 4318544.043, 138
Trd, 4318544.193, 136
Trd, 4318544.693, 92
Trd, 4318545.093, 99
Trd, 4318545.693, 125
Trd, 4318546.093, 98
Trd, 4318546.193, 92
Trd, 4318547.643, 92
Trd, 4318547.893, 121
Trd, 4318548.543, 113
Trd, 4318550.593, 68
Trd, 4318550.843, 83
Trd, 4318551.343, 116
Trd, 4318551.393, 71
Trd, 4318551.693, 106
Trd, 4318552.043, 86
Trd, 4318552.093, 115
Trd, 4318553.343, 86
Trd, 4318554.543, 120
Trd, 4318554.943, 132
Trd, 4318555.293, 115
Trd, 4318555.993, 139
Trd, 4318556.293, 121
Trd, 4318556.393, 109
Trd, 4318556.943, 128
Trd, 4318557.993, 126
Trd, 4318558.393, 69
Trd, 4318558.643, 79
Trd, 4318558.793, 92
Trd, 4318559.193, 110
Trd, 4318560.843, 110
Trd, 4318562.343, 103
Trd, 4318563.243, 103
Trd, 4318563.893, 114
Trd, 4318565.743, 98
Trd, 4318566.043, 107
Trd, 4318566.643, 63
Trd, 4318567.193, 68
Trd, 4318567.743, 134
Trd, 4318567.793, 132
Trd, 4318568.293, 110
Trd, 4318568.693, 133
Trd, 4318569.443, 99
Trd, 4318569.543, 94
Trd, 4318570.193, 86
Trd, 4318572.093, 71
Trd, 4318572.143, 88
Trd, 4318573.093, 75
Trd, 4318573.293, 73
Trd, 4318573.743, 74
Trd, 4318574.543, 103
Trd, 4318574.993, 123
Trd, 4318575.343, 110
Trd, 4318576.443, 113
Trd, 4318576.743, 130
Trd, 4318577.543, 75
Trd, 4318577.943, 88
Trd, 4318578.443, 69
Trd, 4318579.293, 107
Trd, 4318579.893, 102
Trd, 4318580.843, 86
Trd, 4318581.193, 67
Trd, 4318581.343, 71
Trd, 4318582.943, 72
Trd, 4318583.293, 81
Trd, 4318584.593, 60
Trd, 4318585.443, 63
Trd, 4318585.893, 71
Trd, 4318586.843, 61
Trd, 4318587.193, 109
Trd, 4318587.493, 140
Trd, 4318587.743, 138
Trd, 4318588.743, 113
Trd, 4318589.293, 102
Trd, 4318589.543, 97
Trd, 4318589.643, 86
Trd, 4318590.993, 104
Trd, 4318591.243, 100
Trd, 4318591.543, 92
Trd, 4318591.793, 103
Trd, 4318592.243, 91
Trd, 4318592.793, 87
Trd, 4318593.643, 66
Trd, 4318594.743, 95
Trd, 4318594.993, 109
Trd, 4318595.293, 83
Trd, 4318595.643, 94
Trd, 4318597.043, 85
Trd, 4318597.393, 93
Trd, 4318599.043, 73
Trd, 4318599.693, 103
Trd, 4318599.793, 77
Trd, 4318600.993, 134
Trd, 4318601.793, 133
Trd, 4318602.493, 77
Trd, 4318603.743, 117
Trd, 4318604.343, 116
Trd, 4318604.993, 121
Trd, 4318605.543, 90
Trd, 4318606.393, 112
Trd, 4318606.643, 106
Trd, 4318606.993, 85
Trd, 4318607.443, 79
Trd, 4318609.693, 93
Trd, 4318611.093, 114
Trd, 4318611.293, 89
Trd, 4318612.393, 109
Trd, 4318612.943, 111
Trd, 4318613.643, 113
Trd, 4318614.243, 108
Trd, 4318614.893, 99
Trd, 4318615.593, 68
Trd, 4318615.693, 80
Trd, 4318616.243, 96
Trd, 4318616.443, 98
Trd, 4318617.243, 123
Trd, 4318617.893, 88
Trd, 4318618.593, 115
Trd, 4318619.093, 127
Trd, 4318619.193, 90
Trd, 4318619.493, 88
Trd, 4318621.743, 83
Trd, 4318622.743, 92
Trd, 4318623.143, 65
Trd, 4318623.443, 79
Trd, 4318623.643, 74
Trd, 4318624.943, 95
Trd, 4318625.093, 90
Trd, 4318625.293, 106
Trd, 4318626.043, 130
Trd, 4318626.093, 82
Trd, 4318627.543, 113
Trd, 4318628.443, 112
Trd, 4318629.093, 109
Trd, 4318630.343, 108
Trd, 4318630.643, 102
Trd, 4318631.493, 96
Trd, 4318632.193, 85
Trd, 4318632.943, 120
Trd, 4318633.443, 126
Trd, 4318634.193, 113
Trd, 4318634.343, 108
Trd, 4318634.843, 118
Trd, 4318636.393, 125
Trd, 4318636.693, 115
Trd, 4318637.793, 84
Trd, 4318638.643, 136
Trd, 4318639.343, 131
Trd, 4318640.843, 124
Trd, 4318640.993, 95
Trd, 4318641.593, 104
Trd, 4318642.693, 131
Trd, 4318642.943, 106
Trd, 4318643.293, 67
Trd, 4318643.643, 95
Trd, 4318644.843, 111
Trd, 4318644.943, 86
Trd, 4318645.243, 75
Trd, 4318645.493, 132
Trd, 4318646.243, 94
Trd, 4318647.043, 79
Trd, 4318648.393, 80
Trd, 4318648.893, 95
Trd, 4318649.093, 99
Trd, 4318649.393, 113
Trd, 4318649.543, 67
Trd, 4318650.193, 112
Trd, 4318651.293, 73
Trd, 4318651.443, 66
Trd, 4318652.343, 108
Trd, 4318652.793, 63
Trd, 4318652.843, 68
Trd, 4318653.643, 67
Trd, 4318654.543, 65
Trd, 4318655.393, 70
Trd, 4318655.843, 61
Trd, 4318656.993, 124
Trd, 4318657.743, 100
Trd, 4318658.343, 111
Trd, 4318658.643, 71
Trd, 4318659.043, 62
Trd, 4318659.543, 61
Trd, 4318661.443, 71
Trd, 4318662.143, 91
Trd, 4318662.243, 115
Trd, 4318662.743, 85
Trd, 4318664.093, 123
Trd, 4318664.293, 122
Trd, 4318665.043, 110
Trd, 4318666.043, 90
Trd, 4318666.543, 79
Trd, 4318668.293, 118
Trd, 4318668.643, 85
Trd, 4318669.543, 75
Trd, 4318669.943, 93
Trd, 4318670.243, 100
Trd, 4318671.043, 126
Trd, 4318671.193, 100
Trd, 4318673.043, 129
Trd, 4318673.493, 125
Trd, 4318673.593, 117
Trd, 4318674.343, 106
Trd, 4318674.893, 104
Trd, 4318675.893, 70
Trd, 4318676.093, 83
Trd, 4318677.943, 65
Trd, 4318678.193, 60
Trd, 4318679.443, 90
Trd, 4318679.643, 102
Trd, 4318680.393, 89
Trd, 4318681.543, 137
Trd, 4318682.343, 115
Trd, 4318682.693, 100
Trd, 4318683.093, 88
Trd, 4318683.493, 70
Trd, 4318683.593, 99
Trd, 4318683.693, 125
Trd, 4318684.793, 72
Trd, 4318685.493, 70
Trd, 4318687.643, 137
Trd, 4318687.993, 119
Trd, 4318688.093, 121
Trd, 4318688.243, 135
Trd, 4318688.393, 83
Trd, 4318688.893, 70
Trd, 4318689.193, 80
Trd, 4318689.643, 98
Trd, 4318691.393, 96
Trd, 4318691.643, 122
Trd, 4318692.643, 65
Trd, 4318692.743, 68
Trd, 4318692.793, 63
Trd, 4318693.993, 69
Trd, 4318694.343, 76
Trd, 4318695.743, 93
Trd, 4318696.293, 93
Trd, 4318696.443, 106
Trd, 4318696.943, 138
Trd, 4318697.943, 72
Trd, 4318698.993, 107
Trd, 4318699.043, 94
Trd, 4318699.843, 70
Trd, 4318700.543, 130
Trd, 4318701.593, 111
Trd, 4318703.543, 101
Trd, 4318703.693, 80
Trd, 4318704.393, 134
Trd, 4318705.143, 84
Trd, 4318705.393, 120
Trd, 4318705.893, 74
Trd, 4318706.043, 61
Trd, 4318707.243, 97
Trd, 4318708.143, 60
Trd, 4318708.893, 126
Trd, 4318709.293, 77
Trd, 4318709.543, 75
Trd, 4318710.743, 98
Trd, 4318711.393, 132
Trd, 4318711.993, 84
Trd, 4318712.193, 88
Trd, 4318712.843, 80
Trd, 4318713.343, 118
Trd, 4318713.393, 115
Trd, 4318713.793, 132
Trd, 4318714.393, 91
Trd, 4318715.443, 78
Trd, 4318716.793, 94
Trd, 4318716.843, 85
Trd, 4318717.893, 112
Trd, 4318718.393, 118
Trd, 4318718.643, 96
Trd, 4318718.793, 79
Trd, 4318719.093, 108
Trd, 4318719.743, 140
Trd, 4318720.093, 106
Trd, 4318720.543, 133
Trd, 4318720.943, 63
Trd, 4318721.393, 133
Trd, 4318721.943, 67
Trd, 4318722.943, 126
Trd, 4318723.043, 121
Trd, 4318724.693, 119
Trd, 4318725.143, 94
Trd, 4318725.193, 90
Trd, 4318726.943, 78
Trd, 4318727.393, 119
Trd, 4318728.843, 119
Trd, 4318729.493, 121
Trd, 4318730.093, 131
Trd, 4318730.943, 94
Trd, 4318731.793, 86
Trd, 4318731.843, 81
Trd, 4318732.343, 137
Trd, 4318733.043, 133
Trd, 4318733.493, 134
Trd, 4318733.943, 134
Trd, 4318734.243, 133
Trd, 4318734.293, 129
Trd, 4318735.343, 138
Trd, 4318736.043, 127
Trd, 4318736.943, 109
Trd, 4318737.093, 108
Trd, 4318737.393, 113
Trd, 4318737.743, 84
Trd, 4318738.193, 81
Trd, 4318738.793, 129
Trd, 4318740.543, 101
Trd, 4318740.843, 97
Trd, 4318741.043, 104
Trd, 4318741.343, 111
Trd, 4318741.893, 103
Trd, 4318742.693, 77
Trd, 4318743.043, 89
Trd, 4318743.893, 80
Trd, 4318745.293, 120
Trd, 4318746.293, 68
Trd, 4318746.443, 73
Trd, 4318746.543, 101
Trd, 4318747.343, 125
Trd, 4318748.393, 73
Trd, 4318748.793, 81
Trd, 4318749.243, 64
Trd, 4318750.343, 71
Trd, 4318751.143, 90
Trd, 4318752.743, 62
Trd, 4318753.743, 129
Trd, 4318754.393, 125
Trd, 4318754.493, 110
Trd, 4318754.893, 96
Trd, 4318755.243, 95
Trd, 4318755.293, 75
Trd, 4318757.093, 136
Trd, 4318757.193, 130
Trd, 4318757.643, 128
Trd, 4318759.143, 69
Trd, 4318760.093, 68
Trd, 4318760.393, 63
Trd, 4318760.943, 74
Trd, 4318761.093, 109
Trd, 4318761.743, 105
Trd, 4318762.543, 129
Trd, 4318762.643, 101
Trd, 4318764.793, 117
Trd, 4318765.143, 113
Trd, 4318766.043, 124
Trd, 4318766.893, 117
Trd, 4318767.143, 117
Trd, 4318767.643, 129
Trd, 4318768.243, 106
Trd, 4318769.243, 130
Trd, 4318770.293, 140
Trd, 4318770.343, 135
Trd, 4318771.443, 116
Trd, 4318771.693, 79
Trd, 4318772.043, 131
Trd, 4318772.393, 140
Trd, 4318773.393, 127
Trd, 4318773.793, 116
Trd, 4318773.893, 86
Trd, 4318774.993, 128
Trd, 4318775.293, 113
Trd, 4318775.843, 116
Trd, 4318776.243, 112
Trd, 4318776.593, 111
Trd, 4318777.093, 76
Trd, 4318777.593, 86
Trd, 4318778.693, 109
Trd, 4318780.343, 126
Trd, 4318780.743, 111
Trd, 4318781.393, 71
Trd, 4318781.543, 115
Trd, 4318781.643, 88
Trd, 4318782.093, 111
Trd, 4318782.443, 135
Trd, 4318782.843, 96
Trd, 4318783.343, 95
Trd, 4318783.693, 65
Trd, 4318785.643, 117
Trd, 4318786.193, 74
Trd, 4318786.643, 72
Trd, 4318787.543, 139
Trd, 4318788.043, 71
Trd, 4318788.243, 131
Trd, 4318788.593, 132
Trd, 4318789.693, 80
Trd, 4318790.493, 108
Trd, 4318791.093, 124
Trd, 4318791.993, 117
Trd, 4318792.643, 92
Trd, 4318792.693, 77
Trd, 4318793.043, 98
Trd, 4318794.843, 97
Trd, 4318795.593, 127
Trd, 4318796.993, 119
Trd, 4318797.543, 138
Trd, 4318797.843, 131
Trd, 4318798.093, 111
Trd, 4318798.793, 127
Trd, 4318799.493, 103
Trd, 4318799.543, 102
Trd, 4318799.643, 76
Trd, 4318801.243, 125
Trd, 4318801.343, 117
Trd, 4318802.343, 123
Trd, 4318802.943, 137
Trd, 4318803.993, 133
Trd, 4318805.393, 114
Trd, 4318805.543, 94
Trd, 4318805.693, 87
Trd, 4318806.893, 104
Trd, 4318807.843, 108
Trd, 4318808.893, 82
Trd, 4318809.293, 83
Trd, 4318810.093, 89
Trd, 4318810.443, 60
Trd, 4318810.493, 64
Trd, 4318811.443, 64
Trd, 4318811.643, 121
Trd, 4318811.693, 94
Trd, 4318812.193, 119
Trd, 4318813.343, 131
Trd, 4318814.693, 109
Trd, 4318815.393, 112
Trd, 4318816.143, 113
Trd, 4318816.643, 139
Trd, 4318816.893, 121
Trd, 4318817.543, 84
Trd, 4318818.143, 72
Trd, 4318818.443, 129
Trd, 4318818.743, 117
Trd, 4318820.343, 69
Trd, 4318821.493, 64
Trd, 4318821.643, 119
Trd, 4318821.893, 138
Trd, 4318822.243, 125
Trd, 4318822.343, 107
Trd, 4318822.693, 123
Trd, 4318825.043, 101
Trd, 4318825.643, 132
Trd, 4318826.193, 118
Trd, 4318826.543, 124
Trd, 4318826.893, 106
Trd, 4318827.493, 105
Trd, 4318827.593, 91
Trd, 4318827.743, 80
Trd, 4318829.143, 127
Trd, 4318829.943, 65
Trd, 4318830.093, 74
Trd, 4318830.193, 114
Trd, 4318831.593, 61
Trd, 4318831.993, 112
Trd, 4318832.593, 85
Trd, 4318833.943, 137
Trd, 4318834.043, 136
Trd, 4318834.193, 87
Trd, 4318834.493, 113
Trd, 4318835.143, 83
Trd, 4318836.443, 79
Trd, 4318837.793, 92
Trd, 4318837.893, 87
Trd, 4318837.943, 127
Trd, 4318838.893, 129
Trd, 4318839.393, 96
Trd, 4318839.743, 81
Trd, 4318841.343, 131
Trd, 4318841.543, 116
Trd, 4318842.193, 79
Trd, 4318842.693, 79
Trd, 4318843.193, 66
Trd, 4318843.293, 72
Trd, 4318844.343, 89
Trd, 4318845.043, 90
Trd, 4318846.893, 83
Trd, 4318848.193, 123
Trd, 4318848.243, 87
Trd, 4318848.593, 139
Trd, 4318849.543, 115
Trd, 4318850.043, 101
Trd, 4318852.293, 116
Trd, 4318852.493, 128
Trd, 4318852.643, 127
Trd, 4318852.893, 113
Trd, 4318853.393, 86
Trd, 4318853.893, 88
Trd, 4318854.043, 131
Trd, 4318855.243, 129
Trd, 4318855.593, 129
Trd, 4318855.893, 84
Trd, 4318856.993, 115
Trd, 4318857.093, 127
Trd, 4318857.843, 131
Trd, 4318859.043, 112
Trd, 4318859.793, 106
Trd, 4318860.143, 90
Trd, 4318860.993, 100
Trd, 4318861.643, 65
Trd, 4318861.943, 132
Trd, 4318862.193, 97
Trd, 4318863.143, 114
Trd, 4318863.243, 116
Trd, 4318864.643, 122
Trd, 4318864.743, 106
Trd, 4318865.093, 134
Trd, 4318866.743, 78
Trd, 4318866.843, 94
Trd, 4318867.593, 134
Trd, 4318868.143, 72
Trd, 4318869.743, 105
Trd, 4318870.993, 135
Trd, 4318871.593, 111
Trd, 4318871.743, 100
Trd, 4318872.443, 100
Trd, 4318872.943, 114
Trd, 4318873.443, 101
Trd, 4318874.043, 67
Trd, 4318874.293, 78
Trd, 4318874.643, 85
Trd, 4318874.993, 116
Trd, 4318875.943, 128
Trd, 4318877.443, 136
Trd, 4318877.493, 122
Trd, 4318877.543, 98
Trd, 4318878.043, 90
Trd, 4318878.743, 120
Trd, 4318879.293, 92
Trd, 4318879.443, 79
Trd, 4318880.993, 63
Trd, 4318881.593, 63
Trd, 4318881.893, 75
Trd, 4318882.143, 70
Trd, 4318882.443, 123
Trd, 4318883.093, 105
Trd, 4318883.393, 76
Trd, 4318883.843, 134
Trd, 4318884.693, 129
Trd, 4318886.043, 124
Trd, 4318886.243, 92
Trd, 4318886.643, 88
Trd, 4318886.993, 127
Trd, 4318887.443, 109
Trd, 4318888.043, 124
Trd, 4318889.493, 110
Trd, 4318889.543, 106
Trd, 4318889.593, 102
Trd, 4318891.693, 87
Trd, 4318892.043, 137
Trd, 4318892.593, 105
Trd, 4318892.793, 138
Trd, 4318893.643, 114
Trd, 4318894.293, 77
Trd, 4318895.143, 101
Trd, 4318895.293, 104
Trd, 4318896.793, 62
Trd, 4318897.343, 130
Trd, 4318898.693, 134
Trd, 4318899.193, 101
Trd, 4318899.243, 98
Trd, 4318900.693, 133
Trd, 4318901.693, 125
Trd, 4318902.143, 104
Trd, 4318902.643, 107
Trd, 4318903.393, 112
Trd, 4318904.043, 129
Trd, 4318904.243, 114
Trd, 4318905.843, 129
Trd, 4318906.143, 106
Trd, 4318906.293, 87
Trd, 4318906.943, 123
Trd, 4318907.643, 118
Trd, 4318908.143, 100
Trd, 4318908.393, 65
Trd, 4318909.843, 131
Trd, 4318910.593, 115
Trd, 4318910.943, 101
Trd, 4318911.093, 123
Trd, 4318911.643, 107
Trd, 4318911.993, 115
Trd, 4318912.143, 112
Trd, 4318913.493, 61
Trd, 4318914.243, 60
Trd, 4318914.693, 72
Trd, 4318915.343, 72
Trd, 4318916.293, 121
Trd, 4318917.093, 66
Trd, 4318917.593, 93
Trd, 4318918.693, 90
Trd, 4318918.893, 136
Trd, 4318919.243, 89
Trd, 4318919.693, 102
Trd, 4318920.393, 117
Trd, 4318921.393, 68
Trd, 4318922.193, 65
Trd, 4318923.593, 65
Trd, 4318923.643, 72
Trd, 4318924.993, 72
Trd, 4318926.293, 71
Trd, 4318926.493, 118
Trd, 4318928.143, 81
Trd, 4318928.593, 87
Trd, 4318928.643, 98
Trd, 4318929.843, 67
Trd, 4318930.743, 63
Trd, 4318931.193, 60
Trd, 4318931.393, 67
Trd, 4318932.493, 101
Trd, 4318933.193, 95
Trd, 4318933.493, 82
Trd, 4318933.843, 86
Trd, 4318933.993, 95
Trd, 4318935.143, 89
Trd, 4318936.043, 73
Trd, 4318936.243, 71
Trd, 4318936.893, 119
Trd, 4318937.393, 78
Trd, 4318937.693, 88
Trd, 4318938.943, 132
Trd, 4318939.243, 106
Trd, 4318939.793, 125
Trd, 4318939.893, 110
Trd, 4318941.793, 113
Trd, 4318942.393, 114
Trd, 4318942.693, 136
Trd, 4318942.843, 71
Trd, 4318944.943, 125
Trd, 4318945.393, 99
Trd, 4318945.843, 87
Trd, 4318945.993, 67
Trd, 4318946.293, 64
Trd, 4318947.593, 74
Trd, 4318947.643, 84
Trd, 4318948.193, 73
Trd, 4318948.793, 88
Trd, 4318948.943, 97
Trd, 4318950.293, 127
Trd, 4318951.443, 129
Trd, 4318951.493, 79
Trd, 4318953.493, 107
Trd, 4318953.543, 76
Trd, 4318953.843, 111
Trd, 4318953.893, 116
Trd, 4318954.693, 105
Trd, 4318955.393, 130
Trd, 4318956.193, 120
Trd, 4318956.943, 115
Trd, 4318957.493, 74
Trd, 4318958.543, 63
Trd, 4318958.943, 70
Trd, 4318959.443, 81
Trd, 4318961.393, 116
Trd, 4318961.643, 100
Trd, 4318962.293, 79
Trd, 4318962.343, 71
Trd, 4318964.643, 116
Trd, 4318965.093, 131
Trd, 4318965.243, 110
Trd, 4318965.643, 90
Trd, 4318965.893, 87
Trd, 4318966.593, 140
Trd, 4318967.043, 133
Trd, 4318968.793, 120
Trd, 4318969.093, 131
Trd, 4318969.143, 126
Trd, 4318969.643, 121
Trd, 4318969.943, 116
Trd, 4318970.643, 122
Trd, 4318971.093, 106
Trd, 4318971.293, 80
Trd, 4318971.993, 137
Trd, 4318973.793, 118
Trd, 4318974.293, 120
Trd, 4318974.343, 126
Trd, 4318974.643, 99
Trd, 4318975.743, 127
Trd, 4318975.793, 112
Trd, 4318976.843, 116
Trd, 4318977.243, 112
Trd, 4318978.093, 88
Trd, 4318978.693, 99
Trd, 4318979.043, 63
Trd, 4318979.543, 93
Trd, 4318980.343, 94
Trd, 4318980.693, 132
Trd, 4318981.443, 96
Trd, 4318982.293, 85
Trd, 4318982.993, 106
Trd, 4318983.093, 103
Trd, 4318983.243, 102
Trd, 4318984.743, 136
Trd, 4318985.793, 129
Trd, 4318985.943, 86
Trd, 4318986.793, 88
Trd, 4318987.493, 86
Trd, 4318988.043, 93
Trd, 4318988.743, 93
Trd, 4318989.143, 62
Trd, 4318990.243, 94
Trd, 4318990.793, 71
Trd, 4318991.193, 64
Trd, 4318992.543, 102
Trd, 4318993.143, 65
Trd, 4318994.493, 67
Trd, 4318994.693, 69
Trd, 4318995.343, 103
Trd, 4318995.943, 101
Trd, 4318996.293, 102
Trd, 4318996.493, 99
Trd, 4318997.043, 124
Trd, 4318997.343, 84
Trd, 4318997.543, 65
Trd, 4318998.143, 96
Trd, 4318998.943, 112
Trd, 4318999.143, 82
Trd, 4319000.393, 108
Trd, 4319002.493, 76
Trd, 4319002.993, 87
Trd, 4319003.943, 88
Trd, 4319004.793, 92
Trd, 4319005.793, 75
Trd, 4319006.093, 60
Trd, 4319006.543, 70
Trd, 4319007.593, 72
Trd, 4319007.643, 75
Trd, 4319008.493, 71
Trd, 4319009.293, 75
Trd, 4319010.443, 99
Trd, 4319010.993, 101
Trd, 4319012.293, 77
Trd, 4319012.443, 89
Trd, 4319012.743, 108
Trd, 4319013.393, 61
Trd, 4319013.743, 114
Trd, 4319014.643, 85
Trd, 4319015.893, 87
Trd, 4319016.093, 83
Trd, 4319016.643, 92
Trd, 4319017.443, 81
Trd, 4319017.593, 126
Trd, 4319018.743, 92
Trd, 4319020.243, 98
Trd, 4319020.843, 128
Trd, 4319021.543, 96
Trd, 4319022.193, 117
Trd, 4319022.443, 81
Trd, 4319023.143, 98
Trd, 4319023.743, 70
Trd, 4319024.843, 61
Trd, 4319024.943, 78
Trd, 4319026.043, 93
Trd, 4319026.543, 109
Trd, 4319026.693, 78
Trd, 4319026.893, 89
Trd, 4319029.293, 131
Trd, 4319029.993, 120
Trd, 4319030.293, 113
Trd, 4319030.343, 109
Trd, 4319030.843, 109
Trd, 4319030.943, 103
Trd, 4319032.093, 105
Trd, 4319032.243, 88
Trd, 4319032.793, 128
Trd, 4319033.393, 71
Trd, 4319034.193, 71
Trd, 4319034.843, 128
Trd, 4319035.543, 119
Trd, 4319036.893, 67
Trd, 4319036.943, 69
Trd, 4319038.343, 80
Trd, 4319038.393, 63
Trd, 4319039.843, 136
Trd, 4319040.093, 133
Trd, 4319040.593, 101
Trd, 4319040.843, 96
Trd, 4319041.343, 133
Trd, 4319042.193, 115
Trd, 4319042.643, 68
Trd, 4319043.043, 92
Trd, 4319043.943, 128
Trd, 4319044.293, 131
Trd, 4319044.643, 115
Trd, 4319045.443, 128
Trd, 4319046.043, 117
Trd, 4319046.493, 91
Trd, 4319046.543, 76
Trd, 4319046.793, 77
Trd, 4319047.493, 86
Trd, 4319047.943, 131
Trd, 4319048.643, 87
Trd, 4319049.193, 112
Trd, 4319049.293, 94
Trd, 4319050.143, 80
Trd, 4319050.243, 71
Trd, 4319051.293, 110
Trd, 4319051.693, 122
Trd, 4319052.543, 100
Trd, 4319052.793, 96
Trd, 4319053.293, 74
Trd, 4319055.043, 133
Trd, 4319056.293, 104
Trd, 4319056.393, 102
Trd, 4319056.543, 97
Trd, 4319057.143, 139
Trd, 4319057.193, 119
Trd, 4319058.093, 119
Trd, 4319059.643, 136
Trd, 4319060.093, 114
Trd, 4319060.843, 96
Trd, 4319061.543, 89
Trd, 4319061.793, 98
Trd, 4319061.893, 102
Trd, 4319062.293, 114
Trd, 4319064.193, 116
Trd, 4319064.643, 134
Trd, 4319066.143, 140
Trd, 4319067.143, 111
Trd, 4319067.493, 123
Trd, 4319067.693, 105
Trd, 4319067.993, 114
Trd, 4319068.743, 131
Trd, 4319069.193, 126
Trd, 4319069.543, 98
Trd, 4319069.943, 108
Trd, 4319070.043, 89
Trd, 4319070.493, 83
Trd, 4319070.693, 65
Trd, 4319071.493, 129
Trd, 4319072.543, 121
Trd, 4319072.893, 118
Trd, 4319073.793, 83
Trd, 4319074.693, 61
Trd, 4319075.893, 70
Trd, 4319075.943, 81
Trd, 4319076.143, 63
Trd, 4319077.293, 69
Trd, 4319077.343, 88
Trd, 4319077.393, 111
Trd, 4319078.243, 91
Trd, 4319079.143, 103
Trd, 4319079.343, 116
Trd, 4319080.343, 75
Trd, 4319080.493, 94
Trd, 4319081.093, 77
Trd, 4319081.443, 109
Trd, 4319082.443, 68
Trd, 4319083.093, 132
Trd, 4319083.943, 108
Trd, 4319084.193, 103
Trd, 4319085.043, 77
Trd, 4319086.293, 84
Trd, 4319087.293, 76
Trd, 4319088.343, 64
Trd, 4319088.543, 107
Trd, 4319088.893, 126
Trd, 4319090.693, 123
Trd, 4319090.843, 121
Trd, 4319090.893, 115
Trd, 4319090.993, 108
Trd, 4319092.543, 124
Trd, 4319092.643, 71
Trd, 4319093.343, 84
Trd, 4319094.443, 129
Trd, 4319095.143, 139
Trd, 4319096.693, 140
Trd, 4319096.993, 108
Trd, 4319097.543, 135
Trd, 4319098.393, 128
Trd, 4319098.593, 123
Trd, 4319098.843, 109
Trd, 4319099.543, 120
Trd, 4319100.243, 79
Trd, 4319100.643, 64
Trd, 4319101.643, 61
Trd, 4319102.043, 69
Trd, 4319102.193, 80
Trd, 4319102.743, 84
Trd, 4319103.593, 118
Trd, 4319103.643, 126
Trd, 4319104.543, 121
Trd, 4319105.193, 90
Trd, 4319105.843, 126
Trd, 4319105.993, 96
Trd, 4319106.293, 136
Trd, 4319107.693, 106
Trd, 4319108.943, 124
Trd, 4319109.243, 102
Trd, 4319109.293, 101
Trd, 4319109.843, 70
Trd, 4319111.293, 79
Trd, 4319112.293, 68
Trd, 4319112.593, 86
Trd, 4319112.793, 75
Trd, 4319113.293, 89
Trd, 4319113.743, 91
Trd, 4319114.293, 60
Trd, 4319115.293, 90
Trd, 4319116.043, 94
Trd, 4319116.143, 72
Trd, 4319116.293, 105
Trd, 4319116.593, 117
Trd, 4319117.493, 98
Trd, 4319118.043, 66
Trd, 4319118.443, 72
Trd, 4319119.343, 137
Trd, 4319120.743, 121
Trd, 4319121.093, 121
Trd, 4319121.743, 139
Trd, 4319121.843, 100
Trd, 4319122.093, 105
Trd, 4319123.593, 87
Trd, 4319123.743, 128
Trd, 4319124.293, 127
Trd, 4319125.143, 101
Trd, 4319125.743, 60
Trd, 4319126.243, 63
Trd, 4319127.693, 108
Trd, 4319128.143, 69
Trd, 4319129.793, 80
Trd, 4319129.993, 77
Trd, 4319130.193, 73
Trd, 4319131.043, 63
Trd, 4319131.543, 100
Trd, 4319131.993, 60
Trd, 4319132.293, 84
Trd, 4319132.793, 97
Trd, 4319133.243, 106
Trd, 4319133.443, 73
Trd, 4319134.893, 113
Trd, 4319135.943, 137
Trd, 4319137.543, 98
Trd, 4319137.643, 93
Trd, 4319138.143, 82
Trd, 4319138.243, 93
Trd, 4319138.493, 120
Trd, 4319139.043, 117
Trd, 4319140.693, 62
Trd, 4319141.393, 67
Trd, 4319142.293, 75
Trd, 4319142.693, 97
Trd, 4319143.343, 74
Trd, 4319143.543, 121
Trd, 4319143.893, 73
Trd, 4319145.293, 67
Trd, 4319145.693, 62
Trd, 4319145.993, 108
Trd, 4319147.543, 93
Trd, 4319147.893, 91
Trd, 4319148.343, 112
Trd, 4319149.193, 72
Trd, 4319149.393, 115
Trd, 4319149.643, 129
Trd, 4319150.043, 126
Trd, 4319150.243, 128
Trd, 4319150.743, 61
Trd, 4319151.343, 98
Trd, 4319152.393, 104
Trd, 4319152.443, 86
Trd, 4319153.193, 85
Trd, 4319153.993, 76
Trd, 4319154.493, 124
Trd, 4319155.543, 76
Trd, 4319156.493, 94
Trd, 4319157.193, 78
Trd, 4319157.543, 89
Trd, 4319158.493, 79
Trd, 4319159.043, 70
Trd, 4319159.443, 125
Trd, 4319160.743, 61
Trd, 4319160.793, 64
Trd, 4319161.193, 132
Trd, 4319161.593, 82
Trd, 4319162.693, 64
Trd, 4319164.093, 69
Trd, 4319164.793, 86
Trd, 4319164.943, 75
Trd, 4319165.143, 101
Trd, 4319165.493, 77
Trd, 4319166.243, 113
Trd, 4319167.743, 138
Trd, 4319168.593, 120
Trd, 4319168.893, 115
Trd, 4319168.993, 109
Trd, 4319169.493, 64
Trd, 4319169.693, 77
Trd, 4319170.093, 130
Trd, 4319170.993, 101
Trd, 4319171.143, 100
Trd, 4319171.893, 129
Trd, 4319172.493, 126
Trd, 4319172.743, 99
Trd, 4319173.593, 132
Trd, 4319175.393, 119
Trd, 4319175.643, 97
Trd, 4319175.843, 128
Trd, 4319176.043, 117
Trd, 4319176.843, 125
Trd, 4319178.193, 65
Trd, 4319178.293, 128
Trd, 4319178.893, 62
Trd, 4319179.043, 75
Trd, 4319180.093, 91
Trd, 4319180.543, 94
Trd, 4319181.593, 62
Trd, 4319182.093, 83
Trd, 4319182.743, 108
Trd, 4319183.393, 135
Trd, 4319183.443, 121
Trd, 4319184.693, 129
Trd, 4319184.893, 134
Trd, 4319185.293, 93
Trd, 4319185.743, 88
Trd, 4319186.393, 85
Trd, 4319187.043, 122
Trd, 4319188.043, 108
Trd, 4319188.193, 75
Trd, 4319188.343, 72
Trd, 4319189.043, 132
Trd, 4319189.693, 128
Trd, 4319190.343, 97
Trd, 4319190.793, 71
Trd, 4319191.993, 118
Trd, 4319193.243, 91
Trd, 4319194.093, 92
Trd, 4319194.693, 84
Trd, 4319194.743, 70
Trd, 4319194.993, 103
Trd, 4319195.893, 114
Trd, 4319196.943, 85
Trd, 4319198.493, 84
Trd, 4319198.743, 110
Trd, 4319198.793, 116
Trd, 4319199.993, 124
Trd, 4319200.243, 76
Trd, 4319200.643, 91
Trd, 4319200.893, 62
Trd, 4319202.193, 118
Trd, 4319202.643, 71
Trd, 4319203.293, 107
Trd, 4319203.693, 70
Trd, 4319204.043, 73
Trd, 4319204.643, 80
Trd, 4319204.943, 76
Trd, 4319205.993, 129
Trd, 4319206.543, 104
Trd, 4319207.593, 99
Trd, 4319208.443, 73
Trd, 4319210.293, 91
Trd, 4319210.843, 100
Trd, 4319211.443, 123
Trd, 4319211.943, 104
Trd, 4319212.043, 105
Trd, 4319213.493, 85
Trd, 4319214.193, 92
Trd, 4319215.143, 100
Trd, 4319215.843, 119
Trd, 4319216.093, 133
Trd, 4319216.543, 118
Trd, 4319217.793, 116
Trd, 4319217.893, 103
Trd, 4319218.593, 113
Trd, 4319218.893, 101
Trd, 4319220.593, 136
Trd, 4319221.743, 112
Trd, 4319222.543, 79
Trd, 4319222.893, 86
Trd, 4319223.343, 67
Trd, 4319224.443, 66
Trd, 4319224.793, 102
Trd, 4319226.293, 124
Trd, 4319226.843, 96
Trd, 4319227.193, 128
Trd, 4319227.643, 64
Trd, 4319228.743, 138
Trd, 4319229.693, 98
Trd, 4319230.893, 89
Trd, 4319231.093, 107
Trd, 4319231.993, 62
Trd, 4319232.193, 110
Trd, 4319232.643, 111
Trd, 4319234.693, 97
Trd, 4319235.093, 123
Trd, 4319235.393, 104
Trd, 4319235.543, 84
Trd, 4319235.893, 97
Trd, 4319236.593, 131
Trd, 4319237.293, 61
Trd, 4319238.143, 101
Trd, 4319238.393, 61
Trd, 4319238.993, 69
Trd, 4319239.243, 97
Trd, 4319239.843, 125
Trd, 4319241.693, 106
Trd, 4319242.943, 113
Trd, 4319243.243, 117
Trd, 4319244.193, 109
Trd, 4319245.493, 109
Trd, 4319246.043, 82
Trd, 4319246.093, 66
Trd, 4319246.743, 82
Trd, 4319247.293, 72
Trd, 4319247.693, 96
Trd, 4319247.993, 69
Trd, 4319249.293, 74
Trd, 4319249.643, 73
Trd, 4319249.793, 74
Trd, 4319250.793, 114
Trd, 4319251.143, 79
Trd, 4319251.593, 104
Trd, 4319252.243, 116
Trd, 4319252.943, 122
Trd, 4319253.893, 117
Trd, 4319254.093, 83
Trd, 4319254.693, 84
Trd, 4319255.593, 88
Trd, 4319256.243, 102
Trd, 4319256.393, 80
Trd, 4319256.893, 128
Trd, 4319257.493, 119
Trd, 4319257.693, 107
Trd, 4319258.593, 83
Trd, 4319259.993, 108
Trd, 4319260.793, 94
Trd, 4319261.093, 95
Trd, 4319262.443, 76
Trd, 4319262.543, 102
Trd, 4319262.743, 132
Trd, 4319263.293, 101
Trd, 4319264.393, 62
Trd, 4319264.843, 74
Trd, 4319265.443, 61
Trd, 4319265.493, 63
Trd, 4319266.743, 100
Trd, 4319268.193, 139
Trd, 4319268.593, 117
Trd, 4319269.093, 116
Trd, 4319269.743, 119
Trd, 4319270.293, 131
Trd, 4319270.393, 102
Trd, 4319271.693, 84
Trd, 4319273.143, 99
Trd, 4319273.993, 107
Trd, 4319274.543, 65
Trd, 4319274.843, 100
Trd, 4319276.393, 107
Trd, 4319276.543, 106
Trd, 4319276.693, 110
Trd, 4319277.143, 74
Trd, 4319277.543, 105
Trd, 4319278.343, 113
Trd, 4319279.543, 76
Trd, 4319279.843, 89
Trd, 4319280.443, 84
Trd, 4319281.243, 63
Trd, 4319281.993, 130
Trd, 4319283.093, 109
Trd, 4319283.393, 116
Trd, 4319284.243, 109
Trd, 4319285.093, 82
Trd, 4319285.543, 87
Trd, 4319286.043, 110
Trd, 4319286.193, 117
Trd, 4319287.393, 127
Trd, 4319288.193, 114
Trd, 4319288.793, 117
Trd, 4319288.993, 107
Trd, 4319291.343, 121
Trd, 4319291.693, 118
Trd, 4319292.343, 129
Trd, 4319293.393, 109
Trd, 4319293.443, 89
Trd, 4319294.493, 134
Trd, 4319294.743, 68
Trd, 4319294.993, 97
Trd, 4319295.343, 89
Trd, 4319296.193, 110
Trd, 4319297.043, 63
Trd, 4319298.343, 137
Trd, 4319298.393, 97
Trd, 4319299.443, 96
Trd, 4319300.843, 116
Trd, 4319301.443, 96
Trd, 4319301.643, 119
Trd, 4319302.293, 140
Trd, 4319303.293, 137
Trd, 4319303.443, 125
Trd, 4319304.743, 83
Trd, 4319305.343, 106
Trd, 4319306.343, 77
Trd, 4319306.593, 134
Trd, 4319307.193, 99
Trd, 4319307.543, 108
Trd, 4319308.043, 105
Trd, 4319308.193, 89
Trd, 4319308.693, 113
Trd, 4319309.443, 88
Trd, 4319309.893, 113
Trd, 4319312.243, 103
Trd, 4319312.943, 135
Trd, 4319312.993, 127
Trd, 4319313.193, 127
Trd, 4319314.593, 89
Trd, 4319314.793, 61
Trd, 4319315.893, 99
Trd, 4319316.593, 99
Trd, 4319316.743, 90
Trd, 4319318.493, 91
Trd, 4319318.693, 89
Trd, 4319319.293, 113
Trd, 4319319.843, 131
Trd, 4319320.943, 108
Trd, 4319321.243, 63
Trd, 4319321.693, 60
Trd, 4319322.343, 61
Trd, 4319323.843, 65
Trd, 4319324.093, 63
Trd, 4319325.293, 92
Trd, 4319325.343, 97
Trd, 4319325.393, 89
Trd, 4319325.793, 66
Trd, 4319327.093, 76
Trd, 4319327.393, 112
Trd, 4319327.743, 92
Trd, 4319327.943, 134
Trd, 4319328.743, 72
Trd, 4319329.443, 93
Trd, 4319330.243, 82
Trd, 4319331.543, 88
Trd, 4319332.093, 73
Trd, 4319332.443, 108
Trd, 4319332.593, 100
Trd, 4319333.443, 93
Trd, 4319334.793, 63
Trd, 4319334.993, 67
Trd, 4319335.593, 67
Trd, 4319336.593, 114
Trd, 4319337.143, 94
Trd, 4319338.093, 135
Trd, 4319339.443, 131
Trd, 4319339.643, 99
Trd, 4319339.743, 84
Trd, 4319339.793, 84
Trd, 4319340.043, 110
Trd, 4319340.993, 94
Trd, 4319341.593, 65
Trd, 4319342.893, 81
Trd, 4319343.443, 107
Trd, 4319343.693, 120
Trd, 4319344.593, 107
Trd, 4319344.943, 98
Trd, 4319345.543, 107
Trd, 4319346.743, 71
Trd, 4319347.193, 72
Trd, 4319348.043, 68
Trd, 4319348.743, 138
Trd, 4319350.693, 112
Trd, 4319351.493, 137
Trd, 4319351.643, 129
Trd, 4319352.343, 120
Trd, 4319352.593, 110
Trd, 4319352.743, 110
Trd, 4319354.193, 102
Trd, 4319354.643, 91
Trd, 4319354.793, 71
Trd, 4319355.393, 67
Trd, 4319355.543, 111
Trd, 4319356.793, 66
Trd, 4319356.893, 113
Trd, 4319358.093, 114
Trd, 4319358.193, 111
Trd, 4319359.293, 81
Trd, 4319360.393, 69
Trd, 4319360.893, 112
Trd, 4319361.293, 84
Trd, 4319361.493, 100
Trd, 4319362.143, 130
Trd, 4319362.793, 134
Trd, 4319363.543, 97
Trd, 4319363.643, 113
Trd, 4319365.093, 61
Trd, 4319365.543, 92
Trd, 4319366.043, 111
Trd, 4319366.193, 96
Trd, 4319366.643, 114
Trd, 4319367.743, 117
Trd, 4319367.793, 111
Trd, 4319368.743, 113
Trd, 4319368.993, 87
Trd, 4319371.193, 133
Trd, 4319371.543, 116
Trd, 4319371.593, 112
Trd, 4319373.193, 119
Trd, 4319374.093, 110
Trd, 4319375.093, 130
Trd, 4319375.243, 101
Trd, 4319375.643, 137
Trd, 4319376.243, 135
Trd, 4319376.943, 113
Trd, 4319378.493, 60
Trd, 4319378.543, 88
Trd, 4319379.243, 139
Trd, 4319379.843, 130
Trd, 4319381.243, 129
Trd, 4319381.843, 93
Trd, 4319382.193, 89
Trd, 4319382.843, 95
Trd, 4319383.643, 79
Trd, 4319384.243, 62
Trd, 4319384.793, 91
Trd, 4319385.443, 107
Trd, 4319385.643, 79
Trd, 4319386.093, 82
Trd, 4319386.593, 77
Trd, 4319386.693, 71
Trd, 4319387.443, 93
Trd, 4319387.943, 62
Trd, 4319388.743, 112
Trd, 4319389.093, 62
Trd, 4319389.593, 63
Trd, 4319389.793, 66
Trd, 4319391.693, 63
Trd, 4319392.843, 76
Trd, 4319392.893, 104
Trd, 4319393.593, 84
Trd, 4319393.793, 78
Trd, 4319394.293, 82
Trd, 4319394.743, 73
Trd, 4319396.343, 61
Trd, 4319397.043, 74
Trd, 4319397.343, 76
Trd, 4319397.493, 104
Trd, 4319398.093, 121
Trd, 4319398.243, 115
Trd, 4319398.793, 63
Trd, 4319399.443, 111
Trd, 4319399.593, 122
Trd, 4319401.093, 86
Trd, 4319401.893, 60
Trd, 4319402.143, 62
Trd, 4319402.443, 108
Trd, 4319402.993, 113
Trd, 4319403.343, 91
Trd, 4319404.143, 102
Trd, 4319405.143, 97
Trd, 4319405.843, 88
Trd, 4319406.193, 90
Trd, 4319406.943, 80
Trd, 4319408.093, 128
Trd, 4319408.443, 101
Trd, 4319408.493, 101
Trd, 4319408.593, 103
Trd, 4319409.343, 109
Trd, 4319410.493, 140
Trd, 4319411.093, 131
Trd, 4319411.443, 112
Trd, 4319412.143, 68
Trd, 4319412.343, 70
Trd, 4319413.043, 65
Trd, 4319413.993, 117
Trd, 4319414.093, 111
Trd, 4319414.643, 120
Trd, 4319415.193, 108
Trd, 4319416.893, 109
Trd, 4319417.193, 97
Trd, 4319417.243, 81
Trd, 4319417.543, 73
Trd, 4319418.043, 92
Trd, 4319418.193, 81
Trd, 4319418.293, 97
Trd, 4319419.043, 98
Trd, 4319420.193, 128
Trd, 4319420.343, 123
Trd, 4319420.793, 77
Trd, 4319422.293, 118
Trd, 4319423.793, 115
Trd, 4319424.143, 93
Trd, 4319425.243, 99
Trd, 4319425.793, 85
Trd, 4319427.743, 128
Trd, 4319427.793, 106
Trd, 4319427.993, 99
Trd, 4319428.093, 96
Trd, 4319428.443, 112
Trd, 4319428.543, 90
Trd, 4319428.743, 122
Trd, 4319429.343, 112
Trd, 4319429.493, 139
Trd, 4319430.593, 71
Trd, 4319431.543, 109
Trd, 4319432.243, 85
Trd, 4319432.593, 105
Trd, 4319433.543, 82
Trd, 4319435.193, 74
Trd, 4319435.343, 81
Trd, 4319435.893, 63
Trd, 4319437.043, 81
Trd, 4319437.843, 118
Trd, 4319438.743, 94
Trd, 4319438.843, 78
Trd, 4319440.093, 132
Trd, 4319441.443, 102
Trd, 4319441.743, 95
Trd, 4319442.043, 60
Trd, 4319443.443, 91
Trd, 4319443.593, 75
Trd, 4319443.943, 111
Trd, 4319444.843, 71
Trd, 4319445.593, 88
Trd, 4319446.493, 111
Trd, 4319447.193, 120
Trd, 4319447.743, 94
Trd, 4319448.593, 117
Trd, 4319448.793, 84
Trd, 4319449.293, 62
Trd, 4319449.393, 75
Trd, 4319449.943, 84
Trd, 4319450.593, 69
Trd, 4319451.343, 86
Trd, 4319452.443, 65
Trd, 4319453.193, 77
Trd, 4319453.293, 76
Trd, 4319453.493, 62
Trd, 4319454.143, 113
Trd, 4319454.893, 90
Trd, 4319455.143, 118
Trd, 4319456.543, 107
Trd, 4319457.093, 89
Trd, 4319457.843, 72
Trd, 4319458.143, 76
Trd, 4319459.743, 119
Trd, 4319460.293, 113
Trd, 4319460.343, 99
Trd, 4319461.043, 103
Trd, 4319461.343, 102
Trd, 4319461.693, 110
Trd, 4319461.793, 140
Trd, 4319462.343, 77
Trd, 4319463.093, 113
Trd, 4319463.943, 83
Trd, 4319464.293, 106
Trd, 4319465.243, 107
Trd, 4319465.993, 112
Trd, 4319466.443, 70
Trd, 4319467.093, 81
Trd, 4319467.343, 89
Trd, 4319467.993, 118
Trd, 4319468.593, 85
Trd, 4319469.293, 120
Trd, 4319469.693, 130
Trd, 4319470.493, 139
Trd, 4319472.443, 99
Trd, 4319472.643, 110
Trd, 4319473.193, 115
Trd, 4319473.243, 83
Trd, 4319474.193, 123
Trd, 4319474.343, 126
Trd, 4319475.143, 106
Trd, 4319475.243, 65
Trd, 4319476.193, 105
Trd, 4319477.593, 118
Trd, 4319477.943, 92
Trd, 4319478.643, 95
Trd, 4319479.293, 127
Trd, 4319479.393, 105
Trd, 4319480.493, 113
Trd, 4319480.543, 120
Trd, 4319481.093, 129
Trd, 4319481.693, 66
Trd, 4319482.393, 75
Trd, 4319483.193, 84
Trd, 4319483.743, 122
Trd, 4319484.793, 115
Trd, 4319485.743, 85
Trd, 4319485.993, 83
Trd, 4319486.093, 97
Trd, 4319487.193, 104
Trd, 4319487.243, 94
Trd, 4319487.343, 121
Trd, 4319488.693, 95
Trd, 4319489.593, 78
Trd, 4319489.743, 99
Trd, 4319491.293, 122
Trd, 4319491.593, 117
Trd, 4319492.143, 117
Trd, 4319492.943, 127
Trd, 4319493.593, 123
Trd, 4319495.443, 137
Trd, 4319495.493, 131
Trd, 4319495.693, 121
Trd, 4319495.943, 112
Trd, 4319496.893, 77
Trd, 4319498.293, 139
Trd, 4319499.143, 105
Trd, 4319499.443, 116
Trd, 4319499.643, 86
Trd, 4319499.793, 111
Trd, 4319500.943, 93
Trd, 4319502.293, 85
Trd, 4319503.343, 109
Trd, 4319503.393, 105
Trd, 4319504.393, 78
Trd, 4319504.793, 109
Trd, 4319505.193, 69
Trd, 4319505.393, 74
Trd, 4319506.043, 126
Trd, 4319506.743, 120
Trd, 4319506.943, 112
Trd, 4319508.193, 85
Trd, 4319508.543, 80
Trd, 4319509.443, 75
Trd, 4319509.793, 61
Trd, 4319510.093, 63
Trd, 4319510.843, 89
Trd, 4319512.543, 125
Trd, 4319512.693, 115
Trd, 4319513.343, 133
Trd, 4319514.393, 117
Trd, 4319514.643, 107
Trd, 4319514.843, 128
Trd, 4319514.893, 102
Trd, 4319515.093, 61
Trd, 4319516.693, 67
Trd, 4319517.143, 71
Trd, 4319517.693, 66
Trd, 4319520.193, 140
Trd, 4319520.593, 137
Trd, 4319520.743, 117
Trd, 4319521.343, 113
Trd, 4319521.443, 70
Trd, 4319521.743, 111
Trd, 4319522.143, 114
Trd, 4319522.393, 91
Trd, 4319522.643, 135
Trd, 4319524.493, 140
Trd, 4319524.543, 138
Trd, 4319525.243, 113
Trd, 4319525.643, 122
Trd, 4319525.793, 103
Trd, 4319525.843, 71
Trd, 4319526.093, 114
Trd, 4319528.593, 62
Trd, 4319529.143, 63
Trd, 4319529.493, 136
Trd, 4319529.793, 67
Trd, 4319530.343, 74
Trd, 4319530.393, 104
Trd, 4319531.393, 61
Trd, 4319532.293, 113
Trd, 4319532.543, 133
Trd, 4319532.843, 66
Trd, 4319533.443, 91
Trd, 4319534.343, 74
Trd, 4319535.493, 119
Trd, 4319536.043, 136
Trd, 4319536.343, 125
Trd, 4319537.343, 107
Trd, 4319537.693, 79
Trd, 4319539.043, 129
Trd, 4319539.993, 119
Trd, 4319540.593, 135
Trd, 4319540.693, 112
Trd, 4319541.093, 83
Trd, 4319541.193, 92
Trd, 4319541.993, 66
Trd, 4319543.443, 138
Trd, 4319544.743, 73
Trd, 4319544.793, 98
Trd, 4319544.943, 105
Trd, 4319545.043, 91
Trd, 4319545.743, 65
Trd, 4319546.193, 86
Trd, 4319547.393, 73
Trd, 4319547.643, 73
Trd, 4319548.343, 65
Trd, 4319548.993, 68
Trd, 4319549.193, 101
Trd, 4319549.493, 125
Trd, 4319549.993, 79
Trd, 4319550.243, 88
Trd, 4319550.943, 107
Trd, 4319551.843, 100
Trd, 4319551.993, 62
Trd, 4319552.793, 133
Trd, 4319554.593, 69
Trd, 4319555.743, 111
Trd, 4319556.243, 117
Trd, 4319556.943, 125
Trd, 4319557.843, 75
Trd, 4319558.443, 78
Trd, 4319559.543, 114
Trd, 4319560.493, 69
Trd, 4319560.543, 81
Trd, 4319561.043, 111
Trd, 4319561.243, 90
Trd, 4319561.693, 68
Trd, 4319562.743, 63
Trd, 4319564.143, 94
Trd, 4319564.293, 120
Trd, 4319565.093, 96
Trd, 4319565.993, 129
Trd, 4319566.343, 134
Trd, 4319566.693, 133
Trd, 4319567.493, 60
Trd, 4319568.093, 86
Trd, 4319569.143, 92
Trd, 4319569.743, 99
Trd, 4319569.993, 94
Trd, 4319570.593, 63
Trd, 4319571.543, 135
Trd, 4319572.243, 126
Trd, 4319572.443, 89
Trd, 4319572.593, 103
Trd, 4319573.193, 114
Trd, 4319574.143, 72
Trd, 4319574.543, 116
Trd, 4319574.743, 114
Trd, 4319576.143, 71
Trd, 4319577.193, 71
Trd, 4319577.743, 69
Trd, 4319579.043, 74
Trd, 4319579.393, 99
Trd, 4319579.793, 124
Trd, 4319580.643, 91
Trd, 4319580.993, 104
Trd, 4319581.643, 85
Trd, 4319583.293, 140
Trd, 4319583.343, 107
Trd, 4319583.993, 123
Trd, 4319584.243, 77
Trd, 4319585.443, 69
Trd, 4319585.743, 61
Trd, 4319586.243, 72
Trd, 4319586.343, 72
Trd, 4319586.593, 94
Trd, 4319588.193, 79
Trd, 4319588.893, 76
Trd, 4319589.343, 103
Trd, 4319590.143, 103
Trd, 4319591.043, 127
Trd, 4319591.193, 111
Trd, 4319591.643, 95
Trd, 4319592.393, 90
Trd, 4319592.543, 122
Trd, 4319592.993, 94
Trd, 4319594.293, 99
Trd, 4319594.543, 103
Trd, 4319594.943, 63
Trd, 4319596.543, 62
Trd, 4319596.893, 62
Trd, 4319598.093, 103
Trd, 4319599.043, 100
Trd, 4319599.093, 115
Trd, 4319599.193, 104
Trd, 4319599.243, 90
Trd, 4319601.393, 60
Trd, 4319602.443, 112
Trd, 4319602.943, 91
Trd, 4319603.193, 87
Trd, 4319603.343, 101
Trd, 4319603.743, 60
Trd, 4319604.443, 108
Trd, 4319606.293, 70
Trd, 4319606.493, 76
Trd, 4319606.743, 97
Trd, 4319607.843, 113
Trd, 4319608.393, 118
Trd, 4319609.243, 84
Trd, 4319609.693, 81
Trd, 4319611.243, 71
Trd, 4319611.643, 61
Trd, 4319611.693, 65
Trd, 4319611.893, 76
Trd, 4319612.743, 64
Trd, 4319613.543, 72
Trd, 4319614.143, 133
Trd, 4319614.993, 68
Trd, 4319615.543, 108
Trd, 4319615.893, 76
Trd, 4319616.893, 93
Trd, 4319617.043, 68
Trd, 4319617.893, 86
Trd, 4319618.593, 125
Trd, 4319618.743, 136
Trd, 4319618.893, 95
Trd, 4319620.143, 139
Trd, 4319621.443, 112
Trd, 4319621.943, 102
Trd, 4319622.793, 133
Trd, 4319623.793, 66
Trd, 4319623.893, 61
Trd, 4319624.293, 87
Trd, 4319624.543, 103
Trd, 4319625.393, 108
Trd, 4319625.793, 127
Trd, 4319626.343, 122
Trd, 4319627.293, 73
Trd, 4319627.843, 85
Trd, 4319628.543, 61
Trd, 4319629.343, 60
Trd, 4319629.543, 64
Trd, 4319629.643, 68
Trd, 4319629.843, 89
Trd, 4319632.193, 137
Trd, 4319632.293, 89
Trd, 4319632.593, 101
Trd, 4319632.743, 70
Trd, 4319633.393, 89
Trd, 4319634.043, 72
Trd, 4319634.593, 79
Trd, 4319637.193, 94
Trd, 4319637.493, 105
Trd, 4319637.693, 97
Trd, 4319639.043, 114
Trd, 4319639.343, 97
Trd, 4319639.743, 87
Trd, 4319640.693, 81
Trd, 4319641.943, 102
Trd, 4319642.593, 126
Trd, 4319642.843, 117
Trd, 4319643.043, 117
Trd, 4319644.393, 100
Trd, 4319644.843, 72
Trd, 4319646.043, 116
Trd, 4319646.843, 82
Trd, 4319646.893, 81
Trd, 4319648.343, 60
Trd, 4319649.143, 77
Trd, 4319649.843, 60
Trd, 4319650.193, 67
Trd, 4319650.543, 74
Trd, 4319651.643, 82
Trd, 4319652.493, 86
Trd, 4319652.543, 120
Trd, 4319653.193, 77
Trd, 4319654.593, 70
Trd, 4319654.743, 67
Trd, 4319655.093, 61
Trd, 4319655.293, 129
Trd, 4319655.943, 106
Trd, 4319657.093, 117
Trd, 4319657.893, 124
Trd, 4319658.043, 104
Trd, 4319658.993, 102
Trd, 4319659.343, 93
Trd, 4319661.343, 129
Trd, 4319661.393, 111
Trd, 4319661.993, 100
Trd, 4319662.143, 135
Trd, 4319662.293, 86
Trd, 4319662.843, 82
Trd, 4319663.493, 104
Trd, 4319664.743, 117
Trd, 4319664.893, 106
Trd, 4319665.693, 117
Trd, 4319666.243, 106
Trd, 4319666.893, 111
Trd, 4319667.443, 83
Trd, 4319667.693, 64
Trd, 4319668.943, 80
Trd, 4319668.993, 118
Trd, 4319670.843, 131
Trd, 4319671.043, 115
Trd, 4319671.143, 109
Trd, 4319671.893, 85
Trd, 4319672.043, 103
Trd, 4319672.843, 115
Trd, 4319673.593, 138
Trd, 4319673.743, 73
Trd, 4319674.343, 96
Trd, 4319675.193, 103
Trd, 4319676.793, 117
Trd, 4319676.843, 107
Trd, 4319677.693, 88
Trd, 4319678.393, 136
Trd, 4319679.243, 120
Trd, 4319679.843, 120
Trd, 4319680.843, 86
Trd, 4319680.943, 84
Trd, 4319681.643, 123
Trd, 4319681.993, 134
Trd, 4319683.043, 77
Trd, 4319684.293, 85
Trd, 4319684.443, 127
Trd, 4319685.143, 127
Trd, 4319685.593, 110
Trd, 4319685.693, 97
Trd, 4319687.343, 116
Trd, 4319687.943, 104
Trd, 4319689.293, 97
Trd, 4319689.793, 103
Trd, 4319689.893, 122
Trd, 4319690.443, 102
Trd, 4319690.943, 74
Trd, 4319691.293, 94
Trd, 4319692.993, 61
Trd, 4319693.793, 114
Trd, 4319693.943, 87
Trd, 4319694.893, 102
Trd, 4319695.443, 101
Trd, 4319695.793, 93
Trd, 4319696.143, 80
Trd, 4319696.893, 108
Trd, 4319696.993, 105
Trd, 4319697.743, 132
Trd, 4319697.843, 76
Trd, 4319698.943, 137
Trd, 4319699.043, 105
Trd, 4319699.493, 70
Trd, 4319699.543, 68
Trd, 4319700.443, 67
Trd, 4319701.593, 106
Trd, 4319702.543, 134
Trd, 4319703.043, 117
Trd, 4319703.243, 109
Trd, 4319703.393, 106
Trd, 4319704.293, 103
Trd, 4319705.443, 131
Trd, 4319706.693, 101
Trd, 4319706.943, 74
Trd, 4319707.093, 104
Trd, 4319707.593, 94
Trd, 4319707.943, 75
Trd, 4319708.493, 64
Trd, 4319708.693, 96
Trd, 4319710.843, 133
Trd, 4319711.043, 110
Trd, 4319712.543, 117
Trd, 4319712.893, 126
Trd, 4319713.293, 98
Trd, 4319713.393, 90
Trd, 4319714.143, 104
Trd, 4319715.243, 115
Trd, 4319715.893, 80
Trd, 4319716.893, 95
Trd, 4319717.193, 136
Trd, 4319719.843, 129
Trd, 4319719.993, 81
Trd, 4319720.143, 140
Trd, 4319720.443, 74
Trd, 4319720.843, 71
Trd, 4319721.093, 112
Trd, 4319721.493, 122
Trd, 4319721.843, 127
Trd, 4319722.793, 140
Trd, 4319722.993, 133
Trd, 4319723.243, 126
Trd, 4319723.493, 107
Trd, 4319724.693, 123
Trd, 4319725.043, 78
Trd, 4319726.343, 106
Trd, 4319726.643, 89
Trd, 4319726.793, 86
Trd, 4319727.143, 60
Trd, 4319728.843, 139
Trd, 4319729.043, 113
Trd, 4319730.193, 126
Trd, 4319730.693, 93
Trd, 4319731.493, 122
Trd, 4319732.343, 109
Trd, 4319732.443, 106
Trd, 4319732.693, 101
Trd, 4319733.043, 73
Trd, 4319735.293, 113
Trd, 4319735.743, 98
Trd, 4319736.693, 130
Trd, 4319736.893, 123
Trd, 4319737.143, 76
Trd, 4319737.343, 77
Trd, 4319737.543, 62
Trd, 4319739.043, 60
Trd, 4319739.293, 70
Trd, 4319740.193, 73
Trd, 4319740.843, 96
Trd, 4319741.093, 119
Trd, 4319742.493, 130
Trd, 4319743.743, 127
Trd, 4319743.943, 102
Trd, 4319744.393, 120
Trd, 4319744.693, 92
Trd, 4319744.993, 114
Trd, 4319745.893, 64
Trd, 4319746.893, 137
Trd, 4319747.693, 140
Trd, 4319748.193, 122
Trd, 4319748.293, 119
Trd, 4319749.193, 138
Trd, 4319749.643, 110
Trd, 4319750.143, 103
Trd, 4319750.593, 80
Trd, 4319750.993, 71
Trd, 4319751.093, 83
Trd, 4319752.893, 140
Trd, 4319753.243, 103
Trd, 4319754.543, 120
Trd, 4319755.243, 115
Trd, 4319755.893, 110
Trd, 4319756.693, 74
Trd, 4319757.843, 99
Trd, 4319758.193, 103
Trd, 4319758.393, 102
Trd, 4319758.893, 130
Trd, 4319759.593, 125
Trd, 4319760.093, 95
Trd, 4319760.443, 94
Trd, 4319760.593, 136
Trd, 4319761.093, 63
Trd, 4319761.693, 125
Trd, 4319763.343, 110
Trd, 4319763.693, 139
Trd, 4319763.993, 96
Trd, 4319764.943, 103
Trd, 4319765.493, 109
Trd, 4319765.743, 131
Trd, 4319765.843, 103
Trd, 4319766.793, 83
Trd, 4319767.343, 70
Trd, 4319769.343, 71
Trd, 4319769.943, 83
Trd, 4319770.093, 87
Trd, 4319770.293, 92
Trd, 4319771.293, 62
Trd, 4319772.043, 62
Trd, 4319772.293, 136
Trd, 4319772.743, 136
Trd, 4319773.893, 77
Trd, 4319773.943, 71
Trd, 4319775.143, 115
Trd, 4319775.493, 98
Trd, 4319775.943, 119
Trd, 4319776.193, 115
Trd, 4319776.743, 139
Trd, 4319776.843, 128
Trd, 4319777.693, 138
Trd, 4319778.193, 134
Trd, 4319779.293, 139
Trd, 4319779.743, 76
Trd, 4319780.143, 96
Trd, 4319780.493, 67
Trd, 4319780.693, 104
Trd, 4319781.443, 135
Trd, 4319781.643, 125
Trd, 4319782.893, 117
Trd, 4319783.493, 114
Trd, 4319784.393, 103
Trd, 4319785.093, 104
Trd, 4319785.643, 91
Trd, 4319785.943, 135
Trd, 4319786.243, 83
Trd, 4319787.643, 115
Trd, 4319787.693, 85
Trd, 4319788.093, 64
Trd, 4319788.693, 127
Trd, 4319789.643, 99
Trd, 4319790.043, 136
Trd, 4319791.543, 84
Trd, 4319791.943, 133
Trd, 4319792.343, 71
Trd, 4319793.143, 103
Trd, 4319793.843, 82
Trd, 4319793.993, 101
Trd, 4319794.143, 88
Trd, 4319794.393, 116
Trd, 4319795.493, 123
Trd, 4319795.593, 103
Trd, 4319796.743, 126
Trd, 4319797.443, 136
Trd, 4319797.793, 103
Trd, 4319797.893, 78
Trd, 4319798.043, 113
Trd, 4319798.593, 67
Trd, 4319799.943, 129
Trd, 4319801.093, 83
Trd, 4319801.493, 60
Trd, 4319802.993, 86
Trd, 4319804.543, 76
Trd, 4319804.743, 89
Trd, 4319804.993, 66
Trd, 4319805.643, 109
Trd, 4319805.743, 118
Trd, 4319806.643, 139
Trd, 4319807.243, 105
Trd, 4319807.993, 102
Trd, 4319808.243, 103
Trd, 4319809.643, 78
Trd, 4319810.543, 83
Trd, 4319810.943, 89
Trd, 4319811.343, 86
Trd, 4319811.993, 106
Trd, 4319813.193, 136
Trd, 4319814.893, 98
Trd, 4319815.893, 101
Trd, 4319815.993, 98
Trd, 4319816.193, 77
Trd, 4319816.793, 89
Trd, 4319817.443, 113
Trd, 4319818.593, 132
Trd, 4319819.543, 118
Trd, 4319820.243, 105
Trd, 4319820.993, 77
Trd, 4319821.193, 94
Trd, 4319821.893, 76
Trd, 4319823.193, 125
Trd, 4319823.993, 124
Trd, 4319824.143, 115
Trd, 4319824.643, 115
Trd, 4319825.293, 111
Trd, 4319825.393, 110
Trd, 4319825.443, 85
Trd, 4319826.593, 66
Trd, 4319827.143, 110
Trd, 4319828.743, 100
Trd, 4319828.993, 83
Trd, 4319829.093, 61
Trd, 4319829.793, 83
Trd, 4319831.043, 135
Trd, 4319831.193, 83
Trd, 4319831.443, 127
Trd, 4319831.793, 61
Trd, 4319831.993, 74
Trd, 4319832.543, 62
Trd, 4319833.743, 63
Trd, 4319833.843, 103
Trd, 4319835.193, 62
Trd, 4319835.793, 84
Trd, 4319836.393, 70
Trd, 4319836.643, 68
Trd, 4319837.293, 62
Trd, 4319837.343, 81
Trd, 4319838.043, 131
Trd, 4319838.343, 111
Trd, 4319839.193, 116
Trd, 4319839.543, 94
Trd, 4319839.893, 75
Trd, 4319840.893, 86
Trd, 4319841.893, 137
Trd, 4319843.093, 96
Trd, 4319843.193, 83
Trd, 4319843.693, 119
Trd, 4319844.693, 127
Trd, 4319845.593, 129
Trd, 4319845.843, 123
Trd, 4319846.443, 123
Trd, 4319847.293, 116
Trd, 4319847.593, 139
Trd, 4319847.993, 136
Trd, 4319849.343, 127
Trd, 4319850.393, 135
Trd, 4319850.493, 134
Trd, 4319850.993, 116
Trd, 4319851.593, 130
Trd, 4319851.743, 70
Trd, 4319851.993, 140
Trd, 4319854.593, 112
Trd, 4319854.793, 98
Trd, 4319855.043, 82
Trd, 4319855.393, 82
Trd, 4319856.143, 94
Trd, 4319857.043, 68
Trd, 4319857.443, 70
Trd, 4319858.193, 134
Trd, 4319859.293, 100
Trd, 4319860.943, 122
Trd, 4319861.593, 116
Trd, 4319862.193, 133
Trd, 4319862.793, 122
Trd, 4319863.193, 103
Trd, 4319863.543, 110
Trd, 4319865.293, 84
Trd, 4319865.443, 82
Trd, 4319865.493, 94
Trd, 4319866.193, 84
Trd, 4319866.993, 95
Trd, 4319867.143, 76
Trd, 4319867.893, 86
Trd, 4319868.343, 139
Trd, 4319868.593, 105
Trd, 4319869.043, 65
Trd, 4319869.443, 66
Trd, 4319870.243, 90
Trd, 4319870.743, 66
Trd, 4319871.393, 81
Trd, 4319872.493, 111
Trd, 4319872.643, 69
Trd, 4319874.093, 125
Trd, 4319874.693, 89
Trd, 4319875.193, 120
Trd, 4319876.443, 120
Trd, 4319876.943, 70
Trd, 4319877.293, 88
Trd, 4319878.393, 140
Trd, 4319878.443, 138
Trd, 4319878.593, 123
Trd, 4319879.393, 139
Trd, 4319879.743, 104
Trd, 4319880.393, 91
Trd, 4319881.043, 67
Trd, 4319881.743, 94
Trd, 4319882.443, 68
Trd, 4319883.743, 69
Trd, 4319884.693, 83
Trd, 4319885.543, 111
Trd, 4319886.293, 90
Trd, 4319886.593, 119
Trd, 4319886.743, 113
Trd, 4319887.643, 76
Trd, 4319887.893, 65
Trd, 4319888.743, 67
Trd, 4319889.293, 61
Trd, 4319889.443, 68
Trd, 4319889.743, 69
Trd, 4319891.543, 74
Trd, 4319891.593, 67
Trd, 4319892.393, 80
Trd, 4319893.043, 119
Trd, 4319894.143, 107
Trd, 4319894.193, 103
Trd, 4319895.793, 61
Trd, 4319896.043, 64
Trd, 4319896.243, 91
Trd, 4319897.593, 130
Trd, 4319898.343, 129
Trd, 4319898.393, 107
Trd, 4319898.693, 100
Trd, 4319899.293, 74
Trd, 4319899.343, 90
Trd, 4319900.093, 69
Trd, 4319900.993, 120
Trd, 4319901.393, 137
Trd, 4319901.693, 76
Trd, 4319902.043, 115
Trd, 4319902.343, 78
Trd, 4319902.943, 113
Trd, 4319904.793, 111
Trd, 4319905.893, 129
Trd, 4319906.343, 127
Trd, 4319906.743, 126
Trd, 4319907.543, 121
Trd, 4319908.443, 118
Trd, 4319908.843, 115
Trd, 4319909.493, 129
Trd, 4319910.193, 131
Trd, 4319910.343, 74
Trd, 4319911.993, 90
Trd, 4319912.093, 102
Trd, 4319913.193, 138
Trd, 4319913.793, 120
Trd, 4319914.643, 126
Trd, 4319915.193, 119
Trd, 4319915.593, 105
Trd, 4319915.943, 99
Trd, 4319916.693, 117
Trd, 4319916.993, 101
Trd, 4319917.093, 66
Trd, 4319918.593, 136
Trd, 4319918.893, 97
Trd, 4319919.043, 92
Trd, 4319919.243, 123
Trd, 4319919.493, 75
Trd, 4319920.693, 92
Trd, 4319921.693, 113
Trd, 4319921.893, 111
Trd, 4319922.393, 87
Trd, 4319923.093, 116
Trd, 4319924.293, 132
Trd, 4319924.643, 80
Trd, 4319924.843, 117
Trd, 4319925.193, 89
Trd, 4319927.493, 71
Trd, 4319927.543, 89
Trd, 4319928.093, 119
Trd, 4319929.093, 101
Trd, 4319929.693, 89
Trd, 4319929.943, 111
Trd, 4319931.143, 111
Trd, 4319931.593, 97
Trd, 4319932.243, 91
Trd, 4319932.493, 107
Trd, 4319932.943, 112
Trd, 4319933.143, 78
Trd, 4319933.243, 101
Trd, 4319934.593, 76
Trd, 4319934.943, 98
Trd, 4319935.743, 96
Trd, 4319937.243, 112
Trd, 4319937.793, 135
Trd, 4319937.843, 77
Trd, 4319938.093, 121
Trd, 4319938.843, 68
Trd, 4319939.943, 104
Trd, 4319940.843, 131
Trd, 4319941.043, 123
Trd, 4319941.993, 106
Trd, 4319942.243, 132
Trd, 4319943.593, 68
Trd, 4319944.093, 62
Trd, 4319944.393, 64
Trd, 4319944.893, 96
Trd, 4319945.293, 125
Trd, 4319947.643, 82
Trd, 4319947.743, 79
Trd, 4319947.993, 80
Trd, 4319948.093, 97
Trd, 4319948.693, 74
Trd, 4319949.043, 60
Trd, 4319949.243, 60
Trd, 4319949.343, 64
Trd, 4319949.943, 63
Trd, 4319951.393, 88
Trd, 4319952.793, 70
Trd, 4319953.593, 118
Trd, 4319953.743, 112
Trd, 4319954.593, 128
Trd, 4319955.243, 68
Trd, 4319956.293, 84
Trd, 4319956.543, 70
Trd, 4319956.743, 110
Trd, 4319956.993, 112
Trd, 4319957.643, 108
Trd, 4319958.493, 98
Trd, 4319958.643, 77
Trd, 4319959.743, 129
Trd, 4319959.843, 88
Trd, 4319960.843, 123
Trd, 4319961.743, 130
Trd, 4319962.293, 131
Trd, 4319962.543, 131
Trd, 4319964.043, 139
Trd, 4319964.343, 122
Trd, 4319964.743, 102
Trd, 4319965.793, 70
Trd, 4319965.893, 77
Trd, 4319966.543, 83
Trd, 4319966.843, 63
Trd, 4319967.193, 60
Trd, 4319968.093, 66
Trd, 4319969.143, 90
Trd, 4319969.593, 102
Trd, 4319970.243, 102
Trd, 4319972.293, 123
Trd, 4319972.493, 115
Trd, 4319972.593, 93
Trd, 4319973.693, 81
Trd, 4319974.243, 82
Trd, 4319974.593, 67
Trd, 4319976.043, 94
Trd, 4319976.293, 93
Trd, 4319976.693, 91
Trd, 4319977.093, 91
Trd, 4319978.143, 92
Trd, 4319978.443, 78
Trd, 4319980.243, 114
Trd, 4319980.443, 110
Trd, 4319982.243, 121
Trd, 4319982.793, 101
Trd, 4319983.093, 95
Trd, 4319983.193, 86
Trd, 4319983.393, 83
Trd, 4319984.243, 89
Trd, 4319986.443, 134
Trd, 4319987.043, 114
Trd, 4319987.393, 102
Trd, 4319987.743, 106
Trd, 4319988.343, 72
Trd, 4319988.893, 120
Trd, 4319989.893, 105
Trd, 4319990.643, 88
Trd, 4319991.493, 76
Trd, 4319992.643, 83
Trd, 4319993.693, 97
Trd, 4319994.443, 135
Trd, 4319994.793, 129
Trd, 4319995.293, 65
Trd, 4319995.643, 108
Trd, 4319995.943, 93
Trd, 4319996.893, 72
Trd, 4319997.393, 113
Trd, 4319997.743, 131
Trd, 4319998.243, 120
Trd, 4319998.443, 85
Trd, 4319998.743, 72
Trd, 4319999.143, 140
Trd, 4319999.243, 87
