Trd, 4318133.743, 83
Trd, 4318133.893, 76
Trd, 4318135.043, 66
Trd, 4318136.743, 140
Trd, 4318136.793, 107
Trd, 4318137.893, 110
Trd, 4318138.293, 110
Trd, 4318138.343, 109
Trd, 4318138.393, 106
Trd, 4318138.443, 100
Trd, 4318140.743, 100
Trd, 4318141.343, 100
Trd, 4318141.893, 94
Trd, 4318142.043, 105
Trd, 4318142.843, 85
Trd, 4318143.593, 73
Trd, 4318144.693, 78
Trd, 4318145.293, 100
Trd, 4318145.693, 135
Trd, 4318146.093, 75
Trd, 4318146.843, 72
Trd, 4318147.443, 83
Trd, 4318147.893, 90
Trd, 4318149.343, 62
Trd, 4318150.243, 105
Trd, 4318150.293, 103
Trd, 4318150.343, 102
Trd, 4318150.743, 102
Trd, 4318152.493, 90
Trd, 4318152.643, 101
Trd, 4318153.093, 90
Trd, 4318153.643, 138
Trd, 4318153.743, 78
Trd, 4318155.143, 127
Trd, 4318156.493, 102
Trd, 4318157.543, 100
Trd, 4318158.243, 101
Trd, 4318158.443, 100
Trd, 4318158.943, 129
Trd, 4318159.243, 95
Trd, 4318160.093, 63
Trd, 4318160.593, 94
Trd, 4318161.643, 68
Trd, 4318161.893, 70
Trd, 4318162.243, 110
Trd, 4318163.193, 86
Trd, 4318165.493, 122
Trd, 4318166.643, 81
Trd, 4318166.743, 89
Trd, 4318167.893, 94
Trd, 4318168.443, 100
Trd, 4318168.893, 120
Trd, 4318169.743, 96
Trd, 4318170.443, 95
Trd, 4318170.743, 94
Trd, 4318172.093, 64
Trd, 4318172.343, 128
Trd, 4318173.943, 120
Trd, 4318174.393, 112
Trd, 4318174.993, 121
Trd, 4318175.293, 112
Trd, 4318175.443, 137
Trd, 4318175.843, 113
Trd, 4318176.043, 111
Trd, 4318176.643, 77
Trd, 4318178.193, 78
Trd, 4318178.343, 83
Trd, 4318179.143, 83
Trd, 4318180.993, 90
Trd, 4318181.593, 79
Trd, 4318182.043, 82
Trd, 4318183.493, 92
Trd, 4318184.393, 140
Trd, 4318184.543, 140
Trd, 4318184.593, 113
Trd, 4318185.193, 119
Trd, 4318185.393, 113
Trd, 4318186.443, 114
Trd, 4318188.543, 139
Trd, 4318188.643, 139
Trd, 4318188.743, 133
Trd, 4318188.893, 120
Trd, 4318189.393, 88
Trd, 4318189.593, 83
Trd, 4318190.993, 115
Trd, 4318191.443, 113
Trd, 4318192.043, 108
Trd, 4318193.193, 107
Trd, 4318193.943, 140
Trd, 4318194.093, 114
Trd, 4318194.543, 85
Trd, 4318195.043, 84
Trd, 4318196.143, 138
Trd, 4318196.493, 137
Trd, 4318196.793, 136
Trd, 4318197.643, 100
Trd, 4318198.193, 128
Trd, 4318199.143, 85
Trd, 4318200.893, 71
Trd, 4318201.993, 94
Trd, 4318203.693, 72
Trd, 4318203.843, 73
Trd, 4318204.193, 72
Trd, 4318204.543, 65
Trd, 4318205.643, 62
Trd, 4318205.793, 80
Trd, 4318206.843, 86
Trd, 4318206.993, 83
Trd, 4318208.343, 93
Trd, 4318208.943, 73
Trd, 4318209.393, 108
Trd, 4318209.693, 132
Trd, 4318211.743, 97
Trd, 4318213.443, 111
Trd, 4318213.693, 119
Trd, 4318214.243, 97
Trd, 4318214.393, 97
Trd, 4318214.693, 108
Trd, 4318215.143, 96
Trd, 4318215.243, 107
Trd, 4318215.543, 90
Trd, 4318215.693, 84
Trd, 4318216.943, 67
Trd, 4318218.143, 69
Trd, 4318219.343, 83
Trd, 4318219.593, 132
Trd, 4318219.843, 120
Trd, 4318220.393, 119
Trd, 4318220.693, 100
Trd, 4318221.443, 89
Trd, 4318222.093, 89
Trd, 4318222.643, 76
Trd, 4318223.793, 140
Trd, 4318224.193, 140
Trd, 4318224.293, 139
Trd, 4318224.393, 104
Trd, 4318225.743, 81
Trd, 4318228.843, 65
Trd, 4318229.343, 69
Trd, 4318229.943, 112
Trd, 4318230.243, 102
Trd, 4318230.693, 133
Trd, 4318230.793, 125
Trd, 4318231.343, 82
Trd, 4318232.243, 130
Trd, 4318233.443, 97
Trd, 4318233.743, 85
Trd, 4318234.143, 81
Trd, 4318234.993, 108
Trd, 4318235.693, 92
Trd, 4318236.293, 94
Trd, 4318237.043, 89
Trd, 4318237.343, 84
Trd, 4318237.743, 85
Trd, 4318238.193, 98
Trd, 4318238.443, 96
Trd, 4318239.343, 82
Trd, 4318240.443, 139
Trd, 4318240.543, 119
Trd, 4318242.643, 68
Trd, 4318242.793, 67
Trd, 4318242.943, 80
Trd, 4318244.993, 78
Trd, 4318245.693, 96
Trd, 4318246.043, 106
Trd, 4318246.143, 96
Trd, 4318246.693, 68
Trd, 4318247.043, 108
Trd, 4318248.293, 75
Trd, 4318248.493, 80
Trd, 4318249.393, 120
Trd, 4318250.843, 104
Trd, 4318251.343, 76
Trd, 4318251.643, 118
Trd, 4318252.293, 79
Trd, 4318252.993, 126
Trd, 4318253.793, 109
Trd, 4318254.693, 119
Trd, 4318254.743, 105
Trd, 4318255.593, 86
Trd, 4318256.643, 77
Trd, 4318257.743, 81
Trd, 4318258.293, 81
Trd, 4318258.593, 81
Trd, 4318258.743, 93
Trd, 4318259.893, 76
Trd, 4318260.293, 139
Trd, 4318260.593, 139
Trd, 4318261.843, 92
Trd, 4318262.293, 84
Trd, 4318262.793, 84
Trd, 4318264.393, 79
Trd, 4318265.193, 63
Trd, 4318265.493, 88
Trd, 4318265.943, 84
Trd, 4318266.843, 75
Trd, 4318267.093, 76
Trd, 4318267.893, 78
Trd, 4318268.243, 76
Trd, 4318268.543, 73
Trd, 4318269.443, 140
Trd, 4318270.693, 106
Trd, 4318271.893, 117
Trd, 4318272.193, 101
Trd, 4318273.143, 101
Trd, 4318273.543, 94
Trd, 4318273.743, 124
Trd, 4318274.093, 138
Trd, 4318274.743, 138
Trd, 4318274.993, 127
Trd, 4318275.443, 117
Trd, 4318275.793, 91
Trd, 4318277.643, 106
Trd, 4318278.643, 108
Trd, 4318278.793, 104
Trd, 4318279.043, 112
Trd, 4318279.093, 104
Trd, 4318280.843, 138
Trd, 4318280.943, 97
Trd, 4318283.293, 129
Trd, 4318283.543, 128
Trd, 4318284.293, 95
Trd, 4318284.843, 93
Trd, 4318286.093, 98
Trd, 4318286.193, 90
Trd, 4318286.243, 77
Trd, 4318286.893, 133
Trd, 4318287.593, 109
Trd, 4318287.643, 108
Trd, 4318287.993, 87
Trd, 4318288.693, 135
Trd, 4318289.143, 91
Trd, 4318290.093, 92
Trd, 4318291.243, 87
Trd, 4318292.443, 115
Trd, 4318292.643, 97
Trd, 4318292.693, 96
Trd, 4318292.843, 73
Trd, 4318295.143, 64
Trd, 4318295.443, 93
Trd, 4318296.943, 72
Trd, 4318298.443, 83
Trd, 4318298.493, 91
Trd, 4318298.693, 80
Trd, 4318299.893, 132
Trd, 4318301.093, 91
Trd, 4318301.293, 73
Trd, 4318302.293, 63
Trd, 4318302.493, 75
Trd, 4318304.543, 109
Trd, 4318304.743, 139
Trd, 4318306.193, 109
Trd, 4318306.793, 115
Trd, 4318307.843, 139
Trd, 4318308.343, 138
Trd, 4318309.193, 138
Trd, 4318309.343, 137
Trd, 4318309.443, 137
Trd, 4318310.043, 94
Trd, 4318310.493, 100
Trd, 4318312.043, 82
Trd, 4318313.043, 108
Trd, 4318313.493, 88
Trd, 4318316.293, 77
Trd, 4318316.843, 96
Trd, 4318317.293, 77
Trd, 4318318.493, 85
Trd, 4318318.593, 87
Trd, 4318319.393, 115
Trd, 4318319.643, 114
Trd, 4318319.893, 96
Trd, 4318321.843, 92
Trd, 4318321.993, 91
Trd, 4318322.643, 68
Trd, 4318323.193, 113
Trd, 4318323.943, 109
Trd, 4318324.593, 123
Trd, 4318324.843, 66
Trd, 4318325.293, 119
Trd, 4318325.443, 119
Trd, 4318327.943, 103
Trd, 4318328.443, 139
Trd, 4318328.493, 138
Trd, 4318329.043, 101
Trd, 4318329.293, 122
Trd, 4318330.443, 98
Trd, 4318330.943, 85
Trd, 4318331.043, 77
Trd, 4318331.243, 126
Trd, 4318332.093, 91
Trd, 4318332.643, 75
Trd, 4318333.493, 75
Trd, 4318334.043, 96
Trd, 4318334.793, 75
Trd, 4318335.693, 96
Trd, 4318337.043, 130
Trd, 4318337.693, 125
Trd, 4318339.343, 81
Trd, 4318339.643, 80
Trd, 4318339.843, 116
Trd, 4318342.443, 140
Trd, 4318342.643, 126
Trd, 4318342.693, 129
Trd, 4318342.893, 111
Trd, 4318344.893, 65
Trd, 4318344.943, 68
Trd, 4318345.193, 62
Trd, 4318345.843, 67
Trd, 4318346.093, 75
Trd, 4318346.843, 60
Trd, 4318347.893, 74
Trd, 4318348.593, 90
Trd, 4318348.793, 81
Trd, 4318349.943, 99
Trd, 4318350.643, 101
Trd, 4318351.293, 102
Trd, 4318351.993, 101
Trd, 4318352.093, 77
Trd, 4318352.893, 122
Trd, 4318353.643, 100
Trd, 4318354.193, 83
Trd, 4318354.643, 124
Trd, 4318355.393, 83
Trd, 4318355.893, 82
Trd, 4318356.493, 80
Trd, 4318356.693, 74
Trd, 4318357.693, 83
Trd, 4318360.143, 140
Trd, 4318360.243, 131
Trd, 4318361.543, 108
Trd, 4318361.943, 131
Trd, 4318362.843, 86
Trd, 4318362.943, 108
Trd, 4318363.443, 63
Trd, 4318363.743, 88
Trd, 4318366.993, 69
Trd, 4318367.293, 93
Trd, 4318368.893, 74
Trd, 4318368.993, 77
Trd, 4318369.093, 82
Trd, 4318369.343, 75
Trd, 4318370.543, 78
Trd, 4318370.943, 103
Trd, 4318371.543, 123
Trd, 4318371.793, 123
Trd, 4318371.993, 108
Trd, 4318373.093, 124
Trd, 4318373.393, 108
Trd, 4318374.243, 108
Trd, 4318375.043, 119
Trd, 4318375.843, 135
Trd, 4318375.893, 135
Trd, 4318376.043, 107
Trd, 4318377.893, 84
Trd, 4318378.143, 62
Trd, 4318379.343, 115
Trd, 4318379.943, 65
Trd, 4318380.543, 84
Trd, 4318380.793, 83
Trd, 4318380.943, 109
Trd, 4318381.493, 80
Trd, 4318382.993, 139
Trd, 4318383.043, 122
Trd, 4318383.843, 69
Trd, 4318384.993, 63
Trd, 4318386.343, 61
Trd, 4318387.643, 64
Trd, 4318389.093, 83
Trd, 4318389.493, 60
Trd, 4318390.993, 140
Trd, 4318391.043, 139
Trd, 4318391.093, 139
Trd, 4318391.143, 111
Trd, 4318393.093, 64
Trd, 4318393.143, 84
Trd, 4318393.993, 73
Trd, 4318394.193, 74
Trd, 4318394.343, 114
Trd, 4318394.993, 111
Trd, 4318396.593, 99
Trd, 4318396.843, 95
Trd, 4318397.193, 94
Trd, 4318399.443, 94
Trd, 4318399.743, 76
Trd, 4318399.943, 138
Trd, 4318400.243, 86
Trd, 4318400.643, 104
Trd, 4318400.943, 63
Trd, 4318404.343, 67
Trd, 4318404.593, 63
Trd, 4318404.993, 65
Trd, 4318405.743, 140
Trd, 4318407.093, 83
Trd, 4318408.043, 78
Trd, 4318408.543, 77
Trd, 4318408.643, 76
Trd, 4318409.243, 89
Trd, 4318409.843, 109
Trd, 4318409.993, 106
Trd, 4318410.293, 114
Trd, 4318410.993, 112
Trd, 4318411.693, 101
Trd, 4318412.793, 95
Trd, 4318413.693, 79
Trd, 4318414.393, 99
Trd, 4318414.593, 63
Trd, 4318415.493, 111
Trd, 4318416.893, 135
Trd, 4318417.043, 134
Trd, 4318417.143, 123
Trd, 4318418.293, 62
Trd, 4318418.643, 77
Trd, 4318420.243, 78
Trd, 4318420.593, 68
Trd, 4318421.793, 95
Trd, 4318423.093, 87
Trd, 4318423.743, 119
Trd, 4318424.243, 104
Trd, 4318424.543, 98
Trd, 4318424.893, 99
Trd, 4318425.393, 78
Trd, 4318427.193, 66
Trd, 4318427.693, 63
Trd, 4318428.543, 81
Trd, 4318429.643, 84
Trd, 4318429.843, 84
Trd, 4318430.693, 75
Trd, 4318431.293, 119
Trd, 4318431.493, 104
Trd, 4318433.793, 69
Trd, 4318435.243, 62
Trd, 4318435.493, 82
Trd, 4318435.943, 77
Trd, 4318437.293, 66
Trd, 4318437.443, 61
Trd, 4318437.593, 75
Trd, 4318439.443, 63
Trd, 4318439.943, 66
Trd, 4318440.693, 84
Trd, 4318441.443, 70
Trd, 4318441.693, 72
Trd, 4318442.543, 72
Trd, 4318443.493, 62
Trd, 4318443.593, 66
Trd, 4318443.943, 100
Trd, 4318444.893, 106
Trd, 4318445.743, 106
Trd, 4318445.843, 137
Trd, 4318446.393, 94
Trd, 4318446.543, 65
Trd, 4318447.143, 71
Trd, 4318447.843, 93
Trd, 4318448.643, 107
Trd, 4318448.793, 106
Trd, 4318449.693, 96
Trd, 4318451.543, 83
Trd, 4318452.393, 72
Trd, 4318453.543, 82
Trd, 4318455.593, 136
Trd, 4318456.593, 122
Trd, 4318456.743, 120
Trd, 4318456.843, 120
Trd, 4318457.043, 104
Trd, 4318457.893, 78
Trd, 4318458.093, 60
Trd, 4318458.793, 79
Trd, 4318459.243, 75
Trd, 4318459.493, 68
Trd, 4318460.843, 67
Trd, 4318461.043, 75
Trd, 4318462.243, 73
Trd, 4318462.743, 77
Trd, 4318463.993, 90
Trd, 4318465.043, 106
Trd, 4318465.093, 106
Trd, 4318465.393, 138
Trd, 4318465.743, 128
Trd, 4318465.843, 120
Trd, 4318466.793, 61
Trd, 4318466.893, 75
Trd, 4318469.293, 61
Trd, 4318469.793, 73
Trd, 4318470.093, 73
Trd, 4318470.143, 79
Trd, 4318471.143, 68
Trd, 4318471.343, 86
Trd, 4318472.543, 134
Trd, 4318473.443, 112
Trd, 4318473.693, 105
Trd, 4318475.293, 76
Trd, 4318476.293, 112
Trd, 4318476.393, 88
Trd, 4318477.343, 138
Trd, 4318478.143, 89
Trd, 4318479.243, 81
Trd, 4318479.443, 102
Trd, 4318479.693, 67
Trd, 4318481.043, 67
Trd, 4318481.943, 111
Trd, 4318481.993, 113
Trd, 4318483.343, 112
Trd, 4318483.643, 122
Trd, 4318484.143, 100
Trd, 4318484.893, 82
Trd, 4318485.743, 86
Trd, 4318486.043, 100
Trd, 4318487.443, 89
Trd, 4318488.443, 125
Trd, 4318488.893, 92
Trd, 4318489.443, 64
Trd, 4318490.343, 94
Trd, 4318490.943, 88
Trd, 4318491.743, 96
Trd, 4318491.843, 96
Trd, 4318492.493, 87
Trd, 4318492.793, 76
Trd, 4318493.293, 104
Trd, 4318494.843, 97
Trd, 4318495.793, 96
Trd, 4318495.893, 86
Trd, 4318496.693, 137
Trd, 4318497.143, 136
Trd, 4318498.443, 64
Trd, 4318498.493, 92
Trd, 4318499.543, 76
Trd, 4318500.343, 72
Trd, 4318500.543, 82
Trd, 4318501.193, 63
Trd, 4318501.693, 77
Trd, 4318502.643, 89
Trd, 4318503.943, 110
Trd, 4318504.043, 81
Trd, 4318504.843, 73
Trd, 4318505.593, 78
Trd, 4318506.843, 68
Trd, 4318507.243, 81
Trd, 4318507.493, 137
Trd, 4318508.643, 87
Trd, 4318508.843, 88
Trd, 4318509.093, 85
Trd, 4318509.493, 86
Trd, 4318509.543, 96
Trd, 4318511.143, 62
Trd, 4318511.593, 85
Trd, 4318512.593, 96
Trd, 4318512.943, 89
Trd, 4318514.043, 118
Trd, 4318514.893, 135
Trd, 4318515.143, 91
Trd, 4318516.543, 66
Trd, 4318516.743, 63
Trd, 4318518.993, 118
Trd, 4318519.043, 118
Trd, 4318519.743, 127
Trd, 4318519.843, 108
Trd, 4318520.143, 81
Trd, 4318520.843, 82
Trd, 4318521.193, 81
Trd, 4318521.243, 80
Trd, 4318521.293, 101
Trd, 4318523.143, 90
Trd, 4318523.593, 125
Trd, 4318523.643, 92
Trd, 4318524.193, 136
Trd, 4318524.343, 69
Trd, 4318524.743, 70
Trd, 4318527.293, 113
Trd, 4318527.393, 74
Trd, 4318527.943, 81
Trd, 4318528.443, 109
Trd, 4318529.043, 109
Trd, 4318530.343, 64
Trd, 4318531.143, 73
Trd, 4318532.193, 140
Trd, 4318532.343, 140
Trd, 4318533.093, 87
Trd, 4318535.193, 98
Trd, 4318535.493, 76
Trd, 4318536.593, 79
Trd, 4318537.343, 103
Trd, 4318537.993, 76
Trd, 4318538.593, 76
Trd, 4318538.743, 73
Trd, 4318539.193, 138
Trd, 4318539.643, 131
Trd, 4318540.993, 122
Trd, 4318541.093, 133
Trd, 4318541.793, 122
Trd, 4318541.993, 114
Trd, 4318542.543, 105
Trd, 4318543.143, 98
Trd, 4318543.193, 117
Trd, 4318544.443, 129
Trd, 4318545.643, 79
Trd, 4318545.993, 113
Trd, 4318546.143, 96
Trd, 4318547.943, 88
Trd, 4318548.143, 89
Trd, 4318549.293, 121
Trd, 4318549.443, 106
Trd, 4318549.843, 104
Trd, 4318551.143, 97
Trd, 4318551.743, 134
Trd, 4318552.543, 123
Trd, 4318552.743, 88
Trd, 4318553.043, 79
Trd, 4318554.093, 75
Trd, 4318554.143, 81
Trd, 4318554.193, 73
Trd, 4318555.843, 128
Trd, 4318556.243, 80
Trd, 4318556.593, 94
Trd, 4318557.743, 100
Trd, 4318558.293, 85
Trd, 4318559.493, 96
Trd, 4318560.493, 117
Trd, 4318561.193, 116
Trd, 4318561.493, 117
Trd, 4318561.643, 127
Trd, 4318561.843, 115
Trd, 4318561.893, 102
Trd, 4318563.693, 140
Trd, 4318563.743, 139
Trd, 4318565.243, 70
Trd, 4318565.593, 75
Trd, 4318566.343, 72
Trd, 4318566.893, 103
Trd, 4318568.443, 62
Trd, 4318569.443, 61
Trd, 4318569.993, 140
Trd, 4318570.843, 64
Trd, 4318573.093, 64
Trd, 4318573.243, 66
Trd, 4318574.093, 71
Trd, 4318575.143, 120
Trd, 4318575.393, 120
Trd, 4318575.693, 73
Trd, 4318576.143, 68
Trd, 4318578.293, 116
Trd, 4318578.393, 113
Trd, 4318579.693, 114
Trd, 4318579.893, 113
Trd, 4318580.493, 101
Trd, 4318581.693, 82
Trd, 4318581.943, 72
Trd, 4318582.743, 83
Trd, 4318583.093, 87
Trd, 4318585.543, 107
Trd, 4318586.293, 78
Trd, 4318586.443, 82
Trd, 4318586.693, 91
Trd, 4318586.843, 73
Trd, 4318587.043, 111
Trd, 4318587.443, 71
Trd, 4318588.043, 98
Trd, 4318588.293, 72
Trd, 4318588.943, 60
Trd, 4318591.193, 75
Trd, 4318592.193, 69
Trd, 4318592.893, 98
Trd, 4318593.443, 85
Trd, 4318593.793, 86
Trd, 4318595.193, 88
Trd, 4318595.393, 91
Trd, 4318595.843, 101
Trd, 4318595.893, 100
Trd, 4318596.293, 92
Trd, 4318597.743, 87
Trd, 4318598.993, 101
Trd, 4318599.593, 98
Trd, 4318600.593, 96
Trd, 4318601.143, 94
Trd, 4318601.993, 66
Trd, 4318602.493, 66
Trd, 4318603.343, 87
Trd, 4318603.743, 67
Trd, 4318604.943, 115
Trd, 4318605.493, 101
Trd, 4318606.143, 98
Trd, 4318606.893, 100
Trd, 4318608.093, 101
Trd, 4318608.193, 101
Trd, 4318608.743, 99
Trd, 4318609.393, 91
Trd, 4318609.693, 85
Trd, 4318610.793, 91
Trd, 4318611.843, 109
Trd, 4318612.743, 86
Trd, 4318612.993, 123
Trd, 4318613.143, 83
Trd, 4318613.743, 140
Trd, 4318614.293, 140
Trd, 4318615.243, 113
Trd, 4318616.343, 105
Trd, 4318617.443, 99
Trd, 4318617.593, 85
Trd, 4318618.393, 87
Trd, 4318618.443, 87
Trd, 4318619.543, 140
Trd, 4318620.993, 98
Trd, 4318622.093, 118
Trd, 4318622.143, 106
Trd, 4318623.143, 106
Trd, 4318623.443, 105
Trd, 4318624.343, 113
Trd, 4318624.993, 115
Trd, 4318625.393, 109
Trd, 4318625.493, 134
Trd, 4318626.693, 117
Trd, 4318626.743, 127
Trd, 4318627.743, 114
Trd, 4318628.593, 102
Trd, 4318628.643, 101
Trd, 4318629.943, 137
Trd, 4318630.493, 115
Trd, 4318631.443, 112
Trd, 4318631.643, 111
Trd, 4318633.293, 135
Trd, 4318633.993, 103
Trd, 4318635.843, 100
Trd, 4318637.593, 140
Trd, 4318637.943, 137
Trd, 4318638.293, 139
Trd, 4318638.343, 137
Trd, 4318638.793, 115
Trd, 4318639.643, 117
Trd, 4318640.043, 114
Trd, 4318641.193, 115
Trd, 4318641.743, 116
Trd, 4318641.793, 77
Trd, 4318642.643, 114
Trd, 4318643.743, 96
Trd, 4318643.843, 66
Trd, 4318644.193, 127
Trd, 4318644.743, 137
Trd, 4318645.493, 120
Trd, 4318646.993, 105
Trd, 4318647.693, 122
Trd, 4318647.793, 122
Trd, 4318647.843, 96
Trd, 4318649.143, 107
Trd, 4318650.443, 112
Trd, 4318650.893, 134
Trd, 4318650.943, 107
Trd, 4318652.543, 137
Trd, 4318653.393, 134
Trd, 4318655.193, 96
Trd, 4318655.543, 91
Trd, 4318655.693, 74
Trd, 4318656.143, 132
Trd, 4318656.893, 140
Trd, 4318657.143, 116
Trd, 4318657.993, 116
Trd, 4318658.193, 123
Trd, 4318659.493, 113
Trd, 4318659.543, 112
Trd, 4318659.793, 100
Trd, 4318660.543, 92
Trd, 4318661.893, 137
Trd, 4318662.493, 93
Trd, 4318664.243, 89
Trd, 4318664.443, 105
Trd, 4318664.693, 69
Trd, 4318665.393, 85
Trd, 4318666.393, 77
Trd, 4318667.993, 133
Trd, 4318668.143, 116
Trd, 4318669.343, 85
Trd, 4318669.393, 84
Trd, 4318670.743, 88
Trd, 4318671.293, 69
Trd, 4318671.693, 70
Trd, 4318672.193, 76
Trd, 4318672.543, 61
Trd, 4318672.893, 85
Trd, 4318673.643, 84
Trd, 4318674.443, 133
Trd, 4318674.693, 124
Trd, 4318677.043, 60
Trd, 4318677.793, 70
Trd, 4318678.793, 68
Trd, 4318678.893, 91
Trd, 4318680.243, 66
Trd, 4318680.543, 77
Trd, 4318681.593, 73
Trd, 4318681.643, 85
Trd, 4318682.843, 90
Trd, 4318682.993, 90
Trd, 4318683.943, 140
Trd, 4318684.193, 140
Trd, 4318685.443, 105
Trd, 4318685.993, 103
Trd, 4318686.993, 102
Trd, 4318687.493, 101
Trd, 4318687.943, 122
Trd, 4318688.993, 80
Trd, 4318689.343, 112
Trd, 4318690.043, 68
Trd, 4318690.343, 77
Trd, 4318691.593, 60
Trd, 4318693.443, 67
Trd, 4318693.643, 75
Trd, 4318693.893, 89
Trd, 4318695.093, 113
Trd, 4318695.343, 90
Trd, 4318695.393, 88
Trd, 4318695.993, 138
Trd, 4318696.193, 92
Trd, 4318697.193, 111
Trd, 4318697.443, 93
Trd, 4318697.893, 88
Trd, 4318699.243, 61
Trd, 4318699.293, 62
Trd, 4318701.893, 61
Trd, 4318703.693, 77
Trd, 4318704.193, 70
Trd, 4318704.543, 62
Trd, 4318704.893, 73
Trd, 4318705.293, 86
Trd, 4318705.843, 101
Trd, 4318706.193, 66
Trd, 4318706.743, 66
Trd, 4318707.493, 63
Trd, 4318708.743, 60
Trd, 4318708.943, 88
Trd, 4318709.293, 111
Trd, 4318710.443, 69
Trd, 4318711.693, 87
Trd, 4318712.793, 104
Trd, 4318713.043, 69
Trd, 4318713.643, 114
Trd, 4318714.643, 102
Trd, 4318715.293, 90
Trd, 4318716.093, 121
Trd, 4318716.243, 114
Trd, 4318716.343, 114
Trd, 4318716.793, 113
Trd, 4318717.943, 105
Trd, 4318718.643, 78
Trd, 4318719.843, 77
Trd, 4318719.893, 74
Trd, 4318721.193, 139
Trd, 4318721.343, 140
Trd, 4318721.443, 91
Trd, 4318722.443, 134
Trd, 4318722.893, 100
Trd, 4318723.643, 104
Trd, 4318724.443, 72
Trd, 4318724.643, 82
Trd, 4318726.543, 65
Trd, 4318726.943, 67
Trd, 4318726.993, 79
Trd, 4318728.293, 80
Trd, 4318730.093, 71
Trd, 4318730.443, 73
Trd, 4318730.893, 71
Trd, 4318732.143, 67
Trd, 4318732.493, 78
Trd, 4318732.993, 66
Trd, 4318733.943, 66
Trd, 4318734.243, 73
Trd, 4318734.543, 76
Trd, 4318735.643, 73
Trd, 4318735.893, 111
Trd, 4318736.243, 99
Trd, 4318736.643, 122
Trd, 4318737.943, 101
Trd, 4318739.943, 62
Trd, 4318740.043, 76
Trd, 4318741.793, 115
Trd, 4318742.093, 100
Trd, 4318742.193, 99
Trd, 4318742.743, 99
Trd, 4318743.993, 88
Trd, 4318744.243, 119
Trd, 4318744.293, 88
Trd, 4318746.643, 90
Trd, 4318746.893, 90
Trd, 4318747.043, 95
Trd, 4318747.343, 80
Trd, 4318748.093, 140
Trd, 4318748.143, 128
Trd, 4318749.343, 99
Trd, 4318750.493, 98
Trd, 4318750.593, 106
Trd, 4318751.593, 111
Trd, 4318752.243, 106
Trd, 4318752.293, 105
Trd, 4318754.243, 71
Trd, 4318754.743, 64
Trd, 4318756.793, 78
Trd, 4318757.843, 136
Trd, 4318758.093, 132
Trd, 4318759.243, 77
Trd, 4318759.693, 103
Trd, 4318759.743, 106
Trd, 4318760.293, 79
Trd, 4318761.043, 128
Trd, 4318761.343, 96
Trd, 4318762.193, 140
Trd, 4318762.543, 140
Trd, 4318762.793, 140
Trd, 4318763.943, 89
Trd, 4318764.093, 78
Trd, 4318764.743, 101
Trd, 4318766.643, 60
Trd, 4318767.643, 60
Trd, 4318767.743, 60
Trd, 4318769.643, 139
Trd, 4318769.943, 105
Trd, 4318770.043, 104
Trd, 4318770.893, 117
Trd, 4318771.243, 81
Trd, 4318773.543, 86
Trd, 4318773.693, 86
Trd, 4318773.743, 84
Trd, 4318773.793, 80
Trd, 4318775.143, 98
Trd, 4318775.643, 127
Trd, 4318776.443, 128
Trd, 4318776.893, 95
Trd, 4318776.993, 90
Trd, 4318777.043, 86
Trd, 4318780.193, 140
Trd, 4318780.443, 139
Trd, 4318780.643, 134
Trd, 4318781.793, 126
Trd, 4318781.893, 134
Trd, 4318782.093, 104
Trd, 4318782.543, 140
Trd, 4318782.643, 89
Trd, 4318782.993, 84
Trd, 4318783.143, 84
Trd, 4318784.893, 78
Trd, 4318787.443, 68
Trd, 4318787.593, 88
Trd, 4318788.093, 64
Trd, 4318788.243, 100
Trd, 4318789.793, 109
Trd, 4318790.293, 96
Trd, 4318790.493, 112
Trd, 4318790.993, 94
Trd, 4318791.543, 139
Trd, 4318791.993, 94
Trd, 4318792.793, 108
Trd, 4318794.443, 120
Trd, 4318794.943, 119
Trd, 4318795.693, 118
Trd, 4318795.893, 102
Trd, 4318795.993, 119
Trd, 4318796.443, 95
Trd, 4318797.493, 85
Trd, 4318798.093, 140
Trd, 4318798.243, 111
Trd, 4318798.643, 82
Trd, 4318799.043, 70
Trd, 4318799.243, 66
Trd, 4318800.343, 85
Trd, 4318800.543, 80
Trd, 4318801.043, 114
Trd, 4318801.393, 109
Trd, 4318804.643, 85
Trd, 4318804.693, 84
Trd, 4318805.243, 87
Trd, 4318806.093, 106
Trd, 4318806.343, 102
Trd, 4318806.893, 73
Trd, 4318808.093, 86
Trd, 4318808.693, 97
Trd, 4318809.043, 79
Trd, 4318809.293, 73
Trd, 4318809.693, 75
Trd, 4318809.943, 84
Trd, 4318811.593, 62
Trd, 4318812.593, 84
Trd, 4318814.243, 113
Trd, 4318814.893, 117
Trd, 4318816.393, 118
Trd, 4318816.593, 119
Trd, 4318817.043, 99
Trd, 4318817.443, 101
Trd, 4318817.593, 100
Trd, 4318818.243, 87
Trd, 4318819.543, 95
Trd, 4318820.443, 81
Trd, 4318821.193, 81
Trd, 4318821.393, 80
Trd, 4318821.943, 122
Trd, 4318822.243, 125
Trd, 4318822.493, 122
Trd, 4318822.693, 80
Trd, 4318823.493, 79
Trd, 4318824.743, 64
Trd, 4318825.893, 67
Trd, 4318826.343, 82
Trd, 4318826.643, 82
Trd, 4318827.143, 86
Trd, 4318828.043, 131
Trd, 4318828.843, 139
Trd, 4318829.843, 78
Trd, 4318830.493, 88
Trd, 4318830.893, 83
Trd, 4318831.043, 121
Trd, 4318831.793, 82
Trd, 4318833.793, 83
Trd, 4318834.093, 79
Trd, 4318834.543, 95
Trd, 4318834.743, 110
Trd, 4318835.043, 114
Trd, 4318837.193, 140
Trd, 4318837.293, 139
Trd, 4318837.693, 106
Trd, 4318838.393, 107
Trd, 4318838.743, 107
Trd, 4318839.293, 106
Trd, 4318839.893, 77
Trd, 4318839.993, 71
Trd, 4318841.393, 126
Trd, 4318841.443, 105
Trd, 4318842.543, 127
Trd, 4318843.143, 71
Trd, 4318843.393, 67
Trd, 4318844.093, 137
Trd, 4318844.143, 118
Trd, 4318844.843, 125
Trd, 4318846.193, 82
Trd, 4318846.643, 68
Trd, 4318846.943, 69
Trd, 4318847.593, 74
Trd, 4318848.543, 90
Trd, 4318848.793, 85
Trd, 4318850.143, 100
Trd, 4318851.143, 81
Trd, 4318852.743, 88
Trd, 4318855.343, 80
Trd, 4318855.493, 64
Trd, 4318856.043, 89
Trd, 4318856.193, 70
Trd, 4318856.343, 69
Trd, 4318856.393, 67
Trd, 4318856.943, 63
Trd, 4318857.043, 76
Trd, 4318858.893, 100
Trd, 4318858.943, 110
Trd, 4318859.793, 87
Trd, 4318860.593, 85
Trd, 4318862.693, 79
Trd, 4318864.043, 87
Trd, 4318864.193, 86
Trd, 4318864.293, 81
Trd, 4318864.393, 117
Trd, 4318865.193, 92
Trd, 4318866.793, 84
Trd, 4318867.593, 90
Trd, 4318868.243, 96
Trd, 4318868.443, 91
Trd, 4318869.843, 84
Trd, 4318870.393, 106
Trd, 4318871.293, 130
Trd, 4318871.343, 130
Trd, 4318871.693, 112
Trd, 4318872.493, 74
Trd, 4318872.893, 74
Trd, 4318874.043, 79
Trd, 4318874.293, 70
Trd, 4318875.993, 68
Trd, 4318876.793, 99
Trd, 4318877.343, 100
Trd, 4318877.843, 107
Trd, 4318878.993, 98
Trd, 4318879.393, 112
Trd, 4318879.543, 98
Trd, 4318881.143, 87
Trd, 4318881.193, 86
Trd, 4318882.443, 113
Trd, 4318882.943, 138
Trd, 4318883.143, 124
Trd, 4318884.843, 101
Trd, 4318885.993, 140
Trd, 4318886.043, 139
Trd, 4318886.393, 135
Trd, 4318886.543, 137
Trd, 4318887.093, 124
Trd, 4318887.893, 93
Trd, 4318889.093, 87
Trd, 4318889.643, 135
Trd, 4318890.093, 124
Trd, 4318891.193, 125
Trd, 4318891.293, 109
Trd, 4318891.893, 74
Trd, 4318892.593, 76
Trd, 4318894.243, 68
Trd, 4318894.843, 81
Trd, 4318895.543, 67
Trd, 4318896.443, 68
Trd, 4318896.793, 66
Trd, 4318897.943, 76
Trd, 4318898.143, 75
Trd, 4318899.443, 77
Trd, 4318901.943, 60
Trd, 4318902.693, 68
Trd, 4318903.143, 68
Trd, 4318903.343, 68
Trd, 4318903.393, 88
Trd, 4318905.793, 90
Trd, 4318906.193, 89
Trd, 4318906.243, 87
Trd, 4318906.393, 95
Trd, 4318906.993, 140
Trd, 4318907.793, 71
Trd, 4318908.443, 134
Trd, 4318909.193, 126
Trd, 4318909.243, 125
Trd, 4318909.993, 88
Trd, 4318910.843, 86
Trd, 4318911.443, 85
Trd, 4318912.693, 62
Trd, 4318912.793, 63
Trd, 4318913.493, 62
Trd, 4318914.393, 69
Trd, 4318914.443, 76
Trd, 4318917.593, 96
Trd, 4318918.343, 88
Trd, 4318918.543, 87
Trd, 4318918.793, 108
Trd, 4318919.243, 108
Trd, 4318919.693, 140
Trd, 4318920.893, 87
Trd, 4318921.993, 101
Trd, 4318922.193, 99
Trd, 4318923.243, 104
Trd, 4318923.443, 90
Trd, 4318923.543, 70
Trd, 4318927.443, 64
Trd, 4318927.593, 74
Trd, 4318928.643, 76
Trd, 4318929.393, 103
Trd, 4318929.493, 102
Trd, 4318929.593, 128
Trd, 4318929.893, 77
Trd, 4318931.593, 74
Trd, 4318931.793, 73
Trd, 4318932.543, 83
Trd, 4318932.793, 139
Trd, 4318933.893, 78
Trd, 4318934.993, 94
Trd, 4318935.043, 102
Trd, 4318936.143, 93
Trd, 4318937.093, 79
Trd, 4318937.493, 66
Trd, 4318938.993, 68
Trd, 4318939.543, 66
Trd, 4318940.493, 66
Trd, 4318941.743, 140
Trd, 4318942.193, 122
Trd, 4318943.293, 125
Trd, 4318943.893, 123
Trd, 4318944.093, 123
Trd, 4318944.293, 122
Trd, 4318944.393, 107
Trd, 4318945.143, 101
Trd, 4318945.343, 123
Trd, 4318945.493, 85
Trd, 4318946.343, 77
Trd, 4318947.493, 77
Trd, 4318948.743, 82
Trd, 4318948.943, 79
Trd, 4318950.743, 115
Trd, 4318950.993, 112
Trd, 4318951.043, 104
Trd, 4318951.193, 103
Trd, 4318951.643, 138
Trd, 4318951.893, 136
Trd, 4318952.393, 95
Trd, 4318953.343, 75
Trd, 4318953.593, 70
Trd, 4318953.793, 84
Trd, 4318955.743, 107
Trd, 4318956.693, 108
Trd, 4318956.993, 118
Trd, 4318958.543, 113
Trd, 4318958.793, 78
Trd, 4318958.893, 115
Trd, 4318959.193, 97
Trd, 4318959.843, 60
Trd, 4318960.743, 74
Trd, 4318962.543, 66
Trd, 4318962.593, 73
Trd, 4318963.843, 87
Trd, 4318965.343, 85
Trd, 4318965.543, 105
Trd, 4318965.693, 78
Trd, 4318966.193, 76
Trd, 4318967.293, 62
Trd, 4318967.693, 80
Trd, 4318969.743, 119
Trd, 4318970.343, 78
Trd, 4318970.743, 68
Trd, 4318970.993, 102
Trd, 4318972.493, 96
Trd, 4318972.543, 70
Trd, 4318973.143, 139
Trd, 4318973.343, 131
Trd, 4318973.743, 131
Trd, 4318975.243, 110
Trd, 4318975.543, 108
Trd, 4318975.693, 107
Trd, 4318975.943, 69
Trd, 4318976.993, 110
Trd, 4318977.143, 80
Trd, 4318978.193, 140
Trd, 4318979.143, 140
Trd, 4318979.293, 140
Trd, 4318979.943, 116
Trd, 4318981.343, 98
Trd, 4318981.643, 109
Trd, 4318982.443, 100
Trd, 4318982.893, 100
Trd, 4318984.543, 136
Trd, 4318984.843, 103
Trd, 4318985.393, 98
Trd, 4318985.443, 87
Trd, 4318986.193, 118
Trd, 4318987.043, 118
Trd, 4318987.393, 123
Trd, 4318987.893, 98
Trd, 4318990.493, 107
Trd, 4318991.143, 108
Trd, 4318991.193, 129
Trd, 4318991.443, 107
Trd, 4318991.843, 84
Trd, 4318992.893, 130
Trd, 4318993.243, 94
Trd, 4318993.693, 71
Trd, 4318996.143, 71
Trd, 4318996.393, 82
Trd, 4318997.393, 138
Trd, 4318997.443, 132
Trd, 4318997.843, 101
Trd, 4318998.043, 99
Trd, 4318999.493, 100
Trd, 4318999.543, 95
Trd, 4319000.393, 86
Trd, 4319000.593, 93
Trd, 4319000.993, 96
Trd, 4319001.593, 139
Trd, 4319002.243, 136
Trd, 4319002.343, 135
Trd, 4319003.343, 86
Trd, 4319004.893, 93
Trd, 4319005.093, 108
Trd, 4319006.093, 93
Trd, 4319006.543, 61
Trd, 4319007.143, 70
Trd, 4319007.893, 82
Trd, 4319008.293, 67
Trd, 4319009.093, 68
Trd, 4319009.343, 66
Trd, 4319010.593, 61
Trd, 4319010.793, 90
Trd, 4319011.143, 67
Trd, 4319011.743, 121
Trd, 4319011.793, 120
Trd, 4319013.443, 69
Trd, 4319014.693, 70
Trd, 4319015.593, 81
Trd, 4319017.343, 73
Trd, 4319017.793, 65
Trd, 4319017.993, 85
Trd, 4319018.243, 70
Trd, 4319018.793, 80
Trd, 4319019.193, 77
Trd, 4319020.243, 113
Trd, 4319021.443, 74
Trd, 4319021.743, 77
Trd, 4319022.543, 98
Trd, 4319023.593, 72
Trd, 4319024.493, 94
Trd, 4319025.343, 89
Trd, 4319025.593, 88
Trd, 4319025.693, 90
Trd, 4319026.493, 74
Trd, 4319028.793, 76
Trd, 4319030.343, 87
Trd, 4319030.393, 68
Trd, 4319030.743, 94
Trd, 4319031.393, 95
Trd, 4319031.543, 133
Trd, 4319031.943, 118
Trd, 4319031.993, 115
Trd, 4319032.293, 76
Trd, 4319033.643, 107
Trd, 4319034.043, 105
Trd, 4319034.693, 140
Trd, 4319034.993, 107
Trd, 4319035.293, 123
Trd, 4319036.193, 92
Trd, 4319036.943, 120
Trd, 4319037.493, 75
Trd, 4319037.543, 74
Trd, 4319039.243, 69
Trd, 4319039.893, 85
Trd, 4319039.993, 84
Trd, 4319040.943, 104
Trd, 4319041.493, 85
Trd, 4319042.243, 83
Trd, 4319042.843, 80
Trd, 4319043.493, 117
Trd, 4319044.143, 80
Trd, 4319044.643, 121
Trd, 4319045.993, 100
Trd, 4319048.593, 77
Trd, 4319049.043, 78
Trd, 4319049.393, 69
Trd, 4319049.643, 67
Trd, 4319050.293, 73
Trd, 4319050.543, 62
Trd, 4319050.793, 83
Trd, 4319051.193, 68
Trd, 4319051.393, 62
Trd, 4319052.243, 75
Trd, 4319053.143, 84
Trd, 4319053.893, 62
Trd, 4319055.593, 67
Trd, 4319055.693, 72
Trd, 4319056.493, 77
Trd, 4319057.793, 72
Trd, 4319057.893, 71
Trd, 4319057.943, 122
Trd, 4319059.793, 86
Trd, 4319060.843, 75
Trd, 4319060.993, 92
Trd, 4319061.393, 73
Trd, 4319062.093, 88
Trd, 4319062.193, 92
Trd, 4319063.043, 89
Trd, 4319063.443, 84
Trd, 4319063.693, 75
Trd, 4319064.493, 75
Trd, 4319066.343, 78
Trd, 4319066.593, 78
Trd, 4319066.943, 116
Trd, 4319068.143, 77
Trd, 4319068.943, 75
Trd, 4319070.193, 117
Trd, 4319070.443, 90
Trd, 4319070.493, 76
Trd, 4319071.643, 94
Trd, 4319071.693, 90
Trd, 4319072.543, 101
Trd, 4319073.443, 103
Trd, 4319073.493, 103
Trd, 4319073.543, 118
Trd, 4319075.243, 63
Trd, 4319076.843, 62
Trd, 4319077.293, 69
Trd, 4319077.693, 77
Trd, 4319078.193, 77
Trd, 4319078.643, 101
Trd, 4319078.893, 78
Trd, 4319078.943, 76
Trd, 4319079.543, 116
Trd, 4319080.793, 133
Trd, 4319081.493, 132
Trd, 4319082.193, 74
Trd, 4319082.443, 121
Trd, 4319083.343, 138
Trd, 4319083.593, 76
Trd, 4319084.693, 106
Trd, 4319085.843, 60
Trd, 4319086.343, 60
Trd, 4319087.043, 114
Trd, 4319088.593, 119
Trd, 4319088.993, 92
Trd, 4319089.743, 74
Trd, 4319091.993, 94
Trd, 4319092.393, 95
Trd, 4319092.543, 93
Trd, 4319093.043, 82
Trd, 4319093.293, 70
Trd, 4319094.593, 90
Trd, 4319094.993, 72
Trd, 4319096.493, 130
Trd, 4319096.793, 131
Trd, 4319097.493, 135
Trd, 4319098.043, 133
Trd, 4319098.193, 117
Trd, 4319098.343, 90
Trd, 4319099.843, 101
Trd, 4319099.993, 120
Trd, 4319100.143, 98
Trd, 4319100.343, 79
Trd, 4319102.143, 62
Trd, 4319104.093, 60
Trd, 4319104.393, 86
Trd, 4319104.593, 77
Trd, 4319104.993, 98
Trd, 4319105.793, 120
Trd, 4319106.043, 96
Trd, 4319106.393, 120
Trd, 4319108.443, 103
Trd, 4319108.993, 140
Trd, 4319109.043, 139
Trd, 4319110.793, 104
Trd, 4319111.043, 99
Trd, 4319111.893, 118
Trd, 4319112.543, 75
Trd, 4319113.393, 76
Trd, 4319113.493, 73
Trd, 4319113.543, 99
Trd, 4319114.093, 64
Trd, 4319114.543, 99
Trd, 4319116.893, 94
Trd, 4319117.293, 94
Trd, 4319117.493, 89
Trd, 4319117.693, 83
Trd, 4319118.443, 97
Trd, 4319119.243, 76
Trd, 4319119.793, 76
Trd, 4319120.393, 70
Trd, 4319120.543, 90
Trd, 4319122.943, 66
Trd, 4319122.993, 67
Trd, 4319124.443, 96
Trd, 4319125.243, 124
Trd, 4319125.643, 124
Trd, 4319126.943, 84
Trd, 4319127.043, 132
Trd, 4319127.593, 109
Trd, 4319127.843, 61
Trd, 4319128.443, 112
Trd, 4319129.793, 112
Trd, 4319130.643, 73
Trd, 4319131.693, 84
Trd, 4319132.343, 112
Trd, 4319132.893, 137
Trd, 4319133.043, 136
Trd, 4319134.043, 130
Trd, 4319134.193, 106
Trd, 4319134.693, 114
Trd, 4319137.343, 86
Trd, 4319137.743, 91
Trd, 4319137.943, 84
Trd, 4319138.793, 85
Trd, 4319140.093, 60
Trd, 4319140.993, 121
Trd, 4319141.093, 105
Trd, 4319142.693, 101
Trd, 4319143.043, 102
Trd, 4319143.343, 128
Trd, 4319143.593, 100
Trd, 4319143.993, 92
Trd, 4319144.793, 86
Trd, 4319145.593, 88
Trd, 4319145.693, 85
Trd, 4319145.993, 85
Trd, 4319146.893, 140
Trd, 4319147.193, 137
Trd, 4319148.393, 60
Trd, 4319148.793, 74
Trd, 4319149.243, 84
Trd, 4319149.743, 124
Trd, 4319150.543, 74
Trd, 4319150.693, 92
Trd, 4319152.743, 68
Trd, 4319153.593, 87
Trd, 4319154.143, 78
Trd, 4319154.843, 81
Trd, 4319155.143, 68
Trd, 4319155.743, 109
Trd, 4319156.043, 116
Trd, 4319156.543, 74
Trd, 4319157.043, 70
Trd, 4319157.943, 72
Trd, 4319159.343, 97
Trd, 4319159.843, 102
Trd, 4319159.893, 81
Trd, 4319160.843, 95
Trd, 4319161.193, 73
Trd, 4319161.243, 71
Trd, 4319162.993, 75
Trd, 4319163.093, 132
Trd, 4319163.343, 127
Trd, 4319165.093, 76
Trd, 4319165.893, 95
Trd, 4319166.243, 77
Trd, 4319167.093, 72
Trd, 4319168.243, 111
Trd, 4319169.343, 64
Trd, 4319169.693, 89
Trd, 4319169.743, 117
Trd, 4319170.043, 139
Trd, 4319170.343, 60
Trd, 4319172.843, 77
Trd, 4319173.093, 79
Trd, 4319173.343, 84
Trd, 4319173.693, 79
Trd, 4319175.293, 73
Trd, 4319175.743, 76
Trd, 4319175.793, 71
Trd, 4319176.293, 69
Trd, 4319176.693, 79
Trd, 4319177.843, 65
Trd, 4319178.393, 137
Trd, 4319180.443, 67
Trd, 4319180.793, 84
Trd, 4319181.593, 63
Trd, 4319182.343, 86
Trd, 4319182.693, 85
Trd, 4319183.343, 89
Trd, 4319183.443, 131
Trd, 4319183.693, 88
Trd, 4319183.843, 132
Trd, 4319184.693, 102
Trd, 4319184.893, 94
Trd, 4319185.543, 137
Trd, 4319186.093, 114
Trd, 4319186.243, 101
Trd, 4319188.093, 63
Trd, 4319188.293, 66
Trd, 4319188.843, 64
Trd, 4319189.393, 85
Trd, 4319189.643, 68
Trd, 4319190.343, 69
Trd, 4319190.743, 118
Trd, 4319191.943, 88
Trd, 4319192.543, 79
Trd, 4319194.093, 97
Trd, 4319194.393, 93
Trd, 4319194.643, 85
Trd, 4319194.793, 80
Trd, 4319195.393, 78
Trd, 4319197.443, 112
Trd, 4319197.493, 88
Trd, 4319198.843, 97
Trd, 4319199.643, 91
Trd, 4319200.543, 122
Trd, 4319201.243, 93
Trd, 4319201.993, 95
Trd, 4319202.743, 93
Trd, 4319203.593, 118
Trd, 4319204.343, 74
Trd, 4319204.543, 75
Trd, 4319204.843, 65
Trd, 4319207.543, 75
Trd, 4319208.043, 88
Trd, 4319208.293, 104
Trd, 4319208.743, 105
Trd, 4319210.243, 108
Trd, 4319210.493, 108
Trd, 4319210.543, 97
Trd, 4319210.893, 63
Trd, 4319211.293, 79
Trd, 4319212.143, 120
Trd, 4319213.443, 83
Trd, 4319213.543, 80
Trd, 4319213.843, 78
Trd, 4319214.343, 61
Trd, 4319215.193, 67
Trd, 4319215.593, 73
Trd, 4319216.843, 65
Trd, 4319217.493, 65
Trd, 4319219.643, 86
Trd, 4319220.143, 118
Trd, 4319220.543, 140
Trd, 4319221.443, 87
Trd, 4319221.743, 85
Trd, 4319222.393, 83
Trd, 4319222.543, 80
Trd, 4319223.343, 66
Trd, 4319224.143, 109
Trd, 4319225.493, 104
Trd, 4319226.893, 107
Trd, 4319226.943, 106
Trd, 4319227.593, 136
Trd, 4319228.043, 138
Trd, 4319228.243, 138
Trd, 4319228.643, 124
Trd, 4319229.193, 107
Trd, 4319230.793, 81
Trd, 4319231.043, 137
Trd, 4319231.243, 92
Trd, 4319231.343, 79
Trd, 4319231.943, 79
Trd, 4319232.093, 81
Trd, 4319233.293, 139
Trd, 4319233.393, 139
Trd, 4319234.493, 99
Trd, 4319235.593, 127
Trd, 4319236.343, 96
Trd, 4319236.943, 95
Trd, 4319236.993, 106
Trd, 4319239.193, 129
Trd, 4319239.793, 134
Trd, 4319240.543, 137
Trd, 4319240.693, 136
Trd, 4319241.643, 112
Trd, 4319242.143, 91
Trd, 4319242.243, 138
Trd, 4319242.943, 103
Trd, 4319243.693, 78
Trd, 4319244.143, 99
Trd, 4319244.293, 65
Trd, 4319244.643, 83
Trd, 4319245.443, 101
Trd, 4319247.093, 99
Trd, 4319247.843, 98
Trd, 4319248.493, 105
Trd, 4319248.893, 119
Trd, 4319250.193, 86
Trd, 4319250.793, 135
Trd, 4319251.443, 134
Trd, 4319251.493, 134
Trd, 4319251.593, 111
Trd, 4319252.193, 80
Trd, 4319253.743, 93
Trd, 4319253.893, 108
Trd, 4319253.993, 76
Trd, 4319254.343, 78
Trd, 4319256.543, 80
Trd, 4319257.293, 87
Trd, 4319257.493, 81
Trd, 4319257.793, 121
Trd, 4319258.593, 140
Trd, 4319258.943, 79
Trd, 4319259.843, 89
Trd, 4319261.093, 111
Trd, 4319261.643, 111
Trd, 4319262.143, 63
Trd, 4319264.143, 140
Trd, 4319264.343, 138
Trd, 4319264.693, 98
Trd, 4319265.493, 86
Trd, 4319265.593, 85
Trd, 4319265.643, 128
Trd, 4319266.343, 128
Trd, 4319266.393, 109
Trd, 4319267.493, 66
Trd, 4319269.343, 140
Trd, 4319269.843, 140
Trd, 4319271.193, 140
Trd, 4319271.443, 139
Trd, 4319271.693, 119
Trd, 4319272.543, 103
Trd, 4319272.943, 93
Trd, 4319273.643, 93
Trd, 4319275.093, 107
Trd, 4319275.993, 94
Trd, 4319276.843, 94
Trd, 4319277.343, 105
Trd, 4319277.693, 138
Trd, 4319278.043, 88
Trd, 4319278.493, 87
Trd, 4319278.593, 82
Trd, 4319280.543, 76
Trd, 4319281.893, 140
Trd, 4319281.943, 139
Trd, 4319282.143, 132
Trd, 4319282.543, 108
Trd, 4319282.643, 104
Trd, 4319284.193, 82
Trd, 4319284.343, 74
Trd, 4319284.593, 72
Trd, 4319285.543, 140
Trd, 4319286.743, 139
Trd, 4319286.843, 99
Trd, 4319287.343, 68
Trd, 4319288.993, 70
Trd, 4319289.043, 87
Trd, 4319289.793, 96
Trd, 4319290.843, 140
Trd, 4319291.193, 140
Trd, 4319293.143, 140
Trd, 4319293.193, 140
Trd, 4319293.743, 140
Trd, 4319294.143, 139
Trd, 4319294.343, 113
Trd, 4319294.593, 109
Trd, 4319295.243, 94
Trd, 4319295.693, 88
Trd, 4319297.343, 137
Trd, 4319298.393, 140
Trd, 4319298.543, 113
Trd, 4319300.043, 93
Trd, 4319300.243, 92
Trd, 4319301.843, 99
Trd, 4319302.043, 64
Trd, 4319302.643, 107
Trd, 4319303.193, 72
Trd, 4319303.693, 129
Trd, 4319304.443, 139
Trd, 4319304.543, 138
Trd, 4319304.743, 137
Trd, 4319304.943, 90
Trd, 4319305.543, 80
Trd, 4319305.593, 84
Trd, 4319306.343, 80
Trd, 4319309.093, 82
Trd, 4319309.143, 107
Trd, 4319309.843, 113
Trd, 4319309.943, 113
Trd, 4319310.843, 99
Trd, 4319311.143, 78
Trd, 4319312.543, 111
Trd, 4319313.043, 75
Trd, 4319313.293, 138
Trd, 4319313.843, 117
Trd, 4319315.043, 109
Trd, 4319315.443, 93
Trd, 4319316.593, 124
Trd, 4319317.293, 128
Trd, 4319317.793, 128
Trd, 4319317.943, 127
Trd, 4319318.043, 126
Trd, 4319318.843, 98
Trd, 4319319.693, 108
Trd, 4319320.143, 84
Trd, 4319320.993, 74
Trd, 4319321.593, 64
Trd, 4319324.243, 70
Trd, 4319324.443, 66
Trd, 4319324.493, 63
Trd, 4319324.843, 113
Trd, 4319325.893, 71
Trd, 4319326.293, 72
Trd, 4319326.543, 69
Trd, 4319328.093, 67
Trd, 4319328.243, 79
Trd, 4319329.793, 62
Trd, 4319331.293, 66
Trd, 4319331.443, 73
Trd, 4319331.543, 75
Trd, 4319332.343, 74
Trd, 4319332.393, 69
Trd, 4319332.993, 70
Trd, 4319333.143, 65
Trd, 4319335.393, 94
Trd, 4319335.943, 109
Trd, 4319336.443, 113
Trd, 4319336.943, 91
Trd, 4319337.593, 89
Trd, 4319338.893, 64
Trd, 4319339.843, 68
Trd, 4319340.793, 103
Trd, 4319341.143, 102
Trd, 4319341.943, 124
Trd, 4319342.243, 100
Trd, 4319342.593, 90
Trd, 4319342.893, 80
Trd, 4319343.343, 83
Trd, 4319345.493, 99
Trd, 4319345.643, 90
Trd, 4319346.293, 90
Trd, 4319346.693, 89
Trd, 4319347.093, 84
Trd, 4319347.193, 116
Trd, 4319348.043, 103
Trd, 4319348.693, 63
Trd, 4319350.943, 71
Trd, 4319352.093, 76
Trd, 4319352.493, 79
Trd, 4319352.543, 82
Trd, 4319354.193, 114
Trd, 4319354.443, 89
Trd, 4319354.543, 83
Trd, 4319356.993, 130
Trd, 4319357.043, 129
Trd, 4319357.343, 103
Trd, 4319357.643, 77
Trd, 4319358.743, 104
Trd, 4319359.293, 103
Trd, 4319359.343, 111
Trd, 4319359.443, 101
Trd, 4319360.093, 89
Trd, 4319361.343, 93
Trd, 4319361.593, 89
Trd, 4319362.743, 60
Trd, 4319363.093, 63
Trd, 4319363.293, 138
Trd, 4319364.643, 66
Trd, 4319364.843, 79
Trd, 4319365.943, 85
Trd, 4319366.393, 108
Trd, 4319366.893, 104
Trd, 4319367.243, 91
Trd, 4319367.693, 83
Trd, 4319368.443, 110
Trd, 4319368.843, 134
Trd, 4319368.893, 134
Trd, 4319369.993, 97
Trd, 4319371.443, 82
Trd, 4319371.893, 112
Trd, 4319372.993, 112
Trd, 4319373.493, 111
Trd, 4319374.293, 132
Trd, 4319374.693, 115
Trd, 4319375.143, 89
Trd, 4319376.043, 98
Trd, 4319377.543, 89
Trd, 4319377.993, 93
Trd, 4319378.443, 106
Trd, 4319378.943, 92
Trd, 4319379.693, 133
Trd, 4319379.993, 95
Trd, 4319380.943, 95
Trd, 4319381.593, 69
Trd, 4319381.893, 68
Trd, 4319382.243, 70
Trd, 4319383.193, 117
Trd, 4319383.343, 133
Trd, 4319383.643, 97
Trd, 4319386.543, 63
Trd, 4319387.443, 71
Trd, 4319387.643, 98
Trd, 4319388.443, 82
Trd, 4319388.593, 81
Trd, 4319389.343, 119
Trd, 4319390.293, 106
Trd, 4319390.693, 88
Trd, 4319390.743, 75
Trd, 4319391.143, 65
Trd, 4319392.093, 83
Trd, 4319393.293, 78
Trd, 4319393.593, 84
Trd, 4319394.093, 66
Trd, 4319394.693, 80
Trd, 4319395.143, 98
Trd, 4319395.343, 70
Trd, 4319395.993, 93
Trd, 4319396.043, 84
Trd, 4319397.393, 124
Trd, 4319398.843, 62
Trd, 4319400.893, 65
Trd, 4319401.143, 71
Trd, 4319401.693, 63
Trd, 4319401.843, 92
Trd, 4319402.593, 81
Trd, 4319405.393, 71
Trd, 4319406.493, 83
Trd, 4319406.843, 135
Trd, 4319406.943, 105
Trd, 4319408.693, 85
Trd, 4319409.393, 83
Trd, 4319409.443, 77
Trd, 4319409.743, 68
Trd, 4319410.393, 117
Trd, 4319410.593, 134
Trd, 4319411.093, 118
Trd, 4319412.143, 91
Trd, 4319413.543, 85
Trd, 4319414.143, 133
Trd, 4319415.093, 139
Trd, 4319416.543, 106
Trd, 4319417.043, 101
Trd, 4319417.193, 101
Trd, 4319417.443, 98
Trd, 4319417.893, 97
Trd, 4319418.093, 98
Trd, 4319418.693, 101
Trd, 4319420.593, 91
Trd, 4319420.843, 89
Trd, 4319422.343, 101
Trd, 4319422.693, 106
Trd, 4319422.893, 105
Trd, 4319423.043, 105
Trd, 4319423.643, 111
Trd, 4319424.043, 98
Trd, 4319424.793, 139
Trd, 4319425.293, 79
Trd, 4319426.793, 109
Trd, 4319427.743, 82
Trd, 4319429.943, 114
Trd, 4319430.643, 129
Trd, 4319430.843, 129
Trd, 4319431.093, 119
Trd, 4319432.293, 106
Trd, 4319432.393, 126
Trd, 4319432.693, 102
Trd, 4319433.743, 110
Trd, 4319434.243, 88
Trd, 4319434.543, 83
Trd, 4319434.943, 115
Trd, 4319434.993, 115
Trd, 4319436.943, 87
Trd, 4319437.543, 140
Trd, 4319437.793, 139
Trd, 4319439.393, 100
Trd, 4319439.843, 75
Trd, 4319441.143, 92
Trd, 4319441.343, 82
Trd, 4319442.543, 130
Trd, 4319442.943, 129
Trd, 4319443.043, 76
Trd, 4319443.093, 75
Trd, 4319444.093, 140
Trd, 4319444.743, 62
Trd, 4319445.393, 68
Trd, 4319446.193, 68
Trd, 4319446.593, 109
Trd, 4319447.793, 76
Trd, 4319447.943, 73
Trd, 4319448.693, 95
Trd, 4319450.443, 74
Trd, 4319450.643, 78
Trd, 4319452.143, 62
Trd, 4319452.243, 69
Trd, 4319453.243, 65
Trd, 4319454.143, 67
Trd, 4319455.943, 71
Trd, 4319456.193, 87
Trd, 4319456.893, 138
Trd, 4319457.543, 107
Trd, 4319457.743, 108
Trd, 4319457.843, 107
Trd, 4319459.243, 97
Trd, 4319459.843, 79
Trd, 4319460.693, 71
Trd, 4319460.743, 74
Trd, 4319460.943, 76
Trd, 4319463.343, 63
Trd, 4319464.893, 96
Trd, 4319465.043, 110
Trd, 4319465.143, 95
Trd, 4319465.243, 119
Trd, 4319465.343, 96
Trd, 4319465.893, 104
Trd, 4319466.193, 95
Trd, 4319467.643, 89
Trd, 4319469.043, 61
Trd, 4319470.443, 62
Trd, 4319470.693, 73
Trd, 4319471.193, 83
Trd, 4319472.843, 110
Trd, 4319473.043, 111
Trd, 4319473.393, 109
Trd, 4319474.243, 71
Trd, 4319474.993, 91
Trd, 4319475.443, 103
Trd, 4319475.593, 109
Trd, 4319476.543, 130
Trd, 4319476.643, 130
Trd, 4319476.993, 135
Trd, 4319477.593, 118
Trd, 4319478.243, 100
Trd, 4319478.343, 86
Trd, 4319479.743, 62
Trd, 4319480.093, 62
Trd, 4319481.693, 91
Trd, 4319481.843, 71
Trd, 4319483.393, 67
Trd, 4319484.743, 63
Trd, 4319485.243, 68
Trd, 4319485.343, 113
Trd, 4319485.943, 132
Trd, 4319486.793, 65
Trd, 4319487.993, 104
Trd, 4319488.343, 86
Trd, 4319488.743, 84
Trd, 4319489.643, 98
Trd, 4319489.993, 99
Trd, 4319490.443, 98
Trd, 4319490.793, 95
Trd, 4319492.043, 63
Trd, 4319492.943, 79
Trd, 4319493.043, 78
Trd, 4319494.193, 85
Trd, 4319495.243, 63
Trd, 4319495.993, 61
Trd, 4319496.343, 73
Trd, 4319499.043, 68
Trd, 4319499.143, 67
Trd, 4319499.943, 67
Trd, 4319500.243, 122
Trd, 4319500.643, 94
Trd, 4319502.843, 136
Trd, 4319503.043, 92
Trd, 4319503.993, 96
Trd, 4319504.643, 98
Trd, 4319505.693, 64
Trd, 4319506.993, 68
Trd, 4319509.043, 74
Trd, 4319509.343, 75
Trd, 4319509.893, 72
Trd, 4319510.043, 119
Trd, 4319512.143, 62
Trd, 4319512.293, 62
Trd, 4319512.343, 65
Trd, 4319513.693, 65
Trd, 4319513.743, 66
Trd, 4319514.543, 73
Trd, 4319515.193, 72
Trd, 4319516.193, 63
Trd, 4319517.093, 124
Trd, 4319517.243, 69
Trd, 4319518.543, 82
Trd, 4319518.743, 82
Trd, 4319519.443, 91
Trd, 4319520.293, 79
Trd, 4319521.593, 70
Trd, 4319521.993, 64
Trd, 4319522.443, 68
Trd, 4319523.543, 61
Trd, 4319523.843, 85
Trd, 4319524.893, 80
Trd, 4319525.093, 102
Trd, 4319525.593, 74
Trd, 4319525.893, 138
Trd, 4319526.793, 69
Trd, 4319528.343, 61
Trd, 4319528.743, 81
Trd, 4319530.243, 74
Trd, 4319531.043, 66
Trd, 4319531.643, 70
Trd, 4319531.693, 78
Trd, 4319532.793, 71
Trd, 4319533.143, 70
Trd, 4319533.593, 119
Trd, 4319533.843, 122
Trd, 4319534.043, 88
Trd, 4319534.443, 112
Trd, 4319534.793, 91
Trd, 4319536.393, 60
Trd, 4319537.243, 100
Trd, 4319538.793, 62
Trd, 4319539.493, 72
Trd, 4319539.543, 92
Trd, 4319540.443, 128
Trd, 4319540.643, 128
Trd, 4319540.743, 127
Trd, 4319541.793, 89
Trd, 4319542.043, 88
Trd, 4319542.143, 88
Trd, 4319543.943, 112
Trd, 4319544.093, 135
Trd, 4319544.343, 106
Trd, 4319544.393, 102
Trd, 4319545.493, 85
Trd, 4319545.793, 88
Trd, 4319546.293, 83
Trd, 4319546.893, 108
Trd, 4319547.393, 102
Trd, 4319548.293, 102
Trd, 4319548.343, 126
Trd, 4319549.643, 112
Trd, 4319550.243, 107
Trd, 4319550.843, 67
Trd, 4319551.643, 62
Trd, 4319551.943, 63
Trd, 4319553.893, 67
Trd, 4319554.643, 62
Trd, 4319555.243, 68
Trd, 4319555.693, 75
Trd, 4319555.843, 79
Trd, 4319556.143, 100
Trd, 4319556.993, 102
Trd, 4319557.143, 99
Trd, 4319558.443, 107
Trd, 4319558.593, 106
Trd, 4319559.193, 95
Trd, 4319559.943, 97
Trd, 4319560.693, 84
Trd, 4319561.593, 118
Trd, 4319561.743, 88
Trd, 4319561.993, 103
Trd, 4319562.243, 86
Trd, 4319563.343, 78
Trd, 4319563.493, 78
Trd, 4319564.443, 88
Trd, 4319565.293, 87
Trd, 4319566.193, 71
Trd, 4319566.643, 74
Trd, 4319567.143, 139
Trd, 4319567.193, 139
Trd, 4319567.293, 71
Trd, 4319568.043, 69
Trd, 4319568.793, 73
Trd, 4319570.193, 135
Trd, 4319570.243, 105
Trd, 4319570.343, 95
Trd, 4319571.143, 64
Trd, 4319572.143, 135
Trd, 4319573.743, 102
Trd, 4319573.843, 140
Trd, 4319575.143, 76
Trd, 4319575.793, 109
Trd, 4319577.343, 86
Trd, 4319578.393, 87
Trd, 4319578.493, 94
Trd, 4319579.293, 60
Trd, 4319581.743, 87
Trd, 4319582.393, 75
Trd, 4319582.443, 90
Trd, 4319582.743, 85
Trd, 4319583.393, 68
Trd, 4319583.543, 83
Trd, 4319585.143, 130
Trd, 4319585.643, 121
Trd, 4319586.443, 122
Trd, 4319586.693, 99
Trd, 4319587.543, 73
Trd, 4319588.293, 101
Trd, 4319589.293, 105
Trd, 4319589.893, 77
Trd, 4319590.243, 90
Trd, 4319591.893, 86
Trd, 4319592.143, 103
Trd, 4319592.393, 82
Trd, 4319593.143, 123
Trd, 4319594.593, 100
Trd, 4319595.243, 102
Trd, 4319595.443, 119
Trd, 4319596.293, 87
Trd, 4319596.793, 121
Trd, 4319597.743, 91
Trd, 4319599.143, 112
Trd, 4319599.443, 103
Trd, 4319600.393, 101
Trd, 4319602.143, 140
Trd, 4319602.393, 139
Trd, 4319602.443, 139
Trd, 4319602.893, 129
Trd, 4319602.943, 104
Trd, 4319603.493, 81
Trd, 4319603.543, 107
Trd, 4319605.093, 131
Trd, 4319606.093, 133
Trd, 4319607.593, 111
Trd, 4319607.843, 100
Trd, 4319607.893, 100
Trd, 4319608.193, 119
Trd, 4319608.743, 102
Trd, 4319610.993, 100
Trd, 4319611.193, 125
Trd, 4319611.843, 98
Trd, 4319611.893, 89
Trd, 4319612.093, 69
Trd, 4319613.043, 135
Trd, 4319613.293, 134
Trd, 4319613.393, 90
Trd, 4319614.443, 140
Trd, 4319614.993, 110
Trd, 4319616.143, 106
Trd, 4319616.293, 105
Trd, 4319617.093, 100
Trd, 4319617.493, 86
Trd, 4319617.643, 86
Trd, 4319618.093, 77
Trd, 4319618.743, 61
Trd, 4319620.193, 94
Trd, 4319620.693, 74
Trd, 4319621.393, 91
Trd, 4319621.993, 66
Trd, 4319622.393, 80
Trd, 4319623.693, 70
Trd, 4319624.493, 71
Trd, 4319624.693, 70
Trd, 4319624.993, 78
Trd, 4319625.793, 88
Trd, 4319626.743, 67
Trd, 4319627.093, 79
Trd, 4319627.943, 82
Trd, 4319628.143, 83
Trd, 4319628.443, 111
Trd, 4319628.743, 81
Trd, 4319629.893, 126
Trd, 4319630.743, 86
Trd, 4319631.393, 74
Trd, 4319631.793, 97
Trd, 4319632.443, 73
Trd, 4319632.993, 76
Trd, 4319633.293, 76
Trd, 4319634.193, 81
Trd, 4319635.093, 120
Trd, 4319635.793, 66
Trd, 4319637.043, 67
Trd, 4319637.093, 66
Trd, 4319637.143, 86
Trd, 4319638.193, 74
Trd, 4319638.993, 89
Trd, 4319640.293, 78
Trd, 4319641.343, 78
Trd, 4319641.393, 77
Trd, 4319641.943, 76
Trd, 4319642.643, 71
Trd, 4319643.093, 119
Trd, 4319643.193, 103
Trd, 4319644.243, 65
Trd, 4319644.643, 62
Trd, 4319644.893, 63
Trd, 4319645.293, 131
Trd, 4319646.493, 121
Trd, 4319646.593, 108
Trd, 4319648.593, 140
Trd, 4319648.893, 108
Trd, 4319648.943, 107
Trd, 4319650.143, 103
Trd, 4319650.493, 103
Trd, 4319650.643, 110
Trd, 4319651.443, 86
Trd, 4319652.293, 81
Trd, 4319653.043, 75
Trd, 4319653.193, 134
Trd, 4319653.993, 83
Trd, 4319655.393, 73
Trd, 4319656.493, 76
Trd, 4319657.343, 67
Trd, 4319657.743, 65
Trd, 4319657.993, 92
Trd, 4319659.643, 96
Trd, 4319660.443, 106
Trd, 4319660.593, 106
Trd, 4319662.693, 118
Trd, 4319663.043, 118
Trd, 4319663.643, 117
Trd, 4319663.743, 117
Trd, 4319663.993, 98
Trd, 4319664.043, 95
Trd, 4319664.643, 81
Trd, 4319664.743, 104
Trd, 4319668.143, 140
Trd, 4319668.193, 140
Trd, 4319669.493, 120
Trd, 4319670.343, 100
Trd, 4319671.243, 97
Trd, 4319671.543, 113
Trd, 4319671.943, 70
Trd, 4319672.993, 96
Trd, 4319673.243, 90
Trd, 4319673.793, 90
Trd, 4319674.143, 107
Trd, 4319675.393, 84
Trd, 4319676.693, 75
Trd, 4319677.143, 80
Trd, 4319677.393, 66
Trd, 4319677.693, 65
Trd, 4319677.843, 99
Trd, 4319678.493, 76
Trd, 4319679.593, 60
Trd, 4319680.743, 133
Trd, 4319681.293, 96
Trd, 4319681.543, 93
Trd, 4319681.693, 110
Trd, 4319681.793, 75
Trd, 4319681.943, 71
Trd, 4319683.943, 114
Trd, 4319684.243, 92
Trd, 4319685.293, 76
Trd, 4319685.993, 140
Trd, 4319688.043, 96
Trd, 4319688.743, 63
Trd, 4319689.543, 84
Trd, 4319689.593, 103
Trd, 4319689.893, 69
Trd, 4319692.243, 64
Trd, 4319692.593, 67
Trd, 4319693.443, 67
Trd, 4319693.893, 74
Trd, 4319694.143, 77
Trd, 4319694.593, 111
Trd, 4319695.093, 66
Trd, 4319695.193, 90
Trd, 4319696.393, 68
Trd, 4319696.593, 79
Trd, 4319698.593, 80
Trd, 4319699.743, 77
Trd, 4319699.793, 91
Trd, 4319700.393, 92
Trd, 4319700.743, 104
Trd, 4319702.493, 112
Trd, 4319702.793, 96
Trd, 4319703.593, 87
Trd, 4319704.093, 85
Trd, 4319704.343, 97
Trd, 4319706.243, 83
Trd, 4319706.343, 105
Trd, 4319706.493, 66
Trd, 4319707.043, 97
Trd, 4319707.593, 69
Trd, 4319708.043, 89
Trd, 4319709.443, 129
Trd, 4319709.793, 128
Trd, 4319712.343, 63
Trd, 4319712.443, 61
Trd, 4319712.743, 64
Trd, 4319714.093, 92
Trd, 4319714.643, 86
Trd, 4319715.743, 87
Trd, 4319715.893, 85
Trd, 4319716.293, 74
Trd, 4319716.343, 89
Trd, 4319716.943, 100
Trd, 4319718.043, 85
Trd, 4319719.243, 77
Trd, 4319719.293, 74
Trd, 4319719.943, 112
Trd, 4319721.043, 98
Trd, 4319721.293, 90
Trd, 4319722.443, 130
Trd, 4319722.643, 130
Trd, 4319722.793, 108
Trd, 4319724.093, 128
Trd, 4319725.793, 115
Trd, 4319725.943, 82
Trd, 4319726.543, 100
Trd, 4319727.743, 110
Trd, 4319728.743, 81
Trd, 4319730.543, 93
Trd, 4319732.043, 91
Trd, 4319732.143, 94
Trd, 4319732.293, 98
Trd, 4319732.393, 90
Trd, 4319733.043, 126
Trd, 4319733.093, 91
Trd, 4319734.643, 63
Trd, 4319735.093, 136
Trd, 4319736.143, 62
Trd, 4319736.243, 82
Trd, 4319736.893, 104
Trd, 4319737.693, 89
Trd, 4319739.393, 106
Trd, 4319740.493, 100
Trd, 4319740.643, 106
Trd, 4319741.743, 127
Trd, 4319742.343, 79
Trd, 4319742.943, 119
Trd, 4319743.843, 84
Trd, 4319743.943, 102
Trd, 4319743.993, 78
Trd, 4319745.443, 92
Trd, 4319746.243, 113
Trd, 4319746.443, 81
Trd, 4319747.493, 61
Trd, 4319749.943, 60
Trd, 4319750.093, 65
Trd, 4319750.643, 99
Trd, 4319751.193, 138
Trd, 4319751.243, 138
Trd, 4319751.943, 126
Trd, 4319752.143, 113
Trd, 4319752.293, 109
Trd, 4319752.443, 93
Trd, 4319753.843, 65
Trd, 4319755.393, 81
Trd, 4319755.893, 81
Trd, 4319756.393, 81
Trd, 4319756.893, 139
Trd, 4319757.843, 102
Trd, 4319758.143, 102
Trd, 4319759.643, 104
Trd, 4319759.693, 89
Trd, 4319760.693, 83
Trd, 4319761.343, 107
Trd, 4319761.443, 98
Trd, 4319762.243, 94
Trd, 4319763.993, 66
Trd, 4319764.593, 103
Trd, 4319765.193, 71
Trd, 4319765.843, 92
Trd, 4319766.543, 69
Trd, 4319767.393, 92
Trd, 4319768.443, 64
Trd, 4319769.043, 78
Trd, 4319770.093, 82
Trd, 4319771.393, 82
Trd, 4319771.593, 82
Trd, 4319771.693, 80
Trd, 4319772.043, 104
Trd, 4319773.843, 75
Trd, 4319774.543, 74
Trd, 4319775.293, 73
Trd, 4319776.193, 109
Trd, 4319776.993, 106
Trd, 4319777.693, 113
Trd, 4319779.393, 139
Trd, 4319779.693, 107
Trd, 4319781.293, 108
Trd, 4319781.343, 94
Trd, 4319782.743, 120
Trd, 4319782.893, 119
Trd, 4319782.993, 128
Trd, 4319783.343, 138
Trd, 4319783.793, 96
Trd, 4319784.693, 122
Trd, 4319785.593, 114
Trd, 4319785.743, 113
Trd, 4319786.043, 105
Trd, 4319787.693, 105
Trd, 4319788.193, 108
Trd, 4319788.843, 134
Trd, 4319789.343, 103
Trd, 4319790.793, 90
Trd, 4319792.243, 98
Trd, 4319792.943, 90
Trd, 4319793.043, 102
Trd, 4319793.493, 138
Trd, 4319794.293, 111
Trd, 4319794.893, 108
Trd, 4319795.493, 96
Trd, 4319795.993, 92
Trd, 4319796.793, 102
Trd, 4319798.143, 82
Trd, 4319799.193, 102
Trd, 4319800.693, 129
Trd, 4319800.743, 129
Trd, 4319801.693, 128
Trd, 4319801.743, 85
Trd, 4319802.593, 130
Trd, 4319802.793, 130
Trd, 4319802.993, 129
Trd, 4319803.143, 112
Trd, 4319804.793, 127
Trd, 4319805.793, 98
Trd, 4319806.743, 126
Trd, 4319807.193, 103
Trd, 4319807.893, 74
Trd, 4319808.443, 107
Trd, 4319809.693, 71
Trd, 4319809.993, 84
Trd, 4319810.393, 73
Trd, 4319811.143, 102
Trd, 4319811.193, 89
Trd, 4319811.843, 119
Trd, 4319812.193, 116
Trd, 4319812.343, 113
Trd, 4319812.993, 92
Trd, 4319814.143, 98
Trd, 4319814.393, 139
Trd, 4319815.343, 101
Trd, 4319815.843, 115
Trd, 4319816.393, 114
Trd, 4319817.393, 69
Trd, 4319819.293, 70
Trd, 4319820.543, 60
Trd, 4319820.643, 63
Trd, 4319822.193, 78
Trd, 4319823.393, 97
Trd, 4319823.643, 82
Trd, 4319824.293, 104
Trd, 4319824.993, 136
Trd, 4319825.143, 135
Trd, 4319825.693, 135
Trd, 4319825.943, 63
Trd, 4319827.993, 109
Trd, 4319829.243, 123
Trd, 4319829.493, 135
Trd, 4319830.093, 134
Trd, 4319830.243, 123
Trd, 4319830.843, 138
Trd, 4319831.093, 140
Trd, 4319833.493, 115
Trd, 4319833.643, 115
Trd, 4319834.043, 114
Trd, 4319835.093, 107
Trd, 4319836.493, 122
Trd, 4319837.193, 105
Trd, 4319837.443, 99
Trd, 4319838.443, 111
Trd, 4319840.043, 97
Trd, 4319840.293, 101
Trd, 4319842.893, 106
Trd, 4319843.293, 114
Trd, 4319843.343, 113
Trd, 4319843.543, 103
Trd, 4319844.143, 136
Trd, 4319845.043, 84
Trd, 4319845.693, 67
Trd, 4319846.143, 69
Trd, 4319848.393, 88
Trd, 4319848.643, 96
Trd, 4319849.693, 76
Trd, 4319850.043, 88
Trd, 4319850.743, 98
Trd, 4319851.143, 101
Trd, 4319851.543, 75
Trd, 4319853.143, 97
Trd, 4319853.493, 95
Trd, 4319853.743, 107
Trd, 4319854.893, 84
Trd, 4319856.693, 132
Trd, 4319856.893, 139
Trd, 4319857.443, 117
Trd, 4319857.993, 130
Trd, 4319858.093, 128
Trd, 4319858.943, 110
Trd, 4319859.143, 99
Trd, 4319861.143, 140
Trd, 4319862.043, 140
Trd, 4319862.843, 136
Trd, 4319863.293, 127
Trd, 4319863.743, 112
Trd, 4319864.443, 136
Trd, 4319865.793, 97
Trd, 4319867.393, 112
Trd, 4319868.243, 111
Trd, 4319868.343, 100
Trd, 4319868.543, 89
Trd, 4319868.643, 82
Trd, 4319870.093, 69
Trd, 4319871.143, 63
Trd, 4319872.093, 64
Trd, 4319872.343, 73
Trd, 4319873.393, 121
Trd, 4319874.193, 108
Trd, 4319874.343, 95
Trd, 4319875.693, 84
Trd, 4319875.993, 83
Trd, 4319877.143, 132
Trd, 4319877.743, 139
Trd, 4319878.193, 107
Trd, 4319879.293, 140
Trd, 4319879.943, 109
Trd, 4319880.493, 119
Trd, 4319880.993, 97
Trd, 4319881.843, 130
Trd, 4319882.593, 119
Trd, 4319883.143, 103
Trd, 4319883.643, 86
Trd, 4319885.193, 73
Trd, 4319886.093, 63
Trd, 4319886.643, 88
Trd, 4319886.843, 88
Trd, 4319889.043, 98
Trd, 4319889.343, 97
Trd, 4319889.693, 96
Trd, 4319890.593, 136
Trd, 4319891.693, 92
Trd, 4319892.193, 83
Trd, 4319893.693, 80
Trd, 4319893.893, 88
Trd, 4319895.043, 88
Trd, 4319895.643, 117
Trd, 4319895.743, 98
Trd, 4319897.143, 115
Trd, 4319897.743, 138
Trd, 4319898.343, 137
Trd, 4319898.443, 116
Trd, 4319899.043, 125
Trd, 4319899.143, 123
Trd, 4319900.143, 138
Trd, 4319900.393, 113
Trd, 4319901.093, 116
Trd, 4319903.643, 87
Trd, 4319904.243, 121
Trd, 4319904.393, 91
Trd, 4319905.343, 139
Trd, 4319905.593, 138
Trd, 4319905.993, 127
Trd, 4319908.093, 73
Trd, 4319909.093, 72
Trd, 4319910.143, 90
Trd, 4319910.493, 95
Trd, 4319910.993, 95
Trd, 4319911.643, 82
Trd, 4319912.043, 122
Trd, 4319912.393, 108
Trd, 4319914.493, 111
Trd, 4319914.843, 116
Trd, 4319915.193, 108
Trd, 4319915.293, 128
Trd, 4319916.393, 116
Trd, 4319916.443, 115
Trd, 4319917.093, 66
Trd, 4319917.793, 129
Trd, 4319918.193, 104
Trd, 4319918.493, 104
Trd, 4319919.643, 65
Trd, 4319921.043, 82
Trd, 4319921.943, 69
Trd, 4319922.193, 92
Trd, 4319922.243, 92
Trd, 4319922.843, 90
Trd, 4319923.043, 89
Trd, 4319923.993, 89
Trd, 4319924.143, 76
Trd, 4319924.493, 65
Trd, 4319925.693, 62
Trd, 4319926.293, 61
Trd, 4319927.143, 87
Trd, 4319927.393, 113
Trd, 4319927.643, 82
Trd, 4319927.793, 83
Trd, 4319929.043, 106
Trd, 4319930.293, 80
Trd, 4319930.443, 80
Trd, 4319931.093, 79
Trd, 4319931.693, 72
Trd, 4319932.043, 132
Trd, 4319933.043, 128
Trd, 4319933.493, 129
Trd, 4319933.843, 105
Trd, 4319934.443, 140
Trd, 4319934.993, 88
Trd, 4319935.943, 66
Trd, 4319937.293, 74
Trd, 4319937.443, 75
Trd, 4319937.943, 63
Trd, 4319939.693, 82
Trd, 4319940.393, 132
Trd, 4319940.943, 116
Trd, 4319941.493, 90
Trd, 4319942.543, 109
Trd, 4319942.893, 92
Trd, 4319943.143, 135
Trd, 4319943.193, 92
Trd, 4319945.893, 71
Trd, 4319947.493, 61
Trd, 4319948.593, 80
Trd, 4319948.993, 86
Trd, 4319949.243, 107
Trd, 4319949.943, 77
Trd, 4319950.743, 75
Trd, 4319951.443, 79
Trd, 4319952.693, 62
Trd, 4319954.093, 81
Trd, 4319954.493, 96
Trd, 4319955.393, 110
Trd, 4319955.743, 98
Trd, 4319957.043, 109
Trd, 4319957.643, 127
Trd, 4319958.993, 129
Trd, 4319959.143, 128
Trd, 4319959.843, 128
Trd, 4319960.093, 105
Trd, 4319961.193, 131
Trd, 4319961.543, 116
Trd, 4319961.993, 103
Trd, 4319962.543, 98
Trd, 4319962.943, 98
Trd, 4319963.193, 98
Trd, 4319963.643, 60
Trd, 4319965.943, 104
Trd, 4319966.093, 140
Trd, 4319966.993, 121
Trd, 4319967.493, 78
Trd, 4319968.693, 125
Trd, 4319969.643, 122
Trd, 4319969.743, 122
Trd, 4319971.643, 123
Trd, 4319973.443, 116
Trd, 4319973.893, 123
Trd, 4319974.243, 115
Trd, 4319974.643, 115
Trd, 4319974.843, 110
Trd, 4319975.493, 70
Trd, 4319975.643, 74
Trd, 4319975.793, 64
Trd, 4319976.193, 129
Trd, 4319977.643, 84
Trd, 4319978.993, 107
Trd, 4319979.143, 61
Trd, 4319981.443, 86
Trd, 4319981.693, 100
Trd, 4319982.893, 92
Trd, 4319983.043, 80
Trd, 4319983.793, 72
Trd, 4319984.943, 103
Trd, 4319985.093, 95
Trd, 4319985.193, 114
Trd, 4319986.243, 133
Trd, 4319986.343, 113
Trd, 4319986.843, 140
Trd, 4319987.443, 136
Trd, 4319988.043, 77
Trd, 4319988.993, 75
Trd, 4319989.843, 93
Trd, 4319990.993, 101
Trd, 4319991.943, 133
Trd, 4319992.043, 81
Trd, 4319992.193, 81
Trd, 4319992.693, 116
Trd, 4319993.243, 83
Trd, 4319993.993, 113
Trd, 4319996.093, 73
Trd, 4319996.343, 74
Trd, 4319996.693, 74
Trd, 4319997.243, 80
Trd, 4319997.443, 72
Trd, 4319998.093, 95
Trd, 4319998.493, 91
