Trd, 4318127.293, 132
Trd, 4318128.643, 138
Trd, 4318129.693, 135
Trd, 4318129.893, 134
Trd, 4318131.043, 140
Trd, 4318131.543, 69
Trd, 4318131.843, 70
Trd, 4318131.993, 135
Trd, 4318132.343, 129
Trd, 4318132.443, 92
Trd, 4318133.643, 65
Trd, 4318133.943, 101
Trd, 4318134.543, 70
Trd, 4318135.843, 61
Trd, 4318136.143, 64
Trd, 4318136.443, 100
Trd, 4318137.393, 140
Trd, 4318137.443, 61
Trd, 4318138.493, 119
Trd, 4318139.793, 89
Trd, 4318140.393, 107
Trd, 4318140.593, 103
Trd, 4318141.243, 104
Trd, 4318141.543, 136
Trd, 4318143.293, 140
Trd, 4318143.393, 130
Trd, 4318143.893, 117
Trd, 4318144.643, 128
Trd, 4318145.543, 123
Trd, 4318145.643, 95
Trd, 4318147.143, 135
Trd, 4318149.093, 138
Trd, 4318149.343, 138
Trd, 4318149.393, 121
Trd, 4318150.093, 125
Trd, 4318150.243, 118
Trd, 4318150.793, 128
Trd, 4318151.493, 63
Trd, 4318152.643, 65
Trd, 4318153.143, 140
Trd, 4318153.943, 132
Trd, 4318154.093, 121
Trd, 4318154.793, 124
Trd, 4318155.643, 118
Trd, 4318155.943, 106
Trd, 4318155.993, 62
Trd, 4318157.743, 140
Trd, 4318158.493, 140
Trd, 4318159.443, 140
Trd, 4318160.143, 134
Trd, 4318162.843, 140
Trd, 4318163.293, 138
Trd, 4318163.993, 138
Trd, 4318164.143, 135
Trd, 4318165.343, 123
Trd, 4318165.543, 100
Trd, 4318165.693, 69
Trd, 4318166.743, 140
Trd, 4318167.993, 135
Trd, 4318168.193, 134
Trd, 4318168.693, 126
Trd, 4318170.643, 139
Trd, 4318171.593, 133
Trd, 4318171.993, 114
Trd, 4318172.043, 112
Trd, 4318172.543, 66
Trd, 4318174.143, 140
Trd, 4318174.193, 140
Trd, 4318174.393, 109
Trd, 4318175.693, 140
Trd, 4318175.993, 130
Trd, 4318177.443, 138
Trd, 4318177.643, 137
Trd, 4318177.943, 74
Trd, 4318178.493, 74
Trd, 4318179.093, 61
Trd, 4318179.593, 61
Trd, 4318180.393, 140
Trd, 4318181.793, 138
Trd, 4318182.843, 138
Trd, 4318183.493, 139
Trd, 4318184.393, 134
Trd, 4318184.543, 100
Trd, 4318184.843, 96
Trd, 4318185.243, 91
Trd, 4318186.543, 139
Trd, 4318186.593, 81
Trd, 4318187.043, 118
Trd, 4318188.093, 119
Trd, 4318188.593, 139
Trd, 4318189.743, 134
Trd, 4318190.093, 121
Trd, 4318191.293, 66
Trd, 4318191.393, 68
Trd, 4318191.643, 73
Trd, 4318192.493, 94
Trd, 4318193.243, 109
Trd, 4318193.843, 88
Trd, 4318195.343, 86
Trd, 4318195.693, 104
Trd, 4318195.793, 81
Trd, 4318196.793, 140
Trd, 4318197.193, 99
Trd, 4318198.593, 126
Trd, 4318198.943, 131
Trd, 4318199.043, 137
Trd, 4318199.893, 126
Trd, 4318200.393, 132
Trd, 4318201.643, 138
Trd, 4318202.043, 121
Trd, 4318202.543, 88
Trd, 4318203.043, 81
Trd, 4318204.343, 140
Trd, 4318204.793, 139
Trd, 4318205.343, 125
Trd, 4318206.793, 135
Trd, 4318207.393, 126
Trd, 4318207.693, 102
Trd, 4318210.443, 140
Trd, 4318212.393, 140
Trd, 4318212.443, 134
Trd, 4318213.193, 139
Trd, 4318215.443, 112
Trd, 4318215.793, 130
Trd, 4318215.943, 126
Trd, 4318216.093, 104
Trd, 4318216.643, 95
Trd, 4318217.393, 140
Trd, 4318219.343, 137
Trd, 4318219.793, 139
Trd, 4318221.493, 140
Trd, 4318223.093, 140
Trd, 4318223.393, 140
Trd, 4318223.443, 131
Trd, 4318224.193, 68
Trd, 4318224.693, 76
Trd, 4318224.843, 78
Trd, 4318224.943, 64
Trd, 4318225.943, 140
Trd, 4318226.393, 140
Trd, 4318227.343, 129
Trd, 4318227.793, 79
Trd, 4318228.643, 105
Trd, 4318229.493, 130
Trd, 4318229.793, 138
Trd, 4318230.943, 130
Trd, 4318231.793, 136
Trd, 4318231.843, 128
Trd, 4318232.793, 139
Trd, 4318233.893, 111
Trd, 4318234.443, 60
Trd, 4318235.243, 140
Trd, 4318236.393, 139
Trd, 4318236.443, 138
Trd, 4318237.893, 139
Trd, 4318238.193, 113
Trd, 4318239.693, 140
Trd, 4318239.743, 134
Trd, 4318240.893, 97
Trd, 4318242.393, 107
Trd, 4318242.743, 80
Trd, 4318243.043, 140
Trd, 4318243.193, 119
Trd, 4318243.393, 131
Trd, 4318245.743, 134
Trd, 4318246.743, 66
Trd, 4318247.493, 140
Trd, 4318247.643, 140
Trd, 4318248.843, 61
Trd, 4318249.493, 64
Trd, 4318250.143, 126
Trd, 4318250.793, 125
Trd, 4318252.393, 84
Trd, 4318252.493, 127
Trd, 4318253.143, 60
Trd, 4318253.493, 64
Trd, 4318254.743, 133
Trd, 4318255.993, 140
Trd, 4318256.143, 140
Trd, 4318256.793, 116
Trd, 4318257.543, 91
Trd, 4318258.693, 137
Trd, 4318258.743, 115
Trd, 4318259.293, 108
Trd, 4318260.293, 89
Trd, 4318260.993, 103
Trd, 4318261.343, 140
Trd, 4318262.243, 80
Trd, 4318262.593, 140
Trd, 4318262.743, 62
Trd, 4318263.393, 139
Trd, 4318265.493, 86
Trd, 4318265.593, 69
Trd, 4318266.193, 85
Trd, 4318266.593, 108
Trd, 4318267.593, 61
Trd, 4318268.493, 62
Trd, 4318269.893, 124
Trd, 4318271.343, 140
Trd, 4318271.743, 140
Trd, 4318272.643, 140
Trd, 4318273.893, 138
Trd, 4318274.893, 139
Trd, 4318277.293, 139
Trd, 4318277.443, 135
Trd, 4318277.943, 138
Trd, 4318278.993, 74
Trd, 4318279.193, 67
Trd, 4318279.543, 72
Trd, 4318279.943, 139
Trd, 4318280.443, 138
Trd, 4318280.743, 128
Trd, 4318281.343, 90
Trd, 4318282.093, 103
Trd, 4318282.693, 106
Trd, 4318282.993, 98
Trd, 4318283.393, 130
Trd, 4318283.543, 131
Trd, 4318283.593, 85
Trd, 4318284.943, 131
Trd, 4318285.843, 139
Trd, 4318286.393, 88
Trd, 4318287.393, 65
Trd, 4318287.593, 60
Trd, 4318287.893, 65
Trd, 4318288.343, 95
Trd, 4318288.593, 60
Trd, 4318291.243, 139
Trd, 4318291.543, 131
Trd, 4318292.193, 129
Trd, 4318292.843, 139
Trd, 4318292.993, 124
Trd, 4318293.593, 104
Trd, 4318293.843, 108
Trd, 4318294.643, 99
Trd, 4318295.743, 140
Trd, 4318297.893, 140
Trd, 4318298.143, 140
Trd, 4318299.493, 106
Trd, 4318299.943, 136
Trd, 4318300.393, 131
Trd, 4318301.443, 112
Trd, 4318301.843, 115
Trd, 4318302.243, 102
Trd, 4318303.893, 126
Trd, 4318304.543, 140
Trd, 4318305.093, 134
Trd, 4318305.793, 129
Trd, 4318305.943, 95
Trd, 4318306.343, 140
Trd, 4318306.943, 93
Trd, 4318307.293, 77
Trd, 4318307.843, 125
Trd, 4318308.593, 69
Trd, 4318311.143, 63
Trd, 4318311.543, 68
Trd, 4318312.593, 137
Trd, 4318313.393, 84
Trd, 4318313.593, 87
Trd, 4318313.893, 82
Trd, 4318315.293, 60
Trd, 4318315.643, 61
Trd, 4318316.593, 63
Trd, 4318316.943, 100
Trd, 4318317.493, 60
Trd, 4318317.543, 64
Trd, 4318318.593, 140
Trd, 4318319.743, 140
Trd, 4318320.943, 140
Trd, 4318321.543, 95
Trd, 4318322.293, 62
Trd, 4318322.343, 79
Trd, 4318322.743, 134
Trd, 4318323.593, 64
Trd, 4318324.343, 61
Trd, 4318324.693, 122
Trd, 4318325.893, 140
Trd, 4318327.643, 135
Trd, 4318327.843, 97
Trd, 4318327.943, 96
Trd, 4318328.193, 84
Trd, 4318329.143, 137
Trd, 4318330.193, 63
Trd, 4318330.593, 63
Trd, 4318331.343, 83
Trd, 4318332.443, 140
Trd, 4318334.093, 139
Trd, 4318336.343, 139
Trd, 4318336.543, 139
Trd, 4318337.743, 122
Trd, 4318337.993, 139
Trd, 4318338.093, 112
Trd, 4318339.393, 131
Trd, 4318342.293, 140
Trd, 4318342.393, 140
Trd, 4318342.493, 140
Trd, 4318342.643, 140
Trd, 4318342.943, 137
Trd, 4318343.093, 119
Trd, 4318343.143, 111
Trd, 4318343.993, 139
Trd, 4318344.143, 132
Trd, 4318344.493, 109
Trd, 4318345.743, 93
Trd, 4318346.393, 120
Trd, 4318347.893, 140
Trd, 4318348.643, 137
Trd, 4318348.693, 135
Trd, 4318349.143, 128
Trd, 4318349.793, 104
Trd, 4318349.943, 140
Trd, 4318350.993, 110
Trd, 4318351.543, 93
Trd, 4318352.693, 95
Trd, 4318353.693, 127
Trd, 4318353.993, 116
Trd, 4318354.443, 120
Trd, 4318355.143, 140
Trd, 4318355.543, 120
Trd, 4318357.193, 102
Trd, 4318357.793, 92
Trd, 4318357.943, 108
Trd, 4318358.543, 92
Trd, 4318358.593, 91
Trd, 4318358.993, 121
Trd, 4318360.093, 139
Trd, 4318361.043, 135
Trd, 4318361.243, 97
Trd, 4318361.793, 137
Trd, 4318363.043, 63
Trd, 4318363.993, 60
Trd, 4318364.393, 62
Trd, 4318364.793, 95
Trd, 4318365.193, 61
Trd, 4318366.293, 118
Trd, 4318367.543, 114
Trd, 4318367.943, 113
Trd, 4318368.193, 85
Trd, 4318368.943, 136
Trd, 4318369.393, 108
Trd, 4318370.293, 120
Trd, 4318370.543, 112
Trd, 4318371.743, 138
Trd, 4318372.343, 139
Trd, 4318373.743, 121
Trd, 4318374.943, 111
Trd, 4318375.593, 96
Trd, 4318376.043, 119
Trd, 4318377.043, 130
Trd, 4318377.343, 110
Trd, 4318378.143, 140
Trd, 4318379.643, 136
Trd, 4318381.043, 140
Trd, 4318381.243, 140
Trd, 4318381.593, 140
Trd, 4318382.143, 137
Trd, 4318382.993, 107
Trd, 4318383.043, 94
Trd, 4318383.593, 88
Trd, 4318384.243, 129
Trd, 4318385.093, 128
Trd, 4318385.393, 92
Trd, 4318385.743, 127
Trd, 4318386.043, 139
Trd, 4318386.443, 121
Trd, 4318390.343, 140
Trd, 4318390.443, 140
Trd, 4318391.343, 115
Trd, 4318392.693, 113
Trd, 4318393.393, 121
Trd, 4318393.693, 100
Trd, 4318393.993, 100
Trd, 4318394.443, 140
Trd, 4318395.893, 140
Trd, 4318397.543, 140
Trd, 4318397.743, 139
Trd, 4318397.943, 136
Trd, 4318398.793, 140
Trd, 4318399.993, 115
Trd, 4318400.543, 117
Trd, 4318401.993, 140
Trd, 4318402.643, 138
Trd, 4318402.843, 86
Trd, 4318403.093, 117
Trd, 4318403.343, 96
Trd, 4318403.543, 82
Trd, 4318404.693, 139
Trd, 4318406.093, 125
Trd, 4318406.643, 138
Trd, 4318407.043, 88
Trd, 4318408.493, 86
Trd, 4318408.843, 60
Trd, 4318409.393, 100
Trd, 4318410.543, 101
Trd, 4318410.743, 60
Trd, 4318411.793, 140
Trd, 4318411.943, 96
Trd, 4318412.143, 123
Trd, 4318412.793, 108
Trd, 4318413.143, 103
Trd, 4318413.393, 137
Trd, 4318414.693, 137
Trd, 4318415.093, 136
Trd, 4318415.843, 66
Trd, 4318415.943, 104
Trd, 4318415.993, 105
Trd, 4318417.293, 60
Trd, 4318418.093, 61
Trd, 4318419.093, 72
Trd, 4318419.593, 64
Trd, 4318420.493, 95
Trd, 4318421.643, 60
Trd, 4318422.243, 60
Trd, 4318422.293, 60
Trd, 4318422.943, 62
Trd, 4318424.243, 63
Trd, 4318425.293, 63
Trd, 4318425.793, 73
Trd, 4318425.843, 92
Trd, 4318426.743, 90
Trd, 4318426.943, 73
Trd, 4318427.393, 105
Trd, 4318428.943, 60
Trd, 4318429.043, 60
Trd, 4318429.643, 61
Trd, 4318429.993, 67
Trd, 4318430.643, 81
Trd, 4318430.793, 66
Trd, 4318432.943, 62
Trd, 4318433.143, 137
Trd, 4318433.343, 135
Trd, 4318434.143, 140
Trd, 4318435.293, 137
Trd, 4318435.693, 130
Trd, 4318436.643, 68
Trd, 4318436.893, 63
Trd, 4318437.343, 94
Trd, 4318437.643, 112
Trd, 4318438.193, 79
Trd, 4318439.743, 87
Trd, 4318439.893, 92
Trd, 4318439.943, 87
Trd, 4318441.093, 66
Trd, 4318442.843, 140
Trd, 4318443.543, 140
Trd, 4318445.043, 140
Trd, 4318445.543, 138
Trd, 4318445.593, 137
Trd, 4318446.393, 73
Trd, 4318447.293, 77
Trd, 4318449.093, 140
Trd, 4318449.493, 140
Trd, 4318450.593, 140
Trd, 4318450.693, 129
Trd, 4318450.893, 128
Trd, 4318452.243, 136
Trd, 4318453.043, 140
Trd, 4318453.393, 107
Trd, 4318454.093, 106
Trd, 4318454.893, 138
Trd, 4318455.043, 95
Trd, 4318455.493, 79
Trd, 4318456.293, 75
Trd, 4318456.643, 138
Trd, 4318457.043, 87
Trd, 4318459.193, 140
Trd, 4318459.593, 126
Trd, 4318459.993, 103
Trd, 4318460.393, 88
Trd, 4318460.493, 119
Trd, 4318461.093, 140
Trd, 4318461.243, 119
Trd, 4318463.593, 100
Trd, 4318463.693, 86
Trd, 4318464.593, 118
Trd, 4318464.993, 140
Trd, 4318465.643, 132
Trd, 4318465.943, 138
Trd, 4318466.643, 139
Trd, 4318466.793, 140
Trd, 4318468.643, 139
Trd, 4318469.943, 140
Trd, 4318470.143, 129
Trd, 4318470.393, 127
Trd, 4318471.043, 110
Trd, 4318471.243, 107
Trd, 4318471.593, 135
Trd, 4318473.493, 140
Trd, 4318473.893, 140
Trd, 4318474.943, 140
Trd, 4318475.093, 110
Trd, 4318475.343, 107
Trd, 4318475.743, 85
Trd, 4318476.293, 73
Trd, 4318477.843, 140
Trd, 4318478.443, 140
Trd, 4318478.793, 134
Trd, 4318479.043, 140
Trd, 4318479.343, 120
Trd, 4318480.793, 115
Trd, 4318482.093, 111
Trd, 4318482.243, 79
Trd, 4318482.443, 91
Trd, 4318483.143, 108
Trd, 4318483.493, 107
Trd, 4318485.793, 140
Trd, 4318486.093, 138
Trd, 4318486.193, 132
Trd, 4318486.543, 99
Trd, 4318488.393, 140
Trd, 4318488.543, 104
Trd, 4318488.943, 123
Trd, 4318489.243, 90
Trd, 4318490.843, 61
Trd, 4318491.193, 62
Trd, 4318491.293, 63
Trd, 4318491.593, 78
Trd, 4318492.743, 132
Trd, 4318493.293, 130
Trd, 4318494.293, 109
Trd, 4318494.443, 84
Trd, 4318494.543, 83
Trd, 4318494.893, 72
Trd, 4318496.793, 127
Trd, 4318497.993, 134
Trd, 4318498.593, 140
Trd, 4318499.293, 138
Trd, 4318500.093, 135
Trd, 4318501.293, 130
Trd, 4318502.043, 110
Trd, 4318504.043, 138
Trd, 4318504.293, 132
Trd, 4318506.043, 140
Trd, 4318506.643, 138
Trd, 4318506.793, 121
Trd, 4318507.443, 83
Trd, 4318507.493, 82
Trd, 4318507.993, 140
Trd, 4318508.243, 87
Trd, 4318509.093, 113
Trd, 4318510.993, 132
Trd, 4318511.393, 115
Trd, 4318511.493, 68
Trd, 4318513.393, 126
Trd, 4318513.793, 104
Trd, 4318514.143, 75
Trd, 4318514.843, 140
Trd, 4318516.193, 72
Trd, 4318516.693, 60
Trd, 4318516.843, 63
Trd, 4318518.093, 140
Trd, 4318518.293, 109
Trd, 4318519.593, 95
Trd, 4318519.943, 140
Trd, 4318520.343, 94
Trd, 4318521.093, 139
Trd, 4318521.793, 138
Trd, 4318522.343, 83
Trd, 4318522.943, 98
Trd, 4318523.643, 62
Trd, 4318523.993, 61
Trd, 4318524.193, 88
Trd, 4318524.943, 140
Trd, 4318527.093, 140
Trd, 4318527.743, 140
Trd, 4318527.993, 139
Trd, 4318528.743, 127
Trd, 4318529.093, 122
Trd, 4318531.693, 140
Trd, 4318531.743, 137
Trd, 4318532.693, 140
Trd, 4318532.943, 108
Trd, 4318533.643, 139
Trd, 4318534.193, 140
Trd, 4318534.493, 137
Trd, 4318534.543, 110
Trd, 4318536.343, 115
Trd, 4318536.643, 93
Trd, 4318537.093, 119
Trd, 4318538.343, 140
Trd, 4318539.193, 132
Trd, 4318539.793, 60
Trd, 4318540.793, 135
Trd, 4318541.943, 119
Trd, 4318542.093, 60
Trd, 4318543.143, 63
Trd, 4318543.743, 140
Trd, 4318544.143, 140
Trd, 4318544.493, 126
Trd, 4318544.993, 63
Trd, 4318546.343, 60
Trd, 4318548.493, 139
Trd, 4318548.793, 129
Trd, 4318548.843, 127
Trd, 4318549.693, 119
Trd, 4318550.493, 122
Trd, 4318551.293, 140
Trd, 4318552.093, 138
Trd, 4318553.843, 140
Trd, 4318554.243, 137
Trd, 4318554.743, 137
Trd, 4318555.143, 126
Trd, 4318555.593, 98
Trd, 4318556.493, 111
Trd, 4318556.843, 111
Trd, 4318557.243, 64
Trd, 4318557.593, 121
Trd, 4318558.443, 75
Trd, 4318560.043, 140
Trd, 4318561.043, 140
Trd, 4318561.743, 130
Trd, 4318562.143, 139
Trd, 4318562.193, 126
Trd, 4318563.243, 128
Trd, 4318563.743, 97
Trd, 4318563.843, 110
Trd, 4318564.893, 136
Trd, 4318565.443, 134
Trd, 4318566.193, 140
Trd, 4318566.793, 121
Trd, 4318567.943, 136
Trd, 4318569.393, 134
Trd, 4318569.743, 101
Trd, 4318570.343, 103
Trd, 4318570.943, 63
Trd, 4318571.693, 61
Trd, 4318572.143, 67
Trd, 4318572.743, 139
Trd, 4318574.143, 140
Trd, 4318575.193, 140
Trd, 4318575.443, 140
Trd, 4318576.243, 122
Trd, 4318576.643, 139
Trd, 4318577.593, 102
Trd, 4318577.993, 70
Trd, 4318579.043, 60
Trd, 4318579.993, 140
Trd, 4318580.343, 123
Trd, 4318580.443, 78
Trd, 4318581.843, 134
Trd, 4318581.943, 136
Trd, 4318582.043, 93
Trd, 4318583.093, 75
Trd, 4318584.193, 68
Trd, 4318584.793, 61
Trd, 4318585.643, 140
Trd, 4318585.693, 139
Trd, 4318586.093, 139
Trd, 4318588.143, 60
Trd, 4318588.243, 60
Trd, 4318588.343, 65
Trd, 4318589.843, 61
Trd, 4318589.993, 80
Trd, 4318590.493, 60
Trd, 4318590.543, 68
Trd, 4318592.793, 60
Trd, 4318593.143, 60
Trd, 4318593.793, 62
Trd, 4318593.893, 90
Trd, 4318594.443, 138
Trd, 4318594.993, 134
Trd, 4318596.743, 60
Trd, 4318596.893, 61
Trd, 4318597.343, 63
Trd, 4318597.643, 65
Trd, 4318598.443, 60
Trd, 4318599.293, 135
Trd, 4318599.393, 65
Trd, 4318599.993, 138
Trd, 4318600.743, 100
Trd, 4318601.443, 138
Trd, 4318602.393, 140
Trd, 4318602.443, 86
Trd, 4318604.193, 138
Trd, 4318604.943, 108
Trd, 4318605.643, 121
Trd, 4318606.093, 121
Trd, 4318606.743, 139
Trd, 4318606.943, 134
Trd, 4318607.093, 101
Trd, 4318608.643, 75
Trd, 4318608.693, 105
Trd, 4318609.143, 89
Trd, 4318610.493, 139
Trd, 4318611.193, 140
Trd, 4318613.143, 140
Trd, 4318613.593, 139
Trd, 4318614.093, 96
Trd, 4318614.193, 119
Trd, 4318614.643, 81
Trd, 4318615.943, 104
Trd, 4318617.693, 140
Trd, 4318618.743, 140
Trd, 4318619.443, 138
Trd, 4318619.843, 125
Trd, 4318619.943, 85
Trd, 4318620.593, 140
Trd, 4318620.893, 123
Trd, 4318621.493, 98
Trd, 4318621.643, 71
Trd, 4318622.493, 99
Trd, 4318623.893, 140
Trd, 4318624.043, 140
Trd, 4318624.493, 71
Trd, 4318625.493, 133
Trd, 4318628.443, 140
Trd, 4318628.643, 140
Trd, 4318629.193, 139
Trd, 4318631.243, 138
Trd, 4318632.143, 130
Trd, 4318632.793, 123
Trd, 4318633.293, 132
Trd, 4318633.593, 131
Trd, 4318634.143, 129
Trd, 4318635.043, 135
Trd, 4318635.743, 60
Trd, 4318636.543, 60
Trd, 4318636.693, 72
Trd, 4318637.493, 87
Trd, 4318638.193, 64
Trd, 4318638.643, 60
Trd, 4318639.643, 68
Trd, 4318640.493, 60
Trd, 4318641.043, 62
Trd, 4318641.743, 80
Trd, 4318642.093, 140
Trd, 4318642.243, 90
Trd, 4318643.043, 60
Trd, 4318643.343, 63
Trd, 4318644.543, 140
Trd, 4318644.793, 139
Trd, 4318644.993, 131
Trd, 4318646.943, 106
Trd, 4318647.743, 137
Trd, 4318648.443, 126
Trd, 4318649.093, 121
Trd, 4318649.493, 80
Trd, 4318649.743, 139
Trd, 4318650.293, 77
Trd, 4318650.893, 76
Trd, 4318651.893, 60
Trd, 4318652.243, 65
Trd, 4318652.343, 82
Trd, 4318652.693, 84
Trd, 4318654.493, 140
Trd, 4318655.093, 139
Trd, 4318655.543, 127
Trd, 4318656.243, 129
Trd, 4318656.393, 97
Trd, 4318657.393, 61
Trd, 4318657.643, 62
Trd, 4318657.793, 64
Trd, 4318659.493, 140
Trd, 4318659.993, 138
Trd, 4318660.093, 137
Trd, 4318660.193, 95
Trd, 4318660.643, 130
Trd, 4318661.343, 66
Trd, 4318662.043, 66
Trd, 4318663.243, 110
Trd, 4318664.943, 140
Trd, 4318665.943, 140
Trd, 4318666.293, 118
Trd, 4318666.943, 127
Trd, 4318668.743, 139
Trd, 4318669.793, 137
Trd, 4318670.343, 100
Trd, 4318670.393, 74
Trd, 4318672.693, 125
Trd, 4318672.743, 124
Trd, 4318673.943, 125
Trd, 4318674.143, 111
Trd, 4318674.443, 138
Trd, 4318674.743, 123
Trd, 4318674.843, 93
Trd, 4318675.643, 130
Trd, 4318675.793, 78
Trd, 4318677.143, 139
Trd, 4318677.893, 124
Trd, 4318677.993, 121
Trd, 4318678.643, 130
Trd, 4318679.543, 101
Trd, 4318679.893, 106
Trd, 4318680.243, 96
Trd, 4318681.293, 140
Trd, 4318681.993, 140
Trd, 4318682.893, 139
Trd, 4318683.393, 75
Trd, 4318683.843, 140
Trd, 4318684.443, 105
Trd, 4318684.893, 86
Trd, 4318685.443, 140
Trd, 4318686.143, 140
Trd, 4318687.493, 135
Trd, 4318687.593, 133
Trd, 4318688.143, 68
Trd, 4318688.543, 99
Trd, 4318689.943, 63
Trd, 4318690.293, 64
Trd, 4318690.493, 67
Trd, 4318690.543, 81
Trd, 4318691.193, 60
Trd, 4318692.043, 72
Trd, 4318692.743, 66
Trd, 4318693.143, 82
Trd, 4318693.743, 120
Trd, 4318693.943, 61
Trd, 4318695.243, 140
Trd, 4318696.593, 138
Trd, 4318697.793, 105
Trd, 4318698.443, 126
Trd, 4318698.643, 67
Trd, 4318699.743, 103
Trd, 4318700.393, 139
Trd, 4318700.693, 125
Trd, 4318701.943, 140
Trd, 4318702.293, 139
Trd, 4318703.343, 140
Trd, 4318703.643, 139
Trd, 4318705.193, 86
Trd, 4318705.443, 139
Trd, 4318706.843, 130
Trd, 4318707.043, 115
Trd, 4318707.793, 139
Trd, 4318709.393, 140
Trd, 4318709.843, 140
Trd, 4318710.593, 111
Trd, 4318710.693, 103
Trd, 4318711.743, 125
Trd, 4318712.743, 84
Trd, 4318713.493, 135
Trd, 4318713.693, 139
Trd, 4318713.993, 94
Trd, 4318715.393, 116
Trd, 4318716.543, 140
Trd, 4318716.643, 107
Trd, 4318718.043, 140
Trd, 4318718.793, 140
Trd, 4318720.093, 140
Trd, 4318720.193, 135
Trd, 4318721.293, 122
Trd, 4318721.993, 135
Trd, 4318723.393, 140
Trd, 4318723.843, 139
Trd, 4318725.093, 140
Trd, 4318725.643, 125
Trd, 4318725.693, 122
Trd, 4318725.793, 104
Trd, 4318725.993, 89
Trd, 4318726.343, 73
Trd, 4318728.443, 139
Trd, 4318729.193, 139
Trd, 4318729.343, 139
Trd, 4318733.093, 123
Trd, 4318733.293, 140
Trd, 4318733.343, 95
Trd, 4318734.643, 68
Trd, 4318735.193, 119
Trd, 4318736.243, 110
Trd, 4318736.343, 85
Trd, 4318737.443, 140
Trd, 4318738.193, 131
Trd, 4318738.643, 139
Trd, 4318739.393, 130
Trd, 4318740.143, 139
Trd, 4318740.443, 119
Trd, 4318741.393, 110
Trd, 4318741.843, 118
Trd, 4318742.243, 139
Trd, 4318742.393, 140
Trd, 4318743.193, 112
Trd, 4318744.443, 86
Trd, 4318745.143, 135
Trd, 4318745.343, 139
Trd, 4318746.193, 110
Trd, 4318747.893, 87
Trd, 4318749.043, 109
Trd, 4318749.143, 96
Trd, 4318749.193, 92
Trd, 4318749.493, 64
Trd, 4318749.843, 140
Trd, 4318750.293, 90
Trd, 4318750.943, 131
Trd, 4318751.143, 140
Trd, 4318751.343, 113
Trd, 4318753.043, 115
Trd, 4318753.793, 124
Trd, 4318754.193, 105
Trd, 4318754.993, 111
Trd, 4318755.943, 130
Trd, 4318756.343, 105
Trd, 4318757.993, 140
Trd, 4318758.143, 138
Trd, 4318758.743, 131
Trd, 4318759.293, 61
Trd, 4318759.793, 60
Trd, 4318761.143, 63
Trd, 4318761.493, 113
Trd, 4318762.193, 92
Trd, 4318763.493, 108
Trd, 4318764.043, 61
Trd, 4318764.443, 63
Trd, 4318765.193, 66
Trd, 4318766.093, 107
Trd, 4318766.593, 121
Trd, 4318766.793, 122
Trd, 4318767.443, 140
Trd, 4318767.593, 112
Trd, 4318768.593, 67
Trd, 4318768.893, 75
Trd, 4318769.593, 140
Trd, 4318770.593, 133
Trd, 4318771.293, 126
Trd, 4318771.693, 129
Trd, 4318772.343, 140
Trd, 4318772.943, 136
Trd, 4318773.393, 111
Trd, 4318773.443, 88
Trd, 4318773.843, 127
Trd, 4318774.943, 100
Trd, 4318775.743, 65
Trd, 4318777.543, 140
Trd, 4318778.343, 114
Trd, 4318778.643, 110
Trd, 4318779.293, 115
Trd, 4318780.443, 140
Trd, 4318780.893, 128
Trd, 4318781.043, 127
Trd, 4318781.693, 139
Trd, 4318781.993, 135
Trd, 4318784.393, 106
Trd, 4318784.593, 139
Trd, 4318784.743, 90
Trd, 4318784.993, 61
Trd, 4318785.693, 71
Trd, 4318787.143, 60
Trd, 4318787.443, 74
Trd, 4318787.743, 140
Trd, 4318790.193, 60
Trd, 4318790.593, 61
Trd, 4318790.693, 62
Trd, 4318791.393, 61
Trd, 4318791.643, 62
Trd, 4318791.893, 114
Trd, 4318793.943, 124
Trd, 4318795.843, 118
Trd, 4318795.993, 116
Trd, 4318796.493, 114
Trd, 4318796.543, 83
Trd, 4318796.993, 124
Trd, 4318797.043, 123
Trd, 4318797.743, 110
Trd, 4318797.793, 61
Trd, 4318798.993, 140
Trd, 4318799.593, 86
Trd, 4318800.543, 140
Trd, 4318801.193, 132
Trd, 4318801.993, 129
Trd, 4318803.693, 139
Trd, 4318804.343, 122
Trd, 4318805.043, 138
Trd, 4318805.843, 140
Trd, 4318805.893, 140
Trd, 4318806.043, 136
Trd, 4318807.143, 122
Trd, 4318807.293, 103
Trd, 4318808.743, 119
Trd, 4318808.793, 110
Trd, 4318809.643, 103
Trd, 4318810.343, 139
Trd, 4318810.493, 127
Trd, 4318811.293, 73
Trd, 4318812.693, 129
Trd, 4318814.193, 140
Trd, 4318814.343, 140
Trd, 4318814.593, 77
Trd, 4318816.443, 140
Trd, 4318816.743, 140
Trd, 4318817.193, 140
Trd, 4318817.543, 125
Trd, 4318817.843, 140
Trd, 4318818.293, 98
Trd, 4318819.943, 131
Trd, 4318820.093, 122
Trd, 4318821.243, 137
Trd, 4318822.543, 139
Trd, 4318822.593, 129
Trd, 4318823.093, 103
Trd, 4318824.843, 110
Trd, 4318825.893, 140
Trd, 4318826.193, 121
Trd, 4318826.293, 82
Trd, 4318827.743, 140
Trd, 4318828.343, 140
Trd, 4318828.893, 138
Trd, 4318829.043, 128
Trd, 4318830.193, 85
Trd, 4318832.093, 140
Trd, 4318832.543, 113
Trd, 4318833.443, 118
Trd, 4318833.543, 85
Trd, 4318833.843, 71
Trd, 4318834.393, 140
Trd, 4318834.443, 139
Trd, 4318835.743, 63
Trd, 4318836.393, 61
Trd, 4318836.943, 68
Trd, 4318837.543, 83
Trd, 4318839.343, 130
Trd, 4318840.493, 128
Trd, 4318840.893, 92
Trd, 4318841.493, 140
Trd, 4318842.393, 103
Trd, 4318843.343, 80
Trd, 4318843.993, 97
Trd, 4318844.993, 85
Trd, 4318845.943, 140
Trd, 4318846.893, 116
Trd, 4318847.343, 121
Trd, 4318847.993, 103
Trd, 4318848.443, 130
Trd, 4318848.893, 133
Trd, 4318849.243, 92
Trd, 4318849.543, 92
Trd, 4318849.993, 62
Trd, 4318850.043, 63
Trd, 4318851.043, 61
Trd, 4318852.243, 65
Trd, 4318852.343, 66
Trd, 4318853.593, 98
Trd, 4318853.943, 63
Trd, 4318854.193, 138
Trd, 4318854.593, 70
Trd, 4318856.443, 93
Trd, 4318857.193, 131
Trd, 4318857.393, 115
Trd, 4318858.343, 139
Trd, 4318858.743, 140
Trd, 4318860.243, 138
Trd, 4318860.293, 136
Trd, 4318861.443, 125
Trd, 4318862.293, 94
Trd, 4318862.493, 86
Trd, 4318863.343, 73
Trd, 4318863.643, 108
Trd, 4318864.293, 107
Trd, 4318864.393, 94
Trd, 4318865.793, 140
Trd, 4318866.093, 121
Trd, 4318867.143, 140
Trd, 4318868.093, 140
Trd, 4318869.643, 140
Trd, 4318870.243, 140
Trd, 4318870.643, 114
Trd, 4318871.043, 115
Trd, 4318872.293, 107
Trd, 4318872.593, 114
Trd, 4318873.043, 131
Trd, 4318873.343, 124
Trd, 4318873.493, 79
Trd, 4318874.643, 139
Trd, 4318875.593, 134
Trd, 4318876.993, 140
Trd, 4318877.043, 140
Trd, 4318878.693, 75
Trd, 4318879.543, 139
Trd, 4318880.093, 101
Trd, 4318880.393, 87
Trd, 4318881.043, 135
Trd, 4318881.143, 117
Trd, 4318881.243, 116
Trd, 4318882.293, 87
Trd, 4318883.443, 61
Trd, 4318883.493, 62
Trd, 4318883.643, 72
Trd, 4318885.093, 140
Trd, 4318885.743, 140
Trd, 4318886.443, 136
Trd, 4318886.793, 61
Trd, 4318887.293, 86
Trd, 4318888.993, 140
Trd, 4318889.043, 112
Trd, 4318889.193, 134
Trd, 4318889.293, 101
Trd, 4318890.393, 140
Trd, 4318891.693, 139
Trd, 4318891.993, 94
Trd, 4318892.543, 118
Trd, 4318892.943, 64
Trd, 4318893.193, 105
Trd, 4318894.193, 137
Trd, 4318895.693, 140
Trd, 4318895.893, 140
Trd, 4318896.393, 117
Trd, 4318897.043, 139
Trd, 4318897.843, 140
Trd, 4318898.943, 132
Trd, 4318900.143, 140
Trd, 4318900.843, 140
Trd, 4318901.543, 140
Trd, 4318902.343, 125
Trd, 4318903.543, 140
Trd, 4318904.543, 109
Trd, 4318905.943, 139
Trd, 4318906.293, 134
Trd, 4318907.193, 139
Trd, 4318907.743, 138
Trd, 4318908.243, 121
Trd, 4318910.443, 140
Trd, 4318910.543, 130
Trd, 4318911.643, 140
Trd, 4318912.343, 140
Trd, 4318912.943, 140
Trd, 4318913.493, 136
Trd, 4318914.093, 139
Trd, 4318914.793, 139
Trd, 4318915.593, 126
Trd, 4318916.143, 102
Trd, 4318917.193, 139
Trd, 4318917.293, 115
Trd, 4318919.093, 136
Trd, 4318919.593, 139
Trd, 4318921.093, 140
Trd, 4318922.143, 131
Trd, 4318922.193, 122
Trd, 4318922.593, 122
Trd, 4318922.893, 111
Trd, 4318923.143, 94
Trd, 4318923.643, 84
Trd, 4318924.993, 140
Trd, 4318926.443, 140
Trd, 4318926.543, 138
Trd, 4318926.693, 135
Trd, 4318926.943, 104
Trd, 4318927.243, 84
Trd, 4318928.143, 139
Trd, 4318930.293, 140
Trd, 4318931.043, 138
Trd, 4318931.343, 140
Trd, 4318931.393, 140
Trd, 4318932.693, 139
Trd, 4318933.593, 139
Trd, 4318934.043, 101
Trd, 4318935.943, 127
Trd, 4318936.743, 140
Trd, 4318937.243, 122
Trd, 4318937.943, 123
Trd, 4318939.593, 139
Trd, 4318939.943, 132
Trd, 4318941.393, 129
Trd, 4318941.643, 101
Trd, 4318941.993, 140
Trd, 4318942.193, 140
Trd, 4318942.593, 82
Trd, 4318944.343, 100
Trd, 4318944.493, 106
Trd, 4318944.993, 103
Trd, 4318945.643, 60
Trd, 4318946.493, 136
Trd, 4318947.593, 65
Trd, 4318948.593, 60
Trd, 4318949.193, 63
Trd, 4318949.393, 74
Trd, 4318950.043, 85
Trd, 4318950.643, 135
Trd, 4318951.543, 140
Trd, 4318952.143, 140
Trd, 4318954.443, 140
Trd, 4318955.343, 140
Trd, 4318956.193, 140
Trd, 4318956.893, 126
Trd, 4318956.943, 115
Trd, 4318958.143, 133
Trd, 4318958.343, 118
Trd, 4318958.893, 114
Trd, 4318959.743, 139
Trd, 4318960.593, 126
Trd, 4318960.743, 96
Trd, 4318961.593, 139
Trd, 4318962.343, 138
Trd, 4318963.693, 140
Trd, 4318963.743, 140
Trd, 4318964.693, 115
Trd, 4318966.393, 97
Trd, 4318966.743, 140
Trd, 4318967.843, 140
Trd, 4318968.493, 133
Trd, 4318970.643, 140
Trd, 4318970.993, 140
Trd, 4318972.293, 136
Trd, 4318973.393, 126
Trd, 4318973.743, 125
Trd, 4318974.643, 113
Trd, 4318974.843, 140
Trd, 4318976.693, 131
Trd, 4318976.943, 132
Trd, 4318977.193, 73
Trd, 4318977.293, 68
Trd, 4318978.193, 114
Trd, 4318978.443, 63
Trd, 4318979.343, 140
Trd, 4318979.393, 115
Trd, 4318980.143, 140
Trd, 4318981.093, 99
Trd, 4318981.693, 126
Trd, 4318983.293, 133
Trd, 4318983.443, 132
Trd, 4318984.993, 140
Trd, 4318985.593, 140
Trd, 4318986.093, 139
Trd, 4318986.343, 128
Trd, 4318987.443, 96
Trd, 4318988.243, 122
Trd, 4318989.343, 139
Trd, 4318991.743, 140
Trd, 4318991.843, 133
Trd, 4318992.793, 138
Trd, 4318993.043, 83
Trd, 4318993.193, 140
Trd, 4318993.293, 72
Trd, 4318996.143, 140
Trd, 4318996.593, 131
Trd, 4318997.343, 118
Trd, 4318998.243, 131
Trd, 4318999.443, 140
Trd, 4318999.693, 127
Trd, 4319000.243, 115
Trd, 4319000.293, 92
Trd, 4319001.143, 101
Trd, 4319001.293, 100
Trd, 4319003.293, 131
Trd, 4319003.443, 105
Trd, 4319003.593, 79
Trd, 4319003.893, 136
Trd, 4319004.043, 78
Trd, 4319004.093, 104
Trd, 4319005.793, 140
Trd, 4319005.943, 68
Trd, 4319006.243, 139
Trd, 4319006.743, 138
Trd, 4319007.993, 62
Trd, 4319009.443, 60
Trd, 4319009.743, 60
Trd, 4319011.493, 138
Trd, 4319011.843, 132
Trd, 4319012.193, 87
Trd, 4319012.943, 135
Trd, 4319014.193, 139
Trd, 4319014.843, 140
Trd, 4319015.543, 112
Trd, 4319015.643, 75
Trd, 4319016.393, 120
Trd, 4319017.193, 115
Trd, 4319017.643, 99
Trd, 4319017.743, 119
Trd, 4319018.793, 139
Trd, 4319019.743, 125
Trd, 4319020.443, 94
Trd, 4319021.293, 140
Trd, 4319021.793, 139
Trd, 4319021.893, 119
Trd, 4319022.293, 92
Trd, 4319022.943, 95
Trd, 4319024.943, 60
Trd, 4319025.043, 61
Trd, 4319025.143, 65
Trd, 4319025.393, 65
Trd, 4319025.843, 80
Trd, 4319028.843, 140
Trd, 4319029.293, 140
Trd, 4319029.443, 87
Trd, 4319030.143, 139
Trd, 4319031.343, 137
Trd, 4319031.443, 85
Trd, 4319032.343, 138
Trd, 4319032.943, 139
Trd, 4319033.743, 129
Trd, 4319034.893, 107
Trd, 4319035.243, 88
Trd, 4319035.843, 67
Trd, 4319036.393, 65
Trd, 4319036.643, 118
Trd, 4319037.193, 137
Trd, 4319037.443, 90
Trd, 4319038.543, 123
Trd, 4319038.693, 122
Trd, 4319041.693, 139
Trd, 4319041.743, 135
Trd, 4319042.943, 140
Trd, 4319043.343, 127
Trd, 4319043.743, 81
Trd, 4319043.893, 82
Trd, 4319045.493, 130
Trd, 4319045.743, 140
Trd, 4319046.693, 133
Trd, 4319046.743, 111
Trd, 4319047.143, 109
Trd, 4319048.193, 138
Trd, 4319048.843, 139
Trd, 4319049.043, 137
Trd, 4319050.393, 104
Trd, 4319050.943, 77
Trd, 4319051.593, 124
Trd, 4319052.143, 135
Trd, 4319052.193, 114
Trd, 4319052.343, 124
Trd, 4319052.943, 139
Trd, 4319053.293, 135
Trd, 4319053.843, 140
Trd, 4319054.193, 134
Trd, 4319055.593, 140
Trd, 4319057.093, 84
Trd, 4319058.893, 140
Trd, 4319059.593, 124
Trd, 4319060.493, 140
Trd, 4319061.393, 129
Trd, 4319061.593, 126
Trd, 4319062.143, 121
Trd, 4319064.243, 140
Trd, 4319064.343, 140
Trd, 4319065.443, 139
Trd, 4319065.743, 69
Trd, 4319066.793, 136
Trd, 4319066.843, 127
Trd, 4319068.093, 137
Trd, 4319068.643, 136
Trd, 4319068.993, 132
Trd, 4319069.043, 96
Trd, 4319070.393, 95
Trd, 4319070.843, 100
Trd, 4319072.243, 140
Trd, 4319074.143, 135
Trd, 4319075.143, 122
Trd, 4319075.393, 139
Trd, 4319075.493, 135
Trd, 4319077.993, 135
Trd, 4319078.143, 134
Trd, 4319080.443, 137
Trd, 4319080.693, 140
Trd, 4319081.343, 139
Trd, 4319081.693, 139
Trd, 4319082.193, 139
Trd, 4319082.443, 119
Trd, 4319083.193, 61
Trd, 4319083.843, 138
Trd, 4319084.243, 60
Trd, 4319084.743, 129
Trd, 4319085.943, 87
Trd, 4319086.443, 87
Trd, 4319086.593, 140
Trd, 4319088.093, 93
Trd, 4319089.993, 140
Trd, 4319090.543, 131
Trd, 4319090.693, 109
Trd, 4319090.993, 109
Trd, 4319091.893, 140
Trd, 4319092.293, 89
Trd, 4319092.893, 63
Trd, 4319095.493, 139
Trd, 4319096.243, 137
Trd, 4319097.343, 128
Trd, 4319097.693, 138
Trd, 4319098.243, 140
Trd, 4319098.843, 138
Trd, 4319099.193, 103
Trd, 4319099.993, 130
Trd, 4319100.743, 139
Trd, 4319100.893, 126
Trd, 4319102.393, 127
Trd, 4319102.793, 127
Trd, 4319102.843, 115
Trd, 4319103.743, 140
Trd, 4319103.893, 113
Trd, 4319105.043, 60
Trd, 4319105.293, 81
Trd, 4319105.843, 60
Trd, 4319107.243, 67
Trd, 4319107.993, 109
Trd, 4319108.043, 127
Trd, 4319108.093, 76
Trd, 4319108.793, 132
Trd, 4319109.743, 139
Trd, 4319110.443, 137
Trd, 4319111.193, 139
Trd, 4319111.643, 82
Trd, 4319112.493, 111
Trd, 4319113.093, 138
Trd, 4319114.493, 121
Trd, 4319114.593, 86
Trd, 4319116.043, 137
Trd, 4319116.093, 136
Trd, 4319116.893, 139
Trd, 4319116.993, 130
Trd, 4319117.993, 140
Trd, 4319119.293, 114
Trd, 4319119.493, 81
Trd, 4319119.693, 69
Trd, 4319120.543, 139
Trd, 4319121.643, 97
Trd, 4319122.543, 120
Trd, 4319122.743, 116
Trd, 4319123.843, 140
Trd, 4319124.093, 139
Trd, 4319125.193, 140
Trd, 4319125.643, 131
Trd, 4319126.043, 122
Trd, 4319126.093, 106
Trd, 4319126.593, 61
Trd, 4319128.993, 60
Trd, 4319129.393, 61
Trd, 4319129.493, 63
Trd, 4319129.793, 138
Trd, 4319131.343, 138
Trd, 4319131.743, 135
Trd, 4319133.043, 61
Trd, 4319133.193, 70
Trd, 4319133.443, 127
Trd, 4319134.443, 139
Trd, 4319136.543, 140
Trd, 4319137.443, 140
Trd, 4319137.943, 134
Trd, 4319139.243, 140
Trd, 4319139.843, 140
Trd, 4319139.943, 140
Trd, 4319140.393, 118
Trd, 4319140.443, 110
Trd, 4319140.743, 129
Trd, 4319141.993, 140
Trd, 4319143.843, 133
Trd, 4319144.693, 140
Trd, 4319145.293, 112
Trd, 4319145.443, 92
Trd, 4319145.743, 117
Trd, 4319145.893, 83
Trd, 4319146.843, 122
Trd, 4319147.093, 122
Trd, 4319148.443, 87
Trd, 4319148.693, 140
Trd, 4319150.443, 62
Trd, 4319151.493, 140
Trd, 4319152.693, 64
Trd, 4319153.343, 62
Trd, 4319153.443, 64
Trd, 4319154.093, 62
Trd, 4319154.643, 62
Trd, 4319155.143, 88
Trd, 4319155.443, 76
Trd, 4319156.293, 72
Trd, 4319156.493, 138
Trd, 4319158.693, 139
Trd, 4319159.243, 140
Trd, 4319159.643, 139
Trd, 4319159.943, 139
Trd, 4319160.043, 138
Trd, 4319162.643, 139
Trd, 4319162.693, 134
Trd, 4319162.793, 119
Trd, 4319164.143, 98
Trd, 4319164.593, 90
Trd, 4319165.043, 62
Trd, 4319166.143, 139
Trd, 4319167.093, 140
Trd, 4319167.543, 139
Trd, 4319169.343, 132
Trd, 4319169.593, 131
Trd, 4319169.893, 96
Trd, 4319170.143, 95
Trd, 4319170.843, 92
Trd, 4319172.093, 121
Trd, 4319172.143, 130
Trd, 4319172.693, 120
Trd, 4319172.843, 73
Trd, 4319174.043, 134
Trd, 4319174.343, 125
Trd, 4319174.843, 137
Trd, 4319175.143, 113
Trd, 4319175.343, 112
Trd, 4319176.743, 140
Trd, 4319177.143, 139
Trd, 4319179.043, 140
Trd, 4319179.293, 140
Trd, 4319180.293, 140
Trd, 4319180.943, 127
Trd, 4319182.793, 108
Trd, 4319183.043, 100
Trd, 4319183.093, 94
Trd, 4319183.693, 114
Trd, 4319183.943, 116
Trd, 4319185.393, 139
Trd, 4319186.243, 140
Trd, 4319187.043, 65
Trd, 4319188.443, 62
Trd, 4319188.493, 72
Trd, 4319189.393, 94
Trd, 4319190.943, 107
Trd, 4319191.143, 94
Trd, 4319191.643, 89
Trd, 4319192.293, 137
Trd, 4319193.443, 140
Trd, 4319194.593, 133
Trd, 4319194.643, 129
Trd, 4319195.093, 105
Trd, 4319195.593, 87
Trd, 4319197.943, 118
Trd, 4319198.093, 117
Trd, 4319198.193, 132
Trd, 4319198.343, 65
Trd, 4319198.893, 60
Trd, 4319198.943, 64
Trd, 4319200.093, 139
Trd, 4319202.193, 140
Trd, 4319203.093, 138
Trd, 4319203.493, 80
Trd, 4319203.743, 66
Trd, 4319204.293, 95
Trd, 4319204.343, 111
Trd, 4319204.393, 85
Trd, 4319204.493, 115
Trd, 4319206.643, 140
Trd, 4319207.293, 139
Trd, 4319208.193, 138
Trd, 4319208.343, 137
Trd, 4319209.443, 115
Trd, 4319210.093, 117
Trd, 4319210.293, 112
Trd, 4319210.593, 80
Trd, 4319211.893, 140
Trd, 4319212.643, 140
Trd, 4319213.843, 137
Trd, 4319214.243, 116
Trd, 4319215.093, 138
Trd, 4319216.143, 140
Trd, 4319217.543, 87
Trd, 4319217.793, 68
Trd, 4319218.993, 136
Trd, 4319220.493, 99
Trd, 4319220.693, 140
Trd, 4319220.943, 138
Trd, 4319221.793, 114
Trd, 4319222.043, 140
Trd, 4319222.743, 129
Trd, 4319224.143, 111
Trd, 4319224.243, 109
Trd, 4319224.293, 114
Trd, 4319224.893, 123
Trd, 4319225.543, 62
Trd, 4319225.593, 123
Trd, 4319226.043, 63
Trd, 4319229.093, 126
Trd, 4319229.593, 140
Trd, 4319229.843, 106
Trd, 4319229.993, 80
Trd, 4319230.143, 104
Trd, 4319230.493, 61
Trd, 4319231.743, 60
Trd, 4319231.793, 60
Trd, 4319232.343, 118
Trd, 4319232.693, 137
Trd, 4319233.993, 136
Trd, 4319234.443, 124
Trd, 4319234.793, 71
Trd, 4319236.093, 116
Trd, 4319236.343, 120
Trd, 4319237.393, 116
Trd, 4319237.643, 140
Trd, 4319238.093, 79
Trd, 4319238.493, 140
Trd, 4319238.743, 140
Trd, 4319241.543, 125
Trd, 4319242.793, 111
Trd, 4319244.993, 140
Trd, 4319245.143, 139
Trd, 4319245.443, 135
Trd, 4319245.643, 140
Trd, 4319245.843, 138
Trd, 4319246.043, 101
Trd, 4319248.893, 137
Trd, 4319249.193, 140
Trd, 4319250.093, 132
Trd, 4319250.193, 122
Trd, 4319250.793, 102
Trd, 4319251.243, 140
Trd, 4319251.393, 89
Trd, 4319251.643, 131
Trd, 4319254.343, 140
Trd, 4319254.943, 140
Trd, 4319255.243, 138
Trd, 4319256.143, 140
Trd, 4319256.893, 133
Trd, 4319258.093, 140
Trd, 4319258.293, 140
Trd, 4319259.093, 140
Trd, 4319259.193, 104
Trd, 4319259.793, 129
Trd, 4319260.093, 134
Trd, 4319261.243, 126
Trd, 4319262.293, 130
Trd, 4319262.393, 85
Trd, 4319263.293, 65
Trd, 4319263.343, 127
Trd, 4319263.993, 131
Trd, 4319265.643, 70
Trd, 4319266.493, 139
Trd, 4319266.893, 139
Trd, 4319267.793, 137
Trd, 4319267.993, 76
Trd, 4319268.043, 73
Trd, 4319268.993, 138
Trd, 4319269.043, 137
Trd, 4319269.443, 85
Trd, 4319270.293, 132
Trd, 4319271.443, 140
Trd, 4319271.893, 136
Trd, 4319272.393, 76
Trd, 4319275.093, 91
Trd, 4319275.893, 99
Trd, 4319275.943, 88
Trd, 4319276.043, 79
Trd, 4319276.293, 100
Trd, 4319276.393, 140
Trd, 4319276.943, 139
Trd, 4319278.043, 61
Trd, 4319278.593, 124
Trd, 4319280.393, 63
Trd, 4319280.643, 73
Trd, 4319280.993, 75
Trd, 4319281.893, 60
Trd, 4319282.493, 130
Trd, 4319282.593, 108
Trd, 4319283.343, 60
Trd, 4319283.393, 90
Trd, 4319284.543, 113
Trd, 4319285.443, 94
Trd, 4319285.843, 127
Trd, 4319287.243, 139
Trd, 4319288.543, 132
Trd, 4319289.293, 139
Trd, 4319289.543, 118
Trd, 4319290.593, 136
Trd, 4319290.843, 125
Trd, 4319291.793, 140
Trd, 4319292.193, 139
Trd, 4319293.643, 140
Trd, 4319294.043, 140
Trd, 4319294.943, 124
Trd, 4319294.993, 97
Trd, 4319295.193, 89
Trd, 4319296.793, 115
Trd, 4319297.293, 113
Trd, 4319297.493, 73
Trd, 4319298.993, 128
Trd, 4319299.293, 120
Trd, 4319300.443, 138
Trd, 4319300.943, 107
Trd, 4319301.343, 73
Trd, 4319301.943, 139
Trd, 4319302.393, 136
Trd, 4319303.543, 140
Trd, 4319305.143, 132
Trd, 4319305.543, 122
Trd, 4319305.893, 107
Trd, 4319306.943, 123
Trd, 4319307.243, 138
Trd, 4319307.693, 139
Trd, 4319309.543, 140
Trd, 4319309.843, 140
Trd, 4319310.243, 127
Trd, 4319310.643, 121
Trd, 4319311.093, 110
Trd, 4319311.493, 126
Trd, 4319311.943, 86
Trd, 4319312.593, 71
Trd, 4319315.193, 140
Trd, 4319315.693, 140
Trd, 4319315.793, 120
Trd, 4319315.943, 105
Trd, 4319316.043, 130
Trd, 4319316.943, 121
Trd, 4319317.693, 140
Trd, 4319318.443, 113
Trd, 4319319.093, 92
Trd, 4319322.743, 140
Trd, 4319323.043, 140
Trd, 4319323.343, 137
Trd, 4319323.643, 136
Trd, 4319323.693, 134
Trd, 4319323.943, 123
Trd, 4319324.193, 79
Trd, 4319327.243, 140
Trd, 4319327.893, 140
Trd, 4319328.493, 140
Trd, 4319328.893, 135
Trd, 4319328.993, 98
Trd, 4319329.443, 120
Trd, 4319330.843, 103
Trd, 4319332.093, 138
Trd, 4319332.693, 136
Trd, 4319332.743, 121
Trd, 4319335.043, 86
Trd, 4319335.193, 137
Trd, 4319335.293, 69
Trd, 4319336.343, 126
Trd, 4319336.493, 120
Trd, 4319336.643, 105
Trd, 4319337.993, 140
Trd, 4319338.043, 139
Trd, 4319338.443, 134
Trd, 4319339.093, 82
Trd, 4319339.343, 78
Trd, 4319341.593, 139
Trd, 4319341.693, 132
Trd, 4319341.993, 99
Trd, 4319343.593, 137
Trd, 4319344.643, 138
Trd, 4319344.793, 127
Trd, 4319345.093, 117
Trd, 4319345.493, 104
Trd, 4319345.593, 100
Trd, 4319346.943, 96
Trd, 4319347.043, 95
Trd, 4319347.893, 137
Trd, 4319348.693, 140
Trd, 4319348.793, 132
Trd, 4319349.493, 111
Trd, 4319349.643, 86
Trd, 4319350.943, 96
Trd, 4319351.493, 121
Trd, 4319351.943, 84
Trd, 4319352.293, 90
Trd, 4319352.493, 123
Trd, 4319352.893, 90
Trd, 4319353.093, 94
Trd, 4319353.643, 65
Trd, 4319354.943, 66
Trd, 4319355.443, 67
Trd, 4319355.893, 60
Trd, 4319357.943, 65
Trd, 4319357.993, 60
Trd, 4319358.243, 80
Trd, 4319358.493, 71
Trd, 4319359.443, 69
Trd, 4319359.993, 102
Trd, 4319361.493, 132
Trd, 4319361.693, 97
Trd, 4319361.893, 106
Trd, 4319362.293, 82
Trd, 4319362.643, 79
Trd, 4319363.093, 138
Trd, 4319363.693, 69
Trd, 4319365.743, 138
Trd, 4319365.843, 137
Trd, 4319366.293, 140
Trd, 4319366.493, 122
Trd, 4319368.143, 140
Trd, 4319368.693, 138
Trd, 4319369.343, 107
Trd, 4319370.843, 138
Trd, 4319371.843, 132
Trd, 4319372.443, 139
Trd, 4319372.943, 134
Trd, 4319373.093, 117
Trd, 4319373.443, 100
Trd, 4319375.043, 130
Trd, 4319375.143, 128
Trd, 4319375.243, 119
Trd, 4319375.893, 82
Trd, 4319377.393, 139
Trd, 4319377.543, 100
Trd, 4319378.693, 139
Trd, 4319378.893, 118
Trd, 4319380.243, 139
Trd, 4319380.393, 138
Trd, 4319380.593, 136
Trd, 4319381.093, 140
Trd, 4319383.093, 134
Trd, 4319383.143, 103
Trd, 4319383.743, 125
Trd, 4319384.143, 87
Trd, 4319384.843, 110
Trd, 4319386.143, 119
Trd, 4319386.293, 115
Trd, 4319387.793, 105
Trd, 4319387.893, 107
Trd, 4319387.943, 93
Trd, 4319388.343, 106
Trd, 4319388.893, 138
Trd, 4319389.093, 65
Trd, 4319389.993, 129
Trd, 4319391.143, 135
Trd, 4319391.243, 83
Trd, 4319393.643, 140
Trd, 4319394.193, 139
Trd, 4319395.043, 140
Trd, 4319395.793, 138
Trd, 4319395.893, 118
Trd, 4319398.093, 140
Trd, 4319398.193, 139
Trd, 4319398.643, 138
Trd, 4319399.043, 130
Trd, 4319399.143, 90
Trd, 4319401.943, 138
Trd, 4319402.143, 139
Trd, 4319403.243, 134
Trd, 4319403.343, 133
Trd, 4319404.643, 138
Trd, 4319404.743, 131
Trd, 4319405.543, 139
Trd, 4319407.193, 104
Trd, 4319407.593, 102
Trd, 4319408.243, 93
Trd, 4319408.593, 84
Trd, 4319408.893, 94
Trd, 4319409.243, 91
Trd, 4319410.143, 75
Trd, 4319410.543, 70
Trd, 4319410.843, 107
Trd, 4319412.443, 139
Trd, 4319413.093, 127
Trd, 4319414.243, 137
Trd, 4319414.443, 126
Trd, 4319414.543, 123
Trd, 4319415.543, 140
Trd, 4319416.243, 82
Trd, 4319416.493, 72
Trd, 4319416.793, 63
Trd, 4319417.693, 120
Trd, 4319418.943, 82
Trd, 4319420.043, 97
Trd, 4319420.443, 136
Trd, 4319420.643, 137
Trd, 4319420.693, 96
Trd, 4319423.243, 140
Trd, 4319424.343, 140
Trd, 4319424.393, 131
Trd, 4319424.793, 110
Trd, 4319425.093, 108
Trd, 4319426.543, 62
Trd, 4319427.143, 115
Trd, 4319427.743, 137
Trd, 4319427.943, 140
Trd, 4319428.693, 133
Trd, 4319429.043, 127
Trd, 4319429.243, 103
Trd, 4319429.943, 69
Trd, 4319430.893, 78
Trd, 4319431.043, 79
Trd, 4319432.293, 62
Trd, 4319432.893, 102
Trd, 4319433.593, 60
Trd, 4319433.943, 106
Trd, 4319434.543, 112
Trd, 4319434.993, 91
Trd, 4319436.493, 140
Trd, 4319437.193, 139
Trd, 4319438.093, 140
Trd, 4319438.643, 139
Trd, 4319438.993, 138
Trd, 4319439.493, 107
Trd, 4319440.193, 82
Trd, 4319440.443, 78
Trd, 4319440.893, 98
Trd, 4319442.043, 140
Trd, 4319442.293, 66
Trd, 4319443.293, 140
Trd, 4319444.343, 121
Trd, 4319444.893, 98
Trd, 4319444.943, 122
Trd, 4319445.243, 88
Trd, 4319446.193, 138
Trd, 4319446.443, 77
Trd, 4319447.093, 136
Trd, 4319447.543, 71
Trd, 4319448.543, 140
Trd, 4319448.693, 140
Trd, 4319449.443, 132
Trd, 4319449.743, 106
Trd, 4319452.243, 140
Trd, 4319452.743, 92
Trd, 4319453.043, 83
Trd, 4319453.343, 60
Trd, 4319454.143, 95
Trd, 4319454.843, 133
Trd, 4319455.243, 73
Trd, 4319456.093, 92
Trd, 4319457.093, 137
Trd, 4319457.893, 121
Trd, 4319458.293, 110
Trd, 4319459.143, 140
Trd, 4319459.943, 139
Trd, 4319460.293, 128
Trd, 4319460.593, 124
Trd, 4319462.143, 131
Trd, 4319462.593, 137
Trd, 4319463.243, 129
Trd, 4319463.793, 117
Trd, 4319466.143, 140
Trd, 4319466.243, 139
Trd, 4319467.243, 135
Trd, 4319467.693, 130
Trd, 4319468.443, 128
Trd, 4319468.543, 107
Trd, 4319469.193, 124
Trd, 4319470.243, 140
Trd, 4319470.993, 108
Trd, 4319471.593, 61
Trd, 4319472.143, 138
Trd, 4319472.443, 96
Trd, 4319472.543, 139
Trd, 4319473.693, 93
Trd, 4319474.143, 62
Trd, 4319474.643, 134
Trd, 4319475.643, 60
Trd, 4319475.793, 64
Trd, 4319477.343, 60
Trd, 4319477.693, 65
Trd, 4319478.093, 71
Trd, 4319478.543, 77
Trd, 4319479.643, 65
Trd, 4319479.893, 126
Trd, 4319480.393, 72
Trd, 4319481.393, 60
Trd, 4319481.643, 78
Trd, 4319482.593, 62
Trd, 4319483.043, 82
Trd, 4319483.793, 61
Trd, 4319485.793, 120
Trd, 4319486.393, 140
Trd, 4319486.443, 139
Trd, 4319486.743, 128
Trd, 4319487.543, 137
Trd, 4319488.443, 136
Trd, 4319489.093, 136
Trd, 4319489.143, 92
Trd, 4319489.793, 138
Trd, 4319490.493, 61
Trd, 4319492.743, 140
Trd, 4319492.893, 140
Trd, 4319493.093, 128
Trd, 4319493.993, 97
Trd, 4319494.143, 94
Trd, 4319494.743, 139
Trd, 4319495.293, 138
Trd, 4319495.443, 128
Trd, 4319497.143, 131
Trd, 4319498.493, 121
Trd, 4319499.643, 138
Trd, 4319500.493, 139
Trd, 4319501.493, 118
Trd, 4319502.243, 128
Trd, 4319503.293, 138
Trd, 4319503.393, 137
Trd, 4319503.843, 137
Trd, 4319505.193, 140
Trd, 4319505.993, 135
Trd, 4319506.793, 135
Trd, 4319507.493, 140
Trd, 4319508.193, 140
Trd, 4319508.343, 108
Trd, 4319508.593, 136
Trd, 4319510.293, 140
Trd, 4319511.193, 129
Trd, 4319511.443, 119
Trd, 4319511.643, 112
Trd, 4319512.093, 82
Trd, 4319512.993, 92
Trd, 4319513.843, 140
Trd, 4319515.043, 140
Trd, 4319515.793, 139
Trd, 4319515.943, 132
Trd, 4319516.343, 124
Trd, 4319516.543, 118
Trd, 4319517.543, 111
Trd, 4319518.793, 136
Trd, 4319521.543, 140
Trd, 4319521.793, 127
Trd, 4319522.093, 79
Trd, 4319522.493, 66
Trd, 4319523.043, 82
Trd, 4319523.143, 78
Trd, 4319523.243, 124
Trd, 4319523.693, 126
Trd, 4319524.543, 64
Trd, 4319526.393, 139
Trd, 4319526.543, 139
Trd, 4319528.393, 124
Trd, 4319528.693, 103
Trd, 4319528.793, 140
Trd, 4319529.693, 80
Trd, 4319529.843, 63
Trd, 4319530.793, 140
Trd, 4319530.893, 140
Trd, 4319532.343, 140
Trd, 4319532.443, 139
Trd, 4319534.043, 118
Trd, 4319535.093, 62
Trd, 4319535.793, 128
Trd, 4319536.643, 131
Trd, 4319537.343, 137
Trd, 4319538.843, 140
Trd, 4319538.943, 140
Trd, 4319539.243, 92
Trd, 4319539.493, 139
Trd, 4319539.643, 92
Trd, 4319539.893, 86
Trd, 4319540.393, 112
Trd, 4319542.193, 138
Trd, 4319543.043, 125
Trd, 4319543.243, 94
Trd, 4319543.493, 102
Trd, 4319543.693, 140
Trd, 4319543.893, 119
Trd, 4319544.043, 69
Trd, 4319545.793, 139
Trd, 4319545.893, 116
Trd, 4319546.493, 72
Trd, 4319548.193, 140
Trd, 4319548.893, 132
Trd, 4319549.243, 134
Trd, 4319549.643, 92
Trd, 4319550.643, 128
Trd, 4319550.943, 75
Trd, 4319551.143, 106
Trd, 4319552.243, 132
Trd, 4319553.643, 83
Trd, 4319555.293, 139
Trd, 4319556.093, 139
Trd, 4319556.643, 122
Trd, 4319557.193, 128
Trd, 4319557.493, 119
Trd, 4319559.093, 116
Trd, 4319559.543, 134
Trd, 4319559.993, 125
Trd, 4319562.543, 140
Trd, 4319562.593, 140
Trd, 4319563.393, 133
Trd, 4319563.993, 122
Trd, 4319564.143, 122
Trd, 4319564.793, 139
Trd, 4319565.193, 73
Trd, 4319565.743, 63
Trd, 4319567.493, 129
Trd, 4319567.993, 139
Trd, 4319568.693, 132
Trd, 4319569.293, 137
Trd, 4319569.643, 115
Trd, 4319569.893, 108
Trd, 4319570.893, 140
Trd, 4319571.143, 140
Trd, 4319572.593, 107
Trd, 4319573.393, 125
Trd, 4319573.543, 122
Trd, 4319575.043, 140
Trd, 4319575.193, 139
Trd, 4319575.993, 136
Trd, 4319576.443, 116
Trd, 4319577.693, 139
Trd, 4319577.843, 93
Trd, 4319578.393, 92
Trd, 4319578.693, 140
Trd, 4319579.643, 90
Trd, 4319580.643, 139
Trd, 4319581.243, 124
Trd, 4319582.693, 132
Trd, 4319583.043, 87
Trd, 4319583.243, 70
Trd, 4319584.843, 135
Trd, 4319585.393, 133
Trd, 4319585.643, 140
Trd, 4319585.693, 120
Trd, 4319586.193, 113
Trd, 4319586.743, 93
Trd, 4319586.893, 95
Trd, 4319587.043, 106
Trd, 4319587.943, 61
Trd, 4319589.393, 60
Trd, 4319590.793, 60
Trd, 4319590.843, 60
Trd, 4319591.043, 61
Trd, 4319592.193, 68
Trd, 4319593.093, 109
Trd, 4319594.693, 140
Trd, 4319594.893, 112
Trd, 4319596.743, 140
Trd, 4319597.543, 123
Trd, 4319597.943, 117
Trd, 4319598.143, 92
Trd, 4319598.193, 71
Trd, 4319599.043, 62
Trd, 4319599.093, 63
Trd, 4319599.443, 98
Trd, 4319600.993, 61
Trd, 4319601.193, 63
Trd, 4319602.393, 62
Trd, 4319603.043, 75
Trd, 4319605.143, 119
Trd, 4319605.343, 105
Trd, 4319605.593, 120
Trd, 4319605.943, 65
Trd, 4319605.993, 71
Trd, 4319608.393, 140
Trd, 4319608.543, 123
Trd, 4319608.793, 81
Trd, 4319608.943, 100
Trd, 4319610.243, 139
Trd, 4319611.543, 136
Trd, 4319612.893, 134
Trd, 4319612.993, 88
Trd, 4319613.343, 125
Trd, 4319613.443, 73
Trd, 4319613.643, 65
Trd, 4319614.893, 138
Trd, 4319615.393, 135
Trd, 4319616.643, 131
Trd, 4319618.243, 135
Trd, 4319618.743, 113
Trd, 4319618.943, 119
Trd, 4319619.593, 65
Trd, 4319621.443, 139
Trd, 4319622.593, 139
Trd, 4319624.043, 137
Trd, 4319624.443, 133
Trd, 4319624.643, 139
Trd, 4319625.543, 140
Trd, 4319625.943, 127
Trd, 4319626.443, 98
Trd, 4319626.843, 110
Trd, 4319627.493, 136
Trd, 4319628.493, 102
Trd, 4319629.293, 112
Trd, 4319629.343, 111
Trd, 4319629.643, 90
Trd, 4319631.793, 140
Trd, 4319631.893, 139
Trd, 4319632.693, 140
Trd, 4319633.243, 115
Trd, 4319634.893, 140
Trd, 4319634.943, 116
Trd, 4319635.243, 112
Trd, 4319635.293, 83
Trd, 4319635.843, 132
Trd, 4319637.843, 135
Trd, 4319638.693, 140
Trd, 4319639.743, 139
Trd, 4319640.393, 112
Trd, 4319640.493, 127
Trd, 4319641.043, 138
Trd, 4319642.243, 131
Trd, 4319642.993, 137
Trd, 4319643.443, 134
Trd, 4319643.643, 104
Trd, 4319645.993, 138
Trd, 4319646.243, 120
Trd, 4319646.693, 134
Trd, 4319647.293, 103
Trd, 4319647.593, 101
Trd, 4319648.743, 140
Trd, 4319648.793, 140
Trd, 4319649.393, 127
Trd, 4319650.093, 92
Trd, 4319650.493, 64
Trd, 4319651.743, 67
Trd, 4319651.843, 68
Trd, 4319652.043, 71
Trd, 4319652.393, 140
Trd, 4319653.493, 110
Trd, 4319654.193, 105
Trd, 4319655.143, 128
Trd, 4319655.593, 132
Trd, 4319657.543, 122
Trd, 4319658.143, 140
Trd, 4319658.643, 130
Trd, 4319659.343, 129
Trd, 4319659.793, 95
Trd, 4319660.493, 137
Trd, 4319660.743, 117
Trd, 4319662.243, 138
Trd, 4319662.743, 119
Trd, 4319662.893, 138
Trd, 4319663.293, 96
Trd, 4319663.793, 89
Trd, 4319664.243, 66
Trd, 4319664.543, 76
Trd, 4319665.793, 69
Trd, 4319666.743, 134
Trd, 4319667.043, 133
Trd, 4319667.243, 114
Trd, 4319667.393, 136
Trd, 4319669.793, 138
Trd, 4319669.843, 88
Trd, 4319670.143, 69
Trd, 4319670.793, 140
Trd, 4319671.243, 140
Trd, 4319671.493, 75
Trd, 4319672.143, 140
Trd, 4319673.143, 132
Trd, 4319673.493, 132
Trd, 4319674.393, 86
Trd, 4319677.793, 140
Trd, 4319677.843, 140
Trd, 4319678.043, 121
Trd, 4319678.793, 140
Trd, 4319680.043, 130
Trd, 4319682.043, 139
Trd, 4319682.393, 68
Trd, 4319682.793, 68
Trd, 4319683.743, 140
Trd, 4319684.093, 139
Trd, 4319685.593, 140
Trd, 4319687.093, 140
Trd, 4319687.143, 136
Trd, 4319687.193, 88
Trd, 4319688.493, 111
Trd, 4319688.993, 110
Trd, 4319689.193, 118
Trd, 4319689.293, 119
Trd, 4319689.743, 61
Trd, 4319690.793, 104
Trd, 4319691.093, 63
Trd, 4319691.193, 62
Trd, 4319691.693, 140
Trd, 4319693.293, 93
Trd, 4319693.493, 88
Trd, 4319694.843, 129
Trd, 4319695.143, 124
Trd, 4319696.343, 85
Trd, 4319697.293, 90
Trd, 4319698.293, 140
Trd, 4319698.343, 138
Trd, 4319698.543, 137
Trd, 4319698.993, 138
Trd, 4319699.693, 131
Trd, 4319701.043, 140
Trd, 4319702.643, 140
Trd, 4319703.193, 139
Trd, 4319703.443, 140
Trd, 4319703.493, 135
Trd, 4319703.793, 136
Trd, 4319705.643, 128
Trd, 4319705.843, 124
Trd, 4319706.193, 98
Trd, 4319706.643, 135
Trd, 4319707.493, 114
Trd, 4319708.443, 79
Trd, 4319708.643, 80
Trd, 4319709.093, 80
Trd, 4319709.893, 140
Trd, 4319710.793, 133
Trd, 4319712.143, 140
Trd, 4319712.193, 96
Trd, 4319714.143, 138
Trd, 4319714.293, 118
Trd, 4319716.093, 134
Trd, 4319716.143, 127
Trd, 4319716.943, 101
Trd, 4319717.543, 140
Trd, 4319718.893, 139
Trd, 4319719.993, 123
Trd, 4319720.693, 109
Trd, 4319720.943, 108
Trd, 4319721.393, 140
Trd, 4319721.693, 112
Trd, 4319722.493, 113
Trd, 4319723.243, 140
Trd, 4319723.493, 97
Trd, 4319725.293, 140
Trd, 4319725.493, 139
Trd, 4319726.443, 65
Trd, 4319728.643, 60
Trd, 4319728.793, 60
Trd, 4319729.093, 62
Trd, 4319730.843, 140
Trd, 4319731.243, 140
Trd, 4319732.193, 140
Trd, 4319732.293, 139
Trd, 4319732.993, 121
Trd, 4319733.193, 97
Trd, 4319733.393, 93
Trd, 4319734.093, 123
Trd, 4319734.793, 119
Trd, 4319735.993, 134
Trd, 4319736.393, 140
Trd, 4319736.843, 139
Trd, 4319737.643, 106
Trd, 4319737.893, 61
Trd, 4319738.543, 61
Trd, 4319740.293, 140
Trd, 4319741.793, 137
Trd, 4319741.993, 115
Trd, 4319743.043, 80
Trd, 4319743.143, 64
Trd, 4319743.293, 69
Trd, 4319743.443, 81
Trd, 4319743.643, 140
Trd, 4319744.143, 127
Trd, 4319746.943, 139
Trd, 4319747.093, 86
Trd, 4319747.343, 119
Trd, 4319747.493, 85
Trd, 4319748.193, 111
Trd, 4319748.543, 78
Trd, 4319749.193, 139
Trd, 4319749.993, 135
Trd, 4319751.393, 137
Trd, 4319751.443, 96
Trd, 4319752.793, 139
Trd, 4319754.843, 140
Trd, 4319755.043, 140
Trd, 4319755.543, 137
Trd, 4319755.843, 135
Trd, 4319757.843, 135
Trd, 4319758.043, 115
Trd, 4319758.343, 98
Trd, 4319758.493, 116
Trd, 4319758.793, 115
Trd, 4319759.543, 64
Trd, 4319759.643, 95
Trd, 4319762.243, 140
Trd, 4319762.593, 139
Trd, 4319763.993, 140
Trd, 4319764.143, 140
Trd, 4319764.443, 124
Trd, 4319765.643, 98
Trd, 4319765.943, 94
Trd, 4319766.443, 117
Trd, 4319766.643, 119
Trd, 4319767.343, 139
Trd, 4319768.643, 120
Trd, 4319769.643, 134
Trd, 4319770.043, 139
Trd, 4319770.293, 127
Trd, 4319771.093, 118
Trd, 4319771.993, 126
Trd, 4319772.443, 128
Trd, 4319773.443, 95
Trd, 4319773.493, 62
Trd, 4319774.043, 139
Trd, 4319774.593, 133
Trd, 4319776.143, 139
Trd, 4319776.943, 140
Trd, 4319777.843, 140
Trd, 4319778.143, 130
Trd, 4319778.793, 116
Trd, 4319779.543, 139
Trd, 4319779.993, 121
Trd, 4319780.243, 64
Trd, 4319781.293, 96
Trd, 4319781.493, 64
Trd, 4319782.193, 67
Trd, 4319783.143, 60
Trd, 4319783.593, 63
Trd, 4319784.243, 63
Trd, 4319784.593, 64
Trd, 4319786.443, 140
Trd, 4319787.293, 140
Trd, 4319788.093, 140
Trd, 4319788.593, 138
Trd, 4319789.343, 138
Trd, 4319789.543, 114
Trd, 4319790.793, 129
Trd, 4319790.943, 116
Trd, 4319790.993, 109
Trd, 4319791.593, 116
Trd, 4319792.293, 116
Trd, 4319792.343, 95
Trd, 4319793.643, 140
Trd, 4319794.293, 140
Trd, 4319794.393, 91
Trd, 4319794.793, 84
Trd, 4319799.693, 140
Trd, 4319799.893, 140
Trd, 4319800.393, 137
Trd, 4319800.593, 131
Trd, 4319800.893, 115
Trd, 4319801.043, 136
Trd, 4319801.693, 113
Trd, 4319801.893, 89
Trd, 4319802.943, 102
Trd, 4319803.693, 60
Trd, 4319803.893, 61
Trd, 4319804.393, 66
Trd, 4319804.743, 103
Trd, 4319806.993, 140
Trd, 4319807.943, 140
Trd, 4319808.043, 136
Trd, 4319808.593, 139
Trd, 4319809.193, 136
Trd, 4319809.993, 114
Trd, 4319810.393, 105
Trd, 4319810.793, 100
Trd, 4319812.243, 92
Trd, 4319812.693, 129
Trd, 4319814.193, 139
Trd, 4319814.793, 91
Trd, 4319815.393, 137
Trd, 4319815.643, 122
Trd, 4319816.043, 116
Trd, 4319817.793, 116
Trd, 4319817.943, 115
Trd, 4319818.143, 113
Trd, 4319818.993, 136
Trd, 4319819.143, 83
Trd, 4319819.293, 68
Trd, 4319821.843, 140
Trd, 4319822.443, 140
Trd, 4319822.543, 132
Trd, 4319823.843, 108
Trd, 4319824.543, 140
Trd, 4319826.393, 140
Trd, 4319826.643, 140
Trd, 4319826.843, 111
Trd, 4319828.093, 81
Trd, 4319828.843, 124
Trd, 4319828.993, 125
Trd, 4319830.293, 68
Trd, 4319830.743, 139
Trd, 4319830.793, 84
Trd, 4319831.943, 60
Trd, 4319832.343, 61
Trd, 4319832.443, 63
Trd, 4319833.693, 64
Trd, 4319834.243, 140
Trd, 4319834.593, 65
Trd, 4319835.143, 61
Trd, 4319836.593, 138
Trd, 4319837.193, 138
Trd, 4319837.693, 118
Trd, 4319837.793, 91
Trd, 4319838.693, 64
Trd, 4319839.093, 60
Trd, 4319839.843, 62
Trd, 4319840.593, 69
Trd, 4319840.943, 70
Trd, 4319841.793, 70
Trd, 4319842.193, 71
Trd, 4319843.743, 60
Trd, 4319843.943, 62
Trd, 4319844.243, 67
Trd, 4319844.993, 112
Trd, 4319845.093, 79
Trd, 4319846.093, 98
Trd, 4319846.893, 96
Trd, 4319849.043, 138
Trd, 4319850.143, 140
Trd, 4319850.393, 140
Trd, 4319851.493, 138
Trd, 4319852.293, 140
Trd, 4319852.643, 136
Trd, 4319853.293, 138
Trd, 4319854.493, 137
Trd, 4319854.993, 111
Trd, 4319856.293, 139
Trd, 4319856.493, 121
Trd, 4319857.293, 134
Trd, 4319857.693, 128
Trd, 4319859.543, 121
Trd, 4319860.543, 126
Trd, 4319860.993, 121
Trd, 4319861.693, 139
Trd, 4319862.043, 107
Trd, 4319862.643, 140
Trd, 4319862.743, 128
Trd, 4319863.843, 140
Trd, 4319865.093, 126
Trd, 4319865.743, 140
Trd, 4319866.293, 130
Trd, 4319866.693, 113
Trd, 4319866.843, 122
Trd, 4319867.643, 112
Trd, 4319868.543, 63
Trd, 4319868.993, 122
Trd, 4319869.693, 139
Trd, 4319870.693, 112
Trd, 4319871.393, 122
Trd, 4319871.443, 103
Trd, 4319873.593, 125
Trd, 4319873.743, 136
Trd, 4319874.093, 139
Trd, 4319874.793, 106
Trd, 4319875.393, 139
Trd, 4319876.193, 135
Trd, 4319876.443, 127
Trd, 4319878.193, 140
Trd, 4319879.393, 140
Trd, 4319880.443, 139
Trd, 4319880.693, 122
Trd, 4319881.793, 96
Trd, 4319882.743, 140
Trd, 4319882.943, 140
Trd, 4319882.993, 129
Trd, 4319883.293, 115
Trd, 4319883.943, 85
Trd, 4319884.643, 99
Trd, 4319886.093, 139
Trd, 4319886.793, 90
Trd, 4319887.093, 111
Trd, 4319887.193, 67
Trd, 4319887.293, 110
Trd, 4319888.293, 122
Trd, 4319889.193, 60
Trd, 4319890.393, 140
Trd, 4319891.493, 137
Trd, 4319892.993, 140
Trd, 4319893.443, 139
Trd, 4319893.993, 140
Trd, 4319894.993, 123
Trd, 4319895.643, 140
Trd, 4319896.693, 112
Trd, 4319897.993, 140
Trd, 4319898.443, 138
Trd, 4319898.793, 130
Trd, 4319900.093, 129
Trd, 4319900.943, 102
Trd, 4319901.843, 136
Trd, 4319903.793, 140
Trd, 4319904.593, 140
Trd, 4319905.093, 140
Trd, 4319905.643, 140
Trd, 4319906.043, 140
Trd, 4319906.093, 81
Trd, 4319907.393, 140
Trd, 4319907.743, 68
Trd, 4319909.193, 127
Trd, 4319909.243, 125
Trd, 4319909.493, 130
Trd, 4319909.743, 124
Trd, 4319909.943, 138
Trd, 4319912.143, 140
Trd, 4319912.343, 137
Trd, 4319913.193, 136
Trd, 4319913.293, 125
Trd, 4319913.593, 99
Trd, 4319914.943, 93
Trd, 4319915.143, 102
Trd, 4319915.393, 104
Trd, 4319915.493, 100
Trd, 4319916.293, 140
Trd, 4319917.193, 139
Trd, 4319917.993, 135
Trd, 4319918.043, 100
Trd, 4319919.093, 138
Trd, 4319920.493, 139
Trd, 4319920.993, 130
Trd, 4319921.493, 91
Trd, 4319922.443, 87
Trd, 4319922.843, 105
Trd, 4319922.943, 82
Trd, 4319925.043, 61
Trd, 4319925.543, 60
Trd, 4319925.893, 140
Trd, 4319927.593, 140
Trd, 4319927.693, 107
Trd, 4319928.793, 140
Trd, 4319929.293, 88
Trd, 4319930.193, 94
Trd, 4319930.843, 140
Trd, 4319932.143, 83
Trd, 4319932.993, 139
Trd, 4319933.593, 126
Trd, 4319933.693, 103
Trd, 4319934.043, 104
Trd, 4319934.893, 140
Trd, 4319937.293, 140
Trd, 4319937.943, 140
Trd, 4319938.143, 140
Trd, 4319938.393, 138
Trd, 4319938.443, 112
Trd, 4319939.043, 135
Trd, 4319939.993, 137
Trd, 4319940.743, 87
Trd, 4319941.643, 77
Trd, 4319941.893, 90
Trd, 4319942.043, 65
Trd, 4319943.193, 78
Trd, 4319943.743, 138
Trd, 4319944.493, 110
Trd, 4319944.843, 109
Trd, 4319945.943, 140
Trd, 4319946.193, 132
Trd, 4319946.393, 138
Trd, 4319947.243, 134
Trd, 4319947.543, 109
Trd, 4319947.793, 96
Trd, 4319949.293, 139
Trd, 4319949.443, 66
Trd, 4319949.843, 130
Trd, 4319951.343, 104
Trd, 4319951.843, 63
Trd, 4319954.043, 140
Trd, 4319954.343, 139
Trd, 4319954.443, 138
Trd, 4319954.543, 120
Trd, 4319954.693, 86
Trd, 4319955.193, 74
Trd, 4319955.993, 66
Trd, 4319956.143, 108
Trd, 4319957.193, 111
Trd, 4319957.243, 138
Trd, 4319958.193, 130
Trd, 4319959.793, 140
Trd, 4319960.343, 140
Trd, 4319961.293, 140
Trd, 4319961.793, 103
Trd, 4319962.943, 120
Trd, 4319963.143, 93
Trd, 4319964.993, 137
Trd, 4319965.443, 134
Trd, 4319966.543, 138
Trd, 4319966.693, 131
Trd, 4319967.193, 65
Trd, 4319967.493, 61
Trd, 4319967.893, 111
Trd, 4319968.893, 99
Trd, 4319969.643, 61
Trd, 4319970.343, 61
Trd, 4319970.793, 107
Trd, 4319972.293, 62
Trd, 4319973.143, 65
Trd, 4319973.843, 60
Trd, 4319974.693, 60
Trd, 4319975.243, 63
Trd, 4319976.093, 131
Trd, 4319977.943, 61
Trd, 4319978.793, 61
Trd, 4319978.943, 65
Trd, 4319979.493, 63
Trd, 4319980.043, 78
Trd, 4319980.293, 62
Trd, 4319980.943, 140
Trd, 4319981.793, 112
Trd, 4319982.043, 71
Trd, 4319982.093, 68
Trd, 4319983.743, 139
Trd, 4319984.543, 122
Trd, 4319985.093, 81
Trd, 4319985.193, 61
Trd, 4319985.593, 140
Trd, 4319986.393, 60
Trd, 4319987.043, 63
Trd, 4319987.343, 91
Trd, 4319989.143, 121
Trd, 4319990.043, 118
Trd, 4319990.293, 108
Trd, 4319990.493, 101
Trd, 4319991.993, 60
Trd, 4319992.893, 61
Trd, 4319993.043, 62
Trd, 4319993.393, 101
Trd, 4319993.693, 91
Trd, 4319994.843, 63
Trd, 4319995.543, 115
Trd, 4319997.043, 72
Trd, 4319997.543, 112
Trd, 4319998.843, 66
Trd, 4319998.993, 140
Trd, 4319999.893, 134
