Trd, 4318119.943, 140
Trd, 4318120.043, 136
Trd, 4318120.343, 125
Trd, 4318121.143, 79
Trd, 4318122.543, 140
Trd, 4318122.643, 140
Trd, 4318124.093, 138
Trd, 4318124.243, 140
Trd, 4318125.143, 140
Trd, 4318125.693, 140
Trd, 4318127.293, 140
Trd, 4318128.043, 140
Trd, 4318129.143, 140
Trd, 4318129.393, 140
Trd, 4318130.143, 136
Trd, 4318130.243, 126
Trd, 4318131.143, 140
Trd, 4318131.543, 140
Trd, 4318131.893, 140
Trd, 4318132.393, 140
Trd, 4318132.443, 140
Trd, 4318135.693, 140
Trd, 4318135.743, 140
Trd, 4318135.843, 140
Trd, 4318138.243, 140
Trd, 4318138.693, 140
Trd, 4318139.193, 140
Trd, 4318139.793, 138
Trd, 4318139.893, 137
Trd, 4318139.943, 108
Trd, 4318141.343, 139
Trd, 4318141.493, 102
Trd, 4318143.143, 140
Trd, 4318144.743, 140
Trd, 4318145.193, 140
Trd, 4318145.443, 139
Trd, 4318145.893, 140
Trd, 4318146.443, 140
Trd, 4318147.993, 139
Trd, 4318148.043, 139
Trd, 4318148.143, 64
Trd, 4318148.843, 64
Trd, 4318150.043, 61
Trd, 4318150.393, 82
Trd, 4318150.793, 64
Trd, 4318151.143, 67
Trd, 4318151.593, 64
Trd, 4318152.243, 100
Trd, 4318153.443, 139
Trd, 4318153.543, 139
Trd, 4318154.093, 138
Trd, 4318154.543, 91
Trd, 4318156.043, 140
Trd, 4318156.293, 87
Trd, 4318156.493, 139
Trd, 4318158.943, 140
Trd, 4318159.293, 139
Trd, 4318159.493, 139
Trd, 4318159.743, 102
Trd, 4318160.293, 139
Trd, 4318162.193, 140
Trd, 4318162.393, 140
Trd, 4318162.943, 140
Trd, 4318163.043, 140
Trd, 4318163.843, 140
Trd, 4318165.093, 135
Trd, 4318165.593, 130
Trd, 4318166.393, 140
Trd, 4318167.093, 140
Trd, 4318168.193, 140
Trd, 4318168.793, 139
Trd, 4318169.293, 102
Trd, 4318170.593, 136
Trd, 4318171.593, 137
Trd, 4318172.143, 136
Trd, 4318172.193, 135
Trd, 4318172.243, 99
Trd, 4318172.593, 61
Trd, 4318173.443, 60
Trd, 4318174.293, 140
Trd, 4318175.043, 140
Trd, 4318175.693, 106
Trd, 4318176.593, 139
Trd, 4318177.543, 140
Trd, 4318177.643, 104
Trd, 4318178.593, 134
Trd, 4318179.043, 109
Trd, 4318180.793, 140
Trd, 4318180.993, 140
Trd, 4318181.643, 138
Trd, 4318182.393, 140
Trd, 4318182.643, 140
Trd, 4318183.293, 139
Trd, 4318183.993, 137
Trd, 4318184.693, 140
Trd, 4318184.743, 127
Trd, 4318185.693, 139
Trd, 4318185.843, 102
Trd, 4318186.493, 136
Trd, 4318187.643, 140
Trd, 4318188.693, 139
Trd, 4318189.793, 140
Trd, 4318190.143, 120
Trd, 4318191.093, 140
Trd, 4318191.543, 137
Trd, 4318191.943, 140
Trd, 4318192.493, 140
Trd, 4318192.543, 135
Trd, 4318195.043, 140
Trd, 4318195.393, 140
Trd, 4318196.343, 140
Trd, 4318197.093, 140
Trd, 4318198.793, 140
Trd, 4318199.493, 140
Trd, 4318200.643, 140
Trd, 4318200.993, 140
Trd, 4318201.493, 140
Trd, 4318202.843, 140
Trd, 4318204.343, 140
Trd, 4318204.743, 140
Trd, 4318205.293, 140
Trd, 4318206.143, 140
Trd, 4318207.043, 140
Trd, 4318207.993, 140
Trd, 4318208.843, 140
Trd, 4318209.043, 136
Trd, 4318209.893, 140
Trd, 4318210.543, 140
Trd, 4318211.593, 137
Trd, 4318212.043, 115
Trd, 4318212.443, 140
Trd, 4318213.143, 140
Trd, 4318214.093, 140
Trd, 4318214.543, 140
Trd, 4318215.093, 140
Trd, 4318216.993, 140
Trd, 4318217.293, 140
Trd, 4318217.443, 107
Trd, 4318219.393, 140
Trd, 4318219.693, 137
Trd, 4318220.593, 140
Trd, 4318221.343, 138
Trd, 4318222.343, 138
Trd, 4318223.793, 140
Trd, 4318223.993, 140
Trd, 4318225.043, 140
Trd, 4318226.393, 140
Trd, 4318226.543, 140
Trd, 4318226.743, 136
Trd, 4318227.943, 140
Trd, 4318228.693, 111
Trd, 4318229.343, 137
Trd, 4318230.043, 102
Trd, 4318230.993, 140
Trd, 4318231.393, 140
Trd, 4318231.693, 137
Trd, 4318232.093, 136
Trd, 4318232.943, 140
Trd, 4318233.893, 140
Trd, 4318234.293, 140
Trd, 4318235.543, 136
Trd, 4318236.693, 139
Trd, 4318237.193, 139
Trd, 4318238.493, 140
Trd, 4318239.743, 140
Trd, 4318240.043, 140
Trd, 4318241.643, 140
Trd, 4318242.093, 140
Trd, 4318242.693, 140
Trd, 4318243.593, 140
Trd, 4318244.343, 140
Trd, 4318245.293, 140
Trd, 4318245.393, 140
Trd, 4318245.893, 140
Trd, 4318246.893, 140
Trd, 4318248.443, 140
Trd, 4318249.393, 140
Trd, 4318249.843, 138
Trd, 4318250.443, 138
Trd, 4318251.643, 140
Trd, 4318251.693, 139
Trd, 4318252.043, 111
Trd, 4318252.443, 95
Trd, 4318253.893, 140
Trd, 4318255.443, 139
Trd, 4318255.893, 139
Trd, 4318256.393, 139
Trd, 4318256.943, 138
Trd, 4318256.993, 135
Trd, 4318257.393, 82
Trd, 4318259.993, 140
Trd, 4318260.143, 140
Trd, 4318260.943, 139
Trd, 4318260.993, 138
Trd, 4318261.993, 140
Trd, 4318262.493, 140
Trd, 4318262.643, 135
Trd, 4318262.843, 136
Trd, 4318264.243, 139
Trd, 4318265.543, 110
Trd, 4318265.743, 100
Trd, 4318266.493, 140
Trd, 4318267.793, 140
Trd, 4318267.893, 139
Trd, 4318268.243, 139
Trd, 4318268.593, 118
Trd, 4318269.143, 65
Trd, 4318269.193, 68
Trd, 4318270.293, 140
Trd, 4318272.093, 140
Trd, 4318272.293, 140
Trd, 4318272.543, 140
Trd, 4318273.943, 140
Trd, 4318274.193, 140
Trd, 4318275.793, 140
Trd, 4318276.493, 140
Trd, 4318277.293, 140
Trd, 4318278.493, 140
Trd, 4318279.793, 138
Trd, 4318279.943, 136
Trd, 4318280.193, 121
Trd, 4318280.943, 62
Trd, 4318281.043, 65
Trd, 4318282.193, 140
Trd, 4318283.493, 138
Trd, 4318284.043, 140
Trd, 4318284.993, 139
Trd, 4318286.343, 140
Trd, 4318287.343, 140
Trd, 4318287.893, 139
Trd, 4318289.843, 140
Trd, 4318289.993, 139
Trd, 4318291.143, 140
Trd, 4318291.893, 140
Trd, 4318292.643, 140
Trd, 4318293.143, 140
Trd, 4318294.243, 140
Trd, 4318294.293, 139
Trd, 4318295.543, 139
Trd, 4318295.793, 140
Trd, 4318296.143, 140
Trd, 4318296.193, 115
Trd, 4318297.143, 140
Trd, 4318297.843, 140
Trd, 4318299.743, 138
Trd, 4318300.143, 140
Trd, 4318301.193, 140
Trd, 4318301.643, 139
Trd, 4318302.143, 138
Trd, 4318302.493, 137
Trd, 4318302.793, 97
Trd, 4318303.893, 139
Trd, 4318304.943, 140
Trd, 4318305.443, 140
Trd, 4318305.993, 139
Trd, 4318307.693, 140
Trd, 4318307.843, 140
Trd, 4318308.393, 140
Trd, 4318309.993, 140
Trd, 4318310.543, 140
Trd, 4318310.593, 139
Trd, 4318310.793, 137
Trd, 4318312.043, 138
Trd, 4318314.093, 139
Trd, 4318314.443, 139
Trd, 4318315.793, 140
Trd, 4318316.793, 140
Trd, 4318317.393, 140
Trd, 4318317.793, 140
Trd, 4318317.943, 140
Trd, 4318318.243, 140
Trd, 4318319.193, 140
Trd, 4318319.943, 139
Trd, 4318320.543, 140
Trd, 4318321.293, 138
Trd, 4318321.693, 135
Trd, 4318321.843, 126
Trd, 4318322.943, 140
Trd, 4318323.793, 140
Trd, 4318324.143, 140
Trd, 4318325.743, 140
Trd, 4318326.343, 140
Trd, 4318326.493, 139
Trd, 4318326.593, 138
Trd, 4318328.243, 140
Trd, 4318329.093, 98
Trd, 4318330.693, 139
Trd, 4318331.093, 140
Trd, 4318331.593, 62
Trd, 4318332.443, 140
Trd, 4318333.293, 140
Trd, 4318333.793, 138
Trd, 4318335.193, 139
Trd, 4318336.293, 140
Trd, 4318336.943, 140
Trd, 4318337.793, 139
Trd, 4318338.093, 138
Trd, 4318338.143, 103
Trd, 4318339.243, 140
Trd, 4318339.443, 140
Trd, 4318340.943, 140
Trd, 4318341.043, 139
Trd, 4318341.343, 139
Trd, 4318341.643, 130
Trd, 4318342.493, 139
Trd, 4318343.193, 139
Trd, 4318344.443, 140
Trd, 4318345.543, 100
Trd, 4318347.143, 140
Trd, 4318347.343, 140
Trd, 4318348.093, 140
Trd, 4318348.793, 140
Trd, 4318349.293, 140
Trd, 4318350.193, 140
Trd, 4318350.293, 140
Trd, 4318351.393, 139
Trd, 4318352.593, 140
Trd, 4318353.043, 140
Trd, 4318353.493, 140
Trd, 4318354.593, 140
Trd, 4318355.493, 140
Trd, 4318355.543, 140
Trd, 4318356.193, 140
Trd, 4318356.643, 140
Trd, 4318358.843, 140
Trd, 4318359.093, 140
Trd, 4318359.943, 140
Trd, 4318360.643, 140
Trd, 4318360.693, 139
Trd, 4318361.693, 140
Trd, 4318361.843, 140
Trd, 4318363.343, 140
Trd, 4318364.043, 139
Trd, 4318364.793, 139
Trd, 4318364.843, 120
Trd, 4318367.043, 140
Trd, 4318367.143, 140
Trd, 4318367.993, 140
Trd, 4318369.043, 140
Trd, 4318369.143, 140
Trd, 4318369.693, 140
Trd, 4318371.643, 140
Trd, 4318371.893, 140
Trd, 4318372.293, 139
Trd, 4318373.743, 139
Trd, 4318373.843, 139
Trd, 4318374.193, 138
Trd, 4318376.443, 140
Trd, 4318377.443, 140
Trd, 4318377.543, 140
Trd, 4318378.243, 118
Trd, 4318378.393, 139
Trd, 4318379.543, 63
Trd, 4318379.793, 68
Trd, 4318380.893, 67
Trd, 4318381.093, 61
Trd, 4318381.493, 78
Trd, 4318382.093, 64
Trd, 4318382.393, 61
Trd, 4318383.943, 63
Trd, 4318385.243, 61
Trd, 4318385.593, 70
Trd, 4318386.093, 62
Trd, 4318386.893, 60
Trd, 4318387.493, 61
Trd, 4318388.093, 61
Trd, 4318388.893, 61
Trd, 4318389.143, 64
Trd, 4318389.193, 82
Trd, 4318389.293, 136
Trd, 4318389.593, 62
Trd, 4318389.793, 137
Trd, 4318390.893, 140
Trd, 4318391.493, 60
Trd, 4318391.793, 68
Trd, 4318393.143, 140
Trd, 4318393.293, 140
Trd, 4318393.993, 62
Trd, 4318395.043, 140
Trd, 4318395.193, 139
Trd, 4318396.493, 140
Trd, 4318397.593, 139
Trd, 4318398.043, 139
Trd, 4318398.143, 139
Trd, 4318399.643, 138
Trd, 4318400.443, 129
Trd, 4318400.843, 127
Trd, 4318402.143, 139
Trd, 4318402.193, 139
Trd, 4318402.393, 139
Trd, 4318404.193, 140
Trd, 4318406.093, 140
Trd, 4318406.593, 121
Trd, 4318407.393, 140
Trd, 4318407.743, 140
Trd, 4318407.893, 137
Trd, 4318409.693, 140
Trd, 4318409.743, 139
Trd, 4318410.293, 138
Trd, 4318410.443, 123
Trd, 4318411.843, 132
Trd, 4318412.793, 138
Trd, 4318413.043, 140
Trd, 4318413.093, 109
Trd, 4318413.543, 133
Trd, 4318414.393, 140
Trd, 4318415.293, 140
Trd, 4318415.693, 139
Trd, 4318416.843, 136
Trd, 4318416.943, 118
Trd, 4318419.193, 139
Trd, 4318419.943, 140
Trd, 4318420.393, 140
Trd, 4318420.943, 140
Trd, 4318421.093, 138
Trd, 4318421.543, 60
Trd, 4318421.893, 134
Trd, 4318422.393, 140
Trd, 4318424.393, 140
Trd, 4318424.793, 140
Trd, 4318425.143, 138
Trd, 4318425.693, 140
Trd, 4318425.793, 137
Trd, 4318428.793, 140
Trd, 4318429.393, 140
Trd, 4318429.643, 140
Trd, 4318429.743, 139
Trd, 4318429.993, 136
Trd, 4318430.043, 133
Trd, 4318430.493, 108
Trd, 4318432.343, 140
Trd, 4318432.743, 140
Trd, 4318433.293, 140
Trd, 4318433.443, 140
Trd, 4318434.743, 140
Trd, 4318435.993, 140
Trd, 4318436.193, 140
Trd, 4318436.843, 137
Trd, 4318437.143, 124
Trd, 4318439.043, 140
Trd, 4318439.643, 140
Trd, 4318440.693, 139
Trd, 4318440.793, 138
Trd, 4318441.343, 128
Trd, 4318441.793, 60
Trd, 4318442.093, 61
Trd, 4318444.343, 60
Trd, 4318444.643, 60
Trd, 4318444.843, 60
Trd, 4318445.193, 61
Trd, 4318445.243, 65
Trd, 4318445.743, 66
Trd, 4318446.993, 60
Trd, 4318447.043, 63
Trd, 4318448.893, 60
Trd, 4318449.043, 60
Trd, 4318450.393, 60
Trd, 4318450.743, 65
Trd, 4318450.793, 69
Trd, 4318450.893, 69
Trd, 4318451.743, 60
Trd, 4318453.043, 63
Trd, 4318453.793, 139
Trd, 4318454.393, 137
Trd, 4318454.843, 136
Trd, 4318455.493, 140
Trd, 4318455.943, 140
Trd, 4318456.343, 140
Trd, 4318456.943, 140
Trd, 4318457.193, 140
Trd, 4318457.943, 63
Trd, 4318458.793, 140
Trd, 4318459.743, 138
Trd, 4318460.343, 140
Trd, 4318460.793, 111
Trd, 4318460.993, 138
Trd, 4318463.143, 60
Trd, 4318463.393, 60
Trd, 4318463.893, 60
Trd, 4318464.243, 62
Trd, 4318464.343, 62
Trd, 4318464.743, 63
Trd, 4318465.943, 62
Trd, 4318466.043, 83
Trd, 4318466.293, 84
Trd, 4318466.843, 60
Trd, 4318467.393, 62
Trd, 4318469.143, 60
Trd, 4318469.893, 60
Trd, 4318470.043, 66
Trd, 4318472.043, 63
Trd, 4318472.143, 63
Trd, 4318472.193, 83
Trd, 4318472.943, 60
Trd, 4318473.793, 61
Trd, 4318474.193, 61
Trd, 4318474.393, 67
Trd, 4318474.593, 72
Trd, 4318475.793, 61
Trd, 4318475.843, 82
Trd, 4318476.093, 70
Trd, 4318477.443, 105
Trd, 4318477.943, 83
Trd, 4318478.393, 115
Trd, 4318478.643, 100
Trd, 4318479.993, 140
Trd, 4318480.243, 139
Trd, 4318481.093, 140
Trd, 4318481.143, 140
Trd, 4318483.643, 139
Trd, 4318483.693, 138
Trd, 4318483.793, 140
Trd, 4318483.843, 135
Trd, 4318485.743, 140
Trd, 4318486.343, 140
Trd, 4318486.993, 140
Trd, 4318488.743, 140
Trd, 4318489.343, 140
Trd, 4318490.743, 140
Trd, 4318490.993, 140
Trd, 4318491.843, 140
Trd, 4318493.643, 140
Trd, 4318494.643, 140
Trd, 4318494.793, 139
Trd, 4318495.043, 139
Trd, 4318495.443, 140
Trd, 4318495.993, 140
Trd, 4318497.143, 101
Trd, 4318497.443, 140
Trd, 4318498.093, 140
Trd, 4318499.093, 138
Trd, 4318499.543, 139
Trd, 4318500.193, 139
Trd, 4318501.643, 140
Trd, 4318503.043, 140
Trd, 4318503.093, 140
Trd, 4318504.193, 140
Trd, 4318504.393, 140
Trd, 4318505.743, 140
Trd, 4318506.093, 140
Trd, 4318506.793, 140
Trd, 4318506.943, 140
Trd, 4318507.093, 140
Trd, 4318507.593, 139
Trd, 4318510.143, 140
Trd, 4318510.993, 140
Trd, 4318511.643, 140
Trd, 4318512.493, 140
Trd, 4318512.693, 140
Trd, 4318512.793, 140
Trd, 4318513.093, 140
Trd, 4318514.293, 139
Trd, 4318514.893, 139
Trd, 4318515.843, 140
Trd, 4318516.593, 139
Trd, 4318517.943, 140
Trd, 4318519.093, 140
Trd, 4318519.293, 140
Trd, 4318519.343, 108
Trd, 4318519.793, 139
Trd, 4318521.593, 139
Trd, 4318522.443, 140
Trd, 4318522.593, 138
Trd, 4318523.393, 140
Trd, 4318524.343, 140
Trd, 4318525.143, 137
Trd, 4318525.943, 138
Trd, 4318526.293, 136
Trd, 4318526.543, 119
Trd, 4318527.193, 140
Trd, 4318528.143, 139
Trd, 4318528.843, 140
Trd, 4318529.043, 136
Trd, 4318530.593, 60
Trd, 4318530.793, 66
Trd, 4318530.893, 70
Trd, 4318531.293, 140
Trd, 4318533.043, 67
Trd, 4318533.243, 73
Trd, 4318534.143, 61
Trd, 4318534.243, 68
Trd, 4318534.943, 75
Trd, 4318535.343, 140
Trd, 4318535.393, 139
Trd, 4318536.943, 140
Trd, 4318538.593, 140
Trd, 4318538.743, 140
Trd, 4318540.143, 140
Trd, 4318540.693, 139
Trd, 4318540.743, 131
Trd, 4318541.093, 140
Trd, 4318542.043, 140
Trd, 4318542.593, 140
Trd, 4318543.193, 140
Trd, 4318543.793, 139
Trd, 4318544.793, 140
Trd, 4318545.793, 139
Trd, 4318546.593, 139
Trd, 4318547.443, 139
Trd, 4318547.543, 102
Trd, 4318547.993, 131
Trd, 4318548.243, 65
Trd, 4318550.093, 140
Trd, 4318552.643, 140
Trd, 4318553.293, 140
Trd, 4318553.643, 140
Trd, 4318554.393, 140
Trd, 4318554.843, 140
Trd, 4318554.943, 99
Trd, 4318555.843, 140
Trd, 4318556.343, 139
Trd, 4318557.543, 140
Trd, 4318559.093, 140
Trd, 4318559.843, 140
Trd, 4318560.193, 140
Trd, 4318560.743, 140
Trd, 4318560.943, 140
Trd, 4318562.243, 136
Trd, 4318563.143, 138
Trd, 4318563.743, 140
Trd, 4318564.143, 102
Trd, 4318564.593, 138
Trd, 4318564.943, 61
Trd, 4318565.293, 60
Trd, 4318567.143, 140
Trd, 4318567.593, 140
Trd, 4318568.043, 140
Trd, 4318568.893, 139
Trd, 4318568.943, 136
Trd, 4318569.793, 106
Trd, 4318570.743, 70
Trd, 4318570.793, 120
Trd, 4318571.343, 135
Trd, 4318572.493, 78
Trd, 4318572.793, 78
Trd, 4318573.993, 140
Trd, 4318574.443, 140
Trd, 4318574.993, 140
Trd, 4318575.093, 139
Trd, 4318575.343, 131
Trd, 4318575.743, 139
Trd, 4318577.593, 133
Trd, 4318578.043, 138
Trd, 4318578.543, 139
Trd, 4318580.843, 140
Trd, 4318581.143, 140
Trd, 4318581.843, 140
Trd, 4318582.043, 139
Trd, 4318582.893, 140
Trd, 4318583.143, 88
Trd, 4318583.643, 140
Trd, 4318585.193, 140
Trd, 4318586.543, 140
Trd, 4318586.743, 140
Trd, 4318586.993, 140
Trd, 4318587.293, 140
Trd, 4318587.893, 140
Trd, 4318588.193, 140
Trd, 4318589.043, 139
Trd, 4318590.593, 140
Trd, 4318592.743, 140
Trd, 4318593.043, 140
Trd, 4318593.293, 140
Trd, 4318594.343, 140
Trd, 4318594.543, 140
Trd, 4318594.643, 137
Trd, 4318595.943, 140
Trd, 4318596.843, 60
Trd, 4318597.243, 63
Trd, 4318597.793, 140
Trd, 4318598.343, 138
Trd, 4318598.643, 123
Trd, 4318599.993, 140
Trd, 4318600.843, 136
Trd, 4318602.193, 80
Trd, 4318602.593, 140
Trd, 4318602.843, 82
Trd, 4318604.493, 140
Trd, 4318604.843, 140
Trd, 4318606.943, 140
Trd, 4318606.993, 139
Trd, 4318607.093, 139
Trd, 4318607.893, 140
Trd, 4318609.193, 140
Trd, 4318609.293, 140
Trd, 4318609.343, 140
Trd, 4318610.193, 98
Trd, 4318610.693, 140
Trd, 4318611.043, 60
Trd, 4318611.743, 60
Trd, 4318611.993, 72
Trd, 4318612.393, 63
Trd, 4318612.943, 61
Trd, 4318613.293, 114
Trd, 4318614.993, 60
Trd, 4318615.993, 60
Trd, 4318616.143, 61
Trd, 4318617.293, 65
Trd, 4318617.393, 72
Trd, 4318617.593, 64
Trd, 4318617.743, 88
Trd, 4318617.993, 140
Trd, 4318619.043, 140
Trd, 4318620.593, 140
Trd, 4318622.743, 139
Trd, 4318623.193, 140
Trd, 4318623.393, 140
Trd, 4318623.943, 140
Trd, 4318624.743, 140
Trd, 4318625.943, 140
Trd, 4318626.593, 140
Trd, 4318627.143, 140
Trd, 4318627.693, 140
Trd, 4318629.793, 140
Trd, 4318629.893, 140
Trd, 4318630.243, 140
Trd, 4318630.593, 138
Trd, 4318630.693, 136
Trd, 4318631.593, 138
Trd, 4318631.643, 133
Trd, 4318632.693, 139
Trd, 4318633.843, 140
Trd, 4318634.493, 140
Trd, 4318634.993, 140
Trd, 4318637.493, 140
Trd, 4318637.593, 139
Trd, 4318638.643, 140
Trd, 4318638.943, 140
Trd, 4318639.293, 140
Trd, 4318639.493, 140
Trd, 4318640.693, 140
Trd, 4318640.843, 139
Trd, 4318641.093, 138
Trd, 4318641.543, 139
Trd, 4318642.693, 139
Trd, 4318643.893, 138
Trd, 4318644.193, 60
Trd, 4318644.443, 64
Trd, 4318645.793, 140
Trd, 4318646.243, 140
Trd, 4318646.593, 139
Trd, 4318647.543, 140
Trd, 4318648.593, 140
Trd, 4318649.343, 140
Trd, 4318649.943, 140
Trd, 4318651.143, 140
Trd, 4318651.193, 138
Trd, 4318652.643, 140
Trd, 4318653.993, 140
Trd, 4318654.693, 140
Trd, 4318655.093, 133
Trd, 4318655.443, 79
Trd, 4318655.693, 140
Trd, 4318655.893, 140
Trd, 4318657.893, 140
Trd, 4318658.243, 140
Trd, 4318660.043, 139
Trd, 4318660.393, 140
Trd, 4318661.443, 140
Trd, 4318662.293, 140
Trd, 4318662.693, 120
Trd, 4318663.743, 140
Trd, 4318664.693, 140
Trd, 4318664.793, 140
Trd, 4318665.243, 140
Trd, 4318665.993, 140
Trd, 4318666.493, 140
Trd, 4318666.643, 129
Trd, 4318667.793, 139
Trd, 4318668.743, 61
Trd, 4318669.993, 98
Trd, 4318671.093, 140
Trd, 4318671.693, 140
Trd, 4318673.243, 140
Trd, 4318673.743, 140
Trd, 4318674.943, 140
Trd, 4318675.193, 140
Trd, 4318675.843, 137
Trd, 4318676.843, 140
Trd, 4318676.993, 136
Trd, 4318677.243, 135
Trd, 4318678.493, 77
Trd, 4318678.793, 140
Trd, 4318679.593, 139
Trd, 4318680.393, 139
Trd, 4318680.693, 139
Trd, 4318681.443, 140
Trd, 4318681.743, 137
Trd, 4318683.793, 140
Trd, 4318683.843, 140
Trd, 4318684.743, 139
Trd, 4318684.843, 136
Trd, 4318685.993, 140
Trd, 4318686.043, 87
Trd, 4318686.743, 110
Trd, 4318688.143, 140
Trd, 4318689.843, 140
Trd, 4318689.893, 140
Trd, 4318690.993, 140
Trd, 4318691.143, 140
Trd, 4318692.543, 140
Trd, 4318694.193, 140
Trd, 4318694.443, 140
Trd, 4318695.293, 140
Trd, 4318695.893, 140
Trd, 4318696.043, 139
Trd, 4318696.443, 140
Trd, 4318697.093, 140
Trd, 4318697.643, 140
Trd, 4318698.493, 140
Trd, 4318698.893, 140
Trd, 4318699.693, 140
Trd, 4318700.793, 140
Trd, 4318701.043, 138
Trd, 4318701.743, 140
Trd, 4318702.393, 139
Trd, 4318702.793, 140
Trd, 4318704.543, 140
Trd, 4318705.193, 140
Trd, 4318707.643, 140
Trd, 4318708.043, 140
Trd, 4318708.543, 140
Trd, 4318708.593, 139
Trd, 4318708.843, 139
Trd, 4318709.443, 139
Trd, 4318710.543, 140
Trd, 4318711.343, 140
Trd, 4318712.393, 140
Trd, 4318713.343, 140
Trd, 4318714.843, 140
Trd, 4318715.143, 140
Trd, 4318715.593, 140
Trd, 4318716.393, 140
Trd, 4318717.593, 140
Trd, 4318718.043, 140
Trd, 4318718.793, 140
Trd, 4318719.393, 140
Trd, 4318719.643, 136
Trd, 4318720.643, 140
Trd, 4318722.243, 140
Trd, 4318722.993, 140
Trd, 4318723.443, 140
Trd, 4318723.743, 139
Trd, 4318723.993, 81
Trd, 4318724.443, 61
Trd, 4318725.243, 61
Trd, 4318726.743, 69
Trd, 4318726.843, 87
Trd, 4318727.443, 61
Trd, 4318728.443, 62
Trd, 4318728.593, 60
Trd, 4318729.093, 136
Trd, 4318730.443, 140
Trd, 4318730.593, 140
Trd, 4318733.043, 140
Trd, 4318733.593, 140
Trd, 4318733.843, 140
Trd, 4318735.143, 140
Trd, 4318735.793, 139
Trd, 4318736.393, 140
Trd, 4318736.843, 140
Trd, 4318737.043, 137
Trd, 4318738.243, 140
Trd, 4318738.993, 140
Trd, 4318739.543, 140
Trd, 4318739.893, 140
Trd, 4318741.343, 140
Trd, 4318741.543, 140
Trd, 4318741.943, 139
Trd, 4318743.293, 140
Trd, 4318743.693, 140
Trd, 4318744.843, 140
Trd, 4318745.143, 140
Trd, 4318745.543, 140
Trd, 4318747.293, 107
Trd, 4318747.443, 139
Trd, 4318747.843, 140
Trd, 4318749.393, 140
Trd, 4318750.293, 140
Trd, 4318750.393, 140
Trd, 4318751.593, 140
Trd, 4318751.693, 138
Trd, 4318753.043, 139
Trd, 4318753.643, 140
Trd, 4318755.243, 140
Trd, 4318755.893, 140
Trd, 4318756.043, 140
Trd, 4318756.093, 140
Trd, 4318756.843, 140
Trd, 4318756.943, 119
Trd, 4318757.693, 140
Trd, 4318758.743, 61
Trd, 4318759.593, 140
Trd, 4318760.193, 140
Trd, 4318762.293, 140
Trd, 4318762.893, 139
Trd, 4318763.943, 140
Trd, 4318764.243, 140
Trd, 4318765.243, 140
Trd, 4318765.743, 139
Trd, 4318766.043, 139
Trd, 4318766.443, 138
Trd, 4318768.143, 140
Trd, 4318768.443, 140
Trd, 4318769.293, 139
Trd, 4318769.843, 140
Trd, 4318770.293, 140
Trd, 4318770.843, 136
Trd, 4318772.493, 140
Trd, 4318772.543, 139
Trd, 4318774.143, 139
Trd, 4318774.843, 96
Trd, 4318775.393, 62
Trd, 4318776.143, 66
Trd, 4318776.243, 86
Trd, 4318776.693, 74
Trd, 4318777.443, 140
Trd, 4318778.493, 62
Trd, 4318779.443, 139
Trd, 4318779.843, 139
Trd, 4318779.943, 139
Trd, 4318780.793, 138
Trd, 4318781.143, 139
Trd, 4318782.693, 140
Trd, 4318783.843, 140
Trd, 4318784.293, 140
Trd, 4318784.443, 140
Trd, 4318785.593, 140
Trd, 4318786.493, 139
Trd, 4318786.543, 108
Trd, 4318786.893, 71
Trd, 4318787.243, 68
Trd, 4318788.543, 137
Trd, 4318789.643, 140
Trd, 4318790.043, 140
Trd, 4318790.193, 140
Trd, 4318791.143, 139
Trd, 4318792.343, 138
Trd, 4318793.043, 140
Trd, 4318794.243, 140
Trd, 4318794.393, 140
Trd, 4318795.393, 140
Trd, 4318796.493, 140
Trd, 4318796.693, 139
Trd, 4318798.243, 140
Trd, 4318799.043, 140
Trd, 4318799.743, 140
Trd, 4318800.043, 105
Trd, 4318801.243, 140
Trd, 4318802.293, 140
Trd, 4318803.393, 139
Trd, 4318803.593, 139
Trd, 4318804.193, 140
Trd, 4318804.743, 140
Trd, 4318805.043, 140
Trd, 4318806.443, 139
Trd, 4318807.193, 140
Trd, 4318807.393, 140
Trd, 4318808.693, 140
Trd, 4318809.043, 140
Trd, 4318809.443, 137
Trd, 4318809.893, 123
Trd, 4318811.343, 140
Trd, 4318811.443, 139
Trd, 4318811.943, 139
Trd, 4318813.143, 138
Trd, 4318815.393, 140
Trd, 4318815.543, 138
Trd, 4318816.043, 137
Trd, 4318816.193, 137
Trd, 4318817.443, 140
Trd, 4318818.243, 140
Trd, 4318818.893, 140
Trd, 4318819.943, 140
Trd, 4318820.943, 140
Trd, 4318821.643, 140
Trd, 4318821.793, 140
Trd, 4318822.843, 140
Trd, 4318823.043, 140
Trd, 4318825.043, 140
Trd, 4318826.093, 140
Trd, 4318826.343, 140
Trd, 4318826.743, 139
Trd, 4318827.743, 140
Trd, 4318828.243, 140
Trd, 4318828.393, 140
Trd, 4318829.043, 139
Trd, 4318829.543, 125
Trd, 4318829.943, 140
Trd, 4318831.643, 139
Trd, 4318832.343, 139
Trd, 4318834.043, 140
Trd, 4318834.093, 133
Trd, 4318835.743, 140
Trd, 4318835.793, 140
Trd, 4318836.043, 104
Trd, 4318837.343, 140
Trd, 4318837.743, 138
Trd, 4318838.093, 140
Trd, 4318839.443, 140
Trd, 4318839.543, 139
Trd, 4318841.093, 139
Trd, 4318841.543, 138
Trd, 4318843.193, 139
Trd, 4318843.343, 132
Trd, 4318843.993, 140
Trd, 4318844.393, 140
Trd, 4318844.443, 139
Trd, 4318844.543, 135
Trd, 4318844.693, 140
Trd, 4318845.293, 100
Trd, 4318846.943, 140
Trd, 4318847.693, 139
Trd, 4318849.143, 140
Trd, 4318849.193, 140
Trd, 4318849.643, 139
Trd, 4318851.143, 140
Trd, 4318851.243, 134
Trd, 4318851.893, 139
Trd, 4318853.093, 140
Trd, 4318853.393, 140
Trd, 4318854.643, 140
Trd, 4318855.043, 140
Trd, 4318855.643, 140
Trd, 4318855.693, 140
Trd, 4318858.193, 140
Trd, 4318858.293, 139
Trd, 4318858.943, 140
Trd, 4318859.293, 139
Trd, 4318861.343, 140
Trd, 4318862.043, 140
Trd, 4318863.243, 140
Trd, 4318863.343, 140
Trd, 4318863.493, 137
Trd, 4318863.643, 137
Trd, 4318865.843, 140
Trd, 4318866.193, 137
Trd, 4318866.793, 132
Trd, 4318867.543, 140
Trd, 4318868.143, 139
Trd, 4318869.543, 139
Trd, 4318870.293, 140
Trd, 4318870.793, 140
Trd, 4318871.193, 139
Trd, 4318871.493, 89
Trd, 4318871.743, 126
Trd, 4318873.043, 140
Trd, 4318874.443, 140
Trd, 4318874.893, 139
Trd, 4318875.693, 139
Trd, 4318876.643, 140
Trd, 4318877.093, 140
Trd, 4318877.693, 139
Trd, 4318877.843, 140
Trd, 4318879.743, 140
Trd, 4318880.143, 140
Trd, 4318880.643, 140
Trd, 4318881.793, 133
Trd, 4318882.143, 138
Trd, 4318883.293, 140
Trd, 4318884.793, 140
Trd, 4318884.993, 140
Trd, 4318885.843, 92
Trd, 4318887.093, 140
Trd, 4318887.143, 139
Trd, 4318887.193, 100
Trd, 4318888.143, 136
Trd, 4318889.493, 140
Trd, 4318889.843, 140
Trd, 4318889.993, 62
Trd, 4318891.443, 81
Trd, 4318891.843, 139
Trd, 4318894.193, 140
Trd, 4318894.643, 140
Trd, 4318896.093, 140
Trd, 4318896.293, 140
Trd, 4318897.793, 140
Trd, 4318897.843, 140
Trd, 4318898.243, 140
Trd, 4318899.093, 140
Trd, 4318900.943, 140
Trd, 4318901.093, 138
Trd, 4318902.143, 140
Trd, 4318903.093, 140
Trd, 4318903.343, 139
Trd, 4318903.793, 140
Trd, 4318903.943, 139
Trd, 4318905.193, 140
Trd, 4318905.493, 138
Trd, 4318906.343, 139
Trd, 4318906.693, 137
Trd, 4318907.993, 140
Trd, 4318909.743, 140
Trd, 4318909.793, 139
Trd, 4318910.093, 101
Trd, 4318911.493, 139
Trd, 4318912.543, 140
Trd, 4318914.043, 140
Trd, 4318914.443, 140
Trd, 4318914.543, 140
Trd, 4318915.043, 138
Trd, 4318915.393, 129
Trd, 4318915.943, 138
Trd, 4318917.543, 140
Trd, 4318917.843, 140
Trd, 4318918.343, 139
Trd, 4318919.543, 140
Trd, 4318920.043, 138
Trd, 4318921.993, 140
Trd, 4318922.243, 140
Trd, 4318922.293, 139
Trd, 4318922.843, 140
Trd, 4318925.743, 140
Trd, 4318926.793, 140
Trd, 4318927.193, 140
Trd, 4318927.243, 139
Trd, 4318927.743, 138
Trd, 4318928.443, 138
Trd, 4318928.593, 64
Trd, 4318928.743, 91
Trd, 4318929.793, 139
Trd, 4318931.693, 140
Trd, 4318931.993, 140
Trd, 4318932.643, 140
Trd, 4318933.943, 140
Trd, 4318935.243, 140
Trd, 4318935.943, 140
Trd, 4318936.643, 140
Trd, 4318936.693, 140
Trd, 4318937.193, 140
Trd, 4318937.893, 140
Trd, 4318938.793, 130
Trd, 4318939.393, 140
Trd, 4318939.843, 105
Trd, 4318940.243, 140
Trd, 4318942.693, 140
Trd, 4318943.443, 140
Trd, 4318944.293, 140
Trd, 4318944.643, 140
Trd, 4318944.943, 137
Trd, 4318946.093, 140
Trd, 4318946.143, 138
Trd, 4318946.193, 135
Trd, 4318947.143, 139
Trd, 4318947.343, 139
Trd, 4318947.443, 138
Trd, 4318948.793, 140
Trd, 4318949.543, 137
Trd, 4318951.493, 140
Trd, 4318952.093, 139
Trd, 4318952.593, 100
Trd, 4318952.643, 100
Trd, 4318952.993, 139
Trd, 4318955.093, 140
Trd, 4318955.643, 140
Trd, 4318955.693, 137
Trd, 4318956.493, 60
Trd, 4318956.743, 60
Trd, 4318957.043, 61
Trd, 4318957.543, 121
Trd, 4318958.743, 140
Trd, 4318958.843, 139
Trd, 4318958.943, 137
Trd, 4318959.643, 134
Trd, 4318961.743, 140
Trd, 4318961.893, 80
Trd, 4318962.593, 140
Trd, 4318962.743, 139
Trd, 4318963.093, 102
Trd, 4318963.593, 140
Trd, 4318966.793, 140
Trd, 4318966.843, 138
Trd, 4318967.443, 140
Trd, 4318968.993, 140
Trd, 4318969.743, 138
Trd, 4318969.893, 137
Trd, 4318970.143, 138
Trd, 4318970.693, 140
Trd, 4318971.743, 138
Trd, 4318971.893, 74
Trd, 4318972.043, 69
Trd, 4318973.593, 140
Trd, 4318975.243, 140
Trd, 4318976.293, 140
Trd, 4318976.393, 139
Trd, 4318976.843, 140
Trd, 4318977.343, 140
Trd, 4318978.443, 140
Trd, 4318979.293, 140
Trd, 4318979.693, 139
Trd, 4318979.793, 111
Trd, 4318980.693, 61
Trd, 4318982.543, 139
Trd, 4318982.793, 137
Trd, 4318983.093, 115
Trd, 4318984.493, 138
Trd, 4318985.793, 140
Trd, 4318985.843, 140
Trd, 4318985.893, 140
Trd, 4318986.093, 139
Trd, 4318986.893, 140
Trd, 4318987.093, 126
Trd, 4318987.593, 138
Trd, 4318988.843, 140
Trd, 4318989.193, 139
Trd, 4318989.243, 137
Trd, 4318990.343, 138
Trd, 4318991.443, 137
Trd, 4318992.543, 140
Trd, 4318992.693, 140
Trd, 4318992.943, 140
Trd, 4318993.993, 67
Trd, 4318994.243, 140
Trd, 4318996.043, 140
Trd, 4318996.593, 140
Trd, 4318997.893, 140
Trd, 4318998.093, 140
Trd, 4318998.143, 140
Trd, 4318999.443, 140
Trd, 4318999.943, 140
Trd, 4319000.893, 140
Trd, 4319001.393, 139
Trd, 4319002.043, 138
Trd, 4319002.193, 125
Trd, 4319003.443, 140
Trd, 4319003.493, 139
Trd, 4319006.143, 140
Trd, 4319006.543, 140
Trd, 4319006.693, 133
Trd, 4319006.793, 140
Trd, 4319007.993, 140
Trd, 4319008.043, 98
Trd, 4319010.143, 140
Trd, 4319010.493, 140
Trd, 4319011.043, 140
Trd, 4319011.393, 140
Trd, 4319012.893, 140
Trd, 4319013.193, 139
Trd, 4319013.793, 140
Trd, 4319014.143, 138
Trd, 4319015.393, 140
Trd, 4319016.493, 139
Trd, 4319016.943, 139
Trd, 4319017.143, 129
Trd, 4319017.543, 140
Trd, 4319018.193, 140
Trd, 4319018.393, 140
Trd, 4319018.593, 138
Trd, 4319020.193, 140
Trd, 4319020.943, 140
Trd, 4319021.543, 118
Trd, 4319024.143, 140
Trd, 4319025.593, 138
Trd, 4319025.993, 139
Trd, 4319026.343, 121
Trd, 4319026.743, 140
Trd, 4319026.993, 139
Trd, 4319027.743, 140
Trd, 4319027.943, 140
Trd, 4319029.393, 140
Trd, 4319029.743, 140
Trd, 4319029.893, 138
Trd, 4319030.193, 104
Trd, 4319030.393, 92
Trd, 4319030.943, 138
Trd, 4319031.843, 140
Trd, 4319033.093, 139
Trd, 4319033.243, 115
Trd, 4319035.043, 140
Trd, 4319036.043, 140
Trd, 4319036.293, 140
Trd, 4319036.343, 140
Trd, 4319036.593, 140
Trd, 4319038.543, 140
Trd, 4319038.743, 140
Trd, 4319039.043, 139
Trd, 4319039.493, 139
Trd, 4319040.443, 139
Trd, 4319041.443, 136
Trd, 4319042.043, 139
Trd, 4319042.843, 139
Trd, 4319043.443, 138
Trd, 4319043.843, 139
Trd, 4319044.343, 69
Trd, 4319045.593, 140
Trd, 4319045.993, 140
Trd, 4319046.743, 140
Trd, 4319047.493, 140
Trd, 4319048.293, 140
Trd, 4319048.393, 139
Trd, 4319049.293, 140
Trd, 4319049.793, 140
Trd, 4319050.043, 140
Trd, 4319051.043, 140
Trd, 4319051.193, 139
Trd, 4319052.043, 95
Trd, 4319053.193, 140
Trd, 4319053.943, 140
Trd, 4319054.043, 104
Trd, 4319054.593, 137
Trd, 4319056.693, 140
Trd, 4319057.043, 140
Trd, 4319057.543, 138
Trd, 4319057.693, 129
Trd, 4319058.043, 60
Trd, 4319059.143, 60
Trd, 4319059.893, 140
Trd, 4319059.943, 140
Trd, 4319060.543, 140
Trd, 4319061.843, 128
Trd, 4319062.393, 140
Trd, 4319063.293, 139
Trd, 4319063.593, 136
Trd, 4319065.093, 140
Trd, 4319065.743, 140
Trd, 4319066.293, 139
Trd, 4319066.743, 140
Trd, 4319066.793, 139
Trd, 4319069.043, 140
Trd, 4319069.143, 138
Trd, 4319069.243, 135
Trd, 4319070.693, 138
Trd, 4319071.843, 140
Trd, 4319072.393, 139
Trd, 4319072.593, 138
Trd, 4319073.393, 108
Trd, 4319073.543, 99
Trd, 4319074.543, 62
Trd, 4319074.743, 63
Trd, 4319075.243, 131
Trd, 4319075.993, 60
Trd, 4319076.343, 62
Trd, 4319076.793, 63
Trd, 4319077.543, 61
Trd, 4319077.643, 68
Trd, 4319078.093, 82
Trd, 4319080.793, 60
Trd, 4319081.293, 66
Trd, 4319081.443, 60
Trd, 4319081.793, 65
Trd, 4319082.193, 72
Trd, 4319082.793, 60
Trd, 4319082.843, 63
Trd, 4319084.043, 62
Trd, 4319084.443, 61
Trd, 4319085.493, 60
Trd, 4319085.693, 63
Trd, 4319085.943, 63
Trd, 4319088.593, 140
Trd, 4319088.843, 140
Trd, 4319089.093, 139
Trd, 4319089.743, 139
Trd, 4319089.793, 139
Trd, 4319089.843, 126
Trd, 4319090.143, 78
Trd, 4319091.643, 138
Trd, 4319091.943, 138
Trd, 4319092.543, 140
Trd, 4319093.843, 140
Trd, 4319093.943, 140
Trd, 4319095.143, 140
Trd, 4319095.843, 140
Trd, 4319096.743, 140
Trd, 4319096.793, 139
Trd, 4319097.293, 117
Trd, 4319097.593, 129
Trd, 4319099.043, 140
Trd, 4319100.943, 140
Trd, 4319101.293, 140
Trd, 4319101.693, 137
Trd, 4319102.943, 140
Trd, 4319103.243, 140
Trd, 4319103.293, 97
Trd, 4319103.393, 63
Trd, 4319104.293, 140
Trd, 4319104.593, 139
Trd, 4319105.443, 140
Trd, 4319105.943, 139
Trd, 4319106.843, 139
Trd, 4319107.693, 140
Trd, 4319109.293, 139
Trd, 4319110.093, 136
Trd, 4319110.143, 113
Trd, 4319111.143, 140
Trd, 4319111.393, 140
Trd, 4319111.493, 137
Trd, 4319112.693, 139
Trd, 4319113.443, 140
Trd, 4319114.643, 139
Trd, 4319115.593, 139
Trd, 4319115.993, 99
Trd, 4319116.293, 60
Trd, 4319117.993, 140
Trd, 4319118.393, 139
Trd, 4319118.943, 139
Trd, 4319119.743, 140
Trd, 4319120.843, 140
Trd, 4319121.493, 137
Trd, 4319122.243, 140
Trd, 4319122.293, 139
Trd, 4319123.643, 140
Trd, 4319124.443, 139
Trd, 4319124.843, 139
Trd, 4319126.143, 140
Trd, 4319127.593, 140
Trd, 4319127.643, 140
Trd, 4319127.943, 140
Trd, 4319129.943, 140
Trd, 4319130.843, 140
Trd, 4319130.993, 139
Trd, 4319131.343, 139
Trd, 4319131.693, 140
Trd, 4319132.243, 117
Trd, 4319133.543, 140
Trd, 4319133.743, 139
Trd, 4319135.393, 140
Trd, 4319135.643, 140
Trd, 4319135.743, 140
Trd, 4319136.243, 140
Trd, 4319136.343, 100
Trd, 4319138.993, 140
Trd, 4319140.993, 140
Trd, 4319141.093, 140
Trd, 4319141.993, 140
Trd, 4319142.093, 140
Trd, 4319143.093, 140
Trd, 4319144.043, 101
Trd, 4319145.143, 60
Trd, 4319145.443, 60
Trd, 4319145.593, 61
Trd, 4319145.693, 65
Trd, 4319146.343, 72
Trd, 4319148.243, 64
Trd, 4319148.943, 61
Trd, 4319148.993, 65
Trd, 4319149.343, 68
Trd, 4319149.543, 69
Trd, 4319149.793, 90
Trd, 4319151.243, 61
Trd, 4319151.343, 61
Trd, 4319152.143, 66
Trd, 4319152.943, 106
Trd, 4319152.993, 125
Trd, 4319154.293, 60
Trd, 4319154.743, 61
Trd, 4319155.293, 61
Trd, 4319155.493, 64
Trd, 4319156.443, 137
Trd, 4319156.643, 135
Trd, 4319157.343, 140
Trd, 4319157.693, 94
Trd, 4319158.793, 87
Trd, 4319159.093, 66
Trd, 4319159.543, 63
Trd, 4319160.143, 63
Trd, 4319161.093, 60
Trd, 4319161.243, 60
Trd, 4319161.793, 61
Trd, 4319161.893, 82
Trd, 4319162.093, 140
Trd, 4319163.193, 63
Trd, 4319164.643, 140
Trd, 4319165.693, 140
Trd, 4319166.093, 140
Trd, 4319166.643, 140
Trd, 4319166.943, 139
Trd, 4319167.193, 139
Trd, 4319167.243, 136
Trd, 4319168.793, 63
Trd, 4319169.343, 140
Trd, 4319169.943, 140
Trd, 4319170.143, 140
Trd, 4319171.493, 140
Trd, 4319173.793, 140
Trd, 4319173.993, 139
Trd, 4319174.043, 138
Trd, 4319174.393, 136
Trd, 4319174.593, 106
Trd, 4319174.693, 73
Trd, 4319177.243, 140
Trd, 4319178.643, 140
Trd, 4319179.143, 140
Trd, 4319180.093, 140
Trd, 4319180.443, 139
Trd, 4319180.493, 139
Trd, 4319180.643, 139
Trd, 4319181.743, 139
Trd, 4319182.693, 140
Trd, 4319183.243, 140
Trd, 4319185.943, 140
Trd, 4319185.993, 140
Trd, 4319186.093, 140
Trd, 4319186.393, 133
Trd, 4319188.293, 140
Trd, 4319188.793, 140
Trd, 4319189.693, 140
Trd, 4319190.793, 139
Trd, 4319190.843, 138
Trd, 4319191.943, 140
Trd, 4319192.243, 140
Trd, 4319193.193, 140
Trd, 4319194.143, 140
Trd, 4319194.743, 138
Trd, 4319195.493, 140
Trd, 4319195.993, 138
Trd, 4319196.393, 140
Trd, 4319197.043, 138
Trd, 4319198.893, 140
Trd, 4319199.393, 140
Trd, 4319200.043, 138
Trd, 4319202.193, 140
Trd, 4319202.943, 140
Trd, 4319203.543, 140
Trd, 4319204.243, 140
Trd, 4319205.243, 140
Trd, 4319205.843, 136
Trd, 4319205.893, 104
Trd, 4319207.243, 139
Trd, 4319207.643, 102
Trd, 4319207.693, 100
Trd, 4319209.343, 140
Trd, 4319209.943, 140
Trd, 4319210.193, 139
Trd, 4319211.193, 140
Trd, 4319211.943, 140
Trd, 4319212.493, 61
Trd, 4319213.393, 60
Trd, 4319213.443, 61
Trd, 4319213.993, 61
Trd, 4319214.293, 60
Trd, 4319214.543, 78
Trd, 4319215.593, 62
Trd, 4319216.143, 60
Trd, 4319217.093, 140
Trd, 4319217.443, 138
Trd, 4319217.643, 138
Trd, 4319218.743, 140
Trd, 4319219.993, 140
Trd, 4319220.693, 139
Trd, 4319220.893, 105
Trd, 4319221.893, 138
Trd, 4319222.543, 127
Trd, 4319223.643, 138
Trd, 4319223.743, 99
Trd, 4319224.093, 92
Trd, 4319226.143, 139
Trd, 4319226.543, 139
Trd, 4319226.643, 138
Trd, 4319227.843, 140
Trd, 4319228.193, 97
Trd, 4319228.843, 139
Trd, 4319228.893, 138
Trd, 4319229.443, 139
Trd, 4319231.093, 140
Trd, 4319231.593, 140
Trd, 4319232.443, 140
Trd, 4319233.093, 140
Trd, 4319233.993, 140
Trd, 4319234.343, 139
Trd, 4319235.343, 123
Trd, 4319235.993, 140
Trd, 4319236.143, 110
Trd, 4319237.193, 138
Trd, 4319237.693, 133
Trd, 4319238.993, 138
Trd, 4319239.243, 138
Trd, 4319242.093, 140
Trd, 4319243.693, 140
Trd, 4319243.893, 139
Trd, 4319244.193, 138
Trd, 4319244.393, 140
Trd, 4319245.643, 140
Trd, 4319246.393, 140
Trd, 4319246.793, 139
Trd, 4319247.193, 130
Trd, 4319248.193, 115
Trd, 4319249.293, 140
Trd, 4319251.043, 140
Trd, 4319251.143, 140
Trd, 4319251.193, 139
Trd, 4319251.343, 139
Trd, 4319251.943, 138
Trd, 4319252.543, 140
Trd, 4319253.143, 139
Trd, 4319253.593, 104
Trd, 4319254.193, 140
Trd, 4319256.993, 140
Trd, 4319257.193, 140
Trd, 4319257.243, 140
Trd, 4319257.643, 136
Trd, 4319258.693, 140
Trd, 4319258.793, 139
Trd, 4319259.743, 139
Trd, 4319260.193, 139
Trd, 4319260.693, 138
Trd, 4319261.493, 75
Trd, 4319262.093, 138
Trd, 4319262.643, 77
Trd, 4319262.693, 78
Trd, 4319263.743, 140
Trd, 4319264.343, 140
Trd, 4319265.693, 83
Trd, 4319266.343, 138
Trd, 4319267.793, 140
Trd, 4319268.793, 140
Trd, 4319269.943, 140
Trd, 4319269.993, 140
Trd, 4319270.143, 139
Trd, 4319270.993, 139
Trd, 4319271.443, 139
Trd, 4319271.993, 140
Trd, 4319272.893, 116
Trd, 4319273.893, 137
Trd, 4319274.743, 140
Trd, 4319275.143, 139
Trd, 4319276.293, 140
Trd, 4319277.043, 140
Trd, 4319277.193, 139
Trd, 4319277.543, 117
Trd, 4319277.693, 114
Trd, 4319278.693, 140
Trd, 4319278.893, 140
Trd, 4319281.393, 140
Trd, 4319282.043, 140
Trd, 4319282.593, 140
Trd, 4319283.543, 140
Trd, 4319284.293, 140
Trd, 4319284.593, 140
Trd, 4319285.443, 140
Trd, 4319286.593, 140
Trd, 4319288.043, 140
Trd, 4319289.043, 140
Trd, 4319289.493, 140
Trd, 4319290.593, 140
Trd, 4319291.493, 139
Trd, 4319292.093, 140
Trd, 4319292.393, 139
Trd, 4319293.243, 140
Trd, 4319293.743, 140
Trd, 4319294.943, 140
Trd, 4319295.893, 140
Trd, 4319295.943, 140
Trd, 4319296.543, 140
Trd, 4319296.643, 140
Trd, 4319298.993, 140
Trd, 4319299.093, 140
Trd, 4319299.443, 140
Trd, 4319300.443, 139
Trd, 4319301.243, 140
Trd, 4319301.593, 140
Trd, 4319301.943, 139
Trd, 4319302.793, 140
Trd, 4319304.143, 140
Trd, 4319304.693, 140
Trd, 4319305.793, 140
Trd, 4319306.343, 140
Trd, 4319306.843, 140
Trd, 4319307.143, 139
Trd, 4319307.993, 140
Trd, 4319308.293, 111
Trd, 4319309.393, 140
Trd, 4319309.693, 139
Trd, 4319310.443, 139
Trd, 4319311.343, 139
Trd, 4319311.693, 139
Trd, 4319313.743, 139
Trd, 4319314.093, 65
Trd, 4319314.293, 70
Trd, 4319314.543, 69
Trd, 4319315.743, 140
Trd, 4319316.843, 140
Trd, 4319317.343, 140
Trd, 4319317.643, 112
Trd, 4319318.943, 139
Trd, 4319319.493, 138
Trd, 4319319.893, 135
Trd, 4319320.193, 134
Trd, 4319320.493, 125
Trd, 4319321.493, 124
Trd, 4319323.743, 140
Trd, 4319324.043, 140
Trd, 4319325.093, 140
Trd, 4319325.193, 140
Trd, 4319326.693, 140
Trd, 4319327.293, 140
Trd, 4319327.493, 138
Trd, 4319328.143, 140
Trd, 4319328.943, 123
Trd, 4319329.793, 140
Trd, 4319331.243, 140
Trd, 4319332.243, 140
Trd, 4319332.293, 140
Trd, 4319333.043, 140
Trd, 4319334.093, 140
Trd, 4319335.493, 140
Trd, 4319336.043, 140
Trd, 4319336.493, 140
Trd, 4319336.643, 136
Trd, 4319337.143, 138
Trd, 4319337.493, 105
Trd, 4319338.593, 140
Trd, 4319340.143, 140
Trd, 4319342.043, 140
Trd, 4319342.193, 140
Trd, 4319343.543, 140
Trd, 4319343.593, 140
Trd, 4319343.743, 137
Trd, 4319344.493, 139
Trd, 4319344.643, 138
Trd, 4319345.143, 106
Trd, 4319346.493, 67
Trd, 4319346.843, 67
Trd, 4319347.143, 68
Trd, 4319347.343, 77
Trd, 4319347.793, 88
Trd, 4319348.093, 89
Trd, 4319348.643, 62
Trd, 4319348.893, 139
Trd, 4319350.543, 62
Trd, 4319351.143, 121
Trd, 4319351.593, 92
Trd, 4319352.593, 61
Trd, 4319353.643, 61
Trd, 4319354.243, 60
Trd, 4319354.993, 69
Trd, 4319356.593, 60
Trd, 4319356.793, 61
Trd, 4319356.893, 80
Trd, 4319357.143, 67
Trd, 4319357.243, 138
Trd, 4319358.493, 140
Trd, 4319359.043, 140
Trd, 4319360.643, 139
Trd, 4319361.743, 139
Trd, 4319362.643, 140
Trd, 4319363.143, 138
Trd, 4319363.493, 140
Trd, 4319363.843, 140
Trd, 4319363.993, 139
Trd, 4319364.043, 113
Trd, 4319364.243, 112
Trd, 4319365.043, 60
Trd, 4319366.393, 62
Trd, 4319366.843, 69
Trd, 4319366.943, 82
Trd, 4319367.093, 140
Trd, 4319367.643, 140
Trd, 4319367.943, 138
Trd, 4319369.293, 140
Trd, 4319369.943, 138
Trd, 4319370.343, 140
Trd, 4319370.993, 135
Trd, 4319372.293, 77
Trd, 4319373.193, 138
Trd, 4319373.443, 137
Trd, 4319374.393, 140
Trd, 4319376.393, 140
Trd, 4319377.493, 140
Trd, 4319377.593, 140
Trd, 4319377.643, 140
Trd, 4319378.143, 140
Trd, 4319379.143, 139
Trd, 4319379.693, 140
Trd, 4319380.793, 140
Trd, 4319382.293, 140
Trd, 4319382.443, 139
Trd, 4319383.643, 140
Trd, 4319384.243, 139
Trd, 4319384.293, 138
Trd, 4319386.293, 140
Trd, 4319386.543, 140
Trd, 4319386.843, 137
Trd, 4319388.293, 138
Trd, 4319388.493, 132
Trd, 4319388.693, 137
Trd, 4319389.093, 140
Trd, 4319389.193, 95
Trd, 4319391.043, 62
Trd, 4319391.643, 139
Trd, 4319392.743, 135
Trd, 4319393.293, 137
Trd, 4319394.093, 140
Trd, 4319394.193, 140
Trd, 4319395.793, 140
Trd, 4319395.893, 139
Trd, 4319396.893, 140
Trd, 4319398.043, 140
Trd, 4319398.293, 140
Trd, 4319399.043, 139
Trd, 4319400.093, 140
Trd, 4319400.893, 137
Trd, 4319400.943, 136
Trd, 4319401.593, 140
Trd, 4319401.843, 140
Trd, 4319403.043, 139
Trd, 4319403.293, 120
Trd, 4319404.993, 140
Trd, 4319405.943, 139
Trd, 4319406.443, 140
Trd, 4319406.843, 137
Trd, 4319407.143, 139
Trd, 4319407.443, 100
Trd, 4319407.543, 140
Trd, 4319408.893, 140
Trd, 4319409.993, 140
Trd, 4319410.543, 124
Trd, 4319411.843, 140
Trd, 4319412.243, 139
Trd, 4319413.193, 124
Trd, 4319415.043, 140
Trd, 4319415.193, 140
Trd, 4319415.293, 113
Trd, 4319416.043, 140
Trd, 4319416.393, 140
Trd, 4319416.843, 60
Trd, 4319418.443, 140
Trd, 4319418.493, 140
Trd, 4319419.443, 140
Trd, 4319419.693, 125
Trd, 4319420.843, 64
Trd, 4319421.043, 61
Trd, 4319421.493, 62
Trd, 4319422.643, 63
Trd, 4319423.443, 60
Trd, 4319425.243, 140
Trd, 4319425.543, 140
Trd, 4319425.843, 140
Trd, 4319426.343, 139
Trd, 4319426.943, 106
Trd, 4319427.593, 137
Trd, 4319429.493, 140
Trd, 4319430.643, 140
Trd, 4319430.893, 140
Trd, 4319431.893, 139
Trd, 4319432.093, 133
Trd, 4319433.193, 138
Trd, 4319434.843, 137
Trd, 4319434.993, 109
Trd, 4319435.243, 135
Trd, 4319436.043, 138
Trd, 4319437.993, 140
Trd, 4319438.443, 139
Trd, 4319438.843, 139
Trd, 4319439.493, 140
Trd, 4319439.693, 140
Trd, 4319440.193, 140
Trd, 4319442.043, 139
Trd, 4319442.193, 140
Trd, 4319443.243, 140
Trd, 4319444.093, 140
Trd, 4319444.543, 140
Trd, 4319445.043, 139
Trd, 4319445.093, 100
Trd, 4319445.443, 84
Trd, 4319446.043, 89
Trd, 4319447.343, 140
Trd, 4319447.493, 140
Trd, 4319448.843, 140
Trd, 4319449.293, 140
Trd, 4319450.343, 140
Trd, 4319450.693, 140
Trd, 4319450.843, 140
Trd, 4319451.693, 140
Trd, 4319453.243, 140
Trd, 4319453.343, 139
Trd, 4319455.493, 140
Trd, 4319455.693, 140
Trd, 4319456.593, 140
Trd, 4319457.843, 140
Trd, 4319459.443, 140
Trd, 4319459.493, 140
Trd, 4319459.593, 112
Trd, 4319459.643, 105
Trd, 4319459.793, 135
Trd, 4319461.443, 140
Trd, 4319461.993, 140
Trd, 4319462.143, 139
Trd, 4319463.443, 139
Trd, 4319463.643, 106
Trd, 4319463.893, 101
Trd, 4319465.493, 140
Trd, 4319466.193, 140
Trd, 4319466.393, 140
Trd, 4319467.693, 140
Trd, 4319467.943, 140
Trd, 4319468.993, 140
Trd, 4319469.143, 139
Trd, 4319470.193, 140
Trd, 4319470.393, 140
Trd, 4319471.193, 140
Trd, 4319472.143, 138
Trd, 4319473.093, 140
Trd, 4319473.343, 139
Trd, 4319474.343, 140
Trd, 4319475.293, 140
Trd, 4319475.943, 140
Trd, 4319476.743, 140
Trd, 4319477.193, 137
Trd, 4319477.393, 116
Trd, 4319478.743, 140
Trd, 4319479.643, 140
Trd, 4319480.043, 140
Trd, 4319482.793, 140
Trd, 4319482.943, 140
Trd, 4319483.243, 140
Trd, 4319483.393, 119
Trd, 4319484.143, 140
Trd, 4319485.243, 140
Trd, 4319486.143, 140
Trd, 4319487.093, 140
Trd, 4319488.643, 140
Trd, 4319488.993, 140
Trd, 4319489.743, 140
Trd, 4319490.243, 140
Trd, 4319491.293, 140
Trd, 4319491.493, 138
Trd, 4319491.943, 134
Trd, 4319493.293, 140
Trd, 4319493.593, 140
Trd, 4319495.593, 140
Trd, 4319495.743, 139
Trd, 4319496.893, 140
Trd, 4319496.993, 140
Trd, 4319498.243, 140
Trd, 4319498.793, 139
Trd, 4319499.393, 112
Trd, 4319500.043, 140
Trd, 4319501.643, 140
Trd, 4319503.343, 140
Trd, 4319503.643, 140
Trd, 4319503.993, 140
Trd, 4319505.343, 140
Trd, 4319505.543, 140
Trd, 4319505.843, 140
Trd, 4319507.943, 139
Trd, 4319508.443, 140
Trd, 4319508.693, 139
Trd, 4319510.243, 140
Trd, 4319510.593, 139
Trd, 4319510.793, 139
Trd, 4319511.343, 138
Trd, 4319513.143, 136
Trd, 4319513.693, 140
Trd, 4319514.693, 140
Trd, 4319514.743, 140
Trd, 4319515.843, 140
Trd, 4319515.993, 139
Trd, 4319516.293, 136
Trd, 4319516.743, 98
Trd, 4319517.543, 66
Trd, 4319517.743, 65
Trd, 4319520.343, 140
Trd, 4319521.793, 140
Trd, 4319522.293, 140
Trd, 4319522.343, 140
Trd, 4319522.693, 140
Trd, 4319523.093, 139
Trd, 4319524.193, 140
Trd, 4319524.343, 140
Trd, 4319524.943, 139
Trd, 4319526.593, 140
Trd, 4319527.243, 139
Trd, 4319528.543, 140
Trd, 4319528.643, 140
Trd, 4319529.493, 139
Trd, 4319530.243, 139
Trd, 4319530.293, 139
Trd, 4319530.593, 79
Trd, 4319532.693, 140
Trd, 4319532.993, 136
Trd, 4319533.793, 140
Trd, 4319535.493, 140
Trd, 4319535.843, 140
Trd, 4319536.343, 140
Trd, 4319536.493, 140
Trd, 4319538.143, 140
Trd, 4319538.393, 140
Trd, 4319539.543, 140
Trd, 4319540.543, 140
Trd, 4319540.993, 140
Trd, 4319542.093, 140
Trd, 4319542.343, 140
Trd, 4319543.743, 140
Trd, 4319544.043, 140
Trd, 4319546.543, 140
Trd, 4319546.993, 140
Trd, 4319547.043, 135
Trd, 4319547.143, 131
Trd, 4319548.343, 140
Trd, 4319548.493, 70
Trd, 4319549.743, 140
Trd, 4319550.443, 140
Trd, 4319551.943, 140
Trd, 4319552.643, 140
Trd, 4319552.693, 138
Trd, 4319553.143, 137
Trd, 4319553.593, 128
Trd, 4319554.493, 140
Trd, 4319555.843, 140
Trd, 4319556.843, 140
Trd, 4319557.243, 138
Trd, 4319558.543, 140
Trd, 4319559.693, 140
Trd, 4319559.993, 140
Trd, 4319560.593, 140
Trd, 4319560.743, 139
Trd, 4319560.943, 139
Trd, 4319561.493, 137
Trd, 4319563.593, 140
Trd, 4319564.343, 140
Trd, 4319564.793, 127
Trd, 4319565.843, 140
Trd, 4319565.943, 127
Trd, 4319566.343, 100
Trd, 4319567.143, 140
Trd, 4319568.543, 140
Trd, 4319569.043, 139
Trd, 4319570.043, 140
Trd, 4319570.143, 140
Trd, 4319570.793, 140
Trd, 4319571.693, 140
Trd, 4319572.043, 140
Trd, 4319573.393, 140
Trd, 4319574.143, 140
Trd, 4319574.843, 139
Trd, 4319575.143, 103
Trd, 4319575.543, 140
Trd, 4319576.393, 140
Trd, 4319577.393, 140
Trd, 4319577.493, 140
Trd, 4319579.693, 140
Trd, 4319579.893, 140
Trd, 4319580.293, 140
Trd, 4319580.543, 140
Trd, 4319580.693, 130
Trd, 4319581.443, 140
Trd, 4319582.743, 140
Trd, 4319584.093, 140
Trd, 4319585.093, 139
Trd, 4319585.693, 140
Trd, 4319586.193, 137
Trd, 4319586.743, 139
Trd, 4319587.743, 140
Trd, 4319588.143, 139
Trd, 4319588.543, 140
Trd, 4319589.043, 140
Trd, 4319589.543, 137
Trd, 4319589.643, 130
Trd, 4319590.543, 140
Trd, 4319590.943, 138
Trd, 4319591.793, 60
Trd, 4319591.893, 64
Trd, 4319592.443, 69
Trd, 4319592.843, 82
Trd, 4319592.893, 103
Trd, 4319594.093, 140
Trd, 4319595.243, 140
Trd, 4319596.493, 140
Trd, 4319596.793, 140
Trd, 4319596.993, 140
Trd, 4319597.643, 140
Trd, 4319598.143, 62
Trd, 4319598.343, 63
Trd, 4319598.693, 62
Trd, 4319599.093, 117
Trd, 4319599.443, 127
Trd, 4319599.943, 69
Trd, 4319600.693, 139
Trd, 4319601.643, 61
Trd, 4319601.793, 60
Trd, 4319604.043, 60
Trd, 4319604.193, 60
Trd, 4319605.243, 61
Trd, 4319606.943, 60
Trd, 4319607.093, 60
Trd, 4319607.943, 61
Trd, 4319608.443, 62
Trd, 4319609.643, 60
Trd, 4319609.743, 65
Trd, 4319610.343, 67
Trd, 4319611.493, 140
Trd, 4319611.843, 140
Trd, 4319611.943, 140
Trd, 4319612.093, 114
Trd, 4319613.093, 140
Trd, 4319613.993, 63
Trd, 4319614.243, 76
Trd, 4319615.793, 139
Trd, 4319616.793, 140
Trd, 4319616.943, 132
Trd, 4319617.793, 140
Trd, 4319618.093, 140
Trd, 4319618.943, 140
Trd, 4319620.643, 140
Trd, 4319621.043, 140
Trd, 4319622.093, 140
Trd, 4319624.443, 140
Trd, 4319624.493, 140
Trd, 4319624.743, 139
Trd, 4319625.593, 140
Trd, 4319625.793, 140
Trd, 4319625.943, 98
Trd, 4319626.943, 139
Trd, 4319627.443, 140
Trd, 4319628.743, 140
Trd, 4319628.993, 140
Trd, 4319629.943, 138
Trd, 4319631.493, 140
Trd, 4319631.843, 139
Trd, 4319632.493, 139
Trd, 4319632.793, 140
Trd, 4319634.493, 140
Trd, 4319635.593, 140
Trd, 4319636.493, 140
Trd, 4319636.543, 140
Trd, 4319637.143, 140
Trd, 4319637.693, 140
Trd, 4319638.543, 139
Trd, 4319639.093, 139
Trd, 4319640.543, 140
Trd, 4319640.943, 136
Trd, 4319641.793, 140
Trd, 4319642.093, 140
Trd, 4319643.193, 137
Trd, 4319643.743, 138
Trd, 4319643.943, 140
Trd, 4319644.343, 140
Trd, 4319645.443, 140
Trd, 4319645.593, 140
Trd, 4319648.043, 140
Trd, 4319648.243, 140
Trd, 4319648.343, 139
Trd, 4319649.193, 140
Trd, 4319649.443, 140
Trd, 4319651.743, 140
Trd, 4319651.893, 140
Trd, 4319652.043, 140
Trd, 4319652.993, 140
Trd, 4319653.593, 139
Trd, 4319654.443, 139
Trd, 4319655.443, 140
Trd, 4319656.143, 117
Trd, 4319656.593, 90
Trd, 4319656.993, 139
Trd, 4319658.443, 140
Trd, 4319659.343, 140
Trd, 4319659.543, 140
Trd, 4319660.243, 140
Trd, 4319660.443, 139
Trd, 4319660.593, 114
Trd, 4319663.343, 140
Trd, 4319663.843, 140
Trd, 4319664.243, 140
Trd, 4319667.543, 140
Trd, 4319667.593, 139
Trd, 4319668.493, 140
Trd, 4319668.593, 119
Trd, 4319669.193, 135
Trd, 4319669.543, 103
Trd, 4319669.993, 106
Trd, 4319670.893, 140
Trd, 4319672.193, 140
Trd, 4319672.393, 140
Trd, 4319673.243, 140
Trd, 4319673.643, 140
Trd, 4319674.843, 139
Trd, 4319675.193, 130
Trd, 4319675.343, 73
Trd, 4319675.743, 61
Trd, 4319677.143, 62
Trd, 4319677.943, 60
Trd, 4319678.143, 62
Trd, 4319678.693, 61
Trd, 4319678.893, 135
Trd, 4319679.543, 140
Trd, 4319679.893, 140
Trd, 4319680.493, 136
Trd, 4319680.893, 139
Trd, 4319681.493, 94
Trd, 4319681.693, 133
Trd, 4319682.193, 139
Trd, 4319682.843, 95
Trd, 4319683.693, 136
Trd, 4319684.693, 140
Trd, 4319685.643, 61
Trd, 4319687.443, 139
Trd, 4319687.843, 139
Trd, 4319687.893, 138
Trd, 4319689.843, 140
Trd, 4319690.543, 140
Trd, 4319691.343, 140
Trd, 4319691.593, 140
Trd, 4319691.993, 139
Trd, 4319692.243, 115
Trd, 4319693.093, 106
Trd, 4319694.493, 139
Trd, 4319695.193, 140
Trd, 4319695.493, 140
Trd, 4319696.893, 140
Trd, 4319697.493, 140
Trd, 4319697.593, 140
Trd, 4319697.693, 135
Trd, 4319697.993, 116
Trd, 4319699.393, 60
Trd, 4319699.893, 60
Trd, 4319700.443, 61
Trd, 4319700.643, 80
Trd, 4319700.943, 140
Trd, 4319701.843, 140
Trd, 4319702.593, 104
Trd, 4319702.893, 110
Trd, 4319703.093, 78
Trd, 4319703.693, 139
Trd, 4319703.793, 98
Trd, 4319704.143, 65
Trd, 4319706.293, 60
Trd, 4319706.343, 60
Trd, 4319706.693, 60
Trd, 4319707.343, 77
Trd, 4319708.543, 62
Trd, 4319709.043, 64
Trd, 4319710.093, 61
Trd, 4319710.143, 68
Trd, 4319710.443, 81
Trd, 4319711.143, 70
Trd, 4319711.743, 140
Trd, 4319712.443, 72
Trd, 4319712.643, 139
Trd, 4319713.193, 61
Trd, 4319713.643, 62
Trd, 4319714.843, 73
Trd, 4319714.943, 90
Trd, 4319715.643, 140
Trd, 4319716.193, 139
Trd, 4319716.693, 60
Trd, 4319717.093, 140
Trd, 4319717.793, 91
Trd, 4319719.293, 140
Trd, 4319719.643, 140
Trd, 4319721.093, 140
Trd, 4319721.393, 140
Trd, 4319721.943, 139
Trd, 4319723.643, 115
Trd, 4319725.493, 140
Trd, 4319725.843, 140
Trd, 4319725.993, 140
Trd, 4319726.893, 140
Trd, 4319727.643, 140
Trd, 4319728.893, 140
Trd, 4319729.093, 140
Trd, 4319729.793, 140
Trd, 4319731.093, 140
Trd, 4319731.293, 140
Trd, 4319731.943, 140
Trd, 4319733.443, 140
Trd, 4319734.093, 119
Trd, 4319735.193, 139
Trd, 4319735.493, 138
Trd, 4319736.043, 137
Trd, 4319736.093, 109
Trd, 4319736.493, 140
Trd, 4319737.943, 139
Trd, 4319739.643, 140
Trd, 4319740.193, 140
Trd, 4319740.393, 140
Trd, 4319740.693, 140
Trd, 4319740.793, 140
Trd, 4319741.493, 140
Trd, 4319741.843, 115
Trd, 4319743.193, 140
Trd, 4319743.543, 140
Trd, 4319744.493, 140
Trd, 4319745.543, 140
Trd, 4319745.693, 140
Trd, 4319747.093, 140
Trd, 4319748.343, 140
Trd, 4319748.943, 140
Trd, 4319749.443, 140
Trd, 4319750.693, 140
Trd, 4319750.743, 139
Trd, 4319751.193, 138
Trd, 4319752.393, 140
Trd, 4319752.543, 137
Trd, 4319753.393, 140
Trd, 4319754.343, 139
Trd, 4319754.393, 136
Trd, 4319755.743, 139
Trd, 4319757.343, 140
Trd, 4319758.293, 140
Trd, 4319758.593, 140
Trd, 4319759.193, 139
Trd, 4319759.443, 140
Trd, 4319759.843, 139
Trd, 4319761.493, 140
Trd, 4319761.543, 140
Trd, 4319762.993, 139
Trd, 4319763.043, 137
Trd, 4319763.743, 140
Trd, 4319764.093, 140
Trd, 4319765.043, 140
Trd, 4319765.593, 139
Trd, 4319767.243, 140
Trd, 4319768.043, 140
Trd, 4319769.343, 139
Trd, 4319769.393, 138
Trd, 4319770.643, 140
Trd, 4319770.993, 140
Trd, 4319771.543, 140
Trd, 4319772.343, 140
Trd, 4319773.243, 140
Trd, 4319773.593, 139
Trd, 4319773.793, 139
Trd, 4319773.993, 139
Trd, 4319775.093, 139
Trd, 4319777.243, 140
Trd, 4319778.293, 140
Trd, 4319778.493, 140
Trd, 4319778.943, 139
Trd, 4319780.143, 140
Trd, 4319781.193, 140
Trd, 4319781.593, 140
Trd, 4319782.093, 139
Trd, 4319782.643, 97
Trd, 4319783.443, 134
Trd, 4319786.343, 140
Trd, 4319786.443, 140
Trd, 4319786.943, 140
Trd, 4319787.793, 139
Trd, 4319788.543, 139
Trd, 4319788.593, 138
Trd, 4319791.393, 140
Trd, 4319791.593, 140
Trd, 4319791.943, 140
Trd, 4319792.243, 140
Trd, 4319792.443, 139
Trd, 4319793.243, 140
Trd, 4319794.343, 140
Trd, 4319795.343, 135
Trd, 4319795.793, 140
Trd, 4319796.293, 138
Trd, 4319796.593, 134
Trd, 4319798.743, 140
Trd, 4319798.993, 138
Trd, 4319799.293, 139
Trd, 4319801.943, 140
Trd, 4319802.343, 140
Trd, 4319802.493, 139
Trd, 4319802.843, 139
Trd, 4319803.043, 139
Trd, 4319803.193, 95
Trd, 4319804.393, 140
Trd, 4319804.443, 140
Trd, 4319805.143, 66
Trd, 4319806.043, 60
Trd, 4319806.143, 63
Trd, 4319807.293, 136
Trd, 4319809.193, 140
Trd, 4319809.643, 140
Trd, 4319811.293, 140
Trd, 4319811.843, 140
Trd, 4319812.193, 140
Trd, 4319813.143, 140
Trd, 4319813.343, 138
Trd, 4319814.193, 139
Trd, 4319815.143, 121
Trd, 4319815.343, 95
Trd, 4319816.343, 139
Trd, 4319816.443, 139
Trd, 4319817.093, 140
Trd, 4319818.243, 140
Trd, 4319819.193, 140
Trd, 4319821.143, 140
Trd, 4319821.443, 140
Trd, 4319821.943, 138
Trd, 4319822.343, 124
Trd, 4319822.393, 123
Trd, 4319822.543, 111
Trd, 4319823.093, 140
Trd, 4319823.693, 140
Trd, 4319824.443, 140
Trd, 4319824.943, 140
Trd, 4319825.743, 140
Trd, 4319826.993, 140
Trd, 4319828.593, 140
Trd, 4319828.643, 140
Trd, 4319830.893, 140
Trd, 4319830.993, 140
Trd, 4319831.893, 139
Trd, 4319831.993, 139
Trd, 4319834.043, 138
Trd, 4319834.193, 137
Trd, 4319834.743, 140
Trd, 4319835.093, 138
Trd, 4319836.393, 140
Trd, 4319836.743, 140
Trd, 4319837.493, 138
Trd, 4319838.293, 140
Trd, 4319838.793, 140
Trd, 4319839.843, 134
Trd, 4319841.193, 140
Trd, 4319841.843, 140
Trd, 4319841.893, 139
Trd, 4319842.443, 138
Trd, 4319842.743, 140
Trd, 4319844.243, 139
Trd, 4319845.743, 140
Trd, 4319846.043, 140
Trd, 4319847.543, 140
Trd, 4319848.043, 140
Trd, 4319848.393, 140
Trd, 4319848.693, 140
Trd, 4319849.493, 140
Trd, 4319849.693, 139
Trd, 4319849.893, 105
Trd, 4319850.193, 140
Trd, 4319851.493, 140
Trd, 4319854.093, 140
Trd, 4319854.193, 139
Trd, 4319854.643, 136
Trd, 4319855.093, 130
Trd, 4319855.193, 111
Trd, 4319856.193, 139
Trd, 4319856.943, 139
Trd, 4319857.193, 138
Trd, 4319860.143, 140
Trd, 4319860.343, 140
Trd, 4319861.293, 140
Trd, 4319861.443, 140
Trd, 4319861.843, 140
Trd, 4319862.893, 140
Trd, 4319863.593, 140
Trd, 4319864.143, 140
Trd, 4319864.493, 139
Trd, 4319866.143, 140
Trd, 4319866.393, 140
Trd, 4319867.343, 140
Trd, 4319868.343, 140
Trd, 4319868.393, 140
Trd, 4319869.393, 120
Trd, 4319869.693, 140
Trd, 4319870.243, 118
Trd, 4319871.093, 63
Trd, 4319872.243, 140
Trd, 4319872.643, 139
Trd, 4319873.593, 140
Trd, 4319873.693, 139
Trd, 4319873.943, 139
Trd, 4319874.143, 95
Trd, 4319874.293, 90
Trd, 4319875.643, 140
Trd, 4319876.543, 140
Trd, 4319878.093, 140
Trd, 4319878.143, 140
Trd, 4319878.993, 140
Trd, 4319879.843, 140
Trd, 4319881.093, 140
Trd, 4319881.993, 140
Trd, 4319882.743, 140
Trd, 4319882.993, 140
Trd, 4319885.393, 140
Trd, 4319885.793, 140
Trd, 4319886.093, 140
Trd, 4319886.693, 139
Trd, 4319887.343, 140
Trd, 4319887.493, 98
Trd, 4319888.043, 135
Trd, 4319888.093, 120
Trd, 4319888.793, 140
Trd, 4319889.593, 91
Trd, 4319890.543, 140
Trd, 4319891.443, 140
Trd, 4319891.793, 140
Trd, 4319892.043, 129
Trd, 4319892.543, 120
Trd, 4319892.893, 140
Trd, 4319894.793, 84
Trd, 4319895.743, 140
Trd, 4319896.593, 139
Trd, 4319897.393, 139
Trd, 4319897.993, 140
Trd, 4319898.243, 114
Trd, 4319898.793, 140
Trd, 4319899.343, 139
Trd, 4319899.843, 111
Trd, 4319900.593, 140
Trd, 4319900.943, 140
Trd, 4319901.443, 136
Trd, 4319903.243, 140
Trd, 4319904.393, 140
Trd, 4319904.693, 140
Trd, 4319905.443, 140
Trd, 4319906.393, 140
Trd, 4319906.593, 98
Trd, 4319907.393, 140
Trd, 4319907.943, 140
Trd, 4319908.593, 139
Trd, 4319909.943, 140
Trd, 4319910.143, 77
Trd, 4319910.593, 96
Trd, 4319911.043, 140
Trd, 4319912.243, 140
Trd, 4319912.593, 140
Trd, 4319912.843, 94
Trd, 4319914.143, 140
Trd, 4319914.643, 140
Trd, 4319914.793, 140
Trd, 4319915.843, 138
Trd, 4319916.043, 128
Trd, 4319917.293, 140
Trd, 4319917.643, 67
Trd, 4319917.693, 68
Trd, 4319919.043, 140
Trd, 4319919.893, 137
Trd, 4319920.043, 136
Trd, 4319920.993, 140
Trd, 4319921.143, 140
Trd, 4319923.993, 140
Trd, 4319924.193, 139
Trd, 4319924.243, 139
Trd, 4319925.593, 140
Trd, 4319926.843, 140
Trd, 4319928.293, 140
Trd, 4319928.343, 140
Trd, 4319929.193, 140
Trd, 4319929.943, 139
Trd, 4319930.043, 138
Trd, 4319930.943, 140
Trd, 4319931.393, 138
Trd, 4319932.893, 140
Trd, 4319933.143, 140
Trd, 4319933.543, 124
Trd, 4319934.243, 139
Trd, 4319936.043, 140
Trd, 4319936.243, 140
Trd, 4319936.443, 140
Trd, 4319936.893, 106
Trd, 4319938.293, 140
Trd, 4319938.493, 140
Trd, 4319939.343, 140
Trd, 4319942.393, 140
Trd, 4319942.543, 138
Trd, 4319942.843, 139
Trd, 4319943.243, 138
Trd, 4319943.893, 139
Trd, 4319944.793, 140
Trd, 4319946.043, 140
Trd, 4319946.243, 140
Trd, 4319947.493, 140
Trd, 4319947.893, 140
Trd, 4319947.943, 139
Trd, 4319948.293, 103
Trd, 4319948.543, 100
Trd, 4319948.993, 140
Trd, 4319950.793, 140
Trd, 4319951.243, 140
Trd, 4319953.593, 140
Trd, 4319953.843, 139
Trd, 4319954.843, 140
Trd, 4319955.943, 140
Trd, 4319956.543, 140
Trd, 4319956.593, 140
Trd, 4319957.443, 140
Trd, 4319957.993, 140
Trd, 4319958.043, 136
Trd, 4319958.143, 116
Trd, 4319958.743, 67
Trd, 4319958.943, 68
Trd, 4319959.593, 61
Trd, 4319959.843, 62
Trd, 4319961.143, 140
Trd, 4319961.593, 140
Trd, 4319962.293, 140
Trd, 4319962.993, 140
Trd, 4319963.843, 139
Trd, 4319965.143, 140
Trd, 4319965.343, 139
Trd, 4319965.393, 106
Trd, 4319965.593, 138
Trd, 4319966.193, 140
Trd, 4319967.643, 140
Trd, 4319968.443, 118
Trd, 4319969.643, 139
Trd, 4319969.793, 139
Trd, 4319970.593, 122
Trd, 4319970.793, 140
Trd, 4319971.443, 123
Trd, 4319972.143, 140
Trd, 4319972.693, 129
Trd, 4319974.293, 140
Trd, 4319974.943, 140
Trd, 4319975.393, 138
Trd, 4319975.743, 130
Trd, 4319976.793, 140
Trd, 4319977.393, 140
Trd, 4319978.643, 140
Trd, 4319979.543, 139
Trd, 4319980.943, 140
Trd, 4319981.393, 140
Trd, 4319981.643, 140
Trd, 4319981.743, 139
Trd, 4319983.293, 140
Trd, 4319983.793, 140
Trd, 4319984.243, 140
Trd, 4319984.593, 61
Trd, 4319985.193, 140
Trd, 4319987.293, 136
Trd, 4319987.693, 140
Trd, 4319988.793, 137
Trd, 4319989.693, 140
Trd, 4319989.743, 138
Trd, 4319989.943, 81
Trd, 4319991.893, 60
Trd, 4319992.193, 60
Trd, 4319992.443, 60
Trd, 4319992.993, 67
Trd, 4319993.593, 67
Trd, 4319993.743, 74
Trd, 4319993.843, 88
Trd, 4319995.093, 140
Trd, 4319995.643, 125
Trd, 4319996.743, 140
Trd, 4319997.293, 140
Trd, 4319997.843, 140
Trd, 4319998.493, 139
Trd, 4319999.893, 140
