Trd, 4318156.093, 140
Trd, 4318156.693, 138
Trd, 4318157.043, 110
Trd, 4318158.343, 137
Trd, 4318158.743, 135
Trd, 4318158.943, 111
Trd, 4318160.493, 140
Trd, 4318161.443, 140
Trd, 4318161.893, 140
Trd, 4318162.143, 128
Trd, 4318162.893, 140
Trd, 4318163.343, 140
Trd, 4318163.543, 140
Trd, 4318164.693, 137
Trd, 4318165.243, 140
Trd, 4318165.493, 137
Trd, 4318167.343, 108
Trd, 4318167.693, 63
Trd, 4318169.293, 140
Trd, 4318169.443, 140
Trd, 4318170.143, 138
Trd, 4318170.493, 140
Trd, 4318170.943, 140
Trd, 4318172.643, 140
Trd, 4318173.393, 140
Trd, 4318173.493, 140
Trd, 4318174.143, 140
Trd, 4318174.493, 140
Trd, 4318174.893, 139
Trd, 4318175.243, 138
Trd, 4318175.693, 134
Trd, 4318176.893, 133
Trd, 4318177.143, 110
Trd, 4318177.543, 101
Trd, 4318177.593, 99
Trd, 4318177.893, 97
Trd, 4318179.543, 140
Trd, 4318179.793, 140
Trd, 4318180.643, 140
Trd, 4318182.093, 140
Trd, 4318182.843, 140
Trd, 4318182.943, 138
Trd, 4318183.093, 113
Trd, 4318184.743, 140
Trd, 4318185.693, 140
Trd, 4318186.393, 140
Trd, 4318186.543, 140
Trd, 4318186.743, 129
Trd, 4318187.493, 71
Trd, 4318188.143, 138
Trd, 4318188.643, 112
Trd, 4318190.293, 140
Trd, 4318190.893, 69
Trd, 4318191.293, 109
Trd, 4318193.193, 140
Trd, 4318193.243, 139
Trd, 4318193.343, 116
Trd, 4318193.843, 129
Trd, 4318195.093, 140
Trd, 4318195.893, 140
Trd, 4318196.293, 140
Trd, 4318196.593, 140
Trd, 4318197.293, 138
Trd, 4318198.443, 138
Trd, 4318198.943, 127
Trd, 4318200.193, 140
Trd, 4318201.493, 140
Trd, 4318201.843, 133
Trd, 4318201.893, 124
Trd, 4318202.393, 87
Trd, 4318203.093, 60
Trd, 4318203.293, 71
Trd, 4318203.893, 62
Trd, 4318204.793, 61
Trd, 4318205.393, 124
Trd, 4318205.593, 123
Trd, 4318207.743, 140
Trd, 4318208.893, 140
Trd, 4318208.943, 140
Trd, 4318208.993, 140
Trd, 4318209.293, 140
Trd, 4318210.393, 140
Trd, 4318210.793, 140
Trd, 4318212.443, 140
Trd, 4318212.793, 140
Trd, 4318213.443, 140
Trd, 4318213.693, 139
Trd, 4318213.993, 123
Trd, 4318215.293, 140
Trd, 4318216.343, 139
Trd, 4318217.293, 140
Trd, 4318217.743, 140
Trd, 4318218.293, 140
Trd, 4318218.593, 123
Trd, 4318218.743, 85
Trd, 4318219.243, 140
Trd, 4318219.943, 139
Trd, 4318220.243, 139
Trd, 4318222.093, 139
Trd, 4318222.493, 140
Trd, 4318222.543, 80
Trd, 4318223.143, 139
Trd, 4318223.693, 62
Trd, 4318224.743, 68
Trd, 4318225.443, 140
Trd, 4318226.843, 66
Trd, 4318227.893, 70
Trd, 4318228.543, 140
Trd, 4318228.943, 139
Trd, 4318228.993, 126
Trd, 4318229.043, 112
Trd, 4318229.893, 140
Trd, 4318230.043, 129
Trd, 4318230.193, 139
Trd, 4318232.393, 62
Trd, 4318232.843, 140
Trd, 4318233.043, 140
Trd, 4318233.743, 140
Trd, 4318235.193, 140
Trd, 4318235.443, 137
Trd, 4318236.243, 130
Trd, 4318236.293, 120
Trd, 4318237.493, 140
Trd, 4318237.843, 140
Trd, 4318238.043, 136
Trd, 4318238.943, 67
Trd, 4318239.243, 116
Trd, 4318240.443, 68
Trd, 4318241.243, 140
Trd, 4318241.493, 139
Trd, 4318243.193, 68
Trd, 4318243.393, 125
Trd, 4318244.193, 60
Trd, 4318245.093, 65
Trd, 4318245.343, 63
Trd, 4318245.743, 138
Trd, 4318246.193, 79
Trd, 4318246.743, 64
Trd, 4318247.593, 138
Trd, 4318247.693, 134
Trd, 4318247.893, 140
Trd, 4318250.043, 60
Trd, 4318251.193, 62
Trd, 4318251.243, 61
Trd, 4318251.593, 63
Trd, 4318252.493, 140
Trd, 4318252.693, 140
Trd, 4318254.043, 140
Trd, 4318254.243, 140
Trd, 4318254.743, 140
Trd, 4318255.993, 140
Trd, 4318256.143, 140
Trd, 4318256.593, 82
Trd, 4318256.693, 140
Trd, 4318257.293, 140
Trd, 4318257.493, 137
Trd, 4318258.093, 140
Trd, 4318259.293, 139
Trd, 4318260.143, 140
Trd, 4318260.643, 139
Trd, 4318262.493, 90
Trd, 4318262.543, 87
Trd, 4318262.793, 62
Trd, 4318263.243, 139
Trd, 4318264.143, 61
Trd, 4318264.543, 62
Trd, 4318265.143, 72
Trd, 4318266.243, 137
Trd, 4318266.843, 140
Trd, 4318267.393, 140
Trd, 4318267.643, 116
Trd, 4318268.843, 140
Trd, 4318269.393, 140
Trd, 4318269.443, 140
Trd, 4318269.943, 139
Trd, 4318270.743, 139
Trd, 4318272.243, 139
Trd, 4318272.393, 133
Trd, 4318273.543, 132
Trd, 4318273.593, 131
Trd, 4318274.043, 60
Trd, 4318275.693, 139
Trd, 4318276.493, 140
Trd, 4318276.693, 138
Trd, 4318277.093, 73
Trd, 4318277.293, 70
Trd, 4318278.543, 63
Trd, 4318279.143, 116
Trd, 4318279.943, 140
Trd, 4318280.043, 140
Trd, 4318281.293, 140
Trd, 4318281.793, 140
Trd, 4318282.243, 121
Trd, 4318282.593, 136
Trd, 4318282.793, 62
Trd, 4318283.293, 104
Trd, 4318284.443, 140
Trd, 4318285.143, 140
Trd, 4318285.293, 93
Trd, 4318285.793, 140
Trd, 4318286.243, 140
Trd, 4318287.293, 64
Trd, 4318288.443, 91
Trd, 4318288.693, 139
Trd, 4318289.093, 67
Trd, 4318290.343, 140
Trd, 4318290.393, 140
Trd, 4318290.543, 138
Trd, 4318292.993, 140
Trd, 4318293.643, 137
Trd, 4318294.743, 139
Trd, 4318295.243, 140
Trd, 4318297.693, 140
Trd, 4318298.643, 140
Trd, 4318298.743, 140
Trd, 4318299.093, 140
Trd, 4318299.293, 139
Trd, 4318299.543, 136
Trd, 4318300.143, 140
Trd, 4318300.493, 133
Trd, 4318300.543, 98
Trd, 4318301.743, 60
Trd, 4318303.493, 140
Trd, 4318303.693, 71
Trd, 4318304.293, 96
Trd, 4318304.743, 140
Trd, 4318305.993, 140
Trd, 4318306.093, 139
Trd, 4318306.993, 140
Trd, 4318308.993, 140
Trd, 4318310.193, 140
Trd, 4318310.443, 140
Trd, 4318310.893, 138
Trd, 4318311.343, 139
Trd, 4318311.843, 136
Trd, 4318312.643, 140
Trd, 4318313.193, 60
Trd, 4318313.293, 63
Trd, 4318313.743, 62
Trd, 4318315.493, 109
Trd, 4318316.493, 140
Trd, 4318316.943, 140
Trd, 4318317.743, 140
Trd, 4318318.043, 138
Trd, 4318318.243, 60
Trd, 4318318.493, 138
Trd, 4318319.843, 62
Trd, 4318320.543, 65
Trd, 4318320.693, 70
Trd, 4318322.143, 140
Trd, 4318322.393, 139
Trd, 4318324.143, 140
Trd, 4318324.193, 140
Trd, 4318324.393, 140
Trd, 4318324.593, 139
Trd, 4318325.043, 137
Trd, 4318325.893, 137
Trd, 4318326.343, 136
Trd, 4318327.193, 134
Trd, 4318328.043, 139
Trd, 4318328.193, 113
Trd, 4318330.143, 140
Trd, 4318330.843, 140
Trd, 4318330.943, 140
Trd, 4318332.043, 140
Trd, 4318333.043, 140
Trd, 4318333.093, 140
Trd, 4318333.393, 129
Trd, 4318334.543, 140
Trd, 4318335.493, 140
Trd, 4318336.193, 139
Trd, 4318336.993, 140
Trd, 4318337.343, 140
Trd, 4318338.143, 140
Trd, 4318338.443, 140
Trd, 4318338.693, 135
Trd, 4318339.593, 122
Trd, 4318339.993, 100
Trd, 4318340.543, 136
Trd, 4318341.043, 140
Trd, 4318341.093, 140
Trd, 4318343.193, 140
Trd, 4318343.693, 140
Trd, 4318344.643, 138
Trd, 4318344.793, 136
Trd, 4318344.943, 85
Trd, 4318347.093, 140
Trd, 4318347.543, 140
Trd, 4318349.193, 140
Trd, 4318349.393, 140
Trd, 4318349.793, 139
Trd, 4318349.993, 139
Trd, 4318350.293, 140
Trd, 4318351.043, 139
Trd, 4318351.893, 106
Trd, 4318352.293, 69
Trd, 4318352.593, 140
Trd, 4318353.293, 62
Trd, 4318353.843, 60
Trd, 4318354.943, 140
Trd, 4318355.243, 140
Trd, 4318355.293, 139
Trd, 4318355.543, 62
Trd, 4318356.793, 87
Trd, 4318357.093, 135
Trd, 4318358.143, 140
Trd, 4318358.293, 73
Trd, 4318359.493, 140
Trd, 4318361.043, 140
Trd, 4318361.293, 139
Trd, 4318362.443, 140
Trd, 4318362.543, 140
Trd, 4318362.643, 139
Trd, 4318363.693, 139
Trd, 4318364.193, 140
Trd, 4318365.093, 140
Trd, 4318365.493, 139
Trd, 4318366.443, 65
Trd, 4318366.593, 67
Trd, 4318366.943, 60
Trd, 4318367.643, 61
Trd, 4318369.043, 140
Trd, 4318370.343, 140
Trd, 4318370.693, 137
Trd, 4318371.543, 140
Trd, 4318371.743, 138
Trd, 4318371.893, 117
Trd, 4318374.193, 140
Trd, 4318374.343, 140
Trd, 4318374.693, 140
Trd, 4318375.593, 128
Trd, 4318375.693, 124
Trd, 4318376.643, 136
Trd, 4318376.793, 111
Trd, 4318376.843, 110
Trd, 4318377.093, 109
Trd, 4318377.843, 140
Trd, 4318378.043, 140
Trd, 4318378.343, 140
Trd, 4318380.643, 140
Trd, 4318381.243, 139
Trd, 4318382.193, 140
Trd, 4318383.043, 140
Trd, 4318384.093, 139
Trd, 4318384.493, 139
Trd, 4318384.993, 140
Trd, 4318385.643, 139
Trd, 4318386.293, 140
Trd, 4318387.193, 140
Trd, 4318388.043, 137
Trd, 4318388.243, 140
Trd, 4318389.143, 97
Trd, 4318389.743, 75
Trd, 4318390.543, 129
Trd, 4318392.343, 140
Trd, 4318393.093, 140
Trd, 4318393.143, 140
Trd, 4318393.193, 140
Trd, 4318393.893, 140
Trd, 4318394.443, 139
Trd, 4318395.293, 140
Trd, 4318396.093, 139
Trd, 4318396.143, 138
Trd, 4318398.193, 140
Trd, 4318398.243, 139
Trd, 4318399.493, 140
Trd, 4318399.593, 140
Trd, 4318400.293, 140
Trd, 4318401.593, 140
Trd, 4318402.893, 140
Trd, 4318403.393, 140
Trd, 4318403.593, 140
Trd, 4318404.293, 140
Trd, 4318405.993, 140
Trd, 4318407.643, 140
Trd, 4318407.743, 139
Trd, 4318408.093, 140
Trd, 4318408.543, 139
Trd, 4318408.743, 140
Trd, 4318409.093, 73
Trd, 4318409.593, 91
Trd, 4318410.043, 110
Trd, 4318410.143, 103
Trd, 4318411.493, 140
Trd, 4318411.993, 136
Trd, 4318412.743, 102
Trd, 4318413.393, 95
Trd, 4318414.143, 60
Trd, 4318414.343, 62
Trd, 4318415.093, 140
Trd, 4318415.143, 105
Trd, 4318415.843, 61
Trd, 4318416.143, 76
Trd, 4318417.293, 122
Trd, 4318417.593, 139
Trd, 4318418.543, 122
Trd, 4318419.393, 132
Trd, 4318420.243, 140
Trd, 4318421.393, 140
Trd, 4318421.793, 140
Trd, 4318423.893, 140
Trd, 4318424.393, 140
Trd, 4318424.793, 140
Trd, 4318425.143, 140
Trd, 4318426.343, 140
Trd, 4318427.093, 140
Trd, 4318427.493, 140
Trd, 4318428.393, 140
Trd, 4318429.293, 140
Trd, 4318429.743, 140
Trd, 4318429.793, 140
Trd, 4318430.193, 140
Trd, 4318431.593, 140
Trd, 4318431.693, 140
Trd, 4318432.343, 140
Trd, 4318433.393, 140
Trd, 4318433.793, 140
Trd, 4318433.943, 139
Trd, 4318434.893, 140
Trd, 4318435.393, 140
Trd, 4318436.843, 63
Trd, 4318437.343, 60
Trd, 4318437.793, 66
Trd, 4318438.243, 63
Trd, 4318438.343, 74
Trd, 4318439.193, 60
Trd, 4318441.243, 140
Trd, 4318441.443, 139
Trd, 4318442.793, 140
Trd, 4318443.193, 140
Trd, 4318444.243, 140
Trd, 4318445.393, 140
Trd, 4318445.443, 139
Trd, 4318445.743, 139
Trd, 4318446.093, 139
Trd, 4318446.593, 79
Trd, 4318447.393, 135
Trd, 4318448.543, 138
Trd, 4318448.943, 96
Trd, 4318449.793, 139
Trd, 4318449.993, 127
Trd, 4318451.593, 140
Trd, 4318453.193, 140
Trd, 4318453.243, 140
Trd, 4318453.293, 140
Trd, 4318453.543, 140
Trd, 4318454.693, 140
Trd, 4318455.193, 138
Trd, 4318455.893, 113
Trd, 4318456.793, 67
Trd, 4318457.343, 67
Trd, 4318457.643, 70
Trd, 4318458.093, 65
Trd, 4318458.693, 102
Trd, 4318459.193, 140
Trd, 4318460.693, 140
Trd, 4318461.293, 140
Trd, 4318461.593, 139
Trd, 4318461.993, 139
Trd, 4318463.293, 137
Trd, 4318464.293, 140
Trd, 4318464.443, 136
Trd, 4318465.193, 131
Trd, 4318466.493, 140
Trd, 4318467.293, 130
Trd, 4318467.393, 138
Trd, 4318468.293, 88
Trd, 4318468.593, 70
Trd, 4318468.743, 140
Trd, 4318470.093, 83
Trd, 4318472.093, 140
Trd, 4318473.543, 140
Trd, 4318474.143, 140
Trd, 4318474.693, 140
Trd, 4318474.843, 139
Trd, 4318475.343, 140
Trd, 4318475.743, 139
Trd, 4318476.443, 138
Trd, 4318476.943, 140
Trd, 4318478.743, 140
Trd, 4318479.493, 140
Trd, 4318479.793, 140
Trd, 4318480.193, 140
Trd, 4318480.743, 140
Trd, 4318482.293, 139
Trd, 4318483.093, 140
Trd, 4318483.593, 140
Trd, 4318484.543, 140
Trd, 4318484.693, 136
Trd, 4318485.493, 140
Trd, 4318485.693, 138
Trd, 4318486.643, 111
Trd, 4318487.543, 111
Trd, 4318488.093, 69
Trd, 4318488.443, 78
Trd, 4318488.793, 138
Trd, 4318490.093, 140
Trd, 4318490.343, 140
Trd, 4318490.543, 139
Trd, 4318491.443, 67
Trd, 4318492.993, 61
Trd, 4318493.043, 114
Trd, 4318493.443, 66
Trd, 4318494.293, 140
Trd, 4318494.443, 140
Trd, 4318494.693, 98
Trd, 4318494.793, 137
Trd, 4318496.093, 139
Trd, 4318497.293, 140
Trd, 4318497.443, 140
Trd, 4318497.643, 61
Trd, 4318498.893, 63
Trd, 4318498.943, 70
Trd, 4318499.393, 84
Trd, 4318499.943, 140
Trd, 4318500.443, 111
Trd, 4318502.593, 61
Trd, 4318503.243, 62
Trd, 4318503.493, 70
Trd, 4318504.493, 69
Trd, 4318505.043, 127
Trd, 4318505.943, 64
Trd, 4318507.043, 66
Trd, 4318507.193, 65
Trd, 4318509.643, 140
Trd, 4318509.743, 140
Trd, 4318510.243, 140
Trd, 4318510.493, 140
Trd, 4318510.543, 137
Trd, 4318510.993, 140
Trd, 4318511.393, 127
Trd, 4318512.343, 136
Trd, 4318513.143, 140
Trd, 4318513.843, 77
Trd, 4318514.793, 139
Trd, 4318514.993, 104
Trd, 4318515.143, 63
Trd, 4318516.043, 68
Trd, 4318516.393, 65
Trd, 4318517.443, 60
Trd, 4318517.643, 60
Trd, 4318518.093, 137
Trd, 4318518.793, 60
Trd, 4318519.993, 63
Trd, 4318520.093, 65
Trd, 4318520.693, 70
Trd, 4318521.743, 62
Trd, 4318522.493, 60
Trd, 4318522.543, 60
Trd, 4318523.643, 61
Trd, 4318524.643, 62
Trd, 4318524.693, 64
Trd, 4318526.543, 60
Trd, 4318527.093, 61
Trd, 4318527.193, 62
Trd, 4318527.793, 62
Trd, 4318528.143, 63
Trd, 4318529.043, 140
Trd, 4318529.193, 131
Trd, 4318530.193, 140
Trd, 4318531.193, 140
Trd, 4318531.543, 140
Trd, 4318531.593, 140
Trd, 4318532.093, 138
Trd, 4318532.793, 137
Trd, 4318533.193, 140
Trd, 4318534.543, 61
Trd, 4318534.893, 64
Trd, 4318535.143, 140
Trd, 4318536.693, 60
Trd, 4318536.893, 64
Trd, 4318536.993, 131
Trd, 4318538.493, 140
Trd, 4318538.843, 139
Trd, 4318539.793, 140
Trd, 4318540.143, 138
Trd, 4318540.643, 137
Trd, 4318542.093, 140
Trd, 4318542.193, 140
Trd, 4318543.243, 140
Trd, 4318544.793, 140
Trd, 4318544.843, 140
Trd, 4318545.593, 140
Trd, 4318545.643, 139
Trd, 4318546.643, 140
Trd, 4318547.043, 123
Trd, 4318547.793, 87
Trd, 4318548.543, 139
Trd, 4318549.293, 60
Trd, 4318549.843, 60
Trd, 4318551.743, 61
Trd, 4318551.793, 61
Trd, 4318552.593, 61
Trd, 4318552.793, 61
Trd, 4318553.493, 61
Trd, 4318553.843, 73
Trd, 4318553.993, 140
Trd, 4318554.243, 140
Trd, 4318555.643, 65
Trd, 4318557.293, 138
Trd, 4318557.393, 71
Trd, 4318558.643, 67
Trd, 4318558.843, 62
Trd, 4318559.443, 60
Trd, 4318559.793, 91
Trd, 4318560.843, 63
Trd, 4318561.443, 60
Trd, 4318562.043, 63
Trd, 4318562.343, 140
Trd, 4318562.443, 63
Trd, 4318563.343, 63
Trd, 4318564.343, 60
Trd, 4318564.443, 63
Trd, 4318564.943, 62
Trd, 4318565.793, 67
Trd, 4318567.293, 60
Trd, 4318568.893, 61
Trd, 4318569.593, 61
Trd, 4318569.643, 68
Trd, 4318570.893, 140
Trd, 4318571.093, 139
Trd, 4318571.243, 140
Trd, 4318571.293, 139
Trd, 4318572.693, 138
Trd, 4318573.793, 140
Trd, 4318573.943, 95
Trd, 4318574.243, 64
Trd, 4318575.493, 140
Trd, 4318575.693, 138
Trd, 4318576.043, 131
Trd, 4318577.543, 140
Trd, 4318577.943, 140
Trd, 4318578.343, 138
Trd, 4318579.693, 140
Trd, 4318579.943, 140
Trd, 4318580.243, 140
Trd, 4318580.343, 120
Trd, 4318580.943, 122
Trd, 4318581.793, 79
Trd, 4318582.493, 140
Trd, 4318583.293, 140
Trd, 4318583.593, 140
Trd, 4318583.993, 140
Trd, 4318584.693, 140
Trd, 4318585.443, 139
Trd, 4318586.493, 130
Trd, 4318586.693, 128
Trd, 4318586.843, 88
Trd, 4318587.643, 60
Trd, 4318587.743, 137
Trd, 4318589.143, 138
Trd, 4318589.743, 137
Trd, 4318590.993, 140
Trd, 4318591.343, 75
Trd, 4318591.943, 140
Trd, 4318592.143, 139
Trd, 4318593.043, 140
Trd, 4318593.793, 65
Trd, 4318593.843, 67
Trd, 4318594.343, 140
Trd, 4318594.843, 133
Trd, 4318596.093, 67
Trd, 4318596.143, 77
Trd, 4318596.793, 62
Trd, 4318597.393, 61
Trd, 4318598.093, 61
Trd, 4318598.743, 61
Trd, 4318599.643, 63
Trd, 4318600.043, 63
Trd, 4318600.693, 140
Trd, 4318601.043, 139
Trd, 4318601.693, 135
Trd, 4318601.943, 140
Trd, 4318602.543, 134
Trd, 4318604.493, 140
Trd, 4318605.043, 139
Trd, 4318605.093, 69
Trd, 4318607.093, 66
Trd, 4318607.343, 93
Trd, 4318608.093, 140
Trd, 4318608.843, 140
Trd, 4318609.093, 140
Trd, 4318610.143, 140
Trd, 4318610.493, 140
Trd, 4318611.243, 140
Trd, 4318611.793, 140
Trd, 4318612.693, 140
Trd, 4318613.043, 140
Trd, 4318614.043, 140
Trd, 4318614.843, 140
Trd, 4318615.043, 133
Trd, 4318615.643, 137
Trd, 4318616.193, 104
Trd, 4318616.593, 120
Trd, 4318617.643, 140
Trd, 4318617.743, 139
Trd, 4318618.393, 137
Trd, 4318619.793, 60
Trd, 4318620.643, 67
Trd, 4318621.843, 140
Trd, 4318622.043, 140
Trd, 4318622.793, 140
Trd, 4318623.043, 139
Trd, 4318623.993, 120
Trd, 4318624.643, 119
Trd, 4318624.743, 136
Trd, 4318625.093, 106
Trd, 4318625.943, 140
Trd, 4318626.893, 140
Trd, 4318627.343, 140
Trd, 4318628.093, 137
Trd, 4318629.093, 63
Trd, 4318629.343, 76
Trd, 4318630.843, 63
Trd, 4318631.893, 65
Trd, 4318632.093, 140
Trd, 4318633.193, 139
Trd, 4318633.493, 136
Trd, 4318634.893, 140
Trd, 4318635.143, 140
Trd, 4318635.393, 140
Trd, 4318635.793, 140
Trd, 4318636.843, 140
Trd, 4318636.943, 115
Trd, 4318637.843, 90
Trd, 4318638.293, 135
Trd, 4318638.793, 131
Trd, 4318639.393, 139
Trd, 4318639.793, 137
Trd, 4318640.593, 138
Trd, 4318641.793, 65
Trd, 4318643.243, 60
Trd, 4318643.793, 66
Trd, 4318643.843, 85
Trd, 4318645.293, 63
Trd, 4318645.843, 65
Trd, 4318646.493, 137
Trd, 4318647.693, 60
Trd, 4318648.193, 67
Trd, 4318649.493, 60
Trd, 4318650.043, 60
Trd, 4318650.793, 68
Trd, 4318650.843, 70
Trd, 4318651.043, 137
Trd, 4318652.093, 60
Trd, 4318653.343, 68
Trd, 4318653.943, 62
Trd, 4318653.993, 65
Trd, 4318654.143, 123
Trd, 4318654.793, 60
Trd, 4318655.293, 140
Trd, 4318656.643, 140
Trd, 4318657.543, 140
Trd, 4318657.993, 130
Trd, 4318658.543, 121
Trd, 4318658.843, 140
Trd, 4318659.743, 140
Trd, 4318659.843, 140
Trd, 4318661.043, 64
Trd, 4318661.843, 140
Trd, 4318662.193, 120
Trd, 4318662.843, 116
Trd, 4318663.693, 140
Trd, 4318664.293, 138
Trd, 4318666.943, 140
Trd, 4318667.543, 140
Trd, 4318668.343, 140
Trd, 4318668.393, 140
Trd, 4318668.743, 140
Trd, 4318669.593, 140
Trd, 4318670.143, 139
Trd, 4318670.293, 138
Trd, 4318670.793, 140
Trd, 4318672.293, 140
Trd, 4318672.543, 140
Trd, 4318673.093, 140
Trd, 4318675.143, 140
Trd, 4318675.593, 140
Trd, 4318675.693, 140
Trd, 4318676.793, 140
Trd, 4318677.893, 140
Trd, 4318677.943, 140
Trd, 4318679.343, 140
Trd, 4318679.543, 140
Trd, 4318679.943, 140
Trd, 4318680.443, 140
Trd, 4318681.843, 140
Trd, 4318683.143, 139
Trd, 4318683.993, 140
Trd, 4318684.743, 140
Trd, 4318684.793, 139
Trd, 4318685.293, 138
Trd, 4318685.793, 67
Trd, 4318686.193, 140
Trd, 4318687.193, 140
Trd, 4318687.443, 140
Trd, 4318689.293, 140
Trd, 4318689.443, 140
Trd, 4318689.593, 140
Trd, 4318690.243, 140
Trd, 4318690.743, 140
Trd, 4318691.193, 136
Trd, 4318692.243, 138
Trd, 4318692.943, 137
Trd, 4318693.393, 139
Trd, 4318693.993, 96
Trd, 4318694.043, 91
Trd, 4318695.293, 140
Trd, 4318696.093, 140
Trd, 4318696.143, 110
Trd, 4318696.993, 138
Trd, 4318697.193, 106
Trd, 4318697.493, 95
Trd, 4318698.293, 140
Trd, 4318699.293, 140
Trd, 4318700.693, 140
Trd, 4318700.743, 140
Trd, 4318701.393, 139
Trd, 4318701.893, 140
Trd, 4318703.443, 140
Trd, 4318703.993, 139
Trd, 4318704.143, 139
Trd, 4318704.793, 140
Trd, 4318705.393, 137
Trd, 4318705.443, 65
Trd, 4318705.843, 133
Trd, 4318707.193, 82
Trd, 4318707.643, 139
Trd, 4318708.393, 140
Trd, 4318708.693, 140
Trd, 4318708.793, 124
Trd, 4318709.643, 140
Trd, 4318709.743, 131
Trd, 4318711.393, 140
Trd, 4318711.793, 140
Trd, 4318712.643, 140
Trd, 4318713.993, 140
Trd, 4318714.943, 140
Trd, 4318715.243, 140
Trd, 4318716.293, 140
Trd, 4318716.543, 140
Trd, 4318716.743, 133
Trd, 4318717.393, 68
Trd, 4318717.793, 140
Trd, 4318719.193, 140
Trd, 4318720.143, 140
Trd, 4318720.893, 140
Trd, 4318720.993, 140
Trd, 4318721.543, 140
Trd, 4318722.993, 140
Trd, 4318723.593, 139
Trd, 4318723.893, 135
Trd, 4318724.643, 140
Trd, 4318725.343, 140
Trd, 4318726.443, 140
Trd, 4318727.443, 140
Trd, 4318727.493, 140
Trd, 4318727.643, 135
Trd, 4318728.043, 124
Trd, 4318729.793, 140
Trd, 4318730.593, 140
Trd, 4318730.843, 140
Trd, 4318731.143, 140
Trd, 4318731.343, 140
Trd, 4318732.993, 140
Trd, 4318733.093, 140
Trd, 4318733.143, 140
Trd, 4318734.393, 138
Trd, 4318734.493, 130
Trd, 4318734.793, 111
Trd, 4318737.593, 61
Trd, 4318738.093, 71
Trd, 4318738.593, 71
Trd, 4318739.093, 77
Trd, 4318740.043, 70
Trd, 4318740.743, 138
Trd, 4318740.793, 138
Trd, 4318742.443, 76
Trd, 4318742.643, 74
Trd, 4318743.193, 139
Trd, 4318744.443, 140
Trd, 4318745.193, 140
Trd, 4318745.793, 140
Trd, 4318747.293, 140
Trd, 4318748.243, 140
Trd, 4318748.343, 140
Trd, 4318748.443, 139
Trd, 4318748.643, 137
Trd, 4318749.843, 62
Trd, 4318751.643, 140
Trd, 4318752.243, 140
Trd, 4318752.293, 140
Trd, 4318753.293, 137
Trd, 4318753.693, 120
Trd, 4318754.043, 140
Trd, 4318754.243, 96
Trd, 4318755.643, 140
Trd, 4318756.243, 140
Trd, 4318756.393, 140
Trd, 4318758.293, 140
Trd, 4318758.543, 140
Trd, 4318759.393, 139
Trd, 4318759.443, 134
Trd, 4318760.093, 122
Trd, 4318760.243, 68
Trd, 4318760.493, 140
Trd, 4318761.243, 139
Trd, 4318761.793, 72
Trd, 4318762.493, 140
Trd, 4318762.943, 140
Trd, 4318764.343, 140
Trd, 4318764.643, 140
Trd, 4318766.093, 140
Trd, 4318766.443, 140
Trd, 4318766.643, 140
Trd, 4318767.043, 139
Trd, 4318769.193, 140
Trd, 4318769.743, 140
Trd, 4318769.893, 139
Trd, 4318770.043, 140
Trd, 4318770.093, 139
Trd, 4318770.443, 140
Trd, 4318771.243, 131
Trd, 4318772.343, 60
Trd, 4318773.043, 65
Trd, 4318774.543, 60
Trd, 4318775.143, 65
Trd, 4318776.393, 60
Trd, 4318776.893, 61
Trd, 4318776.943, 61
Trd, 4318777.493, 65
Trd, 4318778.293, 66
Trd, 4318778.343, 129
Trd, 4318779.193, 140
Trd, 4318780.293, 140
Trd, 4318780.493, 139
Trd, 4318781.793, 140
Trd, 4318782.693, 139
Trd, 4318782.893, 128
Trd, 4318783.493, 139
Trd, 4318784.393, 140
Trd, 4318784.443, 139
Trd, 4318785.143, 108
Trd, 4318785.293, 107
Trd, 4318786.643, 140
Trd, 4318786.943, 125
Trd, 4318787.593, 65
Trd, 4318788.543, 78
Trd, 4318788.843, 140
Trd, 4318789.393, 120
Trd, 4318790.193, 140
Trd, 4318790.393, 139
Trd, 4318790.693, 130
Trd, 4318790.993, 138
Trd, 4318791.843, 61
Trd, 4318792.793, 138
Trd, 4318794.343, 140
Trd, 4318794.943, 140
Trd, 4318796.143, 140
Trd, 4318796.343, 140
Trd, 4318796.443, 140
Trd, 4318796.493, 139
Trd, 4318797.493, 140
Trd, 4318797.543, 95
Trd, 4318798.443, 139
Trd, 4318799.043, 137
Trd, 4318799.293, 61
Trd, 4318801.943, 140
Trd, 4318802.043, 140
Trd, 4318802.443, 140
Trd, 4318802.543, 140
Trd, 4318804.343, 140
Trd, 4318804.593, 140
Trd, 4318806.093, 140
Trd, 4318806.543, 140
Trd, 4318807.143, 139
Trd, 4318807.443, 139
Trd, 4318808.293, 140
Trd, 4318808.593, 132
Trd, 4318808.893, 131
Trd, 4318809.743, 136
Trd, 4318811.843, 140
Trd, 4318812.993, 140
Trd, 4318813.093, 139
Trd, 4318813.343, 139
Trd, 4318813.793, 107
Trd, 4318814.443, 136
Trd, 4318815.543, 112
Trd, 4318816.193, 140
Trd, 4318816.893, 140
Trd, 4318817.843, 140
Trd, 4318818.043, 140
Trd, 4318818.443, 140
Trd, 4318819.043, 137
Trd, 4318819.393, 135
Trd, 4318820.893, 139
Trd, 4318821.693, 140
Trd, 4318822.493, 140
Trd, 4318822.543, 137
Trd, 4318823.193, 131
Trd, 4318823.293, 136
Trd, 4318823.343, 65
Trd, 4318824.693, 140
Trd, 4318825.993, 139
Trd, 4318826.393, 140
Trd, 4318826.493, 140
Trd, 4318826.643, 138
Trd, 4318828.093, 135
Trd, 4318828.143, 104
Trd, 4318829.043, 140
Trd, 4318829.793, 138
Trd, 4318829.893, 83
Trd, 4318830.193, 98
Trd, 4318831.593, 61
Trd, 4318832.093, 139
Trd, 4318832.443, 61
Trd, 4318834.343, 140
Trd, 4318834.493, 139
Trd, 4318834.793, 140
Trd, 4318834.893, 131
Trd, 4318835.643, 139
Trd, 4318836.193, 65
Trd, 4318836.693, 138
Trd, 4318837.793, 61
Trd, 4318837.943, 97
Trd, 4318840.093, 140
Trd, 4318840.443, 140
Trd, 4318840.493, 133
Trd, 4318842.593, 140
Trd, 4318842.893, 140
Trd, 4318843.243, 140
Trd, 4318843.293, 140
Trd, 4318844.643, 140
Trd, 4318845.743, 140
Trd, 4318845.943, 140
Trd, 4318846.293, 139
Trd, 4318847.193, 140
Trd, 4318848.493, 139
Trd, 4318848.643, 139
Trd, 4318849.193, 138
Trd, 4318849.343, 90
Trd, 4318851.243, 140
Trd, 4318852.943, 140
Trd, 4318852.993, 140
Trd, 4318854.093, 140
Trd, 4318854.893, 140
Trd, 4318854.993, 138
Trd, 4318855.893, 140
Trd, 4318856.093, 112
Trd, 4318856.793, 140
Trd, 4318856.943, 82
Trd, 4318857.293, 140
Trd, 4318859.293, 140
Trd, 4318859.443, 139
Trd, 4318860.693, 140
Trd, 4318861.043, 101
Trd, 4318861.893, 140
Trd, 4318861.943, 139
Trd, 4318862.693, 139
Trd, 4318863.543, 140
Trd, 4318863.843, 140
Trd, 4318866.243, 131
Trd, 4318867.443, 61
Trd, 4318867.743, 60
Trd, 4318867.993, 63
Trd, 4318868.293, 60
Trd, 4318868.743, 91
Trd, 4318870.343, 62
Trd, 4318871.243, 64
Trd, 4318872.593, 60
Trd, 4318873.043, 62
Trd, 4318873.393, 60
Trd, 4318874.093, 62
Trd, 4318875.193, 61
Trd, 4318875.243, 61
Trd, 4318876.243, 62
Trd, 4318876.443, 124
Trd, 4318877.243, 62
Trd, 4318878.243, 140
Trd, 4318879.093, 139
Trd, 4318880.393, 140
Trd, 4318880.743, 140
Trd, 4318881.493, 140
Trd, 4318881.543, 139
Trd, 4318881.743, 140
Trd, 4318882.143, 138
Trd, 4318882.893, 140
Trd, 4318882.943, 140
Trd, 4318885.043, 140
Trd, 4318885.193, 140
Trd, 4318885.243, 89
Trd, 4318885.943, 60
Trd, 4318886.143, 62
Trd, 4318886.593, 127
Trd, 4318888.493, 61
Trd, 4318888.643, 61
Trd, 4318890.043, 140
Trd, 4318890.693, 140
Trd, 4318891.243, 138
Trd, 4318892.043, 139
Trd, 4318892.243, 138
Trd, 4318893.393, 136
Trd, 4318894.243, 140
Trd, 4318894.393, 129
Trd, 4318894.943, 140
Trd, 4318895.593, 140
Trd, 4318897.043, 140
Trd, 4318897.243, 139
Trd, 4318897.643, 123
Trd, 4318898.193, 117
Trd, 4318898.293, 137
Trd, 4318898.843, 140
Trd, 4318899.693, 75
Trd, 4318900.293, 60
Trd, 4318900.543, 64
Trd, 4318901.843, 139
Trd, 4318902.393, 137
Trd, 4318902.893, 61
Trd, 4318903.793, 62
Trd, 4318903.993, 64
Trd, 4318905.143, 140
Trd, 4318905.643, 138
Trd, 4318906.493, 60
Trd, 4318906.693, 68
Trd, 4318907.443, 63
Trd, 4318908.643, 61
Trd, 4318908.693, 64
Trd, 4318910.093, 137
Trd, 4318910.493, 139
Trd, 4318911.743, 140
Trd, 4318912.143, 133
Trd, 4318912.643, 129
Trd, 4318913.793, 120
Trd, 4318913.843, 117
Trd, 4318914.093, 138
Trd, 4318914.143, 107
Trd, 4318915.793, 137
Trd, 4318916.143, 140
Trd, 4318917.043, 140
Trd, 4318917.593, 139
Trd, 4318917.743, 136
Trd, 4318917.793, 77
Trd, 4318918.943, 140
Trd, 4318919.493, 140
Trd, 4318919.943, 139
Trd, 4318920.643, 140
Trd, 4318921.743, 140
Trd, 4318922.893, 140
Trd, 4318923.393, 140
Trd, 4318924.193, 140
Trd, 4318924.493, 139
Trd, 4318924.693, 117
Trd, 4318925.093, 139
Trd, 4318925.293, 111
Trd, 4318926.343, 140
Trd, 4318926.393, 135
Trd, 4318926.943, 88
Trd, 4318928.043, 140
Trd, 4318928.893, 140
Trd, 4318929.093, 138
Trd, 4318930.443, 140
Trd, 4318930.943, 66
Trd, 4318931.543, 60
Trd, 4318931.943, 63
Trd, 4318932.743, 108
Trd, 4318933.293, 104
Trd, 4318933.343, 69
Trd, 4318933.693, 140
Trd, 4318934.093, 73
Trd, 4318935.593, 139
Trd, 4318937.143, 140
Trd, 4318937.593, 140
Trd, 4318938.343, 139
Trd, 4318938.793, 139
Trd, 4318939.093, 138
Trd, 4318939.593, 119
Trd, 4318940.693, 139
Trd, 4318940.893, 118
Trd, 4318941.193, 107
Trd, 4318941.493, 61
Trd, 4318941.743, 128
Trd, 4318943.493, 140
Trd, 4318943.743, 140
Trd, 4318943.943, 92
Trd, 4318944.893, 132
Trd, 4318945.243, 118
Trd, 4318945.593, 132
Trd, 4318946.593, 140
Trd, 4318947.443, 64
Trd, 4318949.043, 60
Trd, 4318949.843, 63
Trd, 4318950.043, 63
Trd, 4318950.293, 122
Trd, 4318951.743, 61
Trd, 4318952.043, 62
Trd, 4318952.893, 63
Trd, 4318953.793, 64
Trd, 4318954.343, 116
Trd, 4318954.443, 112
Trd, 4318954.843, 139
Trd, 4318956.043, 76
Trd, 4318956.193, 115
Trd, 4318956.893, 139
Trd, 4318957.243, 128
Trd, 4318957.993, 83
Trd, 4318960.243, 140
Trd, 4318960.493, 140
Trd, 4318960.593, 138
Trd, 4318962.393, 140
Trd, 4318962.743, 140
Trd, 4318963.593, 140
Trd, 4318963.743, 137
Trd, 4318963.943, 129
Trd, 4318964.643, 140
Trd, 4318964.793, 127
Trd, 4318965.593, 139
Trd, 4318967.243, 140
Trd, 4318967.993, 105
Trd, 4318968.893, 139
Trd, 4318969.293, 129
Trd, 4318969.693, 128
Trd, 4318970.093, 140
Trd, 4318972.093, 140
Trd, 4318972.943, 140
Trd, 4318973.243, 139
Trd, 4318974.043, 139
Trd, 4318975.043, 140
Trd, 4318975.093, 138
Trd, 4318975.893, 137
Trd, 4318976.043, 134
Trd, 4318977.093, 140
Trd, 4318977.693, 138
Trd, 4318978.193, 140
Trd, 4318978.693, 117
Trd, 4318979.243, 68
Trd, 4318979.843, 140
Trd, 4318980.393, 140
Trd, 4318980.893, 140
Trd, 4318981.393, 139
Trd, 4318981.643, 65
Trd, 4318983.043, 140
Trd, 4318983.293, 139
Trd, 4318983.793, 119
Trd, 4318984.943, 140
Trd, 4318985.293, 140
Trd, 4318986.243, 60
Trd, 4318986.543, 61
Trd, 4318986.943, 61
Trd, 4318987.193, 99
Trd, 4318988.493, 69
Trd, 4318990.093, 140
Trd, 4318990.443, 140
Trd, 4318990.643, 140
Trd, 4318990.743, 139
Trd, 4318992.343, 140
Trd, 4318992.443, 140
Trd, 4318995.243, 140
Trd, 4318995.393, 140
Trd, 4318995.493, 140
Trd, 4318995.593, 139
Trd, 4318996.543, 140
Trd, 4318996.793, 140
Trd, 4318998.393, 140
Trd, 4318998.493, 140
Trd, 4318998.743, 122
Trd, 4318999.293, 80
Trd, 4319000.243, 120
Trd, 4319000.593, 140
Trd, 4319001.343, 132
Trd, 4319001.943, 72
Trd, 4319003.843, 138
Trd, 4319004.043, 138
Trd, 4319004.343, 140
Trd, 4319004.643, 87
Trd, 4319005.693, 136
Trd, 4319006.943, 140
Trd, 4319007.443, 140
Trd, 4319007.493, 117
Trd, 4319009.043, 140
Trd, 4319009.243, 140
Trd, 4319009.293, 116
Trd, 4319009.893, 140
Trd, 4319010.843, 140
Trd, 4319011.093, 139
Trd, 4319012.693, 140
Trd, 4319013.343, 140
Trd, 4319014.893, 140
Trd, 4319015.193, 140
Trd, 4319015.543, 139
Trd, 4319016.193, 140
Trd, 4319016.243, 138
Trd, 4319016.943, 60
Trd, 4319017.043, 66
Trd, 4319017.193, 66
Trd, 4319018.993, 140
Trd, 4319019.793, 140
Trd, 4319020.443, 140
Trd, 4319021.093, 140
Trd, 4319021.343, 139
Trd, 4319022.293, 66
Trd, 4319023.293, 92
Trd, 4319024.043, 138
Trd, 4319024.743, 81
Trd, 4319025.093, 140
Trd, 4319026.643, 140
Trd, 4319027.143, 140
Trd, 4319027.293, 140
Trd, 4319028.943, 139
Trd, 4319029.643, 140
Trd, 4319029.693, 140
Trd, 4319029.843, 140
Trd, 4319030.093, 139
Trd, 4319030.293, 79
Trd, 4319031.293, 69
Trd, 4319031.743, 92
Trd, 4319032.243, 75
Trd, 4319033.043, 60
Trd, 4319033.143, 69
Trd, 4319035.493, 61
Trd, 4319035.893, 60
Trd, 4319035.943, 62
Trd, 4319036.143, 62
Trd, 4319036.243, 63
Trd, 4319037.343, 67
Trd, 4319038.793, 67
Trd, 4319039.793, 64
Trd, 4319040.493, 137
Trd, 4319040.843, 140
Trd, 4319041.443, 140
Trd, 4319041.593, 137
Trd, 4319041.693, 60
Trd, 4319043.643, 140
Trd, 4319044.543, 139
Trd, 4319044.693, 137
Trd, 4319045.443, 140
Trd, 4319045.593, 138
Trd, 4319045.993, 140
Trd, 4319046.943, 140
Trd, 4319047.343, 137
Trd, 4319048.193, 130
Trd, 4319048.493, 139
Trd, 4319048.693, 60
Trd, 4319048.893, 139
Trd, 4319049.743, 97
Trd, 4319051.143, 140
Trd, 4319051.943, 140
Trd, 4319052.243, 140
Trd, 4319052.493, 140
Trd, 4319054.643, 140
Trd, 4319055.643, 140
Trd, 4319055.843, 140
Trd, 4319056.643, 140
Trd, 4319056.793, 112
Trd, 4319057.593, 140
Trd, 4319058.943, 139
Trd, 4319059.493, 138
Trd, 4319059.643, 138
Trd, 4319059.893, 123
Trd, 4319060.493, 140
Trd, 4319060.843, 139
Trd, 4319062.143, 139
Trd, 4319062.193, 136
Trd, 4319062.543, 140
Trd, 4319062.843, 134
Trd, 4319063.093, 98
Trd, 4319063.593, 139
Trd, 4319064.443, 89
Trd, 4319066.343, 139
Trd, 4319066.893, 140
Trd, 4319067.943, 140
Trd, 4319068.943, 140
Trd, 4319069.043, 140
Trd, 4319069.143, 140
Trd, 4319070.443, 140
Trd, 4319070.843, 140
Trd, 4319071.193, 138
Trd, 4319071.693, 138
Trd, 4319072.043, 114
Trd, 4319074.143, 140
Trd, 4319074.693, 140
Trd, 4319075.593, 140
Trd, 4319075.693, 140
Trd, 4319076.443, 140
Trd, 4319076.693, 72
Trd, 4319077.843, 135
Trd, 4319078.543, 138
Trd, 4319078.793, 138
Trd, 4319081.043, 140
Trd, 4319081.393, 140
Trd, 4319082.293, 140
Trd, 4319082.393, 140
Trd, 4319082.693, 140
Trd, 4319083.293, 140
Trd, 4319084.743, 140
Trd, 4319085.143, 140
Trd, 4319085.193, 139
Trd, 4319085.393, 108
Trd, 4319085.593, 139
Trd, 4319087.443, 139
Trd, 4319087.743, 139
Trd, 4319087.843, 138
Trd, 4319089.443, 140
Trd, 4319089.693, 140
Trd, 4319089.793, 139
Trd, 4319090.643, 140
Trd, 4319090.693, 139
Trd, 4319091.043, 138
Trd, 4319091.593, 133
Trd, 4319093.093, 140
Trd, 4319093.793, 140
Trd, 4319095.393, 139
Trd, 4319096.593, 140
Trd, 4319096.793, 139
Trd, 4319097.193, 139
Trd, 4319097.393, 140
Trd, 4319097.543, 138
Trd, 4319097.893, 132
Trd, 4319098.043, 139
Trd, 4319098.693, 127
Trd, 4319100.443, 129
Trd, 4319101.393, 139
Trd, 4319102.393, 140
Trd, 4319102.643, 140
Trd, 4319102.743, 139
Trd, 4319103.643, 139
Trd, 4319105.493, 140
Trd, 4319105.693, 140
Trd, 4319105.893, 140
Trd, 4319106.143, 140
Trd, 4319106.443, 62
Trd, 4319107.293, 140
Trd, 4319108.943, 140
Trd, 4319109.293, 140
Trd, 4319109.393, 118
Trd, 4319111.343, 140
Trd, 4319112.193, 140
Trd, 4319112.943, 140
Trd, 4319113.743, 138
Trd, 4319114.043, 140
Trd, 4319114.293, 140
Trd, 4319115.243, 140
Trd, 4319115.593, 140
Trd, 4319115.743, 137
Trd, 4319117.143, 76
Trd, 4319117.743, 139
Trd, 4319118.443, 140
Trd, 4319118.993, 140
Trd, 4319121.193, 140
Trd, 4319121.443, 140
Trd, 4319122.643, 140
Trd, 4319123.143, 140
Trd, 4319123.293, 138
Trd, 4319124.493, 140
Trd, 4319125.243, 140
Trd, 4319125.293, 140
Trd, 4319127.643, 140
Trd, 4319127.993, 140
Trd, 4319128.793, 140
Trd, 4319129.043, 140
Trd, 4319129.943, 139
Trd, 4319130.543, 140
Trd, 4319131.543, 140
Trd, 4319131.593, 140
Trd, 4319132.243, 139
Trd, 4319132.293, 127
Trd, 4319132.993, 64
Trd, 4319133.293, 104
Trd, 4319133.493, 69
Trd, 4319134.443, 62
Trd, 4319134.993, 135
Trd, 4319136.693, 64
Trd, 4319137.293, 64
Trd, 4319138.043, 140
Trd, 4319138.093, 140
Trd, 4319138.793, 140
Trd, 4319140.043, 140
Trd, 4319140.093, 139
Trd, 4319140.693, 139
Trd, 4319141.293, 140
Trd, 4319141.793, 139
Trd, 4319143.243, 140
Trd, 4319143.693, 140
Trd, 4319144.043, 127
Trd, 4319144.093, 88
Trd, 4319145.093, 78
Trd, 4319145.493, 67
Trd, 4319145.643, 61
Trd, 4319146.293, 61
Trd, 4319147.593, 140
Trd, 4319147.743, 114
Trd, 4319148.393, 140
Trd, 4319149.193, 140
Trd, 4319149.693, 140
Trd, 4319150.093, 139
Trd, 4319150.493, 108
Trd, 4319152.243, 140
Trd, 4319152.443, 140
Trd, 4319152.843, 140
Trd, 4319154.143, 140
Trd, 4319154.193, 140
Trd, 4319154.743, 140
Trd, 4319154.993, 91
Trd, 4319155.643, 125
Trd, 4319156.343, 105
Trd, 4319156.893, 90
Trd, 4319157.643, 140
Trd, 4319157.993, 138
Trd, 4319159.043, 64
Trd, 4319159.793, 71
Trd, 4319160.093, 61
Trd, 4319160.193, 93
Trd, 4319160.443, 77
Trd, 4319160.843, 89
Trd, 4319161.843, 61
Trd, 4319162.443, 63
Trd, 4319162.643, 67
Trd, 4319164.093, 60
Trd, 4319165.843, 61
Trd, 4319166.643, 61
Trd, 4319167.193, 60
Trd, 4319167.293, 62
Trd, 4319167.493, 66
Trd, 4319168.243, 64
Trd, 4319170.393, 61
Trd, 4319171.043, 62
Trd, 4319171.393, 64
Trd, 4319171.693, 60
Trd, 4319173.143, 61
Trd, 4319173.643, 76
Trd, 4319174.243, 140
Trd, 4319174.443, 140
Trd, 4319175.793, 140
Trd, 4319175.993, 140
Trd, 4319177.243, 72
Trd, 4319177.443, 105
Trd, 4319178.393, 140
Trd, 4319180.893, 140
Trd, 4319181.093, 140
Trd, 4319181.293, 140
Trd, 4319182.393, 135
Trd, 4319182.443, 128
Trd, 4319183.393, 140
Trd, 4319183.743, 140
Trd, 4319184.243, 140
Trd, 4319185.743, 140
Trd, 4319186.943, 140
Trd, 4319188.343, 140
Trd, 4319188.643, 140
Trd, 4319188.793, 140
Trd, 4319189.443, 140
Trd, 4319189.743, 138
Trd, 4319190.193, 140
Trd, 4319191.993, 140
Trd, 4319192.243, 140
Trd, 4319193.943, 140
Trd, 4319193.993, 140
Trd, 4319194.843, 140
Trd, 4319195.093, 138
Trd, 4319195.543, 74
Trd, 4319195.843, 62
Trd, 4319196.493, 139
Trd, 4319197.993, 140
Trd, 4319198.043, 139
Trd, 4319199.043, 140
Trd, 4319199.243, 140
Trd, 4319200.893, 140
Trd, 4319201.093, 140
Trd, 4319201.143, 92
Trd, 4319202.243, 140
Trd, 4319203.343, 140
Trd, 4319203.893, 140
Trd, 4319204.143, 140
Trd, 4319205.743, 140
Trd, 4319205.993, 138
Trd, 4319206.543, 139
Trd, 4319207.843, 139
Trd, 4319208.343, 140
Trd, 4319208.843, 121
Trd, 4319209.593, 140
Trd, 4319210.593, 140
Trd, 4319211.143, 140
Trd, 4319212.143, 140
Trd, 4319212.193, 140
Trd, 4319212.743, 140
Trd, 4319213.043, 103
Trd, 4319213.843, 139
Trd, 4319214.243, 139
Trd, 4319215.043, 139
Trd, 4319215.893, 139
Trd, 4319216.193, 137
Trd, 4319217.343, 139
Trd, 4319218.593, 140
Trd, 4319219.393, 139
Trd, 4319220.143, 139
Trd, 4319220.443, 139
Trd, 4319220.493, 138
Trd, 4319221.243, 140
Trd, 4319221.593, 137
Trd, 4319222.593, 63
Trd, 4319222.643, 66
Trd, 4319223.193, 70
Trd, 4319223.693, 64
Trd, 4319224.193, 64
Trd, 4319224.493, 140
Trd, 4319225.493, 139
Trd, 4319226.393, 137
Trd, 4319226.593, 129
Trd, 4319228.193, 140
Trd, 4319228.343, 140
Trd, 4319229.843, 140
Trd, 4319229.893, 140
Trd, 4319230.843, 140
Trd, 4319231.093, 127
Trd, 4319233.443, 140
Trd, 4319233.493, 140
Trd, 4319233.643, 140
Trd, 4319234.893, 140
Trd, 4319234.943, 140
Trd, 4319235.593, 139
Trd, 4319236.093, 130
Trd, 4319237.193, 140
Trd, 4319238.443, 139
Trd, 4319239.043, 67
Trd, 4319239.793, 139
Trd, 4319241.393, 140
Trd, 4319241.493, 140
Trd, 4319241.793, 140
Trd, 4319242.343, 137
Trd, 4319242.993, 138
Trd, 4319243.043, 137
Trd, 4319244.893, 140
Trd, 4319245.493, 139
Trd, 4319245.943, 137
Trd, 4319246.393, 139
Trd, 4319246.793, 140
Trd, 4319248.193, 140
Trd, 4319249.593, 140
Trd, 4319250.143, 140
Trd, 4319250.443, 124
Trd, 4319251.093, 90
Trd, 4319251.143, 89
Trd, 4319251.643, 139
Trd, 4319252.143, 135
Trd, 4319253.293, 140
Trd, 4319253.543, 140
Trd, 4319253.893, 139
Trd, 4319254.093, 85
Trd, 4319254.743, 81
Trd, 4319255.793, 138
Trd, 4319255.993, 81
Trd, 4319258.043, 62
Trd, 4319258.893, 60
Trd, 4319259.243, 72
Trd, 4319259.343, 72
Trd, 4319261.043, 67
Trd, 4319261.293, 74
Trd, 4319262.043, 139
Trd, 4319263.243, 140
Trd, 4319263.293, 139
Trd, 4319263.743, 137
Trd, 4319265.643, 140
Trd, 4319266.093, 140
Trd, 4319266.343, 140
Trd, 4319267.343, 140
Trd, 4319268.093, 140
Trd, 4319268.993, 140
Trd, 4319269.093, 140
Trd, 4319270.343, 119
Trd, 4319270.443, 118
Trd, 4319271.543, 140
Trd, 4319272.043, 140
Trd, 4319272.193, 138
Trd, 4319273.143, 140
Trd, 4319273.293, 140
Trd, 4319274.343, 139
Trd, 4319274.543, 139
Trd, 4319275.843, 140
Trd, 4319276.893, 140
Trd, 4319277.143, 140
Trd, 4319277.393, 76
Trd, 4319277.743, 131
Trd, 4319279.393, 140
Trd, 4319279.593, 93
Trd, 4319280.543, 138
Trd, 4319281.143, 139
Trd, 4319282.593, 138
Trd, 4319282.793, 138
Trd, 4319283.093, 140
Trd, 4319283.343, 140
Trd, 4319283.793, 140
Trd, 4319284.593, 140
Trd, 4319285.043, 137
Trd, 4319286.443, 140
Trd, 4319288.493, 140
Trd, 4319288.593, 140
Trd, 4319288.793, 140
Trd, 4319289.493, 140
Trd, 4319289.843, 111
Trd, 4319289.893, 72
Trd, 4319290.543, 140
Trd, 4319290.593, 81
Trd, 4319290.843, 140
Trd, 4319292.843, 139
Trd, 4319293.343, 140
Trd, 4319293.993, 139
Trd, 4319294.093, 138
Trd, 4319295.043, 96
Trd, 4319295.843, 140
Trd, 4319296.143, 125
Trd, 4319296.693, 98
Trd, 4319296.843, 128
Trd, 4319296.993, 63
Trd, 4319297.143, 128
Trd, 4319298.993, 140
Trd, 4319299.093, 140
Trd, 4319299.343, 140
Trd, 4319300.143, 139
Trd, 4319301.643, 140
Trd, 4319301.693, 140
Trd, 4319302.043, 132
Trd, 4319302.443, 131
Trd, 4319302.543, 98
Trd, 4319303.543, 62
Trd, 4319304.943, 140
Trd, 4319304.993, 140
Trd, 4319305.343, 138
Trd, 4319306.143, 138
Trd, 4319306.743, 140
Trd, 4319306.993, 134
Trd, 4319307.593, 98
Trd, 4319308.993, 140
Trd, 4319310.343, 140
Trd, 4319311.043, 140
Trd, 4319311.893, 139
Trd, 4319311.993, 140
Trd, 4319312.743, 140
Trd, 4319313.043, 78
Trd, 4319313.993, 60
Trd, 4319314.543, 60
Trd, 4319315.493, 60
Trd, 4319316.243, 61
Trd, 4319316.893, 63
Trd, 4319317.193, 71
Trd, 4319317.393, 62
Trd, 4319317.693, 61
Trd, 4319319.393, 140
Trd, 4319319.843, 140
Trd, 4319320.093, 140
Trd, 4319320.793, 138
Trd, 4319322.893, 140
Trd, 4319324.243, 140
Trd, 4319324.543, 140
Trd, 4319324.693, 140
Trd, 4319324.893, 137
Trd, 4319325.393, 139
Trd, 4319325.693, 64
Trd, 4319327.243, 136
Trd, 4319327.293, 135
Trd, 4319327.443, 98
Trd, 4319327.943, 139
Trd, 4319328.043, 86
Trd, 4319328.943, 139
Trd, 4319329.993, 137
Trd, 4319331.643, 116
Trd, 4319332.093, 114
Trd, 4319332.143, 108
Trd, 4319332.943, 138
Trd, 4319333.893, 60
Trd, 4319334.043, 60
Trd, 4319335.543, 72
Trd, 4319336.843, 140
Trd, 4319337.143, 140
Trd, 4319337.193, 140
Trd, 4319337.243, 140
Trd, 4319337.843, 140
Trd, 4319339.243, 129
Trd, 4319339.643, 128
Trd, 4319339.893, 67
Trd, 4319340.743, 140
Trd, 4319341.393, 140
Trd, 4319341.793, 73
Trd, 4319342.593, 62
Trd, 4319343.343, 65
Trd, 4319343.843, 67
Trd, 4319344.793, 61
Trd, 4319344.993, 66
Trd, 4319345.793, 62
Trd, 4319346.393, 62
Trd, 4319347.293, 60
Trd, 4319347.543, 139
Trd, 4319349.093, 140
Trd, 4319349.793, 63
Trd, 4319351.243, 140
Trd, 4319351.793, 140
Trd, 4319351.943, 139
Trd, 4319352.443, 136
Trd, 4319352.843, 135
Trd, 4319353.643, 67
Trd, 4319353.943, 60
Trd, 4319354.843, 140
Trd, 4319354.893, 139
Trd, 4319356.543, 65
Trd, 4319356.693, 64
Trd, 4319358.193, 140
Trd, 4319358.293, 140
Trd, 4319359.243, 140
Trd, 4319359.843, 140
Trd, 4319360.443, 68
Trd, 4319361.443, 140
Trd, 4319362.243, 140
Trd, 4319363.293, 140
Trd, 4319363.393, 139
Trd, 4319365.093, 140
Trd, 4319365.693, 139
Trd, 4319366.143, 139
Trd, 4319367.543, 140
Trd, 4319367.643, 140
Trd, 4319367.743, 139
Trd, 4319367.993, 139
Trd, 4319368.743, 140
Trd, 4319369.393, 140
Trd, 4319369.743, 139
Trd, 4319371.493, 140
Trd, 4319371.743, 139
Trd, 4319372.143, 139
Trd, 4319372.843, 130
Trd, 4319373.043, 105
Trd, 4319373.343, 138
Trd, 4319375.193, 140
Trd, 4319375.793, 138
Trd, 4319377.093, 140
Trd, 4319377.293, 140
Trd, 4319377.393, 140
Trd, 4319378.143, 135
Trd, 4319378.293, 124
Trd, 4319378.543, 123
Trd, 4319379.443, 140
Trd, 4319381.043, 136
Trd, 4319381.793, 139
Trd, 4319382.793, 139
Trd, 4319383.443, 140
Trd, 4319383.743, 138
Trd, 4319384.343, 60
Trd, 4319385.893, 140
Trd, 4319386.493, 139
Trd, 4319387.293, 140
Trd, 4319387.443, 140
Trd, 4319387.593, 137
Trd, 4319387.993, 81
Trd, 4319389.493, 139
Trd, 4319390.093, 140
Trd, 4319390.993, 140
Trd, 4319391.093, 140
Trd, 4319391.193, 140
Trd, 4319391.743, 139
Trd, 4319392.743, 139
Trd, 4319393.343, 140
Trd, 4319394.143, 140
Trd, 4319394.643, 140
Trd, 4319394.693, 140
Trd, 4319394.793, 136
Trd, 4319396.243, 140
Trd, 4319396.293, 140
Trd, 4319396.793, 104
Trd, 4319397.643, 68
Trd, 4319398.493, 140
Trd, 4319398.743, 140
Trd, 4319400.743, 63
Trd, 4319401.293, 60
Trd, 4319402.293, 140
Trd, 4319403.443, 140
Trd, 4319403.793, 140
Trd, 4319404.043, 140
Trd, 4319404.693, 140
Trd, 4319404.743, 140
Trd, 4319407.393, 140
Trd, 4319408.743, 140
Trd, 4319409.243, 140
Trd, 4319410.093, 139
Trd, 4319410.493, 138
Trd, 4319410.793, 130
Trd, 4319411.343, 129
Trd, 4319412.593, 140
Trd, 4319413.193, 140
Trd, 4319414.043, 139
Trd, 4319414.093, 139
Trd, 4319414.193, 132
Trd, 4319415.093, 140
Trd, 4319415.143, 139
Trd, 4319417.793, 140
Trd, 4319418.293, 140
Trd, 4319419.393, 140
Trd, 4319419.543, 140
Trd, 4319419.743, 139
Trd, 4319420.743, 140
Trd, 4319421.243, 140
Trd, 4319421.943, 140
Trd, 4319423.443, 140
Trd, 4319423.743, 140
Trd, 4319424.343, 139
Trd, 4319424.693, 139
Trd, 4319424.743, 136
Trd, 4319425.693, 140
Trd, 4319425.943, 139
Trd, 4319425.993, 139
Trd, 4319426.293, 85
Trd, 4319427.443, 137
Trd, 4319429.593, 140
Trd, 4319430.093, 140
Trd, 4319430.493, 140
Trd, 4319430.793, 139
Trd, 4319432.793, 139
Trd, 4319432.943, 140
Trd, 4319433.993, 140
Trd, 4319434.043, 140
Trd, 4319434.343, 139
Trd, 4319434.493, 131
Trd, 4319435.593, 112
Trd, 4319437.443, 140
Trd, 4319438.043, 140
Trd, 4319438.943, 140
Trd, 4319439.443, 140
Trd, 4319439.943, 140
Trd, 4319440.443, 140
Trd, 4319440.843, 139
Trd, 4319442.293, 139
Trd, 4319442.743, 138
Trd, 4319443.993, 139
Trd, 4319444.893, 139
Trd, 4319445.193, 140
Trd, 4319445.593, 139
Trd, 4319446.243, 135
Trd, 4319446.543, 66
Trd, 4319447.643, 140
Trd, 4319448.543, 140
Trd, 4319450.043, 140
Trd, 4319450.243, 140
Trd, 4319451.393, 140
Trd, 4319451.693, 140
Trd, 4319452.293, 140
Trd, 4319453.493, 140
Trd, 4319453.893, 139
Trd, 4319454.293, 140
Trd, 4319454.743, 140
Trd, 4319455.593, 137
Trd, 4319456.743, 140
Trd, 4319458.043, 140
Trd, 4319458.243, 139
Trd, 4319458.793, 140
Trd, 4319459.493, 140
Trd, 4319460.143, 95
Trd, 4319461.443, 140
Trd, 4319461.943, 140
Trd, 4319462.043, 140
Trd, 4319462.593, 139
Trd, 4319462.693, 110
Trd, 4319462.943, 94
Trd, 4319463.593, 139
Trd, 4319463.743, 139
Trd, 4319464.393, 60
Trd, 4319465.493, 139
Trd, 4319466.393, 139
Trd, 4319466.893, 62
Trd, 4319467.143, 64
Trd, 4319467.443, 140
Trd, 4319467.793, 120
Trd, 4319470.093, 60
Trd, 4319470.343, 65
Trd, 4319471.843, 61
Trd, 4319473.443, 61
Trd, 4319473.493, 73
Trd, 4319473.743, 140
Trd, 4319473.943, 140
Trd, 4319474.443, 139
Trd, 4319476.243, 140
Trd, 4319476.393, 140
Trd, 4319476.793, 140
Trd, 4319477.243, 139
Trd, 4319477.693, 136
Trd, 4319477.943, 65
Trd, 4319478.543, 129
Trd, 4319480.093, 140
Trd, 4319480.793, 140
Trd, 4319481.443, 140
Trd, 4319481.743, 140
Trd, 4319483.343, 140
Trd, 4319483.693, 140
Trd, 4319484.443, 140
Trd, 4319484.643, 140
Trd, 4319485.293, 140
Trd, 4319486.443, 140
Trd, 4319487.593, 124
Trd, 4319487.693, 115
Trd, 4319488.243, 136
Trd, 4319488.643, 139
Trd, 4319489.093, 61
Trd, 4319491.243, 140
Trd, 4319491.393, 140
Trd, 4319491.843, 140
Trd, 4319492.343, 83
Trd, 4319492.543, 70
Trd, 4319493.493, 138
Trd, 4319494.843, 140
Trd, 4319495.343, 140
Trd, 4319495.543, 140
Trd, 4319497.193, 140
Trd, 4319497.343, 140
Trd, 4319497.393, 139
Trd, 4319497.493, 138
Trd, 4319497.643, 140
Trd, 4319500.043, 60
Trd, 4319500.393, 61
Trd, 4319500.493, 64
Trd, 4319501.043, 126
Trd, 4319501.643, 125
Trd, 4319501.943, 139
Trd, 4319502.443, 138
Trd, 4319503.643, 76
Trd, 4319504.893, 140
Trd, 4319505.143, 140
Trd, 4319505.943, 140
Trd, 4319506.243, 140
Trd, 4319506.743, 140
Trd, 4319506.893, 140
Trd, 4319507.643, 138
Trd, 4319508.193, 61
Trd, 4319508.743, 63
Trd, 4319508.793, 71
Trd, 4319508.943, 60
Trd, 4319509.843, 60
Trd, 4319511.843, 139
Trd, 4319512.993, 138
Trd, 4319513.193, 92
Trd, 4319515.093, 140
Trd, 4319515.143, 140
Trd, 4319515.943, 140
Trd, 4319516.093, 140
Trd, 4319517.293, 140
Trd, 4319517.443, 138
Trd, 4319518.143, 128
Trd, 4319519.143, 140
Trd, 4319519.793, 139
Trd, 4319520.043, 139
Trd, 4319520.193, 99
Trd, 4319520.543, 98
Trd, 4319521.343, 140
Trd, 4319523.243, 139
Trd, 4319523.493, 139
Trd, 4319524.393, 139
Trd, 4319525.293, 140
Trd, 4319525.593, 136
Trd, 4319526.043, 136
Trd, 4319526.343, 104
Trd, 4319527.093, 89
Trd, 4319527.543, 86
Trd, 4319528.993, 91
Trd, 4319529.593, 140
Trd, 4319529.893, 63
Trd, 4319529.943, 67
Trd, 4319530.493, 140
Trd, 4319530.593, 139
Trd, 4319531.643, 139
Trd, 4319533.043, 140
Trd, 4319533.343, 138
Trd, 4319533.793, 138
Trd, 4319534.493, 140
Trd, 4319536.243, 140
Trd, 4319536.693, 140
Trd, 4319537.443, 96
Trd, 4319538.193, 140
Trd, 4319539.793, 140
Trd, 4319540.393, 140
Trd, 4319540.843, 140
Trd, 4319541.443, 140
Trd, 4319542.493, 140
Trd, 4319543.643, 140
Trd, 4319543.993, 140
Trd, 4319544.293, 138
Trd, 4319544.493, 140
Trd, 4319544.843, 139
Trd, 4319545.043, 135
Trd, 4319545.393, 63
Trd, 4319548.143, 140
Trd, 4319548.593, 139
Trd, 4319549.193, 138
Trd, 4319549.643, 72
Trd, 4319549.793, 65
Trd, 4319550.493, 138
Trd, 4319551.043, 140
Trd, 4319553.093, 140
Trd, 4319553.743, 140
Trd, 4319554.043, 137
Trd, 4319555.893, 60
Trd, 4319555.993, 60
Trd, 4319556.443, 62
Trd, 4319556.743, 64
Trd, 4319558.043, 140
Trd, 4319558.093, 140
Trd, 4319559.143, 138
Trd, 4319559.743, 137
Trd, 4319560.793, 140
Trd, 4319560.843, 139
Trd, 4319561.843, 140
Trd, 4319564.243, 140
Trd, 4319564.443, 140
Trd, 4319564.593, 140
Trd, 4319565.393, 140
Trd, 4319565.443, 138
Trd, 4319565.743, 114
Trd, 4319566.343, 140
Trd, 4319566.493, 135
Trd, 4319567.043, 139
Trd, 4319569.193, 140
Trd, 4319569.443, 139
Trd, 4319570.343, 136
Trd, 4319570.643, 119
Trd, 4319570.943, 137
Trd, 4319571.943, 140
Trd, 4319572.443, 138
Trd, 4319572.493, 76
Trd, 4319573.393, 139
Trd, 4319573.693, 139
Trd, 4319575.093, 140
Trd, 4319575.243, 139
Trd, 4319575.543, 129
Trd, 4319576.093, 134
Trd, 4319576.893, 128
Trd, 4319577.193, 140
Trd, 4319577.443, 126
Trd, 4319578.393, 68
Trd, 4319579.043, 135
Trd, 4319579.193, 86
Trd, 4319579.893, 139
Trd, 4319581.393, 129
Trd, 4319581.493, 110
Trd, 4319581.893, 140
Trd, 4319582.243, 139
Trd, 4319582.443, 139
Trd, 4319583.043, 135
Trd, 4319584.493, 139
Trd, 4319585.143, 138
Trd, 4319585.393, 77
Trd, 4319585.943, 140
Trd, 4319587.443, 139
Trd, 4319588.593, 140
Trd, 4319589.643, 139
Trd, 4319590.243, 140
Trd, 4319590.743, 140
Trd, 4319591.543, 140
Trd, 4319591.643, 139
Trd, 4319592.743, 140
Trd, 4319593.093, 140
Trd, 4319593.993, 61
Trd, 4319594.343, 98
Trd, 4319594.693, 71
Trd, 4319594.843, 139
Trd, 4319596.493, 60
Trd, 4319596.843, 65
Trd, 4319596.943, 91
Trd, 4319597.693, 140
Trd, 4319598.043, 140
Trd, 4319598.143, 140
Trd, 4319599.193, 137
Trd, 4319600.643, 140
Trd, 4319601.893, 140
Trd, 4319602.293, 140
Trd, 4319602.493, 140
Trd, 4319602.893, 140
Trd, 4319603.143, 139
Trd, 4319603.493, 139
Trd, 4319603.693, 137
Trd, 4319606.493, 139
Trd, 4319606.943, 140
Trd, 4319607.493, 136
Trd, 4319607.543, 112
Trd, 4319607.893, 140
Trd, 4319608.243, 127
Trd, 4319608.643, 137
Trd, 4319610.043, 63
Trd, 4319610.143, 60
Trd, 4319610.793, 138
Trd, 4319611.843, 137
Trd, 4319612.593, 119
Trd, 4319612.843, 62
Trd, 4319613.893, 74
Trd, 4319614.793, 140
Trd, 4319615.343, 140
Trd, 4319615.743, 62
Trd, 4319616.143, 126
Trd, 4319617.193, 139
Trd, 4319617.693, 138
Trd, 4319617.793, 138
Trd, 4319618.743, 66
Trd, 4319619.743, 124
Trd, 4319619.843, 123
Trd, 4319620.793, 140
Trd, 4319620.893, 139
Trd, 4319621.743, 139
Trd, 4319622.043, 139
Trd, 4319622.943, 138
Trd, 4319624.593, 137
Trd, 4319625.243, 140
Trd, 4319625.493, 140
Trd, 4319625.543, 140
Trd, 4319626.943, 140
Trd, 4319627.293, 140
Trd, 4319627.543, 140
Trd, 4319627.943, 139
Trd, 4319628.543, 131
Trd, 4319629.743, 138
Trd, 4319629.943, 131
Trd, 4319632.993, 140
Trd, 4319633.093, 140
Trd, 4319633.293, 140
Trd, 4319633.393, 139
Trd, 4319633.443, 117
Trd, 4319634.193, 63
Trd, 4319635.343, 140
Trd, 4319636.193, 139
Trd, 4319636.393, 88
Trd, 4319636.743, 137
Trd, 4319637.343, 139
Trd, 4319638.243, 94
Trd, 4319639.393, 140
Trd, 4319639.593, 140
Trd, 4319640.693, 139
Trd, 4319640.793, 138
Trd, 4319641.843, 140
Trd, 4319641.893, 140
Trd, 4319642.393, 138
Trd, 4319643.193, 138
Trd, 4319643.893, 140
Trd, 4319644.043, 140
Trd, 4319644.393, 140
Trd, 4319645.043, 140
Trd, 4319645.643, 140
Trd, 4319646.593, 138
Trd, 4319647.093, 132
Trd, 4319647.943, 140
Trd, 4319648.493, 139
Trd, 4319648.893, 131
Trd, 4319650.243, 139
Trd, 4319651.343, 140
Trd, 4319651.493, 138
Trd, 4319652.493, 138
Trd, 4319652.693, 98
Trd, 4319652.843, 97
Trd, 4319653.193, 117
Trd, 4319653.893, 138
Trd, 4319655.293, 139
Trd, 4319655.443, 138
Trd, 4319656.493, 131
Trd, 4319656.793, 72
Trd, 4319658.043, 140
Trd, 4319658.143, 138
Trd, 4319659.193, 140
Trd, 4319661.143, 140
Trd, 4319661.343, 138
Trd, 4319661.993, 90
Trd, 4319662.043, 61
Trd, 4319662.293, 140
Trd, 4319663.093, 140
Trd, 4319663.193, 139
Trd, 4319664.143, 139
Trd, 4319665.193, 140
Trd, 4319665.493, 140
Trd, 4319666.293, 140
Trd, 4319666.743, 140
Trd, 4319667.243, 76
Trd, 4319667.993, 140
Trd, 4319669.243, 64
Trd, 4319671.043, 139
Trd, 4319671.793, 140
Trd, 4319671.943, 140
Trd, 4319672.793, 140
Trd, 4319672.943, 140
Trd, 4319672.993, 139
Trd, 4319674.393, 140
Trd, 4319674.743, 140
Trd, 4319675.593, 140
Trd, 4319676.543, 140
Trd, 4319676.743, 119
Trd, 4319676.843, 96
Trd, 4319678.093, 139
Trd, 4319678.893, 140
Trd, 4319679.043, 116
Trd, 4319679.093, 100
Trd, 4319680.093, 139
Trd, 4319680.993, 140
Trd, 4319682.143, 140
Trd, 4319682.793, 140
Trd, 4319683.993, 140
Trd, 4319684.743, 140
Trd, 4319685.443, 140
Trd, 4319686.193, 140
Trd, 4319686.693, 140
Trd, 4319686.793, 140
Trd, 4319686.993, 140
Trd, 4319688.593, 121
Trd, 4319690.293, 140
Trd, 4319691.193, 140
Trd, 4319691.593, 140
Trd, 4319692.843, 140
Trd, 4319693.093, 139
Trd, 4319693.293, 139
Trd, 4319694.493, 140
Trd, 4319694.693, 138
Trd, 4319695.993, 140
Trd, 4319696.693, 140
Trd, 4319697.943, 140
Trd, 4319698.443, 140
Trd, 4319698.893, 140
Trd, 4319698.943, 140
Trd, 4319699.693, 140
Trd, 4319699.743, 139
Trd, 4319701.643, 140
Trd, 4319702.193, 140
Trd, 4319703.143, 75
Trd, 4319703.643, 140
Trd, 4319704.593, 140
Trd, 4319704.743, 140
Trd, 4319704.793, 136
Trd, 4319706.093, 139
Trd, 4319707.293, 140
Trd, 4319707.343, 140
Trd, 4319707.643, 140
Trd, 4319707.843, 138
Trd, 4319708.243, 71
Trd, 4319708.793, 140
Trd, 4319709.193, 97
Trd, 4319709.793, 66
Trd, 4319711.093, 140
Trd, 4319711.293, 140
Trd, 4319711.993, 139
Trd, 4319712.593, 74
Trd, 4319712.893, 60
Trd, 4319714.593, 140
Trd, 4319714.793, 93
Trd, 4319715.643, 140
Trd, 4319715.843, 140
Trd, 4319718.043, 140
Trd, 4319718.143, 138
Trd, 4319718.793, 130
Trd, 4319719.793, 140
Trd, 4319719.943, 140
Trd, 4319720.243, 135
Trd, 4319720.843, 138
Trd, 4319721.193, 138
Trd, 4319722.243, 135
Trd, 4319722.493, 140
Trd, 4319722.993, 140
Trd, 4319723.843, 140
Trd, 4319724.643, 140
Trd, 4319725.443, 140
Trd, 4319726.043, 140
Trd, 4319727.343, 139
Trd, 4319728.393, 137
Trd, 4319728.643, 128
Trd, 4319728.693, 69
Trd, 4319729.093, 73
Trd, 4319729.793, 61
Trd, 4319730.193, 122
Trd, 4319731.793, 138
Trd, 4319732.293, 69
Trd, 4319732.693, 140
Trd, 4319733.143, 140
Trd, 4319734.343, 140
Trd, 4319735.793, 139
Trd, 4319736.093, 140
Trd, 4319736.343, 139
Trd, 4319736.893, 140
Trd, 4319737.243, 139
Trd, 4319738.843, 140
Trd, 4319739.243, 139
Trd, 4319739.343, 139
Trd, 4319739.793, 127
Trd, 4319740.043, 90
Trd, 4319740.543, 62
Trd, 4319740.843, 139
Trd, 4319741.743, 140
Trd, 4319741.993, 140
Trd, 4319742.643, 140
Trd, 4319743.493, 139
Trd, 4319744.093, 140
Trd, 4319744.393, 74
Trd, 4319744.743, 139
Trd, 4319744.943, 126
Trd, 4319746.343, 140
Trd, 4319746.493, 138
Trd, 4319747.893, 139
Trd, 4319748.143, 135
Trd, 4319748.693, 135
Trd, 4319750.093, 140
Trd, 4319750.843, 140
Trd, 4319751.993, 140
Trd, 4319752.443, 140
Trd, 4319752.643, 140
Trd, 4319754.193, 140
Trd, 4319754.443, 139
Trd, 4319755.743, 140
Trd, 4319756.793, 139
Trd, 4319757.093, 135
Trd, 4319757.293, 128
Trd, 4319758.693, 140
Trd, 4319759.793, 140
Trd, 4319759.993, 140
Trd, 4319760.043, 139
Trd, 4319760.443, 138
Trd, 4319761.443, 95
Trd, 4319762.243, 140
Trd, 4319763.393, 140
Trd, 4319763.543, 140
Trd, 4319764.543, 140
Trd, 4319764.943, 93
Trd, 4319765.793, 139
Trd, 4319767.393, 138
Trd, 4319767.743, 140
Trd, 4319768.293, 140
Trd, 4319768.893, 128
Trd, 4319768.993, 127
Trd, 4319770.043, 127
Trd, 4319770.443, 139
Trd, 4319772.143, 140
Trd, 4319772.393, 138
Trd, 4319773.343, 139
Trd, 4319773.943, 138
Trd, 4319774.443, 135
Trd, 4319774.643, 83
Trd, 4319774.993, 140
Trd, 4319775.393, 103
Trd, 4319776.593, 135
Trd, 4319777.143, 133
Trd, 4319778.743, 140
Trd, 4319779.143, 140
Trd, 4319779.443, 140
Trd, 4319779.593, 139
Trd, 4319780.193, 72
Trd, 4319781.293, 140
Trd, 4319781.593, 139
Trd, 4319781.843, 138
Trd, 4319782.493, 137
Trd, 4319783.343, 140
Trd, 4319784.393, 140
Trd, 4319784.493, 140
Trd, 4319785.043, 136
Trd, 4319785.343, 136
Trd, 4319786.593, 140
Trd, 4319787.693, 138
Trd, 4319788.543, 140
Trd, 4319789.143, 138
Trd, 4319789.193, 103
Trd, 4319790.643, 140
Trd, 4319791.443, 67
Trd, 4319791.893, 139
Trd, 4319792.493, 115
Trd, 4319793.493, 140
Trd, 4319794.843, 140
Trd, 4319795.193, 140
Trd, 4319795.743, 140
Trd, 4319796.493, 140
Trd, 4319796.893, 140
Trd, 4319798.093, 140
Trd, 4319799.393, 137
Trd, 4319799.443, 136
Trd, 4319799.943, 140
Trd, 4319800.193, 137
Trd, 4319800.893, 135
Trd, 4319801.843, 139
Trd, 4319802.143, 139
Trd, 4319802.593, 134
Trd, 4319802.993, 133
Trd, 4319804.043, 139
Trd, 4319804.443, 86
Trd, 4319804.693, 60
Trd, 4319805.243, 140
Trd, 4319805.543, 124
Trd, 4319805.743, 129
Trd, 4319805.993, 74
Trd, 4319807.793, 140
Trd, 4319808.743, 140
Trd, 4319809.843, 140
Trd, 4319810.593, 140
Trd, 4319810.893, 140
Trd, 4319811.793, 137
Trd, 4319812.093, 137
Trd, 4319812.643, 139
Trd, 4319812.693, 75
Trd, 4319813.143, 138
Trd, 4319814.143, 61
Trd, 4319814.393, 134
Trd, 4319815.443, 62
Trd, 4319815.793, 63
Trd, 4319816.293, 60
Trd, 4319817.743, 60
Trd, 4319818.393, 62
Trd, 4319818.743, 65
Trd, 4319819.043, 107
Trd, 4319819.693, 139
Trd, 4319820.143, 140
Trd, 4319821.243, 60
Trd, 4319822.093, 62
Trd, 4319823.193, 61
Trd, 4319824.843, 61
Trd, 4319825.043, 61
Trd, 4319826.193, 64
Trd, 4319827.593, 134
Trd, 4319828.393, 140
Trd, 4319828.793, 140
Trd, 4319829.293, 78
Trd, 4319830.143, 121
Trd, 4319830.393, 120
Trd, 4319830.893, 140
Trd, 4319832.243, 139
Trd, 4319832.393, 119
Trd, 4319832.793, 77
Trd, 4319833.643, 140
Trd, 4319833.943, 60
Trd, 4319835.143, 63
Trd, 4319835.593, 140
Trd, 4319835.943, 139
Trd, 4319837.343, 140
Trd, 4319837.493, 139
Trd, 4319837.793, 134
Trd, 4319838.893, 112
Trd, 4319839.093, 65
Trd, 4319839.493, 67
Trd, 4319839.693, 64
Trd, 4319840.893, 140
Trd, 4319841.593, 140
Trd, 4319843.093, 140
Trd, 4319843.543, 139
Trd, 4319843.743, 137
Trd, 4319844.643, 140
Trd, 4319844.793, 119
Trd, 4319845.293, 118
Trd, 4319845.743, 140
Trd, 4319846.543, 140
Trd, 4319847.643, 140
Trd, 4319849.543, 140
Trd, 4319850.493, 140
Trd, 4319850.593, 140
Trd, 4319851.543, 140
Trd, 4319852.493, 140
Trd, 4319852.643, 140
Trd, 4319852.793, 139
Trd, 4319854.243, 140
Trd, 4319854.793, 140
Trd, 4319855.093, 140
Trd, 4319855.193, 138
Trd, 4319855.843, 135
Trd, 4319855.943, 119
Trd, 4319856.893, 134
Trd, 4319857.393, 140
Trd, 4319857.893, 140
Trd, 4319858.293, 139
Trd, 4319858.343, 128
Trd, 4319859.193, 66
Trd, 4319859.993, 140
Trd, 4319861.043, 140
Trd, 4319862.193, 140
Trd, 4319862.243, 140
Trd, 4319862.943, 140
Trd, 4319863.143, 140
Trd, 4319863.443, 102
Trd, 4319864.843, 139
Trd, 4319865.193, 127
Trd, 4319865.443, 140
Trd, 4319865.893, 133
Trd, 4319866.893, 140
Trd, 4319868.943, 140
Trd, 4319869.843, 140
Trd, 4319869.943, 140
Trd, 4319870.493, 140
Trd, 4319870.843, 107
Trd, 4319870.993, 76
Trd, 4319871.793, 135
Trd, 4319872.243, 140
Trd, 4319872.743, 138
Trd, 4319873.543, 140
Trd, 4319873.593, 140
Trd, 4319874.043, 137
Trd, 4319874.393, 108
Trd, 4319875.943, 140
Trd, 4319877.443, 140
Trd, 4319877.743, 140
Trd, 4319878.343, 140
Trd, 4319878.893, 140
Trd, 4319878.993, 140
Trd, 4319879.093, 140
Trd, 4319879.193, 140
Trd, 4319880.293, 100
Trd, 4319881.693, 140
Trd, 4319882.143, 137
Trd, 4319882.893, 140
Trd, 4319882.993, 138
Trd, 4319883.243, 136
Trd, 4319883.843, 140
Trd, 4319885.793, 140
Trd, 4319886.693, 140
Trd, 4319887.193, 140
Trd, 4319887.593, 123
Trd, 4319887.643, 122
Trd, 4319889.643, 140
Trd, 4319890.543, 140
Trd, 4319891.193, 140
Trd, 4319891.493, 139
Trd, 4319891.843, 139
Trd, 4319892.543, 140
Trd, 4319892.643, 103
Trd, 4319894.893, 140
Trd, 4319895.193, 135
Trd, 4319895.993, 140
Trd, 4319896.293, 140
Trd, 4319896.493, 138
Trd, 4319896.993, 137
Trd, 4319898.993, 139
Trd, 4319899.443, 63
Trd, 4319900.443, 61
Trd, 4319901.343, 60
Trd, 4319901.643, 64
Trd, 4319901.843, 65
Trd, 4319902.693, 69
Trd, 4319903.293, 140
Trd, 4319904.243, 140
Trd, 4319904.293, 140
Trd, 4319905.393, 140
Trd, 4319906.393, 140
Trd, 4319906.493, 140
Trd, 4319906.993, 140
Trd, 4319907.443, 140
Trd, 4319909.493, 139
Trd, 4319909.543, 117
Trd, 4319909.793, 77
Trd, 4319910.943, 71
Trd, 4319911.793, 61
Trd, 4319912.343, 140
Trd, 4319912.743, 137
Trd, 4319913.293, 60
Trd, 4319914.093, 139
Trd, 4319914.793, 140
Trd, 4319915.993, 139
Trd, 4319916.093, 138
Trd, 4319918.143, 140
Trd, 4319918.493, 140
Trd, 4319918.643, 130
Trd, 4319919.043, 140
Trd, 4319919.843, 140
Trd, 4319920.743, 140
Trd, 4319920.993, 139
Trd, 4319921.643, 138
Trd, 4319921.943, 124
Trd, 4319922.443, 140
Trd, 4319923.843, 140
Trd, 4319923.993, 122
Trd, 4319924.493, 140
Trd, 4319924.993, 140
Trd, 4319926.343, 140
Trd, 4319927.143, 140
Trd, 4319927.493, 140
Trd, 4319927.543, 138
Trd, 4319928.643, 140
Trd, 4319929.393, 136
Trd, 4319929.793, 139
Trd, 4319930.743, 140
Trd, 4319931.893, 139
Trd, 4319932.243, 140
Trd, 4319933.243, 137
Trd, 4319933.643, 137
Trd, 4319934.093, 139
Trd, 4319934.143, 89
Trd, 4319935.093, 140
Trd, 4319936.543, 62
Trd, 4319937.193, 140
Trd, 4319937.393, 140
Trd, 4319937.943, 140
Trd, 4319938.143, 140
Trd, 4319938.243, 138
Trd, 4319939.943, 140
Trd, 4319942.193, 140
Trd, 4319942.393, 140
Trd, 4319942.843, 140
Trd, 4319942.893, 140
Trd, 4319944.443, 140
Trd, 4319944.543, 139
Trd, 4319945.343, 138
Trd, 4319945.443, 131
Trd, 4319945.593, 140
Trd, 4319947.493, 140
Trd, 4319948.043, 140
Trd, 4319948.693, 61
Trd, 4319949.193, 60
Trd, 4319950.293, 139
Trd, 4319950.693, 138
Trd, 4319950.743, 126
Trd, 4319951.193, 68
Trd, 4319951.843, 60
Trd, 4319952.093, 139
Trd, 4319953.693, 140
Trd, 4319955.043, 140
Trd, 4319955.293, 139
Trd, 4319955.343, 62
Trd, 4319956.743, 140
Trd, 4319957.243, 140
Trd, 4319958.143, 139
Trd, 4319958.593, 139
Trd, 4319958.743, 139
Trd, 4319959.743, 140
Trd, 4319960.193, 85
Trd, 4319961.343, 135
Trd, 4319961.743, 139
Trd, 4319961.943, 68
Trd, 4319962.193, 140
Trd, 4319962.943, 139
Trd, 4319963.643, 139
Trd, 4319964.293, 135
Trd, 4319964.993, 137
Trd, 4319965.593, 133
Trd, 4319967.193, 140
Trd, 4319967.343, 140
Trd, 4319968.543, 140
Trd, 4319969.193, 140
Trd, 4319969.593, 140
Trd, 4319969.793, 140
Trd, 4319969.843, 138
Trd, 4319970.493, 138
Trd, 4319971.393, 140
Trd, 4319972.943, 111
Trd, 4319973.293, 140
Trd, 4319974.493, 140
Trd, 4319974.943, 140
Trd, 4319975.293, 140
Trd, 4319975.693, 126
Trd, 4319977.143, 140
Trd, 4319977.543, 140
Trd, 4319977.993, 140
Trd, 4319978.243, 136
Trd, 4319979.843, 140
Trd, 4319980.193, 139
Trd, 4319980.943, 140
Trd, 4319981.093, 138
Trd, 4319981.593, 138
Trd, 4319983.093, 140
Trd, 4319984.393, 140
Trd, 4319984.843, 140
Trd, 4319985.993, 140
Trd, 4319986.343, 90
Trd, 4319988.043, 140
Trd, 4319988.893, 140
Trd, 4319988.993, 139
Trd, 4319989.243, 139
Trd, 4319989.793, 140
Trd, 4319989.893, 137
Trd, 4319990.043, 132
Trd, 4319990.293, 91
Trd, 4319990.743, 140
Trd, 4319990.893, 88
Trd, 4319991.993, 140
Trd, 4319993.143, 122
Trd, 4319994.043, 140
Trd, 4319994.243, 139
Trd, 4319994.343, 124
Trd, 4319996.693, 140
Trd, 4319997.043, 140
Trd, 4319997.293, 138
Trd, 4319997.693, 140
Trd, 4319998.143, 137
Trd, 4319998.243, 137
Trd, 4319999.943, 139
