Trd, 4318066.943, 74
Trd, 4318067.693, 92
Trd, 4318069.143, 120
Trd, 4318069.793, 93
Trd, 4318070.443, 123
Trd, 4318071.043, 80
Trd, 4318073.943, 111
Trd, 4318074.093, 94
Trd, 4318074.143, 103
Trd, 4318074.743, 91
Trd, 4318075.343, 82
Trd, 4318077.093, 106
Trd, 4318078.143, 114
Trd, 4318079.493, 101
Trd, 4318080.143, 122
Trd, 4318080.193, 106
Trd, 4318081.243, 92
Trd, 4318082.493, 124
Trd, 4318082.893, 113
Trd, 4318083.643, 94
Trd, 4318084.843, 97
Trd, 4318085.393, 66
Trd, 4318086.193, 93
Trd, 4318086.743, 81
Trd, 4318086.993, 137
Trd, 4318089.843, 112
Trd, 4318090.693, 122
Trd, 4318090.993, 115
Trd, 4318091.093, 110
Trd, 4318092.193, 95
Trd, 4318092.643, 92
Trd, 4318092.743, 63
Trd, 4318093.443, 133
Trd, 4318094.293, 116
Trd, 4318094.543, 136
Trd, 4318097.393, 121
Trd, 4318097.593, 133
Trd, 4318097.743, 103
Trd, 4318098.543, 87
Trd, 4318098.943, 110
Trd, 4318099.543, 96
Trd, 4318099.643, 98
Trd, 4318099.743, 111
Trd, 4318102.043, 96
Trd, 4318102.693, 137
Trd, 4318103.143, 108
Trd, 4318103.393, 90
Trd, 4318104.843, 132
Trd, 4318105.843, 135
Trd, 4318105.893, 122
Trd, 4318106.693, 120
Trd, 4318106.793, 99
Trd, 4318108.143, 91
Trd, 4318108.493, 129
Trd, 4318109.393, 140
Trd, 4318110.943, 86
Trd, 4318111.693, 100
Trd, 4318111.893, 116
Trd, 4318112.393, 97
Trd, 4318113.293, 128
Trd, 4318113.443, 79
Trd, 4318113.993, 133
Trd, 4318115.193, 134
Trd, 4318115.893, 97
Trd, 4318117.393, 99
Trd, 4318117.943, 75
Trd, 4318118.293, 97
Trd, 4318118.493, 98
Trd, 4318119.443, 91
Trd, 4318119.493, 100
Trd, 4318119.543, 87
Trd, 4318121.343, 101
Trd, 4318121.743, 85
Trd, 4318122.193, 89
Trd, 4318124.443, 97
Trd, 4318125.393, 139
Trd, 4318126.593, 124
Trd, 4318127.093, 104
Trd, 4318128.543, 113
Trd, 4318128.843, 92
Trd, 4318130.243, 128
Trd, 4318130.443, 112
Trd, 4318131.993, 86
Trd, 4318133.643, 89
Trd, 4318134.393, 89
Trd, 4318134.493, 87
Trd, 4318136.543, 75
Trd, 4318136.593, 88
Trd, 4318137.093, 109
Trd, 4318137.193, 83
Trd, 4318137.943, 106
Trd, 4318138.993, 81
Trd, 4318139.943, 70
Trd, 4318140.093, 93
Trd, 4318140.343, 73
Trd, 4318140.893, 117
Trd, 4318142.343, 122
Trd, 4318142.793, 116
Trd, 4318143.243, 83
Trd, 4318144.743, 113
Trd, 4318144.893, 84
Trd, 4318145.043, 136
Trd, 4318146.143, 91
Trd, 4318146.393, 72
Trd, 4318147.643, 126
Trd, 4318147.943, 91
Trd, 4318149.193, 91
Trd, 4318150.693, 122
Trd, 4318150.943, 100
Trd, 4318153.043, 128
Trd, 4318153.793, 131
Trd, 4318154.643, 96
Trd, 4318155.093, 92
Trd, 4318155.493, 115
Trd, 4318157.243, 116
Trd, 4318157.493, 123
Trd, 4318158.143, 129
Trd, 4318158.993, 94
Trd, 4318159.293, 90
Trd, 4318160.093, 99
Trd, 4318160.243, 100
Trd, 4318161.843, 109
Trd, 4318162.193, 103
Trd, 4318162.443, 83
Trd, 4318163.143, 81
Trd, 4318164.993, 125
Trd, 4318165.843, 114
Trd, 4318166.293, 123
Trd, 4318166.793, 98
Trd, 4318167.543, 97
Trd, 4318167.993, 99
Trd, 4318168.493, 116
Trd, 4318169.043, 105
Trd, 4318170.693, 123
Trd, 4318171.043, 116
Trd, 4318171.293, 127
Trd, 4318171.743, 128
Trd, 4318174.393, 111
Trd, 4318174.643, 101
Trd, 4318174.693, 96
Trd, 4318176.143, 125
Trd, 4318176.643, 105
Trd, 4318177.143, 93
Trd, 4318177.243, 86
Trd, 4318179.943, 109
Trd, 4318180.093, 118
Trd, 4318181.393, 128
Trd, 4318182.043, 98
Trd, 4318183.293, 140
Trd, 4318184.093, 128
Trd, 4318184.593, 126
Trd, 4318185.693, 117
Trd, 4318185.943, 114
Trd, 4318186.443, 110
Trd, 4318186.743, 84
Trd, 4318188.693, 95
Trd, 4318189.243, 103
Trd, 4318189.593, 130
Trd, 4318191.843, 111
Trd, 4318193.493, 104
Trd, 4318193.743, 85
Trd, 4318193.893, 92
Trd, 4318193.943, 105
Trd, 4318193.993, 78
Trd, 4318194.693, 133
Trd, 4318195.343, 116
Trd, 4318196.693, 83
Trd, 4318196.843, 95
Trd, 4318198.043, 78
Trd, 4318198.293, 89
Trd, 4318198.643, 73
Trd, 4318198.843, 102
Trd, 4318200.493, 92
Trd, 4318201.093, 92
Trd, 4318201.793, 108
Trd, 4318205.043, 102
Trd, 4318205.243, 124
Trd, 4318207.393, 120
Trd, 4318207.493, 120
Trd, 4318208.543, 124
Trd, 4318208.593, 106
Trd, 4318209.343, 100
Trd, 4318209.793, 95
Trd, 4318209.943, 89
Trd, 4318210.893, 100
Trd, 4318210.993, 140
Trd, 4318212.943, 121
Trd, 4318212.993, 121
Trd, 4318213.093, 112
Trd, 4318213.343, 82
Trd, 4318213.593, 82
Trd, 4318215.043, 106
Trd, 4318216.893, 125
Trd, 4318216.993, 121
Trd, 4318219.693, 117
Trd, 4318220.443, 104
Trd, 4318221.043, 114
Trd, 4318221.343, 105
Trd, 4318221.743, 132
Trd, 4318223.343, 132
Trd, 4318226.543, 139
Trd, 4318226.793, 121
Trd, 4318226.993, 119
Trd, 4318227.393, 100
Trd, 4318228.143, 112
Trd, 4318230.193, 95
Trd, 4318230.943, 135
Trd, 4318231.593, 125
Trd, 4318231.893, 104
Trd, 4318231.993, 90
Trd, 4318232.343, 139
Trd, 4318234.643, 120
Trd, 4318234.943, 113
Trd, 4318235.293, 111
Trd, 4318235.443, 95
Trd, 4318236.593, 86
Trd, 4318238.293, 85
Trd, 4318238.843, 109
Trd, 4318239.143, 92
Trd, 4318239.443, 85
Trd, 4318240.093, 104
Trd, 4318240.693, 112
Trd, 4318240.843, 82
Trd, 4318241.343, 129
Trd, 4318241.793, 117
Trd, 4318244.493, 101
Trd, 4318245.243, 137
Trd, 4318247.243, 122
Trd, 4318247.393, 97
Trd, 4318248.143, 140
Trd, 4318248.243, 88
Trd, 4318248.443, 69
Trd, 4318249.493, 119
Trd, 4318251.293, 110
Trd, 4318252.343, 122
Trd, 4318253.143, 125
Trd, 4318254.493, 101
Trd, 4318255.143, 106
Trd, 4318256.093, 136
Trd, 4318256.743, 98
Trd, 4318257.243, 93
Trd, 4318259.593, 112
Trd, 4318260.093, 92
Trd, 4318260.343, 100
Trd, 4318261.293, 127
Trd, 4318261.693, 118
Trd, 4318262.893, 112
Trd, 4318263.093, 102
Trd, 4318263.843, 135
Trd, 4318264.443, 133
Trd, 4318266.843, 134
Trd, 4318267.443, 136
Trd, 4318267.593, 131
Trd, 4318268.143, 119
Trd, 4318268.543, 137
Trd, 4318269.393, 104
Trd, 4318269.943, 126
Trd, 4318270.843, 82
Trd, 4318271.643, 92
Trd, 4318271.993, 83
Trd, 4318274.293, 136
Trd, 4318275.193, 135
Trd, 4318275.593, 136
Trd, 4318276.643, 133
Trd, 4318277.143, 138
Trd, 4318277.193, 130
Trd, 4318277.643, 109
Trd, 4318278.093, 94
Trd, 4318279.193, 128
Trd, 4318279.443, 113
Trd, 4318280.993, 126
Trd, 4318283.493, 90
Trd, 4318283.693, 112
Trd, 4318285.143, 96
Trd, 4318285.243, 93
Trd, 4318285.893, 82
Trd, 4318286.743, 110
Trd, 4318287.593, 99
Trd, 4318288.093, 95
Trd, 4318289.093, 131
Trd, 4318289.793, 104
Trd, 4318291.043, 105
Trd, 4318291.543, 115
Trd, 4318292.243, 121
Trd, 4318293.693, 121
Trd, 4318293.943, 109
Trd, 4318294.093, 91
Trd, 4318294.293, 122
Trd, 4318295.543, 94
Trd, 4318297.693, 123
Trd, 4318299.243, 111
Trd, 4318299.493, 108
Trd, 4318300.143, 136
Trd, 4318300.893, 107
Trd, 4318301.643, 137
Trd, 4318301.993, 103
Trd, 4318302.693, 127
Trd, 4318303.593, 135
Trd, 4318303.693, 124
Trd, 4318304.293, 121
Trd, 4318304.993, 122
Trd, 4318306.043, 132
Trd, 4318308.343, 139
Trd, 4318308.993, 121
Trd, 4318310.343, 110
Trd, 4318311.493, 99
Trd, 4318312.493, 106
Trd, 4318313.543, 123
Trd, 4318313.743, 112
Trd, 4318313.993, 136
Trd, 4318314.143, 84
Trd, 4318315.643, 137
Trd, 4318316.193, 128
Trd, 4318317.443, 101
Trd, 4318317.643, 101
Trd, 4318318.193, 135
Trd, 4318319.193, 128
Trd, 4318319.493, 94
Trd, 4318321.293, 120
Trd, 4318322.093, 110
Trd, 4318323.343, 110
Trd, 4318324.093, 101
Trd, 4318325.543, 118
Trd, 4318326.343, 105
Trd, 4318326.493, 116
Trd, 4318327.443, 126
Trd, 4318329.843, 133
Trd, 4318330.093, 112
Trd, 4318330.693, 135
Trd, 4318331.743, 96
Trd, 4318334.193, 110
Trd, 4318335.893, 132
Trd, 4318336.743, 100
Trd, 4318337.043, 124
Trd, 4318337.443, 99
Trd, 4318337.993, 106
Trd, 4318338.043, 97
Trd, 4318338.293, 94
Trd, 4318338.843, 117
Trd, 4318338.943, 115
Trd, 4318342.143, 128
Trd, 4318342.243, 113
Trd, 4318343.593, 110
Trd, 4318344.043, 115
Trd, 4318344.743, 103
Trd, 4318345.043, 107
Trd, 4318345.093, 102
Trd, 4318347.343, 129
Trd, 4318347.393, 108
Trd, 4318347.743, 135
Trd, 4318347.943, 116
Trd, 4318348.793, 125
Trd, 4318349.743, 105
Trd, 4318349.893, 122
Trd, 4318351.043, 70
Trd, 4318351.943, 134
Trd, 4318352.993, 106
Trd, 4318355.193, 135
Trd, 4318355.343, 109
Trd, 4318355.693, 96
Trd, 4318356.393, 114
Trd, 4318356.593, 84
Trd, 4318357.693, 114
Trd, 4318358.343, 139
Trd, 4318358.643, 117
Trd, 4318360.343, 93
Trd, 4318360.593, 77
Trd, 4318361.843, 112
Trd, 4318362.143, 104
Trd, 4318363.043, 120
Trd, 4318363.143, 75
Trd, 4318363.243, 70
Trd, 4318364.193, 132
Trd, 4318365.343, 112
Trd, 4318365.593, 92
Trd, 4318366.893, 84
Trd, 4318367.493, 71
Trd, 4318370.693, 115
Trd, 4318371.793, 113
Trd, 4318371.893, 109
Trd, 4318372.443, 119
Trd, 4318372.893, 107
Trd, 4318374.843, 136
Trd, 4318375.243, 122
Trd, 4318375.693, 107
Trd, 4318375.843, 101
Trd, 4318376.493, 135
Trd, 4318377.093, 86
Trd, 4318377.393, 115
Trd, 4318377.893, 95
Trd, 4318378.493, 97
Trd, 4318379.193, 74
Trd, 4318380.243, 90
Trd, 4318380.643, 81
Trd, 4318382.393, 130
Trd, 4318383.993, 108
Trd, 4318385.043, 126
Trd, 4318385.343, 94
Trd, 4318386.193, 77
Trd, 4318386.543, 112
Trd, 4318387.643, 67
Trd, 4318388.393, 123
Trd, 4318389.493, 122
Trd, 4318390.443, 133
Trd, 4318390.543, 137
Trd, 4318393.843, 99
Trd, 4318396.093, 126
Trd, 4318396.643, 126
Trd, 4318396.993, 135
Trd, 4318397.643, 137
Trd, 4318398.293, 123
Trd, 4318398.493, 126
Trd, 4318399.243, 100
Trd, 4318399.943, 85
Trd, 4318400.443, 89
Trd, 4318402.243, 84
Trd, 4318402.793, 90
Trd, 4318403.243, 103
Trd, 4318403.493, 109
Trd, 4318404.593, 116
Trd, 4318406.643, 113
Trd, 4318406.693, 81
Trd, 4318407.343, 98
Trd, 4318407.843, 122
Trd, 4318408.893, 107
Trd, 4318409.143, 119
Trd, 4318411.493, 117
Trd, 4318411.893, 87
Trd, 4318412.993, 130
Trd, 4318413.493, 123
Trd, 4318414.543, 111
Trd, 4318414.593, 110
Trd, 4318415.293, 137
Trd, 4318416.743, 133
Trd, 4318416.943, 116
Trd, 4318417.293, 129
Trd, 4318419.193, 131
Trd, 4318419.843, 122
Trd, 4318420.943, 138
Trd, 4318421.993, 132
Trd, 4318422.593, 121
Trd, 4318423.843, 136
Trd, 4318424.243, 121
Trd, 4318424.343, 102
Trd, 4318425.193, 101
Trd, 4318425.443, 112
Trd, 4318426.793, 112
Trd, 4318427.243, 111
Trd, 4318427.393, 101
Trd, 4318427.493, 115
Trd, 4318428.893, 131
Trd, 4318429.243, 113
Trd, 4318430.193, 106
Trd, 4318430.293, 105
Trd, 4318431.893, 119
Trd, 4318432.643, 100
Trd, 4318432.793, 114
Trd, 4318433.493, 125
Trd, 4318434.593, 84
Trd, 4318435.393, 105
Trd, 4318435.843, 107
Trd, 4318436.493, 127
Trd, 4318436.793, 108
Trd, 4318437.993, 110
Trd, 4318438.143, 106
Trd, 4318439.843, 106
Trd, 4318440.043, 129
Trd, 4318441.593, 138
Trd, 4318442.093, 135
Trd, 4318443.243, 126
Trd, 4318444.143, 111
Trd, 4318445.293, 127
Trd, 4318446.993, 113
Trd, 4318447.293, 95
Trd, 4318447.493, 114
Trd, 4318448.293, 112
Trd, 4318451.743, 114
Trd, 4318452.393, 129
Trd, 4318452.743, 96
Trd, 4318453.193, 91
Trd, 4318453.393, 107
Trd, 4318453.443, 78
Trd, 4318453.993, 104
Trd, 4318454.043, 100
Trd, 4318455.193, 82
Trd, 4318460.093, 103
Trd, 4318460.243, 133
Trd, 4318460.493, 89
Trd, 4318460.943, 140
Trd, 4318461.943, 118
Trd, 4318462.043, 139
Trd, 4318462.493, 109
Trd, 4318462.993, 101
Trd, 4318463.393, 127
Trd, 4318464.793, 93
Trd, 4318465.793, 125
Trd, 4318465.993, 91
Trd, 4318466.393, 120
Trd, 4318467.293, 140
Trd, 4318467.743, 121
Trd, 4318468.993, 88
Trd, 4318470.043, 137
Trd, 4318471.043, 122
Trd, 4318471.693, 114
Trd, 4318472.193, 120
Trd, 4318473.893, 130
Trd, 4318474.193, 125
Trd, 4318475.043, 138
Trd, 4318475.593, 110
Trd, 4318476.193, 126
Trd, 4318476.843, 131
Trd, 4318478.293, 111
Trd, 4318478.893, 115
Trd, 4318479.493, 103
Trd, 4318480.043, 107
Trd, 4318480.743, 95
Trd, 4318481.293, 89
Trd, 4318481.893, 113
Trd, 4318483.043, 134
Trd, 4318484.193, 132
Trd, 4318484.893, 138
Trd, 4318485.693, 128
Trd, 4318485.893, 105
Trd, 4318486.843, 104
Trd, 4318487.493, 119
Trd, 4318488.193, 121
Trd, 4318488.493, 128
Trd, 4318489.693, 137
Trd, 4318492.293, 125
Trd, 4318492.343, 113
Trd, 4318492.543, 138
Trd, 4318493.593, 119
Trd, 4318495.743, 138
Trd, 4318495.843, 136
Trd, 4318497.543, 125
Trd, 4318499.343, 110
Trd, 4318499.643, 94
Trd, 4318499.743, 88
Trd, 4318500.093, 111
Trd, 4318500.793, 121
Trd, 4318501.593, 135
Trd, 4318503.393, 137
Trd, 4318504.343, 120
Trd, 4318506.243, 127
Trd, 4318506.643, 136
Trd, 4318507.793, 121
Trd, 4318508.093, 116
Trd, 4318508.143, 90
Trd, 4318508.743, 116
Trd, 4318508.793, 87
Trd, 4318509.193, 140
Trd, 4318509.343, 83
Trd, 4318510.293, 129
Trd, 4318511.693, 132
Trd, 4318511.843, 107
Trd, 4318513.843, 132
Trd, 4318514.593, 110
Trd, 4318514.693, 96
Trd, 4318515.193, 94
Trd, 4318516.143, 107
Trd, 4318517.543, 123
Trd, 4318517.843, 112
Trd, 4318518.643, 103
Trd, 4318519.043, 96
Trd, 4318519.093, 83
Trd, 4318521.693, 90
Trd, 4318522.343, 85
Trd, 4318522.543, 103
Trd, 4318524.093, 122
Trd, 4318524.343, 107
Trd, 4318525.693, 122
Trd, 4318527.143, 103
Trd, 4318528.843, 136
Trd, 4318529.393, 130
Trd, 4318530.593, 114
Trd, 4318530.743, 138
Trd, 4318531.393, 135
Trd, 4318532.143, 104
Trd, 4318532.293, 116
Trd, 4318534.343, 111
Trd, 4318534.743, 115
Trd, 4318536.243, 120
Trd, 4318536.943, 107
Trd, 4318537.243, 89
Trd, 4318537.393, 95
Trd, 4318538.693, 88
Trd, 4318539.893, 90
Trd, 4318539.993, 95
Trd, 4318542.343, 93
Trd, 4318542.993, 120
Trd, 4318543.543, 110
Trd, 4318545.343, 134
Trd, 4318545.993, 114
Trd, 4318546.043, 120
Trd, 4318547.793, 89
Trd, 4318548.043, 87
Trd, 4318548.493, 103
Trd, 4318548.693, 97
Trd, 4318549.843, 124
Trd, 4318550.943, 115
Trd, 4318551.143, 126
Trd, 4318551.393, 100
Trd, 4318551.743, 90
Trd, 4318553.493, 112
Trd, 4318554.043, 111
Trd, 4318554.493, 94
Trd, 4318554.793, 86
Trd, 4318556.693, 103
Trd, 4318557.193, 131
Trd, 4318557.393, 84
Trd, 4318559.093, 135
Trd, 4318559.143, 97
Trd, 4318559.693, 111
Trd, 4318560.193, 138
Trd, 4318561.943, 139
Trd, 4318562.543, 107
Trd, 4318563.643, 110
Trd, 4318566.493, 114
Trd, 4318566.643, 107
Trd, 4318566.893, 104
Trd, 4318567.343, 101
Trd, 4318567.543, 98
Trd, 4318567.843, 117
Trd, 4318568.093, 109
Trd, 4318568.793, 128
Trd, 4318569.843, 87
Trd, 4318570.293, 101
Trd, 4318570.743, 88
Trd, 4318571.343, 105
Trd, 4318572.493, 97
Trd, 4318572.743, 88
Trd, 4318573.043, 84
Trd, 4318574.093, 106
Trd, 4318574.793, 121
Trd, 4318574.893, 89
Trd, 4318575.193, 112
Trd, 4318576.193, 93
Trd, 4318576.643, 84
Trd, 4318576.993, 92
Trd, 4318577.843, 103
Trd, 4318580.943, 124
Trd, 4318581.843, 85
Trd, 4318582.443, 77
Trd, 4318582.593, 97
Trd, 4318582.943, 132
Trd, 4318583.543, 111
Trd, 4318583.693, 107
Trd, 4318584.193, 79
Trd, 4318585.643, 110
Trd, 4318586.243, 88
Trd, 4318587.943, 125
Trd, 4318589.843, 132
Trd, 4318590.893, 125
Trd, 4318591.743, 93
Trd, 4318594.543, 124
Trd, 4318595.043, 140
Trd, 4318595.743, 118
Trd, 4318595.943, 113
Trd, 4318596.893, 113
Trd, 4318597.293, 110
Trd, 4318597.843, 127
Trd, 4318598.243, 99
Trd, 4318599.493, 119
Trd, 4318600.243, 139
Trd, 4318601.993, 137
Trd, 4318602.093, 134
Trd, 4318602.743, 99
Trd, 4318602.843, 95
Trd, 4318604.843, 89
Trd, 4318605.443, 135
Trd, 4318605.843, 125
Trd, 4318606.093, 88
Trd, 4318608.693, 127
Trd, 4318608.843, 112
Trd, 4318610.193, 138
Trd, 4318610.643, 130
Trd, 4318611.543, 125
Trd, 4318611.693, 114
Trd, 4318612.893, 98
Trd, 4318613.943, 106
Trd, 4318614.993, 134
Trd, 4318616.643, 130
Trd, 4318616.843, 134
Trd, 4318617.093, 106
Trd, 4318617.643, 101
Trd, 4318620.543, 130
Trd, 4318621.243, 120
Trd, 4318621.843, 102
Trd, 4318623.343, 93
Trd, 4318624.393, 89
Trd, 4318624.743, 86
Trd, 4318624.993, 105
Trd, 4318626.143, 122
Trd, 4318626.793, 89
Trd, 4318626.993, 91
Trd, 4318628.093, 115
Trd, 4318628.143, 76
Trd, 4318629.543, 68
Trd, 4318630.093, 71
Trd, 4318632.393, 123
Trd, 4318633.943, 119
Trd, 4318634.593, 117
Trd, 4318634.893, 100
Trd, 4318635.193, 115
Trd, 4318635.293, 120
Trd, 4318635.493, 122
Trd, 4318635.943, 70
Trd, 4318637.443, 79
Trd, 4318638.893, 84
Trd, 4318639.143, 101
Trd, 4318639.793, 88
Trd, 4318640.193, 92
Trd, 4318640.593, 135
Trd, 4318641.693, 98
Trd, 4318641.943, 91
Trd, 4318643.493, 123
Trd, 4318644.793, 110
Trd, 4318645.393, 111
Trd, 4318646.043, 106
Trd, 4318647.993, 100
Trd, 4318648.043, 113
Trd, 4318648.493, 113
Trd, 4318648.543, 102
Trd, 4318649.943, 127
Trd, 4318651.243, 77
Trd, 4318652.043, 73
Trd, 4318652.293, 91
Trd, 4318653.293, 118
Trd, 4318653.543, 111
Trd, 4318654.243, 133
Trd, 4318655.043, 103
Trd, 4318655.493, 101
Trd, 4318656.293, 110
Trd, 4318656.743, 100
Trd, 4318657.643, 108
Trd, 4318657.743, 115
Trd, 4318659.143, 129
Trd, 4318659.543, 102
Trd, 4318659.643, 100
Trd, 4318659.993, 116
Trd, 4318660.393, 116
Trd, 4318662.843, 117
Trd, 4318662.993, 108
Trd, 4318664.043, 122
Trd, 4318664.343, 100
Trd, 4318664.793, 97
Trd, 4318665.393, 65
Trd, 4318665.993, 94
Trd, 4318666.793, 128
Trd, 4318667.343, 140
Trd, 4318667.593, 105
Trd, 4318667.843, 112
Trd, 4318670.543, 127
Trd, 4318671.593, 107
Trd, 4318671.943, 103
Trd, 4318673.443, 104
Trd, 4318673.593, 99
Trd, 4318673.743, 136
Trd, 4318674.743, 90
Trd, 4318678.143, 112
Trd, 4318678.293, 96
Trd, 4318679.843, 95
Trd, 4318680.543, 98
Trd, 4318681.443, 111
Trd, 4318681.793, 110
Trd, 4318682.493, 107
Trd, 4318684.143, 83
Trd, 4318686.093, 109
Trd, 4318687.393, 138
Trd, 4318687.643, 109
Trd, 4318688.043, 74
Trd, 4318690.643, 118
Trd, 4318691.393, 140
Trd, 4318691.793, 100
Trd, 4318692.743, 103
Trd, 4318693.093, 120
Trd, 4318693.143, 99
Trd, 4318694.143, 121
Trd, 4318694.193, 92
Trd, 4318695.143, 125
Trd, 4318695.393, 108
Trd, 4318695.793, 133
Trd, 4318696.043, 129
Trd, 4318696.893, 113
Trd, 4318698.193, 105
Trd, 4318699.443, 102
Trd, 4318699.693, 97
Trd, 4318700.293, 137
Trd, 4318700.393, 114
Trd, 4318700.493, 96
Trd, 4318703.293, 103
Trd, 4318703.593, 101
Trd, 4318704.243, 112
Trd, 4318705.243, 122
Trd, 4318705.643, 101
Trd, 4318706.093, 89
Trd, 4318707.893, 122
Trd, 4318708.093, 113
Trd, 4318708.243, 90
Trd, 4318711.193, 136
Trd, 4318712.293, 87
Trd, 4318712.543, 86
Trd, 4318713.493, 108
Trd, 4318715.143, 125
Trd, 4318715.443, 118
Trd, 4318715.493, 115
Trd, 4318717.443, 120
Trd, 4318717.843, 102
Trd, 4318720.143, 133
Trd, 4318720.543, 107
Trd, 4318721.643, 95
Trd, 4318721.843, 140
Trd, 4318724.243, 108
Trd, 4318724.943, 88
Trd, 4318725.843, 102
Trd, 4318727.443, 104
Trd, 4318728.643, 134
Trd, 4318728.693, 105
Trd, 4318729.143, 122
Trd, 4318731.643, 124
Trd, 4318732.343, 115
Trd, 4318732.843, 125
Trd, 4318733.243, 100
Trd, 4318733.743, 137
Trd, 4318733.893, 130
Trd, 4318735.593, 119
Trd, 4318738.743, 121
Trd, 4318739.193, 131
Trd, 4318739.393, 128
Trd, 4318739.643, 84
Trd, 4318739.993, 70
Trd, 4318740.343, 83
Trd, 4318740.893, 123
Trd, 4318741.343, 86
Trd, 4318741.693, 100
Trd, 4318742.893, 103
Trd, 4318745.493, 105
Trd, 4318745.843, 138
Trd, 4318746.743, 132
Trd, 4318748.243, 122
Trd, 4318748.393, 112
Trd, 4318749.193, 136
Trd, 4318750.393, 118
Trd, 4318750.443, 94
Trd, 4318750.943, 91
Trd, 4318753.293, 133
Trd, 4318754.093, 109
Trd, 4318754.493, 100
Trd, 4318754.793, 99
Trd, 4318756.293, 118
Trd, 4318757.743, 118
Trd, 4318758.143, 106
Trd, 4318759.843, 109
Trd, 4318759.993, 75
Trd, 4318760.443, 74
Trd, 4318760.793, 111
Trd, 4318762.493, 140
Trd, 4318762.843, 101
Trd, 4318763.393, 118
Trd, 4318764.543, 85
Trd, 4318766.143, 140
Trd, 4318766.743, 117
Trd, 4318767.143, 108
Trd, 4318768.393, 109
Trd, 4318768.493, 139
Trd, 4318770.893, 119
Trd, 4318770.993, 119
Trd, 4318772.543, 138
Trd, 4318772.593, 112
Trd, 4318774.793, 135
Trd, 4318775.443, 95
Trd, 4318776.193, 134
Trd, 4318776.293, 124
Trd, 4318776.693, 114
Trd, 4318777.993, 133
Trd, 4318778.993, 114
Trd, 4318779.843, 138
Trd, 4318780.593, 103
Trd, 4318780.993, 111
Trd, 4318783.093, 96
Trd, 4318783.143, 93
Trd, 4318783.193, 124
Trd, 4318783.493, 134
Trd, 4318783.693, 127
Trd, 4318783.793, 84
Trd, 4318784.493, 111
Trd, 4318785.293, 129
Trd, 4318786.693, 78
Trd, 4318787.143, 90
Trd, 4318787.693, 79
Trd, 4318788.093, 130
Trd, 4318788.143, 120
Trd, 4318789.343, 100
Trd, 4318790.993, 139
Trd, 4318791.143, 91
Trd, 4318792.893, 99
Trd, 4318792.993, 96
Trd, 4318793.193, 117
Trd, 4318793.293, 127
Trd, 4318795.043, 118
Trd, 4318796.693, 128
Trd, 4318796.793, 94
Trd, 4318797.693, 83
Trd, 4318799.543, 126
Trd, 4318800.243, 106
Trd, 4318800.443, 123
Trd, 4318800.593, 101
Trd, 4318801.443, 86
Trd, 4318801.693, 91
Trd, 4318802.143, 85
Trd, 4318802.793, 140
Trd, 4318804.843, 107
Trd, 4318806.493, 80
Trd, 4318807.893, 94
Trd, 4318808.093, 121
Trd, 4318808.943, 110
Trd, 4318809.193, 125
Trd, 4318809.643, 110
Trd, 4318810.293, 99
Trd, 4318810.843, 81
Trd, 4318811.143, 90
Trd, 4318811.943, 80
Trd, 4318812.193, 78
Trd, 4318812.693, 85
Trd, 4318812.993, 88
Trd, 4318814.293, 94
Trd, 4318815.143, 91
Trd, 4318816.293, 107
Trd, 4318816.893, 97
Trd, 4318817.693, 81
Trd, 4318818.093, 88
Trd, 4318819.293, 105
Trd, 4318819.743, 79
Trd, 4318820.443, 62
Trd, 4318821.943, 112
Trd, 4318822.043, 112
Trd, 4318822.093, 91
Trd, 4318823.793, 127
Trd, 4318824.043, 133
Trd, 4318825.793, 119
Trd, 4318826.443, 139
Trd, 4318827.193, 123
Trd, 4318827.443, 119
Trd, 4318828.693, 102
Trd, 4318828.893, 122
Trd, 4318831.043, 76
Trd, 4318831.243, 78
Trd, 4318831.493, 74
Trd, 4318832.843, 127
Trd, 4318833.693, 133
Trd, 4318834.243, 125
Trd, 4318835.043, 95
Trd, 4318835.093, 78
Trd, 4318835.243, 131
Trd, 4318835.993, 106
Trd, 4318837.993, 132
Trd, 4318838.343, 131
Trd, 4318838.843, 137
Trd, 4318839.943, 109
Trd, 4318840.443, 108
Trd, 4318840.893, 126
Trd, 4318841.893, 126
Trd, 4318843.343, 98
Trd, 4318844.043, 115
Trd, 4318844.443, 128
Trd, 4318845.093, 104
Trd, 4318845.693, 77
Trd, 4318845.943, 100
Trd, 4318846.193, 64
Trd, 4318846.443, 83
Trd, 4318848.743, 137
Trd, 4318850.243, 106
Trd, 4318850.793, 95
Trd, 4318851.693, 91
Trd, 4318852.743, 126
Trd, 4318853.143, 118
Trd, 4318853.793, 127
Trd, 4318853.843, 99
Trd, 4318854.693, 105
Trd, 4318856.593, 95
Trd, 4318856.793, 85
Trd, 4318856.943, 79
Trd, 4318857.443, 70
Trd, 4318859.693, 135
Trd, 4318859.743, 111
Trd, 4318859.793, 104
Trd, 4318860.693, 124
Trd, 4318861.393, 133
Trd, 4318862.243, 67
Trd, 4318864.193, 128
Trd, 4318864.293, 132
Trd, 4318866.143, 138
Trd, 4318866.893, 104
Trd, 4318866.993, 80
Trd, 4318867.193, 78
Trd, 4318867.443, 104
Trd, 4318868.843, 71
Trd, 4318870.393, 109
Trd, 4318870.693, 87
Trd, 4318871.193, 93
Trd, 4318871.943, 132
Trd, 4318872.143, 123
Trd, 4318873.093, 79
Trd, 4318874.993, 88
Trd, 4318875.493, 83
Trd, 4318875.643, 136
Trd, 4318876.143, 71
Trd, 4318877.143, 127
Trd, 4318878.193, 106
Trd, 4318878.693, 136
Trd, 4318879.343, 132
Trd, 4318880.343, 90
Trd, 4318880.943, 135
Trd, 4318881.243, 94
Trd, 4318881.593, 82
Trd, 4318883.943, 110
Trd, 4318884.743, 130
Trd, 4318885.743, 117
Trd, 4318885.843, 119
Trd, 4318885.893, 107
Trd, 4318886.393, 83
Trd, 4318886.943, 85
Trd, 4318887.793, 97
Trd, 4318888.643, 96
Trd, 4318888.943, 63
Trd, 4318889.593, 102
Trd, 4318890.093, 132
Trd, 4318891.543, 105
Trd, 4318892.893, 135
Trd, 4318892.943, 108
Trd, 4318895.443, 121
Trd, 4318895.643, 120
Trd, 4318895.693, 128
Trd, 4318897.343, 136
Trd, 4318897.493, 105
Trd, 4318898.393, 113
Trd, 4318899.043, 123
Trd, 4318900.043, 61
Trd, 4318900.193, 75
Trd, 4318900.593, 87
Trd, 4318901.593, 118
Trd, 4318902.543, 89
Trd, 4318903.393, 92
Trd, 4318903.493, 90
Trd, 4318904.043, 102
Trd, 4318905.093, 95
Trd, 4318905.393, 90
Trd, 4318905.743, 78
Trd, 4318906.943, 131
Trd, 4318907.543, 134
Trd, 4318908.193, 102
Trd, 4318909.143, 115
Trd, 4318909.993, 83
Trd, 4318910.293, 126
Trd, 4318911.443, 70
Trd, 4318912.193, 111
Trd, 4318914.443, 128
Trd, 4318914.793, 126
Trd, 4318915.693, 114
Trd, 4318916.093, 109
Trd, 4318916.943, 128
Trd, 4318919.793, 130
Trd, 4318920.293, 120
Trd, 4318920.593, 131
Trd, 4318921.643, 106
Trd, 4318923.743, 138
Trd, 4318923.893, 111
Trd, 4318925.843, 115
Trd, 4318925.943, 111
Trd, 4318926.593, 138
Trd, 4318926.643, 114
Trd, 4318927.093, 136
Trd, 4318928.243, 103
Trd, 4318928.793, 126
Trd, 4318930.593, 106
Trd, 4318931.443, 114
Trd, 4318932.443, 117
Trd, 4318934.743, 98
Trd, 4318935.093, 126
Trd, 4318935.593, 118
Trd, 4318935.743, 103
Trd, 4318935.993, 108
Trd, 4318937.143, 97
Trd, 4318938.293, 91
Trd, 4318939.293, 83
Trd, 4318941.093, 125
Trd, 4318942.993, 132
Trd, 4318943.243, 115
Trd, 4318943.293, 100
Trd, 4318943.343, 96
Trd, 4318945.393, 109
Trd, 4318946.293, 137
Trd, 4318946.743, 125
Trd, 4318947.493, 125
Trd, 4318947.943, 84
Trd, 4318949.493, 115
Trd, 4318950.943, 103
Trd, 4318952.243, 130
Trd, 4318952.643, 122
Trd, 4318953.193, 135
Trd, 4318953.643, 120
Trd, 4318953.893, 104
Trd, 4318954.493, 109
Trd, 4318954.893, 116
Trd, 4318955.343, 104
Trd, 4318955.793, 78
Trd, 4318957.043, 95
Trd, 4318959.193, 131
Trd, 4318959.243, 134
Trd, 4318960.243, 110
Trd, 4318961.743, 90
Trd, 4318962.043, 87
Trd, 4318962.343, 86
Trd, 4318965.243, 128
Trd, 4318965.343, 118
Trd, 4318965.693, 114
Trd, 4318966.593, 111
Trd, 4318967.243, 110
Trd, 4318968.093, 110
Trd, 4318968.643, 101
Trd, 4318970.843, 72
Trd, 4318972.693, 75
Trd, 4318973.293, 71
Trd, 4318973.393, 134
Trd, 4318974.243, 103
Trd, 4318974.793, 99
Trd, 4318975.243, 93
Trd, 4318977.543, 114
Trd, 4318978.143, 110
Trd, 4318978.493, 101
Trd, 4318979.693, 90
Trd, 4318979.943, 75
Trd, 4318980.543, 140
Trd, 4318980.843, 109
Trd, 4318982.143, 107
Trd, 4318983.143, 88
Trd, 4318983.693, 85
Trd, 4318984.093, 102
Trd, 4318984.443, 120
Trd, 4318985.193, 65
Trd, 4318985.443, 122
Trd, 4318985.993, 130
Trd, 4318986.643, 109
Trd, 4318988.493, 114
Trd, 4318988.643, 114
Trd, 4318989.493, 135
Trd, 4318989.693, 118
Trd, 4318989.743, 99
Trd, 4318990.043, 98
Trd, 4318994.193, 128
Trd, 4318995.643, 113
Trd, 4318996.143, 117
Trd, 4318996.693, 115
Trd, 4318996.893, 101
Trd, 4318996.993, 100
Trd, 4318997.043, 80
Trd, 4318997.693, 112
Trd, 4318998.693, 101
Trd, 4318999.043, 78
Trd, 4319000.393, 90
Trd, 4319001.143, 122
Trd, 4319003.393, 131
Trd, 4319004.043, 114
Trd, 4319004.343, 94
Trd, 4319004.843, 117
Trd, 4319005.143, 138
Trd, 4319005.193, 91
Trd, 4319005.793, 60
Trd, 4319007.193, 127
Trd, 4319007.643, 119
Trd, 4319008.493, 97
Trd, 4319008.643, 95
Trd, 4319009.443, 115
Trd, 4319009.793, 120
Trd, 4319011.843, 136
Trd, 4319012.343, 112
Trd, 4319012.793, 68
Trd, 4319013.943, 116
Trd, 4319014.243, 91
Trd, 4319015.593, 116
Trd, 4319015.793, 105
Trd, 4319016.443, 114
Trd, 4319017.693, 95
Trd, 4319018.943, 97
Trd, 4319019.093, 113
Trd, 4319019.143, 75
Trd, 4319019.843, 88
Trd, 4319020.193, 131
Trd, 4319021.393, 111
Trd, 4319022.043, 85
Trd, 4319022.993, 85
Trd, 4319024.643, 127
Trd, 4319024.843, 81
Trd, 4319025.093, 87
Trd, 4319026.193, 130
Trd, 4319026.643, 120
Trd, 4319028.643, 103
Trd, 4319028.943, 116
Trd, 4319029.243, 103
Trd, 4319029.843, 118
Trd, 4319032.243, 121
Trd, 4319033.393, 83
Trd, 4319034.093, 71
Trd, 4319034.443, 89
Trd, 4319036.693, 91
Trd, 4319037.143, 133
Trd, 4319037.493, 114
Trd, 4319038.543, 106
Trd, 4319039.043, 117
Trd, 4319040.593, 140
Trd, 4319041.793, 139
Trd, 4319042.943, 123
Trd, 4319043.143, 90
Trd, 4319043.943, 137
Trd, 4319044.043, 84
Trd, 4319046.893, 139
Trd, 4319047.443, 133
Trd, 4319047.543, 119
Trd, 4319047.743, 108
Trd, 4319049.543, 110
Trd, 4319051.793, 111
Trd, 4319053.293, 115
Trd, 4319054.043, 127
Trd, 4319054.493, 116
Trd, 4319054.993, 89
Trd, 4319055.143, 78
Trd, 4319057.293, 139
Trd, 4319057.993, 111
Trd, 4319058.443, 133
Trd, 4319059.093, 127
Trd, 4319059.643, 114
Trd, 4319060.343, 107
Trd, 4319060.993, 98
Trd, 4319061.943, 132
Trd, 4319064.143, 117
Trd, 4319064.593, 95
Trd, 4319065.143, 89
Trd, 4319065.943, 87
Trd, 4319066.343, 120
Trd, 4319066.593, 121
Trd, 4319066.943, 87
Trd, 4319067.393, 110
Trd, 4319067.743, 131
Trd, 4319069.493, 127
Trd, 4319069.693, 112
Trd, 4319070.743, 113
Trd, 4319071.193, 123
Trd, 4319072.043, 139
Trd, 4319072.793, 113
Trd, 4319074.593, 116
Trd, 4319074.743, 106
Trd, 4319077.643, 127
Trd, 4319078.593, 127
Trd, 4319079.243, 136
Trd, 4319079.993, 99
Trd, 4319080.393, 132
Trd, 4319080.443, 98
Trd, 4319082.093, 135
Trd, 4319083.043, 114
Trd, 4319083.093, 101
Trd, 4319083.443, 106
Trd, 4319084.493, 115
Trd, 4319085.343, 132
Trd, 4319085.743, 124
Trd, 4319088.393, 116
Trd, 4319089.093, 124
Trd, 4319089.693, 107
Trd, 4319090.743, 116
Trd, 4319090.793, 105
Trd, 4319091.193, 95
Trd, 4319092.493, 73
Trd, 4319092.843, 65
Trd, 4319093.293, 79
Trd, 4319094.493, 126
Trd, 4319095.343, 77
Trd, 4319096.743, 131
Trd, 4319097.793, 109
Trd, 4319098.243, 94
Trd, 4319098.993, 117
Trd, 4319100.343, 99
Trd, 4319100.893, 119
Trd, 4319101.043, 129
Trd, 4319101.143, 87
Trd, 4319103.443, 60
Trd, 4319104.543, 138
Trd, 4319104.593, 133
Trd, 4319104.843, 127
Trd, 4319105.543, 102
Trd, 4319106.193, 92
Trd, 4319107.593, 114
Trd, 4319107.643, 94
Trd, 4319107.793, 87
Trd, 4319108.943, 138
Trd, 4319109.243, 125
Trd, 4319109.493, 109
Trd, 4319110.893, 88
Trd, 4319111.143, 132
Trd, 4319111.493, 84
Trd, 4319111.943, 71
Trd, 4319113.293, 116
Trd, 4319113.993, 92
Trd, 4319116.543, 107
Trd, 4319116.743, 116
Trd, 4319117.343, 83
Trd, 4319117.693, 107
Trd, 4319118.893, 90
Trd, 4319119.543, 62
Trd, 4319120.293, 94
Trd, 4319121.343, 77
Trd, 4319123.243, 124
Trd, 4319123.443, 106
Trd, 4319124.043, 103
Trd, 4319124.093, 104
Trd, 4319124.693, 94
Trd, 4319125.043, 114
Trd, 4319126.043, 67
Trd, 4319127.693, 103
Trd, 4319128.843, 128
Trd, 4319130.393, 95
Trd, 4319130.643, 132
Trd, 4319131.343, 116
Trd, 4319132.043, 127
Trd, 4319132.593, 116
Trd, 4319132.993, 104
Trd, 4319133.743, 93
Trd, 4319133.843, 88
Trd, 4319134.693, 78
Trd, 4319136.143, 124
Trd, 4319138.243, 82
Trd, 4319139.093, 121
Trd, 4319139.593, 120
Trd, 4319139.843, 112
Trd, 4319139.893, 72
Trd, 4319141.243, 130
Trd, 4319142.193, 116
Trd, 4319142.443, 115
Trd, 4319142.893, 112
Trd, 4319145.143, 103
Trd, 4319145.493, 113
Trd, 4319146.193, 95
Trd, 4319146.693, 90
Trd, 4319148.343, 100
Trd, 4319148.393, 100
Trd, 4319149.943, 135
Trd, 4319150.093, 96
Trd, 4319150.693, 138
Trd, 4319152.693, 123
Trd, 4319152.793, 126
Trd, 4319152.843, 116
Trd, 4319154.443, 84
Trd, 4319154.543, 103
Trd, 4319155.443, 130
Trd, 4319156.393, 93
Trd, 4319157.243, 140
Trd, 4319157.993, 108
Trd, 4319158.143, 129
Trd, 4319158.693, 121
Trd, 4319159.593, 104
Trd, 4319159.993, 100
Trd, 4319161.043, 92
Trd, 4319161.443, 98
Trd, 4319161.643, 111
Trd, 4319164.493, 104
Trd, 4319165.643, 81
Trd, 4319166.093, 80
Trd, 4319166.893, 88
Trd, 4319167.043, 84
Trd, 4319167.593, 101
Trd, 4319167.743, 90
Trd, 4319168.643, 138
Trd, 4319169.093, 108
Trd, 4319170.843, 113
Trd, 4319172.043, 140
Trd, 4319172.393, 133
Trd, 4319173.193, 104
Trd, 4319173.493, 110
Trd, 4319174.793, 86
Trd, 4319175.093, 122
Trd, 4319175.793, 131
Trd, 4319175.993, 122
Trd, 4319176.943, 70
Trd, 4319177.543, 89
Trd, 4319178.043, 77
Trd, 4319178.943, 72
Trd, 4319179.493, 113
Trd, 4319180.643, 80
Trd, 4319182.293, 138
Trd, 4319183.943, 75
Trd, 4319184.793, 89
Trd, 4319185.743, 113
Trd, 4319185.943, 79
Trd, 4319187.343, 132
Trd, 4319188.793, 134
Trd, 4319189.293, 135
Trd, 4319189.543, 133
Trd, 4319190.243, 100
Trd, 4319192.643, 123
Trd, 4319192.893, 108
Trd, 4319194.093, 106
Trd, 4319194.993, 118
Trd, 4319195.443, 79
Trd, 4319195.743, 110
Trd, 4319196.893, 113
Trd, 4319196.993, 92
Trd, 4319198.393, 117
Trd, 4319200.193, 123
Trd, 4319201.743, 124
Trd, 4319203.143, 132
Trd, 4319203.693, 123
Trd, 4319203.793, 116
Trd, 4319206.293, 126
Trd, 4319207.093, 112
Trd, 4319208.393, 126
Trd, 4319208.693, 111
Trd, 4319209.193, 134
Trd, 4319210.693, 139
Trd, 4319211.043, 119
Trd, 4319212.343, 96
Trd, 4319212.643, 112
Trd, 4319213.393, 120
Trd, 4319213.793, 115
Trd, 4319214.793, 67
Trd, 4319215.443, 103
Trd, 4319215.693, 91
Trd, 4319216.243, 73
Trd, 4319218.893, 104
Trd, 4319219.643, 119
Trd, 4319221.093, 129
Trd, 4319221.343, 120
Trd, 4319221.443, 105
Trd, 4319221.943, 99
Trd, 4319223.593, 129
Trd, 4319224.293, 111
Trd, 4319225.343, 132
Trd, 4319226.043, 87
Trd, 4319227.393, 140
Trd, 4319227.493, 118
Trd, 4319227.593, 108
Trd, 4319228.843, 93
Trd, 4319229.043, 87
Trd, 4319230.543, 115
Trd, 4319230.943, 78
Trd, 4319232.193, 122
Trd, 4319232.593, 112
Trd, 4319233.343, 116
Trd, 4319233.543, 90
Trd, 4319233.743, 85
Trd, 4319233.843, 92
Trd, 4319234.243, 74
Trd, 4319234.543, 82
Trd, 4319237.443, 128
Trd, 4319237.693, 75
Trd, 4319237.943, 69
Trd, 4319239.093, 128
Trd, 4319240.393, 121
Trd, 4319241.393, 110
Trd, 4319243.143, 116
Trd, 4319243.643, 98
Trd, 4319243.793, 93
Trd, 4319245.093, 139
Trd, 4319245.743, 110
Trd, 4319247.143, 116
Trd, 4319247.343, 118
Trd, 4319248.543, 106
Trd, 4319248.643, 111
Trd, 4319248.893, 110
Trd, 4319249.293, 87
Trd, 4319250.593, 140
Trd, 4319250.893, 119
Trd, 4319251.393, 130
Trd, 4319252.243, 82
Trd, 4319252.793, 111
Trd, 4319253.193, 84
Trd, 4319254.193, 74
Trd, 4319256.693, 96
Trd, 4319256.793, 77
Trd, 4319257.593, 131
Trd, 4319258.243, 108
Trd, 4319259.993, 97
Trd, 4319261.493, 100
Trd, 4319261.593, 99
Trd, 4319262.293, 133
Trd, 4319262.443, 93
Trd, 4319262.543, 86
Trd, 4319264.093, 123
Trd, 4319264.893, 122
Trd, 4319266.493, 134
Trd, 4319267.743, 121
Trd, 4319268.243, 126
Trd, 4319268.343, 105
Trd, 4319270.593, 128
Trd, 4319270.843, 122
Trd, 4319271.643, 137
Trd, 4319271.793, 121
Trd, 4319271.893, 120
Trd, 4319272.343, 93
Trd, 4319273.393, 115
Trd, 4319273.843, 74
Trd, 4319274.343, 96
Trd, 4319276.093, 107
Trd, 4319276.243, 132
Trd, 4319277.943, 136
Trd, 4319278.493, 138
Trd, 4319279.443, 132
Trd, 4319280.543, 124
Trd, 4319282.643, 125
Trd, 4319283.043, 123
Trd, 4319283.543, 130
Trd, 4319284.143, 109
Trd, 4319285.293, 134
Trd, 4319288.193, 137
Trd, 4319288.793, 134
Trd, 4319288.943, 119
Trd, 4319289.843, 135
Trd, 4319290.443, 139
Trd, 4319291.393, 136
Trd, 4319291.493, 115
Trd, 4319292.993, 132
Trd, 4319293.243, 131
Trd, 4319294.693, 118
Trd, 4319294.843, 110
Trd, 4319295.293, 119
Trd, 4319295.393, 138
Trd, 4319295.943, 106
Trd, 4319298.043, 131
Trd, 4319298.893, 132
Trd, 4319301.143, 134
Trd, 4319301.293, 118
Trd, 4319301.343, 98
Trd, 4319301.643, 111
Trd, 4319302.043, 131
Trd, 4319303.193, 116
Trd, 4319304.693, 126
Trd, 4319305.043, 100
Trd, 4319305.743, 139
Trd, 4319307.243, 115
Trd, 4319307.393, 102
Trd, 4319307.743, 90
Trd, 4319307.793, 101
Trd, 4319308.893, 119
Trd, 4319309.243, 109
Trd, 4319310.393, 91
Trd, 4319311.293, 118
Trd, 4319312.093, 131
Trd, 4319312.243, 119
Trd, 4319312.643, 102
Trd, 4319313.343, 97
Trd, 4319313.593, 84
Trd, 4319316.143, 129
Trd, 4319316.743, 114
Trd, 4319317.293, 95
Trd, 4319317.493, 94
Trd, 4319318.343, 133
Trd, 4319318.943, 138
Trd, 4319319.143, 127
Trd, 4319320.043, 113
Trd, 4319320.793, 113
Trd, 4319321.043, 108
Trd, 4319322.393, 124
Trd, 4319323.143, 107
Trd, 4319324.743, 82
Trd, 4319325.343, 96
Trd, 4319326.293, 130
Trd, 4319327.293, 120
Trd, 4319327.993, 108
Trd, 4319328.743, 103
Trd, 4319329.143, 101
Trd, 4319329.643, 119
Trd, 4319331.543, 108
Trd, 4319331.843, 112
Trd, 4319332.443, 104
Trd, 4319332.593, 103
Trd, 4319333.743, 136
Trd, 4319335.143, 132
Trd, 4319335.843, 106
Trd, 4319338.693, 134
Trd, 4319338.943, 137
Trd, 4319339.043, 116
Trd, 4319339.993, 109
Trd, 4319340.343, 123
Trd, 4319341.293, 127
Trd, 4319341.643, 99
Trd, 4319342.843, 109
Trd, 4319343.493, 135
Trd, 4319343.993, 116
Trd, 4319344.993, 101
Trd, 4319346.943, 129
Trd, 4319347.393, 98
Trd, 4319347.443, 134
Trd, 4319349.193, 105
Trd, 4319349.593, 98
Trd, 4319349.693, 90
Trd, 4319350.543, 90
Trd, 4319351.293, 75
Trd, 4319351.543, 90
Trd, 4319352.993, 119
Trd, 4319354.093, 136
Trd, 4319355.243, 101
Trd, 4319355.693, 139
Trd, 4319357.443, 101
Trd, 4319357.793, 127
Trd, 4319357.893, 119
Trd, 4319358.643, 128
Trd, 4319359.443, 109
Trd, 4319360.493, 113
Trd, 4319361.743, 120
Trd, 4319361.893, 118
Trd, 4319362.043, 99
Trd, 4319362.643, 129
Trd, 4319363.143, 125
Trd, 4319364.443, 122
Trd, 4319366.293, 114
Trd, 4319367.243, 134
Trd, 4319367.293, 130
Trd, 4319367.443, 124
Trd, 4319367.743, 117
Trd, 4319368.293, 80
Trd, 4319369.693, 106
Trd, 4319370.243, 81
Trd, 4319373.043, 133
Trd, 4319373.143, 119
Trd, 4319373.843, 116
Trd, 4319375.443, 103
Trd, 4319375.543, 111
Trd, 4319375.643, 99
Trd, 4319375.943, 99
Trd, 4319376.293, 98
Trd, 4319376.593, 115
Trd, 4319380.043, 126
Trd, 4319381.843, 116
Trd, 4319382.143, 90
Trd, 4319383.893, 89
Trd, 4319384.293, 136
Trd, 4319385.043, 96
Trd, 4319386.743, 124
Trd, 4319387.293, 111
Trd, 4319388.093, 94
Trd, 4319388.593, 86
Trd, 4319389.943, 109
Trd, 4319391.093, 140
Trd, 4319392.193, 114
Trd, 4319393.543, 117
Trd, 4319393.593, 109
Trd, 4319394.543, 81
Trd, 4319396.293, 97
Trd, 4319397.143, 103
Trd, 4319397.443, 102
Trd, 4319397.943, 135
Trd, 4319398.443, 140
Trd, 4319398.643, 127
Trd, 4319399.493, 111
Trd, 4319401.743, 100
Trd, 4319402.393, 128
Trd, 4319404.543, 103
Trd, 4319404.643, 86
Trd, 4319404.993, 125
Trd, 4319405.093, 67
Trd, 4319405.343, 118
Trd, 4319405.993, 88
Trd, 4319406.193, 86
Trd, 4319406.343, 90
Trd, 4319407.293, 107
Trd, 4319407.343, 78
Trd, 4319409.943, 102
Trd, 4319410.393, 120
Trd, 4319410.793, 137
Trd, 4319410.943, 97
Trd, 4319413.493, 124
Trd, 4319414.543, 129
Trd, 4319415.243, 114
Trd, 4319416.393, 115
Trd, 4319416.643, 114
Trd, 4319416.943, 95
Trd, 4319417.443, 91
Trd, 4319419.193, 97
Trd, 4319419.793, 117
Trd, 4319420.443, 122
Trd, 4319421.093, 78
Trd, 4319422.293, 78
Trd, 4319422.743, 95
Trd, 4319423.743, 104
Trd, 4319424.343, 125
Trd, 4319424.893, 95
Trd, 4319425.393, 88
Trd, 4319425.543, 117
Trd, 4319425.743, 136
Trd, 4319426.193, 78
Trd, 4319428.743, 91
Trd, 4319429.093, 89
Trd, 4319430.043, 96
Trd, 4319431.143, 139
Trd, 4319432.643, 107
Trd, 4319433.743, 135
Trd, 4319434.443, 131
Trd, 4319434.993, 124
Trd, 4319435.293, 122
Trd, 4319435.343, 120
Trd, 4319435.493, 109
Trd, 4319436.193, 104
Trd, 4319436.843, 103
Trd, 4319437.193, 124
Trd, 4319438.443, 133
Trd, 4319438.693, 115
Trd, 4319438.943, 121
Trd, 4319439.143, 86
Trd, 4319441.943, 135
Trd, 4319442.243, 109
Trd, 4319442.343, 108
Trd, 4319443.493, 139
Trd, 4319444.443, 129
Trd, 4319444.543, 121
Trd, 4319446.993, 109
Trd, 4319447.443, 140
Trd, 4319447.493, 115
Trd, 4319448.043, 98
Trd, 4319448.293, 90
Trd, 4319448.643, 89
Trd, 4319449.993, 124
Trd, 4319450.893, 112
Trd, 4319452.093, 124
Trd, 4319452.943, 95
Trd, 4319453.543, 80
Trd, 4319454.393, 110
Trd, 4319455.193, 105
Trd, 4319455.343, 77
Trd, 4319455.793, 85
Trd, 4319456.193, 106
Trd, 4319458.043, 67
Trd, 4319458.793, 87
Trd, 4319459.343, 139
Trd, 4319459.543, 138
Trd, 4319460.393, 120
Trd, 4319460.493, 83
Trd, 4319460.793, 129
Trd, 4319463.043, 95
Trd, 4319463.593, 139
Trd, 4319464.143, 135
Trd, 4319465.043, 79
Trd, 4319465.643, 139
Trd, 4319466.243, 117
Trd, 4319467.093, 127
Trd, 4319467.743, 102
Trd, 4319468.493, 96
Trd, 4319470.293, 119
Trd, 4319471.843, 111
Trd, 4319472.343, 136
Trd, 4319474.343, 140
Trd, 4319474.693, 133
Trd, 4319475.343, 135
Trd, 4319475.643, 117
Trd, 4319477.043, 139
Trd, 4319477.893, 131
Trd, 4319478.043, 129
Trd, 4319478.693, 90
Trd, 4319479.593, 124
Trd, 4319480.293, 134
Trd, 4319481.093, 135
Trd, 4319484.943, 134
Trd, 4319485.143, 117
Trd, 4319485.293, 103
Trd, 4319485.443, 97
Trd, 4319486.343, 131
Trd, 4319486.493, 107
Trd, 4319486.743, 103
Trd, 4319487.143, 79
Trd, 4319488.143, 123
Trd, 4319488.643, 91
Trd, 4319489.843, 137
Trd, 4319490.243, 114
Trd, 4319490.593, 130
Trd, 4319491.343, 134
Trd, 4319492.593, 137
Trd, 4319494.793, 121
Trd, 4319496.043, 131
Trd, 4319496.793, 125
Trd, 4319497.143, 92
Trd, 4319498.193, 131
Trd, 4319499.093, 125
Trd, 4319500.493, 107
Trd, 4319500.643, 79
Trd, 4319501.243, 115
Trd, 4319502.343, 138
Trd, 4319503.043, 102
Trd, 4319505.293, 109
Trd, 4319505.943, 98
Trd, 4319506.243, 111
Trd, 4319506.293, 127
Trd, 4319507.093, 107
Trd, 4319507.493, 110
Trd, 4319508.493, 137
Trd, 4319509.843, 114
Trd, 4319509.993, 96
Trd, 4319510.643, 127
Trd, 4319511.043, 129
Trd, 4319512.743, 91
Trd, 4319513.793, 130
Trd, 4319513.843, 123
Trd, 4319514.793, 129
Trd, 4319515.993, 103
Trd, 4319518.493, 82
Trd, 4319519.293, 127
Trd, 4319520.443, 133
Trd, 4319520.593, 122
Trd, 4319520.693, 98
Trd, 4319520.793, 126
Trd, 4319521.093, 96
Trd, 4319521.593, 79
Trd, 4319523.293, 108
Trd, 4319523.393, 109
Trd, 4319523.843, 115
Trd, 4319524.993, 133
Trd, 4319525.643, 115
Trd, 4319525.793, 90
Trd, 4319527.343, 84
Trd, 4319528.193, 134
Trd, 4319528.793, 78
Trd, 4319530.993, 116
Trd, 4319531.643, 111
Trd, 4319532.293, 114
Trd, 4319534.943, 110
Trd, 4319535.243, 86
Trd, 4319535.643, 94
Trd, 4319536.043, 113
Trd, 4319536.843, 96
Trd, 4319536.943, 121
Trd, 4319537.993, 99
Trd, 4319539.393, 113
Trd, 4319540.143, 78
Trd, 4319541.343, 114
Trd, 4319541.493, 126
Trd, 4319542.943, 129
Trd, 4319543.743, 109
Trd, 4319545.543, 134
Trd, 4319545.743, 140
Trd, 4319545.943, 106
Trd, 4319546.993, 138
Trd, 4319547.143, 127
Trd, 4319548.243, 124
Trd, 4319548.443, 114
Trd, 4319548.843, 96
Trd, 4319549.193, 101
Trd, 4319550.593, 138
Trd, 4319550.893, 105
Trd, 4319552.393, 91
Trd, 4319554.893, 137
Trd, 4319555.143, 123
Trd, 4319556.043, 120
Trd, 4319556.643, 118
Trd, 4319557.343, 102
Trd, 4319557.693, 99
Trd, 4319558.043, 109
Trd, 4319558.693, 96
Trd, 4319559.193, 94
Trd, 4319559.893, 121
Trd, 4319561.043, 127
Trd, 4319561.443, 129
Trd, 4319562.093, 137
Trd, 4319562.543, 93
Trd, 4319564.493, 110
Trd, 4319565.043, 122
Trd, 4319565.093, 107
Trd, 4319566.343, 115
Trd, 4319566.493, 109
Trd, 4319567.593, 139
Trd, 4319567.793, 120
Trd, 4319568.043, 132
Trd, 4319569.093, 132
Trd, 4319571.293, 123
Trd, 4319571.943, 122
Trd, 4319572.593, 120
Trd, 4319573.093, 73
Trd, 4319573.143, 82
Trd, 4319574.543, 98
Trd, 4319575.793, 110
Trd, 4319576.193, 139
Trd, 4319576.593, 125
Trd, 4319578.593, 139
Trd, 4319579.793, 125
Trd, 4319580.093, 139
Trd, 4319580.193, 122
Trd, 4319581.143, 112
Trd, 4319581.643, 118
Trd, 4319581.943, 110
Trd, 4319582.393, 89
Trd, 4319582.693, 84
Trd, 4319583.493, 100
Trd, 4319584.743, 80
Trd, 4319585.343, 102
Trd, 4319586.343, 122
Trd, 4319586.943, 124
Trd, 4319587.743, 124
Trd, 4319588.043, 113
Trd, 4319588.693, 131
Trd, 4319590.293, 109
Trd, 4319590.593, 134
Trd, 4319590.693, 87
Trd, 4319591.993, 84
Trd, 4319592.943, 87
Trd, 4319593.893, 115
Trd, 4319594.793, 127
Trd, 4319596.343, 113
Trd, 4319596.893, 91
Trd, 4319597.043, 100
Trd, 4319597.293, 130
Trd, 4319597.743, 119
Trd, 4319598.793, 133
Trd, 4319599.543, 104
Trd, 4319600.243, 131
Trd, 4319600.643, 93
Trd, 4319600.993, 85
Trd, 4319601.993, 131
Trd, 4319602.093, 80
Trd, 4319602.493, 69
Trd, 4319603.843, 103
Trd, 4319604.093, 74
Trd, 4319607.193, 112
Trd, 4319607.343, 139
Trd, 4319607.643, 107
Trd, 4319607.843, 90
Trd, 4319608.243, 112
Trd, 4319609.093, 127
Trd, 4319609.143, 98
Trd, 4319609.343, 116
Trd, 4319611.343, 117
Trd, 4319611.743, 115
Trd, 4319611.993, 83
Trd, 4319612.143, 104
Trd, 4319613.243, 103
Trd, 4319614.293, 74
Trd, 4319614.993, 111
Trd, 4319615.943, 89
Trd, 4319616.693, 136
Trd, 4319617.393, 132
Trd, 4319617.893, 123
Trd, 4319620.593, 122
Trd, 4319620.693, 110
Trd, 4319620.943, 99
Trd, 4319621.093, 97
Trd, 4319621.893, 120
Trd, 4319622.293, 116
Trd, 4319622.543, 98
Trd, 4319623.893, 111
Trd, 4319625.143, 115
Trd, 4319625.543, 136
Trd, 4319625.643, 107
Trd, 4319627.443, 135
Trd, 4319628.043, 134
Trd, 4319629.343, 138
Trd, 4319629.443, 127
Trd, 4319630.043, 106
Trd, 4319631.493, 111
Trd, 4319631.893, 112
Trd, 4319633.493, 130
Trd, 4319634.143, 95
Trd, 4319634.193, 81
Trd, 4319634.393, 102
Trd, 4319635.693, 96
Trd, 4319635.893, 106
Trd, 4319636.343, 96
Trd, 4319637.743, 110
Trd, 4319639.043, 98
Trd, 4319639.443, 107
Trd, 4319639.493, 79
Trd, 4319640.143, 90
Trd, 4319640.793, 79
Trd, 4319641.943, 132
Trd, 4319642.143, 120
Trd, 4319643.743, 139
Trd, 4319644.893, 139
Trd, 4319644.943, 118
Trd, 4319645.543, 102
Trd, 4319645.743, 105
Trd, 4319647.143, 101
Trd, 4319647.693, 125
Trd, 4319648.493, 132
Trd, 4319648.893, 117
Trd, 4319650.643, 134
Trd, 4319651.043, 134
Trd, 4319652.093, 110
Trd, 4319653.143, 110
Trd, 4319654.943, 130
Trd, 4319655.293, 114
Trd, 4319655.693, 112
Trd, 4319656.593, 97
Trd, 4319657.393, 108
Trd, 4319657.643, 118
Trd, 4319657.793, 74
Trd, 4319657.843, 70
Trd, 4319659.593, 121
Trd, 4319660.943, 111
Trd, 4319661.093, 83
Trd, 4319661.293, 131
Trd, 4319661.793, 126
Trd, 4319662.093, 76
Trd, 4319663.343, 79
Trd, 4319663.543, 135
Trd, 4319663.693, 67
Trd, 4319664.393, 64
Trd, 4319666.243, 106
Trd, 4319667.543, 102
Trd, 4319667.993, 95
Trd, 4319668.143, 95
Trd, 4319668.793, 87
Trd, 4319669.193, 120
Trd, 4319669.793, 68
Trd, 4319669.993, 75
Trd, 4319670.643, 129
Trd, 4319670.693, 95
Trd, 4319672.393, 135
Trd, 4319673.393, 100
Trd, 4319675.643, 133
Trd, 4319676.393, 121
Trd, 4319677.643, 121
Trd, 4319677.743, 118
Trd, 4319678.343, 102
Trd, 4319679.043, 82
Trd, 4319681.643, 118
Trd, 4319682.293, 119
Trd, 4319683.243, 132
Trd, 4319683.743, 127
Trd, 4319685.093, 120
Trd, 4319685.193, 116
Trd, 4319685.293, 116
Trd, 4319685.493, 111
Trd, 4319686.193, 127
Trd, 4319688.193, 116
Trd, 4319688.293, 75
Trd, 4319689.293, 97
Trd, 4319689.693, 133
Trd, 4319690.093, 97
Trd, 4319690.893, 99
Trd, 4319691.043, 128
Trd, 4319692.593, 114
Trd, 4319693.943, 86
Trd, 4319694.093, 91
Trd, 4319695.343, 82
Trd, 4319696.143, 129
Trd, 4319696.993, 98
Trd, 4319698.643, 124
Trd, 4319699.993, 114
Trd, 4319700.493, 110
Trd, 4319701.043, 108
Trd, 4319701.143, 120
Trd, 4319701.443, 96
Trd, 4319702.193, 106
Trd, 4319703.393, 78
Trd, 4319703.593, 87
Trd, 4319703.843, 103
Trd, 4319704.793, 96
Trd, 4319705.843, 71
Trd, 4319706.543, 66
Trd, 4319706.693, 62
Trd, 4319709.393, 119
Trd, 4319710.043, 117
Trd, 4319710.593, 125
Trd, 4319711.293, 100
Trd, 4319711.443, 120
Trd, 4319713.193, 131
Trd, 4319714.893, 131
Trd, 4319715.143, 101
Trd, 4319715.893, 102
Trd, 4319717.093, 97
Trd, 4319717.593, 139
Trd, 4319717.993, 113
Trd, 4319718.343, 115
Trd, 4319718.793, 134
Trd, 4319720.293, 122
Trd, 4319721.443, 140
Trd, 4319722.193, 130
Trd, 4319725.093, 115
Trd, 4319725.143, 109
Trd, 4319725.493, 99
Trd, 4319726.793, 114
Trd, 4319727.193, 122
Trd, 4319727.393, 126
Trd, 4319727.693, 112
Trd, 4319729.643, 113
Trd, 4319731.293, 140
Trd, 4319733.243, 108
Trd, 4319734.143, 131
Trd, 4319735.493, 120
Trd, 4319735.943, 121
Trd, 4319736.243, 115
Trd, 4319736.393, 101
Trd, 4319737.043, 101
Trd, 4319738.743, 135
Trd, 4319740.293, 108
Trd, 4319740.393, 97
Trd, 4319742.093, 135
Trd, 4319742.593, 109
Trd, 4319742.643, 98
Trd, 4319744.293, 123
Trd, 4319745.143, 105
Trd, 4319745.193, 99
Trd, 4319745.993, 101
Trd, 4319747.343, 101
Trd, 4319747.893, 99
Trd, 4319748.243, 132
Trd, 4319749.443, 138
Trd, 4319749.843, 132
Trd, 4319750.593, 105
Trd, 4319751.443, 110
Trd, 4319751.893, 103
Trd, 4319752.843, 122
Trd, 4319754.343, 126
Trd, 4319754.993, 114
Trd, 4319755.493, 114
Trd, 4319756.343, 107
Trd, 4319756.443, 84
Trd, 4319757.393, 113
Trd, 4319757.693, 99
Trd, 4319758.443, 103
Trd, 4319759.093, 80
Trd, 4319760.893, 137
Trd, 4319760.993, 132
Trd, 4319761.243, 115
Trd, 4319762.443, 125
Trd, 4319763.643, 106
Trd, 4319763.943, 110
Trd, 4319764.393, 106
Trd, 4319764.593, 100
Trd, 4319765.643, 119
Trd, 4319768.493, 139
Trd, 4319769.443, 113
Trd, 4319770.293, 132
Trd, 4319770.443, 116
Trd, 4319770.593, 85
Trd, 4319771.343, 117
Trd, 4319772.543, 80
Trd, 4319773.793, 87
Trd, 4319774.043, 117
Trd, 4319775.643, 122
Trd, 4319776.043, 93
Trd, 4319776.593, 84
Trd, 4319777.193, 120
Trd, 4319777.793, 138
Trd, 4319778.343, 125
Trd, 4319779.993, 121
Trd, 4319780.843, 111
Trd, 4319782.043, 111
Trd, 4319782.243, 115
Trd, 4319782.443, 89
Trd, 4319782.843, 99
Trd, 4319783.943, 94
Trd, 4319784.543, 119
Trd, 4319786.593, 133
Trd, 4319786.643, 120
Trd, 4319787.243, 111
Trd, 4319788.093, 117
Trd, 4319788.243, 111
Trd, 4319788.443, 125
Trd, 4319789.093, 88
Trd, 4319789.643, 86
Trd, 4319791.993, 133
Trd, 4319792.143, 97
Trd, 4319793.143, 126
Trd, 4319794.143, 139
Trd, 4319796.443, 120
Trd, 4319796.543, 122
Trd, 4319796.993, 95
Trd, 4319797.243, 123
Trd, 4319798.543, 130
Trd, 4319800.343, 114
Trd, 4319800.393, 112
Trd, 4319800.443, 90
Trd, 4319801.643, 76
Trd, 4319802.743, 132
Trd, 4319803.693, 122
Trd, 4319804.243, 137
Trd, 4319804.643, 132
Trd, 4319805.243, 84
Trd, 4319805.343, 114
Trd, 4319805.393, 68
Trd, 4319806.393, 117
Trd, 4319806.893, 89
Trd, 4319807.293, 101
Trd, 4319809.193, 76
Trd, 4319810.993, 96
Trd, 4319811.593, 80
Trd, 4319811.893, 78
Trd, 4319812.843, 110
Trd, 4319814.293, 136
Trd, 4319814.693, 122
Trd, 4319815.493, 100
Trd, 4319816.493, 125
Trd, 4319817.143, 115
Trd, 4319818.343, 107
Trd, 4319819.443, 97
Trd, 4319820.293, 126
Trd, 4319820.793, 102
Trd, 4319821.693, 116
Trd, 4319821.993, 116
Trd, 4319823.743, 84
Trd, 4319824.093, 111
Trd, 4319825.593, 82
Trd, 4319825.893, 69
Trd, 4319826.543, 99
Trd, 4319827.193, 70
Trd, 4319827.843, 92
Trd, 4319828.043, 103
Trd, 4319828.843, 136
Trd, 4319828.943, 105
Trd, 4319831.843, 89
Trd, 4319832.543, 133
Trd, 4319832.593, 112
Trd, 4319833.093, 112
Trd, 4319833.443, 123
Trd, 4319833.643, 117
Trd, 4319834.143, 134
Trd, 4319835.093, 121
Trd, 4319835.143, 115
Trd, 4319837.943, 107
Trd, 4319838.393, 111
Trd, 4319839.743, 117
Trd, 4319840.943, 127
Trd, 4319841.793, 96
Trd, 4319842.243, 124
Trd, 4319842.743, 121
Trd, 4319843.743, 123
Trd, 4319844.293, 133
Trd, 4319844.643, 94
Trd, 4319845.443, 92
Trd, 4319847.243, 91
Trd, 4319847.893, 113
Trd, 4319848.643, 95
Trd, 4319848.843, 99
Trd, 4319848.893, 86
Trd, 4319849.943, 135
Trd, 4319851.093, 126
Trd, 4319852.093, 96
Trd, 4319852.443, 118
Trd, 4319853.293, 92
Trd, 4319854.243, 87
Trd, 4319854.443, 79
Trd, 4319854.893, 92
Trd, 4319856.693, 133
Trd, 4319857.293, 120
Trd, 4319857.643, 113
Trd, 4319857.693, 85
Trd, 4319858.793, 87
Trd, 4319858.843, 93
Trd, 4319859.243, 94
Trd, 4319861.043, 120
Trd, 4319861.643, 116
Trd, 4319861.843, 88
Trd, 4319862.343, 124
Trd, 4319864.193, 112
Trd, 4319864.843, 119
Trd, 4319866.593, 103
Trd, 4319866.893, 92
Trd, 4319867.193, 119
Trd, 4319868.243, 86
Trd, 4319869.343, 99
Trd, 4319869.993, 93
Trd, 4319870.093, 75
Trd, 4319870.193, 63
Trd, 4319871.943, 127
Trd, 4319873.243, 99
Trd, 4319874.493, 106
Trd, 4319875.143, 129
Trd, 4319875.243, 126
Trd, 4319875.543, 116
Trd, 4319876.343, 60
Trd, 4319877.093, 136
Trd, 4319878.243, 125
Trd, 4319878.393, 123
Trd, 4319878.943, 101
Trd, 4319880.343, 118
Trd, 4319881.143, 132
Trd, 4319881.393, 112
Trd, 4319881.743, 109
Trd, 4319884.293, 95
Trd, 4319884.393, 92
Trd, 4319886.143, 137
Trd, 4319886.493, 132
Trd, 4319886.743, 104
Trd, 4319886.793, 103
Trd, 4319887.843, 114
Trd, 4319889.143, 116
Trd, 4319890.443, 126
Trd, 4319890.593, 107
Trd, 4319891.843, 124
Trd, 4319892.743, 106
Trd, 4319893.743, 131
Trd, 4319894.993, 124
Trd, 4319895.243, 118
Trd, 4319895.843, 117
Trd, 4319896.193, 93
Trd, 4319896.443, 99
Trd, 4319896.743, 131
Trd, 4319897.343, 123
Trd, 4319897.493, 90
Trd, 4319898.693, 94
Trd, 4319899.443, 117
Trd, 4319900.643, 137
Trd, 4319901.143, 106
Trd, 4319902.443, 118
Trd, 4319903.543, 102
Trd, 4319903.943, 135
Trd, 4319904.293, 84
Trd, 4319905.743, 99
Trd, 4319905.943, 110
Trd, 4319906.493, 110
Trd, 4319906.543, 98
Trd, 4319907.243, 132
Trd, 4319907.893, 124
Trd, 4319909.043, 116
Trd, 4319909.343, 95
Trd, 4319909.943, 84
Trd, 4319910.143, 94
Trd, 4319912.043, 112
Trd, 4319913.293, 109
Trd, 4319914.293, 134
Trd, 4319914.343, 120
Trd, 4319915.043, 109
Trd, 4319915.193, 114
Trd, 4319915.393, 87
Trd, 4319916.193, 93
Trd, 4319917.743, 109
Trd, 4319917.943, 114
Trd, 4319917.993, 88
Trd, 4319920.243, 111
Trd, 4319921.693, 120
Trd, 4319921.943, 115
Trd, 4319922.293, 131
Trd, 4319922.443, 96
Trd, 4319922.843, 118
Trd, 4319923.643, 104
Trd, 4319924.443, 102
Trd, 4319925.293, 82
Trd, 4319925.393, 110
Trd, 4319926.643, 116
Trd, 4319927.093, 137
Trd, 4319927.143, 104
Trd, 4319927.743, 127
Trd, 4319928.393, 131
Trd, 4319930.493, 129
Trd, 4319931.443, 112
Trd, 4319931.643, 108
Trd, 4319932.843, 85
Trd, 4319933.093, 96
Trd, 4319933.693, 104
Trd, 4319933.843, 124
Trd, 4319934.643, 86
Trd, 4319936.393, 119
Trd, 4319937.043, 114
Trd, 4319938.143, 112
Trd, 4319938.243, 118
Trd, 4319940.793, 123
Trd, 4319941.093, 107
Trd, 4319941.343, 120
Trd, 4319941.443, 106
Trd, 4319941.743, 99
Trd, 4319942.293, 128
Trd, 4319942.743, 110
Trd, 4319943.093, 79
Trd, 4319943.393, 89
Trd, 4319944.043, 83
Trd, 4319944.343, 119
Trd, 4319944.993, 71
Trd, 4319945.893, 78
Trd, 4319947.293, 96
Trd, 4319949.293, 120
Trd, 4319949.343, 102
Trd, 4319949.543, 117
Trd, 4319950.343, 112
Trd, 4319951.693, 119
Trd, 4319952.143, 111
Trd, 4319952.943, 138
Trd, 4319954.743, 133
Trd, 4319957.393, 127
Trd, 4319957.493, 126
Trd, 4319957.593, 118
Trd, 4319958.343, 123
Trd, 4319958.893, 133
Trd, 4319960.443, 90
Trd, 4319962.143, 99
Trd, 4319962.393, 91
Trd, 4319962.693, 76
Trd, 4319963.243, 94
Trd, 4319964.293, 110
Trd, 4319967.893, 117
Trd, 4319968.243, 100
Trd, 4319968.693, 123
Trd, 4319968.743, 91
Trd, 4319970.443, 103
Trd, 4319971.043, 121
Trd, 4319972.843, 99
Trd, 4319972.993, 86
Trd, 4319973.993, 137
Trd, 4319974.043, 105
Trd, 4319974.343, 100
Trd, 4319976.243, 122
Trd, 4319977.993, 110
Trd, 4319979.493, 102
Trd, 4319979.843, 133
Trd, 4319982.193, 128
Trd, 4319983.143, 131
Trd, 4319983.643, 107
Trd, 4319984.843, 117
Trd, 4319984.993, 99
Trd, 4319985.743, 98
Trd, 4319985.843, 99
Trd, 4319986.043, 91
Trd, 4319987.043, 136
Trd, 4319987.693, 111
Trd, 4319988.743, 118
Trd, 4319989.143, 133
Trd, 4319989.343, 121
Trd, 4319990.343, 127
Trd, 4319991.593, 134
Trd, 4319992.543, 69
Trd, 4319992.743, 75
Trd, 4319992.943, 78
Trd, 4319993.693, 94
Trd, 4319995.593, 127
Trd, 4319996.293, 100
Trd, 4319997.143, 128
Trd, 4319998.143, 137
