Trd, 4318096.693, 137
Trd, 4318096.943, 130
Trd, 4318096.993, 129
Trd, 4318097.643, 128
Trd, 4318098.093, 62
Trd, 4318098.243, 81
Trd, 4318098.593, 140
Trd, 4318100.293, 140
Trd, 4318101.043, 140
Trd, 4318101.593, 138
Trd, 4318101.693, 122
Trd, 4318102.743, 93
Trd, 4318102.893, 78
Trd, 4318103.093, 139
Trd, 4318105.943, 138
Trd, 4318106.193, 107
Trd, 4318106.593, 118
Trd, 4318108.293, 124
Trd, 4318108.743, 140
Trd, 4318108.943, 123
Trd, 4318109.293, 96
Trd, 4318109.893, 140
Trd, 4318111.593, 140
Trd, 4318113.143, 140
Trd, 4318113.593, 140
Trd, 4318113.643, 140
Trd, 4318114.093, 139
Trd, 4318115.443, 114
Trd, 4318115.993, 140
Trd, 4318116.443, 105
Trd, 4318116.543, 90
Trd, 4318116.993, 83
Trd, 4318117.393, 109
Trd, 4318118.693, 63
Trd, 4318118.943, 62
Trd, 4318119.693, 139
Trd, 4318119.943, 138
Trd, 4318120.993, 138
Trd, 4318121.193, 138
Trd, 4318123.393, 91
Trd, 4318124.043, 106
Trd, 4318124.143, 91
Trd, 4318124.593, 140
Trd, 4318124.843, 128
Trd, 4318125.693, 138
Trd, 4318127.143, 139
Trd, 4318127.643, 99
Trd, 4318128.393, 135
Trd, 4318129.593, 137
Trd, 4318130.193, 133
Trd, 4318130.293, 99
Trd, 4318131.243, 62
Trd, 4318131.743, 69
Trd, 4318132.743, 80
Trd, 4318133.093, 61
Trd, 4318133.993, 69
Trd, 4318134.943, 86
Trd, 4318135.243, 65
Trd, 4318136.993, 60
Trd, 4318137.143, 61
Trd, 4318137.443, 68
Trd, 4318137.493, 73
Trd, 4318138.293, 140
Trd, 4318138.693, 139
Trd, 4318139.843, 109
Trd, 4318140.443, 101
Trd, 4318140.543, 99
Trd, 4318141.743, 63
Trd, 4318143.843, 60
Trd, 4318144.943, 63
Trd, 4318145.193, 62
Trd, 4318145.643, 62
Trd, 4318145.793, 70
Trd, 4318146.743, 64
Trd, 4318147.393, 140
Trd, 4318147.693, 140
Trd, 4318149.093, 140
Trd, 4318149.843, 140
Trd, 4318150.393, 140
Trd, 4318152.743, 140
Trd, 4318153.543, 140
Trd, 4318153.993, 139
Trd, 4318154.843, 130
Trd, 4318155.843, 139
Trd, 4318156.343, 121
Trd, 4318157.743, 96
Trd, 4318157.843, 66
Trd, 4318160.043, 140
Trd, 4318160.443, 140
Trd, 4318162.843, 140
Trd, 4318163.393, 140
Trd, 4318163.743, 140
Trd, 4318163.993, 139
Trd, 4318165.293, 130
Trd, 4318165.443, 129
Trd, 4318166.043, 127
Trd, 4318168.143, 70
Trd, 4318169.593, 128
Trd, 4318169.793, 125
Trd, 4318170.043, 140
Trd, 4318170.243, 112
Trd, 4318170.893, 104
Trd, 4318171.193, 138
Trd, 4318171.743, 102
Trd, 4318173.093, 140
Trd, 4318173.593, 108
Trd, 4318173.793, 99
Trd, 4318174.043, 124
Trd, 4318174.343, 92
Trd, 4318176.893, 140
Trd, 4318176.993, 140
Trd, 4318178.193, 115
Trd, 4318179.593, 121
Trd, 4318179.743, 120
Trd, 4318179.943, 122
Trd, 4318180.443, 102
Trd, 4318180.793, 105
Trd, 4318182.893, 140
Trd, 4318182.943, 139
Trd, 4318183.093, 109
Trd, 4318183.843, 81
Trd, 4318186.093, 82
Trd, 4318186.843, 71
Trd, 4318188.093, 64
Trd, 4318188.343, 74
Trd, 4318189.593, 140
Trd, 4318189.893, 140
Trd, 4318190.843, 70
Trd, 4318191.293, 140
Trd, 4318191.393, 139
Trd, 4318192.243, 140
Trd, 4318192.943, 140
Trd, 4318194.243, 138
Trd, 4318195.343, 103
Trd, 4318195.643, 116
Trd, 4318196.043, 104
Trd, 4318196.643, 88
Trd, 4318196.943, 113
Trd, 4318197.143, 140
Trd, 4318197.193, 68
Trd, 4318199.293, 63
Trd, 4318200.343, 62
Trd, 4318200.743, 69
Trd, 4318200.993, 76
Trd, 4318201.843, 73
Trd, 4318202.393, 61
Trd, 4318203.043, 128
Trd, 4318203.793, 127
Trd, 4318203.993, 114
Trd, 4318204.743, 65
Trd, 4318204.943, 72
Trd, 4318206.893, 131
Trd, 4318207.443, 133
Trd, 4318209.593, 140
Trd, 4318209.993, 140
Trd, 4318210.293, 138
Trd, 4318211.243, 134
Trd, 4318211.443, 133
Trd, 4318211.543, 98
Trd, 4318213.443, 60
Trd, 4318213.493, 61
Trd, 4318214.393, 76
Trd, 4318214.593, 75
Trd, 4318216.143, 140
Trd, 4318216.993, 140
Trd, 4318217.543, 140
Trd, 4318217.643, 140
Trd, 4318217.893, 130
Trd, 4318218.093, 104
Trd, 4318218.893, 110
Trd, 4318219.493, 78
Trd, 4318220.593, 117
Trd, 4318221.743, 78
Trd, 4318222.693, 106
Trd, 4318223.243, 113
Trd, 4318223.693, 140
Trd, 4318224.493, 119
Trd, 4318224.693, 95
Trd, 4318224.943, 70
Trd, 4318226.043, 60
Trd, 4318227.143, 75
Trd, 4318228.093, 63
Trd, 4318229.143, 68
Trd, 4318230.743, 62
Trd, 4318230.843, 70
Trd, 4318231.693, 63
Trd, 4318233.043, 140
Trd, 4318233.143, 140
Trd, 4318234.193, 140
Trd, 4318234.343, 140
Trd, 4318235.043, 69
Trd, 4318235.993, 140
Trd, 4318236.193, 111
Trd, 4318236.443, 85
Trd, 4318237.593, 140
Trd, 4318238.793, 139
Trd, 4318239.393, 139
Trd, 4318239.493, 117
Trd, 4318240.893, 123
Trd, 4318241.593, 123
Trd, 4318242.193, 97
Trd, 4318242.643, 111
Trd, 4318242.793, 136
Trd, 4318243.543, 137
Trd, 4318244.293, 87
Trd, 4318246.543, 139
Trd, 4318246.793, 137
Trd, 4318247.093, 130
Trd, 4318248.193, 75
Trd, 4318248.393, 137
Trd, 4318248.643, 136
Trd, 4318249.943, 140
Trd, 4318249.993, 111
Trd, 4318250.643, 106
Trd, 4318251.243, 102
Trd, 4318252.793, 140
Trd, 4318253.243, 100
Trd, 4318254.343, 90
Trd, 4318256.393, 140
Trd, 4318256.493, 140
Trd, 4318256.993, 140
Trd, 4318257.743, 108
Trd, 4318257.943, 140
Trd, 4318260.193, 131
Trd, 4318260.743, 137
Trd, 4318262.093, 140
Trd, 4318262.143, 140
Trd, 4318262.493, 138
Trd, 4318264.693, 140
Trd, 4318265.043, 140
Trd, 4318265.293, 140
Trd, 4318266.143, 140
Trd, 4318266.693, 137
Trd, 4318266.993, 72
Trd, 4318268.193, 111
Trd, 4318269.343, 114
Trd, 4318269.393, 107
Trd, 4318271.393, 140
Trd, 4318272.493, 137
Trd, 4318273.793, 103
Trd, 4318274.393, 101
Trd, 4318276.143, 140
Trd, 4318277.693, 140
Trd, 4318278.093, 134
Trd, 4318278.243, 133
Trd, 4318279.143, 139
Trd, 4318279.593, 131
Trd, 4318280.193, 127
Trd, 4318280.843, 140
Trd, 4318282.643, 134
Trd, 4318282.693, 111
Trd, 4318283.843, 112
Trd, 4318285.443, 140
Trd, 4318285.593, 139
Trd, 4318286.493, 140
Trd, 4318286.843, 128
Trd, 4318286.893, 128
Trd, 4318287.343, 110
Trd, 4318287.743, 80
Trd, 4318288.993, 140
Trd, 4318289.543, 138
Trd, 4318290.793, 140
Trd, 4318292.193, 98
Trd, 4318292.493, 101
Trd, 4318292.743, 80
Trd, 4318293.843, 88
Trd, 4318294.993, 82
Trd, 4318295.193, 90
Trd, 4318295.793, 61
Trd, 4318296.243, 140
Trd, 4318296.943, 140
Trd, 4318297.293, 140
Trd, 4318297.893, 140
Trd, 4318297.993, 140
Trd, 4318298.093, 140
Trd, 4318298.293, 78
Trd, 4318300.593, 140
Trd, 4318301.343, 140
Trd, 4318301.493, 140
Trd, 4318302.193, 124
Trd, 4318302.493, 120
Trd, 4318302.893, 116
Trd, 4318303.693, 133
Trd, 4318306.093, 140
Trd, 4318306.493, 140
Trd, 4318306.693, 140
Trd, 4318307.793, 140
Trd, 4318309.343, 140
Trd, 4318309.993, 102
Trd, 4318310.693, 130
Trd, 4318311.693, 140
Trd, 4318312.193, 140
Trd, 4318312.893, 82
Trd, 4318314.043, 140
Trd, 4318315.343, 121
Trd, 4318315.643, 129
Trd, 4318316.343, 135
Trd, 4318316.643, 122
Trd, 4318317.793, 121
Trd, 4318318.993, 96
Trd, 4318319.043, 91
Trd, 4318319.893, 140
Trd, 4318320.293, 113
Trd, 4318322.543, 119
Trd, 4318323.293, 119
Trd, 4318323.443, 140
Trd, 4318326.043, 138
Trd, 4318326.593, 137
Trd, 4318326.793, 135
Trd, 4318327.093, 116
Trd, 4318329.143, 110
Trd, 4318329.793, 137
Trd, 4318329.993, 129
Trd, 4318330.093, 109
Trd, 4318330.643, 126
Trd, 4318330.993, 88
Trd, 4318331.043, 87
Trd, 4318331.793, 140
Trd, 4318332.043, 140
Trd, 4318332.293, 88
Trd, 4318334.393, 127
Trd, 4318335.293, 127
Trd, 4318335.643, 109
Trd, 4318336.343, 138
Trd, 4318337.143, 93
Trd, 4318338.093, 63
Trd, 4318338.443, 87
Trd, 4318339.193, 62
Trd, 4318339.343, 139
Trd, 4318340.193, 105
Trd, 4318340.593, 65
Trd, 4318341.793, 61
Trd, 4318342.443, 62
Trd, 4318344.343, 132
Trd, 4318344.893, 127
Trd, 4318345.693, 127
Trd, 4318346.343, 138
Trd, 4318346.493, 126
Trd, 4318346.543, 81
Trd, 4318348.193, 60
Trd, 4318348.243, 84
Trd, 4318348.843, 60
Trd, 4318349.343, 90
Trd, 4318349.643, 68
Trd, 4318351.143, 108
Trd, 4318351.793, 140
Trd, 4318352.543, 140
Trd, 4318352.943, 140
Trd, 4318353.343, 138
Trd, 4318353.893, 112
Trd, 4318355.043, 140
Trd, 4318355.743, 140
Trd, 4318355.893, 139
Trd, 4318356.193, 135
Trd, 4318356.493, 113
Trd, 4318357.593, 110
Trd, 4318359.443, 140
Trd, 4318361.193, 140
Trd, 4318361.293, 140
Trd, 4318361.493, 121
Trd, 4318361.693, 62
Trd, 4318361.793, 88
Trd, 4318362.993, 100
Trd, 4318363.093, 99
Trd, 4318363.293, 117
Trd, 4318363.893, 80
Trd, 4318366.343, 119
Trd, 4318367.093, 92
Trd, 4318367.243, 87
Trd, 4318370.143, 140
Trd, 4318370.243, 140
Trd, 4318370.343, 140
Trd, 4318370.443, 140
Trd, 4318371.443, 134
Trd, 4318372.043, 92
Trd, 4318372.393, 89
Trd, 4318372.743, 134
Trd, 4318373.893, 140
Trd, 4318375.143, 140
Trd, 4318375.493, 140
Trd, 4318376.693, 140
Trd, 4318377.093, 140
Trd, 4318377.693, 139
Trd, 4318378.293, 134
Trd, 4318380.193, 110
Trd, 4318381.193, 109
Trd, 4318381.943, 139
Trd, 4318382.543, 139
Trd, 4318383.793, 140
Trd, 4318385.193, 140
Trd, 4318385.343, 139
Trd, 4318386.043, 109
Trd, 4318386.393, 60
Trd, 4318387.043, 140
Trd, 4318387.993, 140
Trd, 4318388.593, 94
Trd, 4318389.193, 85
Trd, 4318389.293, 135
Trd, 4318390.493, 140
Trd, 4318390.993, 136
Trd, 4318391.243, 135
Trd, 4318391.443, 79
Trd, 4318392.443, 103
Trd, 4318392.943, 101
Trd, 4318396.893, 140
Trd, 4318397.543, 140
Trd, 4318397.593, 140
Trd, 4318398.143, 140
Trd, 4318398.193, 140
Trd, 4318399.043, 136
Trd, 4318399.243, 131
Trd, 4318401.243, 136
Trd, 4318401.643, 135
Trd, 4318402.543, 138
Trd, 4318403.193, 95
Trd, 4318403.393, 63
Trd, 4318403.743, 104
Trd, 4318404.493, 61
Trd, 4318406.393, 140
Trd, 4318407.943, 140
Trd, 4318408.293, 140
Trd, 4318408.993, 140
Trd, 4318409.043, 90
Trd, 4318409.243, 122
Trd, 4318409.393, 108
Trd, 4318411.293, 96
Trd, 4318412.443, 136
Trd, 4318412.643, 126
Trd, 4318412.793, 122
Trd, 4318413.993, 139
Trd, 4318415.143, 106
Trd, 4318415.843, 114
Trd, 4318416.193, 120
Trd, 4318416.643, 139
Trd, 4318417.843, 129
Trd, 4318418.243, 127
Trd, 4318419.143, 128
Trd, 4318419.893, 119
Trd, 4318420.693, 140
Trd, 4318420.843, 125
Trd, 4318420.893, 69
Trd, 4318422.243, 113
Trd, 4318422.443, 72
Trd, 4318422.893, 88
Trd, 4318423.843, 73
Trd, 4318424.843, 76
Trd, 4318425.643, 108
Trd, 4318426.493, 123
Trd, 4318426.743, 106
Trd, 4318426.893, 92
Trd, 4318427.393, 66
Trd, 4318428.193, 86
Trd, 4318428.393, 85
Trd, 4318429.643, 121
Trd, 4318432.093, 106
Trd, 4318432.143, 99
Trd, 4318432.243, 98
Trd, 4318433.643, 97
Trd, 4318435.243, 140
Trd, 4318435.943, 140
Trd, 4318436.043, 140
Trd, 4318437.193, 139
Trd, 4318437.943, 123
Trd, 4318439.543, 140
Trd, 4318439.843, 140
Trd, 4318439.943, 125
Trd, 4318441.043, 112
Trd, 4318441.343, 125
Trd, 4318441.693, 81
Trd, 4318441.743, 86
Trd, 4318442.693, 66
Trd, 4318443.543, 66
Trd, 4318443.793, 60
Trd, 4318444.793, 62
Trd, 4318445.293, 79
Trd, 4318446.043, 92
Trd, 4318446.443, 94
Trd, 4318446.893, 139
Trd, 4318448.443, 95
Trd, 4318450.143, 103
Trd, 4318450.343, 108
Trd, 4318450.643, 133
Trd, 4318451.243, 103
Trd, 4318451.843, 131
Trd, 4318451.993, 130
Trd, 4318452.693, 138
Trd, 4318453.093, 114
Trd, 4318454.193, 69
Trd, 4318455.043, 60
Trd, 4318458.393, 140
Trd, 4318458.643, 139
Trd, 4318458.993, 139
Trd, 4318459.343, 138
Trd, 4318460.493, 118
Trd, 4318460.643, 109
Trd, 4318462.093, 129
Trd, 4318462.693, 93
Trd, 4318463.843, 123
Trd, 4318464.893, 131
Trd, 4318464.943, 116
Trd, 4318465.093, 114
Trd, 4318465.343, 112
Trd, 4318466.143, 140
Trd, 4318466.443, 110
Trd, 4318466.943, 140
Trd, 4318469.093, 140
Trd, 4318470.193, 140
Trd, 4318470.443, 140
Trd, 4318471.193, 140
Trd, 4318471.793, 137
Trd, 4318472.643, 140
Trd, 4318473.093, 139
Trd, 4318473.993, 140
Trd, 4318475.643, 140
Trd, 4318476.543, 140
Trd, 4318477.493, 129
Trd, 4318478.343, 140
Trd, 4318478.393, 140
Trd, 4318479.493, 118
Trd, 4318480.393, 117
Trd, 4318480.793, 119
Trd, 4318481.193, 102
Trd, 4318481.943, 60
Trd, 4318482.443, 113
Trd, 4318482.843, 124
Trd, 4318484.443, 65
Trd, 4318485.743, 72
Trd, 4318485.843, 75
Trd, 4318486.743, 60
Trd, 4318487.543, 62
Trd, 4318488.043, 60
Trd, 4318489.493, 60
Trd, 4318491.293, 60
Trd, 4318491.793, 60
Trd, 4318492.343, 60
Trd, 4318493.693, 74
Trd, 4318494.043, 64
Trd, 4318494.093, 75
Trd, 4318496.093, 140
Trd, 4318496.643, 139
Trd, 4318496.843, 136
Trd, 4318498.293, 62
Trd, 4318499.393, 62
Trd, 4318499.693, 113
Trd, 4318500.343, 140
Trd, 4318501.043, 140
Trd, 4318502.843, 140
Trd, 4318503.743, 140
Trd, 4318505.393, 139
Trd, 4318505.793, 140
Trd, 4318506.393, 140
Trd, 4318506.893, 137
Trd, 4318508.043, 139
Trd, 4318508.893, 140
Trd, 4318509.593, 101
Trd, 4318510.043, 140
Trd, 4318510.443, 138
Trd, 4318510.943, 102
Trd, 4318511.693, 116
Trd, 4318511.943, 111
Trd, 4318512.643, 110
Trd, 4318513.593, 123
Trd, 4318515.593, 140
Trd, 4318515.693, 140
Trd, 4318515.943, 138
Trd, 4318516.343, 109
Trd, 4318516.543, 97
Trd, 4318517.943, 82
Trd, 4318518.893, 139
Trd, 4318518.993, 138
Trd, 4318520.693, 131
Trd, 4318521.143, 139
Trd, 4318521.843, 138
Trd, 4318523.143, 86
Trd, 4318523.743, 140
Trd, 4318524.193, 96
Trd, 4318524.543, 140
Trd, 4318524.693, 103
Trd, 4318527.443, 123
Trd, 4318527.643, 95
Trd, 4318528.243, 77
Trd, 4318528.793, 93
Trd, 4318530.293, 116
Trd, 4318530.443, 106
Trd, 4318531.543, 136
Trd, 4318532.993, 140
Trd, 4318533.943, 140
Trd, 4318535.043, 140
Trd, 4318535.593, 63
Trd, 4318535.993, 98
Trd, 4318536.193, 62
Trd, 4318536.743, 80
Trd, 4318537.243, 105
Trd, 4318538.293, 81
Trd, 4318538.493, 79
Trd, 4318539.293, 104
Trd, 4318539.543, 105
Trd, 4318540.143, 98
Trd, 4318540.343, 75
Trd, 4318540.443, 72
Trd, 4318542.343, 139
Trd, 4318542.843, 69
Trd, 4318544.643, 61
Trd, 4318545.493, 92
Trd, 4318545.793, 64
Trd, 4318546.693, 69
Trd, 4318547.693, 105
Trd, 4318548.143, 136
Trd, 4318548.343, 105
Trd, 4318549.093, 137
Trd, 4318549.393, 136
Trd, 4318549.743, 135
Trd, 4318550.043, 135
Trd, 4318552.243, 114
Trd, 4318552.843, 109
Trd, 4318554.993, 104
Trd, 4318555.743, 108
Trd, 4318556.393, 140
Trd, 4318556.643, 140
Trd, 4318556.843, 140
Trd, 4318556.893, 114
Trd, 4318558.593, 130
Trd, 4318559.743, 140
Trd, 4318561.493, 140
Trd, 4318561.543, 140
Trd, 4318562.093, 140
Trd, 4318564.243, 140
Trd, 4318565.643, 132
Trd, 4318566.643, 128
Trd, 4318566.943, 140
Trd, 4318567.193, 113
Trd, 4318567.493, 98
Trd, 4318567.593, 66
Trd, 4318568.193, 72
Trd, 4318569.343, 61
Trd, 4318569.993, 60
Trd, 4318570.293, 60
Trd, 4318570.993, 62
Trd, 4318571.093, 69
Trd, 4318572.643, 140
Trd, 4318573.543, 140
Trd, 4318574.043, 140
Trd, 4318575.543, 92
Trd, 4318576.043, 102
Trd, 4318577.443, 113
Trd, 4318577.693, 111
Trd, 4318578.243, 109
Trd, 4318578.443, 124
Trd, 4318579.693, 117
Trd, 4318579.943, 116
Trd, 4318580.093, 111
Trd, 4318580.293, 68
Trd, 4318582.143, 138
Trd, 4318583.693, 140
Trd, 4318583.993, 140
Trd, 4318584.493, 140
Trd, 4318585.393, 128
Trd, 4318586.143, 133
Trd, 4318586.293, 94
Trd, 4318586.543, 138
Trd, 4318587.193, 115
Trd, 4318587.743, 64
Trd, 4318588.443, 66
Trd, 4318589.643, 137
Trd, 4318590.043, 137
Trd, 4318590.193, 136
Trd, 4318591.343, 138
Trd, 4318591.893, 73
Trd, 4318593.493, 137
Trd, 4318593.943, 136
Trd, 4318594.743, 125
Trd, 4318595.043, 116
Trd, 4318595.843, 138
Trd, 4318596.293, 92
Trd, 4318597.293, 112
Trd, 4318597.543, 112
Trd, 4318597.943, 140
Trd, 4318598.443, 88
Trd, 4318599.243, 118
Trd, 4318600.243, 116
Trd, 4318602.043, 98
Trd, 4318602.293, 91
Trd, 4318603.043, 124
Trd, 4318603.193, 61
Trd, 4318603.593, 71
Trd, 4318605.243, 121
Trd, 4318606.593, 140
Trd, 4318606.643, 139
Trd, 4318607.093, 121
Trd, 4318607.693, 97
Trd, 4318608.843, 79
Trd, 4318609.743, 137
Trd, 4318611.143, 140
Trd, 4318611.793, 140
Trd, 4318612.043, 108
Trd, 4318612.393, 97
Trd, 4318614.343, 88
Trd, 4318615.893, 110
Trd, 4318616.093, 90
Trd, 4318616.293, 88
Trd, 4318616.393, 86
Trd, 4318617.043, 60
Trd, 4318617.493, 140
Trd, 4318618.993, 89
Trd, 4318620.043, 140
Trd, 4318620.743, 140
Trd, 4318620.843, 140
Trd, 4318620.993, 139
Trd, 4318621.043, 133
Trd, 4318622.343, 135
Trd, 4318622.943, 84
Trd, 4318623.643, 67
Trd, 4318624.143, 61
Trd, 4318624.193, 75
Trd, 4318625.793, 99
Trd, 4318627.293, 60
Trd, 4318627.543, 61
Trd, 4318628.293, 60
Trd, 4318628.593, 68
Trd, 4318629.543, 67
Trd, 4318629.693, 70
Trd, 4318630.843, 70
Trd, 4318630.893, 78
Trd, 4318631.593, 131
Trd, 4318632.393, 85
Trd, 4318633.293, 86
Trd, 4318633.543, 94
Trd, 4318634.443, 119
Trd, 4318634.993, 121
Trd, 4318635.043, 69
Trd, 4318636.193, 114
Trd, 4318637.743, 131
Trd, 4318638.143, 130
Trd, 4318638.593, 103
Trd, 4318639.593, 140
Trd, 4318639.943, 127
Trd, 4318640.693, 140
Trd, 4318641.143, 140
Trd, 4318641.843, 140
Trd, 4318642.093, 140
Trd, 4318642.293, 99
Trd, 4318642.643, 70
Trd, 4318643.493, 139
Trd, 4318647.243, 140
Trd, 4318647.843, 140
Trd, 4318648.543, 140
Trd, 4318648.943, 140
Trd, 4318649.793, 140
Trd, 4318649.943, 94
Trd, 4318650.293, 90
Trd, 4318651.093, 70
Trd, 4318652.343, 140
Trd, 4318653.593, 137
Trd, 4318654.343, 127
Trd, 4318654.393, 118
Trd, 4318654.643, 134
Trd, 4318655.193, 81
Trd, 4318656.343, 98
Trd, 4318656.893, 83
Trd, 4318657.743, 130
Trd, 4318660.943, 140
Trd, 4318661.043, 140
Trd, 4318661.793, 139
Trd, 4318662.043, 96
Trd, 4318663.193, 133
Trd, 4318664.243, 133
Trd, 4318664.343, 139
Trd, 4318665.043, 105
Trd, 4318666.643, 140
Trd, 4318666.793, 140
Trd, 4318666.843, 132
Trd, 4318667.043, 121
Trd, 4318668.743, 104
Trd, 4318669.393, 139
Trd, 4318670.093, 107
Trd, 4318670.793, 137
Trd, 4318671.443, 120
Trd, 4318672.093, 140
Trd, 4318673.643, 139
Trd, 4318674.093, 140
Trd, 4318674.743, 139
Trd, 4318674.893, 99
Trd, 4318675.843, 94
Trd, 4318676.393, 121
Trd, 4318676.943, 61
Trd, 4318678.193, 140
Trd, 4318678.893, 140
Trd, 4318679.393, 140
Trd, 4318679.443, 140
Trd, 4318679.693, 140
Trd, 4318680.843, 134
Trd, 4318682.443, 62
Trd, 4318682.543, 63
Trd, 4318682.693, 69
Trd, 4318684.943, 140
Trd, 4318685.543, 140
Trd, 4318685.743, 140
Trd, 4318687.293, 140
Trd, 4318687.693, 140
Trd, 4318689.843, 140
Trd, 4318690.343, 140
Trd, 4318691.593, 140
Trd, 4318692.543, 140
Trd, 4318693.043, 86
Trd, 4318693.543, 126
Trd, 4318694.093, 102
Trd, 4318694.543, 87
Trd, 4318696.343, 96
Trd, 4318696.543, 113
Trd, 4318696.993, 64
Trd, 4318699.043, 66
Trd, 4318699.343, 66
Trd, 4318699.793, 72
Trd, 4318700.443, 133
Trd, 4318700.693, 132
Trd, 4318701.293, 103
Trd, 4318701.943, 140
Trd, 4318702.093, 81
Trd, 4318703.043, 95
Trd, 4318703.543, 61
Trd, 4318704.693, 126
Trd, 4318704.843, 125
Trd, 4318705.993, 99
Trd, 4318706.443, 102
Trd, 4318707.643, 133
Trd, 4318708.093, 132
Trd, 4318708.543, 130
Trd, 4318709.243, 120
Trd, 4318710.743, 140
Trd, 4318712.693, 140
Trd, 4318712.843, 139
Trd, 4318713.993, 137
Trd, 4318714.143, 120
Trd, 4318714.893, 93
Trd, 4318715.143, 85
Trd, 4318715.343, 86
Trd, 4318715.393, 76
Trd, 4318716.693, 140
Trd, 4318717.393, 138
Trd, 4318717.843, 95
Trd, 4318719.093, 65
Trd, 4318719.843, 130
Trd, 4318720.643, 139
Trd, 4318720.843, 129
Trd, 4318721.693, 115
Trd, 4318722.143, 91
Trd, 4318723.693, 85
Trd, 4318724.343, 128
Trd, 4318724.493, 103
Trd, 4318724.543, 102
Trd, 4318726.193, 140
Trd, 4318726.293, 138
Trd, 4318727.193, 87
Trd, 4318727.393, 85
Trd, 4318727.493, 124
Trd, 4318729.793, 109
Trd, 4318730.343, 116
Trd, 4318730.793, 114
Trd, 4318732.293, 140
Trd, 4318732.493, 139
Trd, 4318733.193, 137
Trd, 4318733.993, 139
Trd, 4318734.493, 139
Trd, 4318735.393, 140
Trd, 4318736.743, 125
Trd, 4318737.043, 61
Trd, 4318738.593, 84
Trd, 4318738.943, 65
Trd, 4318739.243, 133
Trd, 4318739.793, 140
Trd, 4318739.943, 77
Trd, 4318741.043, 140
Trd, 4318741.943, 137
Trd, 4318742.793, 140
Trd, 4318743.493, 97
Trd, 4318744.293, 61
Trd, 4318744.693, 118
Trd, 4318745.643, 100
Trd, 4318746.993, 140
Trd, 4318747.093, 140
Trd, 4318748.643, 133
Trd, 4318749.843, 138
Trd, 4318750.293, 136
Trd, 4318750.393, 114
Trd, 4318751.193, 87
Trd, 4318751.493, 84
Trd, 4318752.443, 129
Trd, 4318752.493, 118
Trd, 4318753.743, 140
Trd, 4318754.343, 140
Trd, 4318754.393, 140
Trd, 4318756.843, 140
Trd, 4318757.493, 140
Trd, 4318757.843, 140
Trd, 4318757.993, 140
Trd, 4318758.093, 118
Trd, 4318760.643, 106
Trd, 4318761.143, 105
Trd, 4318761.193, 96
Trd, 4318762.743, 130
Trd, 4318765.043, 140
Trd, 4318765.993, 139
Trd, 4318767.043, 140
Trd, 4318768.193, 140
Trd, 4318768.993, 140
Trd, 4318769.193, 140
Trd, 4318769.343, 118
Trd, 4318769.643, 131
Trd, 4318769.793, 104
Trd, 4318771.493, 136
Trd, 4318771.893, 120
Trd, 4318772.593, 108
Trd, 4318772.843, 125
Trd, 4318774.043, 104
Trd, 4318774.543, 120
Trd, 4318775.643, 114
Trd, 4318775.993, 111
Trd, 4318777.543, 138
Trd, 4318777.793, 137
Trd, 4318778.443, 140
Trd, 4318778.543, 139
Trd, 4318779.343, 115
Trd, 4318780.293, 137
Trd, 4318780.443, 133
Trd, 4318780.793, 113
Trd, 4318782.293, 140
Trd, 4318783.593, 140
Trd, 4318784.093, 140
Trd, 4318784.193, 140
Trd, 4318784.393, 139
Trd, 4318787.343, 123
Trd, 4318787.893, 134
Trd, 4318788.443, 140
Trd, 4318788.543, 119
Trd, 4318789.443, 140
Trd, 4318789.543, 140
Trd, 4318790.493, 140
Trd, 4318790.943, 104
Trd, 4318792.243, 136
Trd, 4318792.793, 98
Trd, 4318793.943, 113
Trd, 4318794.693, 112
Trd, 4318794.943, 110
Trd, 4318795.843, 69
Trd, 4318797.493, 121
Trd, 4318797.793, 103
Trd, 4318798.743, 140
Trd, 4318798.793, 139
Trd, 4318799.993, 98
Trd, 4318800.293, 69
Trd, 4318801.443, 138
Trd, 4318802.493, 109
Trd, 4318802.543, 98
Trd, 4318804.043, 139
Trd, 4318804.893, 140
Trd, 4318805.043, 140
Trd, 4318805.093, 139
Trd, 4318806.843, 111
Trd, 4318807.093, 111
Trd, 4318807.143, 90
Trd, 4318807.443, 72
Trd, 4318808.643, 118
Trd, 4318809.643, 67
Trd, 4318810.943, 137
Trd, 4318811.293, 136
Trd, 4318811.493, 89
Trd, 4318813.043, 80
Trd, 4318813.243, 140
Trd, 4318813.343, 80
Trd, 4318813.393, 77
Trd, 4318815.643, 140
Trd, 4318816.443, 119
Trd, 4318816.843, 93
Trd, 4318817.243, 91
Trd, 4318818.343, 92
Trd, 4318818.643, 94
Trd, 4318819.793, 138
Trd, 4318819.993, 63
Trd, 4318820.293, 113
Trd, 4318821.793, 70
Trd, 4318822.393, 73
Trd, 4318822.793, 69
Trd, 4318823.093, 64
Trd, 4318823.193, 77
Trd, 4318825.193, 122
Trd, 4318826.743, 104
Trd, 4318827.343, 122
Trd, 4318827.393, 114
Trd, 4318827.693, 105
Trd, 4318829.543, 140
Trd, 4318830.243, 140
Trd, 4318830.343, 140
Trd, 4318830.393, 90
Trd, 4318831.343, 112
Trd, 4318831.893, 105
Trd, 4318832.993, 140
Trd, 4318835.443, 140
Trd, 4318837.193, 140
Trd, 4318837.393, 140
Trd, 4318837.843, 140
Trd, 4318838.343, 140
Trd, 4318838.993, 140
Trd, 4318839.193, 139
Trd, 4318839.643, 132
Trd, 4318841.093, 140
Trd, 4318841.243, 138
Trd, 4318842.943, 125
Trd, 4318843.043, 124
Trd, 4318843.993, 125
Trd, 4318844.343, 123
Trd, 4318845.043, 94
Trd, 4318846.593, 140
Trd, 4318846.943, 140
Trd, 4318847.043, 115
Trd, 4318847.693, 131
Trd, 4318847.943, 106
Trd, 4318849.843, 140
Trd, 4318851.243, 140
Trd, 4318851.393, 97
Trd, 4318852.693, 96
Trd, 4318853.193, 66
Trd, 4318853.793, 60
Trd, 4318855.443, 72
Trd, 4318856.243, 92
Trd, 4318856.943, 140
Trd, 4318856.993, 104
Trd, 4318857.093, 72
Trd, 4318857.643, 131
Trd, 4318858.593, 139
Trd, 4318859.093, 140
Trd, 4318859.393, 139
Trd, 4318860.543, 139
Trd, 4318862.543, 101
Trd, 4318862.643, 135
Trd, 4318862.943, 127
Trd, 4318863.643, 82
Trd, 4318864.043, 78
Trd, 4318864.743, 134
Trd, 4318866.243, 140
Trd, 4318866.293, 140
Trd, 4318866.793, 97
Trd, 4318867.393, 86
Trd, 4318867.593, 139
Trd, 4318868.893, 140
Trd, 4318870.193, 140
Trd, 4318871.043, 140
Trd, 4318871.393, 140
Trd, 4318872.993, 140
Trd, 4318873.193, 139
Trd, 4318874.043, 77
Trd, 4318875.243, 81
Trd, 4318875.493, 67
Trd, 4318875.993, 60
Trd, 4318876.593, 134
Trd, 4318876.693, 117
Trd, 4318876.993, 140
Trd, 4318878.793, 128
Trd, 4318879.193, 122
Trd, 4318881.143, 61
Trd, 4318881.293, 60
Trd, 4318881.793, 68
Trd, 4318883.993, 68
Trd, 4318884.443, 69
Trd, 4318886.293, 60
Trd, 4318886.543, 68
Trd, 4318887.093, 95
Trd, 4318888.493, 60
Trd, 4318889.193, 61
Trd, 4318890.293, 103
Trd, 4318890.343, 102
Trd, 4318890.993, 61
Trd, 4318891.693, 138
Trd, 4318893.543, 140
Trd, 4318893.793, 139
Trd, 4318893.893, 138
Trd, 4318894.293, 138
Trd, 4318894.343, 135
Trd, 4318895.843, 90
Trd, 4318896.543, 140
Trd, 4318897.543, 106
Trd, 4318897.843, 99
Trd, 4318898.893, 126
Trd, 4318899.293, 98
Trd, 4318899.893, 139
Trd, 4318902.043, 139
Trd, 4318903.293, 140
Trd, 4318904.043, 139
Trd, 4318904.443, 126
Trd, 4318904.743, 125
Trd, 4318907.193, 111
Trd, 4318907.393, 126
Trd, 4318907.443, 108
Trd, 4318907.743, 94
Trd, 4318907.843, 75
Trd, 4318909.493, 140
Trd, 4318909.693, 139
Trd, 4318910.193, 99
Trd, 4318910.843, 136
Trd, 4318911.493, 135
Trd, 4318912.393, 140
Trd, 4318913.143, 61
Trd, 4318914.743, 62
Trd, 4318915.743, 71
Trd, 4318916.193, 112
Trd, 4318917.043, 137
Trd, 4318917.843, 137
Trd, 4318918.543, 132
Trd, 4318919.243, 132
Trd, 4318919.593, 132
Trd, 4318919.843, 81
Trd, 4318920.293, 140
Trd, 4318921.593, 87
Trd, 4318922.143, 139
Trd, 4318922.793, 138
Trd, 4318923.193, 69
Trd, 4318923.943, 133
Trd, 4318925.193, 120
Trd, 4318926.193, 95
Trd, 4318927.093, 140
Trd, 4318927.493, 140
Trd, 4318927.893, 98
Trd, 4318928.143, 71
Trd, 4318930.193, 121
Trd, 4318930.243, 68
Trd, 4318930.643, 67
Trd, 4318931.493, 100
Trd, 4318932.543, 127
Trd, 4318932.743, 116
Trd, 4318933.493, 67
Trd, 4318933.843, 74
Trd, 4318934.393, 117
Trd, 4318936.243, 69
Trd, 4318937.443, 61
Trd, 4318938.343, 130
Trd, 4318939.043, 138
Trd, 4318939.393, 130
Trd, 4318939.843, 131
Trd, 4318940.093, 129
Trd, 4318940.493, 62
Trd, 4318941.293, 67
Trd, 4318941.843, 70
Trd, 4318942.493, 89
Trd, 4318942.843, 86
Trd, 4318943.893, 87
Trd, 4318945.493, 140
Trd, 4318945.593, 140
Trd, 4318945.843, 133
Trd, 4318946.893, 65
Trd, 4318947.693, 66
Trd, 4318947.993, 65
Trd, 4318948.893, 62
Trd, 4318949.793, 69
Trd, 4318950.243, 61
Trd, 4318950.343, 76
Trd, 4318951.343, 140
Trd, 4318952.893, 140
Trd, 4318953.143, 139
Trd, 4318953.393, 96
Trd, 4318954.343, 140
Trd, 4318955.543, 140
Trd, 4318955.693, 116
Trd, 4318956.393, 132
Trd, 4318956.793, 139
Trd, 4318957.043, 130
Trd, 4318958.893, 120
Trd, 4318958.993, 119
Trd, 4318960.043, 63
Trd, 4318960.993, 137
Trd, 4318962.143, 111
Trd, 4318962.993, 140
Trd, 4318963.543, 125
Trd, 4318964.043, 60
Trd, 4318964.443, 91
Trd, 4318966.293, 120
Trd, 4318968.493, 140
Trd, 4318968.543, 140
Trd, 4318968.743, 120
Trd, 4318968.793, 100
Trd, 4318969.493, 127
Trd, 4318970.393, 140
Trd, 4318972.093, 140
Trd, 4318972.443, 140
Trd, 4318973.093, 140
Trd, 4318973.543, 114
Trd, 4318975.043, 138
Trd, 4318975.443, 139
Trd, 4318977.043, 140
Trd, 4318977.343, 140
Trd, 4318978.193, 140
Trd, 4318978.793, 140
Trd, 4318979.743, 140
Trd, 4318980.293, 101
Trd, 4318980.843, 83
Trd, 4318982.243, 83
Trd, 4318982.493, 83
Trd, 4318984.893, 140
Trd, 4318985.293, 140
Trd, 4318985.343, 138
Trd, 4318985.593, 84
Trd, 4318986.993, 135
Trd, 4318987.643, 118
Trd, 4318989.693, 140
Trd, 4318989.843, 140
Trd, 4318989.943, 139
Trd, 4318990.093, 106
Trd, 4318990.193, 68
Trd, 4318991.693, 66
Trd, 4318992.443, 61
Trd, 4318993.593, 136
Trd, 4318993.893, 135
Trd, 4318994.393, 134
Trd, 4318995.343, 105
Trd, 4318995.693, 140
Trd, 4318997.143, 102
Trd, 4318997.793, 74
Trd, 4318998.943, 127
Trd, 4318999.493, 128
Trd, 4318999.543, 127
Trd, 4318999.993, 127
Trd, 4319001.093, 139
Trd, 4319001.243, 138
Trd, 4319002.093, 140
Trd, 4319003.743, 140
Trd, 4319003.993, 102
Trd, 4319006.543, 140
Trd, 4319006.643, 140
Trd, 4319006.843, 140
Trd, 4319008.943, 128
Trd, 4319009.693, 140
Trd, 4319010.343, 118
Trd, 4319011.543, 140
Trd, 4319011.893, 140
Trd, 4319012.543, 132
Trd, 4319013.743, 133
Trd, 4319014.493, 132
Trd, 4319014.543, 130
Trd, 4319014.743, 129
Trd, 4319015.143, 138
Trd, 4319015.593, 138
Trd, 4319016.243, 99
Trd, 4319017.193, 74
Trd, 4319017.693, 73
Trd, 4319018.493, 61
Trd, 4319020.543, 110
Trd, 4319021.643, 62
Trd, 4319021.693, 63
Trd, 4319021.843, 69
Trd, 4319022.143, 140
Trd, 4319022.443, 110
Trd, 4319023.193, 85
Trd, 4319024.043, 86
Trd, 4319024.743, 103
Trd, 4319025.193, 108
Trd, 4319025.243, 74
Trd, 4319026.943, 60
Trd, 4319027.243, 91
Trd, 4319027.943, 66
Trd, 4319028.393, 133
Trd, 4319029.743, 132
Trd, 4319030.743, 140
Trd, 4319031.243, 122
Trd, 4319031.393, 116
Trd, 4319034.293, 100
Trd, 4319034.993, 131
Trd, 4319036.143, 140
Trd, 4319036.443, 140
Trd, 4319037.193, 139
Trd, 4319037.443, 110
Trd, 4319037.593, 95
Trd, 4319038.493, 139
Trd, 4319039.793, 140
Trd, 4319039.943, 140
Trd, 4319040.393, 140
Trd, 4319040.843, 140
Trd, 4319041.893, 139
Trd, 4319042.193, 98
Trd, 4319042.593, 138
Trd, 4319044.293, 140
Trd, 4319044.443, 140
Trd, 4319045.593, 90
Trd, 4319045.693, 89
Trd, 4319046.443, 84
Trd, 4319046.843, 72
Trd, 4319048.593, 108
Trd, 4319048.693, 66
Trd, 4319050.493, 140
Trd, 4319051.393, 86
Trd, 4319051.443, 137
Trd, 4319051.993, 68
Trd, 4319053.243, 139
Trd, 4319053.593, 139
Trd, 4319053.843, 140
Trd, 4319054.293, 138
Trd, 4319054.793, 66
Trd, 4319054.893, 94
Trd, 4319056.093, 140
Trd, 4319058.343, 88
Trd, 4319058.943, 73
Trd, 4319059.593, 60
Trd, 4319060.893, 60
Trd, 4319061.543, 67
Trd, 4319061.693, 74
Trd, 4319062.543, 70
Trd, 4319064.443, 135
Trd, 4319064.793, 60
Trd, 4319064.943, 115
Trd, 4319065.643, 61
Trd, 4319067.043, 67
Trd, 4319067.193, 74
Trd, 4319068.093, 73
Trd, 4319068.893, 84
Trd, 4319069.393, 65
Trd, 4319069.443, 62
Trd, 4319070.243, 90
Trd, 4319071.843, 140
Trd, 4319072.743, 140
Trd, 4319072.893, 139
Trd, 4319072.943, 99
Trd, 4319074.093, 140
Trd, 4319075.443, 140
Trd, 4319075.493, 140
Trd, 4319076.493, 140
Trd, 4319076.993, 140
Trd, 4319077.593, 139
Trd, 4319079.343, 140
Trd, 4319079.443, 128
Trd, 4319079.893, 114
Trd, 4319080.493, 140
Trd, 4319080.993, 139
Trd, 4319082.043, 140
Trd, 4319083.943, 107
Trd, 4319084.643, 127
Trd, 4319084.893, 125
Trd, 4319085.343, 139
Trd, 4319086.243, 140
Trd, 4319086.293, 127
Trd, 4319086.693, 83
Trd, 4319087.743, 64
Trd, 4319088.193, 66
Trd, 4319089.143, 60
Trd, 4319089.443, 65
Trd, 4319090.093, 80
Trd, 4319091.093, 61
Trd, 4319091.443, 72
Trd, 4319092.843, 116
Trd, 4319093.993, 121
Trd, 4319094.243, 128
Trd, 4319094.393, 125
Trd, 4319096.493, 140
Trd, 4319096.593, 140
Trd, 4319096.993, 140
Trd, 4319097.143, 140
Trd, 4319098.643, 139
Trd, 4319098.793, 124
Trd, 4319099.593, 140
Trd, 4319100.793, 117
Trd, 4319100.993, 119
Trd, 4319101.043, 125
Trd, 4319102.093, 116
Trd, 4319102.493, 115
Trd, 4319102.993, 115
Trd, 4319103.643, 135
Trd, 4319104.043, 94
Trd, 4319104.743, 63
Trd, 4319104.793, 66
Trd, 4319106.243, 137
Trd, 4319106.443, 136
Trd, 4319106.543, 135
Trd, 4319107.843, 113
Trd, 4319109.343, 63
Trd, 4319110.343, 67
Trd, 4319110.493, 88
Trd, 4319111.043, 63
Trd, 4319111.943, 89
Trd, 4319112.643, 61
Trd, 4319113.393, 62
Trd, 4319114.293, 61
Trd, 4319114.343, 101
Trd, 4319115.193, 61
Trd, 4319116.493, 68
Trd, 4319117.493, 109
Trd, 4319117.543, 87
Trd, 4319118.043, 140
Trd, 4319118.643, 135
Trd, 4319119.993, 137
Trd, 4319120.843, 102
Trd, 4319120.893, 71
Trd, 4319122.343, 79
Trd, 4319122.643, 116
Trd, 4319123.743, 129
Trd, 4319124.543, 140
Trd, 4319125.393, 130
Trd, 4319127.243, 130
Trd, 4319127.643, 126
Trd, 4319128.643, 139
Trd, 4319128.693, 97
Trd, 4319128.893, 94
Trd, 4319130.243, 140
Trd, 4319130.593, 140
Trd, 4319131.193, 140
Trd, 4319131.493, 111
Trd, 4319131.943, 63
Trd, 4319132.493, 62
Trd, 4319133.643, 108
Trd, 4319134.643, 107
Trd, 4319136.143, 128
Trd, 4319137.243, 140
Trd, 4319137.343, 140
Trd, 4319138.443, 140
Trd, 4319139.443, 138
Trd, 4319139.743, 135
Trd, 4319140.743, 140
Trd, 4319141.893, 139
Trd, 4319142.193, 138
Trd, 4319142.293, 119
Trd, 4319142.943, 140
Trd, 4319143.243, 140
Trd, 4319143.493, 135
Trd, 4319144.593, 140
Trd, 4319144.893, 113
Trd, 4319146.043, 103
Trd, 4319147.143, 101
Trd, 4319147.243, 97
Trd, 4319147.693, 94
Trd, 4319148.893, 140
Trd, 4319149.343, 138
Trd, 4319150.043, 133
Trd, 4319150.943, 99
Trd, 4319151.043, 106
Trd, 4319151.143, 89
Trd, 4319151.943, 77
Trd, 4319152.243, 69
Trd, 4319153.893, 61
Trd, 4319154.793, 62
Trd, 4319155.393, 65
Trd, 4319155.993, 62
Trd, 4319156.793, 126
Trd, 4319156.893, 111
Trd, 4319157.793, 80
Trd, 4319159.043, 140
Trd, 4319159.843, 135
Trd, 4319161.693, 125
Trd, 4319162.393, 126
Trd, 4319163.743, 140
Trd, 4319164.343, 140
Trd, 4319164.393, 140
Trd, 4319164.493, 86
Trd, 4319164.943, 119
Trd, 4319165.493, 140
Trd, 4319166.243, 140
Trd, 4319169.143, 140
Trd, 4319169.943, 140
Trd, 4319170.143, 132
Trd, 4319171.493, 140
Trd, 4319172.193, 140
Trd, 4319172.343, 139
Trd, 4319173.243, 140
Trd, 4319173.343, 138
Trd, 4319173.593, 121
Trd, 4319174.543, 62
Trd, 4319174.993, 121
Trd, 4319175.893, 61
Trd, 4319176.293, 63
Trd, 4319177.743, 115
Trd, 4319177.843, 65
Trd, 4319179.043, 138
Trd, 4319180.193, 140
Trd, 4319180.993, 136
Trd, 4319183.493, 140
Trd, 4319184.043, 140
Trd, 4319185.143, 140
Trd, 4319185.593, 140
Trd, 4319186.493, 125
Trd, 4319188.093, 138
Trd, 4319188.743, 137
Trd, 4319189.093, 139
Trd, 4319189.843, 125
Trd, 4319190.143, 112
Trd, 4319191.343, 140
Trd, 4319192.193, 137
Trd, 4319192.543, 136
Trd, 4319194.993, 132
Trd, 4319195.493, 100
Trd, 4319196.443, 140
Trd, 4319197.593, 139
Trd, 4319197.893, 84
Trd, 4319198.143, 78
Trd, 4319199.093, 140
Trd, 4319199.143, 140
Trd, 4319200.043, 127
Trd, 4319201.343, 117
Trd, 4319201.543, 138
Trd, 4319202.343, 140
Trd, 4319202.593, 105
Trd, 4319203.793, 140
Trd, 4319204.093, 130
Trd, 4319204.393, 106
Trd, 4319205.243, 139
Trd, 4319205.893, 122
Trd, 4319206.843, 93
Trd, 4319207.393, 62
Trd, 4319207.993, 92
Trd, 4319208.843, 90
Trd, 4319210.843, 134
Trd, 4319211.493, 133
Trd, 4319211.593, 132
Trd, 4319212.493, 140
Trd, 4319212.993, 138
Trd, 4319213.393, 102
Trd, 4319216.243, 140
Trd, 4319216.293, 140
Trd, 4319216.693, 139
Trd, 4319217.293, 117
Trd, 4319218.343, 97
Trd, 4319219.643, 133
Trd, 4319219.743, 89
Trd, 4319220.343, 138
Trd, 4319220.643, 132
Trd, 4319222.093, 138
Trd, 4319222.293, 126
Trd, 4319223.493, 140
Trd, 4319224.393, 125
Trd, 4319225.543, 140
Trd, 4319226.143, 118
Trd, 4319226.993, 140
Trd, 4319228.593, 140
Trd, 4319228.743, 140
Trd, 4319229.293, 111
Trd, 4319230.493, 140
Trd, 4319230.843, 140
Trd, 4319231.693, 61
Trd, 4319231.743, 68
Trd, 4319232.143, 63
Trd, 4319234.793, 140
Trd, 4319234.893, 140
Trd, 4319236.543, 140
Trd, 4319236.943, 140
Trd, 4319237.643, 139
Trd, 4319237.843, 106
Trd, 4319238.993, 140
Trd, 4319239.293, 65
Trd, 4319239.693, 96
Trd, 4319240.593, 132
Trd, 4319241.193, 139
Trd, 4319241.943, 75
Trd, 4319242.493, 140
Trd, 4319244.043, 115
Trd, 4319244.143, 93
Trd, 4319244.943, 140
Trd, 4319246.593, 60
Trd, 4319248.193, 76
Trd, 4319249.593, 138
Trd, 4319249.943, 98
Trd, 4319250.793, 130
Trd, 4319253.043, 140
Trd, 4319253.493, 140
Trd, 4319254.293, 140
Trd, 4319254.443, 139
Trd, 4319254.693, 101
Trd, 4319256.143, 139
Trd, 4319257.193, 61
Trd, 4319257.593, 67
Trd, 4319258.793, 61
Trd, 4319260.243, 66
Trd, 4319260.593, 138
Trd, 4319261.543, 140
Trd, 4319262.943, 137
Trd, 4319263.293, 67
Trd, 4319264.293, 102
Trd, 4319264.643, 70
Trd, 4319266.693, 130
Trd, 4319267.343, 82
Trd, 4319267.543, 89
Trd, 4319267.993, 90
Trd, 4319268.143, 74
Trd, 4319268.693, 70
Trd, 4319269.893, 61
Trd, 4319272.043, 115
Trd, 4319272.943, 130
Trd, 4319273.443, 103
Trd, 4319273.693, 102
Trd, 4319274.443, 103
Trd, 4319274.693, 101
Trd, 4319275.243, 138
Trd, 4319276.343, 140
Trd, 4319276.793, 127
Trd, 4319277.143, 126
Trd, 4319277.243, 102
Trd, 4319278.543, 60
Trd, 4319278.743, 103
Trd, 4319281.693, 140
Trd, 4319281.993, 140
Trd, 4319282.243, 102
Trd, 4319282.343, 102
Trd, 4319283.093, 87
Trd, 4319283.893, 140
Trd, 4319286.943, 115
Trd, 4319287.143, 124
Trd, 4319287.443, 140
Trd, 4319287.743, 74
Trd, 4319288.693, 83
Trd, 4319288.943, 70
Trd, 4319289.043, 63
Trd, 4319289.293, 65
Trd, 4319290.143, 68
Trd, 4319291.143, 114
Trd, 4319291.493, 94
Trd, 4319292.993, 140
Trd, 4319293.543, 140
Trd, 4319295.393, 140
Trd, 4319295.743, 140
Trd, 4319296.393, 140
Trd, 4319297.043, 140
Trd, 4319298.193, 139
Trd, 4319298.943, 105
Trd, 4319299.893, 87
Trd, 4319300.543, 119
Trd, 4319301.443, 116
Trd, 4319301.843, 127
Trd, 4319302.243, 140
Trd, 4319303.393, 101
Trd, 4319303.893, 86
Trd, 4319304.443, 81
Trd, 4319305.843, 72
Trd, 4319306.593, 139
Trd, 4319307.193, 123
Trd, 4319307.493, 122
Trd, 4319308.793, 140
Trd, 4319309.093, 140
Trd, 4319309.193, 139
Trd, 4319311.593, 139
Trd, 4319313.143, 132
Trd, 4319313.593, 131
Trd, 4319315.593, 140
Trd, 4319315.893, 140
Trd, 4319316.043, 139
Trd, 4319316.693, 139
Trd, 4319316.843, 130
Trd, 4319317.493, 65
Trd, 4319318.243, 62
Trd, 4319318.793, 139
Trd, 4319319.293, 69
Trd, 4319319.943, 66
Trd, 4319320.093, 88
Trd, 4319321.193, 87
Trd, 4319322.593, 125
Trd, 4319323.793, 126
Trd, 4319323.893, 131
Trd, 4319324.843, 126
Trd, 4319325.393, 140
Trd, 4319325.593, 125
Trd, 4319327.193, 114
Trd, 4319327.493, 91
Trd, 4319327.943, 136
Trd, 4319328.593, 139
Trd, 4319329.093, 124
Trd, 4319330.293, 123
Trd, 4319331.943, 120
Trd, 4319333.243, 128
Trd, 4319334.193, 140
Trd, 4319335.243, 134
Trd, 4319335.893, 117
Trd, 4319336.593, 116
Trd, 4319337.043, 117
Trd, 4319337.643, 109
Trd, 4319337.793, 97
Trd, 4319338.443, 122
Trd, 4319339.493, 92
Trd, 4319340.743, 71
Trd, 4319341.143, 140
Trd, 4319341.843, 70
Trd, 4319343.993, 61
Trd, 4319344.193, 65
Trd, 4319344.543, 68
Trd, 4319344.743, 138
Trd, 4319345.143, 122
Trd, 4319346.593, 140
Trd, 4319347.143, 140
Trd, 4319347.343, 138
Trd, 4319348.343, 139
Trd, 4319348.893, 140
Trd, 4319350.593, 140
Trd, 4319351.143, 140
Trd, 4319351.643, 140
Trd, 4319352.043, 82
Trd, 4319353.043, 140
Trd, 4319353.343, 140
Trd, 4319354.893, 108
Trd, 4319355.343, 130
Trd, 4319356.643, 94
Trd, 4319357.443, 140
Trd, 4319357.893, 102
Trd, 4319358.743, 121
Trd, 4319359.243, 120
Trd, 4319359.543, 96
Trd, 4319360.643, 72
Trd, 4319360.893, 79
Trd, 4319361.543, 60
Trd, 4319362.293, 105
Trd, 4319363.743, 60
Trd, 4319363.843, 62
Trd, 4319363.943, 72
Trd, 4319364.593, 78
Trd, 4319365.743, 137
Trd, 4319366.743, 86
Trd, 4319368.043, 128
Trd, 4319368.493, 126
Trd, 4319369.143, 107
Trd, 4319369.393, 137
Trd, 4319371.693, 137
Trd, 4319372.043, 136
Trd, 4319373.343, 137
Trd, 4319373.743, 134
Trd, 4319374.443, 103
Trd, 4319375.093, 127
Trd, 4319376.693, 140
Trd, 4319377.043, 109
Trd, 4319377.093, 107
Trd, 4319378.393, 64
Trd, 4319378.743, 100
Trd, 4319379.093, 69
Trd, 4319380.093, 100
Trd, 4319380.893, 100
Trd, 4319382.693, 103
Trd, 4319383.343, 138
Trd, 4319383.543, 140
Trd, 4319383.693, 137
Trd, 4319383.843, 127
Trd, 4319384.543, 140
Trd, 4319385.993, 66
Trd, 4319386.843, 93
Trd, 4319389.043, 86
Trd, 4319389.343, 111
Trd, 4319389.743, 82
Trd, 4319390.543, 65
Trd, 4319391.543, 61
Trd, 4319391.993, 66
Trd, 4319392.393, 63
Trd, 4319392.543, 68
Trd, 4319393.793, 94
Trd, 4319394.843, 96
Trd, 4319395.893, 96
Trd, 4319396.043, 89
Trd, 4319396.643, 79
Trd, 4319396.943, 78
Trd, 4319398.843, 140
Trd, 4319398.943, 113
Trd, 4319399.293, 120
Trd, 4319399.793, 126
Trd, 4319401.693, 140
Trd, 4319402.343, 94
Trd, 4319403.043, 140
Trd, 4319403.343, 140
Trd, 4319404.193, 106
Trd, 4319404.243, 97
Trd, 4319405.643, 62
Trd, 4319406.343, 64
Trd, 4319406.493, 136
Trd, 4319407.443, 136
Trd, 4319407.993, 130
Trd, 4319408.243, 119
Trd, 4319411.543, 140
Trd, 4319411.943, 140
Trd, 4319413.143, 140
Trd, 4319413.193, 140
Trd, 4319413.643, 132
Trd, 4319413.943, 75
Trd, 4319414.993, 105
Trd, 4319415.043, 104
Trd, 4319415.743, 109
Trd, 4319415.943, 108
Trd, 4319416.393, 140
Trd, 4319418.093, 140
Trd, 4319418.743, 135
Trd, 4319418.843, 134
Trd, 4319419.343, 102
Trd, 4319420.193, 129
Trd, 4319420.443, 136
Trd, 4319421.243, 61
Trd, 4319421.643, 75
Trd, 4319423.043, 129
Trd, 4319423.643, 68
Trd, 4319425.093, 74
Trd, 4319425.293, 91
Trd, 4319426.493, 92
Trd, 4319427.143, 90
Trd, 4319427.743, 114
Trd, 4319427.843, 79
Trd, 4319429.043, 139
Trd, 4319429.093, 138
Trd, 4319429.643, 71
Trd, 4319430.393, 62
Trd, 4319431.343, 140
Trd, 4319431.793, 74
Trd, 4319432.893, 140
Trd, 4319433.093, 140
Trd, 4319434.243, 125
Trd, 4319434.293, 124
Trd, 4319435.743, 120
Trd, 4319436.243, 95
Trd, 4319437.343, 134
Trd, 4319438.793, 123
Trd, 4319440.243, 140
Trd, 4319440.293, 96
Trd, 4319440.443, 124
Trd, 4319441.293, 102
Trd, 4319442.043, 115
Trd, 4319442.893, 125
Trd, 4319443.693, 125
Trd, 4319443.793, 124
Trd, 4319444.943, 140
Trd, 4319445.043, 139
Trd, 4319446.043, 78
Trd, 4319447.693, 140
Trd, 4319449.893, 140
Trd, 4319450.043, 140
Trd, 4319450.143, 139
Trd, 4319451.743, 140
Trd, 4319452.143, 140
Trd, 4319452.243, 140
Trd, 4319453.543, 139
Trd, 4319454.043, 103
Trd, 4319455.243, 75
Trd, 4319455.643, 60
Trd, 4319456.143, 60
Trd, 4319457.743, 107
Trd, 4319457.993, 75
Trd, 4319458.093, 129
Trd, 4319458.943, 70
Trd, 4319460.893, 140
Trd, 4319461.043, 140
Trd, 4319461.243, 139
Trd, 4319461.393, 128
Trd, 4319461.993, 120
Trd, 4319463.143, 73
Trd, 4319463.243, 72
Trd, 4319463.493, 136
Trd, 4319464.443, 140
Trd, 4319464.593, 139
Trd, 4319467.143, 133
Trd, 4319467.243, 140
Trd, 4319467.293, 132
Trd, 4319467.393, 112
Trd, 4319467.793, 87
Trd, 4319468.443, 107
Trd, 4319469.593, 72
Trd, 4319470.043, 117
Trd, 4319471.393, 61
Trd, 4319472.593, 61
Trd, 4319473.643, 102
Trd, 4319473.843, 108
Trd, 4319475.143, 140
Trd, 4319476.643, 140
Trd, 4319476.843, 140
Trd, 4319477.093, 139
Trd, 4319477.143, 117
Trd, 4319477.493, 105
Trd, 4319479.393, 137
Trd, 4319480.593, 137
Trd, 4319480.693, 136
Trd, 4319481.443, 110
Trd, 4319481.993, 136
Trd, 4319483.293, 128
Trd, 4319484.293, 140
Trd, 4319484.843, 137
Trd, 4319486.243, 111
Trd, 4319486.343, 109
Trd, 4319487.693, 116
Trd, 4319488.193, 126
Trd, 4319488.243, 102
Trd, 4319489.343, 80
Trd, 4319489.993, 140
Trd, 4319491.393, 140
Trd, 4319491.443, 140
Trd, 4319493.293, 140
Trd, 4319494.193, 140
Trd, 4319494.543, 93
Trd, 4319496.243, 140
Trd, 4319496.693, 140
Trd, 4319497.093, 111
Trd, 4319497.693, 126
Trd, 4319499.743, 140
Trd, 4319501.043, 140
Trd, 4319501.793, 140
Trd, 4319501.943, 140
Trd, 4319503.343, 140
Trd, 4319504.193, 138
Trd, 4319505.993, 139
Trd, 4319506.043, 137
Trd, 4319506.593, 135
Trd, 4319507.743, 124
Trd, 4319508.193, 140
Trd, 4319510.543, 130
Trd, 4319510.643, 69
Trd, 4319511.393, 121
Trd, 4319512.193, 140
Trd, 4319513.243, 140
Trd, 4319513.793, 140
Trd, 4319514.593, 140
Trd, 4319515.143, 140
Trd, 4319515.943, 139
Trd, 4319517.193, 140
Trd, 4319518.993, 140
Trd, 4319519.193, 140
Trd, 4319519.993, 138
Trd, 4319520.243, 124
Trd, 4319520.543, 117
Trd, 4319522.093, 89
Trd, 4319522.393, 140
Trd, 4319523.993, 137
Trd, 4319524.293, 129
Trd, 4319524.443, 99
Trd, 4319525.343, 103
Trd, 4319525.693, 114
Trd, 4319527.243, 131
Trd, 4319527.693, 125
Trd, 4319530.443, 140
Trd, 4319530.793, 140
Trd, 4319532.193, 140
Trd, 4319533.043, 140
Trd, 4319533.243, 140
Trd, 4319533.843, 140
Trd, 4319534.393, 139
Trd, 4319534.843, 86
Trd, 4319535.043, 89
Trd, 4319535.193, 95
Trd, 4319535.393, 67
Trd, 4319537.193, 137
Trd, 4319537.843, 118
Trd, 4319538.493, 137
Trd, 4319538.593, 127
Trd, 4319539.093, 130
Trd, 4319541.243, 139
Trd, 4319541.743, 138
Trd, 4319542.293, 132
Trd, 4319542.493, 131
Trd, 4319543.343, 140
Trd, 4319543.893, 140
Trd, 4319545.543, 63
Trd, 4319546.193, 108
Trd, 4319547.143, 140
Trd, 4319547.543, 106
Trd, 4319548.893, 139
Trd, 4319549.443, 135
Trd, 4319550.593, 137
Trd, 4319550.843, 135
Trd, 4319551.993, 67
Trd, 4319552.043, 70
Trd, 4319552.243, 77
Trd, 4319553.543, 124
Trd, 4319554.343, 140
Trd, 4319554.893, 133
Trd, 4319555.243, 102
Trd, 4319556.293, 67
Trd, 4319556.693, 105
Trd, 4319557.393, 60
Trd, 4319557.693, 78
Trd, 4319559.943, 63
Trd, 4319560.693, 60
Trd, 4319561.893, 63
Trd, 4319562.193, 65
Trd, 4319562.943, 62
Trd, 4319563.843, 100
Trd, 4319564.043, 68
Trd, 4319565.293, 124
Trd, 4319565.743, 123
Trd, 4319566.243, 104
Trd, 4319566.843, 103
Trd, 4319568.493, 140
Trd, 4319568.893, 140
Trd, 4319569.493, 131
Trd, 4319570.293, 109
Trd, 4319572.343, 111
Trd, 4319574.193, 140
Trd, 4319574.393, 140
Trd, 4319574.993, 140
Trd, 4319576.093, 95
Trd, 4319576.893, 140
Trd, 4319577.643, 140
Trd, 4319577.943, 138
Trd, 4319578.193, 128
Trd, 4319579.443, 140
Trd, 4319579.893, 140
Trd, 4319580.443, 140
Trd, 4319580.693, 138
Trd, 4319580.843, 79
Trd, 4319582.443, 97
Trd, 4319583.743, 138
Trd, 4319584.043, 139
Trd, 4319584.493, 140
Trd, 4319585.593, 140
Trd, 4319585.893, 112
Trd, 4319587.843, 139
Trd, 4319588.343, 134
Trd, 4319589.393, 94
Trd, 4319590.493, 91
Trd, 4319590.993, 89
Trd, 4319591.493, 75
Trd, 4319592.293, 133
Trd, 4319592.993, 123
Trd, 4319593.893, 137
Trd, 4319594.093, 136
Trd, 4319594.693, 137
Trd, 4319596.093, 68
Trd, 4319596.393, 69
Trd, 4319596.593, 117
Trd, 4319597.143, 63
Trd, 4319598.943, 109
Trd, 4319600.543, 110
Trd, 4319602.493, 140
Trd, 4319603.343, 140
Trd, 4319603.393, 132
Trd, 4319603.543, 104
Trd, 4319603.693, 103
Trd, 4319605.093, 140
Trd, 4319606.143, 140
Trd, 4319606.893, 96
Trd, 4319606.943, 85
Trd, 4319607.443, 99
Trd, 4319607.693, 105
Trd, 4319609.193, 106
Trd, 4319611.143, 139
Trd, 4319612.043, 140
Trd, 4319612.893, 140
Trd, 4319612.943, 140
Trd, 4319613.093, 140
Trd, 4319613.243, 98
Trd, 4319614.993, 62
Trd, 4319615.693, 69
Trd, 4319615.843, 60
Trd, 4319616.293, 140
Trd, 4319617.343, 92
Trd, 4319619.193, 140
Trd, 4319620.593, 140
Trd, 4319621.743, 140
Trd, 4319622.143, 140
Trd, 4319622.643, 140
Trd, 4319622.743, 139
Trd, 4319623.543, 74
Trd, 4319624.343, 66
Trd, 4319624.443, 128
Trd, 4319624.793, 61
Trd, 4319625.293, 82
Trd, 4319627.343, 140
Trd, 4319627.743, 140
Trd, 4319628.443, 138
Trd, 4319628.993, 139
Trd, 4319632.393, 140
Trd, 4319632.443, 140
Trd, 4319632.993, 140
Trd, 4319633.143, 73
Trd, 4319633.593, 73
Trd, 4319634.093, 139
Trd, 4319634.993, 140
Trd, 4319636.143, 140
Trd, 4319636.943, 137
Trd, 4319637.043, 136
Trd, 4319637.243, 135
Trd, 4319639.893, 69
Trd, 4319640.593, 92
Trd, 4319640.693, 66
Trd, 4319641.793, 65
Trd, 4319642.943, 122
Trd, 4319643.843, 77
Trd, 4319643.943, 75
Trd, 4319644.493, 117
Trd, 4319645.993, 134
Trd, 4319646.693, 139
Trd, 4319647.693, 124
Trd, 4319648.593, 140
Trd, 4319649.293, 139
Trd, 4319649.393, 104
Trd, 4319649.543, 73
Trd, 4319650.943, 61
Trd, 4319651.193, 63
Trd, 4319651.993, 62
Trd, 4319653.393, 104
Trd, 4319654.493, 140
Trd, 4319655.493, 140
Trd, 4319656.243, 104
Trd, 4319656.343, 90
Trd, 4319657.143, 140
Trd, 4319657.793, 95
Trd, 4319658.743, 92
Trd, 4319660.793, 140
Trd, 4319661.093, 140
Trd, 4319661.143, 140
Trd, 4319661.593, 140
Trd, 4319662.843, 123
Trd, 4319663.193, 122
Trd, 4319663.393, 99
Trd, 4319665.293, 140
Trd, 4319666.093, 140
Trd, 4319667.093, 140
Trd, 4319667.543, 121
Trd, 4319668.793, 134
Trd, 4319668.943, 86
Trd, 4319669.893, 126
Trd, 4319670.743, 85
Trd, 4319671.593, 124
Trd, 4319671.943, 138
Trd, 4319672.493, 119
Trd, 4319674.343, 140
Trd, 4319675.043, 138
Trd, 4319675.393, 138
Trd, 4319676.693, 112
Trd, 4319676.743, 107
Trd, 4319678.493, 138
Trd, 4319679.343, 140
Trd, 4319679.993, 138
Trd, 4319680.843, 132
Trd, 4319680.943, 109
Trd, 4319681.393, 140
Trd, 4319681.793, 62
Trd, 4319682.593, 72
Trd, 4319684.493, 112
Trd, 4319685.493, 139
Trd, 4319686.393, 129
Trd, 4319686.443, 82
Trd, 4319688.743, 140
Trd, 4319689.893, 140
Trd, 4319690.793, 138
Trd, 4319691.593, 135
Trd, 4319692.593, 129
Trd, 4319692.743, 126
Trd, 4319694.793, 140
Trd, 4319695.143, 140
Trd, 4319695.743, 140
Trd, 4319697.043, 83
Trd, 4319697.443, 84
Trd, 4319697.743, 68
Trd, 4319698.593, 138
Trd, 4319699.543, 137
Trd, 4319700.943, 99
Trd, 4319702.443, 74
Trd, 4319702.993, 81
Trd, 4319703.193, 80
Trd, 4319704.193, 131
Trd, 4319704.393, 83
Trd, 4319705.343, 133
Trd, 4319705.443, 103
Trd, 4319705.643, 80
Trd, 4319708.093, 62
Trd, 4319709.093, 61
Trd, 4319709.393, 61
Trd, 4319710.593, 61
Trd, 4319710.743, 72
Trd, 4319710.793, 78
Trd, 4319713.193, 72
Trd, 4319713.493, 97
Trd, 4319713.943, 108
Trd, 4319714.543, 140
Trd, 4319715.393, 83
Trd, 4319718.143, 140
Trd, 4319718.393, 139
Trd, 4319718.443, 122
Trd, 4319719.193, 114
Trd, 4319719.443, 109
Trd, 4319719.543, 107
Trd, 4319720.543, 139
Trd, 4319722.643, 140
Trd, 4319722.993, 140
Trd, 4319723.793, 140
Trd, 4319725.393, 138
Trd, 4319725.793, 140
Trd, 4319726.143, 111
Trd, 4319727.093, 107
Trd, 4319727.543, 106
Trd, 4319727.743, 75
Trd, 4319728.493, 140
Trd, 4319729.343, 140
Trd, 4319730.493, 140
Trd, 4319731.643, 126
Trd, 4319731.793, 123
Trd, 4319732.693, 140
Trd, 4319733.593, 140
Trd, 4319733.943, 140
Trd, 4319734.343, 74
Trd, 4319735.193, 62
Trd, 4319735.543, 82
Trd, 4319736.093, 70
Trd, 4319737.143, 64
Trd, 4319737.343, 128
Trd, 4319740.693, 61
Trd, 4319740.793, 63
Trd, 4319741.543, 63
Trd, 4319742.143, 60
Trd, 4319742.793, 86
Trd, 4319743.293, 140
Trd, 4319743.743, 140
Trd, 4319743.893, 113
Trd, 4319745.093, 120
Trd, 4319745.893, 132
Trd, 4319746.093, 68
Trd, 4319747.193, 122
Trd, 4319747.243, 121
Trd, 4319747.693, 69
Trd, 4319748.193, 140
Trd, 4319748.643, 140
Trd, 4319750.493, 72
Trd, 4319751.493, 129
Trd, 4319752.993, 140
Trd, 4319753.143, 139
Trd, 4319753.393, 136
Trd, 4319753.743, 130
Trd, 4319754.793, 60
Trd, 4319755.143, 68
Trd, 4319755.893, 68
Trd, 4319756.093, 115
Trd, 4319757.393, 65
Trd, 4319757.693, 140
Trd, 4319758.943, 70
Trd, 4319759.493, 87
Trd, 4319759.593, 129
Trd, 4319759.693, 69
Trd, 4319760.893, 112
Trd, 4319761.543, 140
Trd, 4319761.593, 138
Trd, 4319761.943, 132
Trd, 4319763.243, 65
Trd, 4319763.393, 134
Trd, 4319766.293, 139
Trd, 4319767.393, 140
Trd, 4319769.393, 140
Trd, 4319770.243, 140
Trd, 4319771.193, 140
Trd, 4319771.893, 140
Trd, 4319772.093, 140
Trd, 4319772.743, 140
Trd, 4319775.793, 80
Trd, 4319775.843, 79
Trd, 4319776.843, 140
Trd, 4319779.593, 140
Trd, 4319779.793, 140
Trd, 4319779.893, 138
Trd, 4319781.093, 113
Trd, 4319781.243, 112
Trd, 4319781.693, 139
Trd, 4319782.243, 111
Trd, 4319784.393, 140
Trd, 4319784.643, 139
Trd, 4319784.793, 112
Trd, 4319785.493, 81
Trd, 4319786.493, 122
Trd, 4319787.393, 107
Trd, 4319787.843, 92
Trd, 4319788.093, 98
Trd, 4319788.993, 90
Trd, 4319789.193, 72
Trd, 4319789.443, 67
Trd, 4319791.743, 140
Trd, 4319793.893, 140
Trd, 4319793.993, 140
Trd, 4319794.193, 117
Trd, 4319794.743, 110
Trd, 4319796.743, 140
Trd, 4319796.793, 140
Trd, 4319797.293, 110
Trd, 4319797.393, 70
Trd, 4319799.293, 62
Trd, 4319800.043, 98
Trd, 4319801.343, 140
Trd, 4319801.943, 140
Trd, 4319802.393, 140
Trd, 4319802.843, 138
Trd, 4319802.943, 136
Trd, 4319803.343, 121
Trd, 4319803.793, 140
Trd, 4319804.293, 106
Trd, 4319805.043, 61
Trd, 4319806.793, 106
Trd, 4319807.843, 61
Trd, 4319808.393, 64
Trd, 4319809.543, 60
Trd, 4319810.643, 78
Trd, 4319810.793, 98
Trd, 4319811.843, 113
Trd, 4319812.393, 114
Trd, 4319812.793, 112
Trd, 4319812.893, 96
Trd, 4319813.543, 137
Trd, 4319813.893, 97
Trd, 4319814.493, 68
Trd, 4319816.393, 140
Trd, 4319816.743, 140
Trd, 4319817.143, 133
Trd, 4319817.493, 62
Trd, 4319817.943, 66
Trd, 4319819.143, 140
Trd, 4319820.293, 140
Trd, 4319821.093, 140
Trd, 4319823.043, 112
Trd, 4319823.243, 104
Trd, 4319823.593, 129
Trd, 4319825.093, 140
Trd, 4319825.143, 140
Trd, 4319825.393, 140
Trd, 4319825.593, 119
Trd, 4319827.593, 100
Trd, 4319827.643, 95
Trd, 4319828.943, 97
Trd, 4319829.143, 96
Trd, 4319829.543, 81
Trd, 4319830.393, 81
Trd, 4319830.643, 129
Trd, 4319830.693, 131
Trd, 4319831.643, 104
Trd, 4319833.343, 105
Trd, 4319833.693, 136
Trd, 4319834.243, 104
Trd, 4319834.443, 135
Trd, 4319835.643, 140
Trd, 4319835.843, 119
Trd, 4319836.293, 111
Trd, 4319836.593, 78
Trd, 4319837.643, 60
Trd, 4319838.193, 85
Trd, 4319838.493, 98
Trd, 4319841.693, 140
Trd, 4319841.743, 138
Trd, 4319842.143, 138
Trd, 4319842.543, 140
Trd, 4319842.693, 133
Trd, 4319842.943, 128
Trd, 4319843.393, 102
Trd, 4319844.343, 140
Trd, 4319844.393, 139
Trd, 4319845.243, 94
Trd, 4319847.493, 140
Trd, 4319847.593, 139
Trd, 4319847.743, 113
Trd, 4319848.293, 140
Trd, 4319848.443, 99
Trd, 4319850.043, 92
Trd, 4319850.493, 140
Trd, 4319850.593, 139
Trd, 4319850.943, 83
Trd, 4319852.943, 128
Trd, 4319853.143, 128
Trd, 4319854.793, 140
Trd, 4319856.543, 93
Trd, 4319857.193, 65
Trd, 4319857.743, 63
Trd, 4319858.293, 60
Trd, 4319858.593, 99
Trd, 4319858.993, 70
Trd, 4319859.893, 135
Trd, 4319860.243, 66
Trd, 4319861.143, 65
Trd, 4319861.393, 60
Trd, 4319863.893, 123
Trd, 4319864.643, 119
Trd, 4319865.893, 72
Trd, 4319865.993, 70
Trd, 4319867.043, 87
Trd, 4319867.693, 75
Trd, 4319868.443, 140
Trd, 4319869.043, 140
Trd, 4319869.343, 140
Trd, 4319869.643, 132
Trd, 4319869.943, 102
Trd, 4319870.243, 79
Trd, 4319870.743, 61
Trd, 4319872.943, 61
Trd, 4319873.543, 68
Trd, 4319873.793, 107
Trd, 4319874.043, 62
Trd, 4319876.843, 60
Trd, 4319877.493, 61
Trd, 4319877.643, 61
Trd, 4319878.043, 71
Trd, 4319878.943, 66
Trd, 4319879.193, 122
Trd, 4319880.593, 140
Trd, 4319880.993, 140
Trd, 4319881.143, 140
Trd, 4319881.543, 113
Trd, 4319882.543, 96
Trd, 4319883.193, 131
Trd, 4319883.743, 127
Trd, 4319884.993, 140
Trd, 4319886.143, 140
Trd, 4319886.543, 140
Trd, 4319886.593, 138
Trd, 4319886.843, 125
Trd, 4319888.143, 84
Trd, 4319888.343, 86
Trd, 4319889.393, 92
Trd, 4319889.743, 118
Trd, 4319891.193, 94
Trd, 4319891.393, 93
Trd, 4319892.043, 138
Trd, 4319892.243, 140
Trd, 4319893.393, 92
Trd, 4319894.193, 139
Trd, 4319895.243, 127
Trd, 4319895.893, 140
Trd, 4319896.093, 125
Trd, 4319896.193, 108
Trd, 4319898.243, 137
Trd, 4319898.493, 135
Trd, 4319898.643, 63
Trd, 4319900.093, 136
Trd, 4319900.893, 129
Trd, 4319902.043, 140
Trd, 4319902.193, 128
Trd, 4319902.593, 96
Trd, 4319903.143, 140
Trd, 4319903.243, 140
Trd, 4319903.643, 136
Trd, 4319904.593, 60
Trd, 4319905.743, 60
Trd, 4319907.143, 61
Trd, 4319907.643, 64
Trd, 4319908.043, 76
Trd, 4319908.893, 138
Trd, 4319909.043, 112
Trd, 4319909.693, 98
Trd, 4319910.193, 134
Trd, 4319910.343, 110
Trd, 4319910.393, 109
Trd, 4319911.943, 140
Trd, 4319914.343, 140
Trd, 4319914.793, 140
Trd, 4319915.093, 61
Trd, 4319916.643, 115
Trd, 4319916.693, 114
Trd, 4319917.493, 124
Trd, 4319918.693, 140
Trd, 4319918.893, 140
Trd, 4319919.193, 140
Trd, 4319919.893, 134
Trd, 4319920.243, 135
Trd, 4319923.493, 92
Trd, 4319923.743, 137
Trd, 4319924.893, 138
Trd, 4319924.993, 124
Trd, 4319925.643, 98
Trd, 4319926.243, 98
Trd, 4319926.443, 97
Trd, 4319927.243, 140
Trd, 4319928.743, 120
Trd, 4319929.093, 135
Trd, 4319930.143, 107
Trd, 4319931.143, 140
Trd, 4319931.943, 140
Trd, 4319932.693, 112
Trd, 4319933.193, 98
Trd, 4319934.093, 90
Trd, 4319934.343, 64
Trd, 4319934.843, 140
Trd, 4319935.943, 139
Trd, 4319936.943, 140
Trd, 4319937.593, 132
Trd, 4319938.143, 117
Trd, 4319938.293, 134
Trd, 4319939.293, 139
Trd, 4319939.543, 118
Trd, 4319940.243, 116
Trd, 4319941.843, 140
Trd, 4319942.493, 103
Trd, 4319942.693, 101
Trd, 4319943.093, 111
Trd, 4319944.243, 140
Trd, 4319945.243, 140
Trd, 4319946.443, 130
Trd, 4319947.193, 140
Trd, 4319947.693, 140
Trd, 4319949.593, 140
Trd, 4319949.693, 140
Trd, 4319950.043, 139
Trd, 4319950.493, 131
Trd, 4319950.593, 70
Trd, 4319952.193, 140
Trd, 4319952.743, 112
Trd, 4319952.793, 111
Trd, 4319952.943, 78
Trd, 4319954.193, 91
Trd, 4319955.593, 139
Trd, 4319956.043, 136
Trd, 4319956.393, 114
Trd, 4319957.493, 139
Trd, 4319959.243, 140
Trd, 4319959.793, 129
Trd, 4319960.793, 140
Trd, 4319960.943, 139
Trd, 4319961.943, 140
Trd, 4319961.993, 132
Trd, 4319963.443, 113
Trd, 4319964.743, 112
Trd, 4319967.043, 139
Trd, 4319967.893, 140
Trd, 4319968.843, 94
Trd, 4319970.143, 96
Trd, 4319970.643, 116
Trd, 4319971.443, 137
Trd, 4319971.593, 93
Trd, 4319973.143, 102
Trd, 4319974.193, 134
Trd, 4319974.943, 124
Trd, 4319975.243, 140
Trd, 4319975.843, 120
Trd, 4319977.293, 140
Trd, 4319978.393, 140
Trd, 4319978.643, 140
Trd, 4319979.493, 139
Trd, 4319980.193, 139
Trd, 4319980.693, 95
Trd, 4319981.143, 88
Trd, 4319981.843, 66
Trd, 4319982.393, 140
Trd, 4319983.593, 140
Trd, 4319984.343, 137
Trd, 4319984.443, 131
Trd, 4319985.093, 112
Trd, 4319985.843, 131
Trd, 4319986.093, 113
Trd, 4319986.293, 112
Trd, 4319987.093, 140
Trd, 4319988.593, 140
Trd, 4319989.593, 127
Trd, 4319991.643, 117
Trd, 4319992.543, 140
Trd, 4319993.043, 140
Trd, 4319993.643, 140
Trd, 4319994.193, 140
Trd, 4319994.343, 99
Trd, 4319995.193, 100
Trd, 4319995.543, 63
Trd, 4319996.743, 140
Trd, 4319998.343, 140
Trd, 4319998.943, 140
Trd, 4319999.743, 116
Trd, 4319999.993, 115
