Trd, 4318044.793, 140
Trd, 4318046.793, 140
Trd, 4318048.143, 140
Trd, 4318048.243, 140
Trd, 4318048.443, 140
Trd, 4318048.593, 140
Trd, 4318048.843, 140
Trd, 4318049.993, 138
Trd, 4318051.143, 60
Trd, 4318051.193, 60
Trd, 4318051.443, 139
Trd, 4318052.993, 62
Trd, 4318053.443, 66
Trd, 4318053.943, 125
Trd, 4318054.643, 140
Trd, 4318054.943, 140
Trd, 4318056.093, 61
Trd, 4318056.943, 60
Trd, 4318057.143, 60
Trd, 4318057.293, 68
Trd, 4318058.143, 99
Trd, 4318059.393, 140
Trd, 4318059.493, 140
Trd, 4318060.293, 140
Trd, 4318062.343, 140
Trd, 4318062.843, 140
Trd, 4318064.043, 140
Trd, 4318064.693, 140
Trd, 4318065.343, 140
Trd, 4318067.293, 140
Trd, 4318067.793, 140
Trd, 4318068.043, 140
Trd, 4318068.493, 140
Trd, 4318068.643, 140
Trd, 4318069.193, 140
Trd, 4318069.743, 140
Trd, 4318071.493, 140
Trd, 4318072.743, 140
Trd, 4318072.893, 140
Trd, 4318073.643, 140
Trd, 4318075.493, 140
Trd, 4318075.693, 140
Trd, 4318079.343, 140
Trd, 4318079.443, 140
Trd, 4318081.843, 140
Trd, 4318082.043, 140
Trd, 4318082.743, 140
Trd, 4318083.193, 140
Trd, 4318083.743, 140
Trd, 4318083.943, 140
Trd, 4318087.043, 140
Trd, 4318088.243, 140
Trd, 4318088.593, 140
Trd, 4318088.643, 140
Trd, 4318090.543, 140
Trd, 4318090.693, 140
Trd, 4318090.893, 139
Trd, 4318090.993, 140
Trd, 4318091.143, 139
Trd, 4318091.343, 140
Trd, 4318092.193, 138
Trd, 4318094.343, 140
Trd, 4318094.993, 140
Trd, 4318096.243, 138
Trd, 4318098.943, 140
Trd, 4318100.993, 140
Trd, 4318101.543, 140
Trd, 4318101.793, 139
Trd, 4318102.043, 140
Trd, 4318104.243, 140
Trd, 4318104.493, 140
Trd, 4318105.493, 140
Trd, 4318105.543, 140
Trd, 4318107.943, 140
Trd, 4318108.643, 140
Trd, 4318109.543, 140
Trd, 4318110.693, 140
Trd, 4318111.043, 140
Trd, 4318111.493, 140
Trd, 4318111.593, 140
Trd, 4318112.393, 138
Trd, 4318112.643, 130
Trd, 4318115.343, 139
Trd, 4318115.643, 138
Trd, 4318116.643, 140
Trd, 4318116.693, 140
Trd, 4318116.843, 140
Trd, 4318117.093, 111
Trd, 4318117.693, 140
Trd, 4318118.943, 140
Trd, 4318119.093, 140
Trd, 4318119.943, 140
Trd, 4318120.743, 139
Trd, 4318121.893, 139
Trd, 4318121.993, 138
Trd, 4318123.143, 134
Trd, 4318125.693, 140
Trd, 4318125.943, 140
Trd, 4318126.893, 140
Trd, 4318127.543, 140
Trd, 4318127.593, 138
Trd, 4318128.543, 140
Trd, 4318129.493, 140
Trd, 4318130.093, 140
Trd, 4318131.243, 140
Trd, 4318131.393, 136
Trd, 4318131.793, 104
Trd, 4318132.593, 140
Trd, 4318135.543, 140
Trd, 4318136.243, 140
Trd, 4318136.793, 139
Trd, 4318138.743, 140
Trd, 4318139.043, 140
Trd, 4318139.343, 140
Trd, 4318140.193, 138
Trd, 4318140.243, 136
Trd, 4318141.693, 140
Trd, 4318142.943, 140
Trd, 4318143.793, 140
Trd, 4318143.893, 140
Trd, 4318145.793, 140
Trd, 4318146.743, 140
Trd, 4318148.193, 140
Trd, 4318149.293, 140
Trd, 4318149.793, 140
Trd, 4318150.093, 138
Trd, 4318150.443, 139
Trd, 4318151.743, 140
Trd, 4318152.193, 140
Trd, 4318152.893, 140
Trd, 4318153.093, 140
Trd, 4318153.593, 140
Trd, 4318154.993, 139
Trd, 4318155.893, 140
Trd, 4318156.393, 140
Trd, 4318157.843, 139
Trd, 4318159.843, 140
Trd, 4318160.243, 140
Trd, 4318162.793, 140
Trd, 4318162.993, 140
Trd, 4318163.693, 140
Trd, 4318164.443, 140
Trd, 4318164.693, 140
Trd, 4318165.943, 140
Trd, 4318166.093, 139
Trd, 4318166.293, 138
Trd, 4318168.443, 140
Trd, 4318169.693, 140
Trd, 4318170.793, 140
Trd, 4318171.293, 140
Trd, 4318172.143, 140
Trd, 4318173.643, 140
Trd, 4318173.843, 140
Trd, 4318173.993, 140
Trd, 4318174.143, 140
Trd, 4318174.443, 140
Trd, 4318174.843, 140
Trd, 4318175.943, 139
Trd, 4318177.693, 140
Trd, 4318177.793, 140
Trd, 4318177.943, 139
Trd, 4318178.243, 136
Trd, 4318180.393, 140
Trd, 4318181.543, 140
Trd, 4318183.993, 140
Trd, 4318184.043, 140
Trd, 4318184.643, 140
Trd, 4318185.393, 140
Trd, 4318186.593, 140
Trd, 4318187.443, 140
Trd, 4318188.443, 140
Trd, 4318188.543, 140
Trd, 4318188.843, 140
Trd, 4318189.293, 140
Trd, 4318189.943, 140
Trd, 4318191.293, 140
Trd, 4318193.243, 140
Trd, 4318193.443, 140
Trd, 4318193.543, 140
Trd, 4318194.643, 140
Trd, 4318194.693, 140
Trd, 4318195.993, 140
Trd, 4318196.093, 140
Trd, 4318196.243, 140
Trd, 4318196.893, 138
Trd, 4318197.343, 129
Trd, 4318198.743, 133
Trd, 4318199.793, 140
Trd, 4318200.193, 140
Trd, 4318201.693, 140
Trd, 4318201.893, 140
Trd, 4318202.093, 139
Trd, 4318202.943, 137
Trd, 4318205.293, 140
Trd, 4318206.093, 140
Trd, 4318207.843, 140
Trd, 4318209.043, 140
Trd, 4318209.293, 140
Trd, 4318209.643, 140
Trd, 4318211.543, 139
Trd, 4318212.843, 140
Trd, 4318213.793, 140
Trd, 4318213.843, 140
Trd, 4318214.093, 140
Trd, 4318215.843, 140
Trd, 4318216.593, 140
Trd, 4318217.093, 140
Trd, 4318218.043, 140
Trd, 4318219.793, 140
Trd, 4318219.843, 139
Trd, 4318220.043, 139
Trd, 4318220.093, 139
Trd, 4318224.893, 140
Trd, 4318225.893, 140
Trd, 4318226.293, 140
Trd, 4318226.643, 140
Trd, 4318226.793, 140
Trd, 4318227.493, 140
Trd, 4318228.243, 139
Trd, 4318228.943, 140
Trd, 4318228.993, 139
Trd, 4318229.393, 140
Trd, 4318229.893, 140
Trd, 4318230.493, 140
Trd, 4318232.243, 140
Trd, 4318234.093, 140
Trd, 4318234.893, 140
Trd, 4318235.243, 140
Trd, 4318235.843, 139
Trd, 4318236.643, 140
Trd, 4318237.743, 140
Trd, 4318237.793, 139
Trd, 4318238.193, 140
Trd, 4318239.293, 140
Trd, 4318240.543, 140
Trd, 4318241.093, 140
Trd, 4318241.743, 140
Trd, 4318241.793, 140
Trd, 4318243.343, 140
Trd, 4318243.893, 140
Trd, 4318244.543, 140
Trd, 4318245.593, 140
Trd, 4318247.793, 140
Trd, 4318249.243, 140
Trd, 4318249.743, 140
Trd, 4318250.893, 140
Trd, 4318252.643, 140
Trd, 4318252.743, 139
Trd, 4318253.893, 140
Trd, 4318254.493, 140
Trd, 4318254.643, 140
Trd, 4318255.043, 140
Trd, 4318255.343, 139
Trd, 4318256.993, 140
Trd, 4318258.343, 140
Trd, 4318259.393, 140
Trd, 4318259.443, 139
Trd, 4318260.793, 140
Trd, 4318262.443, 140
Trd, 4318262.693, 140
Trd, 4318263.193, 139
Trd, 4318266.243, 140
Trd, 4318266.393, 140
Trd, 4318266.593, 140
Trd, 4318266.643, 140
Trd, 4318266.743, 140
Trd, 4318268.693, 140
Trd, 4318268.743, 140
Trd, 4318270.243, 140
Trd, 4318271.743, 140
Trd, 4318272.893, 140
Trd, 4318273.293, 140
Trd, 4318274.443, 140
Trd, 4318275.543, 140
Trd, 4318277.693, 140
Trd, 4318277.943, 140
Trd, 4318279.143, 140
Trd, 4318279.493, 140
Trd, 4318279.643, 140
Trd, 4318280.193, 140
Trd, 4318280.543, 140
Trd, 4318282.943, 140
Trd, 4318283.043, 139
Trd, 4318283.893, 140
Trd, 4318284.943, 140
Trd, 4318285.793, 140
Trd, 4318285.843, 140
Trd, 4318285.993, 138
Trd, 4318289.093, 140
Trd, 4318291.193, 140
Trd, 4318291.443, 140
Trd, 4318291.543, 140
Trd, 4318291.943, 140
Trd, 4318292.043, 140
Trd, 4318293.093, 139
Trd, 4318293.243, 137
Trd, 4318293.493, 140
Trd, 4318294.743, 140
Trd, 4318294.793, 140
Trd, 4318296.343, 140
Trd, 4318297.643, 140
Trd, 4318299.593, 140
Trd, 4318300.043, 140
Trd, 4318301.443, 140
Trd, 4318303.143, 140
Trd, 4318303.843, 140
Trd, 4318305.143, 140
Trd, 4318305.593, 140
Trd, 4318305.943, 140
Trd, 4318307.943, 140
Trd, 4318308.743, 140
Trd, 4318308.943, 140
Trd, 4318309.443, 140
Trd, 4318310.493, 140
Trd, 4318310.943, 140
Trd, 4318313.843, 140
Trd, 4318314.143, 140
Trd, 4318315.393, 140
Trd, 4318316.293, 140
Trd, 4318316.343, 140
Trd, 4318316.443, 139
Trd, 4318317.043, 140
Trd, 4318317.543, 140
Trd, 4318318.193, 137
Trd, 4318318.743, 138
Trd, 4318319.293, 140
Trd, 4318321.243, 140
Trd, 4318321.543, 140
Trd, 4318322.643, 140
Trd, 4318322.743, 140
Trd, 4318322.943, 139
Trd, 4318323.943, 138
Trd, 4318324.343, 140
Trd, 4318326.193, 140
Trd, 4318326.693, 140
Trd, 4318327.193, 140
Trd, 4318327.343, 139
Trd, 4318328.493, 134
Trd, 4318329.343, 140
Trd, 4318331.993, 140
Trd, 4318332.493, 140
Trd, 4318332.693, 140
Trd, 4318332.743, 140
Trd, 4318333.193, 140
Trd, 4318333.593, 138
Trd, 4318335.593, 140
Trd, 4318336.743, 140
Trd, 4318336.843, 140
Trd, 4318337.843, 140
Trd, 4318338.293, 140
Trd, 4318338.643, 139
Trd, 4318340.093, 140
Trd, 4318340.243, 140
Trd, 4318341.143, 140
Trd, 4318341.593, 136
Trd, 4318342.193, 140
Trd, 4318343.043, 140
Trd, 4318343.943, 140
Trd, 4318345.543, 140
Trd, 4318347.143, 140
Trd, 4318348.943, 140
Trd, 4318349.343, 140
Trd, 4318350.343, 140
Trd, 4318350.943, 140
Trd, 4318352.743, 140
Trd, 4318354.243, 140
Trd, 4318354.393, 140
Trd, 4318354.993, 140
Trd, 4318356.743, 140
Trd, 4318356.993, 140
Trd, 4318357.193, 140
Trd, 4318357.393, 140
Trd, 4318359.043, 140
Trd, 4318359.793, 140
Trd, 4318360.293, 140
Trd, 4318360.493, 140
Trd, 4318361.543, 139
Trd, 4318362.393, 140
Trd, 4318363.093, 140
Trd, 4318364.243, 140
Trd, 4318364.793, 139
Trd, 4318367.293, 140
Trd, 4318367.343, 140
Trd, 4318367.943, 140
Trd, 4318368.293, 140
Trd, 4318368.493, 140
Trd, 4318368.593, 139
Trd, 4318368.793, 140
Trd, 4318370.143, 140
Trd, 4318371.293, 140
Trd, 4318371.443, 140
Trd, 4318371.893, 140
Trd, 4318372.943, 140
Trd, 4318375.393, 140
Trd, 4318375.443, 140
Trd, 4318376.393, 140
Trd, 4318376.643, 140
Trd, 4318379.093, 140
Trd, 4318379.443, 140
Trd, 4318380.893, 140
Trd, 4318381.093, 140
Trd, 4318381.693, 140
Trd, 4318382.043, 140
Trd, 4318382.843, 140
Trd, 4318383.993, 140
Trd, 4318384.193, 138
Trd, 4318386.143, 139
Trd, 4318386.743, 140
Trd, 4318387.193, 140
Trd, 4318387.893, 139
Trd, 4318389.543, 140
Trd, 4318393.043, 140
Trd, 4318393.093, 140
Trd, 4318394.293, 138
Trd, 4318394.343, 140
Trd, 4318394.493, 138
Trd, 4318394.543, 133
Trd, 4318396.643, 140
Trd, 4318398.393, 140
Trd, 4318399.093, 140
Trd, 4318399.143, 140
Trd, 4318399.993, 140
Trd, 4318400.243, 140
Trd, 4318401.143, 140
Trd, 4318401.693, 140
Trd, 4318401.893, 140
Trd, 4318402.693, 140
Trd, 4318403.193, 139
Trd, 4318403.693, 134
Trd, 4318403.993, 139
Trd, 4318406.393, 140
Trd, 4318406.693, 140
Trd, 4318407.393, 140
Trd, 4318407.543, 140
Trd, 4318407.893, 140
Trd, 4318408.543, 140
Trd, 4318409.793, 140
Trd, 4318410.893, 140
Trd, 4318411.343, 140
Trd, 4318411.493, 139
Trd, 4318412.893, 140
Trd, 4318412.993, 140
Trd, 4318413.743, 140
Trd, 4318413.793, 140
Trd, 4318415.143, 140
Trd, 4318416.793, 140
Trd, 4318418.143, 140
Trd, 4318419.093, 140
Trd, 4318419.743, 140
Trd, 4318420.443, 140
Trd, 4318422.643, 140
Trd, 4318422.893, 140
Trd, 4318424.093, 140
Trd, 4318425.243, 140
Trd, 4318426.043, 140
Trd, 4318427.193, 140
Trd, 4318428.893, 140
Trd, 4318429.243, 140
Trd, 4318429.693, 140
Trd, 4318432.443, 140
Trd, 4318433.443, 140
Trd, 4318433.743, 140
Trd, 4318433.943, 140
Trd, 4318434.493, 139
Trd, 4318434.543, 139
Trd, 4318434.743, 138
Trd, 4318435.293, 140
Trd, 4318437.093, 140
Trd, 4318437.343, 140
Trd, 4318438.893, 140
Trd, 4318439.693, 140
Trd, 4318440.393, 140
Trd, 4318441.143, 140
Trd, 4318441.443, 140
Trd, 4318443.093, 140
Trd, 4318444.543, 140
Trd, 4318444.943, 140
Trd, 4318445.893, 140
Trd, 4318446.543, 140
Trd, 4318447.243, 140
Trd, 4318447.493, 140
Trd, 4318448.143, 140
Trd, 4318448.343, 139
Trd, 4318448.793, 140
Trd, 4318450.693, 140
Trd, 4318450.893, 138
Trd, 4318451.843, 140
Trd, 4318452.843, 140
Trd, 4318453.693, 140
Trd, 4318454.743, 140
Trd, 4318455.193, 140
Trd, 4318455.393, 140
Trd, 4318455.693, 140
Trd, 4318456.293, 140
Trd, 4318456.593, 139
Trd, 4318456.893, 139
Trd, 4318457.793, 139
Trd, 4318458.493, 138
Trd, 4318459.693, 139
Trd, 4318460.493, 140
Trd, 4318461.443, 139
Trd, 4318461.593, 138
Trd, 4318461.693, 138
Trd, 4318463.793, 140
Trd, 4318464.493, 140
Trd, 4318464.993, 140
Trd, 4318469.143, 140
Trd, 4318470.243, 140
Trd, 4318470.443, 140
Trd, 4318471.343, 140
Trd, 4318471.443, 140
Trd, 4318471.543, 140
Trd, 4318472.443, 140
Trd, 4318473.143, 140
Trd, 4318473.493, 140
Trd, 4318473.993, 140
Trd, 4318474.093, 139
Trd, 4318475.043, 140
Trd, 4318475.393, 140
Trd, 4318477.143, 140
Trd, 4318477.893, 140
Trd, 4318478.193, 140
Trd, 4318479.143, 140
Trd, 4318480.943, 140
Trd, 4318483.043, 140
Trd, 4318484.343, 140
Trd, 4318485.243, 140
Trd, 4318485.843, 140
Trd, 4318486.843, 140
Trd, 4318486.993, 140
Trd, 4318487.693, 140
Trd, 4318488.043, 140
Trd, 4318488.443, 139
Trd, 4318488.843, 140
Trd, 4318490.843, 140
Trd, 4318491.043, 140
Trd, 4318491.743, 140
Trd, 4318494.243, 140
Trd, 4318496.643, 140
Trd, 4318497.143, 140
Trd, 4318497.493, 140
Trd, 4318497.643, 140
Trd, 4318497.743, 139
Trd, 4318498.693, 140
Trd, 4318499.443, 140
Trd, 4318499.893, 140
Trd, 4318500.543, 140
Trd, 4318502.043, 140
Trd, 4318504.443, 140
Trd, 4318504.593, 140
Trd, 4318504.893, 140
Trd, 4318504.943, 140
Trd, 4318505.943, 140
Trd, 4318508.243, 139
Trd, 4318509.443, 140
Trd, 4318509.593, 139
Trd, 4318510.443, 140
Trd, 4318510.893, 140
Trd, 4318510.943, 139
Trd, 4318513.093, 140
Trd, 4318513.743, 140
Trd, 4318513.893, 140
Trd, 4318514.543, 140
Trd, 4318516.743, 140
Trd, 4318517.293, 140
Trd, 4318517.493, 140
Trd, 4318517.593, 140
Trd, 4318517.743, 140
Trd, 4318519.543, 139
Trd, 4318519.593, 139
Trd, 4318519.993, 139
Trd, 4318523.393, 140
Trd, 4318524.443, 140
Trd, 4318524.843, 140
Trd, 4318524.993, 139
Trd, 4318526.643, 140
Trd, 4318526.743, 138
Trd, 4318527.243, 137
Trd, 4318527.843, 138
Trd, 4318528.543, 138
Trd, 4318528.643, 139
Trd, 4318528.843, 119
Trd, 4318531.643, 140
Trd, 4318532.143, 140
Trd, 4318533.393, 140
Trd, 4318538.193, 140
Trd, 4318538.443, 140
Trd, 4318539.543, 140
Trd, 4318540.043, 140
Trd, 4318540.143, 139
Trd, 4318541.393, 140
Trd, 4318541.943, 140
Trd, 4318541.993, 140
Trd, 4318542.393, 140
Trd, 4318544.443, 140
Trd, 4318545.043, 138
Trd, 4318545.143, 137
Trd, 4318545.893, 138
Trd, 4318546.743, 140
Trd, 4318547.243, 90
Trd, 4318548.343, 140
Trd, 4318548.443, 139
Trd, 4318549.093, 138
Trd, 4318549.943, 130
Trd, 4318551.093, 139
Trd, 4318552.293, 140
Trd, 4318553.843, 140
Trd, 4318554.243, 140
Trd, 4318555.693, 140
Trd, 4318555.793, 140
Trd, 4318557.193, 140
Trd, 4318558.143, 140
Trd, 4318560.843, 140
Trd, 4318560.993, 140
Trd, 4318561.093, 140
Trd, 4318561.193, 139
Trd, 4318561.593, 138
Trd, 4318562.393, 140
Trd, 4318563.043, 140
Trd, 4318565.543, 140
Trd, 4318565.643, 140
Trd, 4318567.393, 140
Trd, 4318567.993, 140
Trd, 4318568.043, 140
Trd, 4318568.143, 140
Trd, 4318568.293, 140
Trd, 4318568.543, 139
Trd, 4318569.693, 108
Trd, 4318572.493, 140
Trd, 4318572.893, 140
Trd, 4318573.843, 140
Trd, 4318574.393, 140
Trd, 4318574.993, 140
Trd, 4318576.843, 140
Trd, 4318577.343, 140
Trd, 4318578.193, 140
Trd, 4318578.443, 140
Trd, 4318578.743, 140
Trd, 4318578.943, 139
Trd, 4318579.543, 140
Trd, 4318579.843, 139
Trd, 4318580.793, 140
Trd, 4318581.193, 140
Trd, 4318581.793, 139
Trd, 4318582.243, 140
Trd, 4318582.443, 139
Trd, 4318583.593, 140
Trd, 4318584.143, 135
Trd, 4318584.393, 140
Trd, 4318586.643, 140
Trd, 4318588.443, 140
Trd, 4318589.043, 140
Trd, 4318590.143, 140
Trd, 4318590.593, 140
Trd, 4318591.193, 140
Trd, 4318591.893, 140
Trd, 4318592.443, 140
Trd, 4318593.493, 140
Trd, 4318595.193, 140
Trd, 4318595.443, 140
Trd, 4318595.493, 140
Trd, 4318597.993, 140
Trd, 4318598.593, 140
Trd, 4318599.743, 140
Trd, 4318600.943, 140
Trd, 4318601.243, 140
Trd, 4318602.943, 140
Trd, 4318604.343, 140
Trd, 4318604.693, 140
Trd, 4318608.343, 140
Trd, 4318608.493, 140
Trd, 4318608.843, 140
Trd, 4318610.443, 140
Trd, 4318610.943, 140
Trd, 4318611.143, 139
Trd, 4318612.143, 140
Trd, 4318612.743, 140
Trd, 4318612.893, 140
Trd, 4318613.793, 140
Trd, 4318613.943, 140
Trd, 4318615.293, 140
Trd, 4318616.643, 139
Trd, 4318618.143, 140
Trd, 4318619.043, 140
Trd, 4318619.893, 140
Trd, 4318620.393, 140
Trd, 4318620.543, 140
Trd, 4318620.743, 137
Trd, 4318621.493, 140
Trd, 4318621.943, 140
Trd, 4318623.793, 140
Trd, 4318624.793, 140
Trd, 4318625.243, 140
Trd, 4318625.893, 140
Trd, 4318628.543, 140
Trd, 4318630.943, 140
Trd, 4318633.043, 140
Trd, 4318633.143, 140
Trd, 4318634.643, 140
Trd, 4318635.593, 140
Trd, 4318635.693, 140
Trd, 4318635.893, 140
Trd, 4318636.093, 140
Trd, 4318636.243, 140
Trd, 4318636.543, 140
Trd, 4318636.893, 140
Trd, 4318638.393, 139
Trd, 4318640.093, 140
Trd, 4318642.243, 140
Trd, 4318642.493, 140
Trd, 4318642.793, 139
Trd, 4318643.043, 138
Trd, 4318643.093, 140
Trd, 4318643.293, 130
Trd, 4318643.593, 125
Trd, 4318645.393, 140
Trd, 4318646.743, 140
Trd, 4318646.793, 140
Trd, 4318648.093, 140
Trd, 4318648.243, 140
Trd, 4318648.443, 139
Trd, 4318649.143, 137
Trd, 4318650.193, 140
Trd, 4318650.543, 139
Trd, 4318651.293, 139
Trd, 4318652.043, 140
Trd, 4318654.643, 140
Trd, 4318654.843, 140
Trd, 4318655.243, 140
Trd, 4318655.893, 140
Trd, 4318658.043, 140
Trd, 4318659.593, 140
Trd, 4318659.643, 140
Trd, 4318659.793, 140
Trd, 4318659.893, 139
Trd, 4318660.243, 140
Trd, 4318660.893, 138
Trd, 4318662.143, 137
Trd, 4318663.943, 140
Trd, 4318663.993, 140
Trd, 4318664.893, 140
Trd, 4318665.293, 140
Trd, 4318665.343, 139
Trd, 4318667.343, 140
Trd, 4318669.843, 140
Trd, 4318672.143, 140
Trd, 4318672.593, 140
Trd, 4318674.293, 140
Trd, 4318675.043, 140
Trd, 4318675.243, 140
Trd, 4318675.393, 140
Trd, 4318675.993, 140
Trd, 4318676.193, 139
Trd, 4318676.393, 140
Trd, 4318677.293, 140
Trd, 4318678.143, 140
Trd, 4318678.193, 112
Trd, 4318678.243, 112
Trd, 4318679.093, 140
Trd, 4318680.443, 140
Trd, 4318681.093, 139
Trd, 4318681.643, 139
Trd, 4318684.993, 140
Trd, 4318686.793, 140
Trd, 4318687.643, 140
Trd, 4318688.543, 140
Trd, 4318688.993, 140
Trd, 4318689.743, 140
Trd, 4318690.193, 140
Trd, 4318690.243, 139
Trd, 4318690.343, 140
Trd, 4318691.743, 140
Trd, 4318694.043, 140
Trd, 4318695.243, 140
Trd, 4318696.293, 140
Trd, 4318696.343, 140
Trd, 4318697.143, 140
Trd, 4318697.493, 140
Trd, 4318697.693, 140
Trd, 4318697.743, 140
Trd, 4318700.043, 139
Trd, 4318701.143, 140
Trd, 4318701.593, 140
Trd, 4318702.293, 140
Trd, 4318703.143, 140
Trd, 4318704.643, 140
Trd, 4318704.743, 139
Trd, 4318707.093, 140
Trd, 4318707.143, 138
Trd, 4318708.793, 140
Trd, 4318708.893, 139
Trd, 4318709.493, 140
Trd, 4318711.393, 140
Trd, 4318714.043, 140
Trd, 4318715.043, 140
Trd, 4318715.843, 140
Trd, 4318716.143, 140
Trd, 4318717.743, 140
Trd, 4318717.893, 140
Trd, 4318718.393, 140
Trd, 4318718.893, 140
Trd, 4318719.193, 140
Trd, 4318720.493, 140
Trd, 4318720.643, 140
Trd, 4318721.243, 140
Trd, 4318721.943, 140
Trd, 4318723.393, 140
Trd, 4318724.143, 140
Trd, 4318725.393, 140
Trd, 4318725.843, 140
Trd, 4318726.693, 140
Trd, 4318726.893, 140
Trd, 4318727.543, 140
Trd, 4318728.343, 140
Trd, 4318728.443, 140
Trd, 4318729.843, 138
Trd, 4318730.993, 140
Trd, 4318731.743, 140
Trd, 4318732.493, 140
Trd, 4318734.593, 140
Trd, 4318735.293, 140
Trd, 4318735.743, 140
Trd, 4318735.793, 140
Trd, 4318735.993, 140
Trd, 4318737.493, 140
Trd, 4318738.093, 140
Trd, 4318739.043, 134
Trd, 4318740.443, 140
Trd, 4318741.193, 140
Trd, 4318741.243, 140
Trd, 4318741.443, 139
Trd, 4318741.643, 138
Trd, 4318743.043, 140
Trd, 4318743.793, 140
Trd, 4318744.093, 140
Trd, 4318744.143, 107
Trd, 4318744.943, 73
Trd, 4318745.093, 75
Trd, 4318745.493, 140
Trd, 4318747.443, 140
Trd, 4318749.843, 140
Trd, 4318751.793, 140
Trd, 4318751.943, 140
Trd, 4318752.943, 140
Trd, 4318753.193, 140
Trd, 4318754.543, 140
Trd, 4318754.593, 140
Trd, 4318754.843, 140
Trd, 4318755.043, 140
Trd, 4318755.443, 139
Trd, 4318756.193, 123
Trd, 4318756.843, 139
Trd, 4318758.243, 140
Trd, 4318759.443, 140
Trd, 4318759.493, 139
Trd, 4318760.243, 140
Trd, 4318760.343, 140
Trd, 4318760.543, 140
Trd, 4318760.643, 137
Trd, 4318761.143, 140
Trd, 4318762.043, 126
Trd, 4318765.593, 140
Trd, 4318765.843, 140
Trd, 4318766.493, 140
Trd, 4318767.393, 140
Trd, 4318768.443, 140
Trd, 4318769.293, 140
Trd, 4318770.643, 140
Trd, 4318772.093, 140
Trd, 4318772.243, 140
Trd, 4318773.643, 140
Trd, 4318773.793, 140
Trd, 4318773.943, 140
Trd, 4318775.193, 140
Trd, 4318776.743, 140
Trd, 4318778.293, 140
Trd, 4318778.343, 140
Trd, 4318778.643, 139
Trd, 4318778.693, 121
Trd, 4318779.143, 140
Trd, 4318783.343, 140
Trd, 4318785.143, 140
Trd, 4318785.293, 140
Trd, 4318785.593, 140
Trd, 4318785.943, 140
Trd, 4318786.093, 139
Trd, 4318786.343, 139
Trd, 4318786.793, 138
Trd, 4318787.043, 105
Trd, 4318787.443, 135
Trd, 4318788.093, 140
Trd, 4318788.493, 65
Trd, 4318789.843, 140
Trd, 4318792.243, 140
Trd, 4318793.093, 140
Trd, 4318793.493, 140
Trd, 4318795.393, 140
Trd, 4318795.843, 140
Trd, 4318796.893, 140
Trd, 4318797.743, 140
Trd, 4318797.843, 140
Trd, 4318798.893, 140
Trd, 4318799.693, 140
Trd, 4318800.793, 140
Trd, 4318801.743, 140
Trd, 4318802.043, 140
Trd, 4318803.543, 140
Trd, 4318804.443, 140
Trd, 4318804.643, 140
Trd, 4318806.993, 140
Trd, 4318807.243, 140
Trd, 4318807.743, 140
Trd, 4318809.893, 140
Trd, 4318810.043, 140
Trd, 4318811.343, 140
Trd, 4318812.243, 140
Trd, 4318813.143, 140
Trd, 4318813.293, 139
Trd, 4318813.943, 124
Trd, 4318814.843, 140
Trd, 4318815.043, 140
Trd, 4318816.193, 140
Trd, 4318817.593, 140
Trd, 4318820.893, 140
Trd, 4318821.893, 140
Trd, 4318822.443, 140
Trd, 4318823.243, 140
Trd, 4318823.393, 140
Trd, 4318823.493, 140
Trd, 4318824.793, 140
Trd, 4318825.243, 140
Trd, 4318826.543, 140
Trd, 4318826.943, 140
Trd, 4318827.343, 140
Trd, 4318827.893, 140
Trd, 4318829.143, 140
Trd, 4318829.543, 119
Trd, 4318830.743, 139
Trd, 4318831.743, 140
Trd, 4318831.943, 140
Trd, 4318832.443, 140
Trd, 4318832.543, 140
Trd, 4318833.343, 67
Trd, 4318833.593, 77
Trd, 4318834.293, 140
Trd, 4318834.893, 140
Trd, 4318836.193, 140
Trd, 4318836.693, 140
Trd, 4318836.793, 139
Trd, 4318837.343, 139
Trd, 4318838.643, 139
Trd, 4318839.243, 139
Trd, 4318839.893, 138
Trd, 4318840.193, 140
Trd, 4318840.543, 137
Trd, 4318842.543, 140
Trd, 4318843.193, 140
Trd, 4318843.343, 140
Trd, 4318843.393, 139
Trd, 4318843.793, 136
Trd, 4318844.643, 138
Trd, 4318844.843, 140
Trd, 4318845.643, 130
Trd, 4318846.543, 140
Trd, 4318848.193, 140
Trd, 4318848.643, 140
Trd, 4318850.793, 140
Trd, 4318851.293, 140
Trd, 4318852.243, 140
Trd, 4318852.693, 140
Trd, 4318853.343, 140
Trd, 4318855.193, 140
Trd, 4318856.093, 140
Trd, 4318858.293, 140
Trd, 4318858.443, 140
Trd, 4318859.093, 140
Trd, 4318859.343, 140
Trd, 4318859.443, 140
Trd, 4318859.543, 140
Trd, 4318860.093, 115
Trd, 4318861.143, 140
Trd, 4318862.293, 140
Trd, 4318862.793, 140
Trd, 4318863.593, 140
Trd, 4318863.893, 140
Trd, 4318865.993, 140
Trd, 4318866.643, 139
Trd, 4318867.693, 140
Trd, 4318867.843, 140
Trd, 4318868.343, 140
Trd, 4318868.943, 139
Trd, 4318871.193, 140
Trd, 4318872.893, 140
Trd, 4318873.293, 139
Trd, 4318874.993, 140
Trd, 4318876.243, 140
Trd, 4318877.193, 140
Trd, 4318877.493, 138
Trd, 4318877.993, 140
Trd, 4318878.243, 139
Trd, 4318879.243, 139
Trd, 4318879.293, 124
Trd, 4318881.243, 140
Trd, 4318881.443, 140
Trd, 4318881.843, 140
Trd, 4318884.043, 140
Trd, 4318884.243, 140
Trd, 4318884.293, 140
Trd, 4318888.093, 140
Trd, 4318889.393, 140
Trd, 4318890.943, 140
Trd, 4318891.843, 140
Trd, 4318893.243, 140
Trd, 4318893.843, 140
Trd, 4318894.743, 140
Trd, 4318894.893, 140
Trd, 4318895.193, 140
Trd, 4318895.693, 140
Trd, 4318896.243, 140
Trd, 4318898.093, 140
Trd, 4318898.193, 140
Trd, 4318898.993, 138
Trd, 4318899.943, 140
Trd, 4318899.993, 140
Trd, 4318900.393, 139
Trd, 4318902.093, 140
Trd, 4318902.293, 140
Trd, 4318903.493, 140
Trd, 4318904.143, 140
Trd, 4318905.543, 139
Trd, 4318906.493, 140
Trd, 4318907.943, 140
Trd, 4318908.143, 140
Trd, 4318908.893, 139
Trd, 4318909.993, 140
Trd, 4318910.243, 140
Trd, 4318910.393, 140
Trd, 4318911.693, 138
Trd, 4318912.093, 140
Trd, 4318912.143, 139
Trd, 4318912.743, 132
Trd, 4318914.743, 140
Trd, 4318915.543, 140
Trd, 4318916.693, 140
Trd, 4318917.693, 139
Trd, 4318919.293, 140
Trd, 4318919.693, 140
Trd, 4318920.193, 140
Trd, 4318923.193, 140
Trd, 4318924.643, 140
Trd, 4318925.393, 140
Trd, 4318926.993, 140
Trd, 4318927.443, 140
Trd, 4318927.643, 140
Trd, 4318927.743, 140
Trd, 4318928.243, 140
Trd, 4318928.593, 137
Trd, 4318928.643, 139
Trd, 4318930.193, 103
Trd, 4318930.743, 128
Trd, 4318931.243, 140
Trd, 4318931.343, 139
Trd, 4318932.293, 140
Trd, 4318932.343, 136
Trd, 4318936.243, 140
Trd, 4318937.543, 140
Trd, 4318938.093, 140
Trd, 4318938.443, 140
Trd, 4318939.793, 140
Trd, 4318940.243, 140
Trd, 4318941.743, 140
Trd, 4318942.193, 140
Trd, 4318942.843, 140
Trd, 4318943.543, 140
Trd, 4318944.243, 140
Trd, 4318944.893, 140
Trd, 4318945.193, 140
Trd, 4318945.593, 140
Trd, 4318945.743, 140
Trd, 4318946.093, 138
Trd, 4318946.493, 128
Trd, 4318946.643, 102
Trd, 4318948.243, 140
Trd, 4318950.243, 140
Trd, 4318950.993, 140
Trd, 4318952.093, 140
Trd, 4318954.693, 140
Trd, 4318955.093, 140
Trd, 4318957.743, 140
Trd, 4318957.793, 140
Trd, 4318958.393, 139
Trd, 4318958.843, 139
Trd, 4318960.043, 140
Trd, 4318960.643, 140
Trd, 4318961.193, 140
Trd, 4318961.343, 140
Trd, 4318962.993, 140
Trd, 4318963.443, 140
Trd, 4318963.693, 140
Trd, 4318963.943, 140
Trd, 4318964.493, 140
Trd, 4318965.093, 139
Trd, 4318966.193, 139
Trd, 4318966.443, 139
Trd, 4318966.993, 80
Trd, 4318967.243, 140
Trd, 4318967.993, 119
Trd, 4318968.393, 67
Trd, 4318969.493, 139
Trd, 4318970.343, 140
Trd, 4318972.093, 140
Trd, 4318972.493, 140
Trd, 4318973.643, 140
Trd, 4318974.643, 140
Trd, 4318978.193, 140
Trd, 4318978.643, 140
Trd, 4318979.143, 140
Trd, 4318979.243, 140
Trd, 4318979.593, 140
Trd, 4318982.593, 140
Trd, 4318983.193, 140
Trd, 4318983.593, 140
Trd, 4318983.993, 140
Trd, 4318984.743, 140
Trd, 4318987.393, 140
Trd, 4318987.793, 140
Trd, 4318987.943, 140
Trd, 4318988.343, 139
Trd, 4318988.793, 139
Trd, 4318989.743, 140
Trd, 4318990.593, 140
Trd, 4318991.393, 138
Trd, 4318992.643, 140
Trd, 4318994.093, 139
Trd, 4318994.693, 140
Trd, 4318994.893, 139
Trd, 4318994.993, 138
Trd, 4318996.093, 140
Trd, 4318996.543, 140
Trd, 4318996.843, 138
Trd, 4318997.693, 107
Trd, 4318998.743, 134
Trd, 4318998.893, 133
Trd, 4318999.043, 135
Trd, 4318999.743, 139
Trd, 4319001.043, 140
Trd, 4319002.343, 140
Trd, 4319002.943, 140
Trd, 4319003.143, 140
Trd, 4319004.493, 140
Trd, 4319005.693, 139
Trd, 4319005.893, 139
Trd, 4319006.293, 140
Trd, 4319006.643, 140
Trd, 4319008.743, 140
Trd, 4319009.293, 140
Trd, 4319010.793, 140
Trd, 4319011.143, 140
Trd, 4319012.093, 140
Trd, 4319012.693, 140
Trd, 4319014.643, 140
Trd, 4319015.093, 140
Trd, 4319017.643, 140
Trd, 4319018.043, 140
Trd, 4319018.343, 140
Trd, 4319019.043, 140
Trd, 4319019.093, 140
Trd, 4319019.293, 140
Trd, 4319019.643, 138
Trd, 4319020.843, 140
Trd, 4319022.393, 140
Trd, 4319022.643, 140
Trd, 4319023.393, 140
Trd, 4319024.343, 140
Trd, 4319025.343, 140
Trd, 4319026.893, 140
Trd, 4319026.993, 140
Trd, 4319027.193, 140
Trd, 4319028.793, 139
Trd, 4319028.893, 140
Trd, 4319029.043, 114
Trd, 4319030.143, 140
Trd, 4319030.443, 138
Trd, 4319032.693, 138
Trd, 4319032.993, 140
Trd, 4319033.643, 140
Trd, 4319035.243, 140
Trd, 4319038.493, 140
Trd, 4319039.143, 140
Trd, 4319039.743, 140
Trd, 4319040.843, 140
Trd, 4319041.043, 140
Trd, 4319042.043, 140
Trd, 4319042.593, 139
Trd, 4319042.843, 138
Trd, 4319043.893, 139
Trd, 4319045.043, 140
Trd, 4319046.493, 126
Trd, 4319046.643, 134
Trd, 4319046.693, 137
Trd, 4319047.093, 139
Trd, 4319047.493, 135
Trd, 4319048.543, 138
Trd, 4319050.893, 140
Trd, 4319051.043, 140
Trd, 4319051.443, 138
Trd, 4319053.743, 140
Trd, 4319054.843, 140
Trd, 4319054.893, 140
Trd, 4319055.643, 140
Trd, 4319055.693, 140
Trd, 4319057.143, 140
Trd, 4319057.393, 140
Trd, 4319057.743, 140
Trd, 4319057.893, 139
Trd, 4319058.543, 140
Trd, 4319058.943, 135
Trd, 4319059.293, 139
Trd, 4319061.343, 140
Trd, 4319063.043, 140
Trd, 4319063.693, 139
Trd, 4319064.443, 140
Trd, 4319065.893, 140
Trd, 4319066.693, 140
Trd, 4319068.043, 140
Trd, 4319069.293, 140
Trd, 4319069.493, 140
Trd, 4319069.993, 140
Trd, 4319070.143, 139
Trd, 4319071.643, 140
Trd, 4319071.943, 140
Trd, 4319072.243, 140
Trd, 4319072.393, 140
Trd, 4319074.293, 140
Trd, 4319075.643, 140
Trd, 4319076.393, 140
Trd, 4319076.843, 140
Trd, 4319078.743, 140
Trd, 4319079.293, 140
Trd, 4319079.693, 140
Trd, 4319080.793, 140
Trd, 4319080.843, 139
Trd, 4319081.243, 140
Trd, 4319082.093, 140
Trd, 4319082.443, 137
Trd, 4319083.743, 140
Trd, 4319084.093, 140
Trd, 4319084.243, 140
Trd, 4319084.793, 67
Trd, 4319085.543, 140
Trd, 4319086.393, 140
Trd, 4319086.593, 139
Trd, 4319088.193, 140
Trd, 4319090.293, 140
Trd, 4319090.893, 140
Trd, 4319091.243, 140
Trd, 4319091.543, 140
Trd, 4319092.443, 140
Trd, 4319093.493, 140
Trd, 4319093.543, 140
Trd, 4319093.843, 139
Trd, 4319094.393, 139
Trd, 4319094.843, 140
Trd, 4319096.143, 120
Trd, 4319097.143, 62
Trd, 4319098.393, 108
Trd, 4319098.493, 110
Trd, 4319099.093, 84
Trd, 4319099.293, 112
Trd, 4319102.443, 140
Trd, 4319103.643, 140
Trd, 4319104.343, 140
Trd, 4319104.993, 140
Trd, 4319106.043, 140
Trd, 4319106.093, 140
Trd, 4319107.443, 140
Trd, 4319107.643, 140
Trd, 4319107.793, 140
Trd, 4319109.343, 139
Trd, 4319111.693, 140
Trd, 4319111.743, 140
Trd, 4319112.843, 140
Trd, 4319112.943, 140
Trd, 4319112.993, 140
Trd, 4319113.343, 137
Trd, 4319114.693, 140
Trd, 4319115.043, 140
Trd, 4319116.093, 139
Trd, 4319116.743, 133
Trd, 4319118.293, 140
Trd, 4319118.493, 140
Trd, 4319119.393, 140
Trd, 4319120.593, 140
Trd, 4319120.743, 140
Trd, 4319121.043, 138
Trd, 4319121.343, 125
Trd, 4319123.043, 140
Trd, 4319123.293, 140
Trd, 4319123.693, 140
Trd, 4319123.793, 139
Trd, 4319124.993, 140
Trd, 4319128.693, 140
Trd, 4319129.343, 140
Trd, 4319129.443, 140
Trd, 4319129.543, 140
Trd, 4319130.493, 140
Trd, 4319132.343, 140
Trd, 4319133.043, 140
Trd, 4319133.693, 140
Trd, 4319135.093, 140
Trd, 4319136.043, 140
Trd, 4319137.943, 140
Trd, 4319138.193, 140
Trd, 4319138.293, 140
Trd, 4319138.443, 140
Trd, 4319138.743, 140
Trd, 4319139.043, 138
Trd, 4319139.793, 140
Trd, 4319140.793, 140
Trd, 4319141.193, 140
Trd, 4319142.993, 140
Trd, 4319144.093, 140
Trd, 4319144.743, 140
Trd, 4319146.493, 140
Trd, 4319146.593, 139
Trd, 4319146.793, 139
Trd, 4319147.093, 140
Trd, 4319147.193, 137
Trd, 4319147.393, 140
Trd, 4319148.193, 138
Trd, 4319148.443, 137
Trd, 4319148.743, 138
Trd, 4319149.493, 138
Trd, 4319150.293, 137
Trd, 4319151.293, 140
Trd, 4319152.893, 140
Trd, 4319153.443, 140
Trd, 4319156.293, 140
Trd, 4319156.343, 140
Trd, 4319159.143, 140
Trd, 4319159.443, 140
Trd, 4319159.593, 140
Trd, 4319159.843, 140
Trd, 4319160.043, 140
Trd, 4319160.743, 138
Trd, 4319162.093, 137
Trd, 4319162.443, 140
Trd, 4319163.793, 140
Trd, 4319163.843, 138
Trd, 4319163.893, 134
Trd, 4319164.943, 140
Trd, 4319164.993, 140
Trd, 4319165.043, 140
Trd, 4319165.643, 138
Trd, 4319166.043, 105
Trd, 4319166.393, 140
Trd, 4319169.543, 140
Trd, 4319169.643, 140
Trd, 4319170.743, 140
Trd, 4319170.893, 140
Trd, 4319171.043, 140
Trd, 4319171.593, 140
Trd, 4319173.493, 140
Trd, 4319176.293, 140
Trd, 4319176.693, 140
Trd, 4319176.993, 140
Trd, 4319177.343, 140
Trd, 4319177.843, 139
Trd, 4319179.693, 140
Trd, 4319180.093, 140
Trd, 4319180.443, 138
Trd, 4319180.493, 137
Trd, 4319181.293, 140
Trd, 4319182.943, 140
Trd, 4319183.093, 140
Trd, 4319183.843, 140
Trd, 4319185.093, 140
Trd, 4319185.243, 140
Trd, 4319185.293, 140
Trd, 4319185.443, 139
Trd, 4319186.493, 60
Trd, 4319186.593, 60
Trd, 4319187.693, 140
Trd, 4319187.743, 140
Trd, 4319189.593, 117
Trd, 4319190.643, 113
Trd, 4319190.793, 115
Trd, 4319190.843, 118
Trd, 4319192.043, 64
Trd, 4319192.993, 63
Trd, 4319193.893, 140
Trd, 4319194.243, 139
Trd, 4319198.393, 140
Trd, 4319198.493, 140
Trd, 4319198.843, 140
Trd, 4319200.243, 140
Trd, 4319201.443, 140
Trd, 4319201.843, 137
Trd, 4319203.343, 140
Trd, 4319204.093, 140
Trd, 4319204.443, 139
Trd, 4319205.543, 140
Trd, 4319206.093, 140
Trd, 4319207.793, 140
Trd, 4319207.993, 140
Trd, 4319208.193, 140
Trd, 4319208.843, 140
Trd, 4319209.143, 140
Trd, 4319210.793, 140
Trd, 4319210.943, 138
Trd, 4319211.993, 140
Trd, 4319212.343, 139
Trd, 4319213.093, 140
Trd, 4319215.943, 140
Trd, 4319216.843, 140
Trd, 4319217.893, 140
Trd, 4319218.443, 139
Trd, 4319218.543, 138
Trd, 4319218.893, 121
Trd, 4319221.443, 140
Trd, 4319222.693, 140
Trd, 4319223.743, 140
Trd, 4319223.843, 140
Trd, 4319224.743, 140
Trd, 4319224.793, 140
Trd, 4319225.593, 139
Trd, 4319226.343, 137
Trd, 4319226.443, 140
Trd, 4319228.643, 140
Trd, 4319229.643, 140
Trd, 4319230.143, 140
Trd, 4319231.643, 140
Trd, 4319231.793, 138
Trd, 4319231.893, 128
Trd, 4319232.743, 62
Trd, 4319233.043, 117
Trd, 4319234.943, 139
Trd, 4319235.743, 140
Trd, 4319236.993, 140
Trd, 4319237.193, 128
Trd, 4319237.293, 140
Trd, 4319238.143, 140
Trd, 4319239.993, 140
Trd, 4319241.293, 140
Trd, 4319242.543, 140
Trd, 4319244.293, 140
Trd, 4319245.443, 140
Trd, 4319245.693, 140
Trd, 4319246.043, 139
Trd, 4319246.493, 140
Trd, 4319247.693, 131
Trd, 4319247.843, 134
Trd, 4319248.343, 97
Trd, 4319249.143, 140
Trd, 4319249.743, 140
Trd, 4319249.943, 140
Trd, 4319251.743, 140
Trd, 4319251.893, 140
Trd, 4319252.343, 140
Trd, 4319254.643, 140
Trd, 4319255.493, 140
Trd, 4319255.543, 140
Trd, 4319256.093, 140
Trd, 4319257.743, 140
Trd, 4319258.243, 140
Trd, 4319259.993, 140
Trd, 4319262.643, 140
Trd, 4319262.693, 140
Trd, 4319262.743, 139
Trd, 4319263.993, 140
Trd, 4319264.293, 140
Trd, 4319264.893, 138
Trd, 4319265.943, 140
Trd, 4319267.443, 140
Trd, 4319270.343, 140
Trd, 4319270.893, 140
Trd, 4319271.293, 140
Trd, 4319272.393, 140
Trd, 4319273.893, 140
Trd, 4319274.793, 140
Trd, 4319275.243, 140
Trd, 4319275.843, 140
Trd, 4319276.393, 140
Trd, 4319277.193, 140
Trd, 4319277.393, 140
Trd, 4319277.793, 138
Trd, 4319277.843, 140
Trd, 4319278.993, 140
Trd, 4319279.793, 140
Trd, 4319280.593, 140
Trd, 4319281.643, 140
Trd, 4319282.293, 140
Trd, 4319282.593, 140
Trd, 4319283.443, 85
Trd, 4319284.393, 140
Trd, 4319285.343, 140
Trd, 4319285.693, 140
Trd, 4319286.843, 140
Trd, 4319286.893, 139
Trd, 4319287.193, 139
Trd, 4319289.443, 140
Trd, 4319289.743, 140
Trd, 4319291.643, 140
Trd, 4319291.793, 140
Trd, 4319292.043, 140
Trd, 4319292.593, 140
Trd, 4319292.793, 140
Trd, 4319293.593, 140
Trd, 4319293.743, 135
Trd, 4319294.543, 138
Trd, 4319294.693, 60
Trd, 4319294.893, 61
Trd, 4319297.793, 140
Trd, 4319297.893, 140
Trd, 4319298.943, 140
Trd, 4319301.143, 140
Trd, 4319303.343, 140
Trd, 4319304.243, 140
Trd, 4319305.243, 140
Trd, 4319305.643, 140
Trd, 4319306.543, 140
Trd, 4319307.993, 140
Trd, 4319310.243, 140
Trd, 4319310.543, 140
Trd, 4319310.893, 140
Trd, 4319311.043, 140
Trd, 4319311.193, 140
Trd, 4319312.243, 140
Trd, 4319312.693, 140
Trd, 4319314.993, 140
Trd, 4319316.493, 140
Trd, 4319316.643, 140
Trd, 4319317.093, 140
Trd, 4319318.043, 140
Trd, 4319320.193, 140
Trd, 4319321.043, 140
Trd, 4319321.243, 140
Trd, 4319321.693, 140
Trd, 4319322.793, 140
Trd, 4319323.093, 140
Trd, 4319323.343, 139
Trd, 4319325.143, 140
Trd, 4319327.693, 140
Trd, 4319328.893, 140
Trd, 4319329.843, 140
Trd, 4319330.443, 140
Trd, 4319330.943, 140
Trd, 4319331.343, 140
Trd, 4319332.343, 140
Trd, 4319333.743, 140
Trd, 4319335.993, 140
Trd, 4319337.743, 140
Trd, 4319338.943, 140
Trd, 4319339.343, 140
Trd, 4319339.393, 140
Trd, 4319339.543, 140
Trd, 4319340.443, 137
Trd, 4319340.843, 140
Trd, 4319341.893, 140
Trd, 4319342.093, 140
Trd, 4319344.143, 140
Trd, 4319344.443, 140
Trd, 4319344.593, 140
Trd, 4319345.793, 140
Trd, 4319346.093, 138
Trd, 4319346.943, 112
Trd, 4319350.843, 140
Trd, 4319351.093, 140
Trd, 4319351.243, 140
Trd, 4319351.693, 140
Trd, 4319353.343, 140
Trd, 4319354.243, 139
Trd, 4319354.343, 138
Trd, 4319355.843, 140
Trd, 4319357.943, 140
Trd, 4319358.143, 140
Trd, 4319358.293, 140
Trd, 4319358.593, 140
Trd, 4319359.143, 140
Trd, 4319360.293, 140
Trd, 4319360.543, 140
Trd, 4319362.243, 140
Trd, 4319362.743, 140
Trd, 4319363.643, 140
Trd, 4319368.343, 140
Trd, 4319368.643, 140
Trd, 4319369.243, 140
Trd, 4319369.593, 138
Trd, 4319370.093, 139
Trd, 4319370.393, 138
Trd, 4319371.643, 140
Trd, 4319371.693, 140
Trd, 4319371.743, 140
Trd, 4319372.493, 140
Trd, 4319372.643, 140
Trd, 4319374.243, 140
Trd, 4319375.393, 140
Trd, 4319376.593, 140
Trd, 4319376.793, 140
Trd, 4319376.893, 139
Trd, 4319377.243, 138
Trd, 4319378.393, 139
Trd, 4319378.943, 133
Trd, 4319379.543, 140
Trd, 4319381.443, 140
Trd, 4319382.493, 140
Trd, 4319384.243, 140
Trd, 4319385.293, 140
Trd, 4319386.043, 140
Trd, 4319388.293, 140
Trd, 4319388.643, 140
Trd, 4319389.943, 140
Trd, 4319390.643, 139
Trd, 4319391.743, 140
Trd, 4319391.893, 140
Trd, 4319392.343, 139
Trd, 4319393.893, 140
Trd, 4319394.143, 140
Trd, 4319394.243, 139
Trd, 4319394.843, 140
Trd, 4319396.743, 140
Trd, 4319396.893, 140
Trd, 4319396.943, 140
Trd, 4319397.293, 137
Trd, 4319398.343, 112
Trd, 4319399.143, 140
Trd, 4319401.543, 140
Trd, 4319401.843, 140
Trd, 4319401.993, 140
Trd, 4319402.793, 139
Trd, 4319404.043, 140
Trd, 4319406.093, 140
Trd, 4319407.043, 140
Trd, 4319408.293, 140
Trd, 4319409.493, 140
Trd, 4319410.843, 140
Trd, 4319411.093, 140
Trd, 4319411.343, 140
Trd, 4319411.843, 140
Trd, 4319412.043, 140
Trd, 4319412.993, 140
Trd, 4319413.193, 139
Trd, 4319413.543, 137
Trd, 4319414.943, 130
Trd, 4319415.193, 69
Trd, 4319416.693, 140
Trd, 4319419.293, 140
Trd, 4319419.493, 140
Trd, 4319422.093, 140
Trd, 4319422.443, 140
Trd, 4319425.343, 140
Trd, 4319426.193, 140
Trd, 4319426.543, 140
Trd, 4319428.143, 140
Trd, 4319429.043, 140
Trd, 4319429.643, 140
Trd, 4319430.343, 140
Trd, 4319430.543, 140
Trd, 4319431.393, 140
Trd, 4319431.443, 140
Trd, 4319431.843, 140
Trd, 4319432.193, 140
Trd, 4319433.043, 140
Trd, 4319434.043, 140
Trd, 4319435.793, 140
Trd, 4319436.093, 140
Trd, 4319438.093, 140
Trd, 4319439.243, 140
Trd, 4319439.643, 140
Trd, 4319441.343, 140
Trd, 4319441.843, 140
Trd, 4319442.093, 140
Trd, 4319443.393, 140
Trd, 4319443.693, 140
Trd, 4319443.743, 139
Trd, 4319446.093, 140
Trd, 4319446.793, 140
Trd, 4319446.943, 140
Trd, 4319447.093, 140
Trd, 4319448.093, 140
Trd, 4319448.143, 140
Trd, 4319449.893, 103
Trd, 4319450.393, 138
Trd, 4319450.643, 101
Trd, 4319451.743, 60
Trd, 4319451.993, 60
Trd, 4319452.843, 64
Trd, 4319453.593, 139
Trd, 4319454.043, 139
Trd, 4319454.143, 139
Trd, 4319454.643, 101
Trd, 4319457.043, 140
Trd, 4319457.143, 140
Trd, 4319457.493, 140
Trd, 4319458.043, 140
Trd, 4319459.043, 140
Trd, 4319461.493, 140
Trd, 4319462.443, 140
Trd, 4319462.593, 140
Trd, 4319463.043, 140
Trd, 4319464.593, 140
Trd, 4319467.043, 140
Trd, 4319467.093, 140
Trd, 4319467.493, 140
Trd, 4319467.593, 134
Trd, 4319467.743, 110
Trd, 4319469.193, 140
Trd, 4319469.593, 140
Trd, 4319469.893, 139
Trd, 4319470.243, 140
Trd, 4319470.393, 138
Trd, 4319470.593, 136
Trd, 4319472.693, 140
Trd, 4319473.243, 140
Trd, 4319474.193, 140
Trd, 4319474.993, 138
Trd, 4319475.993, 140
Trd, 4319476.993, 140
Trd, 4319478.493, 140
Trd, 4319479.293, 140
Trd, 4319480.293, 140
Trd, 4319480.643, 140
Trd, 4319481.143, 139
Trd, 4319482.343, 140
Trd, 4319482.593, 140
Trd, 4319483.543, 140
Trd, 4319484.593, 140
Trd, 4319484.993, 140
Trd, 4319485.093, 139
Trd, 4319485.493, 140
Trd, 4319485.893, 140
Trd, 4319486.743, 140
Trd, 4319488.593, 131
Trd, 4319490.543, 140
Trd, 4319490.793, 140
Trd, 4319491.693, 140
Trd, 4319493.543, 140
Trd, 4319493.893, 140
Trd, 4319494.993, 140
Trd, 4319497.093, 140
Trd, 4319497.293, 140
Trd, 4319497.493, 139
Trd, 4319497.793, 140
Trd, 4319498.143, 138
Trd, 4319500.043, 140
Trd, 4319500.643, 140
Trd, 4319501.643, 140
Trd, 4319501.993, 140
Trd, 4319502.393, 139
Trd, 4319502.543, 140
Trd, 4319503.143, 138
Trd, 4319503.593, 134
Trd, 4319504.543, 140
Trd, 4319505.743, 140
Trd, 4319507.343, 140
Trd, 4319507.943, 140
Trd, 4319509.293, 140
Trd, 4319509.543, 140
Trd, 4319510.543, 140
Trd, 4319510.943, 139
Trd, 4319513.343, 140
Trd, 4319513.843, 140
Trd, 4319514.243, 140
Trd, 4319515.543, 140
Trd, 4319516.093, 140
Trd, 4319516.493, 140
Trd, 4319517.893, 140
Trd, 4319518.093, 140
Trd, 4319518.243, 140
Trd, 4319521.143, 140
Trd, 4319523.793, 140
Trd, 4319523.943, 140
Trd, 4319524.193, 140
Trd, 4319524.293, 140
Trd, 4319525.343, 140
Trd, 4319526.943, 140
Trd, 4319528.793, 140
Trd, 4319529.393, 140
Trd, 4319529.943, 140
Trd, 4319530.093, 140
Trd, 4319530.293, 139
Trd, 4319530.743, 139
Trd, 4319531.993, 140
Trd, 4319532.843, 140
Trd, 4319532.893, 139
Trd, 4319535.893, 140
Trd, 4319535.993, 140
Trd, 4319536.143, 137
Trd, 4319537.493, 140
Trd, 4319537.793, 140
Trd, 4319539.743, 140
Trd, 4319541.043, 140
Trd, 4319541.093, 139
Trd, 4319541.993, 140
Trd, 4319542.443, 140
Trd, 4319542.543, 136
Trd, 4319542.793, 111
Trd, 4319543.393, 66
Trd, 4319544.443, 80
Trd, 4319544.743, 88
Trd, 4319546.293, 63
Trd, 4319546.743, 66
Trd, 4319548.343, 140
Trd, 4319549.093, 140
Trd, 4319550.343, 140
Trd, 4319550.693, 140
Trd, 4319551.843, 140
Trd, 4319553.943, 140
Trd, 4319554.993, 140
Trd, 4319555.143, 140
Trd, 4319555.443, 138
Trd, 4319555.793, 136
Trd, 4319556.343, 131
Trd, 4319556.693, 131
Trd, 4319556.843, 132
Trd, 4319557.843, 140
Trd, 4319559.093, 140
Trd, 4319559.893, 140
Trd, 4319560.193, 140
Trd, 4319561.443, 140
Trd, 4319563.493, 140
Trd, 4319564.843, 140
Trd, 4319565.343, 139
Trd, 4319565.443, 139
Trd, 4319566.943, 140
Trd, 4319568.693, 140
Trd, 4319568.993, 140
Trd, 4319571.243, 140
Trd, 4319571.443, 140
Trd, 4319571.943, 140
Trd, 4319572.043, 140
Trd, 4319572.193, 140
Trd, 4319572.543, 140
Trd, 4319572.993, 140
Trd, 4319574.043, 140
Trd, 4319574.943, 140
Trd, 4319576.793, 140
Trd, 4319577.193, 140
Trd, 4319577.343, 139
Trd, 4319578.493, 140
Trd, 4319579.693, 140
Trd, 4319580.193, 140
Trd, 4319580.243, 139
Trd, 4319580.643, 140
Trd, 4319582.343, 140
Trd, 4319582.943, 140
Trd, 4319583.593, 140
Trd, 4319584.093, 140
Trd, 4319585.243, 140
Trd, 4319586.143, 140
Trd, 4319587.793, 140
Trd, 4319589.893, 140
Trd, 4319590.193, 140
Trd, 4319591.043, 140
Trd, 4319592.643, 140
Trd, 4319592.743, 140
Trd, 4319592.993, 140
Trd, 4319595.093, 140
Trd, 4319595.543, 140
Trd, 4319596.743, 140
Trd, 4319596.993, 140
Trd, 4319597.743, 140
Trd, 4319598.193, 140
Trd, 4319598.443, 139
Trd, 4319599.993, 140
Trd, 4319600.343, 139
Trd, 4319600.643, 106
Trd, 4319601.043, 140
Trd, 4319602.093, 140
Trd, 4319602.943, 140
Trd, 4319604.393, 140
Trd, 4319604.693, 140
Trd, 4319604.943, 140
Trd, 4319605.543, 140
Trd, 4319605.743, 140
Trd, 4319606.393, 140
Trd, 4319606.493, 139
Trd, 4319607.193, 139
Trd, 4319607.293, 138
Trd, 4319607.343, 138
Trd, 4319608.593, 106
Trd, 4319609.843, 63
Trd, 4319611.743, 138
Trd, 4319612.293, 138
Trd, 4319613.693, 140
Trd, 4319614.043, 140
Trd, 4319615.693, 139
Trd, 4319616.543, 139
Trd, 4319617.343, 140
Trd, 4319618.543, 140
Trd, 4319620.743, 140
Trd, 4319620.943, 140
Trd, 4319621.443, 140
Trd, 4319621.693, 139
Trd, 4319623.393, 140
Trd, 4319623.643, 140
Trd, 4319625.593, 140
Trd, 4319626.143, 140
Trd, 4319626.443, 140
Trd, 4319627.093, 140
Trd, 4319627.793, 140
Trd, 4319627.893, 140
Trd, 4319629.393, 140
Trd, 4319631.343, 140
Trd, 4319632.243, 140
Trd, 4319633.143, 140
Trd, 4319633.193, 140
Trd, 4319633.593, 139
Trd, 4319636.193, 140
Trd, 4319637.143, 140
Trd, 4319637.293, 140
Trd, 4319637.593, 140
Trd, 4319638.693, 140
Trd, 4319639.743, 140
Trd, 4319642.293, 140
Trd, 4319643.143, 140
Trd, 4319644.693, 140
Trd, 4319645.993, 140
Trd, 4319647.093, 140
Trd, 4319647.443, 139
Trd, 4319648.593, 140
Trd, 4319648.843, 140
Trd, 4319649.143, 140
Trd, 4319650.543, 140
Trd, 4319651.693, 140
Trd, 4319654.743, 140
Trd, 4319655.793, 140
Trd, 4319657.693, 140
Trd, 4319657.893, 140
Trd, 4319658.343, 140
Trd, 4319658.693, 140
Trd, 4319658.893, 140
Trd, 4319658.943, 139
Trd, 4319659.143, 136
Trd, 4319660.243, 124
Trd, 4319660.843, 105
Trd, 4319660.893, 137
Trd, 4319661.293, 120
Trd, 4319661.343, 138
Trd, 4319662.893, 60
Trd, 4319663.543, 109
Trd, 4319665.593, 140
Trd, 4319667.943, 140
Trd, 4319668.843, 140
Trd, 4319668.993, 140
Trd, 4319670.643, 140
Trd, 4319671.543, 140
Trd, 4319671.643, 140
Trd, 4319672.193, 140
Trd, 4319672.493, 140
Trd, 4319673.543, 140
Trd, 4319675.493, 140
Trd, 4319675.893, 140
Trd, 4319677.343, 140
Trd, 4319681.343, 140
Trd, 4319683.093, 140
Trd, 4319683.243, 140
Trd, 4319683.343, 139
Trd, 4319684.043, 140
Trd, 4319684.243, 140
Trd, 4319684.393, 140
Trd, 4319685.243, 137
Trd, 4319685.893, 137
Trd, 4319686.293, 140
Trd, 4319687.293, 140
Trd, 4319687.343, 118
Trd, 4319688.543, 64
Trd, 4319689.493, 140
Trd, 4319689.693, 140
Trd, 4319693.093, 140
Trd, 4319693.693, 140
Trd, 4319693.743, 140
Trd, 4319693.843, 140
Trd, 4319694.443, 139
Trd, 4319694.743, 138
Trd, 4319695.293, 114
Trd, 4319695.843, 140
Trd, 4319696.843, 140
Trd, 4319698.193, 140
Trd, 4319699.893, 140
Trd, 4319699.993, 140
Trd, 4319700.043, 140
Trd, 4319700.443, 139
Trd, 4319701.143, 140
Trd, 4319701.443, 140
Trd, 4319702.743, 139
Trd, 4319703.293, 140
Trd, 4319705.243, 140
Trd, 4319705.443, 140
Trd, 4319707.043, 140
Trd, 4319707.193, 140
Trd, 4319707.793, 140
Trd, 4319708.543, 140
Trd, 4319709.343, 140
Trd, 4319709.843, 140
Trd, 4319710.743, 140
Trd, 4319710.993, 139
Trd, 4319712.243, 140
Trd, 4319713.143, 140
Trd, 4319714.443, 140
Trd, 4319714.943, 140
Trd, 4319715.543, 140
Trd, 4319717.193, 140
Trd, 4319718.093, 140
Trd, 4319720.093, 140
Trd, 4319721.343, 140
Trd, 4319723.343, 140
Trd, 4319723.743, 140
Trd, 4319723.943, 140
Trd, 4319724.393, 139
Trd, 4319725.043, 140
Trd, 4319725.593, 140
Trd, 4319725.793, 138
Trd, 4319725.943, 136
Trd, 4319726.143, 62
Trd, 4319726.643, 139
Trd, 4319729.543, 140
Trd, 4319729.743, 140
Trd, 4319731.143, 140
Trd, 4319731.193, 140
Trd, 4319731.293, 140
Trd, 4319731.643, 140
Trd, 4319731.793, 138
Trd, 4319732.243, 109
Trd, 4319732.943, 121
Trd, 4319733.493, 132
Trd, 4319734.793, 140
Trd, 4319735.543, 140
Trd, 4319736.243, 140
Trd, 4319739.293, 140
Trd, 4319739.443, 140
Trd, 4319740.993, 140
Trd, 4319741.243, 140
Trd, 4319741.443, 140
Trd, 4319742.393, 140
Trd, 4319742.593, 140
Trd, 4319742.693, 138
Trd, 4319743.043, 138
Trd, 4319743.193, 135
Trd, 4319743.693, 136
Trd, 4319744.043, 138
Trd, 4319744.393, 139
Trd, 4319744.793, 88
Trd, 4319746.093, 61
Trd, 4319747.093, 139
Trd, 4319747.743, 140
Trd, 4319749.443, 140
Trd, 4319752.243, 140
Trd, 4319752.393, 140
Trd, 4319754.943, 140
Trd, 4319754.993, 140
Trd, 4319755.043, 140
Trd, 4319756.643, 140
Trd, 4319756.793, 139
Trd, 4319761.093, 140
Trd, 4319761.993, 140
Trd, 4319762.593, 140
Trd, 4319762.793, 140
Trd, 4319763.093, 140
Trd, 4319763.593, 140
Trd, 4319763.743, 140
Trd, 4319763.893, 140
Trd, 4319765.943, 140
Trd, 4319767.043, 140
Trd, 4319767.143, 139
Trd, 4319767.993, 140
Trd, 4319769.943, 140
Trd, 4319771.443, 140
Trd, 4319773.193, 140
Trd, 4319773.493, 140
Trd, 4319773.943, 140
Trd, 4319774.543, 140
Trd, 4319776.143, 140
Trd, 4319776.643, 140
Trd, 4319777.543, 140
Trd, 4319777.943, 140
Trd, 4319778.093, 118
Trd, 4319778.643, 140
Trd, 4319780.493, 140
Trd, 4319780.893, 140
Trd, 4319781.593, 140
Trd, 4319783.093, 140
Trd, 4319783.493, 140
Trd, 4319786.443, 140
Trd, 4319787.693, 140
Trd, 4319787.743, 140
Trd, 4319787.893, 140
Trd, 4319788.093, 140
Trd, 4319788.293, 140
Trd, 4319789.343, 140
Trd, 4319789.693, 140
Trd, 4319792.993, 140
Trd, 4319793.243, 140
Trd, 4319794.043, 140
Trd, 4319796.143, 140
Trd, 4319796.393, 140
Trd, 4319796.893, 140
Trd, 4319798.143, 140
Trd, 4319800.043, 140
Trd, 4319800.293, 140
Trd, 4319801.243, 139
Trd, 4319801.993, 140
Trd, 4319802.793, 140
Trd, 4319803.493, 140
Trd, 4319804.893, 140
Trd, 4319805.443, 140
Trd, 4319805.793, 140
Trd, 4319806.993, 140
Trd, 4319807.093, 140
Trd, 4319809.393, 140
Trd, 4319809.843, 140
Trd, 4319811.593, 139
Trd, 4319812.093, 140
Trd, 4319813.243, 140
Trd, 4319816.193, 140
Trd, 4319817.143, 140
Trd, 4319817.443, 140
Trd, 4319819.043, 140
Trd, 4319820.893, 140
Trd, 4319821.443, 140
Trd, 4319822.943, 140
Trd, 4319823.393, 140
Trd, 4319823.743, 140
Trd, 4319824.043, 140
Trd, 4319824.793, 140
Trd, 4319825.343, 140
Trd, 4319828.093, 140
Trd, 4319828.743, 140
Trd, 4319829.093, 140
Trd, 4319829.693, 139
Trd, 4319831.193, 140
Trd, 4319832.443, 140
Trd, 4319833.293, 140
Trd, 4319834.443, 140
Trd, 4319837.643, 140
Trd, 4319838.343, 140
Trd, 4319838.393, 140
Trd, 4319840.393, 140
Trd, 4319841.293, 140
Trd, 4319842.543, 140
Trd, 4319842.743, 140
Trd, 4319842.993, 140
Trd, 4319843.993, 140
Trd, 4319844.643, 140
Trd, 4319845.943, 140
Trd, 4319846.043, 140
Trd, 4319846.193, 140
Trd, 4319847.093, 138
Trd, 4319847.543, 140
Trd, 4319847.793, 135
Trd, 4319848.293, 129
Trd, 4319848.393, 137
Trd, 4319850.093, 140
Trd, 4319850.343, 140
Trd, 4319852.043, 139
Trd, 4319852.793, 139
Trd, 4319852.843, 135
Trd, 4319854.193, 140
Trd, 4319854.343, 140
Trd, 4319854.743, 140
Trd, 4319856.643, 140
Trd, 4319857.343, 140
Trd, 4319858.043, 140
Trd, 4319860.193, 139
Trd, 4319860.893, 140
Trd, 4319861.543, 137
Trd, 4319863.093, 140
Trd, 4319863.193, 140
Trd, 4319863.393, 139
Trd, 4319863.843, 139
Trd, 4319864.893, 139
Trd, 4319865.143, 139
Trd, 4319866.293, 140
Trd, 4319866.693, 140
Trd, 4319868.443, 140
Trd, 4319868.543, 139
Trd, 4319869.693, 140
Trd, 4319870.093, 104
Trd, 4319872.143, 140
Trd, 4319872.543, 140
Trd, 4319873.443, 140
Trd, 4319873.593, 140
Trd, 4319873.693, 140
Trd, 4319873.793, 140
Trd, 4319873.843, 137
Trd, 4319875.893, 140
Trd, 4319876.193, 140
Trd, 4319876.743, 140
Trd, 4319878.343, 140
Trd, 4319878.393, 140
Trd, 4319879.043, 140
Trd, 4319879.693, 139
Trd, 4319880.543, 138
Trd, 4319881.643, 139
Trd, 4319882.643, 135
Trd, 4319883.243, 140
Trd, 4319884.093, 140
Trd, 4319885.093, 140
Trd, 4319885.293, 140
Trd, 4319886.143, 140
Trd, 4319886.393, 140
Trd, 4319886.743, 140
Trd, 4319887.443, 139
Trd, 4319890.043, 140
Trd, 4319890.193, 140
Trd, 4319890.943, 140
Trd, 4319891.843, 140
Trd, 4319892.493, 140
Trd, 4319894.143, 140
Trd, 4319896.493, 140
Trd, 4319897.343, 140
Trd, 4319898.243, 140
Trd, 4319898.693, 140
Trd, 4319898.993, 140
Trd, 4319899.093, 140
Trd, 4319900.843, 140
Trd, 4319901.393, 140
Trd, 4319902.293, 140
Trd, 4319902.343, 140
Trd, 4319904.043, 140
Trd, 4319904.893, 140
Trd, 4319905.143, 140
Trd, 4319905.543, 140
Trd, 4319906.843, 140
Trd, 4319907.893, 140
Trd, 4319908.493, 140
Trd, 4319909.593, 140
Trd, 4319910.993, 140
Trd, 4319912.843, 140
Trd, 4319914.843, 140
Trd, 4319914.993, 140
Trd, 4319915.143, 140
Trd, 4319917.543, 140
Trd, 4319917.943, 140
Trd, 4319918.443, 140
Trd, 4319918.893, 140
Trd, 4319919.543, 140
Trd, 4319919.743, 140
Trd, 4319920.943, 140
Trd, 4319924.143, 140
Trd, 4319924.543, 140
Trd, 4319925.293, 140
Trd, 4319925.543, 140
Trd, 4319925.693, 139
Trd, 4319927.443, 140
Trd, 4319927.743, 140
Trd, 4319927.843, 137
Trd, 4319929.893, 140
Trd, 4319931.293, 140
Trd, 4319931.543, 139
Trd, 4319933.393, 140
Trd, 4319933.643, 140
Trd, 4319935.243, 140
Trd, 4319936.393, 140
Trd, 4319936.743, 140
Trd, 4319936.943, 139
Trd, 4319937.893, 140
Trd, 4319939.793, 140
Trd, 4319940.143, 140
Trd, 4319940.393, 139
Trd, 4319940.593, 139
Trd, 4319940.893, 139
Trd, 4319940.993, 139
Trd, 4319941.393, 139
Trd, 4319943.443, 140
Trd, 4319944.243, 140
Trd, 4319945.193, 139
Trd, 4319947.293, 140
Trd, 4319947.643, 140
Trd, 4319948.093, 140
Trd, 4319948.793, 140
Trd, 4319949.293, 136
Trd, 4319949.693, 135
Trd, 4319950.093, 138
Trd, 4319950.493, 114
Trd, 4319950.793, 139
Trd, 4319951.043, 136
Trd, 4319952.043, 140
Trd, 4319954.793, 140
Trd, 4319955.993, 140
Trd, 4319957.093, 140
Trd, 4319957.293, 140
Trd, 4319958.393, 140
Trd, 4319958.543, 139
Trd, 4319958.993, 140
Trd, 4319960.443, 139
Trd, 4319960.493, 139
Trd, 4319961.093, 138
Trd, 4319962.293, 139
Trd, 4319963.043, 139
Trd, 4319963.993, 139
Trd, 4319964.293, 140
Trd, 4319966.393, 140
Trd, 4319967.693, 140
Trd, 4319969.643, 140
Trd, 4319970.593, 140
Trd, 4319971.143, 140
Trd, 4319973.243, 140
Trd, 4319974.243, 140
Trd, 4319974.993, 140
Trd, 4319975.793, 139
Trd, 4319976.193, 140
Trd, 4319976.343, 140
Trd, 4319978.143, 140
Trd, 4319978.443, 140
Trd, 4319979.043, 139
Trd, 4319979.643, 138
Trd, 4319980.043, 137
Trd, 4319982.043, 140
Trd, 4319983.143, 140
Trd, 4319983.243, 140
Trd, 4319984.193, 140
Trd, 4319985.593, 140
Trd, 4319986.643, 140
Trd, 4319986.843, 140
Trd, 4319988.393, 140
Trd, 4319988.693, 140
Trd, 4319988.943, 140
Trd, 4319989.393, 140
Trd, 4319991.343, 140
Trd, 4319991.743, 140
Trd, 4319991.943, 139
Trd, 4319992.843, 139
Trd, 4319993.343, 137
Trd, 4319993.593, 135
Trd, 4319993.843, 136
Trd, 4319994.793, 88
Trd, 4319996.043, 60
Trd, 4319996.293, 114
Trd, 4319996.793, 93
Trd, 4319997.193, 139
Trd, 4319997.593, 93
