Trd, 4318097.143, 140
Trd, 4318097.293, 126
Trd, 4318099.893, 116
Trd, 4318100.743, 114
Trd, 4318101.243, 109
Trd, 4318101.693, 137
Trd, 4318102.793, 139
Trd, 4318103.943, 122
Trd, 4318104.093, 118
Trd, 4318105.043, 131
Trd, 4318105.493, 133
Trd, 4318105.643, 104
Trd, 4318106.393, 139
Trd, 4318107.193, 138
Trd, 4318107.393, 133
Trd, 4318107.493, 132
Trd, 4318107.793, 124
Trd, 4318110.993, 120
Trd, 4318111.093, 97
Trd, 4318111.243, 87
Trd, 4318111.493, 75
Trd, 4318112.393, 138
Trd, 4318112.943, 115
Trd, 4318113.393, 119
Trd, 4318114.543, 73
Trd, 4318115.793, 97
Trd, 4318118.243, 70
Trd, 4318118.543, 98
Trd, 4318119.343, 116
Trd, 4318119.793, 124
Trd, 4318120.093, 76
Trd, 4318120.643, 132
Trd, 4318121.043, 127
Trd, 4318122.493, 108
Trd, 4318122.593, 91
Trd, 4318122.943, 93
Trd, 4318123.593, 111
Trd, 4318123.993, 128
Trd, 4318125.293, 140
Trd, 4318125.843, 89
Trd, 4318127.643, 76
Trd, 4318129.393, 73
Trd, 4318130.393, 119
Trd, 4318130.943, 119
Trd, 4318130.993, 115
Trd, 4318131.293, 124
Trd, 4318131.693, 111
Trd, 4318133.293, 136
Trd, 4318135.093, 131
Trd, 4318135.893, 125
Trd, 4318136.293, 122
Trd, 4318137.443, 128
Trd, 4318138.193, 105
Trd, 4318139.293, 139
Trd, 4318139.493, 133
Trd, 4318139.593, 132
Trd, 4318140.643, 137
Trd, 4318141.393, 122
Trd, 4318141.943, 68
Trd, 4318142.343, 91
Trd, 4318143.043, 109
Trd, 4318144.093, 133
Trd, 4318144.543, 123
Trd, 4318145.243, 113
Trd, 4318145.443, 122
Trd, 4318147.743, 138
Trd, 4318148.093, 121
Trd, 4318148.443, 140
Trd, 4318148.843, 116
Trd, 4318148.993, 113
Trd, 4318149.793, 126
Trd, 4318150.743, 92
Trd, 4318150.893, 93
Trd, 4318151.443, 85
Trd, 4318152.693, 140
Trd, 4318153.043, 108
Trd, 4318153.543, 103
Trd, 4318154.793, 130
Trd, 4318155.493, 131
Trd, 4318156.293, 114
Trd, 4318157.043, 140
Trd, 4318157.543, 126
Trd, 4318157.943, 135
Trd, 4318158.693, 108
Trd, 4318158.793, 107
Trd, 4318159.193, 112
Trd, 4318159.343, 115
Trd, 4318160.693, 140
Trd, 4318162.443, 140
Trd, 4318162.943, 135
Trd, 4318165.243, 137
Trd, 4318165.593, 130
Trd, 4318166.493, 124
Trd, 4318166.993, 140
Trd, 4318167.543, 131
Trd, 4318167.693, 114
Trd, 4318168.193, 129
Trd, 4318168.793, 123
Trd, 4318169.793, 140
Trd, 4318170.043, 133
Trd, 4318171.643, 110
Trd, 4318171.943, 108
Trd, 4318172.043, 102
Trd, 4318173.943, 121
Trd, 4318175.293, 119
Trd, 4318175.643, 130
Trd, 4318175.843, 110
Trd, 4318176.593, 79
Trd, 4318176.743, 72
Trd, 4318178.093, 82
Trd, 4318178.293, 115
Trd, 4318178.843, 134
Trd, 4318179.543, 75
Trd, 4318179.793, 68
Trd, 4318180.543, 103
Trd, 4318181.193, 102
Trd, 4318181.293, 94
Trd, 4318181.593, 134
Trd, 4318183.293, 140
Trd, 4318183.593, 139
Trd, 4318183.643, 134
Trd, 4318185.343, 126
Trd, 4318185.543, 85
Trd, 4318186.043, 98
Trd, 4318187.943, 126
Trd, 4318188.443, 118
Trd, 4318188.943, 84
Trd, 4318189.693, 86
Trd, 4318190.243, 98
Trd, 4318191.243, 140
Trd, 4318191.293, 134
Trd, 4318192.243, 96
Trd, 4318192.693, 83
Trd, 4318192.743, 72
Trd, 4318196.293, 74
Trd, 4318196.893, 100
Trd, 4318197.193, 84
Trd, 4318197.843, 82
Trd, 4318198.093, 92
Trd, 4318198.543, 74
Trd, 4318198.893, 92
Trd, 4318199.093, 69
Trd, 4318199.943, 120
Trd, 4318200.043, 71
Trd, 4318202.843, 134
Trd, 4318203.443, 126
Trd, 4318204.043, 125
Trd, 4318205.393, 140
Trd, 4318205.793, 127
Trd, 4318205.943, 119
Trd, 4318207.193, 139
Trd, 4318207.643, 138
Trd, 4318207.893, 106
Trd, 4318210.243, 108
Trd, 4318212.043, 116
Trd, 4318212.243, 107
Trd, 4318212.893, 99
Trd, 4318213.993, 139
Trd, 4318214.593, 115
Trd, 4318215.093, 130
Trd, 4318215.193, 132
Trd, 4318215.293, 121
Trd, 4318216.693, 108
Trd, 4318217.343, 131
Trd, 4318218.793, 140
Trd, 4318218.993, 139
Trd, 4318220.743, 133
Trd, 4318220.943, 128
Trd, 4318221.243, 139
Trd, 4318221.543, 128
Trd, 4318222.193, 112
Trd, 4318222.293, 108
Trd, 4318222.743, 106
Trd, 4318222.843, 93
Trd, 4318223.743, 102
Trd, 4318224.593, 122
Trd, 4318225.593, 136
Trd, 4318226.043, 122
Trd, 4318226.743, 123
Trd, 4318228.093, 137
Trd, 4318229.093, 140
Trd, 4318229.493, 140
Trd, 4318230.043, 131
Trd, 4318231.043, 133
Trd, 4318231.593, 118
Trd, 4318231.943, 125
Trd, 4318232.193, 121
Trd, 4318232.993, 140
Trd, 4318233.043, 118
Trd, 4318234.843, 126
Trd, 4318235.043, 91
Trd, 4318235.793, 119
Trd, 4318235.893, 84
Trd, 4318237.143, 140
Trd, 4318237.443, 118
Trd, 4318238.993, 134
Trd, 4318240.293, 128
Trd, 4318240.643, 91
Trd, 4318241.543, 139
Trd, 4318242.493, 111
Trd, 4318242.593, 109
Trd, 4318243.193, 77
Trd, 4318245.843, 140
Trd, 4318246.193, 139
Trd, 4318246.693, 136
Trd, 4318246.993, 125
Trd, 4318248.243, 130
Trd, 4318248.793, 126
Trd, 4318249.693, 138
Trd, 4318249.843, 129
Trd, 4318250.743, 127
Trd, 4318251.043, 122
Trd, 4318251.243, 112
Trd, 4318252.693, 116
Trd, 4318252.893, 126
Trd, 4318253.393, 134
Trd, 4318253.893, 91
Trd, 4318254.943, 95
Trd, 4318255.243, 84
Trd, 4318256.393, 106
Trd, 4318257.543, 66
Trd, 4318258.043, 81
Trd, 4318258.593, 94
Trd, 4318259.643, 64
Trd, 4318261.043, 99
Trd, 4318261.093, 77
Trd, 4318263.843, 139
Trd, 4318263.943, 128
Trd, 4318264.243, 115
Trd, 4318264.843, 92
Trd, 4318265.943, 124
Trd, 4318266.893, 87
Trd, 4318267.193, 89
Trd, 4318268.043, 79
Trd, 4318268.743, 126
Trd, 4318269.693, 131
Trd, 4318270.193, 128
Trd, 4318271.493, 140
Trd, 4318272.443, 123
Trd, 4318274.093, 131
Trd, 4318274.943, 117
Trd, 4318275.443, 113
Trd, 4318276.643, 137
Trd, 4318278.143, 121
Trd, 4318278.693, 107
Trd, 4318280.193, 125
Trd, 4318280.493, 122
Trd, 4318281.043, 105
Trd, 4318282.243, 137
Trd, 4318282.493, 134
Trd, 4318283.493, 130
Trd, 4318285.043, 121
Trd, 4318285.793, 137
Trd, 4318286.743, 125
Trd, 4318287.243, 128
Trd, 4318288.543, 129
Trd, 4318289.343, 127
Trd, 4318290.643, 128
Trd, 4318290.993, 126
Trd, 4318291.643, 125
Trd, 4318291.993, 122
Trd, 4318294.043, 139
Trd, 4318296.593, 114
Trd, 4318296.993, 120
Trd, 4318297.343, 110
Trd, 4318298.443, 127
Trd, 4318298.693, 137
Trd, 4318299.743, 90
Trd, 4318300.843, 110
Trd, 4318301.493, 104
Trd, 4318301.993, 87
Trd, 4318302.043, 84
Trd, 4318302.443, 74
Trd, 4318304.443, 140
Trd, 4318305.343, 140
Trd, 4318305.743, 138
Trd, 4318306.093, 125
Trd, 4318307.243, 106
Trd, 4318307.843, 94
Trd, 4318309.093, 88
Trd, 4318309.193, 68
Trd, 4318310.343, 124
Trd, 4318311.593, 125
Trd, 4318311.943, 140
Trd, 4318312.993, 140
Trd, 4318314.543, 130
Trd, 4318315.043, 110
Trd, 4318315.293, 96
Trd, 4318315.493, 79
Trd, 4318315.943, 95
Trd, 4318317.243, 139
Trd, 4318317.993, 130
Trd, 4318318.293, 135
Trd, 4318318.393, 130
Trd, 4318318.443, 102
Trd, 4318319.093, 71
Trd, 4318321.143, 101
Trd, 4318322.143, 88
Trd, 4318322.843, 98
Trd, 4318323.243, 86
Trd, 4318324.293, 94
Trd, 4318325.493, 135
Trd, 4318325.843, 90
Trd, 4318325.943, 87
Trd, 4318327.543, 98
Trd, 4318330.343, 140
Trd, 4318330.443, 126
Trd, 4318330.793, 125
Trd, 4318330.943, 122
Trd, 4318332.193, 73
Trd, 4318332.643, 75
Trd, 4318333.543, 134
Trd, 4318334.293, 109
Trd, 4318336.343, 75
Trd, 4318336.843, 91
Trd, 4318338.893, 138
Trd, 4318339.043, 120
Trd, 4318339.293, 102
Trd, 4318340.243, 105
Trd, 4318341.093, 135
Trd, 4318341.393, 130
Trd, 4318341.843, 111
Trd, 4318341.893, 96
Trd, 4318342.743, 140
Trd, 4318343.193, 117
Trd, 4318343.593, 107
Trd, 4318344.043, 94
Trd, 4318345.693, 89
Trd, 4318347.793, 119
Trd, 4318348.143, 126
Trd, 4318348.393, 137
Trd, 4318348.893, 113
Trd, 4318349.143, 94
Trd, 4318349.243, 91
Trd, 4318350.693, 137
Trd, 4318351.393, 140
Trd, 4318351.693, 139
Trd, 4318351.843, 136
Trd, 4318351.993, 102
Trd, 4318353.343, 87
Trd, 4318353.743, 118
Trd, 4318354.143, 79
Trd, 4318354.443, 94
Trd, 4318356.143, 112
Trd, 4318356.493, 107
Trd, 4318356.643, 92
Trd, 4318357.643, 68
Trd, 4318357.893, 69
Trd, 4318358.543, 96
Trd, 4318358.993, 66
Trd, 4318359.143, 80
Trd, 4318362.493, 64
Trd, 4318362.743, 119
Trd, 4318363.093, 66
Trd, 4318364.093, 120
Trd, 4318364.443, 117
Trd, 4318364.493, 116
Trd, 4318364.593, 112
Trd, 4318365.443, 126
Trd, 4318367.193, 105
Trd, 4318368.193, 111
Trd, 4318369.493, 134
Trd, 4318370.693, 139
Trd, 4318370.743, 103
Trd, 4318371.243, 101
Trd, 4318373.243, 105
Trd, 4318373.893, 89
Trd, 4318374.093, 132
Trd, 4318375.293, 107
Trd, 4318376.693, 97
Trd, 4318377.143, 140
Trd, 4318377.293, 139
Trd, 4318378.643, 127
Trd, 4318378.843, 126
Trd, 4318380.993, 139
Trd, 4318381.093, 134
Trd, 4318381.343, 125
Trd, 4318381.543, 109
Trd, 4318384.093, 139
Trd, 4318384.193, 134
Trd, 4318384.443, 115
Trd, 4318385.193, 75
Trd, 4318385.643, 134
Trd, 4318388.093, 104
Trd, 4318388.393, 122
Trd, 4318388.993, 116
Trd, 4318389.943, 137
Trd, 4318390.243, 125
Trd, 4318390.593, 122
Trd, 4318391.443, 119
Trd, 4318392.743, 130
Trd, 4318392.843, 110
Trd, 4318394.343, 89
Trd, 4318395.343, 132
Trd, 4318395.493, 93
Trd, 4318395.743, 135
Trd, 4318396.393, 84
Trd, 4318399.093, 116
Trd, 4318400.043, 123
Trd, 4318400.793, 114
Trd, 4318401.343, 128
Trd, 4318401.593, 106
Trd, 4318401.843, 106
Trd, 4318402.593, 140
Trd, 4318402.843, 140
Trd, 4318403.643, 123
Trd, 4318404.493, 112
Trd, 4318404.543, 104
Trd, 4318406.243, 114
Trd, 4318406.843, 116
Trd, 4318407.593, 118
Trd, 4318408.093, 114
Trd, 4318408.793, 105
Trd, 4318408.893, 103
Trd, 4318408.943, 78
Trd, 4318409.543, 70
Trd, 4318411.093, 134
Trd, 4318411.543, 135
Trd, 4318413.143, 140
Trd, 4318413.343, 125
Trd, 4318414.343, 128
Trd, 4318414.443, 127
Trd, 4318414.693, 124
Trd, 4318415.543, 136
Trd, 4318415.743, 121
Trd, 4318416.593, 108
Trd, 4318417.843, 105
Trd, 4318418.393, 122
Trd, 4318418.793, 127
Trd, 4318419.293, 140
Trd, 4318420.143, 138
Trd, 4318420.743, 129
Trd, 4318420.793, 127
Trd, 4318422.443, 131
Trd, 4318423.443, 140
Trd, 4318423.543, 136
Trd, 4318423.843, 115
Trd, 4318424.043, 95
Trd, 4318425.543, 102
Trd, 4318426.243, 100
Trd, 4318426.493, 114
Trd, 4318427.293, 134
Trd, 4318427.343, 99
Trd, 4318428.693, 138
Trd, 4318430.193, 122
Trd, 4318430.493, 122
Trd, 4318430.793, 119
Trd, 4318430.893, 118
Trd, 4318431.143, 140
Trd, 4318432.693, 125
Trd, 4318433.743, 125
Trd, 4318434.693, 83
Trd, 4318436.093, 104
Trd, 4318436.593, 118
Trd, 4318437.743, 134
Trd, 4318438.493, 139
Trd, 4318439.043, 140
Trd, 4318439.493, 134
Trd, 4318439.943, 137
Trd, 4318441.493, 109
Trd, 4318441.793, 80
Trd, 4318443.193, 140
Trd, 4318443.243, 135
Trd, 4318443.343, 104
Trd, 4318444.143, 140
Trd, 4318444.293, 121
Trd, 4318445.643, 107
Trd, 4318445.943, 111
Trd, 4318446.293, 126
Trd, 4318448.093, 122
Trd, 4318448.543, 109
Trd, 4318449.593, 123
Trd, 4318449.893, 100
Trd, 4318450.743, 121
Trd, 4318450.843, 108
Trd, 4318452.593, 128
Trd, 4318452.793, 140
Trd, 4318453.643, 126
Trd, 4318453.943, 88
Trd, 4318454.693, 94
Trd, 4318454.843, 91
Trd, 4318455.493, 93
Trd, 4318456.193, 89
Trd, 4318457.093, 133
Trd, 4318458.393, 137
Trd, 4318458.693, 76
Trd, 4318459.143, 72
Trd, 4318459.493, 94
Trd, 4318460.343, 140
Trd, 4318460.493, 134
Trd, 4318461.793, 86
Trd, 4318462.393, 72
Trd, 4318462.943, 109
Trd, 4318463.193, 138
Trd, 4318463.293, 140
Trd, 4318465.093, 65
Trd, 4318465.993, 124
Trd, 4318467.193, 139
Trd, 4318467.993, 115
Trd, 4318469.143, 128
Trd, 4318469.293, 124
Trd, 4318470.593, 134
Trd, 4318471.443, 134
Trd, 4318472.743, 127
Trd, 4318473.143, 122
Trd, 4318473.193, 115
Trd, 4318473.293, 84
Trd, 4318474.843, 86
Trd, 4318475.143, 99
Trd, 4318476.343, 97
Trd, 4318476.693, 92
Trd, 4318476.793, 79
Trd, 4318477.493, 117
Trd, 4318477.843, 113
Trd, 4318481.243, 111
Trd, 4318482.293, 140
Trd, 4318482.693, 103
Trd, 4318483.043, 98
Trd, 4318483.593, 116
Trd, 4318484.743, 136
Trd, 4318485.293, 133
Trd, 4318485.493, 107
Trd, 4318486.543, 137
Trd, 4318486.593, 136
Trd, 4318487.693, 98
Trd, 4318488.593, 84
Trd, 4318488.793, 111
Trd, 4318489.943, 126
Trd, 4318490.943, 89
Trd, 4318492.143, 90
Trd, 4318493.193, 88
Trd, 4318493.893, 86
Trd, 4318494.343, 101
Trd, 4318494.893, 138
Trd, 4318494.993, 120
Trd, 4318497.143, 132
Trd, 4318497.793, 113
Trd, 4318498.043, 88
Trd, 4318499.043, 93
Trd, 4318499.943, 86
Trd, 4318500.293, 83
Trd, 4318500.593, 109
Trd, 4318501.093, 82
Trd, 4318501.443, 127
Trd, 4318502.893, 140
Trd, 4318503.143, 129
Trd, 4318505.993, 139
Trd, 4318506.743, 140
Trd, 4318507.193, 139
Trd, 4318508.543, 122
Trd, 4318508.643, 82
Trd, 4318510.143, 104
Trd, 4318510.443, 76
Trd, 4318510.943, 113
Trd, 4318511.493, 126
Trd, 4318511.693, 85
Trd, 4318511.993, 118
Trd, 4318514.593, 140
Trd, 4318515.093, 121
Trd, 4318515.193, 113
Trd, 4318515.643, 112
Trd, 4318516.143, 100
Trd, 4318516.643, 97
Trd, 4318518.343, 138
Trd, 4318519.493, 138
Trd, 4318520.393, 140
Trd, 4318520.543, 129
Trd, 4318521.093, 61
Trd, 4318521.793, 74
Trd, 4318522.293, 88
Trd, 4318522.943, 131
Trd, 4318523.343, 63
Trd, 4318524.543, 130
Trd, 4318525.243, 73
Trd, 4318526.093, 140
Trd, 4318526.443, 128
Trd, 4318527.243, 127
Trd, 4318527.343, 108
Trd, 4318529.043, 110
Trd, 4318529.143, 107
Trd, 4318530.293, 128
Trd, 4318531.543, 139
Trd, 4318531.893, 114
Trd, 4318532.693, 119
Trd, 4318532.893, 104
Trd, 4318533.743, 116
Trd, 4318534.743, 140
Trd, 4318536.043, 100
Trd, 4318536.393, 131
Trd, 4318536.943, 98
Trd, 4318539.043, 113
Trd, 4318539.643, 123
Trd, 4318540.843, 101
Trd, 4318541.043, 99
Trd, 4318541.093, 94
Trd, 4318541.543, 87
Trd, 4318542.393, 140
Trd, 4318542.893, 105
Trd, 4318543.043, 116
Trd, 4318543.993, 140
Trd, 4318545.243, 119
Trd, 4318546.843, 127
Trd, 4318547.493, 117
Trd, 4318548.693, 139
Trd, 4318549.443, 115
Trd, 4318550.943, 110
Trd, 4318551.993, 105
Trd, 4318553.293, 121
Trd, 4318554.643, 104
Trd, 4318555.593, 127
Trd, 4318556.043, 123
Trd, 4318556.693, 131
Trd, 4318557.643, 105
Trd, 4318558.093, 91
Trd, 4318558.843, 90
Trd, 4318559.393, 90
Trd, 4318559.843, 98
Trd, 4318560.593, 114
Trd, 4318560.893, 127
Trd, 4318563.043, 119
Trd, 4318565.043, 130
Trd, 4318565.693, 137
Trd, 4318566.593, 119
Trd, 4318566.643, 93
Trd, 4318567.643, 105
Trd, 4318568.443, 116
Trd, 4318569.443, 114
Trd, 4318569.843, 110
Trd, 4318570.243, 103
Trd, 4318570.993, 136
Trd, 4318572.143, 140
Trd, 4318572.193, 124
Trd, 4318572.843, 84
Trd, 4318575.343, 140
Trd, 4318576.193, 140
Trd, 4318576.293, 137
Trd, 4318576.443, 134
Trd, 4318577.643, 128
Trd, 4318578.443, 117
Trd, 4318578.893, 108
Trd, 4318579.443, 105
Trd, 4318580.343, 139
Trd, 4318580.393, 127
Trd, 4318581.143, 139
Trd, 4318581.493, 62
Trd, 4318585.693, 131
Trd, 4318586.243, 126
Trd, 4318586.793, 133
Trd, 4318587.643, 114
Trd, 4318587.793, 103
Trd, 4318588.593, 140
Trd, 4318588.643, 140
Trd, 4318590.043, 134
Trd, 4318590.543, 140
Trd, 4318591.043, 134
Trd, 4318591.343, 124
Trd, 4318592.093, 81
Trd, 4318592.893, 124
Trd, 4318593.643, 101
Trd, 4318594.293, 96
Trd, 4318596.043, 130
Trd, 4318597.643, 107
Trd, 4318598.343, 107
Trd, 4318598.493, 104
Trd, 4318599.143, 117
Trd, 4318599.293, 114
Trd, 4318600.543, 126
Trd, 4318600.643, 108
Trd, 4318600.693, 99
Trd, 4318600.743, 97
Trd, 4318602.243, 92
Trd, 4318602.743, 88
Trd, 4318603.393, 87
Trd, 4318604.043, 84
Trd, 4318605.293, 107
Trd, 4318605.843, 132
Trd, 4318606.743, 140
Trd, 4318606.993, 134
Trd, 4318607.493, 131
Trd, 4318607.543, 113
Trd, 4318608.443, 65
Trd, 4318609.593, 121
Trd, 4318612.643, 118
Trd, 4318612.893, 131
Trd, 4318613.243, 89
Trd, 4318614.743, 124
Trd, 4318614.843, 126
Trd, 4318614.993, 117
Trd, 4318616.093, 120
Trd, 4318616.243, 91
Trd, 4318616.493, 113
Trd, 4318616.993, 137
Trd, 4318618.293, 121
Trd, 4318620.393, 93
Trd, 4318620.543, 100
Trd, 4318622.543, 140
Trd, 4318623.243, 140
Trd, 4318623.493, 134
Trd, 4318624.043, 125
Trd, 4318624.143, 116
Trd, 4318625.843, 103
Trd, 4318626.193, 105
Trd, 4318626.343, 79
Trd, 4318626.493, 77
Trd, 4318627.593, 130
Trd, 4318628.243, 128
Trd, 4318628.643, 106
Trd, 4318628.843, 93
Trd, 4318628.993, 97
Trd, 4318629.793, 138
Trd, 4318629.893, 116
Trd, 4318631.443, 120
Trd, 4318632.393, 121
Trd, 4318632.493, 122
Trd, 4318632.943, 106
Trd, 4318634.893, 85
Trd, 4318635.193, 117
Trd, 4318636.743, 140
Trd, 4318638.793, 135
Trd, 4318638.893, 134
Trd, 4318639.343, 123
Trd, 4318639.993, 129
Trd, 4318640.393, 106
Trd, 4318641.143, 140
Trd, 4318641.293, 117
Trd, 4318642.143, 114
Trd, 4318643.993, 129
Trd, 4318644.693, 139
Trd, 4318644.943, 140
Trd, 4318645.093, 125
Trd, 4318645.393, 124
Trd, 4318648.393, 115
Trd, 4318649.043, 88
Trd, 4318650.793, 100
Trd, 4318650.843, 93
Trd, 4318651.693, 88
Trd, 4318652.543, 83
Trd, 4318653.593, 140
Trd, 4318653.643, 140
Trd, 4318654.043, 129
Trd, 4318655.043, 87
Trd, 4318656.443, 110
Trd, 4318656.943, 93
Trd, 4318657.543, 130
Trd, 4318658.343, 109
Trd, 4318658.893, 112
Trd, 4318659.093, 82
Trd, 4318659.643, 134
Trd, 4318661.943, 134
Trd, 4318662.043, 122
Trd, 4318662.593, 114
Trd, 4318663.093, 139
Trd, 4318663.943, 137
Trd, 4318664.993, 124
Trd, 4318665.093, 123
Trd, 4318667.493, 113
Trd, 4318668.043, 139
Trd, 4318668.443, 125
Trd, 4318670.243, 116
Trd, 4318670.443, 106
Trd, 4318671.393, 120
Trd, 4318671.493, 102
Trd, 4318672.243, 100
Trd, 4318672.893, 111
Trd, 4318673.443, 101
Trd, 4318675.693, 139
Trd, 4318676.693, 128
Trd, 4318678.093, 131
Trd, 4318678.443, 119
Trd, 4318678.993, 82
Trd, 4318679.843, 124
Trd, 4318680.843, 129
Trd, 4318680.993, 125
Trd, 4318681.543, 86
Trd, 4318682.393, 109
Trd, 4318682.643, 92
Trd, 4318684.693, 137
Trd, 4318684.893, 130
Trd, 4318686.393, 117
Trd, 4318687.743, 117
Trd, 4318687.843, 105
Trd, 4318688.393, 139
Trd, 4318689.893, 127
Trd, 4318691.393, 106
Trd, 4318691.693, 88
Trd, 4318691.943, 112
Trd, 4318693.343, 126
Trd, 4318693.693, 126
Trd, 4318693.893, 92
Trd, 4318694.643, 127
Trd, 4318695.693, 120
Trd, 4318695.843, 116
Trd, 4318697.793, 140
Trd, 4318698.593, 140
Trd, 4318698.643, 134
Trd, 4318698.893, 131
Trd, 4318698.943, 119
Trd, 4318699.593, 140
Trd, 4318700.243, 133
Trd, 4318700.943, 121
Trd, 4318701.243, 140
Trd, 4318701.843, 139
Trd, 4318702.293, 120
Trd, 4318703.143, 134
Trd, 4318703.243, 133
Trd, 4318703.993, 110
Trd, 4318704.343, 124
Trd, 4318704.593, 103
Trd, 4318705.193, 110
Trd, 4318706.793, 108
Trd, 4318707.443, 91
Trd, 4318709.143, 89
Trd, 4318709.843, 61
Trd, 4318710.793, 74
Trd, 4318710.993, 82
Trd, 4318712.643, 77
Trd, 4318713.543, 90
Trd, 4318713.743, 76
Trd, 4318713.943, 84
Trd, 4318714.893, 110
Trd, 4318715.543, 78
Trd, 4318716.543, 138
Trd, 4318716.693, 127
Trd, 4318717.793, 114
Trd, 4318719.093, 72
Trd, 4318719.593, 108
Trd, 4318720.293, 117
Trd, 4318721.293, 140
Trd, 4318722.593, 140
Trd, 4318722.643, 140
Trd, 4318722.943, 134
Trd, 4318723.843, 109
Trd, 4318726.543, 132
Trd, 4318727.043, 131
Trd, 4318727.193, 128
Trd, 4318727.443, 120
Trd, 4318727.943, 125
Trd, 4318728.643, 138
Trd, 4318729.243, 102
Trd, 4318729.643, 95
Trd, 4318730.493, 129
Trd, 4318730.893, 88
Trd, 4318733.193, 116
Trd, 4318733.443, 108
Trd, 4318735.743, 138
Trd, 4318735.893, 131
Trd, 4318735.943, 104
Trd, 4318737.043, 127
Trd, 4318737.293, 126
Trd, 4318737.493, 128
Trd, 4318737.643, 110
Trd, 4318739.293, 108
Trd, 4318740.093, 113
Trd, 4318740.643, 91
Trd, 4318741.693, 140
Trd, 4318741.843, 129
Trd, 4318742.493, 113
Trd, 4318742.793, 110
Trd, 4318742.943, 123
Trd, 4318743.743, 125
Trd, 4318744.343, 87
Trd, 4318745.943, 70
Trd, 4318748.293, 127
Trd, 4318748.693, 114
Trd, 4318749.143, 106
Trd, 4318749.543, 139
Trd, 4318751.493, 128
Trd, 4318751.943, 126
Trd, 4318752.043, 120
Trd, 4318753.343, 116
Trd, 4318753.443, 129
Trd, 4318754.243, 94
Trd, 4318755.793, 139
Trd, 4318756.143, 134
Trd, 4318756.793, 110
Trd, 4318757.343, 110
Trd, 4318757.393, 108
Trd, 4318758.093, 84
Trd, 4318758.443, 72
Trd, 4318759.193, 139
Trd, 4318759.343, 77
Trd, 4318759.693, 96
Trd, 4318760.843, 126
Trd, 4318761.293, 125
Trd, 4318762.793, 104
Trd, 4318763.343, 119
Trd, 4318763.943, 121
Trd, 4318764.093, 126
Trd, 4318764.343, 119
Trd, 4318766.443, 102
Trd, 4318767.743, 104
Trd, 4318767.943, 102
Trd, 4318768.793, 110
Trd, 4318768.893, 98
Trd, 4318770.593, 95
Trd, 4318770.993, 86
Trd, 4318771.143, 62
Trd, 4318771.393, 61
Trd, 4318771.793, 134
Trd, 4318772.493, 140
Trd, 4318772.943, 83
Trd, 4318773.743, 140
Trd, 4318774.193, 136
Trd, 4318775.043, 134
Trd, 4318776.043, 121
Trd, 4318777.893, 132
Trd, 4318778.543, 103
Trd, 4318778.793, 111
Trd, 4318779.393, 93
Trd, 4318779.943, 71
Trd, 4318780.343, 108
Trd, 4318780.793, 103
Trd, 4318781.893, 108
Trd, 4318782.343, 86
Trd, 4318782.443, 83
Trd, 4318783.543, 109
Trd, 4318784.093, 80
Trd, 4318785.843, 86
Trd, 4318786.043, 91
Trd, 4318787.143, 111
Trd, 4318787.493, 91
Trd, 4318787.893, 73
Trd, 4318788.293, 80
Trd, 4318788.693, 70
Trd, 4318790.843, 140
Trd, 4318790.943, 135
Trd, 4318791.093, 121
Trd, 4318791.493, 114
Trd, 4318791.743, 114
Trd, 4318793.043, 111
Trd, 4318793.393, 132
Trd, 4318794.043, 102
Trd, 4318795.793, 100
Trd, 4318796.843, 112
Trd, 4318797.643, 140
Trd, 4318797.793, 96
Trd, 4318797.943, 94
Trd, 4318798.493, 91
Trd, 4318799.043, 85
Trd, 4318799.993, 79
Trd, 4318801.743, 125
Trd, 4318802.593, 139
Trd, 4318802.843, 104
Trd, 4318802.993, 101
Trd, 4318803.793, 84
Trd, 4318803.893, 107
Trd, 4318804.143, 99
Trd, 4318804.743, 140
Trd, 4318805.443, 82
Trd, 4318806.343, 95
Trd, 4318807.243, 114
Trd, 4318808.343, 139
Trd, 4318808.493, 125
Trd, 4318808.943, 109
Trd, 4318809.393, 90
Trd, 4318809.993, 88
Trd, 4318810.393, 100
Trd, 4318810.793, 118
Trd, 4318811.843, 124
Trd, 4318812.143, 101
Trd, 4318812.693, 81
Trd, 4318813.643, 90
Trd, 4318814.493, 133
Trd, 4318814.843, 126
Trd, 4318815.943, 125
Trd, 4318817.243, 121
Trd, 4318818.193, 140
Trd, 4318819.043, 140
Trd, 4318819.793, 129
Trd, 4318819.993, 139
Trd, 4318820.393, 125
Trd, 4318822.143, 139
Trd, 4318822.293, 138
Trd, 4318822.993, 110
Trd, 4318823.143, 94
Trd, 4318824.243, 107
Trd, 4318824.643, 116
Trd, 4318825.093, 109
Trd, 4318825.993, 140
Trd, 4318827.193, 140
Trd, 4318827.693, 87
Trd, 4318828.143, 96
Trd, 4318828.443, 80
Trd, 4318829.593, 110
Trd, 4318830.093, 92
Trd, 4318830.943, 87
Trd, 4318832.743, 104
Trd, 4318833.693, 139
Trd, 4318834.193, 135
Trd, 4318834.743, 134
Trd, 4318835.643, 109
Trd, 4318835.993, 124
Trd, 4318836.343, 140
Trd, 4318838.393, 126
Trd, 4318838.543, 114
Trd, 4318838.593, 106
Trd, 4318839.093, 103
Trd, 4318839.493, 102
Trd, 4318840.743, 91
Trd, 4318841.143, 87
Trd, 4318841.493, 99
Trd, 4318841.643, 112
Trd, 4318842.543, 108
Trd, 4318843.993, 66
Trd, 4318845.893, 67
Trd, 4318846.693, 94
Trd, 4318847.093, 90
Trd, 4318847.443, 101
Trd, 4318848.943, 115
Trd, 4318849.193, 105
Trd, 4318850.943, 83
Trd, 4318851.993, 140
Trd, 4318852.143, 140
Trd, 4318852.643, 130
Trd, 4318853.093, 119
Trd, 4318853.543, 96
Trd, 4318853.593, 90
Trd, 4318854.743, 105
Trd, 4318856.143, 140
Trd, 4318856.343, 139
Trd, 4318856.493, 109
Trd, 4318858.643, 140
Trd, 4318858.843, 135
Trd, 4318859.593, 129
Trd, 4318860.493, 98
Trd, 4318860.793, 108
Trd, 4318861.443, 87
Trd, 4318861.793, 90
Trd, 4318862.393, 127
Trd, 4318864.093, 120
Trd, 4318865.793, 101
Trd, 4318866.143, 101
Trd, 4318866.743, 90
Trd, 4318867.643, 134
Trd, 4318868.243, 129
Trd, 4318868.493, 136
Trd, 4318868.543, 117
Trd, 4318869.443, 93
Trd, 4318870.493, 138
Trd, 4318871.243, 84
Trd, 4318871.543, 88
Trd, 4318872.793, 135
Trd, 4318873.493, 71
Trd, 4318873.593, 86
Trd, 4318874.043, 121
Trd, 4318874.493, 92
Trd, 4318875.493, 96
Trd, 4318876.393, 140
Trd, 4318876.843, 130
Trd, 4318877.493, 113
Trd, 4318879.143, 112
Trd, 4318879.693, 137
Trd, 4318881.193, 105
Trd, 4318881.643, 88
Trd, 4318881.743, 135
Trd, 4318884.043, 97
Trd, 4318884.593, 136
Trd, 4318884.843, 95
Trd, 4318885.893, 110
Trd, 4318886.493, 107
Trd, 4318886.893, 104
Trd, 4318888.793, 140
Trd, 4318889.193, 138
Trd, 4318889.343, 132
Trd, 4318889.443, 126
Trd, 4318891.393, 128
Trd, 4318891.793, 126
Trd, 4318892.443, 140
Trd, 4318892.693, 127
Trd, 4318893.943, 99
Trd, 4318894.443, 67
Trd, 4318894.743, 65
Trd, 4318896.293, 112
Trd, 4318896.543, 92
Trd, 4318896.943, 86
Trd, 4318897.393, 87
Trd, 4318899.393, 124
Trd, 4318899.693, 120
Trd, 4318900.393, 114
Trd, 4318901.693, 114
Trd, 4318902.993, 81
Trd, 4318903.093, 112
Trd, 4318903.143, 72
Trd, 4318904.543, 73
Trd, 4318906.293, 98
Trd, 4318906.693, 86
Trd, 4318908.393, 139
Trd, 4318908.993, 138
Trd, 4318909.493, 117
Trd, 4318909.843, 108
Trd, 4318911.193, 138
Trd, 4318912.243, 138
Trd, 4318912.293, 133
Trd, 4318913.743, 138
Trd, 4318913.793, 132
Trd, 4318914.293, 116
Trd, 4318915.143, 137
Trd, 4318915.393, 124
Trd, 4318915.993, 108
Trd, 4318916.393, 102
Trd, 4318917.043, 139
Trd, 4318918.393, 139
Trd, 4318918.843, 126
Trd, 4318919.193, 122
Trd, 4318920.193, 98
Trd, 4318920.793, 140
Trd, 4318922.093, 91
Trd, 4318922.943, 125
Trd, 4318922.993, 93
Trd, 4318923.393, 136
Trd, 4318923.793, 76
Trd, 4318924.093, 100
Trd, 4318925.443, 133
Trd, 4318925.643, 113
Trd, 4318926.043, 140
Trd, 4318928.993, 134
Trd, 4318929.093, 125
Trd, 4318929.793, 140
Trd, 4318930.293, 132
Trd, 4318930.343, 102
Trd, 4318931.993, 140
Trd, 4318932.293, 140
Trd, 4318933.143, 124
Trd, 4318934.543, 121
Trd, 4318934.843, 117
Trd, 4318935.143, 123
Trd, 4318937.143, 135
Trd, 4318938.043, 129
Trd, 4318938.593, 132
Trd, 4318939.143, 120
Trd, 4318939.893, 138
Trd, 4318940.243, 124
Trd, 4318940.493, 140
Trd, 4318940.643, 82
Trd, 4318943.443, 125
Trd, 4318943.593, 128
Trd, 4318944.543, 126
Trd, 4318945.843, 114
Trd, 4318946.293, 123
Trd, 4318947.243, 126
Trd, 4318947.893, 140
Trd, 4318947.993, 138
Trd, 4318948.193, 120
Trd, 4318950.193, 140
Trd, 4318951.343, 140
Trd, 4318951.943, 138
Trd, 4318952.293, 133
Trd, 4318952.493, 127
Trd, 4318952.843, 106
Trd, 4318953.443, 104
Trd, 4318954.243, 139
Trd, 4318955.093, 130
Trd, 4318955.793, 127
Trd, 4318955.893, 105
Trd, 4318958.293, 135
Trd, 4318958.743, 135
Trd, 4318960.343, 138
Trd, 4318961.443, 136
Trd, 4318961.943, 140
Trd, 4318963.043, 135
Trd, 4318964.243, 134
Trd, 4318964.493, 115
Trd, 4318965.343, 140
Trd, 4318966.443, 129
Trd, 4318966.643, 116
Trd, 4318967.343, 108
Trd, 4318967.943, 130
Trd, 4318968.143, 106
Trd, 4318969.193, 131
Trd, 4318969.593, 105
Trd, 4318970.493, 140
Trd, 4318971.393, 103
Trd, 4318972.493, 137
Trd, 4318972.893, 121
Trd, 4318973.093, 118
Trd, 4318973.593, 104
Trd, 4318974.293, 95
Trd, 4318974.943, 111
Trd, 4318974.993, 120
Trd, 4318977.743, 133
Trd, 4318979.193, 140
Trd, 4318979.443, 140
Trd, 4318979.993, 134
Trd, 4318980.643, 121
Trd, 4318981.943, 140
Trd, 4318983.243, 135
Trd, 4318984.193, 131
Trd, 4318984.443, 131
Trd, 4318986.193, 139
Trd, 4318986.493, 129
Trd, 4318987.293, 136
Trd, 4318987.593, 132
Trd, 4318987.943, 140
Trd, 4318988.493, 128
Trd, 4318989.693, 118
Trd, 4318990.493, 77
Trd, 4318992.693, 138
Trd, 4318992.893, 119
Trd, 4318993.643, 98
Trd, 4318994.293, 77
Trd, 4318994.743, 139
Trd, 4318995.243, 128
Trd, 4318996.043, 104
Trd, 4318997.193, 78
Trd, 4318998.093, 110
Trd, 4318998.143, 101
Trd, 4318998.443, 98
Trd, 4318999.343, 94
Trd, 4318999.643, 89
Trd, 4318999.793, 101
Trd, 4318999.893, 112
Trd, 4319000.293, 95
Trd, 4319003.193, 66
Trd, 4319005.293, 65
Trd, 4319005.393, 66
Trd, 4319005.543, 72
Trd, 4319006.593, 139
Trd, 4319007.593, 101
Trd, 4319008.543, 112
Trd, 4319009.593, 140
Trd, 4319009.743, 140
Trd, 4319010.393, 127
Trd, 4319010.893, 129
Trd, 4319010.943, 125
Trd, 4319012.743, 115
Trd, 4319013.543, 120
Trd, 4319015.043, 140
Trd, 4319016.093, 139
Trd, 4319016.543, 134
Trd, 4319016.593, 129
Trd, 4319017.093, 138
Trd, 4319017.243, 127
Trd, 4319017.743, 109
Trd, 4319018.543, 140
Trd, 4319018.793, 135
Trd, 4319021.043, 83
Trd, 4319021.293, 79
Trd, 4319022.093, 113
Trd, 4319024.793, 79
Trd, 4319024.993, 85
Trd, 4319025.593, 140
Trd, 4319025.793, 105
Trd, 4319026.693, 107
Trd, 4319027.393, 78
Trd, 4319028.243, 135
Trd, 4319030.043, 90
Trd, 4319030.893, 86
Trd, 4319031.743, 83
Trd, 4319031.993, 96
Trd, 4319032.243, 109
Trd, 4319034.093, 137
Trd, 4319034.543, 134
Trd, 4319035.193, 126
Trd, 4319035.393, 122
Trd, 4319037.643, 93
Trd, 4319038.143, 129
Trd, 4319039.393, 124
Trd, 4319039.943, 114
Trd, 4319040.593, 126
Trd, 4319040.693, 122
Trd, 4319040.943, 122
Trd, 4319041.193, 113
Trd, 4319041.293, 110
Trd, 4319042.543, 108
Trd, 4319042.743, 106
Trd, 4319044.343, 121
Trd, 4319044.493, 114
Trd, 4319044.743, 66
Trd, 4319045.393, 130
Trd, 4319045.843, 61
Trd, 4319046.393, 113
Trd, 4319047.843, 96
Trd, 4319048.143, 93
Trd, 4319048.743, 88
Trd, 4319049.893, 110
Trd, 4319052.043, 136
Trd, 4319052.193, 102
Trd, 4319053.143, 107
Trd, 4319054.693, 81
Trd, 4319055.343, 115
Trd, 4319055.843, 105
Trd, 4319056.343, 70
Trd, 4319059.143, 108
Trd, 4319059.493, 125
Trd, 4319060.393, 85
Trd, 4319060.493, 116
Trd, 4319060.843, 89
Trd, 4319060.943, 83
Trd, 4319062.393, 132
Trd, 4319062.493, 106
Trd, 4319064.743, 135
Trd, 4319065.343, 134
Trd, 4319065.393, 121
Trd, 4319065.443, 104
Trd, 4319067.543, 140
Trd, 4319068.043, 128
Trd, 4319068.943, 108
Trd, 4319069.743, 128
Trd, 4319070.993, 111
Trd, 4319071.593, 127
Trd, 4319072.193, 92
Trd, 4319072.393, 85
Trd, 4319072.793, 138
Trd, 4319073.493, 134
Trd, 4319074.643, 82
Trd, 4319075.043, 82
Trd, 4319075.543, 78
Trd, 4319076.843, 130
Trd, 4319077.993, 100
Trd, 4319078.743, 96
Trd, 4319079.243, 104
Trd, 4319080.093, 123
Trd, 4319080.693, 95
Trd, 4319081.193, 95
Trd, 4319082.193, 118
Trd, 4319083.093, 95
Trd, 4319084.343, 134
Trd, 4319085.193, 140
Trd, 4319085.343, 140
Trd, 4319086.343, 140
Trd, 4319087.343, 131
Trd, 4319088.593, 139
Trd, 4319089.093, 127
Trd, 4319089.443, 140
Trd, 4319090.693, 121
Trd, 4319091.193, 126
Trd, 4319092.293, 119
Trd, 4319092.843, 134
Trd, 4319093.643, 125
Trd, 4319093.693, 124
Trd, 4319093.843, 121
Trd, 4319094.493, 114
Trd, 4319095.143, 89
Trd, 4319096.343, 130
Trd, 4319097.843, 122
Trd, 4319097.893, 121
Trd, 4319098.143, 128
Trd, 4319100.593, 136
Trd, 4319101.293, 92
Trd, 4319102.093, 63
Trd, 4319102.393, 62
Trd, 4319103.093, 110
Trd, 4319103.493, 101
Trd, 4319104.093, 106
Trd, 4319105.693, 140
Trd, 4319106.593, 134
Trd, 4319107.543, 140
Trd, 4319107.943, 131
Trd, 4319108.643, 116
Trd, 4319109.543, 91
Trd, 4319110.343, 90
Trd, 4319112.643, 119
Trd, 4319113.093, 125
Trd, 4319113.143, 126
Trd, 4319113.743, 117
Trd, 4319113.943, 113
Trd, 4319116.893, 140
Trd, 4319116.993, 140
Trd, 4319117.443, 125
Trd, 4319117.543, 118
Trd, 4319118.993, 140
Trd, 4319119.243, 131
Trd, 4319120.143, 132
Trd, 4319120.393, 140
Trd, 4319121.793, 138
Trd, 4319121.993, 133
Trd, 4319122.443, 131
Trd, 4319122.743, 140
Trd, 4319122.993, 125
Trd, 4319123.193, 125
Trd, 4319125.543, 96
Trd, 4319126.043, 121
Trd, 4319126.343, 120
Trd, 4319127.143, 107
Trd, 4319127.593, 93
Trd, 4319128.943, 140
Trd, 4319130.043, 139
Trd, 4319130.193, 71
Trd, 4319130.893, 98
Trd, 4319133.393, 86
Trd, 4319133.693, 88
Trd, 4319133.943, 120
Trd, 4319134.593, 87
Trd, 4319137.093, 82
Trd, 4319137.343, 100
Trd, 4319137.493, 70
Trd, 4319137.893, 101
Trd, 4319138.443, 79
Trd, 4319140.193, 88
Trd, 4319140.293, 89
Trd, 4319142.343, 118
Trd, 4319143.143, 136
Trd, 4319143.843, 134
Trd, 4319145.843, 122
Trd, 4319146.093, 125
Trd, 4319146.343, 130
Trd, 4319146.543, 121
Trd, 4319148.293, 140
Trd, 4319148.693, 110
Trd, 4319150.093, 103
Trd, 4319150.643, 97
Trd, 4319150.793, 132
Trd, 4319151.193, 128
Trd, 4319151.993, 113
Trd, 4319152.393, 105
Trd, 4319152.543, 85
Trd, 4319153.343, 85
Trd, 4319153.743, 86
Trd, 4319154.643, 110
Trd, 4319155.693, 139
Trd, 4319156.493, 118
Trd, 4319157.393, 118
Trd, 4319157.543, 105
Trd, 4319158.843, 121
Trd, 4319159.393, 112
Trd, 4319159.893, 108
Trd, 4319160.243, 129
Trd, 4319161.493, 136
Trd, 4319162.843, 128
Trd, 4319163.043, 115
Trd, 4319163.393, 92
Trd, 4319164.393, 103
Trd, 4319165.443, 103
Trd, 4319166.293, 140
Trd, 4319166.643, 99
Trd, 4319167.643, 140
Trd, 4319167.893, 140
Trd, 4319169.093, 104
Trd, 4319169.143, 121
Trd, 4319171.293, 100
Trd, 4319171.343, 99
Trd, 4319172.143, 113
Trd, 4319172.743, 118
Trd, 4319173.843, 93
Trd, 4319174.393, 89
Trd, 4319174.643, 82
Trd, 4319175.343, 121
Trd, 4319175.843, 86
Trd, 4319176.993, 87
Trd, 4319177.293, 84
Trd, 4319177.593, 136
Trd, 4319178.193, 108
Trd, 4319180.043, 80
Trd, 4319180.843, 69
Trd, 4319180.943, 83
Trd, 4319184.143, 137
Trd, 4319185.043, 132
Trd, 4319185.293, 139
Trd, 4319185.793, 124
Trd, 4319186.043, 113
Trd, 4319186.243, 89
Trd, 4319186.893, 128
Trd, 4319187.043, 127
Trd, 4319187.293, 109
Trd, 4319189.293, 139
Trd, 4319190.543, 137
Trd, 4319190.593, 90
Trd, 4319192.293, 124
Trd, 4319192.593, 123
Trd, 4319193.343, 140
Trd, 4319193.643, 137
Trd, 4319194.993, 127
Trd, 4319195.643, 134
Trd, 4319195.743, 131
Trd, 4319196.643, 117
Trd, 4319197.193, 80
Trd, 4319198.193, 125
Trd, 4319199.193, 135
Trd, 4319199.543, 124
Trd, 4319199.843, 124
Trd, 4319200.393, 113
Trd, 4319201.543, 75
Trd, 4319202.743, 110
Trd, 4319203.543, 140
Trd, 4319203.743, 97
Trd, 4319205.493, 139
Trd, 4319206.343, 134
Trd, 4319206.743, 136
Trd, 4319206.943, 111
Trd, 4319207.743, 129
Trd, 4319208.193, 124
Trd, 4319208.943, 131
Trd, 4319209.343, 101
Trd, 4319209.393, 123
Trd, 4319211.043, 106
Trd, 4319213.043, 140
Trd, 4319213.143, 140
Trd, 4319213.243, 125
Trd, 4319214.193, 140
Trd, 4319214.793, 140
Trd, 4319216.793, 121
Trd, 4319217.243, 115
Trd, 4319217.793, 114
Trd, 4319218.693, 114
Trd, 4319219.143, 113
Trd, 4319219.793, 140
Trd, 4319220.293, 140
Trd, 4319220.743, 91
Trd, 4319222.743, 127
Trd, 4319223.943, 129
Trd, 4319224.193, 134
Trd, 4319225.293, 115
Trd, 4319226.043, 129
Trd, 4319226.543, 115
Trd, 4319226.943, 107
Trd, 4319227.443, 74
Trd, 4319229.193, 82
Trd, 4319229.543, 131
Trd, 4319230.793, 137
Trd, 4319230.943, 125
Trd, 4319232.143, 137
Trd, 4319233.193, 126
Trd, 4319233.793, 116
Trd, 4319234.443, 107
Trd, 4319234.593, 106
Trd, 4319234.893, 72
Trd, 4319235.843, 78
Trd, 4319236.293, 82
Trd, 4319236.993, 140
Trd, 4319238.043, 111
Trd, 4319239.893, 102
Trd, 4319240.543, 140
Trd, 4319240.793, 133
Trd, 4319241.343, 98
Trd, 4319241.543, 95
Trd, 4319242.893, 111
Trd, 4319242.993, 110
Trd, 4319243.493, 122
Trd, 4319243.543, 116
Trd, 4319244.693, 140
Trd, 4319244.743, 125
Trd, 4319245.843, 67
Trd, 4319246.693, 118
Trd, 4319247.143, 110
Trd, 4319247.343, 113
Trd, 4319247.693, 96
Trd, 4319247.993, 76
Trd, 4319250.243, 134
Trd, 4319250.493, 124
Trd, 4319251.293, 107
Trd, 4319251.643, 131
Trd, 4319252.243, 126
Trd, 4319252.793, 108
Trd, 4319253.693, 105
Trd, 4319256.893, 123
Trd, 4319257.393, 124
Trd, 4319257.543, 108
Trd, 4319257.943, 73
Trd, 4319258.543, 95
Trd, 4319258.643, 113
Trd, 4319259.793, 116
Trd, 4319261.143, 134
Trd, 4319261.493, 88
Trd, 4319261.643, 140
Trd, 4319263.393, 86
Trd, 4319263.493, 111
Trd, 4319263.993, 95
Trd, 4319265.143, 103
Trd, 4319265.293, 118
Trd, 4319266.593, 111
Trd, 4319266.993, 100
Trd, 4319268.443, 98
Trd, 4319269.443, 136
Trd, 4319270.593, 100
Trd, 4319270.893, 101
Trd, 4319270.943, 106
Trd, 4319271.843, 133
Trd, 4319272.293, 116
Trd, 4319273.943, 116
Trd, 4319274.343, 112
Trd, 4319274.593, 135
Trd, 4319274.893, 106
Trd, 4319276.093, 122
Trd, 4319276.943, 130
Trd, 4319277.843, 75
Trd, 4319278.593, 97
Trd, 4319281.043, 105
Trd, 4319281.193, 114
Trd, 4319282.293, 92
Trd, 4319282.343, 129
Trd, 4319283.093, 119
Trd, 4319283.793, 69
Trd, 4319284.043, 98
Trd, 4319286.043, 139
Trd, 4319286.293, 138
Trd, 4319286.593, 133
Trd, 4319287.143, 137
Trd, 4319287.593, 114
Trd, 4319288.993, 140
Trd, 4319289.243, 139
Trd, 4319289.393, 106
Trd, 4319290.593, 126
Trd, 4319290.793, 125
Trd, 4319291.893, 121
Trd, 4319293.643, 85
Trd, 4319294.493, 89
Trd, 4319295.343, 88
Trd, 4319296.593, 131
Trd, 4319296.693, 108
Trd, 4319296.843, 139
Trd, 4319299.893, 134
Trd, 4319300.693, 137
Trd, 4319300.793, 134
Trd, 4319300.893, 129
Trd, 4319301.643, 135
Trd, 4319301.693, 122
Trd, 4319302.893, 114
Trd, 4319302.993, 112
Trd, 4319303.493, 74
Trd, 4319303.543, 94
Trd, 4319303.993, 78
Trd, 4319304.043, 102
Trd, 4319304.893, 140
Trd, 4319305.193, 126
Trd, 4319305.993, 104
Trd, 4319306.893, 60
Trd, 4319309.093, 140
Trd, 4319309.993, 136
Trd, 4319310.093, 120
Trd, 4319310.593, 85
Trd, 4319311.943, 87
Trd, 4319312.343, 122
Trd, 4319313.043, 83
Trd, 4319313.193, 108
Trd, 4319314.393, 117
Trd, 4319315.493, 116
Trd, 4319315.993, 140
Trd, 4319317.193, 128
Trd, 4319317.243, 115
Trd, 4319320.193, 125
Trd, 4319320.293, 116
Trd, 4319320.893, 140
Trd, 4319320.943, 100
Trd, 4319321.193, 100
Trd, 4319321.393, 96
Trd, 4319322.143, 91
Trd, 4319322.243, 137
Trd, 4319322.543, 138
Trd, 4319323.093, 139
Trd, 4319324.243, 111
Trd, 4319324.843, 102
Trd, 4319325.493, 131
Trd, 4319326.593, 126
Trd, 4319328.143, 96
Trd, 4319328.443, 95
Trd, 4319328.793, 79
Trd, 4319329.493, 75
Trd, 4319330.493, 123
Trd, 4319330.893, 140
Trd, 4319332.843, 138
Trd, 4319333.293, 139
Trd, 4319333.393, 132
Trd, 4319335.943, 140
Trd, 4319336.043, 140
Trd, 4319336.093, 125
Trd, 4319336.643, 134
Trd, 4319336.843, 124
Trd, 4319338.293, 103
Trd, 4319339.043, 102
Trd, 4319339.243, 66
Trd, 4319340.193, 114
Trd, 4319340.943, 132
Trd, 4319341.943, 86
Trd, 4319342.743, 93
Trd, 4319343.443, 113
Trd, 4319343.643, 134
Trd, 4319343.993, 100
Trd, 4319344.493, 90
Trd, 4319345.393, 121
Trd, 4319347.493, 140
Trd, 4319348.043, 135
Trd, 4319348.443, 134
Trd, 4319349.043, 128
Trd, 4319349.143, 93
Trd, 4319349.893, 86
Trd, 4319350.243, 82
Trd, 4319350.893, 123
Trd, 4319351.393, 113
Trd, 4319351.543, 97
Trd, 4319352.643, 133
Trd, 4319352.893, 74
Trd, 4319354.493, 99
Trd, 4319354.843, 137
Trd, 4319356.993, 108
Trd, 4319357.643, 124
Trd, 4319357.693, 127
Trd, 4319357.943, 110
Trd, 4319359.143, 137
Trd, 4319360.193, 137
Trd, 4319360.243, 131
Trd, 4319360.743, 138
Trd, 4319361.093, 108
Trd, 4319361.543, 140
Trd, 4319361.893, 89
Trd, 4319363.843, 125
Trd, 4319364.043, 121
Trd, 4319364.393, 81
Trd, 4319365.093, 140
Trd, 4319366.543, 119
Trd, 4319367.093, 112
Trd, 4319368.293, 137
Trd, 4319369.093, 140
Trd, 4319370.393, 140
Trd, 4319370.843, 113
Trd, 4319371.943, 121
Trd, 4319371.993, 83
Trd, 4319372.743, 118
Trd, 4319373.043, 115
Trd, 4319373.843, 77
Trd, 4319376.243, 140
Trd, 4319376.893, 140
Trd, 4319377.243, 124
Trd, 4319377.643, 121
Trd, 4319378.543, 140
Trd, 4319378.593, 140
Trd, 4319379.293, 133
Trd, 4319379.343, 129
Trd, 4319380.793, 124
Trd, 4319381.243, 132
Trd, 4319381.793, 138
Trd, 4319382.293, 140
Trd, 4319384.293, 123
Trd, 4319384.743, 113
Trd, 4319385.993, 125
Trd, 4319386.193, 127
Trd, 4319386.343, 113
Trd, 4319386.943, 112
Trd, 4319387.093, 109
Trd, 4319388.493, 136
Trd, 4319390.393, 124
Trd, 4319392.793, 139
Trd, 4319392.843, 134
Trd, 4319393.193, 131
Trd, 4319393.393, 125
Trd, 4319394.193, 133
Trd, 4319394.443, 113
Trd, 4319394.993, 119
Trd, 4319395.443, 104
Trd, 4319396.143, 122
Trd, 4319396.443, 96
Trd, 4319398.493, 139
Trd, 4319398.643, 138
Trd, 4319399.093, 113
Trd, 4319401.093, 140
Trd, 4319401.343, 128
Trd, 4319402.493, 124
Trd, 4319403.143, 107
Trd, 4319404.343, 112
Trd, 4319404.743, 113
Trd, 4319405.493, 104
Trd, 4319406.343, 93
Trd, 4319406.493, 107
Trd, 4319407.443, 94
Trd, 4319408.143, 93
Trd, 4319408.193, 103
Trd, 4319408.943, 104
Trd, 4319411.093, 123
Trd, 4319412.493, 116
Trd, 4319412.743, 110
Trd, 4319412.893, 110
Trd, 4319413.393, 140
Trd, 4319413.593, 137
Trd, 4319413.893, 109
Trd, 4319414.643, 69
Trd, 4319416.093, 115
Trd, 4319417.043, 123
Trd, 4319419.743, 140
Trd, 4319420.093, 139
Trd, 4319420.193, 133
Trd, 4319420.343, 126
Trd, 4319423.093, 133
Trd, 4319423.193, 128
Trd, 4319423.843, 102
Trd, 4319424.493, 127
Trd, 4319425.043, 104
Trd, 4319425.693, 130
Trd, 4319426.593, 100
Trd, 4319427.493, 106
Trd, 4319428.993, 128
Trd, 4319429.893, 112
Trd, 4319431.193, 123
Trd, 4319432.493, 113
Trd, 4319433.293, 138
Trd, 4319433.343, 126
Trd, 4319433.443, 109
Trd, 4319433.943, 105
Trd, 4319434.793, 140
Trd, 4319435.493, 132
Trd, 4319436.243, 133
Trd, 4319436.493, 127
Trd, 4319437.343, 102
Trd, 4319438.093, 132
Trd, 4319438.643, 90
Trd, 4319439.243, 73
Trd, 4319439.293, 105
Trd, 4319439.393, 106
Trd, 4319439.493, 77
Trd, 4319441.293, 139
Trd, 4319441.793, 129
Trd, 4319442.143, 97
Trd, 4319443.943, 81
Trd, 4319444.343, 87
Trd, 4319445.343, 93
Trd, 4319447.043, 126
Trd, 4319447.093, 122
Trd, 4319447.593, 125
Trd, 4319448.443, 122
Trd, 4319449.593, 140
Trd, 4319449.793, 131
Trd, 4319450.143, 71
Trd, 4319451.143, 68
Trd, 4319451.693, 70
Trd, 4319451.993, 131
Trd, 4319453.193, 140
Trd, 4319453.443, 139
Trd, 4319453.693, 125
Trd, 4319454.543, 121
Trd, 4319454.793, 111
Trd, 4319454.943, 108
Trd, 4319456.043, 108
Trd, 4319456.893, 104
Trd, 4319457.643, 80
Trd, 4319457.943, 140
Trd, 4319459.093, 108
Trd, 4319461.343, 132
Trd, 4319461.743, 128
Trd, 4319462.043, 131
Trd, 4319462.493, 124
Trd, 4319463.243, 108
Trd, 4319464.143, 81
Trd, 4319464.193, 118
Trd, 4319464.743, 74
Trd, 4319466.893, 130
Trd, 4319466.993, 112
Trd, 4319467.093, 108
Trd, 4319467.493, 106
Trd, 4319467.993, 117
Trd, 4319468.293, 99
Trd, 4319469.143, 130
Trd, 4319469.793, 129
Trd, 4319469.943, 126
Trd, 4319471.243, 102
Trd, 4319472.143, 127
Trd, 4319472.243, 120
Trd, 4319472.593, 131
Trd, 4319473.243, 132
Trd, 4319475.193, 73
Trd, 4319476.643, 69
Trd, 4319476.743, 74
Trd, 4319477.193, 77
Trd, 4319478.943, 139
Trd, 4319480.043, 124
Trd, 4319480.693, 138
Trd, 4319481.343, 111
Trd, 4319482.043, 134
Trd, 4319482.893, 110
Trd, 4319483.243, 101
Trd, 4319483.943, 83
Trd, 4319486.443, 81
Trd, 4319488.543, 97
Trd, 4319489.393, 127
Trd, 4319489.543, 122
Trd, 4319489.643, 114
Trd, 4319490.193, 127
Trd, 4319490.843, 85
Trd, 4319491.393, 109
Trd, 4319491.693, 121
Trd, 4319491.893, 99
Trd, 4319492.293, 97
Trd, 4319494.043, 140
Trd, 4319494.293, 140
Trd, 4319494.793, 93
Trd, 4319495.343, 109
Trd, 4319495.793, 83
Trd, 4319497.343, 98
Trd, 4319497.543, 92
Trd, 4319497.993, 105
Trd, 4319498.443, 137
Trd, 4319500.993, 69
Trd, 4319501.043, 67
Trd, 4319501.193, 92
Trd, 4319501.793, 115
Trd, 4319502.193, 78
Trd, 4319502.493, 115
Trd, 4319502.843, 135
Trd, 4319503.593, 102
Trd, 4319503.993, 99
Trd, 4319504.943, 86
Trd, 4319505.143, 83
Trd, 4319505.943, 126
Trd, 4319506.993, 139
Trd, 4319508.193, 113
Trd, 4319508.393, 89
Trd, 4319509.843, 93
Trd, 4319510.143, 63
Trd, 4319512.193, 98
Trd, 4319512.993, 106
Trd, 4319513.243, 89
Trd, 4319514.043, 80
Trd, 4319514.443, 79
Trd, 4319514.593, 73
Trd, 4319514.893, 107
Trd, 4319515.943, 84
Trd, 4319516.893, 78
Trd, 4319517.393, 79
Trd, 4319518.043, 99
Trd, 4319519.943, 107
Trd, 4319520.393, 92
Trd, 4319520.743, 137
Trd, 4319521.043, 125
Trd, 4319522.143, 112
Trd, 4319522.543, 109
Trd, 4319523.043, 84
Trd, 4319525.093, 140
Trd, 4319526.443, 137
Trd, 4319526.493, 136
Trd, 4319526.593, 131
Trd, 4319527.293, 123
Trd, 4319527.993, 125
Trd, 4319528.193, 125
Trd, 4319529.893, 138
Trd, 4319530.043, 133
Trd, 4319531.293, 92
Trd, 4319532.093, 66
Trd, 4319532.643, 140
Trd, 4319533.193, 102
Trd, 4319535.093, 103
Trd, 4319536.493, 71
Trd, 4319536.793, 77
Trd, 4319537.943, 67
Trd, 4319538.093, 121
Trd, 4319538.593, 106
Trd, 4319540.243, 136
Trd, 4319541.243, 131
Trd, 4319541.643, 130
Trd, 4319542.243, 129
Trd, 4319543.493, 133
Trd, 4319543.543, 128
Trd, 4319543.893, 128
Trd, 4319544.843, 135
Trd, 4319545.893, 124
Trd, 4319546.243, 136
Trd, 4319546.693, 110
Trd, 4319547.443, 140
Trd, 4319548.393, 130
Trd, 4319549.943, 116
Trd, 4319550.743, 100
Trd, 4319552.793, 140
Trd, 4319553.493, 139
Trd, 4319554.593, 129
Trd, 4319555.693, 99
Trd, 4319555.793, 92
Trd, 4319556.043, 137
Trd, 4319556.743, 136
Trd, 4319557.343, 140
Trd, 4319557.843, 119
Trd, 4319558.843, 68
Trd, 4319559.143, 86
Trd, 4319560.443, 88
Trd, 4319560.543, 95
Trd, 4319561.543, 91
Trd, 4319562.343, 128
Trd, 4319563.393, 140
Trd, 4319564.043, 134
Trd, 4319564.093, 117
Trd, 4319564.743, 140
Trd, 4319565.993, 108
Trd, 4319567.243, 111
Trd, 4319567.593, 118
Trd, 4319567.793, 115
Trd, 4319568.843, 87
Trd, 4319570.743, 91
Trd, 4319570.943, 99
Trd, 4319571.643, 130
Trd, 4319572.143, 129
Trd, 4319572.393, 116
Trd, 4319572.893, 134
Trd, 4319574.093, 93
Trd, 4319576.093, 139
Trd, 4319577.193, 136
Trd, 4319577.543, 131
Trd, 4319578.193, 72
Trd, 4319578.843, 75
Trd, 4319578.943, 77
Trd, 4319580.043, 134
Trd, 4319581.143, 140
Trd, 4319581.243, 131
Trd, 4319582.043, 124
Trd, 4319582.493, 127
Trd, 4319583.243, 113
Trd, 4319585.543, 127
Trd, 4319586.943, 139
Trd, 4319587.693, 133
Trd, 4319587.993, 117
Trd, 4319588.243, 103
Trd, 4319588.793, 133
Trd, 4319589.143, 95
Trd, 4319589.243, 86
Trd, 4319590.043, 122
Trd, 4319590.943, 140
Trd, 4319592.243, 136
Trd, 4319594.643, 139
Trd, 4319594.993, 139
Trd, 4319595.493, 140
Trd, 4319595.743, 124
Trd, 4319596.643, 121
Trd, 4319597.693, 129
Trd, 4319598.193, 125
Trd, 4319598.843, 140
Trd, 4319599.493, 127
Trd, 4319599.543, 116
Trd, 4319600.143, 137
Trd, 4319601.243, 114
Trd, 4319602.643, 103
Trd, 4319602.993, 130
Trd, 4319604.593, 126
Trd, 4319607.993, 139
Trd, 4319608.293, 132
Trd, 4319608.943, 139
Trd, 4319609.093, 139
Trd, 4319609.193, 125
Trd, 4319609.543, 122
Trd, 4319610.993, 140
Trd, 4319611.193, 139
Trd, 4319612.143, 134
Trd, 4319612.993, 134
Trd, 4319613.843, 139
Trd, 4319615.043, 134
Trd, 4319615.393, 103
Trd, 4319616.343, 95
Trd, 4319616.543, 117
Trd, 4319617.393, 99
Trd, 4319618.993, 117
Trd, 4319619.543, 134
Trd, 4319620.693, 137
Trd, 4319620.943, 128
Trd, 4319621.843, 107
Trd, 4319623.593, 120
Trd, 4319623.993, 132
Trd, 4319625.293, 140
Trd, 4319625.543, 106
Trd, 4319627.043, 140
Trd, 4319627.593, 140
Trd, 4319628.243, 134
Trd, 4319628.943, 139
Trd, 4319630.193, 103
Trd, 4319630.943, 138
Trd, 4319631.493, 130
Trd, 4319631.793, 133
Trd, 4319632.343, 140
Trd, 4319633.193, 97
Trd, 4319634.143, 122
Trd, 4319634.493, 120
Trd, 4319634.593, 119
Trd, 4319635.793, 92
Trd, 4319637.493, 98
Trd, 4319637.593, 119
Trd, 4319638.243, 123
Trd, 4319639.043, 118
Trd, 4319639.593, 117
Trd, 4319640.043, 132
Trd, 4319640.293, 116
Trd, 4319640.593, 111
Trd, 4319640.743, 101
Trd, 4319641.643, 132
Trd, 4319642.643, 113
Trd, 4319643.093, 110
Trd, 4319644.193, 97
Trd, 4319644.343, 92
Trd, 4319646.243, 133
Trd, 4319646.343, 139
Trd, 4319648.093, 119
Trd, 4319648.243, 116
Trd, 4319648.843, 132
Trd, 4319649.243, 100
Trd, 4319650.043, 74
Trd, 4319651.943, 94
Trd, 4319651.993, 129
Trd, 4319652.793, 134
Trd, 4319654.593, 97
Trd, 4319654.893, 95
Trd, 4319655.493, 84
Trd, 4319655.643, 76
Trd, 4319656.843, 121
Trd, 4319657.243, 119
Trd, 4319658.843, 129
Trd, 4319659.443, 128
Trd, 4319660.193, 106
Trd, 4319661.043, 87
Trd, 4319661.393, 111
Trd, 4319661.943, 139
Trd, 4319663.093, 98
Trd, 4319664.293, 128
Trd, 4319665.893, 121
Trd, 4319666.343, 123
Trd, 4319668.043, 140
Trd, 4319668.143, 137
Trd, 4319669.193, 95
Trd, 4319669.243, 118
Trd, 4319669.693, 125
Trd, 4319669.843, 94
Trd, 4319671.043, 61
Trd, 4319671.193, 66
Trd, 4319672.793, 112
Trd, 4319674.143, 91
Trd, 4319675.443, 109
Trd, 4319675.543, 108
Trd, 4319676.643, 95
Trd, 4319676.793, 86
Trd, 4319677.793, 140
Trd, 4319678.093, 140
Trd, 4319678.543, 132
Trd, 4319680.893, 109
Trd, 4319681.193, 105
Trd, 4319681.393, 105
Trd, 4319682.043, 99
Trd, 4319682.693, 84
Trd, 4319683.043, 95
Trd, 4319683.593, 115
Trd, 4319684.243, 106
Trd, 4319684.893, 97
Trd, 4319685.143, 96
Trd, 4319686.493, 139
Trd, 4319686.993, 138
Trd, 4319687.293, 129
Trd, 4319687.543, 109
Trd, 4319687.843, 100
Trd, 4319688.043, 116
Trd, 4319690.843, 140
Trd, 4319691.493, 139
Trd, 4319692.943, 140
Trd, 4319693.393, 137
Trd, 4319694.193, 128
Trd, 4319694.693, 120
Trd, 4319695.893, 123
Trd, 4319696.743, 97
Trd, 4319697.793, 84
Trd, 4319698.093, 121
Trd, 4319698.193, 80
Trd, 4319700.143, 76
Trd, 4319701.193, 89
Trd, 4319701.493, 65
Trd, 4319701.993, 99
Trd, 4319704.343, 102
Trd, 4319704.793, 131
Trd, 4319704.843, 98
Trd, 4319706.443, 123
Trd, 4319707.793, 117
Trd, 4319708.043, 126
Trd, 4319710.043, 109
Trd, 4319710.443, 128
Trd, 4319710.843, 111
Trd, 4319711.043, 123
Trd, 4319713.943, 114
Trd, 4319714.443, 112
Trd, 4319714.493, 122
Trd, 4319715.493, 128
Trd, 4319716.893, 118
Trd, 4319717.693, 124
Trd, 4319718.393, 116
Trd, 4319718.643, 114
Trd, 4319718.693, 105
Trd, 4319719.243, 137
Trd, 4319720.093, 126
Trd, 4319720.843, 102
Trd, 4319721.643, 122
Trd, 4319722.143, 139
Trd, 4319722.593, 110
Trd, 4319723.343, 85
Trd, 4319725.493, 133
Trd, 4319727.293, 139
Trd, 4319727.343, 132
Trd, 4319728.693, 136
Trd, 4319728.893, 124
Trd, 4319729.043, 121
Trd, 4319729.443, 76
Trd, 4319730.043, 80
Trd, 4319730.493, 72
Trd, 4319731.143, 90
Trd, 4319731.343, 90
Trd, 4319732.143, 92
Trd, 4319733.193, 81
Trd, 4319733.343, 87
Trd, 4319733.593, 90
Trd, 4319735.293, 140
Trd, 4319736.693, 140
Trd, 4319737.443, 140
Trd, 4319738.093, 139
Trd, 4319738.143, 107
Trd, 4319738.843, 102
Trd, 4319739.093, 135
Trd, 4319741.193, 140
Trd, 4319741.543, 134
Trd, 4319742.593, 140
Trd, 4319742.793, 137
Trd, 4319743.943, 133
Trd, 4319744.643, 128
Trd, 4319744.693, 103
Trd, 4319746.193, 132
Trd, 4319746.943, 105
Trd, 4319747.143, 95
Trd, 4319747.693, 99
Trd, 4319748.343, 79
Trd, 4319749.843, 111
Trd, 4319750.343, 82
Trd, 4319751.243, 140
Trd, 4319751.893, 112
Trd, 4319752.293, 101
Trd, 4319753.693, 140
Trd, 4319754.743, 131
Trd, 4319755.543, 99
Trd, 4319756.193, 96
Trd, 4319756.643, 96
Trd, 4319756.793, 103
Trd, 4319757.793, 74
Trd, 4319759.393, 140
Trd, 4319759.943, 117
Trd, 4319760.293, 120
Trd, 4319760.643, 130
Trd, 4319760.993, 119
Trd, 4319762.243, 106
Trd, 4319762.743, 121
Trd, 4319763.343, 139
Trd, 4319764.243, 129
Trd, 4319764.643, 121
Trd, 4319764.843, 114
Trd, 4319765.743, 96
Trd, 4319766.343, 95
Trd, 4319767.643, 93
Trd, 4319768.543, 124
Trd, 4319770.643, 85
Trd, 4319770.843, 105
Trd, 4319771.243, 82
Trd, 4319771.393, 80
Trd, 4319771.543, 64
Trd, 4319772.293, 133
Trd, 4319774.593, 136
Trd, 4319775.143, 138
Trd, 4319775.593, 139
Trd, 4319775.693, 126
Trd, 4319776.143, 116
Trd, 4319776.243, 112
Trd, 4319777.093, 132
Trd, 4319777.693, 140
Trd, 4319780.393, 140
Trd, 4319780.443, 139
Trd, 4319780.693, 140
Trd, 4319780.993, 138
Trd, 4319781.543, 129
Trd, 4319781.793, 98
Trd, 4319782.143, 110
Trd, 4319782.593, 92
Trd, 4319783.893, 109
Trd, 4319784.143, 102
Trd, 4319784.943, 127
Trd, 4319785.393, 123
Trd, 4319786.993, 140
Trd, 4319787.493, 71
Trd, 4319787.843, 111
Trd, 4319788.643, 93
Trd, 4319790.143, 104
Trd, 4319792.493, 127
Trd, 4319792.693, 119
Trd, 4319793.743, 140
Trd, 4319794.043, 139
Trd, 4319795.543, 125
Trd, 4319796.043, 131
Trd, 4319796.393, 128
Trd, 4319796.443, 121
Trd, 4319797.093, 73
Trd, 4319798.443, 76
Trd, 4319798.493, 92
Trd, 4319799.443, 72
Trd, 4319799.843, 64
Trd, 4319800.543, 97
Trd, 4319801.193, 64
Trd, 4319803.093, 140
Trd, 4319803.793, 139
Trd, 4319804.543, 133
Trd, 4319805.543, 128
Trd, 4319806.393, 119
Trd, 4319806.793, 130
Trd, 4319806.993, 114
Trd, 4319807.443, 113
Trd, 4319807.793, 124
Trd, 4319807.943, 111
Trd, 4319809.593, 140
Trd, 4319809.743, 110
Trd, 4319810.343, 140
Trd, 4319813.593, 101
Trd, 4319814.043, 85
Trd, 4319814.543, 140
Trd, 4319815.243, 139
Trd, 4319815.293, 134
Trd, 4319816.893, 131
Trd, 4319817.543, 134
Trd, 4319817.943, 112
Trd, 4319818.643, 90
Trd, 4319819.943, 88
Trd, 4319820.843, 140
Trd, 4319821.193, 84
Trd, 4319822.143, 120
Trd, 4319822.943, 111
Trd, 4319823.093, 109
Trd, 4319824.243, 130
Trd, 4319825.693, 121
Trd, 4319826.143, 126
Trd, 4319826.743, 134
Trd, 4319826.793, 121
Trd, 4319828.243, 124
Trd, 4319828.943, 135
Trd, 4319829.193, 124
Trd, 4319829.443, 122
Trd, 4319829.993, 85
Trd, 4319830.243, 108
Trd, 4319831.843, 99
Trd, 4319832.943, 101
Trd, 4319833.593, 125
Trd, 4319834.693, 67
Trd, 4319834.793, 79
Trd, 4319835.393, 127
Trd, 4319837.293, 120
Trd, 4319839.293, 121
Trd, 4319839.393, 113
Trd, 4319839.493, 112
Trd, 4319840.993, 126
Trd, 4319841.093, 103
Trd, 4319841.593, 112
Trd, 4319842.193, 131
Trd, 4319842.793, 128
Trd, 4319844.743, 123
Trd, 4319844.843, 119
Trd, 4319845.143, 108
Trd, 4319845.793, 135
Trd, 4319846.843, 130
Trd, 4319848.043, 93
Trd, 4319848.293, 92
Trd, 4319849.193, 140
Trd, 4319850.343, 77
Trd, 4319850.843, 67
Trd, 4319851.243, 96
Trd, 4319852.243, 137
Trd, 4319852.843, 69
Trd, 4319854.193, 126
Trd, 4319856.593, 126
Trd, 4319857.393, 116
Trd, 4319857.993, 140
Trd, 4319858.393, 134
Trd, 4319859.093, 117
Trd, 4319859.793, 98
Trd, 4319860.693, 110
Trd, 4319861.393, 111
Trd, 4319862.643, 86
Trd, 4319863.193, 131
Trd, 4319863.743, 79
Trd, 4319863.893, 132
Trd, 4319865.093, 139
Trd, 4319865.393, 129
Trd, 4319866.493, 118
Trd, 4319866.593, 117
Trd, 4319867.193, 97
Trd, 4319869.443, 111
Trd, 4319869.493, 110
Trd, 4319869.543, 103
Trd, 4319870.143, 98
Trd, 4319870.943, 67
Trd, 4319873.943, 140
Trd, 4319874.893, 140
Trd, 4319875.493, 129
Trd, 4319876.043, 131
Trd, 4319876.193, 129
Trd, 4319876.793, 133
Trd, 4319878.843, 113
Trd, 4319879.243, 102
Trd, 4319879.693, 102
Trd, 4319880.093, 101
Trd, 4319880.743, 123
Trd, 4319881.743, 116
Trd, 4319883.043, 81
Trd, 4319883.643, 99
Trd, 4319883.793, 102
Trd, 4319884.893, 126
Trd, 4319885.193, 79
Trd, 4319885.643, 92
Trd, 4319887.393, 122
Trd, 4319887.543, 117
Trd, 4319888.093, 128
Trd, 4319888.443, 114
Trd, 4319890.543, 140
Trd, 4319890.893, 140
Trd, 4319891.843, 119
Trd, 4319893.793, 125
Trd, 4319894.343, 130
Trd, 4319894.743, 131
Trd, 4319895.043, 131
Trd, 4319895.193, 124
Trd, 4319896.293, 110
Trd, 4319896.393, 140
Trd, 4319897.143, 117
Trd, 4319898.993, 102
Trd, 4319901.043, 129
Trd, 4319901.693, 131
Trd, 4319902.093, 120
Trd, 4319903.193, 100
Trd, 4319903.243, 124
Trd, 4319903.443, 126
Trd, 4319903.893, 135
Trd, 4319904.693, 123
Trd, 4319905.193, 89
Trd, 4319905.843, 67
Trd, 4319906.443, 119
Trd, 4319906.793, 103
Trd, 4319907.443, 127
Trd, 4319907.543, 130
Trd, 4319908.343, 123
Trd, 4319908.693, 77
Trd, 4319910.693, 93
Trd, 4319911.743, 132
Trd, 4319912.693, 79
Trd, 4319912.893, 111
Trd, 4319914.043, 79
Trd, 4319914.743, 139
Trd, 4319914.993, 138
Trd, 4319915.693, 137
Trd, 4319917.443, 137
Trd, 4319917.493, 126
Trd, 4319917.543, 115
Trd, 4319918.243, 109
Trd, 4319920.343, 117
Trd, 4319922.443, 136
Trd, 4319923.093, 125
Trd, 4319923.193, 116
Trd, 4319924.043, 113
Trd, 4319924.443, 139
Trd, 4319924.843, 128
Trd, 4319926.043, 103
Trd, 4319926.443, 88
Trd, 4319927.143, 101
Trd, 4319928.393, 137
Trd, 4319930.193, 114
Trd, 4319930.243, 115
Trd, 4319930.943, 114
Trd, 4319931.193, 113
Trd, 4319933.193, 140
Trd, 4319933.393, 123
Trd, 4319935.093, 118
Trd, 4319935.293, 120
Trd, 4319937.043, 119
Trd, 4319937.593, 107
Trd, 4319938.843, 118
Trd, 4319940.193, 137
Trd, 4319941.093, 126
Trd, 4319941.743, 122
Trd, 4319942.743, 132
Trd, 4319943.343, 118
Trd, 4319943.793, 121
Trd, 4319944.043, 113
Trd, 4319944.243, 130
Trd, 4319946.643, 94
Trd, 4319947.093, 99
Trd, 4319947.693, 139
Trd, 4319949.443, 134
Trd, 4319949.643, 133
Trd, 4319950.093, 128
Trd, 4319950.343, 119
Trd, 4319951.043, 139
Trd, 4319952.493, 140
Trd, 4319952.793, 132
Trd, 4319953.043, 128
Trd, 4319954.543, 137
Trd, 4319956.043, 119
Trd, 4319956.143, 116
Trd, 4319957.443, 113
Trd, 4319957.593, 111
Trd, 4319957.743, 99
Trd, 4319958.793, 120
Trd, 4319959.093, 130
Trd, 4319959.793, 97
Trd, 4319959.943, 131
Trd, 4319960.643, 88
Trd, 4319961.693, 94
Trd, 4319963.643, 85
Trd, 4319964.043, 122
Trd, 4319964.243, 111
Trd, 4319965.543, 120
Trd, 4319966.693, 140
Trd, 4319967.093, 117
Trd, 4319967.743, 127
Trd, 4319968.393, 104
Trd, 4319969.093, 97
Trd, 4319969.443, 88
Trd, 4319970.143, 92
Trd, 4319971.393, 137
Trd, 4319972.743, 73
Trd, 4319973.093, 100
Trd, 4319974.893, 88
Trd, 4319974.993, 109
Trd, 4319975.343, 137
Trd, 4319976.143, 97
Trd, 4319977.043, 130
Trd, 4319977.393, 97
Trd, 4319978.243, 140
Trd, 4319979.293, 138
Trd, 4319979.393, 134
Trd, 4319979.443, 120
Trd, 4319980.993, 119
Trd, 4319981.293, 63
Trd, 4319981.643, 121
Trd, 4319982.093, 117
Trd, 4319982.543, 119
Trd, 4319982.643, 81
Trd, 4319984.993, 119
Trd, 4319985.243, 118
Trd, 4319985.943, 118
Trd, 4319986.693, 107
Trd, 4319987.143, 136
Trd, 4319987.243, 110
Trd, 4319988.293, 88
Trd, 4319989.643, 124
Trd, 4319990.193, 96
Trd, 4319991.443, 107
Trd, 4319991.993, 114
Trd, 4319992.193, 107
Trd, 4319992.243, 104
Trd, 4319992.893, 104
Trd, 4319995.093, 130
Trd, 4319995.893, 124
Trd, 4319996.393, 119
Trd, 4319996.443, 129
Trd, 4319996.993, 119
Trd, 4319997.293, 110
Trd, 4319997.443, 108
Trd, 4319999.643, 103
